Time,Stock,Brd,Price,Qty,BT,BC,SC,ST
15:13:45,TLKM,RG,3960,3,D,EP,CC,D
15:13:45,TLKM,RG,3960,2,D,EP,ZP,F
15:13:44,TLKM,RG,3960,12,D,EP,XA,D
15:13:35,TLKM,RG,3960,1,D,EP,ZP,F
15:13:32,TLKM,RG,3960,10,D,EP,CC,D
15:13:31,TLKM,RG,3960,7,D,EP,ZP,F
15:13:31,TLKM,RG,3960,53,D,EP,CC,D
15:13:31,TLKM,RG,3960,1,D,XL,CC,D
15:13:31,TLKM,RG,3960,8,D,XC,CC,D
15:12:28,TLKM,RG,3960,2,D,XC,DR,D
15:11:11,TLKM,RG,3960,3,D,XC,XC,D
15:10:58,TLKM,RG,3960,1,D,XC,ZP,F
15:10:58,TLKM,RG,3960,1,D,XC,ZP,F
15:10:57,TLKM,RG,3960,1,D,XC,ZP,F
15:10:57,TLKM,RG,3960,1,D,XC,ZP,F
15:10:57,TLKM,RG,3960,1,D,PD,ZP,F
15:10:57,TLKM,RG,3960,1,D,YB,ZP,F
15:10:56,TLKM,RG,3960,1,D,YB,ZP,F
15:10:56,TLKM,RG,3960,1,D,NI,ZP,F
15:10:56,TLKM,RG,3960,10,D,CC,ZP,F
15:10:56,TLKM,RG,3960,6,D,CC,ZP,F
15:10:56,TLKM,RG,3960,3,D,CC,ZP,F
15:10:56,TLKM,RG,3960,21,D,CC,CC,D
15:10:56,TLKM,RG,3960,2,D,CC,CC,D
15:10:56,TLKM,RG,3960,1,D,XL,CC,D
15:10:56,TLKM,RG,3960,15,D,PD,CC,D
15:10:56,TLKM,RG,3960,1,D,XC,CC,D
15:10:56,TLKM,RG,3960,1,D,PD,CC,D
15:10:56,TLKM,RG,3960,4,D,YP,CC,D
15:10:56,TLKM,RG,3960,1,D,EP,CC,D
15:10:56,TLKM,RG,3960,1,D,XC,CC,D
15:10:56,TLKM,RG,3960,1,D,PD,CC,D
15:10:56,TLKM,RG,3960,3,D,KK,CC,D
15:10:56,TLKM,RG,3960,3,D,OD,CC,D
15:10:56,TLKM,RG,3960,3,D,XL,CC,D
15:10:56,TLKM,RG,3960,3,D,PD,CC,D
15:10:56,TLKM,RG,3960,4,D,YP,CC,D
15:10:56,TLKM,RG,3960,3,D,XL,CC,D
15:10:56,TLKM,RG,3960,5,D,XC,CC,D
15:10:56,TLKM,RG,3960,2,D,XC,CC,D
15:10:56,TLKM,RG,3960,2,D,XC,CC,D
15:10:56,TLKM,RG,3960,1,D,XC,CC,D
15:10:56,TLKM,RG,3960,5,D,XC,CC,D
15:10:56,TLKM,RG,3960,1,D,XC,CC,D
15:10:56,TLKM,RG,3960,1,D,XC,CC,D
15:10:56,TLKM,RG,3960,1,D,XC,CC,D
15:10:56,TLKM,RG,3960,30,D,XC,CC,D
15:10:56,TLKM,RG,3960,1,D,XC,CC,D
15:10:56,TLKM,RG,3960,5,D,XC,CC,D
15:10:56,TLKM,RG,3960,50,D,XC,CC,D
15:10:56,TLKM,RG,3960,2,D,XC,CC,D
15:10:56,TLKM,RG,3960,5,D,XC,CC,D
15:10:56,TLKM,RG,3960,7,D,XC,CC,D
15:10:56,TLKM,RG,3960,2,D,XC,CC,D
15:10:56,TLKM,RG,3960,11,D,XC,CC,D
15:10:56,TLKM,RG,3960,1,D,NI,CC,D
15:10:56,TLKM,RG,3960,10,D,EP,CC,D
15:10:56,TLKM,RG,3960,2,D,EP,CC,D
15:10:56,TLKM,RG,3960,1,D,PD,CC,D
15:10:56,TLKM,RG,3960,10,D,PD,CC,D
15:10:56,TLKM,RG,3960,1,D,PD,CC,D
15:10:56,TLKM,RG,3960,17,D,PD,CC,D
15:10:33,TLKM,RG,3960,2,D,PD,CC,D
15:10:16,TLKM,RG,3960,1,D,PD,ZP,F
15:10:16,TLKM,RG,3960,10,D,ZP,CC,D
15:10:09,TLKM,RG,3960,1,D,AZ,XC,D
15:09:56,TLKM,RG,3960,1,D,XL,ZP,F
15:09:55,TLKM,RG,3960,2,D,SQ,YP,D
15:09:55,TLKM,RG,3960,8,D,YP,YP,D
15:09:46,TLKM,RG,3960,1,D,YP,ZP,F
15:09:46,TLKM,RG,3960,10,D,YP,XC,D
15:09:30,TLKM,RG,3960,1,D,YP,ZP,F
15:09:30,TLKM,RG,3960,1,D,YP,PD,D
15:09:17,TLKM,RG,3960,1,D,YP,PD,D
15:08:46,TLKM,RG,3960,2,D,YP,ZP,F
15:08:45,TLKM,RG,3960,1,D,YP,YP,D
15:08:45,TLKM,RG,3960,2,D,YP,YP,D
15:08:45,TLKM,RG,3960,5,D,YP,YP,D
15:08:45,TLKM,RG,3960,3,D,XC,YP,D
15:08:45,TLKM,RG,3960,14,D,CC,YP,D
15:08:40,TLKM,RG,3960,1,D,CC,ZP,F
15:08:40,TLKM,RG,3960,7,D,CC,XC,D
15:08:31,TLKM,RG,3960,1,D,CC,YB,D
15:08:25,TLKM,RG,3960,1,D,CC,ZP,F
15:08:25,TLKM,RG,3960,2,D,CC,XC,D
15:08:24,TLKM,RG,3960,2,D,CC,AZ,D
15:08:14,TLKM,RG,3960,2,D,CC,CC,D
15:08:04,TLKM,RG,3960,1,D,PD,YB,D
15:08:04,TLKM,RG,3960,1,D,DH,YB,D
15:07:42,TLKM,RG,3960,1,F,BK,ZP,F
15:07:42,TLKM,RG,3960,3,F,BK,YP,D
15:07:29,TLKM,RG,3960,1,F,BK,ZP,F
15:07:29,TLKM,RG,3960,12,F,BK,XL,D
15:07:09,TLKM,RG,3960,3,F,BK,ZP,F
15:07:09,TLKM,RG,3960,8,F,BK,ZP,F
15:07:08,TLKM,RG,3960,2,F,BK,ZP,F
15:07:08,TLKM,RG,3960,100,F,BK,CC,D
15:07:08,TLKM,RG,3960,14,F,BK,XL,D
15:07:00,TLKM,RG,3960,5,F,BK,NI,D
15:06:35,TLKM,RG,3960,1,F,BK,ZP,F
15:06:35,TLKM,RG,3960,5,F,BK,CC,D
15:06:24,TLKM,RG,3960,1,F,BK,ZP,F
15:06:24,TLKM,RG,3960,10,F,BK,YP,D
15:06:10,TLKM,RG,3960,3,F,BK,ZP,F
15:06:09,TLKM,RG,3960,25,F,BK,DR,D
15:06:04,TLKM,RG,3960,1,F,BK,ZP,F
15:06:03,TLKM,RG,3960,10,F,BK,ZP,F
15:06:03,TLKM,RG,3960,100,F,BK,ZP,F
15:06:03,TLKM,RG,3960,1000,F,BK,NI,D
15:05:58,TLKM,RG,3960,4,F,BK,DR,D
15:05:45,TLKM,RG,3960,1,F,BK,ZP,F
15:05:45,TLKM,RG,3960,5,F,BK,DR,D
15:05:44,TLKM,RG,3960,1,F,BK,ZP,F
15:05:44,TLKM,RG,3960,10,F,BK,YP,D
15:05:33,TLKM,RG,3960,1,F,BK,ZP,F
15:05:33,TLKM,RG,3960,10,F,BK,DR,D
15:05:30,TLKM,RG,3960,1,F,BK,CC,D
15:05:29,TLKM,RG,3960,4,F,BK,ZP,F
15:05:28,TLKM,RG,3960,32,F,BK,ZP,F
15:05:28,TLKM,RG,3960,324,F,BK,PD,D
15:05:15,TLKM,RG,3960,1,F,BK,DR,D
15:05:10,TLKM,RG,3960,1,F,BK,ZP,F
15:05:10,TLKM,RG,3960,10,F,BK,XL,D
15:05:10,TLKM,RG,3960,1,F,BK,YB,D
15:05:00,TLKM,RG,3960,1,F,BK,ZP,F
15:05:00,TLKM,RG,3960,2,F,BK,CC,D
15:04:50,TLKM,RG,3960,4,F,BK,ZP,F
15:04:50,TLKM,RG,3960,40,F,BK,ZP,F
15:04:50,TLKM,RG,3960,400,F,BK,KK,D
15:04:43,TLKM,RG,3960,3,F,BK,XC,D
15:04:37,TLKM,RG,3960,1,F,BK,ZP,F
15:04:36,TLKM,RG,3960,2,F,BK,ZP,F
15:04:36,TLKM,RG,3960,23,F,BK,ZP,F
15:04:36,TLKM,RG,3960,230,F,BK,ZP,F
15:04:35,TLKM,RG,3960,1397,F,BK,ZP,F
15:04:35,TLKM,RG,3960,907,F,BK,ZP,F
15:04:35,TLKM,RG,3960,850,F,BK,SQ,D
15:04:35,TLKM,RG,3960,3149,F,BK,SQ,D
15:04:35,TLKM,RG,3960,3201,F,BK,SQ,D
15:04:35,TLKM,RG,3960,350,F,BK,SQ,D
15:04:35,TLKM,RG,3960,500,F,BK,SQ,D
15:04:35,TLKM,RG,3960,855,F,BK,SQ,D
15:04:35,TLKM,RG,3960,45,F,BK,SQ,D
15:04:35,TLKM,RG,3960,4861,F,BK,SQ,D
15:04:35,TLKM,RG,3960,1639,F,BK,SQ,D
15:04:35,TLKM,RG,3960,900,F,BK,SQ,D
15:04:35,TLKM,RG,3960,2367,F,BK,SQ,D
15:04:35,TLKM,RG,3960,2633,F,BK,SQ,D
15:04:35,TLKM,RG,3960,40,F,BK,SQ,D
15:04:35,TLKM,RG,3960,1650,F,BK,SQ,D
15:04:29,TLKM,RG,3960,1,F,BK,ZP,F
15:04:29,TLKM,RG,3960,5,F,BK,YP,D
15:04:23,TLKM,RG,3960,2,F,BK,XC,D
15:04:18,TLKM,RG,3960,1,F,BK,OD,D
15:04:12,TLKM,RG,3960,1,F,BK,XC,D
15:04:09,TLKM,RG,3960,1,F,BK,ZP,F
15:04:08,TLKM,RG,3960,3,F,BK,ZP,F
15:04:08,TLKM,RG,3960,30,F,BK,YP,D
15:04:01,TLKM,RG,3960,8,F,BK,ZP,F
15:03:59,TLKM,RG,3960,75,F,BK,YP,D
15:03:22,TLKM,RG,3960,3,F,BK,EP,D
15:03:06,TLKM,RG,3960,1,F,BK,ZP,F
15:03:06,TLKM,RG,3960,5,F,BK,YP,D
15:03:01,TLKM,RG,3960,1,F,BK,ZP,F
15:03:01,TLKM,RG,3960,11,F,BK,SQ,D
15:02:58,TLKM,RG,3960,1,F,BK,XC,D
15:02:57,TLKM,RG,3960,2,F,BK,YP,D
15:02:54,TLKM,RG,3960,1,F,BK,ZP,F
15:02:53,TLKM,RG,3960,7,F,BK,PD,D
15:02:52,TLKM,RG,3960,1,F,BK,YB,D
15:02:40,TLKM,RG,3960,1,F,BK,ZP,F
15:02:39,TLKM,RG,3960,2,F,BK,XC,D
15:02:29,TLKM,RG,3960,2,F,BK,KK,D
15:02:26,TLKM,RG,3960,5,F,BK,PD,D
15:02:24,TLKM,RG,3960,1,F,BK,ZP,F
15:02:23,TLKM,RG,3960,3,F,BK,ZP,F
15:02:23,TLKM,RG,3960,30,F,BK,YJ,D
15:02:12,TLKM,RG,3960,3,F,BK,ZP,F
15:02:12,TLKM,RG,3960,30,F,BK,YJ,D
15:02:05,TLKM,RG,3960,3,F,BK,CC,D
15:02:05,TLKM,RG,3960,1,F,BK,ZP,F
15:02:05,TLKM,RG,3960,3,F,BK,PD,D
15:02:04,TLKM,RG,3960,1,F,BK,ZP,F
15:02:04,TLKM,RG,3960,15,F,BK,ZP,F
15:02:04,TLKM,RG,3960,150,F,BK,YP,D
15:02:02,TLKM,RG,3960,1,F,BK,ZP,F
15:02:02,TLKM,RG,3960,3,F,BK,ZP,F
15:02:02,TLKM,RG,3960,5,F,BK,ZP,F
15:02:01,TLKM,RG,3960,30,F,BK,YJ,D
15:02:01,TLKM,RG,3960,45,F,BK,OD,D
15:02:00,TLKM,RG,3960,1,F,BK,ZP,F
15:02:00,TLKM,RG,3960,8,F,BK,ZP,F
15:02:00,TLKM,RG,3960,80,F,BK,DR,D
15:02:00,TLKM,RG,3960,8,F,BK,DR,D
15:01:57,TLKM,RG,3960,1,F,BK,ZP,F
15:01:57,TLKM,RG,3960,6,F,BK,XC,D
15:01:56,TLKM,RG,3960,2,F,BK,YP,D
15:01:56,TLKM,RG,3960,1,F,BK,ZP,F
15:01:55,TLKM,RG,3960,6,F,BK,ZP,F
15:01:55,TLKM,RG,3960,60,F,BK,YB,D
15:01:52,TLKM,RG,3960,2,F,BK,KK,D
15:01:47,TLKM,RG,3960,1,F,BK,ZP,F
15:01:47,TLKM,RG,3960,10,F,BK,ZP,F
15:01:46,TLKM,RG,3960,100,F,BK,KK,D
15:01:45,TLKM,RG,3960,1,F,BK,ZP,F
15:01:45,TLKM,RG,3960,3,F,BK,XC,D
15:01:36,TLKM,RG,3960,2,F,BK,ZP,F
15:01:36,TLKM,RG,3960,20,F,BK,ZP,F
15:01:36,TLKM,RG,3960,200,F,BK,YP,D
15:01:35,TLKM,RG,3960,1,F,BK,ZP,F
15:01:34,TLKM,RG,3960,10,F,BK,ZP,F
15:01:34,TLKM,RG,3960,100,F,BK,YP,D
15:01:32,TLKM,RG,3960,2,F,BK,XC,D
15:01:26,TLKM,RG,3960,1,F,BK,ZP,F
15:01:26,TLKM,RG,3960,5,F,BK,ZP,F
15:01:26,TLKM,RG,3960,1,F,BK,NI,D
15:01:26,TLKM,RG,3960,50,F,BK,CC,D
15:01:24,TLKM,RG,3960,1,F,BK,ZP,F
15:01:24,TLKM,RG,3960,7,F,BK,CC,D
15:01:07,TLKM,RG,3960,3,F,BK,ZP,F
15:01:07,TLKM,RG,3960,24,F,BK,ZP,F
15:01:07,TLKM,RG,3960,3,F,BK,PD,D
15:01:06,TLKM,RG,3960,28,F,BK,ZP,F
15:01:01,TLKM,RG,3960,216,F,BK,ZP,F
15:01:00,TLKM,RG,3960,11,F,BK,XC,D
15:01:00,TLKM,RG,3960,1,F,BK,XC,D
15:01:00,TLKM,RG,3960,60,F,BK,YB,D
15:01:00,TLKM,RG,3960,200,F,BK,YB,D
15:01:00,TLKM,RG,3960,6,F,BK,PD,D
15:01:00,TLKM,RG,3960,2,F,BK,PD,D
15:00:00,TLKM,RG,3960,2,F,BK,PD,D
15:00:00,TLKM,RG,3960,3035,F,BK,ZP,F
15:00:00,TLKM,RG,3960,11,F,BK,XA,D
15:00:00,TLKM,RG,3960,12,F,BK,XL,D
15:00:00,TLKM,RG,3960,1,F,BK,PD,D
15:00:00,TLKM,RG,3960,5,F,BK,LG,D
15:00:00,TLKM,RG,3960,685,F,BK,ZP,F
15:00:00,TLKM,RG,3960,4906,F,BK,ZP,F
15:00:00,TLKM,RG,3960,2,D,PD,ZP,F
15:00:00,TLKM,RG,3960,30,D,YP,ZP,F
15:00:00,TLKM,RG,3960,1,D,XC,ZP,F
15:00:00,TLKM,RG,3960,1,D,PD,ZP,F
15:00:00,TLKM,RG,3960,10,D,KK,ZP,F
15:00:00,TLKM,RG,3960,1,D,YP,ZP,F
15:00:00,TLKM,RG,3960,1,D,YP,ZP,F
15:00:00,TLKM,RG,3960,2,D,XC,ZP,F
15:00:00,TLKM,RG,3960,5,D,CC,ZP,F
15:00:00,TLKM,RG,3960,1,D,YP,ZP,F
15:00:00,TLKM,RG,3960,5,D,XC,ZP,F
15:00:00,TLKM,RG,3960,100,D,GR,ZP,F
15:00:00,TLKM,RG,3960,10,D,YP,ZP,F
15:00:00,TLKM,RG,3960,1,D,LG,ZP,F
15:00:00,TLKM,RG,3960,1,D,XC,ZP,F
15:00:00,TLKM,RG,3960,1,D,YP,ZP,F
15:00:00,TLKM,RG,3960,5,D,NI,ZP,F
15:00:00,TLKM,RG,3960,10,D,DR,ZP,F
15:00:00,TLKM,RG,3960,30,D,PD,ZP,F
15:00:00,TLKM,RG,3960,1,D,NI,ZP,F
15:00:00,TLKM,RG,3960,1,D,PD,ZP,F
15:00:00,TLKM,RG,3960,1,D,YP,ZP,F
15:00:00,TLKM,RG,3960,10,D,XL,ZP,F
15:00:00,TLKM,RG,3960,1,D,YP,ZP,F
15:00:00,TLKM,RG,3960,90,D,PD,ZP,F
15:00:00,TLKM,RG,3960,10,D,CC,ZP,F
15:00:00,TLKM,RG,3960,33,D,AZ,ZP,F
15:00:00,TLKM,RG,3960,3,D,AZ,LG,D
15:00:00,TLKM,RG,3960,3,D,AZ,KK,D
15:00:00,TLKM,RG,3960,1,D,AZ,PD,D
15:00:00,TLKM,RG,3960,3,D,AZ,CC,D
15:00:00,TLKM,RG,3960,20,D,AZ,YP,D
15:00:00,TLKM,RG,3960,37,D,AZ,ZP,F
15:00:00,TLKM,RG,3960,10,D,SQ,ZP,F
15:00:00,TLKM,RG,3960,1,D,XC,ZP,F
15:00:00,TLKM,RG,3960,2,D,XC,ZP,F
15:00:00,TLKM,RG,3960,2,D,XL,ZP,F
15:00:00,TLKM,RG,3960,3,D,CC,ZP,F
15:00:00,TLKM,RG,3960,1,D,NI,ZP,F
15:00:00,TLKM,RG,3960,10,D,YP,ZP,F
15:00:00,TLKM,RG,3960,10,D,YP,ZP,F
15:00:00,TLKM,RG,3960,1,D,YP,ZP,F
15:00:00,TLKM,RG,3960,15,D,YP,ZP,F
15:00:00,TLKM,RG,3960,1,D,OD,ZP,F
15:00:00,TLKM,RG,3960,5,D,YJ,ZP,F
15:00:00,TLKM,RG,3960,1,D,YP,ZP,F
15:00:00,TLKM,RG,3960,2,D,CC,ZP,F
15:00:00,TLKM,RG,3960,10,D,KK,ZP,F
15:00:00,TLKM,RG,3960,1,D,NI,ZP,F
15:00:00,TLKM,RG,3960,1,D,XC,ZP,F
15:00:00,TLKM,RG,3960,1,D,XC,ZP,F
15:00:00,TLKM,RG,3960,2,D,XC,ZP,F
15:00:00,TLKM,RG,3960,3,D,XC,ZP,F
15:00:00,TLKM,RG,3960,2,D,AT,ZP,F
15:00:00,TLKM,RG,3960,3,D,NI,ZP,F
15:00:00,TLKM,RG,3960,1,D,PD,ZP,F
15:00:00,TLKM,RG,3960,5,D,YP,ZP,F
15:00:00,TLKM,RG,3960,1,D,AZ,ZP,F
15:00:00,TLKM,RG,3960,1,D,XC,ZP,F
15:00:00,TLKM,RG,3960,1,D,XC,ZP,F
15:00:00,TLKM,RG,3960,1,D,XC,ZP,F
15:00:00,TLKM,RG,3960,2,D,NI,ZP,F
15:00:00,TLKM,RG,3960,500,D,YP,ZP,F
15:00:00,TLKM,RG,3960,1,D,PD,ZP,F
15:00:00,TLKM,RG,3960,3,D,PD,ZP,F
15:00:00,TLKM,RG,3960,1,D,KK,ZP,F
15:00:00,TLKM,RG,3960,1,D,NI,ZP,F
15:00:00,TLKM,RG,3960,10,D,YP,ZP,F
15:00:00,TLKM,RG,3960,100,D,KK,ZP,F
15:00:00,TLKM,RG,3960,5,D,TP,ZP,F
15:00:00,TLKM,RG,3960,5,D,SQ,ZP,F
15:00:00,TLKM,RG,3960,1,D,XC,ZP,F
15:00:00,TLKM,RG,3960,5,D,XL,ZP,F
15:00:00,TLKM,RG,3960,1,D,XC,ZP,F
15:00:00,TLKM,RG,3960,10,D,PD,ZP,F
15:00:00,TLKM,RG,3960,1000,D,AZ,ZP,F
15:00:00,TLKM,RG,3960,5,D,YP,ZP,F
15:00:00,TLKM,RG,3960,1,D,SQ,ZP,F
15:00:00,TLKM,RG,3960,1000,D,AZ,ZP,F
15:00:00,TLKM,RG,3960,1,D,XC,ZP,F
15:00:00,TLKM,RG,3960,5,D,YP,ZP,F
15:00:00,TLKM,RG,3960,1,D,XL,ZP,F
15:00:00,TLKM,RG,3960,1,D,XL,ZP,F
15:00:00,TLKM,RG,3960,1,D,PD,ZP,F
15:00:00,TLKM,RG,3960,1,D,XC,ZP,F
15:00:00,TLKM,RG,3960,4,D,PD,ZP,F
15:00:00,TLKM,RG,3960,1,D,XC,ZP,F
15:00:00,TLKM,RG,3960,1,D,EP,ZP,F
15:00:00,TLKM,RG,3960,2,D,YP,ZP,F
15:00:00,TLKM,RG,3960,2,D,XC,ZP,F
15:00:00,TLKM,RG,3960,1,D,PD,ZP,F
15:00:00,TLKM,RG,3960,10,D,PD,ZP,F
15:00:00,TLKM,RG,3960,46,D,EP,ZP,F
15:00:00,TLKM,RG,3960,1,D,EP,YP,D
15:00:00,TLKM,RG,3960,5,D,EP,KK,D
15:00:00,TLKM,RG,3960,298,D,EP,ZP,F
15:00:00,TLKM,RG,3960,24,D,KK,ZP,F
15:00:00,TLKM,RG,3960,1,D,XC,ZP,F
15:00:00,TLKM,RG,3960,1,D,XL,ZP,F
15:00:00,TLKM,RG,3960,1,D,PD,ZP,F
15:00:00,TLKM,RG,3960,10,D,PD,ZP,F
15:00:00,TLKM,RG,3960,2,D,YP,ZP,F
15:00:00,TLKM,RG,3960,20,D,XC,ZP,F
15:00:00,TLKM,RG,3960,15,D,YP,ZP,F
15:00:00,TLKM,RG,3960,1,D,YB,ZP,F
15:00:00,TLKM,RG,3960,1,D,XC,ZP,F
15:00:00,TLKM,RG,3960,1,D,XC,ZP,F
15:00:00,TLKM,RG,3960,1,D,XC,ZP,F
15:00:00,TLKM,RG,3960,8,D,XC,ZP,F
15:00:00,TLKM,RG,3960,1,D,GR,ZP,F
15:00:00,TLKM,RG,3960,1,D,XL,ZP,F
15:00:00,TLKM,RG,3960,1,D,SQ,ZP,F
15:00:00,TLKM,RG,3960,13,D,NI,ZP,F
15:00:00,TLKM,RG,3960,1,D,PD,ZP,F
15:00:00,TLKM,RG,3960,1,D,PD,ZP,F
15:00:00,TLKM,RG,3960,10,D,AT,ZP,F
15:00:00,TLKM,RG,3960,1,D,YU,ZP,F
15:00:00,TLKM,RG,3960,50,D,SQ,ZP,F
15:00:00,TLKM,RG,3960,10,D,XC,ZP,F
15:00:00,TLKM,RG,3960,1,D,LG,ZP,F
15:00:00,TLKM,RG,3960,1,D,PD,ZP,F
15:00:00,TLKM,RG,3960,1,D,PD,ZP,F
15:00:00,TLKM,RG,3960,1,D,YP,ZP,F
15:00:00,TLKM,RG,3960,2,D,PD,ZP,F
15:00:00,TLKM,RG,3960,1,D,DX,ZP,F
15:00:00,TLKM,RG,3960,30,D,NI,ZP,F
15:00:00,TLKM,RG,3960,5,D,GR,ZP,F
15:00:00,TLKM,RG,3960,3,D,KK,ZP,F
15:00:00,TLKM,RG,3960,2,D,PD,ZP,F
15:00:00,TLKM,RG,3960,2,D,PD,ZP,F
15:00:00,TLKM,RG,3960,5,D,XC,ZP,F
15:00:00,TLKM,RG,3960,10,D,CC,ZP,F
15:00:00,TLKM,RG,3960,1,D,XC,ZP,F
15:00:00,TLKM,RG,3960,200,D,NI,ZP,F
15:00:00,TLKM,RG,3960,4,D,DR,ZP,F
15:00:00,TLKM,RG,3960,100,D,XA,ZP,F
15:00:00,TLKM,RG,3960,25,D,YP,ZP,F
15:00:00,TLKM,RG,3960,10,D,CC,ZP,F
15:00:00,TLKM,RG,3960,5,D,YP,ZP,F
15:00:00,TLKM,RG,3960,1,D,XC,ZP,F
15:00:00,TLKM,RG,3960,1,D,XC,ZP,F
15:00:00,TLKM,RG,3960,1,D,YP,ZP,F
15:00:00,TLKM,RG,3960,10,D,PD,ZP,F
15:00:00,TLKM,RG,3960,5,D,DH,ZP,F
15:00:00,TLKM,RG,3960,1,D,CC,ZP,F
15:00:00,TLKM,RG,3960,5,D,EP,ZP,F
15:00:00,TLKM,RG,3960,20,D,PD,ZP,F
15:00:00,TLKM,RG,3960,5,D,PD,ZP,F
15:00:00,TLKM,RG,3960,1,D,PD,ZP,F
15:00:00,TLKM,RG,3960,5,D,YP,ZP,F
15:00:00,TLKM,RG,3960,1,D,XC,ZP,F
15:00:00,TLKM,RG,3960,1,D,NI,ZP,F
15:00:00,TLKM,RG,3960,1,D,KK,ZP,F
15:00:00,TLKM,RG,3960,1,D,XC,ZP,F
15:00:00,TLKM,RG,3960,10,D,XC,ZP,F
15:00:00,TLKM,RG,3960,29,D,XC,ZP,F
15:00:00,TLKM,RG,3960,5,D,AT,ZP,F
15:00:00,TLKM,RG,3960,2,D,XC,ZP,F
15:00:00,TLKM,RG,3960,3,D,XL,ZP,F
15:00:00,TLKM,RG,3960,10,D,XL,ZP,F
15:00:00,TLKM,RG,3960,1,D,XC,ZP,F
15:00:00,TLKM,RG,3960,1,D,PD,ZP,F
15:00:00,TLKM,RG,3960,4544,D,GR,ZP,F
15:00:00,TLKM,RG,3960,20,D,GR,PD,D
15:00:00,TLKM,RG,3960,15436,D,GR,ZP,F
15:00:00,TLKM,RG,3960,1,D,ZP,ZP,F
15:00:00,TLKM,RG,3960,1,D,XC,ZP,F
15:00:00,TLKM,RG,3960,20,D,YP,ZP,F
15:00:00,TLKM,RG,3960,16,D,PD,ZP,F
15:00:00,TLKM,RG,3960,1,D,YP,ZP,F
15:00:00,TLKM,RG,3960,1,D,YP,ZP,F
15:00:00,TLKM,RG,3960,3,D,PD,ZP,F
15:00:00,TLKM,RG,3960,3,D,PD,ZP,F
15:00:00,TLKM,RG,3960,5,D,PD,ZP,F
15:00:00,TLKM,RG,3960,5,D,PD,ZP,F
15:00:00,TLKM,RG,3960,10,D,SQ,ZP,F
15:00:00,TLKM,RG,3960,20,D,PD,ZP,F
15:00:00,TLKM,RG,3960,5,D,PD,ZP,F
15:00:00,TLKM,RG,3960,25,D,NI,ZP,F
15:00:00,TLKM,RG,3960,3,D,PD,ZP,F
15:00:00,TLKM,RG,3960,20,D,SQ,ZP,F
15:00:00,TLKM,RG,3960,1,D,PD,ZP,F
15:00:00,TLKM,RG,3960,1000,D,YP,ZP,F
15:00:00,TLKM,RG,3960,77,D,YP,ZP,F
15:00:00,TLKM,RG,3960,2,D,XC,ZP,F
15:00:00,TLKM,RG,3960,3,D,XC,ZP,F
15:00:00,TLKM,RG,3960,5,D,NI,ZP,F
15:00:00,TLKM,RG,3960,110,D,PD,ZP,F
15:00:00,TLKM,RG,3960,25,D,YP,ZP,F
15:00:00,TLKM,RG,3960,20,D,BQ,ZP,F
15:00:00,TLKM,RG,3960,1,D,SQ,ZP,F
15:00:00,TLKM,RG,3960,5,D,XC,ZP,F
15:00:00,TLKM,RG,3960,2,D,XC,ZP,F
15:00:00,TLKM,RG,3960,2,D,XC,ZP,F
15:00:00,TLKM,RG,3960,150,D,GR,ZP,F
15:00:00,TLKM,RG,3960,1,D,YB,ZP,F
15:00:00,TLKM,RG,3960,10,D,XL,ZP,F
15:00:00,TLKM,RG,3960,2,D,PD,ZP,F
15:00:00,TLKM,RG,3960,3,D,DR,ZP,F
15:00:00,TLKM,RG,3960,10,D,CP,ZP,F
15:00:00,TLKM,RG,3960,3,D,XC,ZP,F
15:00:00,TLKM,RG,3960,10,D,XC,ZP,F
15:00:00,TLKM,RG,3960,3,D,XL,ZP,F
15:00:00,TLKM,RG,3960,1,D,YP,ZP,F
15:00:00,TLKM,RG,3960,1,D,SQ,ZP,F
15:00:00,TLKM,RG,3960,15,D,KK,ZP,F
15:00:00,TLKM,RG,3960,2,D,CC,ZP,F
15:00:00,TLKM,RG,3960,2,D,YB,ZP,F
15:00:00,TLKM,RG,3960,37,D,DR,ZP,F
15:00:00,TLKM,RG,3960,1,D,CC,ZP,F
15:00:00,TLKM,RG,3960,2,D,PD,ZP,F
15:00:00,TLKM,RG,3960,2,D,NI,ZP,F
15:00:00,TLKM,RG,3960,1,D,YP,ZP,F
15:00:00,TLKM,RG,3960,1,D,YP,ZP,F
15:00:00,TLKM,RG,3960,1,D,CC,ZP,F
15:00:00,TLKM,RG,3960,2,D,YP,ZP,F
15:00:00,TLKM,RG,3960,5,D,YP,ZP,F
15:00:00,TLKM,RG,3960,10,D,CC,ZP,F
15:00:00,TLKM,RG,3960,1,D,PD,ZP,F
15:00:00,TLKM,RG,3960,8,D,XC,ZP,F
15:00:00,TLKM,RG,3960,1,D,AZ,ZP,F
15:00:00,TLKM,RG,3960,30,D,XC,ZP,F
15:00:00,TLKM,RG,3960,3,D,NI,ZP,F
15:00:00,TLKM,RG,3960,1,D,KK,ZP,F
15:00:00,TLKM,RG,3960,4,D,PD,ZP,F
15:00:00,TLKM,RG,3960,3,D,XC,ZP,F
15:00:00,TLKM,RG,3960,1,D,CC,ZP,F
15:00:00,TLKM,RG,3960,1,D,CC,ZP,F
15:00:00,TLKM,RG,3960,10,D,KK,ZP,F
15:00:00,TLKM,RG,3960,3,D,SQ,ZP,F
15:00:00,TLKM,RG,3960,1,D,LS,ZP,F
15:00:00,TLKM,RG,3960,1,D,PD,ZP,F
15:00:00,TLKM,RG,3960,10,D,YP,ZP,F
15:00:00,TLKM,RG,3960,1,D,YP,ZP,F
15:00:00,TLKM,RG,3960,20,D,YP,ZP,F
15:00:00,TLKM,RG,3960,10,D,CC,ZP,F
15:00:00,TLKM,RG,3960,1,D,PD,ZP,F
15:00:00,TLKM,RG,3960,10,D,PD,ZP,F
15:00:00,TLKM,RG,3960,1,D,XC,ZP,F
15:00:00,TLKM,RG,3960,5,D,YP,ZP,F
15:00:00,TLKM,RG,3960,24,D,YP,ZP,F
15:00:00,TLKM,RG,3960,1,D,XC,ZP,F
15:00:00,TLKM,RG,3960,5,D,XC,ZP,F
15:00:00,TLKM,RG,3960,10,D,CC,ZP,F
15:00:00,TLKM,RG,3960,2,D,DH,ZP,F
15:00:00,TLKM,RG,3960,25,D,DH,ZP,F
15:00:00,TLKM,RG,3960,1,D,SQ,ZP,F
15:00:00,TLKM,RG,3960,1,D,YP,ZP,F
15:00:00,TLKM,RG,3960,1,D,PD,ZP,F
15:00:00,TLKM,RG,3960,5,D,XC,ZP,F
15:00:00,TLKM,RG,3960,5,D,XC,ZP,F
15:00:00,TLKM,RG,3960,1,D,XC,ZP,F
15:00:00,TLKM,RG,3960,1,D,CC,ZP,F
15:00:00,TLKM,RG,3960,8,D,PD,ZP,F
15:00:00,TLKM,RG,3960,10,D,NI,ZP,F
15:00:00,TLKM,RG,3960,5,D,NI,ZP,F
15:00:00,TLKM,RG,3960,2,D,XC,ZP,F
15:00:00,TLKM,RG,3960,1,D,PD,ZP,F
15:00:00,TLKM,RG,3960,1,D,PD,ZP,F
15:00:00,TLKM,RG,3960,10,D,YP,ZP,F
15:00:00,TLKM,RG,3960,3,D,XC,ZP,F
15:00:00,TLKM,RG,3960,2,D,DR,ZP,F
15:00:00,TLKM,RG,3960,1,D,PD,ZP,F
15:00:00,TLKM,RG,3960,10,D,CC,ZP,F
15:00:00,TLKM,RG,3960,50,D,CC,ZP,F
15:00:00,TLKM,RG,3960,1,D,XC,ZP,F
15:00:00,TLKM,RG,3960,1,D,YP,ZP,F
15:00:00,TLKM,RG,3960,10,D,NI,ZP,F
15:00:00,TLKM,RG,3960,10,D,SQ,ZP,F
15:00:00,TLKM,RG,3960,50,D,NI,ZP,F
15:00:00,TLKM,RG,3960,2,D,DH,ZP,F
15:00:00,TLKM,RG,3960,1,D,XL,ZP,F
15:00:00,TLKM,RG,3960,2,D,GR,ZP,F
15:00:00,TLKM,RG,3960,1,D,DR,ZP,F
15:00:00,TLKM,RG,3960,2500,D,FS,ZP,F
15:00:00,TLKM,RG,3960,10,D,PD,ZP,F
15:00:00,TLKM,RG,3960,10,D,GR,ZP,F
15:00:00,TLKM,RG,3960,1,D,XL,ZP,F
15:00:00,TLKM,RG,3960,2,D,YP,ZP,F
15:00:00,TLKM,RG,3960,10,D,PD,ZP,F
15:00:00,TLKM,RG,3960,10,D,YP,ZP,F
15:00:00,TLKM,RG,3960,6,D,YP,ZP,F
15:00:00,TLKM,RG,3960,10,D,XC,ZP,F
15:00:00,TLKM,RG,3960,5,D,NI,ZP,F
15:00:00,TLKM,RG,3960,2,D,XC,ZP,F
15:00:00,TLKM,RG,3960,2,D,PD,ZP,F
15:00:00,TLKM,RG,3960,25,D,XC,ZP,F
15:00:00,TLKM,RG,3960,200,D,AZ,ZP,F
15:00:00,TLKM,RG,3960,1,D,YP,ZP,F
15:00:00,TLKM,RG,3960,5,D,CC,ZP,F
15:00:00,TLKM,RG,3960,4,D,YP,ZP,F
15:00:00,TLKM,RG,3960,3,D,CC,ZP,F
15:00:00,TLKM,RG,3960,20,D,XC,ZP,F
15:00:00,TLKM,RG,3960,2,D,CC,ZP,F
15:00:00,TLKM,RG,3960,1000,D,YJ,ZP,F
15:00:00,TLKM,RG,3960,15,D,CC,ZP,F
15:00:00,TLKM,RG,3960,1,D,CC,ZP,F
15:00:00,TLKM,RG,3960,5,D,XC,ZP,F
15:00:00,TLKM,RG,3960,3,D,AZ,ZP,F
15:00:00,TLKM,RG,3960,1,D,DX,ZP,F
15:00:00,TLKM,RG,3960,1,D,NI,ZP,F
15:00:00,TLKM,RG,3960,2,D,XL,ZP,F
15:00:00,TLKM,RG,3960,25,D,CC,ZP,F
15:00:00,TLKM,RG,3960,1,D,PD,ZP,F
15:00:00,TLKM,RG,3960,50,D,EP,ZP,F
15:00:00,TLKM,RG,3960,1,D,PD,ZP,F
15:00:00,TLKM,RG,3960,2,D,XC,ZP,F
15:00:00,TLKM,RG,3960,100,D,SQ,ZP,F
15:00:00,TLKM,RG,3960,5,D,PD,ZP,F
15:00:00,TLKM,RG,3960,1,D,XC,ZP,F
15:00:00,TLKM,RG,3960,1,D,LG,ZP,F
15:00:00,TLKM,RG,3960,1,D,XC,ZP,F
15:00:00,TLKM,RG,3960,14,D,XC,ZP,F
15:00:00,TLKM,RG,3960,30,D,CC,ZP,F
15:00:00,TLKM,RG,3960,1,D,YP,ZP,F
15:00:00,TLKM,RG,3960,1,D,DR,ZP,F
15:00:00,TLKM,RG,3960,10,D,CC,ZP,F
15:00:00,TLKM,RG,3960,2,D,PD,ZP,F
15:00:00,TLKM,RG,3960,5,D,YP,ZP,F
15:00:00,TLKM,RG,3960,26,D,GR,ZP,F
15:00:00,TLKM,RG,3960,2,D,GR,ZP,F
15:00:00,TLKM,RG,3960,5,D,YP,ZP,F
15:00:00,TLKM,RG,3960,10,D,KK,ZP,F
15:00:00,TLKM,RG,3960,3,D,XC,ZP,F
15:00:00,TLKM,RG,3960,1,D,PD,ZP,F
15:00:00,TLKM,RG,3960,2,D,CC,ZP,F
15:00:00,TLKM,RG,3960,5,D,PD,ZP,F
15:00:00,TLKM,RG,3960,10,D,XC,ZP,F
15:00:00,TLKM,RG,3960,1010,D,LG,ZP,F
15:00:00,TLKM,RG,3960,1,D,YP,ZP,F
15:00:00,TLKM,RG,3960,1,D,PD,ZP,F
15:00:00,TLKM,RG,3960,3,D,YP,ZP,F
15:00:00,TLKM,RG,3960,3,D,XL,ZP,F
15:00:00,TLKM,RG,3960,1,D,SQ,ZP,F
15:00:00,TLKM,RG,3960,12,D,XL,ZP,F
15:00:00,TLKM,RG,3960,50,D,EP,ZP,F
15:00:00,TLKM,RG,3960,10,D,XC,ZP,F
15:00:00,TLKM,RG,3960,10,D,XC,ZP,F
15:00:00,TLKM,RG,3960,50,D,CC,ZP,F
15:00:00,TLKM,RG,3960,1,D,XC,ZP,F
15:00:00,TLKM,RG,3960,1,D,PD,ZP,F
15:00:00,TLKM,RG,3960,1,D,XC,ZP,F
15:00:00,TLKM,RG,3960,1,D,YP,ZP,F
15:00:00,TLKM,RG,3960,5,D,OD,ZP,F
15:00:00,TLKM,RG,3960,10,D,NI,ZP,F
15:00:00,TLKM,RG,3960,5,D,XC,ZP,F
15:00:00,TLKM,RG,3960,1,D,YP,ZP,F
15:00:00,TLKM,RG,3960,504,D,XL,ZP,F
15:00:00,TLKM,RG,3960,1,D,DR,ZP,F
15:00:00,TLKM,RG,3960,10,D,PD,ZP,F
15:00:00,TLKM,RG,3960,5,D,XL,ZP,F
15:00:00,TLKM,RG,3960,5,D,PD,ZP,F
15:00:00,TLKM,RG,3960,1,D,XC,ZP,F
15:00:00,TLKM,RG,3960,25,D,NI,ZP,F
15:00:00,TLKM,RG,3960,1,D,XC,ZP,F
15:00:00,TLKM,RG,3960,1,D,PD,ZP,F
15:00:00,TLKM,RG,3960,1,D,PD,ZP,F
15:00:00,TLKM,RG,3960,4,D,XC,ZP,F
15:00:00,TLKM,RG,3960,1,D,PD,ZP,F
15:00:00,TLKM,RG,3960,30,D,DH,ZP,F
15:00:00,TLKM,RG,3960,7,D,XC,ZP,F
15:00:00,TLKM,RG,3960,1,D,XC,ZP,F
15:00:00,TLKM,RG,3960,5,D,PD,ZP,F
15:00:00,TLKM,RG,3960,2,D,KK,ZP,F
15:00:00,TLKM,RG,3960,5,D,XC,ZP,F
15:00:00,TLKM,RG,3960,1,D,NI,ZP,F
15:00:00,TLKM,RG,3960,1,D,PD,ZP,F
15:00:00,TLKM,RG,3960,1,D,XC,ZP,F
15:00:00,TLKM,RG,3960,10,D,XC,ZP,F
15:00:00,TLKM,RG,3960,5,D,YP,ZP,F
15:00:00,TLKM,RG,3960,1,D,AZ,ZP,F
15:00:00,TLKM,RG,3960,10,D,CC,ZP,F
15:00:00,TLKM,RG,3960,2,D,XC,ZP,F
15:00:00,TLKM,RG,3960,20,D,YP,ZP,F
15:00:00,TLKM,RG,3960,1,D,XC,ZP,F
15:00:00,TLKM,RG,3960,2,D,YP,ZP,F
15:00:00,TLKM,RG,3960,30,D,EP,ZP,F
15:00:00,TLKM,RG,3960,2,D,XC,ZP,F
15:00:00,TLKM,RG,3960,1,D,XC,ZP,F
15:00:00,TLKM,RG,3960,2,D,CC,ZP,F
15:00:00,TLKM,RG,3960,1,D,PD,ZP,F
15:00:00,TLKM,RG,3960,10,D,XC,ZP,F
15:00:00,TLKM,RG,3960,1,D,XC,ZP,F
15:00:00,TLKM,RG,3960,30,D,PD,ZP,F
15:00:00,TLKM,RG,3960,1,D,CC,ZP,F
15:00:00,TLKM,RG,3960,5,D,AZ,ZP,F
15:00:00,TLKM,RG,3960,2,D,KK,ZP,F
15:00:00,TLKM,RG,3960,50,D,CC,ZP,F
15:00:00,TLKM,RG,3960,10,D,XL,ZP,F
15:00:00,TLKM,RG,3960,5,D,CC,ZP,F
15:00:00,TLKM,RG,3960,5,D,EP,ZP,F
15:00:00,TLKM,RG,3960,1,D,NI,ZP,F
15:00:00,TLKM,RG,3960,1,D,YB,ZP,F
15:00:00,TLKM,RG,3960,2,D,GR,ZP,F
15:00:00,TLKM,RG,3960,10,D,YP,ZP,F
15:00:00,TLKM,RG,3960,3,D,XC,ZP,F
15:00:00,TLKM,RG,3960,10,D,PD,ZP,F
15:00:00,TLKM,RG,3960,3,D,YP,ZP,F
15:00:00,TLKM,RG,3960,2,D,CC,ZP,F
15:00:00,TLKM,RG,3960,1,D,LG,ZP,F
15:00:00,TLKM,RG,3960,20,D,SQ,ZP,F
15:00:00,TLKM,RG,3960,10,D,KK,ZP,F
15:00:00,TLKM,RG,3960,5,D,XC,ZP,F
15:00:00,TLKM,RG,3960,9,D,XC,ZP,F
15:00:00,TLKM,RG,3960,1,D,EP,ZP,F
15:00:00,TLKM,RG,3960,1,D,YP,ZP,F
15:00:00,TLKM,RG,3960,6,D,XC,ZP,F
15:00:00,TLKM,RG,3960,100,D,LG,ZP,F
15:00:00,TLKM,RG,3960,1,D,YP,ZP,F
15:00:00,TLKM,RG,3960,1,D,XC,ZP,F
15:00:00,TLKM,RG,3960,10,D,XC,ZP,F
15:00:00,TLKM,RG,3960,10,D,GR,ZP,F
15:00:00,TLKM,RG,3960,5,D,CC,ZP,F
15:00:00,TLKM,RG,3960,2,D,YP,ZP,F
15:00:00,TLKM,RG,3960,2,D,HP,ZP,F
15:00:00,TLKM,RG,3960,5,D,CC,ZP,F
15:00:00,TLKM,RG,3960,52,D,NI,ZP,F
15:00:00,TLKM,RG,3960,2,D,DH,ZP,F
15:00:00,TLKM,RG,3960,1,D,PD,ZP,F
15:00:00,TLKM,RG,3960,1,D,YP,ZP,F
15:00:00,TLKM,RG,3960,4703,D,SQ,ZP,F
15:00:00,TLKM,RG,3960,25,D,SQ,PD,D
15:00:00,TLKM,RG,3960,50,D,SQ,YP,D
15:00:00,TLKM,RG,3960,601,D,SQ,ZP,F
15:00:00,TLKM,RG,3960,20,D,SQ,CC,D
15:00:00,TLKM,RG,3960,1,D,SQ,CC,D
15:00:00,TLKM,RG,3960,500,D,SQ,YB,D
15:00:00,TLKM,RG,3960,1,D,SQ,XC,D
15:00:00,TLKM,RG,3960,3,D,SQ,CC,D
15:00:00,TLKM,RG,3960,385,D,SQ,YP,D
15:00:00,TLKM,RG,3960,1,D,SQ,YP,D
15:00:00,TLKM,RG,3960,50,D,SQ,CP,D
15:00:00,TLKM,RG,3960,2,D,SQ,YP,D
15:00:00,TLKM,RG,3960,2000,D,SQ,RF,D
15:00:00,TLKM,RG,3960,1300,D,SQ,EP,D
15:00:00,TLKM,RG,3960,358,D,SQ,RF,D
15:00:00,TLKM,RG,3960,3,D,EP,RF,D
15:00:00,TLKM,RG,3960,10,D,XL,RF,D
15:00:00,TLKM,RG,3960,3,D,XC,RF,D
15:00:00,TLKM,RG,3960,1,D,YP,RF,D
15:00:00,TLKM,RG,3960,1,D,YP,RF,D
15:00:00,TLKM,RG,3960,5,D,PD,RF,D
15:00:00,TLKM,RG,3960,2,D,YP,RF,D
15:00:00,TLKM,RG,3960,2,D,PD,RF,D
15:00:00,TLKM,RG,3960,1,D,XL,RF,D
15:00:00,TLKM,RG,3960,4,D,PD,RF,D
15:00:00,TLKM,RG,3960,3,D,DH,RF,D
15:00:00,TLKM,RG,3960,1,D,XL,RF,D
15:00:00,TLKM,RG,3960,25,D,DX,RF,D
15:00:00,TLKM,RG,3960,1,D,YP,RF,D
15:00:00,TLKM,RG,3960,2,D,ZP,RF,D
15:00:00,TLKM,RG,3960,3,D,OD,RF,D
15:00:00,TLKM,RG,3960,1,D,CC,RF,D
15:00:00,TLKM,RG,3960,25,D,XA,RF,D
15:00:00,TLKM,RG,3960,5,D,YP,RF,D
15:00:00,TLKM,RG,3960,1,D,PD,RF,D
15:00:00,TLKM,RG,3960,50,D,EP,RF,D
15:00:00,TLKM,RG,3960,100,D,OD,RF,D
15:00:00,TLKM,RG,3960,1,D,YP,RF,D
15:00:00,TLKM,RG,3960,5,D,OD,RF,D
15:00:00,TLKM,RG,3960,5,D,DR,RF,D
15:00:00,TLKM,RG,3960,128,D,GR,RF,D
15:00:00,TLKM,RG,3960,6,D,CC,RF,D
15:00:00,TLKM,RG,3960,70,D,XC,RF,D
15:00:00,TLKM,RG,3960,1,D,XC,RF,D
15:00:00,TLKM,RG,3960,20,D,YP,RF,D
15:00:00,TLKM,RG,3960,10,D,PD,RF,D
15:00:00,TLKM,RG,3960,100,D,NI,RF,D
15:00:00,TLKM,RG,3960,2,D,CC,RF,D
15:00:00,TLKM,RG,3960,1,D,XC,RF,D
15:00:00,TLKM,RG,3960,2,D,NI,RF,D
15:00:00,TLKM,RG,3960,5,D,EP,RF,D
15:00:00,TLKM,RG,3960,60,D,GR,RF,D
15:00:00,TLKM,RG,3960,3,D,DH,RF,D
15:00:00,TLKM,RG,3960,1,D,XC,RF,D
15:00:00,TLKM,RG,3960,10,D,SQ,RF,D
15:00:00,TLKM,RG,3960,50,D,PD,RF,D
15:00:00,TLKM,RG,3960,5,D,XL,RF,D
15:00:00,TLKM,RG,3960,6,D,XL,RF,D
15:00:00,TLKM,RG,3960,4,D,NI,RF,D
15:00:00,TLKM,RG,3960,1,D,YP,RF,D
15:00:00,TLKM,RG,3960,2,D,YP,RF,D
15:00:00,TLKM,RG,3960,20,D,KK,RF,D
15:00:00,TLKM,RG,3960,1,D,PD,RF,D
15:00:00,TLKM,RG,3960,1,D,PD,RF,D
15:00:00,TLKM,RG,3960,33,D,OD,RF,D
15:00:00,TLKM,RG,3960,1,D,GR,RF,D
15:00:00,TLKM,RG,3960,1,D,SQ,RF,D
15:00:00,TLKM,RG,3960,25,D,PD,RF,D
15:00:00,TLKM,RG,3960,5,D,OD,RF,D
15:00:00,TLKM,RG,3960,2,D,PD,RF,D
15:00:00,TLKM,RG,3960,5,D,CC,RF,D
15:00:00,TLKM,RG,3960,10,D,CC,RF,D
15:00:00,TLKM,RG,3960,1,D,XC,RF,D
15:00:00,TLKM,RG,3960,3,D,PD,RF,D
15:00:00,TLKM,RG,3960,63,D,GR,RF,D
15:00:00,TLKM,RG,3960,1,D,YP,RF,D
15:00:00,TLKM,RG,3960,1,D,PD,RF,D
15:00:00,TLKM,RG,3960,2,D,XC,RF,D
15:00:00,TLKM,RG,3960,2,D,CC,RF,D
15:00:00,TLKM,RG,3960,10,D,CC,RF,D
15:00:00,TLKM,RG,3960,8,D,LG,RF,D
15:00:00,TLKM,RG,3960,5,D,PD,RF,D
15:00:00,TLKM,RG,3960,5,D,YP,RF,D
15:00:00,TLKM,RG,3960,3,D,XL,RF,D
15:00:00,TLKM,RG,3960,10,D,YP,RF,D
15:00:00,TLKM,RG,3960,1,D,YP,RF,D
15:00:00,TLKM,RG,3960,1,D,SQ,RF,D
15:00:00,TLKM,RG,3960,1,D,XC,RF,D
15:00:00,TLKM,RG,3960,4,D,PD,RF,D
15:00:00,TLKM,RG,3960,4,D,XC,RF,D
15:00:00,TLKM,RG,3960,1,D,PD,RF,D
15:00:00,TLKM,RG,3960,3,D,SQ,RF,D
15:00:00,TLKM,RG,3960,1,D,EP,RF,D
15:00:00,TLKM,RG,3960,3,D,XC,RF,D
15:00:00,TLKM,RG,3960,1,D,XC,RF,D
15:00:00,TLKM,RG,3960,10,D,YP,RF,D
15:00:00,TLKM,RG,3960,25,D,SQ,RF,D
15:00:00,TLKM,RG,3960,1,D,XC,RF,D
15:00:00,TLKM,RG,3960,25,D,PD,RF,D
15:00:00,TLKM,RG,3960,10,D,CC,RF,D
15:00:00,TLKM,RG,3960,10,D,YU,RF,D
15:00:00,TLKM,RG,3960,10,D,GR,RF,D
15:00:00,TLKM,RG,3960,1,D,XL,RF,D
15:00:00,TLKM,RG,3960,20,D,GR,RF,D
15:00:00,TLKM,RG,3960,50,D,ZP,RF,D
15:00:00,TLKM,RG,3960,1,D,PD,RF,D
15:00:00,TLKM,RG,3960,1,D,XL,RF,D
15:00:00,TLKM,RG,3960,1,D,KK,RF,D
15:00:00,TLKM,RG,3960,10,D,XC,RF,D
15:00:00,TLKM,RG,3960,1,D,ZP,RF,D
15:00:00,TLKM,RG,3960,5,D,XA,RF,D
15:00:00,TLKM,RG,3960,1,D,PD,RF,D
15:00:00,TLKM,RG,3960,1,D,PD,RF,D
15:00:00,TLKM,RG,3960,2,D,SQ,RF,D
15:00:00,TLKM,RG,3960,10,D,YP,RF,D
15:00:00,TLKM,RG,3960,10,D,EP,RF,D
15:00:00,TLKM,RG,3960,2,D,XC,RF,D
15:00:00,TLKM,RG,3960,40,D,PD,RF,D
15:00:00,TLKM,RG,3960,1,D,YP,RF,D
15:00:00,TLKM,RG,3960,5,D,NI,RF,D
15:00:00,TLKM,RG,3960,5,D,NI,RF,D
15:00:00,TLKM,RG,3960,13,D,XC,RF,D
15:00:00,TLKM,RG,3960,1,D,EP,RF,D
15:00:00,TLKM,RG,3960,210,D,YP,RF,D
15:00:00,TLKM,RG,3960,1,D,PD,RF,D
15:00:00,TLKM,RG,3960,1,D,LG,RF,D
15:00:00,TLKM,RG,3960,8,D,YP,RF,D
15:00:00,TLKM,RG,3960,30,D,CC,RF,D
15:00:00,TLKM,RG,3960,33,D,OD,RF,D
15:00:00,TLKM,RG,3960,1,D,PD,RF,D
15:00:00,TLKM,RG,3960,10,D,PD,RF,D
15:00:00,TLKM,RG,3960,300,D,ZP,RF,D
15:00:00,TLKM,RG,3960,5,D,CC,RF,D
15:00:00,TLKM,RG,3960,3,D,GR,RF,D
15:00:00,TLKM,RG,3960,10,D,PD,RF,D
15:00:00,TLKM,RG,3960,10,D,YB,RF,D
15:00:00,TLKM,RG,3960,5,D,YP,RF,D
15:00:00,TLKM,RG,3960,100,D,CC,RF,D
15:00:00,TLKM,RG,3960,5,D,HP,RF,D
15:00:00,TLKM,RG,3960,5,D,PD,RF,D
15:00:00,TLKM,RG,3960,5,D,PD,RF,D
15:00:00,TLKM,RG,3960,5,D,YP,RF,D
15:00:00,TLKM,RG,3960,300,D,YP,RF,D
15:00:00,TLKM,RG,3960,1,D,PD,RF,D
15:00:00,TLKM,RG,3960,10,D,PD,RF,D
15:00:00,TLKM,RG,3960,100,D,YP,RF,D
15:00:00,TLKM,RG,3960,5,D,CC,RF,D
15:00:00,TLKM,RG,3960,1,D,PD,RF,D
15:00:00,TLKM,RG,3960,12,D,PD,RF,D
15:00:00,TLKM,RG,3960,100,D,XC,RF,D
15:00:00,TLKM,RG,3960,5,D,DR,RF,D
15:00:00,TLKM,RG,3960,1,D,PD,RF,D
15:00:00,TLKM,RG,3960,1,D,OD,RF,D
15:00:00,TLKM,RG,3960,8,D,PD,RF,D
15:00:00,TLKM,RG,3960,2,D,YP,RF,D
15:00:00,TLKM,RG,3960,5,D,YP,RF,D
15:00:00,TLKM,RG,3960,50,D,CC,RF,D
15:00:00,TLKM,RG,3960,3,D,YP,RF,D
15:00:00,TLKM,RG,3960,2,D,SQ,RF,D
15:00:00,TLKM,RG,3960,5,D,LG,RF,D
15:00:00,TLKM,RG,3960,5,D,EP,RF,D
15:00:00,TLKM,RG,3960,2,D,YP,RF,D
15:00:00,TLKM,RG,3960,2,D,YP,RF,D
15:00:00,TLKM,RG,3960,200,D,YP,RF,D
15:00:00,TLKM,RG,3960,2,D,CC,RF,D
15:00:00,TLKM,RG,3960,1,D,XC,RF,D
15:00:00,TLKM,RG,3960,1,D,SQ,RF,D
15:00:00,TLKM,RG,3960,2,D,PD,RF,D
15:00:00,TLKM,RG,3960,3,D,XC,RF,D
15:00:00,TLKM,RG,3960,5,D,NI,RF,D
15:00:00,TLKM,RG,3960,5,D,SQ,RF,D
15:00:00,TLKM,RG,3960,100,D,DR,RF,D
15:00:00,TLKM,RG,3960,1,D,XC,RF,D
15:00:00,TLKM,RG,3960,1,D,XC,RF,D
15:00:00,TLKM,RG,3960,1,D,PD,RF,D
15:00:00,TLKM,RG,3960,1,D,YP,RF,D
15:00:00,TLKM,RG,3960,5,D,YP,RF,D
15:00:00,TLKM,RG,3960,1,D,SQ,RF,D
15:00:00,TLKM,RG,3960,1,D,YU,RF,D
15:00:00,TLKM,RG,3960,10,D,BQ,RF,D
15:00:00,TLKM,RG,3960,1,D,MG,RF,D
15:00:00,TLKM,RG,3960,1,D,YP,RF,D
15:00:00,TLKM,RG,3960,2,D,XA,RF,D
15:00:00,TLKM,RG,3960,5,D,YP,RF,D
15:00:00,TLKM,RG,3960,3,D,XC,RF,D
15:00:00,TLKM,RG,3960,1,D,YP,RF,D
15:00:00,TLKM,RG,3960,5,D,CC,RF,D
15:00:00,TLKM,RG,3960,3,D,OD,RF,D
15:00:00,TLKM,RG,3960,10,D,XC,RF,D
15:00:00,TLKM,RG,3960,1,D,PD,RF,D
15:00:00,TLKM,RG,3960,1,D,YP,RF,D
15:00:00,TLKM,RG,3960,1,D,PD,RF,D
15:00:00,TLKM,RG,3960,3,D,XC,RF,D
15:00:00,TLKM,RG,3960,25,D,PD,RF,D
15:00:00,TLKM,RG,3960,5,D,CC,RF,D
15:00:00,TLKM,RG,3960,1,D,YP,RF,D
15:00:00,TLKM,RG,3960,10,D,YP,RF,D
15:00:00,TLKM,RG,3960,1,D,XL,RF,D
15:00:00,TLKM,RG,3960,10,D,SQ,RF,D
15:00:00,TLKM,RG,3960,5,D,YP,RF,D
15:00:00,TLKM,RG,3960,1,D,PD,RF,D
15:00:00,TLKM,RG,3960,1,D,XC,RF,D
15:00:00,TLKM,RG,3960,25,D,XC,RF,D
15:00:00,TLKM,RG,3960,10,D,XC,RF,D
15:00:00,TLKM,RG,3960,1,D,XC,RF,D
15:00:00,TLKM,RG,3960,1,D,XC,RF,D
15:00:00,TLKM,RG,3960,1,D,XC,RF,D
15:00:00,TLKM,RG,3960,1,D,XC,RF,D
15:00:00,TLKM,RG,3960,20,D,CC,RF,D
15:00:00,TLKM,RG,3960,5,D,CC,RF,D
15:00:00,TLKM,RG,3960,327,D,CC,RF,D
15:00:00,TLKM,RG,3960,5,D,YP,RF,D
15:00:00,TLKM,RG,3960,20,D,PC,RF,D
15:00:00,TLKM,RG,3960,1,D,KK,RF,D
15:00:00,TLKM,RG,3960,65,D,KK,RF,D
15:00:00,TLKM,RG,3960,12,D,NI,RF,D
15:00:00,TLKM,RG,3960,51,D,NI,RF,D
15:00:00,TLKM,RG,3960,1,D,NI,RF,D
15:00:00,TLKM,RG,3960,1,D,PD,RF,D
15:00:00,TLKM,RG,3960,5,D,PD,RF,D
15:00:00,TLKM,RG,3960,10,D,PD,RF,D
15:00:00,TLKM,RG,3960,1,D,PD,RF,D
15:00:00,TLKM,RG,3960,4,D,YP,RF,D
15:00:00,TLKM,RG,3960,10,D,LG,RF,D
15:00:00,TLKM,RG,3960,1,D,XC,RF,D
15:00:00,TLKM,RG,3960,1,D,XL,RF,D
15:00:00,TLKM,RG,3960,1,D,XL,RF,D
15:00:00,TLKM,RG,3960,2,D,YP,RF,D
15:00:00,TLKM,RG,3960,2,D,YP,DR,D
15:00:00,TLKM,RG,3960,10,D,CC,DR,D
15:00:00,TLKM,RG,3960,1,D,XC,DR,D
15:00:00,TLKM,RG,3960,1,D,YP,DR,D
15:00:00,TLKM,RG,3960,20,D,XC,DR,D
15:00:00,TLKM,RG,3960,6,D,XC,DR,D
15:00:00,TLKM,RG,3960,10,D,OD,DR,D
15:00:00,TLKM,RG,3960,1,D,PD,DR,D
15:00:00,TLKM,RG,3960,50,D,BQ,DR,D
15:00:00,TLKM,RG,3960,100,D,CC,DR,D
15:00:00,TLKM,RG,3960,1,D,LS,DR,D
15:00:00,TLKM,RG,3960,5,D,PD,DR,D
15:00:00,TLKM,RG,3960,3,D,KK,DR,D
15:00:00,TLKM,RG,3960,3,D,DH,DR,D
15:00:00,TLKM,RG,3960,2,D,DH,DR,D
15:00:00,TLKM,RG,3960,6,D,NI,DR,D
15:00:00,TLKM,RG,3960,2,D,DR,DR,D
15:00:00,TLKM,RG,3960,2,D,XC,DR,D
15:00:00,TLKM,RG,3960,1,D,PD,DR,D
15:00:00,TLKM,RG,3960,1,D,XC,DR,D
15:00:00,TLKM,RG,3960,16,D,NI,DR,D
15:00:00,TLKM,RG,3960,1,D,RG,DR,D
15:00:00,TLKM,RG,3960,5,D,CC,DR,D
15:00:00,TLKM,RG,3960,2,D,XC,DR,D
15:00:00,TLKM,RG,3960,30,D,PD,DR,D
15:00:00,TLKM,RG,3960,2,D,YP,DR,D
15:00:00,TLKM,RG,3960,50,D,EP,DR,D
15:00:00,TLKM,RG,3960,1,D,NI,DR,D
15:00:00,TLKM,RG,3960,2,D,AZ,DR,D
15:00:00,TLKM,RG,3960,7,D,XC,DR,D
15:00:00,TLKM,RG,3960,1,D,PD,DR,D
15:00:00,TLKM,RG,3960,1,D,PD,DR,D
15:00:00,TLKM,RG,3960,15,D,XC,DR,D
15:00:00,TLKM,RG,3960,20,D,SQ,DR,D
15:00:00,TLKM,RG,3960,2,D,PD,DR,D
15:00:00,TLKM,RG,3960,25,D,PD,DR,D
15:00:00,TLKM,RG,3960,10,D,PD,DR,D
15:00:00,TLKM,RG,3960,100,D,KK,DR,D
15:00:00,TLKM,RG,3960,4,D,PD,DR,D
15:00:00,TLKM,RG,3960,10,D,SQ,DR,D
15:00:00,TLKM,RG,3960,5,D,PD,DR,D
15:00:00,TLKM,RG,3960,1,D,CC,DR,D
15:00:00,TLKM,RG,3960,20,D,PD,DR,D
15:00:00,TLKM,RG,3960,3,D,XC,DR,D
15:00:00,TLKM,RG,3960,2,D,PD,DR,D
15:00:00,TLKM,RG,3960,2,D,PD,DR,D
15:00:00,TLKM,RG,3960,10,D,CC,DR,D
15:00:00,TLKM,RG,3960,1,D,XC,DR,D
15:00:00,TLKM,RG,3960,1,D,PD,DR,D
15:00:00,TLKM,RG,3960,2,D,XC,DR,D
15:00:00,TLKM,RG,3960,117,D,CC,DR,D
15:00:00,TLKM,RG,3960,3,D,PD,DR,D
15:00:00,TLKM,RG,3960,3,D,NI,DR,D
15:00:00,TLKM,RG,3960,12,D,YP,DR,D
15:00:00,TLKM,RG,3960,1,D,PD,DR,D
15:00:00,TLKM,RG,3960,2,D,PD,DR,D
15:00:00,TLKM,RG,3960,1,D,CC,DR,D
15:00:00,TLKM,RG,3960,1,D,XC,DR,D
15:00:00,TLKM,RG,3960,10,D,KK,DR,D
15:00:00,TLKM,RG,3960,1,D,CC,DR,D
15:00:00,TLKM,RG,3960,1,D,PD,DR,D
15:00:00,TLKM,RG,3960,1,D,XC,DR,D
15:00:00,TLKM,RG,3960,2,D,PD,DR,D
15:00:00,TLKM,RG,3960,2,D,PD,DR,D
15:00:00,TLKM,RG,3960,1,D,XC,DR,D
15:00:00,TLKM,RG,3960,1,D,XC,DR,D
15:00:00,TLKM,RG,3960,10,D,PD,DR,D
15:00:00,TLKM,RG,3960,1,D,KK,DR,D
15:00:00,TLKM,RG,3960,1,D,KK,DR,D
15:00:00,TLKM,RG,3960,3,D,YP,DR,D
15:00:00,TLKM,RG,3960,2,D,XC,DR,D
15:00:00,TLKM,RG,3960,20,D,YU,DR,D
15:00:00,TLKM,RG,3960,1,D,KK,DR,D
15:00:00,TLKM,RG,3960,3,D,PD,DR,D
15:00:00,TLKM,RG,3960,1,D,XC,DR,D
15:00:00,TLKM,RG,3960,1,D,XL,DR,D
15:00:00,TLKM,RG,3960,5,D,KK,DR,D
15:00:00,TLKM,RG,3960,1,D,PD,DR,D
15:00:00,TLKM,RG,3960,1,D,YP,DR,D
15:00:00,TLKM,RG,3960,5,D,XC,DR,D
15:00:00,TLKM,RG,3960,5,D,PD,DR,D
15:00:00,TLKM,RG,3960,1,D,YP,DR,D
15:00:00,TLKM,RG,3960,2,D,PD,DR,D
15:00:00,TLKM,RG,3960,1,D,SQ,DR,D
15:00:00,TLKM,RG,3960,1,D,NI,DR,D
15:00:00,TLKM,RG,3960,10,D,PD,DR,D
15:00:00,TLKM,RG,3960,1,D,CC,DR,D
15:00:00,TLKM,RG,3960,1,D,PD,DR,D
15:00:00,TLKM,RG,3960,5,D,NI,DR,D
15:00:00,TLKM,RG,3960,3,D,YP,DR,D
15:00:00,TLKM,RG,3960,4,D,PD,DR,D
15:00:00,TLKM,RG,3960,5,D,CC,DR,D
15:00:00,TLKM,RG,3960,1,D,CC,DR,D
15:00:00,TLKM,RG,3960,2,D,PD,DR,D
15:00:00,TLKM,RG,3960,1,D,DH,DR,D
15:00:00,TLKM,RG,3960,3,D,YP,DR,D
15:00:00,TLKM,RG,3960,2,D,PD,DR,D
15:00:00,TLKM,RG,3960,10,D,SQ,DR,D
15:00:00,TLKM,RG,3960,10,D,SQ,DR,D
15:00:00,TLKM,RG,3960,1,D,XC,DR,D
15:00:00,TLKM,RG,3960,5,D,YP,DR,D
15:00:00,TLKM,RG,3960,3,D,CC,DR,D
15:00:00,TLKM,RG,3960,2,D,XC,DR,D
15:00:00,TLKM,RG,3960,5,D,CC,DR,D
15:00:00,TLKM,RG,3960,1,D,PD,DR,D
15:00:00,TLKM,RG,3960,1,D,XC,DR,D
15:00:00,TLKM,RG,3960,5,D,GR,DR,D
15:00:00,TLKM,RG,3960,2,D,MK,DR,D
15:00:00,TLKM,RG,3960,1,D,NI,DR,D
15:00:00,TLKM,RG,3960,50,D,KI,DR,D
15:00:00,TLKM,RG,3960,15,D,PD,DR,D
15:00:00,TLKM,RG,3960,49,D,DR,DR,D
15:00:00,TLKM,RG,3960,51,D,DR,HD,D
15:00:00,TLKM,RG,3960,1,F,CC,HD,D
15:00:00,TLKM,RG,3960,5,D,YP,HD,D
15:00:00,TLKM,RG,3960,10,D,XC,HD,D
15:00:00,TLKM,RG,3960,200,D,KK,HD,D
15:00:00,TLKM,RG,3960,1,D,OD,HD,D
15:00:00,TLKM,RG,3960,1,D,DH,HD,D
15:00:00,TLKM,RG,3960,50,D,CC,HD,D
15:00:00,TLKM,RG,3960,3,D,XL,HD,D
15:00:00,TLKM,RG,3960,1,D,PD,HD,D
15:00:00,TLKM,RG,3960,1,D,PD,HD,D
15:00:00,TLKM,RG,3960,2,D,PD,HD,D
15:00:00,TLKM,RG,3960,3,D,SQ,HD,D
15:00:00,TLKM,RG,3960,1,D,NI,HD,D
15:00:00,TLKM,RG,3960,1,D,XC,HD,D
15:00:00,TLKM,RG,3960,1,D,NI,HD,D
15:00:00,TLKM,RG,3960,7,D,PD,HD,D
15:00:00,TLKM,RG,3960,2,D,KK,HD,D
15:00:00,TLKM,RG,3960,1,D,XC,HD,D
15:00:00,TLKM,RG,3960,10,D,YP,HD,D
15:00:00,TLKM,RG,3960,1,D,XC,HD,D
15:00:00,TLKM,RG,3960,50,D,MG,HD,D
15:00:00,TLKM,RG,3960,1,D,XC,HD,D
15:00:00,TLKM,RG,3960,5,D,XC,HD,D
15:00:00,TLKM,RG,3960,2,D,NI,HD,D
15:00:00,TLKM,RG,3960,100,D,KK,HD,D
15:00:00,TLKM,RG,3960,20,D,PD,HD,D
15:00:00,TLKM,RG,3960,110,D,PD,HD,D
15:00:00,TLKM,RG,3960,1,D,YP,HD,D
15:00:00,TLKM,RG,3960,1,D,SQ,HD,D
15:00:00,TLKM,RG,3960,1,D,PD,HD,D
15:00:00,TLKM,RG,3960,20,D,SQ,HD,D
15:00:00,TLKM,RG,3960,33,D,PD,HD,D
15:00:00,TLKM,RG,3960,1,D,NI,HD,D
15:00:00,TLKM,RG,3960,25,D,XC,HD,D
15:00:00,TLKM,RG,3960,5,F,DH,HD,D
15:00:00,TLKM,RG,3960,10,D,DR,HD,D
15:00:00,TLKM,RG,3960,5,D,BQ,HD,D
15:00:00,TLKM,RG,3960,2,D,YP,HD,D
15:00:00,TLKM,RG,3960,1,D,DH,HD,D
15:00:00,TLKM,RG,3960,1,D,PD,HD,D
15:00:00,TLKM,RG,3960,1,D,NI,HD,D
15:00:00,TLKM,RG,3960,1,D,YP,HD,D
15:00:00,TLKM,RG,3960,20,D,SQ,HD,D
15:00:00,TLKM,RG,3960,8,D,CC,HD,D
15:00:00,TLKM,RG,3960,1,D,XC,HD,D
15:00:00,TLKM,RG,3960,15,D,CC,HD,D
15:00:00,TLKM,RG,3960,37,D,NI,HD,D
15:00:00,TLKM,RG,3960,15,D,PD,HD,D
15:00:00,TLKM,RG,3960,1,D,LG,HD,D
15:00:00,TLKM,RG,3960,500,D,AZ,HD,D
15:00:00,TLKM,RG,3960,5,D,CC,HD,D
15:00:00,TLKM,RG,3960,1,D,PD,HD,D
15:00:00,TLKM,RG,3960,3,D,LG,HD,D
15:00:00,TLKM,RG,3960,1,D,XC,HD,D
15:00:00,TLKM,RG,3960,2,D,PD,HD,D
15:00:00,TLKM,RG,3960,20,D,SQ,HD,D
15:00:00,TLKM,RG,3960,1,D,PD,HD,D
15:00:00,TLKM,RG,3960,2,D,SQ,HD,D
15:00:00,TLKM,RG,3960,1,D,PD,HD,D
15:00:00,TLKM,RG,3960,2,D,NI,HD,D
15:00:00,TLKM,RG,3960,1,D,PD,HD,D
15:00:00,TLKM,RG,3960,25,D,HP,HD,D
15:00:00,TLKM,RG,3960,10,D,GR,HD,D
15:00:00,TLKM,RG,3960,5,D,PD,HD,D
15:00:00,TLKM,RG,3960,20,D,CC,HD,D
15:00:00,TLKM,RG,3960,1,D,YP,HD,D
15:00:00,TLKM,RG,3960,1,D,CC,HD,D
15:00:00,TLKM,RG,3960,10,D,RO,HD,D
15:00:00,TLKM,RG,3960,5,D,PD,HD,D
15:00:00,TLKM,RG,3960,38,D,GR,HD,D
15:00:00,TLKM,RG,3960,30,D,GR,PD,D
15:00:00,TLKM,RG,3960,132,D,GR,PG,D
15:00:00,TLKM,RG,3960,1,D,XC,PG,D
15:00:00,TLKM,RG,3960,3,D,PD,PG,D
15:00:00,TLKM,RG,3960,150,D,CC,PG,D
15:00:00,TLKM,RG,3960,2,D,PD,PG,D
15:00:00,TLKM,RG,3960,2,D,CC,PG,D
15:00:00,TLKM,RG,3960,5,D,YP,PG,D
15:00:00,TLKM,RG,3960,5,D,AT,PG,D
15:00:00,TLKM,RG,3960,5,D,AT,EP,D
15:00:00,TLKM,RG,3960,1,D,GR,EP,D
15:00:00,TLKM,RG,3960,200,D,CC,EP,D
15:00:00,TLKM,RG,3960,1,D,CC,EP,D
15:00:00,TLKM,RG,3960,5,D,XC,EP,D
15:00:00,TLKM,RG,3960,1,D,PD,EP,D
15:00:00,TLKM,RG,3960,2,D,NI,EP,D
15:00:00,TLKM,RG,3960,1,D,NI,EP,D
15:00:00,TLKM,RG,3960,50,D,YP,EP,D
15:00:00,TLKM,RG,3960,1,D,PD,EP,D
15:00:00,TLKM,RG,3960,133,D,SQ,EP,D
15:00:00,TLKM,RG,3960,136,D,SQ,YU,F
15:00:00,TLKM,RG,3960,1359,D,SQ,YU,F
15:00:00,TLKM,RG,3960,176,D,SQ,YU,F
15:00:00,TLKM,RG,3960,1426,D,SQ,YU,F
15:00:00,TLKM,RG,3960,128,D,SQ,YU,F
15:00:00,TLKM,RG,3960,128,D,SQ,YU,F
15:00:00,TLKM,RG,3960,129,D,SQ,YU,F
15:00:00,TLKM,RG,3960,274,D,SQ,YU,F
15:00:00,TLKM,RG,3960,1111,D,SQ,BQ,D
15:00:00,TLKM,RG,3960,50,D,CP,BQ,D
15:00:00,TLKM,RG,3960,1,D,DR,BQ,D
15:00:00,TLKM,RG,3960,2,D,SQ,BQ,D
15:00:00,TLKM,RG,3960,10,D,PD,BQ,D
15:00:00,TLKM,RG,3960,6,D,PD,BQ,D
15:00:00,TLKM,RG,3960,2,D,CP,BQ,D
15:00:00,TLKM,RG,3960,5,D,XC,BQ,D
15:00:00,TLKM,RG,3960,113,D,OD,BQ,D
15:00:00,TLKM,RG,3960,187,D,OD,YU,D
15:00:00,TLKM,RG,3960,1,D,PD,YU,D
15:00:00,TLKM,RG,3960,1,D,MK,YU,D
15:00:00,TLKM,RG,3960,1,D,PD,YU,D
15:00:00,TLKM,RG,3960,1,D,XC,YU,D
15:00:00,TLKM,RG,3960,10,D,YP,YU,D
15:00:00,TLKM,RG,3960,100,D,PD,YU,D
15:00:00,TLKM,RG,3960,3,D,CC,YU,D
15:00:00,TLKM,RG,3960,5,D,PD,YU,D
15:00:00,TLKM,RG,3960,1,D,NI,YU,D
15:00:00,TLKM,RG,3960,1,D,XC,YU,D
15:00:00,TLKM,RG,3960,200,D,PD,YU,D
15:00:00,TLKM,RG,3960,3,D,SQ,YU,D
15:00:00,TLKM,RG,3960,1,D,PD,YU,D
15:00:00,TLKM,RG,3960,2,D,BQ,YU,D
15:00:00,TLKM,RG,3960,3,D,XC,YU,D
15:00:00,TLKM,RG,3960,500,D,YP,YU,D
15:00:00,TLKM,RG,3960,3,D,YP,YU,D
15:00:00,TLKM,RG,3960,25,D,OD,YU,D
15:00:00,TLKM,RG,3960,100,D,XC,YU,D
15:00:00,TLKM,RG,3960,30,D,YP,YU,D
15:00:00,TLKM,RG,3960,25,D,SQ,YU,D
15:00:00,TLKM,RG,3960,200,D,YP,YU,D
15:00:00,TLKM,RG,3960,50,D,XL,YU,D
15:00:00,TLKM,RG,3960,5,D,CC,YU,D
15:00:00,TLKM,RG,3960,1,D,PD,YU,D
15:00:00,TLKM,RG,3960,5,D,OD,YU,D
15:00:00,TLKM,RG,3960,5,D,PD,YU,D
15:00:00,TLKM,RG,3960,5,D,PD,YU,D
15:00:00,TLKM,RG,3960,5,D,SQ,YU,D
15:00:00,TLKM,RG,3960,10,D,PD,YU,D
15:00:00,TLKM,RG,3960,2,D,CC,YU,D
15:00:00,TLKM,RG,3960,25,D,XL,YU,D
15:00:00,TLKM,RG,3960,2,D,SQ,YU,D
15:00:00,TLKM,RG,3960,10,D,PD,YU,D
15:00:00,TLKM,RG,3960,1,D,GR,YU,D
15:00:00,TLKM,RG,3960,1,D,CC,YU,D
15:00:00,TLKM,RG,3960,5,D,CC,YU,D
15:00:00,TLKM,RG,3960,4,D,BQ,YU,D
15:00:00,TLKM,RG,3960,496,D,BQ,YU,D
15:00:00,TLKM,RG,3960,3,D,CC,YU,D
15:00:00,TLKM,RG,3960,10,D,YU,YU,D
15:00:00,TLKM,RG,3960,1,D,YP,YU,D
15:00:00,TLKM,RG,3960,1,D,XC,YU,D
15:00:00,TLKM,RG,3960,30,D,YP,YU,D
15:00:00,TLKM,RG,3960,10,D,SQ,YU,D
15:00:00,TLKM,RG,3960,50,D,YP,YU,D
15:00:00,TLKM,RG,3960,1,D,PD,YU,D
15:00:00,TLKM,RG,3960,2,D,PD,YU,D
15:00:00,TLKM,RG,3960,5,D,PD,YU,D
15:00:00,TLKM,RG,3960,1,D,YP,YU,D
15:00:00,TLKM,RG,3960,20,D,DR,YU,D
15:00:00,TLKM,RG,3960,10,D,DR,YU,D
15:00:00,TLKM,RG,3960,3,D,PD,YU,D
15:00:00,TLKM,RG,3960,5,D,CC,YU,D
15:00:00,TLKM,RG,3960,1,D,NI,YU,D
15:00:00,TLKM,RG,3960,1,D,XC,YU,D
15:00:00,TLKM,RG,3960,1,D,YP,YU,D
15:00:00,TLKM,RG,3960,10,D,YP,YU,D
15:00:00,TLKM,RG,3960,15,D,XL,YU,D
15:00:00,TLKM,RG,3960,10,D,XC,YU,D
15:00:00,TLKM,RG,3960,2,D,XC,YU,D
15:00:00,TLKM,RG,3960,50,D,SQ,YU,D
15:00:00,TLKM,RG,3960,1,D,PD,YU,D
15:00:00,TLKM,RG,3960,3,D,PD,YU,D
15:00:00,TLKM,RG,3960,300,D,AR,YU,D
15:00:00,TLKM,RG,3960,3,D,XC,YU,D
15:00:00,TLKM,RG,3960,9,D,XC,YU,D
15:00:00,TLKM,RG,3960,8,D,PD,YU,D
15:00:00,TLKM,RG,3960,2,D,PD,YU,D
15:00:00,TLKM,RG,3960,750,F,AI,YU,D
15:00:00,TLKM,RG,3960,5,D,YP,YU,D
15:00:00,TLKM,RG,3960,25,D,GR,YU,D
15:00:00,TLKM,RG,3960,5,D,YP,YU,D
15:00:00,TLKM,RG,3960,2,D,CC,YU,D
15:00:00,TLKM,RG,3960,1,D,PD,YU,D
15:00:00,TLKM,RG,3960,10,D,YP,YU,D
15:00:00,TLKM,RG,3960,10,D,PD,YU,D
15:00:00,TLKM,RG,3960,1,D,OD,YU,D
15:00:00,TLKM,RG,3960,12,D,XC,YU,D
15:00:00,TLKM,RG,3960,1,D,XC,YU,D
15:00:00,TLKM,RG,3960,1,D,XC,YU,D
15:00:00,TLKM,RG,3960,2,D,YP,YU,D
15:00:00,TLKM,RG,3960,12,D,XC,YU,D
15:00:00,TLKM,RG,3960,1,D,XC,YU,D
15:00:00,TLKM,RG,3960,25,D,XC,YU,D
15:00:00,TLKM,RG,3960,2,D,XC,YU,D
15:00:00,TLKM,RG,3960,1,D,YP,YU,D
15:00:00,TLKM,RG,3960,1,D,YP,YU,D
15:00:00,TLKM,RG,3960,1,D,XC,YU,D
15:00:00,TLKM,RG,3960,1,D,XC,YU,D
15:00:00,TLKM,RG,3960,1,D,XC,YU,D
15:00:00,TLKM,RG,3960,9,D,XC,YU,D
15:00:00,TLKM,RG,3960,2,D,XC,YU,D
15:00:00,TLKM,RG,3960,1,D,XC,YU,D
15:00:00,TLKM,RG,3960,2,D,XC,YU,D
15:00:00,TLKM,RG,3960,30,D,XC,YU,D
15:00:00,TLKM,RG,3960,1,D,XC,YU,D
15:00:00,TLKM,RG,3960,10,D,XC,YU,D
15:00:00,TLKM,RG,3960,2,D,XC,YU,D
15:00:00,TLKM,RG,3960,1,D,XC,YU,D
15:00:00,TLKM,RG,3960,5,D,XC,YU,D
15:00:00,TLKM,RG,3960,3,D,CC,YU,D
15:00:00,TLKM,RG,3960,100,D,YP,YU,D
15:00:00,TLKM,RG,3960,7,D,XC,YU,D
15:00:00,TLKM,RG,3960,2,D,XL,YU,D
15:00:00,TLKM,RG,3960,5,D,XC,YU,D
15:00:00,TLKM,RG,3960,3,D,XC,YU,D
15:00:00,TLKM,RG,3960,5,D,XC,YU,D
15:00:00,TLKM,RG,3960,1,D,XC,YU,D
15:00:00,TLKM,RG,3960,5,D,XC,YU,D
15:00:00,TLKM,RG,3960,1,D,XC,YU,D
15:00:00,TLKM,RG,3960,4,D,XL,YU,D
15:00:00,TLKM,RG,3960,1,D,XC,YU,D
15:00:00,TLKM,RG,3960,1,D,XC,YU,D
15:00:00,TLKM,RG,3960,1,D,XC,YU,D
15:00:00,TLKM,RG,3960,3,D,YP,YU,D
15:00:00,TLKM,RG,3960,2,D,XC,YU,D
15:00:00,TLKM,RG,3960,100,D,YP,YU,D
15:00:00,TLKM,RG,3960,10,D,CC,YU,D
15:00:00,TLKM,RG,3960,1,D,XC,YU,D
15:00:00,TLKM,RG,3960,1,D,XC,YU,D
15:00:00,TLKM,RG,3960,13,D,XC,YU,D
15:00:00,TLKM,RG,3960,20,D,CC,YU,D
15:00:00,TLKM,RG,3960,1,D,XC,YU,D
15:00:00,TLKM,RG,3960,1,D,XC,YU,D
15:00:00,TLKM,RG,3960,10,D,XC,YU,D
15:00:00,TLKM,RG,3960,3,D,XC,YU,D
15:00:00,TLKM,RG,3960,1,D,YP,YU,D
15:00:00,TLKM,RG,3960,1,D,XC,YU,D
15:00:00,TLKM,RG,3960,10,D,XC,YU,D
15:00:00,TLKM,RG,3960,1,D,XL,YU,D
15:00:00,TLKM,RG,3960,10,D,CC,YU,D
15:00:00,TLKM,RG,3960,1,D,XL,YU,D
15:00:00,TLKM,RG,3960,20,D,YP,YU,D
15:00:00,TLKM,RG,3960,2,D,CC,YU,D
15:00:00,TLKM,RG,3960,1,D,YP,YU,D
15:00:00,TLKM,RG,3960,1,D,YP,YU,D
15:00:00,TLKM,RG,3960,4,D,CC,YU,D
15:00:00,TLKM,RG,3960,5,D,CC,YU,D
15:00:00,TLKM,RG,3960,1,D,XL,YU,D
15:00:00,TLKM,RG,3960,5,D,YP,YU,D
15:00:00,TLKM,RG,3960,1,D,XL,YU,D
15:00:00,TLKM,RG,3960,1,D,YP,YU,D
15:00:00,TLKM,RG,3960,17,D,XL,YU,D
15:00:00,TLKM,RG,3960,50,D,CC,YU,D
15:00:00,TLKM,RG,3960,3,D,XL,YU,D
15:00:00,TLKM,RG,3960,30,D,YP,YU,D
15:00:00,TLKM,RG,3960,1,D,OD,YU,D
15:00:00,TLKM,RG,3960,25,D,OD,YU,D
15:00:00,TLKM,RG,3960,1,D,CC,YU,D
15:00:00,TLKM,RG,3960,10,D,CC,YU,D
15:00:00,TLKM,RG,3960,3,D,CC,YU,D
15:00:00,TLKM,RG,3960,5,D,PD,YU,D
15:00:00,TLKM,RG,3960,1,D,PD,YU,D
15:00:00,TLKM,RG,3960,1,D,YP,YU,D
15:00:00,TLKM,RG,3960,1,D,XL,YU,D
15:00:00,TLKM,RG,3960,1,D,PD,YU,D
15:00:00,TLKM,RG,3960,1,D,PD,YU,D
15:00:00,TLKM,RG,3960,1,D,YP,YU,D
15:00:00,TLKM,RG,3960,1,D,PD,YU,D
15:00:00,TLKM,RG,3960,1,D,PD,YU,D
15:00:00,TLKM,RG,3960,2,D,PD,YU,D
15:00:00,TLKM,RG,3960,1,D,XL,YU,D
15:00:00,TLKM,RG,3960,2,D,PD,YU,D
15:00:00,TLKM,RG,3960,10,D,YP,YU,D
15:00:00,TLKM,RG,3960,5,D,YP,YU,D
15:00:00,TLKM,RG,3960,1,D,PD,YU,D
15:00:00,TLKM,RG,3960,20,D,PD,YU,D
15:00:00,TLKM,RG,3960,10,D,PD,YU,D
15:00:00,TLKM,RG,3960,2,D,PD,YU,D
15:00:00,TLKM,RG,3960,4,D,YP,YU,D
15:00:00,TLKM,RG,3960,1,D,PD,YU,D
15:00:00,TLKM,RG,3960,1,D,PD,YU,D
15:00:00,TLKM,RG,3960,5,D,PD,YU,D
15:00:00,TLKM,RG,3960,1,D,CC,YU,D
15:00:00,TLKM,RG,3960,1,D,PD,YU,D
15:00:00,TLKM,RG,3960,1,D,YP,YU,D
15:00:00,TLKM,RG,3960,2,D,PD,YU,D
15:00:00,TLKM,RG,3960,100,D,CC,YU,D
15:00:00,TLKM,RG,3960,2,D,PD,YU,D
15:00:00,TLKM,RG,3960,2,D,YP,YU,D
15:00:00,TLKM,RG,3960,30,D,YP,YU,D
15:00:00,TLKM,RG,3960,1,D,YP,YU,D
15:00:00,TLKM,RG,3960,24,D,YP,YU,D
15:00:00,TLKM,RG,3960,15,D,YP,YU,D
15:00:00,TLKM,RG,3960,3,D,PD,YU,D
15:00:00,TLKM,RG,3960,1,D,PD,YU,D
15:00:00,TLKM,RG,3960,5,D,PD,YU,D
15:00:00,TLKM,RG,3960,2,D,PD,YU,D
15:00:00,TLKM,RG,3960,1,D,PD,YU,D
15:00:00,TLKM,RG,3960,1,D,PD,YU,D
15:00:00,TLKM,RG,3960,5,D,PD,YU,D
15:00:00,TLKM,RG,3960,2,D,PD,YU,D
15:00:00,TLKM,RG,3960,2,D,PD,YU,D
15:00:00,TLKM,RG,3960,4,D,YP,YU,D
15:00:00,TLKM,RG,3960,2,D,PD,YU,D
15:00:00,TLKM,RG,3960,5,D,LG,YU,D
15:00:00,TLKM,RG,3960,1,D,PD,YU,D
15:00:00,TLKM,RG,3960,20,D,PD,YU,D
15:00:00,TLKM,RG,3960,2,D,XL,YU,D
15:00:00,TLKM,RG,3960,10,D,PD,YU,D
15:00:00,TLKM,RG,3960,11,D,YP,YU,D
15:00:00,TLKM,RG,3960,1,D,PD,YU,D
15:00:00,TLKM,RG,3960,20,D,PD,YU,D
15:00:00,TLKM,RG,3960,5,D,PD,YU,D
15:00:00,TLKM,RG,3960,2,D,PD,YU,D
15:00:00,TLKM,RG,3960,5,D,PD,YU,D
15:00:00,TLKM,RG,3960,20,D,SQ,YU,D
15:00:00,TLKM,RG,3960,1,D,YP,YU,D
15:00:00,TLKM,RG,3960,1,D,SQ,YU,D
15:00:00,TLKM,RG,3960,5,D,KK,YU,D
15:00:00,TLKM,RG,3960,10,D,PD,YU,D
15:00:00,TLKM,RG,3960,10,D,SQ,YU,D
15:00:00,TLKM,RG,3960,1,D,KK,YU,D
15:00:00,TLKM,RG,3960,2,D,KK,YU,D
15:00:00,TLKM,RG,3960,1,D,PD,YU,D
15:00:00,TLKM,RG,3960,5,D,PD,YU,D
15:00:00,TLKM,RG,3960,1,D,KK,YU,D
15:00:00,TLKM,RG,3960,1,D,KK,YU,D
15:00:00,TLKM,RG,3960,1,D,KK,YU,D
15:00:00,TLKM,RG,3960,1,D,SQ,YU,D
15:00:00,TLKM,RG,3960,3,D,SQ,YU,D
15:00:00,TLKM,RG,3960,135,F,SQ,YU,D
15:00:00,TLKM,RG,3960,20,D,YP,YU,D
15:00:00,TLKM,RG,3960,50,D,KK,YU,D
15:00:00,TLKM,RG,3960,20,D,SQ,YU,D
15:00:00,TLKM,RG,3960,1,D,DH,YU,D
15:00:00,TLKM,RG,3960,1,D,PD,YU,D
15:00:00,TLKM,RG,3960,510,D,NI,YU,D
15:00:00,TLKM,RG,3960,10,D,GR,YU,D
15:00:00,TLKM,RG,3960,3,D,XL,YU,D
15:00:00,TLKM,RG,3960,50,D,HD,YU,D
15:00:00,TLKM,RG,3960,2,D,YP,YU,D
15:00:00,TLKM,RG,3960,1,D,AT,YU,D
15:00:00,TLKM,RG,3960,5,D,YP,YU,D
15:00:00,TLKM,RG,3960,1,D,XL,YU,D
15:00:00,TLKM,RG,3960,4,D,CC,YU,D
15:00:00,TLKM,RG,3960,1,D,NI,YU,D
15:00:00,TLKM,RG,3960,10,D,MG,YU,D
15:00:00,TLKM,RG,3960,1,D,AI,YU,D
15:00:00,TLKM,RG,3960,2,D,PD,YU,D
15:00:00,TLKM,RG,3960,1,D,PD,YU,D
15:00:00,TLKM,RG,3960,5,D,YP,YU,D
15:00:00,TLKM,RG,3960,6,D,CC,YU,D
15:00:00,TLKM,RG,3960,10,D,CC,YU,D
15:00:00,TLKM,RG,3960,2,D,DR,YU,D
15:00:00,TLKM,RG,3960,5,D,YP,YU,D
15:00:00,TLKM,RG,3960,5,D,PD,YU,D
15:00:00,TLKM,RG,3960,1,D,PD,YU,D
15:00:00,TLKM,RG,3960,10,D,CC,YU,D
15:00:00,TLKM,RG,3960,1,D,GR,YU,D
15:00:00,TLKM,RG,3960,100,D,YP,YU,D
15:00:00,TLKM,RG,3960,1,D,SQ,YU,D
15:00:00,TLKM,RG,3960,11,D,CC,YU,D
15:00:00,TLKM,RG,3960,500,D,YP,YU,D
15:00:00,TLKM,RG,3960,5,D,XL,YU,D
15:00:00,TLKM,RG,3960,30,D,AZ,YU,D
15:00:00,TLKM,RG,3960,3,D,CC,YU,D
15:00:00,TLKM,RG,3960,1,D,XL,YU,D
15:00:00,TLKM,RG,3960,15,D,KK,YU,D
15:00:00,TLKM,RG,3960,5,D,PD,YU,D
15:00:00,TLKM,RG,3960,500,D,CP,YU,D
15:00:00,TLKM,RG,3960,10,D,EP,YU,D
15:00:00,TLKM,RG,3960,2,D,CC,YU,D
15:00:00,TLKM,RG,3960,5,D,HP,YU,D
15:00:00,TLKM,RG,3960,2,D,YP,YU,D
15:00:00,TLKM,RG,3960,2,D,AZ,YU,D
15:00:00,TLKM,RG,3960,8,D,AZ,PD,D
15:00:00,TLKM,RG,3960,62,D,DH,PD,D
15:00:00,TLKM,RG,3960,38,D,DH,YU,F
15:00:00,TLKM,RG,3960,5,D,PD,YU,F
15:00:00,TLKM,RG,3960,10,D,YP,YU,F
15:00:00,TLKM,RG,3960,3354,F,BK,YU,F
15:00:00,TLKM,RG,3960,15,D,PD,YU,F
15:00:00,TLKM,RG,3960,1,D,YP,YU,F
15:00:00,TLKM,RG,3960,6,D,XC,YU,F
15:00:00,TLKM,RG,3960,3,D,XC,YU,F
15:00:00,TLKM,RG,3960,1,F,OD,YU,F
15:00:00,TLKM,RG,3960,20,D,CC,YU,F
15:00:00,TLKM,RG,3960,1651,F,BK,YU,F
15:00:00,TLKM,RG,3960,10,F,BK,DR,D
15:00:00,TLKM,RG,3960,1911,F,BK,BK,F
15:00:00,TLKM,RG,3960,30,F,BK,BK,F
15:00:00,TLKM,RG,3960,400,F,BK,CC,F
15:00:00,TLKM,RG,3960,7,F,BK,IP,D
15:00:00,TLKM,RG,3960,3,F,BK,IP,D
15:00:00,TLKM,RG,3960,3,F,BK,IP,D
15:00:00,TLKM,RG,3960,3,F,BK,IP,D
15:00:00,TLKM,RG,3960,3,F,BK,IP,D
15:00:00,TLKM,RG,3960,3,F,BK,IP,D
15:00:00,TLKM,RG,3960,3,F,BK,IP,D
15:00:00,TLKM,RG,3960,3,F,BK,IP,D
15:00:00,TLKM,RG,3960,3,F,BK,IP,D
15:00:00,TLKM,RG,3960,3,F,BK,IP,D
15:00:00,TLKM,RG,3960,3,F,BK,IP,D
15:00:00,TLKM,RG,3960,3,F,BK,IP,D
15:00:00,TLKM,RG,3960,3,F,BK,IP,D
15:00:00,TLKM,RG,3960,3,F,BK,IP,D
15:00:00,TLKM,RG,3960,3,F,BK,IP,D
15:00:00,TLKM,RG,3960,3,F,BK,IP,D
15:00:00,TLKM,RG,3960,3,F,BK,IP,D
15:00:00,TLKM,RG,3960,3,F,BK,IP,D
15:00:00,TLKM,RG,3960,3,F,BK,IP,D
15:00:00,TLKM,RG,3960,3,F,BK,IP,D
15:00:00,TLKM,RG,3960,3,F,BK,IP,D
15:00:00,TLKM,RG,3960,3,F,BK,IP,D
15:00:00,TLKM,RG,3960,3,F,BK,IP,D
15:00:00,TLKM,RG,3960,3,F,BK,IP,D
15:00:00,TLKM,RG,3960,3,F,BK,IP,D
15:00:00,TLKM,RG,3960,3,F,BK,IP,D
15:00:00,TLKM,RG,3960,3,F,BK,IP,D
15:00:00,TLKM,RG,3960,3,F,BK,IP,D
15:00:00,TLKM,RG,3960,3,F,BK,IP,D
15:00:00,TLKM,RG,3960,3,F,BK,IP,D
15:00:00,TLKM,RG,3960,3,F,BK,IP,D
15:00:00,TLKM,RG,3960,3,F,BK,IP,D
15:00:00,TLKM,RG,3960,3,F,BK,IP,D
15:00:00,TLKM,RG,3960,3,F,BK,IP,D
15:00:00,TLKM,RG,3960,3,F,BK,IP,D
15:00:00,TLKM,RG,3960,3,F,BK,IP,D
15:00:00,TLKM,RG,3960,3,F,BK,IP,D
15:00:00,TLKM,RG,3960,3,F,BK,IP,D
15:00:00,TLKM,RG,3960,3,F,BK,IP,D
15:00:00,TLKM,RG,3960,3,F,BK,IP,D
15:00:00,TLKM,RG,3960,3,F,BK,IP,D
15:00:00,TLKM,RG,3960,3,F,BK,IP,D
15:00:00,TLKM,RG,3960,3,F,BK,IP,D
15:00:00,TLKM,RG,3960,3,F,BK,IP,D
15:00:00,TLKM,RG,3960,3,F,BK,IP,D
15:00:00,TLKM,RG,3960,3,F,BK,IP,D
15:00:00,TLKM,RG,3960,3,F,BK,IP,D
15:00:00,TLKM,RG,3960,3,F,BK,IP,D
15:00:00,TLKM,RG,3960,3,F,BK,IP,D
15:00:00,TLKM,RG,3960,3,F,BK,IP,D
15:00:00,TLKM,RG,3960,1,F,BK,IP,D
15:00:00,TLKM,RG,3960,1,F,BK,IP,D
15:00:00,TLKM,RG,3960,1,F,BK,IP,D
15:00:00,TLKM,RG,3960,1,F,BK,IP,D
15:00:00,TLKM,RG,3960,1,F,BK,IP,D
15:00:00,TLKM,RG,3960,1,F,BK,IP,D
15:00:00,TLKM,RG,3960,1,F,BK,IP,D
15:00:00,TLKM,RG,3960,1,F,BK,IP,D
15:00:00,TLKM,RG,3960,1,F,BK,IP,D
15:00:00,TLKM,RG,3960,1,F,BK,IP,D
15:00:00,TLKM,RG,3960,1,F,BK,IP,D
15:00:00,TLKM,RG,3960,1,F,BK,IP,D
15:00:00,TLKM,RG,3960,1,F,BK,IP,D
15:00:00,TLKM,RG,3960,1,F,BK,IP,D
15:00:00,TLKM,RG,3960,1,F,BK,IP,D
15:00:00,TLKM,RG,3960,1,F,BK,IP,D
15:00:00,TLKM,RG,3960,1,F,BK,IP,D
15:00:00,TLKM,RG,3960,1,F,BK,IP,D
15:00:00,TLKM,RG,3960,1,F,BK,IP,D
15:00:00,TLKM,RG,3960,1,F,BK,IP,D
15:00:00,TLKM,RG,3960,1,F,BK,IP,D
15:00:00,TLKM,RG,3960,1,F,BK,IP,D
15:00:00,TLKM,RG,3960,1,F,BK,IP,D
15:00:00,TLKM,RG,3960,1,F,BK,IP,D
15:00:00,TLKM,RG,3960,1,F,BK,IP,D
15:00:00,TLKM,RG,3960,1,F,BK,IP,D
15:00:00,TLKM,RG,3960,1,F,BK,IP,D
15:00:00,TLKM,RG,3960,1,F,BK,IP,D
15:00:00,TLKM,RG,3960,1,F,BK,IP,D
15:00:00,TLKM,RG,3960,1,F,BK,IP,D
15:00:00,TLKM,RG,3960,1,F,BK,IP,D
15:00:00,TLKM,RG,3960,1,F,BK,IP,D
15:00:00,TLKM,RG,3960,1,F,BK,IP,D
15:00:00,TLKM,RG,3960,1,F,BK,IP,D
15:00:00,TLKM,RG,3960,1,F,BK,IP,D
15:00:00,TLKM,RG,3960,1,F,BK,IP,D
15:00:00,TLKM,RG,3960,1,F,BK,IP,D
15:00:00,TLKM,RG,3960,1,F,BK,IP,D
15:00:00,TLKM,RG,3960,1,F,BK,IP,D
15:00:00,TLKM,RG,3960,1,F,BK,IP,D
15:00:00,TLKM,RG,3960,1,F,BK,IP,D
15:00:00,TLKM,RG,3960,1,F,BK,IP,D
15:00:00,TLKM,RG,3960,1,F,BK,IP,D
15:00:00,TLKM,RG,3960,1,F,BK,IP,D
15:00:00,TLKM,RG,3960,1,F,BK,IP,D
15:00:00,TLKM,RG,3960,1,F,BK,IP,D
15:00:00,TLKM,RG,3960,1,F,BK,IP,D
15:00:00,TLKM,RG,3960,1,F,BK,IP,D
15:00:00,TLKM,RG,3960,1,F,BK,IP,D
15:00:00,TLKM,RG,3960,1,F,BK,IP,D
15:00:00,TLKM,RG,3960,1,F,BK,IP,D
15:00:00,TLKM,RG,3960,1,F,BK,IP,D
15:00:00,TLKM,RG,3960,1,F,BK,IP,D
15:00:00,TLKM,RG,3960,1,F,BK,IP,D
15:00:00,TLKM,RG,3960,1,F,BK,IP,D
15:00:00,TLKM,RG,3960,1,F,BK,IP,D
15:00:00,TLKM,RG,3960,1,F,BK,IP,D
15:00:00,TLKM,RG,3960,1,F,BK,IP,D
15:00:00,TLKM,RG,3960,1,F,BK,IP,D
15:00:00,TLKM,RG,3960,1,F,BK,IP,D
15:00:00,TLKM,RG,3960,1,F,BK,IP,D
15:00:00,TLKM,RG,3960,1,F,BK,IP,D
15:00:00,TLKM,RG,3960,1,F,BK,IP,D
15:00:00,TLKM,RG,3960,1,F,BK,IP,D
15:00:00,TLKM,RG,3960,1,F,BK,IP,D
15:00:00,TLKM,RG,3960,1,F,BK,IP,D
15:00:00,TLKM,RG,3960,1,F,BK,IP,D
15:00:00,TLKM,RG,3960,1,F,BK,IP,D
15:00:00,TLKM,RG,3960,1,F,BK,IP,D
15:00:00,TLKM,RG,3960,1,F,BK,IP,D
15:00:00,TLKM,RG,3960,1,F,BK,IP,D
15:00:00,TLKM,RG,3960,1,F,BK,IP,D
15:00:00,TLKM,RG,3960,1,F,BK,IP,D
15:00:00,TLKM,RG,3960,1,F,BK,IP,D
15:00:00,TLKM,RG,3960,1,F,BK,IP,D
15:00:00,TLKM,RG,3960,1,F,BK,IP,D
15:00:00,TLKM,RG,3960,1,F,BK,IP,D
15:00:00,TLKM,RG,3960,1,F,BK,IP,D
15:00:00,TLKM,RG,3960,1,F,BK,IP,D
15:00:00,TLKM,RG,3960,1,F,BK,IP,D
15:00:00,TLKM,RG,3960,1,F,BK,IP,D
15:00:00,TLKM,RG,3960,1,F,BK,IP,D
15:00:00,TLKM,RG,3960,1,F,BK,IP,D
15:00:00,TLKM,RG,3960,1,F,BK,IP,D
15:00:00,TLKM,RG,3960,1,F,BK,IP,D
15:00:00,TLKM,RG,3960,1,F,BK,IP,D
15:00:00,TLKM,RG,3960,1,F,BK,IP,D
15:00:00,TLKM,RG,3960,1,F,BK,IP,D
15:00:00,TLKM,RG,3960,1,F,BK,IP,D
15:00:00,TLKM,RG,3960,1,F,BK,IP,D
15:00:00,TLKM,RG,3960,1,F,BK,IP,D
15:00:00,TLKM,RG,3960,1,F,BK,IP,D
15:00:00,TLKM,RG,3960,1,F,BK,IP,D
15:00:00,TLKM,RG,3960,1,F,BK,IP,D
15:00:00,TLKM,RG,3960,1,F,BK,IP,D
15:00:00,TLKM,RG,3960,1,F,BK,IP,D
15:00:00,TLKM,RG,3960,1,F,BK,IP,D
15:00:00,TLKM,RG,3960,1,F,BK,IP,D
15:00:00,TLKM,RG,3960,1,F,BK,IP,D
15:00:00,TLKM,RG,3960,1,F,BK,IP,D
15:00:00,TLKM,RG,3960,1,F,BK,IP,D
15:00:00,TLKM,RG,3960,1,F,BK,IP,D
15:00:00,TLKM,RG,3960,1,F,BK,IP,D
15:00:00,TLKM,RG,3960,1,F,BK,IP,D
15:00:00,TLKM,RG,3960,1,F,BK,IP,D
15:00:00,TLKM,RG,3960,1,F,BK,IP,D
15:00:00,TLKM,RG,3960,1,F,BK,IP,D
15:00:00,TLKM,RG,3960,1,F,BK,IP,D
15:00:00,TLKM,RG,3960,1,F,BK,IP,D
15:00:00,TLKM,RG,3960,1,F,BK,IP,D
15:00:00,TLKM,RG,3960,1,F,BK,IP,D
15:00:00,TLKM,RG,3960,1,F,BK,IP,D
15:00:00,TLKM,RG,3960,1,F,BK,IP,D
15:00:00,TLKM,RG,3960,1,F,BK,IP,D
15:00:00,TLKM,RG,3960,1,F,BK,IP,D
15:00:00,TLKM,RG,3960,1,F,BK,IP,D
15:00:00,TLKM,RG,3960,1,F,BK,IP,D
15:00:00,TLKM,RG,3960,1,F,BK,IP,D
15:00:00,TLKM,RG,3960,1,F,BK,IP,D
15:00:00,TLKM,RG,3960,1,F,BK,IP,D
15:00:00,TLKM,RG,3960,1,F,BK,IP,D
15:00:00,TLKM,RG,3960,1,F,BK,IP,D
15:00:00,TLKM,RG,3960,1,F,BK,IP,D
15:00:00,TLKM,RG,3960,1,F,BK,IP,D
15:00:00,TLKM,RG,3960,1,F,BK,IP,D
15:00:00,TLKM,RG,3960,1,F,BK,IP,D
15:00:00,TLKM,RG,3960,1,F,BK,IP,D
15:00:00,TLKM,RG,3960,1,F,BK,IP,D
15:00:00,TLKM,RG,3960,1,F,BK,IP,D
15:00:00,TLKM,RG,3960,1,F,BK,IP,D
15:00:00,TLKM,RG,3960,1,F,BK,IP,D
15:00:00,TLKM,RG,3960,1,F,BK,IP,D
15:00:00,TLKM,RG,3960,1,F,BK,IP,D
15:00:00,TLKM,RG,3960,1,F,BK,IP,D
15:00:00,TLKM,RG,3960,1,F,BK,IP,D
15:00:00,TLKM,RG,3960,1,F,BK,IP,D
15:00:00,TLKM,RG,3960,1,F,BK,IP,D
15:00:00,TLKM,RG,3960,1,F,BK,IP,D
15:00:00,TLKM,RG,3960,1,F,BK,IP,D
15:00:00,TLKM,RG,3960,1,F,BK,IP,D
15:00:00,TLKM,RG,3960,1,F,BK,IP,D
15:00:00,TLKM,RG,3960,1,F,BK,IP,D
15:00:00,TLKM,RG,3960,1,F,BK,IP,D
15:00:00,TLKM,RG,3960,1,F,BK,IP,D
15:00:00,TLKM,RG,3960,1,F,BK,IP,D
15:00:00,TLKM,RG,3960,1,F,BK,IP,D
15:00:00,TLKM,RG,3960,1,F,BK,IP,D
15:00:00,TLKM,RG,3960,1,F,BK,IP,D
15:00:00,TLKM,RG,3960,1,F,BK,IP,D
15:00:00,TLKM,RG,3960,1,F,BK,IP,D
15:00:00,TLKM,RG,3960,1,F,BK,IP,D
15:00:00,TLKM,RG,3960,1,F,BK,IP,D
15:00:00,TLKM,RG,3960,1,F,BK,IP,D
15:00:00,TLKM,RG,3960,1,F,BK,IP,D
15:00:00,TLKM,RG,3960,1,F,BK,IP,D
15:00:00,TLKM,RG,3960,1,F,BK,IP,D
15:00:00,TLKM,RG,3960,1,F,BK,IP,D
15:00:00,TLKM,RG,3960,1,F,BK,IP,D
15:00:00,TLKM,RG,3960,1,F,BK,IP,D
15:00:00,TLKM,RG,3960,1,F,BK,IP,D
15:00:00,TLKM,RG,3960,1,F,BK,IP,D
15:00:00,TLKM,RG,3960,1,F,BK,IP,D
15:00:00,TLKM,RG,3960,1,F,BK,IP,D
15:00:00,TLKM,RG,3960,1,F,BK,IP,D
15:00:00,TLKM,RG,3960,1,F,BK,IP,D
15:00:00,TLKM,RG,3960,1,F,BK,IP,D
15:00:00,TLKM,RG,3960,1,F,BK,IP,D
15:00:00,TLKM,RG,3960,1,F,BK,IP,D
15:00:00,TLKM,RG,3960,1,F,BK,IP,D
15:00:00,TLKM,RG,3960,1,F,BK,IP,D
15:00:00,TLKM,RG,3960,1,F,BK,IP,D
15:00:00,TLKM,RG,3960,1,F,BK,IP,D
15:00:00,TLKM,RG,3960,1,F,BK,IP,D
15:00:00,TLKM,RG,3960,1,F,BK,IP,D
15:00:00,TLKM,RG,3960,1,F,BK,IP,D
15:00:00,TLKM,RG,3960,1,F,BK,IP,D
15:00:00,TLKM,RG,3960,1,F,BK,IP,D
15:00:00,TLKM,RG,3960,1,F,BK,IP,D
15:00:00,TLKM,RG,3960,1,F,BK,IP,D
15:00:00,TLKM,RG,3960,1,F,BK,IP,D
15:00:00,TLKM,RG,3960,1,F,BK,IP,D
15:00:00,TLKM,RG,3960,1,F,BK,IP,D
15:00:00,TLKM,RG,3960,1,F,BK,IP,D
15:00:00,TLKM,RG,3960,1,F,BK,IP,D
15:00:00,TLKM,RG,3960,1,F,BK,IP,D
15:00:00,TLKM,RG,3960,1,F,BK,IP,D
15:00:00,TLKM,RG,3960,1,F,BK,IP,D
15:00:00,TLKM,RG,3960,1,F,BK,IP,D
15:00:00,TLKM,RG,3960,1,F,BK,IP,D
15:00:00,TLKM,RG,3960,1,F,BK,IP,D
15:00:00,TLKM,RG,3960,1,F,BK,IP,D
15:00:00,TLKM,RG,3960,1,F,BK,IP,D
15:00:00,TLKM,RG,3960,1,F,BK,IP,D
15:00:00,TLKM,RG,3960,1,F,BK,IP,D
15:00:00,TLKM,RG,3960,1,F,BK,IP,D
15:00:00,TLKM,RG,3960,1,F,BK,IP,D
15:00:00,TLKM,RG,3960,1,F,BK,IP,D
15:00:00,TLKM,RG,3960,1,F,BK,IP,D
15:00:00,TLKM,RG,3960,1,F,BK,IP,D
15:00:00,TLKM,RG,3960,1,F,BK,IP,D
15:00:00,TLKM,RG,3960,1,F,BK,IP,D
15:00:00,TLKM,RG,3960,1,F,BK,IP,D
15:00:00,TLKM,RG,3960,1,F,BK,IP,D
15:00:00,TLKM,RG,3960,1,F,BK,IP,D
15:00:00,TLKM,RG,3960,1,F,BK,IP,D
15:00:00,TLKM,RG,3960,1,F,BK,IP,D
15:00:00,TLKM,RG,3960,1,F,BK,IP,D
15:00:00,TLKM,RG,3960,1,F,BK,IP,D
15:00:00,TLKM,RG,3960,1,F,BK,IP,D
15:00:00,TLKM,RG,3960,1,F,BK,IP,D
15:00:00,TLKM,RG,3960,1,F,BK,IP,D
15:00:00,TLKM,RG,3960,1,F,BK,IP,D
15:00:00,TLKM,RG,3960,1,F,BK,IP,D
15:00:00,TLKM,RG,3960,1,F,BK,IP,D
15:00:00,TLKM,RG,3960,1,F,BK,IP,D
15:00:00,TLKM,RG,3960,1,F,BK,IP,D
15:00:00,TLKM,RG,3960,1,F,BK,IP,D
15:00:00,TLKM,RG,3960,1,F,BK,IP,D
15:00:00,TLKM,RG,3960,1,F,BK,IP,D
15:00:00,TLKM,RG,3960,1,F,BK,IP,D
15:00:00,TLKM,RG,3960,1,F,BK,IP,D
15:00:00,TLKM,RG,3960,1,F,BK,IP,D
15:00:00,TLKM,RG,3960,1,F,BK,IP,D
15:00:00,TLKM,RG,3960,1,F,BK,IP,D
15:00:00,TLKM,RG,3960,1,F,BK,IP,D
15:00:00,TLKM,RG,3960,1,F,BK,IP,D
15:00:00,TLKM,RG,3960,1,F,BK,IP,D
15:00:00,TLKM,RG,3960,1,F,BK,IP,D
15:00:00,TLKM,RG,3960,1,F,BK,IP,D
15:00:00,TLKM,RG,3960,1,F,BK,IP,D
15:00:00,TLKM,RG,3960,1,F,BK,IP,D
15:00:00,TLKM,RG,3960,1,F,BK,IP,D
15:00:00,TLKM,RG,3960,1,F,BK,IP,D
15:00:00,TLKM,RG,3960,1,F,BK,IP,D
15:00:00,TLKM,RG,3960,1,F,BK,IP,D
15:00:00,TLKM,RG,3960,1,F,BK,IP,D
15:00:00,TLKM,RG,3960,1,F,BK,IP,D
15:00:00,TLKM,RG,3960,1,F,BK,IP,D
15:00:00,TLKM,RG,3960,1,F,BK,IP,D
15:00:00,TLKM,RG,3960,1,F,BK,IP,D
15:00:00,TLKM,RG,3960,1,F,BK,IP,D
15:00:00,TLKM,RG,3960,1,F,BK,IP,D
15:00:00,TLKM,RG,3960,1,F,BK,IP,D
15:00:00,TLKM,RG,3960,1,F,BK,IP,D
15:00:00,TLKM,RG,3960,1,F,BK,IP,D
15:00:00,TLKM,RG,3960,1,F,BK,IP,D
15:00:00,TLKM,RG,3960,1,F,BK,IP,D
15:00:00,TLKM,RG,3960,1,F,BK,IP,D
15:00:00,TLKM,RG,3960,1,F,BK,IP,D
15:00:00,TLKM,RG,3960,1,F,BK,IP,D
15:00:00,TLKM,RG,3960,1,F,BK,IP,D
15:00:00,TLKM,RG,3960,1,F,BK,IP,D
15:00:00,TLKM,RG,3960,1,F,BK,IP,D
15:00:00,TLKM,RG,3960,1,F,BK,IP,D
15:00:00,TLKM,RG,3960,1,F,BK,IP,D
15:00:00,TLKM,RG,3960,1,F,BK,IP,D
15:00:00,TLKM,RG,3960,1,F,BK,IP,D
15:00:00,TLKM,RG,3960,1,F,BK,IP,D
15:00:00,TLKM,RG,3960,1,F,BK,IP,D
15:00:00,TLKM,RG,3960,1,F,BK,IP,D
15:00:00,TLKM,RG,3960,1,F,BK,IP,D
15:00:00,TLKM,RG,3960,1,F,BK,IP,D
15:00:00,TLKM,RG,3960,1,F,BK,IP,D
15:00:00,TLKM,RG,3960,1,F,BK,IP,D
15:00:00,TLKM,RG,3960,1,F,BK,IP,D
15:00:00,TLKM,RG,3960,1,F,BK,IP,D
15:00:00,TLKM,RG,3960,1,F,BK,IP,D
15:00:00,TLKM,RG,3960,1,F,BK,IP,D
15:00:00,TLKM,RG,3960,1,F,BK,IP,D
15:00:00,TLKM,RG,3960,1,F,BK,IP,D
15:00:00,TLKM,RG,3960,1,F,BK,IP,D
15:00:00,TLKM,RG,3960,1,F,BK,IP,D
15:00:00,TLKM,RG,3960,1,F,BK,IP,D
15:00:00,TLKM,RG,3960,1,F,BK,IP,D
15:00:00,TLKM,RG,3960,1,F,BK,IP,D
15:00:00,TLKM,RG,3960,1,F,BK,IP,D
15:00:00,TLKM,RG,3960,1,F,BK,IP,D
15:00:00,TLKM,RG,3960,1,F,BK,IP,D
15:00:00,TLKM,RG,3960,1,F,BK,IP,D
15:00:00,TLKM,RG,3960,1,F,BK,IP,D
15:00:00,TLKM,RG,3960,1,F,BK,IP,D
15:00:00,TLKM,RG,3960,1,F,BK,IP,D
15:00:00,TLKM,RG,3960,1,F,BK,IP,D
15:00:00,TLKM,RG,3960,1,F,BK,IP,D
15:00:00,TLKM,RG,3960,1,F,BK,IP,D
15:00:00,TLKM,RG,3960,1,F,BK,IP,D
15:00:00,TLKM,RG,3960,1,F,BK,IP,D
15:00:00,TLKM,RG,3960,1,F,BK,IP,D
15:00:00,TLKM,RG,3960,1,F,BK,IP,D
15:00:00,TLKM,RG,3960,1,F,BK,IP,D
15:00:00,TLKM,RG,3960,1,F,BK,IP,D
15:00:00,TLKM,RG,3960,1,F,BK,IP,D
15:00:00,TLKM,RG,3960,1,F,BK,IP,D
15:00:00,TLKM,RG,3960,1,F,BK,IP,D
15:00:00,TLKM,RG,3960,1,F,BK,IP,D
15:00:00,TLKM,RG,3960,1,F,BK,IP,D
15:00:00,TLKM,RG,3960,1,F,BK,IP,D
15:00:00,TLKM,RG,3960,1,F,BK,IP,D
15:00:00,TLKM,RG,3960,1,F,BK,IP,D
15:00:00,TLKM,RG,3960,1,F,BK,IP,D
15:00:00,TLKM,RG,3960,1,F,BK,IP,D
15:00:00,TLKM,RG,3960,1,F,BK,IP,D
15:00:00,TLKM,RG,3960,1,F,BK,IP,D
15:00:00,TLKM,RG,3960,1,F,BK,IP,D
15:00:00,TLKM,RG,3960,1,F,BK,IP,D
15:00:00,TLKM,RG,3960,1,F,BK,IP,D
15:00:00,TLKM,RG,3960,1,F,BK,IP,D
15:00:00,TLKM,RG,3960,1,F,BK,IP,D
15:00:00,TLKM,RG,3960,1,F,BK,IP,D
15:00:00,TLKM,RG,3960,1,F,BK,IP,D
15:00:00,TLKM,RG,3960,1,F,BK,IP,D
15:00:00,TLKM,RG,3960,1,F,BK,IP,D
15:00:00,TLKM,RG,3960,1,F,BK,IP,D
15:00:00,TLKM,RG,3960,1,F,BK,IP,D
15:00:00,TLKM,RG,3960,1,F,BK,IP,D
15:00:00,TLKM,RG,3960,1,F,BK,IP,D
15:00:00,TLKM,RG,3960,1,F,BK,IP,D
15:00:00,TLKM,RG,3960,1,F,BK,IP,D
15:00:00,TLKM,RG,3960,1,F,BK,IP,D
15:00:00,TLKM,RG,3960,1,F,BK,IP,D
15:00:00,TLKM,RG,3960,1,F,BK,IP,D
15:00:00,TLKM,RG,3960,1,F,BK,IP,D
15:00:00,TLKM,RG,3960,1,F,BK,IP,D
15:00:00,TLKM,RG,3960,1,F,BK,IP,D
15:00:00,TLKM,RG,3960,1,F,BK,IP,D
15:00:00,TLKM,RG,3960,1,F,BK,IP,D
15:00:00,TLKM,RG,3960,1,F,BK,IP,D
15:00:00,TLKM,RG,3960,1,F,BK,IP,D
15:00:00,TLKM,RG,3960,1,F,BK,IP,D
15:00:00,TLKM,RG,3960,1,F,BK,IP,D
15:00:00,TLKM,RG,3960,1,F,BK,IP,D
15:00:00,TLKM,RG,3960,1,F,BK,IP,D
15:00:00,TLKM,RG,3960,1,F,BK,IP,D
15:00:00,TLKM,RG,3960,1,F,BK,IP,D
15:00:00,TLKM,RG,3960,1,F,BK,IP,D
15:00:00,TLKM,RG,3960,1,F,BK,IP,D
15:00:00,TLKM,RG,3960,1,F,BK,IP,D
15:00:00,TLKM,RG,3960,1,F,BK,IP,D
15:00:00,TLKM,RG,3960,1,F,BK,IP,D
15:00:00,TLKM,RG,3960,1,F,BK,IP,D
15:00:00,TLKM,RG,3960,1,F,BK,IP,D
15:00:00,TLKM,RG,3960,1,F,BK,IP,D
15:00:00,TLKM,RG,3960,1,F,BK,IP,D
15:00:00,TLKM,RG,3960,1,F,BK,IP,D
15:00:00,TLKM,RG,3960,1,F,BK,IP,D
15:00:00,TLKM,RG,3960,1,F,BK,IP,D
15:00:00,TLKM,RG,3960,1,F,BK,IP,D
15:00:00,TLKM,RG,3960,1,F,BK,IP,D
15:00:00,TLKM,RG,3960,1,F,BK,IP,D
15:00:00,TLKM,RG,3960,388,F,BK,BK,F
15:00:00,TLKM,RG,3960,2371,F,BK,BK,F
15:00:00,TLKM,RG,3960,3,F,BK,ZP,F
15:00:00,TLKM,RG,3960,2519,F,BK,BK,F
15:00:00,TLKM,RG,3960,4893,F,BK,BK,F
15:00:00,TLKM,RG,3960,515,F,BK,BK,F
15:00:00,TLKM,RG,3960,924,F,BK,ZP,F
15:00:00,TLKM,RG,3960,1957,F,BK,ZP,F
15:00:00,TLKM,RG,3960,1497,F,BK,AK,F
15:00:00,TLKM,RG,3960,2,D,YP,AK,F
15:00:00,TLKM,RG,3960,11,D,KK,AK,F
15:00:00,TLKM,RG,3960,96,D,XC,AK,F
15:00:00,TLKM,RG,3960,1,D,GR,AK,F
15:00:00,TLKM,RG,3960,10,D,PD,AK,F
15:00:00,TLKM,RG,3960,100,D,ES,AK,F
15:00:00,TLKM,RG,3960,5,D,AZ,AK,F
15:00:00,TLKM,RG,3960,1,D,XC,AK,F
15:00:00,TLKM,RG,3960,10,D,YP,AK,F
15:00:00,TLKM,RG,3960,5,D,DX,AK,F
15:00:00,TLKM,RG,3960,1,D,AT,AK,F
15:00:00,TLKM,RG,3960,1,D,XL,AK,F
15:00:00,TLKM,RG,3960,10,D,KK,AK,F
15:00:00,TLKM,RG,3960,1,D,XC,AK,F
15:00:00,TLKM,RG,3960,1,D,PD,AK,F
15:00:00,TLKM,RG,3960,1,D,YP,AK,F
15:00:00,TLKM,RG,3960,1,D,YP,AK,F
15:00:00,TLKM,RG,3960,3,D,PD,AK,F
15:00:00,TLKM,RG,3960,25,D,XC,AK,F
15:00:00,TLKM,RG,3960,3,D,EP,AK,F
15:00:00,TLKM,RG,3960,1,D,NI,AK,F
15:00:00,TLKM,RG,3960,50,D,ES,AK,F
15:00:00,TLKM,RG,3960,1,D,SQ,AK,F
15:00:00,TLKM,RG,3960,10,D,AZ,AK,F
15:00:00,TLKM,RG,3960,100,D,GR,AK,F
15:00:00,TLKM,RG,3960,1000,D,ZP,AK,F
15:00:00,TLKM,RG,3960,5,D,YP,AK,F
15:00:00,TLKM,RG,3960,2,D,XC,AK,F
15:00:00,TLKM,RG,3960,1,D,XC,AK,F
15:00:00,TLKM,RG,3960,4,D,DR,AK,F
15:00:00,TLKM,RG,3960,31,D,EP,AK,F
15:00:00,TLKM,RG,3960,1,D,XL,AK,F
15:00:00,TLKM,RG,3960,14,D,KK,AK,F
15:00:00,TLKM,RG,3960,1,D,PD,AK,F
15:00:00,TLKM,RG,3960,50,D,AG,AK,F
15:00:00,TLKM,RG,3960,3,D,KK,AK,F
15:00:00,TLKM,RG,3960,1,D,XC,AK,F
15:00:00,TLKM,RG,3960,25,D,SQ,AK,F
15:00:00,TLKM,RG,3960,2000,D,ZP,AK,F
15:00:00,TLKM,RG,3960,50,D,YP,AK,F
15:00:00,TLKM,RG,3960,1,D,YP,AK,F
15:00:00,TLKM,RG,3960,2,D,DH,AK,F
15:00:00,TLKM,RG,3960,10,D,SQ,AK,F
15:00:00,TLKM,RG,3960,200,D,SQ,AK,F
15:00:00,TLKM,RG,3960,200,D,NI,AK,F
15:00:00,TLKM,RG,3960,7,D,XL,AK,F
15:00:00,TLKM,RG,3960,10,D,OD,AK,F
15:00:00,TLKM,RG,3960,1,D,XL,AK,F
15:00:00,TLKM,RG,3960,185,D,CC,AK,F
15:00:00,TLKM,RG,3960,15,D,CC,ZP,F
15:00:00,TLKM,RG,3960,1,D,XC,ZP,F
15:00:00,TLKM,RG,3960,10,D,PD,ZP,F
15:00:00,TLKM,RG,3960,20,D,DR,ZP,F
15:00:00,TLKM,RG,3960,8,D,XC,ZP,F
15:00:00,TLKM,RG,3960,50,D,YP,ZP,F
15:00:00,TLKM,RG,3960,3,D,XC,ZP,F
15:00:00,TLKM,RG,3960,1,D,BQ,ZP,F
15:00:00,TLKM,RG,3960,5,D,YP,ZP,F
15:00:00,TLKM,RG,3960,3,D,YP,ZP,F
15:00:00,TLKM,RG,3960,1,D,PD,ZP,F
15:00:00,TLKM,RG,3960,5,D,XC,ZP,F
15:00:00,TLKM,RG,3960,25,D,KK,ZP,F
15:00:00,TLKM,RG,3960,50,D,PD,ZP,F
15:00:00,TLKM,RG,3960,3,D,PD,ZP,F
15:00:00,TLKM,RG,3960,10,D,OD,ZP,F
15:00:00,TLKM,RG,3960,20,D,CC,ZP,F
15:00:00,TLKM,RG,3960,2,D,CC,ZP,F
15:00:00,TLKM,RG,3960,30,D,PD,ZP,F
15:00:00,TLKM,RG,3960,1,D,PD,ZP,F
15:00:00,TLKM,RG,3960,5,D,GR,ZP,F
15:00:00,TLKM,RG,3960,30,D,YU,ZP,F
15:00:00,TLKM,RG,3960,80,D,YP,ZP,F
15:00:00,TLKM,RG,3960,1,D,KK,ZP,F
15:00:00,TLKM,RG,3960,1,D,XC,ZP,F
15:00:00,TLKM,RG,3960,10,D,OD,ZP,F
15:00:00,TLKM,RG,3960,10,D,YP,ZP,F
15:00:00,TLKM,RG,3960,12,D,XL,ZP,F
15:00:00,TLKM,RG,3960,5,D,XC,ZP,F
15:00:00,TLKM,RG,3960,1,D,XC,ZP,F
15:00:00,TLKM,RG,3960,20,D,GI,ZP,F
15:00:00,TLKM,RG,3960,1,D,PD,ZP,F
15:00:00,TLKM,RG,3960,1,D,XC,ZP,F
15:00:00,TLKM,RG,3960,1,D,XL,ZP,F
15:00:00,TLKM,RG,3960,51,D,YU,ZP,F
15:00:00,TLKM,RG,3960,1,D,XC,ZP,F
15:00:00,TLKM,RG,3960,4,D,PD,ZP,F
15:00:00,TLKM,RG,3960,5,D,CC,ZP,F
15:00:00,TLKM,RG,3960,2,D,YP,ZP,F
15:00:00,TLKM,RG,3960,12,D,XC,ZP,F
15:00:00,TLKM,RG,3960,1,D,XC,ZP,F
15:00:00,TLKM,RG,3960,1,D,XC,ZP,F
15:00:00,TLKM,RG,3960,5,D,AT,ZP,F
15:00:00,TLKM,RG,3960,125,D,DR,ZP,F
15:00:00,TLKM,RG,3960,5,D,YP,ZP,F
15:00:00,TLKM,RG,3960,13,D,XC,ZP,F
15:00:00,TLKM,RG,3960,1,D,LG,ZP,F
15:00:00,TLKM,RG,3960,15,D,PD,ZP,F
15:00:00,TLKM,RG,3960,30,D,SQ,ZP,F
15:00:00,TLKM,RG,3960,10,D,IP,ZP,F
15:00:00,TLKM,RG,3960,41,D,NI,ZP,F
15:00:00,TLKM,RG,3960,1,D,OD,ZP,F
15:00:00,TLKM,RG,3960,2,D,DH,ZP,F
15:00:00,TLKM,RG,3960,5,D,SQ,ZP,F
15:00:00,TLKM,RG,3960,2,D,CC,ZP,F
15:00:00,TLKM,RG,3960,25,D,YP,ZP,F
15:00:00,TLKM,RG,3960,4,D,XC,ZP,F
15:00:00,TLKM,RG,3960,15,D,YP,ZP,F
15:00:00,TLKM,RG,3960,20,D,PD,ZP,F
15:00:00,TLKM,RG,3960,20,D,PD,ZP,F
15:00:00,TLKM,RG,3960,18,D,XL,ZP,F
15:00:00,TLKM,RG,3960,14,D,XL,ZP,F
15:00:00,TLKM,RG,3960,10,D,CC,ZP,F
15:00:00,TLKM,RG,3960,2,D,XL,ZP,F
15:00:00,TLKM,RG,3960,1,D,XL,ZP,F
15:00:00,TLKM,RG,3960,30,D,YP,ZP,F
15:00:00,TLKM,RG,3960,3,D,HP,ZP,F
15:00:00,TLKM,RG,3960,300,D,LG,ZP,F
15:00:00,TLKM,RG,3960,3,D,HP,ZP,F
15:00:00,TLKM,RG,3960,25,D,DR,ZP,F
15:00:00,TLKM,RG,3960,1,D,XC,ZP,F
15:00:00,TLKM,RG,3960,1,D,YP,ZP,F
15:00:00,TLKM,RG,3960,5,D,XL,ZP,F
15:00:00,TLKM,RG,3960,50,D,DH,ZP,F
15:00:00,TLKM,RG,3960,100,D,PD,ZP,F
15:00:00,TLKM,RG,3960,18,D,XC,ZP,F
15:00:00,TLKM,RG,3960,4,D,OD,ZP,F
15:00:00,TLKM,RG,3960,2,D,PD,ZP,F
15:00:00,TLKM,RG,3960,15,D,EP,ZP,F
15:00:00,TLKM,RG,3960,1,D,XC,ZP,F
15:00:00,TLKM,RG,3960,10,D,YP,ZP,F
15:00:00,TLKM,RG,3960,1,D,XL,ZP,F
15:00:00,TLKM,RG,3960,2,D,PD,ZP,F
15:00:00,TLKM,RG,3960,13,D,PD,ZP,F
15:00:00,TLKM,RG,3960,25,D,NI,ZP,F
15:00:00,TLKM,RG,3960,1,D,DH,ZP,F
15:00:00,TLKM,RG,3960,40,D,NI,ZP,F
15:00:00,TLKM,RG,3960,51,D,YU,ZP,F
15:00:00,TLKM,RG,3960,1,D,XC,ZP,F
15:00:00,TLKM,RG,3960,1,D,SQ,ZP,F
15:00:00,TLKM,RG,3960,1,D,XC,BK,F
15:00:00,TLKM,RG,3960,14,D,CC,BK,F
15:00:00,TLKM,RG,3960,10,D,XC,BK,F
15:00:00,TLKM,RG,3960,26,D,DH,BK,F
15:00:00,TLKM,RG,3960,20,D,PD,BK,F
15:00:00,TLKM,RG,3960,1,D,PD,BK,F
15:00:00,TLKM,RG,3960,2,D,XC,BK,F
15:00:00,TLKM,RG,3960,13,D,PD,BK,F
15:00:00,TLKM,RG,3960,50,D,SQ,BK,F
15:00:00,TLKM,RG,3960,1,D,OD,BK,F
15:00:00,TLKM,RG,3960,5,D,GR,BK,F
15:00:00,TLKM,RG,3960,2,D,DH,BK,F
15:00:00,TLKM,RG,3960,2,D,YU,BK,F
15:00:00,TLKM,RG,3960,1,D,KK,BK,F
15:00:00,TLKM,RG,3960,3,D,YP,BK,F
15:00:00,TLKM,RG,3960,1,D,DR,BK,F
15:00:00,TLKM,RG,3960,6,D,PD,BK,F
15:00:00,TLKM,RG,3960,2,D,YP,BK,F
15:00:00,TLKM,RG,3960,1,D,OD,BK,F
15:00:00,TLKM,RG,3960,3,D,XC,BK,F
15:00:00,TLKM,RG,3960,5,D,SQ,BK,F
15:00:00,TLKM,RG,3960,55,D,SQ,BK,F
15:00:00,TLKM,RG,3960,10,D,PD,BK,F
15:00:00,TLKM,RG,3960,1,D,YB,BK,F
15:00:00,TLKM,RG,3960,4,D,XC,BK,F
15:00:00,TLKM,RG,3960,10,D,PD,BK,F
15:00:00,TLKM,RG,3960,1,D,CC,BK,F
15:00:00,TLKM,RG,3960,26,D,YP,BK,F
15:00:00,TLKM,RG,3960,4,D,XC,BK,F
15:00:00,TLKM,RG,3960,50,D,YP,BK,F
15:00:00,TLKM,RG,3960,1,D,YP,BK,F
15:00:00,TLKM,RG,3960,1,D,PD,BK,F
15:00:00,TLKM,RG,3960,1,D,XC,BK,F
15:00:00,TLKM,RG,3960,25,D,DR,BK,F
15:00:00,TLKM,RG,3960,1,D,NI,BK,F
15:00:00,TLKM,RG,3960,1,D,OD,BK,F
15:00:00,TLKM,RG,3960,1,D,XC,BK,F
15:00:00,TLKM,RG,3960,10,D,YP,BK,F
15:00:00,TLKM,RG,3960,10,D,NI,BK,F
15:00:00,TLKM,RG,3960,2,D,PD,BK,F
15:00:00,TLKM,RG,3960,4,D,CC,BK,F
15:00:00,TLKM,RG,3960,1,D,XC,BK,F
15:00:00,TLKM,RG,3960,12,D,YP,BK,F
15:00:00,TLKM,RG,3960,3,D,CC,BK,F
15:00:00,TLKM,RG,3960,9,D,XC,BK,F
15:00:00,TLKM,RG,3960,6,D,KK,BK,F
15:00:00,TLKM,RG,3960,1,D,SQ,BK,F
15:00:00,TLKM,RG,3960,50,D,SQ,BK,F
15:00:00,TLKM,RG,3960,10,D,XC,BK,F
15:00:00,TLKM,RG,3960,2,D,XC,BK,F
15:00:00,TLKM,RG,3960,2,D,PD,BK,F
15:00:00,TLKM,RG,3960,1,D,NI,BK,F
15:00:00,TLKM,RG,3960,1,D,XC,BK,F
15:00:00,TLKM,RG,3960,1,D,XL,BK,F
15:00:00,TLKM,RG,3960,10,D,CC,BK,F
15:00:00,TLKM,RG,3960,15,D,PD,BK,F
15:00:00,TLKM,RG,3960,20,D,PD,BK,F
15:00:00,TLKM,RG,3960,1,D,SQ,BK,F
15:00:00,TLKM,RG,3960,50,D,SQ,BK,F
15:00:00,TLKM,RG,3960,10,D,SQ,BK,F
15:00:00,TLKM,RG,3960,5,D,AT,BK,F
15:00:00,TLKM,RG,3960,20,D,YP,BK,F
15:00:00,TLKM,RG,3960,2,D,PD,BK,F
15:00:00,TLKM,RG,3960,10,D,XC,BK,F
15:00:00,TLKM,RG,3960,10,D,AI,BK,F
15:00:00,TLKM,RG,3960,1,D,IF,BK,F
15:00:00,TLKM,RG,3960,1,D,XC,BK,F
15:00:00,TLKM,RG,3960,125,D,XC,BK,F
15:00:00,TLKM,RG,3960,2,D,XL,BK,F
15:00:00,TLKM,RG,3960,1,D,CC,BK,F
15:00:00,TLKM,RG,3960,2,D,PD,BK,F
15:00:00,TLKM,RG,3960,1,D,PD,BK,F
15:00:00,TLKM,RG,3960,1,D,CC,BK,F
15:00:00,TLKM,RG,3960,7,D,XL,BK,F
15:00:00,TLKM,RG,3960,100,D,AR,BK,F
15:00:00,TLKM,RG,3960,10,D,OD,BK,F
15:00:00,TLKM,RG,3960,1,D,XC,BK,F
15:00:00,TLKM,RG,3960,10,D,XL,BK,F
15:00:00,TLKM,RG,3960,1,D,YP,BK,F
15:00:00,TLKM,RG,3960,2,D,XC,BK,F
15:00:00,TLKM,RG,3960,19,D,YP,BK,F
15:00:00,TLKM,RG,3960,1,D,PD,BK,F
15:00:00,TLKM,RG,3960,10,D,YP,BK,F
15:00:00,TLKM,RG,3960,5,D,YP,BK,F
15:00:00,TLKM,RG,3960,5,D,CC,BK,F
15:00:00,TLKM,RG,3960,22,D,PD,BK,F
15:00:00,TLKM,RG,3960,1,D,YP,BK,F
15:00:00,TLKM,RG,3960,1,D,XC,BK,F
15:00:00,TLKM,RG,3960,3,D,PD,BK,F
15:00:00,TLKM,RG,3960,2,D,XC,BK,F
15:00:00,TLKM,RG,3960,5,D,YP,BK,F
15:00:00,TLKM,RG,3960,1,D,YP,BK,F
15:00:00,TLKM,RG,3960,10,D,SQ,BK,F
15:00:00,TLKM,RG,3960,6,D,AZ,BK,F
15:00:00,TLKM,RG,3960,5,D,YP,BK,F
15:00:00,TLKM,RG,3960,3,D,XL,BK,F
15:00:00,TLKM,RG,3960,1,D,NI,BK,F
15:00:00,TLKM,RG,3960,25,D,PD,BK,F
15:00:00,TLKM,RG,3960,2,D,YP,BK,F
15:00:00,TLKM,RG,3960,2,D,XC,BK,F
15:00:00,TLKM,RG,3960,1,D,NI,BK,F
15:00:00,TLKM,RG,3960,1,D,AT,BK,F
15:00:00,TLKM,RG,3960,1,D,YP,BK,F
15:00:00,TLKM,RG,3960,2,D,XC,BK,F
15:00:00,TLKM,RG,3960,3,D,CC,BK,F
15:00:00,TLKM,RG,3960,2,D,CC,BK,F
15:00:00,TLKM,RG,3960,13,D,CC,BK,F
15:00:00,TLKM,RG,3960,25,D,KK,BK,F
15:00:00,TLKM,RG,3960,2,D,XL,BK,F
15:00:00,TLKM,RG,3960,627,D,XL,BK,F
15:00:00,TLKM,RG,3960,2,D,RO,BK,F
15:00:00,TLKM,RG,3960,1,D,PD,BK,F
15:00:00,TLKM,RG,3960,3,D,CC,BK,F
15:00:00,TLKM,RG,3960,15,D,YP,BK,F
15:00:00,TLKM,RG,3960,1,D,SQ,BK,F
15:00:00,TLKM,RG,3960,100,D,PC,BK,F
15:00:00,TLKM,RG,3960,1,D,NI,BK,F
15:00:00,TLKM,RG,3960,3,D,XC,BK,F
15:00:00,TLKM,RG,3960,5,D,XC,BK,F
15:00:00,TLKM,RG,3960,3,D,PD,BK,F
15:00:00,TLKM,RG,3960,10,D,YP,BK,F
15:00:00,TLKM,RG,3960,133,D,EP,BK,F
15:00:00,TLKM,RG,3960,67,D,EP,RX,F
15:00:00,TLKM,RG,3960,1,D,PD,RX,F
15:00:00,TLKM,RG,3960,1,D,NI,RX,F
15:00:00,TLKM,RG,3960,10,D,YP,RX,F
15:00:00,TLKM,RG,3960,1,D,CC,RX,F
15:00:00,TLKM,RG,3960,10,D,PD,RX,F
15:00:00,TLKM,RG,3960,7,D,XL,RX,F
15:00:00,TLKM,RG,3960,22,D,YP,RX,F
15:00:00,TLKM,RG,3960,10,D,OD,RX,F
15:00:00,TLKM,RG,3960,4,D,CC,RX,F
15:00:00,TLKM,RG,3960,1,D,XC,RX,F
15:00:00,TLKM,RG,3960,1,D,KK,RX,F
15:00:00,TLKM,RG,3960,50,D,KK,RX,F
15:00:00,TLKM,RG,3960,5,D,DX,RX,F
15:00:00,TLKM,RG,3960,15,D,XC,RX,F
15:00:00,TLKM,RG,3960,1,D,KK,RX,F
15:00:00,TLKM,RG,3960,3,D,EP,RX,F
15:00:00,TLKM,RG,3960,5,D,CC,RX,F
15:00:00,TLKM,RG,3960,5,D,XC,RX,F
15:00:00,TLKM,RG,3960,5,D,PD,RX,F
15:00:00,TLKM,RG,3960,1,D,SQ,RX,F
15:00:00,TLKM,RG,3960,1,D,YP,RX,F
15:00:00,TLKM,RG,3960,100,D,NI,RX,F
15:00:00,TLKM,RG,3960,1,D,YP,RX,F
15:00:00,TLKM,RG,3960,15,D,YP,RX,F
15:00:00,TLKM,RG,3960,5,D,YP,RX,F
15:00:00,TLKM,RG,3960,1,D,XC,RX,F
15:00:00,TLKM,RG,3960,1,D,CC,RX,F
15:00:00,TLKM,RG,3960,1,D,XC,RX,F
15:00:00,TLKM,RG,3960,5,D,YP,RX,F
15:00:00,TLKM,RG,3960,1,D,YP,RX,F
15:00:00,TLKM,RG,3960,1,D,CC,RX,F
15:00:00,TLKM,RG,3960,10,D,YP,RX,F
15:00:00,TLKM,RG,3960,223,D,LS,RX,F
15:00:00,TLKM,RG,3960,777,D,LS,BK,F
15:00:00,TLKM,RG,3960,1,D,XC,BK,F
15:00:00,TLKM,RG,3960,20,D,DH,BK,F
15:00:00,TLKM,RG,3960,62,D,AZ,BK,F
15:00:00,TLKM,RG,3960,1,D,PD,BK,F
15:00:00,TLKM,RG,3960,3,D,NI,BK,F
15:00:00,TLKM,RG,3960,1,D,PD,BK,F
15:00:00,TLKM,RG,3960,20,D,CC,BK,F
15:00:00,TLKM,RG,3960,300,D,DH,BK,F
15:00:00,TLKM,RG,3960,1,D,NI,BK,F
15:00:00,TLKM,RG,3960,500,D,LS,BK,F
15:00:00,TLKM,RG,3960,1,D,XC,BK,F
15:00:00,TLKM,RG,3960,300,D,YP,BK,F
15:00:00,TLKM,RG,3960,5,D,XC,BK,F
15:00:00,TLKM,RG,3960,1,D,XC,BK,F
15:00:00,TLKM,RG,3960,5,D,YP,BK,F
15:00:00,TLKM,RG,3960,3,D,DH,BK,F
15:00:00,TLKM,RG,3960,7,D,DH,BK,F
15:00:00,TLKM,RG,3960,20,D,PD,BK,F
15:00:00,TLKM,RG,3960,25,D,ZP,BK,F
15:00:00,TLKM,RG,3960,93,D,KK,BK,F
15:00:00,TLKM,RG,3960,3,D,OD,BK,F
15:00:00,TLKM,RG,3960,1,D,YP,BK,F
15:00:00,TLKM,RG,3960,1,D,YP,BK,F
15:00:00,TLKM,RG,3960,7,D,NI,BK,F
15:00:00,TLKM,RG,3960,43,D,NI,BK,F
15:00:00,TLKM,RG,3960,3,D,XC,BK,F
15:00:00,TLKM,RG,3960,15,D,RO,BK,F
15:00:00,TLKM,RG,3960,10,D,YP,BK,F
15:00:00,TLKM,RG,3960,15,D,KK,BK,F
15:00:00,TLKM,RG,3960,1,D,XC,BK,F
15:00:00,TLKM,RG,3960,13,D,XC,BK,F
15:00:00,TLKM,RG,3960,3,D,DX,BK,F
15:00:00,TLKM,RG,3960,5,D,KK,BK,F
15:00:00,TLKM,RG,3960,1,D,XC,BK,F
15:00:00,TLKM,RG,3960,10,D,PD,BK,F
15:00:00,TLKM,RG,3960,1,D,EP,BK,F
15:00:00,TLKM,RG,3960,1,D,XC,BK,F
15:00:00,TLKM,RG,3960,1,D,YP,BK,F
15:00:00,TLKM,RG,3960,1,D,XL,BK,F
15:00:00,TLKM,RG,3960,1,D,NI,BK,F
15:00:00,TLKM,RG,3960,1,D,PD,BK,F
15:00:00,TLKM,RG,3960,50,D,SQ,BK,F
15:00:00,TLKM,RG,3960,1,D,XC,BK,F
15:00:00,TLKM,RG,3960,2,D,CC,BK,F
15:00:00,TLKM,RG,3960,1,D,XC,BK,F
15:00:00,TLKM,RG,3960,7,D,XC,BK,F
15:00:00,TLKM,RG,3960,20,D,YP,BK,F
15:00:00,TLKM,RG,3960,3,D,XC,BK,F
15:00:00,TLKM,RG,3960,1,D,XC,BK,F
15:00:00,TLKM,RG,3960,26,D,YU,BK,F
15:00:00,TLKM,RG,3960,1,D,PD,BK,F
15:00:00,TLKM,RG,3960,1,D,XC,BK,F
15:00:00,TLKM,RG,3960,22,D,XL,BK,F
15:00:00,TLKM,RG,3960,15,D,YP,BK,F
15:00:00,TLKM,RG,3960,1,D,CC,BK,F
15:00:00,TLKM,RG,3960,3,D,YP,BK,F
15:00:00,TLKM,RG,3960,3,D,SQ,BK,F
15:00:00,TLKM,RG,3960,100,D,CC,BK,F
15:00:00,TLKM,RG,3960,2,D,GR,BK,F
15:00:00,TLKM,RG,3960,20,D,NI,BK,F
15:00:00,TLKM,RG,3960,4,D,XC,BK,F
15:00:00,TLKM,RG,3960,1,D,OD,BK,F
15:00:00,TLKM,RG,3960,50,D,ZP,BK,F
15:00:00,TLKM,RG,3960,26,D,XL,BK,F
15:00:00,TLKM,RG,3960,9,D,YP,BK,F
15:00:00,TLKM,RG,3960,1,D,XC,BK,F
15:00:00,TLKM,RG,3960,2,D,LG,BK,F
15:00:00,TLKM,RG,3960,15,D,PD,BK,F
15:00:00,TLKM,RG,3960,1,D,IF,BK,F
15:00:00,TLKM,RG,3960,1,D,YP,BK,F
15:00:00,TLKM,RG,3960,10,D,XL,BK,F
15:00:00,TLKM,RG,3960,36,D,XL,BK,F
15:00:00,TLKM,RG,3960,1,D,XC,BK,F
15:00:00,TLKM,RG,3960,1,D,MG,BK,F
15:00:00,TLKM,RG,3960,1,D,XC,BK,F
15:00:00,TLKM,RG,3960,10,D,YP,BK,F
15:00:00,TLKM,RG,3960,5,D,DH,BK,F
15:00:00,TLKM,RG,3960,20,D,SQ,BK,F
15:00:00,TLKM,RG,3960,2,D,DR,BK,F
15:00:00,TLKM,RG,3960,1,D,XC,BK,F
15:00:00,TLKM,RG,3960,5,D,DR,BK,F
15:00:00,TLKM,RG,3960,2,D,NI,BK,F
15:00:00,TLKM,RG,3960,1,D,XC,BK,F
15:00:00,TLKM,RG,3960,360,D,PD,BK,F
15:00:00,TLKM,RG,3960,1,D,CC,BK,F
15:00:00,TLKM,RG,3960,1,D,XC,BK,F
15:00:00,TLKM,RG,3960,1,D,CC,BK,F
15:00:00,TLKM,RG,3960,10,D,YP,BK,F
15:00:00,TLKM,RG,3960,1,D,YP,BK,F
15:00:00,TLKM,RG,3960,1,D,YP,BK,F
15:00:00,TLKM,RG,3960,10,D,PD,BK,F
15:00:00,TLKM,RG,3960,130,D,CC,BK,F
15:00:00,TLKM,RG,3960,8,D,PD,BK,F
15:00:00,TLKM,RG,3960,100,D,GR,BK,F
15:00:00,TLKM,RG,3960,125,D,YP,BK,F
15:00:00,TLKM,RG,3960,1,D,YP,BK,F
15:00:00,TLKM,RG,3960,2,D,XC,BK,F
15:00:00,TLKM,RG,3960,1,D,XC,BK,F
15:00:00,TLKM,RG,3960,5,D,GR,BK,F
15:00:00,TLKM,RG,3960,20,D,XL,BK,F
15:00:00,TLKM,RG,3960,10,D,XC,BK,F
15:00:00,TLKM,RG,3960,1,D,DH,BK,F
15:00:00,TLKM,RG,3960,1,D,PD,BK,F
15:00:00,TLKM,RG,3960,1,D,PD,BK,F
15:00:00,TLKM,RG,3960,59,D,BQ,BK,F
15:00:00,TLKM,RG,3960,1,D,NI,BK,F
15:00:00,TLKM,RG,3960,8,D,GR,BK,F
15:00:00,TLKM,RG,3960,5,D,GR,BK,F
15:00:00,TLKM,RG,3960,5,D,GR,BK,F
15:00:00,TLKM,RG,3960,10,D,OD,BK,F
15:00:00,TLKM,RG,3960,1,D,DH,BK,F
15:00:00,TLKM,RG,3960,10,D,PD,BK,F
15:00:00,TLKM,RG,3960,3,D,XL,BK,F
15:00:00,TLKM,RG,3960,5,D,SQ,BK,F
15:00:00,TLKM,RG,3960,2,D,PD,BK,F
15:00:00,TLKM,RG,3960,1,D,YP,BK,F
15:00:00,TLKM,RG,3960,1,D,OD,BK,F
15:00:00,TLKM,RG,3960,1,D,NI,BK,F
15:00:00,TLKM,RG,3960,12,D,CC,BK,F
15:00:00,TLKM,RG,3960,5,D,YP,BK,F
15:00:00,TLKM,RG,3960,1,D,YP,BK,F
15:00:00,TLKM,RG,3960,2,D,BQ,BK,F
15:00:00,TLKM,RG,3960,3,D,YP,BK,F
15:00:00,TLKM,RG,3960,1,D,PD,BK,F
15:00:00,TLKM,RG,3960,3,D,KK,BK,F
15:00:00,TLKM,RG,3960,500,D,CD,BK,F
15:00:00,TLKM,RG,3960,5,D,XC,BK,F
15:00:00,TLKM,RG,3960,1,D,YP,BK,F
15:00:00,TLKM,RG,3960,3,D,YP,BK,F
15:00:00,TLKM,RG,3960,1,D,PD,BK,F
15:00:00,TLKM,RG,3960,1,D,YP,BK,F
15:00:00,TLKM,RG,3960,1,D,YP,BK,F
15:00:00,TLKM,RG,3960,1,D,YP,BK,F
15:00:00,TLKM,RG,3960,1,D,YP,BK,F
15:00:00,TLKM,RG,3960,111,F,ZP,BK,F
15:00:00,TLKM,RG,3960,50,D,AG,BK,F
15:00:00,TLKM,RG,3960,9347,F,ZP,BK,F
15:00:00,TLKM,RG,3960,15262,F,ZP,BK,F
15:00:00,TLKM,RG,3960,4798,F,ZP,BK,F
15:00:00,TLKM,RG,3960,590,F,ZP,BK,F
15:00:00,TLKM,RG,3960,21,F,ZP,ZP,F
15:00:00,TLKM,RG,3960,377,F,ZP,CS,F
15:00:00,TLKM,RG,3960,4700,F,ZP,CS,F
15:00:00,TLKM,RG,3960,3490,F,ZP,DX,F
15:00:00,TLKM,RG,3960,21,F,ZP,DX,F
15:00:00,TLKM,RG,3960,1,D,KK,DX,F
15:00:00,TLKM,RG,3960,1,D,PD,DX,F
15:00:00,TLKM,RG,3960,1,D,PD,DX,F
15:00:00,TLKM,RG,3960,5,D,EP,DX,F
15:00:00,TLKM,RG,3960,1,D,PD,DX,F
15:00:00,TLKM,RG,3960,1,D,KK,DX,F
15:00:00,TLKM,RG,3960,1,D,PD,DX,F
15:00:00,TLKM,RG,3960,8693,F,BK,DX,F
15:00:00,TLKM,RG,3960,710,F,ZP,DX,F
15:00:00,TLKM,RG,3960,3,F,ZP,DX,F
15:00:00,TLKM,RG,3960,4,F,ZP,DX,F
15:00:00,TLKM,RG,3960,1585,F,RX,DX,F
15:00:00,TLKM,RG,3960,870,F,ZP,DX,F
15:00:00,TLKM,RG,3960,3535,F,ZP,DX,F
15:00:00,TLKM,RG,3960,4078,D,KZ,DX,F
15:00:00,TLKM,RG,3960,12550,D,KZ,KZ,F
15:00:00,TLKM,RG,3960,9476,D,KZ,KZ,F
15:00:00,TLKM,RG,3960,8650,D,KZ,KZ,F
15:00:00,TLKM,RG,3960,5335,D,KZ,KZ,D
15:00:00,TLKM,RG,3960,683,D,KZ,KZ,F
15:00:00,TLKM,RG,3960,350,D,KZ,KZ,D
15:00:00,TLKM,RG,3960,5571,D,KZ,KZ,F
15:00:00,TLKM,RG,3960,1570,D,KZ,YU,F
15:00:00,TLKM,RG,3960,3191,D,KZ,ZP,F
15:00:00,TLKM,RG,3960,5873,D,KZ,CC,D
15:00:00,TLKM,RG,3960,4591,D,KZ,ZP,F
15:00:00,TLKM,RG,3960,9500,D,KZ,AK,D
15:00:00,TLKM,RG,3960,3830,D,KZ,AK,D
15:00:00,TLKM,RG,3960,856,D,KZ,ZP,F
15:00:00,TLKM,RG,3960,253,F,KZ,ZP,F
15:00:00,TLKM,RG,3960,5,F,KZ,ZP,F
15:00:00,TLKM,RG,3960,590,F,RX,ZP,F
15:00:00,TLKM,RG,3960,104,F,BK,ZP,F
15:00:00,TLKM,RG,3960,500,F,BK,ZP,F
15:00:00,TLKM,RG,3960,817,F,BK,ZP,F
15:00:00,TLKM,RG,3960,898,F,BK,BB,F
15:00:00,TLKM,RG,3960,5556,F,BK,ZP,F
15:00:00,TLKM,RG,3960,1780,F,BK,ZP,F
15:00:00,TLKM,RG,3960,1499,F,CS,ZP,F
15:00:00,TLKM,RG,3960,355,F,CS,ZP,F
15:00:00,TLKM,RG,3960,2663,F,ZP,ZP,F
15:00:00,TLKM,RG,3960,929,F,ZP,ZP,F
15:00:00,TLKM,RG,3960,1700,F,AK,ZP,F
15:00:00,TLKM,RG,3960,91,F,AK,ZP,F
15:00:00,TLKM,RG,3960,1,F,AK,ZP,F
15:00:00,TLKM,RG,3960,1,F,AK,ZP,F
15:00:00,TLKM,RG,3960,211,F,AK,ZP,F
15:00:00,TLKM,RG,3960,1202,D,CC,ZP,F
15:00:00,TLKM,RG,3960,253,D,YU,ZP,F
15:00:00,TLKM,RG,3960,808,F,RX,ZP,F
15:00:00,TLKM,RG,3960,70,F,RX,PD,D
15:00:00,TLKM,RG,3960,550,F,RX,AK,F
15:00:00,TLKM,RG,3960,175,F,RX,AK,F
15:00:00,TLKM,RG,3960,5,F,RX,AK,F
15:00:00,TLKM,RG,3960,883,F,RX,AK,F
15:00:00,TLKM,RG,3960,458,F,RX,AK,F
15:00:00,TLKM,RG,3960,1010,F,RX,AK,F
15:00:00,TLKM,RG,3960,229,F,RX,AK,F
15:00:00,TLKM,RG,3960,610,F,RX,AK,F
15:00:00,TLKM,RG,3960,11703,F,RX,AK,F
15:00:00,TLKM,RG,3960,2748,D,ZP,AK,F
15:00:00,TLKM,RG,3960,4,F,ZP,AK,F
15:00:00,TLKM,RG,3960,28,D,ZP,AK,F
15:00:00,TLKM,RG,3960,2108,D,DR,AK,F
15:00:00,TLKM,RG,3960,1431,D,DR,AK,F
15:00:00,TLKM,RG,3960,59,D,LG,AK,F
15:00:00,TLKM,RG,3960,169,D,LG,AK,F
15:00:00,TLKM,RG,3960,402,D,LG,AK,F
15:00:00,TLKM,RG,3960,10,D,LG,AK,F
15:00:00,TLKM,RG,3960,409,D,LG,AK,F
15:00:00,TLKM,RG,3960,179,D,LG,ZP,F
15:00:00,TLKM,RG,3960,374,D,LG,ZP,D
15:00:00,TLKM,RG,3960,2009,D,LG,PD,D
14:49:59,TLKM,RG,3970,1,D,YP,YU,D
14:49:59,TLKM,RG,3970,150,D,YP,YU,D
14:49:59,TLKM,RG,3970,24,F,ZP,YU,D
14:49:59,TLKM,RG,3970,7,F,ZP,YU,D
14:49:59,TLKM,RG,3960,9,D,NI,ZP,F
14:49:59,TLKM,RG,3970,50,D,XC,YU,D
14:49:59,TLKM,RG,3970,100,D,EP,YU,D
14:49:59,TLKM,RG,3960,1,D,NI,AK,F
14:49:59,TLKM,RG,3960,2,D,NI,AK,F
14:49:59,TLKM,RG,3960,1,D,NI,AK,F
14:49:59,TLKM,RG,3960,1,D,NI,AK,F
14:49:59,TLKM,RG,3960,3,D,NI,AK,F
14:49:59,TLKM,RG,3960,250,D,NI,HD,D
14:49:59,TLKM,RG,3970,503,F,ZP,YU,D
14:49:59,TLKM,RG,3960,196,D,NI,ZP,F
14:49:58,TLKM,RG,3960,174,D,NI,ZP,F
14:49:58,TLKM,RG,3970,3,D,OD,YU,D
14:49:58,TLKM,RG,3970,6,F,ZP,YU,D
14:49:58,TLKM,RG,3970,35,D,DH,YU,D
14:49:57,TLKM,RG,3970,5,F,AK,YU,D
14:49:57,TLKM,RG,3970,10,F,AK,YU,D
14:49:57,TLKM,RG,3970,5,D,AZ,YU,D
14:49:57,TLKM,RG,3970,19,F,AK,YU,D
14:49:57,TLKM,RG,3970,39,F,AK,YU,D
14:49:57,TLKM,RG,3960,1,D,NI,AK,F
14:49:57,TLKM,RG,3960,2,D,NI,YP,D
14:49:57,TLKM,RG,3970,13,F,ZP,YU,D
14:49:57,TLKM,RG,3970,78,F,AK,YU,D
14:49:57,TLKM,RG,3970,156,F,AK,YU,D
14:49:56,TLKM,RG,3970,312,F,AK,YU,D
14:49:56,TLKM,RG,3970,52,F,BK,YU,D
14:49:56,TLKM,RG,3960,21,D,NI,ZP,F
14:49:56,TLKM,RG,3960,34,D,NI,ZP,F
14:49:55,TLKM,RG,3960,2,D,NI,ZP,F
14:49:55,TLKM,RG,3970,31,F,YU,YU,D
14:49:55,TLKM,RG,3960,120,D,NI,YU,F
14:49:55,TLKM,RG,3970,40,F,ZP,YU,D
14:49:55,TLKM,RG,3970,1028,F,ZP,YU,D
14:49:54,TLKM,RG,3970,31,F,YU,YU,D
14:49:54,TLKM,RG,3970,38,F,BK,YU,D
14:49:54,TLKM,RG,3960,1,D,NI,KK,D
14:49:54,TLKM,RG,3960,16,D,NI,ZP,F
14:49:53,TLKM,RG,3970,2,D,YP,YU,D
14:49:53,TLKM,RG,3960,20,D,NI,ZP,F
14:49:53,TLKM,RG,3970,1,F,ZP,YU,D
14:49:53,TLKM,RG,3970,84,F,ZP,YU,D
14:49:53,TLKM,RG,3960,3,D,NI,ZP,F
14:49:52,TLKM,RG,3970,1,D,NI,YU,D
14:49:52,TLKM,RG,3970,23,F,ZP,YU,D
14:49:52,TLKM,RG,3960,45,D,NI,ZP,F
14:49:51,TLKM,RG,3960,18,D,NI,ZP,F
14:49:51,TLKM,RG,3960,19,D,NI,ZP,F
14:49:51,TLKM,RG,3960,13,D,NI,ZP,F
14:49:51,TLKM,RG,3960,25,D,NI,AK,F
14:49:51,TLKM,RG,3960,5,D,NI,AK,F
14:49:51,TLKM,RG,3960,3,D,NI,AK,F
14:49:51,TLKM,RG,3960,33,D,NI,ZP,F
14:49:51,TLKM,RG,3960,280,D,NI,YU,F
14:49:50,TLKM,RG,3970,125,D,XC,YU,D
14:49:50,TLKM,RG,3960,7,D,NI,ZP,F
14:49:50,TLKM,RG,3970,63,F,BK,YU,D
14:49:50,TLKM,RG,3970,1,D,NI,YU,D
14:49:49,TLKM,RG,3960,1,D,NI,ZP,F
14:49:49,TLKM,RG,3970,9,F,KZ,YU,D
14:49:47,TLKM,RG,3960,1,D,NI,ZP,F
14:49:46,TLKM,RG,3970,1,D,XC,YU,D
14:49:46,TLKM,RG,3960,5,D,NI,ZP,F
14:49:46,TLKM,RG,3970,5,D,KK,YU,D
14:49:46,TLKM,RG,3960,15,D,NI,AK,F
14:49:46,TLKM,RG,3960,8,D,NI,AK,F
14:49:46,TLKM,RG,3960,23,D,NI,ZP,F
14:49:46,TLKM,RG,3960,107,D,NI,ZP,F
14:49:45,TLKM,RG,3960,78,D,NI,ZP,F
14:49:45,TLKM,RG,3970,10,D,CC,YU,D
14:49:45,TLKM,RG,3970,1,D,XC,YU,D
14:49:45,TLKM,RG,3970,816,F,ZP,YU,D
14:49:45,TLKM,RG,3960,4,D,NI,ZP,F
14:49:45,TLKM,RG,3960,11,D,NI,ZP,F
14:49:45,TLKM,RG,3960,12,D,NI,AK,F
14:49:45,TLKM,RG,3960,2,D,NI,AK,F
14:49:45,TLKM,RG,3960,1,D,NI,AK,F
14:49:44,TLKM,RG,3970,124,F,ZP,YU,D
14:49:44,TLKM,RG,3960,1,D,NI,ZP,F
14:49:44,TLKM,RG,3970,2,F,ZP,YU,D
14:49:44,TLKM,RG,3970,1,D,SQ,YU,D
14:49:43,TLKM,RG,3960,1,D,NI,ZP,F
14:49:43,TLKM,RG,3970,9,F,ZP,YU,D
14:49:43,TLKM,RG,3960,1,D,NI,ZP,F
14:49:43,TLKM,RG,3970,1,D,YP,YU,D
14:49:42,TLKM,RG,3960,9,D,NI,ZP,F
14:49:42,TLKM,RG,3960,26,D,NI,ZP,F
14:49:42,TLKM,RG,3960,36,D,NI,ZP,F
14:49:42,TLKM,RG,3960,12,D,NI,ZP,F
14:49:42,TLKM,RG,3960,2,D,NI,ZP,F
14:49:42,TLKM,RG,3970,141,D,OD,YU,D
14:49:42,TLKM,RG,3970,13,D,NI,YU,D
14:49:41,TLKM,RG,3960,1,D,NI,ZP,F
14:49:41,TLKM,RG,3970,1,D,XC,YU,D
14:49:41,TLKM,RG,3970,10,D,SQ,YU,D
14:49:40,TLKM,RG,3960,3,D,NI,ZP,F
14:49:40,TLKM,RG,3970,25,D,PD,YU,D
14:49:39,TLKM,RG,3970,1,D,CC,YU,D
14:49:39,TLKM,RG,3970,1,F,ZP,YU,D
14:49:38,TLKM,RG,3960,1,D,NI,ZP,F
14:49:38,TLKM,RG,3970,3,D,SQ,YU,D
14:49:37,TLKM,RG,3960,3,D,NI,ZP,F
14:49:37,TLKM,RG,3960,10,D,NI,ZP,F
14:49:37,TLKM,RG,3960,2,D,NI,ZP,F
14:49:37,TLKM,RG,3960,109,D,NI,AK,F
14:49:37,TLKM,RG,3960,1,D,NI,ZP,F
14:49:36,TLKM,RG,3970,2,D,YP,YU,D
14:49:36,TLKM,RG,3960,34,D,NI,ZP,F
14:49:36,TLKM,RG,3960,3,D,NI,ZP,F
14:49:36,TLKM,RG,3970,1,D,XC,YU,D
14:49:36,TLKM,RG,3970,29,F,BK,YU,D
14:49:36,TLKM,RG,3970,1,D,PD,YU,D
14:49:36,TLKM,RG,3960,3,D,NI,XC,D
14:49:35,TLKM,RG,3970,1,D,XC,YU,D
14:49:34,TLKM,RG,3960,1,D,NI,ZP,F
14:49:34,TLKM,RG,3960,10,D,NI,ZP,F
14:49:34,TLKM,RG,3960,12,D,NI,ZP,F
14:49:33,TLKM,RG,3970,200,D,YP,YU,D
14:49:33,TLKM,RG,3960,8,D,NI,ZP,F
14:49:33,TLKM,RG,3970,1,D,XC,YU,D
14:49:33,TLKM,RG,3960,26,D,NI,ZP,F
14:49:32,TLKM,RG,3960,44,D,NI,ZP,F
14:49:32,TLKM,RG,3960,2,D,NI,ZP,F
14:49:32,TLKM,RG,3970,10,D,CC,YU,D
14:49:31,TLKM,RG,3960,38,D,NI,ZP,F
14:49:31,TLKM,RG,3960,12,D,NI,AK,F
14:49:31,TLKM,RG,3970,28,F,BK,YU,D
14:49:31,TLKM,RG,3960,61,D,NI,ZP,F
14:49:31,TLKM,RG,3960,39,D,NI,ZP,F
14:49:31,TLKM,RG,3970,1,D,GR,YU,D
14:49:31,TLKM,RG,3960,6,D,NI,ZP,F
14:49:31,TLKM,RG,3970,10,D,PD,YU,D
14:49:30,TLKM,RG,3970,36,F,ZP,YU,D
14:49:30,TLKM,RG,3970,1,D,YP,YU,D
14:49:30,TLKM,RG,3960,78,D,NI,EP,D
14:49:30,TLKM,RG,3970,6,F,ZP,YU,D
14:49:30,TLKM,RG,3960,16,D,NI,YP,D
14:49:30,TLKM,RG,3970,50,D,NI,YU,D
14:49:30,TLKM,RG,3970,40,D,DH,YU,D
14:49:30,TLKM,RG,3960,9,D,NI,ZP,F
14:49:30,TLKM,RG,3960,117,D,NI,ZP,F
14:49:30,TLKM,RG,3960,145,D,NI,BK,F
14:49:29,TLKM,RG,3960,12,D,NI,ZP,F
14:49:29,TLKM,RG,3970,33,F,BK,YU,D
14:49:29,TLKM,RG,3970,1,F,ZP,YU,D
14:49:29,TLKM,RG,3960,49,D,NI,ZP,F
14:49:29,TLKM,RG,3960,3,D,NI,CC,D
14:49:29,TLKM,RG,3960,33,D,NI,ZP,F
14:49:28,TLKM,RG,3970,2,F,KZ,YU,D
14:49:28,TLKM,RG,3970,397,F,ZP,YU,D
14:49:28,TLKM,RG,3960,8,D,NI,ZP,F
14:49:28,TLKM,RG,3970,5,D,KK,YU,D
14:49:28,TLKM,RG,3970,12,F,AK,YU,D
14:49:28,TLKM,RG,3970,1,F,AK,YU,D
14:49:28,TLKM,RG,3970,1,F,AK,YU,D
14:49:28,TLKM,RG,3960,34,D,NI,ZP,F
14:49:28,TLKM,RG,3960,34,D,NI,ZP,F
14:49:28,TLKM,RG,3960,77,D,NI,BK,F
14:49:27,TLKM,RG,3960,127,D,NI,ZP,F
14:49:27,TLKM,RG,3960,126,D,NI,ZP,F
14:49:27,TLKM,RG,3960,1,D,NI,ZP,F
14:49:27,TLKM,RG,3960,135,D,NI,ZP,F
14:49:27,TLKM,RG,3970,107,F,BK,YU,D
14:49:27,TLKM,RG,3960,127,D,NI,ZP,F
14:49:27,TLKM,RG,3960,11,D,NI,BK,F
14:49:26,TLKM,RG,3970,159,F,ZP,YU,D
14:49:26,TLKM,RG,3960,548,D,NI,IF,D
14:49:26,TLKM,RG,3960,3,D,EP,IF,D
14:49:26,TLKM,RG,3960,4,D,KK,IF,D
14:49:26,TLKM,RG,3960,5,D,SQ,IF,D
14:49:26,TLKM,RG,3960,1,D,KK,IF,D
14:49:26,TLKM,RG,3960,1,D,SQ,IF,D
14:49:26,TLKM,RG,3960,2,D,DX,IF,D
14:49:26,TLKM,RG,3960,5,D,EP,IF,D
14:49:26,TLKM,RG,3960,2,D,SQ,IF,D
14:49:26,TLKM,RG,3960,126,D,KK,IF,D
14:49:26,TLKM,RG,3960,1,D,PD,IF,D
14:49:26,TLKM,RG,3960,20,D,NI,IF,D
14:49:26,TLKM,RG,3960,10,D,KK,IF,D
14:49:26,TLKM,RG,3960,1,D,HP,IF,D
14:49:26,TLKM,RG,3960,5,D,HP,IF,D
14:49:26,TLKM,RG,3960,25,D,SQ,IF,D
14:49:26,TLKM,RG,3960,22,D,AZ,IF,D
14:49:26,TLKM,RG,3960,2,D,DH,IF,D
14:49:26,TLKM,RG,3960,10,D,DH,IF,D
14:49:26,TLKM,RG,3960,1207,D,KK,IF,D
14:49:26,TLKM,RG,3960,2,D,KK,ZP,F
14:49:26,TLKM,RG,3960,15,D,KK,YP,D
14:49:26,TLKM,RG,3960,5,D,KK,ZP,F
14:49:26,TLKM,RG,3960,1,D,KK,ZP,F
14:49:25,TLKM,RG,3960,11,D,KK,YP,D
14:49:25,TLKM,RG,3960,33,D,KK,ZP,F
14:49:25,TLKM,RG,3960,5,D,KK,ZP,F
14:49:25,TLKM,RG,3960,2,D,KK,ZP,F
14:49:25,TLKM,RG,3960,73,D,KK,AK,F
14:49:25,TLKM,RG,3960,22,D,KK,ZP,F
14:49:24,TLKM,RG,3960,84,D,KK,YU,F
14:49:24,TLKM,RG,3960,40,D,KK,ZP,F
14:49:24,TLKM,RG,3960,2,D,KK,ZP,F
14:49:24,TLKM,RG,3960,68,D,KK,ZP,F
14:49:23,TLKM,RG,3960,42,D,KK,ZP,F
14:49:23,TLKM,RG,3960,339,D,KK,ZP,F
14:49:23,TLKM,RG,3960,5,D,DX,ZP,F
14:49:23,TLKM,RG,3960,2,D,ZP,ZP,F
14:49:23,TLKM,RG,3960,2,D,EP,ZP,F
14:49:23,TLKM,RG,3970,5,D,KK,YU,D
14:49:23,TLKM,RG,3960,3,D,EP,ZP,F
14:49:23,TLKM,RG,3960,2,D,NI,ZP,F
14:49:23,TLKM,RG,3960,300,D,TP,ZP,F
14:49:23,TLKM,RG,3960,20,D,MK,ZP,F
14:49:23,TLKM,RG,3960,2,D,MK,AK,F
14:49:23,TLKM,RG,3960,1,D,ZP,AK,F
14:49:23,TLKM,RG,3960,5,D,ZP,ZP,F
14:49:23,TLKM,RG,3960,1,D,BQ,ZP,F
14:49:23,TLKM,RG,3960,3,D,BQ,ZP,F
14:49:23,TLKM,RG,3960,7,D,BQ,ZP,F
14:49:23,TLKM,RG,3960,1,D,DR,ZP,F
14:49:23,TLKM,RG,3960,15,D,DR,ZP,F
14:49:23,TLKM,RG,3960,1,D,BQ,ZP,F
14:49:23,TLKM,RG,3960,5,D,DR,ZP,F
14:49:23,TLKM,RG,3960,10,D,CP,ZP,F
14:49:23,TLKM,RG,3960,1,D,YU,ZP,F
14:49:23,TLKM,RG,3960,2,D,YB,ZP,F
14:49:23,TLKM,RG,3960,8,D,YB,ZP,F
14:49:23,TLKM,RG,3960,2,D,YU,ZP,F
14:49:23,TLKM,RG,3960,5,D,DR,ZP,F
14:49:23,TLKM,RG,3960,1,D,YU,ZP,F
14:49:23,TLKM,RG,3960,10,D,PD,ZP,F
14:49:23,TLKM,RG,3960,3,D,PD,ZP,F
14:49:23,TLKM,RG,3960,6,D,YP,ZP,F
14:49:23,TLKM,RG,3970,105,F,BK,YU,D
14:49:23,TLKM,RG,3960,4,D,YP,ZP,F
14:49:22,TLKM,RG,3960,10,D,YP,DX,F
14:49:22,TLKM,RG,3960,10,D,CC,DX,F
14:49:22,TLKM,RG,3960,1,D,YB,DX,F
14:49:22,TLKM,RG,3960,5,D,XL,DX,F
14:49:22,TLKM,RG,3960,5,D,XC,DX,F
14:49:22,TLKM,RG,3960,1262,D,AI,DX,F
14:49:22,TLKM,RG,3960,2,D,PD,DX,F
14:49:22,TLKM,RG,3960,5,D,XC,DX,F
14:49:22,TLKM,RG,3960,200,D,PD,DX,F
14:49:22,TLKM,RG,3960,1,D,PD,DX,F
14:49:22,TLKM,RG,3960,5,D,KK,DX,F
14:49:22,TLKM,RG,3960,10,D,GR,DX,F
14:49:22,TLKM,RG,3960,1,D,KK,DX,F
14:49:22,TLKM,RG,3960,2,D,PC,DX,F
14:49:22,TLKM,RG,3960,2,D,PD,DX,F
14:49:22,TLKM,RG,3960,10,D,XC,DX,F
14:49:22,TLKM,RG,3960,1,D,XC,DX,F
14:49:22,TLKM,RG,3960,1,D,NI,DX,F
14:49:22,TLKM,RG,3960,1,D,PD,DX,F
14:49:22,TLKM,RG,3960,1,D,YP,DX,F
14:49:22,TLKM,RG,3960,1,D,PD,DX,F
14:49:22,TLKM,RG,3960,2,D,AT,DX,F
14:49:22,TLKM,RG,3960,10,D,YP,DX,F
14:49:22,TLKM,RG,3960,21,D,SQ,DX,F
14:49:22,TLKM,RG,3960,1,D,YP,DX,F
14:49:22,TLKM,RG,3960,10,D,YP,DX,F
14:49:22,TLKM,RG,3960,1,D,FS,DX,F
14:49:22,TLKM,RG,3960,100,D,FZ,DX,F
14:49:22,TLKM,RG,3960,30,D,NI,DX,F
14:49:22,TLKM,RG,3960,50,D,PD,DX,F
14:49:22,TLKM,RG,3960,100,D,PD,DX,F
14:49:22,TLKM,RG,3960,2,D,PD,DX,F
14:49:22,TLKM,RG,3960,2,D,XC,DX,F
14:49:22,TLKM,RG,3960,2,D,YP,DX,F
14:49:22,TLKM,RG,3960,5,D,EP,DX,F
14:49:22,TLKM,RG,3960,5,D,PD,DX,F
14:49:22,TLKM,RG,3960,1,D,XC,DX,F
14:49:22,TLKM,RG,3960,50,D,LG,DX,F
14:49:22,TLKM,RG,3960,1,D,SQ,DX,F
14:49:22,TLKM,RG,3960,50,D,YP,DX,F
14:49:22,TLKM,RG,3960,5,D,PD,DX,F
14:49:22,TLKM,RG,3960,1,D,PD,DX,F
14:49:22,TLKM,RG,3960,10,D,LG,DX,F
14:49:22,TLKM,RG,3960,15,D,YP,DX,F
14:49:22,TLKM,RG,3960,5,D,CC,DX,F
14:49:22,TLKM,RG,3960,1,D,PD,DX,F
14:49:22,TLKM,RG,3960,1,D,TF,DX,F
14:49:22,TLKM,RG,3960,6,D,YP,DX,F
14:49:22,TLKM,RG,3960,3,D,CC,DX,F
14:49:22,TLKM,RG,3960,10,D,SQ,DX,F
14:49:22,TLKM,RG,3960,8,D,PD,DX,F
14:49:22,TLKM,RG,3960,30,D,KK,DX,F
14:49:22,TLKM,RG,3960,5,D,XL,DX,F
14:49:22,TLKM,RG,3960,20,D,PD,DX,F
14:49:22,TLKM,RG,3960,5,D,KK,DX,F
14:49:22,TLKM,RG,3960,2,D,OD,DX,F
14:49:22,TLKM,RG,3960,1,D,XL,DX,F
14:49:22,TLKM,RG,3960,25,D,CC,DX,F
14:49:22,TLKM,RG,3960,15,D,KK,DX,F
14:49:22,TLKM,RG,3960,10,D,XL,DX,F
14:49:22,TLKM,RG,3960,1,D,XL,DX,F
14:49:22,TLKM,RG,3960,1,D,YP,DX,F
14:49:22,TLKM,RG,3960,20,D,PD,DX,F
14:49:22,TLKM,RG,3960,10,D,YP,DX,F
14:49:22,TLKM,RG,3960,10,D,CC,DX,F
14:49:22,TLKM,RG,3960,4,D,YP,DX,F
14:49:22,TLKM,RG,3960,1,D,XC,DX,F
14:49:22,TLKM,RG,3960,2,D,GR,DX,F
14:49:22,TLKM,RG,3960,5,D,YP,DX,F
14:49:22,TLKM,RG,3960,3,D,XL,DX,F
14:49:22,TLKM,RG,3960,15,D,PD,DX,F
14:49:22,TLKM,RG,3960,15,D,YP,DX,F
14:49:22,TLKM,RG,3960,2,D,PD,DX,F
14:49:22,TLKM,RG,3960,5,D,YP,DX,F
14:49:22,TLKM,RG,3960,2,D,KK,DX,F
14:49:22,TLKM,RG,3960,2,D,XL,DX,F
14:49:22,TLKM,RG,3960,1,D,YB,DX,F
14:49:22,TLKM,RG,3960,5,D,EP,DX,F
14:49:22,TLKM,RG,3960,5,D,YP,DX,F
14:49:22,TLKM,RG,3960,1,D,YP,DX,F
14:49:22,TLKM,RG,3960,5,D,BQ,DX,F
14:49:22,TLKM,RG,3960,12,D,AZ,DX,F
14:49:22,TLKM,RG,3960,5,D,LG,DX,F
14:49:22,TLKM,RG,3960,2,D,CC,DX,F
14:49:22,TLKM,RG,3960,2,D,PD,DX,F
14:49:22,TLKM,RG,3960,10,D,KK,DX,F
14:49:22,TLKM,RG,3960,10,D,CC,DX,F
14:49:22,TLKM,RG,3960,1,D,XC,DX,F
14:49:22,TLKM,RG,3960,10,D,KK,DX,F
14:49:22,TLKM,RG,3960,1,D,XC,DX,F
14:49:22,TLKM,RG,3960,2,D,PD,DX,F
14:49:22,TLKM,RG,3960,50,D,ZP,DX,F
14:49:22,TLKM,RG,3960,1,D,PD,DX,F
14:49:22,TLKM,RG,3960,50,D,YP,DX,F
14:49:22,TLKM,RG,3960,9,D,YP,DX,F
14:49:22,TLKM,RG,3960,2,D,CC,DX,F
14:49:22,TLKM,RG,3960,5,D,CC,DX,F
14:49:22,TLKM,RG,3960,2,D,CC,DX,F
14:49:22,TLKM,RG,3960,7,D,IF,DX,F
14:49:22,TLKM,RG,3960,1,D,AZ,DX,F
14:49:22,TLKM,RG,3960,5,D,SQ,DX,F
14:49:22,TLKM,RG,3960,3,D,PD,DX,F
14:49:22,TLKM,RG,3960,1,D,XC,DX,F
14:49:22,TLKM,RG,3960,10,D,XC,DX,F
14:49:22,TLKM,RG,3960,1,D,PD,DX,F
14:49:22,TLKM,RG,3960,2,D,OD,DX,F
14:49:22,TLKM,RG,3960,1,D,PD,DX,F
14:49:22,TLKM,RG,3960,8,D,PD,DX,F
14:49:22,TLKM,RG,3960,1,D,PD,DX,F
14:49:22,TLKM,RG,3960,5,D,YP,DX,F
14:49:22,TLKM,RG,3960,2,D,CC,DX,F
14:49:22,TLKM,RG,3960,5,D,CC,DX,F
14:49:22,TLKM,RG,3960,1,D,XA,DX,F
14:49:22,TLKM,RG,3960,100,D,CC,DX,F
14:49:22,TLKM,RG,3960,3,D,KK,DX,F
14:49:22,TLKM,RG,3960,3,D,NI,DX,F
14:49:22,TLKM,RG,3960,10,D,LG,DX,F
14:49:22,TLKM,RG,3960,2,D,PD,DX,F
14:49:22,TLKM,RG,3960,2,D,XC,DX,F
14:49:22,TLKM,RG,3960,1,D,YP,DX,F
14:49:22,TLKM,RG,3960,500,F,YP,DX,F
14:49:22,TLKM,RG,3960,1,D,LG,DX,F
14:49:22,TLKM,RG,3960,1,D,XC,DX,F
14:49:22,TLKM,RG,3960,3,D,PD,DX,F
14:49:22,TLKM,RG,3960,1,D,XC,DX,F
14:49:22,TLKM,RG,3960,3,D,AZ,DX,F
14:49:22,TLKM,RG,3960,2,D,YP,DX,F
14:49:22,TLKM,RG,3960,1,D,PD,DX,F
14:49:22,TLKM,RG,3960,25,D,CC,DX,F
14:49:22,TLKM,RG,3960,100,D,SQ,DX,F
14:49:22,TLKM,RG,3960,1,D,PD,DX,F
14:49:22,TLKM,RG,3960,1,D,KK,DX,F
14:49:22,TLKM,RG,3960,5,D,YP,DX,F
14:49:22,TLKM,RG,3960,5,D,NI,DX,F
14:49:22,TLKM,RG,3960,1,D,NI,DX,F
14:49:22,TLKM,RG,3960,5,D,KK,DX,F
14:49:22,TLKM,RG,3960,14,D,CD,DX,F
14:49:22,TLKM,RG,3970,39,F,ZP,YU,D
14:49:21,TLKM,RG,3960,1,D,CD,ZP,F
14:49:20,TLKM,RG,3960,1,D,CD,ZP,F
14:49:20,TLKM,RG,3960,7,D,CD,ZP,F
14:49:19,TLKM,RG,3960,1,D,CD,ZP,F
14:49:19,TLKM,RG,3960,8,D,CD,ZP,F
14:49:19,TLKM,RG,3970,1,D,XC,YU,D
14:49:19,TLKM,RG,3960,8,D,CD,ZP,F
14:49:19,TLKM,RG,3960,6,D,CD,ZP,F
14:49:19,TLKM,RG,3970,86,D,YP,YU,D
14:49:18,TLKM,RG,3970,100,D,EP,YU,D
14:49:18,TLKM,RG,3960,34,D,CD,ZP,F
14:49:18,TLKM,RG,3970,27,F,BK,YU,D
14:49:18,TLKM,RG,3960,34,D,CD,ZP,F
14:49:18,TLKM,RG,3960,130,D,CD,ZP,F
14:49:18,TLKM,RG,3970,100,D,XC,YU,D
14:49:18,TLKM,RG,3960,56,D,CD,ZP,F
14:49:18,TLKM,RG,3960,1,D,YP,ZP,F
14:49:18,TLKM,RG,3960,3,D,DX,ZP,F
14:49:18,TLKM,RG,3960,1,D,AZ,ZP,F
14:49:18,TLKM,RG,3960,20,D,SQ,ZP,F
14:49:18,TLKM,RG,3960,5,D,CC,ZP,F
14:49:18,TLKM,RG,3960,1,D,NI,ZP,F
14:49:18,TLKM,RG,3960,17,D,YP,ZP,F
14:49:18,TLKM,RG,3970,5,D,YP,YU,D
14:49:17,TLKM,RG,3970,1044,F,ZP,YU,D
14:49:17,TLKM,RG,3970,2,D,NI,YU,D
14:49:17,TLKM,RG,3960,1,D,YP,ZP,F
14:49:17,TLKM,RG,3970,2,D,XC,YU,D
14:49:17,TLKM,RG,3960,1,D,YP,ZP,F
14:49:16,TLKM,RG,3960,7,D,YP,AK,F
14:49:16,TLKM,RG,3960,4,D,YP,AK,F
14:49:16,TLKM,RG,3960,1,D,YP,ZP,F
14:49:16,TLKM,RG,3970,1,D,PD,YU,D
14:49:16,TLKM,RG,3970,7,F,AK,YU,D
14:49:15,TLKM,RG,3970,1,D,XC,YU,D
14:49:14,TLKM,RG,3960,2,D,YP,ZP,F
14:49:14,TLKM,RG,3970,1,F,ZP,YU,D
14:49:14,TLKM,RG,3970,5,D,CC,YU,D
14:49:14,TLKM,RG,3970,10,D,KK,YU,D
14:49:13,TLKM,RG,3960,5,D,YP,ZP,F
14:49:13,TLKM,RG,3970,2,D,YP,YU,D
14:49:13,TLKM,RG,3970,18,F,KZ,YU,D
14:49:12,TLKM,RG,3970,28,F,BK,YU,D
14:49:12,TLKM,RG,3970,2,D,CC,YU,D
14:49:11,TLKM,RG,3960,1,D,YP,ZP,F
14:49:10,TLKM,RG,3960,2,D,YP,ZP,F
14:49:10,TLKM,RG,3970,10,D,PD,YU,D
14:49:10,TLKM,RG,3960,14,D,YP,ZP,F
14:49:10,TLKM,RG,3960,33,D,YP,ZP,F
14:49:09,TLKM,RG,3960,35,D,YP,ZP,F
14:49:09,TLKM,RG,3970,66,F,BK,YU,D
14:49:09,TLKM,RG,3960,1,D,YP,ZP,F
14:49:09,TLKM,RG,3970,188,F,ZP,YU,D
14:49:09,TLKM,RG,3960,34,D,YP,ZP,F
14:49:09,TLKM,RG,3960,128,D,YP,ZP,F
14:49:08,TLKM,RG,3960,2,D,YP,CC,D
14:49:08,TLKM,RG,3960,170,D,YP,ZP,F
14:49:08,TLKM,RG,3960,86,D,YP,ZP,F
14:49:08,TLKM,RG,3960,7,D,YP,ZP,F
14:49:08,TLKM,RG,3960,115,D,YP,OD,D
14:49:08,TLKM,RG,3960,334,D,YP,OD,D
14:49:08,TLKM,RG,3960,3,D,YP,OD,D
14:49:08,TLKM,RG,3960,1,D,NI,OD,D
14:49:08,TLKM,RG,3960,2,D,CC,OD,D
14:49:08,TLKM,RG,3960,1,D,PD,OD,D
14:49:08,TLKM,RG,3960,50,D,YP,OD,D
14:49:08,TLKM,RG,3960,1,D,PC,OD,D
14:49:08,TLKM,RG,3960,2,D,XC,OD,D
14:49:08,TLKM,RG,3960,1,D,XC,OD,D
14:49:08,TLKM,RG,3960,5,D,YP,OD,D
14:49:08,TLKM,RG,3960,200,D,SQ,OD,D
14:49:08,TLKM,RG,3960,1,D,IH,OD,D
14:49:08,TLKM,RG,3960,1,D,YP,OD,D
14:49:08,TLKM,RG,3960,1,D,XC,OD,D
14:49:08,TLKM,RG,3960,5,D,PD,OD,D
14:49:08,TLKM,RG,3960,3,D,YP,OD,D
14:49:08,TLKM,RG,3960,100,D,PD,OD,D
14:49:08,TLKM,RG,3960,20,D,PD,OD,D
14:49:08,TLKM,RG,3960,1,D,XC,OD,D
14:49:08,TLKM,RG,3960,163,D,YP,OD,D
14:49:08,TLKM,RG,3960,37,D,YP,OD,D
14:49:08,TLKM,RG,3960,4,D,YP,OD,D
14:49:08,TLKM,RG,3960,3,D,PD,OD,D
14:49:08,TLKM,RG,3960,50,D,YP,OD,D
14:49:08,TLKM,RG,3960,1,D,CC,OD,D
14:49:08,TLKM,RG,3960,5,D,LG,OD,D
14:49:08,TLKM,RG,3960,5,D,YP,OD,D
14:49:08,TLKM,RG,3960,1,D,YB,OD,D
14:49:08,TLKM,RG,3960,25,D,YP,OD,D
14:49:08,TLKM,RG,3960,8,D,PD,OD,D
14:49:08,TLKM,RG,3960,10,D,LG,OD,D
14:49:08,TLKM,RG,3960,3,D,DR,OD,D
14:49:08,TLKM,RG,3960,2,D,SQ,OD,D
14:49:08,TLKM,RG,3960,1,D,YP,OD,D
14:49:08,TLKM,RG,3960,30,D,OD,OD,D
14:49:08,TLKM,RG,3960,1,D,XC,OD,D
14:49:08,TLKM,RG,3960,20,D,OD,OD,D
14:49:08,TLKM,RG,3960,2,D,PD,OD,D
14:49:08,TLKM,RG,3960,2,D,YP,OD,D
14:49:08,TLKM,RG,3960,100,D,CC,OD,D
14:49:08,TLKM,RG,3960,25,D,YP,OD,D
14:49:08,TLKM,RG,3960,38,D,YP,OD,D
14:49:08,TLKM,RG,3960,1,D,PD,OD,D
14:49:08,TLKM,RG,3960,1,D,PD,OD,D
14:49:08,TLKM,RG,3960,10,D,XC,OD,D
14:49:08,TLKM,RG,3960,26,D,XC,OD,D
14:49:08,TLKM,RG,3960,5,D,DX,OD,D
14:49:08,TLKM,RG,3960,10,D,CC,OD,D
14:49:08,TLKM,RG,3960,1,D,EP,OD,D
14:49:08,TLKM,RG,3960,5,D,PD,OD,D
14:49:08,TLKM,RG,3960,2,D,AZ,OD,D
14:49:08,TLKM,RG,3960,1,D,YP,OD,D
14:49:08,TLKM,RG,3960,5,D,YP,OD,D
14:49:08,TLKM,RG,3960,20,D,DR,OD,D
14:49:08,TLKM,RG,3960,5,D,DX,OD,D
14:49:08,TLKM,RG,3960,20,D,YP,OD,D
14:49:08,TLKM,RG,3960,1,D,KK,OD,D
14:49:08,TLKM,RG,3960,2,D,PD,OD,D
14:49:08,TLKM,RG,3960,1,D,PD,OD,D
14:49:08,TLKM,RG,3960,1,D,YP,OD,D
14:49:08,TLKM,RG,3960,12,D,XC,OD,D
14:49:08,TLKM,RG,3960,100,D,NI,OD,D
14:49:08,TLKM,RG,3960,1,D,TP,OD,D
14:49:08,TLKM,RG,3960,3,D,PD,OD,D
14:49:08,TLKM,RG,3960,4,D,NI,OD,D
14:49:08,TLKM,RG,3960,2,D,XL,OD,D
14:49:08,TLKM,RG,3960,1,D,XC,OD,D
14:49:08,TLKM,RG,3960,5,D,NI,OD,D
14:49:08,TLKM,RG,3960,2,D,XC,OD,D
14:49:08,TLKM,RG,3960,10,D,PD,OD,D
14:49:08,TLKM,RG,3960,2,D,NI,OD,D
14:49:08,TLKM,RG,3960,1,D,XL,OD,D
14:49:08,TLKM,RG,3960,3,D,XC,OD,D
14:49:08,TLKM,RG,3960,1,D,OD,OD,D
14:49:08,TLKM,RG,3960,10,D,CC,OD,D
14:49:08,TLKM,RG,3960,2,D,PD,OD,D
14:49:08,TLKM,RG,3960,1,D,YP,OD,D
14:49:08,TLKM,RG,3960,5,D,PD,OD,D
14:49:08,TLKM,RG,3960,5,D,NI,OD,D
14:49:08,TLKM,RG,3960,4,D,YP,OD,D
14:49:08,TLKM,RG,3960,8,D,TP,OD,D
14:49:08,TLKM,RG,3960,1,D,XC,OD,D
14:49:08,TLKM,RG,3960,15,D,KK,OD,D
14:49:08,TLKM,RG,3960,20,D,LG,OD,D
14:49:08,TLKM,RG,3960,5,D,YP,OD,D
14:49:08,TLKM,RG,3960,1,D,YP,OD,D
14:49:08,TLKM,RG,3960,2,D,CC,OD,D
14:49:08,TLKM,RG,3970,15,D,YP,YU,D
14:49:08,TLKM,RG,3960,28,D,CC,OD,D
14:49:08,TLKM,RG,3960,1,D,XC,OD,D
14:49:08,TLKM,RG,3960,1,D,SQ,OD,D
14:49:08,TLKM,RG,3960,3,D,PD,OD,D
14:49:08,TLKM,RG,3960,10,D,CC,OD,D
14:49:08,TLKM,RG,3960,5,D,YP,OD,D
14:49:08,TLKM,RG,3960,10,D,YP,OD,D
14:49:08,TLKM,RG,3960,1,D,MK,OD,D
14:49:08,TLKM,RG,3960,1,D,YP,OD,D
14:49:08,TLKM,RG,3960,32,D,YP,OD,D
14:49:08,TLKM,RG,3960,3,D,YP,ZP,F
14:49:07,TLKM,RG,3970,2,D,CC,YU,D
14:49:07,TLKM,RG,3960,4,D,YP,ZP,F
14:49:07,TLKM,RG,3970,1,D,XC,YU,D
14:49:07,TLKM,RG,3960,15,D,YP,ZP,F
14:49:07,TLKM,RG,3960,1,D,CC,ZP,F
14:49:07,TLKM,RG,3960,10,D,PD,ZP,F
14:49:07,TLKM,RG,3960,8,D,XC,ZP,F
14:49:07,TLKM,RG,3960,19,D,XC,ZP,F
14:49:06,TLKM,RG,3960,3,D,XC,XC,D
14:49:06,TLKM,RG,3960,10,D,KK,XC,D
14:49:06,TLKM,RG,3960,1,D,YP,XC,D
14:49:06,TLKM,RG,3960,5,D,DR,XC,D
14:49:06,TLKM,RG,3960,1,D,YP,XC,D
14:49:06,TLKM,RG,3960,10,D,OD,XC,D
14:49:06,TLKM,RG,3960,2,D,XC,XC,D
14:49:06,TLKM,RG,3960,1,D,XC,XC,D
14:49:06,TLKM,RG,3960,3,D,NI,XC,D
14:49:06,TLKM,RG,3960,2,D,PD,XC,D
14:49:06,TLKM,RG,3960,10,D,RG,XC,D
14:49:06,TLKM,RG,3960,5,D,XC,XC,D
14:49:06,TLKM,RG,3960,6,D,YP,XC,D
14:49:06,TLKM,RG,3960,50,D,SQ,XC,D
14:49:06,TLKM,RG,3960,2,D,XL,XC,D
14:49:06,TLKM,RG,3960,3,D,BQ,XC,D
14:49:06,TLKM,RG,3960,10,D,CC,XC,D
14:49:06,TLKM,RG,3960,4,D,YP,XC,D
14:49:06,TLKM,RG,3960,1,D,BQ,XC,D
14:49:06,TLKM,RG,3960,10,D,CC,XC,D
14:49:06,TLKM,RG,3960,1,D,PD,XC,D
14:49:06,TLKM,RG,3960,1,D,NI,XC,D
14:49:06,TLKM,RG,3960,5,D,DR,XC,D
14:49:06,TLKM,RG,3960,10,D,YP,XC,D
14:49:06,TLKM,RG,3960,1,D,XC,XC,D
14:49:06,TLKM,RG,3960,3,D,XL,XC,D
14:49:06,TLKM,RG,3960,2,D,KK,XC,D
14:49:06,TLKM,RG,3960,2,D,PD,XC,D
14:49:06,TLKM,RG,3960,6,D,XC,XC,D
14:49:06,TLKM,RG,3960,2,D,PD,XC,D
14:49:06,TLKM,RG,3960,13,D,CC,ZP,F
14:49:06,TLKM,RG,3960,2,D,CC,ZP,F
14:49:05,TLKM,RG,3970,100,D,YB,YU,D
14:49:05,TLKM,RG,3960,1,D,CC,BB,F
14:49:05,TLKM,RG,3960,33,D,CC,ZP,F
14:49:05,TLKM,RG,3960,1,D,CC,ZP,F
14:49:05,TLKM,RG,3960,2,D,PD,ZP,F
14:49:05,TLKM,RG,3960,1,D,YP,ZP,F
14:49:05,TLKM,RG,3960,4,D,YP,AK,F
14:49:05,TLKM,RG,3960,64,D,AI,AK,F
14:49:05,TLKM,RG,3960,4,D,AI,ZP,F
14:49:05,TLKM,RG,3970,32,F,BK,YU,D
14:49:04,TLKM,RG,3960,5,D,AI,ZP,F
14:49:04,TLKM,RG,3970,5,D,PD,YU,D
14:49:04,TLKM,RG,3960,7,D,AI,ZP,F
14:49:04,TLKM,RG,3970,10,D,OD,YU,D
14:49:04,TLKM,RG,3960,4,D,AI,ZP,F
14:49:04,TLKM,RG,3960,5,D,AI,ZP,F
