Time,Stock,Brd,Price,Qty,BT,BC,SC,ST
15:14:48,TLKM,RG,4020,1,D,DR,XC,D
15:14:22,TLKM,RG,4020,2,D,DR,DX,D
15:14:19,TLKM,RG,4020,1,D,DR,CC,D
15:13:46,TLKM,RG,4020,11,D,DR,XC,D
15:13:46,TLKM,RG,4020,1,D,DR,XC,D
15:13:46,TLKM,RG,4020,42,D,DR,GR,D
15:13:44,TLKM,RG,4020,8,D,YU,GR,D
15:13:44,TLKM,RG,4020,1,D,YU,KK,D
15:13:44,TLKM,RG,4020,1,D,YU,YP,D
15:13:44,TLKM,RG,4020,8,D,YU,YU,D
15:13:44,TLKM,RG,4020,1,D,YU,PD,D
15:13:44,TLKM,RG,4020,21,D,YU,CC,D
15:13:44,TLKM,RG,4020,1,D,YP,CC,D
15:13:43,TLKM,RG,4020,5,D,XC,CC,D
15:13:42,TLKM,RG,4020,1,D,PD,CC,D
15:13:41,TLKM,RG,4020,3,D,XC,CC,D
15:13:34,TLKM,RG,4020,1,D,NI,CC,D
15:13:33,TLKM,RG,4020,1,D,YP,CC,D
15:13:29,TLKM,RG,4020,5,D,DR,CC,D
15:13:25,TLKM,RG,4020,1,D,XC,CC,D
15:13:23,TLKM,RG,4020,500,D,LG,CC,D
15:13:21,TLKM,RG,4020,5,D,XC,CC,D
15:13:13,TLKM,RG,4020,1,D,BQ,CC,D
15:13:13,TLKM,RG,4020,1,D,XC,CC,D
15:13:09,TLKM,RG,4020,5,D,XC,CC,D
15:13:07,TLKM,RG,4020,5,D,CC,CC,D
15:13:06,TLKM,RG,4020,1,D,DR,CC,D
15:13:03,TLKM,RG,4020,50,D,PD,CC,D
15:13:03,TLKM,RG,4020,10,D,NI,CC,D
15:13:02,TLKM,RG,4020,3,D,DX,CC,D
15:12:58,TLKM,RG,4020,10,D,HP,CC,D
15:12:55,TLKM,RG,4020,4,D,YP,CC,D
15:12:48,TLKM,RG,4020,10,D,PD,CC,D
15:12:44,TLKM,RG,4020,3,D,GR,CC,D
15:12:43,TLKM,RG,4020,1,D,LG,CC,D
15:12:43,TLKM,RG,4020,10,D,GR,CC,D
15:12:40,TLKM,RG,4020,1,D,PD,CC,D
15:12:40,TLKM,RG,4020,10,D,LG,CC,D
15:12:38,TLKM,RG,4020,1,D,HP,CC,D
15:12:36,TLKM,RG,4020,1,D,DH,CC,D
15:12:35,TLKM,RG,4020,5,D,XC,CC,D
15:12:34,TLKM,RG,4020,2,D,BQ,CC,D
15:12:33,TLKM,RG,4020,3,D,XC,CC,D
15:12:27,TLKM,RG,4020,2,D,YP,CC,D
15:12:27,TLKM,RG,4020,2,D,GR,CC,D
15:12:21,TLKM,RG,4020,1,D,PD,CC,D
15:12:17,TLKM,RG,4020,3,D,PD,CC,D
15:12:15,TLKM,RG,4020,3,D,DR,CC,D
15:12:14,TLKM,RG,4020,2,D,XC,CC,D
15:12:12,TLKM,RG,4020,1,D,NI,CC,D
15:12:04,TLKM,RG,4020,1,D,XL,CC,D
15:11:59,TLKM,RG,4020,1,D,XC,CC,D
15:11:56,TLKM,RG,4020,10,D,XC,CC,D
15:11:55,TLKM,RG,4020,5,D,AT,CC,D
15:11:54,TLKM,RG,4020,2,D,XC,CC,D
15:11:48,TLKM,RG,4020,9,D,CC,CC,D
15:11:46,TLKM,RG,4020,10,D,PD,CC,D
15:11:44,TLKM,RG,4020,2,D,YP,CC,D
15:11:43,TLKM,RG,4020,1,D,PD,CC,D
15:11:40,TLKM,RG,4020,1000,D,MG,CC,D
15:11:35,TLKM,RG,4020,1,D,BQ,CC,D
15:11:35,TLKM,RG,4020,1,D,DR,CC,D
15:11:34,TLKM,RG,4020,10,D,CC,CC,D
15:11:34,TLKM,RG,4020,10,D,YP,CC,D
15:11:34,TLKM,RG,4020,1,D,XC,CC,D
15:11:34,TLKM,RG,4020,25,D,CC,CC,D
15:11:34,TLKM,RG,4020,12,D,GR,CC,D
15:11:34,TLKM,RG,4020,8,D,YU,CC,D
15:11:34,TLKM,RG,4020,3,D,CC,CC,D
15:11:34,TLKM,RG,4020,11,D,YB,CC,D
15:11:34,TLKM,RG,4020,1,D,XC,CC,D
15:11:34,TLKM,RG,4020,16,D,SQ,CC,D
15:11:34,TLKM,RG,4020,10,D,PD,CC,D
15:11:34,TLKM,RG,4020,1,D,DR,CC,D
15:11:34,TLKM,RG,4020,10,D,CC,CC,D
15:11:34,TLKM,RG,4020,60,D,DR,CC,D
15:11:34,TLKM,RG,4020,4,D,XC,CC,D
15:11:34,TLKM,RG,4020,15,D,GR,CC,D
15:11:34,TLKM,RG,4020,1,D,YP,CC,D
15:11:34,TLKM,RG,4020,2,D,XC,CC,D
15:11:34,TLKM,RG,4020,1,D,PD,CC,D
15:11:34,TLKM,RG,4020,10,D,PD,CC,D
15:11:34,TLKM,RG,4020,5,D,PD,CC,D
15:11:34,TLKM,RG,4020,46,D,PD,CC,D
15:11:23,TLKM,RG,4020,1,D,PD,YP,D
15:11:11,TLKM,RG,4020,5,D,PD,BQ,D
15:11:10,TLKM,RG,4020,13,D,PD,YP,D
15:11:08,TLKM,RG,4020,5,D,PD,CC,D
15:11:05,TLKM,RG,4020,100,D,PD,AO,D
15:11:02,TLKM,RG,4020,13,D,PD,YP,D
15:10:55,TLKM,RG,4020,14,D,PD,KK,D
15:10:51,TLKM,RG,4020,3,D,PD,BQ,D
15:10:51,TLKM,RG,4020,1,D,DH,BQ,D
15:10:51,TLKM,RG,4020,1,D,PD,BQ,D
15:10:45,TLKM,RG,4020,5,D,PD,BQ,D
15:10:41,TLKM,RG,4020,2,D,PD,YP,D
15:10:30,TLKM,RG,4020,5,D,PD,BQ,D
15:10:28,TLKM,RG,4020,42,D,PD,EP,D
15:10:27,TLKM,RG,4020,5,D,PD,BQ,D
15:10:19,TLKM,RG,4020,5,D,PD,BQ,D
15:10:19,TLKM,RG,4020,100,D,PD,DR,D
15:10:19,TLKM,RG,4020,10,D,PD,YP,D
15:10:19,TLKM,RG,4020,2,D,PD,DX,D
15:10:19,TLKM,RG,4020,10,D,PD,EP,D
15:10:19,TLKM,RG,4020,13,D,PD,AO,D
15:10:18,TLKM,RG,4020,9,D,XC,AO,D
15:10:18,TLKM,RG,4020,1,D,PD,AO,D
15:10:16,TLKM,RG,4020,1,D,DH,AO,D
15:10:15,TLKM,RG,4020,8,D,XC,AO,D
15:10:09,TLKM,RG,4020,1,D,XC,AO,D
15:10:05,TLKM,RG,4020,25,D,GR,AO,D
15:10:02,TLKM,RG,4020,1,D,PD,AO,D
15:10:01,TLKM,RG,4020,1,D,PD,AO,D
15:10:00,TLKM,RG,4020,1,D,EP,AO,D
15:09:55,TLKM,RG,4020,10,D,NI,AO,D
15:09:50,TLKM,RG,4020,25,D,GR,AO,D
15:09:50,TLKM,RG,4020,3,D,YB,AO,D
15:09:49,TLKM,RG,4020,130,D,DR,AO,D
15:09:49,TLKM,RG,4020,2,D,NI,AO,D
15:09:40,TLKM,RG,4020,2,D,PD,AO,D
15:09:40,TLKM,RG,4020,200,D,CP,AO,D
15:09:38,TLKM,RG,4020,1,D,PD,AO,D
15:09:33,TLKM,RG,4020,11,D,YB,AO,D
15:09:27,TLKM,RG,4020,1,D,YP,AO,D
15:09:27,TLKM,RG,4020,1,D,PD,AO,D
15:09:27,TLKM,RG,4020,1,D,PD,AO,D
15:09:27,TLKM,RG,4020,5,D,MI,AO,D
15:09:25,TLKM,RG,4020,100,D,IP,AO,D
15:09:24,TLKM,RG,4020,5,D,NI,AO,D
15:09:20,TLKM,RG,4020,2,D,KK,AO,D
15:09:17,TLKM,RG,4020,1,D,YP,AO,D
15:09:10,TLKM,RG,4020,8,D,NI,AO,D
15:09:10,TLKM,RG,4020,1,D,XC,AO,D
15:09:10,TLKM,RG,4020,15,D,XC,AO,D
15:09:10,TLKM,RG,4020,20,D,KK,AO,D
15:09:10,TLKM,RG,4020,1,D,XC,AO,D
15:09:10,TLKM,RG,4020,20,D,DX,AO,D
15:09:10,TLKM,RG,4020,1,D,PD,AO,D
15:09:10,TLKM,RG,4020,1,D,XC,AO,D
15:09:10,TLKM,RG,4020,1,D,XC,AO,D
15:09:10,TLKM,RG,4020,1,D,XC,AO,D
15:09:10,TLKM,RG,4020,1,D,XC,AO,D
15:09:10,TLKM,RG,4020,1,D,NI,AO,D
15:09:10,TLKM,RG,4020,10,D,KK,AO,D
15:09:10,TLKM,RG,4020,10,D,PD,AO,D
15:09:10,TLKM,RG,4020,6,D,CC,AO,D
15:09:10,TLKM,RG,4020,1,D,XC,AO,D
15:09:10,TLKM,RG,4020,10,D,XL,AO,D
15:09:10,TLKM,RG,4020,25,D,LG,AO,D
15:09:10,TLKM,RG,4020,1,D,DH,AO,D
15:09:10,TLKM,RG,4020,1,D,XC,AO,D
15:09:10,TLKM,RG,4020,50,D,YP,AO,D
15:09:10,TLKM,RG,4020,20,D,YP,AO,D
15:09:10,TLKM,RG,4020,25,D,NI,AO,D
15:09:10,TLKM,RG,4020,5,D,XC,AO,D
15:09:10,TLKM,RG,4020,1,D,CC,AO,D
15:09:10,TLKM,RG,4020,7,D,XC,AO,D
15:09:10,TLKM,RG,4020,1,D,XC,AO,D
15:09:10,TLKM,RG,4020,1,D,XC,AO,D
15:09:10,TLKM,RG,4020,1,D,EP,AO,D
15:09:10,TLKM,RG,4020,1,D,PD,AO,D
15:09:10,TLKM,RG,4020,10,D,NI,AO,D
15:09:10,TLKM,RG,4020,1,D,PD,AO,D
15:09:10,TLKM,RG,4020,10,D,NI,AO,D
15:09:10,TLKM,RG,4020,20,D,DR,AO,D
15:09:10,TLKM,RG,4020,19,D,PD,AO,D
15:09:10,TLKM,RG,4020,10,D,CP,AO,D
15:09:10,TLKM,RG,4020,25,D,CD,AO,D
15:09:10,TLKM,RG,4020,2,D,EP,AO,D
15:09:10,TLKM,RG,4020,1,D,DH,AO,D
15:09:10,TLKM,RG,4020,1,D,XC,AO,D
15:09:10,TLKM,RG,4020,19,D,YP,AO,D
15:09:10,TLKM,RG,4020,30,D,CC,AO,D
15:09:10,TLKM,RG,4020,62,D,AZ,AO,D
15:09:10,TLKM,RG,4020,50,D,PD,AO,D
15:09:10,TLKM,RG,4020,1,D,PD,AO,D
15:09:10,TLKM,RG,4020,1,D,PD,AO,D
15:09:10,TLKM,RG,4020,1,D,XC,AO,D
15:09:10,TLKM,RG,4020,1,D,DR,AO,D
15:09:10,TLKM,RG,4020,1,D,XC,AO,D
15:09:10,TLKM,RG,4020,1,D,YP,AO,D
15:09:10,TLKM,RG,4020,25,D,IP,AO,D
15:09:10,TLKM,RG,4020,500,D,YP,AO,D
15:09:10,TLKM,RG,4020,8,D,PD,AO,D
15:09:10,TLKM,RG,4020,1,D,PD,AO,D
15:09:10,TLKM,RG,4020,1,D,XC,AO,D
15:09:10,TLKM,RG,4020,1,D,PD,AO,D
15:09:10,TLKM,RG,4020,10,D,NI,AO,D
15:09:10,TLKM,RG,4020,300,D,PD,AO,D
15:09:10,TLKM,RG,4020,80,D,PD,AO,D
15:08:50,TLKM,RG,4020,2,D,PD,CC,D
15:08:26,TLKM,RG,4020,13,D,PD,CC,D
15:08:13,TLKM,RG,4020,2,D,PD,YP,D
15:08:09,TLKM,RG,4020,6,D,PD,XC,D
15:07:53,TLKM,RG,4020,25,D,PD,GR,D
15:07:47,TLKM,RG,4020,20,D,PD,PD,D
15:07:38,TLKM,RG,4020,1,D,PD,CC,D
15:07:35,TLKM,RG,4020,5,D,PD,GR,D
15:07:31,TLKM,RG,4020,9,D,PD,XC,D
15:07:29,TLKM,RG,4020,100,D,PD,PD,D
15:06:51,TLKM,RG,4020,37,D,PD,CC,D
15:06:51,TLKM,RG,4020,18,D,SQ,CC,D
15:06:51,TLKM,RG,4020,2,D,KK,CC,D
15:06:51,TLKM,RG,4020,2,D,CC,CC,D
15:06:51,TLKM,RG,4020,1,D,CC,CC,D
15:06:51,TLKM,RG,4020,2,D,KK,CC,D
15:06:51,TLKM,RG,4020,300,D,PD,CC,D
15:06:51,TLKM,RG,4020,5,D,SQ,CC,D
15:06:51,TLKM,RG,4020,1,D,PD,CC,D
15:06:51,TLKM,RG,4020,8,D,PD,CC,D
15:06:51,TLKM,RG,4020,3,D,YP,CC,D
15:06:51,TLKM,RG,4020,2,D,XC,CC,D
15:06:51,TLKM,RG,4020,2,D,YP,CC,D
15:06:51,TLKM,RG,4020,3,D,OD,CC,D
15:06:51,TLKM,RG,4020,100,D,ZP,CC,D
15:06:51,TLKM,RG,4020,1,D,XC,CC,D
15:06:51,TLKM,RG,4020,1,D,YP,CC,D
15:06:51,TLKM,RG,4020,2,D,SQ,CC,D
15:06:51,TLKM,RG,4020,10,D,XL,CC,D
15:06:40,TLKM,RG,4020,1,D,XL,CC,D
15:06:29,TLKM,RG,4020,1,D,XL,DR,D
15:06:28,TLKM,RG,4020,1,D,XL,PD,D
15:05:47,TLKM,RG,4020,5,D,XL,XL,D
15:05:40,TLKM,RG,4020,25,D,XL,CC,D
15:05:26,TLKM,RG,4020,1,D,XL,PD,D
15:05:21,TLKM,RG,4020,1,D,XL,PD,D
15:05:14,TLKM,RG,4020,5,D,XL,MG,D
15:05:09,TLKM,RG,4020,3,D,XC,PD,D
15:05:09,TLKM,RG,4020,1,D,XC,PD,D
15:05:09,TLKM,RG,4020,2,D,CC,PD,D
15:05:09,TLKM,RG,4020,4,D,YP,PD,D
15:05:02,TLKM,RG,4020,2,D,YP,PD,D
15:05:02,TLKM,RG,4020,20,D,YP,LG,D
15:05:02,TLKM,RG,4020,4,D,YP,XC,D
15:04:59,TLKM,RG,4020,1,D,XL,XC,D
15:04:59,TLKM,RG,4020,1,D,SQ,XC,D
15:04:59,TLKM,RG,4020,5,D,SQ,YB,D
15:04:59,TLKM,RG,4020,3,D,YP,YB,D
15:04:59,TLKM,RG,4020,1,D,YP,CC,D
15:04:59,TLKM,RG,4020,4,D,YP,YP,D
15:04:59,TLKM,RG,4020,1,D,YP,XC,D
15:04:59,TLKM,RG,4020,1,D,YP,AG,D
15:04:55,TLKM,RG,4020,2,D,YP,AG,D
15:04:49,TLKM,RG,4020,1,D,PD,AG,D
15:04:48,TLKM,RG,4020,1,D,XC,AG,D
15:04:46,TLKM,RG,4020,1,D,XC,AG,D
15:04:45,TLKM,RG,4020,30,D,YP,AG,D
15:04:42,TLKM,RG,4020,1,D,XC,AG,D
15:04:41,TLKM,RG,4020,44,D,SQ,AG,D
15:04:41,TLKM,RG,4020,6,D,SQ,XC,D
15:04:41,TLKM,RG,4020,3,D,SQ,YP,D
15:04:41,TLKM,RG,4020,1,D,SQ,PD,D
15:04:41,TLKM,RG,4020,3,D,SQ,DX,D
15:04:41,TLKM,RG,4020,6,D,SQ,CC,D
15:04:41,TLKM,RG,4020,25,D,SQ,AF,D
15:04:41,TLKM,RG,4020,1,D,SQ,YJ,D
15:04:41,TLKM,RG,4020,20,D,SQ,YB,D
15:04:41,TLKM,RG,4020,1,D,SQ,EP,D
15:04:41,TLKM,RG,4020,7,D,SQ,LG,D
15:04:41,TLKM,RG,4020,660,D,SQ,CC,D
15:04:41,TLKM,RG,4020,50,D,SQ,GR,D
15:04:41,TLKM,RG,4020,20,D,SQ,LG,D
15:04:41,TLKM,RG,4020,1,D,SQ,YB,D
15:04:41,TLKM,RG,4020,2,D,SQ,DX,D
15:04:41,TLKM,RG,4020,42,D,SQ,CC,D
15:04:41,TLKM,RG,4020,20,D,SQ,EP,D
15:04:41,TLKM,RG,4020,88,D,SQ,YP,D
15:04:36,TLKM,RG,4020,2,D,SQ,YP,D
15:04:36,TLKM,RG,4020,2,D,DH,YP,D
15:04:26,TLKM,RG,4020,2,D,DH,YP,D
15:04:25,TLKM,RG,4020,2,D,XC,YP,D
15:04:19,TLKM,RG,4020,5,D,PD,YP,D
15:04:19,TLKM,RG,4020,1,D,CC,YP,D
15:04:18,TLKM,RG,4020,1,D,KK,YP,D
15:04:16,TLKM,RG,4020,3,D,XC,YP,D
15:04:16,TLKM,RG,4020,1,D,NI,YP,D
15:04:13,TLKM,RG,4020,3,D,PD,YP,D
15:04:11,TLKM,RG,4020,2,D,XC,YP,D
15:04:09,TLKM,RG,4020,2,D,BQ,YP,D
15:04:08,TLKM,RG,4020,40,D,AG,YP,D
15:04:08,TLKM,RG,4020,2,D,XC,YP,D
15:04:07,TLKM,RG,4020,2,D,KK,YP,D
15:04:06,TLKM,RG,4020,1,D,PD,YP,D
15:04:06,TLKM,RG,4020,5,D,XC,YP,D
15:04:06,TLKM,RG,4020,60,D,YP,YP,D
15:04:06,TLKM,RG,4020,4,D,XC,YP,D
15:04:04,TLKM,RG,4020,40,D,YP,YP,D
15:04:04,TLKM,RG,4020,150,D,OK,YP,D
15:04:02,TLKM,RG,4020,3,D,CC,YP,D
15:03:57,TLKM,RG,4020,2,D,CC,YP,D
15:03:55,TLKM,RG,4020,2,D,PD,YP,D
15:03:55,TLKM,RG,4020,1,D,XC,YP,D
15:03:51,TLKM,RG,4020,25,D,ES,YP,D
15:03:49,TLKM,RG,4020,75,D,XC,YP,D
15:03:47,TLKM,RG,4020,2,D,CC,YP,D
15:03:45,TLKM,RG,4020,50,D,YP,YP,D
15:03:41,TLKM,RG,4020,1,D,XC,YP,D
15:03:40,TLKM,RG,4020,50,D,PD,YP,D
15:03:38,TLKM,RG,4020,371,D,SQ,YP,D
15:03:38,TLKM,RG,4020,5,D,SQ,PD,D
15:03:38,TLKM,RG,4020,5,D,SQ,CC,D
15:03:38,TLKM,RG,4020,11,D,SQ,YP,D
15:03:38,TLKM,RG,4020,2,D,SQ,YU,D
15:03:38,TLKM,RG,4020,7,D,SQ,CC,D
15:03:38,TLKM,RG,4020,2,D,SQ,XC,D
15:03:38,TLKM,RG,4020,10,D,SQ,KK,D
15:03:38,TLKM,RG,4020,87,D,SQ,DX,F
15:03:38,TLKM,RG,4020,1,D,XC,DX,F
15:03:38,TLKM,RG,4020,3,D,YP,DX,F
15:03:37,TLKM,RG,4020,1,D,XC,DX,F
15:03:36,TLKM,RG,4020,5,D,KK,DX,F
15:03:35,TLKM,RG,4020,1,D,PD,DX,F
15:03:35,TLKM,RG,4020,3,D,XC,DX,F
15:03:34,TLKM,RG,4020,1,D,CC,DX,F
15:03:33,TLKM,RG,4020,25,D,CC,DX,F
15:03:27,TLKM,RG,4020,2000,D,PD,DX,F
15:03:27,TLKM,RG,4020,1,D,XL,DX,F
15:03:24,TLKM,RG,4020,5,D,KK,DX,F
15:03:16,TLKM,RG,4020,1,D,CC,DX,F
15:03:16,TLKM,RG,4020,100,D,NI,DX,F
15:03:15,TLKM,RG,4020,50,D,SA,DX,F
15:03:15,TLKM,RG,4020,50,D,MU,DX,F
15:03:11,TLKM,RG,4020,15,D,EP,DX,F
15:03:08,TLKM,RG,4020,1,D,XC,DX,F
15:03:01,TLKM,RG,4020,5,D,PD,DX,F
15:02:59,TLKM,RG,4020,25,D,OD,DX,F
15:02:58,TLKM,RG,4020,5,D,XC,DX,F
15:02:55,TLKM,RG,4020,3,D,YP,DX,F
15:02:54,TLKM,RG,4020,300,D,GR,DX,F
15:02:49,TLKM,RG,4020,1,D,DH,DX,F
15:02:47,TLKM,RG,4020,2,D,BQ,DX,F
15:02:47,TLKM,RG,4020,1,D,XC,DX,F
15:02:44,TLKM,RG,4020,1,D,PD,DX,F
15:02:41,TLKM,RG,4020,5,D,PD,DX,F
15:02:40,TLKM,RG,4020,1,D,XC,DX,F
15:02:35,TLKM,RG,4020,30,D,YJ,DX,F
15:02:34,TLKM,RG,4020,10,D,PD,DX,F
15:02:33,TLKM,RG,4020,4,D,EP,DX,F
15:02:30,TLKM,RG,4020,20,D,PD,DX,F
15:02:27,TLKM,RG,4020,3,D,YU,DX,F
15:02:20,TLKM,RG,4020,10,D,XC,DX,F
15:02:18,TLKM,RG,4020,1,D,PD,DX,F
15:02:18,TLKM,RG,4020,1,D,XC,DX,F
15:02:18,TLKM,RG,4020,5,D,YP,DX,F
15:02:16,TLKM,RG,4020,1,D,CC,DX,F
15:02:16,TLKM,RG,4020,21,D,NI,DX,F
15:02:13,TLKM,RG,4020,1,D,LG,DX,F
15:02:11,TLKM,RG,4020,3,D,PD,DX,F
15:02:11,TLKM,RG,4020,5,D,KK,DX,F
15:02:11,TLKM,RG,4020,2,D,YP,DX,F
15:02:10,TLKM,RG,4020,100,D,ZP,DX,F
15:02:10,TLKM,RG,4020,1,D,PD,DX,F
15:02:01,TLKM,RG,4020,10,D,PD,DX,F
15:02:01,TLKM,RG,4020,1,D,PD,DX,F
15:02:00,TLKM,RG,4020,63,D,AZ,DX,F
15:01:55,TLKM,RG,4020,3,D,NI,DX,F
15:01:49,TLKM,RG,4020,3,D,PD,DX,F
15:01:48,TLKM,RG,4020,20,D,PD,DX,F
15:01:47,TLKM,RG,4020,2,D,IF,DX,F
15:01:43,TLKM,RG,4020,50,D,NI,DX,F
15:01:42,TLKM,RG,4020,3,D,PD,DX,F
15:01:41,TLKM,RG,4020,2,D,CC,DX,F
15:01:40,TLKM,RG,4020,305,D,PD,DX,F
15:01:40,TLKM,RG,4020,70,D,PD,CC,D
15:01:40,TLKM,RG,4020,25,D,PD,PD,D
15:01:40,TLKM,RG,4020,25,D,CC,PD,D
15:01:39,TLKM,RG,4020,10,D,LG,KK,D
15:01:37,TLKM,RG,4020,10,D,NI,KK,D
15:01:34,TLKM,RG,4020,1,D,XC,KK,D
15:01:33,TLKM,RG,4020,10,D,SQ,KK,D
15:01:33,TLKM,RG,4020,2,D,PD,KK,D
15:01:33,TLKM,RG,4020,1,D,XC,KK,D
15:01:29,TLKM,RG,4020,2,D,PD,KK,D
15:01:27,TLKM,RG,4020,1,D,YP,KK,D
15:01:22,TLKM,RG,4020,5,D,CC,KK,D
15:01:22,TLKM,RG,4020,4,D,BQ,KK,D
15:01:22,TLKM,RG,4020,1,D,XC,KK,D
15:01:18,TLKM,RG,4020,1,D,XC,KK,D
15:01:17,TLKM,RG,4020,18,D,YP,LG,D
15:01:15,TLKM,RG,4020,4,D,YP,PC,D
15:01:11,TLKM,RG,4020,28,D,YP,YP,D
15:01:11,TLKM,RG,4020,5,D,LG,YP,D
15:01:11,TLKM,RG,4020,9,D,GR,YP,D
15:01:10,TLKM,RG,4020,1,D,GR,CP,D
15:01:10,TLKM,RG,4020,19,D,YP,CP,D
15:01:10,TLKM,RG,4020,100,D,YP,YP,D
15:01:08,TLKM,RG,4020,1,D,YP,YP,D
15:01:08,TLKM,RG,4020,20,D,YP,CP,D
15:01:08,TLKM,RG,4020,3,D,YP,XC,D
15:01:08,TLKM,RG,4020,35,D,YP,XA,D
15:01:08,TLKM,RG,4020,25,D,YP,DR,D
15:01:08,TLKM,RG,4020,10,D,YP,NI,D
15:01:08,TLKM,RG,4020,1,D,YP,XC,D
15:01:08,TLKM,RG,4020,10,D,YP,YP,D
15:01:08,TLKM,RG,4020,9,D,YP,AT,D
15:01:08,TLKM,RG,4020,2,D,YP,XC,D
15:01:08,TLKM,RG,4020,1,D,YP,SQ,D
15:01:08,TLKM,RG,4020,5,D,YP,CC,D
15:01:08,TLKM,RG,4020,2,D,YP,CC,D
15:01:08,TLKM,RG,4020,20,D,YP,YP,D
15:01:08,TLKM,RG,4020,237,D,YP,YU,D
15:01:07,TLKM,RG,4020,1,D,PD,YU,D
15:01:06,TLKM,RG,4020,15,D,NI,YU,D
15:01:04,TLKM,RG,4020,3,D,XL,YU,D
15:01:03,TLKM,RG,4020,1,D,YP,YU,D
15:01:01,TLKM,RG,4020,1,D,XC,YU,D
15:01:01,TLKM,RG,4020,1,D,AT,YU,D
15:01:00,TLKM,RG,4020,1,D,XC,YU,D
15:01:00,TLKM,RG,4020,1,D,XC,YU,D
15:01:00,TLKM,RG,4020,1,D,XC,YU,D
15:01:00,TLKM,RG,4020,1,D,XC,YU,D
15:01:00,TLKM,RG,4020,1,D,XC,YU,D
15:01:00,TLKM,RG,4020,1,D,XC,YU,D
15:01:00,TLKM,RG,4020,9,D,XC,YU,D
15:01:00,TLKM,RG,4020,2,D,XC,YU,D
15:01:00,TLKM,RG,4020,8,D,XC,YU,D
15:01:00,TLKM,RG,4020,5,D,PD,YU,D
15:01:00,TLKM,RG,4020,1,D,PD,YU,D
15:00:00,TLKM,RG,4020,210,F,CS,YU,D
15:00:00,TLKM,RG,4020,1,F,CS,CC,D
15:00:00,TLKM,RG,4020,30,F,CS,YP,D
15:00:00,TLKM,RG,4020,100,F,CS,YP,D
15:00:00,TLKM,RG,4020,10,F,CS,NI,D
15:00:00,TLKM,RG,4020,10,F,CS,NI,D
15:00:00,TLKM,RG,4020,2,F,CS,XL,D
15:00:00,TLKM,RG,4020,3,F,CS,PD,D
15:00:00,TLKM,RG,4020,10,F,CS,NI,D
15:00:00,TLKM,RG,4020,50,F,CS,YP,D
15:00:00,TLKM,RG,4020,25,F,CS,TP,D
15:00:00,TLKM,RG,4020,6,F,CS,OD,D
15:00:00,TLKM,RG,4020,4,F,CS,KK,D
15:00:00,TLKM,RG,4020,4,F,CS,YP,D
15:00:00,TLKM,RG,4020,100,F,CS,YJ,D
15:00:00,TLKM,RG,4020,13,F,CS,YP,D
15:00:00,TLKM,RG,4020,190,F,CS,DR,D
15:00:00,TLKM,RG,4020,100,F,CS,YJ,D
15:00:00,TLKM,RG,4020,10,F,CS,CC,D
15:00:00,TLKM,RG,4020,1,F,CS,YP,D
15:00:00,TLKM,RG,4020,1,F,CS,CC,D
15:00:00,TLKM,RG,4020,160,F,CS,AG,D
15:00:00,TLKM,RG,4020,1,F,CS,CC,D
15:00:00,TLKM,RG,4020,21,F,CS,SQ,D
15:00:00,TLKM,RG,4020,100,F,CS,SQ,D
15:00:00,TLKM,RG,4020,10,F,CS,XC,D
15:00:00,TLKM,RG,4020,1271,F,CS,RX,F
15:00:00,TLKM,RG,4020,2443,F,CS,RX,F
15:00:00,TLKM,RG,4020,2443,F,CS,RX,F
15:00:00,TLKM,RG,4020,2443,F,CS,RX,F
15:00:00,TLKM,RG,4020,1400,F,CS,RX,F
15:00:00,TLKM,RG,4020,25,F,CS,TP,D
15:00:00,TLKM,RG,4020,5,F,CS,YB,D
15:00:00,TLKM,RG,4020,500,F,CS,ES,D
15:00:00,TLKM,RG,4020,513,F,CS,YU,D
15:00:00,TLKM,RG,4020,2443,F,CS,YU,D
15:00:00,TLKM,RG,4020,2443,F,CS,YU,D
15:00:00,TLKM,RG,4020,30,D,NI,YU,D
15:00:00,TLKM,RG,4020,20,D,FZ,YU,D
15:00:00,TLKM,RG,4020,2,D,XL,YU,D
15:00:00,TLKM,RG,4020,10,D,CC,YU,D
15:00:00,TLKM,RG,4020,7,D,DH,YU,D
15:00:00,TLKM,RG,4020,4,D,XC,YU,D
15:00:00,TLKM,RG,4020,100,D,DR,YU,D
15:00:00,TLKM,RG,4020,5,D,AZ,YU,D
15:00:00,TLKM,RG,4020,3,D,CC,YU,D
15:00:00,TLKM,RG,4020,2,D,PD,YU,D
15:00:00,TLKM,RG,4020,10,D,DR,YU,D
15:00:00,TLKM,RG,4020,1,D,NI,YU,D
15:00:00,TLKM,RG,4020,1,D,XC,YU,D
15:00:00,TLKM,RG,4020,200,D,AZ,YU,D
15:00:00,TLKM,RG,4020,2,D,XL,YU,D
15:00:00,TLKM,RG,4020,10,D,PD,YU,D
15:00:00,TLKM,RG,4020,5,D,OD,YU,D
15:00:00,TLKM,RG,4020,1,D,XC,YU,D
15:00:00,TLKM,RG,4020,1,D,XL,YU,D
15:00:00,TLKM,RG,4020,1,D,YP,YU,D
15:00:00,TLKM,RG,4020,10,D,HD,YU,D
15:00:00,TLKM,RG,4020,20,D,XL,YU,D
15:00:00,TLKM,RG,4020,10,D,BQ,YU,D
15:00:00,TLKM,RG,4020,1,D,OD,YU,D
15:00:00,TLKM,RG,4020,2,D,XC,YU,D
15:00:00,TLKM,RG,4020,1,D,YP,YU,D
15:00:00,TLKM,RG,4020,1,D,PD,YU,D
15:00:00,TLKM,RG,4020,1,D,PD,YU,D
15:00:00,TLKM,RG,4020,2,D,PD,YU,D
15:00:00,TLKM,RG,4020,1,D,CC,YU,D
15:00:00,TLKM,RG,4020,50,D,SQ,YU,D
15:00:00,TLKM,RG,4020,10,D,XC,YU,D
15:00:00,TLKM,RG,4020,2,D,PD,YU,D
15:00:00,TLKM,RG,4020,2,D,PD,YU,D
15:00:00,TLKM,RG,4020,15,D,DR,YU,D
15:00:00,TLKM,RG,4020,1,D,XL,YU,D
15:00:00,TLKM,RG,4020,1,D,PD,YU,D
15:00:00,TLKM,RG,4020,4,D,XC,YU,D
15:00:00,TLKM,RG,4020,1,D,PD,YU,D
15:00:00,TLKM,RG,4020,10,D,PD,YU,D
15:00:00,TLKM,RG,4020,5,D,YP,YU,D
15:00:00,TLKM,RG,4020,3,D,CC,YU,D
15:00:00,TLKM,RG,4020,50,D,DR,YU,D
15:00:00,TLKM,RG,4020,20,D,PD,YU,D
15:00:00,TLKM,RG,4020,1,D,PD,YU,D
15:00:00,TLKM,RG,4020,5,D,TP,YU,D
15:00:00,TLKM,RG,4020,10,D,PD,YU,D
15:00:00,TLKM,RG,4020,2,D,XC,YU,D
15:00:00,TLKM,RG,4020,3,D,NI,YU,D
15:00:00,TLKM,RG,4020,50,D,YP,YU,D
15:00:00,TLKM,RG,4020,2,D,SQ,YU,D
15:00:00,TLKM,RG,4020,2,D,SQ,YU,D
15:00:00,TLKM,RG,4020,5,D,KK,YU,D
15:00:00,TLKM,RG,4020,3,D,YP,YU,D
15:00:00,TLKM,RG,4020,248,D,CD,YU,D
15:00:00,TLKM,RG,4020,4,D,PD,YU,D
15:00:00,TLKM,RG,4020,1,D,XC,YU,D
15:00:00,TLKM,RG,4020,50,D,KK,YU,D
15:00:00,TLKM,RG,4020,3,D,PD,YU,D
15:00:00,TLKM,RG,4020,3,D,XC,YU,D
15:00:00,TLKM,RG,4020,50,D,YP,YU,D
15:00:00,TLKM,RG,4020,3,D,DH,YU,D
15:00:00,TLKM,RG,4020,30,D,NI,YU,D
15:00:00,TLKM,RG,4020,5,D,DX,YU,D
15:00:00,TLKM,RG,4020,1,D,XC,YU,D
15:00:00,TLKM,RG,4020,3,D,PD,YU,D
15:00:00,TLKM,RG,4020,10,D,CC,YU,D
15:00:00,TLKM,RG,4020,1,D,YP,YU,D
15:00:00,TLKM,RG,4020,10,D,XC,YU,D
15:00:00,TLKM,RG,4020,10,D,XC,YU,D
15:00:00,TLKM,RG,4020,2,D,XL,YU,D
15:00:00,TLKM,RG,4020,4,D,XC,YU,D
15:00:00,TLKM,RG,4020,50,D,PD,YU,D
15:00:00,TLKM,RG,4020,1,D,XC,YU,D
15:00:00,TLKM,RG,4020,1,D,XC,YU,D
15:00:00,TLKM,RG,4020,8,D,XC,YU,D
15:00:00,TLKM,RG,4020,1,D,NI,YU,D
15:00:00,TLKM,RG,4020,1,D,GR,YU,D
15:00:00,TLKM,RG,4020,1,D,EP,YU,D
15:00:00,TLKM,RG,4020,1,D,YP,YU,D
15:00:00,TLKM,RG,4020,1,D,XC,YU,D
15:00:00,TLKM,RG,4020,100,D,PD,YU,D
15:00:00,TLKM,RG,4020,1,D,NI,YU,D
15:00:00,TLKM,RG,4020,1,D,NI,YU,D
15:00:00,TLKM,RG,4020,5,D,YP,YU,D
15:00:00,TLKM,RG,4020,6,D,PD,YU,D
15:00:00,TLKM,RG,4020,1,D,YP,YU,D
15:00:00,TLKM,RG,4020,622,D,YU,YU,D
15:00:00,TLKM,RG,4020,100,D,YU,EP,D
15:00:00,TLKM,RG,4020,300,D,YU,EP,D
15:00:00,TLKM,RG,4020,2,D,YU,CC,D
15:00:00,TLKM,RG,4020,975,D,YU,TP,D
15:00:00,TLKM,RG,4020,1,D,YU,AG,D
15:00:00,TLKM,RG,4020,50,D,KK,AG,D
15:00:00,TLKM,RG,4020,5,D,KK,AG,D
15:00:00,TLKM,RG,4020,4,D,YP,AG,D
15:00:00,TLKM,RG,4020,1,D,YP,XL,D
15:00:00,TLKM,RG,4020,1,D,PD,XL,D
15:00:00,TLKM,RG,4020,5,D,PG,XL,D
15:00:00,TLKM,RG,4020,25,D,PG,CC,D
15:00:00,TLKM,RG,4020,70,D,PG,GR,D
15:00:00,TLKM,RG,4020,2,D,XC,GR,D
15:00:00,TLKM,RG,4020,5,D,CC,GR,D
15:00:00,TLKM,RG,4020,10,D,PC,GR,D
15:00:00,TLKM,RG,4020,1,D,LG,GR,D
15:00:00,TLKM,RG,4020,2,D,CC,GR,D
15:00:00,TLKM,RG,4020,1,D,EP,GR,D
15:00:00,TLKM,RG,4020,9,D,XC,GR,D
15:00:00,TLKM,RG,4020,91,D,XC,KK,D
15:00:00,TLKM,RG,4020,25,D,YP,KK,D
15:00:00,TLKM,RG,4020,10,D,YP,KK,D
15:00:00,TLKM,RG,4020,50,D,DR,KK,D
15:00:00,TLKM,RG,4020,10,D,EP,KK,D
15:00:00,TLKM,RG,4020,1,D,XC,KK,D
15:00:00,TLKM,RG,4020,10,D,YP,KK,D
15:00:00,TLKM,RG,4020,53,D,PD,KK,D
15:00:00,TLKM,RG,4020,5,D,PD,YP,D
15:00:00,TLKM,RG,4020,1,D,XC,YP,D
15:00:00,TLKM,RG,4020,1,D,CC,YP,D
15:00:00,TLKM,RG,4020,43,D,YP,YP,D
15:00:00,TLKM,RG,4020,1,D,YP,YP,D
15:00:00,TLKM,RG,4020,6,D,YP,KK,D
15:00:00,TLKM,RG,4020,1,D,XC,KK,D
15:00:00,TLKM,RG,4020,1,D,XC,KK,D
15:00:00,TLKM,RG,4020,1,D,PD,KK,D
15:00:00,TLKM,RG,4020,4,D,PD,KK,D
15:00:00,TLKM,RG,4020,38,D,FS,KK,D
15:00:00,TLKM,RG,4020,462,D,FS,YU,F
15:00:00,TLKM,RG,4020,12,D,YP,YU,F
15:00:00,TLKM,RG,4020,80,D,PG,YU,F
15:00:00,TLKM,RG,4020,3,D,NI,YU,F
15:00:00,TLKM,RG,4020,2437,F,CS,YU,F
15:00:00,TLKM,RG,4020,2437,F,CS,YU,F
15:00:00,TLKM,RG,4020,2437,F,CS,YU,F
15:00:00,TLKM,RG,4020,2132,F,CS,YU,F
15:00:00,TLKM,RG,4020,305,F,CS,YU,F
15:00:00,TLKM,RG,4020,2437,F,CS,YU,F
15:00:00,TLKM,RG,4020,2437,F,CS,YU,F
15:00:00,TLKM,RG,4020,2437,F,CS,YU,F
15:00:00,TLKM,RG,4020,2437,F,CS,YU,F
15:00:00,TLKM,RG,4020,2437,F,CS,YU,F
15:00:00,TLKM,RG,4020,1,D,YP,YU,F
15:00:00,TLKM,RG,4020,1,D,XC,YU,F
15:00:00,TLKM,RG,4020,10,D,XC,YU,F
15:00:00,TLKM,RG,4020,2,D,YP,YU,F
15:00:00,TLKM,RG,4020,1,D,PD,YU,F
15:00:00,TLKM,RG,4020,8,D,XC,YU,F
15:00:00,TLKM,RG,4020,2,D,PD,YU,F
15:00:00,TLKM,RG,4020,15,D,PD,YU,F
15:00:00,TLKM,RG,4020,1,D,LG,YU,F
15:00:00,TLKM,RG,4020,1,D,NI,YU,F
15:00:00,TLKM,RG,4020,10,D,NI,YU,F
15:00:00,TLKM,RG,4020,4,D,EP,YU,F
15:00:00,TLKM,RG,4020,1,D,XC,YU,F
15:00:00,TLKM,RG,4020,6,D,XC,YU,F
15:00:00,TLKM,RG,4020,200,D,RO,YU,F
15:00:00,TLKM,RG,4020,1,D,PD,YU,F
15:00:00,TLKM,RG,4020,13,D,PD,YU,F
15:00:00,TLKM,RG,4020,25,D,YP,YU,F
15:00:00,TLKM,RG,4020,1,D,XC,YU,F
15:00:00,TLKM,RG,4020,1,D,XC,YU,F
15:00:00,TLKM,RG,4020,1,D,SQ,YU,F
15:00:00,TLKM,RG,4020,2,D,XC,YU,F
15:00:00,TLKM,RG,4020,12,D,YU,YU,F
15:00:00,TLKM,RG,4020,1,D,XC,YU,F
15:00:00,TLKM,RG,4020,10,D,XC,YU,F
15:00:00,TLKM,RG,4020,1,D,XC,YU,F
15:00:00,TLKM,RG,4020,2,D,KK,YU,F
15:00:00,TLKM,RG,4020,10,D,AO,YU,F
15:00:00,TLKM,RG,4020,10,D,EP,YU,F
15:00:00,TLKM,RG,4020,20,D,RB,YU,F
15:00:00,TLKM,RG,4020,3,D,LG,YU,F
15:00:00,TLKM,RG,4020,1,D,PD,YU,F
15:00:00,TLKM,RG,4020,12,D,CC,YU,F
15:00:00,TLKM,RG,4020,2,D,YP,YU,F
15:00:00,TLKM,RG,4020,5,D,NI,YU,F
15:00:00,TLKM,RG,4020,3,D,NI,YU,F
15:00:00,TLKM,RG,4020,1,D,XC,YU,F
15:00:00,TLKM,RG,4020,100,D,LG,YU,F
15:00:00,TLKM,RG,4020,3,D,XL,YU,F
15:00:00,TLKM,RG,4020,3,D,XC,YU,F
15:00:00,TLKM,RG,4020,20,D,LG,YU,F
15:00:00,TLKM,RG,4020,2,D,DH,YU,F
15:00:00,TLKM,RG,4020,8,D,PD,YU,F
15:00:00,TLKM,RG,4020,3,D,XC,YU,F
15:00:00,TLKM,RG,4020,19,D,PD,YU,F
15:00:00,TLKM,RG,4020,2,D,CC,YU,F
15:00:00,TLKM,RG,4020,3,D,XC,YU,F
15:00:00,TLKM,RG,4020,24,D,SQ,YU,F
15:00:00,TLKM,RG,4020,1,D,PD,YU,F
15:00:00,TLKM,RG,4020,1,D,PD,YU,F
15:00:00,TLKM,RG,4020,3,D,XC,YU,F
15:00:00,TLKM,RG,4020,1,D,CC,YU,F
15:00:00,TLKM,RG,4020,3,D,XC,YU,F
15:00:00,TLKM,RG,4020,1,D,NI,YU,F
15:00:00,TLKM,RG,4020,1,D,KK,YU,F
15:00:00,TLKM,RG,4020,1,D,YP,YU,F
15:00:00,TLKM,RG,4020,10,D,AT,YU,F
15:00:00,TLKM,RG,4020,2,D,PD,YU,F
15:00:00,TLKM,RG,4020,2,D,XC,YU,F
15:00:00,TLKM,RG,4020,1,D,XC,YU,F
15:00:00,TLKM,RG,4020,1,D,DR,YU,F
15:00:00,TLKM,RG,4020,5,D,NI,YU,F
15:00:00,TLKM,RG,4020,2,D,XC,YU,F
15:00:00,TLKM,RG,4020,25,D,YP,YU,F
15:00:00,TLKM,RG,4020,5,D,KK,YU,F
15:00:00,TLKM,RG,4020,2,D,PD,YU,F
15:00:00,TLKM,RG,4020,12,D,TP,YU,F
15:00:00,TLKM,RG,4020,3,D,PD,YU,F
15:00:00,TLKM,RG,4020,5,D,DH,YU,F
15:00:00,TLKM,RG,4020,5,D,GR,YU,F
15:00:00,TLKM,RG,4020,1,D,XC,YU,F
15:00:00,TLKM,RG,4020,2,D,XL,YU,F
15:00:00,TLKM,RG,4020,2,D,GR,YU,F
15:00:00,TLKM,RG,4020,3,D,NI,YU,F
15:00:00,TLKM,RG,4020,2,D,PD,YU,F
15:00:00,TLKM,RG,4020,1,D,GR,YU,F
15:00:00,TLKM,RG,4020,5,D,YP,YU,F
15:00:00,TLKM,RG,4020,1,D,LG,YU,F
15:00:00,TLKM,RG,4020,1911,D,LS,YU,F
15:00:00,TLKM,RG,4020,89,D,LS,YU,F
15:00:00,TLKM,RG,4020,5,D,KK,YU,F
15:00:00,TLKM,RG,4020,25,D,CC,YU,F
15:00:00,TLKM,RG,4020,30,D,NI,YU,F
15:00:00,TLKM,RG,4020,1,D,PD,YU,F
15:00:00,TLKM,RG,4020,5,D,PD,YU,F
15:00:00,TLKM,RG,4020,1,D,CC,YU,F
15:00:00,TLKM,RG,4020,1,D,PD,YU,F
15:00:00,TLKM,RG,4020,1,D,KK,YU,F
15:00:00,TLKM,RG,4020,30,D,YP,YU,F
15:00:00,TLKM,RG,4020,40,D,XC,YU,F
15:00:00,TLKM,RG,4020,1,D,YP,YU,F
15:00:00,TLKM,RG,4020,10,D,PD,YU,F
15:00:00,TLKM,RG,4020,1,D,PD,YU,F
15:00:00,TLKM,RG,4020,50,D,YP,YU,F
15:00:00,TLKM,RG,4020,1,D,XC,YU,F
15:00:00,TLKM,RG,4020,2,D,NI,YU,F
15:00:00,TLKM,RG,4020,11,D,EP,YU,F
15:00:00,TLKM,RG,4020,5,D,CC,YU,F
15:00:00,TLKM,RG,4020,5,D,XC,YU,F
15:00:00,TLKM,RG,4020,1,D,YP,YU,F
15:00:00,TLKM,RG,4020,3,D,CC,YU,F
15:00:00,TLKM,RG,4020,2,D,NI,YU,F
15:00:00,TLKM,RG,4020,1,D,XL,YU,F
15:00:00,TLKM,RG,4020,100,D,KI,YU,F
15:00:00,TLKM,RG,4020,5,D,YP,YU,F
15:00:00,TLKM,RG,4020,1,D,GR,YU,F
15:00:00,TLKM,RG,4020,1,D,OD,YU,F
15:00:00,TLKM,RG,4020,10,D,KK,YU,F
15:00:00,TLKM,RG,4020,2,D,EP,YU,F
15:00:00,TLKM,RG,4020,1,D,KK,YU,F
15:00:00,TLKM,RG,4020,10,D,YP,YU,F
15:00:00,TLKM,RG,4020,1,D,PD,YU,F
15:00:00,TLKM,RG,4020,5,D,NI,YU,F
15:00:00,TLKM,RG,4020,7,D,XC,YU,F
15:00:00,TLKM,RG,4020,1,D,PD,YU,F
15:00:00,TLKM,RG,4020,1,D,XC,YU,F
15:00:00,TLKM,RG,4020,2,D,NI,YU,F
15:00:00,TLKM,RG,4020,597,F,YU,YU,F
15:00:00,TLKM,RG,4020,1,D,PD,YU,F
15:00:00,TLKM,RG,4020,3,D,CC,YU,F
15:00:00,TLKM,RG,4020,8333,F,AK,YU,F
15:00:00,TLKM,RG,4020,1051,D,KZ,YU,F
15:00:00,TLKM,RG,4020,39547,F,BK,YU,F
15:00:00,TLKM,RG,4020,6043,F,BK,ZP,F
15:00:00,TLKM,RG,4020,3967,F,BK,LG,D
15:00:00,TLKM,RG,4020,3,F,BK,CS,F
15:00:00,TLKM,RG,4020,440,F,BK,YU,D
15:00:00,TLKM,RG,4020,437,F,BK,YU,D
15:00:00,TLKM,RG,4020,530,F,BK,BK,F
15:00:00,TLKM,RG,4020,2419,F,BK,BK,F
15:00:00,TLKM,RG,4020,860,F,BK,ZP,F
15:00:00,TLKM,RG,4020,181,F,BK,ZP,F
15:00:00,TLKM,RG,4020,147,F,BK,ZP,F
15:00:00,TLKM,RG,4020,9092,F,BK,CS,D
15:00:00,TLKM,RG,4020,11655,F,BK,CS,D
15:00:00,TLKM,RG,4020,15,F,BK,CS,D
15:00:00,TLKM,RG,4020,4234,F,CS,CS,D
15:00:00,TLKM,RG,4020,702,F,YU,CS,D
15:00:00,TLKM,RG,4020,6147,F,AK,CS,D
15:00:00,TLKM,RG,4020,14359,F,AK,CS,D
15:00:00,TLKM,RG,4020,1440,F,AK,CS,D
15:00:00,TLKM,RG,4020,1008,F,AK,CS,D
15:00:00,TLKM,RG,4020,2351,F,AK,CS,D
15:00:00,TLKM,RG,4020,4,F,AK,CS,D
15:00:00,TLKM,RG,4020,6990,F,AK,CS,D
15:00:00,TLKM,RG,4020,804,D,AK,CS,D
15:00:00,TLKM,RG,4020,71,F,BB,CS,D
15:00:00,TLKM,RG,4020,220,D,DX,CS,D
15:00:00,TLKM,RG,4020,4238,D,DX,CS,F
15:00:00,TLKM,RG,4020,2027,D,DX,DX,F
15:00:00,TLKM,RG,4020,2964,D,DX,YU,F
15:00:00,TLKM,RG,4020,3670,D,DX,YU,F
15:00:00,TLKM,RG,4020,1726,D,DX,KZ,D
15:00:00,TLKM,RG,4020,35155,D,DX,KZ,F
15:00:00,TLKM,RG,4020,681,D,DX,KZ,F
15:00:00,TLKM,RG,4020,634,F,BB,KZ,F
15:00:00,TLKM,RG,4020,150,F,BB,MI,D
15:00:00,TLKM,RG,4020,2323,F,BB,AK,D
15:00:00,TLKM,RG,4020,345,F,YU,AK,D
15:00:00,TLKM,RG,4020,175,D,CC,AK,D
15:00:00,TLKM,RG,4020,156,D,CC,AK,D
15:00:00,TLKM,RG,4020,6042,F,YU,AK,D
15:00:00,TLKM,RG,4020,576,F,YU,AK,D
15:00:00,TLKM,RG,4020,5554,F,YU,ZP,F
15:00:00,TLKM,RG,4020,963,F,YU,ZP,F
15:00:00,TLKM,RG,4020,2740,D,YU,ZP,F
15:00:00,TLKM,RG,4020,12259,D,YU,ZP,F
15:00:00,TLKM,RG,4020,15,D,CC,ZP,F
15:00:00,TLKM,RG,4020,9085,D,CC,ZP,F
15:00:00,TLKM,RG,4020,9,D,CC,AK,F
15:00:00,TLKM,RG,4020,21,D,CC,AK,F
15:00:00,TLKM,RG,4020,9,D,CC,AK,F
15:00:00,TLKM,RG,4020,21,D,CC,AK,F
15:00:00,TLKM,RG,4020,4238,D,CC,AK,F
15:00:00,TLKM,RG,4020,93,D,CC,AK,F
15:00:00,TLKM,RG,4020,2524,D,CC,AK,F
15:00:00,TLKM,RG,4020,3136,D,DX,AK,F
15:00:00,TLKM,RG,4020,395,D,DX,CC,D
15:00:00,TLKM,RG,4020,76,D,DX,DP,D
15:00:00,TLKM,RG,4020,312,D,DX,DH,D
15:00:00,TLKM,RG,4020,1061,D,DX,BB,F
15:00:00,TLKM,RG,4020,429,D,DX,ZP,F
15:00:00,TLKM,RG,4020,428,D,DX,YU,D
15:00:00,TLKM,RG,4020,2699,D,DX,LG,D
15:00:00,TLKM,RG,4020,5981,D,DP,LG,D
15:00:00,TLKM,RG,4020,266,F,ZP,LG,D
14:49:59,TLKM,RG,4030,1,D,PD,PD,D
14:49:59,TLKM,RG,4030,1,F,AK,PD,D
14:49:59,TLKM,RG,4030,2,F,AK,PD,D
14:49:59,TLKM,RG,4030,2,F,AK,PD,D
14:49:59,TLKM,RG,4030,10,F,AK,YP,D
14:49:59,TLKM,RG,4030,4,F,AK,EP,D
14:49:59,TLKM,RG,4020,1,D,MG,AK,F
14:49:58,TLKM,RG,4030,9,F,AK,EP,D
14:49:58,TLKM,RG,4030,20,F,AK,EP,D
14:49:58,TLKM,RG,4030,14,F,AK,EP,D
14:49:58,TLKM,RG,4030,2,F,AK,EP,D
14:49:58,TLKM,RG,4030,1,F,AK,EP,D
14:49:58,TLKM,RG,4030,3,F,AK,PD,D
14:49:58,TLKM,RG,4030,2,F,AK,PD,D
14:49:58,TLKM,RG,4030,1,F,AK,PD,D
14:49:58,TLKM,RG,4030,4,F,AK,PD,D
14:49:58,TLKM,RG,4030,1,F,AK,GR,D
14:49:58,TLKM,RG,4030,1,F,AK,YP,D
14:49:57,TLKM,RG,4020,1,D,MG,PD,D
14:49:57,TLKM,RG,4020,196,D,MG,AZ,D
14:49:57,TLKM,RG,4020,1,D,MG,YP,D
14:49:57,TLKM,RG,4020,11,D,MG,CP,D
14:49:57,TLKM,RG,4020,13,D,MG,NI,D
14:49:57,TLKM,RG,4020,3150,D,MG,AK,D
14:49:57,TLKM,RG,4020,212,D,MG,AK,D
14:49:57,TLKM,RG,4020,10,D,MG,PD,D
14:49:57,TLKM,RG,4020,1,D,MG,XC,D
14:49:57,TLKM,RG,4020,10,D,MG,PD,D
14:49:57,TLKM,RG,4020,5,D,MG,CC,D
14:49:57,TLKM,RG,4020,244,D,MG,YP,D
14:49:57,TLKM,RG,4020,18,D,MG,XA,D
14:49:57,TLKM,RG,4020,50,D,MG,YU,D
14:49:57,TLKM,RG,4020,25,D,MG,YP,D
14:49:57,TLKM,RG,4020,70,D,MG,GR,D
14:49:57,TLKM,RG,4020,15,D,MG,YP,F
14:49:57,TLKM,RG,4020,1,D,MG,PD,D
14:49:57,TLKM,RG,4020,163,D,MG,YP,D
14:49:57,TLKM,RG,4020,3,D,MG,PD,D
14:49:57,TLKM,RG,4020,17,D,MG,XC,D
14:49:57,TLKM,RG,4020,709,D,MG,ZP,F
14:49:57,TLKM,RG,4020,5,D,MI,ZP,F
14:49:56,TLKM,RG,4010,147,D,YU,DX,F
14:49:56,TLKM,RG,4010,333,D,YU,DX,F
14:49:55,TLKM,RG,4010,180,D,YU,YU,F
14:49:55,TLKM,RG,4010,1,D,YU,XA,D
14:49:54,TLKM,RG,4020,300,D,EP,ZP,F
14:49:54,TLKM,RG,4020,5,D,PD,ZP,F
14:49:53,TLKM,RG,4020,8,D,YP,ZP,F
14:49:52,TLKM,RG,4020,1,D,YP,ZP,F
14:49:50,TLKM,RG,4020,1,F,YU,ZP,F
14:49:50,TLKM,RG,4020,15,F,YU,ZP,F
14:49:50,TLKM,RG,4020,500,D,YP,ZP,F
14:49:50,TLKM,RG,4020,1,D,CC,ZP,F
14:49:49,TLKM,RG,4020,6,F,YU,ZP,F
14:49:49,TLKM,RG,4020,64,F,AK,ZP,F
14:49:49,TLKM,RG,4020,3,F,YU,ZP,F
14:49:49,TLKM,RG,4020,5,D,YP,ZP,F
14:49:49,TLKM,RG,4020,8,F,AK,ZP,F
14:49:48,TLKM,RG,4020,311,F,AK,ZP,F
14:49:48,TLKM,RG,4020,33,F,AK,ZP,F
14:49:47,TLKM,RG,4020,200,D,YP,ZP,F
14:49:47,TLKM,RG,4010,301,D,YU,DX,F
14:49:47,TLKM,RG,4020,1,D,LG,ZP,F
14:49:45,TLKM,RG,4020,79,F,AK,ZP,F
14:49:44,TLKM,RG,4010,3,D,YU,PD,D
14:49:44,TLKM,RG,4010,165,D,YU,CS,F
14:49:44,TLKM,RG,4020,2,D,PD,ZP,F
14:49:43,TLKM,RG,4020,1,D,XC,ZP,F
14:49:43,TLKM,RG,4020,3,F,YU,ZP,F
14:49:43,TLKM,RG,4020,5,D,PD,ZP,F
14:49:42,TLKM,RG,4020,38,F,AK,ZP,F
14:49:42,TLKM,RG,4020,22,F,AK,ZP,F
14:49:42,TLKM,RG,4020,5,D,KK,ZP,F
14:49:42,TLKM,RG,4020,14,F,AK,ZP,F
14:49:42,TLKM,RG,4020,5,F,YU,ZP,F
14:49:42,TLKM,RG,4010,4,D,YU,CC,F
14:49:41,TLKM,RG,4010,7,D,YU,PD,D
14:49:41,TLKM,RG,4020,181,F,AK,ZP,F
14:49:41,TLKM,RG,4020,105,F,AK,ZP,F
14:49:41,TLKM,RG,4020,62,F,AK,ZP,F
14:49:40,TLKM,RG,4020,88,D,XC,ZP,F
14:49:40,TLKM,RG,4020,72,F,AK,ZP,F
14:49:36,TLKM,RG,4010,2,D,YU,CC,D
14:49:35,TLKM,RG,4020,28,D,KZ,ZP,F
14:49:35,TLKM,RG,4020,8,F,YU,ZP,F
14:49:34,TLKM,RG,4020,2,D,LG,ZP,F
14:49:34,TLKM,RG,4010,378,D,YU,DX,F
14:49:33,TLKM,RG,4020,1,D,PD,ZP,F
14:49:33,TLKM,RG,4020,1000,D,DH,ZP,F
14:49:33,TLKM,RG,4010,4,D,YU,RX,D
14:49:32,TLKM,RG,4010,2,D,YU,XC,D
14:49:32,TLKM,RG,4010,1010,D,YU,KZ,F
14:49:31,TLKM,RG,4020,19,D,NI,ZP,F
14:49:31,TLKM,RG,4010,15,D,YU,CC,D
14:49:31,TLKM,RG,4010,135,D,YU,DX,F
14:49:30,TLKM,RG,4010,50,D,YU,YU,F
14:49:30,TLKM,RG,4010,1,D,YU,AK,F
14:49:30,TLKM,RG,4020,10,D,LG,ZP,F
14:49:30,TLKM,RG,4010,12,D,YU,RX,D
14:49:30,TLKM,RG,4020,25,D,LG,ZP,F
14:49:29,TLKM,RG,4020,5,D,DR,ZP,F
14:49:29,TLKM,RG,4020,3,D,XA,ZP,F
14:49:26,TLKM,RG,4020,42,F,AK,ZP,F
14:49:26,TLKM,RG,4010,5,D,YU,CC,F
14:49:24,TLKM,RG,4020,15,D,KK,ZP,F
14:49:22,TLKM,RG,4010,2,D,YU,CC,D
14:49:21,TLKM,RG,4020,2,D,PD,ZP,F
14:49:20,TLKM,RG,4020,5,D,LG,ZP,F
14:49:20,TLKM,RG,4020,5,F,YU,ZP,F
14:49:20,TLKM,RG,4020,50,D,GR,ZP,F
14:49:19,TLKM,RG,4010,160,D,YU,YU,F
14:49:19,TLKM,RG,4020,67,F,AK,ZP,F
14:49:18,TLKM,RG,4020,50,D,KK,ZP,F
14:49:18,TLKM,RG,4010,624,D,YU,DX,F
14:49:18,TLKM,RG,4020,1,D,YP,ZP,F
14:49:17,TLKM,RG,4020,25,D,PD,ZP,F
14:49:17,TLKM,RG,4020,295,F,BB,ZP,F
14:49:17,TLKM,RG,4010,16,D,YU,PD,D
14:49:16,TLKM,RG,4010,1,D,YU,YP,D
14:49:16,TLKM,RG,4010,19,D,YU,NI,D
14:49:15,TLKM,RG,4010,1,D,YU,AK,F
14:49:15,TLKM,RG,4010,1,D,YU,AK,F
14:49:14,TLKM,RG,4020,2,F,BB,ZP,F
14:49:14,TLKM,RG,4020,20,D,XL,ZP,F
14:49:14,TLKM,RG,4020,88,F,BB,ZP,F
14:49:14,TLKM,RG,4020,5,F,BB,ZP,F
14:49:13,TLKM,RG,4020,1,D,BB,ZP,F
14:49:13,TLKM,RG,4010,20,D,YU,PD,D
14:49:12,TLKM,RG,4010,67,D,YU,CS,F
14:49:12,TLKM,RG,4010,235,D,YU,CS,F
14:49:11,TLKM,RG,4010,50,D,YU,CC,D
14:49:11,TLKM,RG,4020,1,D,NI,ZP,F
14:49:10,TLKM,RG,4010,1,D,YU,YP,D
14:49:09,TLKM,RG,4020,53,F,BB,ZP,F
14:49:09,TLKM,RG,4010,1,D,YU,EP,D
14:49:09,TLKM,RG,4010,2,D,YU,AK,D
14:49:09,TLKM,RG,4010,13,D,YU,AK,D
14:49:06,TLKM,RG,4020,42,F,AK,ZP,F
14:49:05,TLKM,RG,4010,68,D,YU,DX,F
14:49:04,TLKM,RG,4020,20,D,XC,ZP,F
14:49:02,TLKM,RG,4020,5,D,PD,ZP,F
14:49:02,TLKM,RG,4010,1,D,YU,YP,D
14:49:01,TLKM,RG,4010,34,D,YU,BK,F
14:49:00,TLKM,RG,4020,5,D,AZ,ZP,F
14:49:00,TLKM,RG,4010,4,D,YU,AK,F
14:49:00,TLKM,RG,4010,6,D,YU,AK,F
14:49:00,TLKM,RG,4010,14,D,YU,AK,F
14:49:00,TLKM,RG,4010,1,D,YU,AK,F
14:49:00,TLKM,RG,4010,1,D,YU,AK,F
14:49:00,TLKM,RG,4010,1,D,YU,AK,F
14:49:00,TLKM,RG,4010,7,D,YU,AK,D
14:48:59,TLKM,RG,4010,37,D,YU,AK,D
14:48:59,TLKM,RG,4010,1,D,YU,AK,D
14:48:59,TLKM,RG,4020,72,F,AK,ZP,F
14:48:59,TLKM,RG,4010,1,D,YU,AK,D
14:48:59,TLKM,RG,4010,1,D,YU,AK,D
14:48:57,TLKM,RG,4020,1,D,SQ,ZP,F
14:48:56,TLKM,RG,4020,5,D,LG,ZP,F
14:48:56,TLKM,RG,4010,1,D,YU,AK,D
14:48:56,TLKM,RG,4010,2,D,YU,AK,D
14:48:55,TLKM,RG,4020,34,F,BB,ZP,F
14:48:54,TLKM,RG,4020,1,D,XC,ZP,F
14:48:54,TLKM,RG,4010,1,D,YU,YP,D
14:48:52,TLKM,RG,4010,2,D,YU,ZP,F
14:48:52,TLKM,RG,4020,500,D,FS,ZP,F
14:48:52,TLKM,RG,4010,17,D,YU,ZP,F
14:48:52,TLKM,RG,4010,6,D,YU,AK,D
14:48:52,TLKM,RG,4010,2,D,YU,AK,D
14:48:52,TLKM,RG,4010,2,D,YU,AK,D
14:48:52,TLKM,RG,4010,1,D,YU,AK,D
14:48:51,TLKM,RG,4010,2,D,YU,ZP,F
14:48:51,TLKM,RG,4010,558,D,YU,DX,F
14:48:51,TLKM,RG,4020,5,F,YU,ZP,F
14:48:50,TLKM,RG,4020,2,D,PD,ZP,F
14:48:50,TLKM,RG,4010,160,D,YU,YU,F
14:48:48,TLKM,RG,4020,5,D,AZ,ZP,F
14:48:47,TLKM,RG,4010,1,D,YU,YP,D
14:48:47,TLKM,RG,4010,3,D,YU,PD,D
14:48:46,TLKM,RG,4020,39,F,BB,ZP,F
14:48:45,TLKM,RG,4020,49,F,AK,ZP,F
14:48:44,TLKM,RG,4020,1,D,CC,ZP,F
14:48:43,TLKM,RG,4010,3,D,YU,CC,F
14:48:42,TLKM,RG,4010,33,D,YU,XL,D
14:48:41,TLKM,RG,4010,48,D,YU,AK,F
14:48:41,TLKM,RG,4010,2,D,YU,AK,F
14:48:41,TLKM,RG,4010,1,D,YU,AK,F
14:48:39,TLKM,RG,4020,3,D,XC,ZP,F
14:48:39,TLKM,RG,4010,1,D,YU,YP,D
14:48:37,TLKM,RG,4010,2,D,YU,YP,D
14:48:36,TLKM,RG,4020,61,F,AK,ZP,F
14:48:36,TLKM,RG,4020,32,F,BB,ZP,F
14:48:34,TLKM,RG,4020,1,D,XC,ZP,F
14:48:34,TLKM,RG,4010,20,D,YU,AK,D
14:48:34,TLKM,RG,4010,3,D,YU,AK,D
14:48:33,TLKM,RG,4010,1,D,YU,YP,D
14:48:31,TLKM,RG,4010,734,D,YU,YU,F
14:48:30,TLKM,RG,4010,644,D,YU,YU,F
14:48:30,TLKM,RG,4010,3,D,PD,YU,F
14:48:30,TLKM,RG,4010,1280,D,YU,YU,F
14:48:30,TLKM,RG,4020,100,D,XA,ZP,F
14:48:30,TLKM,RG,4010,9,D,YU,AK,F
14:48:28,TLKM,RG,4020,50,F,BB,ZP,F
14:48:27,TLKM,RG,4020,5,D,GR,ZP,F
14:48:27,TLKM,RG,4020,20,D,AZ,ZP,F
14:48:26,TLKM,RG,4020,4,D,PD,ZP,F
14:48:26,TLKM,RG,4010,13,D,YU,AK,D
14:48:25,TLKM,RG,4010,96,D,YU,DX,F
14:48:25,TLKM,RG,4020,66,F,AK,ZP,F
14:48:25,TLKM,RG,4010,150,D,YU,YU,F
14:48:24,TLKM,RG,4010,1,D,YU,YP,D
14:48:23,TLKM,RG,4020,100,D,SH,ZP,F
14:48:22,TLKM,RG,4020,1,F,YU,ZP,F
14:48:22,TLKM,RG,4020,1,F,YU,ZP,F
14:48:22,TLKM,RG,4020,2,F,YU,ZP,F
14:48:22,TLKM,RG,4010,550,D,YU,DX,F
14:48:21,TLKM,RG,4020,50,D,NI,ZP,F
14:48:18,TLKM,RG,4020,12,D,PD,ZP,F
14:48:17,TLKM,RG,4010,1,D,YU,YP,D
14:48:17,TLKM,RG,4020,15,D,PD,ZP,F
14:48:15,TLKM,RG,4020,39,F,BB,ZP,F
14:48:15,TLKM,RG,4010,2,D,YU,AT,D
14:48:15,TLKM,RG,4020,1,D,YP,ZP,F
14:48:15,TLKM,RG,4010,8,D,YU,CC,F
14:48:14,TLKM,RG,4020,1,F,YU,ZP,F
14:48:14,TLKM,RG,4020,1,F,YU,ZP,F
14:48:14,TLKM,RG,4020,1,F,YU,ZP,F
14:48:13,TLKM,RG,4020,5,D,KK,ZP,F
14:48:13,TLKM,RG,4020,2,D,XC,ZP,F
14:48:13,TLKM,RG,4020,50,F,AK,ZP,F
14:48:12,TLKM,RG,4020,50,D,GR,ZP,F
14:48:11,TLKM,RG,4020,200,D,MG,ZP,F
14:48:11,TLKM,RG,4020,3,D,XC,ZP,F
14:48:11,TLKM,RG,4010,1,D,YU,YP,D
14:48:09,TLKM,RG,4020,1,D,XC,ZP,F
14:48:09,TLKM,RG,4020,1,F,YU,ZP,F
14:48:09,TLKM,RG,4010,20,D,YU,KZ,D
14:48:09,TLKM,RG,4020,1,F,YU,ZP,F
14:48:08,TLKM,RG,4020,1,D,XC,ZP,F
14:48:06,TLKM,RG,4010,3,D,YU,YP,D
14:48:05,TLKM,RG,4010,13,D,YU,RX,D
14:48:05,TLKM,RG,4020,59,F,BB,ZP,F
14:48:05,TLKM,RG,4020,102,F,YU,ZP,F
14:48:05,TLKM,RG,4020,1,D,XC,ZP,F
14:48:05,TLKM,RG,4020,2,F,YU,ZP,F
14:48:04,TLKM,RG,4020,29,F,YU,ZP,F
14:48:04,TLKM,RG,4010,11,D,YU,PD,D
14:48:03,TLKM,RG,4020,77,F,AK,ZP,F
14:48:03,TLKM,RG,4010,1,D,YU,YP,D
14:48:03,TLKM,RG,4020,10,D,PD,ZP,F
14:48:03,TLKM,RG,4020,2,F,BB,ZP,F
14:48:03,TLKM,RG,4020,40,D,XC,ZP,F
14:48:03,TLKM,RG,4020,2,D,YP,ZP,F
14:48:03,TLKM,RG,4020,1,D,PD,ZP,F
14:48:03,TLKM,RG,4020,1,D,PD,ZP,F
14:48:03,TLKM,RG,4020,10,D,CC,ZP,F
14:48:03,TLKM,RG,4020,22,D,PD,ZP,F
14:48:03,TLKM,RG,4020,10,D,XC,ZP,F
14:48:03,TLKM,RG,4020,25,D,GR,ZP,F
14:48:03,TLKM,RG,4020,1,D,XC,ZP,F
14:48:03,TLKM,RG,4020,3,F,YU,ZP,F
14:48:03,TLKM,RG,4020,34,F,YU,ZP,F
14:48:03,TLKM,RG,4020,113,F,AK,ZP,F
14:48:03,TLKM,RG,4020,10,D,GR,ZP,F
14:48:03,TLKM,RG,4020,1,D,CC,ZP,F
14:48:03,TLKM,RG,4020,1,D,YP,ZP,F
14:48:03,TLKM,RG,4020,1,D,CC,ZP,F
14:48:03,TLKM,RG,4020,2,D,KK,ZP,F
14:48:03,TLKM,RG,4020,1,D,XL,ZP,F
14:48:03,TLKM,RG,4020,1,D,KK,ZP,F
14:48:03,TLKM,RG,4020,72,F,AK,ZP,F
14:48:03,TLKM,RG,4020,1,D,XC,ZP,F
14:48:03,TLKM,RG,4020,10,D,CP,ZP,F
14:48:03,TLKM,RG,4020,5,D,XC,ZP,F
14:48:03,TLKM,RG,4020,1,D,NI,ZP,F
14:48:03,TLKM,RG,4020,539,F,AK,ZP,F
14:48:03,TLKM,RG,4020,3,D,YP,ZP,F
14:48:03,TLKM,RG,4020,2,D,XC,ZP,F
14:48:03,TLKM,RG,4020,324,F,CC,ZP,F
14:48:03,TLKM,RG,4020,75,D,XL,ZP,F
14:48:03,TLKM,RG,4020,1,D,XC,ZP,F
14:48:03,TLKM,RG,4020,2,D,XL,ZP,F
14:48:03,TLKM,RG,4020,1,D,CC,ZP,F
14:48:03,TLKM,RG,4020,2,D,PD,ZP,F
14:48:03,TLKM,RG,4020,1,D,XC,ZP,F
14:48:03,TLKM,RG,4020,5,D,XC,ZP,F
14:48:03,TLKM,RG,4020,1,D,XC,ZP,F
14:48:03,TLKM,RG,4020,1,D,SQ,ZP,F
14:48:03,TLKM,RG,4020,10,D,PD,ZP,F
14:48:03,TLKM,RG,4020,5,D,NI,ZP,F
14:48:03,TLKM,RG,4020,1,D,PD,ZP,F
14:48:03,TLKM,RG,4020,13,D,SQ,ZP,F
14:48:03,TLKM,RG,4020,12,D,CC,ZP,F
14:48:03,TLKM,RG,4020,39,D,CC,DX,F
14:48:03,TLKM,RG,4020,2,D,XC,DX,F
14:48:03,TLKM,RG,4020,82,F,YU,DX,F
14:48:03,TLKM,RG,4020,20,F,YU,DX,F
14:48:03,TLKM,RG,4020,20,D,YP,DX,F
14:48:03,TLKM,RG,4020,1,D,PD,DX,F
14:48:03,TLKM,RG,4020,1,D,EP,DX,F
14:48:03,TLKM,RG,4020,1,D,CC,DX,F
14:48:03,TLKM,RG,4020,2,D,YP,DX,F
14:48:03,TLKM,RG,4020,10,D,PD,DX,F
14:48:03,TLKM,RG,4020,1,D,XC,DX,F
14:48:03,TLKM,RG,4020,12,D,DR,DX,F
14:48:03,TLKM,RG,4020,1,D,YP,DX,F
14:48:03,TLKM,RG,4020,1,D,PD,DX,F
14:48:03,TLKM,RG,4020,10,D,MI,DX,F
14:48:03,TLKM,RG,4020,156,D,CC,DX,F
14:48:02,TLKM,RG,4020,44,D,CC,CC,D
14:48:02,TLKM,RG,4020,5,D,DX,CC,D
14:48:02,TLKM,RG,4020,1,D,DH,CC,D
14:48:02,TLKM,RG,4020,3,D,XC,CC,D
14:48:02,TLKM,RG,4020,49,D,CC,CC,D
14:48:02,TLKM,RG,4020,10,D,NI,CC,D
14:48:02,TLKM,RG,4020,10,D,CC,CC,D
14:48:02,TLKM,RG,4020,1,D,XC,CC,D
14:48:02,TLKM,RG,4020,2,D,XC,CC,D
14:48:02,TLKM,RG,4020,30,D,CP,CC,D
14:48:02,TLKM,RG,4020,1,D,PC,CC,D
14:48:02,TLKM,RG,4020,5,D,KK,CC,D
14:48:02,TLKM,RG,4020,32,D,NI,CC,D
14:48:02,TLKM,RG,4020,2,D,XC,CC,D
14:48:02,TLKM,RG,4020,2,D,PD,CC,D
14:48:02,TLKM,RG,4020,50,D,PD,CC,D
14:48:02,TLKM,RG,4020,2,D,EP,CC,D
14:48:02,TLKM,RG,4020,1,D,CC,CC,D
14:48:02,TLKM,RG,4020,50,D,DR,CC,D
14:48:02,TLKM,RG,4020,3,D,DR,ZP,F
14:48:01,TLKM,RG,4020,47,D,DR,CS,F
14:48:01,TLKM,RG,4020,1,D,PD,CS,F
14:48:01,TLKM,RG,4020,1,D,CP,CS,F
14:48:01,TLKM,RG,4020,1,D,PD,CS,F
14:48:01,TLKM,RG,4020,1,D,XC,CS,F
14:48:01,TLKM,RG,4020,2,D,EP,CS,F
14:48:01,TLKM,RG,4020,1,D,PD,CS,F
14:48:01,TLKM,RG,4020,20,D,NI,CS,F
14:48:01,TLKM,RG,4020,5,D,XC,CS,F
14:48:01,TLKM,RG,4020,1,D,XC,ZP,F
14:48:01,TLKM,RG,4020,1,D,PD,ZP,F
14:48:01,TLKM,RG,4020,3,D,YP,CS,F
14:48:01,TLKM,RG,4020,8,D,PD,CS,F
14:48:01,TLKM,RG,4020,7,D,PD,CS,F
14:48:01,TLKM,RG,4020,44,D,DR,CS,F
14:48:01,TLKM,RG,4020,56,D,DR,AT,D
14:48:01,TLKM,RG,4020,20,D,YP,AT,D
14:48:01,TLKM,RG,4020,2,D,YP,AT,D
14:48:01,TLKM,RG,4020,2,D,KK,AT,D
14:48:01,TLKM,RG,4020,3,D,XC,AT,D
14:48:01,TLKM,RG,4020,1,D,EP,AT,D
14:48:01,TLKM,RG,4020,20,D,ES,AT,D
14:48:01,TLKM,RG,4020,1,D,SQ,AT,D
14:48:01,TLKM,RG,4020,3,D,XL,AT,D
14:48:01,TLKM,RG,4020,1,D,YP,AT,D
14:48:01,TLKM,RG,4020,5,D,SQ,AT,D
14:48:01,TLKM,RG,4020,1,D,PD,AT,D
14:48:01,TLKM,RG,4020,1,D,XC,AT,D
14:48:01,TLKM,RG,4020,1,D,PD,AT,D
14:48:01,TLKM,RG,4020,2,D,PD,AT,D
14:48:01,TLKM,RG,4020,39,D,OD,AT,D
14:48:01,TLKM,RG,4020,5,D,CC,AT,D
14:48:01,TLKM,RG,4020,2,D,XC,AT,D
14:48:01,TLKM,RG,4020,6,D,EP,AT,D
14:48:01,TLKM,RG,4020,1,D,XC,AT,D
14:48:01,TLKM,RG,4020,12,D,PD,AT,D
14:48:01,TLKM,RG,4020,2,D,NI,AT,D
14:48:01,TLKM,RG,4020,1,D,NI,AT,D
14:48:01,TLKM,RG,4020,10,D,NI,AT,D
14:48:01,TLKM,RG,4020,2,D,YP,AT,D
14:48:01,TLKM,RG,4020,1,D,PD,AT,D
14:48:01,TLKM,RG,4020,3,D,PD,YB,D
14:48:00,TLKM,RG,4020,6,D,PD,YU,F
14:48:00,TLKM,RG,4020,5,D,XC,YU,F
14:48:00,TLKM,RG,4020,2,D,PD,YU,F
14:48:00,TLKM,RG,4020,15,D,XC,YU,F
14:48:00,TLKM,RG,4020,49,D,PD,YU,F
14:48:00,TLKM,RG,4020,1,D,XC,YU,F
14:48:00,TLKM,RG,4020,5,D,XC,YU,F
14:48:00,TLKM,RG,4020,2,D,XC,YU,F
14:48:00,TLKM,RG,4020,1,D,PD,YU,F
14:48:00,TLKM,RG,4020,5,D,XC,YU,F
14:48:00,TLKM,RG,4020,1,D,PD,YU,F
14:48:00,TLKM,RG,4020,1,D,LG,YU,F
14:48:00,TLKM,RG,4020,2,D,XC,YU,F
14:48:00,TLKM,RG,4020,20,D,PD,YU,F
14:48:00,TLKM,RG,4020,4,D,NI,YU,F
14:48:00,TLKM,RG,4020,1,D,SQ,YU,F
14:48:00,TLKM,RG,4020,15,D,PD,YU,F
14:48:00,TLKM,RG,4020,1,D,PD,YU,F
14:48:00,TLKM,RG,4020,27,D,CC,YU,F
14:48:00,TLKM,RG,4020,1,D,CC,YU,F
14:48:00,TLKM,RG,4020,1,D,CC,YU,F
14:48:00,TLKM,RG,4020,100,D,CC,YU,F
14:48:00,TLKM,RG,4020,1,D,NI,YU,F
14:48:00,TLKM,RG,4020,1,D,CC,YU,F
14:48:00,TLKM,RG,4020,2,F,BB,YU,F
14:48:00,TLKM,RG,4020,1,D,PD,YU,F
14:48:00,TLKM,RG,4020,3,D,XC,YU,F
14:48:00,TLKM,RG,4020,1,D,XC,YU,F
14:48:00,TLKM,RG,4020,5,D,YP,YU,F
14:48:00,TLKM,RG,4020,1,D,PD,YU,F
14:48:00,TLKM,RG,4020,3,D,PD,YU,F
14:48:00,TLKM,RG,4020,279,D,BB,YU,F
14:48:00,TLKM,RG,4020,1133,D,BB,YU,F
14:47:59,TLKM,RG,4020,630,D,BB,DX,F
14:47:59,TLKM,RG,4020,9,D,BB,KZ,D
14:47:59,TLKM,RG,4020,4123,D,BB,KZ,F
14:47:59,TLKM,RG,4020,1,D,XC,KZ,F
14:47:59,TLKM,RG,4020,2,D,XC,KZ,F
14:47:59,TLKM,RG,4020,1,D,NI,KZ,F
14:47:59,TLKM,RG,4020,10,D,YP,KZ,F
14:47:59,TLKM,RG,4020,1,D,PD,KZ,F
14:47:59,TLKM,RG,4020,3,D,PD,KZ,F
14:47:59,TLKM,RG,4020,10,D,CC,KZ,F
14:47:59,TLKM,RG,4020,2,D,PD,KZ,F
14:47:59,TLKM,RG,4020,20,D,PD,KZ,F
14:47:59,TLKM,RG,4020,31,F,BB,KZ,F
14:47:59,TLKM,RG,4020,2,D,YP,KZ,F
14:47:59,TLKM,RG,4020,4,D,CC,KZ,F
14:47:59,TLKM,RG,4020,8,D,GR,KZ,F
14:47:59,TLKM,RG,4020,90,D,SQ,KZ,F
14:47:59,TLKM,RG,4020,300,D,CC,KZ,F
14:47:59,TLKM,RG,4020,15,D,CC,KZ,F
14:47:59,TLKM,RG,4020,4,D,DH,KZ,F
14:47:59,TLKM,RG,4020,1,D,XC,KZ,F
14:47:59,TLKM,RG,4020,50,D,SQ,KZ,F
14:47:59,TLKM,RG,4020,74,D,KZ,KZ,F
14:47:57,TLKM,RG,4020,86,D,KZ,YU,F
14:47:57,TLKM,RG,4020,1,D,YP,YU,F
14:47:57,TLKM,RG,4020,1,D,PD,YU,F
14:47:57,TLKM,RG,4020,5,D,CC,YU,F
14:47:57,TLKM,RG,4020,2,D,NI,YU,F
14:47:57,TLKM,RG,4020,1,D,KK,YU,F
14:47:57,TLKM,RG,4020,2,D,PD,YU,F
14:47:57,TLKM,RG,4020,87,F,CS,YU,F
14:47:56,TLKM,RG,4020,2,F,CS,XC,D
14:47:55,TLKM,RG,4020,1,F,CS,ZP,F
14:47:54,TLKM,RG,4030,3,F,BB,CS,F
14:47:54,TLKM,RG,4020,1,F,CS,KZ,D
14:47:54,TLKM,RG,4020,1,F,CS,KZ,D
14:47:54,TLKM,RG,4020,23,F,CS,KZ,F
14:47:54,TLKM,RG,4020,10,D,YP,KZ,F
14:47:54,TLKM,RG,4020,25,D,PD,KZ,F
14:47:54,TLKM,RG,4020,1,D,XC,KZ,F
14:47:54,TLKM,RG,4020,20,D,PD,KZ,F
14:47:54,TLKM,RG,4020,2,D,CC,KZ,F
14:47:54,TLKM,RG,4020,1,D,XC,KZ,F
14:47:54,TLKM,RG,4020,1,D,PD,KZ,F
14:47:54,TLKM,RG,4020,3,D,SQ,KZ,F
14:47:54,TLKM,RG,4020,1,D,CC,KZ,F
14:47:54,TLKM,RG,4020,1,D,YP,KZ,F
14:47:54,TLKM,RG,4020,1,D,XC,KZ,F
14:47:54,TLKM,RG,4020,2,D,HP,KZ,F
14:47:54,TLKM,RG,4020,5,D,YB,KZ,F
14:47:54,TLKM,RG,4020,62,D,CC,KZ,F
14:47:54,TLKM,RG,4020,38,D,CC,KZ,F
14:47:54,TLKM,RG,4020,1,D,XC,KZ,F
14:47:54,TLKM,RG,4020,1,D,XC,KZ,F
14:47:54,TLKM,RG,4020,45,D,SQ,KZ,F
14:47:54,TLKM,RG,4020,2,D,CC,KZ,F
14:47:54,TLKM,RG,4020,2,D,XC,KZ,F
14:47:54,TLKM,RG,4020,40,D,PD,KZ,F
14:47:54,TLKM,RG,4020,1,D,XC,KZ,F
14:47:54,TLKM,RG,4020,1,D,XC,KZ,F
14:47:54,TLKM,RG,4020,10,D,CC,KZ,F
14:47:54,TLKM,RG,4020,30,D,CC,KZ,F
14:47:54,TLKM,RG,4020,20,D,NI,KZ,F
14:47:54,TLKM,RG,4020,25,D,PD,KZ,F
14:47:54,TLKM,RG,4020,105,D,CP,KZ,F
14:47:54,TLKM,RG,4020,95,D,CP,YP,D
14:47:54,TLKM,RG,4020,12,D,KK,YP,D
14:47:54,TLKM,RG,4020,1,D,EP,YP,D
14:47:54,TLKM,RG,4020,1,D,PD,YP,D
14:47:54,TLKM,RG,4020,1,D,XC,YP,D
14:47:54,TLKM,RG,4020,27,D,KZ,YP,D
14:47:54,TLKM,RG,4020,25,D,GR,YP,D
14:47:54,TLKM,RG,4020,5,D,NI,YP,D
14:47:54,TLKM,RG,4020,13,D,YP,YP,D
14:47:54,TLKM,RG,4020,1,D,XC,YP,D
14:47:54,TLKM,RG,4020,1,D,XC,YP,D
14:47:54,TLKM,RG,4020,5,D,CC,YP,D
14:47:54,TLKM,RG,4020,1,D,XC,YP,D
14:47:54,TLKM,RG,4020,12,D,SQ,YP,D
14:47:53,TLKM,RG,4030,10,D,SQ,CS,F
14:47:50,TLKM,RG,4030,1,D,CC,CS,F
14:47:50,TLKM,RG,4020,10,D,SQ,XC,D
14:47:49,TLKM,RG,4030,18,F,YU,CS,F
14:47:49,TLKM,RG,4020,1,D,SQ,CC,D
14:47:49,TLKM,RG,4030,735,D,BB,CS,F
14:47:49,TLKM,RG,4030,2490,D,BB,CS,F
14:47:49,TLKM,RG,4030,26,D,BB,AK,D
14:47:49,TLKM,RG,4030,25,D,BB,AK,D
14:47:49,TLKM,RG,4030,101,D,BB,CS,F
14:47:49,TLKM,RG,4030,18,D,BB,ZP,F
14:47:49,TLKM,RG,4030,547,D,BB,LG,D
14:47:48,TLKM,RG,4020,72,D,SQ,ZP,F
14:47:48,TLKM,RG,4020,100,F,EP,ZP,F
14:47:48,TLKM,RG,4020,100,D,YP,ZP,F
14:47:48,TLKM,RG,4020,1,D,DR,ZP,F
14:47:48,TLKM,RG,4020,5,D,XC,ZP,F
14:47:48,TLKM,RG,4020,110,D,OD,ZP,F
14:47:48,TLKM,RG,4020,2,D,XC,ZP,F
14:47:48,TLKM,RG,4020,1,D,XC,ZP,F
14:47:48,TLKM,RG,4020,10,D,YP,ZP,F
14:47:48,TLKM,RG,4020,20,D,LG,ZP,F
14:47:48,TLKM,RG,4020,5,D,PD,ZP,F
14:47:48,TLKM,RG,4020,7,D,PD,ZP,F
14:47:48,TLKM,RG,4020,20,D,PD,ZP,F
14:47:48,TLKM,RG,4020,1,D,XC,ZP,F
14:47:48,TLKM,RG,4020,757,F,CS,ZP,F
14:47:48,TLKM,RG,4020,5,D,RO,ZP,F
14:47:48,TLKM,RG,4020,500,D,OD,ZP,F
14:47:48,TLKM,RG,4020,1500,D,OD,ZP,F
14:47:48,TLKM,RG,4020,1,D,PD,ZP,F
14:47:48,TLKM,RG,4020,3,D,NI,ZP,F
14:47:48,TLKM,RG,4020,1,D,YP,ZP,F
14:47:48,TLKM,RG,4020,24,D,YP,ZP,F
14:47:48,TLKM,RG,4020,1,D,CC,ZP,F
14:47:48,TLKM,RG,4020,1,D,NI,ZP,F
14:47:48,TLKM,RG,4020,3,D,NI,ZP,F
14:47:48,TLKM,RG,4020,2,D,XC,ZP,F
14:47:48,TLKM,RG,4020,5,D,PD,ZP,F
14:47:48,TLKM,RG,4020,2,D,PD,ZP,F
14:47:48,TLKM,RG,4020,5,D,OD,ZP,F
14:47:48,TLKM,RG,4020,10,D,NI,ZP,F
14:47:48,TLKM,RG,4020,4,D,PD,ZP,F
14:47:48,TLKM,RG,4020,2,D,XC,ZP,F
14:47:48,TLKM,RG,4020,138,D,KZ,ZP,F
14:47:48,TLKM,RG,4020,3,D,PD,ZP,F
14:47:48,TLKM,RG,4020,1,D,GR,ZP,F
14:47:48,TLKM,RG,4020,1,D,CC,ZP,F
14:47:48,TLKM,RG,4020,2,D,XC,ZP,F
14:47:48,TLKM,RG,4020,3,D,XC,ZP,F
14:47:48,TLKM,RG,4020,500,D,OD,ZP,F
14:47:48,TLKM,RG,4020,572,D,OD,ZP,F
14:47:47,TLKM,RG,4020,2,D,OD,AT,D
14:47:46,TLKM,RG,4020,1,D,OD,YP,D
14:47:45,TLKM,RG,4020,2,D,OD,ZP,F
14:47:45,TLKM,RG,4020,4,D,OD,AK,F
14:47:45,TLKM,RG,4020,22,D,OD,AK,D
14:47:44,TLKM,RG,4020,2,D,OD,KZ,D
14:47:43,TLKM,RG,4020,5,D,OD,ZP,F
14:47:42,TLKM,RG,4020,4,D,OD,CC,F
14:47:42,TLKM,RG,4030,263,F,BB,LG,D
14:47:40,TLKM,RG,4020,11,D,OD,AK,D
14:47:39,TLKM,RG,4020,875,D,OD,ZP,F
14:47:39,TLKM,RG,4020,1,D,LS,ZP,F
14:47:39,TLKM,RG,4020,15,D,CC,ZP,F
14:47:39,TLKM,RG,4020,8,D,PD,ZP,F
14:47:39,TLKM,RG,4020,10,D,XC,ZP,F
14:47:39,TLKM,RG,4020,25,D,KK,ZP,F
14:47:39,TLKM,RG,4020,1,D,XC,ZP,F
14:47:39,TLKM,RG,4020,1,D,XL,ZP,F
14:47:39,TLKM,RG,4020,4,D,XC,ZP,F
14:47:39,TLKM,RG,4020,2,D,YP,ZP,F
14:47:39,TLKM,RG,4020,2,D,XC,ZP,F
14:47:39,TLKM,RG,4020,4,D,PD,ZP,F
14:47:39,TLKM,RG,4020,100,D,KK,ZP,F
14:47:39,TLKM,RG,4020,10,D,XC,ZP,F
14:47:39,TLKM,RG,4020,1,D,GR,ZP,F
14:47:39,TLKM,RG,4020,20,D,XC,ZP,F
14:47:39,TLKM,RG,4020,249,F,CC,ZP,F
14:47:39,TLKM,RG,4020,1,D,NI,ZP,F
14:47:39,TLKM,RG,4020,22,F,YU,ZP,F
14:47:39,TLKM,RG,4020,10,D,XC,ZP,F
14:47:39,TLKM,RG,4020,5,D,KK,ZP,F
14:47:39,TLKM,RG,4020,10,D,CC,ZP,F
14:47:39,TLKM,RG,4020,2,D,XC,ZP,F
14:47:39,TLKM,RG,4020,500,D,OD,ZP,F
14:47:39,TLKM,RG,4020,1500,D,OD,ZP,F
14:47:39,TLKM,RG,4020,2,D,PD,ZP,F
14:47:39,TLKM,RG,4020,1,D,EP,ZP,F
14:47:39,TLKM,RG,4020,1,D,PD,ZP,F
14:47:39,TLKM,RG,4020,1,D,CP,ZP,F
14:47:39,TLKM,RG,4020,5,D,XA,ZP,F
14:47:39,TLKM,RG,4020,2,D,PD,ZP,F
14:47:39,TLKM,RG,4020,3,D,XC,ZP,F
14:47:39,TLKM,RG,4020,1,D,LS,ZP,F
14:47:39,TLKM,RG,4020,2,D,CC,ZP,F
14:47:39,TLKM,RG,4020,1,D,XC,ZP,F
14:47:39,TLKM,RG,4020,50,D,CC,ZP,F
14:47:39,TLKM,RG,4020,1,D,CC,ZP,F
14:47:39,TLKM,RG,4020,5,D,EP,ZP,F
14:47:39,TLKM,RG,4020,30,D,YP,ZP,F
14:47:39,TLKM,RG,4020,8,F,KK,ZP,F
14:47:39,TLKM,RG,4020,2,D,PD,ZP,F
14:47:39,TLKM,RG,4020,1,D,XC,ZP,F
14:47:39,TLKM,RG,4020,2,D,YP,ZP,F
14:47:39,TLKM,RG,4020,10,D,PD,ZP,F
14:47:39,TLKM,RG,4020,5,D,CC,ZP,F
14:47:39,TLKM,RG,4020,100,D,PG,ZP,F
14:47:39,TLKM,RG,4020,1,D,XC,ZP,F
14:47:39,TLKM,RG,4020,1,D,XC,ZP,F
14:47:39,TLKM,RG,4020,3,D,XC,ZP,F
14:47:39,TLKM,RG,4020,5,D,PD,ZP,F
14:47:39,TLKM,RG,4020,1,D,AI,ZP,F
14:47:39,TLKM,RG,4020,10,D,SQ,ZP,F
14:47:39,TLKM,RG,4020,1000,D,YJ,ZP,F
14:47:39,TLKM,RG,4020,5,D,CC,ZP,F
14:47:39,TLKM,RG,4020,1,D,LG,ZP,F
14:47:39,TLKM,RG,4020,1,D,SQ,ZP,F
14:47:39,TLKM,RG,4020,1,D,XL,ZP,F
14:47:39,TLKM,RG,4020,1,D,HP,ZP,F
14:47:39,TLKM,RG,4020,2,D,PD,ZP,F
14:47:39,TLKM,RG,4020,20,D,SQ,ZP,F
14:47:39,TLKM,RG,4020,5,D,PD,ZP,F
14:47:39,TLKM,RG,4020,24,D,PD,ZP,F
14:47:39,TLKM,RG,4020,5,D,PD,ZP,F
14:47:39,TLKM,RG,4020,1,D,PD,ZP,F
14:47:39,TLKM,RG,4020,1,D,PD,ZP,F
14:47:39,TLKM,RG,4020,1,D,XC,ZP,F
14:47:39,TLKM,RG,4020,2,D,XC,ZP,F
14:47:39,TLKM,RG,4020,2,D,YP,ZP,F
14:47:39,TLKM,RG,4020,5,D,SQ,ZP,F
14:47:39,TLKM,RG,4020,2,D,XC,ZP,F
14:47:39,TLKM,RG,4020,100,D,YP,ZP,F
14:47:39,TLKM,RG,4020,1,D,PD,ZP,F
14:47:39,TLKM,RG,4020,1,D,XA,ZP,F
14:47:39,TLKM,RG,4020,100,D,SQ,ZP,F
14:47:39,TLKM,RG,4020,4,D,NI,ZP,F
14:47:39,TLKM,RG,4020,25,D,PD,ZP,F
14:47:39,TLKM,RG,4020,1,D,XC,ZP,F
14:47:39,TLKM,RG,4020,1,D,XC,ZP,F
14:47:39,TLKM,RG,4020,2,D,PD,ZP,F
14:47:39,TLKM,RG,4020,20,D,YP,ZP,F
14:47:39,TLKM,RG,4020,11,D,PD,ZP,F
14:47:39,TLKM,RG,4020,1,D,NI,ZP,F
14:47:39,TLKM,RG,4020,5,D,XC,ZP,F
14:47:39,TLKM,RG,4020,1,D,SQ,ZP,F
14:47:39,TLKM,RG,4020,2,D,PD,ZP,F
14:47:39,TLKM,RG,4020,2,D,DH,ZP,F
14:47:39,TLKM,RG,4020,20,D,YP,ZP,F
14:47:39,TLKM,RG,4020,12,D,PD,ZP,F
14:47:39,TLKM,RG,4020,5,D,PD,ZP,F
14:47:39,TLKM,RG,4020,5,D,XL,ZP,F
14:47:39,TLKM,RG,4020,1,D,NI,ZP,F
14:47:39,TLKM,RG,4020,2,D,PD,ZP,F
14:47:39,TLKM,RG,4020,7,D,XL,ZP,F
14:47:39,TLKM,RG,4020,1,D,LG,ZP,F
14:47:39,TLKM,RG,4020,20,D,PD,ZP,F
14:47:39,TLKM,RG,4020,3,D,YP,ZP,F
14:47:39,TLKM,RG,4020,1,D,CC,ZP,F
14:47:39,TLKM,RG,4020,5,D,PD,ZP,F
14:47:39,TLKM,RG,4020,3,D,YP,ZP,F
14:47:39,TLKM,RG,4020,1,D,XL,ZP,F
14:47:39,TLKM,RG,4020,3,D,YP,ZP,F
14:47:39,TLKM,RG,4020,1,D,XL,ZP,F
14:47:39,TLKM,RG,4020,1,D,XL,ZP,F
14:47:39,TLKM,RG,4020,1,D,ZP,ZP,F
14:47:39,TLKM,RG,4020,5,D,IF,ZP,F
14:47:39,TLKM,RG,4020,10,D,CC,ZP,F
14:47:39,TLKM,RG,4020,2,D,CC,ZP,F
14:47:39,TLKM,RG,4020,1,D,YP,ZP,F
14:47:39,TLKM,RG,4020,10,D,PD,ZP,F
14:47:39,TLKM,RG,4020,1,D,XC,ZP,F
14:47:39,TLKM,RG,4020,29,D,KZ,ZP,F
14:47:39,TLKM,RG,4020,1498,F,AK,ZP,F
14:47:39,TLKM,RG,4020,1,D,DR,ZP,F
14:47:39,TLKM,RG,4020,1,D,NI,ZP,F
14:47:39,TLKM,RG,4020,10,D,NI,ZP,F
14:47:39,TLKM,RG,4020,1,D,EP,ZP,F
14:47:39,TLKM,RG,4020,24,D,PD,ZP,F
14:47:39,TLKM,RG,4020,1,D,PD,ZP,F
14:47:39,TLKM,RG,4020,1,D,SQ,ZP,F
14:47:39,TLKM,RG,4020,1,D,KK,ZP,F
14:47:39,TLKM,RG,4020,24,D,PD,ZP,F
14:47:39,TLKM,RG,4020,1,D,PD,ZP,F
14:47:39,TLKM,RG,4020,1,D,PD,ZP,F
14:47:39,TLKM,RG,4020,1,D,XC,ZP,F
14:47:39,TLKM,RG,4020,1,D,XC,ZP,F
14:47:39,TLKM,RG,4020,25,D,PD,ZP,F
14:47:39,TLKM,RG,4020,1,D,XC,ZP,F
14:47:39,TLKM,RG,4020,2,D,PD,ZP,F
14:47:39,TLKM,RG,4020,20,D,CC,ZP,F
14:47:39,TLKM,RG,4020,1,D,SQ,ZP,F
14:47:39,TLKM,RG,4020,1,D,DR,ZP,F
14:47:39,TLKM,RG,4020,3,D,XC,ZP,F
14:47:39,TLKM,RG,4020,1,D,YP,ZP,F
14:47:39,TLKM,RG,4020,2,D,BQ,ZP,F
14:47:39,TLKM,RG,4020,1,D,EP,ZP,F
14:47:39,TLKM,RG,4020,2,D,CC,ZP,F
14:47:39,TLKM,RG,4020,20,D,PD,ZP,F
14:47:39,TLKM,RG,4020,1,D,XC,ZP,F
14:47:39,TLKM,RG,4020,1,D,CC,ZP,F
14:47:39,TLKM,RG,4020,1,D,XC,ZP,F
14:47:39,TLKM,RG,4020,1452,F,AK,ZP,F
14:47:39,TLKM,RG,4020,24,D,YP,ZP,F
14:47:39,TLKM,RG,4020,250,D,AZ,ZP,F
14:47:39,TLKM,RG,4020,500,D,OD,ZP,F
14:47:39,TLKM,RG,4020,1,D,XC,ZP,F
14:47:39,TLKM,RG,4020,987,D,OD,ZP,F
14:47:38,TLKM,RG,4030,4,D,PD,LG,D
14:47:35,TLKM,RG,4020,147,D,OD,DX,F
14:47:35,TLKM,RG,4030,115,F,AK,LG,D
14:47:33,TLKM,RG,4020,366,D,OD,DX,F
14:47:33,TLKM,RG,4020,20,D,YP,DX,F
14:47:33,TLKM,RG,4020,10,D,CC,DX,F
14:47:33,TLKM,RG,4020,4,D,PD,DX,F
14:47:31,TLKM,RG,4020,1,D,PD,YU,F
14:47:31,TLKM,RG,4020,50,D,SQ,YU,F
14:47:31,TLKM,RG,4020,1,D,YP,YU,F
14:47:31,TLKM,RG,4020,6,D,XL,YU,F
14:47:31,TLKM,RG,4020,65,D,BB,YU,F
14:47:30,TLKM,RG,4020,2,D,BB,ZP,F
14:47:30,TLKM,RG,4020,15,D,BB,AK,D
14:47:28,TLKM,RG,4020,50,D,BB,CC,D
14:47:26,TLKM,RG,4020,50,D,BB,BK,F
14:47:24,TLKM,RG,4020,6,D,BB,ZP,F
14:47:24,TLKM,RG,4030,2,D,DR,LG,D
14:47:23,TLKM,RG,4030,8,F,YU,LG,D
14:47:19,TLKM,RG,4020,320,D,BB,KZ,F
14:47:17,TLKM,RG,4020,8,D,BB,AT,D
14:47:16,TLKM,RG,4030,10,D,LG,LG,D
14:47:16,TLKM,RG,4020,42,D,BB,DX,F
14:47:15,TLKM,RG,4020,1,D,BB,AK,F
14:47:14,TLKM,RG,4030,3051,F,AK,LG,D
14:47:14,TLKM,RG,4030,345,F,AK,CS,F
14:47:14,TLKM,RG,4020,168,D,BB,DX,F
14:47:12,TLKM,RG,4030,1,D,XL,CS,F
14:47:10,TLKM,RG,4020,3,D,BB,YP,D
14:47:08,TLKM,RG,4020,148,D,BB,DX,F
14:47:07,TLKM,RG,4020,37,D,BB,DX,F
14:47:06,TLKM,RG,4020,23,D,BB,RG,D
14:47:06,TLKM,RG,4020,96,D,BB,DX,F
14:47:05,TLKM,RG,4020,8,D,BB,ZP,F
14:47:05,TLKM,RG,4030,3,F,BB,CS,F
14:47:04,TLKM,RG,4020,37,D,BB,YU,F
14:47:04,TLKM,RG,4020,9,D,NI,YU,F
14:47:04,TLKM,RG,4020,1,D,AT,YU,F
14:47:04,TLKM,RG,4020,1,D,YP,YU,F
14:47:04,TLKM,RG,4020,75,D,LG,YU,F
14:47:04,TLKM,RG,4020,5,D,CC,YU,F
14:47:04,TLKM,RG,4020,19,F,YU,YU,F
14:47:04,TLKM,RG,4020,1,D,XC,YU,F
14:47:04,TLKM,RG,4020,1,D,XC,YU,F
14:47:04,TLKM,RG,4020,1,D,XC,YU,F
14:47:04,TLKM,RG,4020,1,D,XC,YU,F
14:47:04,TLKM,RG,4020,64,D,XA,YU,F
14:47:04,TLKM,RG,4030,1,D,PD,CS,F
14:47:02,TLKM,RG,4020,70,D,XA,DX,F
14:47:01,TLKM,RG,4030,7,F,YU,CS,F
14:47:01,TLKM,RG,4030,1,F,YU,CS,F
14:47:01,TLKM,RG,4030,1,F,YU,CS,F
14:47:01,TLKM,RG,4030,18,F,YU,CS,D
14:47:01,TLKM,RG,4030,17,F,YU,KZ,D
14:47:01,TLKM,RG,4030,36,F,YU,CS,D
14:47:01,TLKM,RG,4030,5,F,YU,ZP,F
14:47:00,TLKM,RG,4030,1550,F,AK,ZP,F
14:47:00,TLKM,RG,4020,6,D,XA,AK,F
14:46:59,TLKM,RG,4030,3,D,PD,ZP,F
14:46:58,TLKM,RG,4020,195,D,XA,DX,F
14:46:57,TLKM,RG,4030,25,D,SQ,ZP,F
14:46:56,TLKM,RG,4020,12,D,XA,RX,D
14:46:56,TLKM,RG,4030,1,D,XC,ZP,F
14:46:55,TLKM,RG,4020,5,D,XA,PD,D
14:46:54,TLKM,RG,4020,3,D,XA,CC,D
14:46:52,TLKM,RG,4020,1,D,XA,PD,D
14:46:52,TLKM,RG,4020,2,D,XA,CC,F
14:46:52,TLKM,RG,4030,20,D,CC,ZP,F
14:46:50,TLKM,RG,4030,34,F,YU,ZP,F
14:46:50,TLKM,RG,4020,114,D,XA,DX,F
14:46:47,TLKM,RG,4030,354,F,BB,ZP,F
14:46:46,TLKM,RG,4030,2,D,YP,ZP,F
14:46:45,TLKM,RG,4020,8,D,XA,ZP,F
14:46:45,TLKM,RG,4020,1,D,XA,AK,F
14:46:45,TLKM,RG,4020,160,D,XA,YP,D
14:46:45,TLKM,RG,4020,1,D,XA,AK,F
14:46:45,TLKM,RG,4020,53,D,XA,AK,D
14:46:45,TLKM,RG,4020,7,D,XA,YP,D
14:46:44,TLKM,RG,4020,34,D,XA,DX,F
14:46:43,TLKM,RG,4020,64,D,XA,DX,F
14:46:42,TLKM,RG,4020,26,D,XA,DR,D
14:46:42,TLKM,RG,4020,40,D,XA,DX,F
14:46:40,TLKM,RG,4020,120,D,XA,DX,F
14:46:38,TLKM,RG,4020,14,D,XA,DX,F
14:46:38,TLKM,RG,4020,34,D,XA,DX,F
14:46:38,TLKM,RG,4030,10,D,PD,ZP,F
14:46:38,TLKM,RG,4020,77,D,XA,LG,D
14:46:38,TLKM,RG,4020,1,D,XA,CS,D
14:46:38,TLKM,RG,4020,84,D,XA,DX,F
14:46:37,TLKM,RG,4020,16,D,XA,CS,D
14:46:37,TLKM,RG,4020,13,D,XA,CS,D
14:46:35,TLKM,RG,4030,29,F,YU,ZP,F
14:46:34,TLKM,RG,4020,50,D,XA,PD,D
14:46:34,TLKM,RG,4020,50,D,XA,OD,D
14:46:34,TLKM,RG,4020,78,D,XA,DX,F
14:46:34,TLKM,RG,4020,1,D,XA,AT,D
14:46:32,TLKM,RG,4020,1,D,XA,CS,F
14:46:32,TLKM,RG,4020,144,D,XA,YU,F
14:46:31,TLKM,RG,4030,9,F,YU,ZP,F
14:46:30,TLKM,RG,4020,7,D,XA,ZP,F
14:46:30,TLKM,RG,4030,1206,F,AK,ZP,F
14:46:30,TLKM,RG,4020,24,D,XA,AK,D
14:46:30,TLKM,RG,4020,76,D,XA,DX,F
14:46:27,TLKM,RG,4030,3,D,OD,ZP,F
14:46:26,TLKM,RG,4020,344,D,XA,DX,F
14:46:26,TLKM,RG,4020,195,D,YP,DX,F
14:46:24,TLKM,RG,4020,6,D,YP,KK,D
14:46:22,TLKM,RG,4030,1,D,XC,ZP,F
14:46:22,TLKM,RG,4030,1,D,XC,ZP,F
14:46:21,TLKM,RG,4030,1,D,XC,ZP,F
14:46:18,TLKM,RG,4030,1,D,OD,ZP,F
14:46:17,TLKM,RG,4030,3,F,BB,ZP,F
14:46:17,TLKM,RG,4030,10,D,LG,ZP,F
14:46:16,TLKM,RG,4030,8,F,YU,ZP,F
14:46:16,TLKM,RG,4020,8,D,YP,ZP,F
14:46:16,TLKM,RG,4020,437,D,YP,YU,F
14:46:15,TLKM,RG,4030,903,F,AK,ZP,F
14:46:15,TLKM,RG,4030,2,D,YP,ZP,F
14:46:15,TLKM,RG,4020,111,D,YP,DX,F
14:46:10,TLKM,RG,4020,1,D,YP,YP,D
14:46:09,TLKM,RG,4030,36,D,PD,ZP,F
14:46:09,TLKM,RG,4020,242,D,YP,KZ,F
14:46:09,TLKM,RG,4020,100,D,YP,KZ,F
14:46:09,TLKM,RG,4020,25,D,OD,KZ,F
14:46:09,TLKM,RG,4020,10,D,NI,KZ,F
14:46:09,TLKM,RG,4020,6,D,XC,KZ,F
14:46:09,TLKM,RG,4020,13,D,KK,KZ,F
14:46:09,TLKM,RG,4020,6,D,CC,KZ,F
14:46:09,TLKM,RG,4020,1,D,NI,KZ,F
14:46:09,TLKM,RG,4020,3,D,PD,KZ,F
14:46:09,TLKM,RG,4020,1,D,PD,KZ,F
14:46:09,TLKM,RG,4020,2,D,XC,KZ,F
14:46:09,TLKM,RG,4020,10,D,PD,KZ,F
14:46:09,TLKM,RG,4020,1,D,PD,KZ,F
14:46:09,TLKM,RG,4020,5,D,YP,KZ,F
14:46:09,TLKM,RG,4020,1,D,XC,KZ,F
14:46:09,TLKM,RG,4020,20,D,CC,KZ,F
14:46:09,TLKM,RG,4020,1,D,NI,KZ,F
14:46:09,TLKM,RG,4020,2,D,EP,KZ,F
14:46:09,TLKM,RG,4020,2,D,PD,KZ,F
14:46:09,TLKM,RG,4020,2,D,PD,KZ,F
14:46:09,TLKM,RG,4020,1,D,XC,KZ,F
14:46:09,TLKM,RG,4020,3,D,XC,KZ,F
14:46:09,TLKM,RG,4020,1,D,XC,KZ,F
14:46:09,TLKM,RG,4020,3,D,PD,KZ,F
14:46:09,TLKM,RG,4020,1,D,XC,KZ,F
14:46:09,TLKM,RG,4020,20,D,DR,KZ,F
14:46:09,TLKM,RG,4020,1,D,PD,KZ,F
14:46:09,TLKM,RG,4020,2,D,XL,KZ,F
14:46:09,TLKM,RG,4020,5,D,XC,KZ,F
14:46:09,TLKM,RG,4020,2,D,XC,KZ,F
14:46:09,TLKM,RG,4020,1,D,XC,KZ,F
14:46:09,TLKM,RG,4020,2,D,XC,KZ,F
14:46:09,TLKM,RG,4020,1,D,SQ,KZ,F
14:46:09,TLKM,RG,4020,2,D,XC,KZ,F
14:46:09,TLKM,RG,4020,1,D,YP,KZ,F
14:46:09,TLKM,RG,4020,10,D,PD,KZ,F
14:46:09,TLKM,RG,4020,5,D,LG,KZ,F
14:46:09,TLKM,RG,4020,1000,D,CC,KZ,F
14:46:09,TLKM,RG,4020,1,D,NI,KZ,F
14:46:09,TLKM,RG,4020,50,D,NI,KZ,F
14:46:09,TLKM,RG,4020,2,D,XC,KZ,F
14:46:09,TLKM,RG,4020,3,D,CC,KZ,F
14:46:09,TLKM,RG,4020,24,D,DR,KZ,F
14:46:09,TLKM,RG,4020,30,D,GR,KZ,F
14:46:09,TLKM,RG,4020,57,D,YP,KZ,F
14:46:09,TLKM,RG,4020,5,D,YP,KZ,F
14:46:09,TLKM,RG,4020,2,D,XC,KZ,F
14:46:09,TLKM,RG,4020,5,D,PD,KZ,F
14:46:09,TLKM,RG,4020,1,D,XC,KZ,F
14:46:09,TLKM,RG,4020,30,D,PD,KZ,F
14:46:09,TLKM,RG,4020,500,D,SQ,KZ,F
14:46:09,TLKM,RG,4020,4,D,XL,KZ,F
14:46:09,TLKM,RG,4020,3,D,XA,KZ,F
14:46:09,TLKM,RG,4020,500,D,CC,KZ,F
14:46:09,TLKM,RG,4020,10,D,PD,KZ,F
14:46:09,TLKM,RG,4020,2,D,CC,KZ,F
14:46:09,TLKM,RG,4020,4,D,YP,KZ,F
14:46:09,TLKM,RG,4020,5,D,XC,KZ,F
14:46:09,TLKM,RG,4020,5,D,PD,KZ,F
14:46:09,TLKM,RG,4020,1,D,SQ,KZ,F
14:46:09,TLKM,RG,4020,5,D,CC,KZ,F
14:46:09,TLKM,RG,4020,1,D,XC,KZ,F
14:46:09,TLKM,RG,4020,200,D,CP,KZ,F
14:46:09,TLKM,RG,4020,5,D,CC,KZ,F
14:46:09,TLKM,RG,4020,5,D,XA,KZ,F
14:46:09,TLKM,RG,4020,1,D,XC,KZ,F
14:46:09,TLKM,RG,4020,1,D,XC,KZ,F
14:46:09,TLKM,RG,4020,10,D,PD,KZ,F
14:46:09,TLKM,RG,4020,1,D,XL,KZ,F
14:46:09,TLKM,RG,4020,1,D,XC,KZ,F
14:46:09,TLKM,RG,4020,1,D,PD,KZ,F
14:46:09,TLKM,RG,4020,30,D,CP,KZ,F
14:46:09,TLKM,RG,4020,1,D,XC,KZ,F
14:46:09,TLKM,RG,4020,5,D,PD,KZ,F
14:46:09,TLKM,RG,4020,50,D,ZP,KZ,F
14:46:09,TLKM,RG,4020,1,D,SQ,KZ,F
14:46:09,TLKM,RG,4020,1,D,SQ,KZ,F
14:46:09,TLKM,RG,4020,50,D,CC,KZ,F
14:46:09,TLKM,RG,4020,2,D,CC,KZ,F
14:46:09,TLKM,RG,4020,1,D,CC,KZ,F
14:46:09,TLKM,RG,4020,2,D,CC,KZ,F
14:46:09,TLKM,RG,4020,10,D,CC,KZ,F
14:46:09,TLKM,RG,4020,1,D,YP,KZ,F
14:46:09,TLKM,RG,4020,5,D,PD,KZ,F
14:46:09,TLKM,RG,4020,1,D,KK,KZ,F
14:46:09,TLKM,RG,4020,10,D,CC,KZ,F
14:46:09,TLKM,RG,4020,2,D,XC,KZ,F
14:46:09,TLKM,RG,4020,1,D,CC,KZ,F
14:46:09,TLKM,RG,4020,1,D,CC,KZ,F
14:46:09,TLKM,RG,4020,5,D,XC,KZ,F
14:46:09,TLKM,RG,4020,10,D,CC,KZ,F
14:46:09,TLKM,RG,4020,1,D,YP,KZ,F
14:46:09,TLKM,RG,4020,1,D,XC,KZ,F
14:46:09,TLKM,RG,4020,2,D,PD,KZ,F
14:46:09,TLKM,RG,4020,6,D,XC,KZ,F
14:46:09,TLKM,RG,4020,1,D,XC,KZ,F
14:46:09,TLKM,RG,4020,70,D,BQ,KZ,F
14:46:09,TLKM,RG,4020,5,D,XC,KZ,F
14:46:09,TLKM,RG,4020,10,D,XC,KZ,F
14:46:09,TLKM,RG,4020,1,D,YP,KZ,F
14:46:09,TLKM,RG,4020,5,D,XC,KZ,F
14:46:09,TLKM,RG,4020,1,D,XA,KZ,F
14:46:09,TLKM,RG,4020,1,D,XC,KZ,F
14:46:09,TLKM,RG,4020,3,D,PD,KZ,F
14:46:09,TLKM,RG,4020,1,D,XC,KZ,F
14:46:09,TLKM,RG,4020,2,D,PD,KZ,F
14:46:09,TLKM,RG,4020,1,D,XC,KZ,F
14:46:09,TLKM,RG,4020,1,D,XC,KZ,F
14:46:09,TLKM,RG,4020,30,D,PD,KZ,F
14:46:09,TLKM,RG,4020,5,D,YP,KZ,F
14:46:09,TLKM,RG,4020,1,D,PD,KZ,F
14:46:09,TLKM,RG,4020,1,D,PD,KZ,F
14:46:09,TLKM,RG,4020,2,D,PD,KZ,F
14:46:09,TLKM,RG,4020,1,D,PD,KZ,F
14:46:09,TLKM,RG,4020,2,D,YP,KZ,F
14:46:09,TLKM,RG,4020,20,D,YP,KZ,F
14:46:09,TLKM,RG,4020,300,D,LG,KZ,F
14:46:09,TLKM,RG,4020,1,D,YP,KZ,F
14:46:09,TLKM,RG,4020,50,D,PD,KZ,F
14:46:09,TLKM,RG,4020,1,D,PD,KZ,F
14:46:09,TLKM,RG,4020,5,D,PD,KZ,F
14:46:09,TLKM,RG,4020,1,D,PD,KZ,F
14:46:09,TLKM,RG,4020,5,D,DR,KZ,F
14:46:09,TLKM,RG,4020,2,D,DR,KZ,F
14:46:09,TLKM,RG,4020,1,D,ZP,KZ,F
14:46:09,TLKM,RG,4020,200,D,AR,KZ,F
14:46:09,TLKM,RG,4020,1,D,NI,KZ,F
14:46:09,TLKM,RG,4020,50,D,OD,KZ,F
14:46:09,TLKM,RG,4020,125,D,YP,KZ,F
14:46:09,TLKM,RG,4020,1,D,NI,KZ,F
14:46:09,TLKM,RG,4020,2,D,CC,KZ,F
14:46:09,TLKM,RG,4020,1,D,XC,KZ,F
14:46:09,TLKM,RG,4020,3,D,XL,KZ,F
14:46:09,TLKM,RG,4020,10,D,CC,KZ,F
14:46:09,TLKM,RG,4020,1,D,XC,KZ,F
14:46:09,TLKM,RG,4020,6,D,PD,KZ,F
14:46:09,TLKM,RG,4020,1,D,PD,KZ,F
14:46:09,TLKM,RG,4020,2,D,NI,KZ,F
14:46:09,TLKM,RG,4020,10,D,KK,KZ,F
14:46:09,TLKM,RG,4020,1,D,XC,KZ,F
14:46:09,TLKM,RG,4020,1,D,YU,KZ,F
14:46:09,TLKM,RG,4020,2,D,XL,KZ,F
14:46:09,TLKM,RG,4020,80,D,YP,KZ,F
14:46:09,TLKM,RG,4020,10,D,PD,KZ,F
14:46:09,TLKM,RG,4020,2,D,YB,KZ,F
14:46:09,TLKM,RG,4020,2,D,XL,KZ,F
14:46:09,TLKM,RG,4020,5,D,XC,KZ,F
14:46:09,TLKM,RG,4020,1,D,XC,KZ,F
14:46:09,TLKM,RG,4020,2,D,XC,KZ,F
14:46:09,TLKM,RG,4020,3,D,PD,KZ,F
14:46:09,TLKM,RG,4020,20,D,CP,KZ,F
14:46:09,TLKM,RG,4020,2,D,AT,KZ,F
14:46:09,TLKM,RG,4020,20,D,XL,KZ,F
14:46:09,TLKM,RG,4020,177,D,CC,KZ,F
14:46:03,TLKM,RG,4020,23,D,CC,DX,F
14:46:03,TLKM,RG,4020,1,D,XC,DX,F
14:46:03,TLKM,RG,4020,50,D,CC,DX,F
14:46:03,TLKM,RG,4020,1,D,YP,DX,F
14:46:03,TLKM,RG,4020,3,D,XC,DX,F
14:46:03,TLKM,RG,4020,20,D,PD,DX,F
14:46:03,TLKM,RG,4020,7,D,YP,DX,F
14:46:03,TLKM,RG,4020,25,D,GR,DX,F
14:46:03,TLKM,RG,4020,1,D,XC,DX,F
14:46:03,TLKM,RG,4020,2,D,CC,DX,F
14:46:03,TLKM,RG,4020,1,D,DR,DX,F
14:46:03,TLKM,RG,4020,10,D,PD,DX,F
14:46:03,TLKM,RG,4020,20,D,XC,DX,F
14:46:03,TLKM,RG,4020,5,D,PD,DX,F
14:46:03,TLKM,RG,4020,2,D,KK,DX,F
14:46:03,TLKM,RG,4020,6,D,XC,DX,F
14:46:03,TLKM,RG,4020,1,D,OD,DX,F
14:46:03,TLKM,RG,4020,10,D,KK,DX,F
14:46:03,TLKM,RG,4020,2,D,XC,DX,F
14:46:03,TLKM,RG,4020,1,D,KK,DX,F
14:46:03,TLKM,RG,4020,3,D,KK,DX,F
14:46:03,TLKM,RG,4020,1,D,YP,DX,F
14:46:03,TLKM,RG,4020,20,D,TP,DX,F
14:46:03,TLKM,RG,4020,2,D,YP,DX,F
14:46:03,TLKM,RG,4020,10,D,XC,DX,F
14:46:03,TLKM,RG,4020,1,D,PD,DX,F
14:46:03,TLKM,RG,4020,4,D,NI,DX,F
14:46:03,TLKM,RG,4020,1,D,XC,DX,F
14:46:03,TLKM,RG,4020,5,D,ZP,DX,F
14:46:03,TLKM,RG,4020,10,D,LG,DX,F
14:46:03,TLKM,RG,4020,2,D,YP,DX,F
14:46:03,TLKM,RG,4020,1,D,EP,DX,F
14:46:03,TLKM,RG,4020,5,D,CC,DX,F
14:46:03,TLKM,RG,4020,1,D,CC,DX,F
14:46:03,TLKM,RG,4020,1,D,PD,DX,F
14:46:03,TLKM,RG,4020,10,D,YP,DX,F
14:46:03,TLKM,RG,4020,10,D,YP,DX,F
14:46:03,TLKM,RG,4020,21,D,KZ,DX,F
14:46:03,TLKM,RG,4020,100,D,OD,DX,F
14:46:03,TLKM,RG,4020,1,D,XC,DX,F
14:46:03,TLKM,RG,4020,30,D,YP,DX,F
14:46:03,TLKM,RG,4020,2,D,NI,DX,F
14:46:03,TLKM,RG,4020,5,D,CC,DX,F
14:46:03,TLKM,RG,4020,1,D,PD,DX,F
14:46:03,TLKM,RG,4020,2,D,PD,DX,F
14:46:03,TLKM,RG,4020,1,D,XC,DX,F
14:46:03,TLKM,RG,4020,1,D,XC,DX,F
14:46:03,TLKM,RG,4020,2,D,PD,DX,F
14:46:03,TLKM,RG,4020,1,D,PD,DX,F
14:46:03,TLKM,RG,4020,1,D,XC,DX,F
14:46:03,TLKM,RG,4020,5,D,PD,DX,F
14:46:03,TLKM,RG,4020,2,D,YP,DX,F
14:46:03,TLKM,RG,4020,4,D,PD,DX,F
14:46:03,TLKM,RG,4020,2,D,XC,DX,F
14:46:03,TLKM,RG,4020,20,D,PD,DX,F
14:46:03,TLKM,RG,4020,6,D,XC,DX,F
14:46:03,TLKM,RG,4020,1,D,YP,DX,F
14:46:03,TLKM,RG,4020,1,D,XC,DX,F
14:46:03,TLKM,RG,4020,4,D,XC,DX,F
14:46:03,TLKM,RG,4020,149,D,YU,DX,F
14:46:03,TLKM,RG,4020,185,D,YU,YU,F
14:46:01,TLKM,RG,4020,2,D,YU,CC,F
14:46:01,TLKM,RG,4020,3000,D,YU,LG,D
14:46:00,TLKM,RG,4020,2,D,YU,AK,F
14:45:59,TLKM,RG,4020,49,D,YU,BK,F
14:45:59,TLKM,RG,4030,127,D,KZ,ZP,F
14:45:58,TLKM,RG,4030,189,F,AK,ZP,F
14:45:58,TLKM,RG,4030,1,D,YP,ZP,F
14:45:57,TLKM,RG,4030,5,D,CC,ZP,F
14:45:57,TLKM,RG,4020,3000,D,YU,LG,D
14:45:57,TLKM,RG,4020,7,D,YU,ZP,F
14:45:53,TLKM,RG,4030,1,D,AT,ZP,F
14:45:53,TLKM,RG,4020,5,D,YU,CS,D
14:45:53,TLKM,RG,4020,37,D,YU,CS,D
14:45:52,TLKM,RG,4020,1333,D,YU,YU,F
14:45:52,TLKM,RG,4020,10,D,YU,CC,D
14:45:52,TLKM,RG,4020,2000,D,YU,LG,D
14:45:50,TLKM,RG,4020,1,D,YU,YP,D
14:45:50,TLKM,RG,4030,5,F,YU,ZP,F
14:45:49,TLKM,RG,4020,120,D,YU,DX,F
14:45:46,TLKM,RG,4020,2000,D,YU,LG,D
14:45:45,TLKM,RG,4020,2,D,YU,AK,F
14:45:45,TLKM,RG,4020,4,D,YU,CC,F
14:45:44,TLKM,RG,4030,5,D,NI,ZP,F
14:45:44,TLKM,RG,4020,1,D,YU,KZ,D
14:45:42,TLKM,RG,4020,2000,D,YU,LG,D
14:45:42,TLKM,RG,4020,4000,D,YU,LG,D
14:45:41,TLKM,RG,4020,1,D,YU,YP,D
14:45:40,TLKM,RG,4020,8,D,YU,ZP,F
14:45:38,TLKM,RG,4030,143,F,BB,ZP,F
14:45:38,TLKM,RG,4030,1,D,XC,ZP,F
14:45:37,TLKM,RG,4030,7,F,YU,ZP,F
14:45:37,TLKM,RG,4020,164,D,YU,DX,F
14:45:31,TLKM,RG,4020,1,D,YU,YP,D
14:45:31,TLKM,RG,4020,3,D,YU,CC,F
14:45:31,TLKM,RG,4020,493,D,YU,DX,F
14:45:30,TLKM,RG,4020,144,D,YU,YU,F
14:45:30,TLKM,RG,4020,1,D,YU,AK,F
14:45:30,TLKM,RG,4020,1,D,YU,AK,F
14:45:30,TLKM,RG,4020,27,D,YU,AK,D
14:45:30,TLKM,RG,4020,207,D,YU,AK,F
14:45:30,TLKM,RG,4030,3,F,BB,ZP,F
14:45:29,TLKM,RG,4020,76,D,YU,LG,D
14:45:29,TLKM,RG,4020,94,D,YU,CS,F
14:45:29,TLKM,RG,4020,203,D,YU,CS,F
14:45:29,TLKM,RG,4020,66,D,YU,CS,F
14:45:29,TLKM,RG,4020,1,D,YU,CS,F
14:45:29,TLKM,RG,4020,64,D,YU,CS,F
14:45:29,TLKM,RG,4020,126,D,YU,CS,F
14:45:29,TLKM,RG,4020,285,D,YU,CS,F
14:45:27,TLKM,RG,4020,5,D,YU,XL,D
14:45:26,TLKM,RG,4020,1,D,YU,PD,D
14:45:22,TLKM,RG,4020,135,D,YU,DX,F
14:45:22,TLKM,RG,4020,7,D,YU,ZP,F
14:45:21,TLKM,RG,4020,1,D,YU,PC,D
14:45:19,TLKM,RG,4020,5,D,YU,XC,D
14:45:18,TLKM,RG,4020,1,D,YU,YP,D
14:45:16,TLKM,RG,4020,2,D,YU,YP,D
14:45:15,TLKM,RG,4030,4,D,PD,ZP,F
14:45:15,TLKM,RG,4030,322,F,AK,ZP,F
14:45:15,TLKM,RG,4020,23,D,YU,AK,F
14:45:11,TLKM,RG,4020,10,D,YU,PD,D
14:45:10,TLKM,RG,4030,2,D,XC,ZP,F
14:45:10,TLKM,RG,4020,616,D,YU,DX,F
14:45:10,TLKM,RG,4020,6,D,YU,RX,D
14:45:08,TLKM,RG,4020,10,D,YU,RX,D
14:45:05,TLKM,RG,4020,205,D,YU,YU,F
14:45:03,TLKM,RG,4020,5,D,YU,ZP,F
14:45:02,TLKM,RG,4020,1,D,YU,YP,D
14:45:00,TLKM,RG,4020,1,D,YU,AK,F
14:44:59,TLKM,RG,4020,2,D,YU,CC,F
14:44:59,TLKM,RG,4020,2,D,YU,XC,D
14:44:58,TLKM,RG,4030,10,D,CC,ZP,F
14:44:55,TLKM,RG,4020,1,D,YU,AK,F
14:44:55,TLKM,RG,4020,140,D,YU,DX,F
14:44:55,TLKM,RG,4030,4,D,DX,ZP,F
14:44:54,TLKM,RG,4020,6,D,YU,AK,D
14:44:54,TLKM,RG,4030,139,D,DX,ZP,F
14:44:53,TLKM,RG,4020,1,D,YU,YP,D
14:44:53,TLKM,RG,4020,6,D,YU,YU,D
14:44:53,TLKM,RG,4030,8,D,PD,ZP,F
14:44:47,TLKM,RG,4020,6,D,YU,ZP,F
14:44:47,TLKM,RG,4020,56,D,YU,CS,D
14:44:46,TLKM,RG,4020,13,D,YU,CS,D
14:44:45,TLKM,RG,4030,5,D,AT,ZP,F
14:44:45,TLKM,RG,4020,27,D,YU,AK,D
14:44:45,TLKM,RG,4020,782,D,YU,DX,F
14:44:44,TLKM,RG,4030,4,D,DR,ZP,F
14:44:44,TLKM,RG,4020,700,D,YU,YJ,D
14:44:42,TLKM,RG,4030,3,F,BB,ZP,F
14:44:38,TLKM,RG,4020,5,D,YU,CC,F
14:44:37,TLKM,RG,4030,12,D,PD,ZP,F
14:44:36,TLKM,RG,4020,8,D,YU,PD,D
14:44:33,TLKM,RG,4020,12,D,YU,CC,D
14:44:32,TLKM,RG,4020,1,D,YU,YP,D
14:44:31,TLKM,RG,4020,5,D,YU,ZP,F
14:44:31,TLKM,RG,4030,1,D,CC,ZP,F
14:44:30,TLKM,RG,4020,164,D,YU,YU,F
14:44:30,TLKM,RG,4020,1,D,YU,AK,F
14:44:27,TLKM,RG,4030,1,D,XC,ZP,F
14:44:27,TLKM,RG,4020,51,D,YU,BK,F
14:44:25,TLKM,RG,4030,3,D,DX,ZP,F
14:44:25,TLKM,RG,4020,120,D,YU,DX,F
14:44:25,TLKM,RG,4020,552,D,YU,YU,F
14:44:24,TLKM,RG,4020,2,D,YU,CS,F
14:44:21,TLKM,RG,4020,60,D,YU,CC,D
14:44:21,TLKM,RG,4030,105,D,DX,ZP,F
14:44:20,TLKM,RG,4020,140,D,YU,OD,D
14:44:18,TLKM,RG,4020,2,D,YU,DH,D
14:44:16,TLKM,RG,4020,5,D,YU,CC,F
14:44:16,TLKM,RG,4020,13,D,YU,NI,D
14:44:16,TLKM,RG,4020,6,D,YU,ZP,F
14:44:11,TLKM,RG,4030,1,D,XC,ZP,F
14:44:10,TLKM,RG,4020,114,D,YU,DX,F
14:44:08,TLKM,RG,4020,2,D,YU,DH,D
14:44:08,TLKM,RG,4030,20,D,PD,ZP,F
14:44:05,TLKM,RG,4020,111,D,YU,DX,F
14:44:04,TLKM,RG,4020,129,D,YU,YU,F
14:44:04,TLKM,RG,4030,9,F,YU,ZP,F
14:44:03,TLKM,RG,4030,1867,D,CC,ZP,F
14:44:03,TLKM,RG,4020,20,D,YU,CC,F
14:44:02,TLKM,RG,4020,405,D,YU,DX,F
14:44:00,TLKM,RG,4020,1,D,YU,AK,F
14:44:00,TLKM,RG,4020,20,D,YU,KK,D
14:43:59,TLKM,RG,4020,41,D,YU,AK,D
14:43:59,TLKM,RG,4020,5,D,YU,ZP,F
14:43:58,TLKM,RG,4020,15,D,YU,CC,D
14:43:54,TLKM,RG,4020,13,D,YU,CC,D
14:43:53,TLKM,RG,4020,99,D,YU,DX,F
14:43:53,TLKM,RG,4030,1,D,XC,ZP,F
14:43:50,TLKM,RG,4020,1184,D,YU,YU,F
14:43:49,TLKM,RG,4020,1,D,YU,XC,D
14:43:47,TLKM,RG,4030,1,D,XC,ZP,F
14:43:47,TLKM,RG,4030,100,D,YP,ZP,F
14:43:45,TLKM,RG,4020,2,D,YU,AK,F
14:43:45,TLKM,RG,4020,72,D,YU,AK,F
14:43:44,TLKM,RG,4020,782,D,YU,DX,F
14:43:41,TLKM,RG,4020,1,D,YU,YP,D
14:43:41,TLKM,RG,4030,10,D,NI,ZP,F
14:43:40,TLKM,RG,4020,871,D,YU,CC,D
14:43:40,TLKM,RG,4020,5,D,YU,ZP,F
14:43:38,TLKM,RG,4030,1,D,PD,ZP,F
14:43:36,TLKM,RG,4020,18,D,YU,AK,D
14:43:36,TLKM,RG,4020,10,D,YU,CC,F
14:43:35,TLKM,RG,4020,126,D,YU,YU,F
14:43:35,TLKM,RG,4030,1,D,NI,ZP,F
14:43:30,TLKM,RG,4020,1,D,YU,YP,D
14:43:29,TLKM,RG,4020,2,D,YU,CC,D
14:43:29,TLKM,RG,4020,74,D,YU,XC,D
14:43:28,TLKM,RG,4020,12,D,YU,XC,D
14:43:28,TLKM,RG,4020,2,D,YU,DH,D
14:43:28,TLKM,RG,4020,35,D,YU,DX,F
14:43:24,TLKM,RG,4030,2,D,BQ,ZP,F
14:43:24,TLKM,RG,4020,5712,D,YU,KZ,F
14:43:21,TLKM,RG,4020,5,D,YU,ZP,F
14:43:21,TLKM,RG,4020,66,D,YU,DX,F
14:43:15,TLKM,RG,4020,1,D,YU,AK,F
14:43:15,TLKM,RG,4020,48,D,YU,AK,D
14:43:14,TLKM,RG,4030,1,D,XL,ZP,F
14:43:12,TLKM,RG,4020,5,D,YU,XL,D
14:43:10,TLKM,RG,4020,224,D,YU,DX,F
14:43:09,TLKM,RG,4020,10,D,YU,PD,D
14:43:06,TLKM,RG,4020,1000,D,YU,KK,D
14:43:06,TLKM,RG,4020,1,D,YU,CC,D
14:43:04,TLKM,RG,4020,2,D,YU,XL,D
14:43:04,TLKM,RG,4020,9,D,YU,ZP,F
14:43:03,TLKM,RG,4020,102,D,YU,YU,F
14:43:03,TLKM,RG,4020,10,D,YU,PD,D
14:43:01,TLKM,RG,4020,500,D,YU,DX,F
14:43:01,TLKM,RG,4020,3,D,YU,XL,D
14:43:01,TLKM,RG,4020,141,D,YU,DX,F
14:43:00,TLKM,RG,4030,5,F,YU,ZP,F
14:43:00,TLKM,RG,4020,1,D,YU,CC,D
14:42:56,TLKM,RG,4020,12,D,YU,RX,D
14:42:56,TLKM,RG,4020,91,D,YU,CC,D
14:42:56,TLKM,RG,4020,6,D,YU,XC,D
14:42:53,TLKM,RG,4020,47,D,YU,BK,F
14:42:51,TLKM,RG,4020,20,D,YU,DH,D
14:42:49,TLKM,RG,4030,10,D,PD,ZP,F
14:42:48,TLKM,RG,4020,22,D,YU,CC,D
14:42:45,TLKM,RG,4020,1,D,YU,AK,F
14:42:45,TLKM,RG,4020,47,D,YU,AK,F
14:42:45,TLKM,RG,4020,102,D,YU,CS,D
14:42:42,TLKM,RG,4020,461,D,YU,YU,F
14:42:41,TLKM,RG,4020,3,D,YU,CC,F
14:42:38,TLKM,RG,4020,820,D,YU,DX,F
14:42:36,TLKM,RG,4020,24,D,YU,DR,D
14:42:35,TLKM,RG,4020,37,D,YU,YU,F
14:42:33,TLKM,RG,4020,5,D,YU,ZP,F
14:42:32,TLKM,RG,4020,1,D,YU,YP,D
14:42:31,TLKM,RG,4020,80,D,YU,DX,F
14:42:30,TLKM,RG,4030,1,D,CC,ZP,F
14:42:26,TLKM,RG,4020,32,D,YU,AK,D
14:42:24,TLKM,RG,4020,150,D,YU,SQ,D
14:42:17,TLKM,RG,4020,5,D,YU,DR,D
14:42:15,TLKM,RG,4020,3,D,YU,AK,F
14:42:15,TLKM,RG,4020,33,D,YU,AK,F
14:42:15,TLKM,RG,4020,5,D,YU,ZP,F
14:42:14,TLKM,RG,4020,26,D,YU,XC,D
14:42:12,TLKM,RG,4020,3,D,YU,CC,F
14:42:10,TLKM,RG,4030,5,D,CC,ZP,F
14:42:09,TLKM,RG,4030,3,D,PD,ZP,F
14:42:05,TLKM,RG,4020,144,D,YU,DX,F
14:42:04,TLKM,RG,4020,102,D,YU,CC,D
14:42:04,TLKM,RG,4020,224,D,YU,DX,F
14:42:02,TLKM,RG,4020,125,D,YU,GR,D
14:42:00,TLKM,RG,4020,4,D,YU,XC,D
14:41:58,TLKM,RG,4020,1249,D,YU,PD,D
14:41:57,TLKM,RG,4020,6,D,YU,ZP,F
14:41:56,TLKM,RG,4020,5,D,YU,CC,D
14:41:56,TLKM,RG,4030,4,D,DX,ZP,F
14:41:53,TLKM,RG,4020,330,D,YU,DX,F
14:41:45,TLKM,RG,4020,32,D,YU,YP,D
14:41:45,TLKM,RG,4020,2,D,YU,CC,F
14:41:44,TLKM,RG,4020,1,D,YU,XC,D
14:41:44,TLKM,RG,4020,23,D,YU,KZ,D
14:41:43,TLKM,RG,4030,10,D,YP,ZP,F
14:41:43,TLKM,RG,4020,10,D,YU,PD,D
14:41:43,TLKM,RG,4030,4,D,XC,ZP,F
14:41:42,TLKM,RG,4020,1084,D,YU,YU,F
14:41:38,TLKM,RG,4020,779,D,YU,DX,F
14:41:38,TLKM,RG,4020,6,D,YU,ZP,F
14:41:35,TLKM,RG,4020,90,D,YU,DX,F
14:41:33,TLKM,RG,4030,1,D,ZP,ZP,F
14:41:29,TLKM,RG,4020,10,D,YU,OD,D
14:41:26,TLKM,RG,4020,2,D,YU,CS,F
14:41:25,TLKM,RG,4020,45,D,YU,BK,F
14:41:24,TLKM,RG,4020,672,D,YU,CS,F
14:41:23,TLKM,RG,4020,7,D,YU,CS,F
14:41:23,TLKM,RG,4020,319,D,YU,CS,F
14:41:21,TLKM,RG,4020,6,D,YU,CC,F
14:41:20,TLKM,RG,4020,11,D,YU,ZP,F
14:41:15,TLKM,RG,4020,2,D,YU,AK,F
14:41:14,TLKM,RG,4020,2,D,YU,AK,F
14:41:13,TLKM,RG,4030,127,D,DX,ZP,F
14:41:13,TLKM,RG,4020,43,D,YU,AK,D
14:41:11,TLKM,RG,4020,1,D,YU,YP,D
14:41:04,TLKM,RG,4020,380,D,YU,DX,F
14:41:03,TLKM,RG,4020,1,D,YU,YP,D
14:41:02,TLKM,RG,4030,10,D,DR,ZP,F
14:41:00,TLKM,RG,4020,67,D,YU,AK,F
14:40:57,TLKM,RG,4020,491,D,YU,YU,F
14:40:55,TLKM,RG,4020,1,D,YU,YP,D
14:40:47,TLKM,RG,4020,287,D,YU,DX,F
14:40:47,TLKM,RG,4020,1,D,YU,YP,D
14:40:45,TLKM,RG,4030,1,D,PD,ZP,F
14:40:43,TLKM,RG,4020,9,D,YU,ZP,F
14:40:42,TLKM,RG,4030,1,D,XC,ZP,F
14:40:35,TLKM,RG,4020,11,D,YU,PD,D
14:40:34,TLKM,RG,4020,47,D,YU,DX,F
14:40:26,TLKM,RG,4030,2,D,XC,ZP,F
14:40:24,TLKM,RG,4020,32,D,YU,CC,D
14:40:24,TLKM,RG,4020,5,D,YU,CC,F
14:40:23,TLKM,RG,4020,1,D,YU,YP,D
14:40:23,TLKM,RG,4020,50,D,YU,CC,D
14:40:23,TLKM,RG,4020,2,D,YU,XC,D
14:40:21,TLKM,RG,4030,2,D,PD,ZP,F
14:40:21,TLKM,RG,4030,1,D,XL,ZP,F
14:40:21,TLKM,RG,4020,5,D,YU,CC,D
14:40:16,TLKM,RG,4020,4,D,YU,YP,D
14:40:15,TLKM,RG,4020,2,D,YU,AK,F
14:40:09,TLKM,RG,4020,1,D,YU,YP,D
14:40:03,TLKM,RG,4020,45,D,YU,BK,F
14:40:01,TLKM,RG,4030,14,D,PD,ZP,F
14:40:01,TLKM,RG,4020,9,D,YU,ZP,F
14:40:00,TLKM,RG,4020,1,D,YU,YP,D
14:39:57,TLKM,RG,4030,1,D,CC,ZP,F
14:39:57,TLKM,RG,4020,4,D,YU,XC,D
14:39:53,TLKM,RG,4020,15,D,YU,YP,D
14:39:49,TLKM,RG,4020,2,D,YU,AK,F
14:39:49,TLKM,RG,4020,10,D,YU,AG,D
14:39:47,TLKM,RG,4030,10,D,YP,ZP,F
14:39:45,TLKM,RG,4020,65,D,YU,AK,F
14:39:42,TLKM,RG,4020,112,D,YU,CS,D
14:39:38,TLKM,RG,4020,2,D,YU,CC,F
14:39:34,TLKM,RG,4020,11,D,YU,XC,D
14:39:33,TLKM,RG,4020,21,D,YU,AK,D
14:39:31,TLKM,RG,4020,17,D,YU,YP,D
14:39:31,TLKM,RG,4030,333,D,MG,ZP,F
14:39:30,TLKM,RG,4020,1,D,YU,AK,F
14:39:28,TLKM,RG,4020,1168,D,YU,YU,F
14:39:26,TLKM,RG,4020,28,D,YU,AK,D
14:39:25,TLKM,RG,4030,4,D,DX,ZP,F
14:39:20,TLKM,RG,4020,10,D,YU,XC,D
14:39:17,TLKM,RG,4020,9,D,YU,ZP,F
14:39:16,TLKM,RG,4020,1,D,YU,PD,D
14:39:16,TLKM,RG,4020,1,D,YU,CC,F
14:39:10,TLKM,RG,4020,566,D,YU,YU,F
14:39:05,TLKM,RG,4020,100,D,YU,YJ,D
14:39:02,TLKM,RG,4030,2,D,YU,ZP,F
14:39:02,TLKM,RG,4020,71,D,YU,XL,D
14:39:00,TLKM,RG,4020,19,D,YU,AK,D
14:38:51,TLKM,RG,4030,2,D,XC,ZP,F
14:38:51,TLKM,RG,4030,8,D,XC,ZP,F
14:38:44,TLKM,RG,4020,50,D,YU,YP,D
14:38:42,TLKM,RG,4030,13,D,PD,ZP,F
14:38:42,TLKM,RG,4020,2,D,YU,YP,D
14:38:42,TLKM,RG,4030,2,D,XC,ZP,F
14:38:41,TLKM,RG,4030,2,D,XL,ZP,F
14:38:39,TLKM,RG,4020,2,D,YU,CS,F
14:38:39,TLKM,RG,4030,10,D,GR,ZP,F
14:38:34,TLKM,RG,4030,1,D,YU,ZP,F
14:38:33,TLKM,RG,4030,1,D,YU,ZP,F
14:38:32,TLKM,RG,4020,10,D,YU,XC,D
14:38:32,TLKM,RG,4020,1,D,YU,XC,D
14:38:29,TLKM,RG,4020,9,D,YU,ZP,F
14:38:26,TLKM,RG,4020,2,D,YU,XC,D
14:38:25,TLKM,RG,4020,16,D,YU,YP,D
14:38:23,TLKM,RG,4020,27,D,YU,AK,D
14:38:23,TLKM,RG,4020,50,D,YU,BK,F
14:38:22,TLKM,RG,4020,3,D,YU,NI,D
14:38:18,TLKM,RG,4020,2,D,YU,XC,D
14:38:09,TLKM,RG,4020,5,D,YU,PD,D
14:38:08,TLKM,RG,4030,62,D,YU,ZP,F
14:38:08,TLKM,RG,4030,1,D,XL,ZP,F
14:38:08,TLKM,RG,4020,355,D,YU,YP,D
14:38:05,TLKM,RG,4020,1,D,YU,CC,D
14:38:00,TLKM,RG,4020,24,D,YU,AK,D
14:38:00,TLKM,RG,4030,100,F,EP,ZP,F
14:37:56,TLKM,RG,4020,12,D,YU,ZP,D
14:37:55,TLKM,RG,4020,1,D,YU,YP,D
14:37:54,TLKM,RG,4030,5,D,EP,ZP,F
14:37:51,TLKM,RG,4030,10,D,CC,ZP,F
14:37:51,TLKM,RG,4030,2,D,KK,ZP,F
14:37:45,TLKM,RG,4030,1,D,XC,ZP,F
14:37:42,TLKM,RG,4030,13,D,CC,ZP,F
14:37:41,TLKM,RG,4020,4,D,YU,ZP,F
14:37:39,TLKM,RG,4020,100,D,YU,CC,D
14:37:34,TLKM,RG,4030,1,D,CC,ZP,F
14:37:26,TLKM,RG,4030,1,D,XC,ZP,F
14:37:21,TLKM,RG,4020,1083,D,YU,YU,F
14:37:19,TLKM,RG,4030,10,D,XC,ZP,F
14:37:17,TLKM,RG,4020,1,D,YU,PD,D
14:37:17,TLKM,RG,4020,1,D,YU,YP,D
14:37:15,TLKM,RG,4030,3,D,PD,ZP,F
14:37:10,TLKM,RG,4020,1,D,YU,YP,D
14:37:09,TLKM,RG,4020,2,D,YU,XC,D
14:37:05,TLKM,RG,4020,30,D,YU,PD,D
14:37:04,TLKM,RG,4030,2,D,PD,ZP,F
14:37:02,TLKM,RG,4020,1,D,YU,YP,D
14:37:02,TLKM,RG,4030,10,D,GR,ZP,F
14:37:00,TLKM,RG,4020,651,D,YU,CC,D
14:36:58,TLKM,RG,4030,3,D,YP,ZP,F
14:36:57,TLKM,RG,4030,3,D,PD,ZP,F
14:36:53,TLKM,RG,4030,2,D,PD,ZP,F
14:36:48,TLKM,RG,4030,5,F,YU,ZP,F
14:36:46,TLKM,RG,4020,46,D,YU,BK,F
14:36:46,TLKM,RG,4030,2,D,NI,ZP,F
14:36:45,TLKM,RG,4020,2,D,YU,PD,D
14:36:38,TLKM,RG,4020,25,D,YU,PD,D
14:36:30,TLKM,RG,4020,150,D,YU,AI,D
14:36:28,TLKM,RG,4030,8,D,PD,ZP,F
14:36:26,TLKM,RG,4020,15,D,YU,EP,D
14:36:25,TLKM,RG,4030,2,D,XC,ZP,F
14:36:24,TLKM,RG,4030,1,D,YP,ZP,F
14:36:23,TLKM,RG,4020,3,D,YU,LG,D
14:36:21,TLKM,RG,4030,10,D,IF,ZP,F
14:36:18,TLKM,RG,4030,1,D,PD,ZP,F
14:36:16,TLKM,RG,4030,4,D,XC,ZP,F
14:36:15,TLKM,RG,4030,2,D,NI,ZP,F
14:36:13,TLKM,RG,4030,5,D,YP,ZP,F
14:36:05,TLKM,RG,4030,4,F,YU,ZP,F
14:36:04,TLKM,RG,4030,1,D,PD,ZP,F
14:35:56,TLKM,RG,4020,12,D,YU,YP,D
14:35:55,TLKM,RG,4020,80,D,YU,AK,D
14:35:55,TLKM,RG,4020,356,D,YU,BK,F
14:35:55,TLKM,RG,4020,5,D,NI,BK,F
14:35:55,TLKM,RG,4020,2,D,OD,BK,F
14:35:55,TLKM,RG,4020,30,D,CC,BK,F
14:35:55,TLKM,RG,4020,40,D,HP,BK,F
14:35:55,TLKM,RG,4020,1,D,XC,BK,F
14:35:55,TLKM,RG,4020,1,D,SQ,BK,F
14:35:55,TLKM,RG,4020,5,D,CC,BK,F
14:35:55,TLKM,RG,4020,124,D,YP,BK,F
14:35:55,TLKM,RG,4020,10,D,CC,BK,F
14:35:55,TLKM,RG,4020,3,D,ZP,BK,F
14:35:55,TLKM,RG,4020,80,D,SQ,BK,F
14:35:55,TLKM,RG,4020,2,D,XC,BK,F
14:35:55,TLKM,RG,4020,1,D,XC,BK,F
14:35:55,TLKM,RG,4020,2,D,DR,BK,F
14:35:55,TLKM,RG,4020,1,D,PD,BK,F
14:35:55,TLKM,RG,4020,1,D,XC,BK,F
14:35:55,TLKM,RG,4020,1,D,PD,BK,F
14:35:55,TLKM,RG,4020,1,D,GR,BK,F
14:35:55,TLKM,RG,4020,2,D,KK,BK,F
14:35:55,TLKM,RG,4020,370,D,YU,BK,F
14:35:54,TLKM,RG,4030,279,F,YU,ZP,F
14:35:54,TLKM,RG,4030,1,D,NI,ZP,F
14:35:54,TLKM,RG,4030,515,F,AK,ZP,F
14:35:54,TLKM,RG,4030,27,F,AK,ZP,F
14:35:54,TLKM,RG,4030,513,F,AK,YU,F
14:35:54,TLKM,RG,4030,23,F,CS,YU,F
14:35:54,TLKM,RG,4030,5,F,CS,CC,D
14:35:54,TLKM,RG,4020,9,D,YU,CS,F
14:35:54,TLKM,RG,4020,1,D,YU,CS,D
14:35:54,TLKM,RG,4020,1,D,XC,CS,D
14:35:54,TLKM,RG,4020,1,D,YP,CS,D
14:35:53,TLKM,RG,4030,28,F,YU,CC,D
14:35:52,TLKM,RG,4030,2,F,YU,BK,F
14:35:52,TLKM,RG,4030,247,F,CS,BK,F
14:35:52,TLKM,RG,4030,26,F,YU,BK,F
14:35:52,TLKM,RG,4030,4,D,PD,BK,F
14:35:52,TLKM,RG,4030,418,F,CS,BK,F
14:35:52,TLKM,RG,4030,1170,F,AK,BK,F
14:35:51,TLKM,RG,4030,533,F,AK,YU,F
14:35:51,TLKM,RG,4030,63,F,AK,YU,F
14:35:51,TLKM,RG,4030,70,F,AK,AK,F
14:35:51,TLKM,RG,4030,209,F,AK,AK,F
14:35:51,TLKM,RG,4030,60,D,SQ,AK,F
14:35:51,TLKM,RG,4030,13,D,CC,AK,F
14:35:51,TLKM,RG,4030,1,D,KK,AK,F
14:35:51,TLKM,RG,4030,1,D,CC,AK,F
14:35:51,TLKM,RG,4030,136,D,DX,AK,F
14:35:51,TLKM,RG,4030,1,D,NI,AK,F
14:35:51,TLKM,RG,4030,2,D,XC,AK,F
14:35:51,TLKM,RG,4030,10,D,YP,AK,F
14:35:51,TLKM,RG,4030,2,D,YP,AK,F
14:35:51,TLKM,RG,4030,1,D,PD,AK,F
14:35:51,TLKM,RG,4030,2,D,XC,AK,F
14:35:51,TLKM,RG,4030,37,F,BB,AK,F
14:35:51,TLKM,RG,4030,4,D,XC,AK,F
14:35:51,TLKM,RG,4030,1746,F,BB,AK,F
14:35:51,TLKM,RG,4030,19,F,BB,ZP,F
14:35:51,TLKM,RG,4030,190,F,BB,CS,F
14:35:50,TLKM,RG,4030,519,F,BB,CP,D
14:35:50,TLKM,RG,4030,4,D,DX,CP,D
14:35:50,TLKM,RG,4030,1,D,PD,CP,D
14:35:50,TLKM,RG,4030,293,F,AK,CP,D
14:35:50,TLKM,RG,4030,258,F,AK,CP,D
14:35:50,TLKM,RG,4030,4647,F,AK,CP,D
14:35:50,TLKM,RG,4030,26,F,YU,CP,D
14:35:50,TLKM,RG,4030,1599,F,AK,CP,D
14:35:50,TLKM,RG,4030,1,D,PD,CP,D
14:35:50,TLKM,RG,4030,2,D,YB,CP,D
14:35:50,TLKM,RG,4030,7,D,YP,CP,D
14:35:50,TLKM,RG,4030,5,D,XC,CP,D
14:35:50,TLKM,RG,4030,270,F,CC,CP,D
14:35:50,TLKM,RG,4030,5,D,XA,CP,D
14:35:50,TLKM,RG,4030,1,D,PD,CP,D
14:35:50,TLKM,RG,4030,3,D,CC,CP,D
14:35:50,TLKM,RG,4030,5,D,PD,CP,D
14:35:50,TLKM,RG,4030,1,F,YU,CP,D
14:35:50,TLKM,RG,4030,2,D,XC,CP,D
14:35:50,TLKM,RG,4030,1,D,PD,CP,D
14:35:50,TLKM,RG,4030,3,F,YU,CP,D
14:35:50,TLKM,RG,4030,2,D,IF,CP,D
14:35:50,TLKM,RG,4030,1,D,SQ,CP,D
14:35:50,TLKM,RG,4030,10,D,PD,CP,D
14:35:50,TLKM,RG,4030,1,D,PD,CP,D
14:35:50,TLKM,RG,4030,5,F,YU,CP,D
14:35:50,TLKM,RG,4030,3,D,PD,CP,D
14:35:50,TLKM,RG,4030,443,F,CS,CP,D
14:35:50,TLKM,RG,4030,1,D,YP,CP,D
14:35:50,TLKM,RG,4030,8,D,PD,CP,D
14:35:50,TLKM,RG,4030,5,D,XC,CP,D
14:35:50,TLKM,RG,4030,1,D,XL,CP,D
14:35:50,TLKM,RG,4030,1,D,KK,CP,D
14:35:50,TLKM,RG,4030,1,D,KK,CP,D
14:35:50,TLKM,RG,4030,1,D,XL,CP,D
14:35:50,TLKM,RG,4030,29,D,YU,CP,D
14:35:50,TLKM,RG,4030,5,F,YU,CP,D
14:35:50,TLKM,RG,4030,2,D,XC,CP,D
14:35:50,TLKM,RG,4030,5,D,XC,CP,D
14:35:50,TLKM,RG,4030,14,D,PD,CP,D
14:35:50,TLKM,RG,4030,2,D,XC,CP,D
14:35:50,TLKM,RG,4030,1,D,XC,CP,D
14:35:50,TLKM,RG,4030,539,F,CS,CP,D
14:35:50,TLKM,RG,4030,1,D,XC,CP,D
14:35:50,TLKM,RG,4030,22,F,YU,CP,D
14:35:50,TLKM,RG,4030,1244,D,BB,CP,D
14:35:50,TLKM,RG,4030,70,D,BB,CC,D
14:35:48,TLKM,RG,4030,31,D,BB,CS,D
14:35:48,TLKM,RG,4030,200,D,BB,BK,F
14:35:48,TLKM,RG,4030,37,D,BB,YU,F
14:35:46,TLKM,RG,4030,484,D,BB,DX,F
14:35:45,TLKM,RG,4030,49,D,BB,YU,F
14:35:44,TLKM,RG,4030,55,D,BB,DX,F
14:35:43,TLKM,RG,4030,360,D,BB,DX,F
14:35:43,TLKM,RG,4030,42,D,BB,YU,F
14:35:43,TLKM,RG,4030,76,D,BB,BK,F
14:35:40,TLKM,RG,4030,79,D,BB,YU,F
14:35:40,TLKM,RG,4030,1,D,BB,LG,D
14:35:39,TLKM,RG,4030,1,D,BB,YP,D
14:35:39,TLKM,RG,4030,5,D,BB,ZP,F
14:35:38,TLKM,RG,4030,138,D,BB,BK,F
14:35:38,TLKM,RG,4030,222,D,BB,MG,D
14:35:37,TLKM,RG,4030,812,D,BB,OD,D
14:35:36,TLKM,RG,4030,31,D,BB,YU,F
14:35:33,TLKM,RG,4030,32,D,BB,YU,F
14:35:33,TLKM,RG,4030,71,D,BB,BK,F
14:35:32,TLKM,RG,4030,3,D,BB,YP,D
14:35:30,TLKM,RG,4030,72,D,BB,BK,F
14:35:30,TLKM,RG,4030,100,D,BB,YP,D
14:35:30,TLKM,RG,4030,47,D,BB,YU,F
14:35:28,TLKM,RG,4030,3,D,BB,EP,D
14:35:28,TLKM,RG,4030,215,D,BB,BK,F
14:35:27,TLKM,RG,4030,1,D,BB,YP,D
14:35:27,TLKM,RG,4030,37,D,BB,YU,F
14:35:24,TLKM,RG,4030,84,D,BB,YU,F
14:35:23,TLKM,RG,4030,50,D,BB,CC,D
14:35:23,TLKM,RG,4030,2,D,BB,PD,D
14:35:22,TLKM,RG,4030,946,D,BB,BK,F
14:35:21,TLKM,RG,4030,262,D,BB,YU,F
14:35:20,TLKM,RG,4030,44,D,BB,BK,F
14:35:20,TLKM,RG,4030,1,D,BB,CS,F
14:35:19,TLKM,RG,4030,2,D,BB,XC,D
14:35:19,TLKM,RG,4030,1,D,BB,YP,D
14:35:19,TLKM,RG,4030,4240,D,BB,KZ,F
14:35:19,TLKM,RG,4030,2,D,BB,EP,D
14:35:18,TLKM,RG,4030,447,D,BB,DX,F
14:35:17,TLKM,RG,4030,3,D,BB,DR,D
14:35:17,TLKM,RG,4030,46,D,BB,YU,F
14:35:16,TLKM,RG,4030,47,D,BB,BK,F
14:35:15,TLKM,RG,4030,9,D,BB,ZP,F
14:35:14,TLKM,RG,4030,179,D,BB,BK,F
14:35:11,TLKM,RG,4030,1262,D,BB,YU,F
14:35:11,TLKM,RG,4040,10,D,XC,CS,F
14:35:10,TLKM,RG,4030,86,D,BB,BK,F
14:35:10,TLKM,RG,4030,10,D,BB,CP,D
14:35:07,TLKM,RG,4030,3,D,BB,PD,D
14:35:07,TLKM,RG,4040,1,D,XL,CS,F
14:35:06,TLKM,RG,4030,77,D,BB,SQ,D
14:35:05,TLKM,RG,4030,67,D,BB,BK,F
14:35:03,TLKM,RG,4040,247,D,CD,CS,F
14:34:59,TLKM,RG,4030,15,D,BB,LS,D
14:34:59,TLKM,RG,4030,1,D,BB,YP,D
14:34:59,TLKM,RG,4030,48,D,BB,AK,D
14:34:57,TLKM,RG,4030,57,D,BB,BK,F
14:34:57,TLKM,RG,4030,5,D,BB,AK,F
14:34:56,TLKM,RG,4030,29,D,BB,YU,F
14:34:53,TLKM,RG,4030,120,D,BB,BK,F
14:34:52,TLKM,RG,4030,40,D,BB,YU,F
14:34:51,TLKM,RG,4030,1,D,BB,YP,D
14:34:51,TLKM,RG,4040,1,D,SQ,CS,F
14:34:51,TLKM,RG,4030,241,D,BB,BK,F
14:34:51,TLKM,RG,4030,25,D,KK,BK,F
14:34:51,TLKM,RG,4030,3,D,YP,BK,F
14:34:51,TLKM,RG,4030,123,D,DX,BK,F
14:34:51,TLKM,RG,4030,1,D,NI,BK,F
14:34:51,TLKM,RG,4030,50,D,CC,BK,F
14:34:51,TLKM,RG,4030,5,D,CC,BK,F
14:34:51,TLKM,RG,4030,2,D,XL,BK,F
14:34:51,TLKM,RG,4030,20,D,GR,BK,F
14:34:51,TLKM,RG,4030,2,D,XC,BK,F
14:34:51,TLKM,RG,4030,33,F,BB,BK,F
14:34:51,TLKM,RG,4030,15,D,NI,BK,F
14:34:51,TLKM,RG,4030,52,F,AK,BK,F
14:34:49,TLKM,RG,4030,35,F,AK,YU,F
14:34:48,TLKM,RG,4030,2,F,AK,SQ,D
14:34:45,TLKM,RG,4030,42,F,AK,YU,F
14:34:45,TLKM,RG,4030,500,F,AK,PD,D
14:34:45,TLKM,RG,4030,627,F,AK,BK,F
14:34:45,TLKM,RG,4030,283,F,AK,BK,F
14:34:45,TLKM,RG,4030,24,D,XL,BK,F
14:34:45,TLKM,RG,4030,1,D,XC,BK,F
14:34:45,TLKM,RG,4030,1,D,XC,BK,F
14:34:45,TLKM,RG,4030,366,F,AK,BK,F
14:34:45,TLKM,RG,4030,1,D,XC,BK,F
14:34:45,TLKM,RG,4030,1,D,PD,BK,F
14:34:45,TLKM,RG,4030,1,D,XC,BK,F
14:34:45,TLKM,RG,4030,2,D,KK,BK,F
14:34:45,TLKM,RG,4030,1,D,XC,BK,F
14:34:45,TLKM,RG,4030,2,D,PD,BK,F
14:34:45,TLKM,RG,4030,5,D,LS,BK,F
14:34:45,TLKM,RG,4030,5,D,PD,BK,F
14:34:45,TLKM,RG,4030,500,D,OD,BK,F
14:34:45,TLKM,RG,4030,20,D,YP,BK,F
14:34:45,TLKM,RG,4030,30,D,SQ,BK,F
14:34:45,TLKM,RG,4030,5,D,XC,BK,F
14:34:45,TLKM,RG,4030,4,D,CC,BK,F
14:34:45,TLKM,RG,4030,120,D,SQ,BK,F
14:34:45,TLKM,RG,4030,10,D,OD,BK,F
14:34:45,TLKM,RG,4030,1,D,XC,BK,F
14:34:45,TLKM,RG,4030,2,D,XA,BK,F
14:34:45,TLKM,RG,4030,92,D,LG,BK,F
14:34:45,TLKM,RG,4030,8,D,LG,OD,D
14:34:45,TLKM,RG,4030,25,D,YU,OD,D
14:34:45,TLKM,RG,4030,1,D,NI,OD,D
14:34:45,TLKM,RG,4030,1,D,XC,OD,D
14:34:45,TLKM,RG,4030,165,D,OD,OD,D
14:34:43,TLKM,RG,4030,70,D,OD,DX,F
14:34:42,TLKM,RG,4030,81,D,OD,YU,F
14:34:42,TLKM,RG,4040,1,D,PD,CS,F
14:34:41,TLKM,RG,4030,184,D,OD,CS,F
14:34:41,TLKM,RG,4030,1,D,PD,CS,F
14:34:41,TLKM,RG,4030,5,D,PD,CS,F
14:34:41,TLKM,RG,4030,1,D,XA,CS,F
14:34:41,TLKM,RG,4030,1,D,XC,CS,F
14:34:41,TLKM,RG,4030,1,D,XL,CS,F
14:34:41,TLKM,RG,4030,1,D,XC,CS,F
14:34:41,TLKM,RG,4030,4,D,PD,CS,F
14:34:41,TLKM,RG,4030,1,D,XC,CS,F
14:34:41,TLKM,RG,4030,274,F,AK,CS,F
14:34:41,TLKM,RG,4030,59,F,AK,CS,D
14:34:41,TLKM,RG,4030,1,F,AK,PD,D
14:34:41,TLKM,RG,4030,1519,F,AK,ZP,F
14:34:41,TLKM,RG,4030,2,D,PD,ZP,F
14:34:41,TLKM,RG,4030,1000,D,YJ,ZP,F
14:34:41,TLKM,RG,4030,1710,F,AK,ZP,F
14:34:41,TLKM,RG,4030,1,D,XL,ZP,F
14:34:41,TLKM,RG,4030,1,D,XC,ZP,F
14:34:41,TLKM,RG,4030,2,D,PD,ZP,F
14:34:41,TLKM,RG,4030,1,D,HP,ZP,F
14:34:41,TLKM,RG,4030,4,D,XC,ZP,F
14:34:41,TLKM,RG,4030,5,D,SQ,ZP,F
14:34:41,TLKM,RG,4030,3,F,YU,ZP,F
14:34:41,TLKM,RG,4030,1,D,XC,ZP,F
14:34:41,TLKM,RG,4030,1,D,PD,ZP,F
14:34:41,TLKM,RG,4030,3,D,XC,ZP,F
14:34:41,TLKM,RG,4030,2,D,NI,ZP,F
14:34:41,TLKM,RG,4030,3,D,YP,ZP,F
14:34:41,TLKM,RG,4030,22,D,YB,ZP,F
14:34:41,TLKM,RG,4030,5,D,NI,ZP,F
14:34:41,TLKM,RG,4030,1,D,PD,ZP,F
14:34:41,TLKM,RG,4030,3220,F,BB,ZP,F
14:34:41,TLKM,RG,4030,3,D,XC,ZP,F
14:34:41,TLKM,RG,4030,10,D,PD,ZP,F
14:34:41,TLKM,RG,4030,1,D,XC,ZP,F
14:34:41,TLKM,RG,4030,1,D,XC,ZP,F
14:34:41,TLKM,RG,4030,1,D,PD,ZP,F
14:34:41,TLKM,RG,4030,10,D,YP,ZP,F
14:34:41,TLKM,RG,4030,3,D,PD,ZP,F
14:34:41,TLKM,RG,4030,10,D,NI,ZP,F
14:34:41,TLKM,RG,4030,1,D,AZ,ZP,F
14:34:41,TLKM,RG,4030,10,D,NI,ZP,F
14:34:41,TLKM,RG,4030,1,D,YP,ZP,F
14:34:41,TLKM,RG,4030,1,D,PD,ZP,F
14:34:41,TLKM,RG,4030,1,D,YP,ZP,F
14:34:41,TLKM,RG,4030,5,D,PD,ZP,F
14:34:41,TLKM,RG,4030,5,D,YP,ZP,F
14:34:41,TLKM,RG,4030,10,D,KK,ZP,F
14:34:41,TLKM,RG,4030,1,D,CC,ZP,F
14:34:41,TLKM,RG,4030,100,D,EP,ZP,F
14:34:41,TLKM,RG,4030,1,D,YP,ZP,F
14:34:41,TLKM,RG,4030,500,D,OD,ZP,F
14:34:41,TLKM,RG,4030,1500,D,OD,ZP,F
14:34:41,TLKM,RG,4030,48,F,YU,ZP,F
14:34:41,TLKM,RG,4030,1,D,CC,ZP,F
14:34:41,TLKM,RG,4030,1,D,NI,ZP,F
14:34:41,TLKM,RG,4030,1,D,LG,ZP,F
14:34:41,TLKM,RG,4030,1,D,XC,ZP,F
14:34:41,TLKM,RG,4030,119,D,KZ,ZP,F
14:34:41,TLKM,RG,4030,1,D,YP,ZP,F
14:34:41,TLKM,RG,4030,1,D,SQ,ZP,F
14:34:41,TLKM,RG,4030,1,D,XC,ZP,F
14:34:41,TLKM,RG,4030,10,D,KK,ZP,F
14:34:41,TLKM,RG,4030,2,D,YP,ZP,F
14:34:41,TLKM,RG,4030,5,D,XC,ZP,F
14:34:41,TLKM,RG,4030,1,D,XC,ZP,F
14:34:41,TLKM,RG,4030,1,D,XC,ZP,F
14:34:41,TLKM,RG,4030,1,D,XC,ZP,F
14:34:41,TLKM,RG,4030,1,D,XC,ZP,F
14:34:41,TLKM,RG,4030,5,D,FS,ZP,F
14:34:41,TLKM,RG,4030,20,D,YP,ZP,F
14:34:41,TLKM,RG,4030,1,D,PD,ZP,F
14:34:41,TLKM,RG,4030,98,D,YP,ZP,F
14:34:40,TLKM,RG,4030,1,D,YP,XL,D
14:34:37,TLKM,RG,4030,1,D,YP,BK,F
14:34:37,TLKM,RG,4030,5,D,EP,BK,F
14:34:37,TLKM,RG,4030,7,D,XL,BK,F
14:34:37,TLKM,RG,4030,1,D,XC,BK,F
14:34:37,TLKM,RG,4030,3,D,KK,BK,F
14:34:37,TLKM,RG,4030,5,D,CC,BK,F
14:34:37,TLKM,RG,4030,1,D,PD,BK,F
14:34:37,TLKM,RG,4030,1,D,XC,BK,F
14:34:37,TLKM,RG,4030,3,D,YP,BK,F
14:34:37,TLKM,RG,4030,10,D,GR,BK,F
14:34:37,TLKM,RG,4030,1,D,PD,BK,F
14:34:37,TLKM,RG,4030,1,D,SQ,BK,F
14:34:37,TLKM,RG,4030,1,D,XL,BK,F
14:34:37,TLKM,RG,4030,1,D,PD,BK,F
14:34:37,TLKM,RG,4030,2,D,XC,BK,F
14:34:35,TLKM,RG,4030,1,D,XC,CC,D
14:34:35,TLKM,RG,4030,1,D,NI,CC,D
14:34:35,TLKM,RG,4030,6,D,SQ,CC,D
14:34:33,TLKM,RG,4030,1,D,SQ,EP,D
14:34:32,TLKM,RG,4040,5,D,XC,CS,F
14:34:32,TLKM,RG,4040,4,D,DX,CS,F
14:34:30,TLKM,RG,4030,5,D,SQ,ZP,F
14:34:29,TLKM,RG,4030,4,D,SQ,ZP,F
14:34:26,TLKM,RG,4030,50,D,SQ,YP,D
14:34:26,TLKM,RG,4030,5,D,SQ,RO,D
14:34:25,TLKM,RG,4030,5,D,SQ,ZP,D
14:34:19,TLKM,RG,4030,41,D,SQ,YU,F
14:34:17,TLKM,RG,4030,60,D,SQ,OD,D
14:34:17,TLKM,RG,4030,4,D,SQ,YP,D
14:34:16,TLKM,RG,4030,61,D,SQ,BK,F
14:34:15,TLKM,RG,4030,8,D,SQ,EP,D
14:34:15,TLKM,RG,4030,41,D,SQ,YU,F
14:34:14,TLKM,RG,4040,1,D,XC,CS,F
14:34:12,TLKM,RG,4030,1,D,SQ,CS,F
14:34:12,TLKM,RG,4030,41,D,SQ,YU,F
14:34:09,TLKM,RG,4030,14,D,SQ,PD,D
14:34:08,TLKM,RG,4030,9,D,SQ,ZP,F
14:34:07,TLKM,RG,4030,3,D,SQ,NI,D
14:34:03,TLKM,RG,4040,1,D,XL,CS,F
14:34:00,TLKM,RG,4030,5,D,SQ,XC,D
14:33:54,TLKM,RG,4040,121,D,KZ,CS,F
14:33:52,TLKM,RG,4040,3,D,XL,CS,F
14:33:47,TLKM,RG,4030,48,D,SQ,YU,F
14:33:47,TLKM,RG,4030,11,D,SQ,OD,D
14:33:46,TLKM,RG,4030,46,D,SQ,BK,F
14:33:46,TLKM,RG,4030,31,D,SQ,BK,F
14:33:46,TLKM,RG,4030,1,D,AZ,BK,F
14:33:46,TLKM,RG,4030,2,D,PD,BK,F
14:33:46,TLKM,RG,4030,2,D,PD,BK,F
14:33:46,TLKM,RG,4030,2,D,DR,BK,F
14:33:46,TLKM,RG,4030,10,D,XL,BK,F
14:33:46,TLKM,RG,4030,1,D,YP,BK,F
14:33:46,TLKM,RG,4030,1,D,CC,BK,F
14:33:46,TLKM,RG,4030,31,F,CS,BK,F
14:33:45,TLKM,RG,4030,50,F,CS,AK,D
14:33:41,TLKM,RG,4040,12,D,XC,CS,F
14:33:31,TLKM,RG,4030,78,F,CS,IF,D
14:33:24,TLKM,RG,4030,9,F,CS,ZP,F
14:33:20,TLKM,RG,4040,5,D,PD,CS,F
14:33:19,TLKM,RG,4030,20,F,CS,PD,D
14:33:18,TLKM,RG,4030,2,F,CS,XC,D
14:33:18,TLKM,RG,4030,43,F,CS,BK,F
14:33:15,TLKM,RG,4030,46,F,CS,AK,F
14:33:15,TLKM,RG,4030,14,D,DX,AK,F
14:33:15,TLKM,RG,4030,3,D,YU,AK,F
14:33:09,TLKM,RG,4030,29,D,YU,BK,F
14:33:09,TLKM,RG,4030,2,D,XC,BK,F
14:33:09,TLKM,RG,4030,10,D,SC,BK,F
14:33:09,TLKM,RG,4030,30,D,DR,BK,F
14:33:09,TLKM,RG,4030,5,D,PD,BK,F
14:33:09,TLKM,RG,4030,1,D,XC,BK,F
14:33:09,TLKM,RG,4030,1,D,XL,BK,F
14:33:09,TLKM,RG,4030,5,D,XC,BK,F
14:33:09,TLKM,RG,4030,14,D,KZ,BK,F
14:33:08,TLKM,RG,4040,84,D,KK,CS,F
14:33:04,TLKM,RG,4030,130,D,KZ,BK,F
14:33:04,TLKM,RG,4030,10,D,PP,BK,F
14:33:04,TLKM,RG,4030,1,D,XL,BK,F
14:33:04,TLKM,RG,4030,1,D,PD,BK,F
14:33:04,TLKM,RG,4030,2,D,XC,BK,F
14:33:04,TLKM,RG,4030,20,D,EP,BK,F
14:33:04,TLKM,RG,4030,2,D,XC,BK,F
14:33:04,TLKM,RG,4030,1,D,KK,BK,F
14:33:04,TLKM,RG,4030,1,D,PD,BK,F
14:33:04,TLKM,RG,4030,90,D,SQ,BK,F
14:33:04,TLKM,RG,4030,10,D,KK,BK,F
14:33:01,TLKM,RG,4030,25,D,KK,YU,F
14:33:01,TLKM,RG,4030,8,D,YP,YU,F
14:33:01,TLKM,RG,4030,1,D,XC,YU,F
14:33:01,TLKM,RG,4030,5,D,CC,YU,F
14:33:01,TLKM,RG,4030,2,D,XC,YU,F
14:33:01,TLKM,RG,4030,1,D,XC,YU,F
14:33:01,TLKM,RG,4030,147,F,CS,YU,F
14:33:01,TLKM,RG,4030,135,D,XL,YU,F
14:33:01,TLKM,RG,4030,1,D,XL,YU,F
14:33:01,TLKM,RG,4030,1,D,PD,YU,F
14:33:01,TLKM,RG,4030,6,D,XL,YU,F
14:33:01,TLKM,RG,4030,1,D,PD,YU,F
14:33:01,TLKM,RG,4030,1,D,XC,YU,F
14:33:01,TLKM,RG,4030,2,D,XC,YU,F
14:33:01,TLKM,RG,4030,5,D,YP,YU,F
14:33:01,TLKM,RG,4030,429,F,CS,YU,F
14:33:01,TLKM,RG,4030,97,F,YU,YU,F
14:33:01,TLKM,RG,4030,15,D,XC,YU,F
14:33:01,TLKM,RG,4030,1,D,PD,YU,F
14:33:01,TLKM,RG,4030,1,D,XC,YU,F
14:33:01,TLKM,RG,4030,1,D,XC,YU,F
14:33:01,TLKM,RG,4030,25,D,PD,YU,F
14:33:01,TLKM,RG,4030,51,D,PD,YU,F
14:33:01,TLKM,RG,4030,1,D,XC,YU,F
14:33:01,TLKM,RG,4030,1,D,PD,YU,F
14:33:01,TLKM,RG,4030,3,D,LG,YU,F
14:33:01,TLKM,RG,4030,10,D,HP,YU,F
14:33:01,TLKM,RG,4030,2,D,NI,YU,F
14:33:01,TLKM,RG,4030,3,D,YP,YU,F
14:33:01,TLKM,RG,4030,2,D,PD,YU,F
14:33:01,TLKM,RG,4030,11,F,YU,YU,F
14:33:01,TLKM,RG,4030,12,F,YU,YU,F
14:33:01,TLKM,RG,4030,25,D,YU,YU,F
14:33:01,TLKM,RG,4030,10,D,XC,YU,F
14:33:01,TLKM,RG,4030,5,D,PD,YU,F
14:33:01,TLKM,RG,4030,2,D,XC,YU,F
14:33:01,TLKM,RG,4030,91,F,YU,YU,F
14:33:01,TLKM,RG,4030,3,D,YP,YU,F
14:33:01,TLKM,RG,4030,2,D,YP,YU,F
14:33:01,TLKM,RG,4030,5,D,DH,YU,F
14:33:01,TLKM,RG,4030,1,D,XC,YU,F
14:33:01,TLKM,RG,4030,5,D,YP,YU,F
14:33:01,TLKM,RG,4030,1,D,NI,YU,F
14:33:01,TLKM,RG,4030,1,D,PD,YU,F
14:33:01,TLKM,RG,4030,2,D,XL,YU,F
14:33:01,TLKM,RG,4030,7,F,YU,YU,F
14:33:01,TLKM,RG,4030,2,D,XC,YU,F
14:33:01,TLKM,RG,4030,2,D,CC,YU,F
14:33:01,TLKM,RG,4030,18,D,CC,YU,F
14:33:01,TLKM,RG,4030,1,D,GR,YU,F
14:33:01,TLKM,RG,4030,1,D,XC,YU,F
14:33:01,TLKM,RG,4030,25,D,CC,YU,F
14:33:01,TLKM,RG,4030,3,F,YU,YU,F
14:33:01,TLKM,RG,4030,8,F,YU,YP,D
14:33:01,TLKM,RG,4030,3,D,YP,YP,D
14:33:01,TLKM,RG,4030,1,D,NI,YP,D
14:33:01,TLKM,RG,4030,1,D,XC,YP,D
14:33:01,TLKM,RG,4030,1,D,PD,YP,D
14:33:01,TLKM,RG,4030,1,D,KK,YP,D
14:33:01,TLKM,RG,4030,11,F,YU,YP,D
14:33:01,TLKM,RG,4030,1,D,PD,YP,D
14:33:01,TLKM,RG,4030,10,D,ZP,YP,D
14:33:01,TLKM,RG,4030,1,D,EP,YP,D
14:33:01,TLKM,RG,4030,10,F,YU,YP,D
14:33:01,TLKM,RG,4030,2,D,YP,YP,D
14:33:00,TLKM,RG,4030,3,D,YP,PD,D
14:33:00,TLKM,RG,4030,5,D,CC,PD,D
14:33:00,TLKM,RG,4030,5,D,XC,PD,D
14:33:00,TLKM,RG,4030,6,D,XC,AK,F
14:33:00,TLKM,RG,4030,6,D,XC,CC,D
14:33:00,TLKM,RG,4030,9,F,YU,CC,D
14:33:00,TLKM,RG,4030,1,D,XC,CC,D
14:33:00,TLKM,RG,4030,1,D,PD,CC,D
14:33:00,TLKM,RG,4030,10,D,OD,CC,D
14:33:00,TLKM,RG,4030,1,D,PD,CC,D
14:33:00,TLKM,RG,4030,2,D,XC,CC,D
14:33:00,TLKM,RG,4030,8,D,XC,CC,D
14:33:00,TLKM,RG,4030,62,F,CS,CC,D
14:32:58,TLKM,RG,4030,7,F,CS,KK,D
14:32:56,TLKM,RG,4030,42,F,CS,YU,F
14:32:56,TLKM,RG,4030,1,F,CS,YP,D
14:32:54,TLKM,RG,4030,31,F,CS,CC,D
14:32:54,TLKM,RG,4030,5,F,CS,PD,D
14:32:46,TLKM,RG,4030,1,F,CS,YP,D
14:32:44,TLKM,RG,4030,28,F,CS,AK,D
14:32:43,TLKM,RG,4030,42,F,CS,YU,F
14:32:43,TLKM,RG,4030,5,F,CS,BK,F
14:32:43,TLKM,RG,4030,1,D,KK,BK,F
14:32:43,TLKM,RG,4030,8,F,YU,BK,F
14:32:43,TLKM,RG,4030,5,D,NI,BK,F
14:32:43,TLKM,RG,4030,2,D,XC,BK,F
14:32:43,TLKM,RG,4030,1,D,XC,BK,F
14:32:43,TLKM,RG,4030,11,F,YU,BK,F
14:32:43,TLKM,RG,4030,43,D,AT,BK,F
14:32:42,TLKM,RG,4040,3,D,BQ,CS,F
14:32:41,TLKM,RG,4030,2,D,AT,XC,D
14:32:39,TLKM,RG,4030,5,D,AT,BK,F
14:32:39,TLKM,RG,4030,1,D,PD,BK,F
14:32:39,TLKM,RG,4030,88,D,OD,BK,F
14:32:38,TLKM,RG,4030,4,D,OD,YU,F
14:32:38,TLKM,RG,4030,10,D,CC,YU,F
14:32:38,TLKM,RG,4030,5,D,KK,YU,F
14:32:38,TLKM,RG,4030,12,F,YU,YU,F
14:32:38,TLKM,RG,4030,1,D,XC,YU,F
14:32:38,TLKM,RG,4030,1,D,EP,YU,F
14:32:38,TLKM,RG,4030,1,D,PD,YU,F
14:32:38,TLKM,RG,4030,1,D,XC,YU,F
14:32:38,TLKM,RG,4030,6,D,PD,YU,F
14:32:36,TLKM,RG,4030,1,D,PD,YP,D
14:32:35,TLKM,RG,4030,18,D,PD,BK,F
14:32:35,TLKM,RG,4030,15,D,KK,BK,F
14:32:35,TLKM,RG,4030,6,F,YU,BK,F
14:32:35,TLKM,RG,4030,1,D,NI,BK,F
14:32:35,TLKM,RG,4030,10,D,NI,BK,F
14:32:35,TLKM,RG,4030,1,D,NI,BK,F
14:32:35,TLKM,RG,4030,1,D,PD,BK,F
14:32:35,TLKM,RG,4030,5,F,YU,BK,F
14:32:35,TLKM,RG,4030,221,F,CC,BK,F
14:32:35,TLKM,RG,4030,1,D,LG,BK,F
14:32:35,TLKM,RG,4030,1,D,YP,BK,F
14:32:35,TLKM,RG,4030,1,D,PD,BK,F
14:32:35,TLKM,RG,4030,1,D,YP,BK,F
14:32:35,TLKM,RG,4030,7,F,YU,BK,F
14:32:35,TLKM,RG,4030,10,D,OD,BK,F
14:32:35,TLKM,RG,4030,5,D,AZ,BK,F
14:32:35,TLKM,RG,4030,9,F,YU,BK,F
14:32:35,TLKM,RG,4030,1,D,XL,BK,F
14:32:35,TLKM,RG,4030,1,D,PD,BK,F
14:32:35,TLKM,RG,4030,20,D,KK,BK,F
14:32:35,TLKM,RG,4030,10,F,YU,BK,F
14:32:35,TLKM,RG,4030,3,D,XC,BK,F
14:32:35,TLKM,RG,4030,26,D,DH,BK,F
14:32:35,TLKM,RG,4030,4,D,YP,BK,F
14:32:35,TLKM,RG,4030,12,D,XC,BK,F
14:32:35,TLKM,RG,4030,2,D,KK,BK,F
14:32:35,TLKM,RG,4030,28,D,CC,BK,F
14:32:35,TLKM,RG,4030,2,D,CC,SQ,D
14:32:35,TLKM,RG,4030,5,D,PD,SQ,D
14:32:35,TLKM,RG,4030,1,D,XC,SQ,D
14:32:33,TLKM,RG,4030,11,F,CS,DH,D
14:32:32,TLKM,RG,4030,42,F,CS,YU,F
14:32:32,TLKM,RG,4030,205,F,CS,BK,F
14:32:32,TLKM,RG,4030,2,D,XC,BK,F
14:32:32,TLKM,RG,4030,90,D,PD,BK,F
14:32:32,TLKM,RG,4030,1,D,PD,BK,F
14:32:32,TLKM,RG,4030,9,F,YU,BK,F
14:32:32,TLKM,RG,4030,1,D,PD,BK,F
14:32:32,TLKM,RG,4030,1,D,YP,BK,F
14:32:32,TLKM,RG,4030,70,D,YP,BK,F
14:32:32,TLKM,RG,4030,80,D,YP,BK,F
14:32:32,TLKM,RG,4030,9,F,YU,BK,F
14:32:32,TLKM,RG,4030,5,D,SQ,BK,F
14:32:32,TLKM,RG,4030,50,D,CC,BK,F
14:32:32,TLKM,RG,4030,1,D,EP,BK,F
14:32:32,TLKM,RG,4030,7,D,YP,BK,F
14:32:32,TLKM,RG,4030,343,F,AK,BK,F
14:32:32,TLKM,RG,4030,1,D,YP,BK,F
14:32:32,TLKM,RG,4030,1,D,XC,BK,F
14:32:32,TLKM,RG,4030,1,D,PD,BK,F
14:32:32,TLKM,RG,4030,2,D,XC,BK,F
14:32:32,TLKM,RG,4030,7,F,YU,BK,F
14:32:32,TLKM,RG,4030,20,D,OD,BK,F
14:32:32,TLKM,RG,4030,1,D,XC,BK,F
14:32:32,TLKM,RG,4030,5,F,YU,BK,F
14:32:32,TLKM,RG,4030,1,D,PD,BK,F
14:32:32,TLKM,RG,4030,3,D,XC,BK,F
14:32:32,TLKM,RG,4030,234,F,CS,BK,F
14:32:32,TLKM,RG,4030,1,D,BQ,BK,F
14:32:32,TLKM,RG,4030,1,D,XC,BK,F
14:32:32,TLKM,RG,4030,50,D,YP,BK,F
14:32:32,TLKM,RG,4030,5,F,YU,BK,F
14:32:32,TLKM,RG,4030,1,D,CC,BK,F
14:32:32,TLKM,RG,4030,1,D,XC,BK,F
14:32:32,TLKM,RG,4030,6,F,YU,BK,F
14:32:32,TLKM,RG,4030,1,D,NI,BK,F
14:32:32,TLKM,RG,4030,31,D,YU,BK,F
14:32:32,TLKM,RG,4030,1,D,NI,BK,F
14:32:32,TLKM,RG,4030,1,D,EP,BK,F
14:32:32,TLKM,RG,4030,1,D,NI,BK,F
14:32:32,TLKM,RG,4030,50,D,YP,BK,F
14:32:32,TLKM,RG,4030,50,D,DX,BK,F
14:32:32,TLKM,RG,4030,1,D,XC,BK,F
14:32:32,TLKM,RG,4030,2,D,NI,BK,F
14:32:32,TLKM,RG,4030,4,D,CC,BK,F
14:32:32,TLKM,RG,4030,6,F,YU,BK,F
14:32:32,TLKM,RG,4030,10,D,YP,BK,F
14:32:32,TLKM,RG,4030,6,D,PD,BK,F
14:32:32,TLKM,RG,4030,2,D,PD,BK,F
14:32:32,TLKM,RG,4030,20,D,YP,BK,F
14:32:32,TLKM,RG,4030,1,D,NI,BK,F
14:32:32,TLKM,RG,4030,30,D,YP,BK,F
14:32:32,TLKM,RG,4030,2,D,XC,BK,F
14:32:32,TLKM,RG,4030,6,D,PD,BK,F
14:32:32,TLKM,RG,4030,7,F,YU,BK,F
14:32:32,TLKM,RG,4030,1,D,XL,BK,F
14:32:32,TLKM,RG,4030,1,D,PD,BK,F
14:32:32,TLKM,RG,4030,24,D,SQ,BK,F
14:32:32,TLKM,RG,4030,9,F,YU,BK,F
14:32:32,TLKM,RG,4030,30,D,CC,BK,F
14:32:32,TLKM,RG,4030,2,D,YP,BK,F
14:32:32,TLKM,RG,4030,1,D,YP,BK,F
14:32:32,TLKM,RG,4030,1,D,NI,BK,F
14:32:32,TLKM,RG,4030,9,F,YU,BK,F
14:32:32,TLKM,RG,4030,5,D,XC,BK,F
14:32:32,TLKM,RG,4030,5,D,NI,BK,F
14:32:32,TLKM,RG,4030,511,D,BB,BK,F
14:32:30,TLKM,RG,4030,333,D,BB,MG,D
14:32:30,TLKM,RG,4030,1,D,BB,YP,D
14:32:29,TLKM,RG,4030,51,D,BB,YU,F
14:32:29,TLKM,RG,4030,8,D,BB,ZP,F
14:32:29,TLKM,RG,4030,2,D,BB,CC,D
14:32:28,TLKM,RG,4040,17,F,YU,CS,F
14:32:28,TLKM,RG,4030,1,D,BB,CS,F
14:32:28,TLKM,RG,4030,10000,D,BB,LG,D
14:32:28,TLKM,RG,4030,55,D,BB,BK,F
14:32:25,TLKM,RG,4030,2,D,BB,PD,D
14:32:24,TLKM,RG,4030,100,D,BB,CC,D
14:32:22,TLKM,RG,4030,2,D,BB,PD,D
14:32:18,TLKM,RG,4030,2,D,BB,SQ,D
14:32:17,TLKM,RG,4040,5,D,DR,CS,F
14:32:16,TLKM,RG,4030,1,D,BB,YP,D
14:32:08,TLKM,RG,4030,1,D,BB,YP,D
14:32:08,TLKM,RG,4040,1,D,XC,CS,F
14:32:05,TLKM,RG,4030,98,D,BB,BK,F
14:32:03,TLKM,RG,4040,142,D,KK,CS,F
14:32:02,TLKM,RG,4040,128,D,DX,CS,F
14:32:01,TLKM,RG,4030,77,D,BB,BK,F
14:31:59,TLKM,RG,4040,4,D,DX,CS,F
14:31:58,TLKM,RG,4030,1,D,BB,YP,D
14:31:58,TLKM,RG,4030,351,D,BB,BK,F
14:31:56,TLKM,RG,4040,8,F,YU,CS,F
14:31:56,TLKM,RG,4040,365,D,BB,CS,F
14:31:56,TLKM,RG,4040,30,D,BB,CS,D
14:31:56,TLKM,RG,4040,1,D,BB,GR,D
14:31:56,TLKM,RG,4040,34,D,BB,CC,F
14:31:56,TLKM,RG,4040,8,D,BB,KZ,D
14:31:56,TLKM,RG,4040,15,D,BB,PD,D
14:31:56,TLKM,RG,4040,936,D,BB,DX,F
14:31:56,TLKM,RG,4040,9,D,BB,NI,D
14:31:56,TLKM,RG,4040,47,D,BB,RX,D
14:31:56,TLKM,RG,4040,1,D,BB,ZP,F
14:31:56,TLKM,RG,4040,50,D,BB,BK,F
14:31:56,TLKM,RG,4040,127,D,BB,YU,F
14:31:55,TLKM,RG,4030,121,D,BB,BK,F
14:31:53,TLKM,RG,4040,5,D,PD,YU,F
14:31:52,TLKM,RG,4030,1,D,BB,YP,D
14:31:52,TLKM,RG,4030,5,D,BB,RO,D
14:31:52,TLKM,RG,4030,5,D,BB,XC,D
14:31:52,TLKM,RG,4030,592,D,BB,BK,F
14:31:49,TLKM,RG,4030,1564,D,BB,KZ,F
14:31:47,TLKM,RG,4030,3,D,BB,CC,F
14:31:47,TLKM,RG,4030,1390,D,BB,BK,F
14:31:45,TLKM,RG,4040,8,F,YU,YU,F
14:31:45,TLKM,RG,4030,1,D,BB,CC,D
14:31:44,TLKM,RG,4040,71,D,CC,YU,F
14:31:44,TLKM,RG,4040,100,D,CC,YP,D
14:31:44,TLKM,RG,4040,1557,D,CC,CS,F
14:31:44,TLKM,RG,4030,1,D,BB,YP,D
14:31:44,TLKM,RG,4030,16,D,BB,KZ,D
14:31:44,TLKM,RG,4030,1406,D,BB,KZ,F
14:31:44,TLKM,RG,4030,1,D,PD,KZ,F
14:31:44,TLKM,RG,4030,1,D,YP,KZ,F
14:31:44,TLKM,RG,4030,517,F,AK,KZ,F
14:31:44,TLKM,RG,4030,1,D,XC,KZ,F
14:31:44,TLKM,RG,4030,6,F,YU,KZ,F
14:31:44,TLKM,RG,4030,8,D,GR,KZ,F
14:31:44,TLKM,RG,4030,38,D,XC,KZ,F
14:31:44,TLKM,RG,4030,10,D,CC,KZ,F
14:31:44,TLKM,RG,4030,1,D,XC,KZ,F
14:31:44,TLKM,RG,4030,681,D,BB,KZ,F
14:31:44,TLKM,RG,4030,4,F,YU,KZ,F
14:31:44,TLKM,RG,4030,5,F,YU,KZ,F
14:31:44,TLKM,RG,4030,13,F,BB,KZ,F
14:31:44,TLKM,RG,4030,2257,F,AK,KZ,F
14:31:44,TLKM,RG,4030,18,F,YU,KZ,F
14:31:44,TLKM,RG,4030,1,D,PD,KZ,F
14:31:44,TLKM,RG,4030,385,F,AK,KZ,F
14:31:42,TLKM,RG,4030,74,F,AK,BK,F
14:31:41,TLKM,RG,4030,10,F,AK,XC,D
14:31:38,TLKM,RG,4030,133,F,AK,BK,F
14:31:37,TLKM,RG,4030,31,F,AK,AK,D
14:31:35,TLKM,RG,4040,1,D,PD,CS,F
14:31:34,TLKM,RG,4030,634,F,AK,CS,F
14:31:33,TLKM,RG,4030,75,F,AK,SQ,D
14:31:31,TLKM,RG,4030,9,F,AK,ZP,F
14:31:30,TLKM,RG,4030,2,F,AK,AK,F
14:31:30,TLKM,RG,4030,2,F,AK,AK,F
14:31:28,TLKM,RG,4040,16,F,YU,CS,F
14:31:23,TLKM,RG,4040,5,D,PD,CS,F
14:31:23,TLKM,RG,4040,1,D,XC,CS,F
14:31:14,TLKM,RG,4030,4,F,AK,DX,F
14:31:14,TLKM,RG,4030,38,F,AK,DX,F
14:31:12,TLKM,RG,4030,2,F,AK,CC,F
14:31:12,TLKM,RG,4030,68,F,AK,CS,D
14:31:11,TLKM,RG,4030,18,F,AK,RX,D
14:31:09,TLKM,RG,4030,1,F,AK,YP,D
14:31:06,TLKM,RG,4030,20,F,AK,PD,D
14:31:04,TLKM,RG,4030,1,F,AK,XC,D
14:31:03,TLKM,RG,4030,6,F,AK,PD,D
14:31:02,TLKM,RG,4030,58,F,AK,CC,D
14:31:02,TLKM,RG,4030,2,D,EP,CC,D
14:31:02,TLKM,RG,4030,1,D,NI,CC,D
14:31:02,TLKM,RG,4030,1,D,SQ,CC,D
14:31:02,TLKM,RG,4030,605,D,OD,CC,D
14:31:00,TLKM,RG,4040,3,D,PD,CS,F
14:30:56,TLKM,RG,4030,645,D,OD,YU,F
14:30:56,TLKM,RG,4030,653,D,OD,YU,F
14:30:56,TLKM,RG,4030,5,D,OD,PD,D
14:30:55,TLKM,RG,4040,37,F,YU,CS,F
14:30:54,TLKM,RG,4030,10,D,OD,CC,D
14:30:54,TLKM,RG,4030,4,D,OD,CC,F
14:30:51,TLKM,RG,4040,14,D,XC,CS,F
14:30:47,TLKM,RG,4030,50,D,OD,YP,D
14:30:44,TLKM,RG,4030,1,D,OD,AK,F
14:30:43,TLKM,RG,4030,5,D,OD,ZP,F
14:30:43,TLKM,RG,4030,42,D,OD,DX,F
14:30:39,TLKM,RG,4040,2,D,YU,CS,F
14:30:35,TLKM,RG,4030,1,D,OD,NI,D
14:30:34,TLKM,RG,4040,12,D,PD,CS,F
14:30:33,TLKM,RG,4040,20,D,YP,CS,F
14:30:30,TLKM,RG,4040,5,F,YU,CS,F
14:30:30,TLKM,RG,4040,331,F,AK,CS,F
14:30:29,TLKM,RG,4040,2,D,YP,CS,F
14:30:29,TLKM,RG,4030,1,D,OD,DR,D
14:30:25,TLKM,RG,4030,34,D,OD,AK,D
14:30:24,TLKM,RG,4030,5,D,OD,ZP,F
14:30:24,TLKM,RG,4030,1,D,OD,XC,D
14:30:23,TLKM,RG,4030,50,D,OD,YP,D
14:30:21,TLKM,RG,4040,20,D,XC,CS,F
14:30:21,TLKM,RG,4030,4,D,OD,YP,D
14:30:21,TLKM,RG,4030,1,D,OD,DR,D
14:30:16,TLKM,RG,4030,250,D,OD,HP,D
14:30:15,TLKM,RG,4030,47,D,OD,BK,F
14:30:14,TLKM,RG,4030,13,D,OD,ZP,F
14:30:14,TLKM,RG,4030,18,D,OD,KZ,D
14:30:14,TLKM,RG,4030,2,D,OD,XC,D
14:30:12,TLKM,RG,4030,1,D,OD,CC,F
14:30:07,TLKM,RG,4030,20,D,OD,KK,D
14:30:05,TLKM,RG,4030,9,D,OD,ZP,F
14:30:01,TLKM,RG,4030,2,D,OD,CS,F
