Time,Stock,Brd,Price,Qty,BT,BC,SC,ST
15:14:58,TLKM,RG,3600,1,D,YP,YP,D
15:14:58,TLKM,RG,3600,10,D,ZP,YP,D
15:14:56,TLKM,RG,3600,16,D,PD,YP,D
15:14:55,TLKM,RG,3600,10,D,AT,YP,D
15:14:55,TLKM,RG,3600,6,D,CC,YP,D
15:14:55,TLKM,RG,3600,1,D,CC,SQ,D
15:14:55,TLKM,RG,3600,36,D,CC,CC,D
15:14:55,TLKM,RG,3600,6,D,CC,ZP,F
15:14:53,TLKM,RG,3600,20,D,NI,ZP,F
15:14:52,TLKM,RG,3600,5,D,YB,ZP,F
15:14:50,TLKM,RG,3600,1,D,XC,ZP,F
15:14:49,TLKM,RG,3600,1,D,CC,ZP,F
15:14:47,TLKM,RG,3600,1,D,CC,ZP,F
15:14:47,TLKM,RG,3600,1,D,PD,ZP,F
15:14:42,TLKM,RG,3600,1,D,XC,ZP,F
15:14:39,TLKM,RG,3600,3,D,KK,ZP,F
15:14:38,TLKM,RG,3600,1,D,YP,ZP,F
15:14:35,TLKM,RG,3600,13,D,XC,ZP,F
15:14:33,TLKM,RG,3600,15,D,YP,ZP,F
15:14:28,TLKM,RG,3600,1,D,PD,ZP,F
15:14:28,TLKM,RG,3600,5,D,XC,ZP,F
15:14:26,TLKM,RG,3600,40,D,NI,ZP,F
15:14:25,TLKM,RG,3600,147,D,YP,ZP,F
15:14:25,TLKM,RG,3600,10,D,XC,ZP,F
15:14:24,TLKM,RG,3600,1,D,XC,ZP,F
15:14:24,TLKM,RG,3600,1,D,XC,ZP,F
15:14:21,TLKM,RG,3600,1,D,YP,ZP,F
15:14:18,TLKM,RG,3600,3,D,XC,ZP,F
15:14:16,TLKM,RG,3600,10,D,KK,ZP,F
15:14:16,TLKM,RG,3600,1,D,XC,ZP,F
15:14:15,TLKM,RG,3600,5,D,PD,ZP,F
15:14:15,TLKM,RG,3600,1,D,YP,ZP,F
15:14:15,TLKM,RG,3600,200,D,PD,ZP,F
15:14:15,TLKM,RG,3600,1,D,DH,ZP,F
15:14:12,TLKM,RG,3600,1,D,YP,ZP,F
15:14:11,TLKM,RG,3600,3,D,XL,ZP,F
15:14:10,TLKM,RG,3600,1,D,CC,ZP,F
15:14:09,TLKM,RG,3600,10,D,XL,ZP,F
15:14:08,TLKM,RG,3600,41,D,XC,ZP,F
15:13:58,TLKM,RG,3600,10,D,XL,ZP,F
15:13:58,TLKM,RG,3600,5,D,DX,ZP,F
15:13:58,TLKM,RG,3600,1,D,XC,ZP,F
15:13:57,TLKM,RG,3600,25,D,PD,ZP,F
15:13:56,TLKM,RG,3600,835,D,CD,ZP,F
15:13:54,TLKM,RG,3600,5,D,CC,ZP,F
15:13:49,TLKM,RG,3600,15,D,XC,ZP,F
15:13:45,TLKM,RG,3600,1,D,XC,ZP,F
15:13:44,TLKM,RG,3600,10,D,XC,ZP,F
15:13:43,TLKM,RG,3600,10,D,YP,ZP,F
15:13:40,TLKM,RG,3600,60,D,CC,ZP,F
15:13:39,TLKM,RG,3600,5,D,PD,ZP,F
15:13:36,TLKM,RG,3600,1,D,XC,ZP,F
15:13:34,TLKM,RG,3600,1,D,PD,ZP,F
15:13:33,TLKM,RG,3600,3,D,PC,ZP,F
15:13:31,TLKM,RG,3600,3,D,PD,ZP,F
15:13:28,TLKM,RG,3600,2,D,XC,ZP,F
15:13:26,TLKM,RG,3600,1,D,YP,ZP,F
15:13:23,TLKM,RG,3600,30,D,CC,ZP,F
15:13:17,TLKM,RG,3600,160,D,CC,ZP,F
15:13:16,TLKM,RG,3600,1,D,XC,ZP,F
15:13:14,TLKM,RG,3600,14,D,CC,ZP,F
15:13:12,TLKM,RG,3600,1,D,XC,ZP,F
15:13:10,TLKM,RG,3600,1,D,XC,ZP,F
15:13:10,TLKM,RG,3600,500,D,YP,ZP,F
15:13:09,TLKM,RG,3600,8,D,YP,ZP,F
15:13:04,TLKM,RG,3600,10,D,AT,ZP,F
15:13:04,TLKM,RG,3600,5,D,YP,ZP,F
15:13:01,TLKM,RG,3600,1,D,NI,ZP,F
15:13:01,TLKM,RG,3600,6,D,YB,ZP,F
15:12:57,TLKM,RG,3600,2,D,XC,ZP,F
15:12:56,TLKM,RG,3600,5000,D,DR,ZP,F
15:12:54,TLKM,RG,3600,50,D,YP,ZP,F
15:12:54,TLKM,RG,3600,1,D,YP,ZP,F
15:12:54,TLKM,RG,3600,5,D,KK,ZP,F
15:12:53,TLKM,RG,3600,3,D,PD,ZP,F
15:12:53,TLKM,RG,3600,30,D,XC,ZP,F
15:12:49,TLKM,RG,3600,1,D,PD,ZP,F
15:12:49,TLKM,RG,3600,1,D,XC,ZP,F
15:12:48,TLKM,RG,3600,10,D,XL,ZP,F
15:12:45,TLKM,RG,3600,50,D,PD,ZP,F
15:12:37,TLKM,RG,3600,10,D,YP,ZP,F
15:12:36,TLKM,RG,3600,1,D,YP,ZP,F
15:12:31,TLKM,RG,3600,10,D,YP,ZP,F
15:12:31,TLKM,RG,3600,1,D,NI,ZP,F
15:12:29,TLKM,RG,3600,1,D,PD,ZP,F
15:12:29,TLKM,RG,3600,2,D,XC,ZP,F
15:12:24,TLKM,RG,3600,4,D,XL,ZP,F
15:12:24,TLKM,RG,3600,85,D,YB,ZP,F
15:12:23,TLKM,RG,3600,32,D,SQ,ZP,F
15:12:15,TLKM,RG,3600,5000,D,DR,ZP,F
15:12:15,TLKM,RG,3600,2,D,EP,ZP,F
15:12:12,TLKM,RG,3600,5,D,PD,ZP,F
15:12:08,TLKM,RG,3600,5,D,PD,ZP,F
15:12:06,TLKM,RG,3600,1,D,YB,ZP,F
15:12:06,TLKM,RG,3600,1,D,YP,ZP,F
15:12:04,TLKM,RG,3600,17,D,DR,ZP,F
15:12:03,TLKM,RG,3600,5,D,CC,ZP,F
15:11:53,TLKM,RG,3600,1,D,XC,ZP,F
15:11:51,TLKM,RG,3600,10,D,YP,ZP,F
15:11:45,TLKM,RG,3600,10,D,YP,ZP,F
15:11:42,TLKM,RG,3600,6,D,XL,ZP,F
15:11:42,TLKM,RG,3600,2,D,YP,ZP,F
15:11:41,TLKM,RG,3600,51,D,XC,ZP,F
15:11:40,TLKM,RG,3600,1,D,XC,ZP,F
15:11:40,TLKM,RG,3600,10,D,YP,ZP,F
15:11:39,TLKM,RG,3600,3,D,YP,ZP,F
15:11:38,TLKM,RG,3600,1,D,CC,ZP,F
15:11:38,TLKM,RG,3600,217,D,SQ,ZP,F
15:11:37,TLKM,RG,3600,4,D,PD,ZP,F
15:11:33,TLKM,RG,3600,1,D,XL,ZP,F
15:11:33,TLKM,RG,3600,63,D,YB,ZP,F
15:11:33,TLKM,RG,3600,2,D,LG,ZP,F
15:11:33,TLKM,RG,3600,1,D,XC,ZP,F
15:11:32,TLKM,RG,3600,1,D,XC,ZP,F
15:11:30,TLKM,RG,3600,3,D,XC,ZP,F
15:11:29,TLKM,RG,3600,800,D,AI,ZP,F
15:11:27,TLKM,RG,3600,5,D,PD,ZP,F
15:11:25,TLKM,RG,3600,1,D,NI,ZP,F
15:11:24,TLKM,RG,3600,1,D,EP,ZP,F
15:11:24,TLKM,RG,3600,1,D,YB,ZP,F
15:11:24,TLKM,RG,3600,5,D,YP,ZP,F
15:11:24,TLKM,RG,3600,5,D,PD,ZP,F
15:11:23,TLKM,RG,3600,50,D,YP,ZP,F
15:11:23,TLKM,RG,3600,5,D,YP,ZP,F
15:11:20,TLKM,RG,3600,1,D,XC,ZP,F
15:11:17,TLKM,RG,3600,100,D,YP,ZP,F
15:11:15,TLKM,RG,3600,1,D,PD,ZP,F
15:11:13,TLKM,RG,3600,1,D,XC,ZP,F
15:11:12,TLKM,RG,3600,1,D,PD,ZP,F
15:11:11,TLKM,RG,3600,1,D,YP,ZP,F
15:11:11,TLKM,RG,3600,1,D,NI,ZP,F
15:11:10,TLKM,RG,3600,5,D,CC,ZP,F
15:11:09,TLKM,RG,3600,1,D,YB,ZP,F
15:11:07,TLKM,RG,3600,5,D,XC,ZP,F
15:11:05,TLKM,RG,3600,2,D,DR,ZP,F
15:11:04,TLKM,RG,3600,2,D,XL,ZP,F
15:11:03,TLKM,RG,3600,5,D,PD,ZP,F
15:11:02,TLKM,RG,3600,1,D,YB,ZP,F
15:11:01,TLKM,RG,3600,2,D,CC,ZP,F
15:11:00,TLKM,RG,3600,10,D,PD,ZP,F
15:10:58,TLKM,RG,3600,5,D,YP,ZP,F
15:10:57,TLKM,RG,3600,1,D,PD,ZP,F
15:10:56,TLKM,RG,3600,50,D,PD,ZP,F
15:10:53,TLKM,RG,3600,10,D,NI,ZP,F
15:10:51,TLKM,RG,3600,2,D,XC,ZP,F
15:10:50,TLKM,RG,3600,1,D,XL,ZP,F
15:10:43,TLKM,RG,3600,1,D,YB,ZP,F
15:10:37,TLKM,RG,3600,3,D,YP,ZP,F
15:10:36,TLKM,RG,3600,5,D,XC,ZP,F
15:10:35,TLKM,RG,3600,3,D,DR,ZP,F
15:10:34,TLKM,RG,3600,10,D,CC,ZP,F
15:10:30,TLKM,RG,3600,5,D,PD,ZP,F
15:10:30,TLKM,RG,3600,1,D,XC,ZP,F
15:10:18,TLKM,RG,3600,3,D,XC,ZP,F
15:10:14,TLKM,RG,3600,1,D,PD,ZP,F
15:10:04,TLKM,RG,3600,1,D,XC,ZP,F
15:10:02,TLKM,RG,3600,10,D,CC,ZP,F
15:10:00,TLKM,RG,3600,1,D,CC,ZP,F
15:09:48,TLKM,RG,3600,10,D,PD,ZP,F
15:09:47,TLKM,RG,3600,1,D,XL,ZP,F
15:09:45,TLKM,RG,3600,1,D,XC,ZP,F
15:09:43,TLKM,RG,3600,19,D,PD,ZP,F
15:09:42,TLKM,RG,3600,25,D,PD,ZP,F
15:09:41,TLKM,RG,3600,1,D,XC,ZP,F
15:09:37,TLKM,RG,3600,1,D,XC,ZP,F
15:09:37,TLKM,RG,3600,4,D,OD,ZP,F
15:09:35,TLKM,RG,3600,2,D,NI,ZP,F
15:09:34,TLKM,RG,3600,1,D,PD,ZP,F
15:09:34,TLKM,RG,3600,1,D,NI,ZP,F
15:09:25,TLKM,RG,3600,1,D,XL,ZP,F
15:09:22,TLKM,RG,3600,1,D,YB,ZP,F
15:09:07,TLKM,RG,3600,1,D,PD,ZP,F
15:09:04,TLKM,RG,3600,1,D,XC,ZP,F
15:09:04,TLKM,RG,3600,1,D,XC,ZP,F
15:09:00,TLKM,RG,3600,4,D,XC,ZP,F
15:08:53,TLKM,RG,3600,1,D,NI,ZP,F
15:08:52,TLKM,RG,3600,100,D,OD,ZP,F
15:08:48,TLKM,RG,3600,12,D,PD,ZP,F
15:08:47,TLKM,RG,3600,351,D,CC,ZP,F
15:08:44,TLKM,RG,3600,2,D,YP,ZP,F
15:08:43,TLKM,RG,3600,2,D,YP,ZP,F
15:08:39,TLKM,RG,3600,10,D,PD,ZP,F
15:08:38,TLKM,RG,3600,1,D,YP,ZP,F
15:08:35,TLKM,RG,3600,2,D,PD,ZP,F
15:08:33,TLKM,RG,3600,1,D,XC,ZP,F
15:08:28,TLKM,RG,3600,13,D,CC,ZP,F
15:08:28,TLKM,RG,3600,10,D,ZP,ZP,F
15:08:28,TLKM,RG,3600,2,D,XL,ZP,F
15:08:27,TLKM,RG,3600,1,D,PD,ZP,F
15:08:24,TLKM,RG,3600,24,D,SQ,ZP,F
15:08:22,TLKM,RG,3600,11,D,DR,ZP,F
15:08:21,TLKM,RG,3600,1,D,NI,ZP,F
15:08:21,TLKM,RG,3600,500,D,YP,ZP,F
15:08:17,TLKM,RG,3600,2,D,XC,ZP,F
15:08:17,TLKM,RG,3600,5,D,PD,ZP,F
15:08:17,TLKM,RG,3600,4,D,DH,ZP,F
15:08:15,TLKM,RG,3600,19,D,XC,ZP,F
15:08:13,TLKM,RG,3600,50,D,ZP,ZP,F
15:08:06,TLKM,RG,3600,3,D,XC,ZP,F
15:08:02,TLKM,RG,3600,70,D,CC,ZP,F
15:08:01,TLKM,RG,3600,2,D,XC,ZP,F
15:08:01,TLKM,RG,3600,1,D,XC,ZP,F
15:07:59,TLKM,RG,3600,5,D,XC,ZP,F
15:07:55,TLKM,RG,3600,15,D,CC,ZP,F
15:07:54,TLKM,RG,3600,1,D,PD,ZP,F
15:07:52,TLKM,RG,3600,6773,D,KZ,ZP,F
15:07:50,TLKM,RG,3600,1,D,YP,ZP,F
15:07:49,TLKM,RG,3600,5,D,XC,ZP,F
15:07:46,TLKM,RG,3600,5,D,XC,ZP,F
15:07:44,TLKM,RG,3600,1,D,YP,ZP,F
15:07:43,TLKM,RG,3600,50,D,SQ,ZP,F
15:07:34,TLKM,RG,3600,1,D,YP,ZP,F
15:07:34,TLKM,RG,3600,100,D,CC,ZP,F
15:07:33,TLKM,RG,3600,1,D,XC,ZP,F
15:07:33,TLKM,RG,3600,2,D,YP,ZP,F
15:07:32,TLKM,RG,3600,2,D,PD,ZP,F
15:07:31,TLKM,RG,3600,1,D,XC,ZP,F
15:07:28,TLKM,RG,3600,10,D,YP,ZP,F
15:07:23,TLKM,RG,3600,1,D,PD,ZP,F
15:07:22,TLKM,RG,3600,250,D,CD,ZP,F
15:07:21,TLKM,RG,3600,2,D,PD,ZP,F
15:07:17,TLKM,RG,3600,1,D,CP,ZP,F
15:07:16,TLKM,RG,3600,10,D,XC,ZP,F
15:07:08,TLKM,RG,3600,10,D,CC,ZP,F
15:07:06,TLKM,RG,3600,9,D,PD,ZP,F
15:07:03,TLKM,RG,3600,10,D,EP,ZP,F
15:07:03,TLKM,RG,3600,5,D,CC,ZP,F
15:07:01,TLKM,RG,3600,20,D,NI,ZP,F
15:07:00,TLKM,RG,3600,2,D,CC,ZP,F
15:07:00,TLKM,RG,3600,2,D,PD,ZP,F
15:06:57,TLKM,RG,3600,1,D,KK,ZP,F
15:06:52,TLKM,RG,3600,1,D,XC,ZP,F
15:06:51,TLKM,RG,3600,2,D,XC,ZP,F
15:06:47,TLKM,RG,3600,1,D,XC,ZP,F
15:06:47,TLKM,RG,3600,50,D,XA,ZP,F
15:06:37,TLKM,RG,3600,2,D,YP,ZP,F
15:06:35,TLKM,RG,3600,1,D,PD,ZP,F
15:06:34,TLKM,RG,3600,1,D,SQ,ZP,F
15:06:30,TLKM,RG,3600,1,D,XC,ZP,F
15:06:29,TLKM,RG,3600,10,D,XC,ZP,F
15:06:29,TLKM,RG,3600,4,D,XC,ZP,F
15:06:21,TLKM,RG,3600,1,D,CC,ZP,F
15:06:20,TLKM,RG,3600,5,D,GR,ZP,F
15:06:14,TLKM,RG,3600,1,D,PD,ZP,F
15:06:11,TLKM,RG,3600,5,D,CC,ZP,F
15:06:04,TLKM,RG,3600,1,D,XL,ZP,F
15:06:03,TLKM,RG,3600,40,D,YP,ZP,F
15:06:00,TLKM,RG,3600,50,D,SQ,ZP,F
15:06:00,TLKM,RG,3600,1,D,PD,ZP,F
15:05:54,TLKM,RG,3600,20,D,DX,ZP,F
15:05:46,TLKM,RG,3600,1,D,XL,ZP,F
15:05:44,TLKM,RG,3600,5,D,XL,ZP,F
15:05:44,TLKM,RG,3600,10,D,PD,ZP,F
15:05:42,TLKM,RG,3600,23,D,YP,ZP,F
15:05:41,TLKM,RG,3600,1,D,XC,ZP,F
15:05:40,TLKM,RG,3600,1,D,XL,ZP,F
15:05:38,TLKM,RG,3600,138,D,YP,ZP,F
15:05:37,TLKM,RG,3600,1,D,SQ,ZP,F
15:05:36,TLKM,RG,3600,10,D,XC,ZP,F
15:05:34,TLKM,RG,3600,1,D,NI,ZP,F
15:05:32,TLKM,RG,3600,2,D,XC,ZP,F
15:05:30,TLKM,RG,3600,5,D,XC,ZP,F
15:05:29,TLKM,RG,3600,278,D,CC,ZP,F
15:05:26,TLKM,RG,3600,4,D,AG,ZP,F
15:05:23,TLKM,RG,3600,1,D,NI,ZP,F
15:05:21,TLKM,RG,3600,2,D,PD,ZP,F
15:05:19,TLKM,RG,3600,4,D,YB,ZP,F
15:05:19,TLKM,RG,3600,20,D,YP,ZP,F
15:05:17,TLKM,RG,3600,1,D,PD,ZP,F
15:05:15,TLKM,RG,3600,10,D,PD,ZP,F
15:05:13,TLKM,RG,3600,1,D,YP,ZP,F
15:05:10,TLKM,RG,3600,1,D,XC,ZP,F
15:05:07,TLKM,RG,3600,1,D,PD,ZP,F
15:05:07,TLKM,RG,3600,1,D,XC,ZP,F
15:05:05,TLKM,RG,3600,10,D,PD,ZP,F
15:05:04,TLKM,RG,3600,2,D,YP,ZP,F
15:05:02,TLKM,RG,3600,1,D,PD,ZP,F
15:05:01,TLKM,RG,3600,1,D,XC,ZP,F
15:05:01,TLKM,RG,3600,5,D,KK,ZP,F
15:04:59,TLKM,RG,3600,100,D,YP,ZP,F
15:04:58,TLKM,RG,3600,10,D,OD,ZP,F
15:04:57,TLKM,RG,3600,1,D,XC,ZP,F
15:04:57,TLKM,RG,3600,2,D,XC,ZP,F
15:04:57,TLKM,RG,3600,1,D,EP,ZP,F
15:04:53,TLKM,RG,3600,2,D,YB,ZP,F
15:04:52,TLKM,RG,3600,1,D,PD,ZP,F
15:04:51,TLKM,RG,3600,10,D,PD,ZP,F
15:04:50,TLKM,RG,3600,40,D,NI,ZP,F
15:04:50,TLKM,RG,3600,11,D,NI,ZP,F
15:04:49,TLKM,RG,3600,1,D,YB,ZP,F
15:04:47,TLKM,RG,3600,1,D,PD,ZP,F
15:04:46,TLKM,RG,3600,1,D,XC,ZP,F
15:04:43,TLKM,RG,3600,2,D,XC,ZP,F
15:04:43,TLKM,RG,3600,100,D,PD,ZP,F
15:04:43,TLKM,RG,3600,3,D,PD,ZP,F
15:04:40,TLKM,RG,3600,1,D,HP,ZP,F
15:04:40,TLKM,RG,3600,20,D,YP,ZP,F
15:04:39,TLKM,RG,3600,2,D,XC,ZP,F
15:04:38,TLKM,RG,3600,1,D,NI,ZP,F
15:04:36,TLKM,RG,3600,11,D,EP,ZP,F
15:04:35,TLKM,RG,3600,5,D,CC,ZP,F
15:04:34,TLKM,RG,3600,1,D,XL,ZP,F
15:04:33,TLKM,RG,3600,1,D,NI,ZP,F
15:04:33,TLKM,RG,3600,1,D,CC,ZP,F
15:04:33,TLKM,RG,3600,5,D,YP,ZP,F
15:04:32,TLKM,RG,3600,5,D,KK,ZP,F
15:04:30,TLKM,RG,3600,1,D,YP,ZP,F
15:04:27,TLKM,RG,3600,1,D,PD,ZP,F
15:04:25,TLKM,RG,3600,2,D,PD,ZP,F
15:04:25,TLKM,RG,3600,1,D,HP,ZP,F
15:04:22,TLKM,RG,3600,15,D,KK,ZP,F
15:04:20,TLKM,RG,3600,1,D,PD,ZP,F
15:04:18,TLKM,RG,3600,1,D,PD,ZP,F
15:04:18,TLKM,RG,3600,2,D,NI,ZP,F
15:04:16,TLKM,RG,3600,2,D,PD,ZP,F
15:04:15,TLKM,RG,3600,1,D,XC,ZP,F
15:04:15,TLKM,RG,3600,1,D,AO,ZP,F
15:04:12,TLKM,RG,3600,5,D,XC,ZP,F
15:04:11,TLKM,RG,3600,850,D,KK,ZP,F
15:04:08,TLKM,RG,3600,1,D,PD,ZP,F
15:04:08,TLKM,RG,3600,5,D,XC,ZP,F
15:04:06,TLKM,RG,3600,30,D,GR,ZP,F
15:04:06,TLKM,RG,3600,2,D,NI,ZP,F
15:04:05,TLKM,RG,3600,10,D,KK,ZP,F
15:04:03,TLKM,RG,3600,50,D,SQ,ZP,F
15:04:03,TLKM,RG,3600,10,D,SQ,ZP,F
15:04:03,TLKM,RG,3600,1,D,HP,ZP,F
15:04:03,TLKM,RG,3600,2,D,NI,ZP,F
15:04:01,TLKM,RG,3600,10,D,XL,ZP,F
15:04:00,TLKM,RG,3600,1,D,PD,ZP,F
15:03:58,TLKM,RG,3600,1,D,AO,ZP,F
15:03:58,TLKM,RG,3600,1,D,PD,ZP,F
15:03:58,TLKM,RG,3600,10,D,YP,ZP,F
15:03:56,TLKM,RG,3600,18,D,HD,ZP,F
15:03:53,TLKM,RG,3600,1,D,XC,ZP,F
15:03:52,TLKM,RG,3600,4,D,PD,ZP,F
15:03:52,TLKM,RG,3600,3,D,PD,ZP,F
15:03:51,TLKM,RG,3600,10,D,YP,ZP,F
15:03:51,TLKM,RG,3600,20,D,CC,ZP,F
15:03:51,TLKM,RG,3600,1,D,YP,ZP,F
15:03:50,TLKM,RG,3600,1,D,XC,ZP,F
15:03:50,TLKM,RG,3600,6,D,XC,ZP,F
15:03:50,TLKM,RG,3600,8,D,XC,ZP,F
15:03:50,TLKM,RG,3600,14,D,PD,ZP,F
15:03:48,TLKM,RG,3600,50,D,KK,ZP,F
15:03:48,TLKM,RG,3600,1,D,XL,ZP,F
15:03:46,TLKM,RG,3600,14,D,XC,ZP,F
15:03:46,TLKM,RG,3600,3,D,PD,ZP,F
15:03:46,TLKM,RG,3600,50,D,MU,ZP,F
15:03:44,TLKM,RG,3600,1,D,XC,ZP,F
15:03:44,TLKM,RG,3600,100,D,AF,ZP,F
15:03:42,TLKM,RG,3600,8,D,XC,ZP,F
15:03:42,TLKM,RG,3600,1,D,CC,ZP,F
15:03:40,TLKM,RG,3600,3,D,XC,ZP,F
15:03:38,TLKM,RG,3600,850,D,CC,ZP,F
15:03:36,TLKM,RG,3600,69,D,XC,ZP,F
15:03:36,TLKM,RG,3600,10,D,NI,ZP,F
15:03:34,TLKM,RG,3600,1,D,PD,ZP,F
15:03:33,TLKM,RG,3600,10,D,CC,ZP,F
15:03:32,TLKM,RG,3600,400,D,NI,ZP,F
15:03:28,TLKM,RG,3600,1,D,XC,ZP,F
15:03:28,TLKM,RG,3600,5,D,YB,ZP,F
15:03:26,TLKM,RG,3600,3,D,PD,ZP,F
15:03:23,TLKM,RG,3600,20,D,YP,ZP,F
15:03:23,TLKM,RG,3600,16,D,CC,ZP,F
15:03:20,TLKM,RG,3600,1,D,NI,ZP,F
15:03:19,TLKM,RG,3600,20,D,KK,ZP,F
15:03:18,TLKM,RG,3600,1,D,XC,ZP,F
15:03:15,TLKM,RG,3600,5,D,YB,ZP,F
15:03:14,TLKM,RG,3600,10,D,CC,ZP,F
15:03:11,TLKM,RG,3600,200,D,AZ,ZP,F
15:03:10,TLKM,RG,3600,10,D,CC,ZP,F
15:03:09,TLKM,RG,3600,2,D,XC,ZP,F
15:03:08,TLKM,RG,3600,1,D,PD,ZP,F
15:03:06,TLKM,RG,3600,1,D,PD,ZP,F
15:03:04,TLKM,RG,3600,2,D,AT,ZP,F
15:03:02,TLKM,RG,3600,30,D,EP,ZP,F
15:03:01,TLKM,RG,3600,3,D,YJ,ZP,F
15:03:00,TLKM,RG,3600,2,D,PD,ZP,F
15:02:59,TLKM,RG,3600,40,D,NI,ZP,F
15:02:57,TLKM,RG,3600,25,D,NI,ZP,F
15:02:57,TLKM,RG,3600,95,D,XC,ZP,F
15:02:57,TLKM,RG,3600,22,D,XL,ZP,F
15:02:54,TLKM,RG,3600,1,D,YP,ZP,F
15:02:54,TLKM,RG,3600,1,D,OD,ZP,F
15:02:51,TLKM,RG,3600,2,D,XC,ZP,F
15:02:49,TLKM,RG,3600,2,D,XC,ZP,F
15:02:47,TLKM,RG,3600,1,D,XC,ZP,F
15:02:45,TLKM,RG,3600,1,D,NI,ZP,F
15:02:44,TLKM,RG,3600,50,D,AT,ZP,F
15:02:43,TLKM,RG,3600,4,D,DH,ZP,F
15:02:41,TLKM,RG,3600,1,D,CC,ZP,F
15:02:41,TLKM,RG,3600,2,D,XL,ZP,F
15:02:38,TLKM,RG,3600,20,D,XL,ZP,F
15:02:37,TLKM,RG,3600,1,D,XC,ZP,F
15:02:35,TLKM,RG,3600,5,D,PD,ZP,F
15:02:35,TLKM,RG,3600,10,D,XC,ZP,F
15:02:33,TLKM,RG,3600,10,D,YB,ZP,F
15:02:33,TLKM,RG,3600,2,D,NI,ZP,F
15:02:33,TLKM,RG,3600,300,D,KK,ZP,F
15:02:32,TLKM,RG,3600,5,D,XC,ZP,F
15:02:32,TLKM,RG,3600,2,D,CC,ZP,F
15:02:32,TLKM,RG,3600,2,D,PD,ZP,F
15:02:31,TLKM,RG,3600,1,D,XC,ZP,F
15:02:28,TLKM,RG,3600,18,D,YP,ZP,F
15:02:28,TLKM,RG,3600,75,D,LG,ZP,F
15:02:28,TLKM,RG,3600,2,D,XC,ZP,F
15:02:26,TLKM,RG,3600,1,D,CC,ZP,F
15:02:26,TLKM,RG,3600,3,D,XC,ZP,F
15:02:26,TLKM,RG,3600,1,D,YP,ZP,F
15:02:25,TLKM,RG,3600,12,D,YB,ZP,F
15:02:25,TLKM,RG,3600,1,D,CC,ZP,F
15:02:24,TLKM,RG,3600,5,D,PD,ZP,F
15:02:23,TLKM,RG,3600,1,D,XC,ZP,F
15:02:23,TLKM,RG,3600,30,D,NI,ZP,F
15:02:22,TLKM,RG,3600,5,D,DH,ZP,F
15:02:20,TLKM,RG,3600,90,D,YB,ZP,F
15:02:19,TLKM,RG,3600,2,D,XC,ZP,F
15:02:18,TLKM,RG,3600,20,D,YP,ZP,F
15:02:18,TLKM,RG,3600,500,D,KI,ZP,F
15:02:15,TLKM,RG,3600,5,D,YP,ZP,F
15:02:15,TLKM,RG,3600,1,D,YP,ZP,F
15:02:12,TLKM,RG,3600,2,D,YP,ZP,F
15:02:11,TLKM,RG,3600,100,D,AZ,ZP,F
15:02:11,TLKM,RG,3600,10,D,PD,ZP,F
15:02:10,TLKM,RG,3600,10,D,CC,ZP,F
15:02:08,TLKM,RG,3600,50,D,PD,ZP,F
15:02:05,TLKM,RG,3600,2,D,YP,ZP,F
15:02:04,TLKM,RG,3600,3,D,PD,ZP,F
15:02:04,TLKM,RG,3600,1,D,YP,ZP,F
15:02:03,TLKM,RG,3600,6,D,XC,ZP,F
15:02:02,TLKM,RG,3600,5,D,YP,ZP,F
15:01:57,TLKM,RG,3600,1,D,XC,ZP,F
15:01:55,TLKM,RG,3600,2,D,YB,ZP,F
15:01:54,TLKM,RG,3600,75,D,LG,ZP,F
15:01:51,TLKM,RG,3600,1,D,XC,ZP,F
15:01:50,TLKM,RG,3600,10,D,CC,ZP,F
15:01:49,TLKM,RG,3600,2,D,XC,ZP,F
15:01:46,TLKM,RG,3600,1,D,XL,ZP,F
15:01:45,TLKM,RG,3600,2,D,PD,ZP,F
15:01:45,TLKM,RG,3600,1,D,KK,ZP,F
15:01:44,TLKM,RG,3600,40,D,CC,ZP,F
15:01:43,TLKM,RG,3600,20,D,YP,ZP,F
15:01:43,TLKM,RG,3600,1,D,XC,ZP,F
15:01:41,TLKM,RG,3600,1,D,YB,ZP,F
15:01:41,TLKM,RG,3600,1,D,YB,ZP,F
15:01:39,TLKM,RG,3600,5,D,CC,ZP,F
15:01:35,TLKM,RG,3600,50,D,CC,ZP,F
15:01:33,TLKM,RG,3600,7,D,XC,ZP,F
15:01:32,TLKM,RG,3600,1,D,AZ,ZP,F
15:01:31,TLKM,RG,3600,75,D,LG,ZP,F
15:01:30,TLKM,RG,3600,5,D,NI,ZP,F
15:01:30,TLKM,RG,3600,2,D,PD,ZP,F
15:01:29,TLKM,RG,3600,1,D,XC,ZP,F
15:01:27,TLKM,RG,3600,5,D,BQ,ZP,F
15:01:23,TLKM,RG,3600,91,D,XC,ZP,F
15:01:22,TLKM,RG,3600,3,D,XL,ZP,F
15:01:18,TLKM,RG,3600,7,D,YP,ZP,F
15:01:17,TLKM,RG,3600,5,D,YP,ZP,F
15:01:17,TLKM,RG,3600,5,D,YB,ZP,F
15:01:16,TLKM,RG,3600,3,D,YP,ZP,F
15:01:16,TLKM,RG,3600,1,D,YP,ZP,F
15:01:14,TLKM,RG,3600,1,D,XC,ZP,F
15:01:12,TLKM,RG,3600,1,D,YP,ZP,F
15:01:12,TLKM,RG,3600,250,D,CC,ZP,F
15:01:08,TLKM,RG,3600,1,D,PD,ZP,F
15:01:05,TLKM,RG,3600,1,D,XC,ZP,F
15:01:05,TLKM,RG,3600,27,D,YB,ZP,F
15:01:02,TLKM,RG,3600,10,D,XC,ZP,F
15:01:01,TLKM,RG,3600,5,D,YP,ZP,F
15:01:01,TLKM,RG,3600,10,D,XL,ZP,F
15:01:01,TLKM,RG,3600,1,D,XL,ZP,F
15:01:00,TLKM,RG,3600,1,D,XC,ZP,F
15:01:00,TLKM,RG,3600,1,D,XC,ZP,F
15:01:00,TLKM,RG,3600,28,D,XC,ZP,F
15:01:00,TLKM,RG,3600,30,D,YB,ZP,F
15:01:00,TLKM,RG,3600,2,D,YB,ZP,F
15:01:00,TLKM,RG,3600,10,D,YB,ZP,F
15:01:00,TLKM,RG,3600,1,D,PD,ZP,F
15:01:00,TLKM,RG,3600,2,D,PD,ZP,F
15:01:00,TLKM,RG,3600,15,D,DR,ZP,F
15:00:00,TLKM,RG,3600,500,D,YB,ZP,F
15:00:00,TLKM,RG,3600,30,D,NI,ZP,F
15:00:00,TLKM,RG,3600,1414,F,BK,ZP,F
15:00:00,TLKM,RG,3600,4879,F,BK,ZP,F
15:00:00,TLKM,RG,3600,1756,F,BK,ZP,F
15:00:00,TLKM,RG,3600,3123,F,BK,ZP,F
15:00:00,TLKM,RG,3600,4879,F,BK,ZP,F
15:00:00,TLKM,RG,3600,4879,F,BK,ZP,F
15:00:00,TLKM,RG,3600,3,D,YB,ZP,F
15:00:00,TLKM,RG,3600,1,D,XL,ZP,F
15:00:00,TLKM,RG,3600,1,D,XL,ZP,F
15:00:00,TLKM,RG,3600,83,D,CC,ZP,F
15:00:00,TLKM,RG,3600,1,D,XC,ZP,F
15:00:00,TLKM,RG,3600,1,D,YP,ZP,F
15:00:00,TLKM,RG,3600,10,D,YP,ZP,F
15:00:00,TLKM,RG,3600,1,D,YP,ZP,F
15:00:00,TLKM,RG,3600,10794,D,SQ,ZP,F
15:00:00,TLKM,RG,3600,30,D,YB,ZP,F
15:00:00,TLKM,RG,3600,3000,D,SQ,ZP,F
15:00:00,TLKM,RG,3600,140,D,RF,ZP,F
15:00:00,TLKM,RG,3600,8,D,PD,ZP,F
15:00:00,TLKM,RG,3600,1000,D,AO,ZP,F
15:00:00,TLKM,RG,3600,10,D,AI,ZP,F
15:00:00,TLKM,RG,3600,2,D,LG,ZP,F
15:00:00,TLKM,RG,3600,2,D,NI,ZP,F
15:00:00,TLKM,RG,3600,5,D,YP,ZP,F
15:00:00,TLKM,RG,3600,3,D,YP,ZP,F
15:00:00,TLKM,RG,3600,100,D,DR,ZP,F
15:00:00,TLKM,RG,3600,14876,F,ZP,ZP,F
15:00:00,TLKM,RG,3600,7048,F,ZP,ZP,F
15:00:00,TLKM,RG,3600,1,F,ZP,YP,D
15:00:00,TLKM,RG,3600,16,F,ZP,GR,D
15:00:00,TLKM,RG,3600,1,F,ZP,XC,D
15:00:00,TLKM,RG,3600,3,F,ZP,YP,D
15:00:00,TLKM,RG,3600,1,F,ZP,XC,D
15:00:00,TLKM,RG,3600,1,F,ZP,CC,D
15:00:00,TLKM,RG,3600,11,F,ZP,XC,D
15:00:00,TLKM,RG,3600,2,F,ZP,KK,D
15:00:00,TLKM,RG,3600,10,F,ZP,CC,D
15:00:00,TLKM,RG,3600,1,F,ZP,PD,D
15:00:00,TLKM,RG,3600,5,F,ZP,PD,D
15:00:00,TLKM,RG,3600,7,F,ZP,NI,D
15:00:00,TLKM,RG,3600,1000,F,ZP,SQ,D
15:00:00,TLKM,RG,3600,1,F,ZP,PD,D
15:00:00,TLKM,RG,3600,10,F,ZP,CC,D
15:00:00,TLKM,RG,3600,1,F,ZP,GR,D
15:00:00,TLKM,RG,3600,10,F,ZP,XL,D
15:00:00,TLKM,RG,3600,1,F,ZP,YP,D
15:00:00,TLKM,RG,3600,8,F,ZP,XC,D
15:00:00,TLKM,RG,3600,335,F,ZP,YP,D
15:00:00,TLKM,RG,3600,128,F,ZP,DH,D
15:00:00,TLKM,RG,3600,10,F,ZP,OD,D
15:00:00,TLKM,RG,3600,1,F,ZP,PD,D
15:00:00,TLKM,RG,3600,1,F,ZP,DR,D
15:00:00,TLKM,RG,3600,1,F,ZP,DH,D
15:00:00,TLKM,RG,3600,5,F,ZP,OD,D
15:00:00,TLKM,RG,3600,5,F,ZP,RG,D
15:00:00,TLKM,RG,3600,10,F,ZP,OD,D
15:00:00,TLKM,RG,3600,5,F,ZP,OD,D
15:00:00,TLKM,RG,3600,1,F,ZP,DR,D
15:00:00,TLKM,RG,3600,5,F,ZP,CC,D
15:00:00,TLKM,RG,3600,5,F,ZP,OD,D
15:00:00,TLKM,RG,3600,1,F,ZP,DR,D
15:00:00,TLKM,RG,3600,2,F,ZP,PD,D
15:00:00,TLKM,RG,3600,1,F,ZP,PD,D
15:00:00,TLKM,RG,3600,3,F,ZP,PD,D
15:00:00,TLKM,RG,3600,2,F,ZP,YP,D
15:00:00,TLKM,RG,3600,6,F,ZP,XL,D
15:00:00,TLKM,RG,3600,5,F,ZP,SQ,D
15:00:00,TLKM,RG,3600,10,F,ZP,AG,D
15:00:00,TLKM,RG,3600,3,F,ZP,DR,D
15:00:00,TLKM,RG,3600,2,F,ZP,PD,D
15:00:00,TLKM,RG,3600,1,F,ZP,BQ,D
15:00:00,TLKM,RG,3600,4,F,ZP,KK,D
15:00:00,TLKM,RG,3600,3,F,ZP,YP,D
15:00:00,TLKM,RG,3600,2,F,ZP,CC,D
15:00:00,TLKM,RG,3600,2,F,ZP,TP,D
15:00:00,TLKM,RG,3600,3,F,ZP,TP,D
15:00:00,TLKM,RG,3600,1,F,ZP,XC,D
15:00:00,TLKM,RG,3600,2,F,ZP,TP,D
15:00:00,TLKM,RG,3600,10,F,ZP,YU,D
15:00:00,TLKM,RG,3600,10,F,ZP,XL,D
15:00:00,TLKM,RG,3600,62,F,ZP,SQ,D
15:00:00,TLKM,RG,3600,165,F,ZP,SQ,D
15:00:00,TLKM,RG,3600,30,F,ZP,KK,D
15:00:00,TLKM,RG,3600,3,F,ZP,PD,D
15:00:00,TLKM,RG,3600,5,F,ZP,CC,D
15:00:00,TLKM,RG,3600,8,F,ZP,XC,D
15:00:00,TLKM,RG,3600,1,F,ZP,AT,D
15:00:00,TLKM,RG,3600,2,F,ZP,NI,D
15:00:00,TLKM,RG,3600,1,F,ZP,PD,D
15:00:00,TLKM,RG,3600,2,F,ZP,XC,D
15:00:00,TLKM,RG,3600,8,F,ZP,XC,D
15:00:00,TLKM,RG,3600,1,F,ZP,DH,D
15:00:00,TLKM,RG,3600,10,F,ZP,PD,D
15:00:00,TLKM,RG,3600,1,F,ZP,PD,D
15:00:00,TLKM,RG,3600,5,F,ZP,AZ,D
15:00:00,TLKM,RG,3600,1,F,ZP,CC,D
15:00:00,TLKM,RG,3600,5,F,ZP,ZP,D
15:00:00,TLKM,RG,3600,5,F,ZP,GR,D
15:00:00,TLKM,RG,3600,25,F,ZP,TP,D
15:00:00,TLKM,RG,3600,43,F,ZP,YP,D
15:00:00,TLKM,RG,3600,51,F,ZP,XC,D
15:00:00,TLKM,RG,3600,550,F,ZP,YP,D
15:00:00,TLKM,RG,3600,50,F,ZP,YP,D
15:00:00,TLKM,RG,3600,10,F,ZP,AZ,D
15:00:00,TLKM,RG,3600,15,F,ZP,SQ,D
15:00:00,TLKM,RG,3600,2,F,ZP,YP,D
15:00:00,TLKM,RG,3600,12,F,ZP,PD,D
15:00:00,TLKM,RG,3600,5328,F,ZP,YU,D
15:00:00,TLKM,RG,3600,6672,F,ZP,YU,D
15:00:00,TLKM,RG,3600,1,F,ZP,PD,D
15:00:00,TLKM,RG,3600,2,F,ZP,NI,D
15:00:00,TLKM,RG,3600,3,F,ZP,YP,D
15:00:00,TLKM,RG,3600,1000,F,ZP,KK,D
15:00:00,TLKM,RG,3600,12322,F,ZP,YU,D
15:00:00,TLKM,RG,3600,2,D,YP,YU,D
15:00:00,TLKM,RG,3600,10,D,YP,YU,D
15:00:00,TLKM,RG,3600,50,D,YP,YU,D
15:00:00,TLKM,RG,3600,40,D,YP,YU,D
15:00:00,TLKM,RG,3600,10,D,CC,YU,D
15:00:00,TLKM,RG,3600,2,D,YB,YU,D
15:00:00,TLKM,RG,3600,50,D,YP,YU,D
15:00:00,TLKM,RG,3600,5,D,PD,YU,D
15:00:00,TLKM,RG,3600,5000,F,RX,YU,D
15:00:00,TLKM,RG,3600,9944,F,YU,YU,D
15:00:00,TLKM,RG,3600,5150,D,GR,YU,D
15:00:00,TLKM,RG,3600,795,F,ZP,YU,D
15:00:00,TLKM,RG,3600,1,F,ZP,YU,D
15:00:00,TLKM,RG,3600,2177,F,KZ,YU,D
15:00:00,TLKM,RG,3600,1325,F,ZP,YU,D
15:00:00,TLKM,RG,3600,1110,F,ZP,YU,D
15:00:00,TLKM,RG,3600,392,F,ZP,YU,D
15:00:00,TLKM,RG,3600,10,D,SQ,YU,D
15:00:00,TLKM,RG,3600,1410,F,AK,YU,D
15:00:00,TLKM,RG,3600,50,F,AK,NI,D
15:00:00,TLKM,RG,3600,137,F,AK,CC,D
15:00:00,TLKM,RG,3600,90,F,AK,CC,D
15:00:00,TLKM,RG,3600,10,F,AK,DR,D
15:00:00,TLKM,RG,3600,50,F,AK,YP,D
15:00:00,TLKM,RG,3600,1,F,AK,YP,D
15:00:00,TLKM,RG,3600,200,F,AK,SQ,D
15:00:00,TLKM,RG,3600,30,F,AK,NI,D
15:00:00,TLKM,RG,3600,5,F,AK,OD,D
15:00:00,TLKM,RG,3600,1,F,AK,PD,D
15:00:00,TLKM,RG,3600,10,F,AK,PD,D
15:00:00,TLKM,RG,3600,50,F,AK,PD,D
15:00:00,TLKM,RG,3600,25,F,AK,TP,D
15:00:00,TLKM,RG,3600,4,F,AK,YP,D
15:00:00,TLKM,RG,3600,9,F,AK,XC,D
15:00:00,TLKM,RG,3600,13,F,AK,YP,D
15:00:00,TLKM,RG,3600,1,F,AK,OD,D
15:00:00,TLKM,RG,3600,1,F,AK,XC,D
15:00:00,TLKM,RG,3600,3,F,AK,YP,D
15:00:00,TLKM,RG,3600,51,F,AK,CC,D
15:00:00,TLKM,RG,3600,2,F,AK,PD,D
15:00:00,TLKM,RG,3600,1,F,AK,XC,D
15:00:00,TLKM,RG,3600,1,F,AK,XC,D
15:00:00,TLKM,RG,3600,10,F,AK,XC,D
15:00:00,TLKM,RG,3600,10,F,AK,CC,D
15:00:00,TLKM,RG,3600,10,F,AK,XC,D
15:00:00,TLKM,RG,3600,1,F,AK,XC,D
15:00:00,TLKM,RG,3600,1800,F,AK,GR,D
15:00:00,TLKM,RG,3600,10,F,AK,AI,D
15:00:00,TLKM,RG,3600,1,F,AK,XC,D
15:00:00,TLKM,RG,3600,5,F,AK,XC,D
15:00:00,TLKM,RG,3600,50,F,AK,DH,D
15:00:00,TLKM,RG,3600,10,F,AK,XC,D
15:00:00,TLKM,RG,3600,15,F,AK,PD,D
15:00:00,TLKM,RG,3600,1,F,AK,XC,D
15:00:00,TLKM,RG,3600,2,F,AK,XC,D
15:00:00,TLKM,RG,3600,74,F,AK,CC,D
15:00:00,TLKM,RG,3600,5,F,AK,OD,D
15:00:00,TLKM,RG,3600,5,F,AK,PD,D
15:00:00,TLKM,RG,3600,1,F,AK,OD,D
15:00:00,TLKM,RG,3600,1,F,AK,SQ,D
15:00:00,TLKM,RG,3600,25,F,AK,YP,D
15:00:00,TLKM,RG,3600,2,F,AK,NI,D
15:00:00,TLKM,RG,3600,7,F,AK,XC,D
15:00:00,TLKM,RG,3600,100,F,AK,CC,D
15:00:00,TLKM,RG,3600,34,F,AK,CC,D
15:00:00,TLKM,RG,3600,100,F,AK,CC,D
15:00:00,TLKM,RG,3600,1,F,AK,DR,D
15:00:00,TLKM,RG,3600,259,F,AK,XC,D
15:00:00,TLKM,RG,3600,1,F,AK,PD,D
15:00:00,TLKM,RG,3600,70,F,AK,YP,D
15:00:00,TLKM,RG,3600,8,F,AK,NI,D
15:00:00,TLKM,RG,3600,3565,F,AK,YU,F
15:00:00,TLKM,RG,3600,1400,D,IF,YU,F
15:00:00,TLKM,RG,3600,12845,F,BK,YU,F
15:00:00,TLKM,RG,3600,25568,F,BK,YU,F
15:00:00,TLKM,RG,3600,15299,F,BK,YU,F
15:00:00,TLKM,RG,3600,48,F,BK,YU,F
15:00:00,TLKM,RG,3600,10112,F,BK,YU,F
15:00:00,TLKM,RG,3600,302,F,BK,YU,F
15:00:00,TLKM,RG,3600,621,F,BK,YU,F
15:00:00,TLKM,RG,3600,23618,F,BK,YU,F
15:00:00,TLKM,RG,3600,26382,F,BK,YU,F
15:00:00,TLKM,RG,3600,23618,F,BK,YU,F
15:00:00,TLKM,RG,3600,5,F,BK,AZ,D
15:00:00,TLKM,RG,3600,20,F,BK,CP,D
15:00:00,TLKM,RG,3600,5,F,BK,CC,D
15:00:00,TLKM,RG,3600,2,F,BK,XC,D
15:00:00,TLKM,RG,3600,2,F,BK,XC,D
15:00:00,TLKM,RG,3600,15,F,BK,YP,D
15:00:00,TLKM,RG,3600,3,F,BK,GR,D
15:00:00,TLKM,RG,3600,7,F,BK,YP,D
15:00:00,TLKM,RG,3600,760,F,BK,CC,D
15:00:00,TLKM,RG,3600,100,F,BK,YB,D
15:00:00,TLKM,RG,3600,1,F,BK,SQ,D
15:00:00,TLKM,RG,3600,5,F,BK,CC,D
15:00:00,TLKM,RG,3600,1,F,BK,YP,D
15:00:00,TLKM,RG,3600,1,F,BK,XC,D
15:00:00,TLKM,RG,3600,8,F,BK,XC,D
15:00:00,TLKM,RG,3600,1,F,BK,SQ,D
15:00:00,TLKM,RG,3600,2,F,BK,NI,D
15:00:00,TLKM,RG,3600,10,F,BK,PD,D
15:00:00,TLKM,RG,3600,5,F,BK,XC,D
15:00:00,TLKM,RG,3600,270,F,BK,AK,D
15:00:00,TLKM,RG,3600,830,F,BK,AK,D
15:00:00,TLKM,RG,3600,296,F,BK,AK,D
15:00:00,TLKM,RG,3600,1039,F,CS,AK,D
15:00:00,TLKM,RG,3600,300,F,CS,AK,D
15:00:00,TLKM,RG,3600,91,F,CS,AK,D
15:00:00,TLKM,RG,3600,21,F,CS,AK,D
15:00:00,TLKM,RG,3600,181,F,CS,AK,D
15:00:00,TLKM,RG,3600,6,F,CS,AK,D
15:00:00,TLKM,RG,3600,369,F,CS,AK,D
15:00:00,TLKM,RG,3600,986,F,CS,AK,D
15:00:00,TLKM,RG,3600,20,F,CS,AK,D
15:00:00,TLKM,RG,3600,450,F,CS,AK,D
15:00:00,TLKM,RG,3600,141,F,CS,AK,D
15:00:00,TLKM,RG,3600,1,F,CS,CC,D
15:00:00,TLKM,RG,3600,16810,F,CS,YU,F
15:00:00,TLKM,RG,3600,3190,F,CS,YU,F
15:00:00,TLKM,RG,3600,5,F,CS,YB,D
15:00:00,TLKM,RG,3600,20,F,CS,KK,D
15:00:00,TLKM,RG,3600,1,F,CS,PD,D
15:00:00,TLKM,RG,3600,5,F,CS,CC,D
15:00:00,TLKM,RG,3600,25,F,CS,CC,D
15:00:00,TLKM,RG,3600,2,F,CS,TP,D
15:00:00,TLKM,RG,3600,7,F,CS,CC,D
15:00:00,TLKM,RG,3600,10,F,CS,CC,D
15:00:00,TLKM,RG,3600,1,F,CS,TP,D
15:00:00,TLKM,RG,3600,35,F,CS,KK,D
15:00:00,TLKM,RG,3600,5,F,CS,OD,D
15:00:00,TLKM,RG,3600,30,F,CS,PD,D
15:00:00,TLKM,RG,3600,1,F,CS,PD,D
15:00:00,TLKM,RG,3600,1,F,CS,PD,D
15:00:00,TLKM,RG,3600,2,F,CS,PD,D
15:00:00,TLKM,RG,3600,20,F,CS,YP,D
15:00:00,TLKM,RG,3600,5,F,CS,SQ,D
15:00:00,TLKM,RG,3600,125,F,CS,CC,D
15:00:00,TLKM,RG,3600,5,F,CS,YU,D
15:00:00,TLKM,RG,3600,1,F,CS,DR,D
15:00:00,TLKM,RG,3600,15,F,CS,YP,D
15:00:00,TLKM,RG,3600,228,F,CS,YP,D
15:00:00,TLKM,RG,3600,1170,F,CS,YU,F
15:00:00,TLKM,RG,3600,2,F,ZP,YU,F
15:00:00,TLKM,RG,3600,2,F,ZP,YU,F
15:00:00,TLKM,RG,3600,2,F,ZP,YU,F
15:00:00,TLKM,RG,3600,2,F,ZP,YU,F
15:00:00,TLKM,RG,3600,209,F,ZP,YU,F
15:00:00,TLKM,RG,3600,11032,D,KZ,YU,F
15:00:00,TLKM,RG,3600,7581,D,KZ,YU,F
15:00:00,TLKM,RG,3600,1,D,KZ,OD,D
15:00:00,TLKM,RG,3600,5,D,KZ,TP,D
15:00:00,TLKM,RG,3600,1,D,KZ,DR,D
15:00:00,TLKM,RG,3600,35,D,KZ,DR,D
15:00:00,TLKM,RG,3600,27,D,KZ,DR,D
15:00:00,TLKM,RG,3600,2,D,KZ,TP,D
15:00:00,TLKM,RG,3600,1,D,KZ,OD,D
15:00:00,TLKM,RG,3600,4,D,KZ,YP,D
15:00:00,TLKM,RG,3600,2,D,KZ,YP,D
15:00:00,TLKM,RG,3600,1,D,KZ,NI,D
15:00:00,TLKM,RG,3600,10,D,KZ,YP,D
15:00:00,TLKM,RG,3600,21,D,KZ,MG,D
15:00:00,TLKM,RG,3600,6,D,KZ,DR,D
15:00:00,TLKM,RG,3600,200,D,KZ,DR,D
15:00:00,TLKM,RG,3600,3,D,KZ,PD,D
15:00:00,TLKM,RG,3600,10,D,KZ,YP,D
15:00:00,TLKM,RG,3600,5,D,KZ,EP,D
15:00:00,TLKM,RG,3600,10,D,KZ,AZ,D
15:00:00,TLKM,RG,3600,10,D,KZ,XL,D
15:00:00,TLKM,RG,3600,50,D,KZ,PD,D
15:00:00,TLKM,RG,3600,100,D,KZ,YP,D
15:00:00,TLKM,RG,3600,45,D,KZ,YP,D
15:00:00,TLKM,RG,3600,96,D,KZ,KK,D
15:00:00,TLKM,RG,3600,6,D,KZ,XC,D
15:00:00,TLKM,RG,3600,8,D,KZ,PD,D
15:00:00,TLKM,RG,3600,2,D,KZ,CC,D
15:00:00,TLKM,RG,3600,80,D,KZ,EP,D
15:00:00,TLKM,RG,3600,45,D,KZ,PD,D
15:00:00,TLKM,RG,3600,1,D,KZ,PD,D
15:00:00,TLKM,RG,3600,4,D,KZ,PD,D
15:00:00,TLKM,RG,3600,7,D,KZ,NI,D
15:00:00,TLKM,RG,3600,45,D,KZ,OD,D
15:00:00,TLKM,RG,3600,1,D,KZ,NI,D
15:00:00,TLKM,RG,3600,181,D,KZ,OD,D
15:00:00,TLKM,RG,3600,2500,D,KZ,CC,D
15:00:00,TLKM,RG,3600,12,D,KZ,YP,D
15:00:00,TLKM,RG,3600,1,D,KZ,NI,D
15:00:00,TLKM,RG,3600,25,D,KZ,YP,D
15:00:00,TLKM,RG,3600,12,D,KZ,YP,D
15:00:00,TLKM,RG,3600,62,D,KZ,PD,D
15:00:00,TLKM,RG,3600,2,D,KZ,XL,D
15:00:00,TLKM,RG,3600,10,D,KZ,CC,D
15:00:00,TLKM,RG,3600,7000,D,KZ,AO,D
15:00:00,TLKM,RG,3600,3,D,KZ,LG,D
15:00:00,TLKM,RG,3600,7,D,KZ,YP,D
15:00:00,TLKM,RG,3600,100,D,KZ,CC,D
15:00:00,TLKM,RG,3600,150,D,KZ,ZP,D
15:00:00,TLKM,RG,3600,1,D,KZ,XL,D
15:00:00,TLKM,RG,3600,3,D,KZ,PD,D
15:00:00,TLKM,RG,3600,2,D,KZ,XL,D
15:00:00,TLKM,RG,3600,12,D,KZ,YP,D
15:00:00,TLKM,RG,3600,400,D,KZ,AT,D
15:00:00,TLKM,RG,3600,100,D,KZ,XA,D
15:00:00,TLKM,RG,3600,27,D,KZ,GR,D
15:00:00,TLKM,RG,3600,1,D,KZ,SQ,D
15:00:00,TLKM,RG,3600,8,D,KZ,OD,D
15:00:00,TLKM,RG,3600,10,D,KZ,PD,D
15:00:00,TLKM,RG,3600,279,D,KZ,YP,D
15:00:00,TLKM,RG,3600,5,D,KZ,HP,D
15:00:00,TLKM,RG,3600,61,D,KZ,YP,D
15:00:00,TLKM,RG,3600,5,D,KZ,TP,D
15:00:00,TLKM,RG,3600,1000,D,KZ,DR,D
15:00:00,TLKM,RG,3600,15,D,KZ,CC,D
15:00:00,TLKM,RG,3600,2000,D,KZ,YU,D
15:00:00,TLKM,RG,3600,28,D,KZ,DR,D
15:00:00,TLKM,RG,3600,1,D,KZ,YP,D
15:00:00,TLKM,RG,3600,15,D,KZ,YP,D
15:00:00,TLKM,RG,3600,150,D,KZ,PD,D
15:00:00,TLKM,RG,3600,50,D,KZ,KK,D
15:00:00,TLKM,RG,3600,28,D,KZ,DR,D
15:00:00,TLKM,RG,3600,12,D,KZ,SQ,D
15:00:00,TLKM,RG,3600,10,D,KZ,XC,D
15:00:00,TLKM,RG,3600,2000,D,KZ,YU,D
15:00:00,TLKM,RG,3600,6,D,KZ,YU,D
15:00:00,TLKM,RG,3600,1,D,KZ,XC,D
15:00:00,TLKM,RG,3600,5,D,KZ,XL,D
15:00:00,TLKM,RG,3600,7,D,KZ,AZ,D
15:00:00,TLKM,RG,3600,30,D,KZ,PD,D
15:00:00,TLKM,RG,3600,720,D,KZ,ZP,F
15:00:00,TLKM,RG,3600,5,D,KZ,EP,D
15:00:00,TLKM,RG,3600,6,D,KZ,AZ,D
15:00:00,TLKM,RG,3600,30,D,KZ,PD,D
15:00:00,TLKM,RG,3600,139,D,KZ,AK,F
15:00:00,TLKM,RG,3600,11,D,KZ,AK,F
15:00:00,TLKM,RG,3600,67,D,KZ,AK,F
15:00:00,TLKM,RG,3600,4224,D,KZ,AG,F
15:00:00,TLKM,RG,3600,9479,D,KZ,AG,F
15:00:00,TLKM,RG,3600,15935,D,KZ,AK,F
15:00:00,TLKM,RG,3600,1,D,KZ,AK,F
15:00:00,TLKM,RG,3600,156,D,KZ,AK,F
15:00:00,TLKM,RG,3600,322,D,KZ,AK,F
15:00:00,TLKM,RG,3600,23,D,KZ,AK,F
15:00:00,TLKM,RG,3600,2,D,KZ,XC,D
15:00:00,TLKM,RG,3600,3,D,KZ,XC,D
15:00:00,TLKM,RG,3600,500,D,KZ,MG,D
15:00:00,TLKM,RG,3600,7,D,KZ,XC,D
15:00:00,TLKM,RG,3600,9991,D,KZ,KZ,F
15:00:00,TLKM,RG,3600,13581,D,KZ,KZ,F
15:00:00,TLKM,RG,3600,3672,F,BB,KZ,F
15:00:00,TLKM,RG,3600,7944,F,BB,BK,F
15:00:00,TLKM,RG,3600,526,F,ZP,BK,F
15:00:00,TLKM,RG,3600,15,F,AK,BK,F
15:00:00,TLKM,RG,3600,822,F,AK,BK,F
15:00:00,TLKM,RG,3600,556,F,AK,BK,F
15:00:00,TLKM,RG,3600,1377,F,AK,BK,F
15:00:00,TLKM,RG,3600,3974,F,AK,BK,F
15:00:00,TLKM,RG,3600,242,F,YU,BK,F
15:00:00,TLKM,RG,3600,4090,D,YU,BK,F
15:00:00,TLKM,RG,3600,10,D,YU,XC,D
15:00:00,TLKM,RG,3600,40,D,YU,RG,D
15:00:00,TLKM,RG,3600,1937,D,YU,BB,F
15:00:00,TLKM,RG,3600,34,D,YU,YP,D
15:00:00,TLKM,RG,3600,63,D,YU,KZ,D
15:00:00,TLKM,RG,3600,3,D,YU,XL,D
15:00:00,TLKM,RG,3600,1000,D,YU,CD,D
15:00:00,TLKM,RG,3600,298,D,YU,KZ,D
15:00:00,TLKM,RG,3600,25,D,YU,YP,D
15:00:00,TLKM,RG,3600,1370,D,YU,CP,D
15:00:00,TLKM,RG,3600,200,D,YU,KK,D
15:00:00,TLKM,RG,3600,5253,D,YU,RX,F
15:00:00,TLKM,RG,3600,440,D,YU,ZP,F
15:00:00,TLKM,RG,3600,361,D,OD,ZP,F
15:00:00,TLKM,RG,3600,1118,D,OD,ZP,F
15:00:00,TLKM,RG,3600,1385,F,RX,ZP,F
15:00:00,TLKM,RG,3600,262,F,RX,ZP,F
15:00:00,TLKM,RG,3600,68,D,CC,ZP,F
15:00:00,TLKM,RG,3600,92,D,CC,ZP,F
15:00:00,TLKM,RG,3600,505,F,YU,ZP,F
15:00:00,TLKM,RG,3600,2425,F,YU,YU,F
15:00:00,TLKM,RG,3600,91,D,AZ,YU,F
15:00:00,TLKM,RG,3600,24,D,AZ,YU,F
15:00:00,TLKM,RG,3600,3655,D,PD,YU,F
15:00:00,TLKM,RG,3600,2470,D,PD,ZP,F
15:00:00,TLKM,RG,3600,1843,D,PD,ZP,F
15:00:00,TLKM,RG,3600,60,D,PD,ZP,F
15:00:00,TLKM,RG,3600,1005,D,PD,ZP,F
15:00:00,TLKM,RG,3600,70,D,PD,CC,D
15:00:00,TLKM,RG,3600,5965,D,PD,DX,F
15:00:00,TLKM,RG,3600,11,D,PD,CC,D
15:00:00,TLKM,RG,3600,19653,D,PD,DX,F
15:00:00,TLKM,RG,3600,500,D,PD,MG,D
15:00:00,TLKM,RG,3600,34,D,PD,LG,D
15:00:00,TLKM,RG,3600,168,D,PD,LG,D
15:00:00,TLKM,RG,3600,17,D,PD,KZ,F
15:00:00,TLKM,RG,3600,1,D,PD,YU,D
15:00:00,TLKM,RG,3600,15,D,PD,PD,D
15:00:00,TLKM,RG,3600,60,D,PD,YP,D
14:49:59,TLKM,RG,3590,32,F,YU,YP,D
14:49:59,TLKM,RG,3590,68,D,CD,YP,D
14:49:59,TLKM,RG,3590,5,D,CD,TP,D
14:49:59,TLKM,RG,3590,927,D,CD,SQ,D
14:49:59,TLKM,RG,3580,1,D,SQ,AK,F
14:49:59,TLKM,RG,3580,1,D,SQ,AK,F
14:49:59,TLKM,RG,3580,1,D,SQ,AK,F
14:49:58,TLKM,RG,3590,33,D,XC,SQ,D
14:49:58,TLKM,RG,3580,50,D,SQ,PD,D
14:49:58,TLKM,RG,3580,10,D,SQ,PD,D
14:49:57,TLKM,RG,3580,143,D,SQ,HD,D
14:49:57,TLKM,RG,3580,357,D,SQ,HD,D
14:49:57,TLKM,RG,3590,40,D,KK,SQ,D
14:49:57,TLKM,RG,3590,17,D,KK,CC,D
14:49:56,TLKM,RG,3590,2,F,ZP,CC,D
14:49:56,TLKM,RG,3580,150,D,SQ,KZ,F
14:49:55,TLKM,RG,3580,155,D,SQ,DX,F
14:49:55,TLKM,RG,3580,14,D,SQ,OD,D
14:49:54,TLKM,RG,3590,1,D,YB,LG,D
14:49:53,TLKM,RG,3580,56,D,SQ,DX,F
14:49:53,TLKM,RG,3580,1,D,SQ,AK,F
14:49:53,TLKM,RG,3580,1,D,SQ,AK,F
14:49:52,TLKM,RG,3580,2,D,SQ,KZ,F
14:49:52,TLKM,RG,3580,1,D,SQ,AK,F
14:49:51,TLKM,RG,3580,56,D,SQ,DX,F
14:49:50,TLKM,RG,3590,50,D,KI,LG,D
14:49:50,TLKM,RG,3580,30,D,SQ,XL,D
14:49:50,TLKM,RG,3580,2,D,SQ,NI,D
14:49:50,TLKM,RG,3580,18,D,SQ,YP,D
14:49:50,TLKM,RG,3580,1,D,SQ,PD,D
14:49:49,TLKM,RG,3580,56,D,SQ,DX,F
14:49:49,TLKM,RG,3590,32,F,YU,LG,D
14:49:48,TLKM,RG,3580,10,D,SQ,KZ,F
14:49:47,TLKM,RG,3580,57,D,SQ,DX,F
14:49:47,TLKM,RG,3580,33,D,SQ,YP,D
14:49:47,TLKM,RG,3580,17,D,ZP,YP,D
14:49:46,TLKM,RG,3590,17,F,YU,LG,D
14:49:46,TLKM,RG,3590,10,F,YU,YP,D
14:49:46,TLKM,RG,3590,1,F,YU,SQ,D
14:49:46,TLKM,RG,3590,3,F,YU,NI,D
14:49:46,TLKM,RG,3580,33,D,ZP,EP,D
14:49:46,TLKM,RG,3580,1,D,YP,EP,D
14:49:46,TLKM,RG,3580,1,D,PD,EP,D
14:49:46,TLKM,RG,3580,2,D,YP,EP,D
14:49:46,TLKM,RG,3580,1,D,PD,EP,D
14:49:46,TLKM,RG,3580,1,D,XC,EP,D
14:49:46,TLKM,RG,3580,100,D,YP,EP,D
14:49:46,TLKM,RG,3580,3,D,PD,EP,D
14:49:46,TLKM,RG,3580,1,D,AT,EP,D
14:49:46,TLKM,RG,3580,5,D,KK,EP,D
14:49:46,TLKM,RG,3580,10,D,AZ,EP,D
14:49:46,TLKM,RG,3580,1,D,PD,EP,D
14:49:46,TLKM,RG,3580,5,D,LG,EP,D
14:49:46,TLKM,RG,3580,20,D,CP,EP,D
14:49:46,TLKM,RG,3580,2,D,CC,EP,D
14:49:46,TLKM,RG,3580,5,D,LG,EP,D
14:49:46,TLKM,RG,3580,5,D,YP,EP,D
14:49:46,TLKM,RG,3580,7,D,LG,EP,D
14:49:46,TLKM,RG,3580,2,D,CC,EP,D
14:49:46,TLKM,RG,3580,4,D,AZ,EP,D
14:49:46,TLKM,RG,3580,100,D,DH,EP,D
14:49:46,TLKM,RG,3580,56,F,CC,EP,D
14:49:46,TLKM,RG,3580,20,D,PD,EP,D
14:49:46,TLKM,RG,3580,355,D,GR,EP,D
14:49:45,TLKM,RG,3580,56,D,GR,DX,F
14:49:45,TLKM,RG,3580,50,D,GR,SQ,D
14:49:44,TLKM,RG,3580,39,D,GR,KZ,F
14:49:44,TLKM,RG,3580,5,D,CC,KZ,F
14:49:44,TLKM,RG,3580,15,D,PD,KZ,F
14:49:44,TLKM,RG,3580,4,D,YP,KZ,F
14:49:44,TLKM,RG,3580,50,D,PD,KZ,F
14:49:44,TLKM,RG,3580,10,D,PD,KZ,F
14:49:44,TLKM,RG,3580,10,D,CC,KZ,F
14:49:44,TLKM,RG,3580,15,D,CC,KZ,F
14:49:44,TLKM,RG,3580,15,D,PD,KZ,F
14:49:44,TLKM,RG,3580,41,D,YP,KZ,F
14:49:44,TLKM,RG,3580,4,D,XC,KZ,F
14:49:43,TLKM,RG,3580,6,D,XC,DX,F
14:49:43,TLKM,RG,3580,50,D,YP,DX,F
14:49:43,TLKM,RG,3580,50,D,YP,XC,D
14:49:43,TLKM,RG,3580,1,D,PD,XC,D
14:49:43,TLKM,RG,3580,5,D,CC,XC,D
14:49:43,TLKM,RG,3580,7,D,CC,XC,D
14:49:43,TLKM,RG,3580,1,D,PD,XC,D
14:49:43,TLKM,RG,3580,1,D,KK,XC,D
14:49:43,TLKM,RG,3580,10,D,SQ,XC,D
14:49:43,TLKM,RG,3580,30,D,AG,XC,D
14:49:43,TLKM,RG,3580,1,F,BK,XC,D
14:49:42,TLKM,RG,3590,1,D,XC,NI,D
14:49:42,TLKM,RG,3580,10,F,BK,YP,D
14:49:42,TLKM,RG,3590,6,F,AK,NI,D
14:49:42,TLKM,RG,3590,103,F,AK,RX,F
14:49:42,TLKM,RG,3590,5,D,YP,RX,F
14:49:42,TLKM,RG,3590,38,F,YU,RX,F
14:49:41,TLKM,RG,3580,56,F,BK,DX,F
14:49:41,TLKM,RG,3580,6,F,BK,NI,D
14:49:41,TLKM,RG,3590,57,D,CC,RX,F
14:49:41,TLKM,RG,3590,83,D,CC,YP,D
14:49:40,TLKM,RG,3590,300,D,DX,YP,D
14:49:39,TLKM,RG,3580,56,F,BK,DX,F
14:49:38,TLKM,RG,3590,10,D,XC,YP,D
14:49:37,TLKM,RG,3590,1,F,YP,YP,D
14:49:37,TLKM,RG,3590,36,F,YU,YP,D
14:49:37,TLKM,RG,3580,56,F,BK,DX,F
14:49:37,TLKM,RG,3580,254,F,BK,YP,D
14:49:37,TLKM,RG,3590,28,D,YP,YP,D
14:49:37,TLKM,RG,3580,66,F,BK,RX,F
14:49:37,TLKM,RG,3590,3,D,CC,YP,D
14:49:36,TLKM,RG,3590,30,F,YU,YP,D
14:49:35,TLKM,RG,3590,4,F,ZP,YP,D
14:49:35,TLKM,RG,3580,59,F,BK,DX,F
14:49:34,TLKM,RG,3590,1,D,YB,YP,D
14:49:34,TLKM,RG,3590,460,F,BK,YP,D
14:49:33,TLKM,RG,3590,22,F,YU,YP,D
14:49:33,TLKM,RG,3580,106,F,BK,ZP,D
14:49:33,TLKM,RG,3580,3,D,XC,ZP,D
14:49:33,TLKM,RG,3580,100,D,NI,ZP,D
14:49:33,TLKM,RG,3580,4,D,XC,ZP,D
14:49:33,TLKM,RG,3580,20,D,NI,ZP,D
14:49:33,TLKM,RG,3580,1,D,XC,ZP,D
14:49:33,TLKM,RG,3580,10,D,PD,ZP,D
14:49:33,TLKM,RG,3580,300,D,KK,ZP,D
14:49:33,TLKM,RG,3580,1,D,PD,ZP,D
14:49:33,TLKM,RG,3580,10,D,CC,ZP,D
14:49:33,TLKM,RG,3580,10,D,OD,ZP,D
14:49:33,TLKM,RG,3580,5,D,CC,ZP,D
14:49:33,TLKM,RG,3580,1,D,XC,ZP,D
14:49:33,TLKM,RG,3580,1,D,XC,ZP,D
14:49:33,TLKM,RG,3580,3,D,XC,ZP,D
14:49:33,TLKM,RG,3580,5,D,PD,ZP,D
14:49:33,TLKM,RG,3580,10,D,YP,ZP,D
14:49:33,TLKM,RG,3580,1,D,XC,ZP,D
14:49:33,TLKM,RG,3580,100,D,LG,ZP,D
14:49:33,TLKM,RG,3580,10,D,XC,ZP,D
14:49:33,TLKM,RG,3580,10,D,DX,ZP,D
14:49:33,TLKM,RG,3580,1,D,PD,ZP,D
14:49:33,TLKM,RG,3580,10,D,YP,ZP,D
14:49:33,TLKM,RG,3580,1,D,XC,ZP,D
14:49:33,TLKM,RG,3580,1,D,KK,ZP,D
14:49:33,TLKM,RG,3580,10,D,XC,ZP,D
14:49:33,TLKM,RG,3580,5,D,XC,ZP,D
14:49:33,TLKM,RG,3580,5,D,CC,ZP,D
14:49:33,TLKM,RG,3580,17,F,ZP,ZP,D
14:49:33,TLKM,RG,3580,1,D,SQ,ZP,D
14:49:33,TLKM,RG,3580,238,D,TP,ZP,D
14:49:33,TLKM,RG,3590,1,D,CC,YP,D
14:49:32,TLKM,RG,3590,1,D,DR,YP,D
14:49:31,TLKM,RG,3590,42,F,YU,YP,D
14:49:31,TLKM,RG,3580,200,D,TP,PD,D
14:49:31,TLKM,RG,3590,35,F,AK,YP,D
14:49:31,TLKM,RG,3590,1,F,AK,CC,D
14:49:31,TLKM,RG,3590,21,F,AK,AK,F
14:49:31,TLKM,RG,3590,25,F,AK,YP,D
14:49:31,TLKM,RG,3590,5,D,PD,YP,D
14:49:31,TLKM,RG,3590,5,D,PD,AK,F
14:49:31,TLKM,RG,3590,1,D,XC,AK,F
14:49:30,TLKM,RG,3590,4,D,XC,AK,F
14:49:30,TLKM,RG,3590,133,F,YU,DX,F
14:49:30,TLKM,RG,3590,45,F,YU,XC,D
14:49:30,TLKM,RG,3590,111,F,YU,KZ,F
14:49:30,TLKM,RG,3590,5,F,YU,CC,D
14:49:30,TLKM,RG,3590,60,F,YU,NI,D
14:49:30,TLKM,RG,3590,173,F,YU,BK,F
14:49:30,TLKM,RG,3580,58,D,TP,EP,D
14:49:30,TLKM,RG,3590,87,F,BK,BK,F
14:49:30,TLKM,RG,3590,1,F,BK,XC,D
14:49:30,TLKM,RG,3590,1,F,BK,AK,F
14:49:30,TLKM,RG,3590,1,F,BK,XC,D
14:49:30,TLKM,RG,3590,5,F,BK,YP,D
14:49:30,TLKM,RG,3590,1,F,BK,XC,D
14:49:30,TLKM,RG,3590,1,F,BK,SQ,D
14:49:30,TLKM,RG,3590,229,F,BK,BK,F
14:49:30,TLKM,RG,3590,54,F,BK,BK,F
14:49:29,TLKM,RG,3580,1,D,TP,YU,D
14:49:29,TLKM,RG,3590,26,F,YU,BK,F
14:49:29,TLKM,RG,3590,100,D,XA,BK,F
14:49:29,TLKM,RG,3590,18,F,ZP,BK,F
14:49:29,TLKM,RG,3590,80,D,YP,BK,F
14:49:29,TLKM,RG,3580,56,D,TP,DX,F
14:49:29,TLKM,RG,3590,1,F,BK,BK,F
14:49:28,TLKM,RG,3580,447,D,TP,CC,D
14:49:28,TLKM,RG,3580,1,D,YP,CC,D
14:49:28,TLKM,RG,3580,1,D,NI,CC,D
14:49:28,TLKM,RG,3580,1,D,AZ,CC,D
14:49:28,TLKM,RG,3590,30,D,CC,BK,F
14:49:27,TLKM,RG,3590,1,D,PD,BK,F
14:49:27,TLKM,RG,3590,345,F,BK,BK,F
14:49:26,TLKM,RG,3580,3,D,XC,DX,F
14:49:26,TLKM,RG,3580,1,D,YP,DX,F
14:49:26,TLKM,RG,3580,2,D,EP,DX,F
14:49:26,TLKM,RG,3580,5,D,OD,DX,F
14:49:26,TLKM,RG,3580,45,D,PD,DX,F
14:49:26,TLKM,RG,3590,32,F,YU,BK,F
14:49:26,TLKM,RG,3580,55,D,PD,BK,F
14:49:26,TLKM,RG,3580,1,D,SQ,BK,F
14:49:26,TLKM,RG,3580,100,D,KI,BK,F
14:49:26,TLKM,RG,3580,2,D,XC,BK,F
14:49:26,TLKM,RG,3580,20,D,XC,BK,F
14:49:25,TLKM,RG,3580,197,D,XC,KZ,F
14:49:25,TLKM,RG,3580,2,D,MK,KZ,F
14:49:25,TLKM,RG,3580,23,F,RX,KZ,F
14:49:25,TLKM,RG,3580,55,F,RX,DX,F
14:49:23,TLKM,RG,3590,275,D,EP,BK,F
14:49:23,TLKM,RG,3590,39,F,BK,BK,F
14:49:23,TLKM,RG,3590,10,D,CC,BK,F
14:49:22,TLKM,RG,3580,33,F,RX,DX,F
14:49:22,TLKM,RG,3580,2,D,DX,DX,F
14:49:22,TLKM,RG,3580,10,D,CC,DX,F
14:49:22,TLKM,RG,3580,1,D,XC,DX,F
14:49:22,TLKM,RG,3580,2,D,CC,DX,F
14:49:22,TLKM,RG,3580,8,D,YP,DX,F
14:49:22,TLKM,RG,3590,10,D,PD,BK,F
14:49:21,TLKM,RG,3580,1,D,YP,AK,F
14:49:21,TLKM,RG,3590,159,F,BK,BK,F
14:49:21,TLKM,RG,3580,2,D,YP,PD,D
14:49:20,TLKM,RG,3580,4,D,YP,DX,F
14:49:20,TLKM,RG,3580,3,D,NI,DX,F
14:49:20,TLKM,RG,3580,2,D,YP,DX,F
14:49:20,TLKM,RG,3580,1,D,XC,DX,F
14:49:20,TLKM,RG,3580,46,D,KK,DX,F
14:49:20,TLKM,RG,3590,32,F,YU,BK,F
14:49:20,TLKM,RG,3580,93,D,KK,KZ,F
14:49:20,TLKM,RG,3580,1,D,XC,KZ,F
14:49:20,TLKM,RG,3580,1,D,PD,KZ,F
14:49:20,TLKM,RG,3580,2,D,PD,KZ,F
14:49:20,TLKM,RG,3580,14,D,EP,KZ,F
14:49:19,TLKM,RG,3580,1,D,EP,EP,D
14:49:18,TLKM,RG,3580,35,D,EP,DX,F
14:49:18,TLKM,RG,3580,21,F,CS,DX,F
14:49:18,TLKM,RG,3580,3,F,CS,AK,F
14:49:18,TLKM,RG,3590,100,D,PD,BK,F
14:49:18,TLKM,RG,3580,1,F,CS,XL,D
14:49:17,TLKM,RG,3590,10,D,CC,BK,F
14:49:17,TLKM,RG,3590,80,F,BK,BK,F
14:49:17,TLKM,RG,3580,1,F,CS,AK,F
14:49:17,TLKM,RG,3580,55,F,CS,DX,F
14:49:17,TLKM,RG,3580,1,F,CS,AK,F
14:49:17,TLKM,RG,3590,1,F,AK,BK,F
14:49:16,TLKM,RG,3590,2,D,XC,BK,F
14:49:15,TLKM,RG,3580,2,F,CS,KZ,F
14:49:14,TLKM,RG,3580,1,F,CS,PD,D
14:49:14,TLKM,RG,3580,56,F,CS,DX,F
14:49:13,TLKM,RG,3590,67,F,AK,BK,F
14:49:13,TLKM,RG,3590,162,F,BK,BK,F
14:49:13,TLKM,RG,3590,2,D,PD,BK,F
14:49:12,TLKM,RG,3580,56,F,CS,DX,F
14:49:12,TLKM,RG,3580,44,F,CS,CC,D
14:49:11,TLKM,RG,3590,25,F,YU,BK,F
14:49:11,TLKM,RG,3580,100,F,CS,YP,D
14:49:10,TLKM,RG,3580,8,F,CS,KZ,F
14:49:10,TLKM,RG,3580,73,F,TP,KZ,F
14:49:10,TLKM,RG,3580,56,F,TP,DX,F
14:49:10,TLKM,RG,3580,15,F,TP,CP,D
14:49:09,TLKM,RG,3590,111,F,BK,BK,F
14:49:09,TLKM,RG,3580,56,F,TP,DX,F
14:49:08,TLKM,RG,3580,6,F,TP,RO,D
14:49:08,TLKM,RG,3590,100,D,LG,BK,F
14:49:06,TLKM,RG,3580,55,F,TP,DX,F
14:49:06,TLKM,RG,3580,2,F,TP,XC,D
14:49:06,TLKM,RG,3590,39,F,ZP,BK,F
14:49:06,TLKM,RG,3590,98,F,BK,BK,F
14:49:05,TLKM,RG,3580,37,F,TP,BK,F
14:49:04,TLKM,RG,3590,32,F,YU,BK,F
14:49:04,TLKM,RG,3580,56,F,TP,DX,F
14:49:04,TLKM,RG,3590,1,D,XL,BK,F
14:49:02,TLKM,RG,3580,56,F,TP,DX,F
14:49:02,TLKM,RG,3590,25,F,YU,BK,F
14:49:02,TLKM,RG,3580,13,F,TP,AK,F
14:49:02,TLKM,RG,3580,1,F,TP,AK,F
14:49:02,TLKM,RG,3580,6,F,TP,AK,F
14:49:02,TLKM,RG,3580,2,F,TP,AK,F
14:49:02,TLKM,RG,3590,324,F,BK,BK,F
14:49:01,TLKM,RG,3580,792,F,TP,BK,F
14:49:01,TLKM,RG,3590,167,F,CS,BK,F
14:49:00,TLKM,RG,3590,11,F,BK,BK,F
14:49:00,TLKM,RG,3580,57,F,TP,DX,F
14:49:00,TLKM,RG,3590,13,D,PD,BK,F
14:48:59,TLKM,RG,3590,59,F,AK,BK,F
14:48:58,TLKM,RG,3580,66,F,TP,DX,F
14:48:58,TLKM,RG,3580,95,F,TP,KZ,F
14:48:56,TLKM,RG,3580,84,F,TP,BK,F
14:48:56,TLKM,RG,3580,4,F,TP,AK,F
14:48:56,TLKM,RG,3590,1,D,PD,BK,F
14:48:56,TLKM,RG,3580,100,F,TP,CP,D
14:48:55,TLKM,RG,3580,2,F,TP,YP,D
14:48:55,TLKM,RG,3580,66,F,TP,DX,F
14:48:55,TLKM,RG,3590,5,D,KK,BK,F
14:48:54,TLKM,RG,3590,151,F,BK,BK,F
14:48:53,TLKM,RG,3590,30,D,GR,BK,F
14:48:53,TLKM,RG,3580,25,F,TP,PD,D
14:48:52,TLKM,RG,3580,58,F,TP,DX,F
14:48:52,TLKM,RG,3580,2,F,TP,KZ,F
14:48:51,TLKM,RG,3580,74,F,TP,ZP,F
14:48:51,TLKM,RG,3580,78,F,TP,ZP,F
14:48:51,TLKM,RG,3580,47,F,TP,BK,F
14:48:50,TLKM,RG,3580,65,F,TP,DX,F
14:48:50,TLKM,RG,3580,22,F,TP,XA,D
14:48:50,TLKM,RG,3590,151,F,BK,BK,F
14:48:49,TLKM,RG,3590,10,D,PD,BK,F
14:48:48,TLKM,RG,3580,114,F,TP,KZ,F
14:48:48,TLKM,RG,3580,79,F,TP,BK,F
14:48:47,TLKM,RG,3580,57,F,TP,DX,F
14:48:47,TLKM,RG,3580,13,F,TP,YP,D
14:48:47,TLKM,RG,3580,7,F,TP,AK,F
14:48:47,TLKM,RG,3580,4,F,TP,AK,F
14:48:46,TLKM,RG,3590,3,D,XC,BK,F
14:48:45,TLKM,RG,3580,64,F,TP,DX,F
14:48:44,TLKM,RG,3590,162,F,BK,BK,F
14:48:44,TLKM,RG,3580,80,F,TP,NI,D
14:48:44,TLKM,RG,3590,6,D,XC,BK,F
14:48:43,TLKM,RG,3580,91,F,TP,BK,F
14:48:42,TLKM,RG,3580,57,F,TP,DX,F
14:48:42,TLKM,RG,3590,2,D,PD,BK,F
14:48:41,TLKM,RG,3580,3,F,TP,KZ,F
14:48:41,TLKM,RG,3580,3,F,TP,PD,D
14:48:40,TLKM,RG,3580,63,F,TP,DX,F
14:48:39,TLKM,RG,3590,117,F,BK,BK,F
14:48:39,TLKM,RG,3590,1,D,AZ,BK,F
14:48:37,TLKM,RG,3580,56,F,TP,DX,F
14:48:37,TLKM,RG,3580,91,F,TP,BK,F
14:48:37,TLKM,RG,3580,27,F,TP,KZ,F
14:48:36,TLKM,RG,3580,1205,F,TP,YP,D
14:48:36,TLKM,RG,3580,5,D,GR,YP,D
14:48:36,TLKM,RG,3580,10,D,CC,YP,D
14:48:36,TLKM,RG,3580,1,D,XC,YP,D
14:48:36,TLKM,RG,3580,25,D,SQ,YP,D
14:48:36,TLKM,RG,3580,2,D,PD,YP,D
14:48:36,TLKM,RG,3580,1,D,EP,YP,D
14:48:36,TLKM,RG,3580,11,D,YP,YP,D
14:48:36,TLKM,RG,3580,1,D,XC,YP,D
14:48:36,TLKM,RG,3580,1,D,YP,YP,D
14:48:36,TLKM,RG,3580,1,D,DX,YP,D
14:48:36,TLKM,RG,3580,54,F,AK,YP,D
14:48:36,TLKM,RG,3580,1,D,MK,YP,D
14:48:36,TLKM,RG,3580,1,D,NI,YP,D
14:48:36,TLKM,RG,3580,1,D,YP,YP,D
14:48:36,TLKM,RG,3580,698,F,BK,YP,D
14:48:36,TLKM,RG,3580,1,D,XC,YP,D
14:48:36,TLKM,RG,3580,10,D,PD,YP,D
14:48:36,TLKM,RG,3580,1,D,NI,YP,D
14:48:36,TLKM,RG,3580,5,D,OD,YP,D
14:48:36,TLKM,RG,3580,1,D,PD,YP,D
14:48:36,TLKM,RG,3580,2,D,XC,YP,D
14:48:36,TLKM,RG,3580,100,D,AZ,YP,D
14:48:36,TLKM,RG,3580,1203,F,AK,YP,D
14:48:35,TLKM,RG,3580,62,F,AK,DX,F
14:48:35,TLKM,RG,3590,118,F,BK,BK,F
14:48:35,TLKM,RG,3580,3,F,AK,PD,D
14:48:34,TLKM,RG,3590,72,F,AK,BK,F
14:48:33,TLKM,RG,3580,55,F,AK,DX,F
14:48:33,TLKM,RG,3580,3,F,AK,KZ,F
14:48:32,TLKM,RG,3580,1,F,AK,AK,F
14:48:31,TLKM,RG,3580,85,F,AK,BK,F
14:48:31,TLKM,RG,3590,112,F,BK,BK,F
14:48:31,TLKM,RG,3590,2,D,CC,BK,F
14:48:30,TLKM,RG,3580,56,F,AK,DX,F
14:48:30,TLKM,RG,3590,2,D,XL,BK,F
14:48:30,TLKM,RG,3580,27,F,AK,KZ,F
14:48:30,TLKM,RG,3580,5,F,AK,KZ,F
14:48:28,TLKM,RG,3580,60,F,AK,DX,F
14:48:28,TLKM,RG,3580,1,F,AK,PD,D
14:48:27,TLKM,RG,3590,65,F,BK,BK,F
14:48:26,TLKM,RG,3580,45,F,AK,BK,F
14:48:25,TLKM,RG,3580,20,F,AK,DH,D
14:48:25,TLKM,RG,3580,55,F,AK,DX,F
14:48:25,TLKM,RG,3590,61,D,DP,BK,F
14:48:24,TLKM,RG,3590,98,F,BK,BK,F
14:48:23,TLKM,RG,3580,60,F,AK,DX,F
14:48:23,TLKM,RG,3590,17,D,YB,BK,F
14:48:23,TLKM,RG,3580,50,F,AK,BK,F
14:48:23,TLKM,RG,3580,5,F,AK,SQ,D
14:48:22,TLKM,RG,3590,28,D,XC,BK,F
14:48:21,TLKM,RG,3590,1,D,DH,BK,F
14:48:21,TLKM,RG,3590,61,D,DP,BK,F
14:48:20,TLKM,RG,3580,55,F,AK,DX,F
14:48:20,TLKM,RG,3590,300,D,CC,BK,F
14:48:20,TLKM,RG,3580,60,F,AK,BK,F
14:48:19,TLKM,RG,3590,61,F,AK,BK,F
14:48:18,TLKM,RG,3580,60,F,AK,DX,F
14:48:18,TLKM,RG,3580,6,F,AK,KZ,F
14:48:17,TLKM,RG,3590,20,D,PD,BK,F
14:48:17,TLKM,RG,3590,61,D,DP,BK,F
14:48:16,TLKM,RG,3580,19,F,AK,BK,F
14:48:16,TLKM,RG,3580,5,D,NI,BK,F
14:48:16,TLKM,RG,3580,1,D,PD,BK,F
14:48:16,TLKM,RG,3580,1,D,PD,BK,F
14:48:16,TLKM,RG,3580,1,D,XC,BK,F
14:48:16,TLKM,RG,3580,10,D,XC,BK,F
14:48:16,TLKM,RG,3580,4,D,PD,BK,F
14:48:16,TLKM,RG,3580,40,D,HP,BK,F
14:48:16,TLKM,RG,3580,1,D,HP,KZ,F
14:48:16,TLKM,RG,3580,9,D,HP,CC,D
14:48:16,TLKM,RG,3580,3,D,PD,CC,D
14:48:16,TLKM,RG,3580,4,D,LG,CC,D
14:48:16,TLKM,RG,3580,1,D,CC,CC,D
14:48:16,TLKM,RG,3580,1,D,PD,CC,D
14:48:16,TLKM,RG,3580,20,D,PD,CC,D
14:48:16,TLKM,RG,3580,3,D,SQ,CC,D
14:48:16,TLKM,RG,3580,1,D,XC,CC,D
14:48:16,TLKM,RG,3580,28,D,SF,CC,D
14:48:16,TLKM,RG,3580,2,D,SF,DX,F
14:48:16,TLKM,RG,3580,1,D,YP,DX,F
14:48:16,TLKM,RG,3580,30,D,AG,DX,F
14:48:16,TLKM,RG,3580,1,D,XC,DX,F
14:48:16,TLKM,RG,3580,10,D,XC,DX,F
14:48:16,TLKM,RG,3580,10,D,DH,DX,F
14:48:14,TLKM,RG,3580,1,D,DH,KZ,F
14:48:13,TLKM,RG,3580,54,D,DH,DX,F
14:48:13,TLKM,RG,3580,4,D,DH,XC,D
14:48:12,TLKM,RG,3580,1,D,DH,KZ,F
14:48:11,TLKM,RG,3580,30,D,DH,DX,F
14:48:11,TLKM,RG,3580,1,D,EP,DX,F
14:48:11,TLKM,RG,3580,15,D,YP,DX,F
14:48:11,TLKM,RG,3580,1,D,PD,DX,F
14:48:11,TLKM,RG,3580,12,D,NI,DX,F
14:48:11,TLKM,RG,3580,29,D,NI,BK,F
14:48:11,TLKM,RG,3580,20,D,XL,BK,F
14:48:11,TLKM,RG,3580,7,D,YP,BK,F
14:48:11,TLKM,RG,3580,3,D,PD,BK,F
14:48:11,TLKM,RG,3580,8,D,OD,BK,F
14:48:10,TLKM,RG,3580,17,D,OD,KZ,F
14:48:10,TLKM,RG,3580,5,D,KK,KZ,F
14:48:10,TLKM,RG,3580,2,D,XC,KZ,F
14:48:10,TLKM,RG,3580,1,D,PD,KZ,F
14:48:10,TLKM,RG,3580,10,D,NI,KZ,F
14:48:10,TLKM,RG,3580,16,D,DR,KZ,F
14:48:08,TLKM,RG,3580,34,D,DR,DX,F
14:48:08,TLKM,RG,3580,19,F,YU,DX,F
14:48:08,TLKM,RG,3590,59,F,AK,BK,F
14:48:08,TLKM,RG,3580,140,F,YU,AK,D
14:48:08,TLKM,RG,3580,1,D,XC,AK,D
14:48:08,TLKM,RG,3580,1,D,NI,AK,D
14:48:08,TLKM,RG,3580,2,D,LG,AK,D
14:48:08,TLKM,RG,3580,3,F,ZP,AK,D
14:48:08,TLKM,RG,3580,18,D,OD,AK,D
14:48:08,TLKM,RG,3580,425,F,CC,AK,D
14:48:08,TLKM,RG,3580,23,F,ZP,AK,D
14:48:08,TLKM,RG,3580,17,D,YB,AK,D
14:48:08,TLKM,RG,3580,1,F,ZP,AK,D
14:48:08,TLKM,RG,3580,25,D,YP,AK,D
14:48:08,TLKM,RG,3580,329,F,BK,AK,D
14:48:08,TLKM,RG,3580,93,F,BK,AK,D
14:48:08,TLKM,RG,3580,669,F,AK,AK,D
14:48:08,TLKM,RG,3580,1,D,CC,AK,D
14:48:08,TLKM,RG,3580,67,D,KK,AK,D
14:48:08,TLKM,RG,3580,244,D,KK,AK,D
14:48:08,TLKM,RG,3580,27,D,EP,AK,D
14:48:08,TLKM,RG,3580,1,D,XC,AK,D
14:48:08,TLKM,RG,3580,300,D,GR,AK,D
14:48:08,TLKM,RG,3580,1,D,XC,AK,D
14:48:08,TLKM,RG,3580,4,D,PD,AK,D
14:48:08,TLKM,RG,3580,1,D,PD,AK,D
14:48:08,TLKM,RG,3580,757,D,NI,AK,D
14:48:08,TLKM,RG,3580,6,D,NI,AK,D
14:48:08,TLKM,RG,3590,1,D,XC,BK,F
14:48:07,TLKM,RG,3580,237,D,NI,AK,D
14:48:07,TLKM,RG,3580,1,D,PD,AK,D
14:48:07,TLKM,RG,3580,4,D,NI,AK,D
14:48:07,TLKM,RG,3580,10,D,YP,AK,D
14:48:07,TLKM,RG,3580,6,D,NI,AK,D
14:48:07,TLKM,RG,3580,192,D,CC,AK,D
14:48:07,TLKM,RG,3580,8,D,CC,AK,D
14:48:07,TLKM,RG,3580,1,D,PD,AK,D
14:48:07,TLKM,RG,3580,15,D,YB,AK,D
14:48:07,TLKM,RG,3580,1,D,XL,AK,D
14:48:07,TLKM,RG,3580,50,D,OD,AK,D
14:48:07,TLKM,RG,3580,1,D,XC,AK,D
14:48:07,TLKM,RG,3580,10,D,AG,AK,D
14:48:07,TLKM,RG,3580,2,D,MK,AK,D
14:48:07,TLKM,RG,3580,1,D,SQ,AK,D
14:48:07,TLKM,RG,3580,3,D,PD,AK,D
14:48:07,TLKM,RG,3580,5,D,CC,AK,D
14:48:07,TLKM,RG,3580,20,D,YP,AK,D
14:48:07,TLKM,RG,3580,3,D,PD,AK,D
14:48:07,TLKM,RG,3580,1,D,YP,AK,D
14:48:07,TLKM,RG,3580,1,D,PD,AK,D
14:48:07,TLKM,RG,3580,10,D,CC,AK,D
14:48:07,TLKM,RG,3580,1,D,CC,AK,D
14:48:07,TLKM,RG,3580,1,D,XC,AK,D
14:48:07,TLKM,RG,3580,10,D,YP,AK,D
14:48:07,TLKM,RG,3580,2,D,YP,AK,D
14:48:07,TLKM,RG,3580,80,D,SQ,AK,D
14:48:07,TLKM,RG,3580,44,D,YP,AK,D
14:48:07,TLKM,RG,3580,62,D,YP,AK,D
14:48:07,TLKM,RG,3580,6,F,ZP,AK,D
14:48:07,TLKM,RG,3580,2,D,KK,AK,D
14:48:07,TLKM,RG,3580,22,D,KK,AK,D
14:48:07,TLKM,RG,3580,141,D,KK,AK,D
14:48:07,TLKM,RG,3580,13,D,KK,AK,D
14:48:07,TLKM,RG,3580,5,D,PD,AK,D
14:48:07,TLKM,RG,3580,1,D,PD,AK,D
14:48:07,TLKM,RG,3580,281,F,BK,AK,D
14:48:07,TLKM,RG,3580,20,F,BK,AK,D
14:48:07,TLKM,RG,3580,369,F,BK,AK,D
14:48:07,TLKM,RG,3580,33,F,BK,AK,D
14:48:07,TLKM,RG,3580,10,D,PD,AK,D
14:48:07,TLKM,RG,3580,138,D,CC,AK,D
14:48:07,TLKM,RG,3590,157,F,BK,BK,F
14:48:07,TLKM,RG,3580,21,D,CC,AK,D
14:48:07,TLKM,RG,3590,6,D,NI,BK,F
14:48:06,TLKM,RG,3590,291,F,AK,BK,F
14:48:06,TLKM,RG,3580,54,D,CC,DX,F
14:48:06,TLKM,RG,3590,127,D,LG,BK,F
14:48:06,TLKM,RG,3590,40,D,LG,PD,D
14:48:06,TLKM,RG,3590,200,D,LG,CC,D
14:48:06,TLKM,RG,3590,3,D,LG,OD,D
14:48:06,TLKM,RG,3590,1,D,LG,XC,D
14:48:06,TLKM,RG,3590,1,D,LG,PD,D
14:48:06,TLKM,RG,3590,1,D,LG,XC,D
14:48:06,TLKM,RG,3590,10,D,LG,PD,D
14:48:06,TLKM,RG,3590,17,D,LG,YJ,D
14:48:06,TLKM,RG,3580,58,D,CC,BK,F
14:48:05,TLKM,RG,3590,1,D,XC,YJ,D
14:48:05,TLKM,RG,3580,2,D,CC,KZ,F
14:48:04,TLKM,RG,3580,27,D,CC,DX,F
14:48:04,TLKM,RG,3580,1,D,XC,DX,F
14:48:04,TLKM,RG,3580,28,D,CC,DX,F
14:48:03,TLKM,RG,3580,22,D,CC,BK,F
14:48:03,TLKM,RG,3580,2,D,SQ,BK,F
14:48:03,TLKM,RG,3580,3,D,DR,BK,F
14:48:03,TLKM,RG,3580,5,D,YB,BK,F
14:48:03,TLKM,RG,3580,48,F,TP,BK,F
14:48:03,TLKM,RG,3580,1,F,TP,KZ,F
14:48:01,TLKM,RG,3580,53,F,TP,DX,F
14:48:01,TLKM,RG,3590,1,D,XC,YJ,D
14:47:59,TLKM,RG,3580,45,F,TP,DX,F
14:47:59,TLKM,RG,3590,100,D,YP,YJ,D
14:47:59,TLKM,RG,3580,6,F,TP,XC,D
14:47:58,TLKM,RG,3590,96,F,BK,YJ,D
14:47:58,TLKM,RG,3580,94,F,TP,BK,F
14:47:57,TLKM,RG,3580,45,F,TP,DX,F
14:47:57,TLKM,RG,3590,35,D,CC,YJ,D
14:47:57,TLKM,RG,3590,5,D,CC,XC,D
14:47:56,TLKM,RG,3590,3,F,BK,XC,D
14:47:56,TLKM,RG,3590,4,F,BK,PD,D
14:47:56,TLKM,RG,3590,10,F,BK,OD,D
14:47:56,TLKM,RG,3590,65,F,BK,RX,F
14:47:55,TLKM,RG,3580,600,F,TP,CC,D
14:47:55,TLKM,RG,3580,47,F,TP,DX,F
14:47:53,TLKM,RG,3590,95,F,BK,RX,F
14:47:52,TLKM,RG,3580,45,F,TP,DX,F
14:47:52,TLKM,RG,3580,57,F,TP,BK,F
14:47:51,TLKM,RG,3590,5,D,YP,RX,F
14:47:50,TLKM,RG,3580,45,F,TP,DX,F
14:47:50,TLKM,RG,3590,1,D,XC,RX,F
14:47:50,TLKM,RG,3590,108,F,BK,RX,F
14:47:49,TLKM,RG,3580,30,F,TP,YP,D
14:47:49,TLKM,RG,3580,1,F,TP,KZ,F
14:47:49,TLKM,RG,3580,6,F,TP,KZ,F
14:47:49,TLKM,RG,3580,1,F,TP,KZ,F
14:47:48,TLKM,RG,3580,83,F,TP,BK,F
14:47:48,TLKM,RG,3580,47,F,TP,DX,F
14:47:46,TLKM,RG,3580,10,F,TP,PD,D
14:47:46,TLKM,RG,3580,2,F,TP,CC,D
14:47:46,TLKM,RG,3590,135,F,BK,RX,F
14:47:45,TLKM,RG,3580,45,F,TP,DX,F
14:47:45,TLKM,RG,3580,14,F,TP,CS,D
14:47:45,TLKM,RG,3590,1,F,KZ,RX,F
14:47:45,TLKM,RG,3590,30,D,NI,RX,F
14:47:44,TLKM,RG,3580,10,F,TP,PD,D
14:47:43,TLKM,RG,3590,82,D,XC,RX,F
14:47:43,TLKM,RG,3580,92,F,TP,YP,D
14:47:43,TLKM,RG,3580,66,F,TP,DX,F
14:47:43,TLKM,RG,3590,50,D,EP,RX,F
14:47:43,TLKM,RG,3590,43,F,BK,RX,F
14:47:43,TLKM,RG,3590,2,F,BK,YP,D
14:47:43,TLKM,RG,3590,1,F,BK,YP,D
14:47:43,TLKM,RG,3590,21,F,BK,EP,D
14:47:43,TLKM,RG,3580,75,F,TP,BK,F
14:47:42,TLKM,RG,3580,60,F,TP,RX,F
14:47:41,TLKM,RG,3590,20,F,BK,EP,D
14:47:41,TLKM,RG,3590,1,F,BK,PD,D
14:47:41,TLKM,RG,3590,12,F,BK,PD,D
14:47:41,TLKM,RG,3590,118,F,BK,LG,D
14:47:40,TLKM,RG,3580,10,F,TP,XL,D
14:47:40,TLKM,RG,3580,2,F,TP,KZ,F
14:47:40,TLKM,RG,3580,1,F,TP,KZ,F
14:47:40,TLKM,RG,3580,12,F,TP,KZ,F
14:47:40,TLKM,RG,3580,45,F,TP,DX,F
14:47:39,TLKM,RG,3590,10,D,MU,LG,D
14:47:39,TLKM,RG,3590,2,D,PD,LG,D
14:47:38,TLKM,RG,3580,47,F,TP,DX,F
14:47:38,TLKM,RG,3580,79,F,TP,BK,F
14:47:38,TLKM,RG,3580,5,F,TP,CC,D
14:47:37,TLKM,RG,3590,1,D,PD,LG,D
14:47:36,TLKM,RG,3590,165,F,BK,LG,D
14:47:36,TLKM,RG,3580,66,F,TP,DX,F
14:47:35,TLKM,RG,3590,3,D,GR,LG,D
14:47:34,TLKM,RG,3580,1,F,TP,AZ,D
14:47:34,TLKM,RG,3580,1,F,TP,XL,D
14:47:33,TLKM,RG,3580,84,F,TP,BK,F
14:47:33,TLKM,RG,3580,3,F,TP,TF,D
14:47:32,TLKM,RG,3580,50,F,TP,DX,F
14:47:32,TLKM,RG,3580,200,F,TP,AG,D
14:47:32,TLKM,RG,3580,48,F,TP,RX,F
14:47:31,TLKM,RG,3590,1,F,KZ,LG,D
14:47:31,TLKM,RG,3590,100,F,BK,LG,D
14:47:31,TLKM,RG,3590,25,F,BK,XC,D
14:47:29,TLKM,RG,3580,66,F,TP,DX,F
14:47:29,TLKM,RG,3580,130,F,TP,YP,D
14:47:29,TLKM,RG,3590,1,D,XC,XC,D
14:47:28,TLKM,RG,3590,1,D,PD,XC,D
14:47:28,TLKM,RG,3580,1,F,TP,DH,D
14:47:28,TLKM,RG,3580,78,F,TP,BK,F
14:47:27,TLKM,RG,3580,1,F,TP,PD,D
14:47:27,TLKM,RG,3590,1,D,XC,XC,D
14:47:26,TLKM,RG,3580,66,F,TP,DX,F
14:47:26,TLKM,RG,3590,1,D,PD,XC,D
14:47:25,TLKM,RG,3590,51,F,BK,XC,D
14:47:25,TLKM,RG,3590,36,F,BK,AK,F
14:47:25,TLKM,RG,3590,5,F,BK,XC,D
14:47:25,TLKM,RG,3590,54,F,BK,BK,F
14:47:25,TLKM,RG,3580,50,F,TP,PD,D
14:47:24,TLKM,RG,3590,3,D,XL,BK,F
14:47:24,TLKM,RG,3580,48,F,TP,RX,F
14:47:23,TLKM,RG,3580,49,F,TP,DX,F
14:47:22,TLKM,RG,3580,36,F,TP,BK,F
14:47:22,TLKM,RG,3590,100,F,BK,BK,F
14:47:20,TLKM,RG,3580,65,F,TP,DX,F
14:47:20,TLKM,RG,3580,13,F,TP,NI,D
14:47:20,TLKM,RG,3580,1,F,TP,XC,D
14:47:19,TLKM,RG,3580,3,F,TP,XC,D
14:47:18,TLKM,RG,3580,50,F,TP,DX,F
14:47:17,TLKM,RG,3580,91,F,TP,BK,F
14:47:16,TLKM,RG,3590,60,F,BK,BK,F
14:47:16,TLKM,RG,3590,17,F,BK,AK,F
14:47:16,TLKM,RG,3590,1,F,BK,CC,D
14:47:16,TLKM,RG,3590,2,F,BK,AK,F
14:47:16,TLKM,RG,3590,5,F,BK,XC,D
14:47:16,TLKM,RG,3590,27,F,BK,YP,D
14:47:16,TLKM,RG,3580,48,F,TP,RX,F
14:47:15,TLKM,RG,3580,54,F,TP,BK,F
14:47:15,TLKM,RG,3580,65,F,TP,DX,F
14:47:13,TLKM,RG,3590,2,D,YP,YP,D
14:47:13,TLKM,RG,3590,15,D,PD,YP,D
14:47:12,TLKM,RG,3590,138,F,BK,YP,D
14:47:11,TLKM,RG,3580,66,F,TP,DX,F
14:47:11,TLKM,RG,3580,6,F,TP,PD,D
14:47:11,TLKM,RG,3580,83,F,TP,BK,F
14:47:10,TLKM,RG,3590,2,D,XC,YP,D
14:47:08,TLKM,RG,3580,49,F,TP,DX,F
14:47:08,TLKM,RG,3580,20,F,TP,AZ,D
14:47:08,TLKM,RG,3580,45,F,TP,RX,F
14:47:07,TLKM,RG,3580,5,F,TP,PD,D
14:47:07,TLKM,RG,3590,48,F,BK,YP,D
14:47:07,TLKM,RG,3590,1,F,BK,XC,D
14:47:07,TLKM,RG,3590,3,F,BK,YP,D
14:47:07,TLKM,RG,3590,1,F,BK,TP,D
14:47:07,TLKM,RG,3590,73,F,BK,CS,D
14:47:07,TLKM,RG,3590,9,F,BK,AK,D
14:47:06,TLKM,RG,3580,80,F,TP,BK,F
14:47:06,TLKM,RG,3580,65,F,TP,DX,F
14:47:05,TLKM,RG,3580,4,F,TP,RX,F
14:47:04,TLKM,RG,3580,3,F,TP,LG,D
14:47:03,TLKM,RG,3590,143,F,BK,AK,D
14:47:03,TLKM,RG,3580,10,F,TP,PD,D
14:47:02,TLKM,RG,3580,27,F,TP,CS,D
14:47:02,TLKM,RG,3580,50,F,TP,DX,F
14:47:02,TLKM,RG,3590,20,D,YP,AK,D
14:47:01,TLKM,RG,3580,47,F,TP,BK,F
14:47:00,TLKM,RG,3590,107,F,BK,AK,D
14:47:00,TLKM,RG,3590,2,D,PD,AK,D
14:46:59,TLKM,RG,3580,62,F,TP,DX,F
14:46:59,TLKM,RG,3580,83,F,TP,XC,D
14:46:57,TLKM,RG,3580,53,F,TP,RX,F
14:46:57,TLKM,RG,3590,88,F,BK,AK,D
14:46:57,TLKM,RG,3590,42,F,BK,AK,D
14:46:57,TLKM,RG,3580,62,F,TP,DX,F
14:46:55,TLKM,RG,3580,55,F,TP,BK,F
14:46:55,TLKM,RG,3590,12,D,DP,AK,D
14:46:55,TLKM,RG,3590,12,D,DP,AK,D
14:46:55,TLKM,RG,3590,12,D,DP,AK,D
14:46:54,TLKM,RG,3580,5,F,TP,PD,D
14:46:53,TLKM,RG,3580,47,F,TP,DX,F
14:46:53,TLKM,RG,3580,25,F,TP,YP,D
14:46:52,TLKM,RG,3580,109,F,TP,BK,F
14:46:52,TLKM,RG,3580,1,F,TP,XC,D
14:46:51,TLKM,RG,3590,160,F,BK,AK,D
14:46:50,TLKM,RG,3580,62,F,TP,DX,F
14:46:50,TLKM,RG,3590,37,D,DP,AK,D
14:46:50,TLKM,RG,3590,40,D,DP,AK,D
14:46:50,TLKM,RG,3590,37,D,DP,AK,D
14:46:49,TLKM,RG,3580,1112,F,TP,CC,D
14:46:49,TLKM,RG,3580,1,F,TP,XC,D
14:46:49,TLKM,RG,3590,1,D,YB,AK,D
14:46:48,TLKM,RG,3580,63,F,TP,RX,F
14:46:48,TLKM,RG,3580,10,F,TP,XC,D
14:46:47,TLKM,RG,3590,154,F,BK,AK,D
14:46:47,TLKM,RG,3580,47,F,TP,DX,F
14:46:47,TLKM,RG,3590,5,D,CC,AK,D
14:46:47,TLKM,RG,3590,3,D,CC,AK,D
14:46:46,TLKM,RG,3580,94,F,TP,BK,F
14:46:45,TLKM,RG,3580,32,F,TP,CS,D
14:46:44,TLKM,RG,3580,62,F,TP,DX,F
14:46:44,TLKM,RG,3580,25,F,TP,PD,D
14:46:44,TLKM,RG,3580,1,F,TP,NI,D
14:46:43,TLKM,RG,3580,2,F,TP,YU,F
14:46:43,TLKM,RG,3580,1,D,XC,YU,F
14:46:43,TLKM,RG,3580,20,D,AG,YU,F
14:46:43,TLKM,RG,3580,28,D,YP,YU,F
14:46:43,TLKM,RG,3580,2,D,YP,YU,F
14:46:43,TLKM,RG,3580,1,D,XC,YU,F
14:46:43,TLKM,RG,3580,1,D,YP,YU,F
14:46:43,TLKM,RG,3580,20,D,SQ,YU,F
14:46:43,TLKM,RG,3580,4,D,KK,YU,F
14:46:43,TLKM,RG,3580,10,D,CC,YU,F
14:46:43,TLKM,RG,3580,7,D,PD,YU,F
14:46:43,TLKM,RG,3580,10,D,XC,YU,F
14:46:43,TLKM,RG,3580,10,D,EP,YU,F
14:46:43,TLKM,RG,3580,1,D,PD,YU,F
14:46:43,TLKM,RG,3580,1,D,PD,YU,F
14:46:43,TLKM,RG,3580,228,F,AK,YU,F
14:46:43,TLKM,RG,3580,50,D,CC,YU,F
14:46:43,TLKM,RG,3580,1,D,PD,YU,F
14:46:43,TLKM,RG,3580,10,D,GR,YU,F
14:46:43,TLKM,RG,3580,2,D,EP,YU,F
14:46:43,TLKM,RG,3580,3,D,PD,YU,F
14:46:43,TLKM,RG,3580,588,D,OD,YU,F
14:46:42,TLKM,RG,3590,79,F,BK,AK,D
14:46:41,TLKM,RG,3580,61,D,OD,DX,F
14:46:41,TLKM,RG,3580,20,D,OD,XC,D
14:46:41,TLKM,RG,3580,78,D,OD,BK,F
14:46:41,TLKM,RG,3580,1,D,OD,XC,D
14:46:41,TLKM,RG,3590,44,D,DP,AK,D
14:46:41,TLKM,RG,3590,43,D,DP,AK,D
14:46:41,TLKM,RG,3590,44,D,DP,AK,D
14:46:40,TLKM,RG,3580,100,D,OD,NI,D
14:46:39,TLKM,RG,3580,2,D,OD,CC,D
14:46:38,TLKM,RG,3580,46,D,OD,DX,F
14:46:37,TLKM,RG,3590,261,D,OD,AK,D
14:46:37,TLKM,RG,3590,181,D,OD,AK,D
14:46:37,TLKM,RG,3590,58,D,OD,AK,D
14:46:37,TLKM,RG,3580,91,D,OD,AK,D
14:46:37,TLKM,RG,3580,13,D,OD,AK,D
14:46:37,TLKM,RG,3580,10,F,ZP,AK,D
14:46:37,TLKM,RG,3580,1,D,OD,AK,D
14:46:37,TLKM,RG,3580,10,D,XL,AK,D
14:46:37,TLKM,RG,3580,20,D,CC,AK,D
14:46:37,TLKM,RG,3580,1,D,YP,AK,D
14:46:37,TLKM,RG,3580,5,D,NI,AK,D
14:46:37,TLKM,RG,3580,3,D,DR,AK,D
14:46:37,TLKM,RG,3580,30,D,RO,AK,D
14:46:37,TLKM,RG,3580,5,D,NI,AK,D
14:46:37,TLKM,RG,3580,200,D,GR,AK,D
14:46:37,TLKM,RG,3580,44,D,DP,AK,D
14:46:37,TLKM,RG,3580,42,D,DP,AK,D
14:46:37,TLKM,RG,3580,43,D,DP,AK,D
14:46:37,TLKM,RG,3580,1,D,KK,AK,D
14:46:37,TLKM,RG,3580,3,D,YP,AK,D
14:46:37,TLKM,RG,3580,10,D,XC,AK,D
14:46:37,TLKM,RG,3580,1,D,YP,AK,D
14:46:37,TLKM,RG,3580,6,D,YP,AK,D
14:46:37,TLKM,RG,3580,5,D,PD,AK,D
14:46:37,TLKM,RG,3580,3,D,KK,AK,D
14:46:37,TLKM,RG,3580,1,D,PD,AK,D
14:46:37,TLKM,RG,3580,10,D,OD,AK,D
14:46:37,TLKM,RG,3580,5,D,XC,AK,D
14:46:37,TLKM,RG,3580,1,D,NI,AK,D
14:46:37,TLKM,RG,3580,1,D,NI,AK,D
14:46:37,TLKM,RG,3580,5,D,NI,AK,D
14:46:37,TLKM,RG,3580,100,D,CP,AK,D
14:46:37,TLKM,RG,3580,14,D,XC,AK,D
14:46:37,TLKM,RG,3580,10,D,YP,AK,D
14:46:37,TLKM,RG,3580,10,D,YP,AK,D
14:46:37,TLKM,RG,3580,2,D,XC,AK,D
14:46:37,TLKM,RG,3580,8,D,XC,AK,D
14:46:37,TLKM,RG,3580,10,D,GR,AK,D
14:46:37,TLKM,RG,3580,3,D,YP,AK,D
14:46:37,TLKM,RG,3580,1,D,YP,AK,D
14:46:37,TLKM,RG,3580,624,F,BK,AK,D
14:46:37,TLKM,RG,3580,10,D,YP,AK,D
14:46:37,TLKM,RG,3580,2,D,SQ,AK,D
14:46:37,TLKM,RG,3580,62,D,KK,AK,D
14:46:37,TLKM,RG,3580,138,D,KK,AK,D
14:46:37,TLKM,RG,3580,1,D,EP,AK,D
14:46:37,TLKM,RG,3580,3,D,YP,AK,D
14:46:37,TLKM,RG,3580,5,D,XC,AK,D
14:46:37,TLKM,RG,3580,25,F,BK,AK,D
14:46:37,TLKM,RG,3580,9,F,ZP,AK,D
14:46:37,TLKM,RG,3580,20,D,PD,AK,D
14:46:37,TLKM,RG,3580,10,D,IP,AK,D
14:46:37,TLKM,RG,3580,1,D,OD,AK,D
14:46:37,TLKM,RG,3580,250,D,CC,AK,D
14:46:37,TLKM,RG,3580,5,D,OD,AK,D
14:46:37,TLKM,RG,3580,30,D,YP,AK,D
14:46:37,TLKM,RG,3580,100,D,PD,AK,D
14:46:37,TLKM,RG,3580,3,D,YP,AK,D
14:46:37,TLKM,RG,3580,31,F,AK,AK,D
14:46:37,TLKM,RG,3580,10,D,LG,AK,D
14:46:37,TLKM,RG,3580,134,F,YU,AK,D
14:46:37,TLKM,RG,3580,5,D,DX,AK,D
14:46:37,TLKM,RG,3580,1,D,NI,AK,D
14:46:37,TLKM,RG,3580,2,D,CC,AK,D
14:46:37,TLKM,RG,3580,4,D,PD,AK,D
14:46:37,TLKM,RG,3580,1,D,XA,AK,D
14:46:37,TLKM,RG,3580,198,F,AK,AK,D
14:46:37,TLKM,RG,3580,300,F,AK,AK,D
14:46:37,TLKM,RG,3580,830,F,AK,AK,D
14:46:37,TLKM,RG,3580,189,F,AK,AK,D
14:46:37,TLKM,RG,3580,1,D,XC,AK,D
14:46:37,TLKM,RG,3580,107,F,BK,AK,D
14:46:37,TLKM,RG,3580,2,D,XC,AK,D
14:46:37,TLKM,RG,3580,1,D,XC,AK,D
14:46:37,TLKM,RG,3580,10,D,OD,AK,D
14:46:37,TLKM,RG,3580,10,D,PD,AK,D
14:46:37,TLKM,RG,3580,1,D,CC,AK,D
14:46:37,TLKM,RG,3580,2,D,KK,AK,D
14:46:37,TLKM,RG,3580,46,D,NI,AK,D
14:46:37,TLKM,RG,3580,21,D,NI,AK,D
14:46:37,TLKM,RG,3580,33,D,NI,AK,D
14:46:37,TLKM,RG,3580,10,D,XL,AK,D
14:46:37,TLKM,RG,3580,5,D,CC,AK,D
14:46:37,TLKM,RG,3580,1,D,XL,AK,D
14:46:37,TLKM,RG,3580,100,D,NI,AK,D
14:46:37,TLKM,RG,3580,9,D,CC,AK,D
14:46:37,TLKM,RG,3580,2,D,PD,AK,D
14:46:37,TLKM,RG,3580,2,D,YP,AK,D
14:46:37,TLKM,RG,3580,7,F,ZP,AK,D
14:46:37,TLKM,RG,3580,1,D,XC,AK,D
14:46:37,TLKM,RG,3580,1,D,PD,AK,D
14:46:37,TLKM,RG,3580,1,F,KZ,AK,D
14:46:37,TLKM,RG,3580,51,D,YP,AK,D
14:46:37,TLKM,RG,3580,47,D,CC,AK,D
14:46:36,TLKM,RG,3580,3,D,CC,AK,D
14:46:36,TLKM,RG,3580,75,D,YP,AK,D
14:46:36,TLKM,RG,3580,5,D,XC,AK,D
14:46:36,TLKM,RG,3580,10,D,SQ,AK,D
14:46:36,TLKM,RG,3580,1,D,XC,AK,D
14:46:36,TLKM,RG,3580,50,D,SF,AK,D
14:46:36,TLKM,RG,3580,1,D,NI,AK,D
14:46:36,TLKM,RG,3580,17,D,OD,AK,D
14:46:36,TLKM,RG,3580,10,D,XC,AK,D
14:46:36,TLKM,RG,3580,1,D,XC,AK,D
14:46:36,TLKM,RG,3580,8,D,PD,AK,D
14:46:36,TLKM,RG,3580,2,D,PD,AK,D
14:46:36,TLKM,RG,3580,18,D,CC,AK,D
14:46:36,TLKM,RG,3580,141,D,CC,AK,D
14:46:36,TLKM,RG,3580,6,D,CC,AK,D
14:46:36,TLKM,RG,3590,62,F,AK,AK,D
14:46:36,TLKM,RG,3580,450,D,CC,AK,D
14:46:35,TLKM,RG,3580,62,D,CC,DX,F
14:46:35,TLKM,RG,3590,119,F,BK,AK,D
14:46:34,TLKM,RG,3580,1,D,CC,XC,D
14:46:34,TLKM,RG,3590,1,D,PD,AK,D
14:46:32,TLKM,RG,3590,22,F,AK,AK,D
14:46:32,TLKM,RG,3580,61,D,CC,DX,F
14:46:32,TLKM,RG,3590,5,D,KK,AK,D
14:46:31,TLKM,RG,3580,1,D,CC,XC,D
14:46:31,TLKM,RG,3580,104,D,CC,BK,F
14:46:29,TLKM,RG,3580,65,D,CC,DX,F
14:46:28,TLKM,RG,3590,66,F,AK,AK,D
14:46:28,TLKM,RG,3590,146,F,BK,AK,D
14:46:28,TLKM,RG,3580,1,D,CC,PD,D
14:46:28,TLKM,RG,3580,72,D,CC,BK,F
14:46:27,TLKM,RG,3580,1,D,CC,XC,D
14:46:25,TLKM,RG,3580,61,D,CC,DX,F
14:46:25,TLKM,RG,3580,67,D,CC,BK,F
14:46:24,TLKM,RG,3580,49,D,CC,CS,D
14:46:24,TLKM,RG,3590,50,D,YP,AK,D
14:46:23,TLKM,RG,3590,124,F,BK,AK,D
14:46:22,TLKM,RG,3580,64,D,CC,DX,F
14:46:21,TLKM,RG,3590,40,D,CC,AK,D
14:46:21,TLKM,RG,3580,1,D,CC,XC,D
14:46:20,TLKM,RG,3590,138,F,AK,AK,D
14:46:20,TLKM,RG,3580,87,D,CC,BK,F
14:46:19,TLKM,RG,3590,1,D,XL,AK,D
14:46:18,TLKM,RG,3580,4,D,CC,YP,D
14:46:18,TLKM,RG,3590,5,D,PD,AK,D
14:46:18,TLKM,RG,3580,800,D,CC,YP,D
14:46:18,TLKM,RG,3580,61,D,CC,DX,F
14:46:18,TLKM,RG,3590,142,F,BK,AK,D
14:46:16,TLKM,RG,3580,61,D,CC,DX,F
14:46:15,TLKM,RG,3580,10,D,CC,YP,D
14:46:15,TLKM,RG,3590,255,F,AK,AK,D
14:46:15,TLKM,RG,3590,28,F,AK,AK,D
14:46:14,TLKM,RG,3580,75,D,CC,BK,F
14:46:14,TLKM,RG,3590,73,F,BK,AK,D
14:46:14,TLKM,RG,3590,34,F,BK,AK,D
14:46:14,TLKM,RG,3590,3,D,NI,AK,D
14:46:12,TLKM,RG,3580,53,D,CC,DX,F
14:46:12,TLKM,RG,3590,2,D,YP,AK,D
14:46:11,TLKM,RG,3590,2,D,PD,AK,D
14:46:11,TLKM,RG,3590,30,D,YP,AK,D
14:46:11,TLKM,RG,3590,107,F,BK,AK,D
14:46:09,TLKM,RG,3580,1,D,CC,XC,D
14:46:08,TLKM,RG,3590,5,D,KK,AK,D
14:46:08,TLKM,RG,3590,10,F,AK,AK,D
14:46:08,TLKM,RG,3590,97,F,AK,AK,D
14:46:08,TLKM,RG,3580,543,D,CC,YP,D
14:46:08,TLKM,RG,3580,20,D,CC,YP,D
14:46:08,TLKM,RG,3580,2,D,SQ,YP,D
14:46:08,TLKM,RG,3580,1,D,PD,YP,D
14:46:08,TLKM,RG,3580,1,D,XC,YP,D
14:46:08,TLKM,RG,3580,5,D,CC,YP,D
14:46:08,TLKM,RG,3580,3,D,YP,YP,D
14:46:08,TLKM,RG,3580,1,D,XC,YP,D
14:46:08,TLKM,RG,3580,2,D,PD,YP,D
14:46:08,TLKM,RG,3580,10,D,SQ,YP,D
14:46:08,TLKM,RG,3580,1,D,XC,YP,D
14:46:08,TLKM,RG,3580,1,D,YP,YP,D
14:46:08,TLKM,RG,3580,2,D,YP,YP,D
14:46:08,TLKM,RG,3580,2,D,YP,YP,D
14:46:08,TLKM,RG,3580,40,D,YP,YP,D
14:46:08,TLKM,RG,3580,1,D,XC,YP,D
14:46:08,TLKM,RG,3580,50,D,ES,YP,D
14:46:08,TLKM,RG,3580,10,D,ZP,YP,D
14:46:08,TLKM,RG,3580,3,D,YB,YP,D
14:46:08,TLKM,RG,3580,2,D,PD,YP,D
14:46:08,TLKM,RG,3580,77,F,AK,YP,D
14:46:08,TLKM,RG,3580,1,D,XC,YP,D
14:46:08,TLKM,RG,3580,9,F,ZP,YP,D
14:46:08,TLKM,RG,3580,1,D,XC,YP,D
14:46:08,TLKM,RG,3580,11,D,YB,YP,D
14:46:08,TLKM,RG,3580,5,D,PD,YP,D
14:46:08,TLKM,RG,3580,1,D,YP,YP,D
14:46:08,TLKM,RG,3580,3,D,XL,YP,D
14:46:08,TLKM,RG,3580,10,D,LG,YP,D
14:46:08,TLKM,RG,3580,51,D,YP,YP,D
14:46:08,TLKM,RG,3580,1,D,PD,YP,D
14:46:08,TLKM,RG,3580,2,D,XC,YP,D
14:46:08,TLKM,RG,3580,4,D,PD,YP,D
14:46:08,TLKM,RG,3580,3,D,NI,YP,D
14:46:08,TLKM,RG,3580,2,D,SQ,YP,D
14:46:08,TLKM,RG,3580,21,F,ZP,YP,D
14:46:08,TLKM,RG,3580,98,D,DH,YP,D
14:46:07,TLKM,RG,3590,39,F,AK,AK,D
14:46:07,TLKM,RG,3580,2,D,DH,CC,D
14:46:07,TLKM,RG,3580,1,D,LG,CC,D
14:46:07,TLKM,RG,3580,1,D,XL,CC,D
14:46:07,TLKM,RG,3580,196,D,FS,CC,D
14:46:07,TLKM,RG,3590,5,D,XC,AK,D
14:46:06,TLKM,RG,3580,2,D,FS,YP,D
14:46:06,TLKM,RG,3580,1,D,FS,XL,D
14:46:06,TLKM,RG,3580,46,D,FS,DX,F
14:46:06,TLKM,RG,3590,1,D,MK,AK,D
14:46:06,TLKM,RG,3580,40,D,FS,YP,D
14:46:05,TLKM,RG,3590,1,D,XC,AK,D
14:46:04,TLKM,RG,3580,1,D,FS,PD,D
14:46:04,TLKM,RG,3580,7,D,FS,KZ,F
14:46:04,TLKM,RG,3580,1,D,FS,KK,D
14:46:03,TLKM,RG,3590,100,D,AG,AK,D
14:46:02,TLKM,RG,3590,3,D,CC,AK,D
14:46:02,TLKM,RG,3590,5,F,AK,AK,D
14:46:01,TLKM,RG,3590,2,D,ZP,AK,D
14:46:01,TLKM,RG,3580,49,D,FS,RX,F
14:45:58,TLKM,RG,3590,3,D,CC,AK,D
14:45:58,TLKM,RG,3580,1,D,FS,XC,D
14:45:58,TLKM,RG,3590,2,F,AK,AK,D
14:45:58,TLKM,RG,3590,84,F,AK,AK,D
14:45:58,TLKM,RG,3580,12,D,FS,KZ,F
14:45:57,TLKM,RG,3580,44,D,FS,YP,D
14:45:57,TLKM,RG,3580,1,D,PD,YP,D
14:45:57,TLKM,RG,3580,3,D,PD,YP,D
14:45:57,TLKM,RG,3580,1,D,XC,YP,D
14:45:57,TLKM,RG,3580,10,D,GR,YP,D
14:45:57,TLKM,RG,3580,50,D,YP,YP,D
14:45:57,TLKM,RG,3580,5,D,EP,YP,D
14:45:57,TLKM,RG,3580,30,D,CC,YP,D
14:45:57,TLKM,RG,3580,7,F,BK,YP,D
14:45:57,TLKM,RG,3580,5,D,YP,YP,D
14:45:57,TLKM,RG,3580,13,D,YB,YP,D
14:45:57,TLKM,RG,3580,2,D,MK,YP,D
14:45:57,TLKM,RG,3580,506,F,CC,YP,D
14:45:57,TLKM,RG,3580,47,F,CC,KZ,F
14:45:57,TLKM,RG,3580,4,F,CC,KZ,F
14:45:57,TLKM,RG,3580,1,F,CC,KZ,F
14:45:57,TLKM,RG,3580,4,F,CC,KZ,F
14:45:57,TLKM,RG,3580,1,F,CC,KZ,F
14:45:57,TLKM,RG,3580,20,F,CC,PD,D
14:45:57,TLKM,RG,3590,1,D,CC,AK,D
14:45:55,TLKM,RG,3580,20,F,CC,NI,D
14:45:55,TLKM,RG,3580,31,F,CC,DX,F
14:45:55,TLKM,RG,3580,5,D,PD,DX,F
14:45:55,TLKM,RG,3580,10,D,YP,DX,F
14:45:54,TLKM,RG,3590,1,D,XC,AK,D
14:45:53,TLKM,RG,3590,50,D,YP,AK,D
14:45:53,TLKM,RG,3590,10,F,AK,AK,D
14:45:53,TLKM,RG,3590,5,D,XC,AK,D
14:45:52,TLKM,RG,3580,46,D,YP,CS,D
14:45:52,TLKM,RG,3590,1,D,CC,AK,D
14:45:52,TLKM,RG,3590,50,D,YP,AK,D
14:45:51,TLKM,RG,3590,4,F,AK,AK,D
14:45:51,TLKM,RG,3580,44,D,YP,RX,F
14:45:50,TLKM,RG,3590,1,D,XC,AK,D
14:45:48,TLKM,RG,3590,5,F,AK,AK,D
14:45:48,TLKM,RG,3580,13,D,YP,DX,F
14:45:48,TLKM,RG,3580,38,F,BK,DX,F
14:45:47,TLKM,RG,3590,19,F,AK,AK,D
14:45:47,TLKM,RG,3580,189,F,BK,YP,D
14:45:46,TLKM,RG,3590,1,D,XC,AK,D
14:45:45,TLKM,RG,3590,4,D,CC,AK,D
14:45:44,TLKM,RG,3590,5,F,AK,AK,D
14:45:44,TLKM,RG,3580,50,F,BK,CC,D
14:45:43,TLKM,RG,3590,5,F,AK,AK,D
14:45:43,TLKM,RG,3580,48,F,BK,DX,F
14:45:42,TLKM,RG,3590,4,F,AK,AK,D
14:45:42,TLKM,RG,3580,50,F,BK,RX,F
14:45:39,TLKM,RG,3590,1,F,AK,AK,D
14:45:39,TLKM,RG,3590,4,F,AK,AK,D
14:45:39,TLKM,RG,3580,51,F,BK,DX,F
14:45:38,TLKM,RG,3580,51,F,BK,DX,F
14:45:38,TLKM,RG,3580,272,F,BK,YP,D
14:45:38,TLKM,RG,3580,228,D,CC,YP,D
14:45:36,TLKM,RG,3580,40,D,CC,CC,D
14:45:35,TLKM,RG,3580,51,D,CC,DX,F
14:45:35,TLKM,RG,3580,1,D,CC,PD,D
14:45:34,TLKM,RG,3580,1,D,CC,NI,D
14:45:33,TLKM,RG,3580,52,D,CC,DX,F
14:45:33,TLKM,RG,3590,2,D,CP,AK,D
14:45:33,TLKM,RG,3580,1,D,CC,YP,D
14:45:32,TLKM,RG,3580,40,D,CC,RX,F
14:45:31,TLKM,RG,3580,51,D,CC,DX,F
14:45:31,TLKM,RG,3580,5,D,CC,PD,D
14:45:31,TLKM,RG,3580,7,D,CC,PD,D
14:45:31,TLKM,RG,3580,1,D,CC,PD,D
14:45:31,TLKM,RG,3580,1,D,CC,PD,D
14:45:31,TLKM,RG,3580,1,D,CC,PD,D
14:45:31,TLKM,RG,3580,2,D,CC,PD,D
14:45:31,TLKM,RG,3580,2,D,CC,PD,D
14:45:31,TLKM,RG,3580,4,D,CC,PD,D
14:45:31,TLKM,RG,3580,1,D,CC,PD,D
14:45:31,TLKM,RG,3590,1,D,PD,AK,D
14:45:31,TLKM,RG,3590,4,D,YP,AK,D
14:45:31,TLKM,RG,3580,1,D,CC,KZ,F
14:45:31,TLKM,RG,3580,1,D,CC,KZ,F
14:45:31,TLKM,RG,3580,16,D,CC,KZ,F
14:45:31,TLKM,RG,3580,2,D,CC,KZ,F
14:45:31,TLKM,RG,3580,6,D,CC,KZ,F
14:45:31,TLKM,RG,3580,10,D,CC,KZ,F
14:45:30,TLKM,RG,3580,265,D,CC,PD,D
14:45:29,TLKM,RG,3580,52,D,CC,DX,F
14:45:29,TLKM,RG,3580,50,D,CC,PD,D
14:45:28,TLKM,RG,3580,100,D,CC,GR,D
14:45:27,TLKM,RG,3580,1000,D,CC,YP,D
14:45:27,TLKM,RG,3580,51,D,CC,DX,F
14:45:27,TLKM,RG,3580,1,D,CC,XC,D
14:45:26,TLKM,RG,3580,25,D,CC,CC,D
14:45:25,TLKM,RG,3580,51,D,CC,DX,F
14:45:25,TLKM,RG,3580,500,D,CC,YP,D
14:45:24,TLKM,RG,3580,1,D,CC,PD,D
14:45:24,TLKM,RG,3580,1,D,CC,PD,D
14:45:24,TLKM,RG,3580,1,D,CC,PD,D
14:45:24,TLKM,RG,3580,1,D,CC,PD,D
14:45:24,TLKM,RG,3580,50,D,CC,RX,F
14:45:23,TLKM,RG,3580,50,D,CC,DX,F
14:45:23,TLKM,RG,3580,43,D,CC,CS,D
14:45:22,TLKM,RG,3580,50,D,CC,KK,D
14:45:22,TLKM,RG,3590,1,D,XL,AK,D
14:45:21,TLKM,RG,3580,51,D,CC,DX,F
14:45:20,TLKM,RG,3580,1,D,CC,PD,D
14:45:20,TLKM,RG,3580,1,D,CC,PD,D
14:45:19,TLKM,RG,3580,46,D,CC,DX,F
14:45:19,TLKM,RG,3590,1,D,NI,AK,D
14:45:17,TLKM,RG,3580,2,D,CC,XA,D
14:45:17,TLKM,RG,3580,5,D,CC,PD,D
14:45:17,TLKM,RG,3580,20,D,CC,YU,D
14:45:16,TLKM,RG,3580,10,D,CC,DH,D
14:45:14,TLKM,RG,3590,20,D,KK,AK,D
14:45:13,TLKM,RG,3580,39,D,CC,RX,F
14:45:12,TLKM,RG,3590,50,D,NI,AK,D
14:45:12,TLKM,RG,3590,45,D,CC,AK,D
14:45:12,TLKM,RG,3590,20,D,CC,AK,D
14:45:12,TLKM,RG,3590,65,D,CC,AK,D
14:45:09,TLKM,RG,3590,5,D,KK,AK,D
14:45:08,TLKM,RG,3580,37,D,CC,PD,D
14:45:08,TLKM,RG,3580,1971,D,CC,YU,F
14:45:08,TLKM,RG,3580,1,D,DH,YU,F
14:45:08,TLKM,RG,3580,10,D,YP,YU,F
14:45:08,TLKM,RG,3580,5,D,XC,YU,F
14:45:08,TLKM,RG,3580,1,D,NI,YU,F
14:45:08,TLKM,RG,3580,1,D,YP,YU,F
14:45:08,TLKM,RG,3580,2,D,PD,YU,F
14:45:08,TLKM,RG,3580,1,D,SQ,YU,F
14:45:08,TLKM,RG,3580,8,D,YB,YU,F
14:45:07,TLKM,RG,3580,10,D,YB,XC,D
14:45:07,TLKM,RG,3580,32,D,YB,YP,D
14:45:07,TLKM,RG,3580,18,F,AK,YP,D
14:45:05,TLKM,RG,3580,79,F,AK,RX,F
14:45:03,TLKM,RG,3580,100,D,YP,AZ,D
14:45:02,TLKM,RG,3590,5,D,CC,AK,D
14:45:01,TLKM,RG,3580,20,F,TP,PD,D
14:45:01,TLKM,RG,3580,18,F,TP,ZP,F
14:45:01,TLKM,RG,3580,982,F,TP,PD,D
14:45:01,TLKM,RG,3580,1329,F,TP,PD,D
14:45:01,TLKM,RG,3580,92,F,TP,PD,D
14:45:01,TLKM,RG,3580,181,F,TP,PD,D
14:45:01,TLKM,RG,3580,22,F,TP,PD,D
14:45:01,TLKM,RG,3580,369,F,TP,PD,D
14:45:01,TLKM,RG,3580,432,F,TP,PD,D
14:45:01,TLKM,RG,3580,3,D,PD,PD,D
14:45:01,TLKM,RG,3580,14,F,TP,PD,D
14:45:01,TLKM,RG,3580,753,F,TP,PD,D
14:45:01,TLKM,RG,3580,4,D,SQ,PD,D
14:45:01,TLKM,RG,3580,10,D,NI,PD,D
14:45:01,TLKM,RG,3580,1,F,ZP,PD,D
14:45:01,TLKM,RG,3580,10,D,DH,PD,D
14:45:01,TLKM,RG,3580,1,D,YP,PD,D
14:45:01,TLKM,RG,3580,1,D,YP,PD,D
14:45:01,TLKM,RG,3580,47,F,BK,PD,D
14:45:01,TLKM,RG,3580,7,F,BK,PD,D
14:45:01,TLKM,RG,3580,270,F,BK,PD,D
14:45:00,TLKM,RG,3580,300,F,BK,PD,D
14:45:00,TLKM,RG,3580,142,F,BK,PD,D
14:45:00,TLKM,RG,3580,2,F,BK,PD,D
14:45:00,TLKM,RG,3580,6,F,ZP,PD,D
14:45:00,TLKM,RG,3580,15,D,YP,PD,D
14:45:00,TLKM,RG,3580,85,D,YP,GR,D
14:45:00,TLKM,RG,3580,50,D,XL,GR,D
14:45:00,TLKM,RG,3580,1,F,BK,GR,D
14:45:00,TLKM,RG,3580,14,D,CC,GR,D
14:44:58,TLKM,RG,3580,21,D,CC,XC,D
14:44:57,TLKM,RG,3590,1,D,PD,AK,D
14:44:57,TLKM,RG,3590,1,D,XC,AK,D
14:44:56,TLKM,RG,3580,33,D,CC,XL,D
14:44:56,TLKM,RG,3580,1,D,EP,CS,D
14:44:56,TLKM,RG,3580,126,F,TP,ZP,F
14:44:56,TLKM,RG,3580,52,F,TP,CC,D
14:44:56,TLKM,RG,3580,130,F,TP,ZP,F
14:44:55,TLKM,RG,3580,2,D,XL,ZP,F
14:44:55,TLKM,RG,3580,1,D,XC,CS,D
14:44:55,TLKM,RG,3580,467,F,TP,KZ,F
14:44:55,TLKM,RG,3580,195,F,TP,BK,F
14:44:55,TLKM,RG,3580,25,D,PD,BK,F
14:44:55,TLKM,RG,3580,10,F,TP,BK,F
14:44:55,TLKM,RG,3580,610,F,TP,DX,F
14:44:55,TLKM,RG,3580,55,F,TP,YP,D
14:44:55,TLKM,RG,3580,10,D,PD,YP,D
14:44:54,TLKM,RG,3580,3,F,TP,DX,F
14:44:54,TLKM,RG,3580,3,D,XC,DX,F
14:44:54,TLKM,RG,3590,5,D,XC,AK,D
14:44:53,TLKM,RG,3580,63,F,TP,KZ,F
14:44:53,TLKM,RG,3580,95,F,TP,ZP,F
14:44:53,TLKM,RG,3580,62,F,TP,ZP,F
14:44:53,TLKM,RG,3580,12,F,TP,ZP,F
14:44:53,TLKM,RG,3580,55,F,TP,YP,D
14:44:53,TLKM,RG,3580,1,F,TP,ZP,F
14:44:52,TLKM,RG,3580,53,F,TP,CC,D
14:44:52,TLKM,RG,3580,2,D,PD,CC,D
14:44:52,TLKM,RG,3580,37,D,KK,ZP,F
14:44:52,TLKM,RG,3580,63,D,KK,DX,F
14:44:52,TLKM,RG,3580,4,F,CS,CS,D
14:44:52,TLKM,RG,3580,5,D,DR,CS,D
14:44:52,TLKM,RG,3580,4,D,PD,AK,F
14:44:52,TLKM,RG,3580,4,D,DX,AK,F
14:44:52,TLKM,RG,3580,1,D,XC,AK,F
14:44:52,TLKM,RG,3580,1,F,ZP,AK,F
14:44:52,TLKM,RG,3580,5,D,LG,AK,F
14:44:52,TLKM,RG,3580,138,F,CC,AK,F
14:44:52,TLKM,RG,3580,3,D,PD,AK,F
14:44:52,TLKM,RG,3580,1,D,XC,AK,F
14:44:52,TLKM,RG,3580,3,D,XC,AK,F
14:44:52,TLKM,RG,3580,3,D,XC,AK,F
14:44:52,TLKM,RG,3580,1,D,XC,AK,F
14:44:52,TLKM,RG,3580,1869,F,BK,AK,F
14:44:52,TLKM,RG,3580,1,D,PD,AK,F
14:44:52,TLKM,RG,3580,2631,F,BK,AK,F
14:44:52,TLKM,RG,3580,392,F,BK,PD,D
14:44:52,TLKM,RG,3580,530,F,BK,PD,D
14:44:52,TLKM,RG,3580,37,F,BK,PD,D
14:44:52,TLKM,RG,3580,73,F,BK,PD,D
14:44:52,TLKM,RG,3580,9,F,BK,PD,D
14:44:52,TLKM,RG,3580,147,F,BK,PD,D
14:44:52,TLKM,RG,3580,179,F,BK,PD,D
14:44:52,TLKM,RG,3580,213,F,BK,PD,D
14:44:52,TLKM,RG,3580,117,F,AK,PD,D
14:44:52,TLKM,RG,3580,3,F,AK,PD,D
14:44:52,TLKM,RG,3580,107,F,AK,PD,D
14:44:52,TLKM,RG,3580,119,F,AK,PD,D
14:44:52,TLKM,RG,3580,57,F,AK,PD,D
14:44:52,TLKM,RG,3580,9,F,AK,PD,D
14:44:52,TLKM,RG,3580,40,F,AK,YP,D
14:44:51,TLKM,RG,3590,1,D,PD,AK,D
14:44:51,TLKM,RG,3590,6,D,YB,AK,D
14:44:50,TLKM,RG,3580,60,F,AK,DX,F
14:44:49,TLKM,RG,3580,1,F,AK,KZ,F
14:44:49,TLKM,RG,3580,300,F,AK,KZ,F
14:44:49,TLKM,RG,3580,90,F,YU,KZ,F
14:44:48,TLKM,RG,3580,77,F,YU,RX,F
14:44:48,TLKM,RG,3580,2,D,XC,RX,F
14:44:48,TLKM,RG,3580,15,D,GR,RX,F
14:44:48,TLKM,RG,3580,3,D,YP,RX,F
14:44:48,TLKM,RG,3580,14,D,DH,RX,F
14:44:48,TLKM,RG,3580,50,D,KK,RX,F
14:44:48,TLKM,RG,3580,5,D,PD,RX,F
14:44:48,TLKM,RG,3580,32,D,PD,RX,F
14:44:48,TLKM,RG,3580,68,D,PD,YP,D
14:44:48,TLKM,RG,3580,50,D,PC,YP,D
14:44:48,TLKM,RG,3580,40,D,CP,YP,D
14:44:48,TLKM,RG,3580,1,D,PD,YP,D
14:44:48,TLKM,RG,3580,1,D,XL,YP,D
14:44:48,TLKM,RG,3580,10,D,PD,YP,D
14:44:48,TLKM,RG,3580,20,D,NI,YP,D
14:44:48,TLKM,RG,3580,1,D,PD,YP,D
14:44:48,TLKM,RG,3580,10,D,YB,YP,D
14:44:48,TLKM,RG,3580,5,D,YB,YP,D
14:44:48,TLKM,RG,3580,1,D,CC,YP,D
14:44:48,TLKM,RG,3580,14,D,NI,YP,D
14:44:48,TLKM,RG,3580,20,D,AZ,YP,D
14:44:48,TLKM,RG,3580,5,D,YP,YP,D
14:44:48,TLKM,RG,3580,1,D,PD,YP,D
14:44:48,TLKM,RG,3580,3,D,YP,YP,D
14:44:48,TLKM,RG,3580,1,D,XC,YP,D
14:44:48,TLKM,RG,3580,49,D,YP,YP,D
14:44:47,TLKM,RG,3580,22,D,YP,YP,D
14:44:46,TLKM,RG,3580,64,D,YP,KZ,F
14:44:46,TLKM,RG,3580,5,D,YP,KZ,F
14:44:46,TLKM,RG,3580,3,D,YP,KZ,F
14:44:46,TLKM,RG,3580,21,D,YP,KZ,F
14:44:46,TLKM,RG,3580,1,D,XC,KZ,F
14:44:46,TLKM,RG,3580,9,D,XL,KZ,F
14:44:46,TLKM,RG,3580,1,D,PD,KZ,F
14:44:46,TLKM,RG,3580,100,D,NI,KZ,F
14:44:46,TLKM,RG,3580,1,D,YP,KZ,F
14:44:46,TLKM,RG,3580,85,F,ZP,KZ,F
14:44:46,TLKM,RG,3580,1,D,PD,KZ,F
14:44:46,TLKM,RG,3580,1,D,XC,KZ,F
14:44:46,TLKM,RG,3580,10,D,SQ,KZ,F
14:44:46,TLKM,RG,3580,162,F,BK,KZ,F
14:44:46,TLKM,RG,3580,109,F,BK,KZ,F
14:44:46,TLKM,RG,3580,208,F,BK,KZ,F
14:44:46,TLKM,RG,3580,59,F,BK,DX,F
14:44:45,TLKM,RG,3590,24,D,KK,AK,D
14:44:44,TLKM,RG,3590,28,D,HP,AK,D
14:44:44,TLKM,RG,3590,22,D,HP,AK,D
14:44:44,TLKM,RG,3590,20,D,YB,AK,D
14:44:43,TLKM,RG,3580,6,F,BK,CC,D
14:44:43,TLKM,RG,3580,55,F,BK,DX,F
14:44:43,TLKM,RG,3580,10,F,BK,OD,D
14:44:42,TLKM,RG,3580,43,F,BK,MG,D
14:44:42,TLKM,RG,3580,100,D,SQ,MG,D
14:44:42,TLKM,RG,3580,20,D,YP,MG,D
14:44:42,TLKM,RG,3580,2,D,XC,MG,D
14:44:42,TLKM,RG,3580,1,D,XC,MG,D
14:44:42,TLKM,RG,3580,250,D,YP,MG,D
14:44:42,TLKM,RG,3580,1,D,YP,MG,D
14:44:42,TLKM,RG,3580,55,D,DH,MG,D
14:44:42,TLKM,RG,3580,1,D,PD,MG,D
14:44:42,TLKM,RG,3580,1,D,XC,MG,D
14:44:42,TLKM,RG,3580,20,D,PD,MG,D
14:44:42,TLKM,RG,3580,1,D,XL,MG,D
14:44:42,TLKM,RG,3580,15,D,XL,MG,D
14:44:42,TLKM,RG,3580,30,D,YP,MG,D
14:44:42,TLKM,RG,3580,1,D,XC,MG,D
14:44:42,TLKM,RG,3580,2,D,XC,MG,D
14:44:42,TLKM,RG,3580,20,D,YP,MG,D
14:44:42,TLKM,RG,3580,10,D,YP,MG,D
14:44:42,TLKM,RG,3580,10,D,KK,MG,D
14:44:42,TLKM,RG,3580,3,D,CC,MG,D
14:44:42,TLKM,RG,3580,5,D,YP,MG,D
14:44:42,TLKM,RG,3580,10,D,YP,MG,D
14:44:42,TLKM,RG,3580,1,D,PD,MG,D
14:44:42,TLKM,RG,3580,10,D,YB,MG,D
14:44:42,TLKM,RG,3580,2,D,NI,MG,D
14:44:42,TLKM,RG,3580,100,D,KK,MG,D
14:44:42,TLKM,RG,3580,5,D,AT,MG,D
14:44:42,TLKM,RG,3580,10,D,PD,MG,D
14:44:42,TLKM,RG,3580,1,F,BK,MG,D
14:44:42,TLKM,RG,3580,2,D,YP,MG,D
14:44:42,TLKM,RG,3580,20,D,PD,MG,D
14:44:42,TLKM,RG,3580,1,D,CC,MG,D
14:44:42,TLKM,RG,3580,1,D,XC,MG,D
14:44:42,TLKM,RG,3580,2,D,YP,MG,D
14:44:42,TLKM,RG,3580,2,D,PD,MG,D
14:44:42,TLKM,RG,3580,1,D,XC,MG,D
14:44:42,TLKM,RG,3580,5,D,XC,MG,D
14:44:42,TLKM,RG,3580,5,D,CC,MG,D
14:44:42,TLKM,RG,3580,1,D,DH,MG,D
14:44:42,TLKM,RG,3580,1,D,XC,MG,D
14:44:42,TLKM,RG,3580,3,D,BQ,MG,D
14:44:42,TLKM,RG,3580,2,D,YU,MG,D
14:44:42,TLKM,RG,3580,10,D,LG,MG,D
14:44:42,TLKM,RG,3580,10,D,GR,MG,D
14:44:42,TLKM,RG,3580,50,D,PD,MG,D
14:44:42,TLKM,RG,3580,7,D,PD,MG,D
14:44:42,TLKM,RG,3580,1,D,PD,MG,D
14:44:42,TLKM,RG,3580,2,D,YP,MG,D
14:44:42,TLKM,RG,3580,10,D,KK,MG,D
14:44:42,TLKM,RG,3580,1,D,KK,MG,D
14:44:42,TLKM,RG,3580,1,D,PD,MG,D
14:44:42,TLKM,RG,3580,1,D,YP,MG,D
14:44:42,TLKM,RG,3580,5,D,YU,MG,D
14:44:42,TLKM,RG,3580,1,D,XC,MG,D
14:44:42,TLKM,RG,3580,9,D,AZ,MG,D
14:44:42,TLKM,RG,3580,10,D,YP,MG,D
14:44:42,TLKM,RG,3580,100,D,PD,MG,D
14:44:42,TLKM,RG,3580,3,D,CC,MG,D
14:44:42,TLKM,RG,3580,633,F,BK,MG,D
14:44:42,TLKM,RG,3580,1,F,AK,MG,D
14:44:42,TLKM,RG,3580,1,D,PD,MG,D
14:44:42,TLKM,RG,3580,100,D,AG,MG,D
14:44:42,TLKM,RG,3580,1,D,EP,MG,D
14:44:42,TLKM,RG,3580,45,D,XC,MG,D
14:44:42,TLKM,RG,3580,1,D,PD,MG,D
14:44:42,TLKM,RG,3580,2,D,PD,MG,D
14:44:42,TLKM,RG,3580,2,D,XC,MG,D
14:44:42,TLKM,RG,3580,20,D,LG,MG,D
14:44:42,TLKM,RG,3580,5,D,YP,MG,D
14:44:42,TLKM,RG,3580,4,D,PD,MG,D
14:44:42,TLKM,RG,3580,130,D,KK,MG,D
14:44:42,TLKM,RG,3580,10,D,OD,MG,D
14:44:42,TLKM,RG,3580,5,D,PD,MG,D
14:44:42,TLKM,RG,3580,3,D,XC,MG,D
14:44:42,TLKM,RG,3580,1,D,IF,MG,D
14:44:42,TLKM,RG,3580,1,D,PD,MG,D
14:44:42,TLKM,RG,3580,5,D,CC,MG,D
14:44:42,TLKM,RG,3580,50,D,PD,MG,D
14:44:42,TLKM,RG,3580,1,D,PD,MG,D
14:44:42,TLKM,RG,3580,1,D,XL,MG,D
14:44:42,TLKM,RG,3580,10,D,DR,MG,D
14:44:42,TLKM,RG,3580,15,D,XC,MG,D
14:44:42,TLKM,RG,3580,14,D,LG,MG,D
14:44:42,TLKM,RG,3580,5,D,PD,MG,D
14:44:42,TLKM,RG,3580,2,D,YP,MG,D
14:44:42,TLKM,RG,3580,3,D,EP,MG,D
14:44:42,TLKM,RG,3580,10,D,XL,MG,D
14:44:42,TLKM,RG,3580,590,F,BK,MG,D
14:44:42,TLKM,RG,3580,1,D,XC,MG,D
14:44:42,TLKM,RG,3580,1,D,YP,MG,D
14:44:42,TLKM,RG,3580,1,D,SQ,MG,D
14:44:42,TLKM,RG,3580,2,D,OD,MG,D
14:44:42,TLKM,RG,3580,1039,F,CS,MG,D
14:44:42,TLKM,RG,3580,3,D,XL,MG,D
14:44:42,TLKM,RG,3580,1000,D,DH,MG,D
14:44:42,TLKM,RG,3580,1,D,XL,MG,D
14:44:42,TLKM,RG,3580,5,D,DR,MG,D
14:44:42,TLKM,RG,3580,5,D,XC,MG,D
14:44:42,TLKM,RG,3580,12,D,PD,MG,D
14:44:42,TLKM,RG,3580,29,D,XC,MG,D
14:44:42,TLKM,RG,3580,20,D,XL,MG,D
14:44:42,TLKM,RG,3580,20,D,NI,MG,D
14:44:42,TLKM,RG,3580,1,D,XC,MG,D
14:44:42,TLKM,RG,3580,1,D,YP,MG,D
14:44:42,TLKM,RG,3580,10,D,YP,MG,D
14:44:42,TLKM,RG,3580,10,D,SQ,MG,D
14:44:42,TLKM,RG,3580,5,D,YB,MG,D
14:44:42,TLKM,RG,3580,1,D,PD,MG,D
14:44:42,TLKM,RG,3580,165,D,DR,MG,D
14:44:42,TLKM,RG,3580,835,D,DR,MG,D
14:44:42,TLKM,RG,3580,8,D,PD,MG,D
14:44:42,TLKM,RG,3580,10,D,KK,MG,D
14:44:42,TLKM,RG,3580,2,D,PD,MG,D
14:44:42,TLKM,RG,3580,1,D,XC,MG,D
14:44:42,TLKM,RG,3580,5,D,NI,MG,D
14:44:42,TLKM,RG,3580,3,D,PD,MG,D
14:44:42,TLKM,RG,3580,12,D,YP,MG,D
14:44:42,TLKM,RG,3580,5,D,NI,MG,D
14:44:42,TLKM,RG,3580,3,D,XC,MG,D
14:44:42,TLKM,RG,3580,1,D,YP,MG,D
14:44:42,TLKM,RG,3580,2,D,OD,MG,D
14:44:42,TLKM,RG,3580,1,D,PD,MG,D
14:44:42,TLKM,RG,3580,1479,F,BK,MG,D
14:44:42,TLKM,RG,3580,1,D,AZ,MG,D
14:44:42,TLKM,RG,3580,14,D,PD,MG,D
14:44:42,TLKM,RG,3580,5,D,AN,MG,D
14:44:42,TLKM,RG,3580,3,D,PD,MG,D
14:44:42,TLKM,RG,3580,3,D,XC,MG,D
14:44:42,TLKM,RG,3580,2,D,PD,MG,D
14:44:42,TLKM,RG,3580,10,D,PD,MG,D
14:44:42,TLKM,RG,3580,250,D,SQ,MG,D
14:44:42,TLKM,RG,3580,5,D,KK,MG,D
14:44:42,TLKM,RG,3580,1,D,PD,MG,D
14:44:42,TLKM,RG,3580,10,D,XL,MG,D
14:44:42,TLKM,RG,3580,1,D,DR,MG,D
14:44:42,TLKM,RG,3580,2328,D,CC,MG,D
14:44:41,TLKM,RG,3590,37,F,RX,AK,D
14:44:41,TLKM,RG,3580,15,D,CC,YP,D
14:44:41,TLKM,RG,3580,2500,D,CC,KZ,D
14:44:41,TLKM,RG,3580,157,D,CC,KZ,D
14:44:41,TLKM,RG,3580,1,D,PD,KZ,D
14:44:41,TLKM,RG,3580,5,D,SQ,KZ,D
14:44:41,TLKM,RG,3580,7,D,KK,KZ,D
14:44:41,TLKM,RG,3580,1,D,YP,KZ,D
14:44:41,TLKM,RG,3580,604,F,BK,KZ,D
14:44:41,TLKM,RG,3580,3,D,XC,KZ,D
14:44:41,TLKM,RG,3580,5,D,YB,KZ,D
14:44:41,TLKM,RG,3580,1,D,YP,KZ,D
14:44:41,TLKM,RG,3580,10,D,XL,KZ,D
14:44:41,TLKM,RG,3580,2,D,MK,KZ,D
14:44:41,TLKM,RG,3580,10,D,ES,KZ,D
14:44:41,TLKM,RG,3580,25,D,ES,KZ,D
14:44:41,TLKM,RG,3580,50,D,NI,KZ,D
14:44:41,TLKM,RG,3580,1,D,PD,KZ,D
14:44:41,TLKM,RG,3580,1,D,NI,KZ,D
14:44:41,TLKM,RG,3580,1,D,CC,KZ,D
14:44:41,TLKM,RG,3580,3,D,YP,KZ,D
14:44:41,TLKM,RG,3580,2,D,YP,KZ,D
14:44:41,TLKM,RG,3580,2,D,NI,KZ,D
14:44:41,TLKM,RG,3580,100,D,CC,KZ,D
14:44:41,TLKM,RG,3580,50,D,HP,KZ,D
14:44:41,TLKM,RG,3580,1,D,PD,KZ,D
14:44:41,TLKM,RG,3580,1,D,YP,KZ,D
14:44:41,TLKM,RG,3580,50,D,YP,KZ,D
14:44:41,TLKM,RG,3580,1,D,PD,KZ,D
14:44:41,TLKM,RG,3580,2,D,XL,KZ,D
14:44:41,TLKM,RG,3580,25,D,YP,KZ,D
14:44:41,TLKM,RG,3580,10,D,XC,KZ,D
14:44:41,TLKM,RG,3580,2,D,SQ,KZ,D
14:44:41,TLKM,RG,3580,3,D,KK,KZ,D
14:44:41,TLKM,RG,3580,1,D,XC,KZ,D
14:44:41,TLKM,RG,3580,5,D,BQ,KZ,D
14:44:41,TLKM,RG,3580,2,D,PD,KZ,D
14:44:41,TLKM,RG,3580,17,F,BK,KZ,D
14:44:41,TLKM,RG,3580,10,D,XC,KZ,D
14:44:41,TLKM,RG,3580,50,D,EP,KZ,D
14:44:41,TLKM,RG,3580,731,F,BK,KZ,D
14:44:41,TLKM,RG,3580,5,D,OD,KZ,D
14:44:41,TLKM,RG,3580,5,D,HP,KZ,D
14:44:41,TLKM,RG,3580,3,D,PD,KZ,D
14:44:41,TLKM,RG,3580,100,D,LG,KZ,D
14:44:41,TLKM,RG,3580,3,D,YB,KZ,D
14:44:41,TLKM,RG,3580,2,D,PD,KZ,D
14:44:41,TLKM,RG,3580,39,D,NI,KZ,D
14:44:41,TLKM,RG,3580,500,D,ZP,KZ,D
14:44:41,TLKM,RG,3580,100,D,TP,KZ,D
14:44:41,TLKM,RG,3580,2,D,YP,KZ,D
14:44:41,TLKM,RG,3580,86,D,KK,KZ,D
14:44:41,TLKM,RG,3580,10,D,NI,KZ,D
14:44:41,TLKM,RG,3580,2,D,LG,KZ,D
14:44:41,TLKM,RG,3580,10,D,XL,KZ,D
14:44:41,TLKM,RG,3580,8,D,CC,KZ,D
14:44:41,TLKM,RG,3580,10,D,NI,KZ,D
14:44:41,TLKM,RG,3580,1,D,XC,KZ,D
14:44:41,TLKM,RG,3580,10,D,CC,KZ,D
14:44:41,TLKM,RG,3580,1,D,CC,KZ,D
14:44:41,TLKM,RG,3580,10,D,SQ,KZ,D
14:44:41,TLKM,RG,3580,1,D,GR,KZ,D
14:44:41,TLKM,RG,3580,25,D,PD,KZ,D
14:44:41,TLKM,RG,3580,559,F,BK,KZ,D
14:44:41,TLKM,RG,3580,3,D,LG,KZ,D
14:44:41,TLKM,RG,3580,3,D,NI,KZ,D
14:44:41,TLKM,RG,3580,2,D,YP,KZ,D
14:44:41,TLKM,RG,3580,3,D,LG,KZ,D
14:44:41,TLKM,RG,3580,50,D,PD,KZ,D
14:44:41,TLKM,RG,3580,100,D,GR,KZ,D
14:44:41,TLKM,RG,3580,1,D,XC,KZ,D
14:44:41,TLKM,RG,3580,54,D,CC,KZ,D
14:44:41,TLKM,RG,3580,10,D,GR,KZ,D
14:44:41,TLKM,RG,3580,1,D,XC,KZ,D
14:44:41,TLKM,RG,3580,2,D,XL,KZ,D
14:44:41,TLKM,RG,3580,27,D,YP,KZ,D
14:44:41,TLKM,RG,3580,1,D,KK,KZ,D
14:44:41,TLKM,RG,3580,100,D,KK,KZ,D
14:44:41,TLKM,RG,3580,5,D,OD,KZ,D
14:44:41,TLKM,RG,3580,1,D,DH,KZ,D
14:44:41,TLKM,RG,3580,5,D,LG,KZ,D
14:44:41,TLKM,RG,3580,20,D,CC,KZ,D
14:44:41,TLKM,RG,3580,2,D,XC,KZ,D
14:44:41,TLKM,RG,3580,5,D,PD,KZ,D
14:44:41,TLKM,RG,3580,10,D,LG,KZ,D
14:44:41,TLKM,RG,3580,5,D,NI,KZ,D
14:44:41,TLKM,RG,3580,69,D,XL,KZ,D
14:44:41,TLKM,RG,3580,5,D,PD,KZ,D
14:44:41,TLKM,RG,3580,8,D,PD,KZ,D
14:44:41,TLKM,RG,3580,10,D,PD,KZ,D
14:44:41,TLKM,RG,3580,9,D,XL,KZ,D
14:44:41,TLKM,RG,3580,164,D,CC,KZ,D
14:44:41,TLKM,RG,3580,10,D,YU,KZ,D
14:44:41,TLKM,RG,3580,2,D,XC,KZ,D
14:44:41,TLKM,RG,3580,1,D,OD,KZ,D
14:44:41,TLKM,RG,3580,2,D,AZ,KZ,D
14:44:41,TLKM,RG,3580,1,D,DR,KZ,D
14:44:41,TLKM,RG,3580,1,D,CC,KZ,D
14:44:41,TLKM,RG,3580,25,D,IP,KZ,D
14:44:41,TLKM,RG,3580,1,D,YP,KZ,D
14:44:41,TLKM,RG,3580,27,D,PD,KZ,D
14:44:41,TLKM,RG,3580,25,D,YP,KZ,D
14:44:41,TLKM,RG,3580,1,D,DH,KZ,D
14:44:41,TLKM,RG,3580,20,D,YP,KZ,D
14:44:41,TLKM,RG,3580,1,D,AT,KZ,D
14:44:41,TLKM,RG,3580,100,D,YP,KZ,D
14:44:41,TLKM,RG,3580,1,D,NI,KZ,D
14:44:41,TLKM,RG,3580,3,D,NI,KZ,D
14:44:41,TLKM,RG,3580,1,D,XC,KZ,D
14:44:41,TLKM,RG,3580,1,D,YP,KZ,D
14:44:41,TLKM,RG,3580,1,D,PD,KZ,D
14:44:41,TLKM,RG,3580,10,D,PD,KZ,D
14:44:41,TLKM,RG,3580,250,D,SQ,KZ,D
14:44:41,TLKM,RG,3580,15,D,KK,KZ,D
14:44:41,TLKM,RG,3580,500,D,XA,KZ,D
14:44:41,TLKM,RG,3580,1,D,DR,KZ,D
14:44:41,TLKM,RG,3580,2,D,YP,KZ,D
14:44:41,TLKM,RG,3580,1,D,XC,KZ,D
14:44:41,TLKM,RG,3580,50,D,SQ,KZ,D
14:44:41,TLKM,RG,3580,20,D,NI,KZ,D
14:44:41,TLKM,RG,3580,50,D,YP,KZ,D
14:44:41,TLKM,RG,3580,5,D,YP,KZ,D
14:44:41,TLKM,RG,3580,551,F,BK,KZ,D
14:44:41,TLKM,RG,3580,10,D,CC,KZ,D
14:44:41,TLKM,RG,3580,1,D,CC,KZ,D
14:44:41,TLKM,RG,3580,1,D,XC,KZ,D
14:44:41,TLKM,RG,3580,10,D,SQ,KZ,D
14:44:41,TLKM,RG,3580,10,D,OD,KZ,D
14:44:41,TLKM,RG,3580,50,D,PD,KZ,D
14:44:41,TLKM,RG,3580,1,D,YP,KZ,D
14:44:41,TLKM,RG,3580,800,D,CC,KZ,D
14:44:41,TLKM,RG,3580,1,D,XC,KZ,D
14:44:41,TLKM,RG,3580,37,D,PD,KZ,D
14:44:41,TLKM,RG,3580,10,D,CC,KZ,D
14:44:41,TLKM,RG,3580,1,D,XC,KZ,D
14:44:41,TLKM,RG,3580,2,D,XL,KZ,D
14:44:41,TLKM,RG,3580,10,D,PD,KZ,D
14:44:41,TLKM,RG,3580,2,D,LG,KZ,D
14:44:41,TLKM,RG,3580,2,D,XC,KZ,D
14:44:41,TLKM,RG,3580,7,D,NI,KZ,D
14:44:41,TLKM,RG,3580,5,D,PD,KZ,D
14:44:41,TLKM,RG,3580,10,D,DX,KZ,D
14:44:41,TLKM,RG,3580,250,D,KK,KZ,D
14:44:41,TLKM,RG,3580,10,D,KK,KZ,D
14:44:41,TLKM,RG,3580,5,D,GR,KZ,D
14:44:41,TLKM,RG,3580,5,D,PD,KZ,D
14:44:41,TLKM,RG,3580,27,D,AI,KZ,D
14:44:41,TLKM,RG,3580,1,D,YP,KZ,D
14:44:41,TLKM,RG,3580,3,D,YP,KZ,D
14:44:41,TLKM,RG,3580,20,D,CP,KZ,D
14:44:41,TLKM,RG,3580,6,D,YP,KZ,D
14:44:41,TLKM,RG,3580,3,D,CC,KZ,D
14:44:41,TLKM,RG,3580,50,D,CP,KZ,D
14:44:41,TLKM,RG,3580,1,D,NI,KZ,D
14:44:41,TLKM,RG,3580,2,D,NI,KZ,D
14:44:41,TLKM,RG,3580,5,D,YP,KZ,D
14:44:41,TLKM,RG,3580,1,D,PD,KZ,D
14:44:41,TLKM,RG,3580,20,D,LG,KZ,D
14:44:41,TLKM,RG,3580,2,D,PD,KZ,D
14:44:41,TLKM,RG,3580,5,D,PD,KZ,D
14:44:41,TLKM,RG,3580,5,D,CC,KZ,D
14:44:41,TLKM,RG,3580,1,D,YP,KZ,D
14:44:41,TLKM,RG,3580,1,D,AG,KZ,D
14:44:41,TLKM,RG,3580,15,D,NI,KZ,D
14:44:41,TLKM,RG,3580,1,D,DH,KZ,D
14:44:41,TLKM,RG,3580,1,D,PD,KZ,D
14:44:41,TLKM,RG,3580,1,D,XC,KZ,D
14:44:41,TLKM,RG,3580,5,D,OD,KZ,D
14:44:41,TLKM,RG,3580,1,D,XC,KZ,D
14:44:41,TLKM,RG,3580,10,D,XL,KZ,D
14:44:41,TLKM,RG,3580,1,D,PD,KZ,D
14:44:41,TLKM,RG,3580,4,D,XC,KZ,D
14:44:41,TLKM,RG,3580,5,D,CC,KZ,D
14:44:41,TLKM,RG,3580,521,F,BK,KZ,D
14:44:41,TLKM,RG,3580,8,D,PD,KZ,D
14:44:41,TLKM,RG,3580,1,D,CC,KZ,D
14:44:41,TLKM,RG,3580,1,D,OD,KZ,D
14:44:41,TLKM,RG,3580,26,D,PD,KZ,D
14:44:41,TLKM,RG,3580,1,D,XC,KZ,D
14:44:41,TLKM,RG,3580,2,D,PD,KZ,D
14:44:41,TLKM,RG,3580,1,D,YP,KZ,D
14:44:41,TLKM,RG,3580,3,D,SQ,KZ,D
14:44:41,TLKM,RG,3580,10,D,PD,KZ,D
14:44:41,TLKM,RG,3580,1,D,XC,KZ,D
14:44:41,TLKM,RG,3580,1,D,XC,KZ,D
14:44:41,TLKM,RG,3580,20,D,BQ,KZ,D
14:44:41,TLKM,RG,3580,10,D,CC,KZ,D
14:44:41,TLKM,RG,3580,1,D,CC,KZ,D
14:44:41,TLKM,RG,3580,5,D,YP,KZ,D
14:44:41,TLKM,RG,3580,3,D,NI,KZ,D
14:44:41,TLKM,RG,3580,1,D,CC,KZ,D
14:44:41,TLKM,RG,3580,5,D,SQ,KZ,D
14:44:41,TLKM,RG,3580,5,D,YP,KZ,D
14:44:41,TLKM,RG,3580,1,D,CC,KZ,D
14:44:41,TLKM,RG,3580,1,D,YP,KZ,D
14:44:41,TLKM,RG,3580,20,D,PD,KZ,D
14:44:41,TLKM,RG,3580,15,D,PD,KZ,D
14:44:41,TLKM,RG,3580,28,D,XL,KZ,D
14:44:41,TLKM,RG,3580,5,D,CC,KZ,D
14:44:41,TLKM,RG,3580,5,D,YB,KZ,D
14:44:41,TLKM,RG,3580,20,D,CC,KZ,D
14:44:41,TLKM,RG,3580,10,D,LG,KZ,D
14:44:41,TLKM,RG,3580,1,D,KK,KZ,D
14:44:41,TLKM,RG,3580,10,D,YP,KZ,D
14:44:41,TLKM,RG,3580,2,D,PD,KZ,D
14:44:41,TLKM,RG,3580,10,D,YP,KZ,D
14:44:41,TLKM,RG,3580,1,D,KK,KZ,D
14:44:41,TLKM,RG,3580,10,D,YP,KZ,D
14:44:41,TLKM,RG,3580,3,D,PD,KZ,D
14:44:41,TLKM,RG,3580,40,D,YP,KZ,D
14:44:41,TLKM,RG,3580,3,D,NI,KZ,D
14:44:41,TLKM,RG,3580,1,D,PD,KZ,D
14:44:41,TLKM,RG,3580,1,D,NI,KZ,D
14:44:41,TLKM,RG,3580,10,D,CC,KZ,D
14:44:41,TLKM,RG,3580,10,D,TP,KZ,D
14:44:41,TLKM,RG,3580,30,D,CC,KZ,D
14:44:41,TLKM,RG,3580,2,D,PD,KZ,D
14:44:41,TLKM,RG,3580,5,D,PD,KZ,D
14:44:41,TLKM,RG,3580,6,F,ZP,KZ,D
14:44:41,TLKM,RG,3580,15,D,YP,KZ,D
14:44:41,TLKM,RG,3580,5,D,XC,KZ,D
14:44:41,TLKM,RG,3580,1,D,XC,KZ,D
14:44:41,TLKM,RG,3580,5,D,YP,KZ,D
14:44:41,TLKM,RG,3580,10,D,YP,KZ,D
14:44:41,TLKM,RG,3580,1,D,PD,KZ,D
14:44:41,TLKM,RG,3580,1,D,PD,KZ,D
14:44:41,TLKM,RG,3580,1,D,XL,KZ,D
14:44:41,TLKM,RG,3580,1,D,KK,KZ,D
14:44:41,TLKM,RG,3580,5,D,YB,KZ,D
14:44:41,TLKM,RG,3580,5,D,XL,KZ,D
14:44:41,TLKM,RG,3580,5,D,YP,KZ,D
14:44:41,TLKM,RG,3580,1,D,KK,KZ,D
14:44:41,TLKM,RG,3580,1,F,AK,KZ,D
14:44:41,TLKM,RG,3580,2,D,KK,KZ,D
14:44:41,TLKM,RG,3580,1,D,PD,KZ,D
14:44:41,TLKM,RG,3580,11,D,XL,KZ,D
14:44:41,TLKM,RG,3580,174,D,XL,KZ,D
14:44:41,TLKM,RG,3580,50,D,CC,KZ,D
14:44:41,TLKM,RG,3580,564,F,BK,KZ,D
14:44:41,TLKM,RG,3580,1,D,YP,KZ,D
14:44:41,TLKM,RG,3580,1,D,XC,KZ,D
14:44:41,TLKM,RG,3580,1,D,KK,KZ,D
14:44:41,TLKM,RG,3580,1,D,NI,KZ,D
14:44:41,TLKM,RG,3580,100,D,SQ,KZ,D
14:44:41,TLKM,RG,3580,4,D,XL,KZ,D
14:44:41,TLKM,RG,3580,3,D,AG,KZ,D
14:44:41,TLKM,RG,3580,3,D,PD,KZ,D
14:44:41,TLKM,RG,3580,3,D,NI,KZ,D
14:44:41,TLKM,RG,3580,6,F,ZP,KZ,D
14:44:41,TLKM,RG,3580,2,D,YP,KZ,D
14:44:41,TLKM,RG,3580,1,D,NI,KZ,D
14:44:41,TLKM,RG,3580,100,D,SQ,KZ,D
14:44:41,TLKM,RG,3580,20,D,YP,KZ,D
14:44:41,TLKM,RG,3580,15,D,SQ,KZ,D
14:44:41,TLKM,RG,3580,1,D,PD,KZ,D
14:44:41,TLKM,RG,3580,5,D,BQ,KZ,D
14:44:41,TLKM,RG,3580,10,D,YP,KZ,D
14:44:41,TLKM,RG,3580,1,D,PD,KZ,D
14:44:41,TLKM,RG,3580,1,D,XC,KZ,D
14:44:41,TLKM,RG,3580,30,D,DR,KZ,D
14:44:41,TLKM,RG,3580,1,D,XC,KZ,D
14:44:41,TLKM,RG,3580,489,F,RX,KZ,D
14:44:41,TLKM,RG,3580,1,D,XC,KZ,D
14:44:41,TLKM,RG,3580,5,D,CC,KZ,D
14:44:41,TLKM,RG,3580,2,D,PD,KZ,D
14:44:41,TLKM,RG,3580,1,D,YP,KZ,D
14:44:41,TLKM,RG,3580,10,D,KK,KZ,D
14:44:41,TLKM,RG,3580,25,D,YP,KZ,D
14:44:41,TLKM,RG,3580,1,D,YP,KZ,D
14:44:41,TLKM,RG,3580,3,D,NI,KZ,D
14:44:41,TLKM,RG,3580,1,D,XC,KZ,D
14:44:41,TLKM,RG,3580,2,D,NI,KZ,D
14:44:41,TLKM,RG,3580,3,D,CC,KZ,D
14:44:41,TLKM,RG,3580,1,D,CC,KZ,D
14:44:41,TLKM,RG,3580,2,D,PD,KZ,D
14:44:41,TLKM,RG,3580,5,D,CC,KZ,D
14:44:41,TLKM,RG,3580,528,F,CS,KZ,D
14:44:41,TLKM,RG,3580,500,D,LS,KZ,D
14:44:41,TLKM,RG,3580,3,D,XL,KZ,D
14:44:41,TLKM,RG,3580,50,D,LG,KZ,D
14:44:41,TLKM,RG,3580,30,D,LG,KZ,D
14:44:41,TLKM,RG,3580,200,D,YP,KZ,D
14:44:41,TLKM,RG,3580,1,D,GR,KZ,D
14:44:41,TLKM,RG,3580,6,F,ZP,KZ,D
14:44:41,TLKM,RG,3580,24,D,XC,KZ,D
14:44:41,TLKM,RG,3580,20,D,YP,KZ,D
14:44:41,TLKM,RG,3580,1,D,PD,KZ,D
14:44:41,TLKM,RG,3580,2,D,XL,KZ,D
14:44:41,TLKM,RG,3580,1,D,XC,KZ,D
14:44:41,TLKM,RG,3580,15,D,PD,KZ,D
14:44:41,TLKM,RG,3580,10,D,PC,KZ,D
14:44:41,TLKM,RG,3580,5,D,PD,KZ,D
14:44:41,TLKM,RG,3580,50,D,YP,KZ,D
14:44:41,TLKM,RG,3580,10,D,PD,KZ,D
14:44:41,TLKM,RG,3580,4,D,NI,KZ,D
14:44:41,TLKM,RG,3580,10,D,CC,KZ,D
14:44:41,TLKM,RG,3580,50,D,PD,KZ,D
14:44:41,TLKM,RG,3580,5,D,LG,KZ,D
14:44:41,TLKM,RG,3580,1,D,XC,KZ,D
14:44:41,TLKM,RG,3580,1,D,PD,KZ,D
14:44:41,TLKM,RG,3580,1,D,PD,KZ,D
14:44:41,TLKM,RG,3580,2,D,XC,KZ,D
14:44:41,TLKM,RG,3580,5,D,DR,KZ,D
14:44:41,TLKM,RG,3580,1,D,XC,KZ,D
14:44:41,TLKM,RG,3580,1,D,PD,KZ,D
14:44:41,TLKM,RG,3580,10,D,DX,KZ,D
14:44:41,TLKM,RG,3580,4,D,NI,KZ,D
14:44:41,TLKM,RG,3580,1,D,PD,KZ,D
14:44:41,TLKM,RG,3580,211,D,KK,KZ,D
14:44:41,TLKM,RG,3580,1,D,GR,KZ,D
14:44:41,TLKM,RG,3580,176,F,YU,KZ,D
14:44:41,TLKM,RG,3580,6,D,DR,KZ,D
14:44:41,TLKM,RG,3580,4,D,PD,KZ,D
14:44:41,TLKM,RG,3580,594,F,BK,KZ,D
14:44:41,TLKM,RG,3580,3,D,PD,KZ,D
14:44:41,TLKM,RG,3580,2,D,AT,KZ,D
14:44:41,TLKM,RG,3580,30,D,TP,KZ,D
14:44:41,TLKM,RG,3580,50,D,CC,KZ,D
14:44:41,TLKM,RG,3580,1,D,DR,KZ,D
14:44:41,TLKM,RG,3580,1,D,YP,KZ,D
14:44:41,TLKM,RG,3580,2,D,DR,KZ,D
14:44:41,TLKM,RG,3580,6,F,ZP,KZ,D
14:44:41,TLKM,RG,3580,25,D,GR,KZ,D
14:44:41,TLKM,RG,3580,1,D,CC,KZ,D
14:44:41,TLKM,RG,3580,1,D,KK,KZ,D
14:44:41,TLKM,RG,3580,100,D,PD,KZ,D
14:44:41,TLKM,RG,3580,2,D,NI,KZ,D
14:44:41,TLKM,RG,3580,20,D,OD,KZ,D
14:44:41,TLKM,RG,3580,3734,F,BK,KZ,D
14:44:41,TLKM,RG,3580,4,D,TF,KZ,D
14:44:41,TLKM,RG,3580,2,D,PD,KZ,D
14:44:41,TLKM,RG,3580,1,D,PD,KZ,D
14:44:41,TLKM,RG,3580,197,F,AK,KZ,D
14:44:41,TLKM,RG,3580,1,D,CC,KZ,D
14:44:41,TLKM,RG,3580,12,D,XC,KZ,D
14:44:41,TLKM,RG,3580,20,D,OD,KZ,D
14:44:41,TLKM,RG,3580,2,D,XC,KZ,D
14:44:41,TLKM,RG,3580,1,D,CC,KZ,D
14:44:41,TLKM,RG,3580,25,D,YB,KZ,D
14:44:41,TLKM,RG,3580,2,D,XL,KZ,D
14:44:41,TLKM,RG,3580,10,D,NI,KZ,D
14:44:41,TLKM,RG,3580,1,D,PD,KZ,D
14:44:41,TLKM,RG,3580,101,D,XC,KZ,D
14:44:41,TLKM,RG,3580,6,D,YP,KZ,D
14:44:41,TLKM,RG,3580,15,D,NI,KZ,D
14:44:41,TLKM,RG,3580,1,D,CC,KZ,D
14:44:41,TLKM,RG,3580,1,D,CC,KZ,D
14:44:41,TLKM,RG,3580,1,D,PD,KZ,D
14:44:41,TLKM,RG,3580,130,D,YP,KZ,D
14:44:41,TLKM,RG,3580,5,D,XA,KZ,D
14:44:41,TLKM,RG,3580,1,D,YB,KZ,D
14:44:41,TLKM,RG,3580,20,D,XC,KZ,D
14:44:41,TLKM,RG,3580,1,D,CC,KZ,D
14:44:41,TLKM,RG,3580,140,D,HP,KZ,D
14:44:41,TLKM,RG,3580,50,D,NI,KZ,D
14:44:41,TLKM,RG,3580,1,D,CC,KZ,D
14:44:41,TLKM,RG,3580,10,D,DH,KZ,D
14:44:41,TLKM,RG,3580,10,F,ZP,KZ,D
14:44:41,TLKM,RG,3580,500,D,CC,KZ,D
14:44:41,TLKM,RG,3580,3,D,NI,KZ,D
14:44:41,TLKM,RG,3580,2,D,XC,KZ,D
14:44:41,TLKM,RG,3580,2000,D,NI,KZ,D
14:44:41,TLKM,RG,3580,286,F,CC,KZ,D
14:44:41,TLKM,RG,3580,197,D,NI,KZ,D
14:44:41,TLKM,RG,3580,20,D,CP,KZ,D
14:44:41,TLKM,RG,3580,1,D,YP,KZ,D
14:44:41,TLKM,RG,3580,15,D,PD,KZ,D
14:44:41,TLKM,RG,3580,7,D,KK,KZ,D
14:44:41,TLKM,RG,3580,1,D,XL,KZ,D
14:44:41,TLKM,RG,3580,4,D,DH,KZ,D
14:44:41,TLKM,RG,3580,13,D,CC,KZ,D
14:44:41,TLKM,RG,3580,20,D,NI,KZ,D
14:44:41,TLKM,RG,3580,10,D,NI,KZ,D
14:44:41,TLKM,RG,3580,20,D,CC,KZ,D
14:44:41,TLKM,RG,3580,1,D,GR,KZ,D
14:44:41,TLKM,RG,3580,1120,F,RX,KZ,D
14:44:41,TLKM,RG,3580,10,D,XC,KZ,D
14:44:41,TLKM,RG,3580,1,D,XC,KZ,D
14:44:41,TLKM,RG,3580,1,D,YP,KZ,D
14:44:41,TLKM,RG,3580,50,D,PD,KZ,D
14:44:41,TLKM,RG,3580,20,D,CC,KZ,D
14:44:41,TLKM,RG,3580,3,D,NI,KZ,D
14:44:41,TLKM,RG,3580,42,D,XL,KZ,D
14:44:41,TLKM,RG,3580,14,D,XL,KZ,D
14:44:41,TLKM,RG,3580,100,D,LG,KZ,D
14:44:41,TLKM,RG,3580,20,D,YP,KZ,D
14:44:41,TLKM,RG,3580,1,D,AZ,KZ,D
14:44:41,TLKM,RG,3580,5,D,EP,KZ,D
14:44:41,TLKM,RG,3580,1,D,CC,KZ,D
14:44:41,TLKM,RG,3580,2,D,PD,KZ,D
14:44:41,TLKM,RG,3580,50,D,YP,KZ,D
14:44:41,TLKM,RG,3580,5,D,KK,KZ,D
14:44:41,TLKM,RG,3580,1,D,XC,KZ,D
14:44:41,TLKM,RG,3580,1,D,XC,KZ,D
14:44:41,TLKM,RG,3580,1,D,XL,KZ,D
14:44:41,TLKM,RG,3580,25,D,KK,KZ,D
14:44:41,TLKM,RG,3580,9,D,NI,KZ,D
14:44:41,TLKM,RG,3580,2,D,XC,KZ,D
14:44:41,TLKM,RG,3580,8292,F,RX,KZ,D
14:44:41,TLKM,RG,3580,1708,F,RX,KZ,D
14:44:41,TLKM,RG,3580,2,D,YP,KZ,D
14:44:41,TLKM,RG,3580,30,D,KK,KZ,D
14:44:41,TLKM,RG,3580,11,F,ZP,KZ,D
14:44:41,TLKM,RG,3580,2,D,YP,KZ,D
14:44:41,TLKM,RG,3580,1,D,YP,KZ,D
14:44:41,TLKM,RG,3580,2,D,PD,KZ,D
14:44:41,TLKM,RG,3580,1,D,PD,KZ,D
14:44:41,TLKM,RG,3580,20,D,YB,KZ,D
14:44:41,TLKM,RG,3580,3,D,CC,KZ,D
14:44:41,TLKM,RG,3580,1,D,GR,KZ,D
14:44:41,TLKM,RG,3580,1,D,AZ,KZ,D
14:44:41,TLKM,RG,3580,1,D,XC,KZ,D
14:44:41,TLKM,RG,3580,1,D,NI,KZ,D
14:44:41,TLKM,RG,3580,1,D,XC,KZ,D
14:44:41,TLKM,RG,3580,1,D,PD,KZ,D
14:44:41,TLKM,RG,3580,3,D,MG,KZ,D
14:44:41,TLKM,RG,3580,50,D,YP,KZ,D
14:44:41,TLKM,RG,3580,30,D,SQ,KZ,D
14:44:41,TLKM,RG,3580,2,D,YP,KZ,D
14:44:41,TLKM,RG,3580,1,D,PD,KZ,D
14:44:41,TLKM,RG,3580,126,F,YU,KZ,D
14:44:41,TLKM,RG,3580,1,D,XL,KZ,D
14:44:41,TLKM,RG,3580,1,D,SQ,KZ,D
14:44:41,TLKM,RG,3580,25,D,PD,KZ,D
14:44:41,TLKM,RG,3580,1,D,CC,KZ,D
14:44:41,TLKM,RG,3580,15,D,XC,KZ,D
14:44:41,TLKM,RG,3580,2,D,PD,KZ,D
14:44:41,TLKM,RG,3580,1,D,CC,KZ,D
14:44:41,TLKM,RG,3580,10,D,PD,KZ,D
14:44:41,TLKM,RG,3580,2,D,HP,KZ,D
14:44:41,TLKM,RG,3580,2,D,YP,KZ,D
14:44:41,TLKM,RG,3580,8,D,CC,KZ,D
14:44:41,TLKM,RG,3580,1,D,XC,KZ,D
14:44:41,TLKM,RG,3580,10,D,PD,KZ,D
14:44:41,TLKM,RG,3580,5,D,OD,KZ,D
14:44:41,TLKM,RG,3580,20,D,DR,KZ,D
14:44:41,TLKM,RG,3580,25,D,CC,KZ,D
14:44:41,TLKM,RG,3580,28,D,KK,KZ,D
14:44:41,TLKM,RG,3580,1,D,YP,KZ,D
14:44:41,TLKM,RG,3580,194,D,BQ,KZ,D
14:44:40,TLKM,RG,3580,53,D,BQ,DX,F
14:44:40,TLKM,RG,3590,12,F,BK,AK,D
14:44:40,TLKM,RG,3590,268,F,BK,AK,D
14:44:40,TLKM,RG,3590,2,D,PD,AK,D
14:44:39,TLKM,RG,3590,180,F,BK,AK,D
14:44:39,TLKM,RG,3590,21,F,BK,AK,D
14:44:39,TLKM,RG,3590,6,F,BK,AK,D
14:44:39,TLKM,RG,3590,18,F,BK,AK,D
14:44:39,TLKM,RG,3590,4,D,PD,AK,D
14:44:38,TLKM,RG,3590,1,D,PD,AK,D
14:44:38,TLKM,RG,3590,1,D,NI,AK,D
14:44:38,TLKM,RG,3590,20,D,CC,AK,D
14:44:37,TLKM,RG,3580,55,D,BQ,DX,F
14:44:36,TLKM,RG,3580,1401,D,BQ,CC,D
14:44:35,TLKM,RG,3580,10,D,BQ,DR,D
14:44:35,TLKM,RG,3590,35,F,BK,AK,D
14:44:35,TLKM,RG,3590,38,F,BK,AK,D
14:44:33,TLKM,RG,3580,52,D,BQ,DX,F
14:44:31,TLKM,RG,3590,78,D,EP,AK,D
14:44:31,TLKM,RG,3590,51,F,BK,AK,D
14:44:31,TLKM,RG,3590,5,D,YB,AK,D
14:44:30,TLKM,RG,3580,53,D,BQ,DX,F
14:44:30,TLKM,RG,3590,15,D,YP,AK,D
14:44:27,TLKM,RG,3590,4,D,CC,AK,D
14:44:27,TLKM,RG,3590,7,D,CC,AK,D
14:44:27,TLKM,RG,3580,53,D,BQ,DX,F
14:44:27,TLKM,RG,3590,50,D,GR,AK,D
14:44:26,TLKM,RG,3580,1,D,BQ,XC,D
14:44:26,TLKM,RG,3590,60,F,BK,AK,D
14:44:26,TLKM,RG,3590,100,D,YB,AK,D
14:44:25,TLKM,RG,3590,65,F,BK,AK,D
14:44:25,TLKM,RG,3580,54,D,BQ,DX,F
14:44:23,TLKM,RG,3580,1,D,BQ,XC,D
14:44:22,TLKM,RG,3580,1,D,BQ,XC,D
14:44:22,TLKM,RG,3580,20,D,BQ,XC,D
14:44:21,TLKM,RG,3590,18,F,BK,AK,D
14:44:21,TLKM,RG,3590,15,F,BK,CC,D
14:44:21,TLKM,RG,3590,1,F,BK,KZ,F
14:44:21,TLKM,RG,3590,10,F,BK,DH,D
14:44:20,TLKM,RG,3580,52,D,BQ,DX,F
14:44:20,TLKM,RG,3580,1,D,PD,DX,F
14:44:20,TLKM,RG,3590,54,F,BK,DH,D
14:44:20,TLKM,RG,3590,5,D,PD,DH,D
14:44:18,TLKM,RG,3580,9,D,PD,CC,D
14:44:18,TLKM,RG,3580,3,D,PD,CC,D
14:44:18,TLKM,RG,3580,2,D,NI,CC,D
14:44:18,TLKM,RG,3580,14,D,EP,CC,D
14:44:17,TLKM,RG,3590,59,F,BK,DH,D
14:44:17,TLKM,RG,3590,7,F,BK,KZ,F
14:44:17,TLKM,RG,3590,61,D,DP,KZ,F
14:44:17,TLKM,RG,3580,53,D,EP,DX,F
14:44:16,TLKM,RG,3590,30,D,PD,KZ,F
14:44:16,TLKM,RG,3590,1,D,CC,KZ,F
14:44:16,TLKM,RG,3580,1,D,EP,XC,D
14:44:15,TLKM,RG,3590,1,D,PD,KZ,F
14:44:15,TLKM,RG,3590,50,D,DP,KZ,F
14:44:14,TLKM,RG,3580,52,D,EP,DX,F
14:44:14,TLKM,RG,3580,1,D,EP,XC,D
14:44:14,TLKM,RG,3590,124,F,BK,KZ,F
14:44:14,TLKM,RG,3580,60,D,EP,YP,D
14:44:11,TLKM,RG,3580,54,D,EP,DX,F
14:44:11,TLKM,RG,3590,61,D,DP,KZ,F
14:44:10,TLKM,RG,3580,1,D,EP,XC,D
14:44:10,TLKM,RG,3580,264,D,EP,YP,D
14:44:10,TLKM,RG,3580,5,D,PD,YP,D
14:44:10,TLKM,RG,3580,2,D,PD,YP,D
14:44:10,TLKM,RG,3580,10,D,PD,YP,D
14:44:10,TLKM,RG,3580,100,D,YB,YP,D
14:44:10,TLKM,RG,3580,3,D,NI,YP,D
14:44:10,TLKM,RG,3580,1,D,PD,YP,D
14:44:10,TLKM,RG,3580,3,D,AI,YP,D
14:44:10,TLKM,RG,3580,1,D,PD,YP,D
14:44:10,TLKM,RG,3580,3,D,YB,YP,D
14:44:10,TLKM,RG,3580,10,D,YP,YP,D
14:44:10,TLKM,RG,3580,422,D,GR,YP,D
14:44:09,TLKM,RG,3580,16,D,GR,CC,D
14:44:09,TLKM,RG,3580,5,D,GR,PD,D
14:44:09,TLKM,RG,3590,1,D,XL,KZ,F
14:44:08,TLKM,RG,3580,5,D,GR,PD,D
14:44:08,TLKM,RG,3580,52,D,GR,DX,F
14:44:07,TLKM,RG,3580,1,D,XC,XC,D
14:44:06,TLKM,RG,3590,1,D,YB,KZ,F
14:44:05,TLKM,RG,3590,18,D,NI,KZ,F
14:44:05,TLKM,RG,3590,1,D,PD,KZ,F
14:44:04,TLKM,RG,3580,5,D,YB,DX,F
14:44:04,TLKM,RG,3580,10,D,SQ,DX,F
14:44:04,TLKM,RG,3580,3,D,XA,DX,F
14:44:04,TLKM,RG,3580,1,D,CC,DX,F
14:44:04,TLKM,RG,3580,34,F,BK,DX,F
14:44:03,TLKM,RG,3580,1,F,BK,XC,D
14:44:01,TLKM,RG,3590,34,F,BK,KZ,F
14:44:01,TLKM,RG,3590,5,F,BK,CC,D
14:44:01,TLKM,RG,3590,25,F,BK,BK,F
14:44:01,TLKM,RG,3580,52,F,BK,DX,F
14:44:00,TLKM,RG,3580,1,F,BK,XC,D
14:43:59,TLKM,RG,3590,50,D,XL,BK,F
14:43:58,TLKM,RG,3580,51,F,BK,DX,F
14:43:56,TLKM,RG,3580,1,F,BK,YP,D
14:43:54,TLKM,RG,3580,49,F,BK,DX,F
14:43:52,TLKM,RG,3590,41,F,BK,BK,F
14:43:51,TLKM,RG,3590,17,D,PD,BK,F
14:43:51,TLKM,RG,3580,50,F,BK,DX,F
14:43:49,TLKM,RG,3590,15,D,DX,BK,F
14:43:49,TLKM,RG,3580,1,F,BK,XC,D
14:43:48,TLKM,RG,3590,73,D,EP,BK,F
14:43:48,TLKM,RG,3590,27,D,EP,BK,F
14:43:48,TLKM,RG,3580,50,F,BK,DX,F
14:43:45,TLKM,RG,3580,51,F,BK,DX,F
14:43:45,TLKM,RG,3580,50,F,BK,CC,D
14:43:44,TLKM,RG,3590,5,D,CC,BK,F
14:43:44,TLKM,RG,3590,5,D,PD,BK,F
14:43:43,TLKM,RG,3590,40,F,BK,BK,F
14:43:42,TLKM,RG,3590,1,D,XL,BK,F
14:43:42,TLKM,RG,3580,52,F,BK,DX,F
14:43:41,TLKM,RG,3590,1,D,CC,BK,F
14:43:39,TLKM,RG,3590,1,D,PD,BK,F
14:43:39,TLKM,RG,3590,10,D,YB,BK,F
14:43:38,TLKM,RG,3590,1,D,XC,BK,F
14:43:37,TLKM,RG,3590,14,D,PD,BK,F
14:43:36,TLKM,RG,3590,2,D,XC,BK,F
14:43:35,TLKM,RG,3590,1,D,XC,BK,F
14:43:35,TLKM,RG,3590,30,D,YB,BK,F
14:43:35,TLKM,RG,3590,29,F,ZP,BK,F
14:43:33,TLKM,RG,3590,1,D,AT,BK,F
14:43:33,TLKM,RG,3590,4,D,XC,BK,F
14:43:33,TLKM,RG,3590,1,D,XC,BK,F
14:43:33,TLKM,RG,3590,1,D,XC,BK,F
14:43:32,TLKM,RG,3580,1,F,BK,XC,D
14:43:31,TLKM,RG,3590,2,D,BQ,BK,F
14:43:30,TLKM,RG,3590,1,D,XC,BK,F
14:43:29,TLKM,RG,3590,2,D,XC,BK,F
14:43:28,TLKM,RG,3590,1,D,XC,BK,F
14:43:26,TLKM,RG,3590,1,D,XC,BK,F
14:43:25,TLKM,RG,3580,2,F,BK,XL,D
14:43:24,TLKM,RG,3590,1,D,PD,BK,F
14:43:21,TLKM,RG,3590,39,F,BK,BK,F
14:43:21,TLKM,RG,3590,1,F,BK,XC,D
14:43:20,TLKM,RG,3590,13,D,NI,XC,D
14:43:20,TLKM,RG,3590,3,D,NI,CC,D
14:43:20,TLKM,RG,3590,4,D,NI,KZ,F
14:43:20,TLKM,RG,3590,3,D,XC,KZ,F
14:43:19,TLKM,RG,3590,50,D,YP,KZ,F
14:43:18,TLKM,RG,3590,1,D,XC,KZ,F
14:43:15,TLKM,RG,3580,100,F,BK,PD,D
14:43:14,TLKM,RG,3590,1,D,XC,KZ,F
14:43:14,TLKM,RG,3590,13,D,XC,ZP,F
14:43:13,TLKM,RG,3590,10,D,CC,ZP,F
14:43:12,TLKM,RG,3590,27,D,YB,ZP,F
14:43:12,TLKM,RG,3590,4,D,PD,ZP,F
14:43:12,TLKM,RG,3590,3,D,DX,ZP,F
14:43:12,TLKM,RG,3590,25,F,BK,ZP,F
14:43:12,TLKM,RG,3590,1,F,BK,XC,D
14:43:12,TLKM,RG,3590,10,F,BK,DX,F
14:43:10,TLKM,RG,3580,3,F,BK,XL,D
14:43:09,TLKM,RG,3590,15,D,YP,DX,F
14:43:09,TLKM,RG,3590,10,D,NI,DX,F
14:43:08,TLKM,RG,3590,10,D,AI,DX,F
14:43:08,TLKM,RG,3590,37,F,BK,DX,F
14:43:08,TLKM,RG,3590,30,D,YB,DX,F
14:43:07,TLKM,RG,3590,1,D,XC,DX,F
14:43:07,TLKM,RG,3590,3,D,PD,DX,F
14:43:07,TLKM,RG,3590,2,D,PD,DX,F
14:43:07,TLKM,RG,3580,1,F,BK,XC,D
14:43:06,TLKM,RG,3590,10,D,EP,DX,F
14:43:04,TLKM,RG,3590,10,D,XC,DX,F
14:43:04,TLKM,RG,3590,63,F,RX,DX,F
14:43:03,TLKM,RG,3580,1,F,BK,XC,D
14:43:02,TLKM,RG,3590,96,F,BK,DX,F
14:43:01,TLKM,RG,3590,5,D,YP,DX,F
14:43:00,TLKM,RG,3590,152,F,YU,DX,F
14:43:00,TLKM,RG,3590,84,F,YU,ZP,F
14:43:00,TLKM,RG,3590,1,F,YU,XC,D
14:43:00,TLKM,RG,3590,1,F,YU,XC,D
14:43:00,TLKM,RG,3590,21,F,YU,NI,D
14:43:00,TLKM,RG,3590,34,F,YU,AG,F
14:43:00,TLKM,RG,3590,1,F,YU,XC,D
14:43:00,TLKM,RG,3590,1,F,YU,XC,D
14:43:00,TLKM,RG,3590,1,F,YU,XC,D
14:43:00,TLKM,RG,3590,12,F,YU,ZP,F
14:43:00,TLKM,RG,3590,1,F,YU,XC,D
14:43:00,TLKM,RG,3590,1,F,YU,XC,D
14:43:00,TLKM,RG,3590,104,F,YU,CS,D
14:43:00,TLKM,RG,3590,1,F,YU,XC,D
14:43:00,TLKM,RG,3590,156,F,YU,DX,F
14:43:00,TLKM,RG,3590,61,F,YU,AG,F
14:43:00,TLKM,RG,3590,2,F,YU,CC,D
14:43:00,TLKM,RG,3590,10,F,YU,ZP,F
