Time,Stock,Brd,Price,Qty,BT,BC,SC,ST
15:13:16,TLKM,RG,4250,10,D,PD,LS,D
15:11:35,TLKM,RG,4250,1,D,XC,LS,D
15:11:31,TLKM,RG,4250,1,D,CC,LS,D
15:10:00,TLKM,RG,4250,70,D,DR,LS,D
15:09:14,TLKM,RG,4250,1,D,PD,LS,D
15:07:41,TLKM,RG,4250,29,D,XL,LS,D
15:07:02,TLKM,RG,4250,5,D,CC,LS,D
15:06:49,TLKM,RG,4250,5,D,NI,LS,D
15:06:37,TLKM,RG,4250,1,D,XL,LS,D
15:05:24,TLKM,RG,4250,2,D,PD,LS,D
15:05:24,TLKM,RG,4250,56,D,PD,LS,D
15:05:24,TLKM,RG,4250,5,D,XL,LS,D
15:05:24,TLKM,RG,4250,1,D,SQ,LS,D
15:05:24,TLKM,RG,4250,2,D,NI,LS,D
15:05:24,TLKM,RG,4250,1,D,XC,LS,D
15:05:24,TLKM,RG,4250,1,D,XC,LS,D
15:05:24,TLKM,RG,4250,20,D,YP,LS,D
15:05:24,TLKM,RG,4250,63,D,SQ,LS,D
15:05:24,TLKM,RG,4250,538,D,SQ,LS,D
15:05:22,TLKM,RG,4250,1,D,SQ,ZP,F
15:05:21,TLKM,RG,4250,5,D,SQ,ZP,F
15:05:21,TLKM,RG,4250,14,D,SQ,ZP,F
15:05:20,TLKM,RG,4250,3,D,SQ,ZP,F
15:05:20,TLKM,RG,4250,100,D,SQ,YP,D
15:05:20,TLKM,RG,4250,10,D,SQ,XC,D
15:05:20,TLKM,RG,4250,20,D,SQ,LG,D
15:05:17,TLKM,RG,4250,1,D,SQ,ZP,F
15:05:17,TLKM,RG,4250,4,D,SQ,ZP,F
15:05:17,TLKM,RG,4250,8,D,SQ,XC,D
15:05:16,TLKM,RG,4250,20,D,SQ,EP,D
15:05:11,TLKM,RG,4250,1,D,SQ,ZP,F
15:05:10,TLKM,RG,4250,2,D,SQ,ZP,F
15:05:10,TLKM,RG,4250,20,D,SQ,CP,D
15:05:10,TLKM,RG,4250,1,D,SQ,ZP,F
15:05:09,TLKM,RG,4250,3,D,SQ,YP,D
15:04:58,TLKM,RG,4250,2,D,SQ,ZP,F
15:04:58,TLKM,RG,4250,12,D,SQ,XL,D
15:04:58,TLKM,RG,4250,3,D,SQ,ZP,F
15:04:58,TLKM,RG,4250,11,D,SQ,XC,D
15:04:57,TLKM,RG,4250,9,D,SQ,ZP,F
15:04:57,TLKM,RG,4250,59,D,SQ,ZP,F
15:04:56,TLKM,RG,4250,153,D,SQ,ZP,F
15:04:56,TLKM,RG,4250,237,D,SQ,ZP,F
15:04:56,TLKM,RG,4250,2520,D,SQ,YU,D
15:04:55,TLKM,RG,4250,80,D,SQ,XC,D
15:04:51,TLKM,RG,4250,1,D,SQ,ZP,F
15:04:50,TLKM,RG,4250,8,D,SQ,ZP,F
15:04:50,TLKM,RG,4250,2,D,SQ,CC,D
15:04:49,TLKM,RG,4250,50,D,SQ,CC,D
15:04:46,TLKM,RG,4250,1,D,SQ,SQ,D
15:04:37,TLKM,RG,4250,2,D,SQ,ZP,F
15:04:37,TLKM,RG,4250,12,D,SQ,ZP,F
15:04:36,TLKM,RG,4250,74,D,SQ,ZP,F
15:04:36,TLKM,RG,4250,500,D,SQ,RF,D
15:04:36,TLKM,RG,4250,1,D,SQ,ZP,F
15:04:35,TLKM,RG,4250,1,D,SQ,ZP,F
15:04:35,TLKM,RG,4250,12,D,SQ,ZP,F
15:04:34,TLKM,RG,4250,75,D,SQ,NI,D
15:04:23,TLKM,RG,4250,1,D,SQ,XC,D
15:04:21,TLKM,RG,4250,1,D,SQ,XC,D
15:04:20,TLKM,RG,4250,1,D,SQ,ZP,F
15:04:15,TLKM,RG,4250,3,D,SQ,SQ,D
15:04:12,TLKM,RG,4250,2,D,SQ,XC,D
15:04:07,TLKM,RG,4250,1,D,SQ,ZP,F
15:04:07,TLKM,RG,4250,1,D,SQ,CP,D
15:04:06,TLKM,RG,4250,3,D,SQ,PD,D
15:03:58,TLKM,RG,4250,1,D,SQ,OD,D
15:03:53,TLKM,RG,4250,3,D,SQ,ZP,F
15:03:53,TLKM,RG,4250,20,D,SQ,AT,D
15:03:45,TLKM,RG,4250,1,D,SQ,XC,D
15:03:34,TLKM,RG,4250,1,D,SQ,ZP,F
15:03:34,TLKM,RG,4250,2,D,SQ,ZP,F
15:03:33,TLKM,RG,4250,15,D,SQ,ZP,F
15:03:33,TLKM,RG,4250,1,D,SQ,YP,D
15:03:32,TLKM,RG,4250,100,D,SQ,YU,D
15:03:27,TLKM,RG,4250,1,D,SQ,ZP,F
15:03:27,TLKM,RG,4250,2,D,SQ,CC,D
15:03:23,TLKM,RG,4250,2,D,SQ,PD,D
15:03:13,TLKM,RG,4250,1,D,SQ,ZP,F
15:03:12,TLKM,RG,4250,4,D,SQ,ZP,F
15:03:12,TLKM,RG,4250,26,D,SQ,PD,D
15:03:09,TLKM,RG,4250,1,D,SQ,YP,D
15:03:07,TLKM,RG,4250,3,D,SQ,XC,D
15:02:55,TLKM,RG,4250,1,D,SQ,ZP,F
15:02:55,TLKM,RG,4250,2,D,SQ,ZP,F
15:02:54,TLKM,RG,4250,17,D,SQ,ZP,F
15:02:53,TLKM,RG,4250,113,D,SQ,ZP,F
15:02:50,TLKM,RG,4250,750,D,SQ,ZP,F
15:02:47,TLKM,RG,4250,5000,D,SQ,CC,D
15:02:46,TLKM,RG,4250,2,D,SQ,ZP,F
15:02:45,TLKM,RG,4250,12,D,SQ,ZP,F
15:02:44,TLKM,RG,4250,84,D,SQ,ZP,F
15:02:44,TLKM,RG,4250,1,D,SQ,GR,D
15:02:42,TLKM,RG,4250,245,D,SQ,XL,D
15:02:42,TLKM,RG,4250,311,D,SQ,XL,D
15:02:39,TLKM,RG,4250,1,D,SQ,ZP,F
15:02:38,TLKM,RG,4250,2,D,SQ,ZP,F
15:02:38,TLKM,RG,4250,20,D,SQ,PG,D
15:02:38,TLKM,RG,4250,1,D,SQ,ZP,F
15:02:38,TLKM,RG,4250,2,D,SQ,XC,D
15:02:32,TLKM,RG,4250,3,D,SQ,YP,D
15:02:30,TLKM,RG,4250,1,D,SQ,ZP,F
15:02:29,TLKM,RG,4250,1,D,SQ,ZP,F
15:02:29,TLKM,RG,4250,10,D,SQ,YP,D
15:02:14,TLKM,RG,4250,1,D,SQ,ZP,F
15:02:13,TLKM,RG,4250,1,D,SQ,ZP,F
15:02:13,TLKM,RG,4250,10,D,SQ,ES,D
15:02:13,TLKM,RG,4250,1,D,SQ,ZP,F
15:02:13,TLKM,RG,4250,4,D,SQ,PD,D
15:02:11,TLKM,RG,4250,1,D,SQ,ZP,F
15:02:10,TLKM,RG,4250,3,D,SQ,ZP,F
15:02:10,TLKM,RG,4250,1,D,SQ,ZP,F
15:02:10,TLKM,RG,4250,25,D,SQ,XC,D
15:02:10,TLKM,RG,4250,3,D,SQ,ZP,F
15:02:09,TLKM,RG,4250,25,D,SQ,EP,D
15:02:05,TLKM,RG,4250,1,D,SQ,ZP,F
15:02:01,TLKM,RG,4250,1,D,SQ,XC,D
15:01:58,TLKM,RG,4250,1,D,SQ,PD,D
15:01:56,TLKM,RG,4250,1,D,SQ,SQ,D
15:01:53,TLKM,RG,4250,1,D,SQ,ZP,F
15:01:53,TLKM,RG,4250,8,D,SQ,ZP,F
15:01:53,TLKM,RG,4250,5,D,SQ,XC,D
15:01:51,TLKM,RG,4250,48,D,SQ,XC,D
15:01:37,TLKM,RG,4250,1,D,SQ,ZP,F
15:01:37,TLKM,RG,4250,4,D,SQ,ZP,F
15:01:36,TLKM,RG,4250,25,D,SQ,YP,D
15:01:35,TLKM,RG,4250,1,D,SQ,ZP,F
15:01:35,TLKM,RG,4250,7,D,SQ,ZP,F
15:01:34,TLKM,RG,4250,18,D,SQ,ZP,F
15:01:34,TLKM,RG,4250,145,D,SQ,SQ,D
15:01:34,TLKM,RG,4250,4,D,SQ,ZP,F
15:01:33,TLKM,RG,4250,20,D,SQ,ZP,F
15:01:32,TLKM,RG,4250,140,D,SQ,XC,D
15:01:32,TLKM,RG,4250,1,D,SQ,ZP,F
15:01:32,TLKM,RG,4250,5,D,SQ,NI,D
15:01:32,TLKM,RG,4250,1,D,SQ,ZP,F
15:01:31,TLKM,RG,4250,6,D,SQ,ZP,F
15:01:31,TLKM,RG,4250,10,D,SQ,XC,D
15:01:30,TLKM,RG,4250,30,D,SQ,ZP,F
15:01:30,TLKM,RG,4250,199,D,SQ,ZP,F
15:01:26,TLKM,RG,4250,16,D,SQ,PD,D
15:01:26,TLKM,RG,4250,20,D,SQ,EP,D
15:01:26,TLKM,RG,4250,60,D,SQ,YP,D
15:01:26,TLKM,RG,4250,6,D,SQ,YP,D
15:01:26,TLKM,RG,4250,20,D,SQ,EP,D
15:01:26,TLKM,RG,4250,1,D,SQ,PD,D
15:01:26,TLKM,RG,4250,600,D,SQ,YB,D
15:01:26,TLKM,RG,4250,20,D,SQ,EP,D
15:01:26,TLKM,RG,4250,100,D,SQ,YP,D
15:01:26,TLKM,RG,4250,1,D,SQ,PD,D
15:01:26,TLKM,RG,4250,100,D,SQ,AG,D
15:01:26,TLKM,RG,4250,6,D,SQ,XC,D
15:01:26,TLKM,RG,4250,71,D,SQ,XC,D
15:01:26,TLKM,RG,4250,60,D,SQ,XC,D
15:01:26,TLKM,RG,4250,20,D,SQ,EP,D
15:01:26,TLKM,RG,4250,75,D,SQ,YU,D
15:01:26,TLKM,RG,4250,4,D,SQ,PD,D
15:01:26,TLKM,RG,4250,5,D,SQ,CC,D
15:01:26,TLKM,RG,4250,500,D,SQ,YB,D
15:01:26,TLKM,RG,4250,1,D,SQ,PD,D
15:01:26,TLKM,RG,4250,2,D,SQ,DR,D
15:01:26,TLKM,RG,4250,1,D,SQ,NI,D
15:01:26,TLKM,RG,4250,50,D,SQ,ZP,D
15:01:26,TLKM,RG,4250,1,D,SQ,XC,D
15:01:26,TLKM,RG,4250,10,D,SQ,YP,D
15:01:26,TLKM,RG,4250,100,D,SQ,YP,D
15:01:26,TLKM,RG,4250,25,D,SQ,YB,D
15:01:26,TLKM,RG,4250,15,D,SQ,DR,D
15:01:05,TLKM,RG,4250,1,D,PD,DR,D
15:00:00,TLKM,RG,4250,84,D,YP,DR,D
15:00:00,TLKM,RG,4250,1,D,YP,YP,D
15:00:00,TLKM,RG,4250,5,D,YP,SQ,D
15:00:00,TLKM,RG,4250,3,D,YP,PD,D
15:00:00,TLKM,RG,4250,1,D,YP,LS,D
15:00:00,TLKM,RG,4250,3,D,YP,DR,D
15:00:00,TLKM,RG,4250,30,D,YP,OD,D
15:00:00,TLKM,RG,4250,1,D,YP,PD,D
15:00:00,TLKM,RG,4250,20,D,YP,AR,D
15:00:00,TLKM,RG,4250,227,D,YP,XC,D
15:00:00,TLKM,RG,4250,7,D,YP,DH,D
15:00:00,TLKM,RG,4250,25,D,YP,CC,D
15:00:00,TLKM,RG,4250,12,D,YP,OD,D
15:00:00,TLKM,RG,4250,13,F,CC,OD,D
15:00:00,TLKM,RG,4250,2,F,CC,CC,D
15:00:00,TLKM,RG,4250,12,F,CC,LG,D
15:00:00,TLKM,RG,4250,16,F,CC,XC,D
15:00:00,TLKM,RG,4250,50,F,CC,KI,D
15:00:00,TLKM,RG,4250,18,F,CC,XC,D
15:00:00,TLKM,RG,4250,10,F,CC,PD,D
15:00:00,TLKM,RG,4250,5,F,CC,YP,D
15:00:00,TLKM,RG,4250,15,F,CC,XC,D
15:00:00,TLKM,RG,4250,1,F,CC,YP,D
15:00:00,TLKM,RG,4250,4,F,CC,YP,D
15:00:00,TLKM,RG,4250,80,F,CC,PD,D
15:00:00,TLKM,RG,4250,8,F,CC,YP,D
15:00:00,TLKM,RG,4250,200,F,CC,MK,D
15:00:00,TLKM,RG,4250,4,F,CC,NI,D
15:00:00,TLKM,RG,4250,500,F,CC,YP,D
15:00:00,TLKM,RG,4250,37,F,CC,XC,D
15:00:00,TLKM,RG,4250,8,F,CC,XC,D
15:00:00,TLKM,RG,4250,2,F,CC,PD,D
15:00:00,TLKM,RG,4250,5,F,CC,XC,D
15:00:00,TLKM,RG,4250,3,F,CC,ZP,D
15:00:00,TLKM,RG,4250,50,F,CC,NI,D
15:00:00,TLKM,RG,4250,250,F,CC,SQ,D
15:00:00,TLKM,RG,4250,1,F,CC,PD,D
15:00:00,TLKM,RG,4250,125,F,CC,YP,D
15:00:00,TLKM,RG,4250,18,F,CC,PD,D
15:00:00,TLKM,RG,4250,33,F,CC,SQ,D
15:00:00,TLKM,RG,4250,15,F,CC,NI,D
15:00:00,TLKM,RG,4250,1,F,CC,XC,D
15:00:00,TLKM,RG,4250,5,F,CC,LG,D
15:00:00,TLKM,RG,4250,10,F,CC,KK,D
15:00:00,TLKM,RG,4250,3,F,CC,PD,D
15:00:00,TLKM,RG,4250,46,F,CC,PD,D
15:00:00,TLKM,RG,4250,3,F,CC,XC,D
15:00:00,TLKM,RG,4250,20,F,CC,OD,D
15:00:00,TLKM,RG,4250,1,F,CC,XC,D
15:00:00,TLKM,RG,4250,1,F,CC,NI,D
15:00:00,TLKM,RG,4250,5,F,CC,YP,D
15:00:00,TLKM,RG,4250,40,F,CC,KK,D
15:00:00,TLKM,RG,4250,10,F,CC,PD,D
15:00:00,TLKM,RG,4250,5,F,CC,PD,D
15:00:00,TLKM,RG,4250,20,F,CC,YU,D
15:00:00,TLKM,RG,4250,25,F,CC,OD,D
15:00:00,TLKM,RG,4250,100,F,CC,PD,D
15:00:00,TLKM,RG,4250,50,F,CC,XC,D
15:00:00,TLKM,RG,4250,10,F,CC,CC,D
15:00:00,TLKM,RG,4250,1,F,CC,GR,D
15:00:00,TLKM,RG,4250,10,F,CC,SQ,D
15:00:00,TLKM,RG,4250,4,F,CC,XC,D
15:00:00,TLKM,RG,4250,5,F,CC,XC,D
15:00:00,TLKM,RG,4250,1,F,CC,XC,D
15:00:00,TLKM,RG,4250,2,F,CC,CC,D
15:00:00,TLKM,RG,4250,10,F,CC,XL,D
15:00:00,TLKM,RG,4250,1,F,CC,XC,D
15:00:00,TLKM,RG,4250,5,F,CC,OD,D
15:00:00,TLKM,RG,4250,10,F,CC,YP,D
15:00:00,TLKM,RG,4250,1,F,CC,YP,D
15:00:00,TLKM,RG,4250,10,F,CC,PD,D
15:00:00,TLKM,RG,4250,14,F,CC,CC,D
15:00:00,TLKM,RG,4250,15,F,CC,CC,D
15:00:00,TLKM,RG,4250,3,F,CC,XL,D
15:00:00,TLKM,RG,4250,3,F,CC,XL,D
15:00:00,TLKM,RG,4250,4,F,CC,XL,D
15:00:00,TLKM,RG,4250,5,F,CC,XL,D
15:00:00,TLKM,RG,4250,40,F,CC,YP,D
15:00:00,TLKM,RG,4250,10,F,CC,YP,D
15:00:00,TLKM,RG,4250,8,F,CC,YP,D
15:00:00,TLKM,RG,4250,32,F,CC,YP,D
15:00:00,TLKM,RG,4250,100,F,CC,YP,D
15:00:00,TLKM,RG,4250,14,F,CC,YP,D
15:00:00,TLKM,RG,4250,2,F,CC,XC,D
15:00:00,TLKM,RG,4250,9,F,CC,XC,D
15:00:00,TLKM,RG,4250,1,F,CC,XC,D
15:00:00,TLKM,RG,4250,4,F,CC,XC,D
15:00:00,TLKM,RG,4250,20,F,CC,EP,D
15:00:00,TLKM,RG,4250,1,F,CC,LS,D
15:00:00,TLKM,RG,4250,100,F,CC,YP,D
15:00:00,TLKM,RG,4250,2,F,CC,PD,D
15:00:00,TLKM,RG,4250,5,F,CC,PD,D
15:00:00,TLKM,RG,4250,4,F,CC,PD,D
15:00:00,TLKM,RG,4250,11,F,CC,PD,D
15:00:00,TLKM,RG,4250,10,F,CC,PD,D
15:00:00,TLKM,RG,4250,3,F,CC,PD,D
15:00:00,TLKM,RG,4250,1,F,CC,PD,D
15:00:00,TLKM,RG,4250,19,F,CC,PD,D
15:00:00,TLKM,RG,4250,15,F,CC,PD,D
15:00:00,TLKM,RG,4250,7,F,CC,DH,D
15:00:00,TLKM,RG,4250,3,F,CC,KK,D
15:00:00,TLKM,RG,4250,10,F,CC,DH,D
15:00:00,TLKM,RG,4250,16,F,CC,NI,D
15:00:00,TLKM,RG,4250,1,F,CC,PC,D
15:00:00,TLKM,RG,4250,1,F,CC,YP,D
15:00:00,TLKM,RG,4250,7,F,CC,YP,D
15:00:00,TLKM,RG,4250,120,F,CC,XC,D
15:00:00,TLKM,RG,4250,1,F,CC,PD,D
15:00:00,TLKM,RG,4250,4,F,CC,PD,D
15:00:00,TLKM,RG,4250,1,F,CC,NI,D
15:00:00,TLKM,RG,4250,40,F,CC,CP,D
15:00:00,TLKM,RG,4250,3,F,CC,KK,D
15:00:00,TLKM,RG,4250,1,F,CC,YP,D
15:00:00,TLKM,RG,4250,2,F,CC,KK,D
15:00:00,TLKM,RG,4250,15,F,CC,CP,D
15:00:00,TLKM,RG,4250,10,F,CC,SQ,D
15:00:00,TLKM,RG,4250,1,F,CC,PD,D
15:00:00,TLKM,RG,4250,2,F,CC,MU,D
15:00:00,TLKM,RG,4250,7,F,CC,PD,D
15:00:00,TLKM,RG,4250,1,F,CC,XC,D
15:00:00,TLKM,RG,4250,10,F,CC,DR,D
15:00:00,TLKM,RG,4250,2,F,CC,XC,D
15:00:00,TLKM,RG,4250,1,F,CC,AZ,D
15:00:00,TLKM,RG,4250,1,F,CC,NI,D
15:00:00,TLKM,RG,4250,4,F,CC,YP,D
15:00:00,TLKM,RG,4250,20,F,CC,EP,D
15:00:00,TLKM,RG,4250,5,F,CC,XC,D
15:00:00,TLKM,RG,4250,1,F,CC,PD,D
15:00:00,TLKM,RG,4250,5,F,CC,SQ,D
15:00:00,TLKM,RG,4250,1,F,CC,YB,D
15:00:00,TLKM,RG,4250,2,F,CC,DH,D
15:00:00,TLKM,RG,4250,9,F,CC,XC,D
15:00:00,TLKM,RG,4250,150,F,CC,XA,D
15:00:00,TLKM,RG,4250,5,F,CC,NI,D
15:00:00,TLKM,RG,4250,5,F,CC,ZP,D
15:00:00,TLKM,RG,4250,6,F,CC,XC,D
15:00:00,TLKM,RG,4250,18,F,CC,XL,D
15:00:00,TLKM,RG,4250,5,F,CC,CC,D
15:00:00,TLKM,RG,4250,2,F,CC,LG,D
15:00:00,TLKM,RG,4250,20,F,CC,NI,D
15:00:00,TLKM,RG,4250,10,F,CC,XC,D
15:00:00,TLKM,RG,4250,25,F,CC,CC,D
15:00:00,TLKM,RG,4250,50,F,CC,OD,D
15:00:00,TLKM,RG,4250,2,F,CC,PD,D
15:00:00,TLKM,RG,4250,40,F,CC,YP,D
15:00:00,TLKM,RG,4250,30,F,CC,MG,D
15:00:00,TLKM,RG,4250,120,F,CC,ZP,D
15:00:00,TLKM,RG,4250,1,F,CC,CC,D
15:00:00,TLKM,RG,4250,1,F,CC,CC,D
15:00:00,TLKM,RG,4250,3,F,CC,PD,D
15:00:00,TLKM,RG,4250,1,F,CC,YP,D
15:00:00,TLKM,RG,4250,1,F,CC,PD,D
15:00:00,TLKM,RG,4250,2,F,CC,CC,D
15:00:00,TLKM,RG,4250,49,F,CC,PD,D
15:00:00,TLKM,RG,4250,2,F,CC,PD,D
15:00:00,TLKM,RG,4250,5,F,CC,CC,D
15:00:00,TLKM,RG,4250,10,F,CC,AI,D
15:00:00,TLKM,RG,4250,1,F,CC,XL,D
15:00:00,TLKM,RG,4250,60,F,CC,XC,D
15:00:00,TLKM,RG,4250,2,F,CC,PD,D
15:00:00,TLKM,RG,4250,50,F,CC,AT,D
15:00:00,TLKM,RG,4250,2,F,CC,NI,D
15:00:00,TLKM,RG,4250,1,F,CC,PD,D
15:00:00,TLKM,RG,4250,28,F,CC,PD,D
15:00:00,TLKM,RG,4250,13,F,CC,PD,D
15:00:00,TLKM,RG,4250,1,F,CC,XC,D
15:00:00,TLKM,RG,4250,4,F,CC,XC,D
15:00:00,TLKM,RG,4250,20,F,CC,XC,D
15:00:00,TLKM,RG,4250,1,F,CC,XL,D
15:00:00,TLKM,RG,4250,25,F,CC,SQ,D
15:00:00,TLKM,RG,4250,16,F,CC,PD,D
15:00:00,TLKM,RG,4250,1,F,CC,DH,D
15:00:00,TLKM,RG,4250,35,F,CC,YP,D
15:00:00,TLKM,RG,4250,2,F,CC,PD,D
15:00:00,TLKM,RG,4250,1,F,CC,XC,D
15:00:00,TLKM,RG,4250,3,F,CC,LG,D
15:00:00,TLKM,RG,4250,10,F,CC,PD,D
15:00:00,TLKM,RG,4250,2,F,CC,PD,D
15:00:00,TLKM,RG,4250,4,F,CC,XC,D
15:00:00,TLKM,RG,4250,1,F,CC,XC,D
15:00:00,TLKM,RG,4250,1,F,CC,CC,D
15:00:00,TLKM,RG,4250,1,F,CC,XC,D
15:00:00,TLKM,RG,4250,42,F,CC,PD,D
15:00:00,TLKM,RG,4250,20,F,CC,XC,D
15:00:00,TLKM,RG,4250,5,F,CC,CC,D
15:00:00,TLKM,RG,4250,25,F,CC,SQ,D
15:00:00,TLKM,RG,4250,2,F,CC,SQ,D
15:00:00,TLKM,RG,4250,10,F,CC,CC,D
15:00:00,TLKM,RG,4250,1,F,CC,OD,D
15:00:00,TLKM,RG,4250,100,F,CC,YP,D
15:00:00,TLKM,RG,4250,1,F,CC,YP,D
15:00:00,TLKM,RG,4250,10,F,CC,PD,D
15:00:00,TLKM,RG,4250,40,F,CC,TP,D
15:00:00,TLKM,RG,4250,1000,F,CC,YJ,D
15:00:00,TLKM,RG,4250,1,F,CC,YP,D
15:00:00,TLKM,RG,4250,4,F,CC,NI,D
15:00:00,TLKM,RG,4250,25,F,CC,TP,D
15:00:00,TLKM,RG,4250,10,F,CC,OD,D
15:00:00,TLKM,RG,4250,1,F,CC,XC,D
15:00:00,TLKM,RG,4250,35,F,CC,XC,D
15:00:00,TLKM,RG,4250,10,F,CC,CC,D
15:00:00,TLKM,RG,4250,10,F,CC,NI,D
15:00:00,TLKM,RG,4250,1,F,CC,PD,D
15:00:00,TLKM,RG,4250,5,F,CC,YP,D
15:00:00,TLKM,RG,4250,1,F,CC,XC,D
15:00:00,TLKM,RG,4250,10,F,CC,PD,D
15:00:00,TLKM,RG,4250,2,F,CC,PD,D
15:00:00,TLKM,RG,4250,16,F,CC,PD,D
15:00:00,TLKM,RG,4250,15,F,CC,KK,D
15:00:00,TLKM,RG,4250,2,F,CC,NI,D
15:00:00,TLKM,RG,4250,1,F,CC,PD,D
15:00:00,TLKM,RG,4250,1,F,CC,XC,D
15:00:00,TLKM,RG,4250,3,F,CC,XC,D
15:00:00,TLKM,RG,4250,3,F,CC,NI,D
15:00:00,TLKM,RG,4250,8,F,CC,AT,D
15:00:00,TLKM,RG,4250,1,F,CC,LG,D
15:00:00,TLKM,RG,4250,41,F,CC,CC,D
15:00:00,TLKM,RG,4250,10,F,CC,NI,D
15:00:00,TLKM,RG,4250,1,F,CC,XL,D
15:00:00,TLKM,RG,4250,50,F,CC,NI,D
15:00:00,TLKM,RG,4250,10,F,CC,PD,D
15:00:00,TLKM,RG,4250,2,F,CC,XC,D
15:00:00,TLKM,RG,4250,1,F,CC,PD,D
15:00:00,TLKM,RG,4250,10,F,CC,XC,D
15:00:00,TLKM,RG,4250,27,F,CC,YP,D
15:00:00,TLKM,RG,4250,50,F,CC,CP,D
15:00:00,TLKM,RG,4250,15,F,CC,CC,D
15:00:00,TLKM,RG,4250,2,F,CC,XL,D
15:00:00,TLKM,RG,4250,1,F,CC,PD,D
15:00:00,TLKM,RG,4250,1,F,CC,PD,D
15:00:00,TLKM,RG,4250,2,F,CC,KK,D
15:00:00,TLKM,RG,4250,1,F,CC,XC,D
15:00:00,TLKM,RG,4250,2,F,CC,PD,D
15:00:00,TLKM,RG,4250,28,F,CC,XC,D
15:00:00,TLKM,RG,4250,2,F,CC,XC,D
15:00:00,TLKM,RG,4250,20,F,CC,XC,D
15:00:00,TLKM,RG,4250,15,F,CC,TP,D
15:00:00,TLKM,RG,4250,1,F,CC,XC,D
15:00:00,TLKM,RG,4250,4,F,CC,DH,D
15:00:00,TLKM,RG,4250,2,F,CC,XC,D
15:00:00,TLKM,RG,4250,1000,F,CC,NI,D
15:00:00,TLKM,RG,4250,1,F,CC,XC,D
15:00:00,TLKM,RG,4250,2,F,CC,XC,D
15:00:00,TLKM,RG,4250,5,F,CC,CC,D
15:00:00,TLKM,RG,4250,3,F,CC,XL,D
15:00:00,TLKM,RG,4250,1,F,CC,XC,D
15:00:00,TLKM,RG,4250,5,F,CC,NI,D
15:00:00,TLKM,RG,4250,1,F,CC,CC,D
15:00:00,TLKM,RG,4250,60,F,CC,PD,D
15:00:00,TLKM,RG,4250,20,F,CC,CC,D
15:00:00,TLKM,RG,4250,3,F,CC,PD,D
15:00:00,TLKM,RG,4250,1,F,CC,XC,D
15:00:00,TLKM,RG,4250,24,F,CC,NI,D
15:00:00,TLKM,RG,4250,10,F,CC,YB,D
15:00:00,TLKM,RG,4250,1,F,CC,PD,D
15:00:00,TLKM,RG,4250,11,F,CC,PD,D
15:00:00,TLKM,RG,4250,400,F,CC,LG,D
15:00:00,TLKM,RG,4250,5,F,CC,XC,D
15:00:00,TLKM,RG,4250,5,F,CC,GR,D
15:00:00,TLKM,RG,4250,7,F,CC,PD,D
15:00:00,TLKM,RG,4250,11,F,CC,PD,D
15:00:00,TLKM,RG,4250,6,F,CC,YP,D
15:00:00,TLKM,RG,4250,1,F,CC,XC,D
15:00:00,TLKM,RG,4250,4,F,CC,PD,D
15:00:00,TLKM,RG,4250,20,F,CC,KK,D
15:00:00,TLKM,RG,4250,34,F,CC,NI,D
15:00:00,TLKM,RG,4250,1,F,CC,NI,D
15:00:00,TLKM,RG,4250,250,F,CC,KK,D
15:00:00,TLKM,RG,4250,10,F,CC,XC,D
15:00:00,TLKM,RG,4250,1,F,CC,PD,D
15:00:00,TLKM,RG,4250,5,F,CC,PD,D
15:00:00,TLKM,RG,4250,1,F,CC,YP,D
15:00:00,TLKM,RG,4250,1,F,CC,XC,D
15:00:00,TLKM,RG,4250,3,F,CC,XC,D
15:00:00,TLKM,RG,4250,5,F,CC,YP,D
15:00:00,TLKM,RG,4250,2360,F,CC,YP,D
15:00:00,TLKM,RG,4250,9,F,CC,XC,D
15:00:00,TLKM,RG,4250,504,F,CC,YP,D
15:00:00,TLKM,RG,4250,2,F,CC,PD,D
15:00:00,TLKM,RG,4250,1,F,CC,PD,D
15:00:00,TLKM,RG,4250,20,F,CC,YB,D
15:00:00,TLKM,RG,4250,100,F,CC,YP,D
15:00:00,TLKM,RG,4250,5,F,CC,XC,D
15:00:00,TLKM,RG,4250,1,F,CC,XC,D
15:00:00,TLKM,RG,4250,2,F,CC,EP,D
15:00:00,TLKM,RG,4250,1,F,CC,YP,D
15:00:00,TLKM,RG,4250,1,F,CC,LS,D
15:00:00,TLKM,RG,4250,5,F,CC,CC,D
15:00:00,TLKM,RG,4250,10,F,CC,OD,D
15:00:00,TLKM,RG,4250,100,F,CC,SQ,D
15:00:00,TLKM,RG,4250,300,F,CC,TP,D
15:00:00,TLKM,RG,4250,300,F,CC,TP,D
15:00:00,TLKM,RG,4250,2,F,CC,DR,D
15:00:00,TLKM,RG,4250,352,F,CC,CC,D
15:00:00,TLKM,RG,4250,259,F,CC,KK,D
15:00:00,TLKM,RG,4250,3,F,CC,PD,D
15:00:00,TLKM,RG,4250,300,F,CC,YP,D
15:00:00,TLKM,RG,4250,20,F,CC,GR,D
15:00:00,TLKM,RG,4250,250,F,CC,KK,D
15:00:00,TLKM,RG,4250,1,F,CC,DH,D
15:00:00,TLKM,RG,4250,1,F,CC,DH,D
15:00:00,TLKM,RG,4250,2,F,CC,XC,D
15:00:00,TLKM,RG,4250,100,F,CC,CC,D
15:00:00,TLKM,RG,4250,3,F,CC,XC,D
15:00:00,TLKM,RG,4250,1,F,CC,XC,D
15:00:00,TLKM,RG,4250,57,F,CC,XL,D
15:00:00,TLKM,RG,4250,100,F,CC,YP,D
15:00:00,TLKM,RG,4250,500,F,CC,YP,D
15:00:00,TLKM,RG,4250,30,F,CC,PD,D
15:00:00,TLKM,RG,4250,50,F,CC,XC,D
15:00:00,TLKM,RG,4250,9,F,CC,PD,D
15:00:00,TLKM,RG,4250,1,F,CC,GR,D
15:00:00,TLKM,RG,4250,95,F,CC,NI,D
15:00:00,TLKM,RG,4250,2,F,CC,SQ,D
15:00:00,TLKM,RG,4250,1,F,CC,YP,D
15:00:00,TLKM,RG,4250,1,F,CC,XC,D
15:00:00,TLKM,RG,4250,43,F,CC,XC,D
15:00:00,TLKM,RG,4250,1,F,CC,CC,D
15:00:00,TLKM,RG,4250,3,F,CC,YP,D
15:00:00,TLKM,RG,4250,5,F,CC,YP,D
15:00:00,TLKM,RG,4250,1,F,CC,PD,D
15:00:00,TLKM,RG,4250,1,F,CC,YP,D
15:00:00,TLKM,RG,4250,31,F,CC,YP,D
15:00:00,TLKM,RG,4250,1969,F,ZP,YP,D
15:00:00,TLKM,RG,4250,50,F,ZP,YP,D
15:00:00,TLKM,RG,4250,1,F,ZP,YP,D
15:00:00,TLKM,RG,4250,1,F,ZP,XC,D
15:00:00,TLKM,RG,4250,40,F,ZP,YP,D
15:00:00,TLKM,RG,4250,2,F,ZP,PD,D
15:00:00,TLKM,RG,4250,200,F,ZP,PD,D
15:00:00,TLKM,RG,4250,1,F,ZP,YP,D
15:00:00,TLKM,RG,4250,15,F,ZP,KK,D
15:00:00,TLKM,RG,4250,62,F,ZP,ZP,D
15:00:00,TLKM,RG,4250,20,F,ZP,YP,D
15:00:00,TLKM,RG,4250,20,F,ZP,YP,D
15:00:00,TLKM,RG,4250,20,F,ZP,YP,D
15:00:00,TLKM,RG,4250,5,F,ZP,PD,D
15:00:00,TLKM,RG,4250,20,F,ZP,YP,D
15:00:00,TLKM,RG,4250,5,F,ZP,XC,D
15:00:00,TLKM,RG,4250,2,F,ZP,YP,D
15:00:00,TLKM,RG,4250,20,F,ZP,YP,D
15:00:00,TLKM,RG,4250,1,F,ZP,PD,D
15:00:00,TLKM,RG,4250,3,F,ZP,PD,D
15:00:00,TLKM,RG,4250,4,F,ZP,XC,D
15:00:00,TLKM,RG,4250,5,F,ZP,YP,D
15:00:00,TLKM,RG,4250,20,F,ZP,YP,D
15:00:00,TLKM,RG,4250,9,F,ZP,PD,D
15:00:00,TLKM,RG,4250,50,F,ZP,YP,D
15:00:00,TLKM,RG,4250,200,F,ZP,YP,D
15:00:00,TLKM,RG,4250,2,F,ZP,PD,D
15:00:00,TLKM,RG,4250,1,F,ZP,XC,D
15:00:00,TLKM,RG,4250,6,F,ZP,CC,D
15:00:00,TLKM,RG,4250,100,F,ZP,CC,D
15:00:00,TLKM,RG,4250,5,F,ZP,NI,D
15:00:00,TLKM,RG,4250,20,F,ZP,YP,D
15:00:00,TLKM,RG,4250,1,F,ZP,CC,D
15:00:00,TLKM,RG,4250,2,F,ZP,SQ,D
15:00:00,TLKM,RG,4250,1,F,ZP,PD,D
15:00:00,TLKM,RG,4250,5,F,ZP,PD,D
15:00:00,TLKM,RG,4250,20,F,ZP,YP,D
15:00:00,TLKM,RG,4250,3,F,ZP,XC,D
15:00:00,TLKM,RG,4250,1,F,ZP,XC,D
15:00:00,TLKM,RG,4250,2,F,ZP,RO,D
15:00:00,TLKM,RG,4250,5,F,ZP,XC,D
15:00:00,TLKM,RG,4250,9,F,ZP,XC,D
15:00:00,TLKM,RG,4250,71,F,ZP,EP,D
15:00:00,TLKM,RG,4250,4,F,ZP,XC,D
15:00:00,TLKM,RG,4250,10,F,ZP,BQ,D
15:00:00,TLKM,RG,4250,1,F,ZP,SQ,D
15:00:00,TLKM,RG,4250,4,F,ZP,XC,D
15:00:00,TLKM,RG,4250,5,F,ZP,OD,D
15:00:00,TLKM,RG,4250,6,F,ZP,PD,D
15:00:00,TLKM,RG,4250,27,F,ZP,PD,D
15:00:00,TLKM,RG,4250,1,F,ZP,SQ,D
15:00:00,TLKM,RG,4250,35,F,ZP,AZ,D
15:00:00,TLKM,RG,4250,2,F,ZP,XC,D
15:00:00,TLKM,RG,4250,150,F,ZP,PD,D
15:00:00,TLKM,RG,4250,2,F,ZP,XC,D
15:00:00,TLKM,RG,4250,20,F,ZP,ID,D
15:00:00,TLKM,RG,4250,4,F,ZP,XL,D
15:00:00,TLKM,RG,4250,4,F,ZP,YP,D
15:00:00,TLKM,RG,4250,5,F,ZP,XC,D
15:00:00,TLKM,RG,4250,1,F,ZP,XC,D
15:00:00,TLKM,RG,4250,2,F,ZP,XC,D
15:00:00,TLKM,RG,4250,5,F,ZP,XC,D
15:00:00,TLKM,RG,4250,1,F,ZP,YP,D
15:00:00,TLKM,RG,4250,1,F,ZP,AT,D
15:00:00,TLKM,RG,4250,45,F,ZP,AT,D
15:00:00,TLKM,RG,4250,5,F,ZP,PD,D
15:00:00,TLKM,RG,4250,2,F,ZP,PD,D
15:00:00,TLKM,RG,4250,7,F,ZP,PD,D
15:00:00,TLKM,RG,4250,30,F,ZP,PD,D
15:00:00,TLKM,RG,4250,1,F,ZP,SQ,D
15:00:00,TLKM,RG,4250,12,F,ZP,SQ,D
15:00:00,TLKM,RG,4250,30,F,ZP,CC,D
15:00:00,TLKM,RG,4250,4,F,ZP,XC,D
15:00:00,TLKM,RG,4250,1,F,ZP,XC,D
15:00:00,TLKM,RG,4250,2,F,ZP,XC,D
15:00:00,TLKM,RG,4250,75,F,ZP,PD,D
15:00:00,TLKM,RG,4250,1,F,ZP,PD,D
15:00:00,TLKM,RG,4250,40,F,ZP,YP,D
15:00:00,TLKM,RG,4250,50,F,ZP,KK,D
15:00:00,TLKM,RG,4250,11,F,ZP,PD,D
15:00:00,TLKM,RG,4250,1,F,ZP,PD,D
15:00:00,TLKM,RG,4250,30,F,ZP,PD,D
15:00:00,TLKM,RG,4250,5,F,ZP,OD,D
15:00:00,TLKM,RG,4250,100,F,ZP,RB,D
15:00:00,TLKM,RG,4250,7,F,ZP,XC,D
15:00:00,TLKM,RG,4250,25,F,ZP,OD,D
15:00:00,TLKM,RG,4250,60,F,ZP,YP,D
15:00:00,TLKM,RG,4250,100,F,ZP,YP,D
15:00:00,TLKM,RG,4250,1,F,ZP,XC,D
15:00:00,TLKM,RG,4250,3,F,ZP,PD,D
15:00:00,TLKM,RG,4250,10,F,ZP,XC,D
15:00:00,TLKM,RG,4250,1,F,ZP,BQ,D
15:00:00,TLKM,RG,4250,250,F,ZP,GR,D
15:00:00,TLKM,RG,4250,20,F,ZP,XC,D
15:00:00,TLKM,RG,4250,1,F,ZP,XC,D
15:00:00,TLKM,RG,4250,5,F,ZP,PD,D
15:00:00,TLKM,RG,4250,3,F,ZP,NI,D
15:00:00,TLKM,RG,4250,1,F,ZP,XC,D
15:00:00,TLKM,RG,4250,1,F,ZP,PD,D
15:00:00,TLKM,RG,4250,4,F,ZP,PD,D
15:00:00,TLKM,RG,4250,1,F,ZP,CC,D
15:00:00,TLKM,RG,4250,50,F,ZP,EP,D
15:00:00,TLKM,RG,4250,3,F,ZP,SQ,D
15:00:00,TLKM,RG,4250,537,F,ZP,YP,D
15:00:00,TLKM,RG,4250,3952,F,ZP,YP,D
15:00:00,TLKM,RG,4250,3,F,ZP,SQ,D
15:00:00,TLKM,RG,4250,1,F,ZP,CC,D
15:00:00,TLKM,RG,4250,10,F,ZP,GR,D
15:00:00,TLKM,RG,4250,5,F,ZP,XC,D
15:00:00,TLKM,RG,4250,5000,F,ZP,IF,D
15:00:00,TLKM,RG,4250,1,F,ZP,YP,D
15:00:00,TLKM,RG,4250,6,F,ZP,XC,D
15:00:00,TLKM,RG,4250,2,F,ZP,CP,D
15:00:00,TLKM,RG,4250,10,F,ZP,XC,D
15:00:00,TLKM,RG,4250,50,F,ZP,KK,D
15:00:00,TLKM,RG,4250,5,F,ZP,XC,D
15:00:00,TLKM,RG,4250,7,F,ZP,XC,D
15:00:00,TLKM,RG,4250,1,F,ZP,YP,D
15:00:00,TLKM,RG,4250,24,F,ZP,YP,D
15:00:00,TLKM,RG,4250,76,F,ZP,YP,D
15:00:00,TLKM,RG,4250,100,F,ZP,SQ,D
15:00:00,TLKM,RG,4250,1,F,ZP,XC,D
15:00:00,TLKM,RG,4250,1,F,ZP,YP,D
15:00:00,TLKM,RG,4250,25,F,ZP,YP,D
15:00:00,TLKM,RG,4250,10,F,ZP,XC,D
15:00:00,TLKM,RG,4250,20,F,ZP,ZP,D
15:00:00,TLKM,RG,4250,35,F,ZP,YB,D
15:00:00,TLKM,RG,4250,92,F,ZP,YB,D
15:00:00,TLKM,RG,4250,11,F,BK,YB,D
15:00:00,TLKM,RG,4250,162,F,CS,YB,D
15:00:00,TLKM,RG,4250,7,F,CS,YP,D
15:00:00,TLKM,RG,4250,2,F,CS,SQ,D
15:00:00,TLKM,RG,4250,20,F,CS,PD,D
15:00:00,TLKM,RG,4250,500,F,CS,RF,D
15:00:00,TLKM,RG,4250,50,F,CS,OD,D
15:00:00,TLKM,RG,4250,2,F,CS,SQ,D
15:00:00,TLKM,RG,4250,4,F,CS,CC,D
15:00:00,TLKM,RG,4250,10,F,CS,XA,D
15:00:00,TLKM,RG,4250,1,F,CS,PD,D
15:00:00,TLKM,RG,4250,4,F,CS,NI,D
15:00:00,TLKM,RG,4250,5000,F,CS,RX,F
15:00:00,TLKM,RG,4250,1000,F,CS,RF,D
15:00:00,TLKM,RG,4250,500,F,CS,YP,D
15:00:00,TLKM,RG,4250,4,F,CS,CC,D
15:00:00,TLKM,RG,4250,19,F,BK,CC,D
15:00:00,TLKM,RG,4250,60,F,BK,YB,D
15:00:00,TLKM,RG,4250,2,F,BK,PD,D
15:00:00,TLKM,RG,4250,2,F,BK,PD,D
15:00:00,TLKM,RG,4250,250,F,BK,KK,D
15:00:00,TLKM,RG,4250,15,F,BK,HP,D
15:00:00,TLKM,RG,4250,250,F,BK,KK,D
15:00:00,TLKM,RG,4250,15,F,BK,DX,D
15:00:00,TLKM,RG,4250,1,F,BK,YP,D
15:00:00,TLKM,RG,4250,5000,F,BK,RX,F
15:00:00,TLKM,RG,4250,150,F,BK,DR,D
15:00:00,TLKM,RG,4250,20,F,BK,YU,D
15:00:00,TLKM,RG,4250,5000,F,BK,RX,F
15:00:00,TLKM,RG,4250,510,F,BK,RX,F
15:00:00,TLKM,RG,4250,554,F,BK,RX,F
15:00:00,TLKM,RG,4250,72,F,BK,RX,F
15:00:00,TLKM,RG,4250,10000,F,BK,RX,F
15:00:00,TLKM,RG,4250,20,F,BK,RX,F
15:00:00,TLKM,RG,4250,838,F,BK,RX,F
15:00:00,TLKM,RG,4250,300,F,BK,PD,D
15:00:00,TLKM,RG,4250,551,F,BK,YU,F
15:00:00,TLKM,RG,4250,3,F,BK,ZP,F
15:00:00,TLKM,RG,4250,1,F,BK,ZP,F
15:00:00,TLKM,RG,4250,3,F,BK,ZP,F
15:00:00,TLKM,RG,4250,121,F,BK,ZP,F
15:00:00,TLKM,RG,4250,481,F,BK,ZP,F
15:00:00,TLKM,RG,4250,1385,F,BK,ZP,F
15:00:00,TLKM,RG,4250,6790,F,BK,AK,F
15:00:00,TLKM,RG,4250,375,F,BK,AK,F
15:00:00,TLKM,RG,4250,1600,F,BK,BK,F
15:00:00,TLKM,RG,4250,302,F,BK,ZP,F
15:00:00,TLKM,RG,4250,1257,F,BK,ZP,F
15:00:00,TLKM,RG,4250,1679,F,BK,ZP,F
15:00:00,TLKM,RG,4250,350,F,BK,ZP,F
15:00:00,TLKM,RG,4250,885,F,ZP,ZP,F
15:00:00,TLKM,RG,4250,1975,F,CS,ZP,F
15:00:00,TLKM,RG,4250,1997,F,CS,AK,F
15:00:00,TLKM,RG,4250,1643,F,DX,AK,F
15:00:00,TLKM,RG,4250,107,F,DX,AK,F
15:00:00,TLKM,RG,4250,23,F,DX,AK,F
15:00:00,TLKM,RG,4250,14,F,DX,AK,F
15:00:00,TLKM,RG,4250,6488,F,DX,BK,F
15:00:00,TLKM,RG,4250,433,F,DX,BK,F
15:00:00,TLKM,RG,4250,218,F,DX,BK,F
15:00:00,TLKM,RG,4250,244,F,DX,BK,F
15:00:00,TLKM,RG,4250,1085,F,AK,BK,F
15:00:00,TLKM,RG,4250,518,F,AK,BK,F
15:00:00,TLKM,RG,4250,2,F,AK,BK,F
15:00:00,TLKM,RG,4250,198,F,CS,BK,F
15:00:00,TLKM,RG,4250,55,F,CS,CS,F
15:00:00,TLKM,RG,4250,759,D,BB,CS,F
15:00:00,TLKM,RG,4250,203,D,BB,DX,F
15:00:00,TLKM,RG,4250,408,D,BB,DX,F
15:00:00,TLKM,RG,4250,181,D,BB,DX,F
15:00:00,TLKM,RG,4250,33,D,BB,AK,F
15:00:00,TLKM,RG,4250,52,D,BB,AK,F
15:00:00,TLKM,RG,4250,538,D,BB,ZP,F
15:00:00,TLKM,RG,4250,36,D,BB,ZP,F
15:00:00,TLKM,RG,4250,498,F,AK,ZP,F
15:00:00,TLKM,RG,4250,982,F,AK,ZP,F
15:00:00,TLKM,RG,4250,688,F,AK,ZP,F
15:00:00,TLKM,RG,4250,766,D,BB,ZP,F
15:00:00,TLKM,RG,4250,200,D,BB,ZP,F
15:00:00,TLKM,RG,4250,1277,D,OD,ZP,F
15:00:00,TLKM,RG,4250,939,D,OD,ZP,F
15:00:00,TLKM,RG,4250,30,F,RX,ZP,F
15:00:00,TLKM,RG,4250,153,D,DX,ZP,F
15:00:00,TLKM,RG,4250,10433,D,PD,ZP,F
15:00:00,TLKM,RG,4250,186,D,PD,OD,D
15:00:00,TLKM,RG,4250,26,D,PD,ZP,F
15:00:00,TLKM,RG,4250,740,D,PD,DR,D
15:00:00,TLKM,RG,4250,1333,D,PD,CC,D
15:00:00,TLKM,RG,4250,127,D,PD,DP,D
15:00:00,TLKM,RG,4250,21,D,PD,CC,D
15:00:00,TLKM,RG,4250,167,D,PD,YU,D
15:00:00,TLKM,RG,4250,180,D,PD,YP,D
14:49:59,TLKM,RG,4230,1,D,SQ,ZP,F
14:49:59,TLKM,RG,4230,1,D,SQ,AK,F
14:49:59,TLKM,RG,4230,1,D,SQ,AK,F
14:49:59,TLKM,RG,4230,1,D,SQ,AK,F
14:49:59,TLKM,RG,4230,2,D,SQ,AK,F
14:49:59,TLKM,RG,4240,1,F,AK,YP,D
14:49:58,TLKM,RG,4240,2,F,AK,YP,D
14:49:58,TLKM,RG,4240,1,F,AK,YP,D
14:49:58,TLKM,RG,4240,1,F,AK,YP,D
14:49:58,TLKM,RG,4230,2,D,SQ,ZP,F
14:49:58,TLKM,RG,4230,4,D,SQ,ZP,F
14:49:58,TLKM,RG,4230,3,D,SQ,ZP,F
14:49:57,TLKM,RG,4230,4,D,SQ,RX,F
14:49:57,TLKM,RG,4230,3,D,SQ,ZP,F
14:49:57,TLKM,RG,4240,1,F,ZP,YP,D
14:49:57,TLKM,RG,4240,26,F,BK,YP,D
14:49:56,TLKM,RG,4230,2,D,SQ,ZP,F
14:49:56,TLKM,RG,4230,8,D,SQ,AK,F
14:49:56,TLKM,RG,4230,4,D,SQ,AK,F
14:49:56,TLKM,RG,4230,1,D,SQ,ZP,F
14:49:56,TLKM,RG,4230,1,D,SQ,AK,F
14:49:56,TLKM,RG,4230,1,D,SQ,ZP,F
14:49:56,TLKM,RG,4230,2,D,SQ,ZP,F
14:49:55,TLKM,RG,4230,1,D,SQ,RX,F
14:49:55,TLKM,RG,4230,21,D,SQ,DX,F
14:49:55,TLKM,RG,4230,3,D,SQ,ZP,F
14:49:55,TLKM,RG,4230,1,D,SQ,ZP,F
14:49:55,TLKM,RG,4230,23,D,SQ,ZP,F
14:49:54,TLKM,RG,4240,1,F,ZP,YP,D
14:49:54,TLKM,RG,4230,3,D,SQ,AK,F
14:49:54,TLKM,RG,4230,1,D,SQ,ZP,F
14:49:54,TLKM,RG,4230,2,D,SQ,AK,F
14:49:54,TLKM,RG,4230,3,D,SQ,ZP,F
14:49:53,TLKM,RG,4230,1,D,SQ,ZP,F
14:49:53,TLKM,RG,4230,3,D,SQ,ZP,F
14:49:53,TLKM,RG,4230,29,D,SQ,ZP,F
14:49:53,TLKM,RG,4240,16,F,BK,YP,D
14:49:52,TLKM,RG,4230,1,D,SQ,AK,F
14:49:52,TLKM,RG,4230,1,D,SQ,ZP,F
14:49:51,TLKM,RG,4240,1,F,ZP,YP,D
14:49:51,TLKM,RG,4230,3,D,SQ,ZP,F
14:49:50,TLKM,RG,4230,15,D,SQ,KK,D
14:49:50,TLKM,RG,4230,5,D,SQ,ZP,F
14:49:50,TLKM,RG,4230,3,D,SQ,YU,F
14:49:50,TLKM,RG,4230,3,D,SQ,YU,F
14:49:50,TLKM,RG,4240,23,F,AK,YP,D
14:49:50,TLKM,RG,4230,6,D,SQ,YU,F
14:49:50,TLKM,RG,4240,3,F,AK,YP,D
14:49:49,TLKM,RG,4230,1,D,SQ,ZP,F
14:49:49,TLKM,RG,4230,3,D,SQ,ZP,F
14:49:49,TLKM,RG,4240,15,F,BK,YP,D
14:49:48,TLKM,RG,4230,5,D,SQ,RX,F
14:49:46,TLKM,RG,4230,2,D,SQ,ZP,F
14:49:46,TLKM,RG,4230,3,D,SQ,ZP,F
14:49:45,TLKM,RG,4230,1,D,SQ,AK,F
14:49:45,TLKM,RG,4230,1,D,SQ,ZP,F
14:49:45,TLKM,RG,4230,4,D,SQ,ZP,F
14:49:45,TLKM,RG,4240,13,F,AK,YP,D
14:49:45,TLKM,RG,4230,2,D,SQ,ZP,F
14:49:45,TLKM,RG,4240,42,F,BK,YP,D
14:49:45,TLKM,RG,4240,2,F,ZP,YP,D
14:49:44,TLKM,RG,4240,8,F,AK,YP,D
14:49:44,TLKM,RG,4240,5,F,AK,YP,D
14:49:43,TLKM,RG,4230,1,D,SQ,ZP,F
14:49:43,TLKM,RG,4230,1,D,SQ,ZP,F
14:49:42,TLKM,RG,4240,1,D,XL,YP,D
14:49:42,TLKM,RG,4230,4,D,SQ,ZP,F
14:49:42,TLKM,RG,4230,2,D,SQ,YU,F
14:49:42,TLKM,RG,4230,3,D,SQ,YU,F
14:49:41,TLKM,RG,4230,10,D,SQ,ZP,F
14:49:41,TLKM,RG,4230,2,D,SQ,ZP,F
14:49:41,TLKM,RG,4230,12,D,SQ,ZP,F
14:49:41,TLKM,RG,4240,6,F,CS,YP,D
14:49:41,TLKM,RG,4240,32,F,CS,YP,D
14:49:41,TLKM,RG,4230,45,D,SQ,YP,D
14:49:41,TLKM,RG,4240,77,F,BK,YP,D
14:49:41,TLKM,RG,4230,2,D,SQ,ZP,F
14:49:40,TLKM,RG,4230,1,D,SQ,ZP,F
14:49:39,TLKM,RG,4230,4,D,SQ,ZP,F
14:49:39,TLKM,RG,4230,10,D,SQ,ZP,F
14:49:38,TLKM,RG,4230,3,D,SQ,ZP,F
14:49:38,TLKM,RG,4230,11,D,SQ,ZP,F
14:49:38,TLKM,RG,4230,83,D,SQ,AK,F
14:49:38,TLKM,RG,4240,45,F,CS,YP,D
14:49:38,TLKM,RG,4230,14,D,SQ,ZP,F
14:49:37,TLKM,RG,4230,3,D,SQ,ZP,F
14:49:37,TLKM,RG,4230,94,D,SQ,ZP,F
14:49:37,TLKM,RG,4230,22,D,SQ,RX,F
14:49:37,TLKM,RG,4230,11,D,SQ,ZP,F
14:49:37,TLKM,RG,4230,1,D,SQ,ZP,F
14:49:37,TLKM,RG,4240,79,F,BK,YP,D
14:49:36,TLKM,RG,4230,3,D,SQ,ZP,F
14:49:35,TLKM,RG,4230,17,D,SQ,ZP,F
14:49:35,TLKM,RG,4230,4,D,SQ,YU,F
14:49:35,TLKM,RG,4240,5,F,CS,YP,D
14:49:35,TLKM,RG,4230,2,D,SQ,YU,F
14:49:35,TLKM,RG,4230,29,D,SQ,ZP,F
14:49:35,TLKM,RG,4240,73,F,CS,YP,D
14:49:35,TLKM,RG,4230,200,D,SQ,PD,D
14:49:34,TLKM,RG,4230,1,D,SQ,ZP,F
14:49:34,TLKM,RG,4230,5,D,SQ,ZP,F
14:49:33,TLKM,RG,4240,3,F,RX,YP,D
14:49:33,TLKM,RG,4230,6,D,SQ,ZP,F
14:49:33,TLKM,RG,4240,51,F,BK,YP,D
14:49:32,TLKM,RG,4230,4,D,SQ,ZP,F
14:49:32,TLKM,RG,4230,1,D,SQ,ZP,F
14:49:32,TLKM,RG,4230,5,D,SQ,ZP,F
14:49:31,TLKM,RG,4230,6,D,SQ,ZP,F
14:49:31,TLKM,RG,4240,5,F,ZP,YP,D
14:49:31,TLKM,RG,4240,52,F,CS,YP,D
14:49:30,TLKM,RG,4230,1,D,SQ,AK,F
14:49:30,TLKM,RG,4230,10,D,SQ,ZP,F
14:49:30,TLKM,RG,4230,26,D,SQ,ZP,F
14:49:30,TLKM,RG,4230,1,D,SQ,ZP,F
14:49:30,TLKM,RG,4230,3,D,SQ,AK,F
14:49:30,TLKM,RG,4230,17,D,SQ,ZP,F
14:49:30,TLKM,RG,4230,11,D,SQ,ZP,F
14:49:29,TLKM,RG,4230,30,D,SQ,DX,F
14:49:29,TLKM,RG,4230,3,D,SQ,ZP,F
14:49:29,TLKM,RG,4230,10,D,SQ,AK,F
14:49:29,TLKM,RG,4230,11,D,SQ,ZP,F
14:49:29,TLKM,RG,4230,1,D,SQ,AK,F
14:49:29,TLKM,RG,4240,109,F,BK,YP,D
14:49:28,TLKM,RG,4230,13,F,BK,ZP,F
14:49:28,TLKM,RG,4230,5,F,BK,ZP,F
14:49:28,TLKM,RG,4230,16,F,BK,ZP,F
14:49:28,TLKM,RG,4240,123,F,CS,YP,D
14:49:28,TLKM,RG,4230,2,F,BK,ZP,F
14:49:28,TLKM,RG,4230,120,F,BK,AK,F
14:49:27,TLKM,RG,4230,14,F,BK,AK,F
14:49:27,TLKM,RG,4230,2,F,BK,ZP,F
14:49:27,TLKM,RG,4230,1,F,BK,ZP,F
14:49:27,TLKM,RG,4230,5,F,BK,YU,F
14:49:26,TLKM,RG,4230,2,F,BK,ZP,F
14:49:26,TLKM,RG,4230,8,F,BK,BK,F
14:49:24,TLKM,RG,4230,1,F,BK,PD,D
14:49:23,TLKM,RG,4230,2,F,BK,ZP,F
14:49:22,TLKM,RG,4230,12,F,BK,ZP,F
14:49:22,TLKM,RG,4230,19,F,BK,ZP,F
14:49:21,TLKM,RG,4230,8,F,BK,ZP,F
14:49:21,TLKM,RG,4230,1,F,BK,AK,F
14:49:21,TLKM,RG,4230,127,F,BK,ZP,F
14:49:21,TLKM,RG,4240,99,F,CS,YP,D
14:49:21,TLKM,RG,4230,8,F,BK,ZP,F
14:49:21,TLKM,RG,4230,53,F,BK,AK,F
14:49:17,TLKM,RG,4230,2,F,BK,ZP,F
14:49:17,TLKM,RG,4230,11,F,BK,ZP,F
14:49:16,TLKM,RG,4230,14,F,BK,ZP,F
14:49:16,TLKM,RG,4230,9,F,BK,ZP,F
14:49:16,TLKM,RG,4230,4,F,BK,ZP,F
14:49:15,TLKM,RG,4230,2,F,BK,AK,F
14:49:15,TLKM,RG,4240,103,F,CS,YP,D
14:49:15,TLKM,RG,4230,6,F,BK,AK,F
14:49:15,TLKM,RG,4240,87,F,BK,YP,D
14:49:15,TLKM,RG,4240,3,F,BK,MK,D
14:49:15,TLKM,RG,4230,10,F,BK,AK,F
14:49:15,TLKM,RG,4230,10,D,KK,AK,F
14:49:15,TLKM,RG,4230,3,D,SQ,AK,F
14:49:12,TLKM,RG,4230,5,D,SQ,ZP,F
14:49:12,TLKM,RG,4230,33,D,SQ,ZP,F
14:49:11,TLKM,RG,4230,37,D,SQ,DX,F
14:49:10,TLKM,RG,4240,180,F,CS,MK,D
14:49:08,TLKM,RG,4230,1,D,SQ,ZP,F
14:49:08,TLKM,RG,4230,1,D,SQ,PD,D
14:49:07,TLKM,RG,4230,5,D,SQ,ZP,F
14:49:07,TLKM,RG,4230,34,D,SQ,RX,F
14:49:06,TLKM,RG,4230,2,D,SQ,ZP,F
14:49:06,TLKM,RG,4230,5,D,SQ,YU,F
14:49:05,TLKM,RG,4230,6,D,SQ,ZP,F
14:49:05,TLKM,RG,4230,1,D,SQ,RX,F
14:49:05,TLKM,RG,4230,11,D,SQ,ZP,F
14:49:05,TLKM,RG,4230,1,D,SQ,ZP,F
14:49:05,TLKM,RG,4230,19,D,SQ,BK,F
14:49:04,TLKM,RG,4240,17,F,BK,MK,D
14:49:04,TLKM,RG,4240,5,F,BK,OD,D
14:49:04,TLKM,RG,4240,10,F,BK,XC,D
14:49:04,TLKM,RG,4240,2,F,BK,CD,D
14:49:04,TLKM,RG,4240,10,F,BK,XC,D
14:49:04,TLKM,RG,4240,35,F,BK,EP,D
14:49:04,TLKM,RG,4240,5,F,BK,YU,D
14:49:04,TLKM,RG,4230,7,D,SQ,ZP,F
14:49:04,TLKM,RG,4230,41,D,SQ,BK,F
14:49:03,TLKM,RG,4230,5,D,SQ,ZP,F
14:49:02,TLKM,RG,4230,16,D,SQ,ZP,F
14:49:02,TLKM,RG,4240,122,F,BK,YU,D
14:49:02,TLKM,RG,4230,2,D,SQ,ZP,F
14:49:01,TLKM,RG,4230,12,D,SQ,ZP,F
14:49:01,TLKM,RG,4230,31,D,SQ,ZP,F
14:49:00,TLKM,RG,4230,1,D,SQ,AK,F
14:49:00,TLKM,RG,4230,2,D,SQ,AK,F
14:49:00,TLKM,RG,4230,2,D,SQ,AK,F
14:49:00,TLKM,RG,4230,1,D,SQ,AK,F
14:49:00,TLKM,RG,4230,72,D,SQ,AK,F
14:49:00,TLKM,RG,4230,40,D,SQ,AK,F
14:49:00,TLKM,RG,4230,7,D,SQ,ZP,F
14:49:00,TLKM,RG,4230,16,D,SQ,ZP,F
14:49:00,TLKM,RG,4230,4,D,SQ,AK,F
14:49:00,TLKM,RG,4230,146,D,SQ,BK,F
14:49:00,TLKM,RG,4230,2,D,SQ,AK,F
14:49:00,TLKM,RG,4230,6,D,SQ,BK,F
14:48:59,TLKM,RG,4230,47,D,SQ,AK,F
14:48:59,TLKM,RG,4230,25,D,SQ,ZP,F
14:48:59,TLKM,RG,4240,4,F,ZP,YU,D
14:48:59,TLKM,RG,4240,2,F,ZP,YU,D
14:48:59,TLKM,RG,4230,34,D,SQ,BK,F
14:48:59,TLKM,RG,4240,64,F,CS,YU,D
14:48:59,TLKM,RG,4240,100,F,CS,YU,D
14:48:55,TLKM,RG,4230,2,D,SQ,ZP,F
14:48:54,TLKM,RG,4230,11,D,SQ,ZP,F
14:48:53,TLKM,RG,4230,24,D,SQ,ZP,F
14:48:53,TLKM,RG,4240,49,F,BK,YU,D
14:48:53,TLKM,RG,4230,37,D,SQ,ZP,F
14:48:52,TLKM,RG,4230,2,D,SQ,ZP,F
14:48:52,TLKM,RG,4230,122,D,SQ,ZP,F
14:48:52,TLKM,RG,4230,75,D,SQ,ZP,F
14:48:52,TLKM,RG,4230,1,D,SQ,ZP,F
14:48:52,TLKM,RG,4230,2,D,SQ,ZP,F
14:48:52,TLKM,RG,4230,41,D,SQ,ZP,F
14:48:52,TLKM,RG,4230,1,D,XC,ZP,F
14:48:52,TLKM,RG,4230,6,D,XC,ZP,F
14:48:52,TLKM,RG,4230,1,D,XC,ZP,F
14:48:52,TLKM,RG,4230,5,D,YP,ZP,F
14:48:52,TLKM,RG,4230,30,D,YP,ZP,F
14:48:52,TLKM,RG,4230,45,F,AK,ZP,F
14:48:52,TLKM,RG,4230,14,F,CC,ZP,F
14:48:52,TLKM,RG,4230,5,F,CC,YU,F
14:48:52,TLKM,RG,4230,20,F,CC,YU,F
14:48:51,TLKM,RG,4230,95,F,CC,ZP,F
14:48:51,TLKM,RG,4230,366,F,CC,ZP,F
14:48:51,TLKM,RG,4230,452,F,CC,ZP,F
14:48:51,TLKM,RG,4230,41,F,CC,BK,F
14:48:48,TLKM,RG,4230,70,F,CC,ZP,F
14:48:47,TLKM,RG,4230,82,F,CC,ZP,F
14:48:47,TLKM,RG,4230,6,F,CC,AG,D
14:48:45,TLKM,RG,4230,1,F,CC,AK,F
14:48:45,TLKM,RG,4230,1,F,CC,AK,F
14:48:42,TLKM,RG,4230,5,F,CC,YU,F
14:48:40,TLKM,RG,4230,59,F,CC,AK,F
14:48:39,TLKM,RG,4230,38,F,CC,BK,F
14:48:31,TLKM,RG,4230,128,F,CC,ZP,F
14:48:30,TLKM,RG,4230,2,F,CC,AK,F
14:48:28,TLKM,RG,4230,8,F,CC,YU,F
14:48:28,TLKM,RG,4230,107,F,CC,ZP,F
14:48:28,TLKM,RG,4230,1,D,XC,ZP,F
14:48:28,TLKM,RG,4230,4,D,PD,ZP,F
14:48:28,TLKM,RG,4230,5,D,PD,ZP,F
14:48:28,TLKM,RG,4230,9,F,ZP,ZP,F
14:48:28,TLKM,RG,4230,50,D,YP,ZP,F
14:48:28,TLKM,RG,4230,1,D,HP,ZP,F
14:48:28,TLKM,RG,4230,130,F,CS,ZP,F
14:48:27,TLKM,RG,4230,37,F,CS,BK,F
14:48:22,TLKM,RG,4230,1,F,CS,PD,D
14:48:20,TLKM,RG,4230,2,F,CS,PD,D
14:48:19,TLKM,RG,4230,34,F,CS,RX,F
14:48:18,TLKM,RG,4230,36,F,CS,BK,F
14:48:17,TLKM,RG,4230,5,F,CS,YU,F
14:48:17,TLKM,RG,4230,25,F,CS,AK,F
14:48:17,TLKM,RG,4230,30,F,AK,AK,F
14:48:15,TLKM,RG,4230,1,F,AK,AK,F
14:48:15,TLKM,RG,4230,120,F,AK,ZP,F
14:48:13,TLKM,RG,4240,1,D,CC,YU,D
14:48:13,TLKM,RG,4230,50,F,AK,CC,D
14:48:13,TLKM,RG,4230,19,F,AK,CC,D
14:48:12,TLKM,RG,4240,40,F,AK,YU,D
14:48:12,TLKM,RG,4230,3,F,AK,PD,D
14:48:12,TLKM,RG,4230,3,D,YP,PD,D
14:48:12,TLKM,RG,4230,1,D,YP,PD,D
14:48:12,TLKM,RG,4230,1,F,CS,PD,D
14:48:11,TLKM,RG,4230,11,F,CS,YU,F
14:48:11,TLKM,RG,4230,1,F,CS,AK,F
14:48:10,TLKM,RG,4230,282,F,CS,ZP,F
14:48:10,TLKM,RG,4230,4,F,RX,ZP,F
14:48:10,TLKM,RG,4230,1,D,YP,ZP,F
14:48:10,TLKM,RG,4230,187,F,BK,ZP,F
14:48:07,TLKM,RG,4240,1,F,RX,YU,D
14:48:05,TLKM,RG,4230,38,F,BK,BK,F
14:48:02,TLKM,RG,4230,41,F,BK,BK,F
14:48:00,TLKM,RG,4230,1,F,BK,AK,F
14:48:00,TLKM,RG,4230,5,F,BK,YU,F
14:47:59,TLKM,RG,4230,42,F,BK,DX,F
14:47:58,TLKM,RG,4230,44,F,BK,ZP,F
14:47:57,TLKM,RG,4240,6,F,CS,YU,D
14:47:57,TLKM,RG,4240,10,F,CS,PD,D
14:47:57,TLKM,RG,4240,5,F,CS,NI,D
14:47:57,TLKM,RG,4240,2,F,CS,XL,D
14:47:57,TLKM,RG,4240,2,F,CS,SQ,D
14:47:57,TLKM,RG,4240,8,F,CS,YP,D
14:47:57,TLKM,RG,4240,15,F,CS,XC,D
14:47:57,TLKM,RG,4240,5,F,CS,PD,D
14:47:57,TLKM,RG,4240,3,F,CS,PD,D
14:47:57,TLKM,RG,4240,2,F,CS,XC,D
14:47:57,TLKM,RG,4240,20,F,CS,PD,D
14:47:57,TLKM,RG,4240,60,F,CS,YP,D
14:47:57,TLKM,RG,4240,1,F,CS,YP,D
14:47:57,TLKM,RG,4240,1,F,CS,YP,D
14:47:57,TLKM,RG,4240,25,F,CS,CC,D
14:47:57,TLKM,RG,4240,2,F,CS,PD,D
14:47:57,TLKM,RG,4240,17,F,CS,PD,D
14:47:57,TLKM,RG,4240,10,F,CS,YP,D
14:47:57,TLKM,RG,4240,1,F,CS,RO,D
14:47:57,TLKM,RG,4240,48,F,CS,YB,D
14:47:57,TLKM,RG,4230,20,F,BK,XL,D
14:47:54,TLKM,RG,4230,53,F,BK,AK,F
14:47:52,TLKM,RG,4230,5,F,BK,YU,F
14:47:52,TLKM,RG,4230,41,F,BK,BK,F
14:47:52,TLKM,RG,4230,107,F,BK,ZP,F
14:47:52,TLKM,RG,4230,17,F,BK,SQ,D
14:47:50,TLKM,RG,4230,25,F,BK,RX,F
14:47:48,TLKM,RG,4230,4,F,BK,RX,F
14:47:45,TLKM,RG,4230,1,F,BK,AK,F
14:47:45,TLKM,RG,4240,1,F,RX,YB,D
14:47:45,TLKM,RG,4240,67,F,AK,YB,D
14:47:44,TLKM,RG,4240,1,D,YP,YB,D
14:47:41,TLKM,RG,4230,36,F,BK,BK,F
14:47:37,TLKM,RG,4240,231,F,CS,YB,D
14:47:33,TLKM,RG,4230,47,F,BK,AK,F
14:47:30,TLKM,RG,4240,72,F,AK,YB,D
14:47:29,TLKM,RG,4240,1,F,RX,YB,D
14:47:27,TLKM,RG,4230,40,F,BK,BK,F
14:47:24,TLKM,RG,4230,34,F,BK,BK,F
14:47:22,TLKM,RG,4230,1,F,BK,XL,D
14:47:17,TLKM,RG,4240,79,F,CS,YB,D
14:47:17,TLKM,RG,4240,185,F,CS,MK,D
14:47:15,TLKM,RG,4230,41,F,BK,BK,F
14:47:15,TLKM,RG,4230,5,F,BK,YU,F
14:47:14,TLKM,RG,4230,47,F,BK,AK,F
14:47:14,TLKM,RG,4240,8,F,ZP,MK,D
14:47:13,TLKM,RG,4240,1,F,RX,MK,D
14:47:09,TLKM,RG,4240,1,D,BB,MK,D
14:47:07,TLKM,RG,4230,10,F,BK,SQ,D
14:47:02,TLKM,RG,4230,41,F,BK,BK,F
14:47:00,TLKM,RG,4230,25,F,BK,KK,D
14:47:00,TLKM,RG,4240,67,F,AK,MK,D
14:46:59,TLKM,RG,4240,10,D,PD,MK,D
14:46:55,TLKM,RG,4240,128,F,CS,MK,D
14:46:55,TLKM,RG,4240,2,F,CS,OD,D
14:46:55,TLKM,RG,4240,20,F,CS,YP,D
14:46:55,TLKM,RG,4240,2,F,CS,PD,D
14:46:55,TLKM,RG,4240,201,F,CS,YP,D
14:46:55,TLKM,RG,4230,66,F,BK,AK,F
14:46:55,TLKM,RG,4240,1,F,RX,YP,D
14:46:53,TLKM,RG,4240,39,F,BK,YP,D
14:46:50,TLKM,RG,4230,22,F,BK,BK,F
14:46:50,TLKM,RG,4230,5,F,ZP,BK,F
14:46:50,TLKM,RG,4230,8,F,CC,BK,F
14:46:48,TLKM,RG,4230,40,F,CC,BK,F
14:46:48,TLKM,RG,4230,1,F,CC,GR,D
14:46:48,TLKM,RG,4230,2,F,CC,XC,D
14:46:47,TLKM,RG,4240,9,F,BK,YP,D
14:46:47,TLKM,RG,4240,70,F,BK,KK,D
14:46:44,TLKM,RG,4230,33,F,CC,NI,D
14:46:44,TLKM,RG,4230,30,F,CC,YP,D
14:46:41,TLKM,RG,4240,52,F,BK,KK,D
14:46:39,TLKM,RG,4230,37,F,CC,BK,F
14:46:37,TLKM,RG,4240,89,F,BK,KK,D
14:46:36,TLKM,RG,4240,1,F,RX,KK,D
14:46:35,TLKM,RG,4230,30,F,CC,DX,F
14:46:31,TLKM,RG,4240,38,F,BK,KK,D
14:46:31,TLKM,RG,4240,1,F,BK,AT,D
14:46:31,TLKM,RG,4240,3,F,BK,XC,D
14:46:31,TLKM,RG,4240,5,F,BK,CC,D
14:46:31,TLKM,RG,4240,44,F,BK,GR,D
14:46:30,TLKM,RG,4230,1,F,CC,CC,D
14:46:30,TLKM,RG,4240,74,F,AK,GR,D
14:46:29,TLKM,RG,4240,5,D,YP,GR,D
14:46:29,TLKM,RG,4230,41,F,CC,BK,F
14:46:28,TLKM,RG,4230,5,F,CC,YU,F
14:46:28,TLKM,RG,4230,114,F,CC,AK,F
14:46:27,TLKM,RG,4230,20,F,CC,AG,D
14:46:26,TLKM,RG,4240,127,D,BQ,GR,D
14:46:26,TLKM,RG,4240,30,D,BQ,DH,D
14:46:26,TLKM,RG,4240,25,D,BQ,TP,D
14:46:26,TLKM,RG,4240,18,D,BQ,DR,D
14:46:26,TLKM,RG,4230,38,F,CC,BK,F
14:46:25,TLKM,RG,4240,182,F,CS,DR,D
14:46:25,TLKM,RG,4240,2,F,CS,OD,D
14:46:25,TLKM,RG,4240,2,F,CS,XC,D
14:46:25,TLKM,RG,4240,10,F,CS,YP,D
14:46:25,TLKM,RG,4240,1,F,CS,YP,D
14:46:25,TLKM,RG,4240,11,F,CS,XL,D
14:46:25,TLKM,RG,4240,2,F,CS,PD,D
14:46:25,TLKM,RG,4240,50,F,CS,YP,D
14:46:25,TLKM,RG,4240,133,F,CS,DR,D
14:46:25,TLKM,RG,4230,10,F,CC,YP,D
14:46:23,TLKM,RG,4240,25,D,BQ,DR,D
14:46:23,TLKM,RG,4240,42,F,BK,DR,D
14:46:23,TLKM,RG,4240,12,F,BK,CC,D
14:46:23,TLKM,RG,4240,5,F,BK,TP,D
14:46:23,TLKM,RG,4240,23,F,BK,RX,F
14:46:21,TLKM,RG,4240,150,D,BQ,RX,F
14:46:18,TLKM,RG,4240,88,F,BK,RX,F
14:46:15,TLKM,RG,4240,61,F,AK,RX,F
14:46:14,TLKM,RG,4240,1,F,RX,RX,F
14:46:13,TLKM,RG,4240,50,F,BK,RX,F
14:46:13,TLKM,RG,4230,40,F,CC,BK,F
14:46:08,TLKM,RG,4240,89,F,BK,RX,F
14:46:06,TLKM,RG,4240,1,F,RX,RX,F
14:46:03,TLKM,RG,4240,72,F,BK,RX,F
14:46:00,TLKM,RG,4230,40,F,CC,BK,F
14:45:59,TLKM,RG,4240,45,F,BK,RX,F
14:45:52,TLKM,RG,4240,60,F,BK,RX,F
14:45:52,TLKM,RG,4240,436,F,CS,RX,F
14:45:50,TLKM,RG,4240,72,F,BK,RX,F
14:45:48,TLKM,RG,4230,40,F,CC,BK,F
14:45:48,TLKM,RG,4230,44,F,CC,OD,D
14:45:47,TLKM,RG,4230,10,F,CC,CC,D
14:45:46,TLKM,RG,4230,4,F,CC,XL,D
14:45:45,TLKM,RG,4240,51,F,BK,RX,F
14:45:45,TLKM,RG,4240,1,F,RX,RX,F
14:45:45,TLKM,RG,4240,66,F,AK,RX,F
14:45:42,TLKM,RG,4230,210,F,CC,AK,F
14:45:42,TLKM,RG,4230,40,F,CC,BK,F
14:45:40,TLKM,RG,4240,49,F,BK,RX,F
14:45:37,TLKM,RG,4240,1,D,YP,RX,F
14:45:36,TLKM,RG,4240,47,F,BK,RX,F
14:45:36,TLKM,RG,4230,39,F,CC,BK,F
14:45:34,TLKM,RG,4230,5,F,CC,YU,F
14:45:27,TLKM,RG,4240,80,F,BK,RX,F
14:45:23,TLKM,RG,4240,1,F,RX,RX,F
14:45:23,TLKM,RG,4240,41,F,BK,RX,F
14:45:18,TLKM,RG,4240,50,F,BK,RX,F
14:45:15,TLKM,RG,4240,501,F,CS,RX,F
14:45:15,TLKM,RG,4230,7,F,CC,XC,D
14:45:14,TLKM,RG,4240,1,D,XC,RX,F
14:45:14,TLKM,RG,4240,61,F,BK,RX,F
14:45:13,TLKM,RG,4240,1,F,RX,RX,F
14:45:09,TLKM,RG,4240,68,F,BK,RX,F
14:45:04,TLKM,RG,4240,54,F,BK,RX,F
14:45:01,TLKM,RG,4240,1,D,DH,RX,F
14:44:59,TLKM,RG,4240,54,F,BK,RX,F
14:44:54,TLKM,RG,4240,56,F,BK,RX,F
14:44:48,TLKM,RG,4240,41,F,BK,RX,F
14:44:48,TLKM,RG,4240,1,F,RX,RX,F
14:44:44,TLKM,RG,4240,42,F,BK,RX,F
14:44:40,TLKM,RG,4240,36,F,BK,RX,F
14:44:40,TLKM,RG,4230,111,F,CC,NI,D
14:44:38,TLKM,RG,4240,40,F,BK,RX,F
14:44:36,TLKM,RG,4240,94,D,PD,RX,F
14:44:34,TLKM,RG,4240,53,F,BK,RX,F
14:44:32,TLKM,RG,4220,1,F,ZP,XC,D
14:44:28,TLKM,RG,4240,42,F,BK,RX,F
14:44:26,TLKM,RG,4240,60,F,BK,RX,F
14:44:24,TLKM,RG,4240,259,F,BK,RX,F
14:44:24,TLKM,RG,4240,1,F,BK,PD,D
14:44:24,TLKM,RG,4240,10,F,BK,GR,D
14:44:24,TLKM,RG,4240,15,F,BK,CC,D
14:44:24,TLKM,RG,4240,3,F,BK,XL,D
14:44:23,TLKM,RG,4230,79,F,CS,YU,F
14:44:23,TLKM,RG,4230,13,F,ZP,YU,F
14:44:22,TLKM,RG,4230,21,F,AK,CS,F
14:44:22,TLKM,RG,4240,12,F,CS,XL,D
14:44:22,TLKM,RG,4240,7,F,CS,XC,D
14:44:22,TLKM,RG,4240,5,F,CS,DR,D
14:44:22,TLKM,RG,4240,15,F,CS,TP,D
14:44:22,TLKM,RG,4240,32,F,CS,YB,D
14:44:22,TLKM,RG,4240,10,F,CS,NI,D
14:44:22,TLKM,RG,4240,10,F,CS,PD,D
14:44:22,TLKM,RG,4240,1,F,CS,YP,D
14:44:22,TLKM,RG,4240,8,F,CS,XC,D
14:44:22,TLKM,RG,4240,20,F,CS,XC,D
14:44:22,TLKM,RG,4240,1,F,CS,YP,D
14:44:22,TLKM,RG,4240,37,F,CS,XC,D
14:44:22,TLKM,RG,4240,1,F,CS,XC,D
14:44:22,TLKM,RG,4240,14,F,CS,CC,D
14:44:22,TLKM,RG,4240,10,F,CS,YB,D
14:44:22,TLKM,RG,4240,20,F,CS,IF,D
14:44:22,TLKM,RG,4240,20,F,CS,PD,D
14:44:22,TLKM,RG,4240,20,F,CS,CC,D
14:44:22,TLKM,RG,4240,1,F,CS,XC,D
14:44:22,TLKM,RG,4240,5,F,CS,YB,D
14:44:22,TLKM,RG,4230,1,F,AK,CC,D
14:44:22,TLKM,RG,4230,510,F,AK,AK,F
14:44:22,TLKM,RG,4230,295,F,AK,ZP,F
14:44:22,TLKM,RG,4230,290,F,AK,ZP,F
14:44:22,TLKM,RG,4230,3,F,AK,BK,F
14:44:22,TLKM,RG,4230,96,F,AK,ZP,F
14:44:22,TLKM,RG,4230,126,D,SQ,ZP,F
14:44:22,TLKM,RG,4230,1,D,SQ,AK,F
14:44:22,TLKM,RG,4230,32,D,SQ,BK,F
14:44:22,TLKM,RG,4230,3,D,SQ,XC,D
14:44:22,TLKM,RG,4230,273,D,SQ,RX,F
14:44:22,TLKM,RG,4230,25,D,SQ,CC,D
14:44:22,TLKM,RG,4230,8,D,SQ,YU,F
14:44:22,TLKM,RG,4230,1,D,SQ,YU,F
14:44:22,TLKM,RG,4230,9,D,SQ,YU,F
14:44:22,TLKM,RG,4230,5,D,SQ,ZP,F
14:44:22,TLKM,RG,4230,26,D,SQ,ZP,F
14:44:22,TLKM,RG,4230,494,D,SQ,PD,D
14:44:22,TLKM,RG,4230,4,D,SQ,AK,F
14:44:22,TLKM,RG,4230,37,D,SQ,DX,F
14:44:22,TLKM,RG,4230,236,D,SQ,ZP,F
14:44:22,TLKM,RG,4230,1,D,SQ,YP,D
14:44:22,TLKM,RG,4230,273,D,SQ,RX,F
14:44:22,TLKM,RG,4230,2,D,SQ,ZP,F
14:44:22,TLKM,RG,4230,186,D,SQ,CC,D
14:44:22,TLKM,RG,4230,273,D,SQ,RX,F
14:44:22,TLKM,RG,4230,500,D,SQ,CC,D
14:44:22,TLKM,RG,4230,18,D,SQ,AK,F
14:44:22,TLKM,RG,4230,1,D,SQ,AK,F
14:44:22,TLKM,RG,4230,4,D,SQ,AK,F
14:44:22,TLKM,RG,4230,132,D,SQ,CS,F
14:44:22,TLKM,RG,4230,5,D,SQ,AK,F
14:44:22,TLKM,RG,4230,137,D,SQ,ZP,F
14:44:22,TLKM,RG,4230,202,D,SQ,AK,F
14:44:22,TLKM,RG,4230,2,D,SQ,ZP,F
14:44:22,TLKM,RG,4230,791,D,SQ,ZP,F
14:44:22,TLKM,RG,4230,16,D,SQ,ZP,F
14:44:22,TLKM,RG,4230,272,D,SQ,RX,F
14:44:22,TLKM,RG,4230,2,D,SQ,XL,D
14:44:22,TLKM,RG,4230,23,D,SQ,DX,F
14:44:22,TLKM,RG,4230,838,D,SQ,ZP,F
14:44:22,TLKM,RG,4230,42,D,SQ,LG,D
14:44:18,TLKM,RG,4230,1,F,RX,LG,D
14:44:16,TLKM,RG,4230,27,F,BK,LG,D
14:44:16,TLKM,RG,4230,10,F,BK,SQ,D
14:44:16,TLKM,RG,4230,20,F,BK,AK,F
14:44:15,TLKM,RG,4220,60,F,ZP,ZP,F
14:44:12,TLKM,RG,4230,125,F,BK,AK,F
14:44:11,TLKM,RG,4230,500,D,SQ,AK,F
14:44:09,TLKM,RG,4230,125,F,BK,AK,F
14:44:07,TLKM,RG,4230,312,D,SQ,AK,F
14:44:07,TLKM,RG,4230,3,D,SQ,XC,D
14:44:07,TLKM,RG,4230,101,D,SQ,ZP,F
14:44:07,TLKM,RG,4230,84,D,SQ,RX,F
14:43:59,TLKM,RG,4230,185,F,BK,RX,F
14:43:58,TLKM,RG,4230,4,F,CS,RX,F
14:43:58,TLKM,RG,4230,6,F,CS,RG,D
14:43:58,TLKM,RG,4230,2,F,CS,PD,D
14:43:58,TLKM,RG,4230,4,F,CS,XC,D
14:43:58,TLKM,RG,4230,200,F,CS,OD,D
14:43:58,TLKM,RG,4230,4,F,CS,PD,D
14:43:58,TLKM,RG,4230,20,F,CS,DX,F
14:43:58,TLKM,RG,4230,8,F,CC,DX,F
14:43:58,TLKM,RG,4230,1,F,CC,NI,D
14:43:58,TLKM,RG,4230,388,F,CC,ZP,F
14:43:58,TLKM,RG,4230,21,F,CC,YP,D
14:43:58,TLKM,RG,4230,3,F,CC,ZP,F
14:43:58,TLKM,RG,4230,26,F,CC,ZP,F
14:43:58,TLKM,RG,4230,53,F,CC,ZP,F
14:43:57,TLKM,RG,4230,27,F,BK,ZP,F
14:43:57,TLKM,RG,4230,10,F,BK,XL,D
14:43:57,TLKM,RG,4230,11,F,BK,BK,F
14:43:57,TLKM,RG,4230,26,F,BK,DX,F
14:43:57,TLKM,RG,4230,2,F,BK,PD,D
14:43:57,TLKM,RG,4230,5,F,BK,DH,D
14:43:57,TLKM,RG,4230,4,F,BK,AK,F
14:43:57,TLKM,RG,4230,19,F,BK,CS,F
14:43:54,TLKM,RG,4220,58,F,ZP,ZP,F
14:43:54,TLKM,RG,4230,67,F,CC,CS,F
14:43:54,TLKM,RG,4230,154,F,CC,BK,F
14:43:54,TLKM,RG,4230,41,F,CC,BK,F
14:43:54,TLKM,RG,4230,25,F,CC,BK,F
14:43:54,TLKM,RG,4230,213,F,CC,CC,D
14:43:48,TLKM,RG,4230,61,F,AK,CC,D
14:43:47,TLKM,RG,4230,1,F,RX,CC,D
14:43:39,TLKM,RG,4220,1,F,ZP,XC,D
14:43:39,TLKM,RG,4220,50,F,ZP,ZP,F
14:43:39,TLKM,RG,4230,13,D,PD,CC,D
14:43:39,TLKM,RG,4230,2,D,PD,ZP,F
14:43:34,TLKM,RG,4230,1,F,CS,ZP,F
14:43:34,TLKM,RG,4230,1,F,CS,PD,D
14:43:34,TLKM,RG,4230,136,F,CS,BK,F
14:43:34,TLKM,RG,4230,40,F,CS,BK,F
14:43:34,TLKM,RG,4230,40,F,CS,DX,F
14:43:34,TLKM,RG,4230,10,F,CS,YU,F
14:43:34,TLKM,RG,4230,49,F,CS,BK,F
14:43:30,TLKM,RG,4220,4,F,ZP,AK,F
14:43:30,TLKM,RG,4220,7,F,ZP,YU,F
14:43:30,TLKM,RG,4220,46,F,ZP,CC,D
14:43:30,TLKM,RG,4220,20,D,BQ,CC,D
14:43:30,TLKM,RG,4220,136,F,ZP,CC,D
14:43:21,TLKM,RG,4230,1,F,RX,BK,F
14:43:20,TLKM,RG,4220,54,F,ZP,ZP,F
14:43:20,TLKM,RG,4220,20,F,ZP,PD,D
14:43:15,TLKM,RG,4230,67,F,AK,BK,F
14:43:15,TLKM,RG,4230,10,F,AK,ZP,F
14:43:11,TLKM,RG,4230,86,D,BQ,ZP,F
14:43:11,TLKM,RG,4230,14,D,BQ,RX,F
14:43:08,TLKM,RG,4230,116,D,BQ,RX,F
14:43:08,TLKM,RG,4230,2,D,BQ,ZP,F
14:43:08,TLKM,RG,4230,2,D,BQ,AK,F
14:43:08,TLKM,RG,4230,25,D,BQ,DX,F
14:43:08,TLKM,RG,4230,5,D,BQ,ZP,F
14:43:06,TLKM,RG,4220,39,F,ZP,BK,F
14:43:05,TLKM,RG,4230,1,D,PD,ZP,F
14:43:05,TLKM,RG,4220,47,F,ZP,ZP,F
14:43:04,TLKM,RG,4230,48,F,CS,ZP,F
14:43:04,TLKM,RG,4230,56,F,CS,AK,F
14:43:04,TLKM,RG,4230,40,F,CS,PC,D
14:43:04,TLKM,RG,4230,77,F,CS,AK,F
14:43:01,TLKM,RG,4230,1,D,NI,AK,F
14:43:00,TLKM,RG,4220,1,F,ZP,CC,D
14:42:55,TLKM,RG,4230,62,D,PD,AK,F
14:42:53,TLKM,RG,4230,2,F,RX,AK,F
14:42:46,TLKM,RG,4220,41,F,ZP,BK,F
14:42:45,TLKM,RG,4220,5,F,ZP,YU,F
14:42:45,TLKM,RG,4220,47,F,ZP,ZP,F
14:42:28,TLKM,RG,4230,1,D,XC,AK,F
14:42:22,TLKM,RG,4220,4,F,ZP,ZP,F
14:42:22,TLKM,RG,4220,10,D,YP,ZP,F
14:42:18,TLKM,RG,4230,1,D,XC,AK,F
14:42:15,TLKM,RG,4230,1,F,RX,AK,F
14:42:15,TLKM,RG,4230,78,F,AK,AK,F
14:42:06,TLKM,RG,4230,1,D,NI,AK,F
14:41:53,TLKM,RG,4230,1,F,RX,AK,F
14:41:53,TLKM,RG,4230,198,F,CS,AK,F
14:41:43,TLKM,RG,4230,155,D,PD,AK,F
14:41:43,TLKM,RG,4230,114,D,PD,BK,F
14:41:43,TLKM,RG,4230,3,D,PD,ZP,F
14:41:43,TLKM,RG,4230,15,D,PD,AK,F
14:41:43,TLKM,RG,4230,2,D,PD,ZP,F
14:41:43,TLKM,RG,4230,2,D,PD,CC,D
14:41:43,TLKM,RG,4230,22,D,PD,DX,F
14:41:43,TLKM,RG,4230,42,D,PD,DX,F
14:41:43,TLKM,RG,4230,1,D,PD,AK,F
14:41:43,TLKM,RG,4230,25,D,PD,ZP,F
14:41:43,TLKM,RG,4230,70,D,PD,CS,F
14:41:43,TLKM,RG,4230,2,D,PD,AK,F
14:41:43,TLKM,RG,4230,5,D,PD,AK,F
14:41:43,TLKM,RG,4230,36,D,PD,BK,F
14:41:43,TLKM,RG,4230,2,D,PD,ZP,F
14:41:43,TLKM,RG,4230,49,D,PD,BK,F
14:41:43,TLKM,RG,4220,35,F,BK,BK,F
14:41:36,TLKM,RG,4230,58,F,CC,BK,F
14:41:36,TLKM,RG,4230,32,F,CC,DX,F
14:41:36,TLKM,RG,4230,40,F,CC,PC,D
14:41:36,TLKM,RG,4230,20,F,CC,ZP,F
14:41:36,TLKM,RG,4230,32,F,CC,SQ,D
14:41:36,TLKM,RG,4230,5,F,CC,DR,D
14:41:36,TLKM,RG,4230,13,F,CC,DX,F
14:41:33,TLKM,RG,4230,3,F,BK,DX,F
14:41:32,TLKM,RG,4230,108,F,CS,DX,F
14:41:32,TLKM,RG,4230,8,F,CS,ZP,F
14:41:32,TLKM,RG,4230,24,F,CS,ZP,F
14:41:32,TLKM,RG,4230,19,F,CS,HP,D
14:41:30,TLKM,RG,4220,113,F,BK,YU,D
14:41:29,TLKM,RG,4220,62,F,BK,BK,F
14:41:26,TLKM,RG,4230,1,F,RX,HP,D
14:41:21,TLKM,RG,4230,1,D,PD,CC,D
14:41:21,TLKM,RG,4230,3,D,PD,ZP,F
14:41:21,TLKM,RG,4230,6,D,PD,KK,D
14:41:20,TLKM,RG,4230,1,F,BK,KK,D
14:41:15,TLKM,RG,4230,18,F,AK,KK,D
14:41:15,TLKM,RG,4230,25,F,AK,ZP,F
14:41:15,TLKM,RG,4230,42,F,AK,ZP,F
14:41:12,TLKM,RG,4220,48,F,BK,BK,F
14:41:09,TLKM,RG,4230,1,F,BK,ZP,F
14:41:05,TLKM,RG,4220,5,F,BK,YU,F
14:41:04,TLKM,RG,4220,39,F,BK,BK,F
14:41:03,TLKM,RG,4230,128,F,CS,ZP,F
14:41:03,TLKM,RG,4230,37,F,CS,ZP,F
14:41:00,TLKM,RG,4220,50,F,BK,YU,D
14:40:58,TLKM,RG,4230,1,F,RX,ZP,F
14:40:57,TLKM,RG,4220,53,F,BK,BK,F
14:40:47,TLKM,RG,4220,15,F,BK,CC,D
14:40:43,TLKM,RG,4230,190,F,CS,ZP,F
14:40:36,TLKM,RG,4220,51,F,BK,BK,F
14:40:33,TLKM,RG,4230,500,D,BQ,ZP,F
14:40:26,TLKM,RG,4230,1,F,RX,ZP,F
14:40:25,TLKM,RG,4220,9,F,BK,KK,D
14:40:14,TLKM,RG,4220,73,F,BK,BK,F
14:40:06,TLKM,RG,4220,40,F,BK,BK,F
14:40:02,TLKM,RG,4230,5,D,PD,ZP,F
14:39:56,TLKM,RG,4220,44,F,BK,BK,F
14:39:47,TLKM,RG,4230,16,D,XC,ZP,F
14:39:45,TLKM,RG,4230,137,F,AK,ZP,F
14:39:39,TLKM,RG,4230,10,D,XC,ZP,F
14:39:32,TLKM,RG,4220,77,F,BK,BK,F
14:39:27,TLKM,RG,4230,1,F,RX,ZP,F
14:39:26,TLKM,RG,4230,35,D,XC,ZP,F
14:39:21,TLKM,RG,4230,1,D,YP,ZP,F
14:39:08,TLKM,RG,4230,1,D,XC,ZP,F
14:39:06,TLKM,RG,4230,502,F,CC,ZP,F
14:39:06,TLKM,RG,4230,41,F,CC,BK,F
14:39:06,TLKM,RG,4230,257,F,CC,ZP,F
14:38:37,TLKM,RG,4230,134,D,SQ,ZP,F
14:38:37,TLKM,RG,4230,66,D,SQ,AK,F
14:38:36,TLKM,RG,4230,24,F,ZP,AK,F
14:38:36,TLKM,RG,4230,279,F,CS,AK,F
14:38:36,TLKM,RG,4230,168,F,CS,ZP,F
14:38:36,TLKM,RG,4230,7,F,CS,AK,F
14:38:36,TLKM,RG,4230,31,F,CS,AK,F
14:38:36,TLKM,RG,4230,20,F,CS,YP,D
14:38:36,TLKM,RG,4230,10,F,CS,YP,D
14:38:36,TLKM,RG,4230,77,F,CS,NI,D
14:38:36,TLKM,RG,4230,125,F,CS,PD,D
14:38:36,TLKM,RG,4230,200,F,CS,KK,D
14:38:36,TLKM,RG,4230,236,F,CS,OD,D
14:38:36,TLKM,RG,4230,1,F,CS,PD,D
14:38:36,TLKM,RG,4230,1,F,CS,XC,D
14:38:36,TLKM,RG,4230,7,F,CS,PD,D
14:38:36,TLKM,RG,4230,14,F,CS,OD,D
14:38:36,TLKM,RG,4230,147,F,CS,CC,D
14:38:36,TLKM,RG,4230,100,F,CS,SQ,D
14:38:36,TLKM,RG,4230,200,F,CS,LG,D
14:38:36,TLKM,RG,4230,5,F,CS,XC,D
14:38:36,TLKM,RG,4230,5,F,CS,PD,D
14:38:36,TLKM,RG,4230,20,F,CS,YP,D
14:38:36,TLKM,RG,4230,149,F,CS,CC,D
14:38:36,TLKM,RG,4230,30,F,CS,NI,D
14:38:36,TLKM,RG,4230,20,F,CS,DR,D
14:38:36,TLKM,RG,4230,1,F,CS,XC,D
14:38:36,TLKM,RG,4230,5,F,CS,PD,D
14:38:36,TLKM,RG,4230,1500,F,CS,RX,F
14:38:36,TLKM,RG,4230,17,F,CS,CC,D
14:38:36,TLKM,RG,4230,236,F,CS,OD,D
14:38:36,TLKM,RG,4230,1,F,CS,XC,D
14:38:36,TLKM,RG,4230,1,F,CS,AK,F
14:38:36,TLKM,RG,4230,1,F,CS,YP,D
14:38:36,TLKM,RG,4230,764,F,CS,CS,F
14:38:33,TLKM,RG,4230,100,D,SQ,CS,F
14:38:33,TLKM,RG,4230,2,D,EP,CS,F
14:38:30,TLKM,RG,4220,2,F,BK,AK,F
14:38:28,TLKM,RG,4230,100,D,SQ,CS,F
14:38:17,TLKM,RG,4220,20,F,BK,PD,D
14:37:57,TLKM,RG,4230,30,D,BQ,CS,F
14:37:49,TLKM,RG,4230,100,D,BQ,CS,F
14:37:45,TLKM,RG,4230,65,F,AK,CS,F
14:37:33,TLKM,RG,4220,100,F,BK,CC,D
14:37:01,TLKM,RG,4220,1,F,BK,XC,D
14:37:01,TLKM,RG,4220,10,F,BK,PD,D
14:37:00,TLKM,RG,4230,64,F,AK,CS,F
14:37:00,TLKM,RG,4220,353,F,BK,CC,D
14:36:42,TLKM,RG,4220,1,F,BK,XC,D
14:36:28,TLKM,RG,4220,1,F,BK,PD,D
14:36:26,TLKM,RG,4220,10,F,BK,KK,D
14:36:15,TLKM,RG,4230,532,D,SQ,CS,F
14:36:15,TLKM,RG,4230,60,D,SQ,XC,D
14:36:15,TLKM,RG,4230,1,D,SQ,NI,D
14:36:15,TLKM,RG,4230,12,D,SQ,XC,D
14:36:15,TLKM,RG,4230,2,D,SQ,XC,D
14:36:15,TLKM,RG,4230,17,D,SQ,KK,D
14:36:15,TLKM,RG,4230,1,D,SQ,XC,D
14:36:15,TLKM,RG,4230,2,D,SQ,AK,F
14:36:15,TLKM,RG,4230,8,D,SQ,AK,F
14:36:15,TLKM,RG,4230,1365,D,SQ,RX,F
14:36:06,TLKM,RG,4220,71,F,BK,CC,D
14:36:00,TLKM,RG,4230,86,F,AK,RX,F
14:35:47,TLKM,RG,4230,49,F,CC,RX,F
14:35:47,TLKM,RG,4230,1,F,CC,XC,D
14:35:47,TLKM,RG,4230,1,F,CC,PD,D
14:35:47,TLKM,RG,4230,10,F,CC,YP,D
14:35:47,TLKM,RG,4230,10,F,CC,XC,D
14:35:47,TLKM,RG,4230,14,F,CC,CC,D
14:35:47,TLKM,RG,4230,4,F,CC,NI,D
14:35:47,TLKM,RG,4230,70,F,CC,YU,D
14:35:47,TLKM,RG,4230,1,F,CC,PD,D
14:35:47,TLKM,RG,4230,10,F,CC,EP,D
14:35:47,TLKM,RG,4230,30,F,CC,OD,D
14:35:47,TLKM,RG,4220,2,F,BK,PD,D
14:35:18,TLKM,RG,4220,72,F,BK,CC,D
14:35:09,TLKM,RG,4230,10,D,PD,OD,D
14:35:09,TLKM,RG,4230,2,D,PD,PD,D
14:35:09,TLKM,RG,4230,3,D,PD,PD,D
14:35:09,TLKM,RG,4230,129,D,PD,PD,D
14:35:09,TLKM,RG,4230,2,D,PD,YP,D
14:35:09,TLKM,RG,4230,3,D,PD,DR,D
14:35:09,TLKM,RG,4230,4,D,PD,XC,D
14:35:09,TLKM,RG,4230,10,D,PD,NI,D
14:35:09,TLKM,RG,4230,100,D,PD,LG,D
14:35:09,TLKM,RG,4230,6,D,PD,XC,D
14:35:09,TLKM,RG,4230,59,D,PD,YU,D
14:35:09,TLKM,RG,4230,4,D,PD,PD,D
14:35:09,TLKM,RG,4230,10,D,PD,YU,F
14:35:09,TLKM,RG,4230,359,D,PD,CC,D
14:34:50,TLKM,RG,4220,12,F,BK,CC,D
14:34:48,TLKM,RG,4220,2,F,BK,PD,D
14:34:43,TLKM,RG,4230,1,D,XC,CC,D
14:34:36,TLKM,RG,4220,30,F,BK,YP,D
14:34:28,TLKM,RG,4220,74,F,BK,CC,D
14:34:24,TLKM,RG,4220,1,F,BK,LG,D
14:34:07,TLKM,RG,4220,129,F,BK,PD,D
14:33:53,TLKM,RG,4220,70,F,BK,LG,D
14:33:50,TLKM,RG,4230,12,D,XC,CC,D
14:33:49,TLKM,RG,4230,128,F,AK,CC,D
14:33:49,TLKM,RG,4230,1,F,AK,YP,D
14:33:49,TLKM,RG,4230,1,F,AK,AK,F
14:33:49,TLKM,RG,4230,1,F,AK,AK,F
14:33:49,TLKM,RG,4230,3,F,AK,AK,F
14:33:49,TLKM,RG,4230,2,F,AK,PD,D
14:33:49,TLKM,RG,4230,2,F,AK,YP,D
14:33:49,TLKM,RG,4230,10,F,AK,AK,F
14:33:49,TLKM,RG,4230,2,F,AK,SQ,D
14:33:42,TLKM,RG,4220,68,F,BK,CC,D
14:32:53,TLKM,RG,4220,29,F,BK,ZP,D
14:32:42,TLKM,RG,4220,25,F,BK,CC,D
14:32:38,TLKM,RG,4220,6,F,BK,XC,D
14:32:30,TLKM,RG,4220,5,F,BK,SQ,D
14:32:30,TLKM,RG,4220,95,D,BQ,SQ,D
14:32:29,TLKM,RG,4220,5,D,BQ,PD,D
14:32:24,TLKM,RG,4220,1,F,AK,YU,F
14:32:24,TLKM,RG,4220,2,F,AK,YU,F
14:32:24,TLKM,RG,4220,3,F,AK,YU,F
14:32:24,TLKM,RG,4220,148,F,AK,YU,F
14:32:24,TLKM,RG,4220,113,F,AK,AK,F
14:32:24,TLKM,RG,4220,116,F,AK,AK,F
14:32:24,TLKM,RG,4220,196,F,AK,OD,D
14:32:24,TLKM,RG,4220,40,F,ZP,OD,D
14:32:24,TLKM,RG,4220,30,F,ZP,ZP,F
14:32:24,TLKM,RG,4220,78,F,ZP,CC,D
14:32:24,TLKM,RG,4220,540,F,ZP,CC,D
14:32:24,TLKM,RG,4220,14,F,ZP,ZP,F
14:32:24,TLKM,RG,4220,2,F,ZP,ZP,F
14:32:24,TLKM,RG,4220,139,F,ZP,CS,F
14:32:24,TLKM,RG,4220,4,F,ZP,CS,F
14:32:24,TLKM,RG,4220,628,F,ZP,ZP,F
14:32:24,TLKM,RG,4220,199,F,ZP,AK,F
14:32:24,TLKM,RG,4220,1,F,ZP,AK,F
14:32:24,TLKM,RG,4220,1,F,ZP,AK,F
14:32:24,TLKM,RG,4220,13,F,ZP,AK,F
14:32:24,TLKM,RG,4220,6,F,ZP,AK,F
14:32:24,TLKM,RG,4220,1,F,ZP,PD,D
14:32:24,TLKM,RG,4220,11,F,ZP,ZP,F
14:32:24,TLKM,RG,4220,381,F,ZP,ZP,F
14:32:24,TLKM,RG,4220,37,F,ZP,BK,F
14:32:24,TLKM,RG,4220,10,F,ZP,YU,F
14:32:24,TLKM,RG,4220,624,F,ZP,ZP,F
14:32:24,TLKM,RG,4220,2,F,ZP,ZP,F
14:32:24,TLKM,RG,4220,14,F,ZP,ZP,F
14:32:24,TLKM,RG,4220,440,F,ZP,AK,F
14:32:24,TLKM,RG,4220,2,F,ZP,XL,D
14:32:24,TLKM,RG,4220,479,F,ZP,DX,F
14:32:24,TLKM,RG,4220,505,F,ZP,ZP,F
14:32:24,TLKM,RG,4220,120,F,ZP,LG,D
14:32:24,TLKM,RG,4220,30,F,ZP,XC,D
14:32:24,TLKM,RG,4220,15,F,ZP,BK,F
14:32:24,TLKM,RG,4220,53,F,ZP,CS,F
14:32:24,TLKM,RG,4220,5000,F,ZP,IF,D
14:32:24,TLKM,RG,4220,2,F,ZP,ZP,F
14:32:24,TLKM,RG,4220,20,F,ZP,YP,D
14:32:24,TLKM,RG,4220,202,F,ZP,ZP,F
14:32:24,TLKM,RG,4220,8,F,ZP,KK,D
14:32:24,TLKM,RG,4220,29,F,ZP,ZP,F
14:32:24,TLKM,RG,4220,1,F,ZP,AK,F
14:32:24,TLKM,RG,4220,5,F,ZP,AK,F
14:32:24,TLKM,RG,4220,21,F,ZP,AK,F
14:32:24,TLKM,RG,4220,3,F,ZP,AK,F
14:32:24,TLKM,RG,4220,154,F,ZP,AK,F
14:32:24,TLKM,RG,4220,129,F,ZP,PD,D
14:32:24,TLKM,RG,4220,7,F,ZP,CC,D
14:32:00,TLKM,RG,4220,493,F,CC,CC,D
14:32:00,TLKM,RG,4220,16,F,CC,CS,F
14:32:00,TLKM,RG,4220,46,F,CC,CS,F
14:32:00,TLKM,RG,4220,33,F,CC,CS,F
14:32:00,TLKM,RG,4220,2,F,CC,ZP,F
14:32:00,TLKM,RG,4220,13,F,CC,SQ,D
14:32:00,TLKM,RG,4220,38,F,CC,CS,F
14:32:00,TLKM,RG,4220,164,F,CC,CC,D
14:32:00,TLKM,RG,4220,5,F,CC,YP,D
14:32:00,TLKM,RG,4220,10,F,CC,CS,F
14:32:00,TLKM,RG,4220,33,F,CC,CS,F
14:32:00,TLKM,RG,4220,45,F,CC,CS,F
14:32:00,TLKM,RG,4220,8,F,CC,CS,F
14:32:00,TLKM,RG,4220,8,F,CC,CS,F
14:32:00,TLKM,RG,4220,86,F,CC,KK,D
14:31:58,TLKM,RG,4220,59,F,AK,KK,D
14:31:58,TLKM,RG,4220,28,F,BK,KK,D
14:31:55,TLKM,RG,4220,1,F,AK,KK,D
14:31:55,TLKM,RG,4220,19,F,AK,KK,D
14:31:55,TLKM,RG,4220,9,F,ZP,KK,D
14:31:55,TLKM,RG,4220,108,F,AK,KK,D
14:31:55,TLKM,RG,4220,111,F,AK,DX,F
14:31:55,TLKM,RG,4220,258,F,AK,ZP,F
14:31:54,TLKM,RG,4220,139,F,CC,ZP,F
14:31:54,TLKM,RG,4220,236,F,CC,OD,D
14:31:54,TLKM,RG,4220,236,F,CC,OD,D
14:31:54,TLKM,RG,4220,144,F,CC,DX,F
14:31:54,TLKM,RG,4220,144,F,CC,RX,F
14:31:54,TLKM,RG,4220,147,F,CC,AK,F
14:31:54,TLKM,RG,4220,552,F,CC,ZP,F
14:31:54,TLKM,RG,4220,71,F,CC,DX,F
14:31:54,TLKM,RG,4220,1,F,CC,AK,F
14:31:54,TLKM,RG,4220,1,F,CC,AK,F
14:31:54,TLKM,RG,4220,1,F,CC,AK,F
14:31:54,TLKM,RG,4220,13,F,CC,AK,F
14:31:54,TLKM,RG,4220,3,F,CC,AK,F
14:31:54,TLKM,RG,4220,5,F,CC,AK,F
14:31:54,TLKM,RG,4220,219,F,CC,AK,F
14:31:54,TLKM,RG,4220,2,F,CC,AK,F
14:31:54,TLKM,RG,4220,26,F,CC,AK,F
14:31:54,TLKM,RG,4220,60,F,CC,BK,F
14:31:52,TLKM,RG,4220,241,F,CC,BK,F
14:31:52,TLKM,RG,4220,539,F,CC,ZP,F
14:31:52,TLKM,RG,4220,66,F,CC,BK,F
14:31:52,TLKM,RG,4220,154,F,CC,BK,F
14:31:48,TLKM,RG,4220,1032,F,CC,BK,F
14:31:48,TLKM,RG,4220,115,F,CC,ZP,F
14:31:48,TLKM,RG,4220,11,F,CC,YU,F
14:31:48,TLKM,RG,4220,25,F,CC,ZP,F
14:31:48,TLKM,RG,4220,10,F,CC,ZP,F
14:31:48,TLKM,RG,4220,22,F,CC,ZP,F
14:31:48,TLKM,RG,4220,785,F,CC,ZP,F
14:31:43,TLKM,RG,4220,763,F,CC,ZP,F
14:31:43,TLKM,RG,4220,44,F,CC,CS,F
14:31:43,TLKM,RG,4220,193,F,CC,ZP,F
14:31:40,TLKM,RG,4210,6,F,BK,YU,F
14:31:40,TLKM,RG,4210,185,F,BK,ZP,F
14:31:39,TLKM,RG,4220,916,F,CC,ZP,F
14:31:39,TLKM,RG,4220,1084,F,CC,AK,F
14:31:36,TLKM,RG,4210,25,F,BK,NI,D
14:31:34,TLKM,RG,4210,27,F,BK,ZP,F
14:31:29,TLKM,RG,4210,31,F,BK,RX,F
14:31:24,TLKM,RG,4210,67,F,BK,ZP,F
14:31:24,TLKM,RG,4220,1,D,NI,AK,F
14:31:24,TLKM,RG,4210,84,F,BK,BK,F
14:31:21,TLKM,RG,4220,1,D,XC,AK,F
14:31:15,TLKM,RG,4220,61,F,AK,AK,F
14:31:14,TLKM,RG,4210,22,F,BK,ZP,F
14:31:14,TLKM,RG,4210,35,F,BK,BK,F
14:31:06,TLKM,RG,4210,5,F,BK,YU,F
14:31:03,TLKM,RG,4210,3,F,BK,AK,F
14:31:03,TLKM,RG,4210,7,F,BK,ZP,F
14:31:00,TLKM,RG,4210,134,F,BK,YU,D
14:30:58,TLKM,RG,4210,30,F,BK,ZP,F
14:30:49,TLKM,RG,4210,68,F,BK,ZP,F
14:30:47,TLKM,RG,4220,30,F,RX,AK,F
14:30:46,TLKM,RG,4210,95,F,BK,BK,F
14:30:44,TLKM,RG,4220,3,D,YU,AK,F
14:30:42,TLKM,RG,4210,5,F,BK,YU,F
14:30:41,TLKM,RG,4210,33,F,BK,ZP,F
14:30:40,TLKM,RG,4210,2,F,BK,XC,D
14:30:37,TLKM,RG,4210,59,F,BK,YP,D
14:30:32,TLKM,RG,4210,35,F,BK,DX,F
14:30:32,TLKM,RG,4210,1,F,BK,XC,D
14:30:31,TLKM,RG,4210,26,F,BK,EP,D
14:30:30,TLKM,RG,4210,159,F,BK,ZP,F
14:30:22,TLKM,RG,4210,32,F,BK,ZP,F
14:30:19,TLKM,RG,4210,36,F,BK,BK,F
14:30:16,TLKM,RG,4210,6,F,BK,YU,F
14:30:15,TLKM,RG,4210,32,F,BK,AK,F
14:30:15,TLKM,RG,4210,334,F,BK,AK,F
14:30:09,TLKM,RG,4210,76,F,BK,ZP,F
14:30:06,TLKM,RG,4220,373,D,PD,AK,F
14:30:06,TLKM,RG,4220,150,D,PD,CC,D
14:30:06,TLKM,RG,4220,25,D,PD,ZP,F
14:30:06,TLKM,RG,4220,152,D,PD,ZP,F
14:30:05,TLKM,RG,4210,7,F,BK,ZP,F
14:30:05,TLKM,RG,4210,20,F,BK,ZP,F
14:30:01,TLKM,RG,4220,30,F,RX,ZP,F
14:29:54,TLKM,RG,4220,37,D,XC,ZP,F
14:29:46,TLKM,RG,4210,6,F,BK,YU,F
14:29:45,TLKM,RG,4210,144,F,BK,BK,F
14:29:45,TLKM,RG,4210,10,F,BK,AK,F
14:29:44,TLKM,RG,4210,25,F,BK,ZP,F
14:29:40,TLKM,RG,4210,76,F,BK,ZP,F
14:29:37,TLKM,RG,4210,129,F,BK,PD,D
14:29:33,TLKM,RG,4220,10,D,PD,ZP,F
14:29:25,TLKM,RG,4210,26,F,BK,ZP,F
14:29:15,TLKM,RG,4210,10,F,BK,AK,F
14:29:14,TLKM,RG,4210,29,F,BK,RX,F
14:29:12,TLKM,RG,4210,5,F,BK,YU,F
14:29:11,TLKM,RG,4210,38,F,BK,BK,F
14:29:07,TLKM,RG,4210,20,F,BK,ZP,F
14:29:03,TLKM,RG,4210,84,F,BK,BK,F
14:29:02,TLKM,RG,4220,10,D,NI,ZP,F
14:28:54,TLKM,RG,4220,1,D,NI,ZP,F
14:28:51,TLKM,RG,4220,2,D,CC,ZP,F
14:28:50,TLKM,RG,4210,24,F,BK,ZP,F
14:28:50,TLKM,RG,4210,22,F,BK,ZP,F
14:28:34,TLKM,RG,4210,25,F,BK,ZP,F
14:28:29,TLKM,RG,4210,69,F,BK,ZP,F
14:28:25,TLKM,RG,4210,106,F,BK,BK,F
14:28:24,TLKM,RG,4210,5,F,BK,YU,F
14:28:24,TLKM,RG,4210,4,F,BK,ZP,F
14:28:15,TLKM,RG,4210,5,F,BK,AK,F
14:28:15,TLKM,RG,4210,23,F,BK,ZP,F
14:28:10,TLKM,RG,4210,36,F,BK,BK,F
14:28:04,TLKM,RG,4210,36,F,BK,BK,F
14:27:57,TLKM,RG,4210,20,F,BK,ZP,F
14:27:46,TLKM,RG,4210,2,F,BK,AK,F
14:27:45,TLKM,RG,4210,91,F,BK,BK,F
14:27:40,TLKM,RG,4210,24,F,BK,ZP,F
14:27:25,TLKM,RG,4210,106,F,BK,ZP,F
14:27:20,TLKM,RG,4210,23,F,BK,ZP,F
14:27:14,TLKM,RG,4220,2,D,XC,ZP,F
14:27:06,TLKM,RG,4210,12,F,BK,YU,F
14:27:06,TLKM,RG,4210,674,F,BK,ZP,F
14:27:05,TLKM,RG,4210,6,F,BK,ZP,F
14:27:02,TLKM,RG,4210,204,F,BK,AK,F
14:27:02,TLKM,RG,4210,3,F,ZP,AK,F
14:27:02,TLKM,RG,4210,85,F,ZP,AK,F
14:27:02,TLKM,RG,4210,38,F,ZP,BK,F
14:27:02,TLKM,RG,4210,18,F,ZP,ZP,F
14:27:02,TLKM,RG,4210,61,F,ZP,RX,F
14:27:00,TLKM,RG,4210,2,F,ZP,AK,F
14:27:00,TLKM,RG,4210,18,F,ZP,AK,F
14:26:59,TLKM,RG,4220,1,D,XC,ZP,F
14:26:48,TLKM,RG,4220,59,F,AK,ZP,F
14:26:48,TLKM,RG,4220,13,F,AK,ZP,F
14:26:48,TLKM,RG,4220,208,F,AK,ZP,F
14:26:48,TLKM,RG,4220,326,F,AK,RX,F
14:26:48,TLKM,RG,4220,118,F,AK,RX,F
14:26:47,TLKM,RG,4220,467,F,ZP,RX,F
14:26:47,TLKM,RG,4220,3,D,XC,RX,F
14:26:47,TLKM,RG,4220,3,D,YP,RX,F
14:26:47,TLKM,RG,4220,100,D,BQ,RX,F
14:26:47,TLKM,RG,4220,15,D,BQ,RX,F
14:26:47,TLKM,RG,4220,1,F,ZP,RX,F
14:26:47,TLKM,RG,4220,6,D,XC,RX,F
14:26:47,TLKM,RG,4220,150,D,BQ,RX,F
14:26:47,TLKM,RG,4220,1,D,CC,RX,F
14:26:47,TLKM,RG,4220,2,D,NI,RX,F
14:26:47,TLKM,RG,4220,9,D,YP,RX,F
14:26:47,TLKM,RG,4220,19,F,ZP,RX,F
14:26:47,TLKM,RG,4220,2,D,CC,RX,F
14:26:47,TLKM,RG,4220,1,D,XC,RX,F
14:26:47,TLKM,RG,4220,1,D,YP,RX,F
14:26:47,TLKM,RG,4220,2,D,YP,RX,F
14:26:47,TLKM,RG,4220,1,D,XC,RX,F
14:26:47,TLKM,RG,4220,1,D,NI,RX,F
14:26:47,TLKM,RG,4220,20,D,PD,RX,F
14:26:47,TLKM,RG,4220,2,D,NI,RX,F
14:26:47,TLKM,RG,4220,62,F,AK,RX,F
14:26:47,TLKM,RG,4220,71,F,AK,RX,F
14:26:47,TLKM,RG,4220,1375,F,BK,RX,F
14:26:47,TLKM,RG,4220,93,F,AK,RX,F
14:26:47,TLKM,RG,4220,281,F,ZP,RX,F
14:26:47,TLKM,RG,4220,1780,F,ZP,RX,F
14:26:47,TLKM,RG,4220,100,D,OD,RX,F
14:26:47,TLKM,RG,4220,2,D,XC,RX,F
14:26:47,TLKM,RG,4220,10,D,ZP,RX,F
14:26:47,TLKM,RG,4220,3,D,GR,RX,F
14:26:47,TLKM,RG,4220,150,D,BQ,RX,F
14:26:47,TLKM,RG,4220,15,D,BQ,RX,F
14:26:47,TLKM,RG,4220,100,D,BQ,RX,F
14:26:47,TLKM,RG,4220,1,D,CC,RX,F
14:26:47,TLKM,RG,4220,2,D,CC,RX,F
14:26:47,TLKM,RG,4220,300,D,SQ,RX,F
14:26:47,TLKM,RG,4220,405,F,ZP,RX,F
14:26:47,TLKM,RG,4220,13,F,ZP,KK,D
14:26:46,TLKM,RG,4220,143,F,ZP,BK,F
14:26:46,TLKM,RG,4220,25,F,ZP,DX,F
14:26:44,TLKM,RG,4220,18,F,ZP,ZP,F
14:26:43,TLKM,RG,4220,1,F,ZP,XC,D
14:26:43,TLKM,RG,4220,5,F,ZP,YU,F
14:26:42,TLKM,RG,4220,73,F,CC,CC,D
14:26:30,TLKM,RG,4220,18,F,CC,ZP,F
14:26:30,TLKM,RG,4230,3,F,AK,CS,F
14:26:30,TLKM,RG,4230,10,F,AK,XC,D
14:26:30,TLKM,RG,4230,2,F,AK,AK,F
14:26:30,TLKM,RG,4230,48,F,AK,CS,F
14:26:29,TLKM,RG,4220,25,F,CC,GR,D
14:26:16,TLKM,RG,4220,50,F,CC,EP,D
14:26:15,TLKM,RG,4220,5,F,CC,YP,D
14:26:13,TLKM,RG,4220,26,F,CC,ZP,F
14:26:06,TLKM,RG,4220,2,F,CC,RF,D
14:26:05,TLKM,RG,4220,102,F,CC,BK,F
14:26:03,TLKM,RG,4220,37,F,CC,BK,F
14:25:54,TLKM,RG,4220,45,F,CC,ZP,F
14:25:54,TLKM,RG,4220,1,F,CC,XC,D
14:25:54,TLKM,RG,4220,70,F,CC,CC,D
14:25:45,TLKM,RG,4220,2,F,CC,AK,F
14:25:32,TLKM,RG,4220,5,F,CC,YU,F
14:25:32,TLKM,RG,4220,29,F,CC,ZP,F
14:25:32,TLKM,RG,4220,5,F,CC,NI,D
14:25:32,TLKM,RG,4220,1,F,CC,CC,D
14:25:23,TLKM,RG,4220,105,F,CC,ZP,F
14:25:17,TLKM,RG,4220,36,F,CC,ZP,F
14:25:17,TLKM,RG,4220,129,F,CC,PD,D
14:25:11,TLKM,RG,4220,117,F,CC,BK,F
14:25:08,TLKM,RG,4220,5,F,CC,YU,F
14:25:08,TLKM,RG,4220,72,F,CC,CC,D
14:25:08,TLKM,RG,4230,22,D,PD,CS,F
14:25:08,TLKM,RG,4230,1,D,PD,SQ,D
14:25:08,TLKM,RG,4230,659,D,PD,ZP,F
14:25:08,TLKM,RG,4230,19,D,PD,CS,F
14:25:02,TLKM,RG,4230,1,D,PD,CS,F
14:25:00,TLKM,RG,4220,38,F,CC,BK,F
14:25:00,TLKM,RG,4220,109,F,CC,YU,D
14:24:59,TLKM,RG,4220,23,F,CC,ZP,F
14:24:52,TLKM,RG,4220,72,F,CC,ZP,F
14:24:51,TLKM,RG,4220,200,F,CC,YP,D
14:24:45,TLKM,RG,4220,3,F,CC,AK,F
14:24:40,TLKM,RG,4220,5,F,CC,YU,F
14:24:39,TLKM,RG,4220,25,F,CC,ZP,F
14:24:39,TLKM,RG,4220,87,F,CC,BK,F
14:24:32,TLKM,RG,4220,98,F,CC,CS,F
14:24:31,TLKM,RG,4220,60,F,CC,ZP,F
14:24:31,TLKM,RG,4220,7,F,CC,ZP,F
14:24:30,TLKM,RG,4220,2,F,CC,AK,F
14:24:27,TLKM,RG,4220,7,F,CC,ZP,F
14:24:22,TLKM,RG,4220,71,F,CC,CC,D
14:24:19,TLKM,RG,4220,21,F,CC,ZP,F
14:24:18,TLKM,RG,4220,5,F,CC,YU,F
14:24:18,TLKM,RG,4220,100,F,CC,LG,D
14:24:01,TLKM,RG,4220,19,F,CC,ZP,F
14:24:00,TLKM,RG,4230,2,D,PD,CS,F
14:23:57,TLKM,RG,4220,1,F,CC,CC,D
14:23:56,TLKM,RG,4220,38,F,CC,BK,F
14:23:49,TLKM,RG,4220,1,F,CC,XC,D
14:23:44,TLKM,RG,4220,41,F,CC,BK,F
14:23:43,TLKM,RG,4220,7,F,CC,ZP,F
14:23:43,TLKM,RG,4220,6,D,NI,ZP,F
14:23:43,TLKM,RG,4220,5,F,BK,ZP,F
14:23:39,TLKM,RG,4220,1,F,BK,AK,F
14:23:39,TLKM,RG,4220,65,F,BK,ZP,F
14:23:38,TLKM,RG,4220,78,F,BK,CC,D
14:23:33,TLKM,RG,4220,1,F,BK,NI,D
14:23:33,TLKM,RG,4220,24,F,BK,AK,F
14:23:33,TLKM,RG,4220,15,F,BK,XC,D
14:23:26,TLKM,RG,4220,5,F,BK,YP,D
14:23:24,TLKM,RG,4220,19,F,BK,ZP,F
14:23:22,TLKM,RG,4220,5,F,BK,YU,F
14:23:22,TLKM,RG,4220,183,F,BK,BK,F
14:23:22,TLKM,RG,4220,12,F,BK,AK,F
14:23:15,TLKM,RG,4220,2,F,BK,AK,F
14:23:14,TLKM,RG,4220,91,F,BK,ZP,F
14:23:10,TLKM,RG,4220,236,F,BK,OD,D
14:23:09,TLKM,RG,4220,11,F,BK,YP,D
14:23:05,TLKM,RG,4220,24,F,BK,ZP,F
14:23:02,TLKM,RG,4220,5,F,BK,YU,F
14:23:02,TLKM,RG,4220,10,F,BK,DX,D
14:23:02,TLKM,RG,4220,236,F,BK,OD,D
14:22:56,TLKM,RG,4220,86,F,BK,ZP,F
14:22:50,TLKM,RG,4220,74,F,BK,CC,D
14:22:50,TLKM,RG,4220,25,F,BK,ZP,F
14:22:48,TLKM,RG,4230,2,D,XL,CS,F
14:22:46,TLKM,RG,4220,34,F,BK,BK,F
14:22:44,TLKM,RG,4230,1,D,XC,CS,F
14:22:40,TLKM,RG,4220,6,F,BK,YU,F
14:22:40,TLKM,RG,4220,2,F,BK,XC,D
14:22:40,TLKM,RG,4220,97,F,BK,ZP,F
14:22:40,TLKM,RG,4220,56,F,AK,ZP,F
14:22:40,TLKM,RG,4220,99,F,AK,ZP,F
14:22:40,TLKM,RG,4220,5,D,CC,ZP,F
14:22:40,TLKM,RG,4220,172,D,ZP,ZP,F
14:22:32,TLKM,RG,4220,23,D,ZP,ZP,F
14:22:32,TLKM,RG,4220,26,D,ZP,ZP,F
14:22:28,TLKM,RG,4220,25,D,ZP,YP,D
14:22:27,TLKM,RG,4220,42,D,ZP,RX,F
14:22:27,TLKM,RG,4220,1,D,ZP,AK,F
14:22:27,TLKM,RG,4220,64,D,ZP,YU,F
14:22:26,TLKM,RG,4220,113,D,ZP,ZP,F
14:22:26,TLKM,RG,4220,34,D,ZP,CC,D
14:22:26,TLKM,RG,4220,4,D,EP,CC,D
14:22:26,TLKM,RG,4220,1,D,AZ,CC,D
14:22:26,TLKM,RG,4220,5,F,ZP,CC,D
14:22:26,TLKM,RG,4220,4,D,YP,CC,D
14:22:26,TLKM,RG,4220,1,D,PD,CC,D
14:22:26,TLKM,RG,4220,20,D,PD,CC,D
14:22:26,TLKM,RG,4220,10,D,PD,CC,D
14:22:26,TLKM,RG,4220,5,D,SC,CC,D
14:22:26,TLKM,RG,4220,30,D,CC,CC,D
14:22:26,TLKM,RG,4220,1,D,NI,CC,D
14:22:26,TLKM,RG,4220,20,D,PD,CC,D
14:22:26,TLKM,RG,4220,1,D,XC,CC,D
14:22:26,TLKM,RG,4220,1,D,XC,CC,D
14:22:26,TLKM,RG,4220,29,F,ZP,CC,D
14:22:26,TLKM,RG,4220,1,D,SQ,CC,D
14:22:26,TLKM,RG,4220,57,D,PD,CC,D
14:22:26,TLKM,RG,4220,1,D,XC,CC,D
14:22:26,TLKM,RG,4220,2,D,SQ,CC,D
14:22:26,TLKM,RG,4220,1,D,YP,CC,D
14:22:26,TLKM,RG,4220,5,D,PD,CC,D
14:22:26,TLKM,RG,4220,10,D,PD,CC,D
14:22:26,TLKM,RG,4220,1,D,YP,CC,D
14:22:26,TLKM,RG,4220,1,D,KK,CC,D
14:22:26,TLKM,RG,4220,25,D,CC,CC,D
14:22:26,TLKM,RG,4220,2,D,XC,CC,D
14:22:26,TLKM,RG,4220,8,D,PD,CC,D
14:22:26,TLKM,RG,4220,50,D,YP,CC,D
14:22:26,TLKM,RG,4220,300,D,SQ,CC,D
14:22:26,TLKM,RG,4220,1,D,CC,CC,D
14:22:26,TLKM,RG,4220,1,D,XC,CC,D
14:22:26,TLKM,RG,4220,2,D,NI,CC,D
14:22:26,TLKM,RG,4220,25,D,NI,CC,D
14:22:26,TLKM,RG,4220,20,D,XC,CC,D
14:22:26,TLKM,RG,4220,100,D,XC,CC,D
14:22:26,TLKM,RG,4220,1,D,PD,CC,D
14:22:26,TLKM,RG,4220,41,F,AK,CC,D
14:22:26,TLKM,RG,4220,5,D,NI,CC,D
14:22:26,TLKM,RG,4220,1862,F,ZP,CC,D
14:22:26,TLKM,RG,4220,2,D,CC,CC,D
14:22:26,TLKM,RG,4220,5,D,SQ,CC,D
14:22:26,TLKM,RG,4220,4,D,XC,CC,D
14:22:26,TLKM,RG,4220,3,D,YP,CC,D
14:22:26,TLKM,RG,4220,1,D,XC,CC,D
14:22:26,TLKM,RG,4220,1,D,NI,CC,D
14:22:26,TLKM,RG,4220,6,D,XC,CC,D
14:22:26,TLKM,RG,4220,1,D,DR,CC,D
14:22:26,TLKM,RG,4220,1289,F,BK,CC,D
14:22:24,TLKM,RG,4230,81,F,AK,CS,F
14:22:23,TLKM,RG,4220,29,F,BK,BK,F
14:22:23,TLKM,RG,4220,5,D,XC,BK,F
14:22:23,TLKM,RG,4220,2,D,YP,BK,F
14:22:23,TLKM,RG,4220,93,D,SQ,BK,F
14:22:15,TLKM,RG,4220,7,D,SQ,ZP,F
14:22:15,TLKM,RG,4220,25,D,EP,ZP,F
14:22:08,TLKM,RG,4220,32,D,EP,RX,F
14:22:06,TLKM,RG,4220,88,D,EP,CC,D
14:22:05,TLKM,RG,4220,6,D,EP,YU,F
14:22:05,TLKM,RG,4220,29,D,EP,AK,F
14:22:05,TLKM,RG,4220,8,D,XC,AK,F
14:22:05,TLKM,RG,4220,364,F,ZP,AK,F
14:22:04,TLKM,RG,4220,4,F,ZP,XC,D
14:21:55,TLKM,RG,4220,5,F,ZP,YU,F
14:21:53,TLKM,RG,4220,25,F,ZP,ZP,F
14:21:53,TLKM,RG,4220,129,F,ZP,PD,D
14:21:47,TLKM,RG,4220,7,F,ZP,ZP,F
14:21:34,TLKM,RG,4220,24,F,ZP,ZP,F
14:21:30,TLKM,RG,4220,1,F,ZP,NI,D
14:21:22,TLKM,RG,4220,4,F,ZP,XC,D
14:21:21,TLKM,RG,4220,52,F,ZP,BK,F
14:21:18,TLKM,RG,4220,35,F,ZP,CC,D
14:21:18,TLKM,RG,4220,10,D,GR,CC,D
14:21:18,TLKM,RG,4220,21,F,CC,CC,D
14:21:15,TLKM,RG,4220,1,F,CC,AK,F
14:21:15,TLKM,RG,4220,1,F,CC,AK,F
14:21:15,TLKM,RG,4220,27,F,CC,ZP,F
14:21:07,TLKM,RG,4220,10,F,CC,XL,D
14:21:07,TLKM,RG,4220,7,F,CC,YU,F
14:21:07,TLKM,RG,4220,183,F,CC,BK,F
14:21:03,TLKM,RG,4220,2,F,CC,YP,D
14:21:00,TLKM,RG,4220,236,F,CC,OD,D
14:20:55,TLKM,RG,4220,24,F,CC,ZP,F
14:20:46,TLKM,RG,4220,7,F,CC,YU,F
14:20:46,TLKM,RG,4220,462,F,CC,CC,D
14:20:45,TLKM,RG,4230,66,F,AK,CS,F
14:20:37,TLKM,RG,4220,19,F,CC,ZP,F
14:20:37,TLKM,RG,4220,1,D,NI,ZP,F
14:20:37,TLKM,RG,4220,28,F,BK,ZP,F
14:20:32,TLKM,RG,4220,76,F,BK,CC,D
14:20:30,TLKM,RG,4220,6,F,BK,YU,F
14:20:30,TLKM,RG,4220,137,F,BK,CS,F
14:20:29,TLKM,RG,4220,76,F,BK,BK,F
14:20:22,TLKM,RG,4220,85,F,BK,ZP,F
14:20:19,TLKM,RG,4220,20,F,BK,ZP,F
14:20:09,TLKM,RG,4230,701,D,PD,CS,F
14:20:09,TLKM,RG,4230,5,D,XL,CS,F
14:20:07,TLKM,RG,4230,10,D,ZP,CS,F
14:20:00,TLKM,RG,4220,16,F,BK,ZP,F
14:19:48,TLKM,RG,4220,1,F,BK,XC,D
14:19:46,TLKM,RG,4220,77,F,BK,CC,D
14:19:40,TLKM,RG,4220,16,F,BK,ZP,F
14:19:36,TLKM,RG,4220,2,F,BK,AK,F
14:19:35,TLKM,RG,4220,5,F,BK,DR,D
14:19:30,TLKM,RG,4230,75,F,AK,CS,F
14:19:20,TLKM,RG,4220,5,F,BK,YU,F
14:19:20,TLKM,RG,4220,17,F,BK,ZP,F
14:19:13,TLKM,RG,4220,35,F,BK,BK,F
14:19:06,TLKM,RG,4220,3,F,BK,XL,D
14:19:06,TLKM,RG,4220,7,F,BK,ZP,F
14:19:02,TLKM,RG,4220,74,F,BK,CC,D
14:19:01,TLKM,RG,4220,1,F,BK,PD,D
14:19:00,TLKM,RG,4220,13,F,BK,ZP,F
14:18:56,TLKM,RG,4230,5,D,YP,CS,F
14:18:55,TLKM,RG,4220,7,F,BK,ZP,F
14:18:45,TLKM,RG,4220,1,F,BK,XC,D
14:18:39,TLKM,RG,4220,2,F,BK,PD,D
14:18:39,TLKM,RG,4220,13,F,BK,ZP,F
14:18:33,TLKM,RG,4230,12,D,PD,CS,F
14:18:33,TLKM,RG,4220,134,F,BK,BK,F
14:18:22,TLKM,RG,4220,3,F,BK,XC,D
14:18:20,TLKM,RG,4220,13,F,BK,ZP,F
14:18:16,TLKM,RG,4220,39,F,BK,DX,D
14:18:15,TLKM,RG,4220,2,F,BK,AK,F
14:18:15,TLKM,RG,4220,5,F,BK,YU,F
14:18:14,TLKM,RG,4220,74,F,BK,CC,D
14:18:05,TLKM,RG,4230,2,D,PD,CS,F
14:18:04,TLKM,RG,4220,22,F,BK,ZP,F
14:18:00,TLKM,RG,4220,20,F,BK,AK,F
14:18:00,TLKM,RG,4220,130,F,BK,YU,D
14:18:00,TLKM,RG,4220,63,F,BK,ZP,F
14:17:49,TLKM,RG,4220,4,F,BK,AT,D
14:17:48,TLKM,RG,4220,1,F,BK,PD,D
14:17:43,TLKM,RG,4220,23,F,BK,ZP,F
14:17:35,TLKM,RG,4220,2,F,BK,XC,D
14:17:27,TLKM,RG,4220,5,F,BK,YU,F
14:17:26,TLKM,RG,4220,21,F,BK,ZP,F
14:17:26,TLKM,RG,4220,68,F,BK,CC,D
14:17:26,TLKM,RG,4220,10,D,SQ,CC,D
14:17:20,TLKM,RG,4220,19,D,SQ,CC,D
14:17:10,TLKM,RG,4220,21,D,SQ,ZP,F
14:16:58,TLKM,RG,4220,49,D,SQ,RX,F
14:16:54,TLKM,RG,4220,133,D,SQ,RF,D
14:16:54,TLKM,RG,4220,48,D,SQ,YU,F
14:16:53,TLKM,RG,4220,20,D,SQ,AK,F
14:16:53,TLKM,RG,4220,1,D,CC,AK,F
14:16:53,TLKM,RG,4220,150,D,BQ,AK,F
14:16:53,TLKM,RG,4220,15,D,BQ,AK,F
14:16:53,TLKM,RG,4220,100,D,BQ,AK,F
14:16:53,TLKM,RG,4220,32,F,AK,AK,F
14:16:53,TLKM,RG,4220,1,D,YP,AK,F
14:16:53,TLKM,RG,4220,10,D,PD,AK,F
14:16:53,TLKM,RG,4220,3,D,YP,AK,F
14:16:53,TLKM,RG,4220,1,D,SQ,AK,F
14:16:53,TLKM,RG,4220,26,D,OD,AK,F
14:16:53,TLKM,RG,4220,50,F,AK,AK,F
14:16:53,TLKM,RG,4220,100,D,SQ,AK,F
14:16:53,TLKM,RG,4220,1000,F,CC,AK,F
14:16:53,TLKM,RG,4220,1,D,PD,AK,F
14:16:53,TLKM,RG,4220,11,D,XC,AK,F
14:16:53,TLKM,RG,4220,1,D,XC,AK,F
14:16:53,TLKM,RG,4220,1205,F,BK,AK,F
14:16:53,TLKM,RG,4220,500,F,CC,AK,F
14:16:53,TLKM,RG,4220,2,D,CC,AK,F
14:16:53,TLKM,RG,4220,38,F,CC,AK,F
14:16:52,TLKM,RG,4220,18,F,CC,ZP,F
14:16:52,TLKM,RG,4220,1,F,CC,YU,F
14:16:44,TLKM,RG,4220,1,F,CC,YU,F
14:16:42,TLKM,RG,4220,70,F,CC,YP,D
14:16:39,TLKM,RG,4220,3,F,CC,YP,D
14:16:38,TLKM,RG,4220,77,F,CC,CC,D
14:16:36,TLKM,RG,4220,18,F,CC,ZP,F
14:16:36,TLKM,RG,4220,1,F,CC,YU,F
14:16:28,TLKM,RG,4220,1,F,CC,YU,F
14:16:28,TLKM,RG,4220,2,F,CC,AK,F
14:16:27,TLKM,RG,4220,7,F,CC,ZP,F
14:16:20,TLKM,RG,4220,1,F,CC,YU,F
14:16:20,TLKM,RG,4220,23,F,CC,ZP,F
14:16:12,TLKM,RG,4220,1,F,CC,YU,F
14:16:09,TLKM,RG,4220,30,F,CC,RX,F
14:16:04,TLKM,RG,4220,1,F,CC,YU,F
14:16:01,TLKM,RG,4220,17,F,CC,ZP,F
14:16:01,TLKM,RG,4220,26,F,CC,ZP,F
14:15:52,TLKM,RG,4220,236,F,CC,OD,D
14:15:51,TLKM,RG,4220,30,F,CC,XC,D
14:15:51,TLKM,RG,4230,119,F,AK,CS,F
14:15:50,TLKM,RG,4220,73,F,CC,CC,D
14:15:29,TLKM,RG,4220,2,F,CC,PD,D
14:15:26,TLKM,RG,4230,99,D,YP,CS,F
14:15:24,TLKM,RG,4220,9,F,CC,AK,F
14:15:23,TLKM,RG,4220,3,F,CC,ZP,F
14:15:22,TLKM,RG,4220,100,F,CC,BK,F
14:15:15,TLKM,RG,4220,63,F,CC,ZP,F
14:15:06,TLKM,RG,4230,310,D,PD,CS,F
14:15:06,TLKM,RG,4230,15,D,PD,AT,D
14:15:06,TLKM,RG,4230,129,D,PD,PD,D
14:15:06,TLKM,RG,4230,38,D,PD,BK,F
14:15:06,TLKM,RG,4230,1,D,PD,AK,F
14:15:06,TLKM,RG,4230,6,D,PD,CS,F
14:15:06,TLKM,RG,4230,201,D,PD,AK,F
14:15:04,TLKM,RG,4220,77,F,CC,CC,D
14:15:00,TLKM,RG,4220,3,F,CC,AK,F
14:15:00,TLKM,RG,4230,2,D,PD,AK,F
14:14:50,TLKM,RG,4220,43,F,CC,BK,F
14:14:45,TLKM,RG,4220,2,F,CC,AK,F
14:14:32,TLKM,RG,4220,1,F,CC,YP,D
14:14:18,TLKM,RG,4220,22,F,CC,CC,D
14:14:18,TLKM,RG,4220,50,D,XC,CC,D
14:14:15,TLKM,RG,4230,53,F,AK,AK,F
14:14:05,TLKM,RG,4220,10,D,XC,CS,F
14:14:05,TLKM,RG,4220,3,D,SQ,CS,F
14:14:05,TLKM,RG,4220,160,D,YB,CS,F
14:14:05,TLKM,RG,4220,16,D,YB,YU,F
14:14:05,TLKM,RG,4220,3,D,YB,NI,D
14:13:58,TLKM,RG,4220,1,D,YB,YU,F
14:13:51,TLKM,RG,4220,20,D,YB,AK,F
14:13:51,TLKM,RG,4220,1,D,YB,YU,F
14:13:49,TLKM,RG,4220,7,D,YB,ZP,F
14:13:44,TLKM,RG,4220,1,D,YB,YU,F
14:13:37,TLKM,RG,4220,1,D,YB,YU,F
14:13:32,TLKM,RG,4220,75,D,YB,CC,D
14:13:30,TLKM,RG,4220,1,D,YB,AK,F
14:13:23,TLKM,RG,4220,7,D,YB,ZP,F
14:12:49,TLKM,RG,4230,4,D,XC,AK,F
14:12:42,TLKM,RG,4220,76,D,YB,CC,D
14:12:37,TLKM,RG,4220,98,D,YB,ZP,F
14:12:29,TLKM,RG,4220,5,D,YB,PD,D
14:12:21,TLKM,RG,4220,5,D,YB,YU,F
14:12:17,TLKM,RG,4220,2,D,YB,PD,D
14:12:13,TLKM,RG,4230,67,F,AK,AK,F
14:12:13,TLKM,RG,4230,33,F,AK,BK,F
14:12:12,TLKM,RG,4220,55,D,YB,EP,D
14:12:09,TLKM,RG,4220,3,D,YB,PD,D
14:12:00,TLKM,RG,4220,63,D,YB,YU,D
14:12:00,TLKM,RG,4220,2,D,XC,YU,D
14:12:00,TLKM,RG,4220,1,D,PD,YU,D
14:12:00,TLKM,RG,4220,6,F,ZP,YU,D
14:12:00,TLKM,RG,4220,1,D,NI,YU,D
14:12:00,TLKM,RG,4220,20,D,YP,YU,D
14:12:00,TLKM,RG,4220,10,D,PD,YU,D
14:12:00,TLKM,RG,4220,2,D,XC,YU,D
14:12:00,TLKM,RG,4220,1,D,XL,YU,D
14:12:00,TLKM,RG,4220,1,D,CC,YU,D
14:11:58,TLKM,RG,4220,9,D,YP,DH,D
14:11:58,TLKM,RG,4220,1,D,XC,DH,D
14:11:58,TLKM,RG,4220,1,D,XC,DH,D
14:11:58,TLKM,RG,4220,45,F,ZP,DH,D
14:11:58,TLKM,RG,4220,20,D,YP,DH,D
14:11:58,TLKM,RG,4220,2,D,PD,DH,D
14:11:58,TLKM,RG,4220,1,D,NI,DH,D
14:11:58,TLKM,RG,4220,5,D,YP,DH,D
14:11:58,TLKM,RG,4220,4,D,YP,DH,D
14:11:57,TLKM,RG,4220,6,D,YP,YU,F
14:11:57,TLKM,RG,4220,3,D,YP,PD,D
14:11:57,TLKM,RG,4220,50,D,CC,PD,D
14:11:57,TLKM,RG,4220,47,F,RX,PD,D
14:11:54,TLKM,RG,4220,3,F,RX,CC,D
14:11:54,TLKM,RG,4220,1,D,XC,CC,D
14:11:54,TLKM,RG,4220,1,D,KK,CC,D
14:11:54,TLKM,RG,4220,5,D,PD,CC,D
14:11:54,TLKM,RG,4220,37,D,SQ,CC,D
14:11:54,TLKM,RG,4220,5,D,XL,CC,D
14:11:54,TLKM,RG,4220,3,D,PD,CC,D
14:11:54,TLKM,RG,4220,15,D,DH,CC,D
14:11:54,TLKM,RG,4220,3,F,BK,CC,D
14:11:54,TLKM,RG,4230,2,D,PD,BK,F
14:11:51,TLKM,RG,4220,2,F,BK,AK,F
14:11:39,TLKM,RG,4220,4,F,BK,NI,D
14:11:38,TLKM,RG,4220,2,F,BK,PD,D
14:11:37,TLKM,RG,4220,40,F,BK,BK,F
14:11:34,TLKM,RG,4230,1,D,PD,BK,F
14:11:28,TLKM,RG,4220,2,F,BK,YP,D
14:11:24,TLKM,RG,4220,2,F,BK,YP,D
14:11:21,TLKM,RG,4220,2,F,BK,YP,D
14:11:20,TLKM,RG,4230,2,D,PD,BK,F
14:11:19,TLKM,RG,4220,37,F,BK,IF,D
14:11:15,TLKM,RG,4220,25,F,BK,XC,D
14:11:14,TLKM,RG,4220,5,F,BK,YP,D
14:11:11,TLKM,RG,4220,7,F,BK,ZP,F
14:11:09,TLKM,RG,4220,6,F,BK,YU,F
14:11:08,TLKM,RG,4220,59,F,BK,CC,D
14:11:08,TLKM,RG,4220,258,F,BK,PD,D
14:11:07,TLKM,RG,4220,2,F,BK,PD,D
14:11:03,TLKM,RG,4220,1,F,BK,YP,D
14:11:01,TLKM,RG,4220,5,F,BK,YU,F
14:11:00,TLKM,RG,4220,25,F,BK,ZP,F
14:11:00,TLKM,RG,4230,5,D,NI,BK,F
14:10:54,TLKM,RG,4220,10,F,BK,YP,D
14:10:50,TLKM,RG,4220,2,F,BK,PD,D
14:10:47,TLKM,RG,4230,1,D,YP,BK,F
14:10:37,TLKM,RG,4220,4,F,BK,YP,D
14:10:34,TLKM,RG,4230,1,D,XC,BK,F
14:10:32,TLKM,RG,4220,40,F,BK,BK,F
14:10:30,TLKM,RG,4220,1,F,BK,AK,F
14:10:22,TLKM,RG,4220,67,F,BK,CC,D
14:10:20,TLKM,RG,4220,9,F,BK,ZP,F
14:10:19,TLKM,RG,4230,4,F,ZP,BK,F
14:10:10,TLKM,RG,4230,69,F,AK,BK,F
14:10:10,TLKM,RG,4230,30,F,AK,ZP,F
14:10:09,TLKM,RG,4220,10,F,BK,YP,D
14:10:06,TLKM,RG,4230,701,D,PD,ZP,F
14:10:06,TLKM,RG,4220,3,F,BK,XC,D
14:09:56,TLKM,RG,4220,2,F,BK,IU,D
14:09:34,TLKM,RG,4220,82,F,BK,CC,D
14:09:21,TLKM,RG,4220,5,F,BK,YU,F
14:09:21,TLKM,RG,4220,293,F,BK,AK,F
14:09:20,TLKM,RG,4230,1,D,YP,ZP,F
14:09:10,TLKM,RG,4230,8,F,ZP,ZP,F
14:09:08,TLKM,RG,4230,1,D,PD,ZP,F
14:08:58,TLKM,RG,4230,20,D,CC,ZP,F
14:08:49,TLKM,RG,4230,1,D,XL,ZP,F
14:08:49,TLKM,RG,4220,5,F,BK,YU,F
14:08:48,TLKM,RG,4220,73,F,BK,CC,D
14:08:33,TLKM,RG,4220,7,F,BK,ZP,F
14:08:25,TLKM,RG,4220,3,F,BK,XL,D
14:08:15,TLKM,RG,4230,57,F,AK,ZP,F
14:08:00,TLKM,RG,4220,72,F,BK,CC,D
14:07:49,TLKM,RG,4220,4,F,BK,ZP,F
14:07:37,TLKM,RG,4230,1,D,CC,ZP,F
14:07:12,TLKM,RG,4220,4,F,BK,YU,F
14:07:12,TLKM,RG,4220,2,F,CC,YU,F
14:07:12,TLKM,RG,4220,128,F,CC,KK,D
14:07:12,TLKM,RG,4230,200,D,BQ,ZP,F
14:07:12,TLKM,RG,4220,66,F,CC,CC,D
14:06:58,TLKM,RG,4230,1,D,XC,ZP,F
14:06:48,TLKM,RG,4230,2,D,XC,ZP,F
14:06:45,TLKM,RG,4230,54,F,AK,ZP,F
14:06:34,TLKM,RG,4220,1,F,CC,NI,D
14:06:29,TLKM,RG,4220,1,F,CC,XL,D
14:06:24,TLKM,RG,4220,83,F,CC,CC,D
14:06:01,TLKM,RG,4230,25,D,NI,ZP,F
14:05:52,TLKM,RG,4220,4,F,CC,ZP,F
14:05:52,TLKM,RG,4230,1,D,YP,ZP,F
14:05:49,TLKM,RG,4220,2,F,CC,NI,D
14:05:45,TLKM,RG,4220,3,F,CC,AK,F
14:05:36,TLKM,RG,4220,65,F,CC,CC,D
14:05:32,TLKM,RG,4220,1,F,CC,XC,D
14:05:16,TLKM,RG,4230,1,F,ZP,ZP,F
14:05:15,TLKM,RG,4230,1,D,XC,ZP,F
14:05:06,TLKM,RG,4230,91,D,PD,ZP,F
14:05:06,TLKM,RG,4230,431,D,PD,CC,D
14:05:06,TLKM,RG,4230,11,D,PD,AK,F
14:05:06,TLKM,RG,4230,4,D,PD,AK,F
14:05:06,TLKM,RG,4230,29,D,PD,AK,F
14:05:06,TLKM,RG,4230,36,D,PD,DX,F
14:05:06,TLKM,RG,4230,63,D,PD,RX,F
14:05:06,TLKM,RG,4230,10,D,PD,PD,D
14:05:06,TLKM,RG,4230,26,D,PD,NI,D
14:05:03,TLKM,RG,4220,3,F,CC,ZP,F
14:04:52,TLKM,RG,4220,75,F,CC,CC,D
14:04:43,TLKM,RG,4220,38,F,CC,RX,F
14:04:34,TLKM,RG,4220,7,F,CC,YU,F
14:04:33,TLKM,RG,4220,21,F,CC,CC,D
14:04:33,TLKM,RG,4220,12,D,XL,CC,D
14:04:33,TLKM,RG,4220,25,D,PD,CC,D
14:04:33,TLKM,RG,4220,7,D,PD,CC,D
14:04:33,TLKM,RG,4220,52,F,AK,CC,D
14:04:33,TLKM,RG,4220,2,D,AZ,CC,D
14:04:33,TLKM,RG,4220,81,F,ZP,CC,D
14:04:27,TLKM,RG,4230,2,D,PD,NI,D
14:04:24,TLKM,RG,4230,7,F,ZP,NI,D
14:04:15,TLKM,RG,4220,1,F,ZP,AK,F
14:04:04,TLKM,RG,4220,77,F,ZP,CC,D
14:04:00,TLKM,RG,4230,66,F,AK,NI,D
14:03:54,TLKM,RG,4220,2,F,ZP,PD,D
14:03:48,TLKM,RG,4220,3,F,ZP,AK,F
14:03:48,TLKM,RG,4230,1,D,XC,NI,D
14:03:45,TLKM,RG,4220,149,F,ZP,AK,F
14:03:39,TLKM,RG,4230,1,D,XC,NI,D
14:03:39,TLKM,RG,4230,5,D,XC,NI,D
14:03:35,TLKM,RG,4230,2,D,EP,NI,D
14:03:17,TLKM,RG,4220,5,F,ZP,YU,F
14:03:16,TLKM,RG,4220,81,F,ZP,CC,D
14:03:15,TLKM,RG,4220,13,F,ZP,AK,F
14:03:10,TLKM,RG,4230,2,D,PD,NI,D
14:03:03,TLKM,RG,4230,1,D,XL,NI,D
14:03:00,TLKM,RG,4220,3,F,ZP,AK,F
14:02:55,TLKM,RG,4220,1,F,ZP,XC,D
14:02:33,TLKM,RG,4220,2,F,ZP,PD,D
14:02:30,TLKM,RG,4230,16,F,AK,NI,D
14:02:30,TLKM,RG,4230,29,F,AK,DX,F
14:02:28,TLKM,RG,4220,83,F,ZP,CC,D
14:02:27,TLKM,RG,4230,2,D,NI,DX,F
14:02:21,TLKM,RG,4230,2,D,PD,DX,F
14:02:18,TLKM,RG,4220,8,F,ZP,YP,D
14:01:45,TLKM,RG,4230,1,F,AK,DX,F
14:01:45,TLKM,RG,4230,1,F,AK,XC,D
14:01:45,TLKM,RG,4230,39,F,AK,YU,D
14:01:38,TLKM,RG,4220,65,F,ZP,CC,D
14:01:36,TLKM,RG,4220,2,F,ZP,PD,D
14:01:34,TLKM,RG,4230,1,D,XC,YU,D
14:01:32,TLKM,RG,4230,20,F,RX,YU,D
14:01:32,TLKM,RG,4230,30,F,RX,BK,F
14:01:31,TLKM,RG,4220,3,F,ZP,PD,D
14:01:00,TLKM,RG,4230,2,D,PD,BK,F
14:00:52,TLKM,RG,4220,73,F,ZP,CC,D
14:00:49,TLKM,RG,4230,1,D,YP,BK,F
14:00:48,TLKM,RG,4220,2,F,ZP,PD,D
14:00:45,TLKM,RG,4230,45,F,AK,BK,F
14:00:38,TLKM,RG,4220,4,F,ZP,PD,D
14:00:35,TLKM,RG,4220,2,F,ZP,XC,D
14:00:27,TLKM,RG,4230,1,D,PD,ZP,F
14:00:27,TLKM,RG,4230,1,D,PD,DX,F
14:00:24,TLKM,RG,4220,3,F,ZP,AK,F
14:00:24,TLKM,RG,4230,18,F,CC,DX,F
14:00:24,TLKM,RG,4230,82,F,CC,ZP,F
14:00:20,TLKM,RG,4230,200,F,CC,ZP,F
14:00:18,TLKM,RG,4230,47,F,CC,ZP,F
14:00:18,TLKM,RG,4230,1,F,CC,AK,F
14:00:18,TLKM,RG,4230,1,F,CC,AK,F
14:00:18,TLKM,RG,4230,47,F,CC,DX,F
14:00:18,TLKM,RG,4230,84,F,CC,CS,F
14:00:18,TLKM,RG,4230,20,F,CC,AK,F
14:00:06,TLKM,RG,4230,700,D,PD,AK,F
14:00:04,TLKM,RG,4220,5,F,ZP,YU,F
14:00:04,TLKM,RG,4220,70,F,ZP,CC,D
14:00:02,TLKM,RG,4220,2,F,ZP,PD,D
13:59:59,TLKM,RG,4230,45,F,CC,AK,F
13:59:59,TLKM,RG,4230,102,F,CC,BK,F
13:59:59,TLKM,RG,4230,228,F,CC,KK,D
13:59:59,TLKM,RG,4230,3,F,CC,ZP,F
13:59:59,TLKM,RG,4230,122,F,CC,PD,D
13:59:52,TLKM,RG,4220,55,F,ZP,ZP,F
13:59:51,TLKM,RG,4220,2,F,ZP,AK,F
13:59:16,TLKM,RG,4220,40,F,ZP,CC,D
13:59:16,TLKM,RG,4220,31,F,ZP,CC,D
13:59:01,TLKM,RG,4230,5,D,CC,PD,D
13:58:55,TLKM,RG,4230,2,F,CC,PD,D
13:58:55,TLKM,RG,4230,146,F,CC,CC,D
13:58:55,TLKM,RG,4230,106,F,CC,ZP,F
13:58:55,TLKM,RG,4230,12,F,CC,CC,D
13:58:55,TLKM,RG,4230,20,F,CC,CS,F
13:58:55,TLKM,RG,4230,1,F,CC,BR,D
13:58:55,TLKM,RG,4230,6,F,CC,XL,D
13:58:55,TLKM,RG,4230,1,F,CC,PD,D
13:58:55,TLKM,RG,4230,50,F,CC,LG,D
13:58:55,TLKM,RG,4230,36,F,CC,BK,F
13:58:55,TLKM,RG,4230,50,F,CC,BK,F
13:58:55,TLKM,RG,4230,70,F,CC,ZP,F
13:58:49,TLKM,RG,4230,2,D,PD,ZP,F
13:58:45,TLKM,RG,4220,1,F,ZP,AK,F
13:58:37,TLKM,RG,4230,50,D,BQ,ZP,F
13:58:32,TLKM,RG,4230,15,D,BQ,ZP,F
13:58:31,TLKM,RG,4220,2,F,ZP,PD,D
13:58:30,TLKM,RG,4220,79,F,ZP,CC,D
13:58:28,TLKM,RG,4230,5,D,BQ,ZP,F
13:58:28,TLKM,RG,4230,1,D,BQ,NI,D
13:58:28,TLKM,RG,4230,144,D,BQ,ZP,D
13:58:21,TLKM,RG,4220,1,F,ZP,AK,F
13:57:44,TLKM,RG,4220,74,F,ZP,CC,D
13:57:36,TLKM,RG,4220,124,F,ZP,PD,D
13:57:36,TLKM,RG,4220,5,D,KK,PD,D
13:57:31,TLKM,RG,4230,2,D,PD,ZP,D
13:57:30,TLKM,RG,4230,1,F,CC,ZP,D
13:57:30,TLKM,RG,4230,27,F,CC,ZP,F
13:57:30,TLKM,RG,4230,95,F,CC,BK,F
13:57:30,TLKM,RG,4230,41,F,CC,BK,F
13:57:30,TLKM,RG,4230,39,F,CC,BK,F
13:57:30,TLKM,RG,4230,4,F,CC,YU,F
13:57:30,TLKM,RG,4230,9,F,CC,YU,F
13:57:30,TLKM,RG,4230,2,F,CC,ZP,F
13:57:30,TLKM,RG,4230,94,F,CC,BK,F
13:57:30,TLKM,RG,4230,96,F,CC,CS,F
13:57:30,TLKM,RG,4230,10,F,CC,NI,D
13:57:30,TLKM,RG,4230,200,F,CC,YP,D
13:57:30,TLKM,RG,4230,114,F,CC,ZP,F
13:57:30,TLKM,RG,4230,1,F,CC,XA,D
13:57:30,TLKM,RG,4230,2,F,CC,ZP,F
13:57:30,TLKM,RG,4230,50,F,CC,PD,D
13:57:30,TLKM,RG,4230,5,F,CC,ZP,F
13:57:30,TLKM,RG,4230,94,F,CC,BK,F
13:57:30,TLKM,RG,4230,116,F,CC,PD,D
13:57:26,TLKM,RG,4220,10,D,KK,NI,D
13:57:04,TLKM,RG,4230,13,F,CC,PD,D
13:57:04,TLKM,RG,4230,38,F,CC,BK,F
13:57:04,TLKM,RG,4230,1,F,CC,XC,D
13:57:04,TLKM,RG,4230,2,F,CC,ZP,F
13:57:04,TLKM,RG,4230,39,F,CC,RX,F
13:57:04,TLKM,RG,4230,102,F,CC,BK,F
13:57:04,TLKM,RG,4230,25,F,CC,KK,D
13:57:04,TLKM,RG,4230,1,F,CC,XC,D
13:57:04,TLKM,RG,4230,16,F,CC,ZP,F
13:57:04,TLKM,RG,4230,38,F,CC,DX,F
13:57:04,TLKM,RG,4230,51,F,CC,CS,F
13:57:04,TLKM,RG,4230,38,F,CC,BK,F
13:57:04,TLKM,RG,4230,112,F,CC,BK,F
13:57:04,TLKM,RG,4230,24,F,CC,ZP,F
13:56:58,TLKM,RG,4220,2,D,KK,PD,D
13:56:58,TLKM,RG,4230,93,F,CC,ZP,F
13:56:58,TLKM,RG,4230,749,F,CC,ZP,F
13:56:58,TLKM,RG,4230,137,F,CC,AK,F
13:56:58,TLKM,RG,4230,12,F,CC,AK,F
13:56:58,TLKM,RG,4230,9,F,CC,CC,D
13:56:54,TLKM,RG,4230,1,F,CC,CC,D
13:56:54,TLKM,RG,4230,56,F,CC,YU,D
13:56:54,TLKM,RG,4230,50,F,CC,LG,D
13:56:54,TLKM,RG,4230,93,F,CC,BK,F
13:56:53,TLKM,RG,4230,10,D,CC,BK,F
13:56:52,TLKM,RG,4220,14,D,KK,ZP,F
13:56:49,TLKM,RG,4220,219,D,KK,CC,D
13:56:49,TLKM,RG,4220,61,F,AK,CC,D
13:56:49,TLKM,RG,4220,1,D,PD,CC,D
13:56:49,TLKM,RG,4220,100,D,SQ,CC,D
13:56:49,TLKM,RG,4220,1,D,SQ,CC,D
13:56:49,TLKM,RG,4220,118,D,BQ,CC,D
13:56:37,TLKM,RG,4220,17,D,BQ,ZP,F
13:56:34,TLKM,RG,4220,15,D,BQ,ZP,F
13:56:34,TLKM,RG,4220,10,D,BQ,ZP,F
13:56:32,TLKM,RG,4230,2,D,PD,BK,F
13:56:22,TLKM,RG,4220,5,D,BQ,YU,F
13:56:19,TLKM,RG,4220,19,D,BQ,ZP,F
13:56:19,TLKM,RG,4220,2,D,BQ,PD,D
13:56:15,TLKM,RG,4230,6,F,AK,BK,F
13:56:15,TLKM,RG,4230,1,F,AK,AK,F
13:56:15,TLKM,RG,4230,1,F,AK,AK,F
13:56:15,TLKM,RG,4230,3,F,AK,AK,F
13:56:15,TLKM,RG,4230,3,F,AK,ZP,F
13:56:15,TLKM,RG,4230,36,F,AK,CC,D
13:56:09,TLKM,RG,4220,1,D,BQ,CC,D
13:56:00,TLKM,RG,4220,78,D,BQ,YU,D
13:56:00,TLKM,RG,4220,44,F,BK,YU,D
13:56:00,TLKM,RG,4220,16,F,BK,ZP,F
13:55:53,TLKM,RG,4220,10,F,BK,XC,D
13:55:38,TLKM,RG,4220,20,F,BK,ZP,F
13:55:17,TLKM,RG,4220,17,F,BK,ZP,F
13:55:17,TLKM,RG,4220,7,F,BK,SQ,D
13:55:15,TLKM,RG,4230,30,F,AK,CC,D
13:55:13,TLKM,RG,4220,4,F,BK,ZP,F
13:55:12,TLKM,RG,4230,2,D,PD,CC,D
13:55:06,TLKM,RG,4220,1,F,BK,SQ,D
13:55:06,TLKM,RG,4230,132,D,PD,CC,D
13:55:06,TLKM,RG,4230,41,D,PD,BK,F
13:55:06,TLKM,RG,4230,5,D,PD,CC,D
13:55:06,TLKM,RG,4230,41,D,PD,RX,F
13:55:06,TLKM,RG,4230,26,D,PD,DX,F
13:55:06,TLKM,RG,4230,126,D,PD,BK,F
13:55:06,TLKM,RG,4230,103,D,PD,ZP,F
13:55:06,TLKM,RG,4230,132,D,PD,AK,F
13:55:06,TLKM,RG,4230,12,D,PD,AK,F
13:55:06,TLKM,RG,4230,83,D,PD,ZP,F
13:55:03,TLKM,RG,4220,1,F,BK,XC,D
13:55:00,TLKM,RG,4220,1,F,BK,AK,F
13:54:59,TLKM,RG,4220,12,F,BK,ZP,F
13:54:58,TLKM,RG,4220,86,F,BK,BK,F
13:54:55,TLKM,RG,4220,2,F,BK,PD,D
13:54:51,TLKM,RG,4230,1,D,XC,ZP,F
13:54:49,TLKM,RG,4220,2,F,BK,YP,D
13:54:46,TLKM,RG,4230,1,D,NI,ZP,F
13:54:45,TLKM,RG,4220,13,F,BK,AK,F
13:54:45,TLKM,RG,4220,147,F,BK,AK,F
13:54:41,TLKM,RG,4220,12,F,BK,ZP,F
13:54:38,TLKM,RG,4230,2,D,PD,ZP,F
13:54:34,TLKM,RG,4220,5,F,BK,XC,D
13:54:33,TLKM,RG,4220,2,F,BK,YP,D
13:54:30,TLKM,RG,4230,1,D,XC,ZP,F
13:54:25,TLKM,RG,4220,11,F,BK,ZP,F
13:54:15,TLKM,RG,4220,1,F,BK,AK,F
13:54:14,TLKM,RG,4220,5,F,BK,NI,D
13:54:10,TLKM,RG,4220,15,F,BK,ZP,F
13:53:55,TLKM,RG,4220,15,F,BK,ZP,F
13:53:55,TLKM,RG,4220,7,F,BK,ZP,F
13:53:54,TLKM,RG,4220,6,F,BK,ZP,F
13:53:48,TLKM,RG,4220,5,F,BK,YU,F
13:53:45,TLKM,RG,4230,2,F,AK,ZP,F
13:53:45,TLKM,RG,4230,3,F,AK,AK,F
13:53:45,TLKM,RG,4230,39,F,AK,BK,F
13:53:40,TLKM,RG,4220,61,F,BK,BK,F
13:53:39,TLKM,RG,4220,18,F,BK,ZP,F
13:53:35,TLKM,RG,4220,12,F,BK,XC,D
13:53:30,TLKM,RG,4220,1,F,BK,AK,F
13:53:19,TLKM,RG,4220,12,F,BK,ZP,F
13:53:08,TLKM,RG,4220,90,F,BK,ZP,F
13:53:06,TLKM,RG,4220,3,F,BK,AK,F
13:52:59,TLKM,RG,4220,16,F,BK,ZP,F
13:52:56,TLKM,RG,4220,41,F,BK,BK,F
13:52:40,TLKM,RG,4220,13,F,BK,ZP,F
13:52:30,TLKM,RG,4230,1,F,AK,BK,F
13:52:30,TLKM,RG,4230,42,F,AK,ZP,F
13:52:20,TLKM,RG,4220,113,F,BK,CS,F
13:52:19,TLKM,RG,4220,16,F,BK,ZP,F
13:52:15,TLKM,RG,4220,1,F,BK,AK,F
13:52:09,TLKM,RG,4220,1,F,BK,NI,D
13:52:05,TLKM,RG,4220,1,F,BK,XC,D
13:52:00,TLKM,RG,4220,10,F,BK,AK,F
13:52:00,TLKM,RG,4220,115,F,BK,AK,F
13:52:00,TLKM,RG,4220,34,F,BK,ZP,F
13:51:54,TLKM,RG,4220,5,F,BK,YU,F
13:51:53,TLKM,RG,4220,113,F,BK,BK,F
13:51:42,TLKM,RG,4220,29,F,BK,RX,F
13:51:40,TLKM,RG,4220,14,F,BK,ZP,F
13:51:30,TLKM,RG,4220,1,F,BK,AK,F
13:51:29,TLKM,RG,4220,100,F,BK,CC,D
13:51:22,TLKM,RG,4220,18,F,BK,ZP,F
13:51:20,TLKM,RG,4220,78,F,BK,CC,D
13:51:20,TLKM,RG,4220,22,F,CC,CC,D
13:51:15,TLKM,RG,4220,1,F,CC,AK,F
13:51:15,TLKM,RG,4220,2,F,CC,AK,F
13:51:14,TLKM,RG,4220,4,F,CC,ZP,F
13:51:13,TLKM,RG,4220,36,F,CC,BK,F
13:51:05,TLKM,RG,4220,22,F,CC,ZP,F
13:51:01,TLKM,RG,4220,5,F,CC,YU,F
13:51:00,TLKM,RG,4230,32,F,AK,ZP,F
13:50:53,TLKM,RG,4220,36,F,CC,BK,F
13:50:46,TLKM,RG,4220,18,F,CC,ZP,F
13:50:42,TLKM,RG,4220,92,F,CC,BK,F
13:50:31,TLKM,RG,4220,155,F,CC,PD,D
13:50:30,TLKM,RG,4220,18,F,CC,ZP,F
13:50:10,TLKM,RG,4220,16,F,CC,ZP,F
13:50:07,TLKM,RG,4230,684,D,PD,ZP,F
13:50:07,TLKM,RG,4230,17,D,PD,DX,F
13:50:00,TLKM,RG,4220,5,F,CC,YU,F
13:50:00,TLKM,RG,4230,32,F,AK,DX,F
13:50:00,TLKM,RG,4220,68,F,CC,CC,D
13:50:00,TLKM,RG,4220,1,D,XL,CC,D
13:50:00,TLKM,RG,4220,20,D,XL,CC,D
13:50:00,TLKM,RG,4220,1,D,YP,CC,D
13:50:00,TLKM,RG,4220,2,D,YP,CC,D
13:50:00,TLKM,RG,4220,5,D,YP,CC,D
13:50:00,TLKM,RG,4220,4,D,YP,CC,D
13:50:00,TLKM,RG,4220,1,D,YP,CC,D
13:50:00,TLKM,RG,4220,2,D,YP,CC,D
13:50:00,TLKM,RG,4220,4,D,XC,CC,D
13:50:00,TLKM,RG,4220,14,D,XC,CC,D
13:50:00,TLKM,RG,4220,1,D,XC,CC,D
13:50:00,TLKM,RG,4220,2,D,XC,CC,D
13:50:00,TLKM,RG,4220,4,D,XC,CC,D
13:50:00,TLKM,RG,4220,2,D,XC,CC,D
13:50:00,TLKM,RG,4220,1,D,XC,CC,D
13:50:00,TLKM,RG,4220,1,D,XC,CC,D
13:50:00,TLKM,RG,4220,21,D,XC,CC,D
13:49:54,TLKM,RG,4220,14,D,XC,ZP,F
13:49:54,TLKM,RG,4220,1,D,XC,ZP,F
13:49:54,TLKM,RG,4220,2,D,XC,ZP,F
13:49:54,TLKM,RG,4220,1,D,XC,ZP,F
13:49:54,TLKM,RG,4220,1,D,XC,ZP,F
13:49:54,TLKM,RG,4220,1,D,XC,ZP,F
13:49:54,TLKM,RG,4220,1,D,XC,ZP,F
13:49:54,TLKM,RG,4220,1,D,XC,ZP,F
13:49:33,TLKM,RG,4220,1,D,XC,ZP,F
13:49:33,TLKM,RG,4220,1,D,XC,ZP,F
13:49:33,TLKM,RG,4220,1,D,XC,ZP,F
13:49:33,TLKM,RG,4220,2,D,XC,ZP,F
13:49:33,TLKM,RG,4220,14,D,XC,ZP,F
13:49:33,TLKM,RG,4220,1,D,XC,AK,F
13:49:33,TLKM,RG,4220,2,D,XC,PD,D
13:49:21,TLKM,RG,4220,124,D,XC,BK,F
13:49:15,TLKM,RG,4220,21,D,XC,ZP,F
13:49:06,TLKM,RG,4220,38,D,XC,BK,F
13:48:54,TLKM,RG,4220,20,D,XC,ZP,F
13:48:38,TLKM,RG,4230,5,D,NI,DX,F
13:48:35,TLKM,RG,4220,17,D,XC,ZP,F
13:48:34,TLKM,RG,4220,69,D,XC,BK,F
13:48:33,TLKM,RG,4220,6,D,XC,ZP,F
13:48:32,TLKM,RG,4230,2,D,XL,DX,F
13:48:21,TLKM,RG,4230,1,D,XL,DX,F
13:48:20,TLKM,RG,4220,4,D,XC,ZP,F
13:48:20,TLKM,RG,4220,17,D,XC,ZP,F
13:48:16,TLKM,RG,4220,7,D,XC,XC,D
13:48:11,TLKM,RG,4220,1,D,XC,NI,D
13:48:03,TLKM,RG,4220,5,D,XC,YU,F
13:48:03,TLKM,RG,4220,12,D,XC,ZP,F
13:48:03,TLKM,RG,4220,1,D,XC,ZP,F
13:48:03,TLKM,RG,4220,1,D,XC,ZP,F
13:48:03,TLKM,RG,4220,2,D,XC,ZP,F
13:47:57,TLKM,RG,4220,1,D,XC,PD,D
13:47:57,TLKM,RG,4220,5,D,XC,PD,D
13:47:57,TLKM,RG,4220,1,D,XC,PD,D
13:47:57,TLKM,RG,4220,1,D,XC,PD,D
13:47:57,TLKM,RG,4220,2,D,XC,PD,D
13:47:57,TLKM,RG,4220,1,D,XC,PD,D
13:47:57,TLKM,RG,4220,1,D,XC,PD,D
13:47:57,TLKM,RG,4220,5,D,XC,PD,D
13:47:57,TLKM,RG,4220,4,D,XC,PD,D
13:47:57,TLKM,RG,4220,77,F,AK,PD,D
13:47:57,TLKM,RG,4220,1,D,CC,PD,D
13:47:57,TLKM,RG,4220,2,D,CC,PD,D
13:47:57,TLKM,RG,4220,28,D,CC,PD,D
13:47:44,TLKM,RG,4220,12,D,CC,ZP,F
13:47:44,TLKM,RG,4220,1,D,KK,ZP,F
13:47:44,TLKM,RG,4220,1,D,PD,ZP,F
13:47:44,TLKM,RG,4220,14,D,PD,ZP,F
13:47:36,TLKM,RG,4220,6,D,PD,BK,F
13:47:36,TLKM,RG,4220,1,D,ZP,BK,F
13:47:36,TLKM,RG,4220,2,D,ZP,BK,F
13:47:36,TLKM,RG,4220,1,D,PD,BK,F
13:47:36,TLKM,RG,4220,3,D,KK,BK,F
13:47:36,TLKM,RG,4220,2,D,PD,BK,F
13:47:36,TLKM,RG,4220,5,D,PD,BK,F
13:47:36,TLKM,RG,4220,1,D,PD,BK,F
13:47:36,TLKM,RG,4220,1,D,PD,BK,F
13:47:36,TLKM,RG,4220,2,D,PD,BK,F
13:47:36,TLKM,RG,4220,1,D,PD,BK,F
13:47:36,TLKM,RG,4220,2,D,PD,BK,F
13:47:36,TLKM,RG,4220,9,D,PD,BK,F
13:47:26,TLKM,RG,4230,4,D,XC,DX,F
13:47:23,TLKM,RG,4220,14,D,PD,ZP,F
13:47:22,TLKM,RG,4230,2,D,PD,DX,F
13:47:15,TLKM,RG,4230,33,F,AK,DX,F
13:47:11,TLKM,RG,4220,27,D,PD,RX,F
13:47:11,TLKM,RG,4220,2,D,PD,RX,F
13:47:11,TLKM,RG,4220,1,D,PD,RX,F
13:47:11,TLKM,RG,4220,1,D,SQ,RX,F
13:47:11,TLKM,RG,4220,1,D,PD,RX,F
13:47:08,TLKM,RG,4220,1,D,PD,XC,D
13:47:05,TLKM,RG,4220,13,D,SQ,ZP,F
13:46:54,TLKM,RG,4220,5,D,SQ,PD,D
13:46:51,TLKM,RG,4220,45,D,SQ,XC,D
13:46:46,TLKM,RG,4220,13,D,SQ,ZP,F
13:46:45,TLKM,RG,4220,13,D,SQ,XC,D
13:46:40,TLKM,RG,4220,1,D,SQ,XC,D
13:46:36,TLKM,RG,4220,1,D,SQ,PD,D
13:46:30,TLKM,RG,4220,9,D,SQ,ZP,F
13:46:30,TLKM,RG,4220,1,D,KK,ZP,F
13:46:30,TLKM,RG,4220,5,D,PD,ZP,F
13:46:15,TLKM,RG,4220,17,D,PD,ZP,F
13:46:15,TLKM,RG,4230,24,F,AK,DX,F
13:46:15,TLKM,RG,4230,8,F,AK,BK,F
13:46:02,TLKM,RG,4220,1,D,PD,XC,D
13:46:01,TLKM,RG,4220,40,D,PD,BK,F
13:45:54,TLKM,RG,4220,17,D,PD,ZP,F
13:45:54,TLKM,RG,4220,7,D,PD,ZP,F
13:45:36,TLKM,RG,4220,5,D,PD,YU,F
13:45:35,TLKM,RG,4220,8,D,PD,ZP,F
13:45:35,TLKM,RG,4220,2,D,AZ,ZP,F
13:45:35,TLKM,RG,4220,1,D,DH,ZP,F
13:45:35,TLKM,RG,4220,1,D,YB,ZP,F
13:45:35,TLKM,RG,4220,1,F,ZP,ZP,F
13:45:35,TLKM,RG,4220,9,F,ZP,ZP,F
13:45:14,TLKM,RG,4220,1,F,ZP,ZP,F
13:45:14,TLKM,RG,4220,5,D,CC,ZP,F
13:45:14,TLKM,RG,4220,14,D,XL,ZP,F
13:45:09,TLKM,RG,4230,113,D,PD,BK,F
13:45:09,TLKM,RG,4230,25,D,PD,ZP,F
13:45:09,TLKM,RG,4230,1,D,PD,AK,F
13:45:09,TLKM,RG,4230,3,D,PD,ZP,F
13:45:09,TLKM,RG,4230,52,D,PD,YU,D
13:45:09,TLKM,RG,4230,1,D,PD,AK,F
13:45:09,TLKM,RG,4230,21,D,PD,XL,D
13:45:09,TLKM,RG,4230,133,D,PD,BK,F
13:45:09,TLKM,RG,4230,193,D,PD,ZP,F
13:45:09,TLKM,RG,4230,1,D,PD,YP,D
13:45:09,TLKM,RG,4230,157,D,PD,AK,F
13:45:05,TLKM,RG,4220,1,D,XL,PD,D
13:45:00,TLKM,RG,4220,1,D,XL,AK,F
13:44:59,TLKM,RG,4220,5,D,XL,BK,F
13:44:59,TLKM,RG,4220,2,D,PD,BK,F
13:44:59,TLKM,RG,4220,94,D,CC,BK,F
13:44:55,TLKM,RG,4220,20,D,CC,ZP,F
13:44:45,TLKM,RG,4230,3,F,AK,AK,F
13:44:45,TLKM,RG,4230,4,F,AK,AK,F
13:44:45,TLKM,RG,4230,2,F,AK,AK,F
13:44:45,TLKM,RG,4230,28,F,AK,AK,F
13:44:44,TLKM,RG,4220,10,D,CC,YU,D
13:44:33,TLKM,RG,4220,19,D,CC,ZP,F
13:44:33,TLKM,RG,4220,36,D,CC,BK,F
13:44:18,TLKM,RG,4220,1,D,CC,XC,D
13:44:18,TLKM,RG,4220,95,D,CC,ZP,F
13:44:14,TLKM,RG,4220,19,D,CC,ZP,F
13:44:11,TLKM,RG,4220,1,D,CC,EP,D
13:43:56,TLKM,RG,4220,17,D,CC,ZP,F
13:43:56,TLKM,RG,4220,6,D,CC,YP,D
13:43:37,TLKM,RG,4220,17,D,CC,ZP,F
13:43:37,TLKM,RG,4220,5,D,CC,YU,F
13:43:36,TLKM,RG,4220,141,D,CC,BK,F
13:43:36,TLKM,RG,4220,2,D,CC,AK,F
13:43:28,TLKM,RG,4220,3,D,CC,PD,D
13:43:25,TLKM,RG,4230,9,D,XC,AK,F
13:43:24,TLKM,RG,4220,10,D,CC,NI,D
13:43:20,TLKM,RG,4220,17,D,CC,ZP,F
13:43:15,TLKM,RG,4230,43,F,AK,AK,F
13:43:14,TLKM,RG,4220,7,D,CC,ZP,F
13:43:08,TLKM,RG,4220,35,D,CC,BK,F
13:43:06,TLKM,RG,4220,51,D,CC,BK,F
13:43:03,TLKM,RG,4220,7,D,CC,ZP,F
13:42:45,TLKM,RG,4220,5,D,CC,ZP,F
13:42:45,TLKM,RG,4220,1,D,CC,AK,F
13:42:30,TLKM,RG,4230,4,D,PD,AK,F
13:42:27,TLKM,RG,4220,160,D,CC,SQ,D
13:42:16,TLKM,RG,4220,1,D,CC,YP,D
13:42:00,TLKM,RG,4220,129,D,CC,YU,D
13:41:52,TLKM,RG,4220,5,D,CC,PD,D
13:41:49,TLKM,RG,4220,5,D,CC,YU,F
13:41:46,TLKM,RG,4220,81,D,CC,BK,F
13:41:46,TLKM,RG,4220,46,F,CC,BK,F
13:41:45,TLKM,RG,4220,1,F,CC,AK,F
13:41:45,TLKM,RG,4230,43,F,AK,AK,F
13:41:32,TLKM,RG,4230,1,D,PD,AK,F
13:41:28,TLKM,RG,4220,1,F,CC,PD,D
13:41:08,TLKM,RG,4220,50,F,CC,LG,D
13:41:06,TLKM,RG,4220,4,F,CC,AK,F
13:40:56,TLKM,RG,4220,129,F,CC,PD,D
13:40:54,TLKM,RG,4220,1,F,CC,EP,D
13:40:43,TLKM,RG,4220,8,F,CC,XL,D
13:40:39,TLKM,RG,4220,8,F,CC,YU,D
13:40:33,TLKM,RG,4220,6,F,CC,ZP,F
13:40:30,TLKM,RG,4230,43,F,AK,AK,F
13:40:24,TLKM,RG,4230,7,D,CC,AK,F
13:40:11,TLKM,RG,4230,491,D,PD,AK,F
13:40:11,TLKM,RG,4230,1,D,PD,AK,F
13:40:11,TLKM,RG,4230,16,D,PD,XC,D
13:40:11,TLKM,RG,4230,1,D,PD,XC,D
13:40:11,TLKM,RG,4230,71,D,PD,DX,F
13:40:11,TLKM,RG,4230,15,D,PD,AK,F
13:40:11,TLKM,RG,4230,84,D,PD,DX,F
13:40:11,TLKM,RG,4230,22,D,PD,DX,F
13:40:07,TLKM,RG,4230,2,D,PD,DX,F
13:39:45,TLKM,RG,4230,9,F,AK,DX,F
13:39:45,TLKM,RG,4230,34,F,AK,RX,F
13:39:41,TLKM,RG,4220,1,F,CC,XC,D
13:39:35,TLKM,RG,4220,1,F,CC,XC,D
13:39:27,TLKM,RG,4230,1,D,CC,RX,F
13:39:23,TLKM,RG,4220,115,F,CC,XC,D
13:39:16,TLKM,RG,4220,50,F,CC,CC,D
13:39:00,TLKM,RG,4230,38,F,AK,RX,F
13:39:00,TLKM,RG,4230,1,F,AK,ZP,F
13:38:57,TLKM,RG,4220,79,F,CC,CC,D
13:38:57,TLKM,RG,4220,30,F,RX,CC,D
13:38:57,TLKM,RG,4220,41,F,BK,CC,D
13:38:53,TLKM,RG,4230,1,D,PD,ZP,F
13:38:40,TLKM,RG,4230,22,D,YP,ZP,F
13:38:30,TLKM,RG,4230,15,F,AK,KK,D
13:38:30,TLKM,RG,4230,9,F,AK,YU,F
13:38:30,TLKM,RG,4230,11,F,AK,YU,D
13:38:15,TLKM,RG,4230,36,F,AK,YU,D
13:37:22,TLKM,RG,4230,31,D,BQ,YU,D
13:37:15,TLKM,RG,4220,10,F,BK,NI,D
13:36:34,TLKM,RG,4220,40,F,BK,RX,F
13:36:29,TLKM,RG,4220,129,F,BK,PD,D
13:36:19,TLKM,RG,4230,16,D,BQ,YU,D
13:36:19,TLKM,RG,4230,1,D,BQ,YP,D
13:36:19,TLKM,RG,4230,4,D,BQ,XA,D
13:36:19,TLKM,RG,4230,1,D,BQ,PD,D
13:36:19,TLKM,RG,4230,5,D,BQ,PD,D
13:36:19,TLKM,RG,4230,123,D,BQ,CC,D
13:36:15,TLKM,RG,4230,15,D,BQ,CC,D
13:36:12,TLKM,RG,4230,68,D,BQ,CC,D
13:36:12,TLKM,RG,4230,8,D,BQ,PD,D
13:36:12,TLKM,RG,4230,12,D,BQ,SQ,D
13:36:12,TLKM,RG,4230,12,D,BQ,DR,D
13:36:08,TLKM,RG,4220,2,F,BK,XL,D
13:35:56,TLKM,RG,4230,10,D,XC,DR,D
13:35:56,TLKM,RG,4230,1,D,XC,DR,D
13:35:43,TLKM,RG,4220,2,F,BK,PD,D
13:35:05,TLKM,RG,4230,8,D,PD,DR,D
13:35:05,TLKM,RG,4230,3,D,PD,NI,D
13:35:05,TLKM,RG,4230,34,D,PD,HP,D
13:35:05,TLKM,RG,4230,5,D,PD,HP,D
13:35:05,TLKM,RG,4230,1,D,PD,YP,D
13:35:05,TLKM,RG,4230,1,D,PD,SQ,D
13:35:05,TLKM,RG,4230,3,D,PD,ZP,F
13:35:05,TLKM,RG,4230,1,D,PD,XC,D
13:35:05,TLKM,RG,4230,39,D,PD,BK,F
13:35:05,TLKM,RG,4230,6,D,PD,CC,D
13:35:05,TLKM,RG,4230,5,D,PD,YP,D
13:35:05,TLKM,RG,4230,2,D,PD,ZP,F
13:35:05,TLKM,RG,4230,10,D,PD,EP,D
13:35:05,TLKM,RG,4230,8,D,PD,XC,D
13:35:05,TLKM,RG,4230,2,D,PD,CC,D
13:35:05,TLKM,RG,4230,97,D,PD,ZP,F
13:35:05,TLKM,RG,4230,89,D,PD,CS,F
13:35:05,TLKM,RG,4230,2,D,PD,ZP,F
13:35:05,TLKM,RG,4230,22,D,PD,ZP,F
13:35:05,TLKM,RG,4230,1,D,PD,YP,D
13:35:05,TLKM,RG,4230,1,D,PD,XC,D
13:35:05,TLKM,RG,4230,26,D,PD,DX,F
13:35:05,TLKM,RG,4230,43,D,PD,ZP,F
13:35:05,TLKM,RG,4230,1,D,PD,IP,D
13:35:05,TLKM,RG,4230,2,D,PD,ZP,F
13:35:05,TLKM,RG,4230,3,D,PD,ZP,F
13:35:05,TLKM,RG,4230,24,D,PD,ZP,F
13:35:05,TLKM,RG,4230,2,D,PD,ZP,F
13:35:05,TLKM,RG,4230,34,D,PD,BK,F
13:35:05,TLKM,RG,4230,37,D,PD,BK,F
13:35:05,TLKM,RG,4230,23,D,PD,CS,F
13:35:05,TLKM,RG,4230,38,D,PD,BK,F
13:35:05,TLKM,RG,4230,24,D,PD,ZP,F
13:35:05,TLKM,RG,4230,104,D,PD,ZP,F
13:34:46,TLKM,RG,4230,5,D,GR,ZP,F
13:34:40,TLKM,RG,4230,1,D,NI,ZP,F
13:33:17,TLKM,RG,4230,1,D,PD,ZP,F
13:33:12,TLKM,RG,4220,2,F,BK,PD,D
13:32:46,TLKM,RG,4230,20,D,BQ,ZP,F
13:32:43,TLKM,RG,4230,119,D,BQ,ZP,F
13:32:43,TLKM,RG,4230,31,D,BQ,ZP,F
13:32:40,TLKM,RG,4230,100,D,BQ,ZP,F
13:32:38,TLKM,RG,4220,32,F,BK,RF,D
13:32:34,TLKM,RG,4220,22,F,BK,DX,F
13:31:52,TLKM,RG,4220,24,F,BK,DX,F
13:31:40,TLKM,RG,4220,1,F,BK,XC,D
13:31:21,TLKM,RG,4220,5,F,BK,YU,F
13:30:49,TLKM,RG,4220,3,F,BK,XL,D
13:30:45,TLKM,RG,4230,4,D,XL,ZP,F
13:30:38,TLKM,RG,4220,1,F,BK,XL,D
13:30:36,TLKM,RG,4230,372,D,PD,ZP,F
13:30:36,TLKM,RG,4230,23,D,PD,ZP,F
13:30:36,TLKM,RG,4230,98,D,PD,PD,D
13:30:36,TLKM,RG,4230,207,D,PD,CC,D
13:30:36,TLKM,RG,4220,2,F,BK,XL,D
13:30:30,TLKM,RG,4220,5,F,BK,XL,D
13:30:28,TLKM,RG,4230,44,F,KZ,CC,D
13:30:28,TLKM,RG,4230,1,F,KZ,XC,D
13:30:28,TLKM,RG,4230,20,F,KZ,PD,D
13:30:28,TLKM,RG,4230,10,F,KZ,ZP,F
13:30:28,TLKM,RG,4230,1,D,XL,ZP,F
13:30:21,TLKM,RG,4230,2,F,BK,ZP,F
13:30:21,TLKM,RG,4230,10,F,BK,PD,D
13:30:21,TLKM,RG,4230,13,F,BK,PD,D
13:30:21,TLKM,RG,4230,20,F,BK,CC,D
13:30:21,TLKM,RG,4230,18,F,BK,EP,D
13:30:19,TLKM,RG,4220,488,F,BK,AK,F
13:30:19,TLKM,RG,4220,212,F,BK,AK,F
13:30:19,TLKM,RG,4230,50,F,KZ,EP,D
13:30:17,TLKM,RG,4230,2,D,XL,EP,D
13:30:14,TLKM,RG,4230,62,F,KZ,EP,D
13:30:12,TLKM,RG,4230,42,F,KZ,EP,D
13:30:12,TLKM,RG,4230,1,F,KZ,PD,D
13:30:12,TLKM,RG,4230,5,F,KZ,OD,D
13:30:12,TLKM,RG,4230,1,F,KZ,SQ,D
13:30:12,TLKM,RG,4230,1,F,KZ,PD,D
13:30:12,TLKM,RG,4230,1,F,KZ,XC,D
13:30:12,TLKM,RG,4230,2,F,KZ,XC,D
13:30:12,TLKM,RG,4230,1,F,KZ,NI,D
13:30:12,TLKM,RG,4230,3,F,KZ,XL,D
13:30:12,TLKM,RG,4230,7,F,KZ,YP,D
13:30:12,TLKM,RG,4230,1,F,KZ,XC,D
13:30:12,TLKM,RG,4230,15,F,KZ,DR,D
13:30:12,TLKM,RG,4230,1,F,KZ,PD,D
13:30:12,TLKM,RG,4230,20,F,KZ,RO,D
13:30:12,TLKM,RG,4230,5,F,KZ,CC,D
13:30:12,TLKM,RG,4230,20,F,KZ,PD,D
13:30:12,TLKM,RG,4230,10,F,KZ,XC,D
13:30:12,TLKM,RG,4230,4,F,KZ,HP,D
13:30:12,TLKM,RG,4230,9,F,KZ,NI,D
13:30:12,TLKM,RG,4230,1,F,KZ,NI,D
13:30:12,TLKM,RG,4230,5,F,KZ,YP,D
13:30:12,TLKM,RG,4230,71,F,KZ,RX,F
13:30:10,TLKM,RG,4220,1,F,BK,YP,D
13:30:10,TLKM,RG,4220,4,F,BK,YP,D
13:30:09,TLKM,RG,4220,387,F,BK,AK,F
13:30:06,TLKM,RG,4220,10,F,BK,AK,F
13:30:06,TLKM,RG,4230,20,D,XL,RX,F
13:30:06,TLKM,RG,4220,5,F,BK,AK,F
13:30:06,TLKM,RG,4220,20,F,BK,CC,D
13:30:05,TLKM,RG,4220,1,F,BK,XC,D
13:30:05,TLKM,RG,4220,20,F,BK,CC,D
13:30:05,TLKM,RG,4220,2,F,BK,XC,D
13:30:05,TLKM,RG,4220,3,F,BK,XC,D
13:30:05,TLKM,RG,4230,1,D,CC,RX,F
13:30:05,TLKM,RG,4220,1,F,BK,XC,D
13:30:05,TLKM,RG,4220,7,F,BK,XC,D
13:30:05,TLKM,RG,4220,1,F,BK,XC,D
13:30:05,TLKM,RG,4220,4,F,BK,XC,D
13:30:04,TLKM,RG,4220,1,F,BK,XC,D
13:30:04,TLKM,RG,4220,2,F,BK,XC,D
13:30:04,TLKM,RG,4220,1,F,BK,XC,D
13:30:04,TLKM,RG,4220,6,F,BK,XC,D
13:30:04,TLKM,RG,4220,1,F,BK,XC,D
13:30:04,TLKM,RG,4220,1,F,BK,XC,D
13:30:04,TLKM,RG,4220,19,F,BK,XC,D
13:30:04,TLKM,RG,4220,2,F,BK,XC,D
13:30:04,TLKM,RG,4220,1,F,BK,XC,D
13:30:04,TLKM,RG,4220,1,F,BK,XC,D
13:30:04,TLKM,RG,4220,35,F,BK,CC,D
13:30:04,TLKM,RG,4220,1,F,BK,XC,D
13:30:04,TLKM,RG,4220,45,F,BK,XC,D
13:30:04,TLKM,RG,4220,95,F,BK,XC,D
13:30:04,TLKM,RG,4230,185,F,AK,RX,F
13:30:03,TLKM,RG,4220,2,F,BK,CC,D
13:30:03,TLKM,RG,4220,6,F,BK,CC,D
13:30:03,TLKM,RG,4220,1,F,BK,EP,D
13:30:03,TLKM,RG,4220,30,F,BK,EP,D
13:30:03,TLKM,RG,4220,3,F,BK,AK,F
13:30:03,TLKM,RG,4220,2,F,BK,KK,D
13:30:03,TLKM,RG,4220,35,F,BK,DX,F
13:30:03,TLKM,RG,4220,34,F,BK,AK,F
13:30:02,TLKM,RG,4220,25,F,BK,AI,D
13:30:02,TLKM,RG,4220,5,F,BK,YP,F
13:30:02,TLKM,RG,4220,1,F,BK,AK,F
13:30:02,TLKM,RG,4220,1,F,BK,AK,F
13:30:02,TLKM,RG,4220,31,F,BK,PD,D
13:30:02,TLKM,RG,4230,35,D,PD,RX,F
13:30:02,TLKM,RG,4220,16,F,BK,YP,D
13:30:01,TLKM,RG,4220,4,F,BK,PD,D
13:30:01,TLKM,RG,4230,4,D,PD,RX,F
13:30:01,TLKM,RG,4220,2,F,BK,PD,D
13:30:01,TLKM,RG,4220,2,F,BK,PD,D
13:30:01,TLKM,RG,4230,1,D,PD,RX,F
13:30:01,TLKM,RG,4220,14,F,BK,PD,D
13:30:01,TLKM,RG,4220,2,F,BK,PD,D
13:30:01,TLKM,RG,4230,1,D,PD,RX,F
13:30:01,TLKM,RG,4220,2,F,BK,PD,D
13:30:01,TLKM,RG,4220,1,F,BK,PD,D
13:30:01,TLKM,RG,4220,2,F,BK,PD,D
13:30:01,TLKM,RG,4220,25,F,BK,PD,D
13:30:01,TLKM,RG,4220,3,F,BK,PD,D
13:30:01,TLKM,RG,4230,1,D,PD,RX,F
13:30:01,TLKM,RG,4230,1,D,PD,RX,F
13:30:01,TLKM,RG,4230,1,D,PD,RX,F
13:30:01,TLKM,RG,4230,6,D,PD,RX,F
13:30:01,TLKM,RG,4220,1,F,BK,PD,D
13:30:01,TLKM,RG,4220,7,F,BK,PD,D
13:30:01,TLKM,RG,4220,3,F,BK,PD,D
13:30:01,TLKM,RG,4220,1,F,BK,PD,D
13:30:01,TLKM,RG,4220,8,F,BK,PD,D
13:30:01,TLKM,RG,4230,1,D,PD,RX,F
13:30:01,TLKM,RG,4230,1,D,PD,RX,F
13:30:01,TLKM,RG,4220,2,F,BK,PD,D
13:30:01,TLKM,RG,4220,2,F,BK,PD,D
13:30:01,TLKM,RG,4220,6,F,BK,PD,D
13:30:01,TLKM,RG,4220,1,F,BK,PD,D
13:30:01,TLKM,RG,4230,2,D,PD,RX,F
13:30:01,TLKM,RG,4230,157,D,CC,RX,F
13:30:01,TLKM,RG,4220,4,F,BK,PD,D
13:30:01,TLKM,RG,4220,19,F,BK,SQ,D
13:30:01,TLKM,RG,4220,2,F,BK,PD,D
13:30:01,TLKM,RG,4230,1,D,EP,RX,F
13:30:01,TLKM,RG,4220,5,F,BK,EP,D
13:30:01,TLKM,RG,4230,1,D,GR,RX,F
13:30:01,TLKM,RG,4220,5,F,BK,PC,D
11:29:57,TLKM,RG,4220,1,F,BK,XC,D
11:29:57,TLKM,RG,4230,2,F,AK,RX,F
11:29:57,TLKM,RG,4230,1,F,AK,RX,F
11:29:57,TLKM,RG,4230,1,F,AK,RX,F
11:29:57,TLKM,RG,4230,1,F,AK,RX,F
11:29:56,TLKM,RG,4220,41,F,BK,BK,F
11:29:52,TLKM,RG,4230,41,F,BK,RX,F
11:29:50,TLKM,RG,4220,1,F,BK,YU,F
11:29:49,TLKM,RG,4220,1,F,BK,YU,F
11:29:48,TLKM,RG,4230,60,F,BK,RX,F
11:29:45,TLKM,RG,4220,1,F,BK,AK,F
11:29:42,TLKM,RG,4230,65,F,BK,RX,F
11:29:39,TLKM,RG,4220,16,F,BK,AK,F
11:29:39,TLKM,RG,4220,2,F,BK,AK,F
11:29:39,TLKM,RG,4220,2,F,BK,AK,F
11:29:38,TLKM,RG,4220,41,F,BK,BK,F
11:29:37,TLKM,RG,4230,73,F,BK,RX,F
11:29:37,TLKM,RG,4230,94,F,BK,RX,F
11:29:36,TLKM,RG,4220,12,F,BK,BK,F
11:29:36,TLKM,RG,4220,27,F,CC,BK,F
