Time,Stock,Brd,Price,Qty,BT,BC,SC,ST
15:14:45,TLKM,RG,4110,4,F,DX,XC,D
15:14:38,TLKM,RG,4110,10,F,DX,XC,D
15:14:34,TLKM,RG,4110,3,F,DX,XC,D
15:14:31,TLKM,RG,4110,10,F,DX,XC,D
15:14:21,TLKM,RG,4110,1,F,DX,YP,D
15:14:12,TLKM,RG,4110,100,F,DX,SH,D
15:14:06,TLKM,RG,4110,1,F,DX,XC,D
15:14:00,TLKM,RG,4110,2,F,DX,CC,D
15:13:55,TLKM,RG,4110,1,F,DX,XC,D
15:13:49,TLKM,RG,4110,10,F,DX,YP,D
15:13:38,TLKM,RG,4110,2500,F,DX,NI,D
15:13:20,TLKM,RG,4110,10,F,DX,NI,D
15:13:17,TLKM,RG,4110,1,F,DX,PD,D
15:13:16,TLKM,RG,4110,25,F,DX,PD,D
15:13:10,TLKM,RG,4110,1,F,DX,CC,D
15:13:07,TLKM,RG,4110,13,F,DX,SQ,D
15:12:51,TLKM,RG,4110,5,F,DX,NI,D
15:12:50,TLKM,RG,4110,2,F,DX,CC,D
15:12:49,TLKM,RG,4110,20,F,DX,XC,D
15:12:34,TLKM,RG,4110,217,F,DX,XC,D
15:12:29,TLKM,RG,4110,5,F,DX,CC,D
15:12:27,TLKM,RG,4110,19,F,DX,YP,D
15:12:21,TLKM,RG,4110,1,F,DX,CC,D
15:11:56,TLKM,RG,4110,50,F,DX,IF,D
15:11:54,TLKM,RG,4110,60,F,DX,GR,D
15:11:54,TLKM,RG,4110,1,F,DX,PD,D
15:11:50,TLKM,RG,4110,13,F,DX,XC,D
15:11:36,TLKM,RG,4110,5,F,DX,PD,D
15:11:31,TLKM,RG,4110,5,F,DX,CC,D
15:11:25,TLKM,RG,4110,2,F,DX,XC,D
15:11:22,TLKM,RG,4110,2,F,DX,YP,D
15:10:57,TLKM,RG,4110,2,F,DX,YP,D
15:10:55,TLKM,RG,4110,15,F,DX,GR,D
15:10:53,TLKM,RG,4110,20,F,DX,GR,D
15:10:47,TLKM,RG,4110,10,F,DX,KK,D
15:10:42,TLKM,RG,4110,10,F,DX,YP,D
15:10:37,TLKM,RG,4110,57,F,DX,CC,D
15:10:36,TLKM,RG,4110,2,F,DX,XC,D
15:10:34,TLKM,RG,4110,5,F,DX,YP,D
15:10:18,TLKM,RG,4110,1,F,DX,XC,D
15:10:12,TLKM,RG,4110,5,F,DX,CC,D
15:10:06,TLKM,RG,4110,3,F,DX,XC,D
15:09:45,TLKM,RG,4110,10,F,DX,XC,D
15:09:43,TLKM,RG,4110,5,F,DX,NI,D
15:09:41,TLKM,RG,4110,170,F,DX,CP,D
15:09:34,TLKM,RG,4110,2,F,DX,XC,D
15:09:07,TLKM,RG,4110,2,F,DX,XC,D
15:09:03,TLKM,RG,4110,18,F,DX,PD,D
15:09:03,TLKM,RG,4110,10,F,DX,CC,D
15:08:47,TLKM,RG,4110,2,F,DX,EP,D
15:08:32,TLKM,RG,4110,30,F,DX,CC,D
15:08:30,TLKM,RG,4110,5,F,DX,EP,D
15:08:28,TLKM,RG,4110,10,F,DX,YP,D
15:08:23,TLKM,RG,4110,50,F,DX,MU,D
15:08:20,TLKM,RG,4110,43,F,DX,XC,D
15:08:11,TLKM,RG,4110,5,F,DX,XC,D
15:08:04,TLKM,RG,4110,19,F,DX,PD,D
15:08:00,TLKM,RG,4110,200,F,DX,LG,D
15:07:54,TLKM,RG,4110,4,F,DX,NI,D
15:07:51,TLKM,RG,4110,1,F,DX,OD,D
15:07:48,TLKM,RG,4110,50,F,DX,AG,D
15:07:40,TLKM,RG,4110,10,F,DX,KK,D
15:07:38,TLKM,RG,4110,15,F,DX,CC,D
15:07:22,TLKM,RG,4110,6,F,DX,PD,D
15:07:16,TLKM,RG,4110,7,F,DX,XC,D
15:07:15,TLKM,RG,4110,64,F,DX,BQ,D
15:07:13,TLKM,RG,4110,100,F,DX,CC,D
15:07:04,TLKM,RG,4110,5,F,DX,YP,D
15:06:50,TLKM,RG,4110,1,F,DX,XC,D
15:06:42,TLKM,RG,4110,5,F,DX,XC,D
15:06:39,TLKM,RG,4110,2617,F,DX,YP,D
15:06:28,TLKM,RG,4110,1,F,DX,PD,D
15:06:22,TLKM,RG,4110,6,F,DX,XC,D
15:06:21,TLKM,RG,4110,10,F,DX,CC,D
15:06:17,TLKM,RG,4110,37,F,DX,XC,D
15:06:14,TLKM,RG,4110,1,F,DX,YP,D
15:05:58,TLKM,RG,4110,50,F,DX,YP,D
15:05:53,TLKM,RG,4110,1,F,DX,DH,D
15:05:50,TLKM,RG,4110,2,F,DX,YP,D
15:05:47,TLKM,RG,4110,9,F,DX,EP,D
15:05:39,TLKM,RG,4110,10,F,DX,PD,D
15:05:32,TLKM,RG,4110,1000,F,DX,DR,D
15:05:24,TLKM,RG,4110,1,F,DX,CD,D
15:05:24,TLKM,RG,4110,300,F,DX,OD,D
15:05:24,TLKM,RG,4110,1,F,DX,XC,D
15:05:21,TLKM,RG,4110,10,F,DX,YP,D
15:05:21,TLKM,RG,4110,5,F,DX,PD,D
15:05:08,TLKM,RG,4110,1,F,DX,XC,D
15:05:07,TLKM,RG,4110,10,F,DX,XC,D
15:05:05,TLKM,RG,4110,2,F,DX,XC,D
15:04:51,TLKM,RG,4110,24,F,DX,PD,D
15:04:47,TLKM,RG,4110,7,F,DX,EP,D
15:04:47,TLKM,RG,4110,10,F,DX,SQ,D
15:04:47,TLKM,RG,4110,25,F,DX,CC,D
15:04:44,TLKM,RG,4110,11,F,DX,XC,D
15:04:37,TLKM,RG,4110,3,F,DX,XC,D
15:04:29,TLKM,RG,4110,2,F,DX,XC,D
15:04:27,TLKM,RG,4110,8,F,DX,XC,D
15:04:25,TLKM,RG,4110,4,F,DX,GR,D
15:04:18,TLKM,RG,4110,100,F,DX,LG,D
15:04:18,TLKM,RG,4110,1,F,DX,XC,D
15:04:18,TLKM,RG,4110,1,F,DX,XC,D
15:04:18,TLKM,RG,4110,1,F,DX,KK,D
15:04:18,TLKM,RG,4110,15,F,DX,XC,D
15:04:18,TLKM,RG,4110,1,F,DX,PD,D
15:04:18,TLKM,RG,4110,13,F,DX,KK,D
15:04:18,TLKM,RG,4110,15,F,DX,CC,D
15:04:18,TLKM,RG,4110,10,F,DX,KK,D
15:04:18,TLKM,RG,4110,7,F,DX,YP,D
15:04:18,TLKM,RG,4110,5,F,DX,YP,D
15:04:18,TLKM,RG,4110,3,F,DX,XC,D
15:04:18,TLKM,RG,4110,5,F,DX,YP,D
15:04:18,TLKM,RG,4110,1,F,DX,NI,D
15:04:18,TLKM,RG,4110,10,F,DX,DH,D
15:04:18,TLKM,RG,4110,10,F,DX,KK,D
15:04:18,TLKM,RG,4110,500,F,DX,ZP,D
15:04:18,TLKM,RG,4110,5,F,DX,MG,D
15:04:18,TLKM,RG,4110,83,F,DX,EP,D
15:04:18,TLKM,RG,4110,77,F,DX,KK,D
15:04:18,TLKM,RG,4110,250,F,DX,SQ,D
15:04:18,TLKM,RG,4110,50,F,DX,DH,D
15:04:18,TLKM,RG,4110,1,F,DX,XC,D
15:04:18,TLKM,RG,4110,20,F,DX,SQ,D
15:04:18,TLKM,RG,4110,1,F,DX,YB,D
15:04:18,TLKM,RG,4110,19,F,DX,XC,D
15:04:18,TLKM,RG,4110,140,F,DX,YP,D
15:04:18,TLKM,RG,4110,4,F,DX,AT,D
15:04:18,TLKM,RG,4110,24,F,DX,CC,D
15:04:18,TLKM,RG,4110,300,F,DX,BS,D
15:04:18,TLKM,RG,4110,2,F,DX,NI,D
15:04:18,TLKM,RG,4110,2,F,DX,AZ,D
15:04:18,TLKM,RG,4110,60,F,DX,YP,D
15:04:18,TLKM,RG,4110,50,F,DX,OD,D
15:04:18,TLKM,RG,4110,3,F,DX,PD,D
15:04:18,TLKM,RG,4110,11,F,DX,XC,D
15:04:18,TLKM,RG,4110,1,F,DX,CP,D
15:04:18,TLKM,RG,4110,1,F,DX,PD,D
15:04:18,TLKM,RG,4110,3,F,DX,BQ,D
15:04:18,TLKM,RG,4110,10,F,DX,XC,D
15:04:18,TLKM,RG,4110,88,F,DX,YU,D
15:04:18,TLKM,RG,4110,50,F,DX,XC,D
15:04:18,TLKM,RG,4110,13,F,DX,NI,D
15:04:18,TLKM,RG,4110,2,F,DX,PD,D
15:04:18,TLKM,RG,4110,3000,F,DX,ZP,D
15:04:18,TLKM,RG,4110,5,F,DX,YP,D
15:04:18,TLKM,RG,4110,7,F,DX,NI,D
15:04:18,TLKM,RG,4110,2,F,DX,XC,D
15:04:18,TLKM,RG,4110,1,F,DX,GR,D
15:04:18,TLKM,RG,4110,1000,F,DX,ZP,D
15:04:18,TLKM,RG,4110,3,F,DX,PD,D
15:04:18,TLKM,RG,4110,7,F,DX,NI,D
15:04:18,TLKM,RG,4110,2,F,DX,PD,D
15:04:18,TLKM,RG,4110,1000,F,DX,YP,D
15:04:18,TLKM,RG,4110,20,F,DX,KK,D
15:04:18,TLKM,RG,4110,1,F,DX,PD,D
15:04:18,TLKM,RG,4110,40,F,DX,SQ,D
15:04:18,TLKM,RG,4110,1,F,DX,XC,D
15:04:18,TLKM,RG,4110,10,F,DX,PD,D
15:04:18,TLKM,RG,4110,25,F,DX,YB,D
15:04:18,TLKM,RG,4110,25,F,DX,YP,D
15:04:18,TLKM,RG,4110,733,F,DX,CS,F
15:04:18,TLKM,RG,4110,353,F,DX,CS,F
15:04:08,TLKM,RG,4110,70,D,SQ,CS,F
15:03:57,TLKM,RG,4110,1,D,XC,CS,F
15:03:32,TLKM,RG,4110,1,D,XC,CS,F
15:03:14,TLKM,RG,4110,200,D,NI,CS,F
15:03:12,TLKM,RG,4110,1,D,CC,CS,F
15:03:10,TLKM,RG,4110,10,D,GR,CS,F
15:03:02,TLKM,RG,4110,1,D,XC,CS,F
15:02:47,TLKM,RG,4110,1,D,LG,CS,F
15:02:46,TLKM,RG,4110,6,D,XC,CS,F
15:02:41,TLKM,RG,4110,1,D,LG,CS,F
15:02:37,TLKM,RG,4110,1,D,LG,CS,F
15:02:36,TLKM,RG,4110,1,D,LG,CS,F
15:02:35,TLKM,RG,4110,1,D,OD,CS,F
15:02:34,TLKM,RG,4110,1,F,LG,CS,F
15:02:28,TLKM,RG,4110,1,D,LG,CS,F
15:02:19,TLKM,RG,4110,2,D,XC,CS,F
15:02:18,TLKM,RG,4110,12,D,NI,CS,F
15:02:18,TLKM,RG,4110,35,D,CC,CS,F
15:02:16,TLKM,RG,4110,1732,F,LG,CS,F
15:02:16,TLKM,RG,4110,2431,F,LG,CS,F
15:02:16,TLKM,RG,4110,1064,F,LG,CS,F
15:02:16,TLKM,RG,4110,1367,D,LG,CS,F
15:02:16,TLKM,RG,4110,1245,D,LG,CS,F
15:02:16,TLKM,RG,4110,117,D,LG,CS,F
15:02:16,TLKM,RG,4110,459,D,LG,CS,F
15:02:16,TLKM,RG,4110,74,D,LG,CS,F
15:02:16,TLKM,RG,4110,415,D,LG,CS,F
15:02:16,TLKM,RG,4110,121,D,LG,CS,F
15:02:16,TLKM,RG,4110,5,D,LG,YP,D
15:02:16,TLKM,RG,4110,13,D,LG,CC,D
15:02:16,TLKM,RG,4110,56,D,LG,OD,D
15:02:16,TLKM,RG,4110,20,D,LG,CC,D
15:02:16,TLKM,RG,4110,10,D,LG,OD,D
15:02:16,TLKM,RG,4110,5,D,LG,XC,D
15:02:16,TLKM,RG,4110,10,D,LG,DH,D
15:02:16,TLKM,RG,4110,73,D,LG,RX,F
15:02:16,TLKM,RG,4110,339,D,LG,RX,F
15:02:16,TLKM,RG,4110,634,D,LG,RX,F
15:02:16,TLKM,RG,4110,54,D,LG,RX,F
15:02:16,TLKM,RG,4110,18,D,LG,RX,F
15:02:16,TLKM,RG,4110,390,D,LG,RX,F
15:02:16,TLKM,RG,4110,572,D,LG,RX,F
15:02:16,TLKM,RG,4110,420,D,LG,RX,F
15:02:16,TLKM,RG,4110,5,D,LG,PD,D
15:02:16,TLKM,RG,4110,5,D,LG,YP,D
15:02:16,TLKM,RG,4110,47,D,LG,XC,D
15:02:16,TLKM,RG,4110,750,D,LG,KK,D
15:02:16,TLKM,RG,4110,10,D,LG,PD,D
15:02:16,TLKM,RG,4110,30,D,LG,PD,D
15:02:16,TLKM,RG,4110,5,D,LG,CC,D
15:02:16,TLKM,RG,4110,25,D,LG,ZP,D
15:02:16,TLKM,RG,4110,9,D,LG,PD,D
15:02:16,TLKM,RG,4110,20,D,LG,SQ,D
15:02:16,TLKM,RG,4110,600,D,LG,YP,D
15:02:16,TLKM,RG,4110,40,D,LG,CC,D
15:02:16,TLKM,RG,4110,20,D,LG,YP,D
15:02:16,TLKM,RG,4110,1,D,LG,PD,D
15:02:16,TLKM,RG,4110,200,D,LG,LG,D
15:02:16,TLKM,RG,4110,11,D,LG,TP,D
15:02:16,TLKM,RG,4110,1,D,LG,PD,D
15:02:16,TLKM,RG,4110,29,D,LG,PD,D
15:02:16,TLKM,RG,4110,5,D,LG,CC,D
15:02:16,TLKM,RG,4110,30,D,LG,KK,D
15:02:16,TLKM,RG,4110,28,D,LG,PD,D
15:02:16,TLKM,RG,4110,5,D,LG,PD,D
15:02:16,TLKM,RG,4110,27,D,LG,TP,D
15:02:16,TLKM,RG,4110,1,D,LG,YU,D
15:02:16,TLKM,RG,4110,500,D,LG,YP,D
15:02:16,TLKM,RG,4110,30,D,LG,YP,D
15:02:16,TLKM,RG,4110,10,D,LG,PC,D
15:02:16,TLKM,RG,4110,1000,D,LG,CC,D
15:02:16,TLKM,RG,4110,1,D,LG,XL,D
15:02:16,TLKM,RG,4110,200,D,LG,NI,D
15:02:16,TLKM,RG,4110,3,D,LG,PD,D
15:02:16,TLKM,RG,4110,3,D,LG,KK,D
15:02:16,TLKM,RG,4110,10,D,LG,CC,D
15:02:16,TLKM,RG,4110,2,D,LG,EP,D
15:02:16,TLKM,RG,4110,15,D,LG,CP,D
15:02:16,TLKM,RG,4110,2,D,LG,DR,D
15:02:16,TLKM,RG,4110,1,D,LG,YP,D
15:02:16,TLKM,RG,4110,7,D,LG,XC,D
15:02:16,TLKM,RG,4110,8,D,LG,CC,D
15:02:16,TLKM,RG,4110,14,D,LG,GR,D
15:02:16,TLKM,RG,4110,2,D,LG,XC,D
15:02:16,TLKM,RG,4110,20,D,LG,SQ,D
15:02:16,TLKM,RG,4110,200,D,LG,PD,D
15:02:16,TLKM,RG,4110,2115,D,LG,AZ,D
15:02:16,TLKM,RG,4110,331,D,LG,AZ,D
15:02:15,TLKM,RG,4110,10,D,YB,AZ,D
15:02:00,TLKM,RG,4110,2,D,CP,AZ,D
15:01:58,TLKM,RG,4110,2100,D,LG,AZ,D
15:01:24,TLKM,RG,4110,24,D,RO,AZ,D
15:01:24,TLKM,RG,4110,2,D,CC,AZ,D
15:01:24,TLKM,RG,4110,21,F,RX,AZ,D
15:01:21,TLKM,RG,4110,6,D,XC,AZ,D
15:00:00,TLKM,RG,4110,12,D,YP,AZ,D
15:00:00,TLKM,RG,4110,2,D,CC,AZ,D
15:00:00,TLKM,RG,4110,6,D,XC,AZ,D
15:00:00,TLKM,RG,4110,3,D,YP,AZ,D
15:00:00,TLKM,RG,4110,147,D,YP,AZ,D
15:00:00,TLKM,RG,4110,1,D,YU,AZ,D
15:00:00,TLKM,RG,4110,3,F,ZP,AZ,D
15:00:00,TLKM,RG,4110,215,F,AK,AZ,D
15:00:00,TLKM,RG,4110,1,F,AK,NI,D
15:00:00,TLKM,RG,4110,2,F,AK,PD,D
15:00:00,TLKM,RG,4110,100,F,AK,PD,D
15:00:00,TLKM,RG,4110,20,F,AK,TP,D
15:00:00,TLKM,RG,4110,3,F,AK,GR,D
15:00:00,TLKM,RG,4110,2,F,AK,CC,D
15:00:00,TLKM,RG,4110,26,F,AK,CC,D
15:00:00,TLKM,RG,4110,24,F,ZP,CC,D
15:00:00,TLKM,RG,4110,5,F,ZP,GR,D
15:00:00,TLKM,RG,4110,3,F,ZP,XC,D
15:00:00,TLKM,RG,4110,100,F,ZP,LG,D
15:00:00,TLKM,RG,4110,200,F,ZP,ID,D
15:00:00,TLKM,RG,4110,79,F,ZP,XC,D
15:00:00,TLKM,RG,4110,50,F,ZP,PD,D
15:00:00,TLKM,RG,4110,60,F,ZP,SQ,D
15:00:00,TLKM,RG,4110,5,F,ZP,XL,D
15:00:00,TLKM,RG,4110,5,F,ZP,CC,D
15:00:00,TLKM,RG,4110,4,F,ZP,CC,D
15:00:00,TLKM,RG,4110,5,F,ZP,XC,D
15:00:00,TLKM,RG,4110,11,F,ZP,YP,D
15:00:00,TLKM,RG,4110,14,F,ZP,KK,D
15:00:00,TLKM,RG,4110,30,F,ZP,PD,D
15:00:00,TLKM,RG,4110,20,F,ZP,YP,D
15:00:00,TLKM,RG,4110,10,F,ZP,PD,D
15:00:00,TLKM,RG,4110,3,F,ZP,GR,D
15:00:00,TLKM,RG,4110,25,F,ZP,IF,D
15:00:00,TLKM,RG,4110,100,F,ZP,ZP,D
15:00:00,TLKM,RG,4110,2,F,ZP,XC,D
15:00:00,TLKM,RG,4110,5,F,ZP,XC,D
15:00:00,TLKM,RG,4110,1,F,ZP,DH,D
15:00:00,TLKM,RG,4110,1,F,ZP,AZ,D
15:00:00,TLKM,RG,4110,5,F,ZP,GR,D
15:00:00,TLKM,RG,4110,1,F,ZP,YP,D
15:00:00,TLKM,RG,4110,5,F,ZP,NI,D
15:00:00,TLKM,RG,4110,25,F,ZP,YP,D
15:00:00,TLKM,RG,4110,4,F,ZP,PD,D
15:00:00,TLKM,RG,4110,30,F,ZP,SQ,D
15:00:00,TLKM,RG,4110,736,F,ZP,CS,F
15:00:00,TLKM,RG,4110,56,F,ZP,CS,F
15:00:00,TLKM,RG,4110,43,F,ZP,CS,F
15:00:00,TLKM,RG,4110,103,F,ZP,CS,F
15:00:00,TLKM,RG,4110,2235,F,DX,CS,F
15:00:00,TLKM,RG,4110,2437,F,DX,CS,F
15:00:00,TLKM,RG,4110,2437,F,DX,CS,F
15:00:00,TLKM,RG,4110,1360,F,DX,CS,F
15:00:00,TLKM,RG,4110,1077,F,DX,CS,F
15:00:00,TLKM,RG,4110,10,F,DX,CC,D
15:00:00,TLKM,RG,4110,5,F,DX,YP,D
15:00:00,TLKM,RG,4110,5,F,DX,DR,D
15:00:00,TLKM,RG,4110,100,F,DX,OK,D
15:00:00,TLKM,RG,4110,1,F,DX,YP,D
15:00:00,TLKM,RG,4110,50,F,DX,OD,D
15:00:00,TLKM,RG,4110,4,F,DX,XC,D
15:00:00,TLKM,RG,4110,10,F,DX,CC,D
15:00:00,TLKM,RG,4110,10,F,DX,XC,D
15:00:00,TLKM,RG,4110,1,F,DX,CC,D
15:00:00,TLKM,RG,4110,10,F,DX,AI,D
15:00:00,TLKM,RG,4110,8,F,DX,XL,D
15:00:00,TLKM,RG,4110,10,F,DX,PD,D
15:00:00,TLKM,RG,4110,1,F,DX,KK,D
15:00:00,TLKM,RG,4110,100,F,DX,NI,D
15:00:00,TLKM,RG,4110,100,F,DX,YP,D
15:00:00,TLKM,RG,4110,4,F,DX,CC,D
15:00:00,TLKM,RG,4110,1,F,DX,XC,D
15:00:00,TLKM,RG,4110,44,F,DX,XC,D
15:00:00,TLKM,RG,4110,200,F,DX,PD,D
15:00:00,TLKM,RG,4110,2,F,DX,CC,D
15:00:00,TLKM,RG,4110,11,F,DX,HP,D
15:00:00,TLKM,RG,4110,3,F,DX,PD,D
15:00:00,TLKM,RG,4110,25,F,DX,PD,D
15:00:00,TLKM,RG,4110,25,F,DX,AG,D
15:00:00,TLKM,RG,4110,2,F,DX,PD,D
15:00:00,TLKM,RG,4110,40,F,DX,YP,D
15:00:00,TLKM,RG,4110,20,F,DX,XC,D
15:00:00,TLKM,RG,4110,1,F,DX,PD,D
15:00:00,TLKM,RG,4110,10,F,DX,TP,D
15:00:00,TLKM,RG,4110,20,F,DX,YU,D
15:00:00,TLKM,RG,4110,1000,F,DX,AO,D
15:00:00,TLKM,RG,4110,577,F,DX,XL,D
15:00:00,TLKM,RG,4110,50,F,DX,PD,D
15:00:00,TLKM,RG,4110,3,F,DX,YP,D
15:00:00,TLKM,RG,4110,57,F,DX,YP,D
15:00:00,TLKM,RG,4110,3,F,DX,CC,D
15:00:00,TLKM,RG,4110,5,F,DX,PD,D
15:00:00,TLKM,RG,4110,8,F,DX,PD,D
15:00:00,TLKM,RG,4110,10,F,DX,PD,D
15:00:00,TLKM,RG,4110,50,F,DX,SQ,D
15:00:00,TLKM,RG,4110,1,F,DX,EP,D
15:00:00,TLKM,RG,4110,1,F,DX,PD,D
15:00:00,TLKM,RG,4110,27,F,DX,TP,D
15:00:00,TLKM,RG,4110,1,F,DX,YP,D
15:00:00,TLKM,RG,4110,1,F,DX,XC,D
15:00:00,TLKM,RG,4110,1,F,DX,YU,D
15:00:00,TLKM,RG,4110,1,F,DX,NI,D
15:00:00,TLKM,RG,4110,1,F,DX,PD,D
15:00:00,TLKM,RG,4110,5,F,DX,GR,D
15:00:00,TLKM,RG,4110,14,F,DX,XC,D
15:00:00,TLKM,RG,4110,10,F,DX,AZ,D
15:00:00,TLKM,RG,4110,1,F,DX,XC,D
15:00:00,TLKM,RG,4110,13,F,DX,KK,D
15:00:00,TLKM,RG,4110,5,F,DX,GR,D
15:00:00,TLKM,RG,4110,3,F,DX,KK,D
15:00:00,TLKM,RG,4110,1,F,DX,OD,D
15:00:00,TLKM,RG,4110,1,F,DX,XC,D
15:00:00,TLKM,RG,4110,1,F,DX,PD,D
15:00:00,TLKM,RG,4110,8,F,DX,NI,D
15:00:00,TLKM,RG,4110,2,F,DX,AT,D
15:00:00,TLKM,RG,4110,5,F,DX,KK,D
15:00:00,TLKM,RG,4110,1,F,DX,NI,D
15:00:00,TLKM,RG,4110,10,F,DX,YP,D
15:00:00,TLKM,RG,4110,1,F,DX,DX,D
15:00:00,TLKM,RG,4110,5,F,DX,YB,D
15:00:00,TLKM,RG,4110,5,F,DX,CC,D
15:00:00,TLKM,RG,4110,10,F,DX,PD,D
15:00:00,TLKM,RG,4110,2,F,DX,XL,D
15:00:00,TLKM,RG,4110,190,F,DX,YP,D
15:00:00,TLKM,RG,4110,15,F,DX,XL,D
15:00:00,TLKM,RG,4110,2,F,DX,GR,D
15:00:00,TLKM,RG,4110,2,F,DX,XC,D
15:00:00,TLKM,RG,4110,30,F,DX,MG,D
15:00:00,TLKM,RG,4110,82,F,DX,PD,D
15:00:00,TLKM,RG,4110,23,F,DX,YP,D
15:00:00,TLKM,RG,4110,5,F,DX,YP,D
15:00:00,TLKM,RG,4110,10,F,DX,NI,D
15:00:00,TLKM,RG,4110,2,F,DX,EP,D
15:00:00,TLKM,RG,4110,1,F,DX,XC,D
15:00:00,TLKM,RG,4110,8,F,DX,XC,D
15:00:00,TLKM,RG,4110,15,F,DX,CP,D
15:00:00,TLKM,RG,4110,2,F,DX,XL,D
15:00:00,TLKM,RG,4110,2,F,DX,GR,D
15:00:00,TLKM,RG,4110,4,F,DX,XC,D
15:00:00,TLKM,RG,4110,3,F,DX,XA,D
15:00:00,TLKM,RG,4110,3,F,DX,XC,D
15:00:00,TLKM,RG,4110,23,F,DX,NI,D
15:00:00,TLKM,RG,4110,9,F,DX,NI,D
15:00:00,TLKM,RG,4110,2,F,DX,GR,D
15:00:00,TLKM,RG,4110,12,F,DX,XC,D
15:00:00,TLKM,RG,4110,30,F,DX,YP,D
15:00:00,TLKM,RG,4110,9,F,DX,AT,D
15:00:00,TLKM,RG,4110,1,F,DX,PD,D
15:00:00,TLKM,RG,4110,1,F,DX,KK,D
15:00:00,TLKM,RG,4110,2443,F,DX,CS,F
15:00:00,TLKM,RG,4110,1067,F,DX,CS,F
15:00:00,TLKM,RG,4110,1376,F,DX,CS,F
15:00:00,TLKM,RG,4110,2443,F,DX,CS,F
15:00:00,TLKM,RG,4110,2443,F,DX,CS,F
15:00:00,TLKM,RG,4110,2443,F,DX,CS,F
15:00:00,TLKM,RG,4110,2266,F,DX,CS,F
15:00:00,TLKM,RG,4110,177,F,DX,CS,F
15:00:00,TLKM,RG,4110,2443,F,DX,CS,F
15:00:00,TLKM,RG,4110,2443,F,DX,CS,F
15:00:00,TLKM,RG,4110,4,F,DX,XA,D
15:00:00,TLKM,RG,4110,5,F,DX,XC,D
15:00:00,TLKM,RG,4110,1,F,DX,PD,D
15:00:00,TLKM,RG,4110,2,F,DX,XC,D
15:00:00,TLKM,RG,4110,2,F,DX,XC,D
15:00:00,TLKM,RG,4110,5,F,DX,PD,D
15:00:00,TLKM,RG,4110,21,F,DX,XC,D
15:00:00,TLKM,RG,4110,25,F,DX,XC,D
15:00:00,TLKM,RG,4110,10,F,DX,NI,D
15:00:00,TLKM,RG,4110,11,F,DX,XA,D
15:00:00,TLKM,RG,4110,1,F,DX,RO,D
15:00:00,TLKM,RG,4110,3,F,DX,XC,D
15:00:00,TLKM,RG,4110,250,F,DX,SQ,D
15:00:00,TLKM,RG,4110,2,F,DX,AT,D
15:00:00,TLKM,RG,4110,1,F,DX,PD,D
15:00:00,TLKM,RG,4110,1,F,DX,XC,D
15:00:00,TLKM,RG,4110,4,F,DX,XC,D
15:00:00,TLKM,RG,4110,3,F,DX,XC,D
15:00:00,TLKM,RG,4110,25,F,DX,PD,D
15:00:00,TLKM,RG,4110,5,F,DX,CP,D
15:00:00,TLKM,RG,4110,500,F,DX,CC,D
15:00:00,TLKM,RG,4110,40,F,DX,HP,D
15:00:00,TLKM,RG,4110,4,F,DX,XC,D
15:00:00,TLKM,RG,4110,100,F,DX,YU,D
15:00:00,TLKM,RG,4110,3,F,DX,XC,D
15:00:00,TLKM,RG,4110,50,F,DX,OD,D
15:00:00,TLKM,RG,4110,10,F,DX,RO,D
15:00:00,TLKM,RG,4110,1,F,DX,XC,D
15:00:00,TLKM,RG,4110,3454,F,DX,RX,F
15:00:00,TLKM,RG,4110,1546,F,DX,RX,F
15:00:00,TLKM,RG,4110,335,F,DX,AN,D
15:00:00,TLKM,RG,4110,30,F,DX,YJ,D
15:00:00,TLKM,RG,4110,1,F,DX,CC,D
15:00:00,TLKM,RG,4110,2,F,DX,XC,D
15:00:00,TLKM,RG,4110,15,F,DX,YP,D
15:00:00,TLKM,RG,4110,62,F,DX,GR,D
15:00:00,TLKM,RG,4110,10,F,DX,EP,D
15:00:00,TLKM,RG,4110,6,F,DX,XL,D
15:00:00,TLKM,RG,4110,10,F,DX,XL,D
15:00:00,TLKM,RG,4110,2,F,DX,GR,D
15:00:00,TLKM,RG,4110,4,F,DX,EP,D
15:00:00,TLKM,RG,4110,1,F,DX,PD,D
15:00:00,TLKM,RG,4110,3,F,DX,YP,D
15:00:00,TLKM,RG,4110,50,F,DX,LG,D
15:00:00,TLKM,RG,4110,5,F,DX,KK,D
15:00:00,TLKM,RG,4110,13,F,DX,CC,D
15:00:00,TLKM,RG,4110,71,F,DX,XL,D
15:00:00,TLKM,RG,4110,1,F,DX,KK,D
15:00:00,TLKM,RG,4110,2,F,DX,GR,D
15:00:00,TLKM,RG,4110,1,F,DX,LG,D
15:00:00,TLKM,RG,4110,2,F,DX,GR,D
15:00:00,TLKM,RG,4110,2,F,DX,DX,D
15:00:00,TLKM,RG,4110,30,F,DX,YP,D
15:00:00,TLKM,RG,4110,1146,F,DX,CS,F
15:00:00,TLKM,RG,4110,2157,F,DX,CS,F
15:00:00,TLKM,RG,4110,292,F,DX,CS,F
15:00:00,TLKM,RG,4110,2449,F,DX,CS,F
15:00:00,TLKM,RG,4110,2449,F,DX,CS,F
15:00:00,TLKM,RG,4110,35,F,DX,TP,D
15:00:00,TLKM,RG,4110,30,F,DX,TP,D
15:00:00,TLKM,RG,4110,35,F,DX,TP,D
15:00:00,TLKM,RG,4110,325,F,DX,TP,D
15:00:00,TLKM,RG,4110,1,F,DX,BQ,D
15:00:00,TLKM,RG,4110,58,F,DX,BQ,D
15:00:00,TLKM,RG,4110,17,F,DX,XC,D
15:00:00,TLKM,RG,4110,1,F,DX,CC,D
15:00:00,TLKM,RG,4110,1949,F,DX,RX,F
15:00:00,TLKM,RG,4110,3051,F,BK,RX,F
15:00:00,TLKM,RG,4110,100,F,BK,YP,D
15:00:00,TLKM,RG,4110,10,F,BK,CC,D
15:00:00,TLKM,RG,4110,160,F,BK,MU,D
15:00:00,TLKM,RG,4110,2,F,BK,PD,D
15:00:00,TLKM,RG,4110,1020,F,BK,YU,F
15:00:00,TLKM,RG,4110,9,F,BK,AZ,D
15:00:00,TLKM,RG,4110,2292,F,BK,GR,D
15:00:00,TLKM,RG,4110,3948,F,BK,RX,F
15:00:00,TLKM,RG,4110,531,F,BK,RX,F
15:00:00,TLKM,RG,4110,750,F,BK,RX,F
15:00:00,TLKM,RG,4110,56,F,CS,RX,F
15:00:00,TLKM,RG,4110,99,F,CS,RX,F
15:00:00,TLKM,RG,4110,4616,F,ZP,RX,F
15:00:00,TLKM,RG,4110,34,F,ZP,YP,D
15:00:00,TLKM,RG,4110,36,F,YU,YP,D
15:00:00,TLKM,RG,4110,500,F,YU,SQ,D
15:00:00,TLKM,RG,4110,5,F,YU,YP,D
15:00:00,TLKM,RG,4110,2,F,YU,ZP,F
15:00:00,TLKM,RG,4110,21,F,YU,ZP,F
15:00:00,TLKM,RG,4110,128,F,YU,ZP,F
15:00:00,TLKM,RG,4110,1727,F,YU,ZP,F
15:00:00,TLKM,RG,4110,2759,F,YU,ZP,F
15:00:00,TLKM,RG,4110,25,F,ZP,ZP,F
15:00:00,TLKM,RG,4110,161,F,ZP,ZP,F
15:00:00,TLKM,RG,4110,157,F,AK,ZP,F
15:00:00,TLKM,RG,4110,3,F,AK,ZP,F
15:00:00,TLKM,RG,4110,68,F,AK,ZP,F
15:00:00,TLKM,RG,4110,16,F,AK,ZP,F
15:00:00,TLKM,RG,4110,7,F,AK,ZP,F
15:00:00,TLKM,RG,4110,1,F,AK,ZP,F
15:00:00,TLKM,RG,4110,1,F,AK,ZP,F
15:00:00,TLKM,RG,4110,117,F,AK,ZP,F
15:00:00,TLKM,RG,4110,50,F,AK,ZP,F
15:00:00,TLKM,RG,4110,1255,F,AK,ZP,F
15:00:00,TLKM,RG,4110,2572,F,AK,AK,F
15:00:00,TLKM,RG,4110,3745,F,AK,AK,F
15:00:00,TLKM,RG,4110,56,F,AK,AK,F
15:00:00,TLKM,RG,4110,281,F,AK,KZ,D
15:00:00,TLKM,RG,4110,800,F,AK,KZ,F
15:00:00,TLKM,RG,4110,934,F,AK,BK,F
15:00:00,TLKM,RG,4110,25,F,AK,ZP,F
15:00:00,TLKM,RG,4110,7,D,CC,ZP,F
15:00:00,TLKM,RG,4110,265,F,YU,ZP,F
15:00:00,TLKM,RG,4110,265,F,YU,ZP,F
15:00:00,TLKM,RG,4110,265,F,YU,ZP,F
15:00:00,TLKM,RG,4110,1720,D,YU,ZP,F
15:00:00,TLKM,RG,4110,4901,D,RX,ZP,F
15:00:00,TLKM,RG,4110,152,D,RX,ZP,F
15:00:00,TLKM,RG,4110,12532,F,RX,ZP,F
15:00:00,TLKM,RG,4110,1414,F,RX,ZP,F
15:00:00,TLKM,RG,4110,7092,F,RX,CS,F
15:00:00,TLKM,RG,4110,3709,F,RX,CS,F
15:00:00,TLKM,RG,4110,2684,F,RX,YU,F
15:00:00,TLKM,RG,4110,4753,F,RX,YU,F
15:00:00,TLKM,RG,4110,103,F,RX,ZP,F
15:00:00,TLKM,RG,4110,44,F,RX,AK,F
15:00:00,TLKM,RG,4110,19,F,RX,AK,F
15:00:00,TLKM,RG,4110,1538,F,RX,AK,F
15:00:00,TLKM,RG,4110,659,F,RX,AK,F
15:00:00,TLKM,RG,4110,2442,F,RX,AK,F
15:00:00,TLKM,RG,4110,1046,F,RX,AK,F
15:00:00,TLKM,RG,4110,3353,F,RX,AK,F
15:00:00,TLKM,RG,4110,969,F,RX,AK,F
15:00:00,TLKM,RG,4110,468,F,RX,AK,F
15:00:00,TLKM,RG,4110,5,F,RX,AK,F
15:00:00,TLKM,RG,4110,2053,F,RX,AK,F
15:00:00,TLKM,RG,4110,32,F,RX,IF,D
15:00:00,TLKM,RG,4110,177,F,RX,BB,F
15:00:00,TLKM,RG,4110,122,D,DP,BB,F
15:00:00,TLKM,RG,4110,788,D,PD,BB,F
15:00:00,TLKM,RG,4110,1,D,PD,RX,F
15:00:00,TLKM,RG,4110,101,D,PD,RX,F
15:00:00,TLKM,RG,4110,2330,D,PD,RX,F
15:00:00,TLKM,RG,4110,5692,D,PD,RX,F
15:00:00,TLKM,RG,4110,689,D,PD,YU,F
15:00:00,TLKM,RG,4110,9037,D,BQ,YU,F
15:00:00,TLKM,RG,4110,2190,D,BQ,RX,F
15:00:00,TLKM,RG,4110,2486,D,PD,RX,F
15:00:00,TLKM,RG,4110,14731,D,PD,YU,F
15:00:00,TLKM,RG,4110,446,D,PD,YU,D
14:49:59,TLKM,RG,4090,2,F,DX,AK,F
14:49:59,TLKM,RG,4090,3,F,DX,AK,F
14:49:59,TLKM,RG,4090,6,F,DX,AK,F
14:49:58,TLKM,RG,4100,7,F,ZP,AT,D
14:49:58,TLKM,RG,4090,3,F,DX,ZP,F
14:49:58,TLKM,RG,4090,3,F,DX,AK,F
14:49:58,TLKM,RG,4090,2,F,DX,AK,F
14:49:58,TLKM,RG,4090,4,F,DX,AK,F
14:49:58,TLKM,RG,4090,3,F,DX,AK,F
14:49:58,TLKM,RG,4090,2,F,DX,AK,F
14:49:58,TLKM,RG,4100,4,F,ZP,AT,D
14:49:58,TLKM,RG,4100,1,F,ZP,EP,D
14:49:58,TLKM,RG,4090,1,F,DX,AK,F
14:49:58,TLKM,RG,4090,1,F,DX,AK,F
14:49:58,TLKM,RG,4090,1,F,DX,AK,F
14:49:58,TLKM,RG,4090,1,F,DX,AK,F
14:49:57,TLKM,RG,4090,12,F,DX,AK,F
14:49:57,TLKM,RG,4090,4,F,DX,ZP,F
14:49:57,TLKM,RG,4090,1,F,DX,AK,F
14:49:57,TLKM,RG,4090,2,F,DX,AK,F
14:49:56,TLKM,RG,4090,7,F,DX,AK,F
14:49:56,TLKM,RG,4090,6,F,DX,RX,F
14:49:56,TLKM,RG,4090,1,F,DX,AK,F
14:49:56,TLKM,RG,4090,3,F,DX,AK,F
14:49:55,TLKM,RG,4090,1,F,DX,XA,D
14:49:54,TLKM,RG,4100,1,F,ZP,PD,D
14:49:54,TLKM,RG,4100,2,F,ZP,PD,D
14:49:54,TLKM,RG,4100,2,F,ZP,NI,D
14:49:52,TLKM,RG,4100,5,F,ZP,NI,D
14:49:52,TLKM,RG,4090,1,F,DX,AK,F
14:49:51,TLKM,RG,4090,202,F,DX,AK,F
14:49:50,TLKM,RG,4090,2,F,DX,YU,F
14:49:50,TLKM,RG,4090,1,F,DX,YU,F
14:49:49,TLKM,RG,4090,2,F,DX,YU,F
14:49:49,TLKM,RG,4100,18,F,ZP,NI,D
14:49:49,TLKM,RG,4100,10,F,ZP,SQ,D
14:49:49,TLKM,RG,4100,3,F,ZP,GR,D
14:49:49,TLKM,RG,4090,7459,F,DX,CC,F
14:49:49,TLKM,RG,4090,5,F,DX,AK,F
14:49:49,TLKM,RG,4090,8,F,DX,AK,F
14:49:48,TLKM,RG,4090,2,F,DX,PD,D
14:49:48,TLKM,RG,4090,2,F,DX,ZP,F
14:49:48,TLKM,RG,4090,10,F,DX,NI,D
14:49:48,TLKM,RG,4090,8,F,DX,AK,F
14:49:48,TLKM,RG,4090,14,F,DX,AK,F
14:49:48,TLKM,RG,4090,239,F,DX,CC,D
14:49:48,TLKM,RG,4090,32,F,DX,AK,F
14:49:48,TLKM,RG,4090,26,F,DX,ZP,F
14:49:48,TLKM,RG,4090,20,F,DX,CC,D
14:49:48,TLKM,RG,4090,24,F,DX,ZP,F
14:49:48,TLKM,RG,4090,15,F,DX,AK,F
14:49:48,TLKM,RG,4090,22,F,DX,AK,F
14:49:48,TLKM,RG,4090,4,F,DX,CC,D
14:49:48,TLKM,RG,4090,3,F,DX,KZ,F
14:49:48,TLKM,RG,4090,266,F,DX,AK,F
14:49:48,TLKM,RG,4090,62,F,DX,AK,F
14:49:48,TLKM,RG,4090,5,F,DX,YU,F
14:49:48,TLKM,RG,4090,8,F,DX,YU,F
14:49:48,TLKM,RG,4090,10,F,DX,AK,F
14:49:48,TLKM,RG,4090,1083,F,DX,CS,F
14:49:46,TLKM,RG,4090,1,F,AK,CS,F
14:49:46,TLKM,RG,4090,1,F,AK,CS,F
14:49:46,TLKM,RG,4090,1,F,AK,CS,F
14:49:46,TLKM,RG,4090,1,F,AK,CS,F
14:49:46,TLKM,RG,4090,1,F,AK,CS,F
14:49:46,TLKM,RG,4090,1,F,AK,CS,F
14:49:46,TLKM,RG,4080,6,D,RX,AK,F
14:49:45,TLKM,RG,4080,5,D,RX,RX,F
14:49:45,TLKM,RG,4080,21,D,RX,AK,F
14:49:44,TLKM,RG,4080,96,D,RX,AK,F
14:49:43,TLKM,RG,4080,1,D,RX,AK,F
14:49:42,TLKM,RG,4090,9,F,ZP,CS,F
14:49:42,TLKM,RG,4080,7,D,RX,ZP,F
14:49:42,TLKM,RG,4080,3,D,RX,KZ,F
14:49:39,TLKM,RG,4080,1,D,RX,AK,F
14:49:37,TLKM,RG,4090,3,D,YP,CS,F
14:49:37,TLKM,RG,4080,3,D,RX,XC,D
14:49:36,TLKM,RG,4080,2,D,RX,AK,F
14:49:35,TLKM,RG,4090,1,F,ZP,CS,F
14:49:35,TLKM,RG,4080,29,D,RX,RX,F
14:49:35,TLKM,RG,4090,17,D,RX,CS,F
14:49:35,TLKM,RG,4080,4,D,RX,AK,F
14:49:33,TLKM,RG,4080,71,D,RX,YU,F
14:49:33,TLKM,RG,4080,8,D,RX,CC,D
14:49:33,TLKM,RG,4080,4,D,RX,AK,F
14:49:32,TLKM,RG,4080,1,D,RX,KZ,F
14:49:32,TLKM,RG,4080,66,D,RX,AK,F
14:49:31,TLKM,RG,4080,11,D,RX,AK,F
14:49:30,TLKM,RG,4090,54,F,ZP,CS,F
14:49:29,TLKM,RG,4080,149,D,RX,YU,F
14:49:27,TLKM,RG,4080,5,D,RX,AT,D
14:49:24,TLKM,RG,4080,10,D,RX,DX,D
14:49:24,TLKM,RG,4080,3,D,RX,AK,F
14:49:22,TLKM,RG,4090,57,F,ZP,CS,F
14:49:20,TLKM,RG,4080,3,D,RX,AK,F
14:49:19,TLKM,RG,4090,1,D,PD,CS,F
14:49:19,TLKM,RG,4080,39,D,RX,ZP,F
14:49:17,TLKM,RG,4080,3,D,RX,AK,F
14:49:16,TLKM,RG,4080,70,D,RX,AK,F
14:49:16,TLKM,RG,4080,11,D,RX,AK,F
14:49:15,TLKM,RG,4080,200,D,RX,SQ,D
14:49:15,TLKM,RG,4080,2,D,RX,AK,F
14:49:14,TLKM,RG,4080,39,D,RX,ZP,F
14:49:13,TLKM,RG,4080,1,D,RX,AK,F
14:49:12,TLKM,RG,4080,7,D,RX,BB,D
14:49:12,TLKM,RG,4080,10,D,RX,BB,D
14:49:11,TLKM,RG,4080,3,D,RX,AK,F
14:49:10,TLKM,RG,4080,8,D,RX,BB,D
14:49:10,TLKM,RG,4080,50,D,RX,BB,F
14:49:08,TLKM,RG,4080,4,D,RX,KZ,F
14:49:07,TLKM,RG,4080,7,D,RX,BB,D
14:49:06,TLKM,RG,4080,77,D,RX,AK,F
14:49:05,TLKM,RG,4090,4,F,RX,CS,F
14:49:05,TLKM,RG,4090,1255,D,RX,CS,F
14:49:05,TLKM,RG,4090,200,D,RX,PD,D
14:49:05,TLKM,RG,4090,2,D,RX,YP,D
14:49:05,TLKM,RG,4090,1,D,RX,AK,F
14:49:05,TLKM,RG,4090,22,D,RX,KZ,F
14:49:05,TLKM,RG,4090,1,D,RX,AK,F
14:49:05,TLKM,RG,4090,75,D,RX,ZP,F
14:49:05,TLKM,RG,4090,26,D,RX,YU,F
14:49:05,TLKM,RG,4090,1,D,RX,YU,F
14:49:05,TLKM,RG,4090,229,D,RX,CS,F
14:49:05,TLKM,RG,4090,48,D,RX,CS,F
14:49:05,TLKM,RG,4090,99,D,RX,AK,F
14:49:05,TLKM,RG,4090,10,D,RX,PD,D
14:49:05,TLKM,RG,4090,2,D,RX,PD,D
14:49:05,TLKM,RG,4090,11,D,RX,YP,D
14:49:05,TLKM,RG,4090,32,D,RX,AK,F
14:49:05,TLKM,RG,4090,200,D,RX,SQ,D
14:49:05,TLKM,RG,4090,100,D,RX,OD,D
14:49:05,TLKM,RG,4090,104,D,RX,PD,D
14:49:05,TLKM,RG,4090,1,D,RX,NI,D
14:49:05,TLKM,RG,4090,1,D,RX,YP,D
14:49:05,TLKM,RG,4090,15,D,RX,XL,D
14:49:05,TLKM,RG,4090,20,D,RX,AI,D
14:49:05,TLKM,RG,4090,100,D,RX,NI,D
14:49:05,TLKM,RG,4090,500,D,RX,YP,D
14:49:05,TLKM,RG,4090,66,D,RX,ZP,F
14:49:05,TLKM,RG,4090,2,D,RX,XC,D
14:49:05,TLKM,RG,4090,8,D,RX,YP,D
14:49:05,TLKM,RG,4090,20,D,RX,YU,D
14:49:05,TLKM,RG,4090,20,D,RX,YP,D
14:49:05,TLKM,RG,4090,1,D,RX,XC,D
14:49:05,TLKM,RG,4090,20,D,RX,CC,D
14:49:05,TLKM,RG,4090,7,D,RX,KZ,F
14:49:05,TLKM,RG,4090,5,D,RX,CC,D
14:49:05,TLKM,RG,4090,10,D,RX,XL,D
14:49:05,TLKM,RG,4090,200,D,RX,SQ,D
14:49:05,TLKM,RG,4090,16,D,RX,NI,D
14:49:05,TLKM,RG,4090,5,D,RX,KK,D
14:49:05,TLKM,RG,4090,38,D,RX,DR,D
14:49:05,TLKM,RG,4090,1,D,RX,OD,D
14:49:05,TLKM,RG,4090,3,D,RX,PD,D
14:49:05,TLKM,RG,4090,5,D,RX,PD,D
14:49:05,TLKM,RG,4090,21,D,RX,CC,F
14:49:05,TLKM,RG,4090,1,D,RX,EP,D
14:49:05,TLKM,RG,4090,20,D,RX,OD,D
14:49:05,TLKM,RG,4090,7,D,RX,SQ,D
14:49:05,TLKM,RG,4090,16,D,RX,LG,D
14:49:05,TLKM,RG,4090,15,D,RX,XC,D
14:49:05,TLKM,RG,4090,2490,D,RX,CS,F
14:49:05,TLKM,RG,4090,2490,D,RX,CS,F
14:49:05,TLKM,RG,4090,2490,D,RX,CS,F
14:49:05,TLKM,RG,4090,5,D,RX,CC,D
14:49:05,TLKM,RG,4090,5,D,RX,PD,D
14:49:05,TLKM,RG,4090,8,D,RX,BB,D
14:49:05,TLKM,RG,4090,3,D,RX,BB,D
14:49:05,TLKM,RG,4090,325,D,RX,CC,F
14:49:05,TLKM,RG,4090,150,D,RX,YP,D
14:49:05,TLKM,RG,4090,59,D,RX,ZP,F
14:49:05,TLKM,RG,4090,50,D,RX,CP,D
14:49:05,TLKM,RG,4090,13,D,RX,CS,F
14:49:05,TLKM,RG,4090,189,D,RX,AK,F
14:49:05,TLKM,RG,4090,2490,D,RX,CS,F
14:49:05,TLKM,RG,4090,5,D,RX,XL,D
14:49:05,TLKM,RG,4090,645,D,RX,AK,F
14:49:05,TLKM,RG,4090,21,D,RX,ZP,F
14:49:04,TLKM,RG,4090,22,F,ZP,ZP,F
14:49:02,TLKM,RG,4080,1,D,RX,AK,F
14:49:01,TLKM,RG,4080,12,D,RX,AK,F
14:49:01,TLKM,RG,4080,1,D,RX,KZ,F
14:49:00,TLKM,RG,4080,5,D,RX,AK,F
14:49:00,TLKM,RG,4080,3,D,RX,AK,F
14:49:00,TLKM,RG,4080,185,D,RX,AK,F
14:49:00,TLKM,RG,4080,3,D,RX,AK,F
14:49:00,TLKM,RG,4080,18,D,RX,AK,D
14:49:00,TLKM,RG,4080,20,D,RX,AK,D
14:49:00,TLKM,RG,4080,55,D,RX,AK,D
14:48:59,TLKM,RG,4080,65,D,RX,AK,F
14:48:59,TLKM,RG,4080,2,D,RX,AK,F
14:48:59,TLKM,RG,4080,1,D,RX,AK,F
14:48:59,TLKM,RG,4080,1,D,RX,AK,F
14:48:59,TLKM,RG,4080,1,D,RX,AK,F
14:48:59,TLKM,RG,4080,6,D,RX,AK,F
14:48:59,TLKM,RG,4080,1,D,RX,AK,F
14:48:56,TLKM,RG,4080,3,D,RX,AK,F
14:48:55,TLKM,RG,4080,17,D,RX,AK,F
14:48:55,TLKM,RG,4080,6,D,RX,XC,D
14:48:55,TLKM,RG,4080,38,D,RX,AK,F
14:48:55,TLKM,RG,4080,298,D,RX,AK,F
14:48:55,TLKM,RG,4080,38,D,RX,AK,F
14:48:54,TLKM,RG,4080,2,D,RX,AK,F
14:48:53,TLKM,RG,4080,24,D,RX,AK,F
14:48:53,TLKM,RG,4090,1,D,PD,ZP,F
14:48:52,TLKM,RG,4080,2,D,RX,AK,F
14:48:50,TLKM,RG,4080,2,D,RX,NI,D
14:48:49,TLKM,RG,4080,1,D,RX,AK,F
14:48:49,TLKM,RG,4080,15,D,RX,AK,F
14:48:48,TLKM,RG,4080,1,D,RX,KZ,F
14:48:46,TLKM,RG,4080,7,D,RX,AK,F
14:48:46,TLKM,RG,4080,1,D,RX,KZ,F
14:48:45,TLKM,RG,4080,1,D,RX,AK,F
14:48:45,TLKM,RG,4080,28,D,RX,AK,F
14:48:45,TLKM,RG,4080,40,D,RX,AK,F
14:48:45,TLKM,RG,4080,65,D,RX,AK,F
14:48:45,TLKM,RG,4080,11,D,RX,AK,F
14:48:45,TLKM,RG,4080,194,D,RX,AK,F
14:48:45,TLKM,RG,4080,10,D,RX,AK,F
14:48:45,TLKM,RG,4080,6,D,RX,AK,F
14:48:44,TLKM,RG,4080,3,D,RX,AK,F
14:48:44,TLKM,RG,4080,4,D,RX,AK,F
14:48:44,TLKM,RG,4080,1,D,RX,KZ,F
14:48:43,TLKM,RG,4080,1,D,RX,PD,D
14:48:43,TLKM,RG,4080,52,D,RX,AK,F
14:48:42,TLKM,RG,4080,7,D,RX,AK,F
14:48:39,TLKM,RG,4080,3,D,RX,AK,F
14:48:39,TLKM,RG,4080,54,D,RX,AK,F
14:48:38,TLKM,RG,4080,4,D,RX,AK,F
14:48:38,TLKM,RG,4080,1,D,RX,LG,D
14:48:37,TLKM,RG,4080,3,D,RX,AK,F
14:48:37,TLKM,RG,4080,73,D,RX,KZ,F
14:48:36,TLKM,RG,4080,14,D,RX,AK,F
14:48:36,TLKM,RG,4080,51,D,RX,RX,F
14:48:35,TLKM,RG,4080,117,D,RX,AK,F
14:48:35,TLKM,RG,4080,254,D,RX,AK,F
14:48:35,TLKM,RG,4080,2,D,RX,KZ,F
14:48:35,TLKM,RG,4080,20,D,RX,YU,F
14:48:35,TLKM,RG,4080,25,D,RX,CS,F
14:48:35,TLKM,RG,4080,82,D,RX,CS,F
14:48:35,TLKM,RG,4080,135,D,RX,CS,F
14:48:35,TLKM,RG,4080,223,D,RX,CS,F
14:48:35,TLKM,RG,4080,206,D,RX,CS,F
14:48:34,TLKM,RG,4080,10,D,RX,BQ,D
14:48:34,TLKM,RG,4080,773,D,RX,YU,F
14:48:34,TLKM,RG,4080,17,D,RX,AK,D
14:48:34,TLKM,RG,4080,66,D,RX,BB,F
14:48:34,TLKM,RG,4080,47,D,RX,AK,F
14:48:34,TLKM,RG,4080,6,D,RX,YU,F
14:48:34,TLKM,RG,4080,14,D,RX,YU,F
14:48:34,TLKM,RG,4080,42,D,RX,CS,F
14:48:34,TLKM,RG,4080,82,D,RX,ZP,F
14:48:34,TLKM,RG,4080,42,D,RX,CS,F
14:48:34,TLKM,RG,4080,8,D,RX,BB,D
14:48:34,TLKM,RG,4080,9,D,RX,BB,D
14:48:34,TLKM,RG,4080,107,D,RX,AK,F
14:48:34,TLKM,RG,4080,142,D,RX,AK,F
14:48:34,TLKM,RG,4080,141,D,RX,AK,F
14:48:34,TLKM,RG,4080,28,D,RX,AK,F
14:48:34,TLKM,RG,4070,1,F,DX,AK,F
14:48:34,TLKM,RG,4070,9,F,DX,BB,F
14:48:34,TLKM,RG,4070,1,F,DX,RX,F
14:48:34,TLKM,RG,4080,4,D,PD,AK,F
14:48:33,TLKM,RG,4070,2,F,DX,AK,F
14:48:33,TLKM,RG,4080,10,D,XC,AK,F
14:48:32,TLKM,RG,4070,10,F,DX,AK,F
14:48:32,TLKM,RG,4070,51,F,DX,AK,F
14:48:31,TLKM,RG,4070,13,F,DX,AK,F
14:48:31,TLKM,RG,4070,192,F,DX,RX,F
14:48:30,TLKM,RG,4070,94,F,DX,ZP,F
14:48:30,TLKM,RG,4070,3,F,DX,AK,F
14:48:30,TLKM,RG,4070,5,F,DX,AK,F
14:48:30,TLKM,RG,4070,145,F,DX,AK,F
14:48:30,TLKM,RG,4080,1,D,CC,AK,F
14:48:30,TLKM,RG,4080,1,D,XC,AK,F
14:48:30,TLKM,RG,4080,5,D,XL,AK,F
14:48:30,TLKM,RG,4080,43,F,ZP,AK,F
14:48:30,TLKM,RG,4080,1,D,PD,AK,F
14:48:30,TLKM,RG,4080,1,D,XC,AK,F
14:48:30,TLKM,RG,4080,3,D,YP,AK,F
14:48:30,TLKM,RG,4080,1,D,PD,AK,F
14:48:30,TLKM,RG,4080,3,F,AK,AK,F
14:48:30,TLKM,RG,4080,1,D,NI,AK,F
14:48:30,TLKM,RG,4080,1,D,XC,AK,F
14:48:30,TLKM,RG,4080,5,D,PD,AK,F
14:48:30,TLKM,RG,4080,5,D,PD,AK,F
14:48:30,TLKM,RG,4080,3,F,ZP,AK,F
14:48:30,TLKM,RG,4080,1,D,SQ,AK,F
14:48:30,TLKM,RG,4080,3,F,AK,AK,F
14:48:29,TLKM,RG,4080,2,F,AK,AK,F
14:48:29,TLKM,RG,4080,2,D,PD,AK,F
14:48:29,TLKM,RG,4080,4,F,DX,RX,F
14:48:29,TLKM,RG,4080,44,F,DX,KZ,F
14:48:29,TLKM,RG,4080,16,F,DX,KZ,F
14:48:29,TLKM,RG,4080,7,F,DX,YP,D
14:48:29,TLKM,RG,4080,61,F,DX,AK,F
14:48:28,TLKM,RG,4080,30,F,DX,AK,F
14:48:28,TLKM,RG,4080,2,F,DX,BB,D
14:48:28,TLKM,RG,4080,5,F,DX,YU,F
14:48:28,TLKM,RG,4080,3,F,DX,KZ,F
14:48:28,TLKM,RG,4080,556,F,DX,AK,D
14:48:27,TLKM,RG,4080,20,F,DX,AK,D
14:48:27,TLKM,RG,4080,2,F,DX,BB,D
14:48:26,TLKM,RG,4080,1,F,DX,AK,F
14:48:25,TLKM,RG,4080,20,F,DX,AK,F
14:48:24,TLKM,RG,4080,2,F,DX,AK,F
14:48:23,TLKM,RG,4080,5,F,DX,AK,F
14:48:23,TLKM,RG,4080,10,F,DX,CC,D
14:48:23,TLKM,RG,4080,13,F,DX,BB,F
14:48:23,TLKM,RG,4080,4,F,DX,KZ,F
14:48:22,TLKM,RG,4080,4,F,DX,AK,F
14:48:22,TLKM,RG,4080,98,F,DX,AK,F
14:48:22,TLKM,RG,4080,1,F,DX,BB,D
14:48:22,TLKM,RG,4080,55,F,DX,AK,D
14:48:22,TLKM,RG,4080,3,F,DX,XC,D
14:48:21,TLKM,RG,4080,27,F,DX,AK,D
14:48:21,TLKM,RG,4080,31,F,DX,AK,F
14:48:21,TLKM,RG,4080,1,F,DX,KZ,F
14:48:20,TLKM,RG,4080,3,F,DX,NI,D
14:48:20,TLKM,RG,4080,4,F,DX,AK,F
14:48:20,TLKM,RG,4080,534,F,DX,RX,F
14:48:20,TLKM,RG,4080,52,F,DX,AK,F
14:48:19,TLKM,RG,4080,11,F,DX,AK,F
14:48:19,TLKM,RG,4080,1,F,DX,KZ,F
14:48:19,TLKM,RG,4080,78,F,DX,ZP,F
14:48:19,TLKM,RG,4080,193,F,DX,AK,F
14:48:18,TLKM,RG,4080,13,F,DX,AK,F
14:48:18,TLKM,RG,4080,1,F,DX,CC,D
14:48:18,TLKM,RG,4080,8,F,DX,KZ,F
14:48:18,TLKM,RG,4080,4,F,DX,RX,F
14:48:17,TLKM,RG,4080,9,F,DX,AK,F
14:48:17,TLKM,RG,4080,5,F,DX,YU,F
14:48:17,TLKM,RG,4080,238,F,DX,NI,D
14:48:16,TLKM,RG,4080,65,F,DX,AK,F
14:48:16,TLKM,RG,4080,38,F,DX,YP,D
14:48:16,TLKM,RG,4080,76,F,DX,CS,F
14:48:16,TLKM,RG,4080,5,F,DX,BB,D
14:48:16,TLKM,RG,4080,13,F,DX,CS,F
14:48:16,TLKM,RG,4080,34,F,DX,KZ,F
14:48:15,TLKM,RG,4080,2,F,DX,XC,D
14:48:15,TLKM,RG,4080,55,F,DX,YU,F
14:48:15,TLKM,RG,4080,572,F,DX,AK,F
14:48:15,TLKM,RG,4080,13,F,DX,CS,F
14:48:15,TLKM,RG,4080,1,F,AK,CS,F
14:48:15,TLKM,RG,4080,369,F,ZP,CS,F
14:48:15,TLKM,RG,4080,2,F,ZP,BB,D
14:48:15,TLKM,RG,4080,126,F,ZP,AK,F
14:48:15,TLKM,RG,4080,4,F,AK,AK,F
14:48:15,TLKM,RG,4080,36,D,RX,AK,F
14:48:15,TLKM,RG,4080,93,D,RX,AK,F
14:48:15,TLKM,RG,4080,139,D,RX,AK,F
14:48:14,TLKM,RG,4080,28,D,RX,AK,F
14:48:14,TLKM,RG,4080,4704,D,RX,BQ,D
14:48:14,TLKM,RG,4080,2,D,AT,BQ,D
14:48:14,TLKM,RG,4080,1,D,EP,BQ,D
14:48:14,TLKM,RG,4080,293,D,RX,BQ,D
14:48:13,TLKM,RG,4080,2,D,RX,AK,F
14:48:13,TLKM,RG,4080,34,D,RX,AK,D
14:48:13,TLKM,RG,4080,240,D,RX,LG,D
14:48:13,TLKM,RG,4090,204,F,ZP,YU,F
14:48:13,TLKM,RG,4080,68,D,RX,YU,F
14:48:12,TLKM,RG,4080,6,D,RX,YU,F
14:48:12,TLKM,RG,4080,7,D,RX,AK,F
14:48:12,TLKM,RG,4090,12,F,ZP,YU,F
14:48:12,TLKM,RG,4080,18,D,RX,AK,F
14:48:12,TLKM,RG,4080,1,D,RX,KZ,F
14:48:11,TLKM,RG,4080,114,D,RX,RX,F
14:48:11,TLKM,RG,4080,1,D,OD,RX,F
14:48:11,TLKM,RG,4080,14,D,RX,RX,F
14:48:09,TLKM,RG,4080,2,D,RX,AK,F
14:48:09,TLKM,RG,4080,4,D,RX,RX,F
14:48:09,TLKM,RG,4080,30,D,RX,BB,F
14:48:09,TLKM,RG,4080,10,D,RX,AK,F
14:48:08,TLKM,RG,4080,4,D,RX,AK,F
14:48:08,TLKM,RG,4080,60,D,RX,AK,F
14:48:06,TLKM,RG,4080,1,D,RX,AK,F
14:48:06,TLKM,RG,4080,1,D,RX,KZ,F
14:48:05,TLKM,RG,4080,33,D,RX,AK,F
14:48:05,TLKM,RG,4080,1,D,RX,KZ,F
14:48:04,TLKM,RG,4080,10,D,RX,AK,F
14:48:03,TLKM,RG,4080,12,D,RX,BB,D
14:48:03,TLKM,RG,4080,11,D,RX,BB,D
14:48:03,TLKM,RG,4080,109,D,RX,AK,D
14:48:03,TLKM,RG,4080,5,D,RX,YU,F
14:48:03,TLKM,RG,4080,7,D,RX,AK,F
14:48:03,TLKM,RG,4080,29,D,RX,KZ,F
14:48:03,TLKM,RG,4080,12,D,RX,KZ,F
14:48:03,TLKM,RG,4080,93,D,RX,KZ,F
14:48:03,TLKM,RG,4080,1,D,RX,KZ,F
14:48:03,TLKM,RG,4080,1,D,RX,KZ,F
14:48:03,TLKM,RG,4080,4,D,RX,KZ,F
14:48:03,TLKM,RG,4080,1,D,RX,KZ,F
14:48:03,TLKM,RG,4080,1,D,RX,KZ,F
14:48:02,TLKM,RG,4080,29,D,RX,AK,F
14:48:01,TLKM,RG,4080,4,D,RX,AK,F
14:48:00,TLKM,RG,4080,5,D,RX,AK,F
14:48:00,TLKM,RG,4080,7,D,RX,AK,F
14:48:00,TLKM,RG,4080,16,D,RX,AK,F
14:48:00,TLKM,RG,4080,71,D,RX,KZ,F
14:48:00,TLKM,RG,4080,118,D,RX,RX,F
14:47:59,TLKM,RG,4080,3,D,RX,AK,F
14:47:59,TLKM,RG,4080,13,D,RX,AK,F
14:47:58,TLKM,RG,4080,52,D,RX,ZP,F
14:47:58,TLKM,RG,4080,3,D,RX,RX,F
14:47:56,TLKM,RG,4080,6,D,RX,AK,F
14:47:55,TLKM,RG,4080,7,D,RX,AK,F
14:47:55,TLKM,RG,4080,26,D,RX,AK,F
14:47:55,TLKM,RG,4090,83,F,ZP,YU,F
14:47:54,TLKM,RG,4080,3,D,RX,AK,F
14:47:54,TLKM,RG,4090,139,F,ZP,YU,F
14:47:53,TLKM,RG,4080,3,D,RX,AK,F
14:47:53,TLKM,RG,4080,46,D,RX,AK,F
14:47:52,TLKM,RG,4080,1,D,RX,AK,F
14:47:52,TLKM,RG,4080,67,D,RX,AK,F
14:47:51,TLKM,RG,4080,7,D,RX,YU,F
14:47:51,TLKM,RG,4080,28,D,RX,AK,F
14:47:51,TLKM,RG,4080,246,D,RX,RX,F
14:47:51,TLKM,RG,4080,1,D,XC,RX,F
14:47:51,TLKM,RG,4080,20,D,PD,RX,F
14:47:51,TLKM,RG,4080,1,D,XC,RX,F
14:47:51,TLKM,RG,4080,1,D,CC,RX,F
14:47:51,TLKM,RG,4080,1,D,XC,RX,F
14:47:51,TLKM,RG,4080,58,F,ZP,RX,F
14:47:50,TLKM,RG,4080,1,F,ZP,CS,F
14:47:50,TLKM,RG,4080,1,D,XL,CS,F
14:47:50,TLKM,RG,4080,8,F,AK,CS,F
14:47:50,TLKM,RG,4080,146,D,LG,CS,F
14:47:50,TLKM,RG,4080,62,D,LG,CS,F
14:47:49,TLKM,RG,4080,4,D,LG,AK,F
14:47:49,TLKM,RG,4080,69,D,LG,AK,F
14:47:49,TLKM,RG,4080,3,D,LG,RX,F
14:47:47,TLKM,RG,4080,3,D,LG,AK,F
14:47:46,TLKM,RG,4080,31,D,LG,AK,F
14:47:46,TLKM,RG,4080,9,D,LG,YU,F
14:47:46,TLKM,RG,4080,37,D,LG,ZP,F
14:47:45,TLKM,RG,4080,5,D,LG,AK,F
14:47:45,TLKM,RG,4080,190,D,LG,AK,F
14:47:45,TLKM,RG,4080,302,D,LG,AK,F
14:47:45,TLKM,RG,4080,99,D,LG,AK,F
14:47:44,TLKM,RG,4080,3,D,LG,CS,D
14:47:43,TLKM,RG,4080,2,D,LG,AK,F
14:47:42,TLKM,RG,4080,38,D,LG,RX,F
14:47:42,TLKM,RG,4080,7,D,LG,AK,F
14:47:41,TLKM,RG,4080,4,D,LG,AK,F
14:47:40,TLKM,RG,4080,56,D,LG,AK,F
14:47:40,TLKM,RG,4080,4,D,LG,RX,F
14:47:39,TLKM,RG,4080,10,D,LG,AK,F
14:47:36,TLKM,RG,4080,4,D,LG,AK,F
14:47:35,TLKM,RG,4080,9,D,LG,AK,F
14:47:35,TLKM,RG,4080,82,D,LG,AK,F
14:47:35,TLKM,RG,4080,100,D,LG,CC,D
14:47:34,TLKM,RG,4080,6,D,LG,YU,F
14:47:34,TLKM,RG,4080,25,D,LG,AK,F
14:47:34,TLKM,RG,4080,51,D,LG,BB,F
14:47:33,TLKM,RG,4080,480,D,LG,AK,F
14:47:33,TLKM,RG,4080,7,D,LG,AK,F
14:47:32,TLKM,RG,4080,38,D,LG,RX,F
14:47:32,TLKM,RG,4080,6,D,LG,AK,F
14:47:32,TLKM,RG,4080,97,D,LG,AK,F
14:47:31,TLKM,RG,4080,7,D,LG,YU,F
14:47:31,TLKM,RG,4080,37,D,LG,AK,F
14:47:31,TLKM,RG,4080,5,D,LG,CS,D
14:47:31,TLKM,RG,4080,104,D,LG,ZP,F
14:47:30,TLKM,RG,4080,2,D,LG,AK,F
14:47:30,TLKM,RG,4080,3,D,LG,RX,F
14:47:30,TLKM,RG,4080,70,D,LG,AK,F
14:47:30,TLKM,RG,4080,491,D,LG,AK,D
14:47:30,TLKM,RG,4080,111,D,LG,AK,F
14:47:30,TLKM,RG,4080,26,D,LG,AK,F
14:47:30,TLKM,RG,4090,1,D,CC,YU,F
14:47:29,TLKM,RG,4080,5,D,LG,AK,F
14:47:29,TLKM,RG,4080,27,D,LG,AK,F
14:47:28,TLKM,RG,4080,30,D,LG,YP,D
14:47:28,TLKM,RG,4080,2,D,LG,AK,F
14:47:28,TLKM,RG,4080,26,D,LG,BB,D
14:47:27,TLKM,RG,4080,5,D,LG,YU,F
14:47:27,TLKM,RG,4080,10,D,LG,AK,F
14:47:27,TLKM,RG,4080,47,D,LG,AK,F
14:47:26,TLKM,RG,4080,1,D,LG,AK,F
14:47:26,TLKM,RG,4080,187,D,LG,YU,F
14:47:25,TLKM,RG,4080,17,D,LG,AK,F
14:47:24,TLKM,RG,4080,7,D,LG,AK,F
14:47:23,TLKM,RG,4080,1,D,LG,AK,F
14:47:23,TLKM,RG,4080,137,D,LG,RX,F
14:47:22,TLKM,RG,4080,2,D,LG,AK,F
14:47:22,TLKM,RG,4080,16,D,LG,AK,F
14:47:21,TLKM,RG,4080,2,D,LG,RX,F
14:47:21,TLKM,RG,4080,5,D,LG,CS,D
14:47:21,TLKM,RG,4080,23,D,LG,ZP,F
14:47:19,TLKM,RG,4080,5,D,LG,AK,F
14:47:19,TLKM,RG,4080,91,F,ZP,AK,F
14:47:18,TLKM,RG,4080,9,F,ZP,YU,F
14:47:18,TLKM,RG,4080,28,F,ZP,AK,F
14:47:17,TLKM,RG,4080,3,F,ZP,AK,F
14:47:17,TLKM,RG,4080,1,D,NI,AK,F
14:47:17,TLKM,RG,4080,1,D,NI,CS,F
14:47:17,TLKM,RG,4080,53,F,ZP,CS,F
14:47:17,TLKM,RG,4080,59,F,ZP,CS,F
14:47:17,TLKM,RG,4080,2,F,ZP,CS,F
14:47:17,TLKM,RG,4080,136,F,ZP,CS,F
14:47:17,TLKM,RG,4080,1,D,PD,CS,F
14:47:17,TLKM,RG,4080,5,D,XC,CS,F
14:47:17,TLKM,RG,4080,8,F,AK,CS,F
14:47:17,TLKM,RG,4080,14,D,AT,CS,F
14:47:17,TLKM,RG,4080,5,D,XC,CS,F
14:47:17,TLKM,RG,4080,25,F,ZP,CS,F
14:47:17,TLKM,RG,4080,30,D,PD,CS,F
14:47:17,TLKM,RG,4080,198,F,ZP,CS,F
14:47:16,TLKM,RG,4080,1,F,ZP,AK,F
14:47:16,TLKM,RG,4080,5,D,YP,AK,F
14:47:16,TLKM,RG,4080,1,D,KK,AK,F
14:47:16,TLKM,RG,4080,1,F,AK,AK,F
14:47:16,TLKM,RG,4080,6,F,AK,AK,F
14:47:16,TLKM,RG,4080,11,F,AK,AK,F
14:47:16,TLKM,RG,4080,59,D,TP,AK,F
14:47:16,TLKM,RG,4090,3,F,AK,YU,F
14:47:15,TLKM,RG,4080,11,D,TP,AK,F
14:47:15,TLKM,RG,4080,30,D,TP,RX,F
14:47:15,TLKM,RG,4080,62,F,ZP,RX,F
14:47:15,TLKM,RG,4080,3,D,HP,RX,F
14:47:15,TLKM,RG,4080,21,D,RG,RX,F
14:47:15,TLKM,RG,4080,4,D,XC,RX,F
14:47:15,TLKM,RG,4080,1,D,XC,RX,F
14:47:15,TLKM,RG,4080,1,D,XC,AK,D
14:47:15,TLKM,RG,4080,64,F,DX,AK,D
14:47:15,TLKM,RG,4080,67,F,DX,AK,F
14:47:14,TLKM,RG,4080,5,F,DX,AK,F
14:47:13,TLKM,RG,4080,1,F,DX,AK,F
14:47:13,TLKM,RG,4080,100,F,DX,KK,D
14:47:12,TLKM,RG,4080,3,F,DX,RX,F
14:47:12,TLKM,RG,4080,1,F,DX,YP,D
14:47:12,TLKM,RG,4080,4,F,DX,AK,F
14:47:10,TLKM,RG,4080,1,F,DX,AK,F
14:47:09,TLKM,RG,4080,1,F,DX,AK,F
14:47:09,TLKM,RG,4080,2,F,DX,CS,D
14:47:09,TLKM,RG,4080,3,F,DX,CS,D
14:47:09,TLKM,RG,4080,3,F,DX,CS,D
14:47:09,TLKM,RG,4080,8,F,DX,AK,F
14:47:09,TLKM,RG,4080,20,F,DX,YP,D
14:47:08,TLKM,RG,4080,10,F,DX,BB,D
14:47:06,TLKM,RG,4080,3,F,DX,AK,F
14:47:06,TLKM,RG,4080,5,F,DX,YU,F
14:47:05,TLKM,RG,4080,33,F,DX,AK,F
14:47:05,TLKM,RG,4080,2,F,DX,AK,F
14:47:05,TLKM,RG,4080,25,F,DX,ZP,F
14:47:04,TLKM,RG,4080,11,F,DX,AK,F
14:47:04,TLKM,RG,4080,38,F,DX,KZ,F
14:47:04,TLKM,RG,4080,48,F,DX,KZ,F
14:47:03,TLKM,RG,4080,3,F,DX,AK,F
14:47:03,TLKM,RG,4080,160,F,DX,RX,F
14:47:02,TLKM,RG,4080,10,F,DX,AK,F
14:47:02,TLKM,RG,4080,48,F,DX,AK,F
14:47:01,TLKM,RG,4080,3,F,DX,AK,F
14:47:01,TLKM,RG,4080,3,F,DX,RX,F
14:47:01,TLKM,RG,4080,101,F,DX,KZ,F
14:47:01,TLKM,RG,4080,7,F,DX,KZ,F
14:47:01,TLKM,RG,4080,78,F,DX,KZ,F
14:47:01,TLKM,RG,4080,4,F,DX,KZ,F
14:47:01,TLKM,RG,4080,1,F,DX,KZ,F
14:47:01,TLKM,RG,4080,1,F,DX,KZ,F
14:47:00,TLKM,RG,4080,1,F,DX,PD,D
14:47:00,TLKM,RG,4080,10,F,DX,CC,D
14:47:00,TLKM,RG,4080,6,F,DX,YU,F
14:47:00,TLKM,RG,4080,11,F,DX,AK,F
14:47:00,TLKM,RG,4080,42,F,DX,AK,F
14:46:59,TLKM,RG,4080,52,F,DX,AK,F
14:46:59,TLKM,RG,4080,156,F,DX,AK,F
14:46:57,TLKM,RG,4080,28,F,DX,AK,F
14:46:57,TLKM,RG,4080,358,F,DX,YU,F
14:46:56,TLKM,RG,4080,8,F,DX,YU,F
14:46:56,TLKM,RG,4080,153,F,DX,AK,D
14:46:56,TLKM,RG,4080,49,F,DX,AK,F
14:46:55,TLKM,RG,4080,563,F,DX,BQ,D
14:46:55,TLKM,RG,4080,34,F,DX,AK,F
14:46:55,TLKM,RG,4080,338,F,DX,RX,F
14:46:55,TLKM,RG,4080,10,F,DX,XC,D
14:46:54,TLKM,RG,4080,1,F,DX,AK,F
14:46:53,TLKM,RG,4080,6,F,DX,YU,F
14:46:53,TLKM,RG,4080,15,F,DX,AK,F
14:46:53,TLKM,RG,4080,4,F,DX,RX,F
14:46:52,TLKM,RG,4080,19,F,DX,AK,F
14:46:52,TLKM,RG,4080,280,F,DX,AK,F
14:46:51,TLKM,RG,4080,108,F,DX,AK,F
14:46:51,TLKM,RG,4080,50,F,DX,CP,D
14:46:51,TLKM,RG,4080,22,F,DX,YU,F
14:46:51,TLKM,RG,4080,300,F,DX,SQ,D
14:46:50,TLKM,RG,4080,44,F,DX,YP,D
14:46:50,TLKM,RG,4080,6,F,DX,AK,F
14:46:50,TLKM,RG,4080,1449,F,DX,BQ,D
14:46:50,TLKM,RG,4080,1,D,XC,BQ,D
14:46:50,TLKM,RG,4080,1,D,CC,BQ,D
14:46:50,TLKM,RG,4080,100,D,OD,BQ,D
14:46:50,TLKM,RG,4080,10,D,YP,BQ,D
14:46:50,TLKM,RG,4080,20,D,CC,BQ,D
14:46:50,TLKM,RG,4080,3,D,XC,BQ,D
14:46:50,TLKM,RG,4080,9,D,YP,BQ,D
14:46:50,TLKM,RG,4080,3,F,CS,BQ,D
14:46:50,TLKM,RG,4080,1,D,CC,BQ,D
14:46:50,TLKM,RG,4080,1,D,XC,BQ,D
14:46:50,TLKM,RG,4080,21,D,TP,BQ,D
14:46:50,TLKM,RG,4080,3,F,CS,BQ,D
14:46:50,TLKM,RG,4080,378,F,LG,BQ,D
14:46:49,TLKM,RG,4080,3,F,LG,AK,F
14:46:49,TLKM,RG,4080,125,F,LG,AK,F
14:46:49,TLKM,RG,4080,29,F,LG,ZP,F
14:46:48,TLKM,RG,4080,55,F,LG,AK,F
14:46:48,TLKM,RG,4080,14,F,LG,YU,F
14:46:47,TLKM,RG,4080,10,F,LG,CS,D
14:46:47,TLKM,RG,4080,173,F,LG,CS,F
14:46:47,TLKM,RG,4080,435,F,LG,AK,F
14:46:47,TLKM,RG,4080,74,F,LG,CS,F
14:46:47,TLKM,RG,4080,49,F,LG,ZP,F
14:46:47,TLKM,RG,4080,224,F,LG,CS,F
14:46:47,TLKM,RG,4080,92,F,LG,ZP,F
14:46:46,TLKM,RG,4080,8,F,LG,AK,F
14:46:46,TLKM,RG,4090,1,F,AK,YU,F
14:46:45,TLKM,RG,4080,4,F,LG,AK,F
14:46:45,TLKM,RG,4080,10,F,LG,AK,F
14:46:45,TLKM,RG,4080,140,F,LG,RX,F
14:46:44,TLKM,RG,4080,1,F,LG,AK,F
14:46:43,TLKM,RG,4080,4,F,LG,AK,F
14:46:43,TLKM,RG,4080,10,F,LG,CC,D
14:46:43,TLKM,RG,4080,2,F,LG,RX,F
14:46:42,TLKM,RG,4080,8,F,LG,AK,F
14:46:42,TLKM,RG,4080,78,F,LG,BB,F
14:46:41,TLKM,RG,4080,1,F,LG,AK,F
14:46:40,TLKM,RG,4080,3,F,LG,AK,F
14:46:40,TLKM,RG,4080,5,F,LG,YU,F
14:46:39,TLKM,RG,4080,65,F,LG,AK,F
14:46:37,TLKM,RG,4080,24,F,LG,AK,F
14:46:37,TLKM,RG,4080,2,F,LG,PD,D
14:46:36,TLKM,RG,4080,8,F,LG,AK,F
14:46:36,TLKM,RG,4080,380,F,LG,OD,D
14:46:36,TLKM,RG,4080,67,D,LG,OD,D
14:46:36,TLKM,RG,4080,6,D,LG,YU,F
14:46:35,TLKM,RG,4080,12,D,LG,AK,F
14:46:35,TLKM,RG,4080,144,D,LG,RX,F
14:46:33,TLKM,RG,4080,6,D,LG,AK,F
14:46:32,TLKM,RG,4080,112,D,LG,AK,F
14:46:32,TLKM,RG,4080,3,D,LG,RX,F
14:46:31,TLKM,RG,4080,9,D,LG,AK,F
14:46:30,TLKM,RG,4080,1,D,LG,AK,F
14:46:30,TLKM,RG,4080,164,D,LG,AK,F
14:46:29,TLKM,RG,4080,45,D,LG,AK,F
14:46:29,TLKM,RG,4080,10,D,LG,YU,F
14:46:29,TLKM,RG,4080,13,D,LG,AK,F
14:46:28,TLKM,RG,4080,500,D,LG,OD,D
14:46:28,TLKM,RG,4080,114,D,LG,YU,F
14:46:28,TLKM,RG,4080,53,D,LG,YU,F
14:46:28,TLKM,RG,4080,192,D,LG,YU,F
14:46:26,TLKM,RG,4080,6,D,LG,AK,F
14:46:25,TLKM,RG,4080,2,D,LG,AK,F
14:46:25,TLKM,RG,4080,11,D,LG,RX,F
14:46:25,TLKM,RG,4080,34,D,LG,RX,F
14:46:25,TLKM,RG,4080,67,D,LG,RX,F
14:46:24,TLKM,RG,4080,1,D,LG,PD,D
14:46:24,TLKM,RG,4080,1,D,LG,AK,F
14:46:23,TLKM,RG,4080,1,D,LG,AK,F
14:46:23,TLKM,RG,4080,3,D,LG,RX,F
14:46:22,TLKM,RG,4080,13,D,LG,AK,F
14:46:22,TLKM,RG,4080,6,D,LG,YU,F
14:46:21,TLKM,RG,4080,5,D,LG,AK,F
14:46:20,TLKM,RG,4080,95,D,LG,NI,D
14:46:20,TLKM,RG,4080,5,D,LG,NI,D
14:46:20,TLKM,RG,4080,1,D,LG,AK,F
14:46:19,TLKM,RG,4080,18,D,LG,AK,F
14:46:17,TLKM,RG,4080,7,D,LG,AK,F
14:46:17,TLKM,RG,4080,11,D,LG,BB,D
14:46:16,TLKM,RG,4080,2,D,LG,AK,F
14:46:16,TLKM,RG,4080,100,D,LG,RX,F
14:46:16,TLKM,RG,4080,28,D,LG,RX,F
14:46:15,TLKM,RG,4080,33,D,LG,AK,F
14:46:14,TLKM,RG,4080,11,D,LG,AK,F
14:46:13,TLKM,RG,4080,4,D,LG,AK,F
14:46:13,TLKM,RG,4080,38,D,LG,ZP,F
14:46:13,TLKM,RG,4080,42,D,LG,ZP,F
14:46:13,TLKM,RG,4080,131,D,LG,ZP,F
14:46:13,TLKM,RG,4080,2,D,LG,RX,F
14:46:12,TLKM,RG,4080,25,D,LG,AK,F
14:46:12,TLKM,RG,4080,12,D,LG,CS,D
14:46:12,TLKM,RG,4080,55,D,LG,AK,F
14:46:12,TLKM,RG,4080,7,D,LG,YU,F
14:46:11,TLKM,RG,4080,60,D,LG,AK,D
14:46:11,TLKM,RG,4080,25,D,LG,AK,D
14:46:11,TLKM,RG,4080,7,D,LG,AK,D
14:46:11,TLKM,RG,4080,180,D,LG,AK,D
14:46:11,TLKM,RG,4080,205,D,LG,AK,D
14:46:10,TLKM,RG,4080,3,D,LG,AK,F
14:46:09,TLKM,RG,4080,34,D,LG,BB,D
14:46:09,TLKM,RG,4080,22,D,LG,AK,F
14:46:09,TLKM,RG,4080,1,D,LG,AK,F
14:46:07,TLKM,RG,4080,5,D,LG,AK,F
14:46:06,TLKM,RG,4080,6,D,LG,AK,F
14:46:06,TLKM,RG,4080,100,D,LG,LG,D
14:46:05,TLKM,RG,4080,91,D,LG,RX,F
14:46:05,TLKM,RG,4080,20,D,LG,AK,F
14:46:05,TLKM,RG,4080,1,D,LG,AK,F
14:46:04,TLKM,RG,4080,8,D,LG,AK,F
14:46:03,TLKM,RG,4080,21,D,LG,NI,D
14:46:03,TLKM,RG,4080,2,D,LG,RX,F
14:46:03,TLKM,RG,4080,144,D,LG,AK,F
14:46:03,TLKM,RG,4080,1,D,LG,AK,F
14:46:02,TLKM,RG,4080,18,D,LG,AK,F
14:46:00,TLKM,RG,4080,3,D,LG,AK,F
14:46:00,TLKM,RG,4080,9,D,LG,AK,F
14:45:59,TLKM,RG,4080,31,D,LG,YU,F
14:45:59,TLKM,RG,4080,142,D,LG,AK,F
14:45:57,TLKM,RG,4080,9,D,LG,AK,F
14:45:56,TLKM,RG,4080,139,D,LG,RX,F
14:45:56,TLKM,RG,4080,61,D,LG,AK,F
14:45:56,TLKM,RG,4080,10,D,LG,YU,F
14:45:55,TLKM,RG,4080,18,D,LG,CS,F
14:45:55,TLKM,RG,4080,4,D,LG,AK,F
14:45:55,TLKM,RG,4080,170,D,LG,CS,F
14:45:55,TLKM,RG,4080,5,D,PD,CS,F
14:45:55,TLKM,RG,4080,456,D,LG,CS,F
14:45:55,TLKM,RG,4080,517,D,LG,CS,F
14:45:54,TLKM,RG,4080,9,D,LG,RX,F
14:45:54,TLKM,RG,4080,1,D,LG,AK,F
14:45:53,TLKM,RG,4080,1,D,LG,AK,F
14:45:52,TLKM,RG,4080,18,D,LG,YP,D
14:45:52,TLKM,RG,4080,12,D,LG,AK,F
14:45:50,TLKM,RG,4080,5,D,LG,AK,F
14:45:49,TLKM,RG,4080,10,D,LG,AK,F
14:45:49,TLKM,RG,4080,101,D,LG,AK,F
14:45:48,TLKM,RG,4080,188,D,LG,RX,F
14:45:47,TLKM,RG,4080,23,D,LG,AK,F
14:45:46,TLKM,RG,4080,46,D,LG,RX,F
14:45:46,TLKM,RG,4080,300,D,LG,SQ,D
14:45:46,TLKM,RG,4080,38,D,LG,AK,F
14:45:46,TLKM,RG,4080,5,D,LG,YU,F
14:45:46,TLKM,RG,4080,48,D,LG,ZP,F
14:45:46,TLKM,RG,4080,43,D,LG,AK,F
14:45:45,TLKM,RG,4080,150,D,LG,AK,F
14:45:45,TLKM,RG,4080,128,D,LG,AK,F
14:45:45,TLKM,RG,4080,25,D,LG,AK,F
14:45:45,TLKM,RG,4080,1,D,YP,AK,F
14:45:45,TLKM,RG,4080,13,F,AK,AK,F
14:45:45,TLKM,RG,4080,20,D,PD,AK,F
14:45:45,TLKM,RG,4080,387,D,XA,AK,F
14:45:42,TLKM,RG,4080,1,D,XA,AK,F
14:45:39,TLKM,RG,4080,1,D,XA,AK,F
14:45:39,TLKM,RG,4080,1,D,XA,AK,F
14:45:38,TLKM,RG,4080,14,D,XA,RX,F
14:45:35,TLKM,RG,4080,5,D,XA,AK,F
14:45:34,TLKM,RG,4080,1,D,XA,AK,F
14:45:33,TLKM,RG,4080,2,D,XA,AK,F
14:45:33,TLKM,RG,4080,8,D,XA,CS,D
14:45:33,TLKM,RG,4080,8,D,XA,CS,D
14:45:32,TLKM,RG,4080,4,D,XA,AK,F
14:45:32,TLKM,RG,4080,32,D,XA,AK,F
14:45:31,TLKM,RG,4080,36,D,XA,BB,F
14:45:31,TLKM,RG,4080,2,D,NI,BB,F
14:45:31,TLKM,RG,4080,43,D,CC,BB,F
14:45:31,TLKM,RG,4080,1,D,CC,AK,F
14:45:30,TLKM,RG,4080,2,D,CC,AK,F
14:45:30,TLKM,RG,4080,8,D,CC,AK,F
14:45:29,TLKM,RG,4080,118,D,CC,RX,F
14:45:29,TLKM,RG,4080,80,D,CC,AK,F
14:45:28,TLKM,RG,4080,16,D,CC,AK,F
14:45:28,TLKM,RG,4080,6,D,CC,YU,F
14:45:27,TLKM,RG,4080,310,D,CC,RX,F
14:45:26,TLKM,RG,4080,24,D,CC,AK,F
14:45:25,TLKM,RG,4080,175,D,CC,AK,F
14:45:25,TLKM,RG,4080,1,D,XC,AK,F
14:45:25,TLKM,RG,4080,7,F,ZP,AK,F
14:45:25,TLKM,RG,4080,2,D,GR,AK,F
14:45:25,TLKM,RG,4080,25,D,CC,AK,F
14:45:25,TLKM,RG,4080,2,D,AT,AK,F
14:45:25,TLKM,RG,4080,231,F,ZP,AK,F
14:45:25,TLKM,RG,4080,6,F,ZP,AK,F
14:45:24,TLKM,RG,4080,107,F,ZP,AK,F
14:45:24,TLKM,RG,4080,104,D,YP,AK,F
14:45:24,TLKM,RG,4080,22,D,YP,YU,F
14:45:24,TLKM,RG,4080,96,D,YP,ZP,F
14:45:23,TLKM,RG,4080,78,D,YP,BQ,D
14:45:23,TLKM,RG,4080,50,F,ZP,BQ,D
14:45:23,TLKM,RG,4080,2,D,EP,BQ,D
14:45:23,TLKM,RG,4080,25,F,RX,BQ,D
14:45:23,TLKM,RG,4080,1,D,NI,BQ,D
14:45:23,TLKM,RG,4080,1000,D,OD,BQ,D
14:45:23,TLKM,RG,4080,126,F,ZP,BQ,D
14:45:23,TLKM,RG,4080,30,D,CC,BQ,D
14:45:23,TLKM,RG,4080,16,F,AK,BQ,D
14:45:23,TLKM,RG,4080,831,F,ZP,BQ,D
14:45:23,TLKM,RG,4080,10,D,PD,BQ,D
14:45:23,TLKM,RG,4080,16,F,CS,BQ,D
14:45:23,TLKM,RG,4080,50,D,PD,BQ,D
14:45:23,TLKM,RG,4080,3,D,CC,BQ,D
14:45:23,TLKM,RG,4080,2,D,XC,BQ,D
14:45:23,TLKM,RG,4080,5,D,XC,BQ,D
14:45:23,TLKM,RG,4080,4,D,NI,BQ,D
14:45:23,TLKM,RG,4080,1,D,PD,BQ,D
14:45:23,TLKM,RG,4080,5,F,CS,BQ,D
14:45:23,TLKM,RG,4080,4,D,PD,BQ,D
14:45:23,TLKM,RG,4080,84,D,RX,BQ,D
14:45:23,TLKM,RG,4080,1,D,OD,BQ,D
14:45:23,TLKM,RG,4080,3,D,AZ,BQ,D
14:45:23,TLKM,RG,4080,1,D,OD,BQ,D
14:45:23,TLKM,RG,4080,1,D,PD,BQ,D
14:45:23,TLKM,RG,4080,1,D,XL,BQ,D
14:45:23,TLKM,RG,4080,1,F,AK,BQ,D
14:45:23,TLKM,RG,4080,1,D,PD,BQ,D
14:45:23,TLKM,RG,4080,17,F,AK,BQ,D
14:45:23,TLKM,RG,4080,1,D,GR,BQ,D
14:45:23,TLKM,RG,4080,1227,F,RX,BQ,D
14:45:23,TLKM,RG,4080,403,D,RX,BQ,D
14:45:23,TLKM,RG,4080,1,D,RX,AK,F
14:45:23,TLKM,RG,4080,11,D,RX,BB,D
14:45:22,TLKM,RG,4080,1,D,RX,AK,F
14:45:22,TLKM,RG,4080,16,D,RX,AK,F
14:45:20,TLKM,RG,4080,27,D,RX,CC,D
14:45:20,TLKM,RG,4080,5,D,RX,AK,F
14:45:19,TLKM,RG,4080,37,D,RX,AK,F
14:45:19,TLKM,RG,4080,8,D,RX,YU,F
14:45:19,TLKM,RG,4080,76,D,RX,AK,F
14:45:18,TLKM,RG,4080,219,D,RX,RX,F
14:45:18,TLKM,RG,4080,489,D,RX,SQ,D
14:45:17,TLKM,RG,4080,2,D,RX,AK,F
14:45:16,TLKM,RG,4080,36,D,RX,ZP,F
14:45:15,TLKM,RG,4080,1,D,RX,AK,F
14:45:12,TLKM,RG,4080,1,D,RX,AK,F
14:45:12,TLKM,RG,4080,9,D,RX,AK,F
14:45:12,TLKM,RG,4080,1,D,RX,RX,F
14:45:11,TLKM,RG,4080,14,D,RX,ZP,F
14:45:10,TLKM,RG,4080,3,D,RX,AK,F
14:45:09,TLKM,RG,4080,15,D,RX,AK,F
14:45:09,TLKM,RG,4080,60,D,RX,AK,F
14:45:08,TLKM,RG,4080,203,D,RX,RX,F
14:45:08,TLKM,RG,4090,84,F,ZP,YU,F
14:45:07,TLKM,RG,4080,15,D,RX,AK,F
14:45:06,TLKM,RG,4080,285,D,RX,AK,F
14:45:05,TLKM,RG,4080,1,D,RX,AK,F
14:45:04,TLKM,RG,4080,139,D,RX,AK,F
14:45:04,TLKM,RG,4080,1,D,RX,YU,F
14:45:04,TLKM,RG,4080,15,D,RX,YU,F
14:45:03,TLKM,RG,4080,2,D,RX,AK,F
14:45:03,TLKM,RG,4080,41,D,RX,AK,F
14:45:03,TLKM,RG,4080,2599,D,RX,AK,F
14:45:02,TLKM,RG,4090,2,D,PD,YU,F
14:45:02,TLKM,RG,4090,30,D,PD,YU,F
14:45:02,TLKM,RG,4080,2,D,RX,AK,F
14:45:01,TLKM,RG,4080,20,D,RX,YP,D
14:45:01,TLKM,RG,4080,16,D,RX,AK,F
14:45:01,TLKM,RG,4080,6,D,RX,YU,F
14:45:01,TLKM,RG,4080,20,D,RX,RX,F
14:45:00,TLKM,RG,4090,2,D,PD,YU,F
14:45:00,TLKM,RG,4080,118,D,RX,AK,F
14:45:00,TLKM,RG,4080,82,D,RX,AK,F
14:45:00,TLKM,RG,4080,4,D,SQ,AK,F
14:45:00,TLKM,RG,4080,1,D,CC,AK,F
14:45:00,TLKM,RG,4080,4,D,XC,AK,F
14:45:00,TLKM,RG,4080,4,F,CS,AK,F
14:45:00,TLKM,RG,4080,1,F,AK,AK,F
14:45:00,TLKM,RG,4080,91,D,CC,AK,F
14:45:00,TLKM,RG,4080,1,D,CC,AK,F
14:45:00,TLKM,RG,4080,1,D,CC,AK,F
14:44:59,TLKM,RG,4080,7,D,CC,RX,F
14:44:57,TLKM,RG,4080,1,D,YP,LG,D
14:44:57,TLKM,RG,4080,2,D,YP,AK,F
14:44:55,TLKM,RG,4080,1,D,YP,AK,F
14:44:54,TLKM,RG,4080,2,D,YP,AK,F
14:44:54,TLKM,RG,4080,1,D,PD,AK,F
14:44:54,TLKM,RG,4080,16,D,DR,AK,F
14:44:53,TLKM,RG,4080,8,D,DR,AK,F
14:44:52,TLKM,RG,4080,1,D,DR,AK,F
14:44:52,TLKM,RG,4080,69,D,DR,RX,F
14:44:52,TLKM,RG,4090,87,F,ZP,YU,F
14:44:51,TLKM,RG,4080,5,D,DR,AK,F
14:44:51,TLKM,RG,4080,19,D,DR,AK,F
14:44:50,TLKM,RG,4090,77,F,RX,YU,F
14:44:50,TLKM,RG,4080,1,D,DR,AK,F
14:44:50,TLKM,RG,4080,15,D,DR,RX,F
14:44:49,TLKM,RG,4080,3,D,DR,AK,F
14:44:49,TLKM,RG,4090,24,D,OD,YU,F
14:44:48,TLKM,RG,4090,14,F,RX,YU,F
14:44:48,TLKM,RG,4090,11,D,RX,YU,F
14:44:48,TLKM,RG,4080,36,D,DR,AK,F
14:44:47,TLKM,RG,4080,1,D,DR,AK,F
14:44:46,TLKM,RG,4080,17,D,DR,AK,F
14:44:46,TLKM,RG,4090,7,D,RX,YU,F
14:44:45,TLKM,RG,4080,208,D,DR,RX,F
14:44:45,TLKM,RG,4080,122,D,DR,AK,F
14:44:43,TLKM,RG,4080,59,D,DR,AK,F
14:44:42,TLKM,RG,4080,1,D,DR,AK,F
14:44:42,TLKM,RG,4090,1116,D,LG,YU,F
14:44:42,TLKM,RG,4080,1,D,DR,RX,F
14:44:42,TLKM,RG,4080,2,D,DR,AK,F
14:44:41,TLKM,RG,4080,20,D,DR,PD,D
14:44:40,TLKM,RG,4080,1,D,DR,AK,F
14:44:39,TLKM,RG,4080,16,D,DR,AK,F
14:44:37,TLKM,RG,4080,6,D,DR,AK,F
14:44:36,TLKM,RG,4080,7,D,DR,CS,D
14:44:36,TLKM,RG,4080,5,D,DR,YU,F
14:44:35,TLKM,RG,4080,87,D,DR,AK,F
14:44:35,TLKM,RG,4080,3,D,DR,CS,D
14:44:35,TLKM,RG,4080,16,D,DR,CS,D
14:44:35,TLKM,RG,4080,39,D,DR,AK,F
14:44:34,TLKM,RG,4080,6,D,DR,AK,F
14:44:34,TLKM,RG,4080,210,D,DR,AK,F
14:44:34,TLKM,RG,4080,53,D,OD,AK,F
14:44:34,TLKM,RG,4080,100,D,YP,AK,F
14:44:34,TLKM,RG,4080,1,F,ZP,AK,F
14:44:34,TLKM,RG,4080,7,D,PD,AK,F
14:44:34,TLKM,RG,4080,1,D,XC,AK,F
14:44:34,TLKM,RG,4080,1,D,PD,AK,F
14:44:34,TLKM,RG,4080,1,D,XC,AK,F
14:44:34,TLKM,RG,4080,12,F,ZP,AK,F
14:44:34,TLKM,RG,4080,203,F,ZP,AK,F
14:44:34,TLKM,RG,4080,40,F,ZP,PD,D
14:44:33,TLKM,RG,4080,2,F,ZP,RX,F
14:44:33,TLKM,RG,4080,1,D,XC,RX,F
14:44:33,TLKM,RG,4080,1,D,KK,RX,F
14:44:33,TLKM,RG,4080,1,D,CC,RX,F
14:44:33,TLKM,RG,4080,105,F,LG,RX,F
14:44:33,TLKM,RG,4090,86,F,ZP,YU,F
14:44:33,TLKM,RG,4080,20,F,LG,AK,F
14:44:32,TLKM,RG,4080,6,F,LG,AK,F
14:44:31,TLKM,RG,4080,11,F,LG,RX,F
14:44:31,TLKM,RG,4080,3,F,LG,AK,F
14:44:31,TLKM,RG,4090,96,D,YU,YU,F
14:44:31,TLKM,RG,4080,5,F,LG,YU,F
14:44:31,TLKM,RG,4080,10,F,LG,BB,D
14:44:30,TLKM,RG,4080,17,F,LG,AK,F
14:44:29,TLKM,RG,4080,50,F,LG,AK,F
14:44:28,TLKM,RG,4080,320,F,LG,ZP,F
14:44:28,TLKM,RG,4080,6,F,LG,AK,F
14:44:27,TLKM,RG,4080,7,F,LG,AK,F
14:44:27,TLKM,RG,4080,10,F,LG,CC,D
14:44:26,TLKM,RG,4080,10,F,LG,AK,F
14:44:26,TLKM,RG,4080,97,D,LG,AK,F
14:44:26,TLKM,RG,4080,45,D,LG,AK,F
14:44:26,TLKM,RG,4080,8,D,LG,YU,F
14:44:25,TLKM,RG,4080,128,D,LG,RX,F
14:44:25,TLKM,RG,4080,2,D,LG,AK,F
14:44:25,TLKM,RG,4080,9,D,LG,CS,F
14:44:25,TLKM,RG,4080,12,D,LG,CS,F
14:44:25,TLKM,RG,4080,50,D,LG,CS,F
14:44:25,TLKM,RG,4080,8,D,LG,CS,F
14:44:25,TLKM,RG,4080,46,D,LG,CS,F
14:44:25,TLKM,RG,4080,7,D,LG,CS,F
14:44:24,TLKM,RG,4080,27,D,LG,BB,D
14:44:24,TLKM,RG,4080,25,D,LG,BB,D
14:44:24,TLKM,RG,4080,12,D,LG,ZP,F
14:44:24,TLKM,RG,4080,41,D,LG,ZP,F
14:44:24,TLKM,RG,4080,29,D,LG,ZP,F
14:44:24,TLKM,RG,4080,4,D,LG,ZP,F
14:44:24,TLKM,RG,4080,1,D,LG,CS,F
14:44:24,TLKM,RG,4080,1,D,LG,CS,F
14:44:24,TLKM,RG,4080,43,D,LG,CS,F
14:44:24,TLKM,RG,4080,63,D,LG,CS,F
14:44:24,TLKM,RG,4080,130,D,LG,CS,F
14:44:24,TLKM,RG,4080,113,D,LG,CS,F
14:44:24,TLKM,RG,4080,242,D,LG,CS,F
14:44:24,TLKM,RG,4080,1,D,LG,AK,F
14:44:23,TLKM,RG,4080,9,D,LG,AK,F
14:44:23,TLKM,RG,4080,32,D,LG,RX,F
14:44:23,TLKM,RG,4080,2,D,LG,AK,F
14:44:22,TLKM,RG,4090,5,F,RX,YU,F
14:44:22,TLKM,RG,4080,2,D,LG,AK,F
14:44:22,TLKM,RG,4080,50,D,LG,YP,D
14:44:20,TLKM,RG,4080,30,D,LG,AK,F
14:44:20,TLKM,RG,4080,5,D,LG,AK,F
14:44:19,TLKM,RG,4080,10,D,LG,AK,F
14:44:19,TLKM,RG,4090,95,F,RX,YU,F
14:44:18,TLKM,RG,4080,90,D,LG,BB,F
14:44:18,TLKM,RG,4080,23,D,LG,BB,F
14:44:18,TLKM,RG,4080,13,D,LG,AK,F
14:44:18,TLKM,RG,4080,8,F,CS,AK,F
14:44:17,TLKM,RG,4080,1,F,CS,YP,D
14:44:17,TLKM,RG,4080,40,F,AK,YP,D
14:44:17,TLKM,RG,4080,2,D,NI,YP,D
14:44:17,TLKM,RG,4080,5,D,GR,YP,D
14:44:17,TLKM,RG,4080,1,F,AK,YP,D
14:44:17,TLKM,RG,4080,1,D,XC,YP,D
14:44:17,TLKM,RG,4080,1,D,PD,YP,D
14:44:17,TLKM,RG,4080,1,D,PD,AK,F
14:44:17,TLKM,RG,4080,4,F,AK,AK,F
14:44:16,TLKM,RG,4080,5,F,AK,AK,F
14:44:16,TLKM,RG,4090,13,F,AK,YU,F
14:44:15,TLKM,RG,4080,16,F,AK,RX,F
14:44:15,TLKM,RG,4080,1,D,XC,RX,F
14:44:15,TLKM,RG,4080,9,F,CS,RX,F
14:44:15,TLKM,RG,4080,65,F,LG,RX,F
14:44:15,TLKM,RG,4090,93,F,ZP,YU,F
14:44:14,TLKM,RG,4080,1,F,LG,AK,F
14:44:13,TLKM,RG,4080,4,F,LG,RX,F
14:44:12,TLKM,RG,4080,2,F,LG,AK,F
14:44:11,TLKM,RG,4080,3,F,LG,AK,F
14:44:11,TLKM,RG,4080,30,F,LG,SQ,D
14:44:08,TLKM,RG,4080,2,F,LG,AK,F
14:44:07,TLKM,RG,4080,1,F,LG,AK,F
14:44:05,TLKM,RG,4080,12,F,LG,AK,F
14:44:05,TLKM,RG,4080,4,F,LG,AK,F
14:44:04,TLKM,RG,4080,74,F,LG,RX,F
14:44:04,TLKM,RG,4080,1,F,LG,AK,F
14:44:04,TLKM,RG,4080,5,F,LG,YU,F
14:44:03,TLKM,RG,4080,1,F,LG,AK,F
14:44:02,TLKM,RG,4080,16,F,LG,AK,F
14:44:02,TLKM,RG,4080,27,F,LG,RX,F
14:44:01,TLKM,RG,4080,1,F,LG,AK,F
14:44:00,TLKM,RG,4080,7,F,LG,AK,F
14:43:59,TLKM,RG,4080,8,F,LG,AK,F
14:43:58,TLKM,RG,4080,138,F,LG,CC,D
14:43:58,TLKM,RG,4080,3,F,LG,AK,F
14:43:57,TLKM,RG,4080,4,F,LG,AK,F
14:43:56,TLKM,RG,4080,61,F,LG,AK,F
14:43:56,TLKM,RG,4080,11,F,LG,AK,F
14:43:55,TLKM,RG,4090,79,F,ZP,YU,F
14:43:55,TLKM,RG,4080,93,F,LG,RX,F
14:43:55,TLKM,RG,4080,8,F,LG,AK,F
14:43:54,TLKM,RG,4090,109,F,ZP,YU,F
14:43:54,TLKM,RG,4080,8,F,LG,AK,F
14:43:53,TLKM,RG,4080,161,F,LG,AK,F
14:43:53,TLKM,RG,4080,139,F,LG,RX,F
14:43:53,TLKM,RG,4080,1,F,LG,AK,F
14:43:53,TLKM,RG,4080,5,F,LG,XL,D
14:43:52,TLKM,RG,4080,78,F,LG,AK,F
14:43:52,TLKM,RG,4080,13,F,LG,YU,F
14:43:51,TLKM,RG,4080,1334,F,LG,AK,D
14:43:51,TLKM,RG,4080,142,D,LG,AK,D
14:43:50,TLKM,RG,4080,13,D,LG,AK,F
14:43:50,TLKM,RG,4080,3,D,LG,AK,F
14:43:49,TLKM,RG,4080,3,D,LG,AK,F
14:43:49,TLKM,RG,4090,60,F,RX,YU,F
14:43:47,TLKM,RG,4080,56,D,LG,AK,F
14:43:46,TLKM,RG,4080,24,D,LG,AK,F
14:43:45,TLKM,RG,4080,174,D,LG,AK,F
14:43:45,TLKM,RG,4080,271,D,LG,AK,F
14:43:45,TLKM,RG,4080,4,D,LG,AK,F
14:43:44,TLKM,RG,4080,2,D,LG,AK,F
14:43:44,TLKM,RG,4080,75,D,LG,RX,F
14:43:43,TLKM,RG,4080,1,D,LG,AK,F
14:43:42,TLKM,RG,4080,8,D,LG,RX,F
14:43:41,TLKM,RG,4080,11,D,LG,AK,F
14:43:41,TLKM,RG,4080,5,D,LG,AK,F
14:43:41,TLKM,RG,4080,9,D,LG,BB,D
14:43:40,TLKM,RG,4090,89,F,ZP,YU,F
14:43:38,TLKM,RG,4080,7,D,LG,AK,F
14:43:38,TLKM,RG,4090,1,D,XC,YU,F
14:43:36,TLKM,RG,4080,4,D,LG,AK,F
14:43:35,TLKM,RG,4080,3,D,LG,AK,F
14:43:35,TLKM,RG,4080,67,D,LG,RX,F
14:43:35,TLKM,RG,4080,5,D,LG,YU,F
14:43:34,TLKM,RG,4080,1,D,LG,AK,F
14:43:33,TLKM,RG,4080,8,D,LG,RX,F
14:43:32,TLKM,RG,4080,10,D,LG,AK,F
14:43:31,TLKM,RG,4080,4,D,LG,AK,F
14:43:30,TLKM,RG,4080,1,D,LG,AK,F
14:43:29,TLKM,RG,4090,1,D,YP,YU,F
14:43:29,TLKM,RG,4080,18,D,LG,AK,F
14:43:29,TLKM,RG,4090,59,F,RX,YU,F
14:43:29,TLKM,RG,4090,16,D,RX,YU,F
14:43:28,TLKM,RG,4090,2,F,ZP,YU,F
14:43:28,TLKM,RG,4080,9,D,LG,AK,F
14:43:27,TLKM,RG,4080,2,D,LG,AK,F
14:43:27,TLKM,RG,4080,150,D,LG,RX,F
14:43:26,TLKM,RG,4080,16,D,LG,AK,F
14:43:26,TLKM,RG,4080,1,D,LG,AK,F
14:43:25,TLKM,RG,4080,46,D,LG,ZP,F
14:43:25,TLKM,RG,4080,6,D,LG,RX,F
14:43:25,TLKM,RG,4080,2,D,LG,RX,F
14:43:24,TLKM,RG,4080,6,D,LG,AK,F
14:43:23,TLKM,RG,4080,3,D,LG,AK,F
14:43:23,TLKM,RG,4090,94,F,ZP,YU,F
14:43:22,TLKM,RG,4080,23,D,LG,ZP,F
14:43:19,TLKM,RG,4080,2,D,LG,AK,F
14:43:17,TLKM,RG,4080,1,D,LG,AK,F
14:43:16,TLKM,RG,4080,1,D,LG,AK,F
14:43:16,TLKM,RG,4080,6,D,LG,AK,F
14:43:15,TLKM,RG,4080,7,D,LG,AK,F
14:43:15,TLKM,RG,4080,5,D,LG,AK,F
14:43:15,TLKM,RG,4080,15,D,LG,RX,F
14:43:14,TLKM,RG,4080,1,D,LG,PD,D
14:43:14,TLKM,RG,4080,2,D,LG,AK,F
14:43:12,TLKM,RG,4080,17,D,LG,AK,F
14:43:12,TLKM,RG,4080,25,D,LG,ZP,F
14:43:11,TLKM,RG,4080,8,D,LG,AK,F
14:43:11,TLKM,RG,4090,5,F,RX,YU,F
14:43:10,TLKM,RG,4090,135,F,RX,YU,F
14:43:10,TLKM,RG,4080,4,D,LG,AK,F
14:43:09,TLKM,RG,4080,19,D,LG,AK,F
14:43:09,TLKM,RG,4080,1,D,LG,XC,D
14:43:09,TLKM,RG,4080,5,D,LG,AK,F
14:43:09,TLKM,RG,4080,69,D,LG,RX,F
14:43:08,TLKM,RG,4080,1,D,LG,AK,F
14:43:08,TLKM,RG,4080,1,D,LG,LG,D
14:43:07,TLKM,RG,4090,87,F,ZP,YU,F
14:43:07,TLKM,RG,4080,6,D,LG,XC,D
14:43:07,TLKM,RG,4080,9,D,LG,RX,F
14:43:06,TLKM,RG,4080,2,D,LG,AK,F
14:43:05,TLKM,RG,4080,1,D,LG,AK,F
14:43:03,TLKM,RG,4080,12,D,LG,AK,F
14:43:03,TLKM,RG,4080,14,D,LG,AK,F
14:43:02,TLKM,RG,4080,11,D,LG,AK,F
14:43:01,TLKM,RG,4080,8,D,LG,AK,F
14:43:01,TLKM,RG,4080,27,D,LG,AK,F
14:43:01,TLKM,RG,4080,133,D,LG,RX,F
14:43:01,TLKM,RG,4080,5,D,LG,YU,F
14:43:00,TLKM,RG,4080,19,D,LG,AK,F
14:43:00,TLKM,RG,4080,51,D,LG,AK,F
14:43:00,TLKM,RG,4090,662,D,CC,YU,F
14:43:00,TLKM,RG,4080,1,D,LG,AK,F
14:42:59,TLKM,RG,4080,15,D,LG,RX,F
14:42:57,TLKM,RG,4080,8,D,LG,AK,F
14:42:56,TLKM,RG,4080,4,D,LG,AK,F
14:42:55,TLKM,RG,4080,3,D,LG,CS,D
14:42:54,TLKM,RG,4080,15,D,LG,AK,F
14:42:54,TLKM,RG,4080,26,D,LG,ZP,F
14:42:54,TLKM,RG,4080,15,D,LG,CS,D
14:42:54,TLKM,RG,4080,19,D,LG,CS,D
14:42:54,TLKM,RG,4080,1,D,LG,AK,F
14:42:54,TLKM,RG,4090,1,D,XC,YU,F
14:42:53,TLKM,RG,4080,6,D,LG,AK,F
14:42:53,TLKM,RG,4080,12,D,LG,BB,D
14:42:52,TLKM,RG,4090,115,F,ZP,YU,F
14:42:51,TLKM,RG,4080,9,D,LG,AK,F
14:42:51,TLKM,RG,4080,4,D,LG,AK,F
14:42:49,TLKM,RG,4080,75,D,LG,RX,F
14:42:48,TLKM,RG,4080,3,D,LG,AK,F
14:42:48,TLKM,RG,4080,2,D,LG,AK,F
14:42:48,TLKM,RG,4080,19,D,LG,PD,D
14:42:48,TLKM,RG,4080,6,D,LG,PD,D
14:42:47,TLKM,RG,4080,3,D,LG,RX,F
14:42:47,TLKM,RG,4080,5,D,LG,CC,D
14:42:45,TLKM,RG,4080,4,D,LG,AK,F
14:42:44,TLKM,RG,4080,2,D,LG,AK,F
14:42:42,TLKM,RG,4080,30,D,LG,AK,F
14:42:42,TLKM,RG,4080,5,D,LG,AK,F
14:42:41,TLKM,RG,4080,10,D,LG,AK,F
14:42:40,TLKM,RG,4080,101,D,LG,RX,F
14:42:40,TLKM,RG,4080,6,D,LG,AK,F
14:42:39,TLKM,RG,4080,109,D,LG,AK,F
14:42:39,TLKM,RG,4080,23,D,LG,AK,F
14:42:39,TLKM,RG,4080,7,D,LG,AK,F
14:42:39,TLKM,RG,4080,39,D,LG,AK,F
14:42:39,TLKM,RG,4080,1,D,LG,AK,F
14:42:38,TLKM,RG,4080,126,D,LG,RX,F
14:42:38,TLKM,RG,4080,7,D,LG,AK,F
14:42:38,TLKM,RG,4080,73,D,LG,AK,F
14:42:38,TLKM,RG,4080,9,D,LG,YU,F
14:42:37,TLKM,RG,4080,8,D,LG,AK,F
14:42:36,TLKM,RG,4080,25,D,LG,AK,F
14:42:36,TLKM,RG,4080,138,D,LG,CS,F
14:42:36,TLKM,RG,4080,976,D,LG,CS,F
14:42:36,TLKM,RG,4080,385,D,LG,CS,F
14:42:36,TLKM,RG,4080,146,D,LG,BB,F
14:42:36,TLKM,RG,4080,1,D,LG,NI,D
14:42:35,TLKM,RG,4080,5,D,LG,AK,F
14:42:34,TLKM,RG,4090,87,F,ZP,YU,F
14:42:33,TLKM,RG,4080,8,D,LG,AK,F
14:42:33,TLKM,RG,4080,2,D,LG,AK,F
14:42:32,TLKM,RG,4080,37,D,LG,CC,D
14:42:32,TLKM,RG,4080,10,D,LG,KK,D
14:42:32,TLKM,RG,4080,2,D,LG,AK,F
14:42:30,TLKM,RG,4080,2,D,LG,AK,F
14:42:30,TLKM,RG,4080,28,D,LG,ZP,F
14:42:28,TLKM,RG,4080,10,D,LG,CC,D
14:42:28,TLKM,RG,4080,1,D,LG,AK,F
14:42:27,TLKM,RG,4080,3,D,LG,AK,F
14:42:27,TLKM,RG,4080,10,D,LG,TP,D
14:42:26,TLKM,RG,4080,1,D,LG,AK,F
14:42:24,TLKM,RG,4080,2,D,LG,AK,F
14:42:24,TLKM,RG,4090,2,F,ZP,YU,F
14:42:24,TLKM,RG,4080,13,D,LG,YP,D
14:42:23,TLKM,RG,4080,1,D,LG,AK,F
14:42:22,TLKM,RG,4080,5,D,LG,AK,F
14:42:21,TLKM,RG,4080,14,D,LG,AK,F
14:42:20,TLKM,RG,4080,96,D,LG,ZP,F
14:42:20,TLKM,RG,4080,2,D,LG,AK,F
14:42:18,TLKM,RG,4080,22,D,LG,AK,F
14:42:18,TLKM,RG,4090,16,D,RX,YU,F
14:42:18,TLKM,RG,4080,1,D,LG,AK,F
14:42:17,TLKM,RG,4080,8,D,LG,AK,F
14:42:17,TLKM,RG,4080,5,D,LG,YU,F
14:42:16,TLKM,RG,4080,28,D,LG,ZP,F
14:42:16,TLKM,RG,4080,31,D,LG,AK,F
14:42:15,TLKM,RG,4080,4,D,LG,AK,F
14:42:15,TLKM,RG,4080,60,D,LG,AK,F
14:42:15,TLKM,RG,4090,87,F,ZP,YU,F
14:42:15,TLKM,RG,4080,582,D,LG,AK,F
14:42:02,TLKM,RG,4080,1,D,LG,AK,F
14:42:01,TLKM,RG,4080,2,D,LG,AK,F
14:42:01,TLKM,RG,4090,2,F,ZP,YU,F
14:42:00,TLKM,RG,4080,12,D,LG,BB,D
14:41:58,TLKM,RG,4080,4,D,LG,AK,F
14:41:58,TLKM,RG,4080,1,D,LG,AK,F
14:41:57,TLKM,RG,4080,1,D,LG,AK,F
14:41:56,TLKM,RG,4080,28,D,LG,ZP,F
14:41:55,TLKM,RG,4080,8,D,LG,AK,F
14:41:55,TLKM,RG,4080,4,D,LG,AK,F
14:41:53,TLKM,RG,4090,72,F,ZP,YU,F
14:41:53,TLKM,RG,4080,1,D,LG,KZ,F
14:41:53,TLKM,RG,4080,2,D,LG,KZ,F
14:41:53,TLKM,RG,4080,1,D,LG,KZ,F
14:41:53,TLKM,RG,4080,1,D,LG,KZ,F
14:41:53,TLKM,RG,4080,2,D,LG,KZ,F
14:41:53,TLKM,RG,4080,1,D,LG,KZ,F
14:41:52,TLKM,RG,4080,1,D,LG,AK,F
14:41:51,TLKM,RG,4080,1,D,LG,AK,F
14:41:50,TLKM,RG,4080,3,D,LG,AK,F
14:41:49,TLKM,RG,4080,8,D,LG,AK,F
14:41:48,TLKM,RG,4080,73,D,LG,BB,D
14:41:44,TLKM,RG,4080,1,D,LG,AK,F
14:41:42,TLKM,RG,4080,3,D,LG,AK,F
14:41:41,TLKM,RG,4080,1,D,LG,AK,F
14:41:39,TLKM,RG,4080,22,D,LG,AK,F
14:41:39,TLKM,RG,4080,8,D,LG,AK,F
14:41:38,TLKM,RG,4080,161,D,LG,AK,F
14:41:38,TLKM,RG,4080,2,D,LG,AK,F
14:41:36,TLKM,RG,4080,6,D,LG,AK,F
14:41:36,TLKM,RG,4080,11,D,LG,ZP,F
14:41:36,TLKM,RG,4080,23,D,LG,ZP,F
14:41:36,TLKM,RG,4080,4,D,LG,AK,F
14:41:34,TLKM,RG,4090,61,F,ZP,YU,F
14:41:33,TLKM,RG,4080,3,D,LG,AK,F
14:41:33,TLKM,RG,4080,1,D,LG,AK,F
14:41:33,TLKM,RG,4080,25,D,LG,XL,D
14:41:28,TLKM,RG,4080,3,D,LG,SQ,D
14:41:26,TLKM,RG,4080,1,D,LG,AK,F
14:41:25,TLKM,RG,4080,1,D,LG,AK,F
14:41:24,TLKM,RG,4080,1,D,LG,XL,D
14:41:23,TLKM,RG,4080,1,D,LG,AK,F
14:41:23,TLKM,RG,4080,2,D,LG,PD,D
14:41:23,TLKM,RG,4080,5,D,LG,YU,F
14:41:21,TLKM,RG,4080,3,D,LG,AK,F
14:41:20,TLKM,RG,4080,9,D,LG,AK,F
14:41:20,TLKM,RG,4090,1,F,KK,YU,F
14:41:19,TLKM,RG,4090,62,F,ZP,YU,F
14:41:18,TLKM,RG,4080,2,D,LG,AK,F
14:41:17,TLKM,RG,4080,20,D,LG,AK,F
14:41:16,TLKM,RG,4090,1,D,PD,YU,F
14:41:16,TLKM,RG,4080,9,D,LG,AK,F
14:41:15,TLKM,RG,4080,33,D,LG,AK,F
14:41:15,TLKM,RG,4080,1,D,PD,AK,F
14:41:15,TLKM,RG,4080,122,D,PD,AK,F
14:41:15,TLKM,RG,4080,2,D,KK,AK,F
14:41:15,TLKM,RG,4080,1,D,PD,AK,F
14:41:15,TLKM,RG,4080,16,F,DX,AK,F
14:41:14,TLKM,RG,4080,8,F,DX,AK,F
14:41:14,TLKM,RG,4080,4,F,DX,AK,F
14:41:13,TLKM,RG,4090,1,D,NI,YU,F
14:41:12,TLKM,RG,4080,77,F,DX,ZP,F
14:41:12,TLKM,RG,4080,1,F,DX,AK,F
14:41:11,TLKM,RG,4080,2,F,DX,AK,F
14:41:10,TLKM,RG,4090,16,D,RX,YU,F
14:41:08,TLKM,RG,4080,3,F,DX,AK,F
14:41:07,TLKM,RG,4080,2,F,DX,AK,F
14:41:06,TLKM,RG,4080,13,F,DX,BB,D
14:41:05,TLKM,RG,4080,16,F,DX,AK,F
14:41:03,TLKM,RG,4080,7,F,DX,AK,F
14:41:03,TLKM,RG,4080,10,F,DX,NI,D
14:41:03,TLKM,RG,4080,13,F,DX,AK,F
14:41:02,TLKM,RG,4090,97,F,ZP,YU,F
14:41:02,TLKM,RG,4080,25,F,DX,AK,F
14:41:02,TLKM,RG,4080,3,F,DX,PD,D
14:41:01,TLKM,RG,4080,240,F,DX,LG,D
14:40:54,TLKM,RG,4080,5,F,DX,AK,F
14:40:53,TLKM,RG,4080,2,F,DX,AK,F
14:40:51,TLKM,RG,4080,45,F,DX,AK,F
14:40:51,TLKM,RG,4080,3,F,DX,PD,D
14:40:51,TLKM,RG,4080,22,F,DX,AK,F
14:40:50,TLKM,RG,4080,400,F,DX,SQ,D
14:40:50,TLKM,RG,4080,1,F,DX,AK,F
14:40:49,TLKM,RG,4080,2,F,DX,CC,D
14:40:49,TLKM,RG,4080,1,F,DX,CP,D
14:40:48,TLKM,RG,4080,16,F,DX,AK,F
14:40:47,TLKM,RG,4080,7,F,DX,AK,F
14:40:46,TLKM,RG,4080,5,F,DX,YU,F
14:40:46,TLKM,RG,4080,7,F,DX,AK,F
14:40:45,TLKM,RG,4090,125,F,ZP,YU,F
14:40:45,TLKM,RG,4080,14,F,DX,AK,F
14:40:45,TLKM,RG,4080,131,F,DX,AK,F
14:40:36,TLKM,RG,4080,2,F,DX,AK,F
14:40:36,TLKM,RG,4080,5,F,DX,XC,D
14:40:35,TLKM,RG,4080,1,F,DX,AK,F
14:40:34,TLKM,RG,4080,17,F,DX,XC,D
14:40:33,TLKM,RG,4080,1,F,DX,AK,F
14:40:32,TLKM,RG,4080,1,F,DX,AK,F
14:40:30,TLKM,RG,4080,11,F,DX,AK,F
14:40:29,TLKM,RG,4080,4,F,DX,AK,F
14:40:28,TLKM,RG,4080,9,F,DX,AK,F
14:40:27,TLKM,RG,4080,40,F,DX,AK,F
14:40:27,TLKM,RG,4080,36,F,DX,CS,D
14:40:27,TLKM,RG,4080,11,F,DX,AK,F
14:40:26,TLKM,RG,4080,167,F,DX,BB,F
14:40:25,TLKM,RG,4090,113,F,ZP,YU,F
14:40:25,TLKM,RG,4090,100,D,PD,YU,F
14:40:25,TLKM,RG,4080,1,F,DX,AK,F
14:40:24,TLKM,RG,4080,3,F,DX,AK,F
14:40:24,TLKM,RG,4080,11,F,DX,DH,D
14:40:23,TLKM,RG,4080,1,F,DX,AK,F
14:40:21,TLKM,RG,4080,34,F,DX,AK,F
14:40:21,TLKM,RG,4080,1,F,DX,AK,F
14:40:20,TLKM,RG,4080,14,F,DX,AK,F
14:40:19,TLKM,RG,4080,5,F,DX,CC,D
14:40:18,TLKM,RG,4080,24,F,DX,ZP,F
14:40:18,TLKM,RG,4080,42,F,DX,AK,F
14:40:18,TLKM,RG,4080,235,F,DX,AK,F
14:40:18,TLKM,RG,4080,6,F,DX,YU,F
14:40:18,TLKM,RG,4080,806,F,DX,CS,F
14:40:16,TLKM,RG,4080,75,F,DX,AK,F
14:40:16,TLKM,RG,4080,5,F,DX,YU,F
14:40:15,TLKM,RG,4080,551,F,DX,AK,F
14:40:15,TLKM,RG,4080,2,F,DX,AK,F
14:40:15,TLKM,RG,4080,875,F,DX,AK,F
14:40:14,TLKM,RG,4080,1,F,DX,AK,F
14:40:12,TLKM,RG,4080,14,F,DX,AK,F
14:40:11,TLKM,RG,4080,6,F,DX,AK,F
14:40:10,TLKM,RG,4080,2,F,DX,AK,F
14:40:09,TLKM,RG,4090,111,F,ZP,YU,F
14:40:09,TLKM,RG,4080,2,F,DX,AK,F
14:40:08,TLKM,RG,4080,25,F,DX,YP,D
14:40:08,TLKM,RG,4080,15,F,DX,BB,D
14:40:05,TLKM,RG,4080,2,F,DX,AK,F
14:40:03,TLKM,RG,4080,1,F,DX,AK,F
14:40:02,TLKM,RG,4080,5,F,DX,AK,F
14:40:02,TLKM,RG,4080,5,F,DX,YU,F
14:40:02,TLKM,RG,4080,10,F,DX,AK,F
14:40:01,TLKM,RG,4080,95,F,DX,ZP,F
14:39:55,TLKM,RG,4080,1,F,DX,AK,F
14:39:53,TLKM,RG,4080,2,F,DX,AK,F
14:39:52,TLKM,RG,4080,3,F,DX,AK,F
14:39:52,TLKM,RG,4080,30,F,DX,CC,D
14:39:49,TLKM,RG,4080,1,F,DX,AK,F
14:39:48,TLKM,RG,4080,8,F,DX,AK,F
14:39:37,TLKM,RG,4080,1,F,DX,AK,F
14:39:34,TLKM,RG,4080,12,F,DX,AK,F
14:39:33,TLKM,RG,4080,114,F,DX,YU,F
14:39:31,TLKM,RG,4080,2,F,DX,AK,F
14:39:28,TLKM,RG,4080,22,F,DX,AK,F
14:39:26,TLKM,RG,4080,220,F,DX,AK,F
14:39:25,TLKM,RG,4080,1,F,DX,AK,F
14:39:24,TLKM,RG,4080,3,F,DX,NI,D
14:39:22,TLKM,RG,4080,5,F,DX,AK,F
14:39:19,TLKM,RG,4080,44,F,DX,AK,F
14:39:19,TLKM,RG,4080,145,F,DX,YU,F
14:39:16,TLKM,RG,4080,106,F,DX,AK,F
14:39:16,TLKM,RG,4080,1,D,PD,AK,F
14:39:16,TLKM,RG,4080,99,F,ZP,AK,F
14:39:16,TLKM,RG,4080,68,F,ZP,AK,F
14:39:16,TLKM,RG,4080,18,D,LG,AK,F
14:39:13,TLKM,RG,4080,14,D,LG,YU,F
14:39:13,TLKM,RG,4080,17,D,LG,AK,F
14:39:12,TLKM,RG,4080,201,D,LG,BQ,D
14:39:12,TLKM,RG,4080,13,D,CC,BQ,D
14:39:12,TLKM,RG,4080,78,F,ZP,BQ,D
14:39:12,TLKM,RG,4080,16,D,KK,BQ,D
14:39:12,TLKM,RG,4080,82,F,ZP,BQ,D
14:39:12,TLKM,RG,4080,5,D,PD,BQ,D
14:39:12,TLKM,RG,4080,12,F,AK,BQ,D
14:39:12,TLKM,RG,4080,1,D,XC,BQ,D
14:39:12,TLKM,RG,4080,98,F,ZP,BQ,D
14:39:12,TLKM,RG,4080,9,D,YB,BQ,D
14:39:12,TLKM,RG,4080,1,D,PD,BQ,D
14:39:12,TLKM,RG,4080,1,D,YP,BQ,D
14:39:12,TLKM,RG,4080,3,D,XC,BQ,D
14:39:12,TLKM,RG,4080,5,D,CC,BQ,D
14:39:12,TLKM,RG,4080,2,D,TP,BQ,D
14:39:12,TLKM,RG,4080,1,D,SQ,BQ,D
14:39:12,TLKM,RG,4080,200,D,PD,BQ,D
14:39:12,TLKM,RG,4080,2,D,YP,BQ,D
14:39:12,TLKM,RG,4080,1,D,XC,BQ,D
14:39:12,TLKM,RG,4080,1,D,PD,BQ,D
14:39:12,TLKM,RG,4080,100,D,NI,BQ,D
14:39:12,TLKM,RG,4080,1,D,CD,BQ,D
14:39:12,TLKM,RG,4080,1,D,XC,BQ,D
14:39:12,TLKM,RG,4080,15,D,PD,BQ,D
14:39:12,TLKM,RG,4080,2,D,YP,BQ,D
14:39:12,TLKM,RG,4080,1,D,PD,BQ,D
14:39:12,TLKM,RG,4080,1,D,XC,BQ,D
14:39:12,TLKM,RG,4080,49,D,OD,BQ,D
14:39:12,TLKM,RG,4080,1,D,DH,BQ,D
14:39:12,TLKM,RG,4080,2,D,PD,BQ,D
14:39:12,TLKM,RG,4080,1,D,PD,BQ,D
14:39:12,TLKM,RG,4080,2,D,CC,BQ,D
14:39:12,TLKM,RG,4080,1,D,NI,BQ,D
14:39:12,TLKM,RG,4080,20,D,DR,BQ,D
14:39:12,TLKM,RG,4080,2,D,YP,BQ,D
14:39:12,TLKM,RG,4080,2,D,YP,BQ,D
14:39:12,TLKM,RG,4080,25,D,NI,BQ,D
14:39:12,TLKM,RG,4080,3,D,SQ,BQ,D
14:39:12,TLKM,RG,4080,12,F,ZP,BQ,D
14:39:12,TLKM,RG,4080,10,D,XC,BQ,D
14:39:12,TLKM,RG,4080,20,D,XC,BQ,D
14:39:12,TLKM,RG,4080,1,D,PD,BQ,D
14:39:12,TLKM,RG,4080,4,D,YP,BQ,D
14:39:12,TLKM,RG,4080,50,D,PD,BQ,D
14:39:12,TLKM,RG,4080,10,D,AG,BQ,D
14:39:12,TLKM,RG,4080,2,D,XL,BQ,D
14:39:12,TLKM,RG,4080,1,D,XC,BQ,D
14:39:12,TLKM,RG,4080,94,D,YU,BQ,D
14:39:12,TLKM,RG,4080,4,D,YP,BQ,D
14:39:12,TLKM,RG,4080,50,D,DR,BQ,D
14:39:12,TLKM,RG,4080,5,D,XC,BQ,D
14:39:12,TLKM,RG,4080,1,D,XC,BQ,D
14:39:12,TLKM,RG,4080,5,D,CC,BQ,D
14:39:12,TLKM,RG,4080,30,D,YP,BQ,D
14:39:12,TLKM,RG,4080,2,D,YP,BQ,D
14:39:12,TLKM,RG,4080,1,D,XC,BQ,D
14:39:12,TLKM,RG,4080,1,D,YP,BQ,D
14:39:12,TLKM,RG,4080,50,D,SQ,BQ,D
14:39:12,TLKM,RG,4080,10,D,YP,BQ,D
14:39:12,TLKM,RG,4080,17,D,CC,BQ,D
14:39:12,TLKM,RG,4080,1500,D,LG,BQ,D
14:39:12,TLKM,RG,4080,159,F,DX,BQ,D
14:39:10,TLKM,RG,4080,5,F,DX,XC,D
14:39:04,TLKM,RG,4080,3,F,DX,AK,F
14:39:03,TLKM,RG,4080,18,F,DX,BB,D
14:39:01,TLKM,RG,4080,8,F,DX,AK,F
14:39:01,TLKM,RG,4090,76,F,ZP,YU,F
14:38:58,TLKM,RG,4080,1,F,DX,AK,F
14:38:55,TLKM,RG,4080,6,F,DX,AK,F
14:38:54,TLKM,RG,4080,34,F,DX,ZP,F
14:38:52,TLKM,RG,4080,5,F,DX,YU,F
14:38:52,TLKM,RG,4080,3,F,DX,CD,D
14:38:52,TLKM,RG,4080,20,F,DX,AK,F
14:38:51,TLKM,RG,4080,198,F,DX,YU,F
14:38:49,TLKM,RG,4080,1,F,DX,AK,F
14:38:46,TLKM,RG,4080,8,F,DX,AK,F
14:38:45,TLKM,RG,4090,81,F,ZP,YU,F
14:38:34,TLKM,RG,4080,1,F,DX,AK,F
14:38:31,TLKM,RG,4080,12,F,DX,AK,F
14:38:30,TLKM,RG,4080,41,F,DX,ZP,F
14:38:28,TLKM,RG,4080,68,F,DX,AK,F
14:38:26,TLKM,RG,4090,11,F,ZP,YU,F
14:38:26,TLKM,RG,4090,63,F,ZP,RX,F
14:38:25,TLKM,RG,4080,602,F,DX,AK,F
14:38:25,TLKM,RG,4080,1,F,DX,AK,F
14:38:24,TLKM,RG,4090,1,D,PD,RX,F
14:38:14,TLKM,RG,4090,2,D,XC,RX,F
14:38:11,TLKM,RG,4080,7,F,DX,AK,F
14:38:09,TLKM,RG,4090,58,F,ZP,RX,F
14:38:08,TLKM,RG,4080,5,F,DX,AK,F
14:38:06,TLKM,RG,4080,44,F,DX,BB,D
14:38:05,TLKM,RG,4080,8,F,DX,AK,F
14:38:03,TLKM,RG,4080,68,F,DX,YU,F
14:38:02,TLKM,RG,4080,7,F,DX,AK,F
14:38:01,TLKM,RG,4080,1,F,DX,NI,D
14:37:59,TLKM,RG,4080,72,F,DX,AK,F
14:37:57,TLKM,RG,4080,6,F,DX,YU,F
14:37:56,TLKM,RG,4080,542,F,DX,AK,F
14:37:56,TLKM,RG,4080,6,F,DX,AK,F
14:37:55,TLKM,RG,4080,40,F,DX,BB,F
14:37:55,TLKM,RG,4080,5,D,CC,BB,F
14:37:55,TLKM,RG,4080,3,D,PD,BB,F
14:37:55,TLKM,RG,4080,5,D,AT,BB,F
14:37:55,TLKM,RG,4080,1,F,ZP,BB,F
14:37:55,TLKM,RG,4080,2,D,XC,BB,F
14:37:55,TLKM,RG,4080,1,D,XC,BB,F
14:37:55,TLKM,RG,4080,10,D,KK,BB,F
14:37:55,TLKM,RG,4080,1,D,CC,BB,F
14:37:55,TLKM,RG,4080,1,D,NI,BB,F
14:37:55,TLKM,RG,4080,25,D,DX,BB,F
14:37:55,TLKM,RG,4080,4,D,PD,BB,F
14:37:55,TLKM,RG,4080,52,F,LG,BB,F
14:37:55,TLKM,RG,4080,34,F,LG,ZP,F
14:37:53,TLKM,RG,4080,23,F,LG,AK,F
14:37:50,TLKM,RG,4080,210,F,LG,YU,F
14:37:50,TLKM,RG,4080,19,F,LG,AK,F
14:37:49,TLKM,RG,4090,55,F,ZP,RX,F
14:37:47,TLKM,RG,4080,5,F,LG,AK,F
14:37:46,TLKM,RG,4090,57,D,PD,RX,F
14:37:46,TLKM,RG,4090,8,D,PD,BQ,D
14:37:46,TLKM,RG,4090,65,D,PD,BQ,D
14:37:44,TLKM,RG,4080,4,F,LG,AK,F
14:37:44,TLKM,RG,4080,42,F,LG,CS,D
14:37:42,TLKM,RG,4080,11,F,LG,BB,D
14:37:41,TLKM,RG,4080,4,F,LG,PD,D
14:37:41,TLKM,RG,4080,20,F,LG,AK,F
14:37:39,TLKM,RG,4090,65,D,PD,BQ,D
14:37:39,TLKM,RG,4090,65,D,PD,BQ,D
14:37:38,TLKM,RG,4090,65,D,PD,BQ,D
14:37:38,TLKM,RG,4080,4,F,LG,AK,F
14:37:37,TLKM,RG,4080,37,F,LG,ZP,F
14:37:34,TLKM,RG,4090,2,D,YU,BQ,D
14:37:33,TLKM,RG,4080,7,F,LG,AK,F
14:37:32,TLKM,RG,4090,53,F,ZP,BQ,D
14:37:30,TLKM,RG,4080,11,F,LG,AK,F
14:37:29,TLKM,RG,4090,104,D,PD,BQ,D
14:37:26,TLKM,RG,4080,7,F,LG,AK,F
14:37:25,TLKM,RG,4090,65,D,PD,BQ,D
14:37:24,TLKM,RG,4090,1,D,PD,BQ,D
14:37:19,TLKM,RG,4080,1,F,LG,AK,F
14:37:16,TLKM,RG,4080,5,F,LG,AK,F
14:37:15,TLKM,RG,4090,49,F,ZP,BQ,D
14:37:12,TLKM,RG,4080,7,F,LG,AK,F
14:37:11,TLKM,RG,4080,40,F,LG,ZP,F
14:37:09,TLKM,RG,4080,25,F,LG,AK,F
14:37:08,TLKM,RG,4080,247,F,LG,YU,F
14:37:05,TLKM,RG,4080,1,F,LG,AK,F
14:37:02,TLKM,RG,4080,7,F,LG,PD,D
14:37:02,TLKM,RG,4080,1,F,LG,AK,F
14:37:02,TLKM,RG,4090,1,D,PD,BQ,D
14:37:01,TLKM,RG,4080,7,F,LG,XC,D
14:36:55,TLKM,RG,4080,1,F,LG,AK,F
14:36:52,TLKM,RG,4080,13,F,LG,XC,D
14:36:52,TLKM,RG,4080,1,F,LG,AK,F
14:36:49,TLKM,RG,4080,2,F,LG,AK,F
14:36:47,TLKM,RG,4080,15,F,LG,YU,D
14:36:46,TLKM,RG,4080,8,F,LG,AK,F
14:36:43,TLKM,RG,4080,7,F,LG,AK,F
14:36:43,TLKM,RG,4080,76,F,LG,ZP,F
14:36:40,TLKM,RG,4090,5,D,OD,BQ,D
14:36:40,TLKM,RG,4080,5,F,LG,YU,F
14:36:40,TLKM,RG,4080,51,F,LG,AK,F
14:36:39,TLKM,RG,4080,151,F,LG,YU,F
14:36:39,TLKM,RG,4080,354,D,LG,YU,F
14:36:07,TLKM,RG,4080,1,D,LG,YP,D
14:35:59,TLKM,RG,4080,2,D,LG,DH,D
14:35:57,TLKM,RG,4080,1,D,LG,XC,D
14:35:56,TLKM,RG,4080,1,D,LG,AK,F
14:35:53,TLKM,RG,4080,6,D,LG,AK,F
14:35:50,TLKM,RG,4080,7,D,LG,AK,F
14:35:49,TLKM,RG,4090,12,D,PD,BQ,D
14:35:49,TLKM,RG,4080,42,D,LG,ZP,F
14:35:48,TLKM,RG,4080,3,D,LG,YP,D
14:35:47,TLKM,RG,4080,12,D,LG,AK,F
14:35:46,TLKM,RG,4080,50,D,LG,DH,D
14:35:46,TLKM,RG,4080,100,D,LG,YU,F
14:35:46,TLKM,RG,4080,21,D,LG,YU,F
14:35:40,TLKM,RG,4080,1,D,LG,AK,F
14:35:38,TLKM,RG,4080,1,D,LG,XC,D
14:35:37,TLKM,RG,4080,2,D,LG,AK,F
14:35:37,TLKM,RG,4080,3,D,LG,AK,F
14:35:35,TLKM,RG,4090,1,D,PD,BQ,D
14:35:34,TLKM,RG,4080,47,D,LG,AK,F
14:35:32,TLKM,RG,4080,1,D,LG,PD,D
14:35:32,TLKM,RG,4080,50,D,LG,YU,F
14:35:32,TLKM,RG,4080,16,D,LG,YU,F
14:35:32,TLKM,RG,4080,92,D,LG,YU,F
14:35:32,TLKM,RG,4080,69,D,LG,YU,F
14:35:32,TLKM,RG,4080,75,D,LG,YU,F
14:35:32,TLKM,RG,4080,94,D,LG,YU,F
14:35:31,TLKM,RG,4080,5,D,LG,YU,F
14:35:31,TLKM,RG,4080,41,D,LG,AK,F
14:35:31,TLKM,RG,4080,11,D,LG,AK,F
14:35:31,TLKM,RG,4080,3,D,LG,AK,F
14:35:31,TLKM,RG,4080,5,D,LG,AK,F
14:35:30,TLKM,RG,4080,81,D,LG,AK,F
14:35:30,TLKM,RG,4080,126,D,LG,AK,F
14:35:30,TLKM,RG,4080,386,D,LG,AK,F
14:35:17,TLKM,RG,4080,1,D,LG,AK,F
14:35:14,TLKM,RG,4080,1,D,LG,AK,F
14:35:13,TLKM,RG,4080,8,D,LG,ZP,F
14:35:13,TLKM,RG,4080,9,D,LG,ZP,F
14:35:10,TLKM,RG,4080,1,D,LG,AK,F
14:35:07,TLKM,RG,4080,6,D,LG,AK,F
14:35:04,TLKM,RG,4080,64,D,LG,AK,F
14:35:01,TLKM,RG,4090,5,D,XC,BQ,D
14:35:01,TLKM,RG,4080,12,D,LG,AK,F
14:35:01,TLKM,RG,4080,614,D,LG,AK,F
14:34:58,TLKM,RG,4080,155,D,LG,AK,F
14:34:58,TLKM,RG,4080,2,D,LG,AK,F
14:34:57,TLKM,RG,4080,3,D,LG,PD,D
14:34:57,TLKM,RG,4090,934,D,CC,BQ,D
14:34:57,TLKM,RG,4090,100,D,CC,XC,D
14:34:57,TLKM,RG,4090,98,D,CC,ZP,F
14:34:57,TLKM,RG,4090,2700,D,CC,BK,F
14:34:57,TLKM,RG,4090,5,D,CC,AK,F
14:34:57,TLKM,RG,4090,795,D,CC,AK,D
14:34:57,TLKM,RG,4090,29,D,CC,KZ,F
14:34:57,TLKM,RG,4090,72,D,CC,AK,F
14:34:57,TLKM,RG,4090,1,D,CC,KZ,F
14:34:57,TLKM,RG,4090,1,D,CC,KZ,F
14:34:57,TLKM,RG,4090,20,D,CC,CC,F
14:34:57,TLKM,RG,4090,1047,D,CC,RX,F
14:34:57,TLKM,RG,4090,19,D,CC,YU,F
14:34:57,TLKM,RG,4090,3,D,CC,KZ,F
14:34:57,TLKM,RG,4090,4,D,CC,KZ,F
14:34:57,TLKM,RG,4090,1,D,CC,KZ,F
14:34:57,TLKM,RG,4090,1,D,CC,KZ,F
14:34:57,TLKM,RG,4090,1,D,CC,KZ,F
14:34:57,TLKM,RG,4090,2,D,CC,KZ,F
14:34:57,TLKM,RG,4090,81,D,CC,BB,F
14:34:57,TLKM,RG,4090,73,D,CC,BB,D
14:34:57,TLKM,RG,4090,13,D,CC,ZP,F
14:34:55,TLKM,RG,4080,5,D,LG,AK,F
14:34:54,TLKM,RG,4080,50,D,LG,XC,D
14:34:49,TLKM,RG,4080,2,D,LG,AK,F
14:34:46,TLKM,RG,4080,18,D,LG,AK,F
14:34:43,TLKM,RG,4080,10,D,LG,AK,F
14:34:42,TLKM,RG,4080,4,D,LG,AK,F
14:34:41,TLKM,RG,4080,85,D,LG,YU,F
14:34:41,TLKM,RG,4080,73,D,LG,YU,F
14:34:41,TLKM,RG,4080,1,D,YP,YU,F
14:34:41,TLKM,RG,4080,1,D,XC,YU,F
14:34:41,TLKM,RG,4080,1,D,XC,YU,F
14:34:41,TLKM,RG,4080,2,D,XC,YU,F
14:34:41,TLKM,RG,4080,34,F,ZP,YU,F
14:34:41,TLKM,RG,4080,3,D,XC,YU,F
14:34:40,TLKM,RG,4080,5,D,XC,CC,D
14:34:37,TLKM,RG,4080,1,D,XC,AK,F
14:34:35,TLKM,RG,4080,1,D,XC,AK,F
14:34:33,TLKM,RG,4090,3,D,PD,ZP,F
14:34:32,TLKM,RG,4080,6,D,XC,AK,F
14:34:31,TLKM,RG,4080,2,D,XC,AK,F
14:34:30,TLKM,RG,4080,2,D,XC,AK,F
14:34:29,TLKM,RG,4080,34,D,XC,AK,F
14:34:29,TLKM,RG,4080,15,D,XC,AK,F
14:34:28,TLKM,RG,4080,31,D,XC,ZP,F
14:34:28,TLKM,RG,4080,10,D,XC,ZP,F
14:34:28,TLKM,RG,4080,9,D,GR,ZP,F
14:34:28,TLKM,RG,4080,64,D,GR,BB,F
14:34:28,TLKM,RG,4080,2,D,NI,BB,F
14:34:28,TLKM,RG,4080,20,D,CC,BB,F
14:34:28,TLKM,RG,4080,1,D,YP,BB,F
14:34:28,TLKM,RG,4080,24,D,DR,BB,F
14:34:28,TLKM,RG,4080,6,D,XC,BB,F
14:34:28,TLKM,RG,4080,1,D,XC,BB,F
14:34:28,TLKM,RG,4080,10,D,XL,BB,F
14:34:28,TLKM,RG,4080,2,D,PD,BB,F
14:34:28,TLKM,RG,4080,1,D,YP,BB,F
14:34:28,TLKM,RG,4080,54,D,TP,BB,F
14:34:28,TLKM,RG,4080,2,D,NI,BB,F
14:34:28,TLKM,RG,4080,2,D,DH,BB,F
14:34:28,TLKM,RG,4080,7,D,TP,BB,F
14:34:28,TLKM,RG,4080,2,D,DH,BB,F
14:34:28,TLKM,RG,4080,40,D,YP,BB,F
14:34:28,TLKM,RG,4080,41,D,RX,BB,F
14:34:27,TLKM,RG,4080,1,D,RX,AK,F
14:34:26,TLKM,RG,4080,1,D,RX,AK,F
14:34:26,TLKM,RG,4090,10,D,XC,ZP,F
14:34:26,TLKM,RG,4080,1,D,RX,XC,D
14:34:19,TLKM,RG,4080,1,D,RX,AK,F
14:34:16,TLKM,RG,4090,4,D,PD,ZP,F
14:34:16,TLKM,RG,4080,5,D,RX,AK,F
14:34:14,TLKM,RG,4080,2,D,RX,AK,F
14:34:12,TLKM,RG,4080,30,D,RX,AK,F
14:34:12,TLKM,RG,4080,15,D,RX,AK,F
14:34:12,TLKM,RG,4080,5,D,RX,YU,F
14:34:11,TLKM,RG,4080,274,D,RX,AK,F
14:34:11,TLKM,RG,4080,6,D,RX,AK,F
14:34:09,TLKM,RG,4080,12,D,RX,AK,F
14:34:09,TLKM,RG,4080,120,D,RX,YU,F
14:34:00,TLKM,RG,4080,1,D,RX,AK,F
14:33:58,TLKM,RG,4080,6,D,RX,AK,F
14:33:57,TLKM,RG,4080,2,D,RX,AK,F
14:33:56,TLKM,RG,4080,17,D,RX,AK,F
14:33:55,TLKM,RG,4080,34,D,RX,AK,F
14:33:54,TLKM,RG,4080,334,D,RX,YU,F
14:33:50,TLKM,RG,4080,1,D,RX,PD,D
14:33:50,TLKM,RG,4080,1,D,RX,AK,F
14:33:48,TLKM,RG,4080,1,D,RX,AK,F
14:33:47,TLKM,RG,4080,3,D,RX,AK,F
14:33:47,TLKM,RG,4080,6,D,RX,AK,F
14:33:45,TLKM,RG,4080,58,D,RX,YP,D
14:33:37,TLKM,RG,4080,2,D,RX,AK,F
14:33:35,TLKM,RG,4080,1,D,RX,AK,F
14:33:34,TLKM,RG,4080,2,D,RX,XC,D
14:33:34,TLKM,RG,4080,14,D,RX,AK,F
14:33:32,TLKM,RG,4080,6,D,RX,AK,F
14:33:31,TLKM,RG,4080,1,D,RX,AK,F
14:33:31,TLKM,RG,4080,131,D,RX,AK,F
14:33:29,TLKM,RG,4090,1,D,PD,ZP,F
14:33:29,TLKM,RG,4080,64,D,RX,AK,F
14:33:28,TLKM,RG,4080,6,D,RX,YU,F
14:33:28,TLKM,RG,4080,1216,D,RX,AK,F
14:33:24,TLKM,RG,4080,24,D,RX,AK,F
14:33:23,TLKM,RG,4080,459,D,RX,YU,F
14:33:23,TLKM,RG,4080,4,D,RX,AK,F
14:33:21,TLKM,RG,4080,76,D,RX,ZP,F
14:33:17,TLKM,RG,4080,1,D,RX,AK,F
14:33:16,TLKM,RG,4080,186,D,RX,AK,F
14:33:16,TLKM,RG,4080,15,D,RX,YU,F
14:33:15,TLKM,RG,4080,1814,D,RX,AK,D
14:33:15,TLKM,RG,4080,1,D,XC,AK,D
14:33:15,TLKM,RG,4080,598,D,LG,AK,D
14:33:15,TLKM,RG,4080,1,D,XC,AK,D
14:33:15,TLKM,RG,4080,598,D,LG,AK,D
14:33:15,TLKM,RG,4080,10,F,ZP,AK,D
14:33:15,TLKM,RG,4080,3,D,XC,AK,D
14:33:15,TLKM,RG,4080,1,D,AZ,AK,D
14:33:15,TLKM,RG,4080,398,D,RX,AK,D
14:33:15,TLKM,RG,4080,118,D,RX,AK,F
14:33:14,TLKM,RG,4080,1,D,RX,RO,D
14:33:13,TLKM,RG,4080,2,D,RX,AK,F
14:33:11,TLKM,RG,4080,37,D,RX,SQ,D
14:33:09,TLKM,RG,4080,1,D,RX,AK,F
14:33:07,TLKM,RG,4080,20,D,RX,XL,D
14:33:06,TLKM,RG,4080,1,D,RX,DX,D
14:33:05,TLKM,RG,4090,1,D,XC,ZP,F
14:33:00,TLKM,RG,4080,18,D,RX,AK,F
14:32:58,TLKM,RG,4080,343,D,RX,DX,D
14:32:56,TLKM,RG,4080,2,D,RX,AK,F
14:32:54,TLKM,RG,4090,31,D,SQ,ZP,F
14:32:54,TLKM,RG,4090,6,D,SQ,CC,D
14:32:54,TLKM,RG,4080,2,D,RX,AK,F
14:32:52,TLKM,RG,4080,26,D,RX,XC,D
14:32:52,TLKM,RG,4080,9,D,RX,XC,D
14:32:47,TLKM,RG,4090,2,D,XC,CC,D
14:32:46,TLKM,RG,4080,9,D,RX,AK,F
14:32:45,TLKM,RG,4080,1,D,RX,AK,F
14:32:45,TLKM,RG,4080,159,D,RX,AK,F
14:32:44,TLKM,RG,4080,32,D,RX,BB,D
14:32:43,TLKM,RG,4080,10,D,RX,AK,F
14:32:41,TLKM,RG,4090,2,D,PD,CC,D
14:32:41,TLKM,RG,4090,22,D,PD,CS,D
14:32:31,TLKM,RG,4080,153,D,RX,YU,F
14:32:28,TLKM,RG,4080,101,D,RX,AK,F
14:32:27,TLKM,RG,4080,7,D,RX,YU,F
14:32:27,TLKM,RG,4080,1920,D,RX,BK,F
14:32:26,TLKM,RG,4080,23,D,RX,AK,F
14:32:25,TLKM,RG,4080,179,D,RX,AK,F
14:32:25,TLKM,RG,4080,345,D,RX,AK,F
14:32:24,TLKM,RG,4090,80,F,ZP,AK,F
14:32:24,TLKM,RG,4090,8,F,ZP,YU,F
14:32:24,TLKM,RG,4080,11,D,RX,CS,D
14:32:24,TLKM,RG,4090,3,F,AK,YU,F
14:32:24,TLKM,RG,4090,12,F,AK,YU,F
14:32:24,TLKM,RG,4090,38,F,AK,BK,F
14:32:23,TLKM,RG,4090,3,F,AK,BK,F
14:32:23,TLKM,RG,4090,33,F,AK,BK,F
14:32:23,TLKM,RG,4090,578,F,DX,BK,F
14:32:23,TLKM,RG,4090,307,F,ZP,BK,F
14:32:23,TLKM,RG,4090,15,F,CS,BK,F
14:32:23,TLKM,RG,4090,10,D,PD,BK,F
14:32:23,TLKM,RG,4090,10,D,XC,BK,F
14:32:23,TLKM,RG,4090,25,D,YP,BK,F
14:32:23,TLKM,RG,4090,12,F,AK,BK,F
14:32:23,TLKM,RG,4090,2,F,AK,BK,F
14:32:23,TLKM,RG,4090,11,F,AK,BK,F
14:32:23,TLKM,RG,4090,1,D,KK,BK,F
14:32:23,TLKM,RG,4090,1,D,KK,BK,F
14:32:23,TLKM,RG,4090,25,D,XL,BK,F
14:32:23,TLKM,RG,4090,598,D,LG,BK,F
14:32:23,TLKM,RG,4090,712,F,ZP,BK,F
14:32:23,TLKM,RG,4090,2,D,XC,BK,F
14:32:23,TLKM,RG,4090,598,D,LG,BK,F
14:32:23,TLKM,RG,4090,397,D,LG,BK,F
14:32:23,TLKM,RG,4090,201,D,LG,AK,F
14:32:23,TLKM,RG,4090,4,D,XC,AK,F
14:32:23,TLKM,RG,4090,1,D,XC,AK,F
14:32:23,TLKM,RG,4090,3,F,CS,AK,F
14:32:23,TLKM,RG,4090,587,D,RX,AK,F
14:32:23,TLKM,RG,4090,1686,D,RX,AK,F
14:32:23,TLKM,RG,4090,727,D,RX,BK,F
14:32:23,TLKM,RG,4090,3,D,NI,BK,F
14:32:23,TLKM,RG,4090,5,D,KK,BK,F
14:32:23,TLKM,RG,4090,9,D,YP,BK,F
14:32:23,TLKM,RG,4090,2,D,TP,BK,F
14:32:23,TLKM,RG,4090,7,F,ZP,BK,F
14:32:23,TLKM,RG,4090,48,D,YU,BK,F
14:32:23,TLKM,RG,4090,49,D,YU,AK,F
14:32:23,TLKM,RG,4090,11,F,AK,AK,F
14:32:23,TLKM,RG,4090,1,F,AK,AK,F
14:32:23,TLKM,RG,4090,24,F,AK,AK,F
14:32:23,TLKM,RG,4090,178,D,GR,AK,F
14:32:23,TLKM,RG,4090,22,D,GR,YU,F
14:32:22,TLKM,RG,4090,433,F,DX,BK,F
14:32:22,TLKM,RG,4090,1161,F,LG,BK,F
14:32:22,TLKM,RG,4090,579,D,LG,BK,F
14:32:22,TLKM,RG,4090,25,D,LG,BK,F
14:32:22,TLKM,RG,4090,101,D,LG,BK,F
14:32:22,TLKM,RG,4090,16,D,LG,BK,F
14:32:22,TLKM,RG,4090,92,D,LG,BK,F
14:32:22,TLKM,RG,4090,69,D,LG,BK,F
14:32:22,TLKM,RG,4090,75,D,LG,BK,F
14:32:22,TLKM,RG,4090,140,D,LG,BK,F
14:32:22,TLKM,RG,4090,11,D,LG,BK,F
14:32:22,TLKM,RG,4090,3,D,LG,BK,F
14:32:22,TLKM,RG,4090,86,D,LG,BK,F
14:32:22,TLKM,RG,4090,126,D,LG,BK,F
14:32:22,TLKM,RG,4090,488,D,LG,BK,F
14:32:22,TLKM,RG,4090,947,D,LG,BK,F
14:32:22,TLKM,RG,4090,73,D,LG,BK,F
14:32:22,TLKM,RG,4090,575,D,LG,BK,F
14:32:22,TLKM,RG,4090,197,D,LG,ZP,F
14:32:22,TLKM,RG,4090,6,D,LG,AK,F
14:32:21,TLKM,RG,4090,1222,D,LG,BK,F
14:32:21,TLKM,RG,4090,1,D,CC,BK,F
14:32:21,TLKM,RG,4090,1,D,XC,BK,F
14:32:21,TLKM,RG,4090,1706,F,DX,BK,F
14:32:21,TLKM,RG,4090,2,D,YP,BK,F
14:32:21,TLKM,RG,4090,12,F,RX,BK,F
14:32:21,TLKM,RG,4090,3,D,PD,BK,F
14:32:21,TLKM,RG,4090,4,D,PD,BK,F
14:32:21,TLKM,RG,4090,12,D,PD,BK,F
14:32:21,TLKM,RG,4090,3,D,NI,BK,F
14:32:21,TLKM,RG,4090,1,D,XC,BK,F
14:32:21,TLKM,RG,4090,4,F,CS,BK,F
14:32:21,TLKM,RG,4090,5,F,CS,BK,F
14:32:21,TLKM,RG,4090,5,D,XC,BK,F
14:32:21,TLKM,RG,4090,1,D,XC,BK,F
14:32:21,TLKM,RG,4090,24,D,RX,BK,F
14:32:21,TLKM,RG,4090,25,D,CC,BK,F
14:32:21,TLKM,RG,4090,17,D,PD,BK,F
14:32:21,TLKM,RG,4090,806,D,CC,BK,F
14:32:21,TLKM,RG,4090,9,F,CS,BK,F
14:32:21,TLKM,RG,4090,5,D,YP,BK,F
14:32:21,TLKM,RG,4090,20,D,LG,BK,F
14:32:21,TLKM,RG,4090,350,F,RX,BK,F
14:32:21,TLKM,RG,4090,79,F,ZP,BK,F
14:32:21,TLKM,RG,4090,1,D,XC,BK,F
14:32:21,TLKM,RG,4090,44,D,YP,BK,F
14:32:21,TLKM,RG,4090,32,F,ZP,BK,F
14:32:21,TLKM,RG,4090,5,D,NI,BK,F
14:32:21,TLKM,RG,4090,93,F,ZP,BK,F
14:32:21,TLKM,RG,4090,1,D,XC,BK,F
14:32:21,TLKM,RG,4090,10,D,XC,BK,F
14:32:21,TLKM,RG,4090,2,D,PD,BK,F
14:32:21,TLKM,RG,4090,99,F,ZP,BK,F
14:32:21,TLKM,RG,4090,387,D,OD,BK,F
14:32:21,TLKM,RG,4090,1,D,PD,BK,F
14:32:21,TLKM,RG,4090,3,F,ZP,BK,F
14:32:21,TLKM,RG,4090,5,F,ZP,BK,F
14:32:21,TLKM,RG,4090,14,F,ZP,AK,F
14:32:21,TLKM,RG,4090,5,F,ZP,YU,F
14:32:20,TLKM,RG,4090,47,F,ZP,ZP,F
14:32:20,TLKM,RG,4090,47,F,ZP,ZP,F
14:32:19,TLKM,RG,4090,6,F,ZP,AK,F
14:32:19,TLKM,RG,4090,1,D,PD,AK,F
14:32:19,TLKM,RG,4090,5,F,CS,AK,F
14:32:19,TLKM,RG,4090,174,F,ZP,AK,F
14:32:19,TLKM,RG,4090,1,D,XC,AK,F
14:32:19,TLKM,RG,4090,1,D,NI,AK,F
14:32:19,TLKM,RG,4090,14,F,RX,AK,F
14:32:19,TLKM,RG,4090,64,F,RX,AK,F
14:32:12,TLKM,RG,4090,18,F,RX,AK,F
14:32:10,TLKM,RG,4090,359,F,RX,YU,F
14:32:08,TLKM,RG,4090,5,F,RX,AK,F
14:32:07,TLKM,RG,4090,4,F,RX,AK,F
14:32:07,TLKM,RG,4090,83,F,RX,BK,F
14:32:06,TLKM,RG,4090,2,F,RX,AK,F
14:32:05,TLKM,RG,4100,72,F,ZP,BQ,D
14:32:05,TLKM,RG,4100,50,D,TP,BQ,D
14:32:02,TLKM,RG,4090,1,F,RX,AK,F
14:32:01,TLKM,RG,4090,9,F,RX,AK,F
14:32:00,TLKM,RG,4100,13,D,PP,BQ,D
14:32:00,TLKM,RG,4090,34,F,RX,AK,F
14:32:00,TLKM,RG,4090,59,D,RX,AK,F
14:32:00,TLKM,RG,4090,20,D,YP,AK,F
14:32:00,TLKM,RG,4090,2,D,NI,AK,F
14:32:00,TLKM,RG,4090,19,F,AK,AK,F
14:32:00,TLKM,RG,4090,2,F,AK,AK,F
14:32:00,TLKM,RG,4090,15,F,AK,AK,F
14:32:00,TLKM,RG,4090,18,D,OD,AK,F
14:31:58,TLKM,RG,4090,1,D,OD,AK,F
14:31:57,TLKM,RG,4090,15,D,OD,PD,D
14:31:55,TLKM,RG,4090,3,D,OD,AK,F
14:31:53,TLKM,RG,4090,69,D,OD,BK,F
14:31:52,TLKM,RG,4090,12,D,OD,AK,F
14:31:51,TLKM,RG,4090,127,D,OD,PD,D
14:31:50,TLKM,RG,4090,38,D,OD,SQ,D
14:31:50,TLKM,RG,4100,59,F,ZP,BQ,D
14:31:46,TLKM,RG,4090,1,D,OD,AK,F
14:31:45,TLKM,RG,4090,25,D,OD,YP,D
14:31:42,TLKM,RG,4090,3,D,OD,AK,F
14:31:41,TLKM,RG,4090,46,D,OD,BK,F
14:31:38,TLKM,RG,4090,4,D,OD,AK,F
14:31:38,TLKM,RG,4090,5,D,OD,YU,F
14:31:37,TLKM,RG,4090,81,D,OD,BK,F
14:31:37,TLKM,RG,4090,1,D,OD,AK,F
14:31:36,TLKM,RG,4090,2,D,OD,AK,F
14:31:36,TLKM,RG,4090,6,D,OD,XC,D
14:31:35,TLKM,RG,4100,38,D,SQ,BQ,D
14:31:33,TLKM,RG,4090,39,D,OD,AK,F
14:31:33,TLKM,RG,4090,3,D,OD,AK,F
14:31:33,TLKM,RG,4090,501,D,OD,AK,D
14:31:33,TLKM,RG,4090,29,F,ZP,AK,D
14:31:33,TLKM,RG,4090,218,D,KK,AK,D
14:31:32,TLKM,RG,4090,4,D,KK,AK,F
14:31:31,TLKM,RG,4100,59,F,ZP,BQ,D
14:31:30,TLKM,RG,4090,6,D,KK,BK,F
14:31:30,TLKM,RG,4090,32,F,ZP,BK,F
14:31:30,TLKM,RG,4090,39,F,DX,BK,F
14:31:28,TLKM,RG,4090,4,F,DX,AK,F
14:31:26,TLKM,RG,4090,70,F,DX,BK,F
14:31:25,TLKM,RG,4090,28,F,DX,AK,F
14:31:25,TLKM,RG,4090,7,F,DX,YU,F
14:31:24,TLKM,RG,4090,537,F,DX,YU,F
14:31:22,TLKM,RG,4090,3,F,DX,AK,F
14:31:21,TLKM,RG,4090,45,F,DX,BK,F
14:31:20,TLKM,RG,4090,10,F,DX,AK,F
14:31:18,TLKM,RG,4090,200,F,DX,SQ,D
14:31:17,TLKM,RG,4090,5,F,DX,AK,F
14:31:15,TLKM,RG,4090,45,F,DX,ZP,F
14:31:15,TLKM,RG,4090,42,F,DX,ZP,F
14:31:15,TLKM,RG,4090,3,F,DX,AK,F
14:31:14,TLKM,RG,4090,3,F,DX,AK,F
14:31:13,TLKM,RG,4100,61,F,ZP,BQ,D
14:31:13,TLKM,RG,4090,3,F,DX,AK,F
14:31:13,TLKM,RG,4090,46,F,DX,BK,F
14:31:11,TLKM,RG,4090,60,F,DX,YP,D
14:31:09,TLKM,RG,4090,1,F,DX,AK,F
14:31:08,TLKM,RG,4100,1,D,AZ,BQ,D
14:31:07,TLKM,RG,4100,17,F,AK,BQ,D
14:31:01,TLKM,RG,4090,11,F,DX,AK,F
14:31:00,TLKM,RG,4090,48,F,DX,BK,F
14:31:00,TLKM,RG,4090,6,F,DX,AK,F
14:31:00,TLKM,RG,4090,176,F,DX,AK,F
14:30:59,TLKM,RG,4100,38,F,RX,BQ,D
14:30:58,TLKM,RG,4100,62,F,ZP,BQ,D
14:30:53,TLKM,RG,4100,1,F,AK,BQ,D
14:30:52,TLKM,RG,4090,6,F,DX,XL,D
14:30:44,TLKM,RG,4090,3,F,DX,AK,F
14:30:42,TLKM,RG,4100,58,F,ZP,BQ,D
14:30:42,TLKM,RG,4090,1,F,DX,AK,F
14:30:40,TLKM,RG,4100,10,D,YP,BQ,D
14:30:37,TLKM,RG,4090,5,F,DX,CC,D
14:30:36,TLKM,RG,4090,2,F,DX,AK,F
14:30:35,TLKM,RG,4090,2,F,DX,AK,F
14:30:34,TLKM,RG,4100,42,F,RX,BQ,D
14:30:34,TLKM,RG,4090,31,F,DX,KZ,F
14:30:34,TLKM,RG,4090,3,F,DX,KZ,F
14:30:34,TLKM,RG,4090,1,F,DX,KZ,F
14:30:33,TLKM,RG,4090,3,F,DX,AK,F
14:30:33,TLKM,RG,4090,1,F,DX,KZ,F
14:30:32,TLKM,RG,4090,66,F,DX,BK,F
14:30:30,TLKM,RG,4090,8,F,DX,AK,F
14:30:29,TLKM,RG,4090,1,F,DX,AK,F
14:30:28,TLKM,RG,4090,134,F,DX,BK,F
14:30:28,TLKM,RG,4090,3,F,DX,KZ,F
14:30:28,TLKM,RG,4090,1,F,DX,KZ,F
14:30:28,TLKM,RG,4090,1,F,DX,KZ,F
14:30:28,TLKM,RG,4090,11,F,DX,KZ,F
14:30:28,TLKM,RG,4090,1,F,DX,KZ,F
14:30:28,TLKM,RG,4090,2,F,DX,KZ,F
14:30:27,TLKM,RG,4090,49,F,DX,AK,F
14:30:26,TLKM,RG,4090,8,F,DX,YU,F
14:30:26,TLKM,RG,4090,758,F,DX,YU,F
14:30:25,TLKM,RG,4100,67,F,ZP,BQ,D
14:30:16,TLKM,RG,4090,112,F,DX,BB,F
14:30:15,TLKM,RG,4090,83,F,DX,AK,F
14:30:14,TLKM,RG,4090,1,F,DX,OD,D
14:30:14,TLKM,RG,4090,17,F,DX,ZP,F
14:30:12,TLKM,RG,4090,70,F,DX,BK,F
14:30:08,TLKM,RG,4100,289,F,RX,BQ,D
14:30:08,TLKM,RG,4100,1,F,RX,XC,D
14:30:08,TLKM,RG,4100,50,F,RX,XC,D
14:30:08,TLKM,RG,4100,1,F,RX,PD,D
14:30:08,TLKM,RG,4100,63,F,RX,CC,D
14:30:08,TLKM,RG,4090,85,F,DX,BK,F
14:30:08,TLKM,RG,4100,6,F,RX,CC,D
14:30:07,TLKM,RG,4090,38,F,DX,SQ,D
14:30:03,TLKM,RG,4090,157,F,DX,BK,F
14:30:02,TLKM,RG,4090,50,F,DX,ZP,F
14:30:01,TLKM,RG,4100,25,D,RX,CC,D
14:30:00,TLKM,RG,4100,2,D,KK,CC,D
14:30:00,TLKM,RG,4100,4,D,CC,CC,D
14:30:00,TLKM,RG,4100,6,D,CC,PD,D
14:30:00,TLKM,RG,4100,1,D,CC,XC,D
14:30:00,TLKM,RG,4100,20,D,CC,PD,D
14:30:00,TLKM,RG,4100,1,D,CC,XC,D
14:30:00,TLKM,RG,4100,15,D,CC,YP,D
14:30:00,TLKM,RG,4100,10,D,CC,XC,D
14:30:00,TLKM,RG,4100,5,D,CC,SQ,D
14:30:00,TLKM,RG,4100,191,D,CC,CS,F
14:30:00,TLKM,RG,4100,50,D,CC,YP,D
14:30:00,TLKM,RG,4100,196,D,CC,CC,D
14:30:00,TLKM,RG,4100,20,D,CC,MG,D
14:30:00,TLKM,RG,4100,5,D,CC,GR,D
14:30:00,TLKM,RG,4100,10,D,CC,CS,F
14:30:00,TLKM,RG,4100,1,D,CC,XC,D
14:30:00,TLKM,RG,4100,3,D,CC,SQ,D
14:30:00,TLKM,RG,4100,5,D,CC,GR,D
14:30:00,TLKM,RG,4100,1,D,CC,DR,D
14:30:00,TLKM,RG,4100,1,D,CC,YP,D
14:30:00,TLKM,RG,4100,9,D,CC,AK,F
14:30:00,TLKM,RG,4100,12,D,CC,KZ,F
14:30:00,TLKM,RG,4100,34,D,CC,NI,D
14:30:00,TLKM,RG,4100,1,D,CC,PD,D
14:30:00,TLKM,RG,4100,10,D,CC,CS,F
14:30:00,TLKM,RG,4100,23,D,CC,ZP,F
14:30:00,TLKM,RG,4100,86,D,CC,CS,F
14:30:00,TLKM,RG,4100,72,D,CC,SQ,D
14:30:00,TLKM,RG,4100,5,F,RX,SQ,D
14:29:58,TLKM,RG,4090,30,F,DX,YP,D
14:29:58,TLKM,RG,4090,79,F,DX,ZP,F
14:29:58,TLKM,RG,4090,175,F,DX,AK,F
14:29:57,TLKM,RG,4090,52,F,DX,BK,F
14:29:51,TLKM,RG,4090,224,F,DX,BK,F
14:29:51,TLKM,RG,4090,8,F,DX,YU,F
14:29:51,TLKM,RG,4090,1500,F,DX,BQ,D
14:29:48,TLKM,RG,4100,38,D,SQ,SQ,D
14:29:45,TLKM,RG,4090,152,F,DX,AK,F
14:29:44,TLKM,RG,4090,1,F,DX,XC,D
14:29:33,TLKM,RG,4090,10,F,DX,YP,D
14:29:32,TLKM,RG,4100,3,D,XC,SQ,D
14:29:31,TLKM,RG,4090,83,F,DX,BK,F
14:29:28,TLKM,RG,4090,400,F,DX,PD,D
14:29:23,TLKM,RG,4090,51,F,DX,BK,F
14:29:20,TLKM,RG,4090,315,F,DX,YU,F
14:29:05,TLKM,RG,4090,54,F,DX,BK,F
14:29:02,TLKM,RG,4090,119,F,DX,ZP,F
14:29:02,TLKM,RG,4090,253,F,DX,ZP,F
14:29:01,TLKM,RG,4090,20,F,DX,BK,F
14:29:01,TLKM,RG,4090,31,F,DX,BK,F
14:29:00,TLKM,RG,4090,405,F,DX,AK,F
14:29:00,TLKM,RG,4090,178,F,DX,AK,F
14:28:46,TLKM,RG,4090,235,F,DX,YU,F
14:28:44,TLKM,RG,4100,17,D,RX,SQ,D
14:28:36,TLKM,RG,4090,50,F,DX,OD,D
14:28:36,TLKM,RG,4100,2,F,AK,SQ,D
14:28:36,TLKM,RG,4090,20,F,DX,EP,D
14:28:35,TLKM,RG,4100,40,D,YP,SQ,D
14:28:33,TLKM,RG,4090,50,F,DX,PD,D
14:28:32,TLKM,RG,4090,4,F,DX,XA,D
14:28:28,TLKM,RG,4090,5,F,DX,DX,D
14:28:23,TLKM,RG,4090,13,F,DX,XL,D
14:28:10,TLKM,RG,4090,57,F,DX,KZ,F
14:28:10,TLKM,RG,4090,14,F,DX,KZ,F
14:28:09,TLKM,RG,4090,5,F,DX,YP,D
14:28:08,TLKM,RG,4090,78,F,DX,AK,F
14:28:08,TLKM,RG,4090,57,F,DX,AK,F
14:28:08,TLKM,RG,4090,26,F,DX,KZ,F
14:28:08,TLKM,RG,4090,52,F,DX,KZ,F
14:28:08,TLKM,RG,4090,1,F,DX,KZ,F
14:28:08,TLKM,RG,4090,3,F,DX,KZ,F
14:28:08,TLKM,RG,4090,1,F,DX,KZ,F
14:28:07,TLKM,RG,4090,1,F,DX,IF,D
14:28:07,TLKM,RG,4100,26,F,AK,SQ,D
14:28:02,TLKM,RG,4090,10,F,DX,CC,D
14:28:01,TLKM,RG,4090,246,F,DX,YU,F
14:28:00,TLKM,RG,4100,111,D,DX,SQ,D
14:27:45,TLKM,RG,4090,138,F,DX,AK,F
14:27:42,TLKM,RG,4090,12,F,DX,AZ,D
14:27:38,TLKM,RG,4090,164,F,DX,ZP,F
14:27:31,TLKM,RG,4090,8,F,DX,XC,D
14:27:27,TLKM,RG,4100,12,D,AZ,SQ,D
14:27:27,TLKM,RG,4100,3,D,PD,SQ,D
14:27:23,TLKM,RG,4090,503,F,DX,YU,F
14:27:23,TLKM,RG,4090,1,F,DX,PD,D
14:27:18,TLKM,RG,4090,10,F,DX,OD,D
14:27:17,TLKM,RG,4090,1,F,DX,PD,D
14:27:16,TLKM,RG,4100,7,D,XL,SQ,D
14:27:15,TLKM,RG,4090,120,F,DX,AK,F
14:27:07,TLKM,RG,4090,500,F,DX,PD,D
14:27:05,TLKM,RG,4100,14,D,DX,SQ,D
14:27:03,TLKM,RG,4090,1,F,DX,XC,D
14:27:03,TLKM,RG,4100,1,D,XC,SQ,D
14:27:02,TLKM,RG,4090,10,F,DX,PD,D
14:26:54,TLKM,RG,4100,5,D,PP,SQ,D
14:26:50,TLKM,RG,4100,2,D,PD,SQ,D
14:26:47,TLKM,RG,4090,10,F,DX,NI,D
14:26:36,TLKM,RG,4090,65,F,DX,KI,D
14:26:29,TLKM,RG,4090,30,F,DX,YU,F
14:26:27,TLKM,RG,4090,63,F,DX,KI,D
14:26:27,TLKM,RG,4090,2,F,ZP,KI,D
14:26:22,TLKM,RG,4090,115,F,ZP,AK,F
14:26:22,TLKM,RG,4100,12,D,PD,SQ,D
14:26:22,TLKM,RG,4100,8,D,PD,YU,F
14:26:21,TLKM,RG,4100,11,D,RX,YU,F
14:26:21,TLKM,RG,4100,5,D,RX,XC,D
14:26:14,TLKM,RG,4090,6,F,ZP,NI,D
14:26:06,TLKM,RG,4090,3,F,ZP,PD,D
14:25:56,TLKM,RG,4090,43,F,ZP,PD,D
14:25:52,TLKM,RG,4100,1,D,XC,KZ,F
14:25:51,TLKM,RG,4090,90,F,ZP,SQ,D
14:25:39,TLKM,RG,4090,1,F,ZP,XL,D
14:25:39,TLKM,RG,4090,400,F,ZP,YP,D
14:25:37,TLKM,RG,4090,4,F,ZP,PD,D
14:25:36,TLKM,RG,4100,2,F,AK,KZ,F
14:25:35,TLKM,RG,4090,50,F,ZP,OD,D
14:25:18,TLKM,RG,4090,100,F,ZP,LG,D
14:25:15,TLKM,RG,4090,48,F,ZP,SQ,D
14:25:15,TLKM,RG,4090,12,F,ZP,SQ,D
14:25:15,TLKM,RG,4090,40,F,ZP,SQ,D
14:25:14,TLKM,RG,4090,250,F,ZP,XL,D
14:24:53,TLKM,RG,4090,100,F,ZP,SQ,D
14:24:50,TLKM,RG,4090,9,F,ZP,BB,F
14:24:50,TLKM,RG,4090,5,F,CS,BB,F
14:24:50,TLKM,RG,4090,8,F,CS,BB,F
14:24:50,TLKM,RG,4090,5,F,CS,BB,F
14:24:43,TLKM,RG,4090,1,F,CS,KK,D
14:24:37,TLKM,RG,4100,11,D,DX,KZ,F
14:24:37,TLKM,RG,4100,5,D,DX,KK,D
14:24:20,TLKM,RG,4090,1,F,CS,PD,D
14:24:15,TLKM,RG,4090,1,F,DX,YU,F
14:24:14,TLKM,RG,4090,61,F,DX,YU,F
14:24:13,TLKM,RG,4090,19,F,DX,YU,F
14:24:13,TLKM,RG,4090,172,F,DX,CS,F
14:24:13,TLKM,RG,4090,116,F,DX,CS,F
14:24:13,TLKM,RG,4090,93,F,DX,CS,F
14:24:13,TLKM,RG,4090,101,F,DX,AK,F
14:24:13,TLKM,RG,4090,463,F,DX,CS,F
14:24:13,TLKM,RG,4090,618,F,DX,CS,F
14:24:13,TLKM,RG,4090,513,F,DX,AK,F
14:24:13,TLKM,RG,4090,67,F,DX,CS,F
14:24:13,TLKM,RG,4090,326,F,DX,CS,F
14:24:13,TLKM,RG,4090,261,F,DX,AK,F
14:24:13,TLKM,RG,4090,4,F,DX,AK,F
14:24:13,TLKM,RG,4090,30,F,DX,AK,F
14:24:13,TLKM,RG,4090,31,F,DX,CS,F
14:24:13,TLKM,RG,4090,189,F,DX,AK,F
14:24:13,TLKM,RG,4090,4,F,DX,AK,F
14:24:13,TLKM,RG,4090,80,F,DX,AK,F
14:24:13,TLKM,RG,4090,161,F,DX,AK,F
14:24:13,TLKM,RG,4090,93,F,DX,AK,F
14:24:13,TLKM,RG,4090,255,F,DX,AK,F
14:24:13,TLKM,RG,4090,200,F,DX,DR,D
14:24:13,TLKM,RG,4090,1,F,DX,NI,D
14:24:13,TLKM,RG,4090,35,F,DX,RX,F
14:24:13,TLKM,RG,4090,10,F,DX,CC,D
14:24:13,TLKM,RG,4090,121,F,DX,YU,F
14:24:13,TLKM,RG,4090,36,F,DX,ZP,F
14:24:13,TLKM,RG,4090,184,F,DX,CS,F
14:24:13,TLKM,RG,4090,41,F,DX,RX,F
14:24:13,TLKM,RG,4090,1,F,DX,XC,D
14:24:13,TLKM,RG,4090,409,F,DX,CS,F
14:24:13,TLKM,RG,4090,33,F,DX,CS,D
14:24:13,TLKM,RG,4090,160,F,DX,AK,F
14:24:13,TLKM,RG,4090,265,F,DX,AK,F
14:24:13,TLKM,RG,4090,267,F,DX,AK,F
14:24:13,TLKM,RG,4090,2,F,DX,GR,D
14:24:13,TLKM,RG,4090,1,F,DX,XC,D
14:24:13,TLKM,RG,4090,645,F,DX,AK,F
14:24:13,TLKM,RG,4090,78,F,DX,AK,F
14:24:13,TLKM,RG,4090,5,F,DX,AK,F
14:24:13,TLKM,RG,4090,218,F,DX,CS,F
14:24:13,TLKM,RG,4090,1,F,DX,SQ,D
14:24:13,TLKM,RG,4090,204,F,DX,CS,F
14:24:13,TLKM,RG,4090,24,F,DX,OD,D
14:24:13,TLKM,RG,4090,95,F,DX,YU,F
14:24:13,TLKM,RG,4090,4,F,DX,EP,D
14:24:13,TLKM,RG,4090,215,F,DX,CS,F
14:24:13,TLKM,RG,4090,62,F,DX,ZP,F
14:24:13,TLKM,RG,4090,9,F,DX,CS,F
14:24:13,TLKM,RG,4090,1204,F,DX,AK,F
14:24:13,TLKM,RG,4090,24,F,DX,XL,D
14:24:13,TLKM,RG,4090,202,F,DX,YU,F
14:24:13,TLKM,RG,4090,588,F,DX,YU,F
14:24:13,TLKM,RG,4090,114,F,DX,CS,F
14:24:13,TLKM,RG,4090,225,F,DX,CS,F
14:24:13,TLKM,RG,4090,310,F,DX,CS,F
14:24:13,TLKM,RG,4090,110,F,DX,ZP,F
14:24:13,TLKM,RG,4090,31,F,DX,ZP,F
14:24:13,TLKM,RG,4090,80,F,DX,BB,F
14:24:13,TLKM,RG,4090,201,F,DX,CS,F
14:24:13,TLKM,RG,4090,92,F,DX,ZP,F
14:24:13,TLKM,RG,4090,77,F,DX,RX,F
14:24:13,TLKM,RG,4090,215,F,DX,CS,F
14:24:13,TLKM,RG,4090,150,F,DX,CS,F
14:24:13,TLKM,RG,4090,12,F,DX,CS,D
14:24:13,TLKM,RG,4090,1,F,DX,CS,D
14:24:13,TLKM,RG,4090,22,F,DX,CS,D
14:24:13,TLKM,RG,4090,230,F,DX,CS,F
14:24:13,TLKM,RG,4090,68,F,DX,ZP,F
14:24:13,TLKM,RG,4090,452,F,DX,AK,F
14:24:13,TLKM,RG,4090,210,F,DX,AK,F
14:24:13,TLKM,RG,4090,99,F,DX,AK,F
14:24:13,TLKM,RG,4090,10,F,DX,YP,D
14:24:13,TLKM,RG,4090,9,F,DX,KZ,F
14:24:13,TLKM,RG,4090,9,F,DX,AK,F
14:24:13,TLKM,RG,4090,287,F,DX,AK,F
14:24:13,TLKM,RG,4090,455,F,DX,RX,F
14:24:13,TLKM,RG,4090,500,F,DX,OD,D
14:24:13,TLKM,RG,4090,525,F,DX,AK,F
14:24:13,TLKM,RG,4090,1,F,DX,GR,D
14:24:13,TLKM,RG,4090,894,F,DX,AK,D
14:24:13,TLKM,RG,4090,824,F,DX,AK,D
14:24:13,TLKM,RG,4090,34,F,DX,ZP,F
14:24:13,TLKM,RG,4090,24,F,DX,KZ,F
14:24:13,TLKM,RG,4090,5,F,DX,BB,D
14:24:13,TLKM,RG,4090,2,F,DX,KZ,F
14:24:13,TLKM,RG,4090,1,F,DX,KZ,F
14:24:13,TLKM,RG,4090,327,F,DX,CS,F
14:24:13,TLKM,RG,4090,3193,F,DX,RX,F
14:24:13,TLKM,RG,4090,1500,F,DX,BQ,D
14:24:13,TLKM,RG,4090,8,F,DX,YU,F
14:24:13,TLKM,RG,4090,1,F,DX,KZ,F
14:24:13,TLKM,RG,4090,3,F,DX,KZ,F
14:24:13,TLKM,RG,4090,3,F,DX,KZ,F
14:24:13,TLKM,RG,4090,1,F,DX,KZ,F
14:24:13,TLKM,RG,4090,1,F,DX,KZ,F
14:24:13,TLKM,RG,4090,1,F,DX,KZ,F
14:24:13,TLKM,RG,4090,3,F,DX,CS,D
14:24:13,TLKM,RG,4090,46,F,DX,CS,F
14:24:07,TLKM,RG,4080,19,D,RX,BB,D
14:24:03,TLKM,RG,4090,1,D,IF,CS,F
14:24:01,TLKM,RG,4090,3,D,MK,CS,F
14:24:01,TLKM,RG,4090,97,D,MK,OD,D
14:23:54,TLKM,RG,4080,23,D,RX,PD,D
14:23:53,TLKM,RG,4080,95,D,RX,ZP,F
14:23:34,TLKM,RG,4090,3,D,XL,OD,D
14:23:30,TLKM,RG,4090,65,D,PD,OD,D
14:23:26,TLKM,RG,4090,65,D,PD,OD,D
14:23:24,TLKM,RG,4080,152,D,RX,YU,F
14:23:21,TLKM,RG,4090,65,D,PD,OD,D
14:23:18,TLKM,RG,4090,3,D,PD,OD,D
14:22:58,TLKM,RG,4080,77,D,RX,BB,F
14:22:53,TLKM,RG,4080,282,D,RX,YU,F
14:22:45,TLKM,RG,4080,141,D,RX,ZP,F
14:22:41,TLKM,RG,4080,22,D,RX,KK,D
14:22:34,TLKM,RG,4080,5,D,RX,YU,F
14:22:33,TLKM,RG,4080,5,D,RX,YP,D
14:22:24,TLKM,RG,4090,10,D,XC,OD,D
14:22:21,TLKM,RG,4080,12,D,RX,PD,D
14:22:20,TLKM,RG,4080,4,D,RX,XC,D
14:22:19,TLKM,RG,4090,1,D,XL,OD,D
14:22:18,TLKM,RG,4090,1,D,PD,OD,D
14:22:10,TLKM,RG,4090,5,D,PD,OD,D
14:22:01,TLKM,RG,4090,1,D,SQ,OD,D
14:22:00,TLKM,RG,4090,15,D,DX,OD,D
14:21:59,TLKM,RG,4090,1,D,CC,OD,D
14:21:57,TLKM,RG,4080,222,D,RX,YU,F
14:21:56,TLKM,RG,4090,1,D,BQ,OD,D
14:21:31,TLKM,RG,4090,155,D,LG,OD,D
14:21:30,TLKM,RG,4080,1,D,RX,PD,D
14:21:19,TLKM,RG,4080,1,D,RX,YP,D
14:21:17,TLKM,RG,4080,11,D,RX,YU,F
14:21:17,TLKM,RG,4080,1,D,XC,YU,F
14:21:17,TLKM,RG,4080,3,D,PD,YU,F
14:21:17,TLKM,RG,4080,10,D,CC,YU,F
14:21:17,TLKM,RG,4080,5,D,XL,YU,F
14:21:17,TLKM,RG,4080,116,D,GR,YU,F
14:21:17,TLKM,RG,4090,12,D,PD,OD,D
14:21:17,TLKM,RG,4090,88,D,PD,AK,F
14:21:13,TLKM,RG,4080,655,D,GR,AK,F
14:21:12,TLKM,RG,4080,1,D,GR,XL,D
14:21:06,TLKM,RG,4080,94,D,GR,ZP,F
14:20:56,TLKM,RG,4080,9,D,GR,YU,F
14:20:55,TLKM,RG,4090,1,D,YU,AK,F
14:20:55,TLKM,RG,4090,1,D,YU,CS,D
14:20:54,TLKM,RG,4090,5,D,PD,CS,D
14:20:52,TLKM,RG,4080,3,D,GR,DR,D
14:20:44,TLKM,RG,4080,7,D,GR,XC,D
14:20:33,TLKM,RG,4090,20,D,NI,CS,D
14:20:26,TLKM,RG,4080,5,D,GR,XC,D
14:20:24,TLKM,RG,4080,18,D,GR,GR,D
14:19:56,TLKM,RG,4080,5,D,GR,YU,F
14:19:48,TLKM,RG,4090,1,D,YP,AG,D
14:19:46,TLKM,RG,4080,87,D,GR,YU,F
14:19:46,TLKM,RG,4080,241,F,DX,YU,F
14:19:36,TLKM,RG,4080,5,F,DX,XL,D
14:19:35,TLKM,RG,4080,10,F,DX,OD,D
14:19:19,TLKM,RG,4080,5,F,DX,XC,D
14:19:18,TLKM,RG,4080,1,F,DX,XL,D
14:19:07,TLKM,RG,4080,1,F,DX,XC,D
14:19:03,TLKM,RG,4080,61,F,DX,BK,F
14:19:01,TLKM,RG,4080,1,F,DX,PD,D
14:18:58,TLKM,RG,4080,163,F,DX,BK,F
14:18:55,TLKM,RG,4080,512,F,DX,AK,F
14:18:55,TLKM,RG,4080,2,D,YP,AK,F
14:18:55,TLKM,RG,4080,1,D,YP,AK,F
14:18:55,TLKM,RG,4080,1,D,XC,AK,F
14:18:55,TLKM,RG,4080,1,D,KK,AK,F
14:18:55,TLKM,RG,4080,2,D,XC,AK,F
14:18:55,TLKM,RG,4080,20,D,YP,AK,F
14:18:55,TLKM,RG,4080,20,D,PD,AK,F
14:18:55,TLKM,RG,4080,2,D,PD,AK,F
14:18:55,TLKM,RG,4080,1,D,DH,AK,F
14:18:55,TLKM,RG,4080,3,D,AT,AK,F
14:18:55,TLKM,RG,4080,1,D,XC,AK,F
14:18:55,TLKM,RG,4080,1,D,PD,AK,F
14:18:55,TLKM,RG,4080,1,D,XC,AK,F
14:18:55,TLKM,RG,4080,5,D,YP,AK,F
14:18:55,TLKM,RG,4080,2,D,CC,AK,F
14:18:55,TLKM,RG,4080,1,D,NI,AK,F
14:18:55,TLKM,RG,4080,1,D,XC,AK,F
14:18:55,TLKM,RG,4080,65,D,PD,AK,F
14:18:55,TLKM,RG,4080,1,D,CC,AK,F
14:18:54,TLKM,RG,4080,49,D,CC,BK,F
14:18:54,TLKM,RG,4080,7,D,DR,BK,F
14:18:54,TLKM,RG,4080,10,D,XL,BK,F
14:18:54,TLKM,RG,4080,6,F,ZP,BK,F
14:18:54,TLKM,RG,4080,5,D,PD,BK,F
14:18:54,TLKM,RG,4080,1,D,XC,BK,F
14:18:54,TLKM,RG,4080,2,D,YP,BK,F
14:18:54,TLKM,RG,4080,2,D,YP,BK,F
14:18:54,TLKM,RG,4080,25,D,YP,BK,F
14:18:54,TLKM,RG,4080,1,D,XC,BK,F
14:18:54,TLKM,RG,4080,1,D,PD,BK,F
14:18:54,TLKM,RG,4080,5,D,YP,BK,F
14:18:54,TLKM,RG,4080,1,D,XL,BK,F
14:18:54,TLKM,RG,4080,10,D,XC,BK,F
14:18:54,TLKM,RG,4080,1,D,XC,BK,F
14:18:54,TLKM,RG,4080,3,D,PD,BK,F
14:18:54,TLKM,RG,4080,93,D,OD,BK,F
14:18:51,TLKM,RG,4080,907,D,OD,BK,F
14:18:51,TLKM,RG,4080,3,D,PD,BK,F
14:18:51,TLKM,RG,4080,5,D,KK,BK,F
14:18:51,TLKM,RG,4080,1,D,XL,BK,F
14:18:51,TLKM,RG,4080,1,D,NI,BK,F
14:18:51,TLKM,RG,4080,5,D,XL,BK,F
14:18:51,TLKM,RG,4080,99,D,XC,BK,F
14:18:51,TLKM,RG,4080,1,D,PD,BK,F
14:18:51,TLKM,RG,4080,1,D,YP,BK,F
14:18:51,TLKM,RG,4080,3,D,SQ,BK,F
14:18:51,TLKM,RG,4080,5,D,KK,BK,F
14:18:51,TLKM,RG,4080,25,D,KK,BK,F
14:18:51,TLKM,RG,4080,17,D,CC,BK,F
14:18:51,TLKM,RG,4080,2,D,IN,BK,F
14:18:51,TLKM,RG,4080,2,D,CC,BK,F
14:18:51,TLKM,RG,4080,4,D,YJ,BK,F
14:18:51,TLKM,RG,4080,16,D,KK,BK,F
14:18:50,TLKM,RG,4090,10,D,XC,BK,F
14:18:50,TLKM,RG,4090,505,F,ZP,BK,F
14:18:50,TLKM,RG,4090,5,D,PD,BK,F
14:18:50,TLKM,RG,4090,1,D,PD,BK,F
14:18:50,TLKM,RG,4090,6,F,CS,BK,F
14:18:50,TLKM,RG,4090,14,F,RX,BK,F
14:18:50,TLKM,RG,4090,1,D,EP,BK,F
14:18:50,TLKM,RG,4090,3,D,CC,BK,F
14:18:50,TLKM,RG,4090,1,D,XC,BK,F
14:18:50,TLKM,RG,4090,30,F,ZP,BK,F
14:18:50,TLKM,RG,4090,100,D,OD,BK,F
14:18:50,TLKM,RG,4090,2,D,XC,BK,F
14:18:50,TLKM,RG,4090,34,D,RX,BK,F
14:18:50,TLKM,RG,4090,3,D,BQ,BK,F
14:18:50,TLKM,RG,4090,13,D,DX,BK,F
14:18:50,TLKM,RG,4090,58,D,XC,BK,F
14:18:50,TLKM,RG,4090,1,D,XC,BK,F
14:18:50,TLKM,RG,4090,4,F,CS,BK,F
14:18:50,TLKM,RG,4090,1,D,YP,BK,F
14:18:50,TLKM,RG,4090,100,D,YP,BK,F
14:18:50,TLKM,RG,4090,6,F,CS,BK,F
14:18:50,TLKM,RG,4090,1,D,XC,BK,F
14:18:50,TLKM,RG,4090,3,D,YP,BK,F
14:18:50,TLKM,RG,4090,10,D,CC,BK,F
14:18:50,TLKM,RG,4090,3,F,ZP,BK,F
14:18:50,TLKM,RG,4090,14,F,ZP,BK,F
14:18:50,TLKM,RG,4090,24,F,ZP,BK,F
14:18:50,TLKM,RG,4090,1,D,XC,BK,F
