Time,Stock,Brd,Price,Qty,BT,BC,SC,ST
15:12:56,TLKM,RG,4460,1,F,ZP,XC,D
15:12:29,TLKM,RG,4460,660,F,ZP,AK,F
15:12:29,TLKM,RG,4460,3000,F,ZP,YU,D
15:11:30,TLKM,RG,4460,5,F,ZP,PD,D
15:11:19,TLKM,RG,4460,111,F,ZP,AK,F
15:11:19,TLKM,RG,4460,500,F,ZP,YU,D
15:11:13,TLKM,RG,4460,5,F,ZP,KK,D
15:11:09,TLKM,RG,4460,110,F,ZP,AK,F
15:11:08,TLKM,RG,4460,500,F,ZP,YU,D
15:10:59,TLKM,RG,4460,1,F,ZP,XC,D
15:10:46,TLKM,RG,4460,220,F,ZP,AK,F
15:10:46,TLKM,RG,4460,107,F,ZP,YU,D
15:10:46,TLKM,RG,4460,6,F,AK,YU,D
15:10:46,TLKM,RG,4460,3,F,AK,YU,D
15:10:46,TLKM,RG,4460,5,D,OD,YU,D
15:10:46,TLKM,RG,4460,2,D,AZ,YU,D
15:10:46,TLKM,RG,4460,1,F,AK,YU,D
15:10:46,TLKM,RG,4460,4,F,AK,YU,D
15:10:46,TLKM,RG,4460,1,F,AK,YU,D
15:10:46,TLKM,RG,4460,2,F,AK,YU,D
15:10:46,TLKM,RG,4460,2,F,AK,YU,D
15:10:46,TLKM,RG,4460,7,F,AK,YU,D
15:10:46,TLKM,RG,4460,5,D,XC,YU,D
15:10:46,TLKM,RG,4460,8,F,AK,YU,D
15:10:46,TLKM,RG,4460,15,F,AK,YU,D
15:10:46,TLKM,RG,4460,2,F,AK,YU,D
15:10:46,TLKM,RG,4460,1,F,AK,YU,D
15:10:46,TLKM,RG,4460,350,D,ES,YU,D
15:10:46,TLKM,RG,4460,1,F,AK,YU,D
15:10:46,TLKM,RG,4460,6,F,AK,YU,D
15:10:46,TLKM,RG,4460,4,F,AK,YU,D
15:10:46,TLKM,RG,4460,6,F,AK,YU,D
15:10:46,TLKM,RG,4460,3,F,AK,YU,D
15:10:46,TLKM,RG,4460,4,D,XC,YU,D
15:10:46,TLKM,RG,4460,2,F,AK,YU,D
15:10:46,TLKM,RG,4460,4,D,YB,YU,D
15:10:46,TLKM,RG,4460,5,D,XC,YU,D
15:10:46,TLKM,RG,4460,1,D,YP,YU,D
15:10:46,TLKM,RG,4460,45,F,AK,YU,D
15:10:46,TLKM,RG,4460,1,D,NI,YU,D
15:10:46,TLKM,RG,4460,3,D,YP,YU,D
15:10:46,TLKM,RG,4460,100,D,PD,YU,D
15:10:46,TLKM,RG,4460,100,D,YP,YU,D
15:10:46,TLKM,RG,4460,194,F,AK,YU,D
15:10:40,TLKM,RG,4460,3,F,AK,YP,D
15:10:14,TLKM,RG,4460,19,F,AK,AK,F
15:10:13,TLKM,RG,4460,80,F,AK,PD,D
15:09:48,TLKM,RG,4460,1,F,AK,XC,D
15:09:38,TLKM,RG,4460,1,F,AK,YP,D
15:09:29,TLKM,RG,4460,5,F,AK,CC,D
15:09:07,TLKM,RG,4460,1,F,AK,XC,D
15:08:35,TLKM,RG,4460,73,F,AK,AK,F
15:08:34,TLKM,RG,4460,2000,F,AK,YU,D
15:07:50,TLKM,RG,4460,1,F,AK,YP,D
15:06:42,TLKM,RG,4460,20,F,AK,CP,D
15:06:28,TLKM,RG,4460,11,F,AK,YP,D
15:05:56,TLKM,RG,4460,8,F,AK,GR,D
15:05:47,TLKM,RG,4460,10,F,AK,XL,D
15:05:45,TLKM,RG,4460,10,F,AK,TP,D
15:05:07,TLKM,RG,4460,560,F,AK,CC,D
15:04:38,TLKM,RG,4460,1,F,AK,XC,D
15:04:33,TLKM,RG,4460,1,F,AK,XC,D
15:04:32,TLKM,RG,4460,36,F,AK,BQ,D
15:04:11,TLKM,RG,4460,20,F,AK,EP,D
15:04:02,TLKM,RG,4460,2,F,AK,NI,D
15:03:56,TLKM,RG,4460,3,F,AK,GR,D
15:03:25,TLKM,RG,4460,1,F,AK,YP,D
15:03:21,TLKM,RG,4460,1,F,AK,YP,D
15:03:18,TLKM,RG,4460,30,F,AK,YP,D
15:03:17,TLKM,RG,4460,8,F,AK,XL,D
15:03:14,TLKM,RG,4460,11,F,AK,XC,D
15:03:12,TLKM,RG,4460,11,F,AK,XC,D
15:03:10,TLKM,RG,4460,50,F,AK,CC,D
15:02:51,TLKM,RG,4460,50,F,AK,YP,D
15:02:51,TLKM,RG,4460,100,F,AK,YP,D
15:02:22,TLKM,RG,4460,2,F,AK,GR,D
15:02:10,TLKM,RG,4460,14,F,AK,GR,D
15:02:05,TLKM,RG,4460,7,F,AK,XC,D
15:02:01,TLKM,RG,4460,4,F,AK,KK,D
15:02:00,TLKM,RG,4460,44,F,AK,CC,D
15:01:56,TLKM,RG,4460,22,F,AK,DR,D
15:01:50,TLKM,RG,4460,40,F,AK,CP,D
15:01:42,TLKM,RG,4460,20,F,AK,YP,D
15:01:10,TLKM,RG,4460,1,F,AK,PD,D
15:01:00,TLKM,RG,4460,12,F,AK,PD,D
15:00:00,TLKM,RG,4460,1024,F,AK,CS,F
15:00:00,TLKM,RG,4460,2442,F,AK,CS,F
15:00:00,TLKM,RG,4460,2,F,AK,YP,D
15:00:00,TLKM,RG,4460,5,F,AK,KK,D
15:00:00,TLKM,RG,4460,1,F,AK,PD,D
15:00:00,TLKM,RG,4460,3,F,AK,PD,D
15:00:00,TLKM,RG,4460,200,F,AK,YB,D
15:00:00,TLKM,RG,4460,12,F,AK,DR,D
15:00:00,TLKM,RG,4460,1,F,AK,PD,D
15:00:00,TLKM,RG,4460,500,F,AK,CC,D
15:00:00,TLKM,RG,4460,150,F,AK,ES,D
15:00:00,TLKM,RG,4460,30,F,AK,PD,D
15:00:00,TLKM,RG,4460,70,F,AK,TP,D
15:00:00,TLKM,RG,4460,80,F,AK,TP,D
15:00:00,TLKM,RG,4460,50,F,AK,SQ,D
15:00:00,TLKM,RG,4460,500,F,AK,YB,D
15:00:00,TLKM,RG,4460,80,F,AK,TP,D
15:00:00,TLKM,RG,4460,3,F,AK,OD,D
15:00:00,TLKM,RG,4460,3984,F,AK,RX,F
15:00:00,TLKM,RG,4460,2,D,XC,RX,F
15:00:00,TLKM,RG,4460,1,D,YP,RX,F
15:00:00,TLKM,RG,4460,5,D,CC,RX,F
15:00:00,TLKM,RG,4460,1,D,YP,RX,F
15:00:00,TLKM,RG,4460,1,D,XC,RX,F
15:00:00,TLKM,RG,4460,4,D,YP,RX,F
15:00:00,TLKM,RG,4460,10,D,CC,RX,F
15:00:00,TLKM,RG,4460,1,D,YP,RX,F
15:00:00,TLKM,RG,4460,1,D,XC,RX,F
15:00:00,TLKM,RG,4460,2,D,YP,RX,F
15:00:00,TLKM,RG,4460,1,D,LS,RX,F
15:00:00,TLKM,RG,4460,2,D,XC,RX,F
15:00:00,TLKM,RG,4460,2,D,PD,RX,F
15:00:00,TLKM,RG,4460,1,D,PD,RX,F
15:00:00,TLKM,RG,4460,1,D,XC,RX,F
15:00:00,TLKM,RG,4460,10,D,CC,RX,F
15:00:00,TLKM,RG,4460,10,D,CC,RX,F
15:00:00,TLKM,RG,4460,1,D,XC,RX,F
15:00:00,TLKM,RG,4460,700,D,EP,RX,F
15:00:00,TLKM,RG,4460,260,D,EP,RX,F
15:00:00,TLKM,RG,4460,20,D,EP,DH,D
15:00:00,TLKM,RG,4460,112,D,EP,CD,D
15:00:00,TLKM,RG,4460,208,D,EP,CD,D
15:00:00,TLKM,RG,4460,1,D,EP,CD,D
15:00:00,TLKM,RG,4460,3,D,PD,CD,D
15:00:00,TLKM,RG,4460,1,D,YP,CD,D
15:00:00,TLKM,RG,4460,1,D,PD,CD,D
15:00:00,TLKM,RG,4460,10,D,YP,CD,D
15:00:00,TLKM,RG,4460,1,F,DX,CD,D
15:00:00,TLKM,RG,4460,2,F,DX,XL,D
15:00:00,TLKM,RG,4460,7,F,DX,PD,D
15:00:00,TLKM,RG,4460,3,F,ZP,PD,D
15:00:00,TLKM,RG,4460,100,F,ZP,YU,D
15:00:00,TLKM,RG,4460,500,F,ZP,DR,D
15:00:00,TLKM,RG,4460,3,F,ZP,YP,D
15:00:00,TLKM,RG,4460,1494,F,ZP,DR,D
15:00:00,TLKM,RG,4460,1506,F,ZP,DR,D
15:00:00,TLKM,RG,4460,5,F,ZP,YP,D
15:00:00,TLKM,RG,4460,5,F,ZP,AT,D
15:00:00,TLKM,RG,4460,30,F,ZP,YP,D
15:00:00,TLKM,RG,4460,4,F,ZP,PD,D
15:00:00,TLKM,RG,4460,50,F,ZP,YB,D
15:00:00,TLKM,RG,4460,982,F,ZP,RX,F
15:00:00,TLKM,RG,4460,4018,F,ZP,RX,F
15:00:00,TLKM,RG,4460,250,F,ZP,NI,D
15:00:00,TLKM,RG,4460,2000,F,ZP,RX,F
15:00:00,TLKM,RG,4460,10168,F,ZP,ZP,F
15:00:00,TLKM,RG,4460,5500,F,ZP,ZP,F
15:00:00,TLKM,RG,4460,2732,D,CD,ZP,F
15:00:00,TLKM,RG,4460,80,F,YU,ZP,F
15:00:00,TLKM,RG,4460,301,F,KZ,ZP,F
15:00:00,TLKM,RG,4460,5122,F,KZ,ZP,F
15:00:00,TLKM,RG,4460,796,F,KZ,ZP,F
15:00:00,TLKM,RG,4460,928,F,KZ,ZP,F
15:00:00,TLKM,RG,4460,177,F,KZ,DX,F
15:00:00,TLKM,RG,4460,4934,F,KZ,AK,F
15:00:00,TLKM,RG,4460,30,F,KZ,CS,F
15:00:00,TLKM,RG,4460,57,F,KZ,AK,F
15:00:00,TLKM,RG,4460,11,F,KZ,AK,F
15:00:00,TLKM,RG,4460,28,F,KZ,AK,F
15:00:00,TLKM,RG,4460,2,F,KZ,AK,F
15:00:00,TLKM,RG,4460,1,F,KZ,AK,F
15:00:00,TLKM,RG,4460,9202,F,KZ,AK,F
15:00:00,TLKM,RG,4460,1,F,KZ,AK,F
15:00:00,TLKM,RG,4460,1500,D,CS,AK,F
15:00:00,TLKM,RG,4460,2896,F,BK,AK,F
15:00:00,TLKM,RG,4460,1040,F,AK,AK,F
15:00:00,TLKM,RG,4460,990,D,BB,AK,F
15:00:00,TLKM,RG,4460,18,D,BB,AK,F
15:00:00,TLKM,RG,4460,58,D,BB,AK,F
15:00:00,TLKM,RG,4460,1,D,BB,AK,F
15:00:00,TLKM,RG,4460,65,D,BB,AK,F
15:00:00,TLKM,RG,4460,26,D,BB,AK,F
15:00:00,TLKM,RG,4460,132,D,BB,AK,F
15:00:00,TLKM,RG,4460,578,D,BB,KZ,F
15:00:00,TLKM,RG,4460,24,D,BB,KZ,F
15:00:00,TLKM,RG,4460,1105,D,BB,BK,F
15:00:00,TLKM,RG,4460,1066,D,CC,BK,F
15:00:00,TLKM,RG,4460,1932,D,OD,BK,F
15:00:00,TLKM,RG,4460,245,D,OD,CS,F
15:00:00,TLKM,RG,4460,36,D,OD,CS,F
15:00:00,TLKM,RG,4460,209,D,NI,CS,F
15:00:00,TLKM,RG,4460,111,D,NI,DX,F
15:00:00,TLKM,RG,4460,2049,D,NI,AG,F
15:00:00,TLKM,RG,4460,444,D,NI,YU,F
15:00:00,TLKM,RG,4460,525,D,NI,ZP,F
15:00:00,TLKM,RG,4460,236,D,NI,ZP,F
15:00:00,TLKM,RG,4460,2393,D,NI,RX,F
15:00:00,TLKM,RG,4460,551,D,ZP,RX,F
15:00:00,TLKM,RG,4460,50,D,ZP,RX,F
15:00:00,TLKM,RG,4460,234,D,LG,RX,F
15:00:00,TLKM,RG,4460,2678,D,LG,RX,F
15:00:00,TLKM,RG,4460,24,D,LG,CC,D
15:00:00,TLKM,RG,4460,1638,D,LG,ZP,F
15:00:00,TLKM,RG,4460,27,D,LG,DR,D
15:00:00,TLKM,RG,4460,1,D,LG,RX,F
15:00:00,TLKM,RG,4460,49,D,LG,RX,F
15:00:00,TLKM,RG,4460,2,D,LG,ZP,D
14:49:59,TLKM,RG,4470,1,F,AK,AK,F
14:49:59,TLKM,RG,4460,2,F,AK,PD,D
14:49:59,TLKM,RG,4460,1,F,AK,RX,F
14:49:58,TLKM,RG,4470,65,F,KZ,AK,F
14:49:57,TLKM,RG,4470,2,F,AK,AK,F
14:49:57,TLKM,RG,4470,1,F,AK,AK,F
14:49:57,TLKM,RG,4470,1,F,AK,AK,F
14:49:56,TLKM,RG,4460,7,F,AK,KZ,F
14:49:56,TLKM,RG,4460,2000,F,AK,DR,D
14:49:53,TLKM,RG,4460,1,F,AK,KZ,F
14:49:53,TLKM,RG,4460,2,F,AK,PD,D
14:49:47,TLKM,RG,4460,1,F,AK,XL,D
14:49:46,TLKM,RG,4460,1,F,AK,AK,F
14:49:46,TLKM,RG,4460,1,F,AK,AK,F
14:49:46,TLKM,RG,4460,1,F,AK,AK,F
14:49:46,TLKM,RG,4460,1,F,AK,AK,F
14:49:46,TLKM,RG,4460,1,F,AK,AK,F
14:49:45,TLKM,RG,4460,7,F,AK,DX,F
14:49:45,TLKM,RG,4460,3,F,AK,DX,F
14:49:45,TLKM,RG,4470,19,F,AK,AK,F
14:49:44,TLKM,RG,4470,11,F,AK,AK,F
14:49:44,TLKM,RG,4470,6,F,AK,CC,F
14:49:44,TLKM,RG,4470,4,F,AK,CC,F
14:49:44,TLKM,RG,4460,2,F,AK,ZP,D
14:49:39,TLKM,RG,4460,1,F,AK,ZP,D
14:49:32,TLKM,RG,4470,148,F,KZ,CC,F
14:49:32,TLKM,RG,4460,16,F,AK,KZ,F
14:49:30,TLKM,RG,4460,1,F,AK,YU,F
14:49:30,TLKM,RG,4460,13,F,AK,ZP,F
14:49:30,TLKM,RG,4470,1,F,YU,CC,F
14:49:29,TLKM,RG,4460,64,F,AK,AK,F
14:49:29,TLKM,RG,4460,2,F,AK,ZP,D
14:49:29,TLKM,RG,4470,811,F,CC,CC,F
14:49:29,TLKM,RG,4470,3209,F,CC,BK,F
14:49:27,TLKM,RG,4470,141,F,KZ,BK,F
14:49:25,TLKM,RG,4460,65,F,AK,AK,F
14:49:25,TLKM,RG,4460,4,F,AK,BK,F
14:49:23,TLKM,RG,4460,56,F,AK,DX,F
14:49:23,TLKM,RG,4470,1438,F,CC,BK,F
14:49:23,TLKM,RG,4470,1,F,CC,AK,F
14:49:23,TLKM,RG,4470,132,F,CC,YU,F
14:49:23,TLKM,RG,4470,50,F,CC,TP,D
14:49:23,TLKM,RG,4470,20,F,CC,XC,D
14:49:23,TLKM,RG,4470,10,F,CC,CC,D
14:49:23,TLKM,RG,4470,10,F,CC,XC,D
14:49:23,TLKM,RG,4470,5,F,CC,SQ,D
14:49:23,TLKM,RG,4470,3,F,CC,DX,F
14:49:23,TLKM,RG,4470,40,F,CC,YP,D
14:49:23,TLKM,RG,4470,3,F,CC,KZ,F
14:49:23,TLKM,RG,4470,33,F,CC,YB,D
14:49:22,TLKM,RG,4460,49,F,AK,BK,F
14:49:18,TLKM,RG,4470,5,F,KZ,YB,D
14:49:16,TLKM,RG,4460,106,F,AK,ZP,F
14:49:16,TLKM,RG,4460,59,F,AK,ZP,F
14:49:16,TLKM,RG,4470,3,F,KZ,YB,D
14:49:14,TLKM,RG,4460,83,F,AK,YP,D
14:49:14,TLKM,RG,4460,1,F,AK,ZP,D
14:49:07,TLKM,RG,4470,2,F,KZ,YB,D
14:49:05,TLKM,RG,4460,1,F,AK,BB,D
14:49:05,TLKM,RG,4470,38,F,BK,YB,D
14:49:04,TLKM,RG,4470,20,F,DX,YB,D
14:49:04,TLKM,RG,4470,2,F,KZ,YB,D
14:49:02,TLKM,RG,4460,51,F,AK,BK,F
14:49:00,TLKM,RG,4460,1,F,AK,CC,D
14:49:00,TLKM,RG,4470,5,F,AK,YB,D
14:49:00,TLKM,RG,4470,8,F,AK,YB,D
14:49:00,TLKM,RG,4470,2,F,AK,YB,D
14:49:00,TLKM,RG,4470,2,F,AK,YB,D
14:49:00,TLKM,RG,4470,1,F,AK,YB,D
14:48:59,TLKM,RG,4460,2,F,AK,ZP,D
14:48:59,TLKM,RG,4460,3,F,AK,AK,F
14:48:59,TLKM,RG,4460,1,F,AK,AK,F
14:48:59,TLKM,RG,4460,2,F,AK,AK,F
14:48:59,TLKM,RG,4460,1,F,AK,AK,F
14:48:54,TLKM,RG,4460,53,F,AK,AK,F
14:48:54,TLKM,RG,4460,12,F,AK,XC,D
14:48:53,TLKM,RG,4470,1,D,YP,YB,D
14:48:46,TLKM,RG,4460,4,F,AK,YP,D
14:48:44,TLKM,RG,4470,1,F,KZ,YB,D
14:48:42,TLKM,RG,4460,3,F,AK,XC,D
14:48:42,TLKM,RG,4460,1,F,AK,YP,D
14:48:41,TLKM,RG,4460,5,F,AK,TP,D
14:48:38,TLKM,RG,4460,5,F,AK,KZ,F
14:48:38,TLKM,RG,4470,127,F,KZ,YB,D
14:48:38,TLKM,RG,4470,83,F,KZ,PG,D
14:48:36,TLKM,RG,4470,10,F,KZ,PG,D
14:48:36,TLKM,RG,4470,207,F,CC,PG,D
14:48:36,TLKM,RG,4470,200,F,CC,YP,D
14:48:36,TLKM,RG,4470,250,F,CC,GR,D
14:48:36,TLKM,RG,4470,20,F,CC,SQ,D
14:48:36,TLKM,RG,4470,250,F,CC,DR,D
14:48:36,TLKM,RG,4470,1,F,CC,TP,D
14:48:36,TLKM,RG,4470,200,F,CC,YP,D
14:48:36,TLKM,RG,4470,400,F,CC,YP,D
14:48:36,TLKM,RG,4470,2,F,CC,SQ,D
14:48:36,TLKM,RG,4470,2,F,CC,XL,D
14:48:36,TLKM,RG,4470,1000,F,CC,RX,F
14:48:36,TLKM,RG,4470,3,F,CC,PD,D
14:48:36,TLKM,RG,4470,10,F,CC,XC,D
14:48:36,TLKM,RG,4470,1,F,CC,NI,D
14:48:36,TLKM,RG,4470,1,F,CC,XC,D
14:48:36,TLKM,RG,4470,10,F,CC,KK,D
14:48:36,TLKM,RG,4470,100,F,CC,SQ,D
14:48:36,TLKM,RG,4470,5,F,CC,XL,D
14:48:36,TLKM,RG,4470,8,F,CC,XC,D
14:48:36,TLKM,RG,4470,5,F,CC,DR,D
14:48:36,TLKM,RG,4470,250,F,CC,KK,D
14:48:36,TLKM,RG,4470,20,F,CC,YP,D
14:48:36,TLKM,RG,4470,4,F,CC,XC,D
14:48:36,TLKM,RG,4470,1,F,CC,XL,D
14:48:36,TLKM,RG,4470,5,F,CC,CC,D
14:48:36,TLKM,RG,4470,755,F,CC,AK,F
14:48:36,TLKM,RG,4470,9,F,CC,LG,D
14:48:36,TLKM,RG,4470,1,F,CC,YP,D
14:48:36,TLKM,RG,4470,93,F,CC,KK,F
14:48:36,TLKM,RG,4470,3,F,CC,XC,D
14:48:36,TLKM,RG,4470,5,F,CC,XC,D
14:48:36,TLKM,RG,4470,25,F,CC,OD,D
14:48:36,TLKM,RG,4470,2,F,CC,PD,D
14:48:36,TLKM,RG,4470,4,F,CC,PD,D
14:48:36,TLKM,RG,4470,5,F,CC,PD,D
14:48:36,TLKM,RG,4470,1,F,CC,XC,D
14:48:36,TLKM,RG,4470,15,F,CC,OD,D
14:48:36,TLKM,RG,4470,15,F,CC,KK,D
14:48:36,TLKM,RG,4470,1,F,CC,XC,D
14:48:36,TLKM,RG,4470,3,F,CC,YP,D
14:48:36,TLKM,RG,4470,1,F,CC,YP,D
14:48:36,TLKM,RG,4470,2,F,CC,YP,D
14:48:36,TLKM,RG,4470,1000,F,CC,OD,D
14:48:36,TLKM,RG,4470,1,F,CC,NI,D
14:48:36,TLKM,RG,4470,1,F,CC,PD,D
14:48:36,TLKM,RG,4470,1,F,CC,CP,D
14:48:36,TLKM,RG,4470,2,F,CC,PD,D
14:48:36,TLKM,RG,4470,3,F,CC,XC,D
14:48:36,TLKM,RG,4470,15,F,CC,PD,D
14:48:36,TLKM,RG,4470,2,F,CC,YP,F
14:48:36,TLKM,RG,4470,1,F,CC,PD,D
14:48:36,TLKM,RG,4470,6,F,CC,XC,D
14:48:36,TLKM,RG,4470,18,F,CC,CC,D
14:48:36,TLKM,RG,4470,1,F,CC,XC,D
14:48:36,TLKM,RG,4470,20,F,CC,XL,D
14:48:36,TLKM,RG,4470,6,F,CC,YP,D
14:48:36,TLKM,RG,4470,1,F,CC,NI,D
14:48:36,TLKM,RG,4470,2,F,CC,PD,D
14:48:36,TLKM,RG,4470,20,F,CC,TP,D
14:48:36,TLKM,RG,4470,7,F,CC,PD,D
14:48:36,TLKM,RG,4470,1,F,CC,NI,D
14:48:36,TLKM,RG,4470,115,F,CC,EP,D
14:48:36,TLKM,RG,4470,35,F,CC,XC,D
14:48:36,TLKM,RG,4470,1,F,CC,AT,D
14:48:36,TLKM,RG,4470,4,F,CC,XC,D
14:48:36,TLKM,RG,4470,2,F,CC,PD,D
14:48:36,TLKM,RG,4470,11,F,CC,XC,D
14:48:36,TLKM,RG,4470,6,F,CC,XC,D
14:48:36,TLKM,RG,4470,13,F,CC,PD,D
14:48:36,TLKM,RG,4470,1,F,CC,XC,D
14:48:36,TLKM,RG,4470,10,F,CC,KK,D
14:48:36,TLKM,RG,4470,1,F,CC,DR,D
14:48:36,TLKM,RG,4470,8,F,CC,PD,D
14:48:36,TLKM,RG,4470,2,F,CC,YB,D
14:48:36,TLKM,RG,4470,5,F,CC,XC,D
14:48:36,TLKM,RG,4470,5,F,CC,YP,D
14:48:36,TLKM,RG,4470,5,F,CC,XA,D
14:48:36,TLKM,RG,4470,257,F,CC,GR,D
14:48:30,TLKM,RG,4470,243,F,KZ,GR,D
14:48:30,TLKM,RG,4470,1,F,KZ,XC,D
14:48:30,TLKM,RG,4470,50,F,KZ,PD,D
14:48:30,TLKM,RG,4470,1,F,KZ,PD,D
14:48:30,TLKM,RG,4470,1,F,KZ,AT,D
14:48:30,TLKM,RG,4470,5,F,KZ,SQ,D
14:48:30,TLKM,RG,4470,30,F,KZ,NI,D
14:48:30,TLKM,RG,4470,1,F,KZ,XC,D
14:48:30,TLKM,RG,4470,1,F,KZ,XL,D
14:48:30,TLKM,RG,4470,1,F,KZ,DH,D
14:48:28,TLKM,RG,4460,22,F,AK,AK,F
14:48:28,TLKM,RG,4460,813,F,AK,ZP,F
14:48:28,TLKM,RG,4460,1,F,AK,KZ,F
14:48:28,TLKM,RG,4460,11,F,AK,AK,F
14:48:28,TLKM,RG,4460,4,F,AK,AK,F
14:48:28,TLKM,RG,4460,1,F,AK,AK,F
14:48:28,TLKM,RG,4460,2,F,AK,AK,F
14:48:28,TLKM,RG,4460,6,F,AK,AK,F
14:48:28,TLKM,RG,4460,750,F,AK,YU,D
14:48:28,TLKM,RG,4460,80,F,AK,BB,D
14:48:28,TLKM,RG,4460,2494,F,AK,AK,F
14:48:28,TLKM,RG,4460,128,F,AK,KK,D
14:48:28,TLKM,RG,4460,50,F,AK,GR,D
14:48:28,TLKM,RG,4460,416,F,AK,ZP,F
14:48:28,TLKM,RG,4460,11,F,AK,ZP,F
14:48:28,TLKM,RG,4460,98,F,AK,YU,F
14:48:28,TLKM,RG,4460,15,F,AK,DX,F
14:48:28,TLKM,RG,4460,198,F,AK,BK,F
14:48:28,TLKM,RG,4460,2,F,AK,YP,D
14:48:28,TLKM,RG,4460,1,F,AK,XC,D
14:48:28,TLKM,RG,4460,4,F,AK,KZ,F
14:48:28,TLKM,RG,4460,4,F,AK,XC,D
14:48:28,TLKM,RG,4460,10,F,AK,GR,D
14:48:28,TLKM,RG,4460,203,F,AK,CC,F
14:48:28,TLKM,RG,4460,8,F,AK,ZP,F
14:48:28,TLKM,RG,4460,9,F,AK,DX,F
14:48:28,TLKM,RG,4460,6,F,AK,AK,F
14:48:28,TLKM,RG,4460,100,F,AK,YP,D
14:48:28,TLKM,RG,4460,8,F,AK,RX,F
14:48:28,TLKM,RG,4460,9,F,AK,ZP,F
14:48:28,TLKM,RG,4460,1,F,AK,AK,F
14:48:28,TLKM,RG,4460,18,F,AK,AK,F
14:48:28,TLKM,RG,4460,3,F,AK,AK,F
14:48:28,TLKM,RG,4460,58,F,AK,ZP,F
14:48:28,TLKM,RG,4460,8,F,AK,DX,F
14:48:28,TLKM,RG,4460,1,F,AK,MG,D
14:48:28,TLKM,RG,4460,7,F,AK,ZP,F
14:48:28,TLKM,RG,4460,56,F,AK,ZP,F
14:48:28,TLKM,RG,4460,5,F,AK,CC,F
14:48:28,TLKM,RG,4460,51,F,AK,BK,F
14:48:28,TLKM,RG,4460,6,F,AK,AK,F
14:48:28,TLKM,RG,4450,47,F,CC,AK,F
14:48:19,TLKM,RG,4450,49,F,CC,BK,F
14:48:13,TLKM,RG,4450,1,F,CC,KZ,F
14:48:12,TLKM,RG,4450,90,F,CC,BB,D
14:48:12,TLKM,RG,4450,81,F,KZ,BB,D
14:48:12,TLKM,RG,4450,81,F,AK,BB,D
14:48:12,TLKM,RG,4450,79,F,AK,BB,D
14:48:12,TLKM,RG,4450,1,D,MG,BB,D
14:48:12,TLKM,RG,4450,5,D,CC,BB,D
14:48:12,TLKM,RG,4450,48,F,AK,BB,D
14:48:12,TLKM,RG,4450,32,F,AK,BB,D
14:48:12,TLKM,RG,4450,92,F,BK,BB,D
14:48:11,TLKM,RG,4460,266,D,CP,AK,F
14:48:11,TLKM,RG,4460,87,D,CP,BB,D
14:48:11,TLKM,RG,4460,1,D,CP,KZ,F
14:48:11,TLKM,RG,4460,7,D,CP,ZP,F
14:48:11,TLKM,RG,4460,639,D,CP,CS,F
14:48:10,TLKM,RG,4460,7,F,KZ,CS,F
14:48:10,TLKM,RG,4460,37,F,KZ,CS,F
14:48:08,TLKM,RG,4450,1,F,BK,BB,D
14:48:08,TLKM,RG,4450,4,F,BK,BB,D
14:48:06,TLKM,RG,4450,2,F,BK,KZ,F
14:48:06,TLKM,RG,4450,42,F,BK,BK,F
14:48:06,TLKM,RG,4450,1,F,BK,KZ,F
14:48:06,TLKM,RG,4450,97,F,BK,BB,D
14:48:03,TLKM,RG,4460,5,F,KZ,CS,F
14:48:03,TLKM,RG,4450,5,F,BK,KZ,F
14:48:03,TLKM,RG,4450,1,F,BK,KZ,F
14:48:01,TLKM,RG,4450,3,F,BK,KZ,F
14:48:01,TLKM,RG,4450,10,F,KZ,KZ,F
14:48:01,TLKM,RG,4450,20,F,YU,KZ,F
14:48:01,TLKM,RG,4460,394,F,KZ,CS,F
14:48:01,TLKM,RG,4460,39,F,KZ,CS,F
14:48:01,TLKM,RG,4450,1,F,YU,KZ,F
14:48:01,TLKM,RG,4460,462,F,KZ,CS,F
14:48:01,TLKM,RG,4450,21,F,YU,KZ,F
14:48:01,TLKM,RG,4460,2,F,KZ,CS,F
14:48:01,TLKM,RG,4450,6,F,ZP,KZ,F
14:48:00,TLKM,RG,4450,7,F,ZP,KZ,F
14:48:00,TLKM,RG,4460,1,F,KZ,CS,F
14:48:00,TLKM,RG,4460,3,F,KZ,CS,F
14:48:00,TLKM,RG,4450,3,F,ZP,KZ,F
14:48:00,TLKM,RG,4460,1,F,KZ,CS,F
14:48:00,TLKM,RG,4450,3,F,ZP,KZ,F
14:48:00,TLKM,RG,4450,43,F,ZP,BK,F
14:48:00,TLKM,RG,4460,44,F,BK,CS,F
14:48:00,TLKM,RG,4460,1,F,KZ,CS,F
14:48:00,TLKM,RG,4460,30,F,AK,CS,F
14:47:56,TLKM,RG,4460,2,F,ZP,CS,F
14:47:55,TLKM,RG,4450,4,F,ZP,DR,D
14:47:54,TLKM,RG,4450,76,F,ZP,BB,D
14:47:54,TLKM,RG,4460,235,D,NI,CS,F
14:47:51,TLKM,RG,4450,7,F,ZP,DR,D
14:47:46,TLKM,RG,4450,88,F,ZP,BB,D
14:47:45,TLKM,RG,4450,250,F,ZP,CC,D
14:47:44,TLKM,RG,4450,59,F,ZP,CS,D
14:47:44,TLKM,RG,4460,42,F,BK,CS,F
14:47:42,TLKM,RG,4450,2,F,ZP,DR,D
14:47:41,TLKM,RG,4450,6,F,ZP,DR,D
14:47:40,TLKM,RG,4460,1,F,ZP,CS,F
14:47:39,TLKM,RG,4460,1,F,ZP,CS,F
14:47:35,TLKM,RG,4450,46,F,ZP,BB,D
14:47:35,TLKM,RG,4450,79,F,ZP,CS,D
14:47:30,TLKM,RG,4460,43,F,AK,CS,F
14:47:28,TLKM,RG,4460,46,F,BK,CS,F
14:47:28,TLKM,RG,4450,49,F,ZP,CS,D
14:47:28,TLKM,RG,4460,455,F,CC,CS,F
14:47:28,TLKM,RG,4460,582,F,CC,ZP,F
14:47:24,TLKM,RG,4450,111,F,ZP,CS,D
14:47:22,TLKM,RG,4450,1,F,ZP,ZP,D
14:47:22,TLKM,RG,4460,4,D,AT,ZP,F
14:47:21,TLKM,RG,4460,2,F,ZP,ZP,F
14:47:19,TLKM,RG,4460,60,D,NI,ZP,F
14:47:15,TLKM,RG,4460,17,F,AK,ZP,F
14:47:14,TLKM,RG,4450,79,F,ZP,CS,D
14:47:14,TLKM,RG,4460,20,D,YP,ZP,F
14:47:07,TLKM,RG,4450,44,F,ZP,CS,D
14:47:07,TLKM,RG,4460,222,F,CC,ZP,F
14:47:07,TLKM,RG,4460,211,F,CC,BB,D
14:47:07,TLKM,RG,4460,1,F,CC,DX,F
14:47:07,TLKM,RG,4460,10,F,CC,CC,D
14:47:07,TLKM,RG,4460,5,F,CC,KZ,F
14:47:07,TLKM,RG,4460,2,F,CC,OD,D
14:47:07,TLKM,RG,4460,2,F,CC,KZ,F
14:47:07,TLKM,RG,4460,15,F,CC,ZP,F
14:47:07,TLKM,RG,4460,5,F,CC,DX,F
14:47:07,TLKM,RG,4460,150,F,CC,OD,D
14:47:07,TLKM,RG,4460,79,F,CC,DR,D
14:47:07,TLKM,RG,4460,2,F,CC,NI,D
14:47:07,TLKM,RG,4460,10,F,CC,YP,D
14:47:07,TLKM,RG,4460,10,F,CC,SQ,D
14:47:07,TLKM,RG,4460,3,F,CC,NI,D
14:47:07,TLKM,RG,4460,20,F,CC,CC,D
14:47:07,TLKM,RG,4460,440,F,CC,YP,D
14:47:07,TLKM,RG,4460,17,F,CC,BR,D
14:47:07,TLKM,RG,4460,1,F,CC,XC,D
14:47:07,TLKM,RG,4460,921,F,CC,DR,D
14:47:07,TLKM,RG,4460,1000,F,CC,RX,F
14:47:07,TLKM,RG,4460,1,F,CC,XC,D
14:47:07,TLKM,RG,4460,2,F,CC,CC,D
14:47:07,TLKM,RG,4460,139,F,CC,XA,F
14:47:07,TLKM,RG,4460,13,F,CC,PD,D
14:47:07,TLKM,RG,4460,12,F,BK,PD,D
14:47:07,TLKM,RG,4460,1,F,BK,PD,D
14:47:07,TLKM,RG,4460,2,F,BK,CC,D
14:47:07,TLKM,RG,4460,14,F,BK,BQ,D
14:47:07,TLKM,RG,4460,10,F,BK,SQ,D
14:47:07,TLKM,RG,4460,9,F,BK,YP,D
14:47:05,TLKM,RG,4450,271,F,ZP,BB,D
14:47:03,TLKM,RG,4450,79,F,ZP,CS,D
14:47:01,TLKM,RG,4460,25,D,EP,YP,D
14:47:00,TLKM,RG,4460,66,F,AK,YP,D
14:47:00,TLKM,RG,4460,2,F,AK,PD,D
14:47:00,TLKM,RG,4460,16,F,AK,EP,D
14:46:59,TLKM,RG,4460,9,D,NI,EP,D
14:46:59,TLKM,RG,4460,38,D,NI,MI,D
14:46:53,TLKM,RG,4450,75,F,ZP,CS,D
14:46:51,TLKM,RG,4460,49,F,BK,MI,D
14:46:43,TLKM,RG,4450,100,F,ZP,CS,D
14:46:39,TLKM,RG,4460,9,F,KZ,MI,D
14:46:34,TLKM,RG,4460,2,F,KZ,MI,D
14:46:31,TLKM,RG,4460,49,F,BK,MI,D
14:46:30,TLKM,RG,4450,71,F,ZP,CS,D
14:46:25,TLKM,RG,4460,3,D,DH,MI,D
14:46:15,TLKM,RG,4460,52,F,AK,MI,D
14:46:15,TLKM,RG,4460,48,F,AK,MI,D
14:46:13,TLKM,RG,4460,48,F,BK,MI,D
14:46:13,TLKM,RG,4460,202,F,CC,MI,D
14:46:13,TLKM,RG,4460,4,F,CC,XL,D
14:46:13,TLKM,RG,4460,1,F,CC,PD,D
14:46:13,TLKM,RG,4460,655,F,CC,AK,F
14:46:13,TLKM,RG,4460,5,F,CC,PD,D
14:46:13,TLKM,RG,4460,100,F,CC,KK,F
14:46:13,TLKM,RG,4460,1,F,CC,XC,D
14:46:13,TLKM,RG,4460,5,F,CC,YP,D
14:46:13,TLKM,RG,4460,2,F,CC,KK,D
14:46:13,TLKM,RG,4460,1,F,CC,PD,D
14:46:13,TLKM,RG,4460,8,F,CC,AT,D
14:46:13,TLKM,RG,4460,5,F,CC,DH,D
14:46:13,TLKM,RG,4460,4,F,CC,SQ,D
14:46:13,TLKM,RG,4460,3,F,CC,YP,D
14:46:13,TLKM,RG,4460,5,F,CC,PD,D
14:46:13,TLKM,RG,4460,25,F,CC,YB,D
14:46:13,TLKM,RG,4460,1,F,CC,PD,D
14:46:13,TLKM,RG,4460,25,F,CC,GR,D
14:46:13,TLKM,RG,4460,1,F,CC,PD,D
14:46:13,TLKM,RG,4460,5,F,CC,YP,D
14:46:13,TLKM,RG,4460,10,F,CC,DH,D
14:46:13,TLKM,RG,4460,50,F,CC,CC,D
14:46:13,TLKM,RG,4460,1,F,CC,NI,D
14:46:13,TLKM,RG,4460,1,F,CC,CC,D
14:46:13,TLKM,RG,4460,4,F,CC,ZP,F
14:46:13,TLKM,RG,4460,1,F,CC,CC,D
14:46:13,TLKM,RG,4460,5,F,CC,PD,D
14:46:13,TLKM,RG,4460,12,F,CC,XL,D
14:46:13,TLKM,RG,4460,46,F,CC,EP,D
14:46:13,TLKM,RG,4460,1,F,CC,YP,D
14:46:13,TLKM,RG,4460,1,F,CC,XL,D
14:46:13,TLKM,RG,4460,2,F,CC,PD,D
14:46:13,TLKM,RG,4460,1,F,CC,XC,D
14:46:13,TLKM,RG,4460,100,F,CC,TP,D
14:46:13,TLKM,RG,4460,5,F,CC,XC,D
14:46:13,TLKM,RG,4460,1,F,ZP,XC,D
14:46:06,TLKM,RG,4460,2,D,EP,XC,D
14:46:03,TLKM,RG,4450,277,F,ZP,AK,F
14:46:01,TLKM,RG,4450,757,F,ZP,AK,F
14:46:01,TLKM,RG,4450,3232,F,ZP,CC,F
14:46:00,TLKM,RG,4450,12,F,ZP,DX,F
14:46:00,TLKM,RG,4450,20,F,ZP,CC,D
14:46:00,TLKM,RG,4450,2,F,ZP,CC,F
14:46:00,TLKM,RG,4450,500,F,ZP,CS,D
14:46:00,TLKM,RG,4450,9,F,ZP,KZ,F
14:46:00,TLKM,RG,4450,26,F,ZP,ZP,F
14:46:00,TLKM,RG,4450,16,F,ZP,CS,F
14:46:00,TLKM,RG,4450,5,F,ZP,CS,F
14:46:00,TLKM,RG,4450,1,F,ZP,KZ,F
14:46:00,TLKM,RG,4450,11,F,ZP,DX,F
14:46:00,TLKM,RG,4450,11,F,ZP,CC,D
14:46:00,TLKM,RG,4450,1,F,ZP,KZ,F
14:46:00,TLKM,RG,4450,422,F,ZP,BK,F
14:46:00,TLKM,RG,4450,1,F,ZP,KZ,F
14:46:00,TLKM,RG,4450,83,F,ZP,YU,F
14:46:00,TLKM,RG,4450,10,F,ZP,DX,F
14:46:00,TLKM,RG,4450,62,F,ZP,CS,D
14:46:00,TLKM,RG,4450,16,F,ZP,KZ,F
14:46:00,TLKM,RG,4450,2,F,ZP,KZ,F
14:46:00,TLKM,RG,4450,1,F,ZP,KZ,F
14:46:00,TLKM,RG,4450,11,F,ZP,AK,F
14:46:00,TLKM,RG,4450,33,F,ZP,AK,F
14:46:00,TLKM,RG,4450,358,F,ZP,CS,D
14:46:00,TLKM,RG,4450,6,F,ZP,BK,F
14:46:00,TLKM,RG,4450,2,F,ZP,AK,F
14:46:00,TLKM,RG,4450,5,F,ZP,AK,F
14:46:00,TLKM,RG,4450,5,F,ZP,ZP,F
14:46:00,TLKM,RG,4450,1,F,ZP,ZP,F
14:46:00,TLKM,RG,4450,207,F,ZP,CS,D
14:46:00,TLKM,RG,4450,4,F,ZP,ZP,F
14:46:00,TLKM,RG,4450,1,F,ZP,ZP,F
14:46:00,TLKM,RG,4450,52,F,ZP,AK,F
14:46:00,TLKM,RG,4450,37,F,ZP,CS,D
14:46:00,TLKM,RG,4450,4,F,ZP,AT,D
14:46:00,TLKM,RG,4450,49,F,ZP,CS,D
14:46:00,TLKM,RG,4450,113,F,ZP,OD,D
14:46:00,TLKM,RG,4450,24,F,ZP,CS,D
14:46:00,TLKM,RG,4450,12,F,ZP,CS,F
14:46:00,TLKM,RG,4450,4,F,ZP,BB,D
14:46:00,TLKM,RG,4450,2,F,ZP,CS,F
14:46:00,TLKM,RG,4450,6,F,ZP,CS,D
14:46:00,TLKM,RG,4450,406,F,ZP,ZP,F
14:46:00,TLKM,RG,4450,1,F,ZP,MG,D
14:46:00,TLKM,RG,4450,10,F,ZP,PD,D
14:46:00,TLKM,RG,4450,3,F,ZP,XC,D
14:46:00,TLKM,RG,4450,51,F,ZP,AK,F
14:46:00,TLKM,RG,4450,30,F,ZP,YP,D
14:46:00,TLKM,RG,4450,4,F,ZP,DX,F
14:46:00,TLKM,RG,4450,25,F,ZP,BB,D
14:46:00,TLKM,RG,4450,239,F,ZP,CS,F
14:46:00,TLKM,RG,4450,701,F,ZP,CS,F
14:46:00,TLKM,RG,4450,1,F,ZP,KZ,F
14:46:00,TLKM,RG,4450,500,F,ZP,KK,D
14:46:00,TLKM,RG,4450,30,F,ZP,AZ,D
14:46:00,TLKM,RG,4450,650,F,ZP,NI,D
14:46:00,TLKM,RG,4450,180,F,ZP,YU,F
14:46:00,TLKM,RG,4450,2,F,ZP,AK,F
14:46:00,TLKM,RG,4450,86,F,ZP,YP,D
14:46:00,TLKM,RG,4450,1,F,ZP,KZ,F
14:46:00,TLKM,RG,4450,15,F,ZP,KZ,F
14:46:00,TLKM,RG,4450,2,F,ZP,DX,F
14:46:00,TLKM,RG,4450,3,F,ZP,KK,D
14:46:00,TLKM,RG,4450,1,F,ZP,KZ,F
14:46:00,TLKM,RG,4450,1,F,ZP,CC,D
14:46:00,TLKM,RG,4450,50,F,ZP,PD,D
14:46:00,TLKM,RG,4450,75,F,ZP,XL,D
14:46:00,TLKM,RG,4450,10,F,ZP,SQ,D
14:46:00,TLKM,RG,4450,1,F,ZP,NI,D
14:46:00,TLKM,RG,4450,1,F,ZP,XC,D
14:46:00,TLKM,RG,4450,3,F,ZP,DX,F
14:46:00,TLKM,RG,4450,1,F,ZP,YP,D
14:46:00,TLKM,RG,4450,2,F,ZP,NI,D
14:46:00,TLKM,RG,4450,27,F,ZP,XC,D
14:46:00,TLKM,RG,4450,1,F,ZP,XC,D
14:46:00,TLKM,RG,4450,300,F,ZP,KK,D
14:46:00,TLKM,RG,4450,10,F,ZP,CC,D
14:46:00,TLKM,RG,4450,1000,F,ZP,RX,F
14:46:00,TLKM,RG,4450,1250,F,ZP,RX,F
14:46:00,TLKM,RG,4450,603,F,ZP,AK,F
14:46:00,TLKM,RG,4440,302,F,CC,YU,F
14:46:00,TLKM,RG,4450,28,F,YU,AK,F
14:45:59,TLKM,RG,4440,173,F,CC,CS,D
14:45:55,TLKM,RG,4450,50,F,BK,AK,F
14:45:49,TLKM,RG,4440,75,F,CC,CS,D
14:45:46,TLKM,RG,4440,50,F,CC,BK,F
14:45:41,TLKM,RG,4450,2383,F,CC,AK,F
14:45:39,TLKM,RG,4440,72,F,CC,CS,D
14:45:30,TLKM,RG,4440,82,F,CC,CS,D
14:45:28,TLKM,RG,4440,30,F,CC,ZP,F
14:45:22,TLKM,RG,4440,37,F,CC,CS,D
14:45:19,TLKM,RG,4440,141,F,CC,CS,D
14:45:07,TLKM,RG,4440,169,F,CC,CS,D
14:44:58,TLKM,RG,4440,131,F,CC,CS,D
14:44:55,TLKM,RG,4440,9,F,CC,DP,D
14:44:49,TLKM,RG,4450,237,D,PD,AK,F
14:44:49,TLKM,RG,4450,279,D,PD,AK,F
14:44:47,TLKM,RG,4450,1066,F,CC,AK,F
14:44:45,TLKM,RG,4440,14,F,CC,DP,D
14:44:37,TLKM,RG,4440,66,F,CC,CS,D
14:44:36,TLKM,RG,4450,21,D,YU,AK,F
14:44:32,TLKM,RG,4440,1,F,CC,DP,D
14:44:30,TLKM,RG,4440,12,F,CC,DP,D
14:44:29,TLKM,RG,4450,10,D,DH,AK,F
14:44:28,TLKM,RG,4440,12,F,CC,KZ,F
14:44:27,TLKM,RG,4440,757,F,CC,AK,F
14:44:27,TLKM,RG,4450,1029,F,ZP,AK,F
14:44:27,TLKM,RG,4450,25,F,ZP,LS,D
14:44:27,TLKM,RG,4450,20,F,ZP,NI,D
14:44:27,TLKM,RG,4450,25,F,ZP,LS,D
14:44:27,TLKM,RG,4450,3,F,ZP,CC,D
14:44:27,TLKM,RG,4450,9,F,ZP,XL,D
14:44:27,TLKM,RG,4450,4,F,ZP,YP,D
14:44:27,TLKM,RG,4450,15,F,ZP,KK,D
14:44:27,TLKM,RG,4450,5,F,ZP,XC,D
14:44:27,TLKM,RG,4450,5,F,ZP,OD,D
14:44:27,TLKM,RG,4450,7,F,ZP,PD,D
14:44:27,TLKM,RG,4450,1,F,ZP,PD,D
14:44:27,TLKM,RG,4450,1,F,ZP,PD,D
14:44:27,TLKM,RG,4450,5,F,ZP,XC,D
14:44:27,TLKM,RG,4450,170,F,ZP,KK,D
14:44:27,TLKM,RG,4450,1000,F,ZP,CS,D
14:44:27,TLKM,RG,4450,755,F,ZP,AK,F
14:44:27,TLKM,RG,4440,419,F,CC,CC,F
14:44:27,TLKM,RG,4440,1,D,CC,CC,F
14:44:27,TLKM,RG,4440,139,F,KZ,CC,F
14:44:27,TLKM,RG,4440,19,F,KZ,CC,F
14:44:27,TLKM,RG,4440,1,F,KZ,CC,F
14:44:27,TLKM,RG,4440,89,F,AK,CC,F
14:44:27,TLKM,RG,4440,11,D,YU,CC,F
14:44:27,TLKM,RG,4440,1,F,KZ,CC,F
14:44:27,TLKM,RG,4440,1,F,KZ,CC,F
14:44:27,TLKM,RG,4440,1,F,KZ,CC,F
14:44:27,TLKM,RG,4440,1,F,KZ,CC,F
14:44:27,TLKM,RG,4440,3,F,KZ,CC,F
14:44:27,TLKM,RG,4440,2,F,KZ,CC,F
14:44:27,TLKM,RG,4440,51,F,AK,CC,F
14:44:27,TLKM,RG,4440,6,F,BK,CC,F
14:44:27,TLKM,RG,4440,3,D,YP,CC,F
14:44:27,TLKM,RG,4440,3,D,PD,CC,F
14:44:27,TLKM,RG,4440,3346,D,YU,CC,F
14:44:27,TLKM,RG,4440,63,D,YU,CS,D
14:44:21,TLKM,RG,4440,18,D,YU,CS,D
14:44:17,TLKM,RG,4450,416,D,PD,AK,F
14:44:17,TLKM,RG,4440,60,D,YU,CS,D
14:44:07,TLKM,RG,4440,71,D,YU,CS,D
14:44:00,TLKM,RG,4450,1339,F,CC,AK,F
14:43:56,TLKM,RG,4440,8,D,YU,DX,F
14:43:56,TLKM,RG,4440,206,D,YU,CS,D
14:43:56,TLKM,RG,4440,50,D,YU,LS,D
14:43:56,TLKM,RG,4440,37,D,YU,CS,F
14:43:56,TLKM,RG,4440,6,D,YU,CS,F
14:43:56,TLKM,RG,4440,4,D,YU,ZP,F
14:43:56,TLKM,RG,4440,103,D,YU,YU,F
14:43:56,TLKM,RG,4440,6,D,YU,RX,F
14:43:56,TLKM,RG,4440,2,D,YU,ZP,F
14:43:56,TLKM,RG,4440,4,D,YU,BB,D
14:43:56,TLKM,RG,4440,1,D,YU,KZ,F
14:43:56,TLKM,RG,4440,1,D,YU,ZP,F
14:43:56,TLKM,RG,4440,1,D,YU,ZP,F
14:43:56,TLKM,RG,4440,4,D,YU,CS,D
14:43:56,TLKM,RG,4440,4,D,YU,CS,F
14:43:56,TLKM,RG,4440,4,D,YU,CS,F
14:43:56,TLKM,RG,4440,1,D,YU,CS,F
14:43:31,TLKM,RG,4440,1,F,ZP,CS,F
14:43:31,TLKM,RG,4440,1,F,ZP,KZ,F
14:43:31,TLKM,RG,4440,1,F,ZP,ZP,F
14:43:29,TLKM,RG,4440,1,D,XC,CS,D
14:43:27,TLKM,RG,4450,1175,F,CC,AK,F
14:43:25,TLKM,RG,4430,4,D,PD,CS,D
14:43:25,TLKM,RG,4440,4,F,KZ,AK,F
14:43:25,TLKM,RG,4440,7,F,KZ,AK,F
14:43:25,TLKM,RG,4440,97,D,PD,AK,F
14:43:22,TLKM,RG,4440,1,D,PD,CS,D
14:43:22,TLKM,RG,4440,122,D,PD,CS,D
14:43:22,TLKM,RG,4440,191,D,PD,AK,F
14:43:22,TLKM,RG,4440,1,D,PD,ZP,F
14:43:22,TLKM,RG,4440,1,D,PD,KZ,F
14:43:22,TLKM,RG,4440,2,D,PD,KZ,F
14:43:22,TLKM,RG,4440,9,D,PD,KZ,F
14:43:22,TLKM,RG,4440,2,D,PD,ZP,F
14:43:22,TLKM,RG,4440,1,D,PD,ZP,F
14:43:22,TLKM,RG,4440,1,D,PD,ZP,F
14:43:22,TLKM,RG,4440,2,D,PD,BB,D
14:43:22,TLKM,RG,4440,1,D,PD,BB,D
14:43:22,TLKM,RG,4440,9,D,PD,DX,F
14:43:22,TLKM,RG,4440,57,D,PD,AK,F
14:43:22,TLKM,RG,4440,5,D,PD,CS,D
14:43:22,TLKM,RG,4440,5,D,PD,CS,F
14:43:22,TLKM,RG,4440,5,D,PD,CS,D
14:43:22,TLKM,RG,4440,5,D,PD,CS,F
14:43:22,TLKM,RG,4440,5,D,PD,CS,F
14:43:22,TLKM,RG,4440,5,D,PD,PD,D
14:43:11,TLKM,RG,4440,1,F,KZ,AK,F
14:43:11,TLKM,RG,4440,2,F,KZ,AK,F
14:43:11,TLKM,RG,4440,1,D,PD,AK,F
14:43:11,TLKM,RG,4440,17,F,KZ,AK,F
14:43:11,TLKM,RG,4440,1,F,KZ,AK,F
14:43:11,TLKM,RG,4440,1,F,KZ,AK,F
14:43:11,TLKM,RG,4440,75,F,KZ,AK,F
14:43:11,TLKM,RG,4440,12,F,KZ,AK,F
14:43:11,TLKM,RG,4440,2,F,KZ,AK,F
14:43:11,TLKM,RG,4440,19,F,KZ,AK,F
14:43:11,TLKM,RG,4440,525,D,CC,AK,F
14:43:06,TLKM,RG,4440,69,D,CC,AK,F
14:43:06,TLKM,RG,4440,13,D,CC,DR,D
14:43:05,TLKM,RG,4440,1,D,CC,AK,F
14:43:05,TLKM,RG,4440,1,D,PD,CS,D
14:43:00,TLKM,RG,4450,474,F,CC,AK,F
14:43:00,TLKM,RG,4450,11,F,CC,AK,F
14:43:00,TLKM,RG,4440,11,F,CC,KZ,F
14:42:59,TLKM,RG,4440,6,F,CC,ZP,F
14:42:59,TLKM,RG,4440,25,F,CC,CS,D
14:42:59,TLKM,RG,4440,59,F,CC,ZP,F
14:42:59,TLKM,RG,4440,1,F,CC,ZP,F
14:42:55,TLKM,RG,4450,149,D,PD,AK,F
14:42:55,TLKM,RG,4450,193,D,PD,AK,F
14:42:55,TLKM,RG,4440,1,D,PD,BQ,D
14:42:55,TLKM,RG,4440,6,F,KZ,BQ,D
14:42:53,TLKM,RG,4440,179,D,CC,AK,F
14:42:47,TLKM,RG,4450,2232,F,ZP,AK,F
14:42:46,TLKM,RG,4450,492,F,CC,AK,F
14:42:46,TLKM,RG,4450,22,F,CC,YP,D
14:42:46,TLKM,RG,4450,1,F,CC,NI,D
14:42:46,TLKM,RG,4450,37,F,CC,AK,F
14:42:46,TLKM,RG,4440,25,F,CC,BB,D
14:42:46,TLKM,RG,4440,55,F,CC,YU,F
14:42:43,TLKM,RG,4440,45,F,KZ,YU,F
14:42:43,TLKM,RG,4440,2,F,KZ,BB,D
14:42:40,TLKM,RG,4440,22,F,KZ,CS,D
14:42:40,TLKM,RG,4440,51,F,KZ,CS,D
14:42:40,TLKM,RG,4440,28,F,KZ,CS,D
14:42:40,TLKM,RG,4440,4,F,KZ,KZ,F
14:42:40,TLKM,RG,4440,18,F,KZ,KZ,F
14:42:40,TLKM,RG,4440,9,F,KZ,DX,F
14:42:40,TLKM,RG,4440,6,F,KZ,ZP,F
14:42:40,TLKM,RG,4440,37,F,KZ,CS,D
14:42:40,TLKM,RG,4440,36,F,KZ,BB,D
14:42:40,TLKM,RG,4440,1,F,KZ,BB,D
14:42:38,TLKM,RG,4440,1,D,MG,AK,F
14:42:38,TLKM,RG,4440,5,F,KZ,AK,F
14:42:37,TLKM,RG,4440,1,F,KZ,AK,F
14:42:37,TLKM,RG,4440,5,F,KZ,AK,F
14:42:37,TLKM,RG,4440,14,F,KZ,AK,F
14:42:37,TLKM,RG,4440,1,F,KZ,AK,F
14:42:37,TLKM,RG,4440,1,F,KZ,AK,F
14:42:37,TLKM,RG,4440,66,D,CC,AK,F
14:42:37,TLKM,RG,4450,1,D,PD,AK,F
14:42:36,TLKM,RG,4440,95,D,CC,PD,D
14:42:34,TLKM,RG,4440,2,D,YP,AK,F
14:42:33,TLKM,RG,4430,9,D,PD,EP,D
14:42:32,TLKM,RG,4450,1000,F,CC,AK,F
14:42:32,TLKM,RG,4450,18,F,CC,AK,F
14:42:32,TLKM,RG,4440,7,F,CC,CS,F
14:42:32,TLKM,RG,4440,7,F,CC,BB,D
14:42:32,TLKM,RG,4440,1,F,CC,KZ,F
14:42:32,TLKM,RG,4440,141,F,CC,CS,D
14:42:32,TLKM,RG,4440,4,F,CC,CC,D
14:42:32,TLKM,RG,4440,1,F,CC,KZ,F
14:42:32,TLKM,RG,4440,32,F,CC,BB,D
14:42:32,TLKM,RG,4440,7,F,CC,ZP,F
14:42:32,TLKM,RG,4440,1,F,CC,KZ,F
14:42:32,TLKM,RG,4440,11,F,CC,CS,F
14:42:32,TLKM,RG,4440,429,F,CC,ZP,F
14:42:21,TLKM,RG,4440,8,F,KZ,AK,F
14:42:21,TLKM,RG,4440,158,D,CC,AK,F
14:42:13,TLKM,RG,4440,1,F,KZ,AK,F
14:42:13,TLKM,RG,4440,76,D,CC,AK,F
14:42:13,TLKM,RG,4440,37,D,CC,CS,D
14:42:13,TLKM,RG,4440,1,D,CC,YP,D
14:42:13,TLKM,RG,4440,13,D,CC,ZP,D
14:42:13,TLKM,RG,4440,2,D,CC,ZP,F
14:42:13,TLKM,RG,4440,1,D,CC,ZP,F
14:42:13,TLKM,RG,4440,9,D,CC,XC,D
14:42:13,TLKM,RG,4440,5,D,CC,CC,F
14:42:13,TLKM,RG,4440,3,D,CC,ZP,F
14:42:13,TLKM,RG,4440,3,D,CC,KZ,F
14:42:13,TLKM,RG,4440,7,D,CC,DX,F
14:42:06,TLKM,RG,4440,3,D,PD,DX,F
14:41:55,TLKM,RG,4440,63,F,KZ,AK,F
14:41:55,TLKM,RG,4440,169,D,CC,AK,F
14:41:54,TLKM,RG,4450,219,F,CC,AK,F
14:41:54,TLKM,RG,4440,434,F,CC,LG,D
14:41:54,TLKM,RG,4440,1,F,CC,KZ,F
14:41:54,TLKM,RG,4440,2,F,CC,KZ,F
14:41:54,TLKM,RG,4440,2,F,CC,KZ,F
14:41:54,TLKM,RG,4440,129,F,CC,CS,D
14:41:54,TLKM,RG,4440,2,F,CC,CS,F
14:41:54,TLKM,RG,4440,69,F,CC,CS,D
14:41:54,TLKM,RG,4440,6,F,CC,CS,F
14:41:54,TLKM,RG,4440,141,F,CC,ZP,F
14:41:54,TLKM,RG,4440,87,F,CC,YU,F
14:41:54,TLKM,RG,4440,5,F,CC,ZP,F
14:41:54,TLKM,RG,4440,47,F,CC,CS,F
14:41:54,TLKM,RG,4440,2,F,CC,CC,F
14:41:54,TLKM,RG,4440,2,F,CC,KZ,F
14:41:54,TLKM,RG,4440,168,F,CC,CS,D
14:41:54,TLKM,RG,4440,53,F,CC,CS,F
14:41:54,TLKM,RG,4440,59,F,CC,CS,D
14:41:54,TLKM,RG,4440,5,F,CC,ZP,F
14:41:54,TLKM,RG,4440,1,F,CC,MG,D
14:41:54,TLKM,RG,4440,5,F,CC,KZ,F
14:41:54,TLKM,RG,4440,21,F,CC,DX,F
14:41:54,TLKM,RG,4440,6,F,CC,KZ,F
14:41:54,TLKM,RG,4440,15,F,CC,ZP,F
14:41:54,TLKM,RG,4440,1,F,CC,ZP,F
14:41:54,TLKM,RG,4440,1,F,CC,CS,D
14:41:54,TLKM,RG,4440,1,F,CC,KZ,F
14:41:54,TLKM,RG,4440,80,F,CC,CS,F
14:41:54,TLKM,RG,4440,1,F,CC,CS,D
14:41:54,TLKM,RG,4440,153,F,CC,ZP,F
14:41:53,TLKM,RG,4440,19,D,YU,ZP,F
14:41:52,TLKM,RG,4430,14,D,PD,CS,D
14:41:52,TLKM,RG,4430,263,F,BK,CS,D
14:41:50,TLKM,RG,4440,1,D,XC,ZP,F
14:41:41,TLKM,RG,4440,153,D,CC,ZP,F
14:41:28,TLKM,RG,4430,5,F,BK,PD,D
14:41:27,TLKM,RG,4440,5,D,XL,ZP,F
14:41:25,TLKM,RG,4440,177,D,CC,ZP,F
14:41:24,TLKM,RG,4440,4,D,CD,ZP,F
14:41:24,TLKM,RG,4440,1,D,CD,KZ,F
14:41:08,TLKM,RG,4440,5,F,ZP,KZ,F
14:41:08,TLKM,RG,4440,5,F,ZP,KZ,F
14:41:08,TLKM,RG,4440,5,D,CS,KZ,F
14:41:08,TLKM,RG,4440,2,D,CS,KZ,F
14:41:08,TLKM,RG,4440,14,F,KZ,KZ,F
14:41:08,TLKM,RG,4440,11,F,KZ,CS,D
14:41:08,TLKM,RG,4440,8,F,KZ,KZ,F
14:41:08,TLKM,RG,4440,418,F,KZ,AK,F
14:41:08,TLKM,RG,4440,15,F,KZ,AK,F
14:41:08,TLKM,RG,4440,50,F,BK,AK,F
14:41:08,TLKM,RG,4440,176,D,CC,AK,F
14:41:08,TLKM,RG,4440,1,D,XL,AK,F
14:41:08,TLKM,RG,4440,3,D,PD,AK,F
14:41:08,TLKM,RG,4440,85,F,AK,AK,F
14:41:08,TLKM,RG,4440,9,F,AK,AK,F
14:41:07,TLKM,RG,4440,20,F,AK,CS,D
14:41:06,TLKM,RG,4450,2473,F,ZP,AK,F
14:41:06,TLKM,RG,4450,2577,F,CC,AK,F
14:41:05,TLKM,RG,4440,8,F,AK,AK,F
14:41:03,TLKM,RG,4440,3,F,AK,CS,D
14:41:03,TLKM,RG,4440,3,D,CS,CS,D
14:41:03,TLKM,RG,4440,3,D,CS,CS,D
14:41:03,TLKM,RG,4440,3,D,CS,CS,D
14:41:03,TLKM,RG,4440,1,F,KZ,CS,D
14:41:02,TLKM,RG,4440,22,F,KZ,AK,F
14:41:02,TLKM,RG,4440,2,F,KZ,AK,F
14:41:01,TLKM,RG,4440,13,F,KZ,CS,D
14:40:59,TLKM,RG,4440,20,F,KZ,CS,D
14:40:59,TLKM,RG,4440,25,F,KZ,AK,F
14:40:59,TLKM,RG,4440,1,F,KZ,AK,F
14:40:59,TLKM,RG,4440,9,F,KZ,AK,F
14:40:59,TLKM,RG,4440,3,F,KZ,AK,F
14:40:59,TLKM,RG,4440,1,F,KZ,AK,F
14:40:59,TLKM,RG,4440,6,F,KZ,AK,F
14:40:59,TLKM,RG,4440,6,F,KZ,AK,F
14:40:59,TLKM,RG,4440,9,F,KZ,AK,F
14:40:59,TLKM,RG,4440,30,D,NI,AK,F
14:40:56,TLKM,RG,4440,78,D,NI,AK,F
14:40:56,TLKM,RG,4440,9,D,NI,AK,F
14:40:56,TLKM,RG,4440,7,F,KZ,AK,F
14:40:56,TLKM,RG,4440,137,F,KZ,AK,F
14:40:56,TLKM,RG,4440,49,D,CC,AK,F
14:40:56,TLKM,RG,4440,36,F,ZP,AK,F
14:40:56,TLKM,RG,4440,114,F,BK,AK,F
14:40:56,TLKM,RG,4440,19,F,BK,CS,D
14:40:53,TLKM,RG,4450,154,D,CC,AK,F
14:40:53,TLKM,RG,4440,86,F,BK,CS,D
14:40:38,TLKM,RG,4450,81,F,BK,AK,F
14:40:37,TLKM,RG,4450,152,D,CC,AK,F
14:40:37,TLKM,RG,4440,5,F,BK,XC,D
14:40:33,TLKM,RG,4450,65,F,BK,AK,F
14:40:30,TLKM,RG,4450,162,F,AK,AK,F
14:40:26,TLKM,RG,4450,94,F,BK,AK,F
14:40:24,TLKM,RG,4440,25,F,BK,DP,D
14:40:24,TLKM,RG,4440,1,F,BK,AT,D
14:40:23,TLKM,RG,4450,415,F,BK,AK,F
14:40:23,TLKM,RG,4440,205,F,BK,AK,F
14:40:23,TLKM,RG,4440,3,D,CS,AK,F
14:40:23,TLKM,RG,4440,1,D,CS,AK,F
14:40:23,TLKM,RG,4440,312,D,CC,AK,F
14:40:22,TLKM,RG,4440,2,D,CC,XC,D
14:40:21,TLKM,RG,4450,137,D,CC,AK,F
14:40:20,TLKM,RG,4450,110,F,CC,AK,F
14:40:20,TLKM,RG,4450,347,F,BK,AK,F
14:40:20,TLKM,RG,4450,10,F,BK,PD,D
14:40:20,TLKM,RG,4450,1,F,BK,AT,D
14:40:20,TLKM,RG,4450,120,F,BK,ZP,F
14:40:20,TLKM,RG,4450,5,F,BK,NI,D
14:40:20,TLKM,RG,4450,1116,F,BK,BK,F
14:40:20,TLKM,RG,4440,757,D,CC,AK,F
14:40:18,TLKM,RG,4450,1784,F,ZP,BK,F
14:40:18,TLKM,RG,4450,18,F,ZP,DR,D
14:40:18,TLKM,RG,4450,1,F,ZP,XC,D
14:40:18,TLKM,RG,4450,17,F,ZP,BK,F
14:40:18,TLKM,RG,4450,99,F,ZP,BK,F
14:40:18,TLKM,RG,4450,1,F,ZP,NI,D
14:40:18,TLKM,RG,4450,50,F,ZP,KK,D
14:40:18,TLKM,RG,4450,221,F,ZP,BK,F
14:40:18,TLKM,RG,4450,1,F,ZP,XL,D
14:40:18,TLKM,RG,4450,1,F,ZP,XL,D
14:40:18,TLKM,RG,4450,1,F,ZP,XC,D
14:40:18,TLKM,RG,4450,99,F,ZP,BK,F
14:40:18,TLKM,RG,4450,1,F,ZP,XL,D
14:40:18,TLKM,RG,4450,5,F,ZP,GR,D
14:40:18,TLKM,RG,4450,34,F,ZP,BK,F
14:40:18,TLKM,RG,4440,1383,D,CC,CC,F
14:40:18,TLKM,RG,4440,764,F,CC,CC,F
14:40:17,TLKM,RG,4440,757,F,CC,AK,F
14:40:17,TLKM,RG,4440,12,F,CC,CP,D
14:40:17,TLKM,RG,4440,31,F,CC,DR,D
14:40:17,TLKM,RG,4440,4,F,CC,ZP,F
14:40:17,TLKM,RG,4440,2,F,CC,KZ,F
14:40:17,TLKM,RG,4440,282,F,CC,BB,D
14:40:17,TLKM,RG,4440,1,F,CC,DR,D
14:40:17,TLKM,RG,4440,135,F,CC,BB,D
14:40:17,TLKM,RG,4440,1,F,CC,CC,F
14:40:17,TLKM,RG,4440,484,F,CC,AK,F
14:40:17,TLKM,RG,4440,4,F,CC,ZP,F
14:40:17,TLKM,RG,4440,12,F,CC,KZ,F
14:40:17,TLKM,RG,4440,1000,F,CC,CS,D
14:40:17,TLKM,RG,4440,4,F,CC,AK,F
14:40:17,TLKM,RG,4440,51,F,CC,KZ,F
14:40:17,TLKM,RG,4440,10,F,CC,DX,F
14:40:17,TLKM,RG,4440,22,F,CC,ZP,F
14:40:17,TLKM,RG,4440,2,F,CC,CS,D
14:40:17,TLKM,RG,4440,1,F,CC,KZ,F
14:40:17,TLKM,RG,4440,25,F,CC,XC,D
14:40:17,TLKM,RG,4440,64,F,CC,CS,D
14:40:17,TLKM,RG,4440,154,F,CC,BK,F
14:40:17,TLKM,RG,4440,28,F,CC,AK,F
14:40:17,TLKM,RG,4440,14,F,CC,AK,F
14:40:17,TLKM,RG,4440,1135,F,CC,YP,D
14:40:16,TLKM,RG,4430,20,F,BK,YP,D
14:40:16,TLKM,RG,4430,90,F,BK,YP,D
14:40:15,TLKM,RG,4440,65,F,AK,YP,D
14:40:15,TLKM,RG,4440,12,F,AK,DX,F
14:40:15,TLKM,RG,4440,9,F,AK,KZ,F
14:40:15,TLKM,RG,4440,151,F,AK,CS,F
14:40:14,TLKM,RG,4440,21,F,KZ,CS,F
14:40:14,TLKM,RG,4440,85,F,KZ,CS,D
14:40:09,TLKM,RG,4440,5,D,CD,CS,D
14:40:09,TLKM,RG,4440,69,F,BK,CS,D
14:40:09,TLKM,RG,4440,6,F,KZ,CS,D
14:40:07,TLKM,RG,4440,2,D,LG,CS,D
14:40:06,TLKM,RG,4440,11,D,XC,CS,D
14:40:06,TLKM,RG,4430,3,F,BK,DR,D
14:40:04,TLKM,RG,4440,119,F,BK,CS,D
14:40:04,TLKM,RG,4440,9,F,BK,XC,D
14:40:04,TLKM,RG,4440,28,F,BK,KZ,F
14:40:04,TLKM,RG,4440,1,F,CC,KZ,F
14:40:04,TLKM,RG,4440,10,F,CC,NI,D
14:40:04,TLKM,RG,4440,178,F,CC,CS,F
14:40:04,TLKM,RG,4440,22,F,CC,CS,D
14:40:04,TLKM,RG,4440,3,F,CC,ZP,F
14:40:04,TLKM,RG,4440,188,F,CC,BB,D
14:40:04,TLKM,RG,4440,3,F,CC,ZP,F
14:40:04,TLKM,RG,4440,1,F,CC,KZ,F
14:40:04,TLKM,RG,4440,2,F,CC,KZ,F
14:40:04,TLKM,RG,4440,114,F,CC,YU,F
14:40:04,TLKM,RG,4440,12,F,CC,KZ,F
14:40:04,TLKM,RG,4440,153,F,CC,BB,D
14:40:04,TLKM,RG,4440,382,F,CC,CS,F
14:39:57,TLKM,RG,4440,13,F,ZP,CS,F
14:39:55,TLKM,RG,4440,446,F,ZP,CS,F
14:39:55,TLKM,RG,4440,3,F,ZP,AK,F
14:39:55,TLKM,RG,4440,262,F,ZP,CS,D
14:39:55,TLKM,RG,4440,23,F,ZP,PD,D
14:39:55,TLKM,RG,4440,7,F,ZP,ZP,F
14:39:55,TLKM,RG,4440,420,F,ZP,ZP,F
14:39:52,TLKM,RG,4430,178,F,BK,CS,D
14:39:52,TLKM,RG,4430,1,D,OD,CS,D
14:39:52,TLKM,RG,4430,5,D,CS,CS,D
14:39:52,TLKM,RG,4430,7,D,CC,CS,D
14:39:52,TLKM,RG,4430,72,F,BK,CS,D
14:39:51,TLKM,RG,4440,13,D,CC,ZP,F
14:39:51,TLKM,RG,4440,75,D,CC,CS,F
14:39:51,TLKM,RG,4440,96,D,CC,BK,F
14:39:47,TLKM,RG,4440,44,F,BK,BK,F
14:39:47,TLKM,RG,4440,5,F,CC,BK,F
14:39:47,TLKM,RG,4440,6,F,CC,ZP,F
14:39:47,TLKM,RG,4440,14,F,CC,AK,F
14:39:47,TLKM,RG,4440,2,F,CC,AK,F
14:39:47,TLKM,RG,4440,22,F,CC,KZ,F
14:39:47,TLKM,RG,4440,8,F,CC,DX,F
14:39:47,TLKM,RG,4440,27,F,CC,CS,F
14:39:47,TLKM,RG,4440,63,F,CC,DP,D
14:39:47,TLKM,RG,4440,37,F,CC,CS,D
14:39:47,TLKM,RG,4440,977,F,CC,AK,F
14:39:44,TLKM,RG,4440,500,D,CS,AK,F
14:39:35,TLKM,RG,4440,174,D,CC,AK,F
14:39:26,TLKM,RG,4440,2320,F,ZP,AK,F
14:39:26,TLKM,RG,4440,2137,F,CC,AK,F
14:39:23,TLKM,RG,4440,62,F,BK,AK,F
14:39:12,TLKM,RG,4440,10,D,XC,AK,F
14:39:07,TLKM,RG,4440,1,D,CC,AK,F
14:39:06,TLKM,RG,4440,5,D,CS,AK,F
14:39:03,TLKM,RG,4430,22,F,BK,CS,D
14:39:03,TLKM,RG,4430,254,F,BK,CS,D
14:39:01,TLKM,RG,4440,170,D,CC,AK,F
14:39:00,TLKM,RG,4440,151,F,BK,AK,F
14:39:00,TLKM,RG,4440,25,D,CC,AK,F
14:38:59,TLKM,RG,4440,23,D,NI,AK,F
14:38:56,TLKM,RG,4440,2,D,YP,AK,F
14:38:55,TLKM,RG,4440,61,F,BK,AK,F
14:38:51,TLKM,RG,4440,267,F,BK,AK,F
14:38:50,TLKM,RG,4440,44,F,BK,AK,F
14:38:49,TLKM,RG,4440,2,D,YP,AK,F
14:38:49,TLKM,RG,4440,1706,F,CC,AK,F
14:38:46,TLKM,RG,4440,4,F,KZ,AK,F
14:38:46,TLKM,RG,4440,1,F,KZ,AK,F
14:38:46,TLKM,RG,4440,5,F,KZ,AK,F
14:38:45,TLKM,RG,4440,148,D,CC,AK,F
14:38:40,TLKM,RG,4440,10,D,XA,AK,F
14:38:32,TLKM,RG,4440,113,F,BK,AK,F
14:38:31,TLKM,RG,4440,13,F,KZ,AK,F
14:38:29,TLKM,RG,4440,50,F,BK,AK,F
14:38:29,TLKM,RG,4440,170,D,CC,AK,F
14:38:29,TLKM,RG,4440,144,F,BK,AK,F
14:38:28,TLKM,RG,4440,133,F,KZ,AK,F
14:38:28,TLKM,RG,4440,1,F,KZ,AK,F
14:38:27,TLKM,RG,4430,1,F,BK,XC,D
14:38:27,TLKM,RG,4440,23,D,NI,AK,F
14:38:25,TLKM,RG,4440,2,D,XC,AK,F
14:38:24,TLKM,RG,4440,20,F,KZ,AK,F
14:38:24,TLKM,RG,4440,3,F,KZ,AK,F
14:38:24,TLKM,RG,4440,3,F,KZ,AK,F
14:38:24,TLKM,RG,4440,9,F,KZ,AK,F
14:38:24,TLKM,RG,4440,1,F,KZ,AK,F
14:38:24,TLKM,RG,4440,5,F,KZ,AK,F
14:38:24,TLKM,RG,4440,1,F,KZ,AK,F
14:38:24,TLKM,RG,4440,56,F,KZ,AK,F
14:38:24,TLKM,RG,4440,381,F,BK,AK,F
14:38:24,TLKM,RG,4440,1,F,BK,KZ,F
14:38:24,TLKM,RG,4440,4,F,BK,KZ,F
14:38:24,TLKM,RG,4440,7,F,BK,AK,F
14:38:24,TLKM,RG,4440,16,F,BK,ZP,F
14:38:24,TLKM,RG,4440,18,F,BK,XC,D
14:38:24,TLKM,RG,4440,194,F,BK,ZP,F
14:38:21,TLKM,RG,4430,100,F,BK,YP,D
14:38:21,TLKM,RG,4430,400,F,YU,YP,D
14:38:19,TLKM,RG,4440,39,F,ZP,ZP,F
14:38:19,TLKM,RG,4440,700,F,ZP,LG,D
14:38:19,TLKM,RG,4440,436,F,ZP,BB,D
14:38:19,TLKM,RG,4440,1,F,ZP,XC,D
14:38:19,TLKM,RG,4440,1,F,ZP,PD,D
14:38:19,TLKM,RG,4440,7,F,ZP,DX,F
14:38:19,TLKM,RG,4440,1,F,ZP,KZ,F
14:38:19,TLKM,RG,4440,14,F,ZP,KZ,F
14:38:19,TLKM,RG,4440,2,F,ZP,KZ,F
14:38:19,TLKM,RG,4440,4,F,ZP,KZ,F
14:38:19,TLKM,RG,4440,373,F,ZP,CS,D
14:38:19,TLKM,RG,4440,34,F,ZP,CS,F
14:38:19,TLKM,RG,4440,2,F,ZP,AT,D
14:38:19,TLKM,RG,4440,15,F,ZP,AK,F
14:38:19,TLKM,RG,4440,14,F,ZP,AK,F
14:38:19,TLKM,RG,4440,41,F,ZP,KZ,F
14:38:19,TLKM,RG,4440,1,F,ZP,KZ,F
14:38:19,TLKM,RG,4440,1,F,ZP,KK,D
14:38:19,TLKM,RG,4440,2,F,ZP,AK,F
14:38:19,TLKM,RG,4440,2,F,ZP,AK,F
14:38:19,TLKM,RG,4440,7,F,ZP,AK,F
14:38:19,TLKM,RG,4440,75,F,ZP,AK,F
14:38:19,TLKM,RG,4440,1,F,ZP,KZ,F
14:38:19,TLKM,RG,4440,1,F,ZP,XC,D
14:38:19,TLKM,RG,4440,3,F,ZP,KZ,F
14:38:19,TLKM,RG,4440,190,F,ZP,CS,F
14:38:19,TLKM,RG,4440,119,F,ZP,YU,F
14:38:19,TLKM,RG,4440,19,F,ZP,ZP,F
14:38:19,TLKM,RG,4440,35,F,ZP,CS,F
14:38:19,TLKM,RG,4440,3,F,ZP,CS,F
14:38:19,TLKM,RG,4440,28,F,ZP,ZP,F
14:38:19,TLKM,RG,4440,12,F,ZP,KZ,F
14:38:19,TLKM,RG,4440,69,F,ZP,CS,D
14:38:19,TLKM,RG,4440,6,F,ZP,YP,D
14:38:19,TLKM,RG,4440,43,F,ZP,BB,D
14:38:19,TLKM,RG,4440,193,F,CC,BB,D
14:38:19,TLKM,RG,4440,43,F,CC,BK,F
14:38:19,TLKM,RG,4440,189,F,CC,CS,F
14:38:19,TLKM,RG,4440,218,F,CC,LG,D
14:38:19,TLKM,RG,4440,20,F,CC,KK,D
14:38:19,TLKM,RG,4440,12,F,CC,YP,D
14:38:19,TLKM,RG,4440,1,F,CC,XC,D
14:38:19,TLKM,RG,4440,182,F,CC,CS,F
14:38:19,TLKM,RG,4440,942,F,CC,AK,F
14:38:16,TLKM,RG,4440,141,F,BK,AK,F
14:38:15,TLKM,RG,4430,757,F,YU,AK,F
14:38:15,TLKM,RG,4430,28,F,YU,DR,D
14:38:14,TLKM,RG,4430,2,F,YU,XC,D
14:38:14,TLKM,RG,4440,1,D,DH,AK,F
14:38:10,TLKM,RG,4440,11,D,XL,AK,F
14:38:06,TLKM,RG,4440,56,F,BK,AK,F
14:37:57,TLKM,RG,4440,165,D,CC,AK,F
14:37:49,TLKM,RG,4440,130,F,BK,AK,F
14:37:46,TLKM,RG,4440,50,F,BK,AK,F
14:37:46,TLKM,RG,4440,28,F,BK,AK,F
14:37:46,TLKM,RG,4440,42,F,BK,CS,F
14:37:46,TLKM,RG,4440,34,F,BK,ZP,F
14:37:46,TLKM,RG,4440,107,F,BK,ZP,F
14:37:46,TLKM,RG,4430,128,F,YU,BQ,D
14:37:43,TLKM,RG,4440,2,D,XC,ZP,F
14:37:41,TLKM,RG,4440,1545,F,CC,ZP,F
14:37:41,TLKM,RG,4440,21,F,CC,KZ,F
14:37:41,TLKM,RG,4440,12,F,CC,CS,F
14:37:41,TLKM,RG,4440,148,F,CC,ZP,F
14:37:37,TLKM,RG,4440,1,D,XC,ZP,F
14:37:35,TLKM,RG,4440,20,D,YU,ZP,F
14:37:33,TLKM,RG,4440,79,D,DR,ZP,F
14:37:32,TLKM,RG,4440,108,F,BK,ZP,F
14:37:27,TLKM,RG,4440,123,F,BK,ZP,F
14:37:25,TLKM,RG,4440,3,F,KZ,ZP,F
14:37:25,TLKM,RG,4440,227,F,KZ,ZP,F
14:37:25,TLKM,RG,4440,29,F,KZ,ZP,F
14:37:25,TLKM,RG,4440,63,F,KZ,ZP,F
14:37:25,TLKM,RG,4440,20,F,KZ,YP,D
14:37:25,TLKM,RG,4440,14,F,KZ,AK,F
14:37:25,TLKM,RG,4440,2,F,KZ,AK,F
14:37:25,TLKM,RG,4440,77,F,KZ,ZP,F
14:37:25,TLKM,RG,4440,7,F,KZ,AK,F
14:37:25,TLKM,RG,4440,24,F,KZ,PD,D
14:37:25,TLKM,RG,4440,1,F,KZ,XC,D
14:37:25,TLKM,RG,4440,225,F,KZ,AK,F
14:37:25,TLKM,RG,4440,5,F,KZ,AK,F
14:37:25,TLKM,RG,4440,19,F,KZ,AK,F
14:37:23,TLKM,RG,4440,45,F,BK,AK,F
14:37:15,TLKM,RG,4440,101,F,BK,AK,F
14:37:10,TLKM,RG,4440,488,F,BK,AK,F
14:37:09,TLKM,RG,4440,28,F,KZ,AK,F
14:37:09,TLKM,RG,4440,64,F,KZ,AK,F
14:37:08,TLKM,RG,4440,2221,F,ZP,AK,F
14:37:08,TLKM,RG,4440,746,F,BK,AK,F
14:37:05,TLKM,RG,4440,6,D,CS,AK,F
14:37:05,TLKM,RG,4440,3177,F,CC,AK,F
14:37:05,TLKM,RG,4440,6,F,CC,XC,D
14:37:05,TLKM,RG,4440,485,F,CC,ZP,F
14:37:05,TLKM,RG,4440,11,F,CC,ZP,D
14:37:05,TLKM,RG,4440,1192,F,CC,BB,D
14:37:05,TLKM,RG,4440,20,F,CC,CS,F
14:37:05,TLKM,RG,4440,4,F,CC,CS,F
14:37:05,TLKM,RG,4440,105,F,CC,AI,D
14:37:00,TLKM,RG,4440,48,F,YU,AI,D
14:36:59,TLKM,RG,4440,50,F,BK,AI,D
14:36:59,TLKM,RG,4440,134,F,BK,AI,D
14:36:56,TLKM,RG,4440,205,F,BK,AI,D
14:36:56,TLKM,RG,4440,1,F,BK,KZ,F
14:36:56,TLKM,RG,4440,155,F,BK,XC,D
14:36:55,TLKM,RG,4440,185,F,CC,XC,D
14:36:55,TLKM,RG,4440,1,F,CC,KZ,F
14:36:55,TLKM,RG,4440,26,F,CC,CS,F
14:36:55,TLKM,RG,4440,7,F,CC,DX,F
14:36:55,TLKM,RG,4440,60,F,CC,YP,D
14:36:55,TLKM,RG,4440,1,F,CC,KZ,F
14:36:55,TLKM,RG,4440,20,F,CC,CC,D
14:36:55,TLKM,RG,4440,60,F,CC,DR,D
14:36:55,TLKM,RG,4440,1,F,CC,DX,F
14:36:55,TLKM,RG,4440,11,F,CC,CS,F
14:36:55,TLKM,RG,4440,1,F,CC,LG,D
14:36:55,TLKM,RG,4440,8,F,CC,BK,F
14:36:53,TLKM,RG,4440,157,F,ZP,BK,F
14:36:53,TLKM,RG,4440,15,F,ZP,RX,F
14:36:53,TLKM,RG,4440,81,F,ZP,AK,F
14:36:53,TLKM,RG,4440,59,F,ZP,ZP,F
14:36:53,TLKM,RG,4440,1,F,ZP,KZ,F
14:36:53,TLKM,RG,4440,20,F,ZP,HP,D
14:36:53,TLKM,RG,4440,13,F,ZP,DX,F
14:36:53,TLKM,RG,4440,375,F,ZP,ZP,F
14:36:53,TLKM,RG,4440,149,F,ZP,BK,F
14:36:53,TLKM,RG,4440,58,F,ZP,DP,D
14:36:53,TLKM,RG,4440,1,F,ZP,KZ,F
14:36:53,TLKM,RG,4440,5,F,ZP,XC,D
14:36:53,TLKM,RG,4440,133,F,ZP,YU,F
14:36:53,TLKM,RG,4440,4,F,ZP,XC,D
14:36:53,TLKM,RG,4440,50,F,ZP,KK,D
14:36:53,TLKM,RG,4440,440,F,ZP,ZP,F
14:36:53,TLKM,RG,4440,7,F,ZP,AK,F
14:36:53,TLKM,RG,4440,9,F,ZP,DX,F
14:36:53,TLKM,RG,4440,159,F,ZP,BK,F
14:36:53,TLKM,RG,4440,1,F,ZP,KZ,F
14:36:53,TLKM,RG,4440,1,F,ZP,KZ,F
14:36:53,TLKM,RG,4440,2,F,ZP,KZ,F
14:36:53,TLKM,RG,4440,418,F,ZP,ZP,F
14:36:53,TLKM,RG,4440,160,D,CC,ZP,F
14:36:49,TLKM,RG,4440,91,F,BK,ZP,F
14:36:47,TLKM,RG,4440,2,D,PD,ZP,F
14:36:47,TLKM,RG,4440,97,F,BK,ZP,F
14:36:44,TLKM,RG,4440,120,F,BK,ZP,F
14:36:44,TLKM,RG,4440,566,F,CC,ZP,F
14:36:44,TLKM,RG,4440,18,F,CC,CS,F
14:36:44,TLKM,RG,4440,1,F,CC,YP,D
14:36:44,TLKM,RG,4440,18,F,CC,DX,F
14:36:44,TLKM,RG,4440,472,F,CC,LG,D
14:36:42,TLKM,RG,4440,131,F,BK,LG,D
14:36:42,TLKM,RG,4440,1,F,BK,CS,F
14:36:42,TLKM,RG,4440,8,F,BK,AK,F
14:36:42,TLKM,RG,4440,7,F,BK,AK,F
14:36:42,TLKM,RG,4440,2,F,BK,AK,F
14:36:40,TLKM,RG,4440,3,F,KZ,AK,F
14:36:40,TLKM,RG,4440,16,F,KZ,AK,F
14:36:40,TLKM,RG,4440,1,F,KZ,AK,F
14:36:40,TLKM,RG,4440,1,F,KZ,AK,F
14:36:40,TLKM,RG,4440,3,F,KZ,AK,F
14:36:40,TLKM,RG,4440,4,F,KZ,AK,F
14:36:40,TLKM,RG,4440,11,F,KZ,AK,F
14:36:40,TLKM,RG,4440,38,F,KZ,KZ,F
14:36:40,TLKM,RG,4440,55,F,KZ,AK,F
14:36:40,TLKM,RG,4440,91,F,KZ,AK,F
14:36:40,TLKM,RG,4440,1,F,KZ,KZ,F
14:36:40,TLKM,RG,4440,205,F,KZ,ZP,F
14:36:40,TLKM,RG,4440,506,F,KZ,ZP,F
14:36:40,TLKM,RG,4440,47,F,KZ,ZP,F
14:36:40,TLKM,RG,4440,48,F,KZ,ZP,F
14:36:37,TLKM,RG,4440,181,D,CC,ZP,F
14:36:37,TLKM,RG,4440,88,D,IF,ZP,F
14:36:35,TLKM,RG,4440,80,F,BK,ZP,F
14:36:34,TLKM,RG,4440,41,F,BK,ZP,F
14:36:34,TLKM,RG,4440,1,F,BK,KZ,F
14:36:34,TLKM,RG,4440,22,F,BK,ZP,F
14:36:28,TLKM,RG,4440,23,D,NI,ZP,F
14:36:22,TLKM,RG,4440,50,F,BK,ZP,F
14:36:22,TLKM,RG,4430,28,F,YU,DR,D
14:36:21,TLKM,RG,4440,157,D,CC,ZP,F
14:36:20,TLKM,RG,4440,48,F,BK,ZP,F
14:36:20,TLKM,RG,4440,23,F,BK,ZP,F
14:36:17,TLKM,RG,4440,177,F,BK,ZP,F
14:36:17,TLKM,RG,4440,200,F,BK,ZP,F
14:36:17,TLKM,RG,4440,18,F,BK,CS,F
14:36:14,TLKM,RG,4440,23,F,KZ,CS,F
14:36:13,TLKM,RG,4440,51,F,CC,CS,F
14:36:13,TLKM,RG,4440,50,F,CC,KK,D
14:36:13,TLKM,RG,4440,2,F,CC,XC,D
14:36:13,TLKM,RG,4440,58,F,CC,CS,D
14:36:13,TLKM,RG,4440,10,F,CC,PD,D
14:36:13,TLKM,RG,4440,25,F,CC,KZ,F
14:36:13,TLKM,RG,4440,4,F,CC,KZ,F
14:36:13,TLKM,RG,4440,1299,F,CC,ZP,F
14:36:13,TLKM,RG,4440,13,F,CC,ZP,F
14:36:13,TLKM,RG,4440,141,F,CC,CS,D
14:36:13,TLKM,RG,4440,2,F,CC,KZ,F
14:36:13,TLKM,RG,4440,1,F,CC,KZ,F
14:36:13,TLKM,RG,4440,306,F,CC,CS,D
14:36:13,TLKM,RG,4440,37,F,CC,ZP,F
14:36:13,TLKM,RG,4440,7,F,CC,CS,F
14:36:13,TLKM,RG,4440,269,F,CC,CS,D
14:36:12,TLKM,RG,4440,42,F,BK,CS,D
14:36:12,TLKM,RG,4440,291,F,BK,CS,D
14:36:07,TLKM,RG,4440,76,F,ZP,CS,D
14:36:07,TLKM,RG,4440,5,F,ZP,KZ,F
14:36:07,TLKM,RG,4440,2,F,ZP,CS,F
14:36:07,TLKM,RG,4440,1,F,ZP,CS,F
14:36:07,TLKM,RG,4440,1,F,ZP,LG,D
14:36:07,TLKM,RG,4440,60,F,ZP,ZP,F
14:36:07,TLKM,RG,4440,18,F,ZP,CS,F
14:36:07,TLKM,RG,4440,500,F,ZP,YP,D
14:36:07,TLKM,RG,4440,34,F,ZP,DR,D
14:36:07,TLKM,RG,4440,1444,F,ZP,ZP,F
14:36:07,TLKM,RG,4440,86,F,BK,ZP,F
14:36:03,TLKM,RG,4440,148,D,PD,ZP,F
14:36:03,TLKM,RG,4440,10,D,PD,SQ,D
14:36:03,TLKM,RG,4440,21,D,PD,CS,F
14:36:03,TLKM,RG,4440,236,D,PD,BB,D
14:36:01,TLKM,RG,4440,98,F,BK,BB,D
14:35:56,TLKM,RG,4440,45,F,BK,BB,D
14:35:55,TLKM,RG,4440,91,F,BK,BB,D
14:35:55,TLKM,RG,4430,580,F,YU,CS,D
14:35:55,TLKM,RG,4440,2,D,YP,BB,D
14:35:49,TLKM,RG,4440,67,D,CC,BB,D
14:35:49,TLKM,RG,4440,2,D,CC,CS,F
14:35:49,TLKM,RG,4440,1,D,CC,KZ,F
14:35:49,TLKM,RG,4440,16,D,CC,CS,F
14:35:49,TLKM,RG,4440,66,D,CC,YU,F
14:35:49,TLKM,RG,4430,14,F,YU,DP,D
14:35:48,TLKM,RG,4440,47,F,BK,YU,F
14:35:44,TLKM,RG,4440,2,F,KZ,YU,F
14:35:44,TLKM,RG,4440,4,F,KZ,XC,D
14:35:44,TLKM,RG,4440,81,F,KZ,DP,D
14:35:34,TLKM,RG,4440,49,F,BK,DP,D
14:35:33,TLKM,RG,4440,31,D,CC,DP,D
14:35:33,TLKM,RG,4440,131,D,CC,ZP,F
14:35:31,TLKM,RG,4440,42,F,BK,ZP,F
14:35:30,TLKM,RG,4440,93,F,BK,ZP,F
14:35:29,TLKM,RG,4440,1,D,NI,ZP,F
14:35:28,TLKM,RG,4440,233,F,BK,ZP,F
14:35:28,TLKM,RG,4440,56,F,BK,CS,F
14:35:28,TLKM,RG,4440,2,F,BK,CS,F
14:35:28,TLKM,RG,4440,16,F,BK,ZP,F
14:35:28,TLKM,RG,4440,50,F,BK,KK,D
14:35:28,TLKM,RG,4440,12,F,BK,ZP,D
14:35:28,TLKM,RG,4440,139,F,BK,AK,F
14:35:25,TLKM,RG,4440,42,F,CC,AK,F
14:35:25,TLKM,RG,4440,8,F,CC,CS,F
14:35:25,TLKM,RG,4440,5,F,CC,CS,F
14:35:25,TLKM,RG,4440,3198,F,CC,CS,D
14:35:18,TLKM,RG,4440,97,F,BK,CS,D
14:35:17,TLKM,RG,4440,175,D,CC,CS,D
14:35:17,TLKM,RG,4440,20,F,KZ,CS,D
14:35:16,TLKM,RG,4440,425,F,BK,CS,D
14:35:13,TLKM,RG,4440,85,F,ZP,CS,D
14:35:13,TLKM,RG,4440,1360,F,ZP,ZP,F
14:35:13,TLKM,RG,4440,1,F,ZP,KZ,F
14:35:13,TLKM,RG,4440,17,F,ZP,CS,F
14:35:13,TLKM,RG,4440,12,F,ZP,CS,F
14:35:13,TLKM,RG,4440,2,F,ZP,CS,F
14:35:13,TLKM,RG,4440,21,F,ZP,CS,D
14:35:13,TLKM,RG,4440,7,F,ZP,CS,F
14:35:13,TLKM,RG,4440,2,F,ZP,CS,F
14:35:13,TLKM,RG,4440,7,F,ZP,CS,F
14:35:13,TLKM,RG,4440,6,F,ZP,CS,F
14:35:13,TLKM,RG,4440,9,F,ZP,CS,F
14:35:13,TLKM,RG,4440,76,F,ZP,CS,F
14:35:13,TLKM,RG,4440,31,F,ZP,CS,F
14:35:13,TLKM,RG,4440,1,F,ZP,KZ,F
14:35:13,TLKM,RG,4440,14,F,ZP,ZP,F
14:35:13,TLKM,RG,4440,50,F,ZP,LS,D
14:35:13,TLKM,RG,4440,422,F,ZP,ZP,F
14:35:13,TLKM,RG,4440,237,D,PD,ZP,F
14:35:13,TLKM,RG,4440,306,D,PD,ZP,F
14:35:11,TLKM,RG,4430,60,F,YU,ZP,F
14:35:11,TLKM,RG,4440,49,F,BK,ZP,F
14:35:11,TLKM,RG,4440,1,D,XC,ZP,F
14:35:08,TLKM,RG,4440,115,F,BK,ZP,F
14:35:07,TLKM,RG,4440,473,D,PD,ZP,F
14:35:07,TLKM,RG,4440,614,D,PD,ZP,F
14:35:02,TLKM,RG,4430,5,F,YU,ZP,F
14:35:01,TLKM,RG,4440,80,F,BK,ZP,F
14:35:01,TLKM,RG,4430,9,F,YU,DX,F
14:35:01,TLKM,RG,4440,168,D,CC,ZP,F
14:34:59,TLKM,RG,4440,1,D,LG,ZP,F
14:34:55,TLKM,RG,4440,80,F,BK,ZP,F
14:34:47,TLKM,RG,4440,57,F,BK,ZP,F
14:34:45,TLKM,RG,4440,161,D,CC,ZP,F
14:34:45,TLKM,RG,4440,1,D,EP,ZP,F
14:34:41,TLKM,RG,4430,5,F,YU,ZP,F
14:34:41,TLKM,RG,4440,53,F,BK,ZP,F
14:34:36,TLKM,RG,4430,500,F,YU,CS,D
14:34:36,TLKM,RG,4440,52,F,BK,ZP,F
14:34:36,TLKM,RG,4440,7,F,BK,CS,F
14:34:35,TLKM,RG,4440,2,F,KZ,CS,F
14:34:35,TLKM,RG,4440,11,F,KZ,AK,F
14:34:35,TLKM,RG,4440,2,F,KZ,AK,F
14:34:35,TLKM,RG,4440,6,F,KZ,AK,F
14:34:35,TLKM,RG,4440,17,F,KZ,AK,F
14:34:32,TLKM,RG,4440,96,F,BK,AK,F
14:34:31,TLKM,RG,4440,13,D,NI,AK,F
14:34:31,TLKM,RG,4440,10,D,NI,BK,F
14:34:30,TLKM,RG,4440,1,F,AK,BK,F
14:34:29,TLKM,RG,4440,2,F,AK,BK,F
14:34:29,TLKM,RG,4440,88,D,CC,BK,F
14:34:29,TLKM,RG,4440,74,D,CC,CS,D
14:34:28,TLKM,RG,4440,3,F,AK,CS,D
14:34:28,TLKM,RG,4440,179,F,BK,CS,D
14:34:28,TLKM,RG,4440,46,F,BK,CS,F
14:34:28,TLKM,RG,4440,16,F,BK,CS,F
14:34:28,TLKM,RG,4440,19,F,BK,CS,D
14:34:28,TLKM,RG,4440,9,F,BK,CS,F
14:34:28,TLKM,RG,4440,4,F,AK,CS,F
14:34:28,TLKM,RG,4440,2,F,AK,CS,D
14:34:26,TLKM,RG,4440,12,F,AK,CS,D
14:34:26,TLKM,RG,4440,2,F,BK,CS,F
14:34:26,TLKM,RG,4440,55,F,BK,AK,F
14:34:25,TLKM,RG,4440,25,F,AK,AK,F
14:34:24,TLKM,RG,4440,50,F,AK,AK,F
14:34:24,TLKM,RG,4440,100,F,AK,AK,F
14:34:24,TLKM,RG,4440,199,F,AK,AK,F
14:34:24,TLKM,RG,4440,8,D,CS,AK,F
14:34:24,TLKM,RG,4440,399,F,AK,AK,F
14:34:24,TLKM,RG,4440,929,F,BK,AK,F
14:34:23,TLKM,RG,4440,797,F,AK,AK,F
14:34:23,TLKM,RG,4440,2280,F,ZP,AK,F
14:34:23,TLKM,RG,4440,2532,F,CC,AK,F
14:34:20,TLKM,RG,4430,5,F,YU,ZP,F
14:34:13,TLKM,RG,4440,143,D,CC,AK,F
14:34:12,TLKM,RG,4440,56,F,BK,AK,F
14:34:10,TLKM,RG,4440,100,F,BK,AK,F
14:34:08,TLKM,RG,4440,584,F,BK,AK,F
14:34:02,TLKM,RG,4430,9,F,YU,DX,F
14:34:02,TLKM,RG,4430,122,F,YU,CS,F
14:34:02,TLKM,RG,4440,332,F,BK,AK,F
14:34:02,TLKM,RG,4440,3036,F,CC,AK,F
14:33:59,TLKM,RG,4440,2,D,XL,AK,F
14:33:57,TLKM,RG,4430,5,F,YU,ZP,F
14:33:57,TLKM,RG,4440,85,F,BK,AK,F
14:33:57,TLKM,RG,4440,724,F,ZP,AK,F
14:33:57,TLKM,RG,4440,403,F,ZP,BK,F
14:33:57,TLKM,RG,4440,983,F,ZP,BB,D
14:33:57,TLKM,RG,4440,140,D,CC,BB,D
14:33:57,TLKM,RG,4440,23,D,NI,BB,D
14:33:56,TLKM,RG,4430,114,F,YU,DP,D
14:33:55,TLKM,RG,4430,333,F,YU,CS,D
14:33:52,TLKM,RG,4440,67,F,BK,BB,D
14:33:49,TLKM,RG,4440,1,D,NI,BB,D
14:33:49,TLKM,RG,4430,542,F,YU,AI,D
14:33:48,TLKM,RG,4430,622,F,YU,AK,F
14:33:48,TLKM,RG,4430,50,F,YU,LS,D
14:33:41,TLKM,RG,4430,542,F,YU,AI,D
14:33:41,TLKM,RG,4440,177,D,CC,BB,D
14:33:38,TLKM,RG,4430,5,F,YU,ZP,F
14:33:36,TLKM,RG,4430,1,F,YU,XL,D
14:33:32,TLKM,RG,4430,134,F,YU,AI,D
14:33:32,TLKM,RG,4430,9,D,YU,AI,D
14:33:32,TLKM,RG,4430,1,D,XC,AI,D
14:33:32,TLKM,RG,4430,51,F,KZ,AI,D
14:33:32,TLKM,RG,4430,38,D,CC,AI,D
14:33:32,TLKM,RG,4430,1,D,NI,AI,D
14:33:32,TLKM,RG,4430,47,F,BK,AI,D
14:33:32,TLKM,RG,4430,5,F,KZ,AI,D
14:33:32,TLKM,RG,4430,20,F,KZ,AI,D
14:33:32,TLKM,RG,4430,236,F,BK,AI,D
14:33:29,TLKM,RG,4440,78,F,BK,BB,D
14:33:25,TLKM,RG,4440,57,D,CC,BB,D
14:33:25,TLKM,RG,4440,9,D,CC,CS,F
14:33:25,TLKM,RG,4440,101,D,CC,ZP,F
14:33:25,TLKM,RG,4430,338,F,BK,AI,D
14:33:25,TLKM,RG,4430,204,F,KZ,AI,D
14:33:24,TLKM,RG,4440,185,F,BK,ZP,F
14:33:22,TLKM,RG,4430,57,F,KZ,CS,D
14:33:22,TLKM,RG,4430,1,D,YP,CS,D
14:33:22,TLKM,RG,4430,1,D,XC,CS,D
14:33:22,TLKM,RG,4430,8,D,NI,CS,D
14:33:22,TLKM,RG,4430,42,D,NI,AK,F
14:33:22,TLKM,RG,4430,1,F,KZ,AK,F
14:33:22,TLKM,RG,4430,50,D,JB,AK,F
14:33:22,TLKM,RG,4430,1,D,XL,AK,F
14:33:22,TLKM,RG,4430,3,D,XC,AK,F
14:33:22,TLKM,RG,4430,200,D,KK,AK,F
14:33:22,TLKM,RG,4430,1,D,PD,AK,F
14:33:22,TLKM,RG,4430,1,D,XL,AK,F
14:33:22,TLKM,RG,4430,8,D,XC,AK,F
14:33:22,TLKM,RG,4430,11,D,YP,AK,F
14:33:22,TLKM,RG,4430,1,D,XC,AK,F
14:33:22,TLKM,RG,4430,3,D,PD,AK,F
14:33:22,TLKM,RG,4430,2,D,PD,AK,F
14:33:22,TLKM,RG,4430,1,D,OD,AK,F
14:33:22,TLKM,RG,4430,1,D,PD,AK,F
14:33:22,TLKM,RG,4430,3,D,YP,AK,F
14:33:22,TLKM,RG,4430,10,D,PD,AK,F
14:33:22,TLKM,RG,4430,418,D,AZ,AK,F
14:33:21,TLKM,RG,4430,520,D,AZ,CS,D
14:33:18,TLKM,RG,4430,5,D,AZ,ZP,F
14:33:15,TLKM,RG,4440,70,F,BK,ZP,F
14:33:11,TLKM,RG,4440,111,F,BK,ZP,F
14:33:11,TLKM,RG,4440,1,D,GR,ZP,F
14:33:09,TLKM,RG,4440,170,D,CC,ZP,F
14:33:07,TLKM,RG,4440,50,F,BK,ZP,F
14:33:07,TLKM,RG,4440,445,F,BK,ZP,F
14:33:05,TLKM,RG,4430,9,D,AZ,DX,F
14:33:04,TLKM,RG,4440,2105,F,ZP,ZP,F
14:33:04,TLKM,RG,4440,546,F,BK,ZP,F
14:33:00,TLKM,RG,4440,3222,F,CC,ZP,F
14:33:00,TLKM,RG,4430,208,D,AZ,YU,F
14:32:58,TLKM,RG,4430,1,D,AZ,ZP,F
14:32:55,TLKM,RG,4440,1,D,NI,ZP,F
14:32:53,TLKM,RG,4440,64,F,BK,ZP,F
14:32:53,TLKM,RG,4440,175,D,CC,ZP,F
14:32:45,TLKM,RG,4440,48,F,BK,ZP,F
14:32:37,TLKM,RG,4440,170,D,CC,ZP,F
14:32:29,TLKM,RG,4440,3,D,XC,ZP,F
14:32:26,TLKM,RG,4440,50,F,BK,ZP,F
14:32:23,TLKM,RG,4440,65,F,BK,ZP,F
14:32:22,TLKM,RG,4430,1,D,AZ,DR,D
14:32:20,TLKM,RG,4430,396,D,AZ,YP,D
14:32:14,TLKM,RG,4440,61,F,BK,ZP,F
14:32:13,TLKM,RG,4440,46,F,BK,ZP,F
14:32:10,TLKM,RG,4430,9,D,AZ,DX,F
14:32:10,TLKM,RG,4440,97,F,BK,ZP,F
14:32:07,TLKM,RG,4440,169,D,CC,ZP,F
14:32:06,TLKM,RG,4440,411,F,BK,ZP,F
14:32:03,TLKM,RG,4430,342,D,AZ,CS,D
14:32:03,TLKM,RG,4440,307,F,CC,ZP,F
14:32:01,TLKM,RG,4440,2025,F,ZP,ZP,F
14:32:01,TLKM,RG,4430,9,D,AZ,ZP,D
14:31:54,TLKM,RG,4440,68,F,BK,ZP,F
14:31:51,TLKM,RG,4440,184,D,CC,ZP,F
14:31:35,TLKM,RG,4440,142,D,CC,ZP,F
14:31:28,TLKM,RG,4430,1,D,AZ,PD,D
14:31:26,TLKM,RG,4440,61,F,BK,ZP,F
14:31:26,TLKM,RG,4440,1,D,CC,ZP,F
14:31:22,TLKM,RG,4440,96,F,BK,ZP,F
14:31:20,TLKM,RG,4440,912,F,CC,ZP,F
14:31:20,TLKM,RG,4440,81,F,BK,ZP,F
14:31:19,TLKM,RG,4440,160,D,CC,ZP,F
14:31:16,TLKM,RG,4440,43,F,BK,ZP,F
14:31:14,TLKM,RG,4430,11,D,AZ,DX,F
14:31:12,TLKM,RG,4440,110,F,BK,ZP,F
14:31:12,TLKM,RG,4430,409,D,AZ,CS,D
14:31:12,TLKM,RG,4430,235,D,AZ,CS,D
14:31:11,TLKM,RG,4440,22,D,YU,ZP,F
14:31:03,TLKM,RG,4440,169,D,CC,ZP,F
14:30:59,TLKM,RG,4430,1,D,AZ,YP,D
14:30:52,TLKM,RG,4440,1,D,YP,ZP,F
14:30:51,TLKM,RG,4440,49,F,BK,ZP,F
14:30:48,TLKM,RG,4440,69,F,BK,ZP,F
14:30:47,TLKM,RG,4440,156,D,CC,ZP,F
14:30:45,TLKM,RG,4440,255,F,BK,ZP,F
14:30:43,TLKM,RG,4440,1239,F,CC,ZP,F
14:30:42,TLKM,RG,4430,183,D,AZ,AK,F
14:30:41,TLKM,RG,4440,106,F,BK,ZP,F
14:30:38,TLKM,RG,4430,46,D,AZ,CS,D
14:30:38,TLKM,RG,4430,757,D,AZ,AK,F
14:30:38,TLKM,RG,4430,54,D,AZ,CS,F
14:30:38,TLKM,RG,4430,7,D,AZ,CS,F
14:30:38,TLKM,RG,4430,54,D,AZ,CS,F
14:30:36,TLKM,RG,4430,1,D,AZ,CC,D
14:30:35,TLKM,RG,4430,15,D,AZ,DR,D
14:30:34,TLKM,RG,4440,69,F,BK,ZP,F
14:30:31,TLKM,RG,4440,155,D,CC,ZP,F
14:30:26,TLKM,RG,4430,1,D,AZ,XC,D
14:30:26,TLKM,RG,4430,11,D,AZ,XC,D
14:30:20,TLKM,RG,4440,49,F,BK,ZP,F
14:30:18,TLKM,RG,4430,175,D,AZ,CS,F
14:30:15,TLKM,RG,4440,156,D,CC,ZP,F
14:30:12,TLKM,RG,4440,88,F,BK,ZP,F
14:30:10,TLKM,RG,4430,474,D,AZ,CS,D
14:30:01,TLKM,RG,4430,9,D,AZ,ZP,D
14:30:01,TLKM,RG,4440,78,F,BK,ZP,F
14:29:59,TLKM,RG,4440,169,D,CC,ZP,F
14:29:56,TLKM,RG,4440,90,F,BK,ZP,F
14:29:56,TLKM,RG,4440,637,F,CC,ZP,F
14:29:48,TLKM,RG,4440,10,D,YP,ZP,F
14:29:44,TLKM,RG,4440,49,F,BK,ZP,F
14:29:43,TLKM,RG,4440,176,D,CC,ZP,F
14:29:29,TLKM,RG,4440,50,F,BK,ZP,F
14:29:29,TLKM,RG,4440,2,F,BK,BK,F
14:29:27,TLKM,RG,4440,150,D,CC,BK,F
14:29:20,TLKM,RG,4440,12,F,BK,BK,F
14:29:20,TLKM,RG,4440,45,F,BK,DX,F
14:29:16,TLKM,RG,4440,1,D,XC,DX,F
14:29:15,TLKM,RG,4440,1,D,XL,DX,F
14:29:14,TLKM,RG,4440,39,F,BK,DX,F
14:29:14,TLKM,RG,4440,101,F,BK,YU,F
14:29:14,TLKM,RG,4440,90,F,BK,BB,D
14:29:11,TLKM,RG,4440,139,D,CC,BB,D
14:29:11,TLKM,RG,4440,945,F,CC,BB,D
14:29:10,TLKM,RG,4430,312,D,AZ,CS,D
14:28:56,TLKM,RG,4440,67,F,BK,BB,D
14:28:55,TLKM,RG,4440,155,D,CC,BB,D
14:28:51,TLKM,RG,4440,159,F,BK,BB,D
14:28:50,TLKM,RG,4430,326,D,AZ,AK,F
14:28:50,TLKM,RG,4430,2,D,CC,AK,F
14:28:50,TLKM,RG,4430,18,F,KZ,AK,F
14:28:50,TLKM,RG,4430,5,D,YP,AK,F
14:28:50,TLKM,RG,4430,2,D,CC,AK,F
14:28:50,TLKM,RG,4430,1,D,PD,AK,F
14:28:50,TLKM,RG,4430,1,D,NI,AK,F
14:28:50,TLKM,RG,4430,1,D,PD,AK,F
14:28:50,TLKM,RG,4430,10,D,NI,AK,F
14:28:50,TLKM,RG,4430,1,D,NI,AK,F
14:28:50,TLKM,RG,4430,5,D,GR,AK,F
14:28:50,TLKM,RG,4430,15,D,PD,AK,F
14:28:50,TLKM,RG,4430,52,F,AK,AK,F
14:28:50,TLKM,RG,4430,237,D,PD,AK,F
14:28:50,TLKM,RG,4430,81,D,PD,AK,F
14:28:50,TLKM,RG,4430,225,D,PD,CS,D
14:28:50,TLKM,RG,4430,3,D,CC,CS,D
14:28:50,TLKM,RG,4430,63,D,PD,CS,D
14:28:50,TLKM,RG,4430,117,D,NI,CS,D
14:28:50,TLKM,RG,4430,1,D,XC,CS,D
14:28:50,TLKM,RG,4430,1,D,XC,CS,D
14:28:50,TLKM,RG,4430,5,D,XC,CS,D
14:28:50,TLKM,RG,4430,1,F,KZ,CS,D
14:28:50,TLKM,RG,4430,3,D,XC,CS,D
14:28:50,TLKM,RG,4430,11,D,XC,CS,D
14:28:50,TLKM,RG,4430,2,D,XL,CS,D
14:28:50,TLKM,RG,4430,2,D,XC,CS,D
14:28:50,TLKM,RG,4430,5,D,XC,CS,D
14:28:50,TLKM,RG,4430,1,D,XC,CS,D
14:28:50,TLKM,RG,4430,1,D,XC,CS,D
14:28:50,TLKM,RG,4430,1,D,XC,CS,D
14:28:50,TLKM,RG,4430,5,D,CC,CS,D
14:28:50,TLKM,RG,4430,1,D,XL,CS,D
14:28:50,TLKM,RG,4430,10,D,CC,CS,D
14:28:50,TLKM,RG,4430,3,D,YP,CS,D
14:28:50,TLKM,RG,4430,3,D,CC,CS,D
14:28:50,TLKM,RG,4430,19,D,PD,CS,D
14:28:43,TLKM,RG,4430,30,D,PD,LG,D
14:28:41,TLKM,RG,4440,82,F,BK,BB,D
14:28:39,TLKM,RG,4440,1,D,PD,BB,D
14:28:39,TLKM,RG,4440,180,D,CC,BB,D
14:28:36,TLKM,RG,4440,6,D,PD,BB,D
14:28:35,TLKM,RG,4430,6,D,PD,CS,D
14:28:35,TLKM,RG,4430,2,D,PD,CS,D
14:28:35,TLKM,RG,4430,1,D,PD,CS,D
14:28:35,TLKM,RG,4430,1,D,PD,CS,D
14:28:35,TLKM,RG,4430,52,D,PD,CS,D
14:28:34,TLKM,RG,4430,18,D,PD,DR,D
14:28:30,TLKM,RG,4440,78,F,BK,BB,D
14:28:28,TLKM,RG,4440,468,F,CC,BB,D
14:28:21,TLKM,RG,4440,1,D,KK,BB,D
14:28:17,TLKM,RG,4440,71,F,BK,BB,D
14:28:15,TLKM,RG,4440,1,D,PD,BB,D
14:28:15,TLKM,RG,4430,27,D,PD,DP,D
14:28:13,TLKM,RG,4440,69,F,BK,BB,D
14:28:09,TLKM,RG,4440,628,F,CC,BB,D
14:28:07,TLKM,RG,4440,47,F,BK,BB,D
14:28:05,TLKM,RG,4440,171,D,CC,BB,D
14:27:59,TLKM,RG,4440,48,F,BK,BB,D
14:27:54,TLKM,RG,4440,92,F,BK,BB,D
14:27:49,TLKM,RG,4440,550,F,BK,BB,D
14:27:49,TLKM,RG,4440,63,D,CC,BB,D
14:27:49,TLKM,RG,4440,7,D,CC,AK,F
14:27:49,TLKM,RG,4440,10,D,CC,AK,F
14:27:49,TLKM,RG,4440,9,D,CC,AK,F
14:27:49,TLKM,RG,4440,2,D,CC,AK,F
14:27:49,TLKM,RG,4440,3,D,CC,AK,F
14:27:49,TLKM,RG,4440,1,D,CC,AK,F
14:27:49,TLKM,RG,4440,4,D,CC,AK,F
14:27:49,TLKM,RG,4440,7,D,CC,AK,F
14:27:49,TLKM,RG,4440,4,D,CC,AK,F
14:27:49,TLKM,RG,4440,46,D,CC,AK,F
14:27:47,TLKM,RG,4440,10,F,ZP,AK,F
14:27:47,TLKM,RG,4440,53,F,ZP,AK,F
14:27:47,TLKM,RG,4440,224,F,ZP,AK,F
14:27:47,TLKM,RG,4440,24,F,ZP,KZ,F
14:27:47,TLKM,RG,4440,1,F,ZP,KZ,F
14:27:47,TLKM,RG,4440,17,F,ZP,RX,F
14:27:47,TLKM,RG,4440,1096,F,ZP,BK,F
14:27:47,TLKM,RG,4440,410,F,CC,BK,F
14:27:47,TLKM,RG,4440,1384,F,CC,YU,D
14:27:33,TLKM,RG,4440,132,D,CC,YU,D
14:27:33,TLKM,RG,4440,48,F,BK,YU,D
14:27:27,TLKM,RG,4440,56,F,BK,YU,D
14:27:26,TLKM,RG,4430,103,D,PD,CS,D
14:27:26,TLKM,RG,4430,1,D,PD,CS,D
14:27:26,TLKM,RG,4430,1,D,PD,CS,D
14:27:26,TLKM,RG,4430,235,D,NI,CS,D
14:27:26,TLKM,RG,4430,4,D,PD,CS,D
14:27:26,TLKM,RG,4430,4,D,PD,CS,D
14:27:26,TLKM,RG,4430,1,D,PD,CS,D
14:27:26,TLKM,RG,4430,2,D,SQ,CS,D
14:27:26,TLKM,RG,4430,1,D,PD,CS,D
14:27:26,TLKM,RG,4430,2,D,PD,CS,D
14:27:26,TLKM,RG,4430,1,D,GR,CS,D
14:27:26,TLKM,RG,4430,1,D,YU,CS,D
14:27:26,TLKM,RG,4430,4,D,OD,CS,D
14:27:26,TLKM,RG,4430,2,D,XC,CS,D
14:27:26,TLKM,RG,4430,51,D,XL,CS,D
14:27:24,TLKM,RG,4430,24,D,XL,BK,F
14:27:24,TLKM,RG,4430,2,D,YP,BK,F
14:27:24,TLKM,RG,4430,3,D,PD,BK,F
14:27:24,TLKM,RG,4430,5,D,XC,BK,F
14:27:24,TLKM,RG,4430,5,D,DR,BK,F
14:27:24,TLKM,RG,4430,47,D,NI,BK,F
14:27:24,TLKM,RG,4440,46,D,NI,YU,D
14:27:20,TLKM,RG,4440,77,F,BK,YU,D
14:27:19,TLKM,RG,4440,155,D,CC,YU,D
14:27:15,TLKM,RG,4440,2,D,XC,YU,D
14:27:14,TLKM,RG,4430,2,D,NI,XC,D
14:27:14,TLKM,RG,4440,2,D,AT,YU,D
14:27:03,TLKM,RG,4440,159,D,CC,YU,D
14:26:54,TLKM,RG,4440,49,F,BK,YU,D
14:26:54,TLKM,RG,4440,20,D,YU,YU,D
14:26:52,TLKM,RG,4440,110,F,CC,YU,D
14:26:47,TLKM,RG,4440,140,D,CC,YU,D
14:26:46,TLKM,RG,4440,50,F,BK,YU,D
14:26:42,TLKM,RG,4440,45,F,BK,YU,D
14:26:41,TLKM,RG,4430,51,D,NI,AK,F
14:26:41,TLKM,RG,4430,1,D,XC,AK,F
14:26:41,TLKM,RG,4430,1,D,PD,AK,F
14:26:41,TLKM,RG,4430,1,D,PD,AK,F
14:26:41,TLKM,RG,4430,2,D,CC,AK,F
14:26:41,TLKM,RG,4430,1,D,CC,AK,F
14:26:41,TLKM,RG,4430,10,D,EP,AK,F
14:26:41,TLKM,RG,4430,2,D,YP,AK,F
14:26:41,TLKM,RG,4430,2,D,CC,AK,F
14:26:41,TLKM,RG,4430,2,D,XC,AK,F
14:26:41,TLKM,RG,4430,2,D,YP,AK,F
14:26:41,TLKM,RG,4430,2,D,XC,AK,F
14:26:41,TLKM,RG,4430,2,D,KK,AK,F
14:26:41,TLKM,RG,4430,1,D,XL,AK,F
14:26:41,TLKM,RG,4430,10,D,YP,AK,F
14:26:41,TLKM,RG,4430,4,F,KZ,AK,F
14:26:41,TLKM,RG,4430,1,D,NI,AK,F
14:26:41,TLKM,RG,4430,2,D,TF,AK,F
14:26:41,TLKM,RG,4430,5,D,AG,AK,F
14:26:41,TLKM,RG,4430,5,D,PD,AK,F
14:26:41,TLKM,RG,4430,5,D,PD,AK,F
14:26:41,TLKM,RG,4430,2,D,XC,AK,F
14:26:41,TLKM,RG,4430,15,D,OD,AK,F
14:26:41,TLKM,RG,4430,1,D,PD,AK,F
14:26:41,TLKM,RG,4430,1,D,PD,AK,F
14:26:41,TLKM,RG,4430,1,D,XC,AK,F
14:26:41,TLKM,RG,4430,1,D,XL,AK,F
14:26:41,TLKM,RG,4430,5,D,KK,AK,F
14:26:41,TLKM,RG,4430,10,D,CC,AK,F
14:26:41,TLKM,RG,4430,2,D,NI,AK,F
14:26:41,TLKM,RG,4430,10,D,CC,AK,F
14:26:41,TLKM,RG,4430,1,D,PD,AK,F
14:26:41,TLKM,RG,4430,1,D,XC,AK,F
14:26:41,TLKM,RG,4430,1,D,PD,AK,F
14:26:41,TLKM,RG,4430,5,D,DH,AK,F
14:26:41,TLKM,RG,4430,2,D,PD,AK,F
14:26:41,TLKM,RG,4430,1,D,YP,AK,F
14:26:41,TLKM,RG,4430,40,D,CC,AK,F
14:26:41,TLKM,RG,4430,2,D,DR,AK,F
14:26:41,TLKM,RG,4430,3,D,PD,AK,F
14:26:41,TLKM,RG,4430,3,F,KZ,AK,F
14:26:41,TLKM,RG,4430,50,D,OD,AK,F
14:26:41,TLKM,RG,4430,20,D,CC,AK,F
14:26:41,TLKM,RG,4430,1,D,XC,AK,F
14:26:41,TLKM,RG,4430,1,D,XC,AK,F
14:26:41,TLKM,RG,4430,6,D,AZ,AK,F
14:26:41,TLKM,RG,4430,20,D,NI,AK,F
14:26:41,TLKM,RG,4430,5,D,NI,AK,F
14:26:41,TLKM,RG,4430,4,D,CC,AK,F
14:26:41,TLKM,RG,4430,1,D,NI,AK,F
14:26:41,TLKM,RG,4430,1,D,CC,AK,F
14:26:41,TLKM,RG,4430,1,D,YP,AK,F
14:26:41,TLKM,RG,4430,5,D,PD,AK,F
14:26:41,TLKM,RG,4430,4,D,NI,AK,F
14:26:41,TLKM,RG,4430,1,D,YP,AK,F
14:26:41,TLKM,RG,4430,10,D,AT,AK,F
14:26:41,TLKM,RG,4430,25,D,YP,AK,F
14:26:41,TLKM,RG,4430,10,D,GR,AK,F
14:26:41,TLKM,RG,4430,4,D,XL,AK,F
14:26:41,TLKM,RG,4430,50,D,KK,AK,F
14:26:41,TLKM,RG,4430,2,D,CC,AK,F
14:26:41,TLKM,RG,4430,1,D,PD,AK,F
14:26:41,TLKM,RG,4430,5,D,SQ,AK,F
14:26:41,TLKM,RG,4430,1,D,PD,AK,F
14:26:41,TLKM,RG,4430,1,D,XC,AK,F
14:26:41,TLKM,RG,4430,2,D,NI,AK,F
14:26:40,TLKM,RG,4430,3,D,NI,LG,D
14:26:40,TLKM,RG,4430,1,D,NI,LG,D
14:26:35,TLKM,RG,4440,77,F,BK,YU,D
14:26:33,TLKM,RG,4430,56,D,CS,DP,D
14:26:31,TLKM,RG,4440,156,D,CC,YU,D
14:26:25,TLKM,RG,4430,160,D,CS,BK,F
14:26:23,TLKM,RG,4440,52,F,BK,YU,D
14:26:17,TLKM,RG,4440,88,F,BK,YU,D
14:26:15,TLKM,RG,4430,2,D,CS,AK,F
14:26:15,TLKM,RG,4430,282,D,CS,CS,D
14:26:15,TLKM,RG,4430,6,D,GR,CS,D
14:26:15,TLKM,RG,4430,1,D,PD,CS,D
14:26:15,TLKM,RG,4430,20,D,YP,CS,D
14:26:15,TLKM,RG,4430,4,D,XC,CS,D
14:26:15,TLKM,RG,4430,3,D,KK,CS,D
14:26:15,TLKM,RG,4430,101,F,YU,CS,D
14:26:14,TLKM,RG,4430,277,F,YU,CS,D
14:26:14,TLKM,RG,4440,62,F,BK,YU,D
14:26:11,TLKM,RG,4430,20,F,YU,YP,D
14:26:10,TLKM,RG,4440,90,F,BK,YU,D
14:26:10,TLKM,RG,4440,14,F,BK,KZ,F
14:26:10,TLKM,RG,4440,1,F,BK,KZ,F
14:26:10,TLKM,RG,4440,6,F,BK,CC,F
14:26:10,TLKM,RG,4440,12,F,BK,KZ,F
14:26:08,TLKM,RG,4430,757,F,YU,AK,F
14:26:08,TLKM,RG,4430,1,F,YU,NI,D
14:26:05,TLKM,RG,4440,9,F,BK,KZ,F
14:26:05,TLKM,RG,4440,36,F,BK,DR,D
14:26:00,TLKM,RG,4430,244,F,YU,YU,F
14:25:45,TLKM,RG,4430,10,F,YU,AK,F
14:25:45,TLKM,RG,4430,4,F,YU,AK,F
14:25:45,TLKM,RG,4440,23,D,CC,DR,D
14:25:45,TLKM,RG,4440,13,D,CC,ZP,F
14:25:45,TLKM,RG,4440,66,D,CC,DP,D
14:25:45,TLKM,RG,4440,45,D,CC,CS,D
14:25:45,TLKM,RG,4440,1,D,CC,CS,F
14:25:45,TLKM,RG,4440,12,D,CC,ZP,F
14:25:34,TLKM,RG,4440,23,D,NI,ZP,F
14:25:31,TLKM,RG,4440,44,F,BK,ZP,F
14:25:31,TLKM,RG,4440,4,F,BK,CS,F
14:25:31,TLKM,RG,4440,15,F,BK,CS,D
14:25:29,TLKM,RG,4440,149,D,CC,CS,D
14:25:26,TLKM,RG,4440,45,F,BK,CS,D
14:25:24,TLKM,RG,4430,179,F,YU,BK,F
14:25:15,TLKM,RG,4440,53,F,BK,BK,F
14:25:13,TLKM,RG,4440,51,D,CC,BK,F
14:25:13,TLKM,RG,4440,13,D,CC,CS,F
14:25:13,TLKM,RG,4440,39,D,CC,CS,D
14:25:13,TLKM,RG,4440,27,D,CC,BB,D
14:25:13,TLKM,RG,4440,1,D,XC,BB,D
14:25:12,TLKM,RG,4440,102,F,BK,BB,D
14:25:09,TLKM,RG,4440,237,D,PD,BB,D
14:25:09,TLKM,RG,4440,306,D,PD,BB,D
14:25:08,TLKM,RG,4440,85,F,BK,BB,D
14:25:05,TLKM,RG,4440,237,D,PD,BB,D
14:25:05,TLKM,RG,4440,306,D,PD,BB,D
14:25:03,TLKM,RG,4430,4,F,YU,RX,F
14:25:00,TLKM,RG,4430,1,F,YU,AK,F
14:24:57,TLKM,RG,4440,144,D,CC,BB,D
14:24:45,TLKM,RG,4440,10,D,NI,BB,D
14:24:43,TLKM,RG,4430,25,F,YU,NI,D
14:24:42,TLKM,RG,4440,79,F,BK,BB,D
14:24:41,TLKM,RG,4440,165,D,CC,BB,D
14:24:41,TLKM,RG,4430,1,F,YU,NI,D
14:24:26,TLKM,RG,4430,145,F,YU,BK,F
14:24:19,TLKM,RG,4440,23,D,NI,BB,D
14:24:11,TLKM,RG,4440,161,D,CC,BB,D
14:24:10,TLKM,RG,4430,1,F,YU,ZP,D
14:23:55,TLKM,RG,4440,1,D,PD,BB,D
14:23:54,TLKM,RG,4430,25,F,YU,CC,D
14:23:45,TLKM,RG,4430,1,F,YU,AK,F
14:23:43,TLKM,RG,4440,81,F,ZP,BB,D
14:23:43,TLKM,RG,4440,169,F,ZP,BB,D
14:23:38,TLKM,RG,4430,53,F,YU,CS,D
14:23:30,TLKM,RG,4430,9,F,YU,AK,F
14:23:30,TLKM,RG,4430,4,F,YU,AK,F
14:23:24,TLKM,RG,4430,194,F,YU,BK,F
14:23:21,TLKM,RG,4440,159,D,CC,BB,D
14:23:07,TLKM,RG,4440,5,D,NI,BB,D
14:23:05,TLKM,RG,4440,148,D,CC,BB,D
14:23:00,TLKM,RG,4440,1,D,PD,BB,D
14:22:49,TLKM,RG,4440,155,D,CC,BB,D
14:22:47,TLKM,RG,4430,45,F,YU,DR,D
14:22:36,TLKM,RG,4440,1,D,AZ,BB,D
14:22:33,TLKM,RG,4430,16,F,YU,DP,D
14:22:33,TLKM,RG,4440,172,D,CC,BB,D
14:22:30,TLKM,RG,4430,1,F,YU,AK,F
14:22:29,TLKM,RG,4440,1,D,NI,BB,D
14:22:27,TLKM,RG,4440,23,D,NI,BB,D
14:22:17,TLKM,RG,4440,53,D,CC,BB,D
14:22:17,TLKM,RG,4440,8,D,CC,ZP,D
14:22:17,TLKM,RG,4440,62,D,CC,AK,F
14:22:17,TLKM,RG,4440,5,D,CC,CS,F
14:22:17,TLKM,RG,4440,19,D,CC,CS,D
14:22:01,TLKM,RG,4430,11,F,YU,ZP,D
14:22:01,TLKM,RG,4440,151,D,CC,CS,D
14:22:00,TLKM,RG,4430,3,F,YU,AK,F
14:21:53,TLKM,RG,4440,10,D,YU,CS,D
14:21:45,TLKM,RG,4440,160,D,CC,CS,D
14:21:44,TLKM,RG,4430,1,F,YU,PD,D
14:21:32,TLKM,RG,4440,54,D,PD,CS,D
14:21:32,TLKM,RG,4440,182,D,PD,CS,D
14:21:32,TLKM,RG,4440,307,D,PD,CS,D
14:21:29,TLKM,RG,4440,96,D,CC,CS,D
14:21:29,TLKM,RG,4440,60,D,CC,ZP,F
14:21:29,TLKM,RG,4440,6,D,CC,ZP,F
14:21:22,TLKM,RG,4440,236,D,PD,ZP,F
14:21:22,TLKM,RG,4440,184,D,PD,ZP,F
14:21:22,TLKM,RG,4440,2,D,PD,CS,F
14:21:22,TLKM,RG,4440,18,D,PD,CS,D
14:21:22,TLKM,RG,4440,14,D,PD,CS,F
14:21:22,TLKM,RG,4440,89,D,PD,CS,F
14:20:57,TLKM,RG,4440,3,D,CC,CS,F
14:20:57,TLKM,RG,4440,116,D,CC,CS,D
14:20:57,TLKM,RG,4440,52,D,CC,CS,D
14:20:54,TLKM,RG,4430,65,F,YU,DP,D
14:20:53,TLKM,RG,4430,26,F,YU,DP,D
14:20:47,TLKM,RG,4430,3,F,YU,DR,D
14:20:46,TLKM,RG,4430,45,F,YU,DR,D
14:20:41,TLKM,RG,4440,1,D,PD,CS,D
14:20:41,TLKM,RG,4440,123,D,CC,CS,D
14:20:41,TLKM,RG,4440,20,D,CC,CS,F
14:20:22,TLKM,RG,4430,757,F,YU,AK,F
14:20:22,TLKM,RG,4430,369,F,YU,ZP,F
14:20:21,TLKM,RG,4430,602,F,YU,BB,D
14:20:21,TLKM,RG,4430,5,D,NI,BB,D
14:20:21,TLKM,RG,4430,5,D,NI,BB,D
14:20:21,TLKM,RG,4430,14,D,XC,BB,D
14:20:21,TLKM,RG,4430,1,D,CC,BB,D
14:20:21,TLKM,RG,4430,2,D,XC,BB,D
14:20:21,TLKM,RG,4430,5,D,PD,BB,D
14:20:21,TLKM,RG,4430,1,D,SQ,BB,D
14:20:21,TLKM,RG,4430,20,D,CC,BB,D
14:20:21,TLKM,RG,4430,1,D,PD,BB,D
14:20:21,TLKM,RG,4430,3,D,CC,BB,D
14:20:21,TLKM,RG,4430,1,D,XC,BB,D
14:20:21,TLKM,RG,4430,28,D,DR,BB,D
14:20:21,TLKM,RG,4430,39,D,XC,BB,D
14:20:21,TLKM,RG,4430,10,D,CC,BB,D
14:20:21,TLKM,RG,4430,1,D,YP,BB,D
14:20:21,TLKM,RG,4430,50,D,KK,BB,D
14:20:21,TLKM,RG,4430,500,D,CS,BB,D
14:20:21,TLKM,RG,4430,2,D,CC,BB,D
14:20:21,TLKM,RG,4430,5,D,GR,BB,D
14:20:21,TLKM,RG,4430,4,D,OD,BB,D
14:20:21,TLKM,RG,4430,1,D,XC,BB,D
14:20:21,TLKM,RG,4430,20,D,CP,BB,D
14:20:21,TLKM,RG,4430,5,D,LG,BB,D
14:20:21,TLKM,RG,4430,2,D,YP,BB,D
14:20:21,TLKM,RG,4430,1,D,YB,BB,D
14:20:21,TLKM,RG,4430,10,D,EP,BB,D
14:20:21,TLKM,RG,4430,10,D,LG,BB,D
14:20:21,TLKM,RG,4430,2,D,YP,BB,D
14:20:21,TLKM,RG,4430,1,D,PD,BB,D
14:20:21,TLKM,RG,4430,1,D,YP,BB,D
14:20:21,TLKM,RG,4430,1,D,XC,BB,D
14:20:21,TLKM,RG,4430,300,D,KK,BB,D
14:20:21,TLKM,RG,4430,1,D,AT,BB,D
14:20:21,TLKM,RG,4430,100,D,YP,BB,D
14:20:21,TLKM,RG,4430,1,D,XL,BB,D
14:20:21,TLKM,RG,4430,1,D,XC,BB,D
14:20:19,TLKM,RG,4430,1,D,XC,BB,D
14:20:09,TLKM,RG,4440,5,D,CC,CS,F
14:20:09,TLKM,RG,4440,124,D,CC,YU,F
14:20:09,TLKM,RG,4440,40,D,CC,YU,F
14:19:53,TLKM,RG,4440,63,F,ZP,YU,F
14:19:52,TLKM,RG,4440,64,F,AK,ZP,F
14:19:52,TLKM,RG,4440,7,F,AK,CS,D
14:19:52,TLKM,RG,4440,50,F,AK,AK,F
14:19:52,TLKM,RG,4440,89,F,AK,AK,F
14:19:52,TLKM,RG,4440,165,D,CC,AK,F
14:19:52,TLKM,RG,4440,1,D,YP,AK,F
14:19:52,TLKM,RG,4440,326,D,CC,AK,F
14:19:52,TLKM,RG,4440,21,F,KZ,AK,F
14:19:52,TLKM,RG,4440,2,D,XC,AK,F
14:19:52,TLKM,RG,4440,1,D,PD,AK,F
14:19:52,TLKM,RG,4440,50,D,PD,AK,F
14:19:52,TLKM,RG,4440,42,F,KZ,AK,F
14:19:52,TLKM,RG,4440,20,D,PD,AK,F
14:19:52,TLKM,RG,4440,35,F,AK,AK,F
14:19:52,TLKM,RG,4440,16,F,AK,OD,D
14:19:52,TLKM,RG,4440,4,D,CS,OD,D
14:19:52,TLKM,RG,4440,1635,F,ZP,CC,F
14:19:52,TLKM,RG,4440,33,F,AK,CC,F
14:19:52,TLKM,RG,4440,83,F,BK,CC,F
14:19:52,TLKM,RG,4440,111,D,CC,CC,F
14:19:52,TLKM,RG,4440,111,F,BK,CC,F
14:19:52,TLKM,RG,4440,10,D,CC,CC,F
14:19:52,TLKM,RG,4440,1,D,YU,CC,F
14:19:52,TLKM,RG,4440,117,D,NI,CC,F
14:19:52,TLKM,RG,4440,2,D,PD,CC,F
14:19:52,TLKM,RG,4440,129,F,BK,CC,F
14:19:52,TLKM,RG,4440,5,D,EP,CC,F
14:19:52,TLKM,RG,4440,421,F,KZ,CC,F
14:19:52,TLKM,RG,4440,2,D,YP,CC,F
14:19:52,TLKM,RG,4440,841,F,BK,CC,F
14:19:52,TLKM,RG,4440,154,F,KZ,CC,F
14:19:52,TLKM,RG,4440,8,F,KZ,CS,F
14:19:52,TLKM,RG,4440,12,F,KZ,CS,D
14:19:52,TLKM,RG,4440,17,F,KZ,BK,F
14:19:52,TLKM,RG,4440,250,F,KZ,BK,F
14:19:52,TLKM,RG,4440,104,F,KZ,BK,F
14:19:52,TLKM,RG,4440,50,F,AK,BK,F
14:19:52,TLKM,RG,4440,193,F,KZ,BK,F
14:19:52,TLKM,RG,4440,2,D,XL,BK,F
14:19:52,TLKM,RG,4440,7,D,XL,BK,F
14:19:52,TLKM,RG,4440,18,F,KZ,BK,F
14:19:52,TLKM,RG,4440,4,D,CS,BK,F
14:19:52,TLKM,RG,4440,2,D,CC,BK,F
14:19:52,TLKM,RG,4440,47,D,CC,BK,F
14:19:52,TLKM,RG,4440,20,D,PD,BK,F
14:19:52,TLKM,RG,4440,73,F,ZP,BK,F
14:19:52,TLKM,RG,4440,4,D,NI,BK,F
14:19:52,TLKM,RG,4440,10,D,XA,BK,F
14:19:52,TLKM,RG,4440,6,D,XL,BK,F
14:19:52,TLKM,RG,4440,3,D,CS,BK,F
14:19:52,TLKM,RG,4440,21,F,KZ,BK,F
14:19:52,TLKM,RG,4440,4,D,NI,BK,F
14:19:52,TLKM,RG,4440,2,D,XC,BK,F
14:19:52,TLKM,RG,4440,1,D,NI,BK,F
14:19:52,TLKM,RG,4440,1,D,PD,BK,F
14:19:52,TLKM,RG,4440,20,D,YP,BK,F
14:19:52,TLKM,RG,4440,1,D,XC,BK,F
14:19:52,TLKM,RG,4440,10,D,YU,BK,F
14:19:52,TLKM,RG,4440,1,D,CC,BK,F
14:19:52,TLKM,RG,4440,10,D,HP,BK,F
14:19:52,TLKM,RG,4440,2,D,SQ,BK,F
14:19:52,TLKM,RG,4440,146,F,BK,BK,F
14:19:52,TLKM,RG,4440,5,D,SC,BK,F
14:19:52,TLKM,RG,4440,11,D,YU,BK,F
14:19:52,TLKM,RG,4440,1,D,OD,BK,F
14:19:52,TLKM,RG,4440,11,D,RG,BK,F
14:19:52,TLKM,RG,4440,117,D,NI,BK,F
14:19:52,TLKM,RG,4440,50,F,AK,BK,F
14:19:52,TLKM,RG,4440,200,D,YJ,BK,F
14:19:52,TLKM,RG,4440,1,D,XL,BK,F
14:19:52,TLKM,RG,4440,154,F,BK,BK,F
14:19:52,TLKM,RG,4440,2,D,PD,BK,F
14:19:52,TLKM,RG,4440,2,D,XL,BK,F
14:19:52,TLKM,RG,4440,2,D,YB,BK,F
14:19:52,TLKM,RG,4440,1,D,XC,BK,F
14:19:52,TLKM,RG,4440,1,D,YP,BK,F
14:19:52,TLKM,RG,4440,3,D,PD,BK,F
14:19:52,TLKM,RG,4440,447,F,KZ,BK,F
14:19:52,TLKM,RG,4440,1,D,XC,BK,F
14:19:52,TLKM,RG,4440,782,F,ZP,BK,F
14:19:52,TLKM,RG,4440,1,D,XC,BK,F
14:19:52,TLKM,RG,4440,1399,F,CC,BK,F
14:19:52,TLKM,RG,4440,4,D,PD,BK,F
14:19:52,TLKM,RG,4440,21,F,KZ,BK,F
14:19:52,TLKM,RG,4440,20,D,YP,BK,F
14:19:52,TLKM,RG,4440,1,D,SQ,BK,F
14:19:52,TLKM,RG,4440,734,F,CC,BK,F
14:19:52,TLKM,RG,4440,1,F,CC,KZ,F
14:19:52,TLKM,RG,4440,14,F,CC,KZ,F
14:19:52,TLKM,RG,4440,14,F,CC,KZ,F
14:19:52,TLKM,RG,4440,1,F,CC,KZ,F
14:19:52,TLKM,RG,4440,1,F,CC,KZ,F
14:19:51,TLKM,RG,4450,89,F,ZP,BK,F
14:19:51,TLKM,RG,4450,2,F,ZP,CS,F
14:19:51,TLKM,RG,4450,12,F,ZP,CS,F
14:19:51,TLKM,RG,4450,1522,F,ZP,ZP,F
14:19:51,TLKM,RG,4440,20,F,CC,CS,F
14:19:51,TLKM,RG,4440,247,F,CC,CS,D
14:19:51,TLKM,RG,4440,5000,F,CC,BK,F
14:19:51,TLKM,RG,4440,192,F,CC,AK,F
14:19:51,TLKM,RG,4440,2410,F,CC,ZP,F
14:19:51,TLKM,RG,4440,81,F,CC,CS,F
14:19:51,TLKM,RG,4440,2514,F,CC,BK,F
14:19:51,TLKM,RG,4440,2,D,PD,BK,F
14:19:51,TLKM,RG,4440,3,D,EP,BK,F
14:19:51,TLKM,RG,4440,5,D,PD,BK,F
14:19:51,TLKM,RG,4440,5,D,PD,BK,F
14:19:51,TLKM,RG,4440,1,D,CS,BK,F
14:19:51,TLKM,RG,4440,1,D,AZ,BK,F
14:19:51,TLKM,RG,4440,3,D,LG,BK,F
14:19:51,TLKM,RG,4440,1,D,XC,BK,F
14:19:51,TLKM,RG,4440,1,D,NI,BK,F
14:19:51,TLKM,RG,4440,1,D,PD,BK,F
14:19:51,TLKM,RG,4440,2,D,XC,BK,F
14:19:51,TLKM,RG,4440,12,D,PD,BK,F
14:19:51,TLKM,RG,4440,1,D,PD,BK,F
14:19:51,TLKM,RG,4440,5,D,LG,BK,F
14:19:51,TLKM,RG,4440,1,D,DX,BK,F
14:19:51,TLKM,RG,4440,2,D,YP,BK,F
14:19:51,TLKM,RG,4440,1,D,LG,BK,F
14:19:51,TLKM,RG,4440,1,D,DH,BK,F
14:19:51,TLKM,RG,4440,1,D,XC,BK,F
14:19:51,TLKM,RG,4440,5,D,XL,BK,F
14:19:51,TLKM,RG,4440,4,D,KK,BK,F
14:19:51,TLKM,RG,4440,117,D,NI,BK,F
14:19:51,TLKM,RG,4440,7,D,XL,BK,F
14:19:51,TLKM,RG,4440,11,D,NI,BK,F
14:19:51,TLKM,RG,4440,20,D,XC,BK,F
14:19:51,TLKM,RG,4440,10,D,KK,BK,F
14:19:51,TLKM,RG,4440,10,D,DH,BK,F
14:19:51,TLKM,RG,4440,4,D,XC,BK,F
14:19:51,TLKM,RG,4440,5,D,PD,BK,F
14:19:51,TLKM,RG,4440,1,D,CC,BK,F
14:19:51,TLKM,RG,4440,1,D,XC,BK,F
14:19:51,TLKM,RG,4440,21,F,KZ,BK,F
14:19:51,TLKM,RG,4440,41,F,KZ,BK,F
14:19:51,TLKM,RG,4440,2,D,YP,BK,F
14:19:51,TLKM,RG,4440,2,D,NI,BK,F
14:19:51,TLKM,RG,4440,100,D,YU,BK,F
14:19:51,TLKM,RG,4440,39,F,ZP,BK,F
14:19:51,TLKM,RG,4440,10,D,NI,BK,F
14:19:51,TLKM,RG,4440,5,D,NI,BK,F
14:19:51,TLKM,RG,4440,1,D,XC,BK,F
14:19:51,TLKM,RG,4440,1,D,PD,BK,F
14:19:51,TLKM,RG,4440,12,D,XC,BK,F
14:19:51,TLKM,RG,4440,1,D,AT,BK,F
14:19:51,TLKM,RG,4440,10,D,XC,BK,F
14:19:51,TLKM,RG,4440,1,D,CC,BK,F
14:19:51,TLKM,RG,4440,10,D,NI,BK,F
14:19:51,TLKM,RG,4440,1,D,XC,BK,F
14:19:51,TLKM,RG,4440,111,D,YP,BK,F
14:19:51,TLKM,RG,4440,22,D,AT,BK,F
14:19:51,TLKM,RG,4440,117,D,NI,BK,F
14:19:51,TLKM,RG,4440,3,D,CS,BK,F
14:19:51,TLKM,RG,4440,1,D,XC,BK,F
14:19:51,TLKM,RG,4440,10,D,CC,BK,F
14:19:51,TLKM,RG,4440,1,D,PD,BK,F
14:19:51,TLKM,RG,4440,19,F,KZ,BK,F
14:19:51,TLKM,RG,4440,1,D,PD,BK,F
14:19:51,TLKM,RG,4440,1,D,XL,BK,F
14:19:51,TLKM,RG,4440,170,F,KZ,BK,F
14:19:51,TLKM,RG,4440,3,F,KZ,BK,F
14:19:51,TLKM,RG,4440,117,D,NI,BK,F
14:19:51,TLKM,RG,4440,100,D,PD,BK,F
14:19:51,TLKM,RG,4440,3,D,GR,BK,F
14:19:51,TLKM,RG,4440,55,F,BK,BK,F
14:19:51,TLKM,RG,4440,1,D,CC,BK,F
14:19:51,TLKM,RG,4440,2,D,CS,BK,F
14:19:51,TLKM,RG,4440,117,D,NI,BK,F
14:19:51,TLKM,RG,4440,1,D,PD,BK,F
14:19:51,TLKM,RG,4440,16,D,XL,BK,F
14:19:51,TLKM,RG,4440,5,D,CS,BK,F
14:19:51,TLKM,RG,4440,1,D,XC,BK,F
14:19:51,TLKM,RG,4440,42,F,YU,BK,F
14:19:51,TLKM,RG,4440,1,D,XC,BK,F
14:19:51,TLKM,RG,4440,1,D,AT,BK,F
14:19:51,TLKM,RG,4440,2,D,XL,BK,F
14:19:51,TLKM,RG,4440,14,F,BK,BK,F
14:19:51,TLKM,RG,4440,1,D,PD,BK,F
14:19:51,TLKM,RG,4440,7,D,XA,BK,F
14:19:51,TLKM,RG,4440,1,D,YP,BK,F
14:19:51,TLKM,RG,4440,2,D,TF,BK,F
14:19:51,TLKM,RG,4440,7,D,PD,BK,F
14:19:51,TLKM,RG,4440,4,D,PD,BK,F
14:19:51,TLKM,RG,4440,1,D,XC,BK,F
14:19:51,TLKM,RG,4440,110,F,BK,BK,F
14:19:51,TLKM,RG,4440,5,D,PD,BK,F
14:19:51,TLKM,RG,4440,500,D,CS,BK,F
14:19:51,TLKM,RG,4440,22,F,KZ,BK,F
14:19:51,TLKM,RG,4440,54,F,AK,BK,F
14:19:51,TLKM,RG,4440,4,D,CS,BK,F
14:19:51,TLKM,RG,4440,106,F,BK,BK,F
14:19:51,TLKM,RG,4440,34,F,AK,BK,F
14:19:51,TLKM,RG,4440,2,D,PD,BK,F
14:19:51,TLKM,RG,4440,1,F,KZ,BK,F
14:19:51,TLKM,RG,4440,2,D,LG,BK,F
14:19:51,TLKM,RG,4440,11,D,XC,BK,F
14:19:51,TLKM,RG,4440,98,F,BK,BK,F
14:19:51,TLKM,RG,4440,5,D,CS,BK,F
14:19:51,TLKM,RG,4440,21,D,XC,BK,F
14:19:51,TLKM,RG,4440,1,D,NI,BK,F
14:19:51,TLKM,RG,4440,49,F,AK,BK,F
14:19:49,TLKM,RG,4440,7,F,AK,RX,F
14:19:49,TLKM,RG,4440,1,F,AK,KZ,F
14:19:49,TLKM,RG,4440,42,D,PD,KZ,F
14:19:49,TLKM,RG,4440,26,D,PD,KZ,F
14:19:47,TLKM,RG,4440,17,D,PD,KZ,F
14:19:47,TLKM,RG,4440,19,D,PD,KZ,F
14:19:47,TLKM,RG,4440,5,D,PD,KZ,F
14:19:47,TLKM,RG,4440,14,D,PD,KZ,F
14:19:47,TLKM,RG,4440,1,D,PD,KZ,F
14:19:47,TLKM,RG,4440,112,D,PD,AK,F
14:19:47,TLKM,RG,4440,307,D,PD,AK,F
14:19:47,TLKM,RG,4440,91,F,BK,AK,F
14:19:47,TLKM,RG,4440,36,F,AK,AK,F
14:19:47,TLKM,RG,4440,211,F,ZP,AK,F
14:19:47,TLKM,RG,4440,23,F,ZP,KZ,F
14:19:47,TLKM,RG,4440,169,F,ZP,CS,D
14:19:37,TLKM,RG,4450,177,D,CC,ZP,F
14:19:31,TLKM,RG,4450,1,D,LG,ZP,F
14:19:26,TLKM,RG,4440,1,F,ZP,NI,D
14:19:23,TLKM,RG,4450,452,F,CC,ZP,F
14:19:23,TLKM,RG,4450,50,F,CC,LS,D
14:19:23,TLKM,RG,4450,93,F,CC,BK,F
14:19:23,TLKM,RG,4450,739,F,CC,CS,D
14:19:11,TLKM,RG,4440,37,F,ZP,CS,D
14:19:09,TLKM,RG,4440,200,F,ZP,MK,D
14:19:09,TLKM,RG,4440,73,F,ZP,DP,D
14:19:09,TLKM,RG,4440,21,F,BK,DP,D
14:19:03,TLKM,RG,4450,149,D,CC,CS,D
14:18:47,TLKM,RG,4450,112,D,CC,CS,D
14:18:47,TLKM,RG,4450,1,D,CC,KZ,F
14:18:47,TLKM,RG,4450,13,D,CC,CS,F
14:18:47,TLKM,RG,4450,24,D,CC,ZP,F
14:18:33,TLKM,RG,4450,32,D,CC,ZP,F
14:18:33,TLKM,RG,4450,97,D,CC,BK,F
14:18:33,TLKM,RG,4450,5,D,CC,EP,D
14:18:33,TLKM,RG,4450,1,D,CC,XC,D
14:18:33,TLKM,RG,4450,31,D,CC,ZP,F
14:18:32,TLKM,RG,4450,100,D,NI,ZP,F
14:18:27,TLKM,RG,4450,69,F,CC,ZP,F
14:18:27,TLKM,RG,4450,100,F,CC,ZP,F
14:18:27,TLKM,RG,4450,60,F,CC,AK,F
14:18:27,TLKM,RG,4450,396,F,CC,CS,D
14:18:27,TLKM,RG,4450,94,F,CC,BK,F
14:18:27,TLKM,RG,4450,2,F,CC,YP,D
14:18:27,TLKM,RG,4450,3,F,CC,CS,F
14:18:27,TLKM,RG,4450,3,F,CC,SQ,D
14:18:27,TLKM,RG,4450,10,F,CC,CS,F
14:18:27,TLKM,RG,4450,2,F,CC,XC,D
14:18:27,TLKM,RG,4450,17,F,CC,ZP,F
14:18:27,TLKM,RG,4450,361,F,CC,AK,F
14:18:19,TLKM,RG,4450,21,D,YU,AK,F
14:18:17,TLKM,RG,4450,147,D,CC,AK,F
14:18:09,TLKM,RG,4440,58,F,BK,ZP,F
14:18:07,TLKM,RG,4450,20,D,XL,AK,F
14:18:01,TLKM,RG,4450,2,D,PD,AK,F
14:17:58,TLKM,RG,4440,1,F,BK,KZ,F
14:17:55,TLKM,RG,4440,4,F,BK,ZP,F
14:17:55,TLKM,RG,4440,6,F,BK,KZ,F
14:17:55,TLKM,RG,4440,1,D,XC,KZ,F
14:17:55,TLKM,RG,4440,16,D,YU,KZ,F
14:17:55,TLKM,RG,4440,1,D,YU,KZ,F
14:17:55,TLKM,RG,4440,1,D,YU,KZ,F
14:17:55,TLKM,RG,4440,33,D,YU,KZ,F
14:17:55,TLKM,RG,4440,2,D,YU,KZ,F
14:17:55,TLKM,RG,4440,5,D,YU,KZ,F
14:17:55,TLKM,RG,4440,1,D,YU,KZ,F
14:17:55,TLKM,RG,4440,17,D,YU,KZ,F
14:17:55,TLKM,RG,4440,1,D,YU,KZ,F
14:17:55,TLKM,RG,4440,17,D,YU,KZ,F
14:17:55,TLKM,RG,4440,2,D,YU,KZ,F
14:17:45,TLKM,RG,4450,155,D,CC,AK,F
14:17:37,TLKM,RG,4450,6,D,NI,AK,F
14:17:31,TLKM,RG,4440,2,D,YU,XC,D
14:17:30,TLKM,RG,4450,1,D,PD,AK,F
14:17:29,TLKM,RG,4440,2,D,YU,CS,D
14:17:29,TLKM,RG,4440,1,F,AK,CS,D
14:17:28,TLKM,RG,4450,506,F,CC,AK,F
14:17:28,TLKM,RG,4440,48,F,AK,CS,D
14:17:28,TLKM,RG,4440,1,D,XL,CS,D
14:17:28,TLKM,RG,4440,30,F,AK,CS,D
14:17:28,TLKM,RG,4440,100,F,BK,CS,D
14:17:28,TLKM,RG,4440,10,F,YP,CS,D
14:17:28,TLKM,RG,4440,278,F,ZP,CS,D
14:17:27,TLKM,RG,4450,28,F,AK,AK,F
14:17:27,TLKM,RG,4450,150,D,CC,AK,F
14:17:20,TLKM,RG,4450,1,D,PD,AK,F
14:17:11,TLKM,RG,4450,64,D,CC,AK,F
14:17:11,TLKM,RG,4450,80,D,CC,BK,F
14:17:01,TLKM,RG,4450,100,F,CC,BK,F
14:17:01,TLKM,RG,4450,1,F,CC,KZ,F
14:17:01,TLKM,RG,4450,861,F,CC,AK,F
14:17:00,TLKM,RG,4440,757,F,ZP,AK,F
14:17:00,TLKM,RG,4440,41,F,ZP,CS,D
14:16:48,TLKM,RG,4440,1,F,ZP,XC,D
14:16:19,TLKM,RG,4450,990,F,CC,AK,F
14:16:19,TLKM,RG,4440,10,F,ZP,CC,D
14:16:11,TLKM,RG,4440,7,F,ZP,XC,D
14:16:01,TLKM,RG,4440,3,F,ZP,ZP,D
14:15:54,TLKM,RG,4440,8,F,ZP,XC,D
14:15:40,TLKM,RG,4450,1069,F,ZP,AK,F
14:15:40,TLKM,RG,4450,657,F,CC,AK,F
14:15:40,TLKM,RG,4450,304,F,CC,CS,D
14:15:40,TLKM,RG,4450,62,F,CC,CS,F
14:15:35,TLKM,RG,4450,1,D,XL,CS,F
14:15:30,TLKM,RG,4450,21,F,AK,CS,F
14:15:30,TLKM,RG,4450,8,F,AK,ZP,F
14:15:30,TLKM,RG,4440,1,F,ZP,NI,D
14:15:28,TLKM,RG,4440,11,F,ZP,HP,D
14:15:23,TLKM,RG,4440,10,F,ZP,CC,D
14:15:10,TLKM,RG,4450,1,D,PD,ZP,F
14:15:08,TLKM,RG,4450,1,D,PD,ZP,F
14:15:03,TLKM,RG,4440,15,F,ZP,DR,D
14:15:03,TLKM,RG,4450,1249,F,CC,ZP,F
14:15:00,TLKM,RG,4440,40,F,ZP,AK,F
14:15:00,TLKM,RG,4440,117,D,NI,AK,F
14:15:00,TLKM,RG,4440,5,D,XC,AK,F
14:15:00,TLKM,RG,4440,79,F,BK,AK,F
14:15:00,TLKM,RG,4440,35,D,PD,AK,F
14:15:00,TLKM,RG,4440,10,D,XL,AK,F
14:15:00,TLKM,RG,4440,5,D,EP,AK,F
14:15:00,TLKM,RG,4440,114,F,BK,AK,F
14:15:00,TLKM,RG,4440,258,F,BK,AK,F
14:15:00,TLKM,RG,4440,52,F,AK,AK,F
14:15:00,TLKM,RG,4440,22,F,KZ,AK,F
14:15:00,TLKM,RG,4440,1,D,XC,AK,F
14:15:00,TLKM,RG,4440,2,D,CC,AK,F
14:15:00,TLKM,RG,4440,1,D,XC,AK,F
14:15:00,TLKM,RG,4440,1,D,XC,AK,F
14:15:00,TLKM,RG,4440,2,D,XC,AK,F
14:15:00,TLKM,RG,4440,1,D,XC,AK,F
14:15:00,TLKM,RG,4440,6,D,XC,AK,F
14:15:00,TLKM,RG,4440,5,D,XC,AK,F
14:15:00,TLKM,RG,4440,1,D,XC,AK,F
14:15:00,TLKM,RG,4440,5,D,XC,YU,F
14:15:00,TLKM,RG,4440,1,D,XC,YU,F
14:15:00,TLKM,RG,4440,1,D,XC,YU,F
14:15:00,TLKM,RG,4440,1,D,XC,YU,F
14:15:00,TLKM,RG,4440,1,D,XC,YU,F
14:15:00,TLKM,RG,4440,1,D,CC,YU,F
14:15:00,TLKM,RG,4440,1,D,XC,YU,F
14:15:00,TLKM,RG,4440,1,D,XC,YU,F
14:15:00,TLKM,RG,4440,1,D,XC,YU,F
14:15:00,TLKM,RG,4440,3,D,XC,YU,F
14:15:00,TLKM,RG,4440,1,D,XC,YU,F
14:15:00,TLKM,RG,4440,1,D,XC,YU,F
14:15:00,TLKM,RG,4440,1,D,XC,YU,F
14:15:00,TLKM,RG,4440,1,D,XC,YU,F
14:15:00,TLKM,RG,4440,159,F,ZP,YU,F
14:15:00,TLKM,RG,4450,49,F,AK,ZP,F
14:14:34,TLKM,RG,4440,442,F,ZP,CS,D
14:14:34,TLKM,RG,4450,130,F,KZ,ZP,F
14:14:34,TLKM,RG,4450,2,F,KZ,XC,D
14:14:34,TLKM,RG,4450,50,F,KZ,LS,D
14:14:34,TLKM,RG,4450,40,F,KZ,PD,D
14:14:34,TLKM,RG,4450,44,F,KZ,LG,D
14:14:34,TLKM,RG,4450,3,F,KZ,LG,D
14:14:34,TLKM,RG,4450,26,F,KZ,LG,D
14:14:34,TLKM,RG,4450,196,F,KZ,LG,D
14:14:34,TLKM,RG,4450,165,F,KZ,LG,D
14:14:34,TLKM,RG,4450,1,F,KZ,AK,F
14:14:34,TLKM,RG,4450,95,F,KZ,BK,F
14:14:34,TLKM,RG,4450,8,F,KZ,AK,F
14:14:34,TLKM,RG,4450,19,F,KZ,CS,F
14:14:34,TLKM,RG,4450,142,F,KZ,CS,D
14:14:34,TLKM,RG,4450,24,F,KZ,CS,D
14:14:34,TLKM,RG,4450,142,F,KZ,CS,D
14:14:34,TLKM,RG,4450,3,F,KZ,AK,F
14:14:34,TLKM,RG,4450,2,F,KZ,PD,D
14:14:34,TLKM,RG,4450,1,F,KZ,PD,D
14:14:34,TLKM,RG,4450,1,F,KZ,XC,D
14:14:34,TLKM,RG,4450,80,F,KZ,BK,F
14:14:34,TLKM,RG,4450,2,F,KZ,BK,F
14:14:24,TLKM,RG,4450,14,F,CC,BK,F
14:14:24,TLKM,RG,4450,70,F,CC,PD,D
14:14:24,TLKM,RG,4450,40,F,CC,CS,D
14:14:24,TLKM,RG,4450,14,F,CC,ZP,F
14:14:24,TLKM,RG,4450,17,F,CC,AK,F
14:14:24,TLKM,RG,4450,4,F,CC,AK,F
14:14:24,TLKM,RG,4450,8,F,CC,AK,F
14:14:24,TLKM,RG,4450,254,F,CC,ZP,F
14:14:13,TLKM,RG,4450,26,F,DX,ZP,F
14:14:11,TLKM,RG,4450,1115,F,CC,ZP,F
14:14:11,TLKM,RG,4450,6,F,CC,PD,D
14:14:11,TLKM,RG,4450,124,F,CC,ZP,F
14:14:09,TLKM,RG,4440,208,F,ZP,CS,D
14:14:01,TLKM,RG,4440,3,F,ZP,ZP,D
14:13:59,TLKM,RG,4440,5,F,ZP,CS,F
14:13:58,TLKM,RG,4450,21,D,YU,ZP,F
14:13:55,TLKM,RG,4450,1,D,XC,ZP,F
14:13:51,TLKM,RG,4450,2,D,XA,ZP,F
14:13:46,TLKM,RG,4450,352,F,ZP,ZP,F
14:13:46,TLKM,RG,4450,2,F,ZP,KZ,F
14:13:46,TLKM,RG,4450,9,F,ZP,KZ,F
14:13:46,TLKM,RG,4450,95,F,ZP,BK,F
14:13:46,TLKM,RG,4450,14,F,ZP,CS,F
14:13:46,TLKM,RG,4450,298,F,ZP,CS,D
14:13:40,TLKM,RG,4440,100,F,ZP,LS,D
14:13:40,TLKM,RG,4440,44,F,ZP,DP,D
14:13:37,TLKM,RG,4450,4,D,PD,CS,D
14:13:30,TLKM,RG,4450,30,F,AK,CS,D
14:13:15,TLKM,RG,4450,596,F,CC,CS,D
14:13:13,TLKM,RG,4440,1,F,ZP,NI,D
14:12:57,TLKM,RG,4440,17,F,ZP,DR,D
14:12:54,TLKM,RG,4450,45,F,KZ,CS,D
14:12:51,TLKM,RG,4440,10,F,ZP,NI,D
14:12:50,TLKM,RG,4450,27,F,BK,CS,D
14:12:50,TLKM,RG,4450,81,F,BK,KZ,F
14:12:40,TLKM,RG,4450,59,F,CC,KZ,F
14:12:40,TLKM,RG,4450,377,F,CC,BB,D
14:12:38,TLKM,RG,4450,1,D,XC,BB,D
14:12:28,TLKM,RG,4450,10,D,YP,BB,D
14:12:11,TLKM,RG,4450,253,F,CC,BB,D
14:12:11,TLKM,RG,4450,1119,F,CC,ZP,F
14:12:04,TLKM,RG,4440,151,F,ZP,AK,F
14:11:51,TLKM,RG,4440,757,F,ZP,AK,F
14:11:51,TLKM,RG,4440,10,F,ZP,KK,D
14:11:46,TLKM,RG,4440,64,F,ZP,DP,D
14:11:42,TLKM,RG,4450,1,D,PD,ZP,F
14:11:35,TLKM,RG,4440,169,F,ZP,BK,F
14:11:34,TLKM,RG,4450,5,D,DH,ZP,F
14:11:33,TLKM,RG,4450,1,D,XC,ZP,F
14:11:27,TLKM,RG,4450,1,D,XC,ZP,F
14:11:15,TLKM,RG,4450,33,F,AK,ZP,F
14:11:09,TLKM,RG,4450,63,F,ZP,ZP,F
14:11:09,TLKM,RG,4450,1,F,ZP,AK,F
14:11:09,TLKM,RG,4450,8,F,ZP,AK,F
14:11:09,TLKM,RG,4450,1,F,ZP,AK,F
14:11:09,TLKM,RG,4450,4,F,ZP,AK,F
14:11:09,TLKM,RG,4450,493,F,ZP,CS,D
14:11:09,TLKM,RG,4450,9,F,ZP,CS,F
14:11:09,TLKM,RG,4450,47,F,ZP,ZP,F
14:11:09,TLKM,RG,4450,92,F,ZP,AK,F
14:11:09,TLKM,RG,4450,87,F,ZP,CS,F
14:11:09,TLKM,RG,4450,1,F,ZP,XC,D
14:11:09,TLKM,RG,4450,16,F,ZP,CS,F
14:11:09,TLKM,RG,4450,4,F,ZP,RX,F
14:11:09,TLKM,RG,4450,117,F,ZP,CS,D
14:11:09,TLKM,RG,4450,32,F,ZP,CS,D
14:11:09,TLKM,RG,4450,2,F,ZP,PD,D
14:11:09,TLKM,RG,4450,188,F,ZP,ZP,F
14:11:08,TLKM,RG,4450,1051,F,CC,ZP,F
14:11:08,TLKM,RG,4440,6,F,ZP,ZP,F
14:11:03,TLKM,RG,4450,3,D,YP,ZP,F
14:11:00,TLKM,RG,4450,75,F,BK,ZP,F
14:10:57,TLKM,RG,4440,1,F,ZP,XC,D
14:10:51,TLKM,RG,4440,483,F,ZP,CS,D
14:10:45,TLKM,RG,4450,84,F,AK,ZP,F
14:10:40,TLKM,RG,4440,5,F,ZP,ZP,F
14:10:29,TLKM,RG,4450,3,D,YP,ZP,F
14:10:20,TLKM,RG,4450,478,F,CC,ZP,F
14:10:13,TLKM,RG,4440,5,F,ZP,ZP,F
14:10:05,TLKM,RG,4440,214,F,ZP,CS,D
14:10:01,TLKM,RG,4440,45,F,ZP,CS,D
14:09:58,TLKM,RG,4450,20,F,CC,ZP,F
14:09:58,TLKM,RG,4450,20,F,CC,CS,F
14:09:58,TLKM,RG,4450,1,F,CC,KZ,F
14:09:58,TLKM,RG,4450,1,F,CC,XL,D
14:09:58,TLKM,RG,4450,18,F,CC,XC,D
14:09:58,TLKM,RG,4450,1,F,CC,KK,D
14:09:58,TLKM,RG,4450,36,F,CC,CS,D
14:09:58,TLKM,RG,4450,15,F,CC,ZP,D
14:09:58,TLKM,RG,4450,435,F,CC,LG,D
14:09:58,TLKM,RG,4450,63,F,CC,DP,D
14:09:58,TLKM,RG,4450,65,F,CC,DR,D
14:09:58,TLKM,RG,4450,23,F,CC,CS,F
14:09:45,TLKM,RG,4440,12,F,ZP,AK,F
14:09:42,TLKM,RG,4450,2,D,CC,CS,F
14:09:40,TLKM,RG,4440,5,F,ZP,ZP,F
14:09:38,TLKM,RG,4450,1,D,CS,CS,F
14:09:38,TLKM,RG,4450,12,D,CS,ZP,F
14:09:27,TLKM,RG,4450,1724,F,CC,ZP,F
14:09:27,TLKM,RG,4450,3,F,CC,CS,D
14:09:27,TLKM,RG,4450,95,F,CC,BB,D
14:09:24,TLKM,RG,4440,426,F,ZP,AK,F
14:09:22,TLKM,RG,4440,468,F,ZP,AI,D
14:09:22,TLKM,RG,4440,1,D,XC,AI,D
14:09:22,TLKM,RG,4440,6,D,XC,AI,D
14:09:22,TLKM,RG,4440,1,D,XC,AI,D
14:09:22,TLKM,RG,4440,6,D,CC,AI,D
14:09:22,TLKM,RG,4440,1,D,XC,AI,D
14:09:22,TLKM,RG,4440,2,D,XC,AI,D
14:09:22,TLKM,RG,4440,1,D,XC,AI,D
14:09:22,TLKM,RG,4440,2,D,XC,AI,D
14:09:22,TLKM,RG,4440,5,D,YP,AI,D
14:09:22,TLKM,RG,4440,1,D,XC,AI,D
14:09:22,TLKM,RG,4440,5,D,XC,AI,D
14:09:22,TLKM,RG,4440,1,D,XC,AI,D
14:09:22,TLKM,RG,4440,2,D,XC,AI,D
14:09:22,TLKM,RG,4440,40,F,CS,AI,D
14:09:15,TLKM,RG,4450,2,D,XC,BB,D
14:09:01,TLKM,RG,4450,18,F,ZP,BB,D
14:09:00,TLKM,RG,4450,11,F,ZP,BB,D
14:09:00,TLKM,RG,4440,203,F,CS,YU,F
14:08:59,TLKM,RG,4450,1,D,PD,BB,D
14:08:59,TLKM,RG,4450,33,F,ZP,BB,D
14:08:58,TLKM,RG,4440,5,F,CS,ZP,F
14:08:58,TLKM,RG,4440,1,F,CS,PD,D
14:08:54,TLKM,RG,4450,14,F,ZP,BB,D
14:08:54,TLKM,RG,4440,1,F,CS,DR,D
14:08:53,TLKM,RG,4450,8,F,ZP,BB,D
14:08:52,TLKM,RG,4450,6,F,ZP,BB,D
14:08:51,TLKM,RG,4450,3,F,ZP,BB,D
14:08:51,TLKM,RG,4450,1,D,XC,BB,D
14:08:51,TLKM,RG,4450,5,F,ZP,BB,D
14:08:50,TLKM,RG,4450,4,F,ZP,BB,D
14:08:50,TLKM,RG,4450,21,F,ZP,BB,D
14:08:49,TLKM,RG,4450,5,F,ZP,BB,D
14:08:49,TLKM,RG,4450,76,F,BK,BB,D
14:08:47,TLKM,RG,4450,4,F,ZP,BB,D
14:08:47,TLKM,RG,4450,5,F,ZP,BB,D
14:08:46,TLKM,RG,4450,7,F,ZP,BB,D
14:08:45,TLKM,RG,4450,6,F,ZP,BB,D
14:08:45,TLKM,RG,4450,34,F,ZP,BB,D
14:08:44,TLKM,RG,4450,8,F,ZP,BB,D
14:08:43,TLKM,RG,4450,129,F,ZP,BB,D
14:08:43,TLKM,RG,4450,179,F,BK,BB,D
14:08:43,TLKM,RG,4450,36,F,ZP,BB,D
14:08:42,TLKM,RG,4450,5,F,ZP,BB,D
14:08:42,TLKM,RG,4440,757,F,CS,AK,F
14:08:42,TLKM,RG,4440,525,F,CS,CS,D
14:08:42,TLKM,RG,4440,3,F,CS,AZ,D
14:08:37,TLKM,RG,4450,4,F,ZP,BB,D
14:08:36,TLKM,RG,4450,5,F,ZP,BB,D
14:08:36,TLKM,RG,4450,6,F,ZP,BB,D
14:08:35,TLKM,RG,4450,9,F,ZP,BB,D
14:08:34,TLKM,RG,4450,6,F,ZP,BB,D
14:08:34,TLKM,RG,4450,79,F,BK,BB,D
14:08:33,TLKM,RG,4450,6,F,ZP,BB,D
14:08:32,TLKM,RG,4450,6,F,ZP,BB,D
14:08:32,TLKM,RG,4450,7,F,ZP,BB,D
14:08:31,TLKM,RG,4450,11,F,ZP,BB,D
14:08:30,TLKM,RG,4450,36,F,ZP,BB,D
14:08:29,TLKM,RG,4450,3,F,ZP,BB,D
14:08:29,TLKM,RG,4450,142,F,ZP,BB,D
14:08:28,TLKM,RG,4450,170,F,BK,BB,D
14:08:28,TLKM,RG,4450,6,D,XL,BB,D
14:08:28,TLKM,RG,4450,5,F,ZP,BB,D
14:08:28,TLKM,RG,4450,1185,F,CC,BB,D
14:08:25,TLKM,RG,4450,4,F,ZP,BB,D
14:08:24,TLKM,RG,4450,4,F,ZP,BB,D
14:08:24,TLKM,RG,4450,6,F,ZP,BB,D
14:08:23,TLKM,RG,4450,3,F,ZP,BB,D
14:08:23,TLKM,RG,4450,22,F,ZP,BB,D
14:08:22,TLKM,RG,4450,5,F,ZP,BB,D
14:08:22,TLKM,RG,4450,43,F,BK,BB,D
14:08:19,TLKM,RG,4450,6,F,ZP,BB,D
14:08:19,TLKM,RG,4450,4,F,ZP,BB,D
14:08:18,TLKM,RG,4450,32,F,ZP,BB,D
14:08:17,TLKM,RG,4450,5,F,ZP,BB,D
14:08:17,TLKM,RG,4450,167,F,BK,BB,D
14:08:15,TLKM,RG,4450,4,F,ZP,BB,D
14:08:15,TLKM,RG,4450,18,F,ZP,BB,D
14:08:14,TLKM,RG,4450,5,F,ZP,BB,D
14:08:13,TLKM,RG,4450,122,F,ZP,BB,D
14:08:13,TLKM,RG,4450,12,F,ZP,BB,D
14:08:12,TLKM,RG,4450,474,D,PD,BB,D
14:08:12,TLKM,RG,4450,451,D,PD,BB,D
14:08:12,TLKM,RG,4450,162,D,PD,AK,F
14:08:11,TLKM,RG,4450,50,F,BK,AK,F
14:08:11,TLKM,RG,4450,6,F,ZP,AK,F
14:08:10,TLKM,RG,4450,7,F,ZP,AK,F
14:08:09,TLKM,RG,4450,7,F,ZP,AK,F
14:08:09,TLKM,RG,4450,6,F,ZP,AK,F
14:08:08,TLKM,RG,4450,21,F,ZP,AK,F
14:08:08,TLKM,RG,4450,17,F,ZP,AK,F
14:08:07,TLKM,RG,4450,8,F,ZP,AK,F
14:08:07,TLKM,RG,4450,160,F,BK,AK,F
14:08:06,TLKM,RG,4450,116,F,ZP,AK,F
14:08:06,TLKM,RG,4440,2,F,CS,AK,F
14:08:06,TLKM,RG,4450,20,F,ZP,AK,F
14:08:05,TLKM,RG,4440,7,F,CS,AK,F
14:08:05,TLKM,RG,4450,473,D,PD,AK,F
14:08:05,TLKM,RG,4450,396,D,PD,AK,F
14:08:05,TLKM,RG,4450,1,D,PD,KZ,F
14:08:05,TLKM,RG,4450,1,D,PD,XC,D
14:08:05,TLKM,RG,4450,27,D,PD,CS,F
14:08:05,TLKM,RG,4450,62,D,PD,CS,F
14:08:05,TLKM,RG,4450,1,D,PD,NI,D
14:08:05,TLKM,RG,4450,12,D,PD,PD,D
14:08:05,TLKM,RG,4450,1,D,PD,KZ,F
14:08:05,TLKM,RG,4450,24,D,PD,XC,D
14:08:05,TLKM,RG,4450,5,D,PD,XC,D
14:08:05,TLKM,RG,4450,3,D,PD,YP,D
14:08:05,TLKM,RG,4450,38,D,PD,BK,F
14:08:05,TLKM,RG,4450,9,D,PD,PD,D
14:08:05,TLKM,RG,4450,34,D,PD,KZ,F
14:08:03,TLKM,RG,4450,6,F,ZP,KZ,F
14:08:02,TLKM,RG,4450,6,F,ZP,KZ,F
14:08:01,TLKM,RG,4450,11,F,ZP,KZ,F
14:08:00,TLKM,RG,4450,3,F,ZP,KZ,F
14:08:00,TLKM,RG,4450,6,F,ZP,XC,D
14:08:00,TLKM,RG,4450,5,F,AK,XC,D
14:08:00,TLKM,RG,4450,10,F,AK,YP,D
14:08:00,TLKM,RG,4450,20,F,AK,KZ,F
14:08:00,TLKM,RG,4450,19,F,AK,CS,D
14:07:59,TLKM,RG,4450,52,F,BK,CS,D
14:07:58,TLKM,RG,4450,15,F,ZP,CS,D
14:07:57,TLKM,RG,4450,51,F,BK,CS,D
14:07:57,TLKM,RG,4450,26,F,BK,CS,F
14:07:57,TLKM,RG,4450,31,F,BK,BK,F
14:07:57,TLKM,RG,4440,9,F,CS,ZP,D
14:07:56,TLKM,RG,4450,10,F,ZP,BK,F
14:07:55,TLKM,RG,4450,1,F,ZP,BK,F
14:07:54,TLKM,RG,4450,50,F,ZP,BK,F
14:07:54,TLKM,RG,4450,43,F,ZP,AK,F
14:07:54,TLKM,RG,4440,8,F,CS,DP,D
14:07:54,TLKM,RG,4450,777,F,CC,AK,F
14:07:46,TLKM,RG,4450,11,F,ZP,AK,F
14:07:45,TLKM,RG,4440,7,F,CS,AK,F
14:07:32,TLKM,RG,4450,3,D,PD,AK,F
14:07:25,TLKM,RG,4450,8,F,ZP,AK,F
14:07:24,TLKM,RG,4450,45,F,BK,AK,F
14:07:22,TLKM,RG,4450,12,F,ZP,AK,F
14:07:20,TLKM,RG,4450,92,F,BK,AK,F
14:07:19,TLKM,RG,4450,6,F,ZP,AK,F
14:07:18,TLKM,RG,4450,54,F,ZP,AK,F
14:07:16,TLKM,RG,4450,689,F,CC,AK,F
14:07:11,TLKM,RG,4440,50,F,CS,CC,D
14:07:11,TLKM,RG,4450,77,F,BK,AK,F
14:07:08,TLKM,RG,4440,412,F,CS,AK,F
14:07:08,TLKM,RG,4440,12,D,YP,AK,F
14:07:08,TLKM,RG,4440,4,D,YP,AK,F
14:07:08,TLKM,RG,4440,1,D,CC,AK,F
14:07:08,TLKM,RG,4440,5,D,CC,AK,F
14:07:08,TLKM,RG,4440,2,D,YP,AK,F
14:07:08,TLKM,RG,4440,90,F,BK,AK,F
14:07:07,TLKM,RG,4440,20,F,BK,DR,D
14:07:07,TLKM,RG,4440,1,D,YP,DR,D
14:07:07,TLKM,RG,4440,13,F,AK,DR,D
14:07:06,TLKM,RG,4440,10,F,AK,DR,D
14:07:00,TLKM,RG,4450,41,F,YU,AK,F
14:06:47,TLKM,RG,4440,10,F,AK,CS,D
14:06:47,TLKM,RG,4440,41,F,CS,CS,D
14:06:39,TLKM,RG,4450,1,D,PD,AK,F
14:06:39,TLKM,RG,4450,61,F,BK,AK,F
14:06:39,TLKM,RG,4450,1,D,YU,AK,F
14:06:36,TLKM,RG,4450,18,F,ZP,AK,F
14:06:35,TLKM,RG,4450,58,F,BK,AK,F
14:06:34,TLKM,RG,4450,463,F,CC,AK,F
14:06:34,TLKM,RG,4450,91,F,CC,BK,F
14:06:34,TLKM,RG,4450,36,F,CC,ZP,F
14:06:32,TLKM,RG,4450,22,F,BK,ZP,F
14:06:32,TLKM,RG,4450,61,F,BK,KZ,F
14:06:32,TLKM,RG,4450,2,F,BK,CS,F
14:06:32,TLKM,RG,4450,1,F,BK,CS,F
14:06:32,TLKM,RG,4440,1,F,CS,NI,D
14:06:31,TLKM,RG,4450,25,F,ZP,CS,F
14:06:27,TLKM,RG,4440,580,F,CS,CS,D
14:06:18,TLKM,RG,4450,7,F,BK,CS,F
14:06:18,TLKM,RG,4450,65,F,BK,ZP,F
14:06:14,TLKM,RG,4450,112,F,BK,ZP,F
14:06:14,TLKM,RG,4440,22,F,CS,HP,D
14:06:10,TLKM,RG,4440,83,F,CS,DP,D
14:06:10,TLKM,RG,4450,29,F,ZP,ZP,F
14:06:09,TLKM,RG,4440,757,F,CS,AK,F
14:06:09,TLKM,RG,4440,5,F,CS,DP,D
14:06:01,TLKM,RG,4440,10,F,CS,ZP,D
14:05:57,TLKM,RG,4450,20,F,ZP,ZP,F
14:05:57,TLKM,RG,4450,104,F,BK,ZP,F
14:05:56,TLKM,RG,4450,10,F,ZP,ZP,F
14:05:55,TLKM,RG,4450,3,F,ZP,ZP,F
14:05:55,TLKM,RG,4450,78,F,ZP,ZP,F
14:05:54,TLKM,RG,4450,5,F,ZP,ZP,F
14:05:54,TLKM,RG,4440,4,F,CS,HP,D
14:05:53,TLKM,RG,4450,74,F,ZP,ZP,F
14:05:53,TLKM,RG,4450,24,F,ZP,AK,F
14:05:53,TLKM,RG,4450,40,F,CC,AK,F
14:05:53,TLKM,RG,4450,1,F,CC,EP,D
14:05:53,TLKM,RG,4450,97,F,CC,BK,F
14:05:53,TLKM,RG,4450,547,F,CC,ZP,F
14:05:53,TLKM,RG,4450,26,F,ZP,ZP,F
14:05:52,TLKM,RG,4440,100,F,CS,YB,D
14:05:23,TLKM,RG,4450,9,F,ZP,ZP,F
14:05:23,TLKM,RG,4450,2,F,ZP,ZP,F
14:05:22,TLKM,RG,4450,61,F,ZP,ZP,F
14:05:21,TLKM,RG,4450,5,F,ZP,ZP,F
14:05:21,TLKM,RG,4440,100,F,CS,YB,D
14:05:21,TLKM,RG,4440,264,F,CS,CS,D
14:05:15,TLKM,RG,4450,2,F,ZP,ZP,F
14:05:14,TLKM,RG,4450,15,F,ZP,ZP,F
14:05:14,TLKM,RG,4450,2,F,ZP,ZP,F
14:05:13,TLKM,RG,4450,123,F,ZP,ZP,F
14:05:13,TLKM,RG,4450,2,F,ZP,ZP,F
14:05:12,TLKM,RG,4450,901,F,CC,ZP,F
14:05:12,TLKM,RG,4450,6,F,CC,KZ,F
14:05:12,TLKM,RG,4450,34,F,CC,ZP,F
14:05:12,TLKM,RG,4450,8,F,CC,AK,F
14:05:12,TLKM,RG,4450,4,F,CC,AK,F
14:05:12,TLKM,RG,4450,25,F,CC,CC,D
14:05:12,TLKM,RG,4450,136,F,CC,ZP,F
14:05:11,TLKM,RG,4450,4,F,ZP,ZP,F
14:05:10,TLKM,RG,4450,9,F,ZP,ZP,F
14:05:10,TLKM,RG,4450,2,F,ZP,ZP,F
14:05:09,TLKM,RG,4450,26,F,ZP,ZP,F
14:05:09,TLKM,RG,4440,48,F,CS,DR,D
14:05:08,TLKM,RG,4450,5,F,ZP,ZP,F
14:05:08,TLKM,RG,4440,6,F,CS,ZP,F
14:05:02,TLKM,RG,4450,1,F,ZP,ZP,F
14:05:01,TLKM,RG,4450,31,F,ZP,ZP,F
14:05:00,TLKM,RG,4450,3,F,ZP,ZP,F
14:05:00,TLKM,RG,4450,14,D,PD,ZP,F
14:04:54,TLKM,RG,4450,3,F,ZP,ZP,F
14:04:53,TLKM,RG,4450,3,F,ZP,ZP,F
14:04:53,TLKM,RG,4450,4,F,ZP,ZP,F
14:04:52,TLKM,RG,4450,5,F,ZP,ZP,F
14:04:51,TLKM,RG,4450,6,F,ZP,ZP,F
14:04:51,TLKM,RG,4450,17,F,ZP,ZP,F
14:04:50,TLKM,RG,4450,4,F,ZP,ZP,F
14:04:49,TLKM,RG,4450,42,F,KZ,ZP,F
14:04:46,TLKM,RG,4450,2,F,ZP,ZP,F
14:04:46,TLKM,RG,4450,4,F,ZP,ZP,F
14:04:45,TLKM,RG,4450,5,F,ZP,ZP,F
14:04:45,TLKM,RG,4450,7,F,ZP,ZP,F
14:04:44,TLKM,RG,4450,18,F,ZP,ZP,F
14:04:43,TLKM,RG,4450,55,F,ZP,ZP,F
14:04:43,TLKM,RG,4440,5,F,CS,ZP,F
14:04:27,TLKM,RG,4450,42,F,ZP,ZP,F
14:04:27,TLKM,RG,4450,825,F,CC,ZP,F
14:04:24,TLKM,RG,4450,72,F,BK,ZP,F
14:04:22,TLKM,RG,4440,381,F,CS,AK,F
14:04:22,TLKM,RG,4440,83,F,CS,DP,D
14:04:22,TLKM,RG,4440,7,F,CS,DP,D
14:04:18,TLKM,RG,4440,5,F,CS,ZP,F
14:04:12,TLKM,RG,4450,1,D,XL,ZP,F
14:04:01,TLKM,RG,4450,100,D,LG,ZP,F
14:03:58,TLKM,RG,4440,537,F,CS,CS,D
14:03:58,TLKM,RG,4450,23,F,KZ,ZP,F
14:03:58,TLKM,RG,4450,1,F,KZ,ZP,F
14:03:55,TLKM,RG,4450,200,F,KZ,ZP,F
14:03:55,TLKM,RG,4450,3,F,KZ,ZP,F
14:03:55,TLKM,RG,4450,1,F,KZ,ZP,F
14:03:55,TLKM,RG,4450,4,F,KZ,ZP,F
14:03:55,TLKM,RG,4450,1,F,KZ,ZP,F
14:03:55,TLKM,RG,4450,9,F,KZ,ZP,F
14:03:55,TLKM,RG,4450,18,F,CC,ZP,F
14:03:53,TLKM,RG,4440,6,F,CS,ZP,F
14:03:45,TLKM,RG,4440,3,F,CS,AK,F
14:03:45,TLKM,RG,4450,28,F,AK,ZP,F
14:03:43,TLKM,RG,4450,30,D,CC,ZP,F
14:03:39,TLKM,RG,4450,10,D,XL,ZP,F
14:03:37,TLKM,RG,4440,217,F,CS,LG,D
14:03:37,TLKM,RG,4450,2,D,YP,ZP,F
14:03:24,TLKM,RG,4450,11,D,YP,ZP,F
14:03:23,TLKM,RG,4450,10,D,XL,ZP,F
14:03:22,TLKM,RG,4440,4,F,CS,AK,F
14:03:21,TLKM,RG,4450,2,D,PD,ZP,F
14:03:15,TLKM,RG,4450,49,F,AK,ZP,F
14:03:14,TLKM,RG,4440,317,F,CS,ZP,F
14:03:13,TLKM,RG,4440,5,F,CS,ZP,F
14:03:09,TLKM,RG,4450,20,D,YU,ZP,F
14:03:09,TLKM,RG,4440,57,F,CS,ZP,F
14:03:09,TLKM,RG,4450,10,D,OD,ZP,F
14:03:01,TLKM,RG,4450,61,F,BK,ZP,F
14:02:52,TLKM,RG,4450,10,D,XL,ZP,F
14:02:42,TLKM,RG,4450,9,F,ZP,ZP,F
14:02:41,TLKM,RG,4440,49,F,CS,AK,F
14:02:40,TLKM,RG,4440,100,F,CS,LG,D
14:02:39,TLKM,RG,4440,4,F,CS,RX,F
14:02:38,TLKM,RG,4440,142,F,CS,AK,F
14:02:38,TLKM,RG,4440,19,F,CS,YP,D
14:02:33,TLKM,RG,4440,5,F,CS,ZP,F
14:02:29,TLKM,RG,4450,1,D,XC,ZP,F
14:02:20,TLKM,RG,4440,38,F,CS,YP,D
14:02:17,TLKM,RG,4450,49,F,ZP,ZP,F
14:02:15,TLKM,RG,4440,601,F,CS,AK,F
14:02:15,TLKM,RG,4440,11,F,CS,AK,F
14:02:15,TLKM,RG,4440,1,F,CS,AK,F
14:02:08,TLKM,RG,4450,2,D,XC,ZP,F
14:02:07,TLKM,RG,4450,23,F,ZP,ZP,F
14:02:07,TLKM,RG,4450,59,F,ZP,ZP,F
14:02:07,TLKM,RG,4450,22,F,ZP,KZ,F
14:02:07,TLKM,RG,4450,29,F,ZP,KZ,F
14:02:07,TLKM,RG,4450,90,F,ZP,BK,F
14:02:07,TLKM,RG,4450,26,F,ZP,CS,D
14:02:07,TLKM,RG,4450,3,F,ZP,CS,F
14:02:07,TLKM,RG,4450,16,F,ZP,CS,F
14:02:07,TLKM,RG,4450,6,F,ZP,CS,D
14:02:06,TLKM,RG,4440,362,F,CS,AK,F
14:02:06,TLKM,RG,4440,1773,F,ZP,AK,F
14:02:06,TLKM,RG,4440,477,F,ZP,AK,F
14:02:06,TLKM,RG,4440,49,F,ZP,CS,F
14:02:06,TLKM,RG,4440,55,F,ZP,CS,F
14:02:02,TLKM,RG,4450,11,F,ZP,CS,D
14:02:00,TLKM,RG,4450,49,F,BK,CS,D
14:01:54,TLKM,RG,4450,10,F,ZP,CS,D
14:01:53,TLKM,RG,4440,5,F,ZP,ZP,F
14:01:47,TLKM,RG,4450,11,F,ZP,CS,D
14:01:47,TLKM,RG,4450,27,F,ZP,CS,F
14:01:47,TLKM,RG,4450,8,F,ZP,BK,F
14:01:47,TLKM,RG,4440,352,F,ZP,CS,D
14:01:35,TLKM,RG,4450,11,F,ZP,BK,F
14:01:34,TLKM,RG,4440,71,F,ZP,CS,D
14:01:31,TLKM,RG,4450,20,F,ZP,BK,F
14:01:30,TLKM,RG,4440,188,F,ZP,CS,F
14:01:30,TLKM,RG,4450,13,F,ZP,BK,F
14:01:30,TLKM,RG,4450,32,F,AK,BK,F
14:01:19,TLKM,RG,4450,9,F,ZP,BK,F
14:01:19,TLKM,RG,4450,1,F,ZP,BK,F
14:01:19,TLKM,RG,4450,86,F,ZP,AI,D
14:01:18,TLKM,RG,4440,849,F,ZP,CS,D
14:01:14,TLKM,RG,4450,12,F,ZP,AI,D
14:01:13,TLKM,RG,4440,5,F,ZP,ZP,F
14:01:06,TLKM,RG,4440,3,F,ZP,DR,D
14:01:02,TLKM,RG,4450,7,F,ZP,AI,D
14:01:02,TLKM,RG,4450,1,F,ZP,AI,D
14:01:01,TLKM,RG,4450,80,F,ZP,AI,D
14:01:00,TLKM,RG,4450,4,F,ZP,AI,D
14:01:00,TLKM,RG,4450,49,F,AK,AI,D
14:00:41,TLKM,RG,4450,2,F,ZP,AI,D
14:00:41,TLKM,RG,4440,5,F,ZP,ZP,F
14:00:40,TLKM,RG,4450,4,F,ZP,AI,D
14:00:40,TLKM,RG,4450,7,F,ZP,AI,D
14:00:39,TLKM,RG,4450,2,F,ZP,AI,D
14:00:39,TLKM,RG,4450,48,F,ZP,AI,D
14:00:39,TLKM,RG,4440,7,F,ZP,ZP,D
14:00:38,TLKM,RG,4450,3,F,ZP,AI,D
14:00:38,TLKM,RG,4440,3,F,ZP,DP,D
14:00:37,TLKM,RG,4440,2,F,ZP,ZP,D
14:00:26,TLKM,RG,4450,3,F,ZP,AI,D
14:00:25,TLKM,RG,4450,3,F,ZP,AI,D
14:00:25,TLKM,RG,4450,3,F,ZP,AI,D
14:00:24,TLKM,RG,4450,11,F,ZP,AI,D
14:00:23,TLKM,RG,4450,4,F,ZP,AI,D
14:00:23,TLKM,RG,4450,76,F,BK,AI,D
14:00:23,TLKM,RG,4450,4,F,ZP,AI,D
14:00:22,TLKM,RG,4450,24,F,ZP,AI,D
14:00:22,TLKM,RG,4450,19,F,ZP,AI,D
14:00:21,TLKM,RG,4440,173,F,ZP,ZP,F
14:00:15,TLKM,RG,4440,3,F,ZP,AK,F
14:00:14,TLKM,RG,4450,1,D,XC,AI,D
14:00:13,TLKM,RG,4440,5,F,ZP,ZP,F
14:00:10,TLKM,RG,4440,56,F,ZP,AK,F
13:59:52,TLKM,RG,4440,31,F,ZP,DR,D
13:59:51,TLKM,RG,4440,14,F,ZP,DR,D
13:59:44,TLKM,RG,4440,5,F,ZP,ZP,F
13:59:43,TLKM,RG,4440,1,F,ZP,XL,D
13:59:43,TLKM,RG,4450,1,D,PD,AI,D
13:59:30,TLKM,RG,4450,27,F,ZP,AI,D
13:59:30,TLKM,RG,4450,29,F,AK,AI,D
13:59:26,TLKM,RG,4440,94,F,ZP,AK,F
13:59:26,TLKM,RG,4440,1,D,YP,AK,F
13:59:26,TLKM,RG,4440,18,D,CC,AK,F
13:59:26,TLKM,RG,4440,3,D,YP,AK,F
13:59:26,TLKM,RG,4440,3,D,YP,AK,F
13:59:26,TLKM,RG,4440,11,D,YP,AK,F
13:59:26,TLKM,RG,4440,5,D,YP,AK,F
13:59:26,TLKM,RG,4440,37,F,ZP,AK,F
13:59:26,TLKM,RG,4440,28,F,ZP,DP,D
13:59:26,TLKM,RG,4440,25,D,DR,DP,D
13:59:26,TLKM,RG,4440,28,F,BK,DP,D
13:59:25,TLKM,RG,4450,1,D,XL,AI,D
13:59:24,TLKM,RG,4440,11,F,BK,DP,D
13:59:22,TLKM,RG,4440,10,F,BK,ZP,D
13:59:14,TLKM,RG,4440,1,F,BK,AK,F
13:59:13,TLKM,RG,4440,2,F,BK,ZP,F
13:58:58,TLKM,RG,4440,757,F,BK,AK,F
13:58:58,TLKM,RG,4440,285,F,BK,ZP,F
13:58:45,TLKM,RG,4440,3,F,BK,AK,F
13:58:40,TLKM,RG,4450,38,F,BK,AI,D
13:58:40,TLKM,RG,4450,44,F,BK,CS,D
13:58:39,TLKM,RG,4440,45,F,BK,DR,D
13:58:37,TLKM,RG,4440,8,F,BK,AK,F
13:58:19,TLKM,RG,4450,8,D,CS,CS,D
13:58:16,TLKM,RG,4450,1,D,PD,CS,D
13:58:12,TLKM,RG,4440,92,F,BK,DP,D
13:58:11,TLKM,RG,4440,9,F,BK,PD,D
13:58:09,TLKM,RG,4440,2,F,BK,PD,D
13:58:01,TLKM,RG,4450,21,D,YU,CS,D
13:57:53,TLKM,RG,4450,1,D,PD,CS,D
13:57:43,TLKM,RG,4450,74,F,AK,CS,D
13:57:42,TLKM,RG,4440,905,F,BK,CS,D
13:57:39,TLKM,RG,4440,11,F,BK,LG,D
13:57:32,TLKM,RG,4450,6,D,CC,CS,D
13:57:05,TLKM,RG,4440,396,F,BK,CS,D
13:57:04,TLKM,RG,4450,4,D,PD,CS,D
13:56:51,TLKM,RG,4450,92,F,BK,CS,D
13:56:49,TLKM,RG,4440,78,F,BK,CS,D
13:56:39,TLKM,RG,4440,1,F,BK,PD,D
13:56:06,TLKM,RG,4440,2,F,BK,PD,D
13:55:51,TLKM,RG,4450,47,F,BK,CS,D
13:55:28,TLKM,RG,4440,6,F,BK,XL,D
13:55:23,TLKM,RG,4440,1,F,BK,YP,D
13:55:14,TLKM,RG,4450,6,D,NI,CS,D
13:55:00,TLKM,RG,4450,61,F,ZP,CS,D
13:55:00,TLKM,RG,4440,210,F,BK,YU,F
13:54:52,TLKM,RG,4450,1,D,PD,CS,D
13:54:50,TLKM,RG,4450,19,F,ZP,CS,D
13:54:49,TLKM,RG,4450,46,F,BK,CS,D
13:54:46,TLKM,RG,4450,13,F,ZP,CS,D
13:54:45,TLKM,RG,4450,129,F,ZP,CS,D
13:54:45,TLKM,RG,4450,71,F,AK,CS,D
13:54:12,TLKM,RG,4450,7,F,ZP,CS,D
13:54:11,TLKM,RG,4450,46,F,ZP,CS,D
13:54:11,TLKM,RG,4450,97,F,BK,CS,D
13:54:03,TLKM,RG,4440,1,F,BK,XC,D
13:54:01,TLKM,RG,4450,7,F,ZP,CS,D
13:54:00,TLKM,RG,4450,10,D,PD,CS,D
13:53:59,TLKM,RG,4450,6,F,ZP,CS,D
13:53:58,TLKM,RG,4450,9,F,ZP,CS,D
13:53:55,TLKM,RG,4450,73,F,BK,CS,D
13:53:53,TLKM,RG,4450,88,F,BK,CS,D
