Time,Stock,Brd,Price,Qty,BT,BC,SC,ST
15:14:59,TLKM,RG,4370,2,D,XL,AT,D
15:14:57,TLKM,RG,4370,959,D,CC,AT,D
15:14:57,TLKM,RG,4370,20,D,CC,OD,D
15:14:57,TLKM,RG,4370,10,D,CC,NI,D
15:14:57,TLKM,RG,4370,1,D,CC,XC,D
15:14:57,TLKM,RG,4370,1,D,CC,XC,D
15:14:57,TLKM,RG,4370,5,D,CC,IH,D
15:14:57,TLKM,RG,4370,4,D,CC,PD,D
15:14:54,TLKM,RG,4370,1,D,DR,PD,D
15:14:22,TLKM,RG,4370,10,D,PD,OD,D
15:14:08,TLKM,RG,4370,2,D,CC,OD,D
15:13:52,TLKM,RG,4370,5,D,XC,OD,D
15:13:38,TLKM,RG,4370,18,D,YP,OD,D
15:13:25,TLKM,RG,4370,4,D,CC,OD,D
15:13:20,TLKM,RG,4370,12,D,XC,OD,D
15:13:18,TLKM,RG,4370,2,D,XC,OD,D
15:13:14,TLKM,RG,4370,50,D,KK,OD,D
15:13:07,TLKM,RG,4370,10,D,YP,OD,D
15:12:26,TLKM,RG,4370,2,D,XC,OD,D
15:12:03,TLKM,RG,4370,2,D,CC,OD,D
15:12:03,TLKM,RG,4370,1,D,XC,OD,D
15:11:34,TLKM,RG,4370,1,D,YP,OD,D
15:11:34,TLKM,RG,4370,1,D,XC,OD,D
15:11:33,TLKM,RG,4370,1,D,PD,OD,D
15:11:27,TLKM,RG,4370,2,D,XC,OD,D
15:11:11,TLKM,RG,4370,1,D,XC,OD,D
15:11:06,TLKM,RG,4370,2,D,NI,OD,D
15:11:04,TLKM,RG,4370,4,D,YP,OD,D
15:10:56,TLKM,RG,4370,1,D,PD,OD,D
15:10:52,TLKM,RG,4370,1,D,NI,OD,D
15:10:19,TLKM,RG,4370,1,D,PD,OD,D
15:10:17,TLKM,RG,4370,12,D,YP,OD,D
15:10:17,TLKM,RG,4370,20,D,YP,LG,D
15:10:17,TLKM,RG,4370,28,D,YP,KK,D
15:10:14,TLKM,RG,4370,8,D,XC,KK,D
15:10:14,TLKM,RG,4370,1,D,XC,KK,D
15:09:57,TLKM,RG,4370,3,D,XC,KK,D
15:09:57,TLKM,RG,4370,1,D,XC,XC,D
15:09:57,TLKM,RG,4370,1,D,XC,XC,D
15:09:57,TLKM,RG,4370,10,D,XC,CC,D
15:09:55,TLKM,RG,4370,4,D,YP,CC,D
15:09:42,TLKM,RG,4370,5,D,YP,CC,D
15:09:35,TLKM,RG,4370,181,D,YP,CC,D
15:09:35,TLKM,RG,4370,50,D,YP,GR,D
15:09:35,TLKM,RG,4370,4,D,YP,PD,D
15:09:35,TLKM,RG,4370,1,D,YP,CC,D
15:09:35,TLKM,RG,4370,4,D,YP,AG,D
15:09:34,TLKM,RG,4370,43,D,PD,AG,D
15:09:34,TLKM,RG,4370,14,D,PD,CC,D
15:09:34,TLKM,RG,4370,2,D,PD,XC,D
15:09:34,TLKM,RG,4370,24,D,PD,NI,D
15:09:34,TLKM,RG,4370,20,D,PD,KK,D
15:09:34,TLKM,RG,4370,30,D,PD,CC,D
15:09:34,TLKM,RG,4370,108,D,PD,YU,D
15:09:28,TLKM,RG,4370,14,D,CC,YU,D
15:09:28,TLKM,RG,4370,213,D,CC,YU,D
15:09:24,TLKM,RG,4370,10,D,GR,YU,D
15:09:21,TLKM,RG,4370,1,D,DX,YU,D
15:09:05,TLKM,RG,4370,100,D,YP,YU,D
15:09:02,TLKM,RG,4370,1,D,KK,YU,D
15:08:56,TLKM,RG,4370,1,D,PD,YU,D
15:08:33,TLKM,RG,4370,100,D,KK,YU,D
15:08:27,TLKM,RG,4370,1,D,PD,YU,D
15:08:23,TLKM,RG,4370,50,D,PD,YU,D
15:08:23,TLKM,RG,4370,23,D,PD,YU,D
15:08:23,TLKM,RG,4370,1,D,PD,PD,D
15:08:23,TLKM,RG,4370,76,D,PD,PD,D
15:08:16,TLKM,RG,4370,10,D,DR,PD,D
15:08:12,TLKM,RG,4370,1,D,CC,PD,D
15:08:09,TLKM,RG,4370,1,D,YP,PD,D
15:08:08,TLKM,RG,4370,11,D,XC,PD,D
15:08:07,TLKM,RG,4370,11,D,NI,PD,D
15:08:07,TLKM,RG,4370,23,D,NI,YJ,D
15:07:58,TLKM,RG,4370,50,D,OD,YJ,D
15:07:52,TLKM,RG,4370,18,D,CC,YJ,D
15:07:47,TLKM,RG,4370,5,D,YP,YJ,D
15:07:34,TLKM,RG,4370,1,D,CC,YJ,D
15:07:34,TLKM,RG,4370,5,D,LS,YJ,D
15:07:30,TLKM,RG,4370,21,D,CC,YJ,D
15:07:27,TLKM,RG,4370,4,D,SQ,YJ,D
15:07:24,TLKM,RG,4370,1,D,SQ,YJ,D
15:07:19,TLKM,RG,4370,5,D,PD,YJ,D
15:07:18,TLKM,RG,4370,1,D,PD,YJ,D
15:07:02,TLKM,RG,4370,10,D,YP,YJ,D
15:06:56,TLKM,RG,4370,20,D,PD,YJ,D
15:06:54,TLKM,RG,4370,25,D,NI,YJ,D
15:06:54,TLKM,RG,4370,3,D,SQ,YJ,D
15:06:50,TLKM,RG,4370,20,D,CC,YJ,D
15:06:48,TLKM,RG,4370,2,D,DR,YJ,D
15:06:40,TLKM,RG,4370,2,D,XC,YJ,D
15:06:35,TLKM,RG,4370,100,D,CC,YJ,D
15:06:33,TLKM,RG,4370,4,D,XC,YJ,D
15:06:31,TLKM,RG,4370,1,D,XC,YJ,D
15:06:27,TLKM,RG,4370,100,D,YP,YJ,D
15:06:14,TLKM,RG,4370,30,D,NI,YJ,D
15:06:09,TLKM,RG,4370,4,D,XC,YJ,D
15:06:08,TLKM,RG,4370,45,D,OD,YJ,D
15:06:08,TLKM,RG,4370,15,D,OD,MG,D
15:05:58,TLKM,RG,4370,10,D,DR,MG,D
15:05:46,TLKM,RG,4370,75,D,YP,MG,D
15:05:46,TLKM,RG,4370,200,D,YP,YB,D
15:05:46,TLKM,RG,4370,811,D,YP,CS,F
15:05:46,TLKM,RG,4370,614,D,YP,CS,F
15:05:45,TLKM,RG,4370,1,D,XC,CS,F
15:05:08,TLKM,RG,4370,1,D,CC,CS,F
15:05:06,TLKM,RG,4370,10,D,YP,CS,F
15:05:01,TLKM,RG,4370,2,D,XC,CS,F
15:05:01,TLKM,RG,4370,30,D,CC,CS,F
15:04:43,TLKM,RG,4370,1,D,SQ,CS,F
15:04:36,TLKM,RG,4370,3,D,XC,CS,F
15:04:31,TLKM,RG,4370,1,D,PD,CS,F
15:04:28,TLKM,RG,4370,5,D,XC,CS,F
15:04:27,TLKM,RG,4370,1,D,PD,CS,F
15:04:21,TLKM,RG,4370,1,D,DR,CS,F
15:04:08,TLKM,RG,4370,1,D,XL,CS,F
15:04:03,TLKM,RG,4370,10,D,YP,CS,F
15:03:38,TLKM,RG,4370,81,D,YP,CS,F
15:03:29,TLKM,RG,4370,1,D,PD,CS,F
15:03:26,TLKM,RG,4370,1,D,YP,CS,F
15:03:24,TLKM,RG,4370,1,D,YP,CS,F
15:03:21,TLKM,RG,4370,1,D,YP,CS,F
15:03:21,TLKM,RG,4370,10,D,YP,CS,F
15:03:19,TLKM,RG,4370,1,D,YP,CS,F
15:03:18,TLKM,RG,4370,1,D,YP,CS,F
15:03:15,TLKM,RG,4370,1,D,YP,CS,F
15:03:13,TLKM,RG,4370,91,D,YP,CS,F
15:03:13,TLKM,RG,4370,1,D,YP,CS,F
15:03:11,TLKM,RG,4370,1,D,YP,CS,F
15:03:09,TLKM,RG,4370,1,D,YP,CS,F
15:03:07,TLKM,RG,4370,1,D,YP,CS,F
15:03:05,TLKM,RG,4370,1,D,YP,CS,F
15:03:05,TLKM,RG,4370,1,D,XC,CS,F
15:03:03,TLKM,RG,4370,1,D,YP,CS,F
15:03:01,TLKM,RG,4370,7,D,NI,CS,F
15:03:00,TLKM,RG,4370,1,D,YP,CS,F
15:02:58,TLKM,RG,4370,1,D,YP,CS,F
15:02:55,TLKM,RG,4370,1,D,YP,CS,F
15:02:53,TLKM,RG,4370,1,D,YP,CS,F
15:02:50,TLKM,RG,4370,1,D,YP,CS,F
15:02:47,TLKM,RG,4370,12,D,XC,CS,F
15:02:47,TLKM,RG,4370,1,D,YP,CS,F
15:02:46,TLKM,RG,4370,6,D,CC,CS,F
15:02:45,TLKM,RG,4370,1,D,YP,CS,F
15:02:44,TLKM,RG,4370,1,D,YP,CS,F
15:02:43,TLKM,RG,4370,1,D,NI,CS,F
15:02:42,TLKM,RG,4370,1,D,YP,CS,F
15:02:40,TLKM,RG,4370,1,D,YP,CS,F
15:02:39,TLKM,RG,4370,1,D,YP,CS,F
15:02:38,TLKM,RG,4370,20,D,YP,CS,F
15:02:36,TLKM,RG,4370,5,D,XC,CS,F
15:02:36,TLKM,RG,4370,1,D,YP,CS,F
15:02:35,TLKM,RG,4370,1,D,XC,CS,F
15:02:35,TLKM,RG,4370,1,D,YP,CS,F
15:02:33,TLKM,RG,4370,2,D,PD,CS,F
15:02:24,TLKM,RG,4370,1,D,XC,CS,F
15:02:12,TLKM,RG,4370,1,D,XL,CS,F
15:02:12,TLKM,RG,4370,1,D,XC,CS,F
15:02:11,TLKM,RG,4370,15,D,XA,CS,F
15:02:07,TLKM,RG,4370,10,D,PD,CS,F
15:01:56,TLKM,RG,4370,1,D,XC,CS,F
15:01:56,TLKM,RG,4370,1,D,CC,CS,F
15:01:51,TLKM,RG,4370,1,D,PD,CS,F
15:01:50,TLKM,RG,4370,10,D,XA,CS,F
15:01:47,TLKM,RG,4370,1,D,YP,CS,F
15:01:46,TLKM,RG,4370,10,D,XL,CS,F
15:01:41,TLKM,RG,4370,1,D,YP,CS,F
15:01:39,TLKM,RG,4370,1,D,YP,CS,F
15:01:37,TLKM,RG,4370,1,D,YP,CS,F
15:01:35,TLKM,RG,4370,15,D,TP,CS,F
15:01:34,TLKM,RG,4370,1,D,YP,CS,F
15:01:31,TLKM,RG,4370,1,D,YP,CS,F
15:01:29,TLKM,RG,4370,1,D,YP,CS,F
15:01:28,TLKM,RG,4370,1,D,YP,CS,F
15:01:25,TLKM,RG,4370,1,D,YP,CS,F
15:01:24,TLKM,RG,4370,1,D,YP,CS,F
15:01:23,TLKM,RG,4370,1,D,YP,CS,F
15:01:22,TLKM,RG,4370,1,D,YP,CS,F
15:01:22,TLKM,RG,4370,1,D,YP,CS,F
15:01:21,TLKM,RG,4370,1,D,YP,CS,F
15:01:20,TLKM,RG,4370,1,D,YP,CS,F
15:01:20,TLKM,RG,4370,1,D,YP,CS,F
15:01:20,TLKM,RG,4370,2,D,XC,CS,F
15:01:19,TLKM,RG,4370,1,D,YP,CS,F
15:01:18,TLKM,RG,4370,2,D,NI,CS,F
15:01:18,TLKM,RG,4370,1,D,YP,CS,F
15:01:16,TLKM,RG,4370,1,D,YP,CS,F
15:01:15,TLKM,RG,4370,1,D,YP,CS,F
15:01:14,TLKM,RG,4370,1,D,YP,CS,F
15:01:13,TLKM,RG,4370,1,D,YP,CS,F
15:01:12,TLKM,RG,4370,1,D,XC,CS,F
15:01:11,TLKM,RG,4370,1,D,YP,CS,F
15:01:08,TLKM,RG,4370,1,D,YP,CS,F
15:01:05,TLKM,RG,4370,1,D,YP,CS,F
15:01:02,TLKM,RG,4370,1,D,YP,CS,F
15:01:00,TLKM,RG,4370,5,D,SQ,CS,F
15:00:00,TLKM,RG,4370,2,D,XL,CS,F
15:00:00,TLKM,RG,4370,2,D,NI,CS,F
15:00:00,TLKM,RG,4370,100,D,ZP,CS,F
15:00:00,TLKM,RG,4370,1,D,KK,CS,F
15:00:00,TLKM,RG,4370,35,D,PD,CS,F
15:00:00,TLKM,RG,4370,10,D,YU,CS,F
15:00:00,TLKM,RG,4370,25,D,CC,CS,F
15:00:00,TLKM,RG,4370,4,D,XC,CS,F
15:00:00,TLKM,RG,4370,20,D,PD,CS,F
15:00:00,TLKM,RG,4370,5,D,OD,CS,F
15:00:00,TLKM,RG,4370,2,D,CC,CS,F
15:00:00,TLKM,RG,4370,2,D,LG,CS,F
15:00:00,TLKM,RG,4370,50,D,LG,CS,F
15:00:00,TLKM,RG,4370,2,D,KK,CS,F
15:00:00,TLKM,RG,4370,10,D,YP,CS,F
15:00:00,TLKM,RG,4370,6,D,PD,CS,F
15:00:00,TLKM,RG,4370,1000,D,CC,CS,F
15:00:00,TLKM,RG,4370,10,D,XL,CS,F
15:00:00,TLKM,RG,4370,2,D,PD,CS,F
15:00:00,TLKM,RG,4370,5,D,NI,CS,F
15:00:00,TLKM,RG,4370,8,D,XC,CS,F
15:00:00,TLKM,RG,4370,5,D,XC,CS,F
15:00:00,TLKM,RG,4370,1,D,XC,CS,F
15:00:00,TLKM,RG,4370,2,D,XC,CS,F
15:00:00,TLKM,RG,4370,7,D,PD,CS,F
15:00:00,TLKM,RG,4370,1,D,CC,CS,F
15:00:00,TLKM,RG,4370,7,D,XC,CS,F
15:00:00,TLKM,RG,4370,2,D,CC,CS,F
15:00:00,TLKM,RG,4370,10,D,NI,CS,F
15:00:00,TLKM,RG,4370,10,D,PD,CS,F
15:00:00,TLKM,RG,4370,4,D,YP,CS,F
15:00:00,TLKM,RG,4370,25,D,PD,CS,F
15:00:00,TLKM,RG,4370,1,D,PD,CS,F
15:00:00,TLKM,RG,4370,18,D,SQ,CS,F
15:00:00,TLKM,RG,4370,14,D,SQ,YU,D
15:00:00,TLKM,RG,4370,68,D,SQ,YJ,D
15:00:00,TLKM,RG,4370,1,D,XC,YJ,D
15:00:00,TLKM,RG,4370,1,D,YP,YJ,D
15:00:00,TLKM,RG,4370,1,D,XL,YJ,D
15:00:00,TLKM,RG,4370,1,D,NI,YJ,D
15:00:00,TLKM,RG,4370,2,D,XC,YJ,D
15:00:00,TLKM,RG,4370,5,D,EP,YJ,D
15:00:00,TLKM,RG,4370,3,D,YP,YJ,D
15:00:00,TLKM,RG,4370,10,D,NI,YJ,D
15:00:00,TLKM,RG,4370,2,D,CC,YJ,D
15:00:00,TLKM,RG,4370,136,D,YP,YJ,D
15:00:00,TLKM,RG,4370,214,D,YP,IT,D
15:00:00,TLKM,RG,4370,27,D,NI,IT,D
15:00:00,TLKM,RG,4370,1,D,PD,IT,D
15:00:00,TLKM,RG,4370,2,D,YP,IT,D
15:00:00,TLKM,RG,4370,1,D,PD,IT,D
15:00:00,TLKM,RG,4370,1,D,KK,IT,D
15:00:00,TLKM,RG,4370,4,D,NI,IT,D
15:00:00,TLKM,RG,4370,10,D,SQ,IT,D
15:00:00,TLKM,RG,4370,2,D,XC,IT,D
15:00:00,TLKM,RG,4370,1,D,KK,IT,D
15:00:00,TLKM,RG,4370,2,D,YP,IT,D
15:00:00,TLKM,RG,4370,4,D,XC,IT,D
15:00:00,TLKM,RG,4370,30,D,OD,IT,D
15:00:00,TLKM,RG,4370,1,D,NI,IT,D
15:00:00,TLKM,RG,4370,5,D,YP,IT,D
15:00:00,TLKM,RG,4370,195,D,NI,IT,D
15:00:00,TLKM,RG,4370,30,D,NI,YP,D
15:00:00,TLKM,RG,4370,100,D,OD,YP,D
15:00:00,TLKM,RG,4370,1,D,PD,YP,D
15:00:00,TLKM,RG,4370,3,D,AZ,YP,D
15:00:00,TLKM,RG,4370,5,D,NI,YP,D
15:00:00,TLKM,RG,4370,10,D,YP,YP,D
15:00:00,TLKM,RG,4370,5,D,AZ,YP,D
15:00:00,TLKM,RG,4370,2,D,XC,YP,D
15:00:00,TLKM,RG,4370,515,F,BK,YP,D
15:00:00,TLKM,RG,4370,90,F,BK,NI,D
15:00:00,TLKM,RG,4370,1000,F,BK,YU,D
15:00:00,TLKM,RG,4370,8,F,BK,KK,D
15:00:00,TLKM,RG,4370,7,F,BK,SQ,D
15:00:00,TLKM,RG,4370,4250,F,BK,AK,D
15:00:00,TLKM,RG,4370,3500,D,BK,AK,D
15:00:00,TLKM,RG,4370,424,F,ZP,AK,D
15:00:00,TLKM,RG,4370,282,F,ZP,AK,D
15:00:00,TLKM,RG,4370,1,F,ZP,AK,D
15:00:00,TLKM,RG,4370,1,F,ZP,AK,D
15:00:00,TLKM,RG,4370,3494,F,YU,AK,D
15:00:00,TLKM,RG,4370,1,F,YU,YP,D
15:00:00,TLKM,RG,4370,25,F,YU,TP,D
15:00:00,TLKM,RG,4370,42,F,YU,MG,D
15:00:00,TLKM,RG,4370,501,F,YU,MG,D
15:00:00,TLKM,RG,4370,499,F,YU,MG,D
15:00:00,TLKM,RG,4370,2000,F,YU,MG,D
15:00:00,TLKM,RG,4370,30,F,YU,YP,D
15:00:00,TLKM,RG,4370,61,F,YU,OD,D
15:00:00,TLKM,RG,4370,1000,F,YU,MG,D
15:00:00,TLKM,RG,4370,300,F,YU,IN,D
15:00:00,TLKM,RG,4370,36,F,YU,AH,D
15:00:00,TLKM,RG,4370,403,F,ZP,AH,D
15:00:00,TLKM,RG,4370,50,F,ZP,SQ,D
15:00:00,TLKM,RG,4370,20,F,ZP,GI,D
15:00:00,TLKM,RG,4370,1,F,ZP,ZP,F
15:00:00,TLKM,RG,4370,45,F,ZP,ZP,F
15:00:00,TLKM,RG,4370,1086,F,ZP,ZP,F
15:00:00,TLKM,RG,4370,181,F,ZP,PD,D
15:00:00,TLKM,RG,4370,6930,F,AK,PD,D
15:00:00,TLKM,RG,4370,270,F,AK,CS,F
15:00:00,TLKM,RG,4370,6150,F,BK,CS,F
15:00:00,TLKM,RG,4370,2148,F,AK,CS,F
15:00:00,TLKM,RG,4370,115,F,AK,CS,D
15:00:00,TLKM,RG,4370,2043,F,AK,CS,F
15:00:00,TLKM,RG,4370,71,F,AK,CS,D
15:00:00,TLKM,RG,4370,147,F,AK,YU,F
15:00:00,TLKM,RG,4370,101,F,AK,YU,F
15:00:00,TLKM,RG,4370,117,F,AK,YU,F
15:00:00,TLKM,RG,4370,24,F,AK,YU,F
15:00:00,TLKM,RG,4370,5566,F,AK,CS,D
15:00:00,TLKM,RG,4370,965,F,AK,CS,D
15:00:00,TLKM,RG,4370,3283,F,AK,CS,D
15:00:00,TLKM,RG,4370,953,F,AK,DX,D
15:00:00,TLKM,RG,4370,3214,F,AK,DX,D
15:00:00,TLKM,RG,4370,1774,F,AK,YP,D
15:00:00,TLKM,RG,4370,294,F,AK,YU,D
15:00:00,TLKM,RG,4370,1930,F,AK,CC,D
15:00:00,TLKM,RG,4370,74,F,AK,LG,D
15:00:00,TLKM,RG,4370,8,F,AK,AK,F
15:00:00,TLKM,RG,4370,225,F,AK,AK,D
15:00:00,TLKM,RG,4370,262,F,AK,AK,D
15:00:00,TLKM,RG,4370,366,F,AK,DR,D
15:00:00,TLKM,RG,4370,301,F,AK,ZP,F
15:00:00,TLKM,RG,4370,1227,F,AK,RX,F
15:00:00,TLKM,RG,4370,18,F,AK,ZP,F
15:00:00,TLKM,RG,4370,19,F,AK,AK,F
15:00:00,TLKM,RG,4370,4502,F,AK,PD,D
15:00:00,TLKM,RG,4370,273,F,ZP,PD,D
14:49:59,TLKM,RG,4380,8,F,ZP,GR,F
14:49:59,TLKM,RG,4360,4,D,PD,ZP,F
14:49:59,TLKM,RG,4380,4,F,ZP,GR,F
14:49:58,TLKM,RG,4360,3,D,PD,AK,D
14:49:57,TLKM,RG,4360,2,D,PD,ZP,F
14:49:57,TLKM,RG,4360,131,D,PD,AK,D
14:49:57,TLKM,RG,4380,4,F,ZP,GR,F
14:49:57,TLKM,RG,4380,1,F,ZP,GR,F
14:49:56,TLKM,RG,4380,141,F,BK,GR,F
14:49:56,TLKM,RG,4380,5,F,BK,DR,D
14:49:56,TLKM,RG,4380,5,F,BK,YP,D
14:49:56,TLKM,RG,4380,25,F,BK,AI,D
14:49:56,TLKM,RG,4380,20,F,BK,TP,D
14:49:56,TLKM,RG,4380,53,F,BK,KK,D
14:49:56,TLKM,RG,4380,4,F,BK,AT,D
14:49:56,TLKM,RG,4380,2,F,BK,YP,D
14:49:56,TLKM,RG,4380,1,F,BK,CD,D
14:49:56,TLKM,RG,4380,2,F,BK,XC,D
14:49:56,TLKM,RG,4380,1,F,BK,XC,D
14:49:56,TLKM,RG,4380,1,F,BK,YP,D
14:49:56,TLKM,RG,4380,36,F,BK,KK,D
14:49:56,TLKM,RG,4380,1,F,BK,XC,D
14:49:56,TLKM,RG,4380,7,F,BK,XC,D
14:49:56,TLKM,RG,4380,1,F,BK,NI,D
14:49:55,TLKM,RG,4360,1,D,PD,AK,D
14:49:54,TLKM,RG,4360,4,D,PD,AK,D
14:49:54,TLKM,RG,4360,2,D,PD,ZP,F
14:49:53,TLKM,RG,4360,2,D,PD,AK,D
14:49:53,TLKM,RG,4380,6,F,ZP,NI,D
14:49:53,TLKM,RG,4380,4,F,ZP,KK,D
14:49:52,TLKM,RG,4360,9,D,PD,AK,D
14:49:52,TLKM,RG,4380,6,F,ZP,KK,D
14:49:51,TLKM,RG,4360,3,D,PD,PD,D
14:49:51,TLKM,RG,4370,2,F,ZP,PD,D
14:49:51,TLKM,RG,4370,16,F,BK,ZP,F
14:49:49,TLKM,RG,4360,62,D,PD,AK,D
14:49:48,TLKM,RG,4360,211,D,PD,CC,D
14:49:47,TLKM,RG,4370,10,F,ZP,AK,D
14:49:47,TLKM,RG,4370,20,F,ZP,AK,D
14:49:46,TLKM,RG,4360,2,D,PD,ZP,F
14:49:46,TLKM,RG,4360,1,D,PD,AK,D
14:49:45,TLKM,RG,4360,27,D,PD,AK,D
14:49:45,TLKM,RG,4360,2,D,PD,IF,D
14:49:44,TLKM,RG,4370,51,F,AK,BK,F
14:49:44,TLKM,RG,4370,3,F,ZP,BK,F
14:49:44,TLKM,RG,4360,3,D,PD,ZP,F
14:49:44,TLKM,RG,4370,7,F,ZP,BK,F
14:49:44,TLKM,RG,4360,1,D,PD,PD,D
14:49:43,TLKM,RG,4360,16,D,PD,AK,D
14:49:42,TLKM,RG,4360,8,D,PD,AK,D
14:49:42,TLKM,RG,4370,7,F,AK,BK,F
14:49:42,TLKM,RG,4370,20,F,AK,ZP,F
14:49:42,TLKM,RG,4370,9,F,AK,CC,D
14:49:40,TLKM,RG,4360,20,D,PD,CC,D
14:49:40,TLKM,RG,4360,22,D,PD,AK,D
14:49:39,TLKM,RG,4370,13,F,BK,CC,D
14:49:39,TLKM,RG,4370,1,F,BK,YP,D
14:49:39,TLKM,RG,4370,1,F,BK,PD,D
14:49:39,TLKM,RG,4370,31,F,BK,KK,D
14:49:39,TLKM,RG,4360,4,D,PD,ZP,F
14:49:34,TLKM,RG,4360,43,D,PD,AK,D
14:49:33,TLKM,RG,4370,60,F,BK,KK,D
14:49:33,TLKM,RG,4370,41,F,AK,KK,D
14:49:31,TLKM,RG,4360,169,D,PD,AK,D
14:49:30,TLKM,RG,4360,1,D,PD,AK,D
14:49:30,TLKM,RG,4360,347,D,PD,YP,D
14:49:30,TLKM,RG,4370,46,F,BK,KK,D
14:49:29,TLKM,RG,4360,3,D,PD,ZP,F
14:49:28,TLKM,RG,4360,207,D,PD,AK,D
14:49:27,TLKM,RG,4370,322,F,BK,KK,D
14:49:27,TLKM,RG,4370,20,F,BK,TP,D
14:49:27,TLKM,RG,4370,20,F,BK,YP,D
14:49:27,TLKM,RG,4370,10,F,BK,YP,D
14:49:27,TLKM,RG,4370,1,F,BK,XC,D
14:49:27,TLKM,RG,4370,1,F,BK,XC,D
14:49:27,TLKM,RG,4370,20,F,BK,PD,D
14:49:27,TLKM,RG,4370,1,F,BK,PD,D
14:49:27,TLKM,RG,4370,2,F,BK,PD,D
14:49:27,TLKM,RG,4370,1,F,BK,YP,D
14:49:27,TLKM,RG,4370,25,F,BK,NI,D
14:49:27,TLKM,RG,4370,1,F,BK,PD,D
14:49:27,TLKM,RG,4370,9,F,BK,XC,D
14:49:27,TLKM,RG,4370,1,F,BK,XC,D
14:49:27,TLKM,RG,4370,1,F,BK,CC,D
14:49:27,TLKM,RG,4360,48,D,PD,YU,F
14:49:26,TLKM,RG,4360,38,D,PD,AK,D
14:49:26,TLKM,RG,4360,87,D,PD,AG,D
14:49:26,TLKM,RG,4360,52,D,PD,AK,D
14:49:26,TLKM,RG,4360,3,D,PD,RX,D
14:49:26,TLKM,RG,4360,1,D,PD,RX,D
14:49:26,TLKM,RG,4360,1,D,PD,RX,D
14:49:26,TLKM,RG,4360,19,D,PD,RX,D
14:49:26,TLKM,RG,4360,8,D,PD,RX,D
14:49:26,TLKM,RG,4360,6,D,PD,RX,D
14:49:26,TLKM,RG,4360,34,D,PD,RX,D
14:49:26,TLKM,RG,4360,84,D,PD,RX,D
14:49:26,TLKM,RG,4360,8,D,PD,RX,D
14:49:26,TLKM,RG,4360,12,D,PD,RX,D
14:49:26,TLKM,RG,4360,3,D,PD,RX,D
14:49:26,TLKM,RG,4360,21,D,PD,RX,D
14:49:26,TLKM,RG,4360,1,D,PD,AK,F
14:49:26,TLKM,RG,4360,94,D,PD,RX,F
14:49:26,TLKM,RG,4360,30,D,PD,SQ,D
14:49:26,TLKM,RG,4360,1,D,PD,XC,D
14:49:26,TLKM,RG,4360,20,D,PD,YP,D
14:49:26,TLKM,RG,4360,21,D,PD,EP,D
14:49:26,TLKM,RG,4360,10,D,PD,TP,D
14:49:26,TLKM,RG,4360,50,D,PD,ZP,F
14:49:26,TLKM,RG,4360,5,D,PD,PD,D
14:49:26,TLKM,RG,4360,1083,D,PD,AK,D
14:49:26,TLKM,RG,4360,1331,D,PD,CS,D
14:49:24,TLKM,RG,4350,42,D,MG,RX,D
14:49:24,TLKM,RG,4350,2,D,PD,RX,D
14:49:23,TLKM,RG,4350,1,D,PD,GR,D
14:49:23,TLKM,RG,4350,4,D,PD,DH,D
14:49:23,TLKM,RG,4350,1,D,PD,DH,D
14:49:23,TLKM,RG,4350,1,D,XC,DH,D
14:49:23,TLKM,RG,4350,64,D,YP,DH,D
14:49:23,TLKM,RG,4360,54,F,AK,CS,D
14:49:23,TLKM,RG,4360,146,F,BK,CS,D
14:49:21,TLKM,RG,4350,50,D,YP,SQ,D
14:49:21,TLKM,RG,4350,4,D,OD,SQ,D
14:49:21,TLKM,RG,4350,200,D,NI,SQ,D
14:49:21,TLKM,RG,4350,1,D,XC,SQ,D
14:49:21,TLKM,RG,4350,57,D,YP,SQ,D
14:49:21,TLKM,RG,4350,1,D,XL,SQ,D
14:49:21,TLKM,RG,4350,50,D,KK,SQ,D
14:49:21,TLKM,RG,4350,10,D,PD,SQ,D
14:49:21,TLKM,RG,4350,5,D,PD,SQ,D
14:49:21,TLKM,RG,4350,5,D,SQ,SQ,D
14:49:21,TLKM,RG,4350,1,D,XC,SQ,D
14:49:21,TLKM,RG,4350,18,F,ZP,SQ,D
14:49:21,TLKM,RG,4350,71,F,ZP,SQ,D
14:49:21,TLKM,RG,4350,250,D,YU,SQ,D
14:49:21,TLKM,RG,4350,120,D,EP,SQ,D
14:49:21,TLKM,RG,4350,1,D,PD,SQ,D
14:49:21,TLKM,RG,4350,156,D,YP,SQ,D
14:49:20,TLKM,RG,4350,44,D,YP,YU,F
14:49:20,TLKM,RG,4350,5,D,CC,YU,F
14:49:20,TLKM,RG,4350,3,D,XC,YU,F
14:49:17,TLKM,RG,4350,7,D,XC,OD,D
14:49:17,TLKM,RG,4350,1,D,XC,OD,D
14:49:17,TLKM,RG,4350,2,D,PD,OD,D
14:49:17,TLKM,RG,4360,47,F,BK,CS,D
14:49:17,TLKM,RG,4360,9,D,YP,CS,D
14:49:14,TLKM,RG,4350,18,D,SQ,DR,D
14:49:14,TLKM,RG,4350,1,D,XC,DR,D
14:49:14,TLKM,RG,4350,1,D,NI,DR,D
14:49:14,TLKM,RG,4350,130,D,KK,DR,D
14:49:14,TLKM,RG,4360,6,F,ZP,CS,D
14:49:14,TLKM,RG,4350,4,D,KK,ZP,F
14:49:14,TLKM,RG,4350,123,D,KK,SQ,D
14:49:14,TLKM,RG,4360,57,D,YP,CS,D
14:49:13,TLKM,RG,4360,1,D,LG,CS,D
14:49:13,TLKM,RG,4360,312,F,BK,CS,D
14:49:13,TLKM,RG,4360,23,F,BK,CS,D
14:49:13,TLKM,RG,4360,14,F,BK,CS,D
14:49:13,TLKM,RG,4360,26,F,BK,ZP,F
14:49:13,TLKM,RG,4360,14,F,BK,ZP,F
14:49:12,TLKM,RG,4350,41,D,KK,YU,F
14:49:12,TLKM,RG,4350,202,D,KK,SQ,D
14:49:12,TLKM,RG,4350,22,D,YP,SQ,D
14:49:12,TLKM,RG,4350,1,D,PD,SQ,D
14:49:12,TLKM,RG,4350,3,D,XC,SQ,D
14:49:12,TLKM,RG,4350,25,D,EP,SQ,D
14:49:12,TLKM,RG,4350,10,D,XC,SQ,D
14:49:12,TLKM,RG,4350,2,D,KK,SQ,D
14:49:12,TLKM,RG,4350,5,D,PD,SQ,D
14:49:12,TLKM,RG,4350,3,D,NI,SQ,D
14:49:12,TLKM,RG,4350,300,D,IN,SQ,D
14:49:12,TLKM,RG,4350,50,D,EP,SQ,D
14:49:12,TLKM,RG,4350,10,D,XC,SQ,D
14:49:12,TLKM,RG,4350,20,D,XC,SQ,D
14:49:12,TLKM,RG,4350,1,D,PD,SQ,D
14:49:12,TLKM,RG,4350,10,D,XC,SQ,D
14:49:12,TLKM,RG,4350,5,D,NI,SQ,D
14:49:12,TLKM,RG,4350,10,D,YP,SQ,D
14:49:12,TLKM,RG,4350,100,D,CP,SQ,D
14:49:12,TLKM,RG,4350,7,D,XC,SQ,D
14:49:12,TLKM,RG,4350,1,D,YP,SQ,D
14:49:12,TLKM,RG,4350,102,D,NI,SQ,D
14:49:12,TLKM,RG,4350,1,D,YP,SQ,D
14:49:12,TLKM,RG,4350,400,D,CC,SQ,D
14:49:12,TLKM,RG,4350,8,D,XC,SQ,D
14:49:12,TLKM,RG,4350,1,D,YP,SQ,D
14:49:12,TLKM,RG,4350,1201,D,AT,SQ,D
14:49:12,TLKM,RG,4350,17,D,AT,YU,F
14:49:10,TLKM,RG,4350,55,D,AT,RX,D
14:49:10,TLKM,RG,4360,6,F,ZP,ZP,F
14:49:09,TLKM,RG,4360,45,F,AK,ZP,F
14:49:09,TLKM,RG,4360,15,F,ZP,ZP,F
14:49:09,TLKM,RG,4360,32,F,ZP,AK,D
14:49:08,TLKM,RG,4350,500,D,AT,SQ,D
14:49:08,TLKM,RG,4350,10,D,AT,PD,D
14:49:06,TLKM,RG,4350,3,D,AT,RX,D
14:49:06,TLKM,RG,4360,51,F,BK,AK,D
14:49:04,TLKM,RG,4360,60,F,BK,AK,D
14:49:00,TLKM,RG,4350,714,D,AT,SQ,D
14:49:00,TLKM,RG,4350,1,D,YP,SQ,D
14:49:00,TLKM,RG,4350,1,D,XC,SQ,D
14:49:00,TLKM,RG,4350,1,D,YP,SQ,D
14:49:00,TLKM,RG,4350,283,D,MG,SQ,D
14:49:00,TLKM,RG,4350,7,D,MG,AK,D
14:49:00,TLKM,RG,4350,6,D,MG,AK,D
14:49:00,TLKM,RG,4360,14,F,AK,AK,D
14:49:00,TLKM,RG,4360,8,F,AK,AK,D
14:49:00,TLKM,RG,4350,29,D,MG,AK,D
14:49:00,TLKM,RG,4360,1,F,AK,AK,D
14:48:59,TLKM,RG,4350,5,D,MG,AK,F
14:48:59,TLKM,RG,4350,3,D,MG,AK,F
14:48:59,TLKM,RG,4350,2,D,MG,AK,F
14:48:59,TLKM,RG,4350,13,D,MG,AK,F
14:48:59,TLKM,RG,4350,8,D,MG,AK,F
14:48:59,TLKM,RG,4350,5,D,MG,AK,F
14:48:59,TLKM,RG,4350,123,D,MG,AK,F
14:48:59,TLKM,RG,4350,76,D,MG,AK,F
14:48:59,TLKM,RG,4350,54,D,MG,AK,F
14:48:59,TLKM,RG,4350,15,D,MG,AK,F
14:48:59,TLKM,RG,4350,8,D,MG,AK,F
14:48:59,TLKM,RG,4350,6,D,MG,AK,F
14:48:59,TLKM,RG,4350,3,D,MG,ZP,F
14:48:59,TLKM,RG,4350,1,D,MG,AK,F
14:48:59,TLKM,RG,4350,7,D,MG,AK,F
14:48:59,TLKM,RG,4350,65,D,MG,AK,F
14:48:59,TLKM,RG,4350,7,D,MG,AK,F
14:48:56,TLKM,RG,4360,1,D,XC,AK,D
14:48:56,TLKM,RG,4360,20,D,GI,AK,D
14:48:55,TLKM,RG,4350,2,D,MG,AK,F
14:48:54,TLKM,RG,4360,200,D,YP,AK,D
14:48:54,TLKM,RG,4360,80,F,ZP,AK,D
14:48:53,TLKM,RG,4350,272,D,MG,CS,D
14:48:53,TLKM,RG,4350,1,D,YP,CS,D
14:48:53,TLKM,RG,4350,10,D,NI,CS,D
14:48:53,TLKM,RG,4350,10,F,ZP,CS,D
14:48:53,TLKM,RG,4350,41,F,AK,CS,D
14:48:53,TLKM,RG,4350,645,D,MG,CS,D
14:48:53,TLKM,RG,4350,13,D,MG,CS,D
14:48:53,TLKM,RG,4350,8,D,MG,CS,D
14:48:52,TLKM,RG,4360,7,D,XC,AK,D
14:48:51,TLKM,RG,4350,15,D,MG,ZP,D
14:48:49,TLKM,RG,4360,3,F,AK,AK,D
14:48:49,TLKM,RG,4360,1,F,AK,AK,D
14:48:48,TLKM,RG,4360,6,D,XC,AK,D
14:48:48,TLKM,RG,4360,2,F,ZP,AK,D
14:48:48,TLKM,RG,4350,37,D,MG,RX,D
14:48:48,TLKM,RG,4360,68,F,AK,AK,D
14:48:48,TLKM,RG,4360,3,D,XC,AK,D
14:48:42,TLKM,RG,4350,6,D,MG,ZP,D
14:48:41,TLKM,RG,4350,11,D,MG,ZP,D
14:48:39,TLKM,RG,4360,5,F,AK,AK,D
14:48:39,TLKM,RG,4360,2,F,AK,AK,D
14:48:38,TLKM,RG,4350,3,D,MG,PD,D
14:48:32,TLKM,RG,4360,2,D,XC,AK,D
14:48:32,TLKM,RG,4360,2,F,ZP,AK,D
14:48:31,TLKM,RG,4360,49,F,AK,AK,D
14:48:30,TLKM,RG,4350,1,D,MG,CC,D
14:48:20,TLKM,RG,4360,2,F,ZP,AK,D
14:48:19,TLKM,RG,4360,4,D,XC,AK,D
14:48:19,TLKM,RG,4360,43,F,AK,AK,D
14:48:19,TLKM,RG,4360,7,F,AK,AK,D
14:48:18,TLKM,RG,4350,81,D,MG,ZP,F
14:48:11,TLKM,RG,4360,1,D,DX,AK,D
14:48:10,TLKM,RG,4360,2,F,ZP,AK,D
14:48:07,TLKM,RG,4360,45,F,AK,AK,D
14:48:00,TLKM,RG,4350,10,D,MG,PD,D
14:47:59,TLKM,RG,4360,5,D,XL,AK,D
14:47:57,TLKM,RG,4360,10,F,ZP,AK,D
14:47:56,TLKM,RG,4360,59,F,AK,AK,D
14:47:51,TLKM,RG,4360,4,D,NI,AK,D
14:47:45,TLKM,RG,4350,1,D,MG,ZP,D
14:47:43,TLKM,RG,4360,2,D,PD,AK,D
14:47:41,TLKM,RG,4360,50,F,AK,AK,D
14:47:33,TLKM,RG,4350,10,D,MG,ZP,D
14:47:30,TLKM,RG,4360,5,D,NI,AK,D
14:47:29,TLKM,RG,4360,161,F,AK,AK,D
14:47:27,TLKM,RG,4350,15,D,MG,KK,D
14:47:25,TLKM,RG,4350,10,D,MG,DH,D
14:47:22,TLKM,RG,4350,95,D,MG,XC,D
14:47:09,TLKM,RG,4350,9,D,MG,ZP,D
14:47:03,TLKM,RG,4360,10,D,NI,AK,D
14:47:03,TLKM,RG,4360,2,F,ZP,AK,D
14:47:01,TLKM,RG,4350,10,D,MG,DR,D
14:47:01,TLKM,RG,4350,1,D,MG,PD,D
14:46:58,TLKM,RG,4360,1,D,YP,AK,D
14:46:57,TLKM,RG,4360,150,D,YP,AK,D
14:46:49,TLKM,RG,4360,41,F,AK,AK,D
14:46:47,TLKM,RG,4360,76,F,BK,AK,D
14:46:47,TLKM,RG,4360,8,F,BK,AK,D
14:46:45,TLKM,RG,4360,141,F,BK,AK,D
14:46:42,TLKM,RG,4360,602,F,BK,AK,D
14:46:42,TLKM,RG,4360,200,F,BK,SQ,D
14:46:40,TLKM,RG,4350,2,D,MG,AK,F
14:46:40,TLKM,RG,4350,17,D,MG,AK,D
14:46:40,TLKM,RG,4350,2,D,PD,AK,D
14:46:40,TLKM,RG,4350,1,F,BK,AK,F
14:46:39,TLKM,RG,4350,5,F,BK,CC,D
14:46:39,TLKM,RG,4350,800,F,BK,SQ,D
14:46:39,TLKM,RG,4350,6,F,BK,ZP,D
14:46:39,TLKM,RG,4350,29,F,BK,PD,D
14:46:39,TLKM,RG,4350,40,F,BK,RX,D
14:46:39,TLKM,RG,4350,238,F,BK,RX,D
14:46:39,TLKM,RG,4350,20,F,BK,RX,D
14:46:39,TLKM,RG,4350,29,F,BK,RX,D
14:46:39,TLKM,RG,4350,199,F,BK,AK,F
14:46:39,TLKM,RG,4350,13,F,BK,RX,D
14:46:39,TLKM,RG,4350,88,F,BK,RX,D
14:46:39,TLKM,RG,4350,1,F,BK,AK,F
14:46:39,TLKM,RG,4350,202,F,BK,RX,F
14:46:39,TLKM,RG,4350,22,F,BK,RX,D
14:46:39,TLKM,RG,4350,805,F,BK,CC,D
14:46:39,TLKM,RG,4350,2,F,BK,RX,D
14:46:39,TLKM,RG,4350,3,F,BK,RX,D
14:46:39,TLKM,RG,4350,14,F,BK,RX,D
14:46:39,TLKM,RG,4350,11,F,BK,AK,D
14:46:39,TLKM,RG,4350,14,F,BK,AK,F
14:46:39,TLKM,RG,4350,42,F,BK,AK,F
14:46:39,TLKM,RG,4350,1,F,BK,AK,F
14:46:39,TLKM,RG,4350,1,F,BK,AK,F
14:46:39,TLKM,RG,4350,62,F,BK,AK,F
14:46:39,TLKM,RG,4350,66,F,BK,AK,F
14:46:39,TLKM,RG,4350,1717,F,BK,AK,F
14:46:39,TLKM,RG,4350,198,F,AK,AK,F
14:46:39,TLKM,RG,4350,20,F,AK,AK,D
14:46:39,TLKM,RG,4350,53,F,AK,SQ,D
14:46:39,TLKM,RG,4350,5,F,AK,PD,D
14:46:39,TLKM,RG,4350,27,F,AK,ZP,D
14:46:39,TLKM,RG,4350,2,D,PD,ZP,D
14:46:39,TLKM,RG,4340,9,D,EP,RX,D
14:46:38,TLKM,RG,4350,3,D,XC,ZP,D
14:46:37,TLKM,RG,4350,65,F,BK,BK,F
14:46:35,TLKM,RG,4340,37,D,EP,RX,F
14:46:34,TLKM,RG,4350,1,D,PD,BK,F
14:46:33,TLKM,RG,4340,1,D,EP,RX,D
14:46:32,TLKM,RG,4350,84,F,BK,BK,F
14:46:31,TLKM,RG,4340,133,D,EP,AK,F
14:46:30,TLKM,RG,4340,248,D,EP,AK,F
14:46:30,TLKM,RG,4340,5,D,YP,AK,F
14:46:30,TLKM,RG,4340,6,D,PD,AK,F
14:46:30,TLKM,RG,4340,1,D,XL,AK,F
14:46:30,TLKM,RG,4340,2,D,PD,AK,F
14:46:30,TLKM,RG,4340,2,D,XC,AK,F
14:46:30,TLKM,RG,4340,1,D,YP,AK,F
14:46:30,TLKM,RG,4340,1,D,XL,AK,F
14:46:30,TLKM,RG,4340,100,D,NI,AK,F
14:46:30,TLKM,RG,4340,10,D,AT,AK,F
14:46:30,TLKM,RG,4340,1,D,PD,AK,F
14:46:30,TLKM,RG,4340,1,D,YU,AK,F
14:46:30,TLKM,RG,4340,1,D,PD,AK,F
14:46:30,TLKM,RG,4340,100,D,YP,AK,F
14:46:30,TLKM,RG,4340,1,D,PD,AK,F
14:46:30,TLKM,RG,4340,20,D,YP,AK,F
14:46:30,TLKM,RG,4340,1,D,XL,AK,F
14:46:30,TLKM,RG,4340,1,D,YP,AK,F
14:46:30,TLKM,RG,4340,20,D,CC,AK,F
14:46:30,TLKM,RG,4340,5,D,XL,AK,F
14:46:30,TLKM,RG,4340,8,D,LG,AK,F
14:46:30,TLKM,RG,4340,6,D,LG,RX,D
14:46:30,TLKM,RG,4340,4,D,LG,RX,D
14:46:26,TLKM,RG,4350,6,F,ZP,BK,F
14:46:23,TLKM,RG,4350,8,D,YP,BK,F
14:46:22,TLKM,RG,4340,1,D,LG,KK,D
14:46:20,TLKM,RG,4350,1,D,XC,BK,F
14:46:20,TLKM,RG,4350,2,D,XC,BK,F
14:46:17,TLKM,RG,4350,10,D,NI,BK,F
14:46:16,TLKM,RG,4350,3,F,ZP,BK,F
14:46:16,TLKM,RG,4340,49,D,LG,AK,F
14:46:16,TLKM,RG,4340,12,D,LG,AK,F
14:46:16,TLKM,RG,4340,13,D,YP,AK,F
14:46:15,TLKM,RG,4350,1,D,XC,BK,F
14:46:14,TLKM,RG,4350,1,D,CC,BK,F
14:46:13,TLKM,RG,4350,1,D,XC,BK,F
14:46:13,TLKM,RG,4340,50,D,YP,RX,D
14:46:10,TLKM,RG,4340,1,D,YP,RX,D
14:46:05,TLKM,RG,4350,1,D,IF,BK,F
14:46:04,TLKM,RG,4350,1,D,XC,BK,F
14:46:01,TLKM,RG,4340,8,D,YP,AK,F
14:46:00,TLKM,RG,4340,2,D,YP,AK,F
14:46:00,TLKM,RG,4340,26,D,YP,AK,F
14:46:00,TLKM,RG,4340,2,D,XC,AK,F
14:46:00,TLKM,RG,4340,2,D,AT,AK,F
14:46:00,TLKM,RG,4340,1,D,CC,AK,F
14:46:00,TLKM,RG,4340,1,D,CC,AK,F
14:46:00,TLKM,RG,4340,10,D,YP,AK,F
14:46:00,TLKM,RG,4340,1,D,XL,AK,F
14:46:00,TLKM,RG,4340,5,D,GR,AK,F
14:46:00,TLKM,RG,4340,7,D,PD,AK,F
14:46:00,TLKM,RG,4340,3,D,CC,AK,F
14:46:00,TLKM,RG,4340,1,D,OD,AK,F
14:46:00,TLKM,RG,4340,2,D,XL,AK,F
14:46:00,TLKM,RG,4340,1,D,XC,AK,F
14:46:00,TLKM,RG,4340,1,D,XC,AK,F
14:46:00,TLKM,RG,4340,1,D,PD,AK,F
14:46:00,TLKM,RG,4340,3,D,CC,AK,F
14:46:00,TLKM,RG,4340,1,D,XC,AK,F
14:46:00,TLKM,RG,4340,5,D,GR,AK,F
14:46:00,TLKM,RG,4340,10,D,CC,AK,F
14:46:00,TLKM,RG,4340,1,D,DH,AK,F
14:46:00,TLKM,RG,4340,44,D,PD,AK,F
14:46:00,TLKM,RG,4340,1,D,YP,AK,F
14:46:00,TLKM,RG,4340,5,D,XC,AK,F
14:46:00,TLKM,RG,4340,7,D,NI,AK,F
14:46:00,TLKM,RG,4340,11,D,NI,AK,F
14:46:00,TLKM,RG,4340,1,D,PD,AK,F
14:46:00,TLKM,RG,4340,5,D,CC,AK,F
14:46:00,TLKM,RG,4340,3,D,PD,AK,F
14:46:00,TLKM,RG,4340,1,D,XC,AK,F
14:46:00,TLKM,RG,4340,1,D,XC,AK,F
14:46:00,TLKM,RG,4340,1,D,CC,AK,F
14:46:00,TLKM,RG,4340,2,D,KK,AK,F
14:46:00,TLKM,RG,4340,15,D,XC,AK,F
14:46:00,TLKM,RG,4340,13,D,YP,AK,F
14:46:00,TLKM,RG,4340,37,D,YP,AK,F
14:46:00,TLKM,RG,4340,3,D,YP,AK,F
14:46:00,TLKM,RG,4340,20,D,CC,AK,F
14:46:00,TLKM,RG,4340,1,D,XC,AK,F
14:46:00,TLKM,RG,4340,500,D,IT,AK,F
14:46:00,TLKM,RG,4340,5,D,YP,AK,F
14:46:00,TLKM,RG,4340,20,D,YP,AK,F
14:46:00,TLKM,RG,4340,34,D,PD,AK,F
14:46:00,TLKM,RG,4340,36,D,PD,CC,D
14:46:00,TLKM,RG,4340,10,D,PD,CC,D
14:46:00,TLKM,RG,4340,5,D,YP,CC,D
14:46:00,TLKM,RG,4340,5,D,PD,CC,D
14:46:00,TLKM,RG,4340,1,D,XC,CC,D
14:46:00,TLKM,RG,4340,3,D,KK,CC,D
14:46:00,TLKM,RG,4340,1,D,PD,CC,D
14:46:00,TLKM,RG,4340,1,D,CC,CC,D
14:46:00,TLKM,RG,4340,25,D,YU,CC,D
14:46:00,TLKM,RG,4340,5,D,OD,CC,D
14:46:00,TLKM,RG,4340,1,D,XC,CC,D
14:46:00,TLKM,RG,4340,9,D,CC,CC,D
14:46:00,TLKM,RG,4340,10,D,CC,CC,D
14:46:00,TLKM,RG,4340,1,D,XC,CC,D
14:46:00,TLKM,RG,4340,1,D,PD,CC,D
14:46:00,TLKM,RG,4340,1,D,SQ,CC,D
14:46:00,TLKM,RG,4340,100,D,YP,CC,D
14:46:00,TLKM,RG,4340,1,D,CC,CC,D
14:46:00,TLKM,RG,4340,2,D,XC,CC,D
14:46:00,TLKM,RG,4340,5,D,XC,CC,D
14:46:00,TLKM,RG,4340,3,D,PD,CC,D
14:46:00,TLKM,RG,4340,5,D,NI,CC,D
14:46:00,TLKM,RG,4340,2,D,PD,CC,D
14:46:00,TLKM,RG,4340,10,D,CC,CC,D
14:46:00,TLKM,RG,4340,3,D,CC,CC,D
14:46:00,TLKM,RG,4340,1,D,PD,CC,D
14:46:00,TLKM,RG,4340,10,D,PD,CC,D
14:46:00,TLKM,RG,4340,1,D,PD,CC,D
14:46:00,TLKM,RG,4340,4,D,CC,CC,D
14:46:00,TLKM,RG,4340,5,D,YP,CC,D
14:46:00,TLKM,RG,4340,5,D,DH,CC,D
14:46:00,TLKM,RG,4340,25,D,PD,CC,D
14:46:00,TLKM,RG,4340,66,D,PD,CC,D
14:46:00,TLKM,RG,4340,10,D,AZ,CC,D
14:46:00,TLKM,RG,4340,3,D,XC,CC,D
14:46:00,TLKM,RG,4340,2,D,LS,CC,D
14:46:00,TLKM,RG,4340,1,D,XC,CC,D
14:46:00,TLKM,RG,4340,1,D,PD,CC,D
14:46:00,TLKM,RG,4340,10,D,XC,CC,D
14:46:00,TLKM,RG,4340,1,D,XC,CC,D
14:46:00,TLKM,RG,4340,1,D,KK,CC,D
14:46:00,TLKM,RG,4340,1,D,PD,CC,D
14:46:00,TLKM,RG,4340,1,D,PD,CC,D
14:46:00,TLKM,RG,4340,10,D,ZP,CC,D
14:45:58,TLKM,RG,4350,5,D,KK,BK,F
14:45:58,TLKM,RG,4340,1,D,XC,XC,D
14:45:57,TLKM,RG,4340,2,D,YP,RX,D
14:45:57,TLKM,RG,4340,1,D,XC,RX,D
14:45:54,TLKM,RG,4340,38,D,XC,RX,F
14:45:54,TLKM,RG,4340,12,D,XC,RX,D
14:45:54,TLKM,RG,4340,18,D,CC,RX,D
14:45:54,TLKM,RG,4340,4,D,CC,RX,D
14:45:53,TLKM,RG,4350,20,D,SQ,BK,F
14:45:52,TLKM,RG,4350,1,D,XC,BK,F
14:45:50,TLKM,RG,4340,9,D,CC,RX,D
14:45:47,TLKM,RG,4350,1,D,NI,BK,F
14:45:46,TLKM,RG,4350,1,D,XC,BK,F
14:45:44,TLKM,RG,4350,7,D,XC,BK,F
14:45:44,TLKM,RG,4340,6,D,CC,RX,D
14:45:44,TLKM,RG,4340,6,D,CC,RX,D
14:45:43,TLKM,RG,4350,1,D,XC,BK,F
14:45:43,TLKM,RG,4340,20,D,CC,AK,F
14:45:42,TLKM,RG,4350,314,D,CC,BK,F
14:45:42,TLKM,RG,4350,150,D,CC,SQ,D
14:45:42,TLKM,RG,4350,45,D,CC,ZP,F
14:45:42,TLKM,RG,4350,12,D,CC,XC,D
14:45:42,TLKM,RG,4350,9,D,CC,CC,D
14:45:42,TLKM,RG,4350,22,D,CC,CC,D
14:45:42,TLKM,RG,4350,71,D,CC,CC,D
14:45:42,TLKM,RG,4350,2,D,CC,XC,D
14:45:42,TLKM,RG,4350,125,D,CC,OD,D
14:45:41,TLKM,RG,4350,67,D,XC,OD,D
14:45:38,TLKM,RG,4350,8,D,PD,OD,D
14:45:35,TLKM,RG,4350,1,D,XC,OD,D
14:45:34,TLKM,RG,4350,2,D,XC,OD,D
14:45:34,TLKM,RG,4350,5,D,XC,OD,D
14:45:33,TLKM,RG,4340,51,D,CC,RX,D
14:45:30,TLKM,RG,4340,33,D,CC,AK,F
14:45:30,TLKM,RG,4340,14,D,YP,AK,F
14:45:30,TLKM,RG,4350,6,D,YP,OD,D
14:45:30,TLKM,RG,4340,16,D,YP,ZP,F
14:45:30,TLKM,RG,4340,1,D,YP,ZP,F
14:45:30,TLKM,RG,4340,12,D,YP,ZP,F
14:45:30,TLKM,RG,4340,8,D,YP,AK,F
14:45:30,TLKM,RG,4340,1,D,YP,AK,F
14:45:30,TLKM,RG,4340,5,D,YP,AK,F
14:45:30,TLKM,RG,4340,4,D,YP,AK,F
14:45:30,TLKM,RG,4340,14,D,PD,AK,F
14:45:28,TLKM,RG,4340,10,D,PD,YP,D
14:45:27,TLKM,RG,4340,3,D,PD,RX,D
14:45:27,TLKM,RG,4340,66,D,PD,RX,F
14:45:27,TLKM,RG,4350,20,D,EP,OD,D
14:45:26,TLKM,RG,4350,1,D,XC,OD,D
14:45:25,TLKM,RG,4340,12,D,PD,PD,D
14:45:25,TLKM,RG,4340,95,D,PD,PD,D
14:45:25,TLKM,RG,4340,1,D,PD,PD,D
14:45:25,TLKM,RG,4340,5,D,SQ,PD,D
14:45:25,TLKM,RG,4340,1,D,PD,PD,D
14:45:25,TLKM,RG,4340,1,D,PD,PD,D
14:45:25,TLKM,RG,4340,200,D,SS,PD,D
14:45:25,TLKM,RG,4340,1,D,PD,PD,D
14:45:25,TLKM,RG,4340,2,D,PD,PD,D
14:45:25,TLKM,RG,4340,1000,D,CP,PD,D
14:45:25,TLKM,RG,4340,50,D,TP,PD,D
14:45:25,TLKM,RG,4340,1,D,TF,PD,D
14:45:24,TLKM,RG,4350,1,D,KK,OD,D
14:45:24,TLKM,RG,4350,77,F,AK,OD,D
14:45:23,TLKM,RG,4350,10,D,XC,OD,D
14:45:23,TLKM,RG,4350,2,D,LG,OD,D
14:45:23,TLKM,RG,4350,500,D,KK,OD,D
14:45:23,TLKM,RG,4350,2,D,XC,OD,D
14:45:23,TLKM,RG,4350,1,D,YP,OD,D
14:45:23,TLKM,RG,4350,1,D,YP,OD,D
14:45:23,TLKM,RG,4350,1,D,YP,OD,D
14:45:23,TLKM,RG,4350,5,D,CC,OD,D
14:45:23,TLKM,RG,4350,1,D,YP,OD,D
14:45:23,TLKM,RG,4350,1,D,YP,OD,D
14:45:23,TLKM,RG,4350,19,F,CC,OD,D
14:45:23,TLKM,RG,4350,144,F,CS,OD,D
14:45:23,TLKM,RG,4350,6,F,CS,PD,D
14:45:22,TLKM,RG,4350,2,F,CS,XC,D
14:45:22,TLKM,RG,4350,2338,F,CS,SQ,D
14:45:22,TLKM,RG,4350,1,D,YP,SQ,D
14:45:22,TLKM,RG,4350,2,D,XC,SQ,D
14:45:22,TLKM,RG,4350,8,F,ZP,SQ,D
14:45:22,TLKM,RG,4350,1,D,YP,SQ,D
14:45:22,TLKM,RG,4350,1,D,XC,SQ,D
14:45:22,TLKM,RG,4350,649,F,AK,SQ,D
14:45:20,TLKM,RG,4350,94,F,AK,SQ,D
14:45:20,TLKM,RG,4350,1,D,PD,SQ,D
14:45:20,TLKM,RG,4350,1,D,XC,SQ,D
14:45:20,TLKM,RG,4350,1,D,PD,SQ,D
14:45:20,TLKM,RG,4350,10,D,XC,SQ,D
14:45:20,TLKM,RG,4350,1,D,YP,SQ,D
14:45:20,TLKM,RG,4350,1,D,TP,SQ,D
14:45:20,TLKM,RG,4350,100,D,ZP,SQ,D
14:45:20,TLKM,RG,4350,10,D,XC,SQ,D
14:45:20,TLKM,RG,4350,2,D,PD,SQ,D
14:45:20,TLKM,RG,4350,3,D,XC,SQ,D
14:45:20,TLKM,RG,4350,10,D,SQ,SQ,D
14:45:20,TLKM,RG,4350,4,D,XC,SQ,D
14:45:20,TLKM,RG,4350,1,D,YP,SQ,D
14:45:20,TLKM,RG,4350,2,D,DR,SQ,D
14:45:20,TLKM,RG,4350,1359,D,YU,SQ,D
14:45:18,TLKM,RG,4350,10,D,YU,RX,D
14:45:18,TLKM,RG,4350,20,D,YU,OD,D
14:45:17,TLKM,RG,4350,5,D,YU,RX,D
14:45:17,TLKM,RG,4350,57,D,YU,NI,D
14:45:16,TLKM,RG,4350,1,D,YU,RX,D
14:45:16,TLKM,RG,4360,3,F,ZP,RX,D
14:45:16,TLKM,RG,4350,16,D,YU,AK,F
14:45:15,TLKM,RG,4360,1,D,PD,RX,D
14:45:14,TLKM,RG,4350,126,D,YU,ZP,F
14:45:14,TLKM,RG,4350,1406,D,YU,PD,D
14:45:14,TLKM,RG,4350,1,D,YP,PD,D
14:45:14,TLKM,RG,4350,10,D,XC,PD,D
14:45:14,TLKM,RG,4350,5,D,XC,PD,D
14:45:14,TLKM,RG,4350,10,D,PD,PD,D
14:45:14,TLKM,RG,4350,10,D,PD,PD,D
14:45:14,TLKM,RG,4350,1,D,YP,PD,D
14:45:14,TLKM,RG,4350,1,D,YP,PD,D
14:45:14,TLKM,RG,4350,1,D,YP,PD,D
14:45:14,TLKM,RG,4350,1,D,YP,PD,D
14:45:14,TLKM,RG,4350,1,D,YP,PD,D
14:45:14,TLKM,RG,4350,1,D,YP,PD,D
14:45:14,TLKM,RG,4350,20,D,YP,PD,D
14:45:14,TLKM,RG,4350,1,D,YP,PD,D
14:45:14,TLKM,RG,4350,10,D,XC,PD,D
14:45:14,TLKM,RG,4350,1,D,YP,PD,D
14:45:14,TLKM,RG,4350,1,D,YP,PD,D
14:45:14,TLKM,RG,4350,1,D,YP,PD,D
14:45:14,TLKM,RG,4350,1,D,YP,PD,D
14:45:14,TLKM,RG,4350,1,D,YP,PD,D
14:45:14,TLKM,RG,4350,1,D,XC,PD,D
14:45:14,TLKM,RG,4350,5,D,SQ,PD,D
14:45:14,TLKM,RG,4350,1,D,YP,PD,D
14:45:14,TLKM,RG,4350,1,D,YP,PD,D
14:45:14,TLKM,RG,4350,100,D,SQ,PD,D
14:45:14,TLKM,RG,4350,1,D,YP,PD,D
14:45:14,TLKM,RG,4350,1,D,YP,PD,D
14:45:14,TLKM,RG,4350,2,D,XC,PD,D
14:45:14,TLKM,RG,4350,2,D,XC,PD,D
14:45:14,TLKM,RG,4350,2490,F,CS,PD,D
14:45:14,TLKM,RG,4350,60,F,ZP,PD,D
14:45:14,TLKM,RG,4350,1,D,YP,PD,D
14:45:14,TLKM,RG,4350,1,D,YP,PD,D
14:45:14,TLKM,RG,4350,5,D,XC,PD,D
14:45:14,TLKM,RG,4350,1,D,YP,PD,D
14:45:14,TLKM,RG,4350,1,D,YP,PD,D
14:45:14,TLKM,RG,4350,7,D,PD,PD,D
14:45:14,TLKM,RG,4350,1,D,PD,PD,D
14:45:14,TLKM,RG,4350,1,D,YP,PD,D
14:45:14,TLKM,RG,4350,1,D,PD,PD,D
14:45:14,TLKM,RG,4350,164,F,ZP,PD,D
14:45:14,TLKM,RG,4350,1,D,YP,PD,D
14:45:14,TLKM,RG,4350,5,D,PD,PD,D
14:45:14,TLKM,RG,4350,68,D,EP,PD,D
14:45:14,TLKM,RG,4350,2,D,XC,PD,D
14:45:14,TLKM,RG,4350,2,D,XC,PD,D
14:45:14,TLKM,RG,4350,2,D,KK,PD,D
14:45:14,TLKM,RG,4350,1,D,YP,PD,D
14:45:14,TLKM,RG,4350,1,D,YP,PD,D
14:45:14,TLKM,RG,4350,1,D,YP,PD,D
14:45:14,TLKM,RG,4350,1,D,YP,PD,D
14:45:14,TLKM,RG,4350,4,D,PD,PD,D
14:45:14,TLKM,RG,4350,65,D,NI,PD,D
14:45:14,TLKM,RG,4350,2,D,KK,PD,D
14:45:14,TLKM,RG,4350,50,D,YP,PD,D
14:45:14,TLKM,RG,4350,20,D,XL,PD,D
14:45:14,TLKM,RG,4350,1,D,XC,PD,D
14:45:14,TLKM,RG,4350,5,D,KK,PD,D
14:45:14,TLKM,RG,4350,20,D,PD,PD,D
14:45:14,TLKM,RG,4350,2,D,YP,PD,D
14:45:14,TLKM,RG,4350,10,D,NI,PD,D
14:45:14,TLKM,RG,4350,1,D,GR,PD,D
14:45:14,TLKM,RG,4350,50,D,YB,PD,D
14:45:14,TLKM,RG,4350,10,D,YP,PD,D
14:45:14,TLKM,RG,4350,100,D,CC,PD,D
14:45:14,TLKM,RG,4350,2,D,XC,PD,D
14:45:14,TLKM,RG,4350,200,D,OD,PD,D
14:45:14,TLKM,RG,4350,10,D,PD,PD,D
14:45:14,TLKM,RG,4350,2,D,CC,PD,D
14:45:14,TLKM,RG,4350,40,D,YP,PD,D
14:45:14,TLKM,RG,4350,26,D,XC,PD,D
14:45:14,TLKM,RG,4350,24,F,AK,PD,D
14:45:14,TLKM,RG,4350,100,D,YP,PD,D
14:45:14,TLKM,RG,4350,3,D,XC,PD,D
14:45:14,TLKM,RG,4350,1,D,XC,PD,D
14:45:14,TLKM,RG,4350,3,D,XC,PD,D
14:45:14,TLKM,RG,4350,1,D,YP,PD,D
14:45:14,TLKM,RG,4350,115,D,CC,PD,D
14:45:14,TLKM,RG,4350,2,D,PD,PD,D
14:45:14,TLKM,RG,4350,1,D,XC,PD,D
14:45:14,TLKM,RG,4350,1,D,PD,PD,D
14:45:14,TLKM,RG,4350,2,D,PD,PD,D
14:45:14,TLKM,RG,4350,2,D,XC,PD,D
14:45:14,TLKM,RG,4350,2,D,XC,PD,D
14:45:14,TLKM,RG,4350,287,D,YP,PD,D
14:45:14,TLKM,RG,4350,1,D,PD,PD,D
14:45:14,TLKM,RG,4350,1,D,XC,PD,D
14:45:14,TLKM,RG,4350,12,D,PD,PD,D
14:45:14,TLKM,RG,4350,1,D,OD,PD,D
14:45:14,TLKM,RG,4350,10,D,YP,PD,D
14:45:14,TLKM,RG,4350,10,D,KK,PD,D
14:45:14,TLKM,RG,4350,5,D,YU,PD,D
14:45:14,TLKM,RG,4350,1813,F,BK,PD,D
14:45:14,TLKM,RG,4350,1,D,XC,PD,D
14:45:14,TLKM,RG,4350,1,D,YP,PD,D
14:45:14,TLKM,RG,4350,1,D,KK,PD,D
14:45:14,TLKM,RG,4350,1,D,XC,PD,D
14:45:14,TLKM,RG,4350,10,D,PD,PD,D
14:45:14,TLKM,RG,4350,1,D,XC,PD,D
14:45:14,TLKM,RG,4350,597,F,AK,PD,D
14:45:13,TLKM,RG,4360,51,F,BK,RX,D
14:45:12,TLKM,RG,4350,43,F,AK,RX,D
14:45:10,TLKM,RG,4350,1,F,AK,RX,D
14:45:07,TLKM,RG,4360,119,F,BK,RX,D
14:45:07,TLKM,RG,4360,51,F,BK,ZP,D
14:45:05,TLKM,RG,4350,775,F,AK,YP,D
14:45:05,TLKM,RG,4350,1,D,XC,YP,D
14:45:05,TLKM,RG,4350,100,D,MG,YP,D
14:45:05,TLKM,RG,4350,25,D,CC,YP,D
14:45:05,TLKM,RG,4350,20,D,YU,YP,D
14:45:05,TLKM,RG,4350,3,D,CC,YP,D
14:45:05,TLKM,RG,4350,50,D,XC,YP,D
14:45:05,TLKM,RG,4350,2,D,XC,YP,D
14:45:05,TLKM,RG,4350,10,D,AR,YP,D
14:45:05,TLKM,RG,4350,10,D,YP,YP,D
14:45:05,TLKM,RG,4350,56,D,XC,YP,D
14:45:05,TLKM,RG,4350,44,D,YP,YP,D
14:45:05,TLKM,RG,4350,5,D,XC,YP,D
14:45:05,TLKM,RG,4350,6,D,PD,YP,D
14:45:05,TLKM,RG,4350,50,D,SQ,YP,D
14:45:05,TLKM,RG,4350,1,D,CC,YP,D
14:45:05,TLKM,RG,4350,2,D,PD,YP,D
14:45:05,TLKM,RG,4350,1,D,PD,YP,D
14:45:05,TLKM,RG,4350,10,D,KK,YP,D
14:45:05,TLKM,RG,4350,6,F,ZP,YP,D
14:45:05,TLKM,RG,4350,10,D,KK,YP,D
14:45:05,TLKM,RG,4350,10,D,PD,YP,D
14:45:05,TLKM,RG,4350,219,F,AK,YP,D
14:45:05,TLKM,RG,4350,40,D,CC,YP,D
14:45:05,TLKM,RG,4350,10,D,DH,YP,D
14:45:05,TLKM,RG,4350,5,D,YP,YP,D
14:45:05,TLKM,RG,4350,1,D,XC,YP,D
14:45:05,TLKM,RG,4350,10,D,YP,YP,D
14:45:05,TLKM,RG,4350,1,D,XC,YP,D
14:45:05,TLKM,RG,4350,1,D,XC,YP,D
14:45:05,TLKM,RG,4350,5,D,GR,YP,D
14:45:05,TLKM,RG,4350,5,D,CC,YP,D
14:45:05,TLKM,RG,4350,1,D,PD,YP,D
14:45:05,TLKM,RG,4350,1,D,CC,YP,D
14:45:05,TLKM,RG,4350,50,D,CC,YP,D
14:45:05,TLKM,RG,4350,3,D,XC,YP,D
14:45:05,TLKM,RG,4350,1,D,XC,YP,D
14:45:05,TLKM,RG,4350,3,D,XC,YP,D
14:45:05,TLKM,RG,4350,5,D,LG,YP,D
14:45:05,TLKM,RG,4350,2,D,YP,YP,D
14:45:05,TLKM,RG,4350,2,D,XC,YP,D
14:45:05,TLKM,RG,4350,199,F,ZP,YP,D
14:45:05,TLKM,RG,4350,11,F,ZP,YP,D
14:45:03,TLKM,RG,4360,10,F,BK,ZP,D
14:45:03,TLKM,RG,4360,41,F,BK,ZP,F
14:45:01,TLKM,RG,4350,47,F,ZP,RX,D
14:45:00,TLKM,RG,4350,3,F,ZP,RX,D
14:45:00,TLKM,RG,4350,8,F,ZP,CC,D
14:44:57,TLKM,RG,4360,70,F,BK,ZP,F
14:44:57,TLKM,RG,4360,3,F,BK,ZP,D
14:44:57,TLKM,RG,4360,48,F,BK,AK,D
14:44:57,TLKM,RG,4360,44,F,BK,AK,D
14:44:56,TLKM,RG,4350,7,F,ZP,RX,D
14:44:56,TLKM,RG,4350,26,D,YP,RX,D
14:44:56,TLKM,RG,4350,6,D,YP,RX,D
14:44:56,TLKM,RG,4350,5,D,YP,DX,D
14:44:55,TLKM,RG,4350,13,D,YP,SQ,D
14:44:55,TLKM,RG,4350,1,D,PD,SQ,D
14:44:55,TLKM,RG,4350,10,D,DR,SQ,D
14:44:55,TLKM,RG,4350,2,D,XC,SQ,D
14:44:55,TLKM,RG,4350,14,F,ZP,SQ,D
14:44:55,TLKM,RG,4350,2,D,PD,SQ,D
14:44:55,TLKM,RG,4350,35,F,ZP,SQ,D
14:44:55,TLKM,RG,4350,20,D,YU,SQ,D
14:44:55,TLKM,RG,4350,1,D,XC,SQ,D
14:44:55,TLKM,RG,4350,20,D,XL,SQ,D
14:44:55,TLKM,RG,4350,1,D,KK,SQ,D
14:44:55,TLKM,RG,4350,2,D,NI,SQ,D
14:44:55,TLKM,RG,4350,1,D,KK,SQ,D
14:44:55,TLKM,RG,4350,1,D,XC,SQ,D
14:44:55,TLKM,RG,4350,10,D,SQ,SQ,D
14:44:55,TLKM,RG,4350,3,D,PD,SQ,D
14:44:55,TLKM,RG,4350,30,D,AZ,SQ,D
14:44:55,TLKM,RG,4350,1,D,NI,SQ,D
14:44:55,TLKM,RG,4350,1,D,XC,SQ,D
14:44:55,TLKM,RG,4350,10,D,NI,SQ,D
14:44:55,TLKM,RG,4350,1,D,XC,SQ,D
14:44:55,TLKM,RG,4350,2,D,XL,SQ,D
14:44:55,TLKM,RG,4350,1,D,XC,SQ,D
14:44:55,TLKM,RG,4350,2,D,PD,SQ,D
14:44:55,TLKM,RG,4350,78,F,AK,SQ,D
14:44:55,TLKM,RG,4350,1,D,PD,SQ,D
14:44:55,TLKM,RG,4350,11,D,XC,SQ,D
14:44:55,TLKM,RG,4350,1,D,YP,SQ,D
14:44:55,TLKM,RG,4350,15,D,PD,SQ,D
14:44:55,TLKM,RG,4350,5,D,PD,ZP,D
14:44:55,TLKM,RG,4350,9,D,PD,ZP,D
14:44:54,TLKM,RG,4350,5,D,PD,DX,D
14:44:54,TLKM,RG,4350,6,D,PD,ZP,D
14:44:54,TLKM,RG,4350,1,D,XC,ZP,D
14:44:54,TLKM,RG,4350,2,D,PD,ZP,D
14:44:54,TLKM,RG,4350,33,D,YP,ZP,D
14:44:53,TLKM,RG,4350,7,D,YP,RX,D
14:44:53,TLKM,RG,4350,260,D,YP,OD,D
14:44:53,TLKM,RG,4350,5,F,DR,OD,D
14:44:53,TLKM,RG,4350,1,D,XC,OD,D
14:44:53,TLKM,RG,4350,5,D,PD,OD,D
14:44:53,TLKM,RG,4350,50,D,CC,OD,D
14:44:53,TLKM,RG,4350,2,D,XC,OD,D
14:44:53,TLKM,RG,4350,2,D,XC,OD,D
14:44:53,TLKM,RG,4350,5,D,NI,OD,D
14:44:53,TLKM,RG,4350,6,D,PD,OD,D
14:44:53,TLKM,RG,4350,1,D,XC,OD,D
14:44:53,TLKM,RG,4350,5,D,PD,OD,D
14:44:53,TLKM,RG,4350,50,D,CC,OD,D
14:44:53,TLKM,RG,4350,5,D,XC,OD,D
14:44:53,TLKM,RG,4350,1,D,XC,OD,D
14:44:53,TLKM,RG,4350,5,D,CC,OD,D
14:44:53,TLKM,RG,4350,2,D,GR,OD,D
14:44:53,TLKM,RG,4350,20,D,PD,OD,D
14:44:53,TLKM,RG,4350,1,D,XC,OD,D
14:44:53,TLKM,RG,4350,1,D,KK,OD,D
14:44:53,TLKM,RG,4350,2,D,NI,OD,D
14:44:53,TLKM,RG,4350,16,D,CC,OD,D
14:44:53,TLKM,RG,4350,2,D,YP,OD,D
14:44:53,TLKM,RG,4350,1,D,NI,OD,D
14:44:53,TLKM,RG,4350,4,D,XC,OD,D
14:44:53,TLKM,RG,4350,5,D,KK,OD,D
14:44:53,TLKM,RG,4350,1,D,XC,OD,D
14:44:53,TLKM,RG,4350,20,D,AT,OD,D
14:44:53,TLKM,RG,4350,10,D,NI,OD,D
14:44:53,TLKM,RG,4350,23,D,XL,OD,D
14:44:53,TLKM,RG,4350,1,D,PD,OD,D
14:44:53,TLKM,RG,4350,3,D,PD,OD,D
14:44:53,TLKM,RG,4350,2,D,XC,OD,D
14:44:53,TLKM,RG,4350,20,D,YP,OD,D
14:44:53,TLKM,RG,4350,1,D,XC,OD,D
14:44:53,TLKM,RG,4350,2,D,KK,OD,D
14:44:53,TLKM,RG,4350,1,D,XL,OD,D
14:44:53,TLKM,RG,4350,2,D,PD,OD,D
14:44:53,TLKM,RG,4350,1,D,NI,OD,D
14:44:53,TLKM,RG,4350,2,D,CC,OD,D
14:44:53,TLKM,RG,4350,1,D,XL,OD,D
14:44:53,TLKM,RG,4350,1,D,XC,OD,D
14:44:53,TLKM,RG,4350,2,D,CC,OD,D
14:44:53,TLKM,RG,4350,64,D,YP,OD,D
14:44:53,TLKM,RG,4350,1,D,XL,OD,D
14:44:53,TLKM,RG,4350,2,D,PD,OD,D
14:44:53,TLKM,RG,4350,10,D,XC,OD,D
14:44:53,TLKM,RG,4350,5,D,KK,OD,D
14:44:53,TLKM,RG,4350,10,D,KK,OD,D
14:44:53,TLKM,RG,4350,10,D,NI,OD,D
14:44:53,TLKM,RG,4350,1,D,XC,OD,D
14:44:53,TLKM,RG,4350,1,D,EP,OD,D
14:44:53,TLKM,RG,4350,1,D,NI,OD,D
14:44:53,TLKM,RG,4350,1,D,XC,OD,D
14:44:53,TLKM,RG,4350,1,D,YP,OD,D
14:44:53,TLKM,RG,4350,5,D,XC,OD,D
14:44:53,TLKM,RG,4350,1,D,PD,OD,D
14:44:53,TLKM,RG,4350,1,D,NI,OD,D
14:44:53,TLKM,RG,4350,2,D,KK,OD,D
14:44:53,TLKM,RG,4350,1,D,PD,OD,D
14:44:53,TLKM,RG,4350,1,D,PD,OD,D
14:44:53,TLKM,RG,4350,10,D,GR,OD,D
14:44:53,TLKM,RG,4350,1,D,XC,OD,D
14:44:53,TLKM,RG,4350,1,D,XC,OD,D
14:44:53,TLKM,RG,4350,1,D,XC,OD,D
14:44:53,TLKM,RG,4350,3,D,NI,OD,D
14:44:53,TLKM,RG,4350,1,D,PD,OD,D
14:44:53,TLKM,RG,4350,2,D,GR,OD,D
14:44:53,TLKM,RG,4350,2,D,PD,OD,D
14:44:53,TLKM,RG,4350,2,D,PD,OD,D
14:44:53,TLKM,RG,4350,25,D,YP,OD,D
14:44:53,TLKM,RG,4350,5,D,YP,OD,D
14:44:53,TLKM,RG,4350,5,D,EP,OD,D
14:44:53,TLKM,RG,4350,1,D,XC,OD,D
14:44:53,TLKM,RG,4350,10,D,TP,OD,D
14:44:53,TLKM,RG,4350,1,D,CC,OD,D
14:44:53,TLKM,RG,4350,1,D,XC,OD,D
14:44:53,TLKM,RG,4350,1,D,PD,OD,D
14:44:53,TLKM,RG,4350,5,D,CC,OD,D
14:44:53,TLKM,RG,4350,5,D,YP,OD,D
14:44:53,TLKM,RG,4350,1,D,XC,OD,D
14:44:53,TLKM,RG,4350,10,D,XC,OD,D
14:44:53,TLKM,RG,4350,1,D,XC,OD,D
14:44:53,TLKM,RG,4350,1,D,AT,OD,D
14:44:53,TLKM,RG,4350,2,D,XC,OD,D
14:44:53,TLKM,RG,4350,5,D,PD,OD,D
14:44:53,TLKM,RG,4350,5,D,XC,OD,D
14:44:53,TLKM,RG,4350,2,D,CC,OD,D
14:44:53,TLKM,RG,4350,1,D,NI,OD,D
14:44:53,TLKM,RG,4350,1,D,XC,OD,D
14:44:53,TLKM,RG,4350,1,D,XC,OD,D
14:44:53,TLKM,RG,4350,1,D,YP,OD,D
14:44:53,TLKM,RG,4350,1,D,XC,OD,D
14:44:53,TLKM,RG,4350,1,D,YP,OD,D
14:44:53,TLKM,RG,4350,1,D,XC,OD,D
14:44:53,TLKM,RG,4350,1,D,CC,OD,D
14:44:53,TLKM,RG,4350,5,D,CC,OD,D
14:44:53,TLKM,RG,4350,1,D,XC,OD,D
14:44:53,TLKM,RG,4350,1,D,XC,OD,D
14:44:53,TLKM,RG,4350,10,D,NI,OD,D
14:44:53,TLKM,RG,4350,2,D,XC,OD,D
14:44:53,TLKM,RG,4350,1,D,XC,OD,D
14:44:53,TLKM,RG,4350,5,D,XC,OD,D
14:44:53,TLKM,RG,4350,1,D,XL,OD,D
14:44:53,TLKM,RG,4350,1,D,XC,OD,D
14:44:53,TLKM,RG,4350,10,D,KK,OD,D
14:44:53,TLKM,RG,4350,2,D,YP,OD,D
14:44:53,TLKM,RG,4350,1,D,YP,OD,D
14:44:53,TLKM,RG,4350,10,D,EP,OD,D
14:44:53,TLKM,RG,4350,165,D,NI,OD,D
14:44:53,TLKM,RG,4360,125,F,BK,BK,F
14:44:51,TLKM,RG,4350,41,D,NI,RX,F
14:44:51,TLKM,RG,4350,324,D,NI,SQ,D
14:44:51,TLKM,RG,4350,100,D,PD,SQ,D
14:44:51,TLKM,RG,4350,10,D,PD,SQ,D
14:44:51,TLKM,RG,4350,57,D,YP,SQ,D
14:44:51,TLKM,RG,4350,1,D,XC,SQ,D
14:44:51,TLKM,RG,4350,1,D,XC,SQ,D
14:44:51,TLKM,RG,4350,10,D,KK,SQ,D
14:44:51,TLKM,RG,4350,7,D,XC,SQ,D
14:44:51,TLKM,RG,4350,10,D,GR,SQ,D
14:44:51,TLKM,RG,4350,1,D,XC,SQ,D
14:44:51,TLKM,RG,4350,10,D,GR,SQ,D
14:44:51,TLKM,RG,4350,2,D,PD,SQ,D
14:44:51,TLKM,RG,4350,1,D,XC,SQ,D
14:44:51,TLKM,RG,4350,1,D,XC,SQ,D
14:44:51,TLKM,RG,4350,5,D,KK,SQ,D
14:44:51,TLKM,RG,4350,50,D,PD,SQ,D
14:44:51,TLKM,RG,4350,1,D,XC,SQ,D
14:44:51,TLKM,RG,4350,1,D,XC,SQ,D
14:44:51,TLKM,RG,4350,2,D,NI,SQ,D
14:44:51,TLKM,RG,4350,1,D,XL,SQ,D
14:44:51,TLKM,RG,4350,1,D,XC,SQ,D
14:44:51,TLKM,RG,4350,1,D,XC,SQ,D
14:44:51,TLKM,RG,4350,1,D,YP,SQ,D
14:44:51,TLKM,RG,4350,1,D,XC,SQ,D
14:44:51,TLKM,RG,4350,1,D,HP,SQ,D
14:44:51,TLKM,RG,4350,1,D,XC,SQ,D
14:44:51,TLKM,RG,4350,1,D,XC,SQ,D
14:44:51,TLKM,RG,4350,10,D,YP,SQ,D
14:44:51,TLKM,RG,4350,15,D,CC,SQ,D
14:44:51,TLKM,RG,4350,1,D,XC,SQ,D
14:44:51,TLKM,RG,4350,1,D,YP,SQ,D
14:44:51,TLKM,RG,4350,1,D,PD,SQ,D
14:44:51,TLKM,RG,4350,1,D,XC,SQ,D
14:44:51,TLKM,RG,4350,1,D,DH,SQ,D
14:44:51,TLKM,RG,4350,4,D,PD,SQ,D
14:44:51,TLKM,RG,4350,10,D,CC,SQ,D
14:44:51,TLKM,RG,4350,1,D,XC,SQ,D
14:44:51,TLKM,RG,4350,1,D,XC,SQ,D
14:44:51,TLKM,RG,4350,1,D,XC,SQ,D
14:44:51,TLKM,RG,4350,49,D,AZ,SQ,D
14:44:51,TLKM,RG,4350,5,D,CC,SQ,D
14:44:51,TLKM,RG,4350,5,D,GR,SQ,D
14:44:51,TLKM,RG,4350,5,D,YP,SQ,D
14:44:51,TLKM,RG,4350,1,D,XC,SQ,D
14:44:51,TLKM,RG,4350,1,D,PD,SQ,D
14:44:51,TLKM,RG,4350,1,D,XL,SQ,D
14:44:51,TLKM,RG,4350,10,D,PD,SQ,D
14:44:51,TLKM,RG,4350,1,D,YP,SQ,D
14:44:51,TLKM,RG,4350,1,D,XC,SQ,D
14:44:51,TLKM,RG,4350,1,D,XC,SQ,D
14:44:51,TLKM,RG,4350,10,D,CC,SQ,D
14:44:51,TLKM,RG,4350,2,D,XC,SQ,D
14:44:51,TLKM,RG,4350,2,D,XC,SQ,D
14:44:51,TLKM,RG,4350,2,D,XC,SQ,D
14:44:51,TLKM,RG,4350,200,D,YP,SQ,D
14:44:51,TLKM,RG,4350,2,D,PD,SQ,D
14:44:51,TLKM,RG,4350,1,D,XC,SQ,D
14:44:51,TLKM,RG,4350,5,D,XC,SQ,D
14:44:51,TLKM,RG,4350,1,D,XC,SQ,D
14:44:51,TLKM,RG,4350,3,D,DH,SQ,D
14:44:51,TLKM,RG,4350,10,D,SQ,SQ,D
14:44:51,TLKM,RG,4350,1,D,LG,SQ,D
14:44:51,TLKM,RG,4350,2,D,PD,SQ,D
14:44:51,TLKM,RG,4350,20,D,CC,SQ,D
14:44:51,TLKM,RG,4350,1,D,AZ,SQ,D
14:44:51,TLKM,RG,4350,1,D,GR,SQ,D
14:44:51,TLKM,RG,4350,8,D,YP,SQ,D
14:44:47,TLKM,RG,4360,2,D,CC,BK,F
14:44:47,TLKM,RG,4360,83,F,BK,BK,F
14:44:46,TLKM,RG,4350,10,D,YP,CC,D
14:44:46,TLKM,RG,4350,23,D,YP,CC,D
14:44:44,TLKM,RG,4360,56,F,BK,BK,F
14:44:43,TLKM,RG,4350,2,D,YP,SQ,D
14:44:43,TLKM,RG,4350,1,D,PD,SQ,D
14:44:43,TLKM,RG,4350,1,D,PD,SQ,D
14:44:43,TLKM,RG,4350,5,D,XC,SQ,D
14:44:43,TLKM,RG,4350,4,D,PD,SQ,D
14:44:43,TLKM,RG,4350,1,D,XC,SQ,D
14:44:43,TLKM,RG,4350,23,D,XC,SQ,D
14:44:43,TLKM,RG,4350,1,D,XC,SQ,D
14:44:43,TLKM,RG,4350,1,D,PD,SQ,D
14:44:43,TLKM,RG,4350,12,D,XC,SQ,D
14:44:43,TLKM,RG,4350,10,D,PD,SQ,D
14:44:43,TLKM,RG,4350,5,D,XC,SQ,D
14:44:43,TLKM,RG,4350,5,D,KK,SQ,D
14:44:43,TLKM,RG,4350,2,D,PD,SQ,D
14:44:43,TLKM,RG,4350,181,D,SQ,SQ,D
14:44:43,TLKM,RG,4350,5,D,PD,SQ,D
14:44:43,TLKM,RG,4350,10,D,DH,SQ,D
14:44:43,TLKM,RG,4350,20,D,RB,SQ,D
14:44:43,TLKM,RG,4350,10,D,SQ,SQ,D
14:44:43,TLKM,RG,4350,5,D,PD,SQ,D
14:44:43,TLKM,RG,4350,10,D,YP,SQ,D
14:44:43,TLKM,RG,4350,5,D,PD,SQ,D
14:44:43,TLKM,RG,4350,5,D,XC,SQ,D
14:44:43,TLKM,RG,4350,1,D,NI,SQ,D
14:44:43,TLKM,RG,4350,5,D,YP,SQ,D
14:44:43,TLKM,RG,4350,10,D,PD,SQ,D
14:44:43,TLKM,RG,4350,2,D,XL,SQ,D
14:44:43,TLKM,RG,4350,1,D,PD,SQ,D
14:44:43,TLKM,RG,4350,100,D,BQ,SQ,D
14:44:43,TLKM,RG,4350,7,D,YP,SQ,D
14:44:43,TLKM,RG,4350,7,D,XC,SQ,D
14:44:43,TLKM,RG,4350,2,D,IP,SQ,D
14:44:43,TLKM,RG,4350,5,D,NI,SQ,D
14:44:43,TLKM,RG,4350,1,D,ZP,SQ,D
14:44:43,TLKM,RG,4350,12,D,EP,SQ,D
14:44:43,TLKM,RG,4350,70,D,YP,SQ,D
14:44:43,TLKM,RG,4350,4,D,ZP,SQ,D
14:44:43,TLKM,RG,4350,10,D,YP,SQ,D
14:44:43,TLKM,RG,4350,3,D,CC,SQ,D
14:44:43,TLKM,RG,4350,1,D,YP,SQ,D
14:44:43,TLKM,RG,4350,1,D,YP,SQ,D
14:44:43,TLKM,RG,4350,1,D,YP,SQ,D
14:44:43,TLKM,RG,4350,1,D,YP,SQ,D
14:44:43,TLKM,RG,4350,1,D,YP,SQ,D
14:44:43,TLKM,RG,4350,1,D,YP,SQ,D
14:44:43,TLKM,RG,4350,1,D,YP,SQ,D
14:44:43,TLKM,RG,4350,1,D,YP,SQ,D
14:44:43,TLKM,RG,4350,1,D,YP,SQ,D
14:44:43,TLKM,RG,4350,10,D,CC,SQ,D
14:44:43,TLKM,RG,4350,1,D,YP,SQ,D
14:44:43,TLKM,RG,4350,3,D,PD,SQ,D
14:44:43,TLKM,RG,4350,5,D,YP,SQ,D
14:44:43,TLKM,RG,4350,2,D,YP,SQ,D
14:44:43,TLKM,RG,4350,6,D,XC,SQ,D
14:44:43,TLKM,RG,4350,5,D,DR,SQ,D
14:44:43,TLKM,RG,4350,290,D,BK,SQ,D
14:44:41,TLKM,RG,4350,39,D,BK,RX,D
14:44:40,TLKM,RG,4350,83,D,BK,CC,D
14:44:39,TLKM,RG,4360,217,F,BK,BK,F
14:44:38,TLKM,RG,4350,588,D,BK,SQ,D
14:44:38,TLKM,RG,4350,1,D,XC,SQ,D
14:44:38,TLKM,RG,4350,11,D,XL,SQ,D
14:44:38,TLKM,RG,4350,1,D,XC,SQ,D
14:44:38,TLKM,RG,4350,5,D,CC,SQ,D
14:44:38,TLKM,RG,4350,1,D,NI,SQ,D
14:44:38,TLKM,RG,4350,5,D,YP,SQ,D
14:44:38,TLKM,RG,4350,1,D,PD,SQ,D
14:44:38,TLKM,RG,4350,1,D,NI,SQ,D
14:44:38,TLKM,RG,4350,5,D,AZ,SQ,D
14:44:38,TLKM,RG,4350,1,D,YP,SQ,D
14:44:38,TLKM,RG,4350,1,D,YP,SQ,D
14:44:38,TLKM,RG,4350,1,D,XL,SQ,D
14:44:38,TLKM,RG,4350,1,D,XC,SQ,D
14:44:38,TLKM,RG,4350,25,D,YP,SQ,D
14:44:38,TLKM,RG,4350,2,D,PD,SQ,D
14:44:38,TLKM,RG,4350,1,D,YP,SQ,D
14:44:38,TLKM,RG,4350,4,D,YP,SQ,D
14:44:38,TLKM,RG,4350,3,D,PD,SQ,D
14:44:38,TLKM,RG,4350,10,D,PD,SQ,D
14:44:38,TLKM,RG,4350,4,D,LG,SQ,D
14:44:38,TLKM,RG,4350,2,D,XC,SQ,D
14:44:38,TLKM,RG,4350,20,D,CC,SQ,D
14:44:38,TLKM,RG,4350,1,D,DH,SQ,D
14:44:38,TLKM,RG,4350,2,D,KK,SQ,D
14:44:38,TLKM,RG,4350,5,D,NI,SQ,D
14:44:38,TLKM,RG,4350,11,D,GR,SQ,D
14:44:38,TLKM,RG,4350,239,D,GR,GR,D
14:44:38,TLKM,RG,4350,2,D,XC,GR,D
14:44:38,TLKM,RG,4350,2,D,XC,GR,D
14:44:38,TLKM,RG,4350,3,D,YP,GR,D
14:44:38,TLKM,RG,4350,30,D,YP,GR,D
14:44:38,TLKM,RG,4350,2,D,LG,GR,D
14:44:38,TLKM,RG,4350,5,D,XC,GR,D
14:44:38,TLKM,RG,4350,10,D,XC,GR,D
14:44:38,TLKM,RG,4350,20,D,PD,GR,D
14:44:38,TLKM,RG,4350,1,D,XC,GR,D
14:44:38,TLKM,RG,4350,1,D,XC,GR,D
14:44:38,TLKM,RG,4350,500,D,YP,GR,D
14:44:38,TLKM,RG,4350,2,D,XC,GR,D
14:44:38,TLKM,RG,4350,1,D,YP,GR,D
14:44:38,TLKM,RG,4350,4,D,PD,GR,D
14:44:38,TLKM,RG,4350,1,D,PD,GR,D
14:44:38,TLKM,RG,4350,10,D,SQ,GR,D
14:44:38,TLKM,RG,4350,4,D,PD,GR,D
14:44:38,TLKM,RG,4350,1,D,XC,GR,D
14:44:38,TLKM,RG,4350,3,D,YP,GR,D
14:44:38,TLKM,RG,4350,1,D,NI,GR,D
14:44:38,TLKM,RG,4350,1,D,XL,GR,D
14:44:38,TLKM,RG,4350,10,D,CP,GR,D
14:44:38,TLKM,RG,4350,3,D,NI,GR,D
14:44:38,TLKM,RG,4350,2,D,CC,GR,D
14:44:38,TLKM,RG,4350,1,D,XC,GR,D
14:44:38,TLKM,RG,4350,15,D,PD,GR,D
14:44:38,TLKM,RG,4350,2,D,KK,GR,D
14:44:38,TLKM,RG,4350,1,D,XC,GR,D
14:44:38,TLKM,RG,4350,1,D,PD,GR,D
14:44:38,TLKM,RG,4350,5,D,XC,GR,D
14:44:38,TLKM,RG,4350,4,D,CC,GR,D
14:44:38,TLKM,RG,4350,10,D,YU,GR,D
14:44:38,TLKM,RG,4350,1,D,PD,GR,D
14:44:38,TLKM,RG,4350,2,D,XC,GR,D
14:44:38,TLKM,RG,4350,30,D,DR,GR,D
14:44:38,TLKM,RG,4350,5,D,YP,GR,D
14:44:38,TLKM,RG,4350,1,D,NI,GR,D
14:44:38,TLKM,RG,4350,10,D,CC,GR,D
14:44:38,TLKM,RG,4350,1,D,XC,GR,D
14:44:38,TLKM,RG,4350,1,D,XC,GR,D
14:44:38,TLKM,RG,4350,22,D,YP,GR,D
14:44:38,TLKM,RG,4350,50,D,PD,GR,D
14:44:38,TLKM,RG,4350,20,D,CC,GR,D
14:44:38,TLKM,RG,4350,5,D,XC,GR,D
14:44:38,TLKM,RG,4350,2,D,YP,GR,D
14:44:38,TLKM,RG,4350,20,D,XC,GR,D
14:44:38,TLKM,RG,4350,10,D,PD,GR,D
14:44:38,TLKM,RG,4350,25,D,PD,GR,D
14:44:38,TLKM,RG,4350,1,D,PD,GR,D
14:44:38,TLKM,RG,4350,5,D,PF,GR,D
14:44:38,TLKM,RG,4350,50,D,CC,GR,D
14:44:38,TLKM,RG,4350,200,D,GR,GR,D
14:44:38,TLKM,RG,4350,3,D,YP,GR,D
14:44:38,TLKM,RG,4350,6,D,NI,GR,D
14:44:38,TLKM,RG,4350,1,D,PD,GR,D
14:44:38,TLKM,RG,4350,100,D,IP,GR,D
14:44:38,TLKM,RG,4350,1,D,PD,GR,D
14:44:38,TLKM,RG,4350,2,D,XC,GR,D
14:44:38,TLKM,RG,4350,1,D,PD,GR,D
14:44:38,TLKM,RG,4350,10,D,PD,GR,D
14:44:38,TLKM,RG,4350,1,D,YP,GR,D
14:44:38,TLKM,RG,4350,2,D,XC,GR,D
14:44:38,TLKM,RG,4350,15,D,XC,GR,D
14:44:38,TLKM,RG,4350,400,D,AR,GR,D
14:44:38,TLKM,RG,4350,1,D,PD,GR,D
14:44:38,TLKM,RG,4350,25,D,BQ,GR,D
14:44:38,TLKM,RG,4350,10,D,NI,GR,D
14:44:38,TLKM,RG,4350,2,D,DR,GR,D
14:44:38,TLKM,RG,4350,2,D,KK,GR,D
14:44:38,TLKM,RG,4350,5,D,CC,GR,D
14:44:38,TLKM,RG,4350,10,D,AT,GR,D
14:44:38,TLKM,RG,4350,1,D,PD,GR,D
14:44:38,TLKM,RG,4350,10,D,CC,GR,D
14:44:38,TLKM,RG,4350,50,D,SQ,GR,D
14:44:38,TLKM,RG,4350,5,D,XC,GR,D
14:44:38,TLKM,RG,4350,20,D,TP,GR,D
14:44:38,TLKM,RG,4350,5,D,PD,GR,D
14:44:38,TLKM,RG,4350,1,D,YP,GR,D
14:44:38,TLKM,RG,4350,2,D,XL,GR,D
14:44:38,TLKM,RG,4350,5,D,PD,GR,D
14:44:38,TLKM,RG,4350,10,D,KK,GR,D
14:44:38,TLKM,RG,4350,3,D,XC,GR,D
14:44:38,TLKM,RG,4350,5,D,PD,GR,D
14:44:38,TLKM,RG,4350,2,D,SQ,GR,D
14:44:38,TLKM,RG,4350,2,D,DH,GR,D
14:44:38,TLKM,RG,4350,12,D,PD,GR,D
14:44:38,TLKM,RG,4350,37,D,NI,GR,D
14:44:38,TLKM,RG,4350,1,D,XC,GR,D
14:44:38,TLKM,RG,4350,2,D,PD,GR,D
14:44:38,TLKM,RG,4350,1,D,XC,GR,D
14:44:38,TLKM,RG,4350,100,D,NI,GR,D
14:44:38,TLKM,RG,4350,7,D,PD,GR,D
14:44:38,TLKM,RG,4350,6,D,XA,GR,D
14:44:38,TLKM,RG,4350,3,D,XC,GR,D
14:44:38,TLKM,RG,4350,2,D,XC,GR,D
14:44:38,TLKM,RG,4350,3,D,PD,GR,D
14:44:38,TLKM,RG,4350,68,D,PD,GR,D
14:44:38,TLKM,RG,4350,1,D,XC,GR,D
14:44:38,TLKM,RG,4350,5,D,DX,GR,D
14:44:38,TLKM,RG,4350,1,D,XC,GR,D
14:44:38,TLKM,RG,4350,1,D,PD,GR,D
14:44:38,TLKM,RG,4350,1,D,XC,GR,D
14:44:38,TLKM,RG,4350,2,D,NI,GR,D
14:44:38,TLKM,RG,4350,29,D,PD,GR,D
14:44:35,TLKM,RG,4350,1,D,PD,RX,D
14:44:35,TLKM,RG,4350,4,D,EP,RX,D
14:44:33,TLKM,RG,4360,5,D,CC,BK,F
14:44:31,TLKM,RG,4350,6,D,EP,CC,D
14:44:31,TLKM,RG,4350,3,D,PD,CC,D
14:44:31,TLKM,RG,4350,7,D,PD,AK,F
14:44:31,TLKM,RG,4350,7,D,NI,AK,F
14:44:30,TLKM,RG,4350,2,D,NI,AK,F
14:44:30,TLKM,RG,4350,5,D,CC,AK,F
14:44:30,TLKM,RG,4350,6,D,KK,AK,F
14:44:30,TLKM,RG,4350,1,D,XC,AK,F
14:44:30,TLKM,RG,4350,45,D,BK,AK,F
14:44:28,TLKM,RG,4360,30,D,YP,BK,F
14:44:27,TLKM,RG,4360,9,F,ZP,BK,F
14:44:25,TLKM,RG,4350,5,D,BK,DX,D
14:44:24,TLKM,RG,4350,450,D,BK,SQ,D
14:44:24,TLKM,RG,4350,1,D,XC,SQ,D
14:44:24,TLKM,RG,4350,49,D,PD,SQ,D
14:44:23,TLKM,RG,4350,1,D,PD,RX,D
14:44:23,TLKM,RG,4350,1,D,PD,RX,D
14:44:20,TLKM,RG,4350,1,D,PD,RX,D
14:44:19,TLKM,RG,4360,1,D,XC,BK,F
14:44:18,TLKM,RG,4350,8,D,PD,RX,D
14:44:18,TLKM,RG,4350,2,D,PD,RX,D
14:44:18,TLKM,RG,4350,1,D,CC,RX,D
14:44:15,TLKM,RG,4350,9,D,CC,AK,F
14:44:15,TLKM,RG,4350,3,D,XC,AK,F
14:44:15,TLKM,RG,4350,1,D,AT,AK,F
14:44:15,TLKM,RG,4350,1,D,XC,AK,F
14:44:15,TLKM,RG,4350,2,D,PD,AK,F
14:44:15,TLKM,RG,4350,33,D,PD,AK,F
14:44:15,TLKM,RG,4350,1,D,XC,AK,F
14:44:15,TLKM,RG,4350,1,D,PD,AK,F
14:44:15,TLKM,RG,4350,1,D,LG,AK,F
14:44:15,TLKM,RG,4350,5,D,CC,AK,F
14:44:15,TLKM,RG,4350,20,D,PD,AK,F
14:44:15,TLKM,RG,4350,1,D,PC,AK,F
14:44:15,TLKM,RG,4350,200,D,YP,AK,F
14:44:15,TLKM,RG,4350,2,D,XC,AK,F
14:44:15,TLKM,RG,4350,1,D,NI,AK,F
14:44:15,TLKM,RG,4350,1,D,YP,AK,F
14:44:15,TLKM,RG,4350,1,D,CC,AK,F
14:44:15,TLKM,RG,4350,100,D,YP,AK,F
14:44:15,TLKM,RG,4350,200,D,YP,AK,F
14:44:15,TLKM,RG,4350,5,D,GR,AK,F
14:44:15,TLKM,RG,4350,1,D,XC,AK,F
14:44:15,TLKM,RG,4350,1,D,PD,AK,F
14:44:15,TLKM,RG,4350,5,D,PD,AK,F
14:44:15,TLKM,RG,4350,2,D,PD,AK,F
14:44:15,TLKM,RG,4350,2,D,PD,AK,F
14:44:15,TLKM,RG,4350,1,D,YU,AK,F
14:44:15,TLKM,RG,4350,1,D,PD,AK,F
14:44:15,TLKM,RG,4350,1,D,XC,AK,F
14:44:15,TLKM,RG,4350,10,D,YP,AK,F
14:44:15,TLKM,RG,4350,500,D,BK,AK,F
14:44:15,TLKM,RG,4350,1,D,XA,AK,F
14:44:15,TLKM,RG,4350,30,D,PD,AK,F
14:44:15,TLKM,RG,4350,1,D,YP,AK,F
14:44:15,TLKM,RG,4350,1,D,XC,AK,F
14:44:15,TLKM,RG,4350,2,D,CC,AK,F
14:44:15,TLKM,RG,4350,2,D,XC,AK,F
14:44:15,TLKM,RG,4350,10,D,XC,AK,F
14:44:15,TLKM,RG,4350,5,D,PD,AK,F
14:44:15,TLKM,RG,4350,1,D,XC,AK,F
14:44:15,TLKM,RG,4350,1,D,XC,AK,F
14:44:15,TLKM,RG,4350,1,D,XC,AK,F
14:44:15,TLKM,RG,4350,1,D,PD,AK,F
14:44:15,TLKM,RG,4350,1,D,LG,AK,F
14:44:15,TLKM,RG,4350,10,D,NI,AK,F
14:44:15,TLKM,RG,4350,5,D,NI,AK,F
14:44:15,TLKM,RG,4350,2,D,DR,AK,F
14:44:15,TLKM,RG,4350,1,D,PD,AK,F
14:44:15,TLKM,RG,4350,1,D,XC,AK,F
14:44:15,TLKM,RG,4350,10,D,PD,AK,F
14:44:15,TLKM,RG,4350,10,D,PD,AK,F
14:44:15,TLKM,RG,4350,10,D,XC,AK,F
14:44:15,TLKM,RG,4350,20,D,LG,AK,F
14:44:15,TLKM,RG,4350,1,D,PD,AK,F
14:44:15,TLKM,RG,4350,1,D,PD,AK,F
14:44:15,TLKM,RG,4350,1,D,GR,AK,F
14:44:15,TLKM,RG,4350,1,D,XC,AK,F
14:44:15,TLKM,RG,4350,2,D,PD,AK,F
14:44:15,TLKM,RG,4350,1,D,KK,AK,F
14:44:15,TLKM,RG,4350,1,D,KK,AK,F
14:44:15,TLKM,RG,4350,3,D,SQ,AK,F
14:44:15,TLKM,RG,4350,18,D,KK,AK,F
14:44:15,TLKM,RG,4350,1,D,CC,AK,F
14:44:15,TLKM,RG,4350,5,D,DX,AK,F
14:44:15,TLKM,RG,4350,5,D,PD,AK,F
14:44:15,TLKM,RG,4350,7,D,PD,AK,F
14:44:15,TLKM,RG,4350,2,D,XC,AK,F
14:44:15,TLKM,RG,4350,1,D,XC,AK,F
14:44:15,TLKM,RG,4350,5,D,YP,AK,F
14:44:15,TLKM,RG,4350,5,D,NI,AK,F
14:44:15,TLKM,RG,4350,1,D,YP,AK,F
14:44:13,TLKM,RG,4360,1,D,XC,BK,F
14:44:13,TLKM,RG,4350,11,D,YP,RX,F
14:44:11,TLKM,RG,4350,8,D,YP,RX,F
14:44:11,TLKM,RG,4350,2,D,CC,RX,F
14:44:11,TLKM,RG,4350,10,D,PD,RX,F
14:44:11,TLKM,RG,4350,1,D,GR,RX,F
14:44:11,TLKM,RG,4350,1,D,XC,RX,F
14:44:11,TLKM,RG,4350,12,D,PD,RX,F
14:44:11,TLKM,RG,4350,1,D,CC,RX,F
14:44:11,TLKM,RG,4350,6,D,PD,RX,F
14:44:09,TLKM,RG,4350,14,D,PD,RX,D
14:44:09,TLKM,RG,4350,24,D,RO,RX,D
14:44:08,TLKM,RG,4350,16,D,RO,RX,D
14:44:08,TLKM,RG,4350,9,D,XC,RX,D
14:44:08,TLKM,RG,4350,1,D,XC,RX,D
14:44:08,TLKM,RG,4350,1,D,XC,RX,D
14:44:08,TLKM,RG,4350,11,D,YP,RX,D
14:44:07,TLKM,RG,4350,39,D,YP,OD,D
14:44:07,TLKM,RG,4350,1,D,XC,OD,D
14:44:07,TLKM,RG,4350,93,D,XC,OD,D
14:44:07,TLKM,RG,4350,4,D,PD,OD,D
14:44:07,TLKM,RG,4350,1,D,XC,OD,D
14:44:07,TLKM,RG,4350,2,D,NI,OD,D
14:44:07,TLKM,RG,4350,20,D,PD,OD,D
14:44:07,TLKM,RG,4350,1,D,PD,OD,D
14:44:07,TLKM,RG,4350,30,D,YP,OD,D
14:44:07,TLKM,RG,4350,10,D,CC,OD,D
14:44:07,TLKM,RG,4350,2,D,RG,OD,D
14:44:07,TLKM,RG,4350,1,D,XC,OD,D
14:44:07,TLKM,RG,4350,1,D,XL,OD,D
14:44:07,TLKM,RG,4350,25,D,KK,OD,D
14:44:07,TLKM,RG,4350,10,D,PD,OD,D
14:44:07,TLKM,RG,4350,2,D,CC,OD,D
14:44:07,TLKM,RG,4350,10,D,YP,OD,D
14:44:07,TLKM,RG,4350,20,D,KK,OD,D
14:44:07,TLKM,RG,4350,1,D,SQ,OD,D
14:44:07,TLKM,RG,4350,1,D,XC,OD,D
14:44:07,TLKM,RG,4350,2,D,XC,OD,D
14:44:07,TLKM,RG,4350,2,D,CC,OD,D
14:44:07,TLKM,RG,4350,5,D,SQ,OD,D
14:44:07,TLKM,RG,4350,5,D,PD,OD,D
14:44:07,TLKM,RG,4350,20,D,YP,OD,D
14:44:07,TLKM,RG,4350,1,D,PD,OD,D
14:44:07,TLKM,RG,4350,100,D,CC,OD,D
14:44:07,TLKM,RG,4350,5,D,PD,OD,D
14:44:07,TLKM,RG,4350,5,D,NI,OD,D
14:44:07,TLKM,RG,4350,4,D,KK,OD,D
14:44:07,TLKM,RG,4350,2,D,XL,OD,D
14:44:07,TLKM,RG,4350,2,D,NI,OD,D
14:44:07,TLKM,RG,4350,12,D,NI,OD,D
14:44:07,TLKM,RG,4350,1,D,DR,OD,D
14:44:07,TLKM,RG,4350,1,D,PD,OD,D
14:44:07,TLKM,RG,4350,3,D,XC,OD,D
14:44:07,TLKM,RG,4350,5,D,XC,OD,D
14:44:07,TLKM,RG,4350,1,D,PD,OD,D
14:44:07,TLKM,RG,4350,5,D,XC,OD,D
14:44:07,TLKM,RG,4350,3,D,PD,OD,D
14:44:07,TLKM,RG,4350,1,D,KK,OD,D
14:44:07,TLKM,RG,4350,10,D,SQ,OD,D
14:44:07,TLKM,RG,4350,3,D,DR,OD,D
14:44:07,TLKM,RG,4350,3,D,CC,OD,D
14:44:07,TLKM,RG,4350,3,D,XL,OD,D
14:44:07,TLKM,RG,4350,1,D,NI,OD,D
14:44:07,TLKM,RG,4350,10,D,HP,OD,D
14:44:07,TLKM,RG,4350,10,D,KK,OD,D
14:44:07,TLKM,RG,4350,10,D,YP,OD,D
14:44:07,TLKM,RG,4350,1,D,PD,OD,D
14:44:07,TLKM,RG,4350,10,D,YU,OD,D
14:44:07,TLKM,RG,4350,5,D,XC,OD,D
14:44:07,TLKM,RG,4350,100,D,YP,OD,D
14:44:07,TLKM,RG,4350,1,D,XC,OD,D
14:44:07,TLKM,RG,4350,1,D,XC,OD,D
14:44:07,TLKM,RG,4350,1,D,XC,OD,D
14:44:07,TLKM,RG,4350,4,D,YP,OD,D
14:44:07,TLKM,RG,4350,60,D,KK,OD,D
14:44:07,TLKM,RG,4350,5,D,YP,OD,D
14:44:07,TLKM,RG,4350,2,D,YP,OD,D
14:44:07,TLKM,RG,4350,1,D,PD,OD,D
14:44:07,TLKM,RG,4350,3,D,NI,OD,D
14:44:07,TLKM,RG,4350,1,D,NI,OD,D
14:44:07,TLKM,RG,4350,4,F,ZP,OD,D
14:44:07,TLKM,RG,4350,2,D,XC,OD,D
14:44:07,TLKM,RG,4350,115,D,NI,OD,D
14:44:07,TLKM,RG,4350,30,D,CC,OD,D
14:44:07,TLKM,RG,4350,5,D,SQ,OD,D
14:44:07,TLKM,RG,4350,2,D,XC,OD,D
14:44:07,TLKM,RG,4350,20,D,GR,OD,D
14:44:07,TLKM,RG,4350,10,D,CC,OD,D
14:44:07,TLKM,RG,4350,4,D,PD,OD,D
14:44:07,TLKM,RG,4350,2,D,NI,OD,D
14:44:07,TLKM,RG,4350,1,D,YP,OD,D
14:44:07,TLKM,RG,4350,10,D,PD,OD,D
14:44:07,TLKM,RG,4350,2,D,PD,OD,D
14:44:07,TLKM,RG,4350,25,D,PD,OD,D
14:44:07,TLKM,RG,4350,1,D,XC,OD,D
14:44:07,TLKM,RG,4350,1,D,NI,OD,D
14:44:07,TLKM,RG,4350,9,D,NI,OD,D
14:44:07,TLKM,RG,4350,53,D,PF,OD,D
14:44:06,TLKM,RG,4360,14,D,YU,BK,F
14:44:05,TLKM,RG,4360,3,D,CC,BK,F
14:44:05,TLKM,RG,4350,12,D,PF,XC,D
14:44:04,TLKM,RG,4360,61,F,BK,BK,F
14:44:03,TLKM,RG,4350,1,D,PF,RX,D
14:44:01,TLKM,RG,4360,5,D,CC,BK,F
14:44:01,TLKM,RG,4350,1,D,PF,RX,D
14:44:00,TLKM,RG,4360,88,F,BK,BK,F
14:44:00,TLKM,RG,4350,6,D,PF,RX,D
14:43:57,TLKM,RG,4350,127,D,PF,CC,D
14:43:57,TLKM,RG,4350,10,D,XC,CC,D
14:43:57,TLKM,RG,4350,5,D,XC,CC,D
14:43:57,TLKM,RG,4350,27,D,CC,CC,D
14:43:57,TLKM,RG,4350,5,D,CC,CC,D
14:43:57,TLKM,RG,4350,55,D,SQ,CC,D
14:43:57,TLKM,RG,4350,2,D,PD,CC,D
14:43:57,TLKM,RG,4350,3,D,XC,CC,D
14:43:57,TLKM,RG,4350,5,D,PD,CC,D
14:43:57,TLKM,RG,4350,100,D,PD,CC,D
14:43:57,TLKM,RG,4350,1,D,XC,CC,D
14:43:57,TLKM,RG,4350,1,D,PD,CC,D
14:43:57,TLKM,RG,4350,1,D,CC,CC,D
14:43:57,TLKM,RG,4350,100,D,KK,CC,D
14:43:57,TLKM,RG,4350,10,D,YP,CC,D
14:43:57,TLKM,RG,4350,1,D,DR,CC,D
14:43:57,TLKM,RG,4350,5,D,PD,CC,D
14:43:57,TLKM,RG,4350,2,D,PD,CC,D
14:43:57,TLKM,RG,4350,2,D,XL,CC,D
14:43:57,TLKM,RG,4350,2,D,XL,CC,D
14:43:57,TLKM,RG,4350,1,D,CC,CC,D
14:43:57,TLKM,RG,4350,4,D,XC,CC,D
14:43:57,TLKM,RG,4350,10,D,PD,CC,D
14:43:57,TLKM,RG,4350,21,D,YP,CC,D
14:43:56,TLKM,RG,4350,12,D,YP,CC,D
14:43:55,TLKM,RG,4360,1,D,PD,BK,F
14:43:54,TLKM,RG,4350,4,D,YP,RX,D
14:43:53,TLKM,RG,4350,63,D,YP,AK,D
14:43:53,TLKM,RG,4350,30,D,PD,AK,D
14:43:53,TLKM,RG,4350,5,D,NI,AK,D
14:43:53,TLKM,RG,4350,36,D,AR,AK,D
14:43:53,TLKM,RG,4350,1,D,AR,RX,D
14:43:52,TLKM,RG,4360,50,D,CC,BK,F
14:43:52,TLKM,RG,4350,3,D,AR,RX,D
14:43:52,TLKM,RG,4350,2,D,AR,DR,D
14:43:49,TLKM,RG,4350,3,D,AR,RX,D
14:43:48,TLKM,RG,4350,26,D,AR,RX,D
14:43:46,TLKM,RG,4360,85,F,BK,BK,F
14:43:45,TLKM,RG,4350,42,D,AR,AK,F
14:43:44,TLKM,RG,4350,287,D,AR,AK,F
14:43:44,TLKM,RG,4350,25,D,YP,AK,F
14:43:44,TLKM,RG,4350,10,D,GR,AK,F
14:43:44,TLKM,RG,4350,2,D,YP,AK,F
14:43:43,TLKM,RG,4350,1,D,PD,PD,D
14:43:41,TLKM,RG,4360,3,D,XC,BK,F
14:43:39,TLKM,RG,4360,56,F,BK,BK,F
14:43:38,TLKM,RG,4350,8,D,PD,RX,D
14:43:38,TLKM,RG,4350,2,D,PD,RX,D
14:43:38,TLKM,RG,4350,6,D,DH,RX,D
14:43:38,TLKM,RG,4350,8,F,ZP,RX,D
14:43:38,TLKM,RG,4350,14,D,CC,RX,D
14:43:38,TLKM,RG,4350,3,D,CC,ZP,D
14:43:34,TLKM,RG,4350,27,D,CC,CC,D
14:43:34,TLKM,RG,4360,10,F,ZP,BK,F
14:43:32,TLKM,RG,4350,11,D,CC,CC,D
14:43:28,TLKM,RG,4360,50,D,OD,BK,F
14:43:28,TLKM,RG,4360,1,D,XC,BK,F
14:43:26,TLKM,RG,4350,20,D,CC,LG,D
14:43:24,TLKM,RG,4350,3,D,CC,RX,D
14:43:23,TLKM,RG,4350,22,D,CC,RX,D
14:43:23,TLKM,RG,4350,2,D,PD,RX,D
14:43:23,TLKM,RG,4350,1,D,YB,RX,D
14:43:23,TLKM,RG,4350,2,D,CC,RX,D
14:43:23,TLKM,RG,4350,10,D,KK,RX,D
14:43:23,TLKM,RG,4350,3,D,XC,RX,D
14:43:23,TLKM,RG,4350,2,D,XC,RX,F
14:43:23,TLKM,RG,4350,10,D,GR,RX,F
14:43:23,TLKM,RG,4350,3,D,PD,RX,F
14:43:23,TLKM,RG,4350,5,D,CC,RX,F
14:43:23,TLKM,RG,4350,3,D,XC,RX,F
14:43:23,TLKM,RG,4350,15,D,YP,RX,F
14:43:22,TLKM,RG,4360,48,F,BK,BK,F
14:43:21,TLKM,RG,4350,4,D,YP,RX,F
14:43:21,TLKM,RG,4350,31,D,YP,LG,D
14:43:21,TLKM,RG,4350,1,D,XC,LG,D
14:43:21,TLKM,RG,4350,8,D,RG,LG,D
14:43:20,TLKM,RG,4350,1,D,RG,XC,D
14:43:19,TLKM,RG,4360,15,D,YB,BK,F
14:43:18,TLKM,RG,4360,43,F,BK,BK,F
14:43:18,TLKM,RG,4350,102,D,YP,CC,D
14:43:16,TLKM,RG,4360,200,D,NI,BK,F
14:43:16,TLKM,RG,4350,21,D,YP,AK,F
14:43:14,TLKM,RG,4360,56,F,BK,BK,F
14:43:11,TLKM,RG,4360,1,D,NI,BK,F
14:43:10,TLKM,RG,4350,6,D,YP,RX,D
14:43:10,TLKM,RG,4350,9,D,YP,RX,D
14:43:09,TLKM,RG,4360,200,D,KK,BK,F
14:43:08,TLKM,RG,4350,4,D,YP,PD,D
14:43:08,TLKM,RG,4350,37,D,YP,RX,D
14:43:06,TLKM,RG,4350,1,D,YP,RX,D
14:42:59,TLKM,RG,4360,1,D,XC,BK,F
14:42:58,TLKM,RG,4350,5,D,YP,CC,D
14:42:57,TLKM,RG,4360,1,D,XL,BK,F
14:42:52,TLKM,RG,4360,3,D,AT,BK,F
14:42:51,TLKM,RG,4360,1,D,XC,BK,F
14:42:51,TLKM,RG,4350,5,D,YP,RX,D
14:42:49,TLKM,RG,4360,2,D,PD,BK,F
14:42:47,TLKM,RG,4350,5,D,YP,ZP,D
14:42:47,TLKM,RG,4360,42,F,BK,BK,F
14:42:42,TLKM,RG,4360,1,F,ZP,BK,F
14:42:42,TLKM,RG,4360,46,F,BK,BK,F
14:42:41,TLKM,RG,4350,45,D,YP,RX,F
14:42:40,TLKM,RG,4350,3,D,YP,RX,D
14:42:39,TLKM,RG,4350,47,D,YP,RX,D
14:42:39,TLKM,RG,4360,1315,D,YU,BK,F
14:42:37,TLKM,RG,4360,622,D,YU,BK,F
14:42:37,TLKM,RG,4360,10,D,YU,CC,D
14:42:37,TLKM,RG,4360,9,D,YU,CC,D
14:42:37,TLKM,RG,4360,674,D,YU,CC,D
14:42:37,TLKM,RG,4350,37,D,YP,RX,D
14:42:35,TLKM,RG,4350,50,D,YP,NI,D
14:42:35,TLKM,RG,4350,4,D,YP,RX,D
14:42:33,TLKM,RG,4360,4,D,XC,CC,D
14:42:32,TLKM,RG,4350,1,D,YP,RX,D
14:42:30,TLKM,RG,4360,1,D,XC,CC,D
14:42:30,TLKM,RG,4350,289,D,YP,AK,F
14:42:30,TLKM,RG,4350,1,D,YB,AK,F
14:42:30,TLKM,RG,4350,5,D,PD,AK,F
14:42:30,TLKM,RG,4350,1,D,XC,AK,F
14:42:30,TLKM,RG,4350,5,D,PD,AK,F
14:42:30,TLKM,RG,4350,10,D,NI,AK,F
14:42:30,TLKM,RG,4350,1,D,SQ,AK,F
14:42:30,TLKM,RG,4350,7,D,CC,AK,F
14:42:30,TLKM,RG,4350,10,D,OD,AK,F
14:42:30,TLKM,RG,4350,20,D,CC,AK,F
14:42:30,TLKM,RG,4350,10,D,XC,AK,F
14:42:30,TLKM,RG,4350,1,D,NI,AK,F
14:42:30,TLKM,RG,4350,5,D,XC,AK,F
14:42:30,TLKM,RG,4350,1,D,CC,AK,F
14:42:30,TLKM,RG,4350,10,D,PD,AK,F
14:42:30,TLKM,RG,4350,25,D,YP,AK,F
14:42:30,TLKM,RG,4350,2,D,YP,AK,F
14:42:30,TLKM,RG,4350,4,D,PD,AK,F
14:42:30,TLKM,RG,4350,13,D,XC,AK,F
14:42:30,TLKM,RG,4350,1,D,PD,AK,F
14:42:30,TLKM,RG,4350,2,D,PD,AK,F
14:42:30,TLKM,RG,4350,1,D,XC,AK,F
14:42:30,TLKM,RG,4350,2,D,PD,AK,F
14:42:30,TLKM,RG,4350,1,D,EP,AK,F
14:42:30,TLKM,RG,4350,2,D,OD,AK,F
14:42:30,TLKM,RG,4350,5,D,NI,AK,F
14:42:30,TLKM,RG,4350,1,D,YP,AK,F
14:42:30,TLKM,RG,4350,15,D,XC,AK,F
14:42:30,TLKM,RG,4350,10,D,YP,AK,F
14:42:30,TLKM,RG,4350,1,D,YP,AK,F
14:42:30,TLKM,RG,4350,2,D,NI,AK,F
14:42:30,TLKM,RG,4350,5,D,XC,AK,F
14:42:30,TLKM,RG,4350,20,D,PD,AK,F
14:42:30,TLKM,RG,4350,4,D,CC,AK,F
14:42:30,TLKM,RG,4350,5,D,SQ,AK,F
14:42:30,TLKM,RG,4350,10,D,YP,AK,F
14:42:30,TLKM,RG,4350,1,D,LG,AK,F
14:42:30,TLKM,RG,4350,152,D,PD,AK,F
14:42:20,TLKM,RG,4360,3,D,PD,CC,D
14:42:20,TLKM,RG,4350,7,D,PD,CC,D
14:42:18,TLKM,RG,4350,26,D,PD,CC,D
14:42:16,TLKM,RG,4350,9,D,PD,CC,D
14:42:15,TLKM,RG,4350,61,D,PD,AK,F
14:42:15,TLKM,RG,4350,1,D,XC,AK,F
14:42:15,TLKM,RG,4350,1,D,SQ,AK,F
14:42:14,TLKM,RG,4360,1,D,XC,CC,D
14:42:14,TLKM,RG,4350,2,D,SQ,AK,D
14:42:14,TLKM,RG,4350,3,D,YP,AK,D
14:42:14,TLKM,RG,4350,1,D,XC,AK,D
14:42:14,TLKM,RG,4350,2,D,CC,AK,D
14:42:14,TLKM,RG,4350,3,D,YP,AK,D
14:42:14,TLKM,RG,4350,1,D,PD,AK,D
14:42:14,TLKM,RG,4350,20,D,YP,AK,D
14:42:14,TLKM,RG,4350,1,D,PD,AK,D
14:42:14,TLKM,RG,4350,8,D,CC,AK,D
14:42:14,TLKM,RG,4350,5,D,SQ,AK,D
14:42:14,TLKM,RG,4350,25,D,NI,AK,D
14:42:14,TLKM,RG,4350,1,D,XC,AK,D
14:42:14,TLKM,RG,4350,2,D,XC,AK,D
14:42:14,TLKM,RG,4350,2,D,PD,AK,D
14:42:14,TLKM,RG,4350,3,D,DH,AK,D
14:42:14,TLKM,RG,4350,1,D,XC,AK,D
14:42:14,TLKM,RG,4350,1,D,NI,AK,D
14:42:14,TLKM,RG,4350,9,D,YP,AK,D
14:42:14,TLKM,RG,4350,1,D,XC,AK,D
14:42:14,TLKM,RG,4350,10,D,DX,AK,D
14:42:14,TLKM,RG,4350,5,D,YP,AK,D
14:42:14,TLKM,RG,4350,1,D,SQ,AK,D
14:42:14,TLKM,RG,4350,1,D,PD,AK,D
14:42:14,TLKM,RG,4350,25,D,NI,AK,D
14:42:14,TLKM,RG,4350,2,D,XC,AK,D
14:42:14,TLKM,RG,4350,10,D,PD,AK,D
14:42:14,TLKM,RG,4350,1,D,PD,AK,D
14:42:14,TLKM,RG,4350,10,D,SQ,AK,D
14:42:14,TLKM,RG,4350,5,D,XC,AK,D
14:42:14,TLKM,RG,4350,1,D,PD,AK,D
14:42:14,TLKM,RG,4350,3,D,XC,AK,D
14:42:14,TLKM,RG,4350,5,D,XL,AK,D
14:42:14,TLKM,RG,4350,100,D,YP,AK,D
14:42:14,TLKM,RG,4350,1,D,YP,AK,D
14:42:14,TLKM,RG,4350,1,D,ZP,AK,D
14:42:14,TLKM,RG,4350,2,D,CC,AK,D
14:42:14,TLKM,RG,4350,1,D,XL,AK,D
14:42:14,TLKM,RG,4350,10,D,SQ,AK,D
14:42:14,TLKM,RG,4350,25,D,YU,AK,D
14:42:14,TLKM,RG,4350,5,D,PD,AK,D
14:42:14,TLKM,RG,4350,1,D,PD,AK,D
14:42:14,TLKM,RG,4350,5,D,TP,AK,D
14:42:14,TLKM,RG,4350,5,D,XC,AK,D
14:42:14,TLKM,RG,4350,3,D,XL,AK,D
14:42:14,TLKM,RG,4350,2,D,EP,AK,D
14:42:14,TLKM,RG,4350,1,D,KK,AK,D
14:42:14,TLKM,RG,4350,5,D,CC,AK,D
14:42:14,TLKM,RG,4350,2,D,DX,AK,D
14:42:14,TLKM,RG,4350,2,D,PD,AK,D
14:42:14,TLKM,RG,4350,22,D,SQ,AK,D
14:42:14,TLKM,RG,4350,3,D,XC,AK,D
14:42:14,TLKM,RG,4350,433,D,BK,AK,D
14:42:13,TLKM,RG,4360,1,D,PD,CC,D
14:42:09,TLKM,RG,4350,5,D,BK,XA,D
14:42:08,TLKM,RG,4350,10,D,BK,RX,D
14:42:07,TLKM,RG,4350,37,D,BK,ZP,D
14:42:04,TLKM,RG,4360,30,D,PD,CC,D
14:42:02,TLKM,RG,4350,99,D,BK,RX,D
14:42:02,TLKM,RG,4350,5,D,BK,RX,D
14:42:02,TLKM,RG,4350,10,D,BK,RX,D
14:42:01,TLKM,RG,4350,5,D,BK,DX,D
14:42:01,TLKM,RG,4350,6,D,BK,RX,D
14:42:00,TLKM,RG,4350,20,D,BK,AK,F
14:41:56,TLKM,RG,4350,1,D,BK,RX,D
14:41:55,TLKM,RG,4350,66,D,BK,RX,D
14:41:54,TLKM,RG,4350,3,D,BK,AT,D
14:41:53,TLKM,RG,4350,800,D,BK,OD,D
14:41:53,TLKM,RG,4350,25,D,OD,OD,D
14:41:53,TLKM,RG,4350,2,D,YP,OD,D
14:41:53,TLKM,RG,4350,5,D,YP,OD,D
14:41:53,TLKM,RG,4350,40,D,YP,OD,D
14:41:53,TLKM,RG,4350,10,D,YP,OD,D
14:41:53,TLKM,RG,4350,1,D,YP,OD,D
14:41:53,TLKM,RG,4350,5,D,YP,OD,D
14:41:53,TLKM,RG,4350,10,D,YP,OD,D
14:41:53,TLKM,RG,4350,5,D,XL,OD,D
14:41:53,TLKM,RG,4350,9,D,CC,OD,D
14:41:53,TLKM,RG,4350,1,D,CC,OD,D
14:41:53,TLKM,RG,4350,23,D,XC,OD,D
14:41:53,TLKM,RG,4350,2,D,XC,OD,D
14:41:53,TLKM,RG,4350,2,D,XC,OD,D
14:41:53,TLKM,RG,4350,6,D,PD,OD,D
14:41:53,TLKM,RG,4350,50,D,PD,OD,D
14:41:53,TLKM,RG,4350,1,D,CC,OD,D
14:41:53,TLKM,RG,4350,1,D,XC,OD,D
14:41:53,TLKM,RG,4350,1,D,XC,OD,D
14:41:53,TLKM,RG,4350,1,D,XC,OD,D
14:41:50,TLKM,RG,4350,2,D,XC,RX,D
14:41:50,TLKM,RG,4350,1,D,XC,RX,D
14:41:50,TLKM,RG,4350,1,D,XC,RX,D
14:41:50,TLKM,RG,4350,1,D,XC,RX,D
14:41:50,TLKM,RG,4350,1,D,XC,RX,D
14:41:48,TLKM,RG,4350,9,D,PD,RX,D
14:41:48,TLKM,RG,4350,4,D,PD,PD,D
14:41:46,TLKM,RG,4350,240,D,PD,AZ,D
14:41:45,TLKM,RG,4350,245,D,PD,AK,F
14:41:44,TLKM,RG,4350,980,D,PD,AK,D
14:41:37,TLKM,RG,4360,4,D,KK,CC,D
14:41:32,TLKM,RG,4350,41,D,PD,RX,D
14:41:26,TLKM,RG,4350,38,D,PD,RX,D
14:41:25,TLKM,RG,4360,20,D,YP,CC,D
14:41:23,TLKM,RG,4350,3,D,PD,RX,D
14:41:20,TLKM,RG,4360,1,D,XC,CC,D
14:41:18,TLKM,RG,4360,5,D,GR,CC,D
14:41:16,TLKM,RG,4360,17,D,SQ,CC,D
14:41:14,TLKM,RG,4360,1,F,AK,CC,D
14:41:14,TLKM,RG,4360,89,F,AK,ZP,F
14:41:14,TLKM,RG,4360,1,F,AK,ZP,D
14:41:14,TLKM,RG,4360,41,F,AK,ZP,D
14:41:14,TLKM,RG,4360,4,D,CC,ZP,D
14:41:14,TLKM,RG,4360,6,D,CC,CC,D
14:41:14,TLKM,RG,4360,75,F,AK,CC,D
14:41:14,TLKM,RG,4360,5,F,AK,CC,D
14:41:14,TLKM,RG,4360,1,F,AK,ZP,F
14:41:13,TLKM,RG,4360,1,D,XC,ZP,F
14:41:13,TLKM,RG,4350,5,D,PD,RX,D
14:41:13,TLKM,RG,4360,81,F,AK,SQ,D
14:41:12,TLKM,RG,4360,30,D,LG,SQ,D
14:41:12,TLKM,RG,4360,15,F,ZP,SQ,D
14:41:12,TLKM,RG,4360,5,D,KK,SQ,D
14:41:12,TLKM,RG,4360,23,D,YP,SQ,D
14:41:12,TLKM,RG,4360,3,D,XC,SQ,D
14:41:12,TLKM,RG,4360,1,D,CC,SQ,D
14:41:12,TLKM,RG,4360,157,D,YU,SQ,D
14:41:12,TLKM,RG,4360,157,D,YU,SQ,D
14:41:12,TLKM,RG,4360,20,D,PD,SQ,D
14:41:12,TLKM,RG,4360,1,D,PD,SQ,D
14:41:12,TLKM,RG,4360,5,D,PD,SQ,D
14:41:12,TLKM,RG,4360,2,D,PD,SQ,D
14:41:12,TLKM,RG,4360,7,D,XC,OD,D
14:41:12,TLKM,RG,4360,2,D,PD,OD,D
14:41:12,TLKM,RG,4360,1,D,NI,OD,D
14:41:12,TLKM,RG,4360,10,D,PD,OD,D
14:41:09,TLKM,RG,4360,11,D,PD,ZP,F
14:41:09,TLKM,RG,4360,53,D,XC,ZP,F
14:41:08,TLKM,RG,4360,47,D,XC,SQ,D
14:41:08,TLKM,RG,4360,40,D,NI,SQ,D
14:41:08,TLKM,RG,4360,300,D,NI,SQ,D
14:41:08,TLKM,RG,4360,2,D,PD,SQ,D
14:41:08,TLKM,RG,4360,1,D,XC,SQ,D
14:41:08,TLKM,RG,4360,8,F,ZP,SQ,D
14:41:08,TLKM,RG,4360,1,D,PD,SQ,D
14:41:08,TLKM,RG,4360,28,D,XC,SQ,D
14:41:07,TLKM,RG,4360,118,D,XC,AK,D
14:41:07,TLKM,RG,4360,3,D,PD,AK,D
14:41:07,TLKM,RG,4360,10,D,XC,AK,D
14:41:07,TLKM,RG,4360,2,D,XC,AK,D
14:41:07,TLKM,RG,4360,2,D,PD,AK,D
14:41:07,TLKM,RG,4360,1,D,XC,AK,D
14:41:07,TLKM,RG,4360,9,D,CC,AK,D
14:41:07,TLKM,RG,4360,3,D,PD,AK,D
14:41:07,TLKM,RG,4360,1,D,XC,AK,D
14:41:07,TLKM,RG,4360,10,D,YP,AK,D
14:41:07,TLKM,RG,4360,1,D,XL,AK,D
14:41:07,TLKM,RG,4360,25,D,KK,AK,D
14:41:07,TLKM,RG,4360,5,D,NI,AK,D
14:41:07,TLKM,RG,4360,5,D,XC,AK,D
14:41:07,TLKM,RG,4360,2,D,XC,AK,D
14:41:07,TLKM,RG,4360,1,D,XC,AK,D
14:41:07,TLKM,RG,4360,536,D,HD,AK,D
14:41:06,TLKM,RG,4360,1,D,HD,RX,D
14:41:04,TLKM,RG,4360,5,D,HD,RX,D
14:41:01,TLKM,RG,4370,9,D,XC,AK,F
14:41:01,TLKM,RG,4360,1,D,HD,RX,D
14:41:00,TLKM,RG,4360,54,D,HD,AK,F
14:40:59,TLKM,RG,4360,20,D,HD,OD,D
14:40:59,TLKM,RG,4360,50,D,HD,SQ,D
14:40:59,TLKM,RG,4360,13,D,HD,SQ,D
14:40:59,TLKM,RG,4360,2,D,XC,SQ,D
14:40:58,TLKM,RG,4360,11,D,XC,CC,D
14:40:58,TLKM,RG,4360,17,D,XC,CC,D
14:40:58,TLKM,RG,4360,2,D,XC,CC,D
14:40:58,TLKM,RG,4360,2,D,PD,CC,D
14:40:58,TLKM,RG,4360,2,D,GR,CC,D
14:40:58,TLKM,RG,4360,1,D,YP,CC,D
14:40:56,TLKM,RG,4360,6,D,YP,CC,D
14:40:45,TLKM,RG,4360,3,D,YP,AK,F
14:40:45,TLKM,RG,4360,7,D,PD,AK,F
14:40:43,TLKM,RG,4360,43,D,PD,AK,D
14:40:43,TLKM,RG,4360,1,D,EP,AK,D
14:40:43,TLKM,RG,4360,1,D,YP,AK,D
14:40:43,TLKM,RG,4360,1,D,NI,AK,D
14:40:43,TLKM,RG,4360,30,D,LG,AK,D
14:40:43,TLKM,RG,4360,50,D,DR,AK,D
14:40:43,TLKM,RG,4360,2,D,PD,AK,D
14:40:43,TLKM,RG,4360,5,D,SQ,AK,D
14:40:43,TLKM,RG,4360,1,D,XC,AK,D
14:40:43,TLKM,RG,4360,50,D,DR,AK,D
14:40:43,TLKM,RG,4360,1,D,PD,AK,D
14:40:43,TLKM,RG,4360,25,D,KK,AK,D
14:40:43,TLKM,RG,4360,2,D,XC,AK,D
14:40:43,TLKM,RG,4360,10,D,YP,AK,D
14:40:43,TLKM,RG,4360,3,D,CC,AK,D
14:40:43,TLKM,RG,4360,2,D,XC,AK,D
14:40:43,TLKM,RG,4360,3,D,YP,AK,D
14:40:43,TLKM,RG,4360,1,D,XC,AK,D
14:40:43,TLKM,RG,4360,23,F,AK,AK,D
14:40:43,TLKM,RG,4360,1,D,PD,AK,D
14:40:43,TLKM,RG,4360,119,D,YP,AK,D
14:40:43,TLKM,RG,4360,250,D,YP,AK,D
14:40:43,TLKM,RG,4360,5,D,YP,AK,D
14:40:43,TLKM,RG,4360,45,F,ZP,AK,D
14:40:43,TLKM,RG,4360,50,F,ZP,AK,D
14:40:42,TLKM,RG,4370,1,D,PD,AK,F
14:40:38,TLKM,RG,4370,5,D,PD,AK,F
14:40:36,TLKM,RG,4360,51,F,ZP,CC,D
14:40:36,TLKM,RG,4360,1,D,XC,CC,D
14:40:36,TLKM,RG,4360,10,D,YP,CC,D
14:40:36,TLKM,RG,4360,3,F,DR,CC,D
14:40:36,TLKM,RG,4360,3,D,YP,CC,D
14:40:36,TLKM,RG,4360,24,D,YP,CC,D
14:40:34,TLKM,RG,4370,12,D,XC,AK,F
14:40:32,TLKM,RG,4360,50,D,YP,LG,D
14:40:30,TLKM,RG,4360,26,D,YP,SQ,D
14:40:30,TLKM,RG,4360,3,D,PD,SQ,D
14:40:30,TLKM,RG,4360,1,D,PD,SQ,D
14:40:30,TLKM,RG,4360,5,D,XA,SQ,D
14:40:29,TLKM,RG,4370,1,D,PD,AK,F
14:40:27,TLKM,RG,4370,3,D,PD,AK,F
14:40:26,TLKM,RG,4370,1,F,ZP,AK,F
14:40:18,TLKM,RG,4360,5,D,XA,YP,D
14:40:18,TLKM,RG,4360,1,D,XC,YP,D
14:40:18,TLKM,RG,4360,2,D,PD,YP,D
14:40:18,TLKM,RG,4360,2,D,CC,YP,D
14:40:14,TLKM,RG,4360,3,D,CC,AK,D
14:40:14,TLKM,RG,4360,1,D,PD,AK,D
14:40:14,TLKM,RG,4360,8,F,ZP,AK,D
14:40:14,TLKM,RG,4360,10,D,SQ,AK,D
14:40:14,TLKM,RG,4360,30,D,DR,AK,D
14:40:14,TLKM,RG,4360,10,D,YP,AK,D
14:40:14,TLKM,RG,4360,4,D,YP,AK,D
14:40:14,TLKM,RG,4360,12,D,XC,AK,D
14:40:14,TLKM,RG,4360,128,D,LG,AK,D
14:40:14,TLKM,RG,4360,1,D,AT,AK,D
14:40:14,TLKM,RG,4360,1,D,XC,AK,D
14:40:14,TLKM,RG,4360,100,D,YP,AK,D
14:40:14,TLKM,RG,4360,4,D,PD,AK,D
14:40:14,TLKM,RG,4360,5,D,XC,AK,D
14:40:14,TLKM,RG,4360,317,F,AK,AK,D
14:40:14,TLKM,RG,4360,1,D,XC,AK,D
14:40:14,TLKM,RG,4360,5,D,CC,AK,D
14:40:14,TLKM,RG,4360,79,D,YP,AK,D
14:40:14,TLKM,RG,4370,55,D,YP,AK,F
14:40:11,TLKM,RG,4360,100,D,YP,SQ,D
14:40:11,TLKM,RG,4370,1,D,XC,AK,F
14:40:10,TLKM,RG,4360,5,D,YP,CC,D
14:40:08,TLKM,RG,4360,1,D,YP,ZP,F
14:40:08,TLKM,RG,4360,5,D,YP,PD,D
14:40:05,TLKM,RG,4360,110,D,YP,SQ,D
14:40:05,TLKM,RG,4360,2,D,NI,SQ,D
14:40:05,TLKM,RG,4360,6,D,CC,SQ,D
14:40:05,TLKM,RG,4360,5,D,SQ,SQ,D
14:40:05,TLKM,RG,4360,877,F,AK,SQ,D
14:40:03,TLKM,RG,4360,1,F,AK,XC,D
14:40:02,TLKM,RG,4370,620,D,YU,AK,F
14:40:02,TLKM,RG,4370,400,D,YU,AK,F
14:40:02,TLKM,RG,4370,221,D,YU,SQ,D
14:40:01,TLKM,RG,4360,50,F,AK,SQ,D
14:40:00,TLKM,RG,4360,31,F,AK,ZP,D
14:39:53,TLKM,RG,4360,7,F,AK,YP,D
14:39:52,TLKM,RG,4370,50,D,YP,SQ,D
14:39:51,TLKM,RG,4370,2,D,CC,SQ,D
14:39:51,TLKM,RG,4360,248,F,AK,CS,D
14:39:51,TLKM,RG,4360,1,D,DH,CS,D
14:39:51,TLKM,RG,4360,10,D,YP,CS,D
14:39:51,TLKM,RG,4360,20,D,AT,CS,D
14:39:51,TLKM,RG,4360,5,D,NI,CS,D
14:39:51,TLKM,RG,4360,24,F,AK,CS,D
14:39:51,TLKM,RG,4360,2,D,PD,CS,D
14:39:51,TLKM,RG,4360,10,D,CC,CS,D
14:39:51,TLKM,RG,4360,10,D,PD,CS,D
14:39:51,TLKM,RG,4360,8,D,XC,CS,D
14:39:51,TLKM,RG,4360,103,F,BK,CS,D
14:39:51,TLKM,RG,4360,1000,D,BK,CS,D
14:39:51,TLKM,RG,4360,75,D,CC,CS,D
14:39:51,TLKM,RG,4360,5,D,XC,CS,D
14:39:51,TLKM,RG,4360,10,D,PD,CS,D
14:39:51,TLKM,RG,4360,9,D,PD,CS,D
14:39:51,TLKM,RG,4360,118,D,XC,CS,D
14:39:51,TLKM,RG,4360,50,D,PD,CS,D
14:39:51,TLKM,RG,4360,2,D,YP,CS,D
14:39:51,TLKM,RG,4360,1,D,XC,CS,D
14:39:51,TLKM,RG,4360,26,F,AK,CS,D
14:39:51,TLKM,RG,4360,1,D,XC,CS,D
14:39:51,TLKM,RG,4360,2,D,XC,CS,D
14:39:51,TLKM,RG,4360,8,D,XC,CS,D
14:39:51,TLKM,RG,4360,15,D,PD,CS,D
14:39:51,TLKM,RG,4360,1,D,XC,CS,D
14:39:51,TLKM,RG,4360,2,D,PD,CS,D
14:39:51,TLKM,RG,4360,10,D,YU,CS,D
14:39:51,TLKM,RG,4360,5,D,GR,CS,D
14:39:51,TLKM,RG,4360,4,D,AT,CS,D
14:39:51,TLKM,RG,4360,1,D,PD,CS,D
14:39:51,TLKM,RG,4360,1,D,XC,CS,D
14:39:51,TLKM,RG,4360,1,D,NI,CS,D
14:39:51,TLKM,RG,4360,175,D,YP,CS,D
14:39:51,TLKM,RG,4360,23,D,YP,CS,D
14:39:51,TLKM,RG,4360,2,D,YP,CS,D
14:39:51,TLKM,RG,4360,5,D,PD,CS,D
14:39:51,TLKM,RG,4360,1,D,DX,CS,D
14:39:51,TLKM,RG,4360,1,D,YP,CS,D
14:39:51,TLKM,RG,4360,5,D,PD,CS,D
14:39:49,TLKM,RG,4360,1,D,XC,ZP,F
14:39:49,TLKM,RG,4360,215,D,MG,ZP,F
14:39:45,TLKM,RG,4360,5,D,MG,DX,D
14:39:43,TLKM,RG,4370,100,D,YP,SQ,D
14:39:40,TLKM,RG,4360,24,D,MG,CC,D
14:39:39,TLKM,RG,4360,756,D,MG,SQ,D
14:39:39,TLKM,RG,4360,2,D,NI,SQ,D
14:39:39,TLKM,RG,4360,1,D,GR,SQ,D
14:39:39,TLKM,RG,4360,1,D,PD,SQ,D
14:39:39,TLKM,RG,4360,10,D,KK,SQ,D
14:39:39,TLKM,RG,4360,1,D,CC,SQ,D
14:39:39,TLKM,RG,4360,5,D,GR,SQ,D
14:39:39,TLKM,RG,4360,25,D,YP,SQ,D
14:39:39,TLKM,RG,4360,10,D,DR,SQ,D
14:39:39,TLKM,RG,4360,150,F,ZP,SQ,D
14:39:39,TLKM,RG,4360,39,F,ZP,SQ,D
14:39:38,TLKM,RG,4360,9,F,ZP,CC,D
14:39:38,TLKM,RG,4370,8,F,ZP,SQ,D
14:39:36,TLKM,RG,4360,15,F,ZP,SQ,D
14:39:36,TLKM,RG,4360,85,F,CS,SQ,D
14:39:30,TLKM,RG,4360,200,F,CS,SQ,D
14:39:29,TLKM,RG,4360,767,F,CS,AK,D
14:39:29,TLKM,RG,4360,46,F,CS,AK,D
14:39:28,TLKM,RG,4360,50,F,CS,SQ,D
14:39:26,TLKM,RG,4360,6,F,CS,CC,D
14:39:23,TLKM,RG,4360,1000,F,CS,SQ,D
14:39:21,TLKM,RG,4360,5,F,CS,ZP,D
14:39:20,TLKM,RG,4360,52,F,CS,ZP,D
14:39:16,TLKM,RG,4370,1,D,PD,SQ,D
14:39:16,TLKM,RG,4360,26,F,CS,SQ,D
14:39:14,TLKM,RG,4360,98,F,CS,CC,D
14:39:12,TLKM,RG,4360,200,F,CS,SQ,D
14:39:05,TLKM,RG,4360,429,F,CS,OD,D
14:39:02,TLKM,RG,4370,21,D,XC,SQ,D
14:38:59,TLKM,RG,4360,565,F,CS,AK,D
14:38:58,TLKM,RG,4360,10,F,CS,PD,D
14:38:53,TLKM,RG,4360,1,F,CS,ZP,D
14:38:50,TLKM,RG,4370,10,F,ZP,SQ,D
14:38:45,TLKM,RG,4360,2,F,CS,AK,F
14:38:45,TLKM,RG,4360,39,D,YU,AK,F
14:38:42,TLKM,RG,4360,6,D,YU,CC,D
14:38:30,TLKM,RG,4360,13,D,YU,AK,F
14:38:30,TLKM,RG,4360,20,D,YU,CC,D
14:38:29,TLKM,RG,4360,422,D,YU,AK,D
14:38:29,TLKM,RG,4360,1,D,XC,AK,D
14:38:29,TLKM,RG,4360,234,D,HD,AK,D
14:38:22,TLKM,RG,4360,10,D,HD,CC,D
14:38:22,TLKM,RG,4360,25,D,HD,CC,D
14:38:15,TLKM,RG,4360,1,D,HD,RX,D
14:38:14,TLKM,RG,4360,230,D,HD,AK,D
14:38:14,TLKM,RG,4360,10,D,KK,AK,D
14:38:14,TLKM,RG,4360,1,D,NI,AK,D
14:38:14,TLKM,RG,4360,5,D,PD,AK,D
14:38:14,TLKM,RG,4360,10,D,AZ,AK,D
14:38:14,TLKM,RG,4360,5,D,YP,AK,D
14:38:14,TLKM,RG,4360,1,D,NI,AK,D
14:38:14,TLKM,RG,4360,5,D,KK,AK,D
14:38:14,TLKM,RG,4360,2,D,PD,AK,D
14:38:14,TLKM,RG,4360,1,D,KK,AK,D
14:38:14,TLKM,RG,4360,2,D,GR,AK,D
14:38:14,TLKM,RG,4360,10,D,YP,AK,D
14:38:14,TLKM,RG,4360,265,F,AK,AK,D
14:38:09,TLKM,RG,4370,23,D,KK,SQ,D
14:38:05,TLKM,RG,4370,1,D,XC,SQ,D
14:38:02,TLKM,RG,4360,49,F,AK,ZP,F
14:38:00,TLKM,RG,4360,5,F,AK,CC,D
14:38:00,TLKM,RG,4360,54,F,AK,CC,D
14:38:00,TLKM,RG,4360,20,F,AK,CC,D
14:38:00,TLKM,RG,4360,653,D,BK,CC,D
14:37:57,TLKM,RG,4370,2,F,ZP,SQ,D
14:37:54,TLKM,RG,4360,99,D,BK,CC,D
14:37:46,TLKM,RG,4360,1000,D,BK,OD,D
14:37:45,TLKM,RG,4370,3,D,XC,SQ,D
14:37:45,TLKM,RG,4370,1,D,CC,SQ,D
14:37:44,TLKM,RG,4360,248,D,BK,AK,D
14:37:44,TLKM,RG,4360,20,D,YP,AK,D
14:37:44,TLKM,RG,4360,1,D,XC,AK,D
14:37:44,TLKM,RG,4360,1,D,NI,AK,D
14:37:44,TLKM,RG,4360,5,D,KK,AK,D
14:37:44,TLKM,RG,4360,20,D,XC,AK,D
14:37:44,TLKM,RG,4360,8,D,YP,AK,D
14:37:44,TLKM,RG,4360,115,F,ZP,AK,D
14:37:44,TLKM,RG,4360,50,F,ZP,AK,D
14:37:44,TLKM,RG,4360,169,F,BK,AK,D
14:37:39,TLKM,RG,4360,1,F,BK,ZP,D
14:37:38,TLKM,RG,4370,1,D,XL,SQ,D
14:37:31,TLKM,RG,4360,5,F,BK,DX,D
14:37:21,TLKM,RG,4360,6,F,BK,PD,D
14:37:18,TLKM,RG,4360,6,F,BK,CC,D
14:37:14,TLKM,RG,4360,415,F,BK,AK,D
14:37:14,TLKM,RG,4360,171,D,MG,AK,D
14:37:07,TLKM,RG,4370,1,D,XC,SQ,D
14:37:06,TLKM,RG,4360,10,D,MG,CC,D
14:37:06,TLKM,RG,4360,25,D,MG,CC,D
14:37:06,TLKM,RG,4370,2,D,AT,SQ,D
14:37:00,TLKM,RG,4370,493,D,YU,SQ,D
14:37:00,TLKM,RG,4370,60,D,YU,SQ,D
14:37:00,TLKM,RG,4370,432,D,YU,SQ,D
14:36:59,TLKM,RG,4360,637,D,MG,AK,D
14:36:51,TLKM,RG,4370,1,D,NI,SQ,D
14:36:41,TLKM,RG,4360,2,D,MG,SQ,D
14:36:34,TLKM,RG,4360,5,D,MG,CC,D
14:36:33,TLKM,RG,4360,30,D,MG,ZP,D
14:36:32,TLKM,RG,4360,95,D,MG,CC,D
14:36:29,TLKM,RG,4360,25,D,MG,AK,D
14:36:29,TLKM,RG,4360,343,F,AK,AK,D
14:36:29,TLKM,RG,4360,269,F,AK,AK,D
14:35:59,TLKM,RG,4360,636,F,AK,AK,D
14:35:57,TLKM,RG,4360,2,F,AK,XC,D
14:35:52,TLKM,RG,4360,8,F,AK,CC,D
14:35:52,TLKM,RG,4360,5,F,AK,CC,D
14:35:48,TLKM,RG,4360,26,F,AK,CC,D
14:35:46,TLKM,RG,4360,1,F,AK,PD,D
14:35:44,TLKM,RG,4360,400,F,AK,AK,D
14:35:44,TLKM,RG,4360,28,F,AK,AK,D
14:35:44,TLKM,RG,4360,158,F,BK,AK,D
14:35:38,TLKM,RG,4360,200,F,BK,SQ,D
14:35:37,TLKM,RG,4360,2,F,BK,YP,D
14:35:25,TLKM,RG,4360,4,F,BK,AG,D
14:35:14,TLKM,RG,4360,630,F,BK,AK,D
14:35:10,TLKM,RG,4360,100,F,BK,CC,D
14:35:10,TLKM,RG,4360,5,F,BK,DX,D
14:35:08,TLKM,RG,4360,5,F,BK,CC,D
14:35:01,TLKM,RG,4360,20,F,BK,CC,D
14:34:54,TLKM,RG,4360,1,F,BK,OD,D
14:34:50,TLKM,RG,4360,6,F,BK,OD,D
14:34:50,TLKM,RG,4360,7,F,BK,OD,D
14:34:38,TLKM,RG,4360,2,F,BK,OD,D
14:34:36,TLKM,RG,4360,9,F,BK,CC,D
14:34:34,TLKM,RG,4370,8,D,XC,SQ,D
14:34:32,TLKM,RG,4360,24,F,BK,CC,D
14:34:29,TLKM,RG,4360,1087,F,BK,AK,D
14:34:26,TLKM,RG,4360,6,F,BK,CC,D
14:34:25,TLKM,RG,4370,22,D,CC,SQ,D
14:34:16,TLKM,RG,4360,1,F,BK,XL,D
14:34:13,TLKM,RG,4370,1,D,XC,SQ,D
14:34:12,TLKM,RG,4370,73,F,BK,SQ,D
14:34:09,TLKM,RG,4370,146,F,BK,SQ,D
14:34:07,TLKM,RG,4360,24,F,BK,ZP,D
14:34:06,TLKM,RG,4360,654,F,BK,AK,D
14:34:05,TLKM,RG,4370,193,F,BK,SQ,D
14:34:02,TLKM,RG,4360,6,F,BK,OD,D
14:34:01,TLKM,RG,4360,1,F,BK,PD,D
14:34:00,TLKM,RG,4370,584,D,YU,SQ,D
14:34:00,TLKM,RG,4370,585,D,YU,SQ,D
14:33:58,TLKM,RG,4370,1,D,PD,SQ,D
14:33:57,TLKM,RG,4370,56,F,BK,SQ,D
14:33:56,TLKM,RG,4360,7,F,BK,OD,D
14:33:53,TLKM,RG,4370,253,F,BK,SQ,D
14:33:51,TLKM,RG,4360,381,F,BK,AH,D
14:33:51,TLKM,RG,4360,24,F,ZP,AH,D
14:33:51,TLKM,RG,4360,108,F,ZP,AH,D
14:33:51,TLKM,RG,4360,200,D,AZ,AH,D
14:33:51,TLKM,RG,4360,1000,D,BK,AH,D
14:33:51,TLKM,RG,4360,59,D,AT,AH,D
14:33:51,TLKM,RG,4360,26,D,AT,SQ,D
14:33:44,TLKM,RG,4370,78,F,BK,SQ,D
14:33:44,TLKM,RG,4360,6,D,AT,CC,D
14:33:41,TLKM,RG,4370,102,F,BK,SQ,D
14:33:36,TLKM,RG,4360,821,D,AT,AK,D
14:33:35,TLKM,RG,4370,5,D,KK,SQ,D
14:33:27,TLKM,RG,4370,1,D,XC,SQ,D
14:33:21,TLKM,RG,4370,45,F,BK,SQ,D
14:33:19,TLKM,RG,4370,2,D,PD,SQ,D
14:33:19,TLKM,RG,4370,100,D,YP,SQ,D
14:33:14,TLKM,RG,4370,1,D,XC,SQ,D
14:33:10,TLKM,RG,4370,10,D,NI,SQ,D
14:33:09,TLKM,RG,4370,51,F,BK,SQ,D
14:33:04,TLKM,RG,4370,147,F,BK,SQ,D
14:33:00,TLKM,RG,4360,184,D,AT,AK,F
14:32:58,TLKM,RG,4360,902,D,AT,AK,D
14:32:57,TLKM,RG,4370,1,D,NI,SQ,D
14:32:50,TLKM,RG,4370,61,F,BK,SQ,D
14:32:46,TLKM,RG,4370,41,F,BK,SQ,D
14:32:46,TLKM,RG,4370,20,F,BK,OD,D
14:32:46,TLKM,RG,4370,40,F,BK,YB,D
14:32:43,TLKM,RG,4360,30,D,AT,ZP,D
14:32:43,TLKM,RG,4360,104,D,AT,CC,D
14:32:43,TLKM,RG,4360,3,D,AT,OD,D
14:32:43,TLKM,RG,4360,19,D,AT,ZP,F
14:32:43,TLKM,RG,4360,3,D,AT,ZP,D
14:32:43,TLKM,RG,4360,7,D,AT,CC,D
14:32:43,TLKM,RG,4360,31,D,AT,ZP,D
14:32:43,TLKM,RG,4360,305,D,AT,SQ,D
14:32:42,TLKM,RG,4360,49,F,BK,SQ,D
14:32:42,TLKM,RG,4360,50,D,SQ,SQ,D
14:32:41,TLKM,RG,4360,3,D,XC,SQ,D
14:32:41,TLKM,RG,4360,1,D,CC,SQ,D
14:32:39,TLKM,RG,4360,50,D,NI,SQ,D
14:32:39,TLKM,RG,4360,10,D,DR,SQ,D
14:32:37,TLKM,RG,4360,229,F,BK,SQ,D
14:32:37,TLKM,RG,4360,1,D,XC,SQ,D
14:32:36,TLKM,RG,4360,1,D,XC,SQ,D
14:32:35,TLKM,RG,4360,101,D,BK,SQ,D
14:32:35,TLKM,RG,4360,11,D,BK,CC,D
14:32:35,TLKM,RG,4360,5,D,BK,OD,D
14:32:35,TLKM,RG,4360,23,D,BK,CC,D
14:32:35,TLKM,RG,4360,800,D,BK,SQ,D
14:32:35,TLKM,RG,4360,7,D,BK,OD,D
14:32:35,TLKM,RG,4360,53,D,BK,GR,D
14:32:35,TLKM,RG,4360,135,F,AK,GR,D
14:32:35,TLKM,RG,4360,17,D,XC,GR,D
14:32:34,TLKM,RG,4360,250,D,YJ,GR,D
14:32:33,TLKM,RG,4360,5,D,KK,GR,D
14:32:32,TLKM,RG,4360,16,D,XL,GR,D
14:32:25,TLKM,RG,4360,58,F,BK,GR,D
14:32:22,TLKM,RG,4360,239,F,BK,GR,D
14:32:21,TLKM,RG,4360,27,D,ES,GR,D
14:32:21,TLKM,RG,4360,8,D,ES,CC,D
14:32:21,TLKM,RG,4360,465,D,ES,BK,F
14:32:20,TLKM,RG,4360,10,D,CC,BK,F
14:32:19,TLKM,RG,4350,435,D,PD,AK,D
14:32:19,TLKM,RG,4350,60,D,XC,AK,D
14:32:19,TLKM,RG,4350,10,D,XC,AK,D
14:32:19,TLKM,RG,4350,5,D,PD,AK,D
14:32:19,TLKM,RG,4350,3,D,CC,AK,D
14:32:19,TLKM,RG,4350,1,D,PD,AK,D
14:32:19,TLKM,RG,4350,1,D,CC,AK,D
14:32:19,TLKM,RG,4350,13,D,AZ,AK,D
14:32:19,TLKM,RG,4350,5,D,PD,AK,D
14:32:19,TLKM,RG,4350,30,D,CC,AK,D
14:32:19,TLKM,RG,4350,1,D,PD,AK,D
14:32:19,TLKM,RG,4350,10,D,PD,AK,D
14:32:19,TLKM,RG,4350,1,D,CC,AK,D
14:32:19,TLKM,RG,4350,10,D,PD,AK,D
14:32:19,TLKM,RG,4350,100,D,PD,AK,D
14:32:19,TLKM,RG,4350,7,D,PD,AK,D
14:32:19,TLKM,RG,4350,10,D,GR,AK,D
14:32:19,TLKM,RG,4350,3,D,PD,AK,D
14:32:19,TLKM,RG,4350,2,D,GR,AK,D
14:32:19,TLKM,RG,4350,3,D,PD,AK,D
14:32:19,TLKM,RG,4350,2,D,SQ,AK,D
14:32:19,TLKM,RG,4350,1,D,BQ,AK,D
14:32:19,TLKM,RG,4350,2,D,PD,AK,D
14:32:19,TLKM,RG,4350,15,D,PD,AK,D
14:32:19,TLKM,RG,4350,5,D,PD,AK,D
14:32:19,TLKM,RG,4350,1,D,PD,AK,D
14:32:19,TLKM,RG,4350,1,D,PD,AK,D
14:32:19,TLKM,RG,4350,1,D,PD,AK,D
14:32:19,TLKM,RG,4350,2,D,PD,AK,D
14:32:19,TLKM,RG,4350,3,D,PD,AK,D
14:32:19,TLKM,RG,4350,2,D,PD,AK,D
14:32:19,TLKM,RG,4350,1,D,AT,AK,D
14:32:19,TLKM,RG,4350,2,D,DX,AK,D
14:32:19,TLKM,RG,4350,5,D,PD,AK,D
14:32:19,TLKM,RG,4350,10,D,PD,AK,D
14:32:19,TLKM,RG,4350,1,D,XC,AK,D
14:32:19,TLKM,RG,4350,1,D,XC,AK,D
14:32:19,TLKM,RG,4350,30,D,XC,AK,D
14:32:19,TLKM,RG,4350,1,D,NI,AK,D
14:32:19,TLKM,RG,4350,5,D,XC,AK,D
14:32:19,TLKM,RG,4350,2,D,PD,AK,D
14:32:19,TLKM,RG,4350,5,D,DX,AK,D
14:32:19,TLKM,RG,4350,5,D,YP,AK,D
14:32:19,TLKM,RG,4350,10,D,PD,AK,D
14:32:19,TLKM,RG,4350,1,D,XC,AK,D
14:32:19,TLKM,RG,4350,1,D,XC,AK,D
14:32:19,TLKM,RG,4350,5,D,NI,AK,D
14:32:19,TLKM,RG,4350,2,D,XC,AK,D
14:32:19,TLKM,RG,4350,4,D,CC,AK,D
14:32:19,TLKM,RG,4350,1,D,NI,AK,D
14:32:19,TLKM,RG,4350,10,D,OD,AK,D
14:32:19,TLKM,RG,4350,5,D,NI,AK,D
14:32:19,TLKM,RG,4350,2,D,PD,AK,D
14:32:19,TLKM,RG,4350,5,D,YP,AK,D
14:32:19,TLKM,RG,4350,10,D,PD,AK,D
14:32:19,TLKM,RG,4350,5,D,PD,AK,D
14:32:19,TLKM,RG,4350,1,D,XC,AK,D
14:32:19,TLKM,RG,4350,1,D,XC,AK,D
14:32:19,TLKM,RG,4350,10,D,XC,AK,D
14:32:19,TLKM,RG,4350,10,D,CC,AK,D
14:32:19,TLKM,RG,4350,1,D,XC,AK,D
14:32:19,TLKM,RG,4350,1,D,XC,AK,D
14:32:19,TLKM,RG,4350,92,D,SQ,AK,D
14:32:18,TLKM,RG,4360,1,D,GR,BK,F
14:32:15,TLKM,RG,4360,2,D,XC,BK,F
14:32:09,TLKM,RG,4350,25,D,SQ,ZP,F
14:32:08,TLKM,RG,4360,23,D,XC,BK,F
14:32:06,TLKM,RG,4360,1,D,YP,BK,F
14:32:02,TLKM,RG,4360,48,F,BK,BK,F
14:32:01,TLKM,RG,4360,94,F,AK,BK,F
14:31:58,TLKM,RG,4360,1,D,YP,BK,F
14:31:58,TLKM,RG,4360,48,F,BK,BK,F
14:31:55,TLKM,RG,4360,1,D,CC,BK,F
14:31:54,TLKM,RG,4360,5,D,XC,BK,F
14:31:53,TLKM,RG,4360,254,F,BK,BK,F
14:31:51,TLKM,RG,4360,50,D,CC,BK,F
14:31:51,TLKM,RG,4360,5,D,KK,BK,F
14:31:49,TLKM,RG,4350,113,D,SQ,PD,D
14:31:49,TLKM,RG,4350,3,D,TP,PD,D
14:31:49,TLKM,RG,4350,1,D,AO,PD,D
14:31:49,TLKM,RG,4350,50,D,YP,PD,D
14:31:49,TLKM,RG,4350,5,D,YP,PD,D
14:31:49,TLKM,RG,4350,5,D,PD,PD,D
14:31:49,TLKM,RG,4350,5,D,OD,PD,D
14:31:49,TLKM,RG,4350,500,D,CC,PD,D
14:31:49,TLKM,RG,4350,10,D,PD,PD,D
14:31:49,TLKM,RG,4350,1,D,PD,PD,D
14:31:49,TLKM,RG,4350,30,D,YP,PD,D
14:31:49,TLKM,RG,4350,3,D,CC,PD,D
14:31:49,TLKM,RG,4350,500,D,SQ,PD,D
14:31:49,TLKM,RG,4350,2,D,PD,PD,D
14:31:49,TLKM,RG,4350,1,D,YP,PD,D
14:31:49,TLKM,RG,4350,2,D,PD,PD,D
14:31:49,TLKM,RG,4350,1,D,PD,PD,D
14:31:49,TLKM,RG,4350,2,D,YP,PD,D
14:31:49,TLKM,RG,4350,1,D,YP,PD,D
14:31:49,TLKM,RG,4350,10,D,KK,PD,D
14:31:49,TLKM,RG,4350,1,D,PD,PD,D
14:31:49,TLKM,RG,4350,10,D,TP,PD,D
14:31:49,TLKM,RG,4350,11,D,PD,PD,D
14:31:49,TLKM,RG,4350,2,D,LG,PD,D
14:31:49,TLKM,RG,4350,3,D,XC,PD,D
14:31:49,TLKM,RG,4350,50,D,DX,PD,D
14:31:49,TLKM,RG,4350,57,D,YP,PD,D
14:31:49,TLKM,RG,4350,1,D,YP,PD,D
14:31:49,TLKM,RG,4350,1,D,PD,PD,D
14:31:49,TLKM,RG,4350,1,D,XC,PD,D
14:31:49,TLKM,RG,4350,1,D,XC,PD,D
14:31:49,TLKM,RG,4350,1,D,XC,PD,D
14:31:49,TLKM,RG,4350,1,D,SQ,PD,D
14:31:49,TLKM,RG,4350,5,D,PD,PD,D
14:31:49,TLKM,RG,4350,10,D,YP,PD,D
14:31:49,TLKM,RG,4350,5,D,CC,PD,D
14:31:49,TLKM,RG,4350,3,D,PD,PD,D
14:31:49,TLKM,RG,4350,4,D,YP,PD,D
14:31:48,TLKM,RG,4360,53,F,BK,BK,F
14:31:48,TLKM,RG,4360,2,D,PD,BK,F
14:31:47,TLKM,RG,4360,50,D,YP,BK,F
14:31:46,TLKM,RG,4350,6,D,YP,YU,D
14:31:46,TLKM,RG,4350,15,D,XC,YU,D
14:31:46,TLKM,RG,4350,10,D,TP,YU,D
14:31:46,TLKM,RG,4350,1,D,YP,YU,D
14:31:46,TLKM,RG,4350,4,D,XC,YU,D
14:31:46,TLKM,RG,4350,2,D,PD,YU,D
14:31:46,TLKM,RG,4350,102,D,YP,YU,D
14:31:44,TLKM,RG,4360,125,F,BK,BK,F
14:31:43,TLKM,RG,4360,43,D,EP,BK,F
14:31:41,TLKM,RG,4360,5,D,EP,BK,F
14:31:40,TLKM,RG,4360,703,F,BK,BK,F
14:31:39,TLKM,RG,4360,50,D,CC,BK,F
14:31:37,TLKM,RG,4360,2,F,BK,OD,D
14:31:37,TLKM,RG,4360,4,F,BK,CC,D
14:31:37,TLKM,RG,4360,1,F,BK,CC,D
14:31:37,TLKM,RG,4360,237,F,BK,AK,D
14:31:37,TLKM,RG,4360,1,D,PD,AK,D
14:31:36,TLKM,RG,4360,107,F,BK,CC,D
14:31:36,TLKM,RG,4360,175,F,BK,XL,D
14:31:36,TLKM,RG,4360,7,F,BK,OD,D
14:31:36,TLKM,RG,4360,6,F,BK,OD,D
14:31:36,TLKM,RG,4360,23,F,BK,CC,D
14:31:36,TLKM,RG,4360,11,F,BK,CC,D
14:31:36,TLKM,RG,4360,5,F,BK,DX,D
14:31:36,TLKM,RG,4360,8,F,BK,CC,D
14:31:36,TLKM,RG,4360,90,F,BK,ZP,F
14:31:36,TLKM,RG,4360,5,F,BK,XC,D
14:31:36,TLKM,RG,4360,54,F,BK,YU,F
14:31:36,TLKM,RG,4360,29,F,BK,YU,F
14:31:36,TLKM,RG,4360,443,F,BK,RX,D
14:31:36,TLKM,RG,4360,37,F,BK,RX,D
14:31:36,TLKM,RG,4360,56,F,BK,RX,D
14:31:36,TLKM,RG,4360,302,F,BK,RX,D
14:31:36,TLKM,RG,4360,20,F,BK,OD,D
14:31:36,TLKM,RG,4360,1,F,BK,YP,D
14:31:36,TLKM,RG,4360,792,F,BK,AK,D
14:31:36,TLKM,RG,4360,20,F,BK,OD,D
14:31:36,TLKM,RG,4360,37,F,BK,ZP,D
14:31:36,TLKM,RG,4360,27,F,BK,RX,D
14:31:36,TLKM,RG,4360,193,F,BK,RX,D
14:31:36,TLKM,RG,4360,447,F,BK,RX,F
14:31:36,TLKM,RG,4360,8,F,BK,AK,F
14:31:36,TLKM,RG,4360,25,F,BK,AK,F
14:31:36,TLKM,RG,4360,1,F,BK,AK,F
14:31:36,TLKM,RG,4360,17,F,BK,SQ,D
14:31:36,TLKM,RG,4360,67,F,BK,AK,F
14:31:36,TLKM,RG,4360,671,F,BK,AK,F
14:31:36,TLKM,RG,4360,57,F,BK,AK,D
14:31:36,TLKM,RG,4360,60,F,BK,AK,D
14:31:36,TLKM,RG,4360,1088,F,BK,SQ,D
14:31:36,TLKM,RG,4360,912,F,AK,SQ,D
14:31:36,TLKM,RG,4360,35,F,AK,RX,D
14:31:36,TLKM,RG,4360,2,F,AK,RX,D
14:31:36,TLKM,RG,4360,4,F,AK,RX,D
14:31:36,TLKM,RG,4360,21,F,AK,RX,D
14:31:36,TLKM,RG,4360,98,F,AK,ZP,F
14:31:36,TLKM,RG,4360,26,F,AK,XC,D
14:31:36,TLKM,RG,4360,64,F,AK,ZP,F
14:31:36,TLKM,RG,4360,6,F,AK,ZP,D
14:31:36,TLKM,RG,4360,36,F,AK,ZP,D
14:31:36,TLKM,RG,4360,16,F,AK,ZP,F
14:31:36,TLKM,RG,4360,647,F,AK,SQ,D
14:31:36,TLKM,RG,4360,1,D,XC,SQ,D
14:31:35,TLKM,RG,4360,4,D,XL,SQ,D
14:31:32,TLKM,RG,4350,1,D,YP,PD,D
14:31:32,TLKM,RG,4350,4,D,YP,CC,D
14:31:32,TLKM,RG,4350,2,D,YP,OD,D
14:31:25,TLKM,RG,4350,5,D,YP,RX,D
14:31:25,TLKM,RG,4360,2,D,EP,SQ,D
14:31:25,TLKM,RG,4360,12,D,PD,SQ,D
14:31:18,TLKM,RG,4350,38,D,YP,RX,F
14:31:17,TLKM,RG,4350,3,D,YP,RX,D
14:31:12,TLKM,RG,4350,45,D,YP,KK,D
14:31:12,TLKM,RG,4350,1,D,PD,KK,D
14:31:12,TLKM,RG,4350,1,D,KK,KK,D
14:31:12,TLKM,RG,4350,2,D,XC,KK,D
14:31:12,TLKM,RG,4350,2,D,AT,KK,D
14:31:04,TLKM,RG,4350,5,D,XC,RX,D
14:31:04,TLKM,RG,4350,1,D,PD,RX,D
14:31:04,TLKM,RG,4350,5,D,DH,RX,D
14:31:04,TLKM,RG,4350,5,D,PD,RX,D
14:31:04,TLKM,RG,4350,5,D,PD,RX,D
14:31:04,TLKM,RG,4350,5,D,PD,RX,D
14:31:04,TLKM,RG,4350,1,D,NI,RX,D
14:31:04,TLKM,RG,4350,1,D,NI,OD,D
14:31:04,TLKM,RG,4350,5,D,XC,OD,D
14:31:02,TLKM,RG,4350,5,D,XC,CC,D
14:31:02,TLKM,RG,4350,3,D,PD,CC,D
14:31:02,TLKM,RG,4350,2,D,PD,CC,D
14:31:02,TLKM,RG,4350,1,D,DH,CC,D
14:31:02,TLKM,RG,4350,2,D,PD,CC,D
14:31:02,TLKM,RG,4350,10,D,CC,CC,D
14:31:02,TLKM,RG,4350,2,D,XC,CC,D
14:31:02,TLKM,RG,4350,10,D,PD,CC,D
14:31:02,TLKM,RG,4350,5,D,YP,CC,D
14:31:02,TLKM,RG,4350,5,D,CC,CC,D
14:31:02,TLKM,RG,4350,1,D,PD,CC,D
14:31:02,TLKM,RG,4350,1,D,PD,CC,D
14:31:02,TLKM,RG,4350,1,D,XC,CC,D
14:31:02,TLKM,RG,4350,1,D,PD,CC,D
14:31:02,TLKM,RG,4350,3,D,NI,CC,D
14:31:02,TLKM,RG,4350,1,D,XC,CC,D
14:31:02,TLKM,RG,4350,5,D,YP,CC,D
14:31:02,TLKM,RG,4350,3,D,XC,CC,D
14:31:02,TLKM,RG,4350,5,D,XC,CC,D
14:31:02,TLKM,RG,4350,3,D,KK,CC,D
14:31:02,TLKM,RG,4350,10,D,KK,CC,D
14:31:02,TLKM,RG,4350,1,D,PD,CC,D
14:31:02,TLKM,RG,4350,5,D,PD,CC,D
14:31:02,TLKM,RG,4350,10,D,YP,CC,D
14:31:02,TLKM,RG,4350,5,D,YP,CC,D
14:31:00,TLKM,RG,4350,3,D,YP,ZP,D
14:31:00,TLKM,RG,4350,2,D,YP,RX,D
14:31:00,TLKM,RG,4350,1,D,XC,RX,D
14:31:00,TLKM,RG,4350,1,D,XC,RX,D
14:30:59,TLKM,RG,4360,2,D,PD,SQ,D
14:30:59,TLKM,RG,4350,19,D,XC,ZP,D
14:30:59,TLKM,RG,4350,10,D,CC,ZP,D
14:30:59,TLKM,RG,4350,1,D,PD,ZP,D
14:30:59,TLKM,RG,4350,5,D,DH,ZP,D
14:30:59,TLKM,RG,4350,5,D,CC,ZP,D
14:30:59,TLKM,RG,4350,5,D,XA,ZP,D
14:30:59,TLKM,RG,4350,3,D,CC,ZP,D
14:30:58,TLKM,RG,4350,7,D,CC,AK,F
14:30:58,TLKM,RG,4350,20,D,PD,AK,F
14:30:58,TLKM,RG,4350,2,D,XC,AK,F
14:30:58,TLKM,RG,4350,5,D,XL,AK,F
14:30:58,TLKM,RG,4350,3,D,PD,AK,F
14:30:58,TLKM,RG,4350,10,D,XA,AK,F
14:30:58,TLKM,RG,4350,1,D,EP,AK,F
14:30:58,TLKM,RG,4350,1,D,XC,AK,F
14:30:58,TLKM,RG,4350,2,D,PD,AK,F
14:30:58,TLKM,RG,4350,1,D,XC,AK,F
14:30:58,TLKM,RG,4350,1,D,PD,AK,F
14:30:58,TLKM,RG,4350,5,D,YP,AK,F
14:30:58,TLKM,RG,4350,1,D,PD,AK,F
14:30:58,TLKM,RG,4350,1,D,PD,AK,F
14:30:58,TLKM,RG,4350,1,D,YP,AK,F
14:30:58,TLKM,RG,4350,5,D,NI,AK,F
14:30:57,TLKM,RG,4360,5,D,KK,SQ,D
14:30:56,TLKM,RG,4360,18,D,XC,SQ,D
14:30:56,TLKM,RG,4360,49,D,DH,SQ,D
14:30:55,TLKM,RG,4350,5,D,NI,RX,D
14:30:55,TLKM,RG,4350,5,D,YP,RX,D
14:30:55,TLKM,RG,4350,5,D,PD,RX,D
14:30:55,TLKM,RG,4350,1,D,YP,RX,D
14:30:55,TLKM,RG,4350,2,D,XC,RX,D
14:30:55,TLKM,RG,4350,1,D,PD,RX,D
14:30:55,TLKM,RG,4350,3,D,XC,RX,D
14:30:55,TLKM,RG,4350,9,D,XC,RX,D
14:30:55,TLKM,RG,4350,2,D,XC,RX,D
14:30:55,TLKM,RG,4350,4,D,GR,RX,D
14:30:55,TLKM,RG,4350,1,D,XC,RX,D
14:30:55,TLKM,RG,4350,1,D,XC,RX,D
14:30:55,TLKM,RG,4350,2,D,YP,RX,D
14:30:52,TLKM,RG,4350,6,D,YP,OD,D
14:30:49,TLKM,RG,4350,175,D,YP,AK,D
14:30:49,TLKM,RG,4350,200,D,AH,AK,D
14:30:49,TLKM,RG,4350,1,D,YP,AK,D
14:30:49,TLKM,RG,4350,5,D,NI,AK,D
14:30:49,TLKM,RG,4350,1,D,PD,AK,D
14:30:49,TLKM,RG,4350,10,D,YP,AK,D
14:30:49,TLKM,RG,4350,15,D,YP,AK,D
14:30:49,TLKM,RG,4350,1,D,XC,AK,D
14:30:49,TLKM,RG,4350,5,D,SQ,AK,D
14:30:49,TLKM,RG,4350,1,D,SQ,AK,D
14:30:49,TLKM,RG,4350,10,D,PD,AK,D
14:30:49,TLKM,RG,4350,1,D,XC,AK,D
14:30:49,TLKM,RG,4350,1,D,YP,AK,D
14:30:49,TLKM,RG,4350,40,D,DH,AK,D
14:30:49,TLKM,RG,4350,1,D,NI,AK,D
14:30:49,TLKM,RG,4350,1,D,XC,AK,D
14:30:49,TLKM,RG,4350,1,D,PD,AK,D
14:30:49,TLKM,RG,4350,1,D,XL,AK,D
14:30:49,TLKM,RG,4350,100,D,YP,AK,D
14:30:49,TLKM,RG,4350,1,D,YP,AK,D
14:30:49,TLKM,RG,4350,3,D,PD,AK,D
14:30:49,TLKM,RG,4350,1,D,YP,AK,D
14:30:49,TLKM,RG,4350,1,D,AZ,AK,D
14:30:49,TLKM,RG,4350,1,D,PD,AK,D
14:30:49,TLKM,RG,4350,50,D,NI,AK,D
14:30:49,TLKM,RG,4350,1,D,XC,AK,D
14:30:49,TLKM,RG,4350,1,D,XC,AK,D
14:30:49,TLKM,RG,4350,2,D,PD,AK,D
14:30:49,TLKM,RG,4350,5,D,DH,AK,D
14:30:49,TLKM,RG,4350,3,D,PD,AK,D
14:30:49,TLKM,RG,4350,1,D,XC,AK,D
14:30:49,TLKM,RG,4350,10,D,XC,AK,D
14:30:49,TLKM,RG,4350,5,D,PD,AK,D
14:30:49,TLKM,RG,4350,1,D,YP,AK,D
14:30:49,TLKM,RG,4350,5,D,SQ,AK,D
14:30:49,TLKM,RG,4350,1,D,NI,AK,D
14:30:49,TLKM,RG,4350,3,D,PD,AK,D
14:30:49,TLKM,RG,4350,1,D,PD,AK,D
14:30:49,TLKM,RG,4350,1,D,PD,AK,D
14:30:49,TLKM,RG,4350,122,D,YU,AK,D
14:30:49,TLKM,RG,4350,1,D,XL,AK,D
14:30:49,TLKM,RG,4350,6,D,CC,AK,D
14:30:48,TLKM,RG,4350,6,D,CC,CC,D
14:30:41,TLKM,RG,4360,5,D,YP,SQ,D
14:30:41,TLKM,RG,4350,9,D,CC,RX,D
14:30:38,TLKM,RG,4350,9,D,CC,CC,D
14:30:38,TLKM,RG,4360,10,D,XC,SQ,D
14:30:38,TLKM,RG,4350,6,D,CC,RX,D
14:30:37,TLKM,RG,4360,1,D,RG,SQ,D
14:30:37,TLKM,RG,4360,10,D,SQ,SQ,D
14:30:36,TLKM,RG,4350,25,D,CC,CC,D
14:30:32,TLKM,RG,4350,3,D,CC,OD,D
14:30:28,TLKM,RG,4360,20,D,PD,SQ,D
14:30:25,TLKM,RG,4350,5,D,CC,DX,D
14:30:24,TLKM,RG,4350,38,D,CC,RX,D
14:30:21,TLKM,RG,4360,5,D,CC,SQ,D
14:30:19,TLKM,RG,4350,5,D,CC,RX,D
14:30:17,TLKM,RG,4350,38,D,CC,RX,F
14:30:17,TLKM,RG,4350,3,D,XC,RX,F
14:30:14,TLKM,RG,4350,1,D,XC,PD,D
14:30:14,TLKM,RG,4350,46,D,XC,AK,D
14:30:14,TLKM,RG,4350,1,D,XC,AK,D
14:30:14,TLKM,RG,4350,10,D,PD,AK,D
14:30:14,TLKM,RG,4350,3,D,XC,AK,D
14:30:14,TLKM,RG,4350,2,D,XC,AK,D
14:30:14,TLKM,RG,4350,1,D,PC,AK,D
14:30:14,TLKM,RG,4350,10,D,XC,AK,D
14:30:14,TLKM,RG,4350,1,D,XC,AK,D
14:30:14,TLKM,RG,4350,1,D,PD,AK,D
14:30:14,TLKM,RG,4350,1,D,PD,AK,D
14:30:14,TLKM,RG,4350,3,D,XC,AK,D
14:30:14,TLKM,RG,4350,5,D,PD,AK,D
14:30:14,TLKM,RG,4350,1,D,YP,AK,D
14:30:14,TLKM,RG,4350,1,D,YP,AK,D
14:30:14,TLKM,RG,4350,1,D,PD,AK,D
14:30:14,TLKM,RG,4350,200,D,PD,AK,D
14:30:14,TLKM,RG,4350,1,D,DH,AK,D
14:30:14,TLKM,RG,4350,10,D,PD,AK,D
14:30:14,TLKM,RG,4350,5,D,EP,AK,D
14:30:14,TLKM,RG,4350,1,D,PD,AK,D
14:30:14,TLKM,RG,4350,1,D,XC,AK,D
14:30:14,TLKM,RG,4350,2,D,YP,AK,D
14:30:14,TLKM,RG,4350,5,D,YP,AK,D
14:30:14,TLKM,RG,4350,1,D,PD,AK,D
14:30:14,TLKM,RG,4350,5,D,YP,AK,D
14:30:14,TLKM,RG,4350,50,D,DR,AK,D
14:30:14,TLKM,RG,4350,2,D,YP,AK,D
14:30:14,TLKM,RG,4350,1,D,XL,AK,D
14:30:14,TLKM,RG,4350,50,D,SQ,AK,D
14:30:14,TLKM,RG,4350,1,D,PD,AK,D
14:30:14,TLKM,RG,4350,10,D,YP,AK,D
14:30:14,TLKM,RG,4350,1,D,PD,AK,D
14:30:14,TLKM,RG,4350,10,D,TP,AK,D
14:30:14,TLKM,RG,4350,274,D,ZP,AK,D
14:30:09,TLKM,RG,4350,3,D,ZP,RX,D
14:30:06,TLKM,RG,4350,7,D,ZP,OD,D
14:30:06,TLKM,RG,4350,5,D,ZP,CC,D
14:30:05,TLKM,RG,4360,1,D,PD,SQ,D
14:30:05,TLKM,RG,4360,9,D,XA,SQ,D
14:30:03,TLKM,RG,4350,38,D,ZP,RX,D
14:30:02,TLKM,RG,4350,49,D,ZP,ZP,F
14:29:59,TLKM,RG,4350,1,D,ZP,RX,D
14:29:58,TLKM,RG,4360,10,D,PD,SQ,D
14:29:57,TLKM,RG,4360,189,D,KK,SQ,D
14:29:57,TLKM,RG,4360,11,D,KK,CS,D
14:29:54,TLKM,RG,4350,7,D,ZP,OD,D
14:29:52,TLKM,RG,4360,5,D,CC,CS,D
14:29:50,TLKM,RG,4360,1,D,XC,CS,D
14:29:50,TLKM,RG,4360,1,D,LG,CS,D
14:29:43,TLKM,RG,4360,2,D,XC,CS,D
14:29:42,TLKM,RG,4350,87,D,ZP,CC,D
14:29:39,TLKM,RG,4360,1,D,YP,CS,D
14:29:34,TLKM,RG,4360,1,D,XC,CS,D
14:29:32,TLKM,RG,4350,2,D,ZP,OD,D
14:29:30,TLKM,RG,4360,1,D,XC,CS,D
14:29:27,TLKM,RG,4360,1,D,XC,CS,D
14:29:23,TLKM,RG,4360,1,D,XC,CS,D
14:29:22,TLKM,RG,4350,10,D,ZP,CC,D
14:29:22,TLKM,RG,4350,5,D,ZP,CC,D
14:29:19,TLKM,RG,4360,321,F,AK,CS,D
14:29:19,TLKM,RG,4360,1,D,XC,CS,D
14:29:19,TLKM,RG,4360,5,D,YP,CS,D
14:29:19,TLKM,RG,4360,1,D,XC,CS,D
14:29:19,TLKM,RG,4360,10,D,XC,CS,D
14:29:19,TLKM,RG,4360,44,F,BK,CS,D
14:29:19,TLKM,RG,4360,53,F,AK,CS,D
14:29:19,TLKM,RG,4360,10,D,PD,CS,D
14:29:19,TLKM,RG,4360,1,D,NI,CS,D
14:29:19,TLKM,RG,4360,2,D,CP,CS,D
14:29:19,TLKM,RG,4360,2,D,PD,CS,D
14:29:19,TLKM,RG,4360,20,D,PD,CS,D
14:29:19,TLKM,RG,4360,2,D,KK,CS,D
14:29:19,TLKM,RG,4360,5,D,GR,CS,D
14:29:19,TLKM,RG,4360,3,D,XC,CS,D
14:29:19,TLKM,RG,4360,10,D,YU,CS,D
14:29:19,TLKM,RG,4360,1,D,PD,CS,D
14:29:19,TLKM,RG,4360,1,D,XC,CS,D
14:29:19,TLKM,RG,4360,3,D,EP,CS,D
14:29:19,TLKM,RG,4360,4,D,XC,CS,D
14:29:19,TLKM,RG,4360,6,D,NI,CS,D
14:29:19,TLKM,RG,4360,3,D,PD,CS,D
14:29:19,TLKM,RG,4360,1,D,PD,CS,D
14:29:19,TLKM,RG,4360,1,D,XC,CS,D
14:29:19,TLKM,RG,4360,50,D,SQ,CS,D
14:29:19,TLKM,RG,4360,1,D,XC,CS,D
14:29:19,TLKM,RG,4360,1,D,DH,CS,D
14:29:19,TLKM,RG,4360,1,D,AZ,CS,D
14:29:19,TLKM,RG,4360,411,F,AK,CS,D
14:29:19,TLKM,RG,4360,100,D,CC,CS,D
14:29:19,TLKM,RG,4360,1,D,PD,CS,D
14:29:19,TLKM,RG,4360,1,D,GR,CS,D
14:29:19,TLKM,RG,4360,1,D,XC,CS,D
14:29:19,TLKM,RG,4360,1,D,XC,CS,D
14:29:19,TLKM,RG,4360,7,D,CC,CS,D
14:29:19,TLKM,RG,4360,1,D,PD,CS,D
14:29:19,TLKM,RG,4360,1,D,PD,CS,D
14:29:19,TLKM,RG,4360,2,D,PD,CS,D
14:29:19,TLKM,RG,4360,5,D,PD,CS,D
14:29:19,TLKM,RG,4360,2,D,KK,CS,D
14:29:19,TLKM,RG,4360,2,D,XC,CS,D
14:29:19,TLKM,RG,4360,1,D,PD,CS,D
14:29:19,TLKM,RG,4360,1,D,XC,CS,D
14:29:19,TLKM,RG,4360,8,D,PD,CS,D
14:29:19,TLKM,RG,4360,25,D,CC,CS,D
14:29:19,TLKM,RG,4360,20,D,YP,CS,D
14:29:19,TLKM,RG,4360,5,D,PD,CS,D
14:29:19,TLKM,RG,4360,3,D,LG,CS,D
14:29:19,TLKM,RG,4360,1,D,SQ,CS,D
14:29:19,TLKM,RG,4360,3,D,CC,CS,D
14:29:19,TLKM,RG,4360,100,D,GR,CS,D
14:29:19,TLKM,RG,4360,10,D,XC,CS,D
14:29:19,TLKM,RG,4360,1,D,XC,CS,D
14:29:19,TLKM,RG,4360,2,D,AT,CS,D
14:29:19,TLKM,RG,4360,1,D,XC,CS,D
14:29:19,TLKM,RG,4360,2,D,KK,CS,D
14:29:19,TLKM,RG,4360,1,D,XC,CS,D
14:29:19,TLKM,RG,4360,3,D,CC,CS,D
14:29:19,TLKM,RG,4360,254,F,CS,CS,D
14:29:19,TLKM,RG,4360,5,D,PD,CS,D
14:29:19,TLKM,RG,4360,415,D,BK,CS,D
14:29:19,TLKM,RG,4360,16,D,BK,CS,D
14:29:18,TLKM,RG,4360,22,D,BK,CC,D
14:29:16,TLKM,RG,4360,4,D,BK,RX,D
14:29:15,TLKM,RG,4360,50,D,BK,SQ,D
14:29:13,TLKM,RG,4360,200,D,BK,SQ,D
14:29:11,TLKM,RG,4360,50,D,BK,SQ,D
14:29:11,TLKM,RG,4370,14,D,XC,BK,F
14:29:10,TLKM,RG,4360,1,D,BK,RX,D
14:29:10,TLKM,RG,4360,85,D,BK,RX,D
14:29:10,TLKM,RG,4370,1,D,YU,BK,F
14:29:09,TLKM,RG,4360,157,D,BK,SQ,D
14:29:09,TLKM,RG,4360,2,D,PD,SQ,D
14:29:09,TLKM,RG,4360,10,D,NI,SQ,D
14:29:09,TLKM,RG,4360,5,D,SQ,SQ,D
14:29:09,TLKM,RG,4360,3,D,XC,SQ,D
14:29:09,TLKM,RG,4360,1,D,XC,SQ,D
14:29:09,TLKM,RG,4360,490,F,CS,SQ,D
14:29:09,TLKM,RG,4360,932,F,CS,SQ,D
14:29:09,TLKM,RG,4360,63,F,CS,RX,D
14:29:08,TLKM,RG,4360,45,F,CS,RX,D
14:29:07,TLKM,RG,4360,50,F,CS,AZ,D
14:29:07,TLKM,RG,4360,50,F,CS,SQ,D
14:29:05,TLKM,RG,4360,54,F,CS,RX,F
14:29:04,TLKM,RG,4360,6,F,CS,OD,D
14:29:04,TLKM,RG,4360,8,F,CS,RX,D
14:29:03,TLKM,RG,4360,398,F,CS,ZP,F
14:29:03,TLKM,RG,4360,13,F,CS,RX,D
14:29:03,TLKM,RG,4360,7,F,CS,RX,D
14:29:03,TLKM,RG,4360,864,F,CS,SQ,D
14:29:03,TLKM,RG,4360,1,D,PD,SQ,D
14:29:03,TLKM,RG,4360,500,D,YU,SQ,D
14:29:03,TLKM,RG,4360,1,D,CC,SQ,D
14:29:03,TLKM,RG,4360,10,D,CC,SQ,D
14:29:03,TLKM,RG,4360,67,F,ZP,SQ,D
14:29:03,TLKM,RG,4360,20,F,AK,SQ,D
14:29:03,TLKM,RG,4360,150,D,YP,SQ,D
14:29:03,TLKM,RG,4360,5,D,PD,SQ,D
14:29:03,TLKM,RG,4360,20,D,PD,SQ,D
14:29:03,TLKM,RG,4360,5,D,PD,SQ,D
14:29:03,TLKM,RG,4360,10,D,XC,SQ,D
14:29:03,TLKM,RG,4360,1,D,DH,SQ,D
14:29:03,TLKM,RG,4360,6,D,XC,SQ,D
14:29:03,TLKM,RG,4360,186,D,YU,SQ,D
14:29:03,TLKM,RG,4360,186,D,YU,SQ,D
14:29:03,TLKM,RG,4360,1,D,XC,SQ,D
14:29:03,TLKM,RG,4360,1,D,NI,SQ,D
14:29:03,TLKM,RG,4360,15,D,BQ,SQ,D
14:29:03,TLKM,RG,4360,25,D,NI,SQ,D
14:29:03,TLKM,RG,4360,10,D,NI,SQ,D
14:29:03,TLKM,RG,4360,3,D,PD,SQ,D
14:29:03,TLKM,RG,4360,1,D,EP,SQ,D
14:29:03,TLKM,RG,4360,2,D,CC,SQ,D
14:29:03,TLKM,RG,4360,4,D,NI,SQ,D
14:29:03,TLKM,RG,4360,2,D,GR,SQ,D
14:29:03,TLKM,RG,4360,132,F,ZP,SQ,D
14:29:03,TLKM,RG,4360,25,D,YP,SQ,D
14:29:03,TLKM,RG,4360,1,D,CC,SQ,D
14:29:03,TLKM,RG,4360,1,D,OD,SQ,D
14:29:03,TLKM,RG,4360,1,D,PD,SQ,D
14:29:03,TLKM,RG,4360,1,D,XL,SQ,D
14:29:03,TLKM,RG,4360,1,D,PD,SQ,D
14:29:03,TLKM,RG,4360,1,D,SQ,SQ,D
14:29:03,TLKM,RG,4360,3,D,CC,SQ,D
14:29:03,TLKM,RG,4360,4,D,PD,SQ,D
14:29:03,TLKM,RG,4360,1,D,GR,SQ,D
14:29:03,TLKM,RG,4360,3,D,XC,SQ,D
14:29:03,TLKM,RG,4360,11,D,XC,SQ,D
14:29:03,TLKM,RG,4360,5,D,XC,SQ,D
14:29:03,TLKM,RG,4360,100,D,YP,SQ,D
14:29:03,TLKM,RG,4360,1,D,XC,SQ,D
14:29:03,TLKM,RG,4360,1,D,PD,SQ,D
14:29:03,TLKM,RG,4360,15,D,XC,SQ,D
14:29:03,TLKM,RG,4360,21,D,NI,SQ,D
14:29:03,TLKM,RG,4360,2,D,NI,SQ,D
14:29:03,TLKM,RG,4360,2,D,PD,SQ,D
14:29:03,TLKM,RG,4360,1308,F,AK,SQ,D
14:29:03,TLKM,RG,4360,15,F,AK,SQ,D
14:29:03,TLKM,RG,4360,21,F,AK,SQ,D
14:29:03,TLKM,RG,4360,10,D,PD,SQ,D
14:29:03,TLKM,RG,4360,1,D,XC,SQ,D
14:29:03,TLKM,RG,4360,1,D,YP,SQ,D
14:29:03,TLKM,RG,4360,1,D,YP,SQ,D
14:29:03,TLKM,RG,4360,1,D,XC,SQ,D
14:29:03,TLKM,RG,4360,2,D,YP,SQ,D
14:29:03,TLKM,RG,4360,49,D,PD,SQ,D
14:29:03,TLKM,RG,4360,10,D,PD,SQ,D
14:29:03,TLKM,RG,4360,1,D,PD,SQ,D
14:29:03,TLKM,RG,4360,1,D,XC,SQ,D
14:29:03,TLKM,RG,4360,5,D,KK,SQ,D
14:29:03,TLKM,RG,4360,2,D,PD,SQ,D
14:29:03,TLKM,RG,4360,413,D,YU,SQ,D
14:29:03,TLKM,RG,4360,413,D,YU,SQ,D
14:29:03,TLKM,RG,4360,2,D,PD,SQ,D
14:29:03,TLKM,RG,4360,16,D,NI,SQ,D
14:29:02,TLKM,RG,4360,5,D,NI,RX,D
14:29:01,TLKM,RG,4360,29,D,NI,SQ,D
14:29:01,TLKM,RG,4360,1,D,XC,SQ,D
14:29:01,TLKM,RG,4360,5,D,YP,SQ,D
