Time,Stock,Brd,Price,Qty,BT,BC,SC,ST
15:14:56,TLKM,RG,3980,2,D,NI,BB,F
15:14:55,TLKM,RG,3980,20,D,PD,BB,F
15:14:50,TLKM,RG,3980,1,D,XC,BB,F
15:14:47,TLKM,RG,3980,1,D,SQ,BB,F
15:14:46,TLKM,RG,3980,1,D,XC,BB,F
15:14:43,TLKM,RG,3980,10,D,PD,BB,F
15:14:43,TLKM,RG,3980,5,D,YP,BB,F
15:14:42,TLKM,RG,3980,1,D,PD,BB,F
15:14:42,TLKM,RG,3980,3,D,XL,BB,F
15:14:36,TLKM,RG,3980,1,D,XC,BB,F
15:14:34,TLKM,RG,3980,2,D,YB,BB,F
15:14:34,TLKM,RG,3980,1,D,XC,BB,F
15:14:33,TLKM,RG,3980,50,D,SQ,BB,F
15:14:31,TLKM,RG,3980,8,D,DH,BB,F
15:14:27,TLKM,RG,3980,5,D,PD,BB,F
15:14:26,TLKM,RG,3980,1,D,XC,BB,F
15:14:25,TLKM,RG,3980,1,D,DR,BB,F
15:14:24,TLKM,RG,3980,20,D,YP,BB,F
15:14:23,TLKM,RG,3980,3,D,GR,BB,F
15:14:22,TLKM,RG,3980,1,D,PD,BB,F
15:14:20,TLKM,RG,3980,100,D,CC,BB,F
15:14:18,TLKM,RG,3980,12,D,DH,BB,F
15:14:17,TLKM,RG,3980,7783,D,YU,BB,F
15:14:17,TLKM,RG,3980,2,D,YU,NI,D
15:14:17,TLKM,RG,3980,100,D,YU,YJ,D
15:14:17,TLKM,RG,3980,100,D,YU,PD,D
15:14:17,TLKM,RG,3980,2000,D,YU,BB,F
15:14:17,TLKM,RG,3980,3,D,YU,PD,D
15:14:17,TLKM,RG,3980,3,D,YU,SQ,D
15:14:17,TLKM,RG,3980,1,D,YU,DR,D
15:14:17,TLKM,RG,3980,1,D,YU,XC,D
15:14:17,TLKM,RG,3980,7,D,YU,BB,F
15:14:07,TLKM,RG,3980,9,D,XC,BB,F
15:14:05,TLKM,RG,3980,7,D,XC,BB,F
15:14:05,TLKM,RG,3980,5,D,LG,BB,F
15:14:04,TLKM,RG,3980,1,D,NI,BB,F
15:14:04,TLKM,RG,3980,1,D,XC,BB,F
15:14:03,TLKM,RG,3980,1,D,NI,BB,F
15:14:00,TLKM,RG,3980,10,D,SQ,BB,F
15:13:58,TLKM,RG,3980,2,D,EP,BB,F
15:13:46,TLKM,RG,3980,4,D,XL,BB,F
15:13:44,TLKM,RG,3980,2,D,XL,BB,F
15:13:43,TLKM,RG,3980,10,D,SQ,BB,F
15:13:43,TLKM,RG,3980,1,D,NI,BB,F
15:13:40,TLKM,RG,3980,2,D,XC,BB,F
15:13:37,TLKM,RG,3980,40,D,CC,BB,F
15:13:37,TLKM,RG,3980,1,D,PD,BB,F
15:13:35,TLKM,RG,3980,5,D,YP,BB,F
15:13:34,TLKM,RG,3980,14,D,XC,BB,F
15:13:32,TLKM,RG,3980,30,D,SQ,BB,F
15:13:32,TLKM,RG,3980,1,D,XL,BB,F
15:13:28,TLKM,RG,3980,1,D,XC,BB,F
15:13:28,TLKM,RG,3980,5,D,AT,BB,F
15:13:28,TLKM,RG,3980,25,D,XC,BB,F
15:13:27,TLKM,RG,3980,20,D,LG,BB,F
15:13:21,TLKM,RG,3980,10,D,SQ,BB,F
15:13:14,TLKM,RG,3980,10,D,TP,BB,F
15:13:13,TLKM,RG,3980,1,D,XC,BB,F
15:13:11,TLKM,RG,3980,2,D,PD,BB,F
15:13:08,TLKM,RG,3980,1,D,DR,BB,F
15:13:08,TLKM,RG,3980,10,D,IF,BB,F
15:13:08,TLKM,RG,3980,15,D,XC,BB,F
15:13:07,TLKM,RG,3980,1,D,CC,BB,F
15:13:03,TLKM,RG,3980,1,D,PD,BB,F
15:13:03,TLKM,RG,3980,2,D,YB,BB,F
15:13:03,TLKM,RG,3980,15,D,XC,BB,F
15:12:59,TLKM,RG,3980,1,D,XC,BB,F
15:12:59,TLKM,RG,3980,3,D,XL,BB,F
15:12:57,TLKM,RG,3980,2,D,AT,BB,F
15:12:56,TLKM,RG,3980,1,D,PD,BB,F
15:12:55,TLKM,RG,3980,2,D,PD,BB,F
15:12:53,TLKM,RG,3980,1,D,XC,BB,F
15:12:49,TLKM,RG,3980,1,D,XL,BB,F
15:12:47,TLKM,RG,3980,5,D,YP,BB,F
15:12:46,TLKM,RG,3980,5,D,YP,BB,F
15:12:46,TLKM,RG,3980,1,D,SQ,BB,F
15:12:41,TLKM,RG,3980,1,D,PD,BB,F
15:12:37,TLKM,RG,3980,1,D,SQ,BB,F
15:12:32,TLKM,RG,3980,5,D,PD,BB,F
15:12:32,TLKM,RG,3980,83,D,CC,BB,F
15:12:32,TLKM,RG,3980,1,D,XC,BB,F
15:12:30,TLKM,RG,3980,2,D,PD,BB,F
15:12:27,TLKM,RG,3980,37,D,XC,BB,F
15:12:25,TLKM,RG,3980,1,D,YP,BB,F
15:12:24,TLKM,RG,3980,25,D,YP,BB,F
15:12:22,TLKM,RG,3980,10,D,KK,BB,F
15:12:20,TLKM,RG,3980,1,D,XC,BB,F
15:12:18,TLKM,RG,3980,5,D,CC,BB,F
15:12:18,TLKM,RG,3980,1,D,XC,BB,F
15:12:17,TLKM,RG,3980,60,D,RS,BB,F
15:12:17,TLKM,RG,3980,1,D,PD,BB,F
15:12:14,TLKM,RG,3980,4,D,NI,BB,F
15:12:14,TLKM,RG,3980,1,D,DR,BB,F
15:12:14,TLKM,RG,3980,20,D,XC,BB,F
15:12:12,TLKM,RG,3980,3,D,PD,BB,F
15:12:10,TLKM,RG,3980,200,D,YP,BB,F
15:12:09,TLKM,RG,3980,2,D,XC,BB,F
15:12:08,TLKM,RG,3980,14,D,PD,BB,F
15:12:08,TLKM,RG,3980,5,D,CP,BB,F
15:12:06,TLKM,RG,3980,11,D,YP,BB,F
15:12:06,TLKM,RG,3980,1,D,XC,BB,F
15:12:05,TLKM,RG,3980,2,D,PD,BB,F
15:12:04,TLKM,RG,3980,300,D,YU,BB,F
15:12:04,TLKM,RG,3980,1,D,ZP,BB,F
15:12:03,TLKM,RG,3980,4,D,DR,BB,F
15:12:03,TLKM,RG,3980,10,D,YP,BB,F
15:12:00,TLKM,RG,3980,18,D,XC,BB,F
15:11:57,TLKM,RG,3980,20,D,PD,BB,F
15:11:56,TLKM,RG,3980,25,D,YP,BB,F
15:11:55,TLKM,RG,3980,1,D,PD,BB,F
15:11:54,TLKM,RG,3980,3,D,PD,BB,F
15:11:53,TLKM,RG,3980,2,D,AT,BB,F
15:11:52,TLKM,RG,3980,2,D,EP,BB,F
15:11:52,TLKM,RG,3980,1,D,XC,BB,F
15:11:51,TLKM,RG,3980,18,D,EP,BB,F
15:11:50,TLKM,RG,3980,10,D,DH,BB,F
15:11:48,TLKM,RG,3980,3,D,CC,BB,F
15:11:47,TLKM,RG,3980,1,D,PD,BB,F
15:11:44,TLKM,RG,3980,1,D,YP,BB,F
15:11:43,TLKM,RG,3980,2,D,NI,BB,F
15:11:42,TLKM,RG,3980,1,D,DR,BB,F
15:11:42,TLKM,RG,3980,4,D,PD,BB,F
15:11:40,TLKM,RG,3980,1,D,XC,BB,F
15:11:37,TLKM,RG,3980,25,D,GR,BB,F
15:11:36,TLKM,RG,3980,1,D,KK,BB,F
15:11:35,TLKM,RG,3980,1,D,XL,BB,F
15:11:32,TLKM,RG,3980,2,D,XC,BB,F
15:11:31,TLKM,RG,3980,10,D,PD,BB,F
15:11:31,TLKM,RG,3980,1,D,DR,BB,F
15:11:29,TLKM,RG,3980,5,D,GR,BB,F
15:11:28,TLKM,RG,3980,1,D,XL,BB,F
15:11:27,TLKM,RG,3980,6,D,XC,BB,F
15:11:27,TLKM,RG,3980,2,D,NI,BB,F
15:11:27,TLKM,RG,3980,1,D,CC,BB,F
15:11:27,TLKM,RG,3980,100,D,LG,BB,F
15:11:27,TLKM,RG,3980,6,D,DR,BB,F
15:11:27,TLKM,RG,3980,9,D,NI,BB,F
15:11:27,TLKM,RG,3980,1,D,XL,BB,F
15:11:27,TLKM,RG,3980,3,D,PD,BB,F
15:11:27,TLKM,RG,3980,5,D,XC,BB,F
15:11:27,TLKM,RG,3980,2,D,LG,BB,F
15:11:27,TLKM,RG,3980,1600,D,SQ,BB,F
15:11:19,TLKM,RG,3980,3000,D,SQ,BB,F
15:11:18,TLKM,RG,3980,20,D,SQ,OD,D
15:11:18,TLKM,RG,3980,3,D,SQ,PD,D
15:11:18,TLKM,RG,3980,5000,D,SQ,BB,F
15:11:18,TLKM,RG,3980,377,D,SQ,FS,D
15:11:18,TLKM,RG,3980,2,D,SQ,FS,D
15:11:14,TLKM,RG,3980,1,D,DR,FS,D
15:11:13,TLKM,RG,3980,11,D,YP,FS,D
15:11:09,TLKM,RG,3980,11,D,YP,FS,D
15:11:09,TLKM,RG,3980,1,D,XC,FS,D
15:11:09,TLKM,RG,3980,10,D,PD,FS,D
15:11:06,TLKM,RG,3980,1,D,XC,FS,D
15:11:06,TLKM,RG,3980,10,D,SQ,FS,D
15:11:04,TLKM,RG,3980,5,D,SQ,FS,D
15:11:02,TLKM,RG,3980,1,D,XC,FS,D
15:11:00,TLKM,RG,3980,8,D,XC,FS,D
15:10:59,TLKM,RG,3980,700,D,HP,FS,D
15:10:59,TLKM,RG,3980,1,D,XC,FS,D
15:10:58,TLKM,RG,3980,10,D,OD,FS,D
15:10:57,TLKM,RG,3980,2,D,GR,FS,D
15:10:53,TLKM,RG,3980,1,D,NI,FS,D
15:10:53,TLKM,RG,3980,6,D,XC,FS,D
15:10:53,TLKM,RG,3980,14,D,XC,BB,F
15:10:53,TLKM,RG,3980,2,D,CC,BB,F
15:10:50,TLKM,RG,3980,2,D,XC,BB,F
15:10:48,TLKM,RG,3980,5,D,XC,BB,F
15:10:48,TLKM,RG,3980,11,D,YP,BB,F
15:10:42,TLKM,RG,3980,11,D,YP,BB,F
15:10:42,TLKM,RG,3980,10,D,YP,BB,F
15:10:39,TLKM,RG,3980,11,D,YP,BB,F
15:10:39,TLKM,RG,3980,3,D,PD,BB,F
15:10:39,TLKM,RG,3980,2,D,XC,BB,F
15:10:38,TLKM,RG,3980,2,D,XL,BB,F
15:10:35,TLKM,RG,3980,25,D,XL,BB,F
15:10:33,TLKM,RG,3980,2,D,NI,BB,F
15:10:31,TLKM,RG,3980,50,D,AI,BB,F
15:10:31,TLKM,RG,3980,2,D,LG,BB,F
15:10:31,TLKM,RG,3980,4,D,AG,BB,F
15:10:29,TLKM,RG,3980,3,D,XC,BB,F
15:10:29,TLKM,RG,3980,1,D,XA,BB,F
15:10:27,TLKM,RG,3980,5,D,DX,BB,F
15:10:26,TLKM,RG,3980,50,D,CC,BB,F
15:10:25,TLKM,RG,3980,25,D,LG,BB,F
15:10:22,TLKM,RG,3980,1,D,PD,BB,F
15:10:20,TLKM,RG,3980,1,D,YP,BB,F
15:10:19,TLKM,RG,3980,4,D,SQ,BB,F
15:10:16,TLKM,RG,3980,50,D,SQ,BB,F
15:10:14,TLKM,RG,3980,21,D,PD,BB,F
15:10:11,TLKM,RG,3980,10,D,YP,BB,F
15:10:11,TLKM,RG,3980,1,D,XC,BB,F
15:10:09,TLKM,RG,3980,1,D,XL,BB,F
15:10:09,TLKM,RG,3980,1,D,DR,BB,F
15:10:08,TLKM,RG,3980,2,D,PD,BB,F
15:10:07,TLKM,RG,3980,2,D,XC,BB,F
15:10:04,TLKM,RG,3980,1,D,YP,BB,F
15:10:03,TLKM,RG,3980,20,D,KK,BB,F
15:10:02,TLKM,RG,3980,1,D,XL,BB,F
15:10:00,TLKM,RG,3980,1,D,XL,BB,F
15:09:58,TLKM,RG,3980,385,D,YP,BB,F
15:09:58,TLKM,RG,3980,10,D,XC,BB,F
15:09:58,TLKM,RG,3980,1,D,SQ,BB,F
15:09:58,TLKM,RG,3980,5,D,PD,BB,F
15:09:58,TLKM,RG,3980,3,D,XC,BB,F
15:09:58,TLKM,RG,3980,2,D,KK,BB,F
15:09:58,TLKM,RG,3980,1,D,YP,BB,F
15:09:58,TLKM,RG,3980,5,D,KK,BB,F
15:09:58,TLKM,RG,3980,1,D,YP,BB,F
15:09:58,TLKM,RG,3980,1,D,PD,BB,F
15:09:58,TLKM,RG,3980,1,D,XC,BB,F
15:09:58,TLKM,RG,3980,1,D,YP,BB,F
15:09:58,TLKM,RG,3980,3,D,XC,BB,F
15:09:58,TLKM,RG,3980,1,D,YP,BB,F
15:09:58,TLKM,RG,3980,10,D,YP,BB,F
15:09:58,TLKM,RG,3980,3,D,PD,BB,F
15:09:58,TLKM,RG,3980,5,D,SQ,BB,F
15:09:58,TLKM,RG,3980,30,D,EP,BB,F
15:09:58,TLKM,RG,3980,1,D,YP,BB,F
15:09:58,TLKM,RG,3980,1,D,DH,BB,F
15:09:58,TLKM,RG,3980,1,D,XC,BB,F
15:09:58,TLKM,RG,3980,1,D,AZ,BB,F
15:09:58,TLKM,RG,3980,100,D,LG,BB,F
15:09:58,TLKM,RG,3980,71,D,PD,BB,F
15:09:37,TLKM,RG,3980,3,D,PD,LG,D
15:09:37,TLKM,RG,3980,5,D,PD,GR,D
15:09:37,TLKM,RG,3980,100,D,PD,PD,D
15:09:37,TLKM,RG,3980,1,D,PD,LG,D
15:09:37,TLKM,RG,3980,9,D,PD,AZ,D
15:09:37,TLKM,RG,3980,3,D,PD,PD,D
15:09:37,TLKM,RG,3980,10,D,PD,PD,D
15:09:37,TLKM,RG,3980,10,D,PD,YP,D
15:09:37,TLKM,RG,3980,288,D,PD,BB,F
15:09:37,TLKM,RG,3980,35,D,XC,BB,F
15:09:35,TLKM,RG,3980,2,D,XC,BB,F
15:09:32,TLKM,RG,3980,1,D,YP,BB,F
15:09:31,TLKM,RG,3980,5,D,KK,BB,F
15:09:29,TLKM,RG,3980,1,D,YP,BB,F
15:09:28,TLKM,RG,3980,5000,D,YP,BB,F
15:09:26,TLKM,RG,3980,10,D,YP,BB,F
15:09:20,TLKM,RG,3980,80,D,SQ,BB,F
15:09:19,TLKM,RG,3980,1,D,PD,BB,F
15:09:18,TLKM,RG,3980,300,D,NI,BB,F
15:09:16,TLKM,RG,3980,5,D,EP,BB,F
15:09:14,TLKM,RG,3980,10,D,XC,BB,F
15:09:10,TLKM,RG,3980,5,D,YP,BB,F
15:09:09,TLKM,RG,3980,37,D,CP,BB,F
15:09:09,TLKM,RG,3980,1,D,PD,BB,F
15:09:08,TLKM,RG,3980,1,D,PD,BB,F
15:09:07,TLKM,RG,3980,2,D,OD,BB,F
15:09:05,TLKM,RG,3980,10,D,XC,BB,F
15:09:05,TLKM,RG,3980,5,D,YP,BB,F
15:09:05,TLKM,RG,3980,1,D,XC,BB,F
15:09:04,TLKM,RG,3980,1,D,XC,BB,F
15:09:04,TLKM,RG,3980,1,D,CC,BB,F
15:09:04,TLKM,RG,3980,6,D,XC,BB,F
15:09:03,TLKM,RG,3980,50,D,PD,BB,F
15:09:01,TLKM,RG,3980,1,D,PD,BB,F
15:08:58,TLKM,RG,3980,6,D,YP,BB,F
15:08:57,TLKM,RG,3980,3000,D,NI,BB,F
15:08:57,TLKM,RG,3980,2,D,XL,BB,F
15:08:54,TLKM,RG,3980,20,D,XC,BB,F
15:08:54,TLKM,RG,3980,1,D,YP,BB,F
15:08:53,TLKM,RG,3980,2,D,NI,BB,F
15:08:53,TLKM,RG,3980,1,D,XC,BB,F
15:08:52,TLKM,RG,3980,1,D,KK,BB,F
15:08:52,TLKM,RG,3980,1,D,NI,BB,F
15:08:51,TLKM,RG,3980,18,D,XC,BB,F
15:08:50,TLKM,RG,3980,2,D,XL,BB,F
15:08:49,TLKM,RG,3980,2,D,XC,BB,F
15:08:48,TLKM,RG,3980,1,D,KK,BB,F
15:08:46,TLKM,RG,3980,5,D,YP,BB,F
15:08:40,TLKM,RG,3980,2,D,CC,BB,F
15:08:37,TLKM,RG,3980,16,D,XC,BB,F
15:08:35,TLKM,RG,3980,57,D,XC,BB,F
15:08:34,TLKM,RG,3980,4,D,XC,BB,F
15:08:33,TLKM,RG,3980,20,D,NI,BB,F
15:08:27,TLKM,RG,3980,1,D,XC,BB,F
15:08:26,TLKM,RG,3980,2,D,PD,BB,F
15:08:26,TLKM,RG,3980,3,D,PD,BB,F
15:08:25,TLKM,RG,3980,1,D,XC,BB,F
15:08:24,TLKM,RG,3980,13,D,PD,BB,F
15:08:24,TLKM,RG,3980,100,D,OD,BB,F
15:08:21,TLKM,RG,3980,1,D,KK,BB,F
15:08:21,TLKM,RG,3980,1,D,GR,BB,F
15:08:21,TLKM,RG,3980,4,D,YP,BB,F
15:08:19,TLKM,RG,3980,15,D,CC,BB,F
15:08:19,TLKM,RG,3980,5,D,XC,BB,F
15:08:18,TLKM,RG,3980,20,D,PD,BB,F
15:08:17,TLKM,RG,3980,10,D,XC,BB,F
15:08:16,TLKM,RG,3980,1,D,PD,BB,F
15:08:16,TLKM,RG,3980,10,D,PD,BB,F
15:08:16,TLKM,RG,3980,77,D,YP,BB,F
15:08:16,TLKM,RG,3980,2,D,LG,BB,F
15:08:16,TLKM,RG,3980,100,D,CC,BB,F
15:08:16,TLKM,RG,3980,100,D,OD,BB,F
15:08:16,TLKM,RG,3980,1,D,PD,BB,F
15:08:16,TLKM,RG,3980,10,D,YP,BB,F
15:08:16,TLKM,RG,3980,2,D,PD,BB,F
15:08:16,TLKM,RG,3980,40,D,YP,BB,F
15:08:16,TLKM,RG,3980,1,D,XL,BB,F
15:08:16,TLKM,RG,3980,1,D,SQ,BB,F
15:08:16,TLKM,RG,3980,1,D,SQ,BB,F
15:08:16,TLKM,RG,3980,5,D,XC,BB,F
15:08:16,TLKM,RG,3980,2,D,PD,BB,F
15:08:16,TLKM,RG,3980,44,D,EP,BB,F
15:08:16,TLKM,RG,3980,1,D,XC,BB,F
15:08:16,TLKM,RG,3980,3,D,XC,BB,F
15:08:16,TLKM,RG,3980,3,D,PD,BB,F
15:08:16,TLKM,RG,3980,5,D,KK,BB,F
15:08:16,TLKM,RG,3980,1,D,XC,BB,F
15:08:16,TLKM,RG,3980,1,D,XL,BB,F
15:08:16,TLKM,RG,3980,2,D,YB,BB,F
15:08:16,TLKM,RG,3980,200,D,HP,BB,F
15:08:16,TLKM,RG,3980,25,D,YB,BB,F
15:08:16,TLKM,RG,3980,1,D,NI,BB,F
15:08:16,TLKM,RG,3980,2,D,CC,BB,F
15:08:16,TLKM,RG,3980,163,D,XA,BB,F
15:07:58,TLKM,RG,3980,12,D,XA,KK,D
15:07:54,TLKM,RG,3980,325,D,XA,BB,F
15:07:54,TLKM,RG,3980,5,D,DH,BB,F
15:07:54,TLKM,RG,3980,50,D,YP,BB,F
15:07:54,TLKM,RG,3980,10,D,CC,BB,F
15:07:54,TLKM,RG,3980,5,D,PD,BB,F
15:07:54,TLKM,RG,3980,20,D,ZP,BB,F
15:07:54,TLKM,RG,3980,1,D,XC,BB,F
15:07:54,TLKM,RG,3980,5,D,PD,BB,F
15:07:54,TLKM,RG,3980,5,D,YP,BB,F
15:07:54,TLKM,RG,3980,1,D,SQ,BB,F
15:07:54,TLKM,RG,3980,5,D,PD,BB,F
15:07:54,TLKM,RG,3980,3,D,YB,BB,F
15:07:54,TLKM,RG,3980,1,D,XC,BB,F
15:07:54,TLKM,RG,3980,100,D,SQ,BB,F
15:07:54,TLKM,RG,3980,1,D,DR,BB,F
15:07:54,TLKM,RG,3980,20,D,CC,BB,F
15:07:54,TLKM,RG,3980,2,D,XC,BB,F
15:07:54,TLKM,RG,3980,5,D,XC,BB,F
15:07:54,TLKM,RG,3980,1,D,PD,BB,F
15:07:54,TLKM,RG,3980,1,D,XC,BB,F
15:07:54,TLKM,RG,3980,1,D,YP,BB,F
15:07:54,TLKM,RG,3980,1,D,DH,BB,F
15:07:54,TLKM,RG,3980,7,D,AG,BB,F
15:07:54,TLKM,RG,3980,5,D,CC,BB,F
15:07:54,TLKM,RG,3980,5,D,YP,BB,F
15:07:54,TLKM,RG,3980,1,D,PD,BB,F
15:07:54,TLKM,RG,3980,12,D,XC,BB,F
15:07:54,TLKM,RG,3980,50,D,EP,BB,F
15:07:54,TLKM,RG,3980,10,D,DX,BB,F
15:07:54,TLKM,RG,3980,11,D,NI,BB,F
15:07:54,TLKM,RG,3980,11,D,CC,BB,F
15:07:54,TLKM,RG,3980,10,D,XC,BB,F
15:07:54,TLKM,RG,3980,10,D,XC,BB,F
15:07:54,TLKM,RG,3980,3,D,NI,BB,F
15:07:54,TLKM,RG,3980,2,D,XC,BB,F
15:07:54,TLKM,RG,3980,10,D,PD,BB,F
15:07:54,TLKM,RG,3980,1,D,XC,BB,F
15:07:54,TLKM,RG,3980,2,D,CC,BB,F
15:07:54,TLKM,RG,3980,1,D,XC,BB,F
15:07:54,TLKM,RG,3980,5,D,YP,BB,F
15:07:54,TLKM,RG,3980,1,D,PD,BB,F
15:07:54,TLKM,RG,3980,1,D,SQ,BB,F
15:07:54,TLKM,RG,3980,1,D,PD,BB,F
15:07:54,TLKM,RG,3980,10,D,IF,BB,F
15:07:54,TLKM,RG,3980,10,D,KK,BB,F
15:07:54,TLKM,RG,3980,50,D,TP,BB,F
15:07:54,TLKM,RG,3980,1,D,NI,BB,F
15:07:54,TLKM,RG,3980,5,D,CC,BB,F
15:07:54,TLKM,RG,3980,5,D,DR,BB,F
15:07:54,TLKM,RG,3980,5,D,AG,BB,F
15:07:54,TLKM,RG,3980,1,D,XC,BB,F
15:07:54,TLKM,RG,3980,9,D,XC,BB,F
15:07:54,TLKM,RG,3980,5,D,YP,BB,F
15:07:54,TLKM,RG,3980,3,D,CC,BB,F
15:07:54,TLKM,RG,3980,100,D,YP,BB,F
15:07:54,TLKM,RG,3980,40,D,XC,BB,F
15:07:54,TLKM,RG,3980,1,D,XC,BB,F
15:07:54,TLKM,RG,3980,28,D,NI,BB,F
15:07:25,TLKM,RG,3980,5,D,NI,YP,D
15:07:20,TLKM,RG,3980,3,D,NI,PD,D
15:07:19,TLKM,RG,3980,5,D,NI,YP,D
15:06:50,TLKM,RG,3980,9,D,NI,YP,D
15:06:50,TLKM,RG,3980,1,D,NI,YP,D
15:06:50,TLKM,RG,3980,2,D,LS,YP,D
15:06:50,TLKM,RG,3980,8,D,YP,YP,D
15:06:48,TLKM,RG,3980,192,D,YP,GR,D
15:06:48,TLKM,RG,3980,3,D,SQ,GR,D
15:06:48,TLKM,RG,3980,1,D,KK,GR,D
15:06:48,TLKM,RG,3980,4,D,LG,GR,D
15:06:42,TLKM,RG,3980,2,D,LG,PD,D
15:06:42,TLKM,RG,3980,30,D,LG,SQ,D
15:06:36,TLKM,RG,3980,264,D,LG,BB,F
15:06:33,TLKM,RG,3980,28,D,XL,BB,F
15:06:32,TLKM,RG,3980,70,D,AZ,BB,F
15:06:32,TLKM,RG,3980,40,D,DH,BB,F
15:06:30,TLKM,RG,3980,20,D,PD,BB,F
15:06:30,TLKM,RG,3980,1,D,NI,BB,F
15:06:30,TLKM,RG,3980,1,D,XC,BB,F
15:06:30,TLKM,RG,3980,2,D,NI,BB,F
15:06:30,TLKM,RG,3980,1,D,SQ,BB,F
15:06:30,TLKM,RG,3980,5,D,XL,BB,F
15:06:30,TLKM,RG,3980,50,D,NI,BB,F
15:06:30,TLKM,RG,3980,1,D,SQ,BB,F
15:06:30,TLKM,RG,3980,10,D,CC,BB,F
15:06:30,TLKM,RG,3980,2,D,XC,BB,F
15:06:30,TLKM,RG,3980,50,D,NI,BB,F
15:06:30,TLKM,RG,3980,1,D,YP,BB,F
15:06:30,TLKM,RG,3980,1,D,PD,BB,F
15:06:30,TLKM,RG,3980,5,D,KK,BB,F
15:06:30,TLKM,RG,3980,1,D,NI,BB,F
15:06:30,TLKM,RG,3980,1,D,PD,BB,F
15:06:30,TLKM,RG,3980,1,D,EP,BB,F
15:06:30,TLKM,RG,3980,1,D,NI,BB,F
15:06:30,TLKM,RG,3980,50,D,SQ,BB,F
15:06:30,TLKM,RG,3980,10,D,CC,BB,F
15:06:30,TLKM,RG,3980,50,D,NI,BB,F
15:06:30,TLKM,RG,3980,2,D,DH,BB,F
15:06:30,TLKM,RG,3980,3,D,CC,BB,F
15:06:30,TLKM,RG,3980,2,D,NI,BB,F
15:06:30,TLKM,RG,3980,2,D,XC,BB,F
15:06:30,TLKM,RG,3980,30,D,LG,BB,F
15:06:30,TLKM,RG,3980,5,D,KK,BB,F
15:06:30,TLKM,RG,3980,10,D,OD,BB,F
15:06:30,TLKM,RG,3980,1,D,PD,BB,F
15:06:30,TLKM,RG,3980,1,D,XC,BB,F
15:06:30,TLKM,RG,3980,1,D,YP,BB,F
15:06:30,TLKM,RG,3980,10,D,XC,BB,F
15:06:30,TLKM,RG,3980,2,D,YP,BB,F
15:06:30,TLKM,RG,3980,5,D,OD,BB,F
15:06:30,TLKM,RG,3980,1,D,YP,BB,F
15:06:30,TLKM,RG,3980,5,D,DH,BB,F
15:06:30,TLKM,RG,3980,1,D,YP,BB,F
15:06:30,TLKM,RG,3980,1,D,YP,BB,F
15:06:30,TLKM,RG,3980,1,D,YP,BB,F
15:06:30,TLKM,RG,3980,5,D,XL,BB,F
15:06:30,TLKM,RG,3980,1,D,YP,BB,F
15:06:30,TLKM,RG,3980,3,D,CC,BB,F
15:06:30,TLKM,RG,3980,1,D,YP,BB,F
15:06:30,TLKM,RG,3980,1,D,YP,BB,F
15:06:30,TLKM,RG,3980,1,D,YP,BB,F
15:06:30,TLKM,RG,3980,1,D,YP,BB,F
15:06:30,TLKM,RG,3980,10,D,PD,BB,F
15:06:30,TLKM,RG,3980,1,D,YP,BB,F
15:06:30,TLKM,RG,3980,1,D,CC,BB,F
15:06:30,TLKM,RG,3980,100,D,DH,BB,F
15:06:30,TLKM,RG,3980,1,D,PD,BB,F
15:06:30,TLKM,RG,3980,1,D,DR,BB,F
15:06:30,TLKM,RG,3980,4,D,XC,BB,F
15:06:30,TLKM,RG,3980,1,D,XC,BB,F
15:06:30,TLKM,RG,3980,15,D,XC,BB,F
15:06:30,TLKM,RG,3980,3,D,OD,BB,F
15:06:30,TLKM,RG,3980,1,D,XC,BB,F
15:06:30,TLKM,RG,3980,5,D,PD,BB,F
15:06:30,TLKM,RG,3980,1,D,XC,BB,F
15:06:30,TLKM,RG,3980,1,D,GR,BB,F
15:06:30,TLKM,RG,3980,3,D,PD,BB,F
15:06:30,TLKM,RG,3980,1,D,PD,BB,F
15:06:30,TLKM,RG,3980,1,D,XC,BB,F
15:06:30,TLKM,RG,3980,10,D,YP,BB,F
15:06:30,TLKM,RG,3980,2,D,XC,BB,F
15:06:30,TLKM,RG,3980,20,D,KK,BB,F
15:06:30,TLKM,RG,3980,10,D,KK,BB,F
15:06:30,TLKM,RG,3980,1,D,KK,BB,F
15:06:30,TLKM,RG,3980,2,D,XC,BB,F
15:06:30,TLKM,RG,3980,10,D,KK,BB,F
15:06:30,TLKM,RG,3980,2,D,XC,BB,F
15:06:30,TLKM,RG,3980,1,D,XL,BB,F
15:06:30,TLKM,RG,3980,3,D,EP,BB,F
15:06:30,TLKM,RG,3980,1,D,NI,BB,F
15:06:30,TLKM,RG,3980,1,D,YP,BB,F
15:06:30,TLKM,RG,3980,2,D,XC,BB,F
15:06:30,TLKM,RG,3980,2,D,YP,BB,F
15:06:30,TLKM,RG,3980,50,D,ZP,BB,F
15:06:30,TLKM,RG,3980,10,D,CC,BB,F
15:06:30,TLKM,RG,3980,2,D,PD,BB,F
15:06:30,TLKM,RG,3980,7,D,CC,BB,F
15:06:30,TLKM,RG,3980,40,D,GR,BB,F
15:06:30,TLKM,RG,3980,3,D,DR,BB,F
15:06:30,TLKM,RG,3980,1,D,NI,BB,F
15:06:30,TLKM,RG,3980,7,D,EP,BB,F
15:06:30,TLKM,RG,3980,1,D,YP,BB,F
15:06:30,TLKM,RG,3980,8,D,XC,BB,F
15:06:30,TLKM,RG,3980,2,D,YP,BB,F
15:06:30,TLKM,RG,3980,1,D,XC,BB,F
15:06:30,TLKM,RG,3980,48,D,PD,BB,F
15:06:30,TLKM,RG,3980,1,D,XC,BB,F
15:06:30,TLKM,RG,3980,40,D,PD,BB,F
15:06:30,TLKM,RG,3980,10,D,XC,BB,F
15:06:30,TLKM,RG,3980,25,D,XC,BB,F
15:06:30,TLKM,RG,3980,1,D,PD,BB,F
15:06:30,TLKM,RG,3980,2,D,XC,BB,F
15:06:30,TLKM,RG,3980,1,D,XC,BB,F
15:06:30,TLKM,RG,3980,10,D,PD,BB,F
15:06:30,TLKM,RG,3980,1,D,BQ,BB,F
15:06:30,TLKM,RG,3980,5,D,OD,BB,F
15:06:30,TLKM,RG,3980,10,D,YB,BB,F
15:06:30,TLKM,RG,3980,3,D,CC,BB,F
15:06:30,TLKM,RG,3980,1,D,PD,BB,F
15:06:30,TLKM,RG,3980,10,D,YP,BB,F
15:06:30,TLKM,RG,3980,1,D,XC,BB,F
15:06:30,TLKM,RG,3980,30,D,PD,BB,F
15:06:30,TLKM,RG,3980,10,D,CC,BB,F
15:06:30,TLKM,RG,3980,5,D,XC,BB,F
15:06:30,TLKM,RG,3980,1,D,PD,BB,F
15:06:30,TLKM,RG,3980,1,D,XC,BB,F
15:06:30,TLKM,RG,3980,50,D,KK,BB,F
15:06:30,TLKM,RG,3980,10,D,AT,BB,F
15:06:30,TLKM,RG,3980,1,D,XC,BB,F
15:06:30,TLKM,RG,3980,3,D,XC,BB,F
15:06:30,TLKM,RG,3980,19,D,XL,BB,F
15:06:30,TLKM,RG,3980,1,D,CC,BB,F
15:06:30,TLKM,RG,3980,20,D,CC,BB,F
15:06:30,TLKM,RG,3980,2,D,NI,BB,F
15:06:30,TLKM,RG,3980,2,D,PD,BB,F
15:06:30,TLKM,RG,3980,2,D,XC,BB,F
15:06:30,TLKM,RG,3980,1,D,DH,BB,F
15:06:30,TLKM,RG,3980,1,D,XL,BB,F
15:06:30,TLKM,RG,3980,250,D,SQ,BB,F
15:06:30,TLKM,RG,3980,1,D,YU,BB,F
15:06:30,TLKM,RG,3980,5,D,CC,BB,F
15:06:30,TLKM,RG,3980,20,D,YP,BB,F
15:06:30,TLKM,RG,3980,20,D,YP,BB,F
15:06:30,TLKM,RG,3980,1,D,XC,BB,F
15:06:30,TLKM,RG,3980,3,D,PD,BB,F
15:06:30,TLKM,RG,3980,3,D,XL,BB,F
15:06:30,TLKM,RG,3980,1,D,XC,BB,F
15:06:30,TLKM,RG,3980,1,D,KK,BB,F
15:06:30,TLKM,RG,3980,2,D,XC,BB,F
15:06:30,TLKM,RG,3980,50,D,YP,BB,F
15:06:30,TLKM,RG,3980,5,D,DH,BB,F
15:06:30,TLKM,RG,3980,7,D,PD,BB,F
15:06:30,TLKM,RG,3980,1,D,XL,BB,F
15:06:30,TLKM,RG,3980,1,D,XC,BB,F
15:06:30,TLKM,RG,3980,1,D,DH,BB,F
15:06:30,TLKM,RG,3980,5,D,CC,BB,F
15:06:30,TLKM,RG,3980,200,D,CC,BB,F
15:06:30,TLKM,RG,3980,5,D,LS,BB,F
15:06:30,TLKM,RG,3980,1,D,XC,BB,F
15:06:30,TLKM,RG,3980,10,D,PD,BB,F
15:06:30,TLKM,RG,3980,1,D,PD,BB,F
15:06:30,TLKM,RG,3980,5,D,YP,BB,F
15:06:30,TLKM,RG,3980,1,D,XC,BB,F
15:06:30,TLKM,RG,3980,10,D,GR,BB,F
15:06:30,TLKM,RG,3980,1,D,YP,BB,F
15:06:30,TLKM,RG,3980,10,D,AZ,BB,F
15:06:30,TLKM,RG,3980,1,D,XC,BB,F
15:06:30,TLKM,RG,3980,12,D,XC,BB,F
15:06:30,TLKM,RG,3980,25,D,PD,BB,F
15:06:30,TLKM,RG,3980,5,D,KK,BB,F
15:06:30,TLKM,RG,3980,25,D,SQ,BB,F
15:06:30,TLKM,RG,3980,100,D,ZP,BB,F
15:06:30,TLKM,RG,3980,8,D,YP,BB,F
15:06:30,TLKM,RG,3980,2,D,XL,BB,F
15:06:30,TLKM,RG,3980,1,D,OD,BB,F
15:06:30,TLKM,RG,3980,3,D,KK,BB,F
15:06:30,TLKM,RG,3980,2,D,YP,BB,F
15:06:30,TLKM,RG,3980,1,D,PD,BB,F
15:06:30,TLKM,RG,3980,10,D,DX,BB,F
15:06:30,TLKM,RG,3980,10,D,PD,BB,F
15:06:30,TLKM,RG,3980,5,D,YP,BB,F
15:06:30,TLKM,RG,3980,20,D,KK,BB,F
15:06:30,TLKM,RG,3980,50,D,DR,BB,F
15:06:30,TLKM,RG,3980,1,D,CC,BB,F
15:06:30,TLKM,RG,3980,10,D,XC,BB,F
15:06:30,TLKM,RG,3980,2,D,CC,BB,F
15:06:30,TLKM,RG,3980,10,D,CP,BB,F
15:06:30,TLKM,RG,3980,2,D,PD,BB,F
15:06:30,TLKM,RG,3980,20,D,XC,BB,F
15:06:30,TLKM,RG,3980,30,D,DX,BB,F
15:06:30,TLKM,RG,3980,5,D,CC,BB,F
15:06:30,TLKM,RG,3980,5,D,KK,BB,F
15:06:30,TLKM,RG,3980,25,D,CC,BB,F
15:06:30,TLKM,RG,3980,1,D,XC,BB,F
15:06:30,TLKM,RG,3980,100,D,DR,BB,F
15:06:30,TLKM,RG,3980,30,D,CC,BB,F
15:06:30,TLKM,RG,3980,3,D,PD,BB,F
15:06:30,TLKM,RG,3980,1,D,PD,BB,F
15:06:30,TLKM,RG,3980,2,D,XC,BB,F
15:06:30,TLKM,RG,3980,3,D,YP,BB,F
15:06:30,TLKM,RG,3980,1,D,KK,BB,F
15:06:30,TLKM,RG,3980,2,D,SQ,BB,F
15:06:30,TLKM,RG,3980,1,D,CC,BB,F
15:06:30,TLKM,RG,3980,2,D,XL,BB,F
15:06:30,TLKM,RG,3980,2,D,DR,BB,F
15:06:30,TLKM,RG,3980,17,D,XC,BB,F
15:06:30,TLKM,RG,3980,5,D,PD,BB,F
15:06:30,TLKM,RG,3980,500,D,SH,BB,F
15:06:30,TLKM,RG,3980,1,D,PD,BB,F
15:06:30,TLKM,RG,3980,2,D,CC,BB,F
15:06:30,TLKM,RG,3980,25,D,DR,BB,F
15:06:30,TLKM,RG,3980,1,D,DR,BB,F
15:06:30,TLKM,RG,3980,5,D,OD,BB,F
15:06:30,TLKM,RG,3980,3,D,XC,BB,F
15:06:30,TLKM,RG,3980,1,D,CC,BB,F
15:06:30,TLKM,RG,3980,3,D,XA,BB,F
15:06:30,TLKM,RG,3980,1,D,PD,BB,F
15:06:30,TLKM,RG,3980,50,D,KK,BB,F
15:06:30,TLKM,RG,3980,1,D,CC,BB,F
15:06:30,TLKM,RG,3980,2,D,CC,BB,F
15:06:30,TLKM,RG,3980,2,D,NI,BB,F
15:06:30,TLKM,RG,3980,1,D,XC,BB,F
15:06:30,TLKM,RG,3980,1,D,XC,BB,F
15:06:30,TLKM,RG,3980,10,D,NI,BB,F
15:06:30,TLKM,RG,3980,2,D,SQ,BB,F
15:06:30,TLKM,RG,3980,12,D,XC,BB,F
15:06:30,TLKM,RG,3980,11,D,NI,BB,F
15:06:30,TLKM,RG,3980,1,D,YP,BB,F
15:06:30,TLKM,RG,3980,11,D,NI,BB,F
15:06:30,TLKM,RG,3980,5,D,NI,BB,F
15:06:30,TLKM,RG,3980,40,D,AZ,BB,F
15:06:30,TLKM,RG,3980,10,D,XC,BB,F
15:06:30,TLKM,RG,3980,2,D,XC,BB,F
15:06:30,TLKM,RG,3980,2,D,DR,BB,F
15:06:30,TLKM,RG,3980,10,D,XC,BB,F
15:06:30,TLKM,RG,3980,1,D,EP,BB,F
15:06:30,TLKM,RG,3980,2,D,YP,BB,F
15:06:30,TLKM,RG,3980,2,D,XC,BB,F
15:06:30,TLKM,RG,3980,1,D,XC,BB,F
15:06:30,TLKM,RG,3980,5,D,XC,BB,F
15:06:30,TLKM,RG,3980,3,D,XC,BB,F
15:06:30,TLKM,RG,3980,2,D,XC,BB,F
15:06:30,TLKM,RG,3980,1,D,XC,BB,F
15:06:30,TLKM,RG,3980,1,D,XC,BB,F
15:06:30,TLKM,RG,3980,1,D,XC,BB,F
15:06:30,TLKM,RG,3980,5,D,KK,BB,F
15:06:30,TLKM,RG,3980,1,D,KK,BB,F
15:06:30,TLKM,RG,3980,5,D,GR,BB,F
15:06:30,TLKM,RG,3980,12,D,PD,BB,F
15:06:30,TLKM,RG,3980,5,D,PD,BB,F
15:06:30,TLKM,RG,3980,5930,D,ZP,BB,F
15:06:30,TLKM,RG,3980,100,D,NI,BB,F
15:06:30,TLKM,RG,3980,588,D,YP,BB,F
15:06:30,TLKM,RG,3980,112,D,YP,BB,F
15:06:30,TLKM,RG,3980,2,D,CC,BB,F
15:06:30,TLKM,RG,3980,10,D,NI,BB,F
15:06:30,TLKM,RG,3980,200,D,AZ,BB,F
15:06:30,TLKM,RG,3980,19,D,KK,BB,F
15:06:30,TLKM,RG,3980,10,D,DR,BB,F
15:06:30,TLKM,RG,3980,4674,F,BK,BB,F
15:06:30,TLKM,RG,3980,4918,F,BK,BB,F
15:06:30,TLKM,RG,3980,4918,F,BK,BB,F
15:06:30,TLKM,RG,3980,4918,F,BK,BB,F
15:06:30,TLKM,RG,3980,4918,F,BK,BB,F
15:06:30,TLKM,RG,3980,4918,F,BK,BB,F
15:06:30,TLKM,RG,3980,4918,F,BK,BB,F
15:06:30,TLKM,RG,3980,1,D,PD,BB,F
15:06:30,TLKM,RG,3980,5,D,XC,BB,F
15:06:30,TLKM,RG,3980,40,D,PD,BB,F
15:06:30,TLKM,RG,3980,3,D,CP,BB,F
15:06:30,TLKM,RG,3980,3,D,CC,BB,F
15:06:30,TLKM,RG,3980,1,D,XC,BB,F
15:06:30,TLKM,RG,3980,5,D,DX,BB,F
15:06:30,TLKM,RG,3980,50,D,YP,BB,F
15:06:30,TLKM,RG,3980,5,D,YP,BB,F
15:06:30,TLKM,RG,3980,2,D,XC,BB,F
15:06:30,TLKM,RG,3980,5,D,SQ,BB,F
15:06:30,TLKM,RG,3980,1,D,PD,BB,F
15:06:30,TLKM,RG,3980,10,D,PD,BB,F
15:06:30,TLKM,RG,3980,2,D,YP,BB,F
15:06:30,TLKM,RG,3980,2,D,XC,BB,F
15:06:30,TLKM,RG,3980,10,D,BQ,BB,F
15:06:30,TLKM,RG,3980,5000,F,RX,BB,F
15:06:30,TLKM,RG,3980,2,D,XC,BB,F
15:06:30,TLKM,RG,3980,1,D,XC,BB,F
15:06:30,TLKM,RG,3980,50,D,NI,BB,F
15:06:30,TLKM,RG,3980,1,D,CP,BB,F
15:06:30,TLKM,RG,3980,3,D,PD,BB,F
15:06:30,TLKM,RG,3980,8,D,TP,BB,F
15:06:30,TLKM,RG,3980,1,D,AZ,BB,F
15:06:30,TLKM,RG,3980,1,D,XC,BB,F
15:06:30,TLKM,RG,3980,6,D,YP,BB,F
15:06:30,TLKM,RG,3980,2,D,XC,BB,F
15:06:30,TLKM,RG,3980,1,D,XC,BB,F
15:06:30,TLKM,RG,3980,1,D,PD,BB,F
15:06:30,TLKM,RG,3980,2,D,XA,BB,F
15:06:30,TLKM,RG,3980,2,D,XC,BB,F
15:06:30,TLKM,RG,3980,1000,D,YP,BB,F
15:06:30,TLKM,RG,3980,1,D,YP,BB,F
15:06:30,TLKM,RG,3980,1,D,XC,BB,F
15:06:30,TLKM,RG,3980,50,D,XC,BB,F
15:06:30,TLKM,RG,3980,1,D,XC,BB,F
15:06:30,TLKM,RG,3980,1,D,XL,BB,F
15:06:30,TLKM,RG,3980,1,D,YP,BB,F
15:06:30,TLKM,RG,3980,3,D,YP,BB,F
15:06:30,TLKM,RG,3980,25,D,YP,BB,F
15:06:30,TLKM,RG,3980,50,D,YP,BB,F
15:06:30,TLKM,RG,3980,15,D,SQ,BB,F
15:06:30,TLKM,RG,3980,1,D,YP,BB,F
15:06:30,TLKM,RG,3980,1000,D,YP,BB,F
15:06:30,TLKM,RG,3980,1,D,XC,BB,F
15:06:30,TLKM,RG,3980,6,D,XC,BB,F
15:06:30,TLKM,RG,3980,57,D,YB,BB,F
15:06:30,TLKM,RG,3980,5,D,PD,BB,F
15:06:30,TLKM,RG,3980,2,D,XC,BB,F
15:06:30,TLKM,RG,3980,1,D,XC,BB,F
15:06:30,TLKM,RG,3980,10,D,KK,BB,F
15:06:30,TLKM,RG,3980,25,D,AT,BB,F
15:06:30,TLKM,RG,3980,100,D,XC,BB,F
15:06:30,TLKM,RG,3980,5,D,YP,BB,F
15:06:30,TLKM,RG,3980,1,D,XL,BB,F
15:06:30,TLKM,RG,3980,10,D,EP,BB,F
15:06:30,TLKM,RG,3980,1,D,NI,BB,F
15:06:30,TLKM,RG,3980,2,D,EP,BB,F
15:06:30,TLKM,RG,3980,3,D,PD,BB,F
15:06:30,TLKM,RG,3980,5,D,YP,BB,F
15:06:30,TLKM,RG,3980,1,D,DR,BB,F
15:06:30,TLKM,RG,3980,1,D,XC,BB,F
15:06:30,TLKM,RG,3980,1,D,XL,BB,F
15:06:30,TLKM,RG,3980,1,D,YP,BB,F
15:06:30,TLKM,RG,3980,1,D,YB,BB,F
15:06:30,TLKM,RG,3980,5,D,PD,BB,F
15:06:30,TLKM,RG,3980,5,D,NI,BB,F
15:06:30,TLKM,RG,3980,2,D,YP,BB,F
15:06:30,TLKM,RG,3980,10,D,AT,BB,F
15:06:30,TLKM,RG,3980,2,D,XC,BB,F
15:06:30,TLKM,RG,3980,5,D,KK,BB,F
15:06:30,TLKM,RG,3980,13,D,YP,BB,F
15:06:30,TLKM,RG,3980,3,D,XC,BB,F
15:06:30,TLKM,RG,3980,100,D,KK,BB,F
15:06:30,TLKM,RG,3980,1,D,XL,BB,F
15:06:30,TLKM,RG,3980,1,D,YP,BB,F
15:06:30,TLKM,RG,3980,1,D,YP,BB,F
15:06:30,TLKM,RG,3980,1,D,YP,BB,F
15:06:30,TLKM,RG,3980,1,D,YP,BB,F
15:06:30,TLKM,RG,3980,1,D,YP,BB,F
15:06:30,TLKM,RG,3980,2,D,PD,BB,F
15:06:30,TLKM,RG,3980,5,D,CC,BB,F
15:06:30,TLKM,RG,3980,15,D,YP,BB,F
15:06:30,TLKM,RG,3980,1,D,XC,BB,F
15:06:30,TLKM,RG,3980,1,D,XC,BB,F
15:06:30,TLKM,RG,3980,2,D,XC,BB,F
15:06:30,TLKM,RG,3980,10,D,YP,BB,F
15:06:30,TLKM,RG,3980,3,D,XL,BB,F
15:06:30,TLKM,RG,3980,1,D,NI,BB,F
15:06:30,TLKM,RG,3980,100,D,YP,BB,F
15:06:30,TLKM,RG,3980,200,D,KK,BB,F
15:06:30,TLKM,RG,3980,24,D,DR,BB,F
15:06:30,TLKM,RG,3980,2,D,NI,BB,F
15:06:30,TLKM,RG,3980,2,D,YB,BB,F
15:06:30,TLKM,RG,3980,30,D,NI,BB,F
15:06:30,TLKM,RG,3980,25,D,KK,BB,F
15:06:30,TLKM,RG,3980,1,D,NI,BB,F
15:06:30,TLKM,RG,3980,2,D,CC,BB,F
15:06:30,TLKM,RG,3980,3,D,XC,BB,F
15:06:30,TLKM,RG,3980,1,D,XL,BB,F
15:06:30,TLKM,RG,3980,1,D,NI,BB,F
15:06:30,TLKM,RG,3980,5,D,KK,BB,F
15:06:30,TLKM,RG,3980,1,D,XA,BB,F
15:06:30,TLKM,RG,3980,1,D,XC,BB,F
15:06:30,TLKM,RG,3980,2,D,NI,BB,F
15:06:30,TLKM,RG,3980,1,D,NI,BB,F
15:06:30,TLKM,RG,3980,28,D,XL,BB,F
15:06:30,TLKM,RG,3980,3,D,PD,BB,F
15:06:30,TLKM,RG,3980,3,D,PD,BB,F
15:06:30,TLKM,RG,3980,1,D,XC,BB,F
15:06:30,TLKM,RG,3980,1,D,XC,BB,F
15:06:30,TLKM,RG,3980,1,D,NI,BB,F
15:06:30,TLKM,RG,3980,1,D,XC,BB,F
15:06:30,TLKM,RG,3980,6,D,XC,BB,F
15:06:30,TLKM,RG,3980,1,D,PD,BB,F
15:06:30,TLKM,RG,3980,1,D,DH,BB,F
15:06:30,TLKM,RG,3980,14,D,XC,BB,F
15:06:30,TLKM,RG,3980,1,D,PD,BB,F
15:06:30,TLKM,RG,3980,10,D,PD,BB,F
15:06:30,TLKM,RG,3980,10,D,XA,BB,F
15:06:30,TLKM,RG,3980,10,D,YP,BB,F
15:06:30,TLKM,RG,3980,20,D,NI,BB,F
15:06:30,TLKM,RG,3980,2,D,XC,BB,F
15:06:30,TLKM,RG,3980,1,D,PD,BB,F
15:06:30,TLKM,RG,3980,12,D,NI,BB,F
15:06:30,TLKM,RG,3980,1,D,YP,BB,F
15:06:30,TLKM,RG,3980,29,D,NI,BB,F
15:06:30,TLKM,RG,3980,5,D,PD,BB,F
15:06:30,TLKM,RG,3980,1,D,XC,BB,F
15:06:30,TLKM,RG,3980,10,D,EP,BB,F
15:06:30,TLKM,RG,3980,1,D,XL,BB,F
15:06:30,TLKM,RG,3980,20,D,GR,BB,F
15:06:30,TLKM,RG,3980,50,D,YP,BB,F
15:06:30,TLKM,RG,3980,5,D,PD,BB,F
15:06:30,TLKM,RG,3980,1,D,XC,BB,F
15:06:30,TLKM,RG,3980,10,D,CC,BB,F
15:06:30,TLKM,RG,3980,2,D,YP,BB,F
15:06:30,TLKM,RG,3980,1,D,XC,BB,F
15:06:30,TLKM,RG,3980,5,D,YB,BB,F
15:06:30,TLKM,RG,3980,2,D,PD,BB,F
15:06:30,TLKM,RG,3980,5,D,XC,BB,F
15:06:30,TLKM,RG,3980,5,D,PD,BB,F
15:06:30,TLKM,RG,3980,62,D,SQ,BB,F
15:06:30,TLKM,RG,3980,252,D,PD,BB,F
15:06:30,TLKM,RG,3980,1,D,SQ,BB,F
15:06:30,TLKM,RG,3980,2,D,NI,BB,F
15:06:30,TLKM,RG,3980,2,D,YP,BB,F
15:06:30,TLKM,RG,3980,1,D,CC,BB,F
15:06:30,TLKM,RG,3980,45,D,PD,BB,F
15:06:30,TLKM,RG,3980,10,D,XC,BB,F
15:06:30,TLKM,RG,3980,5,D,PD,BB,F
15:06:30,TLKM,RG,3980,2,D,PD,BB,F
15:06:30,TLKM,RG,3980,200,D,PD,BB,F
15:06:30,TLKM,RG,3980,10,D,CC,BB,F
15:06:30,TLKM,RG,3980,1,D,NI,BB,F
15:06:30,TLKM,RG,3980,5,D,NI,BB,F
15:06:30,TLKM,RG,3980,10,D,NI,BB,F
15:06:30,TLKM,RG,3980,5,D,YP,BB,F
15:06:30,TLKM,RG,3980,1,D,NI,BB,F
15:06:30,TLKM,RG,3980,1,D,EP,BB,F
15:06:30,TLKM,RG,3980,10,D,PD,BB,F
15:06:30,TLKM,RG,3980,5,D,YP,BB,F
15:06:30,TLKM,RG,3980,50,D,XC,BB,F
15:06:30,TLKM,RG,3980,1,D,XC,BB,F
15:06:30,TLKM,RG,3980,1256,D,AI,BB,F
15:06:30,TLKM,RG,3980,2,D,YU,BB,F
15:06:30,TLKM,RG,3980,1,D,CC,BB,F
15:06:30,TLKM,RG,3980,1,D,DR,BB,F
15:06:30,TLKM,RG,3980,10,D,YP,BB,F
15:06:30,TLKM,RG,3980,15,D,YJ,BB,F
15:06:30,TLKM,RG,3980,50,D,PD,BB,F
15:06:30,TLKM,RG,3980,10,D,YP,BB,F
15:06:30,TLKM,RG,3980,3,D,PD,BB,F
15:06:30,TLKM,RG,3980,125,D,YP,BB,F
15:06:30,TLKM,RG,3980,10,D,CC,BB,F
15:06:30,TLKM,RG,3980,2,D,BQ,BB,F
15:06:30,TLKM,RG,3980,5,D,YP,BB,F
15:06:30,TLKM,RG,3980,3,D,XC,BB,F
15:06:30,TLKM,RG,3980,1,D,YP,BB,F
15:06:30,TLKM,RG,3980,2,D,SQ,BB,F
15:06:30,TLKM,RG,3980,10,D,SQ,BB,F
15:06:30,TLKM,RG,3980,5,D,XC,BB,F
15:06:30,TLKM,RG,3980,20,D,XC,BB,F
15:06:30,TLKM,RG,3980,3,D,XC,BB,F
15:06:30,TLKM,RG,3980,10,D,XC,BB,F
15:06:30,TLKM,RG,3980,5,D,BQ,BB,F
15:06:30,TLKM,RG,3980,5,D,XC,BB,F
15:06:30,TLKM,RG,3980,1,D,PD,BB,F
15:06:30,TLKM,RG,3980,3,D,AZ,BB,F
15:06:30,TLKM,RG,3980,40,D,XC,BB,F
15:06:30,TLKM,RG,3980,1,D,CC,BB,F
15:06:30,TLKM,RG,3980,5,D,YP,BB,F
15:06:30,TLKM,RG,3980,30,D,PD,BB,F
15:06:30,TLKM,RG,3980,5,D,TP,BB,F
15:06:30,TLKM,RG,3980,5,D,PD,BB,F
15:06:30,TLKM,RG,3980,62,D,AG,BB,F
15:06:30,TLKM,RG,3980,100,D,LS,BB,F
15:06:30,TLKM,RG,3980,10,D,YP,BB,F
15:06:30,TLKM,RG,3980,1,D,XL,BB,F
15:06:30,TLKM,RG,3980,1,D,YP,BB,F
15:06:30,TLKM,RG,3980,50,D,SQ,BB,F
15:06:30,TLKM,RG,3980,20,D,XC,BB,F
15:06:30,TLKM,RG,3980,1,D,SQ,BB,F
15:06:30,TLKM,RG,3980,5,D,XC,BB,F
15:06:30,TLKM,RG,3980,2,D,XC,BB,F
15:06:30,TLKM,RG,3980,15,D,PG,BB,F
15:06:30,TLKM,RG,3980,1,D,PD,BB,F
15:06:30,TLKM,RG,3980,10,D,YP,BB,F
15:06:30,TLKM,RG,3980,1,D,XC,BB,F
15:06:30,TLKM,RG,3980,5,D,YP,BB,F
15:06:30,TLKM,RG,3980,1,D,PD,BB,F
15:06:30,TLKM,RG,3980,1,D,CC,BB,F
15:06:30,TLKM,RG,3980,5,D,PD,BB,F
15:06:30,TLKM,RG,3980,3,D,KK,BB,F
15:06:30,TLKM,RG,3980,20,D,CP,BB,F
15:06:30,TLKM,RG,3980,3,D,CC,BB,F
15:06:30,TLKM,RG,3980,26,D,YP,BB,F
15:06:30,TLKM,RG,3980,1,D,GR,BB,F
15:06:30,TLKM,RG,3980,2,D,XC,BB,F
15:06:30,TLKM,RG,3980,20,D,YP,BB,F
15:06:30,TLKM,RG,3980,1,D,PD,BB,F
15:06:30,TLKM,RG,3980,30,D,TP,BB,F
15:06:30,TLKM,RG,3980,1,D,XC,BB,F
15:06:30,TLKM,RG,3980,3,D,YP,BB,F
15:06:30,TLKM,RG,3980,10,D,CC,BB,F
15:06:30,TLKM,RG,3980,3,D,OD,BB,F
15:06:30,TLKM,RG,3980,10,D,SQ,BB,F
15:06:30,TLKM,RG,3980,5,D,YP,BB,F
15:06:30,TLKM,RG,3980,2,D,NI,BB,F
15:06:30,TLKM,RG,3980,1,D,PD,BB,F
15:06:30,TLKM,RG,3980,1,D,PD,BB,F
15:06:30,TLKM,RG,3980,1,D,XC,BB,F
15:06:30,TLKM,RG,3980,10,D,SQ,BB,F
15:06:30,TLKM,RG,3980,10,D,YP,BB,F
15:06:30,TLKM,RG,3980,10,D,SQ,BB,F
15:06:30,TLKM,RG,3980,5,D,CC,BB,F
15:06:30,TLKM,RG,3980,1,D,YP,BB,F
15:06:30,TLKM,RG,3980,10,D,GR,BB,F
15:06:30,TLKM,RG,3980,5,D,XL,BB,F
15:06:30,TLKM,RG,3980,5,D,PD,BB,F
15:06:30,TLKM,RG,3980,1,D,YP,BB,F
15:06:30,TLKM,RG,3980,5,D,XC,BB,F
15:06:30,TLKM,RG,3980,1,D,NI,BB,F
15:06:30,TLKM,RG,3980,5,D,PD,BB,F
15:06:30,TLKM,RG,3980,15,D,OD,BB,F
15:06:30,TLKM,RG,3980,1,D,XC,BB,F
15:06:30,TLKM,RG,3980,100,D,YP,BB,F
15:06:30,TLKM,RG,3980,3,D,PD,BB,F
15:06:30,TLKM,RG,3980,5,D,YP,BB,F
15:06:30,TLKM,RG,3980,10,D,GR,BB,F
15:06:30,TLKM,RG,3980,2,D,BQ,BB,F
15:06:30,TLKM,RG,3980,1,D,PD,BB,F
15:06:30,TLKM,RG,3980,6,D,OD,BB,F
15:06:30,TLKM,RG,3980,50,D,SQ,BB,F
15:06:30,TLKM,RG,3980,1,D,OD,BB,F
15:06:30,TLKM,RG,3980,1,D,PD,BB,F
15:06:30,TLKM,RG,3980,20,D,PD,BB,F
15:06:30,TLKM,RG,3980,10,D,YP,BB,F
15:06:30,TLKM,RG,3980,85,D,XC,BB,F
15:06:30,TLKM,RG,3980,1,D,PD,BB,F
15:06:30,TLKM,RG,3980,3,D,PD,BB,F
15:06:30,TLKM,RG,3980,1,D,XC,BB,F
15:06:30,TLKM,RG,3980,10,D,PD,BB,F
15:06:30,TLKM,RG,3980,1,D,SQ,BB,F
15:06:30,TLKM,RG,3980,5,D,YP,BB,F
15:06:30,TLKM,RG,3980,2,D,YP,BB,F
15:06:30,TLKM,RG,3980,1,D,CC,BB,F
15:06:30,TLKM,RG,3980,20,D,AI,BB,F
15:06:30,TLKM,RG,3980,2,D,PD,BB,F
15:06:30,TLKM,RG,3980,7,D,XL,BB,F
15:06:30,TLKM,RG,3980,1,D,XC,BB,F
15:06:30,TLKM,RG,3980,10,D,LG,BB,F
15:06:30,TLKM,RG,3980,8,D,XC,BB,F
15:06:30,TLKM,RG,3980,2,D,XC,BB,F
15:06:30,TLKM,RG,3980,2,D,XC,BB,F
15:06:30,TLKM,RG,3980,1,D,XC,BB,F
15:06:30,TLKM,RG,3980,10,D,XL,BB,F
15:06:30,TLKM,RG,3980,10,D,XL,BB,F
15:06:30,TLKM,RG,3980,10,D,XL,BB,F
15:06:30,TLKM,RG,3980,20,D,XC,BB,F
15:06:30,TLKM,RG,3980,1,D,PD,BB,F
15:06:30,TLKM,RG,3980,12,D,YP,BB,F
15:06:30,TLKM,RG,3980,1,D,PD,BB,F
15:06:30,TLKM,RG,3980,5,D,PD,BB,F
15:06:30,TLKM,RG,3980,13,D,CC,BB,F
15:06:30,TLKM,RG,3980,60,D,XC,BB,F
15:06:30,TLKM,RG,3980,1,D,YP,BB,F
15:06:30,TLKM,RG,3980,1,D,DH,BB,F
15:06:30,TLKM,RG,3980,10,D,GR,BB,F
15:06:30,TLKM,RG,3980,2,D,YP,BB,F
15:06:30,TLKM,RG,3980,2,D,XC,BB,F
15:06:30,TLKM,RG,3980,4,D,YP,BB,F
15:06:30,TLKM,RG,3980,3,D,PD,BB,F
15:06:30,TLKM,RG,3980,1,D,YP,BB,F
15:06:30,TLKM,RG,3980,1,D,AT,BB,F
15:06:30,TLKM,RG,3980,3,D,PD,BB,F
15:06:30,TLKM,RG,3980,10,D,SQ,BB,F
15:06:30,TLKM,RG,3980,75,F,DR,BB,F
15:06:30,TLKM,RG,3980,2,D,EP,BB,F
15:06:30,TLKM,RG,3980,10,D,YU,BB,F
15:06:30,TLKM,RG,3980,10,D,XL,BB,F
15:06:30,TLKM,RG,3980,6,D,XC,BB,F
15:06:30,TLKM,RG,3980,5,D,CC,BB,F
15:06:30,TLKM,RG,3980,3,D,PD,BB,F
15:06:30,TLKM,RG,3980,8,D,SQ,BB,F
15:06:30,TLKM,RG,3980,2,D,EP,BB,F
15:06:30,TLKM,RG,3980,3,D,PD,BB,F
15:06:30,TLKM,RG,3980,10,D,CC,BB,F
15:06:30,TLKM,RG,3980,2,D,PC,BB,F
15:06:30,TLKM,RG,3980,500,D,NI,BB,F
15:06:30,TLKM,RG,3980,175,D,XL,BB,F
15:06:30,TLKM,RG,3980,3,D,RG,BB,F
15:06:30,TLKM,RG,3980,1,D,PD,BB,F
15:06:30,TLKM,RG,3980,2,D,CC,BB,F
15:06:30,TLKM,RG,3980,5,D,XC,BB,F
15:06:30,TLKM,RG,3980,3,D,GR,BB,F
15:06:30,TLKM,RG,3980,20,D,LG,BB,F
15:06:30,TLKM,RG,3980,5,D,YP,BB,F
15:06:30,TLKM,RG,3980,20,D,YP,BB,F
15:06:30,TLKM,RG,3980,9,D,PD,BB,F
15:06:30,TLKM,RG,3980,1,D,CC,BB,F
15:06:30,TLKM,RG,3980,2,D,XC,BB,F
15:06:30,TLKM,RG,3980,2,D,YP,BB,F
15:06:30,TLKM,RG,3980,30,D,CC,BB,F
15:06:30,TLKM,RG,3980,1,D,CC,BB,F
15:06:30,TLKM,RG,3980,12,D,PD,BB,F
15:06:30,TLKM,RG,3980,10,D,YP,BB,F
15:06:30,TLKM,RG,3980,3,D,NI,BB,F
15:06:30,TLKM,RG,3980,1,D,PD,BB,F
15:06:30,TLKM,RG,3980,1,D,DR,BB,F
15:06:30,TLKM,RG,3980,7,D,YP,BB,F
15:06:30,TLKM,RG,3980,25,D,YP,BB,F
15:06:30,TLKM,RG,3980,1,D,YP,BB,F
15:06:30,TLKM,RG,3980,77,D,CC,BB,F
15:06:30,TLKM,RG,3980,1,D,YP,BB,F
15:06:30,TLKM,RG,3980,20,D,PD,BB,F
15:06:30,TLKM,RG,3980,5,D,YP,BB,F
15:06:30,TLKM,RG,3980,2,D,CC,BB,F
15:06:30,TLKM,RG,3980,5,D,PD,BB,F
15:06:30,TLKM,RG,3980,1,D,XC,BB,F
15:06:30,TLKM,RG,3980,25,D,PD,BB,F
15:06:30,TLKM,RG,3980,1,D,XC,BB,F
15:06:30,TLKM,RG,3980,3,D,NI,BB,F
15:06:30,TLKM,RG,3980,1,D,PD,BB,F
15:06:30,TLKM,RG,3980,2,D,PD,BB,F
15:06:30,TLKM,RG,3980,1,D,XC,BB,F
15:06:30,TLKM,RG,3980,1,D,XC,BB,F
15:06:30,TLKM,RG,3980,1,D,XL,BB,F
15:06:30,TLKM,RG,3980,12,D,PD,BB,F
15:06:30,TLKM,RG,3980,100,D,YP,BB,F
15:06:30,TLKM,RG,3980,15,D,OD,BB,F
15:06:30,TLKM,RG,3980,10,D,YP,BB,F
15:06:30,TLKM,RG,3980,100,D,MK,BB,F
15:06:30,TLKM,RG,3980,5,D,PD,BB,F
15:06:30,TLKM,RG,3980,2,D,EP,BB,F
15:06:30,TLKM,RG,3980,5,D,YP,BB,F
15:06:30,TLKM,RG,3980,1,D,XC,BB,F
15:06:30,TLKM,RG,3980,1,D,PD,BB,F
15:06:30,TLKM,RG,3980,10,D,PD,BB,F
15:06:30,TLKM,RG,3980,2,D,PD,BB,F
15:06:30,TLKM,RG,3980,2,D,XC,BB,F
15:06:30,TLKM,RG,3980,2,D,XC,BB,F
15:06:30,TLKM,RG,3980,1,D,NI,BB,F
15:06:30,TLKM,RG,3980,2,D,PD,BB,F
15:06:30,TLKM,RG,3980,7,D,XC,BB,F
15:06:30,TLKM,RG,3980,2,D,XL,BB,F
15:06:30,TLKM,RG,3980,1,D,YP,BB,F
15:06:30,TLKM,RG,3980,3,D,XL,BB,F
15:06:30,TLKM,RG,3980,3,D,XC,BB,F
15:06:30,TLKM,RG,3980,2,D,XC,BB,F
15:06:30,TLKM,RG,3980,10,D,XC,BB,F
15:06:30,TLKM,RG,3980,2,D,XC,BB,F
15:06:30,TLKM,RG,3980,1,D,XC,BB,F
15:06:30,TLKM,RG,3980,2,D,XC,BB,F
15:06:30,TLKM,RG,3980,1,D,XC,BB,F
15:06:30,TLKM,RG,3980,4,D,XC,BB,F
15:06:30,TLKM,RG,3980,1,D,XC,BB,F
15:06:30,TLKM,RG,3980,1,D,XC,BB,F
15:06:30,TLKM,RG,3980,16,D,XC,BB,F
15:06:30,TLKM,RG,3980,6,D,XC,BB,F
15:06:30,TLKM,RG,3980,2,D,YP,BB,F
15:06:30,TLKM,RG,3980,2,D,XC,BB,F
15:06:30,TLKM,RG,3980,1,D,XC,BB,F
15:06:30,TLKM,RG,3980,1,D,XC,BB,F
15:06:30,TLKM,RG,3980,1,D,XL,BB,F
15:06:30,TLKM,RG,3980,15,D,XC,BB,F
15:06:30,TLKM,RG,3980,1,D,XC,BB,F
15:06:30,TLKM,RG,3980,1,D,CC,BB,F
15:06:30,TLKM,RG,3980,7,D,XC,BB,F
15:06:30,TLKM,RG,3980,1,D,XC,BB,F
15:06:30,TLKM,RG,3980,10,D,XC,BB,F
15:06:30,TLKM,RG,3980,1,D,XC,BB,F
15:06:30,TLKM,RG,3980,10,D,YP,BB,F
15:06:30,TLKM,RG,3980,10,D,CC,BB,F
15:06:30,TLKM,RG,3980,1,D,XC,BB,F
15:06:30,TLKM,RG,3980,1,D,YP,BB,F
15:06:30,TLKM,RG,3980,56,D,XL,BB,F
15:06:30,TLKM,RG,3980,2,D,XL,BB,F
15:06:30,TLKM,RG,3980,1,D,XC,BB,F
15:06:30,TLKM,RG,3980,3,D,XC,BB,F
15:06:30,TLKM,RG,3980,1,D,XC,BB,F
15:06:30,TLKM,RG,3980,30,D,XC,BB,F
15:06:30,TLKM,RG,3980,3,D,XC,BB,F
15:06:30,TLKM,RG,3980,2,D,XC,BB,F
15:06:30,TLKM,RG,3980,1,D,XC,BB,F
15:06:30,TLKM,RG,3980,3,D,XC,BB,F
15:06:30,TLKM,RG,3980,2,D,YP,BB,F
15:06:30,TLKM,RG,3980,150,D,XC,BB,F
15:06:30,TLKM,RG,3980,3,D,XC,BB,F
15:06:30,TLKM,RG,3980,50,D,YP,BB,F
15:06:30,TLKM,RG,3980,100,D,CC,BB,F
15:06:30,TLKM,RG,3980,1,D,YP,BB,F
15:06:30,TLKM,RG,3980,1,D,XC,BB,F
15:06:30,TLKM,RG,3980,5,D,XL,BB,F
15:06:30,TLKM,RG,3980,1,D,XC,BB,F
15:06:30,TLKM,RG,3980,1,D,XC,BB,F
15:06:30,TLKM,RG,3980,1,D,CC,BB,F
15:06:30,TLKM,RG,3980,2,D,XC,BB,F
15:06:30,TLKM,RG,3980,10,D,XC,BB,F
15:06:30,TLKM,RG,3980,1,D,XC,BB,F
15:06:30,TLKM,RG,3980,1,D,XC,BB,F
15:06:30,TLKM,RG,3980,1,D,XL,BB,F
15:06:30,TLKM,RG,3980,1,D,XC,BB,F
15:06:30,TLKM,RG,3980,5,D,XC,BB,F
15:06:30,TLKM,RG,3980,2,D,XC,BB,F
15:06:30,TLKM,RG,3980,15,D,YP,BB,F
15:06:30,TLKM,RG,3980,3,D,XC,BB,F
15:06:30,TLKM,RG,3980,1,D,XC,BB,F
15:06:30,TLKM,RG,3980,1,D,YP,BB,F
15:06:30,TLKM,RG,3980,2,D,CC,BB,F
15:06:30,TLKM,RG,3980,2,D,XC,BB,F
15:06:30,TLKM,RG,3980,1,D,XC,BB,F
15:06:30,TLKM,RG,3980,1,D,YP,BB,F
15:06:30,TLKM,RG,3980,1,D,YP,BB,F
15:06:30,TLKM,RG,3980,100,D,YP,BB,F
15:06:30,TLKM,RG,3980,5,D,XL,BB,F
15:06:30,TLKM,RG,3980,10,D,XL,BB,F
15:06:30,TLKM,RG,3980,1,D,YP,BB,F
15:06:30,TLKM,RG,3980,34,D,XL,BB,F
15:06:30,TLKM,RG,3980,1,D,YP,BB,F
15:06:30,TLKM,RG,3980,100,D,CC,BB,F
15:06:30,TLKM,RG,3980,500,D,YP,BB,F
15:06:30,TLKM,RG,3980,2,D,OD,BB,F
15:06:30,TLKM,RG,3980,101,D,YP,BB,F
15:06:30,TLKM,RG,3980,5,D,YP,BB,F
15:06:30,TLKM,RG,3980,150,D,OD,BB,F
15:06:30,TLKM,RG,3980,1,D,YP,BB,F
15:06:30,TLKM,RG,3980,1,D,YP,BB,F
15:06:30,TLKM,RG,3980,1,D,XL,BB,F
15:06:30,TLKM,RG,3980,1,D,OD,BB,F
15:06:30,TLKM,RG,3980,1,D,YP,BB,F
15:06:30,TLKM,RG,3980,1,D,CC,BB,F
15:06:30,TLKM,RG,3980,1,D,CC,BB,F
15:06:30,TLKM,RG,3980,1,D,CC,BB,F
15:06:30,TLKM,RG,3980,25,D,CC,BB,F
15:06:30,TLKM,RG,3980,5,D,YP,BB,F
15:06:30,TLKM,RG,3980,1,D,LS,BB,F
15:06:30,TLKM,RG,3980,2,D,YP,BB,F
15:06:30,TLKM,RG,3980,1,D,CC,BB,F
15:06:30,TLKM,RG,3980,3,D,CC,BB,F
15:06:30,TLKM,RG,3980,1,D,PD,BB,F
15:06:30,TLKM,RG,3980,1,D,PD,BB,F
15:06:30,TLKM,RG,3980,25,D,PD,BB,F
15:06:30,TLKM,RG,3980,2,D,PD,BB,F
15:06:30,TLKM,RG,3980,3,D,PD,BB,F
15:06:30,TLKM,RG,3980,2,D,PD,BB,F
15:06:30,TLKM,RG,3980,10,D,PD,BB,F
15:06:30,TLKM,RG,3980,1,D,PD,BB,F
15:06:30,TLKM,RG,3980,26,D,PD,BB,F
15:06:30,TLKM,RG,3980,3,D,PD,BB,F
15:06:30,TLKM,RG,3980,1,D,PD,BB,F
15:06:30,TLKM,RG,3980,1,D,PD,BB,F
15:06:30,TLKM,RG,3980,3,D,XL,BB,F
15:06:30,TLKM,RG,3980,1,D,PD,BB,F
15:06:30,TLKM,RG,3980,455,D,PD,BB,F
15:06:30,TLKM,RG,3980,1,D,PD,BB,F
15:06:30,TLKM,RG,3980,11,D,PD,BB,F
15:06:14,TLKM,RG,3980,9,D,PD,LG,D
15:06:14,TLKM,RG,3980,1,D,PD,LG,D
15:06:14,TLKM,RG,3980,2,D,PD,LG,D
15:06:14,TLKM,RG,3980,1,D,PD,LG,D
15:06:14,TLKM,RG,3980,5,D,PD,LG,D
15:06:14,TLKM,RG,3980,1,D,LG,LG,D
15:06:14,TLKM,RG,3980,5,D,PD,LG,D
15:06:14,TLKM,RG,3980,13,D,PD,LG,D
15:05:56,TLKM,RG,3980,25,D,PD,XC,D
15:05:41,TLKM,RG,3980,2,D,PD,PD,D
15:05:15,TLKM,RG,3980,1,D,PD,DR,D
15:05:05,TLKM,RG,3980,5,D,PD,SQ,D
15:04:54,TLKM,RG,3980,2,D,PD,ZP,D
15:04:54,TLKM,RG,3980,15,D,PD,ZP,D
15:04:54,TLKM,RG,3980,9,D,PD,ZP,D
15:04:44,TLKM,RG,3980,10,D,PD,CC,D
15:04:31,TLKM,RG,3980,1,D,PD,KK,D
15:04:31,TLKM,RG,3980,4,D,PD,KK,D
15:04:15,TLKM,RG,3980,1,D,PD,XC,D
15:04:12,TLKM,RG,3980,3,D,PD,PD,D
15:03:49,TLKM,RG,3980,6,D,PD,YP,D
15:03:36,TLKM,RG,3980,70,D,PD,XL,D
15:03:34,TLKM,RG,3980,5,D,PD,CC,D
15:03:33,TLKM,RG,3980,11,D,PD,YP,D
15:03:33,TLKM,RG,3980,2,D,PD,YP,D
15:03:33,TLKM,RG,3980,7,D,PD,YP,D
15:03:33,TLKM,RG,3980,1,D,PD,YP,D
15:03:33,TLKM,RG,3980,1,D,PD,YP,D
15:03:33,TLKM,RG,3980,20,D,YP,YP,D
15:03:33,TLKM,RG,3980,5,D,YP,YP,D
15:03:33,TLKM,RG,3980,3,D,YP,YP,D
15:03:29,TLKM,RG,3980,1,D,YP,YB,D
15:03:21,TLKM,RG,3980,2,D,PD,YP,D
15:02:27,TLKM,RG,3980,1,D,PD,YP,D
15:02:27,TLKM,RG,3980,5,D,PD,YP,D
15:02:05,TLKM,RG,3980,3,D,PD,YP,D
15:02:05,TLKM,RG,3980,3,D,PD,YP,D
15:02:05,TLKM,RG,3980,3,D,YP,YP,D
15:02:05,TLKM,RG,3980,12,D,PD,YP,D
15:02:05,TLKM,RG,3980,10,D,YP,YP,D
15:02:05,TLKM,RG,3980,20,D,PD,YP,D
15:02:05,TLKM,RG,3980,1,D,PD,YP,D
15:02:05,TLKM,RG,3980,3,D,PD,YP,D
15:02:05,TLKM,RG,3980,25,D,PD,YP,D
15:02:05,TLKM,RG,3980,5,D,PD,YP,D
15:02:05,TLKM,RG,3980,5,D,PD,YP,D
15:02:05,TLKM,RG,3980,5,D,PD,YP,D
15:02:05,TLKM,RG,3980,10,D,PD,YP,D
15:02:05,TLKM,RG,3980,2,D,PD,YP,D
15:02:05,TLKM,RG,3980,5,D,PD,YP,D
15:02:05,TLKM,RG,3980,1,D,CC,YP,D
15:02:05,TLKM,RG,3980,2,D,PD,YP,D
15:02:05,TLKM,RG,3980,1,D,PD,YP,D
15:02:05,TLKM,RG,3980,1,D,PD,YP,D
15:02:05,TLKM,RG,3980,1,D,PD,YP,D
15:02:05,TLKM,RG,3980,50,D,PD,YP,D
15:02:05,TLKM,RG,3980,1,D,YP,YP,D
15:02:05,TLKM,RG,3980,8,D,PD,YP,D
15:02:05,TLKM,RG,3980,1,D,YP,YP,D
15:02:05,TLKM,RG,3980,1,D,PD,YP,D
15:02:05,TLKM,RG,3980,1,D,PD,YP,D
15:02:05,TLKM,RG,3980,1,D,PD,YP,D
15:02:05,TLKM,RG,3980,1,D,PD,YP,D
15:02:05,TLKM,RG,3980,1,D,CC,YP,D
15:02:05,TLKM,RG,3980,1,D,PD,YP,D
15:02:05,TLKM,RG,3980,1,D,PD,YP,D
15:02:05,TLKM,RG,3980,20,D,KK,YP,D
15:02:05,TLKM,RG,3980,2,D,YP,YP,D
15:02:05,TLKM,RG,3980,10,D,YP,YP,D
15:02:05,TLKM,RG,3980,1,D,YP,YP,D
15:02:05,TLKM,RG,3980,2,D,PD,YP,D
15:02:05,TLKM,RG,3980,10,D,SQ,YP,D
15:02:05,TLKM,RG,3980,10,D,SQ,YP,D
15:02:05,TLKM,RG,3980,5,D,SQ,YP,D
15:02:05,TLKM,RG,3980,1,D,PD,YP,D
15:02:05,TLKM,RG,3980,4,D,YP,YP,D
15:02:05,TLKM,RG,3980,3,D,YP,YP,D
15:02:05,TLKM,RG,3980,1,D,PD,YP,D
15:02:05,TLKM,RG,3980,5,D,PD,YP,D
15:02:05,TLKM,RG,3980,5,D,AT,YP,D
15:02:05,TLKM,RG,3980,1,D,YP,YP,D
15:02:05,TLKM,RG,3980,1,D,PD,YP,D
15:02:05,TLKM,RG,3980,500,D,SQ,YP,D
15:02:05,TLKM,RG,3980,2,D,KK,YP,D
15:02:05,TLKM,RG,3980,1,D,PD,YP,D
15:02:05,TLKM,RG,3980,5,D,PD,YP,D
15:02:05,TLKM,RG,3980,1,D,KK,YP,D
15:02:05,TLKM,RG,3980,21,D,PD,YP,D
15:02:05,TLKM,RG,3980,10,D,LG,YP,D
15:02:05,TLKM,RG,3980,10,D,PD,YP,D
15:02:05,TLKM,RG,3980,2,D,SQ,YP,D
15:02:05,TLKM,RG,3980,200,D,SQ,YP,D
15:02:05,TLKM,RG,3980,100,D,KK,YP,D
15:02:05,TLKM,RG,3980,2,D,KK,YP,D
15:02:05,TLKM,RG,3980,29,F,KK,YP,D
15:02:05,TLKM,RG,3980,2,D,DH,YP,D
15:02:05,TLKM,RG,3980,10,D,EP,YP,D
15:02:05,TLKM,RG,3980,5,D,DH,YP,D
15:02:05,TLKM,RG,3980,20,D,DH,YP,D
15:02:05,TLKM,RG,3980,1,D,CC,YP,D
15:02:05,TLKM,RG,3980,8,D,GR,YP,D
15:02:05,TLKM,RG,3980,45,D,ZP,YP,D
15:02:05,TLKM,RG,3980,5,D,ZP,YP,D
15:02:05,TLKM,RG,3980,1,D,KK,YP,D
15:02:05,TLKM,RG,3980,1,D,GR,YP,D
15:02:05,TLKM,RG,3980,50,D,SQ,YP,D
15:02:05,TLKM,RG,3980,1,D,NI,YP,D
15:02:05,TLKM,RG,3980,100,D,MG,YP,D
15:02:05,TLKM,RG,3980,48,D,SQ,YP,D
15:02:05,TLKM,RG,3980,2,D,LG,YP,D
15:02:05,TLKM,RG,3980,3,D,XA,YP,D
15:02:05,TLKM,RG,3980,2,D,XA,YP,D
15:02:05,TLKM,RG,3980,5,D,KK,YP,D
15:02:05,TLKM,RG,3980,1,D,YJ,YP,D
15:02:05,TLKM,RG,3980,15,D,NI,YP,D
15:02:05,TLKM,RG,3980,1,D,SQ,YP,D
15:02:05,TLKM,RG,3980,2,D,NI,YP,D
15:02:05,TLKM,RG,3980,3,D,GR,YP,D
15:02:05,TLKM,RG,3980,50,D,GR,YP,D
15:02:05,TLKM,RG,3980,2,D,CP,YP,D
15:02:05,TLKM,RG,3980,10,D,YB,YP,D
15:02:05,TLKM,RG,3980,12,D,DR,YP,D
15:02:05,TLKM,RG,3980,100,D,NI,YP,D
15:02:05,TLKM,RG,3980,2,D,YB,YP,D
15:02:05,TLKM,RG,3980,2,D,NI,YP,D
15:02:05,TLKM,RG,3980,1,D,XA,YP,D
15:02:05,TLKM,RG,3980,4,D,LG,YP,D
15:02:05,TLKM,RG,3980,5,D,PD,YP,D
15:02:05,TLKM,RG,3980,10,D,DX,YP,D
15:02:05,TLKM,RG,3980,2,D,KK,YP,D
15:02:05,TLKM,RG,3980,10,D,DX,YP,D
15:02:05,TLKM,RG,3980,10,D,EP,YP,D
15:02:05,TLKM,RG,3980,30,D,KK,YP,D
15:02:05,TLKM,RG,3980,37,D,SQ,YP,D
15:02:05,TLKM,RG,3980,30,D,ES,YP,D
15:02:05,TLKM,RG,3980,20,D,PD,YP,D
15:02:05,TLKM,RG,3980,10,D,YP,YP,D
15:02:05,TLKM,RG,3980,34,D,NI,YP,D
15:02:05,TLKM,RG,3980,3,D,YP,YP,D
15:02:05,TLKM,RG,3980,20,D,SQ,YP,D
15:02:05,TLKM,RG,3980,5,D,NI,YP,D
15:02:05,TLKM,RG,3980,1,D,XA,YP,D
15:02:05,TLKM,RG,3980,3,D,YP,YP,D
15:02:05,TLKM,RG,3980,5,D,CC,YP,D
15:02:05,TLKM,RG,3980,4,D,DR,YP,D
15:02:05,TLKM,RG,3980,10,D,SQ,YP,D
15:02:05,TLKM,RG,3980,3,D,YP,YP,D
15:02:05,TLKM,RG,3980,2,D,PD,YP,D
15:02:05,TLKM,RG,3980,5,D,SQ,YP,D
15:02:05,TLKM,RG,3980,10,D,PD,YP,D
15:02:05,TLKM,RG,3980,1,D,YP,YP,D
15:02:05,TLKM,RG,3980,1,D,PD,YP,D
15:02:05,TLKM,RG,3980,1,D,CC,YP,D
15:02:05,TLKM,RG,3980,1,D,AO,YP,D
15:02:05,TLKM,RG,3980,50,D,YP,YP,D
15:02:05,TLKM,RG,3980,7,D,XL,YP,D
15:02:05,TLKM,RG,3980,1,D,CC,YP,D
15:02:05,TLKM,RG,3980,1,D,NI,YP,D
15:02:05,TLKM,RG,3980,1,D,YP,YP,D
15:02:05,TLKM,RG,3980,25,D,TP,YP,D
15:02:05,TLKM,RG,3980,1,D,KK,YP,D
15:02:05,TLKM,RG,3980,2,D,YP,YP,D
15:02:05,TLKM,RG,3980,10,D,NI,YP,D
15:02:05,TLKM,RG,3980,1,D,NI,YP,D
15:02:05,TLKM,RG,3980,5,D,DH,YP,D
15:02:05,TLKM,RG,3980,1,D,YP,YP,D
15:02:05,TLKM,RG,3980,3,D,PD,YP,D
15:02:05,TLKM,RG,3980,10,D,YP,YP,D
15:02:05,TLKM,RG,3980,13,D,NI,YP,D
15:02:05,TLKM,RG,3980,2,D,PD,YP,D
15:02:05,TLKM,RG,3980,3,D,YP,YP,D
15:02:05,TLKM,RG,3980,10,D,KK,YP,D
15:02:05,TLKM,RG,3980,3,D,CC,YP,D
15:02:05,TLKM,RG,3980,1,D,PD,YP,D
15:02:05,TLKM,RG,3980,50,D,KI,YP,D
15:02:05,TLKM,RG,3980,3,D,PD,YP,D
15:02:05,TLKM,RG,3980,10,D,YP,YP,D
15:02:05,TLKM,RG,3980,10,D,GR,YP,D
15:02:05,TLKM,RG,3980,17,D,NI,YP,D
15:02:05,TLKM,RG,3980,1,D,KK,YP,D
15:02:05,TLKM,RG,3980,100,D,PD,YP,D
15:02:05,TLKM,RG,3980,2,D,XL,YP,D
15:02:05,TLKM,RG,3980,1,D,CC,YP,D
15:02:05,TLKM,RG,3980,1,D,PD,YP,D
15:02:05,TLKM,RG,3980,1,D,CC,YP,D
15:02:05,TLKM,RG,3980,1,D,PD,YP,D
15:02:05,TLKM,RG,3980,1,D,KK,YP,D
15:02:05,TLKM,RG,3980,10,D,GR,YP,D
15:02:05,TLKM,RG,3980,10,D,CC,YP,D
15:02:05,TLKM,RG,3980,10,D,CC,YP,D
15:02:05,TLKM,RG,3980,10,D,PD,YP,D
15:02:05,TLKM,RG,3980,25,D,KK,YP,D
15:02:05,TLKM,RG,3980,1,D,PD,YP,D
15:02:05,TLKM,RG,3980,3,D,SQ,YP,D
15:02:05,TLKM,RG,3980,15,D,YU,YP,D
15:02:05,TLKM,RG,3980,10,D,AZ,YP,D
15:02:05,TLKM,RG,3980,5,D,YP,YP,D
15:02:05,TLKM,RG,3980,1,D,KK,YP,D
15:02:05,TLKM,RG,3980,1,D,PD,YP,D
15:02:05,TLKM,RG,3980,1,D,PD,YP,D
15:02:05,TLKM,RG,3980,1,D,YP,YP,D
15:02:05,TLKM,RG,3980,5,D,XL,YP,D
15:02:05,TLKM,RG,3980,30,D,YP,YP,D
15:02:05,TLKM,RG,3980,10,D,SQ,YP,D
15:02:05,TLKM,RG,3980,2,D,PD,YP,D
15:02:05,TLKM,RG,3980,10,D,KK,YP,D
15:02:05,TLKM,RG,3980,10,D,PD,YP,D
15:02:05,TLKM,RG,3980,1,D,PD,YP,D
15:02:05,TLKM,RG,3980,20,D,YP,YP,D
15:02:05,TLKM,RG,3980,10,D,YP,YP,D
15:02:05,TLKM,RG,3980,3,D,KK,YP,D
15:02:05,TLKM,RG,3980,14,D,XL,YP,D
15:02:05,TLKM,RG,3980,1,D,PD,YP,D
15:02:05,TLKM,RG,3980,15,D,PD,YP,D
15:02:05,TLKM,RG,3980,3,D,TP,YP,D
15:02:05,TLKM,RG,3980,65,D,KI,YP,D
15:02:05,TLKM,RG,3980,1,D,PD,YP,D
15:02:05,TLKM,RG,3980,5,D,SQ,YP,D
15:02:05,TLKM,RG,3980,1,D,XL,YP,D
15:02:05,TLKM,RG,3980,150,D,CC,YP,D
15:02:05,TLKM,RG,3980,5,D,CC,YP,D
15:02:05,TLKM,RG,3980,2,D,PD,YP,D
15:02:05,TLKM,RG,3980,10,D,KK,YP,D
15:02:05,TLKM,RG,3980,20,D,GR,YP,D
15:02:05,TLKM,RG,3980,2,D,HP,YP,D
15:02:05,TLKM,RG,3980,30,D,YU,YP,D
15:02:05,TLKM,RG,3980,2,D,NI,YP,D
15:02:05,TLKM,RG,3980,1,D,PD,YP,D
15:02:05,TLKM,RG,3980,40,D,CC,YP,D
15:02:05,TLKM,RG,3980,1,D,YP,YP,D
15:02:05,TLKM,RG,3980,1,D,PD,YP,D
15:02:05,TLKM,RG,3980,20,D,CC,YP,D
15:02:05,TLKM,RG,3980,1,D,CC,YP,D
15:02:05,TLKM,RG,3980,2,D,CC,YP,D
15:02:05,TLKM,RG,3980,6,D,NI,YP,D
15:02:05,TLKM,RG,3980,3,D,XL,YP,D
15:02:05,TLKM,RG,3980,10,D,PD,YP,D
15:02:05,TLKM,RG,3980,10,D,DR,YP,D
15:02:05,TLKM,RG,3980,50,D,CC,YP,D
15:02:05,TLKM,RG,3980,3,D,OD,YP,D
15:02:05,TLKM,RG,3980,13,D,PD,YP,D
15:02:05,TLKM,RG,3980,4,D,YP,YP,D
15:02:05,TLKM,RG,3980,5,D,XL,YP,D
15:02:05,TLKM,RG,3980,3,D,EP,YP,D
15:02:05,TLKM,RG,3980,20,D,NI,YP,D
15:02:05,TLKM,RG,3980,2,D,YP,YP,D
15:02:05,TLKM,RG,3980,5,D,BQ,YP,D
15:02:05,TLKM,RG,3980,1,D,SQ,YP,D
15:02:05,TLKM,RG,3980,5,D,EP,YP,D
15:02:05,TLKM,RG,3980,1,D,SQ,YP,D
15:02:05,TLKM,RG,3980,3,D,XL,YP,D
15:02:05,TLKM,RG,3980,1,D,PD,YP,D
15:02:05,TLKM,RG,3980,20,D,PD,YP,D
15:02:05,TLKM,RG,3980,1,D,SQ,YP,D
15:02:05,TLKM,RG,3980,1,D,XC,YP,D
15:02:05,TLKM,RG,3980,20,D,OD,YP,D
15:02:05,TLKM,RG,3980,5,D,PD,YP,D
15:02:05,TLKM,RG,3980,1,D,PD,YP,D
15:02:05,TLKM,RG,3980,1,D,PD,YP,D
15:02:05,TLKM,RG,3980,3,D,EP,YP,D
15:02:05,TLKM,RG,3980,5,D,XC,YP,D
15:02:05,TLKM,RG,3980,11,D,XC,YP,D
15:02:05,TLKM,RG,3980,1,D,PD,YP,D
15:02:05,TLKM,RG,3980,1,D,XL,YP,D
15:02:05,TLKM,RG,3980,2,D,NI,YP,D
15:02:05,TLKM,RG,3980,100,D,DR,YP,D
15:02:05,TLKM,RG,3980,5,D,CC,YP,D
15:02:05,TLKM,RG,3980,1,D,CC,YP,D
15:02:05,TLKM,RG,3980,5,D,EP,YP,D
15:02:05,TLKM,RG,3980,1,D,XC,YP,D
15:02:05,TLKM,RG,3980,1,D,PD,YP,D
15:02:05,TLKM,RG,3980,1,D,PD,YP,D
15:02:05,TLKM,RG,3980,1,D,PD,YP,D
15:02:05,TLKM,RG,3980,1,D,XC,YP,D
15:02:05,TLKM,RG,3980,10,D,DH,YP,D
15:02:05,TLKM,RG,3980,5,D,XC,YP,D
15:02:05,TLKM,RG,3980,5,D,XC,YP,D
15:02:05,TLKM,RG,3980,30,D,YU,YP,D
15:02:05,TLKM,RG,3980,5,D,XC,YP,D
15:02:05,TLKM,RG,3980,1,D,PD,YP,D
15:02:05,TLKM,RG,3980,1,D,PD,YP,D
15:02:05,TLKM,RG,3980,5,D,PD,YP,D
15:02:05,TLKM,RG,3980,50,D,SQ,YP,D
15:02:05,TLKM,RG,3980,1,D,PD,YP,D
15:02:05,TLKM,RG,3980,1,D,NI,YP,D
15:02:05,TLKM,RG,3980,76,D,CC,YP,D
15:02:05,TLKM,RG,3980,1,D,XC,YP,D
15:02:05,TLKM,RG,3980,2,D,PD,YP,D
15:02:05,TLKM,RG,3980,3,D,NI,YP,D
15:02:05,TLKM,RG,3980,25,D,SQ,YP,D
15:02:05,TLKM,RG,3980,1,D,YU,YP,D
15:02:05,TLKM,RG,3980,300,D,CC,YP,D
15:02:05,TLKM,RG,3980,5,D,XL,YP,D
15:02:05,TLKM,RG,3980,100,D,YP,YP,D
15:02:05,TLKM,RG,3980,1,D,PD,YP,D
15:02:05,TLKM,RG,3980,1,D,CC,YP,D
15:02:05,TLKM,RG,3980,1,D,XC,YP,D
15:02:05,TLKM,RG,3980,5,D,YP,YP,D
15:02:05,TLKM,RG,3980,2,D,SQ,YP,D
15:02:05,TLKM,RG,3980,10,D,YP,YP,D
15:02:05,TLKM,RG,3980,5,D,XL,YP,D
15:02:05,TLKM,RG,3980,20,D,SQ,YP,D
15:02:05,TLKM,RG,3980,15,D,KK,YP,D
15:02:05,TLKM,RG,3980,2,D,PD,YP,D
15:02:05,TLKM,RG,3980,3,D,YP,YP,D
15:02:05,TLKM,RG,3980,5,D,XC,YP,D
15:02:05,TLKM,RG,3980,10,D,YP,YP,D
15:02:05,TLKM,RG,3980,1,D,YP,YP,D
15:02:05,TLKM,RG,3980,30,D,PD,YP,D
15:02:05,TLKM,RG,3980,1,D,PD,YP,D
15:02:05,TLKM,RG,3980,5,D,PD,YP,D
15:02:05,TLKM,RG,3980,2,D,PD,YP,D
15:02:05,TLKM,RG,3980,4,D,XC,YP,D
15:02:05,TLKM,RG,3980,1,D,XC,YP,D
15:02:05,TLKM,RG,3980,1,D,PD,YP,D
15:02:05,TLKM,RG,3980,1,D,CC,YP,D
15:02:05,TLKM,RG,3980,1,D,XC,YP,D
15:02:05,TLKM,RG,3980,5,D,XL,YP,D
15:02:05,TLKM,RG,3980,10,D,PD,YP,D
15:02:05,TLKM,RG,3980,2,D,CC,YP,D
15:02:05,TLKM,RG,3980,4,D,XC,YP,D
15:02:05,TLKM,RG,3980,1,D,XC,YP,D
15:02:05,TLKM,RG,3980,5,D,KK,YP,D
15:02:05,TLKM,RG,3980,5,D,PD,YP,D
15:02:05,TLKM,RG,3980,2,D,XL,YP,D
15:02:05,TLKM,RG,3980,1,D,PD,YP,D
15:02:05,TLKM,RG,3980,15,D,CC,YP,D
15:02:05,TLKM,RG,3980,3,D,YP,YP,D
15:02:05,TLKM,RG,3980,50,D,DX,YP,D
15:02:05,TLKM,RG,3980,1,D,KK,YP,D
15:02:05,TLKM,RG,3980,1,D,XC,YP,D
15:02:05,TLKM,RG,3980,5,D,XL,YP,D
15:02:05,TLKM,RG,3980,10,D,XL,YP,D
15:02:05,TLKM,RG,3980,5,D,GR,YP,D
15:02:05,TLKM,RG,3980,12,D,PD,YP,D
15:02:05,TLKM,RG,3980,1,D,PD,YP,D
15:02:05,TLKM,RG,3980,1,D,SQ,YP,D
15:02:05,TLKM,RG,3980,2,D,LG,YP,D
15:02:05,TLKM,RG,3980,20,D,XC,YP,D
15:02:05,TLKM,RG,3980,1,D,PD,YP,D
15:02:05,TLKM,RG,3980,2,D,XC,YP,D
15:02:05,TLKM,RG,3980,1,D,PD,YP,D
15:02:05,TLKM,RG,3980,5,D,PD,YP,D
15:02:05,TLKM,RG,3980,25,D,NI,YP,D
15:02:05,TLKM,RG,3980,1,D,PD,YP,D
15:02:05,TLKM,RG,3980,5,D,PD,YP,D
15:02:05,TLKM,RG,3980,25,D,PD,YP,D
15:02:05,TLKM,RG,3980,5,D,CC,YP,D
15:02:05,TLKM,RG,3980,2,D,ZP,YP,D
15:02:05,TLKM,RG,3980,5,D,YP,YP,D
15:02:05,TLKM,RG,3980,5,D,PD,YP,D
15:02:05,TLKM,RG,3980,5,D,XC,YP,D
15:02:05,TLKM,RG,3980,1,D,XC,YP,D
15:02:05,TLKM,RG,3980,9,D,XC,YP,D
15:02:05,TLKM,RG,3980,1,D,SQ,YP,D
15:02:05,TLKM,RG,3980,1,D,YP,YP,D
15:02:05,TLKM,RG,3980,5,D,YP,YP,D
15:02:05,TLKM,RG,3980,5,D,KK,YP,D
15:02:05,TLKM,RG,3980,1,D,YP,YP,D
15:02:05,TLKM,RG,3980,50,D,EP,YP,D
15:02:05,TLKM,RG,3980,1,D,AZ,YP,D
15:02:05,TLKM,RG,3980,10,D,YP,YP,D
15:02:05,TLKM,RG,3980,2,D,PD,YP,D
15:02:05,TLKM,RG,3980,1,D,XC,YP,D
15:02:05,TLKM,RG,3980,3,D,XC,YP,D
15:02:05,TLKM,RG,3980,1,D,PD,YP,D
15:02:05,TLKM,RG,3980,12,D,YP,YP,D
15:02:05,TLKM,RG,3980,3,D,PD,YP,D
15:02:05,TLKM,RG,3980,24,D,YP,YP,D
15:02:05,TLKM,RG,3980,10,D,XC,YP,D
15:02:05,TLKM,RG,3980,2,D,PD,YP,D
15:02:05,TLKM,RG,3980,1,D,XL,YP,D
15:02:05,TLKM,RG,3980,10,D,CC,YP,D
15:02:05,TLKM,RG,3980,3,D,PD,YP,D
15:02:05,TLKM,RG,3980,25,D,XC,YP,D
15:02:05,TLKM,RG,3980,11,D,SQ,YP,D
15:02:05,TLKM,RG,3980,1,D,TP,YP,D
15:02:05,TLKM,RG,3980,5,D,DH,YP,D
15:02:05,TLKM,RG,3980,10,D,CC,YP,D
15:02:05,TLKM,RG,3980,5,D,NI,YP,D
15:02:05,TLKM,RG,3980,1,D,PD,YP,D
15:02:05,TLKM,RG,3980,5,D,XL,YP,D
15:02:05,TLKM,RG,3980,1,D,XC,YP,D
15:02:05,TLKM,RG,3980,1,D,PD,YP,D
15:02:05,TLKM,RG,3980,3,D,XC,YP,D
15:02:05,TLKM,RG,3980,20,D,CC,YP,D
15:02:05,TLKM,RG,3980,3,D,YP,YP,D
15:02:05,TLKM,RG,3980,5,D,CC,YP,D
15:02:05,TLKM,RG,3980,1,D,PD,YP,D
15:02:05,TLKM,RG,3980,2,D,XL,YP,D
15:02:05,TLKM,RG,3980,2,D,CC,YP,D
15:02:05,TLKM,RG,3980,26,D,XC,YP,D
15:02:05,TLKM,RG,3980,2,D,PD,YP,D
15:02:05,TLKM,RG,3980,13,D,PD,YP,D
15:02:05,TLKM,RG,3980,2,D,XC,YP,D
15:02:05,TLKM,RG,3980,1,D,XC,YP,D
15:02:05,TLKM,RG,3980,1,D,NI,YP,D
15:02:05,TLKM,RG,3980,1,D,CC,YP,D
15:02:05,TLKM,RG,3980,1,D,YP,YP,D
15:02:05,TLKM,RG,3980,4,D,CC,YP,D
15:02:05,TLKM,RG,3980,1,D,HP,YP,D
15:02:05,TLKM,RG,3980,1,D,NI,YP,D
15:02:05,TLKM,RG,3980,2,D,XL,YP,D
15:02:05,TLKM,RG,3980,2,D,CD,YP,D
15:02:05,TLKM,RG,3980,1,D,XC,YP,D
15:02:05,TLKM,RG,3980,1,D,PD,YP,D
15:02:05,TLKM,RG,3980,3,D,PD,YP,D
15:02:05,TLKM,RG,3980,10,D,PD,YP,D
15:02:05,TLKM,RG,3980,2,D,XL,YP,D
15:02:05,TLKM,RG,3980,10,D,CP,YP,D
15:02:05,TLKM,RG,3980,8,D,SQ,YP,D
15:02:05,TLKM,RG,3980,50,D,PD,YP,D
15:02:05,TLKM,RG,3980,2,D,SQ,YP,D
15:02:05,TLKM,RG,3980,100,D,YP,YP,D
15:02:05,TLKM,RG,3980,1,D,XC,YP,D
15:02:05,TLKM,RG,3980,2,D,PD,YP,D
15:02:05,TLKM,RG,3980,1,D,YP,YP,D
15:02:05,TLKM,RG,3980,12,D,BQ,YP,D
15:02:05,TLKM,RG,3980,5,D,CC,YP,D
15:02:05,TLKM,RG,3980,2,D,PD,YP,D
15:02:05,TLKM,RG,3980,1,D,XC,YP,D
15:02:05,TLKM,RG,3980,1,D,CC,YP,D
15:02:05,TLKM,RG,3980,1,D,PD,YP,D
15:02:05,TLKM,RG,3980,2,D,PD,YP,D
15:02:05,TLKM,RG,3980,26,D,YP,YP,D
15:02:05,TLKM,RG,3980,11,D,YP,YP,D
15:02:05,TLKM,RG,3980,54,D,YP,YP,D
15:02:05,TLKM,RG,3980,2,D,YP,YP,D
15:02:05,TLKM,RG,3980,1,D,YP,YP,D
15:02:05,TLKM,RG,3980,1,D,YP,YP,D
15:02:05,TLKM,RG,3980,5,D,YP,YP,D
15:02:05,TLKM,RG,3980,2,D,OD,YP,D
15:02:05,TLKM,RG,3980,2,D,EP,YP,D
15:02:05,TLKM,RG,3980,10,D,CC,YP,D
15:02:05,TLKM,RG,3980,1,D,NI,YP,D
15:02:05,TLKM,RG,3980,5,D,PD,YP,D
15:02:05,TLKM,RG,3980,1,D,PD,YP,D
15:02:05,TLKM,RG,3980,2,D,XC,YP,D
15:02:05,TLKM,RG,3980,2,D,XC,YP,D
15:02:05,TLKM,RG,3980,10,D,YP,YP,D
15:02:05,TLKM,RG,3980,1,D,PD,YP,D
15:02:05,TLKM,RG,3980,2,D,NI,YP,D
15:02:05,TLKM,RG,3980,2,D,KK,YP,D
15:02:05,TLKM,RG,3980,2,D,NI,YP,D
15:02:05,TLKM,RG,3980,2,D,PD,YP,D
15:02:05,TLKM,RG,3980,1,D,PD,YP,D
15:02:05,TLKM,RG,3980,3,D,XC,YP,D
15:02:05,TLKM,RG,3980,10,D,PD,YP,D
15:02:05,TLKM,RG,3980,25,D,PD,YP,D
15:02:05,TLKM,RG,3980,1,D,PD,YP,D
15:02:05,TLKM,RG,3980,10,D,OD,YP,D
15:02:05,TLKM,RG,3980,3,D,YP,YP,D
15:02:05,TLKM,RG,3980,15,D,PD,YP,D
15:02:05,TLKM,RG,3980,50,D,YP,YP,D
15:02:05,TLKM,RG,3980,1,D,XC,YP,D
15:02:05,TLKM,RG,3980,5,D,YP,YP,D
15:02:05,TLKM,RG,3980,1,D,XC,YP,D
15:02:05,TLKM,RG,3980,1,D,XC,YP,D
15:02:05,TLKM,RG,3980,10,D,YP,YP,D
15:02:05,TLKM,RG,3980,50,D,YJ,YP,D
15:02:05,TLKM,RG,3980,5,D,XL,YP,D
15:02:05,TLKM,RG,3980,1,D,PD,YP,D
15:02:05,TLKM,RG,3980,126,D,SQ,YP,D
15:02:05,TLKM,RG,3980,551,D,PD,YP,D
15:01:58,TLKM,RG,3980,300,D,PD,YB,D
15:01:54,TLKM,RG,3980,1,D,PD,CC,D
15:01:33,TLKM,RG,3980,7,D,PD,DR,D
15:01:28,TLKM,RG,3980,110,D,PD,CC,D
15:01:27,TLKM,RG,3980,31,D,PD,KK,D
15:01:27,TLKM,RG,3980,3,D,XC,KK,D
15:01:27,TLKM,RG,3980,2,D,PD,KK,D
15:01:27,TLKM,RG,3980,10,D,YP,KK,D
15:01:27,TLKM,RG,3980,1,D,SQ,KK,D
15:01:27,TLKM,RG,3980,1,D,PD,KK,D
15:01:27,TLKM,RG,3980,1,D,YP,KK,D
15:01:27,TLKM,RG,3980,1,D,YP,KK,D
15:01:27,TLKM,RG,3980,1,D,YP,KK,D
15:01:27,TLKM,RG,3980,1,D,SQ,KK,D
15:01:27,TLKM,RG,3980,1,D,PD,KK,D
15:01:27,TLKM,RG,3980,5,D,PD,KK,D
15:01:27,TLKM,RG,3980,1,D,YP,KK,D
15:01:27,TLKM,RG,3980,10,D,YP,KK,D
15:01:27,TLKM,RG,3980,14,D,PD,KK,D
15:01:27,TLKM,RG,3980,1,D,PD,KK,D
15:01:27,TLKM,RG,3980,20,D,YU,KK,D
15:01:27,TLKM,RG,3980,1,D,NI,KK,D
15:01:27,TLKM,RG,3980,5,D,XC,KK,D
15:01:27,TLKM,RG,3980,2,D,NI,KK,D
15:01:27,TLKM,RG,3980,1,D,PD,KK,D
15:01:27,TLKM,RG,3980,1,D,EP,KK,D
15:01:27,TLKM,RG,3980,2,D,PD,KK,D
15:01:27,TLKM,RG,3980,5,F,DH,KK,D
15:01:27,TLKM,RG,3980,5,D,PD,KK,D
15:01:27,TLKM,RG,3980,20,D,CC,KK,D
15:01:27,TLKM,RG,3980,2,D,PD,KK,D
15:01:27,TLKM,RG,3980,50,D,GR,KK,D
15:01:27,TLKM,RG,3980,1,D,XC,KK,D
15:01:27,TLKM,RG,3980,2,D,PD,KK,D
15:01:27,TLKM,RG,3980,5,D,LG,KK,D
15:01:27,TLKM,RG,3980,2,D,YP,KK,D
15:01:27,TLKM,RG,3980,2,D,PD,KK,D
15:01:27,TLKM,RG,3980,1,D,MK,KK,D
15:01:27,TLKM,RG,3980,1,D,KK,KK,D
15:01:27,TLKM,RG,3980,1,D,PD,KK,D
15:01:27,TLKM,RG,3980,10,D,CP,KK,D
15:01:27,TLKM,RG,3980,5,D,SQ,KK,D
15:01:27,TLKM,RG,3980,9,D,PD,KK,D
15:01:27,TLKM,RG,3980,5,D,NI,KK,D
15:01:27,TLKM,RG,3980,10,D,CC,KK,D
15:01:27,TLKM,RG,3980,1,D,YP,KK,D
15:01:27,TLKM,RG,3980,4,D,PD,KK,D
15:01:27,TLKM,RG,3980,2,D,YP,KK,D
15:01:27,TLKM,RG,3980,1,D,PD,KK,D
15:01:27,TLKM,RG,3980,1,D,DH,KK,D
15:01:27,TLKM,RG,3980,10,D,YP,KK,D
15:01:27,TLKM,RG,3980,20,D,YB,KK,D
15:01:27,TLKM,RG,3980,1,D,XA,KK,D
15:01:27,TLKM,RG,3980,1,D,CC,KK,D
15:01:27,TLKM,RG,3980,10,D,PD,KK,D
15:01:27,TLKM,RG,3980,2,D,PD,KK,D
15:01:27,TLKM,RG,3980,1,D,XC,KK,D
15:01:27,TLKM,RG,3980,4,D,KK,KK,D
15:01:27,TLKM,RG,3980,5,D,YP,KK,D
15:01:27,TLKM,RG,3980,36,D,NI,KK,D
15:01:27,TLKM,RG,3980,2,D,XC,KK,D
15:01:27,TLKM,RG,3980,1,D,PD,KK,D
15:01:27,TLKM,RG,3980,2,D,PD,KK,D
15:01:27,TLKM,RG,3980,1,D,XC,KK,D
15:01:27,TLKM,RG,3980,10,D,LG,KK,D
15:01:27,TLKM,RG,3980,2,D,YP,KK,D
15:01:27,TLKM,RG,3980,10,D,YP,KK,D
15:01:27,TLKM,RG,3980,1,D,PD,KK,D
15:01:27,TLKM,RG,3980,1,D,YB,KK,D
15:01:27,TLKM,RG,3980,4,D,PD,KK,D
15:01:27,TLKM,RG,3980,10,D,CC,KK,D
15:01:27,TLKM,RG,3980,1,D,XC,KK,D
15:01:27,TLKM,RG,3980,4,D,YP,KK,D
15:01:24,TLKM,RG,3980,1,D,YP,AI,D
15:01:24,TLKM,RG,3980,20,D,XC,AI,D
15:01:24,TLKM,RG,3980,5,D,PD,AI,D
15:01:24,TLKM,RG,3980,10,D,YP,AI,D
15:01:24,TLKM,RG,3980,14,D,NI,AI,D
15:01:13,TLKM,RG,3980,6,D,NI,YU,D
15:01:13,TLKM,RG,3980,1,D,SQ,YU,D
15:01:13,TLKM,RG,3980,2,D,PD,YU,D
15:01:13,TLKM,RG,3980,1,D,XL,YU,D
15:01:13,TLKM,RG,3980,1,D,PD,YU,D
15:01:13,TLKM,RG,3980,2,D,PD,YU,D
15:01:13,TLKM,RG,3980,1,D,XL,YU,D
15:01:13,TLKM,RG,3980,3,D,KK,YU,D
15:01:13,TLKM,RG,3980,20,D,CC,YU,D
15:01:13,TLKM,RG,3980,3,D,PD,YU,D
15:01:13,TLKM,RG,3980,2,D,LG,YU,D
15:01:13,TLKM,RG,3980,1,D,XC,YU,D
15:01:13,TLKM,RG,3980,10,D,KK,YU,D
15:01:13,TLKM,RG,3980,10,D,YP,YU,D
15:01:13,TLKM,RG,3980,5,D,CP,YU,D
15:01:13,TLKM,RG,3980,2,D,PD,YU,D
15:01:13,TLKM,RG,3980,25,D,NI,YU,D
15:01:13,TLKM,RG,3980,125,D,LG,YU,D
15:01:13,TLKM,RG,3980,1,D,CC,YU,D
15:01:13,TLKM,RG,3980,25,D,ZP,YU,D
15:01:13,TLKM,RG,3980,10,D,PD,YU,D
15:01:13,TLKM,RG,3980,2,D,CC,YU,D
15:01:13,TLKM,RG,3980,20,D,XL,YU,D
15:01:13,TLKM,RG,3980,1,D,SQ,YU,D
15:01:13,TLKM,RG,3980,1,D,CC,YU,D
15:01:13,TLKM,RG,3980,5,D,PD,YU,D
15:01:13,TLKM,RG,3980,8,D,CC,YU,D
15:01:13,TLKM,RG,3980,10,D,XC,YU,D
15:01:13,TLKM,RG,3980,5,D,XC,YU,D
15:01:13,TLKM,RG,3980,5,D,SQ,YU,D
15:01:13,TLKM,RG,3980,1,D,XC,YU,D
15:01:13,TLKM,RG,3980,10,D,YP,YU,D
15:01:13,TLKM,RG,3980,15,D,PD,YU,D
15:01:13,TLKM,RG,3980,25,D,SQ,YU,D
15:01:13,TLKM,RG,3980,5,D,XC,YU,D
15:01:13,TLKM,RG,3980,2,D,DH,YU,D
15:01:13,TLKM,RG,3980,2,D,XL,YU,D
15:01:13,TLKM,RG,3980,50,D,PD,YU,D
15:01:13,TLKM,RG,3980,5,D,AZ,YU,D
15:01:13,TLKM,RG,3980,10,D,XL,YU,D
15:01:13,TLKM,RG,3980,5,D,XL,YU,D
15:01:13,TLKM,RG,3980,30,D,YP,YU,D
15:01:13,TLKM,RG,3980,1,D,XC,YU,D
15:01:13,TLKM,RG,3980,2,D,GR,YU,D
15:01:13,TLKM,RG,3980,50,D,KK,YU,D
15:01:13,TLKM,RG,3980,1,D,PD,YU,D
15:01:13,TLKM,RG,3980,1,D,XL,YU,D
15:01:13,TLKM,RG,3980,572,D,LG,YU,D
15:01:01,TLKM,RG,3980,20,D,LG,AT,D
15:01:00,TLKM,RG,3980,33,D,LG,CD,D
15:01:00,TLKM,RG,3980,5,D,CC,CD,D
15:01:00,TLKM,RG,3980,2,D,RG,CD,D
15:01:00,TLKM,RG,3980,2,D,SQ,CD,D
15:01:00,TLKM,RG,3980,1,D,XC,CD,D
15:01:00,TLKM,RG,3980,5,D,YP,CD,D
15:01:00,TLKM,RG,3980,5,D,PD,CD,D
15:01:00,TLKM,RG,3980,20,D,PD,CD,D
15:01:00,TLKM,RG,3980,5,D,PD,CD,D
15:01:00,TLKM,RG,3980,1,D,PD,CD,D
15:01:00,TLKM,RG,3980,15,D,XA,CD,D
15:01:00,TLKM,RG,3980,156,D,OD,CD,D
15:00:00,TLKM,RG,3980,17,D,OD,LG,D
15:00:00,TLKM,RG,3980,1,D,OD,HD,D
15:00:00,TLKM,RG,3980,4,D,OD,YP,D
15:00:00,TLKM,RG,3980,11,D,OD,YP,D
15:00:00,TLKM,RG,3980,70,D,OD,ES,D
15:00:00,TLKM,RG,3980,2,D,OD,YP,D
15:00:00,TLKM,RG,3980,39,D,OD,YP,D
15:00:00,TLKM,RG,3980,1,D,CC,YP,D
15:00:00,TLKM,RG,3980,1,D,XC,YP,D
15:00:00,TLKM,RG,3980,15,D,XA,YP,D
15:00:00,TLKM,RG,3980,50,D,DR,YP,D
15:00:00,TLKM,RG,3980,10,D,NI,YP,D
15:00:00,TLKM,RG,3980,1,D,CC,YP,D
15:00:00,TLKM,RG,3980,10,D,CC,YP,D
15:00:00,TLKM,RG,3980,1,D,PD,YP,D
15:00:00,TLKM,RG,3980,50,D,LG,YP,D
15:00:00,TLKM,RG,3980,1,D,CC,YP,D
15:00:00,TLKM,RG,3980,10,D,YP,YP,D
15:00:00,TLKM,RG,3980,2,D,PD,YP,D
15:00:00,TLKM,RG,3980,5,D,GR,YP,D
15:00:00,TLKM,RG,3980,5,D,PD,YP,D
15:00:00,TLKM,RG,3980,5,D,PD,YP,D
15:00:00,TLKM,RG,3980,1,D,PD,YP,D
15:00:00,TLKM,RG,3980,2,D,PD,YP,D
15:00:00,TLKM,RG,3980,1,D,YP,YP,D
15:00:00,TLKM,RG,3980,5,D,AT,YP,D
15:00:00,TLKM,RG,3980,1,D,YP,YP,D
15:00:00,TLKM,RG,3980,1,D,NI,YP,D
15:00:00,TLKM,RG,3980,100,D,KK,YP,D
15:00:00,TLKM,RG,3980,2,D,XC,YP,D
15:00:00,TLKM,RG,3980,1,D,PD,YP,D
15:00:00,TLKM,RG,3980,3,D,YP,YP,D
15:00:00,TLKM,RG,3980,1,D,PD,YP,D
15:00:00,TLKM,RG,3980,2,D,XC,YP,D
15:00:00,TLKM,RG,3980,1,D,PD,YP,D
15:00:00,TLKM,RG,3980,1,D,XL,YP,D
15:00:00,TLKM,RG,3980,1,D,PD,YP,D
15:00:00,TLKM,RG,3980,100,D,NI,YP,D
15:00:00,TLKM,RG,3980,2,D,XC,YP,D
15:00:00,TLKM,RG,3980,2,D,XC,YP,D
15:00:00,TLKM,RG,3980,10,D,GR,YP,D
15:00:00,TLKM,RG,3980,2,D,NI,YP,D
15:00:00,TLKM,RG,3980,7,D,PD,YP,D
15:00:00,TLKM,RG,3980,1,D,KK,YP,D
15:00:00,TLKM,RG,3980,3,D,XC,YP,D
15:00:00,TLKM,RG,3980,15,D,YP,YP,D
15:00:00,TLKM,RG,3980,3,D,NI,YP,D
15:00:00,TLKM,RG,3980,5,D,YP,YP,D
15:00:00,TLKM,RG,3980,1,D,PD,YP,D
15:00:00,TLKM,RG,3980,1,D,XC,YP,D
15:00:00,TLKM,RG,3980,5,D,EP,YP,D
15:00:00,TLKM,RG,3980,14,D,LG,YP,D
15:00:00,TLKM,RG,3980,6,D,LG,YU,D
15:00:00,TLKM,RG,3980,5,D,PD,YU,D
15:00:00,TLKM,RG,3980,15,D,XL,YU,D
15:00:00,TLKM,RG,3980,2,D,XC,YU,D
15:00:00,TLKM,RG,3980,1,D,KK,YU,D
15:00:00,TLKM,RG,3980,1,D,LS,YU,D
15:00:00,TLKM,RG,3980,1,D,NI,YU,D
15:00:00,TLKM,RG,3980,10,D,NI,YU,D
15:00:00,TLKM,RG,3980,1,D,PD,YU,D
15:00:00,TLKM,RG,3980,2,D,XC,YU,D
15:00:00,TLKM,RG,3980,1,D,XC,YU,D
15:00:00,TLKM,RG,3980,1,D,EP,YU,D
15:00:00,TLKM,RG,3980,10,D,PD,YU,D
15:00:00,TLKM,RG,3980,5,D,PD,YU,D
15:00:00,TLKM,RG,3980,5,D,KK,YU,D
15:00:00,TLKM,RG,3980,1,D,YP,YU,D
15:00:00,TLKM,RG,3980,1,D,PD,YU,D
15:00:00,TLKM,RG,3980,50,D,LG,YU,D
15:00:00,TLKM,RG,3980,1,D,YP,YU,D
15:00:00,TLKM,RG,3980,1,D,NI,YU,D
15:00:00,TLKM,RG,3980,3,D,XC,YU,D
15:00:00,TLKM,RG,3980,2,D,PD,YU,D
15:00:00,TLKM,RG,3980,10,D,YP,YU,D
15:00:00,TLKM,RG,3980,6,D,CC,YU,D
15:00:00,TLKM,RG,3980,5,D,PD,YU,D
15:00:00,TLKM,RG,3980,10,D,CC,YU,D
15:00:00,TLKM,RG,3980,5,D,DR,YU,D
15:00:00,TLKM,RG,3980,5,D,CC,YU,D
15:00:00,TLKM,RG,3980,5,D,KK,YU,D
15:00:00,TLKM,RG,3980,1,D,YP,YU,D
15:00:00,TLKM,RG,3980,1,D,PD,YU,D
15:00:00,TLKM,RG,3980,1,D,XL,YU,D
15:00:00,TLKM,RG,3980,1,D,PD,YU,D
15:00:00,TLKM,RG,3980,8,D,YP,YU,D
15:00:00,TLKM,RG,3980,3,D,XC,YU,D
15:00:00,TLKM,RG,3980,10,D,GR,YU,D
15:00:00,TLKM,RG,3980,1,D,YP,YU,D
15:00:00,TLKM,RG,3980,100,D,SQ,YU,D
15:00:00,TLKM,RG,3980,5,D,XC,YU,D
15:00:00,TLKM,RG,3980,1,D,PD,YU,D
15:00:00,TLKM,RG,3980,1,D,PD,YU,D
15:00:00,TLKM,RG,3980,1,D,YP,YU,D
15:00:00,TLKM,RG,3980,50,D,TP,YU,D
15:00:00,TLKM,RG,3980,20,D,YP,YU,D
15:00:00,TLKM,RG,3980,30,D,YP,IP,D
15:00:00,TLKM,RG,3980,24,D,DX,IP,D
15:00:00,TLKM,RG,3980,4,D,DX,IP,D
15:00:00,TLKM,RG,3980,4,D,DX,IP,D
15:00:00,TLKM,RG,3980,4,D,DX,IP,D
15:00:00,TLKM,RG,3980,4,D,DX,IP,D
15:00:00,TLKM,RG,3980,4,D,DX,IP,D
15:00:00,TLKM,RG,3980,4,D,DX,IP,D
15:00:00,TLKM,RG,3980,4,D,DX,IP,D
15:00:00,TLKM,RG,3980,4,D,DX,IP,D
15:00:00,TLKM,RG,3980,4,D,DX,IP,D
15:00:00,TLKM,RG,3980,4,D,DX,IP,D
15:00:00,TLKM,RG,3980,4,D,DX,IP,D
15:00:00,TLKM,RG,3980,4,D,DX,IP,D
15:00:00,TLKM,RG,3980,4,D,DX,IP,D
15:00:00,TLKM,RG,3980,4,D,DX,IP,D
15:00:00,TLKM,RG,3980,4,D,DX,IP,D
15:00:00,TLKM,RG,3980,4,D,DX,IP,D
15:00:00,TLKM,RG,3980,4,D,DX,IP,D
15:00:00,TLKM,RG,3980,4,D,DX,IP,D
15:00:00,TLKM,RG,3980,4,D,DX,IP,D
15:00:00,TLKM,RG,3980,4,D,DX,IP,D
15:00:00,TLKM,RG,3980,4,D,DX,IP,D
15:00:00,TLKM,RG,3980,4,D,DX,IP,D
15:00:00,TLKM,RG,3980,4,D,DX,IP,D
15:00:00,TLKM,RG,3980,4,D,DX,IP,D
15:00:00,TLKM,RG,3980,4,D,DX,IP,D
15:00:00,TLKM,RG,3980,4,D,DX,IP,D
15:00:00,TLKM,RG,3980,4,D,DX,IP,D
15:00:00,TLKM,RG,3980,4,D,DX,IP,D
15:00:00,TLKM,RG,3980,4,D,DX,IP,D
15:00:00,TLKM,RG,3980,4,D,DX,IP,D
15:00:00,TLKM,RG,3980,4,D,DX,IP,D
15:00:00,TLKM,RG,3980,4,D,DX,IP,D
15:00:00,TLKM,RG,3980,4,D,DX,IP,D
15:00:00,TLKM,RG,3980,4,D,DX,IP,D
15:00:00,TLKM,RG,3980,4,D,DX,IP,D
15:00:00,TLKM,RG,3980,4,D,DX,IP,D
15:00:00,TLKM,RG,3980,4,D,DX,IP,D
15:00:00,TLKM,RG,3980,4,D,DX,IP,D
15:00:00,TLKM,RG,3980,4,D,DX,IP,D
15:00:00,TLKM,RG,3980,4,D,DX,IP,D
15:00:00,TLKM,RG,3980,4,D,DX,IP,D
15:00:00,TLKM,RG,3980,4,D,DX,IP,D
15:00:00,TLKM,RG,3980,4,D,DX,IP,D
15:00:00,TLKM,RG,3980,4,D,DX,IP,D
15:00:00,TLKM,RG,3980,4,D,DX,IP,D
15:00:00,TLKM,RG,3980,4,D,DX,IP,D
15:00:00,TLKM,RG,3980,4,D,DX,IP,D
15:00:00,TLKM,RG,3980,4,D,DX,IP,D
15:00:00,TLKM,RG,3980,4,D,DX,IP,D
15:00:00,TLKM,RG,3980,4,D,DX,IP,D
15:00:00,TLKM,RG,3980,4,D,DX,IP,D
15:00:00,TLKM,RG,3980,4,D,DX,IP,D
15:00:00,TLKM,RG,3980,4,D,DX,IP,D
15:00:00,TLKM,RG,3980,4,D,DX,IP,D
15:00:00,TLKM,RG,3980,4,D,DX,IP,D
15:00:00,TLKM,RG,3980,4,D,DX,IP,D
15:00:00,TLKM,RG,3980,4,D,DX,IP,D
15:00:00,TLKM,RG,3980,4,D,DX,IP,D
15:00:00,TLKM,RG,3980,4,D,DX,IP,D
15:00:00,TLKM,RG,3980,4,D,DX,IP,D
15:00:00,TLKM,RG,3980,4,D,DX,IP,D
15:00:00,TLKM,RG,3980,4,D,DX,IP,D
15:00:00,TLKM,RG,3980,4,D,DX,IP,D
15:00:00,TLKM,RG,3980,4,D,DX,IP,D
15:00:00,TLKM,RG,3980,4,D,DX,IP,D
15:00:00,TLKM,RG,3980,4,D,DX,IP,D
15:00:00,TLKM,RG,3980,4,D,DX,IP,D
15:00:00,TLKM,RG,3980,4,D,DX,IP,D
15:00:00,TLKM,RG,3980,4,D,DX,IP,D
15:00:00,TLKM,RG,3980,4,D,DX,IP,D
15:00:00,TLKM,RG,3980,4,D,DX,IP,D
15:00:00,TLKM,RG,3980,4,D,DX,IP,D
15:00:00,TLKM,RG,3980,4,D,DX,IP,D
15:00:00,TLKM,RG,3980,4,D,DX,IP,D
15:00:00,TLKM,RG,3980,4,D,DX,IP,D
15:00:00,TLKM,RG,3980,4,D,DX,IP,D
15:00:00,TLKM,RG,3980,4,D,DX,IP,D
15:00:00,TLKM,RG,3980,4,D,DX,IP,D
15:00:00,TLKM,RG,3980,4,D,DX,IP,D
15:00:00,TLKM,RG,3980,4,D,DX,IP,D
15:00:00,TLKM,RG,3980,4,D,DX,IP,D
15:00:00,TLKM,RG,3980,4,D,DX,IP,D
15:00:00,TLKM,RG,3980,4,D,DX,IP,D
15:00:00,TLKM,RG,3980,4,D,DX,IP,D
15:00:00,TLKM,RG,3980,4,D,DX,IP,D
15:00:00,TLKM,RG,3980,4,D,DX,IP,D
15:00:00,TLKM,RG,3980,4,D,DX,IP,D
15:00:00,TLKM,RG,3980,4,D,DX,IP,D
15:00:00,TLKM,RG,3980,4,D,DX,IP,D
15:00:00,TLKM,RG,3980,4,D,DX,IP,D
15:00:00,TLKM,RG,3980,4,D,DX,IP,D
15:00:00,TLKM,RG,3980,4,D,DX,IP,D
15:00:00,TLKM,RG,3980,4,D,DX,IP,D
15:00:00,TLKM,RG,3980,4,D,DX,IP,D
15:00:00,TLKM,RG,3980,4,D,DX,IP,D
15:00:00,TLKM,RG,3980,4,D,DX,IP,D
15:00:00,TLKM,RG,3980,4,D,DX,IP,D
15:00:00,TLKM,RG,3980,4,D,DX,IP,D
15:00:00,TLKM,RG,3980,4,D,DX,IP,D
15:00:00,TLKM,RG,3980,10,D,DX,YP,D
15:00:00,TLKM,RG,3980,1,D,DX,YB,D
15:00:00,TLKM,RG,3980,4,D,DX,YP,D
15:00:00,TLKM,RG,3980,1,D,DX,AI,D
15:00:00,TLKM,RG,3980,1,D,DX,AI,D
15:00:00,TLKM,RG,3980,6,D,DX,ZP,F
15:00:00,TLKM,RG,3980,849,D,DX,YU,F
15:00:00,TLKM,RG,3980,2775,D,DX,ZP,F
15:00:00,TLKM,RG,3980,5144,D,DX,AK,F
15:00:00,TLKM,RG,3980,74,D,DX,ZP,F
15:00:00,TLKM,RG,3980,967,D,DX,ZP,F
15:00:00,TLKM,RG,3980,1753,D,DX,BK,F
15:00:00,TLKM,RG,3980,80,D,DX,ZP,F
15:00:00,TLKM,RG,3980,206,D,DX,KZ,F
15:00:00,TLKM,RG,3980,491,D,DX,CC,D
15:00:00,TLKM,RG,3980,569,D,DX,AK,F
15:00:00,TLKM,RG,3980,445,D,DX,AK,F
15:00:00,TLKM,RG,3980,5163,D,DX,AK,F
15:00:00,TLKM,RG,3980,30,D,DX,AK,F
15:00:00,TLKM,RG,3980,11011,D,DX,RX,F
15:00:00,TLKM,RG,3980,2,D,YP,RX,F
15:00:00,TLKM,RG,3980,1,D,XC,RX,F
15:00:00,TLKM,RG,3980,10,D,YP,RX,F
15:00:00,TLKM,RG,3980,1,D,NI,RX,F
15:00:00,TLKM,RG,3980,5,D,CC,RX,F
15:00:00,TLKM,RG,3980,1,D,XC,RX,F
15:00:00,TLKM,RG,3980,1,D,PD,RX,F
15:00:00,TLKM,RG,3980,5,D,CC,RX,F
15:00:00,TLKM,RG,3980,1,D,LG,RX,F
15:00:00,TLKM,RG,3980,3,D,PD,RX,F
15:00:00,TLKM,RG,3980,2,D,CC,RX,F
15:00:00,TLKM,RG,3980,1,D,XL,RX,F
15:00:00,TLKM,RG,3980,1,D,CC,RX,F
15:00:00,TLKM,RG,3980,1,D,PD,RX,F
15:00:00,TLKM,RG,3980,1,D,DH,RX,F
15:00:00,TLKM,RG,3980,10,D,YP,RX,F
15:00:00,TLKM,RG,3980,5,D,YP,RX,F
15:00:00,TLKM,RG,3980,1,D,XC,RX,F
15:00:00,TLKM,RG,3980,20,D,YP,RX,F
15:00:00,TLKM,RG,3980,200,D,CC,RX,F
15:00:00,TLKM,RG,3980,5,D,XC,RX,F
15:00:00,TLKM,RG,3980,2,D,YP,RX,F
15:00:00,TLKM,RG,3980,50,D,SQ,RX,F
15:00:00,TLKM,RG,3980,50,D,CC,RX,F
15:00:00,TLKM,RG,3980,1,D,XC,RX,F
15:00:00,TLKM,RG,3980,20,D,CC,RX,F
15:00:00,TLKM,RG,3980,10,D,KK,RX,F
15:00:00,TLKM,RG,3980,100,D,NI,RX,F
15:00:00,TLKM,RG,3980,1,D,CC,RX,F
15:00:00,TLKM,RG,3980,25,D,PD,RX,F
15:00:00,TLKM,RG,3980,1,D,CC,RX,F
15:00:00,TLKM,RG,3980,10,D,YP,RX,F
15:00:00,TLKM,RG,3980,5,D,YP,RX,F
15:00:00,TLKM,RG,3980,1,D,PD,RX,F
15:00:00,TLKM,RG,3980,1,D,NI,RX,F
15:00:00,TLKM,RG,3980,100,D,NI,RX,F
15:00:00,TLKM,RG,3980,1,D,SQ,RX,F
15:00:00,TLKM,RG,3980,1,D,CC,RX,F
15:00:00,TLKM,RG,3980,1,D,PD,RX,F
15:00:00,TLKM,RG,3980,1,D,YP,RX,F
15:00:00,TLKM,RG,3980,10,D,PD,RX,F
15:00:00,TLKM,RG,3980,3,D,PD,RX,F
15:00:00,TLKM,RG,3980,2,D,NI,RX,F
15:00:00,TLKM,RG,3980,1,D,DH,RX,F
15:00:00,TLKM,RG,3980,2,D,CC,RX,F
15:00:00,TLKM,RG,3980,2,D,KK,RX,F
15:00:00,TLKM,RG,3980,30,D,PD,RX,F
15:00:00,TLKM,RG,3980,2,D,YP,RX,F
15:00:00,TLKM,RG,3980,1,D,ZP,RX,F
15:00:00,TLKM,RG,3980,2,D,LS,RX,F
15:00:00,TLKM,RG,3980,10,D,SQ,RX,F
15:00:00,TLKM,RG,3980,1,D,XC,RX,F
15:00:00,TLKM,RG,3980,1,D,AZ,RX,F
15:00:00,TLKM,RG,3980,50,D,YJ,RX,F
15:00:00,TLKM,RG,3980,25,D,NI,RX,F
15:00:00,TLKM,RG,3980,1,D,PD,RX,F
15:00:00,TLKM,RG,3980,2,D,EP,RX,F
15:00:00,TLKM,RG,3980,1,D,YP,RX,F
15:00:00,TLKM,RG,3980,3,D,PD,RX,F
15:00:00,TLKM,RG,3980,2,D,CC,RX,F
15:00:00,TLKM,RG,3980,10,F,DH,RX,F
15:00:00,TLKM,RG,3980,10,D,YP,RX,F
15:00:00,TLKM,RG,3980,5,D,LG,RX,F
15:00:00,TLKM,RG,3980,5,D,TF,RX,F
15:00:00,TLKM,RG,3980,1,D,YP,RX,F
15:00:00,TLKM,RG,3980,1,D,NI,RX,F
15:00:00,TLKM,RG,3980,2,D,KK,RX,F
15:00:00,TLKM,RG,3980,2,D,YB,RX,F
15:00:00,TLKM,RG,3980,20,D,SQ,RX,F
15:00:00,TLKM,RG,3980,3,D,YP,RX,F
15:00:00,TLKM,RG,3980,500,D,TP,RX,F
15:00:00,TLKM,RG,3980,5,D,KK,RX,F
15:00:00,TLKM,RG,3980,1,D,XC,RX,F
15:00:00,TLKM,RG,3980,10,D,YP,RX,F
15:00:00,TLKM,RG,3980,8,D,PD,RX,F
15:00:00,TLKM,RG,3980,1,D,YP,RX,F
15:00:00,TLKM,RG,3980,5,D,PD,RX,F
15:00:00,TLKM,RG,3980,1,D,XC,RX,F
15:00:00,TLKM,RG,3980,5,D,GR,RX,F
15:00:00,TLKM,RG,3980,3,D,NI,RX,F
15:00:00,TLKM,RG,3980,1,D,XC,RX,F
15:00:00,TLKM,RG,3980,4,D,PD,RX,F
15:00:00,TLKM,RG,3980,1,D,PD,RX,F
15:00:00,TLKM,RG,3980,3,D,NI,RX,F
15:00:00,TLKM,RG,3980,3,D,LG,RX,F
15:00:00,TLKM,RG,3980,1,D,KK,RX,F
15:00:00,TLKM,RG,3980,1,D,PD,RX,F
15:00:00,TLKM,RG,3980,1,D,YP,RX,F
15:00:00,TLKM,RG,3980,5,D,YU,RX,F
15:00:00,TLKM,RG,3980,10,D,AZ,RX,F
15:00:00,TLKM,RG,3980,3,D,YP,RX,F
15:00:00,TLKM,RG,3980,2,D,XL,RX,F
15:00:00,TLKM,RG,3980,10,D,CP,RX,F
15:00:00,TLKM,RG,3980,100,D,AI,RX,F
15:00:00,TLKM,RG,3980,3,D,LS,RX,F
15:00:00,TLKM,RG,3980,2,D,LS,RX,F
15:00:00,TLKM,RG,3980,1,D,PD,RX,F
15:00:00,TLKM,RG,3980,2,D,PD,RX,F
15:00:00,TLKM,RG,3980,1,D,XC,RX,F
15:00:00,TLKM,RG,3980,1,D,XC,RX,F
15:00:00,TLKM,RG,3980,3,D,PD,RX,F
15:00:00,TLKM,RG,3980,5,D,PD,RX,F
15:00:00,TLKM,RG,3980,1,D,PD,RX,F
15:00:00,TLKM,RG,3980,2,D,XC,RX,F
15:00:00,TLKM,RG,3980,1,D,XC,RX,F
15:00:00,TLKM,RG,3980,30,D,CC,RX,F
15:00:00,TLKM,RG,3980,1,D,PD,RX,F
15:00:00,TLKM,RG,3980,10,D,YP,RX,F
15:00:00,TLKM,RG,3980,1,D,YP,RX,F
15:00:00,TLKM,RG,3980,20,D,PD,RX,F
15:00:00,TLKM,RG,3980,10,D,YP,RX,F
15:00:00,TLKM,RG,3980,2,D,XC,RX,F
15:00:00,TLKM,RG,3980,5,D,NI,RX,F
15:00:00,TLKM,RG,3980,50,D,CC,RX,F
15:00:00,TLKM,RG,3980,1,D,PD,RX,F
15:00:00,TLKM,RG,3980,2,D,DR,RX,F
15:00:00,TLKM,RG,3980,2,D,XC,RX,F
15:00:00,TLKM,RG,3980,20,D,PD,RX,F
15:00:00,TLKM,RG,3980,10,D,YP,RX,F
15:00:00,TLKM,RG,3980,5,D,NI,RX,F
15:00:00,TLKM,RG,3980,15,D,XC,RX,F
15:00:00,TLKM,RG,3980,26,D,XC,RX,F
15:00:00,TLKM,RG,3980,1,D,XC,RX,F
15:00:00,TLKM,RG,3980,10,D,XC,RX,F
15:00:00,TLKM,RG,3980,5,D,CC,RX,F
15:00:00,TLKM,RG,3980,8,D,CC,RX,F
15:00:00,TLKM,RG,3980,2,D,LS,RX,F
15:00:00,TLKM,RG,3980,20,D,PD,RX,F
15:00:00,TLKM,RG,3980,1,D,AZ,RX,F
15:00:00,TLKM,RG,3980,3,D,XC,RX,F
15:00:00,TLKM,RG,3980,1,D,PD,RX,F
15:00:00,TLKM,RG,3980,100,D,CP,RX,F
15:00:00,TLKM,RG,3980,1,D,XC,RX,F
15:00:00,TLKM,RG,3980,50,D,YP,RX,F
15:00:00,TLKM,RG,3980,2,D,YP,RX,F
15:00:00,TLKM,RG,3980,5,D,EP,RX,F
15:00:00,TLKM,RG,3980,1,D,PD,RX,F
15:00:00,TLKM,RG,3980,4,D,PD,AK,F
15:00:00,TLKM,RG,3980,3,D,YP,AK,F
15:00:00,TLKM,RG,3980,500,D,RF,AK,F
15:00:00,TLKM,RG,3980,10,D,YP,AK,F
15:00:00,TLKM,RG,3980,10,D,YP,AK,F
15:00:00,TLKM,RG,3980,2,D,PD,AK,F
15:00:00,TLKM,RG,3980,500,D,FZ,AK,F
15:00:00,TLKM,RG,3980,1,D,DR,AK,F
15:00:00,TLKM,RG,3980,2,D,PD,AK,F
15:00:00,TLKM,RG,3980,50,D,ZP,AK,F
15:00:00,TLKM,RG,3980,2,D,LG,AK,F
15:00:00,TLKM,RG,3980,1,D,PD,AK,F
15:00:00,TLKM,RG,3980,10,D,YP,AK,F
15:00:00,TLKM,RG,3980,8,D,XC,AK,F
15:00:00,TLKM,RG,3980,1,D,PD,AK,F
15:00:00,TLKM,RG,3980,5,D,PD,AK,F
15:00:00,TLKM,RG,3980,100,D,AZ,AK,F
15:00:00,TLKM,RG,3980,22,D,CC,AK,F
15:00:00,TLKM,RG,3980,3,D,PD,AK,F
15:00:00,TLKM,RG,3980,50,D,GR,AK,F
15:00:00,TLKM,RG,3980,5,D,KK,AK,F
15:00:00,TLKM,RG,3980,2,D,PD,AK,F
15:00:00,TLKM,RG,3980,1,D,PD,AK,F
15:00:00,TLKM,RG,3980,10,D,XL,AK,F
15:00:00,TLKM,RG,3980,2,D,XL,AK,F
15:00:00,TLKM,RG,3980,1,D,XL,AK,F
15:00:00,TLKM,RG,3980,10,D,XL,AK,F
15:00:00,TLKM,RG,3980,10,D,XL,AK,F
15:00:00,TLKM,RG,3980,1,D,XL,AK,F
15:00:00,TLKM,RG,3980,10,D,XL,AK,F
15:00:00,TLKM,RG,3980,1,D,XL,AK,F
15:00:00,TLKM,RG,3980,1,D,CC,AK,F
15:00:00,TLKM,RG,3980,4,D,XL,AK,F
15:00:00,TLKM,RG,3980,1,D,XL,AK,F
15:00:00,TLKM,RG,3980,1,D,XL,AK,F
15:00:00,TLKM,RG,3980,28,D,XL,AK,F
15:00:00,TLKM,RG,3980,3,D,XL,AK,F
15:00:00,TLKM,RG,3980,55,D,XL,AK,F
15:00:00,TLKM,RG,3980,5,D,XL,AK,F
15:00:00,TLKM,RG,3980,1000,D,OD,AK,F
15:00:00,TLKM,RG,3980,1,D,XL,AK,F
15:00:00,TLKM,RG,3980,9,D,XL,AK,F
15:00:00,TLKM,RG,3980,30,D,LG,AK,F
15:00:00,TLKM,RG,3980,1,D,XL,AK,F
15:00:00,TLKM,RG,3980,8,D,XL,AK,F
15:00:00,TLKM,RG,3980,3,D,XL,AK,F
15:00:00,TLKM,RG,3980,1,D,LG,AK,F
15:00:00,TLKM,RG,3980,1,D,XL,AK,F
15:00:00,TLKM,RG,3980,15,D,XL,AK,F
15:00:00,TLKM,RG,3980,1,D,YP,AK,F
15:00:00,TLKM,RG,3980,1,D,XL,AK,F
15:00:00,TLKM,RG,3980,1,D,YP,AK,F
15:00:00,TLKM,RG,3980,25,D,YP,AK,F
15:00:00,TLKM,RG,3980,10,D,YP,AK,F
15:00:00,TLKM,RG,3980,1,D,YP,AK,F
15:00:00,TLKM,RG,3980,790,D,YP,AK,F
15:00:00,TLKM,RG,3980,50,D,YP,AK,F
15:00:00,TLKM,RG,3980,6,D,XL,AK,F
15:00:00,TLKM,RG,3980,20,D,OD,AK,F
15:00:00,TLKM,RG,3980,1,D,OD,AK,F
15:00:00,TLKM,RG,3980,2,D,XL,AK,F
15:00:00,TLKM,RG,3980,1,D,YP,AK,F
15:00:00,TLKM,RG,3980,1,D,YP,AK,F
15:00:00,TLKM,RG,3980,100,D,OD,AK,F
15:00:00,TLKM,RG,3980,2,D,YP,AK,F
15:00:00,TLKM,RG,3980,3,D,YP,AK,F
15:00:00,TLKM,RG,3980,1,D,YP,AK,F
15:00:00,TLKM,RG,3980,12,D,CC,AK,F
15:00:00,TLKM,RG,3980,1,D,CC,AK,F
15:00:00,TLKM,RG,3980,1,D,CC,AK,F
15:00:00,TLKM,RG,3980,3,D,YP,AK,F
15:00:00,TLKM,RG,3980,10,D,CC,AK,F
15:00:00,TLKM,RG,3980,2,D,CC,AK,F
15:00:00,TLKM,RG,3980,10,D,CC,AK,F
15:00:00,TLKM,RG,3980,4,D,PD,AK,F
15:00:00,TLKM,RG,3980,25,D,GR,AK,F
15:00:00,TLKM,RG,3980,1,D,PD,AK,F
15:00:00,TLKM,RG,3980,10,D,DH,AK,F
15:00:00,TLKM,RG,3980,3,D,YP,AK,F
15:00:00,TLKM,RG,3980,1,D,PD,AK,F
15:00:00,TLKM,RG,3980,2,D,PD,AK,F
15:00:00,TLKM,RG,3980,1,D,PD,AK,F
15:00:00,TLKM,RG,3980,5,D,CC,AK,F
15:00:00,TLKM,RG,3980,1,D,YP,AK,F
15:00:00,TLKM,RG,3980,1,D,PD,AK,F
15:00:00,TLKM,RG,3980,5,D,CC,AK,F
15:00:00,TLKM,RG,3980,50,D,CC,AK,F
15:00:00,TLKM,RG,3980,3,D,PD,AK,F
15:00:00,TLKM,RG,3980,2,D,SQ,AK,F
15:00:00,TLKM,RG,3980,10,D,YP,AK,F
15:00:00,TLKM,RG,3980,1,D,YP,AK,F
15:00:00,TLKM,RG,3980,2,D,DH,AK,F
15:00:00,TLKM,RG,3980,1,D,PD,AK,F
15:00:00,TLKM,RG,3980,20,D,PD,AK,F
15:00:00,TLKM,RG,3980,10,D,PD,AK,F
15:00:00,TLKM,RG,3980,2,D,PD,AK,F
15:00:00,TLKM,RG,3980,1,D,PD,AK,F
15:00:00,TLKM,RG,3980,2,D,PD,AK,F
15:00:00,TLKM,RG,3980,90,D,CC,AK,F
15:00:00,TLKM,RG,3980,40,D,SQ,AK,F
15:00:00,TLKM,RG,3980,125,D,YP,AK,F
15:00:00,TLKM,RG,3980,1,D,PD,AK,F
15:00:00,TLKM,RG,3980,1,D,PD,AK,F
15:00:00,TLKM,RG,3980,1,D,SQ,AK,F
15:00:00,TLKM,RG,3980,5,D,PD,AK,F
15:00:00,TLKM,RG,3980,1,D,PD,AK,F
15:00:00,TLKM,RG,3980,5,D,SQ,AK,F
15:00:00,TLKM,RG,3980,2,D,PD,AK,F
15:00:00,TLKM,RG,3980,7,D,CC,AK,F
15:00:00,TLKM,RG,3980,2,D,PD,AK,F
15:00:00,TLKM,RG,3980,5,D,SQ,AK,F
15:00:00,TLKM,RG,3980,3,D,CC,AK,F
15:00:00,TLKM,RG,3980,1,D,PD,AK,F
15:00:00,TLKM,RG,3980,11,D,YP,AK,F
15:00:00,TLKM,RG,3980,5,D,PD,AK,F
15:00:00,TLKM,RG,3980,1,D,PD,AK,F
15:00:00,TLKM,RG,3980,2,D,PD,AK,F
15:00:00,TLKM,RG,3980,4,D,PD,AK,F
15:00:00,TLKM,RG,3980,5,D,PD,AK,F
15:00:00,TLKM,RG,3980,1,D,PD,AK,F
15:00:00,TLKM,RG,3980,12,D,EP,AK,F
15:00:00,TLKM,RG,3980,1,D,XC,AK,F
15:00:00,TLKM,RG,3980,1,D,PD,AK,F
15:00:00,TLKM,RG,3980,6,D,PD,AK,F
15:00:00,TLKM,RG,3980,1,D,PD,AK,F
15:00:00,TLKM,RG,3980,15,D,PD,AK,F
15:00:00,TLKM,RG,3980,3,D,CC,AK,F
15:00:00,TLKM,RG,3980,1,D,PD,AK,F
15:00:00,TLKM,RG,3980,1,D,PD,AK,F
15:00:00,TLKM,RG,3980,1,D,XC,AK,F
15:00:00,TLKM,RG,3980,1,D,EP,AK,F
15:00:00,TLKM,RG,3980,1,D,XC,AK,F
15:00:00,TLKM,RG,3980,1,D,PD,AK,F
15:00:00,TLKM,RG,3980,3,D,XC,AK,F
15:00:00,TLKM,RG,3980,1,D,PD,AK,F
15:00:00,TLKM,RG,3980,2,D,PD,AK,F
15:00:00,TLKM,RG,3980,5,D,PD,AK,F
15:00:00,TLKM,RG,3980,2,D,PD,AK,F
15:00:00,TLKM,RG,3980,4,D,XC,AK,F
15:00:00,TLKM,RG,3980,20,D,SQ,AK,F
15:00:00,TLKM,RG,3980,3,D,CC,AK,F
15:00:00,TLKM,RG,3980,1,D,PD,AK,F
15:00:00,TLKM,RG,3980,10,D,PD,AK,F
15:00:00,TLKM,RG,3980,1,D,PD,AK,F
15:00:00,TLKM,RG,3980,1,D,SQ,AK,F
15:00:00,TLKM,RG,3980,5,D,DR,AK,F
15:00:00,TLKM,RG,3980,25,D,DR,AK,F
15:00:00,TLKM,RG,3980,1,D,PD,AK,F
15:00:00,TLKM,RG,3980,5,D,CC,AK,F
15:00:00,TLKM,RG,3980,200,D,GR,AK,F
15:00:00,TLKM,RG,3980,2,D,CC,AK,F
15:00:00,TLKM,RG,3980,1,D,XC,AK,F
15:00:00,TLKM,RG,3980,5,D,CC,AK,F
15:00:00,TLKM,RG,3980,200,D,GR,AK,F
15:00:00,TLKM,RG,3980,2,D,PD,AK,F
15:00:00,TLKM,RG,3980,1,D,PD,AK,F
15:00:00,TLKM,RG,3980,4,D,DR,AK,F
15:00:00,TLKM,RG,3980,1,D,PD,AK,F
15:00:00,TLKM,RG,3980,1,D,DR,AK,F
15:00:00,TLKM,RG,3980,5,D,GR,AK,F
15:00:00,TLKM,RG,3980,1,D,XC,AK,F
15:00:00,TLKM,RG,3980,10,D,PD,AK,F
15:00:00,TLKM,RG,3980,10,D,PD,AK,F
15:00:00,TLKM,RG,3980,5,D,CC,AK,F
15:00:00,TLKM,RG,3980,20,D,CC,AK,F
15:00:00,TLKM,RG,3980,5,D,XC,AK,F
15:00:00,TLKM,RG,3980,1,D,XC,AK,F
15:00:00,TLKM,RG,3980,1,D,XC,AK,F
15:00:00,TLKM,RG,3980,3,D,YP,AK,F
15:00:00,TLKM,RG,3980,6,D,YP,AK,F
15:00:00,TLKM,RG,3980,5,D,XC,AK,F
15:00:00,TLKM,RG,3980,10,D,CP,AK,F
15:00:00,TLKM,RG,3980,20,D,DR,AK,F
15:00:00,TLKM,RG,3980,5,D,XC,AK,F
15:00:00,TLKM,RG,3980,3,D,DH,AK,F
15:00:00,TLKM,RG,3980,1,D,YP,AK,F
15:00:00,TLKM,RG,3980,2,D,YU,AK,F
15:00:00,TLKM,RG,3980,6,F,YP,AK,F
15:00:00,TLKM,RG,3980,20,D,EP,AK,F
15:00:00,TLKM,RG,3980,1,D,XC,AK,F
15:00:00,TLKM,RG,3980,2,D,KK,AK,F
15:00:00,TLKM,RG,3980,15,D,DR,AK,F
15:00:00,TLKM,RG,3980,30,D,BQ,AK,F
15:00:00,TLKM,RG,3980,1,D,GR,AK,F
15:00:00,TLKM,RG,3980,1,D,IF,AK,F
15:00:00,TLKM,RG,3980,10,D,KK,AK,F
15:00:00,TLKM,RG,3980,10,D,KK,AK,F
15:00:00,TLKM,RG,3980,10,D,KK,AK,F
15:00:00,TLKM,RG,3980,1,D,XC,AK,F
15:00:00,TLKM,RG,3980,5,D,KK,AK,F
15:00:00,TLKM,RG,3980,3,D,DR,AK,F
15:00:00,TLKM,RG,3980,1,D,XC,AK,F
15:00:00,TLKM,RG,3980,5,D,DR,AK,F
15:00:00,TLKM,RG,3980,1,D,YU,AK,F
15:00:00,TLKM,RG,3980,2,D,TP,AK,F
15:00:00,TLKM,RG,3980,50,D,AI,AK,F
15:00:00,TLKM,RG,3980,1,D,XC,AK,F
15:00:00,TLKM,RG,3980,3,D,AI,AK,F
15:00:00,TLKM,RG,3980,3,D,YU,AK,F
15:00:00,TLKM,RG,3980,108,D,YJ,AK,F
15:00:00,TLKM,RG,3980,392,D,YJ,AK,F
15:00:00,TLKM,RG,3980,70,D,TP,AK,F
15:00:00,TLKM,RG,3980,2,D,TP,AK,F
15:00:00,TLKM,RG,3980,1,D,YP,AK,F
15:00:00,TLKM,RG,3980,3,D,CC,AK,F
15:00:00,TLKM,RG,3980,125,D,GR,AK,F
15:00:00,TLKM,RG,3980,2,D,YP,AK,F
15:00:00,TLKM,RG,3980,200,D,GR,AK,F
15:00:00,TLKM,RG,3980,200,D,YB,AK,F
15:00:00,TLKM,RG,3980,100,D,AT,AK,F
15:00:00,TLKM,RG,3980,20,D,DR,AK,F
15:00:00,TLKM,RG,3980,1,D,PD,AK,F
15:00:00,TLKM,RG,3980,1,D,YP,AK,F
15:00:00,TLKM,RG,3980,6,D,DH,AK,F
15:00:00,TLKM,RG,3980,418,F,BK,AK,F
15:00:00,TLKM,RG,3980,2269,F,BK,AK,F
15:00:00,TLKM,RG,3980,1,D,YP,AK,F
15:00:00,TLKM,RG,3980,10,D,SQ,AK,F
15:00:00,TLKM,RG,3980,1,D,CC,AK,F
15:00:00,TLKM,RG,3980,2773,F,BK,AK,F
15:00:00,TLKM,RG,3980,1327,F,BK,AK,F
15:00:00,TLKM,RG,3980,70,F,BK,AK,F
15:00:00,TLKM,RG,3980,736,F,BK,AK,F
15:00:00,TLKM,RG,3980,4906,F,BK,AK,F
15:00:00,TLKM,RG,3980,25,D,DH,AK,F
15:00:00,TLKM,RG,3980,2,D,CC,AK,F
15:00:00,TLKM,RG,3980,2,D,CP,AK,F
15:00:00,TLKM,RG,3980,5,D,NI,AK,F
15:00:00,TLKM,RG,3980,200,D,YB,AK,F
15:00:00,TLKM,RG,3980,5,D,XC,AK,F
15:00:00,TLKM,RG,3980,1,D,PD,AK,F
15:00:00,TLKM,RG,3980,3,D,CC,AK,F
15:00:00,TLKM,RG,3980,10,D,YP,AK,F
15:00:00,TLKM,RG,3980,10,D,NI,AK,F
15:00:00,TLKM,RG,3980,1,D,XC,AK,F
15:00:00,TLKM,RG,3980,50,D,YP,AK,F
15:00:00,TLKM,RG,3980,1000,D,AZ,AK,F
15:00:00,TLKM,RG,3980,5,D,DR,AK,F
15:00:00,TLKM,RG,3980,100,D,ES,AK,F
15:00:00,TLKM,RG,3980,1,D,PD,AK,F
15:00:00,TLKM,RG,3980,52,D,SQ,AK,F
15:00:00,TLKM,RG,3980,200,D,CP,AK,F
15:00:00,TLKM,RG,3980,1,D,CC,AK,F
15:00:00,TLKM,RG,3980,200,D,YB,AK,F
15:00:00,TLKM,RG,3980,200,D,YB,AK,F
15:00:00,TLKM,RG,3980,1,D,SQ,AK,F
15:00:00,TLKM,RG,3980,1,D,YP,AK,F
15:00:00,TLKM,RG,3980,100,D,CD,AK,F
15:00:00,TLKM,RG,3980,1,D,PD,AK,F
15:00:00,TLKM,RG,3980,1,D,FS,AK,F
15:00:00,TLKM,RG,3980,10,D,YU,AK,F
15:00:00,TLKM,RG,3980,1,D,SQ,AK,F
15:00:00,TLKM,RG,3980,3,D,EP,AK,F
15:00:00,TLKM,RG,3980,10,D,BQ,AK,F
15:00:00,TLKM,RG,3980,5,D,GR,AK,F
15:00:00,TLKM,RG,3980,10,D,DH,AK,F
15:00:00,TLKM,RG,3980,200,D,YB,AK,F
15:00:00,TLKM,RG,3980,1,D,NI,AK,F
15:00:00,TLKM,RG,3980,10,D,YP,AK,F
15:00:00,TLKM,RG,3980,150,D,KK,AK,F
15:00:00,TLKM,RG,3980,1,D,XC,AK,F
15:00:00,TLKM,RG,3980,50,D,SQ,AK,F
15:00:00,TLKM,RG,3980,10,D,PD,AK,F
15:00:00,TLKM,RG,3980,10,D,YP,AK,F
15:00:00,TLKM,RG,3980,1,D,XL,AK,F
15:00:00,TLKM,RG,3980,1,D,PD,AK,F
15:00:00,TLKM,RG,3980,10,D,YB,AK,F
15:00:00,TLKM,RG,3980,20,D,XC,AK,F
15:00:00,TLKM,RG,3980,1,D,XC,AK,F
15:00:00,TLKM,RG,3980,10,D,YP,AK,F
15:00:00,TLKM,RG,3980,1,D,OD,AK,F
15:00:00,TLKM,RG,3980,12,D,SQ,AK,F
15:00:00,TLKM,RG,3980,1,D,NI,AK,F
15:00:00,TLKM,RG,3980,100,D,AZ,AK,F
15:00:00,TLKM,RG,3980,5,D,OD,AK,F
15:00:00,TLKM,RG,3980,2,D,PD,AK,F
15:00:00,TLKM,RG,3980,10,D,YP,AK,F
15:00:00,TLKM,RG,3980,50,D,PD,AK,F
15:00:00,TLKM,RG,3980,86,D,YP,AK,F
15:00:00,TLKM,RG,3980,233,D,KK,AK,F
15:00:00,TLKM,RG,3980,10,D,YP,AK,F
15:00:00,TLKM,RG,3980,1,D,YP,AK,F
15:00:00,TLKM,RG,3980,2,D,CC,AK,F
15:00:00,TLKM,RG,3980,100,D,YP,AK,F
15:00:00,TLKM,RG,3980,1,D,AI,AK,F
15:00:00,TLKM,RG,3980,500,D,PD,AK,F
15:00:00,TLKM,RG,3980,20,D,XC,AK,F
15:00:00,TLKM,RG,3980,10,D,YP,AK,F
15:00:00,TLKM,RG,3980,200,D,EP,AK,F
15:00:00,TLKM,RG,3980,1,D,AT,AK,F
15:00:00,TLKM,RG,3980,10,D,CC,AK,F
15:00:00,TLKM,RG,3980,1,D,PD,AK,F
15:00:00,TLKM,RG,3980,8,D,SQ,AK,F
15:00:00,TLKM,RG,3980,500,D,ES,AK,F
15:00:00,TLKM,RG,3980,20,D,PD,AK,F
15:00:00,TLKM,RG,3980,1,D,NI,AK,F
15:00:00,TLKM,RG,3980,1,D,XC,AK,F
15:00:00,TLKM,RG,3980,2,D,PD,AK,F
15:00:00,TLKM,RG,3980,5,D,GR,AK,F
15:00:00,TLKM,RG,3980,10,D,XC,AK,F
15:00:00,TLKM,RG,3980,4,D,PD,AK,F
15:00:00,TLKM,RG,3980,100,D,FZ,AK,F
15:00:00,TLKM,RG,3980,100,F,YJ,AK,F
15:00:00,TLKM,RG,3980,5,D,PD,AK,F
15:00:00,TLKM,RG,3980,1,D,PD,AK,F
15:00:00,TLKM,RG,3980,2,D,XC,AK,F
15:00:00,TLKM,RG,3980,2,D,PD,AK,F
15:00:00,TLKM,RG,3980,1,D,CC,AK,F
15:00:00,TLKM,RG,3980,1,D,XC,AK,F
15:00:00,TLKM,RG,3980,100,D,CP,AK,F
15:00:00,TLKM,RG,3980,1,D,PD,AK,F
15:00:00,TLKM,RG,3980,5,D,PD,AK,F
15:00:00,TLKM,RG,3980,2,D,XC,AK,F
15:00:00,TLKM,RG,3980,2,D,AZ,AK,F
15:00:00,TLKM,RG,3980,3,D,PD,AK,F
15:00:00,TLKM,RG,3980,50,D,CC,AK,F
15:00:00,TLKM,RG,3980,2,D,KK,AK,F
15:00:00,TLKM,RG,3980,1,D,XC,AK,F
15:00:00,TLKM,RG,3980,10,D,PD,AK,F
15:00:00,TLKM,RG,3980,12,D,KK,AK,F
15:00:00,TLKM,RG,3980,10,D,PD,AK,F
15:00:00,TLKM,RG,3980,10,D,CC,AK,F
15:00:00,TLKM,RG,3980,20,D,YP,AK,F
15:00:00,TLKM,RG,3980,5,D,PD,AK,F
15:00:00,TLKM,RG,3980,1383,D,SQ,AK,F
15:00:00,TLKM,RG,3980,1039,D,SQ,AK,F
15:00:00,TLKM,RG,3980,7578,D,SQ,YU,F
15:00:00,TLKM,RG,3980,24,D,SQ,YU,F
15:00:00,TLKM,RG,3980,5,D,GR,YU,F
15:00:00,TLKM,RG,3980,20,D,XC,YU,F
15:00:00,TLKM,RG,3980,1,D,EP,YU,F
15:00:00,TLKM,RG,3980,2,D,XC,YU,F
15:00:00,TLKM,RG,3980,1,D,XC,YU,F
15:00:00,TLKM,RG,3980,5,D,YP,YU,F
15:00:00,TLKM,RG,3980,20,D,CC,YU,F
15:00:00,TLKM,RG,3980,2,D,XC,YU,F
15:00:00,TLKM,RG,3980,300,D,CP,YU,F
15:00:00,TLKM,RG,3980,30,D,TP,YU,F
15:00:00,TLKM,RG,3980,1,D,PD,YU,F
15:00:00,TLKM,RG,3980,1,D,XL,YU,F
15:00:00,TLKM,RG,3980,1,D,PD,YU,F
15:00:00,TLKM,RG,3980,2,D,PC,YU,F
15:00:00,TLKM,RG,3980,100,D,CC,YU,F
15:00:00,TLKM,RG,3980,20,D,PD,YU,F
15:00:00,TLKM,RG,3980,2,D,PD,YU,F
15:00:00,TLKM,RG,3980,1,D,YP,YU,F
15:00:00,TLKM,RG,3980,5,D,PD,YU,F
15:00:00,TLKM,RG,3980,24,D,XC,YU,F
15:00:00,TLKM,RG,3980,1,D,PD,YU,F
15:00:00,TLKM,RG,3980,1,D,PD,YU,F
15:00:00,TLKM,RG,3980,5,D,CC,YU,F
15:00:00,TLKM,RG,3980,20,D,PD,YU,F
15:00:00,TLKM,RG,3980,3,D,XL,YU,F
15:00:00,TLKM,RG,3980,3,D,PD,YU,F
15:00:00,TLKM,RG,3980,10,D,XC,YU,F
15:00:00,TLKM,RG,3980,10,D,XL,YU,F
15:00:00,TLKM,RG,3980,2,D,PD,YU,F
15:00:00,TLKM,RG,3980,50,D,CC,YU,F
15:00:00,TLKM,RG,3980,1,D,NI,YU,F
15:00:00,TLKM,RG,3980,5,D,XC,YU,F
15:00:00,TLKM,RG,3980,4,D,GR,YU,F
15:00:00,TLKM,RG,3980,1,D,SQ,YU,F
15:00:00,TLKM,RG,3980,10,D,SQ,YU,F
15:00:00,TLKM,RG,3980,1,D,DX,YU,F
15:00:00,TLKM,RG,3980,5,D,PD,YU,F
15:00:00,TLKM,RG,3980,20,D,XC,YU,F
15:00:00,TLKM,RG,3980,1,D,NI,YU,F
15:00:00,TLKM,RG,3980,100,D,CC,YU,F
15:00:00,TLKM,RG,3980,1,D,XC,YU,F
15:00:00,TLKM,RG,3980,1,D,PD,YU,F
15:00:00,TLKM,RG,3980,1,D,CC,YU,F
15:00:00,TLKM,RG,3980,3,D,PD,YU,F
15:00:00,TLKM,RG,3980,1,D,XC,YU,F
15:00:00,TLKM,RG,3980,2,D,YP,YU,F
15:00:00,TLKM,RG,3980,20,D,NI,YU,F
15:00:00,TLKM,RG,3980,1,D,XC,YU,F
15:00:00,TLKM,RG,3980,2,D,PD,YU,F
15:00:00,TLKM,RG,3980,1,D,YP,YU,F
15:00:00,TLKM,RG,3980,1,D,YP,YU,F
15:00:00,TLKM,RG,3980,25,D,SQ,YU,F
15:00:00,TLKM,RG,3980,5,D,PD,YU,F
15:00:00,TLKM,RG,3980,20,D,LG,YU,F
15:00:00,TLKM,RG,3980,1,D,YP,YU,F
15:00:00,TLKM,RG,3980,1,D,XC,YU,F
15:00:00,TLKM,RG,3980,10,D,PD,YU,F
15:00:00,TLKM,RG,3980,10,D,PD,YU,F
15:00:00,TLKM,RG,3980,5,D,EP,YU,F
15:00:00,TLKM,RG,3980,5,D,PD,YU,F
15:00:00,TLKM,RG,3980,2,D,PD,YU,F
15:00:00,TLKM,RG,3980,11,D,PD,YU,F
15:00:00,TLKM,RG,3980,10,D,XC,YU,F
15:00:00,TLKM,RG,3980,13,D,YP,YU,F
15:00:00,TLKM,RG,3980,3,D,XC,YU,F
15:00:00,TLKM,RG,3980,2,D,CC,YU,F
15:00:00,TLKM,RG,3980,10,D,XC,YU,F
15:00:00,TLKM,RG,3980,3,D,OD,YU,F
15:00:00,TLKM,RG,3980,1,D,NI,YU,F
15:00:00,TLKM,RG,3980,10,D,CC,YU,F
15:00:00,TLKM,RG,3980,5,D,YP,YU,F
15:00:00,TLKM,RG,3980,1,D,PD,YU,F
15:00:00,TLKM,RG,3980,5,D,OD,YU,F
15:00:00,TLKM,RG,3980,1,D,YB,YU,F
15:00:00,TLKM,RG,3980,5,D,YP,YU,F
15:00:00,TLKM,RG,3980,5,D,PD,YU,F
15:00:00,TLKM,RG,3980,1,D,XL,YU,F
15:00:00,TLKM,RG,3980,50,D,XL,YU,F
15:00:00,TLKM,RG,3980,25,D,KK,YU,F
15:00:00,TLKM,RG,3980,1,D,PD,YU,F
15:00:00,TLKM,RG,3980,2,D,CC,YU,F
15:00:00,TLKM,RG,3980,1,D,PD,YU,F
15:00:00,TLKM,RG,3980,2,D,PD,YU,F
15:00:00,TLKM,RG,3980,25,D,KK,YU,F
15:00:00,TLKM,RG,3980,145,D,XL,YU,F
15:00:00,TLKM,RG,3980,1,D,NI,YU,F
15:00:00,TLKM,RG,3980,2,D,DH,YU,F
15:00:00,TLKM,RG,3980,1,D,PD,YU,F
15:00:00,TLKM,RG,3980,10,D,TF,YU,F
15:00:00,TLKM,RG,3980,65,D,YU,YU,F
15:00:00,TLKM,RG,3980,15517,D,EP,YU,F
15:00:00,TLKM,RG,3980,1272,D,EP,ZP,F
15:00:00,TLKM,RG,3980,497,D,EP,RX,F
15:00:00,TLKM,RG,3980,61,D,EP,YU,D
15:00:00,TLKM,RG,3980,2653,D,EP,ZP,F
15:00:00,TLKM,RG,3980,1,D,OD,ZP,F
15:00:00,TLKM,RG,3980,1,D,PD,ZP,F
15:00:00,TLKM,RG,3980,1,D,CC,ZP,F
15:00:00,TLKM,RG,3980,1,D,PD,ZP,F
15:00:00,TLKM,RG,3980,5,D,SQ,ZP,F
15:00:00,TLKM,RG,3980,2,D,SQ,ZP,F
15:00:00,TLKM,RG,3980,6,D,XC,ZP,F
15:00:00,TLKM,RG,3980,1,D,XA,ZP,F
15:00:00,TLKM,RG,3980,5,D,CC,ZP,F
15:00:00,TLKM,RG,3980,3,D,DR,ZP,F
15:00:00,TLKM,RG,3980,1,D,XC,ZP,F
15:00:00,TLKM,RG,3980,1,D,PD,ZP,F
15:00:00,TLKM,RG,3980,5,D,NI,ZP,F
15:00:00,TLKM,RG,3980,18,D,XC,ZP,F
15:00:00,TLKM,RG,3980,2,D,PD,ZP,F
15:00:00,TLKM,RG,3980,10,D,PD,ZP,F
15:00:00,TLKM,RG,3980,5,D,XC,ZP,F
15:00:00,TLKM,RG,3980,2,D,DR,ZP,F
15:00:00,TLKM,RG,3980,2,D,PD,ZP,F
15:00:00,TLKM,RG,3980,1,D,XC,ZP,F
15:00:00,TLKM,RG,3980,15,D,GR,ZP,F
15:00:00,TLKM,RG,3980,1,D,XC,ZP,F
15:00:00,TLKM,RG,3980,1,D,CC,ZP,F
15:00:00,TLKM,RG,3980,2,D,XL,ZP,F
15:00:00,TLKM,RG,3980,1,D,MG,ZP,F
15:00:00,TLKM,RG,3980,1,D,XC,ZP,F
15:00:00,TLKM,RG,3980,5,D,XC,ZP,F
15:00:00,TLKM,RG,3980,2,D,CC,ZP,F
15:00:00,TLKM,RG,3980,5,D,YP,ZP,F
15:00:00,TLKM,RG,3980,150,D,NI,ZP,F
15:00:00,TLKM,RG,3980,1,D,NI,ZP,F
15:00:00,TLKM,RG,3980,1,D,NI,ZP,F
15:00:00,TLKM,RG,3980,5,D,NI,ZP,F
15:00:00,TLKM,RG,3980,5,D,PD,ZP,F
15:00:00,TLKM,RG,3980,1,D,NI,ZP,F
15:00:00,TLKM,RG,3980,10,D,DR,ZP,F
15:00:00,TLKM,RG,3980,4,D,XC,ZP,F
15:00:00,TLKM,RG,3980,1,D,YP,ZP,F
15:00:00,TLKM,RG,3980,1,D,BQ,ZP,F
15:00:00,TLKM,RG,3980,1,D,YP,ZP,F
15:00:00,TLKM,RG,3980,3,D,GR,ZP,F
15:00:00,TLKM,RG,3980,5,D,PD,ZP,F
15:00:00,TLKM,RG,3980,10,D,XL,ZP,F
15:00:00,TLKM,RG,3980,10,D,XL,ZP,F
15:00:00,TLKM,RG,3980,1,D,PD,ZP,F
15:00:00,TLKM,RG,3980,1,D,YP,ZP,F
15:00:00,TLKM,RG,3980,4,D,YP,ZP,F
15:00:00,TLKM,RG,3980,10,D,XL,ZP,F
15:00:00,TLKM,RG,3980,10,D,XL,ZP,F
15:00:00,TLKM,RG,3980,1,D,NI,ZP,F
15:00:00,TLKM,RG,3980,10,D,PD,ZP,F
15:00:00,TLKM,RG,3980,1,D,XC,ZP,F
15:00:00,TLKM,RG,3980,1,D,PD,ZP,F
15:00:00,TLKM,RG,3980,2,D,CC,ZP,F
15:00:00,TLKM,RG,3980,10,D,YP,ZP,F
15:00:00,TLKM,RG,3980,2,D,CC,ZP,F
15:00:00,TLKM,RG,3980,1,D,PD,ZP,F
15:00:00,TLKM,RG,3980,1,D,NI,ZP,F
15:00:00,TLKM,RG,3980,5,D,PD,ZP,F
15:00:00,TLKM,RG,3980,9,D,YP,ZP,F
15:00:00,TLKM,RG,3980,2,D,YP,ZP,F
15:00:00,TLKM,RG,3980,5,D,XC,ZP,F
15:00:00,TLKM,RG,3980,3,D,NI,ZP,F
15:00:00,TLKM,RG,3980,40,D,CC,ZP,F
15:00:00,TLKM,RG,3980,4,D,PD,ZP,F
15:00:00,TLKM,RG,3980,1,D,XL,ZP,F
15:00:00,TLKM,RG,3980,10,D,PD,ZP,F
15:00:00,TLKM,RG,3980,5,D,DH,ZP,F
15:00:00,TLKM,RG,3980,7,D,PD,ZP,F
15:00:00,TLKM,RG,3980,2,D,AZ,ZP,F
15:00:00,TLKM,RG,3980,10,D,GR,ZP,F
15:00:00,TLKM,RG,3980,100,D,GR,ZP,F
15:00:00,TLKM,RG,3980,5,D,XL,ZP,F
15:00:00,TLKM,RG,3980,1,D,XA,ZP,F
15:00:00,TLKM,RG,3980,1,D,CC,ZP,F
15:00:00,TLKM,RG,3980,8,D,DX,ZP,F
15:00:00,TLKM,RG,3980,4,D,PD,ZP,F
15:00:00,TLKM,RG,3980,2,D,XC,ZP,F
15:00:00,TLKM,RG,3980,50,D,XC,ZP,F
15:00:00,TLKM,RG,3980,40,D,NI,ZP,F
15:00:00,TLKM,RG,3980,5,D,LS,ZP,F
15:00:00,TLKM,RG,3980,1,D,SQ,ZP,F
15:00:00,TLKM,RG,3980,1,D,PD,ZP,F
15:00:00,TLKM,RG,3980,10,D,KK,ZP,F
15:00:00,TLKM,RG,3980,2,D,PD,ZP,F
15:00:00,TLKM,RG,3980,1,D,PD,ZP,F
15:00:00,TLKM,RG,3980,1,D,PD,ZP,F
15:00:00,TLKM,RG,3980,1,D,TF,ZP,F
15:00:00,TLKM,RG,3980,1,D,PD,ZP,F
15:00:00,TLKM,RG,3980,10,D,XC,ZP,F
15:00:00,TLKM,RG,3980,3,D,PD,ZP,F
15:00:00,TLKM,RG,3980,1,D,XC,ZP,F
15:00:00,TLKM,RG,3980,2,D,PD,ZP,F
15:00:00,TLKM,RG,3980,1,D,XC,ZP,F
15:00:00,TLKM,RG,3980,10,D,YP,ZP,F
15:00:00,TLKM,RG,3980,5,D,YP,ZP,F
15:00:00,TLKM,RG,3980,5,D,NI,ZP,F
15:00:00,TLKM,RG,3980,1,D,CC,ZP,F
15:00:00,TLKM,RG,3980,50,D,GR,ZP,F
15:00:00,TLKM,RG,3980,25,D,XL,ZP,F
15:00:00,TLKM,RG,3980,33,D,XC,ZP,F
15:00:00,TLKM,RG,3980,5,D,SQ,ZP,F
15:00:00,TLKM,RG,3980,1,D,DR,ZP,F
15:00:00,TLKM,RG,3980,1,D,PD,ZP,F
15:00:00,TLKM,RG,3980,2,D,XC,ZP,F
15:00:00,TLKM,RG,3980,80,D,CC,ZP,F
15:00:00,TLKM,RG,3980,4,D,XC,ZP,F
15:00:00,TLKM,RG,3980,10,D,YP,ZP,F
15:00:00,TLKM,RG,3980,20,D,CC,ZP,F
15:00:00,TLKM,RG,3980,1,D,XC,ZP,F
15:00:00,TLKM,RG,3980,2,D,KK,ZP,F
15:00:00,TLKM,RG,3980,1,D,YP,ZP,F
15:00:00,TLKM,RG,3980,1,D,PD,ZP,F
15:00:00,TLKM,RG,3980,7,D,PD,ZP,F
15:00:00,TLKM,RG,3980,3,D,PD,ZP,F
15:00:00,TLKM,RG,3980,5,D,PD,ZP,F
15:00:00,TLKM,RG,3980,5,D,CC,ZP,F
15:00:00,TLKM,RG,3980,5,D,PD,ZP,F
15:00:00,TLKM,RG,3980,5,D,KK,ZP,F
15:00:00,TLKM,RG,3980,2,D,SQ,ZP,F
15:00:00,TLKM,RG,3980,2,D,PD,ZP,F
15:00:00,TLKM,RG,3980,1,D,XC,ZP,F
15:00:00,TLKM,RG,3980,5,D,PD,ZP,F
15:00:00,TLKM,RG,3980,1,D,YP,ZP,F
15:00:00,TLKM,RG,3980,1,D,PD,ZP,F
15:00:00,TLKM,RG,3980,5,D,YP,ZP,F
15:00:00,TLKM,RG,3980,1,D,PD,ZP,F
15:00:00,TLKM,RG,3980,1,D,NI,ZP,F
15:00:00,TLKM,RG,3980,2450,D,PD,ZP,F
15:00:00,TLKM,RG,3980,2,D,YP,ZP,F
15:00:00,TLKM,RG,3980,1,D,XL,ZP,F
15:00:00,TLKM,RG,3980,3,D,PD,ZP,F
15:00:00,TLKM,RG,3980,1,D,CC,ZP,F
15:00:00,TLKM,RG,3980,2,D,PD,ZP,F
15:00:00,TLKM,RG,3980,3,D,NI,ZP,F
15:00:00,TLKM,RG,3980,5,D,CC,ZP,F
15:00:00,TLKM,RG,3980,5145,D,PD,ZP,F
15:00:00,TLKM,RG,3980,1,D,XC,ZP,F
15:00:00,TLKM,RG,3980,10,D,PD,ZP,F
15:00:00,TLKM,RG,3980,17,D,XC,ZP,F
15:00:00,TLKM,RG,3980,1,D,PD,ZP,F
15:00:00,TLKM,RG,3980,400,D,ES,ZP,F
15:00:00,TLKM,RG,3980,10,D,PD,ZP,F
15:00:00,TLKM,RG,3980,10,D,YP,ZP,F
15:00:00,TLKM,RG,3980,25,D,DH,ZP,F
15:00:00,TLKM,RG,3980,100,D,PD,ZP,F
15:00:00,TLKM,RG,3980,10,D,EP,ZP,F
15:00:00,TLKM,RG,3980,2,D,PD,ZP,F
15:00:00,TLKM,RG,3980,1,D,SQ,ZP,F
15:00:00,TLKM,RG,3980,1,D,XC,ZP,F
15:00:00,TLKM,RG,3980,1,D,XC,ZP,F
15:00:00,TLKM,RG,3980,1,D,XC,ZP,F
15:00:00,TLKM,RG,3980,18,D,OD,ZP,F
15:00:00,TLKM,RG,3980,1,D,PD,ZP,F
15:00:00,TLKM,RG,3980,5,D,PD,ZP,F
15:00:00,TLKM,RG,3980,1,D,PD,ZP,F
15:00:00,TLKM,RG,3980,1,D,FS,ZP,F
15:00:00,TLKM,RG,3980,1,D,NI,ZP,F
15:00:00,TLKM,RG,3980,1,D,SQ,ZP,F
15:00:00,TLKM,RG,3980,1,D,YP,ZP,F
15:00:00,TLKM,RG,3980,2,D,NI,ZP,F
15:00:00,TLKM,RG,3980,1,D,XC,ZP,F
15:00:00,TLKM,RG,3980,1,D,YP,ZP,F
15:00:00,TLKM,RG,3980,250,D,AZ,ZP,F
15:00:00,TLKM,RG,3980,5,D,YU,ZP,F
15:00:00,TLKM,RG,3980,1,D,SQ,ZP,F
15:00:00,TLKM,RG,3980,1,D,XC,ZP,F
15:00:00,TLKM,RG,3980,2,D,KK,ZP,F
15:00:00,TLKM,RG,3980,1,D,PD,ZP,F
15:00:00,TLKM,RG,3980,2,D,NI,ZP,F
15:00:00,TLKM,RG,3980,5,D,YP,ZP,F
15:00:00,TLKM,RG,3980,2,D,XC,ZP,F
15:00:00,TLKM,RG,3980,2,D,NI,ZP,F
15:00:00,TLKM,RG,3980,50,D,XA,ZP,F
15:00:00,TLKM,RG,3980,75,D,CC,ZP,F
15:00:00,TLKM,RG,3980,5,D,XC,ZP,F
15:00:00,TLKM,RG,3980,10,D,SQ,ZP,F
15:00:00,TLKM,RG,3980,3,D,NI,ZP,F
15:00:00,TLKM,RG,3980,20,D,YP,ZP,F
15:00:00,TLKM,RG,3980,20,D,OD,ZP,F
15:00:00,TLKM,RG,3980,1,D,XC,ZP,F
15:00:00,TLKM,RG,3980,1,D,XC,ZP,F
15:00:00,TLKM,RG,3980,3,D,DH,ZP,F
15:00:00,TLKM,RG,3980,30,D,GR,ZP,F
15:00:00,TLKM,RG,3980,1,D,XC,ZP,F
15:00:00,TLKM,RG,3980,5,D,YP,ZP,F
15:00:00,TLKM,RG,3980,1,D,ZP,ZP,F
15:00:00,TLKM,RG,3980,2,D,HP,ZP,F
15:00:00,TLKM,RG,3980,20,D,GR,ZP,F
15:00:00,TLKM,RG,3980,10,D,NI,ZP,F
15:00:00,TLKM,RG,3980,20,D,SQ,ZP,F
15:00:00,TLKM,RG,3980,13,D,NI,ZP,F
15:00:00,TLKM,RG,3980,5,D,PD,ZP,F
15:00:00,TLKM,RG,3980,2,D,PD,ZP,F
15:00:00,TLKM,RG,3980,10,F,NI,ZP,F
15:00:00,TLKM,RG,3980,5,D,XC,ZP,F
15:00:00,TLKM,RG,3980,84,D,XC,ZP,F
15:00:00,TLKM,RG,3980,5,D,YP,ZP,F
15:00:00,TLKM,RG,3980,1,D,PD,ZP,F
15:00:00,TLKM,RG,3980,5,D,PD,ZP,F
15:00:00,TLKM,RG,3980,1,D,PD,ZP,F
15:00:00,TLKM,RG,3980,20,D,AI,ZP,F
15:00:00,TLKM,RG,3980,10,D,SQ,ZP,F
15:00:00,TLKM,RG,3980,1,D,PD,ZP,F
15:00:00,TLKM,RG,3980,1,D,PD,ZP,F
15:00:00,TLKM,RG,3980,29,D,XC,ZP,F
15:00:00,TLKM,RG,3980,3,D,XL,ZP,F
15:00:00,TLKM,RG,3980,10,D,CC,ZP,F
15:00:00,TLKM,RG,3980,10,D,YU,ZP,F
15:00:00,TLKM,RG,3980,3,D,YP,ZP,F
15:00:00,TLKM,RG,3980,250,D,KK,ZP,F
15:00:00,TLKM,RG,3980,1,D,XL,ZP,F
15:00:00,TLKM,RG,3980,2,D,YP,ZP,F
15:00:00,TLKM,RG,3980,1,D,PD,ZP,F
15:00:00,TLKM,RG,3980,1,D,GR,ZP,F
15:00:00,TLKM,RG,3980,10,D,NI,ZP,F
15:00:00,TLKM,RG,3980,2,D,XC,ZP,F
15:00:00,TLKM,RG,3980,62,D,GR,ZP,F
15:00:00,TLKM,RG,3980,3,D,NI,ZP,F
15:00:00,TLKM,RG,3980,2,D,YP,ZP,F
15:00:00,TLKM,RG,3980,2,D,YP,ZP,F
15:00:00,TLKM,RG,3980,1,D,XC,ZP,F
15:00:00,TLKM,RG,3980,1,D,YP,ZP,F
15:00:00,TLKM,RG,3980,1,D,XC,ZP,F
15:00:00,TLKM,RG,3980,2,D,YP,ZP,F
15:00:00,TLKM,RG,3980,5,D,XC,ZP,F
15:00:00,TLKM,RG,3980,1,D,CC,ZP,F
15:00:00,TLKM,RG,3980,15,D,YP,ZP,F
15:00:00,TLKM,RG,3980,1,D,XC,ZP,F
15:00:00,TLKM,RG,3980,8,D,CC,ZP,F
15:00:00,TLKM,RG,3980,1,D,PD,ZP,F
15:00:00,TLKM,RG,3980,5,D,DX,ZP,F
15:00:00,TLKM,RG,3980,1,D,YP,ZP,F
15:00:00,TLKM,RG,3980,10,D,PD,ZP,F
15:00:00,TLKM,RG,3980,3,D,PD,ZP,F
15:00:00,TLKM,RG,3980,4,D,XC,ZP,F
15:00:00,TLKM,RG,3980,1,D,PD,ZP,F
15:00:00,TLKM,RG,3980,20,D,SQ,ZP,F
15:00:00,TLKM,RG,3980,50,D,XC,ZP,F
15:00:00,TLKM,RG,3980,10,D,AZ,ZP,F
15:00:00,TLKM,RG,3980,100,D,YP,ZP,F
15:00:00,TLKM,RG,3980,2,D,YP,ZP,F
15:00:00,TLKM,RG,3980,1,D,PD,ZP,F
15:00:00,TLKM,RG,3980,10,D,KK,ZP,F
15:00:00,TLKM,RG,3980,1,D,YJ,ZP,F
15:00:00,TLKM,RG,3980,1,D,XC,ZP,F
15:00:00,TLKM,RG,3980,5,D,YP,ZP,F
15:00:00,TLKM,RG,3980,10,D,PD,ZP,F
15:00:00,TLKM,RG,3980,2,D,PD,ZP,F
15:00:00,TLKM,RG,3980,2,D,YP,ZP,F
15:00:00,TLKM,RG,3980,1,D,XC,ZP,F
15:00:00,TLKM,RG,3980,3,D,KK,ZP,F
15:00:00,TLKM,RG,3980,5,D,PD,ZP,F
15:00:00,TLKM,RG,3980,1,D,YP,ZP,F
15:00:00,TLKM,RG,3980,10,D,YU,ZP,F
15:00:00,TLKM,RG,3980,2,D,PD,ZP,F
15:00:00,TLKM,RG,3980,10,D,NI,ZP,F
15:00:00,TLKM,RG,3980,5,D,YP,ZP,F
15:00:00,TLKM,RG,3980,1,D,YP,ZP,F
15:00:00,TLKM,RG,3980,1,D,YP,ZP,F
15:00:00,TLKM,RG,3980,10,D,PD,ZP,F
15:00:00,TLKM,RG,3980,5,D,YP,ZP,F
15:00:00,TLKM,RG,3980,5,D,XC,ZP,F
15:00:00,TLKM,RG,3980,1,D,EP,ZP,F
15:00:00,TLKM,RG,3980,1,D,XC,ZP,F
15:00:00,TLKM,RG,3980,2,D,PD,ZP,F
15:00:00,TLKM,RG,3980,1,D,YP,ZP,F
15:00:00,TLKM,RG,3980,1,D,SQ,ZP,F
15:00:00,TLKM,RG,3980,2,D,AZ,ZP,F
15:00:00,TLKM,RG,3980,1,D,PD,ZP,F
15:00:00,TLKM,RG,3980,10,D,AT,ZP,F
15:00:00,TLKM,RG,3980,1,D,XC,ZP,F
15:00:00,TLKM,RG,3980,2,D,XC,ZP,F
15:00:00,TLKM,RG,3980,2,D,PD,ZP,F
15:00:00,TLKM,RG,3980,2,D,PD,ZP,F
15:00:00,TLKM,RG,3980,1,D,XC,ZP,F
15:00:00,TLKM,RG,3980,6,D,XC,ZP,F
15:00:00,TLKM,RG,3980,3,D,XC,ZP,F
15:00:00,TLKM,RG,3980,2,D,EP,ZP,F
15:00:00,TLKM,RG,3980,1,D,YP,ZP,F
15:00:00,TLKM,RG,3980,10,D,SQ,ZP,F
15:00:00,TLKM,RG,3980,6,D,YP,ZP,F
15:00:00,TLKM,RG,3980,3,D,PD,ZP,F
15:00:00,TLKM,RG,3980,10,D,DR,ZP,F
15:00:00,TLKM,RG,3980,2,D,XC,ZP,F
15:00:00,TLKM,RG,3980,2,D,PD,ZP,F
15:00:00,TLKM,RG,3980,100,D,PD,ZP,F
15:00:00,TLKM,RG,3980,1,D,XL,ZP,F
15:00:00,TLKM,RG,3980,20,D,CC,ZP,F
15:00:00,TLKM,RG,3980,1,D,PD,ZP,F
15:00:00,TLKM,RG,3980,1,D,XC,ZP,F
15:00:00,TLKM,RG,3980,3,D,NI,ZP,F
15:00:00,TLKM,RG,3980,5,D,SQ,ZP,F
15:00:00,TLKM,RG,3980,1,D,NI,ZP,F
15:00:00,TLKM,RG,3980,3,D,CC,ZP,F
15:00:00,TLKM,RG,3980,10,D,GR,ZP,F
15:00:00,TLKM,RG,3980,5,D,XC,ZP,F
15:00:00,TLKM,RG,3980,1,D,PD,ZP,F
15:00:00,TLKM,RG,3980,25,D,TP,ZP,F
15:00:00,TLKM,RG,3980,5,D,XC,ZP,F
15:00:00,TLKM,RG,3980,2,D,XC,ZP,F
15:00:00,TLKM,RG,3980,5,D,XC,ZP,F
15:00:00,TLKM,RG,3980,1,D,XC,ZP,F
15:00:00,TLKM,RG,3980,10,D,YP,ZP,F
15:00:00,TLKM,RG,3980,2,D,XC,ZP,F
15:00:00,TLKM,RG,3980,1,D,YP,ZP,F
15:00:00,TLKM,RG,3980,1,D,XC,ZP,F
15:00:00,TLKM,RG,3980,5,D,XC,ZP,F
15:00:00,TLKM,RG,3980,10,D,YP,ZP,F
15:00:00,TLKM,RG,3980,35,D,XC,ZP,F
15:00:00,TLKM,RG,3980,30,D,YP,ZP,F
15:00:00,TLKM,RG,3980,2,D,CC,ZP,F
15:00:00,TLKM,RG,3980,1,D,CC,ZP,F
15:00:00,TLKM,RG,3980,1,D,XC,ZP,F
15:00:00,TLKM,RG,3980,1,D,XC,ZP,F
15:00:00,TLKM,RG,3980,1,D,XC,ZP,F
15:00:00,TLKM,RG,3980,7,D,XC,ZP,F
15:00:00,TLKM,RG,3980,1,D,CC,ZP,F
15:00:00,TLKM,RG,3980,1,D,XL,ZP,F
15:00:00,TLKM,RG,3980,15,D,XC,ZP,F
15:00:00,TLKM,RG,3980,1,D,YP,ZP,F
15:00:00,TLKM,RG,3980,1,D,XC,ZP,F
15:00:00,TLKM,RG,3980,1,D,XC,ZP,F
15:00:00,TLKM,RG,3980,3,D,XL,ZP,F
15:00:00,TLKM,RG,3980,1,D,XC,ZP,F
15:00:00,TLKM,RG,3980,1,D,XC,ZP,F
15:00:00,TLKM,RG,3980,1,D,CC,ZP,F
15:00:00,TLKM,RG,3980,1,D,CC,ZP,F
15:00:00,TLKM,RG,3980,12,D,XC,ZP,F
15:00:00,TLKM,RG,3980,2,D,XC,ZP,F
15:00:00,TLKM,RG,3980,5,D,XC,ZP,F
15:00:00,TLKM,RG,3980,127,D,CC,ZP,F
15:00:00,TLKM,RG,3980,1,D,XC,ZP,F
15:00:00,TLKM,RG,3980,2,D,XC,ZP,F
15:00:00,TLKM,RG,3980,3,D,YP,ZP,F
15:00:00,TLKM,RG,3980,1,D,XC,ZP,F
15:00:00,TLKM,RG,3980,200,D,YP,ZP,F
15:00:00,TLKM,RG,3980,57,D,XL,ZP,F
15:00:00,TLKM,RG,3980,1,D,YP,ZP,F
15:00:00,TLKM,RG,3980,10,D,YP,ZP,F
15:00:00,TLKM,RG,3980,2,D,YP,ZP,F
15:00:00,TLKM,RG,3980,14,D,XL,ZP,F
15:00:00,TLKM,RG,3980,10,D,OD,ZP,F
15:00:00,TLKM,RG,3980,57,D,YP,ZP,F
15:00:00,TLKM,RG,3980,1,D,CC,ZP,F
15:00:00,TLKM,RG,3980,40,D,CC,ZP,F
15:00:00,TLKM,RG,3980,2,D,XL,ZP,F
15:00:00,TLKM,RG,3980,3,D,OD,ZP,F
15:00:00,TLKM,RG,3980,21,D,OD,ZP,F
15:00:00,TLKM,RG,3980,1,D,CC,ZP,F
15:00:00,TLKM,RG,3980,5,D,YP,ZP,F
15:00:00,TLKM,RG,3980,1,D,PD,ZP,F
15:00:00,TLKM,RG,3980,1,D,PD,ZP,F
15:00:00,TLKM,RG,3980,132,D,PD,ZP,F
15:00:00,TLKM,RG,3980,1724,D,PD,ZP,F
15:00:00,TLKM,RG,3980,1,D,PD,ZP,F
15:00:00,TLKM,RG,3980,1,D,CC,ZP,F
15:00:00,TLKM,RG,3980,1,D,PD,ZP,F
15:00:00,TLKM,RG,3980,1,D,PD,ZP,F
15:00:00,TLKM,RG,3980,6,D,PD,ZP,F
15:00:00,TLKM,RG,3980,1,D,PD,ZP,F
15:00:00,TLKM,RG,3980,100,D,YP,ZP,F
15:00:00,TLKM,RG,3980,2,D,PD,ZP,F
15:00:00,TLKM,RG,3980,10,D,LG,ZP,F
15:00:00,TLKM,RG,3980,2,D,YP,ZP,F
15:00:00,TLKM,RG,3980,15,D,PD,ZP,F
15:00:00,TLKM,RG,3980,2,D,PD,ZP,F
15:00:00,TLKM,RG,3980,1,D,PD,ZP,F
15:00:00,TLKM,RG,3980,1,D,PD,ZP,F
15:00:00,TLKM,RG,3980,2,D,PD,ZP,F
15:00:00,TLKM,RG,3980,1,D,YP,ZP,F
15:00:00,TLKM,RG,3980,1,D,XL,ZP,F
15:00:00,TLKM,RG,3980,1,D,LG,ZP,F
15:00:00,TLKM,RG,3980,1,D,PD,ZP,F
15:00:00,TLKM,RG,3980,1,D,PD,ZP,F
15:00:00,TLKM,RG,3980,4,D,PD,ZP,F
15:00:00,TLKM,RG,3980,2,D,PD,ZP,F
15:00:00,TLKM,RG,3980,1,D,PD,ZP,F
15:00:00,TLKM,RG,3980,6,D,PD,ZP,F
15:00:00,TLKM,RG,3980,5,D,PD,ZP,F
15:00:00,TLKM,RG,3980,3,D,PD,ZP,F
15:00:00,TLKM,RG,3980,2,D,PD,ZP,F
15:00:00,TLKM,RG,3980,1,D,PD,ZP,F
15:00:00,TLKM,RG,3980,1,D,PD,ZP,F
15:00:00,TLKM,RG,3980,2,D,PD,ZP,F
15:00:00,TLKM,RG,3980,1,D,PD,ZP,F
15:00:00,TLKM,RG,3980,13,D,PD,ZP,F
15:00:00,TLKM,RG,3980,1,D,PD,ZP,F
15:00:00,TLKM,RG,3980,10,D,KK,ZP,F
15:00:00,TLKM,RG,3980,2,D,PD,ZP,F
15:00:00,TLKM,RG,3980,200,D,SQ,ZP,F
15:00:00,TLKM,RG,3980,10,D,SQ,ZP,F
15:00:00,TLKM,RG,3980,10,D,SQ,ZP,F
15:00:00,TLKM,RG,3980,1,D,PD,ZP,F
15:00:00,TLKM,RG,3980,1,D,KK,ZP,F
15:00:00,TLKM,RG,3980,3,D,PD,ZP,F
15:00:00,TLKM,RG,3980,3,D,KK,ZP,F
15:00:00,TLKM,RG,3980,2,D,SQ,ZP,F
15:00:00,TLKM,RG,3980,3,D,SQ,ZP,F
15:00:00,TLKM,RG,3980,1,D,KK,ZP,F
15:00:00,TLKM,RG,3980,2,D,PD,ZP,F
15:00:00,TLKM,RG,3980,2,D,SQ,ZP,F
15:00:00,TLKM,RG,3980,100,D,CC,ZP,F
15:00:00,TLKM,RG,3980,5,D,DH,ZP,F
15:00:00,TLKM,RG,3980,50,D,GR,ZP,F
15:00:00,TLKM,RG,3980,5,D,GR,ZP,F
