Time,Stock,Brd,Price,Qty,BT,BC,SC,ST
15:14:58,TLKM,RG,4550,1,D,XC,IF,D
15:14:58,TLKM,RG,4550,4,D,EP,IF,D
15:14:48,TLKM,RG,4550,1,D,XC,IF,D
15:14:46,TLKM,RG,4550,12,D,EP,IF,D
15:14:43,TLKM,RG,4550,65,D,YP,IF,D
15:14:35,TLKM,RG,4550,2,D,SQ,IF,D
15:14:31,TLKM,RG,4550,2,D,XC,IF,D
15:14:22,TLKM,RG,4550,25,D,EP,IF,D
15:14:05,TLKM,RG,4550,20,D,LG,IF,D
15:13:39,TLKM,RG,4550,10,D,PD,IF,D
15:13:05,TLKM,RG,4550,1,D,XC,IF,D
15:12:54,TLKM,RG,4550,1,D,YP,IF,D
15:12:07,TLKM,RG,4550,2,D,PD,IF,D
15:12:06,TLKM,RG,4550,3,D,NI,IF,D
15:11:57,TLKM,RG,4550,10,D,CC,IF,D
15:11:27,TLKM,RG,4550,5,D,SQ,IF,D
15:10:18,TLKM,RG,4550,80,D,XC,IF,D
15:09:32,TLKM,RG,4550,1,D,NI,IF,D
15:09:24,TLKM,RG,4550,10,D,SQ,IF,D
15:09:02,TLKM,RG,4550,1,D,OD,IF,D
15:08:30,TLKM,RG,4550,11,D,XL,IF,D
15:08:26,TLKM,RG,4550,10,D,LG,IF,D
15:08:08,TLKM,RG,4550,1,D,NI,IF,D
15:07:55,TLKM,RG,4550,1,D,XL,IF,D
15:07:52,TLKM,RG,4550,20,D,XC,IF,D
15:07:50,TLKM,RG,4550,86,D,EP,IF,D
15:07:45,TLKM,RG,4550,5,D,PD,IF,D
15:06:51,TLKM,RG,4550,1,D,XL,IF,D
15:06:40,TLKM,RG,4550,50,D,XC,IF,D
15:06:39,TLKM,RG,4550,1,D,XL,IF,D
15:05:30,TLKM,RG,4550,10,D,AF,IF,D
15:05:18,TLKM,RG,4550,5,D,OD,IF,D
15:05:18,TLKM,RG,4550,1,D,KK,IF,D
15:05:10,TLKM,RG,4550,5,D,PD,IF,D
15:04:59,TLKM,RG,4550,3,D,YP,IF,D
15:04:58,TLKM,RG,4550,10,D,CC,IF,D
15:04:30,TLKM,RG,4550,2,D,XC,IF,D
15:04:13,TLKM,RG,4550,10,D,XC,IF,D
15:03:41,TLKM,RG,4550,169,D,CC,IF,D
15:03:35,TLKM,RG,4550,5,D,XL,IF,D
15:03:28,TLKM,RG,4550,1,D,PD,IF,D
15:03:17,TLKM,RG,4550,1,D,YP,IF,D
15:02:50,TLKM,RG,4550,1,D,CC,IF,D
15:02:49,TLKM,RG,4550,20,D,YP,IF,D
15:02:47,TLKM,RG,4550,1,D,XA,IF,D
15:02:24,TLKM,RG,4550,4,D,SQ,IF,D
15:02:23,TLKM,RG,4550,1,D,XC,IF,D
15:02:04,TLKM,RG,4550,3,D,PD,IF,D
15:01:52,TLKM,RG,4550,51,D,CP,IF,D
15:01:45,TLKM,RG,4550,10,D,EP,IF,D
15:01:42,TLKM,RG,4550,1,D,XC,IF,D
15:01:37,TLKM,RG,4550,2,D,PD,IF,D
15:00:00,TLKM,RG,4550,10,D,KK,IF,D
15:00:00,TLKM,RG,4550,2432,F,CS,IF,D
15:00:00,TLKM,RG,4550,2,D,CC,IF,D
15:00:00,TLKM,RG,4550,2,D,PD,IF,D
15:00:00,TLKM,RG,4550,600,D,MK,IF,D
15:00:00,TLKM,RG,4550,1,F,BB,IF,D
15:00:00,TLKM,RG,4550,4,F,BB,IF,D
15:00:00,TLKM,RG,4550,32,F,BB,IF,D
15:00:00,TLKM,RG,4550,321,F,BB,IF,D
15:00:00,TLKM,RG,4550,3214,F,BB,IF,D
15:00:00,TLKM,RG,4550,3,F,BB,IF,D
15:00:00,TLKM,RG,4550,29,F,BB,IF,D
15:00:00,TLKM,RG,4550,283,F,BB,IF,D
15:00:00,TLKM,RG,4550,679,D,TP,IF,D
15:00:00,TLKM,RG,4550,5222,F,BB,IF,D
15:00:00,TLKM,RG,4550,4205,F,BB,AK,F
15:00:00,TLKM,RG,4550,3903,F,BB,AK,F
15:00:00,TLKM,RG,4550,10,D,PD,AK,F
15:00:00,TLKM,RG,4550,1,D,CC,AK,F
15:00:00,TLKM,RG,4550,6,F,ZP,AK,F
15:00:00,TLKM,RG,4550,73,F,ZP,AK,F
15:00:00,TLKM,RG,4550,45,F,ZP,AK,F
15:00:00,TLKM,RG,4550,8959,F,ZP,AK,F
15:00:00,TLKM,RG,4550,1963,F,KZ,AK,F
15:00:00,TLKM,RG,4550,4554,F,KZ,AK,F
15:00:00,TLKM,RG,4550,1,F,KZ,XC,D
15:00:00,TLKM,RG,4550,989,F,KZ,CS,F
15:00:00,TLKM,RG,4550,700,F,KZ,YJ,D
15:00:00,TLKM,RG,4550,2,F,KZ,SQ,D
15:00:00,TLKM,RG,4550,10,F,KZ,YP,D
15:00:00,TLKM,RG,4550,111,F,KZ,YP,D
15:00:00,TLKM,RG,4550,7200,F,KZ,CC,D
15:00:00,TLKM,RG,4550,10,F,KZ,PD,D
15:00:00,TLKM,RG,4550,5,F,KZ,YP,D
15:00:00,TLKM,RG,4550,50,F,KZ,XC,D
15:00:00,TLKM,RG,4550,150,F,KZ,YU,D
15:00:00,TLKM,RG,4550,2,F,KZ,NI,D
15:00:00,TLKM,RG,4550,11,F,KZ,PD,D
15:00:00,TLKM,RG,4550,189,F,KZ,YP,D
15:00:00,TLKM,RG,4550,2811,F,ZP,YP,D
15:00:00,TLKM,RG,4550,9,F,ZP,PD,D
15:00:00,TLKM,RG,4550,1,F,ZP,CC,D
15:00:00,TLKM,RG,4550,1,F,ZP,PD,D
15:00:00,TLKM,RG,4550,23,F,ZP,XC,D
15:00:00,TLKM,RG,4550,140,F,ZP,CC,D
15:00:00,TLKM,RG,4550,15,F,ZP,HP,D
15:00:00,TLKM,RG,4550,50,F,ZP,CP,D
15:00:00,TLKM,RG,4550,25,F,ZP,CC,D
15:00:00,TLKM,RG,4550,20,F,ZP,PD,D
15:00:00,TLKM,RG,4550,5,F,ZP,YU,D
15:00:00,TLKM,RG,4550,3,F,ZP,XC,D
15:00:00,TLKM,RG,4550,10,F,ZP,KK,D
15:00:00,TLKM,RG,4550,1,F,ZP,LG,D
15:00:00,TLKM,RG,4550,5,F,ZP,GR,D
15:00:00,TLKM,RG,4550,2046,F,ZP,LG,D
15:00:00,TLKM,RG,4550,954,F,ZP,LG,D
15:00:00,TLKM,RG,4550,1,F,ZP,XC,D
15:00:00,TLKM,RG,4550,2,F,ZP,EP,D
15:00:00,TLKM,RG,4550,1,F,ZP,CC,D
15:00:00,TLKM,RG,4550,1,F,ZP,XC,D
15:00:00,TLKM,RG,4550,51,F,ZP,YP,D
15:00:00,TLKM,RG,4550,12,F,ZP,XC,D
15:00:00,TLKM,RG,4550,3,F,ZP,XC,D
15:00:00,TLKM,RG,4550,20,F,ZP,AN,D
15:00:00,TLKM,RG,4550,3,F,ZP,XC,D
15:00:00,TLKM,RG,4550,500,F,ZP,MG,D
15:00:00,TLKM,RG,4550,627,F,ZP,DR,D
15:00:00,TLKM,RG,4550,373,F,AK,DR,D
15:00:00,TLKM,RG,4550,2,F,AK,DH,D
15:00:00,TLKM,RG,4550,2,F,AK,BQ,D
15:00:00,TLKM,RG,4550,280,F,AK,YP,D
15:00:00,TLKM,RG,4550,4,F,AK,YU,D
15:00:00,TLKM,RG,4550,66,F,AK,YP,D
15:00:00,TLKM,RG,4550,2972,F,AK,ZP,D
15:00:00,TLKM,RG,4550,3075,F,BK,ZP,D
15:00:00,TLKM,RG,4550,2,F,BK,YP,D
15:00:00,TLKM,RG,4550,10,F,BK,AT,D
15:00:00,TLKM,RG,4550,2130,F,BK,BK,F
15:00:00,TLKM,RG,4550,16,F,BK,BK,F
15:00:00,TLKM,RG,4550,239,F,BK,BK,F
15:00:00,TLKM,RG,4550,154,F,BK,BK,F
15:00:00,TLKM,RG,4550,29,F,BK,BK,F
15:00:00,TLKM,RG,4550,1129,F,KZ,BK,F
15:00:00,TLKM,RG,4550,167,F,ZP,BK,F
15:00:00,TLKM,RG,4550,17,F,CS,BK,F
15:00:00,TLKM,RG,4550,5486,F,CS,BK,F
15:00:00,TLKM,RG,4550,2066,F,YU,BK,F
15:00:00,TLKM,RG,4550,5416,F,DX,BK,F
15:00:00,TLKM,RG,4550,252,F,ZP,BK,F
15:00:00,TLKM,RG,4550,281,F,YU,BK,F
15:00:00,TLKM,RG,4550,2965,F,AK,BK,F
15:00:00,TLKM,RG,4550,1345,F,AK,BK,F
15:00:00,TLKM,RG,4550,869,F,ZP,BK,F
15:00:00,TLKM,RG,4550,868,F,AK,BK,F
15:00:00,TLKM,RG,4550,849,F,AK,BK,F
15:00:00,TLKM,RG,4550,10649,F,AK,BK,F
15:00:00,TLKM,RG,4550,1280,F,AK,KZ,F
15:00:00,TLKM,RG,4550,1949,F,AK,KZ,F
15:00:00,TLKM,RG,4550,4000,F,AK,CS,F
15:00:00,TLKM,RG,4550,25,F,AK,CS,F
15:00:00,TLKM,RG,4550,413,F,AK,AK,F
15:00:00,TLKM,RG,4550,4,F,AK,AK,F
15:00:00,TLKM,RG,4550,3458,F,AK,AK,F
15:00:00,TLKM,RG,4550,1040,F,AK,AK,F
15:00:00,TLKM,RG,4550,1145,F,AK,AK,F
15:00:00,TLKM,RG,4550,1,F,AK,AK,F
15:00:00,TLKM,RG,4550,141,F,AK,AK,F
15:00:00,TLKM,RG,4550,84,F,AK,AK,F
15:00:00,TLKM,RG,4550,2426,F,AK,AK,F
15:00:00,TLKM,RG,4550,2673,F,AK,AK,F
15:00:00,TLKM,RG,4550,678,F,AK,RX,F
15:00:00,TLKM,RG,4550,9290,F,AK,RX,D
15:00:00,TLKM,RG,4550,77,D,BB,RX,D
15:00:00,TLKM,RG,4550,778,F,YU,RX,D
15:00:00,TLKM,RG,4550,40,F,FS,RX,D
15:00:00,TLKM,RG,4550,814,D,PD,RX,D
15:00:00,TLKM,RG,4550,1412,D,PD,ZP,F
15:00:00,TLKM,RG,4550,1914,D,PD,ZP,F
15:00:00,TLKM,RG,4550,1446,D,PD,ZP,F
15:00:00,TLKM,RG,4550,2230,D,ZP,ZP,F
15:00:00,TLKM,RG,4550,382,D,LG,ZP,F
15:00:00,TLKM,RG,4550,1300,D,PD,ZP,F
15:00:00,TLKM,RG,4550,3229,F,PD,ZP,F
15:00:00,TLKM,RG,4550,670,F,PD,YU,F
15:00:00,TLKM,RG,4550,670,F,PD,YU,F
15:00:00,TLKM,RG,4550,670,F,PD,YU,F
15:00:00,TLKM,RG,4550,217,F,PD,ZP,D
15:00:00,TLKM,RG,4550,171,F,PD,YU,F
15:00:00,TLKM,RG,4550,5,F,PD,LG,D
15:00:00,TLKM,RG,4550,368,F,PD,YU,D
14:49:59,TLKM,RG,4530,1,D,IF,OD,D
14:49:59,TLKM,RG,4530,2,D,IF,AK,F
14:49:59,TLKM,RG,4530,2,D,IF,AK,F
14:49:59,TLKM,RG,4540,48,F,DX,RX,D
14:49:58,TLKM,RG,4540,1,F,AK,RX,D
14:49:58,TLKM,RG,4540,1,F,AK,RX,D
14:49:58,TLKM,RG,4530,2,D,IF,AK,F
14:49:58,TLKM,RG,4540,1,F,AK,RX,D
14:49:58,TLKM,RG,4540,1,F,AK,RX,D
14:49:58,TLKM,RG,4540,1,F,AK,RX,D
14:49:58,TLKM,RG,4530,2,D,IF,AK,F
14:49:58,TLKM,RG,4530,1,D,IF,AK,F
14:49:58,TLKM,RG,4540,1,F,AK,RX,D
14:49:58,TLKM,RG,4530,1,D,IF,AK,F
14:49:58,TLKM,RG,4540,1,F,AK,RX,D
14:49:57,TLKM,RG,4530,1,D,IF,AK,F
14:49:57,TLKM,RG,4530,2,D,IF,AK,F
14:49:56,TLKM,RG,4540,2,D,XC,RX,D
14:49:54,TLKM,RG,4530,37,D,IF,AK,F
14:49:53,TLKM,RG,4530,6,D,IF,AK,F
14:49:52,TLKM,RG,4540,1,D,XC,RX,D
14:49:49,TLKM,RG,4530,34,D,IF,AK,F
14:49:49,TLKM,RG,4530,4,D,IF,AK,F
14:49:48,TLKM,RG,4530,3,D,IF,PD,D
14:49:46,TLKM,RG,4530,19,D,IF,AK,F
14:49:46,TLKM,RG,4530,1,D,IF,AK,F
14:49:46,TLKM,RG,4530,2,D,IF,AK,F
14:49:45,TLKM,RG,4530,10,D,IF,AK,F
14:49:45,TLKM,RG,4530,11,D,IF,AK,F
14:49:44,TLKM,RG,4540,21,F,AK,RX,D
14:49:44,TLKM,RG,4540,4,F,AK,RX,D
14:49:43,TLKM,RG,4530,6,D,IF,AK,F
14:49:43,TLKM,RG,4530,7,D,IF,AK,F
14:49:43,TLKM,RG,4540,2,F,AK,RX,D
14:49:43,TLKM,RG,4540,13,F,AK,RX,D
14:49:43,TLKM,RG,4540,2,F,AK,RX,D
14:49:42,TLKM,RG,4540,1,D,XC,RX,D
14:49:42,TLKM,RG,4540,1,F,AK,RX,D
14:49:42,TLKM,RG,4540,10,D,PD,RX,D
14:49:41,TLKM,RG,4540,2,D,XC,RX,D
14:49:35,TLKM,RG,4540,5,D,MG,RX,D
14:49:35,TLKM,RG,4540,1,D,XC,RX,D
14:49:33,TLKM,RG,4540,43,D,EP,RX,D
14:49:31,TLKM,RG,4530,2,D,IF,AK,F
14:49:31,TLKM,RG,4530,1,D,IF,AK,F
14:49:30,TLKM,RG,4530,59,D,IF,AK,F
14:49:30,TLKM,RG,4530,18,D,IF,AK,F
14:49:30,TLKM,RG,4530,39,D,IF,AK,F
14:49:30,TLKM,RG,4530,3,D,EP,AK,F
14:49:30,TLKM,RG,4530,1,D,PD,AK,F
14:49:30,TLKM,RG,4530,1,D,EP,AK,F
14:49:30,TLKM,RG,4530,11,D,YP,AK,F
14:49:30,TLKM,RG,4530,8,D,DH,AK,F
14:49:30,TLKM,RG,4530,2,D,EP,AK,F
14:49:30,TLKM,RG,4530,2,D,YP,AK,F
14:49:30,TLKM,RG,4530,1,D,XC,AK,F
14:49:30,TLKM,RG,4530,1,D,NI,AK,F
14:49:30,TLKM,RG,4530,1,D,YP,AK,F
14:49:30,TLKM,RG,4530,15,D,PD,AK,F
14:49:30,TLKM,RG,4540,41,F,ZP,RX,D
14:49:30,TLKM,RG,4540,13,F,AK,RX,D
14:49:30,TLKM,RG,4540,7,F,AK,RX,D
14:49:30,TLKM,RG,4540,7,F,AK,RX,D
14:49:30,TLKM,RG,4540,4,F,AK,RX,D
14:49:30,TLKM,RG,4530,50,D,PD,PD,D
14:49:29,TLKM,RG,4540,1,F,BK,RX,D
14:49:28,TLKM,RG,4540,79,F,AK,RX,D
14:49:27,TLKM,RG,4530,1,D,PD,AK,F
14:49:27,TLKM,RG,4540,49,F,BK,RX,D
14:49:19,TLKM,RG,4530,34,D,PD,ZP,F
14:49:19,TLKM,RG,4530,30,D,YB,ZP,F
14:49:19,TLKM,RG,4530,500,D,YB,ZP,F
14:49:19,TLKM,RG,4530,4,D,PD,ZP,F
14:49:19,TLKM,RG,4530,5,D,SQ,ZP,F
14:49:19,TLKM,RG,4530,100,D,PD,ZP,F
14:49:19,TLKM,RG,4530,10,F,XA,ZP,F
14:49:19,TLKM,RG,4530,1,D,NI,ZP,F
14:49:19,TLKM,RG,4530,2,D,XA,ZP,F
14:49:19,TLKM,RG,4530,1,D,XC,ZP,F
14:49:19,TLKM,RG,4530,2,D,PD,ZP,F
14:49:19,TLKM,RG,4530,10,D,PD,ZP,F
14:49:19,TLKM,RG,4530,109,D,GR,ZP,F
14:49:16,TLKM,RG,4540,5,D,XC,RX,D
14:49:16,TLKM,RG,4540,10,D,OD,RX,D
14:49:14,TLKM,RG,4530,1,D,GR,ZP,F
14:49:11,TLKM,RG,4540,63,F,AK,RX,D
14:49:06,TLKM,RG,4530,196,D,GR,ZP,F
14:49:06,TLKM,RG,4530,1,D,GR,ZP,F
14:49:04,TLKM,RG,4540,52,F,BK,RX,D
14:49:04,TLKM,RG,4540,4,D,YU,RX,D
14:49:01,TLKM,RG,4540,78,F,BK,RX,D
14:49:01,TLKM,RG,4540,53,F,BK,RX,D
14:49:01,TLKM,RG,4530,4,D,GR,AK,F
14:49:01,TLKM,RG,4530,1,D,GR,AK,F
14:49:00,TLKM,RG,4530,2,D,GR,AK,D
14:49:00,TLKM,RG,4530,2,D,GR,AK,D
14:49:00,TLKM,RG,4530,1,D,GR,AK,D
14:49:00,TLKM,RG,4530,1,D,GR,AK,D
14:49:00,TLKM,RG,4540,260,D,AK,RX,D
14:49:00,TLKM,RG,4540,139,D,AK,RX,D
14:49:00,TLKM,RG,4540,78,D,AK,RX,D
14:49:00,TLKM,RG,4540,34,D,AK,RX,D
14:49:00,TLKM,RG,4540,2,D,AK,RX,D
14:49:00,TLKM,RG,4540,2,D,AK,RX,D
14:49:00,TLKM,RG,4530,10,D,GR,AK,D
14:49:00,TLKM,RG,4530,1,D,GR,AK,D
14:49:00,TLKM,RG,4540,37,D,AK,RX,D
14:49:00,TLKM,RG,4540,11,D,AK,RX,D
14:48:59,TLKM,RG,4530,3,D,GR,AK,F
14:48:59,TLKM,RG,4530,52,D,GR,AK,F
14:48:59,TLKM,RG,4530,2,D,GR,AK,F
14:48:59,TLKM,RG,4530,1,D,GR,AK,F
14:48:59,TLKM,RG,4530,1,D,GR,AK,F
14:48:51,TLKM,RG,4530,12,D,GR,ZP,F
14:48:51,TLKM,RG,4530,4,D,YP,ZP,F
14:48:51,TLKM,RG,4530,9,D,YP,ZP,F
14:48:51,TLKM,RG,4530,1,D,XL,ZP,F
14:48:51,TLKM,RG,4530,1,D,SQ,ZP,F
14:48:51,TLKM,RG,4530,5,D,PD,ZP,F
14:48:51,TLKM,RG,4530,4,D,YP,ZP,F
14:48:51,TLKM,RG,4530,5,D,CP,ZP,F
14:48:51,TLKM,RG,4530,64,F,BB,ZP,F
14:48:51,TLKM,RG,4530,1,F,BB,ZP,F
14:48:43,TLKM,RG,4530,98,F,BB,ZP,F
14:48:43,TLKM,RG,4530,1,F,BB,ZP,F
14:48:37,TLKM,RG,4540,3,D,EP,RX,D
14:48:37,TLKM,RG,4540,63,F,AK,RX,D
14:48:36,TLKM,RG,4530,92,F,BB,ZP,F
14:48:35,TLKM,RG,4540,3,D,PD,RX,D
14:48:30,TLKM,RG,4530,39,F,BB,AK,F
14:48:30,TLKM,RG,4530,2,D,YP,AK,F
14:48:30,TLKM,RG,4530,19,F,BB,AK,F
14:48:30,TLKM,RG,4530,5,F,BB,AK,F
14:48:30,TLKM,RG,4530,72,F,BB,ZP,F
14:48:29,TLKM,RG,4540,25,F,YU,ZP,F
14:48:29,TLKM,RG,4540,1,F,YU,ZP,F
14:48:29,TLKM,RG,4540,67,F,YU,YP,D
14:48:29,TLKM,RG,4540,2,F,ZP,YP,D
14:48:29,TLKM,RG,4540,57,D,YU,YP,D
14:48:25,TLKM,RG,4540,10,D,YU,XL,D
14:48:22,TLKM,RG,4540,69,D,YU,ZP,F
14:48:22,TLKM,RG,4540,1,D,YU,ZP,F
14:48:22,TLKM,RG,4540,13,D,YU,KK,D
14:48:17,TLKM,RG,4540,1,F,AK,AK,D
14:48:17,TLKM,RG,4540,7,F,AK,AK,D
14:48:17,TLKM,RG,4540,1,F,AK,XC,D
14:48:17,TLKM,RG,4540,1,F,AK,XC,D
14:48:17,TLKM,RG,4540,25,F,AK,CC,D
14:48:17,TLKM,RG,4540,1,F,AK,AK,D
14:48:17,TLKM,RG,4540,116,F,AK,ZP,F
14:48:16,TLKM,RG,4530,45,F,BB,AK,F
14:48:15,TLKM,RG,4530,38,F,BB,AK,F
14:48:15,TLKM,RG,4540,3,D,YP,ZP,F
14:48:12,TLKM,RG,4540,1,D,PD,ZP,F
14:48:11,TLKM,RG,4540,1,D,XL,ZP,F
14:48:11,TLKM,RG,4540,4,D,XL,AK,D
14:48:11,TLKM,RG,4540,1,D,XL,AK,D
14:48:11,TLKM,RG,4540,1,D,XL,AK,D
14:48:11,TLKM,RG,4530,1,F,BB,BB,D
14:48:09,TLKM,RG,4540,1,D,XL,AK,D
14:48:09,TLKM,RG,4530,35,F,BB,ZP,F
14:48:09,TLKM,RG,4530,3,D,CC,ZP,F
14:48:09,TLKM,RG,4530,1,D,PD,ZP,F
14:48:09,TLKM,RG,4530,2,D,YP,ZP,F
14:48:09,TLKM,RG,4530,10,D,YP,ZP,F
14:48:09,TLKM,RG,4530,59,D,YB,ZP,F
14:48:06,TLKM,RG,4540,1,D,YP,AK,D
14:48:04,TLKM,RG,4540,2,D,XC,AK,D
14:48:04,TLKM,RG,4530,41,D,YB,KZ,F
14:48:04,TLKM,RG,4530,5,D,PD,KZ,F
14:48:04,TLKM,RG,4530,1,D,PD,KZ,F
14:48:04,TLKM,RG,4530,1,D,PD,KZ,F
14:48:04,TLKM,RG,4530,12,D,YP,KZ,F
14:48:04,TLKM,RG,4530,2,D,CC,KZ,F
14:48:04,TLKM,RG,4530,12,D,SQ,KZ,F
14:48:04,TLKM,RG,4530,2,D,PD,KZ,F
14:48:04,TLKM,RG,4530,3,D,PD,KZ,F
14:48:04,TLKM,RG,4530,20,D,AI,KZ,F
14:48:04,TLKM,RG,4530,5,D,YP,KZ,F
14:48:04,TLKM,RG,4530,32,D,RF,KZ,F
14:48:02,TLKM,RG,4540,44,D,IF,KZ,F
14:48:02,TLKM,RG,4540,6,D,IF,XC,D
14:48:00,TLKM,RG,4530,410,D,RF,ZP,F
14:48:00,TLKM,RG,4530,58,D,RF,ZP,F
14:48:00,TLKM,RG,4530,2,D,PD,ZP,F
14:48:00,TLKM,RG,4530,1,D,YP,ZP,F
14:48:00,TLKM,RG,4530,5,D,SQ,ZP,F
14:48:00,TLKM,RG,4530,1,D,SQ,ZP,F
14:47:58,TLKM,RG,4540,10,D,NI,XC,D
14:47:57,TLKM,RG,4540,10,D,YP,XC,D
14:47:48,TLKM,RG,4540,10,D,NI,XC,D
14:47:45,TLKM,RG,4540,31,D,IF,XC,D
14:47:45,TLKM,RG,4540,19,D,IF,CD,D
14:47:45,TLKM,RG,4530,9,D,SQ,AK,F
14:47:45,TLKM,RG,4530,18,D,PD,AK,F
14:47:44,TLKM,RG,4530,2,D,PD,AK,F
14:47:44,TLKM,RG,4530,8,D,PD,AK,F
14:47:43,TLKM,RG,4540,5,D,YP,CD,D
14:47:43,TLKM,RG,4540,1,D,XC,CD,D
14:47:35,TLKM,RG,4540,1,D,DR,PD,D
14:47:35,TLKM,RG,4540,4,D,EP,PD,D
14:47:35,TLKM,RG,4540,3,D,AK,PD,D
14:47:35,TLKM,RG,4540,2,D,IF,PD,D
14:47:31,TLKM,RG,4540,21,D,IF,AK,F
14:47:31,TLKM,RG,4540,11,D,IF,AK,F
14:47:30,TLKM,RG,4540,16,D,IF,AK,F
14:47:30,TLKM,RG,4540,2,F,ZP,KZ,F
14:47:30,TLKM,RG,4540,87,D,EP,KZ,F
14:47:30,TLKM,RG,4540,14,F,YU,KZ,F
14:47:30,TLKM,RG,4540,3,D,YP,KZ,F
14:47:30,TLKM,RG,4540,1,D,CC,KZ,F
14:47:30,TLKM,RG,4540,9,F,ZP,KZ,F
14:47:30,TLKM,RG,4540,85,F,AK,KZ,F
14:47:30,TLKM,RG,4540,120,D,YJ,KZ,F
14:47:25,TLKM,RG,4540,50,D,YJ,KZ,F
14:47:25,TLKM,RG,4540,8,D,YJ,AK,D
14:47:25,TLKM,RG,4540,9,D,YJ,AK,D
14:47:25,TLKM,RG,4540,13,D,YJ,AK,D
14:47:21,TLKM,RG,4540,12,D,YP,AK,D
14:47:21,TLKM,RG,4540,2,D,GR,AK,D
14:47:20,TLKM,RG,4540,20,D,PD,AK,D
14:47:20,TLKM,RG,4540,80,D,PD,ZP,F
14:47:16,TLKM,RG,4540,1,D,YP,ZP,F
14:47:15,TLKM,RG,4530,12,D,PD,AK,D
14:47:15,TLKM,RG,4530,5,D,SQ,AK,D
14:47:15,TLKM,RG,4530,1,D,PD,AK,D
14:47:15,TLKM,RG,4530,4,D,PD,AK,D
14:47:15,TLKM,RG,4530,1,D,PD,AK,D
14:47:15,TLKM,RG,4530,10,D,SQ,AK,D
14:47:15,TLKM,RG,4530,1,D,PD,AK,D
14:47:15,TLKM,RG,4530,1,D,CP,AK,D
14:47:15,TLKM,RG,4530,14,D,TP,AK,D
14:47:15,TLKM,RG,4530,1,D,TP,AK,D
14:47:15,TLKM,RG,4530,1,D,TP,AK,F
14:47:15,TLKM,RG,4530,7,D,TP,AK,D
14:47:15,TLKM,RG,4540,85,F,AK,ZP,F
14:47:15,TLKM,RG,4540,154,D,KK,ZP,F
14:47:15,TLKM,RG,4540,96,D,KK,CS,F
14:47:15,TLKM,RG,4540,500,D,YJ,CS,F
14:47:14,TLKM,RG,4540,2,F,ZP,CS,F
14:47:14,TLKM,RG,4540,4,D,DR,CS,F
14:47:14,TLKM,RG,4540,1,D,XC,CS,F
14:47:14,TLKM,RG,4540,1000,F,PD,CS,F
14:47:14,TLKM,RG,4540,45,D,EP,CS,F
14:47:14,TLKM,RG,4540,5,F,ZP,CS,F
14:47:14,TLKM,RG,4540,1,D,KK,CS,F
14:47:14,TLKM,RG,4540,3,D,AK,CS,F
14:47:14,TLKM,RG,4540,25,D,ZP,CS,F
14:47:14,TLKM,RG,4540,2,F,ZP,CS,F
14:47:14,TLKM,RG,4540,5,F,ZP,CS,F
14:47:14,TLKM,RG,4540,8,D,XL,CS,F
14:47:14,TLKM,RG,4540,1,D,YP,CS,F
14:47:14,TLKM,RG,4540,5,D,CC,CS,F
14:47:14,TLKM,RG,4540,21,F,YU,CS,F
14:47:14,TLKM,RG,4540,1,D,XL,CS,F
14:47:14,TLKM,RG,4540,6,F,ZP,CS,F
14:47:14,TLKM,RG,4540,2,D,AG,CS,F
14:47:14,TLKM,RG,4540,3,F,ZP,CS,F
14:47:14,TLKM,RG,4540,3,F,ZP,CS,F
14:47:14,TLKM,RG,4540,4,D,AK,CS,F
14:47:14,TLKM,RG,4540,37,F,AK,CS,F
14:47:14,TLKM,RG,4540,20,F,AK,CS,F
14:47:14,TLKM,RG,4540,99,F,AK,CS,F
14:47:14,TLKM,RG,4540,6,F,ZP,CS,F
14:47:14,TLKM,RG,4540,29,F,YU,CS,F
14:47:14,TLKM,RG,4540,66,F,BK,CS,F
14:47:00,TLKM,RG,4540,225,F,BK,AK,F
14:47:00,TLKM,RG,4540,286,F,CS,AK,F
14:47:00,TLKM,RG,4540,563,F,CS,AK,F
14:46:58,TLKM,RG,4540,1,F,CS,DR,D
14:46:56,TLKM,RG,4540,3,F,CS,AK,D
14:46:56,TLKM,RG,4540,100,F,CS,CC,D
14:46:54,TLKM,RG,4540,40,F,CS,ZP,F
14:46:49,TLKM,RG,4540,817,F,CS,LG,D
14:46:49,TLKM,RG,4540,2,F,CS,LG,D
14:46:49,TLKM,RG,4540,379,F,CS,LG,D
14:46:49,TLKM,RG,4540,1,F,CS,LG,D
14:46:48,TLKM,RG,4540,13,F,CS,AK,D
14:46:46,TLKM,RG,4540,2,F,CS,XC,D
14:46:46,TLKM,RG,4540,16,F,CS,AK,F
14:46:39,TLKM,RG,4540,1,F,CS,PD,D
14:46:37,TLKM,RG,4540,10,F,CS,EP,D
14:46:27,TLKM,RG,4540,256,F,CS,LG,D
14:46:27,TLKM,RG,4540,10,D,XC,LG,D
14:46:27,TLKM,RG,4540,5,F,ZP,LG,D
14:46:27,TLKM,RG,4540,2,F,ZP,LG,D
14:46:27,TLKM,RG,4540,10,D,NI,LG,D
14:46:27,TLKM,RG,4540,30,F,YU,LG,D
14:46:27,TLKM,RG,4540,10,D,XL,LG,D
14:46:27,TLKM,RG,4540,3,F,ZP,LG,D
14:46:27,TLKM,RG,4540,5,D,AK,LG,D
14:46:27,TLKM,RG,4540,25,D,ZP,LG,D
14:46:27,TLKM,RG,4540,8,F,ZP,LG,D
14:46:27,TLKM,RG,4540,100,D,FZ,LG,D
14:46:27,TLKM,RG,4540,50,D,GR,LG,D
14:46:27,TLKM,RG,4540,2,D,AG,LG,D
14:46:27,TLKM,RG,4540,2,F,ZP,LG,D
14:46:27,TLKM,RG,4540,95,F,AK,LG,D
14:46:27,TLKM,RG,4540,185,F,AK,LG,D
14:46:27,TLKM,RG,4540,100,D,FZ,LG,D
14:46:27,TLKM,RG,4540,1,F,BK,LG,D
14:46:18,TLKM,RG,4540,5,F,BK,KZ,F
14:46:18,TLKM,RG,4540,680,F,BK,KZ,F
14:46:18,TLKM,RG,4540,1,F,BK,LG,D
14:46:18,TLKM,RG,4540,136,F,BK,LG,D
14:46:17,TLKM,RG,4540,63,F,BK,LG,D
14:46:17,TLKM,RG,4540,204,F,BK,LG,D
14:46:17,TLKM,RG,4540,95,F,BK,LG,D
14:46:15,TLKM,RG,4540,3,F,BK,AK,F
14:46:15,TLKM,RG,4540,102,F,BK,AK,F
14:46:15,TLKM,RG,4540,78,F,BK,AK,F
14:46:15,TLKM,RG,4540,20,D,AK,AK,F
14:46:15,TLKM,RG,4540,15,F,YU,AK,F
14:46:10,TLKM,RG,4540,3,F,YU,XC,D
14:46:03,TLKM,RG,4540,42,F,YU,AK,D
14:46:01,TLKM,RG,4540,8,F,YU,AK,F
14:46:01,TLKM,RG,4540,4,F,ZP,AK,F
14:46:01,TLKM,RG,4540,10,F,ZP,AK,F
14:46:00,TLKM,RG,4540,10,F,ZP,AK,D
14:45:48,TLKM,RG,4540,26,D,YP,XL,D
14:45:44,TLKM,RG,4550,43,F,BK,ZP,D
14:45:42,TLKM,RG,4530,2,D,TP,AK,F
14:45:42,TLKM,RG,4540,4,F,BB,KZ,F
14:45:42,TLKM,RG,4540,169,F,BB,RX,F
14:45:42,TLKM,RG,4540,48,F,BB,KZ,F
14:45:42,TLKM,RG,4540,3,F,BB,KZ,F
14:45:42,TLKM,RG,4540,30,F,BB,PD,D
14:45:42,TLKM,RG,4540,64,F,BB,BB,D
14:45:42,TLKM,RG,4540,621,F,BB,ZP,F
14:45:42,TLKM,RG,4540,1,F,BB,CS,F
14:45:42,TLKM,RG,4540,3,F,BB,CS,F
14:45:42,TLKM,RG,4540,1128,F,BB,RX,D
14:45:35,TLKM,RG,4530,43,D,TP,RX,F
14:45:34,TLKM,RG,4530,2,D,TP,RX,F
14:45:33,TLKM,RG,4540,27,F,BK,RX,D
14:45:33,TLKM,RG,4540,98,F,ZP,RX,D
14:45:33,TLKM,RG,4540,11,F,ZP,RX,D
14:45:33,TLKM,RG,4540,475,D,AK,RX,D
14:45:33,TLKM,RG,4540,10,D,CD,RX,D
14:45:33,TLKM,RG,4540,223,F,BK,RX,D
14:45:33,TLKM,RG,4540,28,D,XC,RX,D
14:45:33,TLKM,RG,4540,1,D,YP,RX,D
14:45:33,TLKM,RG,4540,1,D,NI,RX,D
14:45:33,TLKM,RG,4540,299,D,PD,RX,D
14:45:33,TLKM,RG,4540,700,F,PD,RX,D
14:45:33,TLKM,RG,4540,299,D,PD,RX,D
14:45:33,TLKM,RG,4540,15,F,PD,RX,D
14:45:33,TLKM,RG,4540,2,D,NI,RX,D
14:45:33,TLKM,RG,4540,41,F,YU,RX,D
14:45:33,TLKM,RG,4540,100,D,LG,RX,D
14:45:33,TLKM,RG,4540,1,F,BK,RX,D
14:45:33,TLKM,RG,4540,1,D,LG,RX,D
14:45:33,TLKM,RG,4540,1,F,BK,RX,D
14:45:33,TLKM,RG,4540,196,F,BK,RX,D
14:45:33,TLKM,RG,4540,3706,F,BB,RX,D
14:45:33,TLKM,RG,4540,97,D,LG,RX,D
14:45:33,TLKM,RG,4540,12,D,LG,RX,D
14:45:33,TLKM,RG,4540,132,D,LG,RX,D
14:45:33,TLKM,RG,4540,18,D,LG,RX,D
14:45:33,TLKM,RG,4540,5,D,PD,RX,D
14:45:33,TLKM,RG,4540,33,F,YU,RX,D
14:45:33,TLKM,RG,4540,1,D,YP,RX,D
14:45:33,TLKM,RG,4540,1,F,BK,RX,D
14:45:33,TLKM,RG,4540,198,F,BK,RX,D
14:45:33,TLKM,RG,4540,35,F,AK,RX,D
14:45:33,TLKM,RG,4540,399,F,BK,RX,D
14:45:33,TLKM,RG,4540,28,F,YU,RX,D
14:45:33,TLKM,RG,4540,1355,F,BB,RX,D
14:45:33,TLKM,RG,4540,9,D,AK,RX,D
14:45:33,TLKM,RG,4540,1,D,NI,RX,D
14:45:33,TLKM,RG,4540,6,D,PD,RX,D
14:45:33,TLKM,RG,4540,374,F,BK,RX,D
14:45:33,TLKM,RG,4540,395,F,AK,RX,D
14:45:33,TLKM,RG,4540,155,F,BK,RX,D
14:45:33,TLKM,RG,4540,37,F,YU,RX,D
14:45:33,TLKM,RG,4540,1,F,BK,RX,D
14:45:33,TLKM,RG,4540,4590,D,PD,RX,D
14:45:33,TLKM,RG,4540,33,F,YU,RX,D
14:45:33,TLKM,RG,4540,905,F,BK,RX,D
14:45:33,TLKM,RG,4540,20,D,PD,RX,D
14:45:33,TLKM,RG,4540,62,F,AK,RX,D
14:45:33,TLKM,RG,4540,3,F,ZP,RX,D
14:45:33,TLKM,RG,4540,5,D,NI,RX,D
14:45:33,TLKM,RG,4540,2,D,XC,RX,D
14:45:33,TLKM,RG,4540,25,D,YP,RX,D
14:45:33,TLKM,RG,4540,32,F,YU,RX,D
14:45:33,TLKM,RG,4540,10,F,ZP,RX,D
14:45:33,TLKM,RG,4540,2,F,ZP,RX,D
14:45:33,TLKM,RG,4540,11,D,AK,RX,D
14:45:33,TLKM,RG,4540,1,D,YP,RX,D
14:45:33,TLKM,RG,4540,48,F,BK,RX,D
14:45:33,TLKM,RG,4540,265,F,CS,RX,D
14:45:33,TLKM,RG,4540,39,F,YU,RX,D
14:45:33,TLKM,RG,4540,722,D,AK,RX,D
14:45:33,TLKM,RG,4540,2,F,ZP,RX,D
14:45:33,TLKM,RG,4540,11,F,ZP,RX,D
14:45:33,TLKM,RG,4540,26,F,YU,RX,D
14:45:33,TLKM,RG,4540,2,D,XL,RX,D
14:45:33,TLKM,RG,4540,1,D,XC,RX,D
14:45:33,TLKM,RG,4540,1,D,YP,RX,D
14:45:33,TLKM,RG,4540,2,D,PD,RX,D
14:45:33,TLKM,RG,4540,8,F,ZP,RX,D
14:45:33,TLKM,RG,4540,1740,F,CS,RX,D
14:45:33,TLKM,RG,4540,3,F,ZP,RX,D
14:45:33,TLKM,RG,4540,1,F,ZP,RX,D
14:45:33,TLKM,RG,4540,34,F,YU,RX,D
14:45:33,TLKM,RG,4540,5,D,CC,RX,D
14:45:33,TLKM,RG,4540,1,D,YP,RX,D
14:45:33,TLKM,RG,4540,447,F,CC,RX,D
14:45:33,TLKM,RG,4540,1,D,PD,RX,D
14:45:33,TLKM,RG,4540,8,D,CC,RX,D
14:45:33,TLKM,RG,4540,3,D,CC,RX,D
14:45:33,TLKM,RG,4540,2,D,EP,RX,D
14:45:33,TLKM,RG,4540,1,D,PD,RX,D
14:45:33,TLKM,RG,4540,1,D,PD,RX,D
14:45:33,TLKM,RG,4540,20,D,YP,RX,D
14:45:33,TLKM,RG,4540,1,D,KK,RX,D
14:45:33,TLKM,RG,4540,1,D,YP,RX,D
14:45:33,TLKM,RG,4540,5,D,XC,RX,D
14:45:33,TLKM,RG,4540,15,D,PD,RX,D
14:45:33,TLKM,RG,4540,5,D,YP,RX,D
14:45:33,TLKM,RG,4540,1,D,XL,RX,D
14:45:33,TLKM,RG,4540,1,D,PD,RX,D
14:45:33,TLKM,RG,4540,5,D,PD,RX,D
14:45:33,TLKM,RG,4540,50,D,DR,RX,D
14:45:33,TLKM,RG,4540,2,D,YP,RX,D
14:45:33,TLKM,RG,4540,25,D,ZP,RX,D
14:45:33,TLKM,RG,4540,10,D,NI,RX,D
14:45:33,TLKM,RG,4540,1,D,PD,RX,D
14:45:33,TLKM,RG,4540,1,D,PD,RX,D
14:45:33,TLKM,RG,4540,1,D,YB,RX,D
14:45:33,TLKM,RG,4540,1,D,XC,RX,D
14:45:33,TLKM,RG,4540,1,D,YP,RX,D
14:45:33,TLKM,RG,4540,100,D,DR,RX,D
14:45:33,TLKM,RG,4540,20,D,YP,RX,D
14:45:33,TLKM,RG,4540,14,D,LG,RX,D
14:45:33,TLKM,RG,4540,114,D,LG,RX,D
14:45:33,TLKM,RG,4540,157,D,LG,RX,D
14:45:33,TLKM,RG,4540,19,D,LG,RX,D
14:45:33,TLKM,RG,4540,1,D,PD,RX,D
14:45:33,TLKM,RG,4540,5,D,XL,RX,D
14:45:33,TLKM,RG,4540,2,D,NI,RX,D
14:45:33,TLKM,RG,4540,220,D,DR,RX,D
14:45:33,TLKM,RG,4540,10,D,SQ,RX,D
14:45:33,TLKM,RG,4540,150,D,LG,RX,D
14:45:33,TLKM,RG,4540,2,D,PD,RX,D
14:45:33,TLKM,RG,4540,100,D,YP,RX,D
14:45:33,TLKM,RG,4540,10,D,OD,RX,D
14:45:33,TLKM,RG,4540,3,D,XC,RX,D
14:45:33,TLKM,RG,4540,20,D,YP,RX,D
14:45:33,TLKM,RG,4540,5,D,EP,RX,D
14:45:33,TLKM,RG,4540,35,D,XL,RX,D
14:45:33,TLKM,RG,4540,500,D,EP,RX,D
14:45:33,TLKM,RG,4540,1,D,EP,RX,D
14:45:33,TLKM,RG,4540,15,D,GR,RX,D
14:45:33,TLKM,RG,4540,2,D,CC,RX,D
14:45:33,TLKM,RG,4540,2,D,XC,RX,D
14:45:33,TLKM,RG,4540,11,D,CC,RX,D
14:45:33,TLKM,RG,4540,5,D,PD,RX,D
14:45:33,TLKM,RG,4540,10,D,PD,RX,D
14:45:33,TLKM,RG,4540,10,D,PD,RX,D
14:45:33,TLKM,RG,4540,1,D,XC,RX,D
14:45:33,TLKM,RG,4540,2,D,NI,RX,D
14:45:33,TLKM,RG,4540,265,F,CS,RX,D
14:45:33,TLKM,RG,4540,1,D,PD,RX,D
14:45:33,TLKM,RG,4540,5,D,DH,RX,D
14:45:33,TLKM,RG,4540,10,D,PD,RX,D
14:45:33,TLKM,RG,4540,1,D,PD,RX,D
14:45:33,TLKM,RG,4540,2,D,PD,RX,D
14:45:33,TLKM,RG,4540,1,D,PD,RX,D
14:45:33,TLKM,RG,4540,100,D,OD,RX,D
14:45:33,TLKM,RG,4540,45,D,YP,RX,D
14:45:33,TLKM,RG,4540,1,D,XC,RX,D
14:45:33,TLKM,RG,4540,1,D,PD,RX,D
14:45:33,TLKM,RG,4540,82,D,YP,RX,D
14:45:21,TLKM,RG,4540,1,D,YP,EP,D
14:45:16,TLKM,RG,4550,6,F,BB,ZP,D
14:45:15,TLKM,RG,4540,98,D,YP,AK,F
14:45:15,TLKM,RG,4540,9,D,XL,AK,F
14:45:15,TLKM,RG,4540,1,D,PD,AK,F
14:45:15,TLKM,RG,4540,5,D,PD,AK,F
14:45:15,TLKM,RG,4540,1,D,XC,AK,F
14:45:15,TLKM,RG,4540,2,D,XC,AK,F
14:45:15,TLKM,RG,4540,5,D,DH,AK,F
14:45:15,TLKM,RG,4540,2,D,YP,AK,F
14:45:15,TLKM,RG,4540,5,D,XC,AK,F
14:45:15,TLKM,RG,4540,10,D,YP,AK,F
14:45:15,TLKM,RG,4540,21,D,PD,AK,F
14:45:15,TLKM,RG,4540,19,D,PD,AK,F
14:45:15,TLKM,RG,4540,36,D,YB,AK,F
14:45:15,TLKM,RG,4540,36,D,PD,AK,F
14:45:15,TLKM,RG,4540,10,D,PD,AK,F
14:45:15,TLKM,RG,4540,2,D,PD,AK,F
14:45:15,TLKM,RG,4540,5,D,CC,AK,F
14:45:15,TLKM,RG,4540,9,D,PD,AK,F
14:45:15,TLKM,RG,4540,25,D,CD,AK,F
14:45:15,TLKM,RG,4540,3,D,YP,AK,F
14:45:15,TLKM,RG,4540,2,D,YP,AK,F
14:45:15,TLKM,RG,4540,1,D,KK,AK,F
14:45:15,TLKM,RG,4540,1,D,XC,AK,F
14:45:15,TLKM,RG,4540,1,D,XL,AK,F
14:45:15,TLKM,RG,4540,1,D,XC,AK,F
14:45:15,TLKM,RG,4540,5,D,PD,AK,F
14:45:15,TLKM,RG,4540,5,D,XL,AK,F
14:45:15,TLKM,RG,4540,1,D,NI,AK,F
14:45:15,TLKM,RG,4540,1,D,PD,AK,F
14:45:15,TLKM,RG,4540,12,D,OD,AK,F
14:45:15,TLKM,RG,4550,42,D,OD,ZP,D
14:45:14,TLKM,RG,4550,6,F,BB,ZP,D
14:45:07,TLKM,RG,4550,20,D,SQ,ZP,D
14:45:07,TLKM,RG,4550,25,D,ZP,ZP,D
14:45:03,TLKM,RG,4550,1,F,BB,ZP,D
14:45:01,TLKM,RG,4540,6,D,OD,AK,F
14:44:57,TLKM,RG,4550,8,F,BB,ZP,D
14:44:49,TLKM,RG,4550,50,D,PD,ZP,D
14:44:47,TLKM,RG,4550,7,F,ZP,ZP,D
14:44:41,TLKM,RG,4540,2,D,OD,XC,D
14:44:35,TLKM,RG,4550,1,F,BB,ZP,D
14:44:31,TLKM,RG,4540,4,D,OD,AK,F
14:44:28,TLKM,RG,4550,1,D,XC,ZP,D
14:44:20,TLKM,RG,4550,2,D,PD,ZP,D
14:44:18,TLKM,RG,4550,3,F,BB,ZP,D
14:44:12,TLKM,RG,4540,24,D,OD,NI,D
14:44:07,TLKM,RG,4550,49,F,BB,ZP,D
14:44:01,TLKM,RG,4540,6,D,OD,AK,F
14:44:01,TLKM,RG,4540,15,D,OD,AK,F
14:44:01,TLKM,RG,4540,17,D,OD,AK,F
14:44:01,TLKM,RG,4540,135,D,OD,AK,F
14:44:01,TLKM,RG,4540,1,D,OD,AK,F
14:44:01,TLKM,RG,4540,2,D,XC,AK,F
14:44:01,TLKM,RG,4540,1,D,YP,AK,F
14:44:01,TLKM,RG,4540,50,D,LG,AK,F
14:44:01,TLKM,RG,4540,100,D,NI,AK,F
14:44:01,TLKM,RG,4540,2,D,YP,AK,F
14:44:01,TLKM,RG,4540,10,D,PD,AK,F
14:44:01,TLKM,RG,4540,1,D,PD,AK,F
14:44:01,TLKM,RG,4540,5,D,CD,AK,F
14:44:01,TLKM,RG,4540,2,D,XC,AK,F
14:44:01,TLKM,RG,4540,1,D,XC,AK,F
14:44:01,TLKM,RG,4540,1,D,DR,AK,F
14:44:01,TLKM,RG,4540,2,D,KK,AK,F
14:44:01,TLKM,RG,4540,3,D,SQ,AK,F
14:44:01,TLKM,RG,4540,3,D,PD,AK,F
14:43:39,TLKM,RG,4550,19,F,BB,ZP,D
14:43:34,TLKM,RG,4540,2,D,PD,AK,D
14:43:34,TLKM,RG,4540,1,D,PD,AK,D
14:43:34,TLKM,RG,4540,1,D,NI,AK,D
14:43:34,TLKM,RG,4540,1,D,KK,AK,D
14:43:34,TLKM,RG,4540,25,D,DR,AK,D
14:43:34,TLKM,RG,4540,3,D,XL,AK,D
14:43:34,TLKM,RG,4540,30,D,PD,AK,D
14:43:34,TLKM,RG,4540,1,D,NI,AK,D
14:43:34,TLKM,RG,4540,71,D,KK,AK,D
14:43:33,TLKM,RG,4540,1,D,KK,LG,D
14:43:31,TLKM,RG,4540,1,D,KK,XC,D
14:43:30,TLKM,RG,4550,6,F,BB,ZP,D
14:43:21,TLKM,RG,4540,27,D,KK,AK,D
14:43:21,TLKM,RG,4540,1,D,YP,AK,D
14:43:21,TLKM,RG,4550,15,D,XC,ZP,D
14:43:19,TLKM,RG,4550,109,F,BB,ZP,D
14:43:19,TLKM,RG,4550,1,D,XL,ZP,D
14:43:12,TLKM,RG,4550,619,F,AK,ZP,D
14:43:12,TLKM,RG,4550,1,F,BB,ZP,D
14:43:12,TLKM,RG,4550,185,D,EP,ZP,D
14:43:09,TLKM,RG,4550,1,D,NI,ZP,D
14:43:07,TLKM,RG,4550,2,D,YU,ZP,D
14:43:04,TLKM,RG,4550,1,F,BB,ZP,D
14:42:58,TLKM,RG,4550,10,D,XC,ZP,D
14:42:39,TLKM,RG,4550,1,D,PD,ZP,D
14:42:32,TLKM,RG,4550,2,F,BB,ZP,D
14:42:25,TLKM,RG,4550,1,F,BB,ZP,D
14:42:25,TLKM,RG,4550,10,D,YP,ZP,D
14:42:21,TLKM,RG,4550,10,D,PD,ZP,D
14:42:18,TLKM,RG,4550,273,F,BB,ZP,D
14:42:15,TLKM,RG,4540,2,F,PD,PD,D
14:42:10,TLKM,RG,4540,2,F,PD,XL,D
14:42:10,TLKM,RG,4540,681,F,PD,CS,F
14:42:10,TLKM,RG,4540,3,D,CC,CS,F
14:42:10,TLKM,RG,4540,3,D,YP,CS,F
14:42:10,TLKM,RG,4540,955,F,BB,CS,F
14:42:10,TLKM,RG,4540,1,D,XL,CS,F
14:42:10,TLKM,RG,4540,5,D,YP,CS,F
14:42:10,TLKM,RG,4540,75,D,CC,CS,F
14:42:10,TLKM,RG,4540,3,D,XC,CS,F
14:42:10,TLKM,RG,4540,20,D,KK,CS,F
14:42:10,TLKM,RG,4540,1,D,XC,CS,F
14:42:10,TLKM,RG,4540,2,D,PD,CS,F
14:42:10,TLKM,RG,4540,1,D,PD,CS,F
14:42:10,TLKM,RG,4540,2,D,YB,CS,F
14:42:10,TLKM,RG,4540,1,D,CC,CS,F
14:42:10,TLKM,RG,4540,2,D,XL,CS,F
14:42:10,TLKM,RG,4540,5,D,CC,CS,F
14:42:10,TLKM,RG,4540,1,D,GR,CS,F
14:42:10,TLKM,RG,4540,1,D,GR,CS,F
14:42:10,TLKM,RG,4540,100,D,PD,CS,F
14:42:10,TLKM,RG,4540,1,D,CC,CS,F
14:42:10,TLKM,RG,4540,10,D,PD,CS,F
14:42:10,TLKM,RG,4540,1,D,PD,CS,F
14:42:10,TLKM,RG,4540,1,D,XC,CS,F
14:42:10,TLKM,RG,4540,2,D,NI,CS,F
14:42:10,TLKM,RG,4540,80,D,NI,CS,F
14:42:10,TLKM,RG,4540,1,D,XA,CS,F
14:42:10,TLKM,RG,4540,1,D,DR,CS,F
14:42:10,TLKM,RG,4540,1,D,YP,CS,F
14:42:10,TLKM,RG,4540,40,D,YB,CS,F
14:41:58,TLKM,RG,4550,1,D,YP,ZP,D
14:41:37,TLKM,RG,4550,2422,F,BB,ZP,D
14:41:28,TLKM,RG,4550,8,F,ZP,CS,F
14:41:28,TLKM,RG,4550,219,D,EP,CS,F
14:41:21,TLKM,RG,4550,1,F,ZP,CS,F
14:41:20,TLKM,RG,4550,2,F,ZP,CS,F
14:41:20,TLKM,RG,4550,15,D,XC,CS,F
14:41:17,TLKM,RG,4560,2,D,YU,RX,D
14:41:12,TLKM,RG,4550,4,F,ZP,CS,F
14:41:12,TLKM,RG,4550,2,F,ZP,CS,F
14:41:11,TLKM,RG,4550,371,F,BB,AK,F
14:41:11,TLKM,RG,4550,883,F,BB,CS,F
14:41:11,TLKM,RG,4550,1158,F,BB,ZP,F
14:41:11,TLKM,RG,4550,48,F,BB,ZP,F
14:41:11,TLKM,RG,4550,2,F,BB,CS,F
14:41:11,TLKM,RG,4550,2,F,BB,CS,F
14:41:11,TLKM,RG,4550,1202,F,BB,CS,F
14:41:11,TLKM,RG,4550,2241,F,BB,RX,D
14:41:11,TLKM,RG,4550,50,D,OD,RX,D
14:41:11,TLKM,RG,4550,19,F,ZP,RX,D
14:41:11,TLKM,RG,4550,20,D,AK,RX,D
14:41:11,TLKM,RG,4550,6,F,ZP,RX,D
14:41:11,TLKM,RG,4550,1055,F,BB,RX,D
14:41:11,TLKM,RG,4550,28,F,YU,RX,D
14:41:11,TLKM,RG,4550,24,F,ZP,RX,D
14:41:11,TLKM,RG,4550,33,F,YU,RX,D
14:41:11,TLKM,RG,4550,1,D,XC,RX,D
14:41:11,TLKM,RG,4550,162,F,BK,RX,D
14:41:11,TLKM,RG,4550,11,D,XC,RX,D
14:41:11,TLKM,RG,4550,50,D,PD,RX,D
14:41:11,TLKM,RG,4550,4587,D,PD,RX,D
14:41:11,TLKM,RG,4550,1,D,YP,RX,D
14:41:11,TLKM,RG,4550,7,D,CC,RX,D
14:41:11,TLKM,RG,4550,2649,F,BB,RX,D
14:41:11,TLKM,RG,4550,882,F,CS,RX,D
14:41:11,TLKM,RG,4550,38,F,CS,RX,D
14:41:11,TLKM,RG,4550,20,F,ZP,RX,D
14:41:11,TLKM,RG,4550,3,F,ZP,RX,D
14:41:11,TLKM,RG,4550,2,D,NI,RX,D
14:41:11,TLKM,RG,4550,813,D,AK,RX,D
14:41:11,TLKM,RG,4550,5,D,NI,RX,D
14:41:11,TLKM,RG,4550,12,D,SQ,RX,D
14:41:11,TLKM,RG,4550,3,F,ZP,RX,D
14:41:11,TLKM,RG,4550,1,D,YP,RX,D
14:41:11,TLKM,RG,4550,22,F,ZP,RX,D
14:41:11,TLKM,RG,4550,3,F,ZP,RX,D
14:41:11,TLKM,RG,4550,18,D,AK,RX,D
14:41:11,TLKM,RG,4550,354,F,CC,RX,D
14:41:11,TLKM,RG,4550,307,F,AK,RX,D
14:41:11,TLKM,RG,4550,3,F,ZP,RX,D
14:41:11,TLKM,RG,4550,1299,F,CS,RX,D
14:41:11,TLKM,RG,4550,271,F,CS,RX,D
14:41:09,TLKM,RG,4550,505,F,CS,KZ,F
14:41:04,TLKM,RG,4550,100,F,CS,NI,D
14:41:04,TLKM,RG,4550,47,F,CS,KZ,F
14:41:03,TLKM,RG,4550,1388,F,CS,AK,F
14:41:03,TLKM,RG,4550,68,F,CS,AK,F
14:41:03,TLKM,RG,4550,87,F,ZP,AK,F
14:41:03,TLKM,RG,4550,50,D,YP,AK,F
14:41:03,TLKM,RG,4550,7,F,BK,AK,F
14:41:03,TLKM,RG,4550,3810,D,PD,AK,F
14:40:54,TLKM,RG,4550,9,D,PD,CS,F
14:40:54,TLKM,RG,4550,768,D,PD,CS,F
14:40:54,TLKM,RG,4550,5,D,NI,CS,F
14:40:54,TLKM,RG,4550,110,D,DR,CS,F
14:40:54,TLKM,RG,4550,13,F,BK,CS,F
14:40:54,TLKM,RG,4550,1,D,YP,CS,F
14:40:54,TLKM,RG,4550,2,D,KK,CS,F
14:40:54,TLKM,RG,4550,40,D,NI,CS,F
14:40:54,TLKM,RG,4550,767,D,AK,CS,F
14:40:54,TLKM,RG,4550,199,F,BK,CS,F
14:40:54,TLKM,RG,4550,1,D,XC,CS,F
14:40:54,TLKM,RG,4550,1413,D,PD,CS,F
14:40:54,TLKM,RG,4550,3583,F,PD,CS,F
14:40:54,TLKM,RG,4550,1,D,CC,CS,F
14:40:54,TLKM,RG,4550,135,F,AK,CS,F
14:40:54,TLKM,RG,4550,20,D,OD,CS,F
14:40:54,TLKM,RG,4550,165,D,OD,CS,F
14:40:54,TLKM,RG,4550,28,D,OD,CS,F
14:40:54,TLKM,RG,4550,227,D,OD,CS,F
14:40:54,TLKM,RG,4550,20,D,AK,CS,F
14:40:54,TLKM,RG,4550,1,D,XC,CS,F
14:40:54,TLKM,RG,4550,15,F,ZP,CS,F
14:40:54,TLKM,RG,4550,114,F,CS,CS,F
14:40:54,TLKM,RG,4550,50,D,NI,CS,F
14:40:54,TLKM,RG,4550,12,D,PD,CS,F
14:40:54,TLKM,RG,4550,336,D,ES,CS,F
14:40:53,TLKM,RG,4560,1,F,ZP,RX,D
14:40:18,TLKM,RG,4560,1,D,EP,RX,D
14:40:17,TLKM,RG,4550,18,D,ES,YP,D
14:39:49,TLKM,RG,4550,146,D,ES,KZ,F
14:39:49,TLKM,RG,4550,6,F,ZP,KZ,F
14:39:49,TLKM,RG,4550,1,D,YP,KZ,F
14:39:49,TLKM,RG,4550,100,D,LG,KZ,F
14:39:49,TLKM,RG,4550,5,D,XC,KZ,F
14:39:49,TLKM,RG,4550,81,D,LG,KZ,F
14:39:49,TLKM,RG,4550,10,D,LG,KZ,F
14:39:49,TLKM,RG,4550,112,D,LG,KZ,F
14:39:49,TLKM,RG,4550,14,D,LG,KZ,F
14:39:49,TLKM,RG,4550,65,D,YP,KZ,F
14:39:49,TLKM,RG,4550,90,F,BK,KZ,F
14:39:48,TLKM,RG,4550,8,F,BK,CS,F
14:39:48,TLKM,RG,4550,2,F,BB,CS,F
14:39:48,TLKM,RG,4550,2896,F,BB,CS,F
14:39:48,TLKM,RG,4550,2490,F,CS,CS,F
14:39:48,TLKM,RG,4550,2490,F,CS,CS,F
14:39:48,TLKM,RG,4550,734,D,AK,CS,F
14:39:48,TLKM,RG,4550,1055,F,BB,CS,F
14:39:48,TLKM,RG,4550,168,F,BK,CS,F
14:39:48,TLKM,RG,4550,319,D,PD,CS,F
14:39:48,TLKM,RG,4550,4268,D,PD,AK,F
14:39:48,TLKM,RG,4550,26,F,AK,AK,F
14:39:48,TLKM,RG,4550,1,D,KK,AK,F
14:39:48,TLKM,RG,4550,9,D,XC,AK,F
14:39:48,TLKM,RG,4550,5,D,PD,AK,F
14:39:48,TLKM,RG,4550,124,F,BK,AK,F
14:39:48,TLKM,RG,4550,239,F,AK,AK,F
14:39:48,TLKM,RG,4550,1494,F,CS,AK,F
14:39:45,TLKM,RG,4550,1,F,CS,AK,F
14:39:05,TLKM,RG,4560,1,D,SQ,RX,D
14:39:03,TLKM,RG,4560,1,D,NI,RX,D
14:39:02,TLKM,RG,4560,1,D,GR,RX,D
14:38:46,TLKM,RG,4550,3,F,CS,PD,D
14:38:35,TLKM,RG,4560,1,D,YP,RX,D
14:38:20,TLKM,RG,4560,2093,D,EP,RX,D
14:38:16,TLKM,RG,4550,9,F,CS,CS,F
14:38:16,TLKM,RG,4550,983,F,CS,CS,F
14:38:16,TLKM,RG,4550,2490,F,CS,CS,F
14:38:16,TLKM,RG,4550,309,F,AK,CS,F
14:38:16,TLKM,RG,4550,3,F,ZP,CS,F
14:38:16,TLKM,RG,4550,482,D,AK,CS,F
14:38:16,TLKM,RG,4550,483,D,AK,CS,F
14:38:16,TLKM,RG,4550,29,F,ZP,CS,F
14:38:16,TLKM,RG,4550,23,D,AK,CS,F
14:38:16,TLKM,RG,4550,116,F,BK,CS,F
14:38:16,TLKM,RG,4550,50,D,PD,CS,F
14:38:16,TLKM,RG,4550,7,F,ZP,CS,F
14:38:16,TLKM,RG,4550,42,F,CS,CS,F
14:38:16,TLKM,RG,4550,10,D,XL,CS,F
14:38:16,TLKM,RG,4550,2,D,YP,CS,F
14:38:16,TLKM,RG,4550,2,D,YP,CS,F
14:38:16,TLKM,RG,4550,10,F,CS,CS,F
14:38:16,TLKM,RG,4550,19,F,CS,CS,F
14:38:16,TLKM,RG,4550,1,D,YP,CS,F
14:38:16,TLKM,RG,4550,1,D,DH,CS,F
14:38:16,TLKM,RG,4550,148,F,BK,CS,F
14:38:16,TLKM,RG,4550,3,F,BK,CS,F
14:38:16,TLKM,RG,4550,28,F,AK,CS,F
14:38:16,TLKM,RG,4550,49,F,CS,CS,F
14:38:16,TLKM,RG,4550,5000,D,AZ,CS,F
14:38:16,TLKM,RG,4550,20,D,OD,CS,F
14:38:16,TLKM,RG,4550,165,D,OD,CS,F
14:38:16,TLKM,RG,4550,28,D,OD,CS,F
14:38:16,TLKM,RG,4550,227,D,OD,CS,F
14:38:16,TLKM,RG,4550,8,F,ZP,CS,F
14:38:16,TLKM,RG,4550,449,F,CC,CS,F
14:38:16,TLKM,RG,4550,113,F,BK,CS,F
14:38:16,TLKM,RG,4550,46,F,AK,CS,F
14:38:16,TLKM,RG,4550,1,F,ZP,CS,F
14:38:16,TLKM,RG,4550,10,F,ZP,CS,F
14:38:16,TLKM,RG,4550,50,F,BK,CS,F
14:38:16,TLKM,RG,4550,896,F,CS,CS,F
14:38:00,TLKM,RG,4550,136,F,CS,LG,D
14:38:00,TLKM,RG,4550,63,F,CS,LG,D
14:37:42,TLKM,RG,4560,5,F,ZP,RX,D
14:37:42,TLKM,RG,4560,3634,D,PD,RX,D
14:37:42,TLKM,RG,4560,953,D,PD,RX,D
14:37:36,TLKM,RG,4550,3,F,CS,XC,D
14:37:33,TLKM,RG,4560,103,D,YP,RX,D
14:37:23,TLKM,RG,4550,3,F,CS,PD,D
14:37:17,TLKM,RG,4550,12,F,CS,XC,D
14:37:06,TLKM,RG,4560,1,D,PD,RX,D
14:37:04,TLKM,RG,4550,100,F,CS,GR,D
14:36:55,TLKM,RG,4550,2,F,CS,XC,D
14:36:54,TLKM,RG,4550,6,F,CS,CC,D
14:36:48,TLKM,RG,4550,2,F,CS,XC,D
14:36:25,TLKM,RG,4550,1,F,CS,CS,F
14:36:25,TLKM,RG,4550,8,F,CS,CS,F
14:36:25,TLKM,RG,4550,1258,F,CS,CS,F
14:36:25,TLKM,RG,4550,2451,F,BB,CS,F
14:36:25,TLKM,RG,4550,118,F,BK,CS,F
14:36:25,TLKM,RG,4550,1247,D,AK,CS,F
14:36:25,TLKM,RG,4550,20,F,AK,CS,F
14:36:25,TLKM,RG,4550,9,F,ZP,CS,F
14:36:25,TLKM,RG,4550,3,F,CS,CS,F
14:36:25,TLKM,RG,4550,41,F,CS,CS,F
14:36:25,TLKM,RG,4550,4,F,CS,CS,F
14:36:25,TLKM,RG,4550,4200,F,BK,CS,F
14:36:25,TLKM,RG,4550,2,F,ZP,CS,F
14:36:25,TLKM,RG,4550,53,F,BK,CS,F
14:36:25,TLKM,RG,4550,599,D,PD,CS,F
14:36:25,TLKM,RG,4550,1400,F,PD,CS,F
14:36:25,TLKM,RG,4550,490,D,LG,CS,F
14:36:15,TLKM,RG,4560,3,F,ZP,RX,D
14:36:15,TLKM,RG,4550,3,D,LG,PC,D
14:35:33,TLKM,RG,4560,50,D,EP,RX,D
14:35:23,TLKM,RG,4560,56,F,BK,RX,D
14:35:21,TLKM,RG,4560,1,D,SQ,RX,D
14:35:21,TLKM,RG,4560,990,F,AK,RX,D
14:34:57,TLKM,RG,4560,5,D,NI,RX,D
14:34:53,TLKM,RG,4560,2,D,OD,RX,D
14:34:53,TLKM,RG,4560,9,D,XC,RX,D
14:34:36,TLKM,RG,4560,1,D,PD,RX,D
14:34:34,TLKM,RG,4560,4,D,OD,RX,D
14:34:34,TLKM,RG,4550,7,D,LG,CS,F
14:34:34,TLKM,RG,4560,81,D,OD,RX,D
14:34:34,TLKM,RG,4560,8,D,OD,RX,D
14:34:34,TLKM,RG,4550,600,D,LG,CS,F
14:34:34,TLKM,RG,4550,627,D,AK,CS,F
14:34:34,TLKM,RG,4550,1314,D,AK,CS,F
14:34:34,TLKM,RG,4550,49,F,AK,CS,F
14:34:34,TLKM,RG,4550,50,F,AK,CS,F
14:34:34,TLKM,RG,4550,53,F,AK,CS,F
14:34:34,TLKM,RG,4550,31,F,AK,CS,F
14:34:34,TLKM,RG,4550,8,F,ZP,CS,F
14:34:34,TLKM,RG,4550,1023,F,AK,CS,F
14:34:34,TLKM,RG,4550,4587,D,PD,CS,F
14:34:34,TLKM,RG,4550,1,D,CC,CS,F
14:34:34,TLKM,RG,4550,177,F,ZP,CS,F
14:34:34,TLKM,RG,4550,787,F,BB,CS,F
14:34:34,TLKM,RG,4550,1,F,ZP,CS,F
14:34:34,TLKM,RG,4550,148,F,DX,CS,F
14:34:34,TLKM,RG,4550,109,D,YP,CS,F
14:34:34,TLKM,RG,4550,513,D,PD,CS,F
14:34:34,TLKM,RG,4550,10,D,KK,CS,F
14:34:34,TLKM,RG,4550,1472,F,PD,CS,F
14:34:34,TLKM,RG,4550,300,D,XC,CS,F
14:34:34,TLKM,RG,4550,2613,F,BK,CS,F
14:34:34,TLKM,RG,4550,2,D,CC,CS,F
14:34:34,TLKM,RG,4550,139,D,AK,CS,F
14:34:34,TLKM,RG,4550,1,F,ZP,CS,F
14:34:34,TLKM,RG,4550,11,F,CS,CS,F
14:34:34,TLKM,RG,4550,69,F,CS,CS,F
14:34:34,TLKM,RG,4560,113,D,OD,RX,D
14:34:23,TLKM,RG,4560,3,D,OD,RX,D
14:33:44,TLKM,RG,4550,20,F,CS,RO,D
14:33:36,TLKM,RG,4560,17,F,AG,RX,D
14:33:28,TLKM,RG,4560,2600,D,PD,RX,D
14:33:28,TLKM,RG,4560,2,D,PD,XC,D
14:33:28,TLKM,RG,4560,3,D,PD,XC,D
14:33:28,TLKM,RG,4560,1,D,PD,PD,D
14:33:28,TLKM,RG,4560,273,D,PD,LG,D
14:33:28,TLKM,RG,4560,126,D,PD,LG,D
14:33:28,TLKM,RG,4560,205,D,PD,LG,D
14:33:28,TLKM,RG,4560,94,D,PD,LG,D
14:33:28,TLKM,RG,4560,400,D,PD,YP,D
14:33:28,TLKM,RG,4560,1,D,PD,XC,D
14:33:28,TLKM,RG,4560,1,D,PD,PD,D
14:33:28,TLKM,RG,4560,30,D,PD,YP,D
14:33:28,TLKM,RG,4560,22,D,PD,PD,D
14:33:28,TLKM,RG,4560,300,D,PD,YP,D
14:33:28,TLKM,RG,4560,1,D,PD,XC,D
14:33:28,TLKM,RG,4560,202,D,PD,LG,D
14:33:28,TLKM,RG,4560,99,D,PD,LG,D
14:33:28,TLKM,RG,4560,1,D,PD,DH,D
14:33:28,TLKM,RG,4560,1,D,PD,XC,D
14:33:28,TLKM,RG,4560,225,D,PD,AT,D
14:33:21,TLKM,RG,4560,4,D,OD,AT,D
14:33:13,TLKM,RG,4560,2,D,PD,AT,D
14:32:55,TLKM,RG,4560,3,D,XC,AT,D
14:32:29,TLKM,RG,4560,10,D,PD,AT,D
14:32:01,TLKM,RG,4560,25,D,XL,AT,D
14:31:57,TLKM,RG,4550,100,F,BB,DX,D
14:31:56,TLKM,RG,4550,122,F,BB,RX,D
14:31:56,TLKM,RG,4550,109,F,AK,RX,D
14:31:56,TLKM,RG,4550,31,F,AK,RX,D
14:31:56,TLKM,RG,4550,1,D,NI,RX,D
14:31:56,TLKM,RG,4550,2,D,PD,RX,D
14:31:56,TLKM,RG,4550,1,D,YP,RX,D
14:31:56,TLKM,RG,4550,100,D,YP,RX,D
14:31:56,TLKM,RG,4550,539,D,AK,RX,D
14:31:56,TLKM,RG,4550,543,D,AK,RX,D
14:31:56,TLKM,RG,4550,31,D,AK,RX,D
14:31:56,TLKM,RG,4550,29,D,AK,RX,D
14:31:56,TLKM,RG,4550,52,F,AK,RX,D
14:31:56,TLKM,RG,4550,62,F,AK,RX,D
14:31:56,TLKM,RG,4550,27,F,AK,RX,D
14:31:56,TLKM,RG,4550,30,F,AK,RX,D
14:31:56,TLKM,RG,4550,4821,F,DX,RX,D
14:31:56,TLKM,RG,4550,8,F,BK,RX,D
14:31:56,TLKM,RG,4550,252,F,YU,RX,D
14:31:56,TLKM,RG,4550,1,D,NI,RX,D
14:31:56,TLKM,RG,4550,1087,F,BK,RX,D
14:31:56,TLKM,RG,4550,46,F,BK,RX,D
14:31:56,TLKM,RG,4550,25,F,CC,RX,D
14:31:56,TLKM,RG,4550,49,F,BK,RX,D
14:31:56,TLKM,RG,4550,3,D,OD,RX,D
14:31:56,TLKM,RG,4550,4,F,BK,RX,D
14:31:56,TLKM,RG,4550,89,F,ZP,RX,D
14:31:56,TLKM,RG,4550,13,F,ZP,RX,D
14:31:56,TLKM,RG,4550,10,F,ZP,RX,D
14:31:56,TLKM,RG,4550,99,F,ZP,RX,D
14:31:56,TLKM,RG,4550,784,F,AK,RX,D
14:31:56,TLKM,RG,4550,32,F,CS,RX,D
14:31:56,TLKM,RG,4550,911,F,BB,RX,D
14:31:56,TLKM,RG,4550,87,F,CS,RX,D
14:31:54,TLKM,RG,4560,8,F,ZP,AT,D
14:31:54,TLKM,RG,4550,10,F,CS,CC,D
14:31:40,TLKM,RG,4550,1300,F,BB,EP,D
14:31:39,TLKM,RG,4550,18,F,BB,DH,D
14:31:35,TLKM,RG,4550,3467,F,BB,AK,F
14:31:35,TLKM,RG,4550,6,F,ZP,AK,F
14:31:35,TLKM,RG,4550,820,F,AK,AK,F
14:31:35,TLKM,RG,4550,4172,F,AK,AK,F
14:31:35,TLKM,RG,4550,20,F,AK,PD,D
14:31:35,TLKM,RG,4550,3,F,AK,AK,F
14:31:35,TLKM,RG,4550,1339,F,AK,ZP,F
14:31:35,TLKM,RG,4550,345,F,AK,BB,D
14:31:35,TLKM,RG,4550,57,F,AK,AK,D
14:31:35,TLKM,RG,4550,2,F,AK,CS,F
14:31:35,TLKM,RG,4550,1813,F,AK,RX,D
14:31:35,TLKM,RG,4550,3187,F,BK,RX,D
14:31:35,TLKM,RG,4550,50,F,BK,LS,D
14:31:35,TLKM,RG,4550,11,F,BK,AK,D
14:31:35,TLKM,RG,4550,148,F,BK,RX,F
14:31:35,TLKM,RG,4550,10,F,BK,YP,D
14:31:35,TLKM,RG,4550,1594,F,BK,CS,F
14:31:35,TLKM,RG,4550,123,F,CS,CS,F
14:31:35,TLKM,RG,4550,15,F,BB,CS,F
14:31:34,TLKM,RG,4550,268,F,BK,CS,F
14:31:34,TLKM,RG,4550,18,F,BK,AK,F
14:31:34,TLKM,RG,4550,3,F,BK,YP,D
14:31:34,TLKM,RG,4550,3,F,BK,CC,D
14:31:34,TLKM,RG,4550,153,F,BK,AK,F
14:31:34,TLKM,RG,4550,168,F,BK,AK,F
14:31:34,TLKM,RG,4550,6,F,BK,AK,F
14:31:34,TLKM,RG,4550,5000,F,BK,RX,D
14:31:34,TLKM,RG,4550,71,F,BK,AK,F
14:31:34,TLKM,RG,4550,3,F,BK,AK,F
14:31:34,TLKM,RG,4550,13,F,BK,AK,F
14:31:34,TLKM,RG,4550,2906,F,BK,AK,F
14:31:34,TLKM,RG,4550,13335,F,BK,CS,F
14:31:34,TLKM,RG,4550,1361,F,BK,CS,F
14:31:34,TLKM,RG,4550,1,F,BK,XC,D
14:31:34,TLKM,RG,4550,20,F,BK,XL,D
14:31:34,TLKM,RG,4550,4051,F,BK,CS,F
14:31:34,TLKM,RG,4550,1433,F,BK,CS,F
14:31:34,TLKM,RG,4550,2926,F,BK,CS,F
14:31:34,TLKM,RG,4550,2964,F,BK,CS,F
14:31:34,TLKM,RG,4550,8064,F,BK,CS,F
14:31:34,TLKM,RG,4550,7233,F,BK,AK,F
14:31:34,TLKM,RG,4550,6991,F,BK,AK,F
14:31:34,TLKM,RG,4550,2237,F,BK,AK,F
14:31:34,TLKM,RG,4550,11657,F,BK,AK,F
14:31:34,TLKM,RG,4550,357,F,BK,AK,D
14:31:34,TLKM,RG,4550,2,F,BK,CS,F
14:31:34,TLKM,RG,4550,12,F,BK,AK,F
14:31:34,TLKM,RG,4550,2,F,BK,AK,F
14:31:34,TLKM,RG,4550,4,F,BK,AK,F
14:31:34,TLKM,RG,4550,124,F,BK,AK,F
14:31:34,TLKM,RG,4550,136,F,BK,AK,F
14:31:34,TLKM,RG,4550,104,F,BK,AK,F
14:31:34,TLKM,RG,4550,28,F,BK,AK,F
14:31:27,TLKM,RG,4550,104,F,BK,AK,F
14:31:26,TLKM,RG,4550,1,D,XC,AK,F
14:31:25,TLKM,RG,4550,3,D,OD,AK,F
14:31:19,TLKM,RG,4550,1,F,BB,AK,F
14:31:16,TLKM,RG,4550,7,F,ZP,AK,F
14:31:16,TLKM,RG,4550,1,D,DH,AK,F
14:31:14,TLKM,RG,4550,2,D,PD,AK,F
14:31:09,TLKM,RG,4550,9,F,BB,AK,F
14:31:03,TLKM,RG,4550,1,D,XC,AK,F
14:31:00,TLKM,RG,4550,27,F,BK,AK,F
14:31:00,TLKM,RG,4550,28,F,BK,AK,F
14:30:57,TLKM,RG,4550,7,F,ZP,AK,F
14:30:56,TLKM,RG,4550,36,F,BB,AK,F
14:30:56,TLKM,RG,4550,27,F,BB,AK,F
14:30:56,TLKM,RG,4550,4,F,BB,AK,F
14:30:56,TLKM,RG,4550,7,F,BB,AK,F
14:30:56,TLKM,RG,4550,167,F,BB,AK,F
14:30:56,TLKM,RG,4550,22,F,BB,AK,D
14:30:56,TLKM,RG,4550,363,F,BB,ZP,F
14:30:53,TLKM,RG,4550,4,F,ZP,ZP,F
14:30:46,TLKM,RG,4550,1,F,BB,ZP,F
14:30:46,TLKM,RG,4550,3692,D,PD,ZP,F
14:30:46,TLKM,RG,4550,895,D,PD,BB,D
14:30:41,TLKM,RG,4550,6,F,ZP,BB,D
14:30:39,TLKM,RG,4550,14,F,BB,BB,D
14:30:34,TLKM,RG,4550,2,D,YP,BB,D
14:30:33,TLKM,RG,4550,53,F,BK,BB,D
14:30:30,TLKM,RG,4550,48,F,AK,BB,D
14:30:27,TLKM,RG,4550,4,D,OD,BB,D
14:30:27,TLKM,RG,4550,2,F,BB,BB,D
14:30:24,TLKM,RG,4550,7,F,ZP,BB,D
14:30:23,TLKM,RG,4550,3,F,BB,BB,D
14:30:23,TLKM,RG,4540,2,F,BK,PC,D
14:30:09,TLKM,RG,4550,10,D,PD,BB,D
14:30:08,TLKM,RG,4550,4,D,XC,BB,D
14:30:07,TLKM,RG,4550,1,F,BB,BB,D
14:30:07,TLKM,RG,4550,6,F,ZP,BB,D
14:30:07,TLKM,RG,4550,6,F,ZP,BB,D
14:30:07,TLKM,RG,4550,1,D,XC,BB,D
14:30:00,TLKM,RG,4550,1,F,BB,BB,D
14:30:00,TLKM,RG,4550,2,D,KK,BB,D
14:29:55,TLKM,RG,4550,1,D,KK,BB,D
14:29:51,TLKM,RG,4550,7,F,ZP,BB,D
14:29:48,TLKM,RG,4550,7,F,BB,BB,D
14:29:45,TLKM,RG,4550,55,F,AK,BB,D
14:29:42,TLKM,RG,4550,1,F,BB,BB,D
14:29:35,TLKM,RG,4550,7,F,ZP,BB,D
14:29:35,TLKM,RG,4550,17,F,BB,BB,D
14:29:29,TLKM,RG,4550,3,D,OD,BB,D
14:29:28,TLKM,RG,4550,121,F,BK,BB,D
14:29:27,TLKM,RG,4540,1,F,BK,XA,D
14:29:26,TLKM,RG,4550,76,F,BB,BB,D
14:29:16,TLKM,RG,4550,7,F,ZP,BB,D
14:29:15,TLKM,RG,4550,547,D,AK,BB,D
14:29:14,TLKM,RG,4550,1,F,BB,BB,D
14:29:11,TLKM,RG,4550,5,D,YP,BB,D
14:29:08,TLKM,RG,4550,1,D,YP,BB,D
14:29:05,TLKM,RG,4550,23,F,BB,BB,D
14:29:01,TLKM,RG,4550,11,F,ZP,BB,D
14:29:01,TLKM,RG,4540,1,F,BK,PD,D
14:28:56,TLKM,RG,4550,69,F,BK,BB,D
14:28:52,TLKM,RG,4550,103,F,BB,BB,D
14:28:52,TLKM,RG,4550,92,F,BK,BB,D
14:28:51,TLKM,RG,4550,1,D,YP,BB,D
14:28:51,TLKM,RG,4550,2,D,XC,BB,D
14:28:47,TLKM,RG,4550,73,F,BK,BB,D
14:28:47,TLKM,RG,4550,245,F,BB,BB,D
14:28:46,TLKM,RG,4550,677,F,BK,BB,D
14:28:45,TLKM,RG,4550,281,F,BB,BB,D
14:28:45,TLKM,RG,4550,14,F,BB,AK,F
14:28:45,TLKM,RG,4550,42,F,BB,AK,F
14:28:45,TLKM,RG,4550,3,F,BB,AK,F
14:28:45,TLKM,RG,4550,4,F,BB,AK,F
14:28:45,TLKM,RG,4550,5,F,BB,AK,F
14:28:45,TLKM,RG,4550,5,F,BB,AK,F
14:28:45,TLKM,RG,4550,99,F,BB,AK,F
14:28:45,TLKM,RG,4550,228,F,BB,AK,F
14:28:45,TLKM,RG,4550,54,F,BK,AK,F
14:28:45,TLKM,RG,4550,109,F,BK,AK,F
14:28:45,TLKM,RG,4550,301,F,BK,AK,F
14:28:45,TLKM,RG,4550,71,F,BK,AK,F
14:28:45,TLKM,RG,4550,169,F,BK,AK,F
14:28:45,TLKM,RG,4550,2,F,BK,SQ,D
14:28:45,TLKM,RG,4550,5,F,BK,NI,D
14:28:45,TLKM,RG,4550,25,F,BK,KK,D
14:28:45,TLKM,RG,4550,20,F,BK,ZP,D
14:28:45,TLKM,RG,4550,25,F,BK,YP,D
14:28:45,TLKM,RG,4550,8,F,BK,PD,D
14:28:45,TLKM,RG,4550,1,F,BK,XC,D
14:28:45,TLKM,RG,4550,1,F,BK,XC,D
14:28:45,TLKM,RG,4550,50,F,BK,YU,D
14:28:45,TLKM,RG,4550,206,F,BK,LG,D
14:28:45,TLKM,RG,4550,95,F,BK,LG,D
14:28:45,TLKM,RG,4550,1,F,BK,XC,D
14:28:45,TLKM,RG,4550,1,F,BK,PD,D
14:28:45,TLKM,RG,4550,650,F,BK,AK,F
14:28:44,TLKM,RG,4550,61,F,BB,AK,F
14:28:44,TLKM,RG,4550,5000,F,BK,AK,F
14:28:44,TLKM,RG,4550,10,D,OD,AK,F
14:28:44,TLKM,RG,4550,82,D,OD,AK,F
14:28:44,TLKM,RG,4550,14,D,OD,AK,F
14:28:44,TLKM,RG,4550,113,D,OD,AK,F
14:28:41,TLKM,RG,4550,5,F,ZP,AK,F
14:28:41,TLKM,RG,4550,26,F,BB,AK,F
14:28:41,TLKM,RG,4550,220,D,PD,AK,F
14:28:37,TLKM,RG,4550,1,D,YP,AK,F
14:28:35,TLKM,RG,4550,49,F,BK,AK,F
14:28:35,TLKM,RG,4550,75,F,BK,AK,F
14:28:34,TLKM,RG,4550,1,D,XC,AK,F
14:28:32,TLKM,RG,4550,7,F,ZP,AK,F
14:28:32,TLKM,RG,4550,52,F,BK,AK,F
14:28:31,TLKM,RG,4550,3,D,OD,AK,F
14:28:30,TLKM,RG,4550,38,F,BB,AK,F
14:28:28,TLKM,RG,4550,1,D,EP,AK,F
14:28:27,TLKM,RG,4550,7,D,XC,AK,F
14:28:27,TLKM,RG,4550,54,F,BK,AK,F
14:28:22,TLKM,RG,4550,94,F,BK,AK,F
14:28:20,TLKM,RG,4550,1,D,YP,AK,F
14:28:20,TLKM,RG,4550,7,F,ZP,AK,F
14:28:17,TLKM,RG,4550,151,F,BB,AK,F
14:28:17,TLKM,RG,4550,116,F,BK,AK,F
14:28:16,TLKM,RG,4550,84,F,BK,AK,F
14:28:15,TLKM,RG,4550,45,F,AK,AK,F
14:28:15,TLKM,RG,4550,10,F,AK,PD,D
14:28:15,TLKM,RG,4550,5,F,BK,GR,D
14:28:15,TLKM,RG,4550,1,F,BK,PD,D
14:28:15,TLKM,RG,4550,198,F,BK,CS,F
14:28:12,TLKM,RG,4550,82,F,BK,CS,F
14:28:12,TLKM,RG,4550,516,F,BK,CS,F
14:28:11,TLKM,RG,4550,205,F,BB,CS,F
14:28:10,TLKM,RG,4550,166,F,BK,CS,F
14:28:08,TLKM,RG,4550,1148,F,BK,CS,F
14:28:08,TLKM,RG,4550,75,D,EP,CS,F
14:28:07,TLKM,RG,4550,303,F,BB,CS,F
14:28:07,TLKM,RG,4550,284,F,BK,CS,F
14:28:04,TLKM,RG,4550,1,D,XC,CS,F
14:28:03,TLKM,RG,4550,83,F,BB,CS,F
14:28:03,TLKM,RG,4550,10,D,OD,CS,F
14:28:03,TLKM,RG,4550,82,D,OD,CS,F
14:28:03,TLKM,RG,4550,14,D,OD,CS,F
14:28:03,TLKM,RG,4550,113,D,OD,CS,F
14:28:03,TLKM,RG,4550,516,D,PD,CS,F
14:28:03,TLKM,RG,4550,1483,F,PD,CS,F
14:28:03,TLKM,RG,4550,413,F,BK,CS,F
14:28:02,TLKM,RG,4550,7,D,XC,CS,F
14:28:02,TLKM,RG,4550,5,D,SQ,CS,F
14:28:02,TLKM,RG,4550,1,D,XC,CS,F
14:28:02,TLKM,RG,4550,2,D,EP,CS,F
14:28:01,TLKM,RG,4550,168,F,BB,CS,F
14:28:01,TLKM,RG,4550,6,F,ZP,CS,F
14:28:01,TLKM,RG,4550,177,F,BK,CS,F
14:27:57,TLKM,RG,4550,849,F,BK,CS,F
14:27:57,TLKM,RG,4550,10,F,BK,CS,F
14:27:56,TLKM,RG,4550,10,D,OD,CS,F
14:27:56,TLKM,RG,4550,82,D,OD,CS,F
14:27:56,TLKM,RG,4550,65,F,BB,CS,F
14:27:56,TLKM,RG,4550,14,D,OD,CS,F
14:27:56,TLKM,RG,4550,113,D,OD,CS,F
14:27:56,TLKM,RG,4550,157,F,BB,CS,F
14:27:55,TLKM,RG,4550,334,F,BK,CS,F
14:27:55,TLKM,RG,4550,42,F,BK,XC,D
14:27:55,TLKM,RG,4550,257,F,BK,CS,F
14:27:54,TLKM,RG,4550,265,F,BB,CS,F
14:27:54,TLKM,RG,4550,478,F,BK,CS,F
14:27:54,TLKM,RG,4550,670,F,BK,CS,F
14:27:53,TLKM,RG,4550,147,F,BB,CS,F
14:27:53,TLKM,RG,4550,1911,F,AK,CS,F
14:27:53,TLKM,RG,4550,1,D,SQ,CS,F
14:27:53,TLKM,RG,4550,33,D,EP,CS,F
14:27:52,TLKM,RG,4550,205,F,BB,CS,F
14:27:52,TLKM,RG,4550,50,F,BK,CS,F
14:27:51,TLKM,RG,4550,1030,F,BK,CS,F
14:27:51,TLKM,RG,4550,580,F,BB,CS,F
14:27:51,TLKM,RG,4550,1503,F,BK,CS,F
14:27:48,TLKM,RG,4550,10,D,OD,CS,F
14:27:48,TLKM,RG,4550,82,D,OD,CS,F
14:27:48,TLKM,RG,4550,14,D,OD,CS,F
14:27:48,TLKM,RG,4550,113,D,OD,CS,F
14:27:48,TLKM,RG,4550,726,F,BB,CS,F
14:27:47,TLKM,RG,4550,4030,F,BK,CS,F
14:27:47,TLKM,RG,4550,118,F,BK,CS,F
14:27:46,TLKM,RG,4550,867,F,BB,CS,F
14:27:46,TLKM,RG,4550,2964,F,BK,CS,F
14:27:46,TLKM,RG,4550,2036,F,BK,AK,F
14:27:46,TLKM,RG,4550,205,F,CS,AK,F
14:27:45,TLKM,RG,4550,1292,D,PD,AK,F
14:27:45,TLKM,RG,4550,3707,F,PD,AK,F
14:27:45,TLKM,RG,4550,173,F,BK,AK,F
14:27:45,TLKM,RG,4550,1185,F,BK,AK,F
14:27:45,TLKM,RG,4550,348,F,BB,AK,F
14:27:45,TLKM,RG,4550,1,D,XC,AK,F
14:27:40,TLKM,RG,4550,348,F,BK,AK,F
14:27:40,TLKM,RG,4550,5,F,ZP,AK,F
14:27:40,TLKM,RG,4550,833,F,BB,AK,F
14:27:40,TLKM,RG,4550,2199,F,BK,AK,F
14:27:35,TLKM,RG,4550,749,F,BK,AK,F
14:27:34,TLKM,RG,4550,170,F,BB,AK,F
14:27:34,TLKM,RG,4550,1,D,XC,AK,F
14:27:34,TLKM,RG,4550,5363,F,BK,AK,F
14:27:33,TLKM,RG,4550,1364,F,BB,AK,F
14:27:33,TLKM,RG,4550,1247,F,BK,AK,F
14:27:32,TLKM,RG,4550,3807,F,BK,AK,F
14:27:32,TLKM,RG,4550,7,F,BK,XL,D
14:27:32,TLKM,RG,4550,4,F,BK,XC,D
14:27:32,TLKM,RG,4550,3,F,BK,PC,D
14:27:32,TLKM,RG,4550,175,F,BK,PD,D
14:27:32,TLKM,RG,4550,3,F,BK,PD,D
14:27:32,TLKM,RG,4550,1001,F,BK,AK,F
14:27:32,TLKM,RG,4550,343,F,BB,AK,F
14:27:32,TLKM,RG,4550,1155,D,PD,AK,F
14:27:32,TLKM,RG,4550,137,D,PD,AK,F
14:27:32,TLKM,RG,4550,3707,F,PD,AK,F
14:27:31,TLKM,RG,4550,10,D,OD,AK,F
14:27:31,TLKM,RG,4550,20,D,OD,AK,F
14:27:31,TLKM,RG,4550,62,D,OD,RX,F
14:27:31,TLKM,RG,4550,14,D,OD,RX,F
14:27:31,TLKM,RG,4550,20,F,BB,RX,F
14:27:31,TLKM,RG,4550,460,F,BB,KZ,F
14:27:31,TLKM,RG,4550,1,F,BB,XC,D
14:27:31,TLKM,RG,4550,25,F,BB,YP,D
14:27:31,TLKM,RG,4550,177,F,BB,ZP,F
14:27:31,TLKM,RG,4550,113,D,OD,ZP,F
14:27:30,TLKM,RG,4550,1870,F,BK,ZP,F
14:27:30,TLKM,RG,4550,430,F,BK,ZP,F
14:27:29,TLKM,RG,4550,6,F,BB,ZP,F
14:27:29,TLKM,RG,4550,1461,F,BK,ZP,F
14:27:29,TLKM,RG,4550,3,F,BK,CP,D
14:27:29,TLKM,RG,4550,1,F,BK,CS,F
14:27:29,TLKM,RG,4550,3,F,BK,XC,D
14:27:29,TLKM,RG,4550,1,F,BK,PD,D
14:27:29,TLKM,RG,4550,70,F,BK,AK,D
14:27:29,TLKM,RG,4550,11,F,BK,AK,F
14:27:29,TLKM,RG,4550,1,F,BK,CS,F
14:27:29,TLKM,RG,4550,1,F,BK,CC,D
14:27:29,TLKM,RG,4550,1,F,BK,NI,D
14:27:29,TLKM,RG,4550,2,F,BK,AK,F
14:27:29,TLKM,RG,4550,4,F,BK,AK,F
14:27:29,TLKM,RG,4550,2,F,BK,CS,F
14:27:29,TLKM,RG,4550,1,F,BK,CS,F
14:27:29,TLKM,RG,4550,24,F,BK,NI,D
14:27:29,TLKM,RG,4550,122,F,BK,AK,F
14:27:29,TLKM,RG,4550,136,F,BK,AK,F
14:27:29,TLKM,RG,4550,70,F,BK,AK,F
14:27:29,TLKM,RG,4550,12,F,BK,SQ,D
14:27:29,TLKM,RG,4550,30,F,BK,GR,D
14:27:29,TLKM,RG,4550,1,F,BK,CS,F
14:27:29,TLKM,RG,4550,1,F,BK,CS,F
14:27:29,TLKM,RG,4550,79,F,BK,AK,D
14:27:29,TLKM,RG,4550,70,F,BK,DX,D
14:27:29,TLKM,RG,4550,4,F,BK,CC,D
14:27:29,TLKM,RG,4550,52,F,BK,AK,D
14:27:29,TLKM,RG,4550,50,F,BK,YP,D
14:27:29,TLKM,RG,4550,10,F,BK,NI,D
14:27:29,TLKM,RG,4550,1,F,BK,GR,D
14:27:29,TLKM,RG,4550,3,F,BK,NI,D
14:27:29,TLKM,RG,4550,210,F,BK,KZ,F
14:27:29,TLKM,RG,4550,1,F,BK,CS,F
14:27:29,TLKM,RG,4550,1,F,BK,CS,F
14:27:29,TLKM,RG,4550,2,F,BK,CS,F
14:27:29,TLKM,RG,4550,2000,F,BK,CS,F
14:27:29,TLKM,RG,4550,94,F,BK,AK,F
14:27:29,TLKM,RG,4550,52,F,BK,AK,F
14:27:29,TLKM,RG,4550,9,F,BK,AK,F
14:27:29,TLKM,RG,4550,2,F,BK,AK,F
14:27:29,TLKM,RG,4550,3,F,BK,AK,F
14:27:29,TLKM,RG,4550,85,F,BK,AK,F
14:27:29,TLKM,RG,4550,314,F,BK,CS,F
14:27:29,TLKM,RG,4550,4,D,OD,CS,F
14:27:28,TLKM,RG,4550,39,F,BB,CS,F
14:27:27,TLKM,RG,4550,48,F,BK,CS,F
14:27:26,TLKM,RG,4540,2,F,BK,PD,D
14:27:23,TLKM,RG,4550,1,D,XC,CS,F
14:27:23,TLKM,RG,4550,49,F,BK,CS,F
14:27:22,TLKM,RG,4550,62,F,BK,CS,F
14:27:22,TLKM,RG,4550,5,F,ZP,CS,F
14:27:20,TLKM,RG,4550,8,F,BB,CS,F
14:27:20,TLKM,RG,4550,23,D,XC,CS,F
14:27:19,TLKM,RG,4550,146,F,BK,CS,F
14:27:17,TLKM,RG,4550,56,F,BK,CS,F
14:27:16,TLKM,RG,4550,363,F,BB,CS,F
14:27:15,TLKM,RG,4550,34,F,BK,CS,F
14:27:13,TLKM,RG,4550,4,F,BK,CS,F
14:27:12,TLKM,RG,4550,72,F,BK,CS,F
14:27:09,TLKM,RG,4550,487,F,BK,CS,F
14:27:09,TLKM,RG,4550,191,F,BK,CS,F
14:27:07,TLKM,RG,4550,1873,F,BK,CS,F
14:27:06,TLKM,RG,4550,688,F,BB,CS,F
14:27:04,TLKM,RG,4550,37,F,AK,CS,F
14:27:03,TLKM,RG,4550,6,F,ZP,CS,F
14:27:03,TLKM,RG,4550,25,F,BB,CS,F
14:27:03,TLKM,RG,4550,1292,D,PD,CS,F
14:27:03,TLKM,RG,4550,861,F,PD,CS,F
14:27:03,TLKM,RG,4550,31,F,PD,CS,F
14:27:03,TLKM,RG,4550,2815,F,PD,CS,F
14:27:00,TLKM,RG,4540,10,F,BK,AK,D
14:27:00,TLKM,RG,4550,178,F,BK,CS,F
14:26:58,TLKM,RG,4550,29,F,BB,CS,F
14:26:56,TLKM,RG,4550,111,F,BB,CS,F
14:26:56,TLKM,RG,4550,85,F,BK,CS,F
14:26:51,TLKM,RG,4550,124,F,BK,CS,F
14:26:47,TLKM,RG,4550,6,F,ZP,CS,F
14:26:47,TLKM,RG,4550,7,F,ZP,CS,F
14:26:46,TLKM,RG,4550,222,F,BK,CS,F
14:26:45,TLKM,RG,4550,585,D,AK,CS,F
14:26:34,TLKM,RG,4550,3,F,BB,CS,F
14:26:32,TLKM,RG,4550,5,F,ZP,CS,F
14:26:27,TLKM,RG,4550,3,D,OD,CS,F
14:26:24,TLKM,RG,4540,2,F,BK,XC,D
14:26:24,TLKM,RG,4550,6,F,BB,CS,F
14:26:24,TLKM,RG,4550,128,F,BB,ZP,F
14:26:24,TLKM,RG,4550,5,D,YP,ZP,F
14:26:22,TLKM,RG,4550,232,F,BK,ZP,F
14:26:19,TLKM,RG,4550,237,F,BK,ZP,F
14:26:15,TLKM,RG,4550,177,F,BB,ZP,F
14:26:15,TLKM,RG,4550,520,F,BK,ZP,F
14:26:13,TLKM,RG,4550,677,F,AK,ZP,F
14:26:12,TLKM,RG,4550,6,F,ZP,ZP,F
14:26:12,TLKM,RG,4550,231,F,BB,ZP,F
14:26:12,TLKM,RG,4550,615,F,BK,ZP,F
14:26:09,TLKM,RG,4550,626,F,BB,ZP,F
14:26:09,TLKM,RG,4550,1692,F,BK,ZP,F
14:26:09,TLKM,RG,4550,51,F,BB,ZP,F
14:26:09,TLKM,RG,4550,293,D,PD,ZP,F
14:26:09,TLKM,RG,4550,64,D,PD,CS,F
14:26:09,TLKM,RG,4550,53,D,PD,CS,F
14:26:09,TLKM,RG,4550,57,D,PD,CS,F
14:26:09,TLKM,RG,4550,126,D,PD,CS,F
14:26:09,TLKM,RG,4550,201,D,PD,LG,D
14:26:09,TLKM,RG,4550,98,D,PD,LG,D
14:26:09,TLKM,RG,4550,118,D,PD,CS,F
14:26:09,TLKM,RG,4550,1,D,PD,CS,F
14:26:09,TLKM,RG,4550,109,D,PD,CS,F
14:26:09,TLKM,RG,4550,90,D,PD,CS,F
14:26:09,TLKM,RG,4550,149,D,PD,CS,F
14:26:09,TLKM,RG,4550,183,D,PD,CS,F
14:26:09,TLKM,RG,4550,190,D,PD,CS,F
14:26:09,TLKM,RG,4550,127,D,PD,CS,F
14:26:09,TLKM,RG,4550,157,D,PD,CS,F
14:26:09,TLKM,RG,4550,43,D,PD,CS,F
14:26:09,TLKM,RG,4550,140,D,PD,PD,D
14:26:09,TLKM,RG,4550,78,D,PD,CS,F
14:26:09,TLKM,RG,4550,70,D,PD,RX,F
14:26:09,TLKM,RG,4550,10,D,PD,AK,F
14:26:09,TLKM,RG,4550,13,D,PD,AK,F
14:26:09,TLKM,RG,4550,2,D,PD,AK,F
14:26:09,TLKM,RG,4550,3,D,PD,AK,F
14:26:09,TLKM,RG,4550,3,D,PD,AK,F
14:26:09,TLKM,RG,4550,5,D,PD,AK,F
14:26:09,TLKM,RG,4550,87,D,PD,AK,F
14:26:09,TLKM,RG,4550,132,D,PD,AK,F
14:26:09,TLKM,RG,4550,95,D,PD,AK,F
14:26:09,TLKM,RG,4550,145,D,PD,AK,F
14:26:09,TLKM,RG,4550,45,D,PD,AK,F
14:26:09,TLKM,RG,4550,55,D,PD,AK,F
14:26:09,TLKM,RG,4550,152,D,PD,CS,F
14:26:09,TLKM,RG,4550,122,D,PD,BB,D
14:26:09,TLKM,RG,4550,1371,D,PD,CS,F
14:26:04,TLKM,RG,4550,14,F,BB,CS,F
14:26:04,TLKM,RG,4540,378,F,BK,KZ,F
14:26:01,TLKM,RG,4550,1,D,YU,CS,F
14:25:59,TLKM,RG,4550,97,F,BK,CS,F
14:25:55,TLKM,RG,4550,1,F,BB,CS,F
14:25:55,TLKM,RG,4550,7,F,ZP,CS,F
14:25:54,TLKM,RG,4540,7,F,BK,XC,D
14:25:44,TLKM,RG,4550,1,F,BB,CS,F
14:25:37,TLKM,RG,4550,7,F,ZP,CS,F
14:25:37,TLKM,RG,4550,3,F,BB,CS,F
14:25:29,TLKM,RG,4550,4,D,OD,CS,F
14:25:27,TLKM,RG,4550,2,F,BB,CS,F
14:25:27,TLKM,RG,4550,12,D,YP,CS,F
14:25:22,TLKM,RG,4550,6,F,ZP,CS,F
14:25:20,TLKM,RG,4540,11,F,BK,AK,D
14:25:20,TLKM,RG,4550,55,F,BB,CS,F
14:25:13,TLKM,RG,4550,5,F,BB,CS,F
14:25:13,TLKM,RG,4550,153,F,BK,CS,F
14:25:13,TLKM,RG,4550,1,F,BK,CS,F
14:25:13,TLKM,RG,4550,249,F,BK,CS,F
14:25:09,TLKM,RG,4540,4,F,BK,CS,F
14:25:06,TLKM,RG,4550,7,F,ZP,CS,F
14:25:05,TLKM,RG,4550,7,F,ZP,CS,F
14:25:05,TLKM,RG,4550,10,D,GR,CS,F
14:25:01,TLKM,RG,4550,23,F,BB,CS,F
14:25:00,TLKM,RG,4540,13,F,BK,AK,F
14:24:59,TLKM,RG,4550,104,F,BK,CS,F
14:24:58,TLKM,RG,4550,3,D,XL,CS,F
14:24:58,TLKM,RG,4550,2,F,BB,CS,F
14:24:58,TLKM,RG,4540,10,F,BK,YP,D
14:24:56,TLKM,RG,4550,52,F,BK,CS,F
14:24:53,TLKM,RG,4550,2,D,PD,CS,F
14:24:52,TLKM,RG,4550,4,D,PD,CS,F
14:24:52,TLKM,RG,4550,137,F,BB,CS,F
14:24:52,TLKM,RG,4550,2,D,YP,CS,F
14:24:44,TLKM,RG,4550,8,F,ZP,CS,F
14:24:41,TLKM,RG,4550,258,D,PD,CS,F
14:24:41,TLKM,RG,4550,741,F,PD,CS,F
14:24:40,TLKM,RG,4550,5,F,BB,CS,F
14:24:40,TLKM,RG,4550,1,D,PD,CS,F
14:24:39,TLKM,RG,4550,2,D,XC,CS,F
14:24:38,TLKM,RG,4550,2,D,XC,CS,F
14:24:37,TLKM,RG,4540,27,F,BK,AK,F
14:24:37,TLKM,RG,4550,2,D,YP,CS,F
14:24:31,TLKM,RG,4550,3,D,OD,CS,F
14:24:31,TLKM,RG,4550,9,F,BB,CS,F
14:24:27,TLKM,RG,4550,8,F,ZP,CS,F
14:24:24,TLKM,RG,4550,60,F,BK,CS,F
14:24:21,TLKM,RG,4550,3,F,BB,CS,F
14:24:15,TLKM,RG,4540,8,F,BK,AK,F
14:24:10,TLKM,RG,4550,9,F,ZP,CS,F
14:24:08,TLKM,RG,4550,26,F,BB,CS,F
14:24:00,TLKM,RG,4540,189,F,BK,AK,F
14:23:50,TLKM,RG,4550,3,F,ZP,CS,F
14:23:50,TLKM,RG,4550,109,F,BB,CS,F
14:23:45,TLKM,RG,4540,173,F,BK,AK,F
14:23:42,TLKM,RG,4550,244,F,BK,CS,F
14:23:39,TLKM,RG,4550,184,F,BK,CS,F
14:23:39,TLKM,RG,4550,2,F,ZP,CS,F
14:23:39,TLKM,RG,4550,21,F,BB,CS,F
14:23:39,TLKM,RG,4540,137,F,BK,LG,D
14:23:39,TLKM,RG,4540,63,F,BK,LG,D
14:23:37,TLKM,RG,4550,1,D,PD,CS,F
14:23:35,TLKM,RG,4550,47,F,BB,CS,F
14:23:35,TLKM,RG,4550,152,F,BK,CS,F
14:23:33,TLKM,RG,4540,219,F,BK,CS,F
14:23:29,TLKM,RG,4550,121,F,BK,CS,F
14:23:29,TLKM,RG,4550,106,F,BB,CS,F
14:23:29,TLKM,RG,4550,4,D,OD,CS,F
14:23:27,TLKM,RG,4550,4,D,XC,CS,F
14:23:26,TLKM,RG,4550,284,F,BK,CS,F
14:23:24,TLKM,RG,4540,2,F,BK,XC,D
14:23:24,TLKM,RG,4550,484,F,BK,CS,F
14:23:22,TLKM,RG,4550,137,F,BB,CS,F
14:23:18,TLKM,RG,4540,87,F,BK,CS,F
14:23:18,TLKM,RG,4540,47,F,AK,CS,F
14:23:18,TLKM,RG,4540,1,D,NI,CS,F
14:23:18,TLKM,RG,4540,2,D,PD,CS,F
14:23:18,TLKM,RG,4540,1,F,ZP,CS,F
14:23:18,TLKM,RG,4540,2,D,BQ,CS,F
14:23:18,TLKM,RG,4540,517,D,AK,CS,F
14:23:18,TLKM,RG,4540,49,D,LG,CS,F
14:23:18,TLKM,RG,4540,6,D,LG,CS,F
14:23:18,TLKM,RG,4540,67,D,LG,CS,F
14:23:18,TLKM,RG,4540,8,D,LG,CS,F
14:23:18,TLKM,RG,4540,2,F,ZP,CS,F
14:23:18,TLKM,RG,4540,29,F,CS,CS,F
14:23:18,TLKM,RG,4540,10,F,ZP,CS,F
14:23:18,TLKM,RG,4540,1,D,CP,CS,F
14:23:18,TLKM,RG,4540,1,D,YP,CS,F
14:23:18,TLKM,RG,4540,2,F,ZP,CS,F
14:23:18,TLKM,RG,4540,1,D,XL,CS,F
14:23:18,TLKM,RG,4540,48,F,BK,CS,F
14:23:18,TLKM,RG,4540,2,D,CC,CS,F
14:23:18,TLKM,RG,4540,4,D,XC,CS,F
14:23:18,TLKM,RG,4540,113,F,DX,CS,F
14:23:17,TLKM,RG,4550,8,F,ZP,CS,F
14:23:06,TLKM,RG,4550,40,F,BB,CS,F
14:23:04,TLKM,RG,4550,30,F,BB,CS,F
14:23:04,TLKM,RG,4550,290,F,BK,CS,F
14:23:00,TLKM,RG,4540,1,F,DX,AK,F
14:23:00,TLKM,RG,4550,1,D,PD,CS,F
14:22:58,TLKM,RG,4550,212,F,BK,CS,F
14:22:56,TLKM,RG,4550,1,D,NI,CS,F
14:22:55,TLKM,RG,4550,9,F,ZP,CS,F
14:22:55,TLKM,RG,4550,264,F,BB,CS,F
14:22:53,TLKM,RG,4550,196,F,BK,CS,F
14:22:48,TLKM,RG,4550,436,F,BK,CS,F
14:22:47,TLKM,RG,4550,1099,D,PD,CS,F
14:22:47,TLKM,RG,4550,107,D,PD,CS,F
14:22:47,TLKM,RG,4550,94,D,PD,CS,F
14:22:46,TLKM,RG,4550,45,F,BB,CS,F
14:22:45,TLKM,RG,4550,15,F,BK,CS,F
14:22:45,TLKM,RG,4550,103,F,BK,RX,F
14:22:40,TLKM,RG,4550,50,F,BK,RX,F
14:22:40,TLKM,RG,4550,138,F,BK,CS,F
14:22:40,TLKM,RG,4550,4,F,BK,AK,F
14:22:40,TLKM,RG,4540,19,F,DX,AK,D
14:22:40,TLKM,RG,4550,7,F,ZP,AK,F
14:22:37,TLKM,RG,4550,137,F,BB,AK,F
14:22:35,TLKM,RG,4550,202,F,BK,AK,F
14:22:31,TLKM,RG,4550,247,F,BK,AK,F
14:22:30,TLKM,RG,4550,549,D,AK,AK,F
14:22:29,TLKM,RG,4550,1,D,PD,AK,F
14:22:27,TLKM,RG,4550,2,F,BB,AK,F
14:22:25,TLKM,RG,4550,3,D,OD,AK,F
14:22:24,TLKM,RG,4550,5,D,YP,AK,F
14:22:22,TLKM,RG,4550,14,F,BB,AK,F
14:22:22,TLKM,RG,4550,8,F,ZP,AK,F
14:22:15,TLKM,RG,4550,30,F,AK,AK,F
14:22:13,TLKM,RG,4550,7,F,ZP,AK,F
14:22:05,TLKM,RG,4550,1,F,BB,AK,F
14:22:05,TLKM,RG,4550,65,F,BK,AK,F
14:22:02,TLKM,RG,4550,6,F,ZP,AK,F
14:21:54,TLKM,RG,4550,2,D,YP,AK,F
14:21:47,TLKM,RG,4550,21,F,BB,AK,F
14:21:43,TLKM,RG,4550,3,F,BB,AK,F
14:21:43,TLKM,RG,4550,158,D,AK,AK,F
14:21:42,TLKM,RG,4550,7,F,ZP,AK,F
14:21:39,TLKM,RG,4550,10,D,CC,AK,F
14:21:38,TLKM,RG,4550,1,F,BB,AK,F
14:21:38,TLKM,RG,4550,11,D,XC,AK,F
14:21:31,TLKM,RG,4550,1,F,BB,AK,F
14:21:28,TLKM,RG,4550,3,D,EP,AK,F
14:21:25,TLKM,RG,4550,6,F,ZP,AK,F
14:21:24,TLKM,RG,4550,2,F,BB,AK,F
14:21:23,TLKM,RG,4550,4,D,OD,AK,F
14:21:18,TLKM,RG,4550,46,F,BB,AK,F
14:21:18,TLKM,RG,4550,1,D,PD,AK,F
14:21:18,TLKM,RG,4550,10,D,YP,AK,F
14:21:09,TLKM,RG,4550,8,F,ZP,AK,F
14:21:06,TLKM,RG,4550,233,F,BK,AK,F
14:21:04,TLKM,RG,4550,1,F,BB,AK,F
14:21:04,TLKM,RG,4550,94,F,BK,AK,F
14:20:59,TLKM,RG,4540,7,F,DX,BB,D
14:20:55,TLKM,RG,4550,1,D,XC,AK,F
14:20:54,TLKM,RG,4550,2,F,BB,AK,F
14:20:48,TLKM,RG,4550,8,F,ZP,AK,F
14:20:48,TLKM,RG,4550,2,D,PD,AK,F
14:20:38,TLKM,RG,4550,4,F,BB,AK,F
14:20:38,TLKM,RG,4550,4,F,ZP,AK,F
14:20:29,TLKM,RG,4550,9,F,ZP,AK,F
14:20:27,TLKM,RG,4550,20,D,XC,AK,F
14:20:21,TLKM,RG,4550,3,D,OD,AK,F
14:20:19,TLKM,RG,4550,1,F,BB,AK,F
14:20:11,TLKM,RG,4550,6,F,ZP,AK,F
14:20:09,TLKM,RG,4550,15,F,BB,AK,F
14:20:06,TLKM,RG,4550,98,F,BK,AK,F
14:20:02,TLKM,RG,4540,4,F,DX,CS,F
14:20:01,TLKM,RG,4550,3,D,NI,AK,F
14:19:55,TLKM,RG,4550,6,F,ZP,AK,F
14:19:53,TLKM,RG,4550,31,F,BB,AK,F
14:19:45,TLKM,RG,4550,10,D,OD,AK,F
14:19:45,TLKM,RG,4550,82,D,OD,AK,F
14:19:45,TLKM,RG,4550,14,D,OD,AK,F
14:19:45,TLKM,RG,4550,113,D,OD,AK,F
14:19:44,TLKM,RG,4550,1,D,PD,AK,F
14:19:43,TLKM,RG,4550,2,D,SQ,AK,F
14:19:40,TLKM,RG,4550,3,D,CC,AK,F
14:19:39,TLKM,RG,4540,2,F,DX,NI,D
14:19:37,TLKM,RG,4550,1,D,XL,AK,F
14:19:35,TLKM,RG,4550,37,F,BB,AK,F
14:19:35,TLKM,RG,4550,25,F,BB,AK,F
14:19:34,TLKM,RG,4550,146,F,BK,AK,F
14:19:32,TLKM,RG,4540,294,F,DX,CS,F
14:19:32,TLKM,RG,4540,2,F,ZP,CS,F
14:19:32,TLKM,RG,4540,1,F,ZP,CS,F
14:19:32,TLKM,RG,4540,5,D,CC,CS,F
14:19:32,TLKM,RG,4540,50,D,NI,CS,F
14:19:32,TLKM,RG,4540,4,F,ZP,CS,F
14:19:32,TLKM,RG,4540,2,D,OD,CS,F
14:19:32,TLKM,RG,4540,5,F,ZP,CS,F
14:19:32,TLKM,RG,4540,1,D,YP,CS,F
14:19:32,TLKM,RG,4540,5,D,YP,CS,F
14:19:32,TLKM,RG,4540,5,D,XL,CS,F
14:19:32,TLKM,RG,4540,2,D,XL,CS,F
14:19:32,TLKM,RG,4540,1,D,CC,CS,F
14:19:32,TLKM,RG,4540,22,D,XC,CS,F
14:19:32,TLKM,RG,4540,599,D,PD,CS,F
14:19:32,TLKM,RG,4540,2,F,PD,CS,F
14:19:32,TLKM,RG,4550,17,F,ZP,AK,F
14:19:21,TLKM,RG,4550,4,D,OD,AK,F
14:19:17,TLKM,RG,4550,70,F,BK,AK,F
14:19:15,TLKM,RG,4540,80,F,PD,AK,F
14:19:10,TLKM,RG,4550,6,F,ZP,AK,F
14:19:04,TLKM,RG,4550,1,D,NI,AK,F
14:19:00,TLKM,RG,4540,3,F,PD,AK,F
14:18:52,TLKM,RG,4550,6,F,ZP,AK,F
14:18:45,TLKM,RG,4540,7,F,PD,AK,F
14:18:43,TLKM,RG,4550,10,D,OD,AK,F
14:18:43,TLKM,RG,4550,82,D,OD,AK,F
14:18:43,TLKM,RG,4550,14,D,OD,AK,F
14:18:43,TLKM,RG,4550,113,D,OD,AK,F
14:18:42,TLKM,RG,4550,11,D,YP,AK,F
14:18:40,TLKM,RG,4550,10,D,CC,AK,F
14:18:34,TLKM,RG,4550,6,F,ZP,AK,F
14:18:34,TLKM,RG,4550,1052,F,BK,AK,F
14:18:30,TLKM,RG,4550,1063,F,BK,AK,F
14:18:30,TLKM,RG,4550,1274,F,BK,AK,F
14:18:29,TLKM,RG,4550,7,F,ZP,AK,F
14:18:29,TLKM,RG,4550,123,F,AK,AK,F
14:18:29,TLKM,RG,4550,364,F,AK,AK,F
14:18:29,TLKM,RG,4550,1240,D,PD,AK,F
14:18:29,TLKM,RG,4550,3347,D,PD,AK,F
14:18:27,TLKM,RG,4550,80,D,EP,AK,F
14:18:24,TLKM,RG,4550,52,F,BK,AK,F
14:18:22,TLKM,RG,4550,96,F,BK,AK,F
14:18:22,TLKM,RG,4550,95,F,BK,AK,F
14:18:21,TLKM,RG,4550,3,D,OD,AK,F
14:18:20,TLKM,RG,4550,1,D,YP,AK,F
14:18:18,TLKM,RG,4550,116,F,BK,AK,F
14:18:17,TLKM,RG,4550,7,F,ZP,AK,F
14:18:15,TLKM,RG,4550,18,F,AK,AK,F
14:18:15,TLKM,RG,4550,54,F,AK,AK,F
14:18:15,TLKM,RG,4550,179,F,BK,AK,F
14:18:15,TLKM,RG,4540,139,F,PD,AK,F
14:18:15,TLKM,RG,4540,161,F,PD,AK,F
14:18:13,TLKM,RG,4550,114,D,YP,AK,F
14:18:10,TLKM,RG,4550,50,F,BK,AK,F
14:18:08,TLKM,RG,4540,61,F,PD,RX,F
14:18:06,TLKM,RG,4540,33,F,PD,AK,D
14:17:57,TLKM,RG,4550,6,F,ZP,AK,F
14:17:39,TLKM,RG,4550,6,F,ZP,AK,F
14:17:37,TLKM,RG,4540,16,F,PD,KK,D
14:17:37,TLKM,RG,4540,10,F,PD,LG,D
14:17:30,TLKM,RG,4550,22,F,AK,AK,F
14:17:28,TLKM,RG,4550,52,F,BK,AK,F
14:17:26,TLKM,RG,4550,87,F,BK,AK,F
14:17:25,TLKM,RG,4550,56,F,BK,AK,F
14:17:23,TLKM,RG,4550,3,D,OD,AK,F
14:17:22,TLKM,RG,4550,7,F,ZP,AK,F
14:17:22,TLKM,RG,4550,3,D,XC,AK,F
14:17:02,TLKM,RG,4550,4,F,ZP,AK,F
14:16:47,TLKM,RG,4550,7,F,ZP,AK,F
14:16:47,TLKM,RG,4550,4,F,ZP,AK,F
14:16:40,TLKM,RG,4550,10,D,YB,AK,F
14:16:26,TLKM,RG,4550,5,F,ZP,AK,F
14:16:21,TLKM,RG,4550,3,D,OD,AK,F
14:16:16,TLKM,RG,4550,1,D,DX,AK,F
14:16:13,TLKM,RG,4540,3,F,PD,AK,F
14:16:12,TLKM,RG,4550,15,D,XC,AK,F
14:16:07,TLKM,RG,4540,5,F,PD,AK,F
14:16:07,TLKM,RG,4550,4,F,ZP,AK,F
14:15:50,TLKM,RG,4550,1,D,OD,AK,F
14:15:48,TLKM,RG,4550,3,D,PD,AK,F
14:15:32,TLKM,RG,4550,20,F,AK,AK,F
14:15:21,TLKM,RG,4550,3,D,OD,AK,F
14:14:53,TLKM,RG,4540,10,F,PD,DR,D
14:14:43,TLKM,RG,4540,8,F,PD,PD,D
14:14:39,TLKM,RG,4550,1,D,EP,AK,F
14:14:38,TLKM,RG,4550,7,F,ZP,AK,F
14:14:25,TLKM,RG,4550,51,F,BK,AK,F
14:14:23,TLKM,RG,4550,2,D,OD,AK,F
14:14:21,TLKM,RG,4550,49,F,BK,AK,F
14:14:17,TLKM,RG,4550,74,F,BK,AK,F
14:14:15,TLKM,RG,4540,244,F,PD,AK,F
14:14:15,TLKM,RG,4540,3,F,PD,YP,D
14:14:00,TLKM,RG,4540,10,F,PD,CC,D
14:13:58,TLKM,RG,4550,1,D,XC,AK,F
14:13:45,TLKM,RG,4550,16,D,YP,AK,F
14:13:26,TLKM,RG,4550,25,D,DR,AK,F
14:13:23,TLKM,RG,4550,3,D,OD,AK,F
14:13:19,TLKM,RG,4550,10,D,YP,AK,F
14:13:18,TLKM,RG,4550,39,F,BK,AK,F
14:13:18,TLKM,RG,4550,15,F,BK,AK,F
14:13:18,TLKM,RG,4550,4,D,PD,AK,F
14:13:13,TLKM,RG,4550,1,D,XC,AK,F
14:12:56,TLKM,RG,4550,6,D,XC,AK,F
14:12:50,TLKM,RG,4550,2,D,XC,AK,F
14:12:48,TLKM,RG,4540,10,F,PD,NI,D
14:12:47,TLKM,RG,4550,3,F,BK,AK,F
14:12:47,TLKM,RG,4550,2,F,BK,AK,F
14:12:47,TLKM,RG,4550,4,F,BK,AK,F
14:12:47,TLKM,RG,4550,41,F,BK,CS,F
14:12:47,TLKM,RG,4540,100,F,PD,ZP,D
14:12:44,TLKM,RG,4540,24,F,PD,AK,F
14:12:44,TLKM,RG,4540,3,F,PD,XL,D
14:12:25,TLKM,RG,4550,2,F,ZP,CS,F
14:12:25,TLKM,RG,4550,4,F,ZP,AK,F
14:12:25,TLKM,RG,4550,2,D,OD,AK,F
14:12:22,TLKM,RG,4550,4,D,XC,AK,F
14:12:22,TLKM,RG,4550,51,F,BK,AK,F
14:12:19,TLKM,RG,4550,4,D,YU,AK,F
14:12:17,TLKM,RG,4550,37,F,BK,AK,F
14:12:17,TLKM,RG,4550,18,F,BK,AK,F
14:12:14,TLKM,RG,4540,218,F,PD,AK,F
14:12:14,TLKM,RG,4550,56,F,BK,AK,F
14:12:10,TLKM,RG,4550,39,D,KK,AK,F
14:12:10,TLKM,RG,4550,61,D,KK,AK,F
14:12:10,TLKM,RG,4550,39,F,BK,AK,F
14:12:10,TLKM,RG,4550,9,F,BK,CS,F
14:12:08,TLKM,RG,4540,44,F,PD,RX,F
14:12:05,TLKM,RG,4540,15,F,PD,YP,D
14:11:51,TLKM,RG,4550,3,D,NI,CS,F
14:11:50,TLKM,RG,4540,29,F,PD,SQ,D
14:11:37,TLKM,RG,4540,2,F,PD,CC,D
14:11:28,TLKM,RG,4550,55,F,BK,CS,F
14:11:28,TLKM,RG,4540,60,F,PD,RG,D
14:11:25,TLKM,RG,4550,2,D,OD,CS,F
14:11:11,TLKM,RG,4550,2,D,YP,CS,F
14:10:57,TLKM,RG,4550,1,D,XC,CS,F
14:10:38,TLKM,RG,4550,42,F,BK,CS,F
14:10:38,TLKM,RG,4550,4,F,BK,AK,D
14:10:33,TLKM,RG,4550,8,F,BK,AK,D
14:10:33,TLKM,RG,4550,12,F,BK,AK,D
14:10:33,TLKM,RG,4550,42,F,BK,AK,D
14:10:31,TLKM,RG,4550,2,D,XC,AK,D
14:10:29,TLKM,RG,4540,100,F,PD,LG,D
14:10:29,TLKM,RG,4540,10,D,PD,LG,D
14:10:29,TLKM,RG,4540,1,D,EP,LG,D
14:10:29,TLKM,RG,4540,5,D,YP,LG,D
14:10:29,TLKM,RG,4540,10,D,YP,LG,D
14:10:29,TLKM,RG,4540,1,D,PD,LG,D
14:10:29,TLKM,RG,4540,2,D,PD,LG,D
14:10:29,TLKM,RG,4540,2,D,DR,LG,D
14:10:29,TLKM,RG,4540,2,D,YP,LG,D
14:10:29,TLKM,RG,4540,4,D,PD,LG,D
14:10:29,TLKM,RG,4540,16,D,PD,LG,D
14:10:29,TLKM,RG,4540,3,D,GR,LG,D
14:10:29,TLKM,RG,4540,4,D,OD,LG,D
14:10:29,TLKM,RG,4540,33,D,OD,LG,D
14:10:29,TLKM,RG,4540,6,D,OD,LG,D
14:10:29,TLKM,RG,4540,1,D,OD,LG,D
14:10:25,TLKM,RG,4550,43,F,BK,AK,D
14:10:23,TLKM,RG,4550,2,D,OD,AK,D
14:10:20,TLKM,RG,4550,1,D,NI,AK,D
14:10:20,TLKM,RG,4550,78,D,NI,AK,D
14:10:20,TLKM,RG,4550,4,D,NI,CS,F
14:10:19,TLKM,RG,4550,11,F,BK,CS,F
14:10:18,TLKM,RG,4550,1,D,XC,CS,F
14:10:14,TLKM,RG,4540,14,D,OD,XL,D
14:10:08,TLKM,RG,4550,9,F,BK,CS,F
14:10:06,TLKM,RG,4550,10,D,YP,CS,F
14:10:00,TLKM,RG,4550,2,D,CC,CS,F
14:09:52,TLKM,RG,4550,8,F,BK,CS,F
14:09:52,TLKM,RG,4550,10,D,XC,CS,F
14:09:40,TLKM,RG,4550,2,D,XC,CS,F
14:09:35,TLKM,RG,4550,1,D,PD,CS,F
14:09:27,TLKM,RG,4550,6,F,BK,CS,F
14:09:24,TLKM,RG,4550,13,F,BK,CS,F
14:09:23,TLKM,RG,4540,30,D,OD,CC,D
14:09:03,TLKM,RG,4550,4,F,BK,CS,F
14:09:03,TLKM,RG,4540,1,D,PD,AK,F
14:09:03,TLKM,RG,4540,1,D,CC,AK,F
14:09:03,TLKM,RG,4540,1,D,PD,AK,F
14:09:03,TLKM,RG,4540,5,D,CC,AK,F
14:08:43,TLKM,RG,4540,7,F,BK,YP,D
14:08:41,TLKM,RG,4550,10,D,EP,CS,F
14:08:40,TLKM,RG,4540,13,F,BK,AK,F
14:08:39,TLKM,RG,4550,1,D,PD,CS,F
14:08:39,TLKM,RG,4550,10,D,XC,CS,F
14:08:32,TLKM,RG,4540,1034,F,BK,EP,D
14:08:32,TLKM,RG,4540,1,D,CC,EP,D
14:08:32,TLKM,RG,4540,1,D,PD,EP,D
14:08:32,TLKM,RG,4540,1,D,DR,EP,D
14:08:32,TLKM,RG,4540,1,D,PD,EP,D
14:08:32,TLKM,RG,4540,5,D,CC,EP,D
14:08:32,TLKM,RG,4540,10,D,LG,EP,D
14:08:32,TLKM,RG,4540,20,D,XC,EP,D
14:08:32,TLKM,RG,4540,1,D,XC,EP,D
14:08:32,TLKM,RG,4540,50,D,AG,EP,D
14:08:32,TLKM,RG,4540,1,D,PD,EP,D
14:08:32,TLKM,RG,4540,11,D,PD,EP,D
14:08:32,TLKM,RG,4540,1,D,PD,EP,D
14:08:32,TLKM,RG,4540,2,D,PD,EP,D
14:08:32,TLKM,RG,4540,1,D,KK,EP,D
14:08:32,TLKM,RG,4540,1,D,SQ,EP,D
14:08:32,TLKM,RG,4540,10,D,DH,EP,D
14:08:32,TLKM,RG,4540,6,D,KK,EP,D
14:08:32,TLKM,RG,4540,1,D,KK,EP,D
14:08:32,TLKM,RG,4540,1,D,XC,EP,D
14:08:32,TLKM,RG,4540,20,D,YP,EP,D
14:08:32,TLKM,RG,4540,6,D,YP,EP,D
14:08:32,TLKM,RG,4540,2,D,PD,EP,D
14:08:32,TLKM,RG,4540,1,D,YP,EP,D
14:08:32,TLKM,RG,4540,2,D,CC,EP,D
14:08:32,TLKM,RG,4540,1,D,PD,EP,D
14:08:32,TLKM,RG,4540,10,D,NI,EP,D
14:08:32,TLKM,RG,4540,50,D,MG,EP,D
14:08:32,TLKM,RG,4540,1,D,PD,EP,D
14:08:32,TLKM,RG,4540,5,D,CC,EP,D
14:08:32,TLKM,RG,4540,1,D,XC,EP,D
14:08:32,TLKM,RG,4540,30,D,RO,EP,D
14:08:32,TLKM,RG,4540,2,D,PD,EP,D
14:08:32,TLKM,RG,4540,1,D,XL,EP,D
14:08:32,TLKM,RG,4540,1,D,PD,EP,D
14:08:32,TLKM,RG,4540,2,D,YJ,EP,D
14:08:32,TLKM,RG,4540,1,D,YP,EP,D
14:08:32,TLKM,RG,4540,1,D,XL,EP,D
14:08:32,TLKM,RG,4540,2,D,PD,EP,D
14:08:32,TLKM,RG,4540,1,D,PD,EP,D
14:08:32,TLKM,RG,4540,2,D,PD,EP,D
14:08:32,TLKM,RG,4540,2,D,PD,EP,D
14:08:32,TLKM,RG,4540,2,D,PD,EP,D
14:08:32,TLKM,RG,4540,3,D,XC,EP,D
14:08:32,TLKM,RG,4540,5,D,PD,EP,D
14:08:32,TLKM,RG,4540,10,D,YP,EP,D
14:08:32,TLKM,RG,4540,10,D,TP,EP,D
14:08:32,TLKM,RG,4540,30,D,EP,EP,D
14:08:32,TLKM,RG,4540,1,D,PD,EP,D
14:08:32,TLKM,RG,4540,1,D,XL,EP,D
14:08:32,TLKM,RG,4540,1,D,PD,EP,D
14:08:32,TLKM,RG,4540,2,D,NI,EP,D
14:08:32,TLKM,RG,4540,1,D,PD,EP,D
14:08:32,TLKM,RG,4540,20,D,KK,EP,D
14:08:32,TLKM,RG,4540,15,D,YP,EP,D
14:08:32,TLKM,RG,4540,1,D,LG,EP,D
14:08:32,TLKM,RG,4540,1,D,YU,EP,D
14:08:32,TLKM,RG,4540,15,D,XA,EP,D
14:08:32,TLKM,RG,4540,1,D,YP,EP,D
14:08:32,TLKM,RG,4540,5,D,PD,EP,D
14:08:32,TLKM,RG,4540,1,D,XL,EP,D
14:08:32,TLKM,RG,4540,10,D,YP,EP,D
14:08:32,TLKM,RG,4540,5,D,PD,EP,D
14:08:32,TLKM,RG,4540,100,D,PD,EP,D
14:08:32,TLKM,RG,4540,1,D,GR,EP,D
14:08:32,TLKM,RG,4540,10,D,CC,EP,D
14:08:32,TLKM,RG,4540,5,D,YP,EP,D
14:08:32,TLKM,RG,4540,5,D,PD,EP,D
14:08:32,TLKM,RG,4540,1,D,PD,EP,D
14:08:32,TLKM,RG,4540,10,D,SQ,EP,D
14:08:32,TLKM,RG,4540,1,D,AT,EP,D
14:08:32,TLKM,RG,4540,5,D,NI,EP,D
14:08:32,TLKM,RG,4540,5,D,DR,EP,D
14:08:32,TLKM,RG,4540,5,D,XC,EP,D
14:08:32,TLKM,RG,4540,1,D,XC,EP,D
14:08:32,TLKM,RG,4540,2,D,YP,EP,D
14:08:32,TLKM,RG,4540,1,D,YP,EP,D
14:08:32,TLKM,RG,4540,15,D,XL,EP,D
14:08:32,TLKM,RG,4540,2,D,GR,EP,D
14:08:32,TLKM,RG,4540,1,D,PD,EP,D
14:08:32,TLKM,RG,4540,100,D,PD,EP,D
14:08:32,TLKM,RG,4540,2,D,XC,EP,D
14:08:32,TLKM,RG,4540,10,D,PD,EP,D
14:08:32,TLKM,RG,4540,10,D,NI,EP,D
14:08:32,TLKM,RG,4540,1,D,PD,EP,D
14:08:32,TLKM,RG,4540,1,D,CC,EP,D
14:08:32,TLKM,RG,4540,1,D,KK,EP,D
14:08:32,TLKM,RG,4540,1,D,YP,EP,D
14:08:32,TLKM,RG,4540,905,F,BB,EP,D
14:08:32,TLKM,RG,4540,1,D,XC,EP,D
14:08:32,TLKM,RG,4540,20,D,XL,EP,D
14:08:32,TLKM,RG,4540,3,D,PD,EP,D
14:08:32,TLKM,RG,4540,10,D,EP,EP,D
14:08:32,TLKM,RG,4540,25,D,YP,EP,D
14:08:32,TLKM,RG,4540,1,D,PD,EP,D
14:08:32,TLKM,RG,4540,100,D,AR,EP,D
14:08:32,TLKM,RG,4540,15,D,PD,EP,D
14:08:32,TLKM,RG,4540,3,D,XC,EP,D
14:08:32,TLKM,RG,4540,6,D,NI,EP,D
14:08:32,TLKM,RG,4540,1,D,PD,EP,D
14:08:32,TLKM,RG,4540,3,D,XA,EP,D
14:08:32,TLKM,RG,4540,1,D,XC,EP,D
14:08:32,TLKM,RG,4540,4,D,XC,XC,D
14:08:32,TLKM,RG,4540,7,D,PD,XC,D
14:08:32,TLKM,RG,4540,2,D,EP,XC,D
14:08:32,TLKM,RG,4540,1,D,EP,XC,D
14:08:32,TLKM,RG,4540,8,D,YP,XC,D
14:08:32,TLKM,RG,4540,2,D,KI,XC,D
14:08:29,TLKM,RG,4550,28,D,CC,CS,F
14:08:21,TLKM,RG,4540,12,D,KI,NI,D
14:08:19,TLKM,RG,4540,1,D,KI,PD,D
14:08:17,TLKM,RG,4550,30,D,EP,CS,F
14:08:13,TLKM,RG,4550,5,D,YU,CS,F
14:08:08,TLKM,RG,4550,1,D,XC,CS,F
14:08:05,TLKM,RG,4550,1,D,CC,CS,F
14:07:58,TLKM,RG,4550,1,D,IF,CS,F
14:07:54,TLKM,RG,4540,40,D,KI,RX,F
14:07:50,TLKM,RG,4540,50,D,KI,KK,D
14:07:48,TLKM,RG,4540,64,D,KI,YU,D
14:07:46,TLKM,RG,4540,35,D,KI,AK,F
14:07:46,TLKM,RG,4550,1,D,XC,CS,F
14:07:43,TLKM,RG,4550,5,D,SQ,CS,F
14:07:27,TLKM,RG,4550,10,D,XL,CS,F
14:07:25,TLKM,RG,4540,135,D,KI,LG,D
14:07:25,TLKM,RG,4540,66,D,KI,LG,D
14:07:22,TLKM,RG,4550,2,D,PD,CS,F
14:07:22,TLKM,RG,4540,1,D,KI,XC,D
14:07:18,TLKM,RG,4540,489,D,KI,AK,D
14:07:16,TLKM,RG,4540,245,D,KI,AK,F
14:07:16,TLKM,RG,4540,269,D,KI,AK,F
14:07:15,TLKM,RG,4540,4,D,KI,PD,D
14:07:11,TLKM,RG,4540,3,D,KI,PD,D
14:06:58,TLKM,RG,4540,84,D,KI,OD,D
14:06:58,TLKM,RG,4540,246,D,KI,OD,D
14:06:55,TLKM,RG,4550,1,D,XC,CS,F
14:06:49,TLKM,RG,4550,2,D,NI,CS,F
14:06:24,TLKM,RG,4550,5,D,PD,CS,F
14:06:24,TLKM,RG,4550,5,D,PD,YP,D
14:06:24,TLKM,RG,4550,1,D,CP,YP,D
14:06:14,TLKM,RG,4550,1,D,BQ,YP,D
14:06:11,TLKM,RG,4550,11,D,EP,YP,D
14:06:06,TLKM,RG,4540,1,D,KI,YU,D
14:06:04,TLKM,RG,4540,253,D,KI,KZ,F
14:05:53,TLKM,RG,4550,2,F,BB,YP,D
14:05:53,TLKM,RG,4550,1654,F,BB,CS,F
14:05:53,TLKM,RG,4550,122,F,BB,BB,D
14:05:53,TLKM,RG,4550,2,F,BB,CS,F
14:05:53,TLKM,RG,4550,746,F,BB,CS,F
14:05:48,TLKM,RG,4550,4,F,BB,CS,F
14:05:48,TLKM,RG,4540,22,D,KI,XL,D
14:05:48,TLKM,RG,4540,1,D,KI,XL,D
14:05:47,TLKM,RG,4540,51,D,KI,BB,D
14:05:44,TLKM,RG,4550,20,D,PD,CS,F
14:05:44,TLKM,RG,4550,3,D,CC,CS,F
14:05:37,TLKM,RG,4550,1,F,ZP,CS,F
14:05:37,TLKM,RG,4550,1,F,ZP,CS,F
14:05:37,TLKM,RG,4550,3,F,CS,CS,F
14:05:37,TLKM,RG,4560,31,F,BB,AT,D
14:05:37,TLKM,RG,4550,3,F,BB,CS,F
14:05:37,TLKM,RG,4550,3,D,XC,CS,F
14:05:36,TLKM,RG,4550,7,D,EP,CS,F
14:05:36,TLKM,RG,4550,29,F,CS,CS,F
14:05:36,TLKM,RG,4550,99,F,BK,CS,F
14:05:36,TLKM,RG,4550,50,D,LG,CS,F
14:05:36,TLKM,RG,4550,21,F,AK,CS,F
14:05:36,TLKM,RG,4550,10,F,ZP,CS,F
14:05:36,TLKM,RG,4550,53,F,ZP,CS,F
14:05:36,TLKM,RG,4550,10,D,AR,CS,F
14:05:36,TLKM,RG,4550,395,D,AK,CS,F
14:05:36,TLKM,RG,4550,1,D,DR,CS,F
14:05:36,TLKM,RG,4550,2,D,CC,CS,F
14:05:36,TLKM,RG,4550,1,D,YP,CS,F
14:05:36,TLKM,RG,4550,33,D,AK,CS,F
14:05:36,TLKM,RG,4550,1,D,XC,CS,F
14:05:36,TLKM,RG,4550,1,D,YP,CS,F
14:05:36,TLKM,RG,4550,99,F,BK,CS,F
14:05:36,TLKM,RG,4550,1,D,XC,CS,F
14:05:36,TLKM,RG,4550,5,D,YP,CS,F
14:05:36,TLKM,RG,4550,658,F,BB,CS,F
14:05:36,TLKM,RG,4550,3291,F,BK,CS,F
14:05:36,TLKM,RG,4550,51,F,AK,CS,F
14:05:36,TLKM,RG,4550,32,F,ZP,CS,F
14:05:36,TLKM,RG,4550,23,F,CS,CS,F
14:05:36,TLKM,RG,4550,1,D,YP,CS,F
14:05:36,TLKM,RG,4550,30,D,AK,CS,F
14:05:36,TLKM,RG,4550,1,D,PD,CS,F
14:05:36,TLKM,RG,4550,2,D,XC,CS,F
14:05:36,TLKM,RG,4550,1,D,YP,CS,F
14:05:36,TLKM,RG,4550,2,D,NI,CS,F
14:05:36,TLKM,RG,4550,38,F,AK,CS,F
14:05:36,TLKM,RG,4550,38,F,CS,CS,F
14:05:36,TLKM,RG,4550,20,D,NI,CS,F
14:05:36,TLKM,RG,4550,432,D,AK,CS,F
14:05:36,TLKM,RG,4550,1,F,ZP,CS,F
14:05:36,TLKM,RG,4550,6,F,ZP,CS,F
14:05:36,TLKM,RG,4550,24,F,AK,CS,F
14:05:36,TLKM,RG,4550,1,D,CC,CS,F
14:05:36,TLKM,RG,4550,5,F,ZP,CS,F
14:05:36,TLKM,RG,4550,1,D,SQ,CS,F
14:05:36,TLKM,RG,4550,1,F,ZP,CS,F
14:05:36,TLKM,RG,4550,955,F,BB,CS,F
14:05:36,TLKM,RG,4550,1,D,PD,CS,F
14:05:36,TLKM,RG,4550,6,F,ZP,CS,F
14:05:36,TLKM,RG,4550,1,D,PD,CS,F
14:05:36,TLKM,RG,4550,1,F,ZP,CS,F
14:05:36,TLKM,RG,4550,10,D,PD,CS,F
14:05:36,TLKM,RG,4550,6,F,ZP,CS,F
14:05:36,TLKM,RG,4550,1,F,ZP,CS,F
14:05:36,TLKM,RG,4550,47,F,BK,CS,F
14:05:36,TLKM,RG,4550,100,F,CC,CS,F
14:05:36,TLKM,RG,4550,125,F,DX,CS,F
14:05:36,TLKM,RG,4550,10,D,NI,CS,F
14:05:36,TLKM,RG,4550,100,D,CP,CS,F
14:05:36,TLKM,RG,4550,2,D,CC,CS,F
14:05:36,TLKM,RG,4550,1,D,YP,CS,F
14:05:36,TLKM,RG,4550,1,D,YP,CS,F
14:05:36,TLKM,RG,4550,1,D,YP,CS,F
14:05:36,TLKM,RG,4550,3,D,YP,CS,F
14:05:36,TLKM,RG,4550,3,D,YP,CS,F
14:05:36,TLKM,RG,4550,3,D,YP,CS,F
14:05:36,TLKM,RG,4550,10,D,NI,CS,F
14:05:36,TLKM,RG,4550,2,D,XL,CS,F
14:05:36,TLKM,RG,4550,2,D,XL,CS,F
14:05:36,TLKM,RG,4550,6,D,AG,CS,F
14:05:36,TLKM,RG,4550,100,D,PD,CS,F
14:05:36,TLKM,RG,4550,1,D,XC,CS,F
14:05:36,TLKM,RG,4550,3,D,NI,CS,F
14:05:36,TLKM,RG,4550,1,D,XC,CS,F
14:05:36,TLKM,RG,4550,1000,F,PD,CS,F
14:05:36,TLKM,RG,4550,1000,D,PD,CS,F
14:05:36,TLKM,RG,4550,30,D,YP,CS,F
14:05:36,TLKM,RG,4550,3,D,LG,CS,F
14:05:36,TLKM,RG,4550,25,D,PD,CS,F
14:05:36,TLKM,RG,4550,5,D,KK,CS,F
14:05:36,TLKM,RG,4550,1,D,YP,CS,F
14:05:36,TLKM,RG,4550,10,D,NI,CS,F
14:05:36,TLKM,RG,4550,4,D,OD,CS,F
14:05:36,TLKM,RG,4550,33,D,OD,CS,F
14:05:36,TLKM,RG,4550,6,D,OD,CS,F
14:05:36,TLKM,RG,4550,45,D,OD,CS,F
14:05:36,TLKM,RG,4550,2,D,PD,CS,F
14:05:36,TLKM,RG,4550,1,D,CC,CS,F
14:05:36,TLKM,RG,4550,1,D,PD,CS,F
14:05:36,TLKM,RG,4550,1,D,YP,CS,F
14:05:36,TLKM,RG,4550,1000,F,PD,CS,F
14:05:36,TLKM,RG,4550,1,D,PD,CS,F
14:05:36,TLKM,RG,4550,1,D,CC,CS,F
14:05:36,TLKM,RG,4550,30,D,NI,CS,F
14:05:36,TLKM,RG,4550,2,D,YB,CS,F
14:05:36,TLKM,RG,4550,1000,D,HD,CS,F
14:05:36,TLKM,RG,4550,30,D,XL,CS,F
14:05:36,TLKM,RG,4550,5,D,PD,CS,F
14:05:36,TLKM,RG,4550,2587,F,BK,CS,F
14:05:36,TLKM,RG,4550,2,F,BK,CS,F
14:05:34,TLKM,RG,4560,1,F,BB,AT,D
14:05:26,TLKM,RG,4550,7,F,BK,CS,F
14:05:24,TLKM,RG,4550,6,F,BK,PD,D
14:05:18,TLKM,RG,4550,10,F,BK,PD,D
14:05:16,TLKM,RG,4560,1,F,BB,AT,D
14:05:16,TLKM,RG,4550,1,F,BK,CS,F
14:05:06,TLKM,RG,4550,4,F,BK,CS,F
14:05:01,TLKM,RG,4560,9,D,AR,AT,D
14:05:01,TLKM,RG,4560,1,D,XC,AT,D
14:04:57,TLKM,RG,4550,1,F,BK,CS,F
14:04:56,TLKM,RG,4560,1,F,BB,AT,D
14:04:56,TLKM,RG,4550,2,F,BK,CS,F
14:04:49,TLKM,RG,4550,7,F,BK,XC,D
14:04:36,TLKM,RG,4550,2,F,BK,PD,D
14:04:31,TLKM,RG,4560,1,D,XC,AT,D
14:04:09,TLKM,RG,4560,2,D,NI,AT,D
14:04:06,TLKM,RG,4560,142,F,BB,AT,D
14:04:05,TLKM,RG,4560,10,D,CC,AT,D
14:04:03,TLKM,RG,4550,2688,F,BK,AK,F
14:03:34,TLKM,RG,4560,1,F,BB,AT,D
14:03:34,TLKM,RG,4560,10,D,PD,AT,D
14:03:22,TLKM,RG,4560,1,D,PD,AT,D
14:03:21,TLKM,RG,4560,1,D,XC,AT,D
14:03:16,TLKM,RG,4560,1,D,YU,AT,D
14:03:12,TLKM,RG,4560,1,D,PD,AT,D
14:03:12,TLKM,RG,4560,11,F,BB,AT,D
14:03:12,TLKM,RG,4560,2,D,YU,AT,D
14:03:02,TLKM,RG,4560,2,F,BB,AT,D
14:03:02,TLKM,RG,4560,218,D,EP,AT,D
14:02:55,TLKM,RG,4560,31,D,BQ,AT,D
14:02:55,TLKM,RG,4550,3,F,BK,AK,F
14:02:54,TLKM,RG,4550,10,F,BK,PD,D
14:02:39,TLKM,RG,4560,1,F,BB,AT,D
14:02:37,TLKM,RG,4550,5,F,BK,KK,D
14:02:30,TLKM,RG,4550,5,F,BK,AK,F
14:02:22,TLKM,RG,4560,1,D,CP,AT,D
14:02:15,TLKM,RG,4550,1,F,BK,AK,F
14:02:11,TLKM,RG,4560,208,F,BB,AT,D
14:02:03,TLKM,RG,4550,551,F,BK,AK,F
14:02:03,TLKM,RG,4550,10,D,YP,AK,F
14:02:03,TLKM,RG,4550,20,D,GR,AK,F
14:02:03,TLKM,RG,4550,1,D,PD,AK,F
14:02:03,TLKM,RG,4550,1,D,XC,AK,F
14:02:03,TLKM,RG,4550,1,D,PD,AK,F
14:02:03,TLKM,RG,4550,2,D,XC,AK,F
14:02:03,TLKM,RG,4550,15,D,EP,AK,F
14:02:03,TLKM,RG,4550,2,D,XC,AK,F
14:02:03,TLKM,RG,4550,10,D,XL,AK,F
14:02:03,TLKM,RG,4550,2,D,XL,AK,F
14:02:03,TLKM,RG,4550,1,D,XL,AK,F
14:02:03,TLKM,RG,4550,2,D,XC,AK,F
14:02:03,TLKM,RG,4550,4,D,XC,AK,F
14:02:03,TLKM,RG,4550,500,D,YP,AK,F
14:02:03,TLKM,RG,4550,1,D,XC,AK,F
14:02:03,TLKM,RG,4550,1,D,XC,AK,F
14:02:03,TLKM,RG,4550,29,D,XC,AK,F
14:02:03,TLKM,RG,4550,5,D,YP,AK,F
14:02:03,TLKM,RG,4550,2,D,PD,AK,F
14:02:03,TLKM,RG,4550,8,D,PD,AK,F
14:02:03,TLKM,RG,4550,10,D,YP,AK,F
14:02:03,TLKM,RG,4550,2,D,PD,AK,F
14:02:03,TLKM,RG,4550,2,D,PD,AK,F
14:02:03,TLKM,RG,4550,107,D,KK,AK,F
14:02:03,TLKM,RG,4550,2,D,CC,AK,F
14:02:03,TLKM,RG,4550,2,D,PD,AK,F
14:02:03,TLKM,RG,4550,1,D,PD,AK,F
14:02:03,TLKM,RG,4550,3,D,PD,AK,F
14:02:03,TLKM,RG,4550,3,D,EP,AK,F
14:02:03,TLKM,RG,4550,110,D,GR,AK,F
14:02:03,TLKM,RG,4550,4,D,AZ,AK,F
14:02:03,TLKM,RG,4550,1,D,NI,AK,F
14:02:03,TLKM,RG,4550,1055,F,BB,AK,F
14:02:03,TLKM,RG,4550,8,D,XC,AK,F
14:02:03,TLKM,RG,4550,10,D,PD,AK,F
14:02:03,TLKM,RG,4550,1,D,YP,AK,F
14:02:03,TLKM,RG,4550,1,D,PD,AK,F
14:02:03,TLKM,RG,4550,5,D,YP,AK,F
14:02:03,TLKM,RG,4550,1,D,PD,AK,F
14:02:03,TLKM,RG,4550,5,D,CC,AK,F
14:02:03,TLKM,RG,4550,1,D,XC,AK,F
14:02:03,TLKM,RG,4550,1,D,PD,AK,F
14:02:03,TLKM,RG,4550,1,D,XL,AK,F
14:02:03,TLKM,RG,4550,2,D,PD,AK,F
14:02:03,TLKM,RG,4550,2,D,XC,AK,F
14:02:03,TLKM,RG,4550,1,D,YP,AK,F
14:02:03,TLKM,RG,4550,1,D,PD,AK,F
14:02:03,TLKM,RG,4550,50,D,PD,AK,F
14:02:03,TLKM,RG,4550,5,D,CC,AK,F
14:02:03,TLKM,RG,4550,2,F,YP,AK,F
14:02:03,TLKM,RG,4550,1,D,XC,AK,F
14:02:03,TLKM,RG,4550,2,D,CC,AK,F
14:02:03,TLKM,RG,4550,3,D,XC,AK,F
14:02:03,TLKM,RG,4550,1,D,PD,AK,F
14:02:03,TLKM,RG,4550,1,D,XC,AK,F
14:02:03,TLKM,RG,4550,4,D,NI,AK,F
14:02:03,TLKM,RG,4550,2,D,TF,AK,F
14:02:03,TLKM,RG,4550,1,D,PD,AK,F
14:02:03,TLKM,RG,4550,2,D,YJ,AK,F
14:02:03,TLKM,RG,4550,22,D,XC,AK,F
14:02:03,TLKM,RG,4550,1,D,AT,AK,F
14:02:03,TLKM,RG,4550,1,D,PD,AK,F
14:02:03,TLKM,RG,4550,10,D,CC,AK,F
14:02:03,TLKM,RG,4550,20,D,YP,AK,F
14:02:03,TLKM,RG,4550,5,D,YP,AK,F
14:02:03,TLKM,RG,4550,10,D,YP,AK,F
14:02:03,TLKM,RG,4550,5,D,TP,AK,F
14:02:03,TLKM,RG,4550,1,D,PD,AK,F
14:02:03,TLKM,RG,4550,10,D,EP,AK,F
14:02:03,TLKM,RG,4550,1,D,KK,AK,F
14:02:03,TLKM,RG,4550,2,D,NI,AK,F
14:02:03,TLKM,RG,4550,1,D,YP,AK,F
14:02:03,TLKM,RG,4550,1,D,PD,AK,F
14:02:03,TLKM,RG,4550,7,D,CC,AK,F
14:02:03,TLKM,RG,4550,4,D,ZP,AK,F
14:02:03,TLKM,RG,4550,5,D,KK,AK,F
14:02:03,TLKM,RG,4550,1,D,XL,AK,F
14:02:03,TLKM,RG,4550,4,D,SQ,AK,F
14:02:03,TLKM,RG,4550,2,D,PD,AK,F
14:02:03,TLKM,RG,4550,20,D,XC,AK,F
14:02:03,TLKM,RG,4550,3,D,PD,AK,F
14:02:03,TLKM,RG,4550,3,D,CC,AK,F
14:02:03,TLKM,RG,4550,15,D,XA,AK,F
14:02:03,TLKM,RG,4550,5,D,PD,AK,F
14:02:03,TLKM,RG,4550,2,D,YP,AK,F
14:02:03,TLKM,RG,4550,5,D,PD,AK,F
14:02:03,TLKM,RG,4550,1,D,YP,AK,F
14:02:03,TLKM,RG,4550,1,D,CC,AK,F
14:02:03,TLKM,RG,4550,1,D,XC,AK,F
14:02:03,TLKM,RG,4550,10,D,CC,AK,F
14:02:03,TLKM,RG,4550,1,D,XL,AK,F
14:02:03,TLKM,RG,4550,10,D,XC,AK,F
14:02:03,TLKM,RG,4550,15,D,NI,AK,F
14:02:03,TLKM,RG,4550,1,D,XC,AK,F
14:02:03,TLKM,RG,4550,5,D,KK,AK,F
14:02:03,TLKM,RG,4550,3,D,PD,AK,F
14:02:03,TLKM,RG,4550,1,D,XL,AK,F
14:02:03,TLKM,RG,4550,100,D,PD,AK,F
14:02:03,TLKM,RG,4550,3,D,PD,AK,F
14:02:03,TLKM,RG,4550,1,D,XC,AK,F
14:02:03,TLKM,RG,4550,1,D,XC,AK,F
14:02:03,TLKM,RG,4550,20,D,YP,AK,F
14:02:03,TLKM,RG,4550,1,D,XC,AK,F
14:02:03,TLKM,RG,4550,5,D,PD,AK,F
14:02:03,TLKM,RG,4550,100,D,KK,AK,F
14:02:03,TLKM,RG,4550,1,D,XC,AK,F
14:02:03,TLKM,RG,4550,10,D,YB,AK,F
14:02:03,TLKM,RG,4550,25,D,CC,AK,F
14:02:03,TLKM,RG,4550,1,D,PD,AK,F
14:02:03,TLKM,RG,4550,10,D,XL,AK,F
14:02:03,TLKM,RG,4550,1,D,YP,AK,F
14:02:03,TLKM,RG,4550,10,D,CC,AK,F
14:02:03,TLKM,RG,4550,5,D,DH,AK,F
14:02:03,TLKM,RG,4550,1,D,KK,AK,F
14:02:03,TLKM,RG,4550,1,D,YP,AK,F
14:02:03,TLKM,RG,4550,10,D,LG,AK,F
14:02:03,TLKM,RG,4550,25,D,YP,AK,F
14:02:03,TLKM,RG,4550,1,D,CC,AK,F
14:02:03,TLKM,RG,4550,10,D,YP,AK,F
14:02:03,TLKM,RG,4550,1,D,SQ,AK,F
14:02:03,TLKM,RG,4550,1,D,AT,AK,F
14:02:03,TLKM,RG,4550,3,D,NI,AK,F
14:02:03,TLKM,RG,4550,1,D,NI,AK,F
14:02:03,TLKM,RG,4550,1,D,PD,AK,F
14:02:03,TLKM,RG,4550,10,D,PD,AK,F
14:02:03,TLKM,RG,4550,5,D,DR,AK,F
14:02:03,TLKM,RG,4550,1,D,YP,AK,F
14:02:03,TLKM,RG,4550,1,D,PD,AK,F
14:02:03,TLKM,RG,4550,3,D,YP,AK,F
14:02:03,TLKM,RG,4550,18,D,XC,AK,F
14:02:03,TLKM,RG,4550,1,D,PD,AK,F
14:02:03,TLKM,RG,4550,1,D,PD,AK,F
14:02:03,TLKM,RG,4550,1,D,SQ,AK,F
14:02:03,TLKM,RG,4550,20,D,EP,AK,F
14:02:03,TLKM,RG,4550,1,D,YP,AK,F
14:02:03,TLKM,RG,4550,10,D,OD,AK,F
14:02:03,TLKM,RG,4550,1,D,PD,AK,F
14:02:03,TLKM,RG,4550,4,D,YP,AK,F
14:02:03,TLKM,RG,4550,3,D,CC,AK,F
14:02:03,TLKM,RG,4550,721,F,BB,AK,F
14:01:54,TLKM,RG,4560,1,D,PD,AT,D
14:01:47,TLKM,RG,4560,65,F,BB,AT,D
14:01:45,TLKM,RG,4550,111,F,BB,AK,F
14:01:45,TLKM,RG,4550,121,F,BB,AK,F
14:01:42,TLKM,RG,4560,2,D,YP,AT,D
14:01:41,TLKM,RG,4560,3,F,BB,AT,D
14:01:40,TLKM,RG,4560,299,D,PD,AT,D
14:01:40,TLKM,RG,4560,700,F,PD,AT,D
14:01:39,TLKM,RG,4560,1,F,ZP,AT,D
14:01:39,TLKM,RG,4560,6,F,ZP,AT,D
14:01:39,TLKM,RG,4560,37,D,AK,AT,D
14:01:39,TLKM,RG,4560,1,F,ZP,AT,D
14:01:39,TLKM,RG,4560,11,F,ZP,AT,D
14:01:39,TLKM,RG,4560,69,F,BB,AT,D
14:01:35,TLKM,RG,4560,15,F,BB,PD,D
14:01:33,TLKM,RG,4560,1,F,BB,PD,D
14:01:30,TLKM,RG,4560,205,F,BB,CS,F
14:01:29,TLKM,RG,4560,259,F,BB,ZP,F
14:01:29,TLKM,RG,4560,104,F,BB,BB,D
14:01:29,TLKM,RG,4560,2,F,BB,CS,F
14:01:29,TLKM,RG,4560,480,F,BB,RX,D
14:01:24,TLKM,RG,4550,1,F,BB,XL,D
14:01:23,TLKM,RG,4550,1,F,BB,RX,F
14:01:23,TLKM,RG,4550,50,D,NI,RX,F
14:01:23,TLKM,RG,4550,1,D,PD,RX,F
14:01:23,TLKM,RG,4550,1,D,YP,RX,F
14:01:21,TLKM,RG,4560,25,F,AK,RX,D
14:01:21,TLKM,RG,4560,546,D,AK,RX,D
14:01:21,TLKM,RG,4560,26,F,AK,RX,D
14:01:21,TLKM,RG,4560,463,D,AK,RX,D
14:01:21,TLKM,RG,4560,42,F,AK,RX,D
14:01:21,TLKM,RG,4560,66,F,CS,RX,D
14:01:21,TLKM,RG,4560,22,D,DR,RX,D
14:01:21,TLKM,RG,4560,2,D,NI,RX,D
14:01:21,TLKM,RG,4560,3,F,BB,RX,D
14:01:21,TLKM,RG,4560,6,D,YP,RX,D
14:01:21,TLKM,RG,4560,122,F,BK,RX,D
14:01:21,TLKM,RG,4560,369,F,DX,RX,D
14:01:21,TLKM,RG,4560,2,D,PD,RX,D
14:01:21,TLKM,RG,4560,299,D,PD,RX,D
14:01:21,TLKM,RG,4560,700,F,PD,RX,D
14:01:21,TLKM,RG,4560,7,D,NI,RX,D
14:01:21,TLKM,RG,4560,555,F,BB,RX,D
14:01:21,TLKM,RG,4560,100,D,CC,RX,D
14:01:21,TLKM,RG,4560,1,F,ZP,RX,D
14:01:21,TLKM,RG,4560,1,D,YP,RX,D
14:01:21,TLKM,RG,4560,20,F,ZP,RX,D
14:01:21,TLKM,RG,4560,42,F,CC,RX,D
14:01:21,TLKM,RG,4560,10,D,OD,RX,D
14:01:21,TLKM,RG,4560,82,D,OD,RX,D
14:01:21,TLKM,RG,4560,14,D,OD,RX,D
14:01:21,TLKM,RG,4560,113,D,OD,RX,D
14:01:21,TLKM,RG,4560,7,D,YU,RX,D
14:01:21,TLKM,RG,4560,1,D,NI,RX,D
14:01:21,TLKM,RG,4560,50,D,PD,RX,D
14:01:21,TLKM,RG,4560,1,D,XC,RX,D
14:01:21,TLKM,RG,4560,20,D,PD,RX,D
14:01:21,TLKM,RG,4560,118,D,AK,RX,D
14:01:21,TLKM,RG,4560,500,D,AK,RX,D
14:01:21,TLKM,RG,4560,47,F,AK,RX,D
14:01:21,TLKM,RG,4560,32,F,AK,RX,D
14:01:21,TLKM,RG,4560,1,D,XL,RX,D
14:01:21,TLKM,RG,4560,4,D,CC,RX,D
14:01:21,TLKM,RG,4560,46,F,BK,RX,D
14:01:21,TLKM,RG,4560,42,F,CS,RX,D
14:01:21,TLKM,RG,4560,19,F,ZP,RX,D
14:01:21,TLKM,RG,4560,1,D,CC,RX,D
14:01:21,TLKM,RG,4560,1,D,NI,RX,D
14:01:21,TLKM,RG,4560,157,F,ZP,RX,D
14:01:21,TLKM,RG,4560,33,F,ZP,RX,D
14:01:21,TLKM,RG,4560,2197,D,LG,RX,D
14:01:21,TLKM,RG,4560,10,D,SC,RX,D
14:01:21,TLKM,RG,4560,1,D,PD,RX,D
14:01:21,TLKM,RG,4560,41,F,CS,RX,D
14:01:21,TLKM,RG,4560,2,D,NI,RX,D
14:01:21,TLKM,RG,4560,10,D,XL,RX,D
14:01:21,TLKM,RG,4560,1,D,YP,RX,D
14:01:21,TLKM,RG,4560,111,F,BK,RX,D
14:01:21,TLKM,RG,4560,30,D,CD,RX,D
14:01:21,TLKM,RG,4560,1000,D,PD,RX,D
14:01:21,TLKM,RG,4560,1,D,XC,RX,D
14:01:21,TLKM,RG,4560,1,D,XC,RX,D
14:01:21,TLKM,RG,4560,1000,F,PD,RX,D
14:01:21,TLKM,RG,4560,5,D,YP,RX,D
14:01:21,TLKM,RG,4560,5,D,CC,RX,D
14:01:21,TLKM,RG,4560,1,D,PD,RX,D
14:01:21,TLKM,RG,4560,315,F,DX,RX,D
14:01:21,TLKM,RG,4560,33,F,CS,RX,D
14:01:21,TLKM,RG,4560,2,D,XL,RX,D
14:01:21,TLKM,RG,4560,126,F,BK,RX,D
14:01:21,TLKM,RG,4560,100,D,MG,RX,D
14:01:21,TLKM,RG,4560,1,D,LG,RX,D
14:01:21,TLKM,RG,4560,5,D,YP,RX,D
14:01:21,TLKM,RG,4560,50,F,AK,RX,D
14:01:21,TLKM,RG,4560,470,D,AK,RX,D
14:01:21,TLKM,RG,4560,137,F,BK,RX,D
14:01:21,TLKM,RG,4560,50,D,EP,RX,D
14:01:21,TLKM,RG,4560,6475,F,BK,RX,D
14:01:21,TLKM,RG,4560,10,D,LG,RX,D
14:01:21,TLKM,RG,4560,62,F,CS,RX,D
14:01:21,TLKM,RG,4560,25,D,ZP,RX,D
14:01:21,TLKM,RG,4560,1,D,PD,RX,D
14:01:21,TLKM,RG,4560,9,D,EP,RX,D
14:01:21,TLKM,RG,4560,5,D,XC,RX,D
14:01:21,TLKM,RG,4560,2,F,BK,RX,D
14:01:21,TLKM,RG,4560,24,F,AK,RX,D
14:01:21,TLKM,RG,4560,1,D,YP,RX,D
14:01:21,TLKM,RG,4560,329,F,DX,RX,D
14:01:21,TLKM,RG,4560,4,F,BK,RX,D
14:01:21,TLKM,RG,4560,129,F,BK,RX,D
14:01:21,TLKM,RG,4560,124,D,EP,RX,D
14:01:21,TLKM,RG,4560,23,F,CS,RX,D
14:01:21,TLKM,RG,4560,458,D,AK,RX,D
14:01:21,TLKM,RG,4560,29,D,AK,RX,D
14:01:21,TLKM,RG,4560,4,D,YP,RX,D
14:01:21,TLKM,RG,4560,127,F,BK,RX,D
14:01:21,TLKM,RG,4560,10,D,PD,RX,D
14:01:21,TLKM,RG,4560,1,D,PD,RX,D
14:01:21,TLKM,RG,4560,5,D,XL,RX,D
14:01:21,TLKM,RG,4560,10,D,XC,RX,D
14:01:21,TLKM,RG,4560,5,D,YP,RX,D
14:01:21,TLKM,RG,4560,67,F,CS,RX,D
14:01:21,TLKM,RG,4560,130,F,BK,RX,D
14:01:21,TLKM,RG,4560,23,F,AK,RX,D
14:01:21,TLKM,RG,4560,10,D,DH,RX,D
14:01:21,TLKM,RG,4560,72,F,AK,RX,D
14:01:21,TLKM,RG,4560,10,F,BK,RX,D
14:01:21,TLKM,RG,4560,54,D,EP,RX,D
14:01:21,TLKM,RG,4560,1,D,XC,RX,D
14:01:21,TLKM,RG,4560,40,D,PD,RX,D
14:01:21,TLKM,RG,4560,336,F,DX,RX,D
14:01:21,TLKM,RG,4560,2482,F,BK,RX,D
14:01:14,TLKM,RG,4570,6,F,ZP,CS,F
14:01:14,TLKM,RG,4570,1,D,CC,CS,F
14:01:06,TLKM,RG,4560,63,F,BK,AK,D
14:01:03,TLKM,RG,4570,150,D,EP,CS,F
14:01:01,TLKM,RG,4570,6,F,ZP,CS,F
14:00:55,TLKM,RG,4570,6,F,ZP,CS,F
14:00:55,TLKM,RG,4570,5,D,PD,CS,F
14:00:43,TLKM,RG,4570,147,D,EP,CS,F
14:00:43,TLKM,RG,4570,75,D,EP,AK,F
14:00:37,TLKM,RG,4570,7,F,ZP,AK,F
14:00:22,TLKM,RG,4570,6,F,ZP,AK,F
14:00:18,TLKM,RG,4570,1,D,CC,AK,F
14:00:10,TLKM,RG,4570,575,F,BK,AK,F
14:00:03,TLKM,RG,4570,5,F,ZP,AK,F
14:00:03,TLKM,RG,4560,100,F,BK,YP,D
13:59:46,TLKM,RG,4560,15,F,BK,NI,D
13:59:42,TLKM,RG,4570,557,F,BK,AK,F
13:59:04,TLKM,RG,4570,3,F,ZP,AK,F
13:59:04,TLKM,RG,4560,274,F,BK,KZ,F
13:58:40,TLKM,RG,4560,570,F,BK,IF,D
13:58:18,TLKM,RG,4560,2070,F,BK,AK,F
13:58:18,TLKM,RG,4560,10,D,LG,AK,F
13:58:18,TLKM,RG,4560,50,D,LG,AK,F
13:58:18,TLKM,RG,4560,135,F,BK,AK,F
13:58:18,TLKM,RG,4560,410,D,AK,AK,F
13:58:18,TLKM,RG,4560,32,D,AK,AK,F
13:58:18,TLKM,RG,4560,10,D,PD,AK,F
13:58:18,TLKM,RG,4560,27,F,YU,AK,F
13:58:18,TLKM,RG,4560,1,D,PD,AK,F
13:58:18,TLKM,RG,4560,10,D,PD,AK,F
13:58:18,TLKM,RG,4560,7,F,ZP,AK,F
13:58:18,TLKM,RG,4560,1,D,XL,AK,F
13:58:18,TLKM,RG,4560,1,F,ZP,AK,F
13:58:18,TLKM,RG,4560,2,D,PD,AK,F
13:58:18,TLKM,RG,4560,1,F,ZP,AK,F
13:58:18,TLKM,RG,4560,6,F,ZP,AK,F
13:58:18,TLKM,RG,4560,1,F,ZP,AK,F
13:58:18,TLKM,RG,4560,34,F,AK,AK,F
13:58:18,TLKM,RG,4560,5,D,CC,AK,F
13:58:18,TLKM,RG,4560,4,F,ZP,AK,F
13:58:18,TLKM,RG,4560,1,F,ZP,AK,F
13:58:18,TLKM,RG,4560,23,F,CS,AK,F
13:58:18,TLKM,RG,4560,3,D,YP,AK,F
13:58:18,TLKM,RG,4560,55,F,BK,AK,F
13:58:18,TLKM,RG,4560,3,D,YP,AK,F
13:58:18,TLKM,RG,4560,22,F,AK,AK,F
13:58:18,TLKM,RG,4560,1000,F,PD,AK,F
13:58:18,TLKM,RG,4560,7,F,ZP,AK,F
13:58:18,TLKM,RG,4560,500,D,YB,AK,F
13:58:18,TLKM,RG,4560,47,F,BK,AK,F
13:58:18,TLKM,RG,4560,50,D,EP,AK,F
13:58:18,TLKM,RG,4560,5,D,PD,AK,F
13:58:18,TLKM,RG,4560,1,D,PD,AK,F
13:58:18,TLKM,RG,4560,57,F,DX,AK,F
13:58:18,TLKM,RG,4560,5,D,DR,AK,F
13:58:18,TLKM,RG,4560,25,D,PD,AK,F
13:58:18,TLKM,RG,4560,245,D,LG,AK,F
13:58:18,TLKM,RG,4560,30,D,LG,AK,F
13:58:18,TLKM,RG,4560,338,D,LG,AK,F
13:58:18,TLKM,RG,4560,42,D,LG,AK,F
13:58:18,TLKM,RG,4560,500,D,KK,AK,F
13:58:18,TLKM,RG,4560,1,D,XC,AK,F
13:58:18,TLKM,RG,4560,979,F,BK,AK,F
13:58:12,TLKM,RG,4570,4,F,ZP,AK,F
13:57:53,TLKM,RG,4570,89,F,BK,AK,F
13:57:52,TLKM,RG,4570,6,F,ZP,AK,F
13:57:40,TLKM,RG,4560,1,F,BK,NI,D
13:57:32,TLKM,RG,4570,5,F,ZP,AK,F
13:57:14,TLKM,RG,4570,5,F,ZP,AK,F
13:56:56,TLKM,RG,4570,6,D,EP,AK,F
13:56:55,TLKM,RG,4570,6,F,ZP,AK,F
13:56:49,TLKM,RG,4570,7,F,ZP,AK,F
13:56:37,TLKM,RG,4570,6,F,ZP,AK,F
13:56:21,TLKM,RG,4560,1,F,BK,PD,D
13:56:17,TLKM,RG,4570,2,F,ZP,AK,F
13:55:47,TLKM,RG,4560,18,F,BK,DR,D
13:55:47,TLKM,RG,4570,1287,D,IF,AK,F
13:55:47,TLKM,RG,4570,10,D,IF,AK,F
13:55:47,TLKM,RG,4570,2,D,IF,AK,F
13:55:47,TLKM,RG,4570,3,D,IF,AK,F
13:55:47,TLKM,RG,4570,93,D,IF,AK,F
13:55:47,TLKM,RG,4570,103,D,IF,AK,F
13:55:47,TLKM,RG,4570,48,D,IF,AK,F
13:55:47,TLKM,RG,4570,3024,D,IF,RX,D
13:55:00,TLKM,RG,4570,250,D,IF,RX,D
13:54:48,TLKM,RG,4560,18,F,BK,HP,D
13:54:38,TLKM,RG,4570,7,F,ZP,RX,D
13:54:34,TLKM,RG,4560,2,F,BK,XC,D
13:54:17,TLKM,RG,4560,13,F,BK,PD,D
13:54:12,TLKM,RG,4560,1,F,BK,GR,D
13:53:28,TLKM,RG,4560,20,F,BK,EP,D
13:52:48,TLKM,RG,4560,3145,F,BK,AK,F
13:52:48,TLKM,RG,4560,3,D,XC,AK,F
13:52:48,TLKM,RG,4560,1096,D,CC,AK,F
13:52:48,TLKM,RG,4560,1,D,PD,AK,F
13:52:48,TLKM,RG,4560,21,D,DR,AK,F
13:52:48,TLKM,RG,4560,50,D,DR,AK,F
13:52:48,TLKM,RG,4560,1,D,XC,AK,F
13:52:48,TLKM,RG,4560,1,D,XL,AK,F
13:52:48,TLKM,RG,4560,1,D,CC,AK,F
13:52:48,TLKM,RG,4560,304,D,EP,AK,F
13:52:48,TLKM,RG,4560,22,D,EP,AK,F
13:52:48,TLKM,RG,4560,1,D,YP,AK,F
13:52:48,TLKM,RG,4560,1,D,YP,AK,F
13:52:48,TLKM,RG,4560,2,D,PD,AK,F
13:52:48,TLKM,RG,4560,33,D,NI,AK,F
13:52:48,TLKM,RG,4560,2,D,PD,AK,F
13:52:48,TLKM,RG,4560,1,D,PD,AK,F
13:52:48,TLKM,RG,4560,1,D,XL,AK,F
13:52:48,TLKM,RG,4560,2,D,XL,AK,F
13:52:48,TLKM,RG,4560,15,D,CC,AK,F
13:52:48,TLKM,RG,4560,300,D,XL,AK,F
13:52:48,TLKM,RG,4560,1,D,XL,AK,F
13:52:48,TLKM,RG,4560,1,D,XC,AK,F
13:52:48,TLKM,RG,4560,1,D,XC,AK,F
13:52:48,TLKM,RG,4560,110,D,EP,AK,F
13:52:48,TLKM,RG,4560,40,D,EP,AK,F
13:52:48,TLKM,RG,4560,139,D,EP,AK,F
13:52:48,TLKM,RG,4560,70,D,YP,AK,F
13:52:48,TLKM,RG,4560,200,D,EP,AK,F
13:52:48,TLKM,RG,4560,1,D,XC,AK,F
13:52:48,TLKM,RG,4560,25,D,MK,AK,F
13:52:48,TLKM,RG,4560,1,D,XL,AK,F
13:52:48,TLKM,RG,4560,2,D,BQ,AK,F
13:52:48,TLKM,RG,4560,20,D,YP,AK,F
13:52:48,TLKM,RG,4560,2,D,PD,AK,F
13:52:48,TLKM,RG,4560,5,D,PD,AK,F
13:52:48,TLKM,RG,4560,10,D,PD,AK,F
13:52:48,TLKM,RG,4560,3,D,YP,AK,F
13:52:48,TLKM,RG,4560,20,D,YP,AK,F
13:52:48,TLKM,RG,4560,1,D,PD,AK,F
13:52:48,TLKM,RG,4560,1,D,PD,AK,F
13:52:48,TLKM,RG,4560,1,D,PD,AK,F
13:52:48,TLKM,RG,4560,1,D,PD,AK,F
13:52:48,TLKM,RG,4560,100,D,DX,AK,F
13:52:48,TLKM,RG,4560,3,D,PD,AK,F
13:52:48,TLKM,RG,4560,3,D,PD,AK,F
13:52:48,TLKM,RG,4560,5,D,PD,AK,F
13:52:48,TLKM,RG,4560,100,D,EP,AK,F
13:52:48,TLKM,RG,4560,8,D,CC,AK,F
13:52:48,TLKM,RG,4560,5,D,EP,AK,F
13:52:48,TLKM,RG,4560,4,D,AZ,AK,F
13:52:48,TLKM,RG,4560,1097,D,MK,AK,F
13:52:48,TLKM,RG,4560,855,F,BB,AK,F
13:52:48,TLKM,RG,4560,5,D,GR,AK,F
13:52:48,TLKM,RG,4560,10,D,YB,AK,F
13:52:48,TLKM,RG,4560,1,D,PD,AK,F
13:52:48,TLKM,RG,4560,1,D,YP,AK,F
13:52:48,TLKM,RG,4560,2,D,PD,AK,F
13:52:48,TLKM,RG,4560,1,D,PD,AK,F
13:52:48,TLKM,RG,4560,1,D,DX,AK,F
13:52:48,TLKM,RG,4560,2,D,KK,AK,F
13:52:48,TLKM,RG,4560,4,D,XC,AK,F
13:52:48,TLKM,RG,4560,2,D,PD,AK,F
13:52:48,TLKM,RG,4560,1,D,XC,AK,F
13:52:48,TLKM,RG,4560,250,D,NI,AK,F
13:52:48,TLKM,RG,4560,2,D,LG,AK,F
13:52:48,TLKM,RG,4560,1,D,NI,AK,F
13:52:48,TLKM,RG,4560,1,D,YP,AK,F
13:52:48,TLKM,RG,4560,2,D,CC,AK,F
13:52:48,TLKM,RG,4560,1,D,NI,AK,F
13:52:48,TLKM,RG,4560,5,D,CC,AK,F
13:52:48,TLKM,RG,4560,1,D,SQ,AK,F
13:52:48,TLKM,RG,4560,1,D,YP,AK,F
13:52:48,TLKM,RG,4560,500,D,BK,AK,F
13:52:48,TLKM,RG,4560,3,D,PD,AK,F
13:52:48,TLKM,RG,4560,1,D,PD,AK,F
13:52:48,TLKM,RG,4560,1,D,CC,AK,F
13:52:48,TLKM,RG,4560,2,D,XC,AK,F
13:52:48,TLKM,RG,4560,1,D,XC,AK,F
13:52:48,TLKM,RG,4560,14,D,XC,AK,F
13:52:48,TLKM,RG,4560,1,D,PD,AK,F
13:52:48,TLKM,RG,4560,455,F,BB,AK,F
13:52:48,TLKM,RG,4560,2,D,YJ,AK,F
13:52:48,TLKM,RG,4560,2,D,PD,AK,F
13:52:48,TLKM,RG,4560,20,D,YP,AK,F
13:52:48,TLKM,RG,4560,5,D,PD,AK,F
13:52:48,TLKM,RG,4560,1,D,PD,AK,F
13:52:48,TLKM,RG,4560,5,D,PD,AK,F
13:52:48,TLKM,RG,4560,2,D,NI,AK,F
13:52:48,TLKM,RG,4560,100,D,XC,AK,F
13:52:48,TLKM,RG,4560,39,D,OD,AK,F
13:52:48,TLKM,RG,4560,329,D,OD,AK,F
13:52:48,TLKM,RG,4560,55,D,OD,AK,F
13:52:48,TLKM,RG,4560,71,D,OD,AK,F
13:52:43,TLKM,RG,4570,5,F,ZP,RX,D
13:51:53,TLKM,RG,4560,1,D,OD,XC,D
13:51:38,TLKM,RG,4570,1,D,XC,RX,D
13:51:19,TLKM,RG,4570,20,D,EP,RX,D
13:51:05,TLKM,RG,4570,308,D,EP,RX,D
13:50:59,TLKM,RG,4570,1,D,YP,RX,D
13:50:47,TLKM,RG,4570,1000,F,PD,RX,D
13:50:35,TLKM,RG,4570,2,D,XC,RX,D
13:49:51,TLKM,RG,4570,73,D,CC,RX,D
13:49:41,TLKM,RG,4570,1,D,PD,RX,D
13:49:40,TLKM,RG,4560,1,D,OD,XL,D
13:49:29,TLKM,RG,4560,10,D,OD,SQ,D
13:49:25,TLKM,RG,4560,1,D,OD,XL,D
13:49:25,TLKM,RG,4560,1,D,OD,XC,D
13:49:20,TLKM,RG,4560,2,D,OD,XL,D
13:49:11,TLKM,RG,4560,50,D,OD,NI,D
13:48:56,TLKM,RG,4560,30,D,OD,DH,D
13:48:17,TLKM,RG,4570,5,D,YB,RX,D
13:47:55,TLKM,RG,4560,286,D,OD,AK,F
13:47:55,TLKM,RG,4560,1,D,PD,AK,F
13:47:55,TLKM,RG,4560,2,D,XC,AK,F
13:47:55,TLKM,RG,4560,3,D,DX,AK,F
13:47:55,TLKM,RG,4560,10,D,XC,AK,F
13:47:55,TLKM,RG,4560,1,D,AT,AK,F
13:47:55,TLKM,RG,4560,1,D,CC,AK,F
13:47:55,TLKM,RG,4560,3,D,XC,AK,F
13:47:55,TLKM,RG,4560,2,D,XL,AK,F
13:47:55,TLKM,RG,4560,1,D,PD,AK,F
13:47:55,TLKM,RG,4560,1,D,XC,AK,F
13:47:55,TLKM,RG,4560,1,D,OD,AK,F
13:47:55,TLKM,RG,4560,355,F,BB,AK,F
13:47:55,TLKM,RG,4560,50,D,NI,AK,F
13:47:55,TLKM,RG,4560,5,D,XC,AK,F
13:47:55,TLKM,RG,4560,1,D,CC,AK,F
13:47:55,TLKM,RG,4560,11,D,PD,AK,F
13:47:55,TLKM,RG,4560,2,D,DH,AK,F
13:47:55,TLKM,RG,4560,10,D,YP,AK,F
13:47:55,TLKM,RG,4560,500,D,BK,AK,F
13:47:55,TLKM,RG,4560,1,D,KK,AK,F
13:47:55,TLKM,RG,4560,5,D,XC,AK,F
13:47:55,TLKM,RG,4560,11,D,XC,AK,F
13:47:55,TLKM,RG,4560,10,D,PD,AK,F
13:47:55,TLKM,RG,4560,3408,F,BK,AK,F
13:47:55,TLKM,RG,4570,100,D,EP,RX,D
13:47:46,TLKM,RG,4570,1,D,XL,RX,D
13:47:31,TLKM,RG,4560,31,F,BK,CP,D
13:47:21,TLKM,RG,4570,202,F,PD,RX,D
13:47:21,TLKM,RG,4570,283,F,PD,ZP,F
13:47:21,TLKM,RG,4570,13,F,PD,AK,D
13:47:21,TLKM,RG,4570,79,F,PD,AK,D
13:47:21,TLKM,RG,4570,192,F,PD,KZ,F
13:47:21,TLKM,RG,4570,2,F,PD,XC,D
13:47:21,TLKM,RG,4570,138,F,PD,LG,D
13:47:21,TLKM,RG,4570,64,F,PD,LG,D
13:47:21,TLKM,RG,4570,27,F,PD,CS,F
13:47:16,TLKM,RG,4570,1,D,XL,CS,F
13:47:10,TLKM,RG,4570,3,D,EP,CS,F
13:47:06,TLKM,RG,4560,70,F,BK,CC,D
13:47:00,TLKM,RG,4570,1,D,SQ,CS,F
13:46:53,TLKM,RG,4560,5,F,BK,NI,D
13:46:19,TLKM,RG,4570,7,D,CC,CS,F
13:46:16,TLKM,RG,4570,26,F,PD,CS,F
13:46:16,TLKM,RG,4570,2,F,PD,CS,F
13:46:16,TLKM,RG,4570,33,F,PD,CS,F
13:46:16,TLKM,RG,4570,83,F,PD,RX,F
13:46:15,TLKM,RG,4570,15,D,EP,RX,F
13:45:58,TLKM,RG,4570,1,F,ZP,CS,F
13:45:58,TLKM,RG,4570,3,D,YP,CS,F
13:45:54,TLKM,RG,4570,57,F,YU,CS,F
13:45:54,TLKM,RG,4570,6,F,CC,CS,F
13:45:54,TLKM,RG,4570,1,F,ZP,CS,F
13:45:54,TLKM,RG,4570,6,F,ZP,CS,F
13:45:54,TLKM,RG,4570,446,F,CS,CS,F
13:45:54,TLKM,RG,4570,371,D,AK,CS,F
13:45:54,TLKM,RG,4570,74,F,CS,CS,F
13:45:54,TLKM,RG,4570,165,F,CS,CS,F
13:45:54,TLKM,RG,4570,25,D,PD,CS,F
13:45:54,TLKM,RG,4570,6,F,ZP,CS,F
13:45:54,TLKM,RG,4570,36,F,ZP,CS,F
13:45:54,TLKM,RG,4570,110,D,EP,CS,F
13:45:54,TLKM,RG,4570,53,F,BK,CS,F
13:45:54,TLKM,RG,4570,54,D,EP,CS,F
13:45:54,TLKM,RG,4570,31,D,AK,CS,F
13:45:54,TLKM,RG,4570,53,F,BK,CS,F
13:45:54,TLKM,RG,4570,1,D,XC,CS,F
13:45:54,TLKM,RG,4570,203,F,CS,CS,F
13:45:54,TLKM,RG,4570,61,D,BK,CS,F
13:45:54,TLKM,RG,4570,8144,F,BK,CS,F
13:45:46,TLKM,RG,4570,2,F,BK,XC,D
13:45:43,TLKM,RG,4570,7,F,BK,AZ,D
13:45:43,TLKM,RG,4570,57,D,BK,AZ,D
13:45:43,TLKM,RG,4570,2321,F,BK,AZ,D
13:45:43,TLKM,RG,4570,7,D,EP,AZ,D
13:45:43,TLKM,RG,4570,48,D,NI,AZ,D
13:45:43,TLKM,RG,4570,33,F,AK,AZ,D
13:45:43,TLKM,RG,4570,62,F,CS,AZ,D
13:45:43,TLKM,RG,4570,1000,F,PD,AZ,D
13:45:43,TLKM,RG,4570,7,D,EP,AZ,D
13:45:43,TLKM,RG,4570,1,D,GR,AZ,D
13:45:43,TLKM,RG,4570,31,F,AK,AZ,D
13:45:43,TLKM,RG,4570,362,D,AK,AZ,D
13:45:43,TLKM,RG,4570,1,F,ZP,AZ,D
13:45:43,TLKM,RG,4570,15,D,YP,AZ,D
13:45:43,TLKM,RG,4570,25,D,ZP,AZ,D
13:45:43,TLKM,RG,4570,50,D,YP,AZ,D
13:45:43,TLKM,RG,4570,1,D,YP,AZ,D
13:45:43,TLKM,RG,4570,6,F,ZP,AZ,D
13:45:43,TLKM,RG,4570,30,D,YB,AZ,D
13:45:43,TLKM,RG,4570,5,D,EP,AZ,D
13:45:43,TLKM,RG,4570,10,D,NI,AZ,D
13:45:43,TLKM,RG,4570,2,D,CC,AZ,D
13:45:43,TLKM,RG,4570,1,F,ZP,AZ,D
13:45:43,TLKM,RG,4570,25,D,ZP,AZ,D
13:45:43,TLKM,RG,4570,1,D,NI,AZ,D
13:45:43,TLKM,RG,4570,6,F,ZP,AZ,D
13:45:43,TLKM,RG,4570,1000,D,BK,AZ,D
13:45:43,TLKM,RG,4570,1,D,YP,AZ,D
13:45:43,TLKM,RG,4570,1000,D,BK,AZ,D
13:45:43,TLKM,RG,4570,77,D,BK,AZ,D
13:45:43,TLKM,RG,4570,2,F,ZP,AZ,D
13:45:43,TLKM,RG,4570,1,D,NI,AZ,D
13:45:43,TLKM,RG,4570,5,D,DX,AZ,D
13:45:43,TLKM,RG,4570,500,D,YB,AZ,D
13:45:43,TLKM,RG,4570,76,F,BK,AZ,D
13:45:43,TLKM,RG,4570,3,D,YP,AZ,D
13:45:43,TLKM,RG,4570,3,D,YP,AZ,D
13:45:43,TLKM,RG,4570,500,D,YB,AZ,D
13:45:43,TLKM,RG,4570,6,F,CC,AZ,D
13:45:43,TLKM,RG,4570,5,F,ZP,AZ,D
13:45:43,TLKM,RG,4570,500,D,YB,AZ,D
13:45:43,TLKM,RG,4570,35,D,AK,AZ,D
13:45:43,TLKM,RG,4570,1,F,ZP,AZ,D
13:45:43,TLKM,RG,4570,2142,F,CS,AZ,D
13:45:43,TLKM,RG,4570,302,F,CS,AZ,D
13:45:43,TLKM,RG,4570,7,F,ZP,AZ,D
13:45:43,TLKM,RG,4570,47,F,CS,AZ,D
13:45:43,TLKM,RG,4570,173,D,YB,AZ,D
13:45:41,TLKM,RG,4570,1,D,YB,DX,D
13:45:35,TLKM,RG,4570,6,D,YB,NI,D
13:45:20,TLKM,RG,4570,4,D,YB,XC,D
13:45:13,TLKM,RG,4570,66,D,YB,NI,D
13:44:53,TLKM,RG,4570,7,D,YB,YB,D
13:44:31,TLKM,RG,4570,243,D,YB,KK,D
13:44:31,TLKM,RG,4570,1,D,NI,KK,D
13:44:31,TLKM,RG,4570,10,D,CC,KK,D
13:44:31,TLKM,RG,4570,25,D,PD,KK,D
13:44:31,TLKM,RG,4570,1,D,PD,KK,D
13:44:31,TLKM,RG,4570,100,D,DR,KK,D
13:44:31,TLKM,RG,4570,20,D,XL,KK,D
13:44:31,TLKM,RG,4570,400,D,MG,KK,D
13:44:11,TLKM,RG,4580,2840,F,PD,AT,D
13:44:11,TLKM,RG,4580,11,F,PD,AK,D
13:44:11,TLKM,RG,4580,13,F,PD,AK,D
13:44:11,TLKM,RG,4580,81,F,PD,AK,D
13:44:11,TLKM,RG,4580,1000,F,PD,MG,D
13:44:11,TLKM,RG,4580,55,F,PD,CS,F
13:44:00,TLKM,RG,4580,5,D,XL,CS,F
13:43:50,TLKM,RG,4570,100,D,MG,DX,D
13:43:48,TLKM,RG,4580,1,D,XL,CS,F
13:43:45,TLKM,RG,4580,7,D,AZ,CS,F
13:43:45,TLKM,RG,4580,2,D,AZ,CS,F
13:43:45,TLKM,RG,4580,67,D,AZ,RX,D
13:43:14,TLKM,RG,4580,1,D,YP,RX,D
13:42:37,TLKM,RG,4570,1461,F,BK,CS,F
13:42:37,TLKM,RG,4570,5,D,PD,CS,F
13:42:37,TLKM,RG,4570,500,D,LG,CS,F
13:42:37,TLKM,RG,4570,1,D,PD,CS,F
13:42:37,TLKM,RG,4570,4,D,DX,CS,F
13:42:37,TLKM,RG,4570,393,D,EP,CS,F
13:42:37,TLKM,RG,4570,88,D,BK,CS,F
13:42:37,TLKM,RG,4570,1,D,NI,CS,F
13:42:37,TLKM,RG,4570,200,D,YP,CS,F
13:42:37,TLKM,RG,4570,500,D,YB,CS,F
13:42:37,TLKM,RG,4570,10,D,EP,CS,F
13:42:37,TLKM,RG,4570,36,F,ZP,CS,F
13:42:37,TLKM,RG,4570,1,D,XC,CS,F
13:42:37,TLKM,RG,4570,106,F,BK,CS,F
13:42:37,TLKM,RG,4570,100,F,CC,CS,F
13:42:37,TLKM,RG,4570,10,F,CS,CS,F
13:42:37,TLKM,RG,4570,2,F,CS,CS,F
13:42:37,TLKM,RG,4580,20,D,XL,RX,D
13:42:37,TLKM,RG,4580,6,F,ZP,RX,D
13:42:37,TLKM,RG,4580,35,F,ZP,RX,D
13:42:37,TLKM,RG,4580,483,F,DX,RX,D
13:42:37,TLKM,RG,4580,50,D,ZP,RX,D
13:42:37,TLKM,RG,4580,310,D,AK,RX,D
13:42:37,TLKM,RG,4580,156,D,BK,RX,D
13:42:37,TLKM,RG,4580,25,D,PD,RX,D
13:42:37,TLKM,RG,4580,53,F,CS,RX,D
13:42:37,TLKM,RG,4580,10,F,CS,RX,D
13:42:37,TLKM,RG,4580,21,F,CS,RX,D
13:42:37,TLKM,RG,4580,11,F,CS,RX,D
13:42:37,TLKM,RG,4580,32,F,AK,RX,D
13:42:37,TLKM,RG,4580,25,D,ZP,RX,D
13:42:37,TLKM,RG,4580,618,F,BK,RX,D
13:42:37,TLKM,RG,4580,17,F,AK,RX,D
13:42:37,TLKM,RG,4580,157,F,BK,RX,D
13:42:37,TLKM,RG,4580,29,D,AK,RX,D
13:42:37,TLKM,RG,4580,1,D,PD,RX,D
13:42:37,TLKM,RG,4580,48,F,CS,RX,D
13:42:37,TLKM,RG,4580,50,D,DR,RX,D
13:42:37,TLKM,RG,4580,190,F,CS,RX,D
13:42:37,TLKM,RG,4580,1,F,ZP,RX,D
13:42:37,TLKM,RG,4580,10,D,OD,RX,D
13:42:37,TLKM,RG,4580,82,D,OD,RX,D
13:42:37,TLKM,RG,4580,14,D,OD,RX,D
13:42:37,TLKM,RG,4580,113,D,OD,RX,D
13:42:37,TLKM,RG,4580,6,F,ZP,RX,D
13:42:37,TLKM,RG,4580,2,F,ZP,RX,D
13:42:37,TLKM,RG,4580,7,D,XC,RX,D
13:42:37,TLKM,RG,4580,6,F,ZP,RX,D
13:42:37,TLKM,RG,4580,1,F,ZP,RX,D
13:42:37,TLKM,RG,4580,331,D,AK,RX,D
13:42:37,TLKM,RG,4580,5,F,ZP,RX,D
13:42:37,TLKM,RG,4580,3,D,YP,RX,D
13:42:37,TLKM,RG,4580,153,D,BK,RX,D
13:42:37,TLKM,RG,4580,244,F,CS,RX,D
13:42:37,TLKM,RG,4580,4,D,YP,RX,D
13:42:37,TLKM,RG,4580,6,F,ZP,RX,D
13:42:37,TLKM,RG,4580,4,F,BK,RX,D
13:42:37,TLKM,RG,4580,1,F,ZP,RX,D
13:42:37,TLKM,RG,4580,78,D,AK,RX,D
13:42:37,TLKM,RG,4580,10199,F,BK,RX,D
13:42:37,TLKM,RG,4580,10,F,CS,RX,D
13:42:37,TLKM,RG,4580,35,F,CS,RX,D
13:42:37,TLKM,RG,4580,2490,F,CS,RX,D
13:42:37,TLKM,RG,4580,100,D,YP,RX,D
13:42:37,TLKM,RG,4580,440,D,AK,RX,D
13:42:37,TLKM,RG,4580,2490,F,CS,RX,D
13:42:37,TLKM,RG,4580,2578,F,DX,RX,D
13:42:37,TLKM,RG,4580,135,D,BK,RX,D
13:42:37,TLKM,RG,4580,137,F,ZP,RX,D
13:42:37,TLKM,RG,4580,2530,F,AK,RX,D
13:42:37,TLKM,RG,4580,500,D,YB,RX,D
13:42:37,TLKM,RG,4580,34,F,AK,RX,D
13:42:37,TLKM,RG,4580,210,D,BK,RX,D
13:42:37,TLKM,RG,4580,366,D,AK,RX,D
13:42:37,TLKM,RG,4580,579,F,BK,RX,D
13:42:37,TLKM,RG,4580,38,F,AK,RX,D
13:42:37,TLKM,RG,4580,19,F,AK,RX,D
13:42:37,TLKM,RG,4580,2490,F,CS,RX,D
13:42:37,TLKM,RG,4580,1134,F,CS,RX,D
13:41:54,TLKM,RG,4590,171,F,BK,RX,D
13:41:49,TLKM,RG,4590,212,F,BK,RX,D
13:41:44,TLKM,RG,4590,25,D,ZP,RX,D
13:41:43,TLKM,RG,4590,141,F,BK,RX,D
13:41:39,TLKM,RG,4590,66,F,BK,RX,D
13:41:36,TLKM,RG,4590,184,F,BK,RX,D
13:41:30,TLKM,RG,4590,186,F,BK,RX,D
13:41:30,TLKM,RG,4590,10,D,YP,RX,D
13:41:29,TLKM,RG,4590,1,D,XC,RX,D
13:41:27,TLKM,RG,4590,106,F,BK,RX,D
13:41:24,TLKM,RG,4590,212,F,BK,RX,D
