Time,Stock,Brd,Price,Qty,BT,BC,SC,ST
15:14:10,TLKM,RG,4710,10,F,ZP,PD,D
15:13:50,TLKM,RG,4710,2,F,ZP,YP,D
15:13:26,TLKM,RG,4710,2,F,ZP,XL,D
15:13:12,TLKM,RG,4710,4,F,ZP,CP,D
15:12:58,TLKM,RG,4710,10,F,ZP,PD,D
15:12:53,TLKM,RG,4710,11,F,ZP,NI,D
15:12:05,TLKM,RG,4710,2,F,ZP,PD,D
15:12:02,TLKM,RG,4710,4,F,ZP,CP,D
15:11:05,TLKM,RG,4710,1,F,ZP,CP,D
15:10:08,TLKM,RG,4710,1,F,ZP,CC,D
15:09:35,TLKM,RG,4710,10,F,ZP,PD,D
15:09:20,TLKM,RG,4710,2,F,ZP,CC,D
15:09:19,TLKM,RG,4710,5,F,ZP,YB,D
15:09:04,TLKM,RG,4710,1,F,ZP,PD,D
15:09:04,TLKM,RG,4710,150,F,ZP,KK,D
15:07:18,TLKM,RG,4710,1,F,ZP,XC,D
15:06:38,TLKM,RG,4710,1,F,ZP,PD,D
15:06:25,TLKM,RG,4710,3,F,ZP,PD,D
15:05:49,TLKM,RG,4710,9,F,ZP,YP,D
15:05:39,TLKM,RG,4710,2,F,ZP,YP,D
15:05:38,TLKM,RG,4710,35,F,ZP,KK,D
15:05:02,TLKM,RG,4710,41728,F,ZP,YU,D
15:04:55,TLKM,RG,4710,67,D,YP,YU,D
15:04:55,TLKM,RG,4710,5,D,PD,YU,D
15:04:55,TLKM,RG,4710,1000,D,IF,YU,D
15:04:55,TLKM,RG,4710,10,D,YP,YU,D
15:04:55,TLKM,RG,4710,20,D,KK,YU,D
15:04:55,TLKM,RG,4710,10,D,YP,YU,D
15:04:55,TLKM,RG,4710,1,D,CC,YU,D
15:04:55,TLKM,RG,4710,7159,F,ZP,YU,D
15:04:55,TLKM,RG,4710,3,F,ZP,PD,D
15:04:53,TLKM,RG,4710,3,F,ZP,NI,D
15:04:47,TLKM,RG,4710,170,F,ZP,PD,D
15:04:28,TLKM,RG,4710,32,F,ZP,YP,D
15:04:25,TLKM,RG,4710,1,F,ZP,DX,D
15:04:15,TLKM,RG,4710,1,F,ZP,DR,D
15:03:58,TLKM,RG,4710,25,F,ZP,YP,D
15:03:57,TLKM,RG,4710,1,F,ZP,DR,D
15:03:48,TLKM,RG,4710,3,F,ZP,PD,D
15:03:33,TLKM,RG,4710,42602,F,ZP,YU,D
15:03:33,TLKM,RG,4710,7398,F,ZP,YU,D
15:03:27,TLKM,RG,4710,1,F,ZP,DR,D
15:03:15,TLKM,RG,4710,10,F,ZP,DH,D
15:03:04,TLKM,RG,4710,17173,F,ZP,YU,D
15:02:32,TLKM,RG,4710,5000,F,ZP,YU,D
15:02:32,TLKM,RG,4710,10000,F,ZP,YU,D
15:02:32,TLKM,RG,4710,10418,F,ZP,YU,D
15:02:09,TLKM,RG,4710,2,D,CC,YU,D
15:01:55,TLKM,RG,4710,1,D,NI,YU,D
15:01:55,TLKM,RG,4710,58,D,CC,YU,D
15:01:55,TLKM,RG,4710,1500,D,IF,YU,D
15:01:55,TLKM,RG,4710,30,D,CC,YU,D
15:01:55,TLKM,RG,4710,37991,F,ZP,YU,D
15:01:51,TLKM,RG,4710,10,F,ZP,NI,D
15:01:50,TLKM,RG,4710,10,F,ZP,PD,D
15:01:37,TLKM,RG,4710,8000,F,ZP,YU,D
15:01:37,TLKM,RG,4710,2000,F,ZP,YU,D
15:01:27,TLKM,RG,4710,10000,F,ZP,YU,D
15:01:15,TLKM,RG,4710,5000,F,ZP,YU,D
15:01:00,TLKM,RG,4710,61,F,ZP,DH,D
15:01:00,TLKM,RG,4710,2,F,ZP,CP,D
15:01:00,TLKM,RG,4710,100,F,ZP,CC,D
15:01:00,TLKM,RG,4710,10,F,ZP,NI,D
15:01:00,TLKM,RG,4710,100,F,ZP,CC,D
15:01:00,TLKM,RG,4710,2,F,ZP,XL,D
15:01:00,TLKM,RG,4710,1,F,ZP,YP,D
15:01:00,TLKM,RG,4710,30,F,ZP,CC,D
15:01:00,TLKM,RG,4710,1,F,ZP,YP,D
15:01:00,TLKM,RG,4710,200,F,ZP,KK,D
15:01:00,TLKM,RG,4710,10,F,ZP,AI,D
15:01:00,TLKM,RG,4710,35,F,ZP,CC,D
15:01:00,TLKM,RG,4710,20,F,ZP,DR,D
15:01:00,TLKM,RG,4710,10,F,ZP,YP,D
15:01:00,TLKM,RG,4710,47,F,ZP,DR,D
15:01:00,TLKM,RG,4710,1,F,ZP,YP,D
15:01:00,TLKM,RG,4710,340,F,ZP,DR,D
15:01:00,TLKM,RG,4710,175,F,ZP,DR,D
15:01:00,TLKM,RG,4710,178,F,ZP,DR,D
15:01:00,TLKM,RG,4710,1,F,ZP,LG,D
15:01:00,TLKM,RG,4710,10,F,ZP,YP,D
15:01:00,TLKM,RG,4710,15,F,ZP,YP,D
15:01:00,TLKM,RG,4710,1,F,ZP,SQ,D
15:01:00,TLKM,RG,4710,5,F,ZP,NI,D
15:01:00,TLKM,RG,4710,1,F,ZP,XL,D
15:01:00,TLKM,RG,4710,500,F,ZP,YJ,D
15:01:00,TLKM,RG,4710,2,F,ZP,ZP,D
15:01:00,TLKM,RG,4710,1,F,ZP,PD,D
15:01:00,TLKM,RG,4710,20,F,ZP,SQ,D
15:01:00,TLKM,RG,4710,20500,F,ZP,RX,D
15:01:00,TLKM,RG,4710,10621,F,ZP,RX,D
15:01:00,TLKM,RG,4710,1,D,PD,RX,D
15:01:00,TLKM,RG,4710,1500,D,IF,RX,D
15:00:00,TLKM,RG,4710,3,D,PD,RX,D
15:00:00,TLKM,RG,4710,682,F,CS,RX,D
15:00:00,TLKM,RG,4710,37193,F,ZP,RX,D
15:00:00,TLKM,RG,4710,500,F,ZP,RX,F
15:00:00,TLKM,RG,4710,2,F,ZP,NI,D
15:00:00,TLKM,RG,4710,1,F,ZP,PD,D
15:00:00,TLKM,RG,4710,1,F,ZP,CC,D
15:00:00,TLKM,RG,4710,3,F,ZP,PD,D
15:00:00,TLKM,RG,4710,40,F,ZP,SQ,D
15:00:00,TLKM,RG,4710,59,F,ZP,YP,D
15:00:00,TLKM,RG,4710,100,F,ZP,KK,D
15:00:00,TLKM,RG,4710,5,F,ZP,CC,D
15:00:00,TLKM,RG,4710,12096,F,ZP,YU,D
15:00:00,TLKM,RG,4710,1,D,EP,YU,D
15:00:00,TLKM,RG,4710,10,D,PD,YU,D
15:00:00,TLKM,RG,4710,4,D,NI,YU,D
15:00:00,TLKM,RG,4710,1,D,PD,YU,D
15:00:00,TLKM,RG,4710,1,D,PD,YU,D
15:00:00,TLKM,RG,4710,2,D,PD,YU,D
15:00:00,TLKM,RG,4710,1,D,XL,YU,D
15:00:00,TLKM,RG,4710,2,D,KK,YU,D
15:00:00,TLKM,RG,4710,1,D,PD,YU,D
15:00:00,TLKM,RG,4710,5,D,OD,YU,D
15:00:00,TLKM,RG,4710,2,D,YP,YU,D
15:00:00,TLKM,RG,4710,3,D,PD,YU,D
15:00:00,TLKM,RG,4710,1,D,PD,YU,D
15:00:00,TLKM,RG,4710,1,D,NI,YU,D
15:00:00,TLKM,RG,4710,10,D,XL,YU,D
15:00:00,TLKM,RG,4710,50,D,DH,YU,D
15:00:00,TLKM,RG,4710,1,D,XC,YU,D
15:00:00,TLKM,RG,4710,9,D,CC,YU,D
15:00:00,TLKM,RG,4710,11,D,XL,YU,D
15:00:00,TLKM,RG,4710,2,D,YP,YU,D
15:00:00,TLKM,RG,4710,2,D,XC,YU,D
15:00:00,TLKM,RG,4710,1,D,DH,YU,D
15:00:00,TLKM,RG,4710,5,D,AT,YU,D
15:00:00,TLKM,RG,4710,7,D,XC,YU,D
15:00:00,TLKM,RG,4710,3143,F,YU,YU,D
15:00:00,TLKM,RG,4710,3883,F,AK,YU,D
15:00:00,TLKM,RG,4710,1134,F,YU,YU,D
15:00:00,TLKM,RG,4710,3597,F,YU,YU,D
15:00:00,TLKM,RG,4710,26014,D,PD,YU,D
15:00:00,TLKM,RG,4710,67,D,PD,AZ,D
15:00:00,TLKM,RG,4710,5,D,PD,LG,D
15:00:00,TLKM,RG,4710,100,D,PD,YP,D
15:00:00,TLKM,RG,4710,4991,D,PD,RX,F
15:00:00,TLKM,RG,4710,5,D,PD,ZP,F
15:00:00,TLKM,RG,4710,2119,D,PD,ZP,F
15:00:00,TLKM,RG,4710,1995,D,PD,ZP,F
15:00:00,TLKM,RG,4710,279,D,PD,AK,F
15:00:00,TLKM,RG,4710,55,D,PD,ZP,F
15:00:00,TLKM,RG,4710,1239,D,PD,AK,F
15:00:00,TLKM,RG,4710,444,D,PD,OD,D
15:00:00,TLKM,RG,4710,655,D,PD,AK,F
15:00:00,TLKM,RG,4710,66,D,PD,AK,D
15:00:00,TLKM,RG,4710,3496,D,PD,DX,D
15:00:00,TLKM,RG,4710,1816,D,PD,DX,D
15:00:00,TLKM,RG,4710,273,D,PD,CC,D
15:00:00,TLKM,RG,4710,60,D,PD,LG,D
15:00:00,TLKM,RG,4710,35,D,PD,LG,D
15:00:00,TLKM,RG,4710,50,D,PD,LG,D
15:00:00,TLKM,RG,4710,43,D,PD,YU,D
15:00:00,TLKM,RG,4710,3873,D,PD,YU,F
15:00:00,TLKM,RG,4710,397,D,LG,YU,F
15:00:00,TLKM,RG,4710,465,D,LG,LG,D
15:00:00,TLKM,RG,4710,355,D,LG,LG,D
14:49:58,TLKM,RG,4710,9,D,RX,ZP,F
14:49:57,TLKM,RG,4710,6,D,RX,ZP,F
14:49:53,TLKM,RG,4710,26,D,RX,ZP,F
14:49:53,TLKM,RG,4710,2,D,RX,CC,D
14:49:53,TLKM,RG,4710,38,D,RX,ZP,F
14:49:42,TLKM,RG,4710,9,D,RX,ZP,F
14:49:34,TLKM,RG,4720,2,D,RX,YU,D
14:49:33,TLKM,RG,4720,272,F,YU,YU,D
14:49:31,TLKM,RG,4710,49,D,RX,ZP,F
14:49:30,TLKM,RG,4720,70,F,YU,YU,D
14:49:30,TLKM,RG,4710,150,D,RX,YU,F
14:49:28,TLKM,RG,4720,1,F,YU,YU,D
14:49:24,TLKM,RG,4710,3,D,RX,CC,D
14:49:24,TLKM,RG,4710,5,D,RX,YP,D
14:49:24,TLKM,RG,4710,83,D,RX,ZP,F
14:49:24,TLKM,RG,4710,110,D,RX,YU,F
14:49:24,TLKM,RG,4710,10,D,RX,RX,F
14:49:23,TLKM,RG,4710,20,D,PD,RX,F
14:49:21,TLKM,RG,4710,74,F,YU,RX,F
14:49:13,TLKM,RG,4710,1,D,PD,RX,F
14:49:12,TLKM,RG,4710,10,F,AK,RX,F
14:49:12,TLKM,RG,4710,164,F,AK,RX,F
14:49:12,TLKM,RG,4710,104,D,BB,RX,F
14:49:10,TLKM,RG,4710,32,D,BB,RX,F
14:49:10,TLKM,RG,4710,54,D,BB,RX,F
14:49:09,TLKM,RG,4710,56,D,BB,RX,F
14:49:09,TLKM,RG,4710,4,D,BB,RX,F
14:49:08,TLKM,RG,4710,3,D,BB,RX,F
14:49:05,TLKM,RG,4710,19,D,BB,RX,F
14:49:05,TLKM,RG,4710,37,D,BB,RX,F
14:49:00,TLKM,RG,4700,189,F,ZP,YU,F
14:49:00,TLKM,RG,4700,1,F,ZP,AK,D
14:49:00,TLKM,RG,4700,1,F,ZP,AK,D
14:48:59,TLKM,RG,4700,1,F,ZP,AK,D
14:48:57,TLKM,RG,4700,1,F,ZP,XC,D
14:48:55,TLKM,RG,4710,152,F,YU,RX,F
14:48:51,TLKM,RG,4700,197,F,ZP,ZP,F
14:48:50,TLKM,RG,4710,52,D,BB,RX,F
14:48:50,TLKM,RG,4710,2,D,BB,RX,F
14:48:50,TLKM,RG,4710,45,D,BB,RX,F
14:48:50,TLKM,RG,4710,26,D,BB,RX,F
14:48:50,TLKM,RG,4710,47,D,BB,RX,F
14:48:50,TLKM,RG,4710,30,D,KK,RX,F
14:48:50,TLKM,RG,4710,11,D,NI,RX,F
14:48:50,TLKM,RG,4710,47,F,YU,RX,F
14:48:40,TLKM,RG,4710,20,F,YU,CC,D
14:48:39,TLKM,RG,4720,7,D,BB,YU,D
14:48:32,TLKM,RG,4710,2,F,YU,XC,D
14:48:28,TLKM,RG,4720,8,D,BB,YU,D
14:48:28,TLKM,RG,4720,10,D,BB,YU,D
14:48:28,TLKM,RG,4710,21,F,YU,AK,F
14:48:28,TLKM,RG,4710,12,D,BB,AK,F
14:48:28,TLKM,RG,4710,2,D,BB,AK,F
14:48:28,TLKM,RG,4710,16,D,BB,AK,F
14:48:28,TLKM,RG,4710,30,D,BB,AK,F
14:48:27,TLKM,RG,4720,350,F,YU,YU,D
14:48:25,TLKM,RG,4720,1,D,BB,YU,D
14:48:25,TLKM,RG,4720,8,D,BB,YU,D
14:48:25,TLKM,RG,4720,17,D,BB,YU,D
14:48:25,TLKM,RG,4720,29,D,BB,YU,D
14:48:08,TLKM,RG,4720,46,D,BB,YU,D
14:48:08,TLKM,RG,4720,1,D,BB,YU,D
14:48:07,TLKM,RG,4720,60,D,BB,YU,D
14:48:04,TLKM,RG,4720,187,D,KZ,YU,D
14:48:03,TLKM,RG,4720,11,D,BB,YU,D
14:48:00,TLKM,RG,4720,74,D,KZ,YU,D
14:47:55,TLKM,RG,4710,5,D,KZ,SH,D
14:47:54,TLKM,RG,4710,31,D,KZ,AK,F
14:47:54,TLKM,RG,4710,1,D,BB,AK,F
14:47:54,TLKM,RG,4710,1,D,BB,AK,F
14:47:54,TLKM,RG,4710,1,D,BB,AK,F
14:47:54,TLKM,RG,4710,4,D,YP,AK,F
14:47:54,TLKM,RG,4710,3,D,YP,EP,D
14:47:51,TLKM,RG,4720,4,D,BB,YU,D
14:47:45,TLKM,RG,4720,35,D,BB,YU,D
14:47:45,TLKM,RG,4720,73,D,BB,YU,D
14:47:45,TLKM,RG,4720,1,D,BB,LG,D
14:47:45,TLKM,RG,4720,10,D,BB,MG,D
14:47:45,TLKM,RG,4720,10,D,BB,KK,D
14:47:45,TLKM,RG,4720,13,D,BB,XC,D
14:47:25,TLKM,RG,4710,1,D,YP,AK,D
14:47:25,TLKM,RG,4710,2,D,YP,YP,F
14:47:25,TLKM,RG,4710,1,D,XC,YP,D
14:47:22,TLKM,RG,4710,3,F,YU,AK,D
14:47:22,TLKM,RG,4710,56,F,YU,AK,F
14:47:22,TLKM,RG,4710,32,F,YU,YU,F
14:47:14,TLKM,RG,4710,52,D,BB,YU,F
14:47:04,TLKM,RG,4710,64,F,YU,YU,F
14:47:04,TLKM,RG,4710,2,F,YU,AK,D
14:47:04,TLKM,RG,4710,1,F,YU,AK,D
14:47:04,TLKM,RG,4710,87,F,YU,ZP,F
14:47:00,TLKM,RG,4710,3,D,BB,ZP,F
14:46:58,TLKM,RG,4710,4,D,LG,ZP,F
14:46:53,TLKM,RG,4710,21,D,BB,ZP,F
14:46:51,TLKM,RG,4710,33,D,BB,ZP,F
14:46:46,TLKM,RG,4710,3,D,PD,ZP,F
14:46:42,TLKM,RG,4700,76,F,ZP,PD,D
14:46:42,TLKM,RG,4700,2,D,NI,PD,D
14:46:42,TLKM,RG,4700,1,D,JB,PD,D
14:46:42,TLKM,RG,4700,18,D,PD,PD,D
14:46:42,TLKM,RG,4700,1,D,YP,PD,D
14:46:42,TLKM,RG,4700,1,D,XC,PD,D
14:46:42,TLKM,RG,4700,72,F,YU,PD,D
14:46:42,TLKM,RG,4700,55,F,YU,PD,D
14:46:42,TLKM,RG,4700,60,F,YU,PD,D
14:46:42,TLKM,RG,4700,6,D,PD,PD,D
14:46:42,TLKM,RG,4700,12,F,YU,PD,D
14:46:42,TLKM,RG,4700,1,D,NI,PD,D
14:46:42,TLKM,RG,4700,5,D,YP,PD,D
14:46:42,TLKM,RG,4700,20,D,XL,PD,D
14:46:42,TLKM,RG,4700,100,D,YP,PD,D
14:46:42,TLKM,RG,4700,4,D,DH,PD,D
14:46:42,TLKM,RG,4700,1,D,XC,PD,D
14:46:42,TLKM,RG,4700,1,D,XC,PD,D
14:46:42,TLKM,RG,4700,1,D,YB,PD,D
14:46:42,TLKM,RG,4700,1,D,CC,PD,D
14:46:42,TLKM,RG,4700,3,D,CC,PD,D
14:46:42,TLKM,RG,4700,1,D,NI,PD,D
14:46:42,TLKM,RG,4700,2,D,PD,PD,D
14:46:42,TLKM,RG,4700,1,D,XC,PD,D
14:46:42,TLKM,RG,4700,1069,F,ZP,PD,D
14:46:29,TLKM,RG,4700,1179,F,ZP,PD,D
14:46:28,TLKM,RG,4710,37,D,BB,PD,D
14:46:27,TLKM,RG,4710,1,D,AT,PD,D
14:46:27,TLKM,RG,4710,69,F,YU,PD,D
14:46:27,TLKM,RG,4710,1,D,PD,PD,D
14:46:27,TLKM,RG,4710,5,D,CC,PD,D
14:46:27,TLKM,RG,4710,24,D,XC,PD,D
14:46:27,TLKM,RG,4710,8,D,RX,PD,D
14:46:27,TLKM,RG,4710,20,D,OD,PD,D
14:46:27,TLKM,RG,4710,58,D,BB,PD,D
14:46:27,TLKM,RG,4710,27,D,KZ,PD,D
14:46:27,TLKM,RG,4710,4,D,KZ,PD,D
14:46:27,TLKM,RG,4710,48,D,KZ,PD,D
14:46:27,TLKM,RG,4710,15,D,BB,PD,D
14:46:27,TLKM,RG,4710,1,D,BB,PD,D
14:46:27,TLKM,RG,4710,18,D,BB,PD,D
14:46:16,TLKM,RG,4710,9,D,BB,CC,D
14:46:16,TLKM,RG,4710,1,D,KZ,CC,D
14:46:10,TLKM,RG,4720,2,D,BB,XC,D
14:46:10,TLKM,RG,4720,1,D,BB,XC,D
14:46:06,TLKM,RG,4720,2,D,BB,XC,D
14:46:06,TLKM,RG,4720,2,D,BB,PD,D
14:46:06,TLKM,RG,4720,5,D,BB,PD,D
14:46:06,TLKM,RG,4720,1,D,BB,XC,D
14:46:06,TLKM,RG,4720,1,D,BB,XC,D
14:46:06,TLKM,RG,4720,1,D,BB,XC,D
14:46:06,TLKM,RG,4720,20,D,BB,YP,D
14:46:06,TLKM,RG,4720,77,D,BB,CS,F
14:46:04,TLKM,RG,4720,98,F,YU,CS,F
14:46:04,TLKM,RG,4720,3,F,YU,XC,D
14:46:04,TLKM,RG,4720,1,F,YU,DR,D
14:46:04,TLKM,RG,4720,20,F,YU,YP,D
14:46:04,TLKM,RG,4720,45,F,YU,XL,D
14:46:04,TLKM,RG,4720,5,F,YU,NI,D
14:46:04,TLKM,RG,4720,19,F,YU,NI,D
14:46:03,TLKM,RG,4710,1,D,KZ,KK,D
14:45:59,TLKM,RG,4720,33,D,BB,NI,D
14:45:56,TLKM,RG,4710,15,D,KZ,YP,D
14:45:51,TLKM,RG,4710,10,D,KZ,YP,D
14:45:51,TLKM,RG,4710,5,D,KZ,OD,D
14:45:48,TLKM,RG,4710,4,D,KZ,XC,D
14:45:36,TLKM,RG,4710,36,D,KZ,AK,F
14:45:35,TLKM,RG,4720,1,D,XC,NI,D
14:45:33,TLKM,RG,4720,47,D,BB,NI,D
14:45:33,TLKM,RG,4720,8,D,BB,CC,D
14:45:28,TLKM,RG,4720,2,F,YU,CC,D
14:45:28,TLKM,RG,4720,1,F,YU,XC,D
14:45:28,TLKM,RG,4720,1,F,YU,SQ,D
14:45:28,TLKM,RG,4720,5,F,YU,XC,D
14:45:28,TLKM,RG,4720,15,F,YU,EP,D
14:45:28,TLKM,RG,4720,30,F,YU,PD,D
14:45:28,TLKM,RG,4720,52,F,YU,CC,D
14:45:28,TLKM,RG,4720,2,F,YU,SQ,D
14:45:28,TLKM,RG,4720,10,F,YU,AR,D
14:45:28,TLKM,RG,4720,150,F,YU,AR,D
14:45:28,TLKM,RG,4720,1,F,YU,XC,D
14:45:28,TLKM,RG,4720,15,F,YU,YP,D
14:45:28,TLKM,RG,4720,31,F,YU,ZP,D
14:45:27,TLKM,RG,4710,30,D,KZ,ZP,F
14:45:23,TLKM,RG,4710,1,D,KZ,XC,D
14:45:20,TLKM,RG,4720,4,D,BB,ZP,D
14:45:19,TLKM,RG,4710,7,D,KZ,NI,D
14:45:13,TLKM,RG,4720,55,D,BB,ZP,D
14:45:13,TLKM,RG,4720,50,D,BB,NI,D
14:45:13,TLKM,RG,4720,1,D,BB,PD,D
14:45:11,TLKM,RG,4720,4,D,BB,PD,D
14:45:11,TLKM,RG,4720,10,D,BB,CC,D
14:45:11,TLKM,RG,4720,10,D,BB,YP,D
14:45:11,TLKM,RG,4720,3,D,BB,PD,D
14:45:11,TLKM,RG,4720,8,D,BB,NI,D
14:44:49,TLKM,RG,4710,111,D,KZ,PD,D
14:44:49,TLKM,RG,4710,88,F,YU,PD,D
14:44:49,TLKM,RG,4710,1315,D,RX,PD,D
14:44:46,TLKM,RG,4720,2,D,BB,NI,D
14:44:46,TLKM,RG,4720,7,D,BB,PD,D
14:44:46,TLKM,RG,4720,2,D,BB,YP,D
14:44:46,TLKM,RG,4720,1,D,BB,YP,D
14:44:46,TLKM,RG,4720,25,D,BB,YU,D
14:44:46,TLKM,RG,4720,1,D,BB,XC,D
14:44:46,TLKM,RG,4720,20,D,BB,EP,D
14:44:45,TLKM,RG,4710,1,D,RX,PD,D
14:44:44,TLKM,RG,4710,136,D,RX,ZP,F
14:44:44,TLKM,RG,4710,118,D,RX,AK,F
14:44:44,TLKM,RG,4710,8,D,RX,AK,F
14:44:43,TLKM,RG,4710,122,D,RX,YU,F
14:44:43,TLKM,RG,4710,6,D,RX,YU,D
14:44:43,TLKM,RG,4710,10,D,RX,CC,D
14:44:43,TLKM,RG,4710,1,D,RX,CC,D
14:44:43,TLKM,RG,4710,2,D,RX,PD,D
14:44:43,TLKM,RG,4710,80,D,RX,YU,F
14:44:43,TLKM,RG,4710,147,D,RX,CC,D
14:44:43,TLKM,RG,4710,20,D,RX,LG,D
14:44:43,TLKM,RG,4710,3,D,RX,AK,D
14:44:43,TLKM,RG,4710,20,D,RX,KK,D
14:44:43,TLKM,RG,4710,11,D,RX,SQ,D
14:44:43,TLKM,RG,4710,989,D,RX,SQ,D
14:44:43,TLKM,RG,4710,112,D,RX,SQ,D
14:44:43,TLKM,RG,4710,143,D,RX,ZP,F
14:44:43,TLKM,RG,4710,1000,D,RX,SQ,D
14:44:43,TLKM,RG,4710,20,D,RX,CC,D
14:44:43,TLKM,RG,4710,82,D,RX,YU,F
14:44:43,TLKM,RG,4710,1,D,RX,XC,D
14:44:43,TLKM,RG,4710,1,D,RX,PD,D
14:44:43,TLKM,RG,4710,10,D,RX,YP,D
14:44:43,TLKM,RG,4710,70,D,RX,SQ,D
14:44:43,TLKM,RG,4710,42,D,RX,AK,F
14:44:43,TLKM,RG,4710,50,D,RX,ZP,D
14:44:43,TLKM,RG,4710,2,D,RX,AK,D
14:44:43,TLKM,RG,4710,4,D,RX,YP,D
14:44:43,TLKM,RG,4710,474,D,RX,SQ,D
14:44:40,TLKM,RG,4710,100,D,CC,SQ,D
14:44:39,TLKM,RG,4700,3,F,ZP,LG,D
14:44:38,TLKM,RG,4710,500,D,RX,SQ,D
14:44:37,TLKM,RG,4710,255,F,CC,SQ,D
14:44:36,TLKM,RG,4710,20,D,CC,SQ,D
14:44:33,TLKM,RG,4710,219,F,YU,SQ,D
14:44:32,TLKM,RG,4710,4,D,BB,SQ,D
14:44:24,TLKM,RG,4700,2,F,ZP,NI,D
14:44:21,TLKM,RG,4710,105,D,BB,SQ,D
14:44:19,TLKM,RG,4700,1515,F,ZP,PD,D
14:44:19,TLKM,RG,4710,31,D,BB,SQ,D
14:44:04,TLKM,RG,4700,1514,F,ZP,PD,D
14:43:57,TLKM,RG,4710,143,F,YU,SQ,D
14:43:55,TLKM,RG,4710,54,D,BB,SQ,D
14:43:55,TLKM,RG,4700,1,F,ZP,CC,D
14:43:51,TLKM,RG,4700,1515,F,ZP,PD,D
14:43:38,TLKM,RG,4700,1514,F,ZP,PD,D
14:43:35,TLKM,RG,4700,2,F,ZP,NI,D
14:43:34,TLKM,RG,4710,3,D,BB,SQ,D
14:43:32,TLKM,RG,4710,32,D,BB,SQ,D
14:43:32,TLKM,RG,4710,1,D,PD,SQ,D
14:43:28,TLKM,RG,4710,59,D,BB,SQ,D
14:43:28,TLKM,RG,4710,2,D,BB,AK,D
14:43:28,TLKM,RG,4710,10,D,BB,CC,D
14:43:28,TLKM,RG,4710,24,D,BB,CC,D
14:43:23,TLKM,RG,4700,998,F,ZP,PD,D
14:43:23,TLKM,RG,4700,4,D,XC,PD,D
14:43:23,TLKM,RG,4700,100,D,YP,PD,D
14:43:23,TLKM,RG,4700,3,D,PD,PD,D
14:43:23,TLKM,RG,4700,410,D,YJ,PD,D
14:43:21,TLKM,RG,4710,1,D,AT,CC,D
14:43:19,TLKM,RG,4700,15,D,YJ,YB,D
14:43:18,TLKM,RG,4710,6,D,XC,CC,D
14:43:15,TLKM,RG,4710,188,F,YU,CC,D
14:43:13,TLKM,RG,4710,1,D,XL,CC,D
14:43:09,TLKM,RG,4710,61,D,BB,CC,D
14:43:00,TLKM,RG,4700,75,D,YJ,YU,F
14:43:00,TLKM,RG,4700,10,D,YU,YU,F
14:43:00,TLKM,RG,4700,1,D,XC,YU,F
14:43:00,TLKM,RG,4700,30,D,NI,YU,F
14:43:00,TLKM,RG,4700,1,D,XC,YU,F
14:43:00,TLKM,RG,4700,10,D,CC,YU,F
14:43:00,TLKM,RG,4700,2,D,XC,YU,F
14:43:00,TLKM,RG,4700,1,D,XC,YU,F
14:43:00,TLKM,RG,4700,10,D,EP,YU,F
14:43:00,TLKM,RG,4700,1,D,CC,YU,F
14:43:00,TLKM,RG,4700,1,D,YP,YU,F
14:43:00,TLKM,RG,4700,3,D,PD,YU,F
14:43:00,TLKM,RG,4700,6,D,XC,YU,F
14:43:00,TLKM,RG,4700,1,D,AT,YU,F
14:43:00,TLKM,RG,4700,1,D,XC,YU,F
14:43:00,TLKM,RG,4700,1,D,PD,YU,F
14:43:00,TLKM,RG,4700,4,D,PD,YU,F
14:43:00,TLKM,RG,4700,4,D,XC,YU,F
14:43:00,TLKM,RG,4700,1,D,XC,YU,F
14:43:00,TLKM,RG,4700,2,D,PD,YU,F
14:43:00,TLKM,RG,4700,3,D,EP,YU,F
14:43:00,TLKM,RG,4700,3,D,YP,YU,F
14:43:00,TLKM,RG,4700,49,D,DR,YU,F
14:42:54,TLKM,RG,4710,1,D,PD,CC,D
14:42:44,TLKM,RG,4710,33,D,BB,CC,D
14:42:38,TLKM,RG,4710,1,D,XC,CC,D
14:42:31,TLKM,RG,4700,1,D,DR,CC,D
14:42:30,TLKM,RG,4710,20,D,DX,CC,D
14:42:28,TLKM,RG,4710,192,F,YU,CC,D
14:42:28,TLKM,RG,4710,28,F,YU,ZP,F
14:42:16,TLKM,RG,4710,62,D,BB,ZP,F
14:42:08,TLKM,RG,4700,1,D,DR,KK,D
14:41:55,TLKM,RG,4710,37,D,BB,ZP,F
14:41:50,TLKM,RG,4700,49,D,DR,PD,D
14:41:50,TLKM,RG,4700,100,D,OD,PD,D
14:41:50,TLKM,RG,4700,5,D,ES,PD,D
14:41:50,TLKM,RG,4700,400,D,CC,PD,D
14:41:50,TLKM,RG,4700,10,D,EP,PD,D
14:41:50,TLKM,RG,4700,50,D,NI,PD,D
14:41:50,TLKM,RG,4700,3,D,YP,PD,D
14:41:50,TLKM,RG,4700,1,D,NI,PD,D
14:41:50,TLKM,RG,4700,2,D,EP,PD,D
14:41:50,TLKM,RG,4700,1,D,XC,PD,D
14:41:50,TLKM,RG,4700,1,D,CC,PD,D
14:41:50,TLKM,RG,4700,5,D,YP,PD,D
14:41:50,TLKM,RG,4700,1,D,CC,PD,D
14:41:50,TLKM,RG,4700,1,D,XC,PD,D
14:41:50,TLKM,RG,4700,5,D,OD,PD,D
14:41:50,TLKM,RG,4700,1,D,DH,PD,D
14:41:50,TLKM,RG,4700,2,D,XC,PD,D
14:41:50,TLKM,RG,4700,1,D,PD,PD,D
14:41:50,TLKM,RG,4700,1,D,XC,PD,D
14:41:50,TLKM,RG,4700,15,D,PD,PD,D
14:41:50,TLKM,RG,4700,2,D,XL,PD,D
14:41:50,TLKM,RG,4700,1,D,XC,PD,D
14:41:50,TLKM,RG,4700,1,D,ID,PD,D
14:41:50,TLKM,RG,4700,1,D,XC,PD,D
14:41:50,TLKM,RG,4700,1,D,CC,PD,D
14:41:50,TLKM,RG,4700,100,D,YU,PD,D
14:41:50,TLKM,RG,4700,231,D,CP,PD,D
14:41:49,TLKM,RG,4710,3,D,CC,PD,D
14:41:49,TLKM,RG,4710,1,D,BB,PD,D
14:41:49,TLKM,RG,4710,517,D,KZ,PD,D
14:41:49,TLKM,RG,4710,2,D,BB,PD,D
14:41:37,TLKM,RG,4700,59,D,CP,YU,D
14:41:37,TLKM,RG,4710,1,D,BB,YU,D
14:41:37,TLKM,RG,4710,6,D,PD,YU,D
14:41:37,TLKM,RG,4710,100,D,PD,YU,D
14:41:37,TLKM,RG,4710,12,D,RX,YU,D
14:41:37,TLKM,RG,4710,10,D,YP,YU,D
14:41:37,TLKM,RG,4710,50,D,SQ,YU,D
14:41:37,TLKM,RG,4710,1,D,XC,YU,D
14:41:37,TLKM,RG,4710,1,D,XC,YU,D
14:41:37,TLKM,RG,4710,1,D,CC,YU,D
14:41:37,TLKM,RG,4710,39,D,BB,YU,D
14:41:36,TLKM,RG,4710,113,D,BB,YU,D
14:41:36,TLKM,RG,4710,100,D,YP,YU,D
14:41:36,TLKM,RG,4710,8,D,BB,YU,D
14:41:36,TLKM,RG,4710,1,D,CS,YU,D
14:41:36,TLKM,RG,4710,2,D,BB,YU,D
14:41:36,TLKM,RG,4710,1,D,BB,YU,D
14:41:36,TLKM,RG,4710,69,F,YU,YU,D
14:41:36,TLKM,RG,4710,110,F,CC,YU,D
14:41:34,TLKM,RG,4710,79,F,CC,YU,D
14:41:33,TLKM,RG,4720,3,D,KK,SQ,D
14:41:32,TLKM,RG,4720,192,F,YU,SQ,D
14:41:25,TLKM,RG,4720,99,D,BB,SQ,D
14:41:25,TLKM,RG,4710,15,F,CC,AG,D
14:41:19,TLKM,RG,4720,57,D,BB,SQ,D
14:41:09,TLKM,RG,4720,4,D,BB,SQ,D
14:41:04,TLKM,RG,4720,2,D,RX,SQ,D
14:41:02,TLKM,RG,4710,5,F,CC,YP,D
14:41:00,TLKM,RG,4710,10,F,CC,YP,D
14:40:57,TLKM,RG,4720,32,D,BB,SQ,D
14:40:54,TLKM,RG,4710,405,F,CC,LG,D
14:40:54,TLKM,RG,4710,8,D,NI,LG,D
14:40:50,TLKM,RG,4710,2,D,NI,CC,D
14:40:44,TLKM,RG,4720,76,F,YU,SQ,D
14:40:37,TLKM,RG,4720,109,D,BB,SQ,D
14:40:36,TLKM,RG,4710,4,D,BB,XC,D
14:40:36,TLKM,RG,4710,1,D,BB,XC,D
14:40:29,TLKM,RG,4720,63,D,BB,SQ,D
14:40:28,TLKM,RG,4720,30,F,YU,SQ,D
14:40:28,TLKM,RG,4710,34,F,YU,ZP,F
14:40:28,TLKM,RG,4710,2,F,YU,XC,D
14:40:28,TLKM,RG,4710,24,F,YU,YU,D
14:40:20,TLKM,RG,4710,105,D,RX,YU,D
14:40:20,TLKM,RG,4710,29,D,RX,YU,D
14:40:20,TLKM,RG,4710,56,D,RX,YU,D
14:40:20,TLKM,RG,4710,4,D,RX,AK,D
14:40:20,TLKM,RG,4710,213,D,RX,ZP,F
14:40:20,TLKM,RG,4710,93,D,RX,AK,F
14:40:20,TLKM,RG,4710,3,D,BB,AK,F
14:40:12,TLKM,RG,4710,10,D,KK,AK,F
14:40:10,TLKM,RG,4710,2,D,KZ,AK,F
14:40:09,TLKM,RG,4710,115,F,YU,AK,F
14:40:08,TLKM,RG,4710,40,D,BB,AK,F
14:40:06,TLKM,RG,4710,1,D,PD,AK,F
14:40:04,TLKM,RG,4710,2,D,RX,AK,F
14:40:02,TLKM,RG,4710,42,F,YU,AK,F
14:40:02,TLKM,RG,4710,6,F,YU,YP,D
14:40:02,TLKM,RG,4710,111,F,YU,YU,F
14:40:00,TLKM,RG,4710,37,D,KZ,YU,F
14:40:00,TLKM,RG,4710,1,D,KZ,XC,D
14:40:00,TLKM,RG,4710,42,D,KZ,YP,D
14:40:00,TLKM,RG,4710,1,D,KZ,CC,D
14:40:00,TLKM,RG,4710,2,D,KZ,NI,D
14:40:00,TLKM,RG,4710,46,D,KZ,CC,F
14:40:00,TLKM,RG,4710,3,D,KZ,PD,D
14:40:00,TLKM,RG,4710,5,D,KZ,NI,D
14:40:00,TLKM,RG,4710,5,D,KZ,PD,D
14:40:00,TLKM,RG,4710,1,D,KZ,PD,D
14:40:00,TLKM,RG,4710,6,D,KZ,YU,D
14:39:59,TLKM,RG,4710,3,D,PD,YU,D
14:39:57,TLKM,RG,4710,69,D,ZP,YU,D
14:39:57,TLKM,RG,4710,3,D,ZP,AK,D
14:39:57,TLKM,RG,4710,1,D,ZP,KK,D
14:39:57,TLKM,RG,4710,1000,D,ZP,SQ,D
14:39:57,TLKM,RG,4710,1000,D,ZP,SQ,D
14:39:57,TLKM,RG,4710,2,D,ZP,XC,D
14:39:57,TLKM,RG,4710,579,D,ZP,CC,D
14:39:57,TLKM,RG,4710,5,D,ZP,AK,D
14:39:57,TLKM,RG,4710,1,D,ZP,XC,D
14:39:57,TLKM,RG,4710,2,D,ZP,XC,D
14:39:57,TLKM,RG,4710,50,D,ZP,PD,D
14:39:57,TLKM,RG,4710,135,D,ZP,ZP,F
14:39:57,TLKM,RG,4710,79,D,ZP,YU,D
14:39:57,TLKM,RG,4710,83,D,ZP,YU,F
14:39:57,TLKM,RG,4710,1,D,ZP,EP,D
14:39:57,TLKM,RG,4710,99,D,ZP,YP,D
14:39:57,TLKM,RG,4710,1,D,ZP,PD,D
14:39:57,TLKM,RG,4710,147,D,ZP,YU,F
14:39:57,TLKM,RG,4710,55,D,ZP,AK,F
14:39:57,TLKM,RG,4710,225,D,ZP,ZP,F
14:39:57,TLKM,RG,4710,6463,D,ZP,LG,D
14:39:45,TLKM,RG,4710,269,F,YU,LG,D
14:39:43,TLKM,RG,4700,4000,D,CP,SQ,D
14:39:40,TLKM,RG,4710,93,D,BB,LG,D
14:39:35,TLKM,RG,4700,710,D,CP,SQ,D
14:39:35,TLKM,RG,4700,1,D,YP,SQ,D
14:39:35,TLKM,RG,4700,1,D,XL,SQ,D
14:39:35,TLKM,RG,4700,3,D,HP,SQ,D
14:39:35,TLKM,RG,4700,1,D,PD,SQ,D
14:39:35,TLKM,RG,4700,27,D,KZ,SQ,D
14:39:35,TLKM,RG,4700,1,D,PD,SQ,D
14:39:35,TLKM,RG,4700,1,D,YP,SQ,D
14:39:35,TLKM,RG,4700,1,D,PD,SQ,D
14:39:35,TLKM,RG,4700,1,D,XC,SQ,D
14:39:35,TLKM,RG,4700,1,D,PD,SQ,D
14:39:35,TLKM,RG,4700,20,D,XC,SQ,D
14:39:35,TLKM,RG,4700,1,D,CC,SQ,D
14:39:35,TLKM,RG,4700,1,D,PD,SQ,D
14:39:35,TLKM,RG,4700,5,D,KK,SQ,D
14:39:35,TLKM,RG,4700,1,D,XC,SQ,D
14:39:35,TLKM,RG,4700,1,D,XC,SQ,D
14:39:35,TLKM,RG,4700,5,D,SQ,SQ,D
14:39:35,TLKM,RG,4700,1,D,NI,SQ,D
14:39:35,TLKM,RG,4700,1,D,XC,SQ,D
14:39:35,TLKM,RG,4700,1,D,NI,SQ,D
14:39:35,TLKM,RG,4700,1,D,PD,SQ,D
14:39:35,TLKM,RG,4700,49,D,KZ,SQ,D
14:39:35,TLKM,RG,4700,5,D,DR,SQ,D
14:39:35,TLKM,RG,4700,2,D,XA,SQ,D
14:39:35,TLKM,RG,4700,5,D,DR,SQ,D
14:39:35,TLKM,RG,4700,9,D,HP,SQ,D
14:39:35,TLKM,RG,4700,80,D,KK,SQ,D
14:39:35,TLKM,RG,4700,1,D,XC,SQ,D
14:39:35,TLKM,RG,4700,18,D,HD,SQ,D
14:39:35,TLKM,RG,4700,3,D,CC,SQ,D
14:39:35,TLKM,RG,4700,5,D,XC,SQ,D
14:39:35,TLKM,RG,4700,10,D,SQ,SQ,D
14:39:35,TLKM,RG,4700,20,D,DH,SQ,D
14:39:35,TLKM,RG,4700,1,D,CC,SQ,D
14:39:35,TLKM,RG,4700,60,D,PD,SQ,D
14:39:35,TLKM,RG,4700,1,D,SQ,SQ,D
14:39:35,TLKM,RG,4700,4,D,XC,SQ,D
14:39:35,TLKM,RG,4700,10,D,CC,SQ,D
14:39:35,TLKM,RG,4700,2,D,PD,SQ,D
14:39:35,TLKM,RG,4700,10,D,XA,SQ,D
14:39:35,TLKM,RG,4700,2,D,YP,SQ,D
14:39:35,TLKM,RG,4700,26,D,KZ,SQ,D
14:39:35,TLKM,RG,4700,1891,F,ZP,SQ,D
14:39:34,TLKM,RG,4710,62,D,BB,LG,D
14:39:32,TLKM,RG,4710,4,D,BB,LG,D
14:39:31,TLKM,RG,4700,180,F,ZP,YU,D
14:39:23,TLKM,RG,4700,1,F,ZP,CC,D
14:39:14,TLKM,RG,4700,2,F,ZP,PD,D
14:39:14,TLKM,RG,4710,20,D,DX,LG,D
14:39:09,TLKM,RG,4710,32,D,BB,LG,D
14:39:03,TLKM,RG,4700,358,F,ZP,YU,D
14:38:58,TLKM,RG,4710,188,D,SQ,LG,D
14:38:54,TLKM,RG,4710,108,D,BB,LG,D
14:38:43,TLKM,RG,4710,132,F,YU,LG,D
14:38:42,TLKM,RG,4710,52,D,BB,LG,D
14:38:39,TLKM,RG,4710,3,D,BB,LG,D
14:38:32,TLKM,RG,4710,10,D,DX,LG,D
14:38:30,TLKM,RG,4700,6,F,ZP,YP,D
14:38:22,TLKM,RG,4710,30,D,BB,LG,D
14:38:10,TLKM,RG,4710,1,D,XC,LG,D
14:38:09,TLKM,RG,4710,461,D,KZ,LG,D
14:38:05,TLKM,RG,4710,163,D,KZ,LG,D
14:38:03,TLKM,RG,4710,134,D,BB,LG,D
14:38:01,TLKM,RG,4710,22,D,CC,LG,D
14:37:56,TLKM,RG,4710,52,D,BB,LG,D
14:37:53,TLKM,RG,4710,4,D,BB,LG,D
14:37:51,TLKM,RG,4700,1,F,ZP,CC,D
14:37:49,TLKM,RG,4710,58,F,YU,LG,D
14:37:45,TLKM,RG,4710,1,D,NI,LG,D
14:37:36,TLKM,RG,4710,33,D,BB,LG,D
14:37:26,TLKM,RG,4710,77,F,YU,LG,D
14:37:11,TLKM,RG,4710,57,D,BB,LG,D
14:37:03,TLKM,RG,4710,116,D,BB,LG,D
14:37:03,TLKM,RG,4700,202,F,ZP,YU,D
14:37:03,TLKM,RG,4700,208,F,ZP,YU,F
14:37:02,TLKM,RG,4700,313,F,ZP,YU,D
14:36:59,TLKM,RG,4710,4,D,BB,LG,D
14:36:54,TLKM,RG,4710,32,F,YU,LG,D
14:36:48,TLKM,RG,4710,36,D,BB,LG,D
14:36:41,TLKM,RG,4710,1,D,KK,LG,D
14:36:36,TLKM,RG,4710,1,D,XC,LG,D
14:36:32,TLKM,RG,4710,95,F,YU,LG,D
14:36:27,TLKM,RG,4710,9,D,SQ,LG,D
14:36:27,TLKM,RG,4710,5,D,SQ,AK,D
14:36:27,TLKM,RG,4710,5,D,SQ,XC,D
14:36:27,TLKM,RG,4710,1,D,SQ,XC,D
14:36:27,TLKM,RG,4710,1,D,SQ,NI,D
14:36:27,TLKM,RG,4710,1,D,SQ,AO,D
14:36:27,TLKM,RG,4710,1,D,SQ,PD,D
14:36:27,TLKM,RG,4710,10,D,SQ,CC,D
14:36:27,TLKM,RG,4710,7,D,SQ,SQ,D
14:36:27,TLKM,RG,4710,10,D,SQ,CS,F
14:36:22,TLKM,RG,4710,58,D,BB,CS,F
14:36:19,TLKM,RG,4700,1,F,ZP,CC,D
14:36:11,TLKM,RG,4710,4,D,BB,CS,F
14:36:08,TLKM,RG,4710,83,D,BB,CS,F
14:36:08,TLKM,RG,4710,71,D,BB,GR,D
14:35:57,TLKM,RG,4710,1,D,XC,GR,D
14:35:55,TLKM,RG,4710,7,D,NI,GR,D
14:35:54,TLKM,RG,4710,21,D,BB,GR,D
14:35:54,TLKM,RG,4710,2,D,BB,KK,D
14:35:54,TLKM,RG,4710,5,D,BB,AK,D
14:35:54,TLKM,RG,4710,8,D,BB,CC,F
14:35:50,TLKM,RG,4710,10,D,YP,CC,F
14:35:49,TLKM,RG,4710,23,F,YU,CC,F
14:35:49,TLKM,RG,4710,39,F,YU,CC,D
14:35:34,TLKM,RG,4710,82,F,YU,CC,D
14:35:31,TLKM,RG,4710,62,D,BB,CC,D
14:35:28,TLKM,RG,4710,1,D,XC,CC,D
14:35:27,TLKM,RG,4700,1,F,ZP,XC,D
14:35:15,TLKM,RG,4710,5,D,BB,CC,D
14:35:15,TLKM,RG,4710,20,F,YU,CC,D
14:35:11,TLKM,RG,4700,1000,F,ZP,SQ,D
14:35:04,TLKM,RG,4700,2000,F,ZP,SQ,D
14:35:02,TLKM,RG,4700,188,F,ZP,YU,F
14:35:01,TLKM,RG,4700,295,F,ZP,YU,D
14:35:01,TLKM,RG,4710,35,D,BB,CC,D
14:34:58,TLKM,RG,4710,142,D,BB,CC,D
14:34:51,TLKM,RG,4710,1,D,XC,CC,D
14:34:45,TLKM,RG,4700,1,F,ZP,CC,D
14:34:38,TLKM,RG,4710,2,D,YP,CC,D
14:34:38,TLKM,RG,4710,56,D,BB,CC,D
14:34:30,TLKM,RG,4710,1,D,XC,CC,D
14:34:19,TLKM,RG,4710,4,D,BB,CC,D
14:34:09,TLKM,RG,4710,34,D,BB,CC,D
14:34:09,TLKM,RG,4700,1,F,ZP,CC,D
14:34:03,TLKM,RG,4700,1,F,ZP,XC,D
14:34:00,TLKM,RG,4700,2,F,ZP,YU,D
14:33:51,TLKM,RG,4710,157,D,BB,CC,D
14:33:51,TLKM,RG,4710,15,D,BB,ZP,F
14:33:49,TLKM,RG,4710,52,D,BB,ZP,F
14:33:34,TLKM,RG,4710,2,D,CC,ZP,F
14:33:21,TLKM,RG,4710,13,D,BB,ZP,F
14:33:18,TLKM,RG,4710,1,D,BB,ZP,F
14:33:15,TLKM,RG,4700,33,F,ZP,AK,D
14:33:15,TLKM,RG,4700,1,F,ZP,XC,D
14:33:15,TLKM,RG,4700,1,F,ZP,CC,D
14:33:05,TLKM,RG,4710,10,D,EP,ZP,F
14:33:04,TLKM,RG,4710,76,D,BB,ZP,F
14:33:04,TLKM,RG,4710,21,D,BB,LG,D
14:33:02,TLKM,RG,4700,222,F,ZP,YU,D
14:33:00,TLKM,RG,4700,141,F,ZP,YU,F
14:32:32,TLKM,RG,4710,84,D,BB,LG,D
14:32:29,TLKM,RG,4710,1,D,PD,LG,D
14:32:19,TLKM,RG,4710,3,D,XC,LG,D
14:32:06,TLKM,RG,4710,76,D,BB,LG,D
14:32:06,TLKM,RG,4710,2,D,BB,LG,D
14:32:06,TLKM,RG,4710,48,D,BB,LG,D
14:32:05,TLKM,RG,4710,22,D,BB,LG,D
14:32:05,TLKM,RG,4710,73,F,YU,LG,D
14:32:05,TLKM,RG,4710,1,D,NI,LG,D
14:32:05,TLKM,RG,4710,4,F,YP,LG,D
14:32:05,TLKM,RG,4710,1,D,XC,LG,D
14:32:05,TLKM,RG,4710,73,D,BB,LG,D
14:32:05,TLKM,RG,4710,2,D,BB,LG,D
14:32:05,TLKM,RG,4710,2,D,BB,LG,D
14:32:03,TLKM,RG,4720,127,D,BB,SQ,D
14:31:50,TLKM,RG,4720,1,D,XC,SQ,D
14:31:48,TLKM,RG,4710,1,D,BB,PD,D
14:31:43,TLKM,RG,4710,1,D,BB,CC,D
14:31:39,TLKM,RG,4710,4,D,BB,XC,D
14:31:36,TLKM,RG,4710,1,D,BB,PD,D
14:31:10,TLKM,RG,4710,2,D,BB,XC,D
14:31:07,TLKM,RG,4710,35,D,BB,NI,D
14:31:07,TLKM,RG,4710,1,D,KK,NI,D
14:31:07,TLKM,RG,4710,64,F,YU,NI,D
14:31:04,TLKM,RG,4720,11,D,BB,SQ,D
14:31:03,TLKM,RG,4710,1,F,YU,XC,D
14:31:00,TLKM,RG,4720,66,D,BB,SQ,D
14:30:56,TLKM,RG,4710,2,F,YU,PD,D
14:30:51,TLKM,RG,4710,1,F,YU,PD,D
14:30:38,TLKM,RG,4710,2,F,YU,YP,D
14:30:20,TLKM,RG,4710,63,F,YU,ZP,F
14:30:20,TLKM,RG,4710,3,D,PD,ZP,F
14:30:20,TLKM,RG,4710,4,D,RX,ZP,F
14:30:11,TLKM,RG,4710,1,D,RX,CC,D
14:30:03,TLKM,RG,4710,30,D,RX,XC,D
14:30:00,TLKM,RG,4720,1,D,KK,SQ,D
14:29:59,TLKM,RG,4710,60,D,RX,AK,F
14:29:59,TLKM,RG,4710,1299,D,RX,YU,D
14:29:59,TLKM,RG,4710,459,D,RX,YU,D
14:29:59,TLKM,RG,4710,2,D,DX,YU,D
14:29:59,TLKM,RG,4710,1,D,XC,YU,D
14:29:59,TLKM,RG,4710,3,D,YP,YU,D
14:29:59,TLKM,RG,4710,2202,F,AK,YU,D
14:29:59,TLKM,RG,4710,159,D,BB,YU,D
14:29:59,TLKM,RG,4710,7500,D,ZP,YU,D
14:29:59,TLKM,RG,4710,196,F,AK,YU,D
14:29:59,TLKM,RG,4710,51,F,AK,YU,D
14:29:59,TLKM,RG,4710,638,F,YU,YU,D
14:29:59,TLKM,RG,4710,29,D,YP,YU,D
14:29:59,TLKM,RG,4710,11,D,RX,YU,D
14:29:59,TLKM,RG,4710,381,D,BB,YU,D
14:29:59,TLKM,RG,4710,275,D,BB,YU,D
14:29:59,TLKM,RG,4710,5,D,BB,YU,D
14:29:59,TLKM,RG,4710,441,F,YU,YU,D
14:29:59,TLKM,RG,4710,101,D,KZ,YU,D
14:29:59,TLKM,RG,4710,6247,F,AK,YU,D
14:29:25,TLKM,RG,4710,1,F,AK,PD,D
14:29:22,TLKM,RG,4720,15,F,YU,SQ,D
14:29:22,TLKM,RG,4720,1,F,YU,XC,D
14:29:22,TLKM,RG,4720,23,F,YU,YP,D
14:29:22,TLKM,RG,4720,3,F,YU,CC,D
14:29:21,TLKM,RG,4720,97,D,BB,CC,D
14:29:21,TLKM,RG,4720,1,D,BB,XC,D
14:29:21,TLKM,RG,4720,1,D,BB,NI,D
14:29:21,TLKM,RG,4720,1,D,BB,XC,D
14:29:21,TLKM,RG,4720,3,D,BB,DX,D
14:29:21,TLKM,RG,4720,20,D,BB,SQ,D
14:29:21,TLKM,RG,4720,3,D,BB,XC,D
14:29:21,TLKM,RG,4720,284,D,BB,CC,D
14:29:21,TLKM,RG,4720,1,D,BB,SQ,D
14:29:21,TLKM,RG,4720,3,D,BB,XC,D
14:29:21,TLKM,RG,4720,1,D,BB,XL,D
14:29:21,TLKM,RG,4720,1,D,BB,XC,D
14:29:21,TLKM,RG,4720,10,D,BB,NI,D
14:29:21,TLKM,RG,4720,1,D,BB,NI,D
14:29:21,TLKM,RG,4720,1,D,BB,PD,D
14:29:21,TLKM,RG,4720,6,D,BB,XC,D
14:29:21,TLKM,RG,4720,1,D,BB,PD,D
14:29:21,TLKM,RG,4720,1,D,BB,CC,D
14:29:21,TLKM,RG,4720,10,D,BB,CP,D
14:29:21,TLKM,RG,4720,11,D,BB,YU,D
14:29:21,TLKM,RG,4720,5,D,BB,DH,D
14:29:21,TLKM,RG,4720,8,D,BB,SQ,D
14:29:21,TLKM,RG,4720,154,D,BB,CS,F
14:29:21,TLKM,RG,4720,2,D,BB,PD,D
14:29:21,TLKM,RG,4720,100,D,BB,PD,D
14:29:21,TLKM,RG,4720,1,D,BB,XC,D
14:29:21,TLKM,RG,4720,18,D,BB,CC,D
14:29:06,TLKM,RG,4720,69,F,YU,CC,D
14:29:04,TLKM,RG,4710,223,F,AK,SQ,D
14:29:04,TLKM,RG,4710,402,F,AK,SQ,D
14:29:04,TLKM,RG,4710,375,F,AK,SQ,D
14:29:01,TLKM,RG,4710,1,F,AK,ZP,D
14:28:57,TLKM,RG,4710,79,F,AK,SQ,D
14:28:57,TLKM,RG,4710,147,F,AK,SQ,D
14:28:57,TLKM,RG,4710,204,F,AK,SQ,D
14:28:57,TLKM,RG,4710,69,F,AK,SQ,D
14:28:57,TLKM,RG,4710,324,D,KZ,SQ,D
14:28:57,TLKM,RG,4710,56,D,BB,SQ,D
14:28:57,TLKM,RG,4710,1,D,CS,SQ,D
14:28:57,TLKM,RG,4710,120,D,CC,SQ,D
14:28:54,TLKM,RG,4720,13,D,BB,CC,D
14:28:54,TLKM,RG,4720,6,D,BB,XC,D
14:28:54,TLKM,RG,4720,10,D,BB,ZP,F
14:28:54,TLKM,RG,4720,3,D,BB,DR,D
14:28:54,TLKM,RG,4720,2,D,BB,YP,D
14:28:54,TLKM,RG,4720,15,D,BB,PD,D
14:28:54,TLKM,RG,4720,1,D,BB,YP,D
14:28:54,TLKM,RG,4720,10,D,BB,XC,D
14:28:54,TLKM,RG,4720,9,D,BB,PD,D
14:28:54,TLKM,RG,4720,10,D,BB,XC,D
14:28:54,TLKM,RG,4720,102,D,BB,XC,D
14:28:44,TLKM,RG,4710,1,D,CC,XC,D
14:28:29,TLKM,RG,4710,9,D,CC,YP,D
14:28:29,TLKM,RG,4720,2,D,RX,XC,D
14:28:27,TLKM,RG,4710,157,D,CC,ZP,F
14:28:27,TLKM,RG,4710,55,D,CC,ZP,F
14:28:27,TLKM,RG,4710,372,F,CC,ZP,F
14:28:27,TLKM,RG,4720,1,D,CS,XC,D
14:28:26,TLKM,RG,4710,284,F,CC,AK,F
14:28:26,TLKM,RG,4710,79,F,YU,AK,F
14:28:26,TLKM,RG,4710,62,F,YU,AK,F
14:28:26,TLKM,RG,4710,128,F,ZP,AK,F
14:28:25,TLKM,RG,4710,5,F,ZP,CC,D
14:28:25,TLKM,RG,4710,1,F,ZP,KK,D
14:28:25,TLKM,RG,4710,144,F,ZP,YU,D
14:28:25,TLKM,RG,4710,5,F,ZP,CC,D
14:28:25,TLKM,RG,4710,1,F,ZP,CC,D
14:28:25,TLKM,RG,4710,67,F,ZP,NI,D
14:28:25,TLKM,RG,4710,2,F,ZP,XC,D
14:28:25,TLKM,RG,4710,2,F,ZP,XC,D
14:28:25,TLKM,RG,4710,50,F,ZP,DR,D
14:28:25,TLKM,RG,4710,112,F,ZP,YU,D
14:28:25,TLKM,RG,4710,119,F,ZP,YU,D
14:28:25,TLKM,RG,4710,15,F,ZP,PD,D
14:28:25,TLKM,RG,4710,300,F,ZP,CC,D
14:28:25,TLKM,RG,4710,9,F,ZP,YP,D
14:28:25,TLKM,RG,4710,5,F,ZP,NI,D
14:28:25,TLKM,RG,4710,1,F,ZP,XC,D
14:28:25,TLKM,RG,4710,69,F,ZP,YU,D
14:28:25,TLKM,RG,4710,1,F,ZP,YP,D
14:28:25,TLKM,RG,4710,20,F,ZP,SQ,D
14:28:25,TLKM,RG,4710,5,F,ZP,XC,D
14:28:25,TLKM,RG,4710,10,F,ZP,XL,D
14:28:25,TLKM,RG,4710,12,F,ZP,XC,D
14:28:25,TLKM,RG,4710,10,F,ZP,KK,D
14:28:25,TLKM,RG,4710,1,F,ZP,PD,D
14:28:25,TLKM,RG,4710,13,F,ZP,NI,D
14:28:25,TLKM,RG,4710,1,F,ZP,XC,D
14:28:25,TLKM,RG,4710,15,F,ZP,NI,D
14:28:25,TLKM,RG,4710,1,F,ZP,PD,D
14:28:25,TLKM,RG,4710,106,F,ZP,PD,D
14:28:25,TLKM,RG,4710,5,F,ZP,PD,D
14:28:25,TLKM,RG,4710,155,F,ZP,CS,F
14:28:25,TLKM,RG,4710,526,F,ZP,CC,D
14:28:25,TLKM,RG,4710,2,F,ZP,XC,D
14:28:25,TLKM,RG,4710,1,F,ZP,XC,D
14:28:25,TLKM,RG,4710,4,F,ZP,NI,D
14:28:25,TLKM,RG,4710,5,F,ZP,XC,D
14:28:25,TLKM,RG,4710,2,F,ZP,YP,D
14:28:25,TLKM,RG,4710,348,F,ZP,YP,D
14:28:25,TLKM,RG,4710,10,F,ZP,NI,D
14:28:25,TLKM,RG,4710,72,F,ZP,YU,D
14:28:25,TLKM,RG,4710,101,F,ZP,YU,F
14:28:25,TLKM,RG,4710,6,F,ZP,AK,D
14:28:25,TLKM,RG,4710,10000,F,ZP,SQ,D
14:28:25,TLKM,RG,4710,50,F,ZP,YP,D
14:28:25,TLKM,RG,4710,10,F,ZP,NI,D
14:28:25,TLKM,RG,4710,1,F,ZP,XC,D
14:28:25,TLKM,RG,4710,26,F,ZP,CC,F
14:28:25,TLKM,RG,4710,1,F,ZP,XC,D
14:28:25,TLKM,RG,4710,1,F,ZP,PD,D
14:28:25,TLKM,RG,4710,171,F,ZP,CS,F
14:28:25,TLKM,RG,4710,66,F,ZP,ZP,F
14:28:25,TLKM,RG,4710,100,F,ZP,YP,D
14:28:25,TLKM,RG,4710,124,F,ZP,YU,F
14:28:25,TLKM,RG,4710,3,F,ZP,XC,D
14:28:25,TLKM,RG,4710,7,F,ZP,AK,D
14:28:25,TLKM,RG,4710,156,F,ZP,YU,D
14:28:25,TLKM,RG,4710,2,F,ZP,XC,D
14:28:25,TLKM,RG,4710,1,F,ZP,PD,D
14:28:25,TLKM,RG,4710,21,F,ZP,YP,D
14:28:25,TLKM,RG,4710,43,F,ZP,AK,F
14:28:25,TLKM,RG,4710,138,F,ZP,ZP,F
14:28:25,TLKM,RG,4710,3612,F,ZP,YU,D
14:28:25,TLKM,RG,4710,119,D,KZ,YU,D
14:28:24,TLKM,RG,4710,380,D,KZ,YU,D
14:28:20,TLKM,RG,4710,107,D,KZ,YU,D
14:28:19,TLKM,RG,4710,17,D,BB,YU,D
14:28:12,TLKM,RG,4700,1,F,ZP,XC,D
14:28:10,TLKM,RG,4710,2,D,RX,YU,D
14:28:04,TLKM,RG,4710,9,D,NI,YU,D
14:27:50,TLKM,RG,4710,1,D,CC,YU,D
14:27:48,TLKM,RG,4700,2,F,ZP,XL,D
14:27:39,TLKM,RG,4710,3,D,OD,YU,D
14:27:38,TLKM,RG,4710,77,F,YU,YU,D
14:27:37,TLKM,RG,4710,1,D,PD,YU,D
14:27:18,TLKM,RG,4710,2,D,RX,YU,D
14:27:13,TLKM,RG,4700,872,F,ZP,DR,D
14:27:07,TLKM,RG,4700,1,F,ZP,CC,D
14:27:06,TLKM,RG,4710,1,D,XC,YU,D
14:27:01,TLKM,RG,4700,172,F,ZP,YU,F
14:26:55,TLKM,RG,4710,64,F,YU,YU,D
14:26:35,TLKM,RG,4710,10,D,CC,YU,D
14:26:33,TLKM,RG,4700,8,F,ZP,XL,D
14:26:29,TLKM,RG,4710,46,F,YU,YU,D
14:26:27,TLKM,RG,4710,353,D,BB,YU,D
14:26:10,TLKM,RG,4710,100,F,YU,YU,D
14:26:02,TLKM,RG,4700,198,F,ZP,YU,D
14:26:00,TLKM,RG,4700,68,F,ZP,YU,D
14:25:42,TLKM,RG,4700,10,F,ZP,DH,D
14:25:41,TLKM,RG,4710,712,D,BB,YU,D
14:25:34,TLKM,RG,4700,1,F,ZP,CC,D
14:25:21,TLKM,RG,4700,1,F,ZP,XC,D
14:25:21,TLKM,RG,4700,2,F,ZP,XC,D
14:25:17,TLKM,RG,4710,59,F,YU,YU,D
14:25:07,TLKM,RG,4700,1,F,ZP,XC,D
14:25:05,TLKM,RG,4710,73,D,BB,YU,D
14:25:04,TLKM,RG,4710,2,D,RX,YU,D
14:25:00,TLKM,RG,4710,79,D,KZ,YU,D
14:25:00,TLKM,RG,4700,122,F,ZP,YU,D
14:25:00,TLKM,RG,4700,1,F,ZP,IH,D
14:25:00,TLKM,RG,4710,56,D,CC,YU,D
14:25:00,TLKM,RG,4710,293,D,CC,YU,D
14:24:57,TLKM,RG,4710,19,D,BB,YU,D
14:24:53,TLKM,RG,4710,2,D,RX,YU,D
14:24:52,TLKM,RG,4710,142,F,YU,YU,D
14:24:49,TLKM,RG,4710,1,D,XC,YU,D
14:24:49,TLKM,RG,4710,1,D,XC,YU,D
14:24:49,TLKM,RG,4700,1,F,ZP,PD,D
14:24:46,TLKM,RG,4700,1,F,ZP,XC,D
14:24:30,TLKM,RG,4710,6,D,PD,YU,D
14:24:13,TLKM,RG,4710,52,F,YU,YU,D
14:24:07,TLKM,RG,4710,10,D,YP,YU,D
14:24:01,TLKM,RG,4700,216,F,ZP,YU,F
14:24:01,TLKM,RG,4700,2,F,ZP,CC,D
14:23:53,TLKM,RG,4710,38,F,YU,YU,D
14:23:48,TLKM,RG,4700,52,F,ZP,LG,D
14:23:37,TLKM,RG,4710,100,D,NI,YU,D
14:23:33,TLKM,RG,4700,99,F,ZP,YP,D
14:23:28,TLKM,RG,4710,3,D,XC,YU,D
14:23:26,TLKM,RG,4710,1,D,PD,YU,D
14:23:06,TLKM,RG,4700,1,F,ZP,DX,D
14:23:05,TLKM,RG,4710,94,F,YU,YU,D
14:23:03,TLKM,RG,4710,1,D,PD,YU,D
14:23:03,TLKM,RG,4700,339,F,ZP,YU,D
14:22:58,TLKM,RG,4700,10,F,ZP,KK,D
14:22:43,TLKM,RG,4700,1,F,ZP,XC,D
14:22:39,TLKM,RG,4710,10,D,SC,YU,D
14:22:35,TLKM,RG,4710,134,F,YU,YU,D
14:22:23,TLKM,RG,4700,1,F,ZP,CC,D
14:22:20,TLKM,RG,4710,2,D,YP,YU,D
14:22:05,TLKM,RG,4710,174,D,BB,YU,D
14:22:00,TLKM,RG,4700,155,F,ZP,YU,D
14:21:57,TLKM,RG,4700,3,F,ZP,YP,D
14:21:56,TLKM,RG,4710,68,F,YU,YU,D
14:21:46,TLKM,RG,4700,413,F,ZP,LG,D
14:21:43,TLKM,RG,4710,1,D,XC,YU,D
14:21:27,TLKM,RG,4710,106,F,YU,YU,D
14:21:14,TLKM,RG,4710,2,D,RX,YU,D
14:21:11,TLKM,RG,4710,22,D,BB,YU,D
14:21:09,TLKM,RG,4710,2,D,PD,YU,D
14:21:00,TLKM,RG,4710,629,F,CC,YU,D
14:20:45,TLKM,RG,4710,283,D,BB,YU,D
14:20:44,TLKM,RG,4700,1,F,ZP,CC,D
14:20:40,TLKM,RG,4710,60,F,YU,YU,D
14:20:21,TLKM,RG,4710,9,D,DR,YU,D
14:20:13,TLKM,RG,4710,53,F,YU,YU,D
14:20:10,TLKM,RG,4700,10,F,ZP,XA,D
14:20:01,TLKM,RG,4700,5,F,ZP,XC,D
14:20:01,TLKM,RG,4700,271,F,ZP,YU,D
14:20:01,TLKM,RG,4700,221,F,ZP,YU,F
14:19:56,TLKM,RG,4700,1,F,ZP,PD,D
14:19:49,TLKM,RG,4700,1,F,ZP,XC,D
14:19:48,TLKM,RG,4710,2,F,YU,YU,D
14:19:45,TLKM,RG,4700,1,F,ZP,CC,D
14:19:33,TLKM,RG,4700,1,F,ZP,NI,D
14:19:32,TLKM,RG,4700,1,F,ZP,PD,D
14:19:24,TLKM,RG,4700,338,F,ZP,SQ,D
14:19:24,TLKM,RG,4700,2,D,NI,SQ,D
14:19:24,TLKM,RG,4700,1,D,CC,SQ,D
14:19:24,TLKM,RG,4700,5,D,OD,SQ,D
14:19:24,TLKM,RG,4700,10,D,KK,SQ,D
14:19:24,TLKM,RG,4700,2,D,OD,SQ,D
14:19:24,TLKM,RG,4700,7,D,XL,SQ,D
14:19:24,TLKM,RG,4700,50,D,XL,SQ,D
14:19:24,TLKM,RG,4700,5,D,CC,SQ,D
14:19:24,TLKM,RG,4700,2,D,CC,SQ,D
14:19:24,TLKM,RG,4700,1,D,XC,SQ,D
14:19:24,TLKM,RG,4700,2,D,XC,SQ,D
14:19:24,TLKM,RG,4700,3,D,CC,SQ,D
14:19:24,TLKM,RG,4700,1,D,XC,SQ,D
14:19:24,TLKM,RG,4700,1,D,XC,SQ,D
14:19:24,TLKM,RG,4700,2,D,PD,SQ,D
14:19:24,TLKM,RG,4700,1,D,YP,SQ,D
14:19:24,TLKM,RG,4700,150,D,YP,SQ,D
14:19:24,TLKM,RG,4700,8,D,CC,SQ,D
14:19:24,TLKM,RG,4700,1,D,CC,SQ,D
14:19:24,TLKM,RG,4700,10,D,YP,SQ,D
14:19:24,TLKM,RG,4700,4,D,PD,SQ,D
14:19:24,TLKM,RG,4700,1,D,KK,SQ,D
14:19:24,TLKM,RG,4700,2,D,PD,SQ,D
14:19:24,TLKM,RG,4700,143,D,CC,SQ,D
14:19:24,TLKM,RG,4700,5,D,YP,SQ,D
14:19:24,TLKM,RG,4700,146,F,ZP,SQ,D
14:19:24,TLKM,RG,4700,5,D,DH,SQ,D
14:19:24,TLKM,RG,4700,2,D,PD,SQ,D
14:19:24,TLKM,RG,4700,1,D,PD,SQ,D
14:19:24,TLKM,RG,4700,2,D,CC,SQ,D
14:19:24,TLKM,RG,4700,6,D,PD,SQ,D
14:19:24,TLKM,RG,4700,10,D,YU,SQ,D
14:19:24,TLKM,RG,4700,1,D,PD,SQ,D
14:19:24,TLKM,RG,4700,2,D,PD,SQ,D
14:19:24,TLKM,RG,4700,5,D,PD,SQ,D
14:19:24,TLKM,RG,4700,1,D,PD,SQ,D
14:19:24,TLKM,RG,4700,2,D,PD,SQ,D
14:19:24,TLKM,RG,4700,1,D,AT,SQ,D
14:19:24,TLKM,RG,4700,2,D,EP,SQ,D
14:19:24,TLKM,RG,4700,1,D,BQ,SQ,D
14:19:24,TLKM,RG,4700,4,D,EP,SQ,D
14:19:24,TLKM,RG,4700,1,D,YP,SQ,D
14:19:24,TLKM,RG,4700,51,D,PD,SQ,D
14:19:18,TLKM,RG,4700,24,D,PD,SQ,D
14:19:18,TLKM,RG,4700,52,F,YU,SQ,D
14:19:18,TLKM,RG,4700,924,F,ZP,SQ,D
14:19:18,TLKM,RG,4700,1,F,ZP,PD,D
14:19:18,TLKM,RG,4700,2,F,ZP,PD,D
14:19:16,TLKM,RG,4700,1,F,ZP,NI,D
14:19:06,TLKM,RG,4700,1,F,ZP,CC,D
14:19:02,TLKM,RG,4710,134,F,YU,YU,D
14:19:00,TLKM,RG,4700,10,F,ZP,YP,D
14:18:56,TLKM,RG,4700,1,F,ZP,AT,D
14:18:53,TLKM,RG,4700,2,F,ZP,NI,D
14:18:17,TLKM,RG,4700,1,F,ZP,XC,D
14:17:43,TLKM,RG,4700,2,F,ZP,XC,D
14:17:30,TLKM,RG,4700,1,F,ZP,CC,D
14:17:12,TLKM,RG,4700,1,F,ZP,TF,D
14:17:10,TLKM,RG,4710,3,D,XC,YU,D
14:17:06,TLKM,RG,4710,5,D,AT,YU,D
14:17:02,TLKM,RG,4710,3,F,AK,YU,D
14:17:01,TLKM,RG,4700,234,F,ZP,YU,D
14:16:50,TLKM,RG,4710,15,D,YP,YU,D
14:16:47,TLKM,RG,4710,1,F,AK,YU,D
14:16:46,TLKM,RG,4710,4,D,BB,YU,D
14:16:37,TLKM,RG,4710,1,D,SQ,YU,D
14:16:20,TLKM,RG,4700,1,F,ZP,XC,D
14:16:17,TLKM,RG,4710,1,D,YP,YU,D
14:16:07,TLKM,RG,4710,15,F,AK,YU,D
14:16:05,TLKM,RG,4700,1000,F,ZP,SQ,D
14:16:02,TLKM,RG,4710,15,F,AK,YU,D
14:16:00,TLKM,RG,4700,1000,F,ZP,SQ,D
14:15:52,TLKM,RG,4700,1,F,ZP,CC,D
14:15:40,TLKM,RG,4700,3,F,ZP,PD,D
14:15:35,TLKM,RG,4710,2,F,AK,YU,D
14:15:35,TLKM,RG,4700,100,F,ZP,TP,D
14:15:35,TLKM,RG,4710,3,D,CC,YU,D
14:15:27,TLKM,RG,4710,6,F,AK,YU,D
14:15:26,TLKM,RG,4700,413,F,ZP,LG,D
14:15:23,TLKM,RG,4710,4,F,AK,YU,D
14:15:21,TLKM,RG,4710,300,D,DH,YU,D
14:15:11,TLKM,RG,4710,2,D,YP,YU,D
14:14:44,TLKM,RG,4710,1,D,XC,YU,D
14:14:42,TLKM,RG,4710,1,D,PD,YU,D
14:14:24,TLKM,RG,4710,5,D,PD,YU,D
14:14:18,TLKM,RG,4700,1,F,ZP,CC,D
14:14:06,TLKM,RG,4710,1,D,PD,YU,D
14:13:42,TLKM,RG,4710,4,D,XC,YU,D
14:13:35,TLKM,RG,4700,2,F,ZP,PD,D
14:13:24,TLKM,RG,4710,1,D,SQ,YU,D
14:13:10,TLKM,RG,4710,15,F,AK,YU,D
14:13:10,TLKM,RG,4710,515,F,AK,YU,D
14:12:51,TLKM,RG,4710,390,F,AK,YU,D
14:12:51,TLKM,RG,4710,282,F,AK,YU,D
14:12:51,TLKM,RG,4710,79,F,AK,YU,D
14:12:51,TLKM,RG,4710,1,D,XC,YU,D
14:12:51,TLKM,RG,4710,37,F,AK,YU,D
14:12:51,TLKM,RG,4710,17,F,AK,YU,D
14:12:50,TLKM,RG,4710,1,D,NI,YU,D
14:12:50,TLKM,RG,4710,63,F,YU,YU,D
14:12:50,TLKM,RG,4710,1,D,PD,YU,D
14:12:50,TLKM,RG,4710,4,D,PD,YU,D
14:12:50,TLKM,RG,4710,685,F,YU,YU,D
14:12:50,TLKM,RG,4710,6,D,RX,YU,D
14:12:50,TLKM,RG,4710,13,D,XL,YU,D
14:12:50,TLKM,RG,4710,58,F,AK,YU,D
14:12:50,TLKM,RG,4710,85,F,YU,YU,D
14:12:50,TLKM,RG,4710,2166,F,AK,YU,D
14:12:50,TLKM,RG,4710,627,F,AK,YU,D
14:12:50,TLKM,RG,4710,173,F,AK,YU,D
14:12:50,TLKM,RG,4710,28,F,AK,YU,D
14:12:50,TLKM,RG,4710,76,F,AK,YU,D
14:12:50,TLKM,RG,4710,14,F,AK,YU,D
14:12:50,TLKM,RG,4710,271,D,KZ,YU,D
14:12:50,TLKM,RG,4710,75,D,KZ,YU,D
14:12:50,TLKM,RG,4710,8,D,BB,YU,D
14:12:50,TLKM,RG,4710,1,D,CS,YU,D
14:12:50,TLKM,RG,4710,25,F,AK,YU,D
14:12:50,TLKM,RG,4710,552,D,ZP,YU,D
14:12:46,TLKM,RG,4710,1,D,ZP,CC,D
14:12:44,TLKM,RG,4720,2,F,AK,XC,D
14:12:43,TLKM,RG,4720,81,F,YU,XC,D
14:12:16,TLKM,RG,4710,7,D,ZP,XC,D
14:12:15,TLKM,RG,4710,1,D,ZP,XC,D
14:12:09,TLKM,RG,4720,59,F,YU,XC,D
14:12:09,TLKM,RG,4720,1,F,YU,XC,D
14:12:09,TLKM,RG,4720,3,F,YU,CC,D
14:12:09,TLKM,RG,4720,13,F,YU,ZP,F
14:11:23,TLKM,RG,4720,4,F,YU,ZP,F
14:11:18,TLKM,RG,4720,1,D,XC,ZP,F
14:11:14,TLKM,RG,4720,1,D,PD,ZP,F
14:11:04,TLKM,RG,4720,10,F,AK,ZP,F
14:11:04,TLKM,RG,4720,67,F,AK,XC,D
14:11:04,TLKM,RG,4720,1,F,AK,XC,D
14:11:04,TLKM,RG,4720,1,F,AK,XC,D
14:11:04,TLKM,RG,4720,12,F,AK,PD,D
14:11:04,TLKM,RG,4710,20,D,ZP,AK,D
14:11:03,TLKM,RG,4710,187,D,ZP,AK,F
14:11:03,TLKM,RG,4710,520,D,ZP,CC,D
14:11:03,TLKM,RG,4710,200,D,ZP,SQ,D
14:11:03,TLKM,RG,4710,1,D,ZP,XC,D
14:11:03,TLKM,RG,4710,254,D,ZP,ZP,F
14:11:03,TLKM,RG,4710,1,D,ZP,CC,D
14:11:03,TLKM,RG,4710,5,D,ZP,PD,D
14:11:03,TLKM,RG,4710,1,D,ZP,XC,D
14:11:03,TLKM,RG,4710,20,D,ZP,YP,D
14:11:03,TLKM,RG,4710,153,D,ZP,CS,F
14:11:03,TLKM,RG,4710,10,D,ZP,CC,D
14:11:03,TLKM,RG,4710,1,D,ZP,KK,D
14:11:03,TLKM,RG,4710,1,D,ZP,XC,D
14:11:03,TLKM,RG,4710,45,D,ZP,CC,D
14:11:03,TLKM,RG,4710,20,D,ZP,YU,D
14:11:03,TLKM,RG,4710,1,D,ZP,XC,D
14:11:03,TLKM,RG,4710,1,D,ZP,PD,D
14:11:03,TLKM,RG,4710,2,D,ZP,CC,D
14:11:03,TLKM,RG,4710,1,D,ZP,XC,D
14:11:03,TLKM,RG,4710,6,D,ZP,AK,D
14:11:03,TLKM,RG,4710,50,D,ZP,NI,D
14:11:03,TLKM,RG,4710,5,D,ZP,PD,D
14:11:03,TLKM,RG,4710,156,D,ZP,CS,F
14:11:03,TLKM,RG,4710,20,D,ZP,AK,D
14:11:03,TLKM,RG,4710,10,D,ZP,CC,F
14:11:03,TLKM,RG,4710,558,D,ZP,CC,D
14:11:03,TLKM,RG,4710,36,D,ZP,AK,F
14:11:03,TLKM,RG,4710,192,D,ZP,ZP,F
14:11:03,TLKM,RG,4710,92,D,ZP,YU,F
14:11:03,TLKM,RG,4710,164,D,ZP,YU,D
14:11:03,TLKM,RG,4710,84,D,ZP,YU,D
14:11:03,TLKM,RG,4710,90,D,ZP,YU,F
14:11:03,TLKM,RG,4710,80,D,ZP,YU,D
14:11:03,TLKM,RG,4710,72,D,ZP,YU,D
14:11:03,TLKM,RG,4710,119,D,ZP,YU,D
14:11:03,TLKM,RG,4710,68,D,ZP,YU,D
14:11:03,TLKM,RG,4710,3693,D,ZP,LG,D
14:11:02,TLKM,RG,4710,5,F,AK,LG,D
14:11:02,TLKM,RG,4700,263,F,ZP,YU,D
14:11:01,TLKM,RG,4710,5,F,AK,LG,D
14:11:01,TLKM,RG,4700,215,F,ZP,YU,F
14:10:40,TLKM,RG,4710,1,D,XC,LG,D
14:10:35,TLKM,RG,4710,1,D,XC,LG,D
14:10:13,TLKM,RG,4710,1,D,XC,LG,D
14:10:04,TLKM,RG,4710,6,D,NI,LG,D
14:09:57,TLKM,RG,4700,1,F,ZP,PD,D
14:09:38,TLKM,RG,4700,1,F,ZP,CC,D
14:09:00,TLKM,RG,4700,1,F,ZP,XC,D
14:09:00,TLKM,RG,4710,3,F,AK,LG,D
14:09:00,TLKM,RG,4700,153,F,ZP,YU,D
14:08:56,TLKM,RG,4700,5,F,ZP,XL,D
14:08:46,TLKM,RG,4710,2,D,NI,LG,D
14:08:36,TLKM,RG,4710,1,D,PD,LG,D
14:08:33,TLKM,RG,4700,3,F,ZP,XC,D
14:08:10,TLKM,RG,4710,1,F,AK,LG,D
14:08:09,TLKM,RG,4700,31,F,ZP,BQ,D
14:08:04,TLKM,RG,4700,1,F,ZP,CC,D
14:08:03,TLKM,RG,4710,5,F,AK,LG,D
14:08:02,TLKM,RG,4710,3,F,AK,LG,D
14:08:02,TLKM,RG,4700,231,F,ZP,YU,D
14:08:02,TLKM,RG,4700,147,F,ZP,YU,F
14:07:44,TLKM,RG,4710,1,D,CC,LG,D
14:07:36,TLKM,RG,4710,1,F,AK,LG,D
14:07:34,TLKM,RG,4700,1,F,ZP,YB,D
14:07:00,TLKM,RG,4710,82,D,KZ,LG,D
14:06:52,TLKM,RG,4710,1,D,XC,LG,D
14:06:32,TLKM,RG,4700,1,F,ZP,CC,D
14:06:29,TLKM,RG,4700,1,F,ZP,KK,D
14:06:00,TLKM,RG,4700,72,F,ZP,YU,D
14:05:47,TLKM,RG,4710,45,F,KK,LG,D
14:05:45,TLKM,RG,4710,2,D,XC,LG,D
14:05:42,TLKM,RG,4710,1,D,PD,LG,D
14:05:34,TLKM,RG,4710,1,D,KK,LG,D
14:05:30,TLKM,RG,4710,362,F,AK,LG,D
14:05:30,TLKM,RG,4700,30,F,ZP,AK,D
14:05:16,TLKM,RG,4700,1,F,ZP,BQ,D
14:04:54,TLKM,RG,4700,1,F,ZP,CC,D
14:04:43,TLKM,RG,4710,31,F,AK,LG,D
14:04:43,TLKM,RG,4710,14,F,AK,LG,D
14:04:43,TLKM,RG,4710,425,F,AK,LG,D
14:04:43,TLKM,RG,4710,1,F,YU,LG,D
14:04:43,TLKM,RG,4710,37,F,YU,LG,D
14:04:43,TLKM,RG,4710,4,D,XL,LG,D
14:04:43,TLKM,RG,4710,36,F,YU,LG,D
14:04:43,TLKM,RG,4710,319,D,BB,LG,D
14:04:43,TLKM,RG,4710,473,D,BB,LG,D
14:04:43,TLKM,RG,4710,20,D,BB,LG,D
14:04:43,TLKM,RG,4710,395,D,BB,LG,D
14:04:43,TLKM,RG,4710,66,F,YU,LG,D
14:04:43,TLKM,RG,4710,83,F,AK,LG,D
14:04:43,TLKM,RG,4710,39,F,AK,LG,D
14:04:43,TLKM,RG,4710,128,F,AK,LG,D
14:04:43,TLKM,RG,4710,242,F,AK,LG,D
14:04:43,TLKM,RG,4710,109,F,AK,LG,D
14:04:43,TLKM,RG,4710,2355,F,AK,LG,D
14:04:38,TLKM,RG,4720,1,D,CC,PD,D
14:04:30,TLKM,RG,4720,1,D,PD,PD,D
14:04:01,TLKM,RG,4710,198,F,AK,YU,F
14:04:01,TLKM,RG,4710,310,F,AK,YU,D
14:04:00,TLKM,RG,4710,129,F,AK,YU,D
14:03:52,TLKM,RG,4710,139,F,AK,OD,D
14:03:22,TLKM,RG,4710,1,F,AK,CC,D
14:03:19,TLKM,RG,4710,8,F,AK,AK,D
14:03:19,TLKM,RG,4720,7,D,XC,PD,D
14:03:18,TLKM,RG,4710,3,F,AK,PD,D
14:03:07,TLKM,RG,4710,1,F,AK,PD,D
14:03:03,TLKM,RG,4720,1,D,XL,PD,D
14:03:02,TLKM,RG,4710,155,F,AK,YU,D
14:02:57,TLKM,RG,4710,57,F,AK,AK,F
14:02:57,TLKM,RG,4710,629,F,AK,ZP,F
14:02:57,TLKM,RG,4710,23,F,YU,ZP,F
14:02:57,TLKM,RG,4710,55,F,YU,YU,D
14:02:57,TLKM,RG,4710,75,F,YU,YU,D
14:02:57,TLKM,RG,4710,1,D,PD,YU,D
14:02:57,TLKM,RG,4710,84,F,YU,YU,D
14:02:57,TLKM,RG,4710,1,D,PD,YU,D
14:02:57,TLKM,RG,4710,1,D,PC,YU,D
14:02:57,TLKM,RG,4710,53,F,YU,YU,D
14:02:57,TLKM,RG,4710,1,D,XC,YU,D
14:02:57,TLKM,RG,4710,300,D,KZ,YU,D
14:02:57,TLKM,RG,4710,53,F,YU,YU,D
14:02:57,TLKM,RG,4710,81,D,KZ,YU,D
14:02:57,TLKM,RG,4710,7,D,XA,YU,D
14:02:57,TLKM,RG,4710,42,F,YU,YU,D
14:02:57,TLKM,RG,4710,1,D,XC,YU,D
14:02:57,TLKM,RG,4710,6,D,RX,YU,D
14:02:57,TLKM,RG,4710,49,F,YU,YU,D
14:02:57,TLKM,RG,4710,5000,D,RX,YU,D
14:02:57,TLKM,RG,4710,2,D,NI,YU,D
14:02:57,TLKM,RG,4710,500,D,YB,YU,D
14:02:57,TLKM,RG,4710,524,D,BB,YU,D
14:02:57,TLKM,RG,4710,5290,D,ZP,YU,D
14:02:57,TLKM,RG,4710,43,F,YU,YU,D
14:02:57,TLKM,RG,4710,1,D,PD,YU,D
14:02:57,TLKM,RG,4710,56,F,AK,YU,D
14:02:57,TLKM,RG,4710,25,F,AK,YU,D
14:02:57,TLKM,RG,4710,54,D,BB,YU,D
14:02:57,TLKM,RG,4710,1062,D,BB,YU,D
14:02:57,TLKM,RG,4710,556,D,BB,YU,D
14:02:57,TLKM,RG,4710,25,F,AK,YU,D
14:02:57,TLKM,RG,4710,56,F,AK,YU,D
14:02:57,TLKM,RG,4710,26,F,AK,YU,D
14:02:57,TLKM,RG,4710,970,F,AK,YU,D
14:02:48,TLKM,RG,4710,22,F,AK,PD,D
14:02:45,TLKM,RG,4710,6,F,AK,YP,D
14:02:19,TLKM,RG,4720,2,D,PD,PD,D
14:02:15,TLKM,RG,4720,2,D,NI,PD,D
14:02:04,TLKM,RG,4720,10,D,PD,PD,D
14:01:57,TLKM,RG,4720,2,F,KK,PD,D
14:01:49,TLKM,RG,4710,100,F,AK,DH,D
14:01:49,TLKM,RG,4710,10,F,AK,PD,D
14:01:49,TLKM,RG,4710,39,F,YU,PD,D
14:01:49,TLKM,RG,4710,1,D,XL,PD,D
14:01:49,TLKM,RG,4710,32,F,YU,PD,D
14:01:49,TLKM,RG,4710,49,F,YU,PD,D
14:01:49,TLKM,RG,4710,53,F,YU,PD,D
14:01:49,TLKM,RG,4710,56,F,YU,PD,D
14:01:49,TLKM,RG,4710,22,F,YU,PD,D
14:01:44,TLKM,RG,4710,1,F,YU,CC,D
14:01:14,TLKM,RG,4710,1,F,YU,YP,D
14:01:04,TLKM,RG,4710,5,F,YU,YP,D
14:01:02,TLKM,RG,4710,10,F,YU,AZ,D
14:01:01,TLKM,RG,4710,4,F,YU,CC,D
14:01:01,TLKM,RG,4710,1,D,AT,CC,D
14:01:01,TLKM,RG,4710,5,D,CC,CC,D
14:01:01,TLKM,RG,4710,49,D,CC,YU,F
14:01:01,TLKM,RG,4710,119,D,CC,YU,F
14:01:01,TLKM,RG,4710,160,D,CC,YU,D
14:01:01,TLKM,RG,4710,43,F,YU,YU,D
14:01:01,TLKM,RG,4710,62,F,YU,YU,D
14:00:43,TLKM,RG,4710,5,F,YU,AK,F
14:00:43,TLKM,RG,4710,74,F,YU,AK,F
14:00:43,TLKM,RG,4710,1,D,YB,AK,F
14:00:43,TLKM,RG,4710,8,F,YU,AK,F
14:00:43,TLKM,RG,4710,44,F,YU,AK,F
14:00:43,TLKM,RG,4710,42,F,YU,AK,F
14:00:43,TLKM,RG,4710,28,F,YU,AK,F
14:00:13,TLKM,RG,4710,6,F,YU,SQ,D
14:00:13,TLKM,RG,4710,41,F,YU,SQ,D
14:00:13,TLKM,RG,4710,38,F,YU,SQ,D
14:00:13,TLKM,RG,4710,1,D,CC,SQ,D
14:00:13,TLKM,RG,4710,41,F,YU,SQ,D
14:00:13,TLKM,RG,4710,500,D,YB,SQ,D
14:00:13,TLKM,RG,4710,1,D,PD,SQ,D
14:00:13,TLKM,RG,4710,372,D,BB,SQ,D
14:00:09,TLKM,RG,4710,10,D,BB,AR,D
14:00:08,TLKM,RG,4710,1,D,BB,CC,D
14:00:07,TLKM,RG,4710,7,D,BB,PD,D
14:00:05,TLKM,RG,4710,599,D,BB,SQ,D
14:00:05,TLKM,RG,4710,118,F,AK,SQ,D
14:00:05,TLKM,RG,4710,52,F,AK,SQ,D
14:00:05,TLKM,RG,4710,23,F,YU,SQ,D
14:00:05,TLKM,RG,4710,208,D,KZ,SQ,D
14:00:01,TLKM,RG,4710,4,D,KZ,PD,D
13:59:55,TLKM,RG,4710,26,D,KZ,SQ,D
13:59:55,TLKM,RG,4710,18,D,DX,SQ,D
13:59:55,TLKM,RG,4710,16,F,YU,SQ,D
13:59:55,TLKM,RG,4710,10,D,PD,SQ,D
13:59:55,TLKM,RG,4710,12,D,BB,SQ,D
13:59:55,TLKM,RG,4710,187,D,BB,SQ,D
13:59:55,TLKM,RG,4710,94,D,BB,SQ,D
13:59:55,TLKM,RG,4710,51,F,YU,SQ,D
13:59:55,TLKM,RG,4710,13,F,AK,SQ,D
13:59:55,TLKM,RG,4710,1,F,AK,SQ,D
13:59:55,TLKM,RG,4710,5,F,AK,SQ,D
13:59:55,TLKM,RG,4710,567,F,AK,SQ,D
13:59:45,TLKM,RG,4710,13,F,AK,AK,D
13:59:27,TLKM,RG,4710,1,F,AK,XL,D
13:59:09,TLKM,RG,4710,1,F,AK,YP,D
13:59:00,TLKM,RG,4710,72,F,AK,YU,D
13:58:32,TLKM,RG,4710,1,F,AK,CC,D
13:58:24,TLKM,RG,4710,13,F,AK,EP,D
13:58:02,TLKM,RG,4720,1,D,XC,PD,D
13:58:01,TLKM,RG,4710,164,F,AK,YU,D
13:57:35,TLKM,RG,4710,20,F,AK,XL,D
13:57:10,TLKM,RG,4710,1,F,AK,XC,D
13:57:02,TLKM,RG,4710,192,F,AK,YU,F
13:56:58,TLKM,RG,4710,1,F,AK,CC,D
13:56:55,TLKM,RG,4720,1,D,OD,PD,D
13:56:51,TLKM,RG,4720,1,D,PD,PD,D
13:56:43,TLKM,RG,4720,10,D,DR,PD,D
13:56:32,TLKM,RG,4720,1,D,CD,PD,D
13:56:28,TLKM,RG,4720,2,D,PD,PD,D
13:56:00,TLKM,RG,4710,147,F,AK,YU,D
13:55:33,TLKM,RG,4720,1,D,XC,PD,D
13:55:20,TLKM,RG,4710,1,F,AK,CC,D
13:55:20,TLKM,RG,4710,2,F,AK,DX,D
13:55:20,TLKM,RG,4710,1,F,AK,GR,D
13:55:16,TLKM,RG,4710,100,F,AK,HD,D
13:55:02,TLKM,RG,4710,232,F,AK,YU,D
13:54:54,TLKM,RG,4720,87,D,BB,PD,D
13:54:50,TLKM,RG,4710,31,F,AK,BQ,D
13:54:30,TLKM,RG,4720,5,D,YP,PD,D
13:54:22,TLKM,RG,4720,82,D,BB,PD,D
13:54:12,TLKM,RG,4710,11,F,AK,PD,D
13:54:11,TLKM,RG,4710,2,F,AK,NI,D
13:54:10,TLKM,RG,4710,3366,F,AK,YU,D
13:54:10,TLKM,RG,4710,1,D,CS,YU,D
13:54:10,TLKM,RG,4710,335,F,AK,YU,D
13:54:10,TLKM,RG,4710,3,D,SQ,YU,D
13:54:10,TLKM,RG,4710,148,F,AK,YU,D
13:54:10,TLKM,RG,4710,100,D,DR,YU,D
13:54:10,TLKM,RG,4710,3,D,KK,YU,D
13:54:10,TLKM,RG,4710,1,D,XL,YU,D
13:54:10,TLKM,RG,4710,2,D,CC,YU,D
13:54:10,TLKM,RG,4710,94,F,YU,YU,D
13:54:10,TLKM,RG,4710,25,D,CC,YU,D
13:54:10,TLKM,RG,4710,922,D,BB,YU,D
13:54:06,TLKM,RG,4710,10,D,BB,YU,D
13:53:58,TLKM,RG,4720,131,D,AZ,PD,D
13:53:58,TLKM,RG,4720,7,D,AZ,XC,D
13:53:58,TLKM,RG,4720,5,D,AZ,DR,D
13:53:58,TLKM,RG,4720,76,D,AZ,YU,F
13:53:58,TLKM,RG,4720,7,D,AZ,AK,D
13:53:58,TLKM,RG,4720,20,D,AZ,DR,D
13:53:58,TLKM,RG,4720,1,D,AZ,YU,D
13:53:58,TLKM,RG,4720,53,D,AZ,NI,D
13:53:58,TLKM,RG,4720,1,D,AT,NI,D
13:53:54,TLKM,RG,4710,15,D,BB,PD,D
13:53:50,TLKM,RG,4710,7,D,BB,DX,D
13:53:48,TLKM,RG,4720,4,D,XC,NI,D
13:53:44,TLKM,RG,4710,1,D,BB,CC,D
13:53:22,TLKM,RG,4720,40,D,GR,NI,D
13:53:22,TLKM,RG,4710,466,D,BB,AK,F
13:53:22,TLKM,RG,4710,488,D,BB,SQ,D
13:53:22,TLKM,RG,4710,10,D,KK,SQ,D
13:53:22,TLKM,RG,4710,3,D,SQ,SQ,D
13:53:22,TLKM,RG,4710,5,D,DR,SQ,D
13:53:22,TLKM,RG,4710,2,D,NI,SQ,D
13:53:22,TLKM,RG,4710,1,D,NI,SQ,D
13:53:22,TLKM,RG,4710,1,D,PD,SQ,D
13:53:22,TLKM,RG,4710,3,D,RX,SQ,D
13:53:22,TLKM,RG,4710,10,D,PD,SQ,D
13:53:22,TLKM,RG,4710,632,F,CC,SQ,D
13:53:22,TLKM,RG,4710,5,D,NI,SQ,D
13:53:22,TLKM,RG,4710,2,D,XL,SQ,D
13:53:22,TLKM,RG,4710,1,D,XC,SQ,D
13:53:22,TLKM,RG,4710,1,D,XL,SQ,D
13:53:22,TLKM,RG,4710,5000,D,CP,SQ,D
13:53:22,TLKM,RG,4710,1,D,XC,SQ,D
13:53:22,TLKM,RG,4710,61,F,YU,SQ,D
13:53:22,TLKM,RG,4710,1,D,RX,SQ,D
13:53:22,TLKM,RG,4710,5,D,BB,SQ,D
13:53:22,TLKM,RG,4710,37,F,YU,SQ,D
13:53:22,TLKM,RG,4710,102,F,YU,SQ,D
13:53:22,TLKM,RG,4710,16,D,XC,SQ,D
13:53:22,TLKM,RG,4710,12,D,BB,SQ,D
13:53:22,TLKM,RG,4710,68,F,YU,SQ,D
13:53:22,TLKM,RG,4710,57,F,YU,SQ,D
13:53:22,TLKM,RG,4710,2,D,XC,SQ,D
13:53:22,TLKM,RG,4710,1,D,EP,SQ,D
13:53:22,TLKM,RG,4710,48,F,YU,SQ,D
13:53:22,TLKM,RG,4710,126,F,YU,SQ,D
13:53:22,TLKM,RG,4710,5,D,PD,SQ,D
13:53:22,TLKM,RG,4710,32,F,YU,SQ,D
13:53:22,TLKM,RG,4710,153,D,BB,SQ,D
13:53:22,TLKM,RG,4710,1,D,CS,SQ,D
13:53:22,TLKM,RG,4710,19,F,YU,SQ,D
13:53:22,TLKM,RG,4710,10,D,YU,SQ,D
13:53:22,TLKM,RG,4710,2,D,XC,SQ,D
13:53:22,TLKM,RG,4710,1,D,PD,SQ,D
13:53:22,TLKM,RG,4710,22,F,YU,SQ,D
13:53:22,TLKM,RG,4710,1,D,XC,SQ,D
13:53:22,TLKM,RG,4710,1,D,CC,SQ,D
13:53:22,TLKM,RG,4710,33,F,YU,SQ,D
13:53:22,TLKM,RG,4710,5,D,YP,SQ,D
13:53:22,TLKM,RG,4710,45,F,KK,SQ,D
13:53:22,TLKM,RG,4710,3,D,CC,SQ,D
13:53:22,TLKM,RG,4710,5,D,RX,SQ,D
13:53:22,TLKM,RG,4710,11,F,YU,SQ,D
13:53:22,TLKM,RG,4710,500,D,YB,SQ,D
13:53:22,TLKM,RG,4710,2,D,YB,SQ,D
13:53:22,TLKM,RG,4710,65,F,YU,SQ,D
13:53:22,TLKM,RG,4710,4,D,SQ,SQ,D
13:53:22,TLKM,RG,4710,72,F,YU,SQ,D
13:53:22,TLKM,RG,4710,6,D,YP,SQ,D
13:53:22,TLKM,RG,4710,91,D,BB,SQ,D
13:53:22,TLKM,RG,4710,31,F,YU,SQ,D
13:53:22,TLKM,RG,4710,259,F,AK,SQ,D
13:53:22,TLKM,RG,4710,58,F,AK,SQ,D
13:53:22,TLKM,RG,4710,27,F,AK,SQ,D
13:53:22,TLKM,RG,4710,1835,F,AK,SQ,D
13:53:14,TLKM,RG,4720,2,D,XL,NI,D
13:53:01,TLKM,RG,4720,1,D,NI,NI,D
13:53:01,TLKM,RG,4720,2,D,NI,XC,D
13:53:01,TLKM,RG,4720,5,D,NI,CC,F
13:53:00,TLKM,RG,4710,119,F,AK,YU,D
13:53:00,TLKM,RG,4710,9,F,AK,YU,D
13:52:53,TLKM,RG,4720,2,D,NI,CC,F
13:52:44,TLKM,RG,4720,48,F,YU,CC,F
13:52:43,TLKM,RG,4720,3,D,DR,CC,F
13:52:43,TLKM,RG,4720,2,D,DR,YU,D
13:52:19,TLKM,RG,4710,4,F,AK,CC,D
13:52:17,TLKM,RG,4710,1,F,AK,NI,D
13:52:13,TLKM,RG,4720,10,D,PD,YU,D
13:52:10,TLKM,RG,4710,1,F,AK,CC,D
13:52:02,TLKM,RG,4710,129,F,AK,YU,D
13:52:02,TLKM,RG,4710,65,F,AK,YU,D
13:52:02,TLKM,RG,4710,1,D,PD,YU,D
13:52:02,TLKM,RG,4710,1,D,RX,YU,D
13:51:55,TLKM,RG,4720,35,F,YU,YU,D
13:51:50,TLKM,RG,4720,1,D,XC,YU,D
13:51:45,TLKM,RG,4710,25,D,RX,NI,D
13:51:39,TLKM,RG,4720,81,F,YU,YU,D
13:51:36,TLKM,RG,4720,1,D,PD,YU,D
13:51:27,TLKM,RG,4720,12,D,BB,YU,D
13:51:19,TLKM,RG,4720,1,D,CC,YU,D
13:51:11,TLKM,RG,4720,2,D,KK,YU,D
13:51:02,TLKM,RG,4720,48,F,YU,YU,D
13:51:02,TLKM,RG,4720,8,D,CC,YU,D
13:50:59,TLKM,RG,4720,237,D,BB,YU,D
13:50:45,TLKM,RG,4720,2,D,XC,YU,D
13:50:36,TLKM,RG,4710,1,D,RX,CC,D
13:50:29,TLKM,RG,4720,176,D,BB,YU,D
13:50:27,TLKM,RG,4720,26,F,YU,YU,D
13:50:24,TLKM,RG,4720,267,D,KZ,YU,D
13:50:20,TLKM,RG,4710,7,D,RX,EP,D
13:50:08,TLKM,RG,4720,247,F,YU,YU,D
13:50:01,TLKM,RG,4710,256,D,RX,YU,F
13:50:00,TLKM,RG,4710,75,D,RX,YU,D
13:50:00,TLKM,RG,4720,652,F,CC,YU,D
13:49:53,TLKM,RG,4710,3,D,RX,DX,D
13:49:51,TLKM,RG,4710,31,D,RX,BQ,D
13:49:42,TLKM,RG,4720,2,D,RX,YU,D
13:49:40,TLKM,RG,4710,5,D,RX,XC,D
13:49:25,TLKM,RG,4720,1,D,CC,YU,D
13:49:23,TLKM,RG,4720,219,F,YU,YU,D
13:49:23,TLKM,RG,4720,3,D,RX,YU,D
13:49:20,TLKM,RG,4720,2503,D,AZ,YU,D
13:49:02,TLKM,RG,4720,130,F,YU,YU,D
13:49:02,TLKM,RG,4710,1,D,RX,CC,D
13:49:02,TLKM,RG,4710,322,D,RX,YU,D
13:49:02,TLKM,RG,4720,10,D,XC,YU,D
13:49:00,TLKM,RG,4710,154,D,RX,YU,D
13:48:58,TLKM,RG,4710,1,D,RX,XC,D
13:48:51,TLKM,RG,4710,2,D,RX,DX,D
13:48:40,TLKM,RG,4720,324,D,CC,YU,D
13:48:40,TLKM,RG,4720,7,D,CC,XC,D
13:48:40,TLKM,RG,4720,7,D,CC,AK,D
13:48:40,TLKM,RG,4720,1,D,CC,XC,D
13:48:40,TLKM,RG,4720,48,D,CC,AK,F
13:48:40,TLKM,RG,4720,42,D,CC,ZP,F
13:48:40,TLKM,RG,4720,571,D,CC,RX,D
13:48:32,TLKM,RG,4720,13,D,BB,RX,D
13:48:29,TLKM,RG,4720,1,D,XC,RX,D
13:48:26,TLKM,RG,4720,1,D,XC,RX,D
13:48:23,TLKM,RG,4720,29,F,YU,RX,D
13:48:08,TLKM,RG,4720,44,F,YU,RX,D
13:48:04,TLKM,RG,4720,198,D,KZ,RX,D
13:47:57,TLKM,RG,4710,2,D,RX,YP,D
13:47:43,TLKM,RG,4710,1,D,RX,NI,D
13:47:42,TLKM,RG,4720,77,F,YU,RX,D
13:47:37,TLKM,RG,4720,2,D,RX,RX,D
13:47:34,TLKM,RG,4720,230,D,BB,RX,D
13:47:27,TLKM,RG,4720,1,D,KK,RX,D
13:47:26,TLKM,RG,4710,1,D,RX,CC,D
13:47:21,TLKM,RG,4720,1,D,PD,RX,D
13:46:50,TLKM,RG,4720,35,F,YU,RX,D
13:46:41,TLKM,RG,4720,2,D,CC,RX,D
13:46:22,TLKM,RG,4720,102,F,YU,RX,D
13:46:17,TLKM,RG,4720,1,D,XC,RX,D
13:46:10,TLKM,RG,4710,9,D,RX,YP,D
13:46:08,TLKM,RG,4720,176,D,BB,RX,D
13:46:00,TLKM,RG,4710,202,D,RX,YU,F
13:45:50,TLKM,RG,4710,1,D,RX,CC,D
13:45:41,TLKM,RG,4720,11,D,BB,RX,D
13:45:29,TLKM,RG,4720,52,F,YU,RX,D
13:45:07,TLKM,RG,4720,94,F,YU,RX,D
13:45:06,TLKM,RG,4720,5,D,PD,RX,D
13:45:05,TLKM,RG,4710,6,D,RX,SQ,D
13:45:00,TLKM,RG,4710,251,D,RX,YU,D
13:44:53,TLKM,RG,4720,2,D,NI,RX,D
13:44:22,TLKM,RG,4720,2,D,RX,RX,D
13:44:17,TLKM,RG,4710,1,D,RX,AT,D
13:44:16,TLKM,RG,4710,1,D,RX,CC,D
13:44:16,TLKM,RG,4720,58,F,YU,RX,D
13:44:14,TLKM,RG,4720,233,D,BB,RX,D
13:44:09,TLKM,RG,4710,1,D,RX,XC,D
13:44:01,TLKM,RG,4710,12,D,RX,XC,D
13:44:00,TLKM,RG,4710,72,D,RX,YU,D
13:43:56,TLKM,RG,4720,5,D,NI,RX,D
13:43:52,TLKM,RG,4720,1,D,XC,RX,D
13:43:41,TLKM,RG,4710,5,D,RX,XL,D
13:43:36,TLKM,RG,4720,1,D,XC,RX,D
13:43:35,TLKM,RG,4710,1,D,RX,XC,D
13:43:30,TLKM,RG,4710,7,D,RX,XC,D
13:43:26,TLKM,RG,4720,33,F,YU,RX,D
13:43:22,TLKM,RG,4720,5,D,PD,RX,D
13:43:05,TLKM,RG,4720,2,D,XC,RX,D
13:43:02,TLKM,RG,4720,1,D,XC,RX,D
13:43:01,TLKM,RG,4720,10,F,AK,RX,D
13:43:01,TLKM,RG,4710,231,D,RX,YU,F
13:43:01,TLKM,RG,4710,270,D,RX,YU,D
13:43:00,TLKM,RG,4720,1,F,AK,RX,D
13:42:59,TLKM,RG,4710,5,D,RX,XL,D
13:42:56,TLKM,RG,4710,1,D,RX,YP,D
13:42:55,TLKM,RG,4720,4,F,YU,RX,D
13:42:49,TLKM,RG,4710,1,D,RX,PD,D
13:42:42,TLKM,RG,4710,1,D,RX,CC,D
13:42:37,TLKM,RG,4720,38,D,BB,RX,D
13:42:32,TLKM,RG,4720,2,D,RX,RX,D
13:42:30,TLKM,RG,4720,1,F,AK,RX,D
13:42:30,TLKM,RG,4710,7,D,RX,RG,D
13:42:23,TLKM,RG,4710,2,D,RX,PD,D
13:42:20,TLKM,RG,4720,1,D,XC,RX,D
13:42:07,TLKM,RG,4720,5,D,PD,RX,D
13:42:07,TLKM,RG,4710,2,D,RX,XC,D
13:42:04,TLKM,RG,4710,8,D,RX,XC,D
13:41:48,TLKM,RG,4720,35,F,AK,RX,D
13:41:47,TLKM,RG,4710,1016,D,RX,PD,D
13:41:47,TLKM,RG,4710,10,D,CC,PD,D
13:41:47,TLKM,RG,4710,11,D,NI,PD,D
13:41:47,TLKM,RG,4710,12,D,LG,PD,D
13:41:47,TLKM,RG,4710,86,F,YU,PD,D
13:41:47,TLKM,RG,4710,84,D,BB,PD,D
13:41:47,TLKM,RG,4710,25,D,BB,PD,D
13:41:47,TLKM,RG,4710,271,D,BR,PD,D
13:41:46,TLKM,RG,4720,71,D,BB,RX,D
13:41:36,TLKM,RG,4720,116,D,BB,RX,D
13:41:36,TLKM,RG,4710,5,D,BR,IF,D
13:41:32,TLKM,RG,4710,8,D,BR,YP,D
13:41:22,TLKM,RG,4720,31,F,AK,RX,D
13:41:21,TLKM,RG,4710,1514,D,BR,PD,D
13:41:08,TLKM,RG,4710,11,D,BR,EP,D
13:41:06,TLKM,RG,4710,1,D,BR,XC,D
13:41:04,TLKM,RG,4710,5,D,BR,SA,D
13:41:04,TLKM,RG,4710,1,D,BR,CC,D
13:41:02,TLKM,RG,4720,7,F,AK,RX,D
13:41:01,TLKM,RG,4710,184,D,BR,YU,D
13:41:01,TLKM,RG,4710,143,D,CC,YU,D
13:41:01,TLKM,RG,4710,7,D,CC,YU,D
13:40:53,TLKM,RG,4720,27,D,BB,RX,D
13:40:40,TLKM,RG,4710,47,D,CC,YP,D
13:40:40,TLKM,RG,4710,11,D,KZ,YP,D
13:40:40,TLKM,RG,4710,18,D,KZ,YP,D
13:40:40,TLKM,RG,4710,24,D,KZ,YP,D
13:40:39,TLKM,RG,4720,124,D,BB,RX,D
13:40:23,TLKM,RG,4710,2,D,KZ,CC,D
13:39:51,TLKM,RG,4710,1,D,KZ,PD,D
13:39:51,TLKM,RG,4710,8,D,CC,PD,D
13:39:38,TLKM,RG,4720,110,D,BB,RX,D
13:39:34,TLKM,RG,4710,1,D,BB,LG,D
13:39:31,TLKM,RG,4720,10,D,NI,RX,D
13:39:30,TLKM,RG,4710,1,D,BB,CC,D
13:39:22,TLKM,RG,4720,15,D,XC,RX,D
13:39:02,TLKM,RG,4710,34,D,BB,YU,F
13:39:02,TLKM,RG,4710,1,D,XC,YU,F
13:39:02,TLKM,RG,4710,3,D,PD,YU,F
13:39:02,TLKM,RG,4710,1,D,NI,YU,F
13:39:02,TLKM,RG,4710,168,D,YB,YU,F
13:38:54,TLKM,RG,4720,5,D,XC,RX,D
13:38:51,TLKM,RG,4720,11,D,DH,RX,D
13:38:44,TLKM,RG,4710,10,D,YB,PD,D
13:38:43,TLKM,RG,4720,87,D,BB,RX,D
13:38:23,TLKM,RG,4710,1,D,YB,NI,D
13:38:14,TLKM,RG,4710,20,D,YB,EP,D
13:38:04,TLKM,RG,4710,5,D,YB,XL,D
13:37:57,TLKM,RG,4710,1,D,YB,DH,D
13:37:54,TLKM,RG,4710,1,D,YB,CC,D
13:37:44,TLKM,RG,4710,15,D,YB,NI,D
13:37:43,TLKM,RG,4720,22,D,BB,RX,D
13:37:28,TLKM,RG,4720,17,D,BB,RX,D
13:37:24,TLKM,RG,4720,10,D,BB,RX,D
13:37:23,TLKM,RG,4720,5,D,NI,RX,D
13:37:22,TLKM,RG,4710,279,D,YB,NI,D
13:37:22,TLKM,RG,4710,86,D,YB,NI,D
13:37:11,TLKM,RG,4720,1,D,CC,RX,D
13:37:04,TLKM,RG,4710,413,D,YB,LG,D
13:37:02,TLKM,RG,4720,526,F,AK,RX,D
13:37:02,TLKM,RG,4720,87,F,AK,RX,D
13:37:02,TLKM,RG,4720,103,F,AK,RX,D
13:37:02,TLKM,RG,4720,40,F,AK,RX,D
13:37:02,TLKM,RG,4720,10,D,YP,RX,D
13:37:02,TLKM,RG,4720,7,F,YU,RX,D
13:37:02,TLKM,RG,4720,6,D,XC,RX,D
13:37:02,TLKM,RG,4720,90,D,XC,RX,D
13:37:02,TLKM,RG,4720,638,F,CC,RX,D
13:37:02,TLKM,RG,4720,99,F,YU,RX,D
13:37:02,TLKM,RG,4720,39,F,YU,RX,D
13:37:02,TLKM,RG,4720,43,D,BB,RX,D
13:37:02,TLKM,RG,4720,132,F,AK,RX,D
13:37:02,TLKM,RG,4720,2746,F,AK,RX,D
13:37:02,TLKM,RG,4720,102,F,AK,RX,D
13:37:02,TLKM,RG,4720,191,F,AK,RX,D
13:37:02,TLKM,RG,4720,47,F,AK,RX,D
13:37:02,TLKM,RG,4720,86,F,AK,RX,D
13:37:02,TLKM,RG,4720,40,F,YU,RX,D
13:37:02,TLKM,RG,4720,24,D,BB,RX,D
13:37:02,TLKM,RG,4720,341,F,AK,RX,D
13:37:02,TLKM,RG,4720,226,F,AK,RX,D
13:37:02,TLKM,RG,4720,1622,D,RX,RX,D
13:37:02,TLKM,RG,4730,2,D,XC,YU,D
13:36:56,TLKM,RG,4730,5,F,AK,YU,D
13:36:55,TLKM,RG,4720,20,D,RX,MG,D
13:36:52,TLKM,RG,4730,1,D,CC,YU,D
13:36:49,TLKM,RG,4720,1,D,RX,BQ,D
13:36:46,TLKM,RG,4730,1,D,XC,YU,D
13:36:46,TLKM,RG,4730,7,D,BB,YU,D
13:36:36,TLKM,RG,4730,62,D,BB,YU,D
13:35:57,TLKM,RG,4720,2,D,RX,PD,D
13:35:55,TLKM,RG,4720,2,D,RX,YP,D
13:35:43,TLKM,RG,4720,3,D,RX,XC,D
13:35:43,TLKM,RG,4730,7,D,BB,YU,D
13:35:41,TLKM,RG,4720,3,D,RX,LG,D
13:35:40,TLKM,RG,4720,30,D,RX,CC,D
13:35:40,TLKM,RG,4730,20,D,BB,YU,D
13:35:40,TLKM,RG,4730,2,D,BB,YU,D
13:35:26,TLKM,RG,4720,9,D,RX,PD,D
13:35:21,TLKM,RG,4720,10,D,RX,PD,D
13:35:17,TLKM,RG,4720,181,D,RX,YU,D
13:35:17,TLKM,RG,4720,1,D,RX,CC,D
13:35:17,TLKM,RG,4720,2,D,RX,CP,D
13:35:17,TLKM,RG,4720,63,D,RX,AK,F
13:35:17,TLKM,RG,4720,151,D,RX,ZP,F
13:35:17,TLKM,RG,4720,900,D,RX,SQ,D
13:35:12,TLKM,RG,4720,2,D,XC,SQ,D
13:35:07,TLKM,RG,4710,1,D,YB,XC,D
13:35:01,TLKM,RG,4720,250,D,PD,SQ,D
13:34:49,TLKM,RG,4720,2,D,XC,SQ,D
13:34:33,TLKM,RG,4720,637,F,AK,SQ,D
13:34:33,TLKM,RG,4720,342,F,AK,SQ,D
13:34:33,TLKM,RG,4720,9,F,AK,SQ,D
13:34:33,TLKM,RG,4720,3828,F,AK,SQ,D
13:34:33,TLKM,RG,4720,1126,F,AK,SQ,D
13:34:33,TLKM,RG,4720,217,F,AK,SQ,D
13:34:33,TLKM,RG,4720,91,F,AK,SQ,D
13:34:33,TLKM,RG,4720,5255,F,AK,SQ,D
13:34:33,TLKM,RG,4720,8,D,BB,SQ,D
13:34:32,TLKM,RG,4720,1,D,DR,SQ,D
13:34:32,TLKM,RG,4720,200,D,YP,SQ,D
13:34:32,TLKM,RG,4720,82,D,BB,SQ,D
13:34:32,TLKM,RG,4720,30,D,PD,SQ,D
13:34:32,TLKM,RG,4720,1,D,AT,SQ,D
13:34:32,TLKM,RG,4720,3,D,BB,SQ,D
13:34:32,TLKM,RG,4720,814,F,YU,SQ,D
13:34:32,TLKM,RG,4720,27,D,BB,SQ,D
13:34:32,TLKM,RG,4720,6,D,RX,SQ,D
13:34:32,TLKM,RG,4720,2125,D,BQ,SQ,D
13:34:32,TLKM,RG,4720,64,F,YU,SQ,D
13:34:32,TLKM,RG,4720,436,F,AK,SQ,D
13:34:32,TLKM,RG,4720,676,F,AK,SQ,D
13:34:32,TLKM,RG,4720,465,D,KZ,SQ,D
13:34:32,TLKM,RG,4720,1000,D,YB,SQ,D
13:34:32,TLKM,RG,4720,880,F,CS,SQ,D
13:34:32,TLKM,RG,4720,19,D,BB,SQ,D
13:34:32,TLKM,RG,4720,111,F,AK,SQ,D
13:34:32,TLKM,RG,4720,52,F,AK,SQ,D
13:34:32,TLKM,RG,4720,62,F,AK,SQ,D
13:34:32,TLKM,RG,4720,26,F,AK,SQ,D
13:34:32,TLKM,RG,4720,57,F,AK,SQ,D
13:34:32,TLKM,RG,4720,1,D,CS,SQ,D
13:34:32,TLKM,RG,4720,195,F,AK,SQ,D
13:34:32,TLKM,RG,4730,1,D,EP,YU,D
13:34:27,TLKM,RG,4730,2,D,NI,YU,D
13:34:25,TLKM,RG,4730,5,D,PD,YU,D
13:34:24,TLKM,RG,4720,500,F,AK,CC,D
13:34:22,TLKM,RG,4720,892,F,AK,YU,D
13:34:22,TLKM,RG,4720,88,F,YU,YU,D
13:34:22,TLKM,RG,4720,9020,D,CC,YU,D
13:34:21,TLKM,RG,4730,69,F,YU,YU,D
13:34:01,TLKM,RG,4730,5,D,XL,YU,D
13:33:59,TLKM,RG,4730,794,F,AK,YU,D
13:33:58,TLKM,RG,4720,1,D,CC,XL,D
13:33:46,TLKM,RG,4730,2,D,RX,YU,D
13:33:45,TLKM,RG,4720,2,D,CC,DH,D
13:33:42,TLKM,RG,4730,576,F,AK,YU,D
13:33:42,TLKM,RG,4730,1,F,AK,XC,D
13:33:42,TLKM,RG,4730,6,F,AK,CC,D
13:33:42,TLKM,RG,4730,50,F,AK,DX,D
13:33:42,TLKM,RG,4730,6,F,AK,PD,D
13:33:42,TLKM,RG,4730,4,F,AK,XC,D
13:33:42,TLKM,RG,4730,5,F,AK,PD,D
13:33:42,TLKM,RG,4730,3,F,AK,YP,D
13:33:42,TLKM,RG,4730,100,F,AK,YP,D
13:33:42,TLKM,RG,4730,1,F,AK,YP,D
13:33:42,TLKM,RG,4730,2,F,AK,XC,D
13:33:42,TLKM,RG,4730,10,F,AK,SH,D
13:33:42,TLKM,RG,4730,50,F,AK,XA,D
13:33:42,TLKM,RG,4730,23,F,AK,XL,D
13:33:42,TLKM,RG,4730,10,F,AK,GR,D
13:33:42,TLKM,RG,4730,10,F,AK,EP,D
13:33:42,TLKM,RG,4730,1,F,AK,YP,D
13:33:42,TLKM,RG,4730,1,F,AK,XC,D
13:33:42,TLKM,RG,4730,1,F,AK,KK,D
13:33:42,TLKM,RG,4730,10,F,AK,CC,D
13:33:42,TLKM,RG,4730,719,F,AK,LG,D
13:33:42,TLKM,RG,4730,720,F,AK,LG,D
13:33:41,TLKM,RG,4720,10,D,CC,PD,D
13:33:41,TLKM,RG,4730,1302,F,AK,LG,D
13:33:41,TLKM,RG,4730,3,F,AK,DH,D
13:33:41,TLKM,RG,4730,2,F,AK,XC,D
13:33:41,TLKM,RG,4730,3,F,AK,SQ,D
13:33:41,TLKM,RG,4730,1,F,AK,XC,D
13:33:41,TLKM,RG,4730,30,F,AK,CC,D
13:33:41,TLKM,RG,4730,4,F,AK,PD,D
13:33:41,TLKM,RG,4730,1,F,AK,XC,D
13:33:41,TLKM,RG,4730,1,F,AK,YP,D
13:33:41,TLKM,RG,4730,1,F,AK,NI,D
13:33:41,TLKM,RG,4730,4,F,AK,YP,D
13:33:41,TLKM,RG,4730,5,F,AK,YP,D
13:33:41,TLKM,RG,4730,1,F,AK,NI,D
13:33:41,TLKM,RG,4730,33,F,AK,EP,D
13:33:41,TLKM,RG,4730,26,F,AK,PD,D
13:33:41,TLKM,RG,4730,8,F,AK,YP,D
13:33:41,TLKM,RG,4730,1,F,AK,XC,D
13:33:41,TLKM,RG,4730,2,F,AK,XL,D
13:33:41,TLKM,RG,4730,1,F,AK,XC,D
13:33:41,TLKM,RG,4730,3,F,AK,YP,D
13:33:41,TLKM,RG,4730,11,F,AK,XC,D
13:33:41,TLKM,RG,4730,10,F,AK,PD,D
13:33:41,TLKM,RG,4730,5,F,AK,PD,D
13:33:41,TLKM,RG,4730,4,F,AK,PD,D
13:33:41,TLKM,RG,4730,1,F,AK,XL,D
13:33:41,TLKM,RG,4730,5,F,AK,KK,D
13:33:41,TLKM,RG,4730,10,F,AK,AT,D
13:33:41,TLKM,RG,4730,5,F,AK,DR,D
13:33:41,TLKM,RG,4730,1,F,AK,KK,D
13:33:41,TLKM,RG,4730,2,F,AK,PD,D
13:33:41,TLKM,RG,4730,250,F,AK,IH,D
13:33:41,TLKM,RG,4730,6,F,AK,PD,D
13:33:41,TLKM,RG,4730,1,F,AK,YU,D
13:33:41,TLKM,RG,4730,10,F,AK,CC,D
13:33:41,TLKM,RG,4730,2,F,AK,XC,D
13:33:41,TLKM,RG,4730,5,F,AK,XC,D
13:33:41,TLKM,RG,4730,5,F,AK,PD,D
13:33:41,TLKM,RG,4730,1,F,AK,PD,D
13:33:41,TLKM,RG,4730,50,F,AK,YP,D
13:33:41,TLKM,RG,4730,27,F,AK,PD,D
13:33:41,TLKM,RG,4730,1,F,AK,EP,D
13:33:41,TLKM,RG,4730,47,F,AK,YB,D
13:33:41,TLKM,RG,4730,2222,F,AK,KK,D
13:33:41,TLKM,RG,4730,5,F,AK,LS,D
13:33:41,TLKM,RG,4730,1,F,AK,XC,D
13:33:41,TLKM,RG,4730,2,F,AK,XC,D
13:33:41,TLKM,RG,4730,10,F,AK,EP,D
13:33:41,TLKM,RG,4730,1,F,AK,PD,D
13:33:41,TLKM,RG,4730,5,F,AK,IH,D
13:33:41,TLKM,RG,4730,20,F,AK,EP,D
13:33:41,TLKM,RG,4730,2,F,AK,EL,D
13:33:41,TLKM,RG,4730,10,F,AK,CC,D
13:33:41,TLKM,RG,4730,14,F,AK,XC,D
13:33:41,TLKM,RG,4730,4,F,AK,XC,D
13:33:41,TLKM,RG,4730,2,F,AK,YP,D
13:33:41,TLKM,RG,4730,7,F,AK,PD,D
13:33:41,TLKM,RG,4730,8,F,AK,PD,D
13:33:41,TLKM,RG,4730,3,F,AK,YP,D
13:33:41,TLKM,RG,4730,1,F,AK,PD,D
13:33:41,TLKM,RG,4730,30,F,AK,PD,D
13:33:41,TLKM,RG,4730,1,F,AK,YP,D
13:33:41,TLKM,RG,4730,3,F,AK,PD,D
13:33:41,TLKM,RG,4730,41,F,AK,PD,D
13:33:41,TLKM,RG,4730,1,F,AK,CC,D
13:33:41,TLKM,RG,4730,3,F,AK,PD,D
13:33:41,TLKM,RG,4730,26,F,AK,DH,D
13:33:41,TLKM,RG,4730,10,F,AK,DH,D
13:33:41,TLKM,RG,4730,5,F,AK,KK,D
13:33:41,TLKM,RG,4730,5,F,AK,NI,D
13:33:41,TLKM,RG,4730,2,F,AK,CC,D
13:33:41,TLKM,RG,4730,1,F,AK,OD,D
13:33:41,TLKM,RG,4730,32,F,AK,XC,D
13:33:41,TLKM,RG,4730,3,F,AK,PD,D
13:33:41,TLKM,RG,4730,3,F,AK,CC,D
13:33:41,TLKM,RG,4730,50,F,AK,PD,D
13:33:41,TLKM,RG,4730,3,F,AK,NI,D
13:33:41,TLKM,RG,4730,44,F,AK,PD,D
13:33:41,TLKM,RG,4730,1,F,AK,CC,D
13:33:41,TLKM,RG,4730,29,F,AK,YP,D
13:33:41,TLKM,RG,4730,5,F,AK,CC,D
13:33:41,TLKM,RG,4730,22,F,AK,XC,D
13:33:41,TLKM,RG,4730,1,F,AK,XC,D
13:33:41,TLKM,RG,4730,15,F,AK,XC,D
13:33:41,TLKM,RG,4730,3,F,AK,OD,D
13:33:41,TLKM,RG,4730,25,F,AK,YP,D
13:33:41,TLKM,RG,4730,1,F,AK,XC,D
13:33:41,TLKM,RG,4730,1,F,AK,AT,D
13:33:41,TLKM,RG,4730,6,F,AK,PD,D
13:33:41,TLKM,RG,4730,10,F,AK,CC,D
13:33:41,TLKM,RG,4730,15,F,AK,EP,D
13:33:41,TLKM,RG,4730,45,F,AK,YP,D
13:33:41,TLKM,RG,4730,2,F,AK,PD,D
13:33:41,TLKM,RG,4730,11,F,AK,XC,D
13:33:41,TLKM,RG,4730,15,F,AK,PD,D
13:33:41,TLKM,RG,4730,3,F,AK,KK,D
13:33:41,TLKM,RG,4730,1,F,AK,XC,D
13:33:41,TLKM,RG,4730,5000,F,AK,YU,D
13:33:41,TLKM,RG,4730,1,F,AK,SQ,D
13:33:41,TLKM,RG,4730,10,F,AK,CC,D
13:33:41,TLKM,RG,4730,1,F,AK,XC,D
13:33:41,TLKM,RG,4730,2,F,AK,PD,D
13:33:41,TLKM,RG,4730,5,F,AK,YP,D
13:33:41,TLKM,RG,4730,50,F,AK,YP,D
13:33:41,TLKM,RG,4730,50,F,AK,YP,D
13:33:41,TLKM,RG,4730,2,F,AK,YP,D
13:33:41,TLKM,RG,4730,4,F,AK,BQ,D
13:33:41,TLKM,RG,4730,2,F,AK,PD,D
13:33:41,TLKM,RG,4730,30,F,AK,DH,D
13:33:41,TLKM,RG,4730,20,F,AK,XC,D
13:33:41,TLKM,RG,4730,3,F,AK,NI,D
13:33:41,TLKM,RG,4730,200,F,AK,GR,D
13:33:41,TLKM,RG,4730,1,F,AK,PD,D
13:33:41,TLKM,RG,4730,4,F,AK,AZ,D
13:33:41,TLKM,RG,4730,2,F,AK,NI,D
13:33:41,TLKM,RG,4730,2,F,AK,CC,D
13:33:41,TLKM,RG,4730,10,F,AK,YP,D
13:33:41,TLKM,RG,4730,3,F,AK,CC,D
13:33:41,TLKM,RG,4730,1,F,AK,CC,D
13:33:41,TLKM,RG,4730,5,F,AK,KK,D
13:33:41,TLKM,RG,4730,10,F,AK,PD,D
13:33:41,TLKM,RG,4730,5,F,AK,CC,D
13:33:41,TLKM,RG,4730,1,F,AK,YB,D
13:33:41,TLKM,RG,4730,3,F,AK,NI,D
13:33:41,TLKM,RG,4730,1,F,AK,XC,D
13:33:41,TLKM,RG,4730,20,F,AK,YP,D
13:33:41,TLKM,RG,4730,3,F,AK,SQ,D
13:33:41,TLKM,RG,4730,25,F,AK,YP,D
13:33:41,TLKM,RG,4730,10,F,AK,YP,D
13:33:41,TLKM,RG,4730,5,F,AK,PD,D
13:33:41,TLKM,RG,4730,2,F,AK,GR,D
13:33:41,TLKM,RG,4730,2,F,AK,GR,D
13:33:41,TLKM,RG,4730,20,F,AK,YP,D
13:33:41,TLKM,RG,4730,211,F,AK,OD,D
13:33:41,TLKM,RG,4730,100,F,AK,DR,D
13:33:41,TLKM,RG,4730,1,F,AK,KK,D
13:33:41,TLKM,RG,4730,500,F,AK,NI,D
13:33:41,TLKM,RG,4730,2,F,AK,YP,D
13:33:41,TLKM,RG,4730,5,F,AK,PD,D
13:33:41,TLKM,RG,4730,12,F,AK,PD,D
13:33:41,TLKM,RG,4730,5,F,AK,YP,D
13:33:41,TLKM,RG,4730,2,F,AK,YP,D
13:33:41,TLKM,RG,4730,45,F,AK,AT,D
13:33:41,TLKM,RG,4730,1,F,AK,PD,D
13:33:41,TLKM,RG,4730,3,F,AK,XC,D
13:33:41,TLKM,RG,4730,10,F,AK,YP,D
13:33:41,TLKM,RG,4730,20,F,AK,KK,D
13:33:41,TLKM,RG,4730,2,F,AK,YP,D
13:33:41,TLKM,RG,4730,50,F,AK,LS,D
13:33:41,TLKM,RG,4730,1,F,AK,PD,D
13:33:41,TLKM,RG,4730,200,F,AK,KK,D
13:33:41,TLKM,RG,4730,1,F,AK,PD,D
13:33:41,TLKM,RG,4730,24,F,AK,XC,D
13:33:41,TLKM,RG,4730,9,F,AK,PD,D
13:33:41,TLKM,RG,4730,1,F,AK,CC,D
13:33:41,TLKM,RG,4730,10,F,AK,RG,D
13:33:41,TLKM,RG,4730,2,F,AK,PD,D
13:33:41,TLKM,RG,4730,9910,F,AK,SQ,D
13:33:41,TLKM,RG,4730,90,F,AK,SQ,D
13:33:41,TLKM,RG,4730,50,F,AK,PD,D
13:33:41,TLKM,RG,4730,65,F,AK,PD,D
13:33:41,TLKM,RG,4730,5,F,AK,XC,D
13:33:41,TLKM,RG,4730,1,F,AK,XC,D
13:33:41,TLKM,RG,4730,2,F,AK,LG,D
13:33:41,TLKM,RG,4730,2,F,AK,PD,D
13:33:41,TLKM,RG,4730,60,F,AK,PD,D
13:33:41,TLKM,RG,4730,1,F,AK,YP,D
13:33:41,TLKM,RG,4730,50,F,AK,KK,D
13:33:41,TLKM,RG,4730,3,F,AK,YP,D
13:33:41,TLKM,RG,4730,4,F,AK,PD,D
13:33:41,TLKM,RG,4730,5,F,AK,CC,D
13:33:41,TLKM,RG,4730,1,F,AK,LS,D
13:33:41,TLKM,RG,4730,5,F,AK,XC,D
13:33:41,TLKM,RG,4730,300,F,AK,KK,D
13:33:41,TLKM,RG,4730,25,F,AK,YP,D
13:33:41,TLKM,RG,4730,2,F,AK,CC,D
13:33:41,TLKM,RG,4730,100,F,AK,IF,D
13:33:41,TLKM,RG,4730,2,F,AK,NI,D
13:33:41,TLKM,RG,4730,3,F,AK,PD,D
13:33:41,TLKM,RG,4730,1,F,AK,PD,D
13:33:41,TLKM,RG,4730,50,F,AK,YU,D
13:33:41,TLKM,RG,4730,5,F,AK,ZP,D
13:33:41,TLKM,RG,4730,50,F,AK,PD,D
13:33:41,TLKM,RG,4730,1,F,AK,XL,D
13:33:41,TLKM,RG,4730,50,F,AK,OD,D
13:33:41,TLKM,RG,4730,3,F,AK,XL,D
13:33:41,TLKM,RG,4730,5,F,AK,YP,D
13:33:41,TLKM,RG,4730,30,F,AK,YP,D
13:33:41,TLKM,RG,4730,1,F,AK,XL,D
13:33:41,TLKM,RG,4730,100,F,AK,SQ,D
13:33:41,TLKM,RG,4730,60,F,AK,PD,D
13:33:41,TLKM,RG,4730,3,F,AK,DR,D
13:33:41,TLKM,RG,4730,1,F,AK,PD,D
13:33:41,TLKM,RG,4730,25,F,AK,YP,D
13:33:41,TLKM,RG,4730,1,F,AK,KK,D
13:33:41,TLKM,RG,4730,2,F,AK,KK,D
13:33:41,TLKM,RG,4730,2,F,AK,PD,D
13:33:41,TLKM,RG,4730,10,F,AK,KK,D
13:33:41,TLKM,RG,4730,5,F,AK,ZP,D
13:33:41,TLKM,RG,4730,3,F,AK,PD,D
13:33:41,TLKM,RG,4730,10,F,AK,DH,D
13:33:41,TLKM,RG,4730,100,F,AK,KK,D
13:33:41,TLKM,RG,4730,3,F,AK,PD,D
13:33:41,TLKM,RG,4730,1,F,AK,PD,D
13:33:41,TLKM,RG,4730,5,F,AK,ZP,D
13:33:41,TLKM,RG,4730,5,F,AK,ZP,D
13:33:41,TLKM,RG,4730,1,F,AK,XC,D
13:33:41,TLKM,RG,4730,11,F,AK,GR,D
13:33:41,TLKM,RG,4730,5,F,AK,TP,D
13:33:41,TLKM,RG,4730,3,F,AK,RO,D
13:33:41,TLKM,RG,4730,1,F,AK,AN,D
13:33:40,TLKM,RG,4720,187,D,CC,XA,F
13:33:40,TLKM,RG,4720,106,D,CC,YU,F
13:33:40,TLKM,RG,4720,8,D,CC,AK,D
13:33:40,TLKM,RG,4720,1,D,CC,CC,D
13:33:40,TLKM,RG,4720,87,D,CC,YU,D
13:33:40,TLKM,RG,4720,2,D,CC,EP,D
13:33:40,TLKM,RG,4720,2,D,CC,PD,D
13:33:40,TLKM,RG,4720,20,D,CC,GR,D
13:33:40,TLKM,RG,4720,2,D,CC,XL,D
13:33:40,TLKM,RG,4720,55,D,CC,AK,F
13:33:40,TLKM,RG,4720,79,D,CC,YU,D
13:33:40,TLKM,RG,4720,1000,D,CC,SQ,D
13:33:40,TLKM,RG,4720,1000,D,CC,SQ,D
13:33:40,TLKM,RG,4720,5,D,CC,XC,D
13:33:40,TLKM,RG,4720,1,D,CC,XC,D
13:33:40,TLKM,RG,4720,60,D,CC,CC,D
13:33:40,TLKM,RG,4720,1,D,CC,NI,D
13:33:40,TLKM,RG,4720,452,D,CC,ZP,F
13:33:40,TLKM,RG,4720,1,D,CC,XC,D
13:33:40,TLKM,RG,4720,15,D,CC,OD,D
13:33:40,TLKM,RG,4720,1,D,CC,XC,D
13:33:40,TLKM,RG,4720,10,D,CC,PD,D
13:33:40,TLKM,RG,4720,1,D,CC,XC,D
13:33:40,TLKM,RG,4720,2,D,CC,XC,D
13:33:40,TLKM,RG,4720,1,D,CC,XC,D
13:33:40,TLKM,RG,4720,1,D,CC,XC,D
13:33:40,TLKM,RG,4720,3,D,CC,XC,D
13:33:40,TLKM,RG,4720,458,D,CC,CC,D
13:33:40,TLKM,RG,4720,20,D,CC,XC,D
13:33:40,TLKM,RG,4720,5,D,CC,XC,D
13:33:40,TLKM,RG,4720,4,D,CC,XC,D
13:33:40,TLKM,RG,4720,5,D,CC,XC,D
13:33:40,TLKM,RG,4720,6,D,CC,XC,D
13:33:40,TLKM,RG,4720,1,D,CC,CC,D
13:33:40,TLKM,RG,4720,40,D,CC,CC,D
13:33:40,TLKM,RG,4720,2,D,CC,XC,D
13:33:40,TLKM,RG,4720,2,D,CC,XC,D
13:33:40,TLKM,RG,4720,2,D,CC,XC,D
13:33:40,TLKM,RG,4720,1,D,CC,XC,D
13:33:40,TLKM,RG,4720,100,D,CC,XC,D
13:33:40,TLKM,RG,4720,5,D,CC,YP,D
13:33:40,TLKM,RG,4720,1,D,CC,YP,D
13:33:40,TLKM,RG,4720,100,D,CC,CC,D
13:33:40,TLKM,RG,4720,10,D,CC,PD,D
13:33:40,TLKM,RG,4720,1,D,CC,PD,D
13:33:40,TLKM,RG,4720,1,D,CC,YP,D
13:33:40,TLKM,RG,4720,5,D,CC,CC,D
13:33:40,TLKM,RG,4720,4,D,CC,AZ,D
13:33:40,TLKM,RG,4720,5,D,CC,DH,D
13:33:40,TLKM,RG,4720,20,D,CC,PD,D
13:33:40,TLKM,RG,4720,3,D,CC,PD,D
13:33:40,TLKM,RG,4720,1,D,CC,KK,D
13:33:40,TLKM,RG,4720,2,D,CC,PD,D
13:33:40,TLKM,RG,4720,2,D,CC,PD,D
13:33:40,TLKM,RG,4720,103,D,CC,PD,D
13:33:40,TLKM,RG,4720,1,D,CC,PD,D
13:33:40,TLKM,RG,4720,50,D,CC,PD,D
13:33:40,TLKM,RG,4720,100,D,CC,PD,D
13:33:40,TLKM,RG,4720,2,D,CC,PD,D
13:33:40,TLKM,RG,4720,1,D,CC,PD,D
13:33:40,TLKM,RG,4720,10,D,CC,CC,D
13:33:40,TLKM,RG,4720,3,D,CC,DX,D
13:33:40,TLKM,RG,4720,1,D,CC,YP,D
13:33:40,TLKM,RG,4720,1,D,CC,BQ,D
13:33:40,TLKM,RG,4720,3,D,CC,PD,D
13:33:40,TLKM,RG,4720,50,D,CC,KK,D
13:33:40,TLKM,RG,4720,3,D,CC,LG,D
13:33:40,TLKM,RG,4720,9,D,CC,PD,D
13:33:40,TLKM,RG,4720,3,D,CC,PD,D
13:33:40,TLKM,RG,4720,1,D,CC,PD,D
13:33:40,TLKM,RG,4720,5,D,CC,GR,D
13:33:40,TLKM,RG,4720,1,D,CC,PD,D
13:33:40,TLKM,RG,4720,2,D,CC,PD,D
13:33:40,TLKM,RG,4720,2,D,CC,GR,D
13:33:40,TLKM,RG,4720,50,D,CC,KK,D
13:33:40,TLKM,RG,4720,1000,D,CC,LS,D
13:33:40,TLKM,RG,4720,2,D,CC,PD,D
13:33:40,TLKM,RG,4720,2,D,CC,DR,D
13:33:40,TLKM,RG,4720,3,D,CC,XC,D
13:33:40,TLKM,RG,4720,1,D,CC,XC,D
13:33:40,TLKM,RG,4720,1,D,CC,YP,D
13:33:40,TLKM,RG,4720,1,D,CC,PD,D
13:33:40,TLKM,RG,4720,13,D,CC,PD,D
13:33:40,TLKM,RG,4720,1,D,CC,EP,D
13:33:40,TLKM,RG,4720,50,D,CC,KK,D
13:33:40,TLKM,RG,4720,1,D,CC,XC,D
13:33:40,TLKM,RG,4720,1,D,CC,KK,D
13:33:40,TLKM,RG,4720,1,D,CC,XC,D
13:33:40,TLKM,RG,4720,2,D,CC,PD,D
13:33:40,TLKM,RG,4720,30,D,CC,KK,D
13:33:40,TLKM,RG,4720,3,D,CC,XC,D
13:33:40,TLKM,RG,4720,15,D,CC,PD,D
13:33:40,TLKM,RG,4720,10,D,CC,XC,D
13:33:40,TLKM,RG,4720,13,D,CC,YP,D
13:33:40,TLKM,RG,4720,1,D,CC,KK,D
13:33:40,TLKM,RG,4720,10,D,CC,YP,D
13:33:40,TLKM,RG,4720,1,D,CC,PD,D
13:33:40,TLKM,RG,4720,2,D,CC,XC,D
13:33:40,TLKM,RG,4720,5,D,CC,XC,D
13:33:40,TLKM,RG,4720,1,D,CC,XC,D
13:33:40,TLKM,RG,4720,1,D,CC,SQ,D
13:33:40,TLKM,RG,4720,1,D,CC,XL,D
13:33:40,TLKM,RG,4720,5,D,CC,LG,D
13:33:40,TLKM,RG,4720,4,D,CC,PD,D
13:33:40,TLKM,RG,4720,5,D,CC,GR,D
13:33:40,TLKM,RG,4720,5,D,CC,PD,D
13:33:40,TLKM,RG,4720,7,D,CC,CC,D
13:33:40,TLKM,RG,4720,4,D,CC,XC,D
13:33:40,TLKM,RG,4720,1,D,CC,PD,D
13:33:40,TLKM,RG,4720,1,D,CC,PD,D
13:33:40,TLKM,RG,4720,1,D,CC,XC,D
13:33:40,TLKM,RG,4720,1,D,CC,XC,D
13:33:40,TLKM,RG,4720,10,D,CC,CC,D
13:33:40,TLKM,RG,4720,100,D,CC,XA,D
13:33:40,TLKM,RG,4720,2,D,CC,XC,D
13:33:40,TLKM,RG,4720,3,D,CC,PD,D
13:33:40,TLKM,RG,4720,15,D,CC,EP,D
13:33:40,TLKM,RG,4720,2,D,CC,XC,D
13:33:40,TLKM,RG,4720,1,D,CC,YP,D
13:33:40,TLKM,RG,4720,30,D,CC,LG,D
13:33:40,TLKM,RG,4720,10,D,CC,NI,D
13:33:40,TLKM,RG,4720,8,D,CC,KK,D
13:33:40,TLKM,RG,4720,3,D,CC,XC,D
13:33:40,TLKM,RG,4720,1,D,CC,PD,D
13:33:40,TLKM,RG,4720,2,D,CC,GR,D
13:33:40,TLKM,RG,4720,5,D,CC,YP,D
13:33:40,TLKM,RG,4720,2,D,CC,XC,D
13:33:40,TLKM,RG,4720,14,D,CC,CC,D
13:33:40,TLKM,RG,4720,1,D,CC,YP,D
13:33:40,TLKM,RG,4720,3,D,CC,PD,D
13:33:40,TLKM,RG,4720,13,D,CC,NI,D
13:33:40,TLKM,RG,4720,2,D,CC,NI,D
13:33:40,TLKM,RG,4720,5,D,CC,CC,D
13:33:40,TLKM,RG,4720,10,D,CC,PD,D
13:33:40,TLKM,RG,4720,5,D,CC,OD,D
13:33:40,TLKM,RG,4720,14,D,CC,CC,D
13:33:40,TLKM,RG,4720,20,D,CC,CC,D
13:33:40,TLKM,RG,4720,1,D,CC,NI,D
13:33:40,TLKM,RG,4720,35,D,CC,NI,D
13:33:40,TLKM,RG,4720,2,D,CC,YP,D
13:33:40,TLKM,RG,4720,5,D,CC,NI,D
13:33:40,TLKM,RG,4720,1,D,CC,PD,D
13:33:40,TLKM,RG,4720,30,D,CC,CC,D
13:33:40,TLKM,RG,4720,15,D,CC,PD,D
13:33:40,TLKM,RG,4720,6,D,CC,PD,D
13:33:40,TLKM,RG,4720,2,D,CC,XL,D
13:33:40,TLKM,RG,4720,100,D,CC,CC,D
13:33:40,TLKM,RG,4720,2,D,CC,PD,D
13:33:40,TLKM,RG,4720,2,D,CC,YP,D
13:33:40,TLKM,RG,4720,100,D,CC,YP,D
13:33:40,TLKM,RG,4720,5,D,CC,SQ,D
13:33:40,TLKM,RG,4720,12,D,CC,SQ,D
13:33:40,TLKM,RG,4720,1,D,CC,YP,D
13:33:40,TLKM,RG,4720,254,D,CC,XA,F
13:33:40,TLKM,RG,4720,1,D,CC,KK,D
13:33:40,TLKM,RG,4720,8,D,CC,XC,D
13:33:40,TLKM,RG,4720,100,D,CC,KK,D
13:33:40,TLKM,RG,4720,3,D,CC,YP,D
13:33:40,TLKM,RG,4720,25,D,CC,RB,D
13:33:40,TLKM,RG,4720,1,D,CC,YP,D
13:33:40,TLKM,RG,4720,5,D,CC,NI,D
13:33:40,TLKM,RG,4720,100,D,CC,YP,D
13:33:40,TLKM,RG,4720,1,D,CC,XC,D
13:33:40,TLKM,RG,4720,1,D,CC,NI,D
13:33:40,TLKM,RG,4720,10,D,CC,CC,D
13:33:40,TLKM,RG,4720,1,D,CC,XC,D
13:33:40,TLKM,RG,4720,50,D,CC,CP,D
13:33:40,TLKM,RG,4720,2,D,CC,SQ,D
13:33:40,TLKM,RG,4720,1,D,CC,PD,D
13:33:40,TLKM,RG,4720,1,D,CC,XC,D
13:33:40,TLKM,RG,4720,10,D,CC,CC,D
13:33:40,TLKM,RG,4720,4,D,CC,KK,D
13:33:40,TLKM,RG,4720,5,D,CC,AI,D
13:33:40,TLKM,RG,4720,3,D,CC,XC,D
13:33:40,TLKM,RG,4720,3,D,CC,PD,D
13:33:40,TLKM,RG,4720,8,D,CC,XC,D
13:33:40,TLKM,RG,4720,3,D,CC,LG,D
13:33:40,TLKM,RG,4720,1,D,CC,XC,D
13:33:40,TLKM,RG,4720,3,D,CC,XC,D
13:33:40,TLKM,RG,4720,10,D,CC,NI,D
13:33:40,TLKM,RG,4720,8,D,CC,XC,D
13:33:40,TLKM,RG,4720,4,D,CC,PD,D
13:33:40,TLKM,RG,4720,25,D,CC,CC,D
13:33:40,TLKM,RG,4720,5,D,CC,PD,D
13:33:40,TLKM,RG,4720,500,D,CC,CC,D
13:33:40,TLKM,RG,4720,1,D,CC,OD,D
13:33:40,TLKM,RG,4720,1,D,CC,YU,D
13:33:40,TLKM,RG,4720,10,D,CC,XC,D
13:33:40,TLKM,RG,4720,25,D,CC,YP,D
13:33:40,TLKM,RG,4720,5,D,CC,XC,D
13:33:40,TLKM,RG,4720,10,D,CC,NI,D
13:33:40,TLKM,RG,4720,2,D,CC,NI,D
13:33:40,TLKM,RG,4720,1,D,CC,PD,D
13:33:40,TLKM,RG,4720,25,D,CC,PD,D
13:33:40,TLKM,RG,4720,4,D,CC,PD,D
13:33:40,TLKM,RG,4720,1,D,CC,XC,D
13:33:40,TLKM,RG,4720,1,D,CC,YP,D
13:33:40,TLKM,RG,4720,1,D,CC,XC,D
13:33:40,TLKM,RG,4720,4,D,CC,PD,D
13:33:40,TLKM,RG,4720,2,D,CC,CC,D
13:33:40,TLKM,RG,4720,25,D,CC,AI,D
13:33:40,TLKM,RG,4720,50,D,CC,AI,D
13:33:40,TLKM,RG,4720,1,D,CC,PD,D
13:33:40,TLKM,RG,4720,10000,D,CC,SQ,D
13:33:40,TLKM,RG,4720,20,D,CC,PD,D
13:33:40,TLKM,RG,4720,11,D,CC,XC,D
13:33:40,TLKM,RG,4720,5,D,CC,YP,D
13:33:40,TLKM,RG,4720,1,D,CC,XC,D
13:33:40,TLKM,RG,4720,6,D,CC,XC,D
13:33:40,TLKM,RG,4720,1,D,CC,PD,D
13:33:40,TLKM,RG,4720,5,D,CC,PD,D
13:33:40,TLKM,RG,4720,1,D,CC,XC,D
13:33:40,TLKM,RG,4720,5,D,CC,PD,D
13:33:40,TLKM,RG,4720,2,D,CC,XC,D
13:33:40,TLKM,RG,4720,1,D,CC,NI,D
13:33:40,TLKM,RG,4720,100,D,CC,PD,D
13:33:40,TLKM,RG,4720,2,D,CC,XC,D
13:33:40,TLKM,RG,4720,4,D,CC,CC,D
13:33:40,TLKM,RG,4720,2,D,CC,YP,D
13:33:40,TLKM,RG,4720,1,D,CC,PD,D
13:33:40,TLKM,RG,4720,5000,D,CC,YU,D
13:33:40,TLKM,RG,4720,50,D,CC,YP,D
13:33:40,TLKM,RG,4720,1,D,CC,KK,D
13:33:40,TLKM,RG,4720,1,D,CC,CC,D
13:33:40,TLKM,RG,4720,115,D,CC,YP,D
13:33:40,TLKM,RG,4720,8,D,CC,NI,D
13:33:40,TLKM,RG,4720,30,D,CC,XC,D
13:33:40,TLKM,RG,4720,30,D,CC,CC,D
13:33:40,TLKM,RG,4720,1,D,CC,XC,D
13:33:40,TLKM,RG,4720,75,D,CC,YP,D
13:33:40,TLKM,RG,4720,10,D,CC,PD,D
13:33:40,TLKM,RG,4720,70,D,CC,YU,D
13:33:40,TLKM,RG,4720,71,D,CC,XC,D
13:33:40,TLKM,RG,4720,1,D,CC,XC,D
13:33:40,TLKM,RG,4720,5,D,CC,XC,D
13:33:40,TLKM,RG,4720,1,D,CC,XC,D
13:33:40,TLKM,RG,4720,24,D,CC,AT,D
13:33:40,TLKM,RG,4720,1,D,CC,YB,D
13:33:40,TLKM,RG,4720,20,D,CC,CC,D
13:33:40,TLKM,RG,4720,1,D,CC,XC,D
13:33:40,TLKM,RG,4720,1,D,CC,XC,D
13:33:40,TLKM,RG,4720,1,D,CC,YP,D
13:33:40,TLKM,RG,4720,1,D,CC,XC,D
13:33:40,TLKM,RG,4720,1,D,CC,NI,D
13:33:40,TLKM,RG,4720,1,D,CC,XC,D
13:33:40,TLKM,RG,4720,2,D,CC,XC,D
13:33:40,TLKM,RG,4720,1,D,CC,YP,D
13:33:40,TLKM,RG,4720,1,D,CC,PD,D
13:33:40,TLKM,RG,4720,9,D,CC,CC,D
13:33:40,TLKM,RG,4720,10,D,CC,DH,D
13:33:40,TLKM,RG,4720,1,D,CC,PD,D
13:33:40,TLKM,RG,4720,10,D,CC,YP,D
13:33:40,TLKM,RG,4720,5,D,CC,XC,D
13:33:40,TLKM,RG,4720,2,D,CC,YP,D
13:33:40,TLKM,RG,4720,75,D,CC,YP,D
13:33:40,TLKM,RG,4720,2,D,CC,CC,D
13:33:40,TLKM,RG,4720,10,D,CC,PD,D
13:33:40,TLKM,RG,4720,25,D,CC,YP,D
13:33:40,TLKM,RG,4720,8,D,CC,XC,D
13:33:40,TLKM,RG,4720,1,D,CC,YP,D
13:33:40,TLKM,RG,4720,110,D,CC,XL,D
13:33:40,TLKM,RG,4720,2,D,CC,XC,D
13:33:40,TLKM,RG,4720,6,D,CC,YP,D
13:33:40,TLKM,RG,4720,108,D,CC,YP,D
13:33:40,TLKM,RG,4720,39,D,CC,PD,D
13:33:40,TLKM,RG,4720,100,D,CC,NI,D
13:33:40,TLKM,RG,4720,10,D,CC,YP,D
13:33:40,TLKM,RG,4720,2,D,CC,YP,D
13:33:40,TLKM,RG,4720,2,D,CC,PD,D
13:33:40,TLKM,RG,4720,3,D,CC,PD,D
13:33:40,TLKM,RG,4720,33,D,CC,PD,D
13:33:40,TLKM,RG,4720,10,D,CC,OD,D
13:33:40,TLKM,RG,4720,1,D,CC,PD,D
13:33:40,TLKM,RG,4720,50,D,CC,YU,D
13:33:40,TLKM,RG,4720,50,D,CC,LG,D
13:33:40,TLKM,RG,4720,2,D,CC,YP,D
13:33:40,TLKM,RG,4720,5,D,CC,CC,D
13:33:40,TLKM,RG,4720,50,D,CC,YP,D
13:33:40,TLKM,RG,4720,3,D,CC,CC,D
13:33:40,TLKM,RG,4720,1,D,CC,PD,D
13:33:40,TLKM,RG,4720,25,D,CC,PD,D
13:33:40,TLKM,RG,4720,5,D,CC,PD,D
13:33:40,TLKM,RG,4720,4,D,CC,SQ,D
13:33:40,TLKM,RG,4720,2,D,CC,CC,D
13:33:40,TLKM,RG,4720,2,D,CC,XC,D
13:33:40,TLKM,RG,4720,1,D,CC,XL,D
13:33:40,TLKM,RG,4720,10,D,CC,EP,D
13:33:40,TLKM,RG,4720,1,D,CC,XC,D
13:33:40,TLKM,RG,4720,1,D,CC,CC,D
13:33:40,TLKM,RG,4720,10,D,CC,CC,D
13:33:40,TLKM,RG,4720,8,D,CC,XC,D
13:33:40,TLKM,RG,4720,9,D,CC,XC,D
13:33:40,TLKM,RG,4720,20,D,CC,PD,D
13:33:40,TLKM,RG,4720,1,D,CC,PD,D
13:33:40,TLKM,RG,4720,3,D,CC,PD,D
13:33:40,TLKM,RG,4720,50,D,CC,NI,D
13:33:40,TLKM,RG,4720,1,D,CC,PD,D
13:33:40,TLKM,RG,4720,10,D,CC,CC,D
13:33:40,TLKM,RG,4720,1,D,CC,PD,D
13:33:40,TLKM,RG,4720,10,D,CC,CC,D
13:33:40,TLKM,RG,4720,2,D,CC,DR,D
13:33:40,TLKM,RG,4720,1,D,CC,NI,D
13:33:40,TLKM,RG,4720,15,D,CC,CC,D
13:33:40,TLKM,RG,4720,6,D,CC,EP,D
13:33:40,TLKM,RG,4720,2,D,CC,PD,D
13:33:40,TLKM,RG,4720,3,D,CC,XC,D
13:33:40,TLKM,RG,4720,2,D,CC,XC,D
13:33:40,TLKM,RG,4720,2,D,CC,XC,D
13:33:40,TLKM,RG,4720,5,D,CC,XL,D
13:33:40,TLKM,RG,4720,10,D,CC,CC,D
13:33:40,TLKM,RG,4720,1,D,CC,DR,D
13:33:40,TLKM,RG,4720,15,D,CC,XC,D
13:33:40,TLKM,RG,4720,2,D,CC,XC,D
13:33:40,TLKM,RG,4720,1,D,CC,XC,D
13:33:40,TLKM,RG,4720,1,D,CC,ZP,D
13:33:40,TLKM,RG,4720,318,D,CC,YU,D
13:33:40,TLKM,RG,4720,1,D,CC,OD,D
13:33:40,TLKM,RG,4720,2,D,CC,XC,D
13:33:40,TLKM,RG,4720,2,D,CC,PD,D
13:33:40,TLKM,RG,4720,10,D,CC,CC,D
13:33:40,TLKM,RG,4720,50,D,CC,YP,D
13:33:40,TLKM,RG,4720,5,D,CC,YP,D
13:33:40,TLKM,RG,4720,50,D,CC,YP,D
13:33:40,TLKM,RG,4720,1,D,CC,YP,D
13:33:40,TLKM,RG,4720,5,D,CC,AO,D
13:33:40,TLKM,RG,4720,4,D,CC,XC,D
13:33:40,TLKM,RG,4720,1,D,CC,XL,D
13:33:40,TLKM,RG,4720,10,D,CC,DH,D
13:33:40,TLKM,RG,4720,145,D,CC,GR,D
13:33:40,TLKM,RG,4720,370,D,CC,DH,D
13:33:40,TLKM,RG,4720,1,D,CC,XC,D
13:33:40,TLKM,RG,4720,2,D,CC,CC,D
13:33:40,TLKM,RG,4720,2,D,CC,PD,D
13:33:40,TLKM,RG,4720,2,D,CC,CP,D
13:33:40,TLKM,RG,4720,1,D,CC,YP,D
13:33:40,TLKM,RG,4720,1,D,CC,XC,D
13:33:40,TLKM,RG,4720,2,D,CC,NI,D
13:33:40,TLKM,RG,4720,5,D,CC,PD,D
13:33:40,TLKM,RG,4720,10,D,CC,CC,D
13:33:40,TLKM,RG,4720,1,D,CC,SQ,D
13:33:40,TLKM,RG,4720,1,D,CC,XC,D
13:33:40,TLKM,RG,4720,1,D,CC,LS,D
13:33:40,TLKM,RG,4720,3150,D,CC,ZP,D
13:33:40,TLKM,RG,4720,47,D,CC,KK,D
13:33:40,TLKM,RG,4720,1,D,CC,KK,D
13:33:40,TLKM,RG,4720,53,D,CC,YP,D
13:33:40,TLKM,RG,4720,2,D,CC,YP,D
13:33:40,TLKM,RG,4720,1,D,CC,PD,D
13:33:40,TLKM,RG,4720,100,D,CC,SQ,D
13:33:40,TLKM,RG,4720,50,D,CC,YP,D
13:33:40,TLKM,RG,4720,8,D,CC,CC,D
13:33:40,TLKM,RG,4720,1,D,CC,XC,D
13:33:40,TLKM,RG,4720,1,D,CC,CP,D
13:33:40,TLKM,RG,4720,2,D,CC,LG,D
13:33:40,TLKM,RG,4720,10,D,CC,CC,D
13:33:40,TLKM,RG,4720,1,D,CC,XC,D
13:33:40,TLKM,RG,4720,13,D,CC,PD,D
13:33:40,TLKM,RG,4720,3,D,CC,XC,D
13:33:40,TLKM,RG,4720,10,D,CC,GR,D
13:33:40,TLKM,RG,4720,1,D,CC,PD,D
13:33:40,TLKM,RG,4720,12,D,CC,YP,D
13:33:40,TLKM,RG,4720,200,D,CC,CC,D
13:33:40,TLKM,RG,4720,10,D,CC,PD,D
13:33:40,TLKM,RG,4720,1,D,CC,PD,D
13:33:40,TLKM,RG,4720,115,D,CC,CC,D
13:33:40,TLKM,RG,4720,100,D,CC,YP,D
13:33:40,TLKM,RG,4720,7,D,CC,XL,D
13:33:40,TLKM,RG,4720,20,D,CC,CD,D
13:33:40,TLKM,RG,4720,20,D,CC,SQ,D
13:33:40,TLKM,RG,4720,10,D,CC,YP,D
13:33:40,TLKM,RG,4720,6,D,CC,XC,D
13:33:40,TLKM,RG,4720,1,D,CC,PD,D
13:33:40,TLKM,RG,4720,1,D,CC,XC,D
13:33:40,TLKM,RG,4720,2,D,CC,PD,D
13:33:40,TLKM,RG,4720,10,D,CC,XL,D
13:33:40,TLKM,RG,4720,5,D,CC,KK,D
13:33:40,TLKM,RG,4720,5,D,CC,YP,D
13:33:40,TLKM,RG,4720,1,D,CC,XC,D
13:33:40,TLKM,RG,4720,1,D,CC,KK,D
13:33:40,TLKM,RG,4720,10,D,CC,KK,D
13:33:40,TLKM,RG,4720,200,D,CC,GR,D
13:33:40,TLKM,RG,4720,1,D,CC,LS,D
13:33:40,TLKM,RG,4720,3,D,CC,AZ,D
13:33:40,TLKM,RG,4720,1,D,CC,YP,D
13:33:40,TLKM,RG,4720,5,D,CC,XL,D
13:33:40,TLKM,RG,4720,1,D,CC,BQ,D
13:33:40,TLKM,RG,4720,1,D,CC,XC,D
13:33:40,TLKM,RG,4720,2,D,CC,SQ,D
13:33:40,TLKM,RG,4720,1,D,CC,KK,D
13:33:40,TLKM,RG,4720,30,D,CC,DH,D
13:33:40,TLKM,RG,4720,1,D,CC,XC,D
13:33:40,TLKM,RG,4720,3,D,CC,ZP,F
13:33:40,TLKM,RG,4720,2,D,CC,NI,D
13:33:40,TLKM,RG,4720,2,D,CC,GR,D
13:33:40,TLKM,RG,4720,17,D,CC,DR,D
13:33:40,TLKM,RG,4720,5000,D,CC,YU,D
13:33:40,TLKM,RG,4720,3,D,CC,CC,D
13:33:40,TLKM,RG,4720,1,D,CC,PD,D
13:33:40,TLKM,RG,4720,1,D,CC,YP,D
13:33:40,TLKM,RG,4720,10,D,CC,YP,D
13:33:40,TLKM,RG,4720,5,D,CC,XC,D
13:33:40,TLKM,RG,4720,4,D,CC,PD,D
13:33:40,TLKM,RG,4720,1,D,CC,XC,D
13:33:40,TLKM,RG,4720,5,D,CC,XC,D
13:33:40,TLKM,RG,4720,5,D,CC,PD,D
13:33:40,TLKM,RG,4720,10,D,CC,KK,D
13:33:40,TLKM,RG,4720,2,D,CC,YP,D
13:33:40,TLKM,RG,4720,1,D,CC,PD,D
13:33:40,TLKM,RG,4720,4,D,CC,PD,D
13:33:40,TLKM,RG,4720,1,D,CC,GR,D
13:33:40,TLKM,RG,4720,1,D,CC,PD,D
13:33:40,TLKM,RG,4720,20,D,CC,SQ,D
13:33:40,TLKM,RG,4720,110,D,CC,SQ,D
13:33:40,TLKM,RG,4720,3,D,CC,XC,D
13:33:40,TLKM,RG,4720,4,D,CC,CD,D
13:33:40,TLKM,RG,4720,5,D,CC,YP,D
13:33:40,TLKM,RG,4720,2,D,CC,SQ,D
13:33:40,TLKM,RG,4720,22,D,CC,DH,D
13:33:40,TLKM,RG,4720,33,D,CC,NI,D
13:33:40,TLKM,RG,4720,50,D,CC,CC,D
13:33:40,TLKM,RG,4720,4,D,CC,KK,D
13:33:40,TLKM,RG,4720,4,D,CC,XC,D
13:33:40,TLKM,RG,4720,7,D,CC,PD,D
13:33:40,TLKM,RG,4720,25,D,CC,YP,D
13:33:40,TLKM,RG,4720,31,D,CC,EP,D
13:33:40,TLKM,RG,4720,18,D,CC,YP,D
13:33:40,TLKM,RG,4720,2,D,CC,YP,D
13:33:40,TLKM,RG,4720,1,D,CC,XC,D
13:33:40,TLKM,RG,4720,20,D,CC,CC,D
13:33:40,TLKM,RG,4720,10,D,CC,YP,D
13:33:40,TLKM,RG,4720,1,D,CC,XC,D
13:33:40,TLKM,RG,4720,1,D,CC,CC,D
13:33:40,TLKM,RG,4720,2,D,CC,YP,D
13:33:40,TLKM,RG,4720,110,D,CC,SQ,D
13:33:40,TLKM,RG,4720,2,D,CC,CC,D
13:33:40,TLKM,RG,4720,2,D,CC,XC,D
13:33:40,TLKM,RG,4720,1,D,CC,ZP,D
13:33:40,TLKM,RG,4720,2,D,CC,PD,D
13:33:40,TLKM,RG,4720,1,D,CC,XC,D
13:33:40,TLKM,RG,4720,250,D,CC,KK,D
13:33:40,TLKM,RG,4720,3,D,CC,YP,D
13:33:40,TLKM,RG,4720,100,D,CC,YP,D
13:33:40,TLKM,RG,4720,10,D,CC,YP,D
13:33:40,TLKM,RG,4720,2,D,CC,PD,D
13:33:40,TLKM,RG,4720,1,D,CC,LS,D
13:33:40,TLKM,RG,4720,12,D,CC,NI,D
13:33:40,TLKM,RG,4720,2,D,CC,KK,D
13:33:40,TLKM,RG,4720,3862,D,CC,YU,D
13:33:37,TLKM,RG,4710,31,F,AK,BQ,D
13:33:37,TLKM,RG,4720,85,F,YU,YU,D
13:33:34,TLKM,RG,4710,16,F,AK,XA,D
13:33:19,TLKM,RG,4720,1,D,BB,YU,D
13:33:10,TLKM,RG,4720,1,D,BB,YU,D
13:33:03,TLKM,RG,4720,1,D,BB,YU,D
13:32:58,TLKM,RG,4720,74,F,YU,YU,D
13:32:53,TLKM,RG,4720,1,D,BB,YU,D
13:32:49,TLKM,RG,4710,5,F,AK,NI,D
13:32:42,TLKM,RG,4720,1,D,BB,YU,D
13:32:34,TLKM,RG,4720,163,F,YU,YU,D
13:32:32,TLKM,RG,4720,2,D,RX,YU,D
13:32:31,TLKM,RG,4720,1,D,BB,YU,D
13:32:20,TLKM,RG,4710,1,F,AK,BQ,D
13:32:20,TLKM,RG,4720,808,F,AK,YU,D
13:32:20,TLKM,RG,4720,5,F,AK,CC,D
13:32:20,TLKM,RG,4720,50,F,AK,OD,D
13:32:20,TLKM,RG,4720,10,F,AK,SQ,D
13:32:20,TLKM,RG,4720,1,F,AK,KK,D
13:32:20,TLKM,RG,4720,60,F,AK,KK,D
13:32:20,TLKM,RG,4720,1,F,AK,NI,D
13:32:20,TLKM,RG,4720,5,F,AK,CP,D
13:32:20,TLKM,RG,4720,12,F,AK,NI,D
13:32:19,TLKM,RG,4720,1,D,BB,NI,D
13:32:15,TLKM,RG,4710,391,F,AK,DR,D
13:32:09,TLKM,RG,4720,1,D,BB,NI,D
13:32:09,TLKM,RG,4720,1,D,BB,NI,D
13:32:05,TLKM,RG,4720,1,D,XC,NI,D
13:31:54,TLKM,RG,4720,1,D,BB,NI,D
13:31:45,TLKM,RG,4720,2,D,RX,KK,D
13:31:45,TLKM,RG,4720,3,F,YU,KK,D
13:31:45,TLKM,RG,4720,20,F,YU,XC,D
13:31:45,TLKM,RG,4720,20,F,YU,PD,D
13:31:45,TLKM,RG,4720,5,F,YU,CC,D
13:31:45,TLKM,RG,4720,1,F,YU,XC,D
13:31:45,TLKM,RG,4720,114,F,YU,KK,D
13:31:44,TLKM,RG,4720,1,D,XC,KK,D
13:31:44,TLKM,RG,4710,1,F,AK,XC,D
13:31:41,TLKM,RG,4720,1,D,BB,KK,D
13:31:38,TLKM,RG,4710,1,F,AK,CC,D
13:31:38,TLKM,RG,4710,23,F,AK,KK,D
13:31:38,TLKM,RG,4710,3,F,AK,XC,D
13:31:38,TLKM,RG,4710,1,F,AK,XC,D
13:31:38,TLKM,RG,4710,134,F,AK,YU,D
13:31:38,TLKM,RG,4710,161,F,AK,YU,D
13:31:38,TLKM,RG,4710,2,F,AK,XL,D
13:31:38,TLKM,RG,4710,1,F,AK,XL,D
13:31:38,TLKM,RG,4710,2,F,AK,XL,D
13:31:38,TLKM,RG,4710,45,F,AK,NI,D
13:31:38,TLKM,RG,4710,50,F,AK,CC,F
13:31:38,TLKM,RG,4710,30,F,AK,ZP,F
13:31:38,TLKM,RG,4710,11,F,AK,YP,D
13:31:38,TLKM,RG,4710,1,F,AK,XC,D
13:31:38,TLKM,RG,4710,2,F,AK,XC,D
13:31:38,TLKM,RG,4710,1,F,AK,XC,D
13:31:38,TLKM,RG,4710,3,F,AK,XC,D
13:31:38,TLKM,RG,4710,11,F,AK,XC,D
13:31:38,TLKM,RG,4710,9,F,AK,AK,D
13:31:38,TLKM,RG,4710,1,F,AK,XC,D
13:31:38,TLKM,RG,4710,9,F,AK,XC,D
13:31:38,TLKM,RG,4710,107,F,AK,CC,D
13:31:38,TLKM,RG,4710,62,F,AK,CC,D
13:31:38,TLKM,RG,4710,1,F,AK,XC,D
13:31:38,TLKM,RG,4710,6,F,AK,XC,D
13:31:38,TLKM,RG,4710,1,F,AK,CC,D
13:31:38,TLKM,RG,4710,3,F,AK,XC,D
13:31:38,TLKM,RG,4710,10,F,AK,CC,D
13:31:38,TLKM,RG,4710,2,F,AK,XC,D
13:31:38,TLKM,RG,4710,1,F,AK,XC,D
13:31:38,TLKM,RG,4710,1,F,AK,XC,D
13:31:38,TLKM,RG,4710,18,F,AK,XC,D
13:31:38,TLKM,RG,4710,174,F,AK,AK,F
13:31:38,TLKM,RG,4710,1,F,AK,XC,D
13:31:38,TLKM,RG,4710,1,F,AK,XC,D
13:31:38,TLKM,RG,4710,5,F,AK,XC,D
13:31:38,TLKM,RG,4710,1,F,AK,XC,D
13:31:38,TLKM,RG,4710,1,F,AK,XC,D
13:31:38,TLKM,RG,4710,1,F,AK,XC,D
13:31:38,TLKM,RG,4710,2,F,AK,XC,D
13:31:38,TLKM,RG,4710,2,F,AK,XC,D
13:31:38,TLKM,RG,4710,5,F,AK,XC,D
13:31:38,TLKM,RG,4710,1,F,AK,XC,D
13:31:38,TLKM,RG,4710,2,F,AK,XC,D
13:31:38,TLKM,RG,4710,1,F,AK,XC,D
13:31:38,TLKM,RG,4710,1,F,AK,XC,D
13:31:38,TLKM,RG,4710,1,F,AK,XC,D
13:31:38,TLKM,RG,4710,1,F,AK,XC,D
13:31:38,TLKM,RG,4710,1,F,AK,XC,D
13:31:38,TLKM,RG,4710,9,F,AK,XC,D
13:31:38,TLKM,RG,4710,1,F,AK,XC,D
13:31:38,TLKM,RG,4710,1,F,AK,XC,D
13:31:38,TLKM,RG,4710,1,F,AK,XC,D
13:31:38,TLKM,RG,4710,5,F,AK,XC,D
13:31:38,TLKM,RG,4710,1,F,AK,XC,D
13:31:38,TLKM,RG,4710,10,F,AK,XC,D
13:31:38,TLKM,RG,4710,5,F,AK,XC,D
13:31:38,TLKM,RG,4710,1,F,AK,XC,D
13:31:38,TLKM,RG,4710,1,F,AK,XC,D
13:31:38,TLKM,RG,4710,1,F,AK,XC,D
13:31:38,TLKM,RG,4710,10,F,AK,XC,D
13:31:38,TLKM,RG,4710,1,F,AK,XC,D
13:31:38,TLKM,RG,4710,1,F,AK,XC,D
13:31:38,TLKM,RG,4710,94,F,AK,XC,D
13:31:38,TLKM,RG,4710,1,F,AK,XC,D
13:31:38,TLKM,RG,4710,1,F,AK,XC,D
13:31:38,TLKM,RG,4710,1,F,AK,XC,D
13:31:38,TLKM,RG,4710,1,F,AK,XC,D
13:31:38,TLKM,RG,4710,2,F,AK,YP,D
13:31:38,TLKM,RG,4710,2,F,AK,YP,D
13:31:38,TLKM,RG,4710,2,F,AK,PD,D
13:31:38,TLKM,RG,4710,3,F,AK,PD,D
13:31:38,TLKM,RG,4710,6,F,AK,PD,D
13:31:38,TLKM,RG,4710,10,F,AK,CC,D
13:31:38,TLKM,RG,4710,2,F,AK,YP,D
13:31:38,TLKM,RG,4710,1,F,AK,PD,D
13:31:38,TLKM,RG,4710,5,F,AK,YP,D
13:31:38,TLKM,RG,4710,5,F,AK,AG,D
13:31:38,TLKM,RG,4710,2,F,AK,PD,D
13:31:38,TLKM,RG,4710,1,F,AK,PD,D
13:31:38,TLKM,RG,4710,257,F,AK,CS,F
13:31:38,TLKM,RG,4710,10,F,AK,YP,D
13:31:38,TLKM,RG,4710,3,F,AK,DH,D
13:31:38,TLKM,RG,4710,50,F,AK,CC,D
13:31:38,TLKM,RG,4710,3,F,AK,PD,D
13:31:38,TLKM,RG,4710,2,F,AK,DH,D
13:31:38,TLKM,RG,4710,12,F,AK,DH,D
13:31:38,TLKM,RG,4710,1,F,AK,PD,D
13:31:38,TLKM,RG,4710,458,F,AK,CC,D
13:31:38,TLKM,RG,4710,1,F,AK,PD,D
13:31:38,TLKM,RG,4710,2,F,AK,PD,D
13:31:38,TLKM,RG,4710,3,F,AK,YP,D
13:31:38,TLKM,RG,4710,21,F,AK,PD,D
13:31:38,TLKM,RG,4710,5,F,AK,YP,D
13:31:38,TLKM,RG,4710,49,F,AK,PD,D
13:31:38,TLKM,RG,4710,1,F,AK,YU,D
13:31:38,TLKM,RG,4710,37,F,AK,PD,D
13:31:38,TLKM,RG,4710,4,F,AK,PD,D
13:31:38,TLKM,RG,4710,3,F,AK,PD,D
13:31:38,TLKM,RG,4710,2,F,AK,YP,D
13:31:38,TLKM,RG,4710,2,F,AK,YP,D
13:31:38,TLKM,RG,4710,1,F,AK,PD,D
13:31:38,TLKM,RG,4710,1,F,AK,PD,D
13:31:38,TLKM,RG,4710,40,F,AK,PD,D
13:31:38,TLKM,RG,4710,3,F,AK,PD,D
13:31:38,TLKM,RG,4710,2,F,AK,LG,D
13:31:38,TLKM,RG,4710,5,F,AK,PD,D
13:31:38,TLKM,RG,4710,1,F,AK,EP,D
13:31:38,TLKM,RG,4710,3,F,AK,PD,D
13:31:38,TLKM,RG,4710,1,F,AK,PD,D
13:31:38,TLKM,RG,4710,1,F,AK,EP,D
13:31:38,TLKM,RG,4710,1,F,AK,GR,D
13:31:38,TLKM,RG,4710,1,F,AK,GR,D
13:31:38,TLKM,RG,4710,50,F,AK,SQ,D
13:31:38,TLKM,RG,4710,1,F,AK,DH,D
13:31:38,TLKM,RG,4710,839,F,AK,CC,D
13:31:38,TLKM,RG,4710,1,F,AK,SQ,D
13:31:38,TLKM,RG,4710,18,F,AK,KK,D
13:31:38,TLKM,RG,4710,1,F,AK,PD,D
13:31:38,TLKM,RG,4710,1,F,AK,AT,D
13:31:38,TLKM,RG,4710,2,F,AK,KK,D
13:31:38,TLKM,RG,4710,5,F,AK,PD,D
13:31:38,TLKM,RG,4710,19,F,AK,AT,D
13:31:38,TLKM,RG,4710,2,F,AK,YB,D
13:31:38,TLKM,RG,4710,5,F,AK,AT,D
13:31:38,TLKM,RG,4710,18,F,AK,KK,D
13:31:38,TLKM,RG,4710,5,F,AK,GR,D
13:31:38,TLKM,RG,4710,75,F,AK,IF,D
13:31:38,TLKM,RG,4710,10,F,AK,KK,D
13:31:38,TLKM,RG,4710,20,F,AK,XC,D
13:31:38,TLKM,RG,4710,1,F,AK,NI,D
13:31:38,TLKM,RG,4710,350,F,AK,LS,D
13:31:38,TLKM,RG,4710,5,F,AK,DH,D
13:31:38,TLKM,RG,4710,40,F,AK,YP,D
13:31:38,TLKM,RG,4710,2,F,AK,XC,D
13:31:38,TLKM,RG,4710,4,F,AK,XC,D
13:31:38,TLKM,RG,4710,1,F,AK,YP,D
13:31:38,TLKM,RG,4710,5,F,AK,CC,D
13:31:38,TLKM,RG,4710,45,F,AK,OD,D
13:31:38,TLKM,RG,4710,8,F,AK,XC,D
13:31:38,TLKM,RG,4710,44,F,AK,PD,D
13:31:38,TLKM,RG,4710,71,F,AK,YU,F
13:31:38,TLKM,RG,4710,1,F,AK,YP,D
13:31:38,TLKM,RG,4710,1,F,AK,YP,D
13:31:38,TLKM,RG,4710,10,F,AK,PD,D
13:31:38,TLKM,RG,4710,1,F,AK,PD,D
13:31:38,TLKM,RG,4710,1,F,AK,XC,D
13:31:38,TLKM,RG,4710,452,F,AK,ZP,F
13:31:38,TLKM,RG,4710,5964,F,AK,RX,F
13:31:38,TLKM,RG,4710,66,F,AK,YU,D
13:31:38,TLKM,RG,4710,1,F,AK,KK,D
13:31:38,TLKM,RG,4710,45,F,AK,SQ,D
13:31:38,TLKM,RG,4710,81,F,AK,YU,F
13:31:38,TLKM,RG,4710,4,F,AK,PD,D
13:31:38,TLKM,RG,4710,15,F,AK,XC,D
13:31:38,TLKM,RG,4710,1,F,AK,PD,D
13:31:38,TLKM,RG,4710,2,F,AK,PD,D
13:31:38,TLKM,RG,4710,11,F,AK,YP,D
13:31:38,TLKM,RG,4710,1,F,AK,XC,D
13:31:38,TLKM,RG,4710,7,F,AK,XC,D
13:31:38,TLKM,RG,4710,200,F,AK,DR,D
13:31:38,TLKM,RG,4710,1,F,AK,PD,D
13:31:38,TLKM,RG,4710,2,F,AK,PD,D
13:31:38,TLKM,RG,4710,27,F,AK,XC,D
13:31:38,TLKM,RG,4710,75,F,AK,PD,D
13:31:38,TLKM,RG,4710,1,F,AK,NI,D
13:31:38,TLKM,RG,4710,20,F,AK,YP,D
13:31:38,TLKM,RG,4710,8,F,AK,XC,D
13:31:38,TLKM,RG,4710,1,F,AK,XC,D
13:31:38,TLKM,RG,4710,1,F,AK,CC,D
13:31:38,TLKM,RG,4710,15,F,AK,CC,D
13:31:38,TLKM,RG,4710,5,F,AK,PD,D
13:31:38,TLKM,RG,4710,66,F,AK,YU,D
13:31:38,TLKM,RG,4710,1,F,AK,XC,D
13:31:38,TLKM,RG,4710,30,F,AK,XC,D
13:31:38,TLKM,RG,4710,55,F,AK,XC,D
13:31:38,TLKM,RG,4710,2,F,AK,AT,D
13:31:38,TLKM,RG,4710,10,F,AK,KK,D
13:31:38,TLKM,RG,4710,3,F,AK,PD,D
13:31:38,TLKM,RG,4710,2,F,AK,DR,D
13:31:38,TLKM,RG,4710,1,F,AK,SQ,D
13:31:38,TLKM,RG,4710,9,F,AK,PD,D
13:31:38,TLKM,RG,4710,1,F,AK,XL,D
13:31:38,TLKM,RG,4710,1,F,AK,XL,D
13:31:38,TLKM,RG,4710,1,F,AK,XC,D
13:31:38,TLKM,RG,4710,6,F,AK,CC,D
13:31:38,TLKM,RG,4710,1,F,AK,CC,D
13:31:38,TLKM,RG,4710,15,F,AK,PD,D
13:31:38,TLKM,RG,4710,1,F,AK,PD,D
13:31:38,TLKM,RG,4710,89,F,AK,YU,D
13:31:38,TLKM,RG,4710,7,F,AK,XC,D
13:31:38,TLKM,RG,4710,10,F,AK,DH,D
13:31:38,TLKM,RG,4710,1,F,AK,XC,D
13:31:38,TLKM,RG,4710,1,F,AK,PD,D
13:31:38,TLKM,RG,4710,1,F,AK,XC,D
13:31:38,TLKM,RG,4710,8,F,AK,PD,D
13:31:38,TLKM,RG,4710,10,F,AK,PD,D
13:31:38,TLKM,RG,4710,11,F,AK,KK,D
13:31:38,TLKM,RG,4710,100,F,AK,YP,D
13:31:38,TLKM,RG,4710,1,F,AK,PD,D
13:31:38,TLKM,RG,4710,4,F,AK,XC,D
13:31:38,TLKM,RG,4710,10,F,AK,YP,D
13:31:38,TLKM,RG,4710,1,F,AK,NI,D
13:31:38,TLKM,RG,4710,10,F,AK,CC,D
13:31:38,TLKM,RG,4710,1,F,AK,YP,D
13:31:38,TLKM,RG,4710,20,F,AK,LG,D
13:31:38,TLKM,RG,4710,1,F,AK,XC,D
13:31:38,TLKM,RG,4710,20,F,AK,YP,D
13:31:38,TLKM,RG,4710,4,F,AK,DR,D
13:31:38,TLKM,RG,4710,10,F,AK,PD,D
13:31:38,TLKM,RG,4710,1,F,AK,PD,D
13:31:38,TLKM,RG,4710,10,F,AK,PD,D
13:31:38,TLKM,RG,4710,84,F,AK,YU,D
13:31:38,TLKM,RG,4710,72,F,AK,OD,D
13:31:38,TLKM,RG,4710,50,F,AK,LG,D
13:31:38,TLKM,RG,4710,1,F,AK,YP,D
13:31:38,TLKM,RG,4710,20,F,AK,KK,D
13:31:38,TLKM,RG,4710,2,F,AK,KK,D
13:31:38,TLKM,RG,4710,6,F,AK,PD,D
13:31:38,TLKM,RG,4710,100,F,AK,PD,D
13:31:38,TLKM,RG,4710,59,F,AK,SQ,D
13:31:38,TLKM,RG,4710,1,F,AK,PD,D
13:31:38,TLKM,RG,4710,2,F,AK,YP,D
13:31:38,TLKM,RG,4710,1,F,AK,XC,D
13:31:38,TLKM,RG,4710,1,F,AK,ZP,D
13:31:38,TLKM,RG,4710,1,F,AK,XC,D
13:31:38,TLKM,RG,4710,484,F,AK,YU,D
13:31:38,TLKM,RG,4710,594,F,AK,YU,D
13:31:37,TLKM,RG,4710,5000,F,AK,YU,D
13:31:36,TLKM,RG,4710,3922,F,AK,YU,D
13:31:36,TLKM,RG,4710,20,F,AK,CC,D
13:31:36,TLKM,RG,4710,1058,F,AK,LG,D
13:31:35,TLKM,RG,4710,1683,F,AK,LG,D
13:31:35,TLKM,RG,4710,18,F,AK,XC,D
13:31:35,TLKM,RG,4710,6,F,AK,YP,D
13:31:35,TLKM,RG,4710,100,F,AK,NI,D
13:31:35,TLKM,RG,4710,2,F,AK,PD,D
13:31:35,TLKM,RG,4710,2000,F,AK,SQ,D
13:31:35,TLKM,RG,4710,9,F,AK,PD,D
13:31:35,TLKM,RG,4710,1182,F,AK,SQ,D
13:31:35,TLKM,RG,4710,1,D,YP,SQ,D
13:31:21,TLKM,RG,4700,2,F,ZP,CP,D
13:31:16,TLKM,RG,4710,1,D,BB,SQ,D
13:31:12,TLKM,RG,4710,125,F,AK,SQ,D
13:31:11,TLKM,RG,4700,220,F,ZP,EP,D
13:31:05,TLKM,RG,4700,6,F,ZP,PD,D
13:31:03,TLKM,RG,4700,50,F,ZP,RX,F
13:31:02,TLKM,RG,4700,418,F,ZP,YU,F
13:31:02,TLKM,RG,4710,184,F,YU,SQ,D
13:31:01,TLKM,RG,4700,20,F,ZP,XC,D
13:31:00,TLKM,RG,4700,1,F,ZP,OD,D
13:30:51,TLKM,RG,4700,2,F,ZP,XL,D
13:30:49,TLKM,RG,4710,5,D,OD,SQ,D
13:30:46,TLKM,RG,4710,1,D,XL,SQ,D
13:30:44,TLKM,RG,4710,49,F,YU,SQ,D
13:30:27,TLKM,RG,4700,637,F,ZP,YU,D
13:30:26,TLKM,RG,4700,118,F,ZP,YU,D
13:30:25,TLKM,RG,4700,98,F,ZP,RX,F
13:30:21,TLKM,RG,4700,150,F,ZP,YU,D
13:30:20,TLKM,RG,4700,82,F,ZP,YU,D
13:30:20,TLKM,RG,4700,20,F,ZP,DD,F
13:30:17,TLKM,RG,4710,452,D,KZ,SQ,D
13:30:17,TLKM,RG,4710,16,D,KZ,XC,D
13:30:17,TLKM,RG,4710,1,D,KZ,XC,D
13:30:17,TLKM,RG,4710,5,D,KZ,PD,D
13:30:17,TLKM,RG,4710,5,D,KZ,XC,D
13:30:17,TLKM,RG,4710,3,D,KZ,PD,D
13:30:17,TLKM,RG,4710,1,D,KZ,XC,D
13:30:17,TLKM,RG,4710,10,D,KZ,EP,D
13:30:17,TLKM,RG,4710,5,D,KZ,AT,D
13:30:17,TLKM,RG,4710,910,D,KZ,YU,D
13:30:17,TLKM,RG,4710,212,D,XC,YU,D
13:30:16,TLKM,RG,4710,1,D,XC,YU,D
13:30:16,TLKM,RG,4710,1,D,XC,YU,D
13:30:16,TLKM,RG,4710,3,D,XC,YU,D
13:30:16,TLKM,RG,4710,15,D,XL,YU,D
13:30:16,TLKM,RG,4710,2,D,XL,YU,D
13:30:15,TLKM,RG,4710,4,D,XC,YU,D
13:30:15,TLKM,RG,4710,7,D,XC,YU,D
13:30:15,TLKM,RG,4710,11,D,XL,YU,D
13:30:15,TLKM,RG,4700,1,F,ZP,XL,D
13:30:13,TLKM,RG,4710,3,D,XC,YU,D
13:30:12,TLKM,RG,4710,1,D,XC,YU,D
13:30:12,TLKM,RG,4710,10,D,CC,YU,D
13:30:12,TLKM,RG,4710,3,D,XC,YU,D
13:30:11,TLKM,RG,4710,3,D,XC,YU,D
13:30:11,TLKM,RG,4700,1,F,ZP,XC,D
13:30:10,TLKM,RG,4710,4,D,XC,YU,D
13:30:09,TLKM,RG,4710,3,D,XC,YU,D
13:30:09,TLKM,RG,4710,1,D,XC,YU,D
13:30:09,TLKM,RG,4710,2,D,XC,YU,D
13:30:09,TLKM,RG,4710,5,D,XC,YU,D
13:30:08,TLKM,RG,4710,5,D,XC,YU,D
13:30:08,TLKM,RG,4710,16,D,XC,YU,D
13:30:08,TLKM,RG,4710,1,D,XC,YU,D
13:30:08,TLKM,RG,4710,4,D,XC,YU,D
13:30:08,TLKM,RG,4710,3,D,XC,YU,D
13:30:07,TLKM,RG,4700,60,F,ZP,YP,D
13:30:06,TLKM,RG,4710,2,D,PD,YU,D
13:30:06,TLKM,RG,4710,1,D,PD,YU,D
13:30:06,TLKM,RG,4710,2,D,PD,YU,D
13:30:06,TLKM,RG,4700,1,F,ZP,PD,D
13:30:06,TLKM,RG,4700,2,F,ZP,PD,D
13:30:06,TLKM,RG,4710,1,D,PD,YU,D
13:30:06,TLKM,RG,4700,2,F,ZP,YP,D
13:30:06,TLKM,RG,4700,1,F,ZP,PD,D
13:30:06,TLKM,RG,4700,13,F,ZP,PD,D
13:30:06,TLKM,RG,4700,45,F,ZP,DH,D
13:30:05,TLKM,RG,4700,11,F,ZP,AK,D
13:30:05,TLKM,RG,4700,9,F,AK,AK,D
13:30:05,TLKM,RG,4700,12,F,AK,YP,D
13:30:05,TLKM,RG,4710,3,D,PD,YU,D
13:30:05,TLKM,RG,4710,1,D,YP,YU,D
13:30:04,TLKM,RG,4700,10,F,AK,YP,D
13:30:04,TLKM,RG,4710,658,D,KZ,YU,D
13:30:04,TLKM,RG,4710,718,D,KZ,YU,D
13:30:04,TLKM,RG,4710,440,D,KZ,YU,D
13:30:04,TLKM,RG,4710,1944,D,KZ,YU,D
13:30:04,TLKM,RG,4710,8,D,KZ,XC,D
13:30:04,TLKM,RG,4710,2,D,KZ,PD,D
13:30:04,TLKM,RG,4710,153,D,KZ,YU,D
13:30:04,TLKM,RG,4710,1382,D,KZ,YU,D
13:30:04,TLKM,RG,4700,1,F,AK,PD,D
13:30:04,TLKM,RG,4700,1,F,AK,PD,D
13:30:04,TLKM,RG,4700,1,F,AK,PD,D
13:30:04,TLKM,RG,4700,1,F,AK,PD,D
13:30:04,TLKM,RG,4710,2,D,PD,YU,D
13:30:04,TLKM,RG,4710,2,D,CC,YU,D
13:30:03,TLKM,RG,4710,1,D,PD,YU,D
13:30:03,TLKM,RG,4710,1,D,PD,YU,D
13:30:03,TLKM,RG,4710,3,D,PD,YU,D
13:30:03,TLKM,RG,4710,1,D,PD,YU,D
13:30:03,TLKM,RG,4710,1,D,PD,YU,D
13:30:03,TLKM,RG,4710,5,D,PD,YU,D
13:30:03,TLKM,RG,4700,5,F,AK,PD,D
13:30:03,TLKM,RG,4710,1,D,SQ,YU,D
13:30:03,TLKM,RG,4710,1,D,PD,YU,D
13:30:03,TLKM,RG,4710,2,D,PD,YU,D
13:30:03,TLKM,RG,4710,2,D,PD,YU,D
13:30:03,TLKM,RG,4710,200,D,PD,YU,D
13:30:03,TLKM,RG,4700,4,F,AK,PD,D
13:30:03,TLKM,RG,4710,1,D,PD,YU,D
13:30:03,TLKM,RG,4710,9,D,YP,YU,D
13:30:03,TLKM,RG,4710,1,D,PD,YU,D
13:30:03,TLKM,RG,4700,3,F,AK,PD,D
13:30:03,TLKM,RG,4700,2,F,AK,PD,D
13:30:03,TLKM,RG,4700,1,F,AK,PD,D
13:30:03,TLKM,RG,4700,50,F,AK,PD,D
13:30:03,TLKM,RG,4710,82,D,PD,YU,D
13:30:03,TLKM,RG,4700,1,F,AK,PD,D
13:30:03,TLKM,RG,4700,10,F,AK,PD,D
13:30:02,TLKM,RG,4700,1,F,AK,PD,D
13:30:02,TLKM,RG,4710,1,D,PD,YU,D
13:30:02,TLKM,RG,4700,1,F,AK,PD,D
13:30:02,TLKM,RG,4700,11,F,AK,PD,D
13:30:02,TLKM,RG,4700,1,F,AK,PD,D
13:30:02,TLKM,RG,4700,1,F,AK,PD,D
13:30:01,TLKM,RG,4700,786,F,AK,YU,D
13:30:01,TLKM,RG,4700,37,F,AK,YU,D
13:30:01,TLKM,RG,4700,113,F,AK,YU,D
13:30:01,TLKM,RG,4700,52,F,AK,YU,D
13:30:01,TLKM,RG,4700,1,D,EP,YU,D
13:30:01,TLKM,RG,4700,11,F,YU,YU,D
13:30:01,TLKM,RG,4700,85,F,ZP,YU,D
13:30:01,TLKM,RG,4700,94,F,CC,YU,D
13:30:01,TLKM,RG,4710,10,D,EP,YU,D
13:30:01,TLKM,RG,4710,1,D,PD,YU,D
13:30:01,TLKM,RG,4700,282,F,CC,CC,D
13:30:01,TLKM,RG,4700,22,D,CC,CC,D
13:30:01,TLKM,RG,4700,50,F,YU,CC,D
13:30:01,TLKM,RG,4700,17,F,YU,CC,D
13:30:01,TLKM,RG,4700,2,D,BB,CC,D
13:30:01,TLKM,RG,4700,24,F,YU,CC,D
13:30:01,TLKM,RG,4700,3,D,BB,CC,D
13:30:01,TLKM,RG,4710,1,D,AZ,YU,D
13:30:01,TLKM,RG,4710,3,D,PD,YU,D
13:30:01,TLKM,RG,4710,12,D,KK,YU,D
13:30:01,TLKM,RG,4710,3122,D,DX,YU,D
13:30:01,TLKM,RG,4710,5,D,DX,TP,D
13:30:01,TLKM,RG,4710,1,D,DX,YP,D
13:30:01,TLKM,RG,4710,4,D,DX,AO,D
13:30:01,TLKM,RG,4710,2,D,DX,YP,D
13:30:01,TLKM,RG,4710,5,D,DX,YP,D
13:30:01,TLKM,RG,4710,10,D,DX,CC,D
13:30:01,TLKM,RG,4710,1,D,DX,XC,D
13:30:01,TLKM,RG,4710,50,D,DX,PD,D
13:30:01,TLKM,RG,4710,1,D,DX,XL,D
13:30:01,TLKM,RG,4710,1,D,DX,DR,D
13:30:01,TLKM,RG,4710,2,D,DX,NI,D
13:30:01,TLKM,RG,4710,2,D,DX,AT,D
13:30:01,TLKM,RG,4710,1,D,DX,NI,D
13:30:01,TLKM,RG,4710,5,D,DX,CC,D
13:30:01,TLKM,RG,4710,3,D,DX,PD,D
13:30:01,TLKM,RG,4710,50,D,DX,XC,D
13:30:01,TLKM,RG,4710,1,D,DX,XC,D
13:30:01,TLKM,RG,4710,7,D,DX,XC,D
13:30:01,TLKM,RG,4710,16,D,DX,XC,D
13:30:01,TLKM,RG,4710,4,D,DX,PD,D
13:30:01,TLKM,RG,4710,2,D,DX,YP,D
13:30:01,TLKM,RG,4710,6,D,DX,LG,D
13:30:01,TLKM,RG,4710,30,D,DX,KK,D
13:30:01,TLKM,RG,4710,5,D,DX,CC,D
13:30:01,TLKM,RG,4710,1,D,DX,PD,D
13:30:01,TLKM,RG,4710,11,D,DX,DR,D
13:30:01,TLKM,RG,4710,7,D,DX,XC,D
13:30:01,TLKM,RG,4710,1,D,DX,TP,D
13:30:01,TLKM,RG,4710,6,D,DX,XA,D
13:30:01,TLKM,RG,4710,5,D,DX,XC,D
13:30:01,TLKM,RG,4710,5,D,DX,XC,D
13:30:01,TLKM,RG,4710,10,D,DX,CC,D
13:30:01,TLKM,RG,4710,1,D,DX,KK,D
13:30:01,TLKM,RG,4710,500,D,DX,HD,D
13:30:01,TLKM,RG,4710,1,D,DX,YP,D
13:30:01,TLKM,RG,4710,1,D,DX,XC,D
13:30:01,TLKM,RG,4710,7,D,DX,XC,D
13:30:01,TLKM,RG,4710,4,D,DX,XC,D
