Time,Stock,Brd,Price,Qty,BT,BC,SC,ST
15:14:40,TLKM,RG,4210,1,D,CC,YU,D
15:14:21,TLKM,RG,4210,1,D,XC,YU,D
15:13:59,TLKM,RG,4210,412,D,ZP,YU,D
15:13:59,TLKM,RG,4210,2430,D,ZP,YU,D
15:13:59,TLKM,RG,4210,49,D,ZP,YU,D
15:13:59,TLKM,RG,4210,11,D,ZP,YU,D
15:13:59,TLKM,RG,4210,721,D,ZP,YU,D
15:13:59,TLKM,RG,4210,10,D,ZP,CC,D
15:13:59,TLKM,RG,4210,2,D,ZP,PD,D
15:13:54,TLKM,RG,4210,1,D,YP,PD,D
15:13:37,TLKM,RG,4210,2,D,OD,PD,D
15:13:37,TLKM,RG,4210,3,D,OD,XC,D
15:13:33,TLKM,RG,4210,1,D,IF,XC,D
15:13:33,TLKM,RG,4210,3,D,IF,YP,D
15:13:12,TLKM,RG,4210,5,D,SQ,YP,D
15:13:04,TLKM,RG,4210,17,D,YP,YP,D
15:13:04,TLKM,RG,4210,3,D,YP,LG,D
15:13:04,TLKM,RG,4210,1,D,YP,YP,D
15:13:04,TLKM,RG,4210,14,D,YP,NI,D
15:12:57,TLKM,RG,4210,1,D,OD,NI,D
15:12:39,TLKM,RG,4210,2,D,LG,NI,D
15:12:30,TLKM,RG,4210,5,D,XC,NI,D
15:11:48,TLKM,RG,4210,25,D,CC,NI,D
15:11:26,TLKM,RG,4210,25,D,YP,NI,D
15:11:26,TLKM,RG,4210,1,D,XC,NI,D
15:11:26,TLKM,RG,4210,5,D,CC,NI,D
15:11:26,TLKM,RG,4210,200,D,AZ,NI,D
15:11:26,TLKM,RG,4210,10,D,CC,NI,D
15:11:26,TLKM,RG,4210,50,D,DR,NI,D
15:11:26,TLKM,RG,4210,7,D,XL,NI,D
15:11:26,TLKM,RG,4210,50,D,DR,NI,D
15:11:26,TLKM,RG,4210,617,D,ZP,NI,D
15:11:26,TLKM,RG,4210,2988,D,ZP,NI,D
15:11:21,TLKM,RG,4210,31,D,ZP,XC,D
15:11:15,TLKM,RG,4210,2,D,ZP,IF,D
15:11:15,TLKM,RG,4210,50,D,ZP,YJ,D
15:11:05,TLKM,RG,4210,1,D,ZP,NI,D
15:10:58,TLKM,RG,4210,2,D,ZP,XC,D
15:10:53,TLKM,RG,4210,20,D,ZP,EP,D
15:10:52,TLKM,RG,4210,2,D,ZP,KK,D
15:10:51,TLKM,RG,4210,8,D,ZP,XC,D
15:10:49,TLKM,RG,4210,1,D,ZP,PD,D
15:10:42,TLKM,RG,4210,10,D,ZP,EP,D
15:10:36,TLKM,RG,4210,21,D,ZP,XL,D
15:10:18,TLKM,RG,4210,1,D,ZP,PD,D
15:10:05,TLKM,RG,4210,28,D,ZP,XC,D
15:10:04,TLKM,RG,4210,2,D,ZP,CC,D
15:09:55,TLKM,RG,4210,2,D,ZP,CC,D
15:09:46,TLKM,RG,4210,2,D,ZP,NI,D
15:09:46,TLKM,RG,4210,1,D,ZP,KK,D
15:09:46,TLKM,RG,4210,5,D,ZP,NI,D
15:09:46,TLKM,RG,4210,1,D,ZP,NI,D
15:09:46,TLKM,RG,4210,300,D,ZP,CC,D
15:09:46,TLKM,RG,4210,167,D,ZP,PD,D
15:09:46,TLKM,RG,4210,74,D,ZP,PD,D
15:09:46,TLKM,RG,4210,16,D,ZP,PD,D
15:09:46,TLKM,RG,4210,243,D,ZP,PD,D
15:09:46,TLKM,RG,4210,1,D,ZP,XC,D
15:09:46,TLKM,RG,4210,64,D,ZP,YU,D
15:09:46,TLKM,RG,4210,115,D,ZP,ZP,D
15:09:46,TLKM,RG,4210,20,D,ZP,CC,D
15:09:46,TLKM,RG,4210,1,D,ZP,XC,D
15:09:46,TLKM,RG,4210,1,D,ZP,LG,D
15:09:46,TLKM,RG,4210,10,D,ZP,XC,D
15:09:46,TLKM,RG,4210,5,D,ZP,YP,D
15:09:46,TLKM,RG,4210,3,D,ZP,YP,D
15:09:46,TLKM,RG,4210,75,D,ZP,YP,D
15:09:46,TLKM,RG,4210,6,D,ZP,YP,D
15:09:46,TLKM,RG,4210,25,D,ZP,GR,D
15:09:46,TLKM,RG,4210,50,D,ZP,AZ,D
15:09:46,TLKM,RG,4210,3,D,ZP,XC,D
15:09:46,TLKM,RG,4210,5,D,ZP,YP,D
15:09:46,TLKM,RG,4210,25,D,ZP,YB,D
15:09:46,TLKM,RG,4210,2,D,ZP,PD,D
15:09:46,TLKM,RG,4210,5,D,ZP,PD,D
15:09:46,TLKM,RG,4210,5,D,ZP,CC,D
15:09:46,TLKM,RG,4210,9,D,ZP,YP,D
15:09:46,TLKM,RG,4210,8,D,ZP,YP,D
15:09:46,TLKM,RG,4210,30,D,ZP,XC,D
15:09:46,TLKM,RG,4210,5,D,ZP,XL,D
15:09:46,TLKM,RG,4210,3,D,ZP,XC,D
15:09:46,TLKM,RG,4210,44,D,ZP,SQ,D
15:09:46,TLKM,RG,4210,5,D,ZP,XC,D
15:09:46,TLKM,RG,4210,18,D,ZP,YP,D
15:09:46,TLKM,RG,4210,313,D,ZP,IP,D
15:09:25,TLKM,RG,4210,5,D,CC,IP,D
15:08:55,TLKM,RG,4210,5,D,DX,IP,D
15:08:51,TLKM,RG,4210,5,D,OD,IP,D
15:08:19,TLKM,RG,4210,2,D,XC,IP,D
15:07:53,TLKM,RG,4210,1,D,CC,IP,D
15:07:52,TLKM,RG,4210,2,D,OD,IP,D
15:06:17,TLKM,RG,4210,5,D,XL,IP,D
15:06:17,TLKM,RG,4210,3,D,PD,IP,D
15:06:17,TLKM,RG,4210,6,D,BQ,IP,D
15:06:17,TLKM,RG,4210,4,D,PD,IP,D
15:06:17,TLKM,RG,4210,2,D,YP,IP,D
15:06:17,TLKM,RG,4210,1,D,XL,IP,D
15:06:17,TLKM,RG,4210,1,D,NI,IP,D
15:06:17,TLKM,RG,4210,2,D,XC,IP,D
15:06:17,TLKM,RG,4210,12,D,XC,IP,D
15:06:17,TLKM,RG,4210,1,D,XC,IP,D
15:06:17,TLKM,RG,4210,4,D,PD,IP,D
15:06:17,TLKM,RG,4210,25,D,DR,IP,D
15:06:17,TLKM,RG,4210,10,D,CC,IP,D
15:06:17,TLKM,RG,4210,10,D,YP,IP,D
15:06:17,TLKM,RG,4210,12,D,SQ,IP,D
15:06:17,TLKM,RG,4210,69,F,CS,IP,D
15:06:16,TLKM,RG,4210,30,F,CS,GR,D
15:06:13,TLKM,RG,4210,2,F,CS,LG,D
15:06:05,TLKM,RG,4210,20,F,CS,YP,D
15:05:57,TLKM,RG,4210,2,F,CS,XC,D
15:05:55,TLKM,RG,4210,1,F,CS,XC,D
15:05:52,TLKM,RG,4210,35,F,CS,XC,D
15:05:46,TLKM,RG,4210,1,F,CS,CC,D
15:05:40,TLKM,RG,4210,300,F,CS,SQ,D
15:05:35,TLKM,RG,4210,1,F,CS,XC,D
15:05:31,TLKM,RG,4210,1,F,CS,XC,D
15:05:24,TLKM,RG,4210,278,F,CS,CP,D
15:05:24,TLKM,RG,4210,1,D,YP,CP,D
15:05:24,TLKM,RG,4210,357,F,CS,CP,D
15:05:22,TLKM,RG,4210,1,F,CS,XL,D
15:05:19,TLKM,RG,4210,20,F,CS,PD,D
15:05:18,TLKM,RG,4210,1,F,CS,YP,D
15:05:13,TLKM,RG,4210,2000,F,CS,CP,D
15:05:05,TLKM,RG,4210,58,F,CS,OD,D
15:05:05,TLKM,RG,4210,242,F,CS,OD,D
15:05:03,TLKM,RG,4210,1,F,CS,PD,D
15:04:55,TLKM,RG,4210,13,F,CS,AT,D
15:04:50,TLKM,RG,4210,25,F,CS,PD,D
15:04:40,TLKM,RG,4210,3,F,CS,XL,D
15:04:37,TLKM,RG,4210,20,F,CS,CP,D
15:04:33,TLKM,RG,4210,1,F,CS,PD,D
15:04:30,TLKM,RG,4210,11,F,CS,XC,D
15:04:27,TLKM,RG,4210,3,F,CS,XC,D
15:04:19,TLKM,RG,4210,1,F,CS,PD,D
15:04:08,TLKM,RG,4210,3,F,CS,CC,D
15:04:04,TLKM,RG,4210,2,F,CS,LG,D
15:03:55,TLKM,RG,4210,20,F,CS,LG,D
15:03:51,TLKM,RG,4210,2,F,CS,LG,D
15:03:44,TLKM,RG,4210,2,F,CS,KK,D
15:03:43,TLKM,RG,4210,2,F,CS,AT,D
15:03:41,TLKM,RG,4210,2,F,CS,LG,D
15:03:40,TLKM,RG,4210,16,F,CS,EP,D
15:03:40,TLKM,RG,4210,11,F,CS,XC,D
15:03:33,TLKM,RG,4210,10,F,CS,KK,D
15:03:22,TLKM,RG,4210,15,F,CS,XL,D
15:03:20,TLKM,RG,4210,2,F,CS,LG,D
15:03:19,TLKM,RG,4210,3,F,CS,PD,D
15:03:12,TLKM,RG,4210,10,F,CS,GR,D
15:03:09,TLKM,RG,4210,2,F,CS,XC,D
15:03:02,TLKM,RG,4210,100,F,CS,GR,D
15:02:51,TLKM,RG,4210,50,F,CS,YJ,D
15:02:46,TLKM,RG,4210,6,F,CS,DR,D
15:02:39,TLKM,RG,4210,2,F,CS,LG,D
15:02:35,TLKM,RG,4210,64,F,CS,YP,D
15:02:29,TLKM,RG,4210,500,F,CS,DX,D
15:02:28,TLKM,RG,4210,200,F,CS,LG,D
15:02:27,TLKM,RG,4210,10,F,CS,YP,D
15:02:27,TLKM,RG,4210,5,F,CS,PD,D
15:02:14,TLKM,RG,4210,8,F,CS,KK,D
15:02:11,TLKM,RG,4210,4,F,CS,XC,D
15:02:08,TLKM,RG,4210,10,F,CS,SC,D
15:02:03,TLKM,RG,4210,22,F,CS,YP,D
15:01:54,TLKM,RG,4210,1,F,CS,PD,D
15:01:53,TLKM,RG,4210,100,F,CS,XL,D
15:01:47,TLKM,RG,4210,1,F,CS,PD,D
15:01:43,TLKM,RG,4210,28,F,CS,XC,D
15:01:33,TLKM,RG,4210,1,F,CS,XC,D
15:01:30,TLKM,RG,4210,1,F,CS,XC,D
15:01:19,TLKM,RG,4210,11,F,CS,YP,D
15:01:10,TLKM,RG,4210,2,F,CS,YP,D
15:01:01,TLKM,RG,4210,5,F,CS,BQ,D
15:01:00,TLKM,RG,4210,1,F,CS,XC,D
15:01:00,TLKM,RG,4210,11,F,CS,XC,D
15:01:00,TLKM,RG,4210,1,F,CS,XC,D
15:01:00,TLKM,RG,4210,100,F,CS,SQ,D
15:01:00,TLKM,RG,4210,1,F,CS,XC,D
15:01:00,TLKM,RG,4210,10,F,CS,AZ,D
15:01:00,TLKM,RG,4210,1,F,CS,PD,D
15:00:00,TLKM,RG,4210,20,F,CS,PD,D
15:00:00,TLKM,RG,4210,165,F,CS,CC,D
15:00:00,TLKM,RG,4210,10,F,CS,PD,D
15:00:00,TLKM,RG,4210,50,F,CS,ZP,D
15:00:00,TLKM,RG,4210,100,F,CS,YP,D
15:00:00,TLKM,RG,4210,10,F,CS,DR,D
15:00:00,TLKM,RG,4210,2,F,CS,OD,D
15:00:00,TLKM,RG,4210,100,F,CS,DR,D
15:00:00,TLKM,RG,4210,1,F,CS,YP,D
15:00:00,TLKM,RG,4210,1,F,CS,YP,D
15:00:00,TLKM,RG,4210,1,F,CS,XC,D
15:00:00,TLKM,RG,4210,25,F,CS,PD,D
15:00:00,TLKM,RG,4210,1,F,CS,SQ,D
15:00:00,TLKM,RG,4210,2,F,CS,YP,D
15:00:00,TLKM,RG,4210,1,F,CS,XC,D
15:00:00,TLKM,RG,4210,6,F,CS,YP,D
15:00:00,TLKM,RG,4210,1,F,CS,XC,D
15:00:00,TLKM,RG,4210,35,F,CS,CC,D
15:00:00,TLKM,RG,4210,5,F,CS,CC,D
15:00:00,TLKM,RG,4210,30,F,CS,SQ,D
15:00:00,TLKM,RG,4210,10,F,CS,XC,D
15:00:00,TLKM,RG,4210,20,F,CS,CC,D
15:00:00,TLKM,RG,4210,1,F,CS,XC,D
15:00:00,TLKM,RG,4210,13,F,CS,XC,D
15:00:00,TLKM,RG,4210,15,F,CS,PD,D
15:00:00,TLKM,RG,4210,4,F,CS,PD,D
15:00:00,TLKM,RG,4210,8,F,CS,YP,D
15:00:00,TLKM,RG,4210,5,F,CS,XC,D
15:00:00,TLKM,RG,4210,1,F,CS,YP,D
15:00:00,TLKM,RG,4210,6,F,CS,XL,D
15:00:00,TLKM,RG,4210,2,F,CS,YP,D
15:00:00,TLKM,RG,4210,4,F,CS,OD,D
15:00:00,TLKM,RG,4210,4,F,CS,YP,D
15:00:00,TLKM,RG,4210,100,F,CS,RO,D
15:00:00,TLKM,RG,4210,30,D,NI,RO,D
15:00:00,TLKM,RG,4210,2,D,PD,RO,D
15:00:00,TLKM,RG,4210,111,D,GR,RO,D
15:00:00,TLKM,RG,4210,50,D,CC,RO,D
15:00:00,TLKM,RG,4210,1,D,PD,RO,D
15:00:00,TLKM,RG,4210,1,D,PD,RO,D
15:00:00,TLKM,RG,4210,1,D,XC,RO,D
15:00:00,TLKM,RG,4210,8,D,NI,RO,D
15:00:00,TLKM,RG,4210,1,D,PD,RO,D
15:00:00,TLKM,RG,4210,5,D,XC,RO,D
15:00:00,TLKM,RG,4210,190,D,NI,RO,D
15:00:00,TLKM,RG,4210,10,D,NI,AI,D
15:00:00,TLKM,RG,4210,1,D,NI,XC,D
15:00:00,TLKM,RG,4210,10,D,NI,NI,D
15:00:00,TLKM,RG,4210,14,D,NI,XC,D
15:00:00,TLKM,RG,4210,5,D,NI,PD,D
15:00:00,TLKM,RG,4210,5,D,NI,NI,D
15:00:00,TLKM,RG,4210,50,D,NI,AZ,D
15:00:00,TLKM,RG,4210,25,D,NI,CC,D
15:00:00,TLKM,RG,4210,1,D,NI,XC,D
15:00:00,TLKM,RG,4210,1,D,NI,YP,D
15:00:00,TLKM,RG,4210,10,D,NI,PD,D
15:00:00,TLKM,RG,4210,3,D,NI,XC,D
15:00:00,TLKM,RG,4210,20,D,NI,DH,D
15:00:00,TLKM,RG,4210,3,D,NI,XA,D
15:00:00,TLKM,RG,4210,1,D,NI,XC,D
15:00:00,TLKM,RG,4210,50,D,NI,ES,D
15:00:00,TLKM,RG,4210,29,D,NI,YP,D
15:00:00,TLKM,RG,4210,3,D,NI,XC,D
15:00:00,TLKM,RG,4210,20,D,NI,NI,D
15:00:00,TLKM,RG,4210,21,D,NI,OD,D
15:00:00,TLKM,RG,4210,10,D,NI,CC,D
15:00:00,TLKM,RG,4210,5,D,NI,YP,D
15:00:00,TLKM,RG,4210,213,D,NI,GR,D
15:00:00,TLKM,RG,4210,36,D,XL,GR,D
15:00:00,TLKM,RG,4210,1,D,SQ,GR,D
15:00:00,TLKM,RG,4210,230,D,EP,GR,D
15:00:00,TLKM,RG,4210,12,D,EP,SQ,D
15:00:00,TLKM,RG,4210,508,D,EP,XC,D
15:00:00,TLKM,RG,4210,2,D,XC,XC,D
15:00:00,TLKM,RG,4210,750,D,EP,XC,D
15:00:00,TLKM,RG,4210,6,D,PD,XC,D
15:00:00,TLKM,RG,4210,50,D,YP,XC,D
15:00:00,TLKM,RG,4210,1,D,YP,XC,D
15:00:00,TLKM,RG,4210,10,D,DR,XC,D
15:00:00,TLKM,RG,4210,30,D,YP,XC,D
15:00:00,TLKM,RG,4210,1,D,XC,XC,D
15:00:00,TLKM,RG,4210,10,D,CC,XC,D
15:00:00,TLKM,RG,4210,2,D,XC,XC,D
15:00:00,TLKM,RG,4210,1,D,DH,XC,D
15:00:00,TLKM,RG,4210,1,D,PD,XC,D
15:00:00,TLKM,RG,4210,500,D,HD,XC,D
15:00:00,TLKM,RG,4210,10,D,NI,XC,D
15:00:00,TLKM,RG,4210,17,D,SQ,XC,D
15:00:00,TLKM,RG,4210,30,D,NI,XC,D
15:00:00,TLKM,RG,4210,7,D,YP,XC,D
15:00:00,TLKM,RG,4210,1,D,AG,XC,D
15:00:00,TLKM,RG,4210,60,D,YP,XC,D
15:00:00,TLKM,RG,4210,3,F,RX,XC,D
15:00:00,TLKM,RG,4210,118,F,RX,YP,D
15:00:00,TLKM,RG,4210,10,F,RX,NI,D
15:00:00,TLKM,RG,4210,5,F,RX,KK,D
15:00:00,TLKM,RG,4210,10,F,RX,DR,D
15:00:00,TLKM,RG,4210,5,F,RX,EP,D
15:00:00,TLKM,RG,4210,20,F,RX,CC,D
15:00:00,TLKM,RG,4210,1,F,RX,YP,D
15:00:00,TLKM,RG,4210,1,F,RX,YP,D
15:00:00,TLKM,RG,4210,75,F,RX,EP,D
15:00:00,TLKM,RG,4210,10,F,RX,YP,D
15:00:00,TLKM,RG,4210,3,F,RX,XC,D
15:00:00,TLKM,RG,4210,24,F,RX,NI,D
15:00:00,TLKM,RG,4210,20,F,RX,SQ,D
15:00:00,TLKM,RG,4210,5,F,RX,KK,D
15:00:00,TLKM,RG,4210,4,F,RX,CC,D
15:00:00,TLKM,RG,4210,20,F,RX,KK,D
15:00:00,TLKM,RG,4210,1,F,RX,XC,D
15:00:00,TLKM,RG,4210,44,F,RX,DR,D
15:00:00,TLKM,RG,4210,20,F,RX,SQ,D
15:00:00,TLKM,RG,4210,100,F,RX,CC,D
15:00:00,TLKM,RG,4210,10,F,RX,KK,D
15:00:00,TLKM,RG,4210,1,F,RX,SQ,D
15:00:00,TLKM,RG,4210,2000,F,RX,XC,D
15:00:00,TLKM,RG,4210,20,F,RX,SQ,D
15:00:00,TLKM,RG,4210,2,F,RX,XC,D
15:00:00,TLKM,RG,4210,10,F,RX,CC,D
15:00:00,TLKM,RG,4210,45,F,RX,CC,D
15:00:00,TLKM,RG,4210,1,F,RX,PD,D
15:00:00,TLKM,RG,4210,140,F,RX,KK,D
15:00:00,TLKM,RG,4210,1,F,RX,CP,D
15:00:00,TLKM,RG,4210,20,F,RX,SQ,D
15:00:00,TLKM,RG,4210,35,F,RX,KK,D
15:00:00,TLKM,RG,4210,2,F,RX,XC,D
15:00:00,TLKM,RG,4210,5,F,RX,NI,D
15:00:00,TLKM,RG,4210,5,F,RX,YP,D
15:00:00,TLKM,RG,4210,2,F,RX,PD,D
15:00:00,TLKM,RG,4210,20,F,RX,SQ,D
15:00:00,TLKM,RG,4210,100,F,RX,AG,D
15:00:00,TLKM,RG,4210,2,F,RX,AT,D
15:00:00,TLKM,RG,4210,15,F,RX,SQ,D
15:00:00,TLKM,RG,4210,28,F,RX,YP,D
15:00:00,TLKM,RG,4210,150,F,RX,DX,D
15:00:00,TLKM,RG,4210,1,F,RX,XC,D
15:00:00,TLKM,RG,4210,15,F,RX,YP,D
15:00:00,TLKM,RG,4210,200,F,RX,SQ,D
15:00:00,TLKM,RG,4210,134,F,RX,CC,D
15:00:00,TLKM,RG,4210,4,F,RX,XC,D
15:00:00,TLKM,RG,4210,5,F,RX,NI,D
15:00:00,TLKM,RG,4210,10,F,RX,YP,D
15:00:00,TLKM,RG,4210,32,F,RX,TF,D
15:00:00,TLKM,RG,4210,200,F,RX,PD,D
15:00:00,TLKM,RG,4210,500,F,RX,YP,D
15:00:00,TLKM,RG,4210,2,F,RX,CC,D
15:00:00,TLKM,RG,4210,10,F,RX,YP,D
15:00:00,TLKM,RG,4210,20,F,RX,ZP,D
15:00:00,TLKM,RG,4210,10,F,RX,CC,D
15:00:00,TLKM,RG,4210,50,F,RX,DR,D
15:00:00,TLKM,RG,4210,50,F,RX,KK,D
15:00:00,TLKM,RG,4210,479,F,RX,YP,D
15:00:00,TLKM,RG,4210,200,F,RX,SS,D
15:00:00,TLKM,RG,4210,200,F,RX,SS,D
15:00:00,TLKM,RG,4210,22,F,RX,PD,D
15:00:00,TLKM,RG,4210,300,F,RX,YP,D
15:00:00,TLKM,RG,4210,10,F,RX,AI,D
15:00:00,TLKM,RG,4210,45,F,RX,BQ,D
15:00:00,TLKM,RG,4210,3,F,RX,YP,D
15:00:00,TLKM,RG,4210,20,F,RX,YP,D
15:00:00,TLKM,RG,4210,1,F,RX,XC,D
15:00:00,TLKM,RG,4210,200,F,RX,CC,D
15:00:00,TLKM,RG,4210,35,F,RX,PD,D
15:00:00,TLKM,RG,4210,100,F,RX,CP,D
15:00:00,TLKM,RG,4210,100,F,RX,SQ,D
15:00:00,TLKM,RG,4210,5000,F,RX,AT,D
15:00:00,TLKM,RG,4210,1,F,RX,BQ,D
15:00:00,TLKM,RG,4210,5,F,RX,PD,D
15:00:00,TLKM,RG,4210,37,F,RX,KK,D
15:00:00,TLKM,RG,4210,88,F,RX,CC,D
15:00:00,TLKM,RG,4210,50,F,RX,YP,D
15:00:00,TLKM,RG,4210,3,F,RX,XC,D
15:00:00,TLKM,RG,4210,1,F,RX,CC,D
15:00:00,TLKM,RG,4210,1,F,RX,YP,D
15:00:00,TLKM,RG,4210,2,F,RX,YP,D
15:00:00,TLKM,RG,4210,3,F,RX,PD,D
15:00:00,TLKM,RG,4210,1,F,RX,PD,D
15:00:00,TLKM,RG,4210,6,F,RX,YP,D
15:00:00,TLKM,RG,4210,20,F,RX,FZ,D
15:00:00,TLKM,RG,4210,42,F,RX,YP,D
15:00:00,TLKM,RG,4210,2,F,RX,NI,D
15:00:00,TLKM,RG,4210,2,F,RX,DH,D
15:00:00,TLKM,RG,4210,50,F,RX,YP,D
15:00:00,TLKM,RG,4210,10,F,RX,CD,D
15:00:00,TLKM,RG,4210,37,F,RX,XC,D
15:00:00,TLKM,RG,4210,3,F,RX,PD,D
15:00:00,TLKM,RG,4210,500,F,RX,ES,D
15:00:00,TLKM,RG,4210,550,F,RX,ES,D
15:00:00,TLKM,RG,4210,5,F,RX,YP,D
15:00:00,TLKM,RG,4210,25,F,RX,AT,D
15:00:00,TLKM,RG,4210,12,F,RX,PD,D
15:00:00,TLKM,RG,4210,15,F,RX,CC,D
15:00:00,TLKM,RG,4210,1,F,RX,SQ,D
15:00:00,TLKM,RG,4210,25,F,RX,SQ,D
15:00:00,TLKM,RG,4210,200,F,RX,LG,D
15:00:00,TLKM,RG,4210,100,F,RX,YP,D
15:00:00,TLKM,RG,4210,25,F,RX,YP,D
15:00:00,TLKM,RG,4210,150,F,RX,CC,D
15:00:00,TLKM,RG,4210,200,F,RX,TP,D
15:00:00,TLKM,RG,4210,1000,F,RX,LS,D
15:00:00,TLKM,RG,4210,403,F,RX,PD,D
15:00:00,TLKM,RG,4210,5000,F,RX,RX,F
15:00:00,TLKM,RG,4210,230,F,RX,YP,D
15:00:00,TLKM,RG,4210,1,F,RX,PD,D
15:00:00,TLKM,RG,4210,5,F,RX,CC,D
15:00:00,TLKM,RG,4210,500,F,RX,AF,D
15:00:00,TLKM,RG,4210,50,F,RX,NI,D
15:00:00,TLKM,RG,4210,2,F,RX,PD,D
15:00:00,TLKM,RG,4210,3000,F,RX,AO,D
15:00:00,TLKM,RG,4210,720,F,RX,YP,D
15:00:00,TLKM,RG,4210,631,F,AK,YP,D
15:00:00,TLKM,RG,4210,1085,F,AK,RX,F
15:00:00,TLKM,RG,4210,2066,F,BK,RX,F
15:00:00,TLKM,RG,4210,1849,F,BK,RX,F
15:00:00,TLKM,RG,4210,20,F,BK,KK,D
15:00:00,TLKM,RG,4210,4329,F,BK,RX,F
15:00:00,TLKM,RG,4210,671,F,BK,RX,F
15:00:00,TLKM,RG,4210,5,F,BK,PD,D
15:00:00,TLKM,RG,4210,1003,F,BK,RX,F
15:00:00,TLKM,RG,4210,240,F,BK,YP,D
15:00:00,TLKM,RG,4210,723,F,BK,YU,F
15:00:00,TLKM,RG,4210,20,F,BK,IF,D
15:00:00,TLKM,RG,4210,1,F,BK,ZP,F
15:00:00,TLKM,RG,4210,4,F,BK,ZP,F
15:00:00,TLKM,RG,4210,8333,F,BK,ZP,F
15:00:00,TLKM,RG,4210,1514,F,BK,ZP,F
15:00:00,TLKM,RG,4210,208,F,KZ,ZP,F
15:00:00,TLKM,RG,4210,93,F,BK,ZP,F
15:00:00,TLKM,RG,4210,500,F,BK,KZ,F
15:00:00,TLKM,RG,4210,87,F,BK,KZ,F
15:00:00,TLKM,RG,4210,1,D,KZ,KZ,F
15:00:00,TLKM,RG,4210,748,D,KZ,KZ,F
15:00:00,TLKM,RG,4210,298,F,ZP,KZ,F
15:00:00,TLKM,RG,4210,14514,F,CC,KZ,F
15:00:00,TLKM,RG,4210,3,F,ZP,KZ,F
15:00:00,TLKM,RG,4210,1986,F,ZP,ZP,F
15:00:00,TLKM,RG,4210,3199,F,ZP,ZP,F
15:00:00,TLKM,RG,4210,158,F,ZP,ZP,F
15:00:00,TLKM,RG,4210,1273,F,CS,ZP,F
15:00:00,TLKM,RG,4210,10358,F,CS,ZP,F
15:00:00,TLKM,RG,4210,17958,F,YU,ZP,F
15:00:00,TLKM,RG,4210,232,F,AK,ZP,F
15:00:00,TLKM,RG,4210,6867,F,YU,ZP,F
15:00:00,TLKM,RG,4210,19579,F,YU,ZP,F
15:00:00,TLKM,RG,4210,262,F,AK,ZP,F
15:00:00,TLKM,RG,4210,3835,F,YU,ZP,F
15:00:00,TLKM,RG,4210,262,F,AK,ZP,F
15:00:00,TLKM,RG,4210,4540,F,AK,ZP,F
15:00:00,TLKM,RG,4210,300,F,AK,ZP,F
15:00:00,TLKM,RG,4210,223,F,AK,ZP,F
15:00:00,TLKM,RG,4210,7845,D,BB,ZP,F
15:00:00,TLKM,RG,4210,1305,D,BB,ZP,F
15:00:00,TLKM,RG,4210,95,F,ZP,ZP,F
15:00:00,TLKM,RG,4210,689,F,YU,ZP,F
15:00:00,TLKM,RG,4210,107,F,ZP,ZP,F
15:00:00,TLKM,RG,4210,172,F,RX,ZP,F
15:00:00,TLKM,RG,4210,14115,F,DX,ZP,F
15:00:00,TLKM,RG,4210,2458,F,DX,KI,D
15:00:00,TLKM,RG,4210,1071,F,DX,BK,F
15:00:00,TLKM,RG,4210,246,F,DX,BK,F
15:00:00,TLKM,RG,4210,1044,F,DP,BK,F
15:00:00,TLKM,RG,4210,683,F,DP,BK,F
15:00:00,TLKM,RG,4210,944,F,DP,ZP,F
15:00:00,TLKM,RG,4210,496,F,DP,ZP,F
15:00:00,TLKM,RG,4210,90,F,DP,CS,F
15:00:00,TLKM,RG,4210,16824,F,DP,OD,D
15:00:00,TLKM,RG,4210,4781,F,DP,OD,D
15:00:00,TLKM,RG,4210,1495,F,DP,YU,F
15:00:00,TLKM,RG,4210,1868,F,DP,DX,F
15:00:00,TLKM,RG,4210,306,F,DP,DX,F
15:00:00,TLKM,RG,4210,622,F,DP,OD,D
15:00:00,TLKM,RG,4210,45,F,DP,AK,F
15:00:00,TLKM,RG,4210,250,F,DP,AK,D
15:00:00,TLKM,RG,4210,31,F,DP,AK,F
15:00:00,TLKM,RG,4210,73,F,DP,AK,F
15:00:00,TLKM,RG,4210,409,F,DP,BB,D
15:00:00,TLKM,RG,4210,448,F,DP,DX,D
15:00:00,TLKM,RG,4210,545,F,DP,CC,D
15:00:00,TLKM,RG,4210,1500,F,DP,CC,D
15:00:00,TLKM,RG,4210,900,F,DP,DP,D
15:00:00,TLKM,RG,4210,9173,F,DP,PD,D
14:49:59,TLKM,RG,4210,2,F,AK,YP,D
14:49:59,TLKM,RG,4210,1,F,AK,YP,D
14:49:59,TLKM,RG,4210,1,F,AK,YP,D
14:49:58,TLKM,RG,4200,7,D,NI,ZP,F
14:49:58,TLKM,RG,4200,3,D,NI,ZP,F
14:49:58,TLKM,RG,4200,2,D,PD,ZP,F
14:49:57,TLKM,RG,4200,1,F,CS,ZP,F
14:49:57,TLKM,RG,4200,2,F,CS,ZP,F
14:49:57,TLKM,RG,4200,1,F,CS,ZP,F
14:49:56,TLKM,RG,4200,1,F,CS,AK,F
14:49:55,TLKM,RG,4200,35,F,CS,DX,F
14:49:55,TLKM,RG,4200,26,F,CS,YU,F
14:49:55,TLKM,RG,4200,23,F,CS,XC,D
14:49:55,TLKM,RG,4200,12,F,CS,ZP,F
14:49:54,TLKM,RG,4200,1,F,CS,AK,F
14:49:54,TLKM,RG,4200,43,F,CS,ZP,F
14:49:53,TLKM,RG,4200,7,F,CS,ZP,F
14:49:52,TLKM,RG,4200,2,F,CS,ZP,F
14:49:52,TLKM,RG,4200,1,F,CS,ZP,F
14:49:51,TLKM,RG,4200,1,F,CS,ZP,F
14:49:50,TLKM,RG,4200,1,F,CS,YU,F
14:49:50,TLKM,RG,4200,1,F,CS,YU,F
14:49:50,TLKM,RG,4200,2,F,CS,YU,F
14:49:50,TLKM,RG,4200,7,F,CS,YU,F
14:49:50,TLKM,RG,4200,41,F,CS,YU,F
14:49:48,TLKM,RG,4200,5,F,CS,YU,F
14:49:48,TLKM,RG,4210,1,F,AK,YP,D
14:49:47,TLKM,RG,4200,20,F,CS,PD,D
14:49:43,TLKM,RG,4200,2,F,CS,ZP,F
14:49:42,TLKM,RG,4200,9,F,CS,ZP,F
14:49:41,TLKM,RG,4200,2,F,CS,ZP,F
14:49:41,TLKM,RG,4200,2,F,CS,ZP,F
14:49:41,TLKM,RG,4200,45,F,CS,ZP,F
14:49:41,TLKM,RG,4200,80,F,CS,ZP,F
14:49:41,TLKM,RG,4210,30,D,PD,YP,D
14:49:41,TLKM,RG,4210,4,D,EP,YP,D
14:49:41,TLKM,RG,4210,5,D,YP,YP,D
14:49:41,TLKM,RG,4210,2,F,AK,YP,D
14:49:41,TLKM,RG,4210,21,D,YP,YP,D
14:49:41,TLKM,RG,4210,1,D,YP,YP,D
14:49:39,TLKM,RG,4210,1,F,CS,AK,F
14:49:39,TLKM,RG,4210,1,F,CS,AK,F
14:49:39,TLKM,RG,4210,1,F,CS,AK,F
14:49:39,TLKM,RG,4210,13,F,CS,XL,D
14:49:39,TLKM,RG,4210,9,F,CS,XL,D
14:49:38,TLKM,RG,4210,6,F,CS,YP,D
14:49:38,TLKM,RG,4210,1,F,KZ,YP,D
14:49:38,TLKM,RG,4210,4,D,YP,YP,D
14:49:37,TLKM,RG,4210,6,D,YP,ZP,F
14:49:37,TLKM,RG,4210,1,F,RX,ZP,F
14:49:35,TLKM,RG,4220,44,F,CS,BQ,D
14:49:34,TLKM,RG,4210,25,F,RX,DR,D
14:49:34,TLKM,RG,4220,1,D,RX,BQ,D
14:49:34,TLKM,RG,4220,29,F,RX,BQ,D
14:49:33,TLKM,RG,4210,1,F,RX,EP,D
14:49:33,TLKM,RG,4210,23,F,RX,ZP,F
14:49:32,TLKM,RG,4210,5,F,RX,YU,F
14:49:31,TLKM,RG,4220,108,F,ZP,BQ,D
14:49:30,TLKM,RG,4220,183,F,ZP,BQ,D
14:49:29,TLKM,RG,4210,1,F,RX,YB,D
14:49:28,TLKM,RG,4220,86,F,CS,BQ,D
14:49:28,TLKM,RG,4210,5,F,RX,ZP,F
14:49:28,TLKM,RG,4220,115,F,BK,BQ,D
14:49:27,TLKM,RG,4210,6,F,RX,ZP,F
14:49:26,TLKM,RG,4210,4,F,RX,ZP,F
14:49:26,TLKM,RG,4210,32,F,RX,YP,D
14:49:25,TLKM,RG,4220,2,D,NI,BQ,D
14:49:24,TLKM,RG,4210,1,F,RX,AK,F
14:49:24,TLKM,RG,4210,1,F,RX,AK,F
14:49:24,TLKM,RG,4210,10,F,RX,PD,D
14:49:21,TLKM,RG,4210,25,F,RX,PD,D
14:49:18,TLKM,RG,4210,8,F,RX,BB,D
14:49:14,TLKM,RG,4220,93,F,CS,BQ,D
14:49:14,TLKM,RG,4210,36,F,RX,BB,D
14:49:11,TLKM,RG,4210,1,F,RX,XL,D
14:49:09,TLKM,RG,4210,1,F,RX,AK,F
14:49:09,TLKM,RG,4210,1,F,RX,AK,F
14:49:08,TLKM,RG,4220,1,F,KZ,BQ,D
14:49:05,TLKM,RG,4210,36,F,RX,DR,D
14:49:05,TLKM,RG,4210,8,F,RX,YU,F
14:49:05,TLKM,RG,4210,182,F,RX,ZP,F
14:49:05,TLKM,RG,4210,900,F,RX,YP,D
14:49:03,TLKM,RG,4210,27,F,RX,BK,F
14:49:03,TLKM,RG,4210,1,F,RX,XC,D
14:49:02,TLKM,RG,4220,322,F,RX,BQ,D
14:49:00,TLKM,RG,4210,8,F,RX,ZP,F
14:49:00,TLKM,RG,4210,35,F,RX,ZP,F
14:49:00,TLKM,RG,4220,34,D,AK,BQ,D
14:49:00,TLKM,RG,4220,18,D,AK,BQ,D
14:49:00,TLKM,RG,4220,22,F,AK,BQ,D
14:49:00,TLKM,RG,4220,149,F,CS,BQ,D
14:49:00,TLKM,RG,4210,1,F,RX,AK,D
14:49:00,TLKM,RG,4210,1,F,RX,AK,D
14:49:00,TLKM,RG,4210,3,F,RX,AK,D
14:49:00,TLKM,RG,4220,8,D,AK,BQ,D
14:49:00,TLKM,RG,4220,1,D,AK,BQ,D
14:48:56,TLKM,RG,4210,5,F,RX,DR,D
14:48:54,TLKM,RG,4210,1,F,RX,AK,F
14:48:45,TLKM,RG,4220,32,D,ZP,BQ,D
14:48:45,TLKM,RG,4220,1,F,KZ,BQ,D
14:48:45,TLKM,RG,4220,687,D,AK,BQ,D
14:48:45,TLKM,RG,4220,60,D,AK,BQ,D
14:48:41,TLKM,RG,4220,60,F,AK,BQ,D
14:48:41,TLKM,RG,4210,22,F,RX,ZP,F
14:48:41,TLKM,RG,4210,234,F,RX,ZP,F
14:48:41,TLKM,RG,4210,111,F,ZP,ZP,F
14:48:41,TLKM,RG,4210,12,F,AK,ZP,F
14:48:39,TLKM,RG,4220,164,F,RX,BQ,D
14:48:32,TLKM,RG,4220,7,F,KZ,BQ,D
14:48:31,TLKM,RG,4220,165,F,RX,BQ,D
14:48:30,TLKM,RG,4220,40,D,ZP,BQ,D
14:48:30,TLKM,RG,4210,6,F,AK,YU,F
14:48:30,TLKM,RG,4220,3,D,AK,BQ,D
14:48:30,TLKM,RG,4220,13,F,AK,BQ,D
14:48:30,TLKM,RG,4210,1,F,AK,CC,D
14:48:30,TLKM,RG,4210,33,F,AK,CC,D
14:48:30,TLKM,RG,4210,1,D,RX,CC,D
14:48:30,TLKM,RG,4210,1,F,KZ,CC,D
14:48:30,TLKM,RG,4210,24,F,RX,CC,D
14:48:30,TLKM,RG,4210,18,F,RX,CC,D
14:48:30,TLKM,RG,4210,762,F,BK,CC,D
14:48:30,TLKM,RG,4210,126,D,ZP,CC,D
14:48:30,TLKM,RG,4210,35,F,CS,CC,D
14:48:28,TLKM,RG,4220,1,F,KZ,BQ,D
14:48:28,TLKM,RG,4210,1,F,CS,XC,D
14:48:27,TLKM,RG,4210,15,F,CS,EP,D
14:48:25,TLKM,RG,4210,42,F,CS,NI,D
14:48:25,TLKM,RG,4210,58,F,ZP,NI,D
14:48:23,TLKM,RG,4220,5,F,AK,BQ,D
14:48:23,TLKM,RG,4220,185,F,RX,BQ,D
14:48:20,TLKM,RG,4220,56,F,BK,BQ,D
14:48:20,TLKM,RG,4220,29,F,RX,BQ,D
14:48:18,TLKM,RG,4210,10,F,ZP,CC,D
14:48:17,TLKM,RG,4220,57,F,BK,BQ,D
14:48:16,TLKM,RG,4210,42,F,ZP,LG,D
14:48:16,TLKM,RG,4210,96,F,ZP,LG,D
14:48:16,TLKM,RG,4210,1,F,ZP,XC,D
14:48:16,TLKM,RG,4210,5,F,ZP,CC,D
14:48:16,TLKM,RG,4220,1,F,KZ,BQ,D
14:48:16,TLKM,RG,4220,58,F,RX,BQ,D
14:48:15,TLKM,RG,4220,1,D,AK,BQ,D
14:48:15,TLKM,RG,4220,401,D,AK,BQ,D
14:48:15,TLKM,RG,4220,7,F,AK,BQ,D
14:48:14,TLKM,RG,4220,5,F,RX,BQ,D
14:48:14,TLKM,RG,4210,35,F,RX,YU,F
14:48:14,TLKM,RG,4210,1,F,RX,XC,D
14:48:14,TLKM,RG,4210,20,F,RX,YP,D
14:48:14,TLKM,RG,4210,34,F,RX,BB,D
14:48:14,TLKM,RG,4210,11,F,RX,XC,D
14:48:14,TLKM,RG,4210,8,F,RX,YU,F
14:48:14,TLKM,RG,4210,20,F,RX,YU,F
14:48:14,TLKM,RG,4210,1,F,RX,AK,D
14:48:14,TLKM,RG,4210,42,F,RX,SQ,D
14:48:14,TLKM,RG,4210,1,F,RX,AK,F
14:48:14,TLKM,RG,4210,344,F,RX,CC,F
14:48:12,TLKM,RG,4210,12,F,RX,CC,F
14:48:10,TLKM,RG,4210,32,F,BK,CC,F
14:48:10,TLKM,RG,4210,5,F,KZ,CC,F
14:48:08,TLKM,RG,4210,1,F,KZ,CC,F
14:48:08,TLKM,RG,4210,54,F,BK,CC,F
14:48:08,TLKM,RG,4210,617,D,ZP,CC,F
14:48:08,TLKM,RG,4210,662,D,ZP,CC,F
14:48:08,TLKM,RG,4210,1,D,ZP,AK,D
14:48:08,TLKM,RG,4210,20,D,ZP,LG,D
14:48:08,TLKM,RG,4210,15,D,ZP,HP,D
14:48:08,TLKM,RG,4210,1,D,ZP,PD,D
14:48:08,TLKM,RG,4210,30,D,ZP,PD,D
14:48:08,TLKM,RG,4210,1,D,ZP,AK,D
14:48:08,TLKM,RG,4210,15,D,ZP,YP,D
14:48:08,TLKM,RG,4210,1,D,ZP,XC,D
14:48:08,TLKM,RG,4210,1,D,ZP,AK,F
14:48:08,TLKM,RG,4210,17,D,ZP,ZP,F
14:48:08,TLKM,RG,4210,93,D,ZP,ZP,F
14:48:08,TLKM,RG,4210,1400,D,ZP,CC,D
14:48:08,TLKM,RG,4210,35,D,ZP,BK,F
14:48:08,TLKM,RG,4210,100,D,ZP,EL,D
14:48:08,TLKM,RG,4210,1,D,ZP,XC,D
14:48:08,TLKM,RG,4210,3,D,ZP,YP,D
14:48:08,TLKM,RG,4210,249,D,ZP,CC,D
14:48:08,TLKM,RG,4210,455,D,ZP,RX,F
14:48:08,TLKM,RG,4210,321,D,ZP,YP,D
14:48:08,TLKM,RG,4210,10,D,ZP,XC,D
14:48:08,TLKM,RG,4210,3,D,ZP,GR,D
14:48:08,TLKM,RG,4210,25,D,ZP,FZ,D
14:48:08,TLKM,RG,4210,1,D,ZP,XC,D
14:48:08,TLKM,RG,4210,1,D,ZP,NI,D
14:48:08,TLKM,RG,4210,6,D,ZP,NI,D
14:48:08,TLKM,RG,4210,9,D,ZP,MG,D
14:48:08,TLKM,RG,4210,5,D,ZP,CC,D
14:48:08,TLKM,RG,4210,1,D,ZP,PD,D
14:48:08,TLKM,RG,4210,1,D,ZP,NI,D
14:48:08,TLKM,RG,4210,1,D,ZP,XC,D
14:48:08,TLKM,RG,4210,1,D,ZP,PD,D
14:48:08,TLKM,RG,4210,2,D,ZP,YU,F
14:48:08,TLKM,RG,4210,1,D,ZP,YU,F
14:48:08,TLKM,RG,4210,23,D,ZP,YU,F
14:48:08,TLKM,RG,4210,2,D,ZP,PD,D
14:48:08,TLKM,RG,4210,6,D,ZP,XL,D
14:48:08,TLKM,RG,4210,25,D,ZP,GR,D
14:48:08,TLKM,RG,4210,10,D,ZP,NI,D
14:48:08,TLKM,RG,4210,1,D,ZP,XC,D
14:48:08,TLKM,RG,4210,3,D,ZP,NI,D
14:48:08,TLKM,RG,4210,30,D,ZP,YP,D
14:48:08,TLKM,RG,4210,5,D,ZP,NI,D
14:48:08,TLKM,RG,4210,1,D,ZP,AK,F
14:48:08,TLKM,RG,4210,51,D,ZP,RX,F
14:48:08,TLKM,RG,4210,74,D,ZP,RX,F
14:48:08,TLKM,RG,4210,16,D,ZP,RX,F
14:48:08,TLKM,RG,4210,313,D,ZP,RX,F
14:48:08,TLKM,RG,4210,786,D,ZP,OD,D
14:48:05,TLKM,RG,4200,11,F,CS,YU,F
14:48:04,TLKM,RG,4200,518,F,CS,KZ,D
14:48:03,TLKM,RG,4210,21,F,CS,OD,D
14:48:03,TLKM,RG,4210,1,F,RX,OD,D
14:48:03,TLKM,RG,4210,1,F,RX,PD,D
14:48:03,TLKM,RG,4210,50,F,RX,PD,D
14:48:03,TLKM,RG,4210,1,F,RX,XL,D
14:48:03,TLKM,RG,4210,3,F,RX,NI,D
14:48:03,TLKM,RG,4210,1,F,RX,KK,D
14:48:03,TLKM,RG,4210,25,F,RX,BB,D
14:48:03,TLKM,RG,4210,13,F,RX,XC,D
14:48:03,TLKM,RG,4210,3,F,RX,AK,D
14:48:03,TLKM,RG,4210,1,F,RX,AK,F
14:48:03,TLKM,RG,4210,1,F,RX,PD,D
14:48:03,TLKM,RG,4210,10,F,RX,YP,D
14:48:03,TLKM,RG,4210,134,F,RX,CC,F
14:48:02,TLKM,RG,4210,1,F,KZ,CC,F
14:48:02,TLKM,RG,4210,56,F,BK,CC,F
14:47:59,TLKM,RG,4210,214,D,AK,CC,F
14:47:59,TLKM,RG,4210,112,D,AK,CC,F
14:47:58,TLKM,RG,4210,7,F,ZP,CC,F
14:47:58,TLKM,RG,4210,101,F,ZP,RX,F
14:47:57,TLKM,RG,4210,39,F,CS,RX,F
14:47:55,TLKM,RG,4200,1,F,CS,DR,D
14:47:53,TLKM,RG,4200,10,F,CS,CC,D
14:47:53,TLKM,RG,4200,1,F,CS,AK,F
14:47:53,TLKM,RG,4210,50,D,KK,RX,F
14:47:52,TLKM,RG,4210,265,F,RX,RX,F
14:47:52,TLKM,RG,4210,2,F,RX,IP,D
14:47:51,TLKM,RG,4210,83,F,BK,IP,D
14:47:51,TLKM,RG,4200,562,F,CS,ZP,F
14:47:49,TLKM,RG,4210,6,F,CS,IP,D
14:47:48,TLKM,RG,4210,238,D,ZP,IP,D
14:47:47,TLKM,RG,4210,36,F,CS,IP,D
14:47:46,TLKM,RG,4210,35,F,BK,IP,D
14:47:46,TLKM,RG,4210,14,F,BK,AK,D
14:47:46,TLKM,RG,4210,34,F,BK,ZP,F
14:47:42,TLKM,RG,4200,99,F,CS,DR,D
14:47:41,TLKM,RG,4210,19,F,RX,ZP,F
14:47:41,TLKM,RG,4210,20,F,RX,MG,D
14:47:41,TLKM,RG,4210,182,F,RX,CC,D
14:47:41,TLKM,RG,4210,23,F,RX,ZP,F
14:47:41,TLKM,RG,4200,32,F,CS,DR,D
14:47:41,TLKM,RG,4200,5,F,CS,DR,D
14:47:40,TLKM,RG,4200,28,F,CS,BB,D
14:47:39,TLKM,RG,4200,1,F,CS,DR,D
14:47:39,TLKM,RG,4200,1,F,CS,DR,D
14:47:39,TLKM,RG,4200,155,F,CS,ZP,F
14:47:38,TLKM,RG,4210,11,F,CS,ZP,F
14:47:37,TLKM,RG,4200,10,F,CS,AK,D
14:47:36,TLKM,RG,4210,6,F,CS,ZP,F
14:47:36,TLKM,RG,4210,5,F,CS,OD,D
14:47:36,TLKM,RG,4210,78,F,CS,SQ,D
14:47:32,TLKM,RG,4210,102,D,ZP,SQ,D
14:47:32,TLKM,RG,4210,31,D,ZP,KZ,D
14:47:31,TLKM,RG,4210,16,F,RX,KZ,D
14:47:30,TLKM,RG,4210,28,F,RX,KZ,D
14:47:30,TLKM,RG,4210,46,D,ZP,KZ,D
14:47:30,TLKM,RG,4210,20,D,ZP,CC,D
14:47:30,TLKM,RG,4210,99,D,ZP,KZ,D
14:47:30,TLKM,RG,4210,16,D,ZP,BK,F
14:47:29,TLKM,RG,4210,21,F,RX,BK,F
14:47:29,TLKM,RG,4210,6,F,RX,YP,D
14:47:29,TLKM,RG,4210,1,F,RX,PD,D
14:47:29,TLKM,RG,4210,10,F,RX,YP,D
14:47:29,TLKM,RG,4210,5,F,RX,XL,D
14:47:29,TLKM,RG,4210,39,F,RX,RX,F
14:47:28,TLKM,RG,4210,101,F,ZP,RX,F
14:47:25,TLKM,RG,4210,12,D,NI,RX,F
14:47:23,TLKM,RG,4200,3,F,CS,DR,D
14:47:23,TLKM,RG,4200,2,F,CS,DR,D
14:47:21,TLKM,RG,4200,113,F,CS,DR,D
14:47:21,TLKM,RG,4200,1,F,CS,XC,D
14:47:21,TLKM,RG,4200,28,F,CS,DR,D
14:47:21,TLKM,RG,4200,7,F,CS,DR,D
14:47:19,TLKM,RG,4210,2,F,KZ,RX,F
14:47:19,TLKM,RG,4210,3,F,KZ,RX,F
14:47:19,TLKM,RG,4210,1,F,KZ,RX,F
14:47:19,TLKM,RG,4210,1,F,KZ,RX,F
14:47:16,TLKM,RG,4200,3,F,CS,AK,F
14:47:15,TLKM,RG,4210,115,F,CS,RX,F
14:47:14,TLKM,RG,4200,92,F,CS,PP,D
14:47:12,TLKM,RG,4200,1,F,CS,XL,D
14:47:07,TLKM,RG,4210,43,F,AK,RX,F
14:47:01,TLKM,RG,4200,347,F,CS,PP,D
14:47:01,TLKM,RG,4200,1,D,YP,PP,D
14:47:01,TLKM,RG,4200,1,D,PD,PP,D
14:47:01,TLKM,RG,4200,38,F,BK,PP,D
14:47:01,TLKM,RG,4200,223,F,CS,PP,D
14:47:01,TLKM,RG,4200,4,D,YP,PP,D
14:47:01,TLKM,RG,4200,260,F,BK,PP,D
14:47:01,TLKM,RG,4200,18,D,YP,PP,D
14:47:01,TLKM,RG,4200,3,D,AK,PP,D
14:47:01,TLKM,RG,4200,86,F,CS,PP,D
14:47:01,TLKM,RG,4210,100,D,CC,RX,F
14:47:00,TLKM,RG,4210,2,D,AK,RX,F
14:46:58,TLKM,RG,4210,35,F,ZP,RX,F
14:46:58,TLKM,RG,4210,7,F,ZP,ZP,F
14:46:58,TLKM,RG,4210,21,F,ZP,ZP,F
14:46:58,TLKM,RG,4210,40,F,ZP,ZP,F
14:46:58,TLKM,RG,4200,1,F,CS,XL,D
14:46:51,TLKM,RG,4200,480,F,CS,NI,D
14:46:50,TLKM,RG,4200,11,F,CS,BB,D
14:46:50,TLKM,RG,4200,12,F,BK,BB,D
14:46:49,TLKM,RG,4200,33,F,BK,BK,F
14:46:48,TLKM,RG,4210,57,F,CS,ZP,F
14:46:48,TLKM,RG,4210,30,F,CS,PD,D
14:46:48,TLKM,RG,4210,4,F,CS,GR,D
14:46:48,TLKM,RG,4210,46,F,CC,GR,D
14:46:48,TLKM,RG,4210,10,F,CC,XC,D
14:46:48,TLKM,RG,4210,200,F,CC,AI,D
14:46:48,TLKM,RG,4210,6,F,CC,PD,D
14:46:48,TLKM,RG,4210,200,F,CC,AI,D
14:46:48,TLKM,RG,4210,2,F,CC,GR,D
14:46:48,TLKM,RG,4210,10,F,CC,YP,D
14:46:48,TLKM,RG,4210,2,F,CC,YU,F
14:46:48,TLKM,RG,4210,21,F,CC,YU,F
14:46:48,TLKM,RG,4210,10,F,CC,NI,D
14:46:48,TLKM,RG,4210,2,F,CC,AK,F
14:46:48,TLKM,RG,4210,200,F,CC,XC,D
14:46:47,TLKM,RG,4210,77,D,ZP,XC,D
14:46:47,TLKM,RG,4200,6,F,BK,DP,D
14:46:45,TLKM,RG,4210,403,F,CC,XC,D
14:46:45,TLKM,RG,4210,41,F,CC,XC,D
14:46:45,TLKM,RG,4210,56,F,CC,PD,D
14:46:45,TLKM,RG,4210,1,D,AK,PD,D
14:46:43,TLKM,RG,4200,127,F,BK,PD,D
14:46:43,TLKM,RG,4200,5,F,BK,PD,D
14:46:42,TLKM,RG,4200,1,F,BK,AK,F
14:46:41,TLKM,RG,4210,1,D,YP,PD,D
14:46:40,TLKM,RG,4200,13,F,BK,PP,D
14:46:40,TLKM,RG,4200,6,F,KZ,PP,D
14:46:40,TLKM,RG,4200,2,D,NI,PP,D
14:46:40,TLKM,RG,4200,249,D,YB,PP,D
14:46:34,TLKM,RG,4210,29,F,RX,PD,D
14:46:32,TLKM,RG,4200,3,D,YB,DP,D
14:46:30,TLKM,RG,4200,5,D,YB,DP,D
14:46:30,TLKM,RG,4210,1,D,AK,PD,D
14:46:28,TLKM,RG,4210,94,F,BK,PD,D
14:46:28,TLKM,RG,4210,104,F,ZP,PD,D
14:46:26,TLKM,RG,4210,2,F,CS,PD,D
14:46:26,TLKM,RG,4210,12,F,CS,PD,D
14:46:26,TLKM,RG,4210,5,F,CS,YP,D
14:46:26,TLKM,RG,4210,5,F,CS,PD,D
14:46:26,TLKM,RG,4210,101,F,CS,RX,F
14:46:25,TLKM,RG,4200,31,D,YB,PD,D
14:46:21,TLKM,RG,4210,5,D,PD,RX,F
14:46:13,TLKM,RG,4210,3,F,BK,RX,F
14:46:08,TLKM,RG,4210,104,F,BK,RX,F
14:46:07,TLKM,RG,4210,10,D,PD,RX,F
14:46:04,TLKM,RG,4200,2,D,YB,NI,D
14:46:03,TLKM,RG,4210,1,F,KZ,RX,F
14:46:03,TLKM,RG,4210,1,F,KZ,RX,F
14:46:03,TLKM,RG,4210,1,F,KZ,RX,F
14:46:03,TLKM,RG,4210,229,F,AK,RX,F
14:46:03,TLKM,RG,4210,13,F,AK,RX,F
14:46:03,TLKM,RG,4200,1,D,YB,AK,F
14:46:03,TLKM,RG,4210,281,D,ZP,RX,F
14:46:03,TLKM,RG,4210,5,D,ZP,GR,D
14:46:03,TLKM,RG,4210,8,D,ZP,XC,D
14:46:03,TLKM,RG,4210,118,D,ZP,CC,D
14:46:03,TLKM,RG,4210,571,D,ZP,CC,D
14:46:03,TLKM,RG,4210,1,D,ZP,PD,D
14:46:03,TLKM,RG,4210,2,D,ZP,NI,D
14:46:03,TLKM,RG,4210,10,D,ZP,OD,D
14:46:03,TLKM,RG,4210,13,D,ZP,CS,D
14:46:03,TLKM,RG,4210,2,D,ZP,NI,D
14:46:03,TLKM,RG,4210,12,D,ZP,YP,D
14:46:03,TLKM,RG,4210,10,D,ZP,CC,D
14:46:03,TLKM,RG,4210,105,D,ZP,CC,D
14:46:03,TLKM,RG,4210,6,D,ZP,AK,D
14:46:03,TLKM,RG,4210,10,D,ZP,PD,D
14:46:03,TLKM,RG,4210,2,D,ZP,NI,D
14:46:03,TLKM,RG,4210,1,D,ZP,AK,F
14:46:03,TLKM,RG,4210,3,D,ZP,PD,D
14:46:03,TLKM,RG,4210,27,D,ZP,XC,D
14:46:03,TLKM,RG,4210,8,D,ZP,PD,D
14:46:03,TLKM,RG,4210,454,D,ZP,RX,F
14:46:03,TLKM,RG,4210,220,D,ZP,AG,D
14:46:03,TLKM,RG,4210,500,D,ZP,CC,D
14:46:03,TLKM,RG,4210,6,D,ZP,CS,D
14:46:03,TLKM,RG,4210,12,D,ZP,CS,D
14:46:03,TLKM,RG,4210,455,D,ZP,CC,D
14:46:03,TLKM,RG,4210,49,D,ZP,CC,D
14:46:03,TLKM,RG,4210,11,D,ZP,CC,D
14:46:03,TLKM,RG,4210,485,D,ZP,CC,D
14:46:03,TLKM,RG,4210,1,D,ZP,AK,F
14:46:03,TLKM,RG,4210,4,D,ZP,BB,D
14:46:03,TLKM,RG,4210,243,D,ZP,HD,D
14:46:02,TLKM,RG,4200,27,D,YB,BB,D
14:45:57,TLKM,RG,4210,7,F,ZP,HD,D
14:45:57,TLKM,RG,4210,11,F,ZP,CS,D
14:45:57,TLKM,RG,4210,13,F,ZP,CS,D
14:45:57,TLKM,RG,4210,72,F,ZP,RX,F
14:45:57,TLKM,RG,4210,178,F,CS,RX,F
14:45:57,TLKM,RG,4210,49,F,BK,RX,F
14:45:52,TLKM,RG,4200,1,D,YB,AK,F
14:45:51,TLKM,RG,4200,1,D,YB,YP,D
14:45:48,TLKM,RG,4210,1,D,ZP,RX,F
14:45:37,TLKM,RG,4200,1,D,YB,AK,F
14:45:37,TLKM,RG,4210,30,F,RX,RX,F
14:45:34,TLKM,RG,4210,117,F,BK,RX,F
14:45:30,TLKM,RG,4200,10,D,YB,XC,D
14:45:29,TLKM,RG,4200,5,D,YB,GR,D
14:45:27,TLKM,RG,4210,8,F,ZP,RX,F
14:45:27,TLKM,RG,4210,37,F,ZP,BK,F
14:45:27,TLKM,RG,4210,7,F,ZP,AK,D
14:45:27,TLKM,RG,4210,53,F,ZP,ZP,D
14:45:24,TLKM,RG,4200,164,D,YB,ZP,F
14:45:24,TLKM,RG,4200,30,F,AG,ZP,F
14:45:24,TLKM,RG,4200,1,D,PD,ZP,F
14:45:24,TLKM,RG,4200,10,D,YP,ZP,F
14:45:24,TLKM,RG,4200,10,D,PD,ZP,F
14:45:24,TLKM,RG,4200,1,D,XC,ZP,F
14:45:24,TLKM,RG,4200,5,D,PD,ZP,F
14:45:24,TLKM,RG,4200,81,D,CC,ZP,F
14:45:21,TLKM,RG,4200,1,D,CC,AK,F
14:45:20,TLKM,RG,4200,5,D,CC,PD,D
14:45:18,TLKM,RG,4210,77,F,BK,ZP,D
14:45:18,TLKM,RG,4200,9,D,CC,ZP,F
14:45:17,TLKM,RG,4200,1,D,CC,XC,D
14:45:17,TLKM,RG,4200,1,D,CC,XC,D
14:45:15,TLKM,RG,4210,175,F,CS,ZP,D
14:45:13,TLKM,RG,4200,2,D,CC,BB,D
14:45:13,TLKM,RG,4200,1,D,PD,BB,D
14:45:13,TLKM,RG,4200,1,D,YP,BB,D
14:45:13,TLKM,RG,4200,2,D,XL,BB,D
14:45:13,TLKM,RG,4200,5,D,AT,BB,D
14:45:13,TLKM,RG,4200,5,D,YP,BB,D
14:45:13,TLKM,RG,4200,11,D,PD,BB,D
14:45:09,TLKM,RG,4200,1,D,PD,AK,F
14:45:08,TLKM,RG,4210,119,D,YP,ZP,D
14:45:03,TLKM,RG,4200,34,D,PD,BK,F
14:45:02,TLKM,RG,4210,1071,D,OD,ZP,D
14:45:01,TLKM,RG,4210,47,D,YP,ZP,D
14:44:57,TLKM,RG,4210,103,F,ZP,ZP,D
14:44:57,TLKM,RG,4200,4,D,PD,DR,D
14:44:57,TLKM,RG,4200,1,D,XC,DR,D
14:44:57,TLKM,RG,4200,10,D,XL,DR,D
14:44:57,TLKM,RG,4200,104,D,GR,DR,D
14:44:54,TLKM,RG,4200,1,D,GR,AK,F
14:44:50,TLKM,RG,4200,12,D,GR,PD,D
14:44:48,TLKM,RG,4200,1,D,GR,XC,D
14:44:46,TLKM,RG,4200,1,D,GR,KK,D
14:44:40,TLKM,RG,4200,1,D,GR,AK,F
14:44:39,TLKM,RG,4200,1,D,GR,DP,D
14:44:37,TLKM,RG,4200,172,D,GR,YU,D
14:44:37,TLKM,RG,4200,152,D,GR,YU,D
14:44:36,TLKM,RG,4200,114,D,GR,YU,D
14:44:35,TLKM,RG,4200,1109,D,GR,CC,D
14:44:34,TLKM,RG,4210,219,F,CS,ZP,D
14:44:27,TLKM,RG,4200,1,D,GR,AK,F
14:44:26,TLKM,RG,4210,104,F,ZP,ZP,D
14:44:25,TLKM,RG,4200,22,D,GR,BB,D
14:44:24,TLKM,RG,4210,986,D,ZP,ZP,D
14:44:23,TLKM,RG,4200,1,D,GR,XC,D
14:44:22,TLKM,RG,4210,1,D,CC,ZP,D
14:44:20,TLKM,RG,4200,1,D,GR,CC,D
14:44:11,TLKM,RG,4200,1,D,GR,AK,F
14:44:11,TLKM,RG,4200,25,D,GR,XC,D
14:44:03,TLKM,RG,4200,69,D,GR,YU,D
14:44:01,TLKM,RG,4200,1,D,GR,YU,D
14:44:01,TLKM,RG,4210,1,F,YU,ZP,D
14:43:57,TLKM,RG,4200,1,D,GR,AK,F
14:43:56,TLKM,RG,4210,44,F,ZP,ZP,D
14:43:56,TLKM,RG,4210,2,F,ZP,YP,D
14:43:56,TLKM,RG,4210,20,F,ZP,DP,D
14:43:56,TLKM,RG,4210,5,F,ZP,YU,F
14:43:56,TLKM,RG,4210,16,F,ZP,YU,F
14:43:56,TLKM,RG,4210,17,F,ZP,CS,D
14:43:56,TLKM,RG,4200,179,D,GR,CC,D
14:43:55,TLKM,RG,4210,9,D,CC,CS,D
14:43:55,TLKM,RG,4210,6,D,CC,ZP,F
14:43:55,TLKM,RG,4210,13,D,CC,ZP,F
14:43:55,TLKM,RG,4210,32,D,CC,ZP,F
14:43:55,TLKM,RG,4200,122,D,GR,CC,D
14:43:46,TLKM,RG,4210,20,D,NI,ZP,F
14:43:44,TLKM,RG,4210,10,D,XC,ZP,F
14:43:44,TLKM,RG,4210,10,D,XC,KK,D
14:43:43,TLKM,RG,4200,1,D,GR,AK,F
14:43:42,TLKM,RG,4210,175,F,CS,KK,D
14:43:38,TLKM,RG,4200,10,D,GR,XC,D
14:43:31,TLKM,RG,4200,1,D,GR,AK,F
14:43:30,TLKM,RG,4210,1,D,CC,KK,D
14:43:30,TLKM,RG,4200,17,D,GR,DP,D
14:43:26,TLKM,RG,4210,107,F,ZP,KK,D
14:43:24,TLKM,RG,4200,1,D,GR,AK,F
14:43:18,TLKM,RG,4200,3,D,GR,DR,D
14:43:18,TLKM,RG,4200,3,D,GR,XC,D
14:43:09,TLKM,RG,4200,1,D,GR,AK,F
14:43:05,TLKM,RG,4200,10,D,GR,CC,D
14:43:05,TLKM,RG,4200,34,D,GR,DR,D
14:43:01,TLKM,RG,4200,1,D,GR,XC,D
14:43:01,TLKM,RG,4210,151,F,CS,KK,D
14:43:01,TLKM,RG,4200,324,D,GR,YU,D
14:42:58,TLKM,RG,4200,106,D,GR,DR,D
14:42:54,TLKM,RG,4200,1,D,GR,AK,F
14:42:53,TLKM,RG,4210,4,D,YU,KK,D
14:42:48,TLKM,RG,4210,1,D,YU,KK,D
14:42:46,TLKM,RG,4200,2,D,GR,PD,D
14:42:39,TLKM,RG,4210,4,D,NI,KK,D
14:42:39,TLKM,RG,4200,1,D,GR,AK,F
14:42:34,TLKM,RG,4200,142,D,GR,DR,D
14:42:25,TLKM,RG,4210,1,F,CS,KK,D
14:42:25,TLKM,RG,4210,133,F,CS,KK,D
14:42:25,TLKM,RG,4210,3,D,OD,KK,D
14:42:25,TLKM,RG,4210,1,D,XC,KK,D
14:42:25,TLKM,RG,4210,1,D,CC,KK,D
14:42:25,TLKM,RG,4210,100,D,NI,KK,D
14:42:25,TLKM,RG,4210,12,F,KZ,KK,D
14:42:25,TLKM,RG,4210,35,F,ZP,KK,D
14:42:24,TLKM,RG,4210,1,F,ZP,AK,F
14:42:19,TLKM,RG,4210,5,F,ZP,AZ,D
14:42:18,TLKM,RG,4210,70,F,ZP,CC,D
14:42:18,TLKM,RG,4210,181,F,BK,CC,D
14:42:18,TLKM,RG,4210,9,D,CC,CC,D
14:42:11,TLKM,RG,4210,9,D,CC,YP,D
14:42:11,TLKM,RG,4210,1,D,CC,YP,D
14:42:09,TLKM,RG,4210,1,D,CC,AK,F
14:42:01,TLKM,RG,4210,68,D,CC,YU,D
14:42:01,TLKM,RG,4210,75,F,ZP,YU,D
14:42:01,TLKM,RG,4210,35,F,ZP,CC,D
14:41:54,TLKM,RG,4220,207,D,ZP,BQ,D
14:41:54,TLKM,RG,4220,28,D,ZP,YP,D
14:41:54,TLKM,RG,4220,1,D,ZP,XC,D
14:41:54,TLKM,RG,4220,5,D,ZP,XC,D
14:41:54,TLKM,RG,4220,1,D,ZP,PD,D
14:41:54,TLKM,RG,4220,3,D,ZP,PD,D
14:41:54,TLKM,RG,4220,1,D,ZP,XL,D
14:41:54,TLKM,RG,4220,5,D,ZP,CP,D
14:41:53,TLKM,RG,4210,5,D,ZP,SQ,D
14:41:53,TLKM,RG,4210,30,D,ZP,NI,D
14:41:53,TLKM,RG,4210,37,D,ZP,BK,F
14:41:53,TLKM,RG,4210,1,D,ZP,YP,D
14:41:53,TLKM,RG,4210,20,D,ZP,YU,F
14:41:53,TLKM,RG,4210,4,D,ZP,BB,D
14:41:53,TLKM,RG,4210,1,D,ZP,AK,F
14:41:53,TLKM,RG,4210,16,D,ZP,CS,D
14:41:53,TLKM,RG,4210,20,D,ZP,CS,D
14:41:53,TLKM,RG,4210,31,D,ZP,CS,D
14:41:53,TLKM,RG,4210,636,D,ZP,CC,D
14:41:53,TLKM,RG,4210,1,D,CC,CC,D
14:41:46,TLKM,RG,4210,43,D,ZP,CC,D
14:41:46,TLKM,RG,4210,93,D,ZP,DX,F
14:41:46,TLKM,RG,4210,168,D,ZP,CC,D
14:41:46,TLKM,RG,4210,108,D,ZP,CC,D
14:41:46,TLKM,RG,4210,137,D,ZP,CC,D
14:41:46,TLKM,RG,4210,1301,D,ZP,KZ,D
14:41:46,TLKM,RG,4210,5,D,ZP,XC,D
14:41:46,TLKM,RG,4210,1,D,ZP,YP,D
14:41:46,TLKM,RG,4210,62,D,ZP,BK,F
14:41:46,TLKM,RG,4210,454,D,ZP,RX,F
14:41:46,TLKM,RG,4210,8,D,ZP,AK,D
14:41:46,TLKM,RG,4210,462,D,ZP,CC,D
14:41:46,TLKM,RG,4210,49,D,ZP,CC,D
14:41:46,TLKM,RG,4210,11,D,ZP,CC,D
14:41:46,TLKM,RG,4210,100,D,ZP,CC,D
14:41:46,TLKM,RG,4210,268,D,ZP,DR,D
14:41:46,TLKM,RG,4210,1,D,ZP,XL,D
14:41:46,TLKM,RG,4210,2,D,ZP,YU,F
14:41:46,TLKM,RG,4210,294,D,ZP,RX,F
14:41:46,TLKM,RG,4210,10,D,ZP,CS,D
14:41:46,TLKM,RG,4210,3,D,ZP,BB,D
14:41:46,TLKM,RG,4210,3,D,ZP,ZP,F
14:41:46,TLKM,RG,4210,8,D,ZP,ZP,F
14:41:46,TLKM,RG,4210,44,D,ZP,ZP,F
14:41:42,TLKM,RG,4200,29,D,GR,PD,D
14:41:40,TLKM,RG,4200,698,D,GR,CC,D
14:41:39,TLKM,RG,4200,1,D,GR,AK,F
14:41:28,TLKM,RG,4200,4,D,GR,XL,D
14:41:25,TLKM,RG,4200,206,D,GR,CC,D
14:41:23,TLKM,RG,4200,1,D,GR,AK,F
14:41:23,TLKM,RG,4200,232,D,GR,CC,D
14:41:13,TLKM,RG,4210,8,D,CC,BK,F
14:41:13,TLKM,RG,4210,23,D,HP,BK,F
14:41:13,TLKM,RG,4210,5,D,YU,BK,F
14:41:13,TLKM,RG,4210,107,F,ZP,BK,F
14:41:13,TLKM,RG,4210,21,D,NI,BK,F
14:41:13,TLKM,RG,4210,1,F,BK,BK,F
14:41:13,TLKM,RG,4210,33,F,RX,BK,F
14:41:13,TLKM,RG,4210,312,F,BK,BK,F
14:41:13,TLKM,RG,4210,2,F,KZ,BK,F
14:41:13,TLKM,RG,4210,1,D,AT,BK,F
14:41:13,TLKM,RG,4210,106,F,ZP,BK,F
14:41:13,TLKM,RG,4210,29,D,XA,BK,F
14:41:13,TLKM,RG,4210,3,D,AK,BK,F
14:41:13,TLKM,RG,4210,1708,D,AK,BK,F
14:41:13,TLKM,RG,4210,84,F,AK,BK,F
14:41:13,TLKM,RG,4210,3,F,KZ,BK,F
14:41:13,TLKM,RG,4210,160,F,CS,BK,F
14:41:13,TLKM,RG,4210,70,D,NI,BK,F
14:41:13,TLKM,RG,4210,1,F,KZ,BK,F
14:41:13,TLKM,RG,4210,1,F,KZ,BK,F
14:41:13,TLKM,RG,4210,1,F,KZ,BK,F
14:41:13,TLKM,RG,4210,2091,F,RX,BK,F
14:41:13,TLKM,RG,4210,10,F,RX,NI,D
14:41:08,TLKM,RG,4210,1,F,RX,YP,D
14:41:08,TLKM,RG,4210,1,F,RX,AK,F
14:41:07,TLKM,RG,4210,1,F,RX,XC,D
14:41:04,TLKM,RG,4210,380,F,RX,RX,F
14:41:03,TLKM,RG,4210,311,F,RX,YU,D
14:41:03,TLKM,RG,4210,7,F,RX,PD,D
14:41:03,TLKM,RG,4210,3,F,BK,PD,D
14:41:02,TLKM,RG,4210,1,F,BK,YP,D
14:41:02,TLKM,RG,4210,75,F,BK,RX,F
14:40:57,TLKM,RG,4210,10,F,BK,XC,D
14:40:56,TLKM,RG,4210,7,F,BK,OD,D
14:40:56,TLKM,RG,4210,9,F,BK,NI,D
14:40:54,TLKM,RG,4210,1,F,BK,AK,F
14:40:53,TLKM,RG,4210,6,F,BK,PD,D
14:40:53,TLKM,RG,4210,20,F,CS,PD,D
14:40:45,TLKM,RG,4210,10,F,CS,GR,D
14:40:35,TLKM,RG,4210,9,F,CS,LG,D
14:40:32,TLKM,RG,4210,1,F,CS,YP,D
14:40:31,TLKM,RG,4210,1,F,CS,CC,D
14:40:31,TLKM,RG,4210,2,F,CS,NI,D
14:40:29,TLKM,RG,4210,25,F,CS,PD,D
14:40:26,TLKM,RG,4210,38,F,CS,ZP,F
14:40:24,TLKM,RG,4210,1,F,CS,AK,F
14:40:21,TLKM,RG,4210,8,F,CS,YB,D
14:40:21,TLKM,RG,4220,5,D,KK,CP,D
14:40:21,TLKM,RG,4210,1,F,CS,PD,D
14:40:20,TLKM,RG,4210,9,F,CS,ZP,F
14:40:19,TLKM,RG,4210,12,F,CS,ZP,F
14:40:19,TLKM,RG,4210,21,D,YP,ZP,F
14:40:19,TLKM,RG,4210,105,F,ZP,ZP,F
14:40:19,TLKM,RG,4210,1,D,ZP,ZP,F
14:40:19,TLKM,RG,4210,1,D,RX,ZP,F
14:40:19,TLKM,RG,4210,71,D,KK,ZP,F
14:40:19,TLKM,RG,4210,121,D,KK,KZ,D
14:40:18,TLKM,RG,4210,5,D,KK,ZP,F
14:40:16,TLKM,RG,4210,7,D,KK,YP,D
14:40:14,TLKM,RG,4210,23,D,KK,KZ,D
14:40:14,TLKM,RG,4210,1,F,KZ,KZ,D
14:40:14,TLKM,RG,4210,98,F,CS,KZ,D
14:40:13,TLKM,RG,4210,5,F,CS,PD,D
14:40:12,TLKM,RG,4210,1,F,CS,PD,D
14:40:10,TLKM,RG,4210,10,F,CS,YB,D
14:40:09,TLKM,RG,4210,1,F,CS,XC,D
14:40:07,TLKM,RG,4210,1,F,CS,PD,D
14:40:06,TLKM,RG,4210,2,F,CS,XC,D
14:40:04,TLKM,RG,4210,2,F,CS,XC,D
14:40:03,TLKM,RG,4210,139,F,CS,YP,D
14:40:03,TLKM,RG,4210,1,F,KZ,YP,D
14:40:03,TLKM,RG,4210,3,F,BK,YP,D
14:40:03,TLKM,RG,4210,217,F,BK,YP,D
14:40:03,TLKM,RG,4210,10,F,BK,CC,D
14:39:43,TLKM,RG,4210,54,F,BK,XC,D
14:39:42,TLKM,RG,4210,250,F,BK,YU,D
14:39:41,TLKM,RG,4210,79,F,BK,YP,D
14:39:41,TLKM,RG,4210,22,F,CS,YP,D
14:39:41,TLKM,RG,4210,86,D,CC,YP,D
14:39:41,TLKM,RG,4210,104,F,ZP,YP,D
14:39:41,TLKM,RG,4210,58,F,ZP,YP,D
14:39:41,TLKM,RG,4210,1,F,ZP,PD,D
14:39:39,TLKM,RG,4210,30,F,ZP,YP,D
14:39:39,TLKM,RG,4210,15,F,ZP,PD,D
14:39:38,TLKM,RG,4210,11,F,AK,CS,D
14:39:37,TLKM,RG,4220,1,F,CS,CP,D
14:39:37,TLKM,RG,4210,2,F,AK,XC,D
14:39:37,TLKM,RG,4210,9,F,AK,AK,D
14:39:37,TLKM,RG,4210,80,F,AK,CC,D
14:39:37,TLKM,RG,4210,84,F,CS,CC,D
14:39:37,TLKM,RG,4210,412,D,ZP,CC,D
14:39:37,TLKM,RG,4210,424,D,ZP,CC,D
14:39:37,TLKM,RG,4210,10,D,ZP,BB,D
14:39:37,TLKM,RG,4210,52,D,ZP,YU,D
14:39:37,TLKM,RG,4210,1,D,ZP,PD,D
14:39:37,TLKM,RG,4210,38,D,ZP,DX,F
14:39:37,TLKM,RG,4210,5,D,ZP,CC,D
14:39:37,TLKM,RG,4210,20,D,ZP,CC,D
14:39:37,TLKM,RG,4210,62,D,ZP,SQ,D
14:39:37,TLKM,RG,4210,5,D,ZP,YP,D
14:39:37,TLKM,RG,4210,68,D,ZP,YU,D
14:39:37,TLKM,RG,4210,8,D,ZP,ZP,F
14:39:37,TLKM,RG,4210,24,D,ZP,XC,D
14:39:37,TLKM,RG,4210,545,D,ZP,CC,D
14:39:37,TLKM,RG,4210,1,D,ZP,YP,D
14:39:37,TLKM,RG,4210,20,D,ZP,PD,D
14:39:37,TLKM,RG,4210,15,D,ZP,OD,D
14:39:37,TLKM,RG,4210,218,D,ZP,CC,D
14:39:37,TLKM,RG,4210,1,D,ZP,XL,D
14:39:37,TLKM,RG,4210,1,D,ZP,XC,D
14:39:37,TLKM,RG,4210,2,D,ZP,XC,D
14:39:37,TLKM,RG,4210,26,D,ZP,DX,F
14:39:37,TLKM,RG,4210,3,D,ZP,YP,D
14:39:37,TLKM,RG,4210,300,D,ZP,PD,D
14:39:37,TLKM,RG,4210,150,D,ZP,KK,D
14:39:37,TLKM,RG,4210,9,D,ZP,ZP,F
14:39:37,TLKM,RG,4210,14,D,ZP,ZP,F
14:39:37,TLKM,RG,4210,225,D,ZP,ZP,F
14:39:37,TLKM,RG,4210,1,D,ZP,PD,D
14:39:37,TLKM,RG,4210,5,D,ZP,NI,D
14:39:37,TLKM,RG,4210,5,D,ZP,PD,D
14:39:37,TLKM,RG,4210,5,D,ZP,SQ,D
14:39:37,TLKM,RG,4210,1,D,ZP,AK,F
14:39:37,TLKM,RG,4210,11,D,ZP,AK,D
14:39:37,TLKM,RG,4210,34,D,ZP,BK,F
14:39:37,TLKM,RG,4210,3,D,ZP,DH,D
14:39:37,TLKM,RG,4210,5,D,ZP,PD,D
14:39:37,TLKM,RG,4210,1,D,ZP,YU,F
14:39:37,TLKM,RG,4210,12,D,ZP,YU,F
14:39:37,TLKM,RG,4210,1,D,ZP,XC,D
14:39:37,TLKM,RG,4210,99,D,ZP,MG,D
14:39:37,TLKM,RG,4210,49,D,ZP,MG,D
14:39:37,TLKM,RG,4210,11,D,ZP,MG,D
14:39:37,TLKM,RG,4210,238,D,ZP,MG,D
14:39:37,TLKM,RG,4210,200,D,ZP,ES,D
14:39:37,TLKM,RG,4210,25,D,ZP,XL,D
14:39:37,TLKM,RG,4210,7,D,ZP,SQ,D
14:39:37,TLKM,RG,4210,1,D,ZP,PD,D
14:39:37,TLKM,RG,4210,24,D,ZP,DP,D
14:39:37,TLKM,RG,4210,238,D,ZP,CC,D
14:39:33,TLKM,RG,4200,1,D,GR,XC,D
14:39:29,TLKM,RG,4200,172,D,GR,CC,D
14:39:23,TLKM,RG,4210,108,F,ZP,CC,D
14:39:21,TLKM,RG,4210,88,D,CC,CC,D
14:39:17,TLKM,RG,4210,66,F,CS,CC,D
14:39:17,TLKM,RG,4210,30,F,CS,DX,F
14:39:17,TLKM,RG,4210,19,F,CS,DX,F
14:39:17,TLKM,RG,4210,6,F,CS,RX,F
14:39:03,TLKM,RG,4200,3,D,GR,DR,D
14:39:03,TLKM,RG,4200,150,D,GR,YU,D
14:38:59,TLKM,RG,4200,2,D,GR,YP,D
14:38:58,TLKM,RG,4200,36,D,GR,DR,D
14:38:55,TLKM,RG,4200,10,D,GR,YP,D
14:38:53,TLKM,RG,4210,106,F,ZP,RX,F
14:38:49,TLKM,RG,4200,15,D,GR,NI,D
14:38:49,TLKM,RG,4210,102,F,CS,RX,F
14:38:44,TLKM,RG,4200,1,D,GR,DR,D
14:38:39,TLKM,RG,4200,229,D,GR,CC,D
14:38:34,TLKM,RG,4210,1,D,YB,RX,F
14:38:30,TLKM,RG,4210,1,D,CC,RX,F
14:38:26,TLKM,RG,4210,3,D,YP,RX,F
14:38:25,TLKM,RG,4200,119,D,GR,DR,D
14:38:25,TLKM,RG,4210,72,F,CS,RX,F
14:38:23,TLKM,RG,4210,3,F,ZP,RX,F
14:38:23,TLKM,RG,4210,1,F,ZP,PD,D
14:38:23,TLKM,RG,4210,30,F,ZP,EP,D
14:38:23,TLKM,RG,4210,10,F,ZP,YP,D
14:38:23,TLKM,RG,4210,65,F,ZP,CC,D
14:38:08,TLKM,RG,4210,40,F,CS,CC,D
14:37:58,TLKM,RG,4210,47,F,CS,CC,D
14:37:52,TLKM,RG,4210,48,F,ZP,CC,D
14:37:52,TLKM,RG,4210,14,F,ZP,YU,F
14:37:52,TLKM,RG,4210,10,F,ZP,NI,D
14:37:52,TLKM,RG,4210,1,F,ZP,YP,D
14:37:52,TLKM,RG,4210,4,F,ZP,AK,F
14:37:52,TLKM,RG,4210,2,F,ZP,ZP,F
14:37:52,TLKM,RG,4210,1,F,ZP,PD,D
14:37:52,TLKM,RG,4210,10,F,ZP,YP,D
14:37:52,TLKM,RG,4210,1,F,ZP,PD,D
14:37:52,TLKM,RG,4210,15,F,ZP,BK,F
14:37:51,TLKM,RG,4210,5,D,BQ,BK,F
14:37:51,TLKM,RG,4200,20,D,GR,DH,D
14:37:47,TLKM,RG,4210,15,F,CS,BK,F
14:37:47,TLKM,RG,4210,20,F,CS,DH,D
14:37:47,TLKM,RG,4210,5,F,CS,YP,D
14:37:38,TLKM,RG,4210,68,F,CS,YP,D
14:37:29,TLKM,RG,4210,10,D,CC,YP,D
14:37:29,TLKM,RG,4200,6,D,GR,PD,D
14:37:22,TLKM,RG,4210,21,F,CS,YP,D
14:37:22,TLKM,RG,4210,106,F,ZP,YP,D
14:37:18,TLKM,RG,4200,1,D,GR,AK,F
14:37:17,TLKM,RG,4210,54,F,CS,YP,D
14:37:17,TLKM,RG,4210,736,F,AK,YP,D
14:37:17,TLKM,RG,4210,32,F,AK,CS,D
14:37:17,TLKM,RG,4210,4,F,AK,ZP,F
14:37:17,TLKM,RG,4210,17,F,AK,ZP,F
14:37:17,TLKM,RG,4210,139,F,AK,ZP,F
14:37:17,TLKM,RG,4210,5,F,AK,CS,D
14:37:17,TLKM,RG,4210,72,F,AK,CS,D
14:37:17,TLKM,RG,4210,897,F,AK,FS,D
14:37:17,TLKM,RG,4210,1,F,KZ,FS,D
14:37:17,TLKM,RG,4210,5,D,CC,FS,D
14:37:15,TLKM,RG,4210,87,D,CC,FS,D
14:37:11,TLKM,RG,4210,2,D,CC,FS,D
14:37:04,TLKM,RG,4210,57,F,CS,FS,D
14:37:04,TLKM,RG,4210,308,D,OD,FS,D
14:37:04,TLKM,RG,4210,10,D,OD,ZP,D
14:37:04,TLKM,RG,4210,2,D,OD,CC,D
14:37:04,TLKM,RG,4210,15,D,OD,NI,D
14:37:04,TLKM,RG,4210,1,D,OD,NI,D
14:37:04,TLKM,RG,4210,190,D,OD,CC,D
14:37:04,TLKM,RG,4210,2,D,OD,PD,D
14:37:04,TLKM,RG,4210,217,D,OD,CC,D
14:37:04,TLKM,RG,4210,4,D,OD,YU,F
14:37:04,TLKM,RG,4210,2,D,OD,YU,F
14:37:04,TLKM,RG,4210,7,D,OD,YU,F
14:37:04,TLKM,RG,4210,14,D,OD,AK,D
14:37:04,TLKM,RG,4210,1,D,OD,EP,D
14:37:04,TLKM,RG,4210,304,D,OD,DR,D
14:37:02,TLKM,RG,4200,209,D,GR,YU,D
14:37:01,TLKM,RG,4200,106,D,GR,YU,D
14:36:55,TLKM,RG,4210,1,F,KZ,DR,D
14:36:55,TLKM,RG,4210,4,F,KZ,DR,D
14:36:52,TLKM,RG,4210,102,F,ZP,DR,D
14:36:52,TLKM,RG,4210,1,F,KZ,DR,D
14:36:52,TLKM,RG,4210,1,F,KZ,DR,D
14:36:52,TLKM,RG,4210,1,F,KZ,DR,D
14:36:52,TLKM,RG,4210,1,F,KZ,DR,D
14:36:52,TLKM,RG,4210,1,F,KZ,DR,D
14:36:52,TLKM,RG,4210,1,F,KZ,DR,D
14:36:49,TLKM,RG,4210,79,F,CS,DR,D
14:36:49,TLKM,RG,4200,8,F,CS,YP,D
14:36:46,TLKM,RG,4210,2,D,YP,DR,D
14:36:44,TLKM,RG,4200,23,F,CS,CC,D
14:36:27,TLKM,RG,4200,1,F,CS,XC,D
14:36:24,TLKM,RG,4200,23,F,CS,PD,D
14:36:24,TLKM,RG,4200,1,D,NI,PD,D
14:36:24,TLKM,RG,4200,6,F,CS,PD,D
14:36:21,TLKM,RG,4210,102,F,ZP,DR,D
14:36:20,TLKM,RG,4210,100,D,YP,DR,D
14:36:18,TLKM,RG,4210,43,F,CS,DR,D
14:36:15,TLKM,RG,4210,24,D,DH,DR,D
14:36:10,TLKM,RG,4210,1,D,XC,DR,D
14:36:09,TLKM,RG,4200,20,F,CS,DH,D
14:36:03,TLKM,RG,4210,1,F,CS,DR,D
14:36:03,TLKM,RG,4210,212,F,AK,DR,D
14:36:03,TLKM,RG,4210,45,F,CS,DR,D
14:36:03,TLKM,RG,4210,184,F,AK,DR,D
14:36:03,TLKM,RG,4210,926,F,AK,YP,D
14:36:03,TLKM,RG,4210,412,D,ZP,YP,D
14:36:03,TLKM,RG,4210,1162,D,ZP,YP,D
14:36:03,TLKM,RG,4210,5,D,ZP,CC,D
14:36:03,TLKM,RG,4210,1,D,ZP,PD,D
14:36:03,TLKM,RG,4210,8,D,ZP,XC,D
14:36:03,TLKM,RG,4210,2,D,ZP,ZP,F
14:36:03,TLKM,RG,4210,35,D,ZP,BB,D
14:36:03,TLKM,RG,4210,362,D,ZP,EP,D
14:36:03,TLKM,RG,4210,480,D,ZP,CC,F
14:36:03,TLKM,RG,4210,1,D,ZP,YP,D
14:36:03,TLKM,RG,4210,18,D,ZP,YU,F
14:36:03,TLKM,RG,4210,1,D,ZP,CC,D
14:36:03,TLKM,RG,4210,198,D,ZP,YU,F
14:36:03,TLKM,RG,4210,5,D,ZP,AK,F
14:36:03,TLKM,RG,4210,10,D,ZP,AK,F
14:36:03,TLKM,RG,4210,15,D,ZP,AK,D
14:36:03,TLKM,RG,4210,83,D,ZP,DX,F
14:36:03,TLKM,RG,4210,44,D,ZP,GR,D
14:36:03,TLKM,RG,4210,49,D,ZP,GR,D
14:36:03,TLKM,RG,4210,11,D,ZP,GR,D
14:36:03,TLKM,RG,4210,733,D,ZP,GR,D
14:35:48,TLKM,RG,4200,5,F,CS,DP,D
14:35:40,TLKM,RG,4200,5,F,CS,XC,D
14:35:34,TLKM,RG,4200,8,F,CS,YP,D
14:35:34,TLKM,RG,4210,519,D,ZP,GR,D
14:35:34,TLKM,RG,4210,189,D,ZP,DX,F
14:35:34,TLKM,RG,4210,121,D,ZP,DX,F
14:35:34,TLKM,RG,4210,20,D,ZP,AG,D
14:35:34,TLKM,RG,4210,96,D,ZP,BK,F
14:35:34,TLKM,RG,4210,84,D,ZP,RX,F
14:35:34,TLKM,RG,4210,136,D,ZP,RX,F
14:35:34,TLKM,RG,4210,805,D,ZP,KZ,D
14:35:34,TLKM,RG,4210,23,D,ZP,ZP,F
14:35:34,TLKM,RG,4210,4852,D,ZP,CC,F
14:35:34,TLKM,RG,4210,259,D,ZP,CC,D
14:35:34,TLKM,RG,4210,124,D,ZP,CC,D
14:35:34,TLKM,RG,4210,27,D,ZP,CC,D
14:35:34,TLKM,RG,4210,242,D,ZP,CC,D
14:35:34,TLKM,RG,4210,23,D,ZP,CS,D
14:35:34,TLKM,RG,4210,5,D,ZP,DR,D
14:35:34,TLKM,RG,4210,17,D,ZP,DP,D
14:35:34,TLKM,RG,4210,18,D,ZP,YU,F
14:35:34,TLKM,RG,4210,238,D,ZP,CC,D
14:35:34,TLKM,RG,4210,197,D,ZP,CC,D
14:35:34,TLKM,RG,4210,526,D,ZP,CC,D
14:35:34,TLKM,RG,4210,317,D,ZP,CC,D
14:35:34,TLKM,RG,4210,60,D,ZP,DR,D
14:35:34,TLKM,RG,4210,71,D,ZP,BB,D
14:35:34,TLKM,RG,4210,9,D,ZP,ZP,F
14:35:34,TLKM,RG,4210,25,D,ZP,ZP,F
14:35:34,TLKM,RG,4210,49,D,ZP,ZP,F
14:35:34,TLKM,RG,4210,34,D,ZP,CS,D
14:35:18,TLKM,RG,4200,1,F,CS,PD,D
14:35:17,TLKM,RG,4200,95,F,CS,YP,D
14:35:17,TLKM,RG,4200,5,D,AK,YP,D
14:35:16,TLKM,RG,4210,709,D,AK,AK,F
14:35:16,TLKM,RG,4210,774,D,AK,AK,F
14:35:15,TLKM,RG,4210,7,F,KZ,AK,F
14:35:15,TLKM,RG,4210,4,D,AK,AK,F
14:35:15,TLKM,RG,4210,1,D,AK,AK,F
14:35:15,TLKM,RG,4210,688,D,AK,AK,F
14:35:15,TLKM,RG,4210,6,D,AK,CS,D
14:35:15,TLKM,RG,4210,73,D,AK,BK,F
14:35:15,TLKM,RG,4210,2,D,YP,BK,F
14:35:15,TLKM,RG,4210,1,D,SQ,BK,F
14:35:15,TLKM,RG,4210,2731,D,ZP,BK,F
14:35:15,TLKM,RG,4210,750,F,CS,BK,F
14:35:15,TLKM,RG,4210,15,F,AK,BK,F
14:35:15,TLKM,RG,4210,1,F,KZ,BK,F
14:35:15,TLKM,RG,4210,1,D,PD,BK,F
14:35:15,TLKM,RG,4210,2,D,NI,BK,F
14:35:15,TLKM,RG,4210,1,F,KZ,BK,F
14:35:15,TLKM,RG,4210,107,F,ZP,BK,F
14:35:15,TLKM,RG,4210,2,D,XC,BK,F
14:35:15,TLKM,RG,4210,1,D,PD,BK,F
14:35:15,TLKM,RG,4210,1,D,PD,BK,F
14:35:15,TLKM,RG,4210,104,F,ZP,BK,F
14:35:15,TLKM,RG,4210,500,D,YB,BK,F
14:35:15,TLKM,RG,4210,2,D,GR,BK,F
14:35:15,TLKM,RG,4210,1,D,XC,BK,F
14:35:15,TLKM,RG,4210,15,D,HP,BK,F
14:35:15,TLKM,RG,4210,2,D,PD,BK,F
14:35:15,TLKM,RG,4210,1,D,NI,BK,F
14:35:15,TLKM,RG,4210,1,D,CC,BK,F
14:35:15,TLKM,RG,4210,200,D,CC,BK,F
14:35:15,TLKM,RG,4210,3,D,AK,BK,F
14:35:15,TLKM,RG,4210,483,D,AK,BK,F
14:35:15,TLKM,RG,4210,9,D,AK,YU,F
14:35:15,TLKM,RG,4210,535,D,AK,BK,F
14:35:15,TLKM,RG,4210,2,D,SQ,BK,F
14:35:15,TLKM,RG,4210,19,F,AK,BK,F
14:35:15,TLKM,RG,4210,257,F,CS,BK,F
14:35:15,TLKM,RG,4210,4187,F,RX,BK,F
14:35:14,TLKM,RG,4210,447,F,RX,CC,D
14:35:14,TLKM,RG,4210,118,F,RX,CC,D
14:35:13,TLKM,RG,4210,1,F,RX,ZP,F
14:35:13,TLKM,RG,4220,90,D,CC,CP,D
14:35:11,TLKM,RG,4210,35,F,RX,AZ,D
14:35:11,TLKM,RG,4210,20,D,CC,AZ,D
14:35:11,TLKM,RG,4210,264,F,CS,AZ,D
14:35:11,TLKM,RG,4210,8,F,KZ,AZ,D
14:35:11,TLKM,RG,4210,2,D,AK,AZ,D
14:35:11,TLKM,RG,4210,1,D,AK,AZ,D
14:35:11,TLKM,RG,4210,4,D,AK,AZ,D
14:35:11,TLKM,RG,4210,166,D,AK,AZ,D
14:35:11,TLKM,RG,4220,65,F,RX,CP,D
14:35:06,TLKM,RG,4210,1,D,AK,XC,D
14:35:03,TLKM,RG,4210,292,D,AK,YU,D
14:35:02,TLKM,RG,4220,68,F,RX,CP,D
14:34:56,TLKM,RG,4210,9,D,AK,YP,D
14:34:56,TLKM,RG,4210,1,D,AK,PD,D
14:34:54,TLKM,RG,4220,10,D,PD,CP,D
14:34:51,TLKM,RG,4210,20,D,AK,NI,D
14:34:51,TLKM,RG,4220,103,F,ZP,CP,D
14:34:49,TLKM,RG,4210,61,D,AK,NI,D
14:34:49,TLKM,RG,4210,328,D,AK,NI,D
14:34:46,TLKM,RG,4210,2,D,AK,AT,D
14:34:42,TLKM,RG,4210,17,D,AK,CC,D
14:34:42,TLKM,RG,4210,200,D,AK,YP,D
14:34:41,TLKM,RG,4210,13,D,AK,BQ,D
14:34:39,TLKM,RG,4210,29,D,AK,YU,F
14:34:39,TLKM,RG,4210,216,D,AK,BK,F
14:34:39,TLKM,RG,4210,503,D,AK,BK,F
14:34:39,TLKM,RG,4210,34,F,AK,BK,F
14:34:39,TLKM,RG,4210,24,F,AK,BK,F
14:34:39,TLKM,RG,4210,18,F,AK,BK,F
14:34:39,TLKM,RG,4210,1,D,RX,BK,F
14:34:39,TLKM,RG,4210,1,D,PD,BK,F
14:34:39,TLKM,RG,4210,500,D,YB,BK,F
14:34:39,TLKM,RG,4210,441,F,BK,BK,F
14:34:39,TLKM,RG,4210,515,F,CS,BK,F
14:34:39,TLKM,RG,4210,48,F,RX,BK,F
14:34:39,TLKM,RG,4210,2490,F,CS,BK,F
14:34:39,TLKM,RG,4210,25,D,YB,BK,F
14:34:39,TLKM,RG,4210,184,F,BK,BK,F
14:34:38,TLKM,RG,4210,1049,F,BK,YP,D
14:34:38,TLKM,RG,4210,1,F,KZ,YP,D
14:34:38,TLKM,RG,4210,5,F,KZ,YP,D
14:34:38,TLKM,RG,4210,66,F,AK,YP,D
14:34:38,TLKM,RG,4210,27,D,ZP,YP,D
14:34:38,TLKM,RG,4210,3040,D,ZP,YP,D
14:34:38,TLKM,RG,4210,812,D,ZP,YP,D
14:34:34,TLKM,RG,4210,2,D,ZP,CC,D
14:34:33,TLKM,RG,4210,221,D,ZP,CC,D
14:34:25,TLKM,RG,4220,88,F,BK,CP,D
14:34:25,TLKM,RG,4220,381,F,CS,CP,D
14:34:24,TLKM,RG,4220,1,D,ZP,CP,D
14:34:21,TLKM,RG,4210,111,D,ZP,YP,D
14:34:20,TLKM,RG,4220,102,F,ZP,CP,D
14:34:16,TLKM,RG,4210,1,D,ZP,NI,D
14:34:15,TLKM,RG,4210,12,D,ZP,DP,D
14:34:12,TLKM,RG,4210,9,D,ZP,YP,D
14:34:09,TLKM,RG,4210,6,D,ZP,PD,D
14:34:09,TLKM,RG,4220,62,F,BK,CP,D
14:34:09,TLKM,RG,4210,221,D,ZP,CC,D
14:34:05,TLKM,RG,4210,20,D,ZP,MG,D
14:34:02,TLKM,RG,4220,19,F,RX,CP,D
14:34:02,TLKM,RG,4220,8,F,RX,PD,D
14:34:00,TLKM,RG,4220,3,D,AK,PD,D
14:33:59,TLKM,RG,4210,6,D,ZP,XC,D
14:33:52,TLKM,RG,4210,10,D,ZP,YP,D
14:33:52,TLKM,RG,4220,6,F,BK,PD,D
14:33:52,TLKM,RG,4220,6,F,BK,XL,D
14:33:52,TLKM,RG,4220,5,F,BK,XC,D
14:33:52,TLKM,RG,4220,2,F,BK,PD,D
14:33:52,TLKM,RG,4220,1,F,BK,EL,D
14:33:52,TLKM,RG,4220,1,F,BK,XL,D
14:33:52,TLKM,RG,4220,2,F,BK,CC,D
14:33:52,TLKM,RG,4220,1,F,BK,PD,D
14:33:52,TLKM,RG,4220,54,F,BK,XL,D
14:33:50,TLKM,RG,4220,46,F,ZP,XL,D
14:33:50,TLKM,RG,4220,20,F,ZP,OD,D
14:33:50,TLKM,RG,4220,10,F,ZP,XC,D
14:33:50,TLKM,RG,4220,12,F,ZP,XC,D
14:33:50,TLKM,RG,4220,1,F,ZP,NI,D
14:33:50,TLKM,RG,4220,5,F,ZP,LG,D
14:33:50,TLKM,RG,4220,1,F,ZP,XC,D
14:33:50,TLKM,RG,4220,2,F,ZP,GR,D
14:33:50,TLKM,RG,4220,5,F,ZP,NI,D
14:33:48,TLKM,RG,4210,1000,D,ZP,PD,D
14:33:46,TLKM,RG,4210,1,D,ZP,KK,D
14:33:46,TLKM,RG,4210,1,D,ZP,XC,D
14:33:44,TLKM,RG,4210,3,D,ZP,NI,D
14:33:42,TLKM,RG,4210,50,D,ZP,PD,D
14:33:41,TLKM,RG,4210,10,D,ZP,PD,D
14:33:34,TLKM,RG,4210,1,D,ZP,XC,D
14:33:30,TLKM,RG,4220,10,D,AK,NI,D
14:33:30,TLKM,RG,4220,1,D,AK,XC,D
14:33:30,TLKM,RG,4220,50,D,AK,AZ,D
14:33:30,TLKM,RG,4220,1,D,AK,OD,D
14:33:30,TLKM,RG,4220,1,D,AK,XC,D
14:33:30,TLKM,RG,4220,10,D,AK,XC,D
14:33:30,TLKM,RG,4220,2,D,AK,KK,D
14:33:30,TLKM,RG,4220,1,D,AK,PD,D
14:33:30,TLKM,RG,4220,2,D,AK,XC,D
14:33:30,TLKM,RG,4220,1,D,AK,PD,D
14:33:30,TLKM,RG,4220,5,D,AK,XC,D
14:33:30,TLKM,RG,4220,8,D,AK,XC,D
14:33:30,TLKM,RG,4220,4,D,AK,XC,D
14:33:30,TLKM,RG,4220,30,D,AK,XC,D
14:33:30,TLKM,RG,4220,7,D,AK,NI,D
14:33:30,TLKM,RG,4220,1,D,AK,NI,D
14:33:30,TLKM,RG,4220,118,D,AK,LG,D
14:33:30,TLKM,RG,4220,1,D,AK,EP,D
14:33:30,TLKM,RG,4220,1,D,AK,PD,D
14:33:30,TLKM,RG,4220,11,D,AK,XC,D
14:33:30,TLKM,RG,4220,150,D,AK,GR,D
14:33:30,TLKM,RG,4220,6,D,AK,NI,D
14:33:30,TLKM,RG,4220,3,D,AK,CC,D
14:33:30,TLKM,RG,4220,15,D,AK,XC,D
14:33:30,TLKM,RG,4220,22,D,AK,YP,D
14:33:30,TLKM,RG,4220,5,D,AK,NI,D
14:33:30,TLKM,RG,4220,20,D,AK,CC,D
14:33:30,TLKM,RG,4220,7,D,AK,XL,D
14:33:30,TLKM,RG,4220,8,F,AK,XL,D
14:33:30,TLKM,RG,4220,1,F,AK,YB,D
14:33:30,TLKM,RG,4220,2,F,AK,YP,D
14:33:30,TLKM,RG,4220,1,F,AK,OD,D
14:33:30,TLKM,RG,4220,5,F,AK,YP,D
14:33:28,TLKM,RG,4220,1,F,BK,YP,D
14:33:28,TLKM,RG,4220,20,F,BK,PD,D
14:33:28,TLKM,RG,4220,25,F,BK,KK,D
14:33:28,TLKM,RG,4220,2,F,BK,XC,D
14:33:28,TLKM,RG,4220,1,F,BK,DR,D
14:33:28,TLKM,RG,4220,1,F,BK,AO,D
14:33:28,TLKM,RG,4220,1,F,BK,XC,D
14:33:28,TLKM,RG,4220,2,F,BK,YP,D
14:33:28,TLKM,RG,4220,3,F,BK,PD,D
14:33:28,TLKM,RG,4220,5,F,BK,XC,D
14:33:28,TLKM,RG,4220,6,F,BK,XC,D
14:33:28,TLKM,RG,4220,10,F,BK,CC,D
14:33:28,TLKM,RG,4220,25,F,BK,KK,D
14:33:23,TLKM,RG,4210,3,D,ZP,PD,D
14:33:23,TLKM,RG,4210,23,D,ZP,XC,D
14:33:22,TLKM,RG,4210,100,D,ZP,PD,D
14:33:20,TLKM,RG,4210,100,D,ZP,YP,D
14:33:13,TLKM,RG,4220,1,D,NI,XL,D
14:33:13,TLKM,RG,4220,1,D,PD,XL,D
14:33:12,TLKM,RG,4220,9,F,BK,XL,D
14:33:12,TLKM,RG,4220,33,F,BK,KK,D
14:33:12,TLKM,RG,4220,10,F,BK,SQ,D
14:33:12,TLKM,RG,4220,2,F,BK,XC,D
14:33:12,TLKM,RG,4220,4,F,BK,XC,D
14:33:07,TLKM,RG,4210,7,D,ZP,CC,D
14:33:07,TLKM,RG,4210,94,D,CC,CC,D
14:33:07,TLKM,RG,4210,105,F,ZP,CC,D
14:33:07,TLKM,RG,4210,9,F,KZ,CC,D
14:33:07,TLKM,RG,4210,1,F,KZ,CC,D
14:33:07,TLKM,RG,4210,1,F,KZ,CC,D
14:33:07,TLKM,RG,4210,1,F,KZ,CC,D
14:33:07,TLKM,RG,4210,2,F,KZ,CC,D
14:33:07,TLKM,RG,4210,1,F,KZ,CC,D
14:33:07,TLKM,RG,4210,14,F,ZP,CC,D
14:33:04,TLKM,RG,4210,1,F,ZP,XC,D
14:33:00,TLKM,RG,4210,5,F,ZP,NI,D
14:33:00,TLKM,RG,4220,2,D,AK,XC,D
14:32:58,TLKM,RG,4210,5,F,ZP,PD,D
14:32:57,TLKM,RG,4220,21,F,BK,XC,D
14:32:57,TLKM,RG,4220,39,F,BK,CC,D
14:32:55,TLKM,RG,4210,1,F,ZP,XL,D
14:32:55,TLKM,RG,4220,61,F,CS,CC,D
14:32:55,TLKM,RG,4220,1,F,CS,PD,D
14:32:55,TLKM,RG,4220,90,F,CS,AZ,D
14:32:55,TLKM,RG,4220,1,F,CS,NI,D
14:32:55,TLKM,RG,4220,187,F,CS,OD,D
14:32:54,TLKM,RG,4210,4,F,ZP,PD,D
14:32:52,TLKM,RG,4210,20,F,ZP,NI,D
14:32:47,TLKM,RG,4210,1,F,ZP,PD,D
14:32:42,TLKM,RG,4210,10,F,ZP,KK,D
14:32:42,TLKM,RG,4210,1,F,ZP,YP,D
14:32:42,TLKM,RG,4220,50,F,BK,OD,D
14:32:41,TLKM,RG,4210,2,F,ZP,YP,D
14:32:35,TLKM,RG,4210,2,F,ZP,XL,D
14:32:34,TLKM,RG,4210,2,F,ZP,NI,D
14:32:29,TLKM,RG,4220,63,F,BK,OD,D
14:32:21,TLKM,RG,4210,2,F,ZP,YP,D
14:32:19,TLKM,RG,4220,105,F,ZP,OD,D
14:32:11,TLKM,RG,4210,2,F,ZP,CC,D
14:32:10,TLKM,RG,4210,1,F,ZP,NI,D
14:32:10,TLKM,RG,4210,1,F,ZP,GR,D
14:32:00,TLKM,RG,4220,24,F,AK,OD,D
14:31:57,TLKM,RG,4220,96,F,BK,OD,D
14:31:55,TLKM,RG,4220,52,F,RX,OD,D
14:31:49,TLKM,RG,4220,110,F,ZP,OD,D
14:31:47,TLKM,RG,4220,58,F,RX,OD,D
14:31:45,TLKM,RG,4220,25,D,AK,OD,D
14:31:45,TLKM,RG,4220,200,D,AK,AR,D
14:31:45,TLKM,RG,4220,10,D,AK,YB,D
14:31:45,TLKM,RG,4220,1,D,AK,XL,D
14:31:45,TLKM,RG,4220,5,D,AK,YP,D
14:31:45,TLKM,RG,4220,5,D,AK,CC,D
14:31:45,TLKM,RG,4220,27,D,AK,XL,D
14:31:45,TLKM,RG,4220,1,D,AK,NI,D
14:31:45,TLKM,RG,4220,24,D,AK,YP,D
14:31:45,TLKM,RG,4220,1,D,AK,XL,D
14:31:45,TLKM,RG,4220,1,D,AK,OD,D
14:31:45,TLKM,RG,4220,1,D,AK,NI,D
14:31:45,TLKM,RG,4220,10,D,AK,KK,D
14:31:45,TLKM,RG,4220,81,D,AK,KK,D
14:31:45,TLKM,RG,4220,5,D,AK,XC,D
14:31:45,TLKM,RG,4220,1,D,AK,PD,D
14:31:45,TLKM,RG,4220,50,D,AK,NI,D
14:31:45,TLKM,RG,4220,7,D,AK,YP,D
14:31:45,TLKM,RG,4220,10,D,AK,XL,D
14:31:45,TLKM,RG,4220,45,D,AK,SQ,D
14:31:45,TLKM,RG,4220,1,D,AK,PD,D
14:31:45,TLKM,RG,4220,100,D,AK,YP,D
14:31:45,TLKM,RG,4220,100,D,AK,GR,D
14:31:45,TLKM,RG,4220,5,D,AK,PD,D
14:31:45,TLKM,RG,4220,3,D,AK,PD,D
14:31:45,TLKM,RG,4220,1,D,AK,PD,D
14:31:45,TLKM,RG,4220,50,D,AK,CC,D
14:31:45,TLKM,RG,4220,1,D,AK,YP,D
14:31:45,TLKM,RG,4220,3,D,AK,XL,D
14:31:45,TLKM,RG,4220,1,D,AK,YP,D
14:31:45,TLKM,RG,4220,1,D,AK,YP,D
14:31:45,TLKM,RG,4220,5,D,AK,PD,D
14:31:45,TLKM,RG,4220,1,D,AK,NI,D
14:31:45,TLKM,RG,4220,10,D,AK,CC,D
14:31:45,TLKM,RG,4220,3,D,AK,XC,D
14:31:45,TLKM,RG,4220,5,D,AK,YP,D
14:31:43,TLKM,RG,4220,1,F,RX,YP,D
14:31:43,TLKM,RG,4220,2,F,RX,YP,D
14:31:43,TLKM,RG,4220,25,F,RX,XL,D
14:31:43,TLKM,RG,4220,1,F,RX,PD,D
14:31:43,TLKM,RG,4220,3,F,RX,XC,D
14:31:38,TLKM,RG,4220,21,F,RX,XC,D
14:31:38,TLKM,RG,4220,15,F,RX,PD,D
14:31:38,TLKM,RG,4220,1,F,RX,SQ,D
14:31:38,TLKM,RG,4220,20,F,RX,PD,D
14:31:38,TLKM,RG,4220,605,F,RX,CC,D
14:31:38,TLKM,RG,4220,5,F,RX,OD,D
14:31:38,TLKM,RG,4220,5,F,RX,XC,D
14:31:38,TLKM,RG,4220,2,F,RX,KK,D
14:31:38,TLKM,RG,4220,12,F,RX,PD,D
14:31:38,TLKM,RG,4220,4,F,RX,PD,D
14:31:38,TLKM,RG,4220,8,F,RX,XC,D
14:31:38,TLKM,RG,4220,1,F,RX,KK,D
14:31:38,TLKM,RG,4220,1,F,RX,GR,D
14:31:38,TLKM,RG,4220,20,F,RX,OD,D
14:31:38,TLKM,RG,4220,187,F,RX,AG,F
14:31:38,TLKM,RG,4220,10,F,RX,SQ,D
14:31:38,TLKM,RG,4220,2,F,RX,XA,D
14:31:38,TLKM,RG,4220,10,F,RX,OD,D
14:31:38,TLKM,RG,4220,2,F,RX,ZP,D
14:31:38,TLKM,RG,4220,1,F,RX,XC,D
14:31:38,TLKM,RG,4220,32,F,RX,ZP,D
14:31:38,TLKM,RG,4220,1,F,RX,XC,D
14:31:38,TLKM,RG,4220,3,F,RX,GR,D
14:31:38,TLKM,RG,4220,75,F,RX,DH,D
14:31:38,TLKM,RG,4220,2,F,RX,YP,D
14:31:38,TLKM,RG,4220,10,F,RX,NI,D
14:31:38,TLKM,RG,4220,3,F,RX,XC,D
14:31:38,TLKM,RG,4220,10,F,RX,XC,D
14:31:38,TLKM,RG,4220,25,F,RX,GR,D
14:31:38,TLKM,RG,4220,8,F,RX,YP,D
14:31:38,TLKM,RG,4220,5,F,RX,CC,D
14:31:38,TLKM,RG,4220,2,F,RX,PD,D
14:31:38,TLKM,RG,4220,64,F,RX,AT,D
14:31:38,TLKM,RG,4220,14,F,RX,NI,D
14:31:37,TLKM,RG,4220,55,F,BK,NI,D
14:31:36,TLKM,RG,4220,16,F,RX,NI,D
14:31:36,TLKM,RG,4210,5,F,ZP,YU,F
14:31:35,TLKM,RG,4210,25,F,ZP,PD,D
14:31:35,TLKM,RG,4210,11,F,AK,YU,F
14:31:35,TLKM,RG,4220,15,F,CS,NI,D
14:31:35,TLKM,RG,4220,2,F,CS,PD,D
14:31:35,TLKM,RG,4220,3,F,CS,KK,D
14:31:35,TLKM,RG,4210,15,F,AK,CC,D
14:31:35,TLKM,RG,4210,6,F,AK,AK,F
14:31:35,TLKM,RG,4210,18,F,AK,YU,F
14:31:35,TLKM,RG,4210,5,F,AK,AK,F
14:31:35,TLKM,RG,4210,2,F,AK,YP,D
14:31:35,TLKM,RG,4210,4,F,AK,XC,D
14:31:35,TLKM,RG,4210,2,F,AK,XL,D
14:31:35,TLKM,RG,4210,555,F,AK,KK,D
14:31:35,TLKM,RG,4210,18,F,AK,AK,D
14:31:35,TLKM,RG,4210,5,F,AK,CC,D
14:31:35,TLKM,RG,4210,6,F,AK,XC,D
14:31:35,TLKM,RG,4210,45,F,AK,YU,D
14:31:35,TLKM,RG,4210,5,F,AK,XC,D
14:31:35,TLKM,RG,4210,66,F,AK,YU,D
14:31:35,TLKM,RG,4210,5,F,AK,DH,D
14:31:35,TLKM,RG,4210,25,F,AK,DR,D
14:31:35,TLKM,RG,4210,1,F,AK,XC,D
14:31:35,TLKM,RG,4210,75,F,AK,RX,F
14:31:35,TLKM,RG,4210,78,F,AK,DX,F
14:31:35,TLKM,RG,4210,316,F,AK,CC,D
14:31:35,TLKM,RG,4210,15,F,AK,XC,D
14:31:35,TLKM,RG,4210,1,F,AK,GR,D
14:31:35,TLKM,RG,4210,66,F,AK,YU,F
14:31:35,TLKM,RG,4210,211,F,AK,CC,D
14:31:35,TLKM,RG,4210,42,F,AK,BK,F
14:31:35,TLKM,RG,4210,212,F,AK,CC,D
14:31:35,TLKM,RG,4210,20,F,AK,OD,D
14:31:35,TLKM,RG,4210,69,F,AK,DX,F
14:31:35,TLKM,RG,4210,5,F,AK,NI,D
14:31:35,TLKM,RG,4210,20,F,AK,DX,F
14:31:35,TLKM,RG,4210,1,F,AK,ZP,D
14:31:35,TLKM,RG,4210,427,F,AK,ZP,F
14:31:35,TLKM,RG,4210,8,F,AK,ZP,F
14:31:35,TLKM,RG,4210,20,F,AK,SQ,D
14:31:35,TLKM,RG,4210,466,F,AK,DR,D
14:31:35,TLKM,RG,4210,3,F,AK,KK,D
14:31:35,TLKM,RG,4210,1,F,AK,AT,D
14:31:35,TLKM,RG,4210,1,F,AK,XL,D
14:31:35,TLKM,RG,4210,24,F,AK,PD,D
14:31:35,TLKM,RG,4210,5,F,AK,YP,D
14:31:35,TLKM,RG,4210,77,F,AK,YP,D
14:31:35,TLKM,RG,4210,13,F,CS,YP,D
14:31:35,TLKM,RG,4210,23,F,CS,PD,D
14:31:35,TLKM,RG,4210,1,F,CS,YP,D
14:31:35,TLKM,RG,4210,32,F,CS,DX,F
14:31:35,TLKM,RG,4210,104,F,CS,ZP,F
14:31:35,TLKM,RG,4210,10,F,CS,CC,D
14:31:35,TLKM,RG,4210,30,F,CS,DX,F
14:31:35,TLKM,RG,4210,103,F,CS,ZP,F
14:31:35,TLKM,RG,4210,50,F,CS,CC,D
14:31:35,TLKM,RG,4210,80,F,CS,SQ,D
14:31:35,TLKM,RG,4210,70,F,CS,CC,D
14:31:35,TLKM,RG,4210,81,F,CS,YU,D
14:31:35,TLKM,RG,4210,7,F,CS,YU,D
14:31:35,TLKM,RG,4210,99,F,CS,YU,D
14:31:35,TLKM,RG,4210,25,F,CS,SQ,D
14:31:35,TLKM,RG,4210,50,F,CS,PD,D
14:31:35,TLKM,RG,4210,5,F,CS,XC,D
14:31:35,TLKM,RG,4210,15,F,CS,DX,F
14:31:35,TLKM,RG,4210,60,F,CS,DX,F
14:31:35,TLKM,RG,4210,5,F,CS,NI,D
14:31:35,TLKM,RG,4210,50,F,CS,PD,D
14:31:35,TLKM,RG,4210,5,F,CS,NI,D
14:31:35,TLKM,RG,4210,2,F,CS,CC,D
14:31:35,TLKM,RG,4210,58,F,CS,YU,F
14:31:35,TLKM,RG,4210,28,F,CS,YU,F
14:31:35,TLKM,RG,4210,14,F,CS,XC,D
14:31:35,TLKM,RG,4210,5,F,CS,XL,D
14:31:35,TLKM,RG,4210,7,F,CS,XC,D
14:31:35,TLKM,RG,4210,1,F,CS,XC,D
14:31:35,TLKM,RG,4210,52,F,CS,DX,F
14:31:35,TLKM,RG,4210,9,F,CS,CS,D
14:31:35,TLKM,RG,4210,26,F,CS,CS,D
14:31:35,TLKM,RG,4210,1,F,CS,XC,D
14:31:35,TLKM,RG,4210,52,F,CS,PD,D
14:31:35,TLKM,RG,4210,48,D,OD,PD,D
14:31:35,TLKM,RG,4210,21,D,OD,AK,D
14:31:35,TLKM,RG,4210,1,D,OD,XC,D
14:31:35,TLKM,RG,4210,5,D,OD,PD,D
14:31:35,TLKM,RG,4210,1055,D,OD,KZ,D
14:31:35,TLKM,RG,4210,5,D,OD,PD,D
14:31:35,TLKM,RG,4210,1,D,OD,NI,D
14:31:35,TLKM,RG,4210,137,D,OD,YU,D
14:31:35,TLKM,RG,4210,53,D,OD,YU,D
14:31:35,TLKM,RG,4210,62,D,OD,YU,F
14:31:35,TLKM,RG,4210,36,D,OD,SQ,D
14:31:35,TLKM,RG,4210,26,D,OD,DP,D
14:31:35,TLKM,RG,4210,294,D,OD,RX,F
14:31:35,TLKM,RG,4210,3,D,OD,CC,D
14:31:35,TLKM,RG,4210,33,D,OD,DX,F
14:31:35,TLKM,RG,4210,52,D,OD,DX,F
14:31:35,TLKM,RG,4210,1,D,OD,XC,D
14:31:35,TLKM,RG,4210,100,D,OD,CC,F
14:31:35,TLKM,RG,4210,166,D,OD,BB,D
14:31:35,TLKM,RG,4210,2,D,OD,PD,D
14:31:35,TLKM,RG,4210,52,D,OD,NI,D
14:31:34,TLKM,RG,4210,3,F,KZ,NI,D
14:31:31,TLKM,RG,4210,38,F,CS,NI,D
14:31:31,TLKM,RG,4210,267,F,CS,NI,D
14:31:31,TLKM,RG,4210,6,F,CS,AK,F
14:31:31,TLKM,RG,4210,1,F,CS,LS,D
14:31:31,TLKM,RG,4210,1,F,CS,NI,D
14:31:31,TLKM,RG,4210,10,F,CS,NI,D
14:31:31,TLKM,RG,4210,1,F,CS,YP,D
14:31:31,TLKM,RG,4210,25,F,CS,OD,D
14:31:31,TLKM,RG,4210,1,F,CS,LS,D
14:31:31,TLKM,RG,4210,5,F,CS,CC,D
14:31:31,TLKM,RG,4210,2,F,CS,KK,D
14:31:31,TLKM,RG,4210,3,F,CS,ZP,F
14:31:31,TLKM,RG,4210,1,F,CS,YP,D
14:31:31,TLKM,RG,4210,23,F,CS,NI,D
14:31:31,TLKM,RG,4210,30,F,CS,YP,D
14:31:31,TLKM,RG,4210,100,F,CS,CC,D
14:31:31,TLKM,RG,4210,30,F,CS,YP,D
14:31:31,TLKM,RG,4210,2,F,CS,GR,D
14:31:31,TLKM,RG,4210,21,F,CS,NI,D
14:31:31,TLKM,RG,4210,3,F,KZ,NI,D
14:31:30,TLKM,RG,4210,167,F,CS,NI,D
14:31:30,TLKM,RG,4210,1,F,CS,NI,D
14:31:30,TLKM,RG,4210,1,F,CS,NI,D
14:31:30,TLKM,RG,4210,2,F,CS,NI,D
14:31:30,TLKM,RG,4210,143,F,CS,NI,D
14:31:30,TLKM,RG,4210,162,D,ZP,NI,D
14:31:30,TLKM,RG,4210,12,D,ZP,PD,D
14:31:30,TLKM,RG,4210,166,D,ZP,YP,D
14:31:30,TLKM,RG,4210,2,D,ZP,YP,D
14:31:30,TLKM,RG,4210,1,D,ZP,PD,D
14:31:30,TLKM,RG,4210,3,D,ZP,PD,D
14:31:30,TLKM,RG,4210,10,D,ZP,PD,D
14:31:30,TLKM,RG,4210,1,D,ZP,PD,D
14:31:30,TLKM,RG,4210,50,D,ZP,PD,D
14:31:30,TLKM,RG,4210,10,D,ZP,XC,D
14:31:30,TLKM,RG,4210,1,D,ZP,XA,D
14:31:30,TLKM,RG,4210,6,D,ZP,NI,D
14:31:30,TLKM,RG,4210,30,D,ZP,PD,D
14:31:30,TLKM,RG,4210,8,D,ZP,DR,D
14:31:30,TLKM,RG,4210,16,D,ZP,PD,D
14:31:30,TLKM,RG,4210,21,D,ZP,XC,D
14:31:30,TLKM,RG,4210,290,D,ZP,OD,D
14:31:30,TLKM,RG,4210,1,D,ZP,PD,D
14:31:30,TLKM,RG,4210,17,D,ZP,XA,D
14:31:30,TLKM,RG,4210,1,D,ZP,NI,D
14:31:30,TLKM,RG,4210,15,D,ZP,SQ,D
14:31:30,TLKM,RG,4210,31,D,ZP,SQ,D
14:31:30,TLKM,RG,4210,26,D,ZP,YP,D
14:31:30,TLKM,RG,4210,15,D,ZP,SQ,D
14:31:30,TLKM,RG,4210,5,D,ZP,SQ,D
14:31:30,TLKM,RG,4210,20,D,ZP,DX,D
14:31:30,TLKM,RG,4210,1,D,ZP,XC,D
14:31:30,TLKM,RG,4210,1,D,ZP,SQ,D
14:31:30,TLKM,RG,4210,1,D,ZP,XC,D
14:31:30,TLKM,RG,4210,1,D,ZP,LS,D
14:31:30,TLKM,RG,4210,100,D,ZP,LG,D
14:31:30,TLKM,RG,4210,3,D,ZP,YP,D
14:31:30,TLKM,RG,4210,101,D,ZP,KZ,D
14:31:30,TLKM,RG,4210,1,D,ZP,YP,D
14:31:30,TLKM,RG,4210,5,D,ZP,AK,F
14:31:30,TLKM,RG,4210,5,D,ZP,NI,D
14:31:30,TLKM,RG,4210,12,D,ZP,YP,D
14:31:30,TLKM,RG,4210,12,D,ZP,XL,D
14:31:30,TLKM,RG,4210,3,D,ZP,PD,D
14:31:30,TLKM,RG,4210,150,D,ZP,PD,D
14:31:30,TLKM,RG,4210,3,D,ZP,CC,D
14:31:30,TLKM,RG,4210,750,D,ZP,OD,D
14:31:30,TLKM,RG,4210,500,D,ZP,YP,D
14:31:30,TLKM,RG,4210,1,D,ZP,NI,D
14:31:30,TLKM,RG,4210,5,D,ZP,PD,D
14:31:30,TLKM,RG,4210,50,D,ZP,OD,D
14:31:30,TLKM,RG,4210,44,D,ZP,BK,F
14:31:30,TLKM,RG,4210,3,D,ZP,PD,D
14:31:30,TLKM,RG,4210,300,D,ZP,CC,D
14:31:30,TLKM,RG,4210,12,D,ZP,XC,D
14:31:30,TLKM,RG,4210,1,D,ZP,XC,D
14:31:30,TLKM,RG,4210,33,D,ZP,YP,D
14:31:30,TLKM,RG,4210,2,D,ZP,LG,D
14:31:30,TLKM,RG,4210,1,D,ZP,YP,D
14:31:30,TLKM,RG,4210,1,D,ZP,YP,D
14:31:30,TLKM,RG,4210,25,D,ZP,CC,D
14:31:30,TLKM,RG,4210,1,D,ZP,YP,D
14:31:30,TLKM,RG,4210,2000,D,ZP,YP,D
14:31:30,TLKM,RG,4210,15,D,ZP,CC,D
14:31:30,TLKM,RG,4210,3,D,ZP,YU,F
14:31:30,TLKM,RG,4210,2,D,ZP,TP,D
14:31:30,TLKM,RG,4210,50,D,ZP,YP,D
14:31:30,TLKM,RG,4210,1,D,ZP,XC,D
14:31:30,TLKM,RG,4210,1,D,ZP,LS,D
14:31:30,TLKM,RG,4210,122,D,ZP,KZ,D
14:31:30,TLKM,RG,4210,1,D,ZP,PD,D
14:31:30,TLKM,RG,4210,2,D,ZP,PD,D
14:31:30,TLKM,RG,4210,438,D,ZP,CC,D
14:31:30,TLKM,RG,4210,62,D,ZP,CC,D
14:31:30,TLKM,RG,4210,10,D,ZP,PD,D
14:31:30,TLKM,RG,4210,16,D,ZP,SQ,D
14:31:30,TLKM,RG,4210,1,D,ZP,PD,D
14:31:30,TLKM,RG,4210,1,D,ZP,XL,D
14:31:30,TLKM,RG,4210,2,D,ZP,XC,D
14:31:30,TLKM,RG,4210,1,D,ZP,PD,D
14:31:30,TLKM,RG,4210,1,D,ZP,SQ,D
14:31:30,TLKM,RG,4210,5,D,ZP,XC,D
14:31:30,TLKM,RG,4210,4,D,ZP,AK,F
14:31:30,TLKM,RG,4210,18,D,ZP,YP,D
14:31:30,TLKM,RG,4210,424,D,ZP,YP,D
14:31:30,TLKM,RG,4210,1,D,ZP,IF,D
14:31:30,TLKM,RG,4210,1,D,ZP,OD,D
14:31:30,TLKM,RG,4210,4,D,ZP,CC,D
14:31:30,TLKM,RG,4210,100,D,ZP,MK,D
14:31:30,TLKM,RG,4210,700,D,ZP,MK,D
14:31:30,TLKM,RG,4210,1,D,ZP,PD,D
14:31:30,TLKM,RG,4210,10,D,ZP,CC,D
14:31:30,TLKM,RG,4210,50,D,ZP,YJ,D
14:31:30,TLKM,RG,4210,174,D,ZP,PD,D
14:31:29,TLKM,RG,4210,64,F,RX,PD,D
14:31:24,TLKM,RG,4200,21,D,ZP,KK,F
14:31:21,TLKM,RG,4210,262,F,CS,PD,D
14:31:21,TLKM,RG,4210,2,F,CS,XA,D
14:31:19,TLKM,RG,4210,48,F,RX,XA,D
14:31:19,TLKM,RG,4210,1,F,RX,XL,D
14:31:19,TLKM,RG,4210,13,F,RX,ZP,F
14:31:19,TLKM,RG,4210,2,F,RX,XL,D
14:31:19,TLKM,RG,4210,10,F,RX,XL,D
14:31:19,TLKM,RG,4210,3,F,RX,CC,D
14:31:19,TLKM,RG,4210,47,F,RX,CC,D
14:31:19,TLKM,RG,4210,43,F,ZP,CC,D
14:31:19,TLKM,RG,4210,1,F,ZP,CC,D
14:31:19,TLKM,RG,4210,2,F,ZP,YP,D
14:31:19,TLKM,RG,4210,15,F,ZP,YU,F
14:31:19,TLKM,RG,4210,7,F,ZP,YP,D
14:31:19,TLKM,RG,4210,2,F,ZP,YP,D
14:31:19,TLKM,RG,4210,1,F,ZP,PD,D
14:31:19,TLKM,RG,4210,2,F,ZP,XL,D
14:31:19,TLKM,RG,4210,12,F,ZP,XL,D
14:31:19,TLKM,RG,4210,20,F,ZP,CC,D
14:31:14,TLKM,RG,4210,40,D,CC,CC,D
14:31:14,TLKM,RG,4210,5,D,CC,XC,D
14:31:14,TLKM,RG,4210,1,D,CC,XC,D
14:31:14,TLKM,RG,4210,2,D,CC,XC,D
14:31:14,TLKM,RG,4210,1,D,CC,XC,D
14:31:14,TLKM,RG,4210,3,D,CC,XC,D
14:31:14,TLKM,RG,4210,20,D,CC,XC,D
14:31:14,TLKM,RG,4210,5,D,CC,XC,D
14:31:14,TLKM,RG,4210,3,D,CC,CC,D
14:31:14,TLKM,RG,4200,8,D,ZP,PD,D
14:31:12,TLKM,RG,4210,7,F,BK,CC,D
14:31:12,TLKM,RG,4210,1,F,BK,XC,D
14:31:12,TLKM,RG,4210,6,F,BK,KK,D
14:31:12,TLKM,RG,4210,12,F,BK,LG,D
14:31:12,TLKM,RG,4210,59,F,BK,IP,D
14:31:12,TLKM,RG,4210,3,D,AK,IP,D
14:31:11,TLKM,RG,4210,55,F,CS,IP,D
14:31:11,TLKM,RG,4210,163,F,CS,IP,D
14:31:11,TLKM,RG,4210,120,F,CS,IP,D
14:31:11,TLKM,RG,4210,1,F,CS,YP,D
14:31:11,TLKM,RG,4210,135,F,CS,YP,D
14:31:03,TLKM,RG,4200,300,D,ZP,YU,D
14:31:02,TLKM,RG,4200,219,D,ZP,RX,F
14:31:00,TLKM,RG,4210,74,F,CS,YP,D
14:31:00,TLKM,RG,4200,75,D,ZP,RX,F
14:30:57,TLKM,RG,4210,150,F,CC,YP,D
14:30:57,TLKM,RG,4200,7,D,ZP,YU,F
14:30:57,TLKM,RG,4200,1000,D,ZP,CC,D
14:30:56,TLKM,RG,4210,1,F,CS,YP,D
14:30:56,TLKM,RG,4200,5,D,ZP,XL,D
14:30:51,TLKM,RG,4210,2,F,CS,PD,D
14:30:51,TLKM,RG,4210,220,F,CS,YP,D
14:30:50,TLKM,RG,4200,10,D,ZP,XC,D
14:30:48,TLKM,RG,4210,102,F,ZP,YP,D
14:30:34,TLKM,RG,4210,3,D,EP,YP,D
14:30:33,TLKM,RG,4210,98,F,BK,YP,D
14:30:31,TLKM,RG,4200,857,D,ZP,DR,D
14:30:30,TLKM,RG,4210,20,F,AK,YP,D
14:30:22,TLKM,RG,4200,225,D,ZP,CC,D
14:30:20,TLKM,RG,4200,15,D,ZP,ZP,F
14:30:18,TLKM,RG,4210,57,F,ZP,YP,D
14:30:18,TLKM,RG,4210,25,F,ZP,YP,D
14:30:18,TLKM,RG,4210,1,F,ZP,PD,D
14:30:18,TLKM,RG,4210,2,F,ZP,NI,D
14:30:18,TLKM,RG,4210,15,F,ZP,PD,D
14:30:18,TLKM,RG,4210,5,F,ZP,PD,D
14:30:18,TLKM,RG,4210,1,F,ZP,PD,D
14:30:17,TLKM,RG,4200,194,D,ZP,CC,D
14:30:15,TLKM,RG,4200,11,D,ZP,DP,D
14:30:13,TLKM,RG,4210,1,D,OD,PD,D
14:30:09,TLKM,RG,4210,1,F,BK,PD,D
14:30:09,TLKM,RG,4210,3,F,BK,PD,D
14:30:09,TLKM,RG,4210,1,F,BK,PD,D
14:30:09,TLKM,RG,4210,1,F,BK,PD,D
14:30:09,TLKM,RG,4210,10,F,BK,PD,D
14:30:09,TLKM,RG,4210,25,F,BK,PD,D
14:30:09,TLKM,RG,4210,29,F,BK,PD,D
14:30:03,TLKM,RG,4210,6,D,YU,PD,D
14:30:03,TLKM,RG,4210,3,D,YU,PD,D
14:30:03,TLKM,RG,4210,5,D,YU,PD,D
14:30:03,TLKM,RG,4210,5,D,YU,SQ,D
14:30:03,TLKM,RG,4210,17,D,YU,PD,D
14:30:03,TLKM,RG,4210,1,D,YU,YP,D
14:30:03,TLKM,RG,4210,10,D,YU,KI,D
14:30:03,TLKM,RG,4210,1,D,YU,GR,D
14:30:03,TLKM,RG,4210,163,D,YU,YJ,D
14:30:01,TLKM,RG,4210,12,D,XC,YJ,D
14:29:58,TLKM,RG,4210,25,F,CS,YJ,D
14:29:58,TLKM,RG,4210,5,F,CS,NI,D
14:29:58,TLKM,RG,4210,1,F,CS,AI,D
14:29:58,TLKM,RG,4210,10,F,CS,AI,D
14:29:58,TLKM,RG,4210,1,F,CS,XC,D
14:29:58,TLKM,RG,4210,1,F,CS,CP,D
14:29:58,TLKM,RG,4210,10,F,CS,CC,D
14:29:58,TLKM,RG,4210,162,F,CS,SQ,D
14:29:58,TLKM,RG,4210,27,F,RX,SQ,D
14:29:51,TLKM,RG,4210,49,F,BK,SQ,D
14:29:48,TLKM,RG,4210,2,F,ZP,SQ,D
14:29:48,TLKM,RG,4210,1,F,ZP,KK,D
14:29:48,TLKM,RG,4210,3,F,ZP,NI,D
14:29:48,TLKM,RG,4210,20,F,ZP,CC,D
14:29:48,TLKM,RG,4210,1,F,ZP,CP,D
14:29:48,TLKM,RG,4210,75,F,ZP,XC,D
14:29:46,TLKM,RG,4210,1,D,CC,XC,D
14:29:38,TLKM,RG,4210,47,F,BK,XC,D
14:29:37,TLKM,RG,4200,5,D,ZP,YU,F
14:29:31,TLKM,RG,4210,5,D,SQ,XC,D
14:29:30,TLKM,RG,4210,784,D,AK,XC,D
14:29:28,TLKM,RG,4210,7,D,HP,XC,D
14:29:24,TLKM,RG,4210,8,F,BK,XC,D
14:29:23,TLKM,RG,4200,31,D,ZP,DR,D
14:29:18,TLKM,RG,4210,73,D,ZP,XC,D
14:29:18,TLKM,RG,4210,1,D,ZP,PD,D
14:29:18,TLKM,RG,4210,1,D,ZP,XC,D
14:29:18,TLKM,RG,4210,500,D,ZP,EP,D
14:29:18,TLKM,RG,4210,1,D,ZP,PD,D
14:29:18,TLKM,RG,4210,1,D,ZP,YP,D
14:29:18,TLKM,RG,4210,1,D,ZP,CC,D
14:29:18,TLKM,RG,4210,1,D,ZP,PD,D
14:29:18,TLKM,RG,4210,5,D,ZP,YB,D
14:29:18,TLKM,RG,4210,1,D,ZP,YP,D
14:29:18,TLKM,RG,4210,1,D,ZP,PD,D
14:29:18,TLKM,RG,4210,1,D,ZP,XC,D
14:29:18,TLKM,RG,4210,1,D,ZP,NI,D
14:29:18,TLKM,RG,4210,5,D,ZP,XC,D
14:29:18,TLKM,RG,4210,4,D,ZP,KK,D
14:29:18,TLKM,RG,4210,35,D,ZP,NI,D
14:29:18,TLKM,RG,4210,6,D,ZP,XC,D
14:29:18,TLKM,RG,4210,43,D,ZP,YU,D
14:29:18,TLKM,RG,4210,2,D,ZP,AZ,D
14:29:18,TLKM,RG,4210,1,D,ZP,PD,D
14:29:18,TLKM,RG,4210,2,D,ZP,PD,D
14:29:18,TLKM,RG,4210,10,D,ZP,EP,D
14:29:18,TLKM,RG,4210,1,D,ZP,PD,D
14:29:18,TLKM,RG,4210,10,D,ZP,XC,D
14:29:18,TLKM,RG,4210,91,D,ZP,GR,D
14:29:18,TLKM,RG,4210,1,D,ZP,YP,D
14:29:18,TLKM,RG,4210,2,D,ZP,YP,D
14:29:18,TLKM,RG,4210,9,D,ZP,XC,D
14:29:18,TLKM,RG,4210,1,D,ZP,ZP,F
14:29:18,TLKM,RG,4210,4,D,ZP,XC,D
14:29:18,TLKM,RG,4210,1,D,ZP,CC,D
14:29:18,TLKM,RG,4210,100,D,ZP,GR,D
14:29:18,TLKM,RG,4210,1,D,ZP,XC,D
14:29:18,TLKM,RG,4210,1,D,ZP,NI,D
14:29:18,TLKM,RG,4210,8,D,ZP,BK,F
14:29:18,TLKM,RG,4210,1,D,ZP,EP,D
14:29:18,TLKM,RG,4210,3,D,ZP,ZP,F
14:29:18,TLKM,RG,4210,498,D,ZP,PD,D
14:29:18,TLKM,RG,4200,1,D,ZP,DR,D
14:29:17,TLKM,RG,4210,2,F,ZP,PD,D
14:29:17,TLKM,RG,4210,1,F,ZP,SQ,D
14:29:17,TLKM,RG,4210,3,F,ZP,CC,D
14:29:17,TLKM,RG,4210,1,F,ZP,YP,D
14:29:17,TLKM,RG,4210,2,F,ZP,CC,D
14:29:17,TLKM,RG,4210,93,F,ZP,EP,D
14:29:16,TLKM,RG,4210,7,D,CC,EP,D
14:29:16,TLKM,RG,4210,36,D,CC,BK,F
14:29:16,TLKM,RG,4210,1,D,CC,XC,D
14:29:16,TLKM,RG,4210,1,D,CC,SQ,D
14:29:16,TLKM,RG,4210,35,D,CC,CC,D
14:29:08,TLKM,RG,4210,215,F,CS,CC,D
14:29:08,TLKM,RG,4210,1,F,CS,XL,D
14:29:06,TLKM,RG,4210,44,F,BK,XL,D
14:29:06,TLKM,RG,4210,20,F,BK,PD,D
14:29:06,TLKM,RG,4210,5,F,BK,CC,D
14:29:06,TLKM,RG,4210,10,F,BK,ZP,F
14:28:55,TLKM,RG,4210,37,F,BK,ZP,F
14:28:49,TLKM,RG,4200,203,D,ZP,CC,D
14:28:47,TLKM,RG,4210,12,F,ZP,ZP,F
14:28:47,TLKM,RG,4210,2,F,ZP,ZP,F
14:28:47,TLKM,RG,4210,13,F,ZP,ZP,F
14:28:47,TLKM,RG,4210,3,F,ZP,KK,D
14:28:47,TLKM,RG,4210,1,F,ZP,YP,D
14:28:47,TLKM,RG,4210,1,F,ZP,PD,D
14:28:47,TLKM,RG,4210,1,F,ZP,PD,D
14:28:47,TLKM,RG,4210,1,F,ZP,YP,D
14:28:47,TLKM,RG,4210,20,F,ZP,YP,D
14:28:47,TLKM,RG,4210,10,F,ZP,CC,D
14:28:47,TLKM,RG,4210,39,F,ZP,DH,D
14:28:41,TLKM,RG,4210,39,F,BK,DH,D
14:28:34,TLKM,RG,4210,4,D,AK,DH,D
14:28:33,TLKM,RG,4210,15,D,ZP,DH,D
14:28:20,TLKM,RG,4210,5,D,XC,DH,D
14:28:20,TLKM,RG,4210,1,D,PD,DH,D
14:28:18,TLKM,RG,4210,1,D,PD,DH,D
14:28:17,TLKM,RG,4210,36,F,CS,DH,D
14:28:17,TLKM,RG,4210,5,F,CS,DR,D
14:28:17,TLKM,RG,4210,11,F,CS,XL,D
14:28:17,TLKM,RG,4210,20,F,CS,CC,D
14:28:17,TLKM,RG,4210,155,F,CS,CC,D
14:28:17,TLKM,RG,4210,106,F,ZP,CC,D
14:28:10,TLKM,RG,4210,82,F,BK,CC,D
14:27:59,TLKM,RG,4210,50,F,RX,CC,D
14:27:57,TLKM,RG,4200,5,D,ZP,YU,F
14:27:54,TLKM,RG,4210,36,F,BK,CC,D
14:27:51,TLKM,RG,4210,57,F,RX,CC,D
14:27:45,TLKM,RG,4210,14,F,BK,CC,D
14:27:45,TLKM,RG,4210,5,F,BK,YP,D
14:27:45,TLKM,RG,4210,14,F,BK,FS,D
14:27:42,TLKM,RG,4210,68,F,RX,FS,D
14:27:35,TLKM,RG,4200,4,D,ZP,YU,F
14:27:34,TLKM,RG,4210,34,F,RX,FS,D
14:27:33,TLKM,RG,4200,10,D,ZP,NI,D
14:27:31,TLKM,RG,4210,1172,F,RX,FS,D
14:27:28,TLKM,RG,4200,296,D,ZP,CC,D
14:27:28,TLKM,RG,4200,35,F,CS,CC,D
14:27:28,TLKM,RG,4200,1,D,RX,CC,D
14:27:28,TLKM,RG,4200,38,D,CC,CC,D
14:27:28,TLKM,RG,4200,1,D,XL,CC,D
14:27:28,TLKM,RG,4200,108,F,ZP,CC,D
14:27:28,TLKM,RG,4200,5,F,KZ,CC,D
14:27:28,TLKM,RG,4200,12,F,KZ,CC,D
14:27:28,TLKM,RG,4200,4,F,ZP,CC,D
14:27:24,TLKM,RG,4210,56,F,RX,FS,D
14:27:23,TLKM,RG,4200,10,F,ZP,YP,D
14:27:20,TLKM,RG,4200,3,F,ZP,YU,F
14:27:18,TLKM,RG,4210,80,D,CC,FS,D
14:27:17,TLKM,RG,4210,77,F,BK,FS,D
14:27:15,TLKM,RG,4210,40,F,AK,FS,D
14:27:15,TLKM,RG,4210,69,F,RX,FS,D
14:27:11,TLKM,RG,4210,10,D,CC,FS,D
14:27:11,TLKM,RG,4210,1,D,XL,FS,D
14:27:11,TLKM,RG,4200,86,F,ZP,YU,F
14:27:11,TLKM,RG,4200,1,F,KZ,YU,F
14:27:11,TLKM,RG,4200,21,F,CS,YU,F
14:27:11,TLKM,RG,4200,58,D,SQ,YU,F
14:27:10,TLKM,RG,4210,2,F,CS,FS,D
14:27:10,TLKM,RG,4200,1,D,SQ,XC,D
14:27:10,TLKM,RG,4200,10,D,SQ,NI,D
14:27:10,TLKM,RG,4200,1,D,SQ,PD,D
14:27:10,TLKM,RG,4200,5,D,SQ,AK,F
14:27:10,TLKM,RG,4200,7,D,SQ,AK,F
14:27:10,TLKM,RG,4200,1,D,SQ,XC,D
14:27:10,TLKM,RG,4200,2,D,SQ,AT,D
14:27:10,TLKM,RG,4200,15,D,SQ,YU,D
14:27:10,TLKM,RG,4200,20,F,AK,YU,D
14:27:10,TLKM,RG,4200,10,F,AK,YU,D
14:27:10,TLKM,RG,4200,5,F,CS,YU,D
14:27:10,TLKM,RG,4200,41,F,AK,YU,D
14:27:10,TLKM,RG,4200,62,F,AK,CS,D
14:27:10,TLKM,RG,4200,14,F,AK,YU,F
14:27:10,TLKM,RG,4200,90,F,AK,DX,F
14:27:10,TLKM,RG,4200,200,F,AK,CC,D
14:27:10,TLKM,RG,4200,1,F,AK,YP,D
14:27:10,TLKM,RG,4200,3,F,AK,XC,D
14:27:10,TLKM,RG,4200,60,F,AK,YP,D
14:27:10,TLKM,RG,4200,50,F,AK,PD,D
14:27:10,TLKM,RG,4200,5,F,AK,YP,D
14:27:10,TLKM,RG,4200,1,F,AK,XC,D
14:27:10,TLKM,RG,4200,2,F,AK,NI,D
14:27:10,TLKM,RG,4200,7,F,AK,YP,D
14:27:10,TLKM,RG,4200,50,F,AK,PD,D
14:27:10,TLKM,RG,4200,7,F,AK,YP,D
14:27:10,TLKM,RG,4200,5,F,AK,CC,D
14:27:10,TLKM,RG,4200,123,F,AK,CC,D
14:27:09,TLKM,RG,4200,12,F,KZ,CC,D
14:27:09,TLKM,RG,4200,1,F,KZ,CC,D
14:27:09,TLKM,RG,4200,4,F,KZ,CC,D
14:27:09,TLKM,RG,4200,4,F,KZ,CC,D
14:27:09,TLKM,RG,4200,20,F,CS,CC,D
14:27:09,TLKM,RG,4200,10,F,KZ,CC,D
14:27:09,TLKM,RG,4200,32,D,AT,CC,D
14:27:09,TLKM,RG,4200,100,D,AT,YP,D
14:27:09,TLKM,RG,4200,3,D,AT,AZ,D
14:27:09,TLKM,RG,4200,1,D,AT,YP,D
14:27:09,TLKM,RG,4200,80,D,AT,YU,F
14:27:09,TLKM,RG,4200,76,D,AT,YU,D
14:27:09,TLKM,RG,4200,12,D,AT,IF,D
14:27:09,TLKM,RG,4200,8,D,AT,XC,D
14:27:09,TLKM,RG,4200,111,D,AT,DX,F
14:27:09,TLKM,RG,4200,500,D,AT,KK,D
14:27:09,TLKM,RG,4200,15,D,AT,YP,D
14:27:09,TLKM,RG,4200,3,D,AT,XC,D
14:27:09,TLKM,RG,4200,84,D,AT,ZP,F
14:27:09,TLKM,RG,4200,21,D,AT,DX,F
14:27:09,TLKM,RG,4200,1,D,AT,PD,D
14:27:09,TLKM,RG,4200,42,D,AT,BK,F
14:27:09,TLKM,RG,4200,4,D,AT,ZP,F
14:27:09,TLKM,RG,4200,2,D,AT,XC,D
14:27:09,TLKM,RG,4200,58,D,AT,YU,D
14:27:09,TLKM,RG,4200,62,D,AT,DX,F
14:27:09,TLKM,RG,4200,1,D,AT,XC,D
14:27:09,TLKM,RG,4200,24,D,AT,AK,D
14:27:09,TLKM,RG,4200,2,D,AT,XC,D
14:27:09,TLKM,RG,4200,50,D,AT,PD,D
14:27:09,TLKM,RG,4200,294,D,AT,RX,F
14:27:09,TLKM,RG,4200,5,D,AT,PD,D
14:27:09,TLKM,RG,4200,7,D,AT,YP,D
14:27:09,TLKM,RG,4200,1,D,AT,XC,D
14:27:09,TLKM,RG,4200,117,D,AT,YU,F
14:27:09,TLKM,RG,4200,2338,D,AT,DR,D
14:27:09,TLKM,RG,4200,121,D,AT,GR,D
14:27:09,TLKM,RG,4200,1,D,AT,XC,D
14:27:09,TLKM,RG,4200,55,D,AT,DX,F
14:27:09,TLKM,RG,4200,1,D,AT,XC,D
14:27:09,TLKM,RG,4200,1,D,AT,PD,D
14:27:09,TLKM,RG,4200,344,D,AT,ZP,F
14:27:09,TLKM,RG,4200,50,D,AT,PD,D
14:27:09,TLKM,RG,4200,44,D,AT,YU,D
14:27:09,TLKM,RG,4200,127,D,AT,NI,D
14:27:09,TLKM,RG,4200,202,D,AT,CC,F
14:27:07,TLKM,RG,4200,23,D,HD,CC,F
14:27:07,TLKM,RG,4200,1,D,HD,XC,D
14:27:07,TLKM,RG,4200,157,D,HD,YU,D
14:27:07,TLKM,RG,4200,1,D,HD,GR,D
14:27:07,TLKM,RG,4200,156,D,HD,DX,F
14:27:07,TLKM,RG,4200,162,D,HD,BB,D
14:27:04,TLKM,RG,4200,129,F,CS,BB,D
14:27:04,TLKM,RG,4200,88,F,RX,BB,D
14:27:04,TLKM,RG,4200,5,F,RX,AK,F
14:27:04,TLKM,RG,4200,5,F,RX,AK,F
14:27:04,TLKM,RG,4200,28,F,RX,CS,D
14:27:04,TLKM,RG,4200,25,F,RX,PD,D
14:27:04,TLKM,RG,4200,13,F,RX,DP,D
14:27:04,TLKM,RG,4200,105,F,RX,YU,D
14:27:04,TLKM,RG,4200,114,F,RX,YU,D
14:27:04,TLKM,RG,4200,22,F,RX,YU,F
14:27:02,TLKM,RG,4200,33,F,BK,YU,F
14:27:00,TLKM,RG,4200,58,D,AK,YU,F
14:27:00,TLKM,RG,4200,78,D,AK,CS,D
14:27:00,TLKM,RG,4200,21,D,AK,DX,F
14:27:00,TLKM,RG,4200,10,D,AK,KK,D
14:27:00,TLKM,RG,4200,15,D,AK,AT,D
14:27:00,TLKM,RG,4200,10,D,AK,YP,D
14:27:00,TLKM,RG,4200,500,D,AK,NI,D
14:27:00,TLKM,RG,4200,125,D,AK,DX,F
14:27:00,TLKM,RG,4200,5,D,AK,CC,D
14:27:00,TLKM,RG,4200,3,D,AK,YU,F
14:26:46,TLKM,RG,4200,13,F,ZP,YU,F
14:26:46,TLKM,RG,4200,1,F,ZP,PD,D
14:26:46,TLKM,RG,4200,93,F,ZP,KZ,D
14:26:43,TLKM,RG,4190,50,D,ZP,LG,D
14:26:42,TLKM,RG,4190,6,D,ZP,DP,D
14:26:42,TLKM,RG,4200,61,F,BK,KZ,D
14:26:41,TLKM,RG,4200,500,D,ZP,KZ,D
14:26:39,TLKM,RG,4190,5,D,ZP,YU,F
14:26:38,TLKM,RG,4190,201,D,ZP,CC,D
14:26:37,TLKM,RG,4190,71,D,ZP,XC,D
14:26:33,TLKM,RG,4200,138,F,CS,KZ,D
14:26:16,TLKM,RG,4190,50,D,ZP,IF,D
14:26:15,TLKM,RG,4200,56,F,BK,KZ,D
14:26:15,TLKM,RG,4200,105,F,ZP,KZ,D
14:26:04,TLKM,RG,4200,41,F,BK,KZ,D
14:26:02,TLKM,RG,4190,8,D,ZP,YU,F
14:26:02,TLKM,RG,4190,254,D,ZP,YU,D
14:26:01,TLKM,RG,4190,229,D,ZP,CC,D
14:26:01,TLKM,RG,4200,108,F,CS,KZ,D
14:26:01,TLKM,RG,4200,24,F,CS,RX,F
14:25:58,TLKM,RG,4200,69,F,RX,RX,F
14:25:48,TLKM,RG,4200,9,F,KZ,RX,F
14:25:48,TLKM,RG,4200,1,F,KZ,RX,F
14:25:48,TLKM,RG,4200,3,F,KZ,RX,F
14:25:48,TLKM,RG,4200,188,D,OD,RX,F
14:25:48,TLKM,RG,4200,2,D,OD,XC,D
14:25:48,TLKM,RG,4200,56,D,OD,AK,D
14:25:48,TLKM,RG,4200,6,D,OD,AK,F
14:25:48,TLKM,RG,4200,169,D,OD,XL,D
14:25:48,TLKM,RG,4200,10,D,OD,CC,D
14:25:48,TLKM,RG,4200,143,D,OD,DX,F
14:25:48,TLKM,RG,4200,15,D,OD,ZP,F
14:25:48,TLKM,RG,4200,50,D,OD,XC,D
14:25:48,TLKM,RG,4200,117,D,OD,YU,F
14:25:48,TLKM,RG,4200,4,D,OD,AT,D
14:25:48,TLKM,RG,4200,49,D,OD,BK,F
14:25:48,TLKM,RG,4200,5,D,OD,PD,D
14:25:48,TLKM,RG,4200,2,D,OD,DR,D
14:25:48,TLKM,RG,4200,10,D,OD,GR,D
14:25:48,TLKM,RG,4200,5,D,OD,KK,D
14:25:48,TLKM,RG,4200,1322,D,OD,GR,D
14:25:47,TLKM,RG,4200,69,F,RX,GR,D
14:25:45,TLKM,RG,4200,109,F,ZP,GR,D
14:25:45,TLKM,RG,4200,500,D,ZP,GR,D
14:25:45,TLKM,RG,4200,10,D,ZP,XC,D
14:25:45,TLKM,RG,4200,294,D,ZP,RX,F
14:25:45,TLKM,RG,4200,59,D,ZP,YU,D
14:25:45,TLKM,RG,4200,45,D,ZP,XL,D
14:25:45,TLKM,RG,4200,86,D,ZP,DX,F
14:25:45,TLKM,RG,4200,1,D,ZP,NI,D
14:25:45,TLKM,RG,4200,1,D,ZP,DH,D
14:25:45,TLKM,RG,4200,25,D,ZP,GR,D
14:25:45,TLKM,RG,4200,107,D,ZP,YU,F
14:25:45,TLKM,RG,4200,2,D,ZP,XC,D
14:25:45,TLKM,RG,4200,1,D,ZP,XC,D
14:25:45,TLKM,RG,4200,166,D,ZP,CC,D
14:25:42,TLKM,RG,4200,50,F,BK,CC,D
14:25:39,TLKM,RG,4200,28,F,RX,CC,D
14:25:36,TLKM,RG,4200,49,F,RX,CC,D
14:25:33,TLKM,RG,4200,36,F,BK,CC,D
14:25:30,TLKM,RG,4200,172,F,CS,CC,D
14:25:27,TLKM,RG,4190,10,D,ZP,DP,D
14:25:21,TLKM,RG,4190,10,D,ZP,ZP,F
14:25:16,TLKM,RG,4200,101,D,CC,CC,D
14:25:15,TLKM,RG,4200,44,F,ZP,CC,D
14:25:15,TLKM,RG,4200,66,F,ZP,CC,D
14:25:13,TLKM,RG,4200,56,F,BK,CC,D
14:25:13,TLKM,RG,4190,12,D,ZP,XC,D
14:25:00,TLKM,RG,4190,56,D,ZP,YU,D
14:25:00,TLKM,RG,4200,25,F,AK,CC,D
14:24:58,TLKM,RG,4200,34,F,BK,CC,D
14:24:53,TLKM,RG,4190,6,D,ZP,YU,F
14:24:52,TLKM,RG,4190,196,D,ZP,CC,D
14:24:49,TLKM,RG,4200,196,F,CS,CC,D
14:24:46,TLKM,RG,4200,36,F,BK,CC,D
14:24:45,TLKM,RG,4200,2,D,AK,CC,D
14:24:45,TLKM,RG,4200,85,F,ZP,CC,D
14:24:45,TLKM,RG,4200,10,F,ZP,CC,D
14:24:45,TLKM,RG,4200,1,F,ZP,PD,D
14:24:45,TLKM,RG,4200,11,F,ZP,GR,D
14:24:40,TLKM,RG,4190,2,D,ZP,PD,D
14:24:37,TLKM,RG,4190,212,D,ZP,CC,D
14:24:35,TLKM,RG,4190,3,D,ZP,YP,D
14:24:22,TLKM,RG,4200,239,D,OD,GR,D
14:24:22,TLKM,RG,4200,54,D,OD,BK,F
14:24:22,TLKM,RG,4200,1,D,OD,CC,D
14:24:22,TLKM,RG,4200,8,D,OD,SQ,D
14:24:22,TLKM,RG,4200,11,D,OD,XC,D
14:24:22,TLKM,RG,4200,20,D,OD,PD,D
14:24:22,TLKM,RG,4200,100,D,OD,PP,D
14:24:22,TLKM,RG,4200,1,D,OD,XC,D
14:24:22,TLKM,RG,4200,643,D,OD,CC,D
14:24:18,TLKM,RG,4200,55,F,BK,CC,D
14:24:17,TLKM,RG,4200,802,D,OD,CC,D
14:24:17,TLKM,RG,4200,2,D,OD,PD,D
14:24:17,TLKM,RG,4200,90,D,OD,YU,D
14:24:17,TLKM,RG,4200,1,D,OD,PD,D
14:24:17,TLKM,RG,4200,150,D,OD,DX,F
14:24:17,TLKM,RG,4200,32,D,OD,BK,F
14:24:16,TLKM,RG,4190,18,D,ZP,YU,F
14:24:14,TLKM,RG,4200,15,F,ZP,BK,F
14:24:14,TLKM,RG,4200,1,F,ZP,NI,D
14:24:14,TLKM,RG,4200,14,F,ZP,XC,D
14:24:14,TLKM,RG,4200,1,F,ZP,PD,D
14:24:14,TLKM,RG,4200,1,F,ZP,PD,D
14:24:14,TLKM,RG,4200,69,F,ZP,ZP,F
14:24:07,TLKM,RG,4200,51,F,BK,ZP,F
14:23:51,TLKM,RG,4190,10,D,ZP,YU,F
14:23:51,TLKM,RG,4190,463,D,ZP,CC,D
14:23:51,TLKM,RG,4190,1,D,XC,CC,D
14:23:51,TLKM,RG,4190,36,F,CS,CC,D
14:23:47,TLKM,RG,4200,43,F,BK,ZP,F
14:23:47,TLKM,RG,4200,36,F,RX,ZP,F
14:23:44,TLKM,RG,4190,3,F,CS,XC,D
14:23:44,TLKM,RG,4200,104,F,ZP,ZP,F
14:23:40,TLKM,RG,4200,1,D,PD,ZP,F
14:23:40,TLKM,RG,4190,100,F,CS,SQ,D
14:23:39,TLKM,RG,4190,1,F,CS,DR,D
14:23:37,TLKM,RG,4200,25,F,AK,ZP,F
14:23:37,TLKM,RG,4200,67,F,AK,ZP,F
14:23:37,TLKM,RG,4200,23,F,AK,ZP,F
14:23:37,TLKM,RG,4200,680,F,AK,ZP,F
14:23:37,TLKM,RG,4200,189,F,AK,ZP,F
14:23:37,TLKM,RG,4200,31,D,GR,ZP,F
14:23:37,TLKM,RG,4200,10,D,GR,CC,D
14:23:37,TLKM,RG,4200,400,D,GR,NI,D
14:23:37,TLKM,RG,4200,7,D,GR,YP,D
14:23:37,TLKM,RG,4200,294,D,GR,RX,F
14:23:37,TLKM,RG,4200,322,D,GR,CS,F
14:23:37,TLKM,RG,4200,12,D,GR,XC,D
14:23:37,TLKM,RG,4200,20,D,GR,NI,D
14:23:37,TLKM,RG,4200,10,D,GR,PD,D
14:23:37,TLKM,RG,4200,9,D,GR,XC,D
14:23:37,TLKM,RG,4200,164,D,GR,DX,F
14:23:37,TLKM,RG,4200,20,D,GR,CC,D
14:23:37,TLKM,RG,4200,5,D,GR,XC,D
14:23:37,TLKM,RG,4200,12,D,GR,OD,D
14:23:37,TLKM,RG,4200,44,D,GR,BK,F
14:23:37,TLKM,RG,4200,5,D,GR,PD,D
14:23:37,TLKM,RG,4200,2,D,GR,XC,D
14:23:37,TLKM,RG,4200,5,D,GR,AK,F
14:23:37,TLKM,RG,4200,49,D,GR,CS,D
14:23:37,TLKM,RG,4200,2490,D,GR,CS,F
14:23:37,TLKM,RG,4200,1,D,GR,NI,D
14:23:37,TLKM,RG,4200,1,D,GR,XL,D
14:23:37,TLKM,RG,4200,108,D,GR,YU,F
14:23:37,TLKM,RG,4200,16,D,GR,DP,D
14:23:37,TLKM,RG,4200,5,D,GR,AK,F
14:23:37,TLKM,RG,4200,3,D,GR,XC,D
14:23:37,TLKM,RG,4200,10,D,GR,YP,D
14:23:37,TLKM,RG,4200,5,D,GR,PD,D
14:23:37,TLKM,RG,4200,1,D,GR,XC,D
14:23:37,TLKM,RG,4200,50,D,GR,YP,D
14:23:37,TLKM,RG,4200,1,D,GR,YU,F
14:23:37,TLKM,RG,4200,2,D,GR,PD,D
14:23:37,TLKM,RG,4200,1,D,GR,NI,D
14:23:37,TLKM,RG,4200,5,D,GR,XL,D
14:23:37,TLKM,RG,4200,9,D,GR,PD,D
14:23:37,TLKM,RG,4200,802,D,GR,BB,D
14:23:37,TLKM,RG,4200,14,D,GR,DR,D
14:23:37,TLKM,RG,4200,1,D,GR,GR,D
14:23:37,TLKM,RG,4200,41,D,GR,AK,D
14:23:37,TLKM,RG,4200,10,D,GR,GR,D
14:23:37,TLKM,RG,4200,3,D,GR,DR,D
14:23:37,TLKM,RG,4200,36,F,BK,DR,D
14:23:36,TLKM,RG,4200,1,D,KK,DR,D
14:23:32,TLKM,RG,4190,34,F,CS,DR,D
14:23:26,TLKM,RG,4200,35,F,BK,DR,D
14:23:14,TLKM,RG,4200,42,F,BK,DR,D
14:23:14,TLKM,RG,4200,91,F,ZP,DR,D
14:23:14,TLKM,RG,4200,8,F,ZP,PC,D
14:23:14,TLKM,RG,4200,7,F,ZP,CP,D
14:23:11,TLKM,RG,4190,150,F,CS,CC,D
14:23:11,TLKM,RG,4190,1,D,NI,CC,D
14:23:11,TLKM,RG,4190,46,F,AK,CC,D
14:23:10,TLKM,RG,4200,13,D,CC,CP,D
14:23:10,TLKM,RG,4200,46,D,CC,BK,F
14:23:10,TLKM,RG,4200,19,D,CC,RX,F
14:23:05,TLKM,RG,4190,6,F,AK,YU,F
14:23:04,TLKM,RG,4190,216,F,AK,CC,D
14:23:03,TLKM,RG,4200,34,F,BK,RX,F
14:23:00,TLKM,RG,4200,1,D,XC,RX,F
14:22:52,TLKM,RG,4200,1,D,PD,RX,F
14:22:51,TLKM,RG,4200,43,F,BK,RX,F
14:22:47,TLKM,RG,4200,196,F,CS,RX,F
14:22:47,TLKM,RG,4200,18,F,CS,CP,D
14:22:43,TLKM,RG,4200,101,F,ZP,CP,D
14:22:40,TLKM,RG,4200,44,F,BK,CP,D
14:22:37,TLKM,RG,4200,1,D,HP,CP,D
14:22:30,TLKM,RG,4200,3,D,AK,CP,D
14:22:27,TLKM,RG,4200,10,D,XL,CP,D
14:22:26,TLKM,RG,4200,37,F,BK,CP,D
14:22:18,TLKM,RG,4200,34,F,BK,CP,D
14:22:13,TLKM,RG,4200,108,F,ZP,CP,D
14:22:06,TLKM,RG,4200,46,F,BK,CP,D
14:21:56,TLKM,RG,4200,252,F,CS,CP,D
14:21:52,TLKM,RG,4190,11,F,AK,DP,D
14:21:51,TLKM,RG,4190,1,F,AK,DP,D
14:21:50,TLKM,RG,4200,46,F,BK,CP,D
14:21:49,TLKM,RG,4190,202,F,AK,CC,D
14:21:43,TLKM,RG,4200,110,F,ZP,CP,D
14:21:42,TLKM,RG,4190,6,F,AK,YU,F
14:21:42,TLKM,RG,4190,137,F,AK,YU,D
14:21:42,TLKM,RG,4190,38,D,YU,YU,D
14:21:42,TLKM,RG,4190,23,F,RX,YU,D
14:21:42,TLKM,RG,4190,15,D,AK,YU,D
14:21:37,TLKM,RG,4200,37,F,BK,CP,D
14:21:36,TLKM,RG,4200,1,D,XC,CP,D
14:21:30,TLKM,RG,4190,5,D,AK,XC,D
14:21:24,TLKM,RG,4200,44,F,BK,CP,D
14:21:16,TLKM,RG,4190,228,D,AK,CC,D
14:21:14,TLKM,RG,4200,77,D,CC,CP,D
14:21:12,TLKM,RG,4200,106,F,ZP,CP,D
14:21:08,TLKM,RG,4200,51,F,BK,CP,D
14:21:03,TLKM,RG,4190,154,D,AK,YU,D
14:20:59,TLKM,RG,4190,1,D,AK,XC,D
14:20:57,TLKM,RG,4200,124,F,CS,CP,D
14:20:57,TLKM,RG,4200,74,F,CS,DX,F
14:20:57,TLKM,RG,4200,21,F,CS,YU,D
14:20:56,TLKM,RG,4200,39,F,BK,YU,D
14:20:50,TLKM,RG,4200,8,F,RX,YU,D
14:20:50,TLKM,RG,4200,21,F,RX,YU,F
14:20:48,TLKM,RG,4200,65,D,ZP,YU,F
14:20:48,TLKM,RG,4200,818,D,ZP,DR,D
14:20:48,TLKM,RG,4200,1,D,ZP,OD,D
14:20:48,TLKM,RG,4200,20,D,ZP,HD,D
14:20:48,TLKM,RG,4200,5,D,ZP,KK,D
14:20:48,TLKM,RG,4200,2,D,ZP,GR,D
14:20:48,TLKM,RG,4200,1,D,ZP,XC,D
14:20:48,TLKM,RG,4200,5,D,ZP,PD,D
14:20:48,TLKM,RG,4200,20,D,ZP,OD,D
14:20:48,TLKM,RG,4200,2,D,ZP,PD,D
14:20:48,TLKM,RG,4200,48,D,ZP,CC,D
14:20:48,TLKM,RG,4200,2,D,ZP,XC,D
14:20:48,TLKM,RG,4200,10,D,ZP,OD,D
14:20:48,TLKM,RG,4200,100,D,ZP,YP,D
14:20:48,TLKM,RG,4200,3,D,ZP,YP,D
14:20:48,TLKM,RG,4200,55,D,ZP,CS,D
14:20:48,TLKM,RG,4200,2,D,ZP,CC,D
14:20:48,TLKM,RG,4200,45,D,ZP,BK,F
14:20:48,TLKM,RG,4200,40,D,ZP,CC,F
14:20:48,TLKM,RG,4200,10,D,ZP,SQ,D
14:20:48,TLKM,RG,4200,178,D,ZP,DX,F
14:20:48,TLKM,RG,4200,5,D,ZP,GR,D
14:20:48,TLKM,RG,4200,295,D,ZP,RX,F
14:20:48,TLKM,RG,4200,1,D,ZP,CC,D
14:20:48,TLKM,RG,4200,2114,D,ZP,DR,D
14:20:48,TLKM,RG,4200,1,D,ZP,XC,D
14:20:48,TLKM,RG,4200,78,D,ZP,YU,F
14:20:48,TLKM,RG,4200,1,D,ZP,GR,D
14:20:48,TLKM,RG,4200,1,D,ZP,XC,D
14:20:48,TLKM,RG,4200,79,D,ZP,DX,F
14:20:48,TLKM,RG,4200,50,D,ZP,DR,D
14:20:48,TLKM,RG,4200,38,D,ZP,CC,D
14:20:48,TLKM,RG,4200,5,D,ZP,NI,D
14:20:48,TLKM,RG,4200,57,D,ZP,DX,F
14:20:48,TLKM,RG,4200,2,D,ZP,XC,D
14:20:48,TLKM,RG,4200,28,D,ZP,DX,F
14:20:48,TLKM,RG,4200,1,D,ZP,NI,D
14:20:48,TLKM,RG,4200,1,D,ZP,XC,D
14:20:48,TLKM,RG,4200,6,D,ZP,XC,D
14:20:48,TLKM,RG,4200,2,D,ZP,XC,D
14:20:48,TLKM,RG,4200,15,D,ZP,OD,D
14:20:48,TLKM,RG,4200,88,D,ZP,YP,D
14:20:48,TLKM,RG,4200,4,D,ZP,CC,D
14:20:48,TLKM,RG,4200,5,D,ZP,CC,D
14:20:48,TLKM,RG,4200,15,D,ZP,GR,D
14:20:48,TLKM,RG,4200,113,D,ZP,DX,F
14:20:48,TLKM,RG,4200,88,D,ZP,AK,D
14:20:48,TLKM,RG,4200,16,D,ZP,PD,D
14:20:48,TLKM,RG,4200,7,D,ZP,XC,D
14:20:48,TLKM,RG,4200,2,D,ZP,PD,D
14:20:48,TLKM,RG,4200,3,D,ZP,AK,F
14:20:48,TLKM,RG,4200,5,D,ZP,AK,F
14:20:48,TLKM,RG,4200,11,D,ZP,XL,D
14:20:48,TLKM,RG,4200,1,D,ZP,XC,D
14:20:48,TLKM,RG,4200,1,D,ZP,XC,D
14:20:48,TLKM,RG,4200,1,D,ZP,XC,D
14:20:48,TLKM,RG,4200,316,D,ZP,CC,D
14:20:43,TLKM,RG,4200,48,F,BK,CC,D
14:20:42,TLKM,RG,4200,103,F,ZP,CC,D
14:20:40,TLKM,RG,4190,2,D,AK,DP,D
14:20:40,TLKM,RG,4190,8,D,AK,YU,F
14:20:39,TLKM,RG,4190,333,D,AK,DR,D
14:20:39,TLKM,RG,4190,17,D,AK,DP,D
14:20:31,TLKM,RG,4200,35,F,BK,CC,D
14:20:31,TLKM,RG,4190,130,D,AK,DR,D
14:20:29,TLKM,RG,4190,207,D,AK,CC,D
14:20:29,TLKM,RG,4190,2,D,HP,CC,D
14:20:22,TLKM,RG,4200,37,F,BK,CC,D
14:20:22,TLKM,RG,4190,3,D,HP,ZP,F
14:20:21,TLKM,RG,4190,6,D,HP,AK,F
14:20:12,TLKM,RG,4200,105,F,ZP,CC,D
14:20:12,TLKM,RG,4200,2,F,ZP,PD,D
14:20:12,TLKM,RG,4200,1,F,ZP,XC,D
14:20:12,TLKM,RG,4200,2,F,ZP,RX,F
14:20:11,TLKM,RG,4190,5,D,HP,NI,D
14:20:08,TLKM,RG,4200,32,F,BK,RX,F
14:20:08,TLKM,RG,4190,1,D,HP,XC,D
14:20:05,TLKM,RG,4200,260,F,CS,RX,F
14:20:05,TLKM,RG,4200,3,F,CS,YU,F
14:20:00,TLKM,RG,4190,3,D,HP,YU,F
14:20:00,TLKM,RG,4190,1,D,PD,YU,F
14:20:00,TLKM,RG,4190,5,F,KZ,YU,F
14:20:00,TLKM,RG,4190,1,D,KK,YU,F
14:20:00,TLKM,RG,4190,1,D,YP,YU,F
14:20:00,TLKM,RG,4200,1,D,NI,YU,F
14:20:00,TLKM,RG,4190,1,D,YP,CC,D
14:20:00,TLKM,RG,4190,1,D,RX,CC,D
14:20:00,TLKM,RG,4190,2,D,PD,CC,D
14:20:00,TLKM,RG,4190,4,D,CC,CC,D
14:20:00,TLKM,RG,4190,7,D,XL,CC,D
14:20:00,TLKM,RG,4190,2,D,YP,CC,D
14:20:00,TLKM,RG,4190,10,D,LG,CC,D
14:20:00,TLKM,RG,4190,5,F,KZ,CC,D
14:20:00,TLKM,RG,4190,1,D,KK,CC,D
14:20:00,TLKM,RG,4190,2,D,HP,CC,D
14:20:00,TLKM,RG,4190,2,D,AK,CC,D
14:20:00,TLKM,RG,4190,16,F,AK,CC,D
14:20:00,TLKM,RG,4190,12,D,XC,CC,D
14:20:00,TLKM,RG,4190,3,F,KZ,CC,D
14:20:00,TLKM,RG,4190,633,D,OD,CC,D
14:20:00,TLKM,RG,4200,39,D,CC,YU,F
14:19:58,TLKM,RG,4200,29,F,BK,YU,F
14:19:58,TLKM,RG,4200,1,F,BK,YP,D
14:19:58,TLKM,RG,4200,15,F,BK,YP,D
14:19:49,TLKM,RG,4200,5,D,PC,YP,D
14:19:47,TLKM,RG,4200,3,D,YP,YP,D
14:19:43,TLKM,RG,4190,1,D,OD,PD,D
14:19:42,TLKM,RG,4200,3,F,BK,YP,D
14:19:42,TLKM,RG,4200,31,F,BK,YU,D
14:19:41,TLKM,RG,4200,61,F,ZP,YU,D
14:19:41,TLKM,RG,4200,5,F,ZP,AT,D
14:19:41,TLKM,RG,4200,2,F,ZP,XL,D
14:19:41,TLKM,RG,4200,37,F,ZP,BK,F
14:19:31,TLKM,RG,4200,5,F,BK,BK,F
14:19:31,TLKM,RG,4200,13,F,BK,XL,D
14:19:31,TLKM,RG,4200,20,F,BK,CC,D
14:19:23,TLKM,RG,4200,1,D,XC,CC,D
14:19:22,TLKM,RG,4190,227,D,OD,CC,D
14:19:21,TLKM,RG,4200,36,F,BK,CC,D
14:19:16,TLKM,RG,4200,85,D,CC,CC,D
14:19:12,TLKM,RG,4200,2,D,XC,CC,D
14:19:11,TLKM,RG,4200,104,F,ZP,CC,D
14:19:09,TLKM,RG,4200,1,D,RX,CC,D
14:19:08,TLKM,RG,4200,39,F,BK,CC,D
14:19:07,TLKM,RG,4190,201,D,OD,CC,D
14:19:03,TLKM,RG,4200,299,F,CS,CC,D
14:18:53,TLKM,RG,4200,44,F,BK,CC,D
14:18:41,TLKM,RG,4200,103,F,ZP,CC,D
14:18:40,TLKM,RG,4190,8,D,OD,YU,F
14:18:40,TLKM,RG,4200,42,F,BK,CC,D
14:18:39,TLKM,RG,4190,7,D,OD,KZ,D
14:18:39,TLKM,RG,4190,1,D,XC,KZ,D
14:18:39,TLKM,RG,4190,4,F,KZ,KZ,D
14:18:39,TLKM,RG,4190,5,F,KZ,KZ,D
14:18:39,TLKM,RG,4190,1,D,CC,KZ,D
14:18:39,TLKM,RG,4190,5,D,NI,KZ,D
14:18:39,TLKM,RG,4190,10,D,NI,KZ,D
14:18:39,TLKM,RG,4190,21,F,RX,KZ,D
14:18:39,TLKM,RG,4190,5,D,YP,KZ,D
14:18:39,TLKM,RG,4190,3,F,KZ,KZ,D
14:18:39,TLKM,RG,4190,725,F,RX,KZ,D
14:18:32,TLKM,RG,4190,3,F,RX,XC,D
14:18:27,TLKM,RG,4200,43,F,BK,CC,D
14:18:17,TLKM,RG,4190,1,F,RX,XC,D
14:18:15,TLKM,RG,4200,3,D,AK,CC,D
14:18:11,TLKM,RG,4190,6,F,RX,AK,F
14:18:11,TLKM,RG,4200,111,F,ZP,CC,D
14:18:00,TLKM,RG,4190,50,F,RX,YU,D
14:17:53,TLKM,RG,4200,30,D,YP,CC,D
14:17:53,TLKM,RG,4200,37,F,CS,CC,D
14:17:53,TLKM,RG,4200,1,F,CS,PD,D
14:17:53,TLKM,RG,4200,1,F,CS,NI,D
14:17:53,TLKM,RG,4200,78,F,CS,DX,F
14:17:53,TLKM,RG,4200,1,F,CS,XC,D
14:17:53,TLKM,RG,4200,50,F,CS,CC,D
14:17:53,TLKM,RG,4200,1,F,CS,YP,D
14:17:53,TLKM,RG,4200,20,F,CS,XC,D
14:17:53,TLKM,RG,4200,2,F,CS,XL,D
14:17:53,TLKM,RG,4200,5,F,CS,XC,D
14:17:53,TLKM,RG,4200,2,F,CS,XC,D
14:17:53,TLKM,RG,4200,2,F,CS,XC,D
14:17:53,TLKM,RG,4200,23,F,CS,DX,F
14:17:53,TLKM,RG,4200,6,F,CS,YP,D
14:17:53,TLKM,RG,4200,15,F,CS,YU,F
14:17:53,TLKM,RG,4200,13,F,CS,NI,D
14:17:53,TLKM,RG,4200,5,F,CS,YP,D
14:17:53,TLKM,RG,4200,1,F,CS,YP,D
14:17:53,TLKM,RG,4200,3,F,CS,DR,D
14:17:53,TLKM,RG,4200,2,F,CS,BK,F
14:17:45,TLKM,RG,4200,21,F,AK,BK,F
14:17:41,TLKM,RG,4190,223,F,RX,CC,D
14:17:37,TLKM,RG,4190,9,F,RX,YU,F
14:17:36,TLKM,RG,4190,500,F,RX,KI,D
14:17:31,TLKM,RG,4190,1,F,RX,XL,D
14:17:29,TLKM,RG,4190,38,F,RX,AK,D
14:17:28,TLKM,RG,4190,205,F,RX,CC,D
14:17:16,TLKM,RG,4190,1,F,RX,XC,D
14:17:16,TLKM,RG,4200,18,D,CC,BK,F
14:17:16,TLKM,RG,4200,5,D,CC,SQ,D
14:17:16,TLKM,RG,4200,39,D,CC,CS,D
14:17:16,TLKM,RG,4200,4,D,CC,XC,D
14:17:16,TLKM,RG,4200,32,D,CC,YU,F
14:17:16,TLKM,RG,4190,2,F,RX,XL,D
14:17:13,TLKM,RG,4200,6,F,BK,YU,F
14:17:07,TLKM,RG,4200,4,F,KZ,YU,F
14:17:07,TLKM,RG,4200,5,F,KZ,YU,F
14:17:07,TLKM,RG,4200,8,F,KZ,YU,F
14:17:07,TLKM,RG,4200,8,F,KZ,YU,F
14:17:07,TLKM,RG,4200,1,F,KZ,YU,F
14:17:07,TLKM,RG,4200,1,F,KZ,YU,F
14:17:07,TLKM,RG,4200,1,F,KZ,YU,F
14:17:07,TLKM,RG,4200,1,F,KZ,YU,F
14:17:00,TLKM,RG,4190,1,F,RX,DP,D
14:16:59,TLKM,RG,4190,3,F,RX,XC,D
14:16:50,TLKM,RG,4200,21,F,CS,YU,F
14:16:50,TLKM,RG,4200,271,F,CS,RX,F
14:16:42,TLKM,RG,4190,24,F,RX,XC,D
14:16:41,TLKM,RG,4190,100,F,RX,PP,D
14:16:41,TLKM,RG,4190,11,F,RX,YU,F
14:16:40,TLKM,RG,4190,359,F,RX,CC,D
14:16:40,TLKM,RG,4190,5,D,HP,CC,D
14:16:40,TLKM,RG,4190,1,D,NI,CC,D
14:16:40,TLKM,RG,4190,6,D,HP,CC,D
14:16:40,TLKM,RG,4190,40,F,RX,CC,D
14:16:40,TLKM,RG,4190,109,F,ZP,CC,D
14:16:40,TLKM,RG,4190,5,D,CC,CC,D
14:16:40,TLKM,RG,4190,102,F,ZP,CC,D
14:16:40,TLKM,RG,4190,373,D,ZP,CC,D
14:16:40,TLKM,RG,4200,23,F,ZP,RX,F
14:16:40,TLKM,RG,4200,50,F,ZP,YP,D
14:16:40,TLKM,RG,4200,2,F,ZP,XC,D
14:16:40,TLKM,RG,4200,2,F,ZP,NI,D
14:16:40,TLKM,RG,4200,4,F,ZP,CC,D
14:16:40,TLKM,RG,4200,28,F,ZP,KZ,D
14:16:37,TLKM,RG,4190,68,D,ZP,CS,D
14:16:37,TLKM,RG,4190,11,D,ZP,YU,F
14:16:37,TLKM,RG,4190,827,D,ZP,CC,D
14:16:37,TLKM,RG,4190,80,D,PD,CC,D
14:16:37,TLKM,RG,4190,1,D,YP,CC,D
14:16:37,TLKM,RG,4190,1,D,XC,CC,D
14:16:37,TLKM,RG,4190,1,D,NI,CC,D
14:16:37,TLKM,RG,4190,1,D,PD,CC,D
14:16:37,TLKM,RG,4190,10,F,KZ,CC,D
14:16:37,TLKM,RG,4190,1,D,PD,CC,D
14:16:37,TLKM,RG,4190,20,D,XC,CC,D
14:16:37,TLKM,RG,4190,58,D,CC,CC,D
14:16:29,TLKM,RG,4190,100,D,CC,PP,D
14:16:24,TLKM,RG,4190,13,D,CC,YU,F
14:16:23,TLKM,RG,4190,329,D,CC,DR,D
14:16:23,TLKM,RG,4190,39,D,YU,DR,D
14:16:23,TLKM,RG,4190,582,D,AK,DR,D
14:16:23,TLKM,RG,4190,233,D,OD,DR,D
14:16:13,TLKM,RG,4190,5,D,OD,YU,F
14:16:13,TLKM,RG,4190,218,D,OD,CC,D
14:16:09,TLKM,RG,4200,103,F,ZP,KZ,D
14:15:58,TLKM,RG,4190,1,D,OD,XC,D
14:15:53,TLKM,RG,4200,7,D,CC,KZ,D
14:15:51,TLKM,RG,4190,9,D,OD,DP,D
14:15:41,TLKM,RG,4200,286,F,CS,KZ,D
14:15:39,TLKM,RG,4200,101,F,ZP,KZ,D
14:15:34,TLKM,RG,4190,177,D,OD,CC,D
14:15:15,TLKM,RG,4200,171,D,AK,KZ,D
14:15:15,TLKM,RG,4200,148,D,AK,DX,F
14:15:15,TLKM,RG,4200,5,D,AK,DH,D
14:15:15,TLKM,RG,4200,2,D,AK,DR,D
14:15:15,TLKM,RG,4200,74,D,AK,YU,D
14:15:15,TLKM,RG,4200,328,D,AK,ZP,F
14:15:15,TLKM,RG,4200,74,D,AK,ZP,F
14:15:11,TLKM,RG,4200,1,D,PD,ZP,F
14:15:09,TLKM,RG,4200,109,F,ZP,ZP,F
14:15:08,TLKM,RG,4200,79,D,CC,ZP,F
14:15:00,TLKM,RG,4190,5,D,OD,AK,F
14:14:57,TLKM,RG,4200,100,F,CC,ZP,F
14:14:56,TLKM,RG,4190,1,D,OD,XC,D
14:14:50,TLKM,RG,4190,16,D,OD,YU,F
14:14:49,TLKM,RG,4190,241,D,OD,CC,D
14:14:49,TLKM,RG,4190,171,D,OD,KZ,D
14:14:49,TLKM,RG,4190,3,F,KZ,KZ,D
14:14:49,TLKM,RG,4190,767,D,ZP,KZ,D
14:14:46,TLKM,RG,4190,54,D,ZP,YU,F
14:14:46,TLKM,RG,4190,1367,D,ZP,CC,D
14:14:46,TLKM,RG,4190,18,D,ZP,CC,D
14:14:46,TLKM,RG,4190,54,F,CS,CC,D
14:14:46,TLKM,RG,4190,1,D,XC,CC,D
14:14:46,TLKM,RG,4190,1,D,XC,CC,D
14:14:46,TLKM,RG,4190,4,F,KZ,CC,D
14:14:46,TLKM,RG,4190,1633,F,RX,CC,D
14:14:38,TLKM,RG,4200,110,F,ZP,ZP,F
14:14:30,TLKM,RG,4200,23,F,AK,ZP,F
14:14:21,TLKM,RG,4200,214,F,CS,ZP,F
14:14:21,TLKM,RG,4200,25,D,PD,ZP,F
14:14:08,TLKM,RG,4200,101,F,ZP,ZP,F
14:13:49,TLKM,RG,4190,1,F,RX,SQ,D
14:13:45,TLKM,RG,4190,6,F,RX,YU,F
14:13:44,TLKM,RG,4190,215,F,RX,CC,D
14:13:38,TLKM,RG,4200,110,F,ZP,ZP,F
14:13:30,TLKM,RG,4200,204,F,CS,ZP,F
14:13:30,TLKM,RG,4200,10,F,CS,PD,D
14:13:30,TLKM,RG,4200,5,F,CS,PD,D
14:13:30,TLKM,RG,4200,17,F,CS,NI,D
14:13:23,TLKM,RG,4190,227,F,RX,CC,D
14:13:10,TLKM,RG,4200,3,D,CC,AK,F
14:13:10,TLKM,RG,4200,10,D,CC,CC,D
14:13:10,TLKM,RG,4200,60,D,CC,LG,D
14:13:10,TLKM,RG,4200,20,D,CC,DX,D
14:13:10,TLKM,RG,4200,1,D,CC,BK,F
14:13:08,TLKM,RG,4200,38,F,ZP,BK,F
14:13:08,TLKM,RG,4200,10,F,ZP,YP,D
14:13:08,TLKM,RG,4200,21,F,ZP,XC,D
14:13:08,TLKM,RG,4200,20,F,ZP,NI,D
14:13:08,TLKM,RG,4200,1,F,ZP,NI,D
14:13:08,TLKM,RG,4200,2,F,ZP,YP,D
14:13:08,TLKM,RG,4200,1,F,ZP,XC,D
14:13:08,TLKM,RG,4200,11,F,ZP,DX,F
14:13:05,TLKM,RG,4200,1,D,RX,DX,F
14:13:02,TLKM,RG,4190,6,F,RX,YU,F
14:13:02,TLKM,RG,4190,177,F,RX,YU,D
14:13:01,TLKM,RG,4190,50,F,RX,YU,D
14:12:40,TLKM,RG,4190,2,F,RX,YB,D
14:12:37,TLKM,RG,4200,54,F,ZP,DX,F
14:12:37,TLKM,RG,4200,1,F,ZP,NI,D
14:12:37,TLKM,RG,4200,1,F,ZP,XC,D
14:12:37,TLKM,RG,4200,15,F,ZP,DP,D
14:12:37,TLKM,RG,4200,34,F,ZP,RX,F
14:12:35,TLKM,RG,4200,218,F,CS,RX,F
14:12:30,TLKM,RG,4190,3,F,RX,XC,D
14:12:10,TLKM,RG,4190,16,F,RX,DP,D
14:12:09,TLKM,RG,4200,42,D,ZP,RX,F
14:12:09,TLKM,RG,4200,1,D,ZP,PD,D
14:12:09,TLKM,RG,4200,1,D,ZP,PD,D
14:12:09,TLKM,RG,4200,15,D,ZP,OD,D
14:12:09,TLKM,RG,4200,1,D,ZP,XL,D
14:12:09,TLKM,RG,4200,302,D,ZP,BB,D
14:12:09,TLKM,RG,4200,5,D,ZP,PD,D
14:12:09,TLKM,RG,4200,63,D,ZP,YU,F
14:12:09,TLKM,RG,4200,1,D,ZP,PD,D
14:12:09,TLKM,RG,4200,27,D,ZP,AK,D
14:12:09,TLKM,RG,4200,47,D,ZP,BK,F
14:12:09,TLKM,RG,4200,105,D,ZP,DX,F
14:12:09,TLKM,RG,4200,28,D,ZP,PD,D
14:12:09,TLKM,RG,4200,368,D,ZP,YP,D
14:12:07,TLKM,RG,4200,106,F,ZP,YP,D
14:11:59,TLKM,RG,4190,196,F,RX,CC,D
14:11:59,TLKM,RG,4190,5,F,RX,YU,F
14:11:58,TLKM,RG,4190,167,F,RX,CC,D
14:11:58,TLKM,RG,4190,1,D,PC,CC,D
14:11:58,TLKM,RG,4190,35,F,RX,CC,D
14:11:57,TLKM,RG,4200,52,F,RX,YP,D
14:11:56,TLKM,RG,4190,1,F,RX,KK,D
14:11:46,TLKM,RG,4200,94,F,RX,YP,D
14:11:43,TLKM,RG,4200,215,F,CS,YP,D
14:11:42,TLKM,RG,4200,1,D,XC,YP,D
14:11:37,TLKM,RG,4200,108,F,ZP,YP,D
14:11:26,TLKM,RG,4200,38,F,RX,YP,D
14:11:21,TLKM,RG,4190,1,F,RX,PD,D
14:11:17,TLKM,RG,4200,38,F,RX,YP,D
14:11:10,TLKM,RG,4200,82,D,CC,YP,D
14:11:10,TLKM,RG,4200,14,D,ZP,YP,D
14:11:09,TLKM,RG,4200,45,F,RX,YP,D
14:11:06,TLKM,RG,4200,109,F,ZP,YP,D
14:11:04,TLKM,RG,4190,5,F,RX,DP,D
14:11:03,TLKM,RG,4190,14,F,RX,DP,D
14:10:53,TLKM,RG,4200,215,F,CS,YP,D
14:10:42,TLKM,RG,4200,515,D,OD,YP,D
14:10:42,TLKM,RG,4200,1,D,OD,XC,D
14:10:42,TLKM,RG,4200,5,D,OD,NI,D
14:10:42,TLKM,RG,4200,57,D,OD,CS,D
14:10:42,TLKM,RG,4200,70,D,OD,CC,D
14:10:42,TLKM,RG,4200,200,D,OD,YU,D
14:10:42,TLKM,RG,4200,5,D,OD,SQ,D
14:10:42,TLKM,RG,4200,1,D,OD,XC,D
14:10:42,TLKM,RG,4200,10,D,OD,OD,D
14:10:42,TLKM,RG,4200,69,D,OD,YU,F
14:10:42,TLKM,RG,4200,27,D,OD,PD,D
14:10:42,TLKM,RG,4200,5,D,OD,CC,D
14:10:42,TLKM,RG,4200,1,D,OD,NI,D
14:10:42,TLKM,RG,4200,1,D,OD,YU,F
14:10:42,TLKM,RG,4200,110,D,OD,RX,F
14:10:41,TLKM,RG,4200,184,D,OD,RX,F
14:10:41,TLKM,RG,4200,5,D,OD,AK,F
14:10:41,TLKM,RG,4200,1,D,OD,PD,D
14:10:41,TLKM,RG,4200,15,D,OD,PD,D
14:10:41,TLKM,RG,4200,38,D,OD,BK,F
14:10:41,TLKM,RG,4200,2,D,OD,PD,D
14:10:41,TLKM,RG,4200,5,D,OD,GR,D
14:10:41,TLKM,RG,4200,827,D,OD,CC,D
14:10:39,TLKM,RG,4190,8,F,RX,CC,D
14:10:39,TLKM,RG,4190,9,D,XL,CC,D
14:10:39,TLKM,RG,4190,2,F,KZ,CC,D
14:10:39,TLKM,RG,4190,10,D,CC,CC,D
14:10:39,TLKM,RG,4190,30,D,PD,CC,D
14:10:39,TLKM,RG,4190,4,D,PD,CC,D
14:10:39,TLKM,RG,4190,25,F,RX,CC,D
14:10:39,TLKM,RG,4190,3,D,EP,CC,D
14:10:39,TLKM,RG,4190,1,D,XC,CC,D
14:10:39,TLKM,RG,4190,114,D,AK,CC,D
14:10:39,TLKM,RG,4200,4,D,KK,CC,D
14:10:36,TLKM,RG,4200,102,F,ZP,CC,D
14:10:25,TLKM,RG,4190,10,D,AK,LG,D
14:10:24,TLKM,RG,4190,6,D,AK,YU,F
14:10:24,TLKM,RG,4190,373,D,AK,ZP,F
14:10:17,TLKM,RG,4190,4,D,AK,ZP,F
14:10:17,TLKM,RG,4190,25,D,YP,ZP,F
14:10:17,TLKM,RG,4190,2,D,PD,ZP,F
14:10:17,TLKM,RG,4190,1,D,XC,ZP,F
14:10:17,TLKM,RG,4190,2,D,AT,ZP,F
14:10:17,TLKM,RG,4190,13,F,AK,ZP,F
14:10:07,TLKM,RG,4190,1,F,AK,YU,F
14:10:07,TLKM,RG,4190,2,D,AK,YU,F
14:10:07,TLKM,RG,4190,3,F,AK,YU,F
14:10:06,TLKM,RG,4190,11,F,AK,CC,D
14:10:06,TLKM,RG,4190,3,D,AK,CC,D
14:10:06,TLKM,RG,4190,20,D,CC,CC,D
14:10:06,TLKM,RG,4190,20,D,CC,CC,D
14:10:06,TLKM,RG,4190,10,D,BQ,CC,D
14:10:06,TLKM,RG,4190,24,D,KK,CC,D
14:10:06,TLKM,RG,4190,2,F,KZ,CC,D
14:10:06,TLKM,RG,4190,3,D,OD,CC,D
14:10:06,TLKM,RG,4190,40,D,YU,CC,D
14:10:06,TLKM,RG,4190,59,F,CS,CC,D
14:10:06,TLKM,RG,4200,111,F,ZP,CC,D
14:10:01,TLKM,RG,4190,129,F,CS,YU,D
14:09:59,TLKM,RG,4200,643,F,AK,CC,D
14:09:37,TLKM,RG,4190,1,F,CS,PD,D
14:09:35,TLKM,RG,4200,105,F,ZP,CC,D
14:09:18,TLKM,RG,4200,262,F,CS,CC,D
14:09:17,TLKM,RG,4190,4,F,CS,CC,D
14:09:17,TLKM,RG,4190,2,D,YP,CC,D
14:09:17,TLKM,RG,4190,30,D,XA,CC,D
14:09:17,TLKM,RG,4190,1,D,PD,CC,D
14:09:17,TLKM,RG,4190,2,F,KZ,CC,D
14:09:17,TLKM,RG,4190,147,F,AK,CC,D
14:09:12,TLKM,RG,4200,75,D,CC,CC,D
14:09:06,TLKM,RG,4200,30,F,RX,CC,D
14:09:05,TLKM,RG,4200,103,F,ZP,CC,D
14:09:04,TLKM,RG,4200,12,D,HP,CC,D
14:08:35,TLKM,RG,4200,106,F,ZP,CC,D
14:08:31,TLKM,RG,4190,34,F,AK,YU,F
14:08:31,TLKM,RG,4190,173,F,AK,KZ,D
14:08:31,TLKM,RG,4190,1,D,AK,KZ,D
14:08:31,TLKM,RG,4190,14,F,AK,KZ,D
14:08:31,TLKM,RG,4190,3,D,CC,KZ,D
14:08:31,TLKM,RG,4190,3,D,LG,KZ,D
14:08:31,TLKM,RG,4190,1,D,KK,KZ,D
14:08:31,TLKM,RG,4190,5,D,SQ,KZ,D
14:08:31,TLKM,RG,4190,5,D,CC,KZ,D
14:08:31,TLKM,RG,4190,1,D,CC,KZ,D
14:08:31,TLKM,RG,4190,24,D,CC,KZ,D
14:08:31,TLKM,RG,4190,15,D,XC,KZ,D
14:08:31,TLKM,RG,4190,1,D,XC,KZ,D
14:08:31,TLKM,RG,4190,513,D,AK,KZ,D
14:08:31,TLKM,RG,4190,2,D,KK,KZ,D
14:08:31,TLKM,RG,4190,5,D,SQ,KZ,D
14:08:31,TLKM,RG,4190,10,D,YP,KZ,D
14:08:31,TLKM,RG,4190,20,D,XC,KZ,D
14:08:31,TLKM,RG,4190,1257,D,ZP,KZ,D
14:08:26,TLKM,RG,4190,10,D,ZP,KK,D
14:08:17,TLKM,RG,4190,65,D,ZP,CC,D
14:08:16,TLKM,RG,4190,194,D,ZP,CC,D
14:08:15,TLKM,RG,4200,258,F,CS,CC,D
14:08:04,TLKM,RG,4200,103,F,ZP,CC,D
14:07:58,TLKM,RG,4190,1,D,ZP,CC,D
14:07:56,TLKM,RG,4190,7,D,ZP,YU,F
14:07:55,TLKM,RG,4190,197,D,ZP,CC,D
14:07:52,TLKM,RG,4200,5,F,BK,CC,D
14:07:34,TLKM,RG,4200,103,F,ZP,CC,D
14:07:23,TLKM,RG,4200,150,F,CC,CC,D
14:07:21,TLKM,RG,4190,11,D,ZP,DP,D
14:07:19,TLKM,RG,4190,20,D,ZP,LG,D
14:07:19,TLKM,RG,4190,17,D,ZP,DR,D
14:07:16,TLKM,RG,4200,1,D,XC,CC,D
