Time,Stock,Brd,Price,Qty,BT,BC,SC,ST
15:14:56,UNVR,RG,4900,2,D,YJ,XC,D
15:14:43,UNVR,RG,4900,1,D,YJ,YP,D
15:14:43,UNVR,RG,4900,60,D,YJ,CC,D
15:14:20,UNVR,RG,4900,1,D,YJ,PD,D
15:14:18,UNVR,RG,4900,59,D,YJ,KK,D
15:13:56,UNVR,RG,4900,1,D,YJ,CC,D
15:13:34,UNVR,RG,4900,30,D,YJ,KK,D
15:13:31,UNVR,RG,4900,100,D,YJ,YP,D
15:13:12,UNVR,RG,4900,3,D,YJ,ZP,D
15:12:31,UNVR,RG,4900,35,D,YJ,NI,D
15:12:31,UNVR,RG,4900,5,D,YJ,DX,D
15:12:31,UNVR,RG,4900,7,D,YJ,XC,D
15:12:31,UNVR,RG,4900,5,D,YJ,PD,D
15:12:31,UNVR,RG,4900,5,D,YJ,PD,D
15:12:31,UNVR,RG,4900,30,D,YJ,NI,D
15:12:31,UNVR,RG,4900,7,D,YJ,PD,D
15:12:31,UNVR,RG,4900,20,D,YJ,KK,D
15:12:31,UNVR,RG,4900,3,D,YJ,XL,D
15:12:31,UNVR,RG,4900,5,D,YJ,KK,D
15:12:31,UNVR,RG,4900,29,D,YJ,YP,D
15:12:31,UNVR,RG,4900,22,D,YJ,XC,D
15:12:31,UNVR,RG,4900,1,D,YJ,XL,D
15:12:31,UNVR,RG,4900,2,D,YJ,XC,D
15:12:31,UNVR,RG,4900,1,D,YJ,XC,D
15:12:31,UNVR,RG,4900,1,D,YJ,XC,D
15:12:31,UNVR,RG,4900,25,D,YJ,SQ,D
15:12:31,UNVR,RG,4900,2,D,YJ,XL,D
15:12:31,UNVR,RG,4900,30,D,YJ,TF,D
15:12:31,UNVR,RG,4900,1,D,YJ,YP,D
15:12:31,UNVR,RG,4900,1,D,YJ,YP,D
15:12:31,UNVR,RG,4900,1,D,YJ,XC,D
15:12:31,UNVR,RG,4900,10,D,YJ,DH,D
15:12:31,UNVR,RG,4900,1,D,YJ,XL,D
15:12:31,UNVR,RG,4900,5,D,YJ,XC,D
15:12:31,UNVR,RG,4900,100,D,YJ,MG,D
15:12:31,UNVR,RG,4900,3,D,YJ,PD,D
15:12:31,UNVR,RG,4900,40,D,YJ,DH,D
15:12:31,UNVR,RG,4900,50,D,YJ,PD,D
15:12:31,UNVR,RG,4900,5,D,YJ,YP,D
15:12:31,UNVR,RG,4900,3,D,YJ,XL,D
15:12:31,UNVR,RG,4900,2,D,YJ,DR,D
15:12:31,UNVR,RG,4900,1,D,YJ,CC,D
15:12:31,UNVR,RG,4900,239,D,YJ,PD,D
15:11:24,UNVR,RG,4900,4,F,AK,PD,D
15:11:23,UNVR,RG,4900,81,D,EP,PD,D
15:10:39,UNVR,RG,4900,1,F,AK,PD,D
15:10:38,UNVR,RG,4900,10,D,YB,PD,D
15:10:06,UNVR,RG,4900,57,F,AK,PD,D
15:10:05,UNVR,RG,4900,208,D,AO,PD,D
15:10:05,UNVR,RG,4900,3,D,AO,CC,D
15:10:05,UNVR,RG,4900,9,D,AO,NI,D
15:10:05,UNVR,RG,4900,2,D,AO,IF,D
15:10:05,UNVR,RG,4900,5,D,AO,YP,D
15:10:05,UNVR,RG,4900,5,D,AO,YP,D
15:10:05,UNVR,RG,4900,10,D,AO,DH,D
15:10:05,UNVR,RG,4900,1,D,AO,XC,D
15:10:05,UNVR,RG,4900,500,D,AO,IP,D
15:10:05,UNVR,RG,4900,10,D,AO,DR,D
15:10:05,UNVR,RG,4900,17,D,AO,YP,D
15:10:05,UNVR,RG,4900,37,D,AO,YB,D
15:10:05,UNVR,RG,4900,5,D,AO,YP,D
15:10:05,UNVR,RG,4900,1,D,AO,YP,D
15:10:05,UNVR,RG,4900,30,D,AO,KK,D
15:10:05,UNVR,RG,4900,157,D,AO,YU,D
15:10:03,UNVR,RG,4900,2,F,AK,YU,D
15:10:02,UNVR,RG,4900,5,F,AK,YU,D
15:10:02,UNVR,RG,4900,30,F,AK,YU,D
15:10:02,UNVR,RG,4900,106,F,AK,YU,D
15:10:02,UNVR,RG,4900,10,F,AK,PD,D
15:10:02,UNVR,RG,4900,1,F,AK,SQ,D
15:10:02,UNVR,RG,4900,2,F,AK,PD,D
15:10:02,UNVR,RG,4900,1,F,AK,YP,D
15:10:02,UNVR,RG,4900,5,F,AK,PD,D
15:10:02,UNVR,RG,4900,10,F,AK,SQ,D
15:10:02,UNVR,RG,4900,25,F,AK,CC,D
15:10:02,UNVR,RG,4900,25,F,AK,CC,D
15:10:02,UNVR,RG,4900,25,F,AK,CC,D
15:10:02,UNVR,RG,4900,35,F,AK,YP,D
15:10:02,UNVR,RG,4900,10,F,AK,XL,D
15:10:02,UNVR,RG,4900,1,F,AK,AZ,D
15:10:02,UNVR,RG,4900,10,F,AK,YP,D
15:10:02,UNVR,RG,4900,30,F,AK,OK,D
15:10:02,UNVR,RG,4900,10,F,AK,CC,D
15:10:02,UNVR,RG,4900,2,F,AK,KK,D
15:10:02,UNVR,RG,4900,1,F,AK,XC,D
15:10:02,UNVR,RG,4900,1,F,AK,KK,D
15:10:02,UNVR,RG,4900,1,F,AK,PD,D
15:10:02,UNVR,RG,4900,2,F,AK,DR,D
15:10:02,UNVR,RG,4900,25,F,AK,YP,D
15:10:02,UNVR,RG,4900,20,F,AK,KK,D
15:10:02,UNVR,RG,4900,10,F,AK,DH,D
15:10:02,UNVR,RG,4900,20,F,AK,YP,D
15:10:02,UNVR,RG,4900,249,F,AK,AI,D
15:10:02,UNVR,RG,4900,51,F,ZP,AI,D
15:10:02,UNVR,RG,4900,5,F,ZP,YP,D
15:10:02,UNVR,RG,4900,2,F,ZP,KK,D
15:10:02,UNVR,RG,4900,5,F,ZP,PD,D
15:10:02,UNVR,RG,4900,198,F,ZP,XC,D
15:10:02,UNVR,RG,4900,1,F,ZP,NI,D
15:10:02,UNVR,RG,4900,2,F,ZP,GR,D
15:10:02,UNVR,RG,4900,10,F,ZP,OD,D
15:10:02,UNVR,RG,4900,25,F,ZP,PD,D
15:10:02,UNVR,RG,4900,500,F,ZP,DH,D
15:10:02,UNVR,RG,4900,80,F,ZP,KK,D
15:10:02,UNVR,RG,4900,8,F,ZP,PD,D
15:10:02,UNVR,RG,4900,6,F,ZP,SQ,D
15:10:02,UNVR,RG,4900,10,F,ZP,PD,D
15:10:02,UNVR,RG,4900,1,F,ZP,PD,D
15:10:02,UNVR,RG,4900,1,F,ZP,CC,D
15:10:02,UNVR,RG,4900,2,F,ZP,GR,D
15:10:02,UNVR,RG,4900,5,F,ZP,YP,D
15:10:02,UNVR,RG,4900,2,F,ZP,NI,D
15:10:02,UNVR,RG,4900,1,F,ZP,YP,D
15:10:02,UNVR,RG,4900,1,F,ZP,XC,D
15:10:02,UNVR,RG,4900,5,F,ZP,CC,D
15:10:02,UNVR,RG,4900,4,F,ZP,EP,D
15:10:02,UNVR,RG,4900,50,F,ZP,SH,D
15:10:02,UNVR,RG,4900,3,F,ZP,XC,D
15:10:02,UNVR,RG,4900,112,F,ZP,NI,D
15:10:02,UNVR,RG,4900,50,F,ZP,LG,D
15:10:02,UNVR,RG,4900,7,F,ZP,XC,D
15:10:02,UNVR,RG,4900,1,F,ZP,PD,D
15:10:02,UNVR,RG,4900,1,F,ZP,NI,D
15:10:02,UNVR,RG,4900,1,F,ZP,YP,D
15:10:02,UNVR,RG,4900,16,F,ZP,DR,D
15:10:02,UNVR,RG,4900,3,F,ZP,NI,D
15:10:02,UNVR,RG,4900,4,F,ZP,XC,D
15:10:02,UNVR,RG,4900,100,F,ZP,YP,D
15:10:02,UNVR,RG,4900,7,F,ZP,NI,D
15:10:02,UNVR,RG,4900,1,F,ZP,CC,D
15:10:02,UNVR,RG,4900,1,F,ZP,GR,D
15:10:02,UNVR,RG,4900,13,F,ZP,YP,D
15:10:02,UNVR,RG,4900,20,F,ZP,PD,D
15:10:02,UNVR,RG,4900,2,F,ZP,PD,D
15:10:02,UNVR,RG,4900,1,F,ZP,XC,D
15:10:02,UNVR,RG,4900,4,F,ZP,XC,D
15:10:02,UNVR,RG,4900,2,F,ZP,YP,D
15:10:02,UNVR,RG,4900,4,F,ZP,PD,D
15:10:02,UNVR,RG,4900,4,F,ZP,PD,D
15:10:02,UNVR,RG,4900,6,F,ZP,OD,D
15:10:02,UNVR,RG,4900,1,F,ZP,SQ,D
15:10:02,UNVR,RG,4900,5,F,ZP,YP,D
15:10:02,UNVR,RG,4900,50,F,ZP,CC,D
15:10:02,UNVR,RG,4900,3,F,ZP,YP,D
15:10:02,UNVR,RG,4900,60,F,ZP,CD,D
15:10:02,UNVR,RG,4900,24,F,ZP,PD,D
15:10:02,UNVR,RG,4900,5,F,ZP,SQ,D
15:10:02,UNVR,RG,4900,170,F,ZP,AG,D
15:10:02,UNVR,RG,4900,1,F,ZP,YP,D
15:10:02,UNVR,RG,4900,22,F,ZP,SQ,D
15:10:02,UNVR,RG,4900,300,F,ZP,KK,D
15:10:02,UNVR,RG,4900,1,F,ZP,NI,D
15:10:02,UNVR,RG,4900,5,F,ZP,EP,D
15:10:02,UNVR,RG,4900,5,F,ZP,PD,D
15:10:02,UNVR,RG,4900,6,F,ZP,XC,D
15:10:02,UNVR,RG,4900,1,F,ZP,PD,D
15:10:02,UNVR,RG,4900,1,F,ZP,EP,D
15:10:02,UNVR,RG,4900,9,F,ZP,XC,D
15:10:02,UNVR,RG,4900,10,F,ZP,XL,D
15:10:02,UNVR,RG,4900,1,F,ZP,HP,D
15:10:02,UNVR,RG,4900,10,F,ZP,SQ,D
15:10:02,UNVR,RG,4900,1,F,ZP,NI,D
15:10:02,UNVR,RG,4900,8,F,ZP,PD,D
15:10:02,UNVR,RG,4900,5,F,ZP,NI,D
15:10:02,UNVR,RG,4900,1,F,ZP,NI,D
15:10:02,UNVR,RG,4900,2,F,ZP,DX,D
15:10:02,UNVR,RG,4900,1,F,ZP,CC,D
15:10:02,UNVR,RG,4900,6,F,ZP,XC,D
15:10:02,UNVR,RG,4900,1,F,ZP,PD,D
15:10:02,UNVR,RG,4900,217,F,ZP,YP,D
15:10:02,UNVR,RG,4900,730,F,ZP,CC,D
15:10:02,UNVR,RG,4900,50,F,ZP,YP,D
15:10:02,UNVR,RG,4900,1,F,ZP,YP,D
15:10:02,UNVR,RG,4900,1,F,ZP,SQ,D
15:10:02,UNVR,RG,4900,5,F,ZP,NI,D
15:10:02,UNVR,RG,4900,2,F,ZP,XC,D
15:10:02,UNVR,RG,4900,1,F,ZP,NI,D
15:10:02,UNVR,RG,4900,5,F,ZP,YP,D
15:10:02,UNVR,RG,4900,20,F,ZP,DR,D
15:10:02,UNVR,RG,4900,190,F,ZP,GR,D
15:10:02,UNVR,RG,4900,50,F,ZP,XL,D
15:10:02,UNVR,RG,4900,2,F,ZP,DH,D
15:10:02,UNVR,RG,4900,5,F,ZP,OD,D
15:10:02,UNVR,RG,4900,20,F,ZP,YP,D
15:10:02,UNVR,RG,4900,20,F,ZP,DR,D
15:10:02,UNVR,RG,4900,1,F,ZP,CC,D
15:10:02,UNVR,RG,4900,1,F,ZP,YP,D
15:10:02,UNVR,RG,4900,50,F,ZP,XC,D
15:10:02,UNVR,RG,4900,1,F,ZP,XC,D
15:10:02,UNVR,RG,4900,10,F,ZP,NI,D
15:10:02,UNVR,RG,4900,50,F,ZP,EP,D
15:10:02,UNVR,RG,4900,4,F,ZP,XC,D
15:10:02,UNVR,RG,4900,1,F,ZP,XC,D
15:10:02,UNVR,RG,4900,1,F,ZP,PD,D
15:10:02,UNVR,RG,4900,4,F,ZP,XC,D
15:10:02,UNVR,RG,4900,1,F,ZP,DH,D
15:10:02,UNVR,RG,4900,2,F,ZP,SQ,D
15:10:02,UNVR,RG,4900,5,F,ZP,CC,D
15:10:02,UNVR,RG,4900,6,F,ZP,KK,D
15:10:02,UNVR,RG,4900,10,F,ZP,EP,D
15:10:02,UNVR,RG,4900,1,F,ZP,XC,D
15:10:02,UNVR,RG,4900,5,F,ZP,PD,D
15:10:02,UNVR,RG,4900,1,F,ZP,NI,D
15:10:02,UNVR,RG,4900,2,F,ZP,NI,D
15:10:02,UNVR,RG,4900,2,F,ZP,DH,D
15:10:02,UNVR,RG,4900,10,F,ZP,NI,D
15:10:02,UNVR,RG,4900,3,F,ZP,XC,D
15:10:02,UNVR,RG,4900,60,F,ZP,PD,D
15:10:02,UNVR,RG,4900,1,F,ZP,DR,D
15:10:02,UNVR,RG,4900,30,F,ZP,ZP,D
15:10:02,UNVR,RG,4900,10,F,ZP,PD,D
15:10:02,UNVR,RG,4900,2,F,ZP,XL,D
15:10:02,UNVR,RG,4900,1,F,ZP,XC,D
15:10:02,UNVR,RG,4900,6,F,ZP,NI,D
15:10:02,UNVR,RG,4900,1,F,ZP,YP,D
15:10:02,UNVR,RG,4900,10,F,ZP,OD,D
15:10:02,UNVR,RG,4900,106,F,ZP,CC,D
15:10:02,UNVR,RG,4900,5,F,ZP,OD,D
15:10:02,UNVR,RG,4900,100,F,ZP,CC,D
15:10:02,UNVR,RG,4900,50,F,ZP,GR,D
15:10:02,UNVR,RG,4900,23,F,ZP,XC,D
15:10:02,UNVR,RG,4900,18,F,ZP,XC,D
15:10:02,UNVR,RG,4900,43,F,ZP,XC,D
15:10:02,UNVR,RG,4900,1,F,ZP,NI,D
15:10:02,UNVR,RG,4900,100,F,ZP,PD,D
15:10:02,UNVR,RG,4900,1,F,ZP,XC,D
15:10:02,UNVR,RG,4900,5,F,ZP,CC,D
15:10:02,UNVR,RG,4900,5,F,ZP,YP,D
15:10:02,UNVR,RG,4900,3,F,ZP,XC,D
15:10:02,UNVR,RG,4900,1,F,ZP,LG,D
15:10:02,UNVR,RG,4900,1,F,ZP,YP,D
15:10:02,UNVR,RG,4900,5,F,ZP,PD,D
15:10:02,UNVR,RG,4900,7,F,ZP,PD,D
15:10:02,UNVR,RG,4900,20,F,ZP,SQ,D
15:10:02,UNVR,RG,4900,4,F,ZP,YP,D
15:10:02,UNVR,RG,4900,2,F,ZP,CC,D
15:10:02,UNVR,RG,4900,5,F,ZP,GR,D
15:10:02,UNVR,RG,4900,1,F,ZP,CC,D
15:10:02,UNVR,RG,4900,20,F,ZP,CC,D
15:10:02,UNVR,RG,4900,10,F,ZP,YP,D
15:10:02,UNVR,RG,4900,1,F,ZP,PD,D
15:10:02,UNVR,RG,4900,9,F,ZP,KK,D
15:10:02,UNVR,RG,4900,20,F,ZP,XC,D
15:10:02,UNVR,RG,4900,2,F,ZP,YP,D
15:10:02,UNVR,RG,4900,6,F,ZP,XC,D
15:10:02,UNVR,RG,4900,85,F,ZP,DR,D
15:10:02,UNVR,RG,4900,10,F,ZP,XL,D
15:10:02,UNVR,RG,4900,5,F,ZP,PD,D
15:10:02,UNVR,RG,4900,1,F,ZP,XL,D
15:10:02,UNVR,RG,4900,1,F,ZP,XC,D
15:10:02,UNVR,RG,4900,40,F,ZP,GR,D
15:10:02,UNVR,RG,4900,120,F,ZP,EP,D
15:10:02,UNVR,RG,4900,5,F,ZP,YP,D
15:10:02,UNVR,RG,4900,1,F,ZP,KK,D
15:10:02,UNVR,RG,4900,20,F,ZP,CC,D
15:10:02,UNVR,RG,4900,82,F,ZP,XL,D
15:10:02,UNVR,RG,4900,1,F,ZP,XC,D
15:10:02,UNVR,RG,4900,25,F,ZP,YU,D
15:10:02,UNVR,RG,4900,5,F,ZP,PD,D
15:10:02,UNVR,RG,4900,12,F,ZP,OD,D
15:10:02,UNVR,RG,4900,2,F,ZP,KK,D
15:10:02,UNVR,RG,4900,1,F,ZP,YP,D
15:10:02,UNVR,RG,4900,1,F,ZP,XC,D
15:10:02,UNVR,RG,4900,2,F,ZP,CC,D
15:10:02,UNVR,RG,4900,2,F,ZP,CC,D
15:10:02,UNVR,RG,4900,70,F,ZP,YP,D
15:10:02,UNVR,RG,4900,20,F,ZP,CC,D
15:10:02,UNVR,RG,4900,1,F,ZP,CC,D
15:10:02,UNVR,RG,4900,82,F,ZP,YP,D
15:10:02,UNVR,RG,4900,2,F,ZP,CC,D
15:10:02,UNVR,RG,4900,2,F,ZP,YP,D
15:10:02,UNVR,RG,4900,2,F,ZP,XC,D
15:10:02,UNVR,RG,4900,1,F,ZP,XC,D
15:10:02,UNVR,RG,4900,5,F,ZP,YP,D
15:10:02,UNVR,RG,4900,1,F,ZP,XC,D
15:10:02,UNVR,RG,4900,5,F,ZP,XC,D
15:10:02,UNVR,RG,4900,7,F,ZP,CC,D
15:10:02,UNVR,RG,4900,20,F,ZP,NI,F
15:10:02,UNVR,RG,4900,1,F,ZP,XC,D
15:10:02,UNVR,RG,4900,1,F,ZP,XC,D
15:10:02,UNVR,RG,4900,80,F,ZP,XC,D
15:10:02,UNVR,RG,4900,5,F,ZP,XC,D
15:10:02,UNVR,RG,4900,38,F,ZP,XC,D
15:10:02,UNVR,RG,4900,8,F,ZP,CC,D
15:10:02,UNVR,RG,4900,1,F,ZP,XC,D
15:10:02,UNVR,RG,4900,10,F,ZP,CC,D
15:10:02,UNVR,RG,4900,1,F,ZP,XC,D
15:10:02,UNVR,RG,4900,1,F,ZP,XC,D
15:10:02,UNVR,RG,4900,2,F,ZP,XC,D
15:10:02,UNVR,RG,4900,3,F,ZP,YP,D
15:10:02,UNVR,RG,4900,1,F,ZP,YP,D
15:10:02,UNVR,RG,4900,1,F,ZP,YP,D
15:10:02,UNVR,RG,4900,2,F,ZP,YP,D
15:10:02,UNVR,RG,4900,42,F,ZP,KK,D
15:10:02,UNVR,RG,4900,1,F,ZP,LG,D
15:10:02,UNVR,RG,4900,199,F,ZP,ZP,D
15:10:02,UNVR,RG,4900,1,F,ZP,PD,D
15:10:02,UNVR,RG,4900,1,F,ZP,KK,D
15:10:02,UNVR,RG,4900,5,F,ZP,PD,D
15:10:02,UNVR,RG,4900,10,F,ZP,PD,D
15:10:02,UNVR,RG,4900,5,F,ZP,PD,D
15:10:02,UNVR,RG,4900,15,F,ZP,KK,D
15:10:02,UNVR,RG,4900,20,F,ZP,PD,D
15:10:02,UNVR,RG,4900,2,F,ZP,PD,D
15:10:02,UNVR,RG,4900,3,F,ZP,PD,D
15:10:02,UNVR,RG,4900,10,F,ZP,PD,D
15:10:02,UNVR,RG,4900,1,F,ZP,KK,D
15:10:02,UNVR,RG,4900,21,F,ZP,KK,D
15:10:02,UNVR,RG,4900,20,F,ZP,KK,D
15:10:02,UNVR,RG,4900,70,F,ZP,AZ,D
15:10:02,UNVR,RG,4900,2,F,ZP,KK,D
15:10:02,UNVR,RG,4900,2,F,ZP,KK,D
15:10:02,UNVR,RG,4900,1,F,ZP,KK,D
15:10:02,UNVR,RG,4900,40,F,ZP,EP,D
15:10:02,UNVR,RG,4900,1,F,ZP,EP,D
15:10:02,UNVR,RG,4900,42,F,ZP,EP,D
15:10:02,UNVR,RG,4900,2,F,ZP,AT,D
15:10:02,UNVR,RG,4900,9,F,ZP,DR,D
15:10:02,UNVR,RG,4900,1,F,ZP,CP,D
15:10:02,UNVR,RG,4900,6,F,ZP,EP,D
15:10:02,UNVR,RG,4900,200,F,ZP,IF,D
15:10:02,UNVR,RG,4900,20,F,ZP,GR,D
15:10:02,UNVR,RG,4900,1,F,ZP,GR,D
15:10:02,UNVR,RG,4900,90,F,ZP,GR,D
15:10:02,UNVR,RG,4900,1,F,ZP,PC,D
15:10:02,UNVR,RG,4900,5,F,ZP,PD,D
15:10:02,UNVR,RG,4900,1,F,ZP,CC,D
15:10:02,UNVR,RG,4900,2,F,ZP,XC,D
15:10:02,UNVR,RG,4900,50,F,ZP,KK,D
15:10:02,UNVR,RG,4900,20,F,ZP,SQ,D
15:10:02,UNVR,RG,4900,5,F,ZP,PD,D
15:10:02,UNVR,RG,4900,1,F,ZP,DH,D
15:10:02,UNVR,RG,4900,5,F,ZP,YP,D
15:10:02,UNVR,RG,4900,1,F,ZP,CC,D
15:10:02,UNVR,RG,4900,20,F,ZP,XC,D
15:10:02,UNVR,RG,4900,59,F,ZP,KK,D
15:10:02,UNVR,RG,4900,51,F,ZP,PD,D
15:10:02,UNVR,RG,4900,10,F,ZP,GR,D
15:10:02,UNVR,RG,4900,3,F,ZP,XC,D
15:10:02,UNVR,RG,4900,3,F,ZP,PD,D
15:10:02,UNVR,RG,4900,1,F,ZP,XC,D
15:10:02,UNVR,RG,4900,18,F,ZP,PD,D
15:10:02,UNVR,RG,4900,32,F,ZP,CC,D
15:10:02,UNVR,RG,4900,100,F,ZP,GR,D
15:10:02,UNVR,RG,4900,1,F,ZP,XC,D
15:10:02,UNVR,RG,4900,100,F,ZP,PD,D
15:10:02,UNVR,RG,4900,10,F,ZP,KK,D
15:10:02,UNVR,RG,4900,2,F,ZP,YP,D
15:10:02,UNVR,RG,4900,1,F,ZP,YP,D
15:10:02,UNVR,RG,4900,30,F,ZP,KI,D
15:10:02,UNVR,RG,4900,1,F,ZP,DH,D
15:10:02,UNVR,RG,4900,20,F,ZP,NI,D
15:10:02,UNVR,RG,4900,1,F,ZP,XC,D
15:10:02,UNVR,RG,4900,50,F,ZP,CC,D
15:10:02,UNVR,RG,4900,1,F,ZP,YP,D
15:10:02,UNVR,RG,4900,2,F,ZP,PD,D
15:10:02,UNVR,RG,4900,1,F,ZP,DH,D
15:10:02,UNVR,RG,4900,50,F,ZP,OD,D
15:10:02,UNVR,RG,4900,18,F,ZP,DH,D
15:10:02,UNVR,RG,4900,10,F,ZP,YP,D
15:10:02,UNVR,RG,4900,90,F,ZP,XC,D
15:10:02,UNVR,RG,4900,3,F,ZP,XC,D
15:10:02,UNVR,RG,4900,1,F,ZP,YP,D
15:10:02,UNVR,RG,4900,1,F,ZP,NI,D
15:10:02,UNVR,RG,4900,2,F,ZP,PD,D
15:10:02,UNVR,RG,4900,10,F,ZP,YP,D
15:10:02,UNVR,RG,4900,5,F,ZP,XC,D
15:10:02,UNVR,RG,4900,148,F,ZP,KK,D
15:10:02,UNVR,RG,4900,5,F,ZP,XC,D
15:10:02,UNVR,RG,4900,5,F,ZP,LG,D
15:10:02,UNVR,RG,4900,1,F,ZP,XC,D
15:10:02,UNVR,RG,4900,11,F,ZP,XC,D
15:10:02,UNVR,RG,4900,2,F,ZP,PD,D
15:10:02,UNVR,RG,4900,20,F,ZP,LG,D
15:10:02,UNVR,RG,4900,4,F,ZP,PD,D
15:10:02,UNVR,RG,4900,1,F,ZP,MU,D
15:10:02,UNVR,RG,4900,1,F,ZP,NI,D
15:10:02,UNVR,RG,4900,1,F,ZP,PD,D
15:10:02,UNVR,RG,4900,2,F,ZP,CC,D
15:10:02,UNVR,RG,4900,120,F,ZP,PD,D
15:10:02,UNVR,RG,4900,2,F,ZP,YP,D
15:10:02,UNVR,RG,4900,3,F,ZP,CC,D
15:10:02,UNVR,RG,4900,100,F,ZP,AG,D
15:10:02,UNVR,RG,4900,100,F,ZP,SQ,D
15:10:02,UNVR,RG,4900,1,F,ZP,OD,D
15:10:02,UNVR,RG,4900,10,F,ZP,SQ,D
15:10:02,UNVR,RG,4900,9,F,ZP,XC,D
15:10:02,UNVR,RG,4900,10,F,ZP,DX,D
15:10:02,UNVR,RG,4900,30,F,ZP,PD,D
15:10:02,UNVR,RG,4900,35,F,ZP,PD,D
15:10:02,UNVR,RG,4900,250,F,ZP,SH,D
15:10:02,UNVR,RG,4900,50,F,ZP,YP,D
15:10:02,UNVR,RG,4900,1,F,ZP,XC,D
15:10:02,UNVR,RG,4900,1,F,ZP,AZ,D
15:10:02,UNVR,RG,4900,3,F,ZP,YP,D
15:10:02,UNVR,RG,4900,7,F,ZP,CC,D
15:10:02,UNVR,RG,4900,9,F,ZP,KK,D
15:10:02,UNVR,RG,4900,250,F,ZP,ES,D
15:10:02,UNVR,RG,4900,10,F,ZP,AI,D
15:10:02,UNVR,RG,4900,5,F,ZP,PD,D
15:10:02,UNVR,RG,4900,25,F,ZP,CC,D
15:10:02,UNVR,RG,4900,1,F,ZP,XC,D
15:10:02,UNVR,RG,4900,50,F,ZP,GR,D
15:10:02,UNVR,RG,4900,1,F,ZP,AT,D
15:10:02,UNVR,RG,4900,490,F,ZP,CC,D
15:10:02,UNVR,RG,4900,6,F,ZP,PD,D
15:10:02,UNVR,RG,4900,200,F,ZP,YJ,D
15:10:02,UNVR,RG,4900,25,F,ZP,KK,D
15:10:02,UNVR,RG,4900,4,F,ZP,PD,D
15:10:02,UNVR,RG,4900,1,F,ZP,XL,D
15:10:02,UNVR,RG,4900,5,F,ZP,PC,D
15:10:02,UNVR,RG,4900,2,F,ZP,YP,D
15:10:02,UNVR,RG,4900,17,F,ZP,YP,D
15:10:02,UNVR,RG,4900,60,F,ZP,DH,D
15:10:02,UNVR,RG,4900,2,F,ZP,XC,D
15:10:02,UNVR,RG,4900,5,F,ZP,EP,D
15:10:02,UNVR,RG,4900,10,F,ZP,KK,D
15:10:02,UNVR,RG,4900,22,F,ZP,DR,D
15:10:02,UNVR,RG,4900,2,F,ZP,XC,D
15:10:02,UNVR,RG,4900,1,F,ZP,OD,D
15:10:02,UNVR,RG,4900,10,F,ZP,KK,D
15:10:02,UNVR,RG,4900,5,F,ZP,SQ,D
15:10:02,UNVR,RG,4900,25,F,ZP,AZ,D
15:10:02,UNVR,RG,4900,10,F,ZP,SQ,D
15:10:02,UNVR,RG,4900,1,F,ZP,CC,D
15:10:02,UNVR,RG,4900,2,F,ZP,CC,D
15:10:02,UNVR,RG,4900,1042,F,ZP,CC,D
15:10:02,UNVR,RG,4900,55,F,ZP,EP,D
15:10:02,UNVR,RG,4900,1,F,ZP,YP,D
15:10:02,UNVR,RG,4900,5,F,ZP,DH,D
15:10:02,UNVR,RG,4900,3,F,ZP,DR,D
15:10:02,UNVR,RG,4900,1,F,ZP,PD,D
15:10:02,UNVR,RG,4900,5,F,ZP,PD,D
15:10:02,UNVR,RG,4900,10,F,ZP,PS,D
15:10:02,UNVR,RG,4900,150,F,ZP,OD,D
15:10:02,UNVR,RG,4900,1,F,ZP,SQ,D
15:10:02,UNVR,RG,4900,10,F,ZP,CC,D
15:10:02,UNVR,RG,4900,5,F,ZP,SQ,D
15:10:02,UNVR,RG,4900,2,F,ZP,SQ,D
15:10:02,UNVR,RG,4900,21,F,ZP,XA,D
15:10:02,UNVR,RG,4900,1,F,ZP,SQ,D
15:10:02,UNVR,RG,4900,10,F,ZP,HP,D
15:10:02,UNVR,RG,4900,1,F,ZP,KK,D
15:10:02,UNVR,RG,4900,2,F,ZP,CC,D
15:10:02,UNVR,RG,4900,1,F,ZP,YP,D
15:10:02,UNVR,RG,4900,100,F,ZP,YP,D
15:10:02,UNVR,RG,4900,20,F,ZP,SQ,D
15:10:02,UNVR,RG,4900,25,F,ZP,SQ,D
15:10:02,UNVR,RG,4900,2,F,ZP,XC,D
15:10:02,UNVR,RG,4900,25,F,ZP,YP,D
15:10:02,UNVR,RG,4900,1,F,ZP,YP,D
15:10:02,UNVR,RG,4900,1393,F,ZP,ES,D
15:09:57,UNVR,RG,4900,1,D,YP,ES,D
15:08:39,UNVR,RG,4900,3,F,AK,ES,D
15:08:39,UNVR,RG,4900,63,D,EP,ES,D
15:08:29,UNVR,RG,4900,1,F,AK,ES,D
15:08:29,UNVR,RG,4900,5,D,YP,ES,D
15:07:56,UNVR,RG,4900,5,D,SQ,ES,D
15:07:34,UNVR,RG,4900,6,F,AK,ES,D
15:07:34,UNVR,RG,4900,92,D,AI,ES,D
15:07:34,UNVR,RG,4900,5,D,AI,XC,D
15:07:34,UNVR,RG,4900,1,D,AI,KK,D
15:07:34,UNVR,RG,4900,1,D,AI,KK,D
15:07:34,UNVR,RG,4900,1,D,AI,XC,D
15:07:31,UNVR,RG,4900,3,F,AK,PD,D
15:07:31,UNVR,RG,4900,1,F,AK,YP,D
15:07:31,UNVR,RG,4900,5,F,AK,PD,D
15:07:31,UNVR,RG,4900,2,F,AK,KK,D
15:07:31,UNVR,RG,4900,10,F,AK,PD,D
15:07:31,UNVR,RG,4900,1,F,AK,XC,D
15:07:31,UNVR,RG,4900,10,F,AK,DR,D
15:07:31,UNVR,RG,4900,5,F,AK,YP,D
15:07:31,UNVR,RG,4900,20,F,AK,YP,D
15:07:31,UNVR,RG,4900,30,D,EP,YP,D
15:07:31,UNVR,RG,4900,3,D,EP,SQ,D
15:07:31,UNVR,RG,4900,3,D,EP,CC,D
15:07:31,UNVR,RG,4900,83,D,EP,KK,D
15:07:31,UNVR,RG,4900,40,D,EP,PD,D
15:07:31,UNVR,RG,4900,7,D,EP,CC,D
15:07:31,UNVR,RG,4900,1,D,EP,XC,D
15:07:31,UNVR,RG,4900,6,D,EP,GR,D
15:07:31,UNVR,RG,4900,40,D,EP,YP,D
15:07:31,UNVR,RG,4900,1,D,EP,XC,D
15:07:31,UNVR,RG,4900,1,D,EP,SQ,D
15:07:31,UNVR,RG,4900,1,D,EP,XL,D
15:07:31,UNVR,RG,4900,1,D,EP,YP,D
15:07:31,UNVR,RG,4900,8,D,EP,DX,D
15:07:31,UNVR,RG,4900,1,D,EP,PD,D
15:07:31,UNVR,RG,4900,50,D,EP,YP,D
15:07:31,UNVR,RG,4900,3,D,EP,XC,D
15:07:31,UNVR,RG,4900,42,D,EP,FZ,D
15:07:31,UNVR,RG,4900,5,D,EP,AZ,D
15:07:31,UNVR,RG,4900,5,D,EP,SQ,D
15:07:31,UNVR,RG,4900,13,D,EP,PD,D
15:07:31,UNVR,RG,4900,5,D,EP,YU,D
15:07:31,UNVR,RG,4900,10,D,EP,KI,D
15:07:31,UNVR,RG,4900,10,D,EP,PD,D
15:07:31,UNVR,RG,4900,1,D,EP,YP,D
15:07:31,UNVR,RG,4900,15,D,EP,OD,D
15:07:31,UNVR,RG,4900,85,D,EP,OD,D
15:07:31,UNVR,RG,4900,2,D,EP,CC,D
15:07:31,UNVR,RG,4900,1,D,EP,PD,D
15:07:31,UNVR,RG,4900,22,D,EP,EP,D
15:07:31,UNVR,RG,4900,15,D,EP,SQ,D
15:07:31,UNVR,RG,4900,1,D,EP,XC,D
15:07:31,UNVR,RG,4900,20,D,EP,CC,D
15:07:31,UNVR,RG,4900,16,D,EP,XA,D
15:07:31,UNVR,RG,4900,1,D,EP,XL,D
15:07:31,UNVR,RG,4900,16,D,EP,PD,D
15:07:31,UNVR,RG,4900,1,D,EP,XC,D
15:07:31,UNVR,RG,4900,5,D,EP,YB,D
15:07:31,UNVR,RG,4900,8,D,EP,NI,D
15:07:31,UNVR,RG,4900,10,D,EP,XC,D
15:07:31,UNVR,RG,4900,5,D,EP,NI,D
15:07:31,UNVR,RG,4900,10,D,EP,CC,D
15:07:31,UNVR,RG,4900,1,D,EP,XL,D
15:07:31,UNVR,RG,4900,2,D,EP,DX,D
15:07:31,UNVR,RG,4900,1,D,EP,NI,D
15:07:31,UNVR,RG,4900,300,D,EP,CC,D
15:07:31,UNVR,RG,4900,1,D,EP,XC,D
15:07:31,UNVR,RG,4900,1,D,EP,AT,D
15:07:31,UNVR,RG,4900,10,D,EP,CP,D
15:07:31,UNVR,RG,4900,10,D,EP,XC,D
15:07:31,UNVR,RG,4900,52,D,EP,NI,D
15:07:31,UNVR,RG,4900,19,D,EP,CC,D
15:07:27,UNVR,RG,4900,1,F,AK,CC,D
15:07:27,UNVR,RG,4900,14,D,KK,CC,D
15:07:19,UNVR,RG,4900,15,F,AK,CC,D
15:07:18,UNVR,RG,4900,62,F,AK,CC,D
15:07:18,UNVR,RG,4900,100,F,AK,PD,D
15:07:18,UNVR,RG,4900,100,F,AK,KK,F
15:07:18,UNVR,RG,4900,9,F,AK,YP,D
15:07:18,UNVR,RG,4900,6,F,YU,YP,D
15:07:18,UNVR,RG,4900,1,F,YU,XC,D
15:07:18,UNVR,RG,4900,3,F,YU,XC,D
15:07:18,UNVR,RG,4900,5,F,YU,KK,D
15:07:18,UNVR,RG,4900,10,F,YU,EP,D
15:07:18,UNVR,RG,4900,5,F,YU,KK,D
15:07:18,UNVR,RG,4900,5,F,YU,KK,D
15:07:18,UNVR,RG,4900,11,F,YU,NI,D
15:07:18,UNVR,RG,4900,9,F,YU,NI,D
15:07:18,UNVR,RG,4900,10,F,YU,CC,D
15:07:18,UNVR,RG,4900,8,F,YU,GR,D
15:07:18,UNVR,RG,4900,50,F,YU,YP,D
15:07:18,UNVR,RG,4900,5,F,YU,CC,D
15:07:18,UNVR,RG,4900,3,F,YU,YP,D
15:07:18,UNVR,RG,4900,565,F,YU,SQ,D
15:07:18,UNVR,RG,4900,2,F,YU,YP,D
15:07:18,UNVR,RG,4900,10,F,YU,YP,D
15:07:18,UNVR,RG,4900,20,F,YU,YP,D
15:07:18,UNVR,RG,4900,22,F,YU,XC,D
15:07:18,UNVR,RG,4900,50,F,YU,SQ,D
15:07:18,UNVR,RG,4900,1,F,YU,YP,D
15:07:18,UNVR,RG,4900,10,F,YU,CC,D
15:07:18,UNVR,RG,4900,2,F,YU,PD,D
15:07:18,UNVR,RG,4900,10,F,YU,DH,D
15:07:18,UNVR,RG,4900,20,F,YU,ZP,D
15:07:18,UNVR,RG,4900,9,F,YU,KK,D
15:07:18,UNVR,RG,4900,15,F,YU,XC,D
15:07:18,UNVR,RG,4900,128,F,YU,NI,D
15:07:18,UNVR,RG,4900,7,F,YU,XC,D
15:07:18,UNVR,RG,4900,1,F,YU,PD,D
15:07:18,UNVR,RG,4900,20,F,YU,PD,D
15:07:18,UNVR,RG,4900,2,F,YU,ZP,D
15:07:18,UNVR,RG,4900,10,F,YU,YP,D
15:07:18,UNVR,RG,4900,75,F,YU,LG,D
15:07:18,UNVR,RG,4900,2,F,YU,XL,D
15:07:18,UNVR,RG,4900,10,F,YU,NI,D
15:07:18,UNVR,RG,4900,10,F,YU,XC,D
15:07:18,UNVR,RG,4900,1,F,YU,XC,D
15:07:18,UNVR,RG,4900,26,F,YU,XC,D
15:07:18,UNVR,RG,4900,25,F,YU,OD,D
15:07:18,UNVR,RG,4900,2,F,YU,KK,D
15:07:18,UNVR,RG,4900,21,F,YU,SQ,D
15:07:18,UNVR,RG,4900,2,F,YU,PD,D
15:07:18,UNVR,RG,4900,2,F,YU,DR,D
15:07:18,UNVR,RG,4900,5,F,YU,KK,D
15:07:18,UNVR,RG,4900,10,F,YU,CC,D
15:07:18,UNVR,RG,4900,1,F,YU,XC,D
15:07:18,UNVR,RG,4900,1000,F,YU,ZP,D
15:07:18,UNVR,RG,4900,1,F,YU,SQ,D
15:07:18,UNVR,RG,4900,10,F,YU,KK,D
15:07:18,UNVR,RG,4900,4,F,YU,TP,D
15:07:18,UNVR,RG,4900,1,F,YU,NI,D
15:07:18,UNVR,RG,4900,1,F,YU,NI,D
15:07:18,UNVR,RG,4900,5,F,YU,XC,D
15:07:18,UNVR,RG,4900,8,F,YU,XL,D
15:07:18,UNVR,RG,4900,10,F,YU,YP,D
15:07:18,UNVR,RG,4900,2,F,YU,PD,D
15:07:18,UNVR,RG,4900,5,F,YU,YP,D
15:07:18,UNVR,RG,4900,15,F,YU,XC,D
15:07:18,UNVR,RG,4900,2,F,YU,YP,D
15:07:18,UNVR,RG,4900,3,F,YU,PD,D
15:07:18,UNVR,RG,4900,89,F,YU,NI,D
15:07:18,UNVR,RG,4900,5,F,YU,OD,D
15:07:18,UNVR,RG,4900,1,F,YU,MG,D
15:07:18,UNVR,RG,4900,8,F,YU,KK,D
15:07:18,UNVR,RG,4900,1,F,YU,DH,D
15:07:18,UNVR,RG,4900,4,F,YU,PC,D
15:07:18,UNVR,RG,4900,5,F,YU,XC,D
15:07:18,UNVR,RG,4900,3,F,YU,DR,D
15:07:18,UNVR,RG,4900,2,F,YU,YB,D
15:07:18,UNVR,RG,4900,100,F,YU,YJ,D
15:07:18,UNVR,RG,4900,150,F,YU,PD,D
15:07:18,UNVR,RG,4900,1,F,YU,XC,D
15:07:18,UNVR,RG,4900,308,F,YU,KK,D
15:07:18,UNVR,RG,4900,3,F,YU,GR,D
15:07:18,UNVR,RG,4900,60,F,YU,YP,D
15:07:18,UNVR,RG,4900,29,F,YU,PD,D
15:07:18,UNVR,RG,4900,1000,F,YU,SQ,D
15:07:18,UNVR,RG,4900,50,F,YU,SA,D
15:07:18,UNVR,RG,4900,20,F,YU,OD,D
15:07:18,UNVR,RG,4900,5,F,YU,YP,D
15:07:18,UNVR,RG,4900,600,F,YU,YP,D
15:07:18,UNVR,RG,4900,1,F,YU,EP,D
15:07:18,UNVR,RG,4900,1,F,YU,YB,D
15:07:18,UNVR,RG,4900,200,F,YU,CC,D
15:07:18,UNVR,RG,4900,1,F,YU,YP,D
15:07:18,UNVR,RG,4900,10,F,YU,PD,D
15:07:18,UNVR,RG,4900,10,F,YU,KK,D
15:07:18,UNVR,RG,4900,11,F,YU,GR,D
15:07:18,UNVR,RG,4900,5,F,YU,PO,D
15:07:18,UNVR,RG,4900,23,F,YU,CC,D
15:07:09,UNVR,RG,4900,17,F,AK,CC,D
15:07:09,UNVR,RG,4900,10,D,NI,CC,D
15:07:09,UNVR,RG,4900,2,D,NI,BQ,D
15:07:09,UNVR,RG,4900,30,D,NI,EP,D
15:07:09,UNVR,RG,4900,1,D,NI,NI,D
15:07:09,UNVR,RG,4900,5,D,NI,DH,D
15:07:09,UNVR,RG,4900,10,D,NI,PD,D
15:07:09,UNVR,RG,4900,2,D,NI,TF,D
15:07:09,UNVR,RG,4900,25,D,NI,YP,D
15:07:09,UNVR,RG,4900,77,D,NI,NI,D
15:07:09,UNVR,RG,4900,2,D,NI,DX,D
15:07:09,UNVR,RG,4900,10,D,NI,CC,D
15:07:09,UNVR,RG,4900,50,D,NI,YP,D
15:07:09,UNVR,RG,4900,10,D,NI,EP,D
15:07:09,UNVR,RG,4900,5,D,NI,XC,D
15:07:09,UNVR,RG,4900,1,D,NI,NI,D
15:07:09,UNVR,RG,4900,50,D,NI,KK,D
15:07:09,UNVR,RG,4900,10,D,NI,XC,D
15:07:05,UNVR,RG,4900,2,D,YB,XC,D
15:06:57,UNVR,RG,4900,1,F,AK,XC,D
15:06:56,UNVR,RG,4900,2,D,YB,XC,D
15:06:54,UNVR,RG,4900,8,D,YP,XC,D
15:06:54,UNVR,RG,4900,2,D,YP,SQ,D
15:05:54,UNVR,RG,4900,11,F,AK,SQ,D
15:05:53,UNVR,RG,4900,7,D,KK,SQ,D
15:05:53,UNVR,RG,4900,100,D,KK,NI,D
15:05:53,UNVR,RG,4900,1,D,KK,NI,D
15:05:53,UNVR,RG,4900,25,D,KK,PD,D
15:05:53,UNVR,RG,4900,5,D,KK,SQ,D
15:05:53,UNVR,RG,4900,2,D,KK,PD,D
15:05:53,UNVR,RG,4900,1,D,KK,CP,D
15:05:53,UNVR,RG,4900,10,D,KK,YP,D
15:05:53,UNVR,RG,4900,3,D,KK,YP,D
15:05:53,UNVR,RG,4900,10,D,KK,NI,D
15:05:53,UNVR,RG,4900,32,D,KK,KK,D
15:05:51,UNVR,RG,4900,1,F,AK,KK,D
15:05:50,UNVR,RG,4900,10,D,DR,KK,D
15:04:57,UNVR,RG,4900,1,D,YP,KK,D
15:04:12,UNVR,RG,4900,9,D,YP,KK,D
15:04:04,UNVR,RG,4900,29,F,AK,KK,D
15:04:04,UNVR,RG,4900,1,F,AK,KK,D
15:04:04,UNVR,RG,4900,10,F,AK,EP,D
15:04:04,UNVR,RG,4900,5,F,AK,AT,D
15:04:04,UNVR,RG,4900,1,F,AK,XC,D
15:04:04,UNVR,RG,4900,2,F,AK,XC,D
15:04:03,UNVR,RG,4900,8,D,YP,XC,D
15:04:03,UNVR,RG,4900,5,D,YP,NI,D
15:04:03,UNVR,RG,4900,2,D,YP,CC,D
15:04:03,UNVR,RG,4900,4,D,YP,YB,D
15:04:03,UNVR,RG,4900,75,D,YP,YP,D
15:04:03,UNVR,RG,4900,50,D,YP,SQ,D
15:04:03,UNVR,RG,4900,1,D,YP,YP,D
15:04:03,UNVR,RG,4900,5,D,YP,CC,D
15:04:03,UNVR,RG,4900,173,D,YP,NI,D
15:04:03,UNVR,RG,4900,3,D,YP,SQ,D
15:04:03,UNVR,RG,4900,1,D,YP,CC,D
15:04:03,UNVR,RG,4900,5,D,YP,CC,D
15:04:03,UNVR,RG,4900,10,D,YP,YP,D
15:04:03,UNVR,RG,4900,2,D,YP,PD,D
15:04:03,UNVR,RG,4900,30,D,YP,NI,D
15:04:03,UNVR,RG,4900,2,D,YP,PD,D
15:04:03,UNVR,RG,4900,1,D,YP,XC,D
15:04:03,UNVR,RG,4900,1,D,YP,CC,D
15:04:03,UNVR,RG,4900,20,D,YP,XC,D
15:04:03,UNVR,RG,4900,9,D,YP,XC,D
15:04:03,UNVR,RG,4900,200,D,YP,YP,D
15:04:03,UNVR,RG,4900,23,D,YP,PD,D
15:04:03,UNVR,RG,4900,40,D,YP,YP,D
15:04:03,UNVR,RG,4900,1,D,YP,YP,D
15:04:03,UNVR,RG,4900,3,D,YP,XC,D
15:04:03,UNVR,RG,4900,30,D,YP,GR,D
15:04:03,UNVR,RG,4900,1,D,YP,CC,D
15:04:03,UNVR,RG,4900,3,D,YP,PD,D
15:04:03,UNVR,RG,4900,2,D,YP,YP,D
15:04:03,UNVR,RG,4900,1,D,YP,PD,D
15:04:03,UNVR,RG,4900,30,D,YP,CC,D
15:04:03,UNVR,RG,4900,1,D,YP,SQ,D
15:04:03,UNVR,RG,4900,1,D,YP,DR,D
15:04:03,UNVR,RG,4900,8,D,YP,XC,D
15:04:03,UNVR,RG,4900,2,D,YP,XC,D
15:04:03,UNVR,RG,4900,3,D,YP,GR,D
15:04:03,UNVR,RG,4900,5,D,YP,PD,D
15:04:03,UNVR,RG,4900,10,D,YP,MK,D
15:04:03,UNVR,RG,4900,8,D,YP,XC,D
15:04:03,UNVR,RG,4900,3,D,YP,XL,D
15:04:03,UNVR,RG,4900,3,D,YP,YP,D
15:04:03,UNVR,RG,4900,10,D,YP,LG,D
15:04:03,UNVR,RG,4900,1,D,YP,DX,D
15:04:03,UNVR,RG,4900,10,D,YP,YU,D
15:04:03,UNVR,RG,4900,2,D,YP,PD,D
15:04:03,UNVR,RG,4900,5,D,YP,XC,D
15:04:03,UNVR,RG,4900,1,D,YP,XC,D
15:04:03,UNVR,RG,4900,1,D,YP,DH,D
15:04:03,UNVR,RG,4900,1,D,YP,PD,D
15:04:03,UNVR,RG,4900,18,D,YP,PD,D
15:04:03,UNVR,RG,4900,3,D,YP,YP,D
15:03:56,UNVR,RG,4900,1,F,AK,YP,D
15:03:55,UNVR,RG,4900,4,D,YB,YP,D
15:02:49,UNVR,RG,4900,5,F,AK,YP,D
15:02:48,UNVR,RG,4900,200,D,YP,YP,D
15:02:36,UNVR,RG,4900,1,D,YB,YP,D
15:02:20,UNVR,RG,4900,2,D,XL,YP,D
15:02:17,UNVR,RG,4900,4,D,ZP,YP,D
15:02:17,UNVR,RG,4900,1,D,ZP,XC,D
15:02:17,UNVR,RG,4900,2,D,ZP,CC,D
15:02:17,UNVR,RG,4900,53,D,ZP,NI,D
15:02:05,UNVR,RG,4900,47,D,YP,NI,D
15:02:05,UNVR,RG,4900,3,D,YP,YP,D
15:01:59,UNVR,RG,4900,2,D,EP,YP,D
15:01:59,UNVR,RG,4900,5,D,EP,NI,D
15:01:59,UNVR,RG,4900,3,D,EP,PD,D
15:01:47,UNVR,RG,4900,36,D,SQ,PD,D
15:01:47,UNVR,RG,4900,10,D,SQ,YB,D
15:01:47,UNVR,RG,4900,1,D,SQ,YP,D
15:01:47,UNVR,RG,4900,56,D,SQ,PD,D
15:01:40,UNVR,RG,4900,40,D,PD,PD,D
15:01:37,UNVR,RG,4900,1,D,YB,PD,D
15:01:21,UNVR,RG,4900,2,D,YP,PD,D
15:01:12,UNVR,RG,4900,2,D,YP,PD,D
15:01:07,UNVR,RG,4900,2,D,YP,PD,D
15:01:01,UNVR,RG,4900,1,D,YP,PD,D
15:01:01,UNVR,RG,4900,17,D,YP,PD,D
15:01:01,UNVR,RG,4900,2,D,YP,PD,D
15:00:00,UNVR,RG,4900,1,F,AK,PD,D
15:00:00,UNVR,RG,4900,10,F,AK,PD,D
15:00:00,UNVR,RG,4900,2,F,AK,PD,D
15:00:00,UNVR,RG,4900,1,F,AK,PD,D
15:00:00,UNVR,RG,4900,20,D,YB,PD,D
15:00:00,UNVR,RG,4900,2,F,AK,PD,D
15:00:00,UNVR,RG,4900,4,F,AK,PD,D
15:00:00,UNVR,RG,4900,37,F,AK,PD,D
15:00:00,UNVR,RG,4900,2,F,AK,XL,D
15:00:00,UNVR,RG,4900,1,F,AK,YP,D
15:00:00,UNVR,RG,4900,26,F,AK,CC,D
15:00:00,UNVR,RG,4900,1,F,AK,CC,D
15:00:00,UNVR,RG,4900,12,D,XL,CC,D
15:00:00,UNVR,RG,4900,3,D,XL,PD,D
15:00:00,UNVR,RG,4900,5,D,XL,XC,D
15:00:00,UNVR,RG,4900,1,F,AK,XC,D
15:00:00,UNVR,RG,4900,10,D,DR,XC,D
15:00:00,UNVR,RG,4900,1,F,AK,XC,D
15:00:00,UNVR,RG,4900,13,F,AK,XC,D
15:00:00,UNVR,RG,4900,2,F,AK,XC,D
15:00:00,UNVR,RG,4900,1,F,AK,XC,D
15:00:00,UNVR,RG,4900,42,F,AK,YP,D
15:00:00,UNVR,RG,4900,58,F,AK,YP,D
15:00:00,UNVR,RG,4900,10,F,AK,CP,D
15:00:00,UNVR,RG,4900,3,F,AK,YP,D
15:00:00,UNVR,RG,4900,3,F,AK,PD,D
15:00:00,UNVR,RG,4900,50,F,AK,EP,D
15:00:00,UNVR,RG,4900,25,F,AK,PD,D
15:00:00,UNVR,RG,4900,25,F,AK,XC,D
15:00:00,UNVR,RG,4900,28,F,AK,GR,D
15:00:00,UNVR,RG,4900,22,F,AK,GR,D
15:00:00,UNVR,RG,4900,5,F,AK,CC,D
15:00:00,UNVR,RG,4900,20,F,AK,YP,D
15:00:00,UNVR,RG,4900,2,F,AK,PD,D
15:00:00,UNVR,RG,4900,5,F,AK,PD,D
15:00:00,UNVR,RG,4900,10,F,AK,PD,D
15:00:00,UNVR,RG,4900,2,F,AK,AZ,D
15:00:00,UNVR,RG,4900,3,F,AK,SQ,D
15:00:00,UNVR,RG,4900,3,F,AK,XC,D
15:00:00,UNVR,RG,4900,2,F,AK,XC,D
15:00:00,UNVR,RG,4900,1,F,AK,XC,D
15:00:00,UNVR,RG,4900,5,F,AK,XL,D
15:00:00,UNVR,RG,4900,20,F,AK,YP,D
15:00:00,UNVR,RG,4900,2,F,AK,PD,D
15:00:00,UNVR,RG,4900,8,F,AK,XC,D
15:00:00,UNVR,RG,4900,6,F,AK,EP,D
15:00:00,UNVR,RG,4900,5,F,AK,PD,D
15:00:00,UNVR,RG,4900,2,F,AK,PD,D
15:00:00,UNVR,RG,4900,59,F,AK,YP,D
15:00:00,UNVR,RG,4900,199,F,AK,YP,D
15:00:00,UNVR,RG,4900,10,F,AK,YP,D
15:00:00,UNVR,RG,4900,2,F,AK,YP,D
15:00:00,UNVR,RG,4900,2,F,AK,YP,D
15:00:00,UNVR,RG,4900,50,F,AK,YP,D
15:00:00,UNVR,RG,4900,178,F,AK,YP,D
15:00:00,UNVR,RG,4900,2,F,AK,YP,D
15:00:00,UNVR,RG,4900,5,F,AK,PD,D
15:00:00,UNVR,RG,4900,29,F,AK,CC,D
15:00:00,UNVR,RG,4900,1,F,AK,CC,D
15:00:00,UNVR,RG,4900,1,F,AK,DX,D
15:00:00,UNVR,RG,4900,10,F,AK,NI,D
15:00:00,UNVR,RG,4900,4,F,AK,XC,D
15:00:00,UNVR,RG,4900,100,F,AK,GR,D
15:00:00,UNVR,RG,4900,10,F,AK,SQ,D
15:00:00,UNVR,RG,4900,1,F,AK,PD,D
15:00:00,UNVR,RG,4900,1,F,AK,YP,D
15:00:00,UNVR,RG,4900,17,F,AK,PD,D
15:00:00,UNVR,RG,4900,1,F,AK,SQ,D
15:00:00,UNVR,RG,4900,5,F,AK,KK,D
15:00:00,UNVR,RG,4900,2,F,AK,CC,D
15:00:00,UNVR,RG,4900,9,F,AK,XL,D
15:00:00,UNVR,RG,4900,4,F,AK,XC,D
15:00:00,UNVR,RG,4900,5,F,AK,YP,D
15:00:00,UNVR,RG,4900,8,F,AK,CC,D
15:00:00,UNVR,RG,4900,10,F,AK,KK,D
15:00:00,UNVR,RG,4900,1,F,AK,YP,D
15:00:00,UNVR,RG,4900,20,F,AK,PD,D
15:00:00,UNVR,RG,4900,5,F,AK,XC,D
15:00:00,UNVR,RG,4900,63,F,AK,DH,D
15:00:00,UNVR,RG,4900,9,F,AK,YU,D
15:00:00,UNVR,RG,4900,1,F,AK,YU,D
15:00:00,UNVR,RG,4900,3,F,AK,CC,D
15:00:00,UNVR,RG,4900,1,F,AK,CC,D
15:00:00,UNVR,RG,4900,2,F,AK,CC,D
15:00:00,UNVR,RG,4900,3,F,AK,CC,D
15:00:00,UNVR,RG,4900,79,F,AK,CC,D
15:00:00,UNVR,RG,4900,17,F,AK,CC,D
15:00:00,UNVR,RG,4900,6,F,AK,DH,D
15:00:00,UNVR,RG,4900,8,F,AK,DH,D
15:00:00,UNVR,RG,4900,5,F,AK,DH,D
15:00:00,UNVR,RG,4900,1,F,AK,DH,D
15:00:00,UNVR,RG,4900,2,F,AK,DH,D
15:00:00,UNVR,RG,4900,16,F,AK,DH,D
15:00:00,UNVR,RG,4900,1,F,AK,DH,D
15:00:00,UNVR,RG,4900,1,F,AK,DH,D
15:00:00,UNVR,RG,4900,1,F,AK,DH,D
15:00:00,UNVR,RG,4900,1,F,AK,DH,D
15:00:00,UNVR,RG,4900,1,F,AK,DH,D
15:00:00,UNVR,RG,4900,6,F,AK,DH,D
15:00:00,UNVR,RG,4900,1,D,XC,DH,D
15:00:00,UNVR,RG,4900,3,D,XC,XC,D
15:00:00,UNVR,RG,4900,1,D,XC,NI,D
15:00:00,UNVR,RG,4900,1,D,YP,NI,D
15:00:00,UNVR,RG,4900,13,D,YB,NI,D
15:00:00,UNVR,RG,4900,1,D,YB,YP,D
15:00:00,UNVR,RG,4900,3,D,YB,XC,D
15:00:00,UNVR,RG,4900,10,D,YB,NI,D
15:00:00,UNVR,RG,4900,7,D,YB,DH,D
15:00:00,UNVR,RG,4900,3,D,YB,YP,D
15:00:00,UNVR,RG,4900,2,D,YB,DR,D
15:00:00,UNVR,RG,4900,1,D,YB,PD,D
15:00:00,UNVR,RG,4900,3,D,YP,PD,D
15:00:00,UNVR,RG,4900,5,D,YP,PD,D
15:00:00,UNVR,RG,4900,10,D,YP,PD,D
15:00:00,UNVR,RG,4900,110,D,YP,PD,D
15:00:00,UNVR,RG,4900,71,D,TP,PD,D
15:00:00,UNVR,RG,4900,10,D,TP,PD,D
15:00:00,UNVR,RG,4900,10,D,TP,OD,D
15:00:00,UNVR,RG,4900,2,D,TP,YU,D
15:00:00,UNVR,RG,4900,1,D,TP,PD,D
15:00:00,UNVR,RG,4900,6,D,TP,PD,D
15:00:00,UNVR,RG,4900,4,D,CC,PD,D
15:00:00,UNVR,RG,4900,1,D,CC,DH,D
15:00:00,UNVR,RG,4900,9,D,PD,PD,D
15:00:00,UNVR,RG,4900,1,D,PD,YP,D
15:00:00,UNVR,RG,4900,4,D,CC,YP,D
15:00:00,UNVR,RG,4900,1,D,CC,XC,D
15:00:00,UNVR,RG,4900,6,D,CC,CC,D
15:00:00,UNVR,RG,4900,10,F,ZP,CC,D
15:00:00,UNVR,RG,4900,1,F,ZP,BQ,D
15:00:00,UNVR,RG,4900,5,F,ZP,CC,D
15:00:00,UNVR,RG,4900,3,F,ZP,NI,D
15:00:00,UNVR,RG,4900,5,F,ZP,YP,D
15:00:00,UNVR,RG,4900,10,F,ZP,CC,D
15:00:00,UNVR,RG,4900,2,F,ZP,PD,D
15:00:00,UNVR,RG,4900,2,F,ZP,YP,D
15:00:00,UNVR,RG,4900,100,F,ZP,GR,D
15:00:00,UNVR,RG,4900,1,F,ZP,CC,D
15:00:00,UNVR,RG,4900,1,F,ZP,SQ,D
15:00:00,UNVR,RG,4900,1,F,ZP,AT,D
15:00:00,UNVR,RG,4900,1,F,ZP,PD,D
15:00:00,UNVR,RG,4900,1,F,ZP,YP,D
15:00:00,UNVR,RG,4900,2,F,ZP,XC,D
15:00:00,UNVR,RG,4900,5,F,ZP,AT,D
15:00:00,UNVR,RG,4900,52,F,ZP,OD,D
15:00:00,UNVR,RG,4900,2,F,AG,OD,D
15:00:00,UNVR,RG,4900,46,F,ZP,OD,D
15:00:00,UNVR,RG,4900,56,F,ZP,YP,D
15:00:00,UNVR,RG,4900,5,F,AK,YP,D
15:00:00,UNVR,RG,4900,1,F,AK,PD,D
15:00:00,UNVR,RG,4900,2,F,AK,NI,D
15:00:00,UNVR,RG,4900,10,F,AK,EP,D
15:00:00,UNVR,RG,4900,5,F,AK,OD,D
15:00:00,UNVR,RG,4900,295,F,KZ,OD,D
15:00:00,UNVR,RG,4900,15,F,KZ,XC,D
15:00:00,UNVR,RG,4900,38,F,KZ,GR,D
15:00:00,UNVR,RG,4900,4,F,KZ,DR,D
15:00:00,UNVR,RG,4900,3,F,KZ,YP,D
15:00:00,UNVR,RG,4900,10,F,KZ,CC,D
15:00:00,UNVR,RG,4900,2,F,KZ,YP,D
15:00:00,UNVR,RG,4900,1,F,KZ,YP,D
15:00:00,UNVR,RG,4900,1,F,KZ,EP,D
15:00:00,UNVR,RG,4900,125,F,KZ,EP,D
15:00:00,UNVR,RG,4900,10,F,KZ,YP,D
15:00:00,UNVR,RG,4900,1,F,KZ,YP,D
15:00:00,UNVR,RG,4900,1,F,KZ,YP,D
15:00:00,UNVR,RG,4900,10,F,KZ,BR,D
15:00:00,UNVR,RG,4900,2,F,KZ,LG,D
15:00:00,UNVR,RG,4900,1,F,KZ,YP,D
15:00:00,UNVR,RG,4900,5,F,KZ,DX,D
15:00:00,UNVR,RG,4900,10,F,KZ,PD,D
15:00:00,UNVR,RG,4900,10,F,KZ,MG,D
15:00:00,UNVR,RG,4900,100,F,KZ,XA,D
15:00:00,UNVR,RG,4900,25,F,KZ,CC,D
15:00:00,UNVR,RG,4900,1,F,KZ,XC,D
15:00:00,UNVR,RG,4900,20,F,KZ,YP,D
15:00:00,UNVR,RG,4900,167,F,KZ,CC,D
15:00:00,UNVR,RG,4900,16,D,AZ,CC,D
15:00:00,UNVR,RG,4900,180,F,BK,CC,D
15:00:00,UNVR,RG,4900,184,F,BK,CC,D
15:00:00,UNVR,RG,4900,1,F,BK,SQ,D
15:00:00,UNVR,RG,4900,1,F,BK,YP,D
15:00:00,UNVR,RG,4900,1,F,BK,SQ,D
15:00:00,UNVR,RG,4900,10,F,BK,YP,D
15:00:00,UNVR,RG,4900,5,F,BK,YP,D
15:00:00,UNVR,RG,4900,50,F,BK,TP,D
15:00:00,UNVR,RG,4900,50,F,BK,EP,D
15:00:00,UNVR,RG,4900,100,F,BK,EL,D
15:00:00,UNVR,RG,4900,5,F,BK,YP,D
15:00:00,UNVR,RG,4900,1,F,BK,YP,D
15:00:00,UNVR,RG,4900,22,F,BK,XC,D
15:00:00,UNVR,RG,4900,2,F,BK,TF,D
15:00:00,UNVR,RG,4900,1,F,BK,XC,D
15:00:00,UNVR,RG,4900,1,F,BK,PD,D
15:00:00,UNVR,RG,4900,10,F,BK,CC,D
15:00:00,UNVR,RG,4900,3,F,BK,YP,D
15:00:00,UNVR,RG,4900,10,F,BK,KK,D
15:00:00,UNVR,RG,4900,1,F,BK,YP,D
15:00:00,UNVR,RG,4900,11,F,BK,YP,D
15:00:00,UNVR,RG,4900,3,F,BK,EP,D
15:00:00,UNVR,RG,4900,2,F,BK,OD,D
15:00:00,UNVR,RG,4900,50,F,BK,YP,D
15:00:00,UNVR,RG,4900,55,F,BK,XC,D
15:00:00,UNVR,RG,4900,10,F,BK,YP,D
15:00:00,UNVR,RG,4900,13,F,BK,CP,D
15:00:00,UNVR,RG,4900,30,F,BK,EP,D
15:00:00,UNVR,RG,4900,500,F,BK,KI,D
15:00:00,UNVR,RG,4900,5,F,BK,YP,D
15:00:00,UNVR,RG,4900,3,F,BK,YP,D
15:00:00,UNVR,RG,4900,1,F,BK,XC,D
15:00:00,UNVR,RG,4900,1,F,BK,DR,D
15:00:00,UNVR,RG,4900,10,F,BK,DR,D
15:00:00,UNVR,RG,4900,10,F,BK,DH,D
15:00:00,UNVR,RG,4900,1,F,BK,YP,D
15:00:00,UNVR,RG,4900,4,F,BK,KK,D
15:00:00,UNVR,RG,4900,10,F,BK,DH,D
15:00:00,UNVR,RG,4900,1,F,BK,OD,D
15:00:00,UNVR,RG,4900,20,F,BK,YP,F
15:00:00,UNVR,RG,4900,80,F,BK,YP,F
15:00:00,UNVR,RG,4900,50,F,BK,YP,D
15:00:00,UNVR,RG,4900,1,F,BK,SQ,D
15:00:00,UNVR,RG,4900,1,F,BK,XC,D
15:00:00,UNVR,RG,4900,5,F,BK,CC,D
15:00:00,UNVR,RG,4900,2,F,BK,DR,D
15:00:00,UNVR,RG,4900,50,F,BK,PD,D
15:00:00,UNVR,RG,4900,220,F,BK,YP,D
15:00:00,UNVR,RG,4900,1,F,BK,YP,D
15:00:00,UNVR,RG,4900,5,F,BK,GR,D
15:00:00,UNVR,RG,4900,2,F,BK,GR,D
15:00:00,UNVR,RG,4900,13,F,BK,AT,D
15:00:00,UNVR,RG,4900,11,F,BK,XC,D
15:00:00,UNVR,RG,4900,2,F,BK,CC,D
15:00:00,UNVR,RG,4900,1,F,BK,PD,D
15:00:00,UNVR,RG,4900,10,F,BK,PS,D
15:00:00,UNVR,RG,4900,10,F,BK,CC,D
15:00:00,UNVR,RG,4900,10,F,BK,DR,D
15:00:00,UNVR,RG,4900,2,F,BK,MK,D
15:00:00,UNVR,RG,4900,20,F,BK,CC,D
15:00:00,UNVR,RG,4900,300,F,BK,AT,D
15:00:00,UNVR,RG,4900,21,F,BK,XC,D
15:00:00,UNVR,RG,4900,2,F,BK,YP,D
15:00:00,UNVR,RG,4900,4540,F,BK,BK,D
15:00:00,UNVR,RG,4900,1,F,BK,SQ,D
15:00:00,UNVR,RG,4900,50,F,BK,IP,D
15:00:00,UNVR,RG,4900,1,F,BK,OD,F
15:00:00,UNVR,RG,4900,50,F,BK,DH,D
15:00:00,UNVR,RG,4900,1,F,BK,YP,D
15:00:00,UNVR,RG,4900,10,F,BK,IP,D
15:00:00,UNVR,RG,4900,123,F,BK,NI,D
15:00:00,UNVR,RG,4900,100,F,BK,YP,D
15:00:00,UNVR,RG,4900,100,F,BK,PC,D
15:00:00,UNVR,RG,4900,197,F,BK,MK,D
15:00:00,UNVR,RG,4900,303,F,KZ,MK,D
15:00:00,UNVR,RG,4900,3,F,KZ,YP,D
15:00:00,UNVR,RG,4900,100,F,KZ,TP,D
15:00:00,UNVR,RG,4900,275,F,KZ,BK,F
15:00:00,UNVR,RG,4900,937,F,KZ,BK,F
15:00:00,UNVR,RG,4900,25,F,KZ,ZP,F
15:00:00,UNVR,RG,4900,2455,F,KZ,ZP,F
15:00:00,UNVR,RG,4900,582,F,KZ,BK,F
15:00:00,UNVR,RG,4900,203,F,KZ,BK,F
15:00:00,UNVR,RG,4900,112,F,KZ,KZ,D
15:00:00,UNVR,RG,4900,263,F,KZ,CS,F
15:00:00,UNVR,RG,4900,75,F,BK,CS,F
15:00:00,UNVR,RG,4900,2108,F,CS,CS,F
15:00:00,UNVR,RG,4900,496,F,CS,CS,F
15:00:00,UNVR,RG,4900,285,F,YU,CS,F
15:00:00,UNVR,RG,4900,32,D,RX,CS,F
15:00:00,UNVR,RG,4900,243,D,LG,CS,F
15:00:00,UNVR,RG,4900,2484,D,DP,CS,F
15:00:00,UNVR,RG,4900,516,D,DP,ZP,F
15:00:00,UNVR,RG,4900,206,D,YP,ZP,F
15:00:00,UNVR,RG,4900,8,D,ZP,ZP,F
15:00:00,UNVR,RG,4900,6,D,ZP,ZP,F
15:00:00,UNVR,RG,4900,1,D,ZP,ZP,F
15:00:00,UNVR,RG,4900,1,D,ZP,ZP,F
15:00:00,UNVR,RG,4900,1,D,ZP,ZP,F
15:00:00,UNVR,RG,4900,1,D,ZP,ZP,F
15:00:00,UNVR,RG,4900,1,D,ZP,ZP,F
15:00:00,UNVR,RG,4900,50,D,LG,ZP,F
15:00:00,UNVR,RG,4900,176,D,PD,ZP,F
15:00:00,UNVR,RG,4900,84,D,PD,YU,F
15:00:00,UNVR,RG,4900,3939,D,PD,YU,F
15:00:00,UNVR,RG,4900,11,D,PD,NI,D
15:00:00,UNVR,RG,4900,14,D,PD,YU,D
14:49:59,UNVR,RG,4890,61,F,KZ,BK,D
14:49:59,UNVR,RG,4890,150,D,XC,BK,D
14:49:58,UNVR,RG,4890,12,F,KZ,BK,D
14:49:58,UNVR,RG,4880,29,D,YP,YU,F
14:49:57,UNVR,RG,4890,65,F,KZ,BK,D
14:49:57,UNVR,RG,4880,1,D,YP,ZP,F
14:49:56,UNVR,RG,4890,16,F,KZ,BK,D
14:49:56,UNVR,RG,4890,156,F,AK,BK,D
14:49:56,UNVR,RG,4890,38,F,AK,BK,D
14:49:46,UNVR,RG,4890,41,F,KZ,BK,D
14:49:44,UNVR,RG,4890,2,F,KZ,BK,D
14:49:44,UNVR,RG,4890,4,D,ZP,BK,D
14:49:44,UNVR,RG,4890,4,D,ZP,BK,D
14:49:42,UNVR,RG,4890,1,F,KZ,BK,D
14:49:42,UNVR,RG,4880,1,F,AK,ZP,F
14:49:41,UNVR,RG,4890,19,F,KZ,BK,D
14:49:41,UNVR,RG,4890,44,F,CS,BK,D
14:49:39,UNVR,RG,4890,4,F,KZ,BK,D
14:49:39,UNVR,RG,4890,1,D,ZP,BK,D
14:49:39,UNVR,RG,4890,1,F,KZ,BK,D
14:49:39,UNVR,RG,4890,4,D,ZP,BK,D
14:49:39,UNVR,RG,4890,3,D,ZP,BK,D
14:49:39,UNVR,RG,4890,1,D,ZP,BK,D
14:49:39,UNVR,RG,4890,1,D,ZP,BK,D
14:49:39,UNVR,RG,4890,1,D,ZP,BK,D
14:49:39,UNVR,RG,4890,98,F,KZ,BK,D
14:49:35,UNVR,RG,4890,4,F,KZ,BK,D
14:49:34,UNVR,RG,4890,9,D,RX,BK,D
14:49:29,UNVR,RG,4890,2,F,KZ,BK,D
14:49:29,UNVR,RG,4890,1,D,ZP,BK,D
14:49:29,UNVR,RG,4890,2,F,KZ,BK,D
14:49:29,UNVR,RG,4890,4,D,ZP,BK,D
14:49:29,UNVR,RG,4890,4,D,ZP,BK,D
14:49:27,UNVR,RG,4890,37,F,KZ,BK,D
14:49:27,UNVR,RG,4890,1,F,CS,BK,D
14:49:27,UNVR,RG,4890,3,F,KZ,BK,D
14:49:27,UNVR,RG,4890,93,F,CS,BK,D
14:49:27,UNVR,RG,4890,1390,F,ZP,BK,D
14:49:26,UNVR,RG,4890,183,F,KZ,BK,D
14:49:26,UNVR,RG,4890,50,F,KZ,BQ,D
14:49:26,UNVR,RG,4890,2,F,KZ,NI,D
14:49:26,UNVR,RG,4890,9,F,KZ,PD,D
14:49:26,UNVR,RG,4890,3,F,AK,PD,D
14:49:17,UNVR,RG,4890,10,D,XL,PD,D
14:49:14,UNVR,RG,4890,3,D,ZP,PD,D
14:49:14,UNVR,RG,4890,3,D,ZP,PD,D
14:49:14,UNVR,RG,4890,1,D,ZP,PD,D
14:49:14,UNVR,RG,4890,1,D,ZP,PD,D
14:49:14,UNVR,RG,4890,1,D,ZP,PD,D
14:49:14,UNVR,RG,4890,1,D,ZP,PD,D
14:49:10,UNVR,RG,4890,3,D,XC,PD,D
14:49:09,UNVR,RG,4890,35,F,ZP,PD,D
14:49:09,UNVR,RG,4890,1,F,ZP,NI,D
14:49:09,UNVR,RG,4890,1,F,ZP,GR,D
14:49:09,UNVR,RG,4890,10,F,ZP,YB,D
14:49:09,UNVR,RG,4890,2,F,ZP,YP,D
14:49:09,UNVR,RG,4890,19,F,ZP,PD,D
14:49:09,UNVR,RG,4890,6,F,ZP,CC,D
14:49:09,UNVR,RG,4890,52,F,ZP,YU,F
14:49:09,UNVR,RG,4890,4,F,ZP,NI,D
14:49:09,UNVR,RG,4890,1,F,ZP,CP,D
14:49:09,UNVR,RG,4890,67,F,ZP,YP,D
14:49:09,UNVR,RG,4890,183,F,KZ,YP,D
14:49:09,UNVR,RG,4890,3,F,KZ,YP,D
14:49:09,UNVR,RG,4890,115,F,KZ,BK,D
14:49:00,UNVR,RG,4890,66,F,KZ,BK,D
14:49:00,UNVR,RG,4890,153,F,CS,BK,D
14:48:59,UNVR,RG,4890,2,F,KZ,BK,D
14:48:59,UNVR,RG,4890,5,D,ZP,BK,D
14:48:59,UNVR,RG,4890,2,F,KZ,BK,D
14:48:59,UNVR,RG,4890,4,D,ZP,BK,D
14:48:55,UNVR,RG,4880,1,F,AK,ZP,D
14:48:51,UNVR,RG,4890,1,F,KZ,BK,D
14:48:51,UNVR,RG,4890,1,D,ZP,BK,D
14:48:40,UNVR,RG,4880,1,F,AK,ZP,D
14:48:39,UNVR,RG,4890,1,F,KZ,BK,D
14:48:39,UNVR,RG,4880,1,F,AK,ZP,D
14:48:36,UNVR,RG,4890,12,F,KZ,BK,D
14:48:36,UNVR,RG,4880,2,F,AK,PD,D
14:48:36,UNVR,RG,4890,4,F,KZ,BK,D
14:48:36,UNVR,RG,4880,8,F,AK,AK,F
14:48:36,UNVR,RG,4890,218,F,KZ,BK,D
14:48:21,UNVR,RG,4880,1,F,AK,ZP,D
14:48:12,UNVR,RG,4880,2,F,AK,AK,F
14:48:12,UNVR,RG,4890,10,D,YP,BK,D
14:48:06,UNVR,RG,4890,1,D,ZP,BK,D
14:48:03,UNVR,RG,4890,5,D,ZP,BK,D
14:48:03,UNVR,RG,4880,1,F,AK,AK,F
14:48:02,UNVR,RG,4890,1,D,ZP,BK,D
14:48:01,UNVR,RG,4890,5,D,ZP,BK,D
14:48:01,UNVR,RG,4890,1,D,ZP,BK,D
14:48:00,UNVR,RG,4880,138,F,AK,AK,F
14:48:00,UNVR,RG,4890,116,F,KZ,BK,D
14:48:00,UNVR,RG,4890,277,F,KZ,BK,D
14:48:00,UNVR,RG,4890,1,F,KZ,PC,D
14:48:00,UNVR,RG,4890,25,F,KZ,KK,D
14:48:00,UNVR,RG,4890,8,F,KZ,PD,D
14:48:00,UNVR,RG,4890,5,F,KZ,ZP,F
14:48:00,UNVR,RG,4890,25,F,KZ,KK,D
14:48:00,UNVR,RG,4890,20,F,KZ,PD,D
14:48:00,UNVR,RG,4890,50,F,KZ,AT,D
14:48:00,UNVR,RG,4890,20,F,KZ,HD,D
14:48:00,UNVR,RG,4890,143,F,KZ,YU,F
14:48:00,UNVR,RG,4890,2,F,KZ,DH,D
14:48:00,UNVR,RG,4890,2,F,KZ,YP,D
14:48:00,UNVR,RG,4890,264,F,KZ,YU,F
14:48:00,UNVR,RG,4890,3,F,KZ,YU,F
14:48:00,UNVR,RG,4890,94,F,KZ,YU,F
14:48:00,UNVR,RG,4880,1,F,AK,ZP,F
14:48:00,UNVR,RG,4890,14,F,KZ,YU,F
14:48:00,UNVR,RG,4890,6,F,KZ,YU,F
14:48:00,UNVR,RG,4890,3,F,KZ,YU,F
14:48:00,UNVR,RG,4880,67,F,AK,AK,F
14:48:00,UNVR,RG,4890,1,F,KZ,YU,F
14:48:00,UNVR,RG,4880,16,F,AK,AK,F
14:48:00,UNVR,RG,4890,144,F,KZ,YU,F
14:48:00,UNVR,RG,4890,1,F,KZ,CC,D
14:48:00,UNVR,RG,4890,18,F,KZ,ZP,D
14:48:00,UNVR,RG,4890,1,F,KZ,YP,D
14:48:00,UNVR,RG,4890,5,F,KZ,CC,D
14:48:00,UNVR,RG,4890,8,F,KZ,XC,D
14:48:00,UNVR,RG,4890,5,F,KZ,XL,D
14:48:00,UNVR,RG,4890,100,F,KZ,ES,D
14:48:00,UNVR,RG,4890,20,F,KZ,ES,D
14:48:00,UNVR,RG,4890,35,F,KZ,SQ,D
14:48:00,UNVR,RG,4890,6,F,KZ,DR,D
14:48:00,UNVR,RG,4890,10,F,KZ,OD,D
14:48:00,UNVR,RG,4890,5,F,KZ,YP,D
14:48:00,UNVR,RG,4890,130,F,KZ,GR,D
14:48:00,UNVR,RG,4890,41,F,KZ,YU,F
14:48:00,UNVR,RG,4890,125,F,KZ,YU,F
14:47:55,UNVR,RG,4880,23,F,AK,AK,F
14:47:54,UNVR,RG,4880,43,F,AK,YU,F
14:47:54,UNVR,RG,4880,1,F,AK,YU,F
14:47:54,UNVR,RG,4880,143,F,AK,YU,F
14:47:46,UNVR,RG,4880,11,F,AK,CS,D
14:47:43,UNVR,RG,4880,4,F,AK,PD,D
14:47:42,UNVR,RG,4880,4,F,AK,AK,F
14:47:42,UNVR,RG,4880,6,F,AK,ZP,F
14:47:42,UNVR,RG,4880,32,F,AK,AK,F
14:47:42,UNVR,RG,4880,33,F,AK,BQ,D
14:47:42,UNVR,RG,4880,15,D,XC,BQ,D
14:47:42,UNVR,RG,4880,202,F,KZ,BQ,D
14:47:41,UNVR,RG,4890,1,D,YP,CS,D
14:47:38,UNVR,RG,4880,1,F,KZ,AK,F
14:47:38,UNVR,RG,4880,10,F,KZ,PD,D
14:47:36,UNVR,RG,4880,5,F,KZ,AK,F
14:47:36,UNVR,RG,4880,46,F,KZ,CS,D
14:47:27,UNVR,RG,4880,1,F,KZ,AK,F
14:47:27,UNVR,RG,4880,9,F,KZ,AK,F
14:47:27,UNVR,RG,4880,17,F,KZ,AK,F
14:47:27,UNVR,RG,4880,73,F,KZ,YU,F
14:47:27,UNVR,RG,4880,17,D,RX,YU,F
14:47:27,UNVR,RG,4880,23,F,CS,YU,F
14:47:27,UNVR,RG,4880,5,D,CC,YU,F
14:47:27,UNVR,RG,4880,7,D,HP,YU,F
14:47:27,UNVR,RG,4880,68,F,CS,YU,F
14:47:27,UNVR,RG,4880,5,F,CS,YU,F
14:47:19,UNVR,RG,4890,2,D,XL,CS,D
14:47:18,UNVR,RG,4880,38,F,CS,AK,F
14:47:17,UNVR,RG,4880,117,F,CS,BQ,D
14:47:17,UNVR,RG,4880,183,D,SQ,BQ,D
14:47:15,UNVR,RG,4880,1,D,SQ,AK,F
14:47:13,UNVR,RG,4890,5,D,ZP,CS,D
14:47:13,UNVR,RG,4890,4,D,ZP,CS,D
14:47:13,UNVR,RG,4890,1,D,ZP,CS,D
14:47:01,UNVR,RG,4890,2,D,NI,CS,D
14:47:00,UNVR,RG,4880,7,D,SQ,AK,F
14:46:59,UNVR,RG,4880,9,D,SQ,YU,F
14:46:59,UNVR,RG,4880,42,F,AK,YU,F
14:46:53,UNVR,RG,4880,4,F,AK,AK,F
14:46:52,UNVR,RG,4890,30,F,CS,CS,D
14:46:52,UNVR,RG,4880,9,F,AK,AK,F
14:46:52,UNVR,RG,4890,52,F,CS,CS,D
14:46:52,UNVR,RG,4890,6,F,CS,CS,D
14:46:52,UNVR,RG,4890,15,F,CS,BK,D
14:46:45,UNVR,RG,4880,63,F,AK,AK,F
14:46:45,UNVR,RG,4890,123,F,CS,BK,D
14:46:45,UNVR,RG,4890,375,F,CS,BK,D
14:46:45,UNVR,RG,4880,64,F,AK,AK,F
14:46:45,UNVR,RG,4890,487,F,KZ,BK,D
14:46:45,UNVR,RG,4890,13,F,KZ,YU,F
14:46:43,UNVR,RG,4880,3,F,AK,AK,F
14:46:43,UNVR,RG,4880,11,F,AK,AK,F
14:46:43,UNVR,RG,4880,24,F,AK,CS,D
14:46:43,UNVR,RG,4880,83,F,AK,CS,D
14:46:38,UNVR,RG,4880,1,F,AK,SQ,D
14:46:33,UNVR,RG,4880,1,F,AK,AK,F
14:46:33,UNVR,RG,4890,10,D,XC,YU,F
14:46:31,UNVR,RG,4880,4,F,AK,AK,F
14:46:30,UNVR,RG,4890,26,F,KZ,YU,F
14:46:20,UNVR,RG,4880,3,F,AK,AK,F
14:46:20,UNVR,RG,4890,1,F,KZ,YU,F
14:46:20,UNVR,RG,4890,17,F,KZ,YU,F
14:46:20,UNVR,RG,4890,10,F,KZ,SQ,D
14:46:16,UNVR,RG,4880,1,F,AK,ZP,F
14:46:15,UNVR,RG,4880,35,F,AK,AK,F
14:46:15,UNVR,RG,4890,10,D,PD,SQ,D
14:46:15,UNVR,RG,4890,259,D,PD,LG,D
14:46:07,UNVR,RG,4890,7,F,AG,LG,D
14:46:06,UNVR,RG,4880,1,F,AK,AK,F
14:46:06,UNVR,RG,4880,2,F,AK,PD,D
14:46:00,UNVR,RG,4880,1,F,AK,AK,F
14:46:00,UNVR,RG,4880,10,F,AK,DH,D
14:45:53,UNVR,RG,4880,4,F,AK,ZP,D
14:45:39,UNVR,RG,4880,107,F,AK,KK,D
14:45:39,UNVR,RG,4880,40,D,ZP,KK,D
14:45:39,UNVR,RG,4880,44,D,ZP,KK,D
14:45:39,UNVR,RG,4880,4,D,ZP,KK,D
14:45:39,UNVR,RG,4880,1,D,ZP,KK,D
14:45:39,UNVR,RG,4880,4,D,ZP,KK,D
14:45:37,UNVR,RG,4880,2,D,ZP,AK,F
14:45:37,UNVR,RG,4880,4,D,ZP,AK,F
14:45:37,UNVR,RG,4880,4,D,ZP,AK,F
14:45:37,UNVR,RG,4880,73,F,CS,AK,F
14:45:37,UNVR,RG,4890,234,F,KZ,LG,D
14:45:37,UNVR,RG,4890,3,F,KZ,EP,D
14:45:37,UNVR,RG,4890,7,F,KZ,CC,D
14:45:37,UNVR,RG,4890,598,F,KZ,BK,D
14:45:37,UNVR,RG,4890,116,F,KZ,BK,D
14:45:37,UNVR,RG,4880,9,F,CS,ZP,F
14:45:37,UNVR,RG,4890,23,F,KZ,BK,D
14:45:36,UNVR,RG,4890,1,F,KZ,BK,D
14:45:36,UNVR,RG,4890,2,F,KZ,BK,D
14:45:36,UNVR,RG,4890,37,F,KZ,BK,D
14:45:36,UNVR,RG,4890,223,F,KZ,BK,D
14:45:36,UNVR,RG,4890,105,F,KZ,CS,D
14:45:36,UNVR,RG,4890,104,F,KZ,YP,D
14:45:36,UNVR,RG,4890,42,F,KZ,YP,D
14:45:36,UNVR,RG,4890,40,D,CP,YP,D
14:45:33,UNVR,RG,4880,12,F,CS,AK,F
14:45:33,UNVR,RG,4880,145,F,CS,BQ,D
14:45:33,UNVR,RG,4880,55,F,KZ,BQ,D
14:45:30,UNVR,RG,4880,20,F,KZ,CC,D
14:45:25,UNVR,RG,4880,1,F,KZ,ZP,F
14:45:06,UNVR,RG,4880,4,F,KZ,AK,F
14:45:05,UNVR,RG,4890,14,D,PD,YP,D
14:45:05,UNVR,RG,4890,49,D,PD,YU,F
14:45:03,UNVR,RG,4880,4,F,KZ,PD,D
14:45:01,UNVR,RG,4880,1,F,KZ,NI,D
14:45:01,UNVR,RG,4880,10,F,KZ,AK,F
14:45:01,UNVR,RG,4880,195,F,KZ,CS,D
14:44:58,UNVR,RG,4880,2,F,KZ,AK,F
14:44:58,UNVR,RG,4880,4,F,KZ,CC,D
14:44:58,UNVR,RG,4880,28,D,RX,CC,D
14:44:58,UNVR,RG,4880,8,F,CS,CC,D
14:44:39,UNVR,RG,4880,5,F,CS,AK,F
14:44:39,UNVR,RG,4880,23,F,CS,CC,D
14:44:39,UNVR,RG,4880,64,F,CS,CC,D
14:44:33,UNVR,RG,4880,8,F,CS,AK,F
14:44:33,UNVR,RG,4880,144,F,CS,BQ,D
14:44:33,UNVR,RG,4880,4,D,XC,BQ,D
14:44:33,UNVR,RG,4880,2,D,CC,BQ,D
14:44:29,UNVR,RG,4880,2,D,CC,AK,F
14:44:29,UNVR,RG,4890,31,D,DH,YU,F
14:44:19,UNVR,RG,4890,9,D,RX,YU,F
14:44:11,UNVR,RG,4880,1,D,CC,AK,F
14:44:11,UNVR,RG,4880,10,F,CS,AK,F
14:44:10,UNVR,RG,4890,116,D,PD,YU,F
14:44:10,UNVR,RG,4890,5,D,PD,YB,D
14:44:10,UNVR,RG,4890,72,D,PD,CS,D
14:44:10,UNVR,RG,4890,14,D,PD,YU,F
14:44:10,UNVR,RG,4880,1,F,CS,ZP,F
14:43:52,UNVR,RG,4880,3,F,CS,AK,F
14:43:52,UNVR,RG,4890,4,D,XC,YU,F
14:43:33,UNVR,RG,4880,10,F,CS,KK,D
14:43:28,UNVR,RG,4880,2,F,CS,ZP,D
14:43:28,UNVR,RG,4880,14,F,KZ,ZP,D
14:43:15,UNVR,RG,4880,1,F,KZ,AK,F
14:43:14,UNVR,RG,4890,3,D,RX,YU,F
14:43:12,UNVR,RG,4890,4,D,RX,YU,F
14:43:09,UNVR,RG,4880,1,F,KZ,XC,D
14:43:07,UNVR,RG,4880,14,F,KZ,AK,F
14:43:07,UNVR,RG,4890,92,F,KZ,YU,F
14:43:07,UNVR,RG,4890,1,F,KZ,XC,D
14:43:07,UNVR,RG,4890,47,F,KZ,ZP,D
14:42:39,UNVR,RG,4880,6,F,KZ,AK,F
14:42:39,UNVR,RG,4890,12,D,ZP,ZP,D
14:42:36,UNVR,RG,4890,1,D,ZP,ZP,D
14:42:33,UNVR,RG,4890,14,D,ZP,ZP,D
14:42:33,UNVR,RG,4890,1,D,ZP,ZP,D
14:42:33,UNVR,RG,4890,2,D,ZP,ZP,D
14:42:33,UNVR,RG,4890,3,D,ZP,ZP,D
14:42:32,UNVR,RG,4890,7,D,ZP,ZP,D
14:42:32,UNVR,RG,4890,1,D,ZP,ZP,D
14:42:29,UNVR,RG,4880,9,F,KZ,GR,D
14:42:27,UNVR,RG,4880,29,F,KZ,AK,F
14:42:27,UNVR,RG,4880,1,F,KZ,ZP,F
14:42:27,UNVR,RG,4880,53,F,KZ,CS,D
14:42:27,UNVR,RG,4880,97,F,KZ,CS,D
14:42:27,UNVR,RG,4880,67,F,KZ,CS,D
14:42:27,UNVR,RG,4880,72,F,ZP,CS,D
14:42:25,UNVR,RG,4890,2,D,NI,ZP,D
14:42:13,UNVR,RG,4880,2,F,ZP,AK,F
14:42:13,UNVR,RG,4880,15,F,ZP,OD,D
14:42:13,UNVR,RG,4880,1,F,ZP,AK,F
14:42:13,UNVR,RG,4890,11,D,RX,ZP,D
14:42:11,UNVR,RG,4890,2,D,PD,ZP,D
14:42:09,UNVR,RG,4880,21,F,ZP,AK,F
14:42:08,UNVR,RG,4890,97,D,PD,ZP,D
14:42:08,UNVR,RG,4890,3,D,PD,DH,D
14:42:08,UNVR,RG,4890,2,D,PD,PD,D
14:42:08,UNVR,RG,4890,105,D,PD,YU,F
14:41:36,UNVR,RG,4890,1,D,ZP,YU,F
14:41:36,UNVR,RG,4880,6,F,ZP,AK,F
14:41:35,UNVR,RG,4890,26,D,ZP,YU,F
14:41:35,UNVR,RG,4890,28,D,ZP,YU,F
14:41:35,UNVR,RG,4890,2,D,ZP,YU,F
14:41:35,UNVR,RG,4880,1,F,ZP,AK,F
14:41:35,UNVR,RG,4890,1,D,ZP,YU,F
14:41:35,UNVR,RG,4890,4,D,ZP,YU,F
14:41:35,UNVR,RG,4890,3,D,ZP,YU,F
14:41:34,UNVR,RG,4890,3,D,ZP,YU,F
14:41:33,UNVR,RG,4880,1,F,ZP,AK,F
14:41:32,UNVR,RG,4890,6,D,RX,YU,F
14:41:25,UNVR,RG,4880,32,F,ZP,AK,F
14:41:25,UNVR,RG,4880,5,F,CS,AK,F
14:41:25,UNVR,RG,4890,25,F,KZ,YU,F
14:41:25,UNVR,RG,4890,200,F,KZ,BQ,D
14:41:25,UNVR,RG,4890,10,F,KZ,YP,D
14:41:25,UNVR,RG,4890,20,F,KZ,EP,D
14:41:25,UNVR,RG,4890,100,F,KZ,YP,D
14:41:25,UNVR,RG,4890,13,F,KZ,PD,D
14:41:24,UNVR,RG,4880,1,F,CS,AK,F
14:41:24,UNVR,RG,4880,9,F,CS,KK,D
14:41:22,UNVR,RG,4880,10,F,CS,AK,F
14:41:22,UNVR,RG,4890,5,D,PD,PD,D
14:41:22,UNVR,RG,4890,10,D,PD,CC,D
14:41:22,UNVR,RG,4890,85,D,PD,CC,D
14:41:21,UNVR,RG,4880,2,F,CS,AK,F
14:41:21,UNVR,RG,4890,15,D,XC,CC,D
14:41:21,UNVR,RG,4890,1,D,XC,CS,D
14:41:16,UNVR,RG,4880,1,F,CS,ZP,F
14:40:50,UNVR,RG,4880,1,F,CS,AK,F
14:40:50,UNVR,RG,4890,6,D,RX,CS,D
14:40:40,UNVR,RG,4890,5,D,KK,CS,D
14:40:33,UNVR,RG,4880,7,F,CS,AK,F
14:40:33,UNVR,RG,4890,64,D,PD,CS,D
14:40:25,UNVR,RG,4880,1,F,CS,ZP,F
14:40:12,UNVR,RG,4880,89,F,CS,AK,F
14:40:11,UNVR,RG,4890,42,D,PD,CS,D
14:40:11,UNVR,RG,4890,165,D,PD,YU,F
14:40:11,UNVR,RG,4890,4,D,PD,YU,F
14:40:11,UNVR,RG,4890,13,F,KZ,YU,F
14:40:11,UNVR,RG,4890,20,F,KZ,DR,D
14:40:11,UNVR,RG,4890,20,F,KZ,DX,D
14:40:11,UNVR,RG,4880,3,F,CS,ZP,F
14:40:11,UNVR,RG,4890,4,F,KZ,DX,D
14:40:11,UNVR,RG,4890,9,F,KZ,DX,D
14:40:11,UNVR,RG,4890,7,F,KZ,DX,D
14:40:11,UNVR,RG,4890,6,F,KZ,DX,D
14:40:11,UNVR,RG,4890,54,F,KZ,DX,D
14:40:11,UNVR,RG,4890,448,F,KZ,BK,D
14:40:11,UNVR,RG,4890,11,D,RX,BK,D
14:40:06,UNVR,RG,4890,10,D,KK,BK,D
14:40:05,UNVR,RG,4890,10,D,PD,BK,D
14:39:56,UNVR,RG,4890,5,D,XC,BK,D
14:39:17,UNVR,RG,4880,40,F,CS,KK,D
14:39:08,UNVR,RG,4880,5,F,CS,AK,F
14:39:08,UNVR,RG,4880,2,F,CS,AK,F
14:39:08,UNVR,RG,4880,10,D,XC,AK,F
14:39:08,UNVR,RG,4880,8,D,ZP,AK,F
14:39:08,UNVR,RG,4880,2,D,ZP,GR,F
14:39:08,UNVR,RG,4880,64,F,AK,GR,F
14:39:08,UNVR,RG,4880,184,F,AK,GR,F
14:39:03,UNVR,RG,4880,35,F,AK,AK,F
14:39:02,UNVR,RG,4880,345,F,AK,GR,D
14:38:36,UNVR,RG,4880,1,F,AK,CC,D
14:38:30,UNVR,RG,4880,30,F,AK,AK,F
14:38:30,UNVR,RG,4890,207,D,PD,BK,D
14:38:29,UNVR,RG,4890,30,D,PD,BK,D
14:38:26,UNVR,RG,4880,10,F,AK,ZP,D
14:38:26,UNVR,RG,4890,6,D,RX,BK,D
14:38:04,UNVR,RG,4890,10,F,KZ,BK,D
14:37:51,UNVR,RG,4890,14,D,PD,BK,D
14:37:41,UNVR,RG,4880,12,F,AK,CC,D
14:37:35,UNVR,RG,4880,20,F,AK,AK,F
14:37:34,UNVR,RG,4880,113,F,AK,YP,D
14:37:34,UNVR,RG,4880,42,F,ZP,YP,D
14:37:34,UNVR,RG,4880,1,D,YP,YP,D
14:37:34,UNVR,RG,4880,21,F,AK,YP,D
14:37:34,UNVR,RG,4880,1,F,AK,YP,D
14:37:34,UNVR,RG,4880,1,D,PD,YP,D
14:37:34,UNVR,RG,4880,5,D,YP,YP,D
14:37:34,UNVR,RG,4880,3,D,SQ,YP,D
14:37:34,UNVR,RG,4880,13,F,AK,YP,D
14:37:26,UNVR,RG,4880,1,F,AK,AK,F
14:37:26,UNVR,RG,4890,5,D,YP,BK,D
14:37:25,UNVR,RG,4880,1,F,AK,PD,D
14:37:15,UNVR,RG,4890,2,D,YP,BK,D
14:37:11,UNVR,RG,4880,1,F,AK,AK,F
14:37:11,UNVR,RG,4890,6,D,RX,BK,D
14:36:43,UNVR,RG,4880,1,F,AK,AK,F
14:36:42,UNVR,RG,4890,10,D,GR,BK,D
14:36:22,UNVR,RG,4890,1,D,ZP,BK,D
14:36:19,UNVR,RG,4880,1,F,AK,AK,F
14:36:19,UNVR,RG,4890,7,D,ZP,BK,D
14:36:18,UNVR,RG,4890,1,D,ZP,BK,D
14:36:13,UNVR,RG,4880,1,F,AK,PD,D
14:36:11,UNVR,RG,4890,1,D,ZP,BK,D
14:36:10,UNVR,RG,4890,1,D,ZP,BK,D
14:36:09,UNVR,RG,4890,6,D,RX,BK,D
14:36:08,UNVR,RG,4880,1,F,AK,AK,F
14:36:08,UNVR,RG,4880,1,F,AK,AK,F
14:36:08,UNVR,RG,4890,1,D,CC,BK,D
14:36:07,UNVR,RG,4890,14,D,PD,BK,D
14:35:56,UNVR,RG,4890,2,D,AZ,BK,D
14:35:56,UNVR,RG,4880,2,F,AK,AK,F
14:35:56,UNVR,RG,4880,13,F,AK,ZP,D
14:35:40,UNVR,RG,4880,2,F,AK,XC,D
14:35:31,UNVR,RG,4880,3,F,AK,PD,D
14:35:30,UNVR,RG,4880,11,F,AK,AK,F
14:35:30,UNVR,RG,4890,105,D,YP,BK,D
14:35:18,UNVR,RG,4880,5,F,AK,YB,D
14:35:13,UNVR,RG,4880,4,F,AK,AK,F
14:35:13,UNVR,RG,4890,18,D,ZP,BK,D
14:35:13,UNVR,RG,4890,15,D,ZP,BK,D
14:35:13,UNVR,RG,4890,1,D,ZP,BK,D
14:35:13,UNVR,RG,4890,2,D,ZP,BK,D
14:35:13,UNVR,RG,4890,1,D,ZP,BK,D
14:35:12,UNVR,RG,4890,2,D,ZP,BK,D
14:35:07,UNVR,RG,4880,1,F,AK,AK,F
14:35:05,UNVR,RG,4890,6,D,RX,BK,D
14:35:03,UNVR,RG,4880,14,F,AK,AK,F
14:35:02,UNVR,RG,4890,42,D,PD,BK,D
14:35:02,UNVR,RG,4890,5,D,PD,CC,D
14:35:02,UNVR,RG,4890,3,D,PD,CC,D
14:35:02,UNVR,RG,4890,1,D,PD,PD,D
14:35:02,UNVR,RG,4890,12,D,PD,CS,D
14:35:01,UNVR,RG,4890,9,F,KZ,CS,D
14:35:01,UNVR,RG,4890,53,F,KZ,CS,D
14:35:01,UNVR,RG,4890,4,F,KZ,CS,D
14:35:01,UNVR,RG,4890,6,F,KZ,CS,D
14:35:01,UNVR,RG,4890,7,F,KZ,CS,D
14:35:01,UNVR,RG,4880,25,F,AK,AK,F
14:35:01,UNVR,RG,4890,57,F,KZ,CS,D
14:35:01,UNVR,RG,4890,174,F,KZ,YU,F
14:35:01,UNVR,RG,4890,58,F,KZ,YP,D
14:35:01,UNVR,RG,4890,2,F,KZ,XC,D
14:35:01,UNVR,RG,4890,1,F,KZ,IF,D
14:35:01,UNVR,RG,4890,2,F,KZ,ZP,F
14:35:01,UNVR,RG,4890,115,F,KZ,CS,D
14:34:50,UNVR,RG,4890,2,D,DR,CS,D
14:34:29,UNVR,RG,4890,69,D,PD,CS,D
14:34:29,UNVR,RG,4890,138,D,PD,YU,F
14:34:22,UNVR,RG,4890,22,F,KZ,YU,F
14:34:19,UNVR,RG,4880,247,F,AK,CS,D
14:34:18,UNVR,RG,4890,49,D,PD,YU,F
14:34:18,UNVR,RG,4890,71,D,PD,AK,F
14:33:51,UNVR,RG,4880,2,F,AK,PD,D
14:33:19,UNVR,RG,4880,12,F,AK,AK,F
14:33:18,UNVR,RG,4880,70,F,AK,YP,F
14:33:17,UNVR,RG,4880,2,F,AK,YP,D
14:33:15,UNVR,RG,4880,5,F,AK,YP,D
14:33:10,UNVR,RG,4880,20,F,AK,YP,D
14:33:03,UNVR,RG,4880,1,F,AK,GR,D
14:32:33,UNVR,RG,4880,20,F,AK,GR,D
14:32:30,UNVR,RG,4880,5,F,AK,XC,D
14:32:05,UNVR,RG,4880,5,F,AK,NI,D
14:31:43,UNVR,RG,4880,2,F,AK,EP,D
14:31:41,UNVR,RG,4890,1,D,YP,AK,F
14:31:18,UNVR,RG,4890,2,F,AK,AK,F
14:31:18,UNVR,RG,4880,8,F,AK,EP,D
14:31:18,UNVR,RG,4880,4,D,CC,EP,D
14:31:18,UNVR,RG,4880,1,D,CC,EP,D
14:31:18,UNVR,RG,4880,1,D,DR,EP,D
14:31:18,UNVR,RG,4880,3,D,YP,EP,D
14:31:18,UNVR,RG,4880,1,D,XL,EP,D
14:31:18,UNVR,RG,4880,5,D,XL,EP,D
14:31:18,UNVR,RG,4880,2,D,XC,EP,D
14:31:18,UNVR,RG,4880,1,D,PD,EP,D
14:31:18,UNVR,RG,4880,1,D,YP,EP,D
14:31:18,UNVR,RG,4880,1,D,PD,EP,D
14:31:18,UNVR,RG,4880,1,D,XC,EP,D
14:31:18,UNVR,RG,4880,1,D,YP,EP,D
14:31:15,UNVR,RG,4890,1,F,AK,AK,F
14:31:15,UNVR,RG,4880,15,D,YP,AK,F
14:31:14,UNVR,RG,4890,16,F,AK,AK,F
14:31:14,UNVR,RG,4890,1,F,AK,BQ,D
14:31:14,UNVR,RG,4880,84,D,YP,KI,D
14:31:14,UNVR,RG,4880,2,D,YP,KI,D
14:31:14,UNVR,RG,4880,214,F,AK,KI,D
14:31:06,UNVR,RG,4880,1,F,AK,AK,F
14:31:05,UNVR,RG,4890,13,F,AK,BQ,D
14:31:04,UNVR,RG,4880,21,F,AK,AK,F
14:31:04,UNVR,RG,4890,207,D,PD,BQ,D
14:30:08,UNVR,RG,4880,1,F,AK,AK,F
14:30:08,UNVR,RG,4890,4,F,AK,BQ,D
14:30:07,UNVR,RG,4880,6,F,AK,AK,F
14:30:07,UNVR,RG,4890,64,D,PD,BQ,D
14:29:14,UNVR,RG,4890,2,F,AK,BQ,D
14:29:13,UNVR,RG,4880,2,F,AK,AK,F
14:29:13,UNVR,RG,4880,20,F,AK,YP,D
14:28:47,UNVR,RG,4890,1,F,AK,BQ,D
14:28:46,UNVR,RG,4890,21,D,OD,BQ,D
14:28:12,UNVR,RG,4890,12,F,AK,BQ,D
14:28:11,UNVR,RG,4890,175,D,PD,BQ,D
14:28:11,UNVR,RG,4890,32,D,PD,AK,F
14:28:09,UNVR,RG,4890,1,D,CC,AK,F
14:26:26,UNVR,RG,4890,44,F,AK,AK,F
14:26:26,UNVR,RG,4890,9,F,AK,AK,F
14:26:26,UNVR,RG,4890,39,F,AK,BK,D
14:26:26,UNVR,RG,4880,30,F,AK,AK,F
14:26:26,UNVR,RG,4890,410,F,ZP,BK,D
14:26:25,UNVR,RG,4890,43,D,RX,BK,D
14:26:25,UNVR,RG,4890,93,F,KZ,BK,D
14:26:25,UNVR,RG,4890,2,D,ZP,BK,D
14:26:25,UNVR,RG,4890,5,F,CC,BK,D
14:26:25,UNVR,RG,4890,2,D,ZP,BK,D
14:26:25,UNVR,RG,4890,22,D,ZP,BK,D
14:26:25,UNVR,RG,4890,16,D,ZP,BK,D
14:26:25,UNVR,RG,4890,2,D,ZP,BK,D
14:26:25,UNVR,RG,4890,32,F,CS,BK,D
14:26:25,UNVR,RG,4890,1,D,ZP,BK,D
14:26:25,UNVR,RG,4890,3,D,ZP,BK,D
14:26:25,UNVR,RG,4890,1,D,PD,BK,D
14:26:25,UNVR,RG,4890,24,F,AK,BK,D
14:26:25,UNVR,RG,4890,10,D,XC,BK,D
14:26:25,UNVR,RG,4890,217,D,OD,BK,D
14:26:25,UNVR,RG,4890,78,D,YP,BK,D
14:26:19,UNVR,RG,4890,49,D,YP,BK,D
14:26:19,UNVR,RG,4890,321,F,KZ,BK,D
14:26:19,UNVR,RG,4890,22,D,ZP,BK,D
14:26:19,UNVR,RG,4890,17,D,ZP,BK,D
14:26:19,UNVR,RG,4890,1,D,ZP,BK,D
14:26:19,UNVR,RG,4890,1,D,ZP,BK,D
14:26:19,UNVR,RG,4890,3,D,ZP,BK,D
14:26:19,UNVR,RG,4890,3,D,ZP,BK,D
14:26:19,UNVR,RG,4890,3,D,ZP,BK,D
14:26:19,UNVR,RG,4890,5,F,KZ,BK,D
14:26:19,UNVR,RG,4890,5,F,KZ,BK,D
14:26:19,UNVR,RG,4890,465,F,ZP,BK,D
14:26:19,UNVR,RG,4890,21,F,CS,BK,D
14:26:19,UNVR,RG,4890,84,F,KZ,BK,D
14:26:04,UNVR,RG,4890,6,F,KZ,AK,F
14:26:04,UNVR,RG,4890,5,F,KZ,YP,D
14:26:04,UNVR,RG,4890,7,F,KZ,AK,F
14:26:04,UNVR,RG,4890,17,F,KZ,YP,D
14:26:01,UNVR,RG,4890,3,F,AK,YP,D
14:26:01,UNVR,RG,4890,17,F,AK,ZP,D
14:26:01,UNVR,RG,4890,9,F,AK,CC,D
14:26:01,UNVR,RG,4890,56,F,ZP,CS,D
14:26:01,UNVR,RG,4890,60,F,ZP,CS,D
14:26:01,UNVR,RG,4890,137,F,ZP,BQ,D
14:26:01,UNVR,RG,4890,10,F,KZ,BQ,D
14:26:01,UNVR,RG,4890,4,F,KZ,BQ,D
14:26:01,UNVR,RG,4890,49,F,KZ,BQ,D
14:26:01,UNVR,RG,4890,1,F,KZ,XC,D
14:26:01,UNVR,RG,4890,10,F,KZ,SQ,D
14:26:01,UNVR,RG,4890,46,F,KZ,PD,D
14:26:01,UNVR,RG,4890,54,D,KK,PD,D
14:26:01,UNVR,RG,4890,46,D,KK,CS,D
14:26:00,UNVR,RG,4890,15,D,YP,CS,D
14:26:00,UNVR,RG,4890,18,D,YP,CS,D
14:25:58,UNVR,RG,4890,3,F,AK,CS,D
14:25:58,UNVR,RG,4890,1,F,AK,CS,D
14:25:58,UNVR,RG,4890,17,F,AK,CS,D
14:25:58,UNVR,RG,4890,10,F,KZ,CS,D
14:25:58,UNVR,RG,4890,4,F,KZ,CS,D
14:25:57,UNVR,RG,4890,5,F,KZ,CS,D
14:25:57,UNVR,RG,4890,4,F,KZ,CS,D
14:25:57,UNVR,RG,4890,42,F,KZ,CS,D
14:25:57,UNVR,RG,4890,55,F,KZ,AK,F
14:25:57,UNVR,RG,4890,5,F,KZ,AK,F
14:25:57,UNVR,RG,4890,2,F,KZ,AK,F
14:25:57,UNVR,RG,4890,30,F,KZ,AK,F
14:25:57,UNVR,RG,4890,65,D,PD,AK,F
14:25:57,UNVR,RG,4890,20,D,PD,YP,D
14:25:57,UNVR,RG,4890,2,D,PD,YP,D
14:25:57,UNVR,RG,4890,1,D,PD,PD,D
14:25:57,UNVR,RG,4890,119,D,PD,YU,F
14:25:56,UNVR,RG,4880,10,F,AK,AK,F
14:25:56,UNVR,RG,4890,8,F,AK,YU,F
14:25:55,UNVR,RG,4890,76,F,ZP,YU,F
14:25:55,UNVR,RG,4890,63,D,PD,YU,F
14:25:11,UNVR,RG,4890,1,F,AK,YU,F
14:25:10,UNVR,RG,4880,5,F,AK,CC,D
14:25:01,UNVR,RG,4880,10,F,AK,XL,D
14:24:49,UNVR,RG,4890,8,F,AK,YU,F
14:24:49,UNVR,RG,4890,1,D,PD,YU,F
14:24:49,UNVR,RG,4890,1,D,PD,YU,F
14:24:48,UNVR,RG,4890,19,F,ZP,YU,F
14:24:48,UNVR,RG,4890,100,F,ZP,YP,D
14:24:48,UNVR,RG,4890,10,F,ZP,YP,D
14:24:19,UNVR,RG,4890,1,F,AK,YP,D
14:24:19,UNVR,RG,4890,4,F,KZ,YP,D
14:24:19,UNVR,RG,4890,5,F,KZ,YP,D
14:24:19,UNVR,RG,4890,4,F,KZ,YP,D
14:24:17,UNVR,RG,4890,26,F,AK,YP,D
14:24:17,UNVR,RG,4890,7,F,AK,PD,D
14:24:17,UNVR,RG,4890,102,F,ZP,PD,D
14:24:17,UNVR,RG,4890,126,F,ZP,CS,D
14:24:17,UNVR,RG,4890,79,F,ZP,AK,F
14:24:17,UNVR,RG,4890,11,F,KZ,AK,F
14:24:16,UNVR,RG,4890,2,F,KZ,AK,F
14:24:16,UNVR,RG,4890,1,F,KZ,AK,F
14:24:16,UNVR,RG,4890,152,F,KZ,AK,F
14:24:16,UNVR,RG,4890,3,F,KZ,ZP,F
14:24:16,UNVR,RG,4890,85,F,KZ,BQ,D
14:24:16,UNVR,RG,4890,3,F,KZ,BQ,D
14:24:16,UNVR,RG,4890,3,F,KZ,BQ,D
14:24:16,UNVR,RG,4890,10,D,PD,BQ,D
14:23:53,UNVR,RG,4880,3,F,AK,PD,D
14:23:52,UNVR,RG,4890,1,F,AK,BQ,D
14:23:52,UNVR,RG,4890,1,F,AK,BQ,D
14:23:52,UNVR,RG,4890,1,F,AK,BQ,D
14:23:52,UNVR,RG,4890,3,F,AK,BQ,D
14:23:51,UNVR,RG,4890,6,F,AK,BQ,D
14:23:51,UNVR,RG,4890,33,F,AK,BQ,D
14:23:51,UNVR,RG,4890,12,F,AK,BQ,D
14:23:51,UNVR,RG,4890,23,F,AK,BQ,D
14:23:51,UNVR,RG,4880,16,F,AK,AK,F
14:23:51,UNVR,RG,4890,46,F,AK,BQ,D
14:23:51,UNVR,RG,4890,73,F,AK,BQ,D
14:23:51,UNVR,RG,4890,10,F,AK,HP,D
14:23:51,UNVR,RG,4890,1,F,AK,PD,D
14:23:51,UNVR,RG,4890,1,F,AK,YP,D
14:23:51,UNVR,RG,4890,3,F,AK,AR,D
14:23:51,UNVR,RG,4890,3,F,AK,NI,D
14:23:51,UNVR,RG,4890,2,F,AK,CS,D
14:23:51,UNVR,RG,4880,46,F,AK,AK,F
14:23:51,UNVR,RG,4890,10,F,ZP,CS,D
14:23:51,UNVR,RG,4890,77,F,ZP,CS,D
14:23:51,UNVR,RG,4890,252,F,ZP,YU,F
14:23:45,UNVR,RG,4890,53,F,AK,YU,F
14:23:44,UNVR,RG,4880,54,F,AK,AK,F
14:23:44,UNVR,RG,4880,1,D,DH,AK,F
14:23:44,UNVR,RG,4880,5,D,XC,AK,F
14:23:44,UNVR,RG,4880,1,D,SQ,AK,F
14:23:44,UNVR,RG,4880,5,D,CC,AK,F
14:23:44,UNVR,RG,4880,1,D,DR,AK,F
14:23:44,UNVR,RG,4880,21,F,AK,AK,F
14:23:44,UNVR,RG,4890,757,F,ZP,YU,F
14:23:44,UNVR,RG,4890,3,F,ZP,NI,D
14:23:44,UNVR,RG,4890,1,F,ZP,DR,D
14:23:44,UNVR,RG,4890,34,F,ZP,CS,D
14:23:44,UNVR,RG,4890,15,F,ZP,ZP,D
14:23:44,UNVR,RG,4890,7,F,ZP,AK,F
14:23:44,UNVR,RG,4890,1,F,ZP,AK,F
14:23:44,UNVR,RG,4890,10,F,ZP,AK,F
14:23:38,UNVR,RG,4880,3,F,AK,XC,D
14:23:20,UNVR,RG,4880,2,F,AK,NI,D
14:22:54,UNVR,RG,4890,1,F,AK,AK,F
14:22:53,UNVR,RG,4880,10,F,AK,ZP,D
14:22:39,UNVR,RG,4890,16,F,AK,AK,F
14:22:39,UNVR,RG,4890,1,F,CS,ZP,F
14:22:39,UNVR,RG,4890,9,F,CS,KK,D
14:22:39,UNVR,RG,4880,4,F,AK,CS,D
14:22:39,UNVR,RG,4890,12,F,KZ,KK,D
14:22:39,UNVR,RG,4890,12,F,KZ,KK,D
14:22:39,UNVR,RG,4890,7,D,RX,KK,D
14:22:39,UNVR,RG,4890,5,F,KZ,KK,D
14:22:39,UNVR,RG,4890,3,F,KZ,KK,D
14:22:39,UNVR,RG,4890,3,F,KZ,KK,D
14:22:39,UNVR,RG,4890,8,F,KZ,KK,D
14:22:39,UNVR,RG,4890,41,F,KZ,KK,D
14:22:38,UNVR,RG,4890,2,F,KZ,XC,D
14:22:34,UNVR,RG,4890,12,F,KZ,CS,D
14:22:29,UNVR,RG,4890,2,F,KZ,ZP,F
14:22:21,UNVR,RG,4890,7,F,KZ,CS,D
14:22:21,UNVR,RG,4890,7,F,KZ,AK,F
14:22:21,UNVR,RG,4890,6,F,ZP,AK,F
14:22:21,UNVR,RG,4900,28,D,PD,GR,D
14:22:20,UNVR,RG,4890,10,F,ZP,DR,D
14:22:14,UNVR,RG,4890,12,F,ZP,CS,D
14:22:14,UNVR,RG,4890,30,F,ZP,NI,D
14:22:01,UNVR,RG,4890,7,F,ZP,CS,D
14:22:01,UNVR,RG,4890,12,F,ZP,XL,D
14:21:54,UNVR,RG,4890,10,F,ZP,CS,D
14:21:44,UNVR,RG,4890,5,F,ZP,CS,D
14:21:44,UNVR,RG,4890,7,F,CS,CS,D
14:21:36,UNVR,RG,4890,14,F,CS,YP,D
14:21:36,UNVR,RG,4890,16,F,AK,YP,D
14:21:33,UNVR,RG,4890,5,F,AK,YP,D
14:21:31,UNVR,RG,4890,14,F,AK,AK,F
14:21:31,UNVR,RG,4890,2,F,KZ,AK,F
14:21:31,UNVR,RG,4890,4,D,YP,AK,F
14:21:31,UNVR,RG,4890,1,D,YP,CS,D
14:21:31,UNVR,RG,4890,5,F,CS,CS,D
14:21:31,UNVR,RG,4890,119,F,CS,YU,F
14:21:31,UNVR,RG,4890,1,D,PD,YU,F
14:21:31,UNVR,RG,4890,7,F,KZ,YU,F
14:21:31,UNVR,RG,4890,58,F,CS,YU,F
14:21:31,UNVR,RG,4890,1,F,KZ,YU,F
14:21:31,UNVR,RG,4890,3,F,KZ,YU,F
14:21:31,UNVR,RG,4890,1,F,KZ,YU,F
14:21:31,UNVR,RG,4890,53,F,ZP,YU,F
14:21:25,UNVR,RG,4890,10,F,ZP,CS,D
14:21:16,UNVR,RG,4900,14,D,PD,GR,D
14:21:15,UNVR,RG,4890,10,F,ZP,AK,F
14:21:15,UNVR,RG,4890,50,F,ZP,YP,D
14:21:15,UNVR,RG,4890,10,F,ZP,CS,D
14:21:04,UNVR,RG,4890,11,F,ZP,CS,D
14:20:54,UNVR,RG,4890,5,F,ZP,SQ,D
14:20:53,UNVR,RG,4890,7,F,ZP,CS,D
14:20:53,UNVR,RG,4890,1,F,KZ,CS,D
14:20:53,UNVR,RG,4890,15,F,KZ,CC,D
14:20:53,UNVR,RG,4890,2,D,YP,CC,D
14:20:53,UNVR,RG,4890,1,F,KZ,CC,D
14:20:53,UNVR,RG,4890,12,F,AK,CC,D
14:20:49,UNVR,RG,4890,2,F,AK,CC,D
14:20:46,UNVR,RG,4890,3,F,AK,XL,D
14:20:44,UNVR,RG,4890,10,F,AK,CS,D
14:20:40,UNVR,RG,4890,6,F,AK,AK,F
14:20:40,UNVR,RG,4900,14,D,PD,GR,D
14:20:40,UNVR,RG,4890,2,F,AK,BQ,D
14:20:40,UNVR,RG,4890,18,F,KZ,BQ,D
14:20:33,UNVR,RG,4890,14,F,KZ,CS,D
14:20:19,UNVR,RG,4890,5,F,KZ,CS,D
14:20:19,UNVR,RG,4890,1,F,KZ,ZP,F
14:20:14,UNVR,RG,4890,7,F,KZ,CS,D
14:20:07,UNVR,RG,4890,3,F,KZ,CS,D
14:20:07,UNVR,RG,4890,11,F,KZ,ZP,D
14:20:07,UNVR,RG,4890,6,F,KZ,AK,F
14:20:06,UNVR,RG,4900,64,D,PD,GR,D
14:20:03,UNVR,RG,4890,10,F,KZ,CS,D
14:19:57,UNVR,RG,4890,1,F,KZ,YP,D
14:19:57,UNVR,RG,4890,1,F,KZ,YP,D
14:19:54,UNVR,RG,4890,25,F,KZ,AK,F
14:19:54,UNVR,RG,4890,142,F,KZ,BQ,D
14:19:54,UNVR,RG,4890,158,F,ZP,BQ,D
14:19:52,UNVR,RG,4890,10,F,ZP,OD,D
14:19:52,UNVR,RG,4890,18,F,ZP,CS,D
14:19:52,UNVR,RG,4890,1,F,ZP,PD,D
14:19:50,UNVR,RG,4890,3,F,ZP,AK,F
14:19:50,UNVR,RG,4890,25,F,ZP,GR,D
14:19:48,UNVR,RG,4890,5,F,ZP,YP,D
14:19:37,UNVR,RG,4890,19,F,ZP,AK,F
14:19:36,UNVR,RG,4890,14,F,ZP,YU,F
14:19:36,UNVR,RG,4890,41,F,KZ,YU,F
14:19:36,UNVR,RG,4890,128,F,CS,YU,F
14:19:36,UNVR,RG,4890,1,F,KZ,YU,F
14:19:36,UNVR,RG,4890,30,F,AK,YU,F
14:19:36,UNVR,RG,4890,29,F,KZ,YU,F
14:19:35,UNVR,RG,4890,3,F,KZ,AK,F
14:19:35,UNVR,RG,4890,29,F,KZ,PD,D
14:19:35,UNVR,RG,4890,11,F,KZ,PD,D
14:19:33,UNVR,RG,4890,5,F,KZ,PD,D
14:19:32,UNVR,RG,4890,2,F,KZ,AK,F
14:19:32,UNVR,RG,4890,19,F,KZ,CS,D
14:19:31,UNVR,RG,4890,5,F,KZ,PD,D
14:19:17,UNVR,RG,4890,1,F,KZ,AK,F
14:19:17,UNVR,RG,4890,20,F,KZ,KI,D
14:19:12,UNVR,RG,4890,25,F,KZ,GR,D
14:19:09,UNVR,RG,4890,49,F,KZ,AK,F
14:19:09,UNVR,RG,4890,10,F,KZ,CS,D
14:19:09,UNVR,RG,4890,45,F,KZ,KK,D
14:19:09,UNVR,RG,4890,18,D,ZP,KK,D
14:19:09,UNVR,RG,4890,14,D,ZP,KK,D
14:19:09,UNVR,RG,4890,2,D,ZP,KK,D
14:19:09,UNVR,RG,4890,2,D,ZP,KK,D
14:19:09,UNVR,RG,4890,2,D,ZP,KK,D
14:19:09,UNVR,RG,4890,2,D,ZP,KK,D
14:19:09,UNVR,RG,4890,115,F,ZP,KK,D
14:19:02,UNVR,RG,4890,2,F,ZP,YP,D
14:18:52,UNVR,RG,4890,198,F,ZP,GR,D
14:18:52,UNVR,RG,4890,1,F,CS,GR,D
14:18:52,UNVR,RG,4890,1,F,CS,GR,D
14:18:47,UNVR,RG,4890,5,F,AK,AK,F
14:18:47,UNVR,RG,4890,8,F,AK,ZP,D
14:18:47,UNVR,RG,4880,134,F,AK,AK,F
14:18:47,UNVR,RG,4890,2,F,AK,CS,D
14:18:47,UNVR,RG,4890,77,F,AK,BK,D
14:18:46,UNVR,RG,4890,45,F,AK,BK,D
14:18:46,UNVR,RG,4890,365,F,ZP,BK,D
14:18:46,UNVR,RG,4890,326,F,ZP,BK,D
14:18:46,UNVR,RG,4890,55,F,KZ,BK,D
14:18:46,UNVR,RG,4890,1,F,KZ,BK,D
14:18:46,UNVR,RG,4890,36,F,KZ,BK,D
14:18:46,UNVR,RG,4890,52,F,AK,BK,D
14:18:46,UNVR,RG,4890,19,D,ZP,BK,D
14:18:46,UNVR,RG,4890,15,D,ZP,BK,D
14:18:46,UNVR,RG,4890,1,D,ZP,BK,D
14:18:46,UNVR,RG,4890,1,D,ZP,BK,D
14:18:46,UNVR,RG,4890,2,D,ZP,BK,D
14:18:46,UNVR,RG,4890,2,D,ZP,BK,D
14:18:46,UNVR,RG,4890,2,D,ZP,BK,D
14:18:46,UNVR,RG,4890,1,D,RX,BK,D
14:18:45,UNVR,RG,4890,5,D,RX,NI,D
14:18:44,UNVR,RG,4890,1,D,RX,ZP,F
14:18:44,UNVR,RG,4890,7,D,RX,AK,F
14:18:44,UNVR,RG,4890,4,F,KZ,AK,F
14:18:44,UNVR,RG,4890,1,F,AK,AK,F
14:18:44,UNVR,RG,4890,174,F,ZP,AK,F
14:18:44,UNVR,RG,4890,194,F,ZP,SQ,D
14:18:44,UNVR,RG,4890,106,F,KZ,SQ,D
14:18:39,UNVR,RG,4890,27,F,KZ,KK,D
14:18:39,UNVR,RG,4890,173,F,KZ,KK,D
14:18:39,UNVR,RG,4890,10,F,KZ,NI,D
14:18:35,UNVR,RG,4890,5,F,KZ,YP,D
14:18:28,UNVR,RG,4890,81,F,KZ,BQ,D
14:18:28,UNVR,RG,4890,79,F,KZ,BQ,D
14:18:28,UNVR,RG,4890,40,F,AK,BQ,D
14:18:05,UNVR,RG,4890,2,F,AK,PD,D
14:17:58,UNVR,RG,4890,9,F,AK,OD,D
14:17:58,UNVR,RG,4890,6,F,CC,OD,D
14:17:45,UNVR,RG,4890,2,F,CC,YU,F
14:17:45,UNVR,RG,4890,1,F,KZ,YU,F
14:17:45,UNVR,RG,4890,167,F,KZ,YU,F
14:17:23,UNVR,RG,4890,68,F,KZ,BK,D
14:17:23,UNVR,RG,4890,432,F,ZP,BK,D
14:17:16,UNVR,RG,4900,9,D,ZP,GR,D
14:17:16,UNVR,RG,4900,1,D,ZP,GR,D
14:17:16,UNVR,RG,4890,168,F,ZP,NI,D
14:17:16,UNVR,RG,4890,41,F,CS,NI,D
14:17:16,UNVR,RG,4890,41,F,AK,NI,D
14:17:11,UNVR,RG,4900,1,D,ZP,GR,D
14:17:09,UNVR,RG,4900,1,D,ZP,GR,D
14:17:07,UNVR,RG,4890,383,F,ZP,AK,F
14:17:07,UNVR,RG,4890,300,F,ZP,AK,F
14:17:07,UNVR,RG,4890,12,F,KZ,AK,F
14:17:07,UNVR,RG,4890,4,F,AK,AK,F
14:17:07,UNVR,RG,4900,8,D,ZP,GR,D
14:17:06,UNVR,RG,4890,5,F,AK,CC,D
14:17:06,UNVR,RG,4890,2,F,CC,CC,D
14:17:06,UNVR,RG,4890,11,F,KZ,CC,D
14:17:02,UNVR,RG,4890,1,F,KZ,YP,D
14:16:51,UNVR,RG,4890,1,F,KZ,ZP,F
14:16:51,UNVR,RG,4890,139,F,KZ,BK,D
14:16:51,UNVR,RG,4890,128,F,AK,BK,D
14:16:51,UNVR,RG,4890,700,F,KZ,BK,D
14:16:51,UNVR,RG,4890,533,F,ZP,BK,D
14:16:48,UNVR,RG,4890,3,F,ZP,NI,D
14:16:40,UNVR,RG,4890,119,F,ZP,YU,F
14:16:39,UNVR,RG,4890,5,F,ZP,YP,D
14:16:27,UNVR,RG,4890,28,F,ZP,PD,D
14:16:25,UNVR,RG,4900,9,D,PD,GR,D
14:16:23,UNVR,RG,4890,10,F,ZP,YP,D
14:16:22,UNVR,RG,4890,134,F,ZP,AK,F
14:16:22,UNVR,RG,4890,134,F,AK,AK,F
14:16:22,UNVR,RG,4890,2,F,AK,AK,F
14:16:22,UNVR,RG,4890,46,F,ZP,AK,F
14:16:22,UNVR,RG,4890,15,F,ZP,AK,F
14:16:22,UNVR,RG,4890,255,F,ZP,AK,F
14:16:21,UNVR,RG,4890,1,F,ZP,ZP,F
14:16:21,UNVR,RG,4890,54,F,ZP,CS,D
14:16:21,UNVR,RG,4890,2,F,ZP,CS,D
14:16:21,UNVR,RG,4890,79,F,ZP,CS,D
14:16:21,UNVR,RG,4890,244,F,ZP,BK,D
14:16:21,UNVR,RG,4880,83,F,AK,CS,D
14:16:21,UNVR,RG,4890,34,F,CS,BK,D
14:16:21,UNVR,RG,4890,220,F,CS,BK,D
14:16:21,UNVR,RG,4890,1,D,PD,BK,D
14:16:21,UNVR,RG,4890,1,D,YP,BK,D
14:16:21,UNVR,RG,4890,1,D,EP,BK,D
14:16:21,UNVR,RG,4890,28,F,CS,BK,D
14:16:21,UNVR,RG,4890,4,F,CC,BK,D
14:16:21,UNVR,RG,4890,17,F,KZ,BK,D
14:16:21,UNVR,RG,4890,94,F,KZ,BK,D
14:16:21,UNVR,RG,4890,255,F,CS,BK,D
14:16:21,UNVR,RG,4890,27,D,ZP,BK,D
14:16:21,UNVR,RG,4890,2,D,ZP,BK,D
14:16:21,UNVR,RG,4890,31,D,ZP,BK,D
14:16:21,UNVR,RG,4890,2,D,ZP,BK,D
14:16:21,UNVR,RG,4890,3,D,ZP,BK,D
14:16:21,UNVR,RG,4890,2,D,ZP,BK,D
14:16:21,UNVR,RG,4890,4,D,ZP,BK,D
14:16:21,UNVR,RG,4890,16,D,RX,BK,D
14:16:21,UNVR,RG,4890,750,F,AK,BK,D
14:16:21,UNVR,RG,4890,428,F,ZP,BK,D
14:16:21,UNVR,RG,4890,23,F,CS,BK,D
14:16:21,UNVR,RG,4890,60,F,AK,BK,D
14:16:21,UNVR,RG,4890,34,F,KZ,BK,D
14:16:21,UNVR,RG,4890,1,F,KZ,BK,D
14:16:21,UNVR,RG,4890,2,F,KZ,BK,D
14:16:21,UNVR,RG,4890,1,F,KZ,BK,D
14:16:21,UNVR,RG,4890,31,F,KZ,BK,D
14:16:21,UNVR,RG,4890,48,F,KZ,BK,D
14:16:21,UNVR,RG,4890,25,F,CS,BK,D
14:16:21,UNVR,RG,4890,750,F,AK,BK,D
14:16:21,UNVR,RG,4890,10,D,TP,BK,D
14:16:21,UNVR,RG,4890,1,D,MK,BK,D
14:16:21,UNVR,RG,4890,35,F,AK,BK,D
14:16:21,UNVR,RG,4890,2,D,CC,BK,D
14:16:21,UNVR,RG,4890,5,D,CP,BK,D
14:16:21,UNVR,RG,4890,37,F,CS,BK,D
14:16:21,UNVR,RG,4890,253,F,CS,BK,D
14:16:21,UNVR,RG,4890,3,D,NI,BK,D
14:16:21,UNVR,RG,4890,20,D,XA,BK,D
14:16:21,UNVR,RG,4890,200,D,YP,BK,D
14:16:21,UNVR,RG,4890,268,F,AK,BK,D
14:16:21,UNVR,RG,4890,3,D,YP,BK,D
14:16:21,UNVR,RG,4890,24,F,CS,BK,D
14:16:18,UNVR,RG,4890,13,F,CS,CP,D
14:16:18,UNVR,RG,4890,287,F,ZP,CP,D
14:16:14,UNVR,RG,4890,10,F,ZP,YP,D
14:16:07,UNVR,RG,4900,11,D,ZP,GR,D
14:16:07,UNVR,RG,4900,11,D,ZP,GR,D
14:16:07,UNVR,RG,4900,1,D,ZP,GR,D
14:16:07,UNVR,RG,4900,1,D,ZP,GR,D
14:16:07,UNVR,RG,4900,1,D,ZP,GR,D
14:16:06,UNVR,RG,4900,1,D,ZP,GR,D
14:16:02,UNVR,RG,4890,1,F,ZP,PD,D
14:15:53,UNVR,RG,4890,1,F,ZP,PD,D
14:15:44,UNVR,RG,4890,2,F,ZP,XC,D
14:15:41,UNVR,RG,4890,97,F,ZP,YU,F
14:15:41,UNVR,RG,4890,13,F,CS,YU,F
14:15:22,UNVR,RG,4890,3,F,CS,CC,D
14:15:16,UNVR,RG,4890,10,F,CS,OD,D
14:15:14,UNVR,RG,4890,10,F,CS,NI,D
14:15:07,UNVR,RG,4900,63,D,PD,GR,D
14:15:07,UNVR,RG,4890,1,F,CS,ZP,F
14:15:07,UNVR,RG,4890,141,F,CS,CP,D
14:15:07,UNVR,RG,4890,94,D,YP,CP,D
14:15:01,UNVR,RG,4890,1,D,YP,OD,D
14:14:49,UNVR,RG,4890,3,D,YP,XC,D
14:14:48,UNVR,RG,4890,6,D,YP,ZP,D
14:14:47,UNVR,RG,4890,9,D,YP,ZP,D
14:14:46,UNVR,RG,4890,110,D,YP,CS,D
14:14:46,UNVR,RG,4890,125,D,YP,YU,F
14:14:29,UNVR,RG,4900,10,D,YP,GR,D
14:14:13,UNVR,RG,4900,1,D,YP,GR,D
14:14:05,UNVR,RG,4900,155,F,KZ,GR,D
14:14:04,UNVR,RG,4890,10,D,YP,CD,D
14:13:50,UNVR,RG,4890,16,D,YP,NI,D
14:13:44,UNVR,RG,4890,62,D,YP,YU,F
14:13:36,UNVR,RG,4890,1,D,YP,ZP,F
14:13:13,UNVR,RG,4890,144,D,YP,YU,F
14:13:13,UNVR,RG,4890,3,F,CC,YU,F
14:13:13,UNVR,RG,4890,1,D,YP,YU,F
14:13:13,UNVR,RG,4890,28,D,ZP,YU,F
14:13:13,UNVR,RG,4890,18,D,ZP,YU,F
14:13:13,UNVR,RG,4890,2,D,ZP,YU,F
14:13:13,UNVR,RG,4890,3,D,ZP,YU,F
14:13:13,UNVR,RG,4890,3,D,ZP,YU,F
14:13:13,UNVR,RG,4890,3,D,ZP,YU,F
14:13:13,UNVR,RG,4890,6,D,RX,YU,F
14:13:13,UNVR,RG,4890,1,D,YP,YU,F
14:13:13,UNVR,RG,4890,90,F,KZ,YU,F
14:13:09,UNVR,RG,4900,4,D,PD,GR,D
14:13:05,UNVR,RG,4890,31,F,KZ,NI,D
14:13:05,UNVR,RG,4890,5,D,YP,NI,D
14:13:05,UNVR,RG,4890,6,D,XL,NI,D
14:12:41,UNVR,RG,4890,4,D,XL,NI,D
14:12:41,UNVR,RG,4890,52,F,CS,NI,D
14:12:41,UNVR,RG,4890,10,F,KZ,NI,D
14:12:41,UNVR,RG,4890,34,F,KZ,NI,D
14:12:39,UNVR,RG,4890,5,F,KZ,MK,D
14:12:39,UNVR,RG,4890,1,F,CS,MK,D
14:12:39,UNVR,RG,4900,7,D,PD,GR,D
14:12:33,UNVR,RG,4890,61,F,CS,CS,D
14:12:33,UNVR,RG,4890,1,D,XA,CS,D
14:12:33,UNVR,RG,4890,64,F,CS,CS,D
14:12:18,UNVR,RG,4890,1,F,CS,PD,D
14:12:12,UNVR,RG,4890,14,F,CS,ZP,D
14:12:09,UNVR,RG,4890,21,F,CS,PD,D
14:11:44,UNVR,RG,4890,1,F,CS,PD,D
14:11:43,UNVR,RG,4900,1,D,ZP,GR,D
14:11:42,UNVR,RG,4890,3,F,CS,XC,D
14:11:33,UNVR,RG,4890,10,F,CS,PD,D
14:11:30,UNVR,RG,4890,2,F,CS,CC,D
14:11:19,UNVR,RG,4890,5,F,CS,PD,D
14:11:16,UNVR,RG,4890,2,F,CS,CC,D
14:11:10,UNVR,RG,4890,30,F,CS,YP,D
14:10:55,UNVR,RG,4890,1,F,CS,AZ,D
14:10:52,UNVR,RG,4900,1,D,ZP,GR,D
14:10:52,UNVR,RG,4900,1,D,ZP,GR,D
14:10:49,UNVR,RG,4900,8,D,ZP,GR,D
14:10:48,UNVR,RG,4900,9,D,ZP,GR,D
14:10:43,UNVR,RG,4890,8,F,CS,YU,F
14:10:43,UNVR,RG,4890,34,F,CS,YU,F
14:10:43,UNVR,RG,4890,10,F,CS,YU,F
14:10:43,UNVR,RG,4890,6,F,ZP,YU,F
14:10:34,UNVR,RG,4890,1,F,ZP,PC,D
14:10:14,UNVR,RG,4890,63,F,ZP,YU,F
14:10:09,UNVR,RG,4900,27,D,PD,GR,D
14:10:09,UNVR,RG,4900,34,D,PD,YP,D
14:10:09,UNVR,RG,4900,3,D,PD,NI,D
14:09:59,UNVR,RG,4890,1,F,ZP,ZP,F
14:09:59,UNVR,RG,4890,127,F,ZP,CS,D
14:09:59,UNVR,RG,4890,29,F,ZP,YU,D
14:09:59,UNVR,RG,4890,2,D,ZP,YU,D
14:09:59,UNVR,RG,4890,14,D,RX,YU,D
14:09:59,UNVR,RG,4890,158,F,KZ,YU,D
14:09:59,UNVR,RG,4890,29,F,CS,YU,D
14:09:59,UNVR,RG,4890,184,F,CS,YU,D
14:09:59,UNVR,RG,4890,24,F,CS,YU,D
14:09:59,UNVR,RG,4890,750,F,AK,YU,D
14:09:59,UNVR,RG,4890,67,D,YP,YU,D
14:09:59,UNVR,RG,4890,22,F,AK,YU,D
14:09:59,UNVR,RG,4890,1,F,CS,YU,D
14:09:58,UNVR,RG,4890,9,F,CS,OD,D
14:09:58,UNVR,RG,4890,1,F,CS,OD,D
14:09:45,UNVR,RG,4900,10,D,ZP,NI,D
14:09:45,UNVR,RG,4900,8,D,ZP,NI,D
14:09:45,UNVR,RG,4900,1,D,ZP,NI,D
14:09:45,UNVR,RG,4900,1,D,ZP,NI,D
14:09:45,UNVR,RG,4900,2,D,ZP,NI,D
14:09:44,UNVR,RG,4900,1,D,ZP,NI,D
14:09:43,UNVR,RG,4890,15,F,CS,YU,F
14:09:43,UNVR,RG,4890,44,F,CS,YU,F
14:09:27,UNVR,RG,4890,1,F,CS,ZP,D
14:09:17,UNVR,RG,4890,6,F,CS,AK,F
14:09:17,UNVR,RG,4900,3,D,YP,NI,D
14:09:14,UNVR,RG,4890,67,F,CS,YU,F
14:09:14,UNVR,RG,4890,2,F,CS,DX,D
14:09:10,UNVR,RG,4890,4,F,CS,AK,F
14:09:10,UNVR,RG,4900,39,F,KZ,NI,D
14:09:10,UNVR,RG,4900,10,F,KZ,NI,D
14:09:08,UNVR,RG,4890,22,F,CS,AK,F
14:09:08,UNVR,RG,4900,22,F,KZ,NI,D
14:09:08,UNVR,RG,4900,5,F,KZ,LG,D
14:09:08,UNVR,RG,4900,50,F,KZ,DX,D
14:09:08,UNVR,RG,4900,50,F,KZ,YP,D
14:09:08,UNVR,RG,4900,6,F,KZ,AI,D
14:09:08,UNVR,RG,4900,5,F,KZ,CC,D
14:09:08,UNVR,RG,4900,4,F,KZ,NI,D
14:09:08,UNVR,RG,4900,2,F,KZ,YP,D
14:09:08,UNVR,RG,4900,3,F,KZ,OD,D
14:09:07,UNVR,RG,4900,1,F,KZ,OD,D
14:09:07,UNVR,RG,4900,6,F,KZ,OD,D
14:09:07,UNVR,RG,4900,5,F,KZ,CC,D
14:09:07,UNVR,RG,4900,31,F,KZ,MG,D
14:09:07,UNVR,RG,4900,31,F,KZ,MG,D
14:09:07,UNVR,RG,4900,38,F,KZ,MG,D
14:09:07,UNVR,RG,4900,8,F,KZ,YP,D
14:09:07,UNVR,RG,4900,22,F,KZ,YP,D
14:09:07,UNVR,RG,4900,6,D,YP,YP,D
14:08:59,UNVR,RG,4900,13,D,YP,YP,D
14:08:54,UNVR,RG,4900,28,D,YP,YP,D
14:08:50,UNVR,RG,4890,1,F,CS,XC,D
14:08:41,UNVR,RG,4890,9,F,CS,YU,F
14:08:41,UNVR,RG,4890,44,F,CS,YU,F
14:08:25,UNVR,RG,4890,5,F,CS,YJ,D
14:08:15,UNVR,RG,4890,12,F,CS,YU,F
14:08:15,UNVR,RG,4890,25,F,CS,YU,F
14:08:15,UNVR,RG,4890,6,F,CS,YU,F
14:08:15,UNVR,RG,4890,13,F,AK,YU,F
14:08:15,UNVR,RG,4890,7,F,CS,YU,F
14:07:43,UNVR,RG,4890,9,F,CS,YU,F
14:07:43,UNVR,RG,4890,53,F,CS,YU,F
14:07:21,UNVR,RG,4890,10,F,CS,GR,D
14:07:13,UNVR,RG,4890,48,F,CS,YU,F
14:07:13,UNVR,RG,4890,19,F,CS,YU,F
14:07:02,UNVR,RG,4890,4,F,CS,ZP,D
14:07:00,UNVR,RG,4890,9,F,CS,ZP,D
14:06:57,UNVR,RG,4900,1,D,GR,YP,D
14:06:54,UNVR,RG,4900,20,D,YP,YP,D
14:06:47,UNVR,RG,4890,1,F,CS,ZP,F
14:06:39,UNVR,RG,4890,25,F,CS,YU,F
14:06:39,UNVR,RG,4890,31,F,CS,YU,F
14:06:37,UNVR,RG,4900,2,D,YP,YP,D
14:06:37,UNVR,RG,4900,5,D,YP,YP,D
14:06:37,UNVR,RG,4900,43,D,YP,TP,D
14:06:22,UNVR,RG,4900,1,D,SQ,TP,D
14:06:20,UNVR,RG,4890,5,F,CS,YP,D
14:06:13,UNVR,RG,4890,1,F,CS,LG,D
14:06:06,UNVR,RG,4890,6,F,CS,YU,F
14:06:06,UNVR,RG,4890,9,F,CS,YU,F
14:06:06,UNVR,RG,4890,37,F,AK,YU,F
14:06:02,UNVR,RG,4890,45,F,AK,YP,D
14:06:02,UNVR,RG,4890,5,D,XC,YP,D
14:05:59,UNVR,RG,4890,1,D,XC,ZP,F
14:05:58,UNVR,RG,4890,4,D,XC,XC,D
14:05:58,UNVR,RG,4890,23,D,ZP,XC,D
14:05:55,UNVR,RG,4900,6,D,XA,TP,D
14:05:55,UNVR,RG,4900,1,D,XA,LG,D
14:05:55,UNVR,RG,4900,12,D,XA,CC,D
14:05:52,UNVR,RG,4900,3,D,PD,CC,D
14:05:52,UNVR,RG,4900,2,D,PD,OD,D
14:05:52,UNVR,RG,4900,10,D,PD,OD,D
14:05:52,UNVR,RG,4900,30,D,PD,ZP,D
14:05:52,UNVR,RG,4900,18,D,PD,YP,D
14:05:38,UNVR,RG,4890,4,D,ZP,XC,D
14:05:35,UNVR,RG,4890,1,D,ZP,YU,F
14:05:35,UNVR,RG,4890,24,D,ZP,YU,F
14:05:35,UNVR,RG,4890,2,D,ZP,YU,F
14:05:35,UNVR,RG,4890,1,D,ZP,YU,F
14:05:35,UNVR,RG,4890,4,D,ZP,YU,F
14:05:35,UNVR,RG,4890,3,D,ZP,YU,F
14:05:35,UNVR,RG,4890,19,F,ZP,YU,F
14:05:35,UNVR,RG,4900,1,D,XC,YP,D
14:05:29,UNVR,RG,4890,110,F,ZP,PD,D
14:05:24,UNVR,RG,4900,1,D,ZP,YP,D
14:05:23,UNVR,RG,4900,1,D,ZP,YP,D
14:05:04,UNVR,RG,4890,46,F,ZP,YU,F
14:04:55,UNVR,RG,4890,20,F,ZP,KK,D
14:04:45,UNVR,RG,4900,1,D,SQ,YP,D
14:04:39,UNVR,RG,4900,20,D,YP,YP,D
14:04:37,UNVR,RG,4890,49,F,ZP,YU,F
14:04:36,UNVR,RG,4890,1,F,ZP,YP,D
14:04:35,UNVR,RG,4900,7,D,RX,YP,D
14:04:34,UNVR,RG,4890,5,F,ZP,FS,D
14:04:33,UNVR,RG,4900,2,D,ZP,YP,D
14:04:32,UNVR,RG,4890,90,F,ZP,YP,D
14:04:30,UNVR,RG,4900,1,D,ZP,YP,D
14:04:29,UNVR,RG,4900,14,D,ZP,YP,D
14:04:28,UNVR,RG,4900,34,F,KZ,YP,D
14:04:28,UNVR,RG,4900,5,F,KZ,YP,D
14:04:28,UNVR,RG,4900,10,F,KZ,YP,D
14:04:27,UNVR,RG,4900,92,F,KZ,YP,D
14:04:27,UNVR,RG,4900,1,F,KZ,YP,D
14:04:27,UNVR,RG,4900,2,F,KZ,YP,D
14:04:27,UNVR,RG,4900,4,F,KZ,YP,D
14:04:27,UNVR,RG,4900,1,F,KZ,YP,D
14:04:27,UNVR,RG,4900,1,F,KZ,YP,D
14:04:27,UNVR,RG,4900,6,D,ZP,YP,D
14:04:26,UNVR,RG,4900,1,D,ZP,YP,D
14:04:24,UNVR,RG,4900,1,D,ZP,YP,D
14:04:24,UNVR,RG,4890,1,F,ZP,YP,D
14:04:23,UNVR,RG,4900,22,D,ZP,YP,D
14:04:23,UNVR,RG,4900,3,D,ZP,YP,D
14:04:21,UNVR,RG,4900,1,D,ZP,YP,D
14:04:18,UNVR,RG,4890,4,F,ZP,ZP,D
14:04:18,UNVR,RG,4890,11,F,CS,ZP,D
14:04:18,UNVR,RG,4890,1,F,CS,EP,D
14:04:12,UNVR,RG,4890,4,F,CS,YP,D
14:04:08,UNVR,RG,4890,52,F,CS,YU,F
14:04:07,UNVR,RG,4890,1,F,CS,YP,D
14:04:02,UNVR,RG,4890,1,F,CS,NI,D
14:04:01,UNVR,RG,4890,3,F,CS,ZP,F
14:03:38,UNVR,RG,4890,51,F,CS,YU,F
14:03:23,UNVR,RG,4900,22,D,ZP,YP,D
14:03:23,UNVR,RG,4900,21,D,ZP,YP,D
14:03:23,UNVR,RG,4900,2,D,ZP,YP,D
14:03:23,UNVR,RG,4900,1,D,ZP,YP,D
14:03:23,UNVR,RG,4900,3,D,ZP,YP,D
14:03:23,UNVR,RG,4900,1,D,ZP,YP,D
14:03:22,UNVR,RG,4900,3,D,ZP,YP,D
14:03:08,UNVR,RG,4890,4,F,CS,YU,F
14:03:08,UNVR,RG,4890,4,F,CS,YU,F
14:03:08,UNVR,RG,4890,36,F,CS,YU,F
14:03:08,UNVR,RG,4890,12,F,CS,YU,F
14:03:08,UNVR,RG,4890,415,F,AK,YU,F
14:02:51,UNVR,RG,4900,2,D,YP,YP,D
14:02:51,UNVR,RG,4900,1,D,YP,XC,D
14:02:51,UNVR,RG,4900,3,D,YP,XC,D
14:02:51,UNVR,RG,4900,10,D,YP,CC,D
14:02:51,UNVR,RG,4900,1,D,YP,KK,D
14:02:51,UNVR,RG,4900,1,D,YP,YP,D
14:02:51,UNVR,RG,4900,3,D,YP,OD,D
14:02:35,UNVR,RG,4890,85,F,AK,CC,D
14:02:35,UNVR,RG,4890,125,F,KZ,CC,D
14:02:35,UNVR,RG,4890,3,D,ZP,CC,D
14:02:35,UNVR,RG,4890,10,F,KZ,CC,D
14:02:35,UNVR,RG,4890,2,F,KZ,CC,D
14:02:35,UNVR,RG,4890,12,F,CS,CC,D
14:02:35,UNVR,RG,4890,2,D,YP,CC,D
14:02:35,UNVR,RG,4890,2,F,KZ,CC,D
14:02:35,UNVR,RG,4890,9,F,KZ,CC,D
14:02:16,UNVR,RG,4900,7,F,KZ,OD,D
14:02:16,UNVR,RG,4900,16,F,KZ,XL,D
14:02:16,UNVR,RG,4900,16,F,KZ,CP,D
14:01:58,UNVR,RG,4900,13,F,KZ,CP,D
14:01:52,UNVR,RG,4890,1,F,KZ,SQ,D
14:01:41,UNVR,RG,4900,1,F,KZ,CP,D
14:01:41,UNVR,RG,4900,1,F,KZ,MU,D
14:01:41,UNVR,RG,4900,1,F,KZ,PD,D
14:01:41,UNVR,RG,4900,20,F,KZ,PD,D
14:01:41,UNVR,RG,4900,23,F,KZ,BS,D
14:01:40,UNVR,RG,4900,5,D,PD,BS,D
14:01:28,UNVR,RG,4900,222,F,KZ,BS,D
14:01:28,UNVR,RG,4900,1,F,KZ,NI,D
14:01:28,UNVR,RG,4900,41,F,KZ,KK,D
14:01:23,UNVR,RG,4890,5,F,KZ,XL,D
14:01:16,UNVR,RG,4900,8,F,KZ,KK,D
14:01:13,UNVR,RG,4900,1,D,YP,KK,D
14:01:04,UNVR,RG,4900,1,F,KZ,KK,D
14:00:52,UNVR,RG,4900,49,F,KZ,KK,D
14:00:52,UNVR,RG,4900,3,F,KZ,SQ,D
14:00:52,UNVR,RG,4900,50,F,KZ,SQ,D
14:00:52,UNVR,RG,4900,3,F,KZ,YP,D
14:00:52,UNVR,RG,4900,1,F,KZ,XC,D
14:00:52,UNVR,RG,4900,1,F,KZ,AT,D
14:00:52,UNVR,RG,4900,10,F,KZ,XC,D
14:00:52,UNVR,RG,4900,6,F,KZ,PD,D
14:00:52,UNVR,RG,4900,50,F,KZ,XA,D
14:00:52,UNVR,RG,4900,1,F,KZ,YB,D
14:00:52,UNVR,RG,4900,3,F,KZ,KK,D
14:00:52,UNVR,RG,4900,5,F,KZ,KK,D
14:00:52,UNVR,RG,4900,2,F,KZ,YP,D
14:00:52,UNVR,RG,4900,1,F,KZ,SQ,D
14:00:52,UNVR,RG,4900,2,F,KZ,YP,D
14:00:52,UNVR,RG,4900,22,F,KZ,CC,D
14:00:19,UNVR,RG,4890,1,F,KZ,ZP,F
14:00:06,UNVR,RG,4890,2,F,KZ,XL,D
14:00:05,UNVR,RG,4900,35,D,PD,CC,D
14:00:05,UNVR,RG,4900,20,D,PD,XC,D
14:00:05,UNVR,RG,4900,8,D,PD,OD,D
13:59:59,UNVR,RG,4900,1,D,LG,OD,D
13:59:43,UNVR,RG,4900,1,F,KZ,OD,D
13:59:43,UNVR,RG,4900,1,F,KZ,XC,D
13:59:43,UNVR,RG,4900,10,F,KZ,PD,D
13:59:43,UNVR,RG,4900,6,F,KZ,LG,D
13:59:43,UNVR,RG,4900,2,F,KZ,XC,D
13:59:43,UNVR,RG,4900,5,F,KZ,SQ,D
13:59:43,UNVR,RG,4900,5,F,KZ,YP,D
13:59:43,UNVR,RG,4900,27,F,KZ,PD,D
13:59:43,UNVR,RG,4900,5,F,KZ,XC,D
13:59:43,UNVR,RG,4900,22,F,KZ,YP,D
13:58:54,UNVR,RG,4890,5,F,CS,ZP,D
13:58:32,UNVR,RG,4900,3,D,YP,YP,D
13:58:32,UNVR,RG,4900,4,D,YP,PD,D
13:58:32,UNVR,RG,4900,1,D,YP,XC,D
13:58:32,UNVR,RG,4900,50,D,YP,YP,D
13:58:32,UNVR,RG,4900,20,D,YP,YP,D
13:58:32,UNVR,RG,4900,2,D,YP,PD,D
13:58:32,UNVR,RG,4900,1,D,YP,PD,D
13:58:32,UNVR,RG,4900,1,D,YP,PD,D
13:58:32,UNVR,RG,4900,18,D,YP,AI,D
13:58:10,UNVR,RG,4900,2,D,ZP,AI,D
13:58:10,UNVR,RG,4900,6,D,ZP,PD,D
13:58:10,UNVR,RG,4900,4,D,ZP,NI,D
13:58:07,UNVR,RG,4900,1,D,ZP,NI,D
13:58:07,UNVR,RG,4900,1,D,ZP,AZ,D
13:58:07,UNVR,RG,4900,2,D,ZP,PD,D
13:58:07,UNVR,RG,4900,2,D,ZP,CC,D
13:58:07,UNVR,RG,4900,6,D,ZP,SQ,D
13:58:07,UNVR,RG,4900,1,D,ZP,SQ,D
13:58:07,UNVR,RG,4900,1,D,ZP,XL,D
13:58:03,UNVR,RG,4900,2,D,ZP,XL,D
13:58:02,UNVR,RG,4900,1,D,ZP,XL,D
13:58:01,UNVR,RG,4900,1,D,ZP,XL,D
13:57:30,UNVR,RG,4900,1,D,YP,XL,D
13:57:08,UNVR,RG,4890,2,F,CS,KK,D
13:57:08,UNVR,RG,4890,3,F,CS,KK,D
13:57:01,UNVR,RG,4890,1,F,CS,PD,D
13:57:01,UNVR,RG,4900,7,D,ZP,XL,D
13:57:01,UNVR,RG,4900,1,D,ZP,XL,D
13:57:01,UNVR,RG,4900,7,D,ZP,LG,D
13:57:01,UNVR,RG,4900,13,D,ZP,LG,D
13:57:01,UNVR,RG,4900,1,D,ZP,LG,D
13:57:01,UNVR,RG,4900,2,D,ZP,LG,D
13:57:01,UNVR,RG,4900,1,D,ZP,LG,D
13:57:00,UNVR,RG,4900,2,D,ZP,LG,D
13:56:45,UNVR,RG,4890,11,F,CS,XC,D
13:56:41,UNVR,RG,4890,13,F,CS,CC,D
13:56:37,UNVR,RG,4890,5,F,CS,CC,D
13:56:24,UNVR,RG,4890,5,F,CS,ZP,D
13:56:22,UNVR,RG,4890,100,F,CS,KK,D
13:56:22,UNVR,RG,4890,5,F,CS,YB,D
13:55:23,UNVR,RG,4900,64,D,PD,LG,D
13:55:00,UNVR,RG,4890,51,F,CS,YP,D
13:55:00,UNVR,RG,4890,6,F,CS,YP,D
13:55:00,UNVR,RG,4890,8,F,CS,YP,D
13:55:00,UNVR,RG,4890,12,D,RX,YP,D
13:55:00,UNVR,RG,4890,13,D,RX,YP,D
13:55:00,UNVR,RG,4890,13,F,AK,YP,D
13:55:00,UNVR,RG,4890,101,F,AK,YP,D
13:55:00,UNVR,RG,4890,13,F,AK,YP,D
13:55:00,UNVR,RG,4890,28,F,KZ,YP,D
13:54:45,UNVR,RG,4890,25,F,KZ,XC,D
13:54:36,UNVR,RG,4890,10,F,KZ,YP,D
13:54:29,UNVR,RG,4890,25,F,KZ,PD,D
13:54:10,UNVR,RG,4900,10,D,PD,LG,D
13:54:10,UNVR,RG,4900,50,D,PD,LG,D
13:54:10,UNVR,RG,4900,2,D,PD,XL,D
13:54:10,UNVR,RG,4900,1,D,PD,YP,D
13:54:10,UNVR,RG,4900,123,D,PD,YP,D
13:54:05,UNVR,RG,4900,11,D,XC,YP,D
13:53:58,UNVR,RG,4890,18,F,KZ,CP,D
13:53:58,UNVR,RG,4890,2,F,KZ,CP,D
13:53:56,UNVR,RG,4890,1,F,KZ,SQ,D
13:53:42,UNVR,RG,4890,80,F,KZ,CC,D
13:53:42,UNVR,RG,4890,28,D,ZP,CC,D
13:53:42,UNVR,RG,4890,23,D,ZP,CC,D
13:53:42,UNVR,RG,4890,2,D,ZP,CC,D
13:53:42,UNVR,RG,4890,1,D,ZP,CC,D
13:53:42,UNVR,RG,4890,24,F,CS,CC,D
13:53:42,UNVR,RG,4890,4,D,ZP,CC,D
13:53:42,UNVR,RG,4890,16,F,CS,CC,D
13:53:42,UNVR,RG,4890,3,D,ZP,CC,D
13:53:42,UNVR,RG,4890,119,F,ZP,CC,D
13:53:24,UNVR,RG,4900,1,D,XC,YP,D
13:53:21,UNVR,RG,4890,6,F,ZP,PD,D
13:53:20,UNVR,RG,4890,17,F,ZP,PD,D
13:53:17,UNVR,RG,4900,2,D,PD,YP,D
13:53:16,UNVR,RG,4890,416,F,ZP,EP,D
13:53:16,UNVR,RG,4890,3,D,ZP,EP,D
13:53:16,UNVR,RG,4890,81,F,CS,EP,D
13:53:09,UNVR,RG,4900,7,D,RX,YP,D
13:53:08,UNVR,RG,4890,20,F,CS,GR,D
13:53:07,UNVR,RG,4900,5,D,YP,YP,D
13:53:06,UNVR,RG,4890,1,F,CS,PD,D
13:53:02,UNVR,RG,4890,3,F,CS,XC,D
13:52:59,UNVR,RG,4890,5,F,CS,YP,D
13:52:54,UNVR,RG,4890,52,F,CS,CC,D
13:52:54,UNVR,RG,4890,178,F,KZ,CC,D
13:52:45,UNVR,RG,4890,1,F,KZ,XC,D
13:52:29,UNVR,RG,4890,300,F,KZ,CC,D
13:52:23,UNVR,RG,4890,2,F,KZ,XC,D
13:52:22,UNVR,RG,4890,5,F,KZ,CC,D
13:51:46,UNVR,RG,4890,4,F,KZ,XC,D
13:51:46,UNVR,RG,4890,6,F,KZ,PD,D
13:51:46,UNVR,RG,4890,50,F,KZ,YP,D
13:51:46,UNVR,RG,4890,11,F,KZ,EP,D
13:51:46,UNVR,RG,4890,10,F,KZ,GR,D
13:51:46,UNVR,RG,4890,10,F,KZ,XC,D
13:51:46,UNVR,RG,4890,2,F,KZ,PD,D
13:51:46,UNVR,RG,4890,68,F,KZ,CS,D
13:51:46,UNVR,RG,4890,8,F,KZ,ZP,F
13:51:46,UNVR,RG,4890,10,F,KZ,NI,D
13:51:46,UNVR,RG,4890,133,F,KZ,YU,F
13:51:46,UNVR,RG,4890,20,F,KZ,YU,F
13:51:45,UNVR,RG,4890,43,F,AK,YU,F
13:51:45,UNVR,RG,4890,6,F,KZ,YU,F
13:51:45,UNVR,RG,4890,57,F,KZ,YU,F
13:51:45,UNVR,RG,4890,6,F,KZ,LG,D
13:51:45,UNVR,RG,4890,2,F,KZ,PD,D
13:51:45,UNVR,RG,4890,37,F,KZ,XC,D
13:51:45,UNVR,RG,4890,113,F,KZ,CS,D
13:51:45,UNVR,RG,4890,22,F,KZ,KK,D
13:51:45,UNVR,RG,4890,70,F,KZ,YP,D
13:51:45,UNVR,RG,4890,1,F,KZ,CC,D
13:51:45,UNVR,RG,4890,2,F,KZ,CC,D
13:51:45,UNVR,RG,4890,10,F,KZ,YP,D
13:51:45,UNVR,RG,4890,1,F,KZ,XC,D
13:51:45,UNVR,RG,4890,2,F,KZ,XC,D
13:51:45,UNVR,RG,4890,33,F,KZ,OD,D
13:51:45,UNVR,RG,4890,67,F,KZ,OD,D
13:51:45,UNVR,RG,4890,100,F,KZ,YU,F
13:51:45,UNVR,RG,4890,3,F,KZ,YP,D
13:51:45,UNVR,RG,4890,30,F,KZ,OD,D
13:51:45,UNVR,RG,4890,180,F,KZ,OD,D
13:51:44,UNVR,RG,4890,14,F,AK,OD,D
13:51:43,UNVR,RG,4890,234,F,BK,OD,D
13:51:43,UNVR,RG,4890,42,F,AK,OD,D
13:51:43,UNVR,RG,4890,46,F,AK,KK,D
13:51:43,UNVR,RG,4890,154,F,ZP,KK,D
13:51:43,UNVR,RG,4890,18,F,ZP,NI,D
13:51:43,UNVR,RG,4890,5,F,ZP,XC,D
13:51:43,UNVR,RG,4890,1,F,ZP,DR,D
13:51:43,UNVR,RG,4890,202,F,ZP,YU,F
13:51:43,UNVR,RG,4890,5,F,ZP,SQ,D
13:51:43,UNVR,RG,4890,164,F,BK,SQ,D
13:51:43,UNVR,RG,4890,10,F,BK,GR,D
13:51:43,UNVR,RG,4890,55,F,BK,CS,D
13:51:43,UNVR,RG,4890,1,F,BK,PD,D
13:51:43,UNVR,RG,4890,20,F,BK,XC,D
13:51:43,UNVR,RG,4890,7,F,BK,ZP,D
13:51:43,UNVR,RG,4890,16,F,BK,DR,D
13:51:43,UNVR,RG,4890,50,F,BK,PD,D
13:51:43,UNVR,RG,4890,10,F,BK,YP,D
13:51:43,UNVR,RG,4890,10,F,BK,PD,D
13:51:43,UNVR,RG,4890,10,F,BK,PD,D
13:51:43,UNVR,RG,4890,1,F,BK,XC,D
13:51:43,UNVR,RG,4890,3,F,BK,YP,D
13:51:43,UNVR,RG,4890,88,F,BK,SQ,D
13:51:43,UNVR,RG,4890,198,F,BK,YU,F
13:51:43,UNVR,RG,4890,1,F,BK,XL,D
13:51:43,UNVR,RG,4890,1,F,BK,PD,D
13:51:43,UNVR,RG,4890,2,F,BK,YP,D
13:51:43,UNVR,RG,4890,40,F,BK,CC,D
13:51:43,UNVR,RG,4890,1,F,BK,XC,D
13:51:43,UNVR,RG,4890,1,F,BK,PD,D
13:51:43,UNVR,RG,4890,21,F,BK,YP,D
13:51:43,UNVR,RG,4890,6,F,BK,NI,D
13:51:43,UNVR,RG,4890,3,F,BK,CC,D
13:51:43,UNVR,RG,4890,51,F,BK,AK,F
13:51:43,UNVR,RG,4890,230,F,BK,YU,F
13:51:43,UNVR,RG,4890,27,F,KZ,YU,F
13:51:43,UNVR,RG,4890,1,F,KZ,YU,F
13:51:43,UNVR,RG,4890,3,F,KZ,CC,D
13:51:43,UNVR,RG,4890,1,F,KZ,CC,D
13:51:43,UNVR,RG,4890,3,F,KZ,CC,D
13:51:43,UNVR,RG,4890,3,F,KZ,CC,D
13:51:43,UNVR,RG,4890,5,F,KZ,CS,D
13:51:43,UNVR,RG,4890,101,F,KZ,CS,D
13:51:43,UNVR,RG,4890,2,F,AK,CS,D
13:51:42,UNVR,RG,4890,39,D,XC,CS,D
13:51:42,UNVR,RG,4890,4,D,XC,DH,D
13:51:36,UNVR,RG,4890,2,D,YP,DH,D
13:51:27,UNVR,RG,4890,13,F,AK,DH,D
13:51:27,UNVR,RG,4890,1,F,ZP,DH,D
13:51:27,UNVR,RG,4890,1,F,ZP,PD,D
13:51:27,UNVR,RG,4890,10,F,ZP,OD,D
13:51:27,UNVR,RG,4890,206,F,ZP,YU,F
13:51:27,UNVR,RG,4890,2,F,ZP,EP,D
13:51:04,UNVR,RG,4890,3,F,AK,EP,D
13:51:04,UNVR,RG,4890,62,F,KZ,CS,D
13:51:00,UNVR,RG,4890,1,F,AK,CS,D
13:50:59,UNVR,RG,4880,8,F,AK,ZP,D
13:50:48,UNVR,RG,4890,5,D,CC,CS,D
13:50:43,UNVR,RG,4890,1,F,AK,CS,D
13:50:42,UNVR,RG,4890,6,D,RX,CS,D
13:50:30,UNVR,RG,4890,1,F,AK,CS,D
13:50:30,UNVR,RG,4890,2,F,AK,CS,D
13:50:29,UNVR,RG,4890,1,D,PD,CS,D
13:50:29,UNVR,RG,4890,8,D,PD,CS,D
13:50:29,UNVR,RG,4890,54,D,PD,YP,D
13:50:27,UNVR,RG,4890,26,F,AK,YP,D
13:50:26,UNVR,RG,4890,20,F,ZP,YP,D
13:50:26,UNVR,RG,4890,15,F,ZP,YP,D
13:50:26,UNVR,RG,4890,15,F,ZP,CC,D
13:50:26,UNVR,RG,4890,20,F,ZP,ZP,D
13:50:26,UNVR,RG,4890,4,F,ZP,CC,D
13:50:26,UNVR,RG,4890,40,F,ZP,SQ,D
13:50:26,UNVR,RG,4890,20,F,ZP,MG,D
13:50:26,UNVR,RG,4890,1,F,ZP,CC,D
13:50:26,UNVR,RG,4890,10,F,ZP,XC,D
13:50:26,UNVR,RG,4890,242,F,ZP,YU,F
13:50:26,UNVR,RG,4890,63,F,ZP,CS,D
13:50:26,UNVR,RG,4890,1,F,AK,CS,D
13:50:25,UNVR,RG,4890,2,D,PD,CS,D
13:50:25,UNVR,RG,4890,8,D,PD,CS,D
13:49:43,UNVR,RG,4890,40,F,AK,CS,D
13:49:43,UNVR,RG,4890,5,F,AK,XC,D
13:49:43,UNVR,RG,4890,2,F,AK,XC,D
13:49:43,UNVR,RG,4890,1,F,AK,KK,D
13:49:43,UNVR,RG,4890,23,F,AK,CS,D
13:49:43,UNVR,RG,4890,30,F,ZP,CS,D
13:49:43,UNVR,RG,4890,91,F,ZP,CS,D
13:49:43,UNVR,RG,4890,25,F,ZP,YP,D
13:49:43,UNVR,RG,4890,3,F,ZP,ZP,F
13:49:43,UNVR,RG,4890,185,F,ZP,BQ,D
13:49:43,UNVR,RG,4890,64,F,ZP,CS,D
13:49:43,UNVR,RG,4890,17,F,ZP,CS,D
13:49:43,UNVR,RG,4890,52,F,ZP,CS,D
13:49:43,UNVR,RG,4890,282,F,ZP,YU,F
13:49:43,UNVR,RG,4890,3,F,ZP,CS,D
13:49:43,UNVR,RG,4890,100,F,ZP,KK,D
13:49:43,UNVR,RG,4890,66,F,ZP,CS,D
13:49:43,UNVR,RG,4890,56,F,ZP,CS,D
13:49:43,UNVR,RG,4890,36,F,ZP,CS,D
13:49:43,UNVR,RG,4890,34,F,ZP,CS,D
13:49:43,UNVR,RG,4890,5,F,ZP,YP,D
13:49:43,UNVR,RG,4890,1,F,ZP,NI,D
13:49:43,UNVR,RG,4890,154,F,ZP,CC,D
13:49:43,UNVR,RG,4890,37,F,KZ,CC,D
13:49:10,UNVR,RG,4890,11,F,AK,CC,D
13:49:09,UNVR,RG,4890,3,D,PD,CC,D
13:49:09,UNVR,RG,4890,183,D,PD,BQ,D
13:49:07,UNVR,RG,4890,2,F,AK,BQ,D
13:49:07,UNVR,RG,4890,15,F,KZ,BQ,D
13:49:07,UNVR,RG,4890,2,F,KZ,ZP,F
13:49:07,UNVR,RG,4890,17,F,KZ,YU,F
13:48:59,UNVR,RG,4880,1,F,AK,AK,F
13:48:40,UNVR,RG,4890,1,D,ZP,YU,F
13:48:35,UNVR,RG,4890,6,D,ZP,YU,F
13:48:34,UNVR,RG,4890,1,F,KZ,YU,F
13:48:33,UNVR,RG,4890,1,F,AK,YU,F
13:48:32,UNVR,RG,4890,8,D,ZP,YU,F
13:48:30,UNVR,RG,4890,1,F,AK,YU,F
13:48:29,UNVR,RG,4880,14,F,AK,ZP,D
13:48:13,UNVR,RG,4890,2,D,ZP,YU,F
13:48:07,UNVR,RG,4890,10,F,AK,YU,F
13:48:07,UNVR,RG,4890,185,F,KZ,YU,F
13:48:00,UNVR,RG,4880,1,F,AK,AK,F
13:47:45,UNVR,RG,4890,1,F,AK,YU,F
13:47:44,UNVR,RG,4890,2,D,ZP,YU,F
13:47:35,UNVR,RG,4890,2,D,ZP,YU,F
13:47:32,UNVR,RG,4890,2,D,ZP,YU,F
13:47:30,UNVR,RG,4890,1,F,AK,YU,F
13:47:29,UNVR,RG,4890,14,D,ZP,YU,F
13:47:28,UNVR,RG,4890,16,D,ZP,YU,F
13:47:26,UNVR,RG,4890,1,F,AK,YU,F
13:47:25,UNVR,RG,4890,1,D,LG,YU,F
13:47:00,UNVR,RG,4880,1,F,AK,AK,F
13:46:57,UNVR,RG,4890,10,D,EP,YU,F
13:46:46,UNVR,RG,4880,2,F,AK,DR,D
13:46:17,UNVR,RG,4890,3,F,AK,YU,F
13:46:16,UNVR,RG,4890,42,D,EP,YU,F
13:46:06,UNVR,RG,4890,1,F,AK,YU,F
13:46:05,UNVR,RG,4890,20,D,EP,YU,F
13:46:00,UNVR,RG,4880,1,F,AK,AK,F
13:45:46,UNVR,RG,4890,1,D,CC,YU,F
13:45:22,UNVR,RG,4890,6,F,AK,YU,F
13:45:21,UNVR,RG,4890,100,D,YU,YU,F
13:45:20,UNVR,RG,4880,4,F,AK,YP,D
13:45:13,UNVR,RG,4880,2,F,AK,AZ,D
13:45:09,UNVR,RG,4890,4,F,AK,YU,F
13:45:08,UNVR,RG,4890,64,D,PD,YU,F
13:45:00,UNVR,RG,4880,1,F,AK,AK,F
13:44:54,UNVR,RG,4890,1,D,XC,YU,F
13:44:39,UNVR,RG,4890,2,F,AK,YU,F
13:44:38,UNVR,RG,4880,35,F,AK,IP,D
13:44:27,UNVR,RG,4890,22,F,AK,YU,F
13:44:26,UNVR,RG,4880,173,F,AK,CS,D
13:44:26,UNVR,RG,4880,1,D,PD,CS,D
13:44:26,UNVR,RG,4880,1,D,XL,CS,D
13:44:26,UNVR,RG,4880,3,D,NI,CS,D
13:44:26,UNVR,RG,4880,207,F,AK,CS,D
13:44:15,UNVR,RG,4880,1,F,AK,AK,F
13:43:53,UNVR,RG,4880,4,F,AK,DH,D
13:43:33,UNVR,RG,4890,1,F,AK,YU,F
13:43:33,UNVR,RG,4880,1,F,AK,AK,F
13:43:16,UNVR,RG,4880,9,F,AK,ZP,D
13:43:06,UNVR,RG,4890,1,F,AK,YU,F
13:43:05,UNVR,RG,4880,9,F,AK,SQ,D
13:40:45,UNVR,RG,4890,1,D,XC,YU,F
13:40:42,UNVR,RG,4890,3,F,AK,YU,F
13:40:41,UNVR,RG,4890,63,D,PD,YU,F
13:40:37,UNVR,RG,4890,36,F,AK,YU,F
13:40:37,UNVR,RG,4890,2,F,KZ,YU,F
13:40:37,UNVR,RG,4890,3,F,KZ,AK,F
13:40:37,UNVR,RG,4890,72,F,KZ,CS,D
13:40:37,UNVR,RG,4890,159,F,KZ,DR,D
13:40:37,UNVR,RG,4890,27,F,KZ,DR,D
13:40:37,UNVR,RG,4890,158,F,KZ,DR,D
13:40:37,UNVR,RG,4890,2,F,KZ,DR,D
13:40:37,UNVR,RG,4890,139,F,KZ,DR,D
13:40:37,UNVR,RG,4890,1,F,KZ,DR,D
13:40:37,UNVR,RG,4890,53,F,KZ,DR,D
13:40:35,UNVR,RG,4880,11,F,AK,ZP,D
13:40:01,UNVR,RG,4890,21,F,AK,DR,D
13:40:01,UNVR,RG,4890,2,F,KZ,DR,D
13:40:01,UNVR,RG,4890,53,F,KZ,DR,D
13:40:01,UNVR,RG,4890,139,F,KZ,DR,D
13:40:01,UNVR,RG,4890,1,F,KZ,DR,D
13:40:01,UNVR,RG,4890,158,F,KZ,DR,D
13:40:01,UNVR,RG,4890,11,F,KZ,DR,D
13:39:33,UNVR,RG,4890,5,F,AK,DR,D
13:39:32,UNVR,RG,4880,160,F,AK,EP,D
13:39:28,UNVR,RG,4880,1,F,AK,XC,D
13:39:00,UNVR,RG,4880,1,F,AK,AK,F
13:38:33,UNVR,RG,4880,2,F,AK,PD,D
13:37:55,UNVR,RG,4880,1,F,AK,XC,D
13:37:02,UNVR,RG,4880,8,F,AK,YP,D
13:36:24,UNVR,RG,4880,1,F,AK,KK,D
13:35:43,UNVR,RG,4890,64,D,PD,DR,D
13:35:20,UNVR,RG,4880,2,F,AK,PD,D
13:35:04,UNVR,RG,4890,25,D,PD,DR,D
13:34:36,UNVR,RG,4890,42,D,KK,DR,D
13:34:31,UNVR,RG,4890,1,D,PD,DR,D
13:34:11,UNVR,RG,4880,2,F,AK,PD,D
13:33:59,UNVR,RG,4880,4,F,AK,XC,D
13:33:35,UNVR,RG,4880,2,F,AK,PD,D
13:33:34,UNVR,RG,4880,5,F,AK,CC,D
13:33:19,UNVR,RG,4880,66,F,AK,XC,D
13:32:55,UNVR,RG,4880,1,F,AK,XC,D
13:32:02,UNVR,RG,4890,23,F,AK,DR,D
13:32:02,UNVR,RG,4890,112,F,CS,DR,D
13:32:02,UNVR,RG,4890,51,F,CS,DR,D
13:32:02,UNVR,RG,4890,59,F,AK,DR,D
13:32:02,UNVR,RG,4890,16,F,KZ,DR,D
13:32:02,UNVR,RG,4890,33,F,KZ,DR,D
13:32:02,UNVR,RG,4890,1,F,KZ,DR,D
13:32:02,UNVR,RG,4890,11,F,KZ,DR,D
13:32:02,UNVR,RG,4890,56,F,KZ,DR,D
13:32:02,UNVR,RG,4890,4,F,KZ,DR,D
13:32:02,UNVR,RG,4890,2,F,KZ,DR,D
13:32:02,UNVR,RG,4890,18,F,KZ,DR,D
13:32:02,UNVR,RG,4890,18,F,CS,DR,D
13:32:02,UNVR,RG,4890,102,D,CP,DR,D
13:32:02,UNVR,RG,4890,1,F,AK,DR,D
13:32:02,UNVR,RG,4890,5,F,CS,DR,D
13:32:02,UNVR,RG,4890,5,F,CS,DR,D
13:32:02,UNVR,RG,4890,422,F,ZP,DR,D
13:31:56,UNVR,RG,4890,5,F,ZP,ZP,D
13:31:56,UNVR,RG,4890,5,D,YP,ZP,D
13:31:11,UNVR,RG,4890,25,D,YP,YP,D
13:31:11,UNVR,RG,4890,11,D,YP,AK,F
13:31:11,UNVR,RG,4890,3,D,YP,ZP,F
13:31:11,UNVR,RG,4890,229,D,YP,YU,F
13:31:08,UNVR,RG,4890,5,D,SQ,YU,F
13:30:49,UNVR,RG,4890,30,F,AK,YU,F
13:30:48,UNVR,RG,4890,464,F,ZP,YU,F
13:30:48,UNVR,RG,4890,1,F,ZP,XC,D
13:30:48,UNVR,RG,4890,48,F,ZP,BQ,D
13:30:27,UNVR,RG,4890,152,F,AK,BQ,D
13:30:27,UNVR,RG,4890,5,F,AK,AK,F
13:30:27,UNVR,RG,4890,11,F,AK,NI,D
13:30:27,UNVR,RG,4890,29,F,ZP,NI,D
13:30:21,UNVR,RG,4880,1,F,AK,AK,F
13:30:20,UNVR,RG,4900,90,D,PD,YP,D
13:30:18,UNVR,RG,4890,32,F,KZ,AK,F
13:30:18,UNVR,RG,4890,19,F,CC,AK,F
13:30:18,UNVR,RG,4890,1,D,XC,AK,F
13:30:18,UNVR,RG,4890,10,D,XL,AK,F
13:30:18,UNVR,RG,4890,1,F,KZ,AK,F
13:30:18,UNVR,RG,4890,13,F,ZP,AK,F
13:30:18,UNVR,RG,4890,1,F,ZP,ZP,F
13:30:07,UNVR,RG,4890,10,F,ZP,YP,D
13:30:07,UNVR,RG,4890,1,F,ZP,XL,D
13:30:06,UNVR,RG,4890,1,F,ZP,XL,D
13:30:05,UNVR,RG,4900,2,D,XL,YP,D
13:30:04,UNVR,RG,4890,58,F,ZP,AK,F
13:30:04,UNVR,RG,4900,2,D,XL,YP,D
13:30:04,UNVR,RG,4890,5,F,ZP,CC,D
13:30:04,UNVR,RG,4890,3,F,ZP,CC,D
13:30:04,UNVR,RG,4890,1,F,ZP,XL,D
13:30:04,UNVR,RG,4900,1,D,XL,YP,D
13:30:04,UNVR,RG,4890,1,F,ZP,YP,D
13:30:03,UNVR,RG,4900,1,D,XL,YP,D
13:30:03,UNVR,RG,4890,159,F,ZP,CS,D
13:30:03,UNVR,RG,4890,35,F,ZP,YP,D
13:30:03,UNVR,RG,4890,351,F,ZP,YP,D
13:30:03,UNVR,RG,4890,1,D,CC,YP,D
13:30:03,UNVR,RG,4890,20,D,XC,YP,D
13:30:03,UNVR,RG,4890,10,D,XC,YP,D
13:30:03,UNVR,RG,4890,2,D,XC,YP,D
13:30:03,UNVR,RG,4890,1,D,XC,YP,D
13:30:03,UNVR,RG,4890,1,D,XC,YP,D
13:30:03,UNVR,RG,4890,2,D,XC,YP,D
13:30:03,UNVR,RG,4890,1,D,XC,YP,D
13:30:03,UNVR,RG,4890,5,D,XC,YP,D
13:30:03,UNVR,RG,4890,1,D,XC,YP,D
13:30:03,UNVR,RG,4890,903,F,ZP,YP,D
13:30:03,UNVR,RG,4890,1,F,ZP,CC,D
13:30:03,UNVR,RG,4890,5,F,ZP,AK,F
13:30:03,UNVR,RG,4890,2,F,ZP,CC,D
13:30:03,UNVR,RG,4890,1,F,ZP,XC,D
13:30:03,UNVR,RG,4890,4,F,ZP,XC,D
13:30:03,UNVR,RG,4890,4,F,ZP,XC,D
13:30:03,UNVR,RG,4890,1,F,ZP,XC,D
13:30:02,UNVR,RG,4890,5,F,ZP,YP,D
13:30:02,UNVR,RG,4890,12,F,ZP,XC,D
13:30:02,UNVR,RG,4890,3,F,ZP,XC,D
13:30:02,UNVR,RG,4890,19,F,ZP,XC,D
13:30:02,UNVR,RG,4890,2,F,ZP,XC,D
13:30:02,UNVR,RG,4890,7,F,ZP,XC,D
13:30:02,UNVR,RG,4890,2,F,ZP,XC,D
13:30:02,UNVR,RG,4890,1,F,ZP,XC,D
13:30:02,UNVR,RG,4900,1,D,XC,YP,D
13:30:02,UNVR,RG,4890,2,F,ZP,XC,D
13:30:02,UNVR,RG,4890,1,F,ZP,XC,D
13:30:02,UNVR,RG,4890,11,F,ZP,CD,D
13:30:02,UNVR,RG,4890,10,F,ZP,XC,D
13:30:02,UNVR,RG,4890,1,F,ZP,XC,D
13:30:02,UNVR,RG,4890,2,F,ZP,XC,D
13:30:02,UNVR,RG,4900,1,D,XC,YP,D
13:30:02,UNVR,RG,4900,1,D,XC,YP,D
13:30:02,UNVR,RG,4890,2,F,ZP,XC,D
13:30:02,UNVR,RG,4890,2,F,ZP,CC,D
13:30:02,UNVR,RG,4890,10,F,ZP,YP,D
13:30:02,UNVR,RG,4890,5,F,ZP,OD,D
13:30:02,UNVR,RG,4890,18,F,ZP,ZP,D
13:30:02,UNVR,RG,4890,11,F,ZP,YP,D
13:30:02,UNVR,RG,4890,5,F,ZP,PD,D
13:30:02,UNVR,RG,4890,2,D,LS,PD,D
13:30:01,UNVR,RG,4880,1,F,AK,PD,D
13:30:01,UNVR,RG,4880,1,D,YP,PD,D
13:30:01,UNVR,RG,4880,5,D,YP,PD,D
13:30:01,UNVR,RG,4890,1,D,PD,PD,D
13:30:01,UNVR,RG,4890,2,D,RX,PD,D
13:30:01,UNVR,RG,4890,9,D,RX,PD,D
13:30:01,UNVR,RG,4890,1,D,RX,PD,D
13:30:01,UNVR,RG,4890,1,D,RX,PD,D
13:30:01,UNVR,RG,4890,8,D,RX,PD,D
13:30:01,UNVR,RG,4880,4,D,YP,PD,D
13:30:01,UNVR,RG,4890,2,D,CC,PD,D
13:30:01,UNVR,RG,4890,1,D,CC,PD,D
13:30:01,UNVR,RG,4890,2,D,CC,PD,D
13:30:01,UNVR,RG,4890,1,D,PD,PD,D
13:30:01,UNVR,RG,4890,10,D,PD,PD,D
13:30:01,UNVR,RG,4890,2,D,PD,PD,D
13:30:01,UNVR,RG,4890,1,D,PD,PD,D
13:30:01,UNVR,RG,4890,1,D,PD,PD,D
13:30:01,UNVR,RG,4880,1,D,YP,CS,D
13:30:01,UNVR,RG,4880,5,D,XC,CS,D
13:30:01,UNVR,RG,4890,7,D,SQ,CS,D
13:30:01,UNVR,RG,4890,3,F,CC,CS,D
13:30:01,UNVR,RG,4890,2,D,RG,CS,D
13:30:01,UNVR,RG,4890,1,F,KZ,CS,D
13:30:01,UNVR,RG,4890,12,F,KZ,CS,D
13:30:01,UNVR,RG,4890,9,F,KZ,PD,D
13:30:01,UNVR,RG,4890,1,F,KZ,KK,D
13:30:01,UNVR,RG,4890,1,F,KZ,KK,D
13:30:01,UNVR,RG,4890,5,F,KZ,SQ,D
13:30:01,UNVR,RG,4890,5,F,KZ,SQ,D
13:30:01,UNVR,RG,4890,15,F,KZ,SQ,D
13:30:01,UNVR,RG,4890,40,F,KZ,SQ,D
13:30:01,UNVR,RG,4890,22,F,KZ,KK,D
13:30:01,UNVR,RG,4890,1,F,KZ,KK,D
13:30:01,UNVR,RG,4890,20,F,KZ,DH,D
13:30:01,UNVR,RG,4890,6,F,KZ,AT,D
13:30:01,UNVR,RG,4890,2,F,KZ,TP,D
13:30:01,UNVR,RG,4890,1,F,KZ,GR,D
13:30:01,UNVR,RG,4890,21,F,KZ,GR,D
13:30:01,UNVR,RG,4890,13,F,CS,GR,D
13:30:01,UNVR,RG,4890,77,F,CS,GR,D
13:30:01,UNVR,RG,4890,34,F,CS,GR,D
13:30:01,UNVR,RG,4890,10,D,PD,GR,D
13:30:01,UNVR,RG,4890,3,F,AK,GR,D
13:30:01,UNVR,RG,4890,138,F,CS,GR,D
13:30:01,UNVR,RG,4890,30,D,CC,GR,D
13:30:01,UNVR,RG,4890,4,F,KZ,GR,D
13:30:01,UNVR,RG,4890,1,D,XC,GR,D
13:30:01,UNVR,RG,4890,19,F,CS,GR,D
13:30:01,UNVR,RG,4890,106,F,CS,GR,D
13:30:01,UNVR,RG,4890,4,F,KZ,GR,D
13:30:01,UNVR,RG,4890,24,F,KZ,GR,D
13:30:01,UNVR,RG,4890,34,F,KZ,GR,D
13:30:01,UNVR,RG,4890,2,F,AK,GR,D
13:30:01,UNVR,RG,4890,50,D,YP,GR,D
13:30:01,UNVR,RG,4890,6,F,KZ,GR,D
13:30:01,UNVR,RG,4890,7,F,KZ,GR,D
13:30:01,UNVR,RG,4890,7,F,AK,GR,D
13:30:01,UNVR,RG,4890,156,F,CS,GR,D
13:30:01,UNVR,RG,4890,129,F,AK,GR,D
13:30:01,UNVR,RG,4890,9,F,CS,GR,D
13:30:01,UNVR,RG,4890,25,D,YP,GR,D
13:30:01,UNVR,RG,4890,28,F,CS,GR,D
13:30:01,UNVR,RG,4890,40,F,CS,GR,D
13:30:01,UNVR,RG,4890,90,F,CS,GR,D
13:30:01,UNVR,RG,4890,133,F,AK,GR,D
13:30:01,UNVR,RG,4890,367,F,AK,YU,D
13:30:01,UNVR,RG,4890,1,D,XC,YU,D
13:30:01,UNVR,RG,4890,95,F,CS,YU,D
13:30:01,UNVR,RG,4890,137,F,CS,YU,D
13:30:01,UNVR,RG,4890,9,F,CS,YB,D
13:30:01,UNVR,RG,4890,3,F,CS,DH,D
13:30:01,UNVR,RG,4890,4,F,CS,DH,D
13:30:01,UNVR,RG,4890,10,F,CS,GR,D
13:30:01,UNVR,RG,4890,1,F,CS,XA,D
13:30:01,UNVR,RG,4890,21,D,KK,XA,D
11:29:47,UNVR,RG,4890,5,D,KK,CC,D
11:29:13,UNVR,RG,4890,1,D,KK,ZP,F
11:29:12,UNVR,RG,4890,43,D,KK,CS,D
11:29:12,UNVR,RG,4890,60,F,KZ,CS,D
11:29:12,UNVR,RG,4890,27,F,KZ,NI,D
11:29:12,UNVR,RG,4890,1,D,YP,NI,D
11:29:12,UNVR,RG,4890,11,F,KZ,NI,D
11:29:12,UNVR,RG,4890,2,F,KZ,NI,D
11:29:12,UNVR,RG,4890,76,F,CS,NI,D
11:29:12,UNVR,RG,4890,183,F,BK,NI,D
11:29:03,UNVR,RG,4890,5,F,BK,GR,D
11:28:28,UNVR,RG,4900,2,D,PD,YP,D
11:28:14,UNVR,RG,4900,17,D,PD,YP,D
11:28:04,UNVR,RG,4890,1,F,BK,AK,F
11:27:31,UNVR,RG,4890,10,F,BK,CC,D
11:27:31,UNVR,RG,4890,1,F,BK,PD,D
11:27:09,UNVR,RG,4900,62,D,PD,YP,D
11:27:09,UNVR,RG,4900,5,D,PD,YP,D
11:27:09,UNVR,RG,4900,10,D,PD,YP,D
11:27:09,UNVR,RG,4900,3,D,PD,LG,D
11:27:09,UNVR,RG,4900,1,D,PD,XL,D
11:27:09,UNVR,RG,4900,10,D,PD,YP,D
11:27:04,UNVR,RG,4890,1,F,BK,AK,F
11:26:32,UNVR,RG,4890,110,F,BK,CS,D
11:26:04,UNVR,RG,4890,1,F,BK,AK,F
11:25:58,UNVR,RG,4890,300,F,BK,PD,D
11:25:56,UNVR,RG,4890,1,F,BK,ZP,F
11:25:46,UNVR,RG,4890,10,F,BK,GR,D
11:25:25,UNVR,RG,4890,57,F,BK,PD,D
11:25:25,UNVR,RG,4890,20,F,KZ,PD,D
11:25:25,UNVR,RG,4890,96,F,CS,PD,D
11:25:25,UNVR,RG,4890,27,F,ZP,PD,D
11:24:58,UNVR,RG,4900,40,D,PD,YP,D
11:24:54,UNVR,RG,4890,12,F,ZP,YP,D
11:24:52,UNVR,RG,4890,4,F,ZP,PD,D
11:24:49,UNVR,RG,4890,1,F,ZP,AK,F
11:24:41,UNVR,RG,4890,2,F,ZP,XL,D
11:24:14,UNVR,RG,4890,2,F,ZP,NI,D
11:24:06,UNVR,RG,4890,10,F,ZP,CC,D
11:23:38,UNVR,RG,4890,1,F,ZP,ZP,F
11:23:36,UNVR,RG,4890,93,F,ZP,CS,D
11:23:34,UNVR,RG,4890,1,F,ZP,AK,F
11:23:34,UNVR,RG,4900,25,D,PD,YP,D
11:23:34,UNVR,RG,4900,65,D,PD,EP,D
11:23:07,UNVR,RG,4890,5,F,ZP,NI,D
11:23:07,UNVR,RG,4890,50,F,ZP,KI,D
11:23:06,UNVR,RG,4890,1,F,ZP,LS,D
11:22:46,UNVR,RG,4890,10,F,ZP,NI,D
11:22:32,UNVR,RG,4890,1,F,ZP,PD,D
11:22:31,UNVR,RG,4900,10,F,KK,EP,D
11:22:25,UNVR,RG,4890,1,F,ZP,XC,D
11:22:19,UNVR,RG,4890,1,F,ZP,AK,F
11:21:46,UNVR,RG,4900,5,D,KK,EP,D
11:21:35,UNVR,RG,4890,1,F,ZP,XC,D
11:21:19,UNVR,RG,4890,1,F,ZP,AK,F
11:21:03,UNVR,RG,4890,20,F,ZP,CS,D
11:21:03,UNVR,RG,4890,42,F,CS,CS,D
11:21:03,UNVR,RG,4890,35,F,KZ,CS,D
11:20:57,UNVR,RG,4890,3,F,KZ,XC,D
11:20:50,UNVR,RG,4890,117,F,KZ,GR,D
11:20:50,UNVR,RG,4890,2,F,CC,GR,D
11:20:50,UNVR,RG,4890,34,F,AK,GR,D
11:20:50,UNVR,RG,4890,47,F,CS,GR,D
11:20:36,UNVR,RG,4890,15,F,CS,XC,D
11:20:26,UNVR,RG,4890,1,F,CS,XL,D
11:20:26,UNVR,RG,4890,39,F,KZ,PD,D
11:20:26,UNVR,RG,4890,35,F,KZ,PD,D
11:20:26,UNVR,RG,4890,2,F,KZ,PD,D
11:20:26,UNVR,RG,4890,1,F,KZ,PD,D
11:20:26,UNVR,RG,4890,4,F,AK,PD,D
11:20:26,UNVR,RG,4890,9,F,AK,PD,D
11:20:26,UNVR,RG,4890,1,D,XC,PD,D
11:20:26,UNVR,RG,4890,2,F,CS,PD,D
11:20:20,UNVR,RG,4890,1,F,CS,ZP,F
11:20:19,UNVR,RG,4890,1,F,CS,AK,F
11:19:57,UNVR,RG,4890,3,F,CS,XC,D
11:19:57,UNVR,RG,4890,4,F,CS,XC,D
11:19:56,UNVR,RG,4890,1,F,CS,PD,D
11:19:56,UNVR,RG,4890,1,F,CS,YP,D
11:19:37,UNVR,RG,4890,14,F,CS,CC,D
11:19:21,UNVR,RG,4890,1,F,CS,NI,D
11:19:21,UNVR,RG,4890,9,F,CS,NI,D
11:19:20,UNVR,RG,4890,2,F,CS,PD,D
11:19:20,UNVR,RG,4890,18,D,MK,PD,D
11:19:19,UNVR,RG,4890,50,D,MK,SQ,D
11:18:31,UNVR,RG,4890,1,D,MK,YP,D
11:18:31,UNVR,RG,4890,1,D,MK,ZP,F
11:18:22,UNVR,RG,4890,73,D,MK,CS,D
11:18:05,UNVR,RG,4890,1,D,MK,XL,D
11:17:18,UNVR,RG,4900,45,D,KK,EP,D
11:17:18,UNVR,RG,4900,10,D,KK,LG,D
11:17:18,UNVR,RG,4900,10,D,KK,YP,D
11:17:18,UNVR,RG,4900,10,D,KK,YP,D
11:17:18,UNVR,RG,4900,1,D,KK,YP,D
11:17:18,UNVR,RG,4900,3,D,KK,LG,D
11:17:18,UNVR,RG,4900,10,D,KK,KK,D
11:17:18,UNVR,RG,4900,1,D,KK,YP,D
11:17:18,UNVR,RG,4900,2,D,KK,YP,D
11:17:18,UNVR,RG,4900,6,D,KK,YP,D
11:17:18,UNVR,RG,4900,10,D,KK,PD,D
11:17:18,UNVR,RG,4900,1,D,KK,CC,D
11:17:18,UNVR,RG,4900,1,D,KK,KK,D
11:17:18,UNVR,RG,4900,36,D,KK,PD,D
11:17:06,UNVR,RG,4900,66,D,PD,PD,D
11:17:06,UNVR,RG,4900,1,D,PD,PD,D
11:17:06,UNVR,RG,4900,1,D,PD,PD,D
11:17:06,UNVR,RG,4900,1,D,PD,SQ,D
11:17:06,UNVR,RG,4900,9,D,PD,KK,D
11:17:06,UNVR,RG,4900,1,D,PD,SQ,D
11:17:06,UNVR,RG,4900,10,D,PD,PD,D
11:17:06,UNVR,RG,4900,2,D,PD,CC,D
11:16:52,UNVR,RG,4890,10,D,MK,ZP,D
11:16:49,UNVR,RG,4890,1,D,MK,AK,F
11:16:31,UNVR,RG,4890,2,D,MK,YP,D
11:16:19,UNVR,RG,4890,78,D,MK,CS,D
11:15:58,UNVR,RG,4900,6,F,AK,CC,D
11:15:57,UNVR,RG,4890,100,D,MK,LG,D
11:15:42,UNVR,RG,4890,11,D,MK,PD,D
11:15:34,UNVR,RG,4890,1,D,MK,AK,F
11:15:24,UNVR,RG,4890,1,D,MK,ZP,F
11:15:15,UNVR,RG,4890,1,D,MK,MU,D
11:14:09,UNVR,RG,4900,2,D,YP,CC,D
11:14:07,UNVR,RG,4890,1,D,MK,AK,F
11:14:07,UNVR,RG,4890,75,D,MK,CS,D
11:13:31,UNVR,RG,4900,1,D,PD,CC,D
11:13:29,UNVR,RG,4890,4,D,MK,EP,D
11:13:29,UNVR,RG,4890,20,D,MK,AI,D
11:13:28,UNVR,RG,4890,10,D,MK,KK,D
11:13:20,UNVR,RG,4890,30,D,MK,TF,D
11:13:16,UNVR,RG,4900,4,D,EP,CC,D
11:13:16,UNVR,RG,4900,1,D,EP,YP,D
11:12:37,UNVR,RG,4890,11,D,MK,PD,D
11:12:37,UNVR,RG,4890,19,F,KZ,PD,D
11:12:37,UNVR,RG,4890,9,F,KZ,PD,D
11:12:37,UNVR,RG,4890,22,F,KZ,PD,D
11:12:37,UNVR,RG,4890,11,F,CS,PD,D
11:12:37,UNVR,RG,4890,25,F,CS,PD,D
11:12:32,UNVR,RG,4890,1,F,CS,ZP,F
11:12:32,UNVR,RG,4890,24,F,CS,PD,D
11:12:32,UNVR,RG,4890,21,F,CS,PD,D
11:12:32,UNVR,RG,4890,100,D,YP,PD,D
11:12:32,UNVR,RG,4890,47,F,CS,PD,D
11:12:32,UNVR,RG,4890,32,F,AK,PD,D
11:12:32,UNVR,RG,4890,1,F,KZ,PD,D
11:12:32,UNVR,RG,4890,1,F,KZ,PD,D
11:12:32,UNVR,RG,4890,6,F,CS,PD,D
11:12:32,UNVR,RG,4890,6,F,CS,PD,D
11:12:32,UNVR,RG,4890,87,F,ZP,PD,D
11:12:17,UNVR,RG,4890,1,F,ZP,PD,D
11:12:05,UNVR,RG,4900,1,F,AK,YP,D
11:12:05,UNVR,RG,4890,21,F,ZP,YP,D
11:12:05,UNVR,RG,4890,1,F,ZP,AK,F
11:12:05,UNVR,RG,4900,5,F,AK,YP,D
11:12:04,UNVR,RG,4900,91,D,PD,YP,D
11:11:59,UNVR,RG,4890,1,F,ZP,SQ,D
11:11:56,UNVR,RG,4900,3,F,AK,YP,D
11:11:56,UNVR,RG,4890,41,F,ZP,CS,D
11:11:56,UNVR,RG,4900,1,F,AK,YP,D
11:11:55,UNVR,RG,4890,20,F,ZP,PD,D
11:11:37,UNVR,RG,4890,10,F,ZP,PD,D
11:11:35,UNVR,RG,4900,7,F,AK,YP,D
11:11:35,UNVR,RG,4890,12,F,ZP,PD,D
11:11:13,UNVR,RG,4890,5,F,ZP,AT,D
11:11:09,UNVR,RG,4900,4,D,XC,YP,D
11:11:07,UNVR,RG,4890,100,F,ZP,MG,D
11:11:03,UNVR,RG,4890,1,F,ZP,PD,D
11:10:53,UNVR,RG,4900,60,F,AK,YP,D
