Time,Stock,Brd,Price,Qty,BT,BC,SC,ST
15:14:53,UNVR,RG,4880,2,D,YP,YB,D
15:14:46,UNVR,RG,4880,29,D,YP,YB,D
15:14:35,UNVR,RG,4880,5,D,XC,YB,D
15:14:24,UNVR,RG,4880,10,D,YP,YB,D
15:14:19,UNVR,RG,4880,1,F,AG,YB,D
15:13:34,UNVR,RG,4880,50,D,CC,YB,D
15:13:16,UNVR,RG,4880,1,D,PD,YB,D
15:13:15,UNVR,RG,4880,5,D,CC,YB,D
15:12:39,UNVR,RG,4880,10,D,CC,YB,D
15:12:35,UNVR,RG,4880,2,D,YP,YB,D
15:12:18,UNVR,RG,4880,2,D,XC,YB,D
15:12:09,UNVR,RG,4880,51,D,YJ,YB,D
15:12:09,UNVR,RG,4880,10,D,YJ,CC,D
15:12:09,UNVR,RG,4880,39,D,YJ,XC,D
15:12:02,UNVR,RG,4880,11,D,SQ,XC,D
15:12:02,UNVR,RG,4880,3,D,SQ,YP,D
15:12:02,UNVR,RG,4880,36,D,SQ,YP,D
15:11:48,UNVR,RG,4880,10,D,LG,YP,D
15:11:21,UNVR,RG,4880,1,D,YP,YP,D
15:11:19,UNVR,RG,4880,3,D,BQ,YP,D
15:11:19,UNVR,RG,4880,4,D,BQ,YP,D
15:11:13,UNVR,RG,4880,1,D,YP,YP,D
15:11:00,UNVR,RG,4880,1,D,XC,YP,D
15:10:40,UNVR,RG,4880,10,D,SQ,YP,D
15:10:37,UNVR,RG,4880,1,D,AT,YP,D
15:10:37,UNVR,RG,4880,3,D,XC,YP,D
15:10:36,UNVR,RG,4880,3,D,ZP,YP,D
15:10:36,UNVR,RG,4880,37,D,ZP,YP,D
15:10:35,UNVR,RG,4880,11,D,XA,YP,D
15:10:32,UNVR,RG,4880,2,D,SH,YP,D
15:10:26,UNVR,RG,4880,20,D,CC,YP,D
15:10:21,UNVR,RG,4880,1,D,YP,YP,D
15:10:01,UNVR,RG,4880,1,D,XL,YP,D
15:09:50,UNVR,RG,4880,1,D,LG,YP,D
15:09:48,UNVR,RG,4880,1,D,XC,YP,D
15:09:41,UNVR,RG,4880,6,D,DR,YP,D
15:09:28,UNVR,RG,4880,10,D,LG,YP,D
15:09:26,UNVR,RG,4880,1,D,SQ,YP,D
15:09:22,UNVR,RG,4880,1,D,LG,YP,D
15:09:22,UNVR,RG,4880,2,D,YB,YP,D
15:09:11,UNVR,RG,4880,1,D,DR,YP,D
15:09:04,UNVR,RG,4880,5,D,OD,YP,D
15:09:04,UNVR,RG,4880,5,D,OD,SQ,D
15:09:04,UNVR,RG,4880,1,D,OD,XC,D
15:09:04,UNVR,RG,4880,4,D,OD,ZP,D
15:08:56,UNVR,RG,4880,5,D,KK,ZP,D
15:08:42,UNVR,RG,4880,2,D,YB,ZP,D
15:08:30,UNVR,RG,4880,3,D,XC,ZP,D
15:08:23,UNVR,RG,4880,1,D,KK,ZP,D
15:08:20,UNVR,RG,4880,2,D,PD,ZP,D
15:08:11,UNVR,RG,4880,1,D,XC,ZP,D
15:07:53,UNVR,RG,4880,2,D,XC,ZP,D
15:07:50,UNVR,RG,4880,25,D,YB,ZP,D
15:07:30,UNVR,RG,4880,1,D,PD,ZP,D
15:07:16,UNVR,RG,4880,3,D,PD,ZP,D
15:07:14,UNVR,RG,4880,10,D,YP,ZP,D
15:07:14,UNVR,RG,4880,25,D,XC,ZP,D
15:07:13,UNVR,RG,4880,10,D,SQ,ZP,D
15:07:02,UNVR,RG,4880,8,D,XC,ZP,D
15:06:58,UNVR,RG,4880,4,D,YP,ZP,D
15:06:56,UNVR,RG,4880,2,D,SH,ZP,D
15:06:56,UNVR,RG,4880,25,D,YB,ZP,D
15:06:43,UNVR,RG,4880,2,D,PD,ZP,D
15:06:42,UNVR,RG,4880,10,D,LG,ZP,D
15:06:35,UNVR,RG,4880,1,D,KK,ZP,D
15:06:30,UNVR,RG,4880,5,D,XC,ZP,D
15:06:28,UNVR,RG,4880,5,D,NI,ZP,D
15:06:27,UNVR,RG,4880,1,D,XL,ZP,D
15:06:25,UNVR,RG,4880,10,D,PD,ZP,D
15:06:21,UNVR,RG,4880,6,D,XC,ZP,D
15:06:15,UNVR,RG,4880,1,D,DH,ZP,D
15:06:09,UNVR,RG,4880,10,D,LG,ZP,D
15:06:08,UNVR,RG,4880,5,D,DH,ZP,D
15:06:02,UNVR,RG,4880,20,D,EP,ZP,D
15:06:01,UNVR,RG,4880,1,D,NI,ZP,D
15:06:00,UNVR,RG,4880,4,D,PD,ZP,D
15:05:59,UNVR,RG,4880,10,D,LG,ZP,D
15:05:59,UNVR,RG,4880,10,D,YB,ZP,D
15:05:53,UNVR,RG,4880,2,D,KK,ZP,D
15:05:48,UNVR,RG,4880,21,D,CC,ZP,D
15:05:48,UNVR,RG,4880,50,D,OK,ZP,D
15:05:42,UNVR,RG,4880,7,D,OD,ZP,D
15:05:36,UNVR,RG,4880,1,D,XC,ZP,D
15:05:33,UNVR,RG,4880,1,D,YP,ZP,D
15:05:30,UNVR,RG,4880,1,D,XC,ZP,D
15:05:22,UNVR,RG,4880,10,D,CP,ZP,D
15:05:20,UNVR,RG,4880,66,D,YP,ZP,D
15:05:18,UNVR,RG,4880,1,D,CC,ZP,D
15:05:16,UNVR,RG,4880,2,D,DR,ZP,D
15:05:14,UNVR,RG,4880,1,D,YP,ZP,D
15:05:08,UNVR,RG,4880,1,D,XC,ZP,D
15:05:08,UNVR,RG,4880,10,D,XC,PD,D
15:05:08,UNVR,RG,4880,10,D,CC,PD,D
15:05:01,UNVR,RG,4880,30,D,LG,PD,D
15:05:01,UNVR,RG,4880,62,D,LG,YP,D
15:05:01,UNVR,RG,4880,408,D,LG,YP,D
15:04:59,UNVR,RG,4880,92,D,PD,YP,D
15:04:59,UNVR,RG,4880,8,D,PD,YU,D
15:04:58,UNVR,RG,4880,50,D,LG,YU,D
15:04:54,UNVR,RG,4880,117,D,CC,YU,D
15:04:54,UNVR,RG,4880,2,D,CC,EP,D
15:04:54,UNVR,RG,4880,31,D,CC,YP,D
15:04:50,UNVR,RG,4880,52,D,YP,YP,D
15:04:49,UNVR,RG,4880,1,D,XC,YP,D
15:04:45,UNVR,RG,4880,10,D,LG,YP,D
15:04:40,UNVR,RG,4880,1,D,YP,YP,D
15:04:38,UNVR,RG,4880,50,D,OK,YP,D
15:04:37,UNVR,RG,4880,102,D,BR,YP,D
15:04:37,UNVR,RG,4880,22,D,XC,YP,D
15:04:37,UNVR,RG,4880,3,D,XC,YP,D
15:04:37,UNVR,RG,4880,1,D,YP,YP,D
15:04:34,UNVR,RG,4880,1,D,CC,YP,D
15:04:31,UNVR,RG,4880,1,D,SQ,YP,D
15:04:29,UNVR,RG,4880,1,D,YP,YP,D
15:04:28,UNVR,RG,4880,2,D,XC,YP,D
15:04:23,UNVR,RG,4880,2,D,PD,YP,D
15:04:23,UNVR,RG,4880,1,D,SQ,YP,D
15:04:21,UNVR,RG,4880,13,D,RO,YP,D
15:04:21,UNVR,RG,4880,25,D,RO,PD,D
15:04:21,UNVR,RG,4880,212,D,RO,YP,D
15:04:17,UNVR,RG,4880,52,D,YP,YP,D
15:04:16,UNVR,RG,4880,2,D,PD,YP,D
15:04:16,UNVR,RG,4880,20,D,KK,YP,D
15:04:14,UNVR,RG,4880,2,D,KK,YP,D
15:04:14,UNVR,RG,4880,212,D,RO,YP,D
15:04:14,UNVR,RG,4880,9,D,RO,YP,D
15:04:14,UNVR,RG,4880,2,D,RO,YP,D
15:04:14,UNVR,RG,4880,5,D,RO,ZP,D
15:04:14,UNVR,RG,4880,3,D,RO,PD,D
15:04:14,UNVR,RG,4880,10,D,RO,KK,D
15:04:14,UNVR,RG,4880,9,D,RO,DH,D
15:04:14,UNVR,RG,4880,1,D,AZ,DH,D
15:04:14,UNVR,RG,4880,1,D,AZ,DH,D
15:04:14,UNVR,RG,4880,2,D,AZ,PD,D
15:04:14,UNVR,RG,4880,193,D,AZ,LG,D
15:04:14,UNVR,RG,4880,8,D,AZ,AZ,D
15:04:13,UNVR,RG,4880,1,D,DX,AZ,D
15:04:08,UNVR,RG,4880,93,D,XC,AZ,D
15:04:08,UNVR,RG,4880,23,D,XC,AZ,D
15:04:08,UNVR,RG,4880,14,D,XC,YB,D
15:03:59,UNVR,RG,4880,2,D,PD,YB,D
15:03:49,UNVR,RG,4880,33,F,YU,YB,D
15:03:49,UNVR,RG,4880,1,F,YU,CC,D
15:03:49,UNVR,RG,4880,15,F,YU,CC,D
15:03:49,UNVR,RG,4880,10,F,YU,PD,D
15:03:49,UNVR,RG,4880,3,F,YU,DH,D
15:03:49,UNVR,RG,4880,2,F,YU,HP,D
15:03:49,UNVR,RG,4880,2,F,YU,KK,D
15:03:49,UNVR,RG,4880,1,F,YU,CC,D
15:03:49,UNVR,RG,4880,5,F,YU,NI,D
15:03:49,UNVR,RG,4880,10,F,YU,CC,D
15:03:49,UNVR,RG,4880,1,F,YU,XC,D
15:03:49,UNVR,RG,4880,14,F,YU,XC,D
15:03:49,UNVR,RG,4880,39,F,YU,YP,D
15:03:49,UNVR,RG,4880,387,F,YU,YP,D
15:03:49,UNVR,RG,4880,2,F,YU,PD,D
15:03:49,UNVR,RG,4880,20,F,YU,CC,D
15:03:49,UNVR,RG,4880,20,F,YU,DX,D
15:03:49,UNVR,RG,4880,800,F,YU,CC,D
15:03:49,UNVR,RG,4880,2,F,YU,XC,D
15:03:49,UNVR,RG,4880,15,F,YU,PD,D
15:03:49,UNVR,RG,4880,97,F,YU,YP,D
15:03:49,UNVR,RG,4880,1,F,YU,SQ,D
15:03:49,UNVR,RG,4880,15,F,YU,DX,D
15:03:49,UNVR,RG,4880,5,F,YU,YP,D
15:03:49,UNVR,RG,4880,10,F,YU,CC,D
15:03:49,UNVR,RG,4880,5,F,YU,XC,D
15:03:49,UNVR,RG,4880,1,F,YU,CC,D
15:03:49,UNVR,RG,4880,1,F,YU,AZ,D
15:03:49,UNVR,RG,4880,8,F,YU,YP,D
15:03:49,UNVR,RG,4880,6,F,YU,CC,D
15:03:49,UNVR,RG,4880,1789,F,YU,PD,D
15:03:49,UNVR,RG,4880,5,F,YU,AI,D
15:03:49,UNVR,RG,4880,10,F,YU,TP,D
15:03:49,UNVR,RG,4880,34,F,YU,NI,D
15:03:49,UNVR,RG,4880,1,F,YU,XC,D
15:03:49,UNVR,RG,4880,10,F,YU,YP,D
15:03:49,UNVR,RG,4880,11,F,YU,CC,D
15:03:49,UNVR,RG,4880,1609,F,YU,PD,D
15:03:48,UNVR,RG,4880,1,D,LG,PD,D
15:03:48,UNVR,RG,4880,2,D,CD,PD,D
15:03:47,UNVR,RG,4880,129,D,XC,PD,D
15:03:42,UNVR,RG,4880,1,D,NI,PD,D
15:03:38,UNVR,RG,4880,10,D,SQ,PD,D
15:03:36,UNVR,RG,4880,5,D,YP,PD,D
15:03:35,UNVR,RG,4880,1,D,YP,PD,D
15:03:33,UNVR,RG,4880,20,D,CP,PD,D
15:03:17,UNVR,RG,4880,6,D,LG,PD,D
15:03:17,UNVR,RG,4880,10,D,HP,PD,D
15:03:16,UNVR,RG,4880,15,D,DH,PD,D
15:03:13,UNVR,RG,4880,20,D,EP,PD,D
15:03:13,UNVR,RG,4880,5,D,CC,PD,D
15:03:07,UNVR,RG,4880,2,D,CC,PD,D
15:03:04,UNVR,RG,4880,10,D,XL,PD,D
15:02:55,UNVR,RG,4880,52,D,YP,PD,D
15:02:51,UNVR,RG,4880,5,D,CP,PD,D
15:02:50,UNVR,RG,4880,1,D,XL,PD,D
15:02:49,UNVR,RG,4880,6,D,DH,PD,D
15:02:48,UNVR,RG,4880,3,D,SQ,PD,D
15:02:44,UNVR,RG,4880,10,D,DR,PD,D
15:02:33,UNVR,RG,4880,50,D,XL,PD,D
15:02:30,UNVR,RG,4880,1,D,PD,PD,D
15:02:23,UNVR,RG,4880,1,D,KK,PD,D
15:02:22,UNVR,RG,4880,100,D,CP,PD,D
15:02:22,UNVR,RG,4880,4,D,PD,PD,D
15:02:18,UNVR,RG,4880,10,D,YP,PD,D
15:02:11,UNVR,RG,4880,1,D,DH,PD,D
15:02:05,UNVR,RG,4880,40,D,CC,PD,D
15:01:58,UNVR,RG,4880,2,D,XC,PD,D
15:01:48,UNVR,RG,4880,10,D,PD,PD,D
15:01:45,UNVR,RG,4880,48,D,XC,PD,D
15:01:45,UNVR,RG,4880,100,D,OK,PD,D
15:01:39,UNVR,RG,4880,1,D,YP,PD,D
15:01:25,UNVR,RG,4880,1,D,XL,PD,D
15:01:18,UNVR,RG,4880,1,D,YP,PD,D
15:01:16,UNVR,RG,4880,25,D,KK,PD,D
15:01:13,UNVR,RG,4880,5,D,SQ,PD,D
15:01:01,UNVR,RG,4880,4,D,PD,PD,D
15:01:00,UNVR,RG,4880,4,D,XL,PD,D
15:01:00,UNVR,RG,4880,5,D,CC,PD,D
15:01:00,UNVR,RG,4880,1,D,YB,PD,D
15:01:00,UNVR,RG,4880,1,D,XC,PD,D
15:01:00,UNVR,RG,4880,1,D,XC,PD,D
15:01:00,UNVR,RG,4880,2,D,XC,PD,D
15:01:00,UNVR,RG,4880,2,D,XC,PD,D
15:01:00,UNVR,RG,4880,1,D,PD,PD,D
15:01:00,UNVR,RG,4880,10,D,PD,PD,D
15:01:00,UNVR,RG,4880,2,D,PD,PD,D
15:01:00,UNVR,RG,4880,2,D,LG,PD,D
15:01:00,UNVR,RG,4880,1,D,CC,PD,D
15:01:00,UNVR,RG,4880,1,D,DH,PD,D
15:01:00,UNVR,RG,4880,1,D,KK,PD,D
15:01:00,UNVR,RG,4880,1,D,YB,PD,D
15:01:00,UNVR,RG,4880,10,D,XA,PD,D
15:01:00,UNVR,RG,4880,3,D,ES,PD,D
15:00:00,UNVR,RG,4880,20,D,KI,PD,D
15:00:00,UNVR,RG,4880,4,D,YP,PD,D
15:00:00,UNVR,RG,4880,2,D,KK,PD,D
15:00:00,UNVR,RG,4880,115,F,CS,PD,D
15:00:00,UNVR,RG,4880,1,D,NI,PD,D
15:00:00,UNVR,RG,4880,5,D,DR,PD,D
15:00:00,UNVR,RG,4880,5,D,KK,PD,D
15:00:00,UNVR,RG,4880,10,D,NI,PD,D
15:00:00,UNVR,RG,4880,1,D,YP,PD,D
15:00:00,UNVR,RG,4880,10,D,XL,PD,D
15:00:00,UNVR,RG,4880,4,D,XC,PD,D
15:00:00,UNVR,RG,4880,19,D,PD,PD,D
15:00:00,UNVR,RG,4880,1,D,YP,PD,D
15:00:00,UNVR,RG,4880,1,D,XC,PD,D
15:00:00,UNVR,RG,4880,1,D,XC,PD,D
15:00:00,UNVR,RG,4880,10,D,BQ,PD,D
15:00:00,UNVR,RG,4880,3,D,AG,PD,D
15:00:00,UNVR,RG,4880,1,D,XC,PD,D
15:00:00,UNVR,RG,4880,1,D,XC,PD,D
15:00:00,UNVR,RG,4880,6,D,LG,PD,D
15:00:00,UNVR,RG,4880,7,D,XC,PD,D
15:00:00,UNVR,RG,4880,1,D,XC,PD,D
15:00:00,UNVR,RG,4880,2,D,RO,PD,D
15:00:00,UNVR,RG,4880,2,D,YP,PD,D
15:00:00,UNVR,RG,4880,2,D,XC,PD,D
15:00:00,UNVR,RG,4880,1,D,DH,PD,D
15:00:00,UNVR,RG,4880,5,D,EP,PD,D
15:00:00,UNVR,RG,4880,1,D,PD,PD,D
15:00:00,UNVR,RG,4880,100,D,EP,PD,D
15:00:00,UNVR,RG,4880,4,D,XC,PD,D
15:00:00,UNVR,RG,4880,1,D,LG,PD,D
15:00:00,UNVR,RG,4880,20,D,XC,PD,D
15:00:00,UNVR,RG,4880,1,D,XC,PD,D
15:00:00,UNVR,RG,4880,5,D,XL,PD,D
15:00:00,UNVR,RG,4880,25,D,SQ,PD,D
15:00:00,UNVR,RG,4880,1,D,SQ,PD,D
15:00:00,UNVR,RG,4880,5,D,NI,PD,D
15:00:00,UNVR,RG,4880,1,D,XC,PD,D
15:00:00,UNVR,RG,4880,2,D,YP,PD,D
15:00:00,UNVR,RG,4880,200,D,SQ,PD,D
15:00:00,UNVR,RG,4880,2,D,CC,PD,D
15:00:00,UNVR,RG,4880,2,D,DR,PD,D
15:00:00,UNVR,RG,4880,2,D,CC,PD,D
15:00:00,UNVR,RG,4880,2,D,SQ,PD,D
15:00:00,UNVR,RG,4880,1,D,RO,PD,D
15:00:00,UNVR,RG,4880,15,D,KK,PD,D
15:00:00,UNVR,RG,4880,2,D,CC,PD,D
15:00:00,UNVR,RG,4880,200,D,YP,PD,D
15:00:00,UNVR,RG,4880,6,D,XA,PD,D
15:00:00,UNVR,RG,4880,1,D,YP,PD,D
15:00:00,UNVR,RG,4880,1,D,XC,PD,D
15:00:00,UNVR,RG,4880,1,D,XC,PD,D
15:00:00,UNVR,RG,4880,3,D,YP,PD,D
15:00:00,UNVR,RG,4880,1,D,DH,PD,D
15:00:00,UNVR,RG,4880,3,D,DR,PD,D
15:00:00,UNVR,RG,4880,1,D,YP,PD,D
15:00:00,UNVR,RG,4880,4,D,XC,PD,D
15:00:00,UNVR,RG,4880,1,D,CC,PD,D
15:00:00,UNVR,RG,4880,1,D,AZ,PD,D
15:00:00,UNVR,RG,4880,30,D,CP,PD,D
15:00:00,UNVR,RG,4880,1,D,YP,PD,D
15:00:00,UNVR,RG,4880,1,D,PD,PD,D
15:00:00,UNVR,RG,4880,4,D,KK,PD,D
15:00:00,UNVR,RG,4880,100,D,CC,PD,D
15:00:00,UNVR,RG,4880,1,D,XC,PD,D
15:00:00,UNVR,RG,4880,1,D,XC,PD,D
15:00:00,UNVR,RG,4880,5,D,CP,PD,D
15:00:00,UNVR,RG,4880,10,D,SQ,PD,D
15:00:00,UNVR,RG,4880,30,D,KK,PD,D
15:00:00,UNVR,RG,4880,5,D,EP,PD,D
15:00:00,UNVR,RG,4880,1,D,PD,PD,D
15:00:00,UNVR,RG,4880,30,D,CC,PD,D
15:00:00,UNVR,RG,4880,1,D,YP,PD,D
15:00:00,UNVR,RG,4880,10,D,SQ,PD,D
15:00:00,UNVR,RG,4880,2,D,PD,PD,D
15:00:00,UNVR,RG,4880,5,D,YP,PD,D
15:00:00,UNVR,RG,4880,20,D,DR,PD,D
15:00:00,UNVR,RG,4880,2,D,YP,PD,D
15:00:00,UNVR,RG,4880,10,D,DR,PD,D
15:00:00,UNVR,RG,4880,1,D,DR,PD,D
15:00:00,UNVR,RG,4880,1,D,YP,PD,D
15:00:00,UNVR,RG,4880,1,D,YP,PD,D
15:00:00,UNVR,RG,4880,5,D,CC,PD,D
15:00:00,UNVR,RG,4880,1,D,YP,PD,D
15:00:00,UNVR,RG,4880,5,D,PD,PD,D
15:00:00,UNVR,RG,4880,3,D,YP,PD,D
15:00:00,UNVR,RG,4880,1,D,XC,PD,D
15:00:00,UNVR,RG,4880,1,D,YP,PD,D
15:00:00,UNVR,RG,4880,5,D,XC,PD,D
15:00:00,UNVR,RG,4880,100,D,DR,PD,D
15:00:00,UNVR,RG,4880,1,D,XL,PD,D
15:00:00,UNVR,RG,4880,11,D,PD,PD,D
15:00:00,UNVR,RG,4880,1,D,PD,PD,D
15:00:00,UNVR,RG,4880,1,D,YP,PD,D
15:00:00,UNVR,RG,4880,3,D,CC,PD,D
15:00:00,UNVR,RG,4880,25,D,KK,PD,D
15:00:00,UNVR,RG,4880,25,D,NI,PD,D
15:00:00,UNVR,RG,4880,10,D,YP,PD,D
15:00:00,UNVR,RG,4880,1,D,XC,PD,D
15:00:00,UNVR,RG,4880,1,D,PD,PD,D
15:00:00,UNVR,RG,4880,1,D,PD,PD,D
15:00:00,UNVR,RG,4880,2,D,PD,PD,D
15:00:00,UNVR,RG,4880,20,D,CC,PD,D
15:00:00,UNVR,RG,4880,5,D,OD,PD,D
15:00:00,UNVR,RG,4880,2,D,XC,PD,D
15:00:00,UNVR,RG,4880,100,D,YP,PD,D
15:00:00,UNVR,RG,4880,1,D,YP,PD,D
15:00:00,UNVR,RG,4880,3,D,XC,PD,D
15:00:00,UNVR,RG,4880,3,D,LG,PD,D
15:00:00,UNVR,RG,4880,161,D,YP,PD,D
15:00:00,UNVR,RG,4880,10,D,YP,NI,D
15:00:00,UNVR,RG,4880,59,D,YP,NI,D
15:00:00,UNVR,RG,4880,10,D,YP,NI,D
15:00:00,UNVR,RG,4880,5,D,YP,CC,D
15:00:00,UNVR,RG,4880,10,D,YP,YP,D
15:00:00,UNVR,RG,4880,5,D,YP,OD,D
15:00:00,UNVR,RG,4880,1,D,YP,PD,D
15:00:00,UNVR,RG,4880,15,D,YP,SQ,D
15:00:00,UNVR,RG,4880,20,D,YP,CC,D
15:00:00,UNVR,RG,4880,50,D,YP,YP,D
15:00:00,UNVR,RG,4880,2,D,YP,XC,D
15:00:00,UNVR,RG,4880,5,D,YP,CC,D
15:00:00,UNVR,RG,4880,34,D,YP,PD,D
15:00:00,UNVR,RG,4880,2,D,YP,CC,D
15:00:00,UNVR,RG,4880,111,D,YP,EP,D
15:00:00,UNVR,RG,4880,50,D,PD,EP,D
15:00:00,UNVR,RG,4880,6,D,PD,EP,D
15:00:00,UNVR,RG,4880,10,D,PD,EP,D
15:00:00,UNVR,RG,4880,10,D,PD,EP,D
15:00:00,UNVR,RG,4880,1,D,YP,EP,D
15:00:00,UNVR,RG,4880,10,D,SQ,EP,D
15:00:00,UNVR,RG,4880,1,D,XC,EP,D
15:00:00,UNVR,RG,4880,1,D,PD,EP,D
15:00:00,UNVR,RG,4880,3,D,YB,EP,D
15:00:00,UNVR,RG,4880,10,D,DR,EP,D
15:00:00,UNVR,RG,4880,2,D,AG,EP,D
15:00:00,UNVR,RG,4880,1,D,YP,EP,D
15:00:00,UNVR,RG,4880,140,D,KK,EP,D
15:00:00,UNVR,RG,4880,1,D,CC,EP,D
15:00:00,UNVR,RG,4880,2,D,XC,EP,D
15:00:00,UNVR,RG,4880,1,D,XL,EP,D
15:00:00,UNVR,RG,4880,5,D,XC,EP,D
15:00:00,UNVR,RG,4880,1,D,AZ,EP,D
15:00:00,UNVR,RG,4880,14,D,XC,EP,D
15:00:00,UNVR,RG,4880,10,D,XC,XL,D
15:00:00,UNVR,RG,4880,20,D,XC,YP,D
15:00:00,UNVR,RG,4880,1,D,XC,YP,D
15:00:00,UNVR,RG,4880,1,D,XC,KK,D
15:00:00,UNVR,RG,4880,1,D,XC,KK,D
15:00:00,UNVR,RG,4880,2,D,XC,YB,D
15:00:00,UNVR,RG,4880,10,D,SQ,YB,D
15:00:00,UNVR,RG,4880,10,D,OD,YB,D
15:00:00,UNVR,RG,4880,20,D,YP,YB,D
15:00:00,UNVR,RG,4880,2,D,YP,YB,D
15:00:00,UNVR,RG,4880,1,D,XC,YB,D
15:00:00,UNVR,RG,4880,6,D,CC,YB,D
15:00:00,UNVR,RG,4880,1,D,XC,YB,D
15:00:00,UNVR,RG,4880,5,D,DR,YB,D
15:00:00,UNVR,RG,4880,1,D,LG,YB,D
15:00:00,UNVR,RG,4880,10,D,PD,YB,D
15:00:00,UNVR,RG,4880,10,D,OD,YB,D
15:00:00,UNVR,RG,4880,5,D,XC,YB,D
15:00:00,UNVR,RG,4880,1,D,XA,YB,D
15:00:00,UNVR,RG,4880,1,D,DR,YB,D
15:00:00,UNVR,RG,4880,1,D,CC,YB,D
15:00:00,UNVR,RG,4880,1,D,NI,YB,D
15:00:00,UNVR,RG,4880,5,D,CC,YB,D
15:00:00,UNVR,RG,4880,10,D,XC,YB,D
15:00:00,UNVR,RG,4880,10,D,CC,YB,D
15:00:00,UNVR,RG,4880,88,D,NI,YB,D
15:00:00,UNVR,RG,4880,5,D,NI,CC,D
15:00:00,UNVR,RG,4880,1,D,NI,XC,D
15:00:00,UNVR,RG,4880,20,D,NI,CC,D
15:00:00,UNVR,RG,4880,90,D,NI,YP,D
15:00:00,UNVR,RG,4880,25,D,NI,YP,D
15:00:00,UNVR,RG,4880,3,D,NI,CC,D
15:00:00,UNVR,RG,4880,43,D,NI,EP,D
15:00:00,UNVR,RG,4880,200,D,NI,YB,D
15:00:00,UNVR,RG,4880,50,D,NI,YP,D
15:00:00,UNVR,RG,4880,50,D,NI,CC,D
15:00:00,UNVR,RG,4880,150,D,NI,GR,D
15:00:00,UNVR,RG,4880,10,D,NI,CC,D
15:00:00,UNVR,RG,4880,265,D,NI,YP,D
15:00:00,UNVR,RG,4880,2,D,PD,YP,D
15:00:00,UNVR,RG,4880,3,D,XC,YP,D
15:00:00,UNVR,RG,4880,10,D,YP,YP,D
15:00:00,UNVR,RG,4880,50,D,YP,YP,D
15:00:00,UNVR,RG,4880,3,D,LG,YP,D
15:00:00,UNVR,RG,4880,6,D,EP,YP,D
15:00:00,UNVR,RG,4880,6,D,KK,YP,D
15:00:00,UNVR,RG,4880,10,D,PD,YP,D
15:00:00,UNVR,RG,4880,10,D,XL,YP,D
15:00:00,UNVR,RG,4880,1,D,XC,YP,D
15:00:00,UNVR,RG,4880,5,D,PD,YP,D
15:00:00,UNVR,RG,4880,3,D,KK,YP,D
15:00:00,UNVR,RG,4880,5,D,OD,YP,D
15:00:00,UNVR,RG,4880,10,D,CC,YP,D
15:00:00,UNVR,RG,4880,10,D,YP,YP,D
15:00:00,UNVR,RG,4880,1,D,XL,YP,D
15:00:00,UNVR,RG,4880,10,D,XC,YP,D
15:00:00,UNVR,RG,4880,5,D,KK,YP,D
15:00:00,UNVR,RG,4880,1,D,LG,YP,D
15:00:00,UNVR,RG,4880,3,D,YP,YP,D
15:00:00,UNVR,RG,4880,3,D,XL,YP,D
15:00:00,UNVR,RG,4880,50,D,DX,YP,D
15:00:00,UNVR,RG,4880,50,D,DH,YP,D
15:00:00,UNVR,RG,4880,1,D,YP,YP,D
15:00:00,UNVR,RG,4880,30,D,CC,YP,D
15:00:00,UNVR,RG,4880,2,D,XL,YP,D
15:00:00,UNVR,RG,4880,1,D,YP,YP,D
15:00:00,UNVR,RG,4880,6,D,XC,YP,D
15:00:00,UNVR,RG,4880,1,D,PD,YP,D
15:00:00,UNVR,RG,4880,10,D,DR,YP,D
15:00:00,UNVR,RG,4880,2,D,YP,YP,D
15:00:00,UNVR,RG,4880,2,D,GR,YP,D
15:00:00,UNVR,RG,4880,10,D,DH,YP,D
15:00:00,UNVR,RG,4880,25,D,YU,YP,D
15:00:00,UNVR,RG,4880,1,D,AZ,YP,D
15:00:00,UNVR,RG,4880,1,D,LG,YP,D
15:00:00,UNVR,RG,4880,20,D,CP,YP,D
15:00:00,UNVR,RG,4880,4,D,XL,YP,D
15:00:00,UNVR,RG,4880,2,D,NI,YP,D
15:00:00,UNVR,RG,4880,1,D,YP,YP,D
15:00:00,UNVR,RG,4880,4,D,PD,YP,D
15:00:00,UNVR,RG,4880,6,D,XC,YP,D
15:00:00,UNVR,RG,4880,5,D,PD,YP,D
15:00:00,UNVR,RG,4880,2,D,YP,YP,D
15:00:00,UNVR,RG,4880,1,D,YP,YP,D
15:00:00,UNVR,RG,4880,10,D,XC,YP,D
15:00:00,UNVR,RG,4880,8,D,PD,YP,D
15:00:00,UNVR,RG,4880,2,D,YP,YP,D
15:00:00,UNVR,RG,4880,2,D,PC,YP,D
15:00:00,UNVR,RG,4880,2,D,DR,YP,D
15:00:00,UNVR,RG,4880,1,D,MI,YP,D
15:00:00,UNVR,RG,4880,1,D,MI,YP,D
15:00:00,UNVR,RG,4880,1015,F,BB,YP,D
15:00:00,UNVR,RG,4880,1,F,BB,YB,D
15:00:00,UNVR,RG,4880,30,F,BB,BQ,D
15:00:00,UNVR,RG,4880,500,F,BB,YJ,D
15:00:00,UNVR,RG,4880,200,F,BB,SQ,D
15:00:00,UNVR,RG,4880,5,F,BB,YP,D
15:00:00,UNVR,RG,4880,160,F,BB,YB,D
15:00:00,UNVR,RG,4880,1,F,BB,PD,D
15:00:00,UNVR,RG,4880,4,F,BB,PD,D
15:00:00,UNVR,RG,4880,819,F,BB,ZP,F
15:00:00,UNVR,RG,4880,2265,F,BB,YU,F
15:00:00,UNVR,RG,4880,10,D,YP,YU,F
15:00:00,UNVR,RG,4880,760,D,KK,YU,F
15:00:00,UNVR,RG,4880,1,D,YP,YU,F
15:00:00,UNVR,RG,4880,1,D,YP,YU,F
15:00:00,UNVR,RG,4880,5,D,PD,YU,F
15:00:00,UNVR,RG,4880,10,D,GR,YU,F
15:00:00,UNVR,RG,4880,1,D,YP,YU,F
15:00:00,UNVR,RG,4880,1,D,YP,YU,F
15:00:00,UNVR,RG,4880,7,D,YP,YU,F
15:00:00,UNVR,RG,4880,1,D,XL,YU,F
15:00:00,UNVR,RG,4880,2,D,IP,YU,F
15:00:00,UNVR,RG,4880,1,D,YP,YU,F
15:00:00,UNVR,RG,4880,1,D,PD,YU,F
15:00:00,UNVR,RG,4880,253,F,YU,YU,F
15:00:00,UNVR,RG,4880,26,F,ZP,YU,F
15:00:00,UNVR,RG,4880,98,F,AK,YU,F
15:00:00,UNVR,RG,4880,638,D,KZ,YU,F
15:00:00,UNVR,RG,4880,409,F,BK,YU,F
15:00:00,UNVR,RG,4880,510,F,BK,YU,F
15:00:00,UNVR,RG,4880,1,F,BK,CC,D
15:00:00,UNVR,RG,4880,4,F,BK,YP,D
15:00:00,UNVR,RG,4880,1,F,BK,ZP,F
15:00:00,UNVR,RG,4880,3,F,BK,ZP,F
15:00:00,UNVR,RG,4880,3,F,BK,ZP,F
15:00:00,UNVR,RG,4880,327,F,BK,ZP,F
15:00:00,UNVR,RG,4880,55,F,BK,ZP,F
15:00:00,UNVR,RG,4880,494,D,CS,ZP,F
15:00:00,UNVR,RG,4880,108,D,BB,ZP,F
15:00:00,UNVR,RG,4880,617,D,BB,ZP,F
15:00:00,UNVR,RG,4880,139,D,BB,ZP,F
15:00:00,UNVR,RG,4880,236,D,BB,DX,F
15:00:00,UNVR,RG,4880,1500,D,BB,DX,F
15:00:00,UNVR,RG,4880,1895,F,BB,DX,F
15:00:00,UNVR,RG,4880,376,F,BB,PD,D
15:00:00,UNVR,RG,4880,40,F,BB,YU,F
15:00:00,UNVR,RG,4880,172,F,BB,AK,F
15:00:00,UNVR,RG,4880,27,F,BB,BK,F
15:00:00,UNVR,RG,4880,52,F,BB,KZ,D
15:00:00,UNVR,RG,4880,1217,F,BB,KZ,F
15:00:00,UNVR,RG,4880,21,F,BB,ZP,F
15:00:00,UNVR,RG,4880,700,F,BB,ZP,F
15:00:00,UNVR,RG,4880,250,D,BB,ZP,F
15:00:00,UNVR,RG,4880,21,F,AK,ZP,F
15:00:00,UNVR,RG,4880,115,F,AK,ZP,F
15:00:00,UNVR,RG,4880,3,F,AK,ZP,F
15:00:00,UNVR,RG,4880,68,F,AK,ZP,F
15:00:00,UNVR,RG,4880,108,F,AK,ZP,F
15:00:00,UNVR,RG,4880,47,F,AK,ZP,F
15:00:00,UNVR,RG,4880,5,F,AK,ZP,F
15:00:00,UNVR,RG,4880,90,D,RX,ZP,F
15:00:00,UNVR,RG,4880,1,D,CC,ZP,F
15:00:00,UNVR,RG,4880,456,D,DX,ZP,F
15:00:00,UNVR,RG,4880,3136,D,DX,ZP,F
14:49:59,UNVR,RG,4880,5,D,LG,YP,D
14:49:59,UNVR,RG,4880,3,D,AZ,YP,D
14:49:59,UNVR,RG,4880,1,D,YP,YP,D
14:49:59,UNVR,RG,4880,2,D,KK,YP,D
14:49:59,UNVR,RG,4880,49,D,YU,YP,D
14:49:58,UNVR,RG,4880,2,D,YU,ZP,F
14:49:58,UNVR,RG,4880,14,D,YU,XC,D
14:49:58,UNVR,RG,4880,5,D,CC,XC,D
14:49:58,UNVR,RG,4880,4,D,CC,ZP,F
14:49:57,UNVR,RG,4880,6,D,CC,ZP,F
14:49:56,UNVR,RG,4890,1,F,ZP,PD,D
14:49:55,UNVR,RG,4890,1,D,CC,PD,D
14:49:54,UNVR,RG,4880,10,D,CC,YB,D
14:49:54,UNVR,RG,4880,6,D,CC,ZP,F
14:49:53,UNVR,RG,4880,1,D,CC,ZP,F
14:49:53,UNVR,RG,4880,18,D,CC,ZP,F
14:49:53,UNVR,RG,4880,1,D,YP,ZP,F
14:49:53,UNVR,RG,4880,5,D,YP,ZP,F
14:49:53,UNVR,RG,4880,20,D,SQ,ZP,F
14:49:52,UNVR,RG,4880,1,D,SQ,ZP,F
14:49:52,UNVR,RG,4890,3,D,YP,PD,D
14:49:52,UNVR,RG,4890,2,D,YP,PD,D
14:49:51,UNVR,RG,4880,12,D,SQ,ZP,F
14:49:50,UNVR,RG,4880,2,D,SQ,ZP,F
14:49:50,UNVR,RG,4890,1,F,AK,PD,D
14:49:50,UNVR,RG,4890,1,F,AK,PD,D
14:49:50,UNVR,RG,4890,1,F,ZP,PD,D
14:49:48,UNVR,RG,4890,1,D,YP,PD,D
14:49:45,UNVR,RG,4890,1,F,AK,PD,D
14:49:43,UNVR,RG,4880,3,D,SQ,ZP,F
14:49:43,UNVR,RG,4890,1,F,AK,PD,D
14:49:43,UNVR,RG,4890,2,D,XC,PD,D
14:49:43,UNVR,RG,4890,7,D,XC,NI,D
14:49:41,UNVR,RG,4880,12,D,SQ,ZP,F
14:49:41,UNVR,RG,4880,2,D,PD,ZP,F
14:49:41,UNVR,RG,4880,1,D,PD,ZP,F
14:49:41,UNVR,RG,4880,9,D,BQ,ZP,F
14:49:40,UNVR,RG,4890,1,F,AK,NI,D
14:49:40,UNVR,RG,4880,9,D,BQ,ZP,F
14:49:39,UNVR,RG,4890,50,D,GR,NI,D
14:49:37,UNVR,RG,4890,6,D,HP,NI,D
14:49:34,UNVR,RG,4880,4,D,BQ,ZP,F
14:49:34,UNVR,RG,4880,25,D,BQ,ZP,F
14:49:34,UNVR,RG,4890,2,D,XC,NI,D
14:49:34,UNVR,RG,4890,1,D,YP,NI,D
14:49:34,UNVR,RG,4890,1,D,YP,NI,D
14:49:34,UNVR,RG,4890,2,D,EP,NI,D
14:49:30,UNVR,RG,4890,21,D,EP,XC,D
14:49:30,UNVR,RG,4890,14,D,EP,ZP,F
14:49:28,UNVR,RG,4890,10,D,EP,YP,D
14:49:28,UNVR,RG,4890,15,D,EP,DX,F
14:49:28,UNVR,RG,4890,8,D,EP,DH,D
14:49:28,UNVR,RG,4890,9,D,EP,DX,D
14:49:28,UNVR,RG,4880,3,D,BQ,ZP,F
14:49:28,UNVR,RG,4890,10,F,BK,DX,D
14:49:24,UNVR,RG,4890,10,D,KK,DX,D
14:49:24,UNVR,RG,4890,1,D,CP,DX,D
14:49:21,UNVR,RG,4890,4,D,CP,LG,D
14:49:21,UNVR,RG,4900,7,F,BB,AI,D
14:49:21,UNVR,RG,4900,106,F,BB,AI,D
14:49:21,UNVR,RG,4890,11,F,BB,ZP,F
14:49:19,UNVR,RG,4900,2,D,BB,AI,D
14:49:17,UNVR,RG,4900,74,D,BB,AI,D
14:49:17,UNVR,RG,4900,37,D,BB,AI,D
14:49:17,UNVR,RG,4890,2,D,BB,YP,D
14:49:17,UNVR,RG,4890,18,D,BB,CC,D
14:49:17,UNVR,RG,4890,6,D,HP,CC,D
14:49:17,UNVR,RG,4890,26,F,BB,CC,D
14:49:15,UNVR,RG,4890,49,F,BB,ZP,F
14:49:15,UNVR,RG,4890,171,F,BB,OD,D
14:49:15,UNVR,RG,4890,15,D,BB,OD,D
14:49:14,UNVR,RG,4890,11,D,BB,OD,D
14:49:12,UNVR,RG,4880,21,D,BQ,ZP,F
14:49:12,UNVR,RG,4890,15,D,BB,OD,D
14:49:12,UNVR,RG,4890,5,D,BB,YP,D
14:49:12,UNVR,RG,4880,29,D,BQ,BB,D
14:49:12,UNVR,RG,4880,50,D,SQ,BB,D
14:49:12,UNVR,RG,4880,3,D,PD,BB,D
14:49:12,UNVR,RG,4880,30,D,PD,BB,D
14:49:12,UNVR,RG,4880,2,D,GR,BB,D
14:49:12,UNVR,RG,4880,8,D,YP,BB,D
14:49:12,UNVR,RG,4890,4,F,BB,YP,D
14:49:12,UNVR,RG,4890,5,F,BB,AZ,D
14:49:12,UNVR,RG,4890,10,F,BB,NI,D
14:49:12,UNVR,RG,4890,5,F,BB,NI,D
14:49:12,UNVR,RG,4890,30,F,BB,CC,D
14:49:12,UNVR,RG,4890,1,F,BB,YP,D
14:49:12,UNVR,RG,4890,12,F,BB,ZP,F
14:49:12,UNVR,RG,4890,28,F,BB,ZP,F
14:49:11,UNVR,RG,4890,12,D,BB,ZP,F
14:49:10,UNVR,RG,4890,5,D,BB,ZP,F
14:49:07,UNVR,RG,4890,12,F,BK,ZP,F
14:49:07,UNVR,RG,4880,12,D,YP,BB,D
14:49:07,UNVR,RG,4880,1,D,YP,BB,D
14:49:07,UNVR,RG,4880,10,D,YP,BB,D
14:49:07,UNVR,RG,4880,2,D,YP,BB,D
14:49:07,UNVR,RG,4880,1,D,PD,BB,D
14:49:07,UNVR,RG,4880,10,D,CC,BB,D
14:49:07,UNVR,RG,4880,1,D,PD,BB,D
14:49:07,UNVR,RG,4880,1,D,NI,BB,D
14:49:07,UNVR,RG,4880,1,D,PD,BB,D
14:49:07,UNVR,RG,4880,1,D,XL,BB,D
14:49:07,UNVR,RG,4880,2,F,ZP,BB,D
14:49:07,UNVR,RG,4880,3,D,CP,BB,D
14:49:07,UNVR,RG,4880,7,D,YP,BB,D
14:49:07,UNVR,RG,4880,3,D,YP,YU,F
14:49:07,UNVR,RG,4880,1,D,KK,YU,F
14:49:07,UNVR,RG,4880,1,D,NI,YU,F
14:49:07,UNVR,RG,4880,4,D,BB,YU,F
14:49:07,UNVR,RG,4880,1,D,YP,YU,F
14:49:07,UNVR,RG,4880,10,D,CD,YU,F
14:49:07,UNVR,RG,4880,1,D,PD,YU,F
14:49:06,UNVR,RG,4890,6,F,BK,ZP,F
14:49:06,UNVR,RG,4890,9,F,BK,ZP,F
14:49:06,UNVR,RG,4890,1,F,BK,ZP,F
14:49:04,UNVR,RG,4890,5,D,BB,ZP,F
14:49:03,UNVR,RG,4890,11,D,XC,ZP,F
14:49:02,UNVR,RG,4890,24,F,BK,ZP,F
14:49:02,UNVR,RG,4890,14,F,BK,YP,D
14:49:01,UNVR,RG,4890,6,D,HP,YP,D
14:49:01,UNVR,RG,4890,10,D,PD,YP,D
14:49:00,UNVR,RG,4880,10,D,IF,BB,D
14:49:00,UNVR,RG,4880,10,D,XA,BB,D
14:49:00,UNVR,RG,4880,3,D,AT,BB,D
14:49:00,UNVR,RG,4890,11,D,AK,YP,D
14:49:00,UNVR,RG,4890,8,D,AK,YP,D
14:49:00,UNVR,RG,4890,6,D,AK,YP,D
14:48:59,UNVR,RG,4890,2,D,PD,YP,D
14:48:59,UNVR,RG,4890,1,D,BB,YP,D
14:48:56,UNVR,RG,4890,5,D,BB,YP,D
14:48:55,UNVR,RG,4890,3,D,DH,YP,D
14:48:53,UNVR,RG,4880,2,D,AT,ZP,F
14:48:48,UNVR,RG,4890,5,D,PD,YP,D
14:48:48,UNVR,RG,4880,3,D,AT,ZP,F
14:48:48,UNVR,RG,4880,3,D,KK,ZP,F
14:48:48,UNVR,RG,4880,12,D,YP,ZP,F
14:48:48,UNVR,RG,4880,7,D,YP,ZP,F
14:48:48,UNVR,RG,4880,9,D,NI,ZP,F
14:48:48,UNVR,RG,4890,37,F,BB,YP,D
14:48:48,UNVR,RG,4890,1,D,CC,YP,D
14:48:48,UNVR,RG,4890,37,F,BB,YP,D
14:48:48,UNVR,RG,4890,21,D,XC,YP,D
14:48:48,UNVR,RG,4890,1,F,AK,YP,D
14:48:48,UNVR,RG,4890,2,F,ZP,YP,D
14:48:48,UNVR,RG,4890,1,D,NI,YP,D
14:48:48,UNVR,RG,4890,1,D,YP,YP,D
14:48:48,UNVR,RG,4890,12,D,KK,YP,D
14:48:48,UNVR,RG,4890,20,D,AK,YP,D
14:48:47,UNVR,RG,4890,1,D,AK,ZP,F
14:48:47,UNVR,RG,4890,20,D,CC,ZP,F
14:48:47,UNVR,RG,4890,31,D,NI,ZP,F
14:48:47,UNVR,RG,4890,8,D,NI,CC,D
14:48:46,UNVR,RG,4890,1,D,NI,PD,D
14:48:46,UNVR,RG,4890,4,F,AK,PD,D
14:48:46,UNVR,RG,4890,5,F,BK,PD,D
14:48:46,UNVR,RG,4890,10,F,BK,YP,D
14:48:46,UNVR,RG,4890,3,D,PD,YP,D
14:48:46,UNVR,RG,4890,3,D,AT,YP,D
14:48:46,UNVR,RG,4890,2,D,CC,YP,D
14:48:46,UNVR,RG,4890,34,D,BB,YP,D
14:48:46,UNVR,RG,4890,5,D,XC,YP,D
14:48:46,UNVR,RG,4890,2,D,YP,YP,D
14:48:46,UNVR,RG,4890,3,D,XL,YP,D
14:48:46,UNVR,RG,4890,17,F,BK,YP,D
14:48:46,UNVR,RG,4890,2,D,PD,YP,D
14:48:46,UNVR,RG,4890,1,D,PD,YP,D
14:48:46,UNVR,RG,4890,1,D,XC,YP,D
14:48:46,UNVR,RG,4890,3,D,XC,YP,D
14:48:46,UNVR,RG,4890,1,F,AK,YP,D
14:48:46,UNVR,RG,4890,1,D,PD,YP,D
14:48:46,UNVR,RG,4890,2,D,YP,YP,D
14:48:46,UNVR,RG,4890,10,D,BB,YP,D
14:48:46,UNVR,RG,4890,1,D,BB,XC,D
14:48:45,UNVR,RG,4900,5,F,ZP,AI,D
14:48:45,UNVR,RG,4890,18,D,BB,ZP,F
14:48:45,UNVR,RG,4890,27,F,BB,ZP,F
14:48:45,UNVR,RG,4890,15,F,BB,BB,D
14:48:45,UNVR,RG,4900,1,F,AK,AI,D
14:48:44,UNVR,RG,4890,95,F,BB,SQ,D
14:48:44,UNVR,RG,4890,4,D,BB,SQ,D
14:48:44,UNVR,RG,4890,1,D,AK,SQ,D
14:48:41,UNVR,RG,4890,47,D,AK,YP,D
14:48:41,UNVR,RG,4890,3,F,AK,YP,D
14:48:41,UNVR,RG,4900,105,F,BB,AI,D
14:48:41,UNVR,RG,4890,3,F,AK,ZP,F
14:48:41,UNVR,RG,4890,10,D,CC,ZP,F
14:48:41,UNVR,RG,4890,5,D,CC,ZP,F
14:48:41,UNVR,RG,4890,1,D,PD,ZP,F
14:48:41,UNVR,RG,4890,5,D,YP,ZP,F
14:48:41,UNVR,RG,4890,1,D,PD,ZP,F
14:48:41,UNVR,RG,4890,4,F,AK,ZP,F
14:48:41,UNVR,RG,4890,32,D,AK,ZP,F
14:48:40,UNVR,RG,4890,40,D,AK,SQ,D
14:48:40,UNVR,RG,4900,3,D,BB,AI,D
14:48:39,UNVR,RG,4900,5,D,XL,AI,D
14:48:37,UNVR,RG,4900,12,D,BB,AI,D
14:48:36,UNVR,RG,4890,15,D,AK,BB,D
14:48:36,UNVR,RG,4890,50,D,AK,YP,D
14:48:32,UNVR,RG,4890,22,D,AK,CC,D
14:48:32,UNVR,RG,4890,2,D,KK,CC,D
14:48:32,UNVR,RG,4890,3,D,YP,CC,D
14:48:32,UNVR,RG,4890,10,D,XC,CC,D
14:48:32,UNVR,RG,4890,3,D,CC,CC,D
14:48:32,UNVR,RG,4890,5,D,KK,CC,D
14:48:32,UNVR,RG,4890,1,D,XL,CC,D
14:48:32,UNVR,RG,4890,4,D,CC,CC,D
14:48:32,UNVR,RG,4900,20,D,BB,AI,D
14:48:31,UNVR,RG,4890,1,D,CC,BB,D
14:48:31,UNVR,RG,4890,10,D,EP,BB,D
14:48:31,UNVR,RG,4890,5,D,KK,BB,D
14:48:31,UNVR,RG,4890,1,D,NI,BB,D
14:48:31,UNVR,RG,4890,2,D,OD,BB,D
14:48:31,UNVR,RG,4900,44,F,BB,AI,D
14:48:31,UNVR,RG,4900,3,D,BB,AI,D
14:48:31,UNVR,RG,4900,20,D,PD,AI,D
14:48:23,UNVR,RG,4900,101,D,AK,AI,D
14:48:22,UNVR,RG,4900,6,F,BB,AI,D
14:48:22,UNVR,RG,4890,5,D,OD,YP,D
14:48:20,UNVR,RG,4890,2,D,OD,YP,D
14:48:19,UNVR,RG,4900,19,D,BB,AI,D
14:48:19,UNVR,RG,4900,3,D,BB,AI,D
14:48:17,UNVR,RG,4900,6,D,KK,AI,D
14:48:15,UNVR,RG,4890,1,D,OD,BB,D
14:48:15,UNVR,RG,4890,1,D,XC,BB,D
14:48:15,UNVR,RG,4890,9,D,BB,BB,D
14:48:14,UNVR,RG,4890,19,D,BB,YP,D
14:48:11,UNVR,RG,4890,3,D,BB,YP,D
14:48:11,UNVR,RG,4890,20,D,BB,BB,D
14:48:05,UNVR,RG,4900,48,D,BB,AI,D
14:48:03,UNVR,RG,4890,1,D,BB,YP,D
14:48:03,UNVR,RG,4890,3,D,XC,YP,D
14:48:03,UNVR,RG,4890,1,D,PD,YP,D
14:48:00,UNVR,RG,4890,3,D,PD,YP,D
14:47:57,UNVR,RG,4900,5,F,BB,AI,D
14:47:57,UNVR,RG,4900,109,F,BB,ZP,F
14:47:57,UNVR,RG,4900,31,F,BB,ZP,F
14:47:56,UNVR,RG,4900,76,D,AK,ZP,F
14:47:55,UNVR,RG,4890,6,D,PD,BB,D
14:47:55,UNVR,RG,4890,33,D,CC,BB,D
14:47:51,UNVR,RG,4890,10,D,CC,YP,D
14:47:45,UNVR,RG,4900,10,D,CC,ZP,F
14:47:41,UNVR,RG,4900,2,D,KK,ZP,F
14:47:38,UNVR,RG,4900,1,D,CS,ZP,F
14:47:36,UNVR,RG,4890,15,D,CC,SQ,D
14:47:35,UNVR,RG,4900,1,D,CS,ZP,F
14:47:34,UNVR,RG,4890,42,D,CC,DR,D
14:47:34,UNVR,RG,4890,1,D,XC,DR,D
14:47:34,UNVR,RG,4890,7,D,BB,DR,D
14:47:34,UNVR,RG,4890,1,D,BB,DR,D
14:47:32,UNVR,RG,4900,1,D,CS,ZP,F
14:47:31,UNVR,RG,4890,10,D,SQ,DH,D
14:47:31,UNVR,RG,4890,1,D,KK,DH,D
14:47:31,UNVR,RG,4890,42,D,BB,DH,D
14:47:31,UNVR,RG,4890,146,F,BB,DH,D
14:47:31,UNVR,RG,4890,1,D,YP,DH,D
14:47:28,UNVR,RG,4900,2,D,PD,ZP,F
14:47:28,UNVR,RG,4900,1,D,PD,ZP,F
14:47:28,UNVR,RG,4900,786,D,PD,YU,D
14:47:28,UNVR,RG,4900,400,D,PD,YU,D
14:47:28,UNVR,RG,4900,64,D,PD,YU,D
14:47:28,UNVR,RG,4900,38,D,PD,BB,D
14:47:28,UNVR,RG,4900,121,D,PD,EP,D
14:47:28,UNVR,RG,4900,29,D,PD,EP,D
14:47:28,UNVR,RG,4900,1,D,PD,ZP,F
14:47:28,UNVR,RG,4900,1,D,PD,KK,D
14:47:28,UNVR,RG,4900,1,D,PD,XL,D
14:47:28,UNVR,RG,4900,35,D,PD,PD,D
14:47:28,UNVR,RG,4900,55,D,PD,ZP,F
14:47:28,UNVR,RG,4900,16,D,PD,ZP,F
14:47:28,UNVR,RG,4900,21,D,PD,ZP,F
14:47:28,UNVR,RG,4900,90,D,PD,SQ,D
14:47:28,UNVR,RG,4900,3,D,PD,ZP,F
14:47:28,UNVR,RG,4900,10,D,PD,KK,D
14:47:28,UNVR,RG,4900,10,D,PD,CC,D
14:47:28,UNVR,RG,4900,2,D,PD,XC,D
14:47:28,UNVR,RG,4900,13,D,PD,YP,D
14:47:28,UNVR,RG,4900,1,D,PD,XC,D
14:47:28,UNVR,RG,4900,1,D,PD,CC,D
14:47:28,UNVR,RG,4900,85,D,PD,PD,D
14:47:28,UNVR,RG,4900,1,D,PD,XC,D
14:47:28,UNVR,RG,4900,1,D,PD,YP,D
14:47:28,UNVR,RG,4900,5,D,PD,CC,D
14:47:28,UNVR,RG,4900,1,D,PD,KK,D
14:47:28,UNVR,RG,4900,153,D,PD,CC,D
14:47:28,UNVR,RG,4900,12,D,PD,CC,D
14:47:28,UNVR,RG,4900,42,D,PD,CC,D
14:47:26,UNVR,RG,4900,2,D,CS,CC,D
14:47:25,UNVR,RG,4890,1,D,YP,XC,D
14:47:25,UNVR,RG,4890,13,D,YP,CC,D
14:47:25,UNVR,RG,4890,10,D,SQ,CC,D
14:47:25,UNVR,RG,4890,2,D,YP,CC,D
14:47:25,UNVR,RG,4890,1,D,PD,CC,D
14:47:25,UNVR,RG,4890,1,D,PD,CC,D
14:47:25,UNVR,RG,4890,20,D,CC,CC,D
14:47:25,UNVR,RG,4890,3,F,ZP,CC,D
14:47:25,UNVR,RG,4890,10,D,CC,CC,D
14:47:24,UNVR,RG,4890,30,D,CC,SQ,D
14:47:22,UNVR,RG,4900,103,D,BB,CC,D
14:47:22,UNVR,RG,4890,4,D,CC,SQ,D
14:47:22,UNVR,RG,4890,4,D,YP,SQ,D
14:47:22,UNVR,RG,4890,2,D,LG,SQ,D
14:47:22,UNVR,RG,4890,1,D,YP,SQ,D
14:47:22,UNVR,RG,4890,9,D,AK,SQ,D
14:47:21,UNVR,RG,4890,55,D,AK,CC,D
14:47:18,UNVR,RG,4890,3,D,AK,SQ,D
14:47:18,UNVR,RG,4890,11,F,AK,SQ,D
14:47:18,UNVR,RG,4890,1,D,PD,SQ,D
14:47:18,UNVR,RG,4890,1,D,NI,SQ,D
14:47:18,UNVR,RG,4890,10,D,PD,SQ,D
14:47:18,UNVR,RG,4890,2,D,CS,SQ,D
14:47:18,UNVR,RG,4890,4,F,AK,SQ,D
14:47:18,UNVR,RG,4890,4,F,AK,SQ,D
14:47:18,UNVR,RG,4890,1,D,PD,SQ,D
14:47:18,UNVR,RG,4890,1,D,PD,SQ,D
14:47:18,UNVR,RG,4890,1,D,PD,SQ,D
14:47:18,UNVR,RG,4890,1,D,PD,SQ,D
14:47:18,UNVR,RG,4890,10,F,AK,SQ,D
14:47:16,UNVR,RG,4890,8,F,AK,CC,D
14:47:16,UNVR,RG,4890,53,D,AK,CC,D
14:47:16,UNVR,RG,4890,1,D,NI,CC,D
14:47:16,UNVR,RG,4890,30,D,EP,CC,D
14:47:16,UNVR,RG,4890,1,D,XC,CC,D
14:47:16,UNVR,RG,4890,7,F,BK,CC,D
14:47:15,UNVR,RG,4900,3,D,KK,CC,D
14:47:13,UNVR,RG,4900,2,D,CS,CC,D
14:47:13,UNVR,RG,4900,1,D,CS,CC,D
14:47:13,UNVR,RG,4890,13,F,BK,SQ,D
14:47:12,UNVR,RG,4890,61,F,BK,CC,D
14:47:12,UNVR,RG,4890,15,D,CC,CC,D
14:47:12,UNVR,RG,4890,124,F,BK,CC,D
14:47:08,UNVR,RG,4890,5,F,BK,SQ,D
14:47:05,UNVR,RG,4890,16,F,BK,SQ,D
14:47:05,UNVR,RG,4900,18,F,BK,CC,D
14:47:05,UNVR,RG,4900,2,D,CS,CC,D
14:47:00,UNVR,RG,4900,6,F,AK,CC,D
14:46:58,UNVR,RG,4900,224,F,BB,CC,D
14:46:57,UNVR,RG,4890,3,F,BK,XC,D
14:46:56,UNVR,RG,4900,15,D,ZP,CC,D
14:46:54,UNVR,RG,4890,2,F,BK,CC,D
14:46:54,UNVR,RG,4900,2,D,CS,CC,D
14:46:50,UNVR,RG,4890,3,F,BK,XC,D
14:46:49,UNVR,RG,4900,5,D,SQ,CC,D
14:46:46,UNVR,RG,4900,18,F,BK,CC,D
14:46:45,UNVR,RG,4900,40,D,BB,CC,D
14:46:43,UNVR,RG,4890,2,F,BK,CC,D
14:46:42,UNVR,RG,4900,217,D,AK,CC,D
14:46:41,UNVR,RG,4890,20,F,BK,YB,D
14:46:38,UNVR,RG,4890,1,F,BK,YP,D
14:46:38,UNVR,RG,4890,5,D,YP,YP,D
14:46:38,UNVR,RG,4890,1,D,BB,YP,D
14:46:38,UNVR,RG,4890,3,D,BB,YP,D
14:46:34,UNVR,RG,4900,10,D,BB,CC,D
14:46:32,UNVR,RG,4890,3,D,BB,PD,D
14:46:32,UNVR,RG,4890,2,D,BB,PD,D
14:46:30,UNVR,RG,4900,3,F,AK,CC,D
14:46:30,UNVR,RG,4890,1,D,BB,YU,F
14:46:27,UNVR,RG,4900,18,F,BK,CC,D
14:46:27,UNVR,RG,4890,3,D,BB,PD,D
14:46:27,UNVR,RG,4890,4,F,BB,PD,D
14:46:25,UNVR,RG,4900,17,F,BK,CC,D
14:46:23,UNVR,RG,4890,1,F,BB,LG,D
14:46:21,UNVR,RG,4890,10,F,BB,AT,D
14:46:18,UNVR,RG,4900,18,F,BK,CC,D
14:46:17,UNVR,RG,4890,8,F,BB,DR,D
14:46:15,UNVR,RG,4890,1,F,BB,NI,D
14:46:15,UNVR,RG,4890,3,D,CS,NI,D
14:46:12,UNVR,RG,4890,1,D,CS,CP,D
14:46:12,UNVR,RG,4890,1,D,CS,CP,D
14:46:11,UNVR,RG,4890,1,D,CS,XC,D
14:46:09,UNVR,RG,4890,1,D,CS,YP,D
14:46:09,UNVR,RG,4890,9,D,CC,YP,D
14:46:09,UNVR,RG,4900,5,F,ZP,CC,D
14:46:09,UNVR,RG,4900,3,D,CS,CC,D
14:46:08,UNVR,RG,4900,61,F,BB,CC,D
14:46:08,UNVR,RG,4900,98,F,BB,BB,D
14:46:08,UNVR,RG,4900,20,F,BB,TP,D
14:46:08,UNVR,RG,4900,1,F,BB,CC,D
14:46:08,UNVR,RG,4900,15,F,BB,CC,D
14:46:08,UNVR,RG,4900,1,F,BB,XC,D
14:46:08,UNVR,RG,4900,1,F,BB,NI,D
14:46:08,UNVR,RG,4900,17,F,BB,SQ,D
14:46:08,UNVR,RG,4900,31,F,BB,PD,D
14:46:08,UNVR,RG,4890,84,D,CC,BB,D
14:46:08,UNVR,RG,4890,1,D,CC,PD,D
14:46:07,UNVR,RG,4900,4,D,NI,PD,D
14:46:05,UNVR,RG,4890,1,D,CC,NI,D
14:46:01,UNVR,RG,4900,18,F,BK,PD,D
14:45:59,UNVR,RG,4900,47,D,MG,PD,D
14:45:59,UNVR,RG,4900,2,D,MG,HP,D
14:45:59,UNVR,RG,4900,2,D,MG,DX,D
14:45:59,UNVR,RG,4900,43,D,MG,XC,D
14:45:59,UNVR,RG,4900,69,D,MG,SQ,D
14:45:59,UNVR,RG,4900,30,D,MG,SQ,D
14:45:59,UNVR,RG,4900,7,D,MG,PD,D
14:45:59,UNVR,RG,4900,45,D,BB,PD,D
14:45:57,UNVR,RG,4900,1,D,PD,PD,D
14:45:56,UNVR,RG,4900,18,F,BK,PD,D
14:45:54,UNVR,RG,4900,3,D,CS,PD,D
14:45:50,UNVR,RG,4890,2,D,CC,NI,D
14:45:48,UNVR,RG,4900,17,F,BK,PD,D
14:45:48,UNVR,RG,4900,1,F,BK,EP,D
14:45:42,UNVR,RG,4900,5,D,BB,EP,D
14:45:42,UNVR,RG,4900,1,D,BB,YP,D
14:45:42,UNVR,RG,4900,3,D,BB,XC,D
14:45:42,UNVR,RG,4900,50,D,BB,SQ,D
14:45:42,UNVR,RG,4900,10,D,BB,CC,D
14:45:42,UNVR,RG,4900,26,D,BB,SQ,D
14:45:39,UNVR,RG,4890,5,D,CC,KK,D
14:45:39,UNVR,RG,4890,1,D,CC,ZP,F
14:45:39,UNVR,RG,4890,62,D,CC,AK,F
14:45:39,UNVR,RG,4890,32,D,CC,YP,D
14:45:39,UNVR,RG,4890,3,D,CC,KK,D
14:45:39,UNVR,RG,4890,2,D,YP,KK,D
14:45:39,UNVR,RG,4890,15,D,YP,ZP,F
14:45:38,UNVR,RG,4890,9,D,BB,ZP,F
14:45:38,UNVR,RG,4890,2,D,CS,ZP,F
14:45:37,UNVR,RG,4890,28,F,AK,ZP,F
14:45:37,UNVR,RG,4890,6,F,AK,ZP,F
14:45:36,UNVR,RG,4890,6,D,XC,ZP,F
14:45:36,UNVR,RG,4890,33,F,AK,ZP,F
14:45:36,UNVR,RG,4890,17,F,AK,ZP,F
14:45:36,UNVR,RG,4890,3,F,AK,YP,D
14:45:36,UNVR,RG,4890,10,F,AK,ZP,F
14:45:36,UNVR,RG,4890,17,F,BK,ZP,F
14:45:34,UNVR,RG,4890,25,D,AZ,ZP,F
14:45:34,UNVR,RG,4890,3,D,AZ,ZP,F
14:45:34,UNVR,RG,4890,45,D,YB,ZP,F
14:45:33,UNVR,RG,4890,9,F,AK,ZP,F
14:45:33,UNVR,RG,4890,2,F,AK,NI,D
14:45:33,UNVR,RG,4890,1,F,AK,ZP,F
14:45:33,UNVR,RG,4890,50,F,AK,SQ,D
14:45:33,UNVR,RG,4890,5,F,AK,PD,D
14:45:33,UNVR,RG,4890,100,F,AK,YP,D
14:45:33,UNVR,RG,4890,41,F,AK,DX,F
14:45:33,UNVR,RG,4890,200,F,AK,DX,F
14:45:33,UNVR,RG,4890,5,F,AK,CC,D
14:45:33,UNVR,RG,4890,2,F,AK,PD,D
14:45:33,UNVR,RG,4890,15,F,AK,EP,D
14:45:33,UNVR,RG,4890,1,F,AK,OD,D
14:45:33,UNVR,RG,4890,1,F,AK,ZP,F
14:45:33,UNVR,RG,4890,28,F,AK,SQ,D
14:45:32,UNVR,RG,4890,3,D,PD,SQ,D
14:45:32,UNVR,RG,4890,19,D,PD,SQ,D
14:45:32,UNVR,RG,4890,24,D,PD,YP,D
14:45:32,UNVR,RG,4890,66,D,PD,ZP,F
14:45:32,UNVR,RG,4890,192,D,PD,DX,F
14:45:32,UNVR,RG,4890,500,D,PD,SQ,D
14:45:32,UNVR,RG,4890,1,D,PD,YP,D
14:45:32,UNVR,RG,4890,195,D,PD,DX,F
14:45:32,UNVR,RG,4890,10,D,PD,YP,D
14:45:32,UNVR,RG,4890,1,D,PD,NI,D
14:45:32,UNVR,RG,4890,1,D,PD,ZP,F
14:45:32,UNVR,RG,4890,9,D,PD,AZ,D
14:45:32,UNVR,RG,4890,21,D,PD,AK,F
14:45:32,UNVR,RG,4890,4,D,PD,CC,D
14:45:32,UNVR,RG,4890,10,D,PD,CC,D
14:45:32,UNVR,RG,4890,100,D,PD,OD,D
14:45:32,UNVR,RG,4890,25,D,PD,DX,F
14:45:32,UNVR,RG,4890,2,D,CS,DX,F
14:45:32,UNVR,RG,4890,186,D,PD,DX,F
14:45:32,UNVR,RG,4890,100,D,PD,SQ,D
14:45:32,UNVR,RG,4890,6,D,PD,BB,D
14:45:32,UNVR,RG,4890,98,D,PD,ZP,F
14:45:32,UNVR,RG,4890,1,D,PD,ZP,F
14:45:32,UNVR,RG,4890,171,D,PD,ZP,F
14:45:32,UNVR,RG,4890,37,D,PD,ZP,F
14:45:32,UNVR,RG,4890,109,D,PD,ZP,F
14:45:32,UNVR,RG,4890,31,D,PD,CC,D
14:45:32,UNVR,RG,4890,130,D,PD,SQ,D
14:45:32,UNVR,RG,4890,64,D,PD,XC,D
14:45:32,UNVR,RG,4890,31,D,PD,XC,D
14:45:32,UNVR,RG,4890,30,D,PD,SQ,D
14:45:32,UNVR,RG,4890,146,D,PD,DX,F
14:45:31,UNVR,RG,4890,91,D,PD,DX,F
14:45:31,UNVR,RG,4890,15,D,PD,PD,D
14:45:31,UNVR,RG,4890,2,D,PD,XC,D
14:45:31,UNVR,RG,4890,117,D,PD,DX,F
14:45:31,UNVR,RG,4890,74,D,PD,DX,F
14:45:31,UNVR,RG,4890,102,D,PD,YP,D
14:45:31,UNVR,RG,4890,1,D,PD,ZP,F
14:45:31,UNVR,RG,4890,50,D,PD,LS,D
14:45:31,UNVR,RG,4890,57,D,PD,ZP,F
14:45:31,UNVR,RG,4890,86,D,PD,AK,F
14:45:31,UNVR,RG,4890,19,D,PD,AK,F
14:45:31,UNVR,RG,4890,64,D,PD,AK,F
14:45:27,UNVR,RG,4890,16,F,BK,AK,F
14:45:25,UNVR,RG,4890,2,F,ZP,AK,F
14:45:25,UNVR,RG,4880,20,D,NI,ZP,F
14:45:25,UNVR,RG,4880,23,D,PD,ZP,F
14:45:23,UNVR,RG,4880,5,D,PD,TP,D
14:45:22,UNVR,RG,4890,20,F,BK,AK,F
14:45:22,UNVR,RG,4890,2,D,CS,AK,F
14:45:20,UNVR,RG,4880,7,D,PD,ZP,F
14:45:19,UNVR,RG,4880,12,D,PD,ZP,F
14:45:19,UNVR,RG,4890,232,F,BB,AK,F
14:45:17,UNVR,RG,4880,6,D,PD,XC,D
14:45:16,UNVR,RG,4880,108,D,PD,BB,D
14:45:15,UNVR,RG,4890,43,D,AK,AK,F
14:45:15,UNVR,RG,4890,23,D,AK,YU,F
14:45:15,UNVR,RG,4890,58,D,AK,ZP,F
14:45:15,UNVR,RG,4890,70,D,AK,ZP,F
14:45:14,UNVR,RG,4890,20,D,EP,ZP,F
14:45:13,UNVR,RG,4890,46,D,BB,ZP,F
14:45:11,UNVR,RG,4890,2,D,CS,ZP,F
14:45:08,UNVR,RG,4880,14,D,PD,BK,F
14:45:07,UNVR,RG,4880,4,D,PD,YB,D
14:45:06,UNVR,RG,4880,26,D,PD,YP,D
14:45:06,UNVR,RG,4880,3,D,KK,YP,D
14:45:06,UNVR,RG,4880,1,D,YP,YP,D
14:45:06,UNVR,RG,4880,20,D,KK,YP,D
14:45:06,UNVR,RG,4890,16,F,BK,ZP,F
14:45:05,UNVR,RG,4880,1,D,KK,PD,D
14:45:05,UNVR,RG,4880,9,D,DR,PD,D
14:45:05,UNVR,RG,4890,16,F,BK,ZP,F
14:45:03,UNVR,RG,4880,3,D,DR,AZ,D
14:45:01,UNVR,RG,4880,38,D,DR,YP,D
14:45:01,UNVR,RG,4880,12,D,LS,YP,D
14:45:00,UNVR,RG,4890,17,F,BK,ZP,F
14:45:00,UNVR,RG,4890,2,D,CS,ZP,F
14:44:53,UNVR,RG,4880,28,D,LS,AI,D
14:44:53,UNVR,RG,4880,1,D,LG,AI,D
14:44:53,UNVR,RG,4880,101,D,NI,AI,D
14:44:50,UNVR,RG,4890,3,D,CS,ZP,F
14:44:47,UNVR,RG,4890,9,D,BB,ZP,F
14:44:45,UNVR,RG,4890,15,F,BK,ZP,F
14:44:44,UNVR,RG,4880,1,D,NI,PD,D
14:44:44,UNVR,RG,4890,1,D,PD,ZP,F
14:44:43,UNVR,RG,4890,3,D,AZ,ZP,F
14:44:43,UNVR,RG,4890,22,D,AZ,ZP,F
14:44:43,UNVR,RG,4890,1,D,DH,ZP,F
14:44:37,UNVR,RG,4890,16,F,BK,ZP,F
14:44:37,UNVR,RG,4890,2,F,BK,DX,F
14:44:35,UNVR,RG,4890,2,D,PD,DX,F
14:44:33,UNVR,RG,4890,3,D,PD,DX,F
14:44:32,UNVR,RG,4890,241,F,BB,DX,F
14:44:31,UNVR,RG,4890,16,F,BK,DX,F
14:44:31,UNVR,RG,4890,3,D,CS,DX,F
14:44:31,UNVR,RG,4880,98,D,NI,AK,F
14:44:31,UNVR,RG,4880,2,D,PD,AK,F
14:44:31,UNVR,RG,4880,10,D,CC,AK,F
14:44:31,UNVR,RG,4880,1,D,CC,AK,F
14:44:31,UNVR,RG,4880,2,D,EP,AK,F
14:44:31,UNVR,RG,4880,50,D,YP,AK,F
14:44:31,UNVR,RG,4880,25,D,YP,AK,F
14:44:31,UNVR,RG,4880,1,D,XC,AK,F
14:44:31,UNVR,RG,4880,14,D,YP,AK,F
14:44:31,UNVR,RG,4880,3,D,TP,AK,F
14:44:31,UNVR,RG,4880,1,D,YP,AK,F
14:44:31,UNVR,RG,4880,1,D,LG,AK,F
14:44:31,UNVR,RG,4880,1,D,YP,AK,F
14:44:31,UNVR,RG,4880,3,D,SQ,AK,F
14:44:31,UNVR,RG,4880,1,D,YP,AK,F
14:44:31,UNVR,RG,4880,20,D,XC,AK,F
14:44:31,UNVR,RG,4880,21,D,DR,AK,F
14:44:30,UNVR,RG,4880,388,D,DR,CC,F
14:44:28,UNVR,RG,4890,10,D,XL,DX,F
14:44:27,UNVR,RG,4890,45,D,BB,DX,F
14:44:25,UNVR,RG,4890,18,F,BK,DX,F
14:44:22,UNVR,RG,4890,21,D,PD,DX,F
14:44:20,UNVR,RG,4880,81,D,DR,YP,D
14:44:19,UNVR,RG,4880,10,D,DR,BB,D
14:44:19,UNVR,RG,4880,1,D,XC,BB,D
14:44:19,UNVR,RG,4880,2,D,XL,BB,D
14:44:19,UNVR,RG,4880,2,D,CC,BB,D
14:44:19,UNVR,RG,4880,30,D,AI,BB,D
14:44:19,UNVR,RG,4880,1,D,XC,BB,D
14:44:19,UNVR,RG,4880,5,D,TP,BB,D
14:44:19,UNVR,RG,4880,1,D,YP,BB,D
14:44:19,UNVR,RG,4880,10,D,CC,BB,D
14:44:19,UNVR,RG,4880,5,D,YB,BB,D
14:44:19,UNVR,RG,4880,15,D,DR,BB,D
14:44:19,UNVR,RG,4880,1,D,CC,BB,D
14:44:19,UNVR,RG,4880,25,D,NI,BB,D
14:44:19,UNVR,RG,4880,1,D,PD,BB,D
14:44:19,UNVR,RG,4880,1,D,YP,BB,D
14:44:19,UNVR,RG,4880,4,D,YP,BB,D
14:44:19,UNVR,RG,4880,10,D,YP,XC,D
14:44:17,UNVR,RG,4880,15,D,YP,ZP,D
14:44:16,UNVR,RG,4880,21,D,YP,ZP,F
14:44:16,UNVR,RG,4880,1,D,YP,ZP,F
14:44:16,UNVR,RG,4880,6,D,YP,ZP,F
14:44:16,UNVR,RG,4880,50,D,YB,ZP,F
14:44:16,UNVR,RG,4880,95,D,NI,ZP,F
14:44:11,UNVR,RG,4890,2,D,CS,DX,F
14:44:08,UNVR,RG,4890,2,D,XC,DX,F
14:44:03,UNVR,RG,4890,1,D,XL,DX,F
14:44:01,UNVR,RG,4890,3,D,CS,DX,F
14:44:00,UNVR,RG,4880,1,D,NI,CC,F
14:43:56,UNVR,RG,4890,2,F,KK,DX,F
14:43:55,UNVR,RG,4880,1,D,NI,YP,D
14:43:55,UNVR,RG,4890,91,D,BB,DX,F
14:43:55,UNVR,RG,4890,7,D,BB,DX,F
14:43:52,UNVR,RG,4880,16,D,NI,GR,D
14:43:52,UNVR,RG,4880,5,D,NI,GR,D
14:43:52,UNVR,RG,4880,25,F,YU,GR,D
14:43:52,UNVR,RG,4880,4,D,LG,GR,D
14:43:51,UNVR,RG,4890,9,D,XC,DX,F
14:43:43,UNVR,RG,4890,100,D,YP,DX,F
14:43:43,UNVR,RG,4890,261,F,BB,DX,F
14:43:42,UNVR,RG,4890,45,D,BB,DX,F
14:43:41,UNVR,RG,4890,4,D,CS,DX,F
14:43:33,UNVR,RG,4890,2,D,AT,DX,F
14:43:31,UNVR,RG,4880,15,D,LG,PD,D
14:43:30,UNVR,RG,4880,4,D,LG,XC,D
14:43:30,UNVR,RG,4880,10,D,LG,YP,D
14:43:25,UNVR,RG,4880,67,D,LG,AK,F
14:43:25,UNVR,RG,4880,10,D,XC,AK,F
14:43:25,UNVR,RG,4880,2,D,NI,AK,F
14:43:25,UNVR,RG,4880,2,D,LG,AK,F
14:43:25,UNVR,RG,4880,1,D,SQ,AK,F
14:43:25,UNVR,RG,4880,5,D,IF,AK,F
14:43:25,UNVR,RG,4880,10,D,IF,AK,F
14:43:25,UNVR,RG,4880,1,D,YP,AK,F
14:43:25,UNVR,RG,4880,148,D,CP,AK,F
14:43:24,UNVR,RG,4890,204,D,MK,DX,F
14:43:20,UNVR,RG,4890,2,D,CS,DX,F
14:43:20,UNVR,RG,4880,1,D,CP,PD,D
14:43:17,UNVR,RG,4880,5,D,CP,XC,D
14:43:16,UNVR,RG,4890,1,D,MG,DX,F
14:43:10,UNVR,RG,4890,1,D,PD,DX,F
14:43:10,UNVR,RG,4890,393,D,PD,DX,F
14:43:10,UNVR,RG,4890,200,D,PD,DX,F
14:43:10,UNVR,RG,4890,112,D,PD,DX,F
14:43:10,UNVR,RG,4890,69,D,PD,DX,F
14:43:10,UNVR,RG,4890,31,D,PD,DX,F
14:43:10,UNVR,RG,4890,44,D,PD,ZP,F
14:43:10,UNVR,RG,4890,18,D,PD,ZP,F
14:43:10,UNVR,RG,4890,50,D,PD,ZP,F
14:43:10,UNVR,RG,4890,6,D,PD,BB,D
14:43:10,UNVR,RG,4890,4,D,PD,XC,D
14:43:10,UNVR,RG,4890,1,D,PD,ZP,F
14:43:10,UNVR,RG,4890,20,D,PD,SQ,D
14:43:10,UNVR,RG,4890,1,D,PD,YP,D
14:43:10,UNVR,RG,4890,2,D,PD,BK,F
14:43:10,UNVR,RG,4890,19,D,PD,ZP,F
14:43:10,UNVR,RG,4890,2,D,PD,PD,D
14:43:09,UNVR,RG,4890,6,D,PD,PD,D
14:43:09,UNVR,RG,4890,21,D,PD,PD,D
14:43:08,UNVR,RG,4890,10,D,BB,PD,D
14:43:07,UNVR,RG,4890,3,D,CS,PD,D
14:43:06,UNVR,RG,4880,96,D,CP,OK,D
14:43:06,UNVR,RG,4880,2,D,CC,OK,D
14:43:06,UNVR,RG,4880,100,D,CP,OK,D
14:43:06,UNVR,RG,4880,2,D,EP,OK,D
14:43:00,UNVR,RG,4880,8,D,EP,AK,F
14:43:00,UNVR,RG,4880,1,D,XC,AK,F
14:43:00,UNVR,RG,4880,2,D,YP,AK,F
14:43:00,UNVR,RG,4880,2,D,PD,AK,F
14:43:00,UNVR,RG,4880,50,D,YP,AK,F
14:43:00,UNVR,RG,4880,10,D,GR,AK,F
14:43:00,UNVR,RG,4880,1,D,LG,AK,F
14:43:00,UNVR,RG,4880,2,D,LG,AK,F
14:43:00,UNVR,RG,4880,10,D,PD,AK,F
14:43:00,UNVR,RG,4880,1,D,GR,AK,F
14:43:00,UNVR,RG,4880,100,D,DR,AK,F
14:43:00,UNVR,RG,4880,1,D,XC,AK,F
14:43:00,UNVR,RG,4880,19,D,CP,AK,F
14:42:59,UNVR,RG,4890,18,D,PD,PD,D
14:42:59,UNVR,RG,4890,60,D,PD,SQ,D
14:42:59,UNVR,RG,4890,26,D,PD,CC,F
14:42:57,UNVR,RG,4890,14,D,BB,CC,F
14:42:53,UNVR,RG,4880,10,D,CP,DR,D
14:42:51,UNVR,RG,4890,3,D,CS,CC,F
14:42:51,UNVR,RG,4890,143,F,BB,CC,F
14:42:48,UNVR,RG,4880,10,D,CP,YP,D
14:42:46,UNVR,RG,4880,2,D,CP,PD,D
14:42:41,UNVR,RG,4880,18,D,CP,AZ,D
14:42:30,UNVR,RG,4880,10,D,CP,NI,D
14:42:29,UNVR,RG,4890,1,D,YP,CC,F
14:42:29,UNVR,RG,4890,3,D,CS,CC,F
14:42:27,UNVR,RG,4890,1,D,YP,CC,F
14:42:25,UNVR,RG,4880,100,D,CP,YP,D
14:42:15,UNVR,RG,4880,20,D,CP,ZP,D
14:42:14,UNVR,RG,4880,11,D,CP,CC,D
14:42:14,UNVR,RG,4880,1,D,YP,CC,D
14:42:14,UNVR,RG,4880,2,D,CC,CC,D
14:42:14,UNVR,RG,4880,1,D,LG,CC,D
14:42:14,UNVR,RG,4880,1,D,DH,CC,D
14:42:14,UNVR,RG,4880,1,D,NI,CC,D
14:42:14,UNVR,RG,4880,3,D,CD,CC,D
14:42:14,UNVR,RG,4880,20,D,CP,CC,D
14:42:14,UNVR,RG,4890,1,D,XL,CC,F
14:42:13,UNVR,RG,4890,98,D,BB,CC,F
14:42:13,UNVR,RG,4890,4,D,BB,ZP,F
14:42:13,UNVR,RG,4890,23,D,BB,AK,F
14:42:11,UNVR,RG,4880,9,D,CP,XC,D
14:42:10,UNVR,RG,4880,2,D,CP,YP,D
14:42:09,UNVR,RG,4890,36,D,PD,AK,F
14:42:09,UNVR,RG,4890,3,D,PD,AK,F
14:42:09,UNVR,RG,4890,36,D,PD,YU,F
14:42:09,UNVR,RG,4890,17,D,PD,ZP,F
14:42:09,UNVR,RG,4890,8,D,PD,ZP,F
14:42:07,UNVR,RG,4880,127,D,CP,KK,D
14:42:04,UNVR,RG,4880,4,D,CP,YP,D
14:42:03,UNVR,RG,4890,26,D,CC,ZP,F
14:42:03,UNVR,RG,4890,1,D,LG,ZP,F
14:42:00,UNVR,RG,4880,33,D,CP,XC,D
14:41:58,UNVR,RG,4880,1,D,CP,LG,D
14:41:57,UNVR,RG,4880,4,D,CP,YP,D
14:41:57,UNVR,RG,4880,6,D,PD,YP,D
14:41:57,UNVR,RG,4880,1,D,PD,YP,D
14:41:57,UNVR,RG,4880,1,D,AN,YP,D
14:41:54,UNVR,RG,4890,250,D,NI,ZP,F
14:41:50,UNVR,RG,4890,1,D,BQ,ZP,F
14:41:49,UNVR,RG,4890,2,D,PD,ZP,F
14:41:43,UNVR,RG,4890,1,D,GR,ZP,F
14:41:42,UNVR,RG,4890,1,D,XC,ZP,F
14:41:40,UNVR,RG,4890,3,D,YP,ZP,F
14:41:39,UNVR,RG,4880,2,D,XC,CC,D
14:41:39,UNVR,RG,4880,8,D,YP,CC,D
14:41:37,UNVR,RG,4890,10,D,XC,ZP,F
14:41:37,UNVR,RG,4890,4,D,DR,ZP,F
14:41:33,UNVR,RG,4890,5,D,YP,ZP,F
14:41:32,UNVR,RG,4890,11,D,XA,ZP,F
14:41:23,UNVR,RG,4890,22,D,CC,ZP,F
14:41:23,UNVR,RG,4890,23,D,CC,SQ,D
14:41:23,UNVR,RG,4890,24,D,CC,GR,D
14:41:23,UNVR,RG,4890,15,F,BB,GR,D
14:41:23,UNVR,RG,4890,8,D,XC,GR,D
14:41:23,UNVR,RG,4890,2,D,NI,GR,D
14:41:23,UNVR,RG,4890,6,D,BB,GR,D
14:41:23,UNVR,RG,4890,1,D,BB,GR,D
14:41:23,UNVR,RG,4890,4,F,BK,GR,D
14:41:23,UNVR,RG,4890,5,D,CS,GR,D
14:41:23,UNVR,RG,4890,1,D,YP,GR,D
14:41:23,UNVR,RG,4890,22,D,BB,GR,D
14:41:23,UNVR,RG,4890,12,F,BB,GR,D
14:41:21,UNVR,RG,4890,16,F,BB,XC,D
14:41:20,UNVR,RG,4890,12,F,BB,KK,D
14:41:19,UNVR,RG,4890,10,F,BB,CC,D
14:41:19,UNVR,RG,4890,2,F,BB,YP,D
14:41:17,UNVR,RG,4890,21,F,BB,SQ,D
14:41:16,UNVR,RG,4890,16,F,BB,CC,D
14:41:16,UNVR,RG,4890,3,F,AK,CC,D
14:41:16,UNVR,RG,4890,15,F,BK,CC,D
14:41:16,UNVR,RG,4890,5,D,PD,CC,D
14:41:16,UNVR,RG,4890,12,F,BK,CC,D
14:41:16,UNVR,RG,4890,3,D,YP,CC,D
14:41:16,UNVR,RG,4890,2,D,XC,CC,D
14:41:16,UNVR,RG,4890,17,D,BB,CC,D
14:41:16,UNVR,RG,4890,67,D,BB,CC,D
14:41:16,UNVR,RG,4890,9,D,CS,CC,D
14:41:16,UNVR,RG,4890,51,D,YP,CC,D
14:41:15,UNVR,RG,4890,149,D,YP,AK,F
14:41:15,UNVR,RG,4890,1,D,XC,AK,F
14:41:15,UNVR,RG,4890,1,D,XL,AK,F
14:41:15,UNVR,RG,4890,1,D,YP,AK,F
14:41:15,UNVR,RG,4890,17,D,BQ,AK,F
14:41:15,UNVR,RG,4890,6,D,IU,AK,F
14:41:14,UNVR,RG,4890,281,D,IU,CC,D
14:41:14,UNVR,RG,4890,4,F,AK,CC,D
14:41:14,UNVR,RG,4890,5,D,CC,CC,D
14:41:14,UNVR,RG,4890,10,D,YP,CC,D
14:41:14,UNVR,RG,4890,11,F,ZP,CC,D
14:41:14,UNVR,RG,4890,10,D,NI,CC,D
14:41:14,UNVR,RG,4890,10,D,CC,CC,D
14:41:14,UNVR,RG,4890,2,D,YP,CC,D
14:41:14,UNVR,RG,4890,13,D,XL,CC,D
14:41:14,UNVR,RG,4890,2,D,HP,CC,D
14:41:14,UNVR,RG,4890,3,F,AK,CC,D
14:41:14,UNVR,RG,4890,22,D,BB,CC,D
14:41:14,UNVR,RG,4890,5,D,CC,CC,D
14:41:14,UNVR,RG,4890,50,D,YP,CC,D
14:41:14,UNVR,RG,4890,1,F,AK,CC,D
14:41:14,UNVR,RG,4890,5,D,KK,CC,D
14:41:14,UNVR,RG,4890,1,D,XC,CC,D
14:41:14,UNVR,RG,4890,5,D,CC,CC,D
14:41:14,UNVR,RG,4890,1,D,XC,CC,D
14:41:14,UNVR,RG,4890,1,D,DH,CC,D
14:41:14,UNVR,RG,4890,5,D,LG,CC,D
14:41:14,UNVR,RG,4890,3,F,BB,CC,D
14:41:13,UNVR,RG,4890,90,F,BB,SQ,D
14:41:13,UNVR,RG,4890,1,F,BB,CC,D
14:41:13,UNVR,RG,4890,1,F,BB,IF,D
14:41:12,UNVR,RG,4890,164,F,BB,ZP,F
14:41:12,UNVR,RG,4890,10,F,BB,YP,D
14:41:12,UNVR,RG,4890,272,F,BB,AK,F
14:41:11,UNVR,RG,4890,155,F,BB,ZP,F
14:41:11,UNVR,RG,4890,10,D,YP,ZP,F
14:41:11,UNVR,RG,4890,9,D,SQ,ZP,F
14:41:11,UNVR,RG,4890,2,D,CC,ZP,F
14:41:11,UNVR,RG,4890,33,F,BK,ZP,F
14:41:11,UNVR,RG,4890,45,F,BB,ZP,F
14:41:11,UNVR,RG,4890,36,F,BB,ZP,F
14:41:10,UNVR,RG,4890,179,F,BB,KK,D
14:41:10,UNVR,RG,4890,3,F,AK,KK,D
14:41:10,UNVR,RG,4890,50,D,AZ,KK,D
14:41:10,UNVR,RG,4890,1,D,SQ,KK,D
14:41:10,UNVR,RG,4890,1,D,YP,KK,D
14:41:10,UNVR,RG,4890,1,D,NI,KK,D
14:41:10,UNVR,RG,4890,2,D,PD,KK,D
14:41:10,UNVR,RG,4890,69,F,BK,KK,D
14:41:10,UNVR,RG,4890,20,D,BB,KK,D
14:41:10,UNVR,RG,4890,2,D,CC,KK,D
14:41:10,UNVR,RG,4890,263,D,BB,KK,D
14:41:10,UNVR,RG,4890,3,D,CD,KK,D
14:41:10,UNVR,RG,4890,1,D,YP,KK,D
14:41:10,UNVR,RG,4890,10,D,XC,KK,D
14:41:10,UNVR,RG,4890,1,D,PD,KK,D
14:41:10,UNVR,RG,4890,29,F,BK,KK,D
14:41:10,UNVR,RG,4890,5,D,KK,KK,D
14:41:10,UNVR,RG,4890,1,D,YP,KK,D
14:41:10,UNVR,RG,4890,1,D,XC,KK,D
14:41:10,UNVR,RG,4890,50,D,SQ,KK,D
14:41:10,UNVR,RG,4890,40,D,YP,KK,D
14:41:10,UNVR,RG,4890,89,F,BK,KK,D
14:41:10,UNVR,RG,4890,1,D,XC,KK,D
14:41:10,UNVR,RG,4890,1,D,PD,KK,D
14:41:10,UNVR,RG,4890,223,D,PD,KK,D
14:41:08,UNVR,RG,4890,13,D,PD,PD,D
14:41:06,UNVR,RG,4890,1,D,PD,YP,D
14:41:04,UNVR,RG,4890,25,D,PD,DX,D
14:41:04,UNVR,RG,4890,119,D,PD,XC,D
14:40:56,UNVR,RG,4890,12,D,PD,CC,D
14:40:52,UNVR,RG,4890,20,D,PD,CC,D
14:40:50,UNVR,RG,4890,4,D,PD,XC,D
14:40:49,UNVR,RG,4890,30,D,PD,GR,D
14:40:39,UNVR,RG,4900,74,D,CC,SQ,D
14:40:39,UNVR,RG,4900,1,D,CC,ZP,F
14:40:39,UNVR,RG,4900,187,D,CC,BB,D
14:40:38,UNVR,RG,4900,1,D,XC,BB,D
14:40:38,UNVR,RG,4890,146,D,PD,AK,F
14:40:38,UNVR,RG,4890,59,D,PD,AK,F
14:40:38,UNVR,RG,4890,16,D,PD,AK,F
14:40:38,UNVR,RG,4890,36,D,PD,AI,D
14:40:38,UNVR,RG,4890,69,D,PD,AI,D
14:40:38,UNVR,RG,4890,75,D,PD,AI,D
14:40:38,UNVR,RG,4890,123,D,PD,AI,D
14:40:38,UNVR,RG,4890,6,D,PD,AI,D
14:40:38,UNVR,RG,4890,21,D,PD,AI,D
14:40:38,UNVR,RG,4890,1,D,XC,AI,D
14:40:38,UNVR,RG,4890,20,D,DH,AI,D
14:40:38,UNVR,RG,4890,27,F,BK,AI,D
14:40:38,UNVR,RG,4890,1,D,PD,AI,D
14:40:38,UNVR,RG,4890,25,D,YP,AI,D
14:40:38,UNVR,RG,4890,10,D,NI,AI,D
14:40:38,UNVR,RG,4890,1,D,CC,AI,D
14:40:38,UNVR,RG,4890,1,D,KK,AI,D
14:40:38,UNVR,RG,4890,19,D,YP,AI,D
14:40:38,UNVR,RG,4890,10,D,YP,AI,D
14:40:38,UNVR,RG,4890,1,D,YU,AI,D
14:40:38,UNVR,RG,4890,63,F,AK,AI,D
14:40:38,UNVR,RG,4890,80,D,AZ,AI,D
14:40:38,UNVR,RG,4890,2,D,EP,AI,D
14:40:38,UNVR,RG,4890,1,D,XC,AI,D
14:40:38,UNVR,RG,4890,52,D,PD,AI,D
14:40:38,UNVR,RG,4890,5,D,AZ,AI,D
14:40:38,UNVR,RG,4890,1,D,YP,AI,D
14:40:38,UNVR,RG,4890,1,D,YP,AI,D
14:40:38,UNVR,RG,4890,1,D,DR,AI,D
14:40:38,UNVR,RG,4890,1,D,YU,AI,D
14:40:38,UNVR,RG,4890,4,D,XC,AI,D
14:40:38,UNVR,RG,4890,10,D,CC,AI,D
14:40:38,UNVR,RG,4890,5,D,YP,AI,D
14:40:38,UNVR,RG,4890,1,D,YP,AI,D
14:40:38,UNVR,RG,4890,35,F,AK,AI,D
14:40:38,UNVR,RG,4890,2,D,XC,AI,D
14:40:38,UNVR,RG,4890,3,D,YP,AI,D
14:40:38,UNVR,RG,4890,10,D,NI,AI,D
14:40:38,UNVR,RG,4890,1,D,XC,AI,D
14:40:38,UNVR,RG,4890,5,D,SQ,AI,D
14:40:38,UNVR,RG,4890,15,F,AK,AI,D
14:40:38,UNVR,RG,4890,1,D,XL,AI,D
14:40:38,UNVR,RG,4890,5,D,CS,AI,D
14:40:38,UNVR,RG,4890,3,F,AK,AI,D
14:40:38,UNVR,RG,4890,27,F,BK,AI,D
14:40:38,UNVR,RG,4890,2,F,ZP,AI,D
14:40:38,UNVR,RG,4890,10,D,YP,AI,D
14:40:38,UNVR,RG,4890,60,F,BK,AI,D
14:40:38,UNVR,RG,4890,10,D,PD,AI,D
14:40:38,UNVR,RG,4890,10,D,MK,AI,D
14:40:38,UNVR,RG,4890,1,D,KK,AI,D
14:40:38,UNVR,RG,4890,1,D,YP,AI,D
14:40:38,UNVR,RG,4890,2,D,PD,AI,D
14:40:38,UNVR,RG,4890,1,D,XC,AI,D
14:40:38,UNVR,RG,4890,5,D,CC,AI,D
14:40:38,UNVR,RG,4890,10,D,EP,AI,D
14:40:38,UNVR,RG,4890,1,D,YP,AI,D
14:40:38,UNVR,RG,4890,1,D,XC,AI,D
14:40:38,UNVR,RG,4890,1,D,AZ,AI,D
14:40:38,UNVR,RG,4890,2,D,CC,AI,D
14:40:38,UNVR,RG,4890,353,D,PD,AI,D
14:40:37,UNVR,RG,4890,30,D,PD,NI,D
14:40:35,UNVR,RG,4900,2,D,CC,BB,D
14:40:34,UNVR,RG,4900,8,D,BB,BB,D
14:40:33,UNVR,RG,4900,1,D,EP,BB,D
14:40:28,UNVR,RG,4890,10,D,PD,AK,F
14:40:28,UNVR,RG,4890,137,D,PD,AK,F
14:40:26,UNVR,RG,4890,62,D,PD,BQ,D
14:40:26,UNVR,RG,4890,111,D,PD,BQ,D
14:40:26,UNVR,RG,4890,69,D,PD,BQ,D
14:40:26,UNVR,RG,4890,75,D,PD,BQ,D
14:40:26,UNVR,RG,4890,60,D,PD,BQ,D
14:40:26,UNVR,RG,4900,5,D,CC,BB,D
14:40:22,UNVR,RG,4900,1,D,PD,BB,D
14:40:20,UNVR,RG,4890,1,D,PD,XC,D
14:40:18,UNVR,RG,4890,1,D,PD,YP,D
14:40:18,UNVR,RG,4900,4,D,CS,BB,D
14:40:17,UNVR,RG,4890,19,D,PD,YP,D
14:40:17,UNVR,RG,4890,17,D,PD,YP,D
14:40:17,UNVR,RG,4890,1,D,PD,YP,D
14:39:59,UNVR,RG,4900,1,D,EP,BB,D
14:39:57,UNVR,RG,4900,3,D,CS,BB,D
14:39:57,UNVR,RG,4900,15,D,CC,BB,D
14:39:52,UNVR,RG,4890,2,D,PD,HP,D
14:39:51,UNVR,RG,4900,20,D,YP,BB,D
14:39:49,UNVR,RG,4900,2,D,XC,BB,D
14:39:46,UNVR,RG,4900,3,D,XC,BB,D
14:39:45,UNVR,RG,4900,10,D,YP,BB,D
14:39:44,UNVR,RG,4900,80,D,OD,BB,D
14:39:43,UNVR,RG,4900,5,D,YP,BB,D
14:39:37,UNVR,RG,4900,3,D,CS,BB,D
14:39:35,UNVR,RG,4900,5,D,SQ,BB,D
14:39:34,UNVR,RG,4900,2,D,LG,BB,D
14:39:30,UNVR,RG,4900,123,D,CC,BB,D
14:39:30,UNVR,RG,4900,54,D,CC,ZP,F
14:39:30,UNVR,RG,4900,15,D,CC,DX,F
14:39:29,UNVR,RG,4890,1,D,PD,YP,D
14:39:26,UNVR,RG,4900,3,D,LG,DX,F
14:39:25,UNVR,RG,4890,1,D,PD,PD,D
14:39:24,UNVR,RG,4900,80,D,AZ,DX,F
14:39:20,UNVR,RG,4900,258,D,IU,DX,F
14:39:20,UNVR,RG,4900,3,D,IU,AK,F
14:39:20,UNVR,RG,4900,4,D,IU,LG,D
14:39:20,UNVR,RG,4900,255,D,IU,DX,F
14:39:20,UNVR,RG,4900,51,D,IU,AK,F
14:39:19,UNVR,RG,4890,20,D,PD,EP,D
14:39:19,UNVR,RG,4890,6,D,PD,EP,D
14:39:19,UNVR,RG,4890,4,D,PD,EP,D
14:39:17,UNVR,RG,4900,2,D,PD,AK,F
14:39:17,UNVR,RG,4900,344,D,PD,AK,F
14:39:17,UNVR,RG,4900,20,D,PD,NI,D
14:39:17,UNVR,RG,4900,1,D,PD,ZP,F
14:39:17,UNVR,RG,4900,3,D,PD,NI,D
14:39:17,UNVR,RG,4900,15,D,PD,YP,D
14:39:17,UNVR,RG,4900,103,D,PD,ZP,F
14:39:17,UNVR,RG,4900,304,D,PD,DX,F
14:39:17,UNVR,RG,4900,70,D,PD,DX,F
14:39:17,UNVR,RG,4900,1,D,PD,NI,D
14:39:17,UNVR,RG,4900,17,D,PD,CC,D
14:39:17,UNVR,RG,4900,1,D,PD,ZP,F
14:39:17,UNVR,RG,4900,1,D,PD,YU,D
14:39:17,UNVR,RG,4900,40,D,PD,SQ,D
14:39:17,UNVR,RG,4900,2,D,PD,CC,D
14:39:17,UNVR,RG,4900,5,D,PD,PD,D
14:39:17,UNVR,RG,4900,8,D,PD,YP,D
14:39:17,UNVR,RG,4900,5,D,PD,YP,D
14:39:17,UNVR,RG,4900,10,D,PD,CP,D
14:39:17,UNVR,RG,4900,35,D,PD,CC,D
14:39:17,UNVR,RG,4900,5,D,PD,XC,D
14:39:17,UNVR,RG,4900,202,D,PD,DX,F
14:39:17,UNVR,RG,4900,224,D,PD,DX,F
14:39:17,UNVR,RG,4900,102,D,PD,DX,F
14:39:17,UNVR,RG,4900,1,D,PD,ZP,F
14:39:17,UNVR,RG,4900,1,D,PD,ZP,F
14:39:17,UNVR,RG,4900,33,D,PD,ZP,F
14:39:17,UNVR,RG,4900,1,D,PD,ZP,F
14:39:17,UNVR,RG,4900,99,D,PD,ZP,F
14:39:17,UNVR,RG,4900,50,D,PD,SQ,D
14:39:17,UNVR,RG,4900,1,D,PD,ZP,F
14:39:17,UNVR,RG,4900,62,D,PD,ZP,F
14:39:17,UNVR,RG,4900,133,D,PD,ZP,F
14:39:17,UNVR,RG,4900,6,D,PD,PD,D
14:39:17,UNVR,RG,4900,2,D,PD,XC,D
14:39:17,UNVR,RG,4900,45,D,PD,BB,D
14:39:16,UNVR,RG,4900,12,D,PD,BB,D
14:39:16,UNVR,RG,4900,42,D,PD,BB,D
14:39:01,UNVR,RG,4890,17,D,PD,AK,F
14:39:01,UNVR,RG,4890,26,D,EP,AK,F
14:39:00,UNVR,RG,4890,249,D,EP,BB,D
14:38:56,UNVR,RG,4890,31,D,EP,AK,F
14:38:55,UNVR,RG,4890,1,D,EP,XC,D
14:38:54,UNVR,RG,4890,73,D,EP,YP,D
14:38:54,UNVR,RG,4890,37,F,BK,YP,D
14:38:53,UNVR,RG,4890,7,F,BK,HD,D
14:38:47,UNVR,RG,4890,13,F,BK,YP,D
14:38:47,UNVR,RG,4890,1,D,NI,YP,D
14:38:47,UNVR,RG,4890,4,F,ZP,YP,D
14:38:47,UNVR,RG,4890,3,F,AK,YP,D
14:38:47,UNVR,RG,4890,4,D,CS,YP,D
14:38:47,UNVR,RG,4890,2,F,AK,YP,D
14:38:47,UNVR,RG,4890,3,D,XC,YP,D
14:38:47,UNVR,RG,4890,1,D,YP,YP,D
14:38:47,UNVR,RG,4890,19,F,BB,YP,D
14:38:46,UNVR,RG,4900,3,D,CS,BB,D
14:38:46,UNVR,RG,4890,5,F,BB,EP,D
14:38:43,UNVR,RG,4890,21,F,BB,AK,F
14:38:42,UNVR,RG,4890,50,F,BB,CC,D
14:38:39,UNVR,RG,4900,25,D,GR,BB,D
14:38:33,UNVR,RG,4900,1,D,YP,BB,D
14:38:29,UNVR,RG,4900,20,D,XA,BB,D
14:38:26,UNVR,RG,4900,3,D,CS,BB,D
14:38:25,UNVR,RG,4890,1,F,BB,PD,D
14:38:23,UNVR,RG,4900,10,D,CC,BB,D
14:38:22,UNVR,RG,4900,10,D,XC,BB,D
14:38:20,UNVR,RG,4890,47,F,BB,AK,F
14:38:20,UNVR,RG,4890,12,D,BB,AK,F
14:38:19,UNVR,RG,4900,52,F,BB,BB,D
14:38:19,UNVR,RG,4900,6,F,BB,CC,D
14:38:19,UNVR,RG,4900,13,F,BB,YU,F
14:38:19,UNVR,RG,4900,8,F,BB,BK,F
14:38:19,UNVR,RG,4900,139,F,BB,ZP,F
14:38:19,UNVR,RG,4900,67,F,BB,ZP,F
14:38:06,UNVR,RG,4900,3,D,CS,ZP,F
14:37:59,UNVR,RG,4900,20,D,SQ,ZP,F
14:37:57,UNVR,RG,4890,7,D,BB,PD,D
14:37:45,UNVR,RG,4900,8,D,BB,ZP,F
14:37:44,UNVR,RG,4900,3,D,CS,ZP,F
14:37:40,UNVR,RG,4890,5,D,BB,PD,D
14:37:37,UNVR,RG,4890,14,D,BB,AK,F
14:37:36,UNVR,RG,4890,38,D,BB,NI,D
14:37:36,UNVR,RG,4890,8,F,BK,NI,D
14:37:30,UNVR,RG,4900,1,D,XC,ZP,F
14:37:24,UNVR,RG,4900,3,D,CS,ZP,F
14:37:22,UNVR,RG,4890,20,F,BK,AK,F
14:37:22,UNVR,RG,4890,25,F,BK,AK,F
14:37:22,UNVR,RG,4900,30,D,BB,ZP,F
14:37:22,UNVR,RG,4900,4,D,BB,ZP,F
14:37:21,UNVR,RG,4900,44,F,BB,ZP,F
14:37:21,UNVR,RG,4900,2,F,BB,KK,D
14:37:21,UNVR,RG,4900,194,F,BB,DX,F
14:37:21,UNVR,RG,4890,2,F,BK,XC,D
14:37:21,UNVR,RG,4900,10,D,DR,DX,F
14:37:18,UNVR,RG,4890,29,F,BK,AK,F
14:37:17,UNVR,RG,4900,163,D,CC,DX,F
14:37:15,UNVR,RG,4890,2,F,BK,AK,F
14:37:14,UNVR,RG,4890,2,F,BK,XC,D
14:37:14,UNVR,RG,4890,2,D,CC,XC,D
14:37:14,UNVR,RG,4900,5,D,PD,DX,F
14:37:08,UNVR,RG,4890,3,D,CC,YP,D
14:37:07,UNVR,RG,4900,1,D,YP,DX,F
14:37:01,UNVR,RG,4900,20,D,GR,DX,F
14:37:01,UNVR,RG,4890,10,D,CC,YP,D
14:37:00,UNVR,RG,4900,4,D,CS,DX,F
14:36:57,UNVR,RG,4900,1,D,YP,DX,F
14:36:57,UNVR,RG,4890,3,D,CC,XA,D
14:36:57,UNVR,RG,4900,3,D,BB,DX,F
14:36:54,UNVR,RG,4890,1,D,CC,KK,D
14:36:52,UNVR,RG,4890,31,D,CC,YB,D
14:36:52,UNVR,RG,4890,5,D,BB,YB,D
14:36:52,UNVR,RG,4890,3,D,CC,YB,D
14:36:52,UNVR,RG,4890,6,D,PD,YB,D
14:36:50,UNVR,RG,4890,4,D,PD,KK,D
14:36:50,UNVR,RG,4890,35,D,BB,KK,D
14:36:50,UNVR,RG,4890,1,D,PD,KK,D
14:36:50,UNVR,RG,4890,10,D,XA,KK,D
14:36:50,UNVR,RG,4890,1,D,XC,KK,D
14:36:50,UNVR,RG,4890,1,D,XC,KK,D
14:36:50,UNVR,RG,4890,2,D,XC,KK,D
14:36:50,UNVR,RG,4890,5,D,CC,KK,D
14:36:50,UNVR,RG,4890,1,D,CC,KK,D
14:36:50,UNVR,RG,4890,5,D,YP,KK,D
14:36:50,UNVR,RG,4890,2,D,XC,KK,D
14:36:50,UNVR,RG,4890,1,D,PD,KK,D
14:36:50,UNVR,RG,4890,2,D,XC,KK,D
14:36:50,UNVR,RG,4890,2,D,YP,KK,D
14:36:50,UNVR,RG,4890,5,D,DR,KK,D
14:36:50,UNVR,RG,4890,1,D,XC,KK,D
14:36:50,UNVR,RG,4890,13,D,YP,KK,D
14:36:50,UNVR,RG,4890,10,D,CC,KK,D
14:36:50,UNVR,RG,4890,3,D,TP,KK,D
14:36:50,UNVR,RG,4890,1,D,YP,KK,D
14:36:50,UNVR,RG,4890,1,D,LG,KK,D
14:36:50,UNVR,RG,4890,50,D,CC,KK,D
14:36:50,UNVR,RG,4890,1,D,YP,KK,D
14:36:50,UNVR,RG,4890,1,D,CC,KK,D
14:36:50,UNVR,RG,4890,30,D,NI,KK,D
14:36:50,UNVR,RG,4890,100,D,PD,KK,D
14:36:50,UNVR,RG,4890,1,D,YP,KK,D
14:36:50,UNVR,RG,4890,1,D,CC,KK,D
14:36:50,UNVR,RG,4890,1,D,CC,KK,D
14:36:50,UNVR,RG,4890,2,D,PD,KK,D
14:36:50,UNVR,RG,4890,50,D,PC,KK,D
14:36:50,UNVR,RG,4890,1,D,YP,KK,D
14:36:50,UNVR,RG,4890,1,D,GR,KK,D
14:36:50,UNVR,RG,4890,7,D,NI,KK,D
14:36:50,UNVR,RG,4890,8,D,CC,KK,D
14:36:50,UNVR,RG,4890,20,D,NI,KK,D
14:36:50,UNVR,RG,4890,5,D,XL,KK,D
14:36:50,UNVR,RG,4890,1,D,YP,KK,D
14:36:50,UNVR,RG,4890,3,D,YP,KK,D
14:36:50,UNVR,RG,4890,3,D,CC,KK,D
14:36:50,UNVR,RG,4890,1,D,CC,KK,D
14:36:50,UNVR,RG,4890,30,D,OD,KK,D
14:36:50,UNVR,RG,4890,5,D,KK,KK,D
14:36:50,UNVR,RG,4890,1,D,CC,KK,D
14:36:50,UNVR,RG,4890,6,D,XC,KK,D
14:36:50,UNVR,RG,4890,2,D,BQ,KK,D
14:36:50,UNVR,RG,4890,1,D,SQ,KK,D
14:36:50,UNVR,RG,4890,1,D,EP,KK,D
14:36:50,UNVR,RG,4890,30,D,PD,KK,D
14:36:50,UNVR,RG,4890,5,D,PD,KK,D
14:36:50,UNVR,RG,4890,75,D,FZ,KK,D
14:36:50,UNVR,RG,4890,30,D,AZ,KK,D
14:36:50,UNVR,RG,4890,50,D,YP,KK,D
14:36:50,UNVR,RG,4890,1,D,YP,KK,D
14:36:50,UNVR,RG,4890,10,D,PD,KK,D
14:36:50,UNVR,RG,4890,5,D,PD,KK,D
14:36:50,UNVR,RG,4890,1,D,SQ,KK,D
14:36:50,UNVR,RG,4890,2,D,XC,KK,D
14:36:50,UNVR,RG,4890,4,D,YP,KK,D
14:36:50,UNVR,RG,4890,1,D,LG,KK,D
14:36:50,UNVR,RG,4890,3,D,XC,KK,D
14:36:50,UNVR,RG,4890,50,D,YB,KK,D
14:36:50,UNVR,RG,4890,294,D,YJ,KK,D
14:36:49,UNVR,RG,4900,45,D,BB,DX,F
14:36:46,UNVR,RG,4890,50,D,YJ,CC,D
14:36:41,UNVR,RG,4900,2,D,YP,DX,F
14:36:37,UNVR,RG,4890,1,D,YJ,PD,D
14:36:34,UNVR,RG,4890,1,D,YJ,YP,D
14:36:33,UNVR,RG,4900,236,F,BB,DX,F
14:36:32,UNVR,RG,4900,5,D,CS,DX,F
14:36:32,UNVR,RG,4900,10,D,LG,DX,F
14:36:27,UNVR,RG,4890,5,D,YJ,XC,D
14:36:27,UNVR,RG,4900,1,D,AT,DX,F
14:36:27,UNVR,RG,4900,50,D,YP,DX,F
14:36:26,UNVR,RG,4890,12,D,YJ,XA,D
14:36:25,UNVR,RG,4890,19,D,YJ,SQ,D
14:36:18,UNVR,RG,4890,5,D,YJ,YP,D
14:36:17,UNVR,RG,4890,1,D,YJ,XC,D
14:36:15,UNVR,RG,4890,25,D,YJ,XA,D
14:36:15,UNVR,RG,4890,13,D,YJ,XC,D
14:36:12,UNVR,RG,4900,67,D,BB,DX,F
14:36:09,UNVR,RG,4900,9,D,BB,DX,F
14:36:07,UNVR,RG,4890,44,D,YJ,YB,D
14:36:04,UNVR,RG,4890,750,D,YJ,KK,D
14:36:02,UNVR,RG,4890,123,D,YJ,YP,D
14:36:02,UNVR,RG,4890,18,D,YJ,XC,D
14:36:01,UNVR,RG,4900,4,D,CS,DX,F
14:36:00,UNVR,RG,4890,407,D,YJ,BB,D
14:35:59,UNVR,RG,4890,8,D,YJ,XC,D
14:35:59,UNVR,RG,4890,1,D,YJ,XC,D
14:35:58,UNVR,RG,4890,5,D,YJ,CC,D
14:35:58,UNVR,RG,4900,49,D,BB,DX,F
14:35:57,UNVR,RG,4890,6,D,YJ,DH,D
14:35:55,UNVR,RG,4890,25,D,YJ,ZP,D
14:35:55,UNVR,RG,4900,1,D,XC,DX,F
14:35:54,UNVR,RG,4890,1,D,YJ,XL,D
14:35:47,UNVR,RG,4890,1,D,YJ,KK,D
14:35:46,UNVR,RG,4890,5,D,YJ,XC,D
14:35:45,UNVR,RG,4900,154,F,BB,DX,F
14:35:45,UNVR,RG,4900,1,F,BB,ZP,F
14:35:45,UNVR,RG,4900,10,F,BB,CC,D
14:35:45,UNVR,RG,4900,9,F,BB,XA,D
14:35:45,UNVR,RG,4900,64,F,BB,ZP,F
14:35:44,UNVR,RG,4890,10,D,YJ,SQ,D
14:35:40,UNVR,RG,4900,2,D,XC,ZP,F
14:35:38,UNVR,RG,4890,1,D,YJ,XC,D
14:35:36,UNVR,RG,4890,150,D,YJ,CC,D
14:35:33,UNVR,RG,4900,2,D,CS,ZP,F
14:35:33,UNVR,RG,4900,1,D,CS,CC,F
14:35:31,UNVR,RG,4900,100,D,CC,CC,F
14:35:30,UNVR,RG,4900,1,D,PD,CC,F
14:35:28,UNVR,RG,4890,10,D,YJ,DR,D
14:35:27,UNVR,RG,4900,10,D,IP,CC,F
14:35:19,UNVR,RG,4900,4,D,BB,CC,F
14:35:14,UNVR,RG,4900,1,D,XC,CC,F
14:35:12,UNVR,RG,4900,2,D,CC,CC,F
14:35:12,UNVR,RG,4900,1,D,XC,CC,F
14:35:07,UNVR,RG,4900,205,D,PD,CC,F
14:35:07,UNVR,RG,4900,1,D,PD,ZP,F
14:35:07,UNVR,RG,4900,2,D,PD,ZP,F
14:35:07,UNVR,RG,4900,102,D,PD,ZP,F
14:35:07,UNVR,RG,4900,111,D,PD,ZP,F
14:35:07,UNVR,RG,4900,39,D,PD,ZP,F
14:35:07,UNVR,RG,4900,40,D,PD,ZP,F
14:35:05,UNVR,RG,4900,31,D,BB,ZP,F
14:35:03,UNVR,RG,4900,7,D,BB,ZP,F
14:35:00,UNVR,RG,4890,9,D,YJ,XL,D
14:35:00,UNVR,RG,4890,10,D,KK,XL,D
14:35:00,UNVR,RG,4890,1,D,YP,XL,D
14:35:00,UNVR,RG,4890,17,D,AZ,XL,D
14:34:52,UNVR,RG,4890,2,D,AZ,AZ,D
14:34:51,UNVR,RG,4900,2,D,NI,ZP,F
14:34:51,UNVR,RG,4900,8,D,NI,CC,D
14:34:50,UNVR,RG,4890,10,D,AZ,AT,D
14:34:49,UNVR,RG,4890,1,D,AZ,KK,D
14:34:49,UNVR,RG,4900,1,D,LG,CC,D
14:34:47,UNVR,RG,4900,1,D,XL,CC,D
14:34:35,UNVR,RG,4900,5,D,YU,CC,D
14:34:35,UNVR,RG,4900,5,D,YU,AK,F
14:34:32,UNVR,RG,4900,5,D,CC,AK,F
14:34:19,UNVR,RG,4900,1,D,YP,AK,F
14:34:14,UNVR,RG,4900,1,F,ZP,AK,F
14:34:14,UNVR,RG,4900,2,D,XC,AK,F
14:34:14,UNVR,RG,4900,1,D,AG,AK,F
14:34:14,UNVR,RG,4900,1,D,XC,AK,F
14:34:14,UNVR,RG,4900,10,D,YP,AK,F
14:34:14,UNVR,RG,4900,17,F,BK,AK,F
14:34:14,UNVR,RG,4900,9,D,CS,AK,F
14:34:14,UNVR,RG,4900,20,D,KK,AK,F
14:34:14,UNVR,RG,4900,27,D,BB,AK,F
14:34:14,UNVR,RG,4900,100,D,LG,AK,F
14:34:14,UNVR,RG,4900,50,D,CC,AK,F
14:34:14,UNVR,RG,4900,1,D,CC,AK,F
14:34:14,UNVR,RG,4900,3,D,PD,AK,F
14:34:14,UNVR,RG,4900,3,D,PD,AK,F
14:34:14,UNVR,RG,4900,1,D,XL,AK,F
14:34:14,UNVR,RG,4900,227,F,BB,AK,F
14:34:14,UNVR,RG,4900,7,D,BB,AK,F
14:34:14,UNVR,RG,4900,32,D,BB,AK,F
14:34:14,UNVR,RG,4900,5,D,KK,AK,F
14:34:14,UNVR,RG,4900,1,F,ZP,AK,F
14:34:14,UNVR,RG,4900,1,D,YB,AK,F
14:34:14,UNVR,RG,4900,20,F,BK,AK,F
14:34:14,UNVR,RG,4900,1,D,XL,AK,F
14:34:14,UNVR,RG,4900,2,D,PD,AK,F
14:34:14,UNVR,RG,4900,1,D,YP,AK,F
14:34:14,UNVR,RG,4900,7,D,PD,AK,F
14:34:14,UNVR,RG,4900,2,D,XC,AK,F
14:34:14,UNVR,RG,4900,30,D,SQ,AK,F
14:34:14,UNVR,RG,4900,4,D,XC,AK,F
14:34:14,UNVR,RG,4900,10,D,XA,AK,F
14:34:14,UNVR,RG,4900,10,D,PD,AK,F
14:34:14,UNVR,RG,4900,3,D,KK,AK,F
14:34:14,UNVR,RG,4900,5,D,OD,AK,F
14:34:14,UNVR,RG,4900,1,D,PD,AK,F
14:34:14,UNVR,RG,4900,10,D,CC,AK,F
14:34:14,UNVR,RG,4900,5,D,OD,AK,F
14:34:14,UNVR,RG,4900,2,D,CC,AK,F
14:34:14,UNVR,RG,4900,5,D,YP,AK,F
14:34:14,UNVR,RG,4900,10,D,GR,AK,F
14:34:14,UNVR,RG,4900,5,D,CC,AK,F
14:34:14,UNVR,RG,4900,2,D,CC,AK,F
14:34:14,UNVR,RG,4900,40,D,PD,AK,F
14:34:14,UNVR,RG,4900,1,D,CC,AK,F
14:34:14,UNVR,RG,4900,2,D,XC,AK,F
14:34:14,UNVR,RG,4900,1,D,YP,AK,F
14:34:14,UNVR,RG,4900,1,D,NI,AK,F
14:34:14,UNVR,RG,4900,25,D,PD,AK,F
14:34:14,UNVR,RG,4900,50,D,YP,AK,F
14:34:14,UNVR,RG,4900,1,D,GR,AK,F
14:34:14,UNVR,RG,4900,1,D,CC,AK,F
14:34:14,UNVR,RG,4900,5,D,CC,AK,F
14:34:14,UNVR,RG,4900,5,D,NI,AK,F
14:34:14,UNVR,RG,4900,1,D,XC,AK,F
14:34:14,UNVR,RG,4900,1,D,YP,AK,F
14:34:14,UNVR,RG,4900,20,D,XC,AK,F
14:34:14,UNVR,RG,4900,2,D,YP,AK,F
14:34:14,UNVR,RG,4900,10,D,YP,AK,F
14:34:14,UNVR,RG,4900,2,D,PD,AK,F
14:34:14,UNVR,RG,4900,2,D,PD,AK,F
14:34:14,UNVR,RG,4900,1,D,HP,AK,F
14:34:14,UNVR,RG,4900,3,D,PD,AK,F
14:34:14,UNVR,RG,4900,4,D,XC,AK,F
14:34:14,UNVR,RG,4900,1,D,PD,AK,F
14:34:14,UNVR,RG,4900,25,D,KK,AK,F
14:34:14,UNVR,RG,4900,1,D,PD,AK,F
14:34:14,UNVR,RG,4900,50,D,AI,AK,F
14:34:14,UNVR,RG,4900,5,D,CC,AK,F
14:34:14,UNVR,RG,4900,20,D,PD,AK,F
14:34:14,UNVR,RG,4900,2,D,EP,AK,F
14:34:14,UNVR,RG,4900,1,D,PD,AK,F
14:34:14,UNVR,RG,4900,1,D,CC,AK,F
14:34:14,UNVR,RG,4900,1,D,CC,AK,F
14:34:14,UNVR,RG,4900,5,D,DX,AK,F
14:34:14,UNVR,RG,4900,1,D,YP,AK,F
14:34:14,UNVR,RG,4900,10,D,YP,AK,F
14:34:14,UNVR,RG,4900,3,D,PD,AK,F
14:34:14,UNVR,RG,4900,1,D,PD,AK,F
14:34:14,UNVR,RG,4900,1,D,JB,AK,F
14:34:14,UNVR,RG,4900,5,D,YP,AK,F
14:34:14,UNVR,RG,4900,10,D,PD,AK,F
14:34:14,UNVR,RG,4900,1,D,XL,AK,F
14:34:14,UNVR,RG,4900,5,D,CC,AK,F
14:34:14,UNVR,RG,4900,20,D,CC,AK,F
14:34:14,UNVR,RG,4900,4,D,XC,AK,F
14:34:14,UNVR,RG,4900,25,D,CC,AK,F
14:34:14,UNVR,RG,4900,10,D,XC,AK,F
14:34:14,UNVR,RG,4900,1,D,XC,AK,F
14:34:14,UNVR,RG,4900,14,D,YP,AK,F
14:34:14,UNVR,RG,4900,20,D,LG,AK,F
14:34:14,UNVR,RG,4900,25,D,NI,AK,F
14:34:14,UNVR,RG,4900,5,D,YP,AK,F
14:34:14,UNVR,RG,4900,10,D,EP,AK,F
14:34:14,UNVR,RG,4900,1,D,XC,AK,F
14:34:14,UNVR,RG,4900,1,D,DH,AK,F
14:34:14,UNVR,RG,4900,1,D,KK,AK,F
14:34:14,UNVR,RG,4900,3,D,YB,AK,F
14:34:14,UNVR,RG,4900,10,D,CC,AK,F
14:34:14,UNVR,RG,4900,9,D,PD,AK,F
14:34:14,UNVR,RG,4900,3,D,PD,AK,F
14:34:14,UNVR,RG,4900,10,D,YP,AK,F
14:34:14,UNVR,RG,4900,5,D,YP,AK,F
14:34:14,UNVR,RG,4900,5,D,PD,AK,F
14:34:14,UNVR,RG,4900,2,D,BQ,AK,F
14:34:14,UNVR,RG,4900,6,D,NI,AK,F
14:34:14,UNVR,RG,4900,50,D,AZ,AK,F
14:34:14,UNVR,RG,4900,5,D,CC,AK,F
14:34:14,UNVR,RG,4900,10,D,NI,AK,F
14:34:14,UNVR,RG,4900,12,D,YP,AK,F
14:34:14,UNVR,RG,4900,10,D,XC,AK,F
14:34:14,UNVR,RG,4900,3,D,TP,AK,F
14:34:14,UNVR,RG,4900,1,D,YP,AK,F
14:34:14,UNVR,RG,4900,5,D,XL,AK,F
14:34:14,UNVR,RG,4900,1,D,KK,AK,F
14:34:14,UNVR,RG,4900,3,D,NI,AK,F
14:34:14,UNVR,RG,4900,8,D,CC,AK,F
14:34:13,UNVR,RG,4910,1,D,YP,CC,F
14:34:11,UNVR,RG,4900,12,D,CC,SQ,D
14:34:11,UNVR,RG,4900,8,D,XC,SQ,D
14:34:10,UNVR,RG,4900,11,D,XC,YP,D
14:34:07,UNVR,RG,4900,3,D,XC,KK,D
14:34:00,UNVR,RG,4900,14,D,XC,CC,F
14:34:00,UNVR,RG,4900,50,D,XC,CC,F
14:34:00,UNVR,RG,4900,11,D,OD,CC,F
14:34:00,UNVR,RG,4900,5,D,KK,CC,F
14:34:00,UNVR,RG,4900,1,D,CC,CC,F
14:34:00,UNVR,RG,4900,1,D,YP,CC,F
14:34:00,UNVR,RG,4900,3,D,NI,CC,F
14:34:00,UNVR,RG,4900,24,D,EP,CC,F
14:34:00,UNVR,RG,4900,3,D,NI,CC,F
14:34:00,UNVR,RG,4900,1,D,YP,CC,F
14:34:00,UNVR,RG,4900,1,D,YP,CC,F
14:34:00,UNVR,RG,4900,1,D,DR,CC,F
14:34:00,UNVR,RG,4900,5,D,OD,CC,F
14:34:00,UNVR,RG,4900,1,D,XL,CC,F
14:34:00,UNVR,RG,4900,1,D,PD,CC,F
14:34:00,UNVR,RG,4900,1,D,XC,CC,F
14:34:00,UNVR,RG,4900,30,D,AZ,CC,F
14:34:00,UNVR,RG,4900,4,D,PD,CC,F
14:34:00,UNVR,RG,4900,1,D,CC,CC,F
14:34:00,UNVR,RG,4900,1,D,YP,CC,F
14:34:00,UNVR,RG,4900,1,D,XC,CC,F
14:34:00,UNVR,RG,4900,1,D,YP,CC,F
14:34:00,UNVR,RG,4900,1,D,BQ,CC,F
14:34:00,UNVR,RG,4900,10,D,SQ,CC,F
14:34:00,UNVR,RG,4900,5,D,LG,CC,F
14:34:00,UNVR,RG,4900,10,D,PD,CC,F
14:34:00,UNVR,RG,4900,120,D,PD,CC,F
14:33:54,UNVR,RG,4900,73,D,PD,AK,F
14:33:46,UNVR,RG,4910,8,F,AK,AK,F
14:33:46,UNVR,RG,4910,50,D,CC,AK,F
14:33:46,UNVR,RG,4910,1,D,KK,AK,F
14:33:46,UNVR,RG,4910,5,D,EP,AK,F
14:33:46,UNVR,RG,4910,130,D,AZ,AK,F
14:33:46,UNVR,RG,4910,20,D,XC,AK,F
14:33:46,UNVR,RG,4910,1,D,YP,AK,F
14:33:46,UNVR,RG,4910,1,D,AZ,AK,F
14:33:46,UNVR,RG,4910,7,D,BB,AK,F
14:33:46,UNVR,RG,4910,23,D,BB,AK,F
14:33:46,UNVR,RG,4910,19,F,BK,AK,F
14:33:46,UNVR,RG,4910,4,D,PD,AK,F
14:33:46,UNVR,RG,4910,1,D,PD,AK,F
14:33:46,UNVR,RG,4910,19,F,BK,AK,F
14:33:46,UNVR,RG,4910,164,F,BB,AK,F
14:33:46,UNVR,RG,4910,35,D,BB,AK,F
14:33:46,UNVR,RG,4910,1000,D,YP,AK,F
14:33:46,UNVR,RG,4910,10,D,XA,AK,F
14:33:46,UNVR,RG,4910,1,D,NI,AK,F
14:33:46,UNVR,RG,4910,25,D,YP,AK,F
14:33:46,UNVR,RG,4910,7,D,DH,AK,F
14:33:46,UNVR,RG,4910,19,D,EP,AK,F
14:33:46,UNVR,RG,4910,1,D,PD,AK,F
14:33:46,UNVR,RG,4910,3,D,YP,AK,F
14:33:46,UNVR,RG,4910,100,D,AZ,AK,F
14:33:46,UNVR,RG,4910,5,D,CC,AK,F
14:33:46,UNVR,RG,4910,20,D,HP,AK,F
14:33:46,UNVR,RG,4910,1,D,YP,AK,F
14:33:46,UNVR,RG,4910,15,D,BQ,AK,F
14:33:46,UNVR,RG,4910,50,D,AZ,AK,F
14:33:46,UNVR,RG,4910,6,D,PD,AK,F
14:33:46,UNVR,RG,4910,8,D,YP,AK,F
14:33:46,UNVR,RG,4910,25,D,KK,AK,F
14:33:46,UNVR,RG,4910,80,D,AZ,AK,F
14:33:46,UNVR,RG,4910,5,D,YB,AK,F
14:33:46,UNVR,RG,4910,2,D,PD,AK,F
14:33:46,UNVR,RG,4910,10,D,OD,AK,F
14:33:46,UNVR,RG,4910,1,D,XL,AK,F
14:33:46,UNVR,RG,4910,3,D,XC,AK,F
14:33:46,UNVR,RG,4910,1,D,AT,AK,F
14:33:46,UNVR,RG,4910,1,D,YP,AK,F
14:33:46,UNVR,RG,4910,20,D,PD,AK,F
14:33:46,UNVR,RG,4910,20,D,YP,AK,F
14:33:43,UNVR,RG,4920,20,D,CC,KK,D
14:33:40,UNVR,RG,4920,5,D,BB,KK,D
14:33:32,UNVR,RG,4920,1,F,BK,PD,D
14:33:32,UNVR,RG,4920,55,F,BB,PD,D
14:33:32,UNVR,RG,4920,2,D,BB,PD,D
14:33:32,UNVR,RG,4920,14,D,BB,PD,D
14:33:32,UNVR,RG,4920,3,F,AK,PD,D
14:33:32,UNVR,RG,4920,3,F,AK,PD,D
14:33:29,UNVR,RG,4920,15,F,AK,YP,D
14:33:26,UNVR,RG,4920,10,D,LG,BK,F
14:33:26,UNVR,RG,4920,100,D,AZ,BK,F
14:33:26,UNVR,RG,4920,10,D,XC,BK,F
14:33:26,UNVR,RG,4920,28,F,BK,BK,F
14:33:26,UNVR,RG,4920,33,F,BK,BK,F
14:33:26,UNVR,RG,4920,19,F,BK,AK,F
14:33:26,UNVR,RG,4920,5,F,BK,AI,D
14:33:26,UNVR,RG,4920,5,D,YP,AI,D
14:33:26,UNVR,RG,4920,50,D,CC,AI,D
14:33:26,UNVR,RG,4920,20,D,BQ,AI,D
14:33:26,UNVR,RG,4920,2,D,XC,AI,D
14:33:26,UNVR,RG,4920,15,D,NI,AI,D
14:33:26,UNVR,RG,4920,27,F,BK,AI,D
14:33:26,UNVR,RG,4920,46,F,AK,AI,D
14:33:26,UNVR,RG,4920,1,F,AK,AI,D
14:33:26,UNVR,RG,4920,54,F,BK,AI,D
14:33:26,UNVR,RG,4920,14,D,BB,AI,D
14:33:26,UNVR,RG,4920,4,D,CC,AI,D
14:33:26,UNVR,RG,4920,1,D,XC,AI,D
14:33:26,UNVR,RG,4920,10,D,NI,AI,D
14:33:26,UNVR,RG,4920,21,F,AK,AI,D
14:33:26,UNVR,RG,4920,1,F,ZP,AI,D
14:33:26,UNVR,RG,4920,17,F,BK,AI,D
14:33:26,UNVR,RG,4920,6,D,CS,AI,D
14:33:26,UNVR,RG,4920,15,F,BK,AI,D
14:33:26,UNVR,RG,4920,2,D,BB,AI,D
14:33:26,UNVR,RG,4920,2,F,ZP,AI,D
14:33:26,UNVR,RG,4920,3,F,AK,AI,D
14:33:26,UNVR,RG,4920,1,D,XL,AI,D
14:33:26,UNVR,RG,4920,24,D,BB,AI,D
14:33:26,UNVR,RG,4920,20,D,BQ,AI,D
14:33:26,UNVR,RG,4920,305,D,CC,AI,D
14:33:26,UNVR,RG,4920,2,D,CC,AI,D
14:33:26,UNVR,RG,4920,1,D,LG,AI,D
14:33:26,UNVR,RG,4920,3,D,DR,AI,D
14:33:26,UNVR,RG,4920,1,D,XC,AI,D
14:33:26,UNVR,RG,4920,2,D,SQ,AI,D
14:33:26,UNVR,RG,4920,70,D,AZ,AI,D
14:33:26,UNVR,RG,4920,93,F,BB,AI,D
14:33:26,UNVR,RG,4920,1,F,KK,AI,D
14:33:26,UNVR,RG,4920,1,D,PD,AI,D
14:33:26,UNVR,RG,4920,1,D,PD,AI,D
14:33:26,UNVR,RG,4920,10,D,GR,AI,D
14:33:26,UNVR,RG,4920,5,D,DR,AI,D
14:33:26,UNVR,RG,4920,1,D,YP,AI,D
14:33:26,UNVR,RG,4920,4,D,XL,AI,D
14:33:26,UNVR,RG,4920,1,D,YP,AI,D
14:33:26,UNVR,RG,4920,1,D,YP,AI,D
14:33:26,UNVR,RG,4920,140,F,BB,AI,D
14:33:26,UNVR,RG,4920,19,D,EP,AI,D
14:33:26,UNVR,RG,4920,1,D,YP,AI,D
14:33:26,UNVR,RG,4920,1,D,YP,AI,D
14:33:26,UNVR,RG,4920,6,D,XC,AI,D
14:33:26,UNVR,RG,4920,80,D,AZ,AI,D
14:33:26,UNVR,RG,4920,2,D,DR,AI,D
14:33:26,UNVR,RG,4920,50,D,AZ,AI,D
14:33:26,UNVR,RG,4920,2,F,AK,AI,D
14:33:26,UNVR,RG,4920,2,D,PD,AI,D
14:33:26,UNVR,RG,4920,329,D,PD,AI,D
14:33:15,UNVR,RG,4930,34,D,BB,BB,D
14:33:15,UNVR,RG,4930,11,D,BB,ZP,F
14:33:09,UNVR,RG,4930,4,D,CS,ZP,F
14:33:04,UNVR,RG,4920,11,D,PD,XL,D
14:32:59,UNVR,RG,4920,30,D,PD,CC,D
14:32:59,UNVR,RG,4930,55,D,BB,ZP,F
14:32:56,UNVR,RG,4930,2,D,XC,ZP,F
14:32:51,UNVR,RG,4920,12,D,PD,PD,D
14:32:49,UNVR,RG,4930,221,F,BB,ZP,F
14:32:49,UNVR,RG,4930,49,F,BB,ZP,F
14:32:47,UNVR,RG,4930,8,D,BB,ZP,F
14:32:39,UNVR,RG,4930,4,D,CS,ZP,F
14:32:24,UNVR,RG,4930,42,D,BB,ZP,F
14:32:19,UNVR,RG,4920,20,D,PD,KI,D
14:32:15,UNVR,RG,4920,128,D,PD,BB,D
14:32:12,UNVR,RG,4920,20,D,PD,GR,D
14:32:10,UNVR,RG,4930,40,D,DX,ZP,F
14:32:10,UNVR,RG,4930,60,D,DX,ZP,F
14:32:08,UNVR,RG,4930,3,D,CS,ZP,F
14:32:03,UNVR,RG,4930,49,D,BB,ZP,F
14:32:03,UNVR,RG,4930,10,D,YP,ZP,F
14:31:56,UNVR,RG,4930,10,D,BB,ZP,F
14:31:55,UNVR,RG,4930,63,F,BB,ZP,F
14:31:55,UNVR,RG,4930,225,F,BB,PD,D
14:31:55,UNVR,RG,4930,2,F,BB,YP,D
14:31:55,UNVR,RG,4930,2,F,BB,YP,D
14:31:55,UNVR,RG,4930,29,F,BB,SQ,D
14:31:53,UNVR,RG,4930,5,D,TP,SQ,D
14:31:53,UNVR,RG,4930,3,D,XC,SQ,D
14:31:53,UNVR,RG,4920,58,D,PD,PD,D
14:31:52,UNVR,RG,4930,12,D,KK,SQ,D
14:31:48,UNVR,RG,4920,1,D,PD,AT,D
14:31:42,UNVR,RG,4930,1,F,ZP,SQ,D
14:31:42,UNVR,RG,4930,5,F,ZP,AT,D
14:31:41,UNVR,RG,4930,2,D,PD,AT,D
14:31:41,UNVR,RG,4930,43,D,PD,AT,D
14:31:41,UNVR,RG,4930,2,D,PD,YP,D
14:31:41,UNVR,RG,4930,50,D,PD,SQ,D
14:31:41,UNVR,RG,4930,15,D,PD,SQ,D
14:31:41,UNVR,RG,4930,1,D,PD,ZP,F
14:31:41,UNVR,RG,4930,3,D,PD,YP,D
14:31:41,UNVR,RG,4930,321,D,PD,DX,F
14:31:41,UNVR,RG,4930,10,D,PD,SH,D
14:31:41,UNVR,RG,4930,20,D,PD,YP,D
14:31:41,UNVR,RG,4930,12,D,PD,YU,F
14:31:41,UNVR,RG,4930,1,D,PD,PD,D
14:31:41,UNVR,RG,4930,5,D,PD,YP,D
14:31:41,UNVR,RG,4930,22,D,PD,EP,D
14:31:41,UNVR,RG,4930,4,D,PD,PD,D
14:31:41,UNVR,RG,4930,166,D,PD,ZP,F
14:31:41,UNVR,RG,4930,24,D,PD,ZP,F
14:31:41,UNVR,RG,4930,1,D,PD,PD,D
14:31:41,UNVR,RG,4930,3,D,PD,SQ,D
14:31:41,UNVR,RG,4930,1,D,PD,ZP,F
14:31:41,UNVR,RG,4930,2,D,PD,KK,D
14:31:41,UNVR,RG,4930,10,D,PD,YP,D
14:31:41,UNVR,RG,4930,463,D,PD,DX,F
14:31:41,UNVR,RG,4930,4,D,CS,DX,F
14:31:41,UNVR,RG,4930,188,D,PD,DX,F
14:31:41,UNVR,RG,4930,1,D,PD,NI,D
14:31:41,UNVR,RG,4930,1,D,PD,YP,D
14:31:41,UNVR,RG,4930,50,D,PD,SQ,D
14:31:41,UNVR,RG,4930,359,D,PD,AK,F
14:31:41,UNVR,RG,4930,334,D,PD,AK,F
14:31:41,UNVR,RG,4930,206,D,PD,AK,F
14:31:41,UNVR,RG,4930,224,D,PD,AK,F
14:31:41,UNVR,RG,4930,370,D,PD,AK,F
14:31:41,UNVR,RG,4930,7,D,PD,AK,F
14:31:41,UNVR,RG,4930,11,D,PD,SQ,D
14:31:41,UNVR,RG,4930,9,D,PD,SQ,D
14:31:41,UNVR,RG,4930,35,D,PD,BB,D
14:31:41,UNVR,RG,4930,1,D,PD,ZP,F
14:31:41,UNVR,RG,4930,12,D,PD,ZP,F
14:31:41,UNVR,RG,4930,6,D,PD,ZP,F
14:31:39,UNVR,RG,4920,25,D,PD,XC,D
14:31:38,UNVR,RG,4920,2,D,PD,NI,D
14:31:37,UNVR,RG,4930,14,D,BB,ZP,F
14:31:37,UNVR,RG,4930,16,D,BB,ZP,F
14:31:19,UNVR,RG,4920,6,D,PD,YP,D
14:31:18,UNVR,RG,4920,4,D,PD,XL,D
14:31:14,UNVR,RG,4930,4,D,BB,ZP,F
14:31:14,UNVR,RG,4930,3,D,BB,ZP,F
14:31:11,UNVR,RG,4920,1,D,PD,XL,D
14:31:10,UNVR,RG,4930,5,D,CS,AK,F
14:31:10,UNVR,RG,4920,28,D,PD,NI,D
14:31:07,UNVR,RG,4920,10,D,PD,YP,D
14:31:04,UNVR,RG,4920,15,D,PD,PD,D
14:30:50,UNVR,RG,4930,65,F,BB,AK,F
14:30:28,UNVR,RG,4920,43,D,PD,XA,D
14:30:21,UNVR,RG,4930,1,D,YP,AK,F
14:30:20,UNVR,RG,4930,1,D,XC,AK,F
14:30:12,UNVR,RG,4930,2,D,YP,AK,F
14:30:03,UNVR,RG,4930,1,D,YP,AK,F
14:30:02,UNVR,RG,4930,1,D,PD,AK,F
14:30:00,UNVR,RG,4930,2,D,XL,AK,F
14:29:53,UNVR,RG,4930,2,D,YP,AK,F
14:29:53,UNVR,RG,4920,92,D,PD,CD,D
14:29:45,UNVR,RG,4930,1,D,XC,AK,F
14:29:42,UNVR,RG,4930,1,D,YP,AK,F
14:29:39,UNVR,RG,4930,3,D,XC,AK,F
14:29:34,UNVR,RG,4930,1,D,YP,AK,F
14:29:26,UNVR,RG,4930,1,D,YP,AK,F
14:29:17,UNVR,RG,4930,4,F,AK,AK,F
14:29:17,UNVR,RG,4930,35,F,AK,AK,F
14:29:17,UNVR,RG,4930,2,F,AK,AK,F
14:29:17,UNVR,RG,4930,15,F,AK,AK,F
14:29:16,UNVR,RG,4930,2,D,CC,AK,F
14:29:16,UNVR,RG,4930,2,F,AK,AK,F
14:29:16,UNVR,RG,4930,1,F,AK,AK,F
14:29:16,UNVR,RG,4930,16,F,AK,AK,F
14:29:16,UNVR,RG,4930,14,D,BB,AK,F
14:29:16,UNVR,RG,4930,3,D,CS,AK,F
14:29:16,UNVR,RG,4930,42,F,BK,AK,F
14:29:16,UNVR,RG,4930,80,F,BK,AK,F
14:29:16,UNVR,RG,4930,1,F,ZP,AK,F
14:29:16,UNVR,RG,4930,1,D,PD,AK,F
14:29:16,UNVR,RG,4930,797,D,PD,AK,F
14:29:16,UNVR,RG,4930,405,D,PD,AK,F
14:29:16,UNVR,RG,4930,225,D,PD,AK,F
14:29:16,UNVR,RG,4930,139,D,PD,AK,F
14:29:16,UNVR,RG,4930,152,D,PD,AK,F
14:29:16,UNVR,RG,4930,250,D,PD,AK,F
14:29:16,UNVR,RG,4930,1,D,DR,AK,F
14:29:16,UNVR,RG,4930,12,D,PD,AK,F
14:29:16,UNVR,RG,4930,42,D,PD,AK,F
14:29:16,UNVR,RG,4930,18,D,BB,AK,F
14:29:16,UNVR,RG,4930,10,D,KK,AK,F
14:29:16,UNVR,RG,4930,2,D,BB,AK,F
14:29:16,UNVR,RG,4930,4,D,CS,AK,F
14:29:16,UNVR,RG,4930,1,D,CS,AK,F
14:29:16,UNVR,RG,4930,2,F,AK,AK,F
14:29:16,UNVR,RG,4930,1,F,AK,AK,F
14:29:16,UNVR,RG,4930,22,F,AK,AK,F
14:29:16,UNVR,RG,4930,100,D,AZ,AK,F
14:29:16,UNVR,RG,4930,12,F,BK,AK,F
14:29:13,UNVR,RG,4930,134,F,BK,AK,F
14:29:12,UNVR,RG,4930,183,F,BK,YP,D
14:29:12,UNVR,RG,4930,139,F,BK,YP,D
14:29:12,UNVR,RG,4930,55,D,BB,YP,D
14:29:12,UNVR,RG,4930,123,F,BB,YP,D
14:29:08,UNVR,RG,4930,20,F,BB,ZP,D
14:29:04,UNVR,RG,4930,10,F,BB,YP,D
14:29:03,UNVR,RG,4930,54,F,BB,SQ,D
14:29:03,UNVR,RG,4930,26,D,BB,SQ,D
14:29:02,UNVR,RG,4930,33,D,BB,CC,D
14:29:02,UNVR,RG,4930,9,D,BB,CC,D
14:29:02,UNVR,RG,4930,1,D,CS,CC,D
14:29:02,UNVR,RG,4930,37,F,AK,CC,D
14:29:02,UNVR,RG,4930,1,D,CS,CC,D
14:29:02,UNVR,RG,4930,3,D,CS,CC,D
14:29:02,UNVR,RG,4930,8,F,ZP,CC,D
14:29:02,UNVR,RG,4930,2,D,PD,CC,D
14:29:02,UNVR,RG,4930,6,D,PD,CC,D
14:28:59,UNVR,RG,4930,27,D,PD,SQ,D
14:28:57,UNVR,RG,4930,1,D,PD,CC,D
14:28:54,UNVR,RG,4930,5,D,PD,NI,D
14:28:49,UNVR,RG,4930,1,D,PD,YP,D
14:28:47,UNVR,RG,4930,15,D,PD,SQ,D
14:28:46,UNVR,RG,4930,10,D,PD,PD,D
14:28:45,UNVR,RG,4940,5,F,AK,PD,D
14:28:45,UNVR,RG,4940,4,F,AK,SQ,D
14:28:38,UNVR,RG,4930,114,D,PD,AK,F
14:28:37,UNVR,RG,4930,200,D,PD,BQ,D
14:28:37,UNVR,RG,4930,178,D,PD,ZP,F
14:28:37,UNVR,RG,4930,205,D,PD,ZP,F
14:28:37,UNVR,RG,4930,67,D,PD,ZP,F
14:28:37,UNVR,RG,4940,1,D,CS,SQ,D
14:28:37,UNVR,RG,4940,1,D,CS,ZP,F
14:28:37,UNVR,RG,4930,225,D,PD,AK,F
14:28:37,UNVR,RG,4930,10,D,PD,YP,D
14:28:37,UNVR,RG,4930,1,D,PD,ZP,F
14:28:37,UNVR,RG,4930,100,D,PD,YP,D
14:28:37,UNVR,RG,4930,1,D,PD,NI,D
14:28:37,UNVR,RG,4930,1,D,PD,XC,D
14:28:37,UNVR,RG,4930,1,D,PD,YP,D
14:28:37,UNVR,RG,4930,11,D,PD,CC,F
14:28:37,UNVR,RG,4930,283,D,PD,CC,F
14:28:37,UNVR,RG,4930,1,D,PD,PD,D
14:28:37,UNVR,RG,4930,11,D,PD,YU,F
14:28:37,UNVR,RG,4930,1,D,PD,ZP,F
14:28:37,UNVR,RG,4930,20,D,PD,YU,D
14:28:37,UNVR,RG,4930,1,D,PD,XC,D
14:28:37,UNVR,RG,4930,50,D,PD,SQ,D
14:28:37,UNVR,RG,4930,232,D,PD,DX,F
14:28:36,UNVR,RG,4930,62,D,PD,DX,F
14:28:36,UNVR,RG,4930,10,D,PD,GR,D
14:28:36,UNVR,RG,4930,20,D,PD,OD,D
14:28:36,UNVR,RG,4930,1,D,PD,NI,D
14:28:36,UNVR,RG,4930,5,D,PD,YB,D
14:28:36,UNVR,RG,4930,10,D,PD,NI,D
14:28:36,UNVR,RG,4930,1,D,PD,ZP,F
14:28:36,UNVR,RG,4930,53,D,PD,ZP,F
14:28:36,UNVR,RG,4930,50,D,PD,YP,D
14:28:36,UNVR,RG,4930,122,D,PD,DX,F
14:28:36,UNVR,RG,4930,206,D,PD,DX,F
14:28:36,UNVR,RG,4930,53,D,PD,DX,F
14:28:36,UNVR,RG,4930,12,D,PD,AK,F
14:28:36,UNVR,RG,4930,1,D,PD,PD,D
14:28:36,UNVR,RG,4930,1,D,PD,AN,D
14:28:36,UNVR,RG,4930,1,D,PD,ZP,F
14:28:36,UNVR,RG,4930,5,D,PD,DX,D
14:28:36,UNVR,RG,4930,2,D,PD,NI,D
14:28:36,UNVR,RG,4930,1,D,PD,YP,D
14:28:36,UNVR,RG,4930,10,D,PD,GR,D
14:28:36,UNVR,RG,4930,139,D,PD,AK,F
14:28:36,UNVR,RG,4930,93,D,PD,AK,F
14:28:36,UNVR,RG,4930,51,D,PD,BB,D
14:28:36,UNVR,RG,4930,40,D,PD,HP,D
14:28:36,UNVR,RG,4930,17,D,PD,ZP,F
14:28:36,UNVR,RG,4930,15,D,PD,ZP,F
14:28:36,UNVR,RG,4930,42,D,PD,ZP,F
14:28:36,UNVR,RG,4930,6,D,PD,ZP,F
14:28:36,UNVR,RG,4930,16,D,PD,BK,F
14:28:36,UNVR,RG,4930,90,D,PD,ZP,F
14:28:36,UNVR,RG,4930,18,D,PD,ZP,F
14:28:36,UNVR,RG,4930,62,D,PD,ZP,F
14:28:35,UNVR,RG,4930,20,D,HP,ZP,F
14:28:30,UNVR,RG,4930,19,D,BB,ZP,F
14:28:30,UNVR,RG,4930,77,D,BB,YU,D
14:28:16,UNVR,RG,4930,3,D,CS,YU,D
14:28:14,UNVR,RG,4920,5,D,PD,AZ,D
14:28:12,UNVR,RG,4920,3,D,PD,DX,D
14:28:09,UNVR,RG,4920,2,D,PD,XC,D
14:28:03,UNVR,RG,4920,8,D,PD,KK,D
14:27:59,UNVR,RG,4920,4,D,PD,SQ,D
14:27:57,UNVR,RG,4930,263,F,BB,YU,D
14:27:55,UNVR,RG,4930,3,D,CS,YU,D
14:27:46,UNVR,RG,4920,81,D,PD,BB,D
14:27:37,UNVR,RG,4930,1,D,XL,YU,D
14:27:33,UNVR,RG,4920,5,D,PD,OD,D
14:27:30,UNVR,RG,4930,107,D,BB,YU,D
14:27:24,UNVR,RG,4930,3,D,CS,YU,D
14:27:18,UNVR,RG,4920,5,D,PD,XC,D
14:27:15,UNVR,RG,4920,5,D,PD,GR,D
14:27:10,UNVR,RG,4930,16,D,BB,YU,D
14:27:07,UNVR,RG,4920,5,D,PD,YB,D
14:27:00,UNVR,RG,4930,27,F,BB,YU,D
14:27:00,UNVR,RG,4930,10,F,BB,NI,D
14:27:00,UNVR,RG,4930,50,F,BB,SQ,D
14:27:00,UNVR,RG,4930,25,F,BB,PD,D
14:27:00,UNVR,RG,4930,34,F,BB,YU,F
14:27:00,UNVR,RG,4930,4,F,BB,PD,D
14:27:00,UNVR,RG,4930,2,F,BB,NI,D
14:27:00,UNVR,RG,4930,15,F,BB,PD,D
14:27:00,UNVR,RG,4930,1,F,BB,ZP,F
14:27:00,UNVR,RG,4930,44,F,BB,CC,D
14:26:57,UNVR,RG,4920,2,D,PD,XL,D
14:26:55,UNVR,RG,4930,3,D,CS,CC,D
14:26:46,UNVR,RG,4920,3,D,PD,XC,D
14:26:45,UNVR,RG,4920,1,D,PD,EP,D
14:26:41,UNVR,RG,4930,1,D,DR,CC,D
14:26:40,UNVR,RG,4920,217,D,PD,PD,D
14:26:40,UNVR,RG,4920,601,D,PD,PD,D
14:26:40,UNVR,RG,4920,334,D,PD,PD,D
14:26:40,UNVR,RG,4920,128,D,PD,PD,D
14:26:32,UNVR,RG,4930,1,D,KK,CC,D
14:26:30,UNVR,RG,4930,1,D,BB,CC,D
14:26:30,UNVR,RG,4930,5,D,BB,NI,D
14:26:30,UNVR,RG,4930,25,D,BB,YP,D
14:26:30,UNVR,RG,4930,29,D,BB,ZP,F
14:26:30,UNVR,RG,4930,39,D,BB,YJ,D
14:26:25,UNVR,RG,4920,28,D,PD,YP,D
14:26:24,UNVR,RG,4930,3,D,CS,YJ,D
14:26:14,UNVR,RG,4920,3,D,PD,DX,D
14:26:13,UNVR,RG,4930,198,F,BB,YJ,D
14:26:13,UNVR,RG,4930,22,F,BB,CC,D
14:26:09,UNVR,RG,4930,2,F,KK,CC,D
14:26:05,UNVR,RG,4930,1,D,CS,CC,D
14:26:05,UNVR,RG,4930,1,D,CS,AK,F
14:25:54,UNVR,RG,4920,2,D,PD,PD,D
14:25:53,UNVR,RG,4930,8,D,XC,AK,F
14:25:52,UNVR,RG,4920,45,D,PD,CC,D
14:25:52,UNVR,RG,4920,225,D,PD,CC,D
14:25:52,UNVR,RG,4920,130,D,PD,CC,D
14:25:52,UNVR,RG,4920,150,D,PD,XC,D
14:25:44,UNVR,RG,4930,3,D,CS,AK,F
14:25:43,UNVR,RG,4920,4,D,PD,LG,D
14:25:42,UNVR,RG,4930,2,D,YP,AK,F
14:25:35,UNVR,RG,4920,5,D,PD,XL,D
14:25:33,UNVR,RG,4930,2,F,KK,AK,F
14:25:28,UNVR,RG,4930,23,D,YU,AK,F
14:25:28,UNVR,RG,4930,27,D,YU,DX,F
14:25:28,UNVR,RG,4930,10,D,YP,DX,F
14:25:26,UNVR,RG,4930,83,D,BB,DX,F
14:25:26,UNVR,RG,4930,11,D,BB,YP,D
14:25:26,UNVR,RG,4930,9,D,BB,AK,F
14:25:24,UNVR,RG,4930,60,F,BB,AK,F
14:25:24,UNVR,RG,4930,106,F,BB,BB,D
14:25:24,UNVR,RG,4930,12,F,BB,YU,F
14:25:24,UNVR,RG,4930,1,F,BB,DR,D
14:25:24,UNVR,RG,4930,2,F,BB,CC,D
14:25:24,UNVR,RG,4930,1,F,BB,PD,D
14:25:24,UNVR,RG,4930,3,F,BB,KK,D
14:25:24,UNVR,RG,4930,38,F,BB,GR,D
14:25:17,UNVR,RG,4930,2,D,BB,GR,D
14:25:17,UNVR,RG,4930,15,D,BB,SQ,D
14:25:13,UNVR,RG,4930,2,D,CS,SQ,D
14:25:13,UNVR,RG,4930,8,D,GR,SQ,D
14:25:13,UNVR,RG,4930,15,D,GR,SQ,D
14:25:13,UNVR,RG,4930,1,D,GR,YP,D
14:25:13,UNVR,RG,4930,2,D,GR,XC,D
14:25:13,UNVR,RG,4930,1,D,GR,YP,D
14:25:13,UNVR,RG,4930,18,D,GR,ZP,F
14:25:13,UNVR,RG,4930,5,D,GR,SQ,D
14:25:12,UNVR,RG,4930,3,D,XC,SQ,D
14:25:05,UNVR,RG,4930,2,F,KK,SQ,D
14:24:54,UNVR,RG,4930,1,D,CC,SQ,D
14:24:54,UNVR,RG,4930,2,D,CS,SQ,D
14:24:53,UNVR,RG,4930,1,D,PD,SQ,D
14:24:43,UNVR,RG,4930,1,D,XC,SQ,D
14:24:39,UNVR,RG,4930,10,D,KK,SQ,D
14:24:36,UNVR,RG,4930,25,F,BB,SQ,D
14:24:36,UNVR,RG,4930,13,F,BB,SQ,D
14:24:36,UNVR,RG,4930,15,F,BB,DR,D
14:24:36,UNVR,RG,4930,161,F,BB,AK,F
14:24:34,UNVR,RG,4930,2,D,CS,AK,F
14:24:31,UNVR,RG,4920,1,D,PD,XC,D
14:24:30,UNVR,RG,4920,4,D,PD,XC,D
14:24:27,UNVR,RG,4930,41,D,BB,AK,F
14:24:27,UNVR,RG,4930,13,D,BB,AK,F
14:24:26,UNVR,RG,4920,2,D,PD,EP,D
14:24:20,UNVR,RG,4920,1,D,PD,PD,D
14:24:20,UNVR,RG,4920,20,D,PD,YP,D
14:24:20,UNVR,RG,4920,54,D,PD,ZP,F
14:24:20,UNVR,RG,4920,18,D,PD,ZP,F
14:24:20,UNVR,RG,4920,63,D,PD,ZP,F
14:24:16,UNVR,RG,4920,75,D,YP,ZP,F
14:24:16,UNVR,RG,4920,181,D,YP,ZP,F
14:24:16,UNVR,RG,4920,37,D,YP,ZP,F
14:24:15,UNVR,RG,4920,1,D,CS,ZP,F
14:24:10,UNVR,RG,4930,1,D,CS,AK,F
14:24:09,UNVR,RG,4920,115,F,AK,ZP,F
14:24:09,UNVR,RG,4920,3,F,ZP,ZP,F
14:24:09,UNVR,RG,4920,2,F,ZP,ZP,F
14:24:09,UNVR,RG,4930,2,D,PD,AK,F
14:24:08,UNVR,RG,4930,25,D,PD,AK,F
14:24:08,UNVR,RG,4930,1155,D,PD,YP,D
14:24:08,UNVR,RG,4930,422,D,PD,YP,D
14:24:08,UNVR,RG,4930,17,D,PD,PD,D
14:24:08,UNVR,RG,4920,161,D,PD,DX,F
14:24:08,UNVR,RG,4920,149,D,PD,DX,F
14:24:08,UNVR,RG,4920,185,D,PD,CC,F
14:24:08,UNVR,RG,4920,86,D,PD,CC,F
14:24:08,UNVR,RG,4920,10,D,PD,YP,D
14:24:08,UNVR,RG,4920,1,D,PD,XC,D
14:24:08,UNVR,RG,4920,1,D,PD,ZP,F
14:24:08,UNVR,RG,4920,30,D,PD,SQ,D
14:24:08,UNVR,RG,4920,1,D,PD,XL,D
14:24:08,UNVR,RG,4920,3,D,PD,CC,D
14:24:08,UNVR,RG,4920,28,D,PD,BB,D
14:24:08,UNVR,RG,4920,4,D,PD,LG,D
14:24:08,UNVR,RG,4920,5,D,PD,YP,D
14:24:08,UNVR,RG,4920,20,D,PD,YP,D
14:24:08,UNVR,RG,4920,17,D,PD,DX,F
14:24:08,UNVR,RG,4920,224,D,PD,DX,F
14:24:08,UNVR,RG,4920,59,D,PD,DX,F
14:24:08,UNVR,RG,4920,50,D,PD,AT,D
14:24:08,UNVR,RG,4920,12,D,PD,YU,F
14:24:08,UNVR,RG,4920,1,D,PD,ZP,F
14:24:08,UNVR,RG,4920,248,D,PD,DX,F
14:24:08,UNVR,RG,4920,17,D,PD,DX,F
14:24:08,UNVR,RG,4920,62,D,PD,DX,F
14:23:49,UNVR,RG,4920,206,F,BB,DX,F
14:23:47,UNVR,RG,4920,2,D,XC,DX,F
14:23:40,UNVR,RG,4910,6,F,BB,SQ,D
14:23:35,UNVR,RG,4910,1,F,BB,YP,D
14:23:34,UNVR,RG,4910,1,F,BB,XC,D
14:23:27,UNVR,RG,4910,30,F,BB,YP,D
14:23:25,UNVR,RG,4920,16,D,BB,DX,F
14:23:25,UNVR,RG,4920,25,D,BB,CC,D
14:23:25,UNVR,RG,4920,10,D,BB,AO,D
14:23:25,UNVR,RG,4920,1,D,BB,ZP,F
14:23:23,UNVR,RG,4910,6,F,BB,SQ,D
14:23:18,UNVR,RG,4910,1,F,BB,BQ,D
14:23:12,UNVR,RG,4920,1,D,XC,ZP,F
14:22:59,UNVR,RG,4920,1,D,PD,ZP,F
14:22:58,UNVR,RG,4920,24,D,XL,ZP,F
14:22:54,UNVR,RG,4920,58,F,BB,ZP,F
14:22:54,UNVR,RG,4920,100,F,BB,ZP,F
14:22:54,UNVR,RG,4920,51,F,BB,ZP,F
14:22:54,UNVR,RG,4920,66,F,BB,AI,D
14:22:51,UNVR,RG,4910,100,F,BB,HP,D
14:22:31,UNVR,RG,4920,18,F,BK,AI,D
14:22:31,UNVR,RG,4920,15,D,BQ,AI,D
14:22:31,UNVR,RG,4920,1,F,ZP,AI,D
14:22:29,UNVR,RG,4920,1,F,ZP,YP,D
14:22:29,UNVR,RG,4920,2,D,CS,YP,D
14:22:29,UNVR,RG,4920,1,D,YP,YP,D
14:22:29,UNVR,RG,4920,1,F,BK,YP,D
14:22:28,UNVR,RG,4930,8,D,BB,PD,D
14:22:27,UNVR,RG,4920,16,F,BK,PD,D
14:22:27,UNVR,RG,4920,1,D,NI,PD,D
14:22:27,UNVR,RG,4920,1,D,PD,PD,D
14:22:27,UNVR,RG,4920,4,D,CS,PD,D
14:22:27,UNVR,RG,4920,3,F,AK,PD,D
14:22:18,UNVR,RG,4920,1,F,AK,XL,D
14:21:58,UNVR,RG,4930,1,D,XL,PD,D
14:21:58,UNVR,RG,4920,2,F,AK,CC,D
14:21:57,UNVR,RG,4910,50,F,BB,AK,F
14:21:57,UNVR,RG,4910,3,F,AK,AK,F
14:21:57,UNVR,RG,4910,4,D,BB,AK,F
14:21:57,UNVR,RG,4910,1,D,XC,AK,F
14:21:57,UNVR,RG,4910,17,F,AG,AK,F
14:21:57,UNVR,RG,4910,1,D,XL,AK,F
14:21:57,UNVR,RG,4910,2,D,PD,AK,F
14:21:57,UNVR,RG,4910,10,D,XC,AK,F
14:21:57,UNVR,RG,4910,2,D,BB,AK,F
14:21:57,UNVR,RG,4910,1,F,AK,AK,F
14:21:57,UNVR,RG,4910,8,D,BB,AK,F
14:21:57,UNVR,RG,4910,200,D,GR,AK,F
14:21:57,UNVR,RG,4910,1,D,PD,AK,F
14:21:57,UNVR,RG,4910,50,D,AZ,AK,F
14:21:57,UNVR,RG,4910,4,D,XC,AK,F
14:21:57,UNVR,RG,4910,3,D,CC,AK,F
14:21:57,UNVR,RG,4910,20,F,BK,AK,F
14:21:57,UNVR,RG,4910,3,F,AK,AK,F
14:21:57,UNVR,RG,4910,42,F,BK,AK,F
14:21:57,UNVR,RG,4910,59,F,BB,AK,F
14:21:57,UNVR,RG,4910,2,D,PD,AK,F
14:21:57,UNVR,RG,4910,803,D,PD,AK,F
14:21:57,UNVR,RG,4920,1,D,YP,AK,F
14:21:57,UNVR,RG,4920,20,D,PD,AK,F
14:21:57,UNVR,RG,4920,5,D,DR,AK,F
14:21:57,UNVR,RG,4920,80,D,AZ,AK,F
14:21:57,UNVR,RG,4920,4,D,CS,AK,F
14:21:57,UNVR,RG,4920,4,D,XC,AK,F
14:21:57,UNVR,RG,4920,19,F,BK,AK,F
14:21:57,UNVR,RG,4920,20,D,YP,AK,F
14:21:57,UNVR,RG,4920,1,D,YP,AK,F
14:21:57,UNVR,RG,4920,306,D,CC,AK,F
14:21:57,UNVR,RG,4920,10,D,YP,AK,F
14:21:57,UNVR,RG,4920,28,D,NI,AK,F
14:21:57,UNVR,RG,4920,8,D,BB,AK,F
14:21:57,UNVR,RG,4920,20,D,YP,AK,F
14:21:57,UNVR,RG,4920,7,F,AK,AK,F
14:21:57,UNVR,RG,4920,1,F,AK,AK,F
14:21:57,UNVR,RG,4920,19,F,AK,AK,F
14:21:57,UNVR,RG,4920,21,F,BK,AK,F
14:21:57,UNVR,RG,4920,26,D,BB,AK,F
14:21:57,UNVR,RG,4920,18,F,BB,AK,F
14:21:57,UNVR,RG,4920,20,D,BB,AK,F
14:21:57,UNVR,RG,4920,6,F,ZP,AK,F
14:21:57,UNVR,RG,4920,1,D,PD,AK,F
14:21:57,UNVR,RG,4920,69,D,PD,AK,F
14:21:54,UNVR,RG,4920,8,D,PD,KK,D
14:21:53,UNVR,RG,4930,4,D,BB,PD,D
14:21:53,UNVR,RG,4930,15,D,BB,SQ,D
14:21:53,UNVR,RG,4930,10,D,BB,SQ,D
14:21:46,UNVR,RG,4920,3,D,PD,HP,D
14:21:40,UNVR,RG,4920,47,D,PD,LG,D
14:21:36,UNVR,RG,4920,153,D,PD,AK,F
14:21:36,UNVR,RG,4930,163,D,BB,AK,F
14:21:36,UNVR,RG,4930,4,D,BB,AK,F
14:21:36,UNVR,RG,4930,1,D,BB,ZP,F
14:21:36,UNVR,RG,4930,10,D,BB,ZP,F
14:21:36,UNVR,RG,4930,137,D,BB,ZP,F
14:21:36,UNVR,RG,4930,29,D,BB,ZP,F
14:21:36,UNVR,RG,4930,28,D,BB,ZP,F
14:21:36,UNVR,RG,4930,120,F,BB,ZP,F
14:21:36,UNVR,RG,4930,15,F,BB,ZP,F
14:21:36,UNVR,RG,4930,71,F,BB,ZP,F
14:21:36,UNVR,RG,4930,923,F,BB,YP,D
14:21:28,UNVR,RG,4920,112,D,PD,AK,F
14:21:28,UNVR,RG,4930,3,D,BB,YP,D
14:21:27,UNVR,RG,4930,97,D,BB,YP,D
14:21:27,UNVR,RG,4930,6,D,BB,YP,D
14:21:27,UNVR,RG,4930,74,D,BB,YP,D
14:21:27,UNVR,RG,4930,78,F,BB,YP,D
14:21:27,UNVR,RG,4930,3,D,YP,YP,D
14:21:27,UNVR,RG,4930,3,D,CS,YP,D
14:21:27,UNVR,RG,4930,3,D,PD,YP,D
14:21:27,UNVR,RG,4930,2,D,LG,YP,D
14:21:27,UNVR,RG,4930,7,D,YP,YP,D
14:21:27,UNVR,RG,4930,17,D,BB,YP,D
14:21:27,UNVR,RG,4930,16,D,BB,YP,D
14:21:27,UNVR,RG,4930,63,F,BB,YP,D
14:21:27,UNVR,RG,4930,2,D,BB,YP,D
14:21:27,UNVR,RG,4930,2,D,CS,YP,D
14:21:27,UNVR,RG,4930,2,D,CS,YP,D
14:21:27,UNVR,RG,4930,36,F,AK,YP,D
14:21:27,UNVR,RG,4930,158,F,BK,YP,D
14:21:27,UNVR,RG,4930,5,F,BK,YP,D
14:21:24,UNVR,RG,4930,10,F,BK,PD,D
14:21:21,UNVR,RG,4930,1,F,BK,YP,D
14:21:18,UNVR,RG,4930,5,F,BK,SQ,D
14:21:11,UNVR,RG,4930,5,F,BK,SQ,D
14:21:07,UNVR,RG,4940,2,D,XL,ZP,F
14:21:06,UNVR,RG,4930,1,F,BK,XL,D
14:21:06,UNVR,RG,4930,15,F,BK,EP,D
14:21:04,UNVR,RG,4930,5,F,BK,SQ,D
14:21:04,UNVR,RG,4930,1,F,BK,YP,D
14:20:59,UNVR,RG,4940,1,D,XL,SQ,D
14:20:55,UNVR,RG,4930,1,F,BK,YP,D
14:20:54,UNVR,RG,4930,5,F,BK,SQ,D
14:20:51,UNVR,RG,4930,1,F,BK,YP,D
14:20:51,UNVR,RG,4930,1,D,CS,YP,D
14:20:51,UNVR,RG,4930,1,D,CS,YP,D
14:20:51,UNVR,RG,4930,2,D,BB,YP,D
14:20:49,UNVR,RG,4930,1,D,BB,YP,D
14:20:49,UNVR,RG,4930,2,F,BB,YP,D
14:20:49,UNVR,RG,4930,7,D,BB,YP,D
14:20:42,UNVR,RG,4930,3,D,BB,SQ,D
14:20:42,UNVR,RG,4930,4,F,ZP,SQ,D
14:20:42,UNVR,RG,4930,3,D,CS,SQ,D
14:20:36,UNVR,RG,4930,82,F,BB,AK,F
14:20:36,UNVR,RG,4930,4,F,BB,ZP,F
14:20:36,UNVR,RG,4930,5,F,BB,YP,D
14:20:36,UNVR,RG,4930,5,F,BB,ZP,F
14:20:36,UNVR,RG,4930,1,F,BB,XL,D
14:20:36,UNVR,RG,4930,149,F,BB,BB,D
14:20:36,UNVR,RG,4930,100,F,BB,HP,D
14:20:36,UNVR,RG,4930,20,F,BB,YP,D
14:20:36,UNVR,RG,4930,1,F,BB,YP,D
14:20:36,UNVR,RG,4930,10,F,BB,PD,D
14:20:36,UNVR,RG,4930,30,F,BB,KI,D
14:20:36,UNVR,RG,4930,20,F,BB,PD,D
14:20:36,UNVR,RG,4930,10,F,BB,CP,D
14:20:36,UNVR,RG,4930,24,F,BB,XL,D
14:20:36,UNVR,RG,4930,2,F,BB,AZ,D
14:20:36,UNVR,RG,4930,30,F,BB,SQ,D
14:20:36,UNVR,RG,4930,1,F,BB,PD,D
14:20:36,UNVR,RG,4930,5,F,BB,CC,D
14:20:36,UNVR,RG,4930,23,F,BB,NI,D
14:20:36,UNVR,RG,4930,7,F,BB,SQ,D
14:20:36,UNVR,RG,4930,3,F,BB,CC,D
14:20:36,UNVR,RG,4930,10,F,BB,NI,D
14:20:36,UNVR,RG,4930,1,F,BB,YP,D
14:20:36,UNVR,RG,4930,7,F,BB,ZP,F
14:20:24,UNVR,RG,4920,61,D,PD,AK,F
14:20:24,UNVR,RG,4920,100,D,PD,YP,D
14:20:24,UNVR,RG,4920,13,D,PD,ZP,F
14:20:24,UNVR,RG,4920,149,D,PD,BB,D
14:20:24,UNVR,RG,4920,72,D,PD,ZP,F
14:20:24,UNVR,RG,4920,43,D,PD,ZP,F
14:20:24,UNVR,RG,4920,357,D,PD,AK,F
14:20:24,UNVR,RG,4920,91,D,PD,AK,F
14:20:24,UNVR,RG,4920,7,D,PD,AK,F
14:20:24,UNVR,RG,4920,5,D,PD,PD,D
14:20:24,UNVR,RG,4920,1,D,PD,ZP,F
14:20:24,UNVR,RG,4920,94,D,PD,ZP,F
14:20:24,UNVR,RG,4920,24,D,PD,ZP,F
14:20:24,UNVR,RG,4920,81,D,PD,ZP,F
14:20:24,UNVR,RG,4920,56,D,PD,DX,F
14:20:24,UNVR,RG,4920,150,D,PD,DX,F
14:20:24,UNVR,RG,4920,93,D,PD,DX,F
14:20:24,UNVR,RG,4920,40,D,PD,PD,D
14:20:24,UNVR,RG,4920,5,D,PD,DH,D
14:20:24,UNVR,RG,4920,8,D,PD,DR,D
14:20:24,UNVR,RG,4920,1,D,PD,PD,D
14:20:24,UNVR,RG,4920,1,D,PD,ZP,F
14:20:24,UNVR,RG,4920,5,D,PD,XC,D
14:20:24,UNVR,RG,4920,11,D,PD,SQ,D
14:20:24,UNVR,RG,4920,1,D,PD,YP,D
14:20:24,UNVR,RG,4920,81,D,PD,DX,F
14:20:24,UNVR,RG,4920,11,D,PD,DX,F
14:20:24,UNVR,RG,4920,41,D,PD,DX,F
14:20:22,UNVR,RG,4910,27,D,PD,XC,D
14:20:20,UNVR,RG,4920,1,D,AZ,DX,F
14:20:18,UNVR,RG,4920,1,D,PD,DX,F
14:20:18,UNVR,RG,4920,118,D,PD,DX,F
14:20:18,UNVR,RG,4920,25,D,PD,PD,D
14:20:18,UNVR,RG,4920,185,D,PD,CC,F
14:20:18,UNVR,RG,4920,459,D,PD,CC,D
14:20:18,UNVR,RG,4920,217,D,PD,CC,D
14:20:18,UNVR,RG,4920,76,D,PD,OD,D
14:20:18,UNVR,RG,4920,8,D,PD,SQ,D
14:20:18,UNVR,RG,4920,30,D,PD,SQ,D
14:20:18,UNVR,RG,4920,15,D,PD,SQ,D
14:20:18,UNVR,RG,4920,54,D,PD,BB,D
14:20:18,UNVR,RG,4920,222,D,PD,BB,D
14:20:18,UNVR,RG,4920,137,D,PD,BB,D
14:20:17,UNVR,RG,4920,150,D,PD,BB,D
14:20:17,UNVR,RG,4920,90,D,PD,BB,D
14:20:17,UNVR,RG,4920,6,D,PD,ZP,F
14:20:17,UNVR,RG,4920,7,D,PD,AK,F
14:20:17,UNVR,RG,4920,51,D,PD,ZP,F
14:20:17,UNVR,RG,4920,92,D,PD,AK,F
14:20:17,UNVR,RG,4920,11,D,PD,AK,F
14:20:17,UNVR,RG,4920,41,D,PD,AK,F
14:20:16,UNVR,RG,4920,4,D,CS,AK,F
14:20:08,UNVR,RG,4920,1,D,YU,AK,F
14:20:05,UNVR,RG,4920,7,D,BB,AK,F
14:19:50,UNVR,RG,4910,10,D,PD,YP,D
14:19:48,UNVR,RG,4910,4,D,PD,PD,D
14:19:48,UNVR,RG,4910,10,D,PD,NI,D
14:19:44,UNVR,RG,4910,1,D,PD,XC,D
14:19:43,UNVR,RG,4910,80,D,PD,CC,D
14:19:29,UNVR,RG,4910,6,D,PD,XC,D
14:19:24,UNVR,RG,4920,1,D,PD,AK,F
14:19:19,UNVR,RG,4920,14,D,BB,AK,F
14:19:18,UNVR,RG,4920,8,D,AR,AK,F
14:19:18,UNVR,RG,4920,76,F,BB,AK,F
14:19:17,UNVR,RG,4910,1,D,PD,XL,D
14:19:15,UNVR,RG,4920,2,D,BB,AK,F
14:19:14,UNVR,RG,4920,5,D,BB,AK,F
14:19:08,UNVR,RG,4920,2,D,BB,AK,F
14:19:05,UNVR,RG,4920,2,D,BB,AK,F
14:19:05,UNVR,RG,4920,20,F,BB,AK,F
14:19:05,UNVR,RG,4920,5,D,BB,AK,F
14:18:59,UNVR,RG,4920,9,D,BB,AK,F
14:18:53,UNVR,RG,4920,1,D,BB,AK,F
14:18:53,UNVR,RG,4920,21,F,BB,AK,F
14:18:51,UNVR,RG,4920,3,D,BB,AK,F
14:18:48,UNVR,RG,4920,2,D,BB,AK,F
14:18:47,UNVR,RG,4910,9,D,PD,XL,D
14:18:45,UNVR,RG,4910,229,D,PD,EP,D
14:18:45,UNVR,RG,4910,1,D,PD,EP,D
14:18:43,UNVR,RG,4920,3,D,PD,AK,F
14:18:42,UNVR,RG,4910,7,D,PD,XC,D
14:18:41,UNVR,RG,4910,92,D,PD,ZP,F
14:18:41,UNVR,RG,4910,9,D,PD,SQ,D
14:18:41,UNVR,RG,4910,30,D,PD,SQ,D
14:18:41,UNVR,RG,4910,1,D,PD,ZP,F
14:18:41,UNVR,RG,4910,85,D,PD,ZP,F
14:18:41,UNVR,RG,4910,12,D,PD,ZP,F
14:18:41,UNVR,RG,4910,2,D,PD,YP,D
14:18:41,UNVR,RG,4910,185,D,PD,CC,F
14:18:41,UNVR,RG,4910,34,D,PD,YU,F
14:18:41,UNVR,RG,4910,15,D,PD,SQ,D
14:18:41,UNVR,RG,4910,25,D,PD,YU,F
14:18:41,UNVR,RG,4910,102,D,PD,DX,F
14:18:41,UNVR,RG,4910,334,D,PD,DX,F
14:18:41,UNVR,RG,4910,206,D,PD,DX,F
14:18:41,UNVR,RG,4910,225,D,PD,DX,F
14:18:40,UNVR,RG,4910,240,D,PD,DX,F
14:18:40,UNVR,RG,4910,18,D,PD,BK,F
14:18:40,UNVR,RG,4910,5,D,PD,ZP,F
14:18:40,UNVR,RG,4910,107,D,PD,ZP,F
14:18:40,UNVR,RG,4910,17,D,PD,ZP,F
14:18:40,UNVR,RG,4910,1,D,YP,ZP,F
14:18:40,UNVR,RG,4910,62,D,PD,ZP,F
14:18:39,UNVR,RG,4900,2,D,PD,YP,D
14:18:39,UNVR,RG,4910,1,F,BB,ZP,F
14:18:38,UNVR,RG,4900,5,D,PD,HP,D
14:18:38,UNVR,RG,4900,3,D,XL,HP,D
14:18:38,UNVR,RG,4900,10,D,SQ,HP,D
14:18:38,UNVR,RG,4900,10,D,XL,HP,D
14:18:38,UNVR,RG,4900,1,D,XC,HP,D
14:18:38,UNVR,RG,4900,5,D,YP,HP,D
14:18:38,UNVR,RG,4900,16,D,DH,HP,D
14:18:38,UNVR,RG,4900,1,D,XC,HP,D
14:18:38,UNVR,RG,4900,3,D,NI,HP,D
14:18:38,UNVR,RG,4900,1,D,DR,HP,D
14:18:38,UNVR,RG,4900,1,D,NI,HP,D
14:18:38,UNVR,RG,4900,4,D,DR,HP,D
14:18:37,UNVR,RG,4910,1,D,BB,ZP,F
14:18:32,UNVR,RG,4900,1,D,DR,XL,D
14:18:32,UNVR,RG,4910,1,D,AT,ZP,F
14:18:32,UNVR,RG,4900,1,D,DR,PD,D
14:18:30,UNVR,RG,4900,10,D,DR,YP,D
14:18:28,UNVR,RG,4900,3,D,DR,YU,D
14:18:28,UNVR,RG,4910,2,D,BB,ZP,F
14:18:27,UNVR,RG,4900,25,D,DR,YP,D
14:18:27,UNVR,RG,4900,6,D,DR,YP,D
14:18:27,UNVR,RG,4900,12,D,DR,YP,D
14:18:26,UNVR,RG,4900,38,D,DR,NI,D
14:18:26,UNVR,RG,4900,10,D,DX,NI,D
14:18:26,UNVR,RG,4900,76,D,BB,NI,D
14:18:19,UNVR,RG,4900,2,D,BB,NI,D
14:18:14,UNVR,RG,4900,1,D,BB,YP,D
14:18:07,UNVR,RG,4900,100,D,BB,BQ,D
14:18:05,UNVR,RG,4900,26,D,BB,KK,D
14:18:05,UNVR,RG,4900,4,D,BB,KK,D
14:17:59,UNVR,RG,4900,20,D,BB,YP,D
14:17:58,UNVR,RG,4910,2,F,BB,ZP,F
14:17:57,UNVR,RG,4910,14,D,CC,ZP,F
14:17:57,UNVR,RG,4910,42,D,CC,ZP,F
14:17:57,UNVR,RG,4910,8,D,CC,ZP,F
14:17:57,UNVR,RG,4910,1,D,CC,LG,D
14:17:57,UNVR,RG,4910,159,D,CC,CC,F
14:17:55,UNVR,RG,4900,7,D,BB,LG,D
14:17:54,UNVR,RG,4910,1,D,XL,CC,F
14:17:49,UNVR,RG,4900,1,D,BB,XC,D
14:17:49,UNVR,RG,4900,3,D,BB,XC,D
14:17:48,UNVR,RG,4910,140,F,AK,CC,F
14:17:45,UNVR,RG,4910,1,F,BB,CC,F
14:17:41,UNVR,RG,4910,4,D,CS,CC,F
14:17:41,UNVR,RG,4910,10,D,DX,CC,F
14:17:41,UNVR,RG,4910,18,F,BK,CC,F
14:17:41,UNVR,RG,4910,35,D,YU,CC,F
14:17:41,UNVR,RG,4910,1,D,PD,CC,F
14:17:41,UNVR,RG,4910,19,F,BK,CC,F
14:17:41,UNVR,RG,4910,1,D,XC,CC,F
14:17:41,UNVR,RG,4910,5,D,PD,CC,F
14:17:41,UNVR,RG,4910,6,D,EP,CC,F
14:17:38,UNVR,RG,4910,2,D,EP,XC,D
14:17:35,UNVR,RG,4920,1,D,XC,AK,F
14:17:24,UNVR,RG,4920,4,D,XC,AK,F
14:17:22,UNVR,RG,4900,3,D,BB,XC,D
14:17:19,UNVR,RG,4900,186,D,BB,BB,D
14:17:19,UNVR,RG,4900,37,F,BB,BB,D
14:17:18,UNVR,RG,4910,7,D,PD,BB,D
14:17:18,UNVR,RG,4910,2,D,EP,BB,D
14:17:18,UNVR,RG,4910,7,D,CS,BB,D
14:17:18,UNVR,RG,4910,3,D,PD,BB,D
14:17:18,UNVR,RG,4910,2,D,CC,BB,D
14:17:18,UNVR,RG,4910,1,D,YP,BB,D
14:17:18,UNVR,RG,4910,19,F,BK,BB,D
14:17:18,UNVR,RG,4910,19,F,BK,BB,D
14:17:18,UNVR,RG,4910,9,D,XC,BB,D
14:17:18,UNVR,RG,4910,2,D,YP,BB,D
14:17:18,UNVR,RG,4910,5,D,YB,BB,D
14:17:18,UNVR,RG,4910,2,D,YP,BB,D
14:17:18,UNVR,RG,4910,10,D,CC,BB,D
14:17:18,UNVR,RG,4910,3,D,OD,BB,D
14:17:18,UNVR,RG,4910,1,D,XC,BB,D
14:17:18,UNVR,RG,4910,80,D,AZ,BB,D
14:17:18,UNVR,RG,4910,1,D,EP,BB,D
14:17:18,UNVR,RG,4910,1,D,KK,BB,D
14:17:18,UNVR,RG,4910,1,D,PD,BB,D
14:17:18,UNVR,RG,4910,2,D,PD,BB,D
14:17:18,UNVR,RG,4910,143,D,SQ,BB,D
14:17:17,UNVR,RG,4910,1,D,SQ,NI,D
14:17:14,UNVR,RG,4920,2,D,XC,AK,F
14:17:02,UNVR,RG,4920,4,D,PD,AK,F
14:17:02,UNVR,RG,4920,1,D,PD,ZP,F
14:17:02,UNVR,RG,4910,20,D,SQ,PD,D
14:16:58,UNVR,RG,4910,4,D,SQ,AZ,D
14:16:58,UNVR,RG,4910,32,D,SQ,ZP,F
14:16:58,UNVR,RG,4910,1,D,DH,ZP,F
14:16:58,UNVR,RG,4910,3,D,CC,ZP,F
14:16:58,UNVR,RG,4910,7,D,AZ,ZP,F
14:16:58,UNVR,RG,4910,112,D,DR,ZP,F
14:16:58,UNVR,RG,4910,5,D,YB,ZP,F
14:16:58,UNVR,RG,4910,2,D,LG,ZP,F
14:16:58,UNVR,RG,4910,5,D,YP,ZP,F
14:16:58,UNVR,RG,4910,1,D,YP,ZP,F
14:16:58,UNVR,RG,4910,11,D,YP,ZP,F
14:16:58,UNVR,RG,4910,3,D,XC,ZP,F
14:16:58,UNVR,RG,4910,3,D,TP,ZP,F
14:16:58,UNVR,RG,4910,10,D,YP,ZP,F
14:16:58,UNVR,RG,4910,2,D,YP,ZP,F
14:16:58,UNVR,RG,4910,1,D,YP,ZP,F
14:16:58,UNVR,RG,4910,1,D,DH,ZP,F
14:16:58,UNVR,RG,4910,10,D,PD,ZP,F
14:16:58,UNVR,RG,4910,50,D,AZ,ZP,F
14:16:58,UNVR,RG,4910,9,D,NI,ZP,F
14:16:58,UNVR,RG,4910,1,D,NI,ZP,F
14:16:58,UNVR,RG,4910,1,D,YP,ZP,F
14:16:58,UNVR,RG,4910,5,D,XL,ZP,F
14:16:58,UNVR,RG,4910,10,D,PD,ZP,F
14:16:58,UNVR,RG,4910,30,D,AZ,ZP,F
14:16:58,UNVR,RG,4910,1,D,YP,ZP,F
14:16:58,UNVR,RG,4910,5,D,YJ,ZP,F
14:16:58,UNVR,RG,4910,1,D,XC,ZP,F
14:16:58,UNVR,RG,4910,1,D,NI,ZP,F
14:16:58,UNVR,RG,4910,9,D,YP,ZP,F
14:16:56,UNVR,RG,4910,1,D,YP,KK,D
14:16:56,UNVR,RG,4910,1,D,CC,KK,D
14:16:56,UNVR,RG,4920,1,D,XC,ZP,F
14:16:50,UNVR,RG,4920,5,D,XL,ZP,F
14:16:49,UNVR,RG,4920,1,D,XC,ZP,F
14:16:47,UNVR,RG,4920,3,D,XL,ZP,F
14:16:46,UNVR,RG,4920,3,D,CC,ZP,F
14:16:42,UNVR,RG,4920,2,D,XC,ZP,F
14:16:38,UNVR,RG,4920,1,D,PD,ZP,F
14:16:38,UNVR,RG,4920,2,D,EP,ZP,F
14:16:38,UNVR,RG,4920,1,D,XC,ZP,F
14:16:38,UNVR,RG,4920,49,F,BK,ZP,F
14:16:38,UNVR,RG,4920,26,D,AZ,ZP,F
14:16:38,UNVR,RG,4920,24,D,AZ,ZP,F
14:16:38,UNVR,RG,4920,7,F,AK,ZP,F
14:16:38,UNVR,RG,4920,23,F,AK,ZP,F
14:16:38,UNVR,RG,4920,2,D,CS,ZP,F
14:16:38,UNVR,RG,4920,1,D,LG,ZP,F
14:16:38,UNVR,RG,4920,7,F,BK,ZP,F
14:16:37,UNVR,RG,4920,10,F,BK,SQ,D
14:16:37,UNVR,RG,4920,5,D,CS,SQ,D
14:16:37,UNVR,RG,4920,1,D,PD,SQ,D
14:16:37,UNVR,RG,4920,1,F,AK,SQ,D
14:16:37,UNVR,RG,4920,22,F,BK,SQ,D
14:16:37,UNVR,RG,4920,1,F,ZP,SQ,D
14:16:37,UNVR,RG,4920,252,D,BB,SQ,D
14:16:37,UNVR,RG,4920,1435,F,BB,SQ,D
14:16:37,UNVR,RG,4920,46,D,BB,SQ,D
14:16:37,UNVR,RG,4920,227,D,BB,SQ,D
14:16:15,UNVR,RG,4930,1,D,CC,ZP,F
14:16:11,UNVR,RG,4920,2,D,BB,XL,D
14:16:10,UNVR,RG,4920,4,D,BB,CC,D
14:16:09,UNVR,RG,4920,3,D,BB,AK,F
14:16:09,UNVR,RG,4930,2,D,EP,ZP,F
14:16:09,UNVR,RG,4930,1,D,EP,ZP,F
14:16:08,UNVR,RG,4920,1,D,BB,YP,D
14:16:08,UNVR,RG,4920,10,D,BB,LG,D
14:15:51,UNVR,RG,4920,3,D,BB,XC,D
14:15:45,UNVR,RG,4920,1,D,BB,AK,F
14:15:44,UNVR,RG,4920,4,D,BB,KK,D
14:15:43,UNVR,RG,4920,13,D,BB,AK,F
14:15:41,UNVR,RG,4920,1,D,YP,LG,D
14:15:41,UNVR,RG,4920,15,D,OD,LG,D
14:15:41,UNVR,RG,4920,1,D,YP,LG,D
14:15:41,UNVR,RG,4920,1,D,CC,LG,D
14:15:41,UNVR,RG,4920,4,D,CS,LG,D
14:15:41,UNVR,RG,4920,2,F,AK,LG,D
14:15:41,UNVR,RG,4920,2,F,AK,LG,D
14:15:41,UNVR,RG,4920,27,F,AK,LG,D
14:15:41,UNVR,RG,4920,3,D,CC,LG,D
14:15:41,UNVR,RG,4920,2,D,PD,LG,D
14:15:41,UNVR,RG,4920,1,D,PD,LG,D
14:15:41,UNVR,RG,4920,23,D,PD,LG,D
14:15:37,UNVR,RG,4920,1,D,PD,AK,F
14:15:36,UNVR,RG,4930,1,D,XC,ZP,F
14:15:22,UNVR,RG,4920,1,D,PD,DX,D
14:15:03,UNVR,RG,4920,1,D,PD,AK,F
14:15:02,UNVR,RG,4920,7,D,PD,PD,D
14:14:53,UNVR,RG,4930,1,D,PD,ZP,F
14:14:42,UNVR,RG,4920,1,D,PD,AK,F
14:14:41,UNVR,RG,4920,5,D,PD,PD,D
14:14:24,UNVR,RG,4920,3,D,PD,KK,D
14:14:04,UNVR,RG,4920,58,D,PD,AK,F
14:14:04,UNVR,RG,4920,3,D,IH,AK,F
14:14:04,UNVR,RG,4920,1,D,YP,AK,F
14:14:04,UNVR,RG,4920,1,D,PD,AK,F
14:14:04,UNVR,RG,4920,10,D,NI,AK,F
14:14:04,UNVR,RG,4920,5,D,XC,AK,F
14:14:04,UNVR,RG,4920,1,D,XL,AK,F
14:14:04,UNVR,RG,4920,2,D,XC,AK,F
14:14:04,UNVR,RG,4920,303,D,CC,AK,F
14:14:04,UNVR,RG,4920,10,D,CC,AK,F
14:14:04,UNVR,RG,4920,31,D,AZ,AK,F
14:14:04,UNVR,RG,4920,1,D,AT,AK,F
14:14:04,UNVR,RG,4920,5,D,PD,AK,F
14:14:04,UNVR,RG,4920,6,F,ZP,AK,F
14:14:04,UNVR,RG,4920,1,D,YP,AK,F
14:14:04,UNVR,RG,4920,1,D,CC,AK,F
14:14:04,UNVR,RG,4920,1,F,AK,AK,F
14:14:04,UNVR,RG,4920,2,F,AK,AK,F
14:14:04,UNVR,RG,4920,30,F,BK,AK,F
14:14:04,UNVR,RG,4920,20,F,BK,AK,F
14:14:04,UNVR,RG,4920,12,F,AK,AK,F
14:14:04,UNVR,RG,4920,1701,F,BB,AK,F
14:14:04,UNVR,RG,4920,299,D,BB,AK,F
14:14:04,UNVR,RG,4920,10,D,XL,AK,F
14:14:04,UNVR,RG,4920,1,D,YP,AK,F
14:14:04,UNVR,RG,4920,1,F,AK,AK,F
14:14:04,UNVR,RG,4920,1,F,AK,AK,F
14:14:04,UNVR,RG,4920,13,F,AK,AK,F
14:14:04,UNVR,RG,4920,50,D,AZ,AK,F
14:14:04,UNVR,RG,4920,1,D,CC,AK,F
14:14:04,UNVR,RG,4920,56,F,BK,AK,F
14:14:04,UNVR,RG,4920,1,D,NI,AK,F
14:14:04,UNVR,RG,4920,22,F,BK,AK,F
14:14:04,UNVR,RG,4920,193,D,KK,AK,F
14:14:04,UNVR,RG,4930,2,D,NI,AK,F
14:14:04,UNVR,RG,4930,1,D,YP,AK,F
14:14:04,UNVR,RG,4930,9,D,CS,AK,F
14:14:04,UNVR,RG,4930,5,D,SQ,AK,F
14:14:04,UNVR,RG,4930,25,F,BK,AK,F
14:14:04,UNVR,RG,4930,5,F,BK,AK,F
14:14:00,UNVR,RG,4940,2,F,AK,SQ,D
14:13:55,UNVR,RG,4930,13,F,BK,CC,D
14:13:55,UNVR,RG,4930,5,D,XC,CC,D
14:13:55,UNVR,RG,4930,1,D,PD,CC,D
14:13:55,UNVR,RG,4930,81,D,PD,CC,D
14:13:48,UNVR,RG,4930,38,D,PD,DH,D
14:13:46,UNVR,RG,4930,5,D,PD,XC,D
14:13:45,UNVR,RG,4930,25,D,PD,XL,D
14:13:45,UNVR,RG,4930,5,D,PD,XC,D
14:13:36,UNVR,RG,4930,1,D,PD,PD,D
14:13:36,UNVR,RG,4930,50,D,PD,YP,D
14:13:36,UNVR,RG,4930,2,D,PD,XC,D
14:13:33,UNVR,RG,4930,11,D,PD,XC,D
14:13:25,UNVR,RG,4930,7,D,PD,NI,D
14:13:25,UNVR,RG,4930,107,D,PD,AK,F
14:13:25,UNVR,RG,4930,37,D,PD,AK,F
14:13:25,UNVR,RG,4930,13,D,PD,SQ,D
14:13:25,UNVR,RG,4930,289,D,PD,CC,F
14:13:25,UNVR,RG,4930,93,D,PD,ZP,F
14:13:25,UNVR,RG,4930,24,D,PD,DX,F
14:13:25,UNVR,RG,4930,400,D,PD,DX,F
14:13:25,UNVR,RG,4930,26,D,PD,DX,F
14:13:25,UNVR,RG,4930,197,D,PD,AK,F
14:13:25,UNVR,RG,4930,41,D,PD,AK,F
14:13:25,UNVR,RG,4930,2,D,PD,ZP,F
14:13:25,UNVR,RG,4930,15,D,PD,ZP,F
14:13:25,UNVR,RG,4930,2,D,PD,ZP,F
14:13:25,UNVR,RG,4930,11,D,PD,ZP,F
14:13:25,UNVR,RG,4930,66,D,PD,CC,F
14:13:25,UNVR,RG,4930,150,D,PD,CC,F
14:13:25,UNVR,RG,4930,247,D,PD,CC,F
14:13:25,UNVR,RG,4930,11,D,PD,CC,F
14:13:25,UNVR,RG,4930,41,D,PD,CC,F
14:13:11,UNVR,RG,4930,2,D,XL,CC,F
14:13:09,UNVR,RG,4930,17,F,BK,CC,F
14:13:09,UNVR,RG,4930,1,F,ZP,CC,F
14:13:09,UNVR,RG,4930,26,F,BK,CC,F
14:13:06,UNVR,RG,4930,2,F,BK,YP,D
14:12:56,UNVR,RG,4930,2,F,BK,SQ,D
14:12:56,UNVR,RG,4930,1,D,CC,SQ,D
14:12:56,UNVR,RG,4930,4,D,XC,SQ,D
14:12:56,UNVR,RG,4930,1,D,NI,SQ,D
14:12:56,UNVR,RG,4930,1,D,CC,SQ,D
14:12:56,UNVR,RG,4930,3,D,NI,SQ,D
14:12:56,UNVR,RG,4930,8,F,BK,SQ,D
14:12:47,UNVR,RG,4940,3,D,NI,SQ,D
14:12:44,UNVR,RG,4930,2,F,BK,NI,D
14:12:39,UNVR,RG,4930,1,F,BK,XL,D
14:12:32,UNVR,RG,4930,3,F,BK,YP,D
14:12:32,UNVR,RG,4930,9,F,BK,EP,D
14:12:32,UNVR,RG,4930,7,F,ZP,EP,D
14:12:32,UNVR,RG,4930,17,F,BK,EP,D
14:12:32,UNVR,RG,4930,1,D,NI,EP,D
14:12:32,UNVR,RG,4930,1,D,XC,EP,D
14:12:32,UNVR,RG,4930,15,D,XC,EP,D
14:12:31,UNVR,RG,4930,7,D,XC,OD,D
14:12:28,UNVR,RG,4930,9,D,XC,SQ,D
14:12:28,UNVR,RG,4930,5,D,XC,RO,D
14:12:25,UNVR,RG,4930,10,D,XC,PD,D
14:12:22,UNVR,RG,4930,2,D,XC,YP,D
14:12:22,UNVR,RG,4930,5,D,TP,YP,D
14:12:22,UNVR,RG,4930,50,D,AZ,YP,D
14:12:22,UNVR,RG,4930,6,D,CS,YP,D
14:12:22,UNVR,RG,4930,2,D,CS,YP,D
14:12:22,UNVR,RG,4930,15,F,BK,YP,D
14:12:21,UNVR,RG,4930,20,F,BK,LG,D
14:12:20,UNVR,RG,4930,129,F,BK,YP,D
14:12:20,UNVR,RG,4930,71,F,BK,YP,D
14:12:13,UNVR,RG,4930,5,F,BK,HP,D
