Time,Stock,Brd,Price,Qty,BT,BC,SC,ST
15:14:50,UNVR,RG,4250,14,D,YB,AZ,D
15:13:56,UNVR,RG,4250,1,D,YB,YP,D
15:13:12,UNVR,RG,4250,4,D,YB,KK,D
15:12:45,UNVR,RG,4250,16,D,YB,KK,D
15:12:16,UNVR,RG,4250,2,D,YB,YP,D
15:11:38,UNVR,RG,4250,1,D,YB,KK,D
15:11:34,UNVR,RG,4250,1,D,YB,CC,D
15:11:03,UNVR,RG,4250,1,D,YB,PD,D
15:10:38,UNVR,RG,4250,50,D,YB,AI,D
15:10:28,UNVR,RG,4250,20,D,YB,NI,D
15:09:29,UNVR,RG,4250,1,D,YB,XL,D
15:08:57,UNVR,RG,4250,50,D,YB,XA,D
15:08:57,UNVR,RG,4250,19,D,YB,EP,D
15:08:57,UNVR,RG,4250,5,D,YB,EP,D
15:08:57,UNVR,RG,4250,30,D,YB,DH,D
15:08:57,UNVR,RG,4250,50,D,YB,SQ,D
15:08:57,UNVR,RG,4250,20,D,YB,AT,D
15:08:57,UNVR,RG,4250,100,D,YB,PD,D
15:08:57,UNVR,RG,4250,100,D,YB,PD,D
15:08:57,UNVR,RG,4250,100,D,YB,CC,F
15:08:57,UNVR,RG,4250,10,D,YB,KK,D
15:08:57,UNVR,RG,4250,20,D,YB,CC,D
15:08:57,UNVR,RG,4250,25,D,YB,LS,D
15:08:57,UNVR,RG,4250,10,D,YB,KK,D
15:08:57,UNVR,RG,4250,10,D,YB,GR,D
15:08:57,UNVR,RG,4250,29,D,YB,CC,D
15:08:32,UNVR,RG,4250,1,D,XC,CC,D
15:08:31,UNVR,RG,4250,12,D,XC,CC,D
15:08:00,UNVR,RG,4250,7,D,KK,CC,D
15:07:49,UNVR,RG,4250,2,D,PD,CC,D
15:07:22,UNVR,RG,4250,47,D,YP,CC,D
15:07:05,UNVR,RG,4250,47,D,YP,CC,D
15:07:04,UNVR,RG,4250,4,D,OD,CC,D
15:07:01,UNVR,RG,4250,1,D,XC,CC,D
15:06:38,UNVR,RG,4250,4,D,PD,DH,D
15:06:38,UNVR,RG,4250,2,D,PD,DR,D
15:06:29,UNVR,RG,4250,1,D,XC,DR,D
15:06:25,UNVR,RG,4250,10,D,OD,DR,D
15:06:23,UNVR,RG,4250,5,D,PD,DR,D
15:06:18,UNVR,RG,4250,2,D,PO,DR,D
15:06:18,UNVR,RG,4250,3,D,PO,GR,D
15:05:56,UNVR,RG,4250,2,D,YP,GR,D
15:05:41,UNVR,RG,4250,2,D,XC,GR,D
15:05:36,UNVR,RG,4250,3,D,AT,GR,D
15:05:36,UNVR,RG,4250,2,D,AT,ZP,D
15:05:32,UNVR,RG,4250,3,D,OD,ZP,D
15:05:02,UNVR,RG,4250,1,D,YP,ZP,D
15:04:14,UNVR,RG,4250,2,D,XC,ZP,D
15:03:56,UNVR,RG,4250,2,D,CC,ZP,D
15:03:53,UNVR,RG,4250,2,D,KK,ZP,D
15:03:11,UNVR,RG,4250,1,D,AT,ZP,D
15:03:05,UNVR,RG,4250,1,D,NI,ZP,D
15:03:05,UNVR,RG,4250,3,D,NI,CS,F
15:03:04,UNVR,RG,4250,1,D,XC,CS,F
15:01:03,UNVR,RG,4250,1,D,YP,CS,F
15:01:02,UNVR,RG,4250,10,D,DH,CS,F
15:00:00,UNVR,RG,4250,3,D,EP,CS,F
15:00:00,UNVR,RG,4250,10,D,PD,CS,F
15:00:00,UNVR,RG,4250,2,D,YP,CS,F
15:00:00,UNVR,RG,4250,1,D,EP,CS,F
15:00:00,UNVR,RG,4250,1,D,XL,CS,F
15:00:00,UNVR,RG,4250,3,D,XC,CS,F
15:00:00,UNVR,RG,4250,10,D,NI,CS,F
15:00:00,UNVR,RG,4250,3,D,CC,CS,F
15:00:00,UNVR,RG,4250,1,D,XC,CS,F
15:00:00,UNVR,RG,4250,1,D,YP,CS,F
15:00:00,UNVR,RG,4250,1,D,XC,CS,F
15:00:00,UNVR,RG,4250,1,D,PD,CS,F
15:00:00,UNVR,RG,4250,20,D,YP,CS,F
15:00:00,UNVR,RG,4250,325,D,HP,CS,F
15:00:00,UNVR,RG,4250,40,D,PC,CS,F
15:00:00,UNVR,RG,4250,100,D,CC,CS,F
15:00:00,UNVR,RG,4250,1,D,YP,CS,F
15:00:00,UNVR,RG,4250,1,D,YP,CS,F
15:00:00,UNVR,RG,4250,1,D,YP,CS,F
15:00:00,UNVR,RG,4250,12,D,PD,CS,F
15:00:00,UNVR,RG,4250,1,D,PD,CS,F
15:00:00,UNVR,RG,4250,1,D,EP,CS,F
15:00:00,UNVR,RG,4250,100,D,KK,CS,F
15:00:00,UNVR,RG,4250,5,D,YP,CS,F
15:00:00,UNVR,RG,4250,10,D,OD,CS,F
15:00:00,UNVR,RG,4250,120,D,PD,CS,F
15:00:00,UNVR,RG,4250,5,D,YP,CS,F
15:00:00,UNVR,RG,4250,101,D,DH,CS,F
15:00:00,UNVR,RG,4250,50,D,DH,DH,D
15:00:00,UNVR,RG,4250,5,D,DH,DX,D
15:00:00,UNVR,RG,4250,115,D,DH,YP,D
15:00:00,UNVR,RG,4250,100,D,DH,XA,D
15:00:00,UNVR,RG,4250,50,D,DH,MI,D
15:00:00,UNVR,RG,4250,2,D,DH,NI,D
15:00:00,UNVR,RG,4250,2,D,DH,PD,D
15:00:00,UNVR,RG,4250,8,D,DH,KK,D
15:00:00,UNVR,RG,4250,10,D,DH,KK,D
15:00:00,UNVR,RG,4250,10,D,DH,YP,D
15:00:00,UNVR,RG,4250,50,D,DH,SQ,D
15:00:00,UNVR,RG,4250,20,D,DH,YP,D
15:00:00,UNVR,RG,4250,5,D,DH,EP,D
15:00:00,UNVR,RG,4250,10,D,DH,CC,D
15:00:00,UNVR,RG,4250,145,D,DH,PD,D
15:00:00,UNVR,RG,4250,2,D,DH,PD,D
15:00:00,UNVR,RG,4250,5,D,DH,OD,D
15:00:00,UNVR,RG,4250,400,D,DH,LS,D
15:00:00,UNVR,RG,4250,10,D,DH,PD,D
15:00:00,UNVR,RG,4250,800,D,DH,YP,D
15:00:00,UNVR,RG,4250,20,D,ID,YP,D
15:00:00,UNVR,RG,4250,4,F,BK,YP,D
15:00:00,UNVR,RG,4250,1,F,BK,PD,D
15:00:00,UNVR,RG,4250,10,F,BK,CC,D
15:00:00,UNVR,RG,4250,6,F,BK,XC,D
15:00:00,UNVR,RG,4250,10,F,BK,XC,D
15:00:00,UNVR,RG,4250,2,F,BK,XC,D
15:00:00,UNVR,RG,4250,1,F,BK,OD,D
15:00:00,UNVR,RG,4250,2,F,BK,HP,D
15:00:00,UNVR,RG,4250,75,F,BK,PD,D
15:00:00,UNVR,RG,4250,15,F,BK,YP,D
15:00:00,UNVR,RG,4250,30,F,BK,DR,D
15:00:00,UNVR,RG,4250,500,F,BK,CP,D
15:00:00,UNVR,RG,4250,5,F,BK,GI,D
15:00:00,UNVR,RG,4250,1,F,BK,ZP,F
15:00:00,UNVR,RG,4250,374,F,BK,ZP,F
15:00:00,UNVR,RG,4250,156,F,BK,KZ,D
15:00:00,UNVR,RG,4250,334,F,BK,KZ,D
15:00:00,UNVR,RG,4250,215,F,ZP,KZ,D
15:00:00,UNVR,RG,4250,457,F,ZP,ZP,F
15:00:00,UNVR,RG,4250,2979,F,DP,ZP,F
15:00:00,UNVR,RG,4250,1182,F,DP,AK,F
15:00:00,UNVR,RG,4250,17,F,DP,AK,F
15:00:00,UNVR,RG,4250,52,F,DP,AK,F
15:00:00,UNVR,RG,4250,126,F,DP,RX,D
15:00:00,UNVR,RG,4250,76,F,ZP,RX,D
15:00:00,UNVR,RG,4250,20,F,ZP,RX,D
15:00:00,UNVR,RG,4250,895,F,CS,RX,D
15:00:00,UNVR,RG,4250,22,F,CS,KK,D
15:00:00,UNVR,RG,4250,659,F,CS,YU,D
15:00:00,UNVR,RG,4250,451,F,DX,YU,D
15:00:00,UNVR,RG,4250,896,F,AK,YU,D
15:00:00,UNVR,RG,4250,62,F,AK,YU,D
15:00:00,UNVR,RG,4250,53,F,AK,YU,D
15:00:00,UNVR,RG,4250,20,F,AK,YU,D
15:00:00,UNVR,RG,4250,9,F,AK,YU,D
15:00:00,UNVR,RG,4250,24,F,AK,YU,D
15:00:00,UNVR,RG,4250,4,D,CC,YU,D
15:00:00,UNVR,RG,4250,78,F,YU,YU,D
15:00:00,UNVR,RG,4250,92,F,YU,PD,D
15:00:00,UNVR,RG,4250,170,F,YU,PD,D
15:00:00,UNVR,RG,4250,145,F,YU,PD,D
15:00:00,UNVR,RG,4250,25,F,YU,LG,D
14:49:59,UNVR,RG,4250,1,F,AK,YP,D
14:49:58,UNVR,RG,4250,1,F,ZP,YP,D
14:49:56,UNVR,RG,4250,9,F,BK,YP,D
14:49:54,UNVR,RG,4250,1,F,ZP,YP,D
14:49:53,UNVR,RG,4250,1,F,ZP,YP,D
14:49:51,UNVR,RG,4240,5,D,XC,ZP,F
14:49:51,UNVR,RG,4250,5,D,XC,YP,D
14:49:49,UNVR,RG,4240,1,D,XC,ZP,F
14:49:49,UNVR,RG,4240,4,D,NI,ZP,F
14:49:49,UNVR,RG,4240,1,D,CC,ZP,F
14:49:45,UNVR,RG,4250,1,F,AK,YP,D
14:49:45,UNVR,RG,4250,1,F,AK,YP,D
14:49:45,UNVR,RG,4250,1,F,AK,YP,D
14:49:45,UNVR,RG,4240,3,D,CC,AK,F
14:49:45,UNVR,RG,4240,1,D,CC,AK,F
14:49:44,UNVR,RG,4250,4,F,ZP,YP,D
14:49:38,UNVR,RG,4240,16,D,CC,ZP,F
14:49:34,UNVR,RG,4250,12,D,RX,YP,D
14:49:32,UNVR,RG,4250,4,F,ZP,YP,D
14:49:30,UNVR,RG,4250,3,F,ZP,YP,D
14:49:30,UNVR,RG,4250,1,F,AK,YP,D
14:49:29,UNVR,RG,4250,10,D,RX,YP,D
14:49:27,UNVR,RG,4240,2,D,CC,AK,F
14:49:25,UNVR,RG,4240,2,D,CC,ZP,F
14:49:17,UNVR,RG,4250,21,D,BB,YP,D
14:49:14,UNVR,RG,4250,1,D,BB,YP,D
14:49:09,UNVR,RG,4250,13,D,BB,YP,D
14:49:07,UNVR,RG,4250,1,D,BB,YP,D
14:49:02,UNVR,RG,4250,13,F,ZP,YP,D
14:49:02,UNVR,RG,4250,15,F,ZP,YP,D
14:49:01,UNVR,RG,4240,8,D,BB,ZP,F
14:49:01,UNVR,RG,4240,12,D,BB,ZP,F
14:49:01,UNVR,RG,4240,2,F,ZP,ZP,F
14:49:01,UNVR,RG,4240,1,F,AK,ZP,F
14:49:01,UNVR,RG,4240,1,F,AK,ZP,F
14:49:00,UNVR,RG,4250,4,D,BB,YP,D
14:48:59,UNVR,RG,4250,3,D,BB,YP,D
14:48:59,UNVR,RG,4250,3,D,YP,YP,D
14:48:51,UNVR,RG,4250,5,D,CC,YP,D
14:48:49,UNVR,RG,4250,3,D,BB,YP,D
14:48:48,UNVR,RG,4250,7,D,BB,YP,D
14:48:42,UNVR,RG,4250,3,D,BB,YP,D
14:48:38,UNVR,RG,4250,7,F,ZP,YP,D
14:48:38,UNVR,RG,4250,23,F,ZP,YP,D
14:48:38,UNVR,RG,4250,5,F,ZP,AK,F
14:48:38,UNVR,RG,4250,1,F,ZP,YP,D
14:48:38,UNVR,RG,4250,1,F,ZP,XC,D
14:48:38,UNVR,RG,4250,5,F,ZP,NI,D
14:48:38,UNVR,RG,4250,6,F,ZP,XC,D
14:48:38,UNVR,RG,4250,4,F,ZP,XC,D
14:48:38,UNVR,RG,4250,15,F,ZP,YP,D
14:48:34,UNVR,RG,4250,6,D,BB,YP,D
14:48:34,UNVR,RG,4250,8,D,BB,YP,D
14:48:22,UNVR,RG,4250,5,D,BB,YP,D
14:48:16,UNVR,RG,4250,2,D,BB,YP,D
14:48:15,UNVR,RG,4240,1,F,AK,KK,D
14:48:15,UNVR,RG,4240,14,D,PD,KK,D
14:48:08,UNVR,RG,4250,27,D,BB,YP,D
14:48:08,UNVR,RG,4250,7,D,BB,YP,D
14:48:08,UNVR,RG,4250,8,D,BB,AK,F
14:48:08,UNVR,RG,4240,5,D,PD,YP,D
14:47:57,UNVR,RG,4240,19,D,PD,ZP,F
14:47:52,UNVR,RG,4240,5,D,PD,CC,D
14:47:49,UNVR,RG,4250,8,D,CS,YP,D
14:47:44,UNVR,RG,4240,3,D,PD,HP,D
14:47:33,UNVR,RG,4240,1,D,PD,AK,F
14:47:33,UNVR,RG,4240,17,D,PD,AK,F
14:47:33,UNVR,RG,4240,36,D,PD,AK,F
14:47:33,UNVR,RG,4240,10,D,LG,AK,F
14:47:33,UNVR,RG,4240,10,D,NI,AK,F
14:47:33,UNVR,RG,4240,4,F,AK,AK,F
14:47:33,UNVR,RG,4240,2,F,ZP,AK,F
14:47:33,UNVR,RG,4240,50,F,PD,AK,F
14:47:33,UNVR,RG,4240,5,D,PD,AK,F
14:47:33,UNVR,RG,4240,1,F,AK,AK,F
14:47:33,UNVR,RG,4240,2,F,ZP,AK,F
14:47:33,UNVR,RG,4240,2,D,CC,AK,F
14:47:33,UNVR,RG,4240,5,D,CC,AK,F
14:47:33,UNVR,RG,4240,5,D,YP,AK,F
14:47:33,UNVR,RG,4240,13,F,DR,AK,F
14:47:33,UNVR,RG,4240,5,D,CD,AK,F
14:47:32,UNVR,RG,4240,54,D,CD,CC,D
14:47:32,UNVR,RG,4240,5,D,DH,CC,D
14:47:32,UNVR,RG,4240,4,D,XL,CC,D
14:47:32,UNVR,RG,4240,2,F,ZP,CC,D
14:47:32,UNVR,RG,4240,5,D,NI,CC,D
14:47:32,UNVR,RG,4240,5,D,PD,CC,D
14:47:32,UNVR,RG,4240,2,D,PD,CC,D
14:47:32,UNVR,RG,4240,10,D,CS,CC,D
14:47:32,UNVR,RG,4240,36,D,BB,CC,D
14:47:32,UNVR,RG,4240,2,F,AK,CC,D
14:47:32,UNVR,RG,4240,2,D,PD,CC,D
14:47:32,UNVR,RG,4240,5,D,LG,CC,D
14:47:32,UNVR,RG,4240,1,D,YP,CC,D
14:47:32,UNVR,RG,4240,7,F,AK,CC,D
14:47:32,UNVR,RG,4240,3,F,ZP,CC,D
14:47:32,UNVR,RG,4240,28,F,ZP,CC,D
14:47:32,UNVR,RG,4240,84,F,CS,CC,D
14:47:32,UNVR,RG,4240,49,F,CS,CC,D
14:47:32,UNVR,RG,4240,23,D,BB,CC,D
14:47:32,UNVR,RG,4240,223,D,PD,CC,D
14:47:32,UNVR,RG,4250,7,F,DR,YP,D
14:47:31,UNVR,RG,4250,10,D,CC,YP,D
14:47:30,UNVR,RG,4250,14,D,CC,YP,D
14:47:30,UNVR,RG,4250,9,F,DR,YP,D
14:47:27,UNVR,RG,4250,4,F,ZP,YP,D
14:47:27,UNVR,RG,4250,3,D,CS,YP,D
14:47:15,UNVR,RG,4250,5,D,CS,YP,D
14:47:14,UNVR,RG,4250,9,D,PD,YP,D
14:47:14,UNVR,RG,4250,25,D,PD,SQ,D
14:47:14,UNVR,RG,4250,10,D,PD,PD,D
14:47:14,UNVR,RG,4250,9,D,PD,YP,D
14:47:14,UNVR,RG,4250,47,D,PD,YP,D
14:47:09,UNVR,RG,4240,95,D,PD,ZP,F
14:47:09,UNVR,RG,4250,28,F,ZP,YP,D
14:47:09,UNVR,RG,4250,31,F,ZP,ZP,F
14:47:09,UNVR,RG,4250,3,F,ZP,PD,D
14:47:09,UNVR,RG,4250,10,F,ZP,KK,D
14:47:09,UNVR,RG,4250,24,F,ZP,ZP,F
14:47:09,UNVR,RG,4250,26,F,ZP,YP,D
14:47:08,UNVR,RG,4250,11,D,CS,YP,D
14:47:00,UNVR,RG,4240,59,D,PD,CC,D
14:46:47,UNVR,RG,4250,10,D,CS,YP,D
14:46:22,UNVR,RG,4250,30,D,BB,YP,D
14:45:57,UNVR,RG,4250,5,D,LG,YP,D
14:45:39,UNVR,RG,4250,17,D,BB,YP,D
14:45:31,UNVR,RG,4250,3,D,SQ,YP,D
14:45:20,UNVR,RG,4250,9,F,DR,YP,D
14:45:18,UNVR,RG,4250,17,F,ZP,YP,D
14:45:12,UNVR,RG,4250,13,F,ZP,YP,D
14:44:30,UNVR,RG,4250,39,F,YU,YP,D
14:44:30,UNVR,RG,4250,2,F,YU,PD,D
14:44:30,UNVR,RG,4250,15,F,YU,XC,D
14:44:30,UNVR,RG,4250,5,D,PD,XC,D
14:44:19,UNVR,RG,4250,5,D,CC,XC,D
14:43:31,UNVR,RG,4250,5,D,PD,PD,D
14:43:25,UNVR,RG,4250,1,D,XC,PD,D
14:43:16,UNVR,RG,4250,19,D,PD,PD,D
14:43:16,UNVR,RG,4250,1,D,PD,XL,D
14:43:08,UNVR,RG,4240,5,D,PD,YU,D
14:42:57,UNVR,RG,4250,1,D,KK,XL,D
14:42:25,UNVR,RG,4250,3,D,EP,XL,D
14:42:25,UNVR,RG,4250,1,D,EP,YP,D
14:42:19,UNVR,RG,4250,9,D,LG,YP,D
14:42:19,UNVR,RG,4250,1,D,LG,XC,D
14:42:19,UNVR,RG,4250,5,D,LG,YP,D
14:42:19,UNVR,RG,4250,1,D,LG,XC,D
14:42:19,UNVR,RG,4250,2,D,LG,YP,D
14:42:18,UNVR,RG,4240,104,D,PD,LG,D
14:42:16,UNVR,RG,4240,2,D,PD,EP,D
14:42:06,UNVR,RG,4240,13,D,PD,PD,D
14:42:05,UNVR,RG,4240,5,D,PD,PD,D
14:41:15,UNVR,RG,4240,16,D,PD,AK,F
14:41:15,UNVR,RG,4240,5,D,PD,PD,D
14:41:15,UNVR,RG,4240,35,D,PD,YP,D
14:41:15,UNVR,RG,4240,66,D,PD,ZP,F
14:41:15,UNVR,RG,4240,85,D,PD,YU,F
14:41:03,UNVR,RG,4240,1,D,XC,YU,F
14:41:00,UNVR,RG,4240,26,F,YU,YU,F
14:41:00,UNVR,RG,4240,63,D,BB,YU,F
14:41:00,UNVR,RG,4240,100,D,CP,YU,F
14:41:00,UNVR,RG,4240,29,D,CS,YU,F
14:41:00,UNVR,RG,4240,10,D,CC,YU,F
14:41:00,UNVR,RG,4240,17,F,YU,YU,F
14:41:00,UNVR,RG,4240,13,D,OD,YU,F
14:41:00,UNVR,RG,4240,31,F,CS,YU,F
14:41:00,UNVR,RG,4240,1,D,PD,YU,F
14:41:00,UNVR,RG,4240,35,F,CS,YU,F
14:41:00,UNVR,RG,4240,6,D,XC,YU,F
14:41:00,UNVR,RG,4240,2,F,ZP,YU,F
14:41:00,UNVR,RG,4240,33,F,CS,YU,F
14:41:00,UNVR,RG,4240,1,F,CS,YU,F
14:41:00,UNVR,RG,4240,1,D,PD,YU,F
14:41:00,UNVR,RG,4240,35,F,CS,YU,F
14:41:00,UNVR,RG,4240,26,D,CS,YU,F
14:41:00,UNVR,RG,4240,1,F,AK,YU,F
14:41:00,UNVR,RG,4240,5,F,AK,YU,F
14:41:00,UNVR,RG,4240,50,F,CS,YU,F
14:41:00,UNVR,RG,4240,178,D,RX,YU,F
14:41:00,UNVR,RG,4240,1,D,PD,YU,F
14:41:00,UNVR,RG,4240,16,D,CS,YU,F
14:41:00,UNVR,RG,4240,34,F,CS,YU,F
14:40:52,UNVR,RG,4240,19,F,CS,YU,F
14:40:52,UNVR,RG,4240,1,D,YP,YU,F
14:40:52,UNVR,RG,4240,25,D,NI,YU,F
14:40:52,UNVR,RG,4240,2,F,AK,YU,F
14:40:52,UNVR,RG,4240,5,F,AK,YU,F
14:40:52,UNVR,RG,4240,47,F,CS,YU,F
14:40:52,UNVR,RG,4240,35,D,CS,YU,F
14:40:52,UNVR,RG,4240,1900,D,DH,YU,F
14:40:52,UNVR,RG,4240,2,D,PD,YU,F
14:40:52,UNVR,RG,4240,48,F,CS,YU,F
14:40:52,UNVR,RG,4240,7,F,AK,YU,F
14:40:52,UNVR,RG,4240,18,F,AK,YU,F
14:40:52,UNVR,RG,4240,34,F,YU,YU,F
14:40:52,UNVR,RG,4240,20,D,XC,YU,F
14:40:52,UNVR,RG,4240,40,F,CS,YU,F
14:40:52,UNVR,RG,4240,3,F,ZP,YU,F
14:40:52,UNVR,RG,4240,23,F,CS,YU,F
14:40:52,UNVR,RG,4240,500,D,PD,YU,F
14:40:52,UNVR,RG,4240,25,D,CS,YU,F
14:40:52,UNVR,RG,4240,8,F,ZP,YU,F
14:40:52,UNVR,RG,4240,2,D,PD,YU,F
14:40:52,UNVR,RG,4240,3,F,ZP,YU,F
14:40:52,UNVR,RG,4240,21,F,YU,YU,F
14:40:52,UNVR,RG,4240,6,D,BB,YU,F
14:40:52,UNVR,RG,4240,17,D,BB,YU,F
14:40:52,UNVR,RG,4240,5,D,CC,YU,F
14:40:52,UNVR,RG,4240,20,D,CC,YU,F
14:40:52,UNVR,RG,4240,32,F,CS,YU,F
14:40:52,UNVR,RG,4240,23,F,CS,YU,F
14:40:52,UNVR,RG,4240,50,D,NI,YU,F
14:40:52,UNVR,RG,4240,18,F,CS,YU,F
14:40:52,UNVR,RG,4240,5,D,PD,YU,F
14:40:52,UNVR,RG,4240,2,F,AK,YU,F
14:40:52,UNVR,RG,4240,5,F,AK,YU,F
14:40:52,UNVR,RG,4240,13,F,CS,YU,F
14:40:52,UNVR,RG,4240,16,D,PD,YU,F
14:40:51,UNVR,RG,4250,30,D,YP,YU,F
14:40:51,UNVR,RG,4250,2,D,CC,YU,F
14:40:47,UNVR,RG,4250,19,D,BB,YU,F
14:40:38,UNVR,RG,4250,2,D,PD,YU,F
14:40:30,UNVR,RG,4240,1,D,PD,CC,D
14:40:29,UNVR,RG,4250,11,D,RX,YU,F
14:40:26,UNVR,RG,4250,3,F,BK,YU,F
14:40:24,UNVR,RG,4250,17,F,ZP,YU,F
14:40:24,UNVR,RG,4250,89,F,ZP,YU,F
14:40:23,UNVR,RG,4250,27,D,SQ,YU,F
14:40:23,UNVR,RG,4250,10,D,SQ,SQ,D
14:40:23,UNVR,RG,4250,15,D,SQ,DH,D
14:40:23,UNVR,RG,4250,1,D,SQ,NI,D
14:40:23,UNVR,RG,4250,4,D,SQ,YP,D
14:40:23,UNVR,RG,4250,13,D,SQ,AK,F
14:40:23,UNVR,RG,4250,47,D,SQ,CC,D
14:40:23,UNVR,RG,4250,3,D,SQ,XC,D
14:40:23,UNVR,RG,4250,1000,D,SQ,YU,F
14:40:23,UNVR,RG,4250,35,D,SQ,YP,D
14:40:23,UNVR,RG,4250,14,D,SQ,AK,F
14:40:23,UNVR,RG,4250,5,D,SQ,ZP,F
14:40:23,UNVR,RG,4250,4,D,SQ,XC,D
14:40:23,UNVR,RG,4250,25,D,SQ,PC,D
14:40:23,UNVR,RG,4250,17,D,SQ,ZP,F
14:40:22,UNVR,RG,4250,5,D,SQ,ZP,F
14:40:22,UNVR,RG,4250,41,D,SQ,YU,F
14:40:21,UNVR,RG,4250,3,F,BK,YU,F
14:40:20,UNVR,RG,4250,131,D,SQ,YU,F
14:40:19,UNVR,RG,4250,398,D,SQ,YU,F
14:40:17,UNVR,RG,4250,142,D,SQ,YU,F
14:40:04,UNVR,RG,4240,1,D,PD,YB,D
14:39:55,UNVR,RG,4240,2,D,PD,PD,D
14:39:54,UNVR,RG,4250,10,D,CC,YU,F
14:39:52,UNVR,RG,4250,4,D,PD,YU,F
14:39:49,UNVR,RG,4250,2,F,YP,YU,F
14:39:46,UNVR,RG,4250,1,D,PD,YU,F
14:39:35,UNVR,RG,4250,3,D,XC,YU,F
14:39:09,UNVR,RG,4250,11,F,DR,YU,F
14:39:09,UNVR,RG,4250,2,D,CC,YU,F
14:39:00,UNVR,RG,4250,49,F,YU,YU,F
14:38:54,UNVR,RG,4250,1,D,XC,YU,F
14:38:52,UNVR,RG,4250,20,D,BB,YU,F
14:38:34,UNVR,RG,4250,65,D,BB,YU,F
14:38:29,UNVR,RG,4240,1,D,PD,XC,D
14:38:18,UNVR,RG,4240,3,D,PD,XC,D
14:38:03,UNVR,RG,4240,15,D,PD,YP,D
14:37:59,UNVR,RG,4240,4,D,PD,NI,D
14:37:56,UNVR,RG,4240,1,D,PD,PD,D
14:37:51,UNVR,RG,4240,40,D,PD,HP,D
14:37:44,UNVR,RG,4240,1,D,PD,CC,D
14:36:50,UNVR,RG,4250,20,D,BB,YU,F
14:36:49,UNVR,RG,4240,1,D,PD,KK,D
14:36:20,UNVR,RG,4250,4,D,XC,YU,F
14:35:29,UNVR,RG,4240,4,D,PD,CC,D
14:34:57,UNVR,RG,4250,19,D,CS,YU,F
14:34:57,UNVR,RG,4250,20,F,CS,YU,F
14:34:57,UNVR,RG,4250,16,D,CS,YU,F
14:34:57,UNVR,RG,4250,4,D,CS,YU,F
14:34:57,UNVR,RG,4250,33,F,ZP,YU,F
14:34:57,UNVR,RG,4250,1,D,XC,YU,F
14:34:54,UNVR,RG,4260,48,D,BB,SQ,D
14:34:54,UNVR,RG,4250,2,D,BB,CC,D
14:34:53,UNVR,RG,4250,3,D,BB,CC,D
14:34:53,UNVR,RG,4250,1,D,BB,OD,D
14:34:53,UNVR,RG,4250,11,D,BB,XC,D
14:34:37,UNVR,RG,4240,2,D,PD,PD,D
14:34:37,UNVR,RG,4250,12,D,LG,XC,D
14:34:36,UNVR,RG,4240,8,D,PD,LG,D
14:34:36,UNVR,RG,4240,6,D,BB,LG,D
14:34:36,UNVR,RG,4240,17,D,BB,LG,D
14:34:36,UNVR,RG,4240,4,D,CS,LG,D
14:34:36,UNVR,RG,4240,22,F,CS,LG,D
14:34:36,UNVR,RG,4240,6,D,CS,LG,D
14:34:36,UNVR,RG,4240,17,D,CS,LG,D
14:34:30,UNVR,RG,4250,3,F,ZP,XC,D
14:34:29,UNVR,RG,4260,10,D,CC,SQ,D
14:34:09,UNVR,RG,4260,173,F,BK,SQ,D
14:34:07,UNVR,RG,4250,3,D,CS,AK,F
14:34:07,UNVR,RG,4250,30,D,CS,AK,F
14:34:07,UNVR,RG,4250,5,D,CS,AK,F
14:34:07,UNVR,RG,4250,20,F,CS,AK,F
14:34:07,UNVR,RG,4250,2,F,ZP,AK,F
14:34:07,UNVR,RG,4250,24,F,YU,AK,F
14:34:07,UNVR,RG,4250,34,F,YU,AK,F
14:34:06,UNVR,RG,4250,15,F,CS,AK,F
14:34:06,UNVR,RG,4250,1,F,CS,OD,D
14:34:06,UNVR,RG,4250,25,F,CS,ZP,F
14:34:06,UNVR,RG,4250,14,F,CS,XC,D
14:34:06,UNVR,RG,4250,1,F,CS,PD,D
14:34:06,UNVR,RG,4250,8,F,CS,CC,D
14:34:06,UNVR,RG,4250,50,F,CS,NI,D
14:34:06,UNVR,RG,4250,1,F,CS,XC,D
14:34:06,UNVR,RG,4250,2,F,CS,PD,D
14:34:06,UNVR,RG,4250,7,F,CS,CC,D
14:34:06,UNVR,RG,4250,1,F,CS,XC,D
14:34:06,UNVR,RG,4250,50,F,CS,YP,D
14:34:06,UNVR,RG,4250,10,F,CS,KK,D
14:34:06,UNVR,RG,4250,3,F,CS,ZP,F
14:34:06,UNVR,RG,4250,5,F,CS,XC,D
14:34:06,UNVR,RG,4250,500,F,CS,LS,D
14:34:06,UNVR,RG,4250,1,F,CS,NI,D
14:34:06,UNVR,RG,4250,10,F,CS,GR,D
14:34:06,UNVR,RG,4250,1,F,CS,KK,D
14:34:06,UNVR,RG,4250,5,F,CS,YP,D
14:34:06,UNVR,RG,4250,1,F,CS,XC,D
14:34:06,UNVR,RG,4250,18,F,CS,XC,D
14:34:06,UNVR,RG,4250,1,F,CS,YP,D
14:34:06,UNVR,RG,4250,2,F,CS,XC,D
14:34:06,UNVR,RG,4250,5,F,CS,DH,D
14:34:06,UNVR,RG,4250,3,F,CS,XL,D
14:34:06,UNVR,RG,4250,25,F,CS,CC,D
14:34:06,UNVR,RG,4250,1,F,CS,XC,D
14:34:06,UNVR,RG,4250,5,F,CS,GR,D
14:34:06,UNVR,RG,4250,2,F,CS,XC,D
14:34:06,UNVR,RG,4250,55,F,CS,LG,D
14:34:06,UNVR,RG,4250,1,F,CS,CC,D
14:34:06,UNVR,RG,4250,111,F,CS,LS,D
14:34:03,UNVR,RG,4250,13,F,BK,LS,D
14:34:02,UNVR,RG,4240,15,D,CS,NI,D
14:34:02,UNVR,RG,4240,25,D,CC,NI,D
14:34:00,UNVR,RG,4250,53,F,YU,LS,D
14:33:56,UNVR,RG,4240,5,D,CC,NI,D
14:33:51,UNVR,RG,4250,14,F,DR,LS,D
14:33:47,UNVR,RG,4240,2,D,CC,OD,D
14:33:24,UNVR,RG,4250,16,F,BK,LS,D
14:33:21,UNVR,RG,4240,18,D,CC,DD,D
14:33:18,UNVR,RG,4250,10,F,BK,LS,D
14:33:15,UNVR,RG,4250,12,F,BK,LS,D
14:33:15,UNVR,RG,4240,30,D,CC,DR,D
14:33:11,UNVR,RG,4250,66,F,BK,LS,D
14:33:09,UNVR,RG,4240,1,D,CC,YP,D
14:33:09,UNVR,RG,4240,10,D,CC,PD,D
14:33:09,UNVR,RG,4240,33,D,CC,PD,D
14:33:09,UNVR,RG,4240,11,D,CC,XC,D
14:33:09,UNVR,RG,4240,25,D,CC,ZP,F
14:33:09,UNVR,RG,4240,340,D,CC,YU,F
14:33:06,UNVR,RG,4230,1,D,PD,OD,D
14:32:55,UNVR,RG,4240,18,D,CC,YU,F
14:32:54,UNVR,RG,4240,18,D,BB,YU,F
14:32:53,UNVR,RG,4240,5,F,ZP,YU,F
14:32:53,UNVR,RG,4240,43,F,ZP,YU,F
14:32:52,UNVR,RG,4240,232,D,SQ,YU,F
14:32:52,UNVR,RG,4240,3,D,SQ,PD,D
14:32:52,UNVR,RG,4240,16,D,SQ,AK,F
14:32:52,UNVR,RG,4240,2,D,SQ,XC,D
14:32:52,UNVR,RG,4240,47,D,SQ,OD,D
14:32:51,UNVR,RG,4230,1,D,PD,XC,D
14:32:23,UNVR,RG,4240,15,D,PD,OD,D
14:32:00,UNVR,RG,4240,1,D,XC,OD,D
14:31:55,UNVR,RG,4240,2,D,XC,OD,D
14:31:54,UNVR,RG,4230,1,D,PD,OD,D
14:31:53,UNVR,RG,4240,5,D,CC,OD,D
14:31:38,UNVR,RG,4240,47,D,KK,OD,D
14:31:38,UNVR,RG,4240,5,D,KK,PD,D
14:31:38,UNVR,RG,4240,24,D,KK,ZP,F
14:31:38,UNVR,RG,4240,174,D,KK,YU,F
14:31:29,UNVR,RG,4240,10,D,CC,YU,F
14:31:00,UNVR,RG,4240,42,F,YU,YU,F
14:30:40,UNVR,RG,4240,10,D,TP,YU,F
14:30:17,UNVR,RG,4240,1,D,BB,YU,F
14:30:15,UNVR,RG,4240,3,F,ZP,YU,F
14:30:15,UNVR,RG,4240,21,D,PD,YU,F
14:30:12,UNVR,RG,4240,1,D,PD,YU,F
14:30:02,UNVR,RG,4240,55,D,YJ,YU,F
14:29:58,UNVR,RG,4240,54,F,ZP,YU,F
14:29:58,UNVR,RG,4240,62,F,CS,YU,F
14:29:58,UNVR,RG,4240,33,D,CS,YU,F
14:29:58,UNVR,RG,4240,17,D,CS,YU,F
14:29:58,UNVR,RG,4240,5,D,PD,YU,F
14:29:58,UNVR,RG,4240,1,D,NI,YU,F
14:29:58,UNVR,RG,4240,7,D,BB,YU,F
14:29:58,UNVR,RG,4240,188,F,BK,YU,F
14:29:58,UNVR,RG,4240,3,F,CS,YU,F
14:29:58,UNVR,RG,4240,243,F,BK,YU,F
14:29:58,UNVR,RG,4240,2,F,CS,YU,F
14:29:58,UNVR,RG,4240,1,D,CS,YU,F
14:29:58,UNVR,RG,4240,60,F,DR,YU,F
14:29:58,UNVR,RG,4240,1,F,ZP,YU,F
14:29:58,UNVR,RG,4240,6,D,YP,YU,F
14:29:46,UNVR,RG,4240,1,D,YP,KK,D
14:29:45,UNVR,RG,4240,1,D,YP,OD,D
14:29:45,UNVR,RG,4240,11,D,YP,YP,D
14:29:45,UNVR,RG,4240,13,D,YP,YP,D
14:29:45,UNVR,RG,4240,5,D,YP,PD,D
14:29:45,UNVR,RG,4240,13,D,YP,AK,F
14:29:21,UNVR,RG,4240,2,D,SQ,AK,F
14:29:03,UNVR,RG,4240,7,D,CC,AK,F
14:29:03,UNVR,RG,4240,8,D,CC,ZP,F
14:28:55,UNVR,RG,4240,1,D,KK,ZP,F
14:28:54,UNVR,RG,4240,5,D,YP,ZP,F
14:28:41,UNVR,RG,4240,1,D,YP,ZP,F
14:28:38,UNVR,RG,4240,1,D,NI,ZP,F
14:28:23,UNVR,RG,4240,1,D,CS,OD,D
14:28:23,UNVR,RG,4240,16,D,CS,YU,F
14:28:23,UNVR,RG,4240,2,F,ZP,YU,F
14:28:22,UNVR,RG,4240,2,F,ZP,YU,F
14:28:22,UNVR,RG,4240,100,D,OD,YU,F
14:28:22,UNVR,RG,4240,10,D,EP,YU,F
14:28:22,UNVR,RG,4240,3,D,CC,YU,F
14:28:22,UNVR,RG,4240,1,D,YP,YU,F
14:28:22,UNVR,RG,4240,100,D,PD,YU,F
14:28:22,UNVR,RG,4240,123,F,CS,YU,F
14:28:22,UNVR,RG,4240,55,F,CS,YU,F
14:28:22,UNVR,RG,4240,95,D,RX,YU,F
14:28:22,UNVR,RG,4240,5,D,PD,YU,F
14:28:22,UNVR,RG,4240,2,D,XC,YU,F
14:28:22,UNVR,RG,4240,2,F,AK,YU,F
14:28:22,UNVR,RG,4240,5,F,AK,YU,F
14:28:22,UNVR,RG,4240,25,D,SQ,YU,F
14:28:22,UNVR,RG,4240,5,F,ZP,YU,F
14:28:22,UNVR,RG,4240,399,F,BK,YU,F
14:28:22,UNVR,RG,4240,86,F,CS,YU,F
14:28:22,UNVR,RG,4240,11,D,CS,YU,F
14:28:22,UNVR,RG,4240,13,D,BB,YU,F
14:28:22,UNVR,RG,4240,5,D,PD,YU,F
14:28:22,UNVR,RG,4240,63,F,CS,YU,F
14:28:22,UNVR,RG,4240,33,D,CS,YU,F
14:28:22,UNVR,RG,4240,23,D,BB,YU,F
14:28:22,UNVR,RG,4240,20,D,CC,YU,F
14:28:22,UNVR,RG,4240,796,D,CC,YU,F
14:28:16,UNVR,RG,4240,2,D,CC,OD,D
14:28:16,UNVR,RG,4250,3,D,PD,LS,D
14:28:13,UNVR,RG,4250,11,D,BB,LS,D
14:27:50,UNVR,RG,4250,1,D,YU,LS,D
14:27:46,UNVR,RG,4240,2,D,CC,PD,D
14:27:30,UNVR,RG,4250,5,D,PD,LS,D
14:27:18,UNVR,RG,4250,18,F,BK,LS,D
14:27:14,UNVR,RG,4250,45,D,BB,LS,D
14:27:07,UNVR,RG,4250,10,F,BK,LS,D
14:27:05,UNVR,RG,4250,12,D,BB,LS,D
14:27:00,UNVR,RG,4250,51,F,YU,LS,D
14:26:49,UNVR,RG,4250,5,D,PD,LS,D
14:26:46,UNVR,RG,4250,17,F,BK,LS,D
14:26:42,UNVR,RG,4250,22,F,BK,LS,D
14:26:40,UNVR,RG,4240,5,D,CC,XC,D
14:26:40,UNVR,RG,4240,14,D,CC,AK,F
14:26:40,UNVR,RG,4240,1,D,CC,OD,D
14:26:40,UNVR,RG,4240,13,D,CC,ZP,F
14:26:40,UNVR,RG,4240,25,D,CC,NI,D
14:26:40,UNVR,RG,4240,15,D,CC,AK,F
14:26:40,UNVR,RG,4240,46,D,CC,ZP,F
14:26:40,UNVR,RG,4240,81,D,CC,YU,F
14:26:38,UNVR,RG,4240,160,D,SQ,YU,F
14:26:32,UNVR,RG,4240,35,D,SQ,YU,F
14:26:26,UNVR,RG,4240,17,D,SQ,YU,F
14:26:22,UNVR,RG,4240,300,D,SQ,YU,F
14:26:19,UNVR,RG,4230,1,F,CS,XC,D
14:25:58,UNVR,RG,4230,1,F,CS,XC,D
14:25:58,UNVR,RG,4240,12,D,BB,YU,F
14:25:50,UNVR,RG,4230,1,F,CS,OD,D
14:25:46,UNVR,RG,4240,2,D,XC,YU,F
14:25:38,UNVR,RG,4240,43,D,CC,YU,F
14:25:14,UNVR,RG,4240,9,F,ZP,YU,F
14:25:00,UNVR,RG,4240,48,D,XL,YU,F
14:24:45,UNVR,RG,4240,78,D,BB,YU,F
14:24:40,UNVR,RG,4240,2,D,DH,YU,F
14:24:36,UNVR,RG,4230,1,F,CS,OD,D
14:24:15,UNVR,RG,4240,23,F,DR,YU,F
14:24:06,UNVR,RG,4240,28,D,BB,YU,F
14:23:52,UNVR,RG,4240,1,D,XC,YU,F
14:23:39,UNVR,RG,4240,2,D,PD,YU,F
14:23:39,UNVR,RG,4240,1,D,PD,YU,F
14:23:39,UNVR,RG,4240,19,D,BB,YU,F
14:23:39,UNVR,RG,4240,1,D,NI,YU,F
14:23:39,UNVR,RG,4240,2,D,HP,YU,F
14:23:39,UNVR,RG,4240,25,F,YU,YU,F
14:23:39,UNVR,RG,4240,1,D,SQ,YU,F
14:23:39,UNVR,RG,4240,1,D,OD,YU,F
14:23:39,UNVR,RG,4240,69,D,BB,YU,F
14:23:39,UNVR,RG,4240,40,F,BK,YU,F
14:23:33,UNVR,RG,4240,10,F,BK,NI,D
14:23:26,UNVR,RG,4240,1,F,BK,OD,D
14:23:14,UNVR,RG,4240,167,F,BK,CC,F
14:22:55,UNVR,RG,4240,5,F,BK,PD,D
14:22:44,UNVR,RG,4240,45,F,BK,SQ,D
14:22:40,UNVR,RG,4240,1,F,BK,XC,D
14:22:37,UNVR,RG,4240,2,F,BK,YP,D
14:22:37,UNVR,RG,4240,4,D,CS,YP,D
14:22:37,UNVR,RG,4240,2,F,AK,YP,D
14:22:37,UNVR,RG,4240,3,F,AK,YP,D
14:22:37,UNVR,RG,4240,2,F,AK,YP,D
14:22:30,UNVR,RG,4240,113,F,CS,HP,D
14:22:30,UNVR,RG,4240,12,F,CS,HP,D
14:22:30,UNVR,RG,4240,12,D,CC,HP,D
14:22:30,UNVR,RG,4240,1,D,YP,HP,D
14:22:30,UNVR,RG,4240,3,F,AK,HP,D
14:22:30,UNVR,RG,4240,35,D,SQ,HP,D
14:22:30,UNVR,RG,4240,167,F,BK,HP,D
14:22:30,UNVR,RG,4240,2,F,ZP,HP,D
14:22:30,UNVR,RG,4240,45,D,CS,HP,D
14:22:30,UNVR,RG,4240,1,F,ZP,HP,D
14:22:30,UNVR,RG,4240,42,D,BB,HP,D
14:22:30,UNVR,RG,4240,27,D,BB,HP,D
14:22:30,UNVR,RG,4240,140,D,SQ,HP,D
14:22:27,UNVR,RG,4250,1,D,PD,LS,D
14:21:56,UNVR,RG,4240,3,D,SQ,YP,D
14:21:52,UNVR,RG,4240,3,D,SQ,PD,D
14:21:50,UNVR,RG,4240,1,D,SQ,XL,D
14:21:37,UNVR,RG,4240,50,D,SQ,XC,D
14:21:34,UNVR,RG,4250,4,D,DH,LS,D
14:21:34,UNVR,RG,4250,2,D,DH,CC,D
14:21:34,UNVR,RG,4250,22,D,DH,PD,D
14:21:34,UNVR,RG,4250,1,D,DH,PD,D
14:21:34,UNVR,RG,4250,2,D,DH,XC,D
14:21:34,UNVR,RG,4250,2,D,DH,PD,D
14:21:34,UNVR,RG,4250,1,D,DH,CC,D
14:21:34,UNVR,RG,4250,22,D,DH,YP,D
14:21:34,UNVR,RG,4250,10,D,DH,YP,D
14:21:34,UNVR,RG,4250,4,D,DH,ZP,F
14:21:34,UNVR,RG,4250,13,D,DH,SQ,D
14:21:34,UNVR,RG,4250,25,D,DH,GR,D
14:21:34,UNVR,RG,4250,60,D,DH,LG,D
14:21:34,UNVR,RG,4250,30,D,DH,CC,D
14:21:34,UNVR,RG,4250,10,D,DH,KK,D
14:21:34,UNVR,RG,4250,3,D,DH,PD,D
14:21:34,UNVR,RG,4250,500,D,DH,YP,D
14:21:34,UNVR,RG,4250,4,D,DH,XC,D
14:21:34,UNVR,RG,4250,153,D,DH,PD,D
14:21:34,UNVR,RG,4240,2,D,DH,XC,D
14:21:34,UNVR,RG,4240,1,D,DH,OD,D
14:21:34,UNVR,RG,4240,51,D,DH,AK,F
14:21:34,UNVR,RG,4240,4,D,DH,YP,D
14:21:34,UNVR,RG,4240,14,D,DH,YP,D
14:21:34,UNVR,RG,4240,11,D,DH,YP,D
14:21:34,UNVR,RG,4240,1,D,DH,GR,D
14:21:34,UNVR,RG,4240,1,D,DH,CC,D
14:21:34,UNVR,RG,4240,1,D,DH,XC,D
14:21:34,UNVR,RG,4240,4,D,DH,KK,D
14:21:34,UNVR,RG,4240,1,D,DH,NI,D
14:21:34,UNVR,RG,4240,50,D,DH,SQ,D
14:21:34,UNVR,RG,4240,18,D,DH,CC,D
14:21:34,UNVR,RG,4240,4,D,DH,YP,D
14:21:34,UNVR,RG,4240,1,D,DH,XC,D
14:21:34,UNVR,RG,4240,4,D,DH,PD,D
14:21:34,UNVR,RG,4240,1,D,DH,XL,D
14:21:34,UNVR,RG,4240,14,D,DH,AK,F
14:21:34,UNVR,RG,4240,2,D,DH,YP,D
14:21:34,UNVR,RG,4240,4,D,DH,YP,D
14:21:31,UNVR,RG,4240,1,D,YU,YP,D
14:21:30,UNVR,RG,4240,9,D,SQ,YP,D
14:21:30,UNVR,RG,4240,48,D,SQ,ZP,F
14:21:26,UNVR,RG,4240,2,D,SQ,YP,D
14:21:26,UNVR,RG,4240,3,D,SQ,XC,D
14:21:26,UNVR,RG,4240,15,D,SQ,CD,D
14:21:23,UNVR,RG,4240,50,D,SQ,CD,D
14:21:19,UNVR,RG,4240,435,D,SQ,CD,D
14:21:19,UNVR,RG,4240,5,D,SQ,PD,D
14:21:07,UNVR,RG,4240,1,D,SQ,PD,D
14:21:07,UNVR,RG,4240,10,D,SQ,NI,D
14:21:07,UNVR,RG,4240,16,D,SQ,AK,F
14:21:07,UNVR,RG,4240,3,D,SQ,SQ,D
14:21:04,UNVR,RG,4230,1,F,CS,OD,D
14:21:02,UNVR,RG,4240,9,D,SQ,SQ,D
14:21:00,UNVR,RG,4240,5,D,PD,SQ,D
14:20:38,UNVR,RG,4240,1,D,PD,SQ,D
14:20:37,UNVR,RG,4240,1,D,PD,SQ,D
14:20:12,UNVR,RG,4240,1,D,XC,SQ,D
14:20:12,UNVR,RG,4240,19,D,XC,BQ,D
14:19:46,UNVR,RG,4230,2,F,CS,YP,D
14:19:42,UNVR,RG,4240,12,D,BB,BQ,D
14:19:39,UNVR,RG,4230,1,F,CS,XC,D
14:19:34,UNVR,RG,4240,8,D,BB,BQ,D
14:19:31,UNVR,RG,4230,9,F,CS,AK,F
14:19:30,UNVR,RG,4230,35,F,CS,ZP,F
14:19:30,UNVR,RG,4230,1,F,CS,OD,D
14:19:30,UNVR,RG,4230,49,F,CS,AK,F
14:19:30,UNVR,RG,4230,26,F,CS,AK,F
14:19:30,UNVR,RG,4230,124,F,CS,PD,D
14:19:30,UNVR,RG,4230,2,F,ZP,PD,D
14:19:30,UNVR,RG,4230,1,F,AK,PD,D
14:19:30,UNVR,RG,4230,1,F,AK,PD,D
14:19:30,UNVR,RG,4230,4,F,AK,PD,D
14:19:30,UNVR,RG,4230,21,F,CS,PD,D
14:19:30,UNVR,RG,4230,1,F,AK,PD,D
14:19:30,UNVR,RG,4230,4,F,AK,PD,D
14:19:30,UNVR,RG,4230,1,F,AK,PD,D
14:19:30,UNVR,RG,4230,9,F,AK,PD,D
14:19:30,UNVR,RG,4230,20,D,YP,PD,D
14:19:30,UNVR,RG,4230,20,D,CC,PD,D
14:19:30,UNVR,RG,4230,10,D,PD,PD,D
14:19:30,UNVR,RG,4230,25,F,BK,PD,D
14:19:30,UNVR,RG,4230,31,F,BK,YU,F
14:19:30,UNVR,RG,4230,10,D,XC,YU,F
14:19:30,UNVR,RG,4230,1,D,XC,YU,F
14:19:30,UNVR,RG,4230,5,D,XC,YU,F
14:19:30,UNVR,RG,4230,1,D,XC,YU,F
14:19:30,UNVR,RG,4230,1,D,DX,YU,F
14:19:30,UNVR,RG,4230,1,D,NI,YU,F
14:19:30,UNVR,RG,4230,85,F,CS,YU,F
14:19:30,UNVR,RG,4230,41,D,CS,YU,F
14:19:30,UNVR,RG,4230,2,D,PD,YU,F
14:19:30,UNVR,RG,4230,10,D,PD,YU,F
14:19:30,UNVR,RG,4230,1,D,NI,YU,F
14:19:30,UNVR,RG,4230,16,D,CS,YU,F
14:19:30,UNVR,RG,4230,1,D,NI,YU,F
14:19:30,UNVR,RG,4230,186,F,CS,YU,F
14:19:30,UNVR,RG,4230,2,F,ZP,YU,F
14:19:30,UNVR,RG,4230,31,D,CS,YU,F
14:19:30,UNVR,RG,4230,275,D,ZP,YU,F
14:19:30,UNVR,RG,4230,10,D,PD,YU,F
14:19:30,UNVR,RG,4230,80,F,DR,YU,F
14:19:30,UNVR,RG,4230,77,D,RX,YU,F
14:19:30,UNVR,RG,4230,10,D,YP,YU,F
14:19:30,UNVR,RG,4230,550,F,CS,YU,F
14:19:30,UNVR,RG,4230,10,D,NI,YU,F
14:19:30,UNVR,RG,4230,2,D,XC,YU,F
14:19:30,UNVR,RG,4230,10,D,SQ,YU,F
14:19:30,UNVR,RG,4230,12,D,XC,YU,F
14:19:30,UNVR,RG,4230,2,D,XC,YU,F
14:19:30,UNVR,RG,4230,66,F,CS,YU,F
14:19:30,UNVR,RG,4230,54,D,CS,YU,F
14:19:30,UNVR,RG,4230,1,D,PD,YU,F
14:19:30,UNVR,RG,4230,3,D,XC,YU,F
14:19:30,UNVR,RG,4230,176,F,CS,YU,F
14:19:30,UNVR,RG,4230,2,D,SQ,YU,F
14:19:30,UNVR,RG,4230,1,D,NI,YU,F
14:19:30,UNVR,RG,4230,1,D,CC,YU,F
14:19:30,UNVR,RG,4230,1,D,PD,YU,F
14:19:30,UNVR,RG,4230,10,D,YP,YU,F
14:19:30,UNVR,RG,4230,1,D,PD,YU,F
14:19:30,UNVR,RG,4230,1,F,AK,YU,F
14:19:30,UNVR,RG,4230,5,D,YP,YU,F
14:19:30,UNVR,RG,4230,1,D,KK,YU,F
14:19:30,UNVR,RG,4230,1,D,NI,YU,F
14:19:30,UNVR,RG,4230,30,D,NI,YU,F
14:19:30,UNVR,RG,4230,103,F,CS,YU,F
14:19:30,UNVR,RG,4230,1,D,YP,YU,F
14:19:30,UNVR,RG,4230,5,D,BB,YU,F
14:19:30,UNVR,RG,4230,7,D,BB,YU,F
14:19:30,UNVR,RG,4230,1,D,CC,YU,F
14:19:30,UNVR,RG,4230,39,F,CS,YU,F
14:19:30,UNVR,RG,4230,2,D,NI,YU,F
14:19:30,UNVR,RG,4230,33,F,CS,YU,F
14:19:30,UNVR,RG,4230,23,F,ZP,YU,F
14:19:30,UNVR,RG,4230,94,F,ZP,YU,F
14:19:30,UNVR,RG,4230,1,F,AK,YU,F
14:19:30,UNVR,RG,4230,4,F,AK,YU,F
14:19:30,UNVR,RG,4230,3,D,XC,YU,F
14:19:30,UNVR,RG,4230,1,D,AT,YU,F
14:19:30,UNVR,RG,4230,1,D,PD,YU,F
14:19:30,UNVR,RG,4230,1,F,ZP,YU,F
14:19:30,UNVR,RG,4230,10,D,OD,YU,F
14:19:30,UNVR,RG,4230,5,F,ZP,YU,F
14:19:30,UNVR,RG,4230,23,D,YP,YU,F
14:19:30,UNVR,RG,4230,2,D,XC,YU,F
14:19:30,UNVR,RG,4230,1,D,PD,YU,F
14:19:30,UNVR,RG,4230,3,D,PD,YU,F
14:19:30,UNVR,RG,4230,10,D,CC,YU,F
14:19:30,UNVR,RG,4230,3,F,AK,YU,F
14:19:30,UNVR,RG,4230,1,D,NI,YU,F
14:19:30,UNVR,RG,4230,15,D,CC,YU,F
14:19:30,UNVR,RG,4230,25,D,YP,YU,F
14:19:30,UNVR,RG,4230,10,D,NI,YU,F
14:19:30,UNVR,RG,4230,5,D,LG,YU,F
14:19:30,UNVR,RG,4230,1,D,PD,YU,F
14:19:30,UNVR,RG,4230,2,D,PD,YU,F
14:19:30,UNVR,RG,4230,24,D,PD,YU,F
14:19:30,UNVR,RG,4230,1,D,PD,YU,F
14:19:30,UNVR,RG,4230,7,D,YP,YU,F
14:19:30,UNVR,RG,4230,1,D,XC,YU,F
14:19:30,UNVR,RG,4230,5,D,XC,YU,F
14:19:30,UNVR,RG,4230,10,D,PD,YU,F
14:19:30,UNVR,RG,4230,1,F,AK,YU,F
14:19:30,UNVR,RG,4230,10,D,XC,YU,F
14:19:30,UNVR,RG,4230,11,D,XC,YU,F
14:19:30,UNVR,RG,4230,20,D,GR,YU,F
14:19:30,UNVR,RG,4230,10,D,CC,YU,F
14:19:30,UNVR,RG,4230,5,D,YP,YU,F
14:19:30,UNVR,RG,4230,2,D,YP,YU,F
14:19:30,UNVR,RG,4230,3,F,AK,YU,F
14:19:30,UNVR,RG,4230,1,D,YP,YU,F
14:19:30,UNVR,RG,4230,1,F,AK,YU,F
14:19:30,UNVR,RG,4230,1,D,CC,YU,F
14:19:30,UNVR,RG,4230,2,D,XC,YU,F
14:19:30,UNVR,RG,4230,10,D,CC,YU,F
14:19:30,UNVR,RG,4230,3,F,AK,YU,F
14:19:30,UNVR,RG,4230,50,D,MI,YU,F
14:19:30,UNVR,RG,4230,1,D,XC,YU,F
14:19:30,UNVR,RG,4230,5,D,XC,YU,F
14:19:30,UNVR,RG,4230,1,D,NI,YU,F
14:19:30,UNVR,RG,4230,10,D,SQ,YU,F
14:19:30,UNVR,RG,4230,5,D,PD,YU,F
14:19:30,UNVR,RG,4230,1,D,OD,YU,F
14:19:30,UNVR,RG,4230,1,D,EP,YU,F
14:19:30,UNVR,RG,4230,3,D,XC,YU,F
14:19:30,UNVR,RG,4230,574,F,CS,YU,F
14:19:30,UNVR,RG,4230,949,F,CS,YU,F
14:19:30,UNVR,RG,4230,22,D,OD,YU,F
14:19:30,UNVR,RG,4230,2,D,XC,YU,F
14:19:30,UNVR,RG,4230,1,D,PD,YU,F
14:19:30,UNVR,RG,4230,1,D,XC,YU,F
14:19:30,UNVR,RG,4230,10,F,CS,YU,F
14:19:30,UNVR,RG,4230,1,D,XC,YU,F
14:19:30,UNVR,RG,4230,2,D,XC,YU,F
14:19:30,UNVR,RG,4230,15,D,EP,YU,F
14:19:30,UNVR,RG,4230,1,D,XC,YU,F
14:19:30,UNVR,RG,4230,5,D,CC,YU,F
14:19:30,UNVR,RG,4230,50,D,SQ,YU,F
14:19:30,UNVR,RG,4230,2,D,XC,YU,F
14:19:30,UNVR,RG,4230,25,D,EP,YU,F
14:19:30,UNVR,RG,4230,22,F,YU,YU,F
14:19:30,UNVR,RG,4230,10,D,YP,YU,F
14:19:30,UNVR,RG,4230,15,D,PO,YU,F
14:19:30,UNVR,RG,4230,2,D,KK,YU,F
14:19:30,UNVR,RG,4230,4,F,ZP,YU,F
14:19:30,UNVR,RG,4230,1,D,PD,YU,F
14:19:30,UNVR,RG,4230,34,F,CS,YU,F
14:19:30,UNVR,RG,4230,25,D,SQ,YU,F
14:19:30,UNVR,RG,4230,10,D,SQ,YU,F
14:19:30,UNVR,RG,4230,8,D,SQ,YU,F
14:19:30,UNVR,RG,4230,1,D,XL,YU,F
14:19:30,UNVR,RG,4230,3,D,SQ,YU,F
14:19:30,UNVR,RG,4230,60,D,SQ,YU,F
14:19:30,UNVR,RG,4230,1,D,NI,YU,F
14:19:30,UNVR,RG,4230,2,D,CC,YU,F
14:19:30,UNVR,RG,4230,19,F,CS,YU,F
14:19:30,UNVR,RG,4230,10,D,PD,YU,F
14:19:30,UNVR,RG,4230,1,D,YP,YU,F
14:19:30,UNVR,RG,4230,50,D,CC,YU,F
14:19:30,UNVR,RG,4230,10,D,PD,YU,F
14:19:30,UNVR,RG,4230,30,F,YU,YU,F
14:19:30,UNVR,RG,4230,2,D,CC,YU,F
14:19:30,UNVR,RG,4230,1,D,YP,YU,F
14:19:30,UNVR,RG,4230,20,D,NI,YU,F
14:19:30,UNVR,RG,4230,1,D,NI,YU,F
14:19:30,UNVR,RG,4230,1,D,NI,YU,F
14:19:30,UNVR,RG,4230,3,D,NI,YU,F
14:19:30,UNVR,RG,4230,30,D,NI,YU,F
14:19:30,UNVR,RG,4230,1,D,PD,YU,F
14:19:30,UNVR,RG,4230,10,D,HP,YU,F
14:19:30,UNVR,RG,4230,54,F,CS,YU,F
14:19:30,UNVR,RG,4230,2,D,YP,YU,F
14:19:30,UNVR,RG,4230,10,D,NI,YU,F
14:19:30,UNVR,RG,4230,25,D,CC,YU,F
14:19:30,UNVR,RG,4230,1,D,XC,YU,F
14:19:30,UNVR,RG,4230,1,D,XC,YU,F
14:19:30,UNVR,RG,4230,4,D,XC,YU,F
14:19:30,UNVR,RG,4230,10,D,XC,YU,F
14:19:30,UNVR,RG,4230,1,D,YP,YU,F
14:19:30,UNVR,RG,4230,1,D,YP,YU,F
14:19:30,UNVR,RG,4230,1,D,YP,YU,F
14:19:30,UNVR,RG,4230,2,D,YP,YU,F
14:19:30,UNVR,RG,4230,2,D,YP,YU,F
14:19:30,UNVR,RG,4230,1,D,YP,YU,F
14:19:30,UNVR,RG,4230,150,D,YP,YU,F
14:19:30,UNVR,RG,4230,150,F,NI,YU,F
14:19:30,UNVR,RG,4230,4,D,CC,YU,F
14:19:30,UNVR,RG,4230,23,D,XC,YU,F
14:19:30,UNVR,RG,4230,5,D,XC,YU,F
14:19:30,UNVR,RG,4230,1,D,XC,YU,F
14:19:30,UNVR,RG,4230,2,D,XC,YU,F
14:19:30,UNVR,RG,4230,48,D,XC,YU,F
14:19:30,UNVR,RG,4230,10,D,PD,YU,F
14:19:30,UNVR,RG,4230,3,D,PD,YU,F
14:19:30,UNVR,RG,4230,1,D,PD,YU,F
14:19:30,UNVR,RG,4230,1,D,PD,YU,F
14:19:30,UNVR,RG,4230,1,D,PD,YU,F
14:19:30,UNVR,RG,4230,1,D,CC,YU,F
14:19:30,UNVR,RG,4230,1,D,PD,YU,F
14:19:30,UNVR,RG,4230,2,D,PD,YU,F
14:19:30,UNVR,RG,4230,3,D,PD,YU,F
14:19:30,UNVR,RG,4230,5,D,XL,YU,F
14:19:30,UNVR,RG,4230,5,D,DH,YU,F
14:19:30,UNVR,RG,4230,1,D,DH,YU,F
14:19:30,UNVR,RG,4230,1,D,GR,YU,F
14:19:30,UNVR,RG,4230,1,D,KK,YU,F
14:19:30,UNVR,RG,4230,4,D,KK,YU,F
14:19:30,UNVR,RG,4230,14,F,ZP,YU,F
14:19:30,UNVR,RG,4230,3,D,DR,YU,F
14:19:30,UNVR,RG,4230,1,D,BQ,YU,F
14:19:30,UNVR,RG,4230,100,D,KK,YU,F
14:19:30,UNVR,RG,4230,2,D,PD,YU,F
14:19:30,UNVR,RG,4230,1,D,AZ,YU,F
14:19:30,UNVR,RG,4230,6,D,SQ,YU,F
14:19:30,UNVR,RG,4230,1,D,SQ,YU,F
14:19:30,UNVR,RG,4230,5,D,XC,YU,F
14:19:30,UNVR,RG,4230,25,D,YP,YU,F
14:19:30,UNVR,RG,4230,3,D,PD,YU,F
14:19:30,UNVR,RG,4230,1,D,PD,YU,F
14:19:30,UNVR,RG,4230,1,D,PD,YU,F
14:19:30,UNVR,RG,4230,2,D,YP,YU,F
14:19:30,UNVR,RG,4230,1,D,CC,YU,F
14:19:30,UNVR,RG,4230,1,D,XC,YU,F
14:19:30,UNVR,RG,4230,10,D,PD,YU,F
14:19:30,UNVR,RG,4230,30,D,PD,YU,F
14:19:30,UNVR,RG,4230,1425,D,DH,YU,F
14:19:30,UNVR,RG,4230,20,D,OD,YU,F
14:19:30,UNVR,RG,4230,1,D,YP,YU,F
14:19:30,UNVR,RG,4230,1,D,PD,YU,F
14:19:30,UNVR,RG,4230,1,D,DH,YU,F
14:19:30,UNVR,RG,4230,1,D,PD,YU,F
14:19:30,UNVR,RG,4230,5,D,PD,YU,F
14:19:30,UNVR,RG,4230,1,D,XC,YU,F
14:19:30,UNVR,RG,4230,1,D,YP,YU,F
14:19:30,UNVR,RG,4230,1,D,XC,YU,F
14:19:30,UNVR,RG,4230,2,D,YP,YU,F
14:19:30,UNVR,RG,4230,3,D,XC,YU,F
14:19:30,UNVR,RG,4230,10,D,KK,YU,F
14:19:30,UNVR,RG,4230,1,D,CC,YU,F
14:19:30,UNVR,RG,4230,2,D,XC,YU,F
14:19:30,UNVR,RG,4230,2,D,PD,YU,F
14:19:30,UNVR,RG,4230,500,F,CS,YU,F
14:19:30,UNVR,RG,4230,2,D,LG,YU,F
14:19:30,UNVR,RG,4230,2,D,YP,YU,F
14:19:30,UNVR,RG,4230,1,D,DH,YU,F
14:19:30,UNVR,RG,4230,1,D,XC,YU,F
14:19:30,UNVR,RG,4230,1,D,PD,YU,F
14:19:30,UNVR,RG,4230,200,D,AR,YU,F
14:19:30,UNVR,RG,4230,2,D,XC,YU,F
14:19:30,UNVR,RG,4230,2,D,PD,YU,F
14:19:30,UNVR,RG,4230,1,D,YP,YU,F
14:19:30,UNVR,RG,4230,1,D,CC,YU,F
14:19:30,UNVR,RG,4230,5,D,PD,YU,F
14:19:30,UNVR,RG,4230,1,D,YP,YU,F
14:19:30,UNVR,RG,4230,10,D,PD,YU,F
14:19:30,UNVR,RG,4230,2,D,PD,YU,F
14:19:30,UNVR,RG,4230,3,D,CC,YU,F
14:19:30,UNVR,RG,4230,4,D,XC,YU,F
14:19:30,UNVR,RG,4230,2,D,XC,YU,F
14:19:30,UNVR,RG,4230,10,D,PD,YU,F
14:19:30,UNVR,RG,4230,59,D,PD,YU,F
14:19:30,UNVR,RG,4230,1,D,OD,YU,F
14:19:30,UNVR,RG,4230,47,D,XC,YU,F
14:19:30,UNVR,RG,4230,6,D,YP,YU,F
14:19:30,UNVR,RG,4230,1,D,PD,YU,F
14:19:30,UNVR,RG,4230,1,D,NI,YU,F
14:19:30,UNVR,RG,4230,3,D,PD,YU,F
14:19:30,UNVR,RG,4230,1,D,YP,YU,F
14:19:30,UNVR,RG,4230,2,D,XC,YU,F
14:19:30,UNVR,RG,4230,10,D,YP,YU,F
14:19:30,UNVR,RG,4230,1,D,YP,YU,F
14:19:30,UNVR,RG,4230,28,D,NI,YU,F
14:19:30,UNVR,RG,4230,3,D,YP,YU,F
14:19:30,UNVR,RG,4230,1,D,YP,YU,F
14:19:30,UNVR,RG,4230,2,D,DH,YU,F
14:19:30,UNVR,RG,4230,4,D,SQ,YU,F
14:19:30,UNVR,RG,4230,1,D,PD,YU,F
14:19:30,UNVR,RG,4230,10,D,PD,YU,F
14:19:30,UNVR,RG,4230,20,D,YP,YU,F
14:19:30,UNVR,RG,4230,175,F,CS,YU,F
14:19:30,UNVR,RG,4230,125,D,KK,YU,F
14:19:30,UNVR,RG,4230,10,D,AT,YU,F
14:19:30,UNVR,RG,4230,2,D,PD,YU,F
14:19:30,UNVR,RG,4230,3,D,PD,YU,F
14:19:30,UNVR,RG,4230,5,D,NI,YU,F
14:19:30,UNVR,RG,4230,1,D,XC,YU,F
14:19:30,UNVR,RG,4230,10,D,YP,YU,F
14:19:30,UNVR,RG,4230,100,D,OD,YU,F
14:19:30,UNVR,RG,4230,1,D,PD,YU,F
14:19:30,UNVR,RG,4230,30,D,YP,YU,F
14:19:30,UNVR,RG,4230,1,D,PD,YU,F
14:19:30,UNVR,RG,4230,10,D,XA,YU,F
14:19:30,UNVR,RG,4230,5,D,CC,YU,F
14:19:30,UNVR,RG,4230,10,D,OD,YU,F
14:19:30,UNVR,RG,4230,1,D,PD,YU,F
14:19:30,UNVR,RG,4230,10,D,KK,YU,F
14:19:30,UNVR,RG,4230,1,D,XC,YU,F
14:19:30,UNVR,RG,4230,1,D,PD,YU,F
14:19:30,UNVR,RG,4230,1,D,YP,YU,F
14:19:30,UNVR,RG,4230,5,D,DR,YU,F
14:19:30,UNVR,RG,4230,10,D,PD,YU,F
14:19:30,UNVR,RG,4230,1,D,CC,YU,F
14:19:30,UNVR,RG,4230,1,D,XC,YU,F
14:19:30,UNVR,RG,4230,1,D,XC,YU,F
14:19:30,UNVR,RG,4230,3,D,XC,YU,F
14:19:30,UNVR,RG,4230,3,D,XC,YU,F
14:19:30,UNVR,RG,4230,1,D,XC,YU,F
14:19:30,UNVR,RG,4230,1,D,DR,YU,F
14:19:30,UNVR,RG,4230,3,D,XL,YU,F
14:19:30,UNVR,RG,4230,1,D,YP,YU,F
14:19:30,UNVR,RG,4230,2,D,YP,YU,F
14:19:30,UNVR,RG,4230,20,D,LS,YU,F
14:19:30,UNVR,RG,4230,1,D,PD,YU,F
14:19:30,UNVR,RG,4230,12,D,YP,YU,F
14:19:30,UNVR,RG,4230,1,D,PD,YU,F
14:19:30,UNVR,RG,4230,1,D,YP,YU,F
14:19:30,UNVR,RG,4230,1,D,YP,YU,F
14:19:30,UNVR,RG,4230,1,D,YP,YU,F
14:19:30,UNVR,RG,4230,4,D,CC,YU,F
14:19:30,UNVR,RG,4230,40,D,CC,YU,F
14:19:30,UNVR,RG,4230,1,D,YP,YU,F
14:19:30,UNVR,RG,4230,5,D,YP,YU,F
14:19:30,UNVR,RG,4230,10,D,CC,YU,F
14:19:30,UNVR,RG,4230,20,D,CC,YU,F
14:19:30,UNVR,RG,4230,5,D,CC,YU,F
14:19:30,UNVR,RG,4230,2,D,XL,YU,F
14:19:30,UNVR,RG,4230,10,D,CC,YU,F
14:19:30,UNVR,RG,4230,1,D,PD,YU,F
14:19:30,UNVR,RG,4230,1,D,PD,YU,F
14:19:30,UNVR,RG,4230,1,D,CC,YU,F
14:19:30,UNVR,RG,4230,5,D,CC,YU,F
14:19:30,UNVR,RG,4230,1,D,CC,YU,F
14:19:30,UNVR,RG,4230,1,D,CC,YU,F
14:19:30,UNVR,RG,4230,5,D,CC,YU,F
14:19:30,UNVR,RG,4230,1,D,PD,YU,F
14:19:30,UNVR,RG,4230,5,D,YP,YU,F
14:19:30,UNVR,RG,4230,70,D,EP,YU,F
14:19:30,UNVR,RG,4230,64,D,HP,YU,F
14:19:08,UNVR,RG,4240,67,F,DR,BQ,D
14:19:00,UNVR,RG,4240,42,F,YU,BQ,D
14:18:59,UNVR,RG,4240,3,D,CC,BQ,D
14:18:43,UNVR,RG,4230,1,D,HP,PD,D
14:18:38,UNVR,RG,4230,1,D,HP,OD,D
14:18:30,UNVR,RG,4240,4,F,AK,BQ,D
14:18:29,UNVR,RG,4240,1,D,NI,BQ,D
14:18:28,UNVR,RG,4230,1,D,HP,XL,D
14:18:23,UNVR,RG,4240,30,D,BB,BQ,D
14:18:18,UNVR,RG,4240,20,D,BB,BQ,D
14:18:07,UNVR,RG,4230,8,D,HP,PD,D
14:17:47,UNVR,RG,4230,25,D,HP,SQ,D
14:17:47,UNVR,RG,4230,1,D,PD,SQ,D
14:17:47,UNVR,RG,4230,1,D,MK,SQ,D
14:17:47,UNVR,RG,4230,3,D,EP,SQ,D
14:17:47,UNVR,RG,4230,1,D,PD,SQ,D
14:17:47,UNVR,RG,4230,9,D,PD,SQ,D
14:17:47,UNVR,RG,4230,1,D,XC,SQ,D
14:17:47,UNVR,RG,4230,1,D,PD,SQ,D
14:17:47,UNVR,RG,4230,7,D,PD,SQ,D
14:17:47,UNVR,RG,4230,1,D,DH,SQ,D
14:17:47,UNVR,RG,4230,11,D,XC,SQ,D
14:17:47,UNVR,RG,4230,1,D,PD,SQ,D
14:17:47,UNVR,RG,4230,1,D,PD,SQ,D
14:17:47,UNVR,RG,4230,1,D,XC,SQ,D
14:17:47,UNVR,RG,4230,3,D,PD,SQ,D
14:17:47,UNVR,RG,4230,3,D,PD,SQ,D
14:17:44,UNVR,RG,4230,1,D,PD,OD,D
14:17:40,UNVR,RG,4230,1,D,PD,PD,D
14:17:22,UNVR,RG,4230,1,D,PD,OD,D
14:17:02,UNVR,RG,4240,1,D,NI,BQ,D
14:16:45,UNVR,RG,4240,2,D,PD,BQ,D
14:16:22,UNVR,RG,4240,3,D,AT,BQ,D
14:16:18,UNVR,RG,4230,1,D,PD,KK,D
14:16:06,UNVR,RG,4230,1,D,PD,OD,D
14:15:50,UNVR,RG,4240,10,D,PD,BQ,D
14:15:15,UNVR,RG,4240,4,F,ZP,BQ,D
14:15:02,UNVR,RG,4240,10,F,BK,BQ,D
14:15:00,UNVR,RG,4240,48,F,YU,BQ,D
14:14:56,UNVR,RG,4230,1,D,PD,OD,D
14:14:52,UNVR,RG,4240,1,D,KK,BQ,D
14:14:42,UNVR,RG,4240,4,F,ZP,BQ,D
14:14:42,UNVR,RG,4240,11,F,ZP,BQ,D
14:14:42,UNVR,RG,4240,1,F,ZP,DR,D
14:14:42,UNVR,RG,4240,9,F,ZP,XL,D
14:14:36,UNVR,RG,4240,4,D,DH,XL,D
14:14:36,UNVR,RG,4240,1,D,DH,CC,D
14:14:32,UNVR,RG,4230,1,D,PD,XC,D
14:14:30,UNVR,RG,4240,15,F,BK,CC,D
14:14:25,UNVR,RG,4230,30,D,PD,GR,D
14:14:17,UNVR,RG,4240,4,D,PD,CC,D
14:13:44,UNVR,RG,4230,1,D,PD,OD,D
14:13:31,UNVR,RG,4230,3,D,PD,KK,D
14:13:23,UNVR,RG,4230,5,D,PD,XC,D
14:12:52,UNVR,RG,4240,1,D,PD,DR,D
14:12:52,UNVR,RG,4240,2,D,PD,YP,D
14:12:52,UNVR,RG,4240,9,D,PD,ZP,F
14:12:40,UNVR,RG,4240,1,D,PD,ZP,F
14:12:33,UNVR,RG,4240,6,F,ZP,ZP,F
14:12:33,UNVR,RG,4240,13,F,ZP,AK,F
14:12:02,UNVR,RG,4240,4,D,CC,AK,F
14:11:58,UNVR,RG,4230,6,D,PD,PD,D
14:11:54,UNVR,RG,4230,1,D,PD,DR,D
14:11:53,UNVR,RG,4240,3,F,ZP,AK,F
14:11:48,UNVR,RG,4240,2,F,BK,AK,F
14:11:48,UNVR,RG,4240,3,F,BK,PD,D
14:11:48,UNVR,RG,4240,13,F,BK,YU,F
14:11:45,UNVR,RG,4240,1,D,XC,YU,F
14:11:45,UNVR,RG,4240,25,D,CC,YU,F
14:11:29,UNVR,RG,4240,70,D,LG,YU,F
14:11:29,UNVR,RG,4230,1,D,PD,DR,D
14:11:19,UNVR,RG,4230,1,D,PD,OD,D
14:11:05,UNVR,RG,4240,19,F,BK,YU,F
14:11:01,UNVR,RG,4240,19,F,BK,YU,F
14:11:00,UNVR,RG,4240,37,F,YU,YU,F
14:10:54,UNVR,RG,4240,100,D,KK,YU,F
14:10:48,UNVR,RG,4240,1,D,YP,YU,F
14:10:28,UNVR,RG,4240,5,D,SQ,YU,F
14:10:27,UNVR,RG,4240,2,F,ZP,YU,F
14:10:24,UNVR,RG,4240,14,F,BK,YU,F
14:10:22,UNVR,RG,4240,40,D,SQ,YU,F
14:10:17,UNVR,RG,4240,1,D,ZP,YU,F
14:10:16,UNVR,RG,4240,60,D,SQ,YU,F
14:10:14,UNVR,RG,4240,15,F,BK,YU,F
14:10:13,UNVR,RG,4240,60,D,SQ,YU,F
14:10:09,UNVR,RG,4240,11,F,ZP,YU,F
14:10:08,UNVR,RG,4240,20,F,BK,YU,F
14:10:05,UNVR,RG,4240,5,D,SQ,YU,F
14:10:03,UNVR,RG,4240,11,F,BK,YU,F
14:10:03,UNVR,RG,4240,10,D,PD,YU,F
14:10:03,UNVR,RG,4240,30,D,SQ,YU,F
14:09:59,UNVR,RG,4240,49,F,BK,YU,F
14:09:57,UNVR,RG,4240,1,D,YP,YU,F
14:09:55,UNVR,RG,4240,300,D,SQ,YU,F
14:09:50,UNVR,RG,4240,5,D,SQ,YU,F
14:09:47,UNVR,RG,4240,8,D,SQ,YU,F
14:09:30,UNVR,RG,4240,18,F,DR,YU,F
14:09:21,UNVR,RG,4240,14,F,BK,YU,F
14:09:15,UNVR,RG,4240,29,F,BK,YU,F
14:09:11,UNVR,RG,4240,177,F,BK,YU,F
14:09:09,UNVR,RG,4240,830,D,YB,YU,F
14:09:09,UNVR,RG,4240,47,D,YB,AK,F
14:09:09,UNVR,RG,4240,17,D,YB,AK,F
14:09:09,UNVR,RG,4240,34,D,YB,ZP,F
14:09:09,UNVR,RG,4240,172,D,YB,YU,F
14:09:08,UNVR,RG,4230,7,D,PD,PD,D
14:09:03,UNVR,RG,4240,10,F,BK,YU,F
14:09:00,UNVR,RG,4240,10,F,BK,YU,F
14:08:57,UNVR,RG,4240,4,F,ZP,YU,F
14:08:57,UNVR,RG,4240,29,F,ZP,YU,F
14:08:57,UNVR,RG,4240,50,D,LS,YU,F
14:08:53,UNVR,RG,4230,10,D,PD,CC,D
14:08:49,UNVR,RG,4230,1,D,PD,OD,D
14:08:32,UNVR,RG,4240,11,F,BK,YU,F
14:08:31,UNVR,RG,4240,200,D,SQ,YU,F
14:08:16,UNVR,RG,4240,10,D,CC,YU,F
14:08:02,UNVR,RG,4240,2,D,XC,YU,F
14:07:16,UNVR,RG,4240,42,F,CS,YU,F
14:07:16,UNVR,RG,4240,43,F,CS,YU,F
14:07:16,UNVR,RG,4240,13,D,XC,YU,F
14:07:16,UNVR,RG,4240,31,F,CS,YU,F
14:07:16,UNVR,RG,4240,36,F,CS,YU,F
14:07:16,UNVR,RG,4240,40,D,CS,YU,F
14:07:15,UNVR,RG,4240,37,D,CS,YU,F
14:07:15,UNVR,RG,4240,1,D,CS,YU,F
14:07:15,UNVR,RG,4240,3,D,XC,YU,F
14:07:15,UNVR,RG,4240,1,D,NI,YU,F
14:07:15,UNVR,RG,4240,20,D,PD,YU,F
14:07:15,UNVR,RG,4240,18,F,YU,YU,F
14:07:15,UNVR,RG,4240,20,D,OD,YU,F
14:07:15,UNVR,RG,4240,10,D,KK,YU,F
14:07:15,UNVR,RG,4240,25,D,YP,YU,F
14:07:15,UNVR,RG,4240,11,F,BK,YU,F
14:07:15,UNVR,RG,4240,24,F,CS,YU,F
14:07:15,UNVR,RG,4240,2,F,ZP,YU,F
14:07:15,UNVR,RG,4240,1,D,CS,YU,F
14:07:15,UNVR,RG,4240,50,D,XC,YU,F
14:07:15,UNVR,RG,4240,1,D,CS,YU,F
14:07:15,UNVR,RG,4240,5,D,YP,YU,F
14:07:15,UNVR,RG,4240,1,D,AT,YU,F
14:07:15,UNVR,RG,4240,23,F,CS,YU,F
14:07:15,UNVR,RG,4240,6,F,CS,YU,F
14:07:15,UNVR,RG,4240,21,D,CC,YU,F
14:07:15,UNVR,RG,4240,10,D,YP,YU,F
14:07:15,UNVR,RG,4240,4,F,ZP,YU,F
14:07:15,UNVR,RG,4240,3,F,ZP,YU,F
14:06:54,UNVR,RG,4250,2,D,NI,PD,D
14:06:32,UNVR,RG,4250,240,D,PD,PD,D
14:06:32,UNVR,RG,4250,6,D,LG,PD,D
14:06:32,UNVR,RG,4240,19,F,ZP,LG,D
14:06:32,UNVR,RG,4240,2,D,CC,LG,D
14:06:32,UNVR,RG,4240,1,D,DR,LG,D
14:06:32,UNVR,RG,4240,13,F,CS,LG,D
14:06:32,UNVR,RG,4240,5,D,CC,LG,D
14:06:29,UNVR,RG,4240,40,D,CC,CC,D
14:06:26,UNVR,RG,4240,5,D,CC,XC,D
14:06:26,UNVR,RG,4240,12,F,BK,XC,D
14:06:26,UNVR,RG,4240,1,D,YP,XC,D
14:06:26,UNVR,RG,4240,2,F,CS,XC,D
14:06:26,UNVR,RG,4240,9,F,CS,XC,D
14:06:26,UNVR,RG,4240,1,D,CS,XC,D
14:06:21,UNVR,RG,4240,1,D,CS,OD,D
14:06:06,UNVR,RG,4240,5,D,CS,NI,D
14:06:06,UNVR,RG,4240,9,D,CS,NI,D
14:06:06,UNVR,RG,4240,2,F,ZP,NI,D
14:06:06,UNVR,RG,4240,2,F,AK,NI,D
14:06:06,UNVR,RG,4240,4,F,AK,NI,D
14:06:06,UNVR,RG,4240,3,F,CS,NI,D
14:05:33,UNVR,RG,4240,2,F,CS,PD,D
14:05:14,UNVR,RG,4240,1,F,CS,PD,D
14:05:09,UNVR,RG,4250,2,D,NI,PD,D
14:05:00,UNVR,RG,4250,43,F,YU,PD,D
14:04:24,UNVR,RG,4250,21,F,DR,PD,D
14:04:02,UNVR,RG,4240,41,F,CS,ZP,F
14:04:02,UNVR,RG,4240,2,F,CS,ZP,F
14:04:02,UNVR,RG,4240,1,F,CS,ZP,F
14:04:02,UNVR,RG,4240,2,F,CS,ZP,F
14:04:02,UNVR,RG,4240,1,F,CS,OD,D
14:04:02,UNVR,RG,4240,7,F,CS,YU,F
14:04:02,UNVR,RG,4240,26,F,CS,YU,F
14:04:02,UNVR,RG,4240,14,D,CS,YU,F
14:04:02,UNVR,RG,4240,37,F,CS,YU,F
14:04:02,UNVR,RG,4240,48,F,CS,YU,F
14:04:02,UNVR,RG,4240,49,F,CS,YU,F
14:04:02,UNVR,RG,4240,13,F,CS,YU,F
14:04:02,UNVR,RG,4240,12,F,CS,YU,F
14:04:02,UNVR,RG,4240,2,F,CS,YU,F
14:04:01,UNVR,RG,4240,10,D,XC,YU,F
14:04:01,UNVR,RG,4240,4,F,CS,YU,F
14:04:01,UNVR,RG,4240,52,F,CS,YU,F
14:04:01,UNVR,RG,4240,100,D,ES,YU,F
14:04:01,UNVR,RG,4240,1,F,AK,YU,F
14:04:01,UNVR,RG,4240,3,F,AK,YU,F
14:04:01,UNVR,RG,4240,198,D,BB,YU,F
14:04:01,UNVR,RG,4240,66,D,RX,YU,F
14:04:01,UNVR,RG,4240,234,F,BK,YU,F
14:04:01,UNVR,RG,4240,1,F,CS,YU,F
14:04:01,UNVR,RG,4240,2,D,CS,YU,F
14:04:01,UNVR,RG,4240,1,F,CS,YU,F
14:04:01,UNVR,RG,4240,35,D,CS,YU,F
14:04:01,UNVR,RG,4240,2,F,ZP,YU,F
14:04:01,UNVR,RG,4240,5,F,ZP,YU,F
14:04:01,UNVR,RG,4240,31,F,ZP,YU,F
14:04:01,UNVR,RG,4240,47,F,DR,YU,F
14:03:55,UNVR,RG,4250,20,D,YP,PD,D
14:03:16,UNVR,RG,4240,39,F,DR,LS,D
14:03:16,UNVR,RG,4240,1,D,CC,LS,D
14:02:44,UNVR,RG,4250,17,F,BK,PD,D
14:02:40,UNVR,RG,4250,16,F,BK,PD,D
14:02:37,UNVR,RG,4250,62,F,BK,PD,D
14:02:37,UNVR,RG,4250,20,F,BK,NI,D
14:02:37,UNVR,RG,4250,2,F,BK,CC,D
14:02:37,UNVR,RG,4250,15,F,BK,KK,D
14:02:33,UNVR,RG,4240,1,D,LG,OD,D
14:02:33,UNVR,RG,4240,3,D,LG,NI,D
14:02:33,UNVR,RG,4240,140,D,LG,CC,D
14:02:33,UNVR,RG,4240,5,D,LG,YP,D
14:02:33,UNVR,RG,4240,5,D,LG,XC,D
14:02:33,UNVR,RG,4240,9,D,LG,DR,D
14:02:33,UNVR,RG,4240,3,D,LG,CC,D
14:02:33,UNVR,RG,4240,80,D,LG,PD,D
14:02:33,UNVR,RG,4240,10,D,LG,DH,D
14:02:33,UNVR,RG,4240,1,D,LG,PD,D
14:02:33,UNVR,RG,4240,16,D,LG,AK,F
14:02:33,UNVR,RG,4240,2,D,LG,KK,D
14:02:33,UNVR,RG,4240,50,D,LG,NI,D
14:02:33,UNVR,RG,4240,1,D,LG,XC,D
14:02:33,UNVR,RG,4240,2,D,LG,PD,D
14:02:33,UNVR,RG,4240,2,D,LG,PD,D
14:02:33,UNVR,RG,4240,22,D,LG,AK,F
14:02:33,UNVR,RG,4240,5,D,LG,PD,D
14:02:33,UNVR,RG,4240,5,D,LG,CC,F
14:02:33,UNVR,RG,4240,29,D,LG,ZP,F
14:02:33,UNVR,RG,4240,237,D,LG,YU,F
14:02:20,UNVR,RG,4230,10,D,PD,CC,D
14:02:10,UNVR,RG,4240,1,D,CC,YU,F
14:02:01,UNVR,RG,4240,10,D,CC,YU,F
14:01:50,UNVR,RG,4240,1,D,PD,YU,F
14:01:48,UNVR,RG,4230,1,D,PD,YP,D
14:01:46,UNVR,RG,4230,5,D,PD,PD,D
14:01:41,UNVR,RG,4230,10,D,PD,YP,D
14:01:41,UNVR,RG,4230,1,D,PD,NI,D
14:01:25,UNVR,RG,4230,5,D,PD,YP,D
14:01:08,UNVR,RG,4240,11,F,BK,YU,F
14:01:04,UNVR,RG,4240,11,F,BK,YU,F
14:01:03,UNVR,RG,4240,1,D,XC,YU,F
14:01:03,UNVR,RG,4240,2,F,ZP,YU,F
14:01:02,UNVR,RG,4240,47,D,NI,YU,F
14:01:02,UNVR,RG,4240,25,F,BK,YU,F
14:01:00,UNVR,RG,4240,51,F,YU,YU,F
14:00:58,UNVR,RG,4240,102,F,BK,YU,F
14:00:57,UNVR,RG,4230,700,D,PD,YP,D
14:00:56,UNVR,RG,4240,1,D,PD,YU,F
14:00:47,UNVR,RG,4240,19,F,BK,YU,F
14:00:42,UNVR,RG,4230,42,D,PD,CC,D
14:00:42,UNVR,RG,4230,30,D,KK,CC,D
14:00:42,UNVR,RG,4230,1,D,PD,CC,D
14:00:42,UNVR,RG,4230,1,D,CC,CC,D
14:00:42,UNVR,RG,4230,1,D,XC,CC,D
14:00:32,UNVR,RG,4230,5,D,PD,AT,D
14:00:32,UNVR,RG,4230,2,D,EP,AT,D
14:00:32,UNVR,RG,4230,2,D,SQ,AT,D
14:00:32,UNVR,RG,4230,1,D,KK,AT,D
14:00:14,UNVR,RG,4230,1,D,KK,OD,D
14:00:11,UNVR,RG,4240,7,F,ZP,YU,F
14:00:10,UNVR,RG,4240,1,D,XC,YU,F
13:59:32,UNVR,RG,4240,10,F,BK,YU,F
13:59:30,UNVR,RG,4240,2,F,ZP,YU,F
13:59:30,UNVR,RG,4240,16,F,ZP,YU,F
13:59:20,UNVR,RG,4240,11,D,NI,YU,F
13:59:02,UNVR,RG,4230,1,D,KK,OD,D
13:58:56,UNVR,RG,4240,1,D,CC,YU,F
13:58:45,UNVR,RG,4230,2,D,KK,PD,D
13:58:45,UNVR,RG,4230,5,D,KK,PD,D
13:58:34,UNVR,RG,4240,20,D,PD,YU,F
13:58:29,UNVR,RG,4240,2,D,CC,YU,F
13:58:21,UNVR,RG,4240,14,F,BK,YU,F
13:58:16,UNVR,RG,4240,23,F,BK,YU,F
13:58:14,UNVR,RG,4240,2,F,ZP,YU,F
13:58:14,UNVR,RG,4240,200,D,EP,YU,F
13:58:11,UNVR,RG,4240,5,D,NI,YU,F
13:57:40,UNVR,RG,4240,5,D,YP,YU,F
13:57:39,UNVR,RG,4240,2,D,PD,YU,F
13:57:32,UNVR,RG,4240,5,D,NI,YU,F
13:57:25,UNVR,RG,4240,18,F,ZP,YU,F
13:57:24,UNVR,RG,4240,150,D,NI,YU,F
13:57:00,UNVR,RG,4240,44,F,YU,YU,F
13:56:58,UNVR,RG,4240,50,D,YP,YU,F
13:56:52,UNVR,RG,4230,3,D,KK,AT,D
13:56:47,UNVR,RG,4230,1,D,KK,CC,D
13:56:44,UNVR,RG,4230,1,D,KK,AT,D
13:56:44,UNVR,RG,4230,1,D,AT,AT,D
13:56:44,UNVR,RG,4230,1,D,YB,AT,D
13:56:41,UNVR,RG,4240,14,D,XC,YU,F
13:56:32,UNVR,RG,4230,1,D,AT,OD,D
13:56:28,UNVR,RG,4240,50,D,SQ,YU,F
13:56:26,UNVR,RG,4240,2,F,ZP,YU,F
13:56:26,UNVR,RG,4240,150,D,SQ,YU,F
13:56:20,UNVR,RG,4240,2,D,SQ,YU,F
13:56:20,UNVR,RG,4230,1,D,XC,NI,D
13:56:18,UNVR,RG,4240,1,D,YU,YU,F
13:56:17,UNVR,RG,4240,8,D,SQ,YU,F
13:56:11,UNVR,RG,4240,10,D,SQ,YU,F
13:56:08,UNVR,RG,4240,15,D,SQ,YU,F
13:56:05,UNVR,RG,4240,1,D,YU,YU,F
13:56:03,UNVR,RG,4240,50,D,SQ,YU,F
13:55:59,UNVR,RG,4240,30,D,SQ,YU,F
13:55:55,UNVR,RG,4240,5,D,SQ,YU,F
13:55:53,UNVR,RG,4240,5,D,SQ,YU,F
13:55:50,UNVR,RG,4240,10,D,SQ,YU,F
13:55:33,UNVR,RG,4230,2,D,XC,PD,D
13:55:11,UNVR,RG,4230,10,D,XC,PD,D
13:55:08,UNVR,RG,4240,2,D,CC,YU,F
13:55:03,UNVR,RG,4240,9,D,PD,YU,F
13:54:47,UNVR,RG,4240,20,D,NI,YU,F
13:54:20,UNVR,RG,4240,36,D,CS,YU,F
13:54:20,UNVR,RG,4240,1,D,CS,YU,F
13:54:20,UNVR,RG,4240,10,D,CS,YU,F
13:54:20,UNVR,RG,4240,1,D,CS,YU,F
13:54:20,UNVR,RG,4240,23,F,CS,YU,F
13:54:20,UNVR,RG,4240,2,F,CS,YU,F
13:54:20,UNVR,RG,4240,20,D,CS,YU,F
13:54:20,UNVR,RG,4240,6,F,CS,YU,F
13:54:20,UNVR,RG,4240,15,D,CS,YU,F
13:54:20,UNVR,RG,4240,24,F,CS,YU,F
13:54:20,UNVR,RG,4240,1,F,AK,YU,F
13:54:19,UNVR,RG,4240,3,F,AK,YU,F
13:54:19,UNVR,RG,4240,30,F,CS,YU,F
13:54:19,UNVR,RG,4240,17,D,CS,YU,F
13:54:19,UNVR,RG,4240,1,F,AK,YU,F
13:54:19,UNVR,RG,4240,1,F,AK,YU,F
13:54:19,UNVR,RG,4240,1,F,AK,YU,F
13:54:19,UNVR,RG,4240,3,F,AK,YU,F
13:54:19,UNVR,RG,4240,5,F,AK,YU,F
13:54:19,UNVR,RG,4240,3,F,AK,YU,F
13:54:19,UNVR,RG,4240,29,D,RX,YU,F
13:54:19,UNVR,RG,4240,472,F,BK,YU,F
13:54:19,UNVR,RG,4240,2000,D,NI,YU,F
13:54:19,UNVR,RG,4240,2,D,CC,YU,F
13:54:19,UNVR,RG,4240,20,F,ZP,YU,F
13:54:19,UNVR,RG,4240,500,D,YJ,YU,F
13:54:19,UNVR,RG,4240,121,F,BK,YU,F
13:54:19,UNVR,RG,4240,100,D,BQ,YU,F
13:54:19,UNVR,RG,4240,1,D,PD,YU,F
13:54:19,UNVR,RG,4240,4,D,CS,YU,F
13:54:19,UNVR,RG,4240,6,F,CS,YU,F
13:54:19,UNVR,RG,4240,20,D,XC,YU,F
13:54:19,UNVR,RG,4240,5,F,CS,YU,F
13:54:19,UNVR,RG,4240,26,F,ZP,YU,F
13:54:02,UNVR,RG,4240,3,F,ZP,CC,D
13:54:02,UNVR,RG,4240,2,F,ZP,CC,D
13:53:41,UNVR,RG,4240,5,F,AK,YP,D
13:53:41,UNVR,RG,4240,1,F,AK,OD,D
13:53:41,UNVR,RG,4240,5,F,AK,NI,D
13:53:41,UNVR,RG,4240,6,F,AK,PD,D
13:53:41,UNVR,RG,4240,24,F,AK,AK,F
13:53:41,UNVR,RG,4240,28,F,AK,ZP,F
13:53:41,UNVR,RG,4240,66,F,AK,YP,D
13:53:41,UNVR,RG,4240,20,F,AK,CC,D
13:53:41,UNVR,RG,4240,16,F,AK,AK,F
13:53:41,UNVR,RG,4240,1,F,AK,CC,F
13:53:07,UNVR,RG,4230,1,D,XC,PD,D
13:53:03,UNVR,RG,4230,3,D,XC,AT,D
13:53:03,UNVR,RG,4230,3,D,XC,AT,D
13:53:03,UNVR,RG,4230,3,D,KK,AT,D
13:52:52,UNVR,RG,4230,10,D,XA,AT,D
13:52:51,UNVR,RG,4240,2,D,XL,YU,F
13:52:23,UNVR,RG,4240,1,D,XC,YU,F
13:52:02,UNVR,RG,4240,1,D,PD,YU,F
13:52:02,UNVR,RG,4230,13,D,XA,PD,D
13:52:02,UNVR,RG,4230,5,D,ID,PD,D
13:52:02,UNVR,RG,4230,1,D,EP,PD,D
13:52:02,UNVR,RG,4230,1,D,EP,PD,D
13:52:00,UNVR,RG,4240,46,F,YU,YU,F
13:51:43,UNVR,RG,4230,1,D,XC,OD,D
13:51:28,UNVR,RG,4240,88,D,NI,YU,F
13:51:17,UNVR,RG,4240,2,D,DH,YU,F
13:51:15,UNVR,RG,4240,50,D,XC,YU,F
13:51:12,UNVR,RG,4240,15,D,SQ,YU,F
13:51:10,UNVR,RG,4240,5,D,SQ,YU,F
13:51:05,UNVR,RG,4240,5,D,SQ,YU,F
13:51:01,UNVR,RG,4240,2,D,SQ,YU,F
13:51:01,UNVR,RG,4240,3,D,NI,YU,F
13:50:59,UNVR,RG,4240,2,D,SQ,YU,F
13:50:56,UNVR,RG,4240,3,D,SQ,YU,F
13:50:52,UNVR,RG,4240,100,D,SQ,YU,F
13:50:50,UNVR,RG,4240,5,D,XC,YU,F
13:50:49,UNVR,RG,4240,50,D,SQ,YU,F
13:50:49,UNVR,RG,4240,5,D,CC,YU,F
13:50:43,UNVR,RG,4240,1,D,AT,YU,F
13:50:38,UNVR,RG,4240,4,D,CC,YU,F
13:50:35,UNVR,RG,4240,276,D,KK,YU,F
13:50:14,UNVR,RG,4240,2,F,AG,YU,F
13:49:59,UNVR,RG,4240,5,D,CC,YU,F
13:49:53,UNVR,RG,4240,7,D,NI,YU,F
13:49:39,UNVR,RG,4240,10,D,KK,YU,F
13:49:21,UNVR,RG,4230,1,D,IU,OD,D
13:48:43,UNVR,RG,4240,18,D,CC,YU,F
13:48:37,UNVR,RG,4240,1,D,CS,YU,F
13:48:37,UNVR,RG,4240,100,D,BQ,YU,F
13:48:37,UNVR,RG,4240,2,D,PD,YU,F
13:48:37,UNVR,RG,4240,1,F,CS,YU,F
13:48:37,UNVR,RG,4240,1,D,KK,YU,F
13:48:21,UNVR,RG,4240,1,F,ZP,PD,D
13:48:19,UNVR,RG,4240,12,F,ZP,NI,D
13:48:19,UNVR,RG,4240,59,D,GR,NI,D
13:48:19,UNVR,RG,4240,19,F,YU,NI,D
13:48:19,UNVR,RG,4240,10,D,DR,NI,D
13:47:46,UNVR,RG,4240,1,D,CS,OD,D
13:47:45,UNVR,RG,4230,58,D,IU,NI,D
13:47:45,UNVR,RG,4240,6,F,CS,NI,D
13:47:45,UNVR,RG,4240,2,D,NI,NI,D
13:47:45,UNVR,RG,4240,4,D,CS,NI,D
13:47:45,UNVR,RG,4240,2,D,SQ,NI,D
13:47:42,UNVR,RG,4240,1,D,SQ,PD,D
13:47:42,UNVR,RG,4240,1,F,CS,PD,D
13:47:40,UNVR,RG,4250,5,D,CC,YU,F
13:47:37,UNVR,RG,4240,1,F,ZP,XC,D
13:47:28,UNVR,RG,4240,1,F,ZP,XC,D
13:47:22,UNVR,RG,4240,20,D,CC,YP,D
13:47:07,UNVR,RG,4240,34,D,CC,YP,D
13:46:54,UNVR,RG,4240,100,D,CC,PD,D
13:46:54,UNVR,RG,4240,22,D,CC,PD,D
13:46:54,UNVR,RG,4240,1,D,CC,PD,D
13:46:54,UNVR,RG,4240,23,D,CC,YU,F
13:46:44,UNVR,RG,4240,30,D,DX,YU,F
13:46:19,UNVR,RG,4240,19,F,ZP,YU,F
13:46:19,UNVR,RG,4240,428,D,SQ,YU,F
13:46:12,UNVR,RG,4240,32,D,SQ,YP,D
13:46:07,UNVR,RG,4240,5,D,CC,YP,D
13:45:53,UNVR,RG,4240,2,D,XC,YP,D
13:45:45,UNVR,RG,4240,25,D,FS,YP,D
13:45:43,UNVR,RG,4240,16,F,CS,YP,D
13:45:43,UNVR,RG,4240,3,F,CS,YP,D
13:45:43,UNVR,RG,4240,10,D,HP,YP,D
13:45:43,UNVR,RG,4240,8,D,CS,YP,D
13:45:43,UNVR,RG,4240,1,D,YP,YP,D
13:45:43,UNVR,RG,4240,8,D,SQ,YP,D
13:45:42,UNVR,RG,4240,2,D,SQ,SQ,D
13:45:42,UNVR,RG,4240,3,F,CS,SQ,D
13:45:41,UNVR,RG,4240,6,F,CS,DX,D
13:45:40,UNVR,RG,4240,4,F,CS,PD,D
13:45:40,UNVR,RG,4240,9,F,CS,PD,D
13:45:40,UNVR,RG,4240,32,D,CS,PD,D
13:45:40,UNVR,RG,4240,32,D,SQ,PD,D
13:45:27,UNVR,RG,4240,2,F,CS,YU,F
13:45:27,UNVR,RG,4240,1,F,AK,YU,F
13:45:27,UNVR,RG,4240,1,F,ZP,YU,F
13:45:27,UNVR,RG,4240,5,D,CC,YU,F
13:45:27,UNVR,RG,4240,3,D,PD,YU,F
13:45:27,UNVR,RG,4240,130,D,SQ,YU,F
13:45:27,UNVR,RG,4240,1,F,AK,YU,F
13:45:27,UNVR,RG,4240,39,D,SQ,YU,F
13:45:27,UNVR,RG,4240,25,D,CC,YU,F
13:45:27,UNVR,RG,4240,100,D,BQ,YU,F
13:45:27,UNVR,RG,4240,9,D,SQ,YU,F
13:45:27,UNVR,RG,4240,87,F,DR,YU,F
13:45:27,UNVR,RG,4240,5,F,CS,YU,F
13:45:27,UNVR,RG,4240,1,F,ZP,YU,F
13:45:27,UNVR,RG,4240,14,F,ZP,YU,F
13:45:27,UNVR,RG,4240,52,F,CS,YU,F
13:45:27,UNVR,RG,4240,20,D,CC,YU,F
13:45:27,UNVR,RG,4240,5,D,SQ,YU,F
13:45:21,UNVR,RG,4240,88,D,SQ,CC,D
13:45:19,UNVR,RG,4240,27,D,SQ,AI,D
13:45:03,UNVR,RG,4240,30,D,SQ,AK,F
13:45:02,UNVR,RG,4240,5,D,CC,AK,F
13:45:02,UNVR,RG,4240,30,D,DD,AK,F
13:45:02,UNVR,RG,4240,4,D,DD,XC,D
13:45:00,UNVR,RG,4240,11,D,SQ,XC,D
13:45:00,UNVR,RG,4240,1,D,SQ,OD,D
13:45:00,UNVR,RG,4240,1,D,SQ,XC,D
13:45:00,UNVR,RG,4240,20,D,SQ,CC,D
13:45:00,UNVR,RG,4240,1,D,SQ,NI,D
13:45:00,UNVR,RG,4240,2,D,SQ,GR,D
13:45:00,UNVR,RG,4240,10,D,SQ,BQ,D
13:45:00,UNVR,RG,4240,50,D,SQ,NI,D
13:45:00,UNVR,RG,4240,1,D,SQ,CC,F
13:45:00,UNVR,RG,4240,17,D,SQ,AK,F
13:45:00,UNVR,RG,4240,16,D,SQ,AK,F
13:44:50,UNVR,RG,4230,11,D,IU,XC,D
13:44:43,UNVR,RG,4230,17,D,IU,YP,D
13:44:33,UNVR,RG,4230,1,D,IU,OD,D
13:44:19,UNVR,RG,4240,1,D,XC,YU,F
13:44:19,UNVR,RG,4240,10,D,XC,YU,F
13:43:59,UNVR,RG,4240,1,D,CC,YU,F
13:43:59,UNVR,RG,4230,4,D,IU,SQ,D
13:43:32,UNVR,RG,4230,9,D,IU,CC,F
13:43:30,UNVR,RG,4230,16,D,IU,YP,D
13:43:15,UNVR,RG,4230,256,D,IU,PD,D
13:43:14,UNVR,RG,4240,1,D,XC,YU,F
13:43:08,UNVR,RG,4240,1,D,CC,YU,F
13:42:58,UNVR,RG,4230,10,D,IU,PD,D
13:42:57,UNVR,RG,4240,1,D,PD,YU,F
13:42:55,UNVR,RG,4230,30,D,IU,NI,D
13:42:55,UNVR,RG,4240,1,D,PD,YU,F
13:42:43,UNVR,RG,4240,39,D,PD,YU,F
13:42:43,UNVR,RG,4240,1,D,PD,CC,F
13:42:43,UNVR,RG,4240,19,D,PD,EP,D
13:42:38,UNVR,RG,4240,1,D,YP,EP,D
13:42:34,UNVR,RG,4240,6,D,YP,EP,D
13:42:34,UNVR,RG,4230,8,D,IU,YP,D
13:42:33,UNVR,RG,4230,27,D,IU,AT,D
13:42:33,UNVR,RG,4230,22,D,IU,PD,D
13:42:33,UNVR,RG,4230,1,D,XC,PD,D
13:42:32,UNVR,RG,4230,1,D,DH,PD,D
13:42:32,UNVR,RG,4230,1,D,XC,PD,D
13:42:23,UNVR,RG,4240,17,F,ZP,AK,F
13:42:23,UNVR,RG,4240,1,D,XC,AK,F
13:42:23,UNVR,RG,4240,141,F,CS,AK,F
13:42:22,UNVR,RG,4240,89,F,CS,AK,F
13:42:22,UNVR,RG,4240,2,F,ZP,AK,F
13:42:22,UNVR,RG,4240,1,F,AK,AK,F
13:42:22,UNVR,RG,4240,3,F,AK,AK,F
13:42:22,UNVR,RG,4240,1,F,AK,AK,F
13:42:22,UNVR,RG,4240,32,D,CS,AK,F
13:42:22,UNVR,RG,4240,4,D,SQ,AK,F
13:42:22,UNVR,RG,4240,2,D,PD,AK,F
13:42:22,UNVR,RG,4240,20,D,TP,AK,F
13:42:22,UNVR,RG,4240,66,F,CS,AK,F
13:42:22,UNVR,RG,4240,2,D,YP,AK,F
13:42:22,UNVR,RG,4240,9,D,LG,AK,F
13:42:22,UNVR,RG,4240,1,D,YP,AK,F
13:42:22,UNVR,RG,4240,62,F,CS,AK,F
13:42:22,UNVR,RG,4240,20,D,CC,AK,F
13:42:22,UNVR,RG,4240,17,D,YP,AK,F
13:42:22,UNVR,RG,4240,5,D,YP,AK,F
13:42:22,UNVR,RG,4240,1,F,CS,AK,F
13:42:22,UNVR,RG,4240,5,D,XL,AK,F
13:42:22,UNVR,RG,4240,10,D,NI,AK,F
13:42:22,UNVR,RG,4240,30,D,CS,AK,F
13:42:22,UNVR,RG,4240,53,F,CS,AK,F
13:42:22,UNVR,RG,4240,1,D,KK,AK,F
13:42:22,UNVR,RG,4240,3,F,AK,AK,F
13:42:22,UNVR,RG,4240,1,D,NI,AK,F
13:42:22,UNVR,RG,4240,41,F,CS,AK,F
13:42:22,UNVR,RG,4240,10,D,CC,AK,F
13:42:22,UNVR,RG,4240,1,D,PD,AK,F
13:42:22,UNVR,RG,4240,8,F,CS,AK,F
13:42:21,UNVR,RG,4240,186,F,CS,AK,F
13:42:21,UNVR,RG,4240,2,D,YU,AK,F
13:42:21,UNVR,RG,4240,4,F,CS,AK,F
13:42:21,UNVR,RG,4240,35,F,CS,AK,F
13:42:21,UNVR,RG,4240,15,F,CS,YU,F
13:42:21,UNVR,RG,4240,1,F,AK,YU,F
13:42:21,UNVR,RG,4240,2,D,NI,YU,F
13:42:21,UNVR,RG,4240,100,D,CC,YU,F
13:42:21,UNVR,RG,4240,2,D,XC,YU,F
13:42:21,UNVR,RG,4240,4,F,AK,YU,F
13:42:21,UNVR,RG,4240,1,F,AK,YU,F
13:42:21,UNVR,RG,4240,53,F,CS,YU,F
13:42:21,UNVR,RG,4240,2,D,XC,YU,F
13:42:21,UNVR,RG,4240,1,D,PD,YU,F
13:42:21,UNVR,RG,4240,4,F,AK,YU,F
13:42:21,UNVR,RG,4240,1,F,AK,YU,F
13:42:21,UNVR,RG,4240,2,F,ZP,YU,F
13:42:21,UNVR,RG,4240,43,F,CS,YU,F
13:42:21,UNVR,RG,4240,5,D,SQ,YU,F
13:42:21,UNVR,RG,4240,1,D,XC,YU,F
13:42:21,UNVR,RG,4240,2,D,NI,YU,F
13:42:21,UNVR,RG,4240,195,F,CS,YU,F
13:42:21,UNVR,RG,4240,20,F,CS,YU,F
13:42:21,UNVR,RG,4240,5,D,XC,YU,F
13:42:21,UNVR,RG,4240,2,D,XC,YU,F
13:42:21,UNVR,RG,4240,1,D,XC,YU,F
13:42:21,UNVR,RG,4240,1,D,XC,YU,F
13:42:21,UNVR,RG,4240,1,D,XC,YU,F
13:42:21,UNVR,RG,4240,1,D,XC,YU,F
13:42:21,UNVR,RG,4240,2,D,XC,YU,F
13:42:21,UNVR,RG,4240,1,D,XC,YU,F
13:42:21,UNVR,RG,4240,4,D,XC,YU,F
13:42:21,UNVR,RG,4240,1,D,XC,YU,F
13:42:21,UNVR,RG,4240,1,D,YP,YU,F
13:42:21,UNVR,RG,4240,1,D,YP,YU,F
13:42:21,UNVR,RG,4240,3,D,YP,YU,F
13:42:21,UNVR,RG,4240,1,D,YP,YU,F
13:42:21,UNVR,RG,4240,1,D,YP,YU,F
13:42:21,UNVR,RG,4240,10,D,YP,YU,F
13:42:21,UNVR,RG,4240,5,D,YP,YU,F
13:42:21,UNVR,RG,4240,20,D,YP,YU,F
13:42:21,UNVR,RG,4240,2,D,YP,YU,F
13:42:21,UNVR,RG,4240,34,D,YP,YU,F
13:42:21,UNVR,RG,4240,1,D,YP,YU,F
13:42:21,UNVR,RG,4240,1,D,CC,YU,F
13:42:21,UNVR,RG,4240,2,D,CC,YU,F
13:42:21,UNVR,RG,4240,2,F,KK,YU,F
13:42:21,UNVR,RG,4240,20,D,CC,YU,F
13:42:21,UNVR,RG,4240,49,D,CC,YU,F
13:42:21,UNVR,RG,4240,2,F,KK,YU,F
13:42:21,UNVR,RG,4240,10,D,CC,YU,F
13:42:21,UNVR,RG,4240,5,F,AK,YU,F
13:42:21,UNVR,RG,4240,4,D,PD,YU,F
13:42:21,UNVR,RG,4240,4,D,PD,YU,F
13:42:21,UNVR,RG,4240,2,D,XC,YU,F
13:42:21,UNVR,RG,4240,1,D,XC,YU,F
13:42:21,UNVR,RG,4240,5,D,XC,YU,F
13:42:21,UNVR,RG,4240,11,F,ZP,YU,F
13:42:21,UNVR,RG,4240,2,D,XC,YU,F
13:42:21,UNVR,RG,4240,2,F,AK,YU,F
13:42:21,UNVR,RG,4240,1,D,OD,YU,F
13:42:21,UNVR,RG,4240,5,D,XC,YU,F
13:42:21,UNVR,RG,4240,1,D,XC,YU,F
13:42:21,UNVR,RG,4240,8,D,XC,YU,F
13:42:21,UNVR,RG,4240,50,D,OD,YU,F
13:42:21,UNVR,RG,4240,5,D,OD,YU,F
13:42:21,UNVR,RG,4240,75,F,CS,YU,F
13:42:21,UNVR,RG,4240,1,D,XC,YU,F
13:42:21,UNVR,RG,4240,537,F,CS,YU,F
13:42:21,UNVR,RG,4240,2,D,PD,YU,F
13:42:21,UNVR,RG,4240,3,D,XC,YU,F
13:42:21,UNVR,RG,4240,1,D,PD,YU,F
13:42:21,UNVR,RG,4240,2,D,KK,YU,F
13:42:21,UNVR,RG,4240,2,D,PD,YU,F
13:42:21,UNVR,RG,4240,2,D,PD,YU,F
13:42:21,UNVR,RG,4240,1,D,PD,YU,F
13:42:21,UNVR,RG,4240,2,D,CC,YU,F
13:42:21,UNVR,RG,4240,10,D,PD,YU,F
13:42:21,UNVR,RG,4240,2,D,XL,YU,F
13:42:21,UNVR,RG,4240,1,D,PD,YU,F
13:42:21,UNVR,RG,4240,1,D,PD,YU,F
13:42:21,UNVR,RG,4240,10,D,XL,YU,F
13:42:21,UNVR,RG,4240,1,D,XL,YU,F
13:42:21,UNVR,RG,4240,5,D,XL,YU,F
13:42:21,UNVR,RG,4240,2,D,PD,YU,F
13:42:21,UNVR,RG,4240,1900,D,DH,YU,F
13:42:21,UNVR,RG,4240,2,D,PD,YU,F
13:42:21,UNVR,RG,4240,5,D,PD,YU,F
13:42:21,UNVR,RG,4240,2,D,KK,YU,F
13:42:21,UNVR,RG,4240,2,D,AT,YU,F
13:42:21,UNVR,RG,4240,40,F,DR,YU,F
13:42:21,UNVR,RG,4240,15,D,KK,YU,F
13:42:21,UNVR,RG,4240,1,D,SQ,YU,F
13:42:21,UNVR,RG,4240,52,F,ZP,YU,F
13:42:21,UNVR,RG,4240,6,D,PD,YU,F
13:42:21,UNVR,RG,4240,2,D,PD,YU,F
13:42:21,UNVR,RG,4240,1,D,HP,YU,F
13:42:21,UNVR,RG,4240,1,D,LG,YU,F
13:42:21,UNVR,RG,4240,7,D,LG,YU,F
13:42:21,UNVR,RG,4240,10,D,DR,YU,F
13:42:21,UNVR,RG,4240,9,D,LG,YU,F
13:42:21,UNVR,RG,4240,1,D,CP,YU,F
13:42:21,UNVR,RG,4240,1,D,AZ,YU,F
13:42:21,UNVR,RG,4240,2,D,TP,YU,F
13:42:21,UNVR,RG,4240,2,D,PD,YU,F
13:42:21,UNVR,RG,4240,1,D,EP,YU,F
13:42:21,UNVR,RG,4240,1,D,PD,YU,F
13:42:21,UNVR,RG,4240,1,D,GR,YU,F
13:42:21,UNVR,RG,4240,85,D,RX,YU,F
13:42:21,UNVR,RG,4240,10,D,ID,YU,F
13:42:21,UNVR,RG,4240,16,D,YB,YU,F
13:42:21,UNVR,RG,4240,2,D,DR,YU,F
13:42:21,UNVR,RG,4240,120,D,ZP,YU,F
13:42:21,UNVR,RG,4240,18,D,CS,YU,F
13:42:21,UNVR,RG,4240,500,D,YP,YU,F
13:42:21,UNVR,RG,4240,3,D,PD,YU,F
13:42:21,UNVR,RG,4240,2,D,PD,YU,F
13:42:21,UNVR,RG,4240,6,D,SQ,YU,F
13:42:21,UNVR,RG,4240,1,D,XC,YU,F
13:42:21,UNVR,RG,4240,5,D,SQ,YU,F
13:42:21,UNVR,RG,4240,1,D,YP,YU,F
13:42:21,UNVR,RG,4240,26,D,CS,YU,F
13:42:21,UNVR,RG,4240,103,F,CS,YU,F
13:42:21,UNVR,RG,4240,5,D,XC,YU,F
13:42:21,UNVR,RG,4240,1,D,PD,YU,F
13:42:21,UNVR,RG,4240,1,D,NI,YU,F
13:42:21,UNVR,RG,4240,1,D,KK,YU,F
13:42:21,UNVR,RG,4240,17,D,CS,YU,F
13:42:21,UNVR,RG,4240,1,D,XC,YU,F
13:42:21,UNVR,RG,4240,1,D,PD,YU,F
13:42:21,UNVR,RG,4240,70,F,CS,YU,F
13:42:21,UNVR,RG,4240,1,D,NI,YU,F
13:42:21,UNVR,RG,4240,1,D,YP,YU,F
13:42:21,UNVR,RG,4240,11,D,XC,YU,F
13:42:21,UNVR,RG,4240,1,D,SQ,YU,F
13:42:21,UNVR,RG,4240,2,D,XC,YU,F
13:42:21,UNVR,RG,4240,25,D,GR,YU,F
13:42:21,UNVR,RG,4240,2,D,XC,YU,F
13:42:21,UNVR,RG,4240,1,D,PD,YU,F
13:42:21,UNVR,RG,4240,70,F,CS,YU,F
13:42:21,UNVR,RG,4240,45,D,CS,YU,F
13:42:21,UNVR,RG,4240,20,D,SQ,YU,F
13:42:21,UNVR,RG,4240,10,D,PD,YU,F
13:42:21,UNVR,RG,4240,8,F,DR,YU,F
13:42:21,UNVR,RG,4240,1,D,CC,YU,F
13:42:21,UNVR,RG,4240,76,F,CS,YU,F
13:42:21,UNVR,RG,4240,37,D,RX,YU,F
13:42:21,UNVR,RG,4240,1,D,NI,YU,F
13:42:21,UNVR,RG,4240,21,F,YU,YU,F
13:42:21,UNVR,RG,4240,2,D,TP,YU,F
13:42:21,UNVR,RG,4240,10,D,PD,YU,F
13:42:21,UNVR,RG,4240,10,D,YP,YU,F
13:42:21,UNVR,RG,4240,1,D,YP,YU,F
13:42:21,UNVR,RG,4240,11,F,ZP,YU,F
13:42:21,UNVR,RG,4240,1,D,PD,YU,F
13:42:21,UNVR,RG,4240,22,D,CS,YU,F
13:42:21,UNVR,RG,4240,1,D,XC,YU,F
13:42:21,UNVR,RG,4240,100,D,GR,YU,F
13:42:21,UNVR,RG,4240,5,D,PD,YU,F
13:42:21,UNVR,RG,4240,1,D,XC,YU,F
13:42:21,UNVR,RG,4240,113,F,CS,YU,F
13:42:21,UNVR,RG,4240,20,F,YU,YU,F
13:42:21,UNVR,RG,4240,24,D,CS,YU,F
13:42:21,UNVR,RG,4240,2,F,ZP,YU,F
13:42:21,UNVR,RG,4240,15,D,CC,YU,F
13:42:21,UNVR,RG,4240,9,D,CC,YU,F
13:42:21,UNVR,RG,4240,5,D,YP,YU,F
13:42:21,UNVR,RG,4240,2,D,XL,YU,F
13:42:21,UNVR,RG,4240,1,D,SQ,YU,F
13:42:21,UNVR,RG,4240,4,D,KK,YU,F
13:42:21,UNVR,RG,4240,2,F,ZP,YU,F
13:42:21,UNVR,RG,4240,500,D,CC,YU,F
13:42:21,UNVR,RG,4240,5,D,XC,YU,F
13:42:21,UNVR,RG,4240,25,D,SQ,YU,F
13:42:21,UNVR,RG,4240,15,D,GR,YU,F
13:42:21,UNVR,RG,4240,5,D,PD,YU,F
13:42:21,UNVR,RG,4240,1,D,LG,YU,F
13:42:21,UNVR,RG,4240,3,D,PD,YU,F
13:42:21,UNVR,RG,4240,2,D,KK,YU,F
13:42:21,UNVR,RG,4240,1,D,XC,YU,F
13:42:21,UNVR,RG,4240,1,D,NI,YU,F
13:42:21,UNVR,RG,4240,80,D,SQ,YU,F
13:42:21,UNVR,RG,4240,3,D,SQ,YU,F
13:42:21,UNVR,RG,4240,8,D,SQ,YU,F
13:42:21,UNVR,RG,4240,23,D,SQ,YU,F
13:42:21,UNVR,RG,4240,1,D,CC,YU,F
13:42:21,UNVR,RG,4240,74,D,TP,YU,F
13:42:21,UNVR,RG,4240,20,D,EP,YU,F
13:42:21,UNVR,RG,4240,1,D,XL,YU,F
13:42:21,UNVR,RG,4240,10,D,YP,YU,F
13:42:21,UNVR,RG,4240,3,D,XC,YU,F
13:42:21,UNVR,RG,4240,5,D,SQ,YU,F
13:42:21,UNVR,RG,4240,2,D,CC,YU,F
13:42:21,UNVR,RG,4240,3,D,XC,YU,F
13:42:21,UNVR,RG,4240,3,D,XC,YU,F
13:42:21,UNVR,RG,4240,1,D,XC,YU,F
13:42:21,UNVR,RG,4240,1,D,CC,YU,F
13:42:21,UNVR,RG,4240,1,D,CC,YU,F
13:42:21,UNVR,RG,4240,1,D,PD,YU,F
13:42:21,UNVR,RG,4240,4,D,PD,YU,F
13:42:21,UNVR,RG,4240,2,D,SQ,YU,F
13:42:21,UNVR,RG,4240,3,D,NI,YU,F
13:42:21,UNVR,RG,4240,30,D,PD,YU,F
13:42:21,UNVR,RG,4240,1,D,AG,YU,F
13:42:21,UNVR,RG,4240,10,D,YP,YU,F
13:42:21,UNVR,RG,4240,5,D,PD,YU,F
13:42:21,UNVR,RG,4240,100,D,XC,YU,F
13:42:21,UNVR,RG,4240,2,D,NI,YU,F
13:42:21,UNVR,RG,4240,88,D,YP,YU,F
13:42:07,UNVR,RG,4240,1,D,YP,OD,D
13:41:57,UNVR,RG,4250,1,D,NI,YU,F
13:41:50,UNVR,RG,4250,1,D,PD,YU,F
13:41:44,UNVR,RG,4240,1,D,YP,NI,D
13:41:19,UNVR,RG,4250,1,D,YP,YU,F
13:41:00,UNVR,RG,4250,18,D,RX,YU,F
13:41:00,UNVR,RG,4250,41,F,YU,YU,F
13:40:59,UNVR,RG,4250,7,D,XL,YU,F
13:40:53,UNVR,RG,4240,1,D,YP,OD,D
13:40:44,UNVR,RG,4240,1,D,YP,PD,D
13:40:40,UNVR,RG,4250,1,D,CC,YU,F
13:40:30,UNVR,RG,4250,1,D,CC,YU,F
13:40:23,UNVR,RG,4250,1,D,PD,YU,F
13:40:13,UNVR,RG,4250,1,D,CC,YU,F
13:40:03,UNVR,RG,4250,2,F,ZP,YU,F
13:40:02,UNVR,RG,4240,1,D,YP,PD,D
13:39:43,UNVR,RG,4240,1,D,YP,OD,D
13:39:42,UNVR,RG,4250,57,D,CS,YU,F
13:39:39,UNVR,RG,4250,45,F,DR,YU,F
13:39:38,UNVR,RG,4250,20,F,DR,YU,F
13:39:37,UNVR,RG,4250,1,D,XC,YU,F
13:39:36,UNVR,RG,4250,1,D,CC,YU,F
13:39:04,UNVR,RG,4240,15,D,YP,CC,D
13:39:03,UNVR,RG,4250,35,D,DX,YU,F
13:38:55,UNVR,RG,4240,3,D,YP,XC,D
13:38:29,UNVR,RG,4240,1,D,YP,OD,D
13:37:44,UNVR,RG,4250,1,D,XC,YU,F
13:37:37,UNVR,RG,4250,1,D,TP,YU,F
13:37:21,UNVR,RG,4250,1,D,XL,YU,F
13:37:20,UNVR,RG,4250,8,D,RX,YU,F
13:37:14,UNVR,RG,4250,1,D,PD,YU,F
13:37:00,UNVR,RG,4250,33,F,YU,YU,F
13:36:52,UNVR,RG,4250,2,D,CC,YU,F
13:36:52,UNVR,RG,4250,2,F,ZP,YU,F
13:36:16,UNVR,RG,4250,3,D,XL,YU,F
13:36:03,UNVR,RG,4240,1,D,YP,OD,D
13:35:59,UNVR,RG,4250,1,D,XC,YU,F
13:35:48,UNVR,RG,4250,1,D,XC,YU,F
13:35:32,UNVR,RG,4250,3,D,XC,YU,F
13:35:22,UNVR,RG,4250,1,F,ZP,YU,F
13:35:17,UNVR,RG,4250,33,D,RX,YU,F
13:35:16,UNVR,RG,4250,22,F,ZP,YU,F
13:35:03,UNVR,RG,4250,39,D,CS,YU,F
13:34:57,UNVR,RG,4250,50,F,DR,YU,F
13:34:57,UNVR,RG,4250,15,F,DR,NI,D
13:34:47,UNVR,RG,4240,1,D,YP,OD,D
13:34:25,UNVR,RG,4250,1,D,PD,NI,D
13:34:02,UNVR,RG,4240,60,D,YP,CC,D
13:33:46,UNVR,RG,4240,2,D,YP,XC,D
13:33:33,UNVR,RG,4240,1,D,YP,OD,D
13:33:13,UNVR,RG,4250,1,D,PD,NI,D
13:33:13,UNVR,RG,4250,12,F,ZP,NI,D
13:33:00,UNVR,RG,4250,21,F,YU,NI,D
13:33:00,UNVR,RG,4250,1,F,YU,CC,F
13:33:00,UNVR,RG,4250,7,F,YU,XC,D
13:33:00,UNVR,RG,4250,1,F,YU,XC,D
13:33:00,UNVR,RG,4250,18,F,YU,AK,F
13:33:00,UNVR,RG,4250,5,F,YU,YP,D
13:33:00,UNVR,RG,4250,1,F,YU,YP,D
13:33:00,UNVR,RG,4250,1,F,YU,CC,D
13:33:00,UNVR,RG,4250,6,F,YU,OD,D
13:32:49,UNVR,RG,4250,4,D,RX,OD,D
13:32:49,UNVR,RG,4250,4,D,RX,PD,D
13:32:49,UNVR,RG,4250,1,D,RX,PD,D
13:32:19,UNVR,RG,4250,1,F,ZP,XL,D
13:32:19,UNVR,RG,4250,2,F,ZP,DH,D
13:32:19,UNVR,RG,4250,1,F,ZP,KK,D
13:32:19,UNVR,RG,4250,8,F,ZP,KK,D
13:32:19,UNVR,RG,4250,1,F,ZP,PD,D
13:32:19,UNVR,RG,4250,2,F,ZP,LG,D
13:32:11,UNVR,RG,4250,34,D,RX,LG,D
13:32:05,UNVR,RG,4250,5,D,YP,LG,D
13:32:00,UNVR,RG,4240,1,D,YP,DR,D
13:31:31,UNVR,RG,4250,9,D,RX,LG,D
13:31:25,UNVR,RG,4250,10,F,BK,LG,D
13:31:25,UNVR,RG,4250,6,F,BK,CC,D
13:31:22,UNVR,RG,4240,321,D,YP,KK,D
13:31:22,UNVR,RG,4240,1,D,NI,KK,D
13:31:22,UNVR,RG,4240,1,D,PD,KK,D
13:31:22,UNVR,RG,4240,4,D,YP,KK,D
13:31:22,UNVR,RG,4240,1,D,YP,KK,D
13:31:22,UNVR,RG,4240,1,D,YP,KK,D
13:31:22,UNVR,RG,4240,1,D,YP,KK,D
13:31:22,UNVR,RG,4240,2,D,NI,KK,D
13:31:22,UNVR,RG,4240,1,D,PD,KK,D
13:31:22,UNVR,RG,4240,5,D,YP,KK,D
13:31:22,UNVR,RG,4240,10,D,YP,KK,D
13:31:22,UNVR,RG,4240,1,D,PD,KK,D
13:31:22,UNVR,RG,4240,20,D,YP,KK,D
13:31:22,UNVR,RG,4240,1,D,YP,KK,D
13:31:22,UNVR,RG,4240,1,D,YP,KK,D
13:31:22,UNVR,RG,4240,2,D,XC,KK,D
13:31:22,UNVR,RG,4240,5,D,PD,KK,D
13:31:22,UNVR,RG,4240,10,D,IF,KK,D
13:31:22,UNVR,RG,4240,1,D,PD,KK,D
13:31:22,UNVR,RG,4240,1,D,SQ,KK,D
13:31:22,UNVR,RG,4240,5,D,PD,KK,D
13:31:22,UNVR,RG,4240,1,D,CC,KK,D
13:31:22,UNVR,RG,4240,4,D,YP,KK,D
13:31:09,UNVR,RG,4240,1,D,YP,OD,D
13:31:03,UNVR,RG,4250,4,D,SQ,CC,D
13:31:03,UNVR,RG,4250,1,D,SQ,DX,D
13:31:00,UNVR,RG,4250,20,F,ZP,YP,D
13:31:00,UNVR,RG,4250,9,F,ZP,CC,D
13:31:00,UNVR,RG,4250,2,F,ZP,YP,D
13:31:00,UNVR,RG,4250,2,F,ZP,AG,D
13:31:00,UNVR,RG,4250,2,F,ZP,YP,D
13:31:00,UNVR,RG,4250,2,F,ZP,YP,D
13:31:00,UNVR,RG,4250,21,F,ZP,YU,F
13:30:59,UNVR,RG,4250,1000,D,OD,YU,F
13:30:56,UNVR,RG,4250,1,D,PD,YU,F
13:30:53,UNVR,RG,4250,1,D,XC,YU,F
13:30:53,UNVR,RG,4250,50,D,YP,YU,F
13:30:47,UNVR,RG,4250,10,D,DR,YU,F
13:30:41,UNVR,RG,4250,2,D,CC,YU,F
13:30:21,UNVR,RG,4240,3,D,YP,XC,D
13:30:19,UNVR,RG,4240,7,D,YP,XC,D
13:30:19,UNVR,RG,4240,11,D,YP,XC,D
13:30:19,UNVR,RG,4250,2,D,XC,YU,F
13:30:18,UNVR,RG,4250,1,D,YP,YU,F
13:30:17,UNVR,RG,4250,7,D,YP,YU,F
13:30:16,UNVR,RG,4250,2,F,ZP,YU,F
13:30:15,UNVR,RG,4250,38,D,YP,YU,F
13:30:15,UNVR,RG,4240,1,D,YP,YP,D
13:30:11,UNVR,RG,4250,7,D,CC,YU,F
13:30:10,UNVR,RG,4250,6,D,CC,YU,F
13:30:10,UNVR,RG,4240,10,D,YP,CC,D
13:30:09,UNVR,RG,4250,71,F,YU,YU,F
13:30:08,UNVR,RG,4250,2,F,ZP,YU,F
13:30:07,UNVR,RG,4250,1,D,XC,YU,F
13:30:07,UNVR,RG,4250,1,D,PD,YU,F
13:30:07,UNVR,RG,4250,2,D,PD,YU,F
13:30:06,UNVR,RG,4250,1,D,PD,YU,F
13:30:06,UNVR,RG,4250,1,D,XC,YU,F
13:30:06,UNVR,RG,4250,1,D,PD,YU,F
13:30:06,UNVR,RG,4240,1,D,YP,XC,D
13:30:06,UNVR,RG,4240,4,D,YP,XC,D
13:30:06,UNVR,RG,4240,1,D,YP,XC,D
13:30:06,UNVR,RG,4240,1,D,YP,XC,D
13:30:06,UNVR,RG,4250,12,F,AK,YU,F
13:30:06,UNVR,RG,4240,41,D,YP,AK,F
13:30:06,UNVR,RG,4250,5,F,AK,YU,F
13:30:05,UNVR,RG,4240,2,D,YP,XC,D
13:30:05,UNVR,RG,4240,2,D,YP,XC,D
13:30:05,UNVR,RG,4250,1,D,OD,YU,F
13:30:05,UNVR,RG,4240,1,D,YP,PD,D
13:30:05,UNVR,RG,4240,1,D,YP,PD,D
13:30:05,UNVR,RG,4240,3,D,YP,XC,D
13:30:05,UNVR,RG,4240,10,D,YP,CC,D
13:30:05,UNVR,RG,4240,6,D,YP,PD,D
13:30:05,UNVR,RG,4250,10,D,PD,YU,F
13:30:04,UNVR,RG,4240,1,D,YP,PD,D
13:30:04,UNVR,RG,4250,1,D,PD,YU,F
13:30:04,UNVR,RG,4250,3,D,PD,YU,F
13:30:04,UNVR,RG,4250,1,D,PD,YU,F
13:30:04,UNVR,RG,4240,1,D,YP,PD,D
13:30:03,UNVR,RG,4240,10,D,YP,PD,D
13:30:03,UNVR,RG,4240,1,D,YP,AK,F
13:30:03,UNVR,RG,4240,1,D,YP,AK,F
13:30:03,UNVR,RG,4240,2,D,YP,XL,D
13:30:03,UNVR,RG,4250,1,D,XL,YU,F
13:30:03,UNVR,RG,4240,5,D,YP,PD,D
13:30:03,UNVR,RG,4250,2,D,PD,YU,F
13:30:03,UNVR,RG,4240,1,D,YP,PD,D
13:30:03,UNVR,RG,4240,2,D,YP,AT,D
13:30:03,UNVR,RG,4250,2,D,PD,YU,F
13:30:02,UNVR,RG,4240,2,D,YP,PD,D
13:30:02,UNVR,RG,4250,58,D,PD,YU,F
13:30:01,UNVR,RG,4240,1,D,YP,PD,D
13:30:01,UNVR,RG,4240,1,D,YP,DX,D
13:30:01,UNVR,RG,4240,6,D,YP,EP,D
13:30:01,UNVR,RG,4250,10,D,EP,YU,F
13:30:01,UNVR,RG,4250,2,D,SQ,YU,F
13:30:01,UNVR,RG,4240,25,D,YP,ZP,D
13:30:01,UNVR,RG,4240,320,D,YP,GR,D
13:30:01,UNVR,RG,4240,1,D,YP,EP,D
13:30:01,UNVR,RG,4250,5,D,ID,YU,F
13:30:01,UNVR,RG,4250,4,D,AT,YU,F
13:30:01,UNVR,RG,4240,4,D,YP,KK,D
11:29:59,UNVR,RG,4240,2,D,YP,KI,D
11:29:46,UNVR,RG,4240,1,D,YP,AK,F
11:29:42,UNVR,RG,4240,142,D,YP,YP,D
11:29:16,UNVR,RG,4240,4,D,YP,ZP,F
11:29:16,UNVR,RG,4240,1,D,YP,ZP,F
11:29:15,UNVR,RG,4250,1,D,XC,YU,F
11:29:05,UNVR,RG,4250,1,F,AK,YU,F
11:28:55,UNVR,RG,4250,5,D,SQ,YU,F
11:28:45,UNVR,RG,4250,9,D,SQ,YU,F
11:28:40,UNVR,RG,4250,10,D,ZP,YU,F
11:28:40,UNVR,RG,4250,15,D,SQ,YU,F
11:28:38,UNVR,RG,4240,2,D,YP,ZP,F
11:28:37,UNVR,RG,4250,5,D,SQ,YU,F
11:28:35,UNVR,RG,4250,1,F,AK,YU,F
11:28:34,UNVR,RG,4250,67,D,SQ,YU,F
11:28:31,UNVR,RG,4240,16,D,YP,AK,F
11:28:30,UNVR,RG,4250,5,D,SQ,YU,F
11:28:28,UNVR,RG,4240,2,D,YP,AK,F
11:28:27,UNVR,RG,4250,22,D,SQ,YU,F
11:28:23,UNVR,RG,4250,5,D,SQ,YU,F
11:28:19,UNVR,RG,4250,5,D,SQ,YU,F
11:28:17,UNVR,RG,4240,8,D,YP,ZP,F
11:28:16,UNVR,RG,4250,150,D,SQ,YU,F
11:28:16,UNVR,RG,4240,3,D,YP,AK,F
11:28:13,UNVR,RG,4250,55,D,SQ,YU,F
11:28:12,UNVR,RG,4250,10,D,EP,YU,F
11:28:10,UNVR,RG,4250,15,D,SQ,YU,F
11:27:51,UNVR,RG,4250,1,D,PD,YU,F
11:27:50,UNVR,RG,4250,1,F,AK,YU,F
11:27:40,UNVR,RG,4250,5,D,KK,YU,F
11:27:21,UNVR,RG,4240,5,D,YP,NI,D
11:27:20,UNVR,RG,4240,1,D,YP,XC,D
11:27:12,UNVR,RG,4240,5,D,YP,TP,D
11:27:05,UNVR,RG,4250,1,F,AK,YU,F
11:26:58,UNVR,RG,4240,10,D,YP,ZP,F
11:26:58,UNVR,RG,4240,19,D,YP,ZP,F
11:26:45,UNVR,RG,4250,1,F,AK,YU,F
11:26:31,UNVR,RG,4240,22,D,YP,AK,F
11:26:08,UNVR,RG,4240,6,D,YP,YP,D
11:26:03,UNVR,RG,4240,1,D,YP,XC,D
11:26:01,UNVR,RG,4240,9,D,YP,AK,F
11:26:00,UNVR,RG,4250,33,F,YU,YU,F
11:25:46,UNVR,RG,4240,2,D,YP,YP,D
11:25:41,UNVR,RG,4250,7,F,DR,YU,F
11:25:28,UNVR,RG,4240,3,D,YP,YP,D
11:25:18,UNVR,RG,4240,2,D,YP,ZP,F
11:24:46,UNVR,RG,4240,10,D,YP,NI,D
11:24:46,UNVR,RG,4240,10,D,YP,BQ,D
11:24:38,UNVR,RG,4240,10,D,YP,DR,D
11:24:17,UNVR,RG,4240,5,D,YP,ZP,D
11:24:14,UNVR,RG,4250,1,D,XC,YU,F
11:24:11,UNVR,RG,4240,29,D,YP,ZP,F
11:24:08,UNVR,RG,4250,19,D,YP,YU,F
11:23:49,UNVR,RG,4250,1,D,NI,YU,F
11:23:40,UNVR,RG,4240,2,D,YP,YP,D
11:23:16,UNVR,RG,4240,10,D,YP,XC,D
11:23:12,UNVR,RG,4250,25,D,GR,YU,F
11:23:05,UNVR,RG,4250,3,D,YP,YU,F
11:22:59,UNVR,RG,4250,2,D,NI,YU,F
11:22:57,UNVR,RG,4250,10,D,YP,YU,F
11:22:22,UNVR,RG,4250,5,D,XC,YU,F
11:21:47,UNVR,RG,4240,2,D,YP,AT,D
11:21:46,UNVR,RG,4240,56,D,YP,AK,F
11:20:48,UNVR,RG,4250,9,D,LG,YU,F
11:20:48,UNVR,RG,4240,60,D,YP,LG,D
11:20:47,UNVR,RG,4250,10,D,YP,YU,F
11:20:45,UNVR,RG,4250,1,D,HP,YU,F
11:20:21,UNVR,RG,4240,10,D,YP,ZP,F
11:20:14,UNVR,RG,4250,20,D,YP,YU,F
11:20:03,UNVR,RG,4250,4,D,PD,YU,F
11:20:01,UNVR,RG,4250,3,F,DR,YU,F
11:19:24,UNVR,RG,4250,2,D,XC,YU,F
11:19:23,UNVR,RG,4240,1,D,YP,XC,D
11:19:03,UNVR,RG,4250,1,D,CC,YU,F
11:18:54,UNVR,RG,4250,27,D,NI,YU,F
11:18:32,UNVR,RG,4250,5,D,PD,YU,F
11:18:24,UNVR,RG,4240,1,D,YP,YB,D
11:18:20,UNVR,RG,4240,1,D,YP,XC,D
11:17:51,UNVR,RG,4240,25,D,YP,IU,D
11:17:50,UNVR,RG,4240,8,D,YP,EP,D
11:17:50,UNVR,RG,4240,1,D,PD,EP,D
11:17:50,UNVR,RG,4240,25,D,GR,EP,D
11:17:50,UNVR,RG,4240,2,D,PD,EP,D
11:17:50,UNVR,RG,4240,3,D,XC,EP,D
11:17:50,UNVR,RG,4240,1,D,XL,EP,D
11:17:50,UNVR,RG,4240,1,D,YP,EP,D
11:17:50,UNVR,RG,4240,10,D,CC,EP,D
11:17:50,UNVR,RG,4240,5,D,YP,EP,D
11:17:50,UNVR,RG,4240,25,D,PD,EP,D
11:17:50,UNVR,RG,4240,2,D,PD,EP,D
11:17:50,UNVR,RG,4240,4,D,PD,EP,D
11:17:50,UNVR,RG,4240,10,D,DR,EP,D
11:17:50,UNVR,RG,4240,3,D,TP,EP,D
11:17:50,UNVR,RG,4240,3,D,TP,PD,D
11:17:50,UNVR,RG,4240,2,D,XC,PD,D
11:17:50,UNVR,RG,4240,5,D,XC,PD,D
11:17:49,UNVR,RG,4240,15,D,DR,NI,D
11:17:34,UNVR,RG,4250,5,D,CC,YU,F
11:17:33,UNVR,RG,4250,100,D,YP,YU,F
11:17:11,UNVR,RG,4250,3,D,CC,YU,F
11:17:02,UNVR,RG,4250,2,F,AK,YU,F
11:17:02,UNVR,RG,4250,5,D,YP,YU,F
11:17:02,UNVR,RG,4250,33,D,CS,YU,F
11:17:02,UNVR,RG,4250,49,D,NI,YU,F
11:17:02,UNVR,RG,4250,25,D,RX,YU,F
11:17:02,UNVR,RG,4250,23,D,SQ,YU,F
11:17:02,UNVR,RG,4250,13,D,SQ,YU,F
11:17:02,UNVR,RG,4250,5,D,SQ,YU,F
11:17:02,UNVR,RG,4250,80,D,SQ,YU,F
11:17:02,UNVR,RG,4250,2,D,XC,YU,F
11:17:02,UNVR,RG,4250,1,D,KK,YU,F
11:17:02,UNVR,RG,4250,20,F,YU,YU,F
11:17:02,UNVR,RG,4250,12,D,XC,YU,F
11:17:02,UNVR,RG,4250,5,D,DH,YU,F
11:17:02,UNVR,RG,4250,3,F,ZP,YU,F
11:17:02,UNVR,RG,4250,100,D,DR,YU,F
11:17:02,UNVR,RG,4250,1,D,LG,YU,F
11:17:02,UNVR,RG,4250,6,D,NI,YU,F
11:17:02,UNVR,RG,4250,1,D,XC,YU,F
11:17:02,UNVR,RG,4250,5,D,XC,YU,F
11:17:02,UNVR,RG,4250,101,F,CS,YU,F
11:17:02,UNVR,RG,4250,7,D,CC,YU,F
11:17:02,UNVR,RG,4250,1,F,AK,YU,F
11:17:02,UNVR,RG,4250,25,D,PD,YU,F
11:17:02,UNVR,RG,4250,1,D,PD,YU,F
11:17:02,UNVR,RG,4250,2,F,AK,YU,F
11:17:02,UNVR,RG,4250,17,F,YU,YU,F
11:17:02,UNVR,RG,4250,4,D,CS,YU,F
11:17:02,UNVR,RG,4250,1,D,NI,YU,F
11:17:02,UNVR,RG,4250,100,D,GR,YU,F
11:17:02,UNVR,RG,4250,1,D,XC,YU,F
11:17:02,UNVR,RG,4250,5,D,PD,YU,F
11:17:02,UNVR,RG,4250,10,D,CC,YU,F
11:17:02,UNVR,RG,4250,17,D,XC,YU,F
11:17:02,UNVR,RG,4250,19,F,YU,YU,F
11:17:02,UNVR,RG,4250,43,F,CS,YU,F
11:17:02,UNVR,RG,4250,1,D,XC,YU,F
11:17:02,UNVR,RG,4250,40,D,CS,YU,F
11:17:02,UNVR,RG,4250,2,F,AK,YU,F
11:17:02,UNVR,RG,4250,20,D,XC,YU,F
11:17:02,UNVR,RG,4250,1,F,AK,YU,F
11:17:02,UNVR,RG,4250,5,D,XL,YU,F
11:17:02,UNVR,RG,4250,29,F,CS,YU,F
11:17:02,UNVR,RG,4250,3,D,PD,YU,F
11:17:02,UNVR,RG,4250,1,D,YP,YU,F
11:17:02,UNVR,RG,4250,89,F,DR,YU,F
11:17:02,UNVR,RG,4250,3,D,NI,YU,F
11:17:02,UNVR,RG,4250,10,D,CC,YU,F
11:17:02,UNVR,RG,4250,3,D,PD,YU,F
11:17:02,UNVR,RG,4250,2,D,KK,YU,F
11:17:02,UNVR,RG,4250,5,D,NI,YU,F
11:17:02,UNVR,RG,4250,10,F,CS,YU,F
11:17:00,UNVR,RG,4260,1,D,YP,CC,F
11:16:55,UNVR,RG,4260,20,D,NI,CC,F
11:16:38,UNVR,RG,4260,1,D,XC,CC,F
11:16:18,UNVR,RG,4260,55,F,DR,CC,F
11:15:38,UNVR,RG,4260,10,D,XC,CC,F
11:15:26,UNVR,RG,4260,1,D,YP,CC,F
11:15:25,UNVR,RG,4250,7,F,CS,SQ,D
11:14:47,UNVR,RG,4260,1,D,XC,CC,F
11:14:22,UNVR,RG,4260,1,D,PD,CC,F
11:14:18,UNVR,RG,4250,26,F,CS,CC,D
11:14:18,UNVR,RG,4250,174,F,CS,CC,D
11:14:18,UNVR,RG,4250,91,F,CS,YP,D
11:14:18,UNVR,RG,4250,2,F,YP,YP,D
11:14:18,UNVR,RG,4250,2,D,YP,YP,D
11:14:18,UNVR,RG,4250,2,F,AK,YP,D
11:14:18,UNVR,RG,4250,1,D,XC,YP,D
11:14:18,UNVR,RG,4250,1,D,XC,YP,D
11:14:18,UNVR,RG,4250,19,F,YU,YP,D
11:14:18,UNVR,RG,4250,5,D,YP,YP,D
11:14:18,UNVR,RG,4250,2,F,ZP,YP,D
11:14:18,UNVR,RG,4250,12,F,ZP,YP,D
11:14:18,UNVR,RG,4250,10,D,CC,YP,D
11:14:18,UNVR,RG,4250,10,D,NI,YP,D
11:14:18,UNVR,RG,4250,10,D,DH,YP,D
11:14:18,UNVR,RG,4250,1,D,XC,YP,D
11:14:18,UNVR,RG,4250,10,D,YP,YP,D
11:14:18,UNVR,RG,4250,2,D,NI,YP,D
11:14:18,UNVR,RG,4250,10,D,CC,YP,D
11:14:09,UNVR,RG,4250,1,D,DH,KK,D
11:14:02,UNVR,RG,4250,1,D,DH,AT,D
11:13:59,UNVR,RG,4260,1,D,PD,CC,F
11:13:54,UNVR,RG,4250,50,D,DH,CC,D
11:13:08,UNVR,RG,4250,7,D,DH,PD,D
11:13:07,UNVR,RG,4250,5,D,DH,AZ,D
11:13:06,UNVR,RG,4260,2,D,KI,YU,F
11:13:06,UNVR,RG,4250,10,D,DH,NI,D
11:13:01,UNVR,RG,4260,1,D,NI,YU,F
11:13:00,UNVR,RG,4250,160,D,DH,AK,F
11:13:00,UNVR,RG,4250,241,D,DH,YU,F
11:13:00,UNVR,RG,4250,2,D,XC,YU,F
11:13:00,UNVR,RG,4250,5,D,XC,YU,F
11:13:00,UNVR,RG,4250,1,D,PD,YU,F
11:13:00,UNVR,RG,4250,1,D,YP,YU,F
11:13:00,UNVR,RG,4250,80,D,SQ,YU,F
11:13:00,UNVR,RG,4250,3,D,SQ,YU,F
11:13:00,UNVR,RG,4250,8,D,SQ,YU,F
11:13:00,UNVR,RG,4250,23,D,SQ,YU,F
11:13:00,UNVR,RG,4250,2,F,ZP,YU,F
11:13:00,UNVR,RG,4250,5,D,XC,YU,F
11:13:00,UNVR,RG,4250,1,D,XC,YU,F
11:13:00,UNVR,RG,4250,55,D,PD,YU,F
11:13:00,UNVR,RG,4250,2,D,CC,YU,F
11:13:00,UNVR,RG,4250,10,D,SQ,YU,F
11:13:00,UNVR,RG,4250,10,D,XC,YU,F
11:13:00,UNVR,RG,4250,5,D,PD,YU,F
11:13:00,UNVR,RG,4250,3,D,PD,YU,F
11:13:00,UNVR,RG,4250,2,D,HP,YU,F
11:13:00,UNVR,RG,4250,30,D,CC,YU,F
11:13:00,UNVR,RG,4250,10,D,SQ,YU,F
11:13:00,UNVR,RG,4250,25,D,GR,YU,F
11:13:00,UNVR,RG,4250,30,D,LG,YU,F
11:13:00,UNVR,RG,4250,2,D,PD,YU,F
11:13:00,UNVR,RG,4250,1,D,CC,YU,F
11:13:00,UNVR,RG,4250,10,D,DH,YU,F
11:13:00,UNVR,RG,4250,3,D,CC,YU,F
11:13:00,UNVR,RG,4250,10,D,EP,YU,F
11:13:00,UNVR,RG,4250,3,D,CC,YU,F
11:13:00,UNVR,RG,4250,1,D,NI,YU,F
11:13:00,UNVR,RG,4250,1,D,YP,YU,F
11:13:00,UNVR,RG,4250,1,D,EP,YU,F
11:13:00,UNVR,RG,4250,1,D,XC,YU,F
11:13:00,UNVR,RG,4250,1,D,CC,YU,F
11:13:00,UNVR,RG,4250,1,D,XC,YU,F
11:13:00,UNVR,RG,4250,1,D,CC,YU,F
11:13:00,UNVR,RG,4250,10,D,XL,YU,F
11:12:59,UNVR,RG,4250,50,D,XL,CC,D
11:12:46,UNVR,RG,4250,5,D,XL,YP,D
11:12:44,UNVR,RG,4250,3,D,XL,KK,D
11:12:40,UNVR,RG,4260,59,D,CC,YU,F
11:12:40,UNVR,RG,4250,3,D,XL,XC,D
11:12:11,UNVR,RG,4250,3,D,XL,PD,D
11:12:01,UNVR,RG,4250,120,D,XL,DR,D
11:11:37,UNVR,RG,4250,6,D,XL,AZ,D
11:11:37,UNVR,RG,4250,1,D,AZ,AZ,D
11:11:37,UNVR,RG,4250,3,D,XC,AZ,D
11:11:24,UNVR,RG,4250,1,D,XC,XC,D
11:11:19,UNVR,RG,4250,20,D,DH,NI,D
11:11:17,UNVR,RG,4250,1,D,DH,YP,D
11:11:02,UNVR,RG,4250,2,D,DH,XC,D
11:11:02,UNVR,RG,4250,1,D,DH,XC,D
11:11:00,UNVR,RG,4250,19,D,DH,YU,F
11:11:00,UNVR,RG,4250,2,D,PD,YU,F
11:11:00,UNVR,RG,4250,3,D,XC,YU,F
11:11:00,UNVR,RG,4250,5,D,PD,YU,F
11:11:00,UNVR,RG,4250,5,D,YP,YU,F
11:11:00,UNVR,RG,4250,1,D,XC,YU,F
11:11:00,UNVR,RG,4250,2,D,CC,YU,F
11:11:00,UNVR,RG,4250,1,D,DR,YU,F
11:11:00,UNVR,RG,4250,10,D,PD,YU,F
11:11:00,UNVR,RG,4250,1,D,XC,YU,F
11:11:00,UNVR,RG,4250,1,D,XC,YU,F
11:11:00,UNVR,RG,4250,5,D,GR,YU,F
11:11:00,UNVR,RG,4250,2,D,PD,YU,F
11:11:00,UNVR,RG,4250,3,D,PD,YU,F
11:11:00,UNVR,RG,4250,5,D,PD,YU,F
11:11:00,UNVR,RG,4250,5,D,PD,YU,F
11:11:00,UNVR,RG,4250,5,D,LG,YU,F
11:11:00,UNVR,RG,4250,1,D,CC,YU,F
11:11:00,UNVR,RG,4250,35,D,PD,YU,F
11:11:00,UNVR,RG,4250,4,D,NI,YU,F
11:11:00,UNVR,RG,4250,2,D,PD,YU,F
11:11:00,UNVR,RG,4250,15,D,XL,YU,F
11:11:00,UNVR,RG,4250,2,D,CC,YU,F
11:11:00,UNVR,RG,4250,1,D,NI,YU,F
11:11:00,UNVR,RG,4250,1,D,XC,YU,F
11:11:00,UNVR,RG,4250,2,D,PD,YU,F
11:11:00,UNVR,RG,4250,10,D,PD,YU,F
11:11:00,UNVR,RG,4250,50,D,DR,YU,F
11:11:00,UNVR,RG,4250,2,D,YP,YU,F
11:11:00,UNVR,RG,4250,6,D,NI,YU,F
11:11:00,UNVR,RG,4250,1,D,EP,YU,F
11:11:00,UNVR,RG,4250,10,D,ZP,YU,F
11:11:00,UNVR,RG,4250,10,D,SQ,YU,F
11:11:00,UNVR,RG,4250,5,D,XC,YU,F
11:11:00,UNVR,RG,4250,10,D,SQ,YU,F
11:11:00,UNVR,RG,4250,10,D,PD,YU,F
11:11:00,UNVR,RG,4250,10,D,CC,YU,F
11:11:00,UNVR,RG,4250,58,F,NI,YU,F
11:11:00,UNVR,RG,4250,5,D,YP,YU,F
11:11:00,UNVR,RG,4250,10,D,CC,YU,F
11:11:00,UNVR,RG,4250,2,D,YP,YU,F
11:11:00,UNVR,RG,4250,1,D,CC,YU,F
11:11:00,UNVR,RG,4250,1,D,PD,YU,F
11:11:00,UNVR,RG,4250,3,D,KK,YU,F
11:11:00,UNVR,RG,4250,1,D,NI,YU,F
11:11:00,UNVR,RG,4250,3,D,CC,YU,F
11:11:00,UNVR,RG,4250,84,D,HP,YU,F
11:10:58,UNVR,RG,4250,30,D,HP,LG,D
11:10:45,UNVR,RG,4250,5,D,HP,PD,D
11:10:15,UNVR,RG,4250,31,D,HP,PD,D
11:10:15,UNVR,RG,4250,24,D,CC,PD,D
11:10:15,UNVR,RG,4250,10,D,EP,PD,D
11:10:15,UNVR,RG,4250,5,D,XC,PD,D
11:10:15,UNVR,RG,4250,4,D,CC,PD,D
11:10:15,UNVR,RG,4250,5,D,YP,PD,D
11:10:15,UNVR,RG,4250,1,D,PD,PD,D
11:10:15,UNVR,RG,4250,2,D,PD,PD,D
11:10:15,UNVR,RG,4250,18,D,YP,PD,D
11:10:10,UNVR,RG,4250,2,D,YP,EP,D
11:10:10,UNVR,RG,4250,5,D,YP,EP,D
11:10:10,UNVR,RG,4250,2,D,PD,EP,D
11:10:10,UNVR,RG,4250,10,D,PD,EP,D
11:10:10,UNVR,RG,4250,1,D,CC,EP,D
11:10:07,UNVR,RG,4260,1,D,PD,YU,F
11:09:57,UNVR,RG,4250,4,D,CC,YB,D
11:09:57,UNVR,RG,4250,1,D,GR,YB,D
11:09:35,UNVR,RG,4250,1,D,GR,NI,D
11:09:30,UNVR,RG,4250,1,D,GR,PD,D
11:09:17,UNVR,RG,4250,1,D,GR,XL,D
11:08:54,UNVR,RG,4250,5,D,GR,TP,D
11:08:52,UNVR,RG,4260,1,D,KK,YU,F
11:08:50,UNVR,RG,4260,2,F,DR,YU,F
11:08:48,UNVR,RG,4260,139,D,TP,YU,F
11:08:48,UNVR,RG,4260,87,D,TP,AK,F
11:08:48,UNVR,RG,4260,17,D,TP,AK,F
11:08:48,UNVR,RG,4260,53,D,TP,ZP,F
11:08:35,UNVR,RG,4260,44,D,KZ,ZP,F
11:08:35,UNVR,RG,4260,208,D,KZ,YU,F
11:08:35,UNVR,RG,4260,1,D,KZ,PD,D
11:08:35,UNVR,RG,4260,4,D,KZ,PD,D
11:08:35,UNVR,RG,4260,343,D,KZ,YU,F
11:08:35,UNVR,RG,4260,29,D,KZ,YU,F
11:08:35,UNVR,RG,4260,22,D,KZ,YU,F
11:08:35,UNVR,RG,4260,192,D,KZ,YU,F
11:08:35,UNVR,RG,4260,79,D,KZ,YU,F
11:08:26,UNVR,RG,4250,5,D,GR,CC,D
11:08:16,UNVR,RG,4250,10,D,GR,CC,D
11:08:07,UNVR,RG,4250,1,D,GR,XC,D
11:08:00,UNVR,RG,4250,21,D,GR,YU,F
11:08:00,UNVR,RG,4250,1,D,CC,YU,F
11:08:00,UNVR,RG,4250,10,D,YP,YU,F
11:08:00,UNVR,RG,4250,10,D,NI,YU,F
11:08:00,UNVR,RG,4250,5,D,CC,YU,F
11:08:00,UNVR,RG,4250,9,D,CC,YU,F
11:08:00,UNVR,RG,4250,2,D,XL,YU,F
11:08:00,UNVR,RG,4250,8,D,PD,YU,F
11:08:00,UNVR,RG,4250,2,D,AI,YU,F
11:08:00,UNVR,RG,4250,20,D,PD,YU,F
11:08:00,UNVR,RG,4250,40,D,DR,YU,F
11:08:00,UNVR,RG,4250,100,D,ZP,YU,F
11:08:00,UNVR,RG,4250,1,D,PD,YU,F
11:08:00,UNVR,RG,4250,10,D,YP,YU,F
11:08:00,UNVR,RG,4250,1,D,OD,YU,F
11:08:00,UNVR,RG,4250,5,D,NI,YU,F
11:08:00,UNVR,RG,4250,2,D,CC,YU,F
11:08:00,UNVR,RG,4250,1,D,PD,YU,F
11:08:00,UNVR,RG,4250,10,D,AT,YU,F
11:08:00,UNVR,RG,4250,30,D,NI,YU,F
11:08:00,UNVR,RG,4250,8,D,NI,YU,F
11:08:00,UNVR,RG,4250,1,D,TP,YU,F
11:08:00,UNVR,RG,4250,1,D,YP,YU,F
11:08:00,UNVR,RG,4250,1,D,PD,YU,F
11:08:00,UNVR,RG,4250,2,D,KK,YU,F
11:08:00,UNVR,RG,4250,5,D,YP,YU,F
11:08:00,UNVR,RG,4250,1,D,PD,YU,F
11:08:00,UNVR,RG,4250,3,D,CC,YU,F
11:08:00,UNVR,RG,4250,2,D,YP,YU,F
11:08:00,UNVR,RG,4250,32,D,CC,YU,F
11:07:53,UNVR,RG,4250,1,D,CC,XA,D
11:07:41,UNVR,RG,4250,1,D,CC,CC,D
11:07:25,UNVR,RG,4250,5,D,CC,YP,D
11:07:25,UNVR,RG,4250,30,D,CC,XC,D
11:06:49,UNVR,RG,4260,458,D,LG,YU,F
11:06:47,UNVR,RG,4260,10,F,YP,YU,F
11:06:45,UNVR,RG,4260,17,D,CS,YU,F
11:06:39,UNVR,RG,4260,2,D,PD,YU,F
11:06:29,UNVR,RG,4260,14,F,CS,YU,F
11:06:29,UNVR,RG,4260,11,F,CS,YU,F
11:06:29,UNVR,RG,4260,1,F,AK,YU,F
11:06:29,UNVR,RG,4260,23,D,CS,YU,F
11:06:29,UNVR,RG,4260,1,D,CS,YU,F
11:06:29,UNVR,RG,4260,14,F,CS,YU,F
11:06:29,UNVR,RG,4260,12,F,CS,YU,F
11:06:29,UNVR,RG,4260,18,F,YU,YU,F
11:06:29,UNVR,RG,4260,18,F,CS,YU,F
11:06:29,UNVR,RG,4260,2,F,AK,YU,F
11:06:29,UNVR,RG,4260,51,D,RX,YU,F
11:06:29,UNVR,RG,4260,1,F,CS,YU,F
11:06:29,UNVR,RG,4260,5,D,PD,YU,F
11:06:29,UNVR,RG,4260,24,D,CS,YU,F
11:06:29,UNVR,RG,4260,40,F,CS,YU,F
11:06:29,UNVR,RG,4260,1,D,XC,YU,F
11:06:29,UNVR,RG,4260,1,D,NI,YU,F
11:06:29,UNVR,RG,4260,10,D,YP,YU,F
11:06:29,UNVR,RG,4260,18,F,YU,YU,F
11:06:29,UNVR,RG,4260,1,F,AK,YU,F
11:06:29,UNVR,RG,4260,3,F,AK,YU,F
11:06:29,UNVR,RG,4260,6,F,CS,YU,F
11:06:29,UNVR,RG,4260,1,D,XC,YU,F
11:06:29,UNVR,RG,4260,31,F,CS,YU,F
11:06:29,UNVR,RG,4260,5,D,PD,YU,F
11:06:29,UNVR,RG,4260,1,D,XC,YU,F
11:06:29,UNVR,RG,4260,4,D,CS,YU,F
11:06:29,UNVR,RG,4260,191,F,CS,YU,F
11:06:29,UNVR,RG,4260,1,F,AK,YU,F
11:06:29,UNVR,RG,4260,35,F,CS,YU,F
11:06:29,UNVR,RG,4260,3,D,NI,YU,F
11:06:29,UNVR,RG,4260,1,D,XC,YU,F
11:06:29,UNVR,RG,4260,2,F,AK,YU,F
11:06:29,UNVR,RG,4260,10,F,ZP,YU,F
11:06:29,UNVR,RG,4260,16,F,CS,YU,F
11:06:29,UNVR,RG,4260,33,D,CS,YU,F
11:06:29,UNVR,RG,4260,19,F,DR,YU,F
11:06:29,UNVR,RG,4260,19,F,CS,YU,F
11:06:29,UNVR,RG,4260,1,D,NI,YU,F
11:06:29,UNVR,RG,4260,9,D,XC,YU,F
11:06:29,UNVR,RG,4260,23,D,SQ,YU,F
11:06:29,UNVR,RG,4260,2,F,CS,YU,F
11:06:29,UNVR,RG,4260,1166,D,DH,YU,F
11:06:11,UNVR,RG,4270,5,D,KK,YP,D
11:06:03,UNVR,RG,4270,5,D,SQ,YP,D
11:06:00,UNVR,RG,4260,628,D,DH,YU,F
11:05:54,UNVR,RG,4270,1,D,PD,YP,D
11:05:51,UNVR,RG,4260,5,D,DH,PD,D
11:05:51,UNVR,RG,4270,26,F,DR,YP,D
11:05:42,UNVR,RG,4270,1,D,XC,YP,D
11:05:22,UNVR,RG,4270,171,D,KI,YP,D
11:05:22,UNVR,RG,4270,11,D,KI,ZP,F
11:05:07,UNVR,RG,4270,1,D,XC,ZP,F
11:04:26,UNVR,RG,4270,1,D,PD,ZP,F
11:04:16,UNVR,RG,4270,14,D,NI,ZP,F
11:03:45,UNVR,RG,4270,3,D,XC,ZP,F
11:02:54,UNVR,RG,4270,1,D,DH,ZP,F
11:02:45,UNVR,RG,4270,8,D,YP,ZP,F
11:02:45,UNVR,RG,4270,2,D,YP,AK,F
11:02:44,UNVR,RG,4270,14,F,DR,AK,F
11:02:44,UNVR,RG,4270,14,F,DR,AK,F
11:02:32,UNVR,RG,4270,1,D,XC,AK,F
11:02:31,UNVR,RG,4270,18,D,SQ,AK,F
11:02:31,UNVR,RG,4270,42,D,SQ,YU,F
11:02:27,UNVR,RG,4270,168,D,CC,YU,F
11:02:27,UNVR,RG,4270,14,D,CC,YU,F
11:02:27,UNVR,RG,4270,2,D,SQ,YU,F
11:02:24,UNVR,RG,4270,13,D,SQ,YU,F
11:02:19,UNVR,RG,4270,2,D,SQ,YU,F
11:02:16,UNVR,RG,4270,4,D,SQ,YU,F
11:02:13,UNVR,RG,4270,90,D,SQ,YU,F
11:02:10,UNVR,RG,4270,20,D,SQ,YU,F
11:02:00,UNVR,RG,4260,101,D,DH,YU,F
11:02:00,UNVR,RG,4260,70,D,SQ,YU,F
11:02:00,UNVR,RG,4260,1,D,CC,YU,F
11:02:00,UNVR,RG,4260,1,D,CS,YU,F
11:02:00,UNVR,RG,4260,2,F,AK,YU,F
11:02:00,UNVR,RG,4260,25,D,PD,YU,F
11:02:00,UNVR,RG,4260,3,D,PD,YU,F
11:02:00,UNVR,RG,4260,49,F,CS,YU,F
11:02:00,UNVR,RG,4260,1,F,AK,YU,F
11:02:00,UNVR,RG,4260,8,F,BK,YU,F
11:02:00,UNVR,RG,4260,35,F,CS,YU,F
11:02:00,UNVR,RG,4260,1,D,EP,YU,F
11:02:00,UNVR,RG,4260,35,D,CS,YU,F
11:02:00,UNVR,RG,4260,10,D,RB,YU,F
11:02:00,UNVR,RG,4260,10,D,XL,YU,F
11:02:00,UNVR,RG,4260,2,F,ZP,YU,F
11:02:00,UNVR,RG,4260,1,D,NI,YU,F
11:02:00,UNVR,RG,4260,1,D,PD,YU,F
11:02:00,UNVR,RG,4260,2,F,AK,YU,F
11:02:00,UNVR,RG,4260,1,D,XC,YU,F
11:02:00,UNVR,RG,4260,1,D,XC,YU,F
11:02:00,UNVR,RG,4260,21,F,YU,YU,F
11:02:00,UNVR,RG,4260,40,D,XC,YU,F
11:02:00,UNVR,RG,4260,1,D,PD,YU,F
11:02:00,UNVR,RG,4260,12,F,CS,YU,F
11:01:48,UNVR,RG,4260,1,F,CS,NI,D
11:01:18,UNVR,RG,4260,10,F,CS,GR,D
11:01:11,UNVR,RG,4260,10,F,CS,NI,D
11:01:06,UNVR,RG,4260,20,F,CS,OD,D
11:01:04,UNVR,RG,4270,11,D,XC,YU,F
11:00:51,UNVR,RG,4260,1,F,CS,CC,D
11:00:44,UNVR,RG,4260,9,F,CS,YP,D
11:00:26,UNVR,RG,4260,5,F,CS,CC,D
11:00:02,UNVR,RG,4260,1,F,CS,XC,D
11:00:00,UNVR,RG,4270,35,F,YU,YU,F
11:00:00,UNVR,RG,4260,27,F,CS,YU,F
11:00:00,UNVR,RG,4260,1,D,PD,YU,F
11:00:00,UNVR,RG,4260,207,D,YP,YU,F
11:00:00,UNVR,RG,4260,1,F,AK,YU,F
11:00:00,UNVR,RG,4260,52,D,RX,YU,F
11:00:00,UNVR,RG,4260,2,D,PD,YU,F
11:00:00,UNVR,RG,4260,2,D,PD,YU,F
11:00:00,UNVR,RG,4260,1,D,DH,YU,F
11:00:00,UNVR,RG,4260,1,D,YB,YU,F
11:00:00,UNVR,RG,4260,1,D,XC,YU,F
11:00:00,UNVR,RG,4260,2,F,AK,YU,F
11:00:00,UNVR,RG,4260,26,F,YU,YU,F
11:00:00,UNVR,RG,4260,1,D,YP,YU,F
11:00:00,UNVR,RG,4260,4,F,ZP,YU,F
11:00:00,UNVR,RG,4260,37,F,DR,YU,F
11:00:00,UNVR,RG,4260,1,D,XC,YU,F
11:00:00,UNVR,RG,4260,55,D,CC,YU,F
10:59:56,UNVR,RG,4270,1,D,OD,YU,F
10:59:43,UNVR,RG,4270,2,D,XL,YU,F
10:59:29,UNVR,RG,4270,1,D,NI,YU,F
10:59:24,UNVR,RG,4270,13,D,DR,YU,F
10:59:24,UNVR,RG,4270,2,D,DR,YP,D
10:59:02,UNVR,RG,4270,15,D,SQ,YP,D
10:58:57,UNVR,RG,4270,20,D,SQ,YP,D
10:58:55,UNVR,RG,4270,15,D,SQ,YP,D
10:58:29,UNVR,RG,4270,5,D,XL,YP,D
10:58:05,UNVR,RG,4270,2,D,PD,YP,D
10:58:02,UNVR,RG,4260,10,D,CC,DR,D
10:58:00,UNVR,RG,4260,163,D,CC,YU,F
10:58:00,UNVR,RG,4260,2,F,ZP,YU,F
10:58:00,UNVR,RG,4260,160,D,KK,YU,F
10:57:53,UNVR,RG,4260,10,D,KK,CC,D
10:57:38,UNVR,RG,4260,50,D,KK,OD,D
10:57:32,UNVR,RG,4270,1,D,DH,YP,D
10:57:24,UNVR,RG,4270,2,D,TP,YP,D
10:57:08,UNVR,RG,4270,3,D,XC,YP,D
10:56:39,UNVR,RG,4270,1,D,XC,YP,D
10:56:39,UNVR,RG,4270,1,D,XC,YP,D
10:56:36,UNVR,RG,4270,10,F,DR,YP,D
10:56:23,UNVR,RG,4270,1,D,PD,YP,D
10:56:11,UNVR,RG,4260,1,D,KK,XC,D
10:56:00,UNVR,RG,4260,79,D,KK,YU,F
10:56:00,UNVR,RG,4260,5,D,YP,YU,F
10:56:00,UNVR,RG,4260,20,D,NI,YU,F
10:56:00,UNVR,RG,4260,1,D,XC,YU,F
10:56:00,UNVR,RG,4260,23,D,SQ,YU,F
10:56:00,UNVR,RG,4260,6,D,SQ,YU,F
10:56:00,UNVR,RG,4260,10,D,EP,YU,F
10:56:00,UNVR,RG,4260,80,D,SQ,YU,F
10:56:00,UNVR,RG,4260,3,D,SQ,YU,F
10:56:00,UNVR,RG,4260,1,D,DR,YU,F
10:56:00,UNVR,RG,4260,5,D,OD,YU,F
10:56:00,UNVR,RG,4260,3,D,CC,YU,F
10:56:00,UNVR,RG,4260,40,D,PD,YU,F
10:56:00,UNVR,RG,4260,1,D,YP,YU,F
10:56:00,UNVR,RG,4260,15,D,PD,YU,F
10:56:00,UNVR,RG,4260,10,D,YP,YU,F
10:56:00,UNVR,RG,4260,1,D,BQ,YU,F
10:56:00,UNVR,RG,4260,1,D,EP,YU,F
10:56:00,UNVR,RG,4260,5,D,PD,YU,F
10:56:00,UNVR,RG,4260,1,D,YP,YU,F
10:56:00,UNVR,RG,4260,5,D,PD,YU,F
10:56:00,UNVR,RG,4260,5,D,DR,YU,F
10:56:00,UNVR,RG,4260,6,D,NI,YU,F
10:56:00,UNVR,RG,4260,2,D,YP,YU,F
10:56:00,UNVR,RG,4260,100,D,NI,YU,F
10:56:00,UNVR,RG,4260,5,D,PD,YU,F
10:56:00,UNVR,RG,4260,1,D,PD,YU,F
10:56:00,UNVR,RG,4260,2,D,PD,YU,F
10:56:00,UNVR,RG,4260,2,D,PD,YU,F
10:56:00,UNVR,RG,4260,1,D,XC,YU,F
10:56:00,UNVR,RG,4260,10,D,PD,YU,F
10:56:00,UNVR,RG,4260,3,D,PD,YU,F
10:56:00,UNVR,RG,4260,5,D,XC,YU,F
10:56:00,UNVR,RG,4260,4,D,PD,YU,F
10:55:28,UNVR,RG,4270,1,D,YP,YP,D
10:55:19,UNVR,RG,4270,5,D,RB,YP,D
10:55:15,UNVR,RG,4270,2,D,XC,YP,D
10:54:54,UNVR,RG,4270,1,D,PD,YP,D
10:54:43,UNVR,RG,4270,1,D,XC,YP,D
10:54:15,UNVR,RG,4260,1,D,PD,PD,D
10:54:15,UNVR,RG,4260,18,D,XA,PD,D
10:54:00,UNVR,RG,4260,1,D,XA,YU,F
10:54:00,UNVR,RG,4260,1,D,XA,YU,F
10:54:00,UNVR,RG,4260,10,D,XC,YU,F
10:54:00,UNVR,RG,4260,1,D,XC,YU,F
10:54:00,UNVR,RG,4260,1,D,BQ,YU,F
10:54:00,UNVR,RG,4260,5,D,PD,YU,F
10:54:00,UNVR,RG,4260,676,D,YP,YU,F
10:53:30,UNVR,RG,4260,2,D,YP,PD,D
10:53:23,UNVR,RG,4270,22,F,DR,YP,D
10:53:16,UNVR,RG,4260,5,D,YP,YP,D
10:53:11,UNVR,RG,4260,7,D,YP,CC,D
10:52:57,UNVR,RG,4260,5,D,YP,PD,D
10:52:29,UNVR,RG,4260,1,D,YP,SQ,D
10:52:27,UNVR,RG,4260,40,D,YP,NI,D
10:52:26,UNVR,RG,4260,20,D,YP,YP,D
10:52:22,UNVR,RG,4260,1,D,YP,XC,D
10:52:16,UNVR,RG,4260,4,D,YP,CC,D
10:52:13,UNVR,RG,4270,5,D,YB,YP,D
10:52:00,UNVR,RG,4260,239,D,YP,YU,F
10:52:00,UNVR,RG,4260,195,D,IF,YU,F
10:51:32,UNVR,RG,4260,76,D,IF,KK,D
10:51:21,UNVR,RG,4260,5,D,IF,HP,D
10:51:17,UNVR,RG,4270,1,D,XC,YP,D
10:50:52,UNVR,RG,4270,1,D,XC,YP,D
10:50:45,UNVR,RG,4270,5,D,NI,YP,D
10:50:38,UNVR,RG,4270,52,D,NI,YP,D
10:50:32,UNVR,RG,4270,2,D,XC,YP,D
10:50:22,UNVR,RG,4270,1,D,XC,YP,D
10:50:05,UNVR,RG,4270,2,F,AK,YP,D
10:50:05,UNVR,RG,4270,27,D,CS,YP,D
10:50:05,UNVR,RG,4270,1,D,CS,YP,D
10:50:05,UNVR,RG,4270,45,F,CS,YP,D
10:50:05,UNVR,RG,4270,1,F,AK,YP,D
10:50:05,UNVR,RG,4270,5,D,NI,YP,D
10:50:05,UNVR,RG,4270,8,F,CC,YP,D
10:50:05,UNVR,RG,4270,2,D,CC,YP,D
10:50:05,UNVR,RG,4270,116,F,CS,YP,D
10:50:05,UNVR,RG,4270,17,D,CS,YP,D
10:50:05,UNVR,RG,4270,2,D,XC,YP,D
10:50:05,UNVR,RG,4270,21,F,YU,YP,D
10:50:05,UNVR,RG,4270,1,F,AK,YP,D
10:50:05,UNVR,RG,4270,2,F,AK,YP,D
10:50:05,UNVR,RG,4270,1,D,NI,YP,D
10:50:05,UNVR,RG,4270,2,D,XC,YP,D
10:50:05,UNVR,RG,4270,11,D,CS,YP,D
10:50:05,UNVR,RG,4270,171,F,CS,YP,D
10:50:05,UNVR,RG,4270,7,F,ZP,YP,D
10:50:05,UNVR,RG,4270,1,D,XC,YP,D
10:50:05,UNVR,RG,4270,20,F,YU,YP,D
10:50:05,UNVR,RG,4270,2,F,AK,YP,D
10:50:05,UNVR,RG,4270,3,D,PD,YP,D
10:50:05,UNVR,RG,4270,1,D,CS,YP,D
10:50:05,UNVR,RG,4270,36,D,RX,YP,D
10:50:05,UNVR,RG,4270,20,D,NI,YP,D
10:50:05,UNVR,RG,4270,1,D,KK,YP,D
10:50:05,UNVR,RG,4270,1,D,PD,YP,D
10:50:05,UNVR,RG,4270,10,D,CC,YP,D
10:50:05,UNVR,RG,4270,1,D,XL,YP,D
10:50:05,UNVR,RG,4270,20,F,YU,YP,D
10:50:05,UNVR,RG,4270,5,D,NI,YP,D
10:50:05,UNVR,RG,4270,260,D,DH,YP,D
10:50:00,UNVR,RG,4280,1,D,PD,YU,F
10:50:00,UNVR,RG,4270,387,D,DH,YU,F
10:49:55,UNVR,RG,4280,5,D,NI,YU,F
10:49:55,UNVR,RG,4280,7,D,KK,YU,F
10:49:55,UNVR,RG,4280,3,D,KK,AK,F
10:49:24,UNVR,RG,4280,5,D,YP,AK,F
10:49:21,UNVR,RG,4270,1,D,DH,PD,D
10:49:14,UNVR,RG,4280,1,D,XL,AK,F
10:49:13,UNVR,RG,4270,1,D,DH,XC,D
10:48:56,UNVR,RG,4270,1,D,DH,XC,D
10:48:16,UNVR,RG,4270,1,D,DH,PD,D
10:48:00,UNVR,RG,4270,320,D,DH,YU,F
10:47:49,UNVR,RG,4280,1,D,AT,AK,F
10:47:46,UNVR,RG,4280,1,D,XC,AK,F
10:47:21,UNVR,RG,4280,1,D,KK,AK,F
10:47:11,UNVR,RG,4280,5,D,PD,AK,F
10:47:11,UNVR,RG,4280,5,D,PD,NI,D
10:46:54,UNVR,RG,4280,1,D,KK,NI,D
10:46:53,UNVR,RG,4280,1,D,XC,NI,D
10:46:40,UNVR,RG,4280,1,D,XC,NI,D
10:46:00,UNVR,RG,4270,425,D,DH,YU,F
10:45:48,UNVR,RG,4280,5,D,PD,NI,D
10:45:44,UNVR,RG,4270,10,D,DH,PD,D
10:45:40,UNVR,RG,4280,29,D,AI,NI,D
10:45:37,UNVR,RG,4280,1,D,NI,NI,D
10:44:49,UNVR,RG,4280,1,D,XC,NI,D
10:44:35,UNVR,RG,4280,2,D,XC,NI,D
10:44:29,UNVR,RG,4280,4,D,PD,NI,D
10:44:29,UNVR,RG,4280,1,D,PD,ZP,F
10:44:05,UNVR,RG,4280,1,D,PD,ZP,F
10:44:00,UNVR,RG,4270,494,D,DH,YU,F
10:44:00,UNVR,RG,4270,1,F,ZP,YU,F
10:43:51,UNVR,RG,4280,1,D,YP,ZP,F
10:43:41,UNVR,RG,4280,1,D,XC,ZP,F
10:43:33,UNVR,RG,4280,1,F,CS,ZP,F
10:43:33,UNVR,RG,4280,1,F,CS,ZP,F
10:43:33,UNVR,RG,4280,1,F,CS,ZP,F
10:43:33,UNVR,RG,4280,1,F,CS,ZP,F
10:43:33,UNVR,RG,4280,1,F,CS,ZP,F
10:43:33,UNVR,RG,4280,1,D,CS,ZP,F
10:43:33,UNVR,RG,4280,1,F,CS,ZP,F
10:43:33,UNVR,RG,4280,1,D,CS,ZP,F
10:43:32,UNVR,RG,4280,1,D,CS,ZP,F
10:43:32,UNVR,RG,4280,1,F,ZP,ZP,F
10:43:32,UNVR,RG,4280,1,F,ZP,YU,F
10:43:32,UNVR,RG,4280,11,D,CS,YU,F
10:43:32,UNVR,RG,4280,1,F,AK,YU,F
10:43:32,UNVR,RG,4280,103,F,CS,YU,F
10:43:32,UNVR,RG,4280,20,D,NI,YU,F
10:43:32,UNVR,RG,4280,3,D,YP,YU,F
10:43:32,UNVR,RG,4280,2,F,AK,YU,F
10:43:32,UNVR,RG,4280,5,D,PD,YU,F
10:43:32,UNVR,RG,4280,2,F,ZP,YU,F
10:43:32,UNVR,RG,4280,1,F,AK,YU,F
10:43:32,UNVR,RG,4280,8,F,ZP,YU,F
10:43:32,UNVR,RG,4280,1,D,CS,YU,F
10:43:32,UNVR,RG,4280,34,D,CS,YU,F
10:43:32,UNVR,RG,4280,26,F,YU,YU,F
10:43:32,UNVR,RG,4280,1282,D,DH,YU,F
10:42:50,UNVR,RG,4280,1,D,DH,EP,D
10:42:24,UNVR,RG,4290,1,D,XC,YU,F
10:42:19,UNVR,RG,4280,10,D,DH,GR,D
10:42:19,UNVR,RG,4290,1,D,PD,YU,F
10:41:50,UNVR,RG,4290,1,D,XC,YU,F
10:41:35,UNVR,RG,4290,15,D,PD,YU,F
10:41:12,UNVR,RG,4290,21,F,BK,YU,F
10:41:08,UNVR,RG,4290,83,F,BK,YU,F
10:41:07,UNVR,RG,4280,272,D,DH,AK,F
10:41:06,UNVR,RG,4280,20,D,DH,AK,F
10:41:06,UNVR,RG,4280,1,D,DH,ZP,F
10:41:06,UNVR,RG,4280,1,D,DH,CC,D
10:41:06,UNVR,RG,4280,10,D,DH,PD,D
10:41:06,UNVR,RG,4280,5,D,DH,CC,D
10:41:06,UNVR,RG,4280,9,D,DH,YP,D
10:41:06,UNVR,RG,4280,10,D,DH,YP,D
10:41:06,UNVR,RG,4280,100,D,DH,KK,D
10:41:06,UNVR,RG,4280,1,D,DH,NI,D
10:41:06,UNVR,RG,4280,10,D,DH,KK,D
10:41:06,UNVR,RG,4280,1,D,DH,PD,D
10:41:06,UNVR,RG,4280,3,D,DH,YP,D
10:41:06,UNVR,RG,4280,10,D,DH,PD,D
10:41:06,UNVR,RG,4280,2,D,DH,XC,D
10:41:06,UNVR,RG,4280,152,D,DH,YB,D
10:41:05,UNVR,RG,4270,6,D,CC,NI,D
10:40:37,UNVR,RG,4280,10,D,BQ,YB,D
10:40:32,UNVR,RG,4280,18,F,BK,YB,D
10:40:28,UNVR,RG,4280,34,F,BK,YB,D
10:40:26,UNVR,RG,4270,14,D,CC,ZP,F
10:40:26,UNVR,RG,4270,10,D,CC,BQ,D
10:40:26,UNVR,RG,4270,1,D,CC,CC,D
10:40:26,UNVR,RG,4270,4,D,CC,YP,D
10:40:26,UNVR,RG,4270,10,D,CC,NI,D
10:40:26,UNVR,RG,4270,2,D,CC,YP,D
10:40:26,UNVR,RG,4270,16,D,CC,AK,F
10:40:26,UNVR,RG,4270,17,D,CC,AK,F
10:40:26,UNVR,RG,4270,63,D,CC,ZP,F
10:40:26,UNVR,RG,4270,129,D,CC,YU,F
10:40:25,UNVR,RG,4270,1,D,XC,YU,F
10:40:25,UNVR,RG,4270,13,F,BK,YU,F
10:40:21,UNVR,RG,4260,5,D,IF,YP,D
10:40:21,UNVR,RG,4270,30,F,BK,YU,F
10:40:16,UNVR,RG,4270,144,D,CC,YU,F
10:40:16,UNVR,RG,4270,56,D,CC,YU,F
10:40:09,UNVR,RG,4270,73,F,DR,YU,F
10:40:09,UNVR,RG,4270,25,F,BK,YU,F
10:40:08,UNVR,RG,4270,1,D,NI,YU,F
10:40:04,UNVR,RG,4270,93,F,BK,YU,F
10:40:00,UNVR,RG,4260,219,D,IF,YU,F
10:40:00,UNVR,RG,4260,1,D,PD,YU,F
10:40:00,UNVR,RG,4260,60,D,BQ,YU,F
10:40:00,UNVR,RG,4260,1,D,PD,YU,F
10:40:00,UNVR,RG,4260,9,D,CC,YU,F
10:40:00,UNVR,RG,4260,10,D,PD,YU,F
10:40:00,UNVR,RG,4260,20,D,YP,YU,F
10:40:00,UNVR,RG,4260,5,D,YP,YU,F
10:40:00,UNVR,RG,4260,23,D,XC,YU,F
10:40:00,UNVR,RG,4260,30,D,NI,YU,F
10:40:00,UNVR,RG,4260,4,D,EP,YU,F
10:40:00,UNVR,RG,4260,1,D,XC,YU,F
10:40:00,UNVR,RG,4260,10,D,PD,YU,F
10:40:00,UNVR,RG,4260,1,D,YB,YU,F
10:40:00,UNVR,RG,4260,1,D,NI,YU,F
10:40:00,UNVR,RG,4260,46,D,GR,YU,F
10:40:00,UNVR,RG,4260,3,D,YP,YU,F
10:40:00,UNVR,RG,4260,2,D,XC,YU,F
10:40:00,UNVR,RG,4260,1,D,YP,YU,F
10:40:00,UNVR,RG,4260,2,D,PD,YU,F
10:40:00,UNVR,RG,4260,2,D,XC,YU,F
10:40:00,UNVR,RG,4260,10,D,CC,YU,F
10:40:00,UNVR,RG,4260,10,D,YP,YU,F
10:40:00,UNVR,RG,4260,2,D,YP,YU,F
10:40:00,UNVR,RG,4260,2,D,PD,YU,F
10:40:00,UNVR,RG,4260,1,D,AT,YU,F
10:40:00,UNVR,RG,4260,7,D,KK,YU,F
10:40:00,UNVR,RG,4260,293,D,KK,YU,F
10:40:00,UNVR,RG,4260,1,D,PD,YU,F
10:40:00,UNVR,RG,4260,100,D,PD,YU,F
10:40:00,UNVR,RG,4260,1,D,PD,YU,F
10:40:00,UNVR,RG,4260,5,D,DR,YU,F
10:40:00,UNVR,RG,4260,3,D,PD,YU,F
10:40:00,UNVR,RG,4260,5,D,PD,YU,F
10:40:00,UNVR,RG,4260,1,D,YP,YU,F
10:40:00,UNVR,RG,4260,2,D,NI,YU,F
10:40:00,UNVR,RG,4260,200,D,YP,YU,F
10:40:00,UNVR,RG,4260,1,D,PD,YU,F
10:39:31,UNVR,RG,4260,1,F,DH,PD,D
10:39:24,UNVR,RG,4260,3,F,DH,NI,D
10:39:24,UNVR,RG,4260,2,F,DH,PD,D
10:39:23,UNVR,RG,4260,7,F,DH,NI,D
10:39:23,UNVR,RG,4260,3,D,XC,NI,D
10:39:23,UNVR,RG,4270,2,D,DH,YU,F
10:39:18,UNVR,RG,4270,1,D,XC,YU,F
10:39:12,UNVR,RG,4270,2,F,AK,AK,F
10:39:12,UNVR,RG,4270,3,D,SQ,AK,F
10:39:12,UNVR,RG,4280,10,D,YP,YB,D
10:39:11,UNVR,RG,4270,22,D,SQ,YU,F
10:39:11,UNVR,RG,4270,1,D,PD,YU,F
10:39:11,UNVR,RG,4270,23,D,SQ,YU,F
10:39:11,UNVR,RG,4270,2,D,PD,YU,F
10:39:11,UNVR,RG,4270,6,D,SQ,YU,F
10:39:11,UNVR,RG,4270,82,F,CS,YU,F
10:39:11,UNVR,RG,4270,22,F,YU,YU,F
10:39:11,UNVR,RG,4270,10,D,NI,YU,F
10:39:11,UNVR,RG,4270,3,D,SQ,YU,F
10:39:11,UNVR,RG,4270,80,D,SQ,YU,F
10:39:11,UNVR,RG,4270,10,D,AT,YU,F
10:39:11,UNVR,RG,4270,14,D,XA,YU,F
10:39:11,UNVR,RG,4270,40,D,CS,YU,F
10:39:11,UNVR,RG,4270,32,D,XA,YU,F
10:39:11,UNVR,RG,4270,1,D,XC,YU,F
10:39:11,UNVR,RG,4270,1,D,YP,YU,F
10:39:11,UNVR,RG,4270,2,F,AK,YU,F
10:39:11,UNVR,RG,4270,1,D,XC,YU,F
10:39:11,UNVR,RG,4270,93,F,DR,YU,F
10:39:11,UNVR,RG,4270,1,D,KK,YU,F
10:39:11,UNVR,RG,4270,1,F,AK,YU,F
10:39:11,UNVR,RG,4270,13,F,ZP,YU,F
10:39:11,UNVR,RG,4270,20,D,YP,YU,F
10:39:11,UNVR,RG,4270,5,D,PD,YU,F
10:39:11,UNVR,RG,4270,1,D,PD,YU,F
10:39:11,UNVR,RG,4270,176,F,BK,YU,F
10:39:11,UNVR,RG,4270,638,D,YP,YU,F
10:38:52,UNVR,RG,4280,1,D,XC,YB,D
10:38:34,UNVR,RG,4280,210,D,YP,YB,D
10:38:33,UNVR,RG,4270,1,D,YP,DX,D
10:38:26,UNVR,RG,4280,2,D,HP,YB,D
10:38:00,UNVR,RG,4270,361,D,YP,YU,F
10:38:00,UNVR,RG,4270,2,D,XC,YU,F
10:38:00,UNVR,RG,4270,5,D,PD,YU,F
10:38:00,UNVR,RG,4270,15,D,PD,YU,F
10:38:00,UNVR,RG,4270,5,D,PD,YU,F
10:38:00,UNVR,RG,4270,2,D,PD,YU,F
10:38:00,UNVR,RG,4270,1,D,PD,YU,F
10:38:00,UNVR,RG,4270,5,D,PD,YU,F
10:38:00,UNVR,RG,4270,11,D,XL,YU,F
10:38:00,UNVR,RG,4270,1,D,AZ,YU,F
10:38:00,UNVR,RG,4270,3,D,PD,YU,F
10:38:00,UNVR,RG,4270,211,F,BK,YU,F
10:38:00,UNVR,RG,4270,1,D,XL,YU,F
10:38:00,UNVR,RG,4270,1,D,YP,YU,F
10:38:00,UNVR,RG,4270,1,D,XL,YU,F
10:38:00,UNVR,RG,4270,1,D,XC,YU,F
10:38:00,UNVR,RG,4270,3,D,XL,YU,F
10:38:00,UNVR,RG,4270,6,D,EP,YU,F
10:38:00,UNVR,RG,4270,3,D,PD,YU,F
10:38:00,UNVR,RG,4270,10,D,NI,YU,F
10:38:00,UNVR,RG,4270,2,D,CC,YU,F
10:38:00,UNVR,RG,4270,1,D,LG,YU,F
10:38:00,UNVR,RG,4270,1,D,YP,YU,F
10:38:00,UNVR,RG,4270,73,D,XA,YU,F
10:38:00,UNVR,RG,4270,1,D,DR,YU,F
10:38:00,UNVR,RG,4270,1,D,DH,YU,F
10:37:48,UNVR,RG,4270,1,D,DH,XC,D
10:37:48,UNVR,RG,4270,3,D,XC,XC,D
10:37:48,UNVR,RG,4270,2,D,PD,XC,D
10:37:42,UNVR,RG,4270,1,D,PD,XC,D
10:37:42,UNVR,RG,4270,2,D,PD,XC,D
10:37:40,UNVR,RG,4270,1,D,PD,CC,D
10:37:40,UNVR,RG,4270,9,D,PD,CC,D
10:37:24,UNVR,RG,4270,1,D,PD,XC,D
10:37:16,UNVR,RG,4270,20,D,EP,AK,F
10:37:16,UNVR,RG,4270,3,D,CC,AK,F
10:37:16,UNVR,RG,4270,5,D,CC,AK,F
10:37:16,UNVR,RG,4270,2,D,PD,AK,F
10:37:16,UNVR,RG,4270,40,D,YP,AK,F
10:37:16,UNVR,RG,4270,1,D,AT,AK,F
10:37:16,UNVR,RG,4270,5,D,KK,AK,F
10:37:16,UNVR,RG,4270,1,D,PD,AK,F
10:37:16,UNVR,RG,4270,1,D,PD,AK,F
10:37:16,UNVR,RG,4270,1,D,XC,AK,F
10:37:16,UNVR,RG,4270,3,D,GR,AK,F
10:37:16,UNVR,RG,4270,1,D,YP,AK,F
10:37:16,UNVR,RG,4270,5,D,XC,AK,F
10:37:16,UNVR,RG,4270,1,D,GR,AK,F
10:37:16,UNVR,RG,4270,2,D,XC,AK,F
10:37:16,UNVR,RG,4270,4,D,CC,AK,F
10:37:16,UNVR,RG,4270,1,D,PD,AK,F
10:37:16,UNVR,RG,4270,1,D,YP,AK,F
10:37:16,UNVR,RG,4270,1,D,KK,AK,F
10:37:16,UNVR,RG,4270,1,D,AZ,AK,F
10:37:16,UNVR,RG,4270,3,D,XC,AK,F
10:37:16,UNVR,RG,4270,1,D,CC,AK,F
10:37:16,UNVR,RG,4270,1,D,PD,AK,F
10:37:16,UNVR,RG,4270,2,D,XC,AK,F
10:37:16,UNVR,RG,4270,1,D,NI,AK,F
10:37:01,UNVR,RG,4280,1,D,CC,YB,D
10:36:56,UNVR,RG,4280,1,D,XL,YB,D
10:36:41,UNVR,RG,4280,1,D,SQ,YB,D
10:36:37,UNVR,RG,4270,5,D,NI,NI,D
10:36:19,UNVR,RG,4280,25,D,XC,YB,D
10:36:04,UNVR,RG,4270,1,D,NI,XC,D
10:36:02,UNVR,RG,4270,18,D,NI,KK,D
10:36:02,UNVR,RG,4270,2,D,LG,KK,D
10:36:02,UNVR,RG,4270,3,D,DR,KK,D
10:36:02,UNVR,RG,4270,1,D,PD,KK,D
10:36:00,UNVR,RG,4270,10,D,PD,YU,F
10:36:00,UNVR,RG,4270,1,D,NI,YU,F
10:36:00,UNVR,RG,4270,6,D,NI,YU,F
10:36:00,UNVR,RG,4270,5,D,YP,YU,F
10:36:00,UNVR,RG,4270,10,D,PD,YU,F
10:36:00,UNVR,RG,4270,1,D,XC,YU,F
10:36:00,UNVR,RG,4270,1,D,PD,YU,F
10:36:00,UNVR,RG,4270,1,D,XC,YU,F
10:36:00,UNVR,RG,4270,1,D,YP,YU,F
10:36:00,UNVR,RG,4270,1,D,NI,YU,F
10:36:00,UNVR,RG,4270,233,D,GR,YU,F
10:36:00,UNVR,RG,4270,2,D,CC,YU,F
10:36:00,UNVR,RG,4270,2,D,XC,YU,F
10:36:00,UNVR,RG,4270,1,D,EP,YU,F
10:36:00,UNVR,RG,4270,5,D,YP,YU,F
10:36:00,UNVR,RG,4270,5,D,PD,YU,F
10:36:00,UNVR,RG,4270,1,D,LG,YU,F
10:36:00,UNVR,RG,4270,17,D,CC,YU,F
10:36:00,UNVR,RG,4270,100,D,PD,YU,F
10:36:00,UNVR,RG,4270,2,D,YP,YU,F
10:36:00,UNVR,RG,4270,5,D,CC,YU,F
10:35:47,UNVR,RG,4280,23,D,XC,YB,D
10:35:33,UNVR,RG,4280,1,D,YP,YB,D
10:35:31,UNVR,RG,4280,4,D,XC,YB,D
10:35:30,UNVR,RG,4280,1,D,YP,YB,D
10:35:24,UNVR,RG,4280,10,D,CC,YB,D
10:35:19,UNVR,RG,4280,1,D,XL,YB,D
10:35:16,UNVR,RG,4280,100,D,YP,YB,D
10:35:15,UNVR,RG,4280,101,F,BK,YB,D
10:35:14,UNVR,RG,4280,18,F,YU,YB,D
10:35:14,UNVR,RG,4280,96,F,CS,YB,D
10:35:14,UNVR,RG,4280,23,D,CS,YB,D
10:35:14,UNVR,RG,4280,15,D,NI,YB,D
10:35:14,UNVR,RG,4280,248,F,CS,YB,D
10:35:14,UNVR,RG,4280,4,D,PD,YB,D
10:35:14,UNVR,RG,4280,67,F,CS,YB,D
10:35:14,UNVR,RG,4280,3,D,NI,YB,D
