Time,Stock,Brd,Price,Qty,BT,BC,SC,ST
15:14:59,UNVR,RG,3850,5,D,DR,AK,F
15:14:58,UNVR,RG,3850,3,D,XC,AK,F
15:14:55,UNVR,RG,3850,38,D,XC,AK,F
15:14:50,UNVR,RG,3850,100,D,ES,AK,F
15:14:48,UNVR,RG,3850,615,D,YJ,AK,F
15:14:48,UNVR,RG,3850,4,D,YJ,XC,D
15:14:48,UNVR,RG,3850,4,D,YJ,XC,D
15:14:48,UNVR,RG,3850,10,D,YJ,KK,D
15:14:48,UNVR,RG,3850,248,D,YJ,AK,F
15:14:46,UNVR,RG,3850,1,D,PD,AK,F
15:14:44,UNVR,RG,3850,7,D,CC,AK,F
15:14:43,UNVR,RG,3850,1,D,PD,AK,F
15:14:41,UNVR,RG,3850,3,D,XC,AK,F
15:14:36,UNVR,RG,3850,1,D,XC,AK,F
15:14:36,UNVR,RG,3850,10,D,KK,AK,F
15:14:30,UNVR,RG,3850,2,D,HP,AK,F
15:14:24,UNVR,RG,3850,5,D,DR,AK,F
15:14:19,UNVR,RG,3850,10,D,DH,AK,F
15:14:13,UNVR,RG,3850,889,D,YJ,AK,F
15:14:08,UNVR,RG,3850,2,D,XC,AK,F
15:14:04,UNVR,RG,3850,200,D,PD,AK,F
15:13:59,UNVR,RG,3850,5,D,AZ,AK,F
15:13:56,UNVR,RG,3850,10,D,YP,AK,F
15:13:53,UNVR,RG,3850,10,D,CC,AK,F
15:13:49,UNVR,RG,3850,45,D,CC,AK,F
15:13:49,UNVR,RG,3850,1,D,CC,KK,D
15:13:49,UNVR,RG,3850,5,D,CC,YP,D
15:13:49,UNVR,RG,3850,49,D,CC,AK,F
15:13:47,UNVR,RG,3850,100,D,KK,AK,F
15:13:42,UNVR,RG,3850,1000,D,CP,AK,F
15:13:42,UNVR,RG,3850,100,D,PD,AK,F
15:13:32,UNVR,RG,3850,5,D,YP,AK,F
15:13:19,UNVR,RG,3850,1,D,SQ,AK,F
15:13:17,UNVR,RG,3850,3,D,KK,AK,F
15:13:09,UNVR,RG,3850,3,D,NI,AK,F
15:13:04,UNVR,RG,3850,30,D,FS,AK,F
15:13:02,UNVR,RG,3850,13,D,GR,AK,F
15:13:00,UNVR,RG,3850,2,D,YP,AK,F
15:12:52,UNVR,RG,3850,5,D,PD,AK,F
15:12:52,UNVR,RG,3850,1,D,YP,AK,F
15:12:46,UNVR,RG,3850,5,D,XC,AK,F
15:12:44,UNVR,RG,3850,10,D,DH,AK,F
15:12:43,UNVR,RG,3850,2,D,CP,AK,F
15:12:39,UNVR,RG,3850,1,D,PD,AK,F
15:12:32,UNVR,RG,3850,100,D,CC,AK,F
15:12:29,UNVR,RG,3850,3,D,YP,AK,F
15:12:27,UNVR,RG,3850,5,D,HP,AK,F
15:12:20,UNVR,RG,3850,5,D,HP,AK,F
15:12:18,UNVR,RG,3850,20,D,YP,AK,F
15:12:18,UNVR,RG,3850,30,D,CC,AK,F
15:12:18,UNVR,RG,3850,7,D,PD,AK,F
15:12:16,UNVR,RG,3850,2,D,PD,AK,F
15:12:14,UNVR,RG,3850,5,D,AZ,AK,F
15:12:12,UNVR,RG,3850,30,D,NI,AK,F
15:12:12,UNVR,RG,3850,2,D,SQ,AK,F
15:12:09,UNVR,RG,3850,13,D,CC,AK,F
15:12:09,UNVR,RG,3850,1000,D,YP,AK,F
15:12:08,UNVR,RG,3850,5,D,GR,AK,F
15:12:06,UNVR,RG,3850,2,D,XC,AK,F
15:11:59,UNVR,RG,3850,30,D,FS,AK,F
15:11:53,UNVR,RG,3850,3,D,YP,AK,F
15:11:50,UNVR,RG,3850,3,D,PD,AK,F
15:11:47,UNVR,RG,3850,1,D,PD,AK,F
15:11:41,UNVR,RG,3850,1,D,DH,AK,F
15:11:33,UNVR,RG,3850,20,D,FS,AK,F
15:11:33,UNVR,RG,3850,9,D,PD,AK,F
15:11:29,UNVR,RG,3850,10,D,DH,AK,F
15:11:25,UNVR,RG,3850,1,D,YP,AK,F
15:11:19,UNVR,RG,3850,1,D,YP,AK,F
15:11:17,UNVR,RG,3850,10,D,SQ,AK,F
15:11:15,UNVR,RG,3850,3,D,NI,AK,F
15:11:15,UNVR,RG,3850,2,D,NI,NI,D
15:11:12,UNVR,RG,3850,1,D,YP,NI,D
15:11:08,UNVR,RG,3850,17,D,PD,NI,D
15:11:08,UNVR,RG,3850,3,D,PD,YP,D
15:11:06,UNVR,RG,3850,6,D,YP,YP,D
15:11:05,UNVR,RG,3850,1,D,YP,YP,D
15:11:03,UNVR,RG,3850,10,D,LG,YP,D
15:11:01,UNVR,RG,3850,2,D,NI,YP,D
15:11:01,UNVR,RG,3850,1,D,DR,YP,D
15:10:50,UNVR,RG,3850,20,D,DH,YP,D
15:10:47,UNVR,RG,3850,5,D,CC,YP,D
15:10:46,UNVR,RG,3850,52,D,NI,YP,D
15:10:39,UNVR,RG,3850,3,D,CP,YP,D
15:10:39,UNVR,RG,3850,1,D,YP,YP,D
15:10:31,UNVR,RG,3850,96,D,OD,YP,D
15:10:31,UNVR,RG,3850,4,D,OD,AI,D
15:10:30,UNVR,RG,3850,1,D,DR,AI,D
15:10:24,UNVR,RG,3850,2,D,CC,AI,D
15:10:21,UNVR,RG,3850,10,D,CC,AI,D
15:10:19,UNVR,RG,3850,2,D,PD,AI,D
15:10:17,UNVR,RG,3850,5,D,YP,AI,D
15:10:15,UNVR,RG,3850,1,D,YP,AI,D
15:10:03,UNVR,RG,3850,5,D,YP,AK,F
15:10:02,UNVR,RG,3850,20,D,YP,AK,F
15:09:45,UNVR,RG,3850,2,D,PD,AK,F
15:09:44,UNVR,RG,3850,1,D,DH,AK,F
15:09:44,UNVR,RG,3850,1,D,KK,AK,F
15:09:43,UNVR,RG,3850,1,D,SQ,AK,F
15:09:40,UNVR,RG,3850,1,D,YP,AK,F
15:09:34,UNVR,RG,3850,1,D,AT,AK,F
15:09:33,UNVR,RG,3850,5,D,SQ,AK,F
15:09:28,UNVR,RG,3850,1,D,DR,AK,F
15:09:25,UNVR,RG,3850,100,D,RO,AK,F
15:09:23,UNVR,RG,3850,20,D,EP,AK,F
15:09:22,UNVR,RG,3850,11,D,SQ,AK,F
15:09:20,UNVR,RG,3850,1,D,XC,AK,F
15:09:14,UNVR,RG,3850,1,D,KK,AK,F
15:09:14,UNVR,RG,3850,5,D,CC,AK,F
15:09:12,UNVR,RG,3850,13,D,HP,AK,F
15:09:08,UNVR,RG,3850,6,D,YP,AK,F
15:09:08,UNVR,RG,3850,1,D,YP,XC,D
15:09:08,UNVR,RG,3850,3,D,YP,YP,D
15:09:05,UNVR,RG,3850,2,D,SQ,YP,D
15:09:04,UNVR,RG,3850,71,D,AI,YP,D
15:09:04,UNVR,RG,3850,6,D,AI,XC,D
15:09:04,UNVR,RG,3850,10,D,AI,GR,D
15:09:04,UNVR,RG,3850,15,D,AI,PD,D
15:09:04,UNVR,RG,3850,7,D,AI,KK,D
15:09:04,UNVR,RG,3850,9,D,AI,CC,D
15:09:04,UNVR,RG,3850,1,D,AI,XC,D
15:09:04,UNVR,RG,3850,5,D,AI,XC,D
15:09:04,UNVR,RG,3850,25,D,AI,KI,D
15:09:04,UNVR,RG,3850,11,D,AI,YP,D
15:09:04,UNVR,RG,3850,100,D,AI,YP,D
15:09:04,UNVR,RG,3850,2,D,AI,NI,D
15:09:04,UNVR,RG,3850,25,D,AI,AF,D
15:09:04,UNVR,RG,3850,13,D,AI,KK,D
15:09:01,UNVR,RG,3850,1,D,DR,KK,D
15:08:52,UNVR,RG,3850,1,D,YP,KK,D
15:08:46,UNVR,RG,3850,50,D,SQ,AK,F
15:08:40,UNVR,RG,3850,4,D,NI,AK,F
15:08:39,UNVR,RG,3850,1,D,KK,AK,F
15:08:28,UNVR,RG,3850,20,D,YP,AK,F
15:08:26,UNVR,RG,3850,3,D,YP,AK,F
15:08:18,UNVR,RG,3850,87,D,YP,AK,F
15:08:16,UNVR,RG,3850,1,D,YP,AK,F
15:08:11,UNVR,RG,3850,1,D,XC,AK,F
15:07:59,UNVR,RG,3850,2,D,CC,AK,F
15:07:59,UNVR,RG,3850,3,D,CC,AK,F
15:07:53,UNVR,RG,3850,6,D,YP,AK,F
15:07:51,UNVR,RG,3850,1,D,CC,AK,F
15:07:51,UNVR,RG,3850,10,D,YP,AK,F
15:07:50,UNVR,RG,3850,250,D,AI,AK,F
15:07:48,UNVR,RG,3850,1000,D,OD,AK,F
15:07:48,UNVR,RG,3850,1,F,AG,AK,F
15:07:40,UNVR,RG,3850,1,D,YP,AK,F
15:07:35,UNVR,RG,3850,1,D,YP,AK,F
15:07:19,UNVR,RG,3850,1,D,YP,AK,F
15:07:16,UNVR,RG,3850,9,D,CC,AK,F
15:07:15,UNVR,RG,3850,10,D,AI,AK,F
15:07:08,UNVR,RG,3850,1,D,DH,AK,F
15:06:59,UNVR,RG,3850,1,D,SQ,AK,F
15:06:57,UNVR,RG,3850,2,D,YP,AK,F
15:06:54,UNVR,RG,3850,1,D,YP,AK,F
15:06:44,UNVR,RG,3850,1,D,YP,AK,F
15:06:43,UNVR,RG,3850,20,D,CC,AK,F
15:06:40,UNVR,RG,3850,15,D,YP,AK,F
15:06:37,UNVR,RG,3850,4,D,XC,AK,F
15:06:31,UNVR,RG,3850,1,D,YP,AK,F
15:06:28,UNVR,RG,3850,1,D,XC,AK,F
15:06:25,UNVR,RG,3850,2,D,PD,AK,F
15:06:22,UNVR,RG,3850,25,D,YU,AK,F
15:06:19,UNVR,RG,3850,1,D,NI,AK,F
15:06:19,UNVR,RG,3850,2,D,CC,AK,F
15:06:12,UNVR,RG,3850,1,D,XC,AK,F
15:06:10,UNVR,RG,3850,350,D,YP,AK,F
15:06:09,UNVR,RG,3850,1,D,XC,AK,F
15:06:09,UNVR,RG,3850,1,D,XC,AK,F
15:06:08,UNVR,RG,3850,20,D,YP,AK,F
15:06:07,UNVR,RG,3850,20,D,CC,AK,F
15:06:05,UNVR,RG,3850,5,D,YP,AK,F
15:06:04,UNVR,RG,3850,11,D,CC,AK,F
15:06:01,UNVR,RG,3850,100,D,CC,AK,F
15:05:59,UNVR,RG,3850,1,D,PD,AK,F
15:05:53,UNVR,RG,3850,2,D,YP,AK,F
15:05:51,UNVR,RG,3850,1000,D,KK,AK,F
15:05:44,UNVR,RG,3850,100,D,PD,AK,F
15:05:43,UNVR,RG,3850,6,D,YP,AK,F
15:05:41,UNVR,RG,3850,10,D,YP,AK,F
15:05:37,UNVR,RG,3850,2,D,XC,AK,F
15:05:35,UNVR,RG,3850,1,D,YP,AK,F
15:05:29,UNVR,RG,3850,1,D,YP,AK,F
15:05:25,UNVR,RG,3850,20,D,ZP,AK,F
15:05:19,UNVR,RG,3850,20,D,YP,AK,F
15:05:18,UNVR,RG,3850,7,D,PD,AK,F
15:05:14,UNVR,RG,3850,1,D,LG,AK,F
15:05:12,UNVR,RG,3850,1,D,YP,AK,F
15:05:10,UNVR,RG,3850,5,D,YP,AK,F
15:05:07,UNVR,RG,3850,3,D,KK,AK,F
15:05:05,UNVR,RG,3850,180,D,YP,AK,F
15:05:02,UNVR,RG,3850,10,D,DR,AK,F
15:05:01,UNVR,RG,3850,1,D,NI,AK,F
15:05:01,UNVR,RG,3850,1,D,PD,AK,F
15:05:01,UNVR,RG,3850,30,D,YP,AK,F
15:05:00,UNVR,RG,3850,1,D,KK,AK,F
15:04:59,UNVR,RG,3850,4,D,PD,AK,F
15:04:58,UNVR,RG,3850,1,D,PD,AK,F
15:04:45,UNVR,RG,3850,1,D,YP,AK,F
15:04:39,UNVR,RG,3850,1,D,XC,AK,F
15:04:35,UNVR,RG,3850,1,D,XC,AK,F
15:04:32,UNVR,RG,3850,1,D,YP,AK,F
15:04:26,UNVR,RG,3850,10,D,CC,AK,F
15:04:23,UNVR,RG,3850,50,D,YP,AK,F
15:04:21,UNVR,RG,3850,8,D,CC,AK,F
15:04:14,UNVR,RG,3850,10,D,PD,AK,F
15:04:13,UNVR,RG,3850,1,D,YP,AK,F
15:03:53,UNVR,RG,3850,3,D,YP,AK,F
15:03:52,UNVR,RG,3850,5,D,XC,AK,F
15:03:46,UNVR,RG,3850,1,D,DR,AK,F
15:03:42,UNVR,RG,3850,5,D,XC,AK,F
15:03:40,UNVR,RG,3850,10,D,NI,AK,F
15:03:38,UNVR,RG,3850,1,D,YP,AK,F
15:03:38,UNVR,RG,3850,1,D,DR,AK,F
15:03:36,UNVR,RG,3850,25,D,NI,AK,F
15:03:34,UNVR,RG,3850,3,D,YP,AK,F
15:03:33,UNVR,RG,3850,1,D,YP,AK,F
15:03:32,UNVR,RG,3850,100,D,AZ,AK,F
15:03:31,UNVR,RG,3850,1,D,DR,AK,F
15:03:30,UNVR,RG,3850,1,D,PD,AK,F
15:03:22,UNVR,RG,3850,30,D,PD,AK,F
15:03:16,UNVR,RG,3850,5,D,GR,AK,F
15:03:13,UNVR,RG,3850,2,D,PD,AK,F
15:03:11,UNVR,RG,3850,5,D,XC,AK,F
15:03:09,UNVR,RG,3850,7,D,CC,AK,F
15:03:06,UNVR,RG,3850,100,D,GR,AK,F
15:03:02,UNVR,RG,3850,4,D,YP,AK,F
15:03:01,UNVR,RG,3850,5,D,PD,AK,F
15:02:47,UNVR,RG,3850,2,D,PD,AK,F
15:02:46,UNVR,RG,3850,1,D,YP,AK,F
15:02:45,UNVR,RG,3850,1,D,LG,AK,F
15:02:45,UNVR,RG,3850,1,D,CC,AK,F
15:02:42,UNVR,RG,3850,1,D,XC,AK,F
15:02:39,UNVR,RG,3850,5,D,CC,AK,F
15:02:38,UNVR,RG,3850,2,D,YP,AK,F
15:02:30,UNVR,RG,3850,4,D,PD,AK,F
15:02:29,UNVR,RG,3850,1,D,XC,AK,F
15:02:27,UNVR,RG,3850,1,D,PD,AK,F
15:02:21,UNVR,RG,3850,5,D,CC,AK,F
15:02:20,UNVR,RG,3850,10,D,OD,AK,F
15:02:18,UNVR,RG,3850,1,D,AT,AK,F
15:02:16,UNVR,RG,3850,1,D,PD,AK,F
15:02:16,UNVR,RG,3850,130,D,NI,AK,F
15:02:16,UNVR,RG,3850,4,D,DH,AK,F
15:02:15,UNVR,RG,3850,1,D,XC,AK,F
15:02:15,UNVR,RG,3850,50,D,YP,AK,F
15:02:15,UNVR,RG,3850,4,D,XC,AK,F
15:02:15,UNVR,RG,3850,300,D,NI,AK,F
15:02:15,UNVR,RG,3850,38,D,PD,AK,F
15:02:15,UNVR,RG,3850,160,D,KK,AK,F
15:02:15,UNVR,RG,3850,50,D,AZ,AK,F
15:02:15,UNVR,RG,3850,3,D,CC,AK,F
15:02:15,UNVR,RG,3850,50,D,SQ,AK,F
15:02:15,UNVR,RG,3850,1,D,PD,AK,F
15:02:15,UNVR,RG,3850,1,D,XL,AK,F
15:02:15,UNVR,RG,3850,1,D,DH,AK,F
15:02:15,UNVR,RG,3850,1,D,XA,AK,F
15:02:15,UNVR,RG,3850,10,D,CC,AK,F
15:02:15,UNVR,RG,3850,1,D,XC,AK,F
15:02:15,UNVR,RG,3850,1,D,CC,AK,F
15:02:15,UNVR,RG,3850,2,D,CC,AK,F
15:02:15,UNVR,RG,3850,10,D,CC,AK,F
15:02:15,UNVR,RG,3850,1,D,YP,AK,F
15:02:15,UNVR,RG,3850,2,D,PD,AK,F
15:02:15,UNVR,RG,3850,7,D,SQ,AK,F
15:02:15,UNVR,RG,3850,2,D,XA,AK,F
15:02:15,UNVR,RG,3850,5,D,PD,AK,F
15:02:15,UNVR,RG,3850,3,D,EP,AK,F
15:02:15,UNVR,RG,3850,4,D,XC,AK,F
15:02:15,UNVR,RG,3850,1,D,PD,AK,F
15:02:15,UNVR,RG,3850,20,D,TP,AK,F
15:02:15,UNVR,RG,3850,1,D,XA,AK,F
15:02:15,UNVR,RG,3850,1,D,PD,AK,F
15:02:15,UNVR,RG,3850,1,D,XC,AK,F
15:02:15,UNVR,RG,3850,1,D,XC,AK,F
15:02:15,UNVR,RG,3850,1,D,XC,AK,F
15:02:15,UNVR,RG,3850,1,D,XC,AK,F
15:02:15,UNVR,RG,3850,1,D,XC,AK,F
15:02:15,UNVR,RG,3850,1,D,XC,AK,F
15:02:15,UNVR,RG,3850,12,D,XC,AK,F
15:02:15,UNVR,RG,3850,70,D,DH,AK,F
15:02:15,UNVR,RG,3850,1,D,PD,AK,F
15:02:15,UNVR,RG,3850,64,D,PD,AK,F
15:02:15,UNVR,RG,3850,1,D,PD,AK,F
15:02:15,UNVR,RG,3850,10,D,AT,AK,F
15:02:15,UNVR,RG,3850,1,D,GR,AK,F
15:02:15,UNVR,RG,3850,1,D,KK,AK,F
15:02:15,UNVR,RG,3850,5,D,PC,AK,F
15:02:15,UNVR,RG,3850,1,D,DR,AK,F
15:02:15,UNVR,RG,3850,4,D,PD,AK,F
15:02:15,UNVR,RG,3850,5,D,PD,AK,F
15:02:15,UNVR,RG,3850,10,D,XL,AK,F
15:02:15,UNVR,RG,3850,1,D,NI,AK,F
15:02:15,UNVR,RG,3850,1,D,GR,AK,F
15:02:15,UNVR,RG,3850,2,D,CC,AK,F
15:02:15,UNVR,RG,3850,50,D,SQ,AK,F
15:02:15,UNVR,RG,3850,1,D,NI,AK,F
15:02:15,UNVR,RG,3850,3,D,PD,AK,F
15:02:15,UNVR,RG,3850,1,D,YP,AK,F
15:02:15,UNVR,RG,3850,1,D,CC,AK,F
15:02:15,UNVR,RG,3850,10,D,DR,AK,F
15:02:15,UNVR,RG,3850,1,D,PD,AK,F
15:02:15,UNVR,RG,3850,1,D,YP,AK,F
15:02:15,UNVR,RG,3850,13,D,PD,AK,F
15:02:15,UNVR,RG,3850,1,D,EP,AK,F
15:02:15,UNVR,RG,3850,20,D,SQ,AK,F
15:02:15,UNVR,RG,3850,1,D,NI,AK,F
15:02:15,UNVR,RG,3850,10,D,YP,AK,F
15:02:15,UNVR,RG,3850,50,D,YP,AK,F
15:02:15,UNVR,RG,3850,1748,F,CS,AK,F
15:02:15,UNVR,RG,3850,1,D,CC,AK,F
15:02:15,UNVR,RG,3850,2256,F,CS,AK,F
15:02:15,UNVR,RG,3850,1,D,YP,AK,F
15:02:15,UNVR,RG,3850,1,D,PD,AK,F
15:02:15,UNVR,RG,3850,5,D,YP,AK,F
15:02:15,UNVR,RG,3850,100,D,KK,AK,F
15:02:15,UNVR,RG,3850,15,D,PD,AK,F
15:02:15,UNVR,RG,3850,1,D,XC,AK,F
15:02:15,UNVR,RG,3850,1,D,DR,AK,F
15:02:15,UNVR,RG,3850,5,D,CC,AK,F
15:02:15,UNVR,RG,3850,15,D,YP,AK,F
15:02:15,UNVR,RG,3850,10,D,PD,AK,F
15:02:15,UNVR,RG,3850,3,D,YP,AK,F
15:02:15,UNVR,RG,3850,150,D,YP,AK,F
15:02:15,UNVR,RG,3850,1,D,XC,AK,F
15:02:15,UNVR,RG,3850,10,D,PD,AK,F
15:02:15,UNVR,RG,3850,3,D,NI,AK,F
15:02:15,UNVR,RG,3850,2,D,DH,AK,F
15:02:15,UNVR,RG,3850,1,D,GR,AK,F
15:02:15,UNVR,RG,3850,10,D,AT,AK,F
15:02:15,UNVR,RG,3850,1,D,PD,AK,F
15:02:15,UNVR,RG,3850,4,D,KK,AK,F
15:02:15,UNVR,RG,3850,14,D,XC,AK,F
15:02:15,UNVR,RG,3850,10,D,YP,AK,F
15:02:15,UNVR,RG,3850,50,D,CC,AK,F
15:02:15,UNVR,RG,3850,1,D,XC,AK,F
15:02:15,UNVR,RG,3850,1,D,NI,AK,F
15:02:15,UNVR,RG,3850,1,D,XC,AK,F
15:02:15,UNVR,RG,3850,45,D,XC,AK,F
15:02:15,UNVR,RG,3850,2,D,PD,AK,F
15:02:15,UNVR,RG,3850,2,D,SQ,AK,F
15:02:15,UNVR,RG,3850,1,D,NI,AK,F
15:02:15,UNVR,RG,3850,1,D,CC,AK,F
15:02:15,UNVR,RG,3850,200,D,LG,AK,F
15:02:15,UNVR,RG,3850,1,D,XC,AK,F
15:02:15,UNVR,RG,3850,1,D,GR,AK,F
15:02:15,UNVR,RG,3850,5,D,DH,AK,F
15:02:15,UNVR,RG,3850,1,D,PD,AK,F
15:02:15,UNVR,RG,3850,1,D,NI,AK,F
15:02:15,UNVR,RG,3850,3,D,PD,AK,F
15:02:15,UNVR,RG,3850,50,D,YP,AK,F
15:02:15,UNVR,RG,3850,1,D,PD,AK,F
15:02:15,UNVR,RG,3850,2,D,DH,AK,F
15:02:15,UNVR,RG,3850,1,D,GR,AK,F
15:02:15,UNVR,RG,3850,13,D,NI,AK,F
15:02:15,UNVR,RG,3850,4,D,YP,AK,F
15:02:15,UNVR,RG,3850,10,D,CC,AK,F
15:02:15,UNVR,RG,3850,10,D,YP,AK,F
15:02:15,UNVR,RG,3850,8,D,NI,AK,F
15:02:15,UNVR,RG,3850,1,D,CC,AK,F
15:02:15,UNVR,RG,3850,12,D,PD,AK,F
15:02:15,UNVR,RG,3850,1,D,SQ,AK,F
15:02:15,UNVR,RG,3850,5,D,SQ,AK,F
15:02:15,UNVR,RG,3850,1,D,AI,AK,F
15:02:15,UNVR,RG,3850,5,D,PD,AK,F
15:02:15,UNVR,RG,3850,10,D,CC,AK,F
15:02:15,UNVR,RG,3850,10,D,XC,AK,F
15:02:15,UNVR,RG,3850,2,D,XC,AK,F
15:02:15,UNVR,RG,3850,10,D,GR,AK,F
15:02:15,UNVR,RG,3850,5,D,YP,AK,F
15:02:15,UNVR,RG,3850,20,D,KK,AK,F
15:02:15,UNVR,RG,3850,1,D,YP,AK,F
15:02:15,UNVR,RG,3850,259,D,YP,AK,F
15:02:15,UNVR,RG,3850,1,D,CC,AK,F
15:02:15,UNVR,RG,3850,1,D,XC,AK,F
15:02:15,UNVR,RG,3850,5,D,SQ,AK,F
15:02:15,UNVR,RG,3850,50,D,CC,AK,F
15:02:15,UNVR,RG,3850,5,D,PD,AK,F
15:02:15,UNVR,RG,3850,10,D,AI,AK,F
15:02:15,UNVR,RG,3850,3,D,NI,AK,F
15:02:15,UNVR,RG,3850,2,D,XC,AK,F
15:02:15,UNVR,RG,3850,10,D,YP,AK,F
15:02:15,UNVR,RG,3850,100,D,KK,AK,F
15:02:15,UNVR,RG,3850,10,D,CC,AK,F
15:02:15,UNVR,RG,3850,2,D,SQ,AK,F
15:02:15,UNVR,RG,3850,1,D,PD,AK,F
15:02:15,UNVR,RG,3850,60,D,DR,AK,F
15:02:15,UNVR,RG,3850,4,D,CC,AK,F
15:02:15,UNVR,RG,3850,1,D,XC,AK,F
15:02:15,UNVR,RG,3850,20,D,CC,AK,F
15:02:15,UNVR,RG,3850,5,D,PD,AK,F
15:02:15,UNVR,RG,3850,1,D,PD,AK,F
15:02:15,UNVR,RG,3850,1,D,KK,AK,F
15:02:15,UNVR,RG,3850,1,D,NI,AK,F
15:02:15,UNVR,RG,3850,10,D,AG,AK,F
15:02:15,UNVR,RG,3850,15,D,YP,AK,F
15:02:15,UNVR,RG,3850,1,D,XC,AK,F
15:02:15,UNVR,RG,3850,5,D,YP,AK,F
15:02:15,UNVR,RG,3850,2,D,YP,AK,F
15:02:15,UNVR,RG,3850,1,D,PD,AK,F
15:02:15,UNVR,RG,3850,4,D,EP,AK,F
15:02:15,UNVR,RG,3850,3,D,AG,AK,F
15:02:15,UNVR,RG,3850,1,D,PD,AK,F
15:02:15,UNVR,RG,3850,1,D,PD,AK,F
15:02:15,UNVR,RG,3850,1,D,NI,AK,F
15:02:15,UNVR,RG,3850,2,D,CC,AK,F
15:02:15,UNVR,RG,3850,20,D,SQ,AK,F
15:02:15,UNVR,RG,3850,1,D,YP,AK,F
15:02:15,UNVR,RG,3850,1,D,XL,AK,F
15:02:15,UNVR,RG,3850,1,D,KK,AK,F
15:02:15,UNVR,RG,3850,1,D,OD,AK,F
15:02:15,UNVR,RG,3850,30,D,KK,AK,F
15:02:15,UNVR,RG,3850,1,D,XL,AK,F
15:02:15,UNVR,RG,3850,9,D,YP,AK,F
15:02:15,UNVR,RG,3850,1,D,CC,AK,F
15:02:15,UNVR,RG,3850,2,D,NI,AK,F
15:02:15,UNVR,RG,3850,1,D,YP,AK,F
15:02:15,UNVR,RG,3850,5,D,BQ,AK,F
15:02:15,UNVR,RG,3850,5,D,GR,AK,F
15:02:15,UNVR,RG,3850,5,D,PD,AK,F
15:02:15,UNVR,RG,3850,1,D,XC,AK,F
15:02:15,UNVR,RG,3850,20,D,DR,AK,F
15:02:15,UNVR,RG,3850,10,D,PD,AK,F
15:02:15,UNVR,RG,3850,1,D,YP,AK,F
15:02:15,UNVR,RG,3850,1,D,YP,AK,F
15:02:15,UNVR,RG,3850,5,D,PD,AK,F
15:02:15,UNVR,RG,3850,5,D,BQ,AK,F
15:02:15,UNVR,RG,3850,5,D,BQ,AK,F
15:02:15,UNVR,RG,3850,4,D,PD,AK,F
15:02:15,UNVR,RG,3850,5,D,XC,AK,F
15:02:15,UNVR,RG,3850,2,D,XC,AK,F
15:02:15,UNVR,RG,3850,1,D,PD,AK,F
15:02:15,UNVR,RG,3850,2,D,XC,AK,F
15:02:15,UNVR,RG,3850,1,D,XC,AK,F
15:02:15,UNVR,RG,3850,50,D,PD,AK,F
15:02:15,UNVR,RG,3850,100,D,YP,AK,F
15:02:15,UNVR,RG,3850,15,D,XC,AK,F
15:02:15,UNVR,RG,3850,2,D,PD,AK,F
15:02:15,UNVR,RG,3850,1,D,PD,AK,F
15:02:15,UNVR,RG,3850,5,D,YP,AK,F
15:02:15,UNVR,RG,3850,1,D,XC,AK,F
15:02:15,UNVR,RG,3850,3,D,XC,AK,F
15:02:15,UNVR,RG,3850,10,D,CC,AK,F
15:02:15,UNVR,RG,3850,2,D,XL,AK,F
15:02:15,UNVR,RG,3850,3,D,EP,AK,F
15:02:15,UNVR,RG,3850,40,D,YP,AK,F
15:02:15,UNVR,RG,3850,11,D,PD,AK,F
15:02:15,UNVR,RG,3850,2,D,CC,AK,F
15:02:15,UNVR,RG,3850,1,D,CC,AK,F
15:02:15,UNVR,RG,3850,10,D,SQ,AK,F
15:02:15,UNVR,RG,3850,1,D,PD,AK,F
15:02:15,UNVR,RG,3850,50,D,YP,AK,F
15:02:15,UNVR,RG,3850,1,D,PD,AK,F
15:02:15,UNVR,RG,3850,25,D,SQ,AK,F
15:02:15,UNVR,RG,3850,1,D,YB,AK,F
15:02:15,UNVR,RG,3850,30,D,OD,AK,F
15:02:15,UNVR,RG,3850,1,D,KK,AK,F
15:02:15,UNVR,RG,3850,1,D,HP,AK,F
15:02:15,UNVR,RG,3850,85,D,YP,AK,F
15:02:15,UNVR,RG,3850,5,D,CC,AK,F
15:02:15,UNVR,RG,3850,1,D,KK,AK,F
15:02:15,UNVR,RG,3850,1,D,PD,AK,F
15:02:15,UNVR,RG,3850,5,D,CC,AK,F
15:02:15,UNVR,RG,3850,5,D,YP,AK,F
15:02:15,UNVR,RG,3850,2,D,PD,AK,F
15:02:15,UNVR,RG,3850,2,D,XC,AK,F
15:02:15,UNVR,RG,3850,1,D,PD,AK,F
15:02:15,UNVR,RG,3850,51,D,YP,AK,F
15:02:15,UNVR,RG,3850,1,D,PD,AK,F
15:02:15,UNVR,RG,3850,1,D,NI,AK,F
15:02:15,UNVR,RG,3850,1,D,XC,AK,F
15:02:15,UNVR,RG,3850,10,D,PC,AK,F
15:02:15,UNVR,RG,3850,5,D,PD,AK,F
15:02:15,UNVR,RG,3850,1,D,PD,AK,F
15:02:15,UNVR,RG,3850,1,D,GR,AK,F
15:02:15,UNVR,RG,3850,1,D,LG,AK,F
15:02:15,UNVR,RG,3850,3,D,SQ,AK,F
15:02:15,UNVR,RG,3850,1,D,PD,AK,F
15:02:15,UNVR,RG,3850,53,D,SQ,AK,F
15:02:15,UNVR,RG,3850,8,D,CC,AK,F
15:02:15,UNVR,RG,3850,3,D,LS,AK,F
15:02:15,UNVR,RG,3850,1,D,YP,AK,F
15:02:15,UNVR,RG,3850,4,D,XC,AK,F
15:02:15,UNVR,RG,3850,1,D,PD,AK,F
15:02:15,UNVR,RG,3850,2,D,YP,AK,F
15:02:15,UNVR,RG,3850,25,D,YP,AK,F
15:02:15,UNVR,RG,3850,1,D,XC,AK,F
15:02:15,UNVR,RG,3850,50,D,CD,AK,F
15:02:15,UNVR,RG,3850,5,D,YP,AK,F
15:02:15,UNVR,RG,3850,10,D,NI,AK,F
15:02:15,UNVR,RG,3850,3,D,PD,AK,F
15:02:15,UNVR,RG,3850,10,D,SQ,AK,F
15:02:15,UNVR,RG,3850,5,D,NI,AK,F
15:02:15,UNVR,RG,3850,5,D,YP,AK,F
15:02:15,UNVR,RG,3850,1,D,NI,AK,F
15:02:15,UNVR,RG,3850,5,D,SQ,AK,F
15:02:15,UNVR,RG,3850,1,D,YP,AK,F
15:02:15,UNVR,RG,3850,10,D,XC,AK,F
15:02:15,UNVR,RG,3850,3,D,CC,AK,F
15:02:15,UNVR,RG,3850,1,D,PD,AK,F
15:02:15,UNVR,RG,3850,2,D,NI,AK,F
15:02:15,UNVR,RG,3850,5,D,SQ,AK,F
15:02:15,UNVR,RG,3850,1,D,RB,AK,F
15:02:15,UNVR,RG,3850,2,D,PD,AK,F
15:02:15,UNVR,RG,3850,1,D,CC,AK,F
15:02:15,UNVR,RG,3850,8,D,PD,AK,F
15:02:15,UNVR,RG,3850,10,D,YP,AK,F
15:02:15,UNVR,RG,3850,1,D,KK,AK,F
15:02:15,UNVR,RG,3850,26,D,DX,AK,F
15:02:15,UNVR,RG,3850,10,D,YP,AK,F
15:02:15,UNVR,RG,3850,13,D,CC,AK,F
15:02:15,UNVR,RG,3850,3,D,XC,AK,F
15:02:15,UNVR,RG,3850,11,D,PD,AK,F
15:02:15,UNVR,RG,3850,75,D,DX,AK,F
15:02:15,UNVR,RG,3850,1,D,DR,AK,F
15:02:15,UNVR,RG,3850,1,D,CC,AK,F
15:02:15,UNVR,RG,3850,10,D,DR,AK,F
15:02:15,UNVR,RG,3850,1,D,SQ,AK,F
15:02:15,UNVR,RG,3850,10,D,YP,AK,F
15:02:15,UNVR,RG,3850,2,D,XC,AK,F
15:02:15,UNVR,RG,3850,1,D,CC,AK,F
15:02:15,UNVR,RG,3850,1,D,PD,AK,F
15:02:15,UNVR,RG,3850,5,D,PD,AK,F
15:02:15,UNVR,RG,3850,150,D,LG,AK,F
15:02:15,UNVR,RG,3850,30,D,PD,AK,F
15:02:15,UNVR,RG,3850,10,D,YP,AK,F
15:02:15,UNVR,RG,3850,15,D,PD,AK,F
15:02:15,UNVR,RG,3850,1,D,XC,AK,F
15:02:15,UNVR,RG,3850,10,D,CC,AK,F
15:02:15,UNVR,RG,3850,2,D,CC,AK,F
15:02:15,UNVR,RG,3850,3,D,YP,AK,F
15:02:15,UNVR,RG,3850,4,D,NI,AK,F
15:02:15,UNVR,RG,3850,2,D,YP,AK,F
15:02:15,UNVR,RG,3850,20,D,SQ,AK,F
15:02:15,UNVR,RG,3850,10,D,PD,AK,F
15:02:15,UNVR,RG,3850,1,D,PD,AK,F
15:02:15,UNVR,RG,3850,7,D,PD,AK,F
15:02:15,UNVR,RG,3850,10,D,NI,AK,F
15:02:15,UNVR,RG,3850,1,D,YP,AK,F
15:02:15,UNVR,RG,3850,30,D,CC,AK,F
15:02:15,UNVR,RG,3850,100,D,OK,AK,F
15:02:15,UNVR,RG,3850,10,D,CC,AK,F
15:02:15,UNVR,RG,3850,1,D,XC,AK,F
15:02:15,UNVR,RG,3850,2,D,KK,AK,F
15:02:15,UNVR,RG,3850,2,D,NI,AK,F
15:02:15,UNVR,RG,3850,10,D,CC,AK,F
15:02:15,UNVR,RG,3850,9,D,EP,AK,F
15:02:15,UNVR,RG,3850,5,D,PD,AK,F
15:02:15,UNVR,RG,3850,5,D,DR,AK,F
15:02:15,UNVR,RG,3850,1,D,XC,AK,F
15:02:15,UNVR,RG,3850,1,D,NI,AK,F
15:02:15,UNVR,RG,3850,1,D,NI,AK,F
15:02:15,UNVR,RG,3850,1,D,CC,AK,F
15:02:15,UNVR,RG,3850,1,D,DR,AK,F
15:02:15,UNVR,RG,3850,10,D,PD,AK,F
15:02:15,UNVR,RG,3850,1,D,XC,AK,F
15:02:15,UNVR,RG,3850,10,D,YB,AK,F
15:02:15,UNVR,RG,3850,1,D,PD,AK,F
15:02:15,UNVR,RG,3850,5,D,PD,AK,F
15:02:15,UNVR,RG,3850,5,D,NI,AK,F
15:02:15,UNVR,RG,3850,1,D,NI,AK,F
15:02:15,UNVR,RG,3850,1,D,NI,AK,F
15:02:15,UNVR,RG,3850,1,D,OD,AK,F
15:02:15,UNVR,RG,3850,5,D,SQ,AK,F
15:02:15,UNVR,RG,3850,100,D,YP,AK,F
15:02:15,UNVR,RG,3850,25,D,XC,AK,F
15:02:15,UNVR,RG,3850,5,D,PD,AK,F
15:02:15,UNVR,RG,3850,1,D,OD,AK,F
15:02:15,UNVR,RG,3850,20,D,PD,AK,F
15:02:15,UNVR,RG,3850,1,D,DR,AK,F
15:02:15,UNVR,RG,3850,1,D,YP,AK,F
15:02:15,UNVR,RG,3850,3,D,YP,AK,F
15:02:15,UNVR,RG,3850,4,D,CC,AK,F
15:02:15,UNVR,RG,3850,2,D,CC,AK,F
15:02:15,UNVR,RG,3850,3,D,LG,AK,F
15:02:15,UNVR,RG,3850,2,D,KK,AK,F
15:02:15,UNVR,RG,3850,1,D,CC,AK,F
15:02:15,UNVR,RG,3850,10,D,KK,AK,F
15:02:15,UNVR,RG,3850,500,D,DH,AK,F
15:02:15,UNVR,RG,3850,30,D,PD,AK,F
15:02:15,UNVR,RG,3850,1,D,YP,AK,F
15:02:15,UNVR,RG,3850,1,D,XC,AK,F
15:02:15,UNVR,RG,3850,1,D,XC,AK,F
15:02:15,UNVR,RG,3850,15,D,CC,AK,F
15:02:15,UNVR,RG,3850,5,D,CC,AK,F
15:02:15,UNVR,RG,3850,2,D,PD,AK,F
15:02:15,UNVR,RG,3850,2,D,CC,AK,F
15:02:15,UNVR,RG,3850,2,D,XL,AK,F
15:02:15,UNVR,RG,3850,1,D,CC,AK,F
15:02:15,UNVR,RG,3850,2,D,CC,AK,F
15:02:15,UNVR,RG,3850,10,D,NI,AK,F
15:02:15,UNVR,RG,3850,20,D,DR,AK,F
15:02:15,UNVR,RG,3850,1,D,NI,AK,F
15:02:15,UNVR,RG,3850,11,D,NI,AK,F
15:02:15,UNVR,RG,3850,5,D,SQ,AK,F
15:02:15,UNVR,RG,3850,1,D,XC,AK,F
15:02:15,UNVR,RG,3850,3,D,XC,AK,F
15:02:15,UNVR,RG,3850,11,D,OD,AK,F
15:02:15,UNVR,RG,3850,2,D,XL,AK,F
15:02:15,UNVR,RG,3850,2,D,XC,AK,F
15:02:15,UNVR,RG,3850,15,D,NI,AK,F
15:02:15,UNVR,RG,3850,5,D,HP,AK,F
15:02:15,UNVR,RG,3850,5,D,KK,AK,F
15:02:15,UNVR,RG,3850,10,D,XC,AK,F
15:02:15,UNVR,RG,3850,11,D,XC,AK,F
15:02:15,UNVR,RG,3850,1,D,SQ,AK,F
15:02:15,UNVR,RG,3850,1,D,AZ,AK,F
15:02:15,UNVR,RG,3850,1,D,DH,AK,F
15:02:15,UNVR,RG,3850,1,D,SQ,AK,F
15:02:15,UNVR,RG,3850,1,D,XC,AK,F
15:02:15,UNVR,RG,3850,1,D,XC,AK,F
15:02:15,UNVR,RG,3850,1,D,YP,AK,F
15:02:15,UNVR,RG,3850,7,D,CC,AK,F
15:02:15,UNVR,RG,3850,5,D,YP,AK,F
15:02:15,UNVR,RG,3850,2,D,NI,AK,F
15:02:15,UNVR,RG,3850,13,D,PD,AK,F
15:02:15,UNVR,RG,3850,100,D,SQ,AK,F
15:02:15,UNVR,RG,3850,7,D,PD,AK,F
15:02:15,UNVR,RG,3850,1,D,YP,AK,F
15:02:15,UNVR,RG,3850,100,D,YP,AK,F
15:02:15,UNVR,RG,3850,1,D,CC,AK,F
15:02:15,UNVR,RG,3850,300,D,NI,AK,F
15:02:15,UNVR,RG,3850,3,D,PD,AK,F
15:02:15,UNVR,RG,3850,10,D,TP,AK,F
15:02:15,UNVR,RG,3850,15,D,KK,AK,F
15:02:15,UNVR,RG,3850,50,D,GR,AK,F
15:02:15,UNVR,RG,3850,1,D,YP,AK,F
15:02:15,UNVR,RG,3850,2,D,SQ,AK,F
15:02:15,UNVR,RG,3850,5,D,CC,AK,F
15:02:15,UNVR,RG,3850,1,D,PD,AK,F
15:02:15,UNVR,RG,3850,6,D,PD,AK,F
15:02:15,UNVR,RG,3850,50,D,GR,AK,F
15:02:15,UNVR,RG,3850,1,D,PD,AK,F
15:02:15,UNVR,RG,3850,5,D,OD,AK,F
15:02:15,UNVR,RG,3850,5,D,SQ,AK,F
15:02:15,UNVR,RG,3850,5,D,YP,AK,F
15:02:15,UNVR,RG,3850,3,D,CC,AK,F
15:02:15,UNVR,RG,3850,15,D,KK,AK,F
15:02:15,UNVR,RG,3850,1,D,XC,AK,F
15:02:15,UNVR,RG,3850,1,D,CC,AK,F
15:02:15,UNVR,RG,3850,3,D,PD,AK,F
15:02:15,UNVR,RG,3850,50,D,KK,AK,F
15:02:15,UNVR,RG,3850,3,D,XC,AK,F
15:02:15,UNVR,RG,3850,1,D,XC,AK,F
15:02:15,UNVR,RG,3850,1,D,NI,AK,F
15:02:15,UNVR,RG,3850,1,D,NI,AK,F
15:02:15,UNVR,RG,3850,100,D,YP,AK,F
15:02:15,UNVR,RG,3850,3,D,PD,AK,F
15:02:15,UNVR,RG,3850,5,D,CC,AK,F
15:02:15,UNVR,RG,3850,1,D,YP,AK,F
15:02:15,UNVR,RG,3850,1,D,PD,AK,F
15:02:15,UNVR,RG,3850,1,D,YP,AK,F
15:02:15,UNVR,RG,3850,3,D,CC,AK,F
15:02:15,UNVR,RG,3850,1,D,CC,AK,F
15:02:15,UNVR,RG,3850,6,D,XC,AK,F
15:02:15,UNVR,RG,3850,5,D,SQ,AK,F
15:02:15,UNVR,RG,3850,50,D,SQ,AK,F
15:02:15,UNVR,RG,3850,5,D,KK,AK,F
15:02:15,UNVR,RG,3850,10,D,NI,AK,F
15:02:15,UNVR,RG,3850,10,D,OD,AK,F
15:02:15,UNVR,RG,3850,5,D,YP,AK,F
15:02:15,UNVR,RG,3850,5,D,SQ,AK,F
15:02:15,UNVR,RG,3850,5,D,YP,AK,F
15:02:15,UNVR,RG,3850,8,D,GR,AK,F
15:02:15,UNVR,RG,3850,10,D,BQ,AK,F
15:02:15,UNVR,RG,3850,8,D,NI,AK,F
15:02:15,UNVR,RG,3850,5,D,NI,AK,F
15:02:15,UNVR,RG,3850,3,D,KK,AK,F
15:02:15,UNVR,RG,3850,9,D,XC,AK,F
15:02:15,UNVR,RG,3850,1,D,SQ,AK,F
15:02:15,UNVR,RG,3850,3,D,KK,AK,F
15:02:15,UNVR,RG,3850,1,D,TP,AK,F
15:02:15,UNVR,RG,3850,10,D,PD,AK,F
15:02:15,UNVR,RG,3850,2,D,XC,AK,F
15:02:15,UNVR,RG,3850,10,D,PD,AK,F
15:02:15,UNVR,RG,3850,2,D,YP,AK,F
15:02:15,UNVR,RG,3850,10,D,PD,AK,F
15:02:15,UNVR,RG,3850,1,D,CC,AK,F
15:02:15,UNVR,RG,3850,129,D,YP,AK,F
15:02:15,UNVR,RG,3850,1,D,XC,AK,F
15:02:15,UNVR,RG,3850,1,D,NI,AK,F
15:02:15,UNVR,RG,3850,4,D,CC,AK,F
15:02:15,UNVR,RG,3850,5,D,XC,AK,F
15:02:15,UNVR,RG,3850,64,D,PD,AK,F
15:02:15,UNVR,RG,3850,5,D,YP,AK,F
15:02:15,UNVR,RG,3850,1,D,PD,AK,F
15:02:15,UNVR,RG,3850,1,D,PD,AK,F
15:02:15,UNVR,RG,3850,26135,D,DH,AK,F
15:02:15,UNVR,RG,3850,6,D,PD,AK,F
15:02:15,UNVR,RG,3850,5,D,XC,AK,F
15:02:15,UNVR,RG,3850,2,D,PD,AK,F
15:02:15,UNVR,RG,3850,4,D,SQ,AK,F
15:02:15,UNVR,RG,3850,5,D,OD,AK,F
15:02:15,UNVR,RG,3850,2,D,XC,AK,F
15:02:15,UNVR,RG,3850,2,D,SQ,AK,F
15:02:15,UNVR,RG,3850,1,D,BQ,AK,F
15:02:15,UNVR,RG,3850,10,D,PD,AK,F
15:02:15,UNVR,RG,3850,5,D,XC,AK,F
15:02:15,UNVR,RG,3850,15,D,SQ,AK,F
15:02:15,UNVR,RG,3850,3,D,CC,AK,F
15:02:15,UNVR,RG,3850,1,D,XC,AK,F
15:02:15,UNVR,RG,3850,1,D,XC,AK,F
15:02:15,UNVR,RG,3850,10,D,PD,AK,F
15:02:15,UNVR,RG,3850,10,D,GR,AK,F
15:02:15,UNVR,RG,3850,100,D,AI,AK,F
15:02:15,UNVR,RG,3850,1,D,PD,AK,F
15:02:15,UNVR,RG,3850,5,D,XC,AK,F
15:02:15,UNVR,RG,3850,1,D,XC,AK,F
15:02:15,UNVR,RG,3850,25,D,SQ,AK,F
15:02:15,UNVR,RG,3850,5,D,XC,AK,F
15:02:15,UNVR,RG,3850,10,D,YP,AK,F
15:02:15,UNVR,RG,3850,1,D,YP,AK,F
15:02:15,UNVR,RG,3850,2,D,YP,AK,F
15:02:15,UNVR,RG,3850,1,D,XL,AK,F
15:02:15,UNVR,RG,3850,2,D,XC,AK,F
15:02:15,UNVR,RG,3850,2,D,XC,AK,F
15:02:15,UNVR,RG,3850,525,D,PD,AK,F
15:02:15,UNVR,RG,3850,2,D,KK,AK,F
15:02:15,UNVR,RG,3850,1,D,XC,AK,F
15:02:15,UNVR,RG,3850,5,D,XC,AK,F
15:02:15,UNVR,RG,3850,5,D,CC,AK,F
15:02:15,UNVR,RG,3850,1,D,CC,AK,F
15:02:15,UNVR,RG,3850,10,D,YP,AK,F
15:02:15,UNVR,RG,3850,1,D,XC,AK,F
15:02:15,UNVR,RG,3850,2,D,YP,AK,F
15:02:15,UNVR,RG,3850,2,D,XC,AK,F
15:02:15,UNVR,RG,3850,1,D,CC,AK,F
15:02:15,UNVR,RG,3850,5,D,XC,AK,F
15:02:15,UNVR,RG,3850,1,D,SQ,AK,F
15:02:15,UNVR,RG,3850,1,D,XC,AK,F
15:02:15,UNVR,RG,3850,1,D,CC,AK,F
15:02:15,UNVR,RG,3850,1,D,PD,AK,F
15:02:15,UNVR,RG,3850,1,D,CC,AK,F
15:02:15,UNVR,RG,3850,3,D,NI,AK,F
15:02:15,UNVR,RG,3850,1,D,IP,AK,F
15:02:15,UNVR,RG,3850,1,D,DH,AK,F
15:02:15,UNVR,RG,3850,50,D,SQ,AK,F
15:02:15,UNVR,RG,3850,20,D,YP,AK,F
15:02:15,UNVR,RG,3850,10000,D,SQ,AK,F
15:02:15,UNVR,RG,3850,5,D,OD,AK,F
15:02:15,UNVR,RG,3850,10,D,SQ,AK,F
15:02:15,UNVR,RG,3850,10,D,GR,AK,F
15:02:15,UNVR,RG,3850,100,D,GR,AK,F
15:02:15,UNVR,RG,3850,1,D,XC,AK,F
15:02:15,UNVR,RG,3850,2,D,YP,AK,F
15:02:15,UNVR,RG,3850,5,D,XC,AK,F
15:02:15,UNVR,RG,3850,1,D,XC,AK,F
15:02:15,UNVR,RG,3850,1,D,PD,AK,F
15:02:15,UNVR,RG,3850,1,D,PD,AK,F
15:02:15,UNVR,RG,3850,1,D,PD,AK,F
15:02:15,UNVR,RG,3850,80,D,CC,AK,F
15:02:15,UNVR,RG,3850,2,D,PD,AK,F
15:02:15,UNVR,RG,3850,5,D,PD,AK,F
15:02:15,UNVR,RG,3850,5,D,LG,AK,F
15:02:15,UNVR,RG,3850,3,D,CC,AK,F
15:02:15,UNVR,RG,3850,1,D,CC,AK,F
15:02:15,UNVR,RG,3850,1,D,PD,AK,F
15:02:15,UNVR,RG,3850,1,D,DH,AK,F
15:02:15,UNVR,RG,3850,500,D,GR,AK,F
15:02:15,UNVR,RG,3850,3,D,PD,AK,F
15:02:15,UNVR,RG,3850,50,D,GR,AK,F
15:02:15,UNVR,RG,3850,3,D,CC,AK,F
15:02:15,UNVR,RG,3850,1,D,XL,AK,F
15:02:15,UNVR,RG,3850,5,D,HP,AK,F
15:02:15,UNVR,RG,3850,3,D,XC,AK,F
15:02:15,UNVR,RG,3850,50,D,DH,AK,F
15:02:15,UNVR,RG,3850,10,D,DR,AK,F
15:02:15,UNVR,RG,3850,5,D,YP,AK,F
15:02:15,UNVR,RG,3850,1,D,CC,AK,F
15:02:15,UNVR,RG,3850,5,D,HP,AK,F
15:02:15,UNVR,RG,3850,1,D,CC,AK,F
15:02:15,UNVR,RG,3850,1,D,SQ,AK,F
15:02:15,UNVR,RG,3850,5,D,CC,AK,F
15:02:15,UNVR,RG,3850,1,D,YP,AK,F
15:02:15,UNVR,RG,3850,10,D,KK,AK,F
15:02:15,UNVR,RG,3850,5,D,XC,AK,F
15:02:15,UNVR,RG,3850,1,D,PD,AK,F
15:02:15,UNVR,RG,3850,1,D,YP,AK,F
15:02:15,UNVR,RG,3850,10,D,YP,AK,F
15:02:15,UNVR,RG,3850,1,D,CC,AK,F
15:02:15,UNVR,RG,3850,4,D,PD,AK,F
15:02:15,UNVR,RG,3850,1,D,PD,AK,F
15:02:15,UNVR,RG,3850,3,D,CC,AK,F
15:02:15,UNVR,RG,3850,10,D,PD,AK,F
15:02:15,UNVR,RG,3850,2,D,CD,AK,F
15:02:15,UNVR,RG,3850,2,D,YP,AK,F
15:02:15,UNVR,RG,3850,4,D,CC,AK,F
15:02:15,UNVR,RG,3850,1,D,NI,AK,F
15:02:15,UNVR,RG,3850,5,D,CC,AK,F
15:02:15,UNVR,RG,3850,1,D,YP,AK,F
15:02:15,UNVR,RG,3850,2,D,XC,AK,F
15:02:15,UNVR,RG,3850,2,D,PD,AK,F
15:02:15,UNVR,RG,3850,2500,D,DX,AK,F
15:02:15,UNVR,RG,3850,2,D,PD,AK,F
15:02:15,UNVR,RG,3850,1,D,XC,AK,F
15:02:15,UNVR,RG,3850,10,D,CC,AK,F
15:02:15,UNVR,RG,3850,20,D,YP,AK,F
15:02:15,UNVR,RG,3850,50,D,CC,AK,F
15:02:15,UNVR,RG,3850,1,D,XC,AK,F
15:02:15,UNVR,RG,3850,10,D,XL,AK,F
15:02:15,UNVR,RG,3850,12,D,PD,AK,F
15:02:15,UNVR,RG,3850,1,D,KK,AK,F
15:02:15,UNVR,RG,3850,10,D,YP,AK,F
15:02:15,UNVR,RG,3850,3,D,YP,AK,F
15:02:15,UNVR,RG,3850,2,D,CC,AK,F
15:02:15,UNVR,RG,3850,10,D,YP,AK,F
15:02:15,UNVR,RG,3850,1,D,YP,AK,F
15:02:15,UNVR,RG,3850,10,D,CC,AK,F
15:02:15,UNVR,RG,3850,1,D,YP,AK,F
15:02:15,UNVR,RG,3850,1,D,XC,AK,F
15:02:15,UNVR,RG,3850,5,D,OD,AK,F
15:02:15,UNVR,RG,3850,10,D,CC,AK,F
15:02:15,UNVR,RG,3850,1,D,NI,AK,F
15:02:15,UNVR,RG,3850,100,D,OD,AK,F
15:02:15,UNVR,RG,3850,10,D,CC,AK,F
15:02:15,UNVR,RG,3850,100,D,CC,AK,F
15:02:15,UNVR,RG,3850,51,D,NI,AK,F
15:02:15,UNVR,RG,3850,5,D,PD,AK,F
15:02:15,UNVR,RG,3850,1,D,NI,AK,F
15:02:15,UNVR,RG,3850,1,D,NI,AK,F
15:02:15,UNVR,RG,3850,50,D,CC,AK,F
15:02:15,UNVR,RG,3850,12,D,KK,AK,F
15:02:15,UNVR,RG,3850,20,D,NI,AK,F
15:02:15,UNVR,RG,3850,1,D,NI,AK,F
15:02:15,UNVR,RG,3850,5,D,NI,AK,F
15:02:15,UNVR,RG,3850,5,D,YP,AK,F
15:02:15,UNVR,RG,3850,1,D,CC,AK,F
15:02:15,UNVR,RG,3850,2,D,PD,AK,F
15:02:15,UNVR,RG,3850,7,D,YB,AK,F
15:02:15,UNVR,RG,3850,1,D,PD,AK,F
15:02:15,UNVR,RG,3850,5,D,XC,AK,F
15:02:15,UNVR,RG,3850,5,D,PD,AK,F
15:02:15,UNVR,RG,3850,500,D,CP,AK,F
15:02:15,UNVR,RG,3850,1,D,XA,AK,F
15:02:15,UNVR,RG,3850,2,D,XC,AK,F
15:02:15,UNVR,RG,3850,2,D,XL,AK,F
15:02:15,UNVR,RG,3850,3,D,XC,AK,F
15:02:15,UNVR,RG,3850,1,D,PD,AK,F
15:02:15,UNVR,RG,3850,5,D,CC,AK,F
15:02:15,UNVR,RG,3850,2,D,CC,AK,F
15:02:15,UNVR,RG,3850,12,D,SQ,AK,F
15:02:15,UNVR,RG,3850,300,D,YP,AK,F
15:02:15,UNVR,RG,3850,10,D,PD,AK,F
15:02:15,UNVR,RG,3850,15,D,ZP,AK,F
15:02:15,UNVR,RG,3850,10,D,KK,AK,F
15:02:15,UNVR,RG,3850,2,D,GR,AK,F
15:02:15,UNVR,RG,3850,1,D,BQ,AK,F
15:02:15,UNVR,RG,3850,5,D,PD,AK,F
15:02:15,UNVR,RG,3850,5,D,PD,AK,F
15:02:15,UNVR,RG,3850,1,D,XC,AK,F
15:02:15,UNVR,RG,3850,10,D,PD,AK,F
15:02:15,UNVR,RG,3850,3,D,CC,AK,F
15:02:15,UNVR,RG,3850,1,D,YP,AK,F
15:02:15,UNVR,RG,3850,2,D,YP,AK,F
15:02:15,UNVR,RG,3850,500,D,NI,AK,F
15:02:15,UNVR,RG,3850,10,D,LS,AK,F
15:02:15,UNVR,RG,3850,1,D,EP,AK,F
15:02:15,UNVR,RG,3850,5,D,PD,AK,F
15:02:15,UNVR,RG,3850,5,D,XC,AK,F
15:02:15,UNVR,RG,3850,30,D,DR,AK,F
15:02:15,UNVR,RG,3850,3,D,PD,AK,F
15:02:15,UNVR,RG,3850,1,D,OD,AK,F
15:02:15,UNVR,RG,3850,1,D,YB,AK,F
15:02:15,UNVR,RG,3850,1,D,XC,AK,F
15:02:15,UNVR,RG,3850,10,D,LG,AK,F
15:02:15,UNVR,RG,3850,2,D,OD,AK,F
15:02:15,UNVR,RG,3850,2,D,KK,AK,F
15:02:15,UNVR,RG,3850,1,D,CC,AK,F
15:02:15,UNVR,RG,3850,15,D,EP,AK,F
15:02:15,UNVR,RG,3850,1,D,AT,AK,F
15:02:15,UNVR,RG,3850,7,D,NI,AK,F
15:02:15,UNVR,RG,3850,70,D,TP,AK,F
15:02:15,UNVR,RG,3850,10,D,PD,AK,F
15:02:15,UNVR,RG,3850,1,D,PD,AK,F
15:02:15,UNVR,RG,3850,2,D,NI,AK,F
15:02:15,UNVR,RG,3850,5,D,SQ,AK,F
15:02:15,UNVR,RG,3850,5,D,AI,AK,F
15:02:15,UNVR,RG,3850,7,D,KK,AK,F
15:02:15,UNVR,RG,3850,1,D,EP,AK,F
15:02:15,UNVR,RG,3850,10,D,SQ,AK,F
15:02:15,UNVR,RG,3850,3,D,CC,AK,F
15:02:15,UNVR,RG,3850,1,D,XL,AK,F
15:02:15,UNVR,RG,3850,1,D,YP,AK,F
15:02:15,UNVR,RG,3850,2,D,PD,AK,F
15:02:15,UNVR,RG,3850,4,D,YP,AK,F
15:02:15,UNVR,RG,3850,3,D,XC,AK,F
15:02:15,UNVR,RG,3850,5,D,PD,AK,F
15:02:15,UNVR,RG,3850,1,D,BQ,AK,F
15:02:15,UNVR,RG,3850,20,D,LG,AK,F
15:02:15,UNVR,RG,3850,5,D,SQ,AK,F
15:02:15,UNVR,RG,3850,2,D,OD,AK,F
15:02:15,UNVR,RG,3850,1,D,GR,AK,F
15:02:15,UNVR,RG,3850,1,D,PD,AK,F
15:02:15,UNVR,RG,3850,1,D,YP,AK,F
15:02:15,UNVR,RG,3850,10,D,DR,AK,F
15:02:15,UNVR,RG,3850,5,D,CP,AK,F
15:02:15,UNVR,RG,3850,6,D,NI,AK,F
15:02:15,UNVR,RG,3850,1,D,YP,AK,F
15:02:15,UNVR,RG,3850,2,D,NI,AK,F
15:02:15,UNVR,RG,3850,10,D,XL,AK,F
15:02:15,UNVR,RG,3850,2,D,XC,AK,F
15:02:15,UNVR,RG,3850,1,D,XC,AK,F
15:02:15,UNVR,RG,3850,1,D,PD,AK,F
15:02:15,UNVR,RG,3850,500,D,CC,AK,F
15:02:15,UNVR,RG,3850,1560,D,CC,AK,F
15:02:15,UNVR,RG,3850,4,D,XC,AK,F
15:02:15,UNVR,RG,3850,2,D,KK,AK,F
15:02:15,UNVR,RG,3850,10,D,DR,AK,F
15:02:15,UNVR,RG,3850,260,D,SQ,AK,F
15:02:15,UNVR,RG,3850,1,D,XC,AK,F
15:02:15,UNVR,RG,3850,1,D,KK,AK,F
15:02:15,UNVR,RG,3850,1,D,XC,AK,F
15:02:15,UNVR,RG,3850,20,D,NI,AK,F
15:02:15,UNVR,RG,3850,1,D,YU,AK,F
15:02:15,UNVR,RG,3850,10,D,YP,AK,F
15:02:15,UNVR,RG,3850,10,D,DR,AK,F
15:02:15,UNVR,RG,3850,1,D,XC,AK,F
15:02:15,UNVR,RG,3850,6,D,YP,AK,F
15:02:15,UNVR,RG,3850,10,D,DR,AK,F
15:02:15,UNVR,RG,3850,20,D,YP,AK,F
15:02:15,UNVR,RG,3850,18,D,NI,AK,F
15:02:15,UNVR,RG,3850,1,D,CC,AK,F
15:02:15,UNVR,RG,3850,50,D,SQ,AK,F
15:02:15,UNVR,RG,3850,10,D,GR,AK,F
15:02:15,UNVR,RG,3850,1,D,NI,AK,F
15:02:15,UNVR,RG,3850,2,D,HP,AK,F
15:02:15,UNVR,RG,3850,10,D,AZ,AK,F
15:02:15,UNVR,RG,3850,100,D,PD,AK,F
15:02:15,UNVR,RG,3850,10,D,LG,AK,F
15:02:15,UNVR,RG,3850,5,D,CC,AK,F
15:02:15,UNVR,RG,3850,2,D,IF,AK,F
15:02:15,UNVR,RG,3850,3,D,YP,AK,F
15:02:15,UNVR,RG,3850,3268,D,BQ,AK,F
15:01:57,UNVR,RG,3850,9,D,BQ,XL,D
15:01:30,UNVR,RG,3850,1,D,BQ,CC,D
15:01:12,UNVR,RG,3850,2,D,BQ,PD,D
15:01:07,UNVR,RG,3850,1,D,BQ,PD,D
15:01:00,UNVR,RG,3850,1,D,BQ,XC,D
15:01:00,UNVR,RG,3850,3,D,BQ,XC,D
15:01:00,UNVR,RG,3850,2,D,BQ,XC,D
15:01:00,UNVR,RG,3850,1,D,BQ,AT,D
15:00:00,UNVR,RG,3850,30,D,BQ,YP,D
15:00:00,UNVR,RG,3850,1,D,BQ,CC,D
15:00:00,UNVR,RG,3850,117,D,BQ,YP,D
15:00:00,UNVR,RG,3850,5,D,BQ,PD,D
15:00:00,UNVR,RG,3850,3,D,BQ,YP,D
15:00:00,UNVR,RG,3850,5,D,BQ,XC,D
15:00:00,UNVR,RG,3850,1,D,BQ,AT,D
15:00:00,UNVR,RG,3850,5,D,BQ,SQ,D
15:00:00,UNVR,RG,3850,15,D,BQ,CC,D
15:00:00,UNVR,RG,3850,23,D,BQ,XC,D
15:00:00,UNVR,RG,3850,1,D,BQ,XC,D
15:00:00,UNVR,RG,3850,5,D,BQ,PD,D
15:00:00,UNVR,RG,3850,10,D,BQ,CC,D
15:00:00,UNVR,RG,3850,65,D,BQ,DH,D
15:00:00,UNVR,RG,3850,25,D,BQ,PD,D
15:00:00,UNVR,RG,3850,12,D,BQ,YP,D
15:00:00,UNVR,RG,3850,3,D,BQ,NI,D
15:00:00,UNVR,RG,3850,1,D,BQ,XC,D
15:00:00,UNVR,RG,3850,1000,D,BQ,AK,F
15:00:00,UNVR,RG,3850,8,D,BQ,CC,D
15:00:00,UNVR,RG,3850,2000,D,BQ,AK,F
15:00:00,UNVR,RG,3850,129,D,BQ,NI,D
15:00:00,UNVR,RG,3850,5,D,BQ,PD,D
15:00:00,UNVR,RG,3850,20,D,BQ,CC,D
15:00:00,UNVR,RG,3850,100,D,BQ,CC,D
15:00:00,UNVR,RG,3850,1,D,BQ,XA,D
15:00:00,UNVR,RG,3850,50,D,BQ,YP,D
15:00:00,UNVR,RG,3850,3072,D,BQ,CC,D
15:00:00,UNVR,RG,3850,1,D,NI,CC,D
15:00:00,UNVR,RG,3850,10,D,YP,CC,D
15:00:00,UNVR,RG,3850,1,D,XC,CC,D
15:00:00,UNVR,RG,3850,20,D,SQ,CC,D
15:00:00,UNVR,RG,3850,1,D,PD,CC,D
15:00:00,UNVR,RG,3850,1,D,YP,CC,D
15:00:00,UNVR,RG,3850,3,D,SQ,CC,D
15:00:00,UNVR,RG,3850,2,D,PD,CC,D
15:00:00,UNVR,RG,3850,1,D,YP,CC,D
15:00:00,UNVR,RG,3850,4,D,PD,CC,D
15:00:00,UNVR,RG,3850,1,D,YP,CC,D
15:00:00,UNVR,RG,3850,1,D,XC,CC,D
15:00:00,UNVR,RG,3850,51,D,YP,CC,D
15:00:00,UNVR,RG,3850,39,D,SQ,CC,D
15:00:00,UNVR,RG,3850,1,D,PD,CC,D
15:00:00,UNVR,RG,3850,1,D,XC,CC,D
15:00:00,UNVR,RG,3850,500,D,DR,CC,D
15:00:00,UNVR,RG,3850,10,D,TP,CC,D
15:00:00,UNVR,RG,3850,1,D,PD,CC,D
15:00:00,UNVR,RG,3850,10,D,CP,CC,D
15:00:00,UNVR,RG,3850,1,D,PD,CC,D
15:00:00,UNVR,RG,3850,2,D,PD,CC,D
15:00:00,UNVR,RG,3850,150,D,CC,CC,D
15:00:00,UNVR,RG,3850,1,D,CC,CC,D
15:00:00,UNVR,RG,3850,25,F,DH,CC,D
15:00:00,UNVR,RG,3850,200,D,PD,CC,D
15:00:00,UNVR,RG,3850,7,D,CC,CC,D
15:00:00,UNVR,RG,3850,2,D,KK,CC,D
15:00:00,UNVR,RG,3850,1,D,YP,CC,D
15:00:00,UNVR,RG,3850,3,D,CC,CC,D
15:00:00,UNVR,RG,3850,11,D,CC,CC,D
15:00:00,UNVR,RG,3850,5,D,NI,CC,D
15:00:00,UNVR,RG,3850,2,D,PD,CC,D
15:00:00,UNVR,RG,3850,60,D,PD,CC,D
15:00:00,UNVR,RG,3850,25,D,AZ,CC,D
15:00:00,UNVR,RG,3850,3,D,PD,CC,D
15:00:00,UNVR,RG,3850,1,D,PD,CC,D
15:00:00,UNVR,RG,3850,5,D,SQ,CC,D
15:00:00,UNVR,RG,3850,5,D,YP,CC,D
15:00:00,UNVR,RG,3850,10,D,BQ,CC,D
15:00:00,UNVR,RG,3850,1,D,YP,CC,D
15:00:00,UNVR,RG,3850,1,D,PD,CC,D
15:00:00,UNVR,RG,3850,1,D,PD,CC,D
15:00:00,UNVR,RG,3850,1,D,XC,CC,D
15:00:00,UNVR,RG,3850,1,D,PD,CC,D
15:00:00,UNVR,RG,3850,1,D,NI,CC,D
15:00:00,UNVR,RG,3850,25,D,NI,CC,D
15:00:00,UNVR,RG,3850,1,D,YU,CC,D
15:00:00,UNVR,RG,3850,1,D,XC,CC,D
15:00:00,UNVR,RG,3850,3,D,NI,CC,D
15:00:00,UNVR,RG,3850,20,D,PD,CC,D
15:00:00,UNVR,RG,3850,3,D,PD,CC,D
15:00:00,UNVR,RG,3850,1,D,NI,CC,D
15:00:00,UNVR,RG,3850,1,D,XC,CC,D
15:00:00,UNVR,RG,3850,1,D,YU,CC,D
15:00:00,UNVR,RG,3850,4,D,PD,CC,D
15:00:00,UNVR,RG,3850,10,D,CC,CC,D
15:00:00,UNVR,RG,3850,1,D,YP,CC,D
15:00:00,UNVR,RG,3850,3,D,PD,CC,D
15:00:00,UNVR,RG,3850,15,D,YP,CC,D
15:00:00,UNVR,RG,3850,2,D,NI,CC,D
15:00:00,UNVR,RG,3850,20,D,YP,CC,D
15:00:00,UNVR,RG,3850,1,D,CC,CC,D
15:00:00,UNVR,RG,3850,20,D,GR,CC,D
15:00:00,UNVR,RG,3850,51,F,YP,CC,D
15:00:00,UNVR,RG,3850,2,D,CP,CC,D
15:00:00,UNVR,RG,3850,6,D,YP,CC,D
15:00:00,UNVR,RG,3850,1,D,YP,CC,D
15:00:00,UNVR,RG,3850,3,D,IF,CC,D
15:00:00,UNVR,RG,3850,4,D,YP,CC,D
15:00:00,UNVR,RG,3850,1,D,CC,CC,D
15:00:00,UNVR,RG,3850,1,D,YP,CC,D
15:00:00,UNVR,RG,3850,5,D,YP,CC,D
15:00:00,UNVR,RG,3850,2,D,XC,CC,D
15:00:00,UNVR,RG,3850,1,D,XC,CC,D
15:00:00,UNVR,RG,3850,1,D,PD,CC,D
15:00:00,UNVR,RG,3850,10,D,NI,CC,D
15:00:00,UNVR,RG,3850,1,D,DX,CC,D
15:00:00,UNVR,RG,3850,2,D,PD,CC,D
15:00:00,UNVR,RG,3850,20,D,SQ,CC,D
15:00:00,UNVR,RG,3850,1,D,PD,CC,D
15:00:00,UNVR,RG,3850,1,D,PD,CC,D
15:00:00,UNVR,RG,3850,3,D,DR,CC,D
15:00:00,UNVR,RG,3850,2,D,YP,CC,D
15:00:00,UNVR,RG,3850,1,D,PD,CC,D
15:00:00,UNVR,RG,3850,1,D,XC,CC,D
15:00:00,UNVR,RG,3850,2,D,XC,CC,D
15:00:00,UNVR,RG,3850,1,D,YP,CC,D
15:00:00,UNVR,RG,3850,1,D,NI,CC,D
15:00:00,UNVR,RG,3850,2,D,NI,CC,D
15:00:00,UNVR,RG,3850,1,D,NI,CC,D
15:00:00,UNVR,RG,3850,20,D,YP,CC,D
15:00:00,UNVR,RG,3850,50,D,CC,CC,D
15:00:00,UNVR,RG,3850,15,D,YP,CC,D
15:00:00,UNVR,RG,3850,16,D,XC,CC,D
15:00:00,UNVR,RG,3850,25,D,YP,CC,D
15:00:00,UNVR,RG,3850,25,D,YU,CC,D
15:00:00,UNVR,RG,3850,1,D,PD,CC,D
15:00:00,UNVR,RG,3850,100,D,IU,CC,D
15:00:00,UNVR,RG,3850,20,D,EP,CC,D
15:00:00,UNVR,RG,3850,20,D,YP,CC,D
15:00:00,UNVR,RG,3850,1,D,DR,CC,D
15:00:00,UNVR,RG,3850,2,D,NI,CC,D
15:00:00,UNVR,RG,3850,5,D,PD,CC,D
15:00:00,UNVR,RG,3850,5,D,YP,CC,D
15:00:00,UNVR,RG,3850,2,D,YP,CC,D
15:00:00,UNVR,RG,3850,1,D,AT,CC,D
15:00:00,UNVR,RG,3850,100,D,EP,CC,D
15:00:00,UNVR,RG,3850,1,D,XL,CC,D
15:00:00,UNVR,RG,3850,1,D,SQ,CC,D
15:00:00,UNVR,RG,3850,1,D,PD,CC,D
15:00:00,UNVR,RG,3850,2,D,EP,CC,D
15:00:00,UNVR,RG,3850,1,D,XC,CC,D
15:00:00,UNVR,RG,3850,5,D,SQ,CC,D
15:00:00,UNVR,RG,3850,10,D,PD,CC,D
15:00:00,UNVR,RG,3850,1,D,PD,CC,D
15:00:00,UNVR,RG,3850,10,D,CC,CC,D
15:00:00,UNVR,RG,3850,1,D,MU,CC,D
15:00:00,UNVR,RG,3850,1,D,NI,CC,D
15:00:00,UNVR,RG,3850,1,D,PD,CC,D
15:00:00,UNVR,RG,3850,7,D,XC,CC,D
15:00:00,UNVR,RG,3850,1,D,NI,CC,D
15:00:00,UNVR,RG,3850,1,D,PD,CC,D
15:00:00,UNVR,RG,3850,1,D,XC,CC,D
15:00:00,UNVR,RG,3850,10,D,PD,CC,D
15:00:00,UNVR,RG,3850,1,D,NI,CC,D
15:00:00,UNVR,RG,3850,1,D,LG,CC,D
15:00:00,UNVR,RG,3850,10,D,XL,CC,D
15:00:00,UNVR,RG,3850,1,D,PD,CC,D
15:00:00,UNVR,RG,3850,3,D,GR,CC,D
15:00:00,UNVR,RG,3850,10,D,NI,CC,D
15:00:00,UNVR,RG,3850,30,D,YP,CC,D
15:00:00,UNVR,RG,3850,100,D,YP,CC,D
15:00:00,UNVR,RG,3850,1,D,PD,CC,D
15:00:00,UNVR,RG,3850,5,D,SQ,CC,D
15:00:00,UNVR,RG,3850,2,D,YP,CC,D
15:00:00,UNVR,RG,3850,311,D,GR,CC,D
15:00:00,UNVR,RG,3850,10,D,KK,CC,D
15:00:00,UNVR,RG,3850,29,F,NI,CC,D
15:00:00,UNVR,RG,3850,3,D,XC,CC,D
15:00:00,UNVR,RG,3850,5,D,PD,CC,D
15:00:00,UNVR,RG,3850,15,D,AT,CC,D
15:00:00,UNVR,RG,3850,50,D,CC,CC,D
15:00:00,UNVR,RG,3850,5,D,XC,CC,D
15:00:00,UNVR,RG,3850,10,D,GR,CC,D
15:00:00,UNVR,RG,3850,10,D,XC,CC,D
15:00:00,UNVR,RG,3850,1,D,PD,CC,D
15:00:00,UNVR,RG,3850,1,D,XC,CC,D
15:00:00,UNVR,RG,3850,5,D,XC,CC,D
15:00:00,UNVR,RG,3850,2,D,SQ,CC,D
15:00:00,UNVR,RG,3850,2,D,NI,CC,D
15:00:00,UNVR,RG,3850,1,D,XC,CC,D
15:00:00,UNVR,RG,3850,20,D,DH,CC,D
15:00:00,UNVR,RG,3850,10,D,SQ,CC,D
15:00:00,UNVR,RG,3850,10,D,XC,CC,D
15:00:00,UNVR,RG,3850,1,D,XC,CC,D
15:00:00,UNVR,RG,3850,1,D,NI,CC,D
15:00:00,UNVR,RG,3850,2,D,YP,CC,D
15:00:00,UNVR,RG,3850,3,D,PD,CC,D
15:00:00,UNVR,RG,3850,1,D,CC,CC,D
15:00:00,UNVR,RG,3850,1,D,GR,CC,D
15:00:00,UNVR,RG,3850,5,D,AI,CC,D
15:00:00,UNVR,RG,3850,5,D,XC,CC,D
15:00:00,UNVR,RG,3850,2,D,XC,CC,D
15:00:00,UNVR,RG,3850,1,D,XL,CC,D
15:00:00,UNVR,RG,3850,1,D,OD,CC,D
15:00:00,UNVR,RG,3850,5,D,CC,CC,D
15:00:00,UNVR,RG,3850,1,D,PD,CC,D
15:00:00,UNVR,RG,3850,5,D,EP,CC,D
15:00:00,UNVR,RG,3850,4,D,KK,CC,D
15:00:00,UNVR,RG,3850,5,D,YP,CC,D
15:00:00,UNVR,RG,3850,260,D,AI,CC,D
15:00:00,UNVR,RG,3850,10,D,ES,CC,D
15:00:00,UNVR,RG,3850,1,D,XC,CC,D
15:00:00,UNVR,RG,3850,1,D,PD,CC,D
15:00:00,UNVR,RG,3850,1,D,YP,CC,D
15:00:00,UNVR,RG,3850,1,D,PD,CC,D
15:00:00,UNVR,RG,3850,1,D,XC,CC,D
15:00:00,UNVR,RG,3850,1,D,YP,CC,D
15:00:00,UNVR,RG,3850,1,D,PD,CC,D
15:00:00,UNVR,RG,3850,2,D,SQ,CC,D
15:00:00,UNVR,RG,3850,3,D,PD,CC,D
15:00:00,UNVR,RG,3850,25,D,LS,CC,D
15:00:00,UNVR,RG,3850,1,D,NI,CC,D
15:00:00,UNVR,RG,3850,10,D,OD,CC,D
15:00:00,UNVR,RG,3850,20,D,YP,CC,D
15:00:00,UNVR,RG,3850,1,D,PD,CC,D
15:00:00,UNVR,RG,3850,1,D,KK,CC,D
15:00:00,UNVR,RG,3850,10,D,PD,CC,D
15:00:00,UNVR,RG,3850,3,D,XC,CC,D
15:00:00,UNVR,RG,3850,1,D,XC,CC,D
15:00:00,UNVR,RG,3850,1,D,PD,CC,D
15:00:00,UNVR,RG,3850,5,D,GR,CC,D
15:00:00,UNVR,RG,3850,1,D,CC,CC,D
15:00:00,UNVR,RG,3850,1,D,PD,CC,D
15:00:00,UNVR,RG,3850,10,D,TP,CC,D
15:00:00,UNVR,RG,3850,1,D,YP,CC,D
15:00:00,UNVR,RG,3850,7,D,DR,CC,D
15:00:00,UNVR,RG,3850,5,D,PD,CC,D
15:00:00,UNVR,RG,3850,2,D,NI,CC,D
15:00:00,UNVR,RG,3850,5,D,PD,CC,D
15:00:00,UNVR,RG,3850,2,D,YP,CC,D
15:00:00,UNVR,RG,3850,1,D,XL,CC,D
15:00:00,UNVR,RG,3850,3,D,PD,CC,D
15:00:00,UNVR,RG,3850,2,D,NI,CC,D
15:00:00,UNVR,RG,3850,3,D,XC,CC,D
15:00:00,UNVR,RG,3850,1,D,PD,CC,D
15:00:00,UNVR,RG,3850,4,D,YP,CC,D
15:00:00,UNVR,RG,3850,1,D,PD,CC,D
15:00:00,UNVR,RG,3850,3,D,YP,CC,D
15:00:00,UNVR,RG,3850,80,D,XC,CC,D
15:00:00,UNVR,RG,3850,10,D,YP,CC,D
15:00:00,UNVR,RG,3850,3,D,NI,CC,D
15:00:00,UNVR,RG,3850,2,D,LG,CC,D
15:00:00,UNVR,RG,3850,50,D,CC,CC,D
15:00:00,UNVR,RG,3850,1,D,KK,CC,D
15:00:00,UNVR,RG,3850,58,D,YP,CC,D
15:00:00,UNVR,RG,3850,2,D,PD,CC,D
15:00:00,UNVR,RG,3850,5,D,NI,CC,D
15:00:00,UNVR,RG,3850,2,D,NI,CC,D
15:00:00,UNVR,RG,3850,50,D,CC,CC,D
15:00:00,UNVR,RG,3850,26,D,YP,CC,D
15:00:00,UNVR,RG,3850,50,D,YP,CC,D
15:00:00,UNVR,RG,3850,1,D,YP,CC,D
15:00:00,UNVR,RG,3850,12,D,YP,CC,D
15:00:00,UNVR,RG,3850,6,D,YP,CC,D
15:00:00,UNVR,RG,3850,100,D,YP,CC,D
15:00:00,UNVR,RG,3850,2,D,YP,CC,D
15:00:00,UNVR,RG,3850,1,D,YP,CC,D
15:00:00,UNVR,RG,3850,20,D,YP,CC,D
15:00:00,UNVR,RG,3850,2,D,YP,CC,D
15:00:00,UNVR,RG,3850,1,D,YP,CC,D
15:00:00,UNVR,RG,3850,1,D,YP,CC,D
15:00:00,UNVR,RG,3850,1,D,YP,CC,D
15:00:00,UNVR,RG,3850,1,D,YP,CC,D
15:00:00,UNVR,RG,3850,1,D,YP,CC,D
15:00:00,UNVR,RG,3850,1,D,YP,CC,D
15:00:00,UNVR,RG,3850,5,D,YP,CC,D
15:00:00,UNVR,RG,3850,5,D,YP,CC,D
15:00:00,UNVR,RG,3850,10,D,YP,CC,D
15:00:00,UNVR,RG,3850,30,D,YP,CC,D
15:00:00,UNVR,RG,3850,5,D,YP,CC,D
15:00:00,UNVR,RG,3850,5,D,YP,CC,D
15:00:00,UNVR,RG,3850,5,D,YP,CC,D
15:00:00,UNVR,RG,3850,1,D,YP,CC,D
15:00:00,UNVR,RG,3850,5,D,YP,CC,D
15:00:00,UNVR,RG,3850,1,D,YP,CC,D
15:00:00,UNVR,RG,3850,8,D,YP,CC,D
15:00:00,UNVR,RG,3850,15,D,YP,CC,D
15:00:00,UNVR,RG,3850,10,D,YP,CC,D
15:00:00,UNVR,RG,3850,8,D,YP,CC,D
15:00:00,UNVR,RG,3850,2,D,YP,CC,D
15:00:00,UNVR,RG,3850,1,D,XC,CC,D
15:00:00,UNVR,RG,3850,1,D,XC,CC,D
15:00:00,UNVR,RG,3850,500,D,CC,CC,D
15:00:00,UNVR,RG,3850,3,D,CC,CC,D
15:00:00,UNVR,RG,3850,2,D,XC,CC,D
15:00:00,UNVR,RG,3850,2,D,XC,CC,D
15:00:00,UNVR,RG,3850,1,D,XC,CC,D
15:00:00,UNVR,RG,3850,1,D,CC,CC,D
15:00:00,UNVR,RG,3850,50,D,XC,CC,D
15:00:00,UNVR,RG,3850,50,D,CC,CC,D
15:00:00,UNVR,RG,3850,1,D,CC,CC,D
15:00:00,UNVR,RG,3850,10,D,CC,CC,D
15:00:00,UNVR,RG,3850,1,D,XC,CC,D
15:00:00,UNVR,RG,3850,1,D,XC,CC,D
15:00:00,UNVR,RG,3850,2,D,XC,CC,D
15:00:00,UNVR,RG,3850,5,D,XC,CC,D
15:00:00,UNVR,RG,3850,2,D,XC,CC,D
15:00:00,UNVR,RG,3850,1,D,CC,CC,D
15:00:00,UNVR,RG,3850,10,D,CC,CC,D
15:00:00,UNVR,RG,3850,2,D,CC,CC,D
15:00:00,UNVR,RG,3850,7,D,CC,CC,D
15:00:00,UNVR,RG,3850,1,D,CC,CC,D
15:00:00,UNVR,RG,3850,12,D,XC,CC,D
15:00:00,UNVR,RG,3850,1,D,XC,CC,D
15:00:00,UNVR,RG,3850,3,D,XC,CC,D
15:00:00,UNVR,RG,3850,1,D,XC,CC,D
15:00:00,UNVR,RG,3850,10,D,CC,CC,D
15:00:00,UNVR,RG,3850,1,D,XC,CC,D
15:00:00,UNVR,RG,3850,1,D,XC,CC,D
15:00:00,UNVR,RG,3850,3,D,XC,CC,D
15:00:00,UNVR,RG,3850,3,D,XC,CC,D
15:00:00,UNVR,RG,3850,2,D,XC,CC,D
15:00:00,UNVR,RG,3850,1,D,XC,CC,D
15:00:00,UNVR,RG,3850,5,D,XC,CC,D
15:00:00,UNVR,RG,3850,1,D,XL,CC,D
15:00:00,UNVR,RG,3850,4,D,XL,CC,D
15:00:00,UNVR,RG,3850,2,D,PD,CC,D
15:00:00,UNVR,RG,3850,50,D,CC,CC,D
15:00:00,UNVR,RG,3850,5,D,CC,CC,D
15:00:00,UNVR,RG,3850,5,D,CC,CC,D
15:00:00,UNVR,RG,3850,5,D,CC,CC,D
15:00:00,UNVR,RG,3850,5,D,CC,CC,D
15:00:00,UNVR,RG,3850,10,D,CC,CC,D
15:00:00,UNVR,RG,3850,1,D,CC,CC,D
15:00:00,UNVR,RG,3850,1,D,CC,CC,D
15:00:00,UNVR,RG,3850,1,D,CC,CC,D
15:00:00,UNVR,RG,3850,1,D,PD,CC,D
15:00:00,UNVR,RG,3850,3,D,SQ,CC,D
15:00:00,UNVR,RG,3850,1,D,PD,CC,D
15:00:00,UNVR,RG,3850,5,D,PD,CC,D
15:00:00,UNVR,RG,3850,1,D,XL,CC,D
15:00:00,UNVR,RG,3850,2,D,XL,CC,D
15:00:00,UNVR,RG,3850,10,D,PD,CC,D
15:00:00,UNVR,RG,3850,2,D,PD,CC,D
15:00:00,UNVR,RG,3850,10,D,YJ,CC,D
15:00:00,UNVR,RG,3850,50,D,CP,CC,D
15:00:00,UNVR,RG,3850,10,D,CP,CC,D
15:00:00,UNVR,RG,3850,1,D,DH,CC,D
15:00:00,UNVR,RG,3850,2,D,PD,CC,D
15:00:00,UNVR,RG,3850,4,D,PD,CC,D
15:00:00,UNVR,RG,3850,5,D,XL,CC,D
15:00:00,UNVR,RG,3850,2,D,PD,CC,D
15:00:00,UNVR,RG,3850,2,D,PD,CC,D
15:00:00,UNVR,RG,3850,1,D,PD,CC,D
15:00:00,UNVR,RG,3850,10,D,PD,CC,D
15:00:00,UNVR,RG,3850,1,D,PD,CC,D
15:00:00,UNVR,RG,3850,3,D,PD,CC,D
15:00:00,UNVR,RG,3850,1,D,DR,CC,D
15:00:00,UNVR,RG,3850,2,D,DR,CC,D
15:00:00,UNVR,RG,3850,4,D,KK,CC,D
15:00:00,UNVR,RG,3850,20,D,KK,CC,D
15:00:00,UNVR,RG,3850,2,D,DR,CC,D
15:00:00,UNVR,RG,3850,1,D,LG,CC,D
15:00:00,UNVR,RG,3850,2,D,PD,CC,D
15:00:00,UNVR,RG,3850,5,D,LG,CC,D
15:00:00,UNVR,RG,3850,2,D,LG,CC,D
15:00:00,UNVR,RG,3850,1,D,GR,CC,D
15:00:00,UNVR,RG,3850,2,D,GR,CC,D
15:00:00,UNVR,RG,3850,20,D,SQ,CC,D
15:00:00,UNVR,RG,3850,1,D,KK,CC,D
15:00:00,UNVR,RG,3850,3,D,CC,CC,D
15:00:00,UNVR,RG,3850,1,D,SQ,CC,D
15:00:00,UNVR,RG,3850,1,D,SQ,CC,D
15:00:00,UNVR,RG,3850,30,D,EP,CC,D
15:00:00,UNVR,RG,3850,10,D,SQ,CC,D
15:00:00,UNVR,RG,3850,20,D,PD,CC,D
15:00:00,UNVR,RG,3850,50,D,SQ,CC,D
15:00:00,UNVR,RG,3850,5,D,PD,CC,D
15:00:00,UNVR,RG,3850,1,D,SQ,CC,D
15:00:00,UNVR,RG,3850,1,D,PD,CC,D
15:00:00,UNVR,RG,3850,1,D,SQ,CC,D
15:00:00,UNVR,RG,3850,2,D,PD,CC,D
15:00:00,UNVR,RG,3850,10,D,SQ,CC,D
15:00:00,UNVR,RG,3850,10,D,PD,CC,D
15:00:00,UNVR,RG,3850,1,D,PD,CC,D
15:00:00,UNVR,RG,3850,3,D,PD,CC,D
15:00:00,UNVR,RG,3850,8,D,AZ,CC,D
15:00:00,UNVR,RG,3850,1,D,AZ,CC,D
15:00:00,UNVR,RG,3850,2,D,PD,CC,D
15:00:00,UNVR,RG,3850,1,D,PD,CC,D
15:00:00,UNVR,RG,3850,5,D,PD,CC,D
15:00:00,UNVR,RG,3850,5,D,PD,CC,D
15:00:00,UNVR,RG,3850,3,D,XL,CC,D
15:00:00,UNVR,RG,3850,2,D,PD,CC,D
15:00:00,UNVR,RG,3850,2,D,PD,CC,D
15:00:00,UNVR,RG,3850,1,D,PD,CC,D
15:00:00,UNVR,RG,3850,1,D,GR,CC,D
15:00:00,UNVR,RG,3850,1,D,GR,CC,D
15:00:00,UNVR,RG,3850,1,D,PD,CC,D
15:00:00,UNVR,RG,3850,2,D,KK,CC,D
15:00:00,UNVR,RG,3850,10,D,PD,CC,D
15:00:00,UNVR,RG,3850,2,D,PD,CC,D
15:00:00,UNVR,RG,3850,10,D,GR,CC,D
15:00:00,UNVR,RG,3850,5,D,PD,CC,D
15:00:00,UNVR,RG,3850,3,D,PD,CC,D
15:00:00,UNVR,RG,3850,5,D,PD,CC,D
15:00:00,UNVR,RG,3850,1,D,AN,CC,D
15:00:00,UNVR,RG,3850,1,D,PD,CC,D
15:00:00,UNVR,RG,3850,1,D,PD,CC,D
15:00:00,UNVR,RG,3850,2,D,PD,CC,D
15:00:00,UNVR,RG,3850,1,D,PD,CC,D
15:00:00,UNVR,RG,3850,2,D,PD,CC,D
15:00:00,UNVR,RG,3850,1,D,PD,CC,D
15:00:00,UNVR,RG,3850,1,D,PD,CC,D
15:00:00,UNVR,RG,3850,1,D,KK,CC,D
15:00:00,UNVR,RG,3850,10,D,KK,CC,D
15:00:00,UNVR,RG,3850,1,D,PD,CC,D
15:00:00,UNVR,RG,3850,5,D,PD,CC,D
15:00:00,UNVR,RG,3850,2,D,PD,CC,D
15:00:00,UNVR,RG,3850,5,D,EP,CC,D
15:00:00,UNVR,RG,3850,14,D,KK,CC,D
15:00:00,UNVR,RG,3850,20,F,LG,CC,D
15:00:00,UNVR,RG,3850,1,D,OD,CC,D
15:00:00,UNVR,RG,3850,5,D,KK,CC,D
15:00:00,UNVR,RG,3850,15,D,KK,CC,D
15:00:00,UNVR,RG,3850,1,D,DH,CC,D
15:00:00,UNVR,RG,3850,2,D,PD,CC,D
15:00:00,UNVR,RG,3850,1,D,DH,CC,D
15:00:00,UNVR,RG,3850,5,D,DH,CC,D
15:00:00,UNVR,RG,3850,5,D,SQ,CC,D
15:00:00,UNVR,RG,3850,1,D,DH,CC,D
15:00:00,UNVR,RG,3850,1,D,AT,CC,D
15:00:00,UNVR,RG,3850,20,D,PD,CC,D
15:00:00,UNVR,RG,3850,5,D,OD,CC,D
15:00:00,UNVR,RG,3850,2,D,PD,CC,D
15:00:00,UNVR,RG,3850,5,D,GR,CC,D
15:00:00,UNVR,RG,3850,5,D,EP,CC,D
15:00:00,UNVR,RG,3850,41,D,EP,CC,D
15:00:00,UNVR,RG,3850,5,D,YU,CC,D
15:00:00,UNVR,RG,3850,25,D,DR,CC,D
15:00:00,UNVR,RG,3850,3,D,GR,CC,D
15:00:00,UNVR,RG,3850,25,D,OD,CC,D
15:00:00,UNVR,RG,3850,10,D,TF,CC,D
15:00:00,UNVR,RG,3850,3,D,GR,CC,D
15:00:00,UNVR,RG,3850,1,D,PD,CC,D
15:00:00,UNVR,RG,3850,2,D,CP,CC,D
15:00:00,UNVR,RG,3850,2,D,CP,CC,D
15:00:00,UNVR,RG,3850,200,D,CP,CC,D
15:00:00,UNVR,RG,3850,50,D,BQ,CC,D
15:00:00,UNVR,RG,3850,3000,D,AZ,CC,D
15:00:00,UNVR,RG,3850,2,D,PC,CC,D
15:00:00,UNVR,RG,3850,2,D,FS,CC,D
15:00:00,UNVR,RG,3850,5,D,EP,CC,D
15:00:00,UNVR,RG,3850,1,D,OD,CC,D
15:00:00,UNVR,RG,3850,2,D,PD,CC,D
15:00:00,UNVR,RG,3850,2,D,XC,CC,D
15:00:00,UNVR,RG,3850,10,D,PD,CC,D
15:00:00,UNVR,RG,3850,1,D,PD,CC,D
15:00:00,UNVR,RG,3850,13,D,LG,CC,D
15:00:00,UNVR,RG,3850,7,D,NI,CC,D
15:00:00,UNVR,RG,3850,2,D,PD,CC,D
15:00:00,UNVR,RG,3850,1,D,PD,CC,D
15:00:00,UNVR,RG,3850,1,D,XC,CC,D
15:00:00,UNVR,RG,3850,2,D,YP,CC,D
15:00:00,UNVR,RG,3850,10,D,AT,CC,D
15:00:00,UNVR,RG,3850,1,D,YP,CC,D
15:00:00,UNVR,RG,3850,5,D,PD,CC,D
15:00:00,UNVR,RG,3850,1,D,SQ,CC,D
15:00:00,UNVR,RG,3850,2,D,PD,CC,D
15:00:00,UNVR,RG,3850,3,D,YP,CC,D
15:00:00,UNVR,RG,3850,1,D,YP,CC,D
15:00:00,UNVR,RG,3850,100,D,CC,CC,D
15:00:00,UNVR,RG,3850,5,D,NI,CC,D
15:00:00,UNVR,RG,3850,1,D,CC,CC,D
15:00:00,UNVR,RG,3850,130,D,SQ,CC,D
15:00:00,UNVR,RG,3850,26,D,CC,CC,D
15:00:00,UNVR,RG,3850,2,D,BQ,CC,D
15:00:00,UNVR,RG,3850,10,D,YP,CC,D
15:00:00,UNVR,RG,3850,1,D,CC,CC,D
15:00:00,UNVR,RG,3850,10,D,OD,CC,D
15:00:00,UNVR,RG,3850,5,D,GR,CC,D
15:00:00,UNVR,RG,3850,10,D,SQ,CC,D
15:00:00,UNVR,RG,3850,50,D,CC,CC,D
15:00:00,UNVR,RG,3850,400,D,OD,CC,D
15:00:00,UNVR,RG,3850,2,D,XL,CC,D
15:00:00,UNVR,RG,3850,1,D,AI,CC,D
15:00:00,UNVR,RG,3850,1,D,PD,CC,D
15:00:00,UNVR,RG,3850,1,D,CC,CC,D
15:00:00,UNVR,RG,3850,1,D,XC,CC,D
15:00:00,UNVR,RG,3850,1,D,PD,CC,D
15:00:00,UNVR,RG,3850,40,D,SQ,CC,D
15:00:00,UNVR,RG,3850,500,D,YP,CC,D
15:00:00,UNVR,RG,3850,2,D,YP,CC,D
15:00:00,UNVR,RG,3850,5,D,KK,CC,D
15:00:00,UNVR,RG,3850,1,D,XC,CC,D
15:00:00,UNVR,RG,3850,1,D,PD,CC,D
15:00:00,UNVR,RG,3850,5,D,CC,CC,D
15:00:00,UNVR,RG,3850,10,D,XC,CC,D
15:00:00,UNVR,RG,3850,2,D,PD,CC,D
15:00:00,UNVR,RG,3850,10,D,XC,CC,D
15:00:00,UNVR,RG,3850,3,D,PD,CC,D
15:00:00,UNVR,RG,3850,5,D,PD,CC,D
15:00:00,UNVR,RG,3850,1,D,XL,CC,D
15:00:00,UNVR,RG,3850,20,D,YP,CC,D
15:00:00,UNVR,RG,3850,5,D,PD,CC,D
15:00:00,UNVR,RG,3850,1,D,DX,CC,D
15:00:00,UNVR,RG,3850,1,D,TF,CC,D
15:00:00,UNVR,RG,3850,5,D,YP,CC,D
15:00:00,UNVR,RG,3850,1,D,IP,CC,D
15:00:00,UNVR,RG,3850,1,D,PD,CC,D
15:00:00,UNVR,RG,3850,30,D,SQ,CC,D
15:00:00,UNVR,RG,3850,3,D,PD,CC,D
15:00:00,UNVR,RG,3850,2,D,CC,CC,D
15:00:00,UNVR,RG,3850,40,D,DH,CC,D
15:00:00,UNVR,RG,3850,1,D,PD,CC,D
15:00:00,UNVR,RG,3850,20,D,CC,CC,D
15:00:00,UNVR,RG,3850,5,D,HP,CC,D
15:00:00,UNVR,RG,3850,1,D,XC,CC,D
15:00:00,UNVR,RG,3850,1,D,XC,CC,D
15:00:00,UNVR,RG,3850,100,D,YP,CC,D
15:00:00,UNVR,RG,3850,25,D,SQ,CC,D
15:00:00,UNVR,RG,3850,26,D,HP,CC,D
15:00:00,UNVR,RG,3850,1,D,YP,CC,D
15:00:00,UNVR,RG,3850,1,D,KK,CC,D
15:00:00,UNVR,RG,3850,1,D,YP,CC,D
15:00:00,UNVR,RG,3850,10,D,ZP,CC,D
15:00:00,UNVR,RG,3850,1,D,CC,CC,D
15:00:00,UNVR,RG,3850,1,D,CC,CC,D
15:00:00,UNVR,RG,3850,2,D,PD,CC,D
15:00:00,UNVR,RG,3850,20,D,CC,CC,D
15:00:00,UNVR,RG,3850,5,D,XC,CC,D
15:00:00,UNVR,RG,3850,2,D,CC,CC,D
15:00:00,UNVR,RG,3850,2,D,YJ,CC,D
15:00:00,UNVR,RG,3850,10,D,YP,CC,D
15:00:00,UNVR,RG,3850,5,D,CC,CC,D
15:00:00,UNVR,RG,3850,1,F,ZP,CC,D
15:00:00,UNVR,RG,3850,100,D,YP,CC,D
15:00:00,UNVR,RG,3850,5,D,PD,CC,D
15:00:00,UNVR,RG,3850,2,D,CC,CC,D
15:00:00,UNVR,RG,3850,10,D,DH,CC,D
15:00:00,UNVR,RG,3850,20,D,LG,CC,D
15:00:00,UNVR,RG,3850,2,D,YP,CC,D
15:00:00,UNVR,RG,3850,1,D,NI,CC,D
15:00:00,UNVR,RG,3850,1,D,ZP,CC,D
15:00:00,UNVR,RG,3850,1,D,PD,CC,D
15:00:00,UNVR,RG,3850,10,D,NI,CC,D
15:00:00,UNVR,RG,3850,3,D,DH,CC,D
15:00:00,UNVR,RG,3850,1,D,PD,CC,D
15:00:00,UNVR,RG,3850,1,D,NI,CC,D
15:00:00,UNVR,RG,3850,10,D,PD,CC,D
15:00:00,UNVR,RG,3850,3,D,CC,CC,D
15:00:00,UNVR,RG,3850,40,D,KK,CC,D
15:00:00,UNVR,RG,3850,10,D,SQ,CC,D
15:00:00,UNVR,RG,3850,1,D,XC,CC,D
15:00:00,UNVR,RG,3850,10,D,YP,CC,D
15:00:00,UNVR,RG,3850,5,D,OD,CC,D
15:00:00,UNVR,RG,3850,1,D,YP,CC,D
15:00:00,UNVR,RG,3850,2,D,PD,CC,D
15:00:00,UNVR,RG,3850,10,D,CC,CC,D
15:00:00,UNVR,RG,3850,3,D,LG,CC,D
15:00:00,UNVR,RG,3850,2,D,PD,CC,D
15:00:00,UNVR,RG,3850,2,D,XC,CC,D
15:00:00,UNVR,RG,3850,1,D,DR,CC,D
15:00:00,UNVR,RG,3850,5,D,YP,CC,D
15:00:00,UNVR,RG,3850,1,D,AZ,CC,D
15:00:00,UNVR,RG,3850,1,D,YP,CC,D
15:00:00,UNVR,RG,3850,3,D,GR,CC,D
15:00:00,UNVR,RG,3850,1,D,XC,CC,D
15:00:00,UNVR,RG,3850,1,D,LG,CC,D
15:00:00,UNVR,RG,3850,10,D,CC,CC,D
15:00:00,UNVR,RG,3850,1,D,NI,CC,D
15:00:00,UNVR,RG,3850,10,D,SQ,CC,D
15:00:00,UNVR,RG,3850,2,D,PD,CC,D
15:00:00,UNVR,RG,3850,3,D,YP,CC,D
15:00:00,UNVR,RG,3850,1,D,XC,CC,D
15:00:00,UNVR,RG,3850,10,D,XC,CC,D
15:00:00,UNVR,RG,3850,2,D,XC,CC,D
15:00:00,UNVR,RG,3850,10,D,YP,CC,D
15:00:00,UNVR,RG,3850,1,D,GR,CC,D
15:00:00,UNVR,RG,3850,2,D,PD,CC,D
15:00:00,UNVR,RG,3850,10,D,DX,CC,D
15:00:00,UNVR,RG,3850,12,D,XC,CC,D
15:00:00,UNVR,RG,3850,1,D,NI,CC,D
15:00:00,UNVR,RG,3850,1,D,XC,CC,D
15:00:00,UNVR,RG,3850,100,D,OD,CC,D
15:00:00,UNVR,RG,3850,400,D,SQ,CC,D
15:00:00,UNVR,RG,3850,2,D,PD,CC,D
15:00:00,UNVR,RG,3850,10,D,PD,CC,D
15:00:00,UNVR,RG,3850,4,D,XC,CC,D
15:00:00,UNVR,RG,3850,12,D,YP,CC,D
15:00:00,UNVR,RG,3850,1,D,OD,CC,D
15:00:00,UNVR,RG,3850,40,D,DH,CC,D
15:00:00,UNVR,RG,3850,1,D,DH,CC,D
15:00:00,UNVR,RG,3850,2,D,KK,CC,D
15:00:00,UNVR,RG,3850,1,D,CP,CC,D
15:00:00,UNVR,RG,3850,1,D,SQ,CC,D
15:00:00,UNVR,RG,3850,1,D,YP,CC,D
15:00:00,UNVR,RG,3850,2,D,PD,CC,D
15:00:00,UNVR,RG,3850,5,D,NI,CC,D
15:00:00,UNVR,RG,3850,1,D,SQ,CC,D
15:00:00,UNVR,RG,3850,100,D,CC,CC,D
15:00:00,UNVR,RG,3850,1,D,XL,CC,D
15:00:00,UNVR,RG,3850,1,D,PD,CC,D
15:00:00,UNVR,RG,3850,145,D,DR,CC,D
15:00:00,UNVR,RG,3850,20,D,YP,CC,D
15:00:00,UNVR,RG,3850,1,D,LG,CC,D
15:00:00,UNVR,RG,3850,10,D,DR,CC,D
15:00:00,UNVR,RG,3850,3,D,PD,CC,D
15:00:00,UNVR,RG,3850,6,D,PD,CC,D
15:00:00,UNVR,RG,3850,20,D,AT,CC,D
15:00:00,UNVR,RG,3850,1,D,XC,CC,D
15:00:00,UNVR,RG,3850,8,D,YP,CC,D
15:00:00,UNVR,RG,3850,5,D,NI,CC,D
15:00:00,UNVR,RG,3850,1,D,SQ,CC,D
15:00:00,UNVR,RG,3850,2,D,XC,CC,D
15:00:00,UNVR,RG,3850,3,D,SQ,CC,D
15:00:00,UNVR,RG,3850,8,D,PD,CC,D
15:00:00,UNVR,RG,3850,1,D,YP,CC,D
15:00:00,UNVR,RG,3850,5,D,NI,CC,D
15:00:00,UNVR,RG,3850,5,D,EP,CC,D
15:00:00,UNVR,RG,3850,1,D,CC,CC,D
15:00:00,UNVR,RG,3850,3,D,PD,CC,D
15:00:00,UNVR,RG,3850,13,D,PD,CC,D
15:00:00,UNVR,RG,3850,10,D,YP,CC,D
15:00:00,UNVR,RG,3850,5,D,YP,CC,D
15:00:00,UNVR,RG,3850,1,D,PD,CC,D
15:00:00,UNVR,RG,3850,3,D,CC,CC,D
15:00:00,UNVR,RG,3850,5,D,CC,CC,D
15:00:00,UNVR,RG,3850,1,D,YP,CC,D
15:00:00,UNVR,RG,3850,1,D,YP,CC,D
15:00:00,UNVR,RG,3850,1,D,PD,CC,D
15:00:00,UNVR,RG,3850,1,D,CC,CC,D
15:00:00,UNVR,RG,3850,5,D,XC,CC,D
15:00:00,UNVR,RG,3850,1,D,KK,CC,D
15:00:00,UNVR,RG,3850,1,D,PD,CC,D
15:00:00,UNVR,RG,3850,3,D,XC,CC,D
15:00:00,UNVR,RG,3850,1,D,CC,CC,D
15:00:00,UNVR,RG,3850,1,D,PD,CC,D
15:00:00,UNVR,RG,3850,12,D,CC,CC,D
15:00:00,UNVR,RG,3850,8,D,YU,CC,D
15:00:00,UNVR,RG,3850,3,D,PD,CC,D
15:00:00,UNVR,RG,3850,1,D,PD,CC,D
15:00:00,UNVR,RG,3850,1,D,XC,CC,D
15:00:00,UNVR,RG,3850,1,D,KK,CC,D
15:00:00,UNVR,RG,3850,3,D,AZ,CC,D
15:00:00,UNVR,RG,3850,1,D,XC,CC,D
15:00:00,UNVR,RG,3850,24,D,YP,CC,D
15:00:00,UNVR,RG,3850,3,D,CP,CC,D
15:00:00,UNVR,RG,3850,15,D,XC,CC,D
15:00:00,UNVR,RG,3850,7,D,SQ,CC,D
15:00:00,UNVR,RG,3850,5,D,PD,CC,D
15:00:00,UNVR,RG,3850,5,D,HP,CC,D
15:00:00,UNVR,RG,3850,2,D,DX,CC,D
15:00:00,UNVR,RG,3850,2,D,CC,CC,D
15:00:00,UNVR,RG,3850,2,D,XC,CC,D
15:00:00,UNVR,RG,3850,12,D,NI,CC,D
15:00:00,UNVR,RG,3850,5,D,XC,CC,D
15:00:00,UNVR,RG,3850,10,D,PD,CC,D
15:00:00,UNVR,RG,3850,8,D,SQ,CC,D
15:00:00,UNVR,RG,3850,3,D,YP,CC,D
15:00:00,UNVR,RG,3850,12,D,OD,CC,D
15:00:00,UNVR,RG,3850,2,D,CC,CC,D
15:00:00,UNVR,RG,3850,3,D,SQ,CC,D
15:00:00,UNVR,RG,3850,1,D,TF,CC,D
15:00:00,UNVR,RG,3850,1,D,ZP,CC,D
15:00:00,UNVR,RG,3850,5,D,DH,CC,D
15:00:00,UNVR,RG,3850,2,D,DR,CC,D
15:00:00,UNVR,RG,3850,2,D,LG,CC,D
15:00:00,UNVR,RG,3850,1,D,NI,CC,D
15:00:00,UNVR,RG,3850,2,D,NI,CC,D
15:00:00,UNVR,RG,3850,1,D,PD,CC,D
15:00:00,UNVR,RG,3850,1,D,YP,CC,D
15:00:00,UNVR,RG,3850,1,D,CC,CC,D
15:00:00,UNVR,RG,3850,53,D,CC,CC,D
15:00:00,UNVR,RG,3850,1,D,KK,CC,D
15:00:00,UNVR,RG,3850,1,D,NI,CC,D
15:00:00,UNVR,RG,3850,1,D,SQ,CC,D
15:00:00,UNVR,RG,3850,10,D,NI,CC,D
15:00:00,UNVR,RG,3850,10,D,YP,CC,D
15:00:00,UNVR,RG,3850,5,D,GR,CC,D
15:00:00,UNVR,RG,3850,5,D,YU,CC,D
15:00:00,UNVR,RG,3850,5,D,XL,CC,D
15:00:00,UNVR,RG,3850,5,D,DH,CC,D
15:00:00,UNVR,RG,3850,1,D,PD,CC,D
15:00:00,UNVR,RG,3850,50,D,OD,CC,D
15:00:00,UNVR,RG,3850,5,D,PD,CC,D
15:00:00,UNVR,RG,3850,2,D,NI,CC,D
15:00:00,UNVR,RG,3850,1,D,NI,CC,D
15:00:00,UNVR,RG,3850,30,D,CC,CC,D
15:00:00,UNVR,RG,3850,400,D,DX,CC,D
15:00:00,UNVR,RG,3850,20,D,YP,CC,D
15:00:00,UNVR,RG,3850,1,D,DR,CC,D
15:00:00,UNVR,RG,3850,11,D,AT,CC,D
15:00:00,UNVR,RG,3850,10,D,XC,CC,D
15:00:00,UNVR,RG,3850,22,D,CD,CC,D
15:00:00,UNVR,RG,3850,2,D,PD,CC,D
15:00:00,UNVR,RG,3850,1,D,IF,CC,D
15:00:00,UNVR,RG,3850,1,D,NI,CC,D
15:00:00,UNVR,RG,3850,2,D,XC,CC,D
15:00:00,UNVR,RG,3850,2,D,PD,CC,D
15:00:00,UNVR,RG,3850,1,D,PD,CC,D
15:00:00,UNVR,RG,3850,1,D,PD,CC,D
15:00:00,UNVR,RG,3850,2,D,YP,CC,D
15:00:00,UNVR,RG,3850,15,D,YP,CC,D
15:00:00,UNVR,RG,3850,100,D,YP,CC,D
15:00:00,UNVR,RG,3850,10,D,AG,CC,D
15:00:00,UNVR,RG,3850,20,D,DH,CC,D
15:00:00,UNVR,RG,3850,2,D,YP,CC,D
15:00:00,UNVR,RG,3850,100,D,YJ,CC,D
15:00:00,UNVR,RG,3850,50,D,SQ,CC,D
15:00:00,UNVR,RG,3850,20,D,YP,CC,D
15:00:00,UNVR,RG,3850,2,D,XC,CC,D
15:00:00,UNVR,RG,3850,1,D,XC,CC,D
15:00:00,UNVR,RG,3850,1,D,PD,CC,D
15:00:00,UNVR,RG,3850,6,D,CC,CC,D
15:00:00,UNVR,RG,3850,1,D,NI,CC,D
15:00:00,UNVR,RG,3850,3,D,YP,CC,D
15:00:00,UNVR,RG,3850,1,D,YP,CC,D
15:00:00,UNVR,RG,3850,2,D,AG,CC,D
15:00:00,UNVR,RG,3850,7,D,YP,CC,D
15:00:00,UNVR,RG,3850,5,D,PD,CC,D
15:00:00,UNVR,RG,3850,5,D,SQ,CC,D
15:00:00,UNVR,RG,3850,1,D,DR,CC,D
15:00:00,UNVR,RG,3850,50,D,OD,CC,D
15:00:00,UNVR,RG,3850,100,D,YP,CC,D
15:00:00,UNVR,RG,3850,10,D,YP,CC,D
15:00:00,UNVR,RG,3850,15,D,YP,CC,D
15:00:00,UNVR,RG,3850,1,D,KK,CC,D
15:00:00,UNVR,RG,3850,1,D,YP,CC,D
15:00:00,UNVR,RG,3850,18,D,YP,CC,D
15:00:00,UNVR,RG,3850,100,D,AG,CC,D
15:00:00,UNVR,RG,3850,2,D,YP,CC,D
15:00:00,UNVR,RG,3850,10,D,PD,CC,D
15:00:00,UNVR,RG,3850,10,D,PD,CC,D
15:00:00,UNVR,RG,3850,1,D,NI,CC,D
15:00:00,UNVR,RG,3850,1,D,SQ,CC,D
15:00:00,UNVR,RG,3850,1,D,RO,CC,D
15:00:00,UNVR,RG,3850,1,D,KK,CC,D
15:00:00,UNVR,RG,3850,1,D,YP,CC,D
15:00:00,UNVR,RG,3850,7,D,PD,CC,D
15:00:00,UNVR,RG,3850,3,D,KK,CC,D
15:00:00,UNVR,RG,3850,16,D,PD,CC,D
15:00:00,UNVR,RG,3850,1,D,PD,CC,D
15:00:00,UNVR,RG,3850,1,D,XC,CC,D
15:00:00,UNVR,RG,3850,1,F,ZP,CC,D
15:00:00,UNVR,RG,3850,2104,F,ZP,CC,D
15:00:00,UNVR,RG,3850,500,F,ZP,CC,D
15:00:00,UNVR,RG,3850,2000,F,ZP,CC,D
15:00:00,UNVR,RG,3850,3,F,ZP,NI,D
15:00:00,UNVR,RG,3850,550,F,ZP,CC,D
15:00:00,UNVR,RG,3850,20,F,ZP,PD,D
15:00:00,UNVR,RG,3850,1,F,ZP,PD,D
15:00:00,UNVR,RG,3850,40,F,ZP,YP,D
15:00:00,UNVR,RG,3850,2246,F,ZP,CC,D
15:00:00,UNVR,RG,3850,55,F,ZP,CC,D
15:00:00,UNVR,RG,3850,1565,F,BK,CC,D
15:00:00,UNVR,RG,3850,1032,F,BK,CC,D
15:00:00,UNVR,RG,3850,478,D,BK,CC,D
15:00:00,UNVR,RG,3850,733,F,CS,CC,D
15:00:00,UNVR,RG,3850,3891,F,CS,CC,D
15:00:00,UNVR,RG,3850,10,F,CS,CC,D
15:00:00,UNVR,RG,3850,5,F,CS,PD,D
15:00:00,UNVR,RG,3850,2,F,CS,DH,D
15:00:00,UNVR,RG,3850,4,F,CS,BQ,D
15:00:00,UNVR,RG,3850,995,F,CS,AK,F
15:00:00,UNVR,RG,3850,198,F,CS,AK,F
15:00:00,UNVR,RG,3850,2330,F,DX,AK,F
15:00:00,UNVR,RG,3850,1477,F,DX,AK,F
15:00:00,UNVR,RG,3850,133,F,DX,PD,D
15:00:00,UNVR,RG,3850,25,F,DX,YP,D
15:00:00,UNVR,RG,3850,10,F,DX,AZ,D
15:00:00,UNVR,RG,3850,7,F,DX,CC,D
15:00:00,UNVR,RG,3850,250,F,DX,YP,D
15:00:00,UNVR,RG,3850,1,F,DX,YP,D
15:00:00,UNVR,RG,3850,100,F,DX,KK,D
15:00:00,UNVR,RG,3850,1,F,DX,ZP,F
15:00:00,UNVR,RG,3850,103,F,DX,ZP,F
15:00:00,UNVR,RG,3850,31,F,DX,ZP,F
15:00:00,UNVR,RG,3850,176,F,DX,ZP,F
15:00:00,UNVR,RG,3850,800,F,DX,YU,D
15:00:00,UNVR,RG,3850,200,F,DP,YU,D
15:00:00,UNVR,RG,3850,500,F,DP,YU,D
15:00:00,UNVR,RG,3850,605,F,DP,YU,D
15:00:00,UNVR,RG,3850,18,F,AK,YU,D
15:00:00,UNVR,RG,3850,5,F,AK,YU,D
15:00:00,UNVR,RG,3850,372,F,AK,YU,D
15:00:00,UNVR,RG,3850,682,F,AK,OD,D
15:00:00,UNVR,RG,3850,32,F,AK,DX,F
15:00:00,UNVR,RG,3850,206,F,AK,BK,F
15:00:00,UNVR,RG,3850,1284,F,AK,ZP,F
15:00:00,UNVR,RG,3850,246,F,AK,ZP,F
15:00:00,UNVR,RG,3850,10,F,AK,ZP,F
15:00:00,UNVR,RG,3850,41,F,AK,ZP,F
15:00:00,UNVR,RG,3850,690,F,DP,ZP,F
15:00:00,UNVR,RG,3850,2498,F,RX,ZP,F
15:00:00,UNVR,RG,3850,639,D,OD,ZP,F
15:00:00,UNVR,RG,3850,349,D,DR,ZP,F
15:00:00,UNVR,RG,3850,760,D,PD,ZP,F
15:00:00,UNVR,RG,3850,1985,D,PD,ZP,F
15:00:00,UNVR,RG,3850,11,D,PD,KZ,D
15:00:00,UNVR,RG,3850,23,D,PD,KZ,D
15:00:00,UNVR,RG,3850,398,D,PD,ZP,F
15:00:00,UNVR,RG,3850,178,D,PD,ZP,F
15:00:00,UNVR,RG,3850,60,D,PD,YU,F
14:49:57,UNVR,RG,3850,1,D,CC,ZP,F
14:49:57,UNVR,RG,3860,1,F,AK,CC,D
14:49:57,UNVR,RG,3860,1,F,ZP,CC,D
14:49:56,UNVR,RG,3860,37,F,ZP,CC,D
14:49:54,UNVR,RG,3860,1,D,YP,CC,D
14:49:54,UNVR,RG,3850,3,D,CC,ZP,F
14:49:52,UNVR,RG,3850,43,D,CC,ZP,F
14:49:52,UNVR,RG,3850,1,D,XC,ZP,F
14:49:52,UNVR,RG,3850,100,D,YU,ZP,F
14:49:52,UNVR,RG,3850,20,D,PD,ZP,F
14:49:52,UNVR,RG,3850,1,D,XC,ZP,F
14:49:52,UNVR,RG,3850,2,D,PD,ZP,F
14:49:52,UNVR,RG,3850,5,D,CC,ZP,F
14:49:52,UNVR,RG,3850,1,D,PD,ZP,F
14:49:52,UNVR,RG,3850,1,D,PD,ZP,F
14:49:52,UNVR,RG,3850,2,D,YP,ZP,F
14:49:52,UNVR,RG,3850,1,D,NI,ZP,F
14:49:52,UNVR,RG,3850,1,D,CC,ZP,F
14:49:52,UNVR,RG,3850,277,F,DX,ZP,F
14:49:52,UNVR,RG,3860,16,F,ZP,CC,D
14:49:52,UNVR,RG,3850,67,F,DX,ZP,F
14:49:51,UNVR,RG,3860,3,F,ZP,CC,D
14:49:51,UNVR,RG,3850,5,F,DX,ZP,F
14:49:51,UNVR,RG,3850,1,F,DX,ZP,F
14:49:50,UNVR,RG,3860,84,F,ZP,CC,D
14:49:47,UNVR,RG,3860,1,D,KK,CC,D
14:49:46,UNVR,RG,3860,1,F,YU,CC,D
14:49:45,UNVR,RG,3860,3,D,KK,CC,D
14:49:45,UNVR,RG,3860,11,D,XL,CC,D
14:49:45,UNVR,RG,3860,1,F,YU,CC,D
14:49:45,UNVR,RG,3850,12,F,DX,ZP,F
14:49:45,UNVR,RG,3860,3,F,ZP,CC,D
14:49:43,UNVR,RG,3860,10,D,XC,CC,D
14:49:42,UNVR,RG,3850,3,F,DX,ZP,F
14:49:41,UNVR,RG,3850,182,F,DX,ZP,F
14:49:41,UNVR,RG,3860,1,F,YU,CC,D
14:49:40,UNVR,RG,3860,6,F,CS,CC,D
14:49:40,UNVR,RG,3860,1,F,ZP,CC,D
14:49:39,UNVR,RG,3860,110,F,ZP,CC,D
14:49:39,UNVR,RG,3860,3,D,YP,CC,D
14:49:38,UNVR,RG,3860,64,D,KI,CC,D
14:49:38,UNVR,RG,3860,1,D,YP,CC,D
14:49:33,UNVR,RG,3860,123,F,DP,CC,D
14:49:33,UNVR,RG,3860,4,D,XL,CC,D
14:49:32,UNVR,RG,3850,10,F,DX,SQ,D
14:49:31,UNVR,RG,3860,5,D,BQ,CC,D
14:49:30,UNVR,RG,3860,3,F,AK,CC,D
14:49:30,UNVR,RG,3860,1,F,AK,CC,D
14:49:30,UNVR,RG,3860,6,F,BK,CC,D
14:49:30,UNVR,RG,3850,15,F,DX,DX,F
14:49:29,UNVR,RG,3860,8,F,ZP,CC,D
14:49:28,UNVR,RG,3860,1,D,YP,CC,D
14:49:28,UNVR,RG,3860,25,D,XC,CC,D
14:49:27,UNVR,RG,3850,21,F,DX,ZP,F
14:49:27,UNVR,RG,3860,1,F,YU,CC,D
14:49:26,UNVR,RG,3860,2,D,CC,CC,D
14:49:26,UNVR,RG,3850,89,F,DX,ZP,F
14:49:26,UNVR,RG,3860,1,D,PD,CC,D
14:49:26,UNVR,RG,3860,153,F,ZP,CC,D
14:49:25,UNVR,RG,3860,10,D,DR,CC,D
14:49:25,UNVR,RG,3850,117,F,DX,ZP,F
14:49:24,UNVR,RG,3860,1,D,GR,CC,D
14:49:24,UNVR,RG,3850,5,F,DX,ZP,F
14:49:22,UNVR,RG,3860,5,D,BQ,CC,D
14:49:22,UNVR,RG,3850,20,F,DX,GR,D
14:49:21,UNVR,RG,3860,9,F,CS,CC,D
14:49:21,UNVR,RG,3860,1146,D,AI,CC,D
14:49:21,UNVR,RG,3860,604,D,AI,CC,D
14:49:21,UNVR,RG,3860,5,D,NI,CC,D
14:49:20,UNVR,RG,3860,1,F,YU,CC,D
14:49:16,UNVR,RG,3860,1,D,YP,CC,D
14:49:16,UNVR,RG,3860,5,D,PD,CC,D
14:49:14,UNVR,RG,3860,1,D,KK,CC,D
14:49:08,UNVR,RG,3850,64,F,DX,ZP,F
14:49:07,UNVR,RG,3850,16,F,DX,ZP,F
14:49:07,UNVR,RG,3850,64,F,DX,ZP,F
14:49:07,UNVR,RG,3860,217,F,ZP,CC,D
14:49:07,UNVR,RG,3860,4,F,ZP,CC,D
14:49:07,UNVR,RG,3860,12,F,ZP,CC,D
14:49:06,UNVR,RG,3850,80,F,DX,ZP,F
14:49:06,UNVR,RG,3860,30,D,KI,CC,D
14:49:05,UNVR,RG,3860,12,F,BK,CC,D
14:49:05,UNVR,RG,3860,5,D,NI,CC,D
14:49:04,UNVR,RG,3860,25,D,SQ,CC,D
14:49:04,UNVR,RG,3860,1,F,YU,CC,D
14:49:03,UNVR,RG,3860,1,D,DR,CC,D
14:49:02,UNVR,RG,3860,40,F,BK,CC,D
14:49:00,UNVR,RG,3850,11,F,DX,BK,F
14:49:00,UNVR,RG,3860,3,F,AK,CC,D
14:49:00,UNVR,RG,3860,1,F,AK,CC,D
14:49:00,UNVR,RG,3860,8,F,AK,CC,D
14:49:00,UNVR,RG,3860,1,F,AK,CC,D
14:48:59,UNVR,RG,3860,1,F,YU,CC,D
14:48:57,UNVR,RG,3860,10,D,GR,CC,D
14:48:55,UNVR,RG,3860,1,D,NI,CC,D
14:48:54,UNVR,RG,3860,1,D,DR,CC,D
14:48:54,UNVR,RG,3850,25,F,DX,ZP,F
14:48:53,UNVR,RG,3860,430,F,ZP,CC,D
14:48:52,UNVR,RG,3850,90,F,DX,ZP,F
14:48:52,UNVR,RG,3860,12,F,BK,CC,D
14:48:52,UNVR,RG,3850,15,F,DX,ZP,F
14:48:52,UNVR,RG,3850,12,F,DX,ZP,F
14:48:51,UNVR,RG,3850,229,F,DX,ZP,F
14:48:51,UNVR,RG,3860,1,F,YU,CC,D
14:48:50,UNVR,RG,3860,2,F,CS,CC,D
14:48:50,UNVR,RG,3860,2,D,PD,CC,D
14:48:50,UNVR,RG,3860,8,F,CS,CC,D
14:48:49,UNVR,RG,3850,4,F,DX,ZP,F
14:48:48,UNVR,RG,3860,5,D,NI,CC,D
14:48:46,UNVR,RG,3850,12,F,DX,BK,F
14:48:46,UNVR,RG,3860,12,F,BK,CC,D
14:48:45,UNVR,RG,3860,9,F,AK,CC,D
14:48:42,UNVR,RG,3860,1,F,AK,CC,D
14:48:42,UNVR,RG,3860,1,F,AK,CC,D
14:48:42,UNVR,RG,3860,1,F,AK,CC,D
14:48:41,UNVR,RG,3860,30,D,DR,CC,D
14:48:41,UNVR,RG,3860,1,D,KK,CC,D
14:48:37,UNVR,RG,3860,20,D,RG,CC,D
14:48:35,UNVR,RG,3850,262,F,DX,ZP,F
14:48:35,UNVR,RG,3860,1,F,YU,CC,D
14:48:34,UNVR,RG,3850,4,F,DX,XC,D
14:48:34,UNVR,RG,3850,96,F,DX,ZP,F
14:48:33,UNVR,RG,3850,7,F,DX,ZP,F
14:48:32,UNVR,RG,3850,2,F,DX,PD,D
14:48:30,UNVR,RG,3860,10,F,BK,CC,D
14:48:30,UNVR,RG,3860,3,F,AK,CC,D
14:48:30,UNVR,RG,3860,1,F,AK,CC,D
14:48:28,UNVR,RG,3860,1,D,DR,CC,D
14:48:24,UNVR,RG,3860,1,F,AK,CC,D
14:48:23,UNVR,RG,3850,13,F,DX,DX,F
14:48:23,UNVR,RG,3860,10,F,BK,CC,D
14:48:21,UNVR,RG,3860,1,F,YU,CC,D
14:48:17,UNVR,RG,3850,33,F,DX,ZP,F
14:48:17,UNVR,RG,3850,129,F,DX,ZP,F
14:48:16,UNVR,RG,3850,33,F,DX,ZP,F
14:48:16,UNVR,RG,3850,156,F,DX,ZP,F
14:48:15,UNVR,RG,3860,11,F,AK,CC,D
14:48:15,UNVR,RG,3860,2,F,AK,CC,D
14:48:14,UNVR,RG,3850,7,F,DX,ZP,F
14:48:13,UNVR,RG,3860,1,D,SQ,CC,D
14:48:10,UNVR,RG,3860,1,F,YU,CC,D
14:48:10,UNVR,RG,3860,1,D,PD,CC,D
14:48:10,UNVR,RG,3860,2,F,AG,CC,D
14:48:08,UNVR,RG,3860,11,F,BK,CC,D
14:48:08,UNVR,RG,3850,1,F,DX,PD,D
14:48:08,UNVR,RG,3860,9,F,CS,CC,D
14:48:08,UNVR,RG,3860,3,F,CS,CC,D
14:48:08,UNVR,RG,3860,3,F,CS,CC,D
14:48:05,UNVR,RG,3860,26,D,PD,CC,D
14:48:04,UNVR,RG,3850,10,F,DX,BK,F
14:48:03,UNVR,RG,3860,50,D,KK,CC,D
14:48:02,UNVR,RG,3850,3,F,DX,NI,D
14:48:01,UNVR,RG,3860,12,F,BK,CC,D
14:48:00,UNVR,RG,3860,1,F,YU,CC,D
14:48:00,UNVR,RG,3860,3,F,AK,CC,D
14:48:00,UNVR,RG,3860,1,F,AK,CC,D
14:47:59,UNVR,RG,3860,19,F,DX,CC,D
14:47:59,UNVR,RG,3850,8,F,DX,ZP,F
14:47:58,UNVR,RG,3850,141,F,DX,ZP,F
14:47:58,UNVR,RG,3850,2,D,YB,ZP,F
14:47:58,UNVR,RG,3850,10,D,YP,ZP,F
14:47:58,UNVR,RG,3850,5,D,CC,ZP,F
14:47:58,UNVR,RG,3850,1,D,NI,ZP,F
14:47:58,UNVR,RG,3850,1,D,NI,ZP,F
14:47:58,UNVR,RG,3850,1,D,SQ,ZP,F
14:47:58,UNVR,RG,3850,1,D,KK,ZP,F
14:47:58,UNVR,RG,3850,37,D,KK,ZP,F
14:47:57,UNVR,RG,3860,7,D,CC,CC,D
14:47:56,UNVR,RG,3860,19,F,DX,CC,D
14:47:55,UNVR,RG,3850,2,D,KK,DR,D
14:47:54,UNVR,RG,3860,27,F,DX,CC,D
14:47:53,UNVR,RG,3860,1,D,NI,CC,D
14:47:52,UNVR,RG,3860,37,F,DX,CC,D
14:47:50,UNVR,RG,3860,1,D,PD,CC,D
14:47:49,UNVR,RG,3860,45,F,DX,CC,D
14:47:49,UNVR,RG,3860,15,D,PD,CC,D
14:47:49,UNVR,RG,3860,11,F,BK,CC,D
14:47:47,UNVR,RG,3860,1,F,YU,CC,D
14:47:47,UNVR,RG,3850,12,D,KK,DR,D
14:47:46,UNVR,RG,3850,42,D,KK,ZP,F
14:47:46,UNVR,RG,3860,23,F,DX,CC,D
14:47:45,UNVR,RG,3860,313,F,ZP,CC,D
14:47:45,UNVR,RG,3860,10,D,YP,CC,D
14:47:45,UNVR,RG,3860,2,F,AK,CC,D
14:47:45,UNVR,RG,3860,11,F,AK,CC,D
14:47:44,UNVR,RG,3860,1,D,AZ,CC,D
14:47:43,UNVR,RG,3850,7,D,KK,ZP,F
14:47:43,UNVR,RG,3850,2,D,PD,ZP,F
14:47:43,UNVR,RG,3850,3,D,LG,ZP,F
14:47:43,UNVR,RG,3850,3,D,XC,ZP,F
14:47:43,UNVR,RG,3850,20,D,PD,ZP,F
14:47:43,UNVR,RG,3850,3,D,CC,ZP,F
14:47:43,UNVR,RG,3850,7,D,CC,ZP,F
14:47:43,UNVR,RG,3850,100,D,CC,ZP,F
14:47:43,UNVR,RG,3850,10,D,PD,ZP,F
14:47:43,UNVR,RG,3850,3,D,OD,ZP,F
14:47:43,UNVR,RG,3850,1,D,ZP,ZP,F
14:47:43,UNVR,RG,3860,22,F,DX,CC,D
14:47:41,UNVR,RG,3860,300,D,YP,CC,D
14:47:41,UNVR,RG,3850,3,D,CC,ZP,F
14:47:41,UNVR,RG,3850,4,D,CC,ZP,F
14:47:39,UNVR,RG,3860,123,F,DP,CC,D
14:47:38,UNVR,RG,3860,1,D,KK,CC,D
14:47:38,UNVR,RG,3860,1,F,YU,CC,D
14:47:36,UNVR,RG,3860,15,F,DX,CC,D
14:47:36,UNVR,RG,3850,1,D,CC,XC,D
14:47:36,UNVR,RG,3850,1,D,YP,XC,D
14:47:36,UNVR,RG,3850,3,D,ID,XC,D
14:47:35,UNVR,RG,3860,12,F,BK,CC,D
14:47:33,UNVR,RG,3860,21,F,DX,CC,D
14:47:32,UNVR,RG,3850,5,D,ID,DR,D
14:47:30,UNVR,RG,3850,8,D,ID,DR,D
14:47:30,UNVR,RG,3860,34,F,DX,CC,D
14:47:30,UNVR,RG,3860,4,F,AK,CC,D
14:47:30,UNVR,RG,3860,3,D,PD,CC,D
14:47:28,UNVR,RG,3860,20,F,DX,CC,D
14:47:26,UNVR,RG,3850,4,D,ID,PD,D
14:47:26,UNVR,RG,3850,1,D,PD,PD,D
14:47:26,UNVR,RG,3850,10,D,PD,PD,D
14:47:26,UNVR,RG,3850,5,D,YP,PD,D
14:47:26,UNVR,RG,3850,1,D,XC,PD,D
14:47:26,UNVR,RG,3850,1,D,NI,PD,D
14:47:26,UNVR,RG,3850,10,D,NI,PD,D
14:47:26,UNVR,RG,3850,2,D,LG,PD,D
14:47:26,UNVR,RG,3850,1,D,NI,PD,D
14:47:26,UNVR,RG,3850,20,D,SQ,PD,D
14:47:26,UNVR,RG,3850,20,D,KK,PD,D
14:47:26,UNVR,RG,3850,1,D,CC,PD,D
14:47:26,UNVR,RG,3850,1,D,XC,PD,D
14:47:26,UNVR,RG,3850,1,D,XC,PD,D
14:47:26,UNVR,RG,3850,1,D,XC,PD,D
14:47:26,UNVR,RG,3850,1,D,OD,PD,D
14:47:26,UNVR,RG,3850,1,D,NI,PD,D
14:47:26,UNVR,RG,3850,1,D,XC,PD,D
14:47:26,UNVR,RG,3850,1,D,SQ,PD,D
14:47:26,UNVR,RG,3850,1,D,DH,PD,D
14:47:26,UNVR,RG,3850,1,D,YP,PD,D
14:47:26,UNVR,RG,3850,2,D,NI,PD,D
14:47:26,UNVR,RG,3850,10,D,PD,PD,D
14:47:26,UNVR,RG,3850,3,D,PD,PD,D
14:47:26,UNVR,RG,3850,20,D,EP,PD,D
14:47:26,UNVR,RG,3850,1,D,PD,PD,D
14:47:26,UNVR,RG,3850,5,D,DH,PD,D
14:47:26,UNVR,RG,3850,1,D,AZ,PD,D
14:47:26,UNVR,RG,3850,1,D,PD,PD,D
14:47:26,UNVR,RG,3850,25,D,SQ,PD,D
14:47:26,UNVR,RG,3850,5,D,CC,PD,D
14:47:26,UNVR,RG,3850,5,D,CC,PD,D
14:47:26,UNVR,RG,3850,3,D,PD,PD,D
14:47:26,UNVR,RG,3850,18,D,GR,PD,D
14:47:26,UNVR,RG,3850,1,D,YP,PD,D
14:47:26,UNVR,RG,3850,10,D,PD,PD,D
14:47:26,UNVR,RG,3850,2,D,CC,PD,D
14:47:26,UNVR,RG,3850,1,D,SQ,PD,D
14:47:26,UNVR,RG,3850,3,D,NI,PD,D
14:47:26,UNVR,RG,3850,6,D,NI,PD,D
14:47:26,UNVR,RG,3850,1,D,PD,PD,D
14:47:26,UNVR,RG,3850,1,D,CC,PD,D
14:47:26,UNVR,RG,3850,20,D,YP,PD,D
14:47:26,UNVR,RG,3850,10,D,CC,PD,D
14:47:26,UNVR,RG,3850,1,D,KK,PD,D
14:47:26,UNVR,RG,3850,1,D,PD,PD,D
14:47:26,UNVR,RG,3850,10,D,GR,PD,D
14:47:26,UNVR,RG,3850,2,D,XC,PD,D
14:47:26,UNVR,RG,3850,1,D,XL,PD,D
14:47:26,UNVR,RG,3850,1,D,PD,PD,D
14:47:26,UNVR,RG,3850,5,D,CC,PD,D
14:47:26,UNVR,RG,3850,1,D,XC,PD,D
14:47:26,UNVR,RG,3850,6,D,XC,PD,D
14:47:26,UNVR,RG,3850,2,D,NI,PD,D
14:47:26,UNVR,RG,3850,1,D,XC,PD,D
14:47:26,UNVR,RG,3850,1,D,PD,PD,D
14:47:26,UNVR,RG,3850,5,D,LG,PD,D
14:47:26,UNVR,RG,3850,1,D,KK,PD,D
14:47:26,UNVR,RG,3850,1,D,PD,PD,D
14:47:26,UNVR,RG,3850,3,D,YP,PD,D
14:47:26,UNVR,RG,3850,1,D,PD,PD,D
14:47:26,UNVR,RG,3850,5,D,PD,PD,D
14:47:26,UNVR,RG,3850,1,D,PD,PD,D
14:47:26,UNVR,RG,3850,2,D,XC,PD,D
14:47:26,UNVR,RG,3860,1,F,YU,CC,D
14:47:26,UNVR,RG,3850,1,D,KK,ZP,F
14:47:26,UNVR,RG,3850,2,D,PD,ZP,F
14:47:26,UNVR,RG,3850,10,D,YP,ZP,F
14:47:26,UNVR,RG,3850,3,D,YP,ZP,F
14:47:26,UNVR,RG,3850,21,D,YP,ZP,F
14:47:25,UNVR,RG,3850,16,D,YP,ZP,F
14:47:25,UNVR,RG,3850,9,D,YP,ZP,F
14:47:25,UNVR,RG,3860,11,F,BK,CC,D
14:47:25,UNVR,RG,3850,1,D,YP,ZP,F
14:47:25,UNVR,RG,3850,10,D,LG,ZP,F
14:47:25,UNVR,RG,3850,10,D,DH,ZP,F
14:47:25,UNVR,RG,3850,3,D,PD,ZP,F
14:47:25,UNVR,RG,3850,2,D,XC,ZP,F
14:47:25,UNVR,RG,3850,5,D,YP,ZP,F
14:47:25,UNVR,RG,3850,1,D,XC,ZP,F
14:47:25,UNVR,RG,3850,5,D,OD,ZP,F
14:47:25,UNVR,RG,3850,69,D,XC,ZP,F
14:47:25,UNVR,RG,3850,1,D,PD,ZP,F
14:47:25,UNVR,RG,3850,1,D,PD,ZP,F
14:47:25,UNVR,RG,3850,1,D,AZ,ZP,F
14:47:25,UNVR,RG,3850,1,D,YP,ZP,F
14:47:25,UNVR,RG,3850,2,D,NI,ZP,F
14:47:25,UNVR,RG,3850,9,D,YP,ZP,F
14:47:23,UNVR,RG,3850,1,D,YP,BK,F
14:47:23,UNVR,RG,3850,10,D,SQ,BK,F
14:47:19,UNVR,RG,3860,21,F,DX,CC,D
14:47:17,UNVR,RG,3860,26,F,DX,CC,D
14:47:17,UNVR,RG,3860,5,D,XC,CC,D
14:47:16,UNVR,RG,3860,1,D,XC,CC,D
14:47:15,UNVR,RG,3860,1,F,AK,CC,D
14:47:15,UNVR,RG,3860,38,F,DX,CC,D
14:47:14,UNVR,RG,3860,2,D,XL,CC,D
14:47:14,UNVR,RG,3860,1,F,YU,CC,D
14:47:13,UNVR,RG,3860,11,F,BK,CC,D
14:47:12,UNVR,RG,3860,18,F,DX,CC,D
14:47:10,UNVR,RG,3850,1,D,KK,YP,D
14:47:10,UNVR,RG,3850,1,D,XC,YP,D
14:47:10,UNVR,RG,3850,18,D,DR,YP,D
14:47:10,UNVR,RG,3860,5,D,PD,CC,D
14:47:10,UNVR,RG,3860,54,F,DX,CC,D
14:47:10,UNVR,RG,3860,1,F,YU,CC,D
14:47:10,UNVR,RG,3860,1,D,YP,CC,D
14:47:08,UNVR,RG,3860,24,F,DX,CC,D
14:47:07,UNVR,RG,3850,2,D,DR,ZP,F
14:47:07,UNVR,RG,3850,1,D,LS,ZP,F
14:47:07,UNVR,RG,3850,1,D,CC,ZP,F
14:47:07,UNVR,RG,3860,3,F,ZP,CC,D
14:47:07,UNVR,RG,3850,5,D,NI,ZP,F
14:47:07,UNVR,RG,3850,1,D,XC,ZP,F
14:47:07,UNVR,RG,3850,1,D,XC,ZP,F
14:47:07,UNVR,RG,3850,1,D,PD,ZP,F
14:47:07,UNVR,RG,3850,1,D,CC,ZP,F
14:47:07,UNVR,RG,3850,23,D,XC,ZP,F
14:47:07,UNVR,RG,3850,1,D,PD,ZP,F
14:47:07,UNVR,RG,3850,1,D,XC,ZP,F
14:47:07,UNVR,RG,3850,1,D,XC,ZP,F
14:47:07,UNVR,RG,3850,1,D,CC,ZP,F
14:47:07,UNVR,RG,3850,10,D,SQ,ZP,F
14:47:07,UNVR,RG,3850,6,D,XC,ZP,F
14:47:06,UNVR,RG,3860,568,F,ZP,CC,D
14:47:06,UNVR,RG,3850,4,D,XC,YU,D
14:47:06,UNVR,RG,3850,1,D,OD,YU,D
14:47:06,UNVR,RG,3850,25,D,EP,YU,D
14:47:06,UNVR,RG,3860,10,D,TP,CC,D
14:47:06,UNVR,RG,3860,2,D,CC,CC,D
14:47:06,UNVR,RG,3860,1,D,XC,CC,D
14:47:06,UNVR,RG,3850,5,D,EP,ZP,F
14:47:06,UNVR,RG,3850,10,D,YP,ZP,F
14:47:06,UNVR,RG,3850,10,D,NI,ZP,F
14:47:06,UNVR,RG,3850,26,D,YP,ZP,F
14:47:06,UNVR,RG,3850,5,D,PD,ZP,F
14:47:06,UNVR,RG,3850,1,D,PD,ZP,F
14:47:06,UNVR,RG,3850,10,D,PD,ZP,F
14:47:06,UNVR,RG,3850,1,D,YP,ZP,F
14:47:06,UNVR,RG,3850,2,D,XC,ZP,F
14:47:06,UNVR,RG,3850,15,D,YU,ZP,F
14:47:06,UNVR,RG,3850,5,D,KK,ZP,F
14:47:06,UNVR,RG,3850,1,D,NI,ZP,F
14:47:06,UNVR,RG,3850,1,D,PD,ZP,F
14:47:06,UNVR,RG,3850,3,D,XC,ZP,F
14:47:06,UNVR,RG,3850,5,D,NI,ZP,F
14:47:06,UNVR,RG,3850,3,D,NI,ZP,F
14:47:06,UNVR,RG,3850,2,D,XL,ZP,F
14:47:04,UNVR,RG,3860,23,F,DX,CC,D
14:47:04,UNVR,RG,3860,12,F,BK,CC,D
14:47:02,UNVR,RG,3860,23,F,DX,CC,D
14:47:00,UNVR,RG,3860,5,F,AK,CC,D
14:47:00,UNVR,RG,3860,4,F,CS,CC,D
14:47:00,UNVR,RG,3860,5,F,CS,CC,D
14:47:00,UNVR,RG,3860,21,F,CS,CC,D
14:46:59,UNVR,RG,3860,20,F,DX,CC,D
14:46:57,UNVR,RG,3860,17,F,DX,CC,D
14:46:55,UNVR,RG,3860,18,D,PD,CC,D
14:46:53,UNVR,RG,3860,28,F,DX,CC,D
14:46:52,UNVR,RG,3860,1,F,YU,CC,D
14:46:52,UNVR,RG,3850,1,D,XL,ZP,F
14:46:51,UNVR,RG,3850,2,D,XL,ZP,F
14:46:51,UNVR,RG,3850,1,D,XL,ZP,F
14:46:51,UNVR,RG,3860,16,F,DX,CC,D
14:46:49,UNVR,RG,3850,2,D,XL,ZP,F
14:46:49,UNVR,RG,3850,5,D,DH,ZP,F
14:46:49,UNVR,RG,3850,5,D,XC,ZP,F
14:46:49,UNVR,RG,3850,1,D,XC,ZP,F
14:46:49,UNVR,RG,3850,1,D,XL,ZP,F
14:46:49,UNVR,RG,3850,3,D,CC,ZP,F
14:46:49,UNVR,RG,3850,24,D,LG,ZP,F
14:46:49,UNVR,RG,3850,76,D,LG,ZP,F
14:46:49,UNVR,RG,3850,10,D,PD,ZP,F
14:46:49,UNVR,RG,3850,5,D,YP,ZP,F
14:46:49,UNVR,RG,3850,10,D,PD,ZP,F
14:46:49,UNVR,RG,3850,38,D,YP,ZP,F
14:46:49,UNVR,RG,3860,15,F,DX,CC,D
14:46:48,UNVR,RG,3860,11,F,BK,CC,D
14:46:45,UNVR,RG,3860,2,F,AK,CC,D
14:46:45,UNVR,RG,3860,12,F,AK,CC,D
14:46:44,UNVR,RG,3860,20,F,DX,CC,D
14:46:44,UNVR,RG,3860,1,F,YU,CC,D
14:46:40,UNVR,RG,3850,6,D,YP,YP,D
14:46:40,UNVR,RG,3860,10,F,BK,CC,D
14:46:40,UNVR,RG,3850,6,D,YP,DR,D
14:46:40,UNVR,RG,3850,5,D,DX,DR,D
14:46:38,UNVR,RG,3850,11,D,DX,BK,F
14:46:32,UNVR,RG,3860,20,F,DX,CC,D
14:46:32,UNVR,RG,3850,4,D,DX,ZP,F
14:46:30,UNVR,RG,3860,1,F,AK,CC,D
14:46:30,UNVR,RG,3860,8,F,AK,CC,D
14:46:30,UNVR,RG,3850,134,D,DX,ZP,F
14:46:29,UNVR,RG,3860,17,F,DX,CC,D
14:46:29,UNVR,RG,3860,12,F,BK,CC,D
14:46:28,UNVR,RG,3860,1,F,YU,CC,D
14:46:27,UNVR,RG,3850,59,D,DX,DH,D
14:46:26,UNVR,RG,3860,17,F,DX,CC,D
14:46:23,UNVR,RG,3860,21,F,DX,CC,D
14:46:20,UNVR,RG,3860,4,F,ZP,CC,D
14:46:19,UNVR,RG,3860,14,F,DX,CC,D
14:46:17,UNVR,RG,3850,27,D,DX,YP,D
14:46:17,UNVR,RG,3860,1,F,YU,CC,D
14:46:16,UNVR,RG,3860,19,F,DX,CC,D
14:46:16,UNVR,RG,3860,7,F,BK,CC,D
14:46:16,UNVR,RG,3860,3,F,BK,PD,D
14:46:15,UNVR,RG,3860,2,F,DX,PD,D
14:46:15,UNVR,RG,3860,15,F,DX,PD,D
14:46:14,UNVR,RG,3850,3,D,DX,ZP,F
14:46:13,UNVR,RG,3860,4,F,DX,PD,D
14:46:13,UNVR,RG,3860,9,F,DX,PD,D
14:46:13,UNVR,RG,3860,9,F,DX,PD,D
14:46:13,UNVR,RG,3860,1,D,KK,PD,D
14:46:13,UNVR,RG,3850,157,D,DX,ZP,F
14:46:13,UNVR,RG,3850,9,D,SQ,ZP,F
14:46:09,UNVR,RG,3860,1,F,YU,PD,D
14:46:08,UNVR,RG,3860,21,F,DX,PD,D
14:46:08,UNVR,RG,3860,1,F,DX,PD,D
14:46:07,UNVR,RG,3860,11,F,BK,PD,D
14:46:06,UNVR,RG,3860,36,F,DX,PD,D
14:46:03,UNVR,RG,3860,35,F,DX,PD,D
14:46:01,UNVR,RG,3860,23,F,DX,PD,D
14:46:00,UNVR,RG,3860,4,F,AK,PD,D
14:45:58,UNVR,RG,3850,21,D,SQ,SQ,D
14:45:58,UNVR,RG,3850,2,D,XC,SQ,D
14:45:58,UNVR,RG,3850,2,D,IP,SQ,D
14:45:58,UNVR,RG,3850,1,D,CC,SQ,D
14:45:58,UNVR,RG,3850,1,D,XC,SQ,D
14:45:58,UNVR,RG,3850,1,D,NI,SQ,D
14:45:58,UNVR,RG,3850,1,D,XC,SQ,D
14:45:58,UNVR,RG,3850,25,D,GR,SQ,D
14:45:58,UNVR,RG,3850,10,D,PD,SQ,D
14:45:58,UNVR,RG,3850,1,D,KK,SQ,D
14:45:58,UNVR,RG,3850,2,D,PD,SQ,D
14:45:58,UNVR,RG,3850,10,D,YP,SQ,D
14:45:58,UNVR,RG,3850,7,D,XC,SQ,D
14:45:58,UNVR,RG,3850,3,D,PD,SQ,D
14:45:58,UNVR,RG,3850,1,D,XL,SQ,D
14:45:58,UNVR,RG,3850,5,D,XC,SQ,D
14:45:58,UNVR,RG,3850,1,D,XC,SQ,D
14:45:58,UNVR,RG,3850,1,D,NI,SQ,D
14:45:58,UNVR,RG,3850,3,D,XC,SQ,D
14:45:58,UNVR,RG,3850,2,D,PD,SQ,D
14:45:58,UNVR,RG,3860,23,F,DX,PD,D
14:45:57,UNVR,RG,3850,1,D,PD,ZP,F
14:45:56,UNVR,RG,3860,1,F,YU,PD,D
14:45:56,UNVR,RG,3850,7,D,PD,DR,D
14:45:56,UNVR,RG,3850,1,D,NI,DR,D
14:45:56,UNVR,RG,3850,2,D,KK,DR,D
14:45:56,UNVR,RG,3850,2,D,KK,ZP,F
14:45:56,UNVR,RG,3850,1,D,KK,ZP,F
14:45:55,UNVR,RG,3860,113,F,ZP,PD,D
14:45:55,UNVR,RG,3860,1,F,ZP,PD,D
14:45:55,UNVR,RG,3860,1,F,ZP,PD,D
14:45:55,UNVR,RG,3860,4,F,ZP,PD,D
14:45:55,UNVR,RG,3860,154,F,ZP,CC,D
14:45:55,UNVR,RG,3860,20,F,DX,CC,D
14:45:54,UNVR,RG,3850,45,D,KK,ZP,F
14:45:54,UNVR,RG,3850,20,D,PD,ZP,F
14:45:54,UNVR,RG,3850,1,D,AN,ZP,F
14:45:54,UNVR,RG,3850,3,D,XC,ZP,F
14:45:54,UNVR,RG,3850,2,D,NI,ZP,F
14:45:54,UNVR,RG,3850,5,D,SQ,ZP,F
14:45:54,UNVR,RG,3850,1,D,PD,ZP,F
14:45:54,UNVR,RG,3850,1,D,OD,ZP,F
14:45:54,UNVR,RG,3850,1,D,PD,ZP,F
14:45:54,UNVR,RG,3850,2,D,NI,ZP,F
14:45:54,UNVR,RG,3850,1,D,CC,ZP,F
14:45:54,UNVR,RG,3850,10,D,NI,ZP,F
14:45:54,UNVR,RG,3850,1,D,XC,ZP,F
14:45:54,UNVR,RG,3850,3,D,PD,ZP,F
14:45:54,UNVR,RG,3850,54,D,PD,ZP,F
14:45:54,UNVR,RG,3850,8,D,YP,ZP,F
14:45:54,UNVR,RG,3860,20,D,YP,CC,D
14:45:53,UNVR,RG,3860,23,F,DX,CC,D
14:45:52,UNVR,RG,3860,11,F,BK,CC,D
14:45:51,UNVR,RG,3860,27,F,DX,CC,D
14:45:51,UNVR,RG,3850,2,D,YP,XC,D
14:45:51,UNVR,RG,3850,3,D,PD,XC,D
14:45:51,UNVR,RG,3850,1,D,PD,XC,D
14:45:50,UNVR,RG,3860,1,D,YP,CC,D
14:45:49,UNVR,RG,3860,35,F,DX,CC,D
14:45:47,UNVR,RG,3860,13,D,YP,CC,D
14:45:47,UNVR,RG,3860,123,F,DP,CC,D
14:45:46,UNVR,RG,3860,27,F,DX,CC,D
14:45:45,UNVR,RG,3860,1,F,AK,CC,D
14:45:45,UNVR,RG,3860,13,F,AK,CC,D
14:45:43,UNVR,RG,3860,30,F,DX,CC,D
14:45:42,UNVR,RG,3860,12,F,BK,CC,D
14:45:41,UNVR,RG,3860,10,D,CC,CC,D
14:45:40,UNVR,RG,3860,30,F,DX,CC,D
14:45:39,UNVR,RG,3860,1,F,YU,CC,D
14:45:38,UNVR,RG,3850,3,D,TP,ZP,F
14:45:37,UNVR,RG,3850,7,D,TP,ZP,F
14:45:37,UNVR,RG,3850,1,D,KK,ZP,F
14:45:37,UNVR,RG,3850,5,D,PD,ZP,F
14:45:37,UNVR,RG,3850,5,D,TP,ZP,F
14:45:37,UNVR,RG,3850,1,D,YP,ZP,F
14:45:37,UNVR,RG,3850,20,D,YP,ZP,F
14:45:37,UNVR,RG,3850,1,D,YP,ZP,F
14:45:37,UNVR,RG,3850,10,D,NI,ZP,F
14:45:37,UNVR,RG,3850,25,D,YP,ZP,F
14:45:37,UNVR,RG,3850,5,D,CC,ZP,F
14:45:37,UNVR,RG,3850,2,D,OD,ZP,F
14:45:37,UNVR,RG,3850,1,D,YP,ZP,F
14:45:37,UNVR,RG,3850,1,D,XL,ZP,F
14:45:37,UNVR,RG,3850,82,D,ZP,ZP,F
14:45:37,UNVR,RG,3860,27,F,DX,CC,D
14:45:36,UNVR,RG,3860,100,D,RG,CC,D
14:45:34,UNVR,RG,3860,21,F,DX,CC,D
14:45:32,UNVR,RG,3860,3,F,ZP,CC,D
14:45:32,UNVR,RG,3860,19,F,DX,CC,D
14:45:32,UNVR,RG,3860,150,D,GR,CC,D
14:45:31,UNVR,RG,3850,170,D,ZP,YU,D
14:45:30,UNVR,RG,3860,11,F,BK,CC,D
14:45:30,UNVR,RG,3860,1,F,YU,CC,D
14:45:30,UNVR,RG,3860,24,F,DX,CC,D
14:45:28,UNVR,RG,3860,20,F,DX,CC,D
14:45:26,UNVR,RG,3860,19,F,DX,CC,D
14:45:24,UNVR,RG,3860,41,F,DX,CC,D
14:45:24,UNVR,RG,3860,50,D,CD,CC,D
14:45:22,UNVR,RG,3860,1,D,RB,CC,D
14:45:21,UNVR,RG,3850,4,D,ZP,ZP,F
14:45:21,UNVR,RG,3860,39,F,ZP,CC,D
14:45:21,UNVR,RG,3860,19,F,DX,CC,D
14:45:20,UNVR,RG,3860,11,F,BK,CC,D
14:45:19,UNVR,RG,3850,176,D,ZP,ZP,F
14:45:19,UNVR,RG,3860,18,F,DX,CC,D
14:45:19,UNVR,RG,3860,1,F,YU,CC,D
14:45:17,UNVR,RG,3850,3,D,ZP,ZP,F
14:45:16,UNVR,RG,3860,256,F,ZP,CC,D
14:45:15,UNVR,RG,3860,4,F,AK,CC,D
14:45:15,UNVR,RG,3860,1,F,AK,CC,D
14:45:14,UNVR,RG,3860,20,F,DX,CC,D
14:45:13,UNVR,RG,3850,12,D,ZP,BK,F
14:45:12,UNVR,RG,3860,20,F,DX,CC,D
14:45:10,UNVR,RG,3850,14,D,ZP,ZP,F
14:45:07,UNVR,RG,3860,23,F,DX,CC,D
14:45:06,UNVR,RG,3860,26,D,DR,CC,D
14:45:06,UNVR,RG,3860,12,F,BK,CC,D
14:45:05,UNVR,RG,3860,46,F,DX,CC,D
14:45:05,UNVR,RG,3860,1,F,YU,CC,D
14:45:03,UNVR,RG,3850,3,D,ZP,ZP,F
14:45:02,UNVR,RG,3850,1,D,ZP,ZP,F
14:45:02,UNVR,RG,3860,38,F,DX,CC,D
14:45:01,UNVR,RG,3860,4,D,KK,CC,D
14:45:00,UNVR,RG,3850,24,D,ZP,ZP,F
14:45:00,UNVR,RG,3860,26,F,DX,CC,D
14:44:57,UNVR,RG,3860,15,F,DX,CC,D
14:44:56,UNVR,RG,3860,15,F,BK,CC,D
14:44:55,UNVR,RG,3860,1,D,CC,CC,D
14:44:54,UNVR,RG,3860,20,F,DX,CC,D
14:44:54,UNVR,RG,3860,1,D,PD,CC,D
14:44:54,UNVR,RG,3860,52,F,DX,CC,D
14:44:53,UNVR,RG,3860,1,F,YU,CC,D
14:44:51,UNVR,RG,3860,60,D,RG,CC,D
14:44:51,UNVR,RG,3860,36,F,DX,CC,D
14:44:50,UNVR,RG,3860,1,D,KK,CC,D
14:44:48,UNVR,RG,3860,16,F,DX,CC,D
14:44:46,UNVR,RG,3860,55,F,DX,CC,D
14:44:46,UNVR,RG,3850,1,D,ZP,PD,D
14:44:45,UNVR,RG,3850,2,D,ZP,ZP,F
14:44:44,UNVR,RG,3860,5,F,CS,CC,D
14:44:44,UNVR,RG,3860,6,F,CS,CC,D
14:44:44,UNVR,RG,3860,22,F,CS,CC,D
14:44:44,UNVR,RG,3860,8,F,CS,CC,D
14:44:44,UNVR,RG,3850,2,D,ZP,ZP,F
14:44:44,UNVR,RG,3860,2,F,CS,CC,D
14:44:44,UNVR,RG,3860,287,F,ZP,CC,D
14:44:44,UNVR,RG,3860,3,F,ZP,CC,D
14:44:43,UNVR,RG,3860,31,F,DX,CC,D
14:44:41,UNVR,RG,3860,28,F,DX,CC,D
14:44:41,UNVR,RG,3860,3,D,LG,CC,D
14:44:40,UNVR,RG,3860,20,D,NI,CC,D
14:44:38,UNVR,RG,3860,12,F,BK,CC,D
14:44:38,UNVR,RG,3850,4,D,ZP,PD,D
14:44:37,UNVR,RG,3860,1,F,YU,CC,D
14:44:37,UNVR,RG,3860,22,F,DX,CC,D
14:44:35,UNVR,RG,3860,3,D,KK,CC,D
14:44:35,UNVR,RG,3860,18,F,DX,CC,D
14:44:34,UNVR,RG,3860,13,F,BK,CC,D
14:44:34,UNVR,RG,3860,1,D,PD,CC,D
14:44:33,UNVR,RG,3860,15,F,DX,CC,D
14:44:32,UNVR,RG,3860,21,F,DX,CC,D
14:44:30,UNVR,RG,3850,2,D,ZP,KK,D
14:44:30,UNVR,RG,3850,25,D,NI,KK,D
14:44:30,UNVR,RG,3850,15,D,DX,KK,D
14:44:30,UNVR,RG,3850,2,D,PD,KK,D
14:44:30,UNVR,RG,3850,25,D,PD,KK,D
14:44:30,UNVR,RG,3850,1,D,PD,KK,D
14:44:30,UNVR,RG,3850,10,D,NI,KK,D
14:44:30,UNVR,RG,3850,10,D,PD,KK,D
14:44:30,UNVR,RG,3850,2,D,YP,KK,D
14:44:30,UNVR,RG,3850,1,D,NI,KK,D
14:44:30,UNVR,RG,3850,10,D,DH,KK,D
14:44:30,UNVR,RG,3850,3,D,NI,KK,D
14:44:30,UNVR,RG,3850,1,D,DH,KK,D
14:44:30,UNVR,RG,3850,1,D,YP,KK,D
14:44:30,UNVR,RG,3850,1,D,YP,KK,D
14:44:30,UNVR,RG,3850,2,D,XC,KK,D
14:44:30,UNVR,RG,3850,1,D,YP,KK,D
14:44:30,UNVR,RG,3850,1,D,XC,KK,D
14:44:30,UNVR,RG,3850,1,D,XC,KK,D
14:44:30,UNVR,RG,3850,25,D,PD,KK,D
14:44:30,UNVR,RG,3850,10,D,YU,KK,D
14:44:30,UNVR,RG,3850,20,D,XC,KK,D
14:44:30,UNVR,RG,3850,1,D,PD,KK,D
14:44:30,UNVR,RG,3850,1,D,PD,KK,D
14:44:30,UNVR,RG,3850,10,D,KK,KK,D
14:44:30,UNVR,RG,3850,3,D,CC,KK,D
14:44:30,UNVR,RG,3850,1,D,YP,KK,D
14:44:30,UNVR,RG,3850,6,D,KK,KK,D
14:44:30,UNVR,RG,3850,10,D,PD,KK,D
14:44:30,UNVR,RG,3850,1,D,YP,KK,D
14:44:30,UNVR,RG,3850,5,D,AZ,KK,D
14:44:30,UNVR,RG,3850,1,D,PD,KK,D
14:44:30,UNVR,RG,3850,2,D,XC,KK,D
14:44:30,UNVR,RG,3850,2,D,XC,KK,D
14:44:30,UNVR,RG,3850,10,D,DR,KK,D
14:44:30,UNVR,RG,3850,2,D,YP,KK,D
14:44:30,UNVR,RG,3850,1,D,YP,KK,D
14:44:30,UNVR,RG,3850,3,D,NI,KK,D
14:44:30,UNVR,RG,3850,70,D,XL,KK,D
14:44:30,UNVR,RG,3850,2,D,PD,KK,D
14:44:30,UNVR,RG,3850,1,D,XL,KK,D
14:44:30,UNVR,RG,3850,200,D,CP,KK,D
14:44:30,UNVR,RG,3850,20,D,CC,KK,D
14:44:30,UNVR,RG,3850,1,D,PD,KK,D
14:44:30,UNVR,RG,3850,1,D,CC,KK,D
14:44:30,UNVR,RG,3850,2,D,PD,KK,D
14:44:30,UNVR,RG,3850,1,D,XC,KK,D
14:44:30,UNVR,RG,3850,1,D,SQ,KK,D
14:44:30,UNVR,RG,3850,10,D,CC,KK,D
14:44:30,UNVR,RG,3850,50,D,DH,KK,D
14:44:30,UNVR,RG,3850,1,D,XC,KK,D
14:44:30,UNVR,RG,3850,1,D,EP,KK,D
14:44:30,UNVR,RG,3850,10,D,PD,KK,D
14:44:30,UNVR,RG,3850,2,D,XC,KK,D
14:44:30,UNVR,RG,3850,2,D,CC,KK,D
14:44:30,UNVR,RG,3850,20,D,SQ,KK,D
14:44:30,UNVR,RG,3850,15,D,YP,KK,D
14:44:30,UNVR,RG,3850,3,D,XC,KK,D
14:44:30,UNVR,RG,3850,2,D,CC,KK,D
14:44:30,UNVR,RG,3850,13,D,NI,KK,D
14:44:30,UNVR,RG,3850,5,D,HP,KK,D
14:44:30,UNVR,RG,3850,5,D,GR,KK,D
14:44:30,UNVR,RG,3850,3,D,PD,KK,D
14:44:30,UNVR,RG,3850,1,D,NI,KK,D
14:44:30,UNVR,RG,3850,1,D,XC,KK,D
14:44:30,UNVR,RG,3850,15,D,XL,KK,D
14:44:30,UNVR,RG,3850,6,D,XC,KK,D
14:44:30,UNVR,RG,3850,15,D,LG,KK,D
14:44:30,UNVR,RG,3850,4,D,NI,KK,D
14:44:30,UNVR,RG,3850,10,D,YP,KK,D
14:44:30,UNVR,RG,3850,5,D,CC,KK,D
14:44:30,UNVR,RG,3850,13,D,PD,KK,D
14:44:30,UNVR,RG,3850,1,D,XL,KK,D
14:44:30,UNVR,RG,3850,1,D,NI,KK,D
14:44:30,UNVR,RG,3850,1,D,NI,KK,D
14:44:30,UNVR,RG,3850,1,D,SQ,KK,D
14:44:30,UNVR,RG,3850,1,D,OD,KK,D
14:44:30,UNVR,RG,3850,1,D,XC,KK,D
14:44:30,UNVR,RG,3850,10,D,NI,KK,D
14:44:30,UNVR,RG,3850,1,D,SQ,KK,D
14:44:30,UNVR,RG,3850,1,D,IF,KK,D
14:44:30,UNVR,RG,3850,5,D,NI,KK,D
14:44:30,UNVR,RG,3850,20,D,YP,KK,D
14:44:30,UNVR,RG,3850,1,D,PD,KK,D
14:44:30,UNVR,RG,3850,2,D,NI,KK,D
14:44:30,UNVR,RG,3850,2,D,YP,KK,D
14:44:30,UNVR,RG,3850,2,D,XC,KK,D
14:44:30,UNVR,RG,3850,1,D,PD,KK,D
14:44:30,UNVR,RG,3850,1,D,PD,KK,D
14:44:30,UNVR,RG,3850,3,D,CC,KK,D
14:44:30,UNVR,RG,3850,5,D,PD,KK,D
14:44:30,UNVR,RG,3850,100,D,HP,KK,D
14:44:30,UNVR,RG,3850,1,D,NI,KK,D
14:44:30,UNVR,RG,3850,5,D,YP,KK,D
14:44:30,UNVR,RG,3850,1,D,SQ,KK,D
14:44:30,UNVR,RG,3850,1,D,PD,KK,D
14:44:30,UNVR,RG,3850,1,D,PD,KK,D
14:44:30,UNVR,RG,3850,5,D,CC,KK,D
14:44:30,UNVR,RG,3850,5,D,SQ,KK,D
14:44:30,UNVR,RG,3850,19,D,XC,KK,D
14:44:30,UNVR,RG,3850,1,D,YP,KK,D
14:44:30,UNVR,RG,3850,1,D,PD,KK,D
14:44:30,UNVR,RG,3850,20,D,CC,KK,D
14:44:30,UNVR,RG,3850,50,F,YP,KK,D
14:44:30,UNVR,RG,3850,20,D,PD,KK,D
14:44:30,UNVR,RG,3850,1,D,PD,KK,D
14:44:30,UNVR,RG,3850,10,D,YP,KK,D
14:44:30,UNVR,RG,3850,45,D,YP,KK,D
14:44:30,UNVR,RG,3850,8,D,TP,KK,D
14:44:30,UNVR,RG,3850,1,D,YP,KK,D
14:44:30,UNVR,RG,3850,1,D,XC,KK,D
14:44:30,UNVR,RG,3850,1,D,PD,KK,D
14:44:30,UNVR,RG,3850,1,D,PD,KK,D
14:44:30,UNVR,RG,3850,2,D,KK,KK,D
14:44:30,UNVR,RG,3850,2,D,YP,KK,D
14:44:30,UNVR,RG,3850,1,D,XC,KK,D
14:44:30,UNVR,RG,3850,1,D,NI,KK,D
14:44:30,UNVR,RG,3850,1,D,YP,KK,D
14:44:30,UNVR,RG,3850,1,D,PD,KK,D
14:44:30,UNVR,RG,3850,1,D,DH,KK,D
14:44:30,UNVR,RG,3850,1,D,NI,KK,D
14:44:30,UNVR,RG,3850,1,D,YP,KK,D
14:44:30,UNVR,RG,3850,50,D,CD,KK,D
14:44:30,UNVR,RG,3850,3,D,CC,KK,D
14:44:30,UNVR,RG,3850,1,D,XC,KK,D
14:44:30,UNVR,RG,3850,100,D,SQ,KK,D
14:44:30,UNVR,RG,3850,1,D,XC,KK,D
14:44:30,UNVR,RG,3850,1,D,PD,KK,D
14:44:30,UNVR,RG,3850,20,D,SQ,KK,D
14:44:30,UNVR,RG,3850,1,D,YP,KK,D
14:44:30,UNVR,RG,3850,2,D,CC,KK,D
14:44:30,UNVR,RG,3850,1,D,NI,KK,D
14:44:30,UNVR,RG,3850,1,D,XC,KK,D
14:44:30,UNVR,RG,3850,50,D,DH,KK,D
14:44:30,UNVR,RG,3850,1,D,PD,KK,D
14:44:30,UNVR,RG,3850,2,D,PD,KK,D
14:44:30,UNVR,RG,3850,3,D,SQ,KK,D
14:44:30,UNVR,RG,3850,2,D,KK,KK,D
14:44:30,UNVR,RG,3850,10,D,SQ,KK,D
14:44:30,UNVR,RG,3850,1,D,KK,KK,D
14:44:30,UNVR,RG,3850,3,D,SQ,KK,D
14:44:30,UNVR,RG,3850,10,D,CC,KK,D
14:44:30,UNVR,RG,3850,30,D,YP,KK,D
14:44:30,UNVR,RG,3850,1,D,XC,KK,D
14:44:30,UNVR,RG,3850,25,D,CP,KK,D
14:44:30,UNVR,RG,3850,50,D,NI,KK,D
14:44:30,UNVR,RG,3850,1,D,XC,KK,D
14:44:30,UNVR,RG,3850,2,D,SQ,KK,D
14:44:30,UNVR,RG,3850,6,D,KK,KK,D
14:44:30,UNVR,RG,3850,2,D,NI,KK,D
14:44:30,UNVR,RG,3850,1,D,YP,KK,D
14:44:30,UNVR,RG,3850,1,D,KK,KK,D
14:44:30,UNVR,RG,3850,2,D,KK,KK,D
14:44:30,UNVR,RG,3850,2,D,NI,KK,D
14:44:30,UNVR,RG,3850,1,D,PD,KK,D
14:44:30,UNVR,RG,3850,2,D,XC,KK,D
14:44:30,UNVR,RG,3850,10,D,ZP,KK,D
14:44:30,UNVR,RG,3850,1,D,XC,KK,D
14:44:30,UNVR,RG,3850,2,D,SQ,KK,D
14:44:30,UNVR,RG,3850,10,D,IH,KK,D
14:44:30,UNVR,RG,3850,2,D,XC,KK,D
14:44:30,UNVR,RG,3850,1,D,PD,KK,D
14:44:30,UNVR,RG,3850,5,D,PD,KK,D
14:44:30,UNVR,RG,3850,1,D,NI,KK,D
14:44:30,UNVR,RG,3850,10,D,YP,KK,D
14:44:30,UNVR,RG,3850,3,D,XC,KK,D
14:44:30,UNVR,RG,3850,20,D,SQ,KK,D
14:44:30,UNVR,RG,3850,10,D,YP,KK,D
14:44:30,UNVR,RG,3850,10,D,YP,KK,D
14:44:30,UNVR,RG,3850,5,D,SQ,KK,D
14:44:30,UNVR,RG,3850,1,D,NI,KK,D
14:44:30,UNVR,RG,3850,2,D,XC,KK,D
14:44:30,UNVR,RG,3850,10,D,YP,KK,D
14:44:30,UNVR,RG,3850,5,D,XC,KK,D
14:44:30,UNVR,RG,3850,5,D,DR,KK,D
14:44:30,UNVR,RG,3850,5,D,PD,KK,D
14:44:30,UNVR,RG,3850,3,D,YP,KK,D
14:44:30,UNVR,RG,3850,1,D,PD,KK,D
14:44:30,UNVR,RG,3850,1,D,KK,KK,D
14:44:30,UNVR,RG,3850,1,D,NI,KK,D
14:44:30,UNVR,RG,3850,20,D,OD,KK,D
14:44:30,UNVR,RG,3850,1,D,YP,KK,D
14:44:30,UNVR,RG,3850,1,D,NI,KK,D
14:44:30,UNVR,RG,3850,1,D,PD,KK,D
14:44:30,UNVR,RG,3850,3,D,PD,KK,D
14:44:30,UNVR,RG,3850,2,D,YP,KK,D
14:44:30,UNVR,RG,3850,1,D,YU,KK,D
14:44:30,UNVR,RG,3850,1,D,CC,KK,D
14:44:30,UNVR,RG,3850,10,D,YU,KK,D
14:44:30,UNVR,RG,3850,1,D,XC,KK,D
14:44:30,UNVR,RG,3850,5,D,PD,KK,D
14:44:30,UNVR,RG,3850,3,D,YP,KK,D
14:44:30,UNVR,RG,3850,1,D,PD,KK,D
14:44:30,UNVR,RG,3850,10,D,YP,KK,D
14:44:30,UNVR,RG,3850,1,D,YP,KK,D
14:44:30,UNVR,RG,3850,1,D,KK,KK,D
14:44:30,UNVR,RG,3850,1,D,PD,KK,D
14:44:30,UNVR,RG,3850,2,D,SQ,KK,D
14:44:30,UNVR,RG,3850,1,D,PD,KK,D
14:44:30,UNVR,RG,3850,1,D,CC,KK,D
14:44:30,UNVR,RG,3850,1,D,YP,KK,D
14:44:30,UNVR,RG,3850,4,D,PD,KK,D
14:44:30,UNVR,RG,3850,8,D,SQ,KK,D
14:44:30,UNVR,RG,3850,1,D,DH,KK,D
14:44:30,UNVR,RG,3850,10,D,CC,KK,D
14:44:30,UNVR,RG,3850,1,D,NI,KK,D
14:44:30,UNVR,RG,3850,1,D,PD,KK,D
14:44:30,UNVR,RG,3850,1,D,PD,KK,D
14:44:30,UNVR,RG,3850,20,D,OD,KK,D
14:44:30,UNVR,RG,3850,20,D,CC,KK,D
14:44:30,UNVR,RG,3850,6,D,AT,KK,D
14:44:30,UNVR,RG,3850,5,D,PD,KK,D
14:44:30,UNVR,RG,3850,1,D,YP,KK,D
14:44:30,UNVR,RG,3850,5,D,YP,KK,D
14:44:30,UNVR,RG,3850,2,D,EP,KK,D
14:44:30,UNVR,RG,3850,2,D,PD,KK,D
14:44:30,UNVR,RG,3850,10,D,TP,KK,D
14:44:30,UNVR,RG,3850,1,D,NI,KK,D
14:44:30,UNVR,RG,3850,10,D,AT,KK,D
14:44:30,UNVR,RG,3850,2,D,NI,KK,D
14:44:30,UNVR,RG,3850,1,D,PD,KK,D
14:44:30,UNVR,RG,3850,10,D,CC,KK,D
14:44:30,UNVR,RG,3850,1,D,CC,KK,D
14:44:30,UNVR,RG,3850,10,D,XC,KK,D
14:44:30,UNVR,RG,3850,13,D,CC,KK,D
14:44:30,UNVR,RG,3850,1,D,PD,KK,D
14:44:30,UNVR,RG,3850,1,D,XC,KK,D
14:44:30,UNVR,RG,3850,1,D,NI,KK,D
14:44:30,UNVR,RG,3850,1,D,KK,KK,D
14:44:30,UNVR,RG,3850,2,D,CC,KK,D
14:44:30,UNVR,RG,3850,1,D,NI,KK,D
14:44:30,UNVR,RG,3850,1,D,YP,KK,D
14:44:30,UNVR,RG,3850,1,D,YP,KK,D
14:44:30,UNVR,RG,3850,1,D,PD,KK,D
14:44:30,UNVR,RG,3850,20,D,CP,KK,D
14:44:30,UNVR,RG,3850,1,D,LG,KK,D
14:44:30,UNVR,RG,3850,3,D,NI,KK,D
14:44:30,UNVR,RG,3850,16,D,XC,KK,D
14:44:30,UNVR,RG,3850,1,D,XC,KK,D
14:44:30,UNVR,RG,3850,1,D,DH,KK,D
14:44:30,UNVR,RG,3850,5,D,RO,KK,D
14:44:30,UNVR,RG,3850,20,D,YP,KK,D
14:44:30,UNVR,RG,3850,20,D,CC,KK,D
14:44:30,UNVR,RG,3850,1,D,KK,KK,D
14:44:30,UNVR,RG,3850,52,D,PD,KK,D
14:44:30,UNVR,RG,3850,2,D,YP,KK,D
14:44:30,UNVR,RG,3850,5,D,PD,KK,D
14:44:30,UNVR,RG,3850,500,D,CC,KK,D
14:44:30,UNVR,RG,3850,1,D,XC,KK,D
14:44:30,UNVR,RG,3850,10,D,DH,KK,D
14:44:30,UNVR,RG,3850,2,D,NI,KK,D
14:44:30,UNVR,RG,3850,1,D,CC,KK,D
14:44:30,UNVR,RG,3850,1,D,PD,KK,D
14:44:30,UNVR,RG,3850,1,D,CC,KK,D
14:44:30,UNVR,RG,3850,10,D,CC,KK,D
14:44:30,UNVR,RG,3850,2,D,PD,KK,D
14:44:30,UNVR,RG,3850,500,D,DR,KK,D
14:44:30,UNVR,RG,3850,1,D,SQ,KK,D
14:44:30,UNVR,RG,3850,3,D,PD,KK,D
14:44:30,UNVR,RG,3850,3,D,SQ,KK,D
14:44:30,UNVR,RG,3850,1,D,CC,KK,D
14:44:30,UNVR,RG,3850,2,D,PD,KK,D
14:44:30,UNVR,RG,3850,1,D,PD,KK,D
14:44:30,UNVR,RG,3850,10,D,EP,KK,D
14:44:30,UNVR,RG,3850,1,D,CC,KK,D
14:44:30,UNVR,RG,3850,50,D,YP,KK,D
14:44:30,UNVR,RG,3850,2,D,YP,KK,D
14:44:30,UNVR,RG,3850,10,D,YP,KK,D
14:44:30,UNVR,RG,3850,1,D,PD,KK,D
14:44:30,UNVR,RG,3850,3,D,XC,KK,D
14:44:30,UNVR,RG,3860,22,F,DX,CC,D
14:44:29,UNVR,RG,3850,2,D,XC,ZP,F
14:44:28,UNVR,RG,3850,2,D,XC,ZP,F
14:44:26,UNVR,RG,3860,1,F,YU,CC,D
14:44:23,UNVR,RG,3860,20,F,DX,CC,D
14:44:21,UNVR,RG,3860,2,D,NI,CC,D
14:44:21,UNVR,RG,3860,21,F,DX,CC,D
14:44:19,UNVR,RG,3860,36,F,DX,CC,D
14:44:15,UNVR,RG,3860,29,F,DX,CC,D
14:44:13,UNVR,RG,3850,4,D,XC,YP,D
14:44:13,UNVR,RG,3850,2,D,XC,YP,D
14:44:13,UNVR,RG,3850,4,D,DR,YP,D
14:44:12,UNVR,RG,3860,15,F,DX,CC,D
14:44:12,UNVR,RG,3850,1,D,DR,ZP,F
14:44:11,UNVR,RG,3850,2,D,PD,ZP,F
14:44:10,UNVR,RG,3860,21,F,DX,CC,D
14:44:10,UNVR,RG,3860,16,F,BK,CC,D
14:44:08,UNVR,RG,3860,16,F,DX,CC,D
14:44:08,UNVR,RG,3860,240,F,ZP,CC,D
14:44:07,UNVR,RG,3850,3,D,PD,YU,D
14:44:07,UNVR,RG,3850,10,D,PD,YU,D
14:44:07,UNVR,RG,3850,1,D,PD,YU,D
14:44:07,UNVR,RG,3850,20,D,KI,YU,D
14:44:07,UNVR,RG,3850,5,D,HP,YU,D
14:44:07,UNVR,RG,3850,10,D,AI,YU,D
14:44:07,UNVR,RG,3850,1,D,PD,YU,D
14:44:07,UNVR,RG,3850,1,D,PD,YU,D
14:44:07,UNVR,RG,3850,35,D,YP,YU,D
14:44:07,UNVR,RG,3850,1,D,PD,YU,D
14:44:07,UNVR,RG,3850,1,D,XC,YU,D
14:44:07,UNVR,RG,3850,1,D,BQ,YU,D
14:44:07,UNVR,RG,3850,1,D,PD,YU,D
14:44:07,UNVR,RG,3850,1,D,KK,YU,D
14:44:07,UNVR,RG,3850,8,D,XL,YU,D
14:44:07,UNVR,RG,3850,100,D,YP,YU,D
14:44:07,UNVR,RG,3850,1,D,SQ,YU,D
14:44:07,UNVR,RG,3850,5,D,CC,YU,D
14:44:07,UNVR,RG,3850,2,D,NI,YU,D
14:44:07,UNVR,RG,3850,13,F,PD,YU,D
14:44:06,UNVR,RG,3860,2,F,YU,CC,D
14:44:05,UNVR,RG,3860,1,D,PD,CC,D
14:44:03,UNVR,RG,3860,14,F,DX,CC,D
14:44:01,UNVR,RG,3860,3,D,CC,CC,D
14:44:01,UNVR,RG,3850,10,F,PD,BK,F
14:44:00,UNVR,RG,3860,17,F,DX,CC,D
14:44:00,UNVR,RG,3860,5,F,AK,CC,D
14:43:55,UNVR,RG,3860,13,F,DX,CC,D
14:43:53,UNVR,RG,3860,19,F,DX,CC,D
14:43:53,UNVR,RG,3860,17,F,BK,CC,D
14:43:52,UNVR,RG,3850,3,F,PD,ZP,F
14:43:51,UNVR,RG,3860,49,F,DX,CC,D
14:43:47,UNVR,RG,3860,1,D,XL,CC,D
14:43:46,UNVR,RG,3860,21,F,DX,CC,D
14:43:45,UNVR,RG,3860,1,F,AK,CC,D
14:43:45,UNVR,RG,3860,17,F,DX,CC,D
14:43:43,UNVR,RG,3850,3,F,PD,CC,D
14:43:43,UNVR,RG,3860,21,F,DX,CC,D
14:43:43,UNVR,RG,3860,12,F,BK,CC,D
14:43:42,UNVR,RG,3860,55,F,DX,CC,D
14:43:41,UNVR,RG,3850,19,F,PD,PD,D
14:43:41,UNVR,RG,3850,9,F,PD,PD,D
14:43:41,UNVR,RG,3850,13,F,PD,PD,D
14:43:41,UNVR,RG,3850,18,D,XL,PD,D
14:43:41,UNVR,RG,3850,2,D,XL,PD,D
14:43:41,UNVR,RG,3850,1,D,SQ,PD,D
14:43:41,UNVR,RG,3850,9,D,CC,PD,D
14:43:40,UNVR,RG,3850,1,D,CC,PD,D
14:43:40,UNVR,RG,3850,1,D,PD,PD,D
14:43:40,UNVR,RG,3850,10,D,SQ,PD,D
14:43:40,UNVR,RG,3850,1,D,NI,PD,D
14:43:40,UNVR,RG,3850,1,D,CC,PD,D
14:43:40,UNVR,RG,3850,10,D,LG,PD,D
14:43:40,UNVR,RG,3850,3,D,XA,PD,D
14:43:40,UNVR,RG,3850,50,D,PD,PD,D
14:43:40,UNVR,RG,3850,30,D,SQ,PD,D
14:43:40,UNVR,RG,3850,26,D,PD,PD,D
14:43:40,UNVR,RG,3850,1,D,PD,PD,D
14:43:40,UNVR,RG,3850,65,D,PD,PD,D
14:43:40,UNVR,RG,3850,10,D,NI,PD,D
14:43:40,UNVR,RG,3850,10,D,YB,PD,D
14:43:40,UNVR,RG,3850,10,D,CC,PD,D
14:43:40,UNVR,RG,3850,7,D,PD,PD,D
14:43:40,UNVR,RG,3860,30,D,NI,CC,D
14:43:39,UNVR,RG,3860,19,F,DX,CC,D
14:43:38,UNVR,RG,3860,430,F,ZP,CC,D
14:43:38,UNVR,RG,3860,4,F,ZP,CC,D
14:43:37,UNVR,RG,3860,2,F,YU,CC,D
14:43:37,UNVR,RG,3860,123,F,DP,CC,D
14:43:36,UNVR,RG,3850,3,D,PD,ZP,F
14:43:35,UNVR,RG,3860,1,D,PD,CC,D
14:43:34,UNVR,RG,3860,5,D,CC,CC,D
14:43:33,UNVR,RG,3860,18,F,DX,CC,D
14:43:33,UNVR,RG,3860,11,F,BK,CC,D
14:43:32,UNVR,RG,3860,1,D,XC,CC,D
14:43:29,UNVR,RG,3860,16,F,DX,CC,D
14:43:26,UNVR,RG,3860,1,D,NI,CC,D
14:43:25,UNVR,RG,3850,1,D,YP,KK,D
14:43:25,UNVR,RG,3850,1,D,CC,KK,D
14:43:25,UNVR,RG,3850,5,D,OD,KK,D
14:43:25,UNVR,RG,3850,1,D,PD,KK,D
14:43:25,UNVR,RG,3850,2,D,YP,KK,D
14:43:25,UNVR,RG,3850,2,D,YJ,KK,D
14:43:25,UNVR,RG,3850,2,D,XC,KK,D
14:43:25,UNVR,RG,3850,2,D,XC,KK,D
14:43:24,UNVR,RG,3860,23,F,DX,CC,D
14:43:21,UNVR,RG,3860,1,D,CC,CC,D
14:43:19,UNVR,RG,3860,11,F,BK,CC,D
14:43:19,UNVR,RG,3860,1,D,NI,CC,D
14:43:19,UNVR,RG,3850,1,D,CC,ZP,F
14:43:19,UNVR,RG,3850,1,D,NI,ZP,F
14:43:19,UNVR,RG,3860,5,D,DH,CC,D
14:43:19,UNVR,RG,3860,20,F,DX,CC,D
14:43:18,UNVR,RG,3850,4,D,NI,DR,D
14:43:18,UNVR,RG,3850,5,D,HP,DR,D
14:43:17,UNVR,RG,3860,14,F,DX,CC,D
14:43:14,UNVR,RG,3850,2,D,PD,XL,D
14:43:14,UNVR,RG,3860,16,F,DX,CC,D
14:43:12,UNVR,RG,3860,2,F,YU,CC,D
14:43:12,UNVR,RG,3860,24,F,DX,CC,D
14:43:10,UNVR,RG,3860,22,F,DX,CC,D
14:43:07,UNVR,RG,3860,17,F,DX,CC,D
14:43:06,UNVR,RG,3860,79,D,LG,CC,D
14:43:06,UNVR,RG,3860,1,D,LG,PD,D
14:43:06,UNVR,RG,3860,25,D,LG,PD,D
14:43:06,UNVR,RG,3860,45,D,LG,CC,D
14:43:06,UNVR,RG,3860,15,F,BK,CC,D
14:43:05,UNVR,RG,3860,22,F,DX,CC,D
14:43:04,UNVR,RG,3850,4,D,PD,ZP,F
14:43:04,UNVR,RG,3850,1,D,PD,PD,D
14:43:03,UNVR,RG,3860,14,F,DX,CC,D
14:43:02,UNVR,RG,3860,14,F,DX,CC,D
14:43:00,UNVR,RG,3860,25,F,DX,CC,D
14:42:58,UNVR,RG,3860,4,D,NI,CC,D
14:42:57,UNVR,RG,3860,48,F,DX,CC,D
14:42:55,UNVR,RG,3860,29,F,DX,CC,D
14:42:52,UNVR,RG,3860,19,F,DX,CC,D
14:42:50,UNVR,RG,3860,15,D,YP,CC,D
14:42:50,UNVR,RG,3860,13,F,DX,CC,D
14:42:49,UNVR,RG,3860,10,F,BK,CC,D
14:42:49,UNVR,RG,3850,1,D,PD,ZP,F
14:42:48,UNVR,RG,3850,2,D,PD,ZP,F
14:42:48,UNVR,RG,3860,14,F,DX,CC,D
14:42:48,UNVR,RG,3860,2,F,YU,CC,D
14:42:47,UNVR,RG,3860,21,F,DX,CC,D
14:42:46,UNVR,RG,3860,11,F,BK,CC,D
14:42:46,UNVR,RG,3850,2,D,PD,PD,D
14:42:46,UNVR,RG,3860,11,D,PD,CC,D
14:42:45,UNVR,RG,3860,14,F,DX,CC,D
14:42:44,UNVR,RG,3860,5,D,YP,CC,D
14:42:44,UNVR,RG,3860,28,F,DX,CC,D
14:42:44,UNVR,RG,3860,21,F,ZP,CC,D
14:42:44,UNVR,RG,3860,384,F,ZP,CC,D
14:42:44,UNVR,RG,3860,6,F,ZP,CC,D
14:42:44,UNVR,RG,3860,14,F,DX,CC,D
14:42:43,UNVR,RG,3860,500,D,SQ,CC,D
14:42:43,UNVR,RG,3860,18,F,DX,CC,D
14:42:42,UNVR,RG,3860,7,D,EP,CC,D
14:42:41,UNVR,RG,3860,34,F,DX,CC,D
14:42:38,UNVR,RG,3860,28,F,DX,CC,D
14:42:35,UNVR,RG,3860,10,D,YP,CC,D
14:42:35,UNVR,RG,3860,13,F,DX,CC,D
14:42:35,UNVR,RG,3850,8,D,PD,BK,F
14:42:35,UNVR,RG,3850,1,D,YP,BK,F
14:42:35,UNVR,RG,3850,1,D,PD,BK,F
14:42:35,UNVR,RG,3850,1,D,XC,BK,F
14:42:33,UNVR,RG,3860,47,F,DX,CC,D
14:42:31,UNVR,RG,3860,24,F,DX,CC,D
14:42:31,UNVR,RG,3850,3,D,XC,ZP,F
14:42:30,UNVR,RG,3860,1,D,SQ,CC,D
14:42:29,UNVR,RG,3860,27,F,DX,CC,D
14:42:27,UNVR,RG,3860,23,F,DX,CC,D
14:42:26,UNVR,RG,3860,2,F,YU,CC,D
14:42:25,UNVR,RG,3860,20,F,BK,CC,D
14:42:25,UNVR,RG,3860,15,F,DX,CC,D
14:42:24,UNVR,RG,3860,5,D,YP,CC,D
14:42:22,UNVR,RG,3860,16,F,DX,CC,D
14:42:19,UNVR,RG,3860,6,D,YP,CC,D
14:42:19,UNVR,RG,3860,4,D,YP,CC,D
14:42:19,UNVR,RG,3860,1,D,KK,CC,D
14:42:18,UNVR,RG,3860,15,F,DX,CC,D
14:42:16,UNVR,RG,3860,2,F,DX,CC,D
14:42:16,UNVR,RG,3860,2,F,DX,EP,D
14:42:16,UNVR,RG,3860,2,F,DX,PD,D
14:42:16,UNVR,RG,3860,2,F,DX,PD,D
14:42:16,UNVR,RG,3860,8,F,DX,PD,D
14:42:15,UNVR,RG,3860,15,D,LG,PD,D
14:42:14,UNVR,RG,3860,3,F,DX,PD,D
14:42:14,UNVR,RG,3860,1,F,DX,YP,D
14:42:14,UNVR,RG,3860,1,F,DX,XC,D
14:42:14,UNVR,RG,3860,5,F,DX,XC,D
14:42:14,UNVR,RG,3860,5,F,DX,DR,D
14:42:14,UNVR,RG,3860,1,D,XL,DR,D
14:42:13,UNVR,RG,3860,4,D,YP,DR,D
14:42:12,UNVR,RG,3850,3,D,XC,ZP,F
14:42:09,UNVR,RG,3860,24,F,DX,DR,D
14:42:07,UNVR,RG,3860,2,F,DX,DR,D
14:42:07,UNVR,RG,3860,30,F,DX,ZP,F
14:42:05,UNVR,RG,3860,10,D,PD,ZP,F
14:42:05,UNVR,RG,3860,20,D,PD,ZP,F
14:42:05,UNVR,RG,3860,32,F,DX,ZP,F
14:42:02,UNVR,RG,3860,14,F,DX,ZP,F
14:42:01,UNVR,RG,3860,4,D,SQ,ZP,F
14:42:00,UNVR,RG,3860,17,F,DX,ZP,F
14:41:59,UNVR,RG,3850,3,D,XC,PD,D
14:41:59,UNVR,RG,3850,5,D,NI,PD,D
14:41:59,UNVR,RG,3850,2,D,XC,PD,D
14:41:57,UNVR,RG,3860,18,F,DX,ZP,F
14:41:56,UNVR,RG,3860,20,F,BK,ZP,F
14:41:56,UNVR,RG,3850,2,D,XC,ZP,F
14:41:55,UNVR,RG,3860,100,F,DX,ZP,F
14:41:53,UNVR,RG,3860,469,F,ZP,ZP,F
14:41:52,UNVR,RG,3860,745,D,NI,ZP,F
14:41:52,UNVR,RG,3860,26,D,NI,KK,D
14:41:52,UNVR,RG,3860,5,D,NI,YP,D
14:41:52,UNVR,RG,3860,13,D,NI,XC,D
14:41:52,UNVR,RG,3860,90,D,NI,ZP,F
14:41:52,UNVR,RG,3860,30,D,NI,EP,D
14:41:52,UNVR,RG,3860,1091,D,NI,CC,D
14:41:50,UNVR,RG,3860,2,F,YU,CC,D
14:41:49,UNVR,RG,3860,10,D,PD,CC,D
14:41:49,UNVR,RG,3860,18,F,DX,CC,D
14:41:46,UNVR,RG,3860,23,F,DX,CC,D
14:41:46,UNVR,RG,3860,2,D,YP,CC,D
14:41:45,UNVR,RG,3860,47,F,AK,CC,D
14:41:43,UNVR,RG,3860,16,F,DX,CC,D
14:41:41,UNVR,RG,3860,33,F,DX,CC,D
14:41:38,UNVR,RG,3860,23,F,DX,CC,D
14:41:38,UNVR,RG,3850,3,D,XC,ZP,F
14:41:37,UNVR,RG,3850,3,D,XC,ZP,F
14:41:37,UNVR,RG,3850,1,D,CC,ZP,F
14:41:37,UNVR,RG,3850,98,D,YU,ZP,F
14:41:36,UNVR,RG,3860,21,F,DX,CC,D
14:41:36,UNVR,RG,3860,23,F,BK,CC,D
14:41:36,UNVR,RG,3860,200,D,GR,CC,D
14:41:33,UNVR,RG,3860,2,F,ZP,CC,D
14:41:28,UNVR,RG,3860,3,D,XC,CC,D
14:41:26,UNVR,RG,3860,5,D,EP,CC,D
14:41:25,UNVR,RG,3860,12,F,BK,CC,D
14:41:24,UNVR,RG,3860,15,F,DX,CC,D
14:41:23,UNVR,RG,3860,2,F,YU,CC,D
14:41:21,UNVR,RG,3860,3,D,CC,CC,D
14:41:21,UNVR,RG,3850,2,D,YU,ZP,F
14:41:21,UNVR,RG,3850,95,D,YU,ZP,F
14:41:20,UNVR,RG,3860,1,D,CC,CC,D
14:41:17,UNVR,RG,3860,123,F,DP,CC,D
14:41:16,UNVR,RG,3860,24,F,DX,CC,D
14:41:13,UNVR,RG,3860,1,D,CC,CC,D
14:41:12,UNVR,RG,3850,20,D,YU,CC,D
14:41:10,UNVR,RG,3860,10,D,PD,CC,D
14:41:10,UNVR,RG,3860,1,D,PD,CC,D
14:41:08,UNVR,RG,3860,10,D,AG,CC,D
14:41:07,UNVR,RG,3860,19,F,DX,CC,D
14:41:05,UNVR,RG,3850,4,D,YU,ZP,F
14:41:04,UNVR,RG,3850,81,D,YU,ZP,F
14:41:04,UNVR,RG,3850,1,D,YJ,ZP,F
14:41:04,UNVR,RG,3850,5,D,NI,ZP,F
14:41:04,UNVR,RG,3850,1,D,XC,ZP,F
14:41:04,UNVR,RG,3850,2,D,CC,ZP,F
14:41:04,UNVR,RG,3850,1,D,PD,ZP,F
14:41:04,UNVR,RG,3850,41,D,CC,ZP,F
14:41:03,UNVR,RG,3860,17,F,BK,CC,D
14:41:03,UNVR,RG,3860,16,F,DX,CC,D
14:40:58,UNVR,RG,3860,23,F,DX,CC,D
14:40:54,UNVR,RG,3860,204,F,ZP,CC,D
14:40:54,UNVR,RG,3860,72,F,ZP,CC,D
14:40:53,UNVR,RG,3860,14,F,BK,CC,D
14:40:53,UNVR,RG,3860,45,F,CS,CC,D
14:40:52,UNVR,RG,3860,2,F,YU,CC,D
14:40:49,UNVR,RG,3850,2,D,CC,ZP,F
14:40:48,UNVR,RG,3860,17,F,DX,CC,D
14:40:45,UNVR,RG,3860,1,D,CC,CC,D
14:40:45,UNVR,RG,3860,10,F,AK,CC,D
14:40:45,UNVR,RG,3860,3,F,AK,CC,D
14:40:45,UNVR,RG,3850,88,D,CC,ZP,F
14:40:45,UNVR,RG,3850,30,D,CC,ZP,F
14:40:45,UNVR,RG,3850,1,D,XC,ZP,F
14:40:45,UNVR,RG,3850,1,D,NI,ZP,F
14:40:45,UNVR,RG,3850,10,D,IF,ZP,F
14:40:45,UNVR,RG,3850,3,D,CC,ZP,F
14:40:44,UNVR,RG,3860,17,F,DX,CC,D
14:40:42,UNVR,RG,3860,2,D,CC,CC,D
14:40:40,UNVR,RG,3860,21,F,DX,CC,D
14:40:39,UNVR,RG,3850,2,D,CC,AI,D
14:40:39,UNVR,RG,3850,2,D,YP,AI,D
14:40:39,UNVR,RG,3850,1,D,DH,AI,D
14:40:38,UNVR,RG,3860,200,D,LG,CC,D
14:40:36,UNVR,RG,3860,1,D,YP,CC,D
14:40:35,UNVR,RG,3860,50,D,CC,CC,D
14:40:35,UNVR,RG,3860,5,F,ZP,CC,D
14:40:34,UNVR,RG,3860,19,F,BK,CC,D
14:40:34,UNVR,RG,3860,17,F,DX,CC,D
14:40:33,UNVR,RG,3860,2,D,XC,CC,D
14:40:32,UNVR,RG,3850,3,D,DH,ZP,F
14:40:31,UNVR,RG,3860,26,F,DX,CC,D
14:40:28,UNVR,RG,3860,2,F,YU,CC,D
14:40:28,UNVR,RG,3860,37,F,DX,CC,D
14:40:27,UNVR,RG,3850,1,D,DH,KK,D
14:40:26,UNVR,RG,3850,6,D,DH,ZP,F
14:40:26,UNVR,RG,3850,10,D,PD,ZP,F
14:40:26,UNVR,RG,3850,5,D,AT,ZP,F
