Time,Stock,Brd,Price,Qty,BT,BC,SC,ST
15:14:36,UNVR,RG,3900,3,D,YP,ZP,F
15:14:34,UNVR,RG,3900,1,D,PD,ZP,F
15:14:33,UNVR,RG,3900,1,D,NI,ZP,F
15:14:32,UNVR,RG,3900,30,D,CC,ZP,F
15:14:31,UNVR,RG,3900,1,D,GR,ZP,F
15:14:27,UNVR,RG,3900,1,D,CC,ZP,F
15:14:25,UNVR,RG,3900,3,D,YP,ZP,F
15:14:24,UNVR,RG,3900,10,D,MK,ZP,F
15:14:21,UNVR,RG,3900,100,D,PD,ZP,F
15:14:20,UNVR,RG,3900,10,D,CC,ZP,F
15:14:19,UNVR,RG,3900,7,D,YP,ZP,F
15:14:18,UNVR,RG,3900,3,D,XC,ZP,F
15:14:16,UNVR,RG,3900,10,D,DH,ZP,F
15:14:14,UNVR,RG,3900,1,D,PD,ZP,F
15:14:12,UNVR,RG,3900,1,D,YP,ZP,F
15:14:10,UNVR,RG,3900,1,D,XC,ZP,F
15:14:05,UNVR,RG,3900,2,D,XC,ZP,F
15:14:05,UNVR,RG,3900,1,D,DR,ZP,F
15:14:03,UNVR,RG,3900,2,D,YP,ZP,F
15:13:56,UNVR,RG,3900,5,D,CC,ZP,F
15:13:52,UNVR,RG,3900,1,D,XC,ZP,F
15:13:50,UNVR,RG,3900,1,D,GR,ZP,F
15:13:47,UNVR,RG,3900,1,D,XC,ZP,F
15:13:47,UNVR,RG,3900,3,F,NI,ZP,F
15:13:41,UNVR,RG,3900,4,D,PD,ZP,F
15:13:38,UNVR,RG,3900,1000,D,SQ,ZP,F
15:13:36,UNVR,RG,3900,1,D,PD,ZP,F
15:13:31,UNVR,RG,3900,25,D,OD,ZP,F
15:13:20,UNVR,RG,3900,10,D,YP,ZP,F
15:13:19,UNVR,RG,3900,5,D,AT,ZP,F
15:13:14,UNVR,RG,3900,11,D,XL,ZP,F
15:13:07,UNVR,RG,3900,1,D,XC,ZP,F
15:13:03,UNVR,RG,3900,200,D,CP,ZP,F
15:12:58,UNVR,RG,3900,4,D,TF,ZP,F
15:12:56,UNVR,RG,3900,1,D,PD,ZP,F
15:12:52,UNVR,RG,3900,11,D,CC,ZP,F
15:12:49,UNVR,RG,3900,30,D,PD,ZP,F
15:12:44,UNVR,RG,3900,10,D,CC,ZP,F
15:12:44,UNVR,RG,3900,15,D,EP,ZP,F
15:12:43,UNVR,RG,3900,5,D,DH,ZP,F
15:12:41,UNVR,RG,3900,10,D,DR,ZP,F
15:12:33,UNVR,RG,3900,1,D,OD,ZP,F
15:12:33,UNVR,RG,3900,20,D,OD,ZP,F
15:12:26,UNVR,RG,3900,1,D,YP,ZP,F
15:12:15,UNVR,RG,3900,12,D,PD,ZP,F
15:12:15,UNVR,RG,3900,10,D,PD,ZP,F
15:12:11,UNVR,RG,3900,1,D,XC,ZP,F
15:12:10,UNVR,RG,3900,1,D,AT,ZP,F
15:12:02,UNVR,RG,3900,5,D,NI,ZP,F
15:12:01,UNVR,RG,3900,1,D,PD,ZP,F
15:11:58,UNVR,RG,3900,1,D,XC,ZP,F
15:11:50,UNVR,RG,3900,5,D,YP,ZP,F
15:11:43,UNVR,RG,3900,1,D,XL,ZP,F
15:11:38,UNVR,RG,3900,3,D,XC,ZP,F
15:11:33,UNVR,RG,3900,10,D,YP,ZP,F
15:11:30,UNVR,RG,3900,100,D,BQ,ZP,F
15:11:25,UNVR,RG,3900,3,D,YP,ZP,F
15:11:24,UNVR,RG,3900,1,D,YP,ZP,F
15:11:22,UNVR,RG,3900,100,D,PD,ZP,F
15:11:18,UNVR,RG,3900,1,D,XC,ZP,F
15:11:11,UNVR,RG,3900,1,D,PD,ZP,F
15:11:05,UNVR,RG,3900,1,D,CC,ZP,F
15:11:04,UNVR,RG,3900,1,D,YP,ZP,F
15:10:59,UNVR,RG,3900,1,D,CC,ZP,F
15:10:56,UNVR,RG,3900,23,D,CC,ZP,F
15:10:52,UNVR,RG,3900,1,D,XC,ZP,F
15:10:50,UNVR,RG,3900,1,D,XC,ZP,F
15:10:47,UNVR,RG,3900,1,D,YP,ZP,F
15:10:41,UNVR,RG,3900,50,D,NI,ZP,F
15:10:41,UNVR,RG,3900,25,D,PD,ZP,F
15:10:40,UNVR,RG,3900,1,D,XC,ZP,F
15:10:39,UNVR,RG,3900,6,D,XC,ZP,F
15:10:38,UNVR,RG,3900,5,D,XC,ZP,F
15:10:31,UNVR,RG,3900,38,D,NI,ZP,F
15:10:31,UNVR,RG,3900,3,D,XC,ZP,F
15:10:29,UNVR,RG,3900,10,D,YP,ZP,F
15:10:28,UNVR,RG,3900,75,D,PD,ZP,F
15:10:28,UNVR,RG,3900,5,D,CC,ZP,F
15:10:24,UNVR,RG,3900,1,D,CC,ZP,F
15:10:23,UNVR,RG,3900,30,D,CC,ZP,F
15:10:22,UNVR,RG,3900,22,D,NI,ZP,F
15:10:21,UNVR,RG,3900,1000,D,YP,ZP,F
15:10:16,UNVR,RG,3900,1000,D,YP,ZP,F
15:10:10,UNVR,RG,3900,15,D,YJ,ZP,F
15:10:08,UNVR,RG,3900,1,D,NI,ZP,F
15:10:01,UNVR,RG,3900,2,D,PD,ZP,F
15:10:00,UNVR,RG,3900,5,D,XC,ZP,F
15:09:57,UNVR,RG,3900,5,D,GR,ZP,F
15:09:53,UNVR,RG,3900,20,D,CC,ZP,F
15:09:50,UNVR,RG,3900,10,D,NI,ZP,F
15:09:47,UNVR,RG,3900,1,D,SQ,ZP,F
15:09:46,UNVR,RG,3900,1,D,CC,ZP,F
15:09:46,UNVR,RG,3900,1,D,XC,ZP,F
15:09:37,UNVR,RG,3900,1,D,YP,ZP,F
15:09:30,UNVR,RG,3900,1,D,YP,ZP,F
15:09:29,UNVR,RG,3900,3,D,CC,ZP,F
15:09:27,UNVR,RG,3900,1,D,PD,ZP,F
15:09:20,UNVR,RG,3900,500,D,YP,ZP,F
15:09:19,UNVR,RG,3900,5,D,YP,ZP,F
15:09:19,UNVR,RG,3900,1,D,XC,ZP,F
15:09:18,UNVR,RG,3900,1,D,YP,ZP,F
15:09:18,UNVR,RG,3900,10,D,YP,ZP,F
15:09:17,UNVR,RG,3900,6,D,YP,ZP,F
15:09:14,UNVR,RG,3900,1,D,PD,ZP,F
15:09:14,UNVR,RG,3900,1,D,XC,ZP,F
15:09:14,UNVR,RG,3900,500,D,YP,ZP,F
15:09:12,UNVR,RG,3900,5,D,YP,ZP,F
15:09:10,UNVR,RG,3900,2,D,XC,ZP,F
15:09:09,UNVR,RG,3900,25,D,PD,ZP,F
15:09:06,UNVR,RG,3900,1,D,YP,ZP,F
15:09:05,UNVR,RG,3900,3,D,PD,ZP,F
15:09:05,UNVR,RG,3900,500,D,YP,ZP,F
15:09:00,UNVR,RG,3900,7,D,CC,ZP,F
15:08:59,UNVR,RG,3900,500,D,YP,ZP,F
15:08:53,UNVR,RG,3900,1,D,NI,ZP,F
15:08:52,UNVR,RG,3900,100,D,PD,ZP,F
15:08:40,UNVR,RG,3900,2,D,CC,ZP,F
15:08:34,UNVR,RG,3900,1,D,XL,ZP,F
15:08:31,UNVR,RG,3900,100,D,YP,ZP,F
15:08:30,UNVR,RG,3900,1,D,YP,ZP,F
15:08:29,UNVR,RG,3900,100,D,RS,ZP,F
15:08:29,UNVR,RG,3900,1,D,NI,ZP,F
15:08:22,UNVR,RG,3900,6,D,GR,ZP,F
15:08:17,UNVR,RG,3900,1,D,YP,ZP,F
15:08:14,UNVR,RG,3900,10,D,CC,ZP,F
15:08:12,UNVR,RG,3900,50,D,CC,ZP,F
15:08:08,UNVR,RG,3900,100,D,CC,ZP,F
15:08:05,UNVR,RG,3900,10,D,PD,ZP,F
15:08:04,UNVR,RG,3900,8,D,XA,ZP,F
15:08:00,UNVR,RG,3900,1,D,PD,ZP,F
15:07:59,UNVR,RG,3900,5,D,XC,ZP,F
15:07:59,UNVR,RG,3900,1,D,CC,ZP,F
15:07:57,UNVR,RG,3900,2,D,CC,ZP,F
15:07:56,UNVR,RG,3900,10,D,KK,ZP,F
15:07:51,UNVR,RG,3900,1,D,XC,ZP,F
15:07:51,UNVR,RG,3900,5,D,CC,ZP,F
15:07:42,UNVR,RG,3900,5,D,YP,ZP,F
15:07:38,UNVR,RG,3900,2,D,YP,ZP,F
15:07:36,UNVR,RG,3900,1,D,XC,ZP,F
15:07:27,UNVR,RG,3900,1,D,YP,ZP,F
15:07:21,UNVR,RG,3900,1,D,CC,ZP,F
15:07:21,UNVR,RG,3900,14,D,AZ,ZP,F
15:07:12,UNVR,RG,3900,2,D,CC,ZP,F
15:07:11,UNVR,RG,3900,1,D,XC,ZP,F
15:07:06,UNVR,RG,3900,2,D,EP,ZP,F
15:06:59,UNVR,RG,3900,50,D,KK,ZP,F
15:06:59,UNVR,RG,3900,2,D,PD,ZP,F
15:06:50,UNVR,RG,3900,5,D,CC,ZP,F
15:06:48,UNVR,RG,3900,15,D,CC,ZP,F
15:06:48,UNVR,RG,3900,1,D,SQ,ZP,F
15:06:45,UNVR,RG,3900,65,D,DR,ZP,F
15:06:44,UNVR,RG,3900,2,D,PD,ZP,F
15:06:42,UNVR,RG,3900,10,D,CC,ZP,F
15:06:42,UNVR,RG,3900,1,D,XC,ZP,F
15:06:42,UNVR,RG,3900,8,D,XC,ZP,F
15:06:40,UNVR,RG,3900,7,D,XC,ZP,F
15:06:38,UNVR,RG,3900,1,D,XC,ZP,F
15:06:33,UNVR,RG,3900,4,D,CC,ZP,F
15:06:24,UNVR,RG,3900,1,D,PD,ZP,F
15:06:19,UNVR,RG,3900,1,D,PD,ZP,F
15:06:17,UNVR,RG,3900,8,D,XC,ZP,F
15:06:11,UNVR,RG,3900,1,D,NI,ZP,F
15:06:10,UNVR,RG,3900,4,D,XC,ZP,F
15:06:06,UNVR,RG,3900,1,D,NI,ZP,F
15:06:03,UNVR,RG,3900,30,D,CC,ZP,F
15:06:02,UNVR,RG,3900,5,D,YP,ZP,F
15:05:58,UNVR,RG,3900,100,D,DR,ZP,F
15:05:58,UNVR,RG,3900,367,D,SQ,ZP,F
15:05:52,UNVR,RG,3900,5,D,PD,ZP,F
15:05:49,UNVR,RG,3900,5,D,YP,ZP,F
15:05:42,UNVR,RG,3900,2,D,DH,ZP,F
15:05:38,UNVR,RG,3900,5,D,XC,ZP,F
15:05:29,UNVR,RG,3900,5,D,YP,ZP,F
15:05:27,UNVR,RG,3900,9,D,PD,ZP,F
15:05:22,UNVR,RG,3900,3,D,XC,ZP,F
15:05:19,UNVR,RG,3900,1,D,YP,ZP,F
15:05:14,UNVR,RG,3900,5,D,PD,ZP,F
15:05:13,UNVR,RG,3900,256,D,DR,ZP,F
15:05:13,UNVR,RG,3900,5,D,PD,ZP,F
15:05:11,UNVR,RG,3900,1,D,NI,ZP,F
15:05:01,UNVR,RG,3900,70,D,NI,ZP,F
15:04:41,UNVR,RG,3900,100,D,PD,ZP,F
15:04:33,UNVR,RG,3900,1,D,YU,ZP,F
15:04:30,UNVR,RG,3900,16,D,AI,ZP,F
15:04:29,UNVR,RG,3900,10,D,CC,ZP,F
15:04:17,UNVR,RG,3900,12,D,XL,ZP,F
15:04:11,UNVR,RG,3900,15,D,YP,ZP,F
15:04:11,UNVR,RG,3900,5,D,SQ,ZP,F
15:04:09,UNVR,RG,3900,13,D,RO,ZP,F
15:04:05,UNVR,RG,3900,2,D,EP,ZP,F
15:04:01,UNVR,RG,3900,500,D,YJ,ZP,F
15:04:01,UNVR,RG,3900,10,D,PD,ZP,F
15:04:01,UNVR,RG,3900,100,D,AZ,ZP,F
15:04:01,UNVR,RG,3900,2,D,CP,ZP,F
15:04:01,UNVR,RG,3900,250,D,PD,ZP,F
15:04:01,UNVR,RG,3900,10,D,OD,ZP,F
15:04:01,UNVR,RG,3900,1,D,XC,ZP,F
15:04:01,UNVR,RG,3900,250,D,YP,ZP,F
15:04:01,UNVR,RG,3900,1,D,XC,ZP,F
15:04:01,UNVR,RG,3900,2,D,KK,ZP,F
15:04:01,UNVR,RG,3900,1,D,YP,ZP,F
15:04:01,UNVR,RG,3900,4,D,XC,ZP,F
15:04:01,UNVR,RG,3900,4,D,YU,ZP,F
15:04:01,UNVR,RG,3900,3,D,XC,ZP,F
15:04:01,UNVR,RG,3900,27,D,CC,ZP,F
15:04:01,UNVR,RG,3900,100,D,AZ,ZP,F
15:04:01,UNVR,RG,3900,2,D,AG,ZP,F
15:04:01,UNVR,RG,3900,30,D,CP,ZP,F
15:04:01,UNVR,RG,3900,4,D,PD,ZP,F
15:04:01,UNVR,RG,3900,6,D,AG,ZP,F
15:04:01,UNVR,RG,3900,6,D,GR,ZP,F
15:04:01,UNVR,RG,3900,1,D,XC,ZP,F
15:04:01,UNVR,RG,3900,1,D,YP,ZP,F
15:04:01,UNVR,RG,3900,50,D,TP,ZP,F
15:04:01,UNVR,RG,3900,25,D,PD,ZP,F
15:04:01,UNVR,RG,3900,1,D,DH,ZP,F
15:04:01,UNVR,RG,3900,5,D,YP,ZP,F
15:04:01,UNVR,RG,3900,30,D,CC,ZP,F
15:04:01,UNVR,RG,3900,13,D,YP,ZP,F
15:04:01,UNVR,RG,3900,50,F,YP,ZP,F
15:04:01,UNVR,RG,3900,176,D,OD,ZP,F
15:04:01,UNVR,RG,3900,21,D,YP,ZP,F
15:03:57,UNVR,RG,3900,2,D,YP,PD,D
15:03:40,UNVR,RG,3900,27,D,YP,YP,D
15:03:40,UNVR,RG,3900,50,D,YP,YP,D
15:03:40,UNVR,RG,3900,23,D,XC,YP,D
15:03:37,UNVR,RG,3900,2,D,XC,YP,D
15:03:37,UNVR,RG,3900,2,D,RF,YP,D
15:03:37,UNVR,RG,3900,15,D,XC,YP,D
15:03:37,UNVR,RG,3900,2,D,YP,YP,D
15:03:37,UNVR,RG,3900,5,D,PD,YP,D
15:03:37,UNVR,RG,3900,2,D,YP,YP,D
15:03:37,UNVR,RG,3900,5,D,PD,YP,D
15:03:37,UNVR,RG,3900,25,D,EP,YP,D
15:03:37,UNVR,RG,3900,1,D,PD,YP,D
15:03:37,UNVR,RG,3900,41,D,HD,YP,D
15:03:31,UNVR,RG,3900,50,D,HD,IP,D
15:03:05,UNVR,RG,3900,2,D,HD,NI,D
15:02:54,UNVR,RG,3900,2,D,HD,CC,D
15:02:28,UNVR,RG,3900,5,D,HD,YP,D
15:02:28,UNVR,RG,3900,10,D,FS,YP,D
15:02:28,UNVR,RG,3900,15,D,CC,YP,D
15:02:28,UNVR,RG,3900,20,D,EP,YP,D
15:02:28,UNVR,RG,3900,5,D,YP,YP,D
15:02:28,UNVR,RG,3900,1,D,XC,YP,D
15:02:28,UNVR,RG,3900,1,D,XC,YP,D
15:02:28,UNVR,RG,3900,1,D,PD,YP,D
15:02:28,UNVR,RG,3900,5,D,CC,YP,D
15:02:28,UNVR,RG,3900,1,D,XC,YP,D
15:02:28,UNVR,RG,3900,10,D,LS,YP,D
15:02:28,UNVR,RG,3900,26,D,YP,YP,D
15:02:24,UNVR,RG,3900,10,D,YP,CC,D
15:02:21,UNVR,RG,3900,25,D,YP,CC,D
15:02:17,UNVR,RG,3900,2,D,YP,PD,D
15:01:50,UNVR,RG,3900,100,D,YP,YP,D
15:01:39,UNVR,RG,3900,69,D,YP,XC,D
15:01:39,UNVR,RG,3900,1,D,DR,XC,D
15:01:39,UNVR,RG,3900,20,D,PD,XC,D
15:01:39,UNVR,RG,3900,49,D,AZ,XC,D
15:01:39,UNVR,RG,3900,3,D,CC,XC,D
15:01:39,UNVR,RG,3900,5,D,YP,XC,D
15:01:39,UNVR,RG,3900,10,D,CC,XC,D
15:01:39,UNVR,RG,3900,10,D,DH,XC,D
15:01:39,UNVR,RG,3900,3,D,CC,XC,D
15:01:39,UNVR,RG,3900,20,D,CC,XC,D
15:01:39,UNVR,RG,3900,19,D,YP,XC,D
15:01:29,UNVR,RG,3900,2,D,YP,CC,D
15:01:07,UNVR,RG,3900,4,D,YP,YP,D
15:01:07,UNVR,RG,3900,1,D,XC,YP,D
15:01:07,UNVR,RG,3900,1,D,XC,YP,D
15:01:07,UNVR,RG,3900,1,D,XC,YP,D
15:01:07,UNVR,RG,3900,1,D,XC,YP,D
15:01:07,UNVR,RG,3900,2,D,XC,YP,D
15:01:07,UNVR,RG,3900,1,D,PD,YP,D
15:01:07,UNVR,RG,3900,1,D,XC,YP,D
15:01:01,UNVR,RG,3900,7,D,XC,OD,D
15:01:01,UNVR,RG,3900,893,D,SH,OD,D
15:01:00,UNVR,RG,3900,6,D,SH,CC,D
15:01:00,UNVR,RG,3900,50,D,SH,YP,D
15:01:00,UNVR,RG,3900,30,D,SH,YP,D
15:01:00,UNVR,RG,3900,20,D,SH,NI,D
15:01:00,UNVR,RG,3900,10,D,SH,YP,D
15:01:00,UNVR,RG,3900,3,D,SH,YP,D
15:01:00,UNVR,RG,3900,2,D,SH,YP,D
15:01:00,UNVR,RG,3900,1,D,SH,YP,D
15:01:00,UNVR,RG,3900,28,D,SH,YP,D
15:01:00,UNVR,RG,3900,1,D,SH,AT,D
15:01:00,UNVR,RG,3900,20,D,SH,CC,D
15:01:00,UNVR,RG,3900,3,D,SH,XC,D
15:01:00,UNVR,RG,3900,3,D,SH,XC,D
15:01:00,UNVR,RG,3900,100,D,SH,YP,D
15:01:00,UNVR,RG,3900,7,D,SH,KK,D
15:01:00,UNVR,RG,3900,5,D,SH,HP,D
15:01:00,UNVR,RG,3900,16,D,SH,YP,D
15:01:00,UNVR,RG,3900,143,D,SH,DR,D
15:01:00,UNVR,RG,3900,10,D,SH,SQ,D
15:01:00,UNVR,RG,3900,20,D,SH,LG,D
15:01:00,UNVR,RG,3900,100,D,SH,CC,D
15:01:00,UNVR,RG,3900,1,D,SH,PD,D
15:01:00,UNVR,RG,3900,28,D,SH,YP,D
15:01:00,UNVR,RG,3900,17,D,SQ,YP,D
15:01:00,UNVR,RG,3900,1,D,KK,YP,D
15:00:00,UNVR,RG,3900,5,D,NI,YP,D
15:00:00,UNVR,RG,3900,20,D,ZP,YP,D
15:00:00,UNVR,RG,3900,20,D,KK,YP,D
15:00:00,UNVR,RG,3900,6,F,YP,YP,D
15:00:00,UNVR,RG,3900,2,D,YU,YP,D
15:00:00,UNVR,RG,3900,50,D,KK,YP,D
15:00:00,UNVR,RG,3900,2,D,NI,YP,D
15:00:00,UNVR,RG,3900,1,D,PD,YP,D
15:00:00,UNVR,RG,3900,150,D,CC,YP,D
15:00:00,UNVR,RG,3900,20,D,YP,YP,D
15:00:00,UNVR,RG,3900,5,D,YP,YP,D
15:00:00,UNVR,RG,3900,3,D,PD,YP,D
15:00:00,UNVR,RG,3900,100,D,KK,YP,D
15:00:00,UNVR,RG,3900,25,D,XL,YP,D
15:00:00,UNVR,RG,3900,5,D,KK,YP,D
15:00:00,UNVR,RG,3900,10,D,YP,YP,D
15:00:00,UNVR,RG,3900,1,D,SQ,YP,D
15:00:00,UNVR,RG,3900,10,D,TP,YP,D
15:00:00,UNVR,RG,3900,1,D,PD,YP,D
15:00:00,UNVR,RG,3900,18,D,YP,YP,D
15:00:00,UNVR,RG,3900,15,D,YP,CC,D
15:00:00,UNVR,RG,3900,18,D,YP,YP,D
15:00:00,UNVR,RG,3900,1,D,YP,YP,D
15:00:00,UNVR,RG,3900,12,D,YP,YP,D
15:00:00,UNVR,RG,3900,1,D,CC,YP,D
15:00:00,UNVR,RG,3900,15,D,AT,YP,D
15:00:00,UNVR,RG,3900,28,D,CC,YP,D
15:00:00,UNVR,RG,3900,32,D,CC,YP,D
15:00:00,UNVR,RG,3900,40,D,CC,YP,D
15:00:00,UNVR,RG,3900,5,D,YP,YP,D
15:00:00,UNVR,RG,3900,1,D,PD,YP,D
15:00:00,UNVR,RG,3900,15,D,PD,YP,D
15:00:00,UNVR,RG,3900,3,D,PD,YP,D
15:00:00,UNVR,RG,3900,25,D,BS,YP,D
15:00:00,UNVR,RG,3900,10,D,NI,YP,D
15:00:00,UNVR,RG,3900,4,D,CC,YP,D
15:00:00,UNVR,RG,3900,2,D,PD,YP,D
15:00:00,UNVR,RG,3900,13,D,PD,YP,D
15:00:00,UNVR,RG,3900,10,D,RO,YP,D
15:00:00,UNVR,RG,3900,1,D,PD,YP,D
15:00:00,UNVR,RG,3900,5,D,OD,YP,D
15:00:00,UNVR,RG,3900,100,D,SQ,YP,D
15:00:00,UNVR,RG,3900,1,D,XC,YP,D
15:00:00,UNVR,RG,3900,10,D,DH,YP,D
15:00:00,UNVR,RG,3900,2,D,YP,YP,D
15:00:00,UNVR,RG,3900,5,D,PD,YP,D
15:00:00,UNVR,RG,3900,5,D,XC,YP,D
15:00:00,UNVR,RG,3900,15,D,CC,YP,D
15:00:00,UNVR,RG,3900,2,D,XC,YP,D
15:00:00,UNVR,RG,3900,20,D,XC,YP,D
15:00:00,UNVR,RG,3900,1,D,XC,YP,D
15:00:00,UNVR,RG,3900,4,D,PD,YP,D
15:00:00,UNVR,RG,3900,10,D,GR,YP,D
15:00:00,UNVR,RG,3900,1,D,YP,YP,D
15:00:00,UNVR,RG,3900,23,D,CC,YP,D
15:00:00,UNVR,RG,3900,20,D,CC,SQ,D
15:00:00,UNVR,RG,3900,17,D,CC,YP,D
15:00:00,UNVR,RG,3900,100,D,LS,YP,D
15:00:00,UNVR,RG,3900,15,D,PD,YP,D
15:00:00,UNVR,RG,3900,1,D,XC,YP,D
15:00:00,UNVR,RG,3900,10,D,CC,YP,D
15:00:00,UNVR,RG,3900,10,D,CC,YP,D
15:00:00,UNVR,RG,3900,10,D,NI,YP,D
15:00:00,UNVR,RG,3900,2,D,PD,YP,D
15:00:00,UNVR,RG,3900,5,D,AG,YP,D
15:00:00,UNVR,RG,3900,7,D,YP,YP,D
15:00:00,UNVR,RG,3900,1,D,DX,YP,D
15:00:00,UNVR,RG,3900,1,D,XC,YP,D
15:00:00,UNVR,RG,3900,2,D,PD,YP,D
15:00:00,UNVR,RG,3900,3,D,YP,YP,D
15:00:00,UNVR,RG,3900,2,D,YP,YP,D
15:00:00,UNVR,RG,3900,1,D,YP,YP,D
15:00:00,UNVR,RG,3900,1,D,PD,YP,D
15:00:00,UNVR,RG,3900,1,D,CC,YP,D
15:00:00,UNVR,RG,3900,5,D,SQ,YP,D
15:00:00,UNVR,RG,3900,20,D,YP,YP,D
15:00:00,UNVR,RG,3900,1,D,GR,YP,D
15:00:00,UNVR,RG,3900,1,D,YP,YP,D
15:00:00,UNVR,RG,3900,1,D,XC,YP,D
15:00:00,UNVR,RG,3900,100,D,CC,YP,D
15:00:00,UNVR,RG,3900,2,D,PD,YP,D
15:00:00,UNVR,RG,3900,1,D,XC,YP,D
15:00:00,UNVR,RG,3900,3,D,PD,YP,D
15:00:00,UNVR,RG,3900,100,D,TP,YP,D
15:00:00,UNVR,RG,3900,8,D,OD,YP,D
15:00:00,UNVR,RG,3900,1,D,XC,YP,D
15:00:00,UNVR,RG,3900,2,D,XC,YP,D
15:00:00,UNVR,RG,3900,5,D,KI,YP,D
15:00:00,UNVR,RG,3900,2,D,XC,YP,D
15:00:00,UNVR,RG,3900,5,D,DH,YP,D
15:00:00,UNVR,RG,3900,15,D,NI,YP,D
15:00:00,UNVR,RG,3900,2,D,AG,YP,D
15:00:00,UNVR,RG,3900,1,D,PD,YP,D
15:00:00,UNVR,RG,3900,5,D,PD,YP,D
15:00:00,UNVR,RG,3900,3,D,PD,YP,D
15:00:00,UNVR,RG,3900,20,D,PD,YP,D
15:00:00,UNVR,RG,3900,8,D,KK,YP,D
15:00:00,UNVR,RG,3900,12,D,KK,SQ,D
15:00:00,UNVR,RG,3900,3,D,YP,SQ,D
15:00:00,UNVR,RG,3900,5,D,XC,SQ,D
15:00:00,UNVR,RG,3900,1,D,DX,PD,D
15:00:00,UNVR,RG,3900,1,D,DR,PD,D
15:00:00,UNVR,RG,3900,1,D,PD,PD,D
15:00:00,UNVR,RG,3900,1,D,XC,PD,D
15:00:00,UNVR,RG,3900,6,D,EP,PD,D
15:00:00,UNVR,RG,3900,19,D,EP,DR,D
15:00:00,UNVR,RG,3900,1,D,YP,DR,D
15:00:00,UNVR,RG,3900,2,D,YP,DR,D
15:00:00,UNVR,RG,3900,20,D,PD,DR,D
15:00:00,UNVR,RG,3900,5,D,DR,DR,D
15:00:00,UNVR,RG,3900,1,D,YP,DR,D
15:00:00,UNVR,RG,3900,1,D,PD,DR,D
15:00:00,UNVR,RG,3900,26,D,YP,DR,D
15:00:00,UNVR,RG,3900,1,D,YP,PD,D
15:00:00,UNVR,RG,3900,3,D,YP,CC,D
15:00:00,UNVR,RG,3900,4,D,GR,CC,D
15:00:00,UNVR,RG,3900,1,D,GR,PD,D
15:00:00,UNVR,RG,3900,2,D,GR,CC,D
15:00:00,UNVR,RG,3900,23,D,GR,CP,D
15:00:00,UNVR,RG,3900,2,D,YP,CP,D
15:00:00,UNVR,RG,3900,2,D,XC,CP,D
15:00:00,UNVR,RG,3900,4,D,PD,CP,D
15:00:00,UNVR,RG,3900,2,D,XC,CP,D
15:00:00,UNVR,RG,3900,1,D,YP,CP,D
15:00:00,UNVR,RG,3900,3,D,SQ,CP,D
15:00:00,UNVR,RG,3900,3,D,XC,CP,D
15:00:00,UNVR,RG,3900,8,D,PD,HP,D
15:00:00,UNVR,RG,3900,1,D,XC,HP,D
15:00:00,UNVR,RG,3900,10,D,YP,HP,D
15:00:00,UNVR,RG,3900,8,D,YB,HP,D
15:00:00,UNVR,RG,3900,20,D,YB,CP,D
15:00:00,UNVR,RG,3900,10,D,YB,EP,D
15:00:00,UNVR,RG,3900,1,D,YB,KK,D
15:00:00,UNVR,RG,3900,261,D,YB,CC,D
15:00:00,UNVR,RG,3900,80,D,NI,CC,D
15:00:00,UNVR,RG,3900,1,D,YP,CC,D
15:00:00,UNVR,RG,3900,4,D,XC,CC,D
15:00:00,UNVR,RG,3900,5,D,XC,CC,D
15:00:00,UNVR,RG,3900,1,D,XC,CC,D
15:00:00,UNVR,RG,3900,30,D,YP,CC,D
15:00:00,UNVR,RG,3900,10,D,CC,CC,D
15:00:00,UNVR,RG,3900,1,D,YP,CC,D
15:00:00,UNVR,RG,3900,5,D,NI,CC,D
15:00:00,UNVR,RG,3900,2,D,DH,CC,D
15:00:00,UNVR,RG,3900,9,D,PG,CC,D
15:00:00,UNVR,RG,3900,1,D,PD,CC,D
15:00:00,UNVR,RG,3900,90,D,OD,CC,D
15:00:00,UNVR,RG,3900,16,D,OD,PD,D
15:00:00,UNVR,RG,3900,5,D,OD,PD,D
15:00:00,UNVR,RG,3900,1,D,OD,DH,D
15:00:00,UNVR,RG,3900,10,D,OD,CC,D
15:00:00,UNVR,RG,3900,25,D,OD,EP,D
15:00:00,UNVR,RG,3900,5,D,OD,NI,D
15:00:00,UNVR,RG,3900,1,D,OD,DH,D
15:00:00,UNVR,RG,3900,2,D,OD,DR,D
15:00:00,UNVR,RG,3900,1,D,OD,PD,D
15:00:00,UNVR,RG,3900,2,D,OD,PD,D
15:00:00,UNVR,RG,3900,5,D,OD,CC,D
15:00:00,UNVR,RG,3900,1,D,OD,PD,D
15:00:00,UNVR,RG,3900,1,D,OD,HP,D
15:00:00,UNVR,RG,3900,575,D,OD,NI,D
15:00:00,UNVR,RG,3900,10,D,OD,AT,D
15:00:00,UNVR,RG,3900,250,D,OD,IF,D
15:00:00,UNVR,RG,3900,5,D,OD,IF,D
15:00:00,UNVR,RG,3900,1,D,NI,IF,D
15:00:00,UNVR,RG,3900,15,D,XC,IF,D
15:00:00,UNVR,RG,3900,5,D,NI,IF,D
15:00:00,UNVR,RG,3900,5,D,YP,IF,D
15:00:00,UNVR,RG,3900,1,D,YP,IF,D
15:00:00,UNVR,RG,3900,10,D,YP,IF,D
15:00:00,UNVR,RG,3900,5,D,HD,IF,D
15:00:00,UNVR,RG,3900,133,D,DH,IF,D
15:00:00,UNVR,RG,3900,3,D,DH,PD,D
15:00:00,UNVR,RG,3900,64,D,DH,CC,D
15:00:00,UNVR,RG,3900,3,D,KK,CC,D
15:00:00,UNVR,RG,3900,2,D,YP,CC,D
15:00:00,UNVR,RG,3900,1,D,NI,CC,D
15:00:00,UNVR,RG,3900,2,D,CC,CC,D
15:00:00,UNVR,RG,3900,2,D,KK,CC,D
15:00:00,UNVR,RG,3900,2,D,YP,CC,D
15:00:00,UNVR,RG,3900,24,D,YB,CC,D
15:00:00,UNVR,RG,3900,12,D,YB,CC,D
15:00:00,UNVR,RG,3900,3,D,YB,GR,D
15:00:00,UNVR,RG,3900,25,D,YB,CC,D
15:00:00,UNVR,RG,3900,4,D,YB,CC,D
15:00:00,UNVR,RG,3900,30,D,YB,CC,D
15:00:00,UNVR,RG,3900,2,D,YB,PD,D
15:00:00,UNVR,RG,3900,1,D,SQ,PD,D
15:00:00,UNVR,RG,3900,10,D,SQ,KK,D
15:00:00,UNVR,RG,3900,11,D,SQ,CC,D
15:00:00,UNVR,RG,3900,1,D,XC,CC,D
15:00:00,UNVR,RG,3900,8,D,NI,CC,D
15:00:00,UNVR,RG,3900,3,D,NI,DR,D
15:00:00,UNVR,RG,3900,9,D,NI,EP,D
15:00:00,UNVR,RG,3900,1,D,NI,EP,D
15:00:00,UNVR,RG,3900,2,D,NI,EP,D
15:00:00,UNVR,RG,3900,10,D,DX,EP,D
15:00:00,UNVR,RG,3900,98,D,NI,EP,D
15:00:00,UNVR,RG,3900,1,D,XC,EP,D
15:00:00,UNVR,RG,3900,2,D,PD,EP,D
15:00:00,UNVR,RG,3900,10,D,AG,EP,D
15:00:00,UNVR,RG,3900,1,D,YP,EP,D
15:00:00,UNVR,RG,3900,4,D,NI,EP,D
15:00:00,UNVR,RG,3900,6,D,XC,EP,D
15:00:00,UNVR,RG,3900,50,D,YP,EP,D
15:00:00,UNVR,RG,3900,5,D,YP,EP,D
15:00:00,UNVR,RG,3900,1,D,NI,EP,D
15:00:00,UNVR,RG,3900,30,D,NI,EP,D
15:00:00,UNVR,RG,3900,9,D,XC,EP,D
15:00:00,UNVR,RG,3900,40,D,PD,EP,D
15:00:00,UNVR,RG,3900,2,D,OD,EP,D
15:00:00,UNVR,RG,3900,7,D,NI,EP,D
15:00:00,UNVR,RG,3900,25,D,YP,EP,D
15:00:00,UNVR,RG,3900,10,D,DR,EP,D
15:00:00,UNVR,RG,3900,1,D,YP,EP,D
15:00:00,UNVR,RG,3900,10,D,YP,EP,D
15:00:00,UNVR,RG,3900,2,D,SQ,EP,D
15:00:00,UNVR,RG,3900,1,D,NI,EP,D
15:00:00,UNVR,RG,3900,1,D,YP,EP,D
15:00:00,UNVR,RG,3900,162,D,YP,EP,D
15:00:00,UNVR,RG,3900,7,D,YP,PD,D
15:00:00,UNVR,RG,3900,7,D,YP,PD,D
15:00:00,UNVR,RG,3900,4,D,YP,PD,D
15:00:00,UNVR,RG,3900,1,D,YP,XC,D
15:00:00,UNVR,RG,3900,2,D,YP,CC,D
15:00:00,UNVR,RG,3900,157,D,YP,CC,D
15:00:00,UNVR,RG,3900,9,D,YP,CC,D
15:00:00,UNVR,RG,3900,20,D,YP,CC,D
15:00:00,UNVR,RG,3900,5,D,SQ,CC,D
15:00:00,UNVR,RG,3900,10,D,YP,CC,D
15:00:00,UNVR,RG,3900,1,D,MU,CC,D
15:00:00,UNVR,RG,3900,5,D,KK,CC,D
15:00:00,UNVR,RG,3900,10,D,YP,CC,D
15:00:00,UNVR,RG,3900,3,D,PD,CC,D
15:00:00,UNVR,RG,3900,3,D,XC,CC,D
15:00:00,UNVR,RG,3900,5,D,GR,CC,D
15:00:00,UNVR,RG,3900,1,D,PD,CC,D
15:00:00,UNVR,RG,3900,1,D,KK,CC,D
15:00:00,UNVR,RG,3900,30,D,PD,CC,D
15:00:00,UNVR,RG,3900,1,D,PD,CC,D
15:00:00,UNVR,RG,3900,20,D,SQ,CC,D
15:00:00,UNVR,RG,3900,1,D,XC,CC,D
15:00:00,UNVR,RG,3900,30,D,SQ,CC,D
15:00:00,UNVR,RG,3900,1,D,XC,CC,D
15:00:00,UNVR,RG,3900,250,D,TP,CC,D
15:00:00,UNVR,RG,3900,20,D,YP,CC,D
15:00:00,UNVR,RG,3900,10,D,OD,CC,D
15:00:00,UNVR,RG,3900,2,D,YP,CC,D
15:00:00,UNVR,RG,3900,6,D,DR,CC,D
15:00:00,UNVR,RG,3900,11,D,PD,CC,D
15:00:00,UNVR,RG,3900,2,D,PD,CC,D
15:00:00,UNVR,RG,3900,20,D,PD,CC,D
15:00:00,UNVR,RG,3900,5,D,PD,CC,D
15:00:00,UNVR,RG,3900,3,D,YP,CC,D
15:00:00,UNVR,RG,3900,12,D,NI,CC,D
15:00:00,UNVR,RG,3900,3,D,YP,CC,D
15:00:00,UNVR,RG,3900,5,D,YU,CC,D
15:00:00,UNVR,RG,3900,3,D,KK,CC,D
15:00:00,UNVR,RG,3900,9,D,AI,CC,D
15:00:00,UNVR,RG,3900,5,D,DH,CC,D
15:00:00,UNVR,RG,3900,1,D,XC,CC,D
15:00:00,UNVR,RG,3900,2,D,YU,AO,D
15:00:00,UNVR,RG,3900,1998,F,ZP,AO,D
15:00:00,UNVR,RG,3900,250,F,ZP,TP,D
15:00:00,UNVR,RG,3900,4,F,ZP,YP,D
15:00:00,UNVR,RG,3900,168,F,ZP,KK,D
15:00:00,UNVR,RG,3900,535,F,ZP,KK,D
15:00:00,UNVR,RG,3900,351,F,ZP,KK,D
15:00:00,UNVR,RG,3900,4,F,ZP,KK,D
15:00:00,UNVR,RG,3900,457,F,ZP,KK,D
15:00:00,UNVR,RG,3900,16,F,ZP,KK,D
15:00:00,UNVR,RG,3900,772,F,ZP,KK,D
15:00:00,UNVR,RG,3900,75,F,ZP,NI,D
15:00:00,UNVR,RG,3900,10,F,ZP,GI,D
15:00:00,UNVR,RG,3900,1,F,ZP,ZP,F
15:00:00,UNVR,RG,3900,198,F,ZP,ZP,F
15:00:00,UNVR,RG,3900,849,F,ZP,YU,F
15:00:00,UNVR,RG,3900,388,F,ZP,BK,F
15:00:00,UNVR,RG,3900,1,F,ZP,CC,D
15:00:00,UNVR,RG,3900,450,F,ZP,BB,D
15:00:00,UNVR,RG,3900,226,F,ZP,BB,D
15:00:00,UNVR,RG,3900,314,F,ZP,BB,D
15:00:00,UNVR,RG,3900,28,F,ZP,BB,D
15:00:00,UNVR,RG,3900,450,F,ZP,BB,D
15:00:00,UNVR,RG,3900,60,F,ZP,BB,D
15:00:00,UNVR,RG,3900,1012,F,ZP,BB,D
15:00:00,UNVR,RG,3900,80,F,ZP,KZ,D
15:00:00,UNVR,RG,3900,37,F,ZP,ZP,F
15:00:00,UNVR,RG,3900,195,F,ZP,BB,D
15:00:00,UNVR,RG,3900,600,F,ZP,BB,D
15:00:00,UNVR,RG,3900,250,F,ZP,BB,D
15:00:00,UNVR,RG,3900,300,F,ZP,BB,D
15:00:00,UNVR,RG,3900,495,F,ZP,BB,D
15:00:00,UNVR,RG,3900,50,F,ZP,BB,D
15:00:00,UNVR,RG,3900,312,F,ZP,BB,D
15:00:00,UNVR,RG,3900,139,F,ZP,DX,F
15:00:00,UNVR,RG,3900,5,F,ZP,AK,F
15:00:00,UNVR,RG,3900,3296,F,ZP,KZ,F
15:00:00,UNVR,RG,3900,29,F,CS,KZ,F
15:00:00,UNVR,RG,3900,2023,F,DX,KZ,F
15:00:00,UNVR,RG,3900,530,F,AK,KZ,F
15:00:00,UNVR,RG,3900,19,F,AK,KZ,F
15:00:00,UNVR,RG,3900,49,F,AK,KZ,F
15:00:00,UNVR,RG,3900,21,F,AK,KZ,F
15:00:00,UNVR,RG,3900,9,F,AK,KZ,F
15:00:00,UNVR,RG,3900,227,F,AK,KZ,F
15:00:00,UNVR,RG,3900,22,F,AK,KZ,F
15:00:00,UNVR,RG,3900,9,F,AK,KZ,F
15:00:00,UNVR,RG,3900,1288,F,AK,KZ,F
15:00:00,UNVR,RG,3900,2399,F,AK,KZ,F
15:00:00,UNVR,RG,3900,10,F,AK,AK,F
15:00:00,UNVR,RG,3900,35,F,AK,PD,D
15:00:00,UNVR,RG,3900,165,F,AK,LG,D
15:00:00,UNVR,RG,3900,178,D,OD,LG,D
15:00:00,UNVR,RG,3900,91,D,CC,LG,D
15:00:00,UNVR,RG,3900,108,D,CC,YU,F
15:00:00,UNVR,RG,3900,80,D,CC,YU,F
14:49:59,UNVR,RG,3900,3,F,AK,BB,D
14:49:59,UNVR,RG,3900,1,F,AK,BB,D
14:49:59,UNVR,RG,3900,240,D,NI,BB,D
14:49:58,UNVR,RG,3890,1,D,CC,ZP,F
14:49:57,UNVR,RG,3900,5,F,ZP,BB,D
14:49:55,UNVR,RG,3900,2,F,AK,BB,D
14:49:55,UNVR,RG,3900,1,F,AK,BB,D
14:49:55,UNVR,RG,3900,1,F,AK,BB,D
14:49:54,UNVR,RG,3890,7,D,CC,ZP,F
14:49:53,UNVR,RG,3900,1,F,AK,BB,D
14:49:52,UNVR,RG,3890,1,D,CC,ZP,F
14:49:52,UNVR,RG,3900,19,F,ZP,BB,D
14:49:51,UNVR,RG,3890,1,D,CC,XC,D
14:49:51,UNVR,RG,3900,1,F,ZP,BB,D
14:49:50,UNVR,RG,3900,2,D,PD,BB,D
14:49:50,UNVR,RG,3900,4,F,ZP,BB,D
14:49:49,UNVR,RG,3900,7,D,YP,BB,D
14:49:46,UNVR,RG,3900,25,D,SQ,BB,D
14:49:44,UNVR,RG,3890,4,D,CC,ZP,F
14:49:43,UNVR,RG,3900,100,D,DR,BB,D
14:49:42,UNVR,RG,3900,2,F,ZP,BB,D
14:49:40,UNVR,RG,3900,10,D,NI,BB,D
14:49:40,UNVR,RG,3890,10,D,CC,YP,D
14:49:39,UNVR,RG,3890,1,D,CC,XC,D
14:49:39,UNVR,RG,3900,14,F,ZP,BB,D
14:49:39,UNVR,RG,3900,1,F,ZP,BB,D
14:49:36,UNVR,RG,3900,10,D,EP,BB,D
14:49:34,UNVR,RG,3890,28,D,CC,RX,D
14:49:34,UNVR,RG,3890,10,D,KK,RX,D
14:49:34,UNVR,RG,3890,33,D,KK,RX,D
14:49:34,UNVR,RG,3890,61,D,KK,RX,D
14:49:33,UNVR,RG,3890,6,D,KK,PD,D
14:49:31,UNVR,RG,3890,10,D,SQ,YU,F
14:49:31,UNVR,RG,3890,1,D,XC,YU,F
14:49:31,UNVR,RG,3890,5,F,ZP,YU,F
14:49:31,UNVR,RG,3890,23,F,ZP,YU,F
14:49:31,UNVR,RG,3890,1,D,NI,YU,F
14:49:31,UNVR,RG,3890,18,D,YP,YU,F
14:49:30,UNVR,RG,3900,20,D,YP,BB,D
14:49:30,UNVR,RG,3900,1,F,AK,BB,D
14:49:30,UNVR,RG,3900,4,F,AK,BB,D
14:49:30,UNVR,RG,3900,1,F,AK,BB,D
14:49:30,UNVR,RG,3900,5,D,SQ,BB,D
14:49:28,UNVR,RG,3890,30,D,YP,RX,D
14:49:28,UNVR,RG,3900,42,F,AK,BB,D
14:49:28,UNVR,RG,3900,8,F,AK,BB,D
14:49:28,UNVR,RG,3900,5,F,AK,BB,D
14:49:27,UNVR,RG,3900,3,D,XL,BB,D
14:49:26,UNVR,RG,3900,9,D,XC,BB,D
14:49:24,UNVR,RG,3890,21,D,YP,RX,D
14:49:22,UNVR,RG,3900,40,F,ZP,BB,D
14:49:17,UNVR,RG,3890,26,D,YP,RX,D
14:49:17,UNVR,RG,3900,5,D,CC,BB,D
14:49:16,UNVR,RG,3900,1,D,CC,BB,D
14:49:15,UNVR,RG,3900,1,F,AK,BB,D
14:49:15,UNVR,RG,3890,1,D,YP,AK,F
14:49:15,UNVR,RG,3900,1,F,AK,BB,D
14:49:15,UNVR,RG,3900,1,F,AK,BB,D
14:49:14,UNVR,RG,3900,50,D,CC,BB,D
14:49:13,UNVR,RG,3900,20,D,YP,BB,D
14:49:13,UNVR,RG,3890,17,D,YP,RX,D
14:49:11,UNVR,RG,3900,1,D,NI,BB,D
14:49:09,UNVR,RG,3900,10,D,CC,BB,D
14:49:07,UNVR,RG,3890,19,D,YP,RX,D
14:49:06,UNVR,RG,3900,1,D,CC,BB,D
14:49:05,UNVR,RG,3900,1,D,YP,BB,D
14:49:05,UNVR,RG,3890,19,D,YP,RX,D
14:49:04,UNVR,RG,3900,15,D,CC,BB,D
14:49:04,UNVR,RG,3900,2,D,XC,BB,D
14:49:04,UNVR,RG,3890,2,D,YP,NI,D
14:49:02,UNVR,RG,3900,25,F,AK,BB,D
14:49:02,UNVR,RG,3900,2,F,AK,BB,D
14:49:00,UNVR,RG,3900,1,F,ZP,BB,D
14:49:00,UNVR,RG,3900,61,F,ZP,BB,D
14:49:00,UNVR,RG,3900,76,F,ZP,BB,D
14:49:00,UNVR,RG,3900,35,F,ZP,BB,D
14:49:00,UNVR,RG,3900,1,F,AK,BB,D
14:49:00,UNVR,RG,3900,15,F,AK,BB,D
14:49:00,UNVR,RG,3900,1,F,AK,BB,D
14:49:00,UNVR,RG,3900,1,F,AK,BB,D
14:49:00,UNVR,RG,3900,1,F,AK,BB,D
14:49:00,UNVR,RG,3890,1,D,YP,YU,F
14:49:00,UNVR,RG,3900,1,F,AK,BB,D
14:49:00,UNVR,RG,3900,1,F,AK,BB,D
14:48:59,UNVR,RG,3900,11,F,AK,BB,D
14:48:59,UNVR,RG,3900,1,F,AK,BB,D
14:48:59,UNVR,RG,3900,1,F,AK,BB,D
14:48:58,UNVR,RG,3890,30,D,YP,RX,D
14:48:55,UNVR,RG,3900,2,D,PD,BB,D
14:48:55,UNVR,RG,3890,20,D,YP,RX,D
14:48:55,UNVR,RG,3900,105,F,AK,BB,D
14:48:55,UNVR,RG,3900,2,F,AK,BB,D
14:48:53,UNVR,RG,3900,2,D,NI,BB,D
14:48:52,UNVR,RG,3900,5,D,GR,BB,D
14:48:51,UNVR,RG,3900,5,D,SQ,BB,D
14:48:50,UNVR,RG,3890,10,D,YP,YP,D
14:48:49,UNVR,RG,3900,2,D,PD,BB,D
14:48:49,UNVR,RG,3890,20,D,YP,RX,D
14:48:47,UNVR,RG,3890,20,D,YP,GR,D
14:48:47,UNVR,RG,3900,4,F,AK,BB,D
14:48:45,UNVR,RG,3900,1,F,AK,BB,D
14:48:45,UNVR,RG,3900,1,F,AK,BB,D
14:48:45,UNVR,RG,3890,15,D,YP,RX,D
14:48:45,UNVR,RG,3900,7,F,AK,BB,D
14:48:44,UNVR,RG,3900,2,D,YP,BB,D
14:48:43,UNVR,RG,3900,1,D,YP,BB,D
14:48:41,UNVR,RG,3900,35,D,MU,BB,D
14:48:41,UNVR,RG,3890,27,D,YP,RX,D
14:48:40,UNVR,RG,3900,20,D,SQ,BB,D
14:48:39,UNVR,RG,3900,10,D,PD,BB,D
14:48:37,UNVR,RG,3890,22,D,YP,RX,D
14:48:36,UNVR,RG,3900,54,D,NI,BB,D
14:48:34,UNVR,RG,3890,3,D,YP,XL,D
14:48:34,UNVR,RG,3900,55,D,NI,BB,D
14:48:31,UNVR,RG,3900,2,D,XC,BB,D
14:48:31,UNVR,RG,3900,10,D,CC,BB,D
14:48:31,UNVR,RG,3890,26,D,YP,RX,D
14:48:30,UNVR,RG,3900,7,F,AK,BB,D
14:48:30,UNVR,RG,3900,60,F,AK,BB,D
14:48:30,UNVR,RG,3900,15,F,AK,BB,D
14:48:27,UNVR,RG,3900,1,F,AK,BB,D
14:48:27,UNVR,RG,3900,3,F,AK,BB,D
14:48:27,UNVR,RG,3900,3,D,GR,BB,D
14:48:27,UNVR,RG,3900,1,F,AK,BB,D
14:48:26,UNVR,RG,3890,22,D,YP,RX,D
14:48:21,UNVR,RG,3900,10,D,YP,BB,D
14:48:20,UNVR,RG,3890,27,D,YP,RX,D
14:48:15,UNVR,RG,3900,5,D,YP,BB,D
14:48:15,UNVR,RG,3900,2,F,AK,BB,D
14:48:15,UNVR,RG,3900,31,F,AK,BB,D
14:48:14,UNVR,RG,3890,21,D,YP,RX,D
14:48:14,UNVR,RG,3900,5,D,YP,BB,D
14:48:10,UNVR,RG,3890,15,D,YP,RX,D
14:48:10,UNVR,RG,3890,12,D,YP,RX,D
14:48:10,UNVR,RG,3900,10,D,PD,BB,D
14:48:09,UNVR,RG,3900,30,D,MG,BB,D
14:48:09,UNVR,RG,3900,170,D,MG,BB,D
14:48:07,UNVR,RG,3900,15,D,CC,BB,D
14:48:06,UNVR,RG,3890,1,D,YP,EP,D
14:48:06,UNVR,RG,3890,22,D,YU,EP,D
14:48:06,UNVR,RG,3890,16,D,NI,EP,D
14:48:06,UNVR,RG,3890,1,D,YP,EP,D
14:48:06,UNVR,RG,3900,5,D,YP,BB,D
14:48:04,UNVR,RG,3890,16,D,YP,KZ,D
14:47:59,UNVR,RG,3900,1010,D,PD,BB,D
14:47:59,UNVR,RG,3900,500,D,PD,BB,D
14:47:59,UNVR,RG,3900,1,D,PD,ZP,F
14:47:59,UNVR,RG,3900,150,D,PD,YU,F
14:47:59,UNVR,RG,3900,5,D,PD,LG,D
14:47:59,UNVR,RG,3900,1,D,PD,PD,D
14:47:59,UNVR,RG,3900,28,D,PD,YU,F
14:47:59,UNVR,RG,3900,2,D,PD,PD,D
14:47:59,UNVR,RG,3900,7,D,PD,PD,D
14:47:59,UNVR,RG,3900,20,D,PD,KK,D
14:47:59,UNVR,RG,3900,5,D,PD,AG,D
14:47:59,UNVR,RG,3900,125,D,PD,YP,D
14:47:59,UNVR,RG,3900,1,D,PD,XC,D
14:47:59,UNVR,RG,3900,5,D,PD,SQ,D
14:47:59,UNVR,RG,3900,1,D,PD,AG,D
14:47:59,UNVR,RG,3900,1,D,PD,PD,D
14:47:59,UNVR,RG,3900,13,D,PD,CP,D
14:47:59,UNVR,RG,3900,8,D,PD,XC,D
14:47:59,UNVR,RG,3900,2,D,PD,YP,D
14:47:59,UNVR,RG,3900,1,D,PD,YP,D
14:47:59,UNVR,RG,3900,2,D,PD,XL,D
14:47:59,UNVR,RG,3900,25,D,PD,CC,D
14:47:59,UNVR,RG,3900,3,D,PD,XC,D
14:47:59,UNVR,RG,3900,10,D,PD,SQ,D
14:47:59,UNVR,RG,3900,6,D,PD,DH,D
14:47:59,UNVR,RG,3900,20,D,PD,YP,D
14:47:59,UNVR,RG,3900,1,D,PD,XC,D
14:47:59,UNVR,RG,3900,50,D,PD,LG,D
14:47:59,UNVR,RG,3900,10,D,PD,SQ,D
14:47:59,UNVR,RG,3900,25,D,PD,NI,D
14:47:59,UNVR,RG,3900,200,D,PD,OD,D
14:47:59,UNVR,RG,3900,10,D,PD,XC,D
14:47:59,UNVR,RG,3900,10,D,PD,DX,F
14:47:59,UNVR,RG,3900,10,D,PD,DX,F
14:47:59,UNVR,RG,3900,9,D,PD,XC,D
14:47:59,UNVR,RG,3900,35,D,PD,XC,D
14:47:59,UNVR,RG,3900,10,D,PD,PC,D
14:47:59,UNVR,RG,3900,1,D,PD,IF,D
14:47:59,UNVR,RG,3900,10,D,PD,CC,D
14:47:59,UNVR,RG,3900,10,D,PD,CC,D
14:47:59,UNVR,RG,3900,1,D,PD,PD,D
14:47:59,UNVR,RG,3900,21,D,PD,KK,D
14:47:59,UNVR,RG,3900,10,D,PD,KK,D
14:47:59,UNVR,RG,3900,10,D,PD,AG,D
14:47:59,UNVR,RG,3900,1,D,PD,XC,D
14:47:59,UNVR,RG,3900,2,D,PD,XC,D
14:47:59,UNVR,RG,3900,1,D,PD,CC,D
14:47:59,UNVR,RG,3900,1,D,PD,XC,D
14:47:59,UNVR,RG,3900,13,D,PD,PD,D
14:47:59,UNVR,RG,3900,6,D,PD,PD,D
14:47:59,UNVR,RG,3900,5,D,PD,PD,D
14:47:59,UNVR,RG,3900,66,D,PD,GR,D
14:47:58,UNVR,RG,3900,5,D,YP,GR,D
14:47:57,UNVR,RG,3890,8,D,YP,RX,D
14:47:57,UNVR,RG,3890,6,D,YP,RX,D
14:47:55,UNVR,RG,3890,2,D,YP,PD,D
14:47:54,UNVR,RG,3890,20,D,YP,RX,D
14:47:54,UNVR,RG,3900,2,D,PD,GR,D
14:47:52,UNVR,RG,3900,1,D,NI,GR,D
14:47:51,UNVR,RG,3900,5,D,XL,GR,D
14:47:49,UNVR,RG,3890,4,D,YP,KK,D
14:47:49,UNVR,RG,3890,20,D,YP,RX,D
14:47:49,UNVR,RG,3900,2,D,YP,GR,D
14:47:45,UNVR,RG,3890,19,D,YP,RX,D
14:47:45,UNVR,RG,3900,15,D,XC,GR,D
14:47:41,UNVR,RG,3900,4,D,BQ,GR,D
14:47:40,UNVR,RG,3890,1,D,YP,KK,D
14:47:38,UNVR,RG,3890,20,D,YP,RX,D
14:47:37,UNVR,RG,3890,8,D,YP,RX,D
14:47:37,UNVR,RG,3890,1,D,AG,RX,D
14:47:37,UNVR,RG,3890,10,D,YP,RX,D
14:47:37,UNVR,RG,3890,6,D,EP,RX,D
14:47:29,UNVR,RG,3900,30,D,CC,SQ,D
14:47:28,UNVR,RG,3900,10,D,NI,PD,D
14:47:28,UNVR,RG,3900,15,D,NI,GR,D
14:47:27,UNVR,RG,3890,17,D,EP,RX,D
14:47:27,UNVR,RG,3890,25,D,EP,RX,D
14:47:27,UNVR,RG,3900,15,D,DH,GR,D
14:47:19,UNVR,RG,3900,1,D,NI,GR,D
14:47:18,UNVR,RG,3890,16,D,EP,RX,D
14:47:09,UNVR,RG,3900,3,D,TP,GR,D
14:47:09,UNVR,RG,3900,1,D,XC,GR,D
14:47:09,UNVR,RG,3890,11,D,EP,RX,D
14:47:08,UNVR,RG,3900,1,D,PD,GR,D
14:47:02,UNVR,RG,3900,1,D,YP,GR,D
14:46:59,UNVR,RG,3900,10,D,XC,GR,D
14:46:57,UNVR,RG,3900,5,D,PD,GR,D
14:46:45,UNVR,RG,3890,1,D,EP,PD,D
14:46:36,UNVR,RG,3900,1,D,XL,GR,D
14:46:33,UNVR,RG,3900,20,D,YP,GR,D
14:46:32,UNVR,RG,3900,127,D,YP,GR,D
14:46:32,UNVR,RG,3900,56,D,YP,YP,D
14:46:32,UNVR,RG,3900,38,D,YP,YP,D
14:46:32,UNVR,RG,3900,1,D,YP,NI,D
14:46:32,UNVR,RG,3900,1,D,YP,PD,D
14:46:32,UNVR,RG,3900,200,D,YP,YP,D
14:46:32,UNVR,RG,3900,8,D,YP,IF,D
14:46:32,UNVR,RG,3900,300,D,YP,YP,D
14:46:32,UNVR,RG,3900,2,D,YP,PD,D
14:46:32,UNVR,RG,3900,12,D,YP,HP,D
14:46:30,UNVR,RG,3900,1,D,NI,HP,D
14:46:30,UNVR,RG,3890,1,D,EP,XC,D
14:46:28,UNVR,RG,3900,1,D,PD,HP,D
14:46:26,UNVR,RG,3900,1,D,SQ,HP,D
14:46:24,UNVR,RG,3890,57,D,EP,XC,D
14:46:24,UNVR,RG,3900,20,D,XL,HP,D
14:46:19,UNVR,RG,3900,3,D,CC,HP,D
14:46:17,UNVR,RG,3890,1,D,EP,XC,D
14:46:10,UNVR,RG,3890,7,D,EP,GR,D
14:46:08,UNVR,RG,3900,1,D,NI,HP,D
14:46:08,UNVR,RG,3890,3,D,EP,CC,D
14:46:07,UNVR,RG,3900,25,D,YP,HP,D
14:46:05,UNVR,RG,3900,20,D,CC,HP,D
14:46:01,UNVR,RG,3890,15,D,EP,YP,D
14:45:51,UNVR,RG,3900,15,D,EP,HP,D
14:45:50,UNVR,RG,3900,1,D,XC,HP,D
14:45:47,UNVR,RG,3890,12,D,EP,YP,D
14:45:44,UNVR,RG,3890,1,D,EP,PD,D
14:45:42,UNVR,RG,3890,1,D,EP,DH,D
14:45:42,UNVR,RG,3890,9,D,EP,XC,D
14:45:33,UNVR,RG,3890,7,D,EP,CS,D
14:45:33,UNVR,RG,3890,6,D,EP,CS,D
14:45:33,UNVR,RG,3890,3,D,EP,CS,D
14:45:33,UNVR,RG,3890,1,D,EP,CS,D
14:45:33,UNVR,RG,3890,5,D,YP,CS,D
14:45:33,UNVR,RG,3890,3,D,YP,CS,D
14:45:33,UNVR,RG,3890,2,D,YP,CS,D
14:45:32,UNVR,RG,3890,10,D,PD,CS,D
14:45:32,UNVR,RG,3890,2,F,AK,PD,D
14:45:32,UNVR,RG,3890,7,F,AK,CS,D
14:45:32,UNVR,RG,3890,5,F,AK,CS,D
14:45:32,UNVR,RG,3890,3,F,AK,CS,D
14:45:32,UNVR,RG,3890,2,F,AK,SQ,D
14:45:32,UNVR,RG,3890,2,F,AK,CC,D
14:45:32,UNVR,RG,3890,78,F,AK,MK,D
14:45:32,UNVR,RG,3890,50,D,CC,MK,D
14:45:31,UNVR,RG,3880,2,D,KK,XC,D
14:45:31,UNVR,RG,3890,2,D,NI,MK,D
14:45:31,UNVR,RG,3890,170,D,NI,MK,D
14:45:31,UNVR,RG,3890,13,D,NI,CS,D
14:45:31,UNVR,RG,3890,5,D,NI,CS,D
14:45:31,UNVR,RG,3890,337,D,NI,BB,D
14:45:31,UNVR,RG,3890,180,D,NI,BB,D
14:45:31,UNVR,RG,3890,150,D,NI,BB,D
14:45:31,UNVR,RG,3890,145,D,NI,BB,D
14:45:30,UNVR,RG,3890,10,D,PD,BB,D
14:45:30,UNVR,RG,3890,3,D,PD,BB,D
14:45:27,UNVR,RG,3890,7,D,YP,BB,D
14:45:27,UNVR,RG,3890,13,D,YP,BB,D
14:45:27,UNVR,RG,3890,5,D,LS,BB,D
14:45:27,UNVR,RG,3890,2,D,YU,BB,D
14:45:27,UNVR,RG,3890,9,D,YU,BB,D
14:45:27,UNVR,RG,3890,100,D,YU,BB,D
14:45:27,UNVR,RG,3890,65,D,YU,BB,D
14:45:27,UNVR,RG,3890,250,D,YU,BB,D
14:45:27,UNVR,RG,3890,174,D,YU,BB,D
14:45:26,UNVR,RG,3890,4,D,YP,BB,D
14:45:26,UNVR,RG,3890,50,D,SQ,BB,D
14:45:25,UNVR,RG,3890,1,D,YP,BB,D
14:45:24,UNVR,RG,3890,89,F,YP,BB,D
14:45:24,UNVR,RG,3890,25,D,SQ,BB,D
14:45:23,UNVR,RG,3880,8,D,KK,PD,D
14:45:22,UNVR,RG,3890,13,F,ZP,BB,D
14:45:20,UNVR,RG,3890,2,D,XC,BB,D
14:45:20,UNVR,RG,3890,10,D,YP,BB,D
14:45:19,UNVR,RG,3890,82,D,NI,BB,D
14:45:19,UNVR,RG,3890,50,D,NI,BB,D
14:45:19,UNVR,RG,3890,600,D,NI,BB,D
14:45:19,UNVR,RG,3890,250,D,NI,BB,D
14:45:19,UNVR,RG,3890,18,D,NI,ZP,F
14:45:19,UNVR,RG,3890,1,D,NI,ZP,F
14:45:19,UNVR,RG,3890,1,D,NI,AK,F
14:45:19,UNVR,RG,3890,10,D,NI,CS,D
14:45:19,UNVR,RG,3890,15,D,GR,CS,D
14:45:18,UNVR,RG,3890,12,D,YP,CS,D
14:45:18,UNVR,RG,3890,24,D,YP,CS,D
14:45:18,UNVR,RG,3890,1,D,YP,KZ,D
14:45:18,UNVR,RG,3890,1,D,YP,KZ,D
14:45:18,UNVR,RG,3890,2,D,YP,KZ,D
14:45:18,UNVR,RG,3890,23,D,YP,CS,D
14:45:18,UNVR,RG,3890,20,D,YP,RG,D
14:45:18,UNVR,RG,3890,63,D,YP,CS,D
14:45:18,UNVR,RG,3890,40,D,YP,XC,D
14:45:18,UNVR,RG,3890,5,D,YP,SQ,D
14:45:18,UNVR,RG,3890,43,D,YP,CS,D
14:45:18,UNVR,RG,3890,13,D,YP,XC,D
14:45:18,UNVR,RG,3890,1,D,YP,PD,D
14:45:18,UNVR,RG,3890,5,D,YP,LG,D
14:45:18,UNVR,RG,3890,38,D,YP,CS,D
14:45:18,UNVR,RG,3890,187,D,YP,ZP,F
14:45:17,UNVR,RG,3890,1,D,YP,ZP,F
14:45:16,UNVR,RG,3890,42,F,ZP,ZP,F
14:45:15,UNVR,RG,3890,2,D,HD,ZP,F
14:45:15,UNVR,RG,3890,2592,F,AK,ZP,F
14:45:15,UNVR,RG,3890,566,F,AK,ZP,F
14:45:15,UNVR,RG,3890,3,F,AK,YP,D
14:45:15,UNVR,RG,3890,3,F,AK,CC,D
14:45:15,UNVR,RG,3890,20,F,AK,AI,D
14:45:15,UNVR,RG,3890,58,F,AK,CS,D
14:45:15,UNVR,RG,3890,812,F,AK,YP,D
14:45:15,UNVR,RG,3890,10,F,AK,PD,D
14:45:15,UNVR,RG,3890,10,F,AK,PD,D
14:45:15,UNVR,RG,3890,29,F,AK,ZP,F
14:45:15,UNVR,RG,3890,1,F,AK,PD,D
14:45:15,UNVR,RG,3890,47,F,AK,CS,D
14:45:15,UNVR,RG,3890,1,F,AK,AK,F
14:45:15,UNVR,RG,3890,1,F,AK,AK,F
14:45:15,UNVR,RG,3890,1,F,AK,AK,F
14:45:15,UNVR,RG,3890,8,F,AK,YP,D
14:45:15,UNVR,RG,3890,17,F,AK,ZP,F
14:45:15,UNVR,RG,3890,11,F,AK,CS,D
14:45:15,UNVR,RG,3890,9,F,AK,LG,D
14:45:15,UNVR,RG,3890,159,F,AK,LG,D
14:45:15,UNVR,RG,3890,305,F,AK,LG,D
14:45:15,UNVR,RG,3890,6,F,AK,LG,D
14:45:15,UNVR,RG,3890,119,F,AK,LG,D
14:45:15,UNVR,RG,3890,228,F,AK,LG,D
14:45:15,UNVR,RG,3890,36,F,AK,LG,D
14:45:15,UNVR,RG,3890,599,F,AK,LG,D
14:45:15,UNVR,RG,3890,1142,F,AK,LG,D
14:45:15,UNVR,RG,3890,1,F,AK,AK,F
14:45:15,UNVR,RG,3890,2,F,AK,AH,D
14:45:15,UNVR,RG,3890,200,F,AK,GR,D
14:45:15,UNVR,RG,3890,25,F,AK,CS,D
14:45:15,UNVR,RG,3890,2000,F,AK,CC,D
14:45:15,UNVR,RG,3890,1,F,AK,LG,D
14:45:15,UNVR,RG,3890,1,F,AK,LG,D
14:45:15,UNVR,RG,3890,618,F,AK,CS,F
14:45:14,UNVR,RG,3880,4,D,KK,CS,D
14:45:14,UNVR,RG,3880,10,D,KK,CS,D
14:45:14,UNVR,RG,3880,1,D,YP,CS,D
14:45:14,UNVR,RG,3880,1,D,DH,CS,D
14:45:14,UNVR,RG,3880,3,D,NI,CS,D
14:45:14,UNVR,RG,3880,3,D,YP,CS,D
14:45:14,UNVR,RG,3880,10,D,CC,CS,D
14:45:14,UNVR,RG,3880,5,D,DR,CS,D
14:45:14,UNVR,RG,3880,2,D,YP,CS,D
14:45:14,UNVR,RG,3880,1,D,CC,CS,D
14:45:14,UNVR,RG,3880,1,D,XC,CS,D
14:45:14,UNVR,RG,3880,1,D,YP,CS,D
14:45:14,UNVR,RG,3880,1,D,CC,CS,D
14:45:14,UNVR,RG,3880,1,D,GR,CS,D
14:45:14,UNVR,RG,3880,5,D,PD,CS,D
14:45:14,UNVR,RG,3880,5,D,PD,CS,D
14:45:14,UNVR,RG,3880,3,D,PD,CS,D
14:45:14,UNVR,RG,3880,5,D,EP,CS,D
14:45:14,UNVR,RG,3880,1,D,OD,CS,D
14:45:14,UNVR,RG,3880,1,D,OD,CS,D
14:45:14,UNVR,RG,3880,6,F,NI,CS,D
14:45:14,UNVR,RG,3880,1,D,CC,CS,D
14:45:14,UNVR,RG,3880,5,D,YP,CS,D
14:45:14,UNVR,RG,3880,2,D,YP,CS,D
14:45:14,UNVR,RG,3880,1,D,YP,CS,D
14:45:14,UNVR,RG,3880,1,D,YP,CS,D
14:45:14,UNVR,RG,3880,13,F,SQ,CS,D
14:45:14,UNVR,RG,3880,1,D,YP,CS,D
14:45:14,UNVR,RG,3880,2,D,LG,CS,D
14:45:14,UNVR,RG,3880,2,D,YP,CS,D
14:45:14,UNVR,RG,3880,6,D,EP,CS,D
14:45:14,UNVR,RG,3880,1,D,XL,CS,D
14:45:14,UNVR,RG,3880,18,D,CC,CS,D
14:45:14,UNVR,RG,3880,12,D,CC,CS,D
14:45:14,UNVR,RG,3880,2,D,PD,CS,D
14:45:14,UNVR,RG,3880,1,D,PD,CS,D
14:45:14,UNVR,RG,3880,20,D,SQ,CS,D
14:45:14,UNVR,RG,3880,1,D,KK,CS,D
14:45:14,UNVR,RG,3880,1,D,PD,CS,D
14:45:14,UNVR,RG,3880,1,D,DR,CS,D
14:45:14,UNVR,RG,3880,6,D,DR,CS,D
14:45:14,UNVR,RG,3880,3,D,DR,CS,D
14:45:14,UNVR,RG,3880,15,D,PD,CS,D
14:45:14,UNVR,RG,3880,9,D,PD,CS,D
14:45:14,UNVR,RG,3880,5,D,PD,CS,D
14:45:14,UNVR,RG,3880,13,D,PD,CS,D
14:45:12,UNVR,RG,3890,2,D,CC,CS,F
14:45:10,UNVR,RG,3890,1,D,NI,CS,F
14:45:10,UNVR,RG,3890,5,D,KK,CS,F
14:45:09,UNVR,RG,3890,2,D,PD,CS,F
14:45:08,UNVR,RG,3890,27,D,XC,CS,F
14:45:07,UNVR,RG,3880,1,D,PD,XC,D
14:45:04,UNVR,RG,3890,1,D,NI,CS,F
14:45:01,UNVR,RG,3890,2,D,PD,CS,F
14:45:00,UNVR,RG,3890,1,D,PD,CS,F
14:44:56,UNVR,RG,3890,5,D,NI,CS,F
14:44:54,UNVR,RG,3880,32,D,PD,DX,D
14:44:52,UNVR,RG,3890,10,D,CP,CS,F
14:44:52,UNVR,RG,3880,200,D,PD,GR,D
14:44:50,UNVR,RG,3890,1,D,YP,CS,F
14:44:50,UNVR,RG,3890,3,D,PD,CS,F
14:44:49,UNVR,RG,3880,2,D,PD,PD,D
14:44:46,UNVR,RG,3890,2,D,CC,CS,F
14:44:46,UNVR,RG,3890,1,D,SQ,CS,F
14:44:41,UNVR,RG,3890,1,D,NI,CS,F
14:44:38,UNVR,RG,3890,50,F,YP,CS,F
14:44:37,UNVR,RG,3890,10,D,YP,CS,F
14:44:37,UNVR,RG,3890,5,D,XL,CS,F
14:44:37,UNVR,RG,3880,7,D,PD,PD,D
14:44:35,UNVR,RG,3890,4,D,SQ,CS,F
14:44:35,UNVR,RG,3890,3,D,CC,CS,F
14:44:35,UNVR,RG,3890,30,D,CC,CS,F
14:44:33,UNVR,RG,3880,5,D,PD,NI,D
14:44:32,UNVR,RG,3890,5,D,YP,CS,F
14:44:31,UNVR,RG,3890,3,D,XC,CS,F
14:44:30,UNVR,RG,3890,10,D,NI,CS,F
14:44:29,UNVR,RG,3890,1,D,XC,CS,F
14:44:25,UNVR,RG,3890,1,D,PD,CS,F
14:44:25,UNVR,RG,3890,10,D,CC,CS,F
14:44:24,UNVR,RG,3880,11,D,PD,DX,D
14:44:24,UNVR,RG,3880,2,D,PD,DX,D
14:44:24,UNVR,RG,3880,13,D,DR,DX,D
14:44:22,UNVR,RG,3890,1,D,DH,CS,F
14:44:22,UNVR,RG,3880,25,D,DR,CC,D
14:44:21,UNVR,RG,3890,38,D,XC,CS,F
14:44:12,UNVR,RG,3890,5,D,YP,CS,F
14:44:11,UNVR,RG,3890,2,D,YP,CS,F
14:44:11,UNVR,RG,3890,1,D,YP,CS,F
14:44:09,UNVR,RG,3890,4,D,NI,CS,F
14:44:08,UNVR,RG,3890,2,D,PD,CS,F
14:44:06,UNVR,RG,3890,10,D,LG,CS,F
14:44:02,UNVR,RG,3890,2,D,SQ,CS,F
14:44:01,UNVR,RG,3890,2,D,XC,CS,F
14:44:01,UNVR,RG,3890,50,F,YP,CS,F
14:44:01,UNVR,RG,3890,3,D,XC,CS,F
14:44:00,UNVR,RG,3890,1,D,CP,CS,F
14:44:00,UNVR,RG,3890,1,D,DR,CS,F
14:43:59,UNVR,RG,3890,37,F,ZP,CS,F
14:43:58,UNVR,RG,3890,10,D,YP,CS,F
14:43:57,UNVR,RG,3890,5,D,CC,CS,F
14:43:56,UNVR,RG,3880,1,D,DR,YP,D
14:43:55,UNVR,RG,3890,92,D,RS,CS,F
14:43:55,UNVR,RG,3890,1,D,RS,PD,D
14:43:55,UNVR,RG,3890,100,D,RS,GR,D
14:43:55,UNVR,RG,3890,31,D,RS,DR,D
14:43:55,UNVR,RG,3890,24,D,RS,LG,D
14:43:55,UNVR,RG,3890,52,D,RS,LG,D
14:43:55,UNVR,RG,3890,9,D,XC,LG,D
14:43:54,UNVR,RG,3890,10,D,YP,LG,D
14:43:53,UNVR,RG,3890,343,D,YP,LG,D
14:43:53,UNVR,RG,3890,469,D,YP,LG,D
14:43:50,UNVR,RG,3890,1,D,CC,LG,D
14:43:49,UNVR,RG,3880,1,D,DR,XC,D
14:43:49,UNVR,RG,3890,1,D,DR,LG,D
14:43:48,UNVR,RG,3890,24,F,ZP,LG,D
14:43:48,UNVR,RG,3890,1,D,YU,LG,D
14:43:47,UNVR,RG,3890,293,D,NI,LG,D
14:43:47,UNVR,RG,3890,146,D,NI,RX,D
14:43:47,UNVR,RG,3890,195,D,NI,RX,D
14:43:47,UNVR,RG,3890,80,D,NI,CC,D
14:43:47,UNVR,RG,3890,8,D,NI,CC,D
14:43:47,UNVR,RG,3890,12,D,NI,CS,D
14:43:47,UNVR,RG,3890,13,D,NI,CS,D
14:43:47,UNVR,RG,3890,31,D,NI,CS,D
14:43:47,UNVR,RG,3890,2,D,NI,CS,D
14:43:47,UNVR,RG,3890,10,D,NI,PD,D
14:43:47,UNVR,RG,3890,90,D,NI,AI,D
14:43:47,UNVR,RG,3890,50,D,NI,SQ,D
14:43:47,UNVR,RG,3890,5,D,NI,AG,D
14:43:47,UNVR,RG,3890,1,D,NI,AK,F
14:43:47,UNVR,RG,3890,1,D,NI,AK,F
14:43:47,UNVR,RG,3890,23,D,NI,ZP,F
14:43:47,UNVR,RG,3890,40,D,NI,BK,F
14:43:47,UNVR,RG,3890,1,D,XC,BK,F
14:43:42,UNVR,RG,3880,10,D,DR,XC,D
14:43:41,UNVR,RG,3890,20,D,CP,BK,F
14:43:41,UNVR,RG,3890,1,D,YP,BK,F
14:43:40,UNVR,RG,3890,10,D,PD,BK,F
14:43:39,UNVR,RG,3890,1,D,PD,BK,F
14:43:38,UNVR,RG,3890,10,D,OD,BK,F
14:43:37,UNVR,RG,3880,1,D,PD,NI,D
14:43:35,UNVR,RG,3890,1,D,XC,BK,F
14:43:32,UNVR,RG,3890,9,D,PD,BK,F
14:43:31,UNVR,RG,3880,1,D,PD,HP,D
14:43:30,UNVR,RG,3880,1,D,PD,PD,D
14:43:30,UNVR,RG,3880,2,D,KK,PD,D
14:43:30,UNVR,RG,3880,1,D,EP,PD,D
14:43:30,UNVR,RG,3880,3,D,DX,PD,D
14:43:29,UNVR,RG,3890,100,D,CC,BK,F
14:43:29,UNVR,RG,3890,1,D,NI,BK,F
14:43:26,UNVR,RG,3880,1,D,DH,XL,D
14:43:23,UNVR,RG,3890,4,D,TP,BK,F
14:43:21,UNVR,RG,3880,1,D,DH,XC,D
14:43:19,UNVR,RG,3890,283,D,GR,BK,F
14:43:19,UNVR,RG,3890,2232,D,GR,CS,F
14:43:19,UNVR,RG,3890,25,D,GR,IF,D
14:43:19,UNVR,RG,3890,1,D,GR,XC,D
14:43:19,UNVR,RG,3890,1,D,GR,CC,F
14:43:19,UNVR,RG,3890,6,D,GR,CC,D
14:43:19,UNVR,RG,3890,6,D,GR,CC,D
14:43:19,UNVR,RG,3890,6,D,GR,CC,D
14:43:19,UNVR,RG,3890,5,D,GR,CS,D
14:43:17,UNVR,RG,3890,4,D,YP,CS,D
14:43:17,UNVR,RG,3890,6,D,YP,ZP,F
14:43:17,UNVR,RG,3890,45,D,EP,ZP,F
14:43:17,UNVR,RG,3890,27,D,EP,YU,F
14:43:17,UNVR,RG,3890,46,D,EP,YU,F
14:43:17,UNVR,RG,3890,12,D,EP,CS,D
14:43:15,UNVR,RG,3890,3,D,DX,CS,D
14:43:15,UNVR,RG,3880,9,D,DR,PD,D
14:43:14,UNVR,RG,3890,9,D,YP,CS,D
14:43:13,UNVR,RG,3880,1,D,DR,ZP,F
14:43:13,UNVR,RG,3880,2,D,PD,ZP,F
14:43:13,UNVR,RG,3880,9,D,CP,ZP,F
14:43:13,UNVR,RG,3890,2,D,NI,CS,D
14:43:13,UNVR,RG,3890,11,D,NI,CS,D
14:43:13,UNVR,RG,3890,2,D,NI,CS,D
14:43:13,UNVR,RG,3890,10,D,NI,YU,D
14:43:11,UNVR,RG,3880,75,D,CP,PD,D
14:43:10,UNVR,RG,3890,1,D,YP,YU,D
14:43:09,UNVR,RG,3890,25,D,YP,YU,D
14:43:07,UNVR,RG,3880,5,D,CP,YP,D
14:43:05,UNVR,RG,3890,20,D,PD,YU,D
14:43:04,UNVR,RG,3880,102,D,CP,HP,D
14:43:04,UNVR,RG,3890,5,D,LG,YU,D
14:43:02,UNVR,RG,3890,50,F,YP,YU,D
14:42:59,UNVR,RG,3890,1,D,BQ,YU,D
14:42:58,UNVR,RG,3880,5,D,CP,AG,D
14:42:57,UNVR,RG,3890,2,D,AG,YU,D
14:42:55,UNVR,RG,3880,2,D,CP,XC,D
14:42:53,UNVR,RG,3890,10,D,CC,YU,D
14:42:50,UNVR,RG,3890,1,D,NI,YU,D
14:42:50,UNVR,RG,3880,2,D,CP,CS,D
14:42:50,UNVR,RG,3880,2,D,CP,CS,D
14:42:50,UNVR,RG,3890,10,D,YP,YU,D
14:42:50,UNVR,RG,3890,6,D,NI,YU,D
14:42:50,UNVR,RG,3890,15,F,CS,YU,D
14:42:50,UNVR,RG,3890,7,D,CC,YU,D
14:42:50,UNVR,RG,3890,6,D,OD,YU,D
14:42:50,UNVR,RG,3890,2,D,YP,YU,D
14:42:50,UNVR,RG,3890,1,D,CC,YU,D
14:42:50,UNVR,RG,3890,4,D,XC,YU,D
14:42:50,UNVR,RG,3890,2,D,LS,YU,D
14:42:50,UNVR,RG,3890,1,D,YP,YU,D
14:42:50,UNVR,RG,3890,1,D,SQ,YU,D
14:42:50,UNVR,RG,3890,2,D,CC,YU,D
14:42:50,UNVR,RG,3890,1,D,PD,YU,D
14:42:50,UNVR,RG,3890,1,D,YP,YU,D
14:42:50,UNVR,RG,3890,10,D,CC,YU,D
14:42:50,UNVR,RG,3890,1,D,NI,YU,D
14:42:50,UNVR,RG,3890,1,D,PD,YU,D
14:42:50,UNVR,RG,3890,1,D,EP,YU,D
14:42:50,UNVR,RG,3890,3,F,ZP,YU,D
14:42:49,UNVR,RG,3890,1,F,ZP,LG,D
14:42:49,UNVR,RG,3890,50,F,ZP,BQ,D
14:42:48,UNVR,RG,3890,18,F,ZP,CS,D
14:42:48,UNVR,RG,3890,1,F,ZP,XC,D
14:42:45,UNVR,RG,3890,1,F,ZP,AK,F
14:42:40,UNVR,RG,3890,13,F,ZP,CS,D
14:42:38,UNVR,RG,3890,1,F,ZP,PD,D
14:42:34,UNVR,RG,3890,7,F,ZP,CS,D
14:42:34,UNVR,RG,3890,22,F,ZP,KZ,D
14:42:34,UNVR,RG,3890,7,F,ZP,KZ,D
14:42:31,UNVR,RG,3890,24,F,ZP,SQ,D
14:42:31,UNVR,RG,3890,2,F,AK,SQ,D
14:42:31,UNVR,RG,3890,2,F,AK,SQ,D
14:42:31,UNVR,RG,3890,22,F,AK,SQ,D
14:42:31,UNVR,RG,3890,5,F,AK,CS,D
14:42:30,UNVR,RG,3900,1,D,KK,ZP,F
14:42:29,UNVR,RG,3890,2,F,AK,KZ,D
14:42:29,UNVR,RG,3890,13,F,AK,ZP,F
14:42:28,UNVR,RG,3890,29,F,AK,CS,D
14:42:28,UNVR,RG,3890,6,F,AK,CS,D
14:42:28,UNVR,RG,3890,2,F,AK,CS,D
14:42:28,UNVR,RG,3890,1,F,AK,CS,D
14:42:28,UNVR,RG,3890,1,F,AK,ZP,F
14:42:28,UNVR,RG,3890,1,D,YP,CS,D
14:42:28,UNVR,RG,3900,1,D,PD,ZP,F
14:42:27,UNVR,RG,3890,5,D,YP,KZ,F
14:42:27,UNVR,RG,3890,1,D,NI,KZ,F
14:42:27,UNVR,RG,3890,1,D,HP,KZ,F
14:42:27,UNVR,RG,3890,1,D,DH,KZ,F
14:42:27,UNVR,RG,3890,500,D,GR,KZ,F
14:42:27,UNVR,RG,3890,1,D,XC,KZ,F
14:42:27,UNVR,RG,3890,1,D,XC,KZ,F
14:42:27,UNVR,RG,3890,50,D,CC,KZ,F
14:42:27,UNVR,RG,3890,10,D,YP,KZ,F
14:42:27,UNVR,RG,3890,1,D,PD,KZ,F
14:42:27,UNVR,RG,3890,200,D,PD,KZ,F
14:42:27,UNVR,RG,3890,1,D,CC,KZ,F
14:42:27,UNVR,RG,3890,1,D,YP,KZ,F
14:42:27,UNVR,RG,3890,1,D,EP,KZ,F
14:42:27,UNVR,RG,3890,2,D,NI,KZ,F
14:42:27,UNVR,RG,3890,1,D,XC,KZ,F
14:42:27,UNVR,RG,3890,1,D,NI,KZ,F
14:42:27,UNVR,RG,3890,2,D,EP,KZ,F
14:42:27,UNVR,RG,3890,30,D,DR,KZ,F
14:42:27,UNVR,RG,3890,3,D,NI,KZ,F
14:42:27,UNVR,RG,3890,3,D,PD,KZ,F
14:42:27,UNVR,RG,3890,1,D,XC,KZ,F
14:42:27,UNVR,RG,3890,1,D,NI,KZ,F
14:42:27,UNVR,RG,3890,2,D,PD,KZ,F
14:42:27,UNVR,RG,3890,777,D,ZP,KZ,F
14:42:27,UNVR,RG,3890,3,D,YP,KZ,F
14:42:27,UNVR,RG,3890,20,D,ZP,KZ,F
14:42:27,UNVR,RG,3890,1,D,PD,KZ,F
14:42:27,UNVR,RG,3890,1,D,XC,KZ,F
14:42:27,UNVR,RG,3890,1,D,CC,KZ,F
14:42:27,UNVR,RG,3890,1,D,YP,KZ,F
14:42:27,UNVR,RG,3890,2,D,SQ,KZ,F
14:42:27,UNVR,RG,3890,1,D,EP,KZ,F
14:42:27,UNVR,RG,3890,1,D,XC,KZ,F
14:42:27,UNVR,RG,3890,1,D,CC,KZ,F
14:42:27,UNVR,RG,3890,3,D,YP,KZ,F
14:42:27,UNVR,RG,3890,5,D,NI,KZ,F
14:42:27,UNVR,RG,3890,4,F,CS,KZ,F
14:42:27,UNVR,RG,3890,10,D,CC,KZ,F
14:42:27,UNVR,RG,3890,1,D,CC,KZ,F
14:42:27,UNVR,RG,3890,10,D,XL,KZ,F
14:42:27,UNVR,RG,3890,10,D,PD,KZ,F
14:42:27,UNVR,RG,3890,1,D,CC,KZ,F
14:42:27,UNVR,RG,3890,5,D,KK,KZ,F
14:42:27,UNVR,RG,3890,2,D,XC,KZ,F
14:42:27,UNVR,RG,3890,2,D,CC,KZ,F
14:42:27,UNVR,RG,3890,1,D,XC,KZ,F
14:42:27,UNVR,RG,3890,1,D,PD,KZ,F
14:42:27,UNVR,RG,3890,50,D,KK,KZ,F
14:42:27,UNVR,RG,3890,100,D,YU,KZ,F
14:42:27,UNVR,RG,3890,20,D,SS,KZ,F
14:42:27,UNVR,RG,3890,2,D,YP,KZ,F
14:42:27,UNVR,RG,3890,1,D,CC,KZ,F
14:42:27,UNVR,RG,3890,12,D,NI,KZ,F
14:42:27,UNVR,RG,3890,25,D,XA,KZ,F
14:42:27,UNVR,RG,3890,1,D,CC,KZ,F
14:42:27,UNVR,RG,3890,1,D,XA,KZ,F
14:42:27,UNVR,RG,3890,1,D,XC,KZ,F
14:42:27,UNVR,RG,3890,10,D,KK,KZ,F
14:42:27,UNVR,RG,3890,10,D,PD,KZ,F
14:42:27,UNVR,RG,3890,20,D,NI,KZ,F
14:42:27,UNVR,RG,3890,1,D,NI,KZ,F
14:42:27,UNVR,RG,3890,13,D,KK,KZ,F
14:42:27,UNVR,RG,3890,1,D,YP,KZ,F
14:42:27,UNVR,RG,3890,1,D,YP,KZ,F
14:42:27,UNVR,RG,3890,2,D,YP,KZ,F
14:42:27,UNVR,RG,3890,5,D,XC,KZ,F
14:42:27,UNVR,RG,3890,20,D,EP,KZ,F
14:42:27,UNVR,RG,3890,5,D,SQ,KZ,F
14:42:27,UNVR,RG,3890,20,D,YP,KZ,F
14:42:27,UNVR,RG,3890,10,D,SQ,KZ,F
14:42:27,UNVR,RG,3890,10,D,YP,KZ,F
14:42:27,UNVR,RG,3890,50,D,CD,KZ,F
14:42:27,UNVR,RG,3890,20,D,NI,KZ,F
14:42:27,UNVR,RG,3890,1,D,XC,KZ,F
14:42:27,UNVR,RG,3890,5,D,CC,KZ,F
14:42:27,UNVR,RG,3890,2,D,CC,KZ,F
14:42:27,UNVR,RG,3890,10,D,NI,KZ,F
14:42:27,UNVR,RG,3890,19,D,NI,KZ,F
14:42:27,UNVR,RG,3890,125,D,NI,KZ,F
14:42:27,UNVR,RG,3890,1,D,KK,KZ,F
14:42:27,UNVR,RG,3890,25,D,CC,KZ,F
14:42:27,UNVR,RG,3890,5,D,SQ,KZ,F
14:42:27,UNVR,RG,3890,3,F,CS,KZ,F
14:42:27,UNVR,RG,3890,20,D,SQ,KZ,F
14:42:27,UNVR,RG,3890,10,D,SQ,KZ,F
14:42:27,UNVR,RG,3890,25,D,YP,KZ,F
14:42:27,UNVR,RG,3890,2,D,EP,KZ,F
14:42:27,UNVR,RG,3890,3,D,CP,KZ,F
14:42:27,UNVR,RG,3890,2,D,HP,KZ,F
14:42:27,UNVR,RG,3890,1,D,XL,KZ,F
14:42:27,UNVR,RG,3890,5,D,DH,KZ,F
14:42:27,UNVR,RG,3890,5,D,CC,KZ,F
14:42:27,UNVR,RG,3890,10,D,CC,KZ,F
14:42:27,UNVR,RG,3890,1,D,NI,KZ,F
14:42:27,UNVR,RG,3890,1,D,LS,KZ,F
14:42:27,UNVR,RG,3890,5,D,ZP,KZ,F
14:42:27,UNVR,RG,3890,5,D,XC,KZ,F
14:42:27,UNVR,RG,3890,5,D,DH,KZ,F
14:42:27,UNVR,RG,3890,1,D,NI,KZ,F
14:42:27,UNVR,RG,3890,3,D,XL,KZ,F
14:42:27,UNVR,RG,3890,1,D,XC,KZ,F
14:42:27,UNVR,RG,3890,1,D,XC,KZ,F
14:42:27,UNVR,RG,3890,3,D,YP,KZ,F
14:42:27,UNVR,RG,3890,100,D,CP,KZ,F
14:42:27,UNVR,RG,3890,9,D,PD,KZ,F
14:42:27,UNVR,RG,3890,8,F,AK,KZ,F
14:42:27,UNVR,RG,3890,1,D,PD,KZ,F
14:42:27,UNVR,RG,3890,7,D,PD,KZ,F
14:42:27,UNVR,RG,3890,5,D,LS,KZ,F
14:42:27,UNVR,RG,3890,300,D,CC,KZ,F
14:42:27,UNVR,RG,3890,1,D,CC,KZ,F
14:42:27,UNVR,RG,3890,5,D,XC,KZ,F
14:42:27,UNVR,RG,3890,1,D,NI,KZ,F
14:42:27,UNVR,RG,3890,10,D,CC,KZ,F
14:42:27,UNVR,RG,3890,1,D,YP,KZ,F
14:42:27,UNVR,RG,3890,1,D,XC,KZ,F
14:42:27,UNVR,RG,3890,1,D,PD,KZ,F
14:42:27,UNVR,RG,3890,4,D,NI,KZ,F
14:42:27,UNVR,RG,3890,2,D,NI,KZ,F
14:42:27,UNVR,RG,3890,200,D,YP,KZ,F
14:42:27,UNVR,RG,3890,1,D,XC,KZ,F
14:42:27,UNVR,RG,3890,10,D,PD,KZ,F
14:42:27,UNVR,RG,3890,1,D,XC,KZ,F
14:42:27,UNVR,RG,3890,50,D,GR,KZ,F
14:42:27,UNVR,RG,3890,10,D,PD,KZ,F
14:42:27,UNVR,RG,3890,50,D,CC,KZ,F
14:42:27,UNVR,RG,3890,5,D,CC,KZ,F
14:42:27,UNVR,RG,3890,13,D,EP,KZ,F
14:42:27,UNVR,RG,3890,5,D,CC,KZ,F
14:42:27,UNVR,RG,3890,1,D,XC,KZ,F
14:42:27,UNVR,RG,3890,1,D,XC,KZ,F
14:42:27,UNVR,RG,3890,3,D,NI,KZ,F
14:42:27,UNVR,RG,3890,3,D,PD,KZ,F
14:42:27,UNVR,RG,3890,1,D,CC,KZ,F
14:42:27,UNVR,RG,3890,5,D,SQ,KZ,F
14:42:27,UNVR,RG,3890,1000,D,YP,KZ,F
14:42:27,UNVR,RG,3890,50,F,YP,KZ,F
14:42:27,UNVR,RG,3890,10,D,CC,KZ,F
14:42:27,UNVR,RG,3890,1,D,XC,KZ,F
14:42:27,UNVR,RG,3890,1,D,XC,KZ,F
14:42:27,UNVR,RG,3890,8,D,PD,KZ,F
14:42:27,UNVR,RG,3890,1,D,XC,KZ,F
14:42:27,UNVR,RG,3890,2,D,YP,KZ,F
14:42:27,UNVR,RG,3890,2,D,PD,KZ,F
14:42:27,UNVR,RG,3890,10,D,XA,KZ,F
14:42:27,UNVR,RG,3890,5,D,PD,KZ,F
14:42:27,UNVR,RG,3890,1,D,XC,KZ,F
14:42:27,UNVR,RG,3890,1,D,CC,KZ,F
14:42:27,UNVR,RG,3890,1,D,PD,KZ,F
14:42:27,UNVR,RG,3890,5,D,DR,KZ,F
14:42:27,UNVR,RG,3890,1,D,KK,KZ,F
14:42:27,UNVR,RG,3890,5,F,CS,KZ,F
14:42:27,UNVR,RG,3890,15,D,OD,KZ,F
14:42:27,UNVR,RG,3890,3,D,XC,KZ,F
14:42:27,UNVR,RG,3890,1,D,PD,KZ,F
14:42:27,UNVR,RG,3890,1,D,PD,KZ,F
14:42:27,UNVR,RG,3890,100,D,LG,KZ,F
14:42:27,UNVR,RG,3890,5,D,YP,KZ,F
14:42:27,UNVR,RG,3890,18,D,PD,KZ,F
14:42:27,UNVR,RG,3890,1,D,XC,KZ,F
14:42:27,UNVR,RG,3890,10,D,EP,KZ,F
14:42:27,UNVR,RG,3890,5,D,NI,KZ,F
14:42:27,UNVR,RG,3890,1,D,XC,KZ,F
14:42:27,UNVR,RG,3890,10,D,PD,KZ,F
14:42:27,UNVR,RG,3890,1,D,YP,KZ,F
14:42:27,UNVR,RG,3890,1,D,TP,KZ,F
14:42:27,UNVR,RG,3890,5,D,KK,KZ,F
14:42:27,UNVR,RG,3890,1,D,YP,KZ,F
14:42:27,UNVR,RG,3890,6,D,XC,KZ,F
14:42:27,UNVR,RG,3890,1,D,PD,KZ,F
14:42:27,UNVR,RG,3890,100,D,RO,KZ,F
14:42:27,UNVR,RG,3890,1,D,OD,KZ,F
14:42:27,UNVR,RG,3890,4,D,XC,KZ,F
14:42:27,UNVR,RG,3890,10,D,PD,KZ,F
14:42:27,UNVR,RG,3890,1,D,GR,KZ,F
14:42:27,UNVR,RG,3890,10,D,CC,KZ,F
14:42:27,UNVR,RG,3890,11,D,PD,KZ,F
14:42:27,UNVR,RG,3890,1,D,XC,KZ,F
14:42:27,UNVR,RG,3890,1,D,PD,KZ,F
14:42:27,UNVR,RG,3890,12,F,CS,KZ,F
14:42:27,UNVR,RG,3890,1,D,XC,KZ,F
14:42:27,UNVR,RG,3890,1,D,PD,KZ,F
14:42:27,UNVR,RG,3890,20,D,EP,KZ,F
14:42:27,UNVR,RG,3890,1,D,KK,KZ,F
14:42:27,UNVR,RG,3890,20,D,SQ,KZ,F
14:42:27,UNVR,RG,3890,1,D,XC,KZ,F
14:42:27,UNVR,RG,3890,1,D,YP,KZ,F
14:42:27,UNVR,RG,3890,1,D,AT,KZ,F
14:42:27,UNVR,RG,3890,10,D,NI,KZ,F
14:42:27,UNVR,RG,3890,1,D,CC,KZ,F
14:42:27,UNVR,RG,3890,1,D,SQ,KZ,F
14:42:27,UNVR,RG,3890,1,D,NI,KZ,F
14:42:27,UNVR,RG,3890,1,D,PD,KZ,F
14:42:27,UNVR,RG,3890,1,D,PD,KZ,F
14:42:27,UNVR,RG,3890,1,D,XC,KZ,F
14:42:27,UNVR,RG,3890,120,D,YP,KZ,F
14:42:27,UNVR,RG,3890,20,D,NI,KZ,F
14:42:27,UNVR,RG,3890,1,D,CC,KZ,F
14:42:27,UNVR,RG,3890,50,D,YU,KZ,F
14:42:27,UNVR,RG,3890,100,D,TP,KZ,F
14:42:27,UNVR,RG,3890,15,D,PD,KZ,F
14:42:27,UNVR,RG,3890,3,D,IF,KZ,F
14:42:27,UNVR,RG,3890,60,D,CC,KZ,F
14:42:27,UNVR,RG,3890,10,D,AG,KZ,F
14:42:27,UNVR,RG,3890,10,D,KK,KZ,F
14:42:27,UNVR,RG,3890,100,D,EP,KZ,F
14:42:27,UNVR,RG,3890,2,D,CC,KZ,F
14:42:27,UNVR,RG,3890,5,D,ES,KZ,F
14:42:27,UNVR,RG,3890,10,D,YP,KZ,F
14:42:27,UNVR,RG,3890,1,D,DR,KZ,F
14:42:27,UNVR,RG,3890,1,D,NI,KZ,F
14:42:27,UNVR,RG,3890,1,D,YP,KZ,F
14:42:27,UNVR,RG,3890,10,D,KK,KZ,F
14:42:27,UNVR,RG,3890,10,F,CS,KZ,F
14:42:27,UNVR,RG,3890,10,D,CC,KZ,F
14:42:27,UNVR,RG,3890,2,D,YP,KZ,F
14:42:27,UNVR,RG,3890,63,F,AK,KZ,F
14:42:27,UNVR,RG,3890,25,D,SQ,KZ,F
14:42:27,UNVR,RG,3890,50,D,YP,KZ,F
14:42:27,UNVR,RG,3890,3,D,AT,KZ,F
14:42:27,UNVR,RG,3890,2,D,PD,KZ,F
14:42:27,UNVR,RG,3890,4,D,XL,KZ,F
14:42:27,UNVR,RG,3890,15,D,NI,KZ,F
14:42:27,UNVR,RG,3890,5,D,YP,KZ,F
14:42:27,UNVR,RG,3890,1,D,LG,KZ,F
14:42:27,UNVR,RG,3890,3,D,KK,KZ,F
14:42:27,UNVR,RG,3890,2,D,CC,KZ,F
14:42:27,UNVR,RG,3890,10,D,YP,KZ,F
14:42:27,UNVR,RG,3890,5,F,AK,KZ,F
14:42:27,UNVR,RG,3890,11,D,PD,KZ,F
14:42:27,UNVR,RG,3890,1,F,CS,KZ,F
14:42:27,UNVR,RG,3890,1,D,NI,KZ,F
14:42:27,UNVR,RG,3890,1,D,CC,KZ,F
14:42:27,UNVR,RG,3890,10,D,XC,KZ,F
14:42:27,UNVR,RG,3890,2,D,PD,KZ,F
14:42:27,UNVR,RG,3890,1,D,NI,KZ,F
14:42:27,UNVR,RG,3890,2,D,XC,KZ,F
14:42:27,UNVR,RG,3890,5,D,ZP,KZ,F
14:42:27,UNVR,RG,3890,3,D,NI,KZ,F
14:42:27,UNVR,RG,3890,1,D,NI,KZ,F
14:42:27,UNVR,RG,3890,10,D,CC,KZ,F
14:42:27,UNVR,RG,3890,1,D,NI,KZ,F
14:42:27,UNVR,RG,3890,1,D,CC,KZ,F
14:42:27,UNVR,RG,3890,79,F,AK,KZ,F
14:42:27,UNVR,RG,3890,5,D,XL,KZ,F
14:42:27,UNVR,RG,3890,10,D,YP,KZ,F
14:42:27,UNVR,RG,3890,20,D,SQ,KZ,F
14:42:27,UNVR,RG,3890,3,D,NI,KZ,F
14:42:27,UNVR,RG,3890,10,D,ZP,KZ,F
14:42:27,UNVR,RG,3890,3,D,DR,KZ,F
14:42:27,UNVR,RG,3890,1,D,XC,KZ,F
14:42:27,UNVR,RG,3890,1,D,XC,KZ,F
14:42:27,UNVR,RG,3890,3,D,XC,KZ,F
14:42:27,UNVR,RG,3890,1,D,XC,KZ,F
14:42:27,UNVR,RG,3890,1,D,XC,KZ,F
14:42:27,UNVR,RG,3890,5,D,PD,KZ,F
14:42:27,UNVR,RG,3890,2,D,XC,KZ,F
14:42:27,UNVR,RG,3890,300,D,YP,KZ,F
14:42:27,UNVR,RG,3890,1,D,CC,KZ,F
14:42:27,UNVR,RG,3890,3,F,CS,KZ,F
14:42:27,UNVR,RG,3890,1,D,XC,KZ,F
14:42:27,UNVR,RG,3890,5,D,HP,KZ,F
14:42:27,UNVR,RG,3890,5,D,FS,KZ,F
14:42:27,UNVR,RG,3890,1,D,XC,KZ,F
14:42:27,UNVR,RG,3890,1,D,PD,KZ,F
14:42:27,UNVR,RG,3890,50,D,CC,KZ,F
14:42:27,UNVR,RG,3890,5,D,BQ,KZ,F
14:42:27,UNVR,RG,3890,2,F,AK,KZ,F
14:42:27,UNVR,RG,3890,1,D,CC,KZ,F
14:42:27,UNVR,RG,3890,10,D,YP,KZ,F
14:42:27,UNVR,RG,3890,1,D,OD,KZ,F
14:42:27,UNVR,RG,3890,2,F,AK,KZ,F
14:42:27,UNVR,RG,3890,180,D,NI,KZ,F
14:42:27,UNVR,RG,3890,5,F,YP,KZ,F
14:42:27,UNVR,RG,3890,1,D,PD,KZ,F
14:42:27,UNVR,RG,3890,50,D,CC,KZ,F
14:42:27,UNVR,RG,3890,65,F,AK,KZ,F
14:42:27,UNVR,RG,3890,431,D,KK,KZ,F
14:42:27,UNVR,RG,3890,25,D,OD,KZ,F
14:42:27,UNVR,RG,3890,1,D,SQ,KZ,F
14:42:27,UNVR,RG,3890,1,D,SQ,KZ,F
14:42:27,UNVR,RG,3890,1,D,PD,KZ,F
14:42:27,UNVR,RG,3890,22,D,YP,KZ,F
14:42:27,UNVR,RG,3890,1,D,KK,KZ,F
14:42:27,UNVR,RG,3890,1,D,XC,KZ,F
14:42:27,UNVR,RG,3890,1,D,XC,KZ,F
14:42:27,UNVR,RG,3890,1,D,PD,KZ,F
14:42:27,UNVR,RG,3890,1,D,DR,KZ,F
14:42:27,UNVR,RG,3890,6,F,AK,KZ,F
14:42:27,UNVR,RG,3890,1,D,XC,KZ,F
14:42:27,UNVR,RG,3890,25,F,CS,KZ,F
14:42:27,UNVR,RG,3890,1,D,PD,KZ,F
14:42:27,UNVR,RG,3890,3,D,PD,KZ,F
14:42:27,UNVR,RG,3890,1,D,AN,KZ,F
14:42:27,UNVR,RG,3890,3,D,CC,KZ,F
14:42:27,UNVR,RG,3890,1,D,CC,KZ,F
14:42:27,UNVR,RG,3890,3,D,CC,KZ,F
14:42:27,UNVR,RG,3890,20,D,CC,KZ,F
14:42:27,UNVR,RG,3890,1,D,PD,KZ,F
14:42:27,UNVR,RG,3890,400,D,CC,KZ,F
14:42:27,UNVR,RG,3890,2,D,PD,KZ,F
14:42:27,UNVR,RG,3890,1,D,DX,KZ,F
14:42:27,UNVR,RG,3890,5,D,GR,KZ,F
14:42:27,UNVR,RG,3890,2,D,PD,KZ,F
14:42:27,UNVR,RG,3890,3,D,YP,KZ,F
14:42:27,UNVR,RG,3890,5,D,NI,KZ,F
14:42:27,UNVR,RG,3890,50,D,PD,KZ,F
14:42:27,UNVR,RG,3890,3,D,CC,KZ,F
14:42:27,UNVR,RG,3890,200,D,EP,KZ,F
14:42:27,UNVR,RG,3890,2,D,YP,KZ,F
14:42:27,UNVR,RG,3890,88,F,AK,KZ,F
14:42:27,UNVR,RG,3890,20,D,YP,KZ,F
14:42:27,UNVR,RG,3890,2,D,PD,KZ,F
14:42:27,UNVR,RG,3890,10,D,KK,KZ,F
14:42:27,UNVR,RG,3890,1,D,YP,KZ,F
14:42:27,UNVR,RG,3890,15,D,PD,KZ,F
14:42:27,UNVR,RG,3890,1,D,XC,KZ,F
14:42:27,UNVR,RG,3890,5,D,HP,KZ,F
14:42:27,UNVR,RG,3890,1,D,XL,KZ,F
14:42:27,UNVR,RG,3890,4,F,ZP,KZ,F
14:42:27,UNVR,RG,3890,1,D,PD,KZ,F
14:42:27,UNVR,RG,3890,100,D,YP,KZ,F
14:42:27,UNVR,RG,3890,1,D,DR,KZ,F
14:42:27,UNVR,RG,3890,1,D,YP,KZ,F
14:42:27,UNVR,RG,3890,1,D,YP,KZ,F
14:42:27,UNVR,RG,3890,1,D,SQ,KZ,F
14:42:27,UNVR,RG,3890,5,D,PD,KZ,F
14:42:27,UNVR,RG,3890,30,D,SH,KZ,F
14:42:27,UNVR,RG,3890,1,D,YP,KZ,F
14:42:27,UNVR,RG,3890,18,D,CC,KZ,F
14:42:27,UNVR,RG,3890,50,D,DR,KZ,F
14:42:27,UNVR,RG,3890,1,D,YJ,KZ,F
14:42:27,UNVR,RG,3890,2,D,XC,KZ,F
14:42:27,UNVR,RG,3890,5,D,XC,KZ,F
14:42:27,UNVR,RG,3890,2,D,PD,KZ,F
14:42:27,UNVR,RG,3890,2,F,AK,KZ,F
14:42:27,UNVR,RG,3890,1,D,AT,KZ,F
14:42:27,UNVR,RG,3890,2,F,AK,KZ,F
14:42:27,UNVR,RG,3890,2,D,NI,KZ,F
14:42:27,UNVR,RG,3890,2,D,KK,KZ,F
14:42:27,UNVR,RG,3890,1,D,YP,KZ,F
14:42:27,UNVR,RG,3890,5,D,YU,KZ,F
14:42:27,UNVR,RG,3890,1,D,XC,KZ,F
14:42:27,UNVR,RG,3890,100,D,HD,KZ,F
14:42:27,UNVR,RG,3890,50,D,YP,KZ,F
14:42:27,UNVR,RG,3890,1,D,XC,KZ,F
14:42:27,UNVR,RG,3890,1,D,PD,KZ,F
14:42:27,UNVR,RG,3890,1,D,NI,KZ,F
14:42:27,UNVR,RG,3890,10,D,NI,KZ,F
14:42:27,UNVR,RG,3890,5,D,YP,KZ,F
14:42:27,UNVR,RG,3890,1,D,PD,KZ,F
14:42:27,UNVR,RG,3890,10,D,KK,KZ,F
14:42:27,UNVR,RG,3890,1,D,XC,KZ,F
14:42:27,UNVR,RG,3890,3,D,NI,KZ,F
14:42:27,UNVR,RG,3890,16,D,KK,KZ,F
14:42:27,UNVR,RG,3890,1,D,DH,KZ,F
14:42:27,UNVR,RG,3890,300,D,PD,KZ,F
14:42:27,UNVR,RG,3890,50,D,DR,KZ,F
14:42:27,UNVR,RG,3890,1,D,PD,KZ,F
14:42:27,UNVR,RG,3890,4,D,YP,KZ,F
14:42:27,UNVR,RG,3890,10,D,OD,KZ,F
14:42:27,UNVR,RG,3890,2,D,XC,KZ,F
14:42:27,UNVR,RG,3890,1,D,XC,KZ,F
14:42:27,UNVR,RG,3890,20,D,AZ,KZ,F
14:42:27,UNVR,RG,3890,1,D,XC,KZ,F
14:42:27,UNVR,RG,3890,5,D,XC,KZ,F
14:42:27,UNVR,RG,3890,2,D,YP,KZ,F
14:42:27,UNVR,RG,3890,64,D,CC,KZ,F
14:42:27,UNVR,RG,3890,2,D,PD,KZ,F
14:42:27,UNVR,RG,3890,100,D,YP,KZ,F
14:42:27,UNVR,RG,3890,67,F,AK,KZ,F
14:42:27,UNVR,RG,3890,6,D,YP,KZ,F
14:42:27,UNVR,RG,3890,1,D,XC,KZ,F
14:42:27,UNVR,RG,3890,1,D,YP,KZ,F
14:42:27,UNVR,RG,3890,2,D,DH,KZ,F
14:42:27,UNVR,RG,3890,15,D,YP,KZ,F
14:42:27,UNVR,RG,3890,1,D,KK,KZ,F
14:42:27,UNVR,RG,3890,1,D,PD,KZ,F
14:42:27,UNVR,RG,3890,6,F,AK,KZ,F
14:42:27,UNVR,RG,3890,5,D,CC,KZ,F
14:42:27,UNVR,RG,3890,4,D,DR,KZ,F
14:42:27,UNVR,RG,3890,2,D,DH,KZ,F
14:42:27,UNVR,RG,3890,5,D,YP,KZ,F
14:42:27,UNVR,RG,3890,1,D,XC,KZ,F
14:42:27,UNVR,RG,3890,2,D,YP,KZ,F
14:42:27,UNVR,RG,3890,1,D,SQ,KZ,F
14:42:27,UNVR,RG,3890,100,D,YP,KZ,F
14:42:27,UNVR,RG,3890,4,F,CS,KZ,F
14:42:27,UNVR,RG,3890,1,D,XC,KZ,F
14:42:27,UNVR,RG,3890,25,D,PD,KZ,F
14:42:27,UNVR,RG,3890,20,D,EP,KZ,F
14:42:27,UNVR,RG,3890,5,D,XC,KZ,F
14:42:27,UNVR,RG,3890,10,D,PD,KZ,F
14:42:27,UNVR,RG,3890,5,D,NI,KZ,F
14:42:27,UNVR,RG,3890,6,D,NI,KZ,F
14:42:27,UNVR,RG,3890,5,D,XC,KZ,F
14:42:27,UNVR,RG,3890,200,D,SQ,KZ,F
14:42:27,UNVR,RG,3890,1,D,KK,KZ,F
14:42:27,UNVR,RG,3890,50,D,YP,KZ,F
14:42:27,UNVR,RG,3890,1,D,PD,KZ,F
14:42:27,UNVR,RG,3890,2,D,PD,KZ,F
14:42:27,UNVR,RG,3890,1,D,PD,KZ,F
14:42:27,UNVR,RG,3890,5,D,PD,KZ,F
14:42:27,UNVR,RG,3890,1,D,CC,KZ,F
14:42:27,UNVR,RG,3890,10,D,CC,KZ,F
14:42:27,UNVR,RG,3890,5,D,KK,KZ,F
14:42:27,UNVR,RG,3890,4,D,CC,KZ,F
14:42:27,UNVR,RG,3890,1,D,YP,KZ,F
14:42:27,UNVR,RG,3890,1,D,AT,KZ,F
14:42:27,UNVR,RG,3890,1,D,OD,KZ,F
14:42:27,UNVR,RG,3890,2,D,KK,KZ,F
14:42:27,UNVR,RG,3890,1,D,XL,KZ,F
14:42:27,UNVR,RG,3890,25,D,SQ,KZ,F
14:42:27,UNVR,RG,3890,125,D,LG,KZ,F
14:42:27,UNVR,RG,3890,2,D,DX,KZ,F
14:42:27,UNVR,RG,3890,1,D,XC,KZ,F
14:42:27,UNVR,RG,3890,128,D,CP,KZ,F
14:42:27,UNVR,RG,3890,1,D,DR,KZ,F
14:42:27,UNVR,RG,3890,1,D,HP,KZ,F
14:42:27,UNVR,RG,3890,1,D,KK,KZ,F
14:42:27,UNVR,RG,3890,1,D,AT,KZ,F
14:42:27,UNVR,RG,3890,2,D,XC,KZ,F
14:42:27,UNVR,RG,3890,500,D,KK,KZ,F
14:42:27,UNVR,RG,3890,2,D,XC,KZ,F
14:42:27,UNVR,RG,3890,1,D,NI,KZ,F
14:42:27,UNVR,RG,3890,2,F,AK,KZ,F
14:42:27,UNVR,RG,3890,102,F,AK,KZ,F
14:42:27,UNVR,RG,3890,2,F,AK,KZ,F
14:42:27,UNVR,RG,3890,15,D,YP,KZ,F
14:42:27,UNVR,RG,3890,25,D,PD,KZ,F
14:42:27,UNVR,RG,3890,1,D,PD,KZ,F
14:42:27,UNVR,RG,3890,5,D,PD,KZ,F
14:42:27,UNVR,RG,3890,10,D,SQ,KZ,F
14:42:27,UNVR,RG,3890,25,D,DX,KZ,F
14:42:27,UNVR,RG,3890,19,F,AK,KZ,F
14:42:27,UNVR,RG,3890,4,D,CC,KZ,F
14:42:27,UNVR,RG,3890,1,D,PD,KZ,F
14:42:27,UNVR,RG,3890,1,D,PD,KZ,F
14:42:27,UNVR,RG,3890,5,D,YP,KZ,F
14:42:27,UNVR,RG,3890,257,D,XA,KZ,F
14:42:27,UNVR,RG,3890,1,D,XL,KZ,F
14:42:27,UNVR,RG,3890,10,D,YP,KZ,F
14:42:27,UNVR,RG,3890,3,D,LG,KZ,F
14:42:27,UNVR,RG,3890,1,D,DX,KZ,F
14:42:27,UNVR,RG,3890,2,D,YP,KZ,F
14:42:27,UNVR,RG,3890,30,D,LG,KZ,F
14:42:27,UNVR,RG,3890,1,D,YP,KZ,F
14:42:27,UNVR,RG,3890,1,D,YP,KZ,F
14:42:27,UNVR,RG,3890,1,D,PD,KZ,F
14:42:27,UNVR,RG,3890,25,D,PD,KZ,F
14:42:27,UNVR,RG,3890,10,D,GR,KZ,F
14:42:27,UNVR,RG,3890,1,D,XL,KZ,F
14:42:27,UNVR,RG,3890,100,D,YP,KZ,F
14:42:27,UNVR,RG,3890,10,D,DH,KZ,F
14:42:27,UNVR,RG,3890,10,D,NI,KZ,F
14:42:27,UNVR,RG,3890,1,D,PD,KZ,F
14:42:27,UNVR,RG,3890,1,D,XL,KZ,F
14:42:27,UNVR,RG,3890,2,D,PD,KZ,F
14:42:27,UNVR,RG,3890,9,D,PD,KZ,F
14:42:27,UNVR,RG,3890,2,D,XC,KZ,F
14:42:27,UNVR,RG,3890,1,D,CC,KZ,F
14:42:27,UNVR,RG,3890,5,D,YP,KZ,F
14:42:27,UNVR,RG,3890,1,D,YP,KZ,F
14:42:27,UNVR,RG,3890,2,D,XC,KZ,F
14:42:27,UNVR,RG,3890,5,D,HP,KZ,F
14:42:27,UNVR,RG,3890,1,D,XC,KZ,F
14:42:27,UNVR,RG,3890,10,D,NI,KZ,F
14:42:27,UNVR,RG,3890,300,D,PD,KZ,F
14:42:27,UNVR,RG,3890,2,D,XC,KZ,F
14:42:27,UNVR,RG,3890,2,D,PD,KZ,F
14:42:27,UNVR,RG,3890,10,D,XC,KZ,F
14:42:27,UNVR,RG,3890,2,D,HP,KZ,F
14:42:27,UNVR,RG,3890,10,D,KK,KZ,F
14:42:27,UNVR,RG,3890,5,D,KK,KZ,F
14:42:27,UNVR,RG,3890,1,D,PD,KZ,F
14:42:27,UNVR,RG,3890,50,D,PD,KZ,F
14:42:27,UNVR,RG,3890,5,D,PD,KZ,F
14:42:27,UNVR,RG,3890,10,D,PD,KZ,F
14:42:27,UNVR,RG,3890,3,D,PD,KZ,F
14:42:27,UNVR,RG,3890,1,D,PD,KZ,F
14:42:27,UNVR,RG,3890,20,D,YP,KZ,F
14:42:27,UNVR,RG,3890,1,D,OD,KZ,F
14:42:27,UNVR,RG,3890,40,D,AT,KZ,F
14:42:27,UNVR,RG,3890,30,D,CC,KZ,F
14:42:27,UNVR,RG,3890,1,D,PD,KZ,F
14:42:27,UNVR,RG,3890,1,D,XC,KZ,F
14:42:27,UNVR,RG,3890,2,D,XC,KZ,F
14:42:27,UNVR,RG,3890,69,F,AK,KZ,F
14:42:27,UNVR,RG,3890,6,F,AK,KZ,F
14:42:27,UNVR,RG,3890,2,D,XC,KZ,F
14:42:27,UNVR,RG,3890,2,D,XC,KZ,F
14:42:27,UNVR,RG,3890,5,D,XC,KZ,F
14:42:27,UNVR,RG,3890,2,D,XC,KZ,F
14:42:27,UNVR,RG,3890,5,D,HP,KZ,F
14:42:27,UNVR,RG,3890,1,D,PD,KZ,F
14:42:27,UNVR,RG,3890,5,D,DR,KZ,F
14:42:27,UNVR,RG,3890,10,F,AK,KZ,F
14:42:27,UNVR,RG,3890,1,D,XC,KZ,F
14:42:27,UNVR,RG,3890,10,D,SQ,KZ,F
14:42:27,UNVR,RG,3890,15,F,CS,KZ,F
14:42:27,UNVR,RG,3890,52,D,CC,KZ,F
14:42:27,UNVR,RG,3890,10,D,PD,KZ,F
14:42:27,UNVR,RG,3890,100,D,SQ,KZ,F
14:42:27,UNVR,RG,3890,5,D,KK,KZ,F
14:42:27,UNVR,RG,3890,5,D,XC,KZ,F
14:42:27,UNVR,RG,3890,1,D,CC,KZ,F
14:42:27,UNVR,RG,3890,15,D,YP,KZ,F
14:42:27,UNVR,RG,3890,100,D,TP,KZ,F
14:42:27,UNVR,RG,3890,6,D,YP,KZ,F
14:42:27,UNVR,RG,3890,2,D,NI,KZ,F
14:42:27,UNVR,RG,3890,10,D,PD,KZ,F
14:42:27,UNVR,RG,3890,5,D,DH,KZ,F
14:42:27,UNVR,RG,3890,50,D,YP,KZ,F
14:42:27,UNVR,RG,3890,257,D,YP,KZ,F
14:42:27,UNVR,RG,3890,1,D,PD,KZ,F
14:42:27,UNVR,RG,3890,5,D,SQ,KZ,F
14:42:27,UNVR,RG,3890,1,D,YP,KZ,F
14:42:27,UNVR,RG,3890,20,D,AT,KZ,F
14:42:27,UNVR,RG,3890,11,D,NI,KZ,F
14:42:27,UNVR,RG,3890,10,D,PD,KZ,F
14:42:27,UNVR,RG,3890,1,F,ZP,KZ,F
14:42:27,UNVR,RG,3890,5,D,NI,KZ,F
14:42:27,UNVR,RG,3890,1,D,CC,KZ,F
14:42:27,UNVR,RG,3890,3,D,SQ,KZ,F
14:42:27,UNVR,RG,3890,13,F,ZP,KZ,F
14:42:27,UNVR,RG,3890,100,D,XA,KZ,F
14:42:27,UNVR,RG,3890,23,F,ZP,KZ,F
14:42:27,UNVR,RG,3890,2,F,AK,KZ,F
14:42:27,UNVR,RG,3890,1,D,XC,KZ,F
14:42:27,UNVR,RG,3890,2,D,CC,KZ,F
14:42:27,UNVR,RG,3890,10,D,NI,KZ,F
14:42:27,UNVR,RG,3890,1,D,YP,KZ,F
14:42:27,UNVR,RG,3890,1,D,YP,KZ,F
14:42:27,UNVR,RG,3890,1,D,CC,KZ,F
14:42:27,UNVR,RG,3890,3,D,CC,KZ,F
14:42:27,UNVR,RG,3890,3,D,KK,KZ,F
14:42:27,UNVR,RG,3890,3,D,YP,KZ,F
14:42:27,UNVR,RG,3890,1,D,NI,KZ,F
14:42:27,UNVR,RG,3890,1,D,XC,KZ,F
14:42:27,UNVR,RG,3890,2,D,IF,KZ,F
14:42:27,UNVR,RG,3890,2,D,YP,KZ,F
14:42:27,UNVR,RG,3890,1,D,XC,KZ,F
14:42:27,UNVR,RG,3890,2,F,AK,KZ,F
14:42:27,UNVR,RG,3890,2,D,KK,KZ,F
14:42:27,UNVR,RG,3890,5,D,PD,KZ,F
14:42:27,UNVR,RG,3890,5,D,YP,KZ,F
14:42:27,UNVR,RG,3890,5,D,SQ,KZ,F
14:42:27,UNVR,RG,3890,1,D,DR,KZ,F
14:42:27,UNVR,RG,3890,3,D,PD,KZ,F
14:42:27,UNVR,RG,3890,1,D,PD,KZ,F
14:42:27,UNVR,RG,3890,3,D,CC,KZ,F
14:42:27,UNVR,RG,3890,1,D,XC,KZ,F
14:42:27,UNVR,RG,3890,5,D,HP,KZ,F
14:42:27,UNVR,RG,3890,1,D,NI,KZ,F
14:42:27,UNVR,RG,3890,1,D,XC,KZ,F
14:42:27,UNVR,RG,3890,5,D,CC,KZ,F
14:42:27,UNVR,RG,3890,50,D,YU,KZ,F
14:42:27,UNVR,RG,3890,3,D,PD,KZ,F
14:42:27,UNVR,RG,3890,20,D,LG,KZ,F
14:42:27,UNVR,RG,3890,10,D,KK,KZ,F
14:42:27,UNVR,RG,3890,69,D,KK,KZ,F
14:42:27,UNVR,RG,3890,10,D,PD,KZ,F
14:42:27,UNVR,RG,3890,1,D,XC,KZ,F
14:42:27,UNVR,RG,3890,400,D,PD,KZ,F
14:42:27,UNVR,RG,3890,2,D,YP,KZ,F
14:42:27,UNVR,RG,3890,8,D,XC,KZ,F
14:42:27,UNVR,RG,3890,5,D,XC,KZ,F
14:42:27,UNVR,RG,3890,1,D,NI,KZ,F
14:42:27,UNVR,RG,3890,1,D,YP,KZ,F
14:42:27,UNVR,RG,3890,10,D,CC,KZ,F
14:42:27,UNVR,RG,3890,5,D,CC,KZ,F
14:42:27,UNVR,RG,3890,1,D,YP,KZ,F
14:42:27,UNVR,RG,3890,10,D,XC,KZ,F
14:42:27,UNVR,RG,3890,7,F,CS,KZ,F
14:42:27,UNVR,RG,3890,1,D,CC,KZ,F
14:42:27,UNVR,RG,3890,1,F,CS,KZ,F
14:42:27,UNVR,RG,3890,10,D,NI,KZ,F
14:42:27,UNVR,RG,3890,10,F,AK,KZ,F
14:42:27,UNVR,RG,3890,100,D,PD,KZ,F
14:42:27,UNVR,RG,3890,2,D,XC,KZ,F
14:42:27,UNVR,RG,3890,5,D,OD,KZ,F
14:42:27,UNVR,RG,3890,2,D,NI,KZ,F
14:42:27,UNVR,RG,3890,1,D,YP,KZ,F
14:42:27,UNVR,RG,3890,10,D,NI,KZ,F
14:42:27,UNVR,RG,3890,10,D,YP,KZ,F
14:42:27,UNVR,RG,3890,10,D,CC,KZ,F
14:42:27,UNVR,RG,3890,2,D,XC,KZ,F
14:42:27,UNVR,RG,3890,2,D,KK,KZ,F
14:42:27,UNVR,RG,3890,1,D,NI,KZ,F
14:42:27,UNVR,RG,3890,1,D,CC,KZ,F
14:42:27,UNVR,RG,3890,201,F,AK,KZ,F
14:42:27,UNVR,RG,3890,1,D,YP,KZ,F
14:42:27,UNVR,RG,3890,1,D,XC,KZ,F
14:42:27,UNVR,RG,3890,3,D,YP,KZ,F
14:42:27,UNVR,RG,3890,1,D,XL,KZ,F
14:42:27,UNVR,RG,3890,1,D,NI,KZ,F
14:42:27,UNVR,RG,3890,1,D,PD,KZ,F
14:42:27,UNVR,RG,3890,1,D,XC,KZ,F
14:42:27,UNVR,RG,3890,1,D,XC,KZ,F
14:42:27,UNVR,RG,3890,27,F,ZP,KZ,F
14:42:27,UNVR,RG,3890,1,D,EP,KZ,F
14:42:27,UNVR,RG,3890,1,D,DH,KZ,F
14:42:27,UNVR,RG,3890,8,D,PD,KZ,F
14:42:27,UNVR,RG,3890,2,D,BQ,KZ,F
14:42:27,UNVR,RG,3890,1,D,YP,KZ,F
14:42:27,UNVR,RG,3890,2,D,YP,KZ,F
14:42:27,UNVR,RG,3890,50,D,XC,KZ,F
14:42:27,UNVR,RG,3890,2,D,CC,KZ,F
14:42:27,UNVR,RG,3890,1,D,XC,KZ,F
14:42:27,UNVR,RG,3890,5,D,SQ,KZ,F
14:42:27,UNVR,RG,3890,10,D,CC,KZ,F
14:42:27,UNVR,RG,3890,5,D,NI,KZ,F
14:42:27,UNVR,RG,3890,25,D,CC,KZ,F
14:42:27,UNVR,RG,3890,1,D,PD,KZ,F
14:42:27,UNVR,RG,3890,1,D,PD,KZ,F
14:42:27,UNVR,RG,3890,5,D,SQ,KZ,F
14:42:27,UNVR,RG,3890,300,D,YP,KZ,F
14:42:27,UNVR,RG,3890,1,D,YP,KZ,F
14:42:27,UNVR,RG,3890,50,D,CC,KZ,F
14:42:27,UNVR,RG,3890,3,D,NI,KZ,F
14:42:27,UNVR,RG,3890,2,D,PD,KZ,F
14:42:27,UNVR,RG,3890,1,D,XC,KZ,F
14:42:27,UNVR,RG,3890,1,D,XC,KZ,F
14:42:27,UNVR,RG,3890,1,D,YP,KZ,F
14:42:27,UNVR,RG,3890,20,D,YP,KZ,F
14:42:27,UNVR,RG,3890,30,D,AZ,KZ,F
14:42:27,UNVR,RG,3890,1,D,YP,KZ,F
14:42:27,UNVR,RG,3890,5,D,TP,KZ,F
14:42:27,UNVR,RG,3890,1,D,NI,KZ,F
14:42:27,UNVR,RG,3890,1,D,NI,KZ,F
14:42:27,UNVR,RG,3890,3,D,PD,KZ,F
14:42:27,UNVR,RG,3890,1,D,PD,KZ,F
14:42:27,UNVR,RG,3890,8,F,ZP,KZ,F
14:42:27,UNVR,RG,3890,136,F,ZP,KZ,F
14:42:27,UNVR,RG,3890,22,F,ZP,KZ,F
14:42:27,UNVR,RG,3890,12,D,YP,KZ,F
14:42:27,UNVR,RG,3890,10,D,YP,KZ,F
14:42:27,UNVR,RG,3890,1,D,XC,KZ,F
14:42:27,UNVR,RG,3890,50,D,PD,KZ,F
14:42:27,UNVR,RG,3890,50,D,TP,KZ,F
14:42:27,UNVR,RG,3890,2,D,FS,KZ,F
14:42:27,UNVR,RG,3890,2,D,PD,KZ,F
14:42:27,UNVR,RG,3890,5,D,NI,KZ,F
14:42:27,UNVR,RG,3890,2,D,PD,KZ,F
14:42:27,UNVR,RG,3890,1,D,YP,KZ,F
14:42:27,UNVR,RG,3890,1,D,SQ,KZ,F
14:42:27,UNVR,RG,3890,20,D,AT,KZ,F
14:42:27,UNVR,RG,3890,3,D,YP,KZ,F
14:42:27,UNVR,RG,3890,1,D,CC,KZ,F
14:42:27,UNVR,RG,3890,1,D,XC,KZ,F
14:42:27,UNVR,RG,3890,1,D,NI,KZ,F
14:42:27,UNVR,RG,3890,1,D,YP,KZ,F
14:42:27,UNVR,RG,3890,1,D,XC,KZ,F
14:42:27,UNVR,RG,3890,1,D,YP,KZ,F
14:42:27,UNVR,RG,3890,5,D,PD,KZ,F
14:42:27,UNVR,RG,3890,100,D,TP,KZ,F
14:42:27,UNVR,RG,3890,2,D,XC,KZ,F
14:42:27,UNVR,RG,3890,5,D,GR,KZ,F
14:42:27,UNVR,RG,3890,55,D,CC,KZ,F
14:42:27,UNVR,RG,3890,1,D,CC,KZ,F
14:42:27,UNVR,RG,3890,5,D,XC,KZ,F
14:42:27,UNVR,RG,3890,2,D,XC,KZ,F
14:42:27,UNVR,RG,3890,1,D,KK,KZ,F
14:42:27,UNVR,RG,3890,5,D,CC,KZ,F
14:42:27,UNVR,RG,3890,257,D,YP,KZ,F
14:42:27,UNVR,RG,3890,2,D,YP,KZ,F
14:42:27,UNVR,RG,3890,50,D,GR,KZ,F
14:42:27,UNVR,RG,3890,30,D,YU,KZ,F
14:42:27,UNVR,RG,3890,10,D,PD,KZ,F
14:42:27,UNVR,RG,3890,10,D,SQ,KZ,F
14:42:27,UNVR,RG,3890,3,D,KK,KZ,F
14:42:27,UNVR,RG,3890,2,D,PD,KZ,F
14:42:27,UNVR,RG,3890,4,D,XC,KZ,F
14:42:27,UNVR,RG,3890,1,D,XC,KZ,F
14:42:27,UNVR,RG,3890,100,D,CC,KZ,F
14:42:27,UNVR,RG,3890,1,D,PD,KZ,F
14:42:27,UNVR,RG,3890,5,D,YP,KZ,F
14:42:27,UNVR,RG,3890,2,D,DR,KZ,F
14:42:27,UNVR,RG,3890,10,D,CC,KZ,F
14:42:27,UNVR,RG,3890,10,D,SQ,KZ,F
14:42:27,UNVR,RG,3890,10,D,YP,KZ,F
14:42:27,UNVR,RG,3890,3,D,XL,KZ,F
14:42:27,UNVR,RG,3890,1,D,PD,KZ,F
14:42:27,UNVR,RG,3890,1,D,PD,KZ,F
14:42:27,UNVR,RG,3890,1,D,PD,KZ,F
14:42:27,UNVR,RG,3890,5,F,SQ,KZ,F
14:42:27,UNVR,RG,3890,5,D,PD,KZ,F
14:42:27,UNVR,RG,3890,10,D,CC,KZ,F
14:42:27,UNVR,RG,3890,5,D,YP,KZ,F
14:42:27,UNVR,RG,3890,10,D,YP,KZ,F
14:42:27,UNVR,RG,3890,1,D,AZ,KZ,F
14:42:27,UNVR,RG,3890,1,D,YP,KZ,F
14:42:27,UNVR,RG,3890,50,D,SQ,KZ,F
14:42:27,UNVR,RG,3890,1,D,NI,KZ,F
14:42:27,UNVR,RG,3890,4,D,DR,KZ,F
14:42:27,UNVR,RG,3890,1,D,PD,KZ,F
14:42:27,UNVR,RG,3890,3,D,PD,KZ,F
14:42:27,UNVR,RG,3890,10,D,GR,KZ,F
14:42:27,UNVR,RG,3890,10,D,KK,KZ,F
14:42:27,UNVR,RG,3890,10,D,DH,KZ,F
14:42:27,UNVR,RG,3890,1,D,PD,KZ,F
14:42:27,UNVR,RG,3890,1,D,PD,KZ,F
14:42:27,UNVR,RG,3890,2,D,PD,KZ,F
14:42:27,UNVR,RG,3890,1,D,NI,KZ,F
14:42:27,UNVR,RG,3890,1,D,PD,KZ,F
14:42:27,UNVR,RG,3890,5,D,XC,KZ,F
14:42:27,UNVR,RG,3890,3,D,SQ,KZ,F
14:42:27,UNVR,RG,3890,1,D,PD,KZ,F
14:42:27,UNVR,RG,3890,1,D,LS,KZ,F
14:42:27,UNVR,RG,3890,3,D,YP,KZ,F
14:42:27,UNVR,RG,3890,5,D,DH,KZ,F
14:42:27,UNVR,RG,3890,2,D,NI,KZ,F
14:42:27,UNVR,RG,3890,5,D,YU,KZ,F
14:42:27,UNVR,RG,3890,10,D,NI,KZ,F
14:42:27,UNVR,RG,3890,1,D,YP,KZ,F
14:42:27,UNVR,RG,3890,1,D,CC,KZ,F
14:42:27,UNVR,RG,3890,1,D,KK,KZ,F
14:42:27,UNVR,RG,3890,1,D,DH,KZ,F
14:42:27,UNVR,RG,3890,2,D,XC,KZ,F
14:42:27,UNVR,RG,3890,1,D,PD,KZ,F
14:42:27,UNVR,RG,3890,10,D,YP,KZ,F
14:42:27,UNVR,RG,3890,5,D,YP,KZ,F
14:42:27,UNVR,RG,3890,3,D,DR,KZ,F
14:42:27,UNVR,RG,3890,1,D,NI,KZ,F
14:42:27,UNVR,RG,3890,2,D,YP,KZ,F
14:42:27,UNVR,RG,3890,5,D,NI,KZ,F
14:42:27,UNVR,RG,3890,100,D,SQ,KZ,F
14:42:27,UNVR,RG,3890,2,D,NI,KZ,F
14:42:27,UNVR,RG,3890,1,D,YB,KZ,F
14:42:27,UNVR,RG,3890,1,D,XL,KZ,F
14:42:27,UNVR,RG,3890,1,D,PD,KZ,F
14:42:27,UNVR,RG,3890,1,D,NI,KZ,F
14:42:27,UNVR,RG,3890,50,D,YP,KZ,F
14:42:27,UNVR,RG,3890,1,D,GR,KZ,F
14:42:27,UNVR,RG,3890,10,F,IF,KZ,F
14:42:27,UNVR,RG,3890,10,D,NI,KZ,F
14:42:27,UNVR,RG,3890,1,D,CC,KZ,F
14:42:27,UNVR,RG,3890,25,D,YP,KZ,F
14:42:27,UNVR,RG,3890,2,D,XC,KZ,F
14:42:27,UNVR,RG,3890,1,D,YP,KZ,F
14:42:27,UNVR,RG,3890,1,D,PD,KZ,F
14:42:27,UNVR,RG,3890,3,D,YP,KZ,F
14:42:27,UNVR,RG,3890,5,D,KK,KZ,F
14:42:27,UNVR,RG,3890,10,D,CC,KZ,F
14:42:27,UNVR,RG,3890,5,D,DX,KZ,F
14:42:27,UNVR,RG,3890,10,D,YP,KZ,F
14:42:27,UNVR,RG,3890,5,D,HP,KZ,F
14:42:27,UNVR,RG,3890,10,D,YP,KZ,F
14:42:27,UNVR,RG,3890,3,D,PD,KZ,F
14:42:27,UNVR,RG,3890,6,D,YP,KZ,F
14:42:27,UNVR,RG,3890,10,D,PD,KZ,F
14:42:27,UNVR,RG,3890,2,D,PD,KZ,F
14:42:27,UNVR,RG,3890,2,D,XC,KZ,F
14:42:27,UNVR,RG,3890,1,D,NI,KZ,F
14:42:27,UNVR,RG,3890,1,D,SQ,KZ,F
14:42:27,UNVR,RG,3890,1,D,CC,KZ,F
14:42:27,UNVR,RG,3890,1,D,XC,KZ,F
14:42:27,UNVR,RG,3890,1,D,PD,KZ,F
14:42:27,UNVR,RG,3890,1,D,PD,KZ,F
14:42:27,UNVR,RG,3890,1,D,PD,KZ,F
14:42:27,UNVR,RG,3890,2,D,NI,KZ,F
14:42:27,UNVR,RG,3890,1,D,GR,KZ,F
14:42:27,UNVR,RG,3890,1,D,XC,KZ,F
14:42:27,UNVR,RG,3890,10,D,KK,KZ,F
14:42:27,UNVR,RG,3890,5,D,YP,KZ,F
14:42:27,UNVR,RG,3890,10,D,CC,KZ,F
14:42:27,UNVR,RG,3890,1,D,NI,KZ,F
14:42:27,UNVR,RG,3890,1,D,YP,KZ,F
14:42:27,UNVR,RG,3890,1,D,XC,KZ,F
14:42:27,UNVR,RG,3890,20,D,YP,KZ,F
14:42:27,UNVR,RG,3890,5,D,YP,KZ,F
14:42:27,UNVR,RG,3890,2,D,XC,KZ,F
14:42:27,UNVR,RG,3890,1,D,PD,KZ,F
14:42:27,UNVR,RG,3890,20,D,YP,KZ,F
14:42:27,UNVR,RG,3890,1,D,KK,KZ,F
14:42:27,UNVR,RG,3890,7,D,CC,KZ,F
14:42:27,UNVR,RG,3890,20,D,DR,KZ,F
14:42:27,UNVR,RG,3890,5,D,XC,KZ,F
14:42:27,UNVR,RG,3890,5,D,CC,KZ,F
14:42:27,UNVR,RG,3890,2,D,CC,KZ,F
14:42:27,UNVR,RG,3890,10,D,CC,KZ,F
14:42:27,UNVR,RG,3890,1,D,YP,KZ,F
14:42:27,UNVR,RG,3890,5,D,PD,KZ,F
14:42:27,UNVR,RG,3890,1,D,PD,KZ,F
14:42:27,UNVR,RG,3890,25,D,PD,KZ,F
14:42:27,UNVR,RG,3890,1,D,KK,KZ,F
14:42:27,UNVR,RG,3890,5,D,CC,KZ,F
14:42:27,UNVR,RG,3890,2,D,PD,KZ,F
14:42:27,UNVR,RG,3890,4,D,XL,KZ,F
14:42:27,UNVR,RG,3890,2,D,PD,KZ,F
14:42:27,UNVR,RG,3890,1,D,XC,KZ,F
14:42:27,UNVR,RG,3890,1,D,PD,KZ,F
14:42:27,UNVR,RG,3890,10,D,NI,KZ,F
14:42:27,UNVR,RG,3890,1,D,KK,KZ,F
14:42:27,UNVR,RG,3890,10,D,AZ,KZ,F
14:42:27,UNVR,RG,3890,250,D,YP,KZ,F
14:42:27,UNVR,RG,3890,10,D,YP,KZ,F
14:42:27,UNVR,RG,3890,2,D,YP,KZ,F
14:42:27,UNVR,RG,3890,1,D,YP,KZ,F
14:42:27,UNVR,RG,3890,2,D,YP,KZ,F
14:42:27,UNVR,RG,3890,1,D,YP,KZ,F
14:42:27,UNVR,RG,3890,50,D,YP,KZ,F
14:42:27,UNVR,RG,3890,1,D,CC,KZ,F
14:42:27,UNVR,RG,3890,20,D,CC,KZ,F
14:42:27,UNVR,RG,3890,1,D,CC,KZ,F
14:42:27,UNVR,RG,3890,5,D,PD,KZ,F
14:42:27,UNVR,RG,3890,20,D,XC,KZ,F
14:42:27,UNVR,RG,3890,2,D,PD,KZ,F
14:42:27,UNVR,RG,3890,10,D,PD,KZ,F
14:42:27,UNVR,RG,3890,1,D,PD,KZ,F
14:42:27,UNVR,RG,3890,3,D,SQ,KZ,F
14:42:27,UNVR,RG,3890,4,D,XC,KZ,F
14:42:27,UNVR,RG,3890,25,D,XC,KZ,F
14:42:27,UNVR,RG,3890,10,D,PD,KZ,F
14:42:27,UNVR,RG,3890,288,D,XC,KZ,F
14:42:25,UNVR,RG,3900,1,D,NI,ZP,F
14:42:20,UNVR,RG,3900,1,D,PD,ZP,F
14:42:15,UNVR,RG,3900,34,F,AK,ZP,F
14:42:14,UNVR,RG,3890,58,D,XC,KZ,D
14:42:13,UNVR,RG,3890,2,D,XC,PD,D
14:42:12,UNVR,RG,3890,10,D,XC,NI,D
14:42:11,UNVR,RG,3890,155,D,XC,CS,D
14:42:11,UNVR,RG,3890,1,D,CC,CS,D
14:42:11,UNVR,RG,3890,1,D,CC,CS,D
14:42:11,UNVR,RG,3890,42,D,PD,CS,D
14:42:05,UNVR,RG,3900,4,D,YP,ZP,F
14:42:00,UNVR,RG,3890,1,D,PD,AK,F
14:42:00,UNVR,RG,3890,38,D,PD,YU,F
14:41:58,UNVR,RG,3900,1,D,XC,ZP,F
14:41:58,UNVR,RG,3890,17,D,PD,YP,D
14:41:56,UNVR,RG,3900,1,D,XC,ZP,F
14:41:55,UNVR,RG,3890,1,D,PD,PD,D
14:41:54,UNVR,RG,3900,1,D,XC,ZP,F
14:41:54,UNVR,RG,3900,1,D,YP,ZP,F
14:41:52,UNVR,RG,3900,40,D,KK,ZP,F
14:41:46,UNVR,RG,3890,28,D,PD,DX,D
14:41:46,UNVR,RG,3900,2,D,CP,ZP,F
14:41:45,UNVR,RG,3900,10,D,CC,ZP,F
14:41:42,UNVR,RG,3900,12,F,ZP,ZP,F
14:41:42,UNVR,RG,3900,22,F,ZP,YP,D
14:41:40,UNVR,RG,3900,100,D,CC,YP,D
14:41:39,UNVR,RG,3900,2,D,XL,YP,D
14:41:33,UNVR,RG,3890,100,D,PD,LG,D
14:41:32,UNVR,RG,3890,13,D,PD,ZP,F
14:41:31,UNVR,RG,3900,1,D,XC,YP,D
14:41:31,UNVR,RG,3900,5,D,CC,YP,D
14:41:29,UNVR,RG,3890,50,D,PD,AG,F
14:41:24,UNVR,RG,3900,1,D,XC,YP,D
14:41:21,UNVR,RG,3900,50,D,DR,YP,D
14:41:20,UNVR,RG,3890,10,D,PD,PD,D
14:41:20,UNVR,RG,3890,5,D,CC,PD,D
14:41:20,UNVR,RG,3890,30,D,CC,PD,D
14:41:20,UNVR,RG,3890,5,D,KK,PD,D
14:41:20,UNVR,RG,3890,10,D,PD,PD,D
14:41:20,UNVR,RG,3890,5,D,DH,PD,D
14:41:20,UNVR,RG,3890,1,D,LG,PD,D
14:41:20,UNVR,RG,3890,3,D,LG,PD,D
14:41:20,UNVR,RG,3890,1,D,PD,PD,D
14:41:20,UNVR,RG,3890,1,D,PD,PD,D
14:41:20,UNVR,RG,3890,1,D,PD,PD,D
14:41:20,UNVR,RG,3890,1,D,PD,PD,D
14:41:20,UNVR,RG,3890,1,D,PD,PD,D
14:41:20,UNVR,RG,3890,1,D,PD,PD,D
14:41:20,UNVR,RG,3890,1,D,PD,PD,D
14:41:20,UNVR,RG,3890,40,D,EP,PD,D
14:41:20,UNVR,RG,3890,2,D,YU,PD,D
14:41:20,UNVR,RG,3890,1,D,PD,PD,D
14:41:20,UNVR,RG,3890,10,D,PD,PD,D
14:41:20,UNVR,RG,3890,5,D,PD,PD,D
14:41:20,UNVR,RG,3890,1,D,PD,PD,D
14:41:20,UNVR,RG,3890,1,D,PD,PD,D
14:41:20,UNVR,RG,3890,30,D,CC,PD,D
14:41:20,UNVR,RG,3890,1,D,KK,PD,D
14:41:20,UNVR,RG,3890,15,D,ZP,PD,D
14:41:20,UNVR,RG,3890,1,D,PD,PD,D
14:41:20,UNVR,RG,3890,1,D,PD,PD,D
14:41:20,UNVR,RG,3890,9,D,DR,PD,D
14:41:18,UNVR,RG,3900,15,D,KK,YP,D
14:41:17,UNVR,RG,3900,1,D,YP,YP,D
14:41:15,UNVR,RG,3900,10,D,PD,YP,D
14:41:08,UNVR,RG,3900,64,D,PD,YP,D
14:41:07,UNVR,RG,3900,3,D,XC,YP,D
14:41:02,UNVR,RG,3900,1,F,ZP,YP,D
14:41:00,UNVR,RG,3900,170,F,AK,YP,D
14:41:00,UNVR,RG,3900,17,F,AK,YP,D
14:40:57,UNVR,RG,3900,38,D,RO,YP,D
14:40:57,UNVR,RG,3900,12,D,RO,PD,D
14:40:47,UNVR,RG,3900,25,D,DR,PD,D
14:40:45,UNVR,RG,3900,5,D,AZ,PD,D
14:40:45,UNVR,RG,3900,2,D,AZ,GR,D
14:40:45,UNVR,RG,3900,13,D,AZ,RX,D
14:40:45,UNVR,RG,3900,7,F,AK,RX,D
14:40:45,UNVR,RG,3890,1,D,DR,XC,D
14:40:45,UNVR,RG,3900,6,F,AK,RX,D
14:40:40,UNVR,RG,3900,1,D,NI,RX,D
14:40:39,UNVR,RG,3890,20,D,PG,CS,D
14:40:39,UNVR,RG,3890,10,D,PD,CS,D
14:40:39,UNVR,RG,3890,10,D,KK,CS,D
14:40:39,UNVR,RG,3890,10,D,DR,CS,D
14:40:39,UNVR,RG,3890,1,D,PD,CS,D
14:40:39,UNVR,RG,3890,10,D,DR,CS,D
14:40:39,UNVR,RG,3890,62,D,IP,CS,D
14:40:39,UNVR,RG,3890,2,D,KK,CS,D
14:40:39,UNVR,RG,3890,1,D,PD,CS,D
14:40:39,UNVR,RG,3890,1,D,GR,CS,D
14:40:39,UNVR,RG,3890,20,D,GR,CS,D
14:40:39,UNVR,RG,3890,1,D,CC,CS,D
14:40:39,UNVR,RG,3890,1,D,PD,CS,D
14:40:39,UNVR,RG,3890,1,D,XC,CS,D
14:40:39,UNVR,RG,3890,8,D,KK,CS,D
14:40:39,UNVR,RG,3890,5,D,PD,CS,D
14:40:39,UNVR,RG,3890,27,D,CC,CS,D
14:40:39,UNVR,RG,3890,20,D,NI,CS,D
14:40:39,UNVR,RG,3890,1,D,PD,CS,D
14:40:39,UNVR,RG,3890,2,D,XC,CS,D
14:40:39,UNVR,RG,3890,2,D,PD,CS,D
14:40:39,UNVR,RG,3890,1,D,IP,CS,D
14:40:39,UNVR,RG,3890,10,D,YP,CS,D
14:40:39,UNVR,RG,3890,1,D,PD,CS,D
14:40:39,UNVR,RG,3890,2,D,YP,CS,D
14:40:39,UNVR,RG,3890,1,D,PD,CS,D
14:40:39,UNVR,RG,3890,1,D,CC,CS,D
14:40:39,UNVR,RG,3900,4,D,CC,RX,D
14:40:39,UNVR,RG,3900,10,D,PD,RX,D
14:40:26,UNVR,RG,3900,1,F,ZP,RX,D
14:40:25,UNVR,RG,3900,2,F,ZP,RX,D
14:40:25,UNVR,RG,3890,3,D,CC,ZP,F
14:40:21,UNVR,RG,3900,2,F,ZP,RX,D
14:40:21,UNVR,RG,3900,73,F,ZP,RX,D
14:40:21,UNVR,RG,3890,1,D,CC,ZP,F
14:40:21,UNVR,RG,3890,1,D,SQ,ZP,F
14:40:21,UNVR,RG,3890,5,D,DR,ZP,F
14:40:21,UNVR,RG,3890,2,D,OD,ZP,F
14:40:21,UNVR,RG,3890,30,D,DR,ZP,F
14:40:21,UNVR,RG,3890,30,D,DH,ZP,F
14:40:21,UNVR,RG,3890,1,D,CC,ZP,F
14:40:21,UNVR,RG,3890,3,D,CC,ZP,F
14:40:21,UNVR,RG,3890,1,D,XC,ZP,F
14:40:21,UNVR,RG,3890,1,D,XC,ZP,F
14:40:21,UNVR,RG,3890,1,D,CC,ZP,F
14:40:21,UNVR,RG,3890,1,D,XC,ZP,F
14:40:21,UNVR,RG,3890,50,D,SQ,ZP,F
14:40:21,UNVR,RG,3890,45,D,SQ,ZP,F
14:40:21,UNVR,RG,3890,10,D,YP,ZP,F
14:40:21,UNVR,RG,3890,1,D,CC,ZP,F
14:40:21,UNVR,RG,3890,2,D,PD,ZP,F
14:40:21,UNVR,RG,3890,3,D,PD,ZP,F
14:40:21,UNVR,RG,3890,100,D,SQ,ZP,F
14:40:21,UNVR,RG,3890,10,D,YP,ZP,F
14:40:21,UNVR,RG,3890,2,D,PD,ZP,F
14:40:21,UNVR,RG,3890,3,D,PD,ZP,F
14:40:21,UNVR,RG,3890,30,D,YB,ZP,F
14:40:21,UNVR,RG,3890,1,D,XC,ZP,F
14:40:21,UNVR,RG,3890,1,D,PD,ZP,F
14:40:21,UNVR,RG,3890,1,D,NI,ZP,F
14:40:21,UNVR,RG,3890,2,D,CC,ZP,F
14:40:21,UNVR,RG,3890,20,D,NI,ZP,F
14:40:21,UNVR,RG,3890,1,D,YP,ZP,F
14:40:21,UNVR,RG,3890,10,D,CC,ZP,F
14:40:21,UNVR,RG,3890,2,D,PD,ZP,F
14:40:21,UNVR,RG,3890,5,D,KK,ZP,F
14:40:21,UNVR,RG,3890,1,D,XC,ZP,F
14:40:21,UNVR,RG,3890,10,D,CC,ZP,F
14:40:21,UNVR,RG,3890,1,D,YP,ZP,F
14:40:21,UNVR,RG,3890,1,D,NI,ZP,F
14:40:21,UNVR,RG,3890,1,D,YP,ZP,F
14:40:21,UNVR,RG,3890,4,D,PD,ZP,F
14:40:21,UNVR,RG,3890,5,D,PD,ZP,F
14:40:21,UNVR,RG,3890,20,D,PD,ZP,F
14:40:21,UNVR,RG,3890,1,D,PD,ZP,F
14:40:21,UNVR,RG,3890,15,D,TP,ZP,F
14:40:21,UNVR,RG,3890,3,D,CC,ZP,F
14:40:21,UNVR,RG,3890,1,D,PD,ZP,F
14:40:21,UNVR,RG,3890,13,D,YP,ZP,F
14:40:21,UNVR,RG,3890,1,D,NI,ZP,F
14:40:21,UNVR,RG,3890,5,D,DH,ZP,F
14:40:21,UNVR,RG,3890,4,D,YP,ZP,F
14:40:21,UNVR,RG,3890,10,D,GR,ZP,F
14:40:21,UNVR,RG,3890,1,D,XC,ZP,F
14:40:21,UNVR,RG,3890,1,D,NI,ZP,F
14:40:21,UNVR,RG,3890,2,D,XC,ZP,F
14:40:21,UNVR,RG,3890,200,D,YP,ZP,F
14:40:21,UNVR,RG,3890,25,D,DR,ZP,F
14:40:21,UNVR,RG,3890,50,D,NI,ZP,F
14:40:21,UNVR,RG,3890,2,D,XC,ZP,F
14:40:21,UNVR,RG,3890,2,D,PD,ZP,F
14:40:21,UNVR,RG,3890,1,D,XC,ZP,F
14:40:21,UNVR,RG,3890,5,D,CC,ZP,F
14:40:21,UNVR,RG,3890,25,D,YP,ZP,F
14:40:21,UNVR,RG,3890,6,D,XL,ZP,F
14:40:21,UNVR,RG,3890,1,D,YP,ZP,F
14:40:21,UNVR,RG,3890,2,D,NI,ZP,F
14:40:21,UNVR,RG,3890,1,D,NI,ZP,F
14:40:21,UNVR,RG,3890,1,D,PD,ZP,F
14:40:21,UNVR,RG,3890,1,D,XC,ZP,F
14:40:21,UNVR,RG,3890,1,D,PD,ZP,F
14:40:21,UNVR,RG,3890,1,D,KK,ZP,F
14:40:21,UNVR,RG,3890,2,D,XC,ZP,F
14:40:21,UNVR,RG,3890,4,D,PD,ZP,F
14:40:21,UNVR,RG,3890,5,D,TP,ZP,F
14:40:21,UNVR,RG,3890,3,D,YP,ZP,F
14:40:21,UNVR,RG,3890,1,D,SQ,ZP,F
14:40:21,UNVR,RG,3890,10,D,CC,ZP,F
14:40:21,UNVR,RG,3890,1,D,KK,ZP,F
14:40:21,UNVR,RG,3890,1,D,PD,ZP,F
14:40:21,UNVR,RG,3890,5,D,PD,ZP,F
14:40:21,UNVR,RG,3890,3,D,PD,ZP,F
14:40:21,UNVR,RG,3890,1,D,SQ,ZP,F
14:40:21,UNVR,RG,3890,1,D,YP,ZP,F
14:40:21,UNVR,RG,3890,1,D,YP,ZP,F
14:40:21,UNVR,RG,3890,2,D,PD,ZP,F
14:40:21,UNVR,RG,3890,4,D,PD,ZP,F
14:40:21,UNVR,RG,3890,1,D,NI,ZP,F
14:40:21,UNVR,RG,3890,2,D,PD,ZP,F
14:40:21,UNVR,RG,3890,3,D,DX,ZP,F
14:40:21,UNVR,RG,3890,5,D,PD,ZP,F
14:40:21,UNVR,RG,3890,1,D,NI,ZP,F
14:40:21,UNVR,RG,3890,3,D,YP,ZP,F
14:40:21,UNVR,RG,3890,1,D,TP,ZP,F
14:40:21,UNVR,RG,3890,2,D,XC,ZP,F
14:40:21,UNVR,RG,3890,25,D,EP,ZP,F
14:40:21,UNVR,RG,3890,5,D,NI,ZP,F
14:40:21,UNVR,RG,3890,2,D,XC,ZP,F
14:40:21,UNVR,RG,3890,500,D,CC,ZP,F
14:40:21,UNVR,RG,3890,2,D,PD,ZP,F
14:40:21,UNVR,RG,3890,1,D,YP,ZP,F
14:40:21,UNVR,RG,3890,15,D,CC,ZP,F
14:40:21,UNVR,RG,3890,1,D,DH,ZP,F
14:40:21,UNVR,RG,3890,1,D,YP,ZP,F
14:40:21,UNVR,RG,3890,30,D,KK,ZP,F
14:40:21,UNVR,RG,3890,1,D,PD,ZP,F
14:40:21,UNVR,RG,3890,15,D,CC,ZP,F
14:40:21,UNVR,RG,3890,10,D,CC,ZP,F
14:40:21,UNVR,RG,3890,3,D,PD,ZP,F
14:40:21,UNVR,RG,3890,2,D,YP,ZP,F
14:40:21,UNVR,RG,3890,7,D,CC,ZP,F
14:40:21,UNVR,RG,3890,10,D,PD,ZP,F
14:40:21,UNVR,RG,3890,1,D,XC,ZP,F
14:40:21,UNVR,RG,3890,5,D,PD,ZP,F
14:40:21,UNVR,RG,3890,1,D,NI,ZP,F
14:40:21,UNVR,RG,3890,1,D,YB,ZP,F
14:40:21,UNVR,RG,3890,3,D,NI,ZP,F
14:40:21,UNVR,RG,3890,1,D,PD,ZP,F
14:40:21,UNVR,RG,3890,1,D,PD,ZP,F
14:40:21,UNVR,RG,3890,2,D,KK,ZP,F
14:40:21,UNVR,RG,3890,1,D,PD,ZP,F
14:40:21,UNVR,RG,3890,1,D,YP,ZP,F
14:40:21,UNVR,RG,3890,7,D,PD,ZP,F
14:40:21,UNVR,RG,3890,2,D,CC,ZP,F
14:40:21,UNVR,RG,3890,1,D,PD,ZP,F
14:40:21,UNVR,RG,3890,1,D,XC,ZP,F
14:40:21,UNVR,RG,3890,5,D,YP,ZP,F
14:40:21,UNVR,RG,3890,3,D,PD,ZP,F
14:40:21,UNVR,RG,3890,1,D,YP,ZP,F
14:40:21,UNVR,RG,3890,3,D,PD,ZP,F
14:40:21,UNVR,RG,3890,1,D,CC,ZP,F
14:40:21,UNVR,RG,3890,5,D,PD,ZP,F
14:40:21,UNVR,RG,3890,3,D,YP,ZP,F
14:40:21,UNVR,RG,3890,1,D,YP,ZP,F
14:40:21,UNVR,RG,3890,1,D,PD,ZP,F
14:40:21,UNVR,RG,3890,50,D,YP,ZP,F
14:40:21,UNVR,RG,3890,2,D,CC,ZP,F
14:40:21,UNVR,RG,3890,5,D,PD,ZP,F
14:40:21,UNVR,RG,3890,175,D,SQ,ZP,F
14:40:21,UNVR,RG,3890,11,D,CP,ZP,F
14:40:21,UNVR,RG,3890,5,D,TP,ZP,F
14:40:21,UNVR,RG,3890,2,D,PD,ZP,F
14:40:21,UNVR,RG,3890,30,D,AT,ZP,F
14:40:21,UNVR,RG,3890,1,D,PD,ZP,F
14:40:21,UNVR,RG,3890,10,D,YP,ZP,F
14:40:21,UNVR,RG,3890,100,D,YP,ZP,F
14:40:21,UNVR,RG,3890,2,D,PD,ZP,F
14:40:21,UNVR,RG,3890,1,D,YP,ZP,F
14:40:21,UNVR,RG,3890,2,D,DH,ZP,F
14:40:21,UNVR,RG,3890,2,D,CC,ZP,F
14:40:21,UNVR,RG,3890,249,D,GR,ZP,F
14:40:15,UNVR,RG,3900,357,F,AK,RX,D
14:40:13,UNVR,RG,3890,4,D,GR,CC,D
14:40:13,UNVR,RG,3900,11,D,XC,RX,D
14:40:12,UNVR,RG,3900,70,D,CP,RX,D
14:40:11,UNVR,RG,3900,12,F,ZP,RX,D
14:40:10,UNVR,RG,3890,1,D,GR,DH,D
14:40:10,UNVR,RG,3900,1,D,XL,RX,D
14:40:10,UNVR,RG,3900,2,D,YP,RX,D
14:40:09,UNVR,RG,3890,14,D,GR,ZP,F
14:40:09,UNVR,RG,3890,58,D,GR,XL,D
14:40:04,UNVR,RG,3900,15,D,DR,RX,D
14:40:02,UNVR,RG,3890,1,D,GR,DR,D
14:40:02,UNVR,RG,3900,1,D,PD,RX,D
14:39:58,UNVR,RG,3900,10,D,CC,RX,D
14:39:57,UNVR,RG,3900,20,D,YP,RX,D
14:39:55,UNVR,RG,3890,3,D,GR,NI,D
14:39:47,UNVR,RG,3900,30,D,CC,RX,D
14:39:46,UNVR,RG,3890,1,D,GR,XC,D
14:39:46,UNVR,RG,3890,23,D,GR,RX,D
14:39:41,UNVR,RG,3890,20,D,GR,YP,D
14:39:36,UNVR,RG,3900,1,D,PD,RX,D
14:39:29,UNVR,RG,3890,10,D,GR,KK,D
14:39:29,UNVR,RG,3890,2,D,GR,BQ,D
14:39:27,UNVR,RG,3900,7,D,XA,RX,D
14:39:26,UNVR,RG,3900,2,D,XC,RX,D
14:39:23,UNVR,RG,3890,15,D,GR,PD,D
14:39:20,UNVR,RG,3890,1,D,GR,DH,D
14:39:15,UNVR,RG,3890,12,D,GR,RX,D
14:39:11,UNVR,RG,3890,7,D,GR,XA,D
14:39:11,UNVR,RG,3900,1,D,PD,RX,D
14:39:05,UNVR,RG,3900,1,D,YP,RX,D
14:39:05,UNVR,RG,3890,34,D,GR,DX,D
14:39:03,UNVR,RG,3900,1,D,DH,RX,D
14:39:01,UNVR,RG,3890,2,D,GR,XC,D
14:38:58,UNVR,RG,3900,19,D,AG,RX,D
14:38:58,UNVR,RG,3900,81,D,AG,RX,D
14:38:56,UNVR,RG,3900,60,D,PD,RX,D
14:38:43,UNVR,RG,3890,30,D,GR,YP,D
14:38:43,UNVR,RG,3900,5,D,XA,RX,D
14:38:39,UNVR,RG,3900,5,D,XC,RX,D
14:38:39,UNVR,RG,3900,100,D,AG,RX,D
14:38:37,UNVR,RG,3890,237,D,GR,CS,D
14:38:35,UNVR,RG,3900,1,D,XC,RX,D
14:38:32,UNVR,RG,3890,1,D,GR,EP,D
14:38:30,UNVR,RG,3900,11,F,AK,RX,D
14:38:26,UNVR,RG,3900,37,F,CS,RX,D
14:38:20,UNVR,RG,3890,3,D,GR,PC,D
14:38:20,UNVR,RG,3900,100,D,NI,RX,D
14:38:16,UNVR,RG,3900,1,D,XC,RX,D
14:38:13,UNVR,RG,3890,27,D,GR,YP,D
14:38:11,UNVR,RG,3890,1,D,GR,CC,D
14:38:10,UNVR,RG,3900,1,D,PD,RX,D
14:38:06,UNVR,RG,3890,3,D,GR,XC,D
14:38:04,UNVR,RG,3890,30,D,GR,YP,D
14:38:01,UNVR,RG,3890,3,D,GR,PD,D
14:37:58,UNVR,RG,3890,138,D,GR,YB,D
14:37:56,UNVR,RG,3890,50,D,GR,YP,D
14:37:56,UNVR,RG,3890,5,D,GR,CC,D
14:37:53,UNVR,RG,3890,11,D,GR,ZP,F
14:37:53,UNVR,RG,3890,4,D,GR,CC,D
14:37:53,UNVR,RG,3890,100,D,SQ,CC,D
14:37:53,UNVR,RG,3890,1,D,PD,CC,D
14:37:53,UNVR,RG,3890,5,D,XC,CC,D
14:37:53,UNVR,RG,3890,1,D,KK,CC,D
14:37:53,UNVR,RG,3890,1,D,KK,CC,D
14:37:53,UNVR,RG,3890,3,D,PD,CC,D
14:37:53,UNVR,RG,3890,2,D,PD,CC,D
14:37:53,UNVR,RG,3890,5,D,KK,CC,D
14:37:53,UNVR,RG,3890,2,D,PD,CC,D
14:37:53,UNVR,RG,3890,3,D,XC,CC,D
14:37:53,UNVR,RG,3890,1,D,PD,CC,D
14:37:53,UNVR,RG,3890,1,D,PD,CC,D
14:37:53,UNVR,RG,3890,100,D,CC,CC,D
14:37:53,UNVR,RG,3890,6,D,GR,CC,D
14:37:53,UNVR,RG,3890,81,D,XC,CC,D
14:37:53,UNVR,RG,3890,30,D,DR,CC,D
14:37:53,UNVR,RG,3890,1,D,SQ,CC,D
14:37:53,UNVR,RG,3890,10,D,AT,CC,D
14:37:53,UNVR,RG,3890,25,D,YP,CC,D
14:37:53,UNVR,RG,3890,1,D,NI,CC,D
14:37:53,UNVR,RG,3890,1,D,NI,CC,D
14:37:53,UNVR,RG,3890,1,D,KK,CC,D
14:37:53,UNVR,RG,3890,20,D,PD,CC,D
14:37:53,UNVR,RG,3890,10,D,KK,CC,D
14:37:53,UNVR,RG,3890,15,D,KK,CC,D
14:37:53,UNVR,RG,3890,11,D,YP,CC,D
14:37:53,UNVR,RG,3890,15,D,LG,CC,D
14:37:53,UNVR,RG,3890,10,D,XA,CC,D
14:37:53,UNVR,RG,3890,2,D,SQ,CC,D
14:37:53,UNVR,RG,3890,3,D,NI,CC,D
14:37:53,UNVR,RG,3890,1,D,PD,CC,D
14:37:53,UNVR,RG,3890,6,D,EP,CC,D
14:37:53,UNVR,RG,3890,10,D,PD,CC,D
14:37:53,UNVR,RG,3890,1,D,SQ,CC,D
14:37:53,UNVR,RG,3890,1,D,YP,CC,D
14:37:53,UNVR,RG,3890,2,D,XL,CC,D
14:37:53,UNVR,RG,3890,2008,D,NI,CC,D
14:37:48,UNVR,RG,3890,10,D,NI,SQ,D
14:37:46,UNVR,RG,3900,5,D,XC,RX,D
14:37:45,UNVR,RG,3890,4,D,NI,AK,F
14:37:44,UNVR,RG,3900,7,D,XC,RX,D
14:37:43,UNVR,RG,3890,30,D,NI,YP,D
14:37:42,UNVR,RG,3890,179,D,NI,RX,D
14:37:35,UNVR,RG,3890,2,D,NI,DR,D
14:37:34,UNVR,RG,3890,25,D,NI,CC,D
14:37:34,UNVR,RG,3900,10,D,PD,RX,D
14:37:33,UNVR,RG,3890,61,D,NI,RX,D
14:37:31,UNVR,RG,3890,14,D,NI,RX,D
14:37:31,UNVR,RG,3890,11,D,NI,LG,D
14:37:31,UNVR,RG,3890,199,D,NI,LG,D
14:37:31,UNVR,RG,3890,23,D,NI,LG,D
14:37:31,UNVR,RG,3890,5,D,EP,LG,D
14:37:31,UNVR,RG,3890,1,D,XC,LG,D
14:37:31,UNVR,RG,3890,5,D,XC,LG,D
14:37:31,UNVR,RG,3890,1,D,YP,LG,D
14:37:31,UNVR,RG,3890,1,D,PD,LG,D
14:37:31,UNVR,RG,3890,2,D,PD,LG,D
14:37:31,UNVR,RG,3890,7,D,CC,LG,D
14:37:31,UNVR,RG,3890,1,D,PD,LG,D
14:37:31,UNVR,RG,3890,5,D,PD,LG,D
14:37:31,UNVR,RG,3890,10,D,SQ,LG,D
14:37:31,UNVR,RG,3890,10,D,CC,LG,D
14:37:31,UNVR,RG,3890,2,D,NI,LG,D
14:37:31,UNVR,RG,3890,2,D,YP,LG,D
14:37:31,UNVR,RG,3890,5,D,YP,LG,D
14:37:31,UNVR,RG,3890,2,D,SQ,LG,D
14:37:31,UNVR,RG,3890,1,D,XC,LG,D
14:37:31,UNVR,RG,3890,1,D,SQ,LG,D
14:37:31,UNVR,RG,3890,5,D,PD,LG,D
14:37:31,UNVR,RG,3890,5,D,NI,LG,D
14:37:31,UNVR,RG,3890,1,D,XC,LG,D
14:37:31,UNVR,RG,3890,2,D,SQ,LG,D
14:37:31,UNVR,RG,3890,1,D,NI,LG,D
14:37:31,UNVR,RG,3890,8,D,PD,LG,D
14:37:31,UNVR,RG,3890,1,D,PD,LG,D
14:37:31,UNVR,RG,3890,5,D,LG,LG,D
14:37:31,UNVR,RG,3890,3,D,KK,LG,D
14:37:31,UNVR,RG,3890,1,D,XL,LG,D
14:37:31,UNVR,RG,3890,13,D,CC,LG,D
14:37:31,UNVR,RG,3890,1,D,KK,LG,D
14:37:31,UNVR,RG,3890,1,D,CC,LG,D
14:37:31,UNVR,RG,3890,1,D,XC,LG,D
14:37:31,UNVR,RG,3890,1,D,XC,LG,D
14:37:31,UNVR,RG,3890,1,D,TP,LG,D
14:37:31,UNVR,RG,3890,100,D,YP,LG,D
14:37:31,UNVR,RG,3890,5,D,NI,LG,D
14:37:31,UNVR,RG,3890,10,D,EP,LG,D
14:37:31,UNVR,RG,3890,2,D,YP,LG,D
14:37:31,UNVR,RG,3890,3,D,DH,LG,D
14:37:31,UNVR,RG,3890,5,D,HP,LG,D
14:37:31,UNVR,RG,3890,1,D,PD,LG,D
14:37:31,UNVR,RG,3890,1,D,GR,LG,D
14:37:31,UNVR,RG,3890,1,D,YP,LG,D
14:37:31,UNVR,RG,3890,10,D,CP,LG,D
14:37:31,UNVR,RG,3890,10,D,TP,LG,D
14:37:31,UNVR,RG,3890,1,D,XC,LG,D
14:37:31,UNVR,RG,3890,20,D,YP,LG,D
14:37:31,UNVR,RG,3890,30,D,PD,LG,D
14:37:31,UNVR,RG,3890,3,D,DH,LG,D
14:37:31,UNVR,RG,3890,1,D,PD,LG,D
14:37:31,UNVR,RG,3890,25,D,PD,LG,D
14:37:31,UNVR,RG,3890,19,D,NI,LG,D
14:37:31,UNVR,RG,3890,11,D,NI,LG,D
14:37:31,UNVR,RG,3890,1,D,PD,LG,D
14:37:31,UNVR,RG,3890,1,D,XC,LG,D
14:37:31,UNVR,RG,3890,1,D,YP,LG,D
14:37:31,UNVR,RG,3890,2,D,YP,LG,D
14:37:31,UNVR,RG,3890,28,D,YP,LG,D
14:37:31,UNVR,RG,3890,5,D,YP,LG,D
14:37:31,UNVR,RG,3890,2,D,YP,LG,D
14:37:31,UNVR,RG,3890,1,D,PD,LG,D
14:37:31,UNVR,RG,3890,1,D,PD,LG,D
14:37:31,UNVR,RG,3890,10,D,PD,LG,D
14:37:31,UNVR,RG,3890,1,D,YP,LG,D
14:37:31,UNVR,RG,3890,1,D,YP,LG,D
14:37:31,UNVR,RG,3890,10,D,CC,LG,D
14:37:31,UNVR,RG,3890,13,D,PD,LG,D
14:37:31,UNVR,RG,3890,5,D,DH,LG,D
14:37:31,UNVR,RG,3890,75,D,CC,LG,D
14:37:31,UNVR,RG,3890,2,D,SQ,LG,D
14:37:31,UNVR,RG,3890,5,D,SQ,LG,D
14:37:31,UNVR,RG,3890,1,D,YP,LG,D
14:37:31,UNVR,RG,3890,2,D,DH,LG,D
14:37:31,UNVR,RG,3890,1,D,XC,LG,D
14:37:31,UNVR,RG,3890,1,D,YP,LG,D
14:37:31,UNVR,RG,3890,5,D,CC,LG,D
14:37:31,UNVR,RG,3890,10,D,XC,LG,D
14:37:31,UNVR,RG,3890,1,D,PD,LG,D
14:37:31,UNVR,RG,3890,2,D,SQ,LG,D
14:37:31,UNVR,RG,3890,1,D,XC,LG,D
14:37:31,UNVR,RG,3890,8,D,EP,LG,D
14:37:31,UNVR,RG,3890,88,D,CC,LG,D
14:37:31,UNVR,RG,3890,12,D,CC,LG,D
14:37:31,UNVR,RG,3890,3,D,YP,LG,D
14:37:31,UNVR,RG,3890,5,D,PD,LG,D
14:37:31,UNVR,RG,3890,1,D,YP,LG,D
14:37:31,UNVR,RG,3890,10,D,YP,LG,D
14:37:31,UNVR,RG,3890,10,D,PD,LG,D
14:37:31,UNVR,RG,3890,1,D,XC,LG,D
14:37:31,UNVR,RG,3890,100,D,CC,LG,D
14:37:31,UNVR,RG,3890,3,D,YP,LG,D
14:37:31,UNVR,RG,3890,10,D,YP,LG,D
14:37:31,UNVR,RG,3890,5,D,YP,LG,D
14:37:31,UNVR,RG,3890,20,D,YP,LG,D
14:37:31,UNVR,RG,3890,1,D,YP,LG,D
14:37:31,UNVR,RG,3890,1,D,YP,LG,D
14:37:31,UNVR,RG,3890,1,D,YP,LG,D
14:37:31,UNVR,RG,3890,1,D,NI,LG,D
14:37:31,UNVR,RG,3890,27,D,CC,LG,D
14:37:31,UNVR,RG,3890,1,D,PD,LG,D
14:37:31,UNVR,RG,3890,3,D,YP,LG,D
14:37:31,UNVR,RG,3890,317,D,AI,LG,D
14:37:30,UNVR,RG,3900,10,F,AK,RX,D
14:37:28,UNVR,RG,3900,5,D,NI,RX,D
14:37:27,UNVR,RG,3900,1,D,CC,RX,D
14:37:25,UNVR,RG,3900,1,D,KK,RX,D
14:37:24,UNVR,RG,3900,2,D,DR,RX,D
14:37:24,UNVR,RG,3900,2,D,XC,RX,D
14:37:24,UNVR,RG,3900,5,D,YP,RX,D
14:37:19,UNVR,RG,3900,10,D,YP,RX,D
14:37:15,UNVR,RG,3890,35,D,AI,AZ,D
14:37:15,UNVR,RG,3900,1,D,XC,RX,D
14:37:11,UNVR,RG,3900,10,D,CC,RX,D
14:37:09,UNVR,RG,3900,2,D,YP,RX,D
14:37:08,UNVR,RG,3890,16,D,AI,LG,D
14:37:08,UNVR,RG,3890,132,D,AI,LG,D
14:37:08,UNVR,RG,3890,4,D,DR,LG,D
14:37:08,UNVR,RG,3890,10,D,YP,LG,D
14:37:08,UNVR,RG,3890,10,D,DR,LG,D
14:37:08,UNVR,RG,3890,10,D,GR,LG,D
14:37:08,UNVR,RG,3890,10,D,PD,LG,D
14:37:08,UNVR,RG,3890,55,D,SQ,LG,D
14:37:08,UNVR,RG,3890,1,D,PD,LG,D
14:37:08,UNVR,RG,3890,5,D,PD,LG,D
14:37:08,UNVR,RG,3890,2,D,PD,LG,D
14:37:08,UNVR,RG,3890,3,D,XC,LG,D
14:37:08,UNVR,RG,3890,10,D,YP,LG,D
14:37:08,UNVR,RG,3890,1,D,YP,LG,D
14:37:08,UNVR,RG,3890,5,D,KK,LG,D
14:37:08,UNVR,RG,3890,1,D,XA,LG,D
14:37:08,UNVR,RG,3890,20,D,XA,LG,D
14:37:08,UNVR,RG,3890,80,D,XA,LG,D
14:37:08,UNVR,RG,3890,5,D,PD,LG,D
14:37:08,UNVR,RG,3890,447,D,AF,LG,D
14:37:02,UNVR,RG,3900,5,D,XC,RX,D
14:37:01,UNVR,RG,3900,10,D,CC,RX,D
14:36:59,UNVR,RG,3900,14,F,ZP,RX,D
14:36:59,UNVR,RG,3900,31,F,ZP,AK,F
14:36:55,UNVR,RG,3900,39,D,YP,AK,F
14:36:55,UNVR,RG,3900,1,D,YP,AK,F
14:36:49,UNVR,RG,3900,1,D,XC,AK,F
14:36:42,UNVR,RG,3890,115,D,AF,PD,D
14:36:42,UNVR,RG,3890,2,D,AF,XC,D
14:36:38,UNVR,RG,3900,8,F,AK,AK,F
14:36:37,UNVR,RG,3900,16,D,YP,AK,F
14:36:30,UNVR,RG,3890,1,D,AF,ZP,F
14:36:29,UNVR,RG,3900,16,D,YP,AK,F
14:36:25,UNVR,RG,3890,251,D,AF,CS,D
14:36:25,UNVR,RG,3890,13,D,AF,ZP,F
14:36:24,UNVR,RG,3890,33,D,AF,DX,D
14:36:21,UNVR,RG,3890,1,D,AF,XC,D
14:36:17,UNVR,RG,3890,75,D,AF,CC,D
14:36:12,UNVR,RG,3890,4,D,AF,CC,D
14:36:00,UNVR,RG,3890,31,D,AF,YU,F
14:35:59,UNVR,RG,3900,215,D,NI,AK,F
14:35:59,UNVR,RG,3900,40,D,NI,ZP,F
14:35:59,UNVR,RG,3900,1,D,NI,ZP,F
14:35:58,UNVR,RG,3900,10,D,YP,ZP,F
14:35:54,UNVR,RG,3900,1,D,CC,ZP,F
14:35:53,UNVR,RG,3900,10,D,AG,ZP,F
14:35:50,UNVR,RG,3900,3,D,SQ,ZP,F
14:35:45,UNVR,RG,3900,12,D,DH,ZP,F
14:35:45,UNVR,RG,3900,73,F,AK,ZP,F
14:35:43,UNVR,RG,3890,10,D,AF,PD,D
14:35:42,UNVR,RG,3900,5,D,YP,ZP,F
14:35:41,UNVR,RG,3900,10,D,GI,ZP,F
14:35:39,UNVR,RG,3900,10,D,XC,ZP,F
14:35:35,UNVR,RG,3900,1,D,XC,ZP,F
14:35:35,UNVR,RG,3900,1,D,KK,ZP,F
14:35:30,UNVR,RG,3900,9,F,AK,ZP,F
14:35:29,UNVR,RG,3900,25,D,KK,ZP,F
14:35:28,UNVR,RG,3900,5,D,NI,ZP,F
14:35:27,UNVR,RG,3900,1,D,XC,ZP,F
14:35:25,UNVR,RG,3900,2,D,XL,ZP,F
14:35:24,UNVR,RG,3900,1,D,YP,ZP,F
14:35:23,UNVR,RG,3900,10,D,YP,ZP,F
14:35:22,UNVR,RG,3890,17,D,AF,RX,D
14:35:22,UNVR,RG,3890,2,D,CC,RX,D
14:35:20,UNVR,RG,3890,14,D,CC,RX,D
14:35:15,UNVR,RG,3900,1,D,IF,ZP,F
14:35:12,UNVR,RG,3890,1,D,CC,XC,D
14:35:11,UNVR,RG,3890,11,D,CC,PD,D
14:35:10,UNVR,RG,3900,3,D,DR,ZP,F
14:35:04,UNVR,RG,3900,2,D,NI,ZP,F
14:35:03,UNVR,RG,3890,10,D,CC,RX,D
14:35:00,UNVR,RG,3890,11,D,CC,RX,D
14:35:00,UNVR,RG,3890,30,D,CC,YU,F
14:34:52,UNVR,RG,3890,17,D,CC,RX,D
14:34:51,UNVR,RG,3900,10,D,KK,ZP,F
14:34:46,UNVR,RG,3900,2,D,DX,ZP,F
14:34:46,UNVR,RG,3900,10,D,YP,ZP,F
14:34:46,UNVR,RG,3900,1,D,KK,ZP,F
14:34:44,UNVR,RG,3890,13,D,CC,ZP,F
14:34:43,UNVR,RG,3890,13,D,CC,RX,D
14:34:40,UNVR,RG,3890,4,D,CC,CC,D
14:34:40,UNVR,RG,3900,1,D,CC,ZP,F
14:34:33,UNVR,RG,3900,12,D,PD,ZP,F
14:34:33,UNVR,RG,3890,10,D,CC,RX,D
14:34:29,UNVR,RG,3890,20,D,CC,CC,D
14:34:28,UNVR,RG,3890,1,D,CC,YP,D
14:34:22,UNVR,RG,3890,13,D,CC,RX,D
14:34:21,UNVR,RG,3890,16,D,CC,RX,D
14:34:19,UNVR,RG,3890,14,D,CC,KZ,D
14:34:19,UNVR,RG,3890,1,D,PD,KZ,D
14:34:19,UNVR,RG,3890,16,D,CC,KZ,D
14:34:16,UNVR,RG,3900,3,D,XC,ZP,F
14:34:16,UNVR,RG,3900,4,D,XC,ZP,F
14:34:15,UNVR,RG,3890,69,D,CC,NI,D
14:34:04,UNVR,RG,3900,1,D,PD,ZP,F
14:34:03,UNVR,RG,3900,1,D,DR,ZP,F
14:34:03,UNVR,RG,3890,15,D,CC,RX,D
14:34:03,UNVR,RG,3890,1,D,NI,RX,D
14:34:03,UNVR,RG,3890,8,D,KK,RX,D
14:34:03,UNVR,RG,3890,2,D,KK,RX,D
14:34:03,UNVR,RG,3890,11,D,CC,RX,D
14:34:03,UNVR,RG,3890,1,D,CC,PD,D
14:34:01,UNVR,RG,3890,5,D,CC,CC,D
14:33:56,UNVR,RG,3900,5,D,XC,ZP,F
14:33:55,UNVR,RG,3900,25,D,YP,ZP,F
14:33:51,UNVR,RG,3890,1,D,CC,XL,D
14:33:51,UNVR,RG,3890,253,D,CC,CS,D
14:33:47,UNVR,RG,3900,250,D,CC,ZP,F
14:33:47,UNVR,RG,3900,2,D,NI,ZP,F
14:33:44,UNVR,RG,3900,13,D,PD,ZP,F
14:33:44,UNVR,RG,3890,11,D,CC,RX,D
14:33:43,UNVR,RG,3890,18,D,CC,DX,D
14:33:43,UNVR,RG,3890,1,D,AT,DX,D
14:33:43,UNVR,RG,3890,3,D,YP,DX,D
14:33:43,UNVR,RG,3890,1,D,YP,DX,D
14:33:43,UNVR,RG,3890,3,D,CC,DX,D
14:33:43,UNVR,RG,3890,1,D,KK,DX,D
14:33:42,UNVR,RG,3900,1,D,DX,ZP,F
14:33:36,UNVR,RG,3890,1,D,LG,RX,D
14:33:36,UNVR,RG,3890,9,D,XC,RX,D
14:33:32,UNVR,RG,3900,50,D,DR,ZP,F
14:33:30,UNVR,RG,3890,1,D,XC,AK,F
14:33:26,UNVR,RG,3890,3,D,YP,ZP,F
14:33:26,UNVR,RG,3890,7,D,YP,ZP,F
14:33:26,UNVR,RG,3890,3,D,YP,RX,D
14:33:26,UNVR,RG,3890,17,D,YP,RX,D
14:33:25,UNVR,RG,3890,3,D,YP,RX,D
14:33:25,UNVR,RG,3890,2,D,NI,RX,D
14:33:25,UNVR,RG,3890,1,D,PD,RX,D
14:33:25,UNVR,RG,3890,1,D,YP,RX,D
14:33:25,UNVR,RG,3890,5,D,EP,RX,D
14:33:25,UNVR,RG,3890,5,D,DH,RX,D
14:33:25,UNVR,RG,3890,9,D,PD,RX,D
14:33:24,UNVR,RG,3890,1,D,PD,YU,D
14:33:24,UNVR,RG,3890,5,D,GR,YU,D
14:33:24,UNVR,RG,3890,1,D,XC,YU,D
14:33:24,UNVR,RG,3890,10,D,KK,YU,D
14:33:24,UNVR,RG,3890,2,D,YP,YU,D
14:33:24,UNVR,RG,3890,1,D,YP,YU,D
14:33:24,UNVR,RG,3890,5,D,DH,YU,D
14:33:24,UNVR,RG,3890,1,D,PD,YU,D
14:33:24,UNVR,RG,3890,3,D,XC,YU,D
14:33:24,UNVR,RG,3890,4,D,DH,YU,D
14:33:24,UNVR,RG,3890,5,D,NI,YU,D
14:33:24,UNVR,RG,3890,5,D,CC,YU,D
14:33:24,UNVR,RG,3890,1,D,NI,YU,D
14:33:24,UNVR,RG,3890,1,D,GR,YU,D
14:33:24,UNVR,RG,3890,2,D,DH,YU,D
14:33:24,UNVR,RG,3890,1,D,GR,YU,D
14:33:24,UNVR,RG,3890,1,D,PD,YU,D
14:33:24,UNVR,RG,3890,3,D,PD,YU,D
14:33:24,UNVR,RG,3890,1,D,KK,YU,D
14:33:24,UNVR,RG,3890,1,D,GR,YU,D
14:33:24,UNVR,RG,3890,200,D,YP,YU,D
14:33:24,UNVR,RG,3890,10,D,DH,YU,D
14:33:24,UNVR,RG,3890,10,D,PD,YU,D
14:33:24,UNVR,RG,3890,1,D,GR,YU,D
14:33:24,UNVR,RG,3890,1,D,DH,YU,D
14:33:24,UNVR,RG,3890,2,D,YP,YU,D
14:33:24,UNVR,RG,3890,10,D,NI,YU,D
14:33:24,UNVR,RG,3890,1,D,NI,YU,D
14:33:24,UNVR,RG,3890,2,D,YP,YU,D
14:33:24,UNVR,RG,3890,1,D,NI,YU,D
14:33:24,UNVR,RG,3890,1,D,CC,YU,D
14:33:24,UNVR,RG,3890,7,D,EP,YU,D
14:33:16,UNVR,RG,3900,1,D,XC,ZP,F
14:33:12,UNVR,RG,3890,1,D,EP,CC,D
14:33:09,UNVR,RG,3900,100,D,SQ,ZP,F
14:33:07,UNVR,RG,3890,13,D,EP,XC,D
14:33:07,UNVR,RG,3900,5,D,YP,ZP,F
14:33:04,UNVR,RG,3890,1,D,EP,AZ,D
14:32:58,UNVR,RG,3890,3,D,EP,CC,D
14:32:58,UNVR,RG,3890,7,D,PD,CC,D
14:32:57,UNVR,RG,3890,3,D,PD,RX,D
14:32:57,UNVR,RG,3890,7,D,DX,RX,D
14:32:55,UNVR,RG,3890,3,D,DX,RX,D
14:32:55,UNVR,RG,3890,15,D,SQ,RX,D
14:32:46,UNVR,RG,3900,3,D,XL,ZP,F
14:32:45,UNVR,RG,3900,10,D,YP,ZP,F
14:32:42,UNVR,RG,3890,10,D,SQ,PD,D
14:32:42,UNVR,RG,3890,8,D,CD,PD,D
14:32:40,UNVR,RG,3890,15,D,CD,RX,D
14:32:34,UNVR,RG,3890,18,D,CD,RX,D
14:32:33,UNVR,RG,3900,4,D,DH,ZP,F
14:32:32,UNVR,RG,3900,2,D,XC,ZP,F
14:32:28,UNVR,RG,3890,9,D,CD,MG,D
14:32:28,UNVR,RG,3890,1,D,YP,MG,D
14:32:28,UNVR,RG,3890,1,D,SQ,MG,D
14:32:28,UNVR,RG,3890,9,D,YP,MG,D
14:32:21,UNVR,RG,3890,1,D,YP,PD,D
14:32:21,UNVR,RG,3890,5,D,KK,PD,D
14:32:21,UNVR,RG,3890,5,D,YP,PD,D
14:32:21,UNVR,RG,3890,5,D,PD,PD,D
14:32:21,UNVR,RG,3890,8,D,DR,PD,D
14:32:21,UNVR,RG,3890,1,D,PD,PD,D
14:32:21,UNVR,RG,3890,10,D,CC,PD,D
14:32:21,UNVR,RG,3890,30,D,YP,PD,D
14:32:21,UNVR,RG,3890,62,D,AZ,PD,D
14:32:18,UNVR,RG,3890,11,D,AZ,RX,D
14:32:14,UNVR,RG,3890,10,D,AZ,RX,D
14:32:10,UNVR,RG,3900,1,D,CC,ZP,F
14:32:03,UNVR,RG,3890,17,D,AZ,RX,D
14:32:00,UNVR,RG,3890,12,D,AZ,RX,D
14:32:00,UNVR,RG,3900,1,D,XC,ZP,F
14:31:58,UNVR,RG,3900,1,D,YP,ZP,F
14:31:49,UNVR,RG,3900,3,D,CC,ZP,F
14:31:45,UNVR,RG,3890,1,D,AZ,AK,F
14:31:44,UNVR,RG,3890,16,D,AZ,RX,D
14:31:43,UNVR,RG,3890,13,D,AZ,RX,D
14:31:35,UNVR,RG,3900,2,D,YP,ZP,F
14:31:34,UNVR,RG,3900,1,D,XC,ZP,F
14:31:31,UNVR,RG,3890,1,D,AZ,PD,D
14:31:28,UNVR,RG,3900,12,D,DH,ZP,F
14:31:26,UNVR,RG,3900,1,D,XC,ZP,F
14:31:25,UNVR,RG,3890,16,D,AZ,RX,D
14:31:24,UNVR,RG,3890,3,D,AZ,YP,D
14:31:23,UNVR,RG,3890,13,D,AZ,RX,D
14:31:10,UNVR,RG,3890,100,D,AZ,KK,D
14:31:08,UNVR,RG,3890,17,D,AZ,RX,D
14:31:06,UNVR,RG,3890,12,D,AZ,XC,D
14:31:03,UNVR,RG,3890,12,D,AZ,RX,D
14:31:00,UNVR,RG,3890,252,D,AZ,CS,D
14:30:58,UNVR,RG,3890,33,D,AZ,DX,D
14:30:58,UNVR,RG,3900,1,D,YP,ZP,F
14:30:56,UNVR,RG,3900,10,D,XC,ZP,F
14:30:52,UNVR,RG,3900,30,D,NI,ZP,F
14:30:52,UNVR,RG,3900,1,D,XC,ZP,F
14:30:50,UNVR,RG,3900,1,D,XC,ZP,F
14:30:47,UNVR,RG,3890,16,D,AZ,RX,D
14:30:45,UNVR,RG,3900,10,D,EP,ZP,F
14:30:44,UNVR,RG,3890,12,D,AZ,RX,D
14:30:39,UNVR,RG,3890,10,D,AZ,EP,D
14:30:39,UNVR,RG,3900,20,D,PD,ZP,F
14:30:35,UNVR,RG,3900,3,D,NI,ZP,F
14:30:32,UNVR,RG,3900,1,D,YB,ZP,F
14:30:30,UNVR,RG,3900,1,D,XC,ZP,F
14:30:30,UNVR,RG,3900,2,D,CC,ZP,F
14:30:29,UNVR,RG,3900,1,D,YP,ZP,F
14:30:29,UNVR,RG,3890,17,D,AZ,RX,D
14:30:26,UNVR,RG,3900,2,D,CC,ZP,F
14:30:25,UNVR,RG,3900,1,D,XC,ZP,F
14:30:25,UNVR,RG,3890,13,D,AZ,RX,D
14:30:21,UNVR,RG,3900,1,D,KK,ZP,F
14:30:17,UNVR,RG,3900,10,D,YP,ZP,F
14:30:14,UNVR,RG,3900,1,D,YP,ZP,F
14:30:13,UNVR,RG,3900,1,D,YB,ZP,F
14:30:12,UNVR,RG,3900,1,D,YB,ZP,F
14:30:10,UNVR,RG,3890,48,D,AZ,RX,D
14:30:06,UNVR,RG,3890,33,D,AZ,RX,D
14:30:00,UNVR,RG,3890,1,D,AZ,AK,F
14:30:00,UNVR,RG,3890,33,D,AZ,YU,F
14:29:56,UNVR,RG,3890,1,D,AZ,XC,D
14:29:55,UNVR,RG,3900,1,D,XC,ZP,F
14:29:53,UNVR,RG,3900,250,D,YP,ZP,F
14:29:47,UNVR,RG,3890,2,D,AZ,PD,D
14:29:39,UNVR,RG,3900,2,D,YP,ZP,F
14:29:37,UNVR,RG,3900,25,D,OD,ZP,F
14:29:33,UNVR,RG,3900,1,D,YP,ZP,F
14:29:20,UNVR,RG,3900,200,D,SQ,ZP,F
14:29:19,UNVR,RG,3890,15,D,AZ,RX,D
14:29:18,UNVR,RG,3890,13,D,AZ,RX,D
14:29:08,UNVR,RG,3890,13,D,AZ,XL,D
14:29:06,UNVR,RG,3890,25,D,AZ,CC,D
14:29:03,UNVR,RG,3900,12,D,GR,ZP,F
14:29:03,UNVR,RG,3890,59,D,AZ,RX,D
14:29:03,UNVR,RG,3890,18,D,AZ,CC,D
14:29:00,UNVR,RG,3890,51,D,AZ,RX,D
14:29:00,UNVR,RG,3890,10,D,AZ,YP,D
14:29:00,UNVR,RG,3890,9,D,AZ,YU,F
14:29:00,UNVR,RG,3890,5,D,HP,YU,F
14:29:00,UNVR,RG,3890,14,D,PD,YU,F
14:28:56,UNVR,RG,3890,1,D,PD,XC,D
14:28:55,UNVR,RG,3890,1,D,PD,NI,D
14:28:53,UNVR,RG,3890,5,D,PD,NI,D
14:28:38,UNVR,RG,3890,1,D,PD,XC,D
14:28:34,UNVR,RG,3890,24,D,PD,YP,D
14:28:33,UNVR,RG,3890,3,D,PD,DH,D
14:28:24,UNVR,RG,3890,33,D,PD,DX,D
14:28:15,UNVR,RG,3890,1,D,PD,AK,F
14:28:12,UNVR,RG,3900,2,D,HD,ZP,F
14:28:04,UNVR,RG,3900,1,D,SQ,ZP,F
14:28:01,UNVR,RG,3890,17,D,PD,RX,D
14:28:01,UNVR,RG,3890,1,D,PD,RX,D
14:28:00,UNVR,RG,3900,300,D,PD,ZP,F
14:27:56,UNVR,RG,3900,1,D,HP,ZP,F
14:27:54,UNVR,RG,3900,20,D,XC,ZP,F
14:27:54,UNVR,RG,3890,3,D,PD,KK,D
14:27:54,UNVR,RG,3890,25,D,KK,KK,D
14:27:54,UNVR,RG,3890,1,D,PD,KK,D
14:27:54,UNVR,RG,3890,10,D,DH,KK,D
14:27:54,UNVR,RG,3890,1,D,PD,KK,D
14:27:54,UNVR,RG,3890,1,D,CC,KK,D
14:27:54,UNVR,RG,3890,1,D,KK,KK,D
14:27:54,UNVR,RG,3890,5,D,KK,KK,D
14:27:54,UNVR,RG,3890,1,D,CC,KK,D
14:27:54,UNVR,RG,3890,15,D,PD,KK,D
14:27:54,UNVR,RG,3890,72,D,OD,KK,D
14:27:51,UNVR,RG,3890,3,D,OD,CS,D
14:27:51,UNVR,RG,3890,1,D,XC,CS,D
14:27:51,UNVR,RG,3890,25,D,DH,CS,D
14:27:51,UNVR,RG,3890,50,F,YP,CS,D
14:27:51,UNVR,RG,3890,31,D,YP,CS,D
14:27:51,UNVR,RG,3890,5,D,KK,CS,D
14:27:51,UNVR,RG,3890,1,D,PD,CS,D
14:27:51,UNVR,RG,3890,20,D,PD,CS,D
14:27:51,UNVR,RG,3890,1,D,YP,CS,D
14:27:51,UNVR,RG,3890,20,D,CC,CS,D
14:27:51,UNVR,RG,3890,10,D,YP,CS,D
14:27:51,UNVR,RG,3890,10,D,YP,CS,D
14:27:51,UNVR,RG,3890,71,D,NI,CS,D
14:27:50,UNVR,RG,3900,7,D,PD,ZP,F
14:27:48,UNVR,RG,3890,13,D,NI,RX,D
14:27:43,UNVR,RG,3900,11,D,YP,ZP,F
14:27:43,UNVR,RG,3890,10,D,NI,RX,D
14:27:39,UNVR,RG,3900,3,D,XC,ZP,F
14:27:37,UNVR,RG,3900,1,D,YP,ZP,F
14:27:33,UNVR,RG,3900,5,D,PD,ZP,F
14:27:32,UNVR,RG,3890,900,D,NI,ZP,D
14:27:31,UNVR,RG,3890,6,D,NI,RX,D
14:27:31,UNVR,RG,3890,9,D,YP,RX,D
14:27:28,UNVR,RG,3890,6,D,YP,RX,D
14:27:28,UNVR,RG,3890,6,D,OD,RX,D
14:27:24,UNVR,RG,3900,1,D,XC,ZP,F
14:27:22,UNVR,RG,3900,1,D,KK,ZP,F
14:27:19,UNVR,RG,3890,4,D,OD,KK,F
14:27:19,UNVR,RG,3890,5,D,XC,KK,F
14:27:19,UNVR,RG,3890,5,D,PD,KK,F
14:27:19,UNVR,RG,3890,1,D,PD,KK,F
14:27:19,UNVR,RG,3890,5,D,OD,KK,F
14:27:19,UNVR,RG,3890,1,D,YB,KK,F
14:27:19,UNVR,RG,3890,10,D,NI,KK,F
14:27:19,UNVR,RG,3890,1,D,NI,KK,F
14:27:19,UNVR,RG,3890,10,D,PD,KK,F
14:27:19,UNVR,RG,3890,5,D,NI,KK,F
14:27:19,UNVR,RG,3890,1,D,XC,KK,F
14:27:19,UNVR,RG,3890,25,D,KK,KK,F
14:27:19,UNVR,RG,3890,1,D,YP,KK,F
14:27:19,UNVR,RG,3890,1,D,YP,KK,F
14:27:19,UNVR,RG,3890,2,D,XC,KK,F
14:27:19,UNVR,RG,3890,5,D,CC,KK,F
14:27:19,UNVR,RG,3890,3,D,XC,KK,F
14:27:19,UNVR,RG,3890,1,D,NI,KK,F
14:27:19,UNVR,RG,3890,2,D,CC,KK,F
14:27:19,UNVR,RG,3890,5,D,YP,KK,F
14:27:19,UNVR,RG,3890,2,D,YP,KK,F
14:27:19,UNVR,RG,3890,5,D,CC,KK,F
14:27:19,UNVR,RG,3890,10,D,YP,KK,F
14:27:19,UNVR,RG,3890,5,D,YP,KK,F
14:27:19,UNVR,RG,3890,1,D,PD,KK,F
14:27:19,UNVR,RG,3890,1,D,NI,KK,F
14:27:19,UNVR,RG,3890,3,D,YP,KK,F
14:27:18,UNVR,RG,3900,3,D,XC,ZP,F
14:27:15,UNVR,RG,3890,7,D,YP,RX,D
14:27:15,UNVR,RG,3890,1,D,NI,RX,D
14:27:15,UNVR,RG,3890,2,D,YP,RX,D
14:27:15,UNVR,RG,3890,1,D,XC,RX,D
14:27:15,UNVR,RG,3890,7,D,NI,RX,D
14:27:13,UNVR,RG,3900,1,D,XC,ZP,F
14:27:11,UNVR,RG,3890,3,D,NI,RX,D
14:27:11,UNVR,RG,3890,1,D,NI,RX,D
14:27:11,UNVR,RG,3890,1,D,PD,RX,D
14:27:11,UNVR,RG,3890,1,D,EP,RX,D
14:27:11,UNVR,RG,3890,2,D,YP,RX,D
14:27:11,UNVR,RG,3890,1,D,CC,RX,D
14:27:11,UNVR,RG,3890,2,D,XC,RX,D
14:27:11,UNVR,RG,3890,3,D,YP,RX,D
14:27:11,UNVR,RG,3900,10,D,YP,ZP,F
14:27:10,UNVR,RG,3890,12,D,YP,KK,D
14:27:10,UNVR,RG,3890,128,D,EP,KK,D
14:27:04,UNVR,RG,3900,1,D,XC,ZP,F
14:26:59,UNVR,RG,3900,1,D,NI,ZP,F
