Time,Stock,Brd,Price,Qty,BT,BC,SC,ST
15:14:55,UNVR,RG,4590,1,D,CC,XA,D
15:14:48,UNVR,RG,4590,1,D,CC,XA,D
15:14:41,UNVR,RG,4590,1,D,CC,XA,D
15:14:33,UNVR,RG,4590,1,D,CC,XA,D
15:14:15,UNVR,RG,4590,50,D,CC,EP,D
15:11:48,UNVR,RG,4590,109,D,CC,NI,D
15:09:25,UNVR,RG,4590,10,D,CC,SQ,D
15:09:24,UNVR,RG,4590,7,D,CC,DH,D
15:09:19,UNVR,RG,4590,24,D,CC,YP,D
15:08:58,UNVR,RG,4590,49,D,CC,XL,D
15:08:58,UNVR,RG,4590,372,D,CC,XL,D
15:08:11,UNVR,RG,4590,7,D,CC,KK,D
15:08:10,UNVR,RG,4590,100,D,CC,EP,D
15:07:30,UNVR,RG,4590,21,D,CC,LG,D
15:07:28,UNVR,RG,4590,500,D,CC,BB,F
15:07:28,UNVR,RG,4590,1,D,YP,BB,F
15:07:28,UNVR,RG,4590,1,D,YP,BB,F
15:07:28,UNVR,RG,4590,560,D,CC,BB,F
15:07:28,UNVR,RG,4590,1,D,XL,BB,F
15:07:28,UNVR,RG,4590,2336,D,CC,BB,F
15:06:52,UNVR,RG,4590,1,D,CC,PD,D
15:06:50,UNVR,RG,4590,20,D,CC,DR,D
15:06:29,UNVR,RG,4590,8,D,CC,DH,D
15:05:47,UNVR,RG,4590,2,D,CC,CC,D
15:04:55,UNVR,RG,4590,10,D,CC,KK,D
15:04:51,UNVR,RG,4590,1,D,CC,XC,D
15:04:35,UNVR,RG,4590,1,D,CC,SQ,D
15:04:28,UNVR,RG,4590,10,D,CC,KK,D
15:04:14,UNVR,RG,4590,5,D,CC,KK,D
15:04:01,UNVR,RG,4590,200,D,CC,YP,D
15:03:58,UNVR,RG,4590,4,D,CC,XC,D
15:03:24,UNVR,RG,4590,2,D,CC,BQ,D
15:03:04,UNVR,RG,4590,9,D,CC,LG,D
15:02:58,UNVR,RG,4590,1,D,CC,BQ,D
15:02:42,UNVR,RG,4590,3,D,CC,BQ,D
15:02:12,UNVR,RG,4590,1,D,CC,CC,D
15:02:01,UNVR,RG,4590,96,D,CC,EP,D
15:01:59,UNVR,RG,4590,29,D,CC,BQ,D
15:01:59,UNVR,RG,4590,100,D,CC,YU,D
15:01:59,UNVR,RG,4590,161,D,CC,AO,D
15:01:50,UNVR,RG,4590,1,D,BQ,AO,D
15:01:34,UNVR,RG,4590,57,D,SQ,AO,D
15:00:00,UNVR,RG,4590,50,D,CC,AO,D
15:00:00,UNVR,RG,4590,50,D,DH,AO,D
15:00:00,UNVR,RG,4590,100,D,PD,AO,D
15:00:00,UNVR,RG,4590,10,D,CC,AO,D
15:00:00,UNVR,RG,4590,1500,D,LG,AO,D
15:00:00,UNVR,RG,4590,71,D,LG,AO,D
15:00:00,UNVR,RG,4590,263,D,LG,YB,D
15:00:00,UNVR,RG,4590,400,D,LG,AI,D
15:00:00,UNVR,RG,4590,42,D,LG,DR,D
15:00:00,UNVR,RG,4590,2,D,LG,YB,D
15:00:00,UNVR,RG,4590,347,D,LG,BB,F
15:00:00,UNVR,RG,4590,125,D,LG,BB,F
15:00:00,UNVR,RG,4590,28,D,LG,BB,F
15:00:00,UNVR,RG,4590,17,D,LG,YP,D
15:00:00,UNVR,RG,4590,50,D,LG,YB,D
15:00:00,UNVR,RG,4590,50,D,LG,KK,D
15:00:00,UNVR,RG,4590,154,D,LG,YB,D
15:00:00,UNVR,RG,4590,5,D,LG,YB,D
15:00:00,UNVR,RG,4590,35,D,LG,NI,D
15:00:00,UNVR,RG,4590,1,D,LG,PD,D
15:00:00,UNVR,RG,4590,1,D,LG,KK,D
15:00:00,UNVR,RG,4590,1,D,LG,DR,D
15:00:00,UNVR,RG,4590,2,D,LG,KK,D
15:00:00,UNVR,RG,4590,2,D,LG,BQ,D
15:00:00,UNVR,RG,4590,1,D,LG,YP,D
15:00:00,UNVR,RG,4590,1,D,LG,XC,D
15:00:00,UNVR,RG,4590,62,D,LG,AZ,D
15:00:00,UNVR,RG,4590,100,D,LG,CP,D
15:00:00,UNVR,RG,4590,1,D,LG,CC,D
15:00:00,UNVR,RG,4590,30,D,LG,YJ,D
15:00:00,UNVR,RG,4590,102,D,LG,AK,F
15:00:00,UNVR,RG,4590,402,D,LG,AK,F
15:00:00,UNVR,RG,4590,50,D,LG,YP,D
15:00:00,UNVR,RG,4590,1,D,LG,LG,D
15:00:00,UNVR,RG,4590,150,D,LG,KK,D
15:00:00,UNVR,RG,4590,2,D,LG,CC,D
15:00:00,UNVR,RG,4590,3,D,LG,XC,D
15:00:00,UNVR,RG,4590,1,D,LG,CC,D
15:00:00,UNVR,RG,4590,178,D,LG,AK,F
15:00:00,UNVR,RG,4590,6,D,LG,YP,D
15:00:00,UNVR,RG,4590,23,D,LG,YP,D
15:00:00,UNVR,RG,4590,3,D,LG,XC,D
15:00:00,UNVR,RG,4590,38,D,LG,YP,D
15:00:00,UNVR,RG,4590,62,D,LG,YP,D
15:00:00,UNVR,RG,4590,5,D,LG,AI,D
15:00:00,UNVR,RG,4590,100,D,LG,KK,D
15:00:00,UNVR,RG,4590,12,D,LG,IF,D
15:00:00,UNVR,RG,4590,3,D,LG,HP,D
15:00:00,UNVR,RG,4590,22,D,LG,GR,D
15:00:00,UNVR,RG,4590,100,D,LG,AI,D
15:00:00,UNVR,RG,4590,12,D,LG,OD,D
15:00:00,UNVR,RG,4590,100,D,LG,ES,D
15:00:00,UNVR,RG,4590,110,D,LG,YP,D
15:00:00,UNVR,RG,4590,599,D,LG,CD,D
15:00:00,UNVR,RG,4590,125,D,LG,CD,D
15:00:00,UNVR,RG,4590,6,D,LG,CD,D
15:00:00,UNVR,RG,4590,42,F,BK,CD,D
15:00:00,UNVR,RG,4590,568,F,BK,YU,F
15:00:00,UNVR,RG,4590,611,F,BK,YU,F
15:00:00,UNVR,RG,4590,1071,F,ZP,YU,F
15:00:00,UNVR,RG,4590,704,F,ZP,ZP,F
15:00:00,UNVR,RG,4590,4,F,YU,ZP,F
15:00:00,UNVR,RG,4590,270,F,BK,ZP,F
15:00:00,UNVR,RG,4590,130,F,BK,YU,F
15:00:00,UNVR,RG,4590,1,F,BK,YU,F
15:00:00,UNVR,RG,4590,15,F,BK,YU,F
15:00:00,UNVR,RG,4590,771,F,BK,YU,F
15:00:00,UNVR,RG,4590,104,F,BK,YU,F
15:00:00,UNVR,RG,4590,1,F,BK,YU,F
15:00:00,UNVR,RG,4590,149,F,ZP,YU,F
15:00:00,UNVR,RG,4590,389,F,ZP,YU,F
15:00:00,UNVR,RG,4590,300,D,KZ,YU,F
15:00:00,UNVR,RG,4590,858,D,KZ,YU,F
15:00:00,UNVR,RG,4590,7,D,KZ,YU,F
15:00:00,UNVR,RG,4590,2,F,YU,YU,F
15:00:00,UNVR,RG,4590,24,F,AK,YU,F
15:00:00,UNVR,RG,4590,4,F,AK,YU,F
15:00:00,UNVR,RG,4590,445,D,AK,YU,F
15:00:00,UNVR,RG,4590,7,F,AK,YU,F
15:00:00,UNVR,RG,4590,55,F,AK,YU,F
15:00:00,UNVR,RG,4590,101,D,BB,YU,F
15:00:00,UNVR,RG,4590,453,F,BB,YU,F
15:00:00,UNVR,RG,4590,305,F,BB,BK,F
15:00:00,UNVR,RG,4590,520,F,BB,AK,F
15:00:00,UNVR,RG,4590,1495,F,BB,AK,F
15:00:00,UNVR,RG,4590,70,F,ZP,AK,F
15:00:00,UNVR,RG,4590,1363,F,ZP,AK,F
15:00:00,UNVR,RG,4590,510,F,ZP,BK,F
15:00:00,UNVR,RG,4590,330,F,ZP,ZP,F
15:00:00,UNVR,RG,4590,9,D,OD,ZP,F
15:00:00,UNVR,RG,4590,13,D,OD,CC,D
15:00:00,UNVR,RG,4590,67,D,OD,YU,F
15:00:00,UNVR,RG,4590,87,D,BQ,YU,F
15:00:00,UNVR,RG,4590,191,D,NI,YU,F
15:00:00,UNVR,RG,4590,740,D,ZP,YU,F
15:00:00,UNVR,RG,4590,5095,D,LG,YU,F
15:00:00,UNVR,RG,4590,160,D,LG,ZP,D
15:00:00,UNVR,RG,4590,110,D,LG,ZP,D
14:49:53,UNVR,RG,4570,1,D,CC,ZP,F
14:49:48,UNVR,RG,4580,23,D,PD,ZP,F
14:49:46,UNVR,RG,4580,1,D,PD,ZP,F
14:49:46,UNVR,RG,4580,21,D,PD,ZP,F
14:49:36,UNVR,RG,4580,60,D,DH,ZP,F
14:49:35,UNVR,RG,4580,11,D,GR,ZP,F
14:49:31,UNVR,RG,4580,8,F,ZP,ZP,F
14:49:31,UNVR,RG,4580,4,F,ZP,PD,D
14:49:31,UNVR,RG,4580,4,F,ZP,YU,F
14:49:31,UNVR,RG,4580,2,F,ZP,CC,D
14:49:30,UNVR,RG,4580,22,F,ZP,CC,D
14:49:30,UNVR,RG,4570,11,D,CC,ZP,F
14:49:30,UNVR,RG,4570,105,D,CC,ZP,F
14:49:30,UNVR,RG,4580,5,F,AK,CC,D
14:49:27,UNVR,RG,4580,16,F,YU,CC,D
14:49:25,UNVR,RG,4570,4,D,CC,BK,F
14:49:20,UNVR,RG,4580,5,D,GR,CC,D
14:49:20,UNVR,RG,4580,1,F,AK,CC,D
14:49:20,UNVR,RG,4570,8,D,CC,ZP,F
14:49:20,UNVR,RG,4570,2,D,CC,ZP,F
14:49:15,UNVR,RG,4580,1,F,AK,CC,D
14:49:04,UNVR,RG,4570,14,D,CC,BK,F
14:49:00,UNVR,RG,4570,1,D,CC,AK,F
14:49:00,UNVR,RG,4570,1,D,CC,AK,F
14:49:00,UNVR,RG,4570,1,D,CC,AK,F
14:49:00,UNVR,RG,4570,1,D,CC,AK,F
14:49:00,UNVR,RG,4580,3,F,AK,CC,D
14:49:00,UNVR,RG,4580,1,F,AK,CC,D
14:48:57,UNVR,RG,4580,4,D,LG,CC,D
14:48:57,UNVR,RG,4580,1,D,LG,AK,F
14:48:50,UNVR,RG,4580,1,F,AK,AK,F
14:48:49,UNVR,RG,4570,15,D,CC,BK,F
14:48:36,UNVR,RG,4570,10,D,CC,KK,D
14:48:33,UNVR,RG,4570,118,D,CC,YU,F
14:48:30,UNVR,RG,4580,1,F,AK,YU,F
14:48:30,UNVR,RG,4570,15,D,CC,PD,D
14:48:18,UNVR,RG,4570,30,D,CC,NI,D
14:48:10,UNVR,RG,4570,16,D,CC,BK,F
14:47:57,UNVR,RG,4580,1,D,NI,YU,F
14:47:56,UNVR,RG,4570,8,D,CC,DR,D
14:47:51,UNVR,RG,4570,15,D,CC,DR,D
14:47:50,UNVR,RG,4580,15,D,YP,YU,F
14:47:50,UNVR,RG,4580,1,D,YP,KK,D
14:47:50,UNVR,RG,4580,2,D,YP,SQ,D
14:47:50,UNVR,RG,4580,58,D,YP,ZP,F
14:47:42,UNVR,RG,4570,2,D,CC,DR,D
14:47:40,UNVR,RG,4570,14,D,CC,DR,D
14:47:30,UNVR,RG,4580,10,D,SQ,ZP,F
14:47:17,UNVR,RG,4580,1,D,XC,ZP,F
14:47:08,UNVR,RG,4580,1,D,PD,ZP,F
14:47:02,UNVR,RG,4580,1,D,PD,ZP,F
14:47:01,UNVR,RG,4580,5,D,NI,ZP,F
14:47:00,UNVR,RG,4570,142,D,CC,YU,F
14:46:52,UNVR,RG,4580,15,D,LG,ZP,F
14:46:50,UNVR,RG,4580,9,D,DR,ZP,F
14:46:50,UNVR,RG,4580,17,D,DR,YU,F
14:46:50,UNVR,RG,4580,16,D,DR,YU,F
14:46:43,UNVR,RG,4580,209,F,AK,YU,F
14:46:43,UNVR,RG,4580,309,F,AK,YU,F
14:46:43,UNVR,RG,4580,4,F,AK,AK,F
14:46:43,UNVR,RG,4580,14,F,AK,ZP,F
14:46:43,UNVR,RG,4580,3,F,AK,BQ,D
14:46:43,UNVR,RG,4580,2,F,AK,XC,D
14:46:43,UNVR,RG,4580,10,F,AK,ZP,F
14:46:43,UNVR,RG,4580,17,F,AK,ZP,F
14:46:43,UNVR,RG,4580,2,F,AK,ZP,F
14:46:43,UNVR,RG,4580,63,F,AK,ZP,F
14:46:39,UNVR,RG,4580,8,D,CP,ZP,F
14:46:03,UNVR,RG,4580,5,D,XC,ZP,F
14:46:03,UNVR,RG,4580,1,D,XC,ZP,F
14:45:47,UNVR,RG,4570,2500,D,CC,BB,D
14:45:47,UNVR,RG,4580,1,D,LG,ZP,F
14:45:25,UNVR,RG,4570,2,D,CC,EP,D
14:45:20,UNVR,RG,4570,7,D,CC,DR,D
14:45:20,UNVR,RG,4570,90,D,CC,ZP,F
14:45:20,UNVR,RG,4570,6,D,CC,ZP,F
14:45:20,UNVR,RG,4570,50,D,CC,BK,F
14:45:20,UNVR,RG,4570,24,D,CC,DR,D
14:45:20,UNVR,RG,4570,227,D,CC,YU,F
14:45:20,UNVR,RG,4570,38,D,CC,CS,F
14:45:20,UNVR,RG,4570,54,D,CC,CS,F
14:45:20,UNVR,RG,4570,3,D,CC,CS,F
14:45:20,UNVR,RG,4570,78,D,CC,ZP,F
14:45:20,UNVR,RG,4570,97,D,CC,YU,F
14:45:20,UNVR,RG,4570,89,D,CC,ZP,F
14:45:20,UNVR,RG,4570,8,D,CC,AK,F
14:45:20,UNVR,RG,4570,13,D,CC,AK,F
14:45:20,UNVR,RG,4570,6,D,CC,AK,F
14:45:20,UNVR,RG,4570,5,D,CC,ZP,F
14:45:20,UNVR,RG,4570,1084,D,CC,YU,F
14:45:20,UNVR,RG,4570,21,D,CC,BK,F
14:45:20,UNVR,RG,4570,2,D,CC,ZP,F
14:45:20,UNVR,RG,4570,1,D,CC,ZP,F
14:45:20,UNVR,RG,4570,9,D,CC,ZP,F
14:45:20,UNVR,RG,4570,17,D,CC,ZP,F
14:45:20,UNVR,RG,4570,19,D,CC,ZP,F
14:45:20,UNVR,RG,4570,81,D,CC,ZP,F
14:45:15,UNVR,RG,4560,96,D,CC,YU,F
14:45:12,UNVR,RG,4570,5,D,KK,ZP,F
14:45:10,UNVR,RG,4570,10,D,TP,ZP,F
14:45:04,UNVR,RG,4560,4,D,CC,YP,D
14:45:03,UNVR,RG,4570,2,D,PD,ZP,F
14:45:00,UNVR,RG,4560,136,D,CC,YU,F
14:45:00,UNVR,RG,4560,70,D,CC,YU,F
14:44:58,UNVR,RG,4570,1,D,XL,ZP,F
14:44:55,UNVR,RG,4570,8,D,AI,ZP,F
14:44:55,UNVR,RG,4570,92,D,AI,ZP,F
14:44:52,UNVR,RG,4560,15,D,CC,BK,F
14:44:48,UNVR,RG,4560,140,D,CC,YU,F
14:44:46,UNVR,RG,4560,5,D,CC,DR,D
14:44:43,UNVR,RG,4560,26,D,CC,CS,F
14:44:43,UNVR,RG,4560,33,D,CC,CS,F
14:44:43,UNVR,RG,4560,19,D,CC,CS,F
14:44:43,UNVR,RG,4560,9,D,CC,CS,F
14:44:43,UNVR,RG,4570,16,D,KK,ZP,F
14:44:43,UNVR,RG,4570,22,D,KK,DR,D
14:44:43,UNVR,RG,4570,23,D,KK,CS,F
14:44:43,UNVR,RG,4570,39,D,KK,YU,F
14:44:41,UNVR,RG,4560,26,D,CC,DR,D
14:44:39,UNVR,RG,4560,13,D,CC,DR,D
14:44:33,UNVR,RG,4560,8,D,CC,YU,D
14:44:31,UNVR,RG,4570,1,D,YU,YU,F
14:44:19,UNVR,RG,4560,14,D,CC,BK,F
14:44:14,UNVR,RG,4560,34,D,CC,DR,D
14:44:01,UNVR,RG,4560,50,D,CC,YP,D
14:43:48,UNVR,RG,4560,15,D,CC,BK,F
14:43:43,UNVR,RG,4570,8,D,NI,YU,F
14:43:43,UNVR,RG,4570,32,D,NI,YU,F
14:43:35,UNVR,RG,4570,1,D,SQ,YU,F
14:43:28,UNVR,RG,4570,50,D,AR,YU,F
14:43:04,UNVR,RG,4560,15,D,CC,BK,F
14:43:00,UNVR,RG,4560,147,D,CC,YU,F
14:43:00,UNVR,RG,4560,10,D,DH,YU,F
14:42:55,UNVR,RG,4570,3,D,CC,YU,F
14:42:55,UNVR,RG,4570,9,D,CC,YU,D
14:42:55,UNVR,RG,4570,7,D,CC,YU,D
14:42:55,UNVR,RG,4570,3,D,CC,YU,D
14:42:53,UNVR,RG,4570,1,D,XC,YU,D
14:42:52,UNVR,RG,4570,2,D,NI,YU,D
14:42:50,UNVR,RG,4570,1,D,YP,YU,D
14:42:49,UNVR,RG,4570,10,D,KK,AK,F
14:42:49,UNVR,RG,4570,100,D,CP,AK,F
14:42:49,UNVR,RG,4570,16,D,YP,AK,F
14:42:48,UNVR,RG,4570,4,D,YP,YU,F
14:42:48,UNVR,RG,4570,20,D,DH,YU,F
14:42:48,UNVR,RG,4570,20,D,XL,YU,F
14:42:48,UNVR,RG,4570,8,F,AK,YU,F
14:42:48,UNVR,RG,4570,2,D,XC,YU,F
14:42:48,UNVR,RG,4570,100,D,YP,YU,F
14:42:48,UNVR,RG,4570,2,D,CC,YU,F
14:42:48,UNVR,RG,4570,2,D,YP,YU,F
14:42:48,UNVR,RG,4570,5,D,YP,YU,F
14:42:48,UNVR,RG,4570,1,D,YP,YU,F
14:42:48,UNVR,RG,4570,10,D,YP,YU,F
14:42:48,UNVR,RG,4570,15,D,CC,YU,F
14:42:48,UNVR,RG,4570,2,D,YP,YU,F
14:42:48,UNVR,RG,4570,1,D,YP,YU,F
14:42:48,UNVR,RG,4570,1,D,PD,YU,F
14:42:48,UNVR,RG,4570,1,F,AK,YU,F
14:42:48,UNVR,RG,4570,1,D,PD,YU,F
14:42:48,UNVR,RG,4570,10,D,LG,YU,F
14:42:48,UNVR,RG,4570,25,D,NI,YU,F
14:42:48,UNVR,RG,4570,7,F,AK,YU,F
14:42:48,UNVR,RG,4570,2,D,XL,YU,F
14:42:48,UNVR,RG,4570,5,D,AZ,YU,F
14:42:48,UNVR,RG,4570,3,D,PD,YU,F
14:42:48,UNVR,RG,4570,1,D,YP,YU,F
14:42:48,UNVR,RG,4570,5,D,PD,YU,F
14:42:48,UNVR,RG,4570,10,D,YP,YU,F
14:42:48,UNVR,RG,4570,1,D,PD,YU,F
14:42:48,UNVR,RG,4570,1,D,XC,YU,F
14:42:48,UNVR,RG,4570,1,D,AZ,YU,F
14:42:48,UNVR,RG,4570,5,D,XL,YU,F
14:42:48,UNVR,RG,4570,200,D,YP,YU,F
14:42:48,UNVR,RG,4570,1,D,YP,YU,F
14:42:48,UNVR,RG,4570,1,D,XC,YU,F
14:42:48,UNVR,RG,4570,1,D,PD,YU,F
14:42:48,UNVR,RG,4570,5,D,DH,YU,F
14:42:48,UNVR,RG,4570,1,D,DH,YU,F
14:42:48,UNVR,RG,4570,1,D,XL,YU,F
14:42:48,UNVR,RG,4570,5,D,AZ,YU,F
14:42:43,UNVR,RG,4570,3,D,AZ,YP,D
14:42:43,UNVR,RG,4570,1,D,XL,YP,D
14:42:43,UNVR,RG,4570,1,D,NI,YP,D
14:42:41,UNVR,RG,4570,4,D,XC,CS,F
14:42:41,UNVR,RG,4570,1,D,XC,ZP,F
14:42:41,UNVR,RG,4570,4,D,EP,ZP,F
14:42:41,UNVR,RG,4570,10,D,EP,CS,F
14:42:41,UNVR,RG,4570,7,D,EP,CS,F
14:42:41,UNVR,RG,4570,18,D,EP,CS,F
14:42:41,UNVR,RG,4570,28,D,EP,BK,F
14:42:41,UNVR,RG,4570,30,D,CC,BK,F
14:42:41,UNVR,RG,4570,5,D,NI,BK,F
14:42:41,UNVR,RG,4570,25,D,KK,BK,F
14:42:41,UNVR,RG,4570,16,D,XL,BK,F
14:42:41,UNVR,RG,4570,1,D,XL,BK,F
14:42:41,UNVR,RG,4570,10,D,CC,BK,F
14:42:41,UNVR,RG,4570,20,D,CC,BK,F
14:42:41,UNVR,RG,4570,1,D,OD,BK,F
14:42:41,UNVR,RG,4570,5,D,YP,BK,F
14:42:41,UNVR,RG,4570,25,D,YP,BK,F
14:42:41,UNVR,RG,4570,2,D,CC,BK,F
14:42:41,UNVR,RG,4570,2,D,CC,BK,F
14:42:41,UNVR,RG,4570,20,D,YP,BK,F
14:42:41,UNVR,RG,4570,10,D,YP,BK,F
14:42:41,UNVR,RG,4570,1,D,YP,BK,F
14:42:41,UNVR,RG,4570,2,D,YP,BK,F
14:42:41,UNVR,RG,4570,1,D,CC,BK,F
14:42:41,UNVR,RG,4570,4,D,PD,BK,F
14:42:41,UNVR,RG,4570,30,D,PD,BK,F
14:42:41,UNVR,RG,4570,5,D,YP,BK,F
14:42:41,UNVR,RG,4570,19,D,PD,BK,F
14:42:41,UNVR,RG,4570,1,D,SQ,BK,F
14:42:41,UNVR,RG,4570,2,D,DR,BK,F
14:42:41,UNVR,RG,4570,50,D,DH,BK,F
14:42:41,UNVR,RG,4570,2,D,KK,BK,F
14:42:41,UNVR,RG,4570,22,D,PD,BK,F
14:42:41,UNVR,RG,4570,6,D,YP,BK,F
14:42:41,UNVR,RG,4570,1,D,PD,BK,F
14:42:41,UNVR,RG,4570,5,D,CC,BK,F
14:42:41,UNVR,RG,4570,50,D,CP,BK,F
14:42:41,UNVR,RG,4570,1,D,XL,BK,F
14:42:41,UNVR,RG,4570,1,D,PD,BK,F
14:42:41,UNVR,RG,4570,5,D,CC,BK,F
14:42:41,UNVR,RG,4570,10,D,YP,BK,F
14:42:41,UNVR,RG,4570,10,D,YP,BK,F
14:42:41,UNVR,RG,4570,1,D,CC,BK,F
14:42:41,UNVR,RG,4570,10,D,NI,BK,F
14:42:41,UNVR,RG,4570,15,D,PD,BK,F
14:42:41,UNVR,RG,4570,3,D,PD,BK,F
14:42:41,UNVR,RG,4570,2,D,DH,BK,F
14:42:41,UNVR,RG,4570,2,D,YP,BK,F
14:42:41,UNVR,RG,4570,25,D,YP,BK,F
14:42:41,UNVR,RG,4570,5,D,YP,BK,F
14:42:41,UNVR,RG,4570,100,D,GR,BK,F
14:42:41,UNVR,RG,4570,1,D,YP,BK,F
14:42:41,UNVR,RG,4570,2000,D,CC,BK,F
14:42:41,UNVR,RG,4570,6,D,CC,BK,F
14:42:41,UNVR,RG,4570,10,D,YP,BK,F
14:42:41,UNVR,RG,4570,1,D,KK,BK,F
14:42:41,UNVR,RG,4570,11,D,PD,BK,F
14:42:41,UNVR,RG,4570,5,D,YP,BK,F
14:42:41,UNVR,RG,4570,1,D,OD,BK,F
14:42:41,UNVR,RG,4570,15,D,YP,BK,F
14:42:41,UNVR,RG,4570,1,D,YP,BK,F
14:42:41,UNVR,RG,4570,10,D,ZP,BK,F
14:42:41,UNVR,RG,4570,1,D,GR,BK,F
14:42:41,UNVR,RG,4570,9,D,NI,BK,F
14:42:41,UNVR,RG,4570,1,D,NI,AK,F
14:42:41,UNVR,RG,4570,25,D,YP,AK,F
14:42:41,UNVR,RG,4570,10,D,YP,AK,F
14:42:41,UNVR,RG,4570,3,D,NI,AK,F
14:42:41,UNVR,RG,4570,1,D,XL,AK,F
14:42:41,UNVR,RG,4570,2,D,XL,AK,F
14:42:41,UNVR,RG,4570,2,D,XA,AK,F
14:42:41,UNVR,RG,4570,10,D,PD,AK,F
14:42:41,UNVR,RG,4570,2,D,CC,AK,F
14:42:41,UNVR,RG,4570,1,D,YP,AK,F
14:42:41,UNVR,RG,4570,1,D,YP,AK,F
14:42:41,UNVR,RG,4570,10,D,XL,AK,F
14:42:41,UNVR,RG,4570,1,D,YP,AK,F
14:42:41,UNVR,RG,4570,5,D,YP,AK,F
14:42:41,UNVR,RG,4570,1,D,PD,AK,F
14:42:41,UNVR,RG,4570,20,D,KK,AK,F
14:42:41,UNVR,RG,4570,1,D,YP,AK,F
14:42:41,UNVR,RG,4570,2,D,PD,AK,F
14:42:41,UNVR,RG,4570,1,D,KK,AK,F
14:42:41,UNVR,RG,4570,1,D,YP,AK,F
14:42:41,UNVR,RG,4570,5,D,KK,AK,F
14:42:41,UNVR,RG,4570,838,D,CC,AK,F
14:42:41,UNVR,RG,4570,1162,D,CC,BB,D
14:42:41,UNVR,RG,4570,1,D,YP,BB,D
14:42:41,UNVR,RG,4570,1,D,CC,BB,D
14:42:41,UNVR,RG,4570,1,D,EP,BB,D
14:42:41,UNVR,RG,4570,1,D,YP,BB,D
14:42:41,UNVR,RG,4570,5,D,CC,BB,D
14:42:41,UNVR,RG,4570,3,D,KK,BB,D
14:42:41,UNVR,RG,4570,10,D,YP,BB,D
14:42:41,UNVR,RG,4570,6,D,CC,BB,D
14:42:41,UNVR,RG,4570,10,D,GR,BB,D
14:42:41,UNVR,RG,4570,1,D,PD,BB,D
14:42:41,UNVR,RG,4570,1,D,XC,BB,D
14:42:41,UNVR,RG,4570,5,D,YP,BB,D
14:42:41,UNVR,RG,4570,25,D,PD,BB,D
14:42:41,UNVR,RG,4570,1268,D,CC,BB,D
14:42:39,UNVR,RG,4570,2,D,CC,PD,D
14:42:32,UNVR,RG,4570,211,D,CC,BK,F
14:42:29,UNVR,RG,4570,200,D,CC,BB,D
14:42:29,UNVR,RG,4570,5,D,CC,BB,D
14:42:29,UNVR,RG,4570,495,D,CC,BB,D
14:42:29,UNVR,RG,4570,5,D,CC,BB,D
14:42:29,UNVR,RG,4570,5,D,CC,BB,D
14:42:29,UNVR,RG,4570,5,D,CC,BB,D
14:42:29,UNVR,RG,4570,5,D,CC,BB,D
14:42:29,UNVR,RG,4570,5,D,CC,BB,D
14:42:29,UNVR,RG,4570,5,D,CC,BB,D
14:42:29,UNVR,RG,4570,5,D,CC,BB,D
14:42:28,UNVR,RG,4570,5,D,CC,BB,D
14:42:28,UNVR,RG,4570,5,D,CC,BB,D
14:42:28,UNVR,RG,4570,5,D,CC,BB,D
14:42:28,UNVR,RG,4570,5,D,CC,BB,D
14:42:28,UNVR,RG,4570,5,D,CC,BB,D
14:42:28,UNVR,RG,4570,5,D,CC,BB,D
14:42:28,UNVR,RG,4570,5,D,CC,BB,D
14:42:28,UNVR,RG,4570,5,D,CC,BB,D
14:42:28,UNVR,RG,4570,5,D,CC,BB,D
14:42:28,UNVR,RG,4570,5,D,CC,BB,D
14:42:27,UNVR,RG,4570,5,D,CC,BB,D
14:42:27,UNVR,RG,4570,5,D,CC,BB,D
14:42:27,UNVR,RG,4570,5,D,CC,BB,D
14:42:27,UNVR,RG,4570,5,D,CC,BB,D
14:42:27,UNVR,RG,4570,5,D,CC,BB,D
14:42:27,UNVR,RG,4570,15,D,CC,BK,F
14:42:27,UNVR,RG,4570,5,D,CC,BB,D
14:42:27,UNVR,RG,4570,5,D,CC,BB,D
14:42:27,UNVR,RG,4580,2,D,XC,YU,F
14:42:27,UNVR,RG,4570,5,D,CC,BB,D
14:42:27,UNVR,RG,4570,5,D,CC,BB,D
14:42:27,UNVR,RG,4570,5,D,CC,BB,D
14:42:27,UNVR,RG,4570,5,D,CC,BB,D
14:42:26,UNVR,RG,4570,5,D,CC,BB,D
14:42:26,UNVR,RG,4570,5,D,CC,BB,D
14:42:26,UNVR,RG,4570,5,D,CC,BB,D
14:42:26,UNVR,RG,4570,5,D,CC,BB,D
14:42:26,UNVR,RG,4570,26,D,CC,BK,F
14:42:26,UNVR,RG,4570,5,D,CC,BB,D
14:42:26,UNVR,RG,4570,5,D,CC,BB,D
14:42:26,UNVR,RG,4570,5,D,CC,BB,D
14:42:25,UNVR,RG,4570,5,D,CC,BB,D
14:42:25,UNVR,RG,4570,5,D,CC,BB,D
14:42:25,UNVR,RG,4570,5,D,CC,BB,D
14:42:25,UNVR,RG,4570,5,D,CC,BB,D
14:42:25,UNVR,RG,4570,5,D,CC,BB,D
14:42:25,UNVR,RG,4570,5,D,CC,BB,D
14:42:25,UNVR,RG,4570,5,D,CC,BB,D
14:42:25,UNVR,RG,4570,5,D,CC,BB,D
14:42:25,UNVR,RG,4570,5,D,CC,BB,D
14:42:24,UNVR,RG,4570,5,D,CC,BB,D
14:42:24,UNVR,RG,4570,5,D,CC,BB,D
14:42:24,UNVR,RG,4570,5,D,CC,BB,D
14:42:24,UNVR,RG,4570,5,D,CC,BB,D
14:42:24,UNVR,RG,4570,5,D,CC,BB,D
14:42:24,UNVR,RG,4570,5,D,CC,BB,D
14:42:23,UNVR,RG,4570,5,D,CC,BB,D
14:42:23,UNVR,RG,4570,5,D,CC,BB,D
14:42:23,UNVR,RG,4570,5,D,CC,BB,D
14:42:23,UNVR,RG,4570,5,D,CC,BB,D
14:42:23,UNVR,RG,4570,5,D,CC,BB,D
14:42:23,UNVR,RG,4570,5,D,CC,BB,D
14:42:23,UNVR,RG,4570,5,D,CC,BB,D
14:42:23,UNVR,RG,4570,5,D,CC,BB,D
14:42:23,UNVR,RG,4570,5,D,CC,BB,D
14:42:23,UNVR,RG,4570,5,D,CC,BB,D
14:42:06,UNVR,RG,4580,1,D,XC,YU,F
14:42:05,UNVR,RG,4570,26,D,CC,BK,F
14:42:02,UNVR,RG,4570,61,D,CC,BK,F
14:42:01,UNVR,RG,4580,1,D,CC,AK,F
14:42:01,UNVR,RG,4580,16,F,ZP,AK,F
14:42:01,UNVR,RG,4580,3,F,AK,AK,F
14:42:01,UNVR,RG,4580,3,F,AK,CS,F
14:42:01,UNVR,RG,4580,1,F,AK,CS,F
14:42:01,UNVR,RG,4580,14,D,CC,CS,F
14:42:01,UNVR,RG,4580,186,D,CC,BB,D
14:42:01,UNVR,RG,4580,2,D,CC,BB,D
14:42:01,UNVR,RG,4580,11,D,GR,BB,D
14:42:01,UNVR,RG,4580,4,D,YP,BB,D
14:42:01,UNVR,RG,4580,7,D,YP,BB,D
14:42:01,UNVR,RG,4580,2,F,AK,BB,D
14:42:01,UNVR,RG,4580,1,D,XL,BB,D
14:42:01,UNVR,RG,4580,5,D,YP,BB,D
14:42:01,UNVR,RG,4580,25,D,DR,BB,D
14:42:01,UNVR,RG,4580,2,D,CC,BB,D
14:42:01,UNVR,RG,4580,2,D,XC,BB,D
14:42:01,UNVR,RG,4580,1,D,YP,BB,D
14:42:01,UNVR,RG,4580,5,D,CC,BB,D
14:42:01,UNVR,RG,4580,19,F,AK,BB,D
14:42:01,UNVR,RG,4580,1,D,XL,BB,D
14:42:01,UNVR,RG,4580,10,D,NI,BB,D
14:42:01,UNVR,RG,4580,17,F,ZP,BB,D
14:42:01,UNVR,RG,4580,2,D,CC,BB,D
14:42:01,UNVR,RG,4580,10,D,XC,BB,D
14:42:01,UNVR,RG,4580,5,D,NI,BB,D
14:42:01,UNVR,RG,4580,1,F,BK,BB,D
14:42:01,UNVR,RG,4580,49,D,LG,BB,D
14:42:00,UNVR,RG,4580,147,D,LG,YU,F
14:41:54,UNVR,RG,4580,16,D,LG,BK,F
14:41:49,UNVR,RG,4580,56,D,LG,BK,F
14:41:43,UNVR,RG,4580,26,D,LG,DR,D
14:41:41,UNVR,RG,4580,4,D,LG,DR,D
14:41:37,UNVR,RG,4580,65,D,LG,YU,F
14:41:30,UNVR,RG,4580,75,D,LG,BK,F
14:41:23,UNVR,RG,4580,1,D,LG,CS,F
14:41:22,UNVR,RG,4580,84,D,LG,CS,F
14:41:22,UNVR,RG,4580,23,D,LG,ZP,F
14:41:15,UNVR,RG,4580,15,D,LG,BK,F
14:41:00,UNVR,RG,4580,39,D,LG,YU,F
14:41:00,UNVR,RG,4580,43,D,LG,YU,F
14:40:57,UNVR,RG,4590,2,D,DH,YU,F
14:40:56,UNVR,RG,4580,1,D,LG,KK,D
14:40:55,UNVR,RG,4580,40,D,LG,DR,D
14:40:45,UNVR,RG,4580,14,D,LG,BK,F
14:40:39,UNVR,RG,4580,12,D,LG,AI,D
14:40:39,UNVR,RG,4580,2,D,LG,KK,D
14:40:38,UNVR,RG,4580,25,D,LG,YP,D
14:40:35,UNVR,RG,4580,5,D,LG,CC,D
14:40:14,UNVR,RG,4590,5,D,CC,YU,F
14:40:13,UNVR,RG,4590,5,D,CC,YU,F
14:40:12,UNVR,RG,4590,5,D,CC,YU,F
14:40:10,UNVR,RG,4590,5,D,CC,YU,F
14:40:09,UNVR,RG,4590,5,D,CC,YU,F
14:40:08,UNVR,RG,4590,5,D,CC,YU,F
14:40:07,UNVR,RG,4590,5,D,CC,YU,F
14:40:05,UNVR,RG,4590,5,D,CC,YU,F
14:40:03,UNVR,RG,4580,14,D,LG,BK,F
14:40:03,UNVR,RG,4590,3,D,CC,YU,F
14:40:03,UNVR,RG,4590,2,D,CC,YU,F
14:40:00,UNVR,RG,4580,56,D,LG,YU,F
14:39:45,UNVR,RG,4580,238,D,LG,FS,D
14:39:45,UNVR,RG,4580,50,D,LG,FS,D
14:39:45,UNVR,RG,4580,10,D,NI,FS,D
14:39:45,UNVR,RG,4580,2,D,OD,FS,D
14:39:37,UNVR,RG,4580,2,D,OD,CC,D
14:39:26,UNVR,RG,4580,6,D,OD,BK,F
14:39:26,UNVR,RG,4580,2,D,YP,BK,F
14:39:26,UNVR,RG,4580,1,D,XC,BK,F
14:39:26,UNVR,RG,4580,5,D,YP,BK,F
14:39:26,UNVR,RG,4580,1,D,PD,BK,F
14:39:24,UNVR,RG,4590,1,D,PD,YU,F
14:39:23,UNVR,RG,4580,1,D,PD,YP,D
14:39:23,UNVR,RG,4580,9,D,NI,YP,D
14:39:17,UNVR,RG,4580,1,D,NI,CS,F
14:39:17,UNVR,RG,4580,1,D,XL,CS,F
14:39:17,UNVR,RG,4580,4,D,CC,CS,F
14:39:17,UNVR,RG,4580,1,F,AK,CS,F
14:39:17,UNVR,RG,4580,5,D,GR,CS,F
14:39:17,UNVR,RG,4580,5,D,YP,CS,F
14:39:17,UNVR,RG,4580,2,D,XL,CS,F
14:39:17,UNVR,RG,4580,10,D,YP,CS,F
14:39:17,UNVR,RG,4580,18,F,ZP,CS,F
14:39:17,UNVR,RG,4580,1,D,NI,CS,F
14:39:17,UNVR,RG,4580,5,D,CC,CS,F
14:39:17,UNVR,RG,4580,2,D,CC,CS,F
14:39:17,UNVR,RG,4580,10,D,CC,CS,F
14:39:17,UNVR,RG,4580,5,D,YU,CS,F
14:39:17,UNVR,RG,4580,26,D,MG,CS,F
14:39:02,UNVR,RG,4590,15,D,DR,YU,F
14:39:00,UNVR,RG,4580,14,D,MG,YU,F
14:39:00,UNVR,RG,4580,1,D,YP,YU,F
14:39:00,UNVR,RG,4580,90,D,AR,YU,F
14:38:52,UNVR,RG,4580,14,D,AR,BK,F
14:38:43,UNVR,RG,4580,9,D,AR,DR,D
14:38:18,UNVR,RG,4590,55,D,OD,YU,F
14:38:04,UNVR,RG,4580,11,D,AR,DR,D
14:37:59,UNVR,RG,4590,12,F,YU,YU,F
14:37:47,UNVR,RG,4590,50,D,CC,YU,F
14:37:42,UNVR,RG,4590,23,D,CC,YU,F
14:37:42,UNVR,RG,4590,16,D,CC,BK,F
14:37:42,UNVR,RG,4590,11,D,CC,BB,D
14:37:39,UNVR,RG,4590,50,D,CC,BB,D
14:37:37,UNVR,RG,4580,15,D,AR,BK,F
14:37:34,UNVR,RG,4590,50,D,CC,BB,D
14:37:34,UNVR,RG,4580,3,D,AR,LG,D
14:37:28,UNVR,RG,4590,43,D,CC,BB,D
14:37:28,UNVR,RG,4590,7,D,CC,YU,F
14:37:19,UNVR,RG,4580,4,D,AR,BB,D
14:37:19,UNVR,RG,4590,70,D,DR,YU,F
14:36:55,UNVR,RG,4580,2,D,AR,BB,D
14:36:48,UNVR,RG,4580,2,D,AR,BB,D
14:36:48,UNVR,RG,4580,29,D,YB,BB,D
14:36:35,UNVR,RG,4580,21,D,YB,GR,D
14:36:35,UNVR,RG,4580,1,F,AK,GR,D
14:36:35,UNVR,RG,4580,1,D,PD,GR,D
14:36:35,UNVR,RG,4580,7,F,AK,GR,D
14:36:32,UNVR,RG,4580,50,D,YJ,BB,D
14:36:32,UNVR,RG,4580,2,D,EP,BB,D
14:36:32,UNVR,RG,4580,7,D,PD,BB,D
14:36:32,UNVR,RG,4580,1,D,AZ,BB,D
14:36:32,UNVR,RG,4580,5,D,YP,BB,D
14:36:32,UNVR,RG,4580,1,D,PD,BB,D
14:36:32,UNVR,RG,4580,138,D,YP,BB,D
14:36:27,UNVR,RG,4580,3,D,YP,BB,D
14:36:27,UNVR,RG,4590,42,D,EP,YU,F
14:36:27,UNVR,RG,4590,80,D,EP,ZP,F
14:36:27,UNVR,RG,4590,2,D,EP,DR,D
14:36:27,UNVR,RG,4590,8,D,EP,YU,D
14:36:27,UNVR,RG,4590,46,D,EP,DR,D
14:36:27,UNVR,RG,4590,34,D,EP,YU,F
14:36:08,UNVR,RG,4580,59,D,YP,BB,D
14:36:08,UNVR,RG,4580,31,D,PD,BB,D
14:36:07,UNVR,RG,4580,1,D,PD,BQ,D
14:36:00,UNVR,RG,4580,18,D,PD,YU,F
14:36:00,UNVR,RG,4580,1,D,CC,YU,F
14:36:00,UNVR,RG,4580,30,D,EP,YU,F
14:36:00,UNVR,RG,4580,1,D,PD,YU,F
14:36:00,UNVR,RG,4580,5,F,AK,YU,F
14:36:00,UNVR,RG,4580,5,D,YP,YU,F
14:35:57,UNVR,RG,4580,5,D,YP,BB,D
14:35:57,UNVR,RG,4580,1,D,IF,BB,D
14:35:57,UNVR,RG,4580,2,D,XC,DR,D
14:35:57,UNVR,RG,4580,1,D,DH,DR,D
14:35:57,UNVR,RG,4580,1,D,PD,DR,D
14:35:57,UNVR,RG,4580,1,D,NI,DR,D
14:35:57,UNVR,RG,4580,27,D,CC,DR,D
14:35:56,UNVR,RG,4580,2,D,CC,DR,D
14:35:51,UNVR,RG,4580,1,D,CC,BB,D
14:35:51,UNVR,RG,4580,2,D,CC,PD,D
14:35:39,UNVR,RG,4580,5,D,CC,BB,D
14:35:21,UNVR,RG,4580,30,D,CC,BB,D
14:35:21,UNVR,RG,4580,7,D,AZ,BB,D
14:35:21,UNVR,RG,4580,3,D,AZ,SQ,D
14:35:18,UNVR,RG,4580,1,D,XC,DR,D
14:35:14,UNVR,RG,4580,1,D,DH,DR,D
14:35:14,UNVR,RG,4580,10,D,XC,DR,D
14:35:14,UNVR,RG,4580,2,D,NI,DR,D
14:35:14,UNVR,RG,4580,10,D,NI,DR,D
14:35:14,UNVR,RG,4580,1,D,PD,DR,D
14:35:14,UNVR,RG,4580,2,D,CC,DR,D
14:35:14,UNVR,RG,4580,1,D,XL,DR,D
14:35:14,UNVR,RG,4580,5,D,XC,DR,D
14:35:14,UNVR,RG,4580,1,D,YP,DR,D
14:35:14,UNVR,RG,4580,1,D,XC,DR,D
14:35:14,UNVR,RG,4580,1,D,PD,DR,D
14:35:11,UNVR,RG,4580,4,D,PD,BB,D
14:35:11,UNVR,RG,4580,2,D,PD,BB,D
14:35:11,UNVR,RG,4580,2,D,PD,BB,D
14:35:11,UNVR,RG,4580,5,D,PD,BB,D
14:35:11,UNVR,RG,4580,10,D,SQ,BB,D
14:35:11,UNVR,RG,4580,10,D,DH,BB,D
14:35:11,UNVR,RG,4580,8,D,AG,BB,D
14:35:00,UNVR,RG,4580,12,D,AG,YU,F
14:35:00,UNVR,RG,4580,1,D,KK,YU,F
14:35:00,UNVR,RG,4580,10,D,AT,YU,F
14:35:00,UNVR,RG,4580,17,D,PD,YU,F
14:34:58,UNVR,RG,4580,21,D,PD,BB,D
14:34:43,UNVR,RG,4580,2,D,PD,BB,D
14:34:43,UNVR,RG,4580,1,D,PD,BB,D
14:34:43,UNVR,RG,4580,1,D,XC,BB,D
14:34:43,UNVR,RG,4580,1,D,YP,BB,D
14:34:43,UNVR,RG,4580,18,D,CP,BB,D
14:34:42,UNVR,RG,4580,7,D,CP,XC,D
14:34:42,UNVR,RG,4580,10,D,ES,XC,D
14:34:42,UNVR,RG,4580,3,D,YP,XC,D
14:34:23,UNVR,RG,4580,1,D,YP,BB,D
14:34:23,UNVR,RG,4580,20,D,YP,PD,D
14:34:14,UNVR,RG,4580,3,D,YP,BB,D
14:34:09,UNVR,RG,4580,13,D,YP,BB,D
14:34:09,UNVR,RG,4580,1,D,PD,BB,D
14:34:09,UNVR,RG,4580,8,D,XC,BB,D
14:34:09,UNVR,RG,4580,2,D,PD,BB,D
14:34:09,UNVR,RG,4580,1,D,CC,BB,D
14:34:09,UNVR,RG,4580,1,D,CC,BB,D
14:34:09,UNVR,RG,4580,1,D,MU,BB,D
14:34:09,UNVR,RG,4580,10,D,PD,BB,D
14:34:09,UNVR,RG,4580,1,D,XC,BB,D
14:34:09,UNVR,RG,4580,20,D,DH,BB,D
14:34:09,UNVR,RG,4580,5,D,YP,BB,D
14:34:09,UNVR,RG,4580,2,D,YP,BB,D
14:34:09,UNVR,RG,4580,1,D,DH,BB,D
14:34:09,UNVR,RG,4580,22,D,DR,BB,D
14:34:09,UNVR,RG,4580,4,D,PD,BB,D
14:34:09,UNVR,RG,4580,12,D,AR,BB,D
14:34:03,UNVR,RG,4580,1,D,AR,YP,D
14:34:03,UNVR,RG,4580,30,D,AR,PD,D
14:34:00,UNVR,RG,4580,77,D,AR,YU,F
14:33:59,UNVR,RG,4580,3,D,AR,BB,D
14:33:59,UNVR,RG,4590,1,D,AT,YU,F
14:33:55,UNVR,RG,4580,1,D,AR,XL,D
14:33:48,UNVR,RG,4580,36,D,AR,BB,D
14:33:41,UNVR,RG,4580,35,D,AR,YP,D
14:33:34,UNVR,RG,4580,3,D,AR,BB,D
14:33:13,UNVR,RG,4580,2,D,AR,BB,D
14:33:13,UNVR,RG,4580,16,D,AR,BB,D
14:33:05,UNVR,RG,4580,12,D,AR,DR,D
14:33:05,UNVR,RG,4580,4,D,AR,PD,D
14:33:03,UNVR,RG,4580,68,D,AR,BB,D
14:33:03,UNVR,RG,4580,54,D,AR,BB,D
14:33:03,UNVR,RG,4590,1,D,PD,YU,F
14:33:00,UNVR,RG,4580,46,D,AR,YU,F
14:33:00,UNVR,RG,4580,1,D,YP,YU,F
14:33:00,UNVR,RG,4580,20,D,YP,YU,F
14:33:00,UNVR,RG,4580,5,D,CC,YU,F
14:33:00,UNVR,RG,4580,10,D,HP,YU,F
14:33:00,UNVR,RG,4580,6,D,NI,YU,F
14:33:00,UNVR,RG,4580,36,D,LG,YU,F
14:32:48,UNVR,RG,4580,3,D,LG,BB,D
14:32:48,UNVR,RG,4590,1,D,PD,YU,F
14:32:44,UNVR,RG,4590,1,D,PD,YU,F
14:32:35,UNVR,RG,4580,2,D,LG,BB,D
14:32:28,UNVR,RG,4580,12,D,LG,BB,D
14:32:23,UNVR,RG,4580,42,D,LG,BB,D
14:32:23,UNVR,RG,4580,11,D,LG,DR,D
14:32:12,UNVR,RG,4580,1,D,LG,YP,D
14:32:10,UNVR,RG,4580,38,D,LG,YU,F
14:32:08,UNVR,RG,4580,52,D,LG,BB,D
14:32:08,UNVR,RG,4590,2,D,YP,YU,F
14:32:00,UNVR,RG,4580,53,D,LG,YU,F
14:31:57,UNVR,RG,4580,1,D,LG,BB,D
14:31:49,UNVR,RG,4580,349,D,LG,BB,D
14:31:49,UNVR,RG,4580,370,D,LG,BB,D
14:31:44,UNVR,RG,4580,21,D,LG,YU,F
14:31:43,UNVR,RG,4590,8,D,LG,YU,F
14:31:43,UNVR,RG,4590,11,D,LG,AK,F
14:31:43,UNVR,RG,4590,102,D,LG,YU,F
14:31:43,UNVR,RG,4590,15,D,LG,BK,F
14:31:43,UNVR,RG,4590,6,D,LG,ZP,F
14:31:43,UNVR,RG,4590,82,D,LG,YU,F
14:31:43,UNVR,RG,4590,37,D,LG,YU,F
14:31:43,UNVR,RG,4590,339,D,LG,YU,F
14:31:43,UNVR,RG,4590,244,D,LG,YU,F
14:31:43,UNVR,RG,4590,28,D,LG,CS,F
14:31:43,UNVR,RG,4590,154,D,LG,BB,D
14:31:43,UNVR,RG,4590,24,D,LG,CS,F
14:31:43,UNVR,RG,4590,33,D,LG,CS,F
14:31:43,UNVR,RG,4590,17,D,LG,CS,F
14:31:16,UNVR,RG,4590,4,D,PD,CS,F
14:31:11,UNVR,RG,4590,3,D,PD,CS,F
14:30:42,UNVR,RG,4580,7,D,LG,BB,D
14:30:29,UNVR,RG,4580,2,D,LG,BB,D
14:30:28,UNVR,RG,4580,5,D,LG,KK,D
14:30:15,UNVR,RG,4580,45,D,LG,BB,D
14:30:15,UNVR,RG,4580,50,D,LG,BB,D
14:30:15,UNVR,RG,4580,100,D,YU,BB,D
14:30:15,UNVR,RG,4580,2,D,CC,BB,D
14:30:15,UNVR,RG,4580,5,D,RO,BB,D
14:30:15,UNVR,RG,4580,5,D,YP,BB,D
14:30:15,UNVR,RG,4580,12,D,PD,BB,D
14:30:15,UNVR,RG,4580,1,D,SQ,BB,D
14:30:15,UNVR,RG,4580,4,D,CC,BB,D
14:30:10,UNVR,RG,4580,1,D,CC,YP,D
14:30:10,UNVR,RG,4580,2,D,XC,YP,D
14:30:10,UNVR,RG,4580,1,D,NI,YP,D
14:30:10,UNVR,RG,4580,35,D,YP,YP,D
14:30:10,UNVR,RG,4580,1,D,YP,YP,D
14:30:10,UNVR,RG,4580,1,D,GR,YP,D
14:30:10,UNVR,RG,4580,2,D,EP,YP,D
14:30:10,UNVR,RG,4580,5,D,OD,YP,D
14:30:10,UNVR,RG,4580,2,D,XL,YP,D
14:30:10,UNVR,RG,4580,80,D,SQ,YP,D
14:30:10,UNVR,RG,4580,80,D,CC,YP,D
14:30:10,UNVR,RG,4580,5,D,YP,YP,D
14:30:10,UNVR,RG,4580,1,D,XL,YP,D
14:30:10,UNVR,RG,4580,16,D,PD,YP,D
14:30:06,UNVR,RG,4580,28,D,PD,BB,D
14:30:03,UNVR,RG,4580,25,D,PD,DR,D
14:29:58,UNVR,RG,4580,2,D,PD,PD,D
14:29:54,UNVR,RG,4580,10,D,PD,BB,D
14:29:47,UNVR,RG,4580,169,D,PD,BB,D
14:29:47,UNVR,RG,4580,55,D,YB,BB,D
14:29:47,UNVR,RG,4580,1,D,YP,BB,D
14:29:47,UNVR,RG,4580,10,D,PD,BB,D
14:29:47,UNVR,RG,4580,1,D,PD,BB,D
14:29:47,UNVR,RG,4580,2,D,DH,BB,D
14:29:47,UNVR,RG,4580,1,D,YP,BB,D
14:29:47,UNVR,RG,4580,1,D,DH,BB,D
14:29:47,UNVR,RG,4580,3,D,KK,BB,D
14:29:47,UNVR,RG,4580,2,D,CC,BB,D
14:29:45,UNVR,RG,4590,9,F,AK,AK,F
14:29:45,UNVR,RG,4590,1,F,AK,BB,D
14:29:45,UNVR,RG,4590,600,D,LG,BB,D
14:29:45,UNVR,RG,4590,450,D,LG,BB,D
14:29:45,UNVR,RG,4590,50,D,LG,BB,D
14:29:45,UNVR,RG,4590,390,D,LG,BB,D
14:29:36,UNVR,RG,4590,43,D,LG,DR,D
14:29:36,UNVR,RG,4590,62,D,LG,CS,F
14:29:36,UNVR,RG,4590,50,D,LG,CS,F
14:29:36,UNVR,RG,4590,10,D,LG,AK,F
14:29:36,UNVR,RG,4590,10,D,LG,AK,F
14:29:36,UNVR,RG,4590,35,D,LG,AK,F
14:29:36,UNVR,RG,4590,4,D,LG,AK,F
14:29:36,UNVR,RG,4590,100,D,LG,YU,F
14:29:36,UNVR,RG,4590,87,D,LG,ZP,F
14:29:36,UNVR,RG,4590,161,D,LG,BK,F
14:29:36,UNVR,RG,4590,98,D,LG,YU,F
14:29:36,UNVR,RG,4590,50,D,LG,YU,F
14:29:36,UNVR,RG,4590,324,D,LG,YU,F
14:29:36,UNVR,RG,4590,107,D,LG,ZP,F
14:29:36,UNVR,RG,4590,104,D,LG,ZP,F
14:29:36,UNVR,RG,4590,65,D,LG,ZP,F
14:29:36,UNVR,RG,4590,32,D,LG,ZP,F
14:29:36,UNVR,RG,4590,100,D,LG,ZP,F
14:29:36,UNVR,RG,4590,108,D,LG,ZP,F
14:29:36,UNVR,RG,4590,102,D,LG,ZP,F
14:29:36,UNVR,RG,4590,54,D,LG,ZP,F
14:29:36,UNVR,RG,4590,54,D,LG,ZP,F
14:29:36,UNVR,RG,4590,15,D,LG,ZP,F
14:29:36,UNVR,RG,4590,10,D,LG,DR,D
14:29:36,UNVR,RG,4590,9,D,LG,CS,F
14:29:36,UNVR,RG,4590,2,D,LG,ZP,F
14:29:36,UNVR,RG,4590,7,D,LG,YU,D
14:29:36,UNVR,RG,4590,7,D,LG,YU,D
14:29:29,UNVR,RG,4580,4,D,CC,BB,D
14:29:23,UNVR,RG,4590,2,D,YP,YU,D
14:29:23,UNVR,RG,4580,4,D,CC,BB,D
14:29:23,UNVR,RG,4580,9,D,YP,BB,D
14:29:23,UNVR,RG,4580,5,D,YP,BB,D
14:29:23,UNVR,RG,4580,5,D,YP,BB,D
14:29:23,UNVR,RG,4580,20,D,KK,BB,D
14:29:23,UNVR,RG,4580,2,D,PD,BB,D
14:29:23,UNVR,RG,4580,1,D,PD,BB,D
14:29:23,UNVR,RG,4580,1,D,CC,BB,D
14:29:23,UNVR,RG,4580,12,D,YP,BB,D
14:29:23,UNVR,RG,4580,1,D,YP,BB,D
14:29:23,UNVR,RG,4580,10,D,KK,BB,D
14:29:23,UNVR,RG,4580,1,D,PD,BB,D
14:29:23,UNVR,RG,4580,50,D,YP,BB,D
14:29:23,UNVR,RG,4580,50,D,YP,BB,D
14:29:23,UNVR,RG,4580,10,D,RO,BB,D
14:29:23,UNVR,RG,4580,242,D,YP,BB,D
14:29:18,UNVR,RG,4590,1,D,CC,BK,F
14:29:18,UNVR,RG,4590,30,D,EP,BK,F
14:29:18,UNVR,RG,4590,1,D,YP,BK,F
14:29:18,UNVR,RG,4590,200,D,AR,BK,F
14:29:18,UNVR,RG,4590,17,F,ZP,BK,F
14:29:18,UNVR,RG,4590,100,D,AR,BK,F
14:29:18,UNVR,RG,4590,1,D,XC,BK,F
14:29:18,UNVR,RG,4590,90,D,AR,BK,F
14:29:12,UNVR,RG,4590,60,D,AR,BB,D
14:29:12,UNVR,RG,4590,1,D,XC,BB,D
14:29:12,UNVR,RG,4590,6,D,PD,BB,D
14:29:12,UNVR,RG,4590,1,D,XC,BB,D
14:29:12,UNVR,RG,4590,3,D,CC,BB,D
14:29:12,UNVR,RG,4590,10,D,YP,BB,D
14:29:04,UNVR,RG,4590,23,D,YP,DR,D
14:29:04,UNVR,RG,4590,2,D,EP,DR,D
14:29:04,UNVR,RG,4590,5,F,AK,DR,D
14:29:04,UNVR,RG,4590,1,F,AK,DR,D
14:29:04,UNVR,RG,4590,4,D,DH,DR,D
14:29:03,UNVR,RG,4590,1,D,DH,CS,F
14:29:03,UNVR,RG,4590,32,D,LG,CS,F
14:29:03,UNVR,RG,4590,133,D,LG,BB,D
14:29:03,UNVR,RG,4590,16,D,LG,BK,F
14:28:31,UNVR,RG,4590,7,D,LG,YP,D
14:28:29,UNVR,RG,4590,37,D,LG,YU,F
14:28:28,UNVR,RG,4590,90,D,LG,ZP,F
14:28:26,UNVR,RG,4590,51,D,LG,BB,D
14:28:25,UNVR,RG,4590,7,D,LG,ZP,F
14:28:22,UNVR,RG,4590,14,D,LG,BK,F
14:28:18,UNVR,RG,4590,49,D,LG,BB,D
14:28:18,UNVR,RG,4590,31,D,LG,YU,F
14:28:17,UNVR,RG,4590,50,D,LG,FS,D
14:28:07,UNVR,RG,4590,24,D,LG,BB,D
14:27:59,UNVR,RG,4590,6,D,LG,YU,D
14:27:51,UNVR,RG,4590,53,D,LG,BB,D
14:27:51,UNVR,RG,4590,29,D,LG,BB,D
14:27:51,UNVR,RG,4590,17,D,LG,YU,D
14:27:47,UNVR,RG,4590,25,D,LG,YU,F
14:27:46,UNVR,RG,4590,59,D,LG,CS,F
14:27:42,UNVR,RG,4590,17,D,LG,BB,D
14:27:38,UNVR,RG,4590,16,D,LG,BK,F
14:27:31,UNVR,RG,4590,2,D,LG,BB,D
14:27:19,UNVR,RG,4590,1,D,LG,BB,D
14:27:09,UNVR,RG,4590,2,D,LG,BB,D
14:26:57,UNVR,RG,4590,20,D,LG,BB,D
14:26:50,UNVR,RG,4590,19,D,LG,YU,F
14:26:43,UNVR,RG,4590,62,D,LG,BB,D
14:26:36,UNVR,RG,4590,42,D,LG,YU,F
14:26:36,UNVR,RG,4590,22,D,LG,BK,F
14:26:33,UNVR,RG,4590,117,D,LG,BB,D
14:26:33,UNVR,RG,4590,4,D,LG,BB,D
14:26:17,UNVR,RG,4590,1,D,LG,BB,D
14:26:17,UNVR,RG,4590,3,D,LG,YP,D
14:26:16,UNVR,RG,4590,42,D,LG,YU,F
14:26:16,UNVR,RG,4590,3,F,AK,YU,F
14:26:16,UNVR,RG,4590,5,D,PD,YU,F
14:26:16,UNVR,RG,4590,1,D,XC,YU,F
14:26:16,UNVR,RG,4590,1,D,CC,YU,F
14:26:16,UNVR,RG,4590,14,F,AK,YU,F
14:26:16,UNVR,RG,4590,54,D,LG,YU,F
14:26:06,UNVR,RG,4590,70,D,LG,BB,D
14:25:56,UNVR,RG,4590,15,D,LG,DR,D
14:25:54,UNVR,RG,4590,57,D,LG,DR,D
14:25:53,UNVR,RG,4590,17,D,LG,BB,D
14:25:47,UNVR,RG,4590,89,D,LG,BB,D
14:25:47,UNVR,RG,4590,16,D,LG,BK,F
14:25:27,UNVR,RG,4600,20,D,LG,YU,F
14:25:25,UNVR,RG,4590,5,D,LG,BB,D
14:25:25,UNVR,RG,4590,70,D,LG,CS,F
14:25:20,UNVR,RG,4590,4,D,LG,ZP,F
14:25:17,UNVR,RG,4590,18,D,LG,BB,D
14:25:08,UNVR,RG,4590,1,D,LG,BB,D
14:25:00,UNVR,RG,4590,1,D,LG,BB,D
14:25:00,UNVR,RG,4590,16,D,LG,BK,F
14:24:43,UNVR,RG,4590,63,D,LG,BB,D
14:24:31,UNVR,RG,4590,8,D,LG,YP,D
14:24:28,UNVR,RG,4590,56,D,LG,YP,D
14:24:26,UNVR,RG,4590,40,D,LG,BB,D
14:24:26,UNVR,RG,4590,8,D,LG,BB,D
14:24:23,UNVR,RG,4590,14,D,LG,DR,D
14:24:22,UNVR,RG,4590,18,D,LG,DR,D
14:24:16,UNVR,RG,4590,6,D,LG,BB,D
14:24:15,UNVR,RG,4590,16,D,LG,BK,F
14:23:57,UNVR,RG,4590,3,D,LG,PD,D
14:23:54,UNVR,RG,4590,53,D,LG,BB,D
14:23:50,UNVR,RG,4590,44,D,LG,YU,F
14:23:42,UNVR,RG,4590,204,D,LG,BB,D
14:23:42,UNVR,RG,4590,10,D,LG,EP,D
14:23:30,UNVR,RG,4590,1,D,LG,XL,D
14:23:28,UNVR,RG,4590,73,D,LG,YU,F
14:23:28,UNVR,RG,4590,3,D,LG,YU,F
14:23:25,UNVR,RG,4590,47,D,LG,CC,D
14:23:25,UNVR,RG,4590,1,D,YP,CC,D
14:23:25,UNVR,RG,4590,1,D,CC,CC,D
14:23:25,UNVR,RG,4590,1,D,AZ,CC,D
14:23:25,UNVR,RG,4590,3,D,YP,CC,D
14:23:25,UNVR,RG,4590,16,F,ZP,CC,D
14:23:25,UNVR,RG,4590,1,D,PD,CC,D
14:23:25,UNVR,RG,4590,2,D,PD,CC,D
14:23:25,UNVR,RG,4590,1,D,XC,CC,D
14:23:25,UNVR,RG,4590,3,D,XC,CC,D
14:23:25,UNVR,RG,4590,17,F,ZP,CC,D
14:23:25,UNVR,RG,4590,5,D,CC,CC,D
14:23:25,UNVR,RG,4590,2,D,XL,CC,D
14:23:24,UNVR,RG,4590,10,D,YP,BB,D
14:23:24,UNVR,RG,4590,10,D,YP,BB,D
14:23:24,UNVR,RG,4590,6,D,YU,BB,D
14:23:24,UNVR,RG,4590,10,D,ZP,BB,D
14:23:24,UNVR,RG,4590,1,D,PD,BB,D
14:23:24,UNVR,RG,4590,5,D,CC,BB,D
14:23:24,UNVR,RG,4590,5,D,PD,BB,D
14:23:24,UNVR,RG,4590,1,F,AK,BB,D
14:23:24,UNVR,RG,4590,4,D,PD,BB,D
14:23:24,UNVR,RG,4590,1,D,PD,BB,D
14:23:24,UNVR,RG,4590,1,D,ZP,BB,D
14:23:24,UNVR,RG,4590,9,F,AK,BB,D
14:23:24,UNVR,RG,4590,1,F,AK,BB,D
14:23:24,UNVR,RG,4590,10,D,YP,BB,D
14:23:24,UNVR,RG,4590,5,D,YP,BB,D
14:23:24,UNVR,RG,4590,18,D,LG,BB,D
14:23:23,UNVR,RG,4590,34,D,LG,DR,D
14:23:18,UNVR,RG,4590,8,D,LG,BB,D
14:23:18,UNVR,RG,4590,100,D,LG,FS,D
14:22:55,UNVR,RG,4590,5,D,LG,ZP,F
14:22:49,UNVR,RG,4590,20,D,LG,BB,D
14:22:46,UNVR,RG,4590,9,D,LG,YP,D
14:22:40,UNVR,RG,4590,1,D,LG,BB,D
14:22:39,UNVR,RG,4590,10,D,LG,XC,D
14:22:25,UNVR,RG,4590,3,D,LG,BB,D
14:22:15,UNVR,RG,4590,15,D,LG,BB,D
14:22:15,UNVR,RG,4600,1,F,AK,YU,F
14:22:02,UNVR,RG,4590,21,D,LG,BB,D
14:22:02,UNVR,RG,4590,13,D,LG,NI,D
14:21:54,UNVR,RG,4590,1,D,LG,BB,D
14:21:54,UNVR,RG,4590,20,D,LG,EP,D
14:21:46,UNVR,RG,4590,30,D,LG,BB,D
14:21:30,UNVR,RG,4590,18,D,LG,BB,D
14:21:30,UNVR,RG,4590,30,D,LG,EP,D
14:21:26,UNVR,RG,4590,17,D,LG,YU,D
14:21:25,UNVR,RG,4590,147,D,LG,BB,D
14:21:19,UNVR,RG,4590,80,D,LG,YP,D
14:21:19,UNVR,RG,4590,28,D,LG,YP,D
14:21:15,UNVR,RG,4590,10,D,LG,KK,D
14:21:15,UNVR,RG,4590,35,D,LG,EP,D
14:21:07,UNVR,RG,4590,5,D,LG,BB,D
14:20:36,UNVR,RG,4590,109,D,LG,BB,D
14:20:30,UNVR,RG,4590,112,D,LG,EP,D
14:20:24,UNVR,RG,4590,2,D,LG,BB,D
14:20:24,UNVR,RG,4590,1,D,LG,ZP,F
14:20:21,UNVR,RG,4590,26,D,LG,BB,D
14:20:21,UNVR,RG,4590,1,D,LG,DR,D
14:20:06,UNVR,RG,4590,24,D,LG,DR,D
14:20:06,UNVR,RG,4590,74,D,LG,BB,D
14:19:51,UNVR,RG,4590,23,D,LG,DR,D
14:19:51,UNVR,RG,4590,2,D,LG,DR,D
14:19:47,UNVR,RG,4590,2,D,LG,BB,D
14:19:46,UNVR,RG,4590,46,D,LG,EP,D
14:19:46,UNVR,RG,4590,4,F,AK,EP,D
14:19:31,UNVR,RG,4590,1,F,AK,BB,D
14:19:31,UNVR,RG,4590,1,D,NI,BB,D
14:19:31,UNVR,RG,4590,6,D,AZ,BB,D
14:19:15,UNVR,RG,4590,4,D,AZ,ZP,F
14:19:15,UNVR,RG,4590,1,D,KK,ZP,F
14:19:09,UNVR,RG,4590,2,D,KK,BB,D
14:18:57,UNVR,RG,4590,7,D,KK,BB,D
14:18:39,UNVR,RG,4600,1,D,XC,YU,F
14:18:31,UNVR,RG,4590,2,D,KK,BB,D
14:18:31,UNVR,RG,4590,1,D,KK,SQ,D
14:18:23,UNVR,RG,4600,1,D,XC,YU,F
14:18:22,UNVR,RG,4590,2,D,KK,BB,D
14:18:12,UNVR,RG,4590,17,D,KK,BB,D
14:18:05,UNVR,RG,4590,1,D,KK,BB,D
14:18:05,UNVR,RG,4600,15,F,AK,YU,F
14:17:47,UNVR,RG,4590,2,D,KK,BB,D
14:17:39,UNVR,RG,4590,1,D,YP,BB,D
14:17:39,UNVR,RG,4590,1,D,YP,DR,D
14:17:33,UNVR,RG,4590,32,D,YP,BB,D
14:17:16,UNVR,RG,4590,29,D,YP,ZP,F
14:17:16,UNVR,RG,4590,1,D,YP,BB,D
14:17:03,UNVR,RG,4590,33,D,YP,BB,D
14:16:58,UNVR,RG,4590,13,D,YP,CC,D
14:16:58,UNVR,RG,4590,1,D,XL,CC,D
14:16:58,UNVR,RG,4590,1,D,XC,CC,D
14:16:58,UNVR,RG,4590,60,D,YP,CC,D
14:16:49,UNVR,RG,4600,19,D,PD,YU,F
14:16:49,UNVR,RG,4600,1,D,PD,CS,F
14:15:54,UNVR,RG,4600,11,D,SQ,CS,F
14:15:24,UNVR,RG,4590,15,D,YP,XC,D
14:15:13,UNVR,RG,4590,10,D,YP,YB,D
14:15:11,UNVR,RG,4590,10,D,YP,XL,D
14:15:06,UNVR,RG,4590,14,D,YP,YU,D
14:15:06,UNVR,RG,4590,12,D,YP,XC,D
14:14:37,UNVR,RG,4600,10,D,CC,CS,F
14:13:42,UNVR,RG,4600,1,D,PD,CS,F
14:13:32,UNVR,RG,4590,1,D,YP,CC,D
14:13:19,UNVR,RG,4590,30,D,YP,CC,D
14:13:13,UNVR,RG,4600,1,D,XC,CS,F
14:12:59,UNVR,RG,4590,1,D,YP,KK,D
14:12:39,UNVR,RG,4600,17,D,DR,CS,F
14:12:39,UNVR,RG,4600,1,D,DR,EP,D
14:12:39,UNVR,RG,4600,14,D,DR,BK,F
14:12:39,UNVR,RG,4600,18,D,DR,ZP,F
14:12:03,UNVR,RG,4590,10,D,YP,DR,D
14:10:55,UNVR,RG,4590,1,D,YP,PD,D
14:10:18,UNVR,RG,4590,2,D,YP,XL,D
14:10:13,UNVR,RG,4600,1,D,SQ,ZP,F
14:09:43,UNVR,RG,4600,7,D,EP,ZP,F
14:09:25,UNVR,RG,4590,5,D,YP,XC,D
14:09:14,UNVR,RG,4590,82,D,YP,BB,D
14:09:12,UNVR,RG,4590,224,D,YP,BB,D
14:09:12,UNVR,RG,4590,5,D,YP,BB,D
14:09:12,UNVR,RG,4590,1,D,YP,BB,D
14:09:12,UNVR,RG,4590,200,D,AR,BB,D
14:09:12,UNVR,RG,4590,100,D,AR,BB,D
14:09:12,UNVR,RG,4590,100,D,AR,BB,D
14:09:12,UNVR,RG,4590,1,D,YP,BB,D
14:09:12,UNVR,RG,4590,5,D,YP,BB,D
14:09:12,UNVR,RG,4590,10,D,YP,BB,D
14:09:12,UNVR,RG,4590,1,D,PD,BB,D
14:09:12,UNVR,RG,4590,5,D,NI,BB,D
14:09:12,UNVR,RG,4590,11,D,XC,BB,D
14:09:12,UNVR,RG,4590,2,D,YP,BB,D
14:09:12,UNVR,RG,4590,308,D,LS,BB,D
14:09:11,UNVR,RG,4600,72,D,EP,ZP,F
14:09:11,UNVR,RG,4600,5,D,EP,CS,F
14:09:11,UNVR,RG,4600,5,D,EP,BB,D
14:09:04,UNVR,RG,4600,17,F,ZP,BB,D
14:09:04,UNVR,RG,4600,26,D,LG,BB,D
14:09:03,UNVR,RG,4600,5,D,LG,OD,D
14:08:57,UNVR,RG,4600,10,D,LG,YP,D
14:08:57,UNVR,RG,4600,20,D,LG,PD,D
14:08:57,UNVR,RG,4600,23,D,LG,BK,F
14:08:57,UNVR,RG,4600,43,D,LG,YB,D
14:08:57,UNVR,RG,4600,1,D,LG,YU,F
14:08:57,UNVR,RG,4600,15,D,LG,PD,D
14:08:57,UNVR,RG,4600,80,D,LG,ZP,F
14:08:57,UNVR,RG,4600,57,D,LG,CS,F
14:08:57,UNVR,RG,4600,170,D,LG,YU,F
14:08:57,UNVR,RG,4600,22,D,LG,PD,D
14:08:57,UNVR,RG,4600,100,D,LG,FS,D
14:08:57,UNVR,RG,4600,14,D,LG,BK,F
14:08:57,UNVR,RG,4600,14,D,LG,AK,F
14:08:57,UNVR,RG,4600,7,D,LG,AK,F
14:08:57,UNVR,RG,4600,96,D,LG,BB,F
14:08:57,UNVR,RG,4600,17,D,LG,CS,F
14:08:57,UNVR,RG,4600,23,D,LG,CS,F
14:08:57,UNVR,RG,4600,192,D,LG,YU,F
14:08:57,UNVR,RG,4600,115,D,LG,ZP,F
14:08:57,UNVR,RG,4600,6,D,LG,ZP,F
14:08:57,UNVR,RG,4600,10,D,LG,YP,D
14:08:57,UNVR,RG,4600,15,D,LG,XA,D
14:08:57,UNVR,RG,4600,19,D,LG,BB,D
14:08:33,UNVR,RG,4590,1,D,LS,BB,D
14:08:33,UNVR,RG,4590,16,D,LS,YU,D
14:08:26,UNVR,RG,4590,21,D,LS,BB,D
14:08:03,UNVR,RG,4600,20,D,DR,XA,D
14:07:59,UNVR,RG,4590,2,D,LS,BB,D
14:07:37,UNVR,RG,4590,1,D,LS,BB,D
14:07:36,UNVR,RG,4590,8,D,LS,BB,D
14:07:11,UNVR,RG,4590,2,D,LS,BB,D
14:07:11,UNVR,RG,4590,6,D,LS,XC,D
14:07:03,UNVR,RG,4590,2,D,LS,BB,D
14:06:26,UNVR,RG,4590,2,D,LS,BB,D
14:06:23,UNVR,RG,4590,1,D,LS,EP,D
14:06:16,UNVR,RG,4590,11,D,LS,BB,D
14:06:06,UNVR,RG,4590,50,D,LS,BB,D
14:06:06,UNVR,RG,4600,10,D,TP,XA,D
14:06:02,UNVR,RG,4590,50,D,LS,CC,D
14:05:50,UNVR,RG,4590,1,D,LS,BB,D
14:05:10,UNVR,RG,4590,1,D,LS,XC,D
14:04:14,UNVR,RG,4590,1,D,LS,BB,D
14:04:00,UNVR,RG,4590,2,D,LS,BB,D
14:03:50,UNVR,RG,4590,1,D,LS,BB,D
14:03:36,UNVR,RG,4590,2,D,LS,BB,D
14:03:32,UNVR,RG,4590,824,D,LS,BB,D
14:03:32,UNVR,RG,4600,1,D,YP,BB,D
14:03:32,UNVR,RG,4600,65,D,LG,BB,D
14:03:21,UNVR,RG,4600,19,D,LG,XC,D
14:03:20,UNVR,RG,4600,2,D,LG,BB,D
14:03:20,UNVR,RG,4600,49,D,LG,CS,F
14:03:20,UNVR,RG,4600,1,D,LG,NI,D
14:03:20,UNVR,RG,4600,3,D,LG,NI,D
14:03:20,UNVR,RG,4600,1,D,LG,PD,D
14:03:20,UNVR,RG,4600,5,D,LG,XC,D
14:03:20,UNVR,RG,4600,17,D,LG,BK,F
14:03:20,UNVR,RG,4600,10,D,LG,PD,D
14:03:20,UNVR,RG,4600,109,D,LG,BB,F
14:03:20,UNVR,RG,4600,40,D,LG,YP,D
14:03:20,UNVR,RG,4600,279,D,LG,YU,F
14:03:20,UNVR,RG,4600,67,D,LG,YU,F
14:03:20,UNVR,RG,4600,200,D,LG,CC,D
14:03:20,UNVR,RG,4600,57,D,LG,BB,D
14:03:20,UNVR,RG,4600,12,D,LG,BB,F
14:03:20,UNVR,RG,4600,9,D,LG,CS,F
14:03:20,UNVR,RG,4600,41,D,LG,CS,F
14:03:20,UNVR,RG,4600,32,D,LG,CS,F
14:03:20,UNVR,RG,4600,32,D,LG,ZP,F
14:03:20,UNVR,RG,4600,50,D,LG,ZP,F
14:03:10,UNVR,RG,4590,1,D,LS,BB,D
14:02:49,UNVR,RG,4590,7,D,LS,BB,D
14:02:38,UNVR,RG,4590,2,D,LS,BB,D
14:02:38,UNVR,RG,4590,6,D,LS,CC,D
14:02:32,UNVR,RG,4590,21,D,LS,BB,D
14:02:24,UNVR,RG,4590,4,D,LS,BQ,D
14:02:19,UNVR,RG,4590,2,D,LS,BB,D
14:02:19,UNVR,RG,4590,17,D,LS,YU,D
14:02:02,UNVR,RG,4590,5,D,LS,BB,D
14:01:58,UNVR,RG,4600,4,D,KK,ZP,F
14:01:47,UNVR,RG,4590,122,D,LS,BB,D
14:01:47,UNVR,RG,4590,3,D,XL,BB,D
14:01:36,UNVR,RG,4590,38,F,AK,BB,D
14:01:36,UNVR,RG,4600,383,D,LG,BB,D
14:01:36,UNVR,RG,4600,217,D,LG,BB,D
14:01:36,UNVR,RG,4600,73,D,LG,BB,D
14:01:36,UNVR,RG,4600,12,D,LG,AK,F
14:01:36,UNVR,RG,4600,9,D,LG,AK,F
14:01:36,UNVR,RG,4600,24,D,LG,BK,F
14:01:36,UNVR,RG,4600,25,D,LG,CS,F
14:01:36,UNVR,RG,4600,50,D,LG,PD,D
14:01:36,UNVR,RG,4600,69,D,LG,BB,F
14:01:36,UNVR,RG,4600,10,D,LG,KK,D
14:01:36,UNVR,RG,4600,5,D,LG,XC,D
14:01:36,UNVR,RG,4600,2,D,LG,CS,F
14:01:36,UNVR,RG,4600,23,D,LG,CS,F
14:01:36,UNVR,RG,4600,148,D,LG,YU,F
14:01:36,UNVR,RG,4600,50,D,LG,YU,F
14:01:30,UNVR,RG,4600,2,F,AK,YU,F
14:01:29,UNVR,RG,4600,2,F,AK,YU,F
14:01:29,UNVR,RG,4600,4,F,AK,YU,F
14:01:29,UNVR,RG,4600,9,F,AK,YU,F
14:01:29,UNVR,RG,4600,17,F,AK,YU,F
14:01:28,UNVR,RG,4600,35,F,AK,YU,F
14:01:28,UNVR,RG,4600,70,F,AK,YU,F
14:01:28,UNVR,RG,4600,80,F,AK,YU,F
14:01:28,UNVR,RG,4600,59,F,AK,BB,F
14:01:28,UNVR,RG,4590,1,F,AK,BB,D
14:01:28,UNVR,RG,4600,34,D,LG,BB,F
14:01:28,UNVR,RG,4600,464,D,LG,BB,D
14:01:28,UNVR,RG,4600,59,D,LG,BB,F
14:01:28,UNVR,RG,4600,43,D,LG,ZP,F
14:01:28,UNVR,RG,4600,31,D,LG,ZP,F
14:01:28,UNVR,RG,4600,78,D,LG,ZP,F
14:01:28,UNVR,RG,4600,93,D,LG,ZP,F
14:01:28,UNVR,RG,4600,85,D,LG,ZP,F
14:01:28,UNVR,RG,4600,114,D,LG,ZP,F
14:01:28,UNVR,RG,4600,31,D,LG,CS,F
14:01:28,UNVR,RG,4600,9,D,LG,AK,F
14:01:28,UNVR,RG,4600,8,D,LG,AK,F
14:01:28,UNVR,RG,4600,1,D,LG,AK,F
14:01:28,UNVR,RG,4600,13,D,LG,AK,F
14:01:28,UNVR,RG,4600,37,D,LG,BK,F
14:01:22,UNVR,RG,4590,4,F,AK,BB,D
14:01:12,UNVR,RG,4590,2,F,AK,CP,D
14:01:00,UNVR,RG,4590,2,F,AK,BB,D
14:00:53,UNVR,RG,4600,1,D,YP,BK,F
14:00:49,UNVR,RG,4590,1,F,AK,BB,D
14:00:45,UNVR,RG,4590,49,F,AK,BB,D
14:00:45,UNVR,RG,4590,1,D,XL,BB,D
14:00:45,UNVR,RG,4590,54,D,OD,BB,D
14:00:45,UNVR,RG,4590,1,D,CC,BB,D
14:00:45,UNVR,RG,4590,40,D,YP,BB,D
14:00:45,UNVR,RG,4590,10,D,CC,BB,D
14:00:45,UNVR,RG,4590,1,D,XC,BB,D
14:00:45,UNVR,RG,4590,1,D,YP,BB,D
14:00:45,UNVR,RG,4590,2,D,XC,BB,D
14:00:45,UNVR,RG,4590,1,D,CC,BB,D
14:00:45,UNVR,RG,4590,2,D,XC,BB,D
14:00:45,UNVR,RG,4590,3,D,XC,BB,D
14:00:45,UNVR,RG,4590,3,D,XC,BB,D
14:00:45,UNVR,RG,4590,1,D,CC,BB,D
14:00:45,UNVR,RG,4590,2,D,CC,BB,D
14:00:45,UNVR,RG,4590,3,D,PD,BB,D
14:00:45,UNVR,RG,4590,2,D,PD,BB,D
14:00:45,UNVR,RG,4590,4,D,YP,BB,D
14:00:45,UNVR,RG,4590,6,D,PD,BB,D
14:00:45,UNVR,RG,4590,1,D,DR,BB,D
14:00:45,UNVR,RG,4590,12,D,PD,BB,D
14:00:45,UNVR,RG,4590,50,D,PD,BB,D
14:00:45,UNVR,RG,4590,2,D,KK,BB,D
14:00:45,UNVR,RG,4590,1,D,NI,BB,D
14:00:45,UNVR,RG,4590,1,D,GR,BB,D
14:00:45,UNVR,RG,4590,10,D,DH,BB,D
14:00:45,UNVR,RG,4590,30,D,EP,BB,D
14:00:45,UNVR,RG,4590,10,D,YP,BB,D
14:00:45,UNVR,RG,4590,2,D,PD,BB,D
14:00:45,UNVR,RG,4590,10,D,LG,BB,D
14:00:45,UNVR,RG,4590,2,D,NI,BB,D
14:00:45,UNVR,RG,4590,10,D,XC,BB,D
14:00:45,UNVR,RG,4590,10,D,XC,BB,D
14:00:45,UNVR,RG,4590,30,D,YP,BB,D
14:00:45,UNVR,RG,4590,2,D,YP,BB,D
14:00:45,UNVR,RG,4590,2,D,YP,BB,D
14:00:31,UNVR,RG,4600,56,F,AK,BK,F
14:00:31,UNVR,RG,4600,102,F,AK,BB,D
14:00:31,UNVR,RG,4600,12,F,AK,BB,F
14:00:31,UNVR,RG,4600,10,F,AK,AK,F
14:00:31,UNVR,RG,4600,9,F,AK,AK,F
14:00:31,UNVR,RG,4600,56,F,AK,CS,F
14:00:31,UNVR,RG,4600,100,F,AK,ZP,F
14:00:31,UNVR,RG,4600,74,F,AK,ZP,F
14:00:31,UNVR,RG,4600,73,F,AK,ZP,F
14:00:31,UNVR,RG,4600,81,F,AK,ZP,F
14:00:28,UNVR,RG,4600,7,F,AK,BB,D
14:00:28,UNVR,RG,4600,2,D,IU,BB,D
14:00:28,UNVR,RG,4600,40,D,PD,BB,D
14:00:27,UNVR,RG,4600,2,D,PD,CS,F
14:00:27,UNVR,RG,4600,8,D,PD,BK,F
14:00:27,UNVR,RG,4600,1,D,XC,BK,F
14:00:27,UNVR,RG,4600,6,F,ZP,BK,F
14:00:22,UNVR,RG,4600,3,F,ZP,CS,F
14:00:22,UNVR,RG,4600,8,F,ZP,YU,F
14:00:22,UNVR,RG,4600,1,F,AK,YU,F
14:00:22,UNVR,RG,4600,20,D,YP,YU,F
14:00:22,UNVR,RG,4600,1,F,BK,YU,F
14:00:22,UNVR,RG,4600,5,F,AK,YU,F
14:00:22,UNVR,RG,4600,7,D,LG,YU,F
14:00:20,UNVR,RG,4600,1,D,LG,ZP,F
14:00:15,UNVR,RG,4600,186,D,LG,BB,D
14:00:15,UNVR,RG,4600,4,D,LG,XC,D
14:00:12,UNVR,RG,4600,75,D,LG,YU,F
14:00:12,UNVR,RG,4600,12,D,LG,CS,F
14:00:03,UNVR,RG,4610,45,D,TP,CC,D
14:00:03,UNVR,RG,4610,55,D,TP,AZ,D
14:00:01,UNVR,RG,4600,1,D,LG,BB,D
14:00:01,UNVR,RG,4600,4,D,LG,YP,D
13:59:55,UNVR,RG,4600,168,D,LG,BB,D
13:59:48,UNVR,RG,4600,71,D,LG,YU,F
13:59:48,UNVR,RG,4600,1,D,LG,BB,D
13:59:48,UNVR,RG,4600,2,D,LG,ZP,F
13:59:47,UNVR,RG,4600,68,D,LG,FS,D
13:59:47,UNVR,RG,4600,32,D,LG,FS,D
13:59:35,UNVR,RG,4600,183,D,LG,BB,D
13:59:31,UNVR,RG,4600,108,D,LG,SQ,D
13:59:31,UNVR,RG,4600,28,D,LG,CS,F
13:59:22,UNVR,RG,4600,53,D,LG,YU,F
13:59:21,UNVR,RG,4600,46,D,LG,BB,D
13:59:21,UNVR,RG,4600,50,D,LG,BB,D
13:59:21,UNVR,RG,4600,1,D,NI,BB,D
13:59:21,UNVR,RG,4600,8,F,YU,BB,D
13:59:20,UNVR,RG,4600,2,F,YU,AG,D
13:59:20,UNVR,RG,4600,6,D,AZ,AG,D
13:59:19,UNVR,RG,4600,4,D,AZ,XL,D
13:59:19,UNVR,RG,4600,15,D,PD,XL,D
13:59:19,UNVR,RG,4600,5,F,AK,XL,D
13:59:19,UNVR,RG,4600,1,F,AK,XL,D
13:59:19,UNVR,RG,4600,74,D,LG,XL,D
13:59:15,UNVR,RG,4600,27,D,LG,BB,D
13:58:55,UNVR,RG,4600,2,D,LG,YP,D
13:58:54,UNVR,RG,4600,83,D,LG,BB,D
13:58:54,UNVR,RG,4600,25,D,LG,YU,F
13:58:49,UNVR,RG,4600,85,D,LG,ZP,F
13:58:47,UNVR,RG,4600,15,D,LG,BB,D
13:58:43,UNVR,RG,4600,23,D,LG,BB,D
13:58:43,UNVR,RG,4600,15,D,LG,BK,F
13:58:29,UNVR,RG,4600,2,D,LG,ZP,F
13:58:28,UNVR,RG,4600,19,D,LG,YU,F
13:58:23,UNVR,RG,4600,1,D,LG,BB,D
13:58:23,UNVR,RG,4600,2,D,LG,YP,D
13:58:18,UNVR,RG,4600,11,D,LG,BB,D
13:58:10,UNVR,RG,4600,16,D,LG,BB,D
13:58:10,UNVR,RG,4610,10,D,AZ,AZ,D
13:57:57,UNVR,RG,4600,15,D,LG,CS,F
13:57:54,UNVR,RG,4600,45,D,LG,BB,D
13:57:54,UNVR,RG,4600,1,D,LG,PD,D
13:57:44,UNVR,RG,4600,13,D,LG,YU,F
13:57:42,UNVR,RG,4610,1,D,NI,AZ,D
13:57:37,UNVR,RG,4600,10,D,LG,YP,D
13:57:37,UNVR,RG,4600,31,D,LG,BB,D
13:57:37,UNVR,RG,4600,21,D,LG,PD,D
13:57:22,UNVR,RG,4600,21,D,LG,YU,F
13:57:21,UNVR,RG,4600,43,D,LG,BB,D
13:57:21,UNVR,RG,4600,22,D,LG,BB,D
13:57:21,UNVR,RG,4600,10,D,LG,YP,D
13:57:10,UNVR,RG,4600,10,D,LG,DH,D
13:57:10,UNVR,RG,4600,14,D,LG,BK,F
13:57:06,UNVR,RG,4600,19,D,LG,CS,F
13:57:04,UNVR,RG,4600,22,D,LG,YU,F
13:57:01,UNVR,RG,4600,51,D,LG,BB,D
13:56:55,UNVR,RG,4610,7,D,YP,AZ,D
13:56:54,UNVR,RG,4600,32,D,LG,BB,D
13:56:54,UNVR,RG,4600,2,D,LG,ZP,F
13:56:53,UNVR,RG,4600,44,D,LG,CP,D
13:56:50,UNVR,RG,4600,21,D,LG,YU,F
13:56:48,UNVR,RG,4600,10,D,LG,DH,D
13:56:33,UNVR,RG,4600,26,D,LG,BB,D
13:56:24,UNVR,RG,4600,3,D,LG,PD,D
13:56:24,UNVR,RG,4600,20,D,LG,NI,D
13:56:24,UNVR,RG,4600,56,D,LG,BB,D
13:56:24,UNVR,RG,4600,3,D,LG,PD,D
13:56:21,UNVR,RG,4600,23,D,LG,YU,F
13:56:13,UNVR,RG,4600,34,D,LG,HP,D
13:56:11,UNVR,RG,4600,28,D,LG,BB,D
13:56:11,UNVR,RG,4600,22,D,LG,BB,D
13:56:07,UNVR,RG,4600,2,D,LG,YP,D
13:56:04,UNVR,RG,4600,26,D,LG,CS,F
13:56:04,UNVR,RG,4600,1,D,DH,CS,F
13:56:00,UNVR,RG,4600,18,D,YP,BB,D
13:56:00,UNVR,RG,4600,21,D,YP,YU,F
13:55:36,UNVR,RG,4600,16,D,YP,BB,D
13:55:36,UNVR,RG,4600,17,D,YP,YU,D
13:55:29,UNVR,RG,4600,4,D,YP,BB,D
13:55:29,UNVR,RG,4600,15,D,YP,BK,F
13:55:17,UNVR,RG,4600,19,D,YP,BB,D
13:55:17,UNVR,RG,4600,5,D,YU,BB,D
13:55:17,UNVR,RG,4600,2,D,IF,BB,D
13:55:17,UNVR,RG,4600,2,D,IF,ZP,F
13:55:17,UNVR,RG,4600,1,F,AK,ZP,F
13:55:01,UNVR,RG,4600,1,F,AK,HP,D
13:54:57,UNVR,RG,4600,3,F,AK,BB,D
13:54:57,UNVR,RG,4600,1,F,AK,BB,D
13:54:57,UNVR,RG,4600,9,D,LG,BB,D
13:54:57,UNVR,RG,4600,25,D,LG,EP,D
13:54:50,UNVR,RG,4600,13,D,LG,YU,F
13:54:50,UNVR,RG,4600,21,D,LG,BB,D
13:54:30,UNVR,RG,4600,9,D,LG,CS,F
13:54:30,UNVR,RG,4600,28,D,LG,BB,D
13:54:30,UNVR,RG,4600,10,D,LG,YP,D
13:54:19,UNVR,RG,4600,24,D,LG,YU,F
13:54:14,UNVR,RG,4600,4,D,LG,ZP,F
13:54:14,UNVR,RG,4600,54,D,LG,BB,D
13:54:09,UNVR,RG,4600,10,D,LG,YP,D
13:54:09,UNVR,RG,4600,10,D,LG,YP,D
13:54:01,UNVR,RG,4600,12,D,LG,YU,F
13:54:00,UNVR,RG,4600,11,D,LG,CS,F
13:54:00,UNVR,RG,4600,47,D,LG,BB,D
13:54:00,UNVR,RG,4600,12,D,LG,YU,F
13:53:50,UNVR,RG,4600,1,D,LG,YP,D
13:53:48,UNVR,RG,4600,19,D,LG,XL,D
13:53:46,UNVR,RG,4600,16,D,LG,BB,D
13:53:46,UNVR,RG,4600,26,D,LG,YU,F
13:53:45,UNVR,RG,4600,1,D,LG,YP,D
13:53:41,UNVR,RG,4600,16,D,LG,BK,F
13:53:40,UNVR,RG,4600,2,D,LG,BB,D
13:53:35,UNVR,RG,4600,17,D,LG,BB,D
13:53:35,UNVR,RG,4600,1,D,LG,DH,D
13:53:21,UNVR,RG,4600,12,D,LG,CS,F
13:53:21,UNVR,RG,4600,71,D,LG,BB,D
13:53:21,UNVR,RG,4600,5,D,LG,PD,D
13:53:18,UNVR,RG,4600,53,D,LG,YU,F
13:53:12,UNVR,RG,4600,61,D,LG,BB,D
13:53:12,UNVR,RG,4600,33,D,LG,BB,D
13:53:12,UNVR,RG,4600,10,D,LG,YP,D
13:53:11,UNVR,RG,4600,10,D,LG,YP,D
13:53:04,UNVR,RG,4600,140,D,LG,BB,D
13:53:04,UNVR,RG,4600,97,D,LG,YU,F
13:52:58,UNVR,RG,4600,14,D,LG,YP,D
13:52:58,UNVR,RG,4600,20,D,LG,DR,D
13:52:57,UNVR,RG,4600,1,D,LG,YP,D
13:52:53,UNVR,RG,4600,28,D,LG,BB,D
13:52:53,UNVR,RG,4600,97,D,LG,YP,D
13:52:53,UNVR,RG,4600,3,D,LG,YP,D
13:52:53,UNVR,RG,4600,10,D,LG,YP,D
13:52:38,UNVR,RG,4600,5,D,LG,BB,D
13:52:38,UNVR,RG,4600,28,D,LG,CS,F
13:52:24,UNVR,RG,4600,4,D,LG,ZP,F
13:52:24,UNVR,RG,4600,11,F,AK,BB,D
13:52:14,UNVR,RG,4600,25,F,AK,BB,D
13:52:14,UNVR,RG,4600,1,D,CC,BB,D
13:52:14,UNVR,RG,4600,1,D,DH,BB,D
13:52:14,UNVR,RG,4600,4,D,NI,BB,D
13:52:14,UNVR,RG,4600,6,D,NI,YP,D
13:52:14,UNVR,RG,4600,4,F,AK,YP,D
13:52:06,UNVR,RG,4600,2,F,AK,YJ,D
13:52:06,UNVR,RG,4600,14,D,LG,YJ,D
13:52:00,UNVR,RG,4600,6,D,LG,BK,F
13:52:00,UNVR,RG,4600,1,F,AK,BK,F
13:52:00,UNVR,RG,4600,8,D,LG,BK,F
13:52:00,UNVR,RG,4600,73,D,LG,BB,D
13:51:53,UNVR,RG,4600,71,D,LG,YP,D
13:51:52,UNVR,RG,4600,12,D,LG,BB,D
13:51:52,UNVR,RG,4600,5,D,LG,YP,D
13:51:38,UNVR,RG,4600,10,D,LG,YP,D
13:51:35,UNVR,RG,4600,16,D,LG,BB,D
13:51:28,UNVR,RG,4600,15,D,LG,NI,D
13:51:28,UNVR,RG,4600,11,D,LG,BB,D
13:51:20,UNVR,RG,4600,10,D,LG,XC,D
13:51:15,UNVR,RG,4600,78,D,LG,BB,D
13:51:00,UNVR,RG,4600,57,D,LG,YU,F
13:50:59,UNVR,RG,4600,23,D,LG,CS,F
13:50:59,UNVR,RG,4600,1,D,LG,CC,D
13:50:57,UNVR,RG,4600,2,D,LG,BB,D
13:50:56,UNVR,RG,4600,2,D,LG,BB,D
13:50:56,UNVR,RG,4600,1,D,LG,XL,D
13:50:34,UNVR,RG,4600,3,D,LG,BB,D
13:50:34,UNVR,RG,4600,1,D,LG,PD,D
13:50:28,UNVR,RG,4610,1,D,XC,AZ,D
13:50:22,UNVR,RG,4600,16,D,LG,BB,D
13:50:20,UNVR,RG,4600,15,D,LG,BK,F
13:50:18,UNVR,RG,4600,1,D,LG,ZP,F
13:50:09,UNVR,RG,4600,4,D,LG,BB,D
13:50:03,UNVR,RG,4600,2,D,LG,KK,D
13:49:56,UNVR,RG,4600,49,D,LG,BB,D
13:49:51,UNVR,RG,4600,50,D,LG,CC,D
13:49:45,UNVR,RG,4600,30,D,LG,BB,D
13:49:42,UNVR,RG,4600,1,D,LG,BB,D
13:49:42,UNVR,RG,4600,30,D,LG,CS,F
13:49:30,UNVR,RG,4600,3,D,LG,BB,D
13:49:30,UNVR,RG,4600,12,D,LG,BB,D
13:49:20,UNVR,RG,4600,7,D,LG,BB,D
13:49:20,UNVR,RG,4600,15,D,LG,YU,D
13:49:13,UNVR,RG,4600,416,D,LG,BB,D
13:49:13,UNVR,RG,4600,39,D,LG,BB,D
13:49:13,UNVR,RG,4600,6,D,LG,XC,D
13:49:03,UNVR,RG,4600,5,D,LG,BK,F
13:49:03,UNVR,RG,4600,3,D,XC,BK,F
13:49:03,UNVR,RG,4600,1,D,DH,BK,F
13:49:03,UNVR,RG,4600,4,F,AK,BK,F
13:49:03,UNVR,RG,4600,1,D,PD,BK,F
13:49:03,UNVR,RG,4600,2,D,YP,BK,F
13:49:02,UNVR,RG,4600,7,D,XL,BB,D
13:49:02,UNVR,RG,4600,3,D,XL,ZP,F
13:49:02,UNVR,RG,4600,15,D,XL,XL,D
13:49:02,UNVR,RG,4600,10,D,YP,XL,D
13:49:02,UNVR,RG,4600,5,F,AK,XL,D
13:49:02,UNVR,RG,4600,1,F,AK,XL,D
13:49:02,UNVR,RG,4600,340,F,BK,XL,D
13:49:02,UNVR,RG,4600,89,D,LG,XL,D
13:48:54,UNVR,RG,4600,4,D,LG,KK,D
13:48:47,UNVR,RG,4600,3,D,LG,BB,D
13:48:47,UNVR,RG,4600,2,D,LG,NI,F
13:48:38,UNVR,RG,4610,1,D,MG,AZ,D
13:48:32,UNVR,RG,4600,9,D,LG,BB,D
13:48:20,UNVR,RG,4600,5,D,LG,XC,D
13:48:19,UNVR,RG,4600,3,D,LG,XC,D
13:48:17,UNVR,RG,4600,4,D,LG,BB,D
13:48:12,UNVR,RG,4600,116,D,LG,BB,D
13:48:12,UNVR,RG,4600,3,D,LG,DH,D
13:47:57,UNVR,RG,4600,16,D,LG,BK,F
13:47:56,UNVR,RG,4600,1,D,LG,AT,D
13:47:56,UNVR,RG,4600,79,D,LG,YU,F
13:47:55,UNVR,RG,4600,25,D,LG,CS,F
13:47:55,UNVR,RG,4600,237,D,LG,BB,D
13:47:49,UNVR,RG,4600,3,D,LG,BB,D
13:47:49,UNVR,RG,4600,1,D,LG,XC,D
13:47:49,UNVR,RG,4600,249,D,LG,XC,D
13:47:16,UNVR,RG,4600,2,D,LG,BB,D
13:47:00,UNVR,RG,4600,4,D,LG,BB,D
13:46:57,UNVR,RG,4600,2,D,LG,ZP,F
13:46:47,UNVR,RG,4600,36,D,LG,BB,D
13:46:47,UNVR,RG,4600,1,D,LG,XL,D
13:46:27,UNVR,RG,4610,1,D,PD,AZ,D
13:46:27,UNVR,RG,4600,34,D,LG,CS,F
13:46:18,UNVR,RG,4600,2,D,LG,BB,D
13:46:11,UNVR,RG,4600,16,D,LG,BB,D
13:45:54,UNVR,RG,4600,15,D,LG,NI,D
13:45:53,UNVR,RG,4600,31,D,LG,BB,D
13:45:47,UNVR,RG,4600,30,D,LG,XL,D
13:45:41,UNVR,RG,4600,20,D,LG,BB,D
13:45:41,UNVR,RG,4600,2,D,LG,XC,D
13:45:35,UNVR,RG,4600,6,D,LG,GR,D
13:45:35,UNVR,RG,4600,9,D,LG,GR,D
13:45:35,UNVR,RG,4600,2,D,LG,BB,D
13:45:35,UNVR,RG,4600,5,D,LG,GR,D
13:45:17,UNVR,RG,4600,17,D,LG,BB,D
13:45:16,UNVR,RG,4600,1,D,LG,ZP,F
13:45:09,UNVR,RG,4600,12,D,LG,BB,D
13:45:09,UNVR,RG,4600,4,D,LG,BK,F
13:45:09,UNVR,RG,4600,12,D,PD,BK,F
13:44:22,UNVR,RG,4600,3,D,PD,BB,D
13:44:22,UNVR,RG,4600,4,D,PD,ZP,F
13:44:10,UNVR,RG,4600,2,D,PD,BB,D
13:44:10,UNVR,RG,4600,1,D,PD,XC,D
13:43:56,UNVR,RG,4600,7,D,PD,BB,D
13:43:56,UNVR,RG,4600,1,D,PD,EP,D
13:43:44,UNVR,RG,4600,4,D,PD,PD,D
13:43:42,UNVR,RG,4600,16,D,PD,BB,D
13:43:42,UNVR,RG,4600,1,D,PD,BB,D
13:43:42,UNVR,RG,4600,1,D,DH,BB,D
13:43:41,UNVR,RG,4600,1,D,YP,NI,D
13:43:41,UNVR,RG,4600,5,F,AK,BK,F
13:43:41,UNVR,RG,4600,9,D,NI,BK,F
13:43:38,UNVR,RG,4600,3,D,NI,YU,D
13:43:31,UNVR,RG,4600,2,D,NI,BB,D
13:43:19,UNVR,RG,4600,2,D,NI,BB,D
13:43:05,UNVR,RG,4600,8,D,NI,BB,D
13:43:05,UNVR,RG,4600,9,D,YP,BB,D
13:43:02,UNVR,RG,4600,12,D,YP,YU,D
13:43:02,UNVR,RG,4600,4,F,YU,YU,D
13:42:55,UNVR,RG,4600,3,F,YU,BB,D
13:42:41,UNVR,RG,4600,2,F,YU,BB,D
13:42:28,UNVR,RG,4600,4,F,YU,BB,D
13:42:28,UNVR,RG,4600,12,D,NI,BB,D
13:42:26,UNVR,RG,4600,3,D,NI,YP,D
13:42:21,UNVR,RG,4600,3,D,NI,BB,D
13:42:21,UNVR,RG,4600,11,D,LG,BB,D
13:42:21,UNVR,RG,4600,12,D,LG,XC,D
13:42:13,UNVR,RG,4600,27,D,LG,BB,D
13:42:13,UNVR,RG,4600,14,D,LG,BK,F
13:41:59,UNVR,RG,4600,20,D,LG,XL,D
13:41:57,UNVR,RG,4600,3,D,LG,BB,D
13:41:57,UNVR,RG,4600,6,D,LG,XC,D
13:41:46,UNVR,RG,4600,19,D,LG,BB,D
13:41:45,UNVR,RG,4610,1,F,YP,AZ,D
13:41:35,UNVR,RG,4600,2,D,LG,ZP,F
13:41:35,UNVR,RG,4600,10,D,LG,AG,D
13:41:30,UNVR,RG,4600,3,D,LG,PD,D
13:41:27,UNVR,RG,4600,1,D,LG,BB,D
13:41:27,UNVR,RG,4600,1,D,LG,XC,D
13:41:20,UNVR,RG,4600,39,D,LG,BB,D
13:41:11,UNVR,RG,4600,183,D,LG,BB,D
13:41:11,UNVR,RG,4600,40,D,LG,CC,D
13:41:07,UNVR,RG,4600,2,D,LG,BB,D
13:41:07,UNVR,RG,4600,200,D,LG,DR,D
13:40:56,UNVR,RG,4600,2,D,LG,BB,D
13:40:48,UNVR,RG,4600,2,D,LG,BB,D
13:40:39,UNVR,RG,4600,2,D,LG,BB,D
13:40:36,UNVR,RG,4600,1,D,LG,BB,D
13:40:36,UNVR,RG,4600,1,D,LG,BB,D
13:40:19,UNVR,RG,4600,5,D,LG,BB,D
13:40:17,UNVR,RG,4600,2,D,LG,ZP,F
13:40:09,UNVR,RG,4600,5,D,LG,BB,D
13:39:59,UNVR,RG,4600,7,D,LG,BB,D
13:39:59,UNVR,RG,4600,1,D,LG,YP,D
13:39:37,UNVR,RG,4600,2,D,LG,ZP,F
13:39:37,UNVR,RG,4600,138,D,LG,BB,D
13:39:37,UNVR,RG,4600,1,D,LG,CC,D
13:39:22,UNVR,RG,4600,3,D,LG,BB,D
13:39:22,UNVR,RG,4600,150,D,LG,LG,D
13:39:13,UNVR,RG,4600,20,D,LG,BB,D
13:39:10,UNVR,RG,4610,21,D,YP,AZ,D
13:39:09,UNVR,RG,4600,2,D,LG,BB,D
13:39:02,UNVR,RG,4600,2,D,LG,BB,D
13:38:52,UNVR,RG,4600,5,D,LG,BB,D
13:38:39,UNVR,RG,4600,106,D,LG,BB,D
13:38:39,UNVR,RG,4600,30,D,LG,BB,D
13:38:34,UNVR,RG,4600,20,D,LG,DR,D
13:38:24,UNVR,RG,4600,4,F,AK,AK,F
13:38:24,UNVR,RG,4600,1,F,AK,AK,F
13:38:24,UNVR,RG,4600,4,D,DR,AK,F
13:38:24,UNVR,RG,4600,1,D,DH,AK,F
13:38:24,UNVR,RG,4600,5,D,XC,AK,F
13:38:24,UNVR,RG,4600,2,D,YP,AK,F
13:38:24,UNVR,RG,4600,1,D,NI,AK,F
13:38:24,UNVR,RG,4600,1,D,XL,AK,F
13:38:24,UNVR,RG,4600,5,F,AK,AK,F
13:38:24,UNVR,RG,4600,1,F,AK,AK,F
13:38:24,UNVR,RG,4600,1,D,YP,AK,F
13:38:24,UNVR,RG,4600,100,D,YP,AK,F
13:38:24,UNVR,RG,4600,2,D,YP,AK,F
13:38:24,UNVR,RG,4600,1,D,ZP,AK,F
13:38:24,UNVR,RG,4600,2,D,ZP,BB,D
13:38:24,UNVR,RG,4600,3,F,AK,BB,D
13:38:24,UNVR,RG,4600,1,F,AK,XL,D
13:38:24,UNVR,RG,4600,1,D,PD,XL,D
13:38:20,UNVR,RG,4600,3,F,AK,ZP,F
13:38:20,UNVR,RG,4600,97,F,AK,BB,D
13:38:04,UNVR,RG,4600,5,F,AK,CC,D
13:37:58,UNVR,RG,4600,38,F,AK,BB,D
13:37:58,UNVR,RG,4600,100,D,LG,FS,D
13:37:54,UNVR,RG,4600,24,D,LG,BB,D
13:37:54,UNVR,RG,4600,40,D,LG,DR,D
13:37:30,UNVR,RG,4600,3,D,LG,BB,D
13:37:30,UNVR,RG,4600,20,D,LG,DR,D
13:37:23,UNVR,RG,4600,1,D,LG,CC,D
13:37:20,UNVR,RG,4600,2,D,LG,BB,D
13:37:13,UNVR,RG,4600,8,D,LG,BB,D
13:37:02,UNVR,RG,4600,6,D,LG,BB,D
13:36:49,UNVR,RG,4600,3,D,LG,XC,D
13:36:48,UNVR,RG,4600,6,D,LG,BB,D
13:36:29,UNVR,RG,4600,2,D,LG,BB,D
13:36:27,UNVR,RG,4600,13,D,LG,BB,D
13:36:19,UNVR,RG,4600,10,D,LG,PD,D
13:36:15,UNVR,RG,4600,17,D,LG,BB,D
13:36:00,UNVR,RG,4600,2,D,LG,XL,D
13:36:00,UNVR,RG,4600,4,D,LG,BB,D
13:36:00,UNVR,RG,4600,4,D,LG,BB,D
13:36:00,UNVR,RG,4600,12,D,LG,XC,D
13:35:48,UNVR,RG,4600,83,D,LG,BB,D
13:35:25,UNVR,RG,4600,4,D,LG,BB,D
13:35:25,UNVR,RG,4600,87,D,LG,XC,D
13:35:15,UNVR,RG,4600,4,D,LG,BB,D
13:35:10,UNVR,RG,4600,7,D,LG,BB,D
13:35:00,UNVR,RG,4600,10,D,LG,BB,D
13:34:51,UNVR,RG,4600,50,D,LG,BB,D
13:34:51,UNVR,RG,4600,2,D,LG,YP,D
13:34:37,UNVR,RG,4600,48,D,LG,BB,D
13:34:37,UNVR,RG,4600,6,D,LG,ZP,F
13:34:37,UNVR,RG,4600,22,D,LG,XL,D
13:34:37,UNVR,RG,4600,25,D,LG,XL,D
13:34:30,UNVR,RG,4600,50,D,LG,SQ,D
13:34:29,UNVR,RG,4600,6,D,LG,BB,D
13:34:20,UNVR,RG,4600,34,D,LG,BB,D
13:34:06,UNVR,RG,4600,5,D,LG,AZ,D
13:34:04,UNVR,RG,4600,1,D,LG,XC,D
13:34:04,UNVR,RG,4600,18,D,LG,NI,D
13:33:57,UNVR,RG,4600,11,D,LG,BB,D
13:33:50,UNVR,RG,4600,10,D,LG,BB,D
13:33:39,UNVR,RG,4600,10,D,LG,BB,D
13:33:29,UNVR,RG,4600,51,D,LG,BB,D
13:33:24,UNVR,RG,4600,2,D,LG,PD,D
13:33:13,UNVR,RG,4600,18,D,LG,BB,D
13:33:09,UNVR,RG,4600,1,D,LG,PD,D
13:33:05,UNVR,RG,4600,116,D,LG,BB,D
13:32:50,UNVR,RG,4600,92,D,LG,BB,D
13:32:50,UNVR,RG,4600,27,D,LG,BB,D
13:32:50,UNVR,RG,4600,20,D,LG,YP,D
13:32:45,UNVR,RG,4600,3,D,LG,PD,D
13:32:44,UNVR,RG,4600,20,F,AK,BK,F
13:32:44,UNVR,RG,4600,29,F,AK,BB,D
13:32:41,UNVR,RG,4600,44,F,AK,SQ,D
13:32:41,UNVR,RG,4600,2,D,CC,AK,F
13:32:41,UNVR,RG,4600,1,D,YP,AK,F
13:32:41,UNVR,RG,4600,4,D,DH,AK,F
13:32:41,UNVR,RG,4600,1,F,AK,AK,F
13:32:41,UNVR,RG,4600,5,F,AK,AK,F
13:32:40,UNVR,RG,4600,150,F,AK,DR,D
13:32:40,UNVR,RG,4600,150,D,LG,DR,D
13:32:36,UNVR,RG,4600,14,D,LG,BB,D
13:32:34,UNVR,RG,4610,2,F,YU,AZ,D
13:32:34,UNVR,RG,4610,2,F,YU,KK,D
13:32:34,UNVR,RG,4610,2,F,YU,KK,D
13:32:34,UNVR,RG,4610,1,F,YU,XC,D
13:32:33,UNVR,RG,4600,148,D,LG,BB,D
13:32:33,UNVR,RG,4600,1,D,LG,PD,D
13:32:27,UNVR,RG,4600,287,D,LG,FS,D
13:32:27,UNVR,RG,4600,13,D,LG,FS,D
13:32:20,UNVR,RG,4600,6,D,LG,BB,D
13:31:55,UNVR,RG,4600,6,D,LG,BB,D
13:31:47,UNVR,RG,4600,5,D,LG,PD,D
13:31:40,UNVR,RG,4600,4,D,LG,BB,D
13:31:11,UNVR,RG,4600,1,D,LG,XC,D
13:30:49,UNVR,RG,4600,5,D,LG,PD,D
13:30:27,UNVR,RG,4600,27,D,LG,AT,D
13:30:24,UNVR,RG,4600,2,D,LG,BB,D
13:30:19,UNVR,RG,4600,10,D,LG,YP,D
13:30:12,UNVR,RG,4600,45,D,LG,BK,F
13:30:12,UNVR,RG,4600,326,D,LG,BB,F
13:30:12,UNVR,RG,4600,50,D,LG,BB,F
13:30:10,UNVR,RG,4590,2,D,YP,CC,D
13:30:10,UNVR,RG,4590,200,D,AR,CC,D
13:30:10,UNVR,RG,4590,20,D,CC,CC,D
13:30:10,UNVR,RG,4590,100,D,AR,CC,D
13:30:10,UNVR,RG,4590,12,D,AR,CC,D
13:30:08,UNVR,RG,4600,1,F,AK,XC,D
13:30:08,UNVR,RG,4600,6,F,AK,XL,D
13:30:08,UNVR,RG,4600,44,F,AK,AK,F
13:30:08,UNVR,RG,4600,8,F,AK,XC,D
13:30:08,UNVR,RG,4600,10,F,AK,XC,D
13:30:08,UNVR,RG,4600,3,F,AK,XC,D
13:30:08,UNVR,RG,4600,3,F,AK,YP,D
13:30:08,UNVR,RG,4600,20,F,AK,YP,D
13:30:08,UNVR,RG,4600,2,F,AK,YP,D
13:30:08,UNVR,RG,4600,35,F,AK,YP,D
13:30:08,UNVR,RG,4600,8,F,AK,XC,D
13:30:08,UNVR,RG,4600,5,F,AK,XC,D
13:30:08,UNVR,RG,4600,1,F,AK,PD,D
13:30:08,UNVR,RG,4600,3,F,AK,ZP,F
13:30:08,UNVR,RG,4600,2,F,AK,IF,D
13:30:08,UNVR,RG,4600,1,F,AK,AT,D
13:30:08,UNVR,RG,4600,2,F,AK,LG,D
13:30:08,UNVR,RG,4600,43,F,AK,CS,F
13:30:08,UNVR,RG,4600,64,F,AK,CC,D
13:30:08,UNVR,RG,4600,50,F,AK,SQ,D
13:30:08,UNVR,RG,4600,58,F,AK,ZP,F
13:30:08,UNVR,RG,4600,5,F,AK,PD,D
13:30:08,UNVR,RG,4600,20,F,AK,XA,D
13:30:08,UNVR,RG,4600,102,F,AK,ZP,F
13:30:08,UNVR,RG,4600,35,F,AK,CS,F
13:30:08,UNVR,RG,4600,87,F,AK,ZP,F
13:30:08,UNVR,RG,4600,1,F,AK,EP,D
13:30:08,UNVR,RG,4600,52,F,AK,CS,F
13:30:08,UNVR,RG,4600,111,F,AK,ZP,F
13:30:08,UNVR,RG,4600,6,F,AK,NI,D
13:30:08,UNVR,RG,4600,1,F,AK,YP,D
13:30:08,UNVR,RG,4600,6,F,AK,LS,D
13:30:08,UNVR,RG,4600,47,F,AK,CS,F
13:30:08,UNVR,RG,4600,49,F,AK,ZP,F
13:30:08,UNVR,RG,4600,2,F,AK,OD,D
13:30:08,UNVR,RG,4600,29,F,AK,CS,F
13:30:08,UNVR,RG,4600,35,F,AK,CS,F
13:30:07,UNVR,RG,4600,5,F,AK,CS,F
13:30:07,UNVR,RG,4600,3,F,AK,CC,D
13:30:07,UNVR,RG,4600,200,F,AK,GR,D
13:30:07,UNVR,RG,4600,3,F,AK,CC,D
13:30:07,UNVR,RG,4600,50,F,AK,DH,D
13:30:07,UNVR,RG,4600,1,F,AK,AI,D
13:30:07,UNVR,RG,4600,9,F,AK,CS,F
13:30:07,UNVR,RG,4600,2,F,AK,XL,D
13:30:07,UNVR,RG,4600,1,F,AK,CC,D
13:30:07,UNVR,RG,4600,5,F,AK,XC,D
13:30:07,UNVR,RG,4600,1,F,AK,YP,D
13:30:07,UNVR,RG,4600,20,F,AK,SQ,D
13:30:07,UNVR,RG,4600,26,F,AK,BB,F
13:30:07,UNVR,RG,4600,1,F,AK,CC,D
13:30:07,UNVR,RG,4600,5,F,AK,DR,D
13:30:07,UNVR,RG,4600,2,F,AK,CC,D
13:30:07,UNVR,RG,4600,2,F,AK,DR,D
13:30:07,UNVR,RG,4600,15,F,AK,YP,D
13:30:07,UNVR,RG,4600,10,F,AK,XA,D
13:30:07,UNVR,RG,4600,1,F,AK,PD,D
13:30:07,UNVR,RG,4600,6,F,AK,SQ,D
13:30:07,UNVR,RG,4600,2,F,AK,DH,D
13:30:07,UNVR,RG,4600,13,F,AK,CS,F
13:30:07,UNVR,RG,4600,4,F,AK,CC,D
13:30:07,UNVR,RG,4600,1,F,AK,YP,D
13:30:07,UNVR,RG,4600,9,F,AK,ZP,F
13:30:07,UNVR,RG,4600,2,F,AK,CP,D
13:30:07,UNVR,RG,4600,11,F,AK,YP,D
13:30:07,UNVR,RG,4600,2,F,AK,XC,D
13:30:07,UNVR,RG,4600,2,F,AK,XC,D
13:30:07,UNVR,RG,4600,2,F,AK,KK,D
13:30:07,UNVR,RG,4600,2,F,AK,YU,D
13:30:07,UNVR,RG,4600,1,F,AK,CC,D
13:30:07,UNVR,RG,4600,19,F,AK,PD,D
13:30:07,UNVR,RG,4600,5,F,AK,ZP,F
13:30:07,UNVR,RG,4600,1,F,AK,YP,D
13:30:07,UNVR,RG,4600,2,F,AK,XC,D
13:30:07,UNVR,RG,4600,1,F,AK,PD,D
13:30:07,UNVR,RG,4600,39,F,AK,BB,F
13:30:07,UNVR,RG,4600,1,F,AK,PD,D
13:30:07,UNVR,RG,4600,5,F,AK,DR,D
13:30:07,UNVR,RG,4600,20,F,AK,LG,D
13:30:07,UNVR,RG,4600,2,F,AK,XC,D
13:30:07,UNVR,RG,4600,1,F,AK,XL,D
13:30:07,UNVR,RG,4600,30,F,AK,NI,F
13:30:07,UNVR,RG,4600,4,F,AK,XC,D
13:30:07,UNVR,RG,4600,50,F,AK,CC,D
13:30:07,UNVR,RG,4600,28,F,AK,BB,F
13:30:07,UNVR,RG,4600,18,F,AK,ZP,F
13:30:07,UNVR,RG,4600,6,F,AK,BK,F
13:30:07,UNVR,RG,4600,277,F,AK,BB,F
13:30:07,UNVR,RG,4600,124,F,AK,BB,F
13:30:07,UNVR,RG,4600,44,F,AK,BB,F
13:30:07,UNVR,RG,4600,25,F,AK,NI,D
13:30:07,UNVR,RG,4600,1,F,AK,YP,D
13:30:07,UNVR,RG,4600,1,F,AK,YP,D
13:30:07,UNVR,RG,4600,9,F,AK,YU,D
13:30:07,UNVR,RG,4600,45,F,AK,NI,D
13:30:07,UNVR,RG,4600,8,F,AK,YP,D
13:30:07,UNVR,RG,4600,5,F,AK,XC,D
13:30:07,UNVR,RG,4600,1,F,AK,CP,D
13:30:07,UNVR,RG,4600,2,F,AK,XC,D
13:30:07,UNVR,RG,4600,9,F,AK,YU,D
13:30:07,UNVR,RG,4600,3,F,AK,XA,D
13:30:07,UNVR,RG,4600,50,F,AK,OD,D
13:30:07,UNVR,RG,4600,5,F,AK,SQ,D
13:30:07,UNVR,RG,4600,2,F,AK,ZP,F
13:30:07,UNVR,RG,4600,1,F,AK,PD,D
13:30:07,UNVR,RG,4600,28,F,AK,ZP,F
13:30:07,UNVR,RG,4600,17,F,AK,PD,D
13:30:07,UNVR,RG,4600,5,F,AK,NI,D
13:30:07,UNVR,RG,4600,1,F,AK,NI,D
13:30:07,UNVR,RG,4600,3,F,AK,YP,D
13:30:07,UNVR,RG,4600,5,F,AK,SQ,D
13:30:07,UNVR,RG,4600,32,F,AK,BK,F
13:30:07,UNVR,RG,4600,10,F,AK,YU,D
13:30:07,UNVR,RG,4600,10,F,AK,YP,D
13:30:07,UNVR,RG,4600,5,F,AK,YP,D
13:30:07,UNVR,RG,4600,1,F,AK,PD,D
13:30:07,UNVR,RG,4600,150,F,AK,NI,D
13:30:07,UNVR,RG,4600,7,F,AK,YP,D
13:30:06,UNVR,RG,4590,15,D,AR,YU,D
13:30:05,UNVR,RG,4600,3,F,AK,YP,D
13:30:05,UNVR,RG,4600,1,F,AK,XC,D
13:30:05,UNVR,RG,4600,4,F,AK,PD,D
13:30:05,UNVR,RG,4600,4,F,AK,ZP,F
13:30:05,UNVR,RG,4600,2,F,AK,ZP,F
13:30:04,UNVR,RG,4600,5,D,YU,ZP,F
13:30:04,UNVR,RG,4590,4,D,AR,CC,D
13:30:04,UNVR,RG,4590,1,D,AR,CC,D
13:30:04,UNVR,RG,4590,13,D,AR,CC,D
13:30:04,UNVR,RG,4590,2,D,AR,CC,D
13:30:03,UNVR,RG,4590,2,D,AR,XL,D
13:30:03,UNVR,RG,4590,6,D,AR,YP,D
13:30:03,UNVR,RG,4600,1,D,YP,ZP,F
13:30:03,UNVR,RG,4590,20,D,AR,YP,D
13:30:03,UNVR,RG,4590,25,D,AR,YP,D
13:30:03,UNVR,RG,4590,2,D,PD,YP,D
13:30:03,UNVR,RG,4590,162,D,EP,YP,D
13:30:03,UNVR,RG,4590,11,D,LG,YP,D
13:30:02,UNVR,RG,4590,1,D,LG,XC,D
13:30:02,UNVR,RG,4590,1,D,LG,XL,D
13:30:02,UNVR,RG,4590,5,D,LG,CC,D
13:30:02,UNVR,RG,4590,2,D,LG,XC,D
13:30:02,UNVR,RG,4600,1,D,XC,ZP,F
13:30:02,UNVR,RG,4590,1,D,LG,PD,D
13:30:02,UNVR,RG,4590,1,D,LG,YP,D
13:30:01,UNVR,RG,4600,1,D,PD,ZP,F
13:30:01,UNVR,RG,4590,1,D,LG,PD,D
13:30:01,UNVR,RG,4590,30,D,LG,DX,D
13:30:01,UNVR,RG,4590,20,D,LG,KK,D
13:30:01,UNVR,RG,4590,3,D,LG,DH,D
11:29:41,UNVR,RG,4590,4,D,LG,BK,F
11:29:40,UNVR,RG,4590,15,D,LG,ZP,F
11:29:40,UNVR,RG,4590,77,D,LG,ZP,F
11:29:39,UNVR,RG,4590,1,D,LG,ZP,F
11:29:39,UNVR,RG,4590,2,D,LG,GR,D
11:29:33,UNVR,RG,4590,16,D,LG,YU,F
11:29:20,UNVR,RG,4590,8,D,LG,BK,F
11:29:17,UNVR,RG,4590,9,D,LG,ZP,F
11:29:17,UNVR,RG,4590,250,D,LG,YP,D
11:29:15,UNVR,RG,4600,1,F,AK,BQ,D
11:29:02,UNVR,RG,4590,7,D,LG,BK,F
11:28:46,UNVR,RG,4590,2,D,LG,XC,D
11:28:31,UNVR,RG,4590,4,D,LG,XC,D
11:28:31,UNVR,RG,4600,2,D,YU,BQ,D
11:28:31,UNVR,RG,4600,4,D,YU,PD,D
11:28:30,UNVR,RG,4600,1,F,AK,PD,D
11:28:24,UNVR,RG,4590,75,D,LG,CS,F
11:28:21,UNVR,RG,4590,30,D,LG,PD,D
11:28:15,UNVR,RG,4590,9,D,LG,AK,F
11:28:07,UNVR,RG,4590,15,D,LG,ZP,F
11:28:07,UNVR,RG,4590,79,D,LG,ZP,F
11:28:03,UNVR,RG,4590,14,D,LG,BK,F
11:28:00,UNVR,RG,4600,1,F,AK,PD,D
11:27:26,UNVR,RG,4590,5,D,LG,AT,D
11:26:47,UNVR,RG,4590,94,D,LG,ZP,F
11:26:21,UNVR,RG,4590,16,D,LG,BK,F
11:25:27,UNVR,RG,4590,90,D,LG,ZP,F
11:25:15,UNVR,RG,4590,9,D,LG,AK,F
11:25:01,UNVR,RG,4590,14,D,LG,BK,F
11:25:00,UNVR,RG,4590,1,D,LG,AK,F
11:25:00,UNVR,RG,4590,67,D,LG,YU,F
11:24:45,UNVR,RG,4590,1,D,LG,AK,F
11:23:57,UNVR,RG,4590,17,D,LG,YU,D
11:23:30,UNVR,RG,4590,43,D,LG,CS,F
11:23:30,UNVR,RG,4590,45,D,LG,CS,F
11:23:19,UNVR,RG,4590,5,D,LG,BK,F
11:23:19,UNVR,RG,4590,7,F,AK,BK,F
11:23:19,UNVR,RG,4590,2,D,YU,BK,F
11:23:14,UNVR,RG,4590,1,D,YU,SQ,D
11:23:14,UNVR,RG,4590,3,F,AK,SQ,D
11:22:22,UNVR,RG,4590,1,F,AK,XC,D
11:22:00,UNVR,RG,4590,64,D,LG,YU,F
11:21:45,UNVR,RG,4600,4,F,AK,PD,D
11:21:18,UNVR,RG,4590,1,D,LG,YP,D
11:21:00,UNVR,RG,4600,3,F,AK,GR,D
11:20:59,UNVR,RG,4590,5,D,LG,CC,D
11:20:36,UNVR,RG,4590,4,D,LG,YP,D
11:20:30,UNVR,RG,4600,1,F,AK,GR,D
11:20:22,UNVR,RG,4590,25,D,LG,LG,D
11:20:22,UNVR,RG,4590,16,D,LG,BK,F
11:20:20,UNVR,RG,4600,46,D,EP,GR,D
11:20:20,UNVR,RG,4600,20,D,EP,EP,D
11:20:20,UNVR,RG,4600,2,D,EP,AT,D
11:20:20,UNVR,RG,4600,94,D,EP,YP,D
11:19:42,UNVR,RG,4590,7,D,LG,CC,D
11:18:45,UNVR,RG,4590,10,D,LG,YP,D
11:18:38,UNVR,RG,4590,10,D,LG,PD,D
11:18:20,UNVR,RG,4590,44,D,LG,XC,D
11:18:20,UNVR,RG,4590,5,D,LG,EP,D
11:18:03,UNVR,RG,4590,1,D,LG,PD,D
11:18:00,UNVR,RG,4590,112,D,LG,YU,F
11:17:45,UNVR,RG,4590,17,D,LG,YU,D
11:17:33,UNVR,RG,4590,14,D,LG,BK,F
11:17:32,UNVR,RG,4590,26,D,LG,CS,F
11:17:32,UNVR,RG,4590,55,D,LG,CC,D
11:17:28,UNVR,RG,4590,21,D,LG,BK,F
11:17:27,UNVR,RG,4590,163,D,LG,YP,D
11:17:27,UNVR,RG,4590,450,D,LG,YP,D
11:17:27,UNVR,RG,4590,50,D,LG,YP,D
11:17:27,UNVR,RG,4590,10,D,YP,YP,D
11:17:27,UNVR,RG,4590,5,D,YP,YP,D
11:17:27,UNVR,RG,4590,3,D,XC,YP,D
11:17:27,UNVR,RG,4590,3,D,XC,YP,D
11:17:27,UNVR,RG,4590,3,D,PD,YP,D
11:17:27,UNVR,RG,4590,1,D,PD,YP,D
11:17:27,UNVR,RG,4590,1,D,GR,YP,D
11:17:27,UNVR,RG,4590,2,D,PD,YP,D
11:17:27,UNVR,RG,4590,2,D,PD,YP,D
11:17:27,UNVR,RG,4590,4,F,AK,YP,D
11:17:27,UNVR,RG,4590,1,F,AK,YP,D
11:17:27,UNVR,RG,4590,1,F,BK,YP,D
11:17:27,UNVR,RG,4590,5,F,AK,YP,D
11:17:27,UNVR,RG,4590,1,F,AK,YP,D
11:17:27,UNVR,RG,4590,1,F,BK,YP,D
11:17:27,UNVR,RG,4590,20,D,LG,YP,D
11:17:15,UNVR,RG,4590,4,D,LG,ZP,F
11:17:11,UNVR,RG,4590,150,D,LG,SQ,D
11:16:30,UNVR,RG,4600,1,F,AK,YP,D
11:15:45,UNVR,RG,4590,16,D,LG,CS,F
11:15:45,UNVR,RG,4590,2,D,LG,DR,D
11:15:33,UNVR,RG,4590,26,D,LG,YU,F
11:15:30,UNVR,RG,4590,40,D,LG,KK,D
11:15:24,UNVR,RG,4590,2,D,LG,ZP,F
11:15:23,UNVR,RG,4590,5,D,LG,XC,D
11:15:22,UNVR,RG,4590,9,D,LG,KK,D
11:15:14,UNVR,RG,4590,14,D,LG,YU,F
11:15:13,UNVR,RG,4600,4,D,DR,YP,D
11:15:13,UNVR,RG,4600,1,D,DR,CC,D
11:15:10,UNVR,RG,4600,1,D,IF,CC,D
11:15:00,UNVR,RG,4590,23,D,LG,YU,F
11:15:00,UNVR,RG,4590,82,D,LG,YU,F
11:14:42,UNVR,RG,4600,5,D,LG,CC,D
11:14:41,UNVR,RG,4590,40,D,LG,CS,F
11:14:41,UNVR,RG,4590,150,D,LG,FS,D
11:14:33,UNVR,RG,4590,6,D,LG,PD,D
11:14:05,UNVR,RG,4590,2,D,LG,ZP,F
11:13:57,UNVR,RG,4590,9,D,LG,YP,D
11:13:57,UNVR,RG,4590,72,D,LG,YP,D
11:13:00,UNVR,RG,4590,102,D,LG,YU,F
11:12:58,UNVR,RG,4590,2,D,LG,XL,D
11:12:51,UNVR,RG,4590,1,D,LG,YP,D
11:12:40,UNVR,RG,4590,6,D,LG,PD,D
11:12:19,UNVR,RG,4590,3,D,LG,ZP,F
11:12:11,UNVR,RG,4590,3,D,LG,XC,D
11:12:07,UNVR,RG,4590,10,D,LG,NI,D
11:11:59,UNVR,RG,4590,3,D,LG,XA,D
11:11:58,UNVR,RG,4590,1,D,LG,XC,D
11:11:16,UNVR,RG,4590,14,D,LG,YU,D
11:10:55,UNVR,RG,4590,2,D,LG,CC,D
11:10:22,UNVR,RG,4590,7,D,LG,ZP,F
11:10:00,UNVR,RG,4590,108,D,LG,YU,F
11:09:34,UNVR,RG,4590,1,D,LG,EP,D
11:08:46,UNVR,RG,4590,1,D,LG,YP,D
11:08:46,UNVR,RG,4590,1,D,LG,PD,D
11:08:13,UNVR,RG,4590,1,D,LG,XL,D
11:08:05,UNVR,RG,4590,2,D,LG,CC,D
11:06:15,UNVR,RG,4590,50,D,LG,EP,D
11:06:14,UNVR,RG,4590,4,D,LG,XC,D
11:06:00,UNVR,RG,4590,56,D,LG,YU,F
11:06:00,UNVR,RG,4590,27,D,LG,YU,F
11:05:47,UNVR,RG,4590,3,D,LG,XC,D
11:05:19,UNVR,RG,4590,3,D,LG,ZP,F
11:05:14,UNVR,RG,4590,1,D,LG,PD,D
11:05:01,UNVR,RG,4590,16,D,LG,YU,D
11:05:01,UNVR,RG,4590,1,D,YP,YU,D
11:04:19,UNVR,RG,4590,13,D,XC,AK,F
11:04:18,UNVR,RG,4590,9,F,AK,BB,F
11:04:18,UNVR,RG,4590,1,F,AK,BB,F
11:04:18,UNVR,RG,4590,516,D,LG,BB,F
11:04:08,UNVR,RG,4590,84,D,LG,BB,F
11:04:08,UNVR,RG,4590,166,D,LG,BB,F
11:04:04,UNVR,RG,4590,12,D,LG,CS,F
11:04:03,UNVR,RG,4590,14,D,LG,CS,F
11:04:03,UNVR,RG,4590,72,D,LG,BK,F
11:04:03,UNVR,RG,4590,95,D,LG,ZP,F
11:04:03,UNVR,RG,4590,38,D,LG,CS,F
11:04:03,UNVR,RG,4590,13,D,LG,BB,F
11:04:03,UNVR,RG,4590,40,D,LG,FS,D
11:04:03,UNVR,RG,4590,50,D,LG,FS,D
11:04:01,UNVR,RG,4590,1,D,CC,FS,D
11:04:01,UNVR,RG,4590,9,D,KK,FS,D
11:03:51,UNVR,RG,4590,1,D,KK,EP,D
11:03:38,UNVR,RG,4590,2,D,KK,ZP,F
11:03:24,UNVR,RG,4590,7,D,KK,AK,F
11:03:24,UNVR,RG,4590,10,D,KK,YU,F
11:03:24,UNVR,RG,4590,5,D,YU,YU,F
11:03:24,UNVR,RG,4590,2,D,CC,YU,F
11:03:24,UNVR,RG,4590,4,F,AK,YU,F
11:03:24,UNVR,RG,4590,1,F,AK,YU,F
11:03:24,UNVR,RG,4590,92,D,LG,YU,F
11:03:21,UNVR,RG,4590,50,D,LG,AZ,D
11:03:18,UNVR,RG,4590,458,D,LG,YP,D
11:03:18,UNVR,RG,4590,192,D,LG,YP,D
11:03:12,UNVR,RG,4590,2,D,LG,HP,D
11:03:10,UNVR,RG,4590,100,D,LG,CC,D
11:02:29,UNVR,RG,4590,4,D,LG,ZP,F
11:02:14,UNVR,RG,4590,10,D,LG,XC,D
11:01:50,UNVR,RG,4590,1,D,LG,BQ,D
11:01:43,UNVR,RG,4590,45,D,LG,CC,D
11:01:37,UNVR,RG,4590,1,D,LG,BQ,D
11:00:40,UNVR,RG,4600,5,D,PD,CC,D
11:00:23,UNVR,RG,4590,6,D,LG,XL,D
11:00:21,UNVR,RG,4600,100,D,YP,CC,D
11:00:17,UNVR,RG,4590,2,D,LG,OD,D
11:00:10,UNVR,RG,4590,1,D,LG,OD,D
11:00:06,UNVR,RG,4590,86,D,LG,YU,F
11:00:06,UNVR,RG,4590,45,D,LG,YU,F
11:00:05,UNVR,RG,4590,1,D,LG,OD,D
11:00:02,UNVR,RG,4590,4,D,LG,BQ,D
10:59:29,UNVR,RG,4590,54,D,LG,AK,F
10:59:29,UNVR,RG,4590,16,D,LG,CS,F
10:59:29,UNVR,RG,4590,16,D,LG,CS,F
10:59:29,UNVR,RG,4590,27,D,LG,YU,F
10:59:29,UNVR,RG,4590,29,D,LG,BB,F
10:59:29,UNVR,RG,4590,7,D,LG,YU,D
10:59:29,UNVR,RG,4590,28,D,LG,EP,D
10:59:29,UNVR,RG,4590,94,D,LG,ZP,F
10:59:29,UNVR,RG,4590,5,D,LG,CS,F
10:59:29,UNVR,RG,4590,32,D,LG,CS,F
10:59:29,UNVR,RG,4590,28,D,LG,CS,F
10:59:29,UNVR,RG,4590,35,D,LG,BB,F
10:59:29,UNVR,RG,4590,1,D,LG,PD,D
10:59:29,UNVR,RG,4590,168,D,LG,YU,F
10:59:29,UNVR,RG,4590,29,D,LG,YU,F
10:59:29,UNVR,RG,4590,6,D,LG,ZP,F
10:59:29,UNVR,RG,4590,21,D,LG,YP,D
10:59:29,UNVR,RG,4590,4,D,LG,AK,F
10:59:29,UNVR,RG,4590,4,D,LG,AK,F
10:59:29,UNVR,RG,4590,8,D,LG,AK,F
10:59:29,UNVR,RG,4590,45,D,LG,BB,F
10:59:29,UNVR,RG,4590,42,D,LG,BK,F
10:59:29,UNVR,RG,4590,117,D,LG,ZP,F
10:59:29,UNVR,RG,4590,106,D,LG,ZP,F
10:59:29,UNVR,RG,4590,34,D,LG,CS,F
10:59:29,UNVR,RG,4590,20,D,LG,BB,F
10:59:29,UNVR,RG,4590,74,D,LG,FS,D
10:59:29,UNVR,RG,4590,50,D,LG,FS,D
10:59:00,UNVR,RG,4580,79,D,YP,YU,F
10:59:00,UNVR,RG,4580,11,D,KK,YU,F
10:58:29,UNVR,RG,4590,1,D,LG,FS,D
10:58:09,UNVR,RG,4580,27,D,KK,PD,D
10:57:32,UNVR,RG,4590,10,D,DH,FS,D
10:57:24,UNVR,RG,4590,2,D,CC,FS,D
10:57:24,UNVR,RG,4590,1,D,CC,FS,D
10:57:24,UNVR,RG,4590,5,D,YP,FS,D
10:57:24,UNVR,RG,4590,5,D,KK,FS,D
10:57:24,UNVR,RG,4590,10,D,XC,FS,D
10:57:24,UNVR,RG,4590,10,D,NI,FS,D
10:57:24,UNVR,RG,4590,1,D,NI,FS,D
10:57:24,UNVR,RG,4590,2,D,XC,FS,D
10:57:24,UNVR,RG,4590,1,D,YP,FS,D
10:57:24,UNVR,RG,4590,20,D,PD,FS,D
10:57:24,UNVR,RG,4590,1,D,BQ,FS,D
10:57:24,UNVR,RG,4590,4,F,AK,FS,D
10:57:24,UNVR,RG,4590,1,F,AK,FS,D
10:57:24,UNVR,RG,4590,2,D,LG,FS,D
10:56:51,UNVR,RG,4590,10,D,LG,DR,D
10:56:45,UNVR,RG,4590,50,D,LG,DH,D
10:56:33,UNVR,RG,4590,10,D,LG,BQ,D
10:56:04,UNVR,RG,4590,50,D,LG,DH,D
10:55:50,UNVR,RG,4590,11,D,LG,XL,D
10:55:48,UNVR,RG,4600,6,D,XC,CC,D
10:55:23,UNVR,RG,4600,3,D,LG,CC,D
10:55:18,UNVR,RG,4590,17,D,LG,YU,D
10:55:01,UNVR,RG,4590,50,D,LG,DH,D
10:54:31,UNVR,RG,4590,9,D,LG,XC,D
10:54:24,UNVR,RG,4590,10,D,LG,ZP,F
10:54:22,UNVR,RG,4590,2,D,LG,XC,D
10:54:19,UNVR,RG,4590,20,D,LG,YJ,D
10:54:19,UNVR,RG,4590,1,D,LG,XC,D
10:53:28,UNVR,RG,4590,4,D,LG,NI,D
10:53:06,UNVR,RG,4590,23,D,LG,XL,D
10:52:59,UNVR,RG,4590,95,D,LG,YU,F
10:52:49,UNVR,RG,4590,200,D,LG,YP,D
10:52:28,UNVR,RG,4590,10,D,LG,YP,D
10:52:27,UNVR,RG,4590,1,D,LG,SQ,D
10:50:51,UNVR,RG,4590,25,D,LG,ZP,D
10:50:51,UNVR,RG,4590,13,D,LG,ZP,D
10:50:32,UNVR,RG,4590,10,D,LG,YP,D
10:50:28,UNVR,RG,4590,1,D,LG,YP,D
10:49:38,UNVR,RG,4590,35,D,LG,EP,D
10:49:26,UNVR,RG,4590,31,D,LG,CS,F
10:49:26,UNVR,RG,4590,7,D,LG,YU,D
10:49:26,UNVR,RG,4590,86,D,LG,ZP,F
10:49:26,UNVR,RG,4590,13,D,LG,AK,F
10:49:26,UNVR,RG,4590,174,D,LG,YU,F
10:49:26,UNVR,RG,4590,40,D,LG,BK,F
10:49:26,UNVR,RG,4590,2,D,LG,CS,F
10:49:26,UNVR,RG,4590,38,D,LG,BB,F
10:49:26,UNVR,RG,4590,18,D,LG,BB,F
10:49:26,UNVR,RG,4590,32,D,LG,CS,F
10:48:56,UNVR,RG,4590,2,D,EP,CS,F
10:48:12,UNVR,RG,4590,28,D,PD,CS,F
10:48:12,UNVR,RG,4590,34,D,PD,YP,D
10:48:04,UNVR,RG,4590,10,D,DH,YP,D
10:47:41,UNVR,RG,4590,313,F,AK,YP,D
10:47:41,UNVR,RG,4590,16,F,AK,YP,D
10:47:41,UNVR,RG,4590,3,D,NI,YP,D
10:47:41,UNVR,RG,4590,274,D,LG,YP,D
10:47:13,UNVR,RG,4590,25,D,LG,PD,D
10:46:59,UNVR,RG,4590,6,D,LG,CS,F
10:46:59,UNVR,RG,4590,11,D,LG,CS,F
10:46:59,UNVR,RG,4590,6,D,LG,CS,F
10:46:59,UNVR,RG,4590,31,D,LG,CS,F
10:46:59,UNVR,RG,4590,10,D,LG,YP,D
10:46:59,UNVR,RG,4590,1,D,LG,PD,D
10:46:59,UNVR,RG,4590,6,D,LG,AK,F
10:46:59,UNVR,RG,4590,6,D,LG,AK,F
10:46:59,UNVR,RG,4590,7,D,LG,AK,F
10:46:59,UNVR,RG,4590,76,D,LG,BB,F
10:46:59,UNVR,RG,4590,110,D,LG,YU,F
10:46:59,UNVR,RG,4590,31,D,LG,ZP,F
10:46:59,UNVR,RG,4590,94,D,LG,ZP,F
10:46:59,UNVR,RG,4590,77,D,LG,BK,F
10:46:59,UNVR,RG,4590,36,D,LG,CS,F
10:46:59,UNVR,RG,4590,63,D,LG,ZP,F
10:46:59,UNVR,RG,4590,87,D,LG,ZP,F
10:46:59,UNVR,RG,4590,19,D,LG,BB,F
10:46:59,UNVR,RG,4590,74,D,LG,YP,D
10:46:59,UNVR,RG,4590,50,D,LG,YP,D
10:46:14,UNVR,RG,4580,12,D,KK,CC,D
10:46:14,UNVR,RG,4580,8,D,MG,CC,D
10:46:08,UNVR,RG,4590,3,D,YP,YP,D
10:45:46,UNVR,RG,4590,5,D,KK,YP,D
10:45:42,UNVR,RG,4580,2,D,MG,YU,D
10:45:42,UNVR,RG,4580,6,D,EP,YU,D
10:45:42,UNVR,RG,4580,9,F,AK,YU,D
10:45:32,UNVR,RG,4590,10,F,AK,YP,D
10:45:32,UNVR,RG,4590,1,F,AK,YP,D
10:45:32,UNVR,RG,4590,110,D,DX,YP,D
10:45:32,UNVR,RG,4590,2,D,XL,YP,D
10:45:32,UNVR,RG,4590,5,D,CC,YP,D
10:45:32,UNVR,RG,4590,4,D,CP,YP,D
10:45:32,UNVR,RG,4590,5,D,YU,YP,D
10:45:32,UNVR,RG,4590,105,D,CD,YP,D
10:45:32,UNVR,RG,4590,5,D,XC,YP,D
10:45:32,UNVR,RG,4590,1,D,KK,YP,D
10:45:32,UNVR,RG,4590,10,D,HP,YP,D
10:45:32,UNVR,RG,4590,1,D,YB,YP,D
10:45:32,UNVR,RG,4590,1,D,YP,YP,D
10:45:32,UNVR,RG,4590,111,D,AR,YP,D
10:45:23,UNVR,RG,4590,89,D,AR,DH,D
10:45:23,UNVR,RG,4590,3,F,AK,DH,D
10:45:23,UNVR,RG,4590,1,F,AK,DH,D
10:45:23,UNVR,RG,4590,7,D,AR,DH,D
10:45:21,UNVR,RG,4590,7,D,AR,ZP,F
10:45:11,UNVR,RG,4590,1,D,AR,CC,D
10:45:11,UNVR,RG,4590,1,D,AR,LG,D
10:44:39,UNVR,RG,4590,84,D,AR,YU,F
10:44:39,UNVR,RG,4590,5,D,EP,YU,F
10:44:25,UNVR,RG,4590,5,D,YP,KK,D
10:44:25,UNVR,RG,4590,5,D,AR,KK,D
10:44:24,UNVR,RG,4590,29,D,AR,CS,F
10:44:06,UNVR,RG,4600,200,D,GR,CC,D
10:43:30,UNVR,RG,4600,4,F,AK,CC,D
10:43:06,UNVR,RG,4600,35,D,PD,CC,D
10:43:06,UNVR,RG,4600,1,D,PD,YP,D
10:43:06,UNVR,RG,4600,1,D,PD,AZ,D
10:43:06,UNVR,RG,4600,5,D,PD,NI,D
10:43:06,UNVR,RG,4600,82,D,PD,SQ,D
10:42:50,UNVR,RG,4600,5,D,YP,SQ,D
10:42:17,UNVR,RG,4590,7,D,AR,XC,D
10:42:13,UNVR,RG,4590,35,D,AR,CS,F
10:41:53,UNVR,RG,4590,10,D,AR,XC,D
10:41:51,UNVR,RG,4590,1,D,AR,PD,D
10:41:37,UNVR,RG,4590,2,D,AR,PD,D
10:41:11,UNVR,RG,4600,1,D,SQ,SQ,D
10:40:30,UNVR,RG,4600,3,F,AK,SQ,D
10:40:00,UNVR,RG,4600,1,F,AK,SQ,D
10:39:57,UNVR,RG,4590,1,D,AR,PD,D
10:39:50,UNVR,RG,4590,1,D,AR,CC,D
10:39:38,UNVR,RG,4590,9,D,AR,YU,F
10:39:38,UNVR,RG,4590,101,D,LG,YU,F
10:39:38,UNVR,RG,4590,40,D,LG,CS,F
10:39:26,UNVR,RG,4600,7,D,PD,SQ,D
10:39:16,UNVR,RG,4600,1,D,PD,SQ,D
10:39:16,UNVR,RG,4600,185,D,PD,XA,D
10:39:14,UNVR,RG,4590,16,D,LG,YU,D
10:39:10,UNVR,RG,4590,10,D,LG,XA,D
10:38:30,UNVR,RG,4590,1,D,LG,PD,D
10:38:14,UNVR,RG,4590,10,D,LG,CC,D
10:37:30,UNVR,RG,4600,4,F,AK,XA,D
10:36:12,UNVR,RG,4600,1,D,PD,XA,D
10:35:59,UNVR,RG,4600,11,D,YP,XA,D
10:35:58,UNVR,RG,4590,6,D,LG,YP,D
10:35:58,UNVR,RG,4590,14,D,LG,CS,F
10:35:58,UNVR,RG,4590,50,D,LG,YP,D
10:35:58,UNVR,RG,4590,27,D,LG,BB,F
10:35:58,UNVR,RG,4590,11,D,LG,XC,D
10:35:58,UNVR,RG,4590,9,D,LG,ZP,F
10:35:58,UNVR,RG,4590,26,D,LG,CS,F
10:35:58,UNVR,RG,4590,100,D,LG,YU,F
10:35:58,UNVR,RG,4590,44,D,LG,BB,F
10:35:58,UNVR,RG,4590,1,D,LG,PD,D
10:35:58,UNVR,RG,4590,5,D,LG,PD,D
10:35:58,UNVR,RG,4590,51,D,LG,CS,F
10:35:58,UNVR,RG,4590,2,D,LG,PD,D
10:35:58,UNVR,RG,4590,7,D,LG,YU,D
10:35:58,UNVR,RG,4590,15,D,LG,BK,F
10:35:58,UNVR,RG,4590,54,D,LG,DR,D
10:35:57,UNVR,RG,4590,46,D,LG,DR,D
10:35:57,UNVR,RG,4590,9,D,LG,AK,F
10:35:57,UNVR,RG,4590,5,D,LG,CC,D
10:35:57,UNVR,RG,4590,27,D,LG,BB,F
10:35:57,UNVR,RG,4590,33,D,LG,EP,D
10:35:57,UNVR,RG,4590,10,D,LG,BQ,D
10:35:57,UNVR,RG,4590,72,D,LG,ZP,F
10:35:57,UNVR,RG,4590,2,D,LG,XC,D
10:35:57,UNVR,RG,4590,1,D,LG,XC,D
10:35:57,UNVR,RG,4590,25,D,LG,BB,F
10:35:57,UNVR,RG,4590,100,D,LG,OD,D
10:35:57,UNVR,RG,4590,92,D,LG,ZP,F
10:35:57,UNVR,RG,4590,28,D,LG,ZP,D
10:35:57,UNVR,RG,4590,22,D,LG,ZP,D
10:35:57,UNVR,RG,4590,6,D,LG,AK,F
10:35:57,UNVR,RG,4590,16,D,LG,CC,D
10:35:57,UNVR,RG,4590,6,D,LG,ZP,F
10:35:55,UNVR,RG,4590,1,D,LG,ZP,F
10:35:55,UNVR,RG,4590,1,D,LG,SQ,D
10:35:55,UNVR,RG,4590,1,D,LG,YP,D
10:35:55,UNVR,RG,4590,15,D,LG,YP,D
10:35:55,UNVR,RG,4590,52,D,LG,CS,F
10:35:55,UNVR,RG,4590,1,D,LG,YP,D
10:35:55,UNVR,RG,4590,13,D,LG,BK,F
10:35:32,UNVR,RG,4590,2,D,NI,BK,F
10:35:14,UNVR,RG,4590,3,F,AK,BB,F
10:35:14,UNVR,RG,4590,1,D,XC,BB,F
10:34:45,UNVR,RG,4590,1,F,AK,BB,F
10:34:20,UNVR,RG,4580,34,D,LG,SQ,D
10:33:52,UNVR,RG,4580,2,D,LG,PD,D
10:33:45,UNVR,RG,4590,20,D,DX,BB,F
10:33:45,UNVR,RG,4590,27,D,DX,BB,F
10:33:45,UNVR,RG,4590,116,D,DX,YU,F
10:33:45,UNVR,RG,4590,87,D,DX,ZP,F
10:33:35,UNVR,RG,4580,20,D,LG,SQ,D
10:33:24,UNVR,RG,4590,1,D,PD,ZP,F
10:32:41,UNVR,RG,4590,1,D,XC,ZP,F
10:32:21,UNVR,RG,4590,10,D,DR,ZP,F
10:31:58,UNVR,RG,4590,10,D,NI,ZP,F
10:31:15,UNVR,RG,4590,1,F,AK,ZP,F
10:31:15,UNVR,RG,4590,2,F,AK,CS,F
10:30:45,UNVR,RG,4580,2,D,LG,CC,D
10:29:54,UNVR,RG,4580,10,D,LG,LG,D
10:29:38,UNVR,RG,4580,17,D,LG,YU,D
10:29:36,UNVR,RG,4590,1,D,EP,CS,F
10:29:32,UNVR,RG,4590,1,D,PD,CS,F
10:29:08,UNVR,RG,4580,1,D,LG,KK,D
10:28:50,UNVR,RG,4580,4,D,LG,CC,D
10:28:45,UNVR,RG,4590,3,F,AK,CS,F
10:28:23,UNVR,RG,4590,3,D,CC,CS,F
10:27:30,UNVR,RG,4590,10,D,YP,CS,F
10:27:30,UNVR,RG,4590,1,D,YP,NI,D
10:27:30,UNVR,RG,4590,2,D,YP,YU,D
10:27:30,UNVR,RG,4590,6,D,YP,AK,F
10:27:30,UNVR,RG,4590,1,D,YP,PD,D
10:26:48,UNVR,RG,4590,2,F,AK,PD,D
10:26:48,UNVR,RG,4590,74,F,AK,ZP,F
10:26:48,UNVR,RG,4590,25,F,AK,BB,F
10:26:48,UNVR,RG,4590,4,F,AK,ZP,F
10:26:48,UNVR,RG,4590,10,F,AK,PD,D
10:26:48,UNVR,RG,4590,1,F,AK,NI,D
10:26:48,UNVR,RG,4590,1,F,AK,XC,D
10:26:48,UNVR,RG,4590,15,F,AK,BK,F
10:26:48,UNVR,RG,4590,20,F,AK,LG,D
10:26:48,UNVR,RG,4590,98,F,AK,ZP,F
10:26:46,UNVR,RG,4590,11,D,SQ,ZP,F
10:26:46,UNVR,RG,4590,1,D,SQ,YP,D
10:26:46,UNVR,RG,4590,8,D,SQ,BK,F
10:26:30,UNVR,RG,4590,5,D,NI,BK,F
10:26:24,UNVR,RG,4590,1,D,GR,BK,F
10:25:50,UNVR,RG,4590,1,D,YP,BK,F
10:25:43,UNVR,RG,4590,7,D,GR,AK,F
10:25:20,UNVR,RG,4590,1,D,YP,YP,D
10:25:20,UNVR,RG,4590,1,D,YP,YP,D
10:25:20,UNVR,RG,4590,1,D,YP,XC,D
10:25:20,UNVR,RG,4590,16,D,YP,BB,F
10:24:47,UNVR,RG,4590,27,D,GR,BB,F
10:24:47,UNVR,RG,4590,1,D,GR,YP,D
10:24:47,UNVR,RG,4590,95,D,GR,YU,F
10:24:43,UNVR,RG,4590,66,D,GR,YU,F
10:24:43,UNVR,RG,4590,25,D,GR,YP,D
10:24:43,UNVR,RG,4590,30,D,GR,BK,F
10:24:43,UNVR,RG,4590,6,D,GR,AK,F
10:24:43,UNVR,RG,4590,18,D,GR,ZP,F
10:23:18,UNVR,RG,4580,16,D,LG,CC,D
10:23:17,UNVR,RG,4580,15,D,LG,YU,D
10:23:10,UNVR,RG,4580,4,D,LG,PD,D
10:22:58,UNVR,RG,4590,7,D,AZ,ZP,F
10:22:56,UNVR,RG,4580,2,D,LG,YU,D
10:22:54,UNVR,RG,4580,14,D,LG,BK,F
10:22:34,UNVR,RG,4590,2,D,YP,ZP,F
10:22:22,UNVR,RG,4590,10,D,YP,ZP,F
10:21:00,UNVR,RG,4580,15,D,LG,BK,F
10:19:51,UNVR,RG,4590,1,D,YP,ZP,F
10:19:40,UNVR,RG,4580,1,D,LG,XC,D
10:18:56,UNVR,RG,4580,2,D,LG,PD,D
10:18:15,UNVR,RG,4590,58,D,PD,ZP,F
10:18:15,UNVR,RG,4590,4,D,PD,XC,D
10:18:09,UNVR,RG,4590,2,D,XC,XC,D
10:17:49,UNVR,RG,4590,1,D,AG,BB,F
10:17:39,UNVR,RG,4590,1,D,PD,BB,F
10:17:21,UNVR,RG,4590,4,D,PD,BB,F
10:16:59,UNVR,RG,4580,17,D,LG,YU,D
10:16:31,UNVR,RG,4590,1,D,YP,BB,F
10:16:28,UNVR,RG,4590,3,F,AK,AK,F
10:16:28,UNVR,RG,4590,2,D,XC,AK,F
10:16:28,UNVR,RG,4590,1,D,YP,AK,F
10:16:28,UNVR,RG,4590,1,D,PD,AK,F
10:16:28,UNVR,RG,4590,7,D,PD,AK,F
10:16:28,UNVR,RG,4590,1,D,XA,AK,F
10:16:28,UNVR,RG,4590,83,D,GR,AK,F
10:16:28,UNVR,RG,4590,47,D,GR,YU,F
10:16:28,UNVR,RG,4590,3,D,XC,YU,F
10:16:28,UNVR,RG,4590,101,D,PD,YU,F
10:16:20,UNVR,RG,4590,3,D,PD,ZP,F
10:16:20,UNVR,RG,4590,146,D,PD,XL,D
10:16:20,UNVR,RG,4590,10,D,YP,XL,D
10:16:20,UNVR,RG,4590,6,F,AK,XL,D
10:16:20,UNVR,RG,4590,192,D,LG,XL,D
10:16:08,UNVR,RG,4590,1,D,LG,YP,D
10:15:33,UNVR,RG,4590,50,D,LG,AI,D
10:15:32,UNVR,RG,4590,1,D,LG,PD,D
10:14:43,UNVR,RG,4590,1,D,LG,YP,D
10:14:22,UNVR,RG,4590,5,D,LG,CC,D
10:13:44,UNVR,RG,4590,1,D,LG,XL,D
10:13:40,UNVR,RG,4590,300,D,LG,CC,D
10:13:05,UNVR,RG,4600,63,D,PD,XA,D
10:12:43,UNVR,RG,4590,20,D,LG,XC,D
10:12:38,UNVR,RG,4590,1,D,LG,XL,D
10:12:26,UNVR,RG,4590,20,D,LG,KK,D
10:12:26,UNVR,RG,4590,1,D,LG,YP,D
10:12:26,UNVR,RG,4590,33,D,LG,BB,F
10:12:26,UNVR,RG,4590,10,D,LG,OD,D
10:12:26,UNVR,RG,4590,195,D,LG,YU,F
10:12:26,UNVR,RG,4590,14,D,LG,BK,F
10:12:26,UNVR,RG,4590,53,D,LG,BB,F
10:12:26,UNVR,RG,4590,302,D,LG,YP,D
10:12:23,UNVR,RG,4590,2,D,XC,YP,D
10:12:11,UNVR,RG,4590,1,D,XC,YP,D
10:11:53,UNVR,RG,4590,50,D,OD,YP,D
10:11:42,UNVR,RG,4590,1,D,XC,YP,D
10:10:53,UNVR,RG,4590,1,D,PD,YP,D
10:10:47,UNVR,RG,4590,215,D,LG,BB,F
10:10:36,UNVR,RG,4590,9,D,LG,AK,F
10:10:36,UNVR,RG,4590,7,D,LG,AK,F
10:10:36,UNVR,RG,4590,110,D,LG,BB,F
10:10:36,UNVR,RG,4590,4,D,LG,ZP,F
10:10:36,UNVR,RG,4590,327,D,LG,YU,F
10:10:36,UNVR,RG,4590,114,D,LG,ZP,F
10:10:36,UNVR,RG,4590,84,D,LG,ZP,F
10:10:36,UNVR,RG,4590,137,D,LG,ZP,F
10:10:36,UNVR,RG,4590,70,D,LG,BK,F
10:10:36,UNVR,RG,4590,82,D,LG,BB,F
10:10:36,UNVR,RG,4590,41,D,LG,YP,D
10:10:35,UNVR,RG,4590,450,D,LG,YP,D
10:10:35,UNVR,RG,4590,50,D,LG,YP,D
10:10:24,UNVR,RG,4580,16,D,LG,YU,D
10:10:18,UNVR,RG,4580,16,D,LG,BK,F
10:10:17,UNVR,RG,4590,4,F,AK,YP,D
10:10:17,UNVR,RG,4590,1,F,AK,YP,D
10:10:17,UNVR,RG,4590,450,D,LG,YP,D
10:10:17,UNVR,RG,4590,50,D,LG,YP,D
10:10:17,UNVR,RG,4590,3,D,YP,YP,D
10:10:17,UNVR,RG,4590,6,D,XC,YP,D
10:10:17,UNVR,RG,4590,10,D,PD,YP,D
10:10:17,UNVR,RG,4590,100,D,YU,YP,D
10:10:17,UNVR,RG,4590,1,D,YP,YP,D
10:10:17,UNVR,RG,4590,1,D,KK,YP,D
10:10:17,UNVR,RG,4590,2,D,XA,YP,D
10:10:17,UNVR,RG,4590,2,D,CC,YP,D
10:10:17,UNVR,RG,4590,4,F,AK,YP,D
10:10:17,UNVR,RG,4590,1,F,AK,YP,D
10:10:17,UNVR,RG,4590,1,D,CC,YP,D
10:10:17,UNVR,RG,4590,126,D,PD,YP,D
10:10:17,UNVR,RG,4590,1,F,BK,YP,D
10:10:17,UNVR,RG,4590,14,D,PD,YP,D
10:10:07,UNVR,RG,4590,10,D,PD,CP,D
10:09:47,UNVR,RG,4600,22,D,PD,XA,D
10:09:28,UNVR,RG,4590,1,D,PD,ZP,F
10:09:09,UNVR,RG,4590,1,D,PD,ZP,F
10:09:09,UNVR,RG,4590,24,D,PD,PD,D
10:09:09,UNVR,RG,4590,2,D,NI,PD,D
10:09:09,UNVR,RG,4590,19,D,HP,PD,D
10:08:53,UNVR,RG,4590,1,D,HP,PD,D
10:08:53,UNVR,RG,4600,2,D,PD,XA,D
10:08:30,UNVR,RG,4590,5,D,HP,XL,D
10:08:21,UNVR,RG,4600,62,D,PD,XA,D
10:08:16,UNVR,RG,4590,1,D,HP,BQ,D
10:08:15,UNVR,RG,4590,4,D,HP,YP,D
10:08:15,UNVR,RG,4590,1,D,HP,ZP,F
10:07:59,UNVR,RG,4590,1,D,HP,YP,D
10:07:36,UNVR,RG,4590,3,D,HP,YP,D
10:07:35,UNVR,RG,4590,1,D,HP,BQ,D
10:07:30,UNVR,RG,4590,2,D,HP,NI,D
10:07:21,UNVR,RG,4600,5,D,DR,XA,D
10:07:17,UNVR,RG,4600,4,D,YU,XA,D
10:07:15,UNVR,RG,4590,4,D,HP,ZP,F
10:06:50,UNVR,RG,4590,2,D,HP,XC,D
10:06:46,UNVR,RG,4590,100,D,HP,ES,D
10:06:44,UNVR,RG,4590,1,D,HP,XC,D
10:05:58,UNVR,RG,4590,1,D,HP,XC,D
10:05:34,UNVR,RG,4590,1,D,HP,PD,D
10:05:17,UNVR,RG,4590,1,D,HP,ZP,F
10:04:37,UNVR,RG,4590,52,D,HP,XC,D
10:04:37,UNVR,RG,4590,2,D,OD,XC,D
10:04:37,UNVR,RG,4590,1,D,XL,XC,D
10:04:37,UNVR,RG,4590,10,D,YP,XC,D
10:04:37,UNVR,RG,4590,53,D,YP,XC,D
10:04:28,UNVR,RG,4590,1,D,YP,CC,D
10:04:25,UNVR,RG,4590,46,D,YP,YU,F
10:04:25,UNVR,RG,4590,4,F,AK,YU,F
10:04:25,UNVR,RG,4590,1,F,AK,YU,F
10:04:25,UNVR,RG,4590,59,D,LG,YU,F
10:04:21,UNVR,RG,4590,10,D,LG,YP,D
10:04:18,UNVR,RG,4590,5,D,LG,ZP,F
10:04:18,UNVR,RG,4590,4,D,LG,BQ,D
10:04:16,UNVR,RG,4600,29,D,NI,XA,D
10:04:13,UNVR,RG,4590,15,D,LG,YU,D
10:03:56,UNVR,RG,4590,20,D,LG,XC,D
10:03:35,UNVR,RG,4590,50,D,LG,NI,D
10:03:27,UNVR,RG,4600,5,D,HP,XA,D
10:03:14,UNVR,RG,4600,32,D,PD,XA,D
10:03:14,UNVR,RG,4600,9,D,PD,KK,D
10:03:14,UNVR,RG,4600,21,D,PD,CC,D
10:03:10,UNVR,RG,4590,1,D,LG,CC,D
10:02:31,UNVR,RG,4600,2,D,YP,CC,D
10:02:11,UNVR,RG,4600,1,D,PD,CC,D
10:01:32,UNVR,RG,4600,1,D,XL,CC,D
10:01:25,UNVR,RG,4590,100,D,LG,LG,D
10:01:25,UNVR,RG,4600,4,D,PD,CC,D
10:01:18,UNVR,RG,4590,20,D,LG,EP,D
10:01:14,UNVR,RG,4590,156,D,LG,YU,F
10:01:03,UNVR,RG,4590,5,D,LG,PD,D
10:00:47,UNVR,RG,4590,5,D,LG,CC,D
10:00:42,UNVR,RG,4590,28,D,LG,PD,D
10:00:33,UNVR,RG,4590,5,D,LG,SQ,D
10:00:14,UNVR,RG,4590,15,D,LG,BK,F
10:00:14,UNVR,RG,4590,575,D,LG,YU,F
10:00:14,UNVR,RG,4590,100,D,LG,LG,D
10:00:14,UNVR,RG,4590,1,D,LG,CP,D
10:00:14,UNVR,RG,4590,8,D,LG,AK,F
10:00:14,UNVR,RG,4590,1,D,LG,NI,D
10:00:14,UNVR,RG,4590,17,D,LG,BB,F
10:00:11,UNVR,RG,4590,25,D,LG,BB,F
10:00:11,UNVR,RG,4590,68,D,LG,BK,F
10:00:11,UNVR,RG,4590,90,D,LG,ZP,F
10:00:11,UNVR,RG,4590,119,D,LG,ZP,F
10:00:11,UNVR,RG,4590,27,D,LG,BB,F
10:00:11,UNVR,RG,4590,4,D,LG,ZP,F
10:00:11,UNVR,RG,4590,117,D,LG,YP,D
10:00:11,UNVR,RG,4590,50,D,LG,YP,D
10:00:10,UNVR,RG,4590,8,D,GR,YP,D
10:00:08,UNVR,RG,4590,1,D,KK,YP,D
09:59:56,UNVR,RG,4590,5,F,AK,YP,D
09:59:56,UNVR,RG,4590,1,F,AK,YP,D
09:59:56,UNVR,RG,4590,6,F,AK,YP,D
09:59:56,UNVR,RG,4590,1,F,AK,YP,D
09:59:56,UNVR,RG,4590,450,D,LG,YP,D
09:59:56,UNVR,RG,4590,50,D,LG,YP,D
09:59:56,UNVR,RG,4590,1,D,GR,YP,D
09:59:56,UNVR,RG,4590,5,D,YP,YP,D
09:59:56,UNVR,RG,4590,150,D,GR,YP,D
09:59:56,UNVR,RG,4590,10,D,KK,YP,D
09:59:56,UNVR,RG,4590,145,D,AR,YP,D
09:59:48,UNVR,RG,4590,10,D,AR,YP,D
09:59:42,UNVR,RG,4590,10,D,AR,YP,D
09:59:35,UNVR,RG,4590,10,D,AR,PD,D
09:59:34,UNVR,RG,4590,25,D,AR,YP,D
09:59:34,UNVR,RG,4590,1,D,XC,YP,D
09:59:34,UNVR,RG,4590,100,D,AR,YP,D
09:59:34,UNVR,RG,4590,100,D,AR,YP,D
09:59:34,UNVR,RG,4590,200,D,EP,YP,D
09:59:34,UNVR,RG,4590,5,F,AK,YP,D
09:59:34,UNVR,RG,4590,1,F,AK,YP,D
09:59:34,UNVR,RG,4590,68,D,LG,YP,D
09:59:34,UNVR,RG,4590,10,D,LG,XC,D
09:59:32,UNVR,RG,4590,100,D,LG,YP,D
09:59:30,UNVR,RG,4590,100,D,LG,CP,D
09:59:27,UNVR,RG,4590,400,D,LG,DR,D
09:59:23,UNVR,RG,4590,74,D,LG,PD,D
09:59:00,UNVR,RG,4600,5,F,AK,CC,D
09:58:36,UNVR,RG,4590,3,D,LG,CC,D
09:58:05,UNVR,RG,4600,28,D,PD,CC,D
09:58:05,UNVR,RG,4600,2,D,PD,XC,D
09:58:05,UNVR,RG,4600,20,D,PD,ZP,D
09:58:05,UNVR,RG,4600,5,D,PD,YP,D
09:58:05,UNVR,RG,4600,1,D,PD,YP,D
09:58:05,UNVR,RG,4600,3,D,PD,YP,D
09:58:05,UNVR,RG,4600,1,D,PD,YP,D
09:58:05,UNVR,RG,4600,2,D,PD,EP,D
09:57:55,UNVR,RG,4590,2,D,LG,CC,D
09:57:22,UNVR,RG,4590,10,D,LG,DR,D
09:57:15,UNVR,RG,4600,1,F,AK,EP,D
09:56:26,UNVR,RG,4590,1,D,LG,PD,D
09:55:55,UNVR,RG,4590,35,D,LG,BK,F
09:55:55,UNVR,RG,4590,7,D,LG,ZP,F
09:55:55,UNVR,RG,4590,390,D,LG,YP,D
09:55:50,UNVR,RG,4590,5,D,DR,YP,D
09:55:48,UNVR,RG,4590,9,D,XC,YP,D
09:55:44,UNVR,RG,4590,3,D,KK,YP,D
09:55:44,UNVR,RG,4590,3,D,XC,YP,D
09:55:44,UNVR,RG,4590,1,D,XC,YP,D
09:55:44,UNVR,RG,4590,1,D,PD,YP,D
09:55:44,UNVR,RG,4590,71,D,LG,YP,D
09:55:39,UNVR,RG,4590,1,D,LG,PD,D
09:55:28,UNVR,RG,4600,1,D,XL,EP,D
09:55:15,UNVR,RG,4600,7,F,AK,EP,D
09:54:39,UNVR,RG,4600,1,D,SQ,EP,D
09:53:50,UNVR,RG,4590,2,D,LG,PD,D
09:53:50,UNVR,RG,4590,15,D,LG,KK,D
09:53:50,UNVR,RG,4590,2,D,LG,XL,D
09:53:50,UNVR,RG,4590,8,D,LG,AK,F
09:53:50,UNVR,RG,4590,70,D,LG,ZP,F
09:53:50,UNVR,RG,4590,20,D,LG,YP,D
09:53:50,UNVR,RG,4590,8,D,LG,PD,D
09:53:50,UNVR,RG,4590,16,D,LG,CC,D
09:53:50,UNVR,RG,4590,8,D,LG,YU,D
09:53:50,UNVR,RG,4590,108,D,LG,ZP,F
09:53:50,UNVR,RG,4590,70,D,LG,OD,D
09:53:50,UNVR,RG,4590,1,D,LG,LG,D
09:53:50,UNVR,RG,4590,50,D,LG,YU,F
09:53:50,UNVR,RG,4590,50,D,LG,YU,F
09:53:49,UNVR,RG,4590,33,D,LG,YU,F
09:53:49,UNVR,RG,4590,2,D,LG,ZP,F
09:53:49,UNVR,RG,4590,1,D,LG,PD,D
09:53:49,UNVR,RG,4590,10,D,LG,PD,D
09:53:49,UNVR,RG,4590,7,D,LG,YU,D
09:53:49,UNVR,RG,4590,27,D,LG,ZP,F
09:53:49,UNVR,RG,4590,19,D,LG,CC,D
09:53:49,UNVR,RG,4590,1,D,LG,PD,D
09:53:49,UNVR,RG,4590,7,D,LG,YU,D
09:53:49,UNVR,RG,4590,6,D,LG,BK,F
09:53:49,UNVR,RG,4590,3,D,LG,YP,D
09:53:49,UNVR,RG,4590,2,D,LG,PD,D
09:53:49,UNVR,RG,4590,1,D,LG,PD,D
09:53:49,UNVR,RG,4590,10,D,LG,YP,D
09:53:49,UNVR,RG,4590,25,D,LG,EP,D
09:53:49,UNVR,RG,4590,18,D,LG,BK,F
09:53:49,UNVR,RG,4590,300,D,LG,YP,D
09:53:49,UNVR,RG,4590,5,D,LG,NI,D
09:53:49,UNVR,RG,4590,100,D,LG,CC,D
09:53:49,UNVR,RG,4590,10,D,LG,XL,D
09:53:49,UNVR,RG,4590,100,D,LG,AI,D
09:53:49,UNVR,RG,4590,100,D,LG,SQ,D
09:53:49,UNVR,RG,4590,6,D,LG,LS,D
09:53:49,UNVR,RG,4590,3,D,LG,XL,D
09:53:49,UNVR,RG,4590,100,D,LG,YP,D
09:53:49,UNVR,RG,4590,5,D,LG,YP,D
09:53:49,UNVR,RG,4590,3,D,LG,XC,D
09:53:49,UNVR,RG,4590,1,D,LG,XC,D
09:53:49,UNVR,RG,4590,24,D,LG,ZP,F
09:53:49,UNVR,RG,4590,1,D,LG,XC,D
09:53:49,UNVR,RG,4590,100,D,LG,YP,D
09:53:49,UNVR,RG,4590,1,D,LG,XC,D
09:53:49,UNVR,RG,4590,1,D,LG,XC,D
09:53:49,UNVR,RG,4590,100,D,LG,YP,D
09:53:49,UNVR,RG,4590,5,D,LG,DH,D
09:53:49,UNVR,RG,4590,1,D,LG,YP,D
09:53:49,UNVR,RG,4590,10,D,LG,CC,D
09:53:49,UNVR,RG,4590,5,D,LG,SQ,D
09:53:49,UNVR,RG,4590,40,D,LG,PD,D
09:53:49,UNVR,RG,4590,5,D,LG,YP,D
09:53:49,UNVR,RG,4590,2,D,LG,ZP,D
09:53:37,UNVR,RG,4590,3,D,YP,ZP,D
09:53:34,UNVR,RG,4590,3,D,KK,ZP,D
09:53:16,UNVR,RG,4590,62,D,PD,ZP,D
09:53:15,UNVR,RG,4590,1,F,AK,ZP,D
09:52:42,UNVR,RG,4580,5,D,LG,XL,D
09:52:34,UNVR,RG,4580,1,D,LG,CC,D
09:51:45,UNVR,RG,4590,6,F,AK,ZP,D
09:51:42,UNVR,RG,4580,1,D,LG,DH,D
09:51:24,UNVR,RG,4580,24,D,LG,YP,D
09:50:53,UNVR,RG,4580,1,D,LG,PD,D
09:50:08,UNVR,RG,4580,15,D,LG,BK,F
09:50:08,UNVR,RG,4580,8,D,LG,AK,F
09:50:08,UNVR,RG,4580,8,D,LG,AK,F
09:50:08,UNVR,RG,4580,245,D,LG,YU,F
09:49:57,UNVR,RG,4570,1,D,CC,PD,D
09:49:48,UNVR,RG,4580,7,D,BQ,YU,F
09:49:48,UNVR,RG,4580,92,D,BQ,ZP,F
09:49:48,UNVR,RG,4580,32,D,BQ,BK,F
09:49:48,UNVR,RG,4580,6,D,BQ,ZP,F
09:49:48,UNVR,RG,4580,83,D,BQ,BB,F
09:49:41,UNVR,RG,4580,1,D,CC,BB,F
09:49:37,UNVR,RG,4580,1,D,XC,BB,F
09:49:34,UNVR,RG,4580,2,D,CC,BB,F
09:49:30,UNVR,RG,4580,3,D,XC,BB,F
09:49:30,UNVR,RG,4580,100,D,CC,BB,F
09:49:30,UNVR,RG,4580,5,D,CC,BB,F
09:49:30,UNVR,RG,4580,3,D,YP,BB,F
09:49:30,UNVR,RG,4580,5,D,YP,BB,F
09:49:30,UNVR,RG,4580,2,D,PD,BB,F
09:49:30,UNVR,RG,4580,45,D,YB,BB,F
09:48:55,UNVR,RG,4590,1,D,XC,ZP,D
09:48:30,UNVR,RG,4580,7,D,YB,XC,D
09:48:19,UNVR,RG,4590,22,D,PD,ZP,D
09:48:19,UNVR,RG,4590,20,D,PD,CC,D
09:48:19,UNVR,RG,4590,20,D,PD,PD,D
09:48:07,UNVR,RG,4580,48,D,YB,AI,D
09:48:07,UNVR,RG,4580,2,D,YP,AI,D
09:48:07,UNVR,RG,4580,50,D,LG,AI,D
09:46:33,UNVR,RG,4580,10,D,LG,SQ,D
09:46:01,UNVR,RG,4580,1,D,LG,XC,D
09:46:01,UNVR,RG,4590,1,D,PD,FZ,D
09:45:18,UNVR,RG,4580,100,D,LG,FS,D
09:45:00,UNVR,RG,4580,10,D,LG,EP,D
09:44:35,UNVR,RG,4580,19,D,LG,BK,F
09:44:35,UNVR,RG,4580,80,D,LG,CC,D
09:44:35,UNVR,RG,4580,3,D,LG,YP,D
09:44:35,UNVR,RG,4580,1,D,LG,XC,D
09:44:35,UNVR,RG,4580,17,D,LG,BK,F
09:44:35,UNVR,RG,4580,1,D,LG,PD,D
09:44:35,UNVR,RG,4580,495,D,LG,YU,F
09:44:35,UNVR,RG,4580,50,D,LG,SQ,D
09:44:35,UNVR,RG,4580,50,D,LG,SQ,D
09:44:35,UNVR,RG,4580,65,D,LG,ZP,F
09:44:35,UNVR,RG,4580,22,D,LG,SQ,D
09:44:35,UNVR,RG,4580,3,D,LG,PD,D
09:44:35,UNVR,RG,4580,1,D,LG,ZP,F
09:44:35,UNVR,RG,4580,1,D,LG,PD,D
09:44:35,UNVR,RG,4580,2,D,LG,AT,D
09:44:35,UNVR,RG,4580,1,D,LG,YP,D
09:44:35,UNVR,RG,4580,8,D,LG,YU,D
09:44:35,UNVR,RG,4580,6,D,LG,OD,D
09:44:35,UNVR,RG,4580,9,D,LG,YU,D
09:44:35,UNVR,RG,4580,38,D,LG,XL,D
09:44:35,UNVR,RG,4580,43,D,LG,ZP,F
09:44:35,UNVR,RG,4580,1,D,LG,NI,D
09:44:35,UNVR,RG,4580,113,D,LG,YU,D
09:44:34,UNVR,RG,4580,450,D,LG,YU,D
09:44:34,UNVR,RG,4580,50,D,LG,YU,D
09:44:25,UNVR,RG,4580,4,D,YP,YU,D
09:44:24,UNVR,RG,4580,2,D,PD,YU,D
09:44:08,UNVR,RG,4580,15,D,GR,YU,D
09:44:06,UNVR,RG,4580,1,D,PD,YU,D
09:43:57,UNVR,RG,4580,15,D,CC,YU,D
09:43:54,UNVR,RG,4570,3,D,CC,YP,D
09:43:45,UNVR,RG,4580,5,D,YP,YU,D
09:43:39,UNVR,RG,4580,1,D,PD,YU,D
09:43:30,UNVR,RG,4570,45,D,CC,SQ,D
09:43:23,UNVR,RG,4580,250,D,SQ,YU,D
09:43:17,UNVR,RG,4580,33,D,PD,YU,D
09:43:17,UNVR,RG,4580,29,D,PD,BK,F
09:43:07,UNVR,RG,4570,88,D,CC,YP,D
09:43:04,UNVR,RG,4570,4,D,CC,ZP,D
09:42:53,UNVR,RG,4580,1,D,PD,BK,F
09:42:40,UNVR,RG,4570,3,D,CC,YP,D
09:42:38,UNVR,RG,4570,3,D,CC,XC,D
09:42:35,UNVR,RG,4580,1,D,PD,BK,F
09:42:28,UNVR,RG,4570,4,D,CC,AK,F
09:42:28,UNVR,RG,4570,11,D,CC,AK,F
09:42:28,UNVR,RG,4570,25,D,CC,BK,F
09:42:28,UNVR,RG,4570,16,D,CC,ZP,F
09:42:28,UNVR,RG,4570,106,D,CC,AK,F
09:42:28,UNVR,RG,4570,15,D,CC,AT,D
09:42:28,UNVR,RG,4570,1,D,CC,PD,D
09:42:28,UNVR,RG,4570,9,D,CC,YU,D
09:42:28,UNVR,RG,4570,1,D,CC,KK,D
09:42:28,UNVR,RG,4570,7,D,CC,BQ,D
09:42:28,UNVR,RG,4570,49,D,CC,AK,F
09:42:27,UNVR,RG,4570,54,D,LG,AK,F
09:42:27,UNVR,RG,4570,166,D,LG,AK,F
09:42:27,UNVR,RG,4570,10,D,LG,AK,F
09:42:27,UNVR,RG,4570,92,D,LG,ZP,F
09:42:27,UNVR,RG,4570,1,D,LG,YP,D
09:42:27,UNVR,RG,4570,77,D,LG,ZP,F
09:42:27,UNVR,RG,4570,15,D,LG,NI,D
09:42:27,UNVR,RG,4570,10,D,LG,AK,F
09:42:27,UNVR,RG,4570,8,D,LG,BQ,D
09:42:27,UNVR,RG,4570,1,D,LG,KK,D
09:42:27,UNVR,RG,4570,83,D,LG,ZP,F
09:42:27,UNVR,RG,4570,1,D,LG,YP,D
09:42:27,UNVR,RG,4570,67,D,LG,EP,D
09:42:27,UNVR,RG,4570,96,D,LG,ZP,F
09:42:27,UNVR,RG,4570,1,D,LG,PD,D
09:42:27,UNVR,RG,4570,4,D,LG,PD,D
09:42:27,UNVR,RG,4570,141,D,LG,YU,F
09:42:27,UNVR,RG,4570,1,D,LG,SQ,D
09:42:27,UNVR,RG,4570,10,D,LG,AK,F
09:42:27,UNVR,RG,4570,10,D,LG,AK,F
09:42:27,UNVR,RG,4570,352,D,LG,YU,F
09:42:25,UNVR,RG,4560,63,D,YB,AK,F
09:42:25,UNVR,RG,4560,13,D,KK,AK,F
09:42:24,UNVR,RG,4570,174,D,LG,YU,F
09:42:24,UNVR,RG,4570,1,D,LG,ZP,F
09:42:24,UNVR,RG,4570,103,D,LG,BK,F
09:42:24,UNVR,RG,4570,83,D,LG,ZP,F
09:42:24,UNVR,RG,4570,89,D,LG,ZP,F
09:42:24,UNVR,RG,4570,18,D,LG,ZP,F
09:42:24,UNVR,RG,4570,32,D,LG,ZP,F
09:42:24,UNVR,RG,4570,55,D,LG,ZP,F
09:42:24,UNVR,RG,4570,107,D,LG,ZP,F
09:42:24,UNVR,RG,4570,1,D,LG,ZP,F
09:42:24,UNVR,RG,4570,287,D,LG,AK,F
09:42:24,UNVR,RG,4570,50,D,LG,AK,F
09:42:18,UNVR,RG,4560,17,D,KK,ZP,F
09:42:18,UNVR,RG,4560,16,D,KK,ZP,F
09:42:05,UNVR,RG,4570,2,D,XL,AK,F
09:41:54,UNVR,RG,4560,1,D,KK,XC,D
09:41:45,UNVR,RG,4560,1,D,KK,XC,D
09:41:22,UNVR,RG,4560,29,D,KK,ZP,F
09:41:10,UNVR,RG,4570,24,D,CC,AK,F
09:41:00,UNVR,RG,4570,1,D,XC,AK,F
09:40:48,UNVR,RG,4570,10,D,DR,AK,F
09:40:38,UNVR,RG,4560,33,D,KK,ZP,F
09:39:47,UNVR,RG,4570,2,D,YP,AK,F
09:39:33,UNVR,RG,4570,10,D,KK,AK,F
09:38:57,UNVR,RG,4570,5,D,PD,AK,F
09:38:46,UNVR,RG,4560,1,D,KK,EP,D
09:38:40,UNVR,RG,4560,1,D,KK,XC,D
09:38:39,UNVR,RG,4560,16,D,KK,YU,D
09:38:36,UNVR,RG,4560,2,D,KK,PD,D
09:38:36,UNVR,RG,4560,1,D,CC,PD,D
09:38:36,UNVR,RG,4560,1,D,CC,PD,D
09:38:36,UNVR,RG,4560,1,D,YP,PD,D
09:38:31,UNVR,RG,4560,1,D,YP,BK,F
09:38:31,UNVR,RG,4560,1,D,PD,BK,F
09:38:31,UNVR,RG,4560,10,D,PD,BK,F
09:38:31,UNVR,RG,4560,2,D,CC,BK,F
09:38:31,UNVR,RG,4560,2,D,YP,BK,F
09:38:29,UNVR,RG,4560,5,D,YP,AK,F
09:38:29,UNVR,RG,4560,5,D,CC,AK,F
09:38:29,UNVR,RG,4560,1,D,PD,AK,F
09:38:29,UNVR,RG,4560,1,D,PD,AK,F
09:38:29,UNVR,RG,4560,1,D,PD,AK,F
09:38:29,UNVR,RG,4560,10,D,PD,AK,F
09:38:29,UNVR,RG,4560,6,D,PD,AK,F
09:38:29,UNVR,RG,4560,5,D,PD,AK,F
09:38:29,UNVR,RG,4560,60,D,YP,AK,F
09:38:29,UNVR,RG,4560,1,D,PD,AK,F
09:38:29,UNVR,RG,4560,4,D,PD,AK,F
09:38:29,UNVR,RG,4560,1,D,YP,AK,F
09:38:29,UNVR,RG,4560,1,D,CC,AK,F
09:38:29,UNVR,RG,4560,73,D,YP,AK,F
09:38:28,UNVR,RG,4570,200,D,DR,AK,F
09:38:00,UNVR,RG,4570,25,D,EP,AK,F
09:37:51,UNVR,RG,4570,1,D,XC,AK,F
09:36:57,UNVR,RG,4560,1,D,YP,PD,D
09:36:39,UNVR,RG,4560,4,D,YP,NI,D
09:36:36,UNVR,RG,4560,3,D,YP,YP,D
09:36:25,UNVR,RG,4560,2,D,YP,PC,D
09:36:00,UNVR,RG,4560,18,D,YP,YP,D
09:35:50,UNVR,RG,4560,1,D,YP,PD,D
09:35:43,UNVR,RG,4560,21,D,YP,NI,D
09:35:43,UNVR,RG,4560,1,D,DR,NI,D
09:35:43,UNVR,RG,4560,5,D,BQ,NI,D
09:35:43,UNVR,RG,4560,3,D,HP,NI,D
09:35:24,UNVR,RG,4560,2,D,HP,XC,D
09:35:23,UNVR,RG,4570,1,D,MG,AK,F
09:35:17,UNVR,RG,4560,1,D,KK,DX,D
09:35:05,UNVR,RG,4560,1,D,KK,PD,D
09:34:54,UNVR,RG,4570,1,D,MG,AK,F
09:33:31,UNVR,RG,4560,2,D,KK,XC,D
09:33:19,UNVR,RG,4560,18,D,KK,EP,D
09:33:19,UNVR,RG,4560,32,D,ES,EP,D
09:33:05,UNVR,RG,4560,1,D,ES,PD,D
09:32:33,UNVR,RG,4570,1,D,XL,AK,F
09:32:23,UNVR,RG,4560,5,D,ES,SQ,D
09:32:19,UNVR,RG,4570,1,D,PD,AK,F
09:32:11,UNVR,RG,4560,16,D,ES,YU,D
09:31:47,UNVR,RG,4560,9,D,ES,YP,D
09:31:20,UNVR,RG,4560,6,D,ES,EP,D
09:31:02,UNVR,RG,4560,15,D,ES,BK,F
09:30:22,UNVR,RG,4560,2,D,ES,AT,D
09:30:22,UNVR,RG,4560,14,D,ES,BK,F
09:30:17,UNVR,RG,4570,5,F,AK,AK,F
09:30:17,UNVR,RG,4570,1,F,AK,AK,F
09:30:17,UNVR,RG,4570,5,D,XL,AK,F
09:30:17,UNVR,RG,4570,5,D,PD,AK,F
09:30:17,UNVR,RG,4570,2,D,PD,AK,F
09:30:17,UNVR,RG,4570,1,D,XC,AK,F
09:30:17,UNVR,RG,4570,2,D,PD,AK,F
09:30:17,UNVR,RG,4570,10,D,YP,AK,F
09:30:17,UNVR,RG,4570,1,D,SQ,AK,F
09:30:17,UNVR,RG,4570,1,D,XC,AK,F
09:30:17,UNVR,RG,4570,1,D,PD,AK,F
09:30:17,UNVR,RG,4570,264,D,CC,AK,F
09:30:17,UNVR,RG,4570,204,D,CC,BK,F
09:30:17,UNVR,RG,4570,15,D,CC,BK,F
09:30:16,UNVR,RG,4570,171,D,CC,YU,F
09:30:14,UNVR,RG,4570,346,D,CC,CD,D
09:30:14,UNVR,RG,4570,5,F,AK,CD,D
09:30:14,UNVR,RG,4570,1,F,AK,CD,D
09:30:14,UNVR,RG,4570,5,D,SQ,CD,D
09:30:14,UNVR,RG,4570,1,D,YP,CD,D
09:30:14,UNVR,RG,4570,10,D,PD,CD,D
09:30:14,UNVR,RG,4570,3,D,PD,CD,D
09:30:14,UNVR,RG,4570,5,D,PD,CD,D
09:30:14,UNVR,RG,4570,5,D,CC,CD,D
09:30:14,UNVR,RG,4570,7,D,YP,CD,D
09:30:14,UNVR,RG,4570,6,F,AK,CD,D
09:30:14,UNVR,RG,4570,10,D,YP,CD,D
09:30:14,UNVR,RG,4570,10,D,NI,CD,D
09:30:14,UNVR,RG,4570,1,D,NI,CD,D
09:30:14,UNVR,RG,4570,3,D,RO,CD,D
09:30:14,UNVR,RG,4570,11,D,XC,CD,D
09:30:14,UNVR,RG,4570,1,F,AK,CD,D
09:30:14,UNVR,RG,4570,1,F,BK,CD,D
09:30:14,UNVR,RG,4570,1,D,PD,CD,D
09:30:14,UNVR,RG,4570,68,D,AI,CD,D
09:29:59,UNVR,RG,4570,17,D,AI,ZP,F
09:29:59,UNVR,RG,4570,15,D,AI,BK,F
09:29:59,UNVR,RG,4570,7,F,AK,BK,F
09:29:59,UNVR,RG,4570,15,D,PD,BK,F
09:29:59,UNVR,RG,4570,5,D,PD,BK,F
09:29:59,UNVR,RG,4570,3,D,XC,BK,F
09:29:59,UNVR,RG,4570,5,D,PD,BK,F
09:29:59,UNVR,RG,4570,1,F,AK,BK,F
09:29:59,UNVR,RG,4570,6,D,SQ,BK,F
09:29:59,UNVR,RG,4570,1,D,KK,BK,F
09:29:59,UNVR,RG,4570,3,D,PD,BK,F
09:29:59,UNVR,RG,4570,15,D,YU,BK,F
09:29:58,UNVR,RG,4570,7,D,YU,BK,F
09:29:58,UNVR,RG,4570,7,F,AK,BK,F
09:29:58,UNVR,RG,4570,2,D,SQ,BK,F
09:29:55,UNVR,RG,4570,3,D,SQ,AK,F
09:29:55,UNVR,RG,4570,1,D,KK,AK,F
09:29:55,UNVR,RG,4570,1,F,AK,AK,F
09:29:55,UNVR,RG,4570,5,D,CC,AK,F
09:29:55,UNVR,RG,4570,15,D,YP,AK,F
09:29:55,UNVR,RG,4570,1,D,PD,AK,F
09:29:55,UNVR,RG,4570,3,D,DH,AK,F
09:29:55,UNVR,RG,4570,1,D,PD,AK,F
09:29:55,UNVR,RG,4570,5,D,YP,AK,F
09:29:55,UNVR,RG,4570,53,D,LG,AK,F
09:29:53,UNVR,RG,4570,15,D,LG,BK,F
09:29:52,UNVR,RG,4570,257,D,LG,AK,F
09:29:52,UNVR,RG,4570,125,D,LG,DR,D
09:29:52,UNVR,RG,4570,50,D,LG,DR,D
09:29:52,UNVR,RG,4570,5,D,CC,DR,D
09:29:52,UNVR,RG,4570,1,D,XL,DR,D
09:29:52,UNVR,RG,4570,1,D,PD,DR,D
09:29:52,UNVR,RG,4570,10,D,YP,DR,D
09:29:52,UNVR,RG,4570,10,D,KK,DR,D
09:29:52,UNVR,RG,4570,10,D,XC,DR,D
09:29:52,UNVR,RG,4570,1,D,YP,DR,D
09:29:52,UNVR,RG,4570,1,D,XC,DR,D
09:29:52,UNVR,RG,4570,2,D,PD,DR,D
09:29:52,UNVR,RG,4570,3,D,PD,DR,D
09:29:52,UNVR,RG,4570,1,D,XL,DR,D
09:29:52,UNVR,RG,4570,1,D,XC,DR,D
09:29:52,UNVR,RG,4570,1,D,CC,DR,D
09:29:52,UNVR,RG,4570,100,D,YB,DR,D
09:29:52,UNVR,RG,4570,50,D,YP,DR,D
09:29:52,UNVR,RG,4570,1,D,XC,DR,D
09:29:52,UNVR,RG,4570,1,D,CC,DR,D
09:29:52,UNVR,RG,4570,2,D,CC,DR,D
09:29:52,UNVR,RG,4570,2,D,YP,DR,D
09:29:52,UNVR,RG,4570,15,D,YP,DR,D
09:29:52,UNVR,RG,4570,5,D,PD,DR,D
09:29:52,UNVR,RG,4570,1,D,PD,DR,D
09:29:52,UNVR,RG,4570,40,D,PD,DR,D
09:29:52,UNVR,RG,4570,1,D,PD,DR,D
09:29:52,UNVR,RG,4570,3,D,PD,DR,D
09:29:52,UNVR,RG,4570,1,D,YP,DR,D
09:29:52,UNVR,RG,4570,1,D,YP,DR,D
09:29:52,UNVR,RG,4570,8,D,YP,DR,D
09:29:52,UNVR,RG,4570,5,D,BQ,DR,D
09:29:52,UNVR,RG,4570,1,D,YB,DR,D
09:29:52,UNVR,RG,4570,1,D,TF,DR,D
09:29:52,UNVR,RG,4570,1540,D,CC,DR,D
09:29:41,UNVR,RG,4570,50,D,CC,YJ,D
09:29:38,UNVR,RG,4580,1,D,DX,BK,F
09:29:27,UNVR,RG,4580,2,F,BK,BK,F
09:29:13,UNVR,RG,4570,1,D,CC,XC,D
09:28:53,UNVR,RG,4580,2,D,XC,BK,F
09:28:35,UNVR,RG,4570,1,D,CC,PD,D
09:28:25,UNVR,RG,4580,7,F,BK,BK,F
09:28:04,UNVR,RG,4580,2,D,GR,BK,F
09:27:54,UNVR,RG,4580,14,D,KK,BK,F
09:27:34,UNVR,RG,4580,1,D,CC,BK,F
09:27:33,UNVR,RG,4570,3,D,CC,CC,D
09:27:10,UNVR,RG,4580,6,F,BK,BK,F
09:27:04,UNVR,RG,4570,4,D,CC,YP,D
09:26:44,UNVR,RG,4570,6,D,CC,XL,D
09:26:12,UNVR,RG,4570,21,D,CC,YP,D
09:26:06,UNVR,RG,4570,2,D,CC,YP,D
09:25:56,UNVR,RG,4570,27,D,CC,AK,F
09:25:50,UNVR,RG,4570,1,D,CC,PD,D
09:25:39,UNVR,RG,4570,230,D,CC,YP,D
09:25:09,UNVR,RG,4580,2,F,YP,AK,F
09:24:48,UNVR,RG,4580,2,D,SQ,AK,F
09:24:14,UNVR,RG,4570,7,D,CC,PD,D
09:24:08,UNVR,RG,4580,3,F,BK,AK,F
09:24:08,UNVR,RG,4580,5,F,BK,ZP,F
09:23:27,UNVR,RG,4570,10,D,CC,YP,D
09:23:23,UNVR,RG,4570,1,D,CC,PD,D
09:23:12,UNVR,RG,4570,1,D,CC,PD,D
09:23:01,UNVR,RG,4570,200,D,CC,CC,D
09:22:24,UNVR,RG,4570,4,D,CC,YP,D
09:21:46,UNVR,RG,4570,10,D,CC,CC,D
09:21:25,UNVR,RG,4570,7,D,CC,XL,D
