Time,Stock,Brd,Price,Qty,BT,BC,SC,ST
15:14:56,UNVR,RG,3850,3,D,LG,RX,F
15:14:48,UNVR,RG,3850,9,D,YP,RX,F
15:14:37,UNVR,RG,3850,5,D,OD,RX,F
15:14:37,UNVR,RG,3850,6,D,PD,RX,F
15:14:30,UNVR,RG,3850,1,D,AO,RX,F
15:14:30,UNVR,RG,3850,25,D,OD,RX,F
15:14:21,UNVR,RG,3850,27,D,CC,RX,F
15:14:08,UNVR,RG,3850,3,D,YP,RX,F
15:14:00,UNVR,RG,3850,50,D,GR,RX,F
15:13:37,UNVR,RG,3850,1,D,CC,RX,F
15:13:36,UNVR,RG,3850,1,D,YP,RX,F
15:13:35,UNVR,RG,3850,5,D,CD,RX,F
15:13:34,UNVR,RG,3850,25,D,PD,RX,F
15:13:32,UNVR,RG,3850,50,D,OK,RX,F
15:13:30,UNVR,RG,3850,5,D,NI,RX,F
15:13:29,UNVR,RG,3850,50,D,GR,RX,F
15:13:29,UNVR,RG,3850,3,D,PD,RX,F
15:13:28,UNVR,RG,3850,50,D,GR,RX,F
15:13:25,UNVR,RG,3850,1,D,AZ,RX,F
15:13:24,UNVR,RG,3850,1,D,KK,RX,F
15:13:20,UNVR,RG,3850,1,D,PD,RX,F
15:13:17,UNVR,RG,3850,9,D,PD,RX,F
15:13:16,UNVR,RG,3850,10,D,CC,RX,F
15:13:10,UNVR,RG,3850,25,D,DX,RX,F
15:13:10,UNVR,RG,3850,1,D,PD,RX,F
15:12:52,UNVR,RG,3850,50,D,GR,RX,F
15:12:52,UNVR,RG,3850,100,D,CP,RX,F
15:12:52,UNVR,RG,3850,1,D,YP,RX,F
15:12:52,UNVR,RG,3850,1,D,KK,RX,F
15:12:52,UNVR,RG,3850,2,D,KK,RX,F
15:12:52,UNVR,RG,3850,35,D,NI,RX,F
15:12:52,UNVR,RG,3850,119,D,GR,RX,F
15:12:51,UNVR,RG,3850,1,D,GR,YP,D
15:12:36,UNVR,RG,3850,7,D,GR,PD,D
15:12:36,UNVR,RG,3850,10,D,GR,YP,D
15:12:23,UNVR,RG,3850,1,D,GR,CC,D
15:12:23,UNVR,RG,3850,112,D,GR,RX,F
15:12:22,UNVR,RG,3850,1,D,XC,RX,F
15:12:13,UNVR,RG,3850,50,D,GR,RX,F
15:12:11,UNVR,RG,3850,1,D,KK,RX,F
15:11:59,UNVR,RG,3850,200,D,NI,RX,F
15:11:56,UNVR,RG,3850,200,D,GR,RX,F
15:11:48,UNVR,RG,3850,3,D,XC,RX,F
15:11:43,UNVR,RG,3850,200,D,CP,RX,F
15:11:42,UNVR,RG,3850,2,D,XC,RX,F
15:11:41,UNVR,RG,3850,100,D,GR,RX,F
15:11:39,UNVR,RG,3850,2,D,CC,RX,F
15:11:37,UNVR,RG,3850,25,D,CC,RX,F
15:11:35,UNVR,RG,3850,2,D,KK,RX,F
15:11:23,UNVR,RG,3850,25,D,DX,RX,F
15:11:19,UNVR,RG,3850,5,D,YP,RX,F
15:11:14,UNVR,RG,3850,10,D,PD,RX,F
15:11:07,UNVR,RG,3850,1,D,XC,RX,F
15:11:01,UNVR,RG,3850,2,D,XC,RX,F
15:10:59,UNVR,RG,3850,20,D,OD,RX,F
15:10:59,UNVR,RG,3850,2,D,CC,RX,F
15:10:59,UNVR,RG,3850,50,D,NI,RX,F
15:10:59,UNVR,RG,3850,3,D,KK,RX,F
15:10:59,UNVR,RG,3850,10,D,YP,RX,F
15:10:59,UNVR,RG,3850,10,D,XC,RX,F
15:10:59,UNVR,RG,3850,2,D,AG,RX,F
15:10:59,UNVR,RG,3850,4,D,CC,RX,F
15:10:59,UNVR,RG,3850,500,D,HP,RX,F
15:10:59,UNVR,RG,3850,1,D,DR,RX,F
15:10:59,UNVR,RG,3850,23,D,YP,RX,F
15:10:59,UNVR,RG,3850,1,D,SQ,RX,F
15:10:59,UNVR,RG,3850,1,D,DR,RX,F
15:10:59,UNVR,RG,3850,10,D,HP,RX,F
15:10:59,UNVR,RG,3850,10,D,YP,RX,F
15:10:59,UNVR,RG,3850,412,D,YP,RX,F
15:10:47,UNVR,RG,3850,1,D,YP,XC,D
15:10:18,UNVR,RG,3850,5,D,YP,PD,D
15:10:18,UNVR,RG,3850,42,D,YP,YJ,D
15:10:17,UNVR,RG,3850,100,D,GR,YJ,D
15:10:15,UNVR,RG,3850,3,D,NI,YJ,D
15:10:14,UNVR,RG,3850,8,D,CC,YJ,D
15:10:13,UNVR,RG,3850,11,D,NI,YJ,D
15:10:13,UNVR,RG,3850,150,D,DH,YJ,D
15:10:09,UNVR,RG,3850,10,D,YP,YJ,D
15:10:09,UNVR,RG,3850,1,D,YP,PD,D
15:10:09,UNVR,RG,3850,927,D,YP,RX,F
15:09:59,UNVR,RG,3850,1,D,SQ,RX,F
15:09:58,UNVR,RG,3850,8,D,NI,RX,F
15:09:48,UNVR,RG,3850,2,D,PD,RX,F
15:09:37,UNVR,RG,3850,50,D,PD,RX,F
15:09:36,UNVR,RG,3850,100,D,CP,RX,F
15:09:36,UNVR,RG,3850,78,D,NI,RX,F
15:09:35,UNVR,RG,3850,3,D,PD,RX,F
15:09:32,UNVR,RG,3850,1,D,SQ,RX,F
15:09:31,UNVR,RG,3850,1,D,YU,RX,F
15:09:27,UNVR,RG,3850,1,D,NI,RX,F
15:09:22,UNVR,RG,3850,7,D,NI,RX,F
15:09:21,UNVR,RG,3850,10,D,PD,RX,F
15:09:17,UNVR,RG,3850,1,D,SQ,RX,F
15:09:15,UNVR,RG,3850,1,D,NI,RX,F
15:09:10,UNVR,RG,3850,25,D,YP,RX,F
15:09:06,UNVR,RG,3850,1,D,PD,RX,F
15:09:00,UNVR,RG,3850,1,D,GR,RX,F
15:08:58,UNVR,RG,3850,1,D,SQ,RX,F
15:08:58,UNVR,RG,3850,20,D,PD,RX,F
15:08:55,UNVR,RG,3850,2,D,NI,RX,F
15:08:50,UNVR,RG,3850,10,D,HP,RX,F
15:08:49,UNVR,RG,3850,5,D,XC,RX,F
15:08:44,UNVR,RG,3850,500,D,HP,RX,F
15:08:41,UNVR,RG,3850,1,D,SQ,RX,F
15:08:38,UNVR,RG,3850,10,D,PD,RX,F
15:08:31,UNVR,RG,3850,5,D,YP,RX,F
15:08:31,UNVR,RG,3850,5,D,PD,RX,F
15:08:31,UNVR,RG,3850,10,D,PD,RX,F
15:08:31,UNVR,RG,3850,5,D,HD,RX,F
15:08:31,UNVR,RG,3850,6,D,NI,RX,F
15:08:31,UNVR,RG,3850,30,D,DR,RX,F
15:08:31,UNVR,RG,3850,5,D,AT,RX,F
15:08:31,UNVR,RG,3850,50,D,GR,RX,F
15:08:31,UNVR,RG,3850,1,D,SQ,RX,F
15:08:31,UNVR,RG,3850,1,D,SQ,RX,F
15:08:31,UNVR,RG,3850,100,D,YP,RX,F
15:08:31,UNVR,RG,3850,15,D,TP,RX,F
15:08:27,UNVR,RG,3850,50,D,TP,SQ,D
15:08:18,UNVR,RG,3850,1,D,TP,PD,D
15:08:18,UNVR,RG,3850,1,D,TP,NI,D
15:08:18,UNVR,RG,3850,20,D,TP,NI,D
15:08:18,UNVR,RG,3850,13,D,TP,RX,F
15:08:14,UNVR,RG,3850,100,D,CC,RX,F
15:08:10,UNVR,RG,3850,1,D,DR,RX,F
15:08:08,UNVR,RG,3850,1,D,DR,RX,F
15:08:08,UNVR,RG,3850,1,D,PD,RX,F
15:08:04,UNVR,RG,3850,20,D,YP,RX,F
15:08:04,UNVR,RG,3850,2,D,XC,RX,F
15:08:01,UNVR,RG,3850,10,D,EP,RX,F
15:08:00,UNVR,RG,3850,30,D,CP,RX,F
15:07:58,UNVR,RG,3850,5,D,YP,RX,F
15:07:58,UNVR,RG,3850,5,D,YP,RX,F
15:07:58,UNVR,RG,3850,10,D,DR,RX,F
15:07:57,UNVR,RG,3850,50,D,TP,RX,F
15:07:57,UNVR,RG,3850,50,D,GR,RX,F
15:07:51,UNVR,RG,3850,1,D,SQ,RX,F
15:07:49,UNVR,RG,3850,4,D,YP,RX,F
15:07:46,UNVR,RG,3850,150,D,YP,RX,F
15:07:45,UNVR,RG,3850,10,D,PD,RX,F
15:07:45,UNVR,RG,3850,10,D,DR,RX,F
15:07:45,UNVR,RG,3850,1,D,DR,RX,F
15:07:36,UNVR,RG,3850,1,D,SQ,RX,F
15:07:25,UNVR,RG,3850,15,D,YP,RX,F
15:07:25,UNVR,RG,3850,20,D,YP,RX,F
15:07:22,UNVR,RG,3850,1,D,YP,RX,F
15:07:22,UNVR,RG,3850,1,D,PD,RX,F
15:07:20,UNVR,RG,3850,100,D,AI,RX,F
15:07:20,UNVR,RG,3850,1,D,MK,RX,F
15:07:20,UNVR,RG,3850,550,D,SS,RX,F
15:07:20,UNVR,RG,3850,470,D,GR,RX,F
15:07:20,UNVR,RG,3850,16,D,DR,RX,F
15:07:20,UNVR,RG,3850,10,D,AZ,RX,F
15:07:20,UNVR,RG,3850,16,D,SQ,RX,F
15:07:20,UNVR,RG,3850,1,D,YP,RX,F
15:07:20,UNVR,RG,3850,10,D,YP,RX,F
15:07:20,UNVR,RG,3850,10,D,AG,RX,F
15:07:20,UNVR,RG,3850,1,D,PD,RX,F
15:07:20,UNVR,RG,3850,1,D,AT,RX,F
15:07:20,UNVR,RG,3850,1,D,NI,RX,F
15:07:20,UNVR,RG,3850,1,D,NI,RX,F
15:07:20,UNVR,RG,3850,5,D,LG,RX,F
15:07:20,UNVR,RG,3850,100,D,SQ,RX,F
15:07:20,UNVR,RG,3850,2,D,DR,RX,F
15:07:20,UNVR,RG,3850,25,D,YP,RX,F
15:07:20,UNVR,RG,3850,10,D,EP,RX,F
15:07:20,UNVR,RG,3850,10,D,PD,RX,F
15:07:20,UNVR,RG,3850,1,D,PD,RX,F
15:07:20,UNVR,RG,3850,5,D,KK,RX,F
15:07:20,UNVR,RG,3850,2,D,YP,RX,F
15:07:20,UNVR,RG,3850,3,D,PD,RX,F
15:07:20,UNVR,RG,3850,22,D,NI,RX,F
15:07:20,UNVR,RG,3850,10,D,DR,RX,F
15:07:20,UNVR,RG,3850,5,D,CC,RX,F
15:07:20,UNVR,RG,3850,20,D,CC,RX,F
15:07:20,UNVR,RG,3850,1,D,SQ,RX,F
15:07:20,UNVR,RG,3850,1,D,YP,RX,F
15:07:20,UNVR,RG,3850,40,D,PD,RX,F
15:07:20,UNVR,RG,3850,20,D,DR,RX,F
15:07:20,UNVR,RG,3850,1,D,KK,RX,F
15:07:20,UNVR,RG,3850,1,D,YP,RX,F
15:07:20,UNVR,RG,3850,1,D,YP,RX,F
15:07:20,UNVR,RG,3850,15,D,GR,RX,F
15:07:08,UNVR,RG,3850,3,D,GR,HP,D
15:06:10,UNVR,RG,3850,4,D,GR,YP,D
15:06:04,UNVR,RG,3850,1,D,GR,AT,D
15:06:02,UNVR,RG,3850,7,D,GR,YJ,D
15:06:00,UNVR,RG,3850,5,D,DH,YJ,D
15:06:00,UNVR,RG,3850,3,D,KK,YJ,D
15:06:00,UNVR,RG,3850,10,D,PD,YJ,D
15:05:59,UNVR,RG,3850,1,D,KK,YJ,D
15:05:57,UNVR,RG,3850,10,D,CC,YJ,D
15:05:54,UNVR,RG,3850,10,D,KK,YJ,D
15:05:52,UNVR,RG,3850,5,D,PD,YJ,D
15:05:52,UNVR,RG,3850,200,D,AO,YJ,D
15:05:52,UNVR,RG,3850,35,D,PD,YJ,D
15:05:52,UNVR,RG,3850,30,D,MK,YJ,D
15:05:52,UNVR,RG,3850,100,D,YP,YJ,D
15:05:52,UNVR,RG,3850,1,D,PD,YJ,D
15:05:52,UNVR,RG,3850,1,D,SQ,YJ,D
15:05:52,UNVR,RG,3850,1,D,YP,YJ,D
15:05:52,UNVR,RG,3850,1,D,PD,YJ,D
15:05:52,UNVR,RG,3850,1,D,YP,YJ,D
15:05:52,UNVR,RG,3850,79,D,KK,YJ,D
15:05:47,UNVR,RG,3850,1,D,KK,PD,D
15:05:38,UNVR,RG,3850,3,D,KK,PD,D
15:05:38,UNVR,RG,3850,17,D,KK,RX,F
15:05:37,UNVR,RG,3850,1,D,CC,RX,F
15:05:36,UNVR,RG,3850,5,D,KK,RX,F
15:05:33,UNVR,RG,3850,500,D,DR,RX,F
15:05:32,UNVR,RG,3850,125,D,YP,RX,F
15:05:28,UNVR,RG,3850,100,D,SQ,RX,F
15:05:26,UNVR,RG,3850,2,D,NI,RX,F
15:05:24,UNVR,RG,3850,1,D,NI,RX,F
15:05:18,UNVR,RG,3850,50,D,YP,RX,F
15:05:17,UNVR,RG,3850,50,D,IF,RX,F
15:05:17,UNVR,RG,3850,30,D,CC,RX,F
15:05:17,UNVR,RG,3850,10,D,CC,RX,F
15:05:17,UNVR,RG,3850,1,D,SQ,RX,F
15:05:17,UNVR,RG,3850,4,D,AT,RX,F
15:05:17,UNVR,RG,3850,1,D,YP,RX,F
15:05:17,UNVR,RG,3850,9,D,XL,RX,F
15:05:17,UNVR,RG,3850,100,D,SQ,RX,F
15:05:17,UNVR,RG,3850,10,D,YP,RX,F
15:05:17,UNVR,RG,3850,1,D,YP,RX,F
15:05:17,UNVR,RG,3850,3,D,NI,RX,F
15:05:17,UNVR,RG,3850,1,D,YP,RX,F
15:05:17,UNVR,RG,3850,1,D,KK,RX,F
15:05:17,UNVR,RG,3850,2,D,PD,RX,F
15:05:17,UNVR,RG,3850,976,D,DR,RX,F
15:05:01,UNVR,RG,3850,24,D,DR,RX,F
15:04:57,UNVR,RG,3850,2,D,YP,RX,F
15:04:52,UNVR,RG,3850,1,D,YP,RX,F
15:04:50,UNVR,RG,3850,1,D,SQ,RX,F
15:04:47,UNVR,RG,3850,50,D,KK,RX,F
15:04:44,UNVR,RG,3850,50,D,SQ,RX,F
15:04:44,UNVR,RG,3850,500,D,PO,RX,F
15:04:44,UNVR,RG,3850,2,D,PD,RX,F
15:04:44,UNVR,RG,3850,2,D,PD,RX,F
15:04:44,UNVR,RG,3850,30,D,YP,RX,F
15:04:44,UNVR,RG,3850,2,D,CC,RX,F
15:04:44,UNVR,RG,3850,1,D,PD,RX,F
15:04:44,UNVR,RG,3850,50,D,TP,RX,F
15:04:44,UNVR,RG,3850,250,D,PD,RX,F
15:04:44,UNVR,RG,3850,1,D,SQ,RX,F
15:04:44,UNVR,RG,3850,1000,D,GR,RX,F
15:04:44,UNVR,RG,3850,1,D,NI,RX,F
15:04:44,UNVR,RG,3850,20,D,YP,RX,F
15:04:44,UNVR,RG,3850,1,D,SQ,RX,F
15:04:44,UNVR,RG,3850,500,D,IP,RX,F
15:04:44,UNVR,RG,3850,20,D,YP,RX,F
15:04:44,UNVR,RG,3850,30,D,PD,RX,F
15:04:44,UNVR,RG,3850,5,D,DR,RX,F
15:04:44,UNVR,RG,3850,1,D,CC,RX,F
15:04:44,UNVR,RG,3850,50,D,SQ,RX,F
15:04:44,UNVR,RG,3850,50,D,FS,RX,F
15:04:44,UNVR,RG,3850,1,D,YP,RX,F
15:04:44,UNVR,RG,3850,1,D,CC,RX,F
15:04:44,UNVR,RG,3850,2,D,YP,RX,F
15:04:44,UNVR,RG,3850,10,D,SQ,RX,F
15:04:44,UNVR,RG,3850,1,D,SQ,RX,F
15:04:44,UNVR,RG,3850,341,F,YU,RX,F
15:04:29,UNVR,RG,3850,200,F,YU,DH,D
15:04:11,UNVR,RG,3850,90,F,YU,DH,D
15:04:02,UNVR,RG,3850,1,F,YU,CC,D
15:03:41,UNVR,RG,3850,15,F,YU,CC,D
15:03:38,UNVR,RG,3850,1458,F,YU,RX,F
15:03:38,UNVR,RG,3850,1000,D,YJ,RX,F
15:03:38,UNVR,RG,3850,1,D,PD,RX,F
15:03:38,UNVR,RG,3850,1541,F,YU,RX,F
15:03:21,UNVR,RG,3850,500,F,YU,CP,D
15:03:18,UNVR,RG,3850,5,F,YU,PD,D
15:03:09,UNVR,RG,3850,849,F,YU,CC,D
15:03:09,UNVR,RG,3850,1,D,AT,CC,D
15:03:09,UNVR,RG,3850,1,D,EP,CC,D
15:03:09,UNVR,RG,3850,50,D,CC,CC,D
15:03:09,UNVR,RG,3850,1,D,PD,CC,D
15:03:09,UNVR,RG,3850,5,D,GR,CC,D
15:03:09,UNVR,RG,3850,2,D,PD,CC,D
15:03:09,UNVR,RG,3850,1,D,KK,CC,D
15:03:09,UNVR,RG,3850,430,D,YP,CC,D
15:03:09,UNVR,RG,3850,1,D,XC,CC,D
15:03:09,UNVR,RG,3850,4,D,SQ,CC,D
15:03:09,UNVR,RG,3850,100,D,YP,CC,D
15:03:09,UNVR,RG,3850,1,D,SQ,CC,D
15:03:09,UNVR,RG,3850,406,D,LG,CC,D
15:02:54,UNVR,RG,3850,102,D,LG,RX,F
15:02:54,UNVR,RG,3850,5,D,YP,RX,F
15:02:54,UNVR,RG,3850,1,D,PD,RX,F
15:02:54,UNVR,RG,3850,5,D,PD,RX,F
15:02:54,UNVR,RG,3850,25,D,SQ,RX,F
15:02:54,UNVR,RG,3850,5,D,DH,RX,F
15:02:54,UNVR,RG,3850,1,D,PD,RX,F
15:02:54,UNVR,RG,3850,500,D,SQ,RX,F
15:02:54,UNVR,RG,3850,5,D,BQ,RX,F
15:02:54,UNVR,RG,3850,10,D,RG,RX,F
15:02:54,UNVR,RG,3850,50,D,CC,RX,F
15:02:54,UNVR,RG,3850,100,D,YP,RX,F
15:02:54,UNVR,RG,3850,1,D,YP,RX,F
15:02:54,UNVR,RG,3850,10,D,RO,RX,F
15:02:54,UNVR,RG,3850,1,D,YP,RX,F
15:02:54,UNVR,RG,3850,5,D,YP,RX,F
15:02:54,UNVR,RG,3850,6,D,YP,RX,F
15:02:54,UNVR,RG,3850,20,D,YP,RX,F
15:02:54,UNVR,RG,3850,10,D,KK,RX,F
15:02:54,UNVR,RG,3850,4,D,PD,RX,F
15:02:54,UNVR,RG,3850,20,D,SQ,RX,F
15:02:54,UNVR,RG,3850,818,F,CS,RX,F
15:02:54,UNVR,RG,3850,2103,F,CS,RX,F
15:02:54,UNVR,RG,3850,2103,F,CS,RX,F
15:02:54,UNVR,RG,3850,67,F,CC,RX,F
15:02:54,UNVR,RG,3850,1,D,XC,RX,F
15:02:54,UNVR,RG,3850,130,D,NI,RX,F
15:02:54,UNVR,RG,3850,10,D,XC,RX,F
15:02:54,UNVR,RG,3850,16,D,XC,RX,F
15:02:54,UNVR,RG,3850,25,D,YP,RX,F
15:02:54,UNVR,RG,3850,2,D,YP,RX,F
15:02:54,UNVR,RG,3850,1,D,PD,RX,F
15:02:54,UNVR,RG,3850,8,D,XC,RX,F
15:02:54,UNVR,RG,3850,200,D,YP,RX,F
15:02:54,UNVR,RG,3850,10,D,NI,RX,F
15:02:54,UNVR,RG,3850,10,D,PD,RX,F
15:02:54,UNVR,RG,3850,1,D,CC,RX,F
15:02:54,UNVR,RG,3850,200,D,FS,RX,F
15:02:54,UNVR,RG,3850,10,D,XC,RX,F
15:02:54,UNVR,RG,3850,5,D,PD,RX,F
15:02:54,UNVR,RG,3850,1,D,XL,RX,F
15:02:54,UNVR,RG,3850,1,D,XC,RX,F
15:02:54,UNVR,RG,3850,5,D,XC,RX,F
15:02:54,UNVR,RG,3850,1,D,PD,RX,F
15:02:54,UNVR,RG,3850,1,D,YP,RX,F
15:02:54,UNVR,RG,3850,1,D,CC,RX,F
15:02:54,UNVR,RG,3850,2,D,HP,RX,F
15:02:54,UNVR,RG,3850,10,D,ZP,RX,F
15:02:54,UNVR,RG,3850,20,D,CC,RX,F
15:02:54,UNVR,RG,3850,1,D,DR,RX,F
15:02:54,UNVR,RG,3850,5,D,KK,RX,F
15:02:54,UNVR,RG,3850,1,D,DR,RX,F
15:02:54,UNVR,RG,3850,1,D,PD,RX,F
15:02:54,UNVR,RG,3850,10,D,PD,RX,F
15:02:54,UNVR,RG,3850,15,D,SQ,RX,F
15:02:54,UNVR,RG,3850,1,D,YP,RX,F
15:02:54,UNVR,RG,3850,2,D,YP,RX,F
15:02:54,UNVR,RG,3850,60,D,DR,RX,F
15:02:54,UNVR,RG,3850,1,D,YP,RX,F
15:02:54,UNVR,RG,3850,25,D,NI,RX,F
15:02:54,UNVR,RG,3850,105,D,LH,RX,F
15:02:54,UNVR,RG,3850,2,D,PD,RX,F
15:02:54,UNVR,RG,3850,100,D,CC,RX,F
15:02:54,UNVR,RG,3850,6,D,PD,RX,F
15:02:54,UNVR,RG,3850,1,D,YP,RX,F
15:02:54,UNVR,RG,3850,5,D,CC,RX,F
15:02:54,UNVR,RG,3850,20,D,GR,RX,F
15:02:54,UNVR,RG,3850,5,D,PD,RX,F
15:02:54,UNVR,RG,3850,10,D,OD,RX,F
15:02:54,UNVR,RG,3850,2,D,XC,RX,F
15:02:54,UNVR,RG,3850,2,D,PD,RX,F
15:02:54,UNVR,RG,3850,10,D,XC,RX,F
15:02:54,UNVR,RG,3850,3,D,YP,RX,F
15:02:54,UNVR,RG,3850,1,D,KK,RX,F
15:02:54,UNVR,RG,3850,100,D,CC,RX,F
15:02:54,UNVR,RG,3850,1,D,GR,RX,F
15:02:54,UNVR,RG,3850,1,D,PD,RX,F
15:02:54,UNVR,RG,3850,2,D,CC,RX,F
15:02:54,UNVR,RG,3850,1,D,YP,RX,F
15:02:54,UNVR,RG,3850,50,D,PD,RX,F
15:02:54,UNVR,RG,3850,10,D,PD,RX,F
15:02:54,UNVR,RG,3850,2,D,CC,RX,F
15:02:54,UNVR,RG,3850,8,D,PD,RX,F
15:02:54,UNVR,RG,3850,10,D,CC,RX,F
15:02:54,UNVR,RG,3850,25,D,YP,RX,F
15:02:54,UNVR,RG,3850,2,D,KK,RX,F
15:02:54,UNVR,RG,3850,4,D,SQ,RX,F
15:02:54,UNVR,RG,3850,1,D,LG,RX,F
15:02:54,UNVR,RG,3850,10,D,XC,RX,F
15:02:54,UNVR,RG,3850,1,D,YU,RX,F
15:02:54,UNVR,RG,3850,85,D,CC,RX,F
15:02:54,UNVR,RG,3850,5,D,XC,RX,F
15:02:54,UNVR,RG,3850,5,D,YP,RX,F
15:02:54,UNVR,RG,3850,1,D,NI,RX,F
15:02:54,UNVR,RG,3850,1,D,YP,RX,F
15:02:54,UNVR,RG,3850,4,D,PD,RX,F
15:02:54,UNVR,RG,3850,5,D,KK,RX,F
15:02:54,UNVR,RG,3850,2,D,PD,RX,F
15:02:54,UNVR,RG,3850,1,D,BQ,RX,F
15:02:54,UNVR,RG,3850,10,D,YP,RX,F
15:02:54,UNVR,RG,3850,100,D,LG,RX,F
15:02:54,UNVR,RG,3850,10,D,YP,RX,F
15:02:54,UNVR,RG,3850,5,D,ZP,RX,F
15:02:54,UNVR,RG,3850,5,D,EP,RX,F
15:02:54,UNVR,RG,3850,2,D,XL,RX,F
15:02:54,UNVR,RG,3850,1,D,GR,RX,F
15:02:54,UNVR,RG,3850,1,D,PD,RX,F
15:02:54,UNVR,RG,3850,2,D,GR,RX,F
15:02:54,UNVR,RG,3850,1,D,KK,RX,F
15:02:54,UNVR,RG,3850,10,D,NI,RX,F
15:02:54,UNVR,RG,3850,2,D,XC,RX,F
15:02:54,UNVR,RG,3850,20,D,TP,RX,F
15:02:54,UNVR,RG,3850,2,D,YP,RX,F
15:02:54,UNVR,RG,3850,6,D,KK,RX,F
15:02:54,UNVR,RG,3850,5,D,YP,RX,F
15:02:54,UNVR,RG,3850,20,D,CC,RX,F
15:02:54,UNVR,RG,3850,10,D,PD,RX,F
15:02:54,UNVR,RG,3850,1000,D,KK,RX,F
15:02:54,UNVR,RG,3850,1,D,AO,RX,F
15:02:54,UNVR,RG,3850,10,D,PD,RX,F
15:02:54,UNVR,RG,3850,1,D,CC,RX,F
15:02:54,UNVR,RG,3850,5,D,CC,RX,F
15:02:54,UNVR,RG,3850,10,D,YP,RX,F
15:02:54,UNVR,RG,3850,2,D,PD,RX,F
15:02:54,UNVR,RG,3850,2,D,PD,RX,F
15:02:54,UNVR,RG,3850,10,D,NI,RX,F
15:02:54,UNVR,RG,3850,1,D,KK,RX,F
15:02:54,UNVR,RG,3850,3,D,XC,RX,F
15:02:54,UNVR,RG,3850,1,D,XC,RX,F
15:02:54,UNVR,RG,3850,50,D,OD,RX,F
15:02:54,UNVR,RG,3850,1,D,OD,RX,F
15:02:54,UNVR,RG,3850,1,D,SQ,RX,F
15:02:54,UNVR,RG,3850,30,D,CC,RX,F
15:02:54,UNVR,RG,3850,5,D,CC,RX,F
15:02:54,UNVR,RG,3850,10,D,IP,RX,F
15:02:54,UNVR,RG,3850,15,D,KK,RX,F
15:02:54,UNVR,RG,3850,1,D,CC,RX,F
15:02:54,UNVR,RG,3850,1,D,XC,RX,F
15:02:54,UNVR,RG,3850,2,D,NI,RX,F
15:02:54,UNVR,RG,3850,2,D,PD,RX,F
15:02:54,UNVR,RG,3850,1,D,CC,RX,F
15:02:54,UNVR,RG,3850,25,D,PD,RX,F
15:02:54,UNVR,RG,3850,10,D,DR,RX,F
15:02:54,UNVR,RG,3850,60,D,CC,RX,F
15:02:54,UNVR,RG,3850,8,D,YP,RX,F
15:02:54,UNVR,RG,3850,1,D,XC,RX,F
15:02:54,UNVR,RG,3850,1,D,KK,RX,F
15:02:54,UNVR,RG,3850,3,D,NI,RX,F
15:02:54,UNVR,RG,3850,2,D,YP,RX,F
15:02:54,UNVR,RG,3850,50,D,NI,RX,F
15:02:54,UNVR,RG,3850,1,D,DR,RX,F
15:02:54,UNVR,RG,3850,10,D,YU,RX,F
15:02:54,UNVR,RG,3850,5,D,PD,RX,F
15:02:54,UNVR,RG,3850,1,D,PD,RX,F
15:02:54,UNVR,RG,3850,41,D,YP,RX,F
15:02:54,UNVR,RG,3850,1,D,YP,RX,F
15:02:54,UNVR,RG,3850,10,D,GR,RX,F
15:02:54,UNVR,RG,3850,1,D,XC,RX,F
15:02:54,UNVR,RG,3850,28,D,CC,RX,F
15:02:54,UNVR,RG,3850,1,D,KK,RX,F
15:02:54,UNVR,RG,3850,2,D,XC,RX,F
15:02:54,UNVR,RG,3850,20,D,YP,RX,F
15:02:54,UNVR,RG,3850,1,D,PD,RX,F
15:02:54,UNVR,RG,3850,27,D,NI,RX,F
15:02:54,UNVR,RG,3850,1,D,XC,RX,F
15:02:54,UNVR,RG,3850,3,D,GR,RX,F
15:02:54,UNVR,RG,3850,2,D,EP,RX,F
15:02:54,UNVR,RG,3850,2,D,XC,RX,F
15:02:54,UNVR,RG,3850,1,D,YP,RX,F
15:02:54,UNVR,RG,3850,1,D,PD,RX,F
15:02:54,UNVR,RG,3850,1,D,PD,RX,F
15:02:54,UNVR,RG,3850,1,D,XC,RX,F
15:02:54,UNVR,RG,3850,1,D,PD,RX,F
15:02:54,UNVR,RG,3850,1,D,YP,RX,F
15:02:54,UNVR,RG,3850,3,D,PD,RX,F
15:02:54,UNVR,RG,3850,1,D,CC,RX,F
15:02:54,UNVR,RG,3850,10,D,PD,RX,F
15:02:54,UNVR,RG,3850,2,D,BQ,RX,F
15:02:54,UNVR,RG,3850,10,D,XC,RX,F
15:02:54,UNVR,RG,3850,25,D,YP,RX,F
15:02:54,UNVR,RG,3850,1,D,XC,RX,F
15:02:54,UNVR,RG,3850,2,D,XC,RX,F
15:02:54,UNVR,RG,3850,50,D,YP,RX,F
15:02:54,UNVR,RG,3850,15,D,YP,RX,F
15:02:54,UNVR,RG,3850,50,D,YP,RX,F
15:02:54,UNVR,RG,3850,1,D,YP,RX,F
15:02:54,UNVR,RG,3850,1,D,YP,RX,F
15:02:54,UNVR,RG,3850,50,D,YP,RX,F
15:02:54,UNVR,RG,3850,10,D,YP,RX,F
15:02:54,UNVR,RG,3850,50,D,YP,RX,F
15:02:54,UNVR,RG,3850,51,D,YP,RX,F
15:02:54,UNVR,RG,3850,15,D,YP,RX,F
15:02:54,UNVR,RG,3850,250,D,YP,RX,F
15:02:54,UNVR,RG,3850,500,D,YP,RX,F
15:02:54,UNVR,RG,3850,5,D,YP,RX,F
15:02:54,UNVR,RG,3850,10,D,YP,RX,F
15:02:54,UNVR,RG,3850,1,D,CC,RX,F
15:02:54,UNVR,RG,3850,5,D,CC,RX,F
15:02:54,UNVR,RG,3850,3,D,XC,RX,F
15:02:54,UNVR,RG,3850,2,D,XC,RX,F
15:02:54,UNVR,RG,3850,1,D,CC,RX,F
15:02:54,UNVR,RG,3850,5,D,CC,RX,F
15:02:54,UNVR,RG,3850,5,D,XC,RX,F
15:02:54,UNVR,RG,3850,4,D,XC,RX,F
15:02:54,UNVR,RG,3850,4,D,XL,RX,F
15:02:54,UNVR,RG,3850,1,D,SQ,RX,F
15:02:54,UNVR,RG,3850,2,D,XC,RX,F
15:02:54,UNVR,RG,3850,10,D,PD,RX,F
15:02:54,UNVR,RG,3850,6,D,XC,RX,F
15:02:54,UNVR,RG,3850,2,D,XC,RX,F
15:02:54,UNVR,RG,3850,11,D,CC,RX,F
15:02:54,UNVR,RG,3850,1,D,XC,RX,F
15:02:54,UNVR,RG,3850,10,D,PD,RX,F
15:02:54,UNVR,RG,3850,8,D,XC,RX,F
15:02:54,UNVR,RG,3850,1,D,PD,RX,F
15:02:54,UNVR,RG,3850,1,D,PD,RX,F
15:02:54,UNVR,RG,3850,2,D,PD,RX,F
15:02:54,UNVR,RG,3850,6,D,PD,RX,F
15:02:54,UNVR,RG,3850,1,D,XC,RX,F
15:02:54,UNVR,RG,3850,1,D,PD,RX,F
15:02:54,UNVR,RG,3850,1,D,PD,RX,F
15:02:54,UNVR,RG,3850,10,D,PD,RX,F
15:02:54,UNVR,RG,3850,5,D,SQ,RX,F
15:02:54,UNVR,RG,3850,10,D,SQ,RX,F
15:02:54,UNVR,RG,3850,4,D,SQ,RX,F
15:02:54,UNVR,RG,3850,50,D,SQ,RX,F
15:02:54,UNVR,RG,3850,1,D,PD,RX,F
15:02:54,UNVR,RG,3850,1,D,GR,RX,F
15:02:54,UNVR,RG,3850,2,D,PD,RX,F
15:02:54,UNVR,RG,3850,2,D,PD,RX,F
15:02:54,UNVR,RG,3850,1,D,PD,RX,F
15:02:54,UNVR,RG,3850,5,D,PD,RX,F
15:02:54,UNVR,RG,3850,13,D,PD,RX,F
15:02:54,UNVR,RG,3850,1,D,PD,RX,F
15:02:54,UNVR,RG,3850,1,D,PD,RX,F
15:02:54,UNVR,RG,3850,50,D,HP,RX,F
15:02:54,UNVR,RG,3850,10,D,KK,RX,F
15:02:54,UNVR,RG,3850,10,D,KK,RX,F
15:02:54,UNVR,RG,3850,5,D,DR,RX,F
15:02:54,UNVR,RG,3850,2,D,PD,RX,F
15:02:54,UNVR,RG,3850,1,D,HP,RX,F
15:02:54,UNVR,RG,3850,3,D,TP,RX,F
15:02:54,UNVR,RG,3850,5,D,PD,RX,F
15:02:54,UNVR,RG,3850,2,D,PD,RX,F
15:02:54,UNVR,RG,3850,2,D,PD,RX,F
15:02:54,UNVR,RG,3850,1,D,LG,RX,F
15:02:54,UNVR,RG,3850,2,D,PD,RX,F
15:02:54,UNVR,RG,3850,5,D,DR,RX,F
15:02:54,UNVR,RG,3850,200,D,GR,RX,F
15:02:54,UNVR,RG,3850,500,D,SS,RX,F
15:02:54,UNVR,RG,3850,10,D,YP,RX,F
15:02:54,UNVR,RG,3850,1,D,NI,RX,F
15:02:54,UNVR,RG,3850,2,D,YP,RX,F
15:02:54,UNVR,RG,3850,500,D,GR,RX,F
15:02:54,UNVR,RG,3850,1,D,NI,RX,F
15:02:54,UNVR,RG,3850,1,D,OD,RX,F
15:02:54,UNVR,RG,3850,1,D,CC,RX,F
15:02:54,UNVR,RG,3850,10,D,YP,RX,F
15:02:54,UNVR,RG,3850,2,D,PD,RX,F
15:02:54,UNVR,RG,3850,2,D,XC,RX,F
15:02:54,UNVR,RG,3850,1,D,YP,RX,F
15:02:54,UNVR,RG,3850,5,D,YP,RX,F
15:02:54,UNVR,RG,3850,1,D,PD,RX,F
15:02:54,UNVR,RG,3850,10,D,OD,RX,F
15:02:54,UNVR,RG,3850,1,D,KK,RX,F
15:02:54,UNVR,RG,3850,70,D,PD,RX,F
15:02:54,UNVR,RG,3850,100,D,PD,RX,F
15:02:54,UNVR,RG,3850,5,D,CC,RX,F
15:02:54,UNVR,RG,3850,10,D,GR,RX,F
15:02:54,UNVR,RG,3850,13,D,PD,RX,F
15:02:54,UNVR,RG,3850,5,D,CC,RX,F
15:02:54,UNVR,RG,3850,4,D,PD,RX,F
15:02:54,UNVR,RG,3850,1,D,DH,RX,F
15:02:54,UNVR,RG,3850,14,D,YP,RX,F
15:02:54,UNVR,RG,3850,1,D,CC,RX,F
15:02:54,UNVR,RG,3850,5,D,YP,RX,F
15:02:54,UNVR,RG,3850,2,D,PD,RX,F
15:02:54,UNVR,RG,3850,1,D,YP,RX,F
15:02:54,UNVR,RG,3850,1,D,SQ,RX,F
15:02:54,UNVR,RG,3850,1,D,IF,RX,F
15:02:54,UNVR,RG,3850,20,D,XC,RX,F
15:02:54,UNVR,RG,3850,2,D,PD,RX,F
15:02:54,UNVR,RG,3850,10,D,OD,RX,F
15:02:54,UNVR,RG,3850,1,D,YP,RX,F
15:02:54,UNVR,RG,3850,3,D,YP,RX,F
15:02:54,UNVR,RG,3850,50,D,MG,RX,F
15:02:54,UNVR,RG,3850,1,D,PD,RX,F
15:02:54,UNVR,RG,3850,4,D,CC,RX,F
15:02:54,UNVR,RG,3850,2,D,GR,RX,F
15:02:54,UNVR,RG,3850,2,D,XC,RX,F
15:02:54,UNVR,RG,3850,10,D,CC,RX,F
15:02:54,UNVR,RG,3850,6,D,DR,RX,F
15:02:54,UNVR,RG,3850,1,D,NI,RX,F
15:02:54,UNVR,RG,3850,25,D,DR,RX,F
15:02:54,UNVR,RG,3850,10,D,NI,RX,F
15:02:54,UNVR,RG,3850,1,D,NI,RX,F
15:02:54,UNVR,RG,3850,2,D,SQ,RX,F
15:02:54,UNVR,RG,3850,20,D,EP,RX,F
15:02:54,UNVR,RG,3850,10,D,KK,RX,F
15:02:54,UNVR,RG,3850,60,D,KK,RX,F
15:02:54,UNVR,RG,3850,1,D,CC,RX,F
15:02:54,UNVR,RG,3850,1,D,XC,RX,F
15:02:54,UNVR,RG,3850,50,D,PD,RX,F
15:02:54,UNVR,RG,3850,5,D,PD,RX,F
15:02:54,UNVR,RG,3850,10,D,PD,RX,F
15:02:54,UNVR,RG,3850,2,D,CC,RX,F
15:02:54,UNVR,RG,3850,50,D,YP,RX,F
15:02:54,UNVR,RG,3850,2,D,XC,RX,F
15:02:54,UNVR,RG,3850,5,D,PD,RX,F
15:02:54,UNVR,RG,3850,100,D,DH,RX,F
15:02:54,UNVR,RG,3850,5,D,XL,RX,F
15:02:54,UNVR,RG,3850,1,D,KK,RX,F
15:02:54,UNVR,RG,3850,1,D,CC,RX,F
15:02:54,UNVR,RG,3850,1,D,XC,RX,F
15:02:54,UNVR,RG,3850,1,D,DX,RX,F
15:02:54,UNVR,RG,3850,10,D,XC,RX,F
15:02:54,UNVR,RG,3850,2,D,YP,RX,F
15:02:54,UNVR,RG,3850,50,D,PD,RX,F
15:02:54,UNVR,RG,3850,10,D,LG,RX,F
15:02:54,UNVR,RG,3850,1,D,EP,RX,F
15:02:54,UNVR,RG,3850,11,D,KK,RX,F
15:02:54,UNVR,RG,3850,2,D,XC,RX,F
15:02:54,UNVR,RG,3850,13,D,NI,RX,F
15:02:54,UNVR,RG,3850,22,D,YP,RX,F
15:02:54,UNVR,RG,3850,1,D,XC,RX,F
15:02:54,UNVR,RG,3850,126,D,SQ,RX,F
15:02:54,UNVR,RG,3850,10,D,NI,RX,F
15:02:54,UNVR,RG,3850,100,D,OD,RX,F
15:02:54,UNVR,RG,3850,1,D,GR,RX,F
15:02:54,UNVR,RG,3850,10,D,PD,RX,F
15:02:54,UNVR,RG,3850,10,D,PD,RX,F
15:02:54,UNVR,RG,3850,11,D,PD,RX,F
15:02:54,UNVR,RG,3850,5,D,YP,RX,F
15:02:54,UNVR,RG,3850,28,D,SQ,RX,F
15:02:54,UNVR,RG,3850,1,D,NI,RX,F
15:02:54,UNVR,RG,3850,25,D,PD,RX,F
15:02:54,UNVR,RG,3850,1,D,GR,RX,F
15:02:54,UNVR,RG,3850,1,D,XC,RX,F
15:02:54,UNVR,RG,3850,200,D,TP,RX,F
15:02:54,UNVR,RG,3850,30,D,RO,RX,F
15:02:54,UNVR,RG,3850,10,D,CC,RX,F
15:02:54,UNVR,RG,3850,1,D,CC,RX,F
15:02:54,UNVR,RG,3850,1,D,KK,RX,F
15:02:54,UNVR,RG,3850,10,D,SQ,RX,F
15:02:54,UNVR,RG,3850,1,D,PD,RX,F
15:02:54,UNVR,RG,3850,1,D,CC,RX,F
15:02:54,UNVR,RG,3850,2,D,PD,RX,F
15:02:54,UNVR,RG,3850,20,D,PD,RX,F
15:02:54,UNVR,RG,3850,10,D,CC,RX,F
15:02:54,UNVR,RG,3850,1,D,SQ,RX,F
15:02:54,UNVR,RG,3850,16,D,YP,RX,F
15:02:54,UNVR,RG,3850,2,D,YP,RX,F
15:02:54,UNVR,RG,3850,2,D,CC,RX,F
15:02:54,UNVR,RG,3850,1,D,NI,RX,F
15:02:54,UNVR,RG,3850,8,D,CC,RX,F
15:02:54,UNVR,RG,3850,1,D,YP,RX,F
15:02:54,UNVR,RG,3850,1,D,XC,RX,F
15:02:54,UNVR,RG,3850,1,D,YP,RX,F
15:02:54,UNVR,RG,3850,10,D,PD,RX,F
15:02:54,UNVR,RG,3850,10,D,YP,RX,F
15:02:54,UNVR,RG,3850,10,D,XC,RX,F
15:02:54,UNVR,RG,3850,13,D,XC,RX,F
15:02:54,UNVR,RG,3850,5,D,CC,RX,F
15:02:54,UNVR,RG,3850,100,D,CC,RX,F
15:02:54,UNVR,RG,3850,5,D,YP,RX,F
15:02:54,UNVR,RG,3850,3,D,IF,RX,F
15:02:54,UNVR,RG,3850,1000,D,SQ,RX,F
15:02:54,UNVR,RG,3850,50,D,NI,RX,F
15:02:54,UNVR,RG,3850,1,D,PD,RX,F
15:02:54,UNVR,RG,3850,50,D,CC,RX,F
15:02:54,UNVR,RG,3850,2,D,KK,RX,F
15:02:54,UNVR,RG,3850,10,D,SQ,RX,F
15:02:54,UNVR,RG,3850,26,D,NI,RX,F
15:02:54,UNVR,RG,3850,1,D,EP,RX,F
15:02:54,UNVR,RG,3850,25,D,LS,RX,F
15:02:54,UNVR,RG,3850,2,D,NI,RX,F
15:02:54,UNVR,RG,3850,15,D,YP,RX,F
15:02:54,UNVR,RG,3850,63,D,YP,RX,F
15:02:54,UNVR,RG,3850,25,D,GR,RX,F
15:02:54,UNVR,RG,3850,100,D,YP,RX,F
15:02:54,UNVR,RG,3850,10,D,PD,RX,F
15:02:54,UNVR,RG,3850,50,D,ES,RX,F
15:02:54,UNVR,RG,3850,10,D,YP,RX,F
15:02:54,UNVR,RG,3850,2,D,XC,RX,F
15:02:54,UNVR,RG,3850,50,D,ES,RX,F
15:02:54,UNVR,RG,3850,50,D,ES,RX,F
15:02:54,UNVR,RG,3850,1,D,YU,RX,F
15:02:54,UNVR,RG,3850,1,D,PD,RX,F
15:02:54,UNVR,RG,3850,10,D,KK,RX,F
15:02:54,UNVR,RG,3850,1,D,DR,RX,F
15:02:54,UNVR,RG,3850,10,D,YP,RX,F
15:02:54,UNVR,RG,3850,2,D,XA,RX,F
15:02:54,UNVR,RG,3850,1,D,YP,RX,F
15:02:54,UNVR,RG,3850,2,D,LG,RX,F
15:02:54,UNVR,RG,3850,1,D,NI,RX,F
15:02:54,UNVR,RG,3850,1,D,XL,RX,F
15:02:54,UNVR,RG,3850,1,D,DH,RX,F
15:02:54,UNVR,RG,3850,20,D,CC,RX,F
15:02:54,UNVR,RG,3850,10,D,YP,RX,F
15:02:54,UNVR,RG,3850,2,D,PD,RX,F
15:02:54,UNVR,RG,3850,14,D,YP,RX,F
15:02:54,UNVR,RG,3850,1000,D,NI,RX,F
15:02:54,UNVR,RG,3850,1,D,YP,RX,F
15:02:54,UNVR,RG,3850,1,D,PD,RX,F
15:02:54,UNVR,RG,3850,1,D,CC,RX,F
15:02:54,UNVR,RG,3850,64,D,LG,RX,F
15:02:54,UNVR,RG,3850,10,D,PD,RX,F
15:02:54,UNVR,RG,3850,1,D,NI,RX,F
15:02:54,UNVR,RG,3850,20,D,YP,RX,F
15:02:54,UNVR,RG,3850,20,D,YP,RX,F
15:02:54,UNVR,RG,3850,5,D,YP,RX,F
15:02:54,UNVR,RG,3850,30,D,YP,RX,F
15:02:54,UNVR,RG,3850,2,D,NI,RX,F
15:02:54,UNVR,RG,3850,1,D,XC,RX,F
15:02:54,UNVR,RG,3850,5,D,PD,RX,F
15:02:54,UNVR,RG,3850,12,D,YP,RX,F
15:02:54,UNVR,RG,3850,1,D,DH,RX,F
15:02:54,UNVR,RG,3850,2,D,AT,RX,F
15:02:54,UNVR,RG,3850,20,D,KK,RX,F
15:02:54,UNVR,RG,3850,300,D,CC,RX,F
15:02:54,UNVR,RG,3850,2,D,EP,RX,F
15:02:54,UNVR,RG,3850,52,D,SQ,RX,F
15:02:54,UNVR,RG,3850,200,D,NI,RX,F
15:02:54,UNVR,RG,3850,3,D,IF,RX,F
15:02:54,UNVR,RG,3850,10,D,SQ,RX,F
15:02:54,UNVR,RG,3850,1,D,NI,RX,F
15:02:54,UNVR,RG,3850,1,D,DR,RX,F
15:02:54,UNVR,RG,3850,3,D,CC,RX,F
15:02:54,UNVR,RG,3850,25,D,CC,RX,F
15:02:54,UNVR,RG,3850,1,D,CC,RX,F
15:02:54,UNVR,RG,3850,10,D,CC,RX,F
15:02:54,UNVR,RG,3850,15,D,XC,RX,F
15:02:54,UNVR,RG,3850,1,D,NI,RX,F
15:02:54,UNVR,RG,3850,5,D,DH,RX,F
15:02:54,UNVR,RG,3850,1,D,XC,RX,F
15:02:54,UNVR,RG,3850,5,D,CC,RX,F
15:02:54,UNVR,RG,3850,3,D,CC,RX,F
15:02:54,UNVR,RG,3850,3,D,YP,RX,F
15:02:54,UNVR,RG,3850,1,D,KK,RX,F
15:02:54,UNVR,RG,3850,172,D,CC,RX,F
15:02:40,UNVR,RG,3850,110,D,CC,CC,D
15:02:02,UNVR,RG,3850,30,D,CC,PD,D
15:01:49,UNVR,RG,3850,2,D,CC,KK,D
15:01:40,UNVR,RG,3850,1,D,CC,YJ,D
15:01:30,UNVR,RG,3850,9,D,CC,YJ,D
15:01:22,UNVR,RG,3850,3,D,CC,HP,D
15:01:09,UNVR,RG,3850,45,D,CC,YP,D
15:01:06,UNVR,RG,3850,128,D,CC,YJ,D
15:01:06,UNVR,RG,3850,2,D,GR,YJ,D
15:01:06,UNVR,RG,3850,2,D,YP,YJ,D
15:01:06,UNVR,RG,3850,1,D,PD,YJ,D
15:01:06,UNVR,RG,3850,2,D,XC,YJ,D
15:01:06,UNVR,RG,3850,1,D,SQ,YJ,D
15:01:06,UNVR,RG,3850,1,D,YP,YJ,D
15:01:06,UNVR,RG,3850,1,D,XL,YJ,D
15:01:06,UNVR,RG,3850,5,D,YP,YJ,D
15:01:06,UNVR,RG,3850,1,D,PD,YJ,D
15:01:06,UNVR,RG,3850,1,D,PD,YJ,D
15:01:06,UNVR,RG,3850,10,D,PD,YJ,D
15:01:06,UNVR,RG,3850,1,D,PD,YJ,D
15:01:06,UNVR,RG,3850,2,D,CC,YJ,D
15:01:06,UNVR,RG,3850,35,D,EP,YJ,D
15:01:06,UNVR,RG,3850,1,D,PD,YJ,D
15:01:06,UNVR,RG,3850,2,D,PD,YJ,D
15:01:06,UNVR,RG,3850,5,D,OD,YJ,D
15:01:06,UNVR,RG,3850,1,F,ZP,YJ,D
15:01:06,UNVR,RG,3850,2,D,NI,YJ,D
15:01:06,UNVR,RG,3850,1,D,CC,YJ,D
15:01:06,UNVR,RG,3850,3,D,XC,YJ,D
15:01:06,UNVR,RG,3850,10,D,CC,YJ,D
15:01:06,UNVR,RG,3850,2,D,DR,YJ,D
15:01:06,UNVR,RG,3850,2,D,YP,YJ,D
15:01:06,UNVR,RG,3850,1,D,YP,YJ,D
15:01:06,UNVR,RG,3850,1,D,KK,YJ,D
15:01:06,UNVR,RG,3850,5,D,CC,YJ,D
15:01:06,UNVR,RG,3850,1,D,DR,YJ,D
15:01:06,UNVR,RG,3850,3,D,DR,YJ,D
15:01:06,UNVR,RG,3850,30,D,EP,YJ,D
15:01:06,UNVR,RG,3850,10,D,YP,YJ,D
15:01:06,UNVR,RG,3850,100,D,CC,YJ,D
15:01:06,UNVR,RG,3850,1,D,PD,YJ,D
15:01:06,UNVR,RG,3850,10,D,XC,YJ,D
15:01:06,UNVR,RG,3850,1,D,XC,YJ,D
15:01:06,UNVR,RG,3850,11,D,YP,YJ,D
15:01:06,UNVR,RG,3850,1,D,PD,YJ,D
15:01:06,UNVR,RG,3850,3,D,CC,YJ,D
15:01:06,UNVR,RG,3850,2,D,PD,YJ,D
15:01:06,UNVR,RG,3850,20,D,XA,YJ,D
15:01:06,UNVR,RG,3850,1,D,YP,YJ,D
15:01:06,UNVR,RG,3850,1,D,XC,YJ,D
15:01:06,UNVR,RG,3850,2,D,PD,YJ,D
15:01:06,UNVR,RG,3850,2,D,KK,YJ,D
15:01:06,UNVR,RG,3850,100,D,LG,YJ,D
15:01:06,UNVR,RG,3850,75,D,XC,YJ,D
15:01:06,UNVR,RG,3850,1,D,YP,YJ,D
15:01:06,UNVR,RG,3850,1,D,YP,YJ,D
15:01:06,UNVR,RG,3850,10,D,CC,YJ,D
15:01:06,UNVR,RG,3850,4,D,YP,YJ,D
15:01:06,UNVR,RG,3850,661,D,CC,YJ,D
15:00:00,UNVR,RG,3850,1,D,CC,XC,D
15:00:00,UNVR,RG,3850,338,D,CC,YP,D
15:00:00,UNVR,RG,3850,10,D,OD,YP,D
15:00:00,UNVR,RG,3850,5,D,OD,YP,D
15:00:00,UNVR,RG,3850,4,D,DR,YP,D
15:00:00,UNVR,RG,3850,5,D,PD,YP,D
15:00:00,UNVR,RG,3850,1,D,XA,YP,D
15:00:00,UNVR,RG,3850,1,D,DH,YP,D
15:00:00,UNVR,RG,3850,5,D,YP,YP,D
15:00:00,UNVR,RG,3850,1,D,YP,YP,D
15:00:00,UNVR,RG,3850,1,D,XC,YP,D
15:00:00,UNVR,RG,3850,1,D,PD,YP,D
15:00:00,UNVR,RG,3850,1,D,NI,YP,D
15:00:00,UNVR,RG,3850,3,D,GR,YP,D
15:00:00,UNVR,RG,3850,5,D,YP,YP,D
15:00:00,UNVR,RG,3850,6,D,CC,YP,D
15:00:00,UNVR,RG,3850,194,D,PD,YP,D
15:00:00,UNVR,RG,3850,2,D,YP,YP,D
15:00:00,UNVR,RG,3850,3,D,YP,YP,D
15:00:00,UNVR,RG,3850,1697,F,CS,YP,D
15:00:00,UNVR,RG,3850,15,D,CC,YP,D
15:00:00,UNVR,RG,3850,10,D,IF,YP,D
15:00:00,UNVR,RG,3850,2,D,YP,YP,D
15:00:00,UNVR,RG,3850,10,D,CC,YP,D
15:00:00,UNVR,RG,3850,1,D,XC,YP,D
15:00:00,UNVR,RG,3850,10,D,NI,YP,D
15:00:00,UNVR,RG,3850,2,D,XC,YP,D
15:00:00,UNVR,RG,3850,1,D,YP,YP,D
15:00:00,UNVR,RG,3850,5,D,PD,YP,D
15:00:00,UNVR,RG,3850,1,D,XC,YP,D
15:00:00,UNVR,RG,3850,5,D,PD,YP,D
15:00:00,UNVR,RG,3850,1,D,YP,YP,D
15:00:00,UNVR,RG,3850,1,D,CC,YP,D
15:00:00,UNVR,RG,3850,1,D,HP,YP,D
15:00:00,UNVR,RG,3850,1,D,CC,YP,D
15:00:00,UNVR,RG,3850,1,D,NI,YP,D
15:00:00,UNVR,RG,3850,25,D,SQ,YP,D
15:00:00,UNVR,RG,3850,300,D,CC,YP,D
15:00:00,UNVR,RG,3850,3,D,XC,YP,D
15:00:00,UNVR,RG,3850,1,D,PD,YP,D
15:00:00,UNVR,RG,3850,2,D,XC,YP,D
15:00:00,UNVR,RG,3850,22,D,YP,YP,D
15:00:00,UNVR,RG,3850,1,D,PD,YP,D
15:00:00,UNVR,RG,3850,50,F,CC,YP,D
15:00:00,UNVR,RG,3850,10,D,CC,YP,D
15:00:00,UNVR,RG,3850,5,D,PD,YP,D
15:00:00,UNVR,RG,3850,5,D,CP,YP,D
15:00:00,UNVR,RG,3850,2,D,NI,YP,D
15:00:00,UNVR,RG,3850,5,D,PD,YP,D
15:00:00,UNVR,RG,3850,1,D,YP,YP,D
15:00:00,UNVR,RG,3850,1,D,PD,YP,D
15:00:00,UNVR,RG,3850,60,D,YP,YP,D
15:00:00,UNVR,RG,3850,100,D,PD,YP,D
15:00:00,UNVR,RG,3850,1,D,PD,YP,D
15:00:00,UNVR,RG,3850,100,D,YP,YP,D
15:00:00,UNVR,RG,3850,10,D,OD,YP,D
15:00:00,UNVR,RG,3850,5,D,SQ,YP,D
15:00:00,UNVR,RG,3850,25,D,AR,YP,D
15:00:00,UNVR,RG,3850,7,D,PD,YP,D
15:00:00,UNVR,RG,3850,2,D,PD,YP,D
15:00:00,UNVR,RG,3850,1,D,YP,YP,D
15:00:00,UNVR,RG,3850,10,D,CC,YP,D
15:00:00,UNVR,RG,3850,1,D,NI,YP,D
15:00:00,UNVR,RG,3850,100,D,SQ,YP,D
15:00:00,UNVR,RG,3850,10,D,CC,YP,D
15:00:00,UNVR,RG,3850,1,D,OD,YP,D
15:00:00,UNVR,RG,3850,1,D,CC,YP,D
15:00:00,UNVR,RG,3850,2,D,AG,YP,D
15:00:00,UNVR,RG,3850,1,D,YP,YP,D
15:00:00,UNVR,RG,3850,2,D,XC,YP,D
15:00:00,UNVR,RG,3850,1,D,EP,YP,D
15:00:00,UNVR,RG,3850,1,D,NI,YP,D
15:00:00,UNVR,RG,3850,500,D,SQ,YP,D
15:00:00,UNVR,RG,3850,1,D,YP,YP,D
15:00:00,UNVR,RG,3850,2,D,PD,YP,D
15:00:00,UNVR,RG,3850,100,D,PD,YP,D
15:00:00,UNVR,RG,3850,5,D,YP,YP,D
15:00:00,UNVR,RG,3850,2,D,YP,YP,D
15:00:00,UNVR,RG,3850,100,D,KK,YP,D
15:00:00,UNVR,RG,3850,1,D,YP,YP,D
15:00:00,UNVR,RG,3850,100,D,YP,YP,D
15:00:00,UNVR,RG,3850,1,D,PD,YP,D
15:00:00,UNVR,RG,3850,1,D,YP,YP,D
15:00:00,UNVR,RG,3850,1,D,SQ,YP,D
15:00:00,UNVR,RG,3850,35,D,PD,YP,D
15:00:00,UNVR,RG,3850,200,D,IP,YP,D
15:00:00,UNVR,RG,3850,50,D,EP,YP,D
15:00:00,UNVR,RG,3850,1,D,NI,YP,D
15:00:00,UNVR,RG,3850,1,D,KK,YP,D
15:00:00,UNVR,RG,3850,1,D,SQ,YP,D
15:00:00,UNVR,RG,3850,1,D,GR,YP,D
15:00:00,UNVR,RG,3850,2,D,YP,YP,D
15:00:00,UNVR,RG,3850,10,D,NI,YP,D
15:00:00,UNVR,RG,3850,100,D,SH,YP,D
15:00:00,UNVR,RG,3850,2,D,PD,YP,D
15:00:00,UNVR,RG,3850,1,D,CC,YP,D
15:00:00,UNVR,RG,3850,1,D,XC,YP,D
15:00:00,UNVR,RG,3850,2,D,PD,YP,D
15:00:00,UNVR,RG,3850,1,D,NI,YP,D
15:00:00,UNVR,RG,3850,5,D,NI,YP,D
15:00:00,UNVR,RG,3850,10,D,YP,YP,D
15:00:00,UNVR,RG,3850,5,D,YP,YP,D
15:00:00,UNVR,RG,3850,5,D,PD,YP,D
15:00:00,UNVR,RG,3850,1,D,PD,YP,D
15:00:00,UNVR,RG,3850,8,D,CC,YP,D
15:00:00,UNVR,RG,3850,10,D,CC,YP,D
15:00:00,UNVR,RG,3850,100,D,OD,YP,D
15:00:00,UNVR,RG,3850,10,D,YP,YP,D
15:00:00,UNVR,RG,3850,1,D,CC,YP,D
15:00:00,UNVR,RG,3850,2,D,NI,YP,D
15:00:00,UNVR,RG,3850,1,D,XC,YP,D
15:00:00,UNVR,RG,3850,5,D,YP,YP,D
15:00:00,UNVR,RG,3850,1,D,YU,YP,D
15:00:00,UNVR,RG,3850,10,D,DR,YP,D
15:00:00,UNVR,RG,3850,125,D,YP,YP,D
15:00:00,UNVR,RG,3850,10,D,OD,YP,D
15:00:00,UNVR,RG,3850,1,D,YP,YP,D
15:00:00,UNVR,RG,3850,5,D,PD,YP,D
15:00:00,UNVR,RG,3850,5,D,GR,YP,D
15:00:00,UNVR,RG,3850,28,D,CC,YP,D
15:00:00,UNVR,RG,3850,1,D,GR,YP,D
15:00:00,UNVR,RG,3850,1,D,CC,YP,D
15:00:00,UNVR,RG,3850,1,D,YP,YP,D
15:00:00,UNVR,RG,3850,2,D,EP,YP,D
15:00:00,UNVR,RG,3850,2000,D,YP,YP,D
15:00:00,UNVR,RG,3850,1,D,YP,YP,D
15:00:00,UNVR,RG,3850,1,D,PD,YP,D
15:00:00,UNVR,RG,3850,35,D,CC,YP,D
15:00:00,UNVR,RG,3850,425,D,ID,YP,D
15:00:00,UNVR,RG,3850,50,D,YP,YP,D
15:00:00,UNVR,RG,3850,2,D,XC,YP,D
15:00:00,UNVR,RG,3850,4,D,DH,YP,D
15:00:00,UNVR,RG,3850,5,D,PD,YP,D
15:00:00,UNVR,RG,3850,100,D,YP,YP,D
15:00:00,UNVR,RG,3850,15,D,YP,YP,D
15:00:00,UNVR,RG,3850,1,D,YP,YP,D
15:00:00,UNVR,RG,3850,5,D,YP,YP,D
15:00:00,UNVR,RG,3850,2,D,NI,YP,D
15:00:00,UNVR,RG,3850,1,D,CC,YP,D
15:00:00,UNVR,RG,3850,1,D,CC,YP,D
15:00:00,UNVR,RG,3850,30,D,SQ,YP,D
15:00:00,UNVR,RG,3850,1,D,PD,YP,D
15:00:00,UNVR,RG,3850,1,D,XC,YP,D
15:00:00,UNVR,RG,3850,1,D,XC,YP,D
15:00:00,UNVR,RG,3850,3,D,XC,YP,D
15:00:00,UNVR,RG,3850,200,D,DH,YP,D
15:00:00,UNVR,RG,3850,1,D,PD,YP,D
15:00:00,UNVR,RG,3850,1,D,PD,YP,D
15:00:00,UNVR,RG,3850,10,D,PD,YP,D
15:00:00,UNVR,RG,3850,10,D,PD,YP,D
15:00:00,UNVR,RG,3850,1,D,PD,YP,D
15:00:00,UNVR,RG,3850,1,D,PD,YP,D
15:00:00,UNVR,RG,3850,10,D,GR,YP,D
15:00:00,UNVR,RG,3850,3,D,LG,YP,D
15:00:00,UNVR,RG,3850,50,D,YJ,YP,D
15:00:00,UNVR,RG,3850,5,D,KK,YP,D
15:00:00,UNVR,RG,3850,5,D,DR,YP,D
15:00:00,UNVR,RG,3850,1,D,CC,YP,D
15:00:00,UNVR,RG,3850,50,D,KK,YP,D
15:00:00,UNVR,RG,3850,10,D,YP,YP,D
15:00:00,UNVR,RG,3850,20,D,OD,YP,D
15:00:00,UNVR,RG,3850,1,D,PD,YP,D
15:00:00,UNVR,RG,3850,1,D,YP,YP,D
15:00:00,UNVR,RG,3850,5,D,CC,YP,D
15:00:00,UNVR,RG,3850,6,D,XC,YP,D
15:00:00,UNVR,RG,3850,50,D,PD,YP,D
15:00:00,UNVR,RG,3850,250,D,YP,YP,D
15:00:00,UNVR,RG,3850,1,D,YP,YP,D
15:00:00,UNVR,RG,3850,2,D,YP,YP,D
15:00:00,UNVR,RG,3850,1,D,BQ,YP,D
15:00:00,UNVR,RG,3850,1,D,RO,YP,D
15:00:00,UNVR,RG,3850,100,D,DR,YP,D
15:00:00,UNVR,RG,3850,2,D,PD,YP,D
15:00:00,UNVR,RG,3850,5,D,XC,YP,D
15:00:00,UNVR,RG,3850,100,D,YP,YP,D
15:00:00,UNVR,RG,3850,100,D,YP,YP,D
15:00:00,UNVR,RG,3850,22,D,YP,YP,D
15:00:00,UNVR,RG,3850,400,D,YP,YP,D
15:00:00,UNVR,RG,3850,1,D,PD,YP,D
15:00:00,UNVR,RG,3850,5,D,CC,YP,D
15:00:00,UNVR,RG,3850,1,D,XL,YP,D
15:00:00,UNVR,RG,3850,4,D,PD,YP,D
15:00:00,UNVR,RG,3850,5,D,PD,YP,D
15:00:00,UNVR,RG,3850,2,D,PD,YP,D
15:00:00,UNVR,RG,3850,1,D,EP,YP,D
15:00:00,UNVR,RG,3850,20,D,CC,YP,D
15:00:00,UNVR,RG,3850,5,D,AZ,YP,D
15:00:00,UNVR,RG,3850,10,D,YP,YP,D
15:00:00,UNVR,RG,3850,2,D,KK,YP,D
15:00:00,UNVR,RG,3850,2,D,YP,YP,D
15:00:00,UNVR,RG,3850,20,D,CC,YP,D
15:00:00,UNVR,RG,3850,1,D,PD,YP,D
15:00:00,UNVR,RG,3850,1,D,PD,YP,D
15:00:00,UNVR,RG,3850,11,D,YP,YP,D
15:00:00,UNVR,RG,3850,1,D,KK,YP,D
15:00:00,UNVR,RG,3850,50,D,YP,YP,D
15:00:00,UNVR,RG,3850,100,D,CC,YP,D
15:00:00,UNVR,RG,3850,1,D,BQ,YP,D
15:00:00,UNVR,RG,3850,1,D,PD,YP,D
15:00:00,UNVR,RG,3850,1,D,YP,YP,D
15:00:00,UNVR,RG,3850,1,D,PD,YP,D
15:00:00,UNVR,RG,3850,1,D,CC,YP,D
15:00:00,UNVR,RG,3850,1,D,YP,YP,D
15:00:00,UNVR,RG,3850,2,D,AI,YP,D
15:00:00,UNVR,RG,3850,20,D,PD,YP,D
15:00:00,UNVR,RG,3850,10,D,CC,YP,D
15:00:00,UNVR,RG,3850,20,D,PD,YP,D
15:00:00,UNVR,RG,3850,1,D,XC,YP,D
15:00:00,UNVR,RG,3850,1,D,YP,YP,D
15:00:00,UNVR,RG,3850,1,D,YP,YP,D
15:00:00,UNVR,RG,3850,1,D,XC,YP,D
15:00:00,UNVR,RG,3850,2000,D,YP,YP,D
15:00:00,UNVR,RG,3850,1,D,PD,YP,D
15:00:00,UNVR,RG,3850,10,D,KK,YP,D
15:00:00,UNVR,RG,3850,5,D,CC,YP,D
15:00:00,UNVR,RG,3850,2,D,XL,YP,D
15:00:00,UNVR,RG,3850,5,D,OD,YP,D
15:00:00,UNVR,RG,3850,2,D,KK,YP,D
15:00:00,UNVR,RG,3850,10,D,YP,YP,D
15:00:00,UNVR,RG,3850,2,D,YP,YP,D
15:00:00,UNVR,RG,3850,1,D,PD,YP,D
15:00:00,UNVR,RG,3850,1,D,CC,YP,D
15:00:00,UNVR,RG,3850,25,D,GR,YP,D
15:00:00,UNVR,RG,3850,1,D,CC,YP,D
15:00:00,UNVR,RG,3850,1,D,YP,YP,D
15:00:00,UNVR,RG,3850,3,D,DR,YP,D
15:00:00,UNVR,RG,3850,10,D,YP,YP,D
15:00:00,UNVR,RG,3850,10,D,YP,YP,D
15:00:00,UNVR,RG,3850,1,D,YU,YP,D
15:00:00,UNVR,RG,3850,2,D,YP,YP,D
15:00:00,UNVR,RG,3850,32,D,KK,YP,D
15:00:00,UNVR,RG,3850,1,D,XL,YP,D
15:00:00,UNVR,RG,3850,10,D,NI,YP,D
15:00:00,UNVR,RG,3850,3,D,CC,YP,D
15:00:00,UNVR,RG,3850,2,D,YP,YP,D
15:00:00,UNVR,RG,3850,126,F,CS,YP,D
15:00:00,UNVR,RG,3850,2092,F,CS,YP,D
15:00:00,UNVR,RG,3850,2092,F,CS,YP,D
15:00:00,UNVR,RG,3850,1,D,XC,YP,D
15:00:00,UNVR,RG,3850,2092,F,CS,YP,D
15:00:00,UNVR,RG,3850,1,D,XC,YP,D
15:00:00,UNVR,RG,3850,1,D,XC,YP,D
15:00:00,UNVR,RG,3850,4,D,XC,YP,D
15:00:00,UNVR,RG,3850,1,D,XC,YP,D
15:00:00,UNVR,RG,3850,80,D,DR,YP,D
15:00:00,UNVR,RG,3850,3,D,YP,YP,D
15:00:00,UNVR,RG,3850,5,D,PD,YP,D
15:00:00,UNVR,RG,3850,20,D,XL,YP,D
15:00:00,UNVR,RG,3850,100,D,NI,YP,D
15:00:00,UNVR,RG,3850,5,D,XL,YP,D
15:00:00,UNVR,RG,3850,1,D,KK,YP,D
15:00:00,UNVR,RG,3850,1,D,SQ,YP,D
15:00:00,UNVR,RG,3850,29,D,XC,YP,D
15:00:00,UNVR,RG,3850,5,D,CC,YP,D
15:00:00,UNVR,RG,3850,5,D,GR,YP,D
15:00:00,UNVR,RG,3850,2,D,YP,YP,D
15:00:00,UNVR,RG,3850,2,D,SQ,YP,D
15:00:00,UNVR,RG,3850,1,D,XC,YP,D
15:00:00,UNVR,RG,3850,8,D,XC,YP,D
15:00:00,UNVR,RG,3850,1,D,DR,YP,D
15:00:00,UNVR,RG,3850,6,D,KK,YP,D
15:00:00,UNVR,RG,3850,1,D,PD,YP,D
15:00:00,UNVR,RG,3850,1,D,XC,YP,D
15:00:00,UNVR,RG,3850,2000,D,YP,YP,D
15:00:00,UNVR,RG,3850,39,D,NI,YP,D
15:00:00,UNVR,RG,3850,2,D,XC,YP,D
15:00:00,UNVR,RG,3850,10,D,EP,YP,D
15:00:00,UNVR,RG,3850,27,D,OD,YP,D
15:00:00,UNVR,RG,3850,1,D,XL,YP,D
15:00:00,UNVR,RG,3850,883,D,YP,YP,D
15:00:00,UNVR,RG,3850,1077,D,YP,YP,D
15:00:00,UNVR,RG,3850,367,D,YP,ZP,F
15:00:00,UNVR,RG,3850,673,D,YP,YU,F
15:00:00,UNVR,RG,3850,5,D,XC,YU,F
15:00:00,UNVR,RG,3850,1,D,KK,YU,F
15:00:00,UNVR,RG,3850,1,D,PD,YU,F
15:00:00,UNVR,RG,3850,100,D,RG,YU,F
15:00:00,UNVR,RG,3850,10,D,YP,YU,F
15:00:00,UNVR,RG,3850,340,D,YP,YU,F
15:00:00,UNVR,RG,3850,1,D,SQ,YU,F
15:00:00,UNVR,RG,3850,50,D,CC,YU,F
15:00:00,UNVR,RG,3850,10,D,SQ,YU,F
15:00:00,UNVR,RG,3850,5,D,XC,YU,F
15:00:00,UNVR,RG,3850,2,D,YP,YU,F
15:00:00,UNVR,RG,3850,1,D,LG,YU,F
15:00:00,UNVR,RG,3850,20,D,CC,YU,F
15:00:00,UNVR,RG,3850,20,D,YP,YU,F
15:00:00,UNVR,RG,3850,100,D,YP,YU,F
15:00:00,UNVR,RG,3850,2,D,NI,YU,F
15:00:00,UNVR,RG,3850,1,D,CC,YU,F
15:00:00,UNVR,RG,3850,300,D,AF,YU,F
15:00:00,UNVR,RG,3850,1,D,CC,YU,F
15:00:00,UNVR,RG,3850,477,F,BK,YU,F
15:00:00,UNVR,RG,3850,1,D,YP,YU,F
15:00:00,UNVR,RG,3850,3,D,PD,YU,F
15:00:00,UNVR,RG,3850,1,D,XC,YU,F
15:00:00,UNVR,RG,3850,20,D,NI,YU,F
15:00:00,UNVR,RG,3850,20,D,PD,YU,F
15:00:00,UNVR,RG,3850,5,D,PD,YU,F
15:00:00,UNVR,RG,3850,50,D,DX,YU,F
15:00:00,UNVR,RG,3850,10,D,PD,YU,F
15:00:00,UNVR,RG,3850,7,D,XC,YU,F
15:00:00,UNVR,RG,3850,1,D,YP,YU,F
15:00:00,UNVR,RG,3850,20,D,YP,YU,F
15:00:00,UNVR,RG,3850,4,D,SQ,YU,F
15:00:00,UNVR,RG,3850,100,D,PD,YU,F
15:00:00,UNVR,RG,3850,2,D,BQ,YU,F
15:00:00,UNVR,RG,3850,430,D,OD,YU,F
15:00:00,UNVR,RG,3850,20,D,KK,YU,F
15:00:00,UNVR,RG,3850,2,D,YP,YU,F
15:00:00,UNVR,RG,3850,1,D,PD,YU,F
15:00:00,UNVR,RG,3850,2,D,AH,YU,F
15:00:00,UNVR,RG,3850,20,D,AT,YU,F
15:00:00,UNVR,RG,3850,5,D,PD,YU,F
15:00:00,UNVR,RG,3850,3,D,NI,YU,F
15:00:00,UNVR,RG,3850,3,D,YP,YU,F
15:00:00,UNVR,RG,3850,1,D,YP,YU,F
15:00:00,UNVR,RG,3850,1,D,CC,YU,F
15:00:00,UNVR,RG,3850,1,D,DH,YU,F
15:00:00,UNVR,RG,3850,3,D,YP,YU,F
15:00:00,UNVR,RG,3850,1,D,PD,YU,F
15:00:00,UNVR,RG,3850,3,D,KK,YU,F
15:00:00,UNVR,RG,3850,2,D,GR,YU,F
15:00:00,UNVR,RG,3850,20,D,YP,YU,F
15:00:00,UNVR,RG,3850,5,D,PD,YU,F
15:00:00,UNVR,RG,3850,2,D,XL,YU,F
15:00:00,UNVR,RG,3850,5,D,BR,YU,F
15:00:00,UNVR,RG,3850,1618,D,YP,YU,F
15:00:00,UNVR,RG,3850,54,D,CD,YU,F
15:00:00,UNVR,RG,3850,1,D,XL,YU,F
15:00:00,UNVR,RG,3850,2,D,PD,YU,F
15:00:00,UNVR,RG,3850,5,D,TP,YU,F
15:00:00,UNVR,RG,3850,129,D,SQ,YU,F
15:00:00,UNVR,RG,3850,6,D,NI,YU,F
15:00:00,UNVR,RG,3850,35,D,CC,YU,F
15:00:00,UNVR,RG,3850,2,D,PD,YU,F
15:00:00,UNVR,RG,3850,14,D,PD,YU,F
15:00:00,UNVR,RG,3850,25,D,CC,YU,F
15:00:00,UNVR,RG,3850,1,D,LG,YU,F
15:00:00,UNVR,RG,3850,1,D,NI,YU,F
15:00:00,UNVR,RG,3850,3,D,DR,YU,F
15:00:00,UNVR,RG,3850,1,D,YP,YU,F
15:00:00,UNVR,RG,3850,5,D,YP,YU,F
15:00:00,UNVR,RG,3850,15,D,LG,YU,F
15:00:00,UNVR,RG,3850,50,D,NI,YU,F
15:00:00,UNVR,RG,3850,30,D,DR,YU,F
15:00:00,UNVR,RG,3850,6,D,NI,YU,F
15:00:00,UNVR,RG,3850,4,D,NI,YU,F
15:00:00,UNVR,RG,3850,3,D,PD,YU,F
15:00:00,UNVR,RG,3850,3,D,YP,YU,F
15:00:00,UNVR,RG,3850,55,D,YP,YU,F
15:00:00,UNVR,RG,3850,33,D,YP,YU,F
15:00:00,UNVR,RG,3850,2,D,YP,YU,F
15:00:00,UNVR,RG,3850,3,D,YP,YU,F
15:00:00,UNVR,RG,3850,8,D,YP,GI,D
15:00:00,UNVR,RG,3850,2,D,PD,GI,D
15:00:00,UNVR,RG,3850,3,D,PD,KK,D
15:00:00,UNVR,RG,3850,20,D,YP,KK,D
15:00:00,UNVR,RG,3850,30,D,OD,KK,D
15:00:00,UNVR,RG,3850,2,D,CC,KK,D
15:00:00,UNVR,RG,3850,445,F,BK,KK,D
15:00:00,UNVR,RG,3850,21,F,BK,ZP,F
15:00:00,UNVR,RG,3850,700,F,BK,AK,F
15:00:00,UNVR,RG,3850,978,F,BK,BK,F
15:00:00,UNVR,RG,3850,480,F,BK,ZP,F
15:00:00,UNVR,RG,3850,648,F,ZP,ZP,F
15:00:00,UNVR,RG,3850,1,F,ZP,ZP,F
15:00:00,UNVR,RG,3850,1,F,ZP,CS,D
15:00:00,UNVR,RG,3850,134,F,ZP,CS,D
15:00:00,UNVR,RG,3850,253,F,ZP,CS,D
15:00:00,UNVR,RG,3850,73,F,ZP,CS,F
15:00:00,UNVR,RG,3850,50,F,RX,CS,F
15:00:00,UNVR,RG,3850,1581,F,RX,OD,D
15:00:00,UNVR,RG,3850,113,F,BK,OD,D
15:00:00,UNVR,RG,3850,564,F,CS,OD,D
15:00:00,UNVR,RG,3850,414,F,DX,OD,D
15:00:00,UNVR,RG,3850,368,F,DX,OD,D
15:00:00,UNVR,RG,3850,1918,F,DX,AK,D
15:00:00,UNVR,RG,3850,291,F,AK,AK,D
15:00:00,UNVR,RG,3850,51,F,AK,AK,D
15:00:00,UNVR,RG,3850,140,F,AK,AK,D
15:00:00,UNVR,RG,3850,193,F,AK,ZP,F
15:00:00,UNVR,RG,3850,172,F,AK,AK,F
15:00:00,UNVR,RG,3850,174,F,AK,RX,F
15:00:00,UNVR,RG,3850,17,F,AK,RX,F
15:00:00,UNVR,RG,3850,271,F,YU,RX,F
15:00:00,UNVR,RG,3850,114,F,BB,RX,F
15:00:00,UNVR,RG,3850,461,D,PD,RX,F
15:00:00,UNVR,RG,3850,50,D,PD,CC,D
15:00:00,UNVR,RG,3850,152,D,PD,NI,D
15:00:00,UNVR,RG,3850,35,D,PD,KK,D
15:00:00,UNVR,RG,3850,370,D,PD,CC,D
15:00:00,UNVR,RG,3850,496,D,PD,RX,D
15:00:00,UNVR,RG,3850,10,D,PD,RX,D
15:00:00,UNVR,RG,3850,464,D,PD,YU,F
15:00:00,UNVR,RG,3850,756,D,PD,DR,D
15:00:00,UNVR,RG,3850,270,D,PD,LG,D
14:49:59,UNVR,RG,3880,1,F,AK,RX,F
14:49:58,UNVR,RG,3880,2,F,AK,RX,F
14:49:58,UNVR,RG,3880,2,F,AK,RX,F
14:49:58,UNVR,RG,3880,1,D,NI,RX,F
14:49:58,UNVR,RG,3880,1,F,AK,RX,F
14:49:58,UNVR,RG,3880,2,F,ZP,RX,F
14:49:58,UNVR,RG,3880,14,F,BK,RX,F
14:49:56,UNVR,RG,3880,3,F,ZP,RX,F
14:49:55,UNVR,RG,3870,3,D,OD,PD,D
14:49:54,UNVR,RG,3880,8,F,ZP,RX,F
14:49:53,UNVR,RG,3880,14,F,BK,RX,F
14:49:53,UNVR,RG,3880,11,F,ZP,RX,F
14:49:50,UNVR,RG,3880,3,F,ZP,RX,F
14:49:50,UNVR,RG,3880,2,F,ZP,RX,F
14:49:48,UNVR,RG,3880,23,F,BK,RX,F
14:49:46,UNVR,RG,3870,1,D,OD,XC,D
14:49:45,UNVR,RG,3880,2,F,AK,RX,F
14:49:45,UNVR,RG,3880,1,F,AK,RX,F
14:49:43,UNVR,RG,3870,55,D,OD,KK,D
14:49:43,UNVR,RG,3870,1,D,OD,KK,D
14:49:43,UNVR,RG,3880,32,F,AK,RX,F
14:49:43,UNVR,RG,3880,6,F,AK,RX,F
14:49:43,UNVR,RG,3880,3,F,AK,RX,F
14:49:41,UNVR,RG,3880,16,F,ZP,RX,F
14:49:40,UNVR,RG,3880,11,F,BK,RX,F
14:49:39,UNVR,RG,3880,15,F,ZP,YP,D
14:49:35,UNVR,RG,3880,1,F,AK,YP,D
14:49:35,UNVR,RG,3870,6,D,OD,RX,D
14:49:33,UNVR,RG,3880,4,F,BK,YP,D
14:49:33,UNVR,RG,3880,7,F,BK,YP,D
14:49:30,UNVR,RG,3880,17,F,AK,YP,D
14:49:30,UNVR,RG,3880,10,F,AK,YP,D
14:49:30,UNVR,RG,3870,6,D,OD,BK,F
14:49:30,UNVR,RG,3870,33,D,OD,ZP,F
14:49:29,UNVR,RG,3880,12,F,ZP,YP,D
14:49:23,UNVR,RG,3880,5,F,ZP,YP,D
14:49:17,UNVR,RG,3880,11,F,BK,YP,D
14:49:15,UNVR,RG,3870,1,D,OD,BB,D
14:49:13,UNVR,RG,3880,1,D,HP,YP,D
14:49:13,UNVR,RG,3870,130,D,OD,TF,D
14:49:12,UNVR,RG,3870,1,D,OD,BB,D
14:49:10,UNVR,RG,3870,1,D,OD,BB,D
14:49:06,UNVR,RG,3870,11,D,OD,BK,F
14:49:05,UNVR,RG,3880,20,D,CC,YP,D
14:49:01,UNVR,RG,3870,41,D,OD,BK,F
14:49:00,UNVR,RG,3880,18,F,AK,YP,D
14:49:00,UNVR,RG,3880,3,F,AK,YP,D
14:49:00,UNVR,RG,3880,10,F,AK,YP,D
14:49:00,UNVR,RG,3880,5,F,AK,YP,D
14:49:00,UNVR,RG,3880,2,F,AK,YP,D
14:49:00,UNVR,RG,3880,7,F,AK,YP,D
14:49:00,UNVR,RG,3880,1,F,AK,YP,D
14:49:00,UNVR,RG,3880,1,F,AK,YP,D
14:49:00,UNVR,RG,3880,1,F,AK,YP,D
14:48:59,UNVR,RG,3870,5,D,OD,AK,F
14:48:59,UNVR,RG,3870,1,D,CC,AK,F
14:48:59,UNVR,RG,3870,1,D,PD,AK,F
14:48:59,UNVR,RG,3870,3,D,YP,AK,F
14:48:59,UNVR,RG,3870,3,D,YP,AK,F
14:48:59,UNVR,RG,3870,3,D,XC,AK,F
14:48:59,UNVR,RG,3870,3,D,XC,AK,F
14:48:59,UNVR,RG,3870,2,D,XC,AK,F
14:48:59,UNVR,RG,3870,1,D,XC,AK,F
14:48:55,UNVR,RG,3870,3,D,XC,ZP,D
14:48:55,UNVR,RG,3870,4,F,AK,ZP,D
14:48:55,UNVR,RG,3870,5,D,DR,ZP,D
14:48:55,UNVR,RG,3870,8,D,YU,ZP,D
14:48:55,UNVR,RG,3870,6,F,AK,ZP,D
14:48:52,UNVR,RG,3870,12,F,AK,ZP,F
14:48:52,UNVR,RG,3870,11,F,AK,BK,F
14:48:52,UNVR,RG,3870,4,F,AK,ZP,F
14:48:47,UNVR,RG,3870,1,F,AK,YP,D
14:48:47,UNVR,RG,3870,3,F,AK,YP,D
14:48:47,UNVR,RG,3870,1,D,HP,AK,F
14:48:47,UNVR,RG,3880,1,F,AK,YP,D
14:48:47,UNVR,RG,3870,1,D,OD,AK,F
14:48:45,UNVR,RG,3870,43,D,OD,ZP,D
14:48:44,UNVR,RG,3870,10,D,OD,CC,D
14:48:43,UNVR,RG,3870,3,D,OD,XC,D
14:48:42,UNVR,RG,3870,7,D,OD,ZP,F
14:48:38,UNVR,RG,3870,11,D,OD,BK,F
14:48:34,UNVR,RG,3880,25,D,DH,YP,D
14:48:32,UNVR,RG,3870,6,D,OD,ZP,D
14:48:30,UNVR,RG,3870,19,D,OD,CC,D
14:48:30,UNVR,RG,3870,10,D,YP,CC,D
14:48:30,UNVR,RG,3870,10,D,OD,CC,D
14:48:30,UNVR,RG,3870,10,D,CC,CC,D
14:48:30,UNVR,RG,3870,12,D,CC,ZP,D
14:48:30,UNVR,RG,3870,8,D,EP,ZP,D
14:48:30,UNVR,RG,3870,11,F,BK,ZP,D
14:48:30,UNVR,RG,3870,4,F,AK,ZP,D
14:48:30,UNVR,RG,3870,1,D,CC,ZP,D
14:48:27,UNVR,RG,3870,2,D,CC,BK,F
14:48:27,UNVR,RG,3870,2,D,CC,BK,F
14:48:27,UNVR,RG,3870,4,D,YP,BK,F
14:48:27,UNVR,RG,3870,1,D,CC,BK,F
14:48:27,UNVR,RG,3870,2,F,CS,BK,F
14:48:27,UNVR,RG,3880,1,D,YP,YP,D
14:48:25,UNVR,RG,3870,2,F,CS,ZP,F
14:48:24,UNVR,RG,3870,1,F,CS,BB,D
14:48:24,UNVR,RG,3870,12,F,CS,LG,D
14:48:15,UNVR,RG,3880,1,D,XC,YP,D
14:48:14,UNVR,RG,3870,11,F,CS,BK,F
14:48:10,UNVR,RG,3870,1,F,CS,BB,D
14:48:09,UNVR,RG,3870,52,F,CS,AK,F
14:48:08,UNVR,RG,3880,40,D,YP,YP,D
14:48:07,UNVR,RG,3870,11,F,CS,BK,F
14:48:04,UNVR,RG,3880,54,D,KZ,YP,D
14:47:58,UNVR,RG,3880,1,D,CC,YP,D
14:47:55,UNVR,RG,3870,10,F,CS,YP,D
14:47:54,UNVR,RG,3870,50,F,CS,AK,F
14:47:54,UNVR,RG,3870,28,F,CS,CC,D
14:47:53,UNVR,RG,3870,91,F,CS,YP,D
14:47:53,UNVR,RG,3870,20,D,OD,YP,D
14:47:53,UNVR,RG,3870,1,D,PD,YP,D
14:47:53,UNVR,RG,3870,4,D,PD,YP,D
14:47:53,UNVR,RG,3870,10,D,XC,YP,D
14:47:53,UNVR,RG,3870,24,F,AK,YP,D
14:47:49,UNVR,RG,3870,12,F,AK,BK,F
14:47:39,UNVR,RG,3870,12,F,AK,BK,F
14:47:22,UNVR,RG,3870,4,F,AK,NI,D
14:47:22,UNVR,RG,3870,1,F,AK,NI,D
14:47:17,UNVR,RG,3870,1,F,AK,BB,D
14:47:03,UNVR,RG,3880,1,D,XC,YP,D
14:46:55,UNVR,RG,3870,1,F,AK,NI,D
14:46:53,UNVR,RG,3870,3,F,AK,CC,D
14:46:53,UNVR,RG,3870,6,F,AK,CC,D
14:46:53,UNVR,RG,3870,20,D,DH,CC,D
14:46:53,UNVR,RG,3870,5,F,ZP,CC,D
14:46:53,UNVR,RG,3870,2,F,ZP,CC,D
14:46:53,UNVR,RG,3870,4,F,AK,CC,D
14:46:53,UNVR,RG,3870,10,D,YP,CC,D
14:46:53,UNVR,RG,3870,150,F,BK,CC,D
14:46:47,UNVR,RG,3870,183,F,BK,CC,D
14:46:47,UNVR,RG,3870,17,F,AK,CC,D
14:46:34,UNVR,RG,3880,12,F,BK,YP,D
14:46:31,UNVR,RG,3870,1,F,AK,PD,D
14:46:30,UNVR,RG,3880,41,F,BK,YP,D
14:46:28,UNVR,RG,3870,50,F,AK,DH,D
14:46:27,UNVR,RG,3880,185,F,BK,YP,D
14:46:26,UNVR,RG,3880,1,D,NI,YP,D
14:46:25,UNVR,RG,3880,506,D,PD,YP,D
14:46:25,UNVR,RG,3880,2,D,PD,AT,D
14:46:25,UNVR,RG,3880,52,D,PD,YP,D
14:46:25,UNVR,RG,3880,546,D,PD,RX,F
14:46:15,UNVR,RG,3880,23,F,BK,RX,F
14:46:12,UNVR,RG,3870,2,D,PD,CC,D
14:46:09,UNVR,RG,3880,55,F,BK,RX,F
14:46:08,UNVR,RG,3870,330,D,PD,DR,D
14:46:04,UNVR,RG,3870,3,D,PD,PD,D
14:46:03,UNVR,RG,3880,12,F,BK,RX,F
14:46:00,UNVR,RG,3870,73,D,PD,AK,F
14:45:49,UNVR,RG,3880,17,F,BK,RX,F
14:45:47,UNVR,RG,3870,38,D,PD,BK,F
14:45:47,UNVR,RG,3870,7,D,PD,ZP,F
14:45:47,UNVR,RG,3870,180,D,PD,CC,D
14:45:47,UNVR,RG,3870,13,D,PD,XC,D
14:45:47,UNVR,RG,3870,1,D,PD,BB,D
14:45:47,UNVR,RG,3870,18,D,PD,AK,F
14:45:47,UNVR,RG,3870,178,D,PD,ZP,D
14:45:47,UNVR,RG,3870,36,D,PD,ZP,F
14:45:47,UNVR,RG,3870,15,D,PD,ZP,F
14:45:26,UNVR,RG,3870,6,D,FS,ZP,F
14:45:26,UNVR,RG,3870,74,D,FS,BK,F
14:45:26,UNVR,RG,3870,20,D,FS,ZP,F
14:45:23,UNVR,RG,3860,12,D,KK,BK,F
14:45:22,UNVR,RG,3870,7,D,YP,CS,F
14:45:22,UNVR,RG,3870,3,D,YP,CP,D
14:45:15,UNVR,RG,3870,14,D,NI,CP,D
14:45:14,UNVR,RG,3870,7,D,EP,CP,D
14:45:14,UNVR,RG,3870,25,D,SQ,CP,D
14:45:11,UNVR,RG,3870,6,D,PD,CP,D
14:45:09,UNVR,RG,3860,6,D,KK,BK,F
14:45:09,UNVR,RG,3860,2,D,PD,BK,F
14:45:09,UNVR,RG,3860,3,D,EP,BK,F
14:45:09,UNVR,RG,3870,7,D,KZ,CP,D
14:45:05,UNVR,RG,3870,6,D,YP,CP,D
14:45:04,UNVR,RG,3870,3,D,KZ,CP,D
14:45:00,UNVR,RG,3870,125,D,OD,CP,D
14:44:57,UNVR,RG,3860,1,D,EP,DX,D
14:44:56,UNVR,RG,3870,10,D,YP,CP,D
14:44:54,UNVR,RG,3860,1,D,EP,DX,D
14:44:53,UNVR,RG,3870,5,D,CC,CP,D
14:44:48,UNVR,RG,3870,1,D,NI,CP,D
14:44:48,UNVR,RG,3870,4,D,LG,CP,D
14:44:48,UNVR,RG,3870,10,D,EP,CP,D
14:44:48,UNVR,RG,3870,98,D,KZ,CP,D
14:44:48,UNVR,RG,3870,10,F,ZP,CP,D
14:44:48,UNVR,RG,3870,5,F,AK,CP,D
14:44:48,UNVR,RG,3870,229,F,BK,CP,D
14:44:48,UNVR,RG,3870,1,D,PD,CP,D
14:44:48,UNVR,RG,3870,36,D,DR,CP,D
14:44:48,UNVR,RG,3870,35,F,ZP,CP,D
14:44:48,UNVR,RG,3870,5,D,CC,CP,D
14:44:48,UNVR,RG,3870,1,D,MU,CP,D
14:44:48,UNVR,RG,3870,30,F,CC,CP,D
14:44:48,UNVR,RG,3870,387,F,BK,CP,D
14:44:48,UNVR,RG,3870,20,F,AK,CP,D
14:44:48,UNVR,RG,3870,24,F,AK,CP,D
14:44:48,UNVR,RG,3870,100,D,YP,CP,D
14:44:48,UNVR,RG,3870,5,D,PD,CP,D
14:44:48,UNVR,RG,3870,15,D,DR,CP,D
14:44:48,UNVR,RG,3870,20,D,DH,CP,D
14:44:48,UNVR,RG,3870,2,D,PD,CP,D
14:44:48,UNVR,RG,3870,2,D,YP,CP,D
14:44:48,UNVR,RG,3870,1,D,KZ,CP,D
14:44:48,UNVR,RG,3870,1,D,CC,CP,D
14:44:48,UNVR,RG,3870,10,D,YP,CP,D
14:44:48,UNVR,RG,3870,188,F,CS,CP,D
14:44:48,UNVR,RG,3870,1,D,YP,CP,D
14:44:48,UNVR,RG,3870,1,D,OD,CP,D
14:44:48,UNVR,RG,3870,278,F,CS,CP,D
14:44:48,UNVR,RG,3870,1,D,KK,CP,D
14:44:48,UNVR,RG,3870,1,D,DH,CP,D
14:44:48,UNVR,RG,3870,90,D,PD,CP,D
14:44:48,UNVR,RG,3870,1,D,DX,CP,D
14:44:48,UNVR,RG,3870,3,D,XC,CP,D
14:44:48,UNVR,RG,3870,1,D,PD,CP,D
14:44:48,UNVR,RG,3870,190,D,PD,CP,D
14:44:48,UNVR,RG,3870,1,D,GR,CP,D
14:44:48,UNVR,RG,3870,20,D,YP,CP,D
14:44:48,UNVR,RG,3870,2,D,YP,CP,D
14:44:48,UNVR,RG,3870,372,F,CS,CP,D
14:44:48,UNVR,RG,3870,92,D,MK,CP,D
14:44:48,UNVR,RG,3870,2,D,PD,CP,D
14:44:48,UNVR,RG,3870,1,D,DX,CP,D
14:44:48,UNVR,RG,3870,5,D,DR,CP,D
14:44:48,UNVR,RG,3870,2,D,YP,CP,D
14:44:48,UNVR,RG,3870,2,D,YP,CP,D
14:44:48,UNVR,RG,3870,10,D,YP,CP,D
14:44:48,UNVR,RG,3870,10,D,XL,CP,D
14:44:48,UNVR,RG,3870,11,D,YP,CP,D
14:44:48,UNVR,RG,3870,2,D,PD,CP,D
14:44:48,UNVR,RG,3870,5,D,AZ,CP,D
14:44:48,UNVR,RG,3870,2,D,XC,CP,D
14:44:48,UNVR,RG,3870,1,D,NI,CP,D
14:44:48,UNVR,RG,3870,10,D,CC,CP,D
14:44:48,UNVR,RG,3870,2,D,YP,CP,D
14:44:48,UNVR,RG,3870,4,D,XC,CP,D
14:44:48,UNVR,RG,3870,12,D,GR,CP,D
14:44:48,UNVR,RG,3870,5,D,NI,CP,D
14:44:48,UNVR,RG,3870,39,D,CC,CP,D
14:44:48,UNVR,RG,3870,120,D,DH,CP,D
14:44:47,UNVR,RG,3880,260,D,GR,RX,F
14:44:44,UNVR,RG,3870,42,D,DH,AZ,D
14:44:39,UNVR,RG,3870,5,D,DH,XC,D
14:44:27,UNVR,RG,3880,1,D,NI,RX,F
14:44:06,UNVR,RG,3870,33,D,DH,YU,D
14:44:06,UNVR,RG,3870,10,D,PD,YU,D
14:44:06,UNVR,RG,3870,10,D,XC,YU,D
14:44:06,UNVR,RG,3870,300,D,KK,YU,D
14:44:06,UNVR,RG,3870,70,D,CC,YU,D
14:44:06,UNVR,RG,3870,50,D,YP,YU,D
14:44:06,UNVR,RG,3870,20,D,CC,YU,D
14:44:06,UNVR,RG,3870,10,D,KK,YU,D
14:44:06,UNVR,RG,3870,10,D,CC,YU,D
14:44:06,UNVR,RG,3870,70,D,DX,YU,D
14:43:56,UNVR,RG,3880,1,D,KK,RX,F
14:43:50,UNVR,RG,3870,30,D,DX,YU,D
14:43:50,UNVR,RG,3870,6,D,GR,YU,D
14:43:50,UNVR,RG,3870,2,D,YP,YU,D
14:43:50,UNVR,RG,3870,2,D,XC,YU,D
14:43:50,UNVR,RG,3870,200,D,PO,YU,D
14:43:50,UNVR,RG,3870,5,D,YP,YU,D
14:43:50,UNVR,RG,3870,15,D,DR,YU,D
14:43:50,UNVR,RG,3870,1,D,CC,YU,D
14:43:50,UNVR,RG,3870,5,D,KK,YU,D
14:43:50,UNVR,RG,3870,5,D,NI,YU,D
14:43:50,UNVR,RG,3870,10,D,CC,YU,D
14:43:50,UNVR,RG,3870,2,F,ZP,YU,D
14:43:50,UNVR,RG,3870,1,D,SQ,YU,D
14:43:50,UNVR,RG,3870,1,D,DX,YU,D
14:43:50,UNVR,RG,3870,22,F,ZP,YU,D
14:43:50,UNVR,RG,3870,21,F,ZP,YU,D
14:43:50,UNVR,RG,3870,255,F,BK,YU,D
14:43:43,UNVR,RG,3870,3,F,BK,YP,D
14:43:40,UNVR,RG,3880,39,D,XC,RX,F
14:43:38,UNVR,RG,3880,1,D,XC,RX,F
14:43:34,UNVR,RG,3880,10,D,CC,RX,F
14:43:33,UNVR,RG,3880,1,D,XC,RX,F
14:43:31,UNVR,RG,3870,582,F,BK,YU,D
14:43:24,UNVR,RG,3880,109,F,AK,RX,F
14:43:24,UNVR,RG,3880,14,D,DR,RX,F
14:43:24,UNVR,RG,3880,38,F,ZP,RX,F
14:43:24,UNVR,RG,3880,91,F,AK,RX,F
14:43:24,UNVR,RG,3880,2,D,PD,RX,F
14:43:24,UNVR,RG,3880,2,F,CS,RX,F
14:43:24,UNVR,RG,3880,702,F,BK,RX,F
14:43:24,UNVR,RG,3880,1,D,KK,RX,F
14:43:24,UNVR,RG,3880,1,D,NI,RX,F
14:43:24,UNVR,RG,3880,2,F,CS,RX,F
14:43:24,UNVR,RG,3880,1,F,CS,RX,F
14:43:24,UNVR,RG,3880,50,F,AK,RX,F
14:43:24,UNVR,RG,3880,15,F,AK,RX,F
14:43:24,UNVR,RG,3880,15,F,AK,RX,F
14:43:24,UNVR,RG,3880,79,F,AK,RX,F
14:43:24,UNVR,RG,3880,356,F,AK,RX,F
14:43:24,UNVR,RG,3880,14,F,AK,RX,F
14:43:24,UNVR,RG,3880,11,F,AK,RX,F
14:43:24,UNVR,RG,3880,2,D,YP,RX,F
14:43:24,UNVR,RG,3880,529,F,RX,RX,F
14:43:20,UNVR,RG,3890,8,F,BK,AZ,D
14:43:20,UNVR,RG,3890,53,F,BK,AH,D
14:43:16,UNVR,RG,3890,96,F,BK,AH,D
14:43:16,UNVR,RG,3880,256,F,RX,AK,F
14:43:15,UNVR,RG,3880,102,F,RX,YU,D
14:43:15,UNVR,RG,3880,2,F,CS,YU,D
14:43:15,UNVR,RG,3880,24,F,ZP,YU,D
14:43:15,UNVR,RG,3880,13,F,ZP,YU,D
14:43:15,UNVR,RG,3880,1,F,CS,YU,D
14:43:15,UNVR,RG,3880,440,D,CP,YU,D
14:43:13,UNVR,RG,3890,16,F,BK,AH,D
14:43:10,UNVR,RG,3890,33,F,BK,AH,D
14:43:10,UNVR,RG,3890,6,F,RX,AH,D
14:43:09,UNVR,RG,3880,73,D,CP,YU,D
14:43:08,UNVR,RG,3890,26,F,RX,AH,D
14:43:08,UNVR,RG,3880,5,D,CP,DH,D
14:43:07,UNVR,RG,3880,124,D,CP,YU,D
14:43:00,UNVR,RG,3880,90,D,CP,YU,D
14:43:00,UNVR,RG,3890,5,D,PD,AH,D
14:42:59,UNVR,RG,3880,133,D,CP,ZP,D
14:42:56,UNVR,RG,3880,98,D,CP,YU,D
14:42:51,UNVR,RG,3880,90,D,CP,YU,D
14:42:50,UNVR,RG,3880,207,D,CP,YU,D
14:42:35,UNVR,RG,3880,65,D,CP,YU,D
14:42:33,UNVR,RG,3880,103,D,CP,YU,D
14:42:27,UNVR,RG,3880,66,D,CP,YU,D
14:42:26,UNVR,RG,3880,33,D,CP,CC,D
14:42:07,UNVR,RG,3880,152,D,CP,YU,D
14:42:07,UNVR,RG,3880,8,D,CP,DR,D
14:42:07,UNVR,RG,3880,1,D,CP,DH,D
14:42:07,UNVR,RG,3880,2,D,CP,ZP,F
14:42:07,UNVR,RG,3880,2,D,CP,BQ,D
14:42:07,UNVR,RG,3880,15,D,CP,OD,D
14:42:07,UNVR,RG,3880,210,D,CP,YU,D
14:42:07,UNVR,RG,3880,1,D,CP,DX,D
14:42:07,UNVR,RG,3880,4,D,CP,BB,D
14:42:07,UNVR,RG,3880,27,D,CP,LG,D
14:42:07,UNVR,RG,3880,3,D,CP,ZP,F
14:42:07,UNVR,RG,3880,10,D,CP,YP,D
14:42:07,UNVR,RG,3880,38,D,CP,ZP,D
14:42:07,UNVR,RG,3870,67,F,BK,YU,D
14:42:06,UNVR,RG,3880,1,D,CC,ZP,D
14:42:06,UNVR,RG,3880,5,D,CC,AK,F
14:42:04,UNVR,RG,3870,74,F,BK,YU,D
14:42:03,UNVR,RG,3880,1,D,YP,AK,F
14:42:03,UNVR,RG,3880,13,D,AT,AK,F
14:42:01,UNVR,RG,3880,18,F,RX,AK,F
14:42:01,UNVR,RG,3870,94,F,BK,YU,D
14:41:56,UNVR,RG,3870,4,F,BK,PD,D
14:41:55,UNVR,RG,3870,75,F,BK,YU,D
14:41:55,UNVR,RG,3880,1,D,YP,AK,F
14:41:51,UNVR,RG,3880,15,F,RX,AK,F
14:41:48,UNVR,RG,3880,5,D,DR,AK,F
14:41:48,UNVR,RG,3880,10,D,DR,YP,D
14:41:48,UNVR,RG,3880,11,D,DR,CS,F
14:41:48,UNVR,RG,3880,250,D,DR,EP,D
14:41:48,UNVR,RG,3880,54,D,DR,YU,D
14:41:46,UNVR,RG,3880,10,D,CC,YU,D
14:41:45,UNVR,RG,3870,10,F,BK,PD,D
14:41:41,UNVR,RG,3880,13,D,XC,YU,D
14:41:39,UNVR,RG,3880,4,D,KZ,YU,D
14:41:39,UNVR,RG,3880,5,D,KZ,KK,D
14:41:39,UNVR,RG,3880,1,D,KZ,YP,D
14:41:39,UNVR,RG,3880,139,D,KZ,YU,D
14:41:38,UNVR,RG,3880,13,F,BK,YU,D
14:41:36,UNVR,RG,3880,104,F,BK,YU,D
14:41:36,UNVR,RG,3880,8,F,BK,DR,D
14:41:36,UNVR,RG,3880,20,F,BK,ZP,F
14:41:36,UNVR,RG,3880,10,F,BK,YP,D
14:41:36,UNVR,RG,3880,8,F,BK,CS,F
14:41:36,UNVR,RG,3880,1,F,BK,PD,D
14:41:36,UNVR,RG,3880,10,F,BK,YP,D
14:41:36,UNVR,RG,3880,1,F,BK,PD,D
14:41:36,UNVR,RG,3880,6,F,BK,DH,D
14:41:36,UNVR,RG,3880,13,F,BK,PD,D
14:41:36,UNVR,RG,3880,50,F,BK,AZ,D
14:41:36,UNVR,RG,3880,6,F,BK,PD,D
14:41:36,UNVR,RG,3880,19,F,BK,ZP,F
14:41:36,UNVR,RG,3880,1,F,BK,AT,D
14:41:36,UNVR,RG,3880,1,F,BK,XC,D
14:41:36,UNVR,RG,3880,10,F,BK,CS,F
14:41:36,UNVR,RG,3880,3,F,BK,XC,D
14:41:36,UNVR,RG,3880,1,F,BK,XC,D
14:41:36,UNVR,RG,3880,50,F,BK,ZP,F
14:41:36,UNVR,RG,3880,20,F,BK,BB,D
14:41:36,UNVR,RG,3880,28,F,BK,ZP,F
14:41:36,UNVR,RG,3880,2,F,BK,XC,D
14:41:36,UNVR,RG,3880,77,F,BK,GR,D
14:41:36,UNVR,RG,3880,127,F,BK,ZP,D
14:41:35,UNVR,RG,3870,70,F,BK,YU,D
14:41:35,UNVR,RG,3880,5,D,PD,ZP,D
14:41:34,UNVR,RG,3880,6,D,KZ,ZP,D
14:41:33,UNVR,RG,3880,3,D,KK,ZP,D
14:41:32,UNVR,RG,3870,64,F,BK,YU,D
14:41:31,UNVR,RG,3880,11,F,ZP,ZP,D
14:41:31,UNVR,RG,3880,112,F,BK,ZP,D
14:41:31,UNVR,RG,3880,90,F,BK,DH,D
14:41:31,UNVR,RG,3880,5,F,BK,PD,D
14:41:31,UNVR,RG,3880,3,F,BK,KK,D
14:41:31,UNVR,RG,3880,14,F,BK,OD,D
14:41:31,UNVR,RG,3880,638,F,BK,RX,F
14:41:30,UNVR,RG,3880,1362,F,BK,RX,F
14:41:30,UNVR,RG,3880,500,F,BK,KK,D
14:41:30,UNVR,RG,3880,18,F,BK,RX,D
14:41:30,UNVR,RG,3880,13,F,BK,AK,F
14:41:30,UNVR,RG,3880,51,F,BK,AK,F
14:41:30,UNVR,RG,3880,12,F,BK,SQ,D
14:41:30,UNVR,RG,3880,109,F,BK,KK,D
14:41:30,UNVR,RG,3880,100,F,BK,PD,D
14:41:30,UNVR,RG,3880,100,F,BK,TP,D
14:41:30,UNVR,RG,3880,235,F,BK,RX,F
14:41:30,UNVR,RG,3870,104,F,BK,YU,D
14:41:29,UNVR,RG,3870,1,F,BK,DX,D
14:41:28,UNVR,RG,3880,1765,F,BK,RX,F
14:41:28,UNVR,RG,3880,3,F,BK,PD,D
14:41:28,UNVR,RG,3880,25,F,BK,YP,D
14:41:28,UNVR,RG,3880,10,F,BK,CC,D
14:41:28,UNVR,RG,3880,10,F,BK,KK,D
14:41:28,UNVR,RG,3880,5,F,BK,XC,D
14:41:28,UNVR,RG,3880,1,F,BK,PD,D
14:41:28,UNVR,RG,3880,56,F,BK,AK,F
14:41:28,UNVR,RG,3880,4,F,BK,KK,D
14:41:28,UNVR,RG,3880,500,F,BK,KK,D
14:41:28,UNVR,RG,3880,50,F,BK,AZ,D
14:41:28,UNVR,RG,3880,15,F,BK,AK,F
14:41:28,UNVR,RG,3880,10,F,BK,YP,D
14:41:28,UNVR,RG,3880,1,F,BK,YP,D
14:41:28,UNVR,RG,3880,40,F,BK,AT,D
14:41:28,UNVR,RG,3880,2,F,BK,PD,D
14:41:28,UNVR,RG,3880,3,F,BK,XC,D
14:41:28,UNVR,RG,3870,227,F,BK,YU,D
14:41:28,UNVR,RG,3880,2,D,CP,XC,D
14:41:28,UNVR,RG,3880,204,D,CP,CC,D
14:41:28,UNVR,RG,3880,9,D,CP,LG,D
14:41:28,UNVR,RG,3880,19,D,CP,RX,D
14:41:28,UNVR,RG,3880,1,D,CP,CC,D
14:41:28,UNVR,RG,3880,1,D,CP,BQ,D
14:41:28,UNVR,RG,3880,10,D,CP,KK,D
14:41:28,UNVR,RG,3880,2,D,CP,CC,D
14:41:28,UNVR,RG,3880,5,D,CP,PD,D
14:41:28,UNVR,RG,3880,50,D,CP,AZ,D
14:41:28,UNVR,RG,3880,1,D,CP,PD,D
14:41:28,UNVR,RG,3880,1,D,CP,PD,D
14:41:28,UNVR,RG,3880,1,D,CP,KK,D
14:41:28,UNVR,RG,3880,1,D,CP,KK,D
14:41:28,UNVR,RG,3880,5,D,CP,YP,D
14:41:28,UNVR,RG,3880,7,D,CP,CS,F
14:41:28,UNVR,RG,3880,1,D,CP,PD,D
14:41:28,UNVR,RG,3880,200,D,CP,OD,D
14:41:28,UNVR,RG,3880,1,D,CP,KK,D
14:41:28,UNVR,RG,3880,5,D,CP,NI,D
14:41:28,UNVR,RG,3880,14,D,CP,CS,F
14:41:28,UNVR,RG,3880,5,D,CP,KK,D
14:41:28,UNVR,RG,3880,13,D,CP,PD,D
14:41:28,UNVR,RG,3880,5,D,CP,CC,D
14:41:28,UNVR,RG,3880,26,D,CP,YP,D
14:41:28,UNVR,RG,3880,2,D,CP,IF,D
14:41:28,UNVR,RG,3880,10,D,CP,GR,D
14:41:28,UNVR,RG,3880,20,D,CP,NI,D
14:41:28,UNVR,RG,3880,43,D,CP,BK,F
14:41:28,UNVR,RG,3880,5,D,CP,XC,D
14:41:28,UNVR,RG,3880,3,D,CP,NI,D
14:41:28,UNVR,RG,3880,9,D,CP,LG,D
14:41:28,UNVR,RG,3880,23,D,CP,RX,D
14:41:28,UNVR,RG,3880,5,D,CP,CC,D
14:41:28,UNVR,RG,3880,10,D,CP,CS,F
14:41:28,UNVR,RG,3880,79,D,CP,BK,F
14:41:28,UNVR,RG,3880,96,D,CP,CC,D
14:41:28,UNVR,RG,3880,53,D,CP,PD,D
14:41:28,UNVR,RG,3880,2,D,CP,PD,D
14:41:28,UNVR,RG,3880,2,D,CP,GR,D
14:41:28,UNVR,RG,3880,76,D,CP,BK,F
14:41:28,UNVR,RG,3880,1723,D,CP,RX,F
14:41:25,UNVR,RG,3870,8,F,BK,YU,D
14:41:24,UNVR,RG,3870,12,F,BK,BK,F
14:41:23,UNVR,RG,3870,8,F,BK,YU,D
14:41:22,UNVR,RG,3870,8,F,BK,RX,D
14:41:20,UNVR,RG,3870,4,F,BK,ZP,F
14:41:06,UNVR,RG,3870,6,F,BK,YU,D
14:41:05,UNVR,RG,3870,10,F,BK,BK,F
14:41:02,UNVR,RG,3870,4,F,BK,YU,D
14:41:01,UNVR,RG,3870,5,F,BK,ZP,F
14:40:57,UNVR,RG,3870,28,F,BK,YU,D
14:40:57,UNVR,RG,3880,42,F,BK,RX,F
14:40:55,UNVR,RG,3870,18,F,BK,YU,D
14:40:55,UNVR,RG,3880,28,F,BK,RX,F
14:40:53,UNVR,RG,3870,10,F,BK,YU,D
14:40:52,UNVR,RG,3870,15,F,BK,BK,F
14:40:51,UNVR,RG,3870,79,F,BK,YU,D
14:40:50,UNVR,RG,3880,118,D,XC,RX,F
14:40:42,UNVR,RG,3870,13,F,BK,YU,D
14:40:41,UNVR,RG,3870,14,F,BK,BK,F
14:40:41,UNVR,RG,3870,5,F,BK,ZP,F
14:40:25,UNVR,RG,3870,6,F,BK,YU,D
14:40:25,UNVR,RG,3870,5,F,BK,PD,D
14:40:22,UNVR,RG,3870,5,F,BK,ZP,F
14:40:21,UNVR,RG,3870,10,F,BK,YU,D
14:40:21,UNVR,RG,3870,15,F,BK,BK,F
14:40:09,UNVR,RG,3870,8,F,BK,YU,D
14:40:08,UNVR,RG,3870,8,F,BK,RX,D
14:40:08,UNVR,RG,3870,10,F,BK,YU,D
14:40:08,UNVR,RG,3880,3,D,XC,RX,F
14:40:07,UNVR,RG,3870,13,F,BK,PD,D
14:40:05,UNVR,RG,3870,3,F,BK,ZP,F
14:40:00,UNVR,RG,3870,32,F,BK,YU,D
14:39:56,UNVR,RG,3870,8,F,BK,YU,D
14:39:56,UNVR,RG,3870,29,F,ZP,YU,D
14:39:56,UNVR,RG,3870,3,D,DR,YU,D
14:39:56,UNVR,RG,3880,48,F,BK,RX,F
14:39:55,UNVR,RG,3880,38,D,YP,RX,F
14:39:55,UNVR,RG,3880,12,D,YP,BK,F
14:39:52,UNVR,RG,3880,10,D,XC,BK,F
14:39:47,UNVR,RG,3870,86,F,BK,ZP,D
14:39:46,UNVR,RG,3870,6,F,BK,ZP,F
14:39:18,UNVR,RG,3870,10,F,BK,XC,D
14:39:12,UNVR,RG,3870,3,F,BK,ZP,F
14:38:56,UNVR,RG,3870,5,F,BK,ZP,F
14:38:56,UNVR,RG,3880,1,D,PD,BK,F
14:38:45,UNVR,RG,3880,54,F,BK,BK,F
14:38:42,UNVR,RG,3870,255,F,BK,YP,D
14:38:39,UNVR,RG,3870,16,F,BK,BK,F
14:38:32,UNVR,RG,3870,14,F,BK,AK,F
14:38:31,UNVR,RG,3870,1,F,BK,DX,D
14:38:25,UNVR,RG,3880,1,F,BK,BK,F
14:38:25,UNVR,RG,3880,30,F,BK,KK,D
14:38:24,UNVR,RG,3870,3,F,BK,ZP,F
14:38:17,UNVR,RG,3870,16,F,BK,BK,F
14:38:06,UNVR,RG,3870,6,F,BK,ZP,F
14:37:59,UNVR,RG,3880,100,D,GR,KK,D
14:37:54,UNVR,RG,3880,27,F,BK,KK,D
14:37:53,UNVR,RG,3870,6,F,BK,NI,D
14:37:50,UNVR,RG,3870,96,F,BK,ZP,D
14:37:50,UNVR,RG,3870,2,F,BK,CC,D
14:37:50,UNVR,RG,3870,62,F,BK,AZ,D
14:37:48,UNVR,RG,3870,5,F,BK,CC,D
14:37:45,UNVR,RG,3870,2,F,BK,HD,D
14:37:40,UNVR,RG,3870,1,F,BK,XL,D
14:37:33,UNVR,RG,3880,36,F,BK,KK,D
14:37:32,UNVR,RG,3880,5,D,PD,KK,D
14:37:31,UNVR,RG,3870,6,F,BK,ZP,F
14:37:30,UNVR,RG,3870,15,F,BK,AK,F
14:37:29,UNVR,RG,3880,2,D,PC,KK,D
14:37:29,UNVR,RG,3880,13,D,PC,CS,F
14:37:29,UNVR,RG,3880,419,D,PC,ZP,D
14:37:29,UNVR,RG,3880,2,D,PC,PD,D
14:37:29,UNVR,RG,3880,1,D,PC,XC,D
14:37:29,UNVR,RG,3880,15,D,PC,NI,D
14:37:29,UNVR,RG,3880,21,D,PC,ZP,F
14:37:29,UNVR,RG,3880,27,D,PC,BK,F
14:37:23,UNVR,RG,3870,500,F,BK,PC,D
14:37:21,UNVR,RG,3870,769,F,BK,HP,D
14:37:21,UNVR,RG,3870,50,F,BK,AZ,D
14:37:18,UNVR,RG,3880,10,D,CC,BK,F
14:37:16,UNVR,RG,3880,5,D,CC,BK,F
14:37:02,UNVR,RG,3880,15,D,XC,BK,F
14:36:56,UNVR,RG,3870,4,F,BK,ZP,F
14:36:52,UNVR,RG,3870,23,F,BK,BB,D
14:36:52,UNVR,RG,3880,3,D,PD,BK,F
14:36:46,UNVR,RG,3880,10,D,PD,BK,F
14:36:39,UNVR,RG,3880,10,D,XC,BK,F
14:36:36,UNVR,RG,3870,3,F,BK,ZP,F
14:36:35,UNVR,RG,3870,50,F,BK,OD,D
14:36:23,UNVR,RG,3880,1,D,XC,BK,F
14:36:18,UNVR,RG,3870,26,F,BK,BK,F
14:36:16,UNVR,RG,3870,3,F,BK,ZP,F
14:36:15,UNVR,RG,3870,15,F,BK,AK,F
14:36:09,UNVR,RG,3870,1,F,BK,LG,D
14:36:00,UNVR,RG,3870,1,F,BK,PD,D
14:35:58,UNVR,RG,3870,1,F,BK,LG,D
14:35:56,UNVR,RG,3870,3,F,BK,ZP,F
14:35:55,UNVR,RG,3870,12,F,BK,YP,D
14:35:48,UNVR,RG,3870,26,F,BK,BK,F
14:35:47,UNVR,RG,3870,5,F,BK,CC,D
14:35:42,UNVR,RG,3870,1,F,BK,DX,D
14:35:42,UNVR,RG,3870,143,F,BK,HP,D
14:35:36,UNVR,RG,3870,3,F,BK,ZP,F
14:35:23,UNVR,RG,3870,25,F,BK,YP,D
14:35:20,UNVR,RG,3870,220,F,BK,HP,D
14:35:17,UNVR,RG,3870,4,F,BK,ZP,F
14:35:16,UNVR,RG,3870,20,F,BK,YP,D
14:35:15,UNVR,RG,3870,10,F,BK,HP,D
14:35:08,UNVR,RG,3870,32,F,BK,BK,F
14:35:04,UNVR,RG,3870,104,F,BK,HP,D
14:35:04,UNVR,RG,3870,20,D,SQ,HP,D
14:35:04,UNVR,RG,3870,19,F,AK,HP,D
14:35:04,UNVR,RG,3870,12,F,CC,HP,D
14:34:58,UNVR,RG,3870,11,F,CC,RX,D
14:34:58,UNVR,RG,3870,3,F,CC,ZP,F
14:34:55,UNVR,RG,3870,4,F,CC,CS,F
14:34:54,UNVR,RG,3870,2,F,CC,CS,F
14:34:54,UNVR,RG,3870,58,F,CC,AK,F
14:34:54,UNVR,RG,3870,51,F,AK,AK,F
14:34:54,UNVR,RG,3870,65,F,AK,AK,F
14:34:54,UNVR,RG,3870,21,F,AK,ZP,F
14:34:54,UNVR,RG,3870,18,F,AK,CS,F
14:34:53,UNVR,RG,3870,19,F,AK,CS,F
14:34:53,UNVR,RG,3870,153,F,AK,RX,F
14:34:53,UNVR,RG,3870,58,F,AK,RX,F
14:34:53,UNVR,RG,3870,252,F,CS,RX,F
14:34:53,UNVR,RG,3870,18,F,AK,RX,F
14:34:53,UNVR,RG,3870,81,F,AK,RX,F
14:34:53,UNVR,RG,3870,55,F,AK,RX,F
14:34:53,UNVR,RG,3870,2,D,PD,RX,F
14:34:53,UNVR,RG,3870,25,D,SQ,RX,F
14:34:53,UNVR,RG,3870,18,F,AK,RX,F
14:34:53,UNVR,RG,3870,1,D,PD,RX,F
14:34:53,UNVR,RG,3870,1,D,DX,RX,F
14:34:53,UNVR,RG,3870,1,D,XC,RX,F
14:34:53,UNVR,RG,3870,7,D,XC,RX,F
14:34:53,UNVR,RG,3870,2,F,CS,RX,F
14:34:53,UNVR,RG,3870,1,D,DH,RX,F
14:34:53,UNVR,RG,3870,2,D,CC,RX,F
14:34:53,UNVR,RG,3870,11,D,DR,RX,F
14:34:53,UNVR,RG,3870,1,D,YP,RX,F
14:34:53,UNVR,RG,3870,5,D,CC,RX,F
14:34:53,UNVR,RG,3870,17,F,AK,RX,F
14:34:53,UNVR,RG,3870,1,D,PD,RX,F
14:34:53,UNVR,RG,3870,50,D,OD,RX,F
14:34:53,UNVR,RG,3870,1,D,CC,RX,F
14:34:53,UNVR,RG,3870,1,D,PD,RX,F
14:34:53,UNVR,RG,3870,36,F,DX,RX,F
14:34:53,UNVR,RG,3870,666,F,CS,RX,F
14:34:53,UNVR,RG,3870,82,F,AK,RX,F
14:34:53,UNVR,RG,3870,88,F,AK,RX,F
14:34:53,UNVR,RG,3870,1,F,CS,RX,F
14:34:53,UNVR,RG,3870,247,F,ZP,RX,F
14:34:53,UNVR,RG,3870,84,F,ZP,RX,F
14:34:53,UNVR,RG,3870,12,D,GR,RX,F
14:34:53,UNVR,RG,3870,25,D,YP,RX,F
14:34:53,UNVR,RG,3870,1,D,EP,RX,F
14:34:53,UNVR,RG,3870,20,D,YP,RX,F
14:34:53,UNVR,RG,3870,2,D,EP,RX,F
14:34:53,UNVR,RG,3870,3,F,CS,RX,F
14:34:53,UNVR,RG,3870,586,F,BK,RX,F
14:34:53,UNVR,RG,3870,3,D,YP,RX,F
14:34:53,UNVR,RG,3870,10,D,PD,RX,F
14:34:53,UNVR,RG,3870,500,D,SQ,RX,F
14:34:53,UNVR,RG,3870,1,D,YP,RX,F
14:34:53,UNVR,RG,3870,5,D,CC,RX,F
14:34:53,UNVR,RG,3870,300,D,SS,RX,F
14:34:53,UNVR,RG,3870,30,D,PD,RX,F
14:34:53,UNVR,RG,3870,8,D,SQ,RX,F
14:34:53,UNVR,RG,3870,77,F,AK,RX,F
14:34:53,UNVR,RG,3870,186,F,AK,RX,F
14:34:53,UNVR,RG,3870,232,F,DX,RX,F
14:34:53,UNVR,RG,3870,5,D,PD,RX,F
14:34:53,UNVR,RG,3870,2,D,PD,RX,F
14:34:53,UNVR,RG,3870,35,F,AK,RX,F
14:34:53,UNVR,RG,3870,10,D,TP,RX,F
14:34:53,UNVR,RG,3870,8,D,NI,RX,F
14:34:53,UNVR,RG,3870,4,F,CS,RX,F
14:34:53,UNVR,RG,3870,15,D,DR,RX,F
14:34:53,UNVR,RG,3870,10,D,DH,RX,F
14:34:53,UNVR,RG,3870,10,D,SQ,RX,F
14:34:53,UNVR,RG,3870,66,F,RX,RX,F
14:34:53,UNVR,RG,3870,2,D,CC,RX,F
14:34:53,UNVR,RG,3870,10,D,DH,RX,F
14:34:53,UNVR,RG,3870,151,F,DX,RX,F
14:34:53,UNVR,RG,3870,567,F,BK,RX,F
14:34:53,UNVR,RG,3870,6,D,PD,RX,F
14:34:53,UNVR,RG,3870,10,D,DR,RX,F
14:34:53,UNVR,RG,3870,3,D,PD,RX,F
14:34:53,UNVR,RG,3870,3,F,CS,RX,F
14:34:53,UNVR,RG,3870,114,F,DX,RX,F
14:34:50,UNVR,RG,3870,20,F,DX,PD,D
14:34:47,UNVR,RG,3870,678,F,DX,HP,D
14:34:47,UNVR,RG,3870,7,D,DR,HP,D
14:34:47,UNVR,RG,3870,50,D,YP,HP,D
14:34:47,UNVR,RG,3870,1,D,AT,HP,D
14:34:47,UNVR,RG,3870,4,D,XC,HP,D
14:34:47,UNVR,RG,3870,10,D,NI,HP,D
14:34:47,UNVR,RG,3870,2,D,XC,HP,D
14:34:47,UNVR,RG,3870,1,D,PD,HP,D
14:34:47,UNVR,RG,3870,2,D,XC,HP,D
14:34:47,UNVR,RG,3870,1,D,PD,HP,D
14:34:47,UNVR,RG,3870,1,D,YP,HP,D
14:34:47,UNVR,RG,3870,7,D,YP,HP,D
14:34:47,UNVR,RG,3870,1,D,GR,HP,D
14:34:47,UNVR,RG,3870,2,D,YU,HP,D
14:34:47,UNVR,RG,3870,30,D,YP,HP,D
14:34:47,UNVR,RG,3870,15,D,KK,HP,D
14:34:47,UNVR,RG,3870,1,D,PD,HP,D
14:34:47,UNVR,RG,3870,84,F,AK,HP,D
14:34:47,UNVR,RG,3870,629,F,BK,HP,D
14:34:47,UNVR,RG,3870,83,F,AK,HP,D
14:34:47,UNVR,RG,3870,2,D,CC,HP,D
14:34:47,UNVR,RG,3870,2,F,CS,HP,D
14:34:47,UNVR,RG,3870,12,D,DR,HP,D
14:34:47,UNVR,RG,3870,2,D,CC,HP,D
14:34:47,UNVR,RG,3870,1,D,AT,HP,D
14:34:47,UNVR,RG,3870,1,D,YP,HP,D
14:34:47,UNVR,RG,3870,10,D,XL,HP,D
14:34:47,UNVR,RG,3870,326,F,DX,HP,D
14:34:47,UNVR,RG,3870,1,D,HP,HP,D
14:34:47,UNVR,RG,3870,3,F,CS,HP,D
14:34:47,UNVR,RG,3870,3,D,XC,HP,D
14:34:47,UNVR,RG,3870,1,D,YP,HP,D
14:34:47,UNVR,RG,3870,736,F,DX,HP,D
14:34:47,UNVR,RG,3870,50,D,DH,HP,D
14:34:47,UNVR,RG,3870,1,D,XC,HP,D
14:34:47,UNVR,RG,3870,29,D,KK,HP,D
14:34:47,UNVR,RG,3870,1,D,XL,HP,D
14:34:47,UNVR,RG,3870,1,D,PD,HP,D
14:34:47,UNVR,RG,3870,2,F,CS,HP,D
14:34:47,UNVR,RG,3870,10,D,DR,HP,D
14:34:47,UNVR,RG,3870,2,D,PD,HP,D
14:34:47,UNVR,RG,3870,191,F,CS,HP,D
14:34:47,UNVR,RG,3870,16,F,AK,HP,D
14:34:47,UNVR,RG,3870,4,D,CC,HP,D
14:34:47,UNVR,RG,3870,1,D,PD,HP,D
14:34:47,UNVR,RG,3870,1,D,YP,HP,D
14:34:47,UNVR,RG,3870,13,D,PD,HP,D
14:34:47,UNVR,RG,3870,1,D,XC,HP,D
14:34:47,UNVR,RG,3870,3,F,CS,HP,D
14:34:47,UNVR,RG,3870,213,F,CS,HP,D
14:34:47,UNVR,RG,3870,1,D,YP,HP,D
14:34:47,UNVR,RG,3870,665,F,BK,HP,D
14:34:47,UNVR,RG,3870,2,D,YP,HP,D
14:34:47,UNVR,RG,3870,39,F,RX,HP,D
14:34:41,UNVR,RG,3870,3,F,RX,ZP,F
14:34:34,UNVR,RG,3880,1,D,PD,HP,D
14:34:30,UNVR,RG,3880,86,F,AK,HP,D
14:34:30,UNVR,RG,3870,20,F,RX,ZP,F
14:34:27,UNVR,RG,3870,37,F,RX,BK,F
14:34:20,UNVR,RG,3870,5,F,RX,ZP,F
14:34:19,UNVR,RG,3880,34,F,BK,HP,D
14:34:15,UNVR,RG,3870,1,F,RX,PD,D
14:34:15,UNVR,RG,3880,10,F,AK,HP,D
14:34:15,UNVR,RG,3880,5,F,AK,PD,D
14:34:15,UNVR,RG,3880,1,F,AK,XC,D
14:34:15,UNVR,RG,3880,15,F,AK,AK,F
14:34:15,UNVR,RG,3880,39,F,AK,HP,D
14:34:07,UNVR,RG,3870,17,F,RX,BK,F
14:34:05,UNVR,RG,3880,46,F,BK,HP,D
14:34:00,UNVR,RG,3870,193,F,RX,CC,D
14:33:53,UNVR,RG,3870,15,F,RX,BK,F
14:33:51,UNVR,RG,3870,10,F,RX,KK,D
14:33:41,UNVR,RG,3870,5,F,RX,ZP,F
14:33:15,UNVR,RG,3870,16,F,RX,AK,F
14:33:11,UNVR,RG,3880,21,F,BK,HP,D
14:33:10,UNVR,RG,3870,37,F,RX,BK,F
14:33:01,UNVR,RG,3870,5,F,RX,ZP,F
14:32:57,UNVR,RG,3870,1,F,RX,DX,D
14:32:57,UNVR,RG,3870,18,F,RX,LG,D
14:32:49,UNVR,RG,3870,21,F,RX,BK,F
14:32:33,UNVR,RG,3870,4,F,RX,PD,D
14:32:30,UNVR,RG,3880,23,F,BK,HP,D
14:32:25,UNVR,RG,3880,67,F,BK,HP,D
14:32:22,UNVR,RG,3870,14,F,RX,RX,D
14:32:21,UNVR,RG,3870,3,F,RX,ZP,F
14:32:19,UNVR,RG,3870,64,F,RX,DH,D
14:32:19,UNVR,RG,3870,2,D,BQ,DH,D
14:32:19,UNVR,RG,3870,134,F,DX,DH,D
14:32:19,UNVR,RG,3880,249,F,BK,HP,D
14:32:16,UNVR,RG,3870,167,F,DX,PD,D
14:32:16,UNVR,RG,3870,1,D,KK,PD,D
14:32:16,UNVR,RG,3870,2,D,PD,PD,D
14:32:16,UNVR,RG,3870,5,D,OD,PD,D
14:32:16,UNVR,RG,3870,23,F,ZP,PD,D
14:32:16,UNVR,RG,3870,1,F,CS,PD,D
14:32:16,UNVR,RG,3870,1,D,SQ,PD,D
14:32:16,UNVR,RG,3870,185,F,CS,PD,D
14:32:16,UNVR,RG,3870,5,D,AT,PD,D
14:32:16,UNVR,RG,3870,10,D,NI,PD,D
14:32:16,UNVR,RG,3870,3,D,YP,PD,D
14:32:16,UNVR,RG,3870,10,D,NI,PD,D
14:32:16,UNVR,RG,3870,2,F,CS,PD,D
14:32:16,UNVR,RG,3870,309,F,DX,PD,D
14:32:16,UNVR,RG,3870,1,D,LG,PD,D
14:32:16,UNVR,RG,3870,1,F,CS,PD,D
14:32:16,UNVR,RG,3870,2,D,CC,PD,D
14:32:16,UNVR,RG,3870,10,D,YP,PD,D
14:32:16,UNVR,RG,3870,78,D,PD,PD,D
14:32:16,UNVR,RG,3870,2,D,XC,PD,D
14:32:16,UNVR,RG,3870,5,D,YP,PD,D
14:32:16,UNVR,RG,3870,45,D,NI,PD,D
14:32:16,UNVR,RG,3870,2,D,XC,PD,D
14:32:16,UNVR,RG,3870,1,D,NI,PD,D
14:32:16,UNVR,RG,3870,94,F,DX,PD,D
14:32:15,UNVR,RG,3870,11,F,DX,AK,F
14:32:15,UNVR,RG,3870,185,F,DX,CC,D
14:32:15,UNVR,RG,3870,2,D,PD,CC,D
14:32:15,UNVR,RG,3870,1,D,XC,CC,D
14:32:15,UNVR,RG,3870,7,D,XC,CC,D
14:32:15,UNVR,RG,3870,4,F,CS,CC,D
14:32:15,UNVR,RG,3870,2,D,EP,CC,D
14:32:15,UNVR,RG,3870,10,D,PD,CC,D
14:32:15,UNVR,RG,3870,2,D,XC,CC,D
14:32:15,UNVR,RG,3870,10,D,CC,CC,D
14:32:15,UNVR,RG,3870,3,D,CC,CC,D
14:32:15,UNVR,RG,3870,1,D,YP,CC,D
14:32:15,UNVR,RG,3870,2,D,DR,CC,D
14:32:15,UNVR,RG,3870,8,D,XC,CC,D
14:32:15,UNVR,RG,3870,88,F,AK,CC,D
14:32:15,UNVR,RG,3870,5,D,YP,CC,D
14:32:15,UNVR,RG,3870,70,F,AK,CC,D
14:32:15,UNVR,RG,3870,1,F,AK,DR,D
14:32:14,UNVR,RG,3870,7,F,AK,ZP,D
14:32:14,UNVR,RG,3870,5,D,SQ,ZP,D
14:32:14,UNVR,RG,3870,72,F,ZP,ZP,D
14:32:14,UNVR,RG,3870,28,F,ZP,ZP,D
14:32:14,UNVR,RG,3870,2,D,PD,ZP,D
14:32:14,UNVR,RG,3870,10,D,CC,ZP,D
14:32:14,UNVR,RG,3870,1,D,YP,ZP,D
14:32:14,UNVR,RG,3870,30,D,PD,ZP,D
14:32:14,UNVR,RG,3870,5,D,DX,ZP,D
14:32:14,UNVR,RG,3870,8,F,DX,ZP,D
14:32:13,UNVR,RG,3870,81,F,DX,ZP,D
14:32:12,UNVR,RG,3880,1,D,XC,HP,D
14:32:08,UNVR,RG,3870,31,F,DX,BK,F
14:32:03,UNVR,RG,3870,1,F,DX,PD,D
14:32:01,UNVR,RG,3870,5,F,DX,ZP,F
14:31:55,UNVR,RG,3870,20,F,DX,ZP,F
14:31:54,UNVR,RG,3880,1,D,PD,HP,D
14:31:41,UNVR,RG,3880,35,F,BK,HP,D
14:31:41,UNVR,RG,3870,44,F,DX,CC,D
14:31:32,UNVR,RG,3870,1,F,DX,BQ,D
14:31:30,UNVR,RG,3880,18,F,AK,HP,D
14:31:30,UNVR,RG,3880,9,F,AK,AK,F
14:31:24,UNVR,RG,3870,3,F,DX,ZP,F
14:31:05,UNVR,RG,3870,3,F,DX,ZP,F
14:31:04,UNVR,RG,3880,1,D,PD,AK,F
14:31:04,UNVR,RG,3880,9,D,PD,PD,D
14:30:46,UNVR,RG,3870,3,F,DX,ZP,F
14:30:44,UNVR,RG,3880,1,D,KZ,PD,D
14:30:44,UNVR,RG,3880,67,D,KZ,BK,F
14:30:44,UNVR,RG,3880,56,D,KZ,KK,D
14:30:42,UNVR,RG,3880,36,F,BK,KK,D
14:30:36,UNVR,RG,3880,50,D,DH,KK,D
14:30:34,UNVR,RG,3870,20,F,DX,CC,D
14:30:30,UNVR,RG,3870,1,F,DX,PD,D
14:30:28,UNVR,RG,3870,3,F,DX,ZP,F
14:30:27,UNVR,RG,3880,20,F,BK,KK,D
14:30:27,UNVR,RG,3880,10,F,ZP,KK,D
14:30:24,UNVR,RG,3880,14,F,BK,KK,D
14:30:24,UNVR,RG,3880,10,F,BK,GR,D
14:30:24,UNVR,RG,3880,18,F,BK,AZ,D
14:30:23,UNVR,RG,3870,183,F,DX,ZP,D
14:30:23,UNVR,RG,3870,2,D,PD,ZP,D
14:30:23,UNVR,RG,3870,15,D,NI,ZP,D
14:30:23,UNVR,RG,3870,2,D,CC,ZP,D
14:30:23,UNVR,RG,3870,93,F,AK,ZP,D
14:30:12,UNVR,RG,3870,5,F,AK,PD,D
14:30:11,UNVR,RG,3870,2,F,AK,ZP,F
14:30:11,UNVR,RG,3870,1,D,YP,ZP,F
14:30:07,UNVR,RG,3880,3,D,XC,AZ,D
14:30:07,UNVR,RG,3870,1,D,YP,DX,D
14:30:01,UNVR,RG,3870,2,D,YP,EP,D
14:29:51,UNVR,RG,3870,3,D,YP,ZP,F
14:29:48,UNVR,RG,3880,1,D,PD,AZ,D
14:29:45,UNVR,RG,3880,26,F,AK,AZ,D
14:29:40,UNVR,RG,3880,2,F,BK,AZ,D
14:29:40,UNVR,RG,3880,19,F,BK,BK,F
14:29:37,UNVR,RG,3880,26,F,BK,BK,F
14:29:33,UNVR,RG,3870,28,D,YP,NI,D
14:29:33,UNVR,RG,3870,1,D,LG,NI,D
14:29:33,UNVR,RG,3870,2,F,CS,NI,D
14:29:33,UNVR,RG,3870,13,D,EP,NI,D
14:29:33,UNVR,RG,3870,2,D,PD,NI,D
14:29:33,UNVR,RG,3870,3,D,XC,NI,D
14:29:33,UNVR,RG,3870,1,D,XC,NI,D
14:29:33,UNVR,RG,3870,10,D,CC,NI,D
14:29:33,UNVR,RG,3870,1,D,SQ,NI,D
14:29:33,UNVR,RG,3870,1,D,XC,NI,D
14:29:33,UNVR,RG,3870,138,F,DX,NI,D
14:29:29,UNVR,RG,3870,3,F,DX,ZP,F
14:29:20,UNVR,RG,3870,20,F,DX,ZP,F
14:29:12,UNVR,RG,3870,6,F,DX,XC,D
14:29:09,UNVR,RG,3880,22,F,BK,BK,F
14:29:09,UNVR,RG,3880,6,F,BK,KK,D
14:29:06,UNVR,RG,3870,5,F,DX,ZP,F
14:29:05,UNVR,RG,3870,2,F,DX,YP,D
14:29:05,UNVR,RG,3880,69,F,BK,KK,D
14:29:01,UNVR,RG,3880,20,F,BK,KK,D
14:28:52,UNVR,RG,3870,126,F,DX,HP,D
14:28:52,UNVR,RG,3870,15,D,OD,HP,D
14:28:52,UNVR,RG,3870,1,D,XC,HP,D
14:28:52,UNVR,RG,3870,1,D,NI,HP,D
14:28:52,UNVR,RG,3870,2,D,YP,HP,D
14:28:52,UNVR,RG,3870,93,D,RG,HP,D
14:28:52,UNVR,RG,3870,1,D,XC,HP,D
14:28:52,UNVR,RG,3870,1,D,YP,HP,D
14:28:52,UNVR,RG,3870,57,F,AK,HP,D
14:28:52,UNVR,RG,3870,133,F,AK,HP,D
14:28:52,UNVR,RG,3870,1,F,XA,HP,D
14:28:52,UNVR,RG,3870,1,D,PD,HP,D
14:28:52,UNVR,RG,3870,68,F,RX,HP,D
14:28:50,UNVR,RG,3870,2,F,RX,YP,D
14:28:44,UNVR,RG,3880,116,F,AK,KK,D
14:28:43,UNVR,RG,3870,46,F,RX,BK,F
14:28:38,UNVR,RG,3870,7,F,RX,YP,D
14:28:36,UNVR,RG,3880,33,F,BK,KK,D
14:28:32,UNVR,RG,3880,37,F,BK,KK,D
14:28:27,UNVR,RG,3880,22,F,BK,KK,D
14:28:20,UNVR,RG,3870,57,F,RX,GR,D
14:28:20,UNVR,RG,3870,1,D,YP,GR,D
14:28:20,UNVR,RG,3870,3,D,EP,GR,D
14:28:20,UNVR,RG,3870,70,F,BK,GR,D
14:28:20,UNVR,RG,3870,10,D,YP,GR,D
14:28:20,UNVR,RG,3870,2,D,PD,GR,D
14:28:20,UNVR,RG,3870,25,D,YP,GR,D
14:28:20,UNVR,RG,3870,3,D,PD,GR,D
14:28:20,UNVR,RG,3870,4,F,CS,GR,D
14:28:20,UNVR,RG,3870,25,D,YP,GR,D
14:28:17,UNVR,RG,3880,135,F,RX,KK,D
14:28:16,UNVR,RG,3870,3,D,YP,ZP,F
14:28:15,UNVR,RG,3870,92,D,YP,HP,D
14:28:15,UNVR,RG,3870,72,D,KZ,HP,D
14:28:15,UNVR,RG,3870,1,D,CC,HP,D
14:28:15,UNVR,RG,3870,5,D,NI,HP,D
14:28:15,UNVR,RG,3870,1,D,PD,HP,D
14:28:15,UNVR,RG,3870,25,D,XC,HP,D
14:28:15,UNVR,RG,3870,3,D,YP,HP,D
14:28:15,UNVR,RG,3870,301,F,DX,HP,D
14:28:07,UNVR,RG,3880,60,F,RX,KK,D
14:28:06,UNVR,RG,3870,1,F,DX,YP,D
14:28:03,UNVR,RG,3870,1,F,DX,XC,D
14:28:01,UNVR,RG,3880,2,D,PS,KK,D
14:28:01,UNVR,RG,3880,5,D,PS,CS,F
14:28:01,UNVR,RG,3880,2,D,PS,DR,D
14:28:01,UNVR,RG,3880,9,D,PS,CS,F
14:28:01,UNVR,RG,3880,682,D,PS,HP,D
14:28:00,UNVR,RG,3870,15,F,DX,XC,D
14:28:00,UNVR,RG,3870,10,D,CC,XC,D
14:28:00,UNVR,RG,3870,1,D,XC,XC,D
14:28:00,UNVR,RG,3870,1,D,DR,XC,D
14:28:00,UNVR,RG,3870,1,D,NI,XC,D
14:28:00,UNVR,RG,3870,25,D,CC,XC,D
14:28:00,UNVR,RG,3870,1,D,PD,XC,D
14:28:00,UNVR,RG,3870,20,D,BQ,XC,D
14:28:00,UNVR,RG,3870,12,D,GR,XC,D
14:27:52,UNVR,RG,3870,1,D,GR,YP,D
14:27:52,UNVR,RG,3870,100,D,GR,BQ,D
14:27:51,UNVR,RG,3870,5,D,GR,ZP,F
14:27:45,UNVR,RG,3870,51,D,GR,BK,F
14:27:42,UNVR,RG,3870,35,D,GR,CS,F
14:27:41,UNVR,RG,3870,5,D,GR,NI,D
14:27:11,UNVR,RG,3870,3,D,GR,ZP,F
14:27:08,UNVR,RG,3870,1,D,GR,DX,D
14:27:08,UNVR,RG,3870,12,D,GR,NI,D
14:27:02,UNVR,RG,3870,10,D,GR,RX,D
14:27:01,UNVR,RG,3870,37,D,GR,BK,F
14:26:56,UNVR,RG,3880,1,D,PD,HP,D
14:26:53,UNVR,RG,3870,62,D,GR,SQ,D
14:26:51,UNVR,RG,3870,1,D,GR,YP,D
14:26:51,UNVR,RG,3870,3,D,GR,ZP,F
14:26:46,UNVR,RG,3870,20,D,GR,ZP,F
14:26:29,UNVR,RG,3870,5,D,GR,ZP,F
14:26:28,UNVR,RG,3870,26,D,GR,NI,D
14:26:18,UNVR,RG,3870,70,D,GR,SQ,D
14:26:15,UNVR,RG,3880,217,F,AK,HP,D
14:26:15,UNVR,RG,3880,6,F,AK,BK,F
14:26:02,UNVR,RG,3870,20,D,GR,CC,D
14:26:00,UNVR,RG,3870,10,D,GR,XC,D
14:25:49,UNVR,RG,3870,5,D,GR,ZP,F
14:25:45,UNVR,RG,3870,58,D,GR,BK,F
14:25:42,UNVR,RG,3870,1,D,GR,KK,D
14:25:36,UNVR,RG,3880,1,D,PD,BK,F
14:25:14,UNVR,RG,3880,2,D,KK,BK,F
14:25:04,UNVR,RG,3880,1,D,XC,BK,F
14:25:02,UNVR,RG,3870,5,D,GR,ZP,F
14:25:01,UNVR,RG,3870,90,D,GR,CC,D
14:24:51,UNVR,RG,3870,50,D,GR,OD,D
14:24:46,UNVR,RG,3870,3,D,GR,YP,D
14:24:44,UNVR,RG,3870,72,D,GR,ZP,D
14:24:44,UNVR,RG,3870,2,D,CC,ZP,D
14:24:44,UNVR,RG,3870,1,D,AT,ZP,D
14:24:44,UNVR,RG,3870,1,D,PD,ZP,D
14:24:44,UNVR,RG,3870,3,D,YP,ZP,D
14:24:44,UNVR,RG,3870,50,D,PD,ZP,D
14:24:44,UNVR,RG,3870,2,D,XC,ZP,D
14:24:44,UNVR,RG,3870,1,D,YP,ZP,D
14:24:44,UNVR,RG,3870,1,D,AT,ZP,D
14:24:44,UNVR,RG,3870,117,F,DX,ZP,D
14:24:43,UNVR,RG,3870,6,F,DX,ZP,D
14:24:39,UNVR,RG,3870,15,F,DX,PD,D
14:24:34,UNVR,RG,3870,20,F,DX,HP,D
14:24:33,UNVR,RG,3880,1,D,PD,BK,F
14:24:21,UNVR,RG,3870,5,F,DX,ZP,F
14:24:19,UNVR,RG,3880,1,D,YP,BK,F
14:24:12,UNVR,RG,3870,1,F,DX,DX,D
14:24:12,UNVR,RG,3880,61,F,AK,BK,F
14:24:12,UNVR,RG,3880,18,F,AK,AK,F
14:24:11,UNVR,RG,3870,21,F,DX,ZP,F
14:24:06,UNVR,RG,3870,1,F,DX,LG,D
14:23:58,UNVR,RG,3880,14,D,YP,AK,F
14:23:58,UNVR,RG,3880,36,D,YP,RX,F
14:23:41,UNVR,RG,3870,3,F,DX,ZP,F
14:23:33,UNVR,RG,3870,1,F,DX,XC,D
14:23:29,UNVR,RG,3870,45,F,DX,BK,F
14:23:17,UNVR,RG,3870,5,F,DX,ZP,F
14:23:16,UNVR,RG,3870,12,F,DX,RX,D
14:23:11,UNVR,RG,3870,55,F,DX,HP,D
14:23:11,UNVR,RG,3870,209,F,BK,HP,D
14:23:11,UNVR,RG,3870,3,F,CS,HP,D
14:23:11,UNVR,RG,3870,50,F,AK,HP,D
14:23:11,UNVR,RG,3870,82,F,AK,HP,D
14:23:11,UNVR,RG,3870,50,D,LG,HP,D
14:23:11,UNVR,RG,3870,3,D,CC,HP,D
14:23:11,UNVR,RG,3870,10,D,YP,HP,D
14:23:11,UNVR,RG,3870,10,D,AG,HP,D
14:23:11,UNVR,RG,3870,1,D,YP,HP,D
14:23:11,UNVR,RG,3870,15,D,AT,HP,D
14:23:11,UNVR,RG,3870,156,F,DX,HP,D
14:23:00,UNVR,RG,3870,147,F,DX,CC,D
14:23:00,UNVR,RG,3870,36,F,RX,CC,D
14:22:58,UNVR,RG,3880,63,F,RX,RX,F
14:22:56,UNVR,RG,3870,79,F,RX,ZP,D
14:22:56,UNVR,RG,3870,1,D,NI,ZP,D
14:22:56,UNVR,RG,3870,1,D,CC,ZP,D
14:22:56,UNVR,RG,3870,15,F,AK,ZP,D
14:22:56,UNVR,RG,3870,100,D,CC,ZP,D
14:22:56,UNVR,RG,3870,1,D,MU,ZP,D
14:22:56,UNVR,RG,3870,1,D,XC,ZP,D
14:22:56,UNVR,RG,3870,30,D,SQ,ZP,D
14:22:56,UNVR,RG,3870,2,F,CS,ZP,D
14:22:56,UNVR,RG,3870,1,D,DH,ZP,D
14:22:56,UNVR,RG,3870,10,D,YP,ZP,D
14:22:56,UNVR,RG,3870,48,D,CC,ZP,D
14:22:45,UNVR,RG,3870,27,D,CC,AK,F
14:22:44,UNVR,RG,3880,133,D,KZ,RX,F
14:22:39,UNVR,RG,3880,271,F,RX,RX,F
14:22:38,UNVR,RG,3870,4,D,CC,CC,D
14:22:36,UNVR,RG,3870,5,D,CC,ZP,F
14:22:35,UNVR,RG,3880,81,F,AK,RX,F
14:22:32,UNVR,RG,3880,20,D,SQ,RX,F
14:22:21,UNVR,RG,3880,22,F,RX,RX,F
14:22:13,UNVR,RG,3880,20,D,LG,RX,F
14:22:10,UNVR,RG,3870,16,D,CC,BK,F
14:22:10,UNVR,RG,3870,5,D,XC,BK,F
14:22:10,UNVR,RG,3870,12,D,XC,BK,F
14:22:10,UNVR,RG,3870,33,F,BK,BK,F
14:21:51,UNVR,RG,3880,16,F,RX,RX,F
14:21:51,UNVR,RG,3870,3,F,BK,ZP,F
14:21:36,UNVR,RG,3870,20,F,BK,ZP,F
14:21:28,UNVR,RG,3870,5,F,BK,ZP,F
14:21:27,UNVR,RG,3880,4,D,YP,RX,F
14:21:23,UNVR,RG,3870,34,F,BK,BK,F
14:21:20,UNVR,RG,3870,1,F,BK,DX,D
14:21:16,UNVR,RG,3870,35,F,BK,DR,D
14:21:00,UNVR,RG,3870,19,F,BK,AK,F
14:20:49,UNVR,RG,3870,25,F,BK,EP,D
14:20:46,UNVR,RG,3870,3,F,BK,ZP,F
14:20:36,UNVR,RG,3870,5,F,BK,YP,D
14:20:26,UNVR,RG,3870,3,F,BK,ZP,F
14:20:17,UNVR,RG,3870,1,F,BK,CC,D
14:20:06,UNVR,RG,3870,5,F,BK,ZP,F
14:19:58,UNVR,RG,3880,3,D,XC,RX,F
14:19:53,UNVR,RG,3870,51,F,BK,CC,D
14:19:53,UNVR,RG,3880,1,D,SQ,RX,F
14:19:47,UNVR,RG,3880,4,D,NI,RX,F
14:19:35,UNVR,RG,3880,10,D,SC,RX,F
14:19:30,UNVR,RG,3880,162,F,AK,RX,F
14:19:30,UNVR,RG,3870,4,F,BK,NI,D
14:19:22,UNVR,RG,3870,40,F,BK,KK,D
14:19:19,UNVR,RG,3870,3,F,BK,ZP,F
14:19:10,UNVR,RG,3870,13,F,BK,RX,D
14:19:08,UNVR,RG,3870,1,F,BK,LG,D
14:19:07,UNVR,RG,3870,48,F,BK,BK,F
14:19:02,UNVR,RG,3880,1,D,NI,RX,F
14:19:00,UNVR,RG,3870,20,F,BK,ZP,F
14:18:56,UNVR,RG,3870,5,F,BK,ZP,F
14:18:45,UNVR,RG,3880,96,F,AK,RX,F
14:18:43,UNVR,RG,3870,1,F,BK,LG,D
14:18:32,UNVR,RG,3870,1,F,BK,DX,D
14:18:28,UNVR,RG,3870,6,F,BK,PD,D
14:18:13,UNVR,RG,3870,5,F,BK,ZP,F
14:18:04,UNVR,RG,3870,4,F,BK,PD,D
14:18:01,UNVR,RG,3870,60,F,BK,CC,D
14:18:00,UNVR,RG,3880,116,F,AK,RX,F
14:17:45,UNVR,RG,3880,1,D,NI,RX,F
14:17:30,UNVR,RG,3870,8,F,BK,AK,F
14:17:30,UNVR,RG,3870,5,D,XC,AK,F
14:17:26,UNVR,RG,3870,4,D,XC,ZP,F
14:17:26,UNVR,RG,3870,1,D,DR,ZP,F
14:17:23,UNVR,RG,3880,46,F,AK,RX,F
14:17:22,UNVR,RG,3870,20,D,LG,ZP,D
14:17:22,UNVR,RG,3870,1,D,NI,ZP,D
14:17:22,UNVR,RG,3870,1,D,PD,ZP,D
14:17:22,UNVR,RG,3870,50,D,SQ,ZP,D
14:17:22,UNVR,RG,3870,1,D,PD,ZP,D
14:17:22,UNVR,RG,3870,30,D,YP,ZP,D
14:17:22,UNVR,RG,3870,2,F,CS,ZP,D
14:17:22,UNVR,RG,3870,111,F,DX,ZP,D
14:17:20,UNVR,RG,3870,30,F,DX,ZP,D
14:17:18,UNVR,RG,3870,1,F,DX,PD,D
14:17:05,UNVR,RG,3870,46,F,DX,BK,F
14:17:04,UNVR,RG,3880,87,F,AK,RX,F
14:17:03,UNVR,RG,3880,35,D,NI,RX,F
14:16:56,UNVR,RG,3880,1,D,XC,RX,F
14:16:45,UNVR,RG,3880,20,F,AK,RX,F
14:16:34,UNVR,RG,3870,1,F,DX,DH,D
14:16:31,UNVR,RG,3870,1,F,DX,PD,D
14:16:31,UNVR,RG,3870,3,F,DX,ZP,F
14:16:27,UNVR,RG,3870,20,F,DX,ZP,F
14:16:17,UNVR,RG,3870,82,F,DX,YP,F
14:16:17,UNVR,RG,3870,2,D,PD,YP,F
14:16:17,UNVR,RG,3870,1,D,NI,YP,F
14:16:17,UNVR,RG,3870,1,D,XC,YP,F
14:16:17,UNVR,RG,3870,100,D,YP,YP,F
14:16:17,UNVR,RG,3870,30,D,DH,YP,F
14:16:17,UNVR,RG,3870,28,D,CC,YP,F
14:16:17,UNVR,RG,3870,1,D,CC,YP,F
14:16:17,UNVR,RG,3870,2,D,XL,YP,F
14:16:17,UNVR,RG,3870,5,D,KK,YP,F
14:16:17,UNVR,RG,3870,1,F,CS,YP,F
14:16:17,UNVR,RG,3870,1,D,DR,YP,F
14:16:17,UNVR,RG,3870,20,D,NI,YP,F
14:16:17,UNVR,RG,3870,2,D,YP,YP,F
14:16:17,UNVR,RG,3870,1,D,XC,YP,F
14:16:17,UNVR,RG,3870,30,D,AZ,YP,F
14:16:17,UNVR,RG,3870,50,D,NI,YP,F
14:16:17,UNVR,RG,3870,46,D,XC,YP,F
14:16:17,UNVR,RG,3870,77,D,PD,YP,F
14:16:17,UNVR,RG,3870,2,F,CS,YP,F
14:16:17,UNVR,RG,3870,1,D,NI,YP,F
14:16:17,UNVR,RG,3870,1,D,DR,YP,F
14:16:17,UNVR,RG,3870,50,D,NI,YP,F
14:16:17,UNVR,RG,3870,10,D,PD,YP,F
14:16:17,UNVR,RG,3870,3,D,CC,YP,F
14:16:17,UNVR,RG,3870,2,D,BQ,YP,F
14:16:17,UNVR,RG,3870,151,F,BK,YP,F
14:16:16,UNVR,RG,3880,1,D,PD,RX,F
14:16:15,UNVR,RG,3870,1,F,BK,DH,D
14:16:01,UNVR,RG,3870,5,F,BK,ZP,F
14:16:00,UNVR,RG,3880,12,D,PD,RX,F
14:16:00,UNVR,RG,3870,11,F,BK,YP,D
14:15:55,UNVR,RG,3880,1,D,PD,RX,F
14:15:45,UNVR,RG,3870,13,F,BK,AK,F
14:15:45,UNVR,RG,3870,1,F,BK,DX,D
14:15:33,UNVR,RG,3870,1,F,BK,PD,D
14:15:29,UNVR,RG,3870,233,F,BK,ZP,D
14:15:29,UNVR,RG,3870,2,F,CS,ZP,D
14:15:29,UNVR,RG,3870,63,F,DX,ZP,D
14:15:28,UNVR,RG,3880,23,F,BK,RX,F
14:15:22,UNVR,RG,3880,33,F,BK,RX,F
14:15:21,UNVR,RG,3870,260,F,DX,HP,D
14:15:21,UNVR,RG,3870,1,D,DR,HP,D
14:15:21,UNVR,RG,3870,14,F,ZP,HP,D
14:15:21,UNVR,RG,3870,4,D,YP,HP,D
14:15:21,UNVR,RG,3870,1,D,YP,HP,D
14:15:21,UNVR,RG,3870,1,D,DH,HP,D
14:15:21,UNVR,RG,3870,9,F,RX,HP,D
14:15:11,UNVR,RG,3870,5,F,RX,ZP,F
14:15:00,UNVR,RG,3870,6,F,RX,KK,D
14:14:49,UNVR,RG,3870,2,F,RX,XC,D
14:14:46,UNVR,RG,3880,1,D,CC,RX,F
14:14:46,UNVR,RG,3870,2,F,RX,SQ,D
14:14:30,UNVR,RG,3870,2,F,RX,PD,D
14:14:24,UNVR,RG,3880,1,D,SQ,RX,F
14:14:17,UNVR,RG,3880,21,F,BK,RX,F
14:14:17,UNVR,RG,3870,5,F,RX,ZP,F
14:14:16,UNVR,RG,3880,5,D,YP,RX,F
14:14:14,UNVR,RG,3880,1,D,XL,RX,F
14:14:06,UNVR,RG,3880,5,D,YP,RX,F
14:14:05,UNVR,RG,3880,1,D,SQ,RX,F
14:14:02,UNVR,RG,3880,13,F,BK,RX,F
14:14:00,UNVR,RG,3880,88,F,AK,RX,F
14:13:58,UNVR,RG,3880,19,F,BK,RX,F
14:13:58,UNVR,RG,3880,2,D,YU,RX,F
14:13:55,UNVR,RG,3880,1,D,XC,RX,F
14:13:54,UNVR,RG,3880,20,F,BK,RX,F
14:13:54,UNVR,RG,3880,118,D,KZ,RX,F
14:13:53,UNVR,RG,3880,108,F,AK,RX,F
14:13:52,UNVR,RG,3870,20,F,RX,ZP,F
14:13:45,UNVR,RG,3870,14,F,RX,AK,F
14:13:36,UNVR,RG,3880,1,D,SQ,RX,F
14:13:36,UNVR,RG,3870,2,F,RX,DH,D
14:13:26,UNVR,RG,3870,2,F,RX,XC,D
14:13:26,UNVR,RG,3870,3,F,RX,ZP,F
14:13:17,UNVR,RG,3880,40,D,YP,RX,F
14:13:01,UNVR,RG,3870,1,F,RX,ZP,F
14:12:47,UNVR,RG,3880,29,F,BK,RX,F
14:12:46,UNVR,RG,3870,1,F,RX,DX,D
14:12:45,UNVR,RG,3870,20,F,RX,PD,D
14:12:37,UNVR,RG,3870,1,F,RX,DR,D
14:12:33,UNVR,RG,3870,1,F,RX,LG,D
14:12:18,UNVR,RG,3870,1,F,RX,LG,D
14:12:17,UNVR,RG,3880,1,D,PD,RX,F
14:12:04,UNVR,RG,3880,1,D,NI,RX,F
14:12:00,UNVR,RG,3880,30,D,DR,RX,F
14:12:00,UNVR,RG,3870,10,F,RX,CC,D
14:11:47,UNVR,RG,3870,2,F,RX,DH,D
14:11:46,UNVR,RG,3870,45,F,RX,DH,D
14:11:16,UNVR,RG,3870,20,F,RX,ZP,F
14:11:15,UNVR,RG,3880,30,F,BK,RX,F
14:11:13,UNVR,RG,3880,89,D,XC,RX,F
14:11:06,UNVR,RG,3880,3,D,XC,RX,F
14:11:04,UNVR,RG,3880,2,D,EP,RX,F
14:11:00,UNVR,RG,3870,16,F,RX,AK,F
14:10:58,UNVR,RG,3870,19,F,RX,CC,D
14:10:37,UNVR,RG,3880,16,F,BK,RX,F
14:10:34,UNVR,RG,3880,1,D,YP,RX,F
14:10:31,UNVR,RG,3870,26,F,RX,CC,D
14:10:29,UNVR,RG,3880,10,D,XC,RX,F
14:10:18,UNVR,RG,3880,1,D,YP,RX,F
14:10:13,UNVR,RG,3880,2,D,PD,RX,F
14:09:56,UNVR,RG,3880,1,D,XC,RX,F
14:09:52,UNVR,RG,3870,1,F,RX,DX,D
14:09:26,UNVR,RG,3880,20,D,PD,RX,F
14:09:26,UNVR,RG,3880,10,D,PD,ZP,F
14:09:22,UNVR,RG,3870,18,F,RX,YP,D
14:09:22,UNVR,RG,3870,1,D,PD,YP,D
14:09:22,UNVR,RG,3870,10,D,SQ,YP,D
14:09:22,UNVR,RG,3870,10,D,OD,YP,D
14:09:22,UNVR,RG,3870,2,D,SQ,YP,D
14:09:21,UNVR,RG,3880,6,F,BK,ZP,F
14:09:21,UNVR,RG,3880,4,F,BK,XC,D
14:09:21,UNVR,RG,3880,9,F,BK,LG,D
14:09:21,UNVR,RG,3880,7,F,BK,CS,F
14:09:18,UNVR,RG,3870,3,D,SQ,YP,D
14:09:18,UNVR,RG,3870,2,D,CP,YP,D
14:09:18,UNVR,RG,3870,4,F,CS,YP,D
14:09:18,UNVR,RG,3870,10,D,OD,YP,D
14:09:18,UNVR,RG,3870,6,F,AK,YP,D
14:09:15,UNVR,RG,3870,22,F,AK,YP,D
14:09:15,UNVR,RG,3870,3,D,YP,YP,D
14:09:11,UNVR,RG,3870,1,D,SQ,YP,D
14:09:11,UNVR,RG,3870,13,D,CC,YP,D
14:09:11,UNVR,RG,3870,3,D,YP,YP,D
14:09:11,UNVR,RG,3870,8,D,CC,YP,D
14:09:04,UNVR,RG,3870,2,D,CC,YP,D
14:09:04,UNVR,RG,3870,10,D,CP,YP,D
14:09:04,UNVR,RG,3870,1,D,YP,YP,D
14:09:04,UNVR,RG,3870,1,D,GR,YP,D
14:09:04,UNVR,RG,3870,5,D,GR,YP,D
14:09:04,UNVR,RG,3870,6,F,ZP,YP,D
14:08:42,UNVR,RG,3870,21,F,ZP,ZP,F
14:08:26,UNVR,RG,3880,2,F,BK,CS,F
14:08:26,UNVR,RG,3880,1,F,BK,AT,D
14:08:26,UNVR,RG,3880,17,F,BK,BK,F
14:08:26,UNVR,RG,3870,9,F,ZP,DR,D
14:08:22,UNVR,RG,3880,6,F,BK,BK,F
14:08:22,UNVR,RG,3880,10,F,BK,ZP,D
14:08:20,UNVR,RG,3880,100,D,BQ,ZP,D
14:08:14,UNVR,RG,3880,12,F,BK,ZP,D
14:08:13,UNVR,RG,3880,10,D,PD,ZP,D
14:08:11,UNVR,RG,3880,38,F,BK,ZP,D
14:08:10,UNVR,RG,3880,30,D,IN,ZP,D
14:08:10,UNVR,RG,3870,39,F,ZP,HP,D
14:08:10,UNVR,RG,3870,12,D,EP,HP,D
14:08:10,UNVR,RG,3870,5,D,CC,HP,D
14:08:10,UNVR,RG,3870,56,F,AK,HP,D
14:08:10,UNVR,RG,3870,66,F,AK,HP,D
14:08:10,UNVR,RG,3870,10,D,YP,HP,D
14:08:10,UNVR,RG,3870,1,D,PD,HP,D
14:08:10,UNVR,RG,3870,26,D,XL,HP,D
14:08:10,UNVR,RG,3870,35,F,DX,HP,D
14:08:07,UNVR,RG,3880,16,F,BK,ZP,D
14:08:04,UNVR,RG,3880,10,F,BK,ZP,D
14:08:04,UNVR,RG,3880,9,F,BK,LG,D
14:08:04,UNVR,RG,3880,10,F,BK,SQ,D
14:08:04,UNVR,RG,3880,1,F,BK,PD,D
14:08:04,UNVR,RG,3870,14,F,DX,ZP,D
14:08:02,UNVR,RG,3870,249,F,DX,ZP,D
14:08:02,UNVR,RG,3880,10,D,YP,AK,F
14:07:57,UNVR,RG,3880,2,D,XC,AK,F
14:07:52,UNVR,RG,3880,3,D,PD,AK,F
14:07:38,UNVR,RG,3880,3,D,YU,AK,F
14:07:37,UNVR,RG,3880,16,F,BK,AK,F
14:07:34,UNVR,RG,3880,12,F,BK,AK,F
14:07:32,UNVR,RG,3870,2,F,DX,SQ,D
14:07:32,UNVR,RG,3870,5,D,NI,SQ,D
14:07:32,UNVR,RG,3870,1,D,NI,SQ,D
14:07:32,UNVR,RG,3870,39,D,CC,SQ,D
14:07:32,UNVR,RG,3870,5,D,NI,SQ,D
14:07:32,UNVR,RG,3870,29,F,AK,SQ,D
14:07:32,UNVR,RG,3870,2,D,EP,SQ,D
14:07:32,UNVR,RG,3870,12,D,NI,SQ,D
14:07:32,UNVR,RG,3870,7,D,NI,SQ,D
14:07:32,UNVR,RG,3870,5,D,PD,SQ,D
14:07:32,UNVR,RG,3870,30,D,AG,SQ,D
14:07:30,UNVR,RG,3880,1,D,NI,AK,F
14:07:21,UNVR,RG,3880,14,F,BK,AK,F
14:07:19,UNVR,RG,3870,4,D,AG,CC,D
14:07:18,UNVR,RG,3880,13,F,BK,AK,F
14:07:15,UNVR,RG,3870,13,D,AG,AK,F
14:07:15,UNVR,RG,3880,84,F,AK,AK,F
14:07:11,UNVR,RG,3870,3,D,AG,YP,D
14:07:11,UNVR,RG,3870,2,D,NI,YP,D
14:07:11,UNVR,RG,3870,10,D,CC,YP,D
14:07:11,UNVR,RG,3870,20,D,YP,YP,D
14:07:11,UNVR,RG,3870,15,F,ZP,YP,D
14:07:00,UNVR,RG,3870,3,F,ZP,PD,D
14:07:00,UNVR,RG,3870,2,F,RX,PD,D
14:06:59,UNVR,RG,3870,1,F,RX,DX,D
14:06:26,UNVR,RG,3870,1,F,RX,DH,D
14:06:24,UNVR,RG,3880,1,D,XC,AK,F
14:06:13,UNVR,RG,3880,16,F,BK,AK,F
14:06:10,UNVR,RG,3870,20,F,RX,GR,D
14:06:09,UNVR,RG,3870,1,F,RX,DH,D
14:06:05,UNVR,RG,3880,30,D,IN,AK,F
14:05:59,UNVR,RG,3880,10,D,XC,AK,F
14:05:46,UNVR,RG,3870,1,F,RX,PD,D
14:05:42,UNVR,RG,3870,10,F,RX,CC,D
14:05:42,UNVR,RG,3880,1,D,XC,AK,F
14:05:30,UNVR,RG,3870,12,F,RX,AK,F
14:05:27,UNVR,RG,3880,24,F,BK,AK,F
14:05:25,UNVR,RG,3880,94,D,YP,AK,F
14:05:25,UNVR,RG,3880,5,D,YP,ZP,F
14:05:25,UNVR,RG,3880,1,D,YP,XC,D
14:05:23,UNVR,RG,3870,9,F,RX,SQ,D
14:05:10,UNVR,RG,3870,22,F,RX,CC,D
14:04:58,UNVR,RG,3870,20,F,RX,HP,D
14:04:51,UNVR,RG,3880,6,F,BK,XC,D
14:04:51,UNVR,RG,3880,14,F,BK,ZP,F
14:04:47,UNVR,RG,3880,7,F,BK,ZP,F
14:04:47,UNVR,RG,3880,1,F,BK,PD,D
14:04:47,UNVR,RG,3880,6,F,BK,RX,D
14:04:46,UNVR,RG,3880,10,D,DR,RX,D
14:04:43,UNVR,RG,3880,12,F,BK,RX,D
14:04:43,UNVR,RG,3880,4,F,BK,ZP,F
14:04:43,UNVR,RG,3880,5,F,BK,CS,F
14:04:43,UNVR,RG,3880,23,F,BK,BB,D
14:04:43,UNVR,RG,3880,18,F,BK,BK,F
14:04:41,UNVR,RG,3870,135,F,RX,AK,F
14:04:41,UNVR,RG,3870,3,F,CS,AK,F
14:04:41,UNVR,RG,3870,5,D,XC,AK,F
14:04:41,UNVR,RG,3870,5,D,CC,AK,F
14:04:41,UNVR,RG,3870,5,D,SQ,AK,F
14:04:41,UNVR,RG,3870,5,D,XC,AK,F
14:04:41,UNVR,RG,3870,10,F,BK,AK,F
14:04:41,UNVR,RG,3870,66,F,AK,AK,F
14:04:41,UNVR,RG,3870,200,D,CP,AK,F
14:04:41,UNVR,RG,3870,16,F,AK,AK,F
14:04:41,UNVR,RG,3870,20,F,AK,AK,F
14:04:37,UNVR,RG,3880,10,F,BK,BK,F
14:04:35,UNVR,RG,3880,27,D,DR,BK,F
14:04:35,UNVR,RG,3880,4,D,DR,SQ,D
14:04:35,UNVR,RG,3880,1,D,DR,XC,D
14:04:35,UNVR,RG,3880,5,D,DR,ZP,F
14:04:35,UNVR,RG,3880,1,D,DR,YP,D
14:04:35,UNVR,RG,3880,12,D,DR,KK,D
14:04:11,UNVR,RG,3870,1,F,AK,DX,D
14:04:08,UNVR,RG,3880,1,D,CC,KK,D
14:03:32,UNVR,RG,3880,3,D,NI,KK,D
14:03:22,UNVR,RG,3870,20,F,AK,YU,D
14:03:20,UNVR,RG,3880,1,D,NI,KK,D
14:03:17,UNVR,RG,3880,2,D,PD,KK,D
14:03:17,UNVR,RG,3870,45,F,AK,PD,D
14:03:17,UNVR,RG,3870,1,D,XC,PD,D
14:03:17,UNVR,RG,3870,5,F,BK,PD,D
14:03:16,UNVR,RG,3870,1,F,BK,PD,D
14:03:07,UNVR,RG,3880,22,F,BK,DR,D
14:03:06,UNVR,RG,3880,78,F,AK,DR,D
14:03:06,UNVR,RG,3880,10,F,AK,ZP,F
14:02:58,UNVR,RG,3880,1,D,NI,ZP,F
14:02:46,UNVR,RG,3870,8,F,BK,RX,D
14:02:41,UNVR,RG,3880,10,F,BK,ZP,F
14:02:41,UNVR,RG,3880,7,F,BK,BK,F
14:02:37,UNVR,RG,3880,19,F,BK,BK,F
14:02:34,UNVR,RG,3870,104,F,BK,ZP,D
14:02:34,UNVR,RG,3880,30,F,AK,BK,F
14:02:34,UNVR,RG,3880,11,F,AK,CS,F
14:02:34,UNVR,RG,3880,5,F,AK,SQ,D
14:02:34,UNVR,RG,3880,10,F,AK,AK,F
14:02:34,UNVR,RG,3880,51,F,AK,HP,D
14:02:27,UNVR,RG,3870,1,F,BK,PD,D
14:02:25,UNVR,RG,3880,17,F,BK,HP,D
14:02:19,UNVR,RG,3880,1,D,YP,HP,D
14:02:00,UNVR,RG,3880,4,D,PD,HP,D
14:01:58,UNVR,RG,3870,1,F,BK,NI,D
14:01:45,UNVR,RG,3880,108,F,AK,HP,D
14:01:34,UNVR,RG,3880,2,D,PD,HP,D
14:01:33,UNVR,RG,3880,22,F,BK,HP,D
14:01:30,UNVR,RG,3870,18,F,BK,EP,D
14:01:17,UNVR,RG,3870,20,F,BK,CC,D
14:01:16,UNVR,RG,3870,1,F,BK,DX,D
14:00:58,UNVR,RG,3870,20,F,BK,ZP,F
14:00:58,UNVR,RG,3880,11,F,BK,HP,D
14:00:56,UNVR,RG,3870,20,F,BK,ZP,F
14:00:41,UNVR,RG,3880,30,D,IN,HP,D
14:00:39,UNVR,RG,3880,19,F,BK,HP,D
14:00:35,UNVR,RG,3870,119,F,BK,ZP,D
14:00:09,UNVR,RG,3880,5,D,YP,HP,D
14:00:02,UNVR,RG,3880,21,F,BK,HP,D
13:59:58,UNVR,RG,3880,100,D,CC,HP,D
13:59:57,UNVR,RG,3870,2,F,BK,YP,D
13:59:55,UNVR,RG,3880,4,D,XC,HP,D
13:59:54,UNVR,RG,3880,14,F,BK,HP,D
13:59:50,UNVR,RG,3880,28,F,BK,HP,D
13:59:47,UNVR,RG,3880,63,D,NI,HP,D
13:59:47,UNVR,RG,3880,13,D,NI,AK,F
13:59:47,UNVR,RG,3880,5,D,NI,SQ,D
13:59:47,UNVR,RG,3880,12,D,NI,ZP,F
13:59:47,UNVR,RG,3880,7,D,NI,NI,D
13:59:45,UNVR,RG,3880,18,F,BK,NI,D
13:59:45,UNVR,RG,3880,12,F,BK,AK,F
13:59:45,UNVR,RG,3880,1,F,BK,YP,D
13:59:45,UNVR,RG,3880,19,F,BK,BK,F
13:59:43,UNVR,RG,3880,70,F,RX,BK,F
13:59:43,UNVR,RG,3880,67,F,RX,RX,F
13:59:41,UNVR,RG,3880,20,D,PD,RX,F
13:59:40,UNVR,RG,3880,159,F,BK,RX,F
13:59:39,UNVR,RG,3880,25,F,ZP,RX,F
13:59:39,UNVR,RG,3880,10,F,ZP,RX,F
13:59:39,UNVR,RG,3880,5,F,CS,RX,F
13:59:38,UNVR,RG,3880,1000,D,CC,RX,F
13:59:30,UNVR,RG,3880,14,F,RX,RX,F
13:59:28,UNVR,RG,3880,1,D,DR,RX,F
13:59:19,UNVR,RG,3880,12,F,BK,RX,F
13:59:16,UNVR,RG,3880,17,F,BK,RX,F
13:59:14,UNVR,RG,3880,14,D,EP,RX,F
13:59:14,UNVR,RG,3880,55,D,KZ,RX,F
13:59:13,UNVR,RG,3880,44,F,BK,RX,F
13:59:11,UNVR,RG,3880,160,D,YU,RX,F
13:59:11,UNVR,RG,3880,45,F,RX,RX,F
13:59:10,UNVR,RG,3880,100,D,AI,RX,F
13:58:55,UNVR,RG,3880,15,F,BK,RX,F
13:58:51,UNVR,RG,3880,50,D,NI,RX,F
13:58:42,UNVR,RG,3870,2,F,BK,PD,D
13:58:37,UNVR,RG,3880,1,D,XC,RX,F
13:58:28,UNVR,RG,3870,1,F,BK,DX,D
13:58:25,UNVR,RG,3880,30,D,PD,RX,F
13:58:24,UNVR,RG,3880,11,F,BK,RX,F
13:58:22,UNVR,RG,3870,20,F,BK,ZP,F
13:58:10,UNVR,RG,3870,20,F,BK,SQ,D
13:58:08,UNVR,RG,3880,21,F,BK,RX,F
13:58:05,UNVR,RG,3880,18,F,BK,RX,F
13:58:05,UNVR,RG,3880,106,F,RX,RX,F
13:58:03,UNVR,RG,3880,5,D,YP,HP,D
13:58:02,UNVR,RG,3880,45,F,BK,HP,D
13:57:58,UNVR,RG,3880,123,F,BK,HP,D
13:57:58,UNVR,RG,3880,150,F,AK,HP,D
13:57:57,UNVR,RG,3880,177,D,GR,HP,D
13:57:57,UNVR,RG,3880,322,D,GR,ZP,D
13:57:57,UNVR,RG,3880,272,D,GR,CC,D
13:57:32,UNVR,RG,3880,13,F,BK,CC,D
13:57:30,UNVR,RG,3880,1,D,XL,CC,D
13:57:29,UNVR,RG,3880,50,D,ES,CC,D
13:57:23,UNVR,RG,3880,16,F,BK,CC,D
13:57:19,UNVR,RG,3880,70,D,ZP,CC,D
13:57:19,UNVR,RG,3870,5,F,BK,SQ,D
13:56:53,UNVR,RG,3870,5,F,BK,GR,D
13:56:24,UNVR,RG,3870,24,F,BK,KK,D
13:56:20,UNVR,RG,3880,16,F,BK,CC,D
13:56:18,UNVR,RG,3880,35,F,BK,CC,D
13:56:17,UNVR,RG,3880,146,F,ZP,CC,D
13:56:16,UNVR,RG,3880,63,F,ZP,CC,D
13:56:01,UNVR,RG,3880,1,D,HP,CC,D
13:55:56,UNVR,RG,3880,1,D,XC,CC,D
13:55:48,UNVR,RG,3880,12,F,BK,CC,D
13:55:43,UNVR,RG,3870,95,F,BK,ZP,D
13:55:39,UNVR,RG,3880,2,D,YP,CC,D
13:55:31,UNVR,RG,3880,11,F,RX,CC,D
13:55:30,UNVR,RG,3870,1,F,BK,DX,D
13:55:26,UNVR,RG,3880,3,D,KK,CC,D
13:55:17,UNVR,RG,3880,22,F,BK,CC,D
13:55:15,UNVR,RG,3880,1,D,PD,CC,D
13:55:15,UNVR,RG,3880,15,F,AK,CC,D
13:55:15,UNVR,RG,3880,4,F,AK,XC,D
13:55:15,UNVR,RG,3880,10,F,AK,ZP,F
13:55:15,UNVR,RG,3880,13,F,AK,CS,F
13:55:15,UNVR,RG,3880,7,F,AK,XC,D
13:55:15,UNVR,RG,3880,2,F,AK,SQ,D
13:55:15,UNVR,RG,3880,25,F,AK,AZ,D
13:55:15,UNVR,RG,3880,16,F,AK,EP,D
13:55:14,UNVR,RG,3880,2,D,NI,EP,D
13:55:11,UNVR,RG,3870,2,F,BK,NI,D
13:55:07,UNVR,RG,3880,1,D,XC,EP,D
13:54:54,UNVR,RG,3880,1,D,XC,EP,D
13:54:54,UNVR,RG,3880,1,D,XC,PD,D
13:54:54,UNVR,RG,3880,4,D,XC,BB,D
13:54:47,UNVR,RG,3880,1,D,XC,BB,D
13:54:45,UNVR,RG,3880,1,D,NI,BB,D
13:54:32,UNVR,RG,3880,6,F,BK,BB,D
13:54:32,UNVR,RG,3880,10,F,BK,ZP,F
13:54:29,UNVR,RG,3880,20,F,BK,YP,D
13:54:29,UNVR,RG,3880,4,F,BK,CC,D
13:54:29,UNVR,RG,3880,1,F,BK,CC,D
13:54:29,UNVR,RG,3880,2,F,BK,CS,F
13:54:28,UNVR,RG,3870,1,F,BK,XC,D
13:54:27,UNVR,RG,3880,5,F,AK,CS,F
13:54:27,UNVR,RG,3880,65,F,AK,BK,F
13:54:27,UNVR,RG,3880,48,F,AK,ZP,F
13:54:27,UNVR,RG,3880,26,F,AK,CC,D
13:54:26,UNVR,RG,3880,17,F,BK,CC,D
13:54:23,UNVR,RG,3870,112,F,BK,ZP,D
13:54:19,UNVR,RG,3880,2,D,PD,CC,D
13:54:16,UNVR,RG,3870,3,F,BK,ZP,F
13:53:59,UNVR,RG,3870,16,F,BK,SQ,D
13:53:51,UNVR,RG,3870,5,F,BK,ZP,F
13:53:41,UNVR,RG,3870,1,F,BK,YP,D
13:53:29,UNVR,RG,3880,1,D,YP,CC,D
13:53:19,UNVR,RG,3880,3,D,YP,CC,D
13:53:06,UNVR,RG,3880,10,F,BK,CC,D
13:53:05,UNVR,RG,3880,1,D,CC,CC,D
13:53:02,UNVR,RG,3880,10,D,PD,CC,D
13:52:56,UNVR,RG,3880,25,D,KK,CC,D
13:52:56,UNVR,RG,3880,2,D,KK,CS,F
13:52:56,UNVR,RG,3880,1,D,KK,CC,D
13:52:56,UNVR,RG,3880,2,D,KK,ZP,F
13:52:52,UNVR,RG,3870,22,F,BK,DR,D
13:52:51,UNVR,RG,3870,3,F,BK,ZP,F
13:52:40,UNVR,RG,3870,1,F,BK,DX,D
13:52:39,UNVR,RG,3880,1,D,NI,ZP,F
13:52:34,UNVR,RG,3880,5,D,KK,ZP,F
13:52:21,UNVR,RG,3880,12,F,BK,ZP,F
13:52:21,UNVR,RG,3880,4,F,BK,PD,D
13:52:18,UNVR,RG,3880,1,D,CC,PD,D
13:52:18,UNVR,RG,3880,8,D,CC,AK,F
13:52:18,UNVR,RG,3880,9,D,CC,AK,F
13:52:18,UNVR,RG,3880,22,D,CC,BK,F
13:51:58,UNVR,RG,3880,10,D,EP,BK,F
13:51:55,UNVR,RG,3880,1,D,XC,BK,F
13:51:54,UNVR,RG,3880,10,D,OD,BK,F
13:51:53,UNVR,RG,3880,12,F,BK,BK,F
13:51:50,UNVR,RG,3880,10,F,BK,BK,F
13:51:50,UNVR,RG,3880,4,F,BK,XC,D
13:51:45,UNVR,RG,3880,1,D,YP,XC,D
13:51:45,UNVR,RG,3880,11,F,AK,XC,D
13:51:45,UNVR,RG,3880,2,F,AK,CC,D
13:51:45,UNVR,RG,3880,13,F,AK,PD,D
13:51:45,UNVR,RG,3880,69,F,AK,SQ,D
13:51:37,UNVR,RG,3880,30,D,ES,SQ,D
13:51:34,UNVR,RG,3880,1,F,RX,SQ,D
13:51:34,UNVR,RG,3880,18,F,RX,HP,D
13:51:30,UNVR,RG,3880,11,F,BK,HP,D
13:51:27,UNVR,RG,3880,17,F,BK,HP,D
13:51:23,UNVR,RG,3870,45,F,BK,PD,D
13:51:21,UNVR,RG,3880,16,F,BK,HP,D
13:51:21,UNVR,RG,3880,17,F,BK,HP,D
13:51:16,UNVR,RG,3880,30,F,BK,HP,D
13:51:13,UNVR,RG,3880,12,F,BK,HP,D
13:51:12,UNVR,RG,3880,79,F,AK,HP,D
13:51:12,UNVR,RG,3880,20,F,AK,RX,D
13:51:12,UNVR,RG,3880,10,F,AK,CS,F
13:51:12,UNVR,RG,3880,39,F,AK,BK,F
13:51:11,UNVR,RG,3880,23,F,BK,BK,F
13:51:09,UNVR,RG,3880,1,F,BK,BK,F
13:51:09,UNVR,RG,3880,1,F,BK,YP,D
13:51:09,UNVR,RG,3880,96,F,BK,ZP,D
13:51:09,UNVR,RG,3880,39,D,KZ,ZP,D
13:51:05,UNVR,RG,3880,18,F,BK,ZP,D
13:51:05,UNVR,RG,3880,185,F,BK,ZP,D
13:51:05,UNVR,RG,3880,63,F,BK,BK,F
13:51:05,UNVR,RG,3880,20,F,BK,PD,D
13:51:05,UNVR,RG,3880,100,F,BK,ZR,D
13:51:05,UNVR,RG,3880,5,F,BK,OD,D
13:51:05,UNVR,RG,3880,63,F,BK,BK,F
13:51:05,UNVR,RG,3880,10,F,BK,GR,D
13:51:05,UNVR,RG,3880,1,F,BK,EP,D
13:51:05,UNVR,RG,3880,2,F,BK,SQ,D
13:51:05,UNVR,RG,3880,63,F,BK,BK,F
13:51:05,UNVR,RG,3880,6,F,BK,RX,D
13:51:05,UNVR,RG,3880,3,F,BK,ZP,F
13:51:05,UNVR,RG,3880,21,F,BK,ZP,F
13:51:05,UNVR,RG,3880,14,F,BK,AK,F
13:51:05,UNVR,RG,3880,7,F,BK,CS,F
13:51:05,UNVR,RG,3880,40,F,BK,HP,D
13:51:01,UNVR,RG,3880,1,D,PD,HP,D
13:51:01,UNVR,RG,3880,144,F,RX,HP,D
13:50:55,UNVR,RG,3880,17,F,BK,HP,D
13:50:51,UNVR,RG,3880,20,F,BK,HP,D
13:50:47,UNVR,RG,3880,122,F,BK,HP,D
13:50:44,UNVR,RG,3880,1,D,MU,HP,D
13:50:40,UNVR,RG,3880,11,F,BK,HP,D
13:50:38,UNVR,RG,3870,20,F,BK,ZP,F
13:50:38,UNVR,RG,3880,85,F,BK,HP,D
13:50:35,UNVR,RG,3880,5,D,XC,HP,D
13:50:34,UNVR,RG,3880,14,F,BK,HP,D
13:50:32,UNVR,RG,3880,19,F,RX,HP,D
13:50:32,UNVR,RG,3880,2,D,PD,HP,D
13:50:30,UNVR,RG,3880,29,F,BK,HP,D
13:50:25,UNVR,RG,3880,19,F,BK,HP,D
13:50:20,UNVR,RG,3880,20,D,KK,HP,D
13:50:20,UNVR,RG,3880,28,F,BK,HP,D
13:50:19,UNVR,RG,3880,25,D,DR,HP,D
13:50:19,UNVR,RG,3880,98,F,BK,HP,D
13:50:19,UNVR,RG,3880,3,F,BK,ZP,F
13:50:19,UNVR,RG,3880,10,F,BK,YP,D
13:50:19,UNVR,RG,3880,3,F,BK,NI,D
13:50:19,UNVR,RG,3880,63,F,BK,BK,F
13:50:19,UNVR,RG,3880,44,F,BK,AK,F
13:50:19,UNVR,RG,3880,25,F,BK,AZ,D
13:50:19,UNVR,RG,3880,107,F,BK,RX,F
13:50:15,UNVR,RG,3880,1,D,PD,RX,F
13:50:11,UNVR,RG,3880,315,F,BK,RX,F
13:50:02,UNVR,RG,3870,4,F,BK,PD,D
13:50:01,UNVR,RG,3870,13,F,BK,AK,F
13:50:00,UNVR,RG,3880,14,F,RX,RX,F
13:50:00,UNVR,RG,3880,16,F,AK,RX,F
13:50:00,UNVR,RG,3880,12,D,YP,RX,F
13:49:52,UNVR,RG,3870,27,F,BK,BK,F
13:49:48,UNVR,RG,3870,1,F,BK,DX,D
13:49:46,UNVR,RG,3880,11,D,YP,RX,F
13:49:43,UNVR,RG,3880,36,F,BK,RX,F
13:49:42,UNVR,RG,3880,1,D,DR,RX,F
13:49:35,UNVR,RG,3880,8,D,YP,RX,F
13:49:23,UNVR,RG,3880,11,F,RX,RX,F
13:49:18,UNVR,RG,3880,19,D,YP,RX,F
13:49:12,UNVR,RG,3880,25,D,XC,RX,F
13:49:10,UNVR,RG,3880,10,D,PD,RX,F
13:48:57,UNVR,RG,3880,12,D,XC,RX,F
13:48:52,UNVR,RG,3880,39,F,RX,RX,F
13:48:49,UNVR,RG,3880,56,D,KZ,RX,F
13:48:48,UNVR,RG,3880,307,F,YU,RX,F
13:48:48,UNVR,RG,3880,2,F,YU,ZP,F
13:48:48,UNVR,RG,3880,191,F,YU,PD,D
13:48:44,UNVR,RG,3880,2,D,NI,PD,D
13:48:34,UNVR,RG,3870,36,F,BK,BK,F
13:48:28,UNVR,RG,3880,7,D,XC,PD,D
13:48:28,UNVR,RG,3880,3,D,XC,BB,D
13:48:13,UNVR,RG,3880,1,D,CC,BB,D
13:48:13,UNVR,RG,3880,1,D,CC,CS,F
13:48:03,UNVR,RG,3870,20,F,BK,ZP,F
13:47:56,UNVR,RG,3870,1,F,BK,DH,D
13:47:50,UNVR,RG,3870,4,F,BK,PD,D
13:47:41,UNVR,RG,3880,5,D,PD,CS,F
13:47:34,UNVR,RG,3880,1,D,XC,CS,F
13:47:29,UNVR,RG,3870,92,F,BK,ZP,D
13:47:27,UNVR,RG,3880,1,D,PD,CS,F
13:47:27,UNVR,RG,3880,9,D,PD,ZP,F
13:47:18,UNVR,RG,3880,4,D,CC,ZP,F
13:47:18,UNVR,RG,3880,6,D,CC,SQ,D
13:47:15,UNVR,RG,3880,4,D,PD,SQ,D
13:47:12,UNVR,RG,3880,1,D,XL,SQ,D
13:47:08,UNVR,RG,3880,5,D,CC,SQ,D
13:47:08,UNVR,RG,3880,12,F,RX,SQ,D
13:47:02,UNVR,RG,3870,1,F,BK,DX,D
13:47:00,UNVR,RG,3880,2,D,PD,SQ,D
13:47:00,UNVR,RG,3880,2,D,PD,YP,D
13:46:53,UNVR,RG,3880,13,D,DH,YP,D
13:46:53,UNVR,RG,3880,8,D,DH,CS,F
13:46:53,UNVR,RG,3880,9,D,DH,BK,F
13:46:48,UNVR,RG,3880,2,D,NI,BK,F
13:46:48,UNVR,RG,3880,4,D,NI,PD,D
13:46:46,UNVR,RG,3880,1,D,YP,PD,D
13:46:35,UNVR,RG,3880,68,F,RX,PD,D
13:46:30,UNVR,RG,3880,6,D,PD,PD,D
13:46:24,UNVR,RG,3880,100,D,OD,PD,D
13:46:17,UNVR,RG,3880,2,D,TP,PD,D
13:46:17,UNVR,RG,3880,5,D,PD,PD,D
13:46:16,UNVR,RG,3880,50,D,GR,PD,D
13:46:08,UNVR,RG,3880,10,D,CC,PD,D
13:46:05,UNVR,RG,3870,2,F,BK,PD,D
13:46:01,UNVR,RG,3880,3,D,PD,PD,D
13:45:41,UNVR,RG,3870,89,F,BK,ZP,D
13:45:35,UNVR,RG,3880,5,D,PD,PD,D
13:45:29,UNVR,RG,3870,100,F,BK,CC,D
13:45:26,UNVR,RG,3870,100,F,BK,CC,D
13:45:12,UNVR,RG,3880,46,D,KK,PD,D
13:45:12,UNVR,RG,3880,21,D,KK,ZP,F
13:45:12,UNVR,RG,3880,19,D,KK,AK,F
13:45:12,UNVR,RG,3880,14,D,KK,AK,F
13:45:12,UNVR,RG,3880,2,D,CC,AK,F
13:45:12,UNVR,RG,3880,98,D,CC,ZP,D
13:44:29,UNVR,RG,3880,2,D,NI,ZP,D
13:44:23,UNVR,RG,3880,10,D,SQ,ZP,D
13:44:12,UNVR,RG,3870,1,F,BK,DX,D
13:43:39,UNVR,RG,3880,13,D,YP,ZP,D
13:43:36,UNVR,RG,3880,1,D,XC,ZP,D
13:43:06,UNVR,RG,3870,3,F,BK,NI,D
13:42:54,UNVR,RG,3870,20,F,BK,ZP,F
13:42:52,UNVR,RG,3870,8,F,BK,PD,D
13:42:32,UNVR,RG,3880,13,D,RO,ZP,D
13:42:29,UNVR,RG,3870,1,F,BK,CC,D
13:42:28,UNVR,RG,3870,25,F,BK,OD,D
13:42:24,UNVR,RG,3870,5,F,BK,YP,D
13:42:09,UNVR,RG,3870,1,F,BK,PD,D
13:41:41,UNVR,RG,3870,9,F,BK,DR,D
13:41:34,UNVR,RG,3870,1,F,BK,XC,D
13:41:20,UNVR,RG,3870,5,F,BK,YP,D
13:41:15,UNVR,RG,3870,1,F,BK,DH,D
13:41:14,UNVR,RG,3870,1,F,BK,PD,D
13:41:14,UNVR,RG,3870,1,F,BK,DX,D
13:41:04,UNVR,RG,3880,20,D,OD,ZP,D
13:40:54,UNVR,RG,3870,25,F,BK,NI,D
13:40:54,UNVR,RG,3880,5,D,PD,ZP,D
13:40:41,UNVR,RG,3870,748,F,BK,YP,D
13:40:41,UNVR,RG,3870,5,F,ZP,YP,D
13:40:41,UNVR,RG,3870,2,F,ZP,YP,D
13:40:41,UNVR,RG,3870,240,F,DX,YP,D
13:40:35,UNVR,RG,3880,1,D,GR,ZP,D
13:40:19,UNVR,RG,3870,19,F,DX,ZP,F
13:40:05,UNVR,RG,3880,1,D,PD,ZP,D
13:40:04,UNVR,RG,3880,10,D,XL,ZP,D
13:39:59,UNVR,RG,3880,200,D,SQ,ZP,D
13:39:23,UNVR,RG,3880,50,D,AG,ZP,D
13:39:12,UNVR,RG,3870,2,F,DX,PD,D
13:38:36,UNVR,RG,3880,1,D,YP,ZP,D
13:38:31,UNVR,RG,3870,1,F,DX,DH,D
13:38:23,UNVR,RG,3880,1,D,YP,ZP,D
13:38:19,UNVR,RG,3870,1,F,DX,DX,D
13:38:15,UNVR,RG,3880,1,D,CC,ZP,D
13:38:13,UNVR,RG,3880,1,D,YP,ZP,D
13:38:05,UNVR,RG,3880,35,D,XC,ZP,D
13:38:02,UNVR,RG,3880,1,D,YB,ZP,D
13:37:57,UNVR,RG,3880,1,D,YP,ZP,D
13:37:49,UNVR,RG,3880,3,D,LG,ZP,D
13:37:46,UNVR,RG,3870,1,F,DX,DH,D
13:37:31,UNVR,RG,3880,1,D,XC,ZP,D
13:37:20,UNVR,RG,3880,10,D,PD,ZP,D
13:36:35,UNVR,RG,3880,19,D,DR,ZP,D
13:36:35,UNVR,RG,3880,1,D,DR,BK,F
13:36:24,UNVR,RG,3870,21,F,DX,ZP,D
13:36:24,UNVR,RG,3870,3,D,PD,ZP,D
13:36:24,UNVR,RG,3870,4,D,XL,ZP,D
13:36:24,UNVR,RG,3870,14,F,AK,ZP,D
13:36:08,UNVR,RG,3880,8,F,ZP,BK,F
13:36:08,UNVR,RG,3880,63,F,AK,BK,F
13:36:08,UNVR,RG,3880,10,F,AK,RX,D
13:36:08,UNVR,RG,3880,500,F,AK,HP,D
13:36:08,UNVR,RG,3880,4,F,AK,ZP,F
13:36:08,UNVR,RG,3880,200,F,AK,PD,D
13:36:08,UNVR,RG,3880,50,F,AK,YP,D
13:36:08,UNVR,RG,3880,72,F,AK,BK,F
