Time,Stock,Brd,Price,Qty,BT,BC,SC,ST
15:12:20,UNVR,RG,4750,4,D,SQ,GR,D
15:11:31,UNVR,RG,4750,2,D,CC,GR,D
15:10:36,UNVR,RG,4750,32,D,YP,GR,D
15:09:48,UNVR,RG,4750,2,D,CC,GR,D
15:09:24,UNVR,RG,4750,5,D,DR,GR,D
15:08:18,UNVR,RG,4750,16,D,CC,GR,D
15:07:23,UNVR,RG,4750,11,D,XC,GR,D
15:06:59,UNVR,RG,4750,5,D,PD,GR,D
15:06:31,UNVR,RG,4750,15,D,KK,GR,D
15:06:20,UNVR,RG,4750,5,D,SQ,GR,D
15:06:00,UNVR,RG,4750,2,D,YP,GR,D
15:05:35,UNVR,RG,4750,5,D,XC,GR,D
15:05:27,UNVR,RG,4750,52,D,YB,GR,D
15:04:54,UNVR,RG,4750,5,D,YP,GR,D
15:04:26,UNVR,RG,4750,50,D,OK,GR,D
15:03:44,UNVR,RG,4750,1,D,PD,GR,D
15:03:24,UNVR,RG,4750,2,D,YP,GR,D
15:02:48,UNVR,RG,4750,10,D,PD,GR,D
15:01:54,UNVR,RG,4750,10,D,AI,GR,D
15:01:36,UNVR,RG,4750,1,D,KK,GR,D
15:01:36,UNVR,RG,4750,83,F,BK,GR,D
15:01:34,UNVR,RG,4750,3,F,BK,KK,D
15:01:24,UNVR,RG,4750,231,F,BK,YP,D
15:01:24,UNVR,RG,4750,2,D,YP,YP,D
15:01:24,UNVR,RG,4750,2,D,YP,YP,D
15:01:24,UNVR,RG,4750,10,D,YP,YP,D
15:01:24,UNVR,RG,4750,5,D,NI,YP,D
15:01:24,UNVR,RG,4750,3,D,XC,YP,D
15:01:24,UNVR,RG,4750,1,D,KK,YP,D
15:01:24,UNVR,RG,4750,6,D,IP,YP,D
15:01:24,UNVR,RG,4750,5,D,NI,YP,D
15:01:24,UNVR,RG,4750,1,D,AZ,YP,D
15:01:24,UNVR,RG,4750,13,D,PD,YP,D
15:01:24,UNVR,RG,4750,20,D,YB,YP,D
15:01:24,UNVR,RG,4750,50,D,YP,YP,D
15:01:24,UNVR,RG,4750,2,D,DR,YP,D
15:01:24,UNVR,RG,4750,40,D,GR,YP,D
15:01:24,UNVR,RG,4750,10,D,YP,YP,D
15:01:24,UNVR,RG,4750,10,D,LG,YP,D
15:01:24,UNVR,RG,4750,50,D,YP,YP,D
15:01:24,UNVR,RG,4750,1,D,GR,YP,D
15:01:24,UNVR,RG,4750,1,D,PD,YP,D
15:01:24,UNVR,RG,4750,2,D,YP,YP,D
15:01:24,UNVR,RG,4750,25,F,YU,YP,D
15:01:24,UNVR,RG,4750,6,D,XC,YP,D
15:01:24,UNVR,RG,4750,8,D,XC,YP,D
15:01:24,UNVR,RG,4750,4,D,OD,YP,D
15:01:24,UNVR,RG,4750,10,D,PD,YP,D
15:01:24,UNVR,RG,4750,15,D,PD,YP,D
15:01:24,UNVR,RG,4750,10,D,DH,YP,D
15:01:24,UNVR,RG,4750,4,D,XL,YP,D
15:01:24,UNVR,RG,4750,106,D,XL,YP,D
15:01:24,UNVR,RG,4750,5,D,CC,YP,D
15:01:24,UNVR,RG,4750,1,D,HP,YP,D
15:01:24,UNVR,RG,4750,100,D,YP,YP,D
15:01:24,UNVR,RG,4750,1,D,PD,YP,D
15:01:24,UNVR,RG,4750,1,D,YP,YP,D
15:01:24,UNVR,RG,4750,5,D,YP,YP,D
15:01:24,UNVR,RG,4750,3,D,PD,YP,D
15:01:24,UNVR,RG,4750,30,D,OD,YP,D
15:01:24,UNVR,RG,4750,1,D,SQ,YP,D
15:01:08,UNVR,RG,4750,300,D,SQ,GR,D
15:01:01,UNVR,RG,4750,20,D,SQ,CC,D
15:01:00,UNVR,RG,4750,60,D,SQ,KK,D
15:01:00,UNVR,RG,4750,8,D,SQ,EP,D
15:01:00,UNVR,RG,4750,4,D,SQ,DR,D
15:00:00,UNVR,RG,4750,9,D,SQ,CC,D
15:00:00,UNVR,RG,4750,10,D,SQ,PD,D
15:00:00,UNVR,RG,4750,3,D,SQ,YP,D
15:00:00,UNVR,RG,4750,170,D,SQ,CC,D
15:00:00,UNVR,RG,4750,16,D,SQ,SQ,D
15:00:00,UNVR,RG,4750,4,D,PD,SQ,D
15:00:00,UNVR,RG,4750,10,D,XC,SQ,D
15:00:00,UNVR,RG,4750,1,D,XC,YP,D
15:00:00,UNVR,RG,4750,1,D,XC,PD,D
15:00:00,UNVR,RG,4750,3,D,XC,AZ,D
15:00:00,UNVR,RG,4750,167,F,BK,AZ,D
15:00:00,UNVR,RG,4750,2,D,XC,AZ,D
15:00:00,UNVR,RG,4750,10,D,CC,AZ,D
15:00:00,UNVR,RG,4750,10,D,YU,AZ,D
15:00:00,UNVR,RG,4750,4,D,PD,AZ,D
15:00:00,UNVR,RG,4750,1,F,OD,AZ,D
15:00:00,UNVR,RG,4750,10,D,AI,AZ,D
15:00:00,UNVR,RG,4750,30,D,PD,AZ,D
15:00:00,UNVR,RG,4750,1,D,SQ,AZ,D
15:00:00,UNVR,RG,4750,1,D,YP,AZ,D
15:00:00,UNVR,RG,4750,10,D,NI,AZ,D
15:00:00,UNVR,RG,4750,1,D,XL,AZ,D
15:00:00,UNVR,RG,4750,2,D,XC,AZ,D
15:00:00,UNVR,RG,4750,10,D,XL,AZ,D
15:00:00,UNVR,RG,4750,21,D,XL,AZ,D
15:00:00,UNVR,RG,4750,58,D,YP,AZ,D
15:00:00,UNVR,RG,4750,18,F,AK,AZ,D
15:00:00,UNVR,RG,4750,88,F,AK,AZ,D
15:00:00,UNVR,RG,4750,104,F,AK,CC,D
15:00:00,UNVR,RG,4750,70,F,AK,SQ,D
15:00:00,UNVR,RG,4750,6,F,AK,YP,D
15:00:00,UNVR,RG,4750,1,F,AK,YP,D
15:00:00,UNVR,RG,4750,4,F,AK,LG,D
15:00:00,UNVR,RG,4750,9,F,AK,YP,D
15:00:00,UNVR,RG,4750,8,D,KZ,YP,D
15:00:00,UNVR,RG,4750,3,D,KZ,YP,D
15:00:00,UNVR,RG,4750,10,D,KZ,AO,D
15:00:00,UNVR,RG,4750,10,D,KZ,AO,D
15:00:00,UNVR,RG,4750,25,D,KZ,KK,D
15:00:00,UNVR,RG,4750,10,D,KZ,AO,D
15:00:00,UNVR,RG,4750,10,D,KZ,AO,D
15:00:00,UNVR,RG,4750,1,D,KZ,YP,D
15:00:00,UNVR,RG,4750,8,D,KZ,HP,D
15:00:00,UNVR,RG,4750,2,D,YU,HP,D
15:00:00,UNVR,RG,4750,1,D,YU,AO,D
15:00:00,UNVR,RG,4750,29,D,OD,AO,D
15:00:00,UNVR,RG,4750,19,D,OD,CC,D
15:00:00,UNVR,RG,4750,8,D,OD,DR,D
15:00:00,UNVR,RG,4750,42,D,YU,DR,D
15:00:00,UNVR,RG,4750,1,D,YU,KK,D
15:00:00,UNVR,RG,4750,6,D,RX,OD,D
15:00:00,UNVR,RG,4750,134,D,RX,YP,D
15:00:00,UNVR,RG,4750,632,D,LG,YP,D
15:00:00,UNVR,RG,4750,34,D,ZP,YP,D
15:00:00,UNVR,RG,4750,6,D,ZP,PD,D
15:00:00,UNVR,RG,4750,3,D,ZP,PD,D
15:00:00,UNVR,RG,4750,10,D,ZP,PD,D
15:00:00,UNVR,RG,4750,50,D,ZP,YJ,D
15:00:00,UNVR,RG,4750,20,D,ZP,PD,D
15:00:00,UNVR,RG,4750,4,D,ZP,PD,D
15:00:00,UNVR,RG,4750,63,D,ZP,IF,D
14:49:49,UNVR,RG,4760,50,D,AO,NI,F
14:49:43,UNVR,RG,4750,240,D,SQ,RX,D
14:49:43,UNVR,RG,4750,20,D,YP,RX,D
14:49:43,UNVR,RG,4750,4,D,XC,RX,D
14:49:43,UNVR,RG,4750,10,D,YP,RX,D
14:49:43,UNVR,RG,4750,1,D,YP,RX,D
14:49:43,UNVR,RG,4750,8,D,NI,RX,D
14:49:43,UNVR,RG,4750,2,D,YP,RX,D
14:49:43,UNVR,RG,4750,5,D,YP,RX,D
14:49:43,UNVR,RG,4750,1,D,XC,RX,D
14:49:43,UNVR,RG,4750,5,D,KK,RX,D
14:49:43,UNVR,RG,4750,1,D,PC,RX,D
14:49:43,UNVR,RG,4750,1,D,XC,RX,D
14:49:43,UNVR,RG,4750,5,D,PD,RX,D
14:49:43,UNVR,RG,4750,100,D,GR,RX,D
14:49:43,UNVR,RG,4750,5,D,CC,RX,D
14:49:43,UNVR,RG,4750,1,D,SQ,RX,D
14:49:43,UNVR,RG,4750,10,D,PD,RX,D
14:49:43,UNVR,RG,4750,59,D,BQ,RX,D
14:49:43,UNVR,RG,4750,200,D,GR,RX,D
14:49:43,UNVR,RG,4750,25,D,MG,RX,D
14:49:43,UNVR,RG,4750,400,D,GR,RX,D
14:49:43,UNVR,RG,4750,5,D,PD,RX,D
14:49:43,UNVR,RG,4750,5,D,EP,RX,D
14:49:43,UNVR,RG,4750,87,D,YU,RX,D
14:49:35,UNVR,RG,4760,3,D,PD,NI,F
14:49:34,UNVR,RG,4760,2,D,XC,NI,F
14:49:24,UNVR,RG,4750,1,D,YU,AT,D
14:49:20,UNVR,RG,4760,5,D,YP,NI,F
14:49:01,UNVR,RG,4760,1,D,KK,NI,F
14:48:39,UNVR,RG,4760,1,D,XC,NI,F
14:48:21,UNVR,RG,4760,50,D,AO,RX,D
14:48:02,UNVR,RG,4760,45,D,CC,RX,D
14:47:56,UNVR,RG,4760,1,D,CC,RX,D
14:47:47,UNVR,RG,4760,304,D,CP,RX,D
14:47:39,UNVR,RG,4760,163,D,CP,BK,F
14:47:39,UNVR,RG,4760,33,D,CP,RX,D
14:47:36,UNVR,RG,4760,10,D,NI,RX,D
14:47:30,UNVR,RG,4760,10,D,AO,RX,D
14:47:29,UNVR,RG,4760,37,F,AK,RX,D
14:47:29,UNVR,RG,4760,10,D,GR,RX,D
14:47:29,UNVR,RG,4760,10,D,AO,RX,D
14:47:29,UNVR,RG,4760,2,D,XL,RX,D
14:47:29,UNVR,RG,4760,1,D,XC,RX,D
14:47:29,UNVR,RG,4760,10,D,AO,RX,D
14:47:29,UNVR,RG,4760,10,D,AO,RX,D
14:47:29,UNVR,RG,4760,2,D,RO,RX,D
14:47:29,UNVR,RG,4760,50,D,YP,RX,D
14:47:29,UNVR,RG,4760,15,D,PD,RX,D
14:47:11,UNVR,RG,4760,15,D,PD,IF,D
14:47:04,UNVR,RG,4760,1,D,PD,PD,D
14:46:54,UNVR,RG,4760,69,D,PD,RX,D
14:46:40,UNVR,RG,4760,2,D,BQ,RX,D
14:46:21,UNVR,RG,4760,50,D,AO,RX,D
14:46:21,UNVR,RG,4760,1,D,XC,RX,D
14:46:21,UNVR,RG,4760,78,D,YP,RX,D
14:46:13,UNVR,RG,4760,20,D,YP,SQ,D
14:46:13,UNVR,RG,4760,72,D,YP,RX,D
14:46:12,UNVR,RG,4760,1,D,EP,RX,D
14:45:48,UNVR,RG,4760,1,F,OD,RX,D
14:45:48,UNVR,RG,4760,100,D,CP,RX,D
14:45:48,UNVR,RG,4760,3,D,XC,RX,D
14:45:48,UNVR,RG,4760,2,D,XC,RX,D
14:45:48,UNVR,RG,4760,9,D,CC,RX,D
14:45:48,UNVR,RG,4760,5,D,YP,RX,D
14:45:48,UNVR,RG,4760,1,D,YP,RX,D
14:45:48,UNVR,RG,4760,1,D,OD,RX,D
14:45:44,UNVR,RG,4760,2,D,OD,XC,D
14:45:44,UNVR,RG,4760,1,D,GR,XC,D
14:45:44,UNVR,RG,4760,2,D,DR,XC,D
14:45:09,UNVR,RG,4770,4,D,NI,IF,D
14:45:09,UNVR,RG,4770,5,D,NI,YP,D
14:45:09,UNVR,RG,4770,1,D,NI,XC,D
14:45:07,UNVR,RG,4770,2,D,EP,XC,D
14:44:51,UNVR,RG,4760,1,D,DR,DP,D
14:44:48,UNVR,RG,4760,1,D,DR,IF,D
14:44:15,UNVR,RG,4760,1,D,DR,AZ,D
14:43:55,UNVR,RG,4760,2,D,DR,XC,D
14:43:43,UNVR,RG,4760,2,D,DR,DP,D
14:43:43,UNVR,RG,4760,1,D,DR,NI,D
14:43:43,UNVR,RG,4760,15,D,DR,BK,F
14:43:41,UNVR,RG,4760,1,D,PD,BK,F
14:43:36,UNVR,RG,4760,10,D,YP,BK,F
14:43:30,UNVR,RG,4760,1,F,AK,BK,F
14:43:30,UNVR,RG,4760,1,F,AK,BK,F
14:43:29,UNVR,RG,4760,2,F,AK,BK,F
14:43:29,UNVR,RG,4760,25,D,DR,BK,F
14:43:28,UNVR,RG,4760,4,F,AK,BK,F
14:43:28,UNVR,RG,4760,8,F,AK,BK,F
14:43:28,UNVR,RG,4760,96,D,PD,BK,F
14:43:28,UNVR,RG,4760,1,D,PD,DP,D
14:43:28,UNVR,RG,4760,14,D,PD,RX,D
14:43:24,UNVR,RG,4760,1,D,NI,RX,D
14:43:16,UNVR,RG,4750,2,D,YU,DP,D
14:43:01,UNVR,RG,4760,3,D,YP,RX,D
14:42:45,UNVR,RG,4760,1,D,NI,RX,D
14:42:40,UNVR,RG,4760,1,D,SQ,RX,D
14:42:35,UNVR,RG,4760,2,D,CC,RX,D
14:42:35,UNVR,RG,4760,1,D,YP,RX,D
14:42:35,UNVR,RG,4760,1,D,PD,RX,D
14:42:35,UNVR,RG,4760,10,D,EP,RX,D
14:42:35,UNVR,RG,4760,5,D,PD,RX,D
14:42:35,UNVR,RG,4760,1,D,SQ,RX,D
14:42:35,UNVR,RG,4760,3,D,SQ,RX,D
14:42:35,UNVR,RG,4760,7,D,XL,RX,D
14:42:35,UNVR,RG,4760,1,D,KK,RX,D
14:42:35,UNVR,RG,4760,100,D,YP,RX,D
14:42:35,UNVR,RG,4760,3,D,PD,RX,D
14:42:35,UNVR,RG,4760,1,D,LS,RX,D
14:42:35,UNVR,RG,4760,2,D,DR,RX,D
14:42:35,UNVR,RG,4760,5,D,KK,RX,D
14:42:35,UNVR,RG,4760,3,D,CC,RX,D
14:42:35,UNVR,RG,4760,10,D,YP,RX,D
14:42:35,UNVR,RG,4760,1,D,PD,RX,D
14:42:35,UNVR,RG,4760,1,D,XC,RX,D
14:42:35,UNVR,RG,4760,59,F,AK,RX,D
14:42:35,UNVR,RG,4760,1,D,YP,RX,D
14:42:35,UNVR,RG,4760,5,D,YP,RX,D
14:42:35,UNVR,RG,4760,300,D,YP,RX,D
14:42:35,UNVR,RG,4760,104,D,CC,RX,D
14:42:35,UNVR,RG,4760,35,D,YP,RX,D
14:42:35,UNVR,RG,4760,1,D,HP,RX,D
14:42:35,UNVR,RG,4760,2,D,NI,RX,D
14:42:35,UNVR,RG,4760,30,D,YP,RX,D
14:42:35,UNVR,RG,4760,2,D,YP,RX,D
14:42:35,UNVR,RG,4760,20,D,HP,RX,D
14:42:35,UNVR,RG,4760,1,D,XC,RX,D
14:42:35,UNVR,RG,4760,1,D,XL,RX,D
14:42:35,UNVR,RG,4760,162,D,PD,RX,D
14:42:31,UNVR,RG,4760,2,D,PD,XC,D
14:42:09,UNVR,RG,4760,2,D,PD,XL,D
14:42:02,UNVR,RG,4770,10,D,CC,BK,F
14:41:58,UNVR,RG,4770,1,D,YP,BK,F
14:41:25,UNVR,RG,4770,1,D,NI,BK,F
14:41:23,UNVR,RG,4760,2,D,PD,YP,D
14:40:40,UNVR,RG,4770,1,D,NI,BK,F
14:40:35,UNVR,RG,4770,93,D,YP,BK,F
14:40:35,UNVR,RG,4770,6,D,YP,YU,D
14:40:35,UNVR,RG,4770,1,D,YP,CC,D
14:40:09,UNVR,RG,4770,4,D,PD,CC,D
14:40:09,UNVR,RG,4770,8,D,PD,IF,D
14:40:09,UNVR,RG,4770,8,D,PD,IF,D
14:40:09,UNVR,RG,4770,24,D,PD,BK,F
14:40:09,UNVR,RG,4770,1,D,PD,XC,D
14:40:09,UNVR,RG,4770,66,D,PD,RX,D
14:39:45,UNVR,RG,4770,164,F,AK,RX,D
14:39:30,UNVR,RG,4770,41,D,YP,RX,D
14:39:16,UNVR,RG,4770,1,D,PD,RX,D
14:37:55,UNVR,RG,4760,18,D,PD,XL,D
14:37:24,UNVR,RG,4770,28,D,PD,RX,D
14:37:24,UNVR,RG,4770,1,D,PD,CC,F
14:37:24,UNVR,RG,4770,1,D,PD,CP,D
14:37:24,UNVR,RG,4770,81,D,PD,YP,D
14:36:55,UNVR,RG,4770,18,D,NI,YP,D
14:35:32,UNVR,RG,4770,6,D,YU,YP,D
14:34:59,UNVR,RG,4770,3,D,PD,YP,D
14:34:21,UNVR,RG,4770,1,D,CD,YP,D
14:34:18,UNVR,RG,4770,26,D,PD,YP,D
14:34:18,UNVR,RG,4770,12,D,PD,BK,F
14:34:18,UNVR,RG,4770,1,D,PD,YP,D
14:34:18,UNVR,RG,4770,8,D,PD,IF,D
14:34:18,UNVR,RG,4770,12,D,PD,YP,D
14:34:18,UNVR,RG,4770,50,D,PD,YP,D
14:34:18,UNVR,RG,4770,5,D,PD,XL,D
14:34:18,UNVR,RG,4770,19,D,PD,CC,D
14:34:18,UNVR,RG,4770,5,D,PD,DP,D
14:34:18,UNVR,RG,4770,84,D,PD,RX,D
14:34:04,UNVR,RG,4770,9,D,XC,RX,D
14:33:44,UNVR,RG,4760,1,D,PD,LG,D
14:33:01,UNVR,RG,4770,100,D,YP,RX,D
14:32:50,UNVR,RG,4770,7,D,XC,RX,D
14:32:16,UNVR,RG,4760,1,D,PD,LG,D
14:31:56,UNVR,RG,4770,66,D,PD,RX,D
14:31:01,UNVR,RG,4760,1,D,PD,LG,D
14:30:28,UNVR,RG,4760,1,D,PD,XC,D
14:30:28,UNVR,RG,4760,3,D,PD,XC,D
14:30:28,UNVR,RG,4760,1,D,PD,XC,D
14:30:28,UNVR,RG,4760,5,D,PD,XC,D
14:30:19,UNVR,RG,4770,34,D,PD,RX,D
14:30:19,UNVR,RG,4770,5,D,PD,DP,D
14:30:19,UNVR,RG,4770,1,D,PD,YP,D
14:30:19,UNVR,RG,4770,8,D,PD,IF,D
14:30:19,UNVR,RG,4770,14,D,PD,PD,D
14:30:19,UNVR,RG,4770,25,D,PD,SH,D
14:30:19,UNVR,RG,4770,8,D,PD,IF,D
14:30:19,UNVR,RG,4770,127,D,PD,RX,D
14:29:44,UNVR,RG,4770,30,D,AO,RX,D
14:28:20,UNVR,RG,4760,3,D,PD,KK,D
14:28:13,UNVR,RG,4770,143,D,PD,RX,D
14:28:13,UNVR,RG,4770,8,D,PD,IF,D
14:28:13,UNVR,RG,4770,71,D,PD,YP,D
14:28:06,UNVR,RG,4760,1,D,PD,YP,D
14:27:57,UNVR,RG,4760,5,D,PD,YP,D
14:27:53,UNVR,RG,4770,5,D,XC,YP,D
14:27:50,UNVR,RG,4760,5,D,PD,YP,D
14:27:47,UNVR,RG,4770,1,D,KK,YP,D
14:27:39,UNVR,RG,4760,20,D,PD,YP,D
14:27:02,UNVR,RG,4770,1,D,PD,YP,D
14:26:56,UNVR,RG,4770,2,D,CC,YP,D
14:26:52,UNVR,RG,4770,1,D,NI,YP,D
14:26:24,UNVR,RG,4770,45,D,PD,YP,D
14:25:25,UNVR,RG,4760,22,D,PD,PD,D
14:24:57,UNVR,RG,4760,8,D,PD,YP,D
14:24:06,UNVR,RG,4760,28,D,PD,YP,D
14:24:00,UNVR,RG,4760,60,D,PD,OD,D
14:24:00,UNVR,RG,4760,2,D,YP,OD,D
14:24:00,UNVR,RG,4760,2,D,XC,OD,D
14:24:00,UNVR,RG,4760,6,D,YP,OD,D
14:24:00,UNVR,RG,4760,10,D,CD,OD,D
14:24:00,UNVR,RG,4760,1,D,PD,OD,D
14:24:00,UNVR,RG,4760,3,D,YU,OD,D
14:24:00,UNVR,RG,4760,1,D,YU,OD,D
14:24:00,UNVR,RG,4760,6,D,YP,OD,D
14:23:06,UNVR,RG,4760,1,D,YP,YP,D
14:22:59,UNVR,RG,4760,5,D,YP,NI,D
14:22:39,UNVR,RG,4770,2,D,XL,YP,D
14:22:28,UNVR,RG,4770,222,D,PD,YP,D
14:20:54,UNVR,RG,4780,8,D,PD,ZP,D
14:20:53,UNVR,RG,4770,100,D,PD,DR,D
14:20:53,UNVR,RG,4770,2,D,PD,HP,D
14:20:53,UNVR,RG,4770,1,D,PD,XC,D
14:19:20,UNVR,RG,4770,1,D,YP,XC,D
14:19:10,UNVR,RG,4770,1,D,XC,XC,D
14:18:57,UNVR,RG,4770,1,D,EP,XC,D
14:18:50,UNVR,RG,4770,99,D,EP,RX,D
14:18:50,UNVR,RG,4770,1,D,BQ,RX,D
14:18:42,UNVR,RG,4770,2,D,BQ,RX,D
14:18:42,UNVR,RG,4770,1,F,AK,RX,D
14:18:23,UNVR,RG,4770,57,F,AK,RX,D
14:18:23,UNVR,RG,4770,1,D,YP,RX,D
14:18:23,UNVR,RG,4770,14,D,YP,RX,D
14:17:51,UNVR,RG,4770,1,F,AK,YP,D
14:17:51,UNVR,RG,4770,2,F,AK,IF,D
14:17:51,UNVR,RG,4770,5,F,AK,IF,D
14:17:51,UNVR,RG,4770,1,D,PD,IF,D
14:17:51,UNVR,RG,4770,7,D,PD,DP,D
14:17:51,UNVR,RG,4770,214,D,PD,RX,D
14:16:53,UNVR,RG,4770,5,D,KK,RX,D
14:15:43,UNVR,RG,4770,81,D,PD,RX,D
14:15:43,UNVR,RG,4770,7,D,PD,DP,D
14:15:43,UNVR,RG,4770,2,D,PD,XC,D
14:15:43,UNVR,RG,4770,21,D,PD,KK,D
14:15:22,UNVR,RG,4760,1,D,YP,NI,D
14:15:06,UNVR,RG,4760,10,D,YP,PD,D
14:14:33,UNVR,RG,4760,6,D,YP,IF,D
14:14:31,UNVR,RG,4760,10,D,YP,PD,D
14:14:26,UNVR,RG,4760,16,D,YP,CC,D
14:14:26,UNVR,RG,4760,1,D,CC,CC,D
14:14:26,UNVR,RG,4760,1,D,CC,CC,D
14:14:26,UNVR,RG,4760,1,D,PD,CC,D
14:14:26,UNVR,RG,4760,1,D,YU,CC,D
14:14:17,UNVR,RG,4760,1,D,YP,AT,D
14:14:17,UNVR,RG,4760,1,D,SQ,AT,D
14:14:17,UNVR,RG,4760,1,D,CC,AT,D
14:14:17,UNVR,RG,4760,4,D,PD,AT,D
14:14:12,UNVR,RG,4770,14,F,YU,KK,D
14:13:23,UNVR,RG,4760,1,D,PD,NI,D
14:12:45,UNVR,RG,4760,5,D,PD,PD,D
14:12:45,UNVR,RG,4760,5,D,DR,PD,D
14:12:45,UNVR,RG,4760,2,D,PD,PD,D
14:12:45,UNVR,RG,4760,1,D,NI,PD,D
14:12:45,UNVR,RG,4760,1,D,PD,PD,D
14:11:37,UNVR,RG,4770,1,D,YP,KK,D
14:11:35,UNVR,RG,4770,1,D,XC,KK,D
14:11:22,UNVR,RG,4770,23,F,AK,KK,D
14:11:22,UNVR,RG,4770,1,D,CC,KK,D
14:11:22,UNVR,RG,4770,1,D,KK,KK,D
14:11:22,UNVR,RG,4770,1,D,YP,KK,D
14:11:22,UNVR,RG,4770,37,F,AK,KK,D
14:10:49,UNVR,RG,4770,5,F,AK,PD,D
14:10:14,UNVR,RG,4780,2,D,XC,OD,D
14:10:07,UNVR,RG,4780,7,D,PD,OD,D
14:10:07,UNVR,RG,4780,8,D,PD,IF,D
14:10:07,UNVR,RG,4780,1,D,PD,XC,D
14:10:07,UNVR,RG,4780,1,D,PD,YP,D
14:10:07,UNVR,RG,4780,1,D,PD,CC,D
14:10:07,UNVR,RG,4780,10,D,PD,CC,D
14:10:07,UNVR,RG,4780,83,D,PD,YU,D
14:09:26,UNVR,RG,4780,3,F,YP,YU,D
14:08:15,UNVR,RG,4770,11,F,AK,CC,D
14:07:59,UNVR,RG,4780,11,F,YU,YU,D
14:07:59,UNVR,RG,4780,3,D,PD,YU,D
14:07:59,UNVR,RG,4780,5,D,PD,LG,D
14:07:58,UNVR,RG,4770,163,D,PD,RX,D
14:07:58,UNVR,RG,4770,8,D,PD,IF,D
14:07:58,UNVR,RG,4770,4,D,PD,CC,D
14:07:58,UNVR,RG,4770,12,D,PD,OD,D
14:07:58,UNVR,RG,4770,27,D,PD,BK,F
14:07:54,UNVR,RG,4770,8,F,AK,BK,F
14:07:54,UNVR,RG,4770,6,F,AK,BK,F
14:07:54,UNVR,RG,4770,31,F,YP,BK,F
14:07:46,UNVR,RG,4770,21,D,YP,BK,F
14:06:39,UNVR,RG,4760,1,D,YP,NI,D
14:06:18,UNVR,RG,4770,2,D,XC,BK,F
14:05:22,UNVR,RG,4770,7,D,CC,BK,F
14:04:06,UNVR,RG,4770,61,F,AK,BK,F
14:04:06,UNVR,RG,4780,5,D,YP,LG,D
14:04:06,UNVR,RG,4780,2,D,YP,YP,D
14:04:06,UNVR,RG,4780,91,D,YP,CC,D
14:03:25,UNVR,RG,4780,109,D,PD,CC,D
14:03:25,UNVR,RG,4780,10,D,PD,LG,D
14:03:25,UNVR,RG,4780,3,D,PD,DH,D
14:03:25,UNVR,RG,4780,1,D,PD,IF,D
14:03:25,UNVR,RG,4780,1,D,PD,XC,D
14:03:25,UNVR,RG,4780,93,D,PD,OD,D
14:03:25,UNVR,RG,4770,5,D,PD,DP,D
14:03:05,UNVR,RG,4770,2,D,EP,DP,D
14:02:30,UNVR,RG,4780,1,D,PD,OD,D
14:02:29,UNVR,RG,4770,433,D,PD,RX,D
14:02:29,UNVR,RG,4770,3,D,PD,OD,D
14:02:29,UNVR,RG,4770,7,D,PD,IF,D
14:02:25,UNVR,RG,4760,2,D,PD,AI,D
14:02:25,UNVR,RG,4760,1,D,SQ,AI,D
14:02:25,UNVR,RG,4760,2,D,PD,AI,D
14:02:25,UNVR,RG,4760,5,D,PD,AI,D
14:02:11,UNVR,RG,4770,1,D,PD,IF,D
14:01:52,UNVR,RG,4770,3,D,PD,RX,D
14:01:07,UNVR,RG,4780,1,D,PD,OD,D
14:01:06,UNVR,RG,4770,140,D,PD,RX,D
14:01:06,UNVR,RG,4770,1,D,PD,YP,D
14:01:06,UNVR,RG,4770,1,D,PD,XC,D
14:01:06,UNVR,RG,4770,79,D,PD,RX,D
14:00:13,UNVR,RG,4760,1,D,PD,NI,D
14:00:13,UNVR,RG,4760,2,D,YB,NI,D
14:00:13,UNVR,RG,4760,2,D,PD,NI,D
13:58:53,UNVR,RG,4760,1,D,PD,AZ,D
13:58:40,UNVR,RG,4760,1,F,AK,YP,D
13:58:40,UNVR,RG,4760,63,F,AK,BK,F
13:58:39,UNVR,RG,4760,100,D,GR,BK,F
13:58:05,UNVR,RG,4770,21,D,PD,RX,D
13:58:05,UNVR,RG,4770,200,D,PD,RX,D
13:58:05,UNVR,RG,4770,1,D,PD,XL,D
13:57:49,UNVR,RG,4750,1,D,YU,CC,D
13:57:29,UNVR,RG,4760,10,D,PD,RX,D
13:57:29,UNVR,RG,4760,43,F,AK,RX,D
13:57:29,UNVR,RG,4760,1,D,XC,RX,D
13:57:29,UNVR,RG,4760,3,D,PD,RX,D
13:57:29,UNVR,RG,4760,1,D,YP,RX,D
13:57:29,UNVR,RG,4760,1,F,CC,RX,D
13:57:29,UNVR,RG,4760,170,D,CC,RX,D
13:57:29,UNVR,RG,4760,1,D,YB,RX,D
13:57:29,UNVR,RG,4760,100,D,YP,RX,D
13:56:55,UNVR,RG,4770,1,D,SQ,LG,D
13:56:50,UNVR,RG,4770,1,D,KK,RX,D
13:56:44,UNVR,RG,4780,10,D,DR,OD,D
13:56:41,UNVR,RG,4770,1,D,PD,RX,D
13:56:18,UNVR,RG,4770,4,D,PD,RX,D
13:56:18,UNVR,RG,4770,5,D,PD,IF,D
13:56:11,UNVR,RG,4770,1,D,YP,IF,D
13:56:02,UNVR,RG,4770,1,D,YP,IF,D
13:55:56,UNVR,RG,4770,1,D,CC,IF,D
13:55:48,UNVR,RG,4780,20,D,YP,OD,D
13:55:06,UNVR,RG,4780,110,D,PD,OD,D
13:55:06,UNVR,RG,4780,2,D,PD,CC,D
13:55:06,UNVR,RG,4780,25,D,PD,AI,D
13:55:06,UNVR,RG,4780,2,D,PD,XC,D
13:55:06,UNVR,RG,4780,5,D,PD,NI,D
13:55:06,UNVR,RG,4780,1,D,PD,CC,D
13:55:06,UNVR,RG,4780,2,D,PD,AZ,D
13:55:06,UNVR,RG,4780,11,D,PD,XC,D
13:55:06,UNVR,RG,4780,5,D,PD,PD,D
13:55:06,UNVR,RG,4780,30,D,PD,PD,D
13:55:06,UNVR,RG,4780,25,D,PD,PD,D
13:55:06,UNVR,RG,4780,1,D,PD,YP,D
13:55:06,UNVR,RG,4780,1,D,PD,XC,D
13:55:06,UNVR,RG,4780,2,D,PD,PD,D
13:54:10,UNVR,RG,4770,4,D,CC,RX,D
13:54:07,UNVR,RG,4770,1,D,XL,HP,D
13:54:04,UNVR,RG,4770,1,D,CC,HP,D
13:53:32,UNVR,RG,4770,1,D,CC,RX,D
13:53:26,UNVR,RG,4780,1,D,CC,GR,D
13:53:22,UNVR,RG,4770,1,D,NI,RX,D
13:53:19,UNVR,RG,4770,1,D,YB,RX,D
13:53:10,UNVR,RG,4770,1,D,KK,RX,D
13:53:10,UNVR,RG,4770,19,D,KK,RX,D
13:53:10,UNVR,RG,4770,1,D,EP,RX,D
13:52:51,UNVR,RG,4770,27,D,EP,RX,D
13:52:51,UNVR,RG,4770,5,D,EP,XC,D
13:52:51,UNVR,RG,4770,2,D,EP,YP,D
13:52:51,UNVR,RG,4770,5,D,EP,YP,D
13:52:51,UNVR,RG,4770,42,D,EP,YP,D
13:52:51,UNVR,RG,4770,118,D,EP,BK,F
13:52:35,UNVR,RG,4770,1,D,OD,BK,F
13:52:11,UNVR,RG,4770,44,D,PD,BK,F
13:52:11,UNVR,RG,4770,1,D,PD,CC,D
13:52:11,UNVR,RG,4770,3,D,PD,KK,D
13:52:11,UNVR,RG,4770,10,D,PD,LG,D
13:52:11,UNVR,RG,4770,8,D,PD,PD,D
13:52:11,UNVR,RG,4770,11,D,PD,PD,D
13:52:11,UNVR,RG,4770,3,D,PD,EP,D
13:52:11,UNVR,RG,4770,126,D,PD,RX,D
13:52:10,UNVR,RG,4760,10,D,PD,DR,D
13:52:10,UNVR,RG,4760,6,D,PD,IF,D
13:51:39,UNVR,RG,4760,1,D,XC,IF,D
13:51:37,UNVR,RG,4760,1,D,YB,IF,D
13:51:25,UNVR,RG,4770,2,D,PD,RX,D
13:51:16,UNVR,RG,4770,2,D,PD,RX,D
13:50:09,UNVR,RG,4770,2,D,PD,RX,D
13:50:07,UNVR,RG,4750,9,D,YU,EP,D
13:50:07,UNVR,RG,4750,2,D,YP,EP,D
13:50:07,UNVR,RG,4750,53,D,SQ,EP,D
13:50:07,UNVR,RG,4750,53,F,AK,EP,D
13:49:34,UNVR,RG,4770,3,D,KK,RX,D
13:49:19,UNVR,RG,4770,65,D,PD,RX,D
13:49:19,UNVR,RG,4770,1,D,PD,DR,D
13:49:19,UNVR,RG,4770,50,D,PD,IF,D
13:49:19,UNVR,RG,4770,2,D,PD,XC,D
13:49:19,UNVR,RG,4770,1,D,PD,XC,D
13:49:19,UNVR,RG,4770,5,D,PD,PD,D
13:49:19,UNVR,RG,4770,5,D,PD,DR,D
13:49:19,UNVR,RG,4770,5,D,PD,YP,D
13:49:19,UNVR,RG,4770,4,D,PD,YP,D
13:49:18,UNVR,RG,4760,6,D,PD,DP,D
13:49:18,UNVR,RG,4760,10,D,PD,LG,D
13:49:18,UNVR,RG,4760,9,D,PD,YP,F
13:49:18,UNVR,RG,4760,55,D,PD,YP,D
13:49:17,UNVR,RG,4750,2,D,PD,XL,D
13:49:17,UNVR,RG,4750,2,D,PD,DP,D
13:49:12,UNVR,RG,4740,4,D,NI,YP,D
13:49:12,UNVR,RG,4750,1,D,XC,DP,D
13:49:12,UNVR,RG,4750,2,D,PD,DP,D
13:48:54,UNVR,RG,4750,2,D,PD,DP,D
13:48:46,UNVR,RG,4740,4,D,NI,PD,D
13:48:46,UNVR,RG,4740,200,D,NI,ZP,D
13:48:24,UNVR,RG,4740,3,D,NI,YP,D
13:48:24,UNVR,RG,4740,35,D,NI,XA,D
13:48:04,UNVR,RG,4740,20,D,NI,ZP,F
13:48:03,UNVR,RG,4740,7,D,NI,ZP,F
13:48:03,UNVR,RG,4740,10,D,NI,PD,D
13:48:03,UNVR,RG,4740,318,D,NI,YP,D
13:48:03,UNVR,RG,4750,3,D,XC,YP,D
13:48:03,UNVR,RG,4750,50,D,PD,YP,D
13:48:03,UNVR,RG,4750,25,D,YP,YP,D
13:48:03,UNVR,RG,4750,42,D,YP,YP,D
13:48:03,UNVR,RG,4750,1,D,XL,YP,D
13:48:03,UNVR,RG,4750,20,D,YP,YP,D
13:48:03,UNVR,RG,4750,1,D,XC,YP,D
13:48:03,UNVR,RG,4750,10,D,XC,YP,D
13:48:03,UNVR,RG,4750,1,D,PD,YP,D
13:48:03,UNVR,RG,4750,4,D,YU,YP,D
13:48:03,UNVR,RG,4750,50,D,YU,YP,D
13:48:03,UNVR,RG,4750,100,D,YU,YP,D
13:48:03,UNVR,RG,4750,1,D,YP,YP,D
13:48:03,UNVR,RG,4750,5,D,YP,YP,D
13:48:03,UNVR,RG,4750,10,D,XL,YP,D
13:48:03,UNVR,RG,4750,1,D,AO,YP,D
13:48:03,UNVR,RG,4750,3,D,YP,YP,D
13:48:03,UNVR,RG,4750,59,D,XC,YP,D
13:48:03,UNVR,RG,4750,1,D,KK,YP,D
13:48:03,UNVR,RG,4750,63,D,YP,YP,D
13:48:03,UNVR,RG,4750,5,D,GR,YP,D
13:48:03,UNVR,RG,4750,5,D,PD,YP,D
13:48:03,UNVR,RG,4750,5,D,PD,YP,D
13:48:03,UNVR,RG,4750,5,D,OD,YP,D
13:48:03,UNVR,RG,4750,50,D,YJ,YP,D
13:48:03,UNVR,RG,4750,1,D,AT,YP,D
13:48:03,UNVR,RG,4750,20,D,CC,YP,D
13:48:03,UNVR,RG,4750,20,D,PD,YP,D
13:46:23,UNVR,RG,4750,1,D,PD,ZP,F
13:46:23,UNVR,RG,4760,46,D,PD,YP,D
13:46:23,UNVR,RG,4760,1,D,PD,ZP,F
13:46:23,UNVR,RG,4760,8,D,PD,IF,D
13:46:23,UNVR,RG,4760,16,D,PD,ZP,F
13:46:23,UNVR,RG,4760,151,D,PD,BK,F
13:45:37,UNVR,RG,4760,10,D,CC,BK,F
13:45:22,UNVR,RG,4760,1,D,IF,BK,F
13:45:04,UNVR,RG,4760,1,D,CC,BK,F
13:43:40,UNVR,RG,4770,101,D,PD,YP,D
13:43:40,UNVR,RG,4770,2,D,PD,XC,D
13:43:40,UNVR,RG,4770,33,D,PD,YP,D
13:43:40,UNVR,RG,4770,15,D,PD,YP,D
13:43:39,UNVR,RG,4760,2,D,PD,ZP,D
13:43:39,UNVR,RG,4760,27,D,PD,TP,D
13:43:39,UNVR,RG,4760,8,D,PD,IF,D
13:43:39,UNVR,RG,4760,12,D,PD,ZP,F
13:43:39,UNVR,RG,4760,22,D,PD,RX,D
13:42:26,UNVR,RG,4760,5,D,PD,RX,D
13:41:05,UNVR,RG,4760,2,D,YP,RX,D
13:40:58,UNVR,RG,4750,2,D,PD,ZP,F
13:40:58,UNVR,RG,4750,4,D,PD,ZP,F
13:40:57,UNVR,RG,4760,100,D,EP,RX,D
13:40:55,UNVR,RG,4750,4,D,PD,ZP,F
13:40:55,UNVR,RG,4760,13,D,YP,RX,D
13:40:55,UNVR,RG,4760,58,F,AK,RX,D
13:40:46,UNVR,RG,4770,12,D,PD,YP,D
13:40:46,UNVR,RG,4770,1,D,PD,YP,D
13:40:45,UNVR,RG,4760,3,D,PD,ZP,F
13:40:45,UNVR,RG,4760,200,D,PD,RX,D
13:40:45,UNVR,RG,4760,1,D,PD,ZP,F
13:40:45,UNVR,RG,4760,5,D,PD,IF,D
13:40:42,UNVR,RG,4760,3,D,YP,IF,D
13:40:42,UNVR,RG,4760,1,D,YP,ZP,F
13:40:42,UNVR,RG,4760,6,D,YP,LG,D
13:40:20,UNVR,RG,4760,1,D,PD,LG,D
13:40:10,UNVR,RG,4760,3,D,YP,LG,D
13:40:10,UNVR,RG,4760,1,D,YP,CC,D
13:40:10,UNVR,RG,4760,5,D,YP,XL,D
13:40:10,UNVR,RG,4760,1,D,YP,BK,F
13:39:43,UNVR,RG,4750,3,D,PD,XL,D
13:37:28,UNVR,RG,4760,1,D,CC,BK,F
13:37:12,UNVR,RG,4760,161,D,PD,BK,F
13:37:12,UNVR,RG,4760,13,D,PD,ZP,F
13:37:12,UNVR,RG,4760,5,D,PD,CC,D
13:37:12,UNVR,RG,4760,2,D,PD,PD,D
13:37:12,UNVR,RG,4760,7,D,PD,PD,D
13:37:12,UNVR,RG,4760,4,D,PD,XL,D
13:37:12,UNVR,RG,4760,1,D,PD,XC,D
13:37:12,UNVR,RG,4760,20,D,PD,AT,D
13:37:12,UNVR,RG,4760,1,D,PD,YP,D
13:37:12,UNVR,RG,4760,8,D,PD,NI,D
13:36:54,UNVR,RG,4750,20,D,PD,YP,D
13:36:22,UNVR,RG,4750,6,D,PD,IF,D
13:36:22,UNVR,RG,4750,1,D,YP,IF,D
13:36:22,UNVR,RG,4750,1,D,PD,IF,D
13:35:30,UNVR,RG,4750,1,D,XC,NI,D
13:35:21,UNVR,RG,4750,1,D,CC,ZP,F
13:35:16,UNVR,RG,4740,1,D,NI,YP,D
13:35:15,UNVR,RG,4750,3,D,PD,YP,D
13:35:15,UNVR,RG,4750,6,D,PD,DP,D
13:34:38,UNVR,RG,4750,1,D,BQ,DP,D
13:34:06,UNVR,RG,4740,6,D,NI,ZP,F
13:34:06,UNVR,RG,4760,88,D,PD,NI,D
13:34:05,UNVR,RG,4750,1,D,PD,XC,D
13:34:05,UNVR,RG,4750,3,D,PD,ZP,F
13:34:05,UNVR,RG,4750,27,D,PD,CC,D
13:34:05,UNVR,RG,4750,1,D,PD,CC,D
13:34:05,UNVR,RG,4750,9,D,PD,ZP,F
13:34:05,UNVR,RG,4750,7,D,PD,DP,D
13:34:05,UNVR,RG,4750,86,D,PD,RX,D
13:33:14,UNVR,RG,4750,4,D,BQ,RX,D
13:32:06,UNVR,RG,4740,18,D,NI,DR,D
13:31:38,UNVR,RG,4740,3,D,NI,ZP,F
13:31:33,UNVR,RG,4740,3,D,NI,ZP,F
13:31:33,UNVR,RG,4750,10,D,CC,RX,D
13:31:33,UNVR,RG,4750,2,D,XC,RX,D
13:31:33,UNVR,RG,4750,2,D,XL,RX,D
13:31:33,UNVR,RG,4750,1,D,XL,RX,D
13:31:33,UNVR,RG,4750,1,D,XC,RX,D
13:31:33,UNVR,RG,4750,1,D,XC,RX,D
13:31:33,UNVR,RG,4750,1,D,XC,RX,D
13:31:33,UNVR,RG,4750,1,D,XC,RX,D
13:31:33,UNVR,RG,4750,1,D,XC,RX,D
13:31:33,UNVR,RG,4750,5,D,XC,RX,D
13:31:33,UNVR,RG,4750,30,D,CC,RX,D
13:31:33,UNVR,RG,4750,1,D,XL,RX,D
13:31:33,UNVR,RG,4750,6,D,XL,RX,D
13:31:33,UNVR,RG,4750,6,D,CC,RX,D
13:31:33,UNVR,RG,4750,2,D,XC,RX,D
13:31:33,UNVR,RG,4750,3,D,XL,RX,D
13:31:33,UNVR,RG,4750,19,D,XL,RX,D
13:31:33,UNVR,RG,4750,18,D,YP,RX,D
13:31:28,UNVR,RG,4750,3,D,YP,ZP,F
13:31:27,UNVR,RG,4750,29,D,YP,XC,D
13:31:08,UNVR,RG,4750,1,D,XL,YP,D
13:31:01,UNVR,RG,4750,7,D,XL,YU,D
13:31:01,UNVR,RG,4750,1,D,CC,YU,D
13:31:01,UNVR,RG,4750,4,D,YP,YU,D
13:31:01,UNVR,RG,4750,8,D,YP,YU,D
13:30:44,UNVR,RG,4750,4,D,YP,ZP,F
13:30:43,UNVR,RG,4760,4,D,CP,NI,D
13:30:43,UNVR,RG,4760,66,D,CP,YP,D
13:30:37,UNVR,RG,4750,9,D,YP,XC,D
13:30:04,UNVR,RG,4750,6,D,YP,ZP,F
13:30:04,UNVR,RG,4750,5,D,YP,XC,D
13:30:04,UNVR,RG,4750,2,D,YP,XL,D
13:30:03,UNVR,RG,4750,8,D,YP,XC,D
13:30:03,UNVR,RG,4750,6,D,YP,XC,D
13:30:03,UNVR,RG,4750,9,D,YP,XC,D
13:30:03,UNVR,RG,4750,1,D,YP,XC,D
13:30:03,UNVR,RG,4750,2,D,YP,XC,D
13:30:03,UNVR,RG,4750,1,D,YP,ZP,F
13:30:02,UNVR,RG,4750,1,D,YP,XL,D
13:30:02,UNVR,RG,4750,2,D,YP,LG,D
13:30:02,UNVR,RG,4750,3,D,YP,XC,D
13:30:02,UNVR,RG,4750,3,D,YP,ZP,F
13:30:02,UNVR,RG,4750,3,D,YP,ZP,F
13:30:02,UNVR,RG,4750,46,D,YP,YP,D
13:30:02,UNVR,RG,4750,2,D,YP,ZP,F
13:30:02,UNVR,RG,4750,1,D,YP,PD,D
13:30:02,UNVR,RG,4750,1,D,YP,CC,D
13:30:02,UNVR,RG,4750,7,D,YP,ZP,F
13:30:02,UNVR,RG,4750,2,D,YP,PD,D
13:30:02,UNVR,RG,4750,78,D,YP,PD,D
13:30:01,UNVR,RG,4740,41,D,NI,NI,F
13:30:01,UNVR,RG,4750,6,D,YP,PD,D
13:30:01,UNVR,RG,4740,1,D,NI,YP,D
13:30:01,UNVR,RG,4740,1,D,NI,YP,D
13:30:01,UNVR,RG,4740,1,D,NI,PD,D
13:30:01,UNVR,RG,4750,1,D,PD,PD,D
13:30:01,UNVR,RG,4750,1,D,PD,PD,D
13:30:01,UNVR,RG,4750,1,D,PD,PD,D
13:30:01,UNVR,RG,4750,2,D,CC,PD,D
13:30:01,UNVR,RG,4740,8,D,NI,PD,D
13:30:01,UNVR,RG,4740,4,D,NI,YP,D
13:30:01,UNVR,RG,4750,2,D,YP,PD,D
13:30:01,UNVR,RG,4740,2,D,NI,PD,D
13:30:01,UNVR,RG,4750,1,D,YP,PD,D
13:30:01,UNVR,RG,4750,1,D,PD,PD,D
13:30:01,UNVR,RG,4750,5,D,PD,PD,D
13:30:01,UNVR,RG,4750,2,D,PD,PD,D
13:30:01,UNVR,RG,4750,1,D,PD,PD,D
13:30:01,UNVR,RG,4750,1,D,PD,PD,D
13:30:01,UNVR,RG,4740,4,D,NI,PD,D
13:30:01,UNVR,RG,4750,1,D,DH,PD,D
13:30:01,UNVR,RG,4750,1,D,KK,PD,D
13:30:01,UNVR,RG,4750,2,D,PD,PD,D
13:30:01,UNVR,RG,4750,7,D,NI,PD,D
13:30:01,UNVR,RG,4750,2,D,KK,PD,D
13:30:01,UNVR,RG,4750,1,D,KK,KK,D
13:30:01,UNVR,RG,4750,6,D,KK,DH,D
13:30:01,UNVR,RG,4750,4,D,KK,DH,D
13:30:01,UNVR,RG,4750,20,D,KK,SQ,D
13:30:00,UNVR,RG,4750,8,D,KK,SQ,D
13:30:00,UNVR,RG,4750,4,D,KK,SQ,D
13:30:00,UNVR,RG,4750,30,D,KK,TF,D
13:30:00,UNVR,RG,4750,20,D,KK,KK,D
13:30:00,UNVR,RG,4750,1,D,KK,YP,D
13:30:00,UNVR,RG,4750,62,D,KK,HP,D
13:30:00,UNVR,RG,4750,17,D,KK,RX,D
11:29:55,UNVR,RG,4750,2,D,PD,RX,D
11:29:50,UNVR,RG,4750,2,D,YP,RX,D
11:29:30,UNVR,RG,4750,1,D,YP,RX,D
11:29:12,UNVR,RG,4750,1,D,XC,RX,D
11:29:04,UNVR,RG,4750,1,D,NI,RX,D
11:28:56,UNVR,RG,4750,1,D,XC,RX,D
11:28:50,UNVR,RG,4750,1,D,YP,RX,D
11:28:44,UNVR,RG,4750,1,D,XC,RX,D
11:28:29,UNVR,RG,4750,1,D,SQ,RX,D
11:28:29,UNVR,RG,4750,1,D,XC,RX,D
11:28:29,UNVR,RG,4750,10,D,EP,RX,D
11:28:29,UNVR,RG,4750,3,D,PD,RX,D
11:28:29,UNVR,RG,4750,52,D,EP,RX,D
11:27:40,UNVR,RG,4750,19,D,EP,HP,D
11:27:00,UNVR,RG,4750,1,D,EP,YP,D
11:26:59,UNVR,RG,4750,13,D,EP,ZP,F
11:26:59,UNVR,RG,4750,19,D,EP,ZP,F
11:26:59,UNVR,RG,4750,8,D,EP,KK,D
11:26:59,UNVR,RG,4750,88,D,EP,RX,D
11:26:41,UNVR,RG,4740,1,D,NI,PD,D
11:26:38,UNVR,RG,4740,6,D,NI,ZP,F
11:26:38,UNVR,RG,4750,2,D,CP,RX,D
11:26:38,UNVR,RG,4750,100,D,YP,RX,D
11:26:38,UNVR,RG,4750,10,F,AK,RX,D
11:26:22,UNVR,RG,4750,50,F,AK,RX,D
11:26:22,UNVR,RG,4750,1,D,YP,RX,D
11:26:22,UNVR,RG,4750,99,D,YP,RX,D
11:26:04,UNVR,RG,4750,1,D,IF,KK,D
11:26:01,UNVR,RG,4750,1,D,XC,KK,D
11:25:58,UNVR,RG,4750,3,D,XC,RX,D
11:25:58,UNVR,RG,4750,1,D,XC,YP,D
11:25:52,UNVR,RG,4740,4,D,NI,EP,D
11:25:49,UNVR,RG,4750,2,D,DR,XC,D
11:25:49,UNVR,RG,4750,3,D,DR,ZP,F
11:25:47,UNVR,RG,4750,1,D,DH,ZP,F
11:25:46,UNVR,RG,4750,16,D,YP,ZP,F
11:25:46,UNVR,RG,4750,84,D,YP,ZP,D
11:25:29,UNVR,RG,4750,5,D,KK,ZP,D
11:25:05,UNVR,RG,4750,1,D,CC,ZP,D
11:24:41,UNVR,RG,4740,10,D,NI,YP,D
11:23:46,UNVR,RG,4740,1,D,NI,XC,D
11:23:16,UNVR,RG,4750,1,D,XC,ZP,D
11:23:10,UNVR,RG,4740,2,D,NI,PD,D
11:23:06,UNVR,RG,4750,2,D,YP,ZP,D
11:22:35,UNVR,RG,4750,9,D,KK,ZP,D
11:22:30,UNVR,RG,4750,1,D,PD,ZP,D
11:22:27,UNVR,RG,4750,29,D,PD,RX,D
11:22:27,UNVR,RG,4750,1,D,RO,RX,D
11:22:16,UNVR,RG,4750,17,D,RO,RX,D
11:22:16,UNVR,RG,4750,1,D,RO,DP,D
11:22:16,UNVR,RG,4750,1,D,RO,ZP,F
11:21:50,UNVR,RG,4750,4,D,YP,ZP,D
11:21:50,UNVR,RG,4750,6,D,YP,ZP,F
11:21:50,UNVR,RG,4750,40,D,YP,BK,F
11:21:43,UNVR,RG,4750,124,D,YP,BK,F
11:21:43,UNVR,RG,4750,1,D,YP,YP,D
11:21:43,UNVR,RG,4750,1,D,YP,DP,D
11:21:43,UNVR,RG,4750,12,D,YP,ZP,F
11:21:43,UNVR,RG,4750,12,D,YP,ZP,F
11:21:07,UNVR,RG,4750,2,D,XC,ZP,F
11:20:18,UNVR,RG,4750,1,D,XL,ZP,F
11:19:05,UNVR,RG,4750,3,D,PD,ZP,F
11:19:05,UNVR,RG,4750,151,D,PD,BK,F
11:18:18,UNVR,RG,4750,1,D,EP,BK,F
11:15:48,UNVR,RG,4740,7,D,NI,ZP,F
11:15:48,UNVR,RG,4750,12,D,YP,BK,F
11:15:48,UNVR,RG,4750,21,D,YP,XC,D
11:15:48,UNVR,RG,4750,5,D,YP,CC,D
11:15:48,UNVR,RG,4750,1,D,YP,YP,D
11:15:48,UNVR,RG,4750,2,D,YP,DP,D
11:15:48,UNVR,RG,4750,19,D,YP,ZP,F
11:15:34,UNVR,RG,4750,1,D,YP,ZP,F
11:15:26,UNVR,RG,4740,5,D,NI,ZP,F
11:15:26,UNVR,RG,4740,60,D,NI,YP,D
11:15:12,UNVR,RG,4740,2,D,NI,ZP,F
11:15:12,UNVR,RG,4750,2,D,KK,ZP,F
11:15:07,UNVR,RG,4740,15,D,NI,ZP,F
11:15:07,UNVR,RG,4740,123,D,NI,ZP,F
11:15:07,UNVR,RG,4740,1087,D,NI,YP,D
11:14:43,UNVR,RG,4750,11,D,XC,ZP,F
11:14:43,UNVR,RG,4750,10,D,XC,BK,F
11:14:28,UNVR,RG,4750,2,D,YP,BK,F
11:14:23,UNVR,RG,4740,5,D,NI,ZP,F
11:14:22,UNVR,RG,4740,2,D,NI,ZP,F
11:14:22,UNVR,RG,4750,36,D,YP,BK,F
11:14:20,UNVR,RG,4750,10,D,AZ,BK,F
11:14:12,UNVR,RG,4740,1,D,NI,NI,D
11:13:46,UNVR,RG,4740,7,D,NI,ZP,F
11:13:44,UNVR,RG,4750,50,D,LG,BK,F
11:13:36,UNVR,RG,4740,2,D,NI,DP,D
11:13:34,UNVR,RG,4740,1,D,NI,DP,D
11:13:31,UNVR,RG,4740,1,D,NI,XC,D
11:13:15,UNVR,RG,4740,1,D,NI,PD,D
11:12:56,UNVR,RG,4740,1,D,NI,YP,D
11:12:54,UNVR,RG,4750,1,D,PD,BK,F
11:12:50,UNVR,RG,4740,4,D,NI,ZP,F
11:12:50,UNVR,RG,4740,27,D,NI,XL,D
11:12:38,UNVR,RG,4740,9,D,NI,ZP,F
11:12:38,UNVR,RG,4750,55,F,AK,BK,F
11:12:38,UNVR,RG,4750,5,F,AK,DP,D
11:12:34,UNVR,RG,4740,1,D,NI,ZP,F
11:12:34,UNVR,RG,4740,1,D,YP,ZP,F
11:12:34,UNVR,RG,4740,8,D,PD,ZP,F
11:12:34,UNVR,RG,4740,12,D,PD,ZP,F
11:12:34,UNVR,RG,4740,1,D,YP,ZP,F
11:12:34,UNVR,RG,4740,1,D,YP,ZP,F
11:12:34,UNVR,RG,4740,2,D,YP,ZP,F
11:12:34,UNVR,RG,4740,25,D,CC,ZP,F
11:12:34,UNVR,RG,4740,1,D,CC,ZP,F
11:12:34,UNVR,RG,4740,1,D,XC,ZP,F
11:12:34,UNVR,RG,4740,5,D,DR,ZP,F
11:12:34,UNVR,RG,4740,1,D,XL,ZP,F
11:12:34,UNVR,RG,4740,3,D,XL,ZP,F
11:12:34,UNVR,RG,4740,1,D,YP,ZP,F
11:12:34,UNVR,RG,4740,5,D,PD,CC,D
11:12:34,UNVR,RG,4740,1,D,PD,CC,D
11:12:34,UNVR,RG,4740,4,D,YP,CC,D
11:12:34,UNVR,RG,4740,2,D,XC,CC,D
11:12:34,UNVR,RG,4740,3,D,XC,GR,D
11:12:34,UNVR,RG,4740,7,D,DR,GR,D
11:12:34,UNVR,RG,4740,2,D,YB,XL,D
11:12:34,UNVR,RG,4740,1,D,PD,XL,D
11:12:34,UNVR,RG,4740,7,D,GR,XL,D
11:12:34,UNVR,RG,4740,26,D,GR,NI,D
11:12:34,UNVR,RG,4740,2,D,GR,ZP,F
11:12:34,UNVR,RG,4740,13,D,GR,YB,D
11:12:34,UNVR,RG,4740,2,D,GR,YB,D
11:12:34,UNVR,RG,4740,1,D,DR,YB,D
11:12:33,UNVR,RG,4740,2,D,DR,PD,D
11:12:33,UNVR,RG,4740,4,D,DR,NI,D
11:12:33,UNVR,RG,4750,12,D,XC,BK,F
11:12:33,UNVR,RG,4750,25,D,LG,BK,F
11:12:33,UNVR,RG,4750,60,D,CC,BK,F
11:12:33,UNVR,RG,4750,1,D,PD,BK,F
11:12:33,UNVR,RG,4750,1,D,PD,BK,F
11:12:33,UNVR,RG,4750,3,D,YP,BK,F
11:12:33,UNVR,RG,4750,1,D,CC,BK,F
11:12:33,UNVR,RG,4750,1,D,XC,BK,F
11:12:33,UNVR,RG,4750,5,D,CC,BK,F
11:12:33,UNVR,RG,4750,50,D,YP,BK,F
11:12:33,UNVR,RG,4750,5,D,NI,BK,F
11:12:33,UNVR,RG,4750,1,D,CC,BK,F
11:12:33,UNVR,RG,4750,2,D,XC,BK,F
11:12:33,UNVR,RG,4750,1,D,KK,BK,F
11:12:33,UNVR,RG,4750,50,D,PD,BK,F
11:12:33,UNVR,RG,4750,10,D,XC,BK,F
11:12:33,UNVR,RG,4750,1,D,YP,BK,F
11:12:33,UNVR,RG,4750,1,D,XC,BK,F
11:12:33,UNVR,RG,4750,22,D,PD,BK,F
11:12:33,UNVR,RG,4750,1,D,XC,BK,F
11:12:33,UNVR,RG,4750,10,D,HP,BK,F
11:12:33,UNVR,RG,4750,1,D,SQ,BK,F
11:12:33,UNVR,RG,4750,3,D,XC,BK,F
11:12:33,UNVR,RG,4750,1,D,XC,BK,F
11:12:33,UNVR,RG,4750,8,D,CD,BK,F
11:12:33,UNVR,RG,4750,3,D,PD,BK,F
11:12:33,UNVR,RG,4750,5,D,YP,BK,F
11:12:33,UNVR,RG,4750,10,D,AZ,BK,F
11:12:33,UNVR,RG,4750,10,D,OD,BK,F
11:12:33,UNVR,RG,4750,50,D,CC,BK,F
11:12:33,UNVR,RG,4750,41,F,AK,BK,F
11:12:33,UNVR,RG,4750,2,D,XL,BK,F
11:12:33,UNVR,RG,4750,1,D,PD,BK,F
11:12:33,UNVR,RG,4750,10,D,XC,BK,F
11:12:33,UNVR,RG,4750,1,D,PD,BK,F
11:12:33,UNVR,RG,4750,1,D,XC,BK,F
11:12:33,UNVR,RG,4750,1,D,NI,BK,F
11:12:31,UNVR,RG,4750,2,D,NI,ZP,F
11:12:31,UNVR,RG,4750,2,D,NI,ZP,F
11:12:31,UNVR,RG,4750,1,D,PD,ZP,F
11:12:31,UNVR,RG,4750,9,D,CC,ZP,F
11:12:31,UNVR,RG,4750,12,D,CC,GR,D
11:12:31,UNVR,RG,4750,1,D,XC,GR,D
11:12:31,UNVR,RG,4750,1,D,LG,GR,D
11:12:31,UNVR,RG,4750,2,D,SQ,GR,D
11:12:31,UNVR,RG,4750,1,D,OD,GR,D
11:12:31,UNVR,RG,4750,2,D,YP,GR,D
11:12:31,UNVR,RG,4750,1,D,XC,GR,D
11:12:31,UNVR,RG,4750,1,D,XC,GR,D
11:12:31,UNVR,RG,4750,79,D,YP,GR,D
11:12:11,UNVR,RG,4750,3,D,YP,ZP,F
11:12:11,UNVR,RG,4750,18,D,YP,ZP,F
11:12:11,UNVR,RG,4750,7,D,YP,ZP,F
11:12:10,UNVR,RG,4750,14,D,YP,GR,D
11:12:10,UNVR,RG,4750,2,D,PD,GR,D
11:12:10,UNVR,RG,4750,1,D,XC,GR,D
11:12:10,UNVR,RG,4750,10,D,YP,GR,D
11:12:10,UNVR,RG,4750,1,D,IF,GR,D
11:12:10,UNVR,RG,4750,20,D,YP,GR,D
11:12:10,UNVR,RG,4750,2,D,PD,GR,D
11:12:10,UNVR,RG,4750,1,D,XL,GR,D
11:12:10,UNVR,RG,4750,1,D,PD,GR,D
11:12:10,UNVR,RG,4750,1,D,YP,GR,D
11:12:10,UNVR,RG,4750,1,D,XC,GR,D
11:12:10,UNVR,RG,4750,3,D,CC,GR,D
11:12:10,UNVR,RG,4750,10,D,CC,GR,D
11:12:10,UNVR,RG,4750,1,D,GR,GR,D
11:12:10,UNVR,RG,4750,1,D,YP,GR,D
11:12:10,UNVR,RG,4750,22,D,TP,GR,D
11:12:10,UNVR,RG,4750,5,D,YP,GR,D
11:12:10,UNVR,RG,4750,2,D,XC,GR,D
11:12:10,UNVR,RG,4750,1,D,YP,GR,D
11:12:10,UNVR,RG,4750,1,D,XL,GR,D
11:12:10,UNVR,RG,4750,100,D,AZ,GR,D
11:11:56,UNVR,RG,4750,2,D,AZ,PD,D
11:11:43,UNVR,RG,4750,1,D,AZ,PD,D
11:11:37,UNVR,RG,4750,3,D,AZ,ZP,F
11:11:37,UNVR,RG,4750,24,D,AZ,ZP,F
11:11:35,UNVR,RG,4750,200,D,AZ,RX,D
11:11:26,UNVR,RG,4760,2,D,PD,RX,D
11:10:41,UNVR,RG,4750,2,D,AZ,ZP,F
11:10:37,UNVR,RG,4750,4,D,AZ,DP,D
11:09:57,UNVR,RG,4750,4,D,AZ,YU,D
11:09:52,UNVR,RG,4750,4,D,AZ,ZP,F
11:09:52,UNVR,RG,4750,36,D,AZ,ZP,F
11:09:52,UNVR,RG,4750,67,D,AZ,CC,D
11:09:52,UNVR,RG,4750,27,D,EP,CC,D
11:09:52,UNVR,RG,4750,1,D,XL,CC,D
11:09:52,UNVR,RG,4750,1,D,PD,CC,D
11:09:52,UNVR,RG,4750,10,D,SQ,CC,D
11:09:52,UNVR,RG,4750,2,D,YP,CC,D
11:09:52,UNVR,RG,4750,5,D,CC,CC,D
11:09:52,UNVR,RG,4750,1,D,KK,CC,D
11:09:52,UNVR,RG,4750,1,D,NI,CC,D
11:09:52,UNVR,RG,4750,1,D,NI,CC,D
11:09:52,UNVR,RG,4750,1,D,YP,CC,D
11:09:52,UNVR,RG,4750,1,D,YP,CC,D
11:09:52,UNVR,RG,4750,3,D,XA,CC,D
11:09:52,UNVR,RG,4750,2,D,NI,CC,D
11:09:52,UNVR,RG,4750,50,D,IP,CC,D
11:09:52,UNVR,RG,4750,1,D,PD,CC,D
11:09:52,UNVR,RG,4750,1,D,YP,CC,D
11:09:52,UNVR,RG,4750,1,D,YP,CC,D
11:09:52,UNVR,RG,4750,1,D,GR,CC,D
11:09:52,UNVR,RG,4750,5,D,YP,CC,D
11:09:52,UNVR,RG,4750,5,D,XC,CC,D
11:09:52,UNVR,RG,4750,5,D,NI,CC,D
11:09:52,UNVR,RG,4750,10,D,YP,CC,D
11:09:52,UNVR,RG,4750,2,D,NI,CC,D
11:09:52,UNVR,RG,4750,1,D,XC,CC,D
11:09:52,UNVR,RG,4750,25,D,YP,CC,D
11:09:52,UNVR,RG,4750,3,D,EP,CC,D
11:09:52,UNVR,RG,4750,1,D,YP,CC,D
11:09:52,UNVR,RG,4750,2,D,CC,CC,D
11:09:52,UNVR,RG,4750,1,D,SQ,CC,D
11:09:52,UNVR,RG,4750,1,D,PD,CC,D
11:09:52,UNVR,RG,4750,4,D,NI,CC,D
11:09:52,UNVR,RG,4750,58,D,LG,CC,D
11:09:23,UNVR,RG,4750,3,D,LG,ZP,F
11:09:21,UNVR,RG,4750,10,D,LG,HP,D
11:09:13,UNVR,RG,4750,15,D,LG,ZP,F
11:09:09,UNVR,RG,4750,14,D,LG,AZ,D
11:09:09,UNVR,RG,4750,40,D,YP,AZ,D
11:09:09,UNVR,RG,4750,5,D,DR,AZ,D
11:09:09,UNVR,RG,4750,3,D,PD,AZ,D
11:09:09,UNVR,RG,4750,1,D,AT,AZ,D
11:09:09,UNVR,RG,4750,2,D,PD,AZ,D
11:09:09,UNVR,RG,4750,1,D,OD,AZ,D
11:09:09,UNVR,RG,4750,10,D,DH,AZ,D
11:09:09,UNVR,RG,4750,2,D,YP,AZ,D
11:09:09,UNVR,RG,4750,1,D,XL,AZ,D
11:09:09,UNVR,RG,4750,1,D,IF,AZ,D
11:09:09,UNVR,RG,4750,1,D,PD,AZ,D
11:09:09,UNVR,RG,4750,1,D,XL,AZ,D
11:09:09,UNVR,RG,4750,31,D,CP,AZ,D
11:08:57,UNVR,RG,4750,1,D,CP,PD,D
11:08:55,UNVR,RG,4750,9,D,CP,PD,D
11:08:45,UNVR,RG,4750,2,D,CP,ZP,F
11:08:45,UNVR,RG,4750,9,D,CP,PD,D
11:08:38,UNVR,RG,4750,2,D,CP,ZP,F
11:08:35,UNVR,RG,4750,9,D,CP,PD,D
11:08:25,UNVR,RG,4750,9,D,CP,PD,D
11:08:18,UNVR,RG,4750,2,D,CP,ZP,F
11:08:15,UNVR,RG,4750,9,D,CP,PD,D
11:08:15,UNVR,RG,4760,1,D,YU,RX,D
11:08:08,UNVR,RG,4760,1,D,XL,RX,D
11:08:05,UNVR,RG,4750,2,D,CP,ZP,F
11:08:05,UNVR,RG,4750,9,D,CP,PD,D
11:08:02,UNVR,RG,4750,5,D,CP,PD,D
11:07:55,UNVR,RG,4750,8,D,CP,PD,D
11:07:45,UNVR,RG,4750,2,D,CP,ZP,F
11:07:45,UNVR,RG,4750,9,D,CP,PD,D
11:07:35,UNVR,RG,4750,2,D,CP,ZP,F
11:07:35,UNVR,RG,4750,9,D,CP,PD,D
11:07:25,UNVR,RG,4750,9,D,CP,PD,D
11:07:15,UNVR,RG,4750,2,D,CP,ZP,F
11:07:15,UNVR,RG,4750,9,D,CP,PD,D
11:07:05,UNVR,RG,4750,8,D,CP,PD,D
11:07:03,UNVR,RG,4750,1,D,CP,XL,D
11:06:55,UNVR,RG,4750,2,D,CP,ZP,F
11:06:55,UNVR,RG,4750,9,D,CP,PD,D
11:06:53,UNVR,RG,4750,1,D,CP,NI,D
11:06:45,UNVR,RG,4750,2,D,CP,ZP,F
11:06:45,UNVR,RG,4750,9,D,CP,PD,D
11:06:35,UNVR,RG,4750,9,D,CP,PD,D
11:06:25,UNVR,RG,4750,2,D,CP,ZP,F
11:06:25,UNVR,RG,4750,9,D,CP,PD,D
11:06:22,UNVR,RG,4750,6,D,CP,ZP,F
11:06:22,UNVR,RG,4750,50,D,CP,GR,D
11:06:15,UNVR,RG,4750,2,D,CP,ZP,F
11:06:15,UNVR,RG,4750,8,D,CP,PD,D
11:06:05,UNVR,RG,4750,9,D,CP,PD,D
11:05:59,UNVR,RG,4750,2,D,CP,ZP,F
11:05:59,UNVR,RG,4750,10,D,CP,YU,D
11:05:58,UNVR,RG,4750,2,D,CP,ZP,F
11:05:55,UNVR,RG,4750,9,D,CP,PD,D
11:05:45,UNVR,RG,4750,9,D,CP,PD,D
11:05:38,UNVR,RG,4750,2,D,CP,ZP,F
11:05:35,UNVR,RG,4750,9,D,CP,PD,D
11:05:28,UNVR,RG,4750,2,D,CP,ZP,F
11:05:25,UNVR,RG,4750,8,D,CP,PD,D
11:05:24,UNVR,RG,4750,2,D,CP,AZ,D
11:05:15,UNVR,RG,4750,9,D,CP,PD,D
11:05:05,UNVR,RG,4750,2,D,CP,ZP,F
11:05:05,UNVR,RG,4750,9,D,CP,PD,D
11:04:55,UNVR,RG,4750,9,D,CP,PD,D
11:04:48,UNVR,RG,4750,2,D,CP,ZP,F
11:04:45,UNVR,RG,4750,9,D,CP,PD,D
11:04:37,UNVR,RG,4750,2,D,CP,ZP,F
11:04:35,UNVR,RG,4750,8,D,CP,PD,D
11:04:25,UNVR,RG,4750,9,D,CP,PD,D
11:04:18,UNVR,RG,4750,2,D,CP,ZP,F
11:04:15,UNVR,RG,4750,9,D,CP,PD,D
11:04:05,UNVR,RG,4750,9,D,CP,PD,D
11:03:58,UNVR,RG,4750,2,D,CP,ZP,F
11:03:57,UNVR,RG,4760,3,D,PD,RX,D
11:03:55,UNVR,RG,4750,9,D,CP,PD,D
11:03:53,UNVR,RG,4750,3,D,CP,ZP,F
11:03:53,UNVR,RG,4750,27,D,CP,ZP,F
11:03:52,UNVR,RG,4750,25,D,CP,ZP,F
11:03:52,UNVR,RG,4750,200,D,CP,RX,D
11:03:48,UNVR,RG,4750,200,D,CP,RX,D
11:03:48,UNVR,RG,4750,1,D,CP,YP,D
11:03:45,UNVR,RG,4750,2,D,CP,ZP,F
11:03:45,UNVR,RG,4750,8,D,CP,PD,D
11:03:35,UNVR,RG,4750,9,D,CP,PD,D
11:03:27,UNVR,RG,4750,2,D,CP,ZP,F
11:03:25,UNVR,RG,4750,9,D,CP,PD,D
11:03:15,UNVR,RG,4750,9,D,CP,PD,D
11:03:05,UNVR,RG,4750,2,D,CP,ZP,F
11:03:05,UNVR,RG,4750,9,D,CP,PD,D
11:02:55,UNVR,RG,4750,8,D,CP,PD,D
11:02:45,UNVR,RG,4750,2,D,CP,ZP,F
11:02:45,UNVR,RG,4750,9,D,CP,PD,D
11:02:38,UNVR,RG,4750,2,D,CP,ZP,F
11:02:35,UNVR,RG,4750,9,D,CP,PD,D
11:02:25,UNVR,RG,4750,9,D,CP,PD,D
11:02:23,UNVR,RG,4750,2,D,CP,ZP,F
11:02:18,UNVR,RG,4750,12,D,CP,YP,D
11:02:15,UNVR,RG,4750,2,D,CP,ZP,F
11:02:15,UNVR,RG,4750,9,D,CP,PD,D
11:02:05,UNVR,RG,4750,8,D,CP,PD,D
11:01:55,UNVR,RG,4750,2,D,CP,ZP,F
11:01:55,UNVR,RG,4750,9,D,CP,PD,D
11:01:45,UNVR,RG,4750,9,D,CP,PD,D
11:01:38,UNVR,RG,4750,2,D,CP,ZP,F
11:01:35,UNVR,RG,4750,9,D,CP,PD,D
11:01:25,UNVR,RG,4750,2,D,CP,ZP,F
11:01:25,UNVR,RG,4750,9,D,CP,PD,D
11:01:19,UNVR,RG,4750,9,D,CP,DH,D
11:01:18,UNVR,RG,4750,2,D,CP,ZP,F
11:01:15,UNVR,RG,4750,8,D,CP,PD,D
11:01:05,UNVR,RG,4750,9,D,CP,PD,D
11:01:04,UNVR,RG,4750,2,D,CP,ZP,F
11:01:04,UNVR,RG,4750,7,D,CP,LG,D
11:00:55,UNVR,RG,4750,9,D,CP,PD,D
11:00:45,UNVR,RG,4750,2,D,CP,ZP,F
11:00:45,UNVR,RG,4750,9,D,CP,PD,D
11:00:35,UNVR,RG,4750,2,D,CP,ZP,F
11:00:35,UNVR,RG,4750,9,D,CP,PD,D
11:00:25,UNVR,RG,4750,9,D,CP,PD,D
11:00:15,UNVR,RG,4750,2,D,CP,ZP,F
11:00:15,UNVR,RG,4750,8,D,CP,PD,D
11:00:11,UNVR,RG,4760,3,D,PD,RX,D
11:00:08,UNVR,RG,4750,4,D,CP,ZP,F
11:00:08,UNVR,RG,4750,35,D,CP,OD,D
11:00:05,UNVR,RG,4750,2,D,CP,ZP,F
11:00:05,UNVR,RG,4750,9,D,CP,PD,D
10:59:57,UNVR,RG,4760,1,D,NI,RX,D
10:59:55,UNVR,RG,4750,2,D,CP,ZP,F
10:59:55,UNVR,RG,4750,6,D,CP,ZP,F
10:59:55,UNVR,RG,4750,9,D,CP,PD,D
10:59:55,UNVR,RG,4750,45,D,CP,PD,D
10:59:45,UNVR,RG,4750,9,D,CP,PD,D
10:59:35,UNVR,RG,4750,2,D,CP,ZP,F
10:59:35,UNVR,RG,4750,9,D,CP,PD,D
10:59:25,UNVR,RG,4750,2,D,CP,ZP,F
10:59:25,UNVR,RG,4750,8,D,CP,PD,D
10:59:15,UNVR,RG,4750,9,D,CP,PD,D
10:59:05,UNVR,RG,4750,5,D,CP,ZP,F
10:59:05,UNVR,RG,4750,20,D,CP,XC,D
10:59:05,UNVR,RG,4750,9,D,CP,PD,D
10:58:55,UNVR,RG,4750,9,D,CP,PD,D
10:58:48,UNVR,RG,4750,2,D,CP,ZP,F
10:58:45,UNVR,RG,4750,9,D,CP,PD,D
10:58:35,UNVR,RG,4750,8,D,CP,PD,D
10:58:25,UNVR,RG,4750,2,D,CP,ZP,F
10:58:25,UNVR,RG,4750,9,D,CP,PD,D
10:58:17,UNVR,RG,4750,2,D,CP,XL,D
10:58:15,UNVR,RG,4750,2,D,CP,ZP,F
10:58:15,UNVR,RG,4750,9,D,CP,PD,D
10:58:05,UNVR,RG,4750,9,D,CP,PD,D
10:57:55,UNVR,RG,4750,2,D,CP,ZP,F
10:57:55,UNVR,RG,4750,9,D,CP,PD,D
10:57:45,UNVR,RG,4750,2,D,CP,ZP,F
10:57:45,UNVR,RG,4750,8,D,CP,PD,D
10:57:35,UNVR,RG,4760,2,D,XA,RX,D
10:57:35,UNVR,RG,4750,9,D,CP,PD,D
10:57:27,UNVR,RG,4750,2,D,CP,ZP,F
10:57:25,UNVR,RG,4750,9,D,CP,PD,D
10:57:23,UNVR,RG,4750,3,D,CP,ZP,F
10:57:23,UNVR,RG,4750,26,D,CP,ZP,F
10:57:22,UNVR,RG,4750,56,D,CP,ZP,F
10:57:22,UNVR,RG,4750,2,D,PD,ZP,F
10:57:22,UNVR,RG,4750,1,D,CC,ZP,F
10:57:22,UNVR,RG,4750,7,D,XL,ZP,F
10:57:22,UNVR,RG,4750,3,D,XL,CC,D
10:57:22,UNVR,RG,4750,3,D,CC,CC,D
10:57:22,UNVR,RG,4750,4,D,PD,CC,D
10:57:22,UNVR,RG,4750,1,D,CC,CC,D
10:57:22,UNVR,RG,4750,4,D,YP,CC,D
10:57:22,UNVR,RG,4750,2,D,KK,CC,D
10:57:22,UNVR,RG,4750,1,D,YP,CC,D
10:57:22,UNVR,RG,4750,10,D,SQ,CC,D
10:57:22,UNVR,RG,4750,1,D,XC,CC,D
10:57:22,UNVR,RG,4750,1,D,EP,CC,D
10:57:22,UNVR,RG,4750,23,D,YP,CC,D
10:57:22,UNVR,RG,4750,70,D,YP,CC,D
10:57:22,UNVR,RG,4750,1,D,CC,CC,D
10:57:22,UNVR,RG,4750,1,D,XL,CC,D
10:57:22,UNVR,RG,4750,1,D,CC,CC,D
10:57:22,UNVR,RG,4750,15,D,YP,CC,D
10:57:22,UNVR,RG,4750,2,D,PD,CC,D
10:57:22,UNVR,RG,4750,5,D,DR,CC,D
10:57:22,UNVR,RG,4750,4,D,CC,CC,D
10:57:22,UNVR,RG,4750,1,D,OD,CC,D
10:57:22,UNVR,RG,4750,1,D,OD,CC,D
10:57:22,UNVR,RG,4750,1,D,LS,CC,D
10:57:22,UNVR,RG,4750,2,D,XC,CC,D
10:57:22,UNVR,RG,4750,3,D,XC,CC,D
10:57:22,UNVR,RG,4750,2,D,SQ,CC,D
10:57:22,UNVR,RG,4750,3,D,XL,CC,D
10:57:22,UNVR,RG,4750,31,D,YB,CC,D
10:57:22,UNVR,RG,4750,1,D,XC,CC,D
10:57:22,UNVR,RG,4750,2,D,YP,CC,D
10:57:22,UNVR,RG,4750,1,D,XC,CC,D
10:57:22,UNVR,RG,4750,2,D,XC,CC,D
10:57:22,UNVR,RG,4750,1,D,OD,CC,D
10:57:22,UNVR,RG,4750,1,D,PD,CC,D
10:57:22,UNVR,RG,4750,5,D,YP,CC,D
10:57:22,UNVR,RG,4750,20,D,YP,CC,D
10:57:22,UNVR,RG,4750,2,D,AZ,CC,D
10:57:22,UNVR,RG,4750,8,D,XC,CC,D
10:57:22,UNVR,RG,4750,2,D,YU,CC,D
10:57:22,UNVR,RG,4750,10,D,AI,CC,D
10:57:22,UNVR,RG,4750,3,D,PD,CC,D
10:57:22,UNVR,RG,4750,1,D,PD,CC,D
10:57:22,UNVR,RG,4750,10,D,CC,CC,D
10:57:22,UNVR,RG,4750,1,D,XL,CC,D
10:57:22,UNVR,RG,4750,20,D,KK,CC,D
10:57:22,UNVR,RG,4750,1,D,YP,CC,D
10:57:22,UNVR,RG,4750,1,D,CC,CC,D
10:57:22,UNVR,RG,4750,2,D,CC,CC,D
10:57:22,UNVR,RG,4750,3,D,SQ,CC,D
10:57:22,UNVR,RG,4750,3,D,XC,CC,D
10:57:22,UNVR,RG,4750,18,D,CC,CC,D
10:57:22,UNVR,RG,4750,15,D,CC,CC,D
10:57:22,UNVR,RG,4750,1,D,EP,CC,D
10:57:22,UNVR,RG,4750,10,D,YP,CC,D
10:57:22,UNVR,RG,4750,1,D,PD,CC,D
10:57:22,UNVR,RG,4750,5,D,CC,CC,D
10:57:22,UNVR,RG,4750,5,D,KK,CC,D
10:57:22,UNVR,RG,4750,2,D,YP,CC,D
10:57:22,UNVR,RG,4750,1,D,YP,CC,D
10:57:22,UNVR,RG,4750,10,D,DH,CC,D
10:57:22,UNVR,RG,4750,336,D,YB,CC,D
10:57:16,UNVR,RG,4750,2,D,YB,ZP,F
10:57:15,UNVR,RG,4750,9,D,YB,PD,D
10:57:05,UNVR,RG,4750,9,D,YB,PD,D
10:56:58,UNVR,RG,4750,2,D,YB,ZP,F
10:56:55,UNVR,RG,4750,8,D,YB,PD,D
10:56:45,UNVR,RG,4750,9,D,YB,PD,D
10:56:38,UNVR,RG,4750,2,D,YB,ZP,F
10:56:35,UNVR,RG,4750,9,D,YB,PD,D
10:56:30,UNVR,RG,4750,2,D,YB,NI,D
10:56:27,UNVR,RG,4750,2,D,YB,ZP,F
10:56:25,UNVR,RG,4750,9,D,YB,PD,D
10:56:15,UNVR,RG,4750,9,D,YB,PD,D
10:56:07,UNVR,RG,4750,2,D,YB,ZP,F
10:56:05,UNVR,RG,4750,8,D,YB,PD,D
10:56:03,UNVR,RG,4750,3,D,YB,ZP,F
10:56:03,UNVR,RG,4750,16,D,YB,XC,D
10:55:55,UNVR,RG,4750,9,D,YB,PD,D
10:55:45,UNVR,RG,4750,2,D,YB,ZP,F
10:55:45,UNVR,RG,4750,2,D,YB,NI,D
10:55:45,UNVR,RG,4750,1,D,YP,NI,D
10:55:45,UNVR,RG,4750,2,D,AG,NI,D
10:55:45,UNVR,RG,4750,9,D,AG,PD,D
10:55:37,UNVR,RG,4750,2,D,AG,ZP,F
10:55:35,UNVR,RG,4750,9,D,AG,PD,D
10:55:25,UNVR,RG,4750,1,D,CC,PD,D
10:55:25,UNVR,RG,4750,1,D,PD,PD,D
10:55:25,UNVR,RG,4750,1,D,XC,PD,D
10:55:25,UNVR,RG,4750,2,D,YP,PD,D
10:55:25,UNVR,RG,4750,4,D,PD,PD,D
10:55:20,UNVR,RG,4750,3,D,PD,ZP,F
10:55:19,UNVR,RG,4750,10,D,PD,PD,D
10:55:15,UNVR,RG,4750,3,D,PD,PD,D
10:55:15,UNVR,RG,4750,3,D,YP,PD,D
10:55:15,UNVR,RG,4750,1,D,YP,PD,D
10:55:15,UNVR,RG,4750,1,D,XC,PD,D
10:55:07,UNVR,RG,4750,1,D,XC,ZP,F
10:55:07,UNVR,RG,4750,1,D,CC,ZP,F
10:55:05,UNVR,RG,4750,4,D,CC,PD,D
10:55:05,UNVR,RG,4750,5,D,YB,PD,D
10:54:55,UNVR,RG,4750,9,D,YB,PD,D
10:54:45,UNVR,RG,4750,2,D,YB,ZP,F
10:54:45,UNVR,RG,4750,9,D,YB,PD,D
10:54:35,UNVR,RG,4750,2,D,YB,ZP,F
10:54:35,UNVR,RG,4750,9,D,YB,PD,D
10:54:25,UNVR,RG,4750,8,D,YB,PD,D
10:54:18,UNVR,RG,4750,2,D,YB,ZP,F
10:54:15,UNVR,RG,4750,4,D,YB,PD,D
10:54:15,UNVR,RG,4750,3,D,KK,PD,D
10:54:15,UNVR,RG,4750,2,D,PD,PD,D
10:54:05,UNVR,RG,4750,6,D,PD,PD,D
10:54:05,UNVR,RG,4750,3,D,YP,PD,D
10:53:55,UNVR,RG,4750,2,D,YP,ZP,F
10:53:55,UNVR,RG,4750,1,D,KK,PD,D
10:53:55,UNVR,RG,4750,1,D,KK,PD,D
10:53:55,UNVR,RG,4750,7,D,YP,PD,D
10:53:45,UNVR,RG,4750,9,D,YP,PD,D
10:53:35,UNVR,RG,4750,8,D,YP,PD,D
10:53:25,UNVR,RG,4750,9,D,YP,PD,D
10:53:15,UNVR,RG,4760,1,D,XL,RX,D
10:53:15,UNVR,RG,4750,9,D,YP,PD,D
10:53:14,UNVR,RG,4760,29,D,YP,RX,D
10:53:14,UNVR,RG,4760,104,D,YP,TF,D
10:53:14,UNVR,RG,4760,1,D,YP,XC,D
10:53:14,UNVR,RG,4760,1,D,YP,YP,D
10:53:05,UNVR,RG,4750,8,D,YP,PD,D
10:53:05,UNVR,RG,4750,1,D,PD,PD,D
10:53:03,UNVR,RG,4750,1,D,PD,YP,D
10:52:55,UNVR,RG,4750,1,D,PD,PD,D
10:52:55,UNVR,RG,4750,2,D,YP,PD,D
10:52:55,UNVR,RG,4750,6,D,YP,PD,D
10:52:49,UNVR,RG,4750,2,D,YP,XC,D
10:52:45,UNVR,RG,4750,9,D,YP,PD,D
10:52:35,UNVR,RG,4750,8,D,YP,PD,D
10:52:25,UNVR,RG,4750,9,D,YP,PD,D
10:52:15,UNVR,RG,4750,9,D,YP,PD,D
10:52:00,UNVR,RG,4750,7,D,YP,ZP,F
10:52:00,UNVR,RG,4760,3,D,CC,DP,D
10:52:00,UNVR,RG,4760,9,D,CC,PD,D
10:52:00,UNVR,RG,4760,25,D,CC,ZP,F
10:52:00,UNVR,RG,4760,2,D,CC,ZP,F
10:52:00,UNVR,RG,4760,11,D,CC,BK,F
10:51:57,UNVR,RG,4750,2,D,DR,ZP,F
10:51:55,UNVR,RG,4750,3,D,DR,PD,D
10:51:55,UNVR,RG,4750,6,D,PD,PD,D
10:51:45,UNVR,RG,4750,8,D,PD,PD,D
10:51:37,UNVR,RG,4750,2,D,PD,ZP,F
10:51:35,UNVR,RG,4750,9,D,PD,PD,D
10:51:25,UNVR,RG,4750,9,D,PD,PD,D
10:51:23,UNVR,RG,4760,1,D,YP,BK,F
10:51:15,UNVR,RG,4750,2,D,PD,ZP,F
10:51:15,UNVR,RG,4750,9,D,PD,PD,D
10:51:07,UNVR,RG,4750,5,D,PD,ZP,F
10:51:07,UNVR,RG,4750,30,D,PD,YU,D
10:51:05,UNVR,RG,4750,9,D,PD,PD,D
10:50:58,UNVR,RG,4750,2,D,PD,ZP,F
10:50:58,UNVR,RG,4750,9,D,PD,PD,D
10:50:58,UNVR,RG,4750,1,D,KK,PD,D
10:50:55,UNVR,RG,4750,8,D,KK,PD,D
10:50:45,UNVR,RG,4750,2,D,KK,ZP,F
10:50:45,UNVR,RG,4750,9,D,KK,PD,D
10:50:37,UNVR,RG,4750,2,D,KK,ZP,F
10:50:35,UNVR,RG,4750,9,D,KK,PD,D
10:50:25,UNVR,RG,4750,9,D,KK,PD,D
10:50:15,UNVR,RG,4750,2,D,KK,ZP,F
10:50:15,UNVR,RG,4750,9,D,KK,PD,D
10:50:05,UNVR,RG,4750,8,D,KK,PD,D
10:49:55,UNVR,RG,4750,3,D,KK,ZP,F
10:49:55,UNVR,RG,4750,9,D,KK,PD,D
10:49:45,UNVR,RG,4750,9,D,KK,PD,D
10:49:39,UNVR,RG,4750,2,D,KK,XC,D
10:49:37,UNVR,RG,4750,2,D,KK,ZP,F
10:49:35,UNVR,RG,4750,9,D,KK,PD,D
10:49:25,UNVR,RG,4750,7,D,KK,PD,D
10:49:25,UNVR,RG,4750,1,D,XL,PD,D
10:49:25,UNVR,RG,4750,1,D,LG,PD,D
10:49:15,UNVR,RG,4750,2,D,YP,ZP,F
10:49:15,UNVR,RG,4750,1,D,PD,PD,D
10:49:15,UNVR,RG,4750,2,D,PD,PD,D
10:49:15,UNVR,RG,4750,1,D,PD,PD,D
10:49:15,UNVR,RG,4750,1,D,YP,PD,D
10:49:15,UNVR,RG,4750,3,D,SQ,PD,D
10:49:07,UNVR,RG,4750,2,D,SQ,ZP,F
10:49:05,UNVR,RG,4750,9,D,SQ,PD,D
10:48:55,UNVR,RG,4750,9,D,SQ,PD,D
10:48:47,UNVR,RG,4750,2,D,SQ,ZP,F
10:48:45,UNVR,RG,4750,9,D,SQ,PD,D
10:48:35,UNVR,RG,4750,9,D,SQ,PD,D
10:48:25,UNVR,RG,4750,2,D,SQ,ZP,F
10:48:25,UNVR,RG,4750,8,D,SQ,PD,D
10:48:18,UNVR,RG,4750,1,D,SQ,KK,D
10:48:15,UNVR,RG,4750,1,D,SQ,ZP,F
10:48:15,UNVR,RG,4750,1,D,YP,ZP,F
10:48:15,UNVR,RG,4750,9,D,YP,PD,D
10:48:05,UNVR,RG,4750,1,D,YP,PD,D
10:48:05,UNVR,RG,4750,2,D,CC,PD,D
10:48:05,UNVR,RG,4750,1,D,DR,PD,D
10:48:05,UNVR,RG,4750,1,D,DR,PD,D
10:48:05,UNVR,RG,4750,4,D,DR,PD,D
10:47:55,UNVR,RG,4750,2,D,DR,ZP,F
10:47:55,UNVR,RG,4750,9,D,FZ,PD,D
10:47:45,UNVR,RG,4750,9,D,FZ,PD,D
10:47:35,UNVR,RG,4750,2,D,FZ,ZP,F
10:47:35,UNVR,RG,4750,5,D,FZ,PD,D
10:47:35,UNVR,RG,4750,1,D,DR,PD,D
10:47:35,UNVR,RG,4750,2,D,EP,PD,D
10:47:25,UNVR,RG,4750,9,D,EP,PD,D
10:47:15,UNVR,RG,4750,2,D,EP,ZP,F
10:47:15,UNVR,RG,4750,5,D,EP,YP,D
10:47:15,UNVR,RG,4750,9,D,EP,PD,D
10:47:07,UNVR,RG,4750,3,D,EP,ZP,F
10:47:05,UNVR,RG,4750,9,D,EP,PD,D
10:46:55,UNVR,RG,4750,9,D,EP,PD,D
10:46:47,UNVR,RG,4750,2,D,EP,ZP,F
10:46:45,UNVR,RG,4750,6,D,DR,PD,D
10:46:45,UNVR,RG,4750,1,D,YB,PD,D
10:46:45,UNVR,RG,4750,1,D,TP,PD,D
10:46:35,UNVR,RG,4750,9,D,TP,PD,D
10:46:31,UNVR,RG,4750,1,D,TP,XL,D
10:46:27,UNVR,RG,4750,2,D,TP,ZP,F
10:46:25,UNVR,RG,4750,9,D,TP,PD,D
10:46:21,UNVR,RG,4760,1,D,PD,BK,F
10:46:20,UNVR,RG,4760,2,D,YP,BK,F
10:46:15,UNVR,RG,4750,2,D,TP,ZP,F
10:46:15,UNVR,RG,4750,9,D,TP,PD,D
10:46:05,UNVR,RG,4750,9,D,TP,PD,D
10:46:05,UNVR,RG,4750,2,D,TP,ZP,F
10:46:04,UNVR,RG,4750,6,D,TP,NI,D
10:46:02,UNVR,RG,4750,1,D,TP,XC,D
10:45:55,UNVR,RG,4750,8,D,TP,PD,D
10:45:45,UNVR,RG,4750,2,D,TP,ZP,F
10:45:45,UNVR,RG,4750,9,D,TP,PD,D
10:45:42,UNVR,RG,4750,2,D,TP,YB,D
10:45:35,UNVR,RG,4750,2,D,TP,ZP,F
10:45:35,UNVR,RG,4750,9,D,TP,PD,D
10:45:25,UNVR,RG,4750,9,D,TP,PD,D
10:45:15,UNVR,RG,4750,2,D,TP,ZP,F
10:45:15,UNVR,RG,4750,9,D,TP,PD,D
10:45:11,UNVR,RG,4760,1,D,DH,BK,F
10:45:05,UNVR,RG,4750,8,D,TP,PD,D
10:44:57,UNVR,RG,4750,2,D,TP,ZP,F
10:44:55,UNVR,RG,4750,9,D,TP,PD,D
10:44:45,UNVR,RG,4750,2,D,TP,ZP,F
10:44:45,UNVR,RG,4750,9,D,TP,PD,D
10:44:35,UNVR,RG,4750,9,D,TP,PD,D
10:44:26,UNVR,RG,4750,2,D,TP,ZP,F
10:44:26,UNVR,RG,4760,3,D,AZ,BK,F
10:44:25,UNVR,RG,4750,9,D,TP,PD,D
10:44:15,UNVR,RG,4750,2,D,TP,ZP,F
10:44:15,UNVR,RG,4750,9,D,TP,PD,D
10:44:05,UNVR,RG,4750,8,D,TP,PD,D
10:44:01,UNVR,RG,4760,1,D,NI,BK,F
10:43:57,UNVR,RG,4750,2,D,TP,ZP,F
10:43:55,UNVR,RG,4750,9,D,TP,PD,D
10:43:45,UNVR,RG,4750,9,D,TP,PD,D
10:43:37,UNVR,RG,4750,3,D,TP,ZP,F
10:43:35,UNVR,RG,4750,9,D,TP,PD,D
10:43:25,UNVR,RG,4750,9,D,TP,PD,D
10:43:15,UNVR,RG,4750,2,D,TP,ZP,F
10:43:15,UNVR,RG,4750,8,D,TP,PD,D
10:43:05,UNVR,RG,4750,2,D,TP,PD,D
10:43:05,UNVR,RG,4750,1,D,KK,PD,D
10:43:05,UNVR,RG,4750,6,D,CP,PD,D
10:43:00,UNVR,RG,4760,2,D,XC,BK,F
10:42:55,UNVR,RG,4750,9,D,CP,PD,D
10:42:45,UNVR,RG,4750,9,D,CP,PD,D
10:42:42,UNVR,RG,4760,5,D,YP,BK,F
10:42:35,UNVR,RG,4750,9,D,CP,PD,D
10:42:25,UNVR,RG,4750,8,D,CP,PD,D
10:42:21,UNVR,RG,4760,5,D,KK,BK,F
10:42:15,UNVR,RG,4750,9,D,CP,PD,D
10:42:07,UNVR,RG,4760,3,D,CC,BK,F
10:42:05,UNVR,RG,4750,9,D,CP,PD,D
10:42:04,UNVR,RG,4760,1,D,YP,BK,F
10:41:55,UNVR,RG,4750,9,D,CP,PD,D
10:41:45,UNVR,RG,4750,9,D,CP,PD,D
10:41:35,UNVR,RG,4750,8,D,CP,PD,D
10:41:25,UNVR,RG,4750,9,D,CP,PD,D
10:41:21,UNVR,RG,4760,1,D,NI,BK,F
10:41:15,UNVR,RG,4750,9,D,CP,PD,D
10:41:05,UNVR,RG,4750,9,D,CP,PD,D
10:40:58,UNVR,RG,4760,88,D,KK,BK,F
10:40:58,UNVR,RG,4760,10,D,KK,YP,D
10:40:50,UNVR,RG,4760,1,D,BQ,YP,D
10:40:46,UNVR,RG,4750,13,D,CP,ZP,F
10:40:45,UNVR,RG,4760,4,D,YU,ZP,F
10:40:45,UNVR,RG,4760,24,D,YU,BK,F
10:40:45,UNVR,RG,4760,24,D,YU,ZP,F
10:40:45,UNVR,RG,4760,8,D,YU,PD,D
10:40:45,UNVR,RG,4760,32,D,YU,RX,D
10:40:45,UNVR,RG,4750,8,D,CP,PD,D
10:40:35,UNVR,RG,4750,9,D,CP,PD,D
10:40:32,UNVR,RG,4750,4,D,CP,ZP,F
10:40:32,UNVR,RG,4750,21,D,CP,YB,D
10:40:32,UNVR,RG,4760,1,D,YP,RX,D
10:40:29,UNVR,RG,4760,4,D,YU,RX,D
10:40:28,UNVR,RG,4750,2,D,CP,ZP,F
10:40:25,UNVR,RG,4750,9,D,CP,PD,D
10:40:24,UNVR,RG,4760,3,D,PD,RX,D
10:40:21,UNVR,RG,4750,7,D,CP,ZP,F
10:40:21,UNVR,RG,4760,60,D,YP,RX,D
10:40:15,UNVR,RG,4750,3,D,CP,ZP,F
10:40:15,UNVR,RG,4750,2,D,CP,ZP,F
10:40:15,UNVR,RG,4750,21,D,CP,DR,D
10:40:15,UNVR,RG,4750,9,D,CP,PD,D
10:40:14,UNVR,RG,4750,8,D,CP,ZP,F
10:40:14,UNVR,RG,4750,55,D,CP,YP,D
10:40:10,UNVR,RG,4760,5,D,PD,RX,D
10:40:07,UNVR,RG,4750,2,D,CP,ZP,F
10:40:07,UNVR,RG,4760,5,D,KK,RX,D
10:40:05,UNVR,RG,4750,9,D,CP,PD,D
10:39:55,UNVR,RG,4750,8,D,CP,PD,D
10:39:45,UNVR,RG,4750,2,D,CP,ZP,F
10:39:45,UNVR,RG,4750,9,D,CP,PD,D
10:39:42,UNVR,RG,4750,3,D,CP,ZP,F
10:39:41,UNVR,RG,4750,169,D,CP,PD,D
10:39:35,UNVR,RG,4750,9,D,CP,PD,D
10:39:25,UNVR,RG,4750,9,D,CP,PD,D
10:39:24,UNVR,RG,4760,4,D,BQ,RX,D
10:39:15,UNVR,RG,4750,9,D,CP,PD,D
10:39:05,UNVR,RG,4750,8,D,CP,PD,D
10:38:55,UNVR,RG,4750,9,D,CP,PD,D
10:38:45,UNVR,RG,4750,1,D,CP,BQ,D
10:38:45,UNVR,RG,4750,9,D,CP,PD,D
10:38:35,UNVR,RG,4750,9,D,CP,PD,D
10:38:34,UNVR,RG,4760,1,D,PD,RX,D
10:38:34,UNVR,RG,4760,5,D,YP,RX,D
10:38:25,UNVR,RG,4750,9,D,CP,PD,D
10:38:23,UNVR,RG,4760,80,D,PD,RX,D
10:38:14,UNVR,RG,4760,3,D,PD,ZP,F
10:38:14,UNVR,RG,4760,9,D,PD,PD,D
10:38:14,UNVR,RG,4760,1,D,PD,XC,D
10:38:14,UNVR,RG,4760,7,D,PD,XL,D
10:38:09,UNVR,RG,4750,1,D,CP,DP,D
10:37:59,UNVR,RG,4750,10,D,CP,ZP,F
10:37:59,UNVR,RG,4760,23,D,GR,XL,D
10:37:59,UNVR,RG,4760,9,D,GR,PD,D
10:37:59,UNVR,RG,4760,1,D,GR,YP,D
10:37:59,UNVR,RG,4760,37,D,GR,ZP,F
10:37:59,UNVR,RG,4760,30,D,GR,BK,F
10:37:55,UNVR,RG,4750,9,D,CP,PD,D
10:37:47,UNVR,RG,4760,100,D,GR,BK,F
10:37:45,UNVR,RG,4750,9,D,CP,PD,D
10:37:30,UNVR,RG,4760,33,F,AK,BK,F
10:37:30,UNVR,RG,4760,3,F,AK,ZP,F
10:37:30,UNVR,RG,4760,9,F,AK,PD,D
10:37:25,UNVR,RG,4750,8,D,CP,PD,D
10:37:19,UNVR,RG,4750,7,D,CP,ZP,F
10:37:19,UNVR,RG,4760,5,D,SQ,DP,D
10:37:19,UNVR,RG,4760,20,D,SQ,ZP,F
10:37:19,UNVR,RG,4760,75,D,SQ,RX,D
10:37:15,UNVR,RG,4750,9,D,CP,PD,D
10:37:05,UNVR,RG,4750,9,D,CP,PD,D
10:36:48,UNVR,RG,4760,25,D,EP,RX,D
10:36:48,UNVR,RG,4760,14,D,EP,ZP,F
10:36:48,UNVR,RG,4760,5,D,EP,DP,D
10:36:48,UNVR,RG,4760,6,D,EP,PD,D
10:36:45,UNVR,RG,4750,9,D,CP,PD,D
10:36:35,UNVR,RG,4750,2,D,CP,ZP,F
10:36:35,UNVR,RG,4750,9,D,CP,PD,D
10:36:28,UNVR,RG,4760,1,D,CP,PD,D
10:36:25,UNVR,RG,4750,8,D,CP,PD,D
10:36:15,UNVR,RG,4750,2,D,CP,ZP,F
10:36:15,UNVR,RG,4750,9,D,CP,PD,D
10:36:12,UNVR,RG,4750,2,D,CP,ZP,F
10:36:11,UNVR,RG,4760,2,D,CC,PD,D
10:36:11,UNVR,RG,4760,8,D,CC,RX,D
10:36:05,UNVR,RG,4750,9,D,CP,PD,D
10:35:57,UNVR,RG,4750,2,D,CP,ZP,F
10:35:55,UNVR,RG,4750,9,D,CP,PD,D
10:35:52,UNVR,RG,4760,1,D,XL,RX,D
10:35:49,UNVR,RG,4750,6,D,CP,ZP,F
10:35:49,UNVR,RG,4760,50,D,GR,RX,D
10:35:47,UNVR,RG,4750,2,D,CP,ZP,F
10:35:45,UNVR,RG,4750,9,D,CP,PD,D
10:35:35,UNVR,RG,4750,8,D,CP,PD,D
10:35:27,UNVR,RG,4750,2,D,CP,ZP,F
10:35:27,UNVR,RG,4750,4,D,CP,DH,D
10:35:25,UNVR,RG,4750,9,D,CP,PD,D
10:35:15,UNVR,RG,4750,2,D,CP,ZP,F
10:35:15,UNVR,RG,4750,9,D,CP,PD,D
10:35:13,UNVR,RG,4750,5,D,CP,DP,D
10:35:11,UNVR,RG,4750,5,D,CP,ZP,F
10:35:11,UNVR,RG,4750,42,D,CP,ZP,F
10:35:10,UNVR,RG,4760,10,D,YP,RX,D
10:35:10,UNVR,RG,4760,30,D,IP,RX,D
10:35:10,UNVR,RG,4760,5,D,YP,RX,D
10:35:10,UNVR,RG,4760,1,D,XC,RX,D
10:35:10,UNVR,RG,4760,20,D,YP,RX,D
10:35:10,UNVR,RG,4760,18,D,YU,RX,D
10:35:10,UNVR,RG,4760,1,D,XC,RX,D
10:35:10,UNVR,RG,4760,10,D,GR,RX,D
10:35:10,UNVR,RG,4760,2,D,YP,RX,D
10:35:10,UNVR,RG,4760,43,D,YP,RX,D
10:35:10,UNVR,RG,4760,2,D,PD,RX,D
10:35:10,UNVR,RG,4760,2,D,KK,RX,D
10:35:10,UNVR,RG,4760,3,D,SQ,RX,D
10:35:10,UNVR,RG,4760,6,D,AT,RX,D
10:35:10,UNVR,RG,4760,1,D,YP,RX,D
10:35:10,UNVR,RG,4760,1,D,YP,RX,D
10:35:10,UNVR,RG,4760,100,D,YP,RX,D
10:35:10,UNVR,RG,4760,10,D,AZ,RX,D
10:35:10,UNVR,RG,4760,10,D,XC,RX,D
10:35:10,UNVR,RG,4760,10,D,NI,RX,D
10:35:10,UNVR,RG,4760,1,D,XC,RX,D
10:35:10,UNVR,RG,4760,1,D,XC,RX,D
10:35:10,UNVR,RG,4760,2,D,YP,RX,D
10:35:10,UNVR,RG,4760,52,D,GR,RX,D
10:35:07,UNVR,RG,4760,2,D,GR,ZP,F
10:35:05,UNVR,RG,4760,9,D,GR,PD,D
10:34:55,UNVR,RG,4760,9,D,GR,PD,D
10:34:55,UNVR,RG,4760,6,D,GR,ZP,F
10:34:54,UNVR,RG,4760,48,D,GR,ZP,F
10:34:54,UNVR,RG,4760,74,D,GR,DH,D
10:34:54,UNVR,RG,4760,46,F,AK,DH,D
10:34:54,UNVR,RG,4760,1,D,YB,DH,D
10:34:54,UNVR,RG,4760,5,D,YP,DH,D
10:34:54,UNVR,RG,4760,274,D,NI,DH,D
10:34:47,UNVR,RG,4760,2,D,NI,ZP,F
10:34:45,UNVR,RG,4760,8,D,NI,PD,D
10:34:35,UNVR,RG,4760,3,D,NI,ZP,F
10:34:35,UNVR,RG,4760,9,D,NI,PD,D
10:34:35,UNVR,RG,4760,14,D,NI,BQ,D
10:34:32,UNVR,RG,4760,2,D,NI,ZP,F
10:34:31,UNVR,RG,4760,21,D,NI,XA,D
10:34:25,UNVR,RG,4760,2,D,NI,ZP,F
10:34:25,UNVR,RG,4760,9,D,NI,PD,D
10:34:15,UNVR,RG,4760,2,D,NI,ZP,F
10:34:15,UNVR,RG,4760,9,D,NI,PD,D
10:34:10,UNVR,RG,4760,12,D,NI,ZP,F
10:34:09,UNVR,RG,4760,100,D,NI,DR,D
10:34:06,UNVR,RG,4760,2,D,NI,ZP,F
10:34:05,UNVR,RG,4760,9,D,NI,PD,D
10:33:55,UNVR,RG,4760,8,D,NI,PD,D
10:33:45,UNVR,RG,4760,2,D,NI,ZP,F
10:33:45,UNVR,RG,4760,9,D,NI,PD,D
10:33:35,UNVR,RG,4760,2,D,NI,ZP,F
10:33:35,UNVR,RG,4760,9,D,NI,PD,D
10:33:25,UNVR,RG,4760,9,D,NI,PD,D
10:33:15,UNVR,RG,4760,2,D,NI,ZP,F
10:33:15,UNVR,RG,4760,9,D,NI,PD,D
10:33:05,UNVR,RG,4760,8,D,NI,PD,D
10:32:57,UNVR,RG,4760,2,D,NI,ZP,F
10:32:55,UNVR,RG,4760,9,D,NI,PD,D
10:32:45,UNVR,RG,4760,9,D,NI,PD,D
10:32:37,UNVR,RG,4760,2,D,NI,ZP,F
10:32:35,UNVR,RG,4760,9,D,NI,PD,D
10:32:32,UNVR,RG,4760,5,D,NI,ZP,F
10:32:28,UNVR,RG,4760,30,D,NI,XC,D
10:32:25,UNVR,RG,4760,9,D,NI,PD,D
10:32:17,UNVR,RG,4760,2,D,NI,ZP,F
10:32:15,UNVR,RG,4760,8,D,NI,PD,D
10:32:05,UNVR,RG,4760,9,D,NI,PD,D
10:31:55,UNVR,RG,4760,2,D,NI,ZP,F
10:31:55,UNVR,RG,4760,9,D,NI,PD,D
10:31:45,UNVR,RG,4760,9,D,NI,PD,D
10:31:36,UNVR,RG,4760,1,D,NI,PD,D
10:31:35,UNVR,RG,4760,2,D,NI,ZP,F
10:31:35,UNVR,RG,4760,9,D,NI,PD,D
10:31:25,UNVR,RG,4760,2,D,NI,ZP,F
10:31:25,UNVR,RG,4760,8,D,NI,PD,D
10:31:15,UNVR,RG,4760,9,D,NI,PD,D
10:31:05,UNVR,RG,4760,2,D,NI,ZP,F
10:31:05,UNVR,RG,4760,9,D,NI,PD,D
10:30:55,UNVR,RG,4760,9,D,NI,PD,D
10:30:47,UNVR,RG,4760,2,D,NI,ZP,F
10:30:45,UNVR,RG,4760,9,D,NI,PD,D
10:30:35,UNVR,RG,4760,8,D,NI,PD,D
10:30:25,UNVR,RG,4760,2,D,NI,ZP,F
10:30:25,UNVR,RG,4760,9,D,NI,PD,D
10:30:15,UNVR,RG,4760,2,D,NI,ZP,F
10:30:15,UNVR,RG,4760,17,D,NI,ZP,F
10:30:15,UNVR,RG,4760,9,D,CC,PD,D
10:30:14,UNVR,RG,4760,125,D,CC,CC,D
10:30:05,UNVR,RG,4760,9,D,CC,PD,D
10:29:55,UNVR,RG,4760,2,D,CC,ZP,F
10:29:55,UNVR,RG,4760,9,D,CC,PD,D
10:29:45,UNVR,RG,4760,8,D,CC,PD,D
10:29:44,UNVR,RG,4770,2,D,PD,RX,D
10:29:35,UNVR,RG,4760,2,D,CC,ZP,F
10:29:35,UNVR,RG,4760,9,D,CC,PD,D
10:29:33,UNVR,RG,4770,1,D,YB,RX,D
10:29:27,UNVR,RG,4760,2,D,CC,ZP,F
10:29:25,UNVR,RG,4760,9,D,CC,PD,D
10:29:16,UNVR,RG,4760,1,D,CC,YP,D
10:29:15,UNVR,RG,4770,2,D,PD,RX,D
10:29:15,UNVR,RG,4760,9,D,CC,PD,D
10:29:13,UNVR,RG,4760,2,D,CC,ZP,F
10:29:13,UNVR,RG,4760,4,D,CC,YP,D
10:29:13,UNVR,RG,4760,3,D,CC,YP,D
10:29:05,UNVR,RG,4760,9,D,CC,PD,D
10:28:55,UNVR,RG,4760,3,D,CC,ZP,F
10:28:55,UNVR,RG,4760,4,D,CC,PD,D
10:28:55,UNVR,RG,4760,1,D,XC,PD,D
10:28:55,UNVR,RG,4760,1,D,XC,PD,D
10:28:55,UNVR,RG,4760,2,D,GR,PD,D
10:28:53,UNVR,RG,4760,4,D,GR,YP,D
10:28:45,UNVR,RG,4760,9,D,GR,PD,D
10:28:35,UNVR,RG,4760,2,D,GR,ZP,F
10:28:35,UNVR,RG,4760,9,D,GR,PD,D
10:28:25,UNVR,RG,4760,9,D,GR,PD,D
10:28:18,UNVR,RG,4770,1,D,XC,RX,D
10:28:15,UNVR,RG,4760,2,D,GR,ZP,F
10:28:15,UNVR,RG,4760,9,D,GR,PD,D
10:28:05,UNVR,RG,4760,9,D,GR,PD,D
10:27:55,UNVR,RG,4760,2,D,GR,ZP,F
10:27:55,UNVR,RG,4760,8,D,GR,PD,D
10:27:45,UNVR,RG,4760,9,D,GR,PD,D
10:27:37,UNVR,RG,4760,2,D,GR,ZP,F
10:27:35,UNVR,RG,4760,9,D,GR,PD,D
10:27:25,UNVR,RG,4770,1,D,BQ,RX,D
10:27:25,UNVR,RG,4760,9,D,GR,PD,D
10:27:17,UNVR,RG,4760,2,D,GR,ZP,F
10:27:15,UNVR,RG,4760,9,D,GR,PD,D
10:27:08,UNVR,RG,4760,3,D,GR,ZP,F
10:27:08,UNVR,RG,4770,16,D,PD,RX,D
10:27:05,UNVR,RG,4760,8,D,GR,PD,D
10:26:55,UNVR,RG,4760,2,D,GR,ZP,F
10:26:55,UNVR,RG,4760,9,D,GR,PD,D
10:26:45,UNVR,RG,4760,9,D,GR,PD,D
10:26:41,UNVR,RG,4770,1,D,BQ,RX,D
10:26:40,UNVR,RG,4760,3,D,GR,ZP,F
10:26:39,UNVR,RG,4760,15,D,GR,YP,D
10:26:35,UNVR,RG,4760,9,D,GR,PD,D
10:26:27,UNVR,RG,4760,2,D,GR,ZP,F
10:26:25,UNVR,RG,4760,9,D,GR,PD,D
10:26:23,UNVR,RG,4760,1,D,GR,SQ,D
10:26:22,UNVR,RG,4760,3,D,GR,ZP,F
10:26:21,UNVR,RG,4760,22,D,GR,PD,D
10:26:21,UNVR,RG,4760,1,D,AT,PD,D
10:26:20,UNVR,RG,4760,3,D,AT,PD,D
10:26:15,UNVR,RG,4760,8,D,AT,PD,D
10:26:07,UNVR,RG,4760,2,D,AT,ZP,F
10:26:05,UNVR,RG,4760,9,D,CP,PD,D
10:26:03,UNVR,RG,4760,2,D,CP,NI,D
10:25:56,UNVR,RG,4760,3,D,CP,ZP,F
10:25:55,UNVR,RG,4760,9,D,CP,PD,D
10:25:45,UNVR,RG,4760,9,D,CP,PD,D
10:25:43,UNVR,RG,4760,2,D,CP,ZP,F
10:25:43,UNVR,RG,4770,14,D,BQ,RX,D
10:25:43,UNVR,RG,4760,2,D,CP,ZP,F
10:25:42,UNVR,RG,4760,18,D,CP,ZP,F
10:25:42,UNVR,RG,4760,150,D,CP,PD,D
10:25:37,UNVR,RG,4760,2,D,CP,ZP,F
10:25:35,UNVR,RG,4760,9,D,CP,PD,D
10:25:25,UNVR,RG,4760,8,D,CP,PD,D
10:25:15,UNVR,RG,4760,2,D,CP,ZP,F
10:25:15,UNVR,RG,4770,1,D,BQ,RX,D
10:25:15,UNVR,RG,4760,9,D,CP,PD,D
10:25:07,UNVR,RG,4760,2,D,CP,ZP,F
10:25:05,UNVR,RG,4760,9,D,CP,PD,D
10:24:55,UNVR,RG,4760,9,D,CP,PD,D
10:24:47,UNVR,RG,4760,2,D,CP,ZP,F
10:24:45,UNVR,RG,4760,9,D,CP,PD,D
10:24:35,UNVR,RG,4760,8,D,CP,PD,D
10:24:30,UNVR,RG,4760,3,D,CP,ZP,F
10:24:29,UNVR,RG,4770,14,D,BQ,RX,D
10:24:25,UNVR,RG,4770,2,D,PD,RX,D
10:24:25,UNVR,RG,4760,9,D,CP,PD,D
10:24:15,UNVR,RG,4760,2,D,CP,ZP,F
10:24:15,UNVR,RG,4760,9,D,CP,PD,D
10:24:05,UNVR,RG,4760,9,D,CP,PD,D
10:23:55,UNVR,RG,4760,2,D,CP,ZP,F
10:23:55,UNVR,RG,4760,9,D,CP,PD,D
10:23:47,UNVR,RG,4760,2,D,CP,ZP,F
10:23:45,UNVR,RG,4760,8,D,CP,PD,D
10:23:35,UNVR,RG,4760,9,D,CP,PD,D
10:23:32,UNVR,RG,4760,2,D,CP,ZP,F
10:23:31,UNVR,RG,4770,14,D,BQ,RX,D
10:23:25,UNVR,RG,4760,2,D,CP,ZP,F
10:23:25,UNVR,RG,4760,9,D,CP,PD,D
10:23:24,UNVR,RG,4770,1,D,XC,RX,D
10:23:16,UNVR,RG,4770,1,D,BQ,RX,D
10:23:15,UNVR,RG,4760,9,D,CP,PD,D
10:23:05,UNVR,RG,4760,2,D,CP,ZP,F
10:23:05,UNVR,RG,4760,9,D,CP,PD,D
10:22:55,UNVR,RG,4760,8,D,CP,PD,D
10:22:45,UNVR,RG,4760,2,D,CP,ZP,F
10:22:45,UNVR,RG,4760,9,D,CP,PD,D
10:22:35,UNVR,RG,4760,9,D,CP,PD,D
10:22:28,UNVR,RG,4760,2,D,CP,ZP,F
10:22:25,UNVR,RG,4760,9,D,CP,PD,D
10:22:20,UNVR,RG,4760,2,D,CP,ZP,F
10:22:19,UNVR,RG,4770,9,D,BQ,RX,D
10:22:15,UNVR,RG,4760,9,D,CP,PD,D
10:22:05,UNVR,RG,4760,2,D,CP,ZP,F
10:22:05,UNVR,RG,4760,8,D,CP,PD,D
10:22:01,UNVR,RG,4770,9,D,BQ,RX,D
10:21:55,UNVR,RG,4760,2,D,CP,ZP,F
10:21:55,UNVR,RG,4760,9,D,CP,PD,D
10:21:45,UNVR,RG,4760,9,D,CP,PD,D
10:21:42,UNVR,RG,4770,1,D,BQ,RX,D
10:21:37,UNVR,RG,4760,2,D,CP,ZP,F
10:21:35,UNVR,RG,4760,9,D,CP,PD,D
10:21:25,UNVR,RG,4760,9,D,CP,PD,D
10:21:15,UNVR,RG,4760,8,D,CP,PD,D
10:21:05,UNVR,RG,4760,9,D,CP,PD,D
10:20:47,UNVR,RG,4760,2,D,CP,ZP,F
10:20:47,UNVR,RG,4760,9,D,CP,PD,D
10:20:47,UNVR,RG,4760,4,D,CP,OD,D
10:20:45,UNVR,RG,4750,9,D,CP,PD,D
10:20:35,UNVR,RG,4750,9,D,CP,PD,D
10:20:30,UNVR,RG,4760,2,D,CC,OD,D
10:20:30,UNVR,RG,4760,5,D,CC,ZP,F
10:20:22,UNVR,RG,4750,2,D,CP,ZP,F
10:20:18,UNVR,RG,4760,9,D,BQ,PD,D
10:20:15,UNVR,RG,4750,8,D,CP,PD,D
10:20:13,UNVR,RG,4760,2,D,YP,RX,D
10:20:11,UNVR,RG,4760,1,D,BQ,RX,D
10:20:10,UNVR,RG,4750,2,D,CP,ZP,F
10:20:10,UNVR,RG,4760,1,D,DH,RX,D
10:20:05,UNVR,RG,4750,9,D,CP,PD,D
10:20:02,UNVR,RG,4750,4,D,CP,ZP,F
10:20:01,UNVR,RG,4760,22,D,CC,RX,D
10:19:55,UNVR,RG,4750,9,D,CP,PD,D
10:19:54,UNVR,RG,4750,3,D,CP,ZP,F
10:19:53,UNVR,RG,4750,21,D,CP,ZP,F
10:19:53,UNVR,RG,4760,1,D,YP,RX,D
10:19:53,UNVR,RG,4760,5,D,XC,RX,D
10:19:53,UNVR,RG,4760,5,D,DR,RX,D
10:19:53,UNVR,RG,4760,1,D,PD,RX,D
10:19:53,UNVR,RG,4760,2,D,PD,RX,D
10:19:53,UNVR,RG,4760,3,D,XL,RX,D
10:19:53,UNVR,RG,4760,157,D,SQ,RX,D
10:19:47,UNVR,RG,4760,2,D,SQ,ZP,F
10:19:45,UNVR,RG,4760,9,D,SQ,PD,D
10:19:35,UNVR,RG,4760,9,D,SQ,PD,D
10:19:27,UNVR,RG,4760,2,D,SQ,ZP,F
10:19:25,UNVR,RG,4760,8,D,SQ,PD,D
10:19:15,UNVR,RG,4760,9,D,SQ,PD,D
10:19:05,UNVR,RG,4760,2,D,SQ,ZP,F
10:19:05,UNVR,RG,4760,2,D,SQ,PD,D
10:19:05,UNVR,RG,4760,5,D,YP,PD,D
10:19:05,UNVR,RG,4760,2,D,EP,PD,D
10:18:56,UNVR,RG,4760,7,D,EP,ZP,F
10:18:55,UNVR,RG,4760,52,D,EP,AZ,D
10:18:55,UNVR,RG,4760,9,D,EP,PD,D
10:18:47,UNVR,RG,4760,2,D,EP,ZP,F
10:18:45,UNVR,RG,4760,9,D,EP,PD,D
10:18:44,UNVR,RG,4770,4,D,BQ,RX,D
10:18:42,UNVR,RG,4760,3,D,EP,ZP,F
10:18:39,UNVR,RG,4760,16,D,EP,YP,D
10:18:39,UNVR,RG,4760,10,D,NI,YP,D
10:18:39,UNVR,RG,4760,4,D,YP,YP,D
10:18:35,UNVR,RG,4760,1,D,YP,PD,D
10:18:35,UNVR,RG,4760,1,D,YP,PD,D
10:18:35,UNVR,RG,4760,6,D,YP,PD,D
10:18:25,UNVR,RG,4760,9,D,YP,PD,D
10:18:24,UNVR,RG,4760,3,D,YP,EP,D
10:18:15,UNVR,RG,4760,9,D,YP,PD,D
10:18:05,UNVR,RG,4760,9,D,YP,PD,D
10:17:55,UNVR,RG,4760,4,D,YP,ZP,F
10:17:55,UNVR,RG,4760,9,D,YP,PD,D
10:17:47,UNVR,RG,4760,1,D,YP,ZP,F
10:17:47,UNVR,RG,4760,1,D,YP,ZP,F
10:17:47,UNVR,RG,4760,1,D,YP,ZP,F
10:17:45,UNVR,RG,4760,2,D,NI,PD,D
10:17:45,UNVR,RG,4760,1,D,PD,PD,D
10:17:45,UNVR,RG,4760,5,D,PD,PD,D
10:17:37,UNVR,RG,4760,2,D,PD,ZP,F
10:17:35,UNVR,RG,4760,9,D,PD,PD,D
10:17:29,UNVR,RG,4760,2,D,PD,PD,D
10:17:27,UNVR,RG,4760,2,D,PD,ZP,F
10:17:25,UNVR,RG,4760,3,D,AZ,PD,D
10:17:25,UNVR,RG,4760,1,D,IH,PD,D
10:17:25,UNVR,RG,4760,1,D,XC,PD,D
10:17:25,UNVR,RG,4760,4,D,SH,PD,D
10:17:15,UNVR,RG,4760,9,D,SH,PD,D
10:17:05,UNVR,RG,4760,2,D,SH,ZP,F
10:17:05,UNVR,RG,4760,9,D,SH,PD,D
10:16:57,UNVR,RG,4760,2,D,SH,ZP,F
10:16:55,UNVR,RG,4760,8,D,SH,PD,D
10:16:45,UNVR,RG,4760,9,D,SH,PD,D
10:16:37,UNVR,RG,4760,2,D,SH,ZP,F
10:16:35,UNVR,RG,4760,5,D,SH,PD,D
10:16:35,UNVR,RG,4760,4,D,XC,PD,D
10:16:25,UNVR,RG,4760,1,D,YP,PD,D
10:16:25,UNVR,RG,4760,1,D,XC,PD,D
10:16:25,UNVR,RG,4760,7,D,GR,PD,D
10:16:15,UNVR,RG,4760,9,D,GR,PD,D
10:16:05,UNVR,RG,4760,8,D,GR,PD,D
10:15:55,UNVR,RG,4760,9,D,GR,PD,D
10:15:52,UNVR,RG,4760,2,D,GR,XC,D
10:15:45,UNVR,RG,4760,9,D,GR,PD,D
10:15:35,UNVR,RG,4760,9,D,GR,PD,D
10:15:34,UNVR,RG,4760,10,D,GR,LG,D
10:15:31,UNVR,RG,4760,15,D,GR,HP,D
10:15:27,UNVR,RG,4760,1,D,GR,EP,D
10:15:27,UNVR,RG,4760,1,D,GR,YP,D
10:15:25,UNVR,RG,4760,9,D,GR,PD,D
10:15:17,UNVR,RG,4760,1,D,GR,YP,D
10:15:15,UNVR,RG,4760,8,D,GR,PD,D
10:15:05,UNVR,RG,4760,9,D,GR,PD,D
10:15:03,UNVR,RG,4760,10,D,GR,PD,D
10:14:55,UNVR,RG,4760,9,D,GR,PD,D
10:14:45,UNVR,RG,4760,5,D,GR,PD,D
10:14:45,UNVR,RG,4760,9,D,GR,PD,D
10:14:35,UNVR,RG,4760,9,D,GR,PD,D
10:14:25,UNVR,RG,4760,8,D,GR,PD,D
10:14:15,UNVR,RG,4760,9,D,GR,PD,D
10:14:05,UNVR,RG,4760,9,D,GR,PD,D
10:13:55,UNVR,RG,4760,9,D,GR,PD,D
10:13:45,UNVR,RG,4760,9,D,GR,PD,D
10:13:35,UNVR,RG,4760,7,D,GR,PD,D
10:13:35,UNVR,RG,4760,1,D,YP,PD,D
10:13:25,UNVR,RG,4760,9,D,YP,PD,D
10:13:20,UNVR,RG,4760,1,D,PD,RX,D
10:13:20,UNVR,RG,4760,5,D,YP,RX,D
10:13:20,UNVR,RG,4760,12,D,GR,RX,D
10:13:20,UNVR,RG,4760,32,D,KK,RX,D
10:13:18,UNVR,RG,4760,19,D,KK,XL,D
10:13:17,UNVR,RG,4760,2,D,KK,XC,D
10:13:06,UNVR,RG,4760,20,D,KK,EP,D
10:13:05,UNVR,RG,4760,9,D,KK,PD,D
10:13:05,UNVR,RG,4760,6,D,KK,DP,D
10:13:05,UNVR,RG,4760,12,D,KK,ZP,F
10:13:04,UNVR,RG,4750,25,D,CP,ZP,F
10:13:04,UNVR,RG,4760,21,D,GR,ZP,F
10:13:04,UNVR,RG,4760,163,D,GR,BK,F
10:13:04,UNVR,RG,4760,3,D,GR,ZP,F
10:13:04,UNVR,RG,4760,6,D,GR,DP,D
10:13:04,UNVR,RG,4760,7,D,GR,PD,D
10:13:01,UNVR,RG,4760,1,D,KK,PD,D
10:13:01,UNVR,RG,4760,4,D,KK,RX,D
10:12:55,UNVR,RG,4750,2,D,CP,ZP,F
10:12:55,UNVR,RG,4750,9,D,CP,PD,D
10:12:54,UNVR,RG,4750,4,D,CP,ZP,F
10:12:54,UNVR,RG,4750,2,D,CP,CC,D
10:12:54,UNVR,RG,4750,20,D,CP,CC,D
10:12:54,UNVR,RG,4750,4,D,CP,CC,D
10:12:54,UNVR,RG,4750,8,D,CP,ZP,F
10:12:53,UNVR,RG,4750,67,D,CP,ZP,F
10:12:53,UNVR,RG,4760,2,D,TF,RX,D
10:12:53,UNVR,RG,4760,21,D,BQ,RX,D
10:12:53,UNVR,RG,4760,10,D,PD,RX,D
10:12:53,UNVR,RG,4760,1,D,IF,RX,D
10:12:53,UNVR,RG,4760,11,D,XC,RX,D
10:12:53,UNVR,RG,4760,1,D,XC,RX,D
10:12:53,UNVR,RG,4760,1,D,SQ,RX,D
10:12:53,UNVR,RG,4760,5,D,SQ,RX,D
10:12:53,UNVR,RG,4760,13,D,PD,RX,D
10:12:53,UNVR,RG,4760,61,F,AK,RX,D
10:12:53,UNVR,RG,4760,10,D,CD,RX,D
10:12:53,UNVR,RG,4760,2,D,RG,RX,D
10:12:53,UNVR,RG,4760,5,D,YP,RX,D
10:12:53,UNVR,RG,4760,5,D,KK,RX,D
10:12:53,UNVR,RG,4760,1,D,XC,RX,D
10:12:53,UNVR,RG,4760,50,D,YP,RX,D
10:12:53,UNVR,RG,4760,16,D,XC,RX,D
10:12:53,UNVR,RG,4760,30,D,AO,RX,D
10:12:53,UNVR,RG,4760,1,D,YP,RX,D
10:12:53,UNVR,RG,4760,1,D,CC,RX,D
10:12:53,UNVR,RG,4760,25,D,AT,RX,D
10:12:53,UNVR,RG,4760,12,D,PD,RX,D
10:12:53,UNVR,RG,4760,1,D,XC,RX,D
10:12:53,UNVR,RG,4760,1,D,YP,RX,D
10:12:53,UNVR,RG,4760,1,D,PD,RX,D
10:12:53,UNVR,RG,4760,1,D,YP,RX,D
10:12:53,UNVR,RG,4760,1,D,PD,RX,D
10:12:53,UNVR,RG,4760,1,D,PD,RX,D
10:12:53,UNVR,RG,4760,5,D,DH,RX,D
10:12:53,UNVR,RG,4760,1,D,YP,RX,D
10:12:53,UNVR,RG,4760,1,D,XL,RX,D
10:12:53,UNVR,RG,4760,100,D,YP,RX,D
10:12:53,UNVR,RG,4760,1,D,EP,RX,D
10:12:53,UNVR,RG,4760,1,D,YP,RX,D
10:12:53,UNVR,RG,4760,1,D,NI,RX,D
10:12:53,UNVR,RG,4760,25,D,YB,RX,D
10:12:53,UNVR,RG,4760,1,D,XC,RX,D
10:12:53,UNVR,RG,4760,15,D,PD,RX,D
10:12:53,UNVR,RG,4760,5,D,XL,RX,D
10:12:53,UNVR,RG,4760,50,D,YP,RX,D
10:12:53,UNVR,RG,4760,3,D,CP,RX,D
10:12:53,UNVR,RG,4760,47,D,CP,RX,D
10:12:45,UNVR,RG,4760,2,D,CP,ZP,F
10:12:45,UNVR,RG,4760,9,D,CP,PD,D
10:12:35,UNVR,RG,4760,8,D,CP,PD,D
10:12:33,UNVR,RG,4760,2,D,CP,ZP,F
10:12:32,UNVR,RG,4760,11,D,CP,ZP,F
10:12:32,UNVR,RG,4770,5,D,PD,RX,D
10:12:29,UNVR,RG,4760,11,D,CP,YP,D
10:12:29,UNVR,RG,4760,5,D,PD,YP,D
10:12:29,UNVR,RG,4760,1,D,CC,YP,D
10:12:29,UNVR,RG,4760,63,D,EP,YP,D
10:12:25,UNVR,RG,4760,9,D,EP,PD,D
10:12:22,UNVR,RG,4760,2,D,EP,XL,D
10:12:17,UNVR,RG,4760,2,D,EP,ZP,F
10:12:15,UNVR,RG,4760,10,D,EP,YJ,D
10:12:15,UNVR,RG,4760,2,D,EP,ZP,F
10:12:15,UNVR,RG,4760,9,D,EP,PD,D
10:12:05,UNVR,RG,4760,9,D,EP,PD,D
10:11:57,UNVR,RG,4760,2,D,EP,ZP,F
10:11:55,UNVR,RG,4760,9,D,EP,PD,D
10:11:45,UNVR,RG,4760,8,D,EP,PD,D
10:11:40,UNVR,RG,4760,1,D,EP,KK,D
10:11:37,UNVR,RG,4760,2,D,EP,ZP,F
10:11:35,UNVR,RG,4760,9,D,EP,PD,D
10:11:25,UNVR,RG,4760,9,D,EP,PD,D
10:11:15,UNVR,RG,4760,2,D,EP,ZP,F
10:11:15,UNVR,RG,4760,9,D,EP,PD,D
10:11:05,UNVR,RG,4760,9,D,EP,PD,D
10:10:57,UNVR,RG,4760,2,D,EP,ZP,F
10:10:55,UNVR,RG,4760,5,D,EP,PD,D
10:10:55,UNVR,RG,4760,2,D,PD,PD,D
10:10:55,UNVR,RG,4760,1,D,XC,PD,D
10:10:45,UNVR,RG,4760,9,D,XC,PD,D
10:10:35,UNVR,RG,4760,2,D,XC,ZP,F
10:10:35,UNVR,RG,4760,9,D,XC,PD,D
10:10:27,UNVR,RG,4760,2,D,NI,ZP,F
10:10:25,UNVR,RG,4760,9,D,YP,PD,D
10:10:24,UNVR,RG,4760,1,D,YP,NI,D
10:10:18,UNVR,RG,4760,1,D,BQ,YP,D
10:10:15,UNVR,RG,4760,1,D,BQ,PD,D
10:10:15,UNVR,RG,4760,1,D,YB,PD,D
10:10:15,UNVR,RG,4760,1,D,XC,PD,D
10:10:15,UNVR,RG,4760,5,D,NI,PD,D
10:10:15,UNVR,RG,4760,1,D,NI,PD,D
10:10:07,UNVR,RG,4760,2,D,XL,ZP,F
10:10:05,UNVR,RG,4760,8,D,YP,PD,D
10:10:00,UNVR,RG,4770,3,D,XL,RX,D
10:09:57,UNVR,RG,4760,2,D,YP,ZP,F
10:09:55,UNVR,RG,4760,2,D,RO,PD,D
10:09:55,UNVR,RG,4760,5,D,PD,PD,D
10:09:55,UNVR,RG,4760,2,D,YP,PD,D
10:09:54,UNVR,RG,4760,1,D,YP,XC,D
10:09:45,UNVR,RG,4760,9,D,YP,PD,D
10:09:35,UNVR,RG,4760,2,D,YP,ZP,F
10:09:35,UNVR,RG,4760,9,D,YP,PD,D
10:09:29,UNVR,RG,4760,7,D,YP,ZP,F
10:09:29,UNVR,RG,4760,25,D,YP,EP,D
10:09:29,UNVR,RG,4760,8,D,YP,EP,D
10:09:29,UNVR,RG,4760,17,F,AK,EP,D
10:09:25,UNVR,RG,4760,9,F,AK,PD,D
10:09:15,UNVR,RG,4760,8,F,AK,PD,D
10:09:05,UNVR,RG,4760,2,F,AK,ZP,F
10:09:05,UNVR,RG,4760,9,F,AK,PD,D
10:08:55,UNVR,RG,4760,1,D,XL,ZP,F
10:08:55,UNVR,RG,4760,1,D,NI,ZP,F
10:08:55,UNVR,RG,4760,1,D,XC,PD,D
10:08:55,UNVR,RG,4760,1,D,YP,PD,D
10:08:55,UNVR,RG,4760,2,D,YP,PD,D
10:08:55,UNVR,RG,4760,5,D,KK,PD,D
10:08:45,UNVR,RG,4760,1,D,XC,PD,D
10:08:45,UNVR,RG,4760,1,D,CC,PD,D
10:08:45,UNVR,RG,4760,3,D,YP,PD,D
10:08:45,UNVR,RG,4760,4,D,PD,PD,D
10:08:38,UNVR,RG,4760,1,D,PD,ZP,F
10:08:38,UNVR,RG,4760,1,D,GR,ZP,F
10:08:35,UNVR,RG,4760,1,D,NI,PD,D
10:08:35,UNVR,RG,4760,2,D,XL,PD,D
10:08:35,UNVR,RG,4760,1,D,XC,PD,D
10:08:35,UNVR,RG,4760,3,D,XL,PD,D
10:08:35,UNVR,RG,4760,1,D,PD,PD,D
10:08:35,UNVR,RG,4760,1,D,RO,PD,D
10:08:25,UNVR,RG,4760,8,D,RO,PD,D
10:08:15,UNVR,RG,4760,1,D,RO,ZP,F
10:08:15,UNVR,RG,4760,1,D,YP,ZP,F
10:08:15,UNVR,RG,4760,1,D,OD,PD,D
10:08:15,UNVR,RG,4760,5,D,YP,PD,D
10:08:15,UNVR,RG,4760,1,D,LS,PD,D
10:08:15,UNVR,RG,4760,2,D,KK,PD,D
10:08:05,UNVR,RG,4760,3,D,KK,PD,D
10:08:05,UNVR,RG,4760,3,D,XL,PD,D
10:08:05,UNVR,RG,4760,3,D,YP,PD,D
10:07:57,UNVR,RG,4760,2,D,YP,ZP,F
10:07:55,UNVR,RG,4760,5,D,SQ,PD,D
10:07:55,UNVR,RG,4760,1,D,XC,PD,D
10:07:55,UNVR,RG,4760,3,D,CC,PD,D
10:07:45,UNVR,RG,4760,5,D,CC,XL,D
10:07:45,UNVR,RG,4760,2,D,CC,PD,D
10:07:45,UNVR,RG,4760,7,D,CC,PD,D
10:07:35,UNVR,RG,4760,2,D,CC,ZP,F
10:07:35,UNVR,RG,4760,8,D,CC,PD,D
10:07:25,UNVR,RG,4760,9,D,CC,PD,D
10:07:15,UNVR,RG,4760,2,D,CC,ZP,F
10:07:15,UNVR,RG,4760,9,D,CC,PD,D
10:07:13,UNVR,RG,4760,3,D,CC,ZP,F
10:07:12,UNVR,RG,4760,32,D,CC,ZP,F
10:07:11,UNVR,RG,4760,28,D,CC,RX,D
10:07:11,UNVR,RG,4760,2,D,AZ,RX,D
10:07:11,UNVR,RG,4760,1,D,XC,RX,D
10:07:11,UNVR,RG,4760,4,D,DR,RX,D
10:07:11,UNVR,RG,4760,100,D,OD,RX,D
10:07:11,UNVR,RG,4760,20,D,YP,RX,D
10:07:11,UNVR,RG,4760,2,D,YU,RX,D
10:07:11,UNVR,RG,4760,42,D,YP,RX,D
10:07:11,UNVR,RG,4760,1,D,XL,RX,D
10:07:11,UNVR,RG,4760,2,D,XL,RX,D
10:07:11,UNVR,RG,4760,53,D,PD,RX,D
10:07:05,UNVR,RG,4760,9,D,PD,PD,D
10:06:55,UNVR,RG,4760,2,D,PD,ZP,F
10:06:55,UNVR,RG,4760,6,D,PD,PD,D
10:06:55,UNVR,RG,4760,3,D,YP,PD,D
10:06:45,UNVR,RG,4760,7,D,YP,PD,D
10:06:45,UNVR,RG,4760,1,D,YP,PD,D
10:06:36,UNVR,RG,4760,2,D,YP,ZP,F
10:06:35,UNVR,RG,4760,9,D,DH,PD,D
10:06:35,UNVR,RG,4770,3,D,PD,RX,D
10:06:27,UNVR,RG,4760,1,D,DH,ZP,F
10:06:27,UNVR,RG,4760,1,D,YP,ZP,F
10:06:25,UNVR,RG,4760,1,D,IF,PD,D
10:06:25,UNVR,RG,4760,5,D,YP,PD,D
10:06:25,UNVR,RG,4760,1,D,CC,PD,D
10:06:25,UNVR,RG,4760,1,D,EP,PD,D
10:06:25,UNVR,RG,4760,1,D,CC,PD,D
10:06:16,UNVR,RG,4760,4,D,CC,PD,D
10:06:15,UNVR,RG,4760,5,D,CC,PD,D
10:06:15,UNVR,RG,4760,2,D,SQ,PD,D
10:06:15,UNVR,RG,4760,2,D,CC,PD,D
10:06:10,UNVR,RG,4760,1,D,CC,CC,D
10:06:05,UNVR,RG,4760,2,D,CC,ZP,F
10:06:05,UNVR,RG,4760,5,D,XL,ZP,F
10:06:05,UNVR,RG,4760,5,D,XL,PD,D
10:06:05,UNVR,RG,4760,1,D,XC,PD,D
10:06:05,UNVR,RG,4760,1,D,KK,PD,D
10:06:05,UNVR,RG,4760,2,D,YP,PD,D
10:06:02,UNVR,RG,4760,50,D,YP,ZP,D
10:05:55,UNVR,RG,4760,8,D,YP,PD,D
10:05:45,UNVR,RG,4760,9,D,YP,PD,D
10:05:35,UNVR,RG,4760,9,D,YP,PD,D
10:05:25,UNVR,RG,4760,9,D,YP,PD,D
10:05:15,UNVR,RG,4760,9,D,YP,PD,D
10:05:05,UNVR,RG,4760,8,D,YP,PD,D
10:04:56,UNVR,RG,4760,2,D,YP,ZP,F
10:04:55,UNVR,RG,4760,9,D,YP,PD,D
10:04:53,UNVR,RG,4770,1,D,PD,RX,D
10:04:45,UNVR,RG,4760,3,D,YP,ZP,F
10:04:45,UNVR,RG,4760,9,D,YP,PD,D
10:04:35,UNVR,RG,4760,9,D,YP,PD,D
10:04:33,UNVR,RG,4760,2,D,YP,ZP,F
10:04:33,UNVR,RG,4770,2,D,IF,RX,D
10:04:32,UNVR,RG,4760,7,D,YP,PD,D
10:04:27,UNVR,RG,4760,3,D,YP,ZP,F
10:04:25,UNVR,RG,4760,9,D,YP,PD,D
10:04:17,UNVR,RG,4760,1,D,YP,YP,D
10:04:15,UNVR,RG,4760,2,D,YP,ZP,F
10:04:15,UNVR,RG,4760,9,D,YP,PD,D
10:04:07,UNVR,RG,4760,2,D,YP,ZP,F
10:04:05,UNVR,RG,4760,8,D,YP,PD,D
10:03:55,UNVR,RG,4760,9,D,YP,PD,D
10:03:45,UNVR,RG,4760,2,D,YP,ZP,F
10:03:45,UNVR,RG,4760,9,D,YP,PD,D
10:03:38,UNVR,RG,4770,3,D,PD,RX,D
10:03:35,UNVR,RG,4760,2,D,YP,ZP,F
10:03:35,UNVR,RG,4760,9,D,YP,PD,D
10:03:34,UNVR,RG,4770,1,D,YP,RX,D
10:03:25,UNVR,RG,4760,9,D,YP,PD,D
10:03:21,UNVR,RG,4760,2,D,YP,ZP,F
10:03:21,UNVR,RG,4770,10,D,XC,RX,D
10:03:17,UNVR,RG,4760,2,D,YP,ZP,F
10:03:17,UNVR,RG,4770,1,D,XC,RX,D
10:03:15,UNVR,RG,4760,8,D,YP,PD,D
10:03:05,UNVR,RG,4760,9,D,YP,PD,D
10:03:04,UNVR,RG,4770,1,D,XL,RX,D
10:02:55,UNVR,RG,4760,10,D,YP,YP,D
10:02:55,UNVR,RG,4760,9,D,YP,PD,D
10:02:45,UNVR,RG,4760,9,D,YP,PD,D
10:02:35,UNVR,RG,4760,9,D,YP,PD,D
10:02:25,UNVR,RG,4760,8,D,YP,PD,D
10:02:18,UNVR,RG,4760,2,D,YP,CC,D
10:02:15,UNVR,RG,4760,9,D,YP,PD,D
10:02:05,UNVR,RG,4760,9,D,YP,PD,D
10:01:57,UNVR,RG,4760,2,D,YP,ZP,F
10:01:55,UNVR,RG,4760,9,D,YP,PD,D
10:01:45,UNVR,RG,4760,3,D,YP,ZP,F
10:01:45,UNVR,RG,4760,9,D,YP,PD,D
10:01:36,UNVR,RG,4760,3,D,YP,ZP,F
10:01:35,UNVR,RG,4760,8,D,YP,PD,D
10:01:27,UNVR,RG,4760,3,D,YP,ZP,F
10:01:25,UNVR,RG,4760,9,D,YP,PD,D
10:01:17,UNVR,RG,4760,2,D,YP,ZP,F
10:01:15,UNVR,RG,4760,9,D,YP,PD,D
10:01:10,UNVR,RG,4770,2,D,CP,RX,D
10:01:05,UNVR,RG,4760,2,D,YP,ZP,F
10:01:05,UNVR,RG,4760,9,D,YP,PD,D
10:00:59,UNVR,RG,4760,5,D,YP,ZP,F
10:00:58,UNVR,RG,4760,42,D,YP,YP,D
10:00:57,UNVR,RG,4760,2,D,YP,ZP,F
10:00:55,UNVR,RG,4760,9,D,YP,PD,D
10:00:45,UNVR,RG,4760,8,D,YP,PD,D
10:00:43,UNVR,RG,4770,1,D,PD,RX,D
10:00:37,UNVR,RG,4760,2,D,YP,ZP,F
10:00:35,UNVR,RG,4760,9,D,YP,PD,D
10:00:31,UNVR,RG,4770,5,D,XC,RX,D
10:00:25,UNVR,RG,4760,2,D,YP,ZP,F
10:00:25,UNVR,RG,4760,9,D,YP,PD,D
10:00:15,UNVR,RG,4760,9,D,YP,PD,D
10:00:07,UNVR,RG,4760,3,D,YP,ZP,F
10:00:07,UNVR,RG,4770,25,D,PD,RX,D
10:00:06,UNVR,RG,4760,2,D,YP,ZP,F
10:00:05,UNVR,RG,4760,9,D,YP,PD,D
09:59:55,UNVR,RG,4760,8,D,YP,PD,D
09:59:45,UNVR,RG,4760,9,D,YP,PD,D
09:59:35,UNVR,RG,4760,9,D,YP,PD,D
09:59:28,UNVR,RG,4760,2,D,YP,ZP,F
09:59:26,UNVR,RG,4770,13,D,PD,RX,D
09:59:25,UNVR,RG,4760,9,D,YP,PD,D
09:59:15,UNVR,RG,4760,9,D,YP,PD,D
09:59:05,UNVR,RG,4760,8,D,YP,PD,D
09:58:55,UNVR,RG,4760,2,D,YP,ZP,F
09:58:55,UNVR,RG,4760,9,D,YP,PD,D
09:58:50,UNVR,RG,4760,2,D,YP,ZP,F
09:58:49,UNVR,RG,4760,1,D,YP,DP,D
09:58:45,UNVR,RG,4760,9,D,YP,PD,D
09:58:41,UNVR,RG,4760,2,D,YP,ZP,F
09:58:41,UNVR,RG,4760,10,D,YP,AZ,D
09:58:37,UNVR,RG,4760,3,D,YP,ZP,F
09:58:35,UNVR,RG,4760,9,D,YP,PD,D
09:58:25,UNVR,RG,4760,9,D,YP,PD,D
09:58:15,UNVR,RG,4760,1,D,YP,DP,D
09:58:15,UNVR,RG,4760,8,D,YP,PD,D
09:58:05,UNVR,RG,4760,9,D,YP,PD,D
09:58:01,UNVR,RG,4770,1,D,NI,RX,D
09:57:55,UNVR,RG,4760,9,D,YP,PD,D
09:57:45,UNVR,RG,4760,9,D,YP,PD,D
09:57:35,UNVR,RG,4760,9,D,YP,PD,D
09:57:25,UNVR,RG,4760,8,D,YP,PD,D
09:57:15,UNVR,RG,4760,9,D,YP,PD,D
09:57:05,UNVR,RG,4760,9,D,YP,PD,D
09:56:55,UNVR,RG,4760,2,D,YP,ZP,F
09:56:55,UNVR,RG,4770,1,D,XC,RX,D
09:56:55,UNVR,RG,4760,9,D,YP,PD,D
09:56:47,UNVR,RG,4760,3,D,YP,ZP,F
09:56:45,UNVR,RG,4760,9,D,YP,PD,D
09:56:35,UNVR,RG,4760,9,D,YP,PD,D
09:56:25,UNVR,RG,4760,3,D,YP,ZP,F
09:56:25,UNVR,RG,4760,8,D,YP,PD,D
09:56:15,UNVR,RG,4760,9,D,YP,PD,D
09:56:12,UNVR,RG,4760,2,D,YP,ZP,F
09:56:11,UNVR,RG,4770,1,D,XC,RX,D
09:56:05,UNVR,RG,4760,9,D,YP,PD,D
09:55:55,UNVR,RG,4760,2,D,YP,ZP,F
09:55:55,UNVR,RG,4760,9,D,YP,PD,D
09:55:47,UNVR,RG,4760,2,D,YP,ZP,F
09:55:45,UNVR,RG,4760,9,D,YP,PD,D
09:55:37,UNVR,RG,4760,3,D,YP,ZP,F
09:55:35,UNVR,RG,4760,8,D,YP,PD,D
09:55:25,UNVR,RG,4760,1,D,YP,YP,D
09:55:25,UNVR,RG,4760,9,D,YP,PD,D
09:55:24,UNVR,RG,4760,3,D,YP,ZP,F
09:55:24,UNVR,RG,4760,5,D,YP,DP,D
09:55:23,UNVR,RG,4760,12,D,YP,YP,D
09:55:15,UNVR,RG,4760,2,D,YP,ZP,F
09:55:15,UNVR,RG,4760,9,D,YP,PD,D
09:55:09,UNVR,RG,4760,1,D,YP,PD,D
09:55:05,UNVR,RG,4760,2,D,YP,ZP,F
09:55:05,UNVR,RG,4760,9,D,YP,PD,D
09:54:55,UNVR,RG,4760,9,D,YP,PD,D
09:54:51,UNVR,RG,4760,1,D,YP,DP,D
09:54:45,UNVR,RG,4760,8,D,YP,PD,D
09:54:42,UNVR,RG,4760,2,D,YP,ZP,F
09:54:40,UNVR,RG,4770,9,D,SQ,RX,D
09:54:37,UNVR,RG,4760,3,D,YP,ZP,F
09:54:37,UNVR,RG,4770,20,D,XC,RX,D
09:54:35,UNVR,RG,4760,9,D,YP,PD,D
09:54:25,UNVR,RG,4760,9,D,YP,PD,D
09:54:15,UNVR,RG,4760,9,D,YP,PD,D
09:54:07,UNVR,RG,4760,2,D,YP,ZP,F
09:54:05,UNVR,RG,4760,9,D,YP,PD,D
09:53:55,UNVR,RG,4760,8,D,YP,PD,D
09:53:45,UNVR,RG,4760,9,D,YP,PD,D
09:53:35,UNVR,RG,4760,9,D,YP,PD,D
09:53:27,UNVR,RG,4770,1,D,DH,RX,D
09:53:25,UNVR,RG,4760,9,D,YP,PD,D
09:53:15,UNVR,RG,4760,9,D,YP,PD,D
09:53:14,UNVR,RG,4770,1,D,DH,RX,D
09:53:11,UNVR,RG,4760,1,D,YP,XC,D
09:53:05,UNVR,RG,4760,8,D,YP,PD,D
09:52:57,UNVR,RG,4770,1,D,DH,RX,D
09:52:55,UNVR,RG,4760,9,D,YP,PD,D
09:52:52,UNVR,RG,4770,1,D,XL,RX,D
09:52:45,UNVR,RG,4760,9,D,YP,PD,D
09:52:35,UNVR,RG,4760,9,D,YP,PD,D
09:52:31,UNVR,RG,4770,1,D,DH,RX,D
09:52:29,UNVR,RG,4760,1,D,YP,XC,D
09:52:25,UNVR,RG,4760,9,D,YP,PD,D
09:52:15,UNVR,RG,4760,8,D,YP,PD,D
09:52:10,UNVR,RG,4770,2,D,DH,RX,D
09:52:05,UNVR,RG,4760,9,D,YP,PD,D
09:51:57,UNVR,RG,4760,2,D,YP,ZP,F
09:51:55,UNVR,RG,4760,9,D,YP,PD,D
09:51:48,UNVR,RG,4760,3,D,YP,ZP,F
09:51:45,UNVR,RG,4760,4,D,YP,PD,D
09:51:45,UNVR,RG,4760,5,D,YP,PD,D
09:51:38,UNVR,RG,4760,3,D,YP,ZP,F
09:51:35,UNVR,RG,4760,9,D,YP,PD,D
09:51:27,UNVR,RG,4760,6,D,YP,DP,D
09:51:25,UNVR,RG,4760,2,D,YP,ZP,F
09:51:25,UNVR,RG,4760,8,D,YP,PD,D
09:51:15,UNVR,RG,4760,3,D,YP,ZP,F
09:51:15,UNVR,RG,4760,9,D,YP,PD,D
09:51:05,UNVR,RG,4760,2,D,YP,ZP,F
09:51:05,UNVR,RG,4760,9,D,YP,PD,D
09:50:55,UNVR,RG,4760,2,D,YP,ZP,F
09:50:55,UNVR,RG,4760,9,D,YP,PD,D
09:50:45,UNVR,RG,4760,9,D,YP,PD,D
09:50:35,UNVR,RG,4760,2,D,YP,ZP,F
09:50:35,UNVR,RG,4760,8,D,YP,PD,D
09:50:25,UNVR,RG,4760,9,D,YP,PD,D
09:50:15,UNVR,RG,4760,2,D,YP,ZP,F
09:50:15,UNVR,RG,4760,9,D,YP,PD,D
09:50:07,UNVR,RG,4760,2,D,YP,ZP,F
09:50:05,UNVR,RG,4760,9,D,YP,PD,D
09:50:00,UNVR,RG,4770,6,D,NI,RX,D
09:49:55,UNVR,RG,4760,2,D,YP,ZP,F
09:49:55,UNVR,RG,4760,9,D,YP,PD,D
09:49:45,UNVR,RG,4760,8,D,YP,PD,D
09:49:37,UNVR,RG,4760,1,D,YP,YP,D
09:49:36,UNVR,RG,4760,2,D,YP,ZP,F
09:49:35,UNVR,RG,4760,9,D,YP,PD,D
09:49:25,UNVR,RG,4760,2,D,YP,ZP,F
09:49:25,UNVR,RG,4760,9,D,YP,PD,D
09:49:15,UNVR,RG,4760,9,D,YP,PD,D
09:49:07,UNVR,RG,4760,1,D,YP,PD,D
09:49:05,UNVR,RG,4760,9,D,YP,PD,D
09:49:02,UNVR,RG,4770,1,D,XL,RX,D
09:48:59,UNVR,RG,4760,9,D,YP,EP,D
09:48:55,UNVR,RG,4760,8,D,YP,PD,D
09:48:45,UNVR,RG,4760,5,D,YP,PD,D
09:48:45,UNVR,RG,4760,1,D,YP,PD,D
09:48:45,UNVR,RG,4760,3,D,PD,PD,D
09:48:35,UNVR,RG,4760,9,D,PD,PD,D
09:48:31,UNVR,RG,4760,2,D,PD,ZP,F
09:48:30,UNVR,RG,4770,25,D,YP,RX,D
09:48:25,UNVR,RG,4760,6,D,PD,PD,D
09:48:25,UNVR,RG,4760,3,D,HP,PD,D
09:48:15,UNVR,RG,4760,9,D,HP,PD,D
09:48:12,UNVR,RG,4770,3,D,CC,RX,D
09:48:06,UNVR,RG,4760,7,D,HP,ZP,F
09:48:06,UNVR,RG,4770,55,D,YP,RX,D
09:48:05,UNVR,RG,4760,9,D,HP,PD,D
09:47:56,UNVR,RG,4760,8,D,HP,ZP,F
09:47:56,UNVR,RG,4760,14,D,HP,YP,D
09:47:56,UNVR,RG,4760,39,D,PD,YP,D
09:47:56,UNVR,RG,4760,2,D,YP,YP,D
09:47:55,UNVR,RG,4760,8,D,DR,PD,D
09:47:47,UNVR,RG,4760,2,D,DR,ZP,F
09:47:45,UNVR,RG,4760,9,D,DR,PD,D
09:47:35,UNVR,RG,4760,2,D,DR,ZP,F
09:47:35,UNVR,RG,4760,4,D,DR,PD,D
09:47:35,UNVR,RG,4760,2,D,YP,PD,D
09:47:35,UNVR,RG,4760,3,D,YP,PD,D
09:47:28,UNVR,RG,4760,2,D,YP,ZP,F
09:47:25,UNVR,RG,4760,5,D,YP,PD,D
09:47:25,UNVR,RG,4760,4,D,PD,PD,D
09:47:15,UNVR,RG,4760,5,D,PD,PD,D
09:47:15,UNVR,RG,4760,1,D,DR,PD,D
09:47:15,UNVR,RG,4760,3,D,KK,PD,D
09:47:14,UNVR,RG,4760,2,D,KK,ZP,F
09:47:14,UNVR,RG,4770,10,D,KK,RX,D
09:47:07,UNVR,RG,4760,2,D,KK,ZP,F
09:47:05,UNVR,RG,4760,8,D,KK,PD,D
09:46:56,UNVR,RG,4760,2,D,KK,ZP,F
09:46:56,UNVR,RG,4770,1,D,CC,RX,D
09:46:55,UNVR,RG,4760,9,D,KK,PD,D
09:46:48,UNVR,RG,4760,10,D,KK,GR,D
09:46:45,UNVR,RG,4760,3,D,KK,ZP,F
09:46:45,UNVR,RG,4760,9,D,KK,PD,D
09:46:44,UNVR,RG,4760,14,D,KK,ZP,F
09:46:44,UNVR,RG,4760,38,D,KK,CC,D
09:46:44,UNVR,RG,4760,25,D,YP,CC,D
09:46:44,UNVR,RG,4760,1,D,YP,CC,D
09:46:44,UNVR,RG,4760,1,D,PD,CC,D
09:46:44,UNVR,RG,4760,2,D,XL,CC,D
09:46:44,UNVR,RG,4760,1,D,CC,CC,D
09:46:44,UNVR,RG,4760,1,D,PD,CC,D
09:46:44,UNVR,RG,4760,3,D,YP,CC,D
09:46:44,UNVR,RG,4760,48,D,YP,CC,D
09:46:37,UNVR,RG,4760,2,D,YP,ZP,F
09:46:36,UNVR,RG,4760,1,D,CC,PD,D
09:46:36,UNVR,RG,4760,8,D,KK,PD,D
09:46:29,UNVR,RG,4770,1,D,HP,RX,D
09:46:26,UNVR,RG,4770,5,D,PD,RX,D
09:46:26,UNVR,RG,4760,2,D,KK,ZP,F
09:46:26,UNVR,RG,4760,10,D,KK,ZP,F
09:46:26,UNVR,RG,4760,1,D,DR,ZP,F
09:46:26,UNVR,RG,4760,1,D,DR,PD,D
09:46:26,UNVR,RG,4760,8,D,DR,PD,D
09:46:25,UNVR,RG,4760,52,D,DR,GR,D
09:46:25,UNVR,RG,4760,1,D,PD,GR,D
09:46:25,UNVR,RG,4760,1,D,KK,GR,D
09:46:25,UNVR,RG,4760,1,D,YU,GR,D
09:46:25,UNVR,RG,4760,45,D,CP,GR,D
09:46:17,UNVR,RG,4760,2,D,CP,ZP,F
09:46:16,UNVR,RG,4760,8,D,CP,PD,D
09:46:08,UNVR,RG,4760,6,D,CP,ZP,F
09:46:08,UNVR,RG,4760,39,D,CP,ZP,F
09:46:07,UNVR,RG,4770,1,D,YP,RX,D
09:46:07,UNVR,RG,4770,1,D,DR,RX,D
09:46:07,UNVR,RG,4770,1,D,YP,RX,D
09:46:07,UNVR,RG,4770,5,D,YP,RX,D
09:46:07,UNVR,RG,4770,1,D,XL,RX,D
09:46:07,UNVR,RG,4770,5,D,GR,RX,D
09:46:07,UNVR,RG,4770,1,D,XC,RX,D
09:46:07,UNVR,RG,4770,10,D,YP,RX,D
09:46:07,UNVR,RG,4770,2,D,PD,RX,D
09:46:07,UNVR,RG,4770,10,D,YP,RX,D
09:46:07,UNVR,RG,4770,5,D,XL,RX,D
09:46:07,UNVR,RG,4770,1,D,PD,RX,D
09:46:07,UNVR,RG,4770,1,D,YB,RX,D
09:46:07,UNVR,RG,4770,1,D,XC,RX,D
09:46:07,UNVR,RG,4770,11,D,BQ,RX,D
09:46:07,UNVR,RG,4770,3,D,XC,RX,D
09:46:07,UNVR,RG,4770,2,D,XL,RX,D
09:46:07,UNVR,RG,4770,1,D,CC,RX,D
09:46:07,UNVR,RG,4770,3,D,PD,RX,D
09:46:07,UNVR,RG,4770,50,D,YP,RX,D
09:46:07,UNVR,RG,4770,1,D,PD,RX,D
09:46:07,UNVR,RG,4770,1,D,CC,RX,D
09:46:07,UNVR,RG,4770,25,D,PD,RX,D
09:46:07,UNVR,RG,4770,100,D,YP,RX,D
09:46:07,UNVR,RG,4770,10,D,YP,RX,D
09:46:07,UNVR,RG,4770,10,D,GR,RX,D
09:46:07,UNVR,RG,4770,1,D,PD,RX,D
09:46:07,UNVR,RG,4770,64,F,AK,RX,D
09:46:07,UNVR,RG,4770,5,D,XC,RX,D
09:46:07,UNVR,RG,4770,4,D,NI,RX,D
09:46:07,UNVR,RG,4770,5,D,NI,RX,D
09:46:07,UNVR,RG,4770,4,D,YB,RX,D
09:46:07,UNVR,RG,4770,1,D,OD,RX,D
09:46:07,UNVR,RG,4770,1,D,YP,RX,D
09:46:06,UNVR,RG,4770,2,D,YP,ZP,F
09:46:06,UNVR,RG,4770,9,D,YP,PD,D
09:45:56,UNVR,RG,4770,8,D,YP,PD,D
09:45:56,UNVR,RG,4770,1,D,PD,PD,D
09:45:46,UNVR,RG,4780,1,D,XL,ZP,F
09:45:46,UNVR,RG,4770,3,D,PD,ZP,F
09:45:46,UNVR,RG,4770,6,D,PD,PD,D
09:45:46,UNVR,RG,4770,1,D,LS,PD,D
09:45:46,UNVR,RG,4770,2,D,XL,PD,D
09:45:42,UNVR,RG,4770,4,D,XL,CC,D
09:45:36,UNVR,RG,4770,3,D,XL,ZP,F
09:45:35,UNVR,RG,4770,9,D,XL,PD,D
09:45:20,UNVR,RG,4770,4,D,XL,ZP,F
09:45:20,UNVR,RG,4770,4,D,XL,AK,F
09:45:20,UNVR,RG,4770,26,D,XL,AK,F
09:45:20,UNVR,RG,4770,48,D,XL,GR,D
09:45:20,UNVR,RG,4770,1,D,KK,GR,D
09:45:20,UNVR,RG,4770,1,D,XC,GR,D
09:45:20,UNVR,RG,4770,1,D,XC,GR,D
09:45:20,UNVR,RG,4770,449,D,CP,GR,D
09:45:16,UNVR,RG,4770,13,D,CP,ZP,F
09:45:16,UNVR,RG,4780,13,D,LG,ZP,F
09:45:16,UNVR,RG,4780,2,D,LG,ZP,F
09:45:16,UNVR,RG,4780,5,D,LG,YP,D
09:45:16,UNVR,RG,4780,9,D,LG,PD,D
09:45:16,UNVR,RG,4780,44,D,LG,ZP,F
09:45:16,UNVR,RG,4780,27,D,LG,BK,F
09:45:16,UNVR,RG,4770,9,D,CP,PD,D
09:45:08,UNVR,RG,4770,2,D,CP,ZP,F
09:45:06,UNVR,RG,4770,9,D,CP,PD,D
09:45:00,UNVR,RG,4770,2,D,CP,AZ,D
09:44:56,UNVR,RG,4770,9,D,CP,PD,D
09:44:54,UNVR,RG,4770,1,D,CP,XC,D
09:44:46,UNVR,RG,4770,6,D,CP,PD,D
09:44:46,UNVR,RG,4770,3,D,CC,PD,D
09:44:35,UNVR,RG,4770,8,D,CC,PD,D
09:44:29,UNVR,RG,4770,2,D,CC,NI,D
09:44:29,UNVR,RG,4770,3,D,AZ,NI,D
09:44:26,UNVR,RG,4770,1,D,AZ,PD,D
09:44:26,UNVR,RG,4770,5,D,NI,PD,D
09:44:26,UNVR,RG,4770,3,D,AZ,PD,D
09:44:16,UNVR,RG,4770,7,D,AZ,PD,D
09:44:16,UNVR,RG,4770,2,D,YP,PD,D
09:44:05,UNVR,RG,4770,9,D,YP,PD,D
09:43:56,UNVR,RG,4770,2,D,YP,ZP,F
09:43:56,UNVR,RG,4770,3,D,YP,ZP,F
09:43:55,UNVR,RG,4770,9,D,YP,PD,D
09:43:55,UNVR,RG,4770,20,D,YP,OD,D
09:43:47,UNVR,RG,4770,2,D,YP,ZP,F
09:43:45,UNVR,RG,4770,8,D,YP,PD,D
09:43:38,UNVR,RG,4770,2,D,YP,ZP,F
09:43:35,UNVR,RG,4770,9,D,YP,PD,D
09:43:31,UNVR,RG,4770,6,D,YP,ZP,F
09:43:31,UNVR,RG,4770,46,D,YP,XC,D
09:43:28,UNVR,RG,4770,2,D,YP,ZP,F
09:43:25,UNVR,RG,4770,9,D,YP,PD,D
09:43:16,UNVR,RG,4770,2,D,YP,ZP,F
09:43:15,UNVR,RG,4770,9,D,YP,PD,D
09:43:06,UNVR,RG,4770,2,D,YP,ZP,F
09:43:05,UNVR,RG,4770,9,D,YP,PD,D
09:42:56,UNVR,RG,4770,3,D,YP,ZP,F
09:42:55,UNVR,RG,4770,8,D,YP,PD,D
09:42:45,UNVR,RG,4770,9,D,YP,PD,D
09:42:43,UNVR,RG,4770,2,D,YP,NI,D
09:42:37,UNVR,RG,4770,2,D,YP,ZP,F
09:42:35,UNVR,RG,4770,9,D,YP,PD,D
09:42:33,UNVR,RG,4770,2,D,YP,ZP,F
09:42:33,UNVR,RG,4780,4,D,CC,BK,F
09:42:25,UNVR,RG,4770,9,D,YP,PD,D
09:42:17,UNVR,RG,4770,3,D,YP,ZP,F
09:42:15,UNVR,RG,4770,9,D,YP,PD,D
09:42:05,UNVR,RG,4770,8,D,YP,PD,D
09:41:57,UNVR,RG,4770,2,D,YP,ZP,F
09:41:56,UNVR,RG,4770,9,D,YP,PD,D
09:41:53,UNVR,RG,4770,5,D,YP,MG,D
09:41:48,UNVR,RG,4780,1,D,PD,BK,F
09:41:46,UNVR,RG,4770,9,D,YP,PD,D
09:41:35,UNVR,RG,4770,9,D,YP,PD,D
09:41:25,UNVR,RG,4770,9,D,YP,PD,D
09:41:16,UNVR,RG,4770,8,D,YP,PD,D
09:41:05,UNVR,RG,4770,9,D,YP,PD,D
09:40:55,UNVR,RG,4770,9,D,YP,PD,D
09:40:45,UNVR,RG,4770,9,D,YP,PD,D
09:40:35,UNVR,RG,4770,9,D,YP,PD,D
09:40:33,UNVR,RG,4780,1,D,XL,BK,F
09:40:33,UNVR,RG,4780,10,D,YP,BK,F
09:40:25,UNVR,RG,4770,9,D,YP,PD,D
09:40:15,UNVR,RG,4770,8,D,YP,PD,D
09:40:05,UNVR,RG,4770,9,D,YP,PD,D
09:39:57,UNVR,RG,4770,2,D,YP,ZP,F
09:39:55,UNVR,RG,4770,9,D,YP,PD,D
09:39:55,UNVR,RG,4780,1,D,PD,BK,F
09:39:47,UNVR,RG,4770,2,D,YP,ZP,F
09:39:45,UNVR,RG,4770,9,D,YP,PD,D
09:39:42,UNVR,RG,4770,2,D,YP,ZP,F
09:39:38,UNVR,RG,4780,20,D,YP,BK,F
09:39:37,UNVR,RG,4770,2,D,YP,ZP,F
09:39:35,UNVR,RG,4770,9,D,YP,PD,D
09:39:32,UNVR,RG,4770,2,D,YP,ZP,F
09:39:27,UNVR,RG,4770,5,D,YP,XC,D
09:39:27,UNVR,RG,4780,1,D,PD,BK,F
09:39:25,UNVR,RG,4770,8,D,YP,PD,D
09:39:18,UNVR,RG,4770,2,D,YP,ZP,F
09:39:15,UNVR,RG,4770,9,D,YP,PD,D
09:39:07,UNVR,RG,4770,2,D,YP,ZP,F
09:39:05,UNVR,RG,4770,9,D,YP,PD,D
09:39:04,UNVR,RG,4780,1,D,XL,BK,F
09:38:56,UNVR,RG,4770,2,D,YP,ZP,F
09:38:55,UNVR,RG,4770,9,D,YP,PD,D
09:38:46,UNVR,RG,4770,2,D,YP,ZP,F
09:38:45,UNVR,RG,4770,9,D,YP,PD,D
09:38:45,UNVR,RG,4770,2,D,YP,ZP,F
09:38:44,UNVR,RG,4770,7,D,YP,HP,D
09:38:37,UNVR,RG,4770,2,D,YP,ZP,F
09:38:35,UNVR,RG,4770,8,D,YP,PD,D
09:38:26,UNVR,RG,4770,2,D,YP,ZP,F
09:38:25,UNVR,RG,4770,9,D,YP,PD,D
09:38:15,UNVR,RG,4770,9,D,YP,PD,D
09:38:09,UNVR,RG,4770,1,D,YP,NI,D
09:38:05,UNVR,RG,4770,9,D,YP,PD,D
09:37:55,UNVR,RG,4770,9,D,YP,PD,D
09:37:51,UNVR,RG,4770,1,D,YP,XC,D
09:37:45,UNVR,RG,4770,8,D,YP,PD,D
09:37:35,UNVR,RG,4770,9,D,YP,PD,D
09:37:25,UNVR,RG,4770,2,D,YP,PD,D
09:37:25,UNVR,RG,4770,7,D,AZ,PD,D
09:37:21,UNVR,RG,4780,4,D,XL,BK,F
09:37:15,UNVR,RG,4770,9,D,AZ,PD,D
09:37:05,UNVR,RG,4770,9,D,AZ,PD,D
09:37:02,UNVR,RG,4770,2,D,AZ,EP,D
09:36:56,UNVR,RG,4770,2,D,AZ,ZP,F
09:36:55,UNVR,RG,4770,8,D,AZ,PD,D
09:36:46,UNVR,RG,4770,5,D,AZ,YP,D
09:36:46,UNVR,RG,4770,2,D,NI,ZP,F
09:36:45,UNVR,RG,4770,8,D,NI,PD,D
09:36:45,UNVR,RG,4770,1,D,PD,PD,D
09:36:36,UNVR,RG,4770,1,D,YP,ZP,F
09:36:36,UNVR,RG,4770,1,D,YP,ZP,F
09:36:35,UNVR,RG,4770,4,D,YP,PD,D
09:36:35,UNVR,RG,4770,5,D,AT,PD,D
09:36:34,UNVR,RG,4770,2,D,AT,NI,D
09:36:26,UNVR,RG,4770,2,D,AT,ZP,F
09:36:26,UNVR,RG,4770,12,D,AT,ZP,F
09:36:25,UNVR,RG,4770,6,D,AT,PD,D
09:36:25,UNVR,RG,4770,1,D,YP,PD,D
09:36:25,UNVR,RG,4770,2,D,PD,PD,D
09:36:25,UNVR,RG,4780,100,D,YP,BK,F
09:36:16,UNVR,RG,4770,2,D,PD,ZP,F
09:36:15,UNVR,RG,4770,6,D,PD,PD,D
09:36:15,UNVR,RG,4770,3,D,OD,PD,D
09:36:06,UNVR,RG,4770,2,D,OD,ZP,F
09:36:06,UNVR,RG,4770,3,D,EP,ZP,F
09:36:06,UNVR,RG,4770,2,D,EP,YP,D
09:36:06,UNVR,RG,4770,1,D,XC,YP,D
09:36:06,UNVR,RG,4770,1,D,XC,YP,D
09:36:06,UNVR,RG,4770,1,D,PD,YP,D
09:36:06,UNVR,RG,4770,1,D,XL,YP,D
09:36:06,UNVR,RG,4770,1,D,DR,YP,D
09:36:06,UNVR,RG,4770,2,D,XC,YP,D
09:36:06,UNVR,RG,4770,10,D,NI,YP,D
09:36:06,UNVR,RG,4770,13,D,AI,YP,D
09:36:06,UNVR,RG,4780,1,D,XL,BK,F
09:36:05,UNVR,RG,4770,8,D,AI,PD,D
09:35:56,UNVR,RG,4770,2,D,AI,ZP,F
09:35:55,UNVR,RG,4770,9,D,AI,PD,D
09:35:45,UNVR,RG,4770,9,D,AI,PD,D
09:35:37,UNVR,RG,4770,2,D,AI,ZP,F
09:35:35,UNVR,RG,4770,9,D,AI,PD,D
09:35:25,UNVR,RG,4770,9,D,AI,PD,D
09:35:17,UNVR,RG,4770,2,D,AI,ZP,F
09:35:15,UNVR,RG,4770,8,D,AI,PD,D
09:35:12,UNVR,RG,4770,4,D,AI,ZP,F
09:35:12,UNVR,RG,4770,25,D,AI,PD,D
09:35:12,UNVR,RG,4770,2,D,AZ,PD,D
09:35:12,UNVR,RG,4770,3,D,YP,PD,D
09:35:05,UNVR,RG,4770,7,D,YP,PD,D
09:35:05,UNVR,RG,4770,2,F,AK,PD,D
09:35:00,UNVR,RG,4770,2,F,AK,XC,D
09:34:56,UNVR,RG,4770,2,F,AK,ZP,F
09:34:55,UNVR,RG,4770,9,F,AK,PD,D
09:34:45,UNVR,RG,4770,9,F,AK,PD,D
09:34:42,UNVR,RG,4770,4,F,AK,ZP,F
09:34:38,UNVR,RG,4770,17,F,AK,EP,D
09:34:38,UNVR,RG,4770,19,D,YU,EP,D
09:34:35,UNVR,RG,4770,9,D,YU,PD,D
09:34:27,UNVR,RG,4770,2,D,YU,ZP,F
09:34:25,UNVR,RG,4770,8,D,YU,PD,D
09:34:15,UNVR,RG,4770,9,D,YU,PD,D
09:34:05,UNVR,RG,4770,9,D,YU,PD,D
09:33:55,UNVR,RG,4770,9,D,YU,PD,D
09:33:45,UNVR,RG,4770,9,D,YU,PD,D
09:33:35,UNVR,RG,4770,8,D,YU,PD,D
09:33:25,UNVR,RG,4770,9,D,YU,PD,D
09:33:21,UNVR,RG,4770,9,D,YU,XL,D
09:33:21,UNVR,RG,4770,1,D,PD,XL,D
09:33:21,UNVR,RG,4770,2,D,CC,XL,D
09:33:15,UNVR,RG,4770,8,D,CC,PD,D
09:33:15,UNVR,RG,4770,1,D,YP,PD,D
09:33:05,UNVR,RG,4770,2,D,KK,PD,D
09:33:05,UNVR,RG,4770,7,D,SQ,PD,D
09:32:55,UNVR,RG,4770,3,D,SQ,PD,D
09:32:55,UNVR,RG,4770,6,D,YP,PD,D
09:32:45,UNVR,RG,4770,4,D,YP,PD,D
09:32:45,UNVR,RG,4770,1,D,PD,PD,D
09:32:45,UNVR,RG,4770,1,D,KK,PD,D
09:32:45,UNVR,RG,4770,2,D,PD,PD,D
09:32:45,UNVR,RG,4770,1,D,YP,PD,D
09:32:35,UNVR,RG,4770,8,D,YP,PD,D
09:32:27,UNVR,RG,4770,2,D,YP,ZP,F
09:32:25,UNVR,RG,4770,9,D,YP,PD,D
09:32:15,UNVR,RG,4770,9,D,YP,PD,D
09:32:05,UNVR,RG,4770,9,D,YP,PD,D
09:31:57,UNVR,RG,4770,2,D,YP,ZP,F
09:31:55,UNVR,RG,4770,9,D,YP,PD,D
09:31:45,UNVR,RG,4770,8,D,YP,PD,D
09:31:37,UNVR,RG,4770,2,D,YP,ZP,F
09:31:35,UNVR,RG,4770,9,D,YP,PD,D
09:31:32,UNVR,RG,4770,15,D,YP,PD,D
09:31:27,UNVR,RG,4770,2,D,YP,ZP,F
09:31:25,UNVR,RG,4770,9,D,YP,PD,D
09:31:19,UNVR,RG,4770,1,D,YP,NI,D
09:31:16,UNVR,RG,4770,2,D,YP,ZP,F
09:31:15,UNVR,RG,4770,9,D,YP,PD,D
09:31:10,UNVR,RG,4770,3,D,YP,PD,D
09:31:05,UNVR,RG,4770,9,D,YP,PD,D
09:30:56,UNVR,RG,4770,2,D,YP,ZP,F
09:30:55,UNVR,RG,4770,8,D,YP,PD,D
09:30:55,UNVR,RG,4770,3,D,YP,OD,D
09:30:53,UNVR,RG,4770,2,D,YP,ZP,F
09:30:52,UNVR,RG,4780,1,D,SQ,BK,F
09:30:52,UNVR,RG,4770,3,D,YP,XL,D
09:30:45,UNVR,RG,4770,9,D,YP,PD,D
09:30:37,UNVR,RG,4770,3,D,YP,ZP,F
09:30:35,UNVR,RG,4770,9,D,YP,PD,D
09:30:25,UNVR,RG,4770,9,D,YP,PD,D
09:30:16,UNVR,RG,4770,2,D,YP,ZP,F
09:30:15,UNVR,RG,4770,2,D,YP,PD,D
09:30:15,UNVR,RG,4770,2,D,XL,PD,D
09:30:15,UNVR,RG,4770,1,D,XL,PD,D
09:30:15,UNVR,RG,4770,4,D,NI,PD,D
09:30:07,UNVR,RG,4770,2,D,NI,ZP,F
09:30:05,UNVR,RG,4770,8,D,NI,PD,D
09:29:59,UNVR,RG,4770,11,D,NI,ZP,F
09:29:59,UNVR,RG,4770,32,D,NI,ZP,F
09:29:59,UNVR,RG,4770,11,D,NI,AK,F
09:29:59,UNVR,RG,4770,39,D,NI,AK,F
09:29:59,UNVR,RG,4770,10,D,NI,AK,F
09:29:59,UNVR,RG,4770,104,D,NI,EP,D
09:29:59,UNVR,RG,4770,1,D,PD,EP,D
09:29:59,UNVR,RG,4770,20,D,CC,EP,D
09:29:59,UNVR,RG,4770,1,D,OD,EP,D
09:29:59,UNVR,RG,4770,1,D,YP,EP,D
09:29:59,UNVR,RG,4770,10,D,SQ,EP,D
09:29:59,UNVR,RG,4770,3,D,SQ,EP,D
09:29:59,UNVR,RG,4770,1,D,XC,EP,D
09:29:59,UNVR,RG,4770,10,D,CC,EP,D
09:29:59,UNVR,RG,4770,10,D,YP,EP,D
09:29:59,UNVR,RG,4770,1,D,CC,EP,D
09:29:59,UNVR,RG,4770,12,D,HP,EP,D
09:29:59,UNVR,RG,4770,5,D,TP,EP,D
09:29:59,UNVR,RG,4770,25,D,HP,EP,D
09:29:59,UNVR,RG,4770,2,D,XL,EP,D
09:29:59,UNVR,RG,4770,2,D,AZ,EP,D
09:29:59,UNVR,RG,4770,1,D,EP,EP,D
09:29:59,UNVR,RG,4770,1,D,XC,EP,D
09:29:59,UNVR,RG,4770,10,D,CC,EP,D
09:29:59,UNVR,RG,4770,10,D,CC,EP,D
09:29:59,UNVR,RG,4770,1,D,XC,EP,D
09:29:59,UNVR,RG,4770,193,D,GR,EP,D
09:29:55,UNVR,RG,4770,9,D,GR,PD,D
09:29:45,UNVR,RG,4770,9,D,GR,PD,D
09:29:35,UNVR,RG,4770,9,D,GR,PD,D
09:29:31,UNVR,RG,4770,2,D,GR,NI,D
09:29:25,UNVR,RG,4770,9,D,GR,PD,D
09:29:15,UNVR,RG,4770,8,D,GR,PD,D
09:29:05,UNVR,RG,4770,9,D,GR,PD,D
09:28:55,UNVR,RG,4770,9,D,GR,PD,D
09:28:45,UNVR,RG,4770,9,D,GR,PD,D
09:28:35,UNVR,RG,4770,9,D,GR,PD,D
09:28:25,UNVR,RG,4770,8,D,GR,PD,D
09:28:21,UNVR,RG,4770,35,D,GR,PD,D
09:28:15,UNVR,RG,4770,9,D,GR,PD,D
09:28:05,UNVR,RG,4770,9,D,GR,PD,D
09:27:58,UNVR,RG,4770,35,D,GR,PD,D
09:27:55,UNVR,RG,4770,9,D,GR,PD,D
09:27:46,UNVR,RG,4780,1,D,CC,BK,F
09:27:45,UNVR,RG,4770,9,D,GR,PD,D
09:27:42,UNVR,RG,4780,2,D,PD,BK,F
09:27:35,UNVR,RG,4770,8,D,GR,PD,D
09:27:28,UNVR,RG,4780,1,D,KK,BK,F
09:27:25,UNVR,RG,4770,9,D,GR,PD,D
09:27:15,UNVR,RG,4770,9,D,GR,PD,D
09:27:15,UNVR,RG,4770,2,D,GR,PD,D
09:27:05,UNVR,RG,4770,9,D,GR,PD,D
09:26:55,UNVR,RG,4770,9,D,GR,PD,D
09:26:45,UNVR,RG,4770,8,D,GR,PD,D
09:26:35,UNVR,RG,4770,9,D,GR,PD,D
09:26:33,UNVR,RG,4770,2,D,GR,KK,D
09:26:25,UNVR,RG,4770,9,D,GR,PD,D
09:26:15,UNVR,RG,4770,9,D,GR,PD,D
09:26:05,UNVR,RG,4770,9,D,GR,PD,D
09:25:55,UNVR,RG,4770,8,D,GR,PD,D
09:25:45,UNVR,RG,4770,9,D,GR,PD,D
09:25:35,UNVR,RG,4770,9,D,GR,PD,D
09:25:25,UNVR,RG,4770,9,D,GR,PD,D
09:25:24,UNVR,RG,4780,1,D,XC,BK,F
09:25:18,UNVR,RG,4770,5,D,GR,PD,D
09:25:15,UNVR,RG,4770,9,D,GR,PD,D
09:25:05,UNVR,RG,4770,8,D,GR,PD,D
09:25:04,UNVR,RG,4770,2,D,GR,XL,D
09:24:55,UNVR,RG,4770,9,D,GR,PD,D
09:24:51,UNVR,RG,4770,5,D,GR,SQ,D
09:24:45,UNVR,RG,4770,9,D,GR,PD,D
09:24:35,UNVR,RG,4770,9,D,GR,PD,D
09:24:25,UNVR,RG,4770,9,D,GR,PD,D
09:24:21,UNVR,RG,4770,2,D,GR,XC,D
09:24:15,UNVR,RG,4770,9,D,GR,PD,D
09:24:12,UNVR,RG,4770,1,D,GR,XL,D
09:24:06,UNVR,RG,4770,1,D,GR,CC,D
09:24:05,UNVR,RG,4770,8,D,GR,PD,D
09:23:55,UNVR,RG,4770,9,D,GR,PD,D
09:23:48,UNVR,RG,4780,2,D,XC,BK,F
09:23:45,UNVR,RG,4770,9,D,GR,PD,D
09:23:41,UNVR,RG,4780,5,D,PD,BK,F
09:23:35,UNVR,RG,4770,9,D,GR,PD,D
09:23:25,UNVR,RG,4770,9,D,GR,PD,D
09:23:15,UNVR,RG,4770,8,D,GR,PD,D
09:23:05,UNVR,RG,4770,9,D,GR,PD,D
09:22:59,UNVR,RG,4770,15,D,GR,YP,D
09:22:55,UNVR,RG,4770,9,D,GR,PD,D
09:22:45,UNVR,RG,4770,9,D,GR,PD,D
09:22:41,UNVR,RG,4770,1,D,GR,XC,D
09:22:37,UNVR,RG,4770,5,D,GR,EP,D
09:22:35,UNVR,RG,4770,9,D,GR,PD,D
09:22:33,UNVR,RG,4770,10,D,GR,YP,D
09:22:25,UNVR,RG,4770,8,D,GR,PD,D
09:22:15,UNVR,RG,4770,9,D,GR,PD,D
09:22:08,UNVR,RG,4780,15,D,YU,BK,F
09:22:05,UNVR,RG,4770,9,D,GR,PD,D
09:21:59,UNVR,RG,4770,10,D,GR,YP,D
09:21:55,UNVR,RG,4770,9,D,GR,PD,D
09:21:45,UNVR,RG,4770,9,D,GR,PD,D
09:21:35,UNVR,RG,4770,8,D,GR,PD,D
09:21:25,UNVR,RG,4770,9,D,GR,PD,D
09:21:18,UNVR,RG,4770,216,D,GR,DX,D
09:21:18,UNVR,RG,4770,4,D,YP,DX,D
09:21:18,UNVR,RG,4770,30,D,SQ,DX,D
09:21:18,UNVR,RG,4770,5,D,PD,DX,D
09:21:18,UNVR,RG,4770,200,D,KK,DX,D
09:21:18,UNVR,RG,4770,1,D,PD,DX,D
09:21:18,UNVR,RG,4770,1,D,ZP,DX,D
09:21:18,UNVR,RG,4770,43,D,YP,DX,D
09:21:17,UNVR,RG,4770,15,D,YP,YP,D
09:21:16,UNVR,RG,4780,1,D,XL,BK,F
09:21:15,UNVR,RG,4770,9,D,YP,PD,D
09:21:05,UNVR,RG,4770,9,D,YP,PD,D
09:21:04,UNVR,RG,4770,2,D,YP,YP,D
09:20:58,UNVR,RG,4780,4,D,YP,BK,F
09:20:56,UNVR,RG,4780,1,D,BQ,BK,F
09:20:55,UNVR,RG,4770,9,D,YP,PD,D
09:20:45,UNVR,RG,4770,8,D,YP,PD,D
09:20:40,UNVR,RG,4770,7,D,YP,NI,D
09:20:35,UNVR,RG,4770,9,D,YP,PD,D
09:20:32,UNVR,RG,4780,2,D,AZ,BK,F
09:20:25,UNVR,RG,4770,9,D,YP,PD,D
09:20:24,UNVR,RG,4780,5,D,LG,BK,F
09:20:19,UNVR,RG,4770,5,D,YP,KK,D
09:20:15,UNVR,RG,4770,9,D,YP,PD,D
09:20:06,UNVR,RG,4780,2,D,XL,BK,F
09:20:06,UNVR,RG,4780,1,D,XL,ZP,F
09:20:02,UNVR,RG,4780,1,D,PD,ZP,F
09:20:02,UNVR,RG,4780,3,D,PD,PD,D
09:19:59,UNVR,RG,4780,6,D,YP,PD,D
09:19:59,UNVR,RG,4780,4,D,YP,RX,D
09:19:55,UNVR,RG,4770,8,D,YP,PD,D
09:19:47,UNVR,RG,4770,9,D,YP,CC,D
09:19:47,UNVR,RG,4780,1,D,XC,RX,D
09:19:46,UNVR,RG,4780,1,D,PD,RX,D
09:19:45,UNVR,RG,4770,9,D,YP,PD,D
09:19:45,UNVR,RG,4780,4,D,BQ,RX,D
09:19:35,UNVR,RG,4770,9,D,YP,PD,D
09:19:25,UNVR,RG,4770,9,D,YP,PD,D
09:19:21,UNVR,RG,4770,22,D,YP,YP,D
09:19:21,UNVR,RG,4770,1,D,YP,YP,D
09:19:21,UNVR,RG,4770,1,D,SQ,YP,D
09:19:21,UNVR,RG,4770,20,D,PD,YP,D
09:19:21,UNVR,RG,4770,9,D,PD,YP,D
09:19:21,UNVR,RG,4770,5,D,CC,YP,D
09:19:21,UNVR,RG,4770,25,D,KK,YP,D
09:19:21,UNVR,RG,4770,1,D,PD,YP,D
09:19:21,UNVR,RG,4770,2,D,XL,YP,D
09:19:21,UNVR,RG,4770,8,D,OD,YP,D
09:19:15,UNVR,RG,4770,7,D,OD,PD,D
09:19:15,UNVR,RG,4770,2,D,YP,PD,D
09:19:05,UNVR,RG,4770,6,D,OD,PD,D
09:19:05,UNVR,RG,4770,1,D,YP,PD,D
09:19:05,UNVR,RG,4770,1,D,PD,PD,D
09:19:00,UNVR,RG,4770,4,D,PD,SQ,D
09:19:00,UNVR,RG,4770,1,D,CC,SQ,D
09:19:00,UNVR,RG,4770,3,D,YP,SQ,D
09:18:55,UNVR,RG,4770,7,D,YP,PD,D
09:18:55,UNVR,RG,4770,1,D,CC,PD,D
09:18:55,UNVR,RG,4770,1,D,XC,PD,D
09:18:45,UNVR,RG,4770,9,D,XC,PD,D
09:18:35,UNVR,RG,4770,9,D,XC,PD,D
09:18:25,UNVR,RG,4770,9,D,XC,PD,D
09:18:15,UNVR,RG,4770,8,D,XC,PD,D
09:18:15,UNVR,RG,4780,1,D,XC,RX,D
09:18:11,UNVR,RG,4780,10,D,GR,RX,D
09:18:11,UNVR,RG,4780,2,D,XL,RX,D
09:18:11,UNVR,RG,4780,5,D,GR,RX,D
09:18:11,UNVR,RG,4780,25,D,CC,RX,D
09:18:11,UNVR,RG,4780,1,D,CC,RX,D
09:18:11,UNVR,RG,4780,6,D,CC,RX,D
09:18:11,UNVR,RG,4780,10,D,YP,RX,D
09:18:11,UNVR,RG,4780,10,D,GR,RX,D
09:18:11,UNVR,RG,4780,2,D,XL,RX,D
09:18:11,UNVR,RG,4780,200,D,YB,RX,D
09:18:11,UNVR,RG,4780,3,D,XL,RX,D
09:18:11,UNVR,RG,4780,1,D,CC,RX,D
09:18:11,UNVR,RG,4780,4,D,AZ,RX,D
09:18:11,UNVR,RG,4780,30,D,PD,RX,D
09:18:11,UNVR,RG,4780,1,D,XC,RX,D
09:18:11,UNVR,RG,4780,1,D,YP,RX,D
09:18:11,UNVR,RG,4780,1,D,CC,RX,D
09:18:11,UNVR,RG,4780,277,D,YP,RX,D
09:18:05,UNVR,RG,4780,9,D,YP,PD,D
09:18:03,UNVR,RG,4780,3,D,YP,YP,D
09:17:55,UNVR,RG,4780,9,D,YP,PD,D
09:17:45,UNVR,RG,4780,9,D,YP,PD,D
09:17:41,UNVR,RG,4780,10,D,YP,HD,D
09:17:35,UNVR,RG,4780,9,D,YP,PD,D
09:17:25,UNVR,RG,4780,8,D,YP,PD,D
09:17:15,UNVR,RG,4780,9,D,YP,PD,D
09:17:14,UNVR,RG,4780,57,D,YP,ZP,D
09:17:14,UNVR,RG,4780,1,D,YP,ZP,D
09:17:14,UNVR,RG,4780,37,F,AK,ZP,D
09:17:14,UNVR,RG,4780,18,D,KK,ZP,D
09:17:11,UNVR,RG,4790,1,D,IF,RX,D
09:17:10,UNVR,RG,4780,7,D,KK,XC,D
09:17:05,UNVR,RG,4780,5,D,KK,PD,D
09:17:05,UNVR,RG,4780,4,D,CC,PD,D
09:16:55,UNVR,RG,4780,9,D,CC,PD,D
09:16:45,UNVR,RG,4780,9,D,CC,PD,D
09:16:41,UNVR,RG,4790,1,D,CC,RX,D
09:16:35,UNVR,RG,4780,9,D,CC,PD,D
09:16:25,UNVR,RG,4780,8,D,CC,PD,D
09:16:15,UNVR,RG,4780,9,D,CC,PD,D
09:16:12,UNVR,RG,4790,1,D,DH,RX,D
09:16:05,UNVR,RG,4780,9,D,CC,PD,D
09:16:03,UNVR,RG,4790,1,D,XC,RX,D
09:15:57,UNVR,RG,4780,1,D,CC,SQ,D
09:15:55,UNVR,RG,4780,9,D,CC,PD,D
09:15:54,UNVR,RG,4780,25,D,CC,PD,D
09:15:45,UNVR,RG,4780,9,D,CC,PD,D
09:15:35,UNVR,RG,4780,8,D,CC,PD,D
09:15:25,UNVR,RG,4780,9,D,CC,PD,D
09:15:15,UNVR,RG,4780,9,D,CC,PD,D
09:15:05,UNVR,RG,4780,9,D,CC,PD,D
09:15:03,UNVR,RG,4790,1,D,NI,RX,D
09:14:55,UNVR,RG,4780,9,D,CC,PD,D
09:14:45,UNVR,RG,4780,8,D,CC,PD,D
09:14:40,UNVR,RG,4780,80,D,CC,AZ,D
09:14:35,UNVR,RG,4780,9,D,CC,PD,D
09:14:25,UNVR,RG,4780,9,D,CC,PD,D
09:14:19,UNVR,RG,4790,1,D,DR,RX,D
09:14:15,UNVR,RG,4780,9,D,CC,PD,D
09:14:05,UNVR,RG,4780,9,D,CC,PD,D
09:13:55,UNVR,RG,4780,8,D,CC,PD,D
09:13:45,UNVR,RG,4780,9,D,CC,PD,D
09:13:37,UNVR,RG,4780,3,D,CC,PD,D
09:13:35,UNVR,RG,4780,9,D,CC,PD,D
09:13:25,UNVR,RG,4780,9,D,CC,PD,D
09:13:15,UNVR,RG,4780,9,D,CC,PD,D
09:13:05,UNVR,RG,4780,8,D,CC,PD,D
09:12:55,UNVR,RG,4780,9,D,CC,PD,D
09:12:50,UNVR,RG,4780,5,D,CC,YP,D
09:12:45,UNVR,RG,4780,9,D,CC,PD,D
09:12:40,UNVR,RG,4780,1,D,CC,XC,D
09:12:35,UNVR,RG,4780,9,D,CC,PD,D
09:12:24,UNVR,RG,4780,8,D,CC,ZP,F
09:12:24,UNVR,RG,4780,1,D,CC,YP,D
09:12:24,UNVR,RG,4780,26,D,CC,ZP,F
09:12:24,UNVR,RG,4780,163,D,CC,BK,F
09:12:24,UNVR,RG,4780,7,D,CC,PD,D
09:12:24,UNVR,RG,4770,1,D,XC,PD,D
09:12:23,UNVR,RG,4770,2,D,XC,XL,D
09:12:22,UNVR,RG,4780,1,D,YP,PD,D
09:12:22,UNVR,RG,4780,36,D,YP,ZP,F
09:12:22,UNVR,RG,4780,18,D,YP,BK,F
09:12:15,UNVR,RG,4770,3,D,XC,PD,D
09:12:15,UNVR,RG,4770,5,D,FZ,PD,D
09:12:14,UNVR,RG,4770,50,D,FZ,YP,D
09:12:12,UNVR,RG,4780,12,D,YP,BK,F
09:12:05,UNVR,RG,4770,9,D,FZ,PD,D
09:12:05,UNVR,RG,4780,101,D,YU,BK,F
09:12:04,UNVR,RG,4780,1,D,XL,BK,F
09:11:55,UNVR,RG,4770,9,D,FZ,PD,D
09:11:46,UNVR,RG,4770,6,D,FZ,CC,D
09:11:45,UNVR,RG,4770,9,D,FZ,PD,D
09:11:44,UNVR,RG,4770,1,D,FZ,NI,D
09:11:38,UNVR,RG,4770,9,D,FZ,XC,D
09:11:35,UNVR,RG,4770,9,D,FZ,PD,D
09:11:25,UNVR,RG,4770,8,D,FZ,PD,D
09:11:15,UNVR,RG,4770,9,D,FZ,PD,D
09:11:14,UNVR,RG,4780,2,D,NI,BK,F
09:11:05,UNVR,RG,4770,9,D,FZ,PD,D
09:10:58,UNVR,RG,4780,20,D,YP,BK,F
09:10:55,UNVR,RG,4770,9,D,FZ,PD,D
09:10:52,UNVR,RG,4770,8,D,FZ,YP,D
09:10:45,UNVR,RG,4770,9,D,FZ,PD,D
09:10:36,UNVR,RG,4780,15,D,HP,BK,F
09:10:36,UNVR,RG,4780,10,D,HP,ZP,F
09:10:31,UNVR,RG,4780,5,D,CC,ZP,F
09:10:28,UNVR,RG,4780,15,D,GR,ZP,F
09:10:28,UNVR,RG,4780,8,D,GR,PD,D
09:10:28,UNVR,RG,4780,143,D,GR,YP,D
09:10:25,UNVR,RG,4770,9,D,FZ,PD,D
09:10:15,UNVR,RG,4770,9,D,FZ,PD,D
09:10:10,UNVR,RG,4770,8,D,FZ,PD,D
09:10:05,UNVR,RG,4770,9,D,FZ,PD,D
09:09:59,UNVR,RG,4780,1,D,BQ,YP,D
09:09:55,UNVR,RG,4770,6,D,FZ,PD,D
09:09:55,UNVR,RG,4770,3,D,XC,PD,D
09:09:51,UNVR,RG,4780,10,D,CC,YP,D
09:09:45,UNVR,RG,4770,7,D,XC,PD,D
09:09:45,UNVR,RG,4770,1,D,KK,PD,D
09:09:36,UNVR,RG,4780,9,D,PD,YP,D
09:09:36,UNVR,RG,4780,30,D,PD,YP,D
09:09:36,UNVR,RG,4780,25,D,NI,YP,D
09:09:36,UNVR,RG,4780,76,F,AK,YP,D
09:09:36,UNVR,RG,4780,1,D,XC,YP,D
09:09:36,UNVR,RG,4780,1,D,XC,YP,D
09:09:36,UNVR,RG,4780,100,D,GR,YP,D
09:09:36,UNVR,RG,4780,4,D,YP,YP,D
09:09:36,UNVR,RG,4780,10,D,KK,YP,D
09:09:36,UNVR,RG,4780,5,D,PD,YP,D
09:09:36,UNVR,RG,4780,1,D,YP,YP,D
