Time,Stock,Brd,Price,Qty,BT,BC,SC,ST
15:14:38,UNVR,RG,3980,20,D,OD,BB,D
15:14:11,UNVR,RG,3980,4,D,NI,BB,D
15:14:07,UNVR,RG,3980,2,D,DR,BB,D
15:14:06,UNVR,RG,3980,1,D,GR,BB,D
15:14:00,UNVR,RG,3980,1,D,XA,BB,D
15:13:55,UNVR,RG,3980,250,D,TP,BB,D
15:13:55,UNVR,RG,3980,100,D,EP,BB,D
15:13:54,UNVR,RG,3980,1,D,DR,BB,D
15:13:46,UNVR,RG,3980,1,D,DR,BB,D
15:13:42,UNVR,RG,3980,18,D,XC,BB,D
15:13:32,UNVR,RG,3980,2,D,GR,BB,D
15:13:31,UNVR,RG,3980,5,D,YP,BB,D
15:12:59,UNVR,RG,3980,68,D,YP,BB,D
15:12:59,UNVR,RG,3980,432,D,YP,BB,D
15:12:58,UNVR,RG,3980,4,D,NI,BB,D
15:12:57,UNVR,RG,3980,25,D,CP,BB,D
15:12:54,UNVR,RG,3980,3,D,XC,BB,D
15:12:45,UNVR,RG,3980,5,D,CC,BB,D
15:12:41,UNVR,RG,3980,55,D,PD,BB,D
15:12:38,UNVR,RG,3980,5,D,PD,BB,D
15:12:34,UNVR,RG,3980,7,D,PD,BB,D
15:12:32,UNVR,RG,3980,3,D,XC,BB,D
15:12:17,UNVR,RG,3980,1,D,GR,BB,D
15:12:09,UNVR,RG,3980,5,D,KK,BB,D
15:12:04,UNVR,RG,3980,200,D,YJ,BB,D
15:12:04,UNVR,RG,3980,801,D,YJ,BB,D
15:11:57,UNVR,RG,3980,50,D,YP,BB,D
15:11:57,UNVR,RG,3980,1,D,XC,BB,D
15:11:55,UNVR,RG,3980,1,F,AK,BB,D
15:11:46,UNVR,RG,3980,1,D,YP,BB,D
15:11:42,UNVR,RG,3980,1,D,XA,BB,D
15:11:39,UNVR,RG,3980,5,D,YP,BB,D
15:11:19,UNVR,RG,3980,65,D,YJ,BB,D
15:11:19,UNVR,RG,3980,116,D,YJ,BB,D
15:11:19,UNVR,RG,3980,63,D,YJ,BB,D
15:11:19,UNVR,RG,3980,256,D,YJ,BB,D
15:11:13,UNVR,RG,3980,50,D,PD,BB,D
15:11:11,UNVR,RG,3980,200,D,CP,BB,D
15:11:10,UNVR,RG,3980,15,D,PD,BB,D
15:10:50,UNVR,RG,3980,1,D,DH,BB,D
15:10:42,UNVR,RG,3980,1,D,YP,BB,D
15:10:37,UNVR,RG,3980,10,D,CC,BB,D
15:10:14,UNVR,RG,3980,20,D,CP,BB,D
15:10:06,UNVR,RG,3980,50,D,DR,BB,D
15:09:56,UNVR,RG,3980,5,D,DR,BB,D
15:09:47,UNVR,RG,3980,20,D,XC,BB,D
15:09:47,UNVR,RG,3980,14,D,XC,BB,D
15:09:44,UNVR,RG,3980,120,D,OK,BB,D
15:09:36,UNVR,RG,3980,10,D,CC,BB,D
15:09:29,UNVR,RG,3980,2,D,AG,BB,D
15:09:28,UNVR,RG,3980,2,D,KK,BB,D
15:09:16,UNVR,RG,3980,1,D,PD,BB,D
15:09:16,UNVR,RG,3980,20,D,AZ,BB,D
15:09:10,UNVR,RG,3980,1,D,PD,BB,D
15:09:07,UNVR,RG,3980,5,D,PD,BB,D
15:09:02,UNVR,RG,3980,2,D,PD,BB,D
15:08:52,UNVR,RG,3980,1,D,KK,BB,D
15:08:47,UNVR,RG,3980,1,D,XC,BB,D
15:08:45,UNVR,RG,3980,2,D,XC,BB,D
15:08:36,UNVR,RG,3980,1,D,XC,BB,D
15:08:26,UNVR,RG,3980,10,D,PD,BB,D
15:08:07,UNVR,RG,3980,1,D,YP,BB,D
15:07:55,UNVR,RG,3980,5,D,YP,BB,D
15:07:28,UNVR,RG,3980,3,D,DR,BB,D
15:07:24,UNVR,RG,3980,50,D,CC,BB,D
15:07:20,UNVR,RG,3980,50,D,OD,BB,D
15:07:16,UNVR,RG,3980,3,D,DH,BB,D
15:07:16,UNVR,RG,3980,3,D,DH,BB,D
15:07:16,UNVR,RG,3980,3,D,DH,BB,D
15:07:09,UNVR,RG,3980,4,D,NI,BB,D
15:07:07,UNVR,RG,3980,16,D,AZ,BB,D
15:07:06,UNVR,RG,3980,5,D,PD,BB,D
15:07:02,UNVR,RG,3980,6,D,XC,BB,D
15:06:59,UNVR,RG,3980,2,D,CC,BB,D
15:06:55,UNVR,RG,3980,10,D,SQ,BB,D
15:06:49,UNVR,RG,3980,7,D,NI,BB,D
15:06:49,UNVR,RG,3980,5,D,PD,BB,D
15:06:41,UNVR,RG,3980,5,D,PD,BB,D
15:06:38,UNVR,RG,3980,2,D,CC,BB,D
15:06:29,UNVR,RG,3980,100,D,AT,BB,D
15:06:22,UNVR,RG,3980,1,D,CC,BB,D
15:06:20,UNVR,RG,3980,100,D,FS,BB,D
15:06:16,UNVR,RG,3980,5,D,PD,BB,D
15:06:11,UNVR,RG,3980,5,D,IP,BB,D
15:06:06,UNVR,RG,3980,7,D,XL,BB,D
15:06:04,UNVR,RG,3980,14,D,XL,BB,D
15:05:47,UNVR,RG,3980,1,D,PD,BB,D
15:05:45,UNVR,RG,3980,1,D,KK,BB,D
15:05:41,UNVR,RG,3980,10,D,SQ,BB,D
15:05:35,UNVR,RG,3980,2,D,DH,BB,D
15:05:35,UNVR,RG,3980,2,D,DH,BB,D
15:05:35,UNVR,RG,3980,2,D,DH,BB,D
15:05:35,UNVR,RG,3980,2,D,DH,BB,D
15:05:35,UNVR,RG,3980,2,D,DH,BB,D
15:05:35,UNVR,RG,3980,2,D,DH,BB,D
15:05:35,UNVR,RG,3980,2,D,DH,BB,D
15:05:35,UNVR,RG,3980,2,D,DH,BB,D
15:05:31,UNVR,RG,3980,20,D,PD,BB,D
15:05:27,UNVR,RG,3980,100,D,YP,BB,D
15:05:21,UNVR,RG,3980,25,D,SQ,BB,D
15:05:17,UNVR,RG,3980,100,D,PD,BB,D
15:05:14,UNVR,RG,3980,5,D,MK,BB,D
15:05:13,UNVR,RG,3980,5,D,YP,BB,D
15:05:12,UNVR,RG,3980,12,D,DX,BB,D
15:05:10,UNVR,RG,3980,1,D,DR,BB,D
15:05:10,UNVR,RG,3980,8,D,YP,BB,D
15:05:07,UNVR,RG,3980,31,D,YP,BB,D
15:05:04,UNVR,RG,3980,100,D,KK,BB,D
15:05:00,UNVR,RG,3980,1,D,MK,BB,D
15:04:57,UNVR,RG,3980,1,D,MK,BB,D
15:04:55,UNVR,RG,3980,20,D,CC,BB,D
15:04:54,UNVR,RG,3980,1,D,MK,BB,D
15:04:54,UNVR,RG,3980,1,D,PD,BB,D
15:04:53,UNVR,RG,3980,1,D,YP,BB,D
15:04:51,UNVR,RG,3980,1,D,MK,BB,D
15:04:47,UNVR,RG,3980,1,D,MK,BB,D
15:04:44,UNVR,RG,3980,5,D,PD,BB,D
15:04:41,UNVR,RG,3980,1,F,YP,BB,D
15:04:39,UNVR,RG,3980,20,D,SQ,BB,D
15:04:32,UNVR,RG,3980,5,D,PD,BB,D
15:04:29,UNVR,RG,3980,10,D,MK,BB,D
15:04:28,UNVR,RG,3980,1,D,YP,BB,D
15:04:26,UNVR,RG,3980,100,D,KK,BB,D
15:04:25,UNVR,RG,3980,50,D,KK,BB,D
15:04:01,UNVR,RG,3980,10,D,PC,BB,D
15:04:01,UNVR,RG,3980,25,D,CC,BB,D
15:04:00,UNVR,RG,3980,1,D,PD,BB,D
15:03:43,UNVR,RG,3980,2,D,KK,BB,D
15:03:36,UNVR,RG,3980,28,D,YP,BB,D
15:03:35,UNVR,RG,3980,1,D,XC,BB,D
15:03:31,UNVR,RG,3980,100,D,OD,BB,D
15:03:28,UNVR,RG,3980,1,D,DR,BB,D
15:03:19,UNVR,RG,3980,45,D,LG,BB,D
15:03:16,UNVR,RG,3980,20,D,CP,BB,D
15:03:16,UNVR,RG,3980,2,D,PD,BB,D
15:03:08,UNVR,RG,3980,10,D,KK,BB,D
15:03:07,UNVR,RG,3980,10,D,KK,BB,D
15:03:05,UNVR,RG,3980,10,D,YP,BB,D
15:02:57,UNVR,RG,3980,5,D,PC,BB,D
15:02:53,UNVR,RG,3980,100,D,PD,BB,D
15:02:53,UNVR,RG,3980,3,D,XC,BB,D
15:02:53,UNVR,RG,3980,200,D,YP,BB,D
15:02:51,UNVR,RG,3980,1,D,YP,BB,D
15:02:51,UNVR,RG,3980,10,D,KK,BB,D
15:02:50,UNVR,RG,3980,5,D,YP,BB,D
15:02:48,UNVR,RG,3980,1,D,DH,BB,D
15:02:47,UNVR,RG,3980,1,D,SQ,BB,D
15:02:46,UNVR,RG,3980,1,D,DR,BB,D
15:02:42,UNVR,RG,3980,10,D,KK,BB,D
15:02:41,UNVR,RG,3980,1,D,CC,BB,D
15:02:38,UNVR,RG,3980,1,D,DR,BB,D
15:02:36,UNVR,RG,3980,10,D,CC,BB,D
15:02:35,UNVR,RG,3980,10,D,KK,BB,D
15:02:32,UNVR,RG,3980,10,D,CC,BB,D
15:02:31,UNVR,RG,3980,10,D,CC,BB,D
15:02:30,UNVR,RG,3980,1,D,DR,BB,D
15:02:28,UNVR,RG,3980,20,D,CC,BB,D
15:02:28,UNVR,RG,3980,1,D,XC,BB,D
15:02:28,UNVR,RG,3980,88,D,XC,BB,D
15:02:27,UNVR,RG,3980,2,D,KK,BB,D
15:02:21,UNVR,RG,3980,1,D,YP,BB,D
15:02:18,UNVR,RG,3980,1,D,XC,BB,D
15:02:17,UNVR,RG,3980,5,D,PD,BB,D
15:02:17,UNVR,RG,3980,50,D,YP,BB,D
15:02:06,UNVR,RG,3980,10,D,DH,BB,D
15:02:04,UNVR,RG,3980,1,D,AZ,BB,D
15:02:04,UNVR,RG,3980,2,D,YP,BB,D
15:01:54,UNVR,RG,3980,1,D,NI,BB,D
15:01:53,UNVR,RG,3980,3,D,AZ,BB,D
15:01:29,UNVR,RG,3980,20,D,PD,BB,D
15:01:29,UNVR,RG,3980,200,D,GR,BB,D
15:01:29,UNVR,RG,3980,1,F,YP,BB,D
15:01:29,UNVR,RG,3980,1,D,DR,BB,D
15:01:29,UNVR,RG,3980,25,D,SQ,BB,D
15:01:29,UNVR,RG,3980,215,D,DR,BB,D
15:01:29,UNVR,RG,3980,1101,D,DR,BB,D
15:01:29,UNVR,RG,3980,338,F,CS,BB,D
15:01:25,UNVR,RG,3980,2,F,CS,YP,D
15:01:14,UNVR,RG,3980,3,F,CS,EP,D
15:01:03,UNVR,RG,3980,1000,F,CS,XA,D
15:01:00,UNVR,RG,3980,1,F,CS,XC,D
15:00:00,UNVR,RG,3980,19,F,CS,CC,D
15:00:00,UNVR,RG,3980,261,F,CS,EP,D
15:00:00,UNVR,RG,3980,16,F,KK,EP,D
15:00:00,UNVR,RG,3980,5,D,YP,EP,D
15:00:00,UNVR,RG,3980,2,D,XC,EP,D
15:00:00,UNVR,RG,3980,1,D,PD,EP,D
15:00:00,UNVR,RG,3980,45,D,NI,EP,D
15:00:00,UNVR,RG,3980,1,D,PD,EP,D
15:00:00,UNVR,RG,3980,2,D,CC,EP,D
15:00:00,UNVR,RG,3980,1,D,PD,EP,D
15:00:00,UNVR,RG,3980,2,D,XC,EP,D
15:00:00,UNVR,RG,3980,9,D,YP,EP,D
15:00:00,UNVR,RG,3980,3,D,PD,EP,D
15:00:00,UNVR,RG,3980,3,D,XC,EP,D
15:00:00,UNVR,RG,3980,1,D,XC,EP,D
15:00:00,UNVR,RG,3980,2,D,YP,EP,D
15:00:00,UNVR,RG,3980,5,D,SQ,EP,D
15:00:00,UNVR,RG,3980,20,D,NI,EP,D
15:00:00,UNVR,RG,3980,10,D,NI,EP,D
15:00:00,UNVR,RG,3980,1,D,PD,EP,D
15:00:00,UNVR,RG,3980,30,D,CC,EP,D
15:00:00,UNVR,RG,3980,1,D,PD,EP,D
15:00:00,UNVR,RG,3980,2,D,YP,EP,D
15:00:00,UNVR,RG,3980,1,D,GR,EP,D
15:00:00,UNVR,RG,3980,5,D,YP,EP,D
15:00:00,UNVR,RG,3980,10,D,YP,EP,D
15:00:00,UNVR,RG,3980,4,D,DR,EP,D
15:00:00,UNVR,RG,3980,10,D,PD,EP,D
15:00:00,UNVR,RG,3980,1,D,PD,EP,D
15:00:00,UNVR,RG,3980,2,D,XC,EP,D
15:00:00,UNVR,RG,3980,1,D,YP,EP,D
15:00:00,UNVR,RG,3980,50,D,NI,EP,D
15:00:00,UNVR,RG,3980,1,D,XC,EP,D
15:00:00,UNVR,RG,3980,10,D,YP,EP,D
15:00:00,UNVR,RG,3980,10,D,SQ,EP,D
15:00:00,UNVR,RG,3980,3,D,YP,EP,D
15:00:00,UNVR,RG,3980,4,D,XC,EP,D
15:00:00,UNVR,RG,3980,7,D,XC,EP,D
15:00:00,UNVR,RG,3980,50,D,GR,EP,D
15:00:00,UNVR,RG,3980,8,D,CC,EP,D
15:00:00,UNVR,RG,3980,12,D,CC,AO,D
15:00:00,UNVR,RG,3980,1,D,YP,AO,D
15:00:00,UNVR,RG,3980,1,D,YP,AO,D
15:00:00,UNVR,RG,3980,1,D,YP,AO,D
15:00:00,UNVR,RG,3980,8,D,PD,AO,D
15:00:00,UNVR,RG,3980,5,D,DR,AO,D
15:00:00,UNVR,RG,3980,9,D,YP,AO,D
15:00:00,UNVR,RG,3980,2,D,PD,AO,D
15:00:00,UNVR,RG,3980,1,D,NI,AO,D
15:00:00,UNVR,RG,3980,1,D,KK,AO,D
15:00:00,UNVR,RG,3980,5,D,KK,AO,D
15:00:00,UNVR,RG,3980,1,D,KK,AO,D
15:00:00,UNVR,RG,3980,5,D,XC,AO,D
15:00:00,UNVR,RG,3980,5,D,CC,AO,D
15:00:00,UNVR,RG,3980,5,D,NI,AO,D
15:00:00,UNVR,RG,3980,5,D,XL,AO,D
15:00:00,UNVR,RG,3980,1,D,YP,AO,D
15:00:00,UNVR,RG,3980,5,D,EP,AO,D
15:00:00,UNVR,RG,3980,10,D,YP,AO,D
15:00:00,UNVR,RG,3980,5,D,NI,AO,D
15:00:00,UNVR,RG,3980,10,D,CC,AO,D
15:00:00,UNVR,RG,3980,5,D,YP,AO,D
15:00:00,UNVR,RG,3980,5,D,CC,AO,D
15:00:00,UNVR,RG,3980,1,D,PD,AO,D
15:00:00,UNVR,RG,3980,1,D,CC,AO,D
15:00:00,UNVR,RG,3980,20,D,XL,AO,D
15:00:00,UNVR,RG,3980,1,D,XC,AO,D
15:00:00,UNVR,RG,3980,2,D,YP,AO,D
15:00:00,UNVR,RG,3980,100,D,GR,AO,D
15:00:00,UNVR,RG,3980,100,D,CC,AO,D
15:00:00,UNVR,RG,3980,30,D,CC,AO,D
15:00:00,UNVR,RG,3980,1,D,XC,AO,D
15:00:00,UNVR,RG,3980,2,D,XC,AO,D
15:00:00,UNVR,RG,3980,15,D,XC,AO,D
15:00:00,UNVR,RG,3980,5,D,XL,AO,D
15:00:00,UNVR,RG,3980,614,D,YP,AO,D
15:00:00,UNVR,RG,3980,253,D,YP,CC,D
15:00:00,UNVR,RG,3980,10,D,YP,GI,D
15:00:00,UNVR,RG,3980,123,D,YP,ZP,F
15:00:00,UNVR,RG,3980,3,D,KK,ZP,F
15:00:00,UNVR,RG,3980,10,D,NI,ZP,F
15:00:00,UNVR,RG,3980,1,D,KK,ZP,F
15:00:00,UNVR,RG,3980,5,D,CC,ZP,F
15:00:00,UNVR,RG,3980,10,D,YP,ZP,F
15:00:00,UNVR,RG,3980,1,D,YP,ZP,F
15:00:00,UNVR,RG,3980,1,D,YP,ZP,F
15:00:00,UNVR,RG,3980,5,D,YP,ZP,F
15:00:00,UNVR,RG,3980,1,D,YP,ZP,F
15:00:00,UNVR,RG,3980,645,D,CC,ZP,F
15:00:00,UNVR,RG,3980,1,D,XC,ZP,F
15:00:00,UNVR,RG,3980,20,D,CC,ZP,F
15:00:00,UNVR,RG,3980,1,D,XC,ZP,F
15:00:00,UNVR,RG,3980,30,D,CC,ZP,F
15:00:00,UNVR,RG,3980,12,D,XC,ZP,F
15:00:00,UNVR,RG,3980,1,D,DH,ZP,F
15:00:00,UNVR,RG,3980,1,D,LG,ZP,F
15:00:00,UNVR,RG,3980,2,D,PD,ZP,F
15:00:00,UNVR,RG,3980,7,D,PD,ZP,F
15:00:00,UNVR,RG,3980,1,D,DR,ZP,F
15:00:00,UNVR,RG,3980,50,D,EP,ZP,F
15:00:00,UNVR,RG,3980,1,D,KK,ZP,F
15:00:00,UNVR,RG,3980,1,D,DH,ZP,F
15:00:00,UNVR,RG,3980,1,D,PD,ZP,F
15:00:00,UNVR,RG,3980,2,D,ZP,ZP,F
15:00:00,UNVR,RG,3980,1,D,PD,ZP,F
15:00:00,UNVR,RG,3980,1,D,PD,ZP,F
15:00:00,UNVR,RG,3980,2,D,KK,ZP,F
15:00:00,UNVR,RG,3980,5,D,PD,ZP,F
15:00:00,UNVR,RG,3980,5,D,GR,ZP,F
15:00:00,UNVR,RG,3980,100,D,GR,ZP,F
15:00:00,UNVR,RG,3980,63,D,PD,ZP,F
15:00:00,UNVR,RG,3980,5,D,KK,ZP,F
15:00:00,UNVR,RG,3980,10,D,CC,ZP,F
15:00:00,UNVR,RG,3980,50,D,YP,ZP,F
15:00:00,UNVR,RG,3980,1,D,HP,ZP,F
15:00:00,UNVR,RG,3980,20,D,OD,ZP,F
15:00:00,UNVR,RG,3980,1,D,EP,ZP,F
15:00:00,UNVR,RG,3980,1,D,YP,ZP,F
15:00:00,UNVR,RG,3980,2,D,KK,ZP,F
15:00:00,UNVR,RG,3980,2,D,CC,ZP,F
15:00:00,UNVR,RG,3980,5,D,PD,ZP,F
15:00:00,UNVR,RG,3980,1,D,YP,ZP,F
15:00:00,UNVR,RG,3980,1,D,PD,ZP,F
15:00:00,UNVR,RG,3980,1,D,XC,ZP,F
15:00:00,UNVR,RG,3980,1,D,YP,ZP,F
15:00:00,UNVR,RG,3980,2,D,YP,ZP,F
15:00:00,UNVR,RG,3980,1,D,XC,ZP,F
15:00:00,UNVR,RG,3980,5,D,PD,ZP,F
15:00:00,UNVR,RG,3980,1,D,XC,ZP,F
15:00:00,UNVR,RG,3980,1,D,XC,ZP,F
15:00:00,UNVR,RG,3980,10,D,YP,ZP,F
15:00:00,UNVR,RG,3980,6,D,GR,ZP,F
15:00:00,UNVR,RG,3980,30,D,MK,ZP,F
15:00:00,UNVR,RG,3980,1,D,PD,ZP,F
15:00:00,UNVR,RG,3980,25,D,GR,ZP,F
15:00:00,UNVR,RG,3980,2,D,PD,ZP,F
15:00:00,UNVR,RG,3980,1,D,PD,ZP,F
15:00:00,UNVR,RG,3980,1,D,PD,ZP,F
15:00:00,UNVR,RG,3980,25,D,YU,ZP,F
15:00:00,UNVR,RG,3980,200,D,GR,ZP,F
15:00:00,UNVR,RG,3980,150,D,YP,ZP,F
15:00:00,UNVR,RG,3980,1,D,PD,ZP,F
15:00:00,UNVR,RG,3980,8,D,PD,ZP,F
15:00:00,UNVR,RG,3980,2,D,NI,ZP,F
15:00:00,UNVR,RG,3980,1,D,NI,ZP,F
15:00:00,UNVR,RG,3980,1,D,EP,ZP,F
15:00:00,UNVR,RG,3980,30,D,GR,ZP,F
15:00:00,UNVR,RG,3980,2,D,YP,ZP,F
15:00:00,UNVR,RG,3980,2,D,KK,ZP,F
15:00:00,UNVR,RG,3980,2,D,NI,ZP,F
15:00:00,UNVR,RG,3980,20,D,PD,ZP,F
15:00:00,UNVR,RG,3980,1,D,NI,ZP,F
15:00:00,UNVR,RG,3980,2,D,YP,ZP,F
15:00:00,UNVR,RG,3980,1,D,PD,ZP,F
15:00:00,UNVR,RG,3980,1,D,PD,ZP,F
15:00:00,UNVR,RG,3980,1,D,BQ,ZP,F
15:00:00,UNVR,RG,3980,3,D,SQ,ZP,F
15:00:00,UNVR,RG,3980,2,D,CP,ZP,F
15:00:00,UNVR,RG,3980,1,D,CC,ZP,F
15:00:00,UNVR,RG,3980,10,D,NI,ZP,F
15:00:00,UNVR,RG,3980,10,D,CC,ZP,F
15:00:00,UNVR,RG,3980,2,D,YP,ZP,F
15:00:00,UNVR,RG,3980,2,D,PD,ZP,F
15:00:00,UNVR,RG,3980,10,D,PD,ZP,F
15:00:00,UNVR,RG,3980,2,D,PD,ZP,F
15:00:00,UNVR,RG,3980,5,D,PD,ZP,F
15:00:00,UNVR,RG,3980,10,D,CC,ZP,F
15:00:00,UNVR,RG,3980,1,D,PD,ZP,F
15:00:00,UNVR,RG,3980,4,D,DR,ZP,F
15:00:00,UNVR,RG,3980,3,D,YP,ZP,F
15:00:00,UNVR,RG,3980,5,F,KK,ZP,F
15:00:00,UNVR,RG,3980,1,D,PD,ZP,F
15:00:00,UNVR,RG,3980,1,D,YP,ZP,F
15:00:00,UNVR,RG,3980,1,D,PD,ZP,F
15:00:00,UNVR,RG,3980,3,D,KK,ZP,F
15:00:00,UNVR,RG,3980,10,D,PD,ZP,F
15:00:00,UNVR,RG,3980,380,D,YP,ZP,F
15:00:00,UNVR,RG,3980,10,D,YP,ZP,F
15:00:00,UNVR,RG,3980,1,D,PD,ZP,F
15:00:00,UNVR,RG,3980,1,D,PD,ZP,F
15:00:00,UNVR,RG,3980,2,D,PD,ZP,F
15:00:00,UNVR,RG,3980,1,D,XC,ZP,F
15:00:00,UNVR,RG,3980,1,D,CC,ZP,F
15:00:00,UNVR,RG,3980,1,D,PD,ZP,F
15:00:00,UNVR,RG,3980,50,D,LG,ZP,F
15:00:00,UNVR,RG,3980,10,D,CC,ZP,F
15:00:00,UNVR,RG,3980,5,D,PD,ZP,F
15:00:00,UNVR,RG,3980,2,D,YP,ZP,F
15:00:00,UNVR,RG,3980,10,D,SQ,ZP,F
15:00:00,UNVR,RG,3980,1,D,XC,ZP,F
15:00:00,UNVR,RG,3980,50,D,YP,ZP,F
15:00:00,UNVR,RG,3980,50,D,AT,ZP,F
15:00:00,UNVR,RG,3980,2,D,PD,ZP,F
15:00:00,UNVR,RG,3980,1,D,PD,ZP,F
15:00:00,UNVR,RG,3980,100,D,DU,ZP,F
15:00:00,UNVR,RG,3980,10,D,YP,ZP,F
15:00:00,UNVR,RG,3980,1,D,YP,ZP,F
15:00:00,UNVR,RG,3980,25,D,EP,ZP,F
15:00:00,UNVR,RG,3980,200,D,NI,ZP,F
15:00:00,UNVR,RG,3980,10,D,NI,ZP,F
15:00:00,UNVR,RG,3980,50,D,DR,ZP,F
15:00:00,UNVR,RG,3980,5,D,XC,ZP,F
15:00:00,UNVR,RG,3980,10,D,CC,ZP,F
15:00:00,UNVR,RG,3980,10,D,OD,ZP,F
15:00:00,UNVR,RG,3980,5,D,EP,ZP,F
15:00:00,UNVR,RG,3980,25,D,YP,ZP,F
15:00:00,UNVR,RG,3980,1,D,XC,ZP,F
15:00:00,UNVR,RG,3980,25,D,NI,ZP,F
15:00:00,UNVR,RG,3980,1,D,XC,ZP,F
15:00:00,UNVR,RG,3980,4,D,XC,ZP,F
15:00:00,UNVR,RG,3980,1,D,PD,ZP,F
15:00:00,UNVR,RG,3980,2,D,YP,ZP,F
15:00:00,UNVR,RG,3980,1,D,PD,ZP,F
15:00:00,UNVR,RG,3980,3,D,SQ,ZP,F
15:00:00,UNVR,RG,3980,2,D,SQ,ZP,F
15:00:00,UNVR,RG,3980,5,D,PD,ZP,F
15:00:00,UNVR,RG,3980,2,D,XC,ZP,F
15:00:00,UNVR,RG,3980,10,D,YP,ZP,F
15:00:00,UNVR,RG,3980,1,D,XC,ZP,F
15:00:00,UNVR,RG,3980,40,D,LG,ZP,F
15:00:00,UNVR,RG,3980,1,D,CC,ZP,F
15:00:00,UNVR,RG,3980,2,D,LG,ZP,F
15:00:00,UNVR,RG,3980,1,D,PD,ZP,F
15:00:00,UNVR,RG,3980,50,D,MG,ZP,F
15:00:00,UNVR,RG,3980,80,D,CP,ZP,F
15:00:00,UNVR,RG,3980,420,D,CP,YU,F
15:00:00,UNVR,RG,3980,5,D,XC,YU,F
15:00:00,UNVR,RG,3980,50,D,GR,YU,F
15:00:00,UNVR,RG,3980,299,D,XA,YU,F
15:00:00,UNVR,RG,3980,5,D,CC,YU,F
15:00:00,UNVR,RG,3980,1,D,KK,YU,F
15:00:00,UNVR,RG,3980,6,D,XC,YU,F
15:00:00,UNVR,RG,3980,1866,F,CS,YU,F
15:00:00,UNVR,RG,3980,3,D,NI,YU,F
15:00:00,UNVR,RG,3980,1,D,PD,YU,F
15:00:00,UNVR,RG,3980,5,D,YP,YU,F
15:00:00,UNVR,RG,3980,1,D,PD,YU,F
15:00:00,UNVR,RG,3980,1,D,XC,YU,F
15:00:00,UNVR,RG,3980,1,D,PD,YU,F
15:00:00,UNVR,RG,3980,2,D,CC,YU,F
15:00:00,UNVR,RG,3980,11,D,BQ,YU,F
15:00:00,UNVR,RG,3980,5,D,PD,YU,F
15:00:00,UNVR,RG,3980,1,D,XC,YU,F
15:00:00,UNVR,RG,3980,1,D,PD,YU,F
15:00:00,UNVR,RG,3980,3,D,PD,YU,F
15:00:00,UNVR,RG,3980,1,D,XC,YU,F
15:00:00,UNVR,RG,3980,5,D,XL,YU,F
15:00:00,UNVR,RG,3980,5,D,PD,YU,F
15:00:00,UNVR,RG,3980,12,D,YP,YU,F
15:00:00,UNVR,RG,3980,1,D,XC,YU,F
15:00:00,UNVR,RG,3980,3,D,YP,YU,F
15:00:00,UNVR,RG,3980,3,D,CC,YU,F
15:00:00,UNVR,RG,3980,2,D,XC,YU,F
15:00:00,UNVR,RG,3980,28,D,YP,YU,F
15:00:00,UNVR,RG,3980,1,D,XC,YU,F
15:00:00,UNVR,RG,3980,2,D,XC,YU,F
15:00:00,UNVR,RG,3980,1,D,XC,YU,F
15:00:00,UNVR,RG,3980,1,D,XL,YU,F
15:00:00,UNVR,RG,3980,1,D,XC,YU,F
15:00:00,UNVR,RG,3980,10,D,XC,YU,F
15:00:00,UNVR,RG,3980,10,D,AT,YU,F
15:00:00,UNVR,RG,3980,1,D,XC,YU,F
15:00:00,UNVR,RG,3980,1,D,NI,YU,F
15:00:00,UNVR,RG,3980,10,D,YP,YU,F
15:00:00,UNVR,RG,3980,1,D,YP,YU,F
15:00:00,UNVR,RG,3980,100,D,AG,YU,F
15:00:00,UNVR,RG,3980,1,D,XC,YU,F
15:00:00,UNVR,RG,3980,47,D,XC,YU,F
15:00:00,UNVR,RG,3980,1,D,PD,YU,F
15:00:00,UNVR,RG,3980,50,D,KK,YU,F
15:00:00,UNVR,RG,3980,51,D,AT,YU,F
15:00:00,UNVR,RG,3980,10,D,GR,YU,F
15:00:00,UNVR,RG,3980,1,D,PD,YU,F
15:00:00,UNVR,RG,3980,1,D,XC,YU,F
15:00:00,UNVR,RG,3980,26,D,KK,YU,F
15:00:00,UNVR,RG,3980,2,D,YP,YU,F
15:00:00,UNVR,RG,3980,2,D,XC,YU,F
15:00:00,UNVR,RG,3980,10,D,DR,YU,F
15:00:00,UNVR,RG,3980,10,D,NI,YU,F
15:00:00,UNVR,RG,3980,1,D,YP,YU,F
15:00:00,UNVR,RG,3980,1,D,YP,YU,F
15:00:00,UNVR,RG,3980,1,D,YP,YU,F
15:00:00,UNVR,RG,3980,2,D,XC,YU,F
15:00:00,UNVR,RG,3980,1,D,XL,YU,F
15:00:00,UNVR,RG,3980,5,D,KK,YU,F
15:00:00,UNVR,RG,3980,1,D,XL,YU,F
15:00:00,UNVR,RG,3980,5,D,YP,YU,F
15:00:00,UNVR,RG,3980,1,D,XA,YU,F
15:00:00,UNVR,RG,3980,25,D,XC,YU,F
15:00:00,UNVR,RG,3980,1,D,DH,YU,F
15:00:00,UNVR,RG,3980,20,D,CP,YU,F
15:00:00,UNVR,RG,3980,2,D,YP,YU,F
15:00:00,UNVR,RG,3980,1,D,XC,YU,F
15:00:00,UNVR,RG,3980,10,D,CC,YU,F
15:00:00,UNVR,RG,3980,50,D,OD,YU,F
15:00:00,UNVR,RG,3980,1,D,XC,YU,F
15:00:00,UNVR,RG,3980,1,D,KK,YU,F
15:00:00,UNVR,RG,3980,40,D,SQ,YU,F
15:00:00,UNVR,RG,3980,1,D,PD,YU,F
15:00:00,UNVR,RG,3980,1,D,PD,YU,F
15:00:00,UNVR,RG,3980,10,D,YP,YU,F
15:00:00,UNVR,RG,3980,10,D,PD,YU,F
15:00:00,UNVR,RG,3980,2,D,CC,YU,F
15:00:00,UNVR,RG,3980,1,D,YP,YU,F
15:00:00,UNVR,RG,3980,100,D,YJ,YU,F
15:00:00,UNVR,RG,3980,10,D,BQ,YU,F
15:00:00,UNVR,RG,3980,1,D,NI,YU,F
15:00:00,UNVR,RG,3980,1,D,YP,YU,F
15:00:00,UNVR,RG,3980,20,D,KK,YU,F
15:00:00,UNVR,RG,3980,2,D,CC,YU,F
15:00:00,UNVR,RG,3980,2,D,KK,YU,F
15:00:00,UNVR,RG,3980,585,F,CS,YU,F
15:00:00,UNVR,RG,3980,500,D,CD,YU,F
15:00:00,UNVR,RG,3980,1556,F,CS,YU,F
15:00:00,UNVR,RG,3980,162,F,CS,ZP,F
15:00:00,UNVR,RG,3980,163,F,CS,ZP,F
15:00:00,UNVR,RG,3980,218,F,CS,BK,F
15:00:00,UNVR,RG,3980,283,F,CS,KZ,D
15:00:00,UNVR,RG,3980,5,D,PD,KZ,D
15:00:00,UNVR,RG,3980,1,D,CC,KZ,D
15:00:00,UNVR,RG,3980,5,D,KK,KZ,D
15:00:00,UNVR,RG,3980,1,D,PD,KZ,D
15:00:00,UNVR,RG,3980,5,D,BQ,KZ,D
15:00:00,UNVR,RG,3980,3,D,CC,KZ,D
15:00:00,UNVR,RG,3980,900,D,AZ,KZ,D
15:00:00,UNVR,RG,3980,9,D,XL,KZ,D
15:00:00,UNVR,RG,3980,5,D,YP,KZ,D
15:00:00,UNVR,RG,3980,5,D,YP,KZ,D
15:00:00,UNVR,RG,3980,5,D,SQ,KZ,D
15:00:00,UNVR,RG,3980,15,D,AI,KZ,D
15:00:00,UNVR,RG,3980,50,D,TP,KZ,D
15:00:00,UNVR,RG,3980,1,D,YP,KZ,D
15:00:00,UNVR,RG,3980,1,D,YP,KZ,D
15:00:00,UNVR,RG,3980,100,D,NI,KZ,D
15:00:00,UNVR,RG,3980,3,D,NI,KZ,D
15:00:00,UNVR,RG,3980,100,D,NI,KZ,D
15:00:00,UNVR,RG,3980,50,D,DR,KZ,D
15:00:00,UNVR,RG,3980,755,F,YP,KZ,D
15:00:00,UNVR,RG,3980,1,D,PD,KZ,D
15:00:00,UNVR,RG,3980,1,D,KK,KZ,D
15:00:00,UNVR,RG,3980,1,D,PD,KZ,D
15:00:00,UNVR,RG,3980,83,D,DX,KZ,D
15:00:00,UNVR,RG,3980,1,D,PD,KZ,D
15:00:00,UNVR,RG,3980,1,D,YP,KZ,D
15:00:00,UNVR,RG,3980,120,D,YP,KZ,D
15:00:00,UNVR,RG,3980,5,D,YP,KZ,D
15:00:00,UNVR,RG,3980,840,F,CS,KZ,D
15:00:00,UNVR,RG,3980,1,D,YP,KZ,D
15:00:00,UNVR,RG,3980,2,D,YP,KZ,D
15:00:00,UNVR,RG,3980,1,D,NI,KZ,D
15:00:00,UNVR,RG,3980,6,D,YP,KZ,D
15:00:00,UNVR,RG,3980,10,D,XC,KZ,D
15:00:00,UNVR,RG,3980,1,D,YP,KZ,D
15:00:00,UNVR,RG,3980,35,D,KK,KZ,D
15:00:00,UNVR,RG,3980,21,D,KK,KZ,D
15:00:00,UNVR,RG,3980,55,D,KK,KZ,F
15:00:00,UNVR,RG,3980,232,F,ZP,KZ,F
15:00:00,UNVR,RG,3980,32,F,ZP,KZ,F
15:00:00,UNVR,RG,3980,5,F,ZP,KZ,F
15:00:00,UNVR,RG,3980,1,F,ZP,KZ,F
15:00:00,UNVR,RG,3980,493,F,ZP,KZ,F
15:00:00,UNVR,RG,3980,880,F,ZP,KZ,F
15:00:00,UNVR,RG,3980,4185,F,ZP,KZ,F
15:00:00,UNVR,RG,3980,104,F,ZP,KZ,F
15:00:00,UNVR,RG,3980,694,F,ZP,BB,D
15:00:00,UNVR,RG,3980,130,F,ZP,AK,F
15:00:00,UNVR,RG,3980,135,F,ZP,CC,D
15:00:00,UNVR,RG,3980,100,F,ZP,CC,D
15:00:00,UNVR,RG,3980,76,F,ZP,CC,D
15:00:00,UNVR,RG,3980,191,F,ZP,CC,D
15:00:00,UNVR,RG,3980,65,F,ZP,CC,D
15:00:00,UNVR,RG,3980,2092,F,ZP,YU,F
15:00:00,UNVR,RG,3980,901,F,ZP,DR,D
15:00:00,UNVR,RG,3980,145,F,BK,DR,D
15:00:00,UNVR,RG,3980,73,F,BK,LG,D
15:00:00,UNVR,RG,3980,6,F,AK,LG,D
15:00:00,UNVR,RG,3980,107,F,AK,PD,D
15:00:00,UNVR,RG,3980,1290,F,AK,PD,D
15:00:00,UNVR,RG,3980,49,F,AK,PD,D
15:00:00,UNVR,RG,3980,94,F,DP,PD,D
15:00:00,UNVR,RG,3980,458,F,YU,PD,D
15:00:00,UNVR,RG,3980,57,F,YU,PD,D
15:00:00,UNVR,RG,3980,36,F,YU,PD,D
14:49:59,UNVR,RG,4000,11,D,YP,BB,D
14:49:59,UNVR,RG,4000,1,D,XC,BB,D
14:49:59,UNVR,RG,4000,22,F,AK,BB,D
14:49:59,UNVR,RG,4000,13,F,AK,BB,D
14:49:59,UNVR,RG,4000,23,F,AK,BB,D
14:49:59,UNVR,RG,4000,1,F,ZP,BB,D
14:49:58,UNVR,RG,4000,32,F,ZP,BB,D
14:49:57,UNVR,RG,4000,5,F,ZP,BB,D
14:49:57,UNVR,RG,4000,1,F,ZP,BB,D
14:49:55,UNVR,RG,4000,1,F,ZP,BB,D
14:49:55,UNVR,RG,4000,22,F,ZP,BB,D
14:49:54,UNVR,RG,4000,93,F,ZP,BB,D
14:49:54,UNVR,RG,4000,43,F,ZP,BB,D
14:49:53,UNVR,RG,4000,21,F,ZP,BB,D
14:49:53,UNVR,RG,4000,35,F,ZP,BB,D
14:49:52,UNVR,RG,4000,3,F,ZP,BB,D
14:49:48,UNVR,RG,4000,7,F,ZP,BB,D
14:49:48,UNVR,RG,4000,205,F,AK,BB,D
14:49:48,UNVR,RG,4000,1,F,AK,KK,D
14:49:48,UNVR,RG,4000,25,F,AK,CC,D
14:49:48,UNVR,RG,4000,5,F,AK,YP,D
14:49:48,UNVR,RG,4000,1,F,AK,DH,D
14:49:48,UNVR,RG,4000,12,F,AK,XC,D
14:49:48,UNVR,RG,4000,10,F,AK,PD,D
14:49:48,UNVR,RG,4000,7,F,AK,NI,D
14:49:48,UNVR,RG,4000,1,F,AK,CC,D
14:49:48,UNVR,RG,4000,5,F,AK,PD,D
14:49:48,UNVR,RG,4000,9,F,AK,XA,D
14:49:48,UNVR,RG,4000,167,F,AK,YU,D
14:49:48,UNVR,RG,4000,45,F,AK,YU,D
14:49:47,UNVR,RG,4000,1,D,OD,YU,D
14:49:43,UNVR,RG,3990,26,F,ZP,BB,D
14:49:43,UNVR,RG,3990,8,D,YP,BB,D
14:49:43,UNVR,RG,3990,1,D,CC,BB,D
14:49:43,UNVR,RG,3990,6,D,DR,BB,D
14:49:43,UNVR,RG,3990,5,D,XC,BB,D
14:49:43,UNVR,RG,3990,10,D,NI,BB,D
14:49:43,UNVR,RG,3990,6,D,PD,BB,D
14:49:43,UNVR,RG,3990,1,D,XC,BB,D
14:49:43,UNVR,RG,3990,1,F,ZP,BB,D
14:49:43,UNVR,RG,3990,4,F,ZP,BB,D
14:49:43,UNVR,RG,3990,25,D,GR,BB,D
14:49:43,UNVR,RG,3990,2,D,YP,BB,D
14:49:43,UNVR,RG,3990,10,D,XC,BB,D
14:49:43,UNVR,RG,3990,42,F,ZP,BB,D
14:49:43,UNVR,RG,3990,2,D,YP,BB,D
14:49:43,UNVR,RG,3990,10,D,XC,BB,D
14:49:43,UNVR,RG,3990,1,D,PD,BB,D
14:49:43,UNVR,RG,3990,1,D,XC,BB,D
14:49:43,UNVR,RG,3990,22,D,YP,BB,D
14:49:42,UNVR,RG,3990,8,D,YP,AT,D
14:49:42,UNVR,RG,3990,7,D,EP,AT,D
14:49:42,UNVR,RG,4000,37,F,ZP,YU,D
14:49:42,UNVR,RG,4000,20,F,ZP,KK,D
14:49:42,UNVR,RG,4000,15,F,ZP,PD,D
14:49:42,UNVR,RG,3990,3,D,EP,BB,D
14:49:42,UNVR,RG,3990,4,D,XC,BB,D
14:49:41,UNVR,RG,3990,1,D,XC,XC,D
14:49:41,UNVR,RG,4000,19,F,ZP,PD,D
14:49:40,UNVR,RG,3990,1,D,XC,BB,D
14:49:39,UNVR,RG,4000,6,D,PD,PD,D
14:49:38,UNVR,RG,3990,3,D,XC,BB,D
14:49:38,UNVR,RG,3990,3,D,YP,BB,D
14:49:38,UNVR,RG,3990,31,F,ZP,BB,D
14:49:38,UNVR,RG,3990,1,F,ZP,BB,D
14:49:38,UNVR,RG,4000,10,F,AK,PD,D
14:49:38,UNVR,RG,4000,56,F,AK,CS,F
14:49:36,UNVR,RG,3990,1,F,ZP,BB,D
14:49:36,UNVR,RG,4000,1,F,ZP,CS,F
14:49:31,UNVR,RG,4000,1,F,ZP,CS,F
14:49:30,UNVR,RG,3990,23,F,ZP,BB,D
14:49:30,UNVR,RG,3990,253,F,ZP,YU,F
14:49:30,UNVR,RG,3990,1,D,SQ,YU,F
14:49:30,UNVR,RG,3990,325,D,YP,YU,F
14:49:30,UNVR,RG,4000,136,F,ZP,CS,F
14:49:30,UNVR,RG,4000,19,F,ZP,ZP,F
14:49:30,UNVR,RG,4000,236,F,ZP,CS,F
14:49:30,UNVR,RG,4000,10,F,ZP,KK,D
14:49:30,UNVR,RG,3990,35,D,YP,ZP,F
14:49:27,UNVR,RG,4000,2,D,TP,YU,F
14:49:25,UNVR,RG,3990,2,D,YP,BB,D
14:49:25,UNVR,RG,3990,59,D,YP,BB,D
14:49:24,UNVR,RG,4000,7,D,CC,YU,F
14:49:22,UNVR,RG,4000,62,F,ZP,YU,F
14:49:20,UNVR,RG,4000,4,F,ZP,YU,F
14:49:19,UNVR,RG,3990,22,D,YP,BB,D
14:49:15,UNVR,RG,3990,12,D,YP,BB,D
14:49:12,UNVR,RG,3990,88,D,YP,BB,D
14:49:12,UNVR,RG,3990,1,D,YP,BB,D
14:49:11,UNVR,RG,3990,89,D,YP,BB,D
14:49:09,UNVR,RG,3990,32,D,YP,BB,D
14:49:08,UNVR,RG,3990,1,D,YP,KK,D
14:49:06,UNVR,RG,3990,4,D,YP,BB,D
14:49:03,UNVR,RG,3990,10,D,YP,BB,D
14:49:01,UNVR,RG,4000,81,F,ZP,YU,F
14:49:01,UNVR,RG,4000,5,F,ZP,PD,D
14:49:01,UNVR,RG,4000,138,F,ZP,OD,D
14:49:01,UNVR,RG,4000,188,F,ZP,OD,D
14:49:01,UNVR,RG,4000,50,F,ZP,OD,D
14:49:01,UNVR,RG,4000,75,F,ZP,OD,D
14:49:01,UNVR,RG,4000,11,F,ZP,OD,D
14:49:01,UNVR,RG,4000,38,F,ZP,BB,D
14:49:01,UNVR,RG,3990,176,D,YP,YU,D
14:49:01,UNVR,RG,3990,15,F,ZP,YU,D
14:49:01,UNVR,RG,3990,1,D,YP,YU,D
14:49:01,UNVR,RG,3990,1,D,SQ,YU,D
14:49:01,UNVR,RG,3990,3,D,PD,YU,D
14:49:01,UNVR,RG,3990,4,F,ZP,YU,D
14:49:00,UNVR,RG,3990,26,F,ZP,BB,D
14:49:00,UNVR,RG,3990,1,F,ZP,YU,F
14:49:00,UNVR,RG,4000,16,F,AK,BB,D
14:49:00,UNVR,RG,3990,35,F,ZP,AK,D
14:49:00,UNVR,RG,3990,1,F,ZP,AK,D
14:49:00,UNVR,RG,3990,1,F,ZP,AK,D
14:49:00,UNVR,RG,3990,12,F,ZP,AK,F
14:49:00,UNVR,RG,4000,1,F,AK,BB,D
14:49:00,UNVR,RG,3990,1,F,ZP,AK,D
14:49:00,UNVR,RG,3990,1,F,ZP,AK,F
14:48:59,UNVR,RG,3990,8,F,ZP,BB,D
14:48:54,UNVR,RG,3990,9,F,ZP,BB,D
14:48:53,UNVR,RG,3990,9,F,ZP,ZP,F
14:48:53,UNVR,RG,3990,2,F,ZP,BB,D
14:48:53,UNVR,RG,3990,2,F,ZP,ZP,F
14:48:52,UNVR,RG,3990,1,F,ZP,BB,D
14:48:48,UNVR,RG,3990,49,F,ZP,BB,D
14:48:48,UNVR,RG,4000,1,D,KK,BB,D
14:48:47,UNVR,RG,3990,2,F,ZP,ZP,F
14:48:47,UNVR,RG,3990,2,F,ZP,ZP,F
14:48:46,UNVR,RG,3990,16,F,ZP,BB,D
14:48:45,UNVR,RG,3990,20,F,ZP,ZP,F
14:48:45,UNVR,RG,3990,22,F,ZP,AK,D
14:48:45,UNVR,RG,3990,5,D,YP,AK,D
14:48:45,UNVR,RG,3990,22,F,AK,AK,D
14:48:45,UNVR,RG,4000,9,F,AK,BB,D
14:48:45,UNVR,RG,3990,3,F,AK,AK,D
14:48:45,UNVR,RG,3990,1,F,AK,AK,F
14:48:45,UNVR,RG,4000,1,F,AK,BB,D
14:48:44,UNVR,RG,3990,9,F,AK,BB,D
14:48:43,UNVR,RG,4000,10,D,KK,BB,D
14:48:35,UNVR,RG,4000,2,D,XC,BB,D
14:48:35,UNVR,RG,4000,3,D,XC,OD,D
14:48:33,UNVR,RG,3990,8,F,AK,BB,D
14:48:31,UNVR,RG,3990,17,F,AK,BB,D
14:48:30,UNVR,RG,3990,5,F,AK,AK,F
14:48:28,UNVR,RG,3990,6,F,AK,ZP,F
14:48:28,UNVR,RG,4000,5,F,AK,OD,D
14:48:28,UNVR,RG,3990,6,F,AK,AK,D
14:48:28,UNVR,RG,4000,2,F,AK,OD,D
14:48:28,UNVR,RG,3990,1,F,AK,AK,F
14:48:26,UNVR,RG,4000,1,D,PD,OD,D
14:48:26,UNVR,RG,3990,9,F,AK,BB,D
14:48:19,UNVR,RG,3990,16,F,AK,BB,D
14:48:19,UNVR,RG,3990,21,F,AK,BB,D
14:48:19,UNVR,RG,4000,1,D,PD,OD,D
14:48:15,UNVR,RG,4000,3,F,AK,OD,D
14:48:13,UNVR,RG,3990,5,F,AK,AK,F
14:48:13,UNVR,RG,3990,1,F,AK,AK,F
14:48:12,UNVR,RG,3990,7,F,AK,ZP,F
14:48:06,UNVR,RG,3990,13,F,AK,BB,D
14:48:04,UNVR,RG,3990,84,F,AK,BB,D
14:48:04,UNVR,RG,3990,26,F,AK,BB,D
14:48:04,UNVR,RG,3990,25,F,ZP,BB,D
14:48:01,UNVR,RG,3990,40,F,ZP,BB,D
14:48:01,UNVR,RG,3990,1,D,PD,BB,D
14:48:01,UNVR,RG,3990,5,D,OD,BB,D
14:48:01,UNVR,RG,3990,1,D,PD,BB,D
14:48:01,UNVR,RG,3990,1,D,KK,BB,D
14:48:01,UNVR,RG,3990,4,D,PD,BB,D
14:48:01,UNVR,RG,3990,5,D,NI,BB,D
14:48:01,UNVR,RG,3990,1,D,SQ,BB,D
14:48:01,UNVR,RG,3990,1,D,PD,BB,D
14:48:01,UNVR,RG,3990,2,D,PD,BB,D
14:48:01,UNVR,RG,3990,1,D,EP,BB,D
14:48:01,UNVR,RG,3990,10,D,YP,BB,D
14:48:01,UNVR,RG,3990,1,D,NI,BB,D
14:48:01,UNVR,RG,3990,5,D,PD,BB,D
14:48:01,UNVR,RG,3990,2,D,YP,BB,D
14:48:00,UNVR,RG,3990,50,D,XC,YU,F
14:48:00,UNVR,RG,3990,1,D,YP,YU,F
14:48:00,UNVR,RG,3990,50,D,CC,YU,F
14:48:00,UNVR,RG,3990,50,D,TP,YU,F
14:48:00,UNVR,RG,3990,2,D,KK,YU,F
14:48:00,UNVR,RG,3990,1,D,XC,YU,F
14:48:00,UNVR,RG,3990,1,D,NI,YU,F
14:48:00,UNVR,RG,3990,2,D,CC,YU,F
14:48:00,UNVR,RG,3990,1,D,PD,YU,F
14:48:00,UNVR,RG,3990,1,D,XC,YU,F
14:48:00,UNVR,RG,3990,4,D,PD,YU,F
14:48:00,UNVR,RG,3990,3,D,XC,YU,F
14:48:00,UNVR,RG,3990,51,D,CC,YU,F
14:48:00,UNVR,RG,3990,5,D,NI,YU,F
14:48:00,UNVR,RG,3990,5,D,PD,YU,F
14:48:00,UNVR,RG,3990,1,D,XC,YU,F
14:48:00,UNVR,RG,3990,1,D,XC,YU,F
14:48:00,UNVR,RG,3990,1,D,DR,YU,F
14:48:00,UNVR,RG,3990,1,D,XC,YU,F
14:48:00,UNVR,RG,3990,6,D,NI,YU,F
14:48:00,UNVR,RG,3990,2,D,DR,YU,F
14:48:00,UNVR,RG,3990,1,D,KK,YU,F
14:48:00,UNVR,RG,3990,1,D,KK,YU,F
14:48:00,UNVR,RG,3990,1,D,KK,YU,F
14:48:00,UNVR,RG,3990,5,D,CC,YU,F
14:48:00,UNVR,RG,3990,55,D,YP,YU,F
14:48:00,UNVR,RG,3990,5,D,YP,YU,F
14:48:00,UNVR,RG,3990,8,D,YP,YU,F
14:48:00,UNVR,RG,3990,1,D,YP,YU,F
14:48:00,UNVR,RG,3990,5,D,YP,YU,F
14:48:00,UNVR,RG,3990,1,D,LG,YU,F
14:48:00,UNVR,RG,3990,1,D,XC,YU,F
14:48:00,UNVR,RG,3990,1,D,XC,YU,F
14:48:00,UNVR,RG,3990,9,D,PD,YU,F
14:48:00,UNVR,RG,3990,1,D,XC,YU,F
14:48:00,UNVR,RG,3990,2,D,XC,YU,F
14:48:00,UNVR,RG,3990,5,D,LG,YU,F
14:48:00,UNVR,RG,3990,1,D,PD,YU,F
14:48:00,UNVR,RG,3990,1,D,DH,YU,F
14:48:00,UNVR,RG,3990,1,D,XL,YU,F
14:48:00,UNVR,RG,3990,20,D,SQ,YU,F
14:48:00,UNVR,RG,3990,10,D,AG,YU,F
14:48:00,UNVR,RG,3990,10,D,DX,YU,F
14:48:00,UNVR,RG,3990,1,D,PD,YU,F
14:48:00,UNVR,RG,3990,1,D,PD,YU,F
14:48:00,UNVR,RG,3990,1,D,KK,YU,F
14:48:00,UNVR,RG,3990,1,D,PD,YU,F
14:48:00,UNVR,RG,3990,2,D,KK,YU,F
14:48:00,UNVR,RG,3990,1,D,SQ,YU,F
14:48:00,UNVR,RG,3990,5,D,SQ,YU,F
14:48:00,UNVR,RG,3990,1,D,PD,YU,F
14:48:00,UNVR,RG,3990,5,D,YU,YU,F
14:48:00,UNVR,RG,3990,1,D,YU,YU,F
14:48:00,UNVR,RG,3990,5,D,PD,YU,F
14:48:00,UNVR,RG,3990,34,D,EP,YU,F
14:48:00,UNVR,RG,3990,2,D,OD,YU,F
14:48:00,UNVR,RG,3990,3,D,KK,YU,F
14:48:00,UNVR,RG,3990,20,D,YP,YU,F
14:48:00,UNVR,RG,3990,50,D,CC,YU,F
14:48:00,UNVR,RG,3990,2,D,CC,YU,F
14:48:00,UNVR,RG,3990,1,D,PD,YU,F
14:48:00,UNVR,RG,3990,1,D,XC,YU,F
14:48:00,UNVR,RG,3990,1,D,IF,YU,F
14:48:00,UNVR,RG,3990,1,D,NI,YU,F
14:48:00,UNVR,RG,3990,19,D,LG,YU,F
14:48:00,UNVR,RG,3990,1,D,LG,AK,F
14:48:00,UNVR,RG,3990,3,D,GR,AK,F
14:48:00,UNVR,RG,3990,3,D,GR,AK,F
14:47:59,UNVR,RG,3990,48,D,GR,AK,D
14:47:59,UNVR,RG,3990,11,D,GR,AK,D
14:47:58,UNVR,RG,3990,1,D,GR,DR,D
14:47:55,UNVR,RG,4000,5,D,PD,OD,D
14:47:54,UNVR,RG,3990,4,D,GR,ZP,F
14:47:54,UNVR,RG,3990,1,D,GR,AZ,D
14:47:51,UNVR,RG,3990,1,D,GR,AZ,D
14:47:42,UNVR,RG,3990,8,D,GR,AZ,D
14:47:42,UNVR,RG,3990,6,D,GR,AZ,D
14:47:42,UNVR,RG,3990,6,D,GR,AZ,D
14:47:42,UNVR,RG,3990,15,D,GR,AZ,D
14:47:42,UNVR,RG,3990,2,D,GR,AZ,D
14:47:42,UNVR,RG,3990,7,D,GR,CS,D
14:47:42,UNVR,RG,4000,10,D,CC,OD,D
14:47:40,UNVR,RG,4000,1,D,XL,OD,D
14:47:39,UNVR,RG,3990,84,D,GR,BB,D
14:47:39,UNVR,RG,3990,5,D,XC,BB,D
14:47:39,UNVR,RG,3990,2,D,PD,BB,D
14:47:39,UNVR,RG,3990,15,D,NI,BB,D
14:47:39,UNVR,RG,3990,5,D,YP,BB,D
14:47:39,UNVR,RG,3990,1,D,YP,BB,D
14:47:39,UNVR,RG,3990,2,D,SQ,BB,D
14:47:39,UNVR,RG,3990,1,D,CC,BB,D
14:47:39,UNVR,RG,3990,100,D,YJ,BB,D
14:47:39,UNVR,RG,3990,1,D,CC,BB,D
14:47:39,UNVR,RG,3990,5,D,CC,BB,D
14:47:39,UNVR,RG,3990,1,D,CP,BB,D
14:47:39,UNVR,RG,3990,1,D,CP,BB,D
14:47:39,UNVR,RG,3990,2,D,XC,BB,D
14:47:39,UNVR,RG,3990,5,D,GR,BB,D
14:47:39,UNVR,RG,3990,1,D,PD,BB,D
14:47:39,UNVR,RG,3990,52,D,NI,BB,D
14:47:39,UNVR,RG,3990,10,D,YP,BB,D
14:47:39,UNVR,RG,3990,1,D,PD,BB,D
14:47:39,UNVR,RG,3990,1,D,XC,BB,D
14:47:39,UNVR,RG,3990,5,D,YP,BB,D
14:47:39,UNVR,RG,3990,1,D,XC,BB,D
14:47:39,UNVR,RG,3990,1,D,CC,BB,D
14:47:39,UNVR,RG,3990,12,D,XC,BB,D
14:47:39,UNVR,RG,3990,39,D,NI,BB,D
14:47:39,UNVR,RG,3990,10,D,NI,KK,D
14:47:38,UNVR,RG,3990,1,D,NI,AK,F
14:47:38,UNVR,RG,3990,2,D,PD,AK,F
14:47:37,UNVR,RG,3990,3,D,PD,AZ,D
14:47:37,UNVR,RG,3990,1,D,YP,AZ,D
14:47:37,UNVR,RG,3990,16,D,AZ,AZ,D
14:47:37,UNVR,RG,3990,9,D,AZ,AZ,D
14:47:37,UNVR,RG,3990,4,D,GR,AZ,D
14:47:37,UNVR,RG,3990,13,D,GR,AZ,D
14:47:37,UNVR,RG,3990,7,D,GR,AZ,D
14:47:37,UNVR,RG,3990,1,D,GR,AZ,D
14:47:37,UNVR,RG,3990,3,D,XA,AZ,D
14:47:37,UNVR,RG,3990,5,D,XC,AZ,D
14:47:37,UNVR,RG,3990,1,D,PD,AZ,D
14:47:37,UNVR,RG,3990,3,D,PD,AZ,D
14:47:37,UNVR,RG,3990,2,D,YP,AZ,D
14:47:37,UNVR,RG,3990,1,D,YP,AZ,D
14:47:37,UNVR,RG,3990,18,D,CC,AZ,D
14:47:32,UNVR,RG,3990,11,D,CC,CS,D
14:47:30,UNVR,RG,3990,4,D,CC,AK,F
14:47:30,UNVR,RG,3990,17,D,CC,AK,D
14:47:30,UNVR,RG,3990,1,D,XC,AK,D
14:47:30,UNVR,RG,3990,2,D,XL,AK,D
14:47:30,UNVR,RG,3990,2,D,YP,AK,D
14:47:30,UNVR,RG,3990,1,D,PD,AK,D
14:47:30,UNVR,RG,3990,16,D,DH,AK,D
14:47:29,UNVR,RG,3990,34,D,DH,BB,D
14:47:29,UNVR,RG,3990,1,D,GR,BB,D
14:47:29,UNVR,RG,3990,10,D,PD,BB,D
14:47:29,UNVR,RG,3990,10,D,YP,BB,D
14:47:29,UNVR,RG,3990,1,D,XC,BB,D
14:47:29,UNVR,RG,3990,3,D,YP,BB,D
14:47:29,UNVR,RG,3990,20,D,NI,BB,D
14:47:29,UNVR,RG,3990,3,D,CC,BB,D
14:47:29,UNVR,RG,3990,15,D,YP,BB,D
14:47:24,UNVR,RG,4000,1,D,LG,OD,D
14:47:21,UNVR,RG,3990,24,D,YP,CS,D
14:47:21,UNVR,RG,3990,2,D,YP,CS,D
14:47:15,UNVR,RG,3990,22,D,YP,AK,D
14:47:07,UNVR,RG,3990,37,D,YP,BB,D
14:47:07,UNVR,RG,3990,10,D,YP,BB,D
14:47:07,UNVR,RG,3990,25,D,YP,BB,D
14:47:07,UNVR,RG,3990,5,D,SQ,BB,D
14:47:07,UNVR,RG,3990,1,D,XC,BB,D
14:47:07,UNVR,RG,3990,1,D,PD,BB,D
14:47:07,UNVR,RG,3990,1,D,PD,BB,D
14:47:07,UNVR,RG,3990,1,D,XC,BB,D
14:47:07,UNVR,RG,3990,211,D,DR,BB,D
14:47:05,UNVR,RG,3990,50,D,DR,LG,D
14:47:05,UNVR,RG,3990,39,D,DR,LG,D
14:47:05,UNVR,RG,3990,2,D,CC,LG,D
14:47:05,UNVR,RG,3990,9,D,YP,LG,D
14:47:05,UNVR,RG,3990,50,D,YP,LG,D
14:47:05,UNVR,RG,3990,50,D,YP,LG,D
14:47:04,UNVR,RG,4000,14,D,XC,OD,D
14:47:00,UNVR,RG,3990,241,D,YP,YU,F
14:46:51,UNVR,RG,3990,7,D,YP,CS,D
14:46:51,UNVR,RG,3990,27,D,YP,CS,D
14:46:30,UNVR,RG,3990,41,D,YP,AK,D
14:46:28,UNVR,RG,3990,75,D,YP,BB,D
14:46:28,UNVR,RG,3990,2,D,XC,BB,D
14:46:28,UNVR,RG,3990,2,D,YP,BB,D
14:46:28,UNVR,RG,3990,30,D,CC,BB,D
14:46:28,UNVR,RG,3990,2,D,EP,BB,D
14:46:28,UNVR,RG,3990,25,D,DH,BB,D
14:46:22,UNVR,RG,4000,3,D,KK,OD,D
14:46:16,UNVR,RG,4000,40,D,XL,OD,D
14:46:15,UNVR,RG,3990,4,D,XC,AK,F
14:46:15,UNVR,RG,3990,1,D,YP,AK,F
14:46:15,UNVR,RG,3990,2,D,XC,AK,F
14:46:15,UNVR,RG,3990,5,D,YU,AK,F
14:46:15,UNVR,RG,3990,5,D,NI,AK,F
14:46:06,UNVR,RG,3990,40,D,PD,PD,D
14:46:04,UNVR,RG,3990,10,D,PD,XA,D
14:46:00,UNVR,RG,3990,3,D,PD,YU,F
14:46:00,UNVR,RG,3990,1,D,PD,YU,F
14:46:00,UNVR,RG,3990,50,D,YP,YU,F
14:46:00,UNVR,RG,3990,1,D,PD,YU,F
14:46:00,UNVR,RG,3990,1,D,KK,YU,F
14:46:00,UNVR,RG,3990,3,D,CC,YU,F
14:46:00,UNVR,RG,3990,155,D,OD,YU,F
14:45:50,UNVR,RG,4000,2,D,PD,OD,D
14:45:43,UNVR,RG,3990,10,D,OD,BB,D
14:45:33,UNVR,RG,3990,10,D,OD,AK,F
14:45:30,UNVR,RG,3990,82,D,OD,AK,D
14:45:23,UNVR,RG,4000,1,D,PD,OD,D
14:45:06,UNVR,RG,4000,2,D,LG,OD,D
14:45:01,UNVR,RG,3990,121,D,OD,BB,D
14:45:01,UNVR,RG,3990,9,D,YP,BB,D
14:45:01,UNVR,RG,4000,3,D,CC,OD,D
14:45:00,UNVR,RG,3990,1,D,YP,YU,F
14:45:00,UNVR,RG,3990,1,D,XC,YU,F
14:45:00,UNVR,RG,3990,2,D,XC,YU,F
14:45:00,UNVR,RG,3990,3,D,YP,YU,F
14:45:00,UNVR,RG,3990,2,D,HD,YU,F
14:45:00,UNVR,RG,3990,5,D,PD,YU,F
14:45:00,UNVR,RG,3990,3,D,CC,YU,F
14:45:00,UNVR,RG,3990,1,D,CC,YU,F
14:45:00,UNVR,RG,3990,26,D,NI,YU,F
14:45:00,UNVR,RG,3990,1,D,XC,YU,F
14:45:00,UNVR,RG,3990,1,D,PD,YU,F
14:45:00,UNVR,RG,3990,1,D,XC,YU,F
14:45:00,UNVR,RG,3990,30,D,NI,YU,F
14:45:00,UNVR,RG,3990,1,D,PD,YU,F
14:45:00,UNVR,RG,3990,2,D,CC,YU,F
14:45:00,UNVR,RG,3990,1,D,PD,YU,F
14:45:00,UNVR,RG,3990,1,D,PD,YU,F
14:45:00,UNVR,RG,3990,2,D,XL,YU,F
14:45:00,UNVR,RG,3990,3,D,KK,YU,F
14:45:00,UNVR,RG,3990,1,D,PD,YU,F
14:45:00,UNVR,RG,3990,40,D,CC,YU,F
14:45:00,UNVR,RG,3990,150,F,KK,YU,F
14:45:00,UNVR,RG,3990,1,D,EP,YU,F
14:45:00,UNVR,RG,3990,1,D,CC,YU,F
14:45:00,UNVR,RG,3990,1,D,PD,YU,F
14:45:00,UNVR,RG,3990,140,D,CC,YU,F
14:44:56,UNVR,RG,4000,5,D,NI,OD,D
14:44:54,UNVR,RG,3990,5,D,CC,DX,D
14:44:45,UNVR,RG,3990,124,D,CC,BB,D
14:44:40,UNVR,RG,4000,1,D,GR,OD,D
14:44:25,UNVR,RG,3990,6,D,CC,DX,D
14:44:25,UNVR,RG,4000,25,D,AT,OD,D
14:44:24,UNVR,RG,3990,1,D,CC,XC,D
14:44:12,UNVR,RG,3990,365,D,CC,AZ,D
14:44:07,UNVR,RG,3990,54,D,CC,XL,D
14:44:04,UNVR,RG,4000,2,D,LG,OD,D
14:43:56,UNVR,RG,4000,5,D,YP,OD,D
14:43:52,UNVR,RG,4000,3,F,AK,OD,D
14:43:52,UNVR,RG,4000,188,F,AK,OD,D
14:43:52,UNVR,RG,4000,50,F,AK,OD,D
14:43:52,UNVR,RG,4000,75,F,AK,OD,D
14:43:52,UNVR,RG,4000,447,F,AK,YU,F
14:43:52,UNVR,RG,4000,24,F,AK,ZP,F
14:43:52,UNVR,RG,4000,2,F,AK,ZP,F
14:43:52,UNVR,RG,4000,88,F,AK,BB,D
14:43:52,UNVR,RG,4000,1,F,AK,BB,D
14:43:52,UNVR,RG,4000,48,F,AK,CS,D
14:43:52,UNVR,RG,4000,19,F,AK,ZP,F
14:43:52,UNVR,RG,4000,1,F,AK,CS,D
14:43:52,UNVR,RG,4000,54,F,AK,DR,D
14:43:47,UNVR,RG,4000,70,D,CP,DR,D
14:43:42,UNVR,RG,4000,1,D,LG,DR,D
14:43:30,UNVR,RG,4000,2,D,PD,DR,D
14:43:15,UNVR,RG,4000,1,D,LG,DR,D
14:43:14,UNVR,RG,4000,1,D,XC,DR,D
14:43:01,UNVR,RG,4000,2,D,LG,DR,D
14:42:55,UNVR,RG,4000,3,D,TP,DR,D
14:42:55,UNVR,RG,3990,1,D,CC,PD,D
14:42:55,UNVR,RG,3990,1,D,CC,PD,D
14:42:55,UNVR,RG,3990,111,D,CC,BB,D
14:42:53,UNVR,RG,4000,38,F,ZP,DR,D
14:42:53,UNVR,RG,4000,10,D,LG,DR,D
14:42:53,UNVR,RG,4000,3,D,XL,DR,D
14:42:53,UNVR,RG,4000,100,D,CC,DR,D
14:42:53,UNVR,RG,4000,260,F,AK,DR,D
14:42:53,UNVR,RG,4000,506,F,ZP,DR,D
14:42:53,UNVR,RG,4000,179,D,LG,DR,D
14:42:53,UNVR,RG,4000,2,D,XC,DR,D
14:42:53,UNVR,RG,4000,1,D,XC,DR,D
14:42:53,UNVR,RG,4000,1,D,CC,DR,D
14:42:53,UNVR,RG,4000,1,D,PD,DR,D
14:42:53,UNVR,RG,4000,5,D,AG,DR,D
14:42:53,UNVR,RG,4000,5,D,XL,DR,D
14:42:53,UNVR,RG,4000,1,D,NI,DR,D
14:42:53,UNVR,RG,4000,1,D,OD,DR,D
14:42:53,UNVR,RG,4000,1,D,XC,DR,D
14:42:53,UNVR,RG,4000,1,D,YP,DR,D
14:42:53,UNVR,RG,4000,50,D,CC,DR,D
14:42:53,UNVR,RG,4000,5,D,YP,DR,D
14:42:53,UNVR,RG,4000,1,D,PD,DR,D
14:42:53,UNVR,RG,4000,5,F,ZP,DR,D
14:42:53,UNVR,RG,4000,32,F,ZP,DR,D
14:42:52,UNVR,RG,4000,1,F,ZP,NI,D
14:42:46,UNVR,RG,4000,5,D,XL,DH,D
14:42:35,UNVR,RG,4000,1,D,NI,AG,D
14:42:30,UNVR,RG,4000,194,F,BK,AK,F
14:42:30,UNVR,RG,4000,5,F,CS,AK,F
14:42:30,UNVR,RG,4000,8,D,YP,AK,F
14:42:30,UNVR,RG,4000,96,D,YP,BB,D
14:42:30,UNVR,RG,4000,196,D,YP,BB,D
14:42:30,UNVR,RG,4000,53,F,AK,BB,D
14:42:30,UNVR,RG,4000,97,D,CC,BB,D
14:42:30,UNVR,RG,4000,1,D,YP,BB,D
14:42:30,UNVR,RG,4000,20,D,CC,BB,D
14:42:30,UNVR,RG,4000,1,D,YP,BB,D
14:42:30,UNVR,RG,4000,2,D,YP,BB,D
14:42:30,UNVR,RG,4000,1,D,CC,BB,D
14:42:30,UNVR,RG,4000,1,D,CP,BB,D
14:42:30,UNVR,RG,4000,1,D,XL,BB,D
14:42:30,UNVR,RG,4000,191,F,ZP,BB,D
14:42:30,UNVR,RG,4000,1,D,NI,BB,D
14:42:30,UNVR,RG,4000,1,D,XC,BB,D
14:42:30,UNVR,RG,4000,12,F,AK,BB,D
14:42:30,UNVR,RG,4000,1,D,NI,BB,D
14:42:30,UNVR,RG,4000,5,D,SQ,BB,D
14:42:30,UNVR,RG,4000,258,F,ZP,BB,D
14:42:30,UNVR,RG,4000,284,F,ZP,BB,D
14:42:30,UNVR,RG,4000,676,F,ZP,BB,D
14:42:30,UNVR,RG,4000,28,F,ZP,BB,D
14:42:30,UNVR,RG,4000,10,D,LG,BB,D
14:42:30,UNVR,RG,4000,20,D,LG,BB,D
14:42:30,UNVR,RG,4000,20,D,XA,BB,D
14:42:30,UNVR,RG,4000,10,D,YP,BB,D
14:42:30,UNVR,RG,4000,1,D,CC,BB,D
14:42:30,UNVR,RG,4000,2,D,XC,BB,D
14:42:30,UNVR,RG,4000,1,D,XC,BB,D
14:42:30,UNVR,RG,4000,10,D,YP,BB,D
14:42:30,UNVR,RG,4000,2,D,CC,BB,D
14:42:30,UNVR,RG,4000,543,F,BK,BB,D
14:42:30,UNVR,RG,4000,156,F,AK,BB,D
14:42:30,UNVR,RG,4000,154,F,AK,BB,D
14:42:30,UNVR,RG,4000,190,F,AK,BB,D
14:42:30,UNVR,RG,4000,35,F,ZP,BB,D
14:42:30,UNVR,RG,4000,2,D,YP,BB,D
14:42:30,UNVR,RG,4000,3,D,XC,BB,D
14:42:30,UNVR,RG,4000,1,D,MG,BB,D
14:42:30,UNVR,RG,4000,500,D,NI,BB,D
14:42:30,UNVR,RG,4000,10,D,YP,BB,D
14:42:30,UNVR,RG,4000,2,D,XC,BB,D
14:42:30,UNVR,RG,4000,1,D,PD,BB,D
14:42:30,UNVR,RG,4000,2,D,PD,BB,D
14:42:30,UNVR,RG,4000,1,D,KK,BB,D
14:42:30,UNVR,RG,4000,18,F,ZP,BB,D
14:42:30,UNVR,RG,4000,5,D,PD,BB,D
14:42:30,UNVR,RG,4000,378,D,YP,BB,D
14:42:30,UNVR,RG,4000,35,D,SQ,BB,D
14:42:30,UNVR,RG,4000,10,D,YP,BB,D
14:42:30,UNVR,RG,4000,2,D,XC,BB,D
14:42:30,UNVR,RG,4000,2,D,XC,BB,D
14:42:30,UNVR,RG,4000,15,D,CC,BB,D
14:42:30,UNVR,RG,4000,1,D,NI,BB,D
14:42:30,UNVR,RG,4000,1,D,PD,BB,D
14:42:30,UNVR,RG,4000,10,D,NI,BB,D
14:42:30,UNVR,RG,4000,10,D,PD,BB,D
14:42:30,UNVR,RG,4000,1,D,DR,BB,D
14:42:30,UNVR,RG,4000,1,D,PD,BB,D
14:42:30,UNVR,RG,4000,50,D,YP,BB,D
14:42:30,UNVR,RG,4000,25,D,YP,BB,D
14:42:30,UNVR,RG,4000,39,D,YP,BB,D
14:42:30,UNVR,RG,4000,61,D,YP,BB,D
14:42:30,UNVR,RG,4000,7,D,DH,BB,D
14:42:30,UNVR,RG,4000,3,D,PD,BB,D
14:42:30,UNVR,RG,4000,1,D,YP,BB,D
14:42:30,UNVR,RG,4000,2,D,YP,BB,D
14:42:30,UNVR,RG,4000,1,D,XC,BB,D
14:42:30,UNVR,RG,4000,5,D,CC,BB,D
14:42:30,UNVR,RG,4000,2,D,NI,BB,D
14:42:30,UNVR,RG,4000,3,D,PD,BB,D
14:42:30,UNVR,RG,4000,15,D,PD,BB,D
14:42:30,UNVR,RG,4000,3,D,PD,BB,D
14:42:30,UNVR,RG,4000,1,D,PD,BB,D
14:42:30,UNVR,RG,4000,12,D,PD,BB,D
14:42:30,UNVR,RG,4000,25,D,CC,BB,D
14:42:30,UNVR,RG,4000,1,D,YP,BB,D
14:42:30,UNVR,RG,4000,10,D,YP,BB,D
14:42:30,UNVR,RG,4000,25,D,EP,BB,D
14:42:30,UNVR,RG,4000,20,D,ZP,BB,D
14:42:30,UNVR,RG,4000,1,D,PD,BB,D
14:42:30,UNVR,RG,4000,1,D,NI,BB,D
14:42:30,UNVR,RG,4000,1,D,CC,BB,D
14:42:30,UNVR,RG,4000,1,D,PD,BB,D
14:42:30,UNVR,RG,4000,5,D,PD,BB,D
14:42:30,UNVR,RG,4000,20,D,NI,BB,D
14:42:30,UNVR,RG,4000,1,D,XL,BB,D
14:42:30,UNVR,RG,4000,5,D,YP,BB,D
14:42:30,UNVR,RG,4000,1,D,YB,BB,D
14:42:30,UNVR,RG,4000,50,D,PD,BB,D
14:42:30,UNVR,RG,4000,3,D,PD,BB,D
14:42:30,UNVR,RG,4000,5,D,XC,BB,D
14:42:30,UNVR,RG,4000,1,D,XL,BB,D
14:42:30,UNVR,RG,4000,26,D,YP,BB,D
14:42:30,UNVR,RG,4000,1,D,ZP,BB,D
14:42:30,UNVR,RG,4000,12,D,KK,BB,D
14:42:30,UNVR,RG,4000,200,D,NI,BB,D
14:42:30,UNVR,RG,4000,25,D,YP,BB,D
14:42:30,UNVR,RG,4000,2,D,PD,BB,D
14:42:30,UNVR,RG,4000,677,D,CC,BB,D
14:42:30,UNVR,RG,4000,1194,D,CC,BB,D
14:42:30,UNVR,RG,4000,129,D,CC,BB,D
14:42:30,UNVR,RG,4000,10,D,YB,BB,D
14:42:30,UNVR,RG,4000,1,D,XC,BB,D
14:42:30,UNVR,RG,4000,2,D,XL,BB,D
14:42:30,UNVR,RG,4000,8,D,XC,BB,D
14:42:30,UNVR,RG,4000,20,D,CC,BB,D
14:42:30,UNVR,RG,4000,25,D,YP,BB,D
14:42:30,UNVR,RG,4000,100,D,YP,BB,D
14:42:30,UNVR,RG,4000,3,D,XC,BB,D
14:42:30,UNVR,RG,4000,9,D,KK,BB,D
14:42:30,UNVR,RG,4000,10,D,YP,BB,D
14:42:30,UNVR,RG,4000,35,D,GR,BB,D
14:42:30,UNVR,RG,4000,2,D,KK,BB,D
14:42:30,UNVR,RG,4000,5,D,CC,BB,D
14:42:30,UNVR,RG,4000,100,D,TP,BB,D
14:42:30,UNVR,RG,4000,3,F,ZP,BB,D
14:42:30,UNVR,RG,4000,1,D,XC,BB,D
14:42:30,UNVR,RG,4000,3,D,NI,BB,D
14:42:30,UNVR,RG,4000,5,D,SQ,BB,D
14:42:30,UNVR,RG,4000,1,D,KK,BB,D
14:42:30,UNVR,RG,4000,50,D,XA,BB,D
14:42:30,UNVR,RG,4000,1,D,KK,BB,D
14:42:30,UNVR,RG,4000,1,D,PD,BB,D
14:42:30,UNVR,RG,4000,2,D,PD,BB,D
14:42:30,UNVR,RG,4000,12,D,TP,BB,D
14:42:30,UNVR,RG,4000,20,D,KK,BB,D
14:42:30,UNVR,RG,4000,10,D,AI,BB,D
14:42:30,UNVR,RG,4000,1,D,XC,BB,D
14:42:30,UNVR,RG,4000,1,D,CC,BB,D
14:42:30,UNVR,RG,4000,20,D,CC,BB,D
14:42:30,UNVR,RG,4000,1,D,YP,BB,D
14:42:30,UNVR,RG,4000,20,D,YP,BB,D
14:42:30,UNVR,RG,4000,15,D,YP,BB,D
14:42:30,UNVR,RG,4000,50,D,YP,BB,D
14:42:30,UNVR,RG,4000,10,D,YP,BB,D
14:42:30,UNVR,RG,4000,1,D,YP,BB,D
14:42:30,UNVR,RG,4000,1,D,YP,BB,D
14:42:30,UNVR,RG,4000,50,D,YP,BB,D
14:42:30,UNVR,RG,4000,15,D,YP,BB,D
14:42:30,UNVR,RG,4000,120,D,YP,BB,D
14:42:30,UNVR,RG,4000,88,D,NI,BB,D
14:42:16,UNVR,RG,4010,17,F,BK,KK,D
14:42:16,UNVR,RG,4010,1,F,BK,ZP,F
14:42:15,UNVR,RG,4000,12,D,NI,PD,D
14:42:15,UNVR,RG,4000,1,D,CC,PD,D
14:42:14,UNVR,RG,4010,1,F,BK,ZP,F
14:42:14,UNVR,RG,4010,17,F,BK,BB,D
14:42:11,UNVR,RG,4000,9,D,CC,PD,D
14:42:11,UNVR,RG,4000,5,D,CC,PD,D
14:42:11,UNVR,RG,4000,2,D,CC,PD,D
14:42:11,UNVR,RG,4000,10,D,PD,PD,D
14:42:11,UNVR,RG,4000,1,D,XC,PD,D
14:42:11,UNVR,RG,4000,11,D,XC,PD,D
14:42:11,UNVR,RG,4000,9,D,PD,PD,D
14:42:11,UNVR,RG,4000,15,D,CC,PD,D
14:42:11,UNVR,RG,4000,1,D,XC,PD,D
14:42:11,UNVR,RG,4000,1,D,XC,PD,D
14:42:11,UNVR,RG,4000,5,D,XC,PD,D
14:42:11,UNVR,RG,4000,1,D,XC,PD,D
14:42:11,UNVR,RG,4000,1,D,XL,PD,D
14:42:11,UNVR,RG,4000,1,D,PD,PD,D
14:42:11,UNVR,RG,4000,1,D,XC,PD,D
14:42:11,UNVR,RG,4000,1,D,XC,PD,D
14:42:11,UNVR,RG,4000,1,D,XC,PD,D
14:42:11,UNVR,RG,4000,1,D,PD,PD,D
14:42:11,UNVR,RG,4000,5,D,PD,PD,D
14:42:11,UNVR,RG,4000,6,D,PD,PD,D
14:42:11,UNVR,RG,4000,13,D,SQ,PD,D
14:42:09,UNVR,RG,4010,29,F,BK,BB,D
14:42:05,UNVR,RG,4010,65,F,ZP,BB,D
14:42:05,UNVR,RG,4010,5,F,ZP,BB,D
14:42:05,UNVR,RG,4010,9,F,ZP,BB,D
14:42:05,UNVR,RG,4010,24,F,ZP,BB,D
14:42:05,UNVR,RG,4010,2,F,ZP,ZP,F
14:42:05,UNVR,RG,4010,20,F,ZP,PD,D
14:42:05,UNVR,RG,4010,21,F,ZP,ZP,F
14:42:05,UNVR,RG,4010,9,F,ZP,ZP,F
14:42:05,UNVR,RG,4010,82,F,ZP,CS,D
14:42:05,UNVR,RG,4010,62,F,ZP,NI,F
14:42:00,UNVR,RG,4010,1,D,DH,NI,F
14:41:57,UNVR,RG,4000,2,D,SQ,DX,D
14:41:57,UNVR,RG,4000,3,D,CC,DX,D
14:41:53,UNVR,RG,4000,17,D,CC,BB,D
14:41:53,UNVR,RG,4000,1,D,PD,BB,D
14:41:53,UNVR,RG,4000,7,D,PD,BB,D
14:41:53,UNVR,RG,4000,1,D,XL,BB,D
14:41:53,UNVR,RG,4000,8,D,PD,BB,D
14:41:53,UNVR,RG,4000,10,D,SQ,BB,D
14:41:53,UNVR,RG,4000,1,D,DR,BB,D
14:41:53,UNVR,RG,4000,1,D,DX,BB,D
14:41:53,UNVR,RG,4000,1,D,PD,BB,D
14:41:53,UNVR,RG,4000,1,D,PD,BB,D
14:41:53,UNVR,RG,4000,5,D,OD,BB,D
14:41:53,UNVR,RG,4000,1,D,KK,BB,D
14:41:53,UNVR,RG,4000,1,D,PD,BB,D
14:41:53,UNVR,RG,4000,50,D,KK,BB,D
14:41:49,UNVR,RG,4010,10,D,YP,NI,F
14:41:36,UNVR,RG,4000,20,D,KK,KK,D
14:41:36,UNVR,RG,4000,10,D,KK,KK,D
14:41:36,UNVR,RG,4000,1,D,DR,KK,D
14:41:36,UNVR,RG,4000,69,D,SQ,KK,D
14:41:30,UNVR,RG,4000,31,D,SQ,YU,D
14:41:30,UNVR,RG,4000,1,D,DH,YU,D
14:41:30,UNVR,RG,4000,5,D,SQ,YU,D
14:41:30,UNVR,RG,4000,2,D,PD,YU,D
14:41:30,UNVR,RG,4000,1,D,PD,YU,D
14:41:30,UNVR,RG,4000,7,D,PD,YU,D
14:41:30,UNVR,RG,4000,75,D,GR,YU,D
14:41:30,UNVR,RG,4000,1,D,PD,YU,D
14:41:30,UNVR,RG,4000,1,D,PD,YU,D
14:41:30,UNVR,RG,4000,10,D,YB,YU,D
14:41:30,UNVR,RG,4000,5,D,TP,YU,D
14:41:30,UNVR,RG,4000,1,D,PD,YU,D
14:41:30,UNVR,RG,4000,5,D,PD,YU,D
14:41:30,UNVR,RG,4000,100,D,AP,YU,D
14:41:30,UNVR,RG,4000,5,D,CC,YU,D
14:41:30,UNVR,RG,4000,1,D,DH,YU,D
14:41:30,UNVR,RG,4000,1,D,NI,YU,D
14:41:30,UNVR,RG,4000,2,D,XC,YU,D
14:41:30,UNVR,RG,4000,10,D,YP,YU,D
14:41:30,UNVR,RG,4000,10,D,KK,YU,D
14:41:30,UNVR,RG,4000,125,D,CC,YU,D
14:41:30,UNVR,RG,4000,38,D,CC,YU,D
14:41:20,UNVR,RG,4000,57,D,CC,BB,D
14:41:06,UNVR,RG,4010,2,D,LG,NI,F
14:41:00,UNVR,RG,4000,1,D,CC,YU,D
14:41:00,UNVR,RG,4000,1,D,CC,YU,D
14:40:29,UNVR,RG,4010,2,D,XC,NI,F
14:40:25,UNVR,RG,4010,4,F,ZP,NI,F
14:40:22,UNVR,RG,4010,9,F,ZP,NI,F
14:40:22,UNVR,RG,4010,20,F,ZP,GR,D
14:40:22,UNVR,RG,4010,10,F,ZP,AK,F
14:40:19,UNVR,RG,4010,11,D,EP,AK,F
14:40:19,UNVR,RG,4010,89,D,EP,AK,D
14:40:18,UNVR,RG,4000,2,D,CC,GR,D
14:40:17,UNVR,RG,4010,2,D,LG,AK,D
14:40:06,UNVR,RG,4000,9,D,CC,AK,F
14:40:04,UNVR,RG,4000,3,D,CC,BB,D
14:40:00,UNVR,RG,4000,147,D,CC,YU,D
14:39:50,UNVR,RG,4010,1,D,NI,AK,D
14:39:41,UNVR,RG,4010,79,F,ZP,AK,D
14:39:41,UNVR,RG,4010,20,F,ZP,OD,D
14:39:41,UNVR,RG,4010,138,F,ZP,OD,D
14:39:41,UNVR,RG,4010,35,F,ZP,OD,D
14:39:28,UNVR,RG,4010,1,D,NI,OD,D
14:39:26,UNVR,RG,4000,38,D,CC,BB,D
14:39:22,UNVR,RG,4010,7,F,ZP,OD,D
14:39:21,UNVR,RG,4010,45,D,NI,OD,D
14:39:19,UNVR,RG,4010,11,F,BK,OD,D
14:39:18,UNVR,RG,4010,2,D,XC,OD,D
14:39:15,UNVR,RG,4010,11,F,BK,OD,D
14:39:13,UNVR,RG,4010,50,F,BK,OD,D
14:39:12,UNVR,RG,4010,26,F,ZP,OD,D
14:39:12,UNVR,RG,4010,46,F,ZP,OD,D
14:39:11,UNVR,RG,4010,4,F,AK,OD,D
14:39:11,UNVR,RG,4010,75,F,AK,OD,D
14:39:11,UNVR,RG,4010,1,F,AK,ZP,F
14:39:11,UNVR,RG,4010,24,F,AK,BB,D
14:39:11,UNVR,RG,4010,1,F,AK,ZP,F
14:39:11,UNVR,RG,4010,1,F,AK,BB,D
14:39:11,UNVR,RG,4010,9,F,AK,BB,D
14:39:11,UNVR,RG,4010,250,F,AK,YP,D
14:39:11,UNVR,RG,4010,1,F,AK,ZP,F
14:39:11,UNVR,RG,4010,24,F,AK,BB,D
14:39:11,UNVR,RG,4010,5,F,AK,DX,D
14:39:11,UNVR,RG,4010,4,F,AK,ZP,F
14:39:11,UNVR,RG,4010,101,F,AK,BB,D
14:39:10,UNVR,RG,4010,255,D,CC,BB,D
14:39:10,UNVR,RG,4010,297,D,CC,BB,D
14:39:10,UNVR,RG,4010,148,D,CC,BB,D
14:39:03,UNVR,RG,4000,28,D,CC,BB,D
14:39:00,UNVR,RG,4000,51,D,CC,YU,D
14:39:00,UNVR,RG,4000,25,D,CC,YU,D
14:39:00,UNVR,RG,4000,3,D,CP,YU,D
14:39:00,UNVR,RG,4000,1,D,PD,YU,D
14:39:00,UNVR,RG,4000,21,D,CC,YU,D
14:38:58,UNVR,RG,4000,2,D,CC,BB,D
14:38:55,UNVR,RG,4010,2,D,DH,BB,D
14:38:54,UNVR,RG,4010,1,D,XC,BB,D
14:38:42,UNVR,RG,4010,1,D,NI,BB,D
14:38:35,UNVR,RG,4000,7,D,CC,KK,D
14:38:35,UNVR,RG,4000,13,D,YP,KK,D
14:38:33,UNVR,RG,4000,7,D,YP,BB,D
14:38:33,UNVR,RG,4000,1,D,HP,BB,D
14:38:33,UNVR,RG,4000,25,D,YP,BB,D
14:38:33,UNVR,RG,4000,2,D,XC,BB,D
14:38:33,UNVR,RG,4000,19,D,KK,BB,D
14:38:31,UNVR,RG,4010,2,D,PD,BB,D
14:38:29,UNVR,RG,4000,12,D,KK,AK,F
14:38:29,UNVR,RG,4010,1,D,DH,BB,D
14:38:00,UNVR,RG,4000,4,D,KK,AK,F
14:38:00,UNVR,RG,4000,45,D,KK,YU,D
14:38:00,UNVR,RG,4000,22,D,GR,YU,D
14:37:46,UNVR,RG,4000,57,D,GR,BB,D
14:37:40,UNVR,RG,4010,2,D,XC,BB,D
14:37:35,UNVR,RG,4010,20,D,PD,BB,D
14:37:24,UNVR,RG,4000,15,D,GR,AT,D
14:37:11,UNVR,RG,4010,5,D,NI,BB,D
14:37:10,UNVR,RG,4010,10,D,ZP,BB,D
14:37:00,UNVR,RG,4000,87,D,GR,YU,D
14:36:57,UNVR,RG,4000,15,D,GR,BB,D
14:36:56,UNVR,RG,4010,3,D,PD,BB,D
14:36:56,UNVR,RG,4010,13,F,AK,BB,D
14:36:55,UNVR,RG,4010,2,F,CS,BB,D
14:36:55,UNVR,RG,4010,4,F,CS,BB,D
14:36:55,UNVR,RG,4010,12,F,AK,BB,D
14:36:55,UNVR,RG,4010,89,F,BK,BB,D
14:36:55,UNVR,RG,4010,111,F,BK,BB,D
14:36:55,UNVR,RG,4010,7,F,CS,BB,D
14:36:55,UNVR,RG,4010,135,F,AK,BB,D
14:36:55,UNVR,RG,4010,305,F,AK,BB,D
14:36:55,UNVR,RG,4010,20,F,ZP,BB,D
14:36:55,UNVR,RG,4010,39,F,ZP,BB,D
14:36:55,UNVR,RG,4010,351,F,ZP,BB,D
14:36:55,UNVR,RG,4010,25,F,ZP,BB,D
14:36:55,UNVR,RG,4010,19,F,ZP,BB,D
14:36:55,UNVR,RG,4010,1,F,ZP,BB,D
14:36:55,UNVR,RG,4010,20,D,YP,BB,D
14:36:41,UNVR,RG,4010,2,D,YP,NI,D
14:36:40,UNVR,RG,4010,5,D,YP,CS,D
14:36:39,UNVR,RG,4010,2,D,YP,CS,D
14:36:39,UNVR,RG,4010,1,D,YP,PD,D
14:36:39,UNVR,RG,4010,1,D,YP,BB,D
14:36:39,UNVR,RG,4010,1,D,YP,BB,D
14:36:39,UNVR,RG,4010,5,D,YP,CS,D
14:36:39,UNVR,RG,4010,2,D,YP,ZP,F
14:36:39,UNVR,RG,4010,1,D,YP,AI,D
14:36:27,UNVR,RG,4010,1,D,DH,AI,D
14:36:19,UNVR,RG,4010,1,D,LG,AI,D
14:36:18,UNVR,RG,4010,7,F,AK,AI,D
14:36:18,UNVR,RG,4010,202,F,AK,BB,D
14:36:18,UNVR,RG,4010,6,F,AK,BB,D
14:36:18,UNVR,RG,4010,1,F,AK,DH,D
14:36:18,UNVR,RG,4010,2,F,AK,ZP,F
14:36:18,UNVR,RG,4010,50,F,AK,YP,D
14:36:18,UNVR,RG,4010,9,F,AK,LG,D
14:36:18,UNVR,RG,4010,22,F,AK,BB,D
14:36:18,UNVR,RG,4010,5,F,AK,DX,D
14:36:18,UNVR,RG,4010,2,F,AK,CC,D
14:36:18,UNVR,RG,4010,65,F,AK,BB,D
14:36:18,UNVR,RG,4010,18,F,AK,CS,D
14:36:18,UNVR,RG,4010,31,F,AK,CS,D
14:36:18,UNVR,RG,4010,7,F,AK,ZP,F
14:36:18,UNVR,RG,4010,4,F,AK,AK,F
14:36:18,UNVR,RG,4010,37,F,AK,AK,D
14:36:18,UNVR,RG,4010,5,F,AK,NI,D
14:36:18,UNVR,RG,4010,2,F,AK,NI,D
14:36:18,UNVR,RG,4010,1,F,AK,CS,D
14:36:18,UNVR,RG,4010,3,F,AK,CS,D
14:36:18,UNVR,RG,4010,21,F,AK,CS,D
14:36:17,UNVR,RG,4000,10,D,GR,EL,D
14:36:17,UNVR,RG,4010,3,D,SQ,CS,D
14:36:17,UNVR,RG,4010,22,D,SQ,CS,D
14:36:17,UNVR,RG,4010,32,D,SQ,CS,D
14:36:17,UNVR,RG,4010,1,D,SQ,CS,D
14:36:17,UNVR,RG,4010,5,D,SQ,CS,D
14:36:17,UNVR,RG,4010,128,D,SQ,OD,D
14:36:17,UNVR,RG,4010,9,D,SQ,OD,D
14:36:15,UNVR,RG,4010,169,D,YP,OD,D
14:36:15,UNVR,RG,4010,31,D,YP,OD,D
14:36:12,UNVR,RG,4010,19,D,GR,OD,D
14:36:12,UNVR,RG,4010,36,D,GR,OD,D
14:36:12,UNVR,RG,4010,5,D,NI,OD,D
14:36:08,UNVR,RG,4000,1,D,GR,BB,D
14:36:06,UNVR,RG,4000,3,D,GR,CC,D
14:36:00,UNVR,RG,4010,10,D,KK,OD,D
14:36:00,UNVR,RG,4000,90,D,GR,YU,D
14:36:00,UNVR,RG,4010,1,D,YP,OD,D
14:36:00,UNVR,RG,4010,21,D,XC,OD,D
14:35:59,UNVR,RG,4010,1,D,CC,OD,D
14:35:57,UNVR,RG,4010,1,F,BK,OD,D
14:35:57,UNVR,RG,4010,9,F,BK,AZ,D
14:35:57,UNVR,RG,4010,2,F,BK,AZ,D
14:35:56,UNVR,RG,4010,2,D,LG,AZ,D
14:35:55,UNVR,RG,4010,3,D,NI,AZ,D
14:35:55,UNVR,RG,4010,13,D,GR,AZ,D
14:35:49,UNVR,RG,4010,10,D,PD,BB,D
14:35:47,UNVR,RG,4010,14,F,BK,BB,D
14:35:45,UNVR,RG,4010,1,D,LG,BB,D
14:35:44,UNVR,RG,4010,40,F,BK,BB,D
14:35:44,UNVR,RG,4010,6,D,CC,BB,D
14:35:38,UNVR,RG,4010,21,F,BK,BB,D
14:35:38,UNVR,RG,4010,6,F,BK,AK,F
14:35:38,UNVR,RG,4010,47,F,BK,AK,D
14:35:38,UNVR,RG,4010,157,F,BK,CS,F
14:35:37,UNVR,RG,4010,1,D,OD,CS,F
14:35:36,UNVR,RG,4010,63,F,BK,CS,F
14:35:35,UNVR,RG,4010,500,F,AK,CS,F
14:35:35,UNVR,RG,4010,361,F,AK,CS,F
14:35:35,UNVR,RG,4010,40,F,AK,ZP,F
14:35:35,UNVR,RG,4010,99,F,AK,BB,D
14:35:35,UNVR,RG,4000,2,D,PD,BB,D
14:35:35,UNVR,RG,4000,10,D,DR,BB,D
14:35:35,UNVR,RG,4000,200,D,TP,BB,D
14:35:35,UNVR,RG,4000,45,D,YP,BB,D
14:35:34,UNVR,RG,4010,28,F,AK,BB,D
14:35:34,UNVR,RG,4010,20,F,AK,ZP,F
14:35:34,UNVR,RG,4010,30,F,AK,CS,D
14:35:34,UNVR,RG,4010,20,F,AK,ZP,F
14:35:34,UNVR,RG,4010,47,F,AK,CS,D
14:35:34,UNVR,RG,4010,25,F,AK,BB,D
14:35:34,UNVR,RG,4010,41,F,AK,BB,D
14:35:34,UNVR,RG,4010,289,F,AK,BB,D
14:35:34,UNVR,RG,4010,8,F,AK,BB,D
14:35:34,UNVR,RG,4010,325,F,AK,BB,D
14:35:34,UNVR,RG,4010,167,F,AK,BB,D
14:35:33,UNVR,RG,4010,20,D,PD,BB,D
14:35:31,UNVR,RG,4010,1,D,LG,BB,D
14:35:20,UNVR,RG,4010,1,D,LG,BB,D
14:35:16,UNVR,RG,4010,3,D,YP,BB,D
14:35:08,UNVR,RG,4010,1,D,LG,BB,D
14:35:06,UNVR,RG,4000,30,D,YP,BB,D
14:35:06,UNVR,RG,4000,2,D,YP,BB,D
14:35:06,UNVR,RG,4000,1,D,PD,BB,D
14:35:06,UNVR,RG,4000,3,D,CC,BB,D
14:35:06,UNVR,RG,4000,10,D,IH,BB,D
14:35:06,UNVR,RG,4000,1,D,PD,BB,D
14:35:06,UNVR,RG,4000,22,D,XC,BB,D
14:35:04,UNVR,RG,4010,1,D,PD,BB,D
14:35:00,UNVR,RG,4000,74,D,XC,YU,D
14:35:00,UNVR,RG,4000,30,D,XC,YU,D
14:35:00,UNVR,RG,4000,19,D,XC,ZP,F
14:34:58,UNVR,RG,4000,15,D,XC,AK,D
14:34:58,UNVR,RG,4000,1,D,PD,AK,D
14:34:58,UNVR,RG,4000,3,D,CC,AK,D
14:34:58,UNVR,RG,4000,2,D,PD,AK,D
14:34:58,UNVR,RG,4000,57,D,YJ,AK,D
14:34:57,UNVR,RG,4010,1,D,LG,BB,D
14:34:40,UNVR,RG,4010,2,D,XC,BB,D
14:34:35,UNVR,RG,4000,43,D,YJ,BB,D
14:34:35,UNVR,RG,4000,20,D,NI,BB,D
14:34:35,UNVR,RG,4000,5,D,XC,BB,D
14:34:35,UNVR,RG,4000,10,D,PD,BB,D
14:34:35,UNVR,RG,4000,16,D,YP,BB,D
14:34:35,UNVR,RG,4000,5,D,XC,BB,D
14:34:35,UNVR,RG,4000,1,D,PD,BB,D
14:34:33,UNVR,RG,4010,117,F,BK,BB,D
14:34:33,UNVR,RG,4010,160,F,BK,BB,D
14:34:33,UNVR,RG,4010,5,F,ZP,BB,D
14:34:33,UNVR,RG,4010,48,F,ZP,BB,D
14:34:33,UNVR,RG,4010,143,F,ZP,BB,D
14:34:33,UNVR,RG,4010,174,F,ZP,BB,D
14:34:33,UNVR,RG,4010,1,D,YP,BB,D
14:34:33,UNVR,RG,4010,214,F,AK,BB,D
14:34:33,UNVR,RG,4010,116,F,AK,BB,D
14:34:33,UNVR,RG,4010,137,F,BK,BB,D
14:34:21,UNVR,RG,4010,19,F,BK,PC,D
14:34:19,UNVR,RG,4010,70,F,BK,HP,D
14:34:14,UNVR,RG,4010,138,F,BK,OD,D
14:34:14,UNVR,RG,4010,188,F,BK,OD,D
14:34:14,UNVR,RG,4010,50,F,BK,OD,D
14:34:14,UNVR,RG,4010,25,F,BK,OD,D
14:34:14,UNVR,RG,4010,16,F,ZP,OD,D
14:34:14,UNVR,RG,4010,8,D,XL,OD,D
14:34:14,UNVR,RG,4010,1,D,XC,OD,D
14:34:14,UNVR,RG,4010,25,F,BK,OD,D
14:34:14,UNVR,RG,4010,4,F,BK,KK,D
14:34:13,UNVR,RG,4010,1,F,BK,XC,D
14:34:07,UNVR,RG,4010,49,F,BK,BB,D
14:34:07,UNVR,RG,4010,8,F,AK,BB,D
14:34:02,UNVR,RG,4010,5,F,AK,DX,D
14:33:58,UNVR,RG,4020,1,D,XL,CS,D
14:33:55,UNVR,RG,4010,2,F,AK,BB,D
14:33:55,UNVR,RG,4010,5,F,BK,BB,D
14:33:55,UNVR,RG,4010,12,F,BK,BB,D
14:33:42,UNVR,RG,4010,15,F,BK,ZP,F
14:33:41,UNVR,RG,4010,47,F,BK,CS,D
14:33:41,UNVR,RG,4010,31,F,BK,BB,D
14:33:41,UNVR,RG,4010,10,F,DX,BB,D
14:33:41,UNVR,RG,4010,40,F,DX,BB,D
14:33:41,UNVR,RG,4010,1,D,DH,BB,D
14:33:41,UNVR,RG,4010,14,F,ZP,BB,D
14:33:41,UNVR,RG,4010,2,D,XC,BB,D
14:33:41,UNVR,RG,4010,1,D,XC,BB,D
14:33:41,UNVR,RG,4010,6,F,CS,BB,D
14:33:41,UNVR,RG,4010,17,F,BK,BB,D
14:33:41,UNVR,RG,4010,360,F,BK,BB,D
14:33:41,UNVR,RG,4010,7,D,NI,BB,D
14:33:41,UNVR,RG,4010,225,F,ZP,BB,D
14:33:41,UNVR,RG,4010,210,F,ZP,BB,D
14:33:41,UNVR,RG,4010,112,F,ZP,BB,D
14:33:41,UNVR,RG,4010,10,D,PD,BB,D
14:33:41,UNVR,RG,4010,58,F,ZP,BB,D
14:33:41,UNVR,RG,4010,15,F,AK,BB,D
14:33:41,UNVR,RG,4010,66,F,ZP,BB,D
14:33:41,UNVR,RG,4010,1,D,PD,BB,D
14:33:41,UNVR,RG,4010,1,D,DR,BB,D
14:33:41,UNVR,RG,4010,15,F,AK,BB,D
14:33:41,UNVR,RG,4010,161,D,YP,BB,D
14:33:41,UNVR,RG,4010,665,D,YP,BB,D
14:33:41,UNVR,RG,4010,174,D,YP,BB,D
14:33:41,UNVR,RG,4010,9,D,NI,BB,D
14:33:41,UNVR,RG,4010,1,D,SQ,BB,D
14:33:41,UNVR,RG,4010,10,D,CC,BB,D
14:33:41,UNVR,RG,4010,16,D,NI,BB,D
14:33:41,UNVR,RG,4010,12,F,BK,BB,D
14:33:41,UNVR,RG,4010,346,F,AK,BB,D
14:33:41,UNVR,RG,4010,144,F,AK,BB,D
14:33:41,UNVR,RG,4010,5,D,KK,BB,D
14:33:41,UNVR,RG,4010,10,D,PD,BB,D
14:33:41,UNVR,RG,4010,13,F,ZP,BB,D
14:33:41,UNVR,RG,4010,9,D,NI,BB,D
14:33:41,UNVR,RG,4010,10,D,PD,BB,D
14:33:41,UNVR,RG,4010,5,D,CC,BB,D
14:33:41,UNVR,RG,4010,1,D,CC,BB,D
14:33:41,UNVR,RG,4010,1,D,DH,BB,D
14:33:41,UNVR,RG,4010,194,F,BK,BB,D
14:33:41,UNVR,RG,4010,1,D,PD,BB,D
14:33:41,UNVR,RG,4010,1,D,PD,BB,D
14:33:41,UNVR,RG,4010,11,D,YP,BB,D
14:33:30,UNVR,RG,4010,52,D,YP,AK,D
14:33:18,UNVR,RG,4010,37,D,YP,BB,D
14:33:18,UNVR,RG,4010,20,D,YP,BB,D
14:33:18,UNVR,RG,4010,1,F,ZP,BB,D
14:33:18,UNVR,RG,4010,1,D,XA,BB,D
14:33:17,UNVR,RG,4010,1,D,XA,OD,D
14:33:13,UNVR,RG,4020,5,D,GR,BB,D
14:33:12,UNVR,RG,4010,16,D,XA,AK,F
14:33:10,UNVR,RG,4010,32,D,XA,BB,D
14:33:10,UNVR,RG,4010,5,F,BK,BB,D
14:33:10,UNVR,RG,4010,66,F,BK,BB,D
14:33:01,UNVR,RG,4010,15,F,BK,BB,D
14:32:51,UNVR,RG,4020,2,D,XC,BB,D
14:32:48,UNVR,RG,4010,129,F,BK,BB,D
14:32:48,UNVR,RG,4010,25,D,CC,BB,D
14:32:48,UNVR,RG,4010,1,D,YP,BB,D
14:32:48,UNVR,RG,4010,1,D,PD,BB,D
14:32:48,UNVR,RG,4010,50,D,YP,BB,D
14:32:48,UNVR,RG,4010,46,D,DU,BB,D
14:32:37,UNVR,RG,4020,1,D,YP,BB,D
14:32:30,UNVR,RG,4020,14,F,BK,BB,D
14:32:28,UNVR,RG,4010,57,D,DU,BB,D
14:32:27,UNVR,RG,4020,1,D,PD,BB,D
14:32:27,UNVR,RG,4020,11,F,BK,BB,D
14:32:24,UNVR,RG,4020,13,F,BK,BB,D
14:32:19,UNVR,RG,4010,97,D,DU,BB,D
14:32:19,UNVR,RG,4010,2,D,LS,BB,D
14:32:19,UNVR,RG,4010,10,D,SQ,BB,D
14:32:19,UNVR,RG,4010,9,D,XC,BB,D
14:32:19,UNVR,RG,4010,1,D,YP,BB,D
14:32:15,UNVR,RG,4010,29,D,YP,BB,D
14:32:15,UNVR,RG,4010,1,D,EP,BB,D
14:32:15,UNVR,RG,4010,4,D,TP,BB,D
14:32:15,UNVR,RG,4010,50,D,YP,BB,D
14:32:15,UNVR,RG,4010,19,D,YP,BB,D
14:32:08,UNVR,RG,4010,10,D,YP,TP,D
14:32:00,UNVR,RG,4010,12,D,YP,BB,D
14:31:54,UNVR,RG,4020,1,D,PD,BB,D
14:31:53,UNVR,RG,4010,9,D,YP,YU,D
14:31:53,UNVR,RG,4010,2,D,PD,YU,D
14:31:53,UNVR,RG,4010,1,D,PD,YU,D
14:31:53,UNVR,RG,4010,13,F,KK,YU,D
14:31:53,UNVR,RG,4010,185,F,KK,YU,D
14:31:53,UNVR,RG,4010,2,D,AZ,YU,D
14:31:53,UNVR,RG,4010,20,D,NI,YU,D
14:31:53,UNVR,RG,4010,5,D,PD,YU,D
14:31:53,UNVR,RG,4010,1,D,PD,YU,D
14:31:53,UNVR,RG,4010,1,D,CC,YU,D
14:31:53,UNVR,RG,4010,3,D,EP,YU,D
14:31:53,UNVR,RG,4010,10,D,CC,YU,D
14:31:53,UNVR,RG,4010,3,D,YP,YU,D
14:31:53,UNVR,RG,4010,1,D,YP,YU,D
14:31:53,UNVR,RG,4010,5,D,GR,YU,D
14:31:53,UNVR,RG,4010,37,D,YP,YU,D
14:31:49,UNVR,RG,4020,24,D,XL,BB,D
14:31:44,UNVR,RG,4020,19,D,XC,BB,D
14:31:39,UNVR,RG,4010,13,D,YP,BB,D
14:31:39,UNVR,RG,4010,1,D,PD,BB,D
14:31:39,UNVR,RG,4010,3,D,PD,BB,D
14:31:39,UNVR,RG,4010,3,D,NI,BB,D
14:31:39,UNVR,RG,4010,39,D,CP,BB,D
14:31:30,UNVR,RG,4020,312,F,ZP,BB,D
14:31:30,UNVR,RG,4020,68,F,ZP,BB,D
14:31:30,UNVR,RG,4020,221,F,ZP,BB,D
14:31:30,UNVR,RG,4010,18,D,CP,CS,D
14:31:29,UNVR,RG,4020,1,D,XC,BB,D
14:31:29,UNVR,RG,4020,19,F,ZP,BB,D
14:31:29,UNVR,RG,4020,7,F,CS,BB,D
14:31:29,UNVR,RG,4020,10,D,XC,BB,D
14:31:29,UNVR,RG,4020,2,D,XC,BB,D
14:31:29,UNVR,RG,4020,100,D,LG,BB,D
14:31:29,UNVR,RG,4020,20,F,BK,BB,D
14:31:29,UNVR,RG,4020,133,F,BK,BB,D
14:31:29,UNVR,RG,4020,1,D,PD,BB,D
14:31:29,UNVR,RG,4020,27,F,AK,BB,D
14:31:29,UNVR,RG,4020,7,F,AK,BB,D
14:31:29,UNVR,RG,4020,218,F,ZP,BB,D
14:31:29,UNVR,RG,4020,5,D,NI,BB,D
14:31:29,UNVR,RG,4020,1,D,XC,BB,D
14:31:29,UNVR,RG,4020,244,F,ZP,BB,D
14:31:29,UNVR,RG,4020,9,D,NI,BB,D
14:31:29,UNVR,RG,4020,1,D,XC,BB,D
14:31:29,UNVR,RG,4020,8,D,YP,BB,D
14:31:29,UNVR,RG,4020,5,D,YP,DX,D
14:31:26,UNVR,RG,4020,8,D,YP,CC,D
14:31:23,UNVR,RG,4020,9,D,YP,BB,D
14:31:21,UNVR,RG,4020,10,D,YP,ZP,F
14:31:21,UNVR,RG,4020,8,F,CS,ZP,F
14:31:21,UNVR,RG,4020,1,D,DH,ZP,F
14:31:21,UNVR,RG,4020,8,F,BK,ZP,F
14:31:21,UNVR,RG,4020,8,F,BK,AK,D
14:31:21,UNVR,RG,4020,24,D,NI,AK,D
14:31:21,UNVR,RG,4020,36,F,ZP,AK,D
14:31:20,UNVR,RG,4020,121,F,ZP,BB,D
14:31:15,UNVR,RG,4020,2,F,ZP,XC,D
14:31:14,UNVR,RG,4020,1,F,ZP,GR,D
14:31:09,UNVR,RG,4020,12,F,ZP,BB,D
14:31:01,UNVR,RG,4020,25,F,ZP,EP,D
14:31:00,UNVR,RG,4020,20,F,ZP,ZP,F
14:30:54,UNVR,RG,4020,1,F,ZP,YP,D
14:30:54,UNVR,RG,4020,8,F,ZP,XC,D
14:30:49,UNVR,RG,4020,58,F,ZP,BB,D
14:30:43,UNVR,RG,4020,45,F,ZP,CS,D
14:30:20,UNVR,RG,4020,20,F,ZP,BB,D
14:30:20,UNVR,RG,4020,14,F,AK,BB,D
14:30:20,UNVR,RG,4020,71,D,YP,BB,D
14:30:17,UNVR,RG,4020,12,D,YP,BB,D
14:30:04,UNVR,RG,4020,92,D,YP,BB,D
14:30:04,UNVR,RG,4020,104,D,XC,BB,D
14:30:04,UNVR,RG,4020,4,D,CC,BB,D
14:30:04,UNVR,RG,4020,16,F,ZP,BB,D
14:30:04,UNVR,RG,4020,10,D,TP,BB,D
14:30:04,UNVR,RG,4020,37,D,HP,BB,D
14:30:03,UNVR,RG,4020,1,D,HP,PD,D
14:29:59,UNVR,RG,4020,69,D,HP,BB,D
14:29:51,UNVR,RG,4020,1,D,HP,BB,D
14:29:51,UNVR,RG,4020,50,D,PD,BB,D
14:29:51,UNVR,RG,4020,18,F,BK,BB,D
14:29:51,UNVR,RG,4020,32,F,BK,BB,D
14:29:50,UNVR,RG,4020,5,F,BK,AZ,D
14:29:50,UNVR,RG,4020,14,F,BK,AZ,D
14:29:46,UNVR,RG,4020,4,F,BK,DR,D
14:29:44,UNVR,RG,4020,25,F,BK,DR,D
14:29:44,UNVR,RG,4030,15,D,AT,RF,D
14:29:43,UNVR,RG,4020,1,F,BK,PD,D
14:29:28,UNVR,RG,4020,104,F,BK,BB,D
14:29:26,UNVR,RG,4020,1,F,BK,NI,D
14:29:24,UNVR,RG,4020,13,F,BK,BB,D
14:29:20,UNVR,RG,4020,9,F,BK,CC,D
14:29:19,UNVR,RG,4020,10,F,BK,YU,D
14:29:18,UNVR,RG,4020,5,F,BK,XC,D
14:29:18,UNVR,RG,4020,21,F,BK,AK,F
14:29:06,UNVR,RG,4020,20,F,BK,CC,D
14:29:04,UNVR,RG,4020,1,F,BK,SQ,D
14:29:03,UNVR,RG,4020,29,F,BK,BB,D
14:29:03,UNVR,RG,4020,9,F,CS,BB,D
14:29:03,UNVR,RG,4020,6,D,CC,BB,D
14:29:03,UNVR,RG,4020,1,D,XC,BB,D
14:29:03,UNVR,RG,4020,5,D,CC,BB,D
14:29:03,UNVR,RG,4020,14,F,AK,BB,D
14:29:03,UNVR,RG,4020,5,D,CC,BB,D
14:29:03,UNVR,RG,4020,2,D,NI,BB,D
14:29:03,UNVR,RG,4020,2,F,AK,BB,D
14:29:00,UNVR,RG,4020,5,F,AK,DX,D
14:28:52,UNVR,RG,4020,10,F,AK,CC,D
14:28:45,UNVR,RG,4020,8,F,AK,BB,D
14:28:38,UNVR,RG,4020,1,F,AK,YP,D
14:28:36,UNVR,RG,4030,1,D,PD,RF,D
14:28:36,UNVR,RG,4020,109,F,AK,BB,D
14:28:34,UNVR,RG,4020,50,F,AK,SQ,D
14:28:30,UNVR,RG,4020,13,F,AK,BB,D
14:28:26,UNVR,RG,4020,1,F,AK,NI,D
14:28:23,UNVR,RG,4020,2,F,AK,EP,D
14:28:07,UNVR,RG,4020,1,F,AK,YP,D
14:28:01,UNVR,RG,4020,58,F,AK,BB,D
14:28:01,UNVR,RG,4020,5,D,NI,BB,D
14:28:01,UNVR,RG,4020,14,D,OD,BB,D
14:27:52,UNVR,RG,4020,4,D,OD,NI,D
14:27:42,UNVR,RG,4020,29,D,OD,BB,D
14:27:42,UNVR,RG,4020,15,F,BK,BB,D
14:27:42,UNVR,RG,4020,10,D,DR,BB,D
14:27:42,UNVR,RG,4020,5,D,KK,BB,D
14:27:42,UNVR,RG,4020,45,F,ZP,BB,D
14:27:39,UNVR,RG,4020,10,F,ZP,YP,D
14:27:37,UNVR,RG,4020,5,F,ZP,XC,D
14:27:34,UNVR,RG,4030,100,D,SQ,RF,D
14:27:34,UNVR,RG,4020,14,F,ZP,BB,D
14:27:31,UNVR,RG,4020,2,F,ZP,XC,D
14:27:29,UNVR,RG,4020,100,F,ZP,BB,D
14:27:19,UNVR,RG,4020,1,F,ZP,NI,D
14:27:14,UNVR,RG,4020,8,F,ZP,BB,D
14:27:14,UNVR,RG,4020,250,F,ZP,BB,D
14:27:14,UNVR,RG,4020,132,F,ZP,AK,D
14:27:13,UNVR,RG,4030,30,D,NI,RF,D
14:27:00,UNVR,RG,4030,1,D,PD,RF,D
14:27:00,UNVR,RG,4020,25,F,ZP,YP,D
14:26:57,UNVR,RG,4020,61,F,ZP,BB,D
14:26:51,UNVR,RG,4020,109,F,ZP,BB,D
14:26:49,UNVR,RG,4020,3,F,ZP,PD,D
14:26:45,UNVR,RG,4020,20,F,ZP,ZP,F
14:26:43,UNVR,RG,4020,1,F,ZP,XC,D
14:26:41,UNVR,RG,4020,2,F,ZP,XC,D
14:26:37,UNVR,RG,4020,10,F,ZP,BB,D
14:26:37,UNVR,RG,4020,3,F,ZP,BB,D
14:26:37,UNVR,RG,4020,10,F,ZP,DH,D
14:26:28,UNVR,RG,4020,5,F,ZP,DX,D
14:26:23,UNVR,RG,4030,1,D,DR,RF,D
14:26:21,UNVR,RG,4030,1,D,PD,RF,D
14:26:12,UNVR,RG,4020,3,F,ZP,XC,D
14:26:09,UNVR,RG,4030,1,D,PD,RF,D
14:26:05,UNVR,RG,4020,4,F,ZP,BB,D
14:26:05,UNVR,RG,4020,1,D,XC,BB,D
14:26:05,UNVR,RG,4020,14,F,BK,BB,D
14:26:05,UNVR,RG,4020,10,D,KK,BB,D
14:26:05,UNVR,RG,4020,1,D,CC,BB,D
14:26:05,UNVR,RG,4020,10,D,KK,BB,D
14:26:05,UNVR,RG,4020,1,D,YP,BB,D
14:26:05,UNVR,RG,4020,1,D,PD,BB,D
14:26:05,UNVR,RG,4020,14,F,AK,BB,D
14:26:05,UNVR,RG,4020,9,F,BK,BB,D
14:26:01,UNVR,RG,4020,8,F,BK,BB,D
14:25:59,UNVR,RG,4020,100,F,BK,PD,D
14:25:58,UNVR,RG,4020,14,F,BK,AK,F
14:25:57,UNVR,RG,4020,104,F,BK,BB,D
14:25:49,UNVR,RG,4020,45,F,BK,DH,D
14:25:47,UNVR,RG,4020,2,F,BK,YP,D
14:25:42,UNVR,RG,4020,30,F,BK,SQ,D
14:25:40,UNVR,RG,4020,15,F,BK,BB,D
14:25:11,UNVR,RG,4020,2,F,BK,XC,D
14:25:10,UNVR,RG,4020,66,F,BK,BB,D
14:25:09,UNVR,RG,4020,15,F,BK,BB,D
14:25:09,UNVR,RG,4020,4,F,CS,BB,D
14:25:09,UNVR,RG,4020,2,F,CS,BB,D
14:25:09,UNVR,RG,4020,50,D,PD,BB,D
14:25:09,UNVR,RG,4020,29,D,PD,BB,D
14:25:08,UNVR,RG,4030,12,F,BK,RF,D
14:25:05,UNVR,RG,4020,114,D,PD,BB,D
14:25:03,UNVR,RG,4030,10,F,BK,RF,D
14:25:00,UNVR,RG,4020,10,D,PD,PD,D
14:24:53,UNVR,RG,4020,1,D,PD,XC,D
14:24:48,UNVR,RG,4030,20,F,BK,RF,D
14:24:44,UNVR,RG,4020,50,D,PD,LG,D
14:24:44,UNVR,RG,4020,50,D,PD,LG,D
14:24:36,UNVR,RG,4020,13,D,PD,BB,D
14:24:32,UNVR,RG,4030,10,F,BK,RF,D
14:24:29,UNVR,RG,4030,28,F,BK,RF,D
14:24:27,UNVR,RG,4020,264,D,PD,BB,D
14:24:22,UNVR,RG,4030,20,F,BK,RF,D
14:24:17,UNVR,RG,4020,100,D,PD,SQ,D
14:24:14,UNVR,RG,4020,67,D,PD,BB,D
14:24:08,UNVR,RG,4020,119,D,PD,BB,D
14:23:56,UNVR,RG,4020,3,D,PD,PD,D
14:23:50,UNVR,RG,4020,5,D,PD,DX,D
14:23:44,UNVR,RG,4020,13,D,PD,BB,D
14:23:41,UNVR,RG,4020,10,D,PD,PD,D
14:23:40,UNVR,RG,4030,3,D,PD,RF,D
14:23:36,UNVR,RG,4020,1,D,PD,XC,D
14:23:34,UNVR,RG,4020,50,D,PD,KK,D
14:23:27,UNVR,RG,4020,8,D,PD,BB,D
14:23:21,UNVR,RG,4020,4,D,PD,XC,D
14:23:18,UNVR,RG,4020,1,D,PD,DR,D
14:23:16,UNVR,RG,4020,72,D,PD,BB,D
14:23:09,UNVR,RG,4020,116,D,PD,BB,D
14:23:09,UNVR,RG,4020,11,F,BK,BB,D
14:23:09,UNVR,RG,4020,3,F,AK,BB,D
14:23:09,UNVR,RG,4020,21,F,AK,FZ,D
14:23:09,UNVR,RG,4020,4,F,ZP,FZ,D
14:23:07,UNVR,RG,4020,6,F,ZP,SQ,D
14:23:06,UNVR,RG,4020,14,F,ZP,AK,F
14:23:05,UNVR,RG,4020,1,F,ZP,DR,D
14:23:00,UNVR,RG,4020,47,F,ZP,AK,D
14:22:55,UNVR,RG,4020,2,F,ZP,PD,D
14:22:55,UNVR,RG,4020,10,F,ZP,YP,D
14:22:50,UNVR,RG,4020,99,F,ZP,BB,D
14:22:49,UNVR,RG,4020,7,F,ZP,OD,D
14:22:48,UNVR,RG,4020,50,F,ZP,KK,D
14:22:46,UNVR,RG,4020,14,F,ZP,BB,D
14:22:38,UNVR,RG,4020,1,F,ZP,XC,D
14:22:33,UNVR,RG,4020,4,F,ZP,XC,D
14:22:28,UNVR,RG,4020,8,F,ZP,XC,D
14:22:26,UNVR,RG,4020,17,F,ZP,KK,D
14:22:14,UNVR,RG,4020,55,F,ZP,BB,D
14:22:14,UNVR,RG,4020,11,F,AK,BB,D
14:22:05,UNVR,RG,4020,20,F,AK,KK,D
14:22:05,UNVR,RG,4020,117,F,AK,BB,D
14:22:00,UNVR,RG,4020,3,F,AK,NI,D
14:21:48,UNVR,RG,4020,25,F,AK,CC,D
14:21:47,UNVR,RG,4020,1,F,AK,PD,D
14:21:46,UNVR,RG,4020,14,F,AK,BB,D
14:21:43,UNVR,RG,4020,10,F,AK,PD,D
14:21:38,UNVR,RG,4020,10,F,AK,CC,D
14:21:36,UNVR,RG,4020,88,F,AK,BB,D
14:21:34,UNVR,RG,4020,1,F,AK,SQ,D
14:21:34,UNVR,RG,4020,50,F,AK,PD,D
14:21:32,UNVR,RG,4020,20,F,AK,OD,D
14:21:27,UNVR,RG,4020,1,F,AK,XC,D
14:21:18,UNVR,RG,4020,68,F,AK,BB,D
14:21:11,UNVR,RG,4020,5,F,AK,DX,D
14:21:08,UNVR,RG,4020,2,F,AK,CC,D
14:21:07,UNVR,RG,4020,10,F,AK,BB,D
14:21:07,UNVR,RG,4020,102,F,BK,BB,D
14:21:06,UNVR,RG,4020,10,F,BK,PD,D
14:21:00,UNVR,RG,4020,3,F,BK,NI,D
14:20:54,UNVR,RG,4020,1,F,BK,BB,D
14:20:48,UNVR,RG,4020,1,F,BK,PD,D
14:20:47,UNVR,RG,4020,14,F,BK,BB,D
14:20:41,UNVR,RG,4020,38,F,BK,YP,D
14:20:33,UNVR,RG,4020,124,F,BK,AZ,D
14:20:33,UNVR,RG,4020,168,F,BK,AZ,D
14:20:32,UNVR,RG,4020,25,F,BK,YP,D
14:20:30,UNVR,RG,4020,51,F,BK,BB,D
14:20:20,UNVR,RG,4020,67,F,BK,BB,D
14:20:15,UNVR,RG,4020,1,F,BK,PD,D
14:20:11,UNVR,RG,4020,25,F,BK,BB,D
14:20:11,UNVR,RG,4020,63,F,ZP,BB,D
14:20:11,UNVR,RG,4020,15,F,ZP,BB,D
14:20:01,UNVR,RG,4030,20,F,BK,RF,D
14:19:56,UNVR,RG,4020,40,F,ZP,PD,D
14:19:50,UNVR,RG,4020,12,F,ZP,BB,D
14:19:30,UNVR,RG,4030,12,F,BK,RF,D
14:19:25,UNVR,RG,4030,24,F,BK,RF,D
14:19:23,UNVR,RG,4020,1,F,ZP,XC,D
14:19:23,UNVR,RG,4020,16,F,ZP,BB,D
14:19:23,UNVR,RG,4020,47,F,ZP,BB,D
14:19:20,UNVR,RG,4020,92,F,ZP,BB,D
14:19:08,UNVR,RG,4020,1,F,ZP,DR,D
14:19:04,UNVR,RG,4030,10,F,BK,RF,D
14:19:02,UNVR,RG,4030,1,D,YP,RF,D
14:19:02,UNVR,RG,4020,100,F,ZP,OD,D
14:18:58,UNVR,RG,4020,1,F,ZP,YP,D
14:18:52,UNVR,RG,4030,19,F,BK,RF,D
14:18:51,UNVR,RG,4020,9,F,ZP,BB,D
14:18:51,UNVR,RG,4020,30,F,ZP,YP,D
14:18:44,UNVR,RG,4020,2,F,ZP,SQ,D
14:18:41,UNVR,RG,4020,55,F,ZP,BB,D
14:18:39,UNVR,RG,4030,17,F,BK,RF,D
14:18:33,UNVR,RG,4030,16,F,BK,RF,D
14:18:31,UNVR,RG,4020,1,F,ZP,PD,D
14:18:28,UNVR,RG,4020,85,F,ZP,BB,D
14:18:28,UNVR,RG,4030,14,F,BK,RF,D
14:18:23,UNVR,RG,4020,53,F,ZP,BB,D
14:18:22,UNVR,RG,4030,25,F,BK,RF,D
14:18:20,UNVR,RG,4020,5,F,ZP,CS,D
14:18:19,UNVR,RG,4020,5,F,ZP,CS,D
14:18:19,UNVR,RG,4020,5,F,ZP,CS,D
14:18:19,UNVR,RG,4020,5,F,ZP,CS,D
14:18:19,UNVR,RG,4020,3,F,ZP,CS,D
14:18:19,UNVR,RG,4020,2,F,ZP,CS,D
14:18:19,UNVR,RG,4020,9,F,ZP,CS,D
14:18:18,UNVR,RG,4020,18,F,YP,CS,D
14:18:18,UNVR,RG,4020,9,F,YP,CS,D
14:18:18,UNVR,RG,4020,31,F,YP,CS,D
14:18:18,UNVR,RG,4020,1,F,YP,ZP,F
14:18:18,UNVR,RG,4020,3,F,YP,GR,D
14:18:18,UNVR,RG,4020,15,F,YP,BB,D
14:18:18,UNVR,RG,4020,1,F,YP,BB,D
14:18:18,UNVR,RG,4020,2,F,YP,BB,D
14:18:18,UNVR,RG,4020,10,F,YP,BB,D
14:18:18,UNVR,RG,4020,3,F,YP,BB,D
14:18:18,UNVR,RG,4020,5,F,YP,BB,D
14:18:18,UNVR,RG,4020,4,F,YP,CS,D
14:18:18,UNVR,RG,4020,23,F,YP,CS,F
14:18:18,UNVR,RG,4020,1,D,NI,CS,F
14:18:17,UNVR,RG,4010,2,D,CP,BB,D
14:18:12,UNVR,RG,4020,3,D,NI,CS,F
14:18:04,UNVR,RG,4020,1,D,NI,CS,F
14:18:01,UNVR,RG,4020,170,F,AK,CS,F
14:18:01,UNVR,RG,4020,48,F,AK,AK,D
14:18:01,UNVR,RG,4020,4,F,AK,AK,F
14:18:01,UNVR,RG,4020,5,F,AK,CS,D
14:18:01,UNVR,RG,4020,47,F,AK,CS,D
14:18:01,UNVR,RG,4020,12,F,AK,CS,D
14:18:01,UNVR,RG,4020,21,F,AK,ZP,F
14:18:01,UNVR,RG,4020,6,F,AK,AZ,D
14:18:01,UNVR,RG,4020,13,F,AK,AZ,D
14:18:01,UNVR,RG,4020,91,F,AK,OD,D
14:18:01,UNVR,RG,4020,40,F,AK,DH,D
14:18:01,UNVR,RG,4020,40,F,AK,XL,D
14:18:01,UNVR,RG,4020,3,F,AK,PD,D
14:18:00,UNVR,RG,4020,7,D,CC,PD,D
14:18:00,UNVR,RG,4020,59,D,CC,AK,D
14:18:00,UNVR,RG,4020,17,D,CC,AK,F
14:18:00,UNVR,RG,4020,32,D,CC,CS,D
14:18:00,UNVR,RG,4020,14,D,CC,CS,D
14:18:00,UNVR,RG,4020,300,D,CC,LG,D
14:18:00,UNVR,RG,4020,1,D,CC,YP,D
14:18:00,UNVR,RG,4020,50,D,CC,KK,D
14:18:00,UNVR,RG,4020,2,D,CC,BB,D
14:18:00,UNVR,RG,4020,20,D,CC,BQ,D
14:18:00,UNVR,RG,4020,7,D,CC,NI,D
14:18:00,UNVR,RG,4020,221,D,CC,CS,F
14:18:00,UNVR,RG,4020,50,D,CC,GR,D
14:18:00,UNVR,RG,4020,10,D,CC,BB,D
14:18:00,UNVR,RG,4020,3,D,CC,GR,D
14:18:00,UNVR,RG,4020,22,D,CC,YP,D
14:18:00,UNVR,RG,4020,5,D,CC,DX,D
14:18:00,UNVR,RG,4020,20,D,CC,SQ,D
14:18:00,UNVR,RG,4020,5,D,CC,NI,D
14:18:00,UNVR,RG,4020,1,D,CC,XC,D
14:18:00,UNVR,RG,4020,34,D,CC,LG,D
14:18:00,UNVR,RG,4020,1,D,CC,BB,D
14:18:00,UNVR,RG,4020,20,D,CC,EP,D
14:18:00,UNVR,RG,4020,2,D,CC,KK,D
14:18:00,UNVR,RG,4020,15,D,CC,DR,D
14:18:00,UNVR,RG,4020,1,D,CC,YP,D
14:18:00,UNVR,RG,4020,3,D,CC,BB,D
14:18:00,UNVR,RG,4020,3,D,CC,ZP,F
14:18:00,UNVR,RG,4020,2,D,CC,PD,D
14:18:00,UNVR,RG,4020,6,D,CC,ZP,F
14:18:00,UNVR,RG,4020,3,D,CC,ZP,F
14:18:00,UNVR,RG,4020,5,D,CC,ZP,F
14:18:00,UNVR,RG,4020,20,D,CC,ZP,F
14:18:00,UNVR,RG,4020,7,D,CC,CS,D
14:18:00,UNVR,RG,4020,20,D,CC,ZP,F
14:18:00,UNVR,RG,4020,5,D,CC,BB,D
14:18:00,UNVR,RG,4020,3,D,CC,BB,D
14:18:00,UNVR,RG,4020,4,D,CC,LG,D
14:17:57,UNVR,RG,4010,11,D,CP,BB,D
14:17:54,UNVR,RG,4010,87,D,CP,BB,D
14:17:45,UNVR,RG,4010,5,D,CP,AK,F
14:17:41,UNVR,RG,4010,91,D,CP,BB,D
14:17:32,UNVR,RG,4010,47,D,CP,BB,D
14:17:32,UNVR,RG,4010,10,D,PD,BB,D
14:17:26,UNVR,RG,4010,3,D,PD,BB,D
14:17:25,UNVR,RG,4010,2,D,PD,BB,D
14:17:25,UNVR,RG,4010,32,D,YP,BB,D
14:17:10,UNVR,RG,4010,13,D,YP,BB,D
14:16:58,UNVR,RG,4010,5,D,YP,BB,D
14:16:58,UNVR,RG,4010,76,D,PD,BB,D
14:16:57,UNVR,RG,4010,9,D,PD,NI,D
14:16:56,UNVR,RG,4010,15,D,PD,BB,D
14:16:56,UNVR,RG,4010,87,F,ZP,BB,D
14:16:43,UNVR,RG,4010,53,F,ZP,BB,D
14:16:37,UNVR,RG,4010,2,F,ZP,BB,D
14:16:37,UNVR,RG,4010,19,F,ZP,BB,D
14:16:37,UNVR,RG,4010,11,F,BK,BB,D
14:16:37,UNVR,RG,4010,2,F,AK,BB,D
14:16:35,UNVR,RG,4010,100,F,AK,KK,D
14:16:30,UNVR,RG,4010,6,F,AK,AK,F
14:16:25,UNVR,RG,4010,5,F,AK,PD,D
14:16:23,UNVR,RG,4020,2,D,EP,LG,D
14:16:21,UNVR,RG,4020,1,D,LG,LG,D
14:16:15,UNVR,RG,4010,10,F,AK,BB,D
14:16:06,UNVR,RG,4010,17,F,AK,BB,D
14:16:06,UNVR,RG,4010,65,D,YU,BB,D
14:16:05,UNVR,RG,4010,35,D,YU,BB,D
14:16:05,UNVR,RG,4010,11,F,BK,BB,D
14:16:05,UNVR,RG,4010,64,F,BK,BB,D
14:16:03,UNVR,RG,4010,6,F,BK,DX,D
14:15:58,UNVR,RG,4010,55,F,BK,BB,D
14:15:53,UNVR,RG,4010,77,F,BK,AK,D
14:15:52,UNVR,RG,4010,14,F,BK,BB,D
14:15:52,UNVR,RG,4010,25,F,ZP,BB,D
14:15:43,UNVR,RG,4020,5,D,YP,LG,D
14:15:40,UNVR,RG,4010,3,F,ZP,BB,D
14:15:38,UNVR,RG,4020,27,F,ZP,LG,D
14:15:38,UNVR,RG,4020,2,F,ZP,LG,D
14:15:38,UNVR,RG,4020,90,F,ZP,LG,D
14:15:38,UNVR,RG,4020,4,F,CS,LG,D
14:15:38,UNVR,RG,4020,3,D,SQ,LG,D
14:15:38,UNVR,RG,4020,62,F,BK,LG,D
14:15:30,UNVR,RG,4020,12,F,BK,BB,D
14:15:30,UNVR,RG,4020,5,F,BK,RG,D
14:15:27,UNVR,RG,4020,5,F,BK,DR,D
14:15:17,UNVR,RG,4020,3,F,BK,CS,D
14:15:17,UNVR,RG,4020,72,F,BK,YP,D
14:15:17,UNVR,RG,4020,13,F,AK,YP,D
14:15:17,UNVR,RG,4020,2,D,YP,YP,D
14:15:17,UNVR,RG,4020,50,D,YP,YP,D
14:15:17,UNVR,RG,4020,12,F,BK,YP,D
14:15:17,UNVR,RG,4020,50,F,ZP,YP,D
14:15:17,UNVR,RG,4020,1,F,ZP,YP,D
14:15:12,UNVR,RG,4020,100,F,ZP,CP,D
14:15:12,UNVR,RG,4020,86,F,ZP,BB,D
14:15:11,UNVR,RG,4020,3,F,ZP,YP,D
14:15:11,UNVR,RG,4020,93,F,ZP,BB,D
14:15:11,UNVR,RG,4020,61,F,ZP,BB,D
14:15:04,UNVR,RG,4020,22,F,ZP,CS,D
14:15:03,UNVR,RG,4020,35,F,ZP,LS,D
14:15:03,UNVR,RG,4020,11,F,ZP,LS,D
14:15:03,UNVR,RG,4020,5,D,KK,LS,D
14:15:03,UNVR,RG,4020,4,F,CS,LS,D
14:15:03,UNVR,RG,4020,107,F,BK,LS,D
14:15:03,UNVR,RG,4020,38,F,ZP,LS,D
14:15:03,UNVR,RG,4020,16,F,ZP,AT,D
14:15:00,UNVR,RG,4020,1,F,ZP,YP,D
14:15:00,UNVR,RG,4020,30,F,ZP,OD,D
14:15:00,UNVR,RG,4020,10,F,ZP,PD,D
14:14:57,UNVR,RG,4020,42,F,ZP,BB,D
14:14:55,UNVR,RG,4020,3,F,ZP,BB,D
14:14:54,UNVR,RG,4020,1,F,ZP,XC,D
14:14:52,UNVR,RG,4020,1,F,ZP,CC,D
14:14:40,UNVR,RG,4020,12,F,ZP,BB,D
14:14:40,UNVR,RG,4020,7,F,ZP,YP,D
14:14:40,UNVR,RG,4020,13,F,AK,YP,D
14:14:27,UNVR,RG,4020,5,D,NI,EP,D
14:14:27,UNVR,RG,4020,1,D,XC,EP,D
14:14:27,UNVR,RG,4020,1,D,NI,EP,D
14:14:27,UNVR,RG,4020,11,D,XL,EP,D
14:14:27,UNVR,RG,4020,2,D,NI,EP,D
14:14:25,UNVR,RG,4020,28,D,NI,BB,D
14:14:25,UNVR,RG,4020,15,F,BK,BB,D
14:14:25,UNVR,RG,4020,53,F,ZP,BB,D
14:14:25,UNVR,RG,4020,3,D,DR,BB,D
14:14:23,UNVR,RG,4020,140,F,AK,EP,D
14:14:23,UNVR,RG,4020,5,D,CC,EP,D
14:14:23,UNVR,RG,4020,255,F,ZP,EP,D
14:14:19,UNVR,RG,4020,67,F,ZP,BB,D
14:14:17,UNVR,RG,4020,71,F,ZP,BB,D
14:14:16,UNVR,RG,4030,1,D,DH,RF,D
14:14:14,UNVR,RG,4020,2,F,ZP,XC,D
14:14:14,UNVR,RG,4020,2,F,ZP,YP,D
14:14:07,UNVR,RG,4020,1,F,ZP,YP,D
14:14:05,UNVR,RG,4030,15,D,XL,RF,D
14:14:03,UNVR,RG,4020,81,F,ZP,CC,D
14:14:03,UNVR,RG,4020,8,F,CS,CC,D
14:14:03,UNVR,RG,4020,3,D,CC,CC,D
14:14:03,UNVR,RG,4020,1,D,DR,CC,D
14:14:03,UNVR,RG,4020,50,D,YP,CC,D
14:14:03,UNVR,RG,4020,7,D,PD,CC,D
14:14:01,UNVR,RG,4020,15,D,PD,PD,D
14:14:01,UNVR,RG,4020,2,D,PD,BB,D
14:13:59,UNVR,RG,4020,34,D,PD,BB,D
14:13:58,UNVR,RG,4020,5,D,PD,DR,D
14:13:48,UNVR,RG,4020,11,D,PD,BB,D
14:13:37,UNVR,RG,4020,1,D,PD,YP,D
14:13:35,UNVR,RG,4020,103,D,PD,BB,D
14:13:34,UNVR,RG,4020,5,D,PD,DX,D
14:13:30,UNVR,RG,4020,67,D,PD,BB,D
14:13:30,UNVR,RG,4020,1,D,PD,BB,D
14:13:30,UNVR,RG,4020,4,D,PD,BB,D
14:13:30,UNVR,RG,4020,1,D,XL,BB,D
14:13:30,UNVR,RG,4020,7,F,ZP,BB,D
14:13:29,UNVR,RG,4020,6,F,ZP,YP,D
14:13:29,UNVR,RG,4020,8,F,BK,YP,D
14:13:29,UNVR,RG,4020,515,F,ZP,YP,D
14:13:29,UNVR,RG,4020,24,F,AK,YP,D
14:13:29,UNVR,RG,4020,5,D,HP,YP,D
14:13:29,UNVR,RG,4020,55,F,ZP,YP,D
14:13:29,UNVR,RG,4020,18,F,BK,YP,D
14:13:29,UNVR,RG,4020,21,F,BK,YP,D
14:13:25,UNVR,RG,4020,1,F,BK,PD,D
14:13:21,UNVR,RG,4020,66,F,BK,BB,D
14:13:18,UNVR,RG,4020,5,F,BK,OD,D
14:13:14,UNVR,RG,4020,2,F,BK,PD,D
14:13:11,UNVR,RG,4020,33,F,BK,BB,D
14:13:11,UNVR,RG,4020,12,F,BK,AK,F
14:13:10,UNVR,RG,4020,3,F,BK,BB,D
14:13:02,UNVR,RG,4020,12,F,BK,BB,D
14:12:54,UNVR,RG,4020,20,F,BK,LG,D
14:12:45,UNVR,RG,4020,108,F,BK,BB,D
14:12:39,UNVR,RG,4020,74,F,BK,BB,D
14:12:33,UNVR,RG,4020,2,F,BK,PD,D
14:12:25,UNVR,RG,4020,36,F,BK,BB,D
14:12:25,UNVR,RG,4020,58,F,BK,BB,D
14:12:18,UNVR,RG,4020,2,F,BK,BB,D
14:12:14,UNVR,RG,4020,10,F,BK,BB,D
14:12:12,UNVR,RG,4030,5,D,CC,RF,D
14:12:02,UNVR,RG,4020,10,F,BK,CC,D
14:11:51,UNVR,RG,4020,52,F,BK,BB,D
14:11:51,UNVR,RG,4020,56,F,AK,BB,D
14:11:50,UNVR,RG,4020,75,F,AK,BB,D
14:11:45,UNVR,RG,4030,13,F,BK,RF,D
14:11:42,UNVR,RG,4020,20,F,AK,CC,D
14:11:35,UNVR,RG,4030,19,F,BK,RF,D
14:11:35,UNVR,RG,4020,65,F,AK,BB,D
14:11:34,UNVR,RG,4020,32,F,AK,BB,D
14:11:33,UNVR,RG,4020,2,F,AK,BB,D
14:11:28,UNVR,RG,4020,12,F,AK,BB,D
14:11:17,UNVR,RG,4020,9,F,AK,XL,D
14:11:07,UNVR,RG,4020,2,F,AK,HP,D
14:11:07,UNVR,RG,4020,2,F,AK,PD,D
14:11:06,UNVR,RG,4020,3,F,AK,DR,D
14:11:05,UNVR,RG,4030,16,F,BK,RF,D
14:11:02,UNVR,RG,4020,5,F,AK,DX,D
14:11:02,UNVR,RG,4020,77,F,AK,BB,D
14:11:01,UNVR,RG,4020,2,F,AK,PD,D
14:10:58,UNVR,RG,4030,14,F,BK,RF,D
14:10:57,UNVR,RG,4020,8,F,AK,BB,D
14:10:57,UNVR,RG,4020,37,F,ZP,BB,D
14:10:49,UNVR,RG,4020,26,F,ZP,BB,D
14:10:49,UNVR,RG,4020,8,F,ZP,BB,D
14:10:47,UNVR,RG,4020,3,F,ZP,BB,D
14:10:44,UNVR,RG,4030,11,F,BK,RF,D
14:10:39,UNVR,RG,4020,61,F,ZP,BB,D
14:10:38,UNVR,RG,4020,12,F,ZP,BB,D
14:10:32,UNVR,RG,4030,14,F,BK,RF,D
14:10:28,UNVR,RG,4030,1,D,AT,RF,D
14:10:24,UNVR,RG,4020,25,F,ZP,SQ,D
14:10:16,UNVR,RG,4030,1,D,PD,RF,D
14:10:15,UNVR,RG,4030,23,F,BK,RF,D
14:10:12,UNVR,RG,4020,91,F,ZP,BB,D
14:10:09,UNVR,RG,4020,14,F,ZP,KK,D
14:10:09,UNVR,RG,4020,10,F,ZP,SQ,D
14:10:03,UNVR,RG,4030,13,F,BK,RF,D
14:10:02,UNVR,RG,4020,1,F,ZP,PD,D
14:10:02,UNVR,RG,4020,34,F,ZP,BB,D
14:09:59,UNVR,RG,4020,2,F,ZP,BB,D
14:09:58,UNVR,RG,4020,25,F,ZP,SQ,D
14:09:57,UNVR,RG,4020,10,F,ZP,PD,D
14:09:47,UNVR,RG,4020,59,F,ZP,BB,D
14:09:47,UNVR,RG,4020,13,F,ZP,BB,D
14:09:37,UNVR,RG,4020,50,F,ZP,EP,D
14:09:37,UNVR,RG,4020,1,F,ZP,DH,D
14:09:35,UNVR,RG,4020,1,F,ZP,PD,D
14:09:33,UNVR,RG,4020,10,F,ZP,DH,D
14:09:23,UNVR,RG,4020,3,F,BK,EP,D
14:09:22,UNVR,RG,4020,100,F,BK,SQ,D
14:09:22,UNVR,RG,4020,10,F,BK,CC,D
14:09:20,UNVR,RG,4020,5,F,BK,EP,D
14:09:20,UNVR,RG,4020,3,F,BK,YP,D
14:09:14,UNVR,RG,4020,381,F,BK,BB,D
14:09:13,UNVR,RG,4020,21,F,BK,BB,D
14:09:04,UNVR,RG,4020,2,F,BK,CC,D
14:09:04,UNVR,RG,4020,1,F,BK,XC,D
14:09:00,UNVR,RG,4030,1,D,NI,RF,D
14:08:59,UNVR,RG,4030,94,F,BK,RF,D
14:08:57,UNVR,RG,4020,749,F,BK,BB,D
14:08:54,UNVR,RG,4020,5,F,BK,BB,D
14:08:54,UNVR,RG,4020,1,D,PD,BB,D
14:08:54,UNVR,RG,4020,2,D,DR,BB,D
14:08:52,UNVR,RG,4020,1,D,DR,PD,D
14:08:33,UNVR,RG,4020,1,D,DR,XC,D
14:08:24,UNVR,RG,4030,24,F,BK,RF,D
14:08:21,UNVR,RG,4020,5,D,DR,DX,D
14:08:20,UNVR,RG,4030,31,F,BK,RF,D
14:08:18,UNVR,RG,4030,168,F,BK,RF,D
14:08:17,UNVR,RG,4020,1,D,DR,IF,D
14:08:15,UNVR,RG,4020,20,F,BK,BB,D
14:08:15,UNVR,RG,4020,40,F,BK,NI,D
14:08:15,UNVR,RG,4020,7,F,BK,BB,D
14:08:15,UNVR,RG,4020,88,F,BK,BB,D
14:08:13,UNVR,RG,4020,1,F,AK,ZP,F
14:08:13,UNVR,RG,4020,17,F,AK,CS,D
14:08:13,UNVR,RG,4020,61,F,AK,BB,D
14:08:13,UNVR,RG,4020,2,F,AK,BB,D
14:08:13,UNVR,RG,4020,13,F,AK,CS,D
14:08:13,UNVR,RG,4020,113,F,AK,BB,D
14:08:12,UNVR,RG,4020,373,F,AK,BB,D
14:08:12,UNVR,RG,4020,19,F,AK,CS,D
14:08:12,UNVR,RG,4020,5,F,AK,XC,D
14:08:12,UNVR,RG,4020,4,F,AK,AK,F
14:08:12,UNVR,RG,4020,34,F,AK,AK,D
14:08:12,UNVR,RG,4020,31,F,AK,BB,D
14:08:12,UNVR,RG,4020,5,F,AK,AZ,D
14:08:12,UNVR,RG,4020,14,F,AK,AZ,D
14:08:12,UNVR,RG,4020,15,F,AK,BB,D
14:08:12,UNVR,RG,4020,277,F,AK,BB,D
14:08:12,UNVR,RG,4020,138,F,AK,OD,D
14:08:12,UNVR,RG,4020,85,F,AK,OD,D
14:08:11,UNVR,RG,4020,103,F,AK,OD,D
14:08:11,UNVR,RG,4020,50,F,AK,OD,D
14:08:11,UNVR,RG,4020,75,F,AK,OD,D
14:08:11,UNVR,RG,4020,47,F,AK,AK,D
14:08:11,UNVR,RG,4020,57,F,AK,ZP,F
14:08:11,UNVR,RG,4020,6,F,AK,AK,F
14:08:11,UNVR,RG,4020,10,F,AK,PD,D
14:08:11,UNVR,RG,4020,2,F,AK,ZP,F
14:08:11,UNVR,RG,4020,20,F,AK,ZP,F
14:08:11,UNVR,RG,4020,11,F,AK,CS,D
14:08:11,UNVR,RG,4020,21,F,AK,ZP,F
14:08:11,UNVR,RG,4020,33,F,AK,CS,D
14:08:11,UNVR,RG,4020,65,F,AK,BB,D
14:08:10,UNVR,RG,4020,317,F,AK,BB,D
14:08:10,UNVR,RG,4020,4,F,AK,BB,D
14:08:10,UNVR,RG,4020,72,F,AK,BB,D
14:08:10,UNVR,RG,4020,107,F,AK,BB,D
14:08:10,UNVR,RG,4020,252,F,AK,BB,D
14:08:10,UNVR,RG,4020,31,F,AK,BB,D
14:08:10,UNVR,RG,4020,217,F,AK,YP,D
14:08:09,UNVR,RG,4020,2,D,KK,YP,D
14:07:57,UNVR,RG,4010,7,F,ZP,AK,F
14:07:56,UNVR,RG,4020,310,F,AK,YP,D
14:07:56,UNVR,RG,4020,310,F,AK,YP,D
14:07:56,UNVR,RG,4020,125,F,BK,YP,D
14:07:56,UNVR,RG,4020,12,F,AK,YP,D
14:07:56,UNVR,RG,4020,1,D,SQ,YP,D
14:07:56,UNVR,RG,4020,3,D,CC,YP,D
14:07:56,UNVR,RG,4020,198,F,ZP,YP,D
14:07:56,UNVR,RG,4020,15,D,NI,YP,D
14:07:56,UNVR,RG,4020,497,F,AK,YP,D
14:07:56,UNVR,RG,4020,2,D,PD,YP,D
14:07:56,UNVR,RG,4020,7,F,CS,YP,D
14:07:56,UNVR,RG,4020,3,D,XC,YP,D
14:07:56,UNVR,RG,4020,10,D,NI,YP,D
14:07:56,UNVR,RG,4020,21,D,XC,YP,D
14:07:56,UNVR,RG,4020,10,D,SQ,YP,D
14:07:56,UNVR,RG,4020,13,F,BK,YP,D
14:07:56,UNVR,RG,4020,1,D,CC,YP,D
14:07:56,UNVR,RG,4020,100,D,SQ,YP,D
14:07:56,UNVR,RG,4020,78,F,BK,YP,D
14:07:51,UNVR,RG,4020,5,F,BK,CC,D
14:07:51,UNVR,RG,4020,15,D,YP,CC,D
14:07:51,UNVR,RG,4020,10,D,AG,CC,D
14:07:43,UNVR,RG,4020,1,D,GR,RG,D
14:07:43,UNVR,RG,4020,9,F,ZP,RG,D
14:07:33,UNVR,RG,4020,29,F,ZP,BB,D
14:07:33,UNVR,RG,4020,45,F,ZP,BB,D
14:07:31,UNVR,RG,4020,2,F,ZP,BB,D
14:07:24,UNVR,RG,4030,2,D,SQ,RF,D
14:07:23,UNVR,RG,4020,9,F,ZP,PD,D
14:07:22,UNVR,RG,4020,429,F,ZP,CC,D
14:07:22,UNVR,RG,4020,13,F,AK,CC,D
14:07:22,UNVR,RG,4020,14,F,BK,CC,D
14:07:22,UNVR,RG,4020,44,F,BK,CC,D
14:07:05,UNVR,RG,4020,20,F,BK,KK,D
14:07:00,UNVR,RG,4020,52,F,BK,AK,D
14:06:53,UNVR,RG,4020,1,F,BK,XC,D
14:06:45,UNVR,RG,4020,73,F,BK,BB,D
14:06:45,UNVR,RG,4020,1,F,ZP,BB,D
14:06:45,UNVR,RG,4020,3,F,ZP,XC,D
14:06:39,UNVR,RG,4020,3,F,ZP,BB,D
14:06:38,UNVR,RG,4020,4,F,ZP,CS,D
14:06:38,UNVR,RG,4020,1,D,YP,CS,D
14:06:38,UNVR,RG,4020,5,D,SQ,CS,D
14:06:38,UNVR,RG,4020,1,D,LS,CS,D
14:06:38,UNVR,RG,4020,23,F,ZP,CS,D
14:06:37,UNVR,RG,4020,31,F,ZP,NI,D
14:06:37,UNVR,RG,4020,13,F,AK,NI,D
14:06:37,UNVR,RG,4020,100,D,YP,NI,D
14:06:37,UNVR,RG,4020,237,F,ZP,NI,D
14:06:37,UNVR,RG,4020,2,D,PD,NI,D
14:06:37,UNVR,RG,4020,3,F,CS,NI,D
14:06:37,UNVR,RG,4020,12,F,BK,NI,D
14:06:37,UNVR,RG,4020,100,D,SQ,NI,D
14:06:37,UNVR,RG,4020,1,D,DX,NI,D
14:06:37,UNVR,RG,4020,2,D,YP,NI,D
14:06:37,UNVR,RG,4020,311,F,BK,NI,D
14:06:37,UNVR,RG,4020,188,F,AK,NI,D
14:06:34,UNVR,RG,4020,3,F,AK,NI,D
14:06:30,UNVR,RG,4020,19,F,AK,ZP,F
14:06:29,UNVR,RG,4020,5,F,AK,AK,F
14:06:28,UNVR,RG,4020,5,F,AK,YP,D
14:06:14,UNVR,RG,4020,1,F,AK,XC,D
14:06:03,UNVR,RG,4030,20,F,BK,RF,D
14:05:59,UNVR,RG,4020,1,F,AK,XC,D
14:05:57,UNVR,RG,4020,86,F,AK,BB,D
14:05:56,UNVR,RG,4020,3,F,AK,PD,D
14:05:46,UNVR,RG,4020,5,F,AK,DX,D
14:05:45,UNVR,RG,4020,2,F,AK,BB,D
14:05:31,UNVR,RG,4030,15,F,BK,RF,D
14:05:26,UNVR,RG,4030,18,F,BK,RF,D
14:05:25,UNVR,RG,4020,133,F,AK,BB,D
14:05:17,UNVR,RG,4020,20,F,AK,YP,D
14:05:16,UNVR,RG,4020,1,F,AK,DR,D
14:05:15,UNVR,RG,4020,4,F,AK,AK,F
14:05:14,UNVR,RG,4020,24,F,AK,YJ,D
14:05:04,UNVR,RG,4020,10,F,AK,YP,D
14:05:02,UNVR,RG,4030,20,F,BK,RF,D
14:05:02,UNVR,RG,4020,2,F,AK,CC,D
14:05:01,UNVR,RG,4020,72,F,AK,BB,D
14:04:58,UNVR,RG,4020,2,F,AK,PD,D
14:04:58,UNVR,RG,4030,13,D,XC,RF,D
14:04:57,UNVR,RG,4020,3,F,AK,BB,D
14:04:51,UNVR,RG,4020,4,F,AK,XL,D
14:04:50,UNVR,RG,4030,1,D,HP,RF,D
14:04:37,UNVR,RG,4030,1,D,PD,RF,D
14:04:29,UNVR,RG,4020,30,F,AK,OD,D
14:04:28,UNVR,RG,4030,19,F,BK,RF,D
14:04:25,UNVR,RG,4030,48,D,PD,RF,D
14:04:20,UNVR,RG,4020,35,F,AK,CC,D
14:04:19,UNVR,RG,4020,41,F,AK,XC,D
14:04:18,UNVR,RG,4020,1,F,AK,XC,D
14:04:15,UNVR,RG,4020,40,F,AK,BB,D
14:04:15,UNVR,RG,4020,2,D,EP,BB,D
14:04:15,UNVR,RG,4020,3,D,CC,BB,D
14:04:15,UNVR,RG,4020,1,D,YP,BB,D
14:04:15,UNVR,RG,4020,25,D,YP,BB,D
14:04:15,UNVR,RG,4020,14,D,PD,BB,D
14:04:10,UNVR,RG,4020,2,D,PD,TP,D
14:04:06,UNVR,RG,4020,4,D,PD,PD,D
14:04:06,UNVR,RG,4020,6,F,ZP,PD,D
14:04:04,UNVR,RG,4020,3,F,ZP,BB,D
14:03:56,UNVR,RG,4020,1,F,ZP,BB,D
14:03:46,UNVR,RG,4020,15,F,ZP,GR,D
14:03:46,UNVR,RG,4020,1,D,PD,GR,D
14:03:46,UNVR,RG,4020,14,F,BK,GR,D
14:03:46,UNVR,RG,4020,170,F,ZP,GR,D
14:03:33,UNVR,RG,4030,2,D,XC,RF,D
14:03:19,UNVR,RG,4020,78,F,ZP,BB,D
14:03:18,UNVR,RG,4020,5,F,ZP,DX,D
14:03:16,UNVR,RG,4020,1,F,ZP,NI,D
14:03:14,UNVR,RG,4020,3,F,ZP,BB,D
14:03:09,UNVR,RG,4020,3,F,ZP,YP,D
14:03:04,UNVR,RG,4030,25,D,IF,RF,D
14:02:58,UNVR,RG,4020,1,F,ZP,XL,D
14:02:53,UNVR,RG,4020,7,F,ZP,AK,F
14:02:52,UNVR,RG,4020,5,F,ZP,YP,D
14:02:49,UNVR,RG,4020,3,F,ZP,PD,D
14:02:40,UNVR,RG,4020,10,F,ZP,CC,D
14:02:37,UNVR,RG,4020,27,F,ZP,XC,D
14:02:37,UNVR,RG,4020,8,F,AK,XC,D
14:02:30,UNVR,RG,4020,10,F,AK,XC,D
14:02:29,UNVR,RG,4020,31,F,AK,BB,D
14:02:29,UNVR,RG,4020,1,F,ZP,BB,D
14:02:29,UNVR,RG,4020,1,D,XC,BB,D
14:02:29,UNVR,RG,4020,13,D,AT,BB,D
14:02:29,UNVR,RG,4020,3,F,CS,BB,D
14:02:29,UNVR,RG,4020,33,F,BK,BB,D
14:02:26,UNVR,RG,4020,25,F,BK,DX,D
14:02:25,UNVR,RG,4020,10,F,BK,KK,D
14:02:19,UNVR,RG,4020,2,F,BK,BB,D
14:02:17,UNVR,RG,4020,1,F,BK,XC,D
14:02:08,UNVR,RG,4020,10,F,BK,IP,D
14:02:05,UNVR,RG,4020,58,F,BK,BB,D
14:02:05,UNVR,RG,4020,45,F,ZP,BB,D
14:02:05,UNVR,RG,4020,5,F,ZP,BB,D
14:02:05,UNVR,RG,4020,2,D,YP,BB,D
14:02:04,UNVR,RG,4020,3,D,YP,NI,D
14:02:04,UNVR,RG,4020,1,D,YP,NI,D
14:02:04,UNVR,RG,4020,46,F,ZP,NI,D
14:01:58,UNVR,RG,4020,60,F,ZP,YP,D
14:01:51,UNVR,RG,4020,25,F,ZP,YP,D
14:01:50,UNVR,RG,4020,14,F,ZP,BB,D
14:01:50,UNVR,RG,4030,2,D,PD,RF,D
14:01:35,UNVR,RG,4020,42,F,ZP,BB,D
14:01:35,UNVR,RG,4020,28,D,XC,BB,D
14:01:29,UNVR,RG,4020,2,D,XC,BB,D
14:01:26,UNVR,RG,4020,5,D,XC,DH,D
14:01:24,UNVR,RG,4020,1,D,XC,YP,D
14:01:17,UNVR,RG,4020,39,D,XC,BB,D
14:01:17,UNVR,RG,4020,25,D,GR,BB,D
14:01:17,UNVR,RG,4020,1,D,NI,BB,D
14:01:17,UNVR,RG,4020,12,F,BK,BB,D
14:01:17,UNVR,RG,4020,47,F,BK,BB,D
14:01:15,UNVR,RG,4020,4,F,BK,ZP,F
14:01:14,UNVR,RG,4020,155,F,BK,DR,D
14:01:14,UNVR,RG,4020,7,F,CS,DR,D
14:01:14,UNVR,RG,4020,338,F,AK,DR,D
14:01:05,UNVR,RG,4020,1,F,AK,YP,D
14:01:01,UNVR,RG,4020,15,F,AK,BB,D
14:00:55,UNVR,RG,4020,10,F,AK,AI,D
14:00:54,UNVR,RG,4020,2,F,AK,YP,D
14:00:50,UNVR,RG,4020,80,F,AK,BB,D
14:00:49,UNVR,RG,4030,1,D,KK,RF,D
14:00:47,UNVR,RG,4020,20,F,AK,XC,D
14:00:47,UNVR,RG,4020,2,F,AK,CD,D
14:00:45,UNVR,RG,4020,4,F,AK,YP,D
14:00:44,UNVR,RG,4020,19,F,AK,ZP,F
14:00:43,UNVR,RG,4020,3,F,AK,BB,D
14:00:40,UNVR,RG,4020,5,F,AK,DX,D
14:00:36,UNVR,RG,4020,2,F,AK,XL,D
14:00:33,UNVR,RG,4020,25,F,AK,SQ,D
14:00:30,UNVR,RG,4020,9,F,AK,AK,F
14:00:28,UNVR,RG,4020,1,F,AK,YP,D
14:00:25,UNVR,RG,4030,1,D,KK,RF,D
14:00:22,UNVR,RG,4020,5,F,AK,PD,D
14:00:21,UNVR,RG,4020,49,F,AK,BB,D
14:00:21,UNVR,RG,4020,7,D,XC,BB,D
14:00:21,UNVR,RG,4020,37,F,ZP,BB,D
14:00:21,UNVR,RG,4020,15,F,AK,BB,D
14:00:21,UNVR,RG,4020,4,F,AK,YP,D
14:00:21,UNVR,RG,4020,12,F,AK,YP,D
14:00:21,UNVR,RG,4020,1,D,PD,YP,D
14:00:21,UNVR,RG,4020,2,D,PD,YP,D
14:00:21,UNVR,RG,4020,9,F,AK,YP,D
14:00:21,UNVR,RG,4020,1,F,ZP,YP,D
14:00:09,UNVR,RG,4020,13,F,ZP,BB,D
14:00:06,UNVR,RG,4020,2,F,ZP,XC,D
14:00:05,UNVR,RG,4020,20,F,ZP,YP,D
14:00:03,UNVR,RG,4020,10,F,ZP,CC,D
13:59:59,UNVR,RG,4020,79,F,ZP,BB,D
13:59:53,UNVR,RG,4020,3,F,ZP,BB,D
13:59:45,UNVR,RG,4020,3,F,ZP,AK,F
13:59:39,UNVR,RG,4020,40,F,ZP,TP,D
13:59:34,UNVR,RG,4020,113,F,ZP,BB,D
13:59:24,UNVR,RG,4020,10,F,ZP,BB,D
13:59:24,UNVR,RG,4020,7,F,BK,BB,D
13:59:22,UNVR,RG,4020,5,F,BK,YP,D
13:59:19,UNVR,RG,4020,1,F,BK,XC,D
13:59:15,UNVR,RG,4020,10,F,BK,OD,D
13:59:13,UNVR,RG,4020,9,F,BK,PD,D
13:59:13,UNVR,RG,4020,3,D,KK,PD,D
13:59:13,UNVR,RG,4020,1,F,BK,PD,D
13:59:07,UNVR,RG,4020,10,F,BK,BB,D
13:59:07,UNVR,RG,4020,66,F,BK,BB,D
13:59:05,UNVR,RG,4020,2,F,BK,SQ,D
13:59:04,UNVR,RG,4020,2,F,BK,XC,D
13:59:02,UNVR,RG,4020,2,F,BK,BB,D
13:59:00,UNVR,RG,4020,5,F,BK,HP,D
13:58:52,UNVR,RG,4020,10,F,BK,YP,D
13:58:47,UNVR,RG,4020,20,F,BK,CC,D
13:58:43,UNVR,RG,4020,92,F,BK,BB,D
13:58:43,UNVR,RG,4020,21,F,ZP,BB,D
13:58:40,UNVR,RG,4020,3,F,ZP,XC,D
13:58:40,UNVR,RG,4020,10,F,ZP,SQ,D
13:58:35,UNVR,RG,4020,50,F,ZP,PD,D
13:58:32,UNVR,RG,4020,2,F,ZP,OD,D
13:58:28,UNVR,RG,4030,15,F,BK,RF,D
13:58:28,UNVR,RG,4020,2,F,ZP,AZ,D
13:58:27,UNVR,RG,4020,7,F,ZP,AZ,D
13:58:26,UNVR,RG,4020,13,F,ZP,BB,D
13:58:22,UNVR,RG,4020,63,F,ZP,XL,D
13:58:18,UNVR,RG,4020,44,F,ZP,BB,D
13:58:18,UNVR,RG,4020,27,F,ZP,BB,D
13:58:18,UNVR,RG,4020,2,F,CS,BB,D
13:58:15,UNVR,RG,4020,2,F,CS,HP,D
13:58:13,UNVR,RG,4020,1,F,CS,BB,D
13:58:13,UNVR,RG,4020,1,F,CS,BB,D
13:58:13,UNVR,RG,4020,1,F,CS,BB,D
13:58:02,UNVR,RG,4020,5,D,LG,DX,D
13:57:59,UNVR,RG,4020,15,D,LG,YP,D
13:57:59,UNVR,RG,4020,6,F,ZP,YP,D
13:57:59,UNVR,RG,4020,1,D,AZ,YP,D
13:57:59,UNVR,RG,4020,28,F,AK,YP,D
13:57:59,UNVR,RG,4020,5,F,AK,CC,D
13:57:58,UNVR,RG,4020,13,F,AK,HP,D
13:57:57,UNVR,RG,4020,300,F,AK,EP,D
13:57:56,UNVR,RG,4030,1,D,XC,RF,D
13:57:53,UNVR,RG,4020,25,F,AK,KK,D
13:57:53,UNVR,RG,4020,106,F,AK,BB,D
13:57:52,UNVR,RG,4030,15,D,CC,RF,D
13:57:46,UNVR,RG,4020,1,F,AK,YP,D
13:57:39,UNVR,RG,4020,172,F,AK,NI,D
13:57:39,UNVR,RG,4020,28,F,AK,NI,D
13:57:38,UNVR,RG,4020,14,F,AK,BB,D
13:57:34,UNVR,RG,4020,1,F,AK,NI,D
13:57:30,UNVR,RG,4020,15,F,AK,BB,D
13:57:30,UNVR,RG,4020,7,F,AK,BB,D
13:57:30,UNVR,RG,4020,46,F,ZP,BB,D
13:57:30,UNVR,RG,4020,3,D,YP,BB,D
13:57:24,UNVR,RG,4030,1,D,CC,RF,D
13:57:23,UNVR,RG,4020,2,D,YP,BB,D
13:57:23,UNVR,RG,4020,5,D,YP,KK,D
13:57:23,UNVR,RG,4020,20,F,BK,KK,D
13:57:19,UNVR,RG,4030,1,D,PD,RF,D
13:57:12,UNVR,RG,4020,54,F,BK,NI,D
13:57:12,UNVR,RG,4020,1,D,XC,NI,D
13:57:12,UNVR,RG,4020,5,D,PD,NI,D
13:57:12,UNVR,RG,4020,4,D,DR,NI,D
13:57:12,UNVR,RG,4020,1,D,XC,NI,D
13:57:12,UNVR,RG,4020,1,D,NI,NI,D
13:57:12,UNVR,RG,4020,34,D,YP,NI,D
13:57:10,UNVR,RG,4030,2,D,YP,RF,D
13:57:06,UNVR,RG,4020,78,D,YP,BB,D
13:57:06,UNVR,RG,4020,33,F,ZP,BB,D
13:57:03,UNVR,RG,4030,1,D,PD,RF,D
13:56:51,UNVR,RG,4020,16,F,ZP,BB,D
13:56:49,UNVR,RG,4020,143,F,ZP,YP,D
13:56:46,UNVR,RG,4020,5,F,ZP,CC,D
13:56:44,UNVR,RG,4020,54,F,ZP,BB,D
13:56:39,UNVR,RG,4030,1,D,PD,RF,D
13:56:36,UNVR,RG,4020,3,F,ZP,BB,D
13:56:29,UNVR,RG,4030,52,D,NI,RF,D
13:56:23,UNVR,RG,4020,5,F,ZP,DH,D
13:56:18,UNVR,RG,4020,5,F,ZP,SQ,D
13:56:17,UNVR,RG,4020,44,F,ZP,BB,D
13:56:17,UNVR,RG,4020,10,D,PD,BB,D
13:56:17,UNVR,RG,4020,24,D,XC,BB,D
13:56:17,UNVR,RG,4020,37,D,PD,BB,D
13:56:17,UNVR,RG,4020,2,D,PD,DH,D
13:56:10,UNVR,RG,4020,61,D,PD,CC,D
13:56:10,UNVR,RG,4020,20,D,NI,CC,D
13:56:10,UNVR,RG,4020,19,D,PD,CC,D
13:56:07,UNVR,RG,4020,2,D,PD,OD,D
13:56:03,UNVR,RG,4020,2,D,PD,YP,D
13:55:58,UNVR,RG,4020,10,D,PD,YU,D
13:55:57,UNVR,RG,4020,14,D,PD,CC,D
13:55:54,UNVR,RG,4020,8,D,PD,BB,D
13:55:54,UNVR,RG,4020,3,F,CS,BB,D
13:55:54,UNVR,RG,4020,5,D,YP,BB,D
13:55:49,UNVR,RG,4020,10,D,NI,NI,D
13:55:44,UNVR,RG,4020,3,D,NI,BB,D
13:55:39,UNVR,RG,4020,7,D,NI,OD,D
13:55:39,UNVR,RG,4020,8,F,BK,OD,D
13:55:26,UNVR,RG,4020,1,F,BK,BB,D
13:55:26,UNVR,RG,4020,6,F,CS,BB,D
13:55:26,UNVR,RG,4020,94,F,ZP,BB,D
13:55:24,UNVR,RG,4020,6,F,ZP,DX,D
13:55:22,UNVR,RG,4020,2,F,ZP,KK,D
13:55:18,UNVR,RG,4020,10,F,ZP,CC,D
13:55:12,UNVR,RG,4020,5,F,ZP,AG,D
13:55:01,UNVR,RG,4020,100,F,ZP,YP,D
13:54:59,UNVR,RG,4020,16,F,ZP,BB,D
13:54:52,UNVR,RG,4020,5,F,ZP,CC,D
13:54:51,UNVR,RG,4030,10,D,YP,RF,D
13:54:49,UNVR,RG,4020,40,F,ZP,XC,D
13:54:48,UNVR,RG,4020,2,F,ZP,BB,D
13:54:43,UNVR,RG,4020,183,F,ZP,GR,D
13:54:43,UNVR,RG,4020,29,F,AK,GR,D
13:54:43,UNVR,RG,4020,29,F,AK,GR,D
13:54:43,UNVR,RG,4020,14,F,AK,GR,D
13:54:43,UNVR,RG,4020,10,F,AK,GR,D
13:54:43,UNVR,RG,4020,42,F,ZP,GR,D
13:54:43,UNVR,RG,4020,93,F,AK,GR,D
13:54:41,UNVR,RG,4020,123,F,AK,BB,D
13:54:38,UNVR,RG,4020,1,F,AK,XC,D
13:54:34,UNVR,RG,4020,13,F,AK,YU,D
13:54:34,UNVR,RG,4020,32,F,BK,YU,D
13:54:34,UNVR,RG,4020,13,F,ZP,YU,D
13:54:34,UNVR,RG,4020,192,F,BK,YU,D
13:54:26,UNVR,RG,4020,10,F,BK,OD,D
13:54:23,UNVR,RG,4020,1,F,BK,XC,D
13:54:15,UNVR,RG,4020,2,F,BK,XC,D
13:54:10,UNVR,RG,4020,10,F,BK,CC,D
13:54:08,UNVR,RG,4020,100,F,BK,MK,D
13:54:04,UNVR,RG,4020,14,F,BK,BB,D
13:54:01,UNVR,RG,4020,3,F,BK,BB,D
13:53:57,UNVR,RG,4020,25,F,BK,YP,D
13:53:55,UNVR,RG,4020,118,F,BK,DR,D
13:53:55,UNVR,RG,4020,103,F,ZP,DR,D
13:53:55,UNVR,RG,4020,279,F,ZP,DR,D
13:53:54,UNVR,RG,4020,20,F,ZP,PD,D
13:53:53,UNVR,RG,4030,17,F,BK,RF,D
13:53:52,UNVR,RG,4020,15,F,ZP,YP,D
13:53:49,UNVR,RG,4020,5,F,ZP,DH,D
13:53:48,UNVR,RG,4030,15,F,BK,RF,D
13:53:47,UNVR,RG,4030,2,D,KK,RF,D
13:53:46,UNVR,RG,4020,107,F,ZP,BB,D
13:53:38,UNVR,RG,4020,2,F,ZP,BQ,D
13:53:28,UNVR,RG,4020,2,F,BK,PD,D
13:53:26,UNVR,RG,4020,1,F,BK,XC,D
13:53:26,UNVR,RG,4020,2,F,BK,SQ,D
13:53:13,UNVR,RG,4020,15,F,BK,BB,D
13:53:04,UNVR,RG,4020,3,F,BK,BB,D
13:53:04,UNVR,RG,4030,16,F,BK,RF,D
13:53:02,UNVR,RG,4020,5,F,BK,YP,D
13:53:01,UNVR,RG,4030,4,D,XC,RF,D
13:52:59,UNVR,RG,4020,107,F,BK,BB,D
13:52:56,UNVR,RG,4020,5,F,BK,DX,D
13:52:47,UNVR,RG,4020,8,F,BK,XC,D
13:52:41,UNVR,RG,4030,17,F,BK,RF,D
13:52:35,UNVR,RG,4020,4,F,BK,DR,D
13:52:35,UNVR,RG,4020,25,F,BK,AI,D
13:52:30,UNVR,RG,4020,4,F,BK,XC,D
13:52:23,UNVR,RG,4020,2,F,BK,XC,D
13:52:23,UNVR,RG,4020,16,F,BK,BB,D
13:52:22,UNVR,RG,4030,1,D,PD,RF,D
13:52:12,UNVR,RG,4030,16,F,BK,RF,D
13:52:11,UNVR,RG,4020,110,F,BK,BB,D
13:52:10,UNVR,RG,4020,2,F,BK,BB,D
13:51:56,UNVR,RG,4030,17,F,BK,RF,D
13:51:56,UNVR,RG,4030,3,D,XC,RF,D
13:51:51,UNVR,RG,4030,16,F,BK,RF,D
13:51:48,UNVR,RG,4020,4,F,BK,KK,D
13:51:47,UNVR,RG,4030,200,D,YP,RF,D
13:51:31,UNVR,RG,4030,20,F,BK,RF,D
13:51:28,UNVR,RG,4030,13,F,BK,RF,D
13:51:28,UNVR,RG,4020,67,F,BK,BB,D
13:51:24,UNVR,RG,4030,1,D,NI,RF,D
13:51:23,UNVR,RG,4030,3,D,AZ,RF,D
13:51:23,UNVR,RG,4030,5,D,PD,RF,D
13:51:22,UNVR,RG,4020,35,F,BK,BB,D
13:51:21,UNVR,RG,4020,3,F,BK,BB,D
13:51:00,UNVR,RG,4030,4,D,XC,RF,D
13:50:47,UNVR,RG,4030,13,F,BK,RF,D
13:50:45,UNVR,RG,4020,75,F,BK,OD,D
13:50:40,UNVR,RG,4020,6,F,BK,YP,D
13:50:40,UNVR,RG,4020,11,F,BK,YP,D
13:50:40,UNVR,RG,4020,3,D,LG,YP,D
13:50:26,UNVR,RG,4020,17,D,LG,BB,D
13:50:23,UNVR,RG,4030,18,F,BK,RF,D
13:50:19,UNVR,RG,4030,13,F,BK,RF,D
13:50:16,UNVR,RG,4030,82,F,BK,RF,D
13:50:13,UNVR,RG,4020,5,F,BK,EP,D
13:50:13,UNVR,RG,4020,1,F,BK,BB,D
13:50:13,UNVR,RG,4020,167,F,BK,BB,D
13:50:13,UNVR,RG,4020,30,F,BK,BB,D
13:50:13,UNVR,RG,4020,48,F,BK,BB,D
13:50:12,UNVR,RG,4020,15,F,AK,BB,D
13:50:12,UNVR,RG,4020,2,F,AK,ZP,F
13:50:12,UNVR,RG,4020,9,F,AK,XC,D
13:50:12,UNVR,RG,4020,4,F,AK,AK,F
13:50:12,UNVR,RG,4020,220,F,AK,BB,D
13:50:11,UNVR,RG,4020,250,F,AK,BB,D
13:50:11,UNVR,RG,4020,4,F,AK,BB,D
13:50:11,UNVR,RG,4020,1,F,AK,BB,D
13:50:11,UNVR,RG,4020,76,F,AK,BB,D
13:50:11,UNVR,RG,4020,11,F,AK,NI,D
13:50:11,UNVR,RG,4020,46,F,AK,BB,D
13:50:11,UNVR,RG,4020,112,F,AK,BB,D
13:50:10,UNVR,RG,4020,316,D,CC,BB,D
13:50:10,UNVR,RG,4020,53,D,CC,CS,D
13:50:10,UNVR,RG,4020,33,D,CC,AK,D
13:50:10,UNVR,RG,4020,28,D,CC,AK,D
13:50:10,UNVR,RG,4020,8,D,CC,DR,D
13:50:10,UNVR,RG,4020,1,D,CC,PD,D
13:50:10,UNVR,RG,4020,2,D,CC,AK,F
13:50:10,UNVR,RG,4020,30,D,CC,AK,D
13:50:10,UNVR,RG,4020,57,D,CC,CS,D
13:50:10,UNVR,RG,4020,28,D,CC,ZP,F
13:50:10,UNVR,RG,4020,25,D,CC,IP,D
13:50:10,UNVR,RG,4020,30,D,CC,CC,D
13:50:10,UNVR,RG,4020,5,D,CC,SQ,D
13:50:10,UNVR,RG,4020,5,D,CC,PD,D
13:50:10,UNVR,RG,4020,15,D,CC,KK,D
13:50:10,UNVR,RG,4020,30,D,CC,CC,D
13:50:10,UNVR,RG,4020,82,D,CC,PD,D
13:50:10,UNVR,RG,4020,3,D,CC,DR,D
13:50:10,UNVR,RG,4020,1,D,CC,XC,D
13:50:10,UNVR,RG,4020,5,D,CC,DX,D
13:50:10,UNVR,RG,4020,5,D,CC,XC,D
13:50:10,UNVR,RG,4020,2,D,CC,XC,D
13:50:10,UNVR,RG,4020,6,D,CC,CP,D
13:50:10,UNVR,RG,4020,1,D,CC,NI,D
13:50:10,UNVR,RG,4020,20,D,CC,YP,D
13:50:10,UNVR,RG,4020,8,D,CC,XC,D
13:50:10,UNVR,RG,4020,5,D,CC,SQ,D
13:50:10,UNVR,RG,4020,3,D,CC,CP,D
13:50:10,UNVR,RG,4020,5,D,CC,NI,D
13:50:10,UNVR,RG,4020,20,D,CC,ZP,F
13:50:10,UNVR,RG,4020,4,D,CC,GR,D
13:50:10,UNVR,RG,4020,5,D,CC,CP,D
13:50:10,UNVR,RG,4020,2,D,CC,XC,D
13:50:10,UNVR,RG,4020,5,D,CC,GR,D
13:50:10,UNVR,RG,4020,8,D,CC,CP,D
13:50:10,UNVR,RG,4020,1,D,CC,KK,D
13:50:10,UNVR,RG,4020,35,D,CC,YP,D
13:50:10,UNVR,RG,4020,108,D,CC,BB,D
13:50:08,UNVR,RG,4020,102,F,BK,BB,D
13:50:05,UNVR,RG,4010,49,F,ZP,BB,D
13:50:04,UNVR,RG,4010,5,F,ZP,DH,D
13:50:02,UNVR,RG,4020,244,F,AK,BB,D
13:50:02,UNVR,RG,4020,6,F,AK,LG,D
13:50:02,UNVR,RG,4020,4,F,BK,LG,D
13:50:02,UNVR,RG,4020,1,F,BK,BB,D
13:50:02,UNVR,RG,4020,46,F,BK,BB,D
13:50:02,UNVR,RG,4020,6,F,BK,NI,D
13:50:02,UNVR,RG,4020,2,F,BK,RB,D
13:50:02,UNVR,RG,4020,25,F,BK,LG,D
13:50:02,UNVR,RG,4020,8,F,BK,LG,D
13:50:01,UNVR,RG,4020,17,F,AK,LG,D
13:50:01,UNVR,RG,4020,8,F,AK,BB,D
13:50:01,UNVR,RG,4020,67,F,AK,BB,D
13:50:01,UNVR,RG,4020,2,F,AK,AZ,D
13:50:01,UNVR,RG,4020,7,F,AK,AZ,D
13:50:01,UNVR,RG,4020,1,F,AK,PD,D
13:50:01,UNVR,RG,4020,1,F,AK,XC,D
13:50:01,UNVR,RG,4020,100,F,AK,PD,D
13:50:01,UNVR,RG,4020,10,F,AK,RG,D
13:50:01,UNVR,RG,4020,10,F,AK,XC,D
13:50:01,UNVR,RG,4020,3,F,AK,ZP,F
13:50:01,UNVR,RG,4020,2,F,AK,DH,D
13:50:01,UNVR,RG,4020,22,F,AK,BB,D
13:50:00,UNVR,RG,4020,250,F,AK,BB,D
13:49:59,UNVR,RG,4020,84,F,BK,BB,D
13:49:59,UNVR,RG,4020,37,F,AK,BB,D
13:49:59,UNVR,RG,4020,1,F,AK,YP,D
13:49:59,UNVR,RG,4020,5,F,AK,KK,D
13:49:59,UNVR,RG,4020,1,F,AK,SQ,D
13:49:59,UNVR,RG,4020,1,F,AK,NI,D
13:49:59,UNVR,RG,4020,5,F,AK,ZP,F
13:49:59,UNVR,RG,4020,35,F,AK,BB,D
13:49:59,UNVR,RG,4020,1,F,AK,XC,D
13:49:59,UNVR,RG,4020,2,F,AK,DR,D
13:49:59,UNVR,RG,4020,3,F,AK,XC,D
13:49:59,UNVR,RG,4020,40,F,AK,SQ,D
13:49:59,UNVR,RG,4020,1,F,AK,DR,D
13:49:59,UNVR,RG,4020,2,F,AK,XC,D
13:49:59,UNVR,RG,4020,3,F,AK,XC,D
13:49:59,UNVR,RG,4020,7,F,AK,ZP,F
13:49:59,UNVR,RG,4020,49,F,AK,CS,D
13:49:59,UNVR,RG,4020,1,F,AK,YP,D
13:49:59,UNVR,RG,4020,3,F,AK,PD,D
13:49:59,UNVR,RG,4020,5,F,AK,CC,D
13:49:59,UNVR,RG,4020,2,F,AK,AT,D
13:49:59,UNVR,RG,4020,27,F,AK,CS,D
13:49:59,UNVR,RG,4020,19,F,AK,BB,D
13:49:58,UNVR,RG,4020,250,F,AK,BB,D
13:49:57,UNVR,RG,4020,180,F,AK,BB,D
13:49:57,UNVR,RG,4020,7,F,AK,PD,D
13:49:57,UNVR,RG,4020,10,F,AK,CC,D
13:49:57,UNVR,RG,4020,1,F,AK,NI,D
13:49:57,UNVR,RG,4020,4,F,AK,AK,F
13:49:57,UNVR,RG,4020,48,F,AK,AK,D
13:49:56,UNVR,RG,4020,19,D,YP,AK,D
13:49:56,UNVR,RG,4020,31,D,YP,AK,D
13:49:45,UNVR,RG,4020,11,F,BK,AK,D
13:49:45,UNVR,RG,4020,1,F,BK,AK,F
13:49:39,UNVR,RG,4020,5,F,BK,AK,F
13:49:39,UNVR,RG,4020,31,F,BK,XC,D
13:49:39,UNVR,RG,4020,9,F,BK,LG,D
13:49:36,UNVR,RG,4020,91,D,AI,LG,D
13:49:36,UNVR,RG,4020,8,D,AI,CC,D
13:49:36,UNVR,RG,4020,5,D,AI,PD,D
13:49:36,UNVR,RG,4020,18,D,AI,CS,D
13:49:36,UNVR,RG,4020,33,D,AI,CS,D
13:49:36,UNVR,RG,4020,3,D,AI,CS,D
13:49:36,UNVR,RG,4020,50,D,AI,YP,D
13:49:36,UNVR,RG,4020,6,D,AI,ZP,F
13:49:36,UNVR,RG,4020,2,D,AI,XC,D
13:49:36,UNVR,RG,4020,20,D,AI,EP,D
13:49:36,UNVR,RG,4020,20,D,AI,CC,D
13:49:36,UNVR,RG,4020,10,D,AI,CS,D
13:49:36,UNVR,RG,4020,7,D,AI,AK,F
13:49:36,UNVR,RG,4020,27,D,AI,AK,D
13:49:32,UNVR,RG,4020,13,F,BK,AK,D
13:49:31,UNVR,RG,4010,84,F,ZP,BB,D
13:49:31,UNVR,RG,4010,7,F,ZP,BB,D
13:49:31,UNVR,RG,4010,57,D,CC,BB,D
13:49:30,UNVR,RG,4010,4,D,CC,AK,F
13:49:15,UNVR,RG,4010,46,D,CC,AK,D
13:49:14,UNVR,RG,4010,2,D,CC,BB,D
13:49:13,UNVR,RG,4010,768,D,CC,NI,D
13:49:09,UNVR,RG,4010,1,D,CC,BB,D
13:48:58,UNVR,RG,4010,2,D,CC,BB,D
13:48:57,UNVR,RG,4010,1,D,CC,PD,D
13:48:54,UNVR,RG,4010,3,D,CC,BB,D
13:48:53,UNVR,RG,4020,1,D,SQ,AK,D
13:48:41,UNVR,RG,4010,13,D,CC,BB,D
13:48:31,UNVR,RG,4020,1,D,XC,AK,D
13:48:30,UNVR,RG,4010,3,D,CC,AK,F
13:48:29,UNVR,RG,4010,20,D,CC,CC,D
13:48:28,UNVR,RG,4010,80,D,CC,BB,D
13:48:28,UNVR,RG,4010,53,F,BK,BB,D
13:48:25,UNVR,RG,4010,6,F,BK,YP,D
13:48:25,UNVR,RG,4010,69,F,ZP,YP,D
13:48:25,UNVR,RG,4010,10,F,BK,YP,D
13:48:25,UNVR,RG,4010,2,D,PD,YP,D
13:48:25,UNVR,RG,4010,2,D,PD,YP,D
13:48:25,UNVR,RG,4010,95,D,YP,YP,D
13:48:25,UNVR,RG,4010,1,D,EP,YP,D
13:48:25,UNVR,RG,4010,1,F,ZP,YP,D
13:48:25,UNVR,RG,4010,5,D,YP,YP,D
13:48:25,UNVR,RG,4010,95,D,YP,YP,D
13:48:25,UNVR,RG,4010,18,F,BK,YP,D
13:48:25,UNVR,RG,4010,18,F,AK,YP,D
13:48:19,UNVR,RG,4010,3,F,AK,BB,D
13:48:17,UNVR,RG,4010,8,F,AK,XC,D
13:48:04,UNVR,RG,4010,1,F,AK,BB,D
13:48:03,UNVR,RG,4010,1,F,AK,BB,D
13:47:57,UNVR,RG,4020,1,D,XC,AK,D
13:47:55,UNVR,RG,4010,5,F,AK,BB,D
13:47:47,UNVR,RG,4010,3,F,AK,BB,D
13:47:46,UNVR,RG,4010,4,F,AK,LG,D
13:47:42,UNVR,RG,4010,5,F,AK,DX,D
13:47:39,UNVR,RG,4010,9,F,AK,BB,D
13:47:35,UNVR,RG,4010,10,F,AK,XL,D
13:47:34,UNVR,RG,4010,2,F,AK,HD,D
13:47:32,UNVR,RG,4010,5,F,AK,PD,D
13:47:31,UNVR,RG,4010,2,F,AK,BB,D
13:47:30,UNVR,RG,4010,1,F,AK,PD,D
13:47:25,UNVR,RG,4010,7,F,AK,BB,D
13:47:19,UNVR,RG,4010,5,F,AK,YP,D
13:47:15,UNVR,RG,4010,3,F,AK,AK,F
13:47:12,UNVR,RG,4010,2,F,AK,BB,D
13:47:03,UNVR,RG,4010,2,F,AK,BB,D
13:46:54,UNVR,RG,4010,4,F,AK,BB,D
13:46:51,UNVR,RG,4010,5,F,AK,YP,D
13:46:48,UNVR,RG,4010,11,F,AK,BB,D
13:46:44,UNVR,RG,4010,17,F,AK,PD,D
13:46:44,UNVR,RG,4020,6,D,XC,AK,D
13:46:42,UNVR,RG,4010,38,F,AK,BB,D
13:46:20,UNVR,RG,4010,30,F,AK,BB,D
13:46:20,UNVR,RG,4010,78,F,BK,BB,D
13:46:20,UNVR,RG,4010,1,F,BK,NI,D
13:46:17,UNVR,RG,4010,2,F,BK,PD,D
13:46:00,UNVR,RG,4010,4,F,BK,AK,F
13:45:56,UNVR,RG,4020,2,D,XC,AK,D
13:45:40,UNVR,RG,4010,4,F,CS,CS,D
13:45:40,UNVR,RG,4010,1,D,LG,CS,D
13:45:40,UNVR,RG,4010,4,D,HD,CS,D
13:45:40,UNVR,RG,4010,11,F,BK,CS,D
13:45:40,UNVR,RG,4010,2,D,PD,CS,D
13:45:40,UNVR,RG,4010,12,F,ZP,CS,D
13:45:40,UNVR,RG,4010,3,D,OD,CS,D
13:45:34,UNVR,RG,4010,2,D,OD,AK,D
13:45:34,UNVR,RG,4010,3,F,ZP,AK,D
13:45:34,UNVR,RG,4010,23,F,ZP,AK,D
13:45:34,UNVR,RG,4010,1,D,XC,AK,D
13:45:34,UNVR,RG,4010,2,D,DX,AK,D
13:45:34,UNVR,RG,4010,18,F,ZP,AK,D
13:45:32,UNVR,RG,4010,118,F,ZP,BB,D
13:45:12,UNVR,RG,4010,5,F,ZP,DX,D
13:44:40,UNVR,RG,4010,39,F,ZP,BB,D
13:44:40,UNVR,RG,4010,75,D,CC,BB,D
13:44:27,UNVR,RG,4010,25,D,CC,AT,D
13:44:27,UNVR,RG,4010,15,F,BK,AT,D
13:44:23,UNVR,RG,4010,45,F,CS,DH,D
13:44:19,UNVR,RG,4010,85,F,CS,BB,D
13:44:19,UNVR,RG,4010,5,F,BK,BB,D
13:44:12,UNVR,RG,4010,5,F,BK,EP,D
13:44:12,UNVR,RG,4010,1,F,BK,XC,D
13:44:06,UNVR,RG,4010,1,F,AK,PD,D
13:44:00,UNVR,RG,4010,11,F,AK,XA,D
13:44:00,UNVR,RG,4010,9,F,AK,AK,F
13:43:53,UNVR,RG,4010,2,F,AK,XC,D
13:43:50,UNVR,RG,4010,29,F,AK,BB,D
13:43:50,UNVR,RG,4010,5,F,AK,PD,D
13:43:45,UNVR,RG,4010,2,F,AK,AK,F
13:43:43,UNVR,RG,4010,1,F,AK,XC,D
13:43:37,UNVR,RG,4010,20,F,AK,BB,D
13:43:37,UNVR,RG,4010,15,F,AK,CC,D
13:43:29,UNVR,RG,4010,126,F,AK,CC,D
13:43:29,UNVR,RG,4010,25,D,YP,CC,D
13:43:29,UNVR,RG,4010,6,F,CS,CC,D
13:43:29,UNVR,RG,4010,11,F,BK,CC,D
13:43:29,UNVR,RG,4010,40,D,PD,CC,D
13:43:29,UNVR,RG,4010,5,D,PD,CC,D
13:43:29,UNVR,RG,4010,87,F,ZP,CC,D
13:43:28,UNVR,RG,4010,6,F,ZP,BB,D
13:43:28,UNVR,RG,4010,11,D,HD,BB,D
13:43:26,UNVR,RG,4010,24,D,HD,BB,D
13:43:15,UNVR,RG,4010,2,D,HD,AK,F
13:43:15,UNVR,RG,4010,1,D,HD,BB,D
13:43:12,UNVR,RG,4010,15,D,HD,BB,D
13:43:04,UNVR,RG,4010,27,D,HD,BB,D
13:43:00,UNVR,RG,4010,2,D,HD,AK,F
13:42:57,UNVR,RG,4020,15,D,IF,AK,D
13:42:57,UNVR,RG,4020,20,D,IF,YP,D
13:42:57,UNVR,RG,4020,2,D,IF,NI,D
13:42:56,UNVR,RG,4010,2,D,HD,KK,D
13:42:56,UNVR,RG,4010,2,D,HD,RB,D
13:42:55,UNVR,RG,4010,10,D,HD,DH,D
13:42:53,UNVR,RG,4010,20,D,HD,BB,D
13:42:52,UNVR,RG,4010,2,D,HD,XC,D
13:42:42,UNVR,RG,4010,6,D,HD,BB,D
13:42:39,UNVR,RG,4010,66,D,HD,BB,D
13:42:39,UNVR,RG,4010,1,D,YP,BB,D
13:42:39,UNVR,RG,4010,2,D,XA,BB,D
13:42:39,UNVR,RG,4010,25,F,ZP,BB,D
13:42:39,UNVR,RG,4010,32,F,AK,BB,D
13:42:39,UNVR,RG,4010,1,D,XC,BB,D
13:42:39,UNVR,RG,4010,1,D,CC,BB,D
13:42:39,UNVR,RG,4010,3,D,CC,BB,D
13:42:39,UNVR,RG,4010,248,F,BK,BB,D
13:42:39,UNVR,RG,4010,220,F,AK,BB,D
13:42:39,UNVR,RG,4010,6,F,ZP,BB,D
13:42:39,UNVR,RG,4010,82,F,ZP,BB,D
13:42:39,UNVR,RG,4010,23,F,ZP,BB,D
13:42:39,UNVR,RG,4010,5,F,ZP,DX,D
13:42:35,UNVR,RG,4010,4,F,ZP,XC,D
13:42:31,UNVR,RG,4020,1,D,CC,NI,D
13:42:21,UNVR,RG,4010,2,F,ZP,NI,D
13:42:13,UNVR,RG,4010,2,F,ZP,SQ,D
13:41:55,UNVR,RG,4010,5,F,ZP,XC,D
13:41:49,UNVR,RG,4010,10,F,ZP,EP,D
13:41:41,UNVR,RG,4010,2,F,ZP,YP,D
13:41:40,UNVR,RG,4010,1,F,ZP,DR,D
13:41:37,UNVR,RG,4010,5,F,ZP,AI,D
13:41:33,UNVR,RG,4010,3,F,ZP,YP,D
13:41:30,UNVR,RG,4010,9,F,ZP,AK,F
13:41:20,UNVR,RG,4010,5,F,ZP,DH,D
13:41:20,UNVR,RG,4010,28,F,ZP,YP,D
13:41:20,UNVR,RG,4010,1,D,NI,YP,D
13:41:20,UNVR,RG,4010,10,D,EP,YP,D
13:41:20,UNVR,RG,4010,2,F,ZP,YP,D
13:40:53,UNVR,RG,4010,65,F,ZP,DR,D
13:40:51,UNVR,RG,4010,5,F,ZP,YP,D
13:40:48,UNVR,RG,4020,1,D,XC,NI,D
13:40:45,UNVR,RG,4010,71,F,ZP,BB,D
13:40:45,UNVR,RG,4010,220,F,AK,BB,D
13:40:45,UNVR,RG,4010,1,D,PD,BB,D
13:40:45,UNVR,RG,4010,244,F,CS,BB,D
13:40:45,UNVR,RG,4010,8,F,AK,BB,D
13:40:45,UNVR,RG,4010,100,D,GR,BB,D
13:40:45,UNVR,RG,4010,243,F,BK,BB,D
13:40:45,UNVR,RG,4010,56,F,BK,BB,D
13:40:45,UNVR,RG,4010,44,F,ZP,BB,D
13:40:45,UNVR,RG,4010,13,F,ZP,BB,D
13:40:45,UNVR,RG,4010,4,F,ZP,AK,F
13:40:41,UNVR,RG,4020,1,F,BK,NI,D
13:40:41,UNVR,RG,4020,15,F,BK,ZP,F
13:40:38,UNVR,RG,4010,44,F,ZP,BB,D
13:40:34,UNVR,RG,4010,1,F,ZP,KK,D
13:40:31,UNVR,RG,4010,8,F,ZP,CC,D
13:40:17,UNVR,RG,4010,3,F,ZP,AK,F
13:40:16,UNVR,RG,4010,25,F,ZP,OD,D
13:40:13,UNVR,RG,4020,21,F,BK,ZP,F
13:40:08,UNVR,RG,4020,2,F,BK,ZP,F
13:40:08,UNVR,RG,4020,21,F,BK,ZP,F
13:40:08,UNVR,RG,4020,1,F,BK,ZP,F
13:40:08,UNVR,RG,4020,11,F,BK,BB,D
13:40:08,UNVR,RG,4020,15,F,BK,ZP,F
13:40:05,UNVR,RG,4010,303,F,ZP,BB,D
13:40:05,UNVR,RG,4010,1000,D,CC,BB,D
13:40:05,UNVR,RG,4010,2,D,YB,BB,D
13:40:05,UNVR,RG,4010,6,F,CS,BB,D
13:40:05,UNVR,RG,4010,13,F,BK,BB,D
13:40:05,UNVR,RG,4010,180,F,BK,BB,D
13:40:05,UNVR,RG,4010,33,F,AK,BB,D
13:40:05,UNVR,RG,4010,395,F,ZP,BB,D
13:40:05,UNVR,RG,4010,83,F,ZP,BB,D
13:40:05,UNVR,RG,4010,456,F,ZP,BB,D
13:40:05,UNVR,RG,4010,20,D,YP,BB,D
