Time,Stock,Brd,Price,Qty,BT,BC,SC,ST
15:14:53,UNVR,RG,3690,3,D,DR,YP,D
15:14:36,UNVR,RG,3690,1,D,DR,YP,D
15:14:25,UNVR,RG,3690,11,D,DR,YP,D
15:14:20,UNVR,RG,3690,3,D,YU,YP,D
15:14:20,UNVR,RG,3690,25,D,YP,YP,D
15:14:18,UNVR,RG,3690,1,D,CC,YP,D
15:14:09,UNVR,RG,3690,1,D,PD,YP,D
15:14:05,UNVR,RG,3690,2,D,XC,YP,D
15:14:03,UNVR,RG,3690,5,D,DR,YP,D
15:13:59,UNVR,RG,3690,2,D,XC,YP,D
15:13:44,UNVR,RG,3690,5,D,DR,YP,D
15:13:40,UNVR,RG,3690,3,D,BQ,YP,D
15:13:35,UNVR,RG,3690,7,D,DR,YP,D
15:13:24,UNVR,RG,3690,1,D,TF,YP,D
15:13:23,UNVR,RG,3690,136,D,XL,YP,D
15:13:22,UNVR,RG,3690,2,D,XC,YP,D
15:13:20,UNVR,RG,3690,1,D,XC,YP,D
15:13:16,UNVR,RG,3690,135,D,YP,YP,D
15:13:03,UNVR,RG,3690,14,D,YP,YP,D
15:12:58,UNVR,RG,3690,1,D,DR,YP,D
15:12:53,UNVR,RG,3690,10,D,PD,YP,D
15:12:43,UNVR,RG,3690,1,D,DR,YP,D
15:12:32,UNVR,RG,3690,3,D,DR,YP,D
15:12:19,UNVR,RG,3690,1,D,DR,YP,D
15:12:07,UNVR,RG,3690,1,D,DR,YP,D
15:12:06,UNVR,RG,3690,20,D,CC,YP,D
15:12:00,UNVR,RG,3690,1,D,YB,YP,D
15:11:59,UNVR,RG,3690,1,D,DR,YP,D
15:11:53,UNVR,RG,3690,7,D,CC,YP,D
15:11:47,UNVR,RG,3690,1,D,DR,YP,D
15:11:44,UNVR,RG,3690,5,D,XC,YP,D
15:11:44,UNVR,RG,3690,5,D,XC,YP,D
15:11:29,UNVR,RG,3690,1,D,XC,YP,D
15:11:26,UNVR,RG,3690,1,D,XC,YP,D
15:11:25,UNVR,RG,3690,1,D,DR,YP,D
15:11:13,UNVR,RG,3690,5,D,PD,YP,D
15:11:08,UNVR,RG,3690,10,D,PD,YP,D
15:10:59,UNVR,RG,3690,33,D,CC,YP,D
15:10:54,UNVR,RG,3690,1,D,PD,YP,D
15:10:31,UNVR,RG,3690,5,D,XC,YP,D
15:10:27,UNVR,RG,3690,1,D,DR,YP,D
15:10:26,UNVR,RG,3690,2,D,YP,YP,D
15:10:16,UNVR,RG,3690,3,D,XL,YP,D
15:10:01,UNVR,RG,3690,3,D,DR,YP,D
15:09:46,UNVR,RG,3690,20,D,EP,YP,D
15:09:44,UNVR,RG,3690,1,D,NI,YP,D
15:09:34,UNVR,RG,3690,5,D,PD,YP,D
15:09:25,UNVR,RG,3690,1,D,YP,YP,D
15:09:21,UNVR,RG,3690,13,D,XL,YP,D
15:09:19,UNVR,RG,3690,1,D,PD,YP,D
15:09:18,UNVR,RG,3690,1,D,DR,YP,D
15:09:02,UNVR,RG,3690,1,D,DR,YP,D
15:08:36,UNVR,RG,3690,1,D,NI,YP,D
15:08:33,UNVR,RG,3690,3,D,DR,YP,D
15:08:28,UNVR,RG,3690,98,D,DH,YP,D
15:08:21,UNVR,RG,3690,1,D,EP,YP,D
15:08:16,UNVR,RG,3690,5,D,YP,YP,D
15:08:12,UNVR,RG,3690,1,D,PD,YP,D
15:08:10,UNVR,RG,3690,75,D,CC,YP,D
15:07:49,UNVR,RG,3690,1,D,YP,YP,D
15:07:37,UNVR,RG,3690,2,D,YB,YP,D
15:07:24,UNVR,RG,3690,7,D,PD,YP,D
15:07:22,UNVR,RG,3690,8,D,XC,YP,D
15:07:19,UNVR,RG,3690,4,D,DR,YP,D
15:06:46,UNVR,RG,3690,10,D,GR,YP,D
15:06:37,UNVR,RG,3690,50,D,PD,YP,D
15:06:37,UNVR,RG,3690,5,D,DR,YP,D
15:06:20,UNVR,RG,3690,15,D,KK,YP,D
15:06:10,UNVR,RG,3690,1,D,NI,YP,D
15:05:53,UNVR,RG,3690,1,D,PD,YP,D
15:05:52,UNVR,RG,3690,10,D,CC,YP,D
15:05:50,UNVR,RG,3690,50,D,PD,YP,D
15:05:29,UNVR,RG,3690,2,D,PD,YP,D
15:05:23,UNVR,RG,3690,2,D,YP,YP,D
15:05:15,UNVR,RG,3690,1,D,XC,YP,D
15:04:54,UNVR,RG,3690,9,D,CC,YP,D
15:04:36,UNVR,RG,3690,10,D,YP,YP,D
15:04:32,UNVR,RG,3690,6,D,XC,YP,D
15:04:20,UNVR,RG,3690,1004,D,YU,YP,D
15:04:20,UNVR,RG,3690,4,D,YU,YP,D
15:04:20,UNVR,RG,3690,20,D,YU,YP,D
15:04:20,UNVR,RG,3690,93,D,YU,XA,D
15:04:20,UNVR,RG,3690,255,D,YU,IF,D
15:04:20,UNVR,RG,3690,3,D,YU,XC,D
15:04:20,UNVR,RG,3690,5,D,YU,SQ,D
15:04:20,UNVR,RG,3690,300,D,YU,IF,D
15:04:20,UNVR,RG,3690,5,D,YU,HP,D
15:04:20,UNVR,RG,3690,1,D,YU,YP,D
15:04:20,UNVR,RG,3690,10,D,YU,DH,D
15:04:20,UNVR,RG,3690,1,D,YU,PD,D
15:04:20,UNVR,RG,3690,50,D,YU,DH,D
15:04:20,UNVR,RG,3690,90,D,YU,YP,D
15:04:20,UNVR,RG,3690,5,D,YU,YP,D
15:04:20,UNVR,RG,3690,54,D,YU,PD,D
15:04:20,UNVR,RG,3690,150,D,YU,YP,D
15:04:20,UNVR,RG,3690,6,D,YU,SQ,D
15:04:20,UNVR,RG,3690,20,D,YU,KK,D
15:04:20,UNVR,RG,3690,10,D,YU,YP,D
15:04:20,UNVR,RG,3690,5,D,YU,XC,D
15:04:20,UNVR,RG,3690,5,D,YU,CC,D
15:04:20,UNVR,RG,3690,1,D,YU,YP,D
15:04:20,UNVR,RG,3690,5,D,YU,YP,D
15:04:20,UNVR,RG,3690,1,D,YU,YP,D
15:04:20,UNVR,RG,3690,4,D,YU,LG,D
15:04:20,UNVR,RG,3690,50,D,YU,NI,D
15:04:20,UNVR,RG,3690,1,D,YU,BQ,D
15:04:20,UNVR,RG,3690,1,D,YU,YP,D
15:04:20,UNVR,RG,3690,1,D,YU,PD,D
15:04:20,UNVR,RG,3690,10,D,YU,YP,D
15:04:20,UNVR,RG,3690,37,D,YU,YP,D
15:04:20,UNVR,RG,3690,2,D,YU,EL,D
15:04:20,UNVR,RG,3690,1,D,YU,XC,D
15:04:20,UNVR,RG,3690,3,D,YU,XL,D
15:04:20,UNVR,RG,3690,10,D,YU,DR,D
15:04:20,UNVR,RG,3690,10,D,YU,KK,D
15:04:20,UNVR,RG,3690,10,D,YU,PD,D
15:04:20,UNVR,RG,3690,5,D,YU,NI,D
15:04:20,UNVR,RG,3690,32,D,YU,YP,D
15:04:20,UNVR,RG,3690,5,D,YU,CC,D
15:04:20,UNVR,RG,3690,25,D,YU,DH,D
15:04:20,UNVR,RG,3690,1,D,YU,CC,D
15:04:20,UNVR,RG,3690,420,D,YU,IF,D
15:04:20,UNVR,RG,3690,19,D,YU,YP,D
15:04:20,UNVR,RG,3690,1,D,YU,NI,D
15:04:20,UNVR,RG,3690,7,D,YU,PD,D
15:04:20,UNVR,RG,3690,60,D,YU,KK,D
15:04:20,UNVR,RG,3690,20,D,YU,YP,D
15:04:20,UNVR,RG,3690,1,D,YU,PD,D
15:04:20,UNVR,RG,3690,15,D,YU,CC,D
15:04:20,UNVR,RG,3690,1,D,YU,CC,D
15:04:20,UNVR,RG,3690,10,D,YU,YP,D
15:04:20,UNVR,RG,3690,5,D,YU,NI,D
15:04:20,UNVR,RG,3690,4,D,YU,XC,D
15:04:20,UNVR,RG,3690,5,D,YU,CC,D
15:04:20,UNVR,RG,3690,1,D,YU,EP,D
15:04:20,UNVR,RG,3690,1,D,YU,PD,D
15:04:20,UNVR,RG,3690,500,D,YU,TP,D
15:04:20,UNVR,RG,3690,1,D,YU,OD,D
15:04:20,UNVR,RG,3690,10,D,YU,CC,D
15:04:20,UNVR,RG,3690,1,D,YU,AZ,D
15:04:20,UNVR,RG,3690,1,D,YU,DR,D
15:04:20,UNVR,RG,3690,3,D,YU,XL,D
15:04:20,UNVR,RG,3690,1,D,YU,GR,D
15:04:20,UNVR,RG,3690,1,D,YU,PD,D
15:04:20,UNVR,RG,3690,1,D,YU,CC,D
15:04:20,UNVR,RG,3690,20,D,YU,HP,D
15:04:20,UNVR,RG,3690,20,D,YU,SQ,D
15:04:20,UNVR,RG,3690,70,D,YU,AG,D
15:04:20,UNVR,RG,3690,50,D,YU,YP,D
15:04:20,UNVR,RG,3690,5,D,YU,PD,D
15:04:20,UNVR,RG,3690,1,D,YU,NI,D
15:04:20,UNVR,RG,3690,1,D,YU,NI,D
15:04:20,UNVR,RG,3690,5,D,YU,PD,D
15:04:20,UNVR,RG,3690,50,D,YU,CC,D
15:04:20,UNVR,RG,3690,2000,D,YU,OD,D
15:04:20,UNVR,RG,3690,6,D,YU,ZP,D
15:04:20,UNVR,RG,3690,2372,D,YU,DR,D
15:04:00,UNVR,RG,3690,10,D,YP,DR,D
15:03:54,UNVR,RG,3690,8,D,PD,DR,D
15:03:50,UNVR,RG,3690,75,D,YP,DR,D
15:03:41,UNVR,RG,3690,2,D,PD,DR,D
15:03:35,UNVR,RG,3690,2,D,XL,DR,D
15:03:33,UNVR,RG,3690,1,D,XC,DR,D
15:03:32,UNVR,RG,3690,50,D,SQ,DR,D
15:03:29,UNVR,RG,3690,2,D,PD,DR,D
15:03:25,UNVR,RG,3690,1,D,CC,DR,D
15:03:18,UNVR,RG,3690,1,D,AZ,DR,D
15:03:03,UNVR,RG,3690,10,D,PD,DR,D
15:03:03,UNVR,RG,3690,2,D,YP,DR,D
15:02:55,UNVR,RG,3690,5,D,YP,DR,D
15:02:53,UNVR,RG,3690,20,D,GR,DR,D
15:02:46,UNVR,RG,3690,1,D,CC,DR,D
15:02:36,UNVR,RG,3690,5,D,YP,DR,D
15:02:34,UNVR,RG,3690,1,D,AZ,DR,D
15:02:33,UNVR,RG,3690,2,D,PD,DR,D
15:02:10,UNVR,RG,3690,10,D,AZ,DR,D
15:02:04,UNVR,RG,3690,20,D,TP,DR,D
15:01:58,UNVR,RG,3690,5,D,KK,DR,D
15:01:46,UNVR,RG,3690,3,D,CC,DR,D
15:01:46,UNVR,RG,3690,7,D,EP,DR,D
15:01:34,UNVR,RG,3690,1,D,CC,DR,D
15:01:31,UNVR,RG,3690,3,D,YP,DR,D
15:01:13,UNVR,RG,3690,7,D,YP,DR,D
15:01:09,UNVR,RG,3690,6,D,PD,DR,D
15:01:05,UNVR,RG,3690,10,D,NI,DR,D
15:01:05,UNVR,RG,3690,5,D,OD,DR,D
15:01:00,UNVR,RG,3690,3,D,PD,DR,D
15:00:00,UNVR,RG,3690,5,D,TP,DR,D
15:00:00,UNVR,RG,3690,40,D,CC,DR,D
15:00:00,UNVR,RG,3690,1,D,AT,DR,D
15:00:00,UNVR,RG,3690,25,D,TP,DR,D
15:00:00,UNVR,RG,3690,50,D,KK,DR,D
15:00:00,UNVR,RG,3690,50,D,HP,DR,D
15:00:00,UNVR,RG,3690,1,D,YP,DR,D
15:00:00,UNVR,RG,3690,5,D,YP,DR,D
15:00:00,UNVR,RG,3690,2,D,PD,DR,D
15:00:00,UNVR,RG,3690,138,D,XL,DR,D
15:00:00,UNVR,RG,3690,14,D,PD,DR,D
15:00:00,UNVR,RG,3690,5,D,ZP,DR,D
15:00:00,UNVR,RG,3690,2,D,CC,DR,D
15:00:00,UNVR,RG,3690,5,D,XL,DR,D
15:00:00,UNVR,RG,3690,1,D,XC,DR,D
15:00:00,UNVR,RG,3690,1,D,YP,DR,D
15:00:00,UNVR,RG,3690,1,D,XL,DR,D
15:00:00,UNVR,RG,3690,2,D,TP,DR,D
15:00:00,UNVR,RG,3690,15,D,CC,DR,D
15:00:00,UNVR,RG,3690,125,D,LG,DR,D
15:00:00,UNVR,RG,3690,2,D,NI,DR,D
15:00:00,UNVR,RG,3690,9,D,YP,DR,D
15:00:00,UNVR,RG,3690,20,D,PD,DR,D
15:00:00,UNVR,RG,3690,5,D,CC,DR,D
15:00:00,UNVR,RG,3690,10,D,HP,DR,D
15:00:00,UNVR,RG,3690,1,D,XL,DR,D
15:00:00,UNVR,RG,3690,1,D,YP,DR,D
15:00:00,UNVR,RG,3690,10,D,PD,DR,D
15:00:00,UNVR,RG,3690,23,D,NI,DR,D
15:00:00,UNVR,RG,3690,13,D,NI,DR,D
15:00:00,UNVR,RG,3690,1,D,PD,DR,D
15:00:00,UNVR,RG,3690,1,D,PD,DR,D
15:00:00,UNVR,RG,3690,9,D,AZ,DR,D
15:00:00,UNVR,RG,3690,208,D,SQ,DR,D
15:00:00,UNVR,RG,3690,5,D,YP,DR,D
15:00:00,UNVR,RG,3690,1,D,AZ,DR,D
15:00:00,UNVR,RG,3690,1,D,PC,DR,D
15:00:00,UNVR,RG,3690,1,D,TP,DR,D
15:00:00,UNVR,RG,3690,25,D,YP,DR,D
15:00:00,UNVR,RG,3690,6,D,XL,DR,D
15:00:00,UNVR,RG,3690,1,D,YP,DR,D
15:00:00,UNVR,RG,3690,20,D,TF,DR,D
15:00:00,UNVR,RG,3690,10,D,TP,DR,D
15:00:00,UNVR,RG,3690,300,D,PD,DR,D
15:00:00,UNVR,RG,3690,4,D,DR,DR,D
15:00:00,UNVR,RG,3690,1,D,CC,DR,D
15:00:00,UNVR,RG,3690,1,D,KK,DR,D
15:00:00,UNVR,RG,3690,100,D,CP,DR,D
15:00:00,UNVR,RG,3690,150,D,IP,DR,D
15:00:00,UNVR,RG,3690,1,D,CC,DR,D
15:00:00,UNVR,RG,3690,2,D,YP,DR,D
15:00:00,UNVR,RG,3690,2,D,YP,DR,D
15:00:00,UNVR,RG,3690,10,D,YP,DR,D
15:00:00,UNVR,RG,3690,2,D,PD,DR,D
15:00:00,UNVR,RG,3690,20,D,YP,DR,D
15:00:00,UNVR,RG,3690,10,D,KK,DR,D
15:00:00,UNVR,RG,3690,1,D,NI,DR,D
15:00:00,UNVR,RG,3690,5,D,NI,DR,D
15:00:00,UNVR,RG,3690,1,D,OD,DR,D
15:00:00,UNVR,RG,3690,2,D,KK,DR,D
15:00:00,UNVR,RG,3690,54,D,PD,DR,D
15:00:00,UNVR,RG,3690,10,D,DH,DR,D
15:00:00,UNVR,RG,3690,2,D,YP,DR,D
15:00:00,UNVR,RG,3690,6,D,XL,DR,D
15:00:00,UNVR,RG,3690,13,D,NI,DR,D
15:00:00,UNVR,RG,3690,2,D,KK,DR,D
15:00:00,UNVR,RG,3690,1,D,AZ,DR,D
15:00:00,UNVR,RG,3690,2,D,XC,DR,D
15:00:00,UNVR,RG,3690,10,D,CC,DR,D
15:00:00,UNVR,RG,3690,7,D,PD,DR,D
15:00:00,UNVR,RG,3690,4,D,PD,DR,D
15:00:00,UNVR,RG,3690,100,D,ZR,DR,D
15:00:00,UNVR,RG,3690,41,D,YP,DR,D
15:00:00,UNVR,RG,3690,3,D,YP,DR,D
15:00:00,UNVR,RG,3690,1,D,NI,DR,D
15:00:00,UNVR,RG,3690,1,D,XC,DR,D
15:00:00,UNVR,RG,3690,1,D,XA,DR,D
15:00:00,UNVR,RG,3690,1,D,OD,DR,D
15:00:00,UNVR,RG,3690,5,D,YP,DR,D
15:00:00,UNVR,RG,3690,4,D,XL,DR,D
15:00:00,UNVR,RG,3690,5,D,XC,DR,D
15:00:00,UNVR,RG,3690,1,D,XL,DR,D
15:00:00,UNVR,RG,3690,1,D,GR,DR,D
15:00:00,UNVR,RG,3690,175,D,YP,DR,D
15:00:00,UNVR,RG,3690,23,D,YP,DR,D
15:00:00,UNVR,RG,3690,1,D,XC,DR,D
15:00:00,UNVR,RG,3690,35,D,AT,DR,D
15:00:00,UNVR,RG,3690,9,D,PD,DR,D
15:00:00,UNVR,RG,3690,8,D,YP,DR,D
15:00:00,UNVR,RG,3690,1,D,PD,DR,D
15:00:00,UNVR,RG,3690,23,D,XC,DR,D
15:00:00,UNVR,RG,3690,10,D,EP,DR,D
15:00:00,UNVR,RG,3690,18,D,YP,DR,D
15:00:00,UNVR,RG,3690,14,D,NI,DR,D
15:00:00,UNVR,RG,3690,11,D,YP,DR,D
15:00:00,UNVR,RG,3690,1,D,XC,DR,D
15:00:00,UNVR,RG,3690,1,D,YP,DR,D
15:00:00,UNVR,RG,3690,4,D,BQ,DR,D
15:00:00,UNVR,RG,3690,13,D,EP,DR,D
15:00:00,UNVR,RG,3690,1,D,YP,DR,D
15:00:00,UNVR,RG,3690,1,D,PD,DR,D
15:00:00,UNVR,RG,3690,100,D,GR,DR,D
15:00:00,UNVR,RG,3690,3,D,YP,DR,D
15:00:00,UNVR,RG,3690,53,D,SQ,DR,D
15:00:00,UNVR,RG,3690,4,D,AT,DR,D
15:00:00,UNVR,RG,3690,2,D,BQ,DR,D
15:00:00,UNVR,RG,3690,81,D,YB,DR,D
15:00:00,UNVR,RG,3690,20,D,YB,YP,D
15:00:00,UNVR,RG,3690,1,D,YB,YP,D
15:00:00,UNVR,RG,3690,9,D,YB,YP,D
15:00:00,UNVR,RG,3690,30,D,YB,CC,D
15:00:00,UNVR,RG,3690,7,D,YB,CC,D
15:00:00,UNVR,RG,3690,100,D,YB,KK,D
15:00:00,UNVR,RG,3690,5,D,YB,PD,D
15:00:00,UNVR,RG,3690,2,D,YB,CC,D
15:00:00,UNVR,RG,3690,2,D,YB,CC,D
15:00:00,UNVR,RG,3690,14,D,YB,NI,D
15:00:00,UNVR,RG,3690,5,D,YB,CC,D
15:00:00,UNVR,RG,3690,15,D,YB,YP,D
15:00:00,UNVR,RG,3690,50,D,YB,PD,D
15:00:00,UNVR,RG,3690,8,D,YB,YP,D
15:00:00,UNVR,RG,3690,151,D,YB,HP,D
15:00:00,UNVR,RG,3690,25,D,YP,HP,D
15:00:00,UNVR,RG,3690,1,D,AT,HP,D
15:00:00,UNVR,RG,3690,6,D,BQ,HP,D
15:00:00,UNVR,RG,3690,8,D,YP,HP,D
15:00:00,UNVR,RG,3690,6,D,XA,HP,D
15:00:00,UNVR,RG,3690,53,D,BQ,HP,D
15:00:00,UNVR,RG,3690,10,D,BQ,NI,D
15:00:00,UNVR,RG,3690,20,D,BQ,XC,D
15:00:00,UNVR,RG,3690,1,D,BQ,HP,D
15:00:00,UNVR,RG,3690,5,D,BQ,BQ,D
15:00:00,UNVR,RG,3690,11,D,BQ,YP,D
15:00:00,UNVR,RG,3690,9,D,PD,YP,D
15:00:00,UNVR,RG,3690,30,D,YP,YP,D
15:00:00,UNVR,RG,3690,3,D,YP,AT,D
15:00:00,UNVR,RG,3690,4,D,YP,DR,D
15:00:00,UNVR,RG,3690,15,D,YP,DH,D
15:00:00,UNVR,RG,3690,1,D,YP,YP,D
15:00:00,UNVR,RG,3690,10,D,YP,PD,D
15:00:00,UNVR,RG,3690,50,D,YP,CC,D
15:00:00,UNVR,RG,3690,3,D,YP,CC,D
15:00:00,UNVR,RG,3690,10,D,YP,HP,D
15:00:00,UNVR,RG,3690,1,D,YP,NI,D
15:00:00,UNVR,RG,3690,2,D,YP,YP,D
15:00:00,UNVR,RG,3690,5,D,YP,YP,D
15:00:00,UNVR,RG,3690,13,D,YP,CC,D
15:00:00,UNVR,RG,3690,17,D,AZ,CC,D
15:00:00,UNVR,RG,3690,1,D,AZ,YP,D
15:00:00,UNVR,RG,3690,24,D,YB,YP,D
15:00:00,UNVR,RG,3690,5,D,XC,YP,D
15:00:00,UNVR,RG,3690,3,D,XC,YP,D
15:00:00,UNVR,RG,3690,5,D,XC,CC,D
15:00:00,UNVR,RG,3690,3,D,XC,YP,D
15:00:00,UNVR,RG,3690,6,D,XC,KK,D
15:00:00,UNVR,RG,3690,13,D,XC,SQ,D
15:00:00,UNVR,RG,3690,5,D,XC,YB,D
15:00:00,UNVR,RG,3690,5,D,XC,YU,D
15:00:00,UNVR,RG,3690,5,D,XC,YP,D
15:00:00,UNVR,RG,3690,30,D,DH,YP,D
15:00:00,UNVR,RG,3690,20,D,DH,LS,D
15:00:00,UNVR,RG,3690,1,D,DH,PD,D
15:00:00,UNVR,RG,3690,49,D,DH,AR,D
15:00:00,UNVR,RG,3690,9,D,TP,AR,D
15:00:00,UNVR,RG,3690,20,D,YP,AR,D
15:00:00,UNVR,RG,3690,10,D,CC,AR,D
15:00:00,UNVR,RG,3690,12,D,YP,AR,D
15:00:00,UNVR,RG,3690,1,D,YP,HP,D
15:00:00,UNVR,RG,3690,1,D,YP,YP,D
15:00:00,UNVR,RG,3690,10,D,YP,XC,D
15:00:00,UNVR,RG,3690,1,D,YP,XL,D
15:00:00,UNVR,RG,3690,9,D,YP,XL,D
15:00:00,UNVR,RG,3690,1,D,YP,DR,D
15:00:00,UNVR,RG,3690,5,D,YP,YP,D
15:00:00,UNVR,RG,3690,62,D,YP,PD,D
15:00:00,UNVR,RG,3690,2,D,YP,CC,D
15:00:00,UNVR,RG,3690,2,D,YP,PD,D
15:00:00,UNVR,RG,3690,11,D,YP,BQ,D
15:00:00,UNVR,RG,3690,1,D,YP,DR,D
15:00:00,UNVR,RG,3690,3,D,YP,XC,D
15:00:00,UNVR,RG,3690,72,D,YP,AT,D
15:00:00,UNVR,RG,3690,1,D,YP,CC,D
15:00:00,UNVR,RG,3690,14,D,YP,DH,D
15:00:00,UNVR,RG,3690,88,D,YP,YJ,D
15:00:00,UNVR,RG,3690,9,D,CC,YJ,D
15:00:00,UNVR,RG,3690,50,D,CC,YJ,D
15:00:00,UNVR,RG,3690,12,D,PD,YJ,D
15:00:00,UNVR,RG,3690,9,D,PD,YJ,D
15:00:00,UNVR,RG,3690,10,D,CC,YJ,D
15:00:00,UNVR,RG,3690,100,D,PD,YJ,D
15:00:00,UNVR,RG,3690,10,D,YP,YJ,D
15:00:00,UNVR,RG,3690,34,D,YP,YJ,D
15:00:00,UNVR,RG,3690,6,D,YP,YJ,D
15:00:00,UNVR,RG,3690,10,D,XL,YJ,D
15:00:00,UNVR,RG,3690,387,F,CS,YJ,D
15:00:00,UNVR,RG,3690,2,F,CS,DX,D
15:00:00,UNVR,RG,3690,1000,F,CS,CC,D
15:00:00,UNVR,RG,3690,1,F,CS,DR,D
15:00:00,UNVR,RG,3690,40,F,CS,YP,D
15:00:00,UNVR,RG,3690,2,F,CS,XC,D
15:00:00,UNVR,RG,3690,10,F,CS,YP,D
15:00:00,UNVR,RG,3690,5,F,CS,DH,D
15:00:00,UNVR,RG,3690,80,F,CS,YP,D
15:00:00,UNVR,RG,3690,7,F,CS,DH,D
15:00:00,UNVR,RG,3690,2,F,CS,XC,D
15:00:00,UNVR,RG,3690,10,F,CS,EP,D
15:00:00,UNVR,RG,3690,10,F,CS,XC,D
15:00:00,UNVR,RG,3690,10,F,CS,BS,D
15:00:00,UNVR,RG,3690,2,F,CS,XC,D
15:00:00,UNVR,RG,3690,1,F,CS,XC,D
15:00:00,UNVR,RG,3690,10,F,CS,PD,D
15:00:00,UNVR,RG,3690,1,F,CS,XC,D
15:00:00,UNVR,RG,3690,400,F,CS,YB,D
15:00:00,UNVR,RG,3690,5,F,CS,KK,D
15:00:00,UNVR,RG,3690,15,F,CS,YP,D
15:00:00,UNVR,RG,3690,25,F,CS,YP,D
15:00:00,UNVR,RG,3690,16,F,CS,GR,D
15:00:00,UNVR,RG,3690,2,F,CS,XC,D
15:00:00,UNVR,RG,3690,2,F,CS,KK,D
15:00:00,UNVR,RG,3690,1,F,CS,XC,D
15:00:00,UNVR,RG,3690,1,F,CS,YP,D
15:00:00,UNVR,RG,3690,1,F,CS,YP,D
15:00:00,UNVR,RG,3690,1,F,CS,CC,D
15:00:00,UNVR,RG,3690,1,F,CS,PD,D
15:00:00,UNVR,RG,3690,10,F,CS,OD,D
15:00:00,UNVR,RG,3690,5,F,CS,NI,D
15:00:00,UNVR,RG,3690,200,F,CS,YJ,D
15:00:00,UNVR,RG,3690,1,F,CS,XC,D
15:00:00,UNVR,RG,3690,6,F,CS,TP,D
15:00:00,UNVR,RG,3690,15,F,CS,NI,D
15:00:00,UNVR,RG,3690,1,F,CS,YP,D
15:00:00,UNVR,RG,3690,1,F,CS,EP,D
15:00:00,UNVR,RG,3690,10,F,CS,XC,D
15:00:00,UNVR,RG,3690,1,F,CS,EP,D
15:00:00,UNVR,RG,3690,26,F,CS,NI,D
15:00:00,UNVR,RG,3690,20,F,CS,YU,D
15:00:00,UNVR,RG,3690,17,F,CS,XC,D
15:00:00,UNVR,RG,3690,13,F,CS,XC,D
15:00:00,UNVR,RG,3690,2,F,CS,EL,D
15:00:00,UNVR,RG,3690,10,F,CS,CC,D
15:00:00,UNVR,RG,3690,50,F,CS,YJ,D
15:00:00,UNVR,RG,3690,1,F,CS,KK,D
15:00:00,UNVR,RG,3690,5,F,CS,YP,D
15:00:00,UNVR,RG,3690,10,F,CS,KK,D
15:00:00,UNVR,RG,3690,57,F,CS,XC,D
15:00:00,UNVR,RG,3690,1,F,CS,XC,D
15:00:00,UNVR,RG,3690,10,F,CS,KK,D
15:00:00,UNVR,RG,3690,5,F,CS,XC,D
15:00:00,UNVR,RG,3690,200,F,CS,AT,D
15:00:00,UNVR,RG,3690,160,F,CS,HP,D
15:00:00,UNVR,RG,3690,3,F,CS,XC,D
15:00:00,UNVR,RG,3690,1,F,CS,OD,F
15:00:00,UNVR,RG,3690,27,F,CS,YP,D
15:00:00,UNVR,RG,3690,50,F,CS,AI,D
15:00:00,UNVR,RG,3690,5,F,CS,KK,D
15:00:00,UNVR,RG,3690,76,F,CS,LG,D
15:00:00,UNVR,RG,3690,24,F,CS,LG,D
15:00:00,UNVR,RG,3690,1,F,CS,PD,D
15:00:00,UNVR,RG,3690,32,F,CS,XC,D
15:00:00,UNVR,RG,3690,2,F,CS,XC,D
15:00:00,UNVR,RG,3690,50,F,CS,XA,D
15:00:00,UNVR,RG,3690,37,F,CS,CC,D
15:00:00,UNVR,RG,3690,568,F,CS,CC,D
15:00:00,UNVR,RG,3690,167,F,CS,OD,D
15:00:00,UNVR,RG,3690,333,D,BB,OD,D
15:00:00,UNVR,RG,3690,5,D,BB,IP,D
15:00:00,UNVR,RG,3690,10,D,BB,XC,D
15:00:00,UNVR,RG,3690,2,D,BB,YP,D
15:00:00,UNVR,RG,3690,75,D,BB,DX,D
15:00:00,UNVR,RG,3690,13,D,BB,XC,D
15:00:00,UNVR,RG,3690,150,D,BB,EP,D
15:00:00,UNVR,RG,3690,2,D,BB,XC,D
15:00:00,UNVR,RG,3690,10,D,BB,SQ,D
15:00:00,UNVR,RG,3690,2,D,BB,YJ,D
15:00:00,UNVR,RG,3690,1,D,BB,XC,D
15:00:00,UNVR,RG,3690,808,D,BB,YP,D
15:00:00,UNVR,RG,3690,14,F,AK,YP,D
15:00:00,UNVR,RG,3690,36,F,AK,YP,D
15:00:00,UNVR,RG,3690,50,F,AK,OD,D
15:00:00,UNVR,RG,3690,28,F,AK,DH,D
15:00:00,UNVR,RG,3690,3,F,AK,DH,D
15:00:00,UNVR,RG,3690,23,F,AK,DH,D
15:00:00,UNVR,RG,3690,10,F,AK,YP,D
15:00:00,UNVR,RG,3690,2,F,AK,XC,D
15:00:00,UNVR,RG,3690,5,F,AK,YU,D
15:00:00,UNVR,RG,3690,100,F,AK,YJ,D
15:00:00,UNVR,RG,3690,5,F,AK,PD,D
15:00:00,UNVR,RG,3690,200,F,AK,YP,D
15:00:00,UNVR,RG,3690,50,F,AK,CD,D
15:00:00,UNVR,RG,3690,100,F,AK,RO,D
15:00:00,UNVR,RG,3690,50,F,AK,CC,D
15:00:00,UNVR,RG,3690,5,F,AK,NI,D
15:00:00,UNVR,RG,3690,1,F,AK,YP,D
15:00:00,UNVR,RG,3690,55,F,AK,IP,D
15:00:00,UNVR,RG,3690,5,F,AK,LG,D
15:00:00,UNVR,RG,3690,5,F,AK,LG,D
15:00:00,UNVR,RG,3690,101,F,AK,YU,D
15:00:00,UNVR,RG,3690,32,F,AK,YP,D
15:00:00,UNVR,RG,3690,30,F,AK,DR,D
15:00:00,UNVR,RG,3690,50,F,AK,GR,D
15:00:00,UNVR,RG,3690,4,F,AK,KK,D
15:00:00,UNVR,RG,3690,75,F,AK,KK,D
15:00:00,UNVR,RG,3690,2,F,AK,XA,D
15:00:00,UNVR,RG,3690,1,F,AK,HP,D
15:00:00,UNVR,RG,3690,2,F,AK,KK,D
15:00:00,UNVR,RG,3690,1,F,AK,YP,D
15:00:00,UNVR,RG,3690,24,F,AK,YP,D
15:00:00,UNVR,RG,3690,5,F,AK,CC,D
15:00:00,UNVR,RG,3690,6,F,AK,PD,D
15:00:00,UNVR,RG,3690,662,F,AK,AG,D
15:00:00,UNVR,RG,3690,138,F,AK,AG,D
15:00:00,UNVR,RG,3690,20,F,AK,YP,D
15:00:00,UNVR,RG,3690,88,F,AK,ID,D
15:00:00,UNVR,RG,3690,172,F,AK,ID,D
15:00:00,UNVR,RG,3690,1,F,AK,YP,D
15:00:00,UNVR,RG,3690,7,F,AK,YP,D
15:00:00,UNVR,RG,3690,1,F,AK,YP,D
15:00:00,UNVR,RG,3690,200,F,AK,YP,D
15:00:00,UNVR,RG,3690,3,F,AK,AK,F
15:00:00,UNVR,RG,3690,14,F,AK,AK,F
15:00:00,UNVR,RG,3690,2,F,AK,AK,F
15:00:00,UNVR,RG,3690,183,F,AK,AK,F
15:00:00,UNVR,RG,3690,9,F,AK,AK,F
15:00:00,UNVR,RG,3690,1,F,AK,AK,F
15:00:00,UNVR,RG,3690,1,F,AK,AK,F
15:00:00,UNVR,RG,3690,9,F,AK,AK,F
15:00:00,UNVR,RG,3690,1,F,AK,AK,F
15:00:00,UNVR,RG,3690,2,F,AK,AK,F
15:00:00,UNVR,RG,3690,5,F,AK,AK,F
15:00:00,UNVR,RG,3690,1,F,AK,YP,D
15:00:00,UNVR,RG,3690,4,F,AK,AK,F
15:00:00,UNVR,RG,3690,19,F,AK,AK,F
15:00:00,UNVR,RG,3690,11,F,AK,AK,F
15:00:00,UNVR,RG,3690,9,F,AK,AK,F
15:00:00,UNVR,RG,3690,28,F,AK,AK,F
15:00:00,UNVR,RG,3690,2,F,AK,AK,F
15:00:00,UNVR,RG,3690,8,F,AK,AK,F
15:00:00,UNVR,RG,3690,6,F,AK,AK,F
15:00:00,UNVR,RG,3690,42,F,AK,AK,F
15:00:00,UNVR,RG,3690,1,F,AK,AK,F
15:00:00,UNVR,RG,3690,4,F,AK,AK,F
15:00:00,UNVR,RG,3690,11,F,AK,AK,F
15:00:00,UNVR,RG,3690,20,F,AK,AK,F
15:00:00,UNVR,RG,3690,63,F,AK,AK,F
15:00:00,UNVR,RG,3690,1,F,AK,AK,F
15:00:00,UNVR,RG,3690,1,F,AK,AK,F
15:00:00,UNVR,RG,3690,1,F,AK,AK,F
15:00:00,UNVR,RG,3690,68,F,AK,AK,F
15:00:00,UNVR,RG,3690,1,F,AK,AK,F
15:00:00,UNVR,RG,3690,2,F,AK,AK,F
15:00:00,UNVR,RG,3690,1,F,AK,AK,F
15:00:00,UNVR,RG,3690,174,F,AK,AK,F
15:00:00,UNVR,RG,3690,43,F,AK,AK,F
15:00:00,UNVR,RG,3690,170,F,AK,AK,F
15:00:00,UNVR,RG,3690,258,F,AK,AK,F
15:00:00,UNVR,RG,3690,71,F,AK,AK,F
15:00:00,UNVR,RG,3690,312,F,AK,AK,F
15:00:00,UNVR,RG,3690,33,F,AK,AK,F
15:00:00,UNVR,RG,3690,3,F,AK,AK,F
15:00:00,UNVR,RG,3690,6,F,AK,AK,F
15:00:00,UNVR,RG,3690,266,F,AK,AK,F
15:00:00,UNVR,RG,3690,602,F,ZP,AK,F
15:00:00,UNVR,RG,3690,3,F,ZP,YU,D
15:00:00,UNVR,RG,3690,1,F,ZP,YP,D
15:00:00,UNVR,RG,3690,25,F,ZP,YP,D
15:00:00,UNVR,RG,3690,1,F,ZP,YP,D
15:00:00,UNVR,RG,3690,6,F,ZP,DR,D
15:00:00,UNVR,RG,3690,2,F,ZP,PD,D
15:00:00,UNVR,RG,3690,2,F,ZP,CP,D
15:00:00,UNVR,RG,3690,3,F,ZP,XA,D
15:00:00,UNVR,RG,3690,2,F,ZP,ZP,F
15:00:00,UNVR,RG,3690,738,F,ZP,KZ,F
15:00:00,UNVR,RG,3690,504,F,ZP,KZ,F
15:00:00,UNVR,RG,3690,2226,F,ZP,KZ,F
15:00:00,UNVR,RG,3690,3,F,ZP,ZP,F
15:00:00,UNVR,RG,3690,1,F,ZP,YP,D
15:00:00,UNVR,RG,3690,98,F,ZP,AK,F
15:00:00,UNVR,RG,3690,1,F,ZP,YP,D
15:00:00,UNVR,RG,3690,1,F,ZP,YP,D
15:00:00,UNVR,RG,3690,201,F,ZP,KZ,F
15:00:00,UNVR,RG,3690,213,D,OD,KZ,F
15:00:00,UNVR,RG,3690,835,D,OD,OD,D
15:00:00,UNVR,RG,3690,400,D,CC,OD,D
15:00:00,UNVR,RG,3690,752,D,CC,OD,D
15:00:00,UNVR,RG,3690,5,D,CC,GI,D
15:00:00,UNVR,RG,3690,11,D,CC,AK,F
15:00:00,UNVR,RG,3690,24,D,CC,AK,F
15:00:00,UNVR,RG,3690,395,D,CC,CC,D
15:00:00,UNVR,RG,3690,113,D,CC,DP,D
15:00:00,UNVR,RG,3690,2,D,CC,DP,D
14:49:59,UNVR,RG,3690,1,F,AK,YJ,D
14:49:59,UNVR,RG,3690,3,F,AK,YJ,D
14:49:58,UNVR,RG,3690,1,F,AK,YJ,D
14:49:58,UNVR,RG,3690,1,F,AK,YJ,D
14:49:57,UNVR,RG,3690,10,D,YP,YJ,D
14:49:56,UNVR,RG,3690,13,F,AK,YJ,D
14:49:56,UNVR,RG,3690,2,F,AK,YJ,D
14:49:54,UNVR,RG,3690,6,F,AK,YJ,D
14:49:54,UNVR,RG,3690,4,F,AK,YJ,D
14:49:54,UNVR,RG,3690,2,F,AK,YJ,D
14:49:53,UNVR,RG,3690,3,D,NI,YJ,D
14:49:47,UNVR,RG,3690,100,D,PD,YJ,D
14:49:45,UNVR,RG,3690,1,F,AK,YJ,D
14:49:44,UNVR,RG,3690,2,D,PD,YJ,D
14:49:43,UNVR,RG,3690,1,D,NI,YJ,D
14:49:43,UNVR,RG,3680,2,D,SH,YP,D
14:49:43,UNVR,RG,3690,13,F,AK,YJ,D
14:49:43,UNVR,RG,3690,2,F,AK,YJ,D
14:49:42,UNVR,RG,3690,1,F,AK,YJ,D
14:49:40,UNVR,RG,3680,1,D,SH,AK,F
14:49:40,UNVR,RG,3680,3,D,SH,PD,D
14:49:40,UNVR,RG,3680,20,D,SH,SQ,D
14:49:38,UNVR,RG,3690,2,D,DR,YJ,D
14:49:35,UNVR,RG,3690,1,D,XC,YJ,D
14:49:35,UNVR,RG,3680,10,D,SH,CC,D
14:49:32,UNVR,RG,3690,2,F,AK,YJ,D
14:49:31,UNVR,RG,3690,1,D,HP,YJ,D
14:49:30,UNVR,RG,3690,1,F,AK,YJ,D
14:49:30,UNVR,RG,3690,1,F,AK,YJ,D
14:49:29,UNVR,RG,3680,14,D,SH,XC,D
14:49:28,UNVR,RG,3690,2,D,XC,YJ,D
14:49:27,UNVR,RG,3690,10,D,AZ,YJ,D
14:49:25,UNVR,RG,3680,30,D,SH,CC,D
14:49:23,UNVR,RG,3690,89,F,AK,YJ,D
14:49:23,UNVR,RG,3690,5,F,AK,NI,D
14:49:23,UNVR,RG,3690,25,F,AK,XL,D
14:49:23,UNVR,RG,3690,2,F,AK,XC,D
14:49:23,UNVR,RG,3690,1,F,AK,YP,D
14:49:23,UNVR,RG,3690,1,F,AK,PD,D
14:49:23,UNVR,RG,3690,50,F,AK,KK,D
14:49:23,UNVR,RG,3690,1,F,AK,SQ,D
14:49:23,UNVR,RG,3690,3,D,BB,SQ,D
14:49:23,UNVR,RG,3690,6,D,BB,DH,D
14:49:23,UNVR,RG,3690,1,D,BB,XC,D
14:49:23,UNVR,RG,3690,30,D,BB,CC,D
14:49:23,UNVR,RG,3690,5,D,BB,DR,D
14:49:23,UNVR,RG,3690,100,D,BB,MK,D
14:49:23,UNVR,RG,3690,10,D,BB,EP,D
14:49:23,UNVR,RG,3690,10,D,BB,NI,D
14:49:23,UNVR,RG,3690,25,D,BB,YP,D
14:49:23,UNVR,RG,3690,50,D,BB,CC,D
14:49:23,UNVR,RG,3690,5,D,BB,YP,D
14:49:23,UNVR,RG,3690,1,D,BB,PD,D
14:49:23,UNVR,RG,3690,2,D,BB,XC,D
14:49:23,UNVR,RG,3690,10,D,BB,CC,D
14:49:23,UNVR,RG,3690,2,D,BB,XC,D
14:49:23,UNVR,RG,3690,1,D,BB,NI,D
14:49:23,UNVR,RG,3690,1,D,BB,CC,D
14:49:23,UNVR,RG,3690,10,D,BB,YP,D
14:49:23,UNVR,RG,3690,8,D,BB,RO,D
14:49:23,UNVR,RG,3690,2,D,BB,KK,D
14:49:23,UNVR,RG,3690,70,D,BB,NI,D
14:49:23,UNVR,RG,3690,15,D,BB,XC,D
14:49:23,UNVR,RG,3690,5,D,BB,XC,D
14:49:23,UNVR,RG,3690,10,D,BB,YP,D
14:49:23,UNVR,RG,3690,1,D,BB,AK,F
14:49:23,UNVR,RG,3690,5,D,BB,YP,D
14:49:23,UNVR,RG,3690,1,D,BB,XC,D
14:49:23,UNVR,RG,3690,100,D,BB,PD,D
14:49:23,UNVR,RG,3690,10,D,BB,YP,D
14:49:23,UNVR,RG,3690,1,D,BB,PD,D
14:49:23,UNVR,RG,3690,1,D,BB,CC,D
14:49:23,UNVR,RG,3690,58,D,BB,ZP,D
14:49:23,UNVR,RG,3690,50,D,BB,EP,D
14:49:23,UNVR,RG,3690,30,D,BB,SQ,D
14:49:23,UNVR,RG,3690,100,D,BB,YJ,D
14:49:23,UNVR,RG,3690,4,D,BB,YP,D
14:49:23,UNVR,RG,3690,10,D,BB,CC,D
14:49:23,UNVR,RG,3690,30,D,BB,SQ,D
14:49:23,UNVR,RG,3690,11,D,BB,DH,D
14:49:23,UNVR,RG,3690,23,D,BB,NI,D
14:49:23,UNVR,RG,3690,2,D,BB,ZP,F
14:49:23,UNVR,RG,3690,200,D,BB,CC,D
14:49:23,UNVR,RG,3690,7,D,BB,YP,D
14:49:23,UNVR,RG,3690,21,F,AK,YP,D
14:49:22,UNVR,RG,3680,1,D,SH,YP,D
14:49:21,UNVR,RG,3680,5,D,SH,CC,D
14:49:21,UNVR,RG,3680,5,F,CS,CC,D
14:49:18,UNVR,RG,3690,1,D,BB,YP,D
14:49:15,UNVR,RG,3680,1,F,CS,AK,F
14:49:15,UNVR,RG,3690,60,F,AK,YP,D
14:49:14,UNVR,RG,3690,61,D,BB,YP,D
14:49:14,UNVR,RG,3690,1,D,BB,XC,D
14:49:14,UNVR,RG,3690,160,D,BB,YP,D
14:49:14,UNVR,RG,3680,1,F,CS,ZP,F
14:49:14,UNVR,RG,3690,81,D,BB,YP,D
14:49:13,UNVR,RG,3690,1,D,AK,YP,D
14:49:13,UNVR,RG,3690,1,D,AK,YP,D
14:49:12,UNVR,RG,3690,67,D,DR,YP,D
14:49:10,UNVR,RG,3690,1,D,BB,YP,D
14:49:05,UNVR,RG,3690,4,F,CS,YP,D
14:49:05,UNVR,RG,3690,27,D,YP,YP,D
14:49:05,UNVR,RG,3680,100,D,BB,YB,D
14:49:04,UNVR,RG,3690,3,D,NI,YP,D
14:49:04,UNVR,RG,3690,267,D,BB,YP,D
14:49:04,UNVR,RG,3680,42,D,BB,YP,D
14:49:04,UNVR,RG,3680,6,D,YP,YP,D
14:49:00,UNVR,RG,3690,3,D,PD,YP,D
14:48:59,UNVR,RG,3680,4,D,YP,CC,D
14:48:59,UNVR,RG,3680,10,D,XL,CC,D
14:48:59,UNVR,RG,3680,10,D,BQ,CC,D
14:48:59,UNVR,RG,3680,22,F,AK,CC,D
14:48:59,UNVR,RG,3680,14,D,EP,CC,D
14:48:59,UNVR,RG,3680,2,F,AK,CC,D
14:48:59,UNVR,RG,3680,11,D,CC,CC,D
14:48:59,UNVR,RG,3680,20,D,NI,CC,D
14:48:59,UNVR,RG,3680,7,F,AK,CC,D
14:48:59,UNVR,RG,3690,23,D,BB,YP,D
14:48:58,UNVR,RG,3690,25,D,PD,YP,D
14:48:58,UNVR,RG,3680,19,F,AK,TP,D
14:48:57,UNVR,RG,3690,5,F,AK,YP,D
14:48:57,UNVR,RG,3690,1,D,PD,YP,D
14:48:57,UNVR,RG,3690,36,F,AK,YP,D
14:48:52,UNVR,RG,3680,2,F,AK,ZP,F
14:48:52,UNVR,RG,3690,41,D,BB,YP,D
14:48:52,UNVR,RG,3680,1,F,AK,XL,D
14:48:51,UNVR,RG,3690,30,D,KK,YP,D
14:48:50,UNVR,RG,3690,217,D,BB,YP,D
14:48:45,UNVR,RG,3690,7,F,AK,YP,D
14:48:45,UNVR,RG,3690,1,F,AK,YP,D
14:48:43,UNVR,RG,3690,4,D,AK,YP,D
14:48:40,UNVR,RG,3690,18,D,BB,YP,D
14:48:40,UNVR,RG,3690,282,D,BB,YP,D
14:48:40,UNVR,RG,3690,1,D,YP,YP,D
14:48:39,UNVR,RG,3680,5,F,AK,PD,D
14:48:37,UNVR,RG,3690,33,D,CC,YP,D
14:48:37,UNVR,RG,3690,2,F,CS,YP,D
14:48:36,UNVR,RG,3690,3,F,CS,YP,D
14:48:34,UNVR,RG,3690,43,D,BB,YP,D
14:48:31,UNVR,RG,3690,33,D,CC,YP,D
14:48:30,UNVR,RG,3680,2,F,AK,PD,D
14:48:28,UNVR,RG,3690,1,D,AK,YP,D
14:48:26,UNVR,RG,3680,25,F,AK,KK,D
14:48:26,UNVR,RG,3690,109,D,BB,YP,D
14:48:25,UNVR,RG,3680,31,F,AK,BK,F
14:48:22,UNVR,RG,3690,4,D,BB,YP,D
14:48:20,UNVR,RG,3690,51,D,AI,YP,D
14:48:20,UNVR,RG,3690,198,D,BB,YP,D
14:48:19,UNVR,RG,3680,16,F,AK,BK,F
14:48:19,UNVR,RG,3690,11,D,YP,YP,D
14:48:19,UNVR,RG,3690,15,D,PC,YP,D
14:48:17,UNVR,RG,3680,36,F,AK,BK,F
14:48:17,UNVR,RG,3680,1,F,AK,XC,D
14:48:16,UNVR,RG,3690,50,D,PD,YP,D
14:48:14,UNVR,RG,3690,6,D,YP,YP,D
14:48:13,UNVR,RG,3690,103,F,AK,YP,D
14:48:12,UNVR,RG,3680,40,F,AK,BK,F
14:48:12,UNVR,RG,3680,1,D,XC,BK,F
14:48:12,UNVR,RG,3680,2,F,AK,BK,F
14:48:12,UNVR,RG,3680,5,D,BB,BK,F
14:48:12,UNVR,RG,3680,2,D,BB,NI,D
14:48:12,UNVR,RG,3690,20,D,EP,YP,D
14:48:11,UNVR,RG,3680,3,D,BB,ZP,F
14:48:10,UNVR,RG,3690,12,D,BB,YP,D
14:48:10,UNVR,RG,3690,20,D,BB,NI,D
14:48:10,UNVR,RG,3690,195,D,BB,DR,D
14:48:09,UNVR,RG,3680,5,D,BB,DH,D
14:48:09,UNVR,RG,3690,1,D,AK,DR,D
14:48:09,UNVR,RG,3680,32,D,BB,BK,F
14:48:09,UNVR,RG,3680,24,D,BB,BK,F
14:48:09,UNVR,RG,3690,11,D,YP,DR,D
14:48:08,UNVR,RG,3680,2,D,BB,CC,D
14:48:08,UNVR,RG,3680,1,D,BB,DR,D
14:48:06,UNVR,RG,3680,146,D,BB,BK,F
14:48:06,UNVR,RG,3690,210,D,BB,DR,D
14:48:05,UNVR,RG,3690,1,D,PD,DR,D
14:48:02,UNVR,RG,3690,6,F,CS,DR,D
14:48:01,UNVR,RG,3690,852,D,YP,DR,D
14:48:01,UNVR,RG,3680,72,D,BB,KZ,D
14:47:59,UNVR,RG,3690,40,D,EP,DR,D
14:47:58,UNVR,RG,3680,15,D,BB,BK,F
14:47:57,UNVR,RG,3690,8,D,XL,DR,D
14:47:56,UNVR,RG,3680,50,D,BB,DX,F
14:47:54,UNVR,RG,3680,5,D,BB,CC,D
14:47:53,UNVR,RG,3690,10,D,YP,DR,D
14:47:53,UNVR,RG,3690,10,D,NI,DR,D
14:47:50,UNVR,RG,3680,16,D,BB,BK,F
14:47:44,UNVR,RG,3680,36,D,BB,BK,F
14:47:41,UNVR,RG,3690,310,D,BB,DR,D
14:47:38,UNVR,RG,3680,125,D,BB,NI,D
14:47:38,UNVR,RG,3690,1,D,CC,DR,D
14:47:31,UNVR,RG,3680,33,D,BB,KK,D
14:47:31,UNVR,RG,3680,3,D,AK,KK,D
14:47:31,UNVR,RG,3680,124,F,AK,KK,D
14:47:29,UNVR,RG,3680,22,F,AK,CC,D
14:47:29,UNVR,RG,3680,18,D,AI,CC,D
14:47:25,UNVR,RG,3690,150,D,PD,DR,D
14:47:24,UNVR,RG,3690,30,D,LG,DR,D
14:47:21,UNVR,RG,3680,25,D,AI,DX,D
14:47:19,UNVR,RG,3690,1,D,XL,DR,D
14:47:17,UNVR,RG,3690,3,D,NI,DR,D
14:47:15,UNVR,RG,3680,5,D,AI,OD,D
14:47:13,UNVR,RG,3690,2,D,XC,DR,D
14:47:12,UNVR,RG,3690,1,D,XC,DR,D
14:47:11,UNVR,RG,3690,5,D,YP,DR,D
14:47:09,UNVR,RG,3680,3,D,AI,SQ,D
14:47:09,UNVR,RG,3690,10,D,PD,DR,D
14:47:08,UNVR,RG,3680,10,D,AI,PD,D
14:47:08,UNVR,RG,3680,3,D,AI,NI,D
14:47:04,UNVR,RG,3690,143,D,BB,DR,D
14:47:04,UNVR,RG,3690,20,D,BB,PD,D
14:47:04,UNVR,RG,3690,1,D,BB,YP,D
14:47:04,UNVR,RG,3690,1,D,BB,AK,F
14:47:04,UNVR,RG,3690,10,D,BB,YP,D
14:47:04,UNVR,RG,3690,5,D,BB,AT,D
14:47:04,UNVR,RG,3690,15,D,BB,PD,D
14:47:04,UNVR,RG,3690,37,D,BB,EP,D
14:47:00,UNVR,RG,3680,19,D,AI,DH,D
14:46:57,UNVR,RG,3690,5,D,PD,EP,D
14:46:56,UNVR,RG,3680,1,D,AI,XC,D
14:46:55,UNVR,RG,3680,5,D,AI,YU,D
14:46:55,UNVR,RG,3690,3,D,PD,EP,D
14:46:48,UNVR,RG,3680,8,D,AI,LG,D
14:46:46,UNVR,RG,3690,1,D,YP,EP,D
14:46:46,UNVR,RG,3680,1,D,AI,CC,D
14:46:45,UNVR,RG,3680,1,D,AI,ZP,D
14:46:43,UNVR,RG,3690,17,D,SQ,EP,D
14:46:42,UNVR,RG,3690,20,D,EP,EP,D
14:46:35,UNVR,RG,3680,1,D,AI,XC,D
14:46:34,UNVR,RG,3680,10,D,YB,CC,D
14:46:34,UNVR,RG,3680,10,D,KK,CC,D
14:46:33,UNVR,RG,3690,20,D,CP,EP,D
14:46:33,UNVR,RG,3690,2,D,PD,EP,D
14:46:31,UNVR,RG,3690,5,D,CC,EP,D
14:46:30,UNVR,RG,3680,1,D,KK,ZP,D
14:46:30,UNVR,RG,3690,9,F,AK,EP,D
14:46:24,UNVR,RG,3690,131,D,PD,EP,D
14:46:24,UNVR,RG,3690,6,D,PD,NI,D
14:46:24,UNVR,RG,3690,23,D,PD,YP,D
14:46:24,UNVR,RG,3690,5,D,PD,CC,D
14:46:24,UNVR,RG,3690,16,D,PD,CC,D
14:46:24,UNVR,RG,3690,100,D,PD,YJ,D
14:46:24,UNVR,RG,3690,375,D,PD,PD,D
14:46:24,UNVR,RG,3690,3,D,PD,NI,D
14:46:24,UNVR,RG,3690,3,D,PD,PD,D
14:46:24,UNVR,RG,3690,84,D,PD,KZ,D
14:46:24,UNVR,RG,3690,50,D,PD,YP,D
14:46:24,UNVR,RG,3690,204,D,PD,NI,D
14:46:17,UNVR,RG,3690,20,D,NI,NI,D
14:46:16,UNVR,RG,3680,4,D,KK,XC,D
14:46:16,UNVR,RG,3680,5,D,KK,XC,D
14:46:16,UNVR,RG,3680,6,D,DH,XC,D
14:46:16,UNVR,RG,3680,17,D,EP,XC,D
14:46:14,UNVR,RG,3690,1000,D,CC,NI,D
14:46:13,UNVR,RG,3680,3,D,EP,XC,D
14:46:13,UNVR,RG,3680,3,D,AZ,XC,D
14:46:13,UNVR,RG,3680,1,D,XL,XC,D
14:46:13,UNVR,RG,3680,18,D,SQ,XC,D
14:46:09,UNVR,RG,3690,50,D,AI,NI,D
14:46:08,UNVR,RG,3680,1,D,SQ,AZ,D
14:46:07,UNVR,RG,3690,15,D,PD,NI,D
14:46:03,UNVR,RG,3690,1,D,PD,NI,D
14:46:03,UNVR,RG,3690,137,D,PD,NI,D
14:46:03,UNVR,RG,3690,1,D,PD,NI,D
14:46:03,UNVR,RG,3690,4,D,PD,DR,D
14:46:03,UNVR,RG,3690,10,D,PD,DX,D
14:46:03,UNVR,RG,3690,12,D,PD,RO,D
14:46:03,UNVR,RG,3690,1,D,PD,YP,D
14:46:03,UNVR,RG,3690,3,D,PD,NI,D
14:46:03,UNVR,RG,3690,1,D,PD,XC,D
14:46:03,UNVR,RG,3690,25,D,PD,KZ,D
14:46:03,UNVR,RG,3690,5,D,PD,AI,D
14:46:03,UNVR,RG,3690,79,D,PD,NI,D
14:46:00,UNVR,RG,3690,2,F,AK,NI,D
14:46:00,UNVR,RG,3690,1,D,PD,NI,D
14:45:56,UNVR,RG,3690,1,D,XC,NI,D
14:45:52,UNVR,RG,3690,20,D,EP,NI,D
14:45:52,UNVR,RG,3690,4,D,XC,NI,D
14:45:51,UNVR,RG,3690,1,D,YP,NI,D
14:45:48,UNVR,RG,3690,196,D,FZ,NI,D
14:45:48,UNVR,RG,3690,2,D,FZ,DH,D
14:45:48,UNVR,RG,3690,23,D,FZ,PD,D
14:45:48,UNVR,RG,3690,5,D,FZ,HP,D
14:45:48,UNVR,RG,3690,1,D,FZ,PD,D
14:45:48,UNVR,RG,3690,1,D,FZ,CC,D
14:45:48,UNVR,RG,3690,5,D,FZ,PD,D
14:45:48,UNVR,RG,3690,1767,D,FZ,OD,D
14:45:47,UNVR,RG,3680,3,D,SQ,KK,D
14:45:46,UNVR,RG,3680,1,D,SQ,PD,D
14:45:41,UNVR,RG,3690,6,D,AO,OD,D
14:45:41,UNVR,RG,3680,27,D,SQ,PC,D
14:45:41,UNVR,RG,3680,2,D,YP,PC,D
14:45:41,UNVR,RG,3680,5,D,YP,PC,D
14:45:41,UNVR,RG,3680,2,D,XC,PC,D
14:45:41,UNVR,RG,3680,13,D,YP,PC,D
14:45:41,UNVR,RG,3680,100,D,AZ,PC,D
14:45:41,UNVR,RG,3680,5,D,YP,PC,D
14:45:41,UNVR,RG,3680,2,D,YP,PC,D
14:45:41,UNVR,RG,3680,3,D,YP,PC,D
14:45:41,UNVR,RG,3680,1,D,CC,PC,D
14:45:41,UNVR,RG,3680,12,D,XC,PC,D
14:45:41,UNVR,RG,3680,10,D,YP,PC,D
14:45:41,UNVR,RG,3680,1,D,SQ,PC,D
14:45:41,UNVR,RG,3680,1,D,LG,PC,D
14:45:41,UNVR,RG,3680,1,D,CC,PC,D
14:45:41,UNVR,RG,3680,1,D,PD,PC,D
14:45:41,UNVR,RG,3680,14,D,SQ,PC,D
14:45:39,UNVR,RG,3690,1227,D,CC,OD,D
14:45:39,UNVR,RG,3690,10,D,CC,PD,D
14:45:39,UNVR,RG,3690,30,D,CC,XC,D
14:45:39,UNVR,RG,3690,10,D,CC,CC,D
14:45:39,UNVR,RG,3690,2,D,CC,YP,D
14:45:39,UNVR,RG,3690,10,D,CC,SQ,D
14:45:39,UNVR,RG,3690,5,D,CC,HP,D
14:45:39,UNVR,RG,3690,50,D,CC,YP,F
14:45:39,UNVR,RG,3690,1,D,CC,GR,D
14:45:39,UNVR,RG,3690,10,D,CC,CC,D
14:45:39,UNVR,RG,3690,2,D,CC,AK,F
14:45:39,UNVR,RG,3690,1,D,CC,DX,D
14:45:39,UNVR,RG,3690,1,D,CC,NI,D
14:45:39,UNVR,RG,3690,100,D,CC,YP,D
14:45:39,UNVR,RG,3690,2,D,CC,YP,D
14:45:39,UNVR,RG,3690,500,D,CC,DH,D
14:45:39,UNVR,RG,3690,20,D,CC,SQ,D
14:45:39,UNVR,RG,3690,2,D,CC,KK,D
14:45:39,UNVR,RG,3690,10,D,CC,SQ,D
14:45:39,UNVR,RG,3690,100,D,CC,GR,D
14:45:39,UNVR,RG,3690,20,D,CC,YP,D
14:45:39,UNVR,RG,3690,1,D,CC,CC,D
14:45:39,UNVR,RG,3690,1,D,CC,YP,D
14:45:39,UNVR,RG,3690,2,D,CC,ZP,F
14:45:39,UNVR,RG,3690,1,D,CC,OD,D
14:45:39,UNVR,RG,3690,10,D,CC,YP,D
14:45:39,UNVR,RG,3690,4,D,CC,KK,D
14:45:39,UNVR,RG,3690,1,D,CC,AG,D
14:45:39,UNVR,RG,3690,31,D,CC,PD,D
14:45:39,UNVR,RG,3690,276,D,CC,YP,D
14:45:39,UNVR,RG,3690,560,D,CC,CC,D
14:45:38,UNVR,RG,3680,25,D,SQ,PD,D
14:45:36,UNVR,RG,3690,4,D,XC,CC,D
14:45:29,UNVR,RG,3690,8,D,HP,CC,D
14:45:27,UNVR,RG,3680,11,D,SQ,DH,D
14:45:26,UNVR,RG,3680,2,D,AK,PD,D
14:45:26,UNVR,RG,3680,1,D,XL,PD,D
14:45:26,UNVR,RG,3680,1,F,AK,PD,D
14:45:26,UNVR,RG,3680,16,F,CS,PD,D
14:45:25,UNVR,RG,3690,85,D,HP,CC,D
14:45:24,UNVR,RG,3680,4,F,CS,PD,D
14:45:23,UNVR,RG,3680,3,F,CS,ZP,F
14:45:23,UNVR,RG,3680,2,F,CS,ZP,F
14:45:21,UNVR,RG,3690,20,D,PD,CC,D
14:45:18,UNVR,RG,3690,20,D,YP,CC,D
14:45:16,UNVR,RG,3680,25,F,CS,YP,D
14:45:15,UNVR,RG,3690,28,D,PD,CC,D
14:45:14,UNVR,RG,3680,29,F,CS,LG,D
14:45:13,UNVR,RG,3680,2,F,CS,DH,D
14:45:12,UNVR,RG,3680,1,F,CS,YP,D
14:45:10,UNVR,RG,3680,21,F,CS,LG,D
14:45:10,UNVR,RG,3680,4,D,DR,LG,D
14:45:08,UNVR,RG,3690,4,D,XC,CC,D
14:45:03,UNVR,RG,3680,5,D,DR,CC,D
14:44:58,UNVR,RG,3680,1,D,DR,DH,D
14:44:58,UNVR,RG,3680,10,D,DR,KK,D
14:44:56,UNVR,RG,3680,1,D,KK,CC,D
14:44:56,UNVR,RG,3680,10,F,CS,CC,D
14:44:56,UNVR,RG,3680,2,F,AK,CC,D
14:44:56,UNVR,RG,3680,100,F,NI,CC,D
14:44:56,UNVR,RG,3680,5,D,YP,CC,D
14:44:56,UNVR,RG,3680,60,D,NI,CC,D
14:44:56,UNVR,RG,3680,3,D,PD,CC,D
14:44:56,UNVR,RG,3680,119,F,CS,CC,D
14:44:52,UNVR,RG,3680,29,F,CS,AO,D
14:44:52,UNVR,RG,3680,173,D,BB,AO,D
14:44:52,UNVR,RG,3680,5,D,YP,AO,D
14:44:52,UNVR,RG,3680,5,D,PD,AO,D
14:44:52,UNVR,RG,3680,10,F,AG,AO,D
14:44:52,UNVR,RG,3680,5,D,YP,AO,D
14:44:52,UNVR,RG,3680,2,D,AK,AO,D
14:44:52,UNVR,RG,3680,15,D,BB,AO,D
14:44:52,UNVR,RG,3680,37,F,AK,AO,D
14:44:52,UNVR,RG,3680,2,F,AK,AO,D
14:44:52,UNVR,RG,3680,624,F,AK,AO,D
14:44:52,UNVR,RG,3680,93,D,BB,AO,D
14:44:51,UNVR,RG,3690,1,D,PD,CC,D
14:44:50,UNVR,RG,3690,3,D,PD,CC,D
14:44:50,UNVR,RG,3680,3,D,BB,ZP,D
14:44:49,UNVR,RG,3680,28,D,BB,KK,D
14:44:45,UNVR,RG,3680,15,D,BB,PD,D
14:44:41,UNVR,RG,3680,7,D,BB,GR,D
14:44:41,UNVR,RG,3680,3,D,BB,YP,D
14:44:40,UNVR,RG,3680,8,D,BB,YP,D
14:44:38,UNVR,RG,3680,1,D,BB,PD,D
14:44:37,UNVR,RG,3680,4,D,BB,YP,D
14:44:34,UNVR,RG,3690,25,D,YP,CC,D
14:44:33,UNVR,RG,3690,1,D,CC,CC,D
14:44:31,UNVR,RG,3680,31,D,BB,YP,D
14:44:28,UNVR,RG,3680,30,D,BB,PD,D
14:44:27,UNVR,RG,3690,2,D,PD,CC,D
14:44:26,UNVR,RG,3680,2,D,BB,PD,D
14:44:24,UNVR,RG,3680,125,D,BB,CC,D
14:44:23,UNVR,RG,3680,35,D,BB,XC,D
14:44:21,UNVR,RG,3680,20,D,BB,DH,D
14:44:21,UNVR,RG,3680,5,D,BB,YP,D
14:44:15,UNVR,RG,3690,10,D,NI,CC,D
14:44:15,UNVR,RG,3690,229,D,BB,CC,D
14:44:15,UNVR,RG,3690,4,D,BB,YP,D
14:44:15,UNVR,RG,3690,5,D,BB,DH,D
14:44:15,UNVR,RG,3690,200,D,BB,GR,D
14:44:15,UNVR,RG,3690,1,D,BB,YP,D
14:44:15,UNVR,RG,3690,37,D,BB,RO,D
14:44:13,UNVR,RG,3680,1,D,BB,XC,D
14:44:12,UNVR,RG,3680,2,D,BB,ZP,F
14:44:12,UNVR,RG,3680,25,D,BB,YU,D
14:44:12,UNVR,RG,3680,5,F,CS,YU,D
14:44:06,UNVR,RG,3680,56,F,CS,EP,D
14:44:06,UNVR,RG,3680,185,F,CS,EP,D
14:44:06,UNVR,RG,3680,5,D,YP,EP,D
14:44:06,UNVR,RG,3680,4,D,PD,EP,D
14:44:06,UNVR,RG,3690,5,D,DX,RO,D
14:44:05,UNVR,RG,3680,5,D,PD,PD,D
14:44:02,UNVR,RG,3680,1,D,PD,PD,D
14:43:57,UNVR,RG,3680,31,D,PD,PD,D
14:43:48,UNVR,RG,3680,3,D,PD,ZP,D
14:43:44,UNVR,RG,3690,5,D,YP,RO,D
14:43:41,UNVR,RG,3680,1,D,PD,PD,D
14:43:40,UNVR,RG,3690,5,D,KK,RO,D
14:43:39,UNVR,RG,3680,10,D,PD,CC,D
14:43:38,UNVR,RG,3680,2,D,PD,YP,D
14:43:35,UNVR,RG,3690,210,D,BB,RO,D
14:43:35,UNVR,RG,3680,1,D,PD,XC,D
14:43:31,UNVR,RG,3690,38,D,SQ,RO,D
14:43:31,UNVR,RG,3690,12,D,SQ,CC,D
14:43:31,UNVR,RG,3680,3,D,PD,YP,D
14:43:25,UNVR,RG,3690,3,D,BB,CC,D
14:43:25,UNVR,RG,3690,300,D,BB,NI,D
14:43:25,UNVR,RG,3690,252,D,BB,DH,D
14:43:21,UNVR,RG,3690,248,D,PD,DH,D
14:43:21,UNVR,RG,3690,10,D,PD,CC,D
14:43:21,UNVR,RG,3690,100,D,PD,XA,D
14:43:21,UNVR,RG,3690,16,D,PD,AZ,D
14:43:21,UNVR,RG,3690,10,D,PD,CC,D
14:43:21,UNVR,RG,3690,5,D,PD,YP,D
14:43:21,UNVR,RG,3690,56,D,PD,PD,D
14:43:19,UNVR,RG,3690,42,D,AI,PD,D
14:43:19,UNVR,RG,3690,8,D,AI,AI,D
14:43:11,UNVR,RG,3690,17,D,YP,AI,D
14:43:11,UNVR,RG,3690,1,D,YP,SQ,D
14:43:10,UNVR,RG,3680,1,D,PD,XL,D
14:43:09,UNVR,RG,3680,50,D,PD,YP,D
14:43:08,UNVR,RG,3680,1,D,PD,DH,D
14:43:01,UNVR,RG,3690,1,D,XL,SQ,D
14:42:58,UNVR,RG,3680,33,D,PD,XC,D
14:42:57,UNVR,RG,3680,7,D,PD,CC,D
14:42:53,UNVR,RG,3690,2,D,PD,SQ,D
14:42:51,UNVR,RG,3690,2,D,XC,SQ,D
14:42:49,UNVR,RG,3690,1,D,CC,PD,D
14:42:49,UNVR,RG,3690,1,D,CC,YB,D
14:42:49,UNVR,RG,3690,10,D,CC,SQ,D
14:42:49,UNVR,RG,3690,4,D,CC,ZP,F
14:42:49,UNVR,RG,3690,1,D,CC,RO,D
14:42:49,UNVR,RG,3690,1,D,CC,DX,D
14:42:49,UNVR,RG,3690,2,D,CC,SQ,D
14:42:49,UNVR,RG,3690,2,D,CC,PD,D
14:42:49,UNVR,RG,3690,30,D,CC,NI,D
14:42:49,UNVR,RG,3690,15,D,CC,XC,D
14:42:49,UNVR,RG,3690,3,D,CC,NI,D
14:42:49,UNVR,RG,3690,10,D,CC,CC,D
14:42:49,UNVR,RG,3690,1,D,CC,YP,D
14:42:49,UNVR,RG,3690,5,D,CC,YP,D
14:42:49,UNVR,RG,3690,2,D,CC,CC,D
14:42:49,UNVR,RG,3690,20,D,CC,EP,D
14:42:49,UNVR,RG,3690,20,D,CC,CC,D
14:42:49,UNVR,RG,3690,22,D,CC,YP,D
14:42:46,UNVR,RG,3690,57,D,YP,YP,D
14:42:42,UNVR,RG,3690,5,D,YP,YP,D
14:42:35,UNVR,RG,3690,1,D,XC,YP,D
14:42:30,UNVR,RG,3690,115,D,BB,YP,D
14:42:30,UNVR,RG,3690,1,D,BB,YP,D
14:42:30,UNVR,RG,3690,10,D,BB,YP,D
14:42:30,UNVR,RG,3690,5,D,BB,YP,D
14:42:30,UNVR,RG,3690,1,D,BB,XC,D
14:42:30,UNVR,RG,3690,25,D,BB,LG,D
14:42:30,UNVR,RG,3690,3,D,BB,CC,D
14:42:30,UNVR,RG,3690,20,D,BB,YP,D
14:42:30,UNVR,RG,3690,10,D,BB,NI,D
14:42:30,UNVR,RG,3690,7,D,BB,NI,D
14:42:30,UNVR,RG,3690,95,D,BB,DH,D
14:42:30,UNVR,RG,3690,2,D,BB,YP,D
14:42:30,UNVR,RG,3690,10,D,BB,YP,D
14:42:30,UNVR,RG,3690,15,D,BB,YP,D
14:42:30,UNVR,RG,3690,1,D,BB,PD,D
14:42:30,UNVR,RG,3690,20,D,BB,KK,D
14:42:30,UNVR,RG,3690,5,D,BB,NI,D
14:42:30,UNVR,RG,3690,162,D,BB,NI,D
14:42:30,UNVR,RG,3690,5,D,BB,NI,D
14:42:30,UNVR,RG,3690,5,D,BB,PD,D
14:42:30,UNVR,RG,3690,1,D,BB,SQ,D
14:42:30,UNVR,RG,3690,1,D,BB,XC,D
14:42:30,UNVR,RG,3690,2,D,BB,PD,D
14:42:30,UNVR,RG,3690,10,D,BB,NI,D
14:42:30,UNVR,RG,3690,5,D,BB,XC,D
14:42:30,UNVR,RG,3690,1,D,BB,OD,F
14:42:30,UNVR,RG,3690,1,D,BB,CC,D
14:42:30,UNVR,RG,3690,1,D,BB,CC,D
14:42:30,UNVR,RG,3690,5,D,BB,NI,D
14:42:30,UNVR,RG,3690,256,D,BB,AG,D
14:42:29,UNVR,RG,3680,70,D,PD,YP,D
14:42:27,UNVR,RG,3680,25,D,PD,ZP,D
14:42:24,UNVR,RG,3680,5,D,PD,PD,D
14:42:24,UNVR,RG,3680,58,D,PD,YU,D
14:42:24,UNVR,RG,3680,1,D,XC,YU,D
14:42:24,UNVR,RG,3680,5,D,YP,YU,D
14:42:24,UNVR,RG,3680,4,D,PD,YU,D
14:42:24,UNVR,RG,3680,10,D,KK,YU,D
14:42:24,UNVR,RG,3680,22,D,BB,YU,D
14:42:21,UNVR,RG,3680,3,D,BB,XC,D
14:42:20,UNVR,RG,3690,7,D,CP,AG,D
14:42:16,UNVR,RG,3680,25,D,BB,CC,D
14:42:15,UNVR,RG,3690,10,D,NI,AG,D
14:42:13,UNVR,RG,3690,2,D,YP,AG,D
14:42:11,UNVR,RG,3680,1,D,BB,XL,D
14:42:11,UNVR,RG,3680,2,D,BB,XC,D
14:42:11,UNVR,RG,3680,5,D,BB,EL,D
14:42:06,UNVR,RG,3680,30,D,BB,NI,D
14:42:06,UNVR,RG,3680,5,D,BB,PD,D
14:42:02,UNVR,RG,3680,22,D,BB,YJ,D
14:42:02,UNVR,RG,3680,2,D,BB,ZP,F
14:41:50,UNVR,RG,3680,1,D,BB,GR,D
14:41:49,UNVR,RG,3680,10,D,BB,CC,D
14:41:49,UNVR,RG,3680,59,D,BB,XC,D
14:41:46,UNVR,RG,3680,1,D,BB,PD,D
14:41:44,UNVR,RG,3670,12,D,BB,SQ,D
14:41:44,UNVR,RG,3680,188,D,BB,SQ,D
14:41:43,UNVR,RG,3690,25,D,BB,AG,D
14:41:43,UNVR,RG,3690,2,D,BB,XC,D
14:41:43,UNVR,RG,3690,10,D,BB,CC,D
14:41:43,UNVR,RG,3690,10,D,BB,YP,D
14:41:43,UNVR,RG,3690,50,D,BB,PD,D
14:41:43,UNVR,RG,3690,2,D,BB,XL,D
14:41:43,UNVR,RG,3690,5,D,BB,YU,D
14:41:43,UNVR,RG,3690,3,D,BB,PD,D
14:41:43,UNVR,RG,3690,10,D,BB,LS,D
14:41:43,UNVR,RG,3690,1,D,BB,XC,D
14:41:43,UNVR,RG,3690,3,D,BB,EP,D
14:41:43,UNVR,RG,3690,1,D,BB,XC,D
14:41:43,UNVR,RG,3690,1,D,BB,ZP,D
14:41:43,UNVR,RG,3690,159,D,BB,PD,D
14:41:42,UNVR,RG,3680,111,D,BB,KZ,D
14:41:42,UNVR,RG,3680,2,D,BB,YP,D
14:41:42,UNVR,RG,3680,10,D,BB,DR,D
14:41:42,UNVR,RG,3680,270,D,BB,YP,D
14:41:41,UNVR,RG,3680,1,D,DR,YP,D
14:41:40,UNVR,RG,3680,5,D,YP,YP,D
14:41:36,UNVR,RG,3680,5,D,CC,YP,D
14:41:36,UNVR,RG,3680,1,D,XC,YP,D
14:41:36,UNVR,RG,3680,4,D,BB,YP,D
14:41:36,UNVR,RG,3680,9,D,BB,AT,D
14:41:34,UNVR,RG,3680,4,D,BB,NI,D
14:41:34,UNVR,RG,3680,8,F,CS,NI,D
14:41:34,UNVR,RG,3680,4,F,CS,NI,D
14:41:34,UNVR,RG,3680,14,F,CS,NI,D
14:41:34,UNVR,RG,3680,2,F,CS,AZ,D
14:41:34,UNVR,RG,3680,33,F,CS,CC,D
14:41:34,UNVR,RG,3680,39,D,BB,CC,D
14:41:34,UNVR,RG,3680,61,F,CS,CC,D
14:41:34,UNVR,RG,3680,2,D,CC,CC,D
14:41:34,UNVR,RG,3680,24,D,BB,CC,D
14:41:34,UNVR,RG,3680,20,D,YP,CC,D
14:41:34,UNVR,RG,3680,15,F,CS,CC,D
14:41:31,UNVR,RG,3680,1,F,CS,CC,D
14:41:31,UNVR,RG,3690,210,D,BB,PD,D
14:41:28,UNVR,RG,3680,70,F,CS,XL,D
14:41:28,UNVR,RG,3680,20,D,YP,XL,D
14:41:28,UNVR,RG,3680,5,D,YP,XL,D
14:41:28,UNVR,RG,3680,2,D,XC,XL,D
14:41:28,UNVR,RG,3680,87,D,NI,XL,D
14:41:28,UNVR,RG,3680,3,D,AK,XL,D
14:41:28,UNVR,RG,3680,66,D,EP,XL,D
14:41:27,UNVR,RG,3680,5,D,EP,RO,D
14:41:27,UNVR,RG,3680,23,D,EP,CC,D
14:41:27,UNVR,RG,3680,3,D,AK,CC,D
14:41:27,UNVR,RG,3680,1,D,YP,CC,D
14:41:27,UNVR,RG,3680,50,D,AI,CC,D
14:41:27,UNVR,RG,3680,1,D,PD,CC,D
14:41:27,UNVR,RG,3680,15,D,DX,CC,D
14:41:27,UNVR,RG,3680,1,D,YP,CC,D
14:41:27,UNVR,RG,3680,6,D,DR,CC,D
14:41:26,UNVR,RG,3680,1,D,DR,YU,D
14:41:25,UNVR,RG,3680,5,D,DR,CC,D
14:41:25,UNVR,RG,3680,1,D,DR,DX,D
14:41:23,UNVR,RG,3680,12,D,DR,TP,D
14:41:23,UNVR,RG,3680,3,D,YP,TP,D
14:41:23,UNVR,RG,3680,13,D,YP,TP,D
14:41:22,UNVR,RG,3680,27,D,YP,CC,D
14:41:22,UNVR,RG,3680,9,F,CS,CC,D
14:41:21,UNVR,RG,3680,3,F,CS,SQ,D
14:41:21,UNVR,RG,3680,1,F,CS,PD,D
14:41:18,UNVR,RG,3680,2,F,CS,XC,D
14:41:14,UNVR,RG,3680,7,F,CS,DX,D
14:41:14,UNVR,RG,3680,12,D,BB,DX,D
14:41:13,UNVR,RG,3680,1,D,BB,PD,D
14:41:13,UNVR,RG,3680,1,D,BB,CC,D
14:41:13,UNVR,RG,3680,2,F,CS,CC,D
14:41:13,UNVR,RG,3680,8,F,CS,CC,D
14:41:13,UNVR,RG,3680,22,F,CS,CC,D
14:41:13,UNVR,RG,3680,10,D,YP,CC,D
14:41:06,UNVR,RG,3680,1,D,YP,XC,D
14:41:05,UNVR,RG,3680,3,D,YP,YU,D
14:41:03,UNVR,RG,3680,3,D,YP,SQ,D
14:41:03,UNVR,RG,3680,5,D,YP,ZP,D
14:41:02,UNVR,RG,3680,1,D,YP,XC,D
14:41:02,UNVR,RG,3680,400,D,YP,SQ,D
14:41:02,UNVR,RG,3680,1,D,YP,XC,D
14:41:02,UNVR,RG,3680,25,D,YP,CC,D
14:41:02,UNVR,RG,3680,3,D,YP,PD,D
14:41:02,UNVR,RG,3680,1,D,YP,PD,D
14:41:02,UNVR,RG,3680,150,D,YP,YP,D
14:41:02,UNVR,RG,3680,80,D,YP,YP,D
14:41:02,UNVR,RG,3680,1,D,YP,YP,D
14:41:02,UNVR,RG,3680,10,D,YP,TP,D
14:41:02,UNVR,RG,3680,19,D,YP,YP,D
14:41:02,UNVR,RG,3680,1,D,YP,ZP,F
14:41:02,UNVR,RG,3680,1,D,YP,NI,D
14:41:02,UNVR,RG,3680,15,D,YP,CC,D
14:41:02,UNVR,RG,3680,3,D,YP,AK,F
14:41:02,UNVR,RG,3680,200,D,YP,CC,D
14:41:02,UNVR,RG,3680,1,D,YP,SQ,D
14:41:02,UNVR,RG,3680,1,D,YP,PD,D
14:41:02,UNVR,RG,3680,24,D,YP,KZ,D
14:41:02,UNVR,RG,3680,2,D,YP,XC,D
14:41:02,UNVR,RG,3680,18,D,YP,PD,D
14:41:02,UNVR,RG,3680,8,D,YP,CC,D
14:41:02,UNVR,RG,3680,5,D,YP,CC,D
14:41:02,UNVR,RG,3680,100,D,YP,CC,D
14:41:02,UNVR,RG,3680,1,D,YP,XC,D
14:41:02,UNVR,RG,3680,5,D,YP,PD,D
14:41:02,UNVR,RG,3680,2,D,YP,XC,D
14:41:02,UNVR,RG,3680,6,D,YP,ZP,D
14:41:02,UNVR,RG,3680,1,D,YP,YP,D
14:41:02,UNVR,RG,3680,6,D,YP,XC,D
14:41:02,UNVR,RG,3680,2,D,YP,XC,D
14:41:02,UNVR,RG,3680,20,D,YP,EP,D
14:41:02,UNVR,RG,3680,12,D,YP,CC,D
14:41:02,UNVR,RG,3680,103,D,YP,XC,D
14:41:02,UNVR,RG,3680,1,D,YP,XC,D
14:41:01,UNVR,RG,3680,13,F,BK,XC,D
14:41:01,UNVR,RG,3680,51,F,BK,YP,D
14:41:01,UNVR,RG,3680,10,F,BK,PD,D
14:41:01,UNVR,RG,3680,1,F,BK,DH,D
14:41:01,UNVR,RG,3680,175,F,BK,SQ,D
14:41:01,UNVR,RG,3680,10,D,CC,SQ,D
14:41:01,UNVR,RG,3670,1,D,BB,XL,D
14:41:00,UNVR,RG,3680,250,F,BK,SQ,D
14:40:59,UNVR,RG,3680,1565,D,CC,SQ,D
14:40:59,UNVR,RG,3680,12,D,CC,XC,D
14:40:59,UNVR,RG,3680,20,D,CC,CC,D
14:40:59,UNVR,RG,3680,2,D,CC,ZP,F
14:40:59,UNVR,RG,3680,5,D,CC,YP,D
14:40:59,UNVR,RG,3680,4,D,CC,XL,D
14:40:59,UNVR,RG,3680,5,D,CC,CC,D
14:40:59,UNVR,RG,3680,24,D,CC,KK,D
14:40:59,UNVR,RG,3680,20,D,CC,CC,D
14:40:59,UNVR,RG,3680,1,D,CC,IF,D
14:40:59,UNVR,RG,3680,5,D,CC,YP,D
14:40:59,UNVR,RG,3680,337,D,CC,TF,D
14:40:59,UNVR,RG,3670,10,D,BB,EP,D
14:40:55,UNVR,RG,3670,7,D,BB,YJ,D
14:40:54,UNVR,RG,3680,1,D,XL,TF,D
14:40:54,UNVR,RG,3670,2,D,BB,YP,D
14:40:53,UNVR,RG,3680,2,D,KK,TF,D
14:40:43,UNVR,RG,3680,1,D,XC,TF,D
14:40:39,UNVR,RG,3670,3,D,BB,XC,D
14:40:37,UNVR,RG,3670,10,D,BB,XC,D
14:40:37,UNVR,RG,3670,1,D,BB,YP,D
14:40:35,UNVR,RG,3680,2,D,PD,TF,D
14:40:33,UNVR,RG,3670,2,D,BB,PD,D
14:40:33,UNVR,RG,3670,1,D,BB,YP,D
14:40:29,UNVR,RG,3670,3,D,BB,PD,D
14:40:26,UNVR,RG,3670,76,D,BB,YP,D
14:40:26,UNVR,RG,3670,5,D,YP,YP,D
14:40:26,UNVR,RG,3670,19,F,CS,YP,D
14:40:22,UNVR,RG,3680,1,D,NI,TF,D
14:40:19,UNVR,RG,3670,2,F,CS,ZP,F
14:40:17,UNVR,RG,3670,25,F,CS,NI,D
14:40:15,UNVR,RG,3670,1,F,CS,KK,D
14:40:15,UNVR,RG,3670,1,F,CS,CC,D
14:40:14,UNVR,RG,3670,7,F,CS,PD,D
14:40:09,UNVR,RG,3670,5,F,CS,XC,D
14:40:08,UNVR,RG,3670,1,F,CS,XL,D
14:39:58,UNVR,RG,3670,1,F,CS,XC,D
14:39:54,UNVR,RG,3670,6,F,CS,DR,D
14:39:54,UNVR,RG,3670,4,D,YP,DR,D
14:39:54,UNVR,RG,3670,2,F,AK,DR,D
14:39:54,UNVR,RG,3670,288,D,BB,DR,D
14:39:48,UNVR,RG,3680,3,D,PD,TF,D
14:39:47,UNVR,RG,3680,519,D,BB,TF,D
14:39:45,UNVR,RG,3670,5,D,BB,PD,D
14:39:42,UNVR,RG,3680,2,D,PD,TF,D
14:39:37,UNVR,RG,3680,3,D,XC,TF,D
14:39:35,UNVR,RG,3670,10,D,BB,KK,D
14:39:34,UNVR,RG,3670,1,D,BB,YP,D
14:39:33,UNVR,RG,3680,3,D,NI,TF,D
14:39:27,UNVR,RG,3680,44,D,BB,TF,D
14:39:18,UNVR,RG,3670,1,D,BB,PD,D
14:39:17,UNVR,RG,3680,1,D,XC,TF,D
14:39:17,UNVR,RG,3680,1,D,YP,TF,D
14:39:14,UNVR,RG,3670,23,D,BB,LG,D
14:39:14,UNVR,RG,3670,3,D,GR,LG,D
14:39:14,UNVR,RG,3670,3,D,YP,LG,D
14:39:10,UNVR,RG,3680,100,D,SQ,TF,D
14:39:10,UNVR,RG,3680,10,D,GR,TF,D
14:39:10,UNVR,RG,3680,1,D,CC,TF,D
14:39:07,UNVR,RG,3680,1,D,XC,TF,D
14:39:05,UNVR,RG,3680,5,D,XC,TF,D
14:39:00,UNVR,RG,3680,10,D,XC,TF,D
14:38:57,UNVR,RG,3680,4,D,NI,TF,D
14:38:51,UNVR,RG,3680,30,D,NI,TF,D
14:38:44,UNVR,RG,3680,1,D,YP,TF,D
14:38:41,UNVR,RG,3680,19,D,CC,TF,D
14:38:38,UNVR,RG,3680,1,D,CC,TF,D
14:38:36,UNVR,RG,3680,1,D,XC,TF,D
14:38:36,UNVR,RG,3680,86,F,CS,TF,D
14:38:36,UNVR,RG,3680,86,F,CS,TF,D
14:38:35,UNVR,RG,3680,36,D,BB,TF,D
14:38:35,UNVR,RG,3680,2,D,YP,TF,D
14:38:35,UNVR,RG,3680,10,D,NI,TF,D
14:38:35,UNVR,RG,3680,3,D,AK,TF,D
14:38:35,UNVR,RG,3680,30,D,YP,TF,D
14:38:35,UNVR,RG,3680,4,F,CS,TF,D
14:38:35,UNVR,RG,3680,1,F,CS,TF,D
14:38:32,UNVR,RG,3680,3,F,CS,YB,D
14:38:32,UNVR,RG,3680,2,F,CS,YB,D
14:38:19,UNVR,RG,3680,2,F,CS,TP,D
14:38:19,UNVR,RG,3680,4,F,CS,TP,D
14:38:19,UNVR,RG,3680,4,D,YP,TP,D
14:38:19,UNVR,RG,3680,3,D,YP,ZP,F
14:38:19,UNVR,RG,3680,1,D,YP,XC,D
14:38:19,UNVR,RG,3680,27,D,YP,BQ,D
14:38:19,UNVR,RG,3680,35,D,YP,YP,D
14:38:19,UNVR,RG,3680,5,D,YP,CC,D
14:38:19,UNVR,RG,3680,65,D,YP,AK,F
14:38:19,UNVR,RG,3680,1,D,YP,XC,D
14:38:19,UNVR,RG,3680,1,D,YP,YP,D
14:38:19,UNVR,RG,3680,10,D,YP,DH,D
14:38:19,UNVR,RG,3680,12,D,YP,YP,D
14:38:19,UNVR,RG,3680,8,D,YP,AI,D
14:38:19,UNVR,RG,3680,14,D,YP,PD,D
14:38:19,UNVR,RG,3680,100,D,YP,PD,D
14:38:19,UNVR,RG,3680,5,D,YP,YP,D
14:38:19,UNVR,RG,3680,2,D,YP,PD,D
14:38:19,UNVR,RG,3680,3,D,YP,PD,D
14:38:19,UNVR,RG,3680,1,D,YP,EP,D
14:38:19,UNVR,RG,3680,3,D,YP,MG,D
14:38:18,UNVR,RG,3680,20,D,PD,MG,D
14:38:15,UNVR,RG,3680,10,D,XC,MG,D
14:38:15,UNVR,RG,3680,10,D,CC,MG,D
14:38:15,UNVR,RG,3680,1,D,XC,MG,D
14:38:12,UNVR,RG,3670,1,D,YP,XC,D
14:38:08,UNVR,RG,3680,2,D,YP,MG,D
14:38:08,UNVR,RG,3670,16,D,YP,SQ,D
14:38:08,UNVR,RG,3670,3,D,KK,SQ,D
14:38:08,UNVR,RG,3670,50,D,PD,SQ,D
14:38:08,UNVR,RG,3670,1,D,XC,SQ,D
14:38:08,UNVR,RG,3670,1,D,YP,SQ,D
14:38:08,UNVR,RG,3670,1,D,NI,SQ,D
14:38:08,UNVR,RG,3670,9,D,XL,SQ,D
14:38:08,UNVR,RG,3670,51,D,CC,SQ,D
14:38:08,UNVR,RG,3670,1,D,CC,SQ,D
14:38:08,UNVR,RG,3670,20,D,YP,SQ,D
14:38:08,UNVR,RG,3670,1,D,YP,SQ,D
14:38:08,UNVR,RG,3670,2,D,YP,SQ,D
14:38:08,UNVR,RG,3670,10,D,XC,SQ,D
14:38:08,UNVR,RG,3670,1,D,PD,SQ,D
14:38:08,UNVR,RG,3670,500,D,AG,SQ,D
14:38:08,UNVR,RG,3670,5,D,BQ,SQ,D
14:38:08,UNVR,RG,3670,1,D,CC,SQ,D
14:38:08,UNVR,RG,3670,1,D,YP,SQ,D
14:38:08,UNVR,RG,3670,59,D,YP,SQ,D
14:38:08,UNVR,RG,3670,1000,D,CC,SQ,D
14:38:08,UNVR,RG,3670,5,D,GR,SQ,D
14:38:08,UNVR,RG,3670,1000,D,CC,SQ,D
14:38:08,UNVR,RG,3670,2,D,OD,SQ,D
14:38:08,UNVR,RG,3670,2,D,AT,SQ,D
14:38:08,UNVR,RG,3670,2,D,YP,SQ,D
14:38:08,UNVR,RG,3670,1,D,XC,SQ,D
14:38:08,UNVR,RG,3670,35,D,BB,SQ,D
14:38:08,UNVR,RG,3670,20,D,PD,SQ,D
14:38:08,UNVR,RG,3670,5,D,YP,SQ,D
14:38:08,UNVR,RG,3670,9,D,XL,SQ,D
14:38:08,UNVR,RG,3670,171,D,YP,SQ,D
14:38:08,UNVR,RG,3670,15,D,TP,SQ,D
14:38:08,UNVR,RG,3680,6,D,PC,MG,D
14:38:07,UNVR,RG,3670,1,D,TP,EP,D
14:38:06,UNVR,RG,3680,48,D,SQ,MG,D
14:38:06,UNVR,RG,3680,20,D,SQ,YP,D
14:38:06,UNVR,RG,3680,10,D,SQ,EP,D
14:38:06,UNVR,RG,3680,1,D,SQ,PD,D
14:38:06,UNVR,RG,3680,6,D,SQ,CC,D
14:38:06,UNVR,RG,3680,94,D,SQ,KZ,D
14:38:06,UNVR,RG,3680,111,D,SQ,KK,D
14:38:04,UNVR,RG,3680,15,D,YP,KK,D
14:38:03,UNVR,RG,3670,23,D,TP,SQ,D
14:38:03,UNVR,RG,3680,10,D,AZ,KK,D
14:38:02,UNVR,RG,3670,11,D,TP,SQ,D
14:38:02,UNVR,RG,3670,4,D,XC,SQ,D
14:38:02,UNVR,RG,3670,5,D,PD,SQ,D
14:38:02,UNVR,RG,3670,1,D,PD,XC,D
14:38:01,UNVR,RG,3680,1,D,KK,KK,D
14:37:59,UNVR,RG,3680,200,D,YP,KK,D
14:37:59,UNVR,RG,3670,2,D,PD,DH,D
14:37:59,UNVR,RG,3670,1,D,YP,DH,D
14:37:59,UNVR,RG,3670,22,D,XC,DH,D
14:37:59,UNVR,RG,3670,5,D,CC,DH,D
14:37:58,UNVR,RG,3670,14,D,CC,AZ,D
14:37:49,UNVR,RG,3670,1,D,CC,XC,D
14:37:47,UNVR,RG,3680,47,D,PD,KK,D
14:37:47,UNVR,RG,3680,5,D,PD,YJ,D
14:37:47,UNVR,RG,3680,3,D,PD,ZP,F
14:37:47,UNVR,RG,3680,1,D,PD,YP,D
14:37:47,UNVR,RG,3680,389,D,PD,SQ,D
14:37:46,UNVR,RG,3680,1,D,XL,SQ,D
14:37:44,UNVR,RG,3670,1,D,CC,XC,D
14:37:44,UNVR,RG,3680,5,D,PD,SQ,D
14:37:41,UNVR,RG,3670,2,D,CC,CC,D
14:37:37,UNVR,RG,3670,1,D,CC,YP,D
14:37:36,UNVR,RG,3680,10,D,NI,SQ,D
14:37:36,UNVR,RG,3670,3,D,CC,CC,D
14:37:34,UNVR,RG,3670,5,D,CC,SQ,D
14:37:33,UNVR,RG,3680,3,D,XC,SQ,D
14:37:32,UNVR,RG,3670,8,D,CC,XC,D
14:37:32,UNVR,RG,3670,10,D,CC,OD,D
14:37:27,UNVR,RG,3670,5,D,OD,CC,D
14:37:27,UNVR,RG,3670,4,D,YP,CC,D
14:37:27,UNVR,RG,3670,1,D,XC,CC,D
14:37:27,UNVR,RG,3670,5,D,NI,CC,D
14:37:27,UNVR,RG,3670,35,F,AK,CC,D
14:37:23,UNVR,RG,3680,3,D,YP,SQ,D
14:37:23,UNVR,RG,3670,1,F,AK,PD,D
14:37:22,UNVR,RG,3680,59,D,BB,SQ,D
14:37:22,UNVR,RG,3670,10,F,AK,SQ,D
14:37:22,UNVR,RG,3680,3,D,XC,SQ,D
14:37:16,UNVR,RG,3680,5,D,YP,SQ,D
14:37:13,UNVR,RG,3680,2,D,AG,SQ,D
14:37:13,UNVR,RG,3680,3,D,NI,SQ,D
14:37:13,UNVR,RG,3680,10,D,YP,SQ,D
14:37:13,UNVR,RG,3680,10,D,HP,SQ,D
14:37:13,UNVR,RG,3680,70,D,PD,SQ,D
14:37:13,UNVR,RG,3680,1,D,XC,SQ,D
14:37:13,UNVR,RG,3680,3,D,CC,SQ,D
14:37:13,UNVR,RG,3680,10,D,CC,SQ,D
14:37:13,UNVR,RG,3680,4,D,AK,SQ,D
14:37:13,UNVR,RG,3680,10,D,PD,SQ,D
14:37:13,UNVR,RG,3680,2,D,GR,SQ,D
14:37:13,UNVR,RG,3680,10,D,XC,SQ,D
14:37:13,UNVR,RG,3680,40,D,PD,SQ,D
14:37:13,UNVR,RG,3680,25,D,HP,SQ,D
14:37:13,UNVR,RG,3680,10,D,TF,SQ,D
14:37:13,UNVR,RG,3680,1,F,AK,SQ,D
14:37:13,UNVR,RG,3680,100,D,YP,SQ,D
14:37:13,UNVR,RG,3680,44,D,XL,SQ,D
14:37:13,UNVR,RG,3680,344,D,BB,SQ,D
14:37:13,UNVR,RG,3680,5,D,YP,SQ,D
14:37:13,UNVR,RG,3680,2,F,AK,SQ,D
14:37:13,UNVR,RG,3680,2,D,PD,SQ,D
14:37:13,UNVR,RG,3680,2,D,XC,SQ,D
14:37:13,UNVR,RG,3680,1,D,YP,SQ,D
14:37:13,UNVR,RG,3680,5,D,NI,SQ,D
14:37:13,UNVR,RG,3680,2,D,PD,SQ,D
14:37:13,UNVR,RG,3680,207,F,AK,SQ,D
14:37:13,UNVR,RG,3680,25,D,BB,SQ,D
14:37:13,UNVR,RG,3680,134,D,BB,SQ,D
14:37:13,UNVR,RG,3680,268,F,CS,SQ,D
14:37:13,UNVR,RG,3680,170,F,BK,SQ,D
14:37:13,UNVR,RG,3680,1000,D,YJ,SQ,D
14:37:12,UNVR,RG,3680,10,D,NI,DR,D
14:37:03,UNVR,RG,3680,3,D,AI,ZP,D
14:36:59,UNVR,RG,3690,1,D,NI,PD,D
14:36:58,UNVR,RG,3680,3,D,AI,NI,D
14:36:51,UNVR,RG,3680,5,D,AI,SQ,D
14:36:50,UNVR,RG,3690,3,D,YU,PD,D
14:36:43,UNVR,RG,3680,12,D,AI,PD,D
14:36:39,UNVR,RG,3690,2,D,XC,PD,D
14:36:39,UNVR,RG,3680,1,D,AI,XL,D
14:36:38,UNVR,RG,3690,1,D,PD,PD,D
14:36:38,UNVR,RG,3690,2,D,XC,PD,D
14:36:36,UNVR,RG,3680,1,D,AI,DH,D
14:36:33,UNVR,RG,3690,29,D,BB,PD,D
14:36:32,UNVR,RG,3690,2,D,EP,PD,D
14:36:30,UNVR,RG,3680,10,D,AI,KK,D
14:36:28,UNVR,RG,3690,20,D,CC,PD,D
14:36:23,UNVR,RG,3690,1,D,XC,PD,D
14:36:22,UNVR,RG,3690,2,D,EP,PD,D
14:36:21,UNVR,RG,3690,1,D,PD,PD,D
14:36:17,UNVR,RG,3690,1,D,PD,PD,D
14:36:16,UNVR,RG,3690,9,D,CC,PD,D
14:36:15,UNVR,RG,3680,1,D,AI,YP,D
14:36:14,UNVR,RG,3680,5,D,AI,CC,D
14:36:11,UNVR,RG,3680,9,D,AI,YP,D
14:36:11,UNVR,RG,3680,8,F,CS,YP,D
14:36:11,UNVR,RG,3680,8,F,CS,YP,D
14:36:11,UNVR,RG,3680,25,D,XL,YP,D
14:36:11,UNVR,RG,3680,1,D,XL,XC,D
14:36:10,UNVR,RG,3690,10,D,PD,PD,D
14:36:10,UNVR,RG,3690,29,D,OD,PD,D
14:36:10,UNVR,RG,3690,10,D,OD,PD,D
14:36:10,UNVR,RG,3690,8,D,OD,PD,D
14:36:10,UNVR,RG,3690,2,D,OD,XC,D
14:36:10,UNVR,RG,3690,2,D,OD,CC,D
14:36:09,UNVR,RG,3680,1,D,XL,YP,D
14:36:08,UNVR,RG,3680,25,D,XL,CC,D
14:36:07,UNVR,RG,3680,1,D,XL,YP,D
14:36:07,UNVR,RG,3680,2,D,XL,YP,D
14:36:06,UNVR,RG,3680,2,F,AK,ZP,F
14:36:06,UNVR,RG,3680,1,F,AK,YP,D
14:36:06,UNVR,RG,3680,228,F,AK,SQ,D
14:36:06,UNVR,RG,3680,10,D,NI,SQ,D
14:36:05,UNVR,RG,3680,335,D,DH,SQ,D
14:36:05,UNVR,RG,3680,50,D,HP,SQ,D
14:36:04,UNVR,RG,3680,1,D,YP,SQ,D
14:36:03,UNVR,RG,3680,2,D,XC,SQ,D
14:36:01,UNVR,RG,3680,2,D,YP,SQ,D
14:35:58,UNVR,RG,3670,1,F,AK,YP,D
14:35:58,UNVR,RG,3680,30,D,PD,SQ,D
14:35:55,UNVR,RG,3680,20,D,CC,SQ,D
14:35:53,UNVR,RG,3680,44,D,YP,SQ,D
14:35:52,UNVR,RG,3680,4,D,PD,SQ,D
14:35:52,UNVR,RG,3680,27,D,DR,SQ,D
14:35:50,UNVR,RG,3680,100,D,XC,SQ,D
14:35:50,UNVR,RG,3680,5,D,XC,SQ,D
14:35:50,UNVR,RG,3680,1,D,PD,SQ,D
14:35:47,UNVR,RG,3680,309,F,BK,SQ,D
14:35:46,UNVR,RG,3680,3,D,CC,SQ,D
14:35:46,UNVR,RG,3680,36,D,PD,SQ,D
14:35:46,UNVR,RG,3680,20,D,YP,SQ,D
14:35:46,UNVR,RG,3680,1,D,PD,SQ,D
14:35:46,UNVR,RG,3680,305,D,BB,SQ,D
14:35:46,UNVR,RG,3680,10,D,PD,SQ,D
14:35:46,UNVR,RG,3680,50,D,BB,SQ,D
14:35:46,UNVR,RG,3680,59,D,BB,SQ,D
14:35:46,UNVR,RG,3680,1,D,YP,SQ,D
14:35:46,UNVR,RG,3680,1,D,CC,SQ,D
14:35:46,UNVR,RG,3680,10,F,CS,SQ,D
14:35:46,UNVR,RG,3680,206,F,BK,SQ,D
14:35:46,UNVR,RG,3680,7,D,XC,SQ,D
14:35:46,UNVR,RG,3680,36,F,CS,SQ,D
14:35:46,UNVR,RG,3680,2,D,NI,SQ,D
14:35:46,UNVR,RG,3680,279,D,CC,SQ,D
14:35:46,UNVR,RG,3690,1,D,XC,SQ,D
14:35:46,UNVR,RG,3690,2,F,AK,SQ,D
14:35:46,UNVR,RG,3690,4,D,AK,SQ,D
14:35:46,UNVR,RG,3690,5,D,GR,SQ,D
14:35:46,UNVR,RG,3690,5,F,CS,SQ,D
14:35:46,UNVR,RG,3690,65,F,CS,SQ,D
14:35:46,UNVR,RG,3690,287,D,BB,SQ,D
14:35:46,UNVR,RG,3690,66,F,CS,SQ,D
14:35:46,UNVR,RG,3690,2,F,CS,SQ,D
14:35:46,UNVR,RG,3690,38,F,CS,SQ,D
14:35:46,UNVR,RG,3690,20,D,MK,SQ,D
14:35:46,UNVR,RG,3690,311,D,CC,SQ,D
14:35:45,UNVR,RG,3700,34,D,BB,KK,D
14:35:44,UNVR,RG,3690,12,D,CC,CC,D
14:35:44,UNVR,RG,3690,2,D,CC,DH,D
14:35:43,UNVR,RG,3700,1,D,PD,KK,D
14:35:41,UNVR,RG,3700,1,D,CC,KK,D
14:35:41,UNVR,RG,3690,60,D,CC,CC,D
14:35:40,UNVR,RG,3690,8,D,CC,PD,D
14:35:39,UNVR,RG,3690,1,D,CC,YU,D
14:35:38,UNVR,RG,3690,1,D,CC,YP,D
14:35:36,UNVR,RG,3690,36,D,CC,SQ,D
14:35:35,UNVR,RG,3690,1,D,CC,XC,D
14:35:35,UNVR,RG,3690,32,D,CC,YP,D
14:35:35,UNVR,RG,3690,1,D,CC,ZP,F
14:35:35,UNVR,RG,3690,16,D,CC,YP,D
14:35:35,UNVR,RG,3690,100,D,CC,PD,D
14:35:35,UNVR,RG,3690,200,D,CC,PD,D
14:35:35,UNVR,RG,3690,1,D,CC,YP,D
14:35:35,UNVR,RG,3690,2,D,CC,YP,D
14:35:35,UNVR,RG,3690,200,D,CC,PD,D
14:35:35,UNVR,RG,3690,16,D,CC,DX,D
14:35:34,UNVR,RG,3680,20,D,CC,NI,D
14:35:32,UNVR,RG,3680,2,D,CC,YP,D
14:35:29,UNVR,RG,3680,1,D,CC,XC,D
14:35:29,UNVR,RG,3680,198,D,CC,CP,D
14:35:29,UNVR,RG,3680,1,D,XC,CP,D
14:35:29,UNVR,RG,3680,1,D,YP,CP,D
14:35:28,UNVR,RG,3690,1,D,PD,DX,D
14:35:27,UNVR,RG,3680,9,D,YP,CC,D
14:35:27,UNVR,RG,3680,3,F,CS,CC,D
14:35:27,UNVR,RG,3680,1,F,CS,KK,D
14:35:27,UNVR,RG,3680,2,F,CS,KK,D
14:35:27,UNVR,RG,3680,2,F,CS,KK,D
14:35:24,UNVR,RG,3680,2,D,YP,YP,D
14:35:19,UNVR,RG,3680,1,F,AK,YU,D
14:35:19,UNVR,RG,3680,16,F,AK,PD,D
14:35:19,UNVR,RG,3680,2,F,AK,ZP,F
14:35:19,UNVR,RG,3680,9,F,AK,AK,F
14:35:19,UNVR,RG,3680,1019,F,AK,SQ,D
14:35:19,UNVR,RG,3680,309,F,BK,SQ,D
14:35:17,UNVR,RG,3680,1000,D,AG,SQ,D
14:35:16,UNVR,RG,3680,5,D,CC,SQ,D
14:35:14,UNVR,RG,3670,10,F,AK,OD,D
14:35:14,UNVR,RG,3670,3,F,AK,RO,D
14:35:08,UNVR,RG,3680,1,D,PD,SQ,D
14:35:07,UNVR,RG,3680,10,D,YP,SQ,D
14:35:06,UNVR,RG,3680,1,D,PD,SQ,D
14:35:06,UNVR,RG,3680,1,D,PD,SQ,D
14:34:59,UNVR,RG,3680,10,D,XC,SQ,D
14:34:58,UNVR,RG,3680,50,D,YP,SQ,D
14:34:58,UNVR,RG,3680,1,D,YP,SQ,D
14:34:58,UNVR,RG,3680,104,F,AK,SQ,D
14:34:58,UNVR,RG,3680,5,D,LG,SQ,D
14:34:58,UNVR,RG,3680,2,D,YP,SQ,D
14:34:58,UNVR,RG,3680,2,F,AK,SQ,D
14:34:58,UNVR,RG,3680,1,F,AK,SQ,D
14:34:58,UNVR,RG,3680,3,D,SQ,SQ,D
14:34:58,UNVR,RG,3680,1,D,PD,SQ,D
14:34:58,UNVR,RG,3680,3,D,CC,SQ,D
14:34:58,UNVR,RG,3680,25,D,YP,SQ,D
14:34:58,UNVR,RG,3680,5,D,YP,SQ,D
14:34:58,UNVR,RG,3680,330,D,BB,SQ,D
14:34:58,UNVR,RG,3680,27,D,BB,SQ,D
14:34:58,UNVR,RG,3680,2,D,CC,SQ,D
14:34:58,UNVR,RG,3680,150,D,EP,SQ,D
14:34:58,UNVR,RG,3680,10,D,TF,SQ,D
14:34:58,UNVR,RG,3680,2,D,YP,SQ,D
14:34:58,UNVR,RG,3680,7,F,AK,SQ,D
14:34:58,UNVR,RG,3680,1,F,AK,SQ,D
14:34:58,UNVR,RG,3680,145,F,BK,SQ,D
14:34:58,UNVR,RG,3680,540,D,LG,SQ,D
14:34:58,UNVR,RG,3680,10,D,HP,SQ,D
14:34:58,UNVR,RG,3680,396,D,BB,SQ,D
14:34:58,UNVR,RG,3680,614,D,CC,SQ,D
14:34:58,UNVR,RG,3690,1,D,XC,SQ,D
14:34:58,UNVR,RG,3690,3,D,YP,SQ,D
14:34:58,UNVR,RG,3690,2,D,HP,SQ,D
14:34:58,UNVR,RG,3690,3,D,EP,SQ,D
14:34:58,UNVR,RG,3690,4,D,YP,SQ,D
14:34:58,UNVR,RG,3690,1,D,YB,SQ,D
14:34:58,UNVR,RG,3690,20,D,CC,SQ,D
14:34:58,UNVR,RG,3690,18,D,XC,SQ,D
14:34:58,UNVR,RG,3690,1,D,CC,SQ,D
14:34:58,UNVR,RG,3690,5,D,YP,SQ,D
14:34:58,UNVR,RG,3690,50,D,YP,SQ,D
14:34:58,UNVR,RG,3690,23,D,BB,SQ,D
14:34:58,UNVR,RG,3690,62,D,BB,SQ,D
14:34:58,UNVR,RG,3690,1,D,YB,SQ,D
14:34:58,UNVR,RG,3690,14,D,PD,SQ,D
14:34:56,UNVR,RG,3700,14,D,BB,KK,D
14:34:56,UNVR,RG,3700,1,D,BB,XC,D
14:34:56,UNVR,RG,3700,5,D,BB,CC,D
14:34:56,UNVR,RG,3700,12,D,BB,YP,D
14:34:55,UNVR,RG,3690,5,D,PD,PD,D
14:34:54,UNVR,RG,3690,1,D,PD,YP,D
14:34:53,UNVR,RG,3690,5,D,PD,PD,D
14:34:51,UNVR,RG,3690,2,D,PD,KK,D
14:34:49,UNVR,RG,3690,50,D,PD,HP,D
14:34:48,UNVR,RG,3690,1,D,PD,YP,D
14:34:47,UNVR,RG,3690,2,D,PD,PG,D
14:34:47,UNVR,RG,3690,1,D,PD,YJ,D
14:34:46,UNVR,RG,3690,1,D,PD,YP,D
14:34:43,UNVR,RG,3690,10,D,PD,PD,D
14:34:41,UNVR,RG,3690,1,D,PD,NI,D
14:34:40,UNVR,RG,3690,7,D,PD,PD,D
14:34:40,UNVR,RG,3690,1,D,GR,PD,D
14:34:39,UNVR,RG,3690,1,D,KK,PD,D
14:34:39,UNVR,RG,3690,3,D,NI,PD,D
14:34:38,UNVR,RG,3690,1,D,YB,PD,D
14:34:38,UNVR,RG,3690,19,D,BB,PD,D
14:34:38,UNVR,RG,3690,1,D,BB,YP,D
14:34:37,UNVR,RG,3690,1,F,CS,NI,D
14:34:37,UNVR,RG,3690,8,F,CS,XC,D
14:34:37,UNVR,RG,3690,6,F,CS,XC,D
14:34:36,UNVR,RG,3690,1,F,CS,KK,D
14:34:35,UNVR,RG,3690,3,F,CS,NI,D
14:34:32,UNVR,RG,3690,20,F,CS,CC,D
14:34:32,UNVR,RG,3690,30,D,CP,CC,D
14:34:31,UNVR,RG,3690,3,D,CP,CC,D
14:34:31,UNVR,RG,3690,5,D,CP,PD,D
14:34:31,UNVR,RG,3690,2,D,CP,XC,D
14:34:31,UNVR,RG,3690,1,D,CP,YP,D
14:34:31,UNVR,RG,3690,2,D,CP,AH,D
14:34:31,UNVR,RG,3690,3,D,CP,YP,D
14:34:31,UNVR,RG,3690,5,D,CP,GR,D
14:34:31,UNVR,RG,3690,3,D,CP,XA,D
14:34:31,UNVR,RG,3690,2,D,CP,ZP,F
14:34:31,UNVR,RG,3690,3,D,CP,SQ,D
14:34:31,UNVR,RG,3690,8,D,CP,EP,D
14:34:30,UNVR,RG,3680,2,D,CC,ZP,F
14:34:29,UNVR,RG,3690,2,D,PD,EP,D
14:34:29,UNVR,RG,3690,8,D,PD,YP,D
14:34:29,UNVR,RG,3680,1,D,CC,KK,D
14:34:29,UNVR,RG,3690,1,D,PD,YP,D
14:34:29,UNVR,RG,3690,1,D,PD,XC,D
14:34:27,UNVR,RG,3690,50,D,CC,CP,D
14:34:27,UNVR,RG,3690,10,D,CC,XA,D
14:34:27,UNVR,RG,3690,25,D,CC,XC,D
14:34:27,UNVR,RG,3690,52,D,CC,KK,D
14:34:27,UNVR,RG,3690,33,D,CC,YP,D
14:34:26,UNVR,RG,3690,10,D,XC,YP,D
14:34:25,UNVR,RG,3690,23,D,SQ,YP,D
14:34:24,UNVR,RG,3690,1,D,PD,YP,D
14:34:23,UNVR,RG,3690,10,D,XC,YP,D
14:34:18,UNVR,RG,3690,1,D,YP,YP,D
14:34:16,UNVR,RG,3690,5,D,KK,YP,D
14:34:15,UNVR,RG,3680,4,D,CC,ZP,D
14:34:14,UNVR,RG,3680,1,D,CC,XC,D
14:34:14,UNVR,RG,3690,17,D,YP,YP,D
14:34:14,UNVR,RG,3690,11,D,YP,YP,D
14:34:14,UNVR,RG,3680,1,D,CC,YP,D
14:34:13,UNVR,RG,3690,2,D,PD,YP,D
14:34:11,UNVR,RG,3680,25,D,CC,XC,D
14:34:10,UNVR,RG,3680,1,D,CC,YP,D
14:34:08,UNVR,RG,3680,5,D,CC,OD,D
14:34:08,UNVR,RG,3680,29,D,CC,LG,D
14:34:07,UNVR,RG,3680,20,D,CC,SQ,D
14:34:07,UNVR,RG,3680,30,D,CC,XC,D
14:34:07,UNVR,RG,3680,20,D,CC,EP,D
14:34:07,UNVR,RG,3680,3,D,CC,AK,F
14:34:07,UNVR,RG,3680,74,D,CC,KZ,D
14:34:07,UNVR,RG,3680,1,D,CC,XC,D
14:34:07,UNVR,RG,3680,1,D,CC,XC,D
14:34:07,UNVR,RG,3680,2,D,CC,EP,D
14:34:07,UNVR,RG,3680,518,D,CC,BK,F
14:34:07,UNVR,RG,3680,1,D,CC,CC,D
14:34:07,UNVR,RG,3680,3,D,CC,NI,D
14:34:07,UNVR,RG,3680,644,D,CC,YP,D
14:34:07,UNVR,RG,3680,2,D,XC,YP,D
14:34:05,UNVR,RG,3670,28,F,AK,BK,F
14:34:02,UNVR,RG,3670,1,F,AK,YP,D
14:34:02,UNVR,RG,3670,1,F,AK,CP,D
14:34:01,UNVR,RG,3670,103,F,AK,BK,F
14:34:00,UNVR,RG,3680,1,D,XC,YP,D
14:34:00,UNVR,RG,3670,157,F,AK,CC,D
14:34:00,UNVR,RG,3670,1,D,CC,CC,D
14:34:00,UNVR,RG,3670,20,D,CC,CC,D
14:34:00,UNVR,RG,3670,10,D,SQ,CC,D
14:34:00,UNVR,RG,3670,1,D,NI,CC,D
14:34:00,UNVR,RG,3670,2,D,SQ,CC,D
14:34:00,UNVR,RG,3670,10,D,GR,CC,D
14:34:00,UNVR,RG,3670,68,D,NI,CC,D
14:34:00,UNVR,RG,3670,2,D,CC,CC,D
14:34:00,UNVR,RG,3670,29,D,OD,CC,D
14:33:59,UNVR,RG,3680,356,D,PD,YP,D
14:33:58,UNVR,RG,3670,50,D,OD,CP,D
14:33:53,UNVR,RG,3670,27,D,OD,BK,F
14:33:50,UNVR,RG,3670,7,D,OD,BK,F
14:33:50,UNVR,RG,3670,24,D,OD,BK,F
14:33:50,UNVR,RG,3670,8,D,YP,BK,F
14:33:50,UNVR,RG,3670,1,D,XC,BK,F
14:33:50,UNVR,RG,3670,1,D,YP,BK,F
14:33:50,UNVR,RG,3670,50,D,BQ,BK,F
14:33:48,UNVR,RG,3680,1,D,EP,YP,D
14:33:48,UNVR,RG,3680,2,D,AT,YP,D
14:33:47,UNVR,RG,3680,257,F,CS,YP,D
14:33:47,UNVR,RG,3680,20,D,PD,YP,D
14:33:47,UNVR,RG,3680,98,F,CS,YP,D
14:33:47,UNVR,RG,3680,1,D,XC,YP,D
14:33:47,UNVR,RG,3680,2,D,AT,YP,D
14:33:47,UNVR,RG,3680,55,D,KK,YP,D
14:33:47,UNVR,RG,3680,24,D,BB,YP,D
14:33:47,UNVR,RG,3680,5,D,CC,YP,D
14:33:47,UNVR,RG,3680,32,D,BB,YP,D
14:33:46,UNVR,RG,3680,15,D,BB,PD,D
14:33:46,UNVR,RG,3680,5,F,AK,PD,D
14:33:46,UNVR,RG,3680,20,F,AK,PD,D
14:33:45,UNVR,RG,3680,1,F,AK,PD,D
14:33:45,UNVR,RG,3690,2,D,PD,YP,D
14:33:44,UNVR,RG,3680,33,F,AK,BK,F
14:33:43,UNVR,RG,3680,2,F,AK,XC,D
14:33:43,UNVR,RG,3680,100,F,AK,HP,D
14:33:42,UNVR,RG,3680,10,F,AK,YP,D
14:33:42,UNVR,RG,3680,30,F,AK,CC,D
14:33:41,UNVR,RG,3680,20,F,AK,YP,D
14:33:41,UNVR,RG,3680,16,F,AK,PD,D
14:33:41,UNVR,RG,3680,1,D,CC,PD,D
14:33:41,UNVR,RG,3680,1,D,YP,PD,D
14:33:41,UNVR,RG,3680,5,D,YP,PD,D
14:33:41,UNVR,RG,3680,1,D,PD,PD,D
14:33:41,UNVR,RG,3680,5,D,AZ,PD,D
14:33:41,UNVR,RG,3680,40,D,BQ,PD,D
14:33:41,UNVR,RG,3680,10,D,CC,PD,D
14:33:41,UNVR,RG,3680,1,D,AZ,PD,D
14:33:41,UNVR,RG,3680,10,D,NI,PD,D
14:33:41,UNVR,RG,3680,1,D,PD,PD,D
14:33:41,UNVR,RG,3680,39,D,YP,PD,D
14:33:39,UNVR,RG,3680,10,D,YP,EP,D
14:33:36,UNVR,RG,3680,20,D,YP,LG,D
14:33:35,UNVR,RG,3680,29,D,YP,BK,F
14:33:34,UNVR,RG,3680,2,D,YP,YP,D
14:33:34,UNVR,RG,3680,1,D,PD,YP,D
14:33:34,UNVR,RG,3680,1,D,PD,YP,D
14:33:34,UNVR,RG,3680,30,D,PD,YP,D
14:33:34,UNVR,RG,3680,5,D,CC,YP,D
14:33:34,UNVR,RG,3680,1,D,XC,YP,D
14:33:34,UNVR,RG,3680,19,D,BQ,YP,D
14:33:33,UNVR,RG,3680,1,D,BQ,YU,D
14:33:33,UNVR,RG,3680,3,D,BQ,NI,D
14:33:32,UNVR,RG,3680,1,D,BQ,YP,D
14:33:32,UNVR,RG,3680,14,D,BQ,XC,D
14:33:30,UNVR,RG,3680,12,D,BQ,YP,D
14:33:30,UNVR,RG,3680,13,D,BB,YP,D
14:33:28,UNVR,RG,3680,11,D,BB,YP,D
14:33:28,UNVR,RG,3680,1,F,AK,YP,D
14:33:28,UNVR,RG,3680,2,D,PD,YP,D
14:33:28,UNVR,RG,3680,26,D,PD,BK,F
14:33:28,UNVR,RG,3680,1,D,YP,BK,F
14:33:27,UNVR,RG,3690,7,D,XC,YP,D
14:33:24,UNVR,RG,3680,30,F,AK,YP,D
14:33:24,UNVR,RG,3680,32,F,AK,BK,F
14:33:24,UNVR,RG,3680,1,D,CC,BK,F
14:33:20,UNVR,RG,3690,56,D,BB,YP,D
14:33:20,UNVR,RG,3690,3,D,SQ,YP,D
14:33:20,UNVR,RG,3690,20,D,BB,YP,D
14:33:19,UNVR,RG,3690,25,F,CS,BK,F
14:33:19,UNVR,RG,3690,1,D,BB,BK,F
14:33:18,UNVR,RG,3690,20,D,BB,BK,F
14:33:18,UNVR,RG,3690,35,F,CS,BK,F
14:33:18,UNVR,RG,3690,35,F,CS,BK,F
14:33:18,UNVR,RG,3690,1,D,YP,BK,F
14:33:18,UNVR,RG,3690,13,D,BB,BK,F
14:33:18,UNVR,RG,3690,20,D,BB,LS,D
14:33:18,UNVR,RG,3690,1,D,BB,CC,D
14:33:17,UNVR,RG,3690,178,D,BB,YP,D
14:33:17,UNVR,RG,3690,61,D,BB,YP,D
14:33:17,UNVR,RG,3690,106,D,OD,YP,D
14:33:17,UNVR,RG,3690,7,D,OD,YP,D
14:33:17,UNVR,RG,3690,24,D,OD,YP,D
14:33:17,UNVR,RG,3690,3,D,YP,YP,D
14:33:17,UNVR,RG,3690,10,D,PD,YP,D
14:33:17,UNVR,RG,3690,1,D,OD,YP,D
14:33:17,UNVR,RG,3690,2,D,YP,YP,D
14:33:17,UNVR,RG,3690,10,D,GR,YP,D
14:33:17,UNVR,RG,3690,4,D,YP,YP,D
14:33:17,UNVR,RG,3690,45,D,XC,YP,D
14:33:17,UNVR,RG,3690,1,D,PD,YP,D
14:33:17,UNVR,RG,3690,10,D,NI,YP,D
14:33:17,UNVR,RG,3690,2,D,YP,YP,D
14:33:17,UNVR,RG,3690,1,F,AK,YP,D
14:33:17,UNVR,RG,3690,159,F,AK,YP,D
14:33:17,UNVR,RG,3690,1,D,PD,YP,D
14:33:17,UNVR,RG,3690,22,D,AG,YP,D
14:33:17,UNVR,RG,3690,65,D,AI,YP,D
14:33:17,UNVR,RG,3690,2,D,AH,YP,D
14:33:17,UNVR,RG,3690,128,D,CP,YP,D
14:33:12,UNVR,RG,3690,26,D,CP,BK,F
14:33:10,UNVR,RG,3690,10,D,CP,PD,D
14:33:10,UNVR,RG,3690,13,D,CP,PD,D
14:33:10,UNVR,RG,3690,72,D,CP,BK,F
14:33:09,UNVR,RG,3700,88,D,NI,YP,D
14:33:09,UNVR,RG,3700,12,D,NI,NI,D
14:33:08,UNVR,RG,3700,47,D,BB,NI,D
14:33:08,UNVR,RG,3700,1,D,CC,NI,D
14:33:08,UNVR,RG,3700,20,D,NI,NI,D
14:33:06,UNVR,RG,3700,5,D,YP,NI,D
14:33:06,UNVR,RG,3690,265,D,CP,BK,F
14:33:05,UNVR,RG,3700,15,D,MK,NI,D
14:33:05,UNVR,RG,3700,1,D,MK,CC,D
14:33:05,UNVR,RG,3700,2,D,MK,ZP,F
14:33:05,UNVR,RG,3700,2,D,MK,PD,D
14:33:03,UNVR,RG,3700,40,F,AK,AK,F
14:33:03,UNVR,RG,3700,2,F,AK,AK,F
14:33:03,UNVR,RG,3700,149,F,AK,AK,F
14:33:03,UNVR,RG,3700,5,D,XC,AK,F
14:33:03,UNVR,RG,3700,1,D,PD,AK,F
14:33:03,UNVR,RG,3700,10,D,CC,AK,F
14:33:03,UNVR,RG,3700,10,D,HP,AK,F
14:33:03,UNVR,RG,3700,11,D,AK,AK,F
14:33:03,UNVR,RG,3700,38,D,BB,AK,F
14:33:03,UNVR,RG,3700,318,D,BB,AK,F
14:33:03,UNVR,RG,3700,21,D,CC,AK,F
14:33:03,UNVR,RG,3700,2,D,YP,AK,F
14:33:03,UNVR,RG,3700,10,D,YP,AK,F
14:33:03,UNVR,RG,3700,2,D,NI,AK,F
14:33:03,UNVR,RG,3700,48,D,NI,BK,F
14:33:03,UNVR,RG,3700,1,D,XC,BK,F
14:33:03,UNVR,RG,3700,9,F,CS,BK,F
14:33:02,UNVR,RG,3700,99,F,CS,TF,D
14:33:02,UNVR,RG,3700,10,D,XC,TF,D
14:33:02,UNVR,RG,3700,3,D,YP,TF,D
14:33:02,UNVR,RG,3700,1,D,OD,TF,D
14:33:02,UNVR,RG,3700,15,D,NI,TF,D
14:33:02,UNVR,RG,3700,1,D,NI,TF,D
14:33:02,UNVR,RG,3700,50,D,YP,TF,D
14:33:02,UNVR,RG,3700,3,D,PD,TF,D
14:33:02,UNVR,RG,3700,5,D,DR,TF,D
14:33:02,UNVR,RG,3700,1,D,XC,TF,D
14:33:02,UNVR,RG,3700,377,D,BB,TF,D
14:33:02,UNVR,RG,3700,10,D,KK,TF,D
14:33:02,UNVR,RG,3700,1,D,PD,TF,D
14:33:02,UNVR,RG,3700,3,D,AT,TF,D
14:33:02,UNVR,RG,3700,255,F,CS,TF,D
14:33:02,UNVR,RG,3700,1,D,KK,TF,D
14:33:02,UNVR,RG,3700,100,D,IF,TF,D
14:33:02,UNVR,RG,3700,1,D,XC,TF,D
14:33:02,UNVR,RG,3700,3,D,YP,TF,D
14:33:02,UNVR,RG,3700,8,D,XC,TF,D
14:33:02,UNVR,RG,3700,25,D,TF,TF,D
14:33:02,UNVR,RG,3700,2,D,CC,TF,D
14:33:02,UNVR,RG,3700,1,D,AT,TF,D
14:33:02,UNVR,RG,3700,8,D,KK,TF,D
14:33:02,UNVR,RG,3700,1,D,GR,TF,D
14:33:02,UNVR,RG,3700,16,D,EP,TF,D
14:33:01,UNVR,RG,3710,19,D,KK,PD,D
14:33:01,UNVR,RG,3710,12,D,KK,CC,D
14:33:01,UNVR,RG,3710,50,D,KK,SQ,D
14:33:01,UNVR,RG,3710,1,D,KK,AN,D
14:33:01,UNVR,RG,3710,18,D,KK,OD,D
14:32:59,UNVR,RG,3700,11,D,EP,CC,D
14:32:59,UNVR,RG,3700,84,D,YU,CC,D
14:32:58,UNVR,RG,3700,6,D,YU,AO,D
14:32:57,UNVR,RG,3700,10,D,YU,KK,D
14:32:57,UNVR,RG,3700,1,D,XC,KK,D
14:32:57,UNVR,RG,3700,49,D,AT,KK,D
14:32:57,UNVR,RG,3700,1,D,PD,KK,D
14:32:57,UNVR,RG,3700,13,D,YP,KK,D
14:32:57,UNVR,RG,3700,5,D,AZ,KK,D
14:32:57,UNVR,RG,3700,100,D,YU,KK,D
14:32:57,UNVR,RG,3700,21,F,AK,KK,D
14:32:57,UNVR,RG,3700,15,F,AK,BK,F
14:32:56,UNVR,RG,3700,5,F,AK,XC,D
14:32:56,UNVR,RG,3700,1,F,AK,XC,D
14:32:56,UNVR,RG,3700,1,F,AK,XC,D
14:32:56,UNVR,RG,3700,93,F,AK,XC,D
14:32:54,UNVR,RG,3700,3,F,AK,NI,D
14:32:52,UNVR,RG,3700,24,F,AK,BK,F
14:32:50,UNVR,RG,3710,19,D,BB,OD,D
14:32:50,UNVR,RG,3700,10,F,AK,YP,D
14:32:48,UNVR,RG,3700,41,F,AK,BK,F
14:32:45,UNVR,RG,3700,120,F,AK,CC,D
14:32:44,UNVR,RG,3700,105,F,AK,BQ,D
14:32:44,UNVR,RG,3700,4,D,AK,BQ,D
14:32:44,UNVR,RG,3700,4,D,AK,BQ,D
14:32:44,UNVR,RG,3700,1,D,HP,BQ,D
14:32:44,UNVR,RG,3700,136,D,BB,BQ,D
14:32:43,UNVR,RG,3700,23,D,BB,BK,F
14:32:41,UNVR,RG,3700,24,D,BB,YP,D
14:32:39,UNVR,RG,3700,1,D,BB,SQ,D
14:32:39,UNVR,RG,3700,5,D,BB,CC,D
14:32:38,UNVR,RG,3710,13,D,OD,OD,D
14:32:38,UNVR,RG,3710,2,D,OD,YP,D
14:32:38,UNVR,RG,3710,10,D,OD,SQ,D
14:32:38,UNVR,RG,3710,18,D,OD,YU,D
14:32:38,UNVR,RG,3710,962,D,OD,LG,D
14:32:36,UNVR,RG,3700,2,D,BB,XC,D
14:32:34,UNVR,RG,3700,10,D,BB,PD,D
14:32:32,UNVR,RG,3700,10,D,BB,OD,D
14:32:31,UNVR,RG,3710,3,D,PD,LG,D
14:32:28,UNVR,RG,3710,3,D,HP,LG,D
14:32:27,UNVR,RG,3700,40,D,BB,YB,D
14:32:26,UNVR,RG,3710,26,D,NI,LG,D
14:32:26,UNVR,RG,3710,2,D,AT,LG,D
14:32:18,UNVR,RG,3700,11,D,BB,XL,D
14:32:18,UNVR,RG,3710,1,D,OD,LG,D
14:32:18,UNVR,RG,3710,3,D,BB,LG,D
14:32:18,UNVR,RG,3710,79,D,BB,CC,D
14:32:17,UNVR,RG,3710,20,D,LG,CC,D
14:32:17,UNVR,RG,3700,5,D,BB,GR,D
14:32:17,UNVR,RG,3710,1,D,YP,CC,D
14:32:15,UNVR,RG,3710,4,D,PD,CC,D
14:32:13,UNVR,RG,3710,46,D,YP,CC,D
14:32:13,UNVR,RG,3710,55,D,YP,DR,D
14:32:12,UNVR,RG,3710,45,D,LG,DR,D
14:32:12,UNVR,RG,3710,50,D,LG,CC,D
14:32:12,UNVR,RG,3710,5,D,LG,YP,D
14:32:11,UNVR,RG,3700,67,D,BB,PD,D
14:32:11,UNVR,RG,3700,3,F,CS,PD,D
14:32:07,UNVR,RG,3710,3,D,NI,AK,F
14:32:07,UNVR,RG,3710,1,D,YP,AK,F
14:32:07,UNVR,RG,3710,68,D,BB,AK,F
14:32:07,UNVR,RG,3710,75,D,BB,NI,D
14:32:07,UNVR,RG,3710,25,D,CC,NI,D
14:32:07,UNVR,RG,3710,10,D,CC,YU,D
14:32:07,UNVR,RG,3710,100,D,CC,YJ,D
14:32:05,UNVR,RG,3710,1,D,CC,YP,D
14:32:05,UNVR,RG,3710,5,D,CC,KK,D
14:32:05,UNVR,RG,3710,3,D,CC,YP,D
14:32:03,UNVR,RG,3720,16,D,BB,XA,D
14:32:03,UNVR,RG,3720,1,D,BB,YP,D
14:32:03,UNVR,RG,3720,42,D,BB,PD,D
14:32:03,UNVR,RG,3720,5,D,BB,PD,D
14:32:03,UNVR,RG,3720,1,D,BB,PD,D
14:32:03,UNVR,RG,3720,4,D,BB,PD,D
14:32:03,UNVR,RG,3720,100,D,BB,LG,D
14:32:03,UNVR,RG,3720,69,D,BB,LG,D
14:32:03,UNVR,RG,3720,10,D,BB,DR,D
14:32:03,UNVR,RG,3720,3,D,BB,AZ,D
14:32:03,UNVR,RG,3720,70,D,BB,DH,D
14:32:03,UNVR,RG,3720,3,D,BB,DH,D
14:32:03,UNVR,RG,3720,87,D,BB,ES,D
14:32:02,UNVR,RG,3710,1,D,CC,YP,D
14:32:02,UNVR,RG,3710,20,D,CC,YP,D
14:32:02,UNVR,RG,3720,85,D,BB,ES,D
14:32:02,UNVR,RG,3710,50,D,CC,BQ,D
14:32:01,UNVR,RG,3710,1,D,CC,KK,D
14:32:01,UNVR,RG,3710,20,D,CC,PD,D
14:32:01,UNVR,RG,3710,10,D,CC,PD,D
14:32:01,UNVR,RG,3710,1,D,CC,PD,D
14:32:01,UNVR,RG,3710,10,D,CC,EP,D
14:32:01,UNVR,RG,3710,2,D,CC,ZP,F
14:32:01,UNVR,RG,3710,2,D,CC,EP,D
14:32:01,UNVR,RG,3710,6,D,CC,PD,D
14:32:01,UNVR,RG,3710,1,D,CC,XL,D
14:32:01,UNVR,RG,3710,2,D,CC,YP,D
14:32:01,UNVR,RG,3710,3,D,CC,BQ,D
14:32:01,UNVR,RG,3710,8,D,CC,YP,D
14:32:01,UNVR,RG,3710,15,D,CC,YP,D
14:32:01,UNVR,RG,3710,4,D,CC,LG,D
14:32:00,UNVR,RG,3710,2,D,YP,LG,D
14:32:00,UNVR,RG,3700,1,F,CS,PD,D
14:31:59,UNVR,RG,3710,1,D,XC,LG,D
14:31:58,UNVR,RG,3700,10,F,CS,YP,D
14:31:58,UNVR,RG,3700,1,F,CS,YP,D
14:31:58,UNVR,RG,3700,4,F,CS,YP,D
14:31:58,UNVR,RG,3700,4,F,CS,YP,D
14:31:58,UNVR,RG,3700,51,D,PD,YP,D
14:31:57,UNVR,RG,3710,8,D,XC,LG,D
14:31:57,UNVR,RG,3710,2,D,XC,DR,D
14:31:57,UNVR,RG,3710,1,D,BQ,DR,D
14:31:57,UNVR,RG,3710,7,D,OD,DR,D
14:31:57,UNVR,RG,3710,10,D,OD,KK,D
14:31:57,UNVR,RG,3710,12,D,OD,ZP,D
14:31:57,UNVR,RG,3710,2,D,OD,PD,D
14:31:57,UNVR,RG,3710,1,D,OD,XC,D
14:31:57,UNVR,RG,3710,20,D,OD,LS,D
14:31:57,UNVR,RG,3710,10,D,OD,YP,D
14:31:57,UNVR,RG,3710,16,D,OD,BK,F
14:31:57,UNVR,RG,3710,1,D,OD,PD,D
14:31:57,UNVR,RG,3710,1,D,OD,NI,D
14:31:57,UNVR,RG,3710,5,D,OD,NI,D
14:31:56,UNVR,RG,3710,18,D,OD,NI,D
14:31:56,UNVR,RG,3710,5,D,LS,NI,D
14:31:55,UNVR,RG,3700,18,D,PD,BK,F
14:31:54,UNVR,RG,3700,10,D,PD,DX,D
14:31:52,UNVR,RG,3710,2,D,YB,NI,D
14:31:52,UNVR,RG,3700,9,D,PD,XC,D
14:31:51,UNVR,RG,3710,4,D,YP,NI,D
14:31:51,UNVR,RG,3710,1,D,YP,PD,D
14:31:51,UNVR,RG,3710,9,D,YP,CC,D
14:31:51,UNVR,RG,3700,100,D,PD,GR,D
14:31:50,UNVR,RG,3710,1,D,XC,CC,D
14:31:50,UNVR,RG,3700,65,D,PD,PD,D
14:31:49,UNVR,RG,3700,59,D,PD,BK,F
14:31:47,UNVR,RG,3710,90,D,OD,CC,D
14:31:47,UNVR,RG,3710,30,D,OD,SQ,D
14:31:47,UNVR,RG,3710,10,D,OD,ID,D
14:31:47,UNVR,RG,3710,1,D,OD,PD,D
14:31:47,UNVR,RG,3710,5,D,OD,NI,D
14:31:47,UNVR,RG,3710,50,D,OD,AZ,D
14:31:47,UNVR,RG,3710,5,D,OD,AZ,D
14:31:47,UNVR,RG,3710,11,D,OD,YP,D
14:31:47,UNVR,RG,3710,1,D,OD,YP,D
14:31:47,UNVR,RG,3710,50,D,OD,TP,D
14:31:47,UNVR,RG,3710,60,D,OD,PD,D
14:31:47,UNVR,RG,3710,5,D,OD,NI,D
14:31:47,UNVR,RG,3710,14,D,OD,AT,D
14:31:47,UNVR,RG,3710,10,D,OD,YP,D
14:31:47,UNVR,RG,3710,10,D,OD,CC,D
14:31:47,UNVR,RG,3710,5,D,OD,SQ,D
14:31:47,UNVR,RG,3710,4,D,OD,NI,D
14:31:47,UNVR,RG,3710,5,D,OD,YP,D
14:31:47,UNVR,RG,3710,2,D,OD,EL,D
14:31:47,UNVR,RG,3710,12,D,OD,XC,D
14:31:47,UNVR,RG,3710,1,D,OD,NI,D
14:31:47,UNVR,RG,3710,6,D,OD,YP,D
14:31:47,UNVR,RG,3710,10,D,OD,PD,D
14:31:47,UNVR,RG,3710,50,D,OD,RS,D
14:31:47,UNVR,RG,3710,38,D,OD,CC,D
14:31:47,UNVR,RG,3710,5,D,OD,PD,D
14:31:47,UNVR,RG,3710,2195,D,OD,NI,D
14:31:47,UNVR,RG,3710,5,D,OD,YP,D
14:31:47,UNVR,RG,3710,3,D,OD,PD,D
14:31:47,UNVR,RG,3710,500,D,OD,PD,D
14:31:47,UNVR,RG,3710,1,D,OD,PD,D
14:31:47,UNVR,RG,3710,8,D,OD,PD,D
14:31:47,UNVR,RG,3710,30,D,OD,PD,D
14:31:47,UNVR,RG,3710,30,D,OD,XC,D
14:31:47,UNVR,RG,3710,1,D,OD,CC,D
14:31:47,UNVR,RG,3710,1,D,OD,CC,D
14:31:47,UNVR,RG,3710,100,D,OD,YU,D
14:31:47,UNVR,RG,3710,60,D,OD,ZP,D
14:31:47,UNVR,RG,3710,4,D,OD,XL,D
14:31:47,UNVR,RG,3710,100,D,OD,KK,D
14:31:47,UNVR,RG,3710,5,D,OD,YP,D
14:31:47,UNVR,RG,3710,50,D,OD,YP,D
14:31:47,UNVR,RG,3710,7,D,OD,GR,D
14:31:47,UNVR,RG,3710,100,D,OD,AR,D
14:31:47,UNVR,RG,3710,50,D,OD,NI,D
14:31:47,UNVR,RG,3710,2,D,OD,CC,D
14:31:47,UNVR,RG,3710,1,D,OD,IF,D
14:31:47,UNVR,RG,3710,49,D,OD,PD,D
14:31:47,UNVR,RG,3710,188,D,OD,AG,D
14:31:47,UNVR,RG,3710,1,D,OD,YP,D
14:31:47,UNVR,RG,3710,50,D,OD,YP,D
14:31:47,UNVR,RG,3710,1,D,OD,ZP,D
14:31:47,UNVR,RG,3710,1,D,OD,PD,D
14:31:47,UNVR,RG,3710,60,D,OD,KK,D
14:31:47,UNVR,RG,3710,3,D,OD,GR,D
14:31:47,UNVR,RG,3710,1,D,OD,YP,D
14:31:47,UNVR,RG,3710,600,D,OD,CC,D
14:31:47,UNVR,RG,3710,10,D,OD,KK,D
14:31:47,UNVR,RG,3710,4,D,OD,OD,D
14:31:47,UNVR,RG,3710,3,D,OD,NI,D
14:31:47,UNVR,RG,3710,3,D,OD,PD,D
14:31:47,UNVR,RG,3710,34,D,OD,KK,D
14:31:47,UNVR,RG,3710,5,D,OD,IF,D
14:31:47,UNVR,RG,3710,1,D,OD,EP,D
14:31:47,UNVR,RG,3710,10,D,OD,YP,D
14:31:47,UNVR,RG,3710,5,D,OD,CC,D
14:31:47,UNVR,RG,3710,50,D,OD,GR,D
14:31:47,UNVR,RG,3710,2,D,OD,PD,D
14:31:47,UNVR,RG,3710,1,D,OD,YP,D
14:31:47,UNVR,RG,3710,5,D,OD,PD,D
14:31:47,UNVR,RG,3710,10,D,OD,CC,D
14:31:47,UNVR,RG,3710,5,D,OD,GR,D
14:31:47,UNVR,RG,3710,300,D,OD,YP,D
14:31:47,UNVR,RG,3710,1,D,OD,LS,D
14:31:47,UNVR,RG,3710,1,D,OD,XC,D
14:31:47,UNVR,RG,3710,12,D,OD,RO,D
14:31:47,UNVR,RG,3710,20,D,OD,YP,D
14:31:47,UNVR,RG,3710,25,D,OD,CC,D
14:31:47,UNVR,RG,3710,1,D,OD,HP,D
14:31:47,UNVR,RG,3710,50,D,OD,KK,D
14:31:47,UNVR,RG,3710,1,D,OD,DH,D
14:31:47,UNVR,RG,3710,9,D,OD,RO,D
14:31:47,UNVR,RG,3710,64,D,OD,YP,D
14:31:47,UNVR,RG,3700,35,D,PD,LG,D
14:31:47,UNVR,RG,3700,2,D,PD,CC,D
14:31:46,UNVR,RG,3700,30,D,PD,YU,D
14:31:46,UNVR,RG,3700,1,D,PD,NI,D
14:31:46,UNVR,RG,3700,10,D,PD,NI,D
14:31:43,UNVR,RG,3700,1,D,PD,PD,D
14:31:43,UNVR,RG,3710,6,D,PD,YP,D
14:31:43,UNVR,RG,3710,1,D,PD,YP,D
14:31:42,UNVR,RG,3700,1,D,PD,XC,D
14:31:42,UNVR,RG,3700,3,D,PD,XC,D
14:31:38,UNVR,RG,3700,1,D,PD,KK,D
14:31:37,UNVR,RG,3700,57,D,PD,CC,D
14:31:35,UNVR,RG,3700,9,D,PD,PD,D
14:31:34,UNVR,RG,3710,20,D,YP,YP,D
14:31:33,UNVR,RG,3700,8,D,PD,CC,D
14:31:32,UNVR,RG,3700,10,D,PD,AT,D
14:31:32,UNVR,RG,3700,3,D,PD,XC,D
14:31:31,UNVR,RG,3700,3,D,PD,SQ,D
14:31:30,UNVR,RG,3700,1,D,PD,PD,D
14:31:30,UNVR,RG,3700,100,D,PD,XA,D
14:31:29,UNVR,RG,3710,9,D,BB,YP,D
14:31:29,UNVR,RG,3710,5,D,BB,CC,D
14:31:29,UNVR,RG,3710,1,D,BB,AO,D
14:31:29,UNVR,RG,3710,20,D,BB,CC,D
14:31:29,UNVR,RG,3710,25,D,BB,SQ,D
14:31:29,UNVR,RG,3710,25,D,BB,RO,D
14:31:29,UNVR,RG,3710,1,D,BB,XC,D
14:31:29,UNVR,RG,3710,9,D,BB,GR,D
14:31:29,UNVR,RG,3710,3,D,BB,KK,D
14:31:29,UNVR,RG,3710,2,D,BB,CC,D
14:31:29,UNVR,RG,3710,1,D,BB,DX,D
14:31:29,UNVR,RG,3700,1,D,PD,YP,D
14:31:25,UNVR,RG,3700,100,D,PD,YJ,D
14:31:25,UNVR,RG,3700,1,D,PD,ZP,F
14:31:25,UNVR,RG,3700,1,D,PD,GR,D
14:31:25,UNVR,RG,3700,3,D,PD,PD,D
14:31:25,UNVR,RG,3700,3,D,PD,OD,D
14:31:25,UNVR,RG,3700,1,D,PD,CC,D
14:31:25,UNVR,RG,3700,6,D,PD,XC,D
14:31:25,UNVR,RG,3700,1,D,PD,PD,D
14:31:25,UNVR,RG,3700,8,D,PD,XC,D
14:31:25,UNVR,RG,3700,30,D,PD,LG,D
14:31:25,UNVR,RG,3700,100,D,PD,NI,D
14:31:25,UNVR,RG,3700,1,D,PD,PD,D
14:31:25,UNVR,RG,3700,157,D,PD,BK,F
14:31:25,UNVR,RG,3690,5,D,CP,OD,D
14:31:24,UNVR,RG,3690,140,D,CP,PD,D
14:31:23,UNVR,RG,3700,22,D,CP,BK,F
14:31:23,UNVR,RG,3700,2,D,CP,CC,D
14:31:23,UNVR,RG,3700,5,D,CP,KK,D
14:31:23,UNVR,RG,3700,5,D,CP,CC,D
14:31:23,UNVR,RG,3700,1,D,CP,XC,D
14:31:23,UNVR,RG,3700,2,D,CP,YP,D
14:31:23,UNVR,RG,3700,20,D,CP,YP,D
14:31:23,UNVR,RG,3700,1000,D,CP,YJ,D
14:31:23,UNVR,RG,3700,88,D,CP,CC,D
14:31:23,UNVR,RG,3700,1,D,CP,XC,D
14:31:23,UNVR,RG,3700,3,D,CP,AK,F
14:31:23,UNVR,RG,3700,1,D,CP,PD,D
14:31:23,UNVR,RG,3700,1,D,CP,YP,D
14:31:23,UNVR,RG,3700,7,D,CP,PD,D
14:31:23,UNVR,RG,3700,15,D,CP,LG,D
14:31:23,UNVR,RG,3700,75,D,CP,CP,D
14:31:23,UNVR,RG,3700,1,D,CP,ZP,F
14:31:23,UNVR,RG,3700,840,D,CP,SQ,D
14:31:23,UNVR,RG,3700,15,D,CP,EP,D
14:31:23,UNVR,RG,3700,2,D,CP,XL,D
14:31:23,UNVR,RG,3700,1,D,CP,YU,D
14:31:23,UNVR,RG,3700,5,D,CP,CC,D
14:31:23,UNVR,RG,3700,200,D,CP,CC,D
14:31:23,UNVR,RG,3700,1,D,CP,PD,D
14:31:23,UNVR,RG,3700,5,D,CP,SQ,D
14:31:23,UNVR,RG,3700,2,D,CP,GR,D
14:31:23,UNVR,RG,3700,70,D,CP,TP,D
14:31:23,UNVR,RG,3700,30,D,CP,AI,D
14:31:23,UNVR,RG,3700,6,D,CP,EP,D
14:31:23,UNVR,RG,3700,4,D,CP,YP,D
14:31:23,UNVR,RG,3700,1,D,CP,PD,D
14:31:23,UNVR,RG,3700,16,D,CP,XL,D
14:31:23,UNVR,RG,3700,400,D,CP,PD,D
14:31:23,UNVR,RG,3700,10,D,CP,PD,D
14:31:23,UNVR,RG,3700,2,D,CP,XC,D
14:31:23,UNVR,RG,3700,6,D,CP,CC,D
14:31:23,UNVR,RG,3700,4,D,CP,CC,D
14:31:23,UNVR,RG,3700,2,D,CP,PD,D
14:31:23,UNVR,RG,3700,150,D,CP,CC,D
14:31:23,UNVR,RG,3700,43,D,CP,BQ,D
14:31:23,UNVR,RG,3700,36,D,CP,XC,D
14:31:23,UNVR,RG,3700,10,D,CP,XC,D
14:31:23,UNVR,RG,3700,20,D,CP,YP,D
14:31:23,UNVR,RG,3700,5,D,CP,YP,D
14:31:23,UNVR,RG,3700,14,D,CP,XC,D
14:31:23,UNVR,RG,3700,100,D,CP,MG,D
14:31:23,UNVR,RG,3700,10,D,CP,YP,D
14:31:23,UNVR,RG,3700,3,D,CP,PD,D
14:31:23,UNVR,RG,3700,1,D,CP,PD,D
14:31:23,UNVR,RG,3700,2,D,CP,YP,D
14:31:23,UNVR,RG,3700,10,D,CP,CC,D
14:31:23,UNVR,RG,3700,5,D,CP,ID,D
14:31:23,UNVR,RG,3700,1,D,CP,PD,D
14:31:23,UNVR,RG,3700,1,D,CP,XC,D
14:31:23,UNVR,RG,3700,5,D,CP,PD,D
14:31:23,UNVR,RG,3700,15,D,CP,YP,D
14:31:23,UNVR,RG,3700,5,D,CP,YP,D
14:31:23,UNVR,RG,3700,10,D,CP,DH,D
14:31:23,UNVR,RG,3700,5,D,CP,YP,D
14:31:23,UNVR,RG,3700,4,D,CP,AZ,D
14:31:23,UNVR,RG,3700,20,D,CP,CC,D
14:31:23,UNVR,RG,3700,15,D,CP,CC,D
14:31:23,UNVR,RG,3700,50,D,CP,GR,D
14:31:23,UNVR,RG,3700,3,D,CP,NI,D
14:31:23,UNVR,RG,3700,3,D,CP,XC,D
14:31:23,UNVR,RG,3700,10,D,CP,LG,D
14:31:23,UNVR,RG,3700,10,D,CP,NI,D
14:31:23,UNVR,RG,3700,12,D,CP,XC,D
14:31:23,UNVR,RG,3700,2,D,CP,EL,D
14:31:23,UNVR,RG,3700,1,D,CP,PD,D
14:31:23,UNVR,RG,3700,2,D,CP,NI,D
14:31:23,UNVR,RG,3700,21,D,CP,PD,D
14:31:23,UNVR,RG,3700,3,D,CP,YP,D
14:31:23,UNVR,RG,3700,10,D,CP,KK,D
14:31:23,UNVR,RG,3700,7,D,CP,XC,D
14:31:23,UNVR,RG,3700,9,D,CP,XC,D
14:31:23,UNVR,RG,3700,3,D,CP,PD,D
14:31:23,UNVR,RG,3700,10,D,CP,CC,D
14:31:23,UNVR,RG,3700,1,D,CP,XA,D
14:31:23,UNVR,RG,3700,10,D,CP,YP,D
14:31:23,UNVR,RG,3700,50,D,CP,DH,D
14:31:23,UNVR,RG,3700,5,D,CP,YP,D
14:31:23,UNVR,RG,3700,5,D,CP,DH,D
14:31:23,UNVR,RG,3700,10,D,CP,NI,D
14:31:23,UNVR,RG,3700,3,D,CP,NI,D
14:31:23,UNVR,RG,3700,13,D,CP,KZ,D
14:31:23,UNVR,RG,3700,20,D,CP,CC,D
14:31:23,UNVR,RG,3700,2,D,CP,DR,D
14:31:23,UNVR,RG,3700,2,D,CP,XC,D
14:31:23,UNVR,RG,3700,1,D,CP,NI,D
14:31:23,UNVR,RG,3700,500,D,CP,BF,D
14:31:23,UNVR,RG,3700,50,D,CP,LH,D
14:31:23,UNVR,RG,3700,140,D,CP,CC,D
14:31:23,UNVR,RG,3700,17,D,CP,YP,D
14:31:23,UNVR,RG,3700,1,D,CP,CC,D
14:31:23,UNVR,RG,3700,25,D,CP,YP,D
14:31:23,UNVR,RG,3700,1,D,CP,ZP,D
14:31:23,UNVR,RG,3700,1,D,CP,PD,D
14:31:23,UNVR,RG,3700,1,D,CP,AO,D
14:31:23,UNVR,RG,3700,1,D,CP,XL,D
14:31:23,UNVR,RG,3700,15,D,CP,SQ,D
14:31:23,UNVR,RG,3700,1,D,CP,PD,D
14:31:23,UNVR,RG,3700,1,D,CP,CP,D
14:31:23,UNVR,RG,3700,200,D,CP,RF,D
14:31:23,UNVR,RG,3700,200,D,CP,YP,D
14:31:23,UNVR,RG,3700,30,D,CP,PD,D
14:31:23,UNVR,RG,3700,5,D,CP,SQ,D
14:31:23,UNVR,RG,3700,1,D,CP,XC,D
14:31:23,UNVR,RG,3700,5,D,CP,YP,D
14:31:23,UNVR,RG,3700,10,D,CP,HP,D
14:31:23,UNVR,RG,3700,2,D,CP,PD,D
14:31:23,UNVR,RG,3700,20,D,CP,YP,D
14:31:23,UNVR,RG,3700,1,D,CP,YP,D
14:31:23,UNVR,RG,3700,10,D,CP,SS,D
14:31:23,UNVR,RG,3700,500,D,CP,AG,D
14:31:23,UNVR,RG,3700,1,D,CP,KK,D
14:31:23,UNVR,RG,3700,4,D,CP,XC,D
14:31:23,UNVR,RG,3700,50,D,CP,SQ,D
14:31:23,UNVR,RG,3700,1,D,CP,YP,D
14:31:23,UNVR,RG,3700,2,D,CP,LG,D
14:31:23,UNVR,RG,3700,500,D,CP,CC,D
14:31:23,UNVR,RG,3700,1,D,CP,XC,D
14:31:23,UNVR,RG,3700,1,D,CP,CP,D
14:31:23,UNVR,RG,3700,63,D,CP,YP,D
14:31:22,UNVR,RG,3690,12,D,CP,LG,D
14:31:17,UNVR,RG,3690,1,D,CP,AO,D
14:31:17,UNVR,RG,3700,37,D,PD,YP,D
14:31:17,UNVR,RG,3700,20,D,PD,YP,D
14:31:17,UNVR,RG,3700,4,D,PD,PD,D
14:31:17,UNVR,RG,3700,10,D,PD,EP,D
14:31:17,UNVR,RG,3700,374,D,PD,KK,D
14:31:15,UNVR,RG,3700,3,D,PD,KK,D
14:31:14,UNVR,RG,3690,10,D,CP,EP,D
14:31:14,UNVR,RG,3690,1,D,CP,PD,D
14:31:14,UNVR,RG,3700,2,D,PD,KK,D
14:31:13,UNVR,RG,3700,321,D,BB,KK,D
14:31:13,UNVR,RG,3700,30,D,BB,XC,D
14:31:13,UNVR,RG,3700,100,D,BB,GR,F
14:31:11,UNVR,RG,3690,4,D,CP,EP,D
14:31:06,UNVR,RG,3690,20,D,CP,YU,D
14:31:05,UNVR,RG,3690,4,D,CP,SQ,D
14:31:05,UNVR,RG,3690,1,D,CP,CC,D
14:31:03,UNVR,RG,3690,10,D,CP,DH,D
14:31:03,UNVR,RG,3690,50,D,CP,PD,D
14:31:03,UNVR,RG,3690,3,D,CP,PD,D
14:31:02,UNVR,RG,3690,100,D,CP,ES,D
14:31:02,UNVR,RG,3690,1,D,CP,YP,D
14:31:01,UNVR,RG,3690,1,D,CP,PD,D
14:31:01,UNVR,RG,3690,71,D,CP,XL,D
14:31:01,UNVR,RG,3690,10,D,CP,SQ,D
14:31:01,UNVR,RG,3690,3,D,CP,XC,D
14:31:01,UNVR,RG,3690,39,D,CP,PC,D
14:31:01,UNVR,RG,3690,1,D,KK,PC,D
14:31:01,UNVR,RG,3690,1,D,XC,PC,D
14:31:00,UNVR,RG,3690,9,D,NI,PC,D
14:31:00,UNVR,RG,3690,2,D,NI,AT,D
14:31:00,UNVR,RG,3690,9,D,NI,XL,D
14:30:58,UNVR,RG,3690,15,D,CC,XL,D
14:30:58,UNVR,RG,3690,1,D,CC,NI,D
14:30:58,UNVR,RG,3690,1,D,CC,GR,D
14:30:58,UNVR,RG,3690,83,D,CC,YP,D
14:30:57,UNVR,RG,3690,1,D,HP,YP,D
14:30:56,UNVR,RG,3690,1,D,YP,YP,D
14:30:55,UNVR,RG,3690,5,D,OD,YP,D
14:30:53,UNVR,RG,3690,10,D,CC,YP,D
14:30:52,UNVR,RG,3680,16,D,OD,XC,D
14:30:51,UNVR,RG,3690,3,D,DR,CC,D
14:30:51,UNVR,RG,3690,17,D,DR,BK,F
14:30:51,UNVR,RG,3690,15,D,DR,YP,D
14:30:51,UNVR,RG,3690,1,D,DR,HP,D
14:30:51,UNVR,RG,3690,1,D,DR,PD,D
14:30:51,UNVR,RG,3690,21,D,DR,NI,D
14:30:51,UNVR,RG,3690,42,D,DR,PD,D
14:30:50,UNVR,RG,3690,5,D,NI,PD,D
14:30:50,UNVR,RG,3690,5,D,YP,PD,D
14:30:50,UNVR,RG,3690,10,D,YP,PD,D
14:30:49,UNVR,RG,3690,38,D,CP,PD,D
14:30:49,UNVR,RG,3690,5,D,CP,ZP,D
14:30:49,UNVR,RG,3690,2,D,CP,AT,D
14:30:49,UNVR,RG,3690,19,D,CP,BK,F
14:30:49,UNVR,RG,3690,1,D,CP,YP,D
14:30:49,UNVR,RG,3690,5,D,CP,AT,D
14:30:49,UNVR,RG,3690,100,D,CP,XA,D
14:30:49,UNVR,RG,3690,3,D,CP,PD,D
14:30:49,UNVR,RG,3690,2,D,CP,KK,D
14:30:49,UNVR,RG,3690,5,D,CP,KK,D
14:30:49,UNVR,RG,3690,20,D,CP,CC,D
14:30:46,UNVR,RG,3690,3,D,XC,CC,D
14:30:44,UNVR,RG,3690,10,D,CC,CC,D
14:30:44,UNVR,RG,3690,2,D,XC,CC,D
14:30:42,UNVR,RG,3690,15,D,DR,CC,D
14:30:41,UNVR,RG,3690,1,F,BK,YP,D
14:30:41,UNVR,RG,3690,5,D,PD,YP,D
14:30:41,UNVR,RG,3690,15,D,OD,YP,D
14:30:41,UNVR,RG,3690,15,F,CS,YP,D
14:30:41,UNVR,RG,3690,58,D,BB,YP,D
14:30:41,UNVR,RG,3690,6,F,BK,YP,D
14:30:41,UNVR,RG,3690,5,F,BK,PD,D
14:30:39,UNVR,RG,3690,2,F,BK,YP,D
14:30:39,UNVR,RG,3690,2,F,BK,YP,D
14:30:38,UNVR,RG,3690,10,F,BK,PD,D
14:30:35,UNVR,RG,3690,1,F,BK,EP,D
14:30:35,UNVR,RG,3690,137,F,BK,YP,D
14:30:35,UNVR,RG,3690,57,D,CC,YP,D
14:30:35,UNVR,RG,3690,74,D,CP,YP,D
14:30:34,UNVR,RG,3690,13,D,CP,PD,D
14:30:33,UNVR,RG,3690,2,D,CP,SQ,D
14:30:33,UNVR,RG,3690,8,D,CP,SQ,D
14:30:33,UNVR,RG,3690,1,D,CP,XC,D
14:30:33,UNVR,RG,3690,2,D,CP,ZP,F
14:30:33,UNVR,RG,3690,100,D,CP,YP,D
14:30:33,UNVR,RG,3690,6,D,CP,XC,D
14:30:33,UNVR,RG,3690,1,D,CP,HP,D
14:30:33,UNVR,RG,3690,4,D,CP,XL,D
14:30:33,UNVR,RG,3690,2,D,CP,XC,D
14:30:33,UNVR,RG,3690,2,D,CP,KK,D
14:30:33,UNVR,RG,3690,2,D,CP,YP,D
14:30:33,UNVR,RG,3690,35,D,CP,PC,D
14:30:33,UNVR,RG,3690,10,D,CP,KK,D
14:30:33,UNVR,RG,3690,10,D,CP,YP,D
14:30:33,UNVR,RG,3690,2,D,CP,CC,D
14:30:33,UNVR,RG,3690,100,D,CP,DH,D
14:30:33,UNVR,RG,3690,10,D,CP,YP,D
14:30:33,UNVR,RG,3690,1,D,CP,XC,D
14:30:33,UNVR,RG,3690,2,D,CP,CC,D
14:30:33,UNVR,RG,3690,1,D,CP,PD,D
14:30:33,UNVR,RG,3690,15,D,CP,YP,D
14:30:33,UNVR,RG,3690,5,D,CP,XL,D
14:30:33,UNVR,RG,3690,75,D,CP,PD,D
14:30:33,UNVR,RG,3690,5,D,CP,NI,D
14:30:33,UNVR,RG,3690,10,D,CP,YP,D
14:30:33,UNVR,RG,3690,15,D,CP,NI,D
14:30:33,UNVR,RG,3690,2,D,CP,EP,D
14:30:33,UNVR,RG,3690,79,D,CP,EP,D
14:30:33,UNVR,RG,3690,2,D,CP,CC,D
14:30:33,UNVR,RG,3690,7,D,CP,PD,D
14:30:33,UNVR,RG,3690,1,D,CP,XC,D
14:30:33,UNVR,RG,3690,5,D,CP,CC,D
14:30:33,UNVR,RG,3690,3,D,CP,XC,D
14:30:33,UNVR,RG,3690,1,D,CP,XC,D
14:30:33,UNVR,RG,3690,10,D,CP,DH,D
14:30:33,UNVR,RG,3690,3,D,CP,NI,D
14:30:33,UNVR,RG,3690,5,D,CP,YP,D
14:30:33,UNVR,RG,3690,80,D,CP,YP,D
14:30:33,UNVR,RG,3690,100,D,CP,YP,D
14:30:33,UNVR,RG,3690,2,D,CP,YP,D
14:30:33,UNVR,RG,3690,140,D,CP,PD,D
14:30:33,UNVR,RG,3690,5,D,CP,XC,D
14:30:33,UNVR,RG,3690,4,D,CP,YP,D
14:30:33,UNVR,RG,3690,13,D,CP,KZ,D
14:30:33,UNVR,RG,3690,100,D,CP,YP,D
14:30:33,UNVR,RG,3690,1,D,CP,YP,D
14:30:33,UNVR,RG,3690,75,D,CP,LS,D
14:30:33,UNVR,RG,3690,49,D,CP,DR,D
14:30:31,UNVR,RG,3690,1,D,KK,DR,D
14:30:31,UNVR,RG,3690,1,D,XC,DR,D
14:30:31,UNVR,RG,3690,16,F,BK,DR,D
14:30:30,UNVR,RG,3690,136,D,CC,DR,D
14:30:29,UNVR,RG,3690,90,D,BB,DR,D
14:30:29,UNVR,RG,3690,5,D,PD,DR,D
14:30:28,UNVR,RG,3690,16,F,BK,DR,D
14:30:27,UNVR,RG,3680,29,D,OD,LG,D
14:30:26,UNVR,RG,3690,106,D,OD,DR,D
14:30:26,UNVR,RG,3690,7,D,OD,DR,D
14:30:26,UNVR,RG,3690,24,D,OD,DR,D
14:30:25,UNVR,RG,3690,10,D,YP,DR,D
14:30:23,UNVR,RG,3690,28,F,BK,DR,D
14:30:23,UNVR,RG,3690,511,D,BB,DR,D
14:30:23,UNVR,RG,3690,1,D,BB,XC,D
14:30:23,UNVR,RG,3690,1,D,BB,OD,D
14:30:23,UNVR,RG,3690,254,D,BB,AG,D
14:30:22,UNVR,RG,3680,50,D,OD,PD,D
14:30:20,UNVR,RG,3690,1,D,CC,AG,D
14:30:18,UNVR,RG,3690,16,F,BK,AG,D
14:30:17,UNVR,RG,3680,70,D,OD,PD,D
14:30:16,UNVR,RG,3690,5,D,KK,AG,D
14:30:13,UNVR,RG,3680,5,D,OD,GR,D
14:30:12,UNVR,RG,3690,3,D,PD,AG,D
14:30:10,UNVR,RG,3690,22,F,BK,AG,D
14:30:09,UNVR,RG,3680,2,D,OD,HP,D
14:30:07,UNVR,RG,3680,5,D,OD,GI,D
14:30:07,UNVR,RG,3680,3,D,OD,YP,D
14:30:07,UNVR,RG,3680,4,D,OD,ZP,F
14:30:07,UNVR,RG,3680,500,D,OD,CP,D
14:30:07,UNVR,RG,3680,20,D,OD,EP,D
14:30:07,UNVR,RG,3680,40,D,OD,PD,D
14:30:07,UNVR,RG,3680,1,D,OD,EP,D
14:30:07,UNVR,RG,3680,3,D,OD,PD,D
14:30:07,UNVR,RG,3680,1,D,OD,CC,D
14:30:07,UNVR,RG,3680,4,D,OD,PD,D
14:30:07,UNVR,RG,3680,3,D,OD,NI,D
14:30:07,UNVR,RG,3680,10,D,OD,XC,D
14:30:07,UNVR,RG,3680,2,D,OD,XC,D
14:30:07,UNVR,RG,3680,1,D,OD,CC,D
14:30:07,UNVR,RG,3680,20,D,OD,XC,D
14:30:07,UNVR,RG,3680,10,D,OD,YP,D
14:30:07,UNVR,RG,3680,18,D,OD,PD,D
14:30:07,UNVR,RG,3680,10,D,OD,YJ,D
14:30:07,UNVR,RG,3680,52,D,OD,XL,D
14:30:07,UNVR,RG,3680,6,D,OD,YP,D
14:30:07,UNVR,RG,3680,3,D,OD,PD,D
14:30:07,UNVR,RG,3680,100,D,OD,DR,D
14:30:07,UNVR,RG,3680,5,D,OD,YP,D
14:30:07,UNVR,RG,3680,15,D,OD,EP,D
14:30:07,UNVR,RG,3680,1,D,OD,PD,D
14:30:07,UNVR,RG,3680,1,D,OD,YP,D
14:30:07,UNVR,RG,3680,500,D,OD,AI,F
14:30:07,UNVR,RG,3680,10,D,OD,YP,D
14:30:07,UNVR,RG,3680,4,D,OD,PD,D
14:30:07,UNVR,RG,3680,100,D,OD,FZ,D
14:30:07,UNVR,RG,3680,1,D,OD,AO,D
14:30:07,UNVR,RG,3680,25,D,OD,SQ,D
14:30:07,UNVR,RG,3680,3,D,OD,NI,D
14:30:07,UNVR,RG,3680,18,D,OD,PD,D
14:30:07,UNVR,RG,3680,1,D,OD,YP,D
14:30:07,UNVR,RG,3680,20,D,OD,CC,D
14:30:07,UNVR,RG,3680,25,D,OD,NI,D
14:30:07,UNVR,RG,3680,10,D,OD,YP,D
14:30:07,UNVR,RG,3680,100,D,OD,YP,D
14:30:07,UNVR,RG,3680,4,D,OD,XC,D
14:30:07,UNVR,RG,3680,25,D,OD,GR,F
14:30:07,UNVR,RG,3680,1,D,OD,DH,D
14:30:07,UNVR,RG,3680,5,D,OD,XC,D
14:30:07,UNVR,RG,3680,10,D,OD,DH,D
14:30:07,UNVR,RG,3680,10,D,OD,EP,D
14:30:07,UNVR,RG,3680,100,D,OD,DR,D
14:30:07,UNVR,RG,3680,12,D,OD,XL,D
14:30:07,UNVR,RG,3680,1,D,OD,CC,D
14:30:02,UNVR,RG,3680,20,D,CC,CC,D
14:30:02,UNVR,RG,3670,100,F,CS,CP,D
14:30:01,UNVR,RG,3680,30,D,YB,CC,D
14:30:00,UNVR,RG,3680,1,D,KK,CC,D
14:30:00,UNVR,RG,3680,1,D,KK,CC,D
14:29:58,UNVR,RG,3670,10,F,CS,YP,D
14:29:56,UNVR,RG,3670,26,F,CS,EP,D
14:29:56,UNVR,RG,3670,4,D,BB,EP,D
14:29:55,UNVR,RG,3670,1,D,BB,XC,D
14:29:48,UNVR,RG,3670,1,D,BB,XC,D
14:29:48,UNVR,RG,3670,67,D,BB,NI,D
14:29:46,UNVR,RG,3670,5,D,BB,CC,D
14:29:42,UNVR,RG,3670,3,D,BB,XC,D
14:29:40,UNVR,RG,3670,16,D,BB,SQ,D
14:29:40,UNVR,RG,3670,34,F,BK,SQ,D
14:29:39,UNVR,RG,3680,1,D,YP,CC,D
14:29:38,UNVR,RG,3670,1,F,BK,MU,D
14:29:36,UNVR,RG,3680,85,D,BB,CC,D
14:29:34,UNVR,RG,3670,2,F,BK,KK,D
14:29:32,UNVR,RG,3670,2,F,BK,PD,D
14:29:31,UNVR,RG,3670,3,F,BK,CC,D
14:29:31,UNVR,RG,3670,2,D,OD,CC,D
14:29:31,UNVR,RG,3670,103,D,OD,YP,D
14:29:31,UNVR,RG,3670,1,D,OD,XC,D
14:29:31,UNVR,RG,3670,20,D,OD,SQ,D
14:29:29,UNVR,RG,3670,20,D,OD,XC,D
14:29:27,UNVR,RG,3670,30,D,OD,CC,D
14:29:27,UNVR,RG,3670,83,D,OD,KZ,D
14:29:27,UNVR,RG,3670,1,D,OD,CC,D
14:29:27,UNVR,RG,3670,5,D,OD,XC,D
14:29:27,UNVR,RG,3670,3,D,OD,PD,D
14:29:27,UNVR,RG,3670,1,D,OD,BQ,D
14:29:27,UNVR,RG,3670,7,D,OD,OD,D
14:29:27,UNVR,RG,3670,3,D,OD,XC,D
14:29:27,UNVR,RG,3670,6,D,OD,PD,D
14:29:27,UNVR,RG,3670,1,D,OD,PD,D
14:29:27,UNVR,RG,3670,50,D,OD,YP,D
14:29:27,UNVR,RG,3670,1,D,OD,CC,D
14:29:27,UNVR,RG,3670,30,D,OD,KK,D
14:29:27,UNVR,RG,3670,10,D,OD,PD,D
14:29:27,UNVR,RG,3670,100,D,OD,CC,D
14:29:27,UNVR,RG,3670,68,D,OD,PD,D
14:29:27,UNVR,RG,3670,5,D,OD,EP,D
14:29:27,UNVR,RG,3670,30,D,OD,XC,D
14:29:27,UNVR,RG,3670,15,D,OD,EP,D
14:29:27,UNVR,RG,3670,25,D,OD,LG,D
14:29:27,UNVR,RG,3670,2,D,OD,PD,D
14:29:27,UNVR,RG,3670,1,D,OD,XC,D
14:29:27,UNVR,RG,3670,50,D,OD,CC,D
14:29:27,UNVR,RG,3670,5,D,OD,CC,D
14:29:27,UNVR,RG,3670,30,D,OD,XA,D
14:29:27,UNVR,RG,3670,3,D,OD,AT,D
14:29:27,UNVR,RG,3670,13,D,OD,XC,D
14:29:27,UNVR,RG,3670,2,D,OD,ZP,F
14:29:27,UNVR,RG,3670,35,D,OD,XA,D
14:29:27,UNVR,RG,3670,10,D,OD,LG,D
14:29:27,UNVR,RG,3670,1,D,OD,SQ,D
14:29:27,UNVR,RG,3670,14,D,OD,YP,D
14:29:27,UNVR,RG,3670,25,D,OD,XA,D
14:29:27,UNVR,RG,3670,5,D,OD,XL,D
14:29:27,UNVR,RG,3670,5,D,OD,CC,D
14:29:27,UNVR,RG,3670,60,D,OD,CC,D
14:29:27,UNVR,RG,3670,30,D,OD,PD,D
14:29:27,UNVR,RG,3670,272,D,OD,YP,D
14:29:27,UNVR,RG,3670,10,D,OD,XC,D
14:29:27,UNVR,RG,3670,1,D,OD,NI,D
14:29:27,UNVR,RG,3670,5,D,OD,YP,D
14:29:27,UNVR,RG,3670,20,D,OD,YB,D
14:29:27,UNVR,RG,3670,10,D,OD,FS,D
14:29:27,UNVR,RG,3670,1,D,OD,YP,D
14:29:27,UNVR,RG,3670,1,D,OD,CC,D
14:29:27,UNVR,RG,3670,5,D,OD,CC,D
14:29:27,UNVR,RG,3670,5,D,OD,EP,D
14:29:27,UNVR,RG,3670,28,D,OD,AT,D
14:29:27,UNVR,RG,3670,1,D,OD,GR,D
14:29:27,UNVR,RG,3670,2,D,OD,XC,D
14:29:27,UNVR,RG,3670,228,D,OD,NI,D
14:29:24,UNVR,RG,3670,20,D,XC,NI,D
14:29:23,UNVR,RG,3660,3,D,BB,GR,D
14:29:18,UNVR,RG,3660,5,D,BB,AZ,D
14:29:18,UNVR,RG,3670,1,D,GR,NI,D
14:29:15,UNVR,RG,3670,15,D,YP,NI,D
14:29:15,UNVR,RG,3660,5,D,BB,XC,D
14:29:13,UNVR,RG,3670,1,D,YP,NI,D
14:29:12,UNVR,RG,3670,10,D,PD,NI,D
14:29:09,UNVR,RG,3670,1,D,YP,NI,D
14:29:09,UNVR,RG,3660,4,D,BB,ZP,D
14:29:06,UNVR,RG,3660,7,D,BB,OD,D
14:29:03,UNVR,RG,3660,10,D,BB,PD,D
14:29:03,UNVR,RG,3660,5,D,BB,YB,D
14:29:00,UNVR,RG,3670,1,D,PD,NI,D
14:28:59,UNVR,RG,3670,2,D,CP,NI,D
14:28:54,UNVR,RG,3670,5,D,YU,NI,D
14:28:54,UNVR,RG,3670,16,D,YP,NI,D
14:28:54,UNVR,RG,3670,5,D,YP,YP,D
14:28:54,UNVR,RG,3670,1,D,YP,YP,D
14:28:54,UNVR,RG,3670,1,D,YP,PD,D
14:28:53,UNVR,RG,3660,100,D,BB,NI,D
14:28:52,UNVR,RG,3670,10,D,KK,YP,D
14:28:47,UNVR,RG,3660,3,D,BB,DR,D
14:28:47,UNVR,RG,3660,1,D,XC,DR,D
14:28:47,UNVR,RG,3660,146,D,CP,DR,D
14:28:41,UNVR,RG,3660,2,D,CP,XC,D
14:28:36,UNVR,RG,3660,1,D,CP,XC,D
14:28:35,UNVR,RG,3660,20,D,CP,KK,D
14:28:34,UNVR,RG,3670,20,D,AZ,YP,D
14:28:32,UNVR,RG,3670,1,D,CC,YP,D
14:28:31,UNVR,RG,3660,20,D,CP,AZ,D
14:28:31,UNVR,RG,3660,7,D,CP,YP,D
14:28:28,UNVR,RG,3660,30,D,CP,YP,D
14:28:25,UNVR,RG,3660,50,D,CP,CC,D
14:28:25,UNVR,RG,3670,10,D,NI,YP,D
14:28:21,UNVR,RG,3660,100,D,CP,RO,D
14:28:18,UNVR,RG,3670,5,D,KK,YP,D
14:28:18,UNVR,RG,3660,6,D,CP,XC,D
14:28:17,UNVR,RG,3670,5,D,RO,YP,D
14:28:17,UNVR,RG,3670,20,D,YP,YP,D
14:28:16,UNVR,RG,3660,4,D,CP,YP,D
14:28:13,UNVR,RG,3670,87,D,PD,YP,D
14:28:13,UNVR,RG,3670,10,D,PD,YP,D
14:28:13,UNVR,RG,3670,1,D,PD,YP,D
14:28:13,UNVR,RG,3670,2,D,PD,XL,D
14:28:11,UNVR,RG,3660,6,D,CP,XC,D
14:28:11,UNVR,RG,3670,8,D,CC,XL,D
14:28:11,UNVR,RG,3670,3,D,CC,AK,F
14:28:11,UNVR,RG,3670,20,D,CC,EP,D
14:28:11,UNVR,RG,3670,8,D,CC,DH,D
14:28:11,UNVR,RG,3670,41,D,CC,AK,F
14:28:10,UNVR,RG,3660,10,D,CP,PD,D
14:28:10,UNVR,RG,3660,10,D,CP,PD,D
14:28:08,UNVR,RG,3670,5,D,CC,AK,F
14:28:07,UNVR,RG,3660,10,D,CP,OD,D
14:28:06,UNVR,RG,3660,1,D,CP,XC,D
14:28:03,UNVR,RG,3660,50,D,CP,LG,D
14:28:02,UNVR,RG,3670,5,D,HP,AK,F
14:28:01,UNVR,RG,3660,10,D,CP,NI,D
14:27:59,UNVR,RG,3660,1,D,CP,XC,D
14:27:58,UNVR,RG,3670,1,D,CC,ZP,F
14:27:58,UNVR,RG,3670,2,D,PD,ZP,F
14:27:57,UNVR,RG,3660,5,D,CP,NI,D
14:27:57,UNVR,RG,3660,10,D,CP,CC,D
14:27:53,UNVR,RG,3660,1,D,CP,XC,D
14:27:50,UNVR,RG,3660,5,D,CC,AG,D
14:27:49,UNVR,RG,3660,7,F,AK,OD,D
14:27:49,UNVR,RG,3660,10,F,AK,AI,D
14:27:49,UNVR,RG,3660,106,F,AK,YP,D
14:27:49,UNVR,RG,3660,23,F,CS,YP,D
14:27:49,UNVR,RG,3660,23,F,CS,YP,D
14:27:48,UNVR,RG,3660,23,D,BQ,YP,D
14:27:48,UNVR,RG,3660,27,D,BQ,BQ,D
14:27:48,UNVR,RG,3660,30,D,YP,BQ,D
14:27:48,UNVR,RG,3660,5,D,DH,BQ,D
14:27:48,UNVR,RG,3660,50,D,YP,BQ,D
14:27:48,UNVR,RG,3660,30,D,TF,BQ,D
14:27:48,UNVR,RG,3660,30,D,YP,BQ,D
14:27:48,UNVR,RG,3660,1,F,AK,BQ,D
14:27:48,UNVR,RG,3660,20,D,LS,BQ,D
14:27:48,UNVR,RG,3660,5,D,KK,BQ,D
14:27:48,UNVR,RG,3660,4,D,AK,BQ,D
14:27:48,UNVR,RG,3660,40,D,BB,BQ,D
14:27:48,UNVR,RG,3660,144,D,BB,BQ,D
14:27:48,UNVR,RG,3660,2,D,PD,BQ,D
14:27:48,UNVR,RG,3660,3,D,YP,BQ,D
14:27:48,UNVR,RG,3660,1,D,YP,BQ,D
14:27:48,UNVR,RG,3660,10,D,PD,BQ,D
14:27:48,UNVR,RG,3660,1,D,CC,BQ,D
14:27:48,UNVR,RG,3660,1,D,AT,BQ,D
14:27:48,UNVR,RG,3660,1,D,PD,BQ,D
14:27:48,UNVR,RG,3660,1,D,DH,BQ,D
14:27:48,UNVR,RG,3660,3,D,CC,BQ,D
14:27:48,UNVR,RG,3660,18,D,CC,AZ,D
14:27:47,UNVR,RG,3660,3,D,CC,XC,D
14:27:47,UNVR,RG,3660,29,D,CC,KK,D
14:27:46,UNVR,RG,3660,10,D,CC,NI,D
14:27:46,UNVR,RG,3660,10,D,CC,YP,D
14:27:45,UNVR,RG,3660,8,D,CC,SQ,D
14:27:45,UNVR,RG,3660,1,D,CC,YP,D
14:27:45,UNVR,RG,3660,115,D,CC,YP,D
14:27:45,UNVR,RG,3660,5,D,CC,XC,D
14:27:44,UNVR,RG,3660,10,D,CC,LG,D
14:27:43,UNVR,RG,3670,75,D,DR,YP,D
14:27:43,UNVR,RG,3660,10,D,CC,EP,D
14:27:42,UNVR,RG,3660,138,D,CC,CC,D
14:27:40,UNVR,RG,3660,2,D,CC,PD,D
14:27:40,UNVR,RG,3670,20,D,NI,YP,D
14:27:40,UNVR,RG,3660,1,D,CC,KK,D
14:27:40,UNVR,RG,3660,20,D,CC,DR,D
14:27:39,UNVR,RG,3660,20,D,CC,YP,D
14:27:39,UNVR,RG,3670,1,D,PD,YP,D
14:27:39,UNVR,RG,3660,1,D,CC,PD,D
14:27:38,UNVR,RG,3660,10,D,CC,PD,D
14:27:38,UNVR,RG,3660,1,D,CC,KK,D
14:27:35,UNVR,RG,3660,5,D,CC,CC,D
14:27:33,UNVR,RG,3660,34,D,CC,KK,D
14:27:32,UNVR,RG,3660,2,D,CC,ZP,F
14:27:31,UNVR,RG,3660,44,D,CC,YP,D
14:27:31,UNVR,RG,3660,200,D,PD,YP,D
14:27:31,UNVR,RG,3660,200,D,PD,YP,D
14:27:31,UNVR,RG,3660,500,D,YP,YP,D
14:27:31,UNVR,RG,3660,10,D,GR,YP,D
14:27:31,UNVR,RG,3660,2,D,DH,YP,D
14:27:31,UNVR,RG,3660,44,D,BB,YP,D
14:27:30,UNVR,RG,3670,10,D,NI,YP,D
14:27:30,UNVR,RG,3670,164,D,YP,YP,D
14:27:28,UNVR,RG,3660,59,F,BK,AK,F
14:27:27,UNVR,RG,3660,50,F,BK,PD,D
14:27:27,UNVR,RG,3660,50,F,BK,PD,D
14:27:27,UNVR,RG,3670,100,D,BB,YP,D
14:27:27,UNVR,RG,3670,10,D,NI,YP,D
14:27:27,UNVR,RG,3670,15,D,YP,YP,D
14:27:27,UNVR,RG,3670,20,D,YP,YP,D
14:27:27,UNVR,RG,3670,2,D,XC,YP,D
14:27:27,UNVR,RG,3670,3,D,CC,YP,D
14:27:27,UNVR,RG,3670,1,D,KK,YP,D
14:27:27,UNVR,RG,3670,3,D,KK,YP,D
14:27:27,UNVR,RG,3670,100,F,CS,YP,D
14:27:27,UNVR,RG,3670,263,D,BB,YP,D
14:27:27,UNVR,RG,3670,1,F,AK,YP,D
14:27:27,UNVR,RG,3670,1,D,YP,YP,D
14:27:27,UNVR,RG,3670,50,D,PD,YP,D
14:27:27,UNVR,RG,3670,1,D,YP,YP,D
14:27:27,UNVR,RG,3670,30,D,GR,YP,D
14:27:27,UNVR,RG,3670,25,D,YP,YP,D
14:27:27,UNVR,RG,3670,20,D,XC,YP,D
14:27:27,UNVR,RG,3670,5,D,PD,YP,D
14:27:27,UNVR,RG,3670,3,D,YP,YP,D
14:27:27,UNVR,RG,3670,2,D,XL,YP,D
14:27:27,UNVR,RG,3670,83,D,BB,YP,D
14:27:27,UNVR,RG,3670,1,D,OD,YP,D
14:27:27,UNVR,RG,3670,3,D,PD,YP,D
14:27:27,UNVR,RG,3670,1,D,PD,YP,D
14:27:27,UNVR,RG,3670,80,D,CC,YP,D
14:27:27,UNVR,RG,3670,100,D,XC,YP,D
14:27:27,UNVR,RG,3670,42,D,HP,YP,D
14:27:27,UNVR,RG,3670,250,D,YJ,YP,D
14:27:27,UNVR,RG,3670,3,D,GR,YP,D
14:27:27,UNVR,RG,3670,1,D,CC,YP,D
14:27:27,UNVR,RG,3670,10,D,NI,YP,D
14:27:27,UNVR,RG,3670,5,D,NI,YP,D
14:27:27,UNVR,RG,3670,2,D,PD,YP,D
14:27:27,UNVR,RG,3670,1,D,CC,YP,D
14:27:27,UNVR,RG,3670,15,D,SQ,YP,D
14:27:27,UNVR,RG,3670,1,D,PD,YP,D
14:27:27,UNVR,RG,3670,5,D,XL,YP,D
14:27:27,UNVR,RG,3670,10,D,YP,YP,D
14:27:27,UNVR,RG,3670,10,D,YP,YP,D
14:27:27,UNVR,RG,3670,4,D,YP,YP,D
14:27:27,UNVR,RG,3670,20,D,CC,YP,D
14:27:27,UNVR,RG,3670,21,D,CC,YP,D
14:27:27,UNVR,RG,3670,10,D,AI,YP,D
14:27:27,UNVR,RG,3670,10,D,YP,YP,D
14:27:27,UNVR,RG,3670,1,D,XC,YP,D
14:27:27,UNVR,RG,3670,10,D,DX,YP,D
14:27:27,UNVR,RG,3670,100,D,PD,YP,D
14:27:27,UNVR,RG,3670,46,D,BB,YP,D
14:27:27,UNVR,RG,3670,6,D,CC,YP,D
14:27:27,UNVR,RG,3670,1,D,XL,YP,D
14:27:27,UNVR,RG,3670,5,D,PD,YP,D
14:27:27,UNVR,RG,3670,1418,D,YP,YP,D
14:27:27,UNVR,RG,3670,14,D,YP,XL,D
14:27:24,UNVR,RG,3670,1,D,YP,XC,D
14:27:22,UNVR,RG,3670,67,D,YP,CC,D
14:27:22,UNVR,RG,3670,50,F,CS,CC,D
14:27:22,UNVR,RG,3670,2,D,AT,CC,D
14:27:22,UNVR,RG,3670,46,D,BB,CC,D
14:27:21,UNVR,RG,3680,5,D,DH,CC,D
14:27:16,UNVR,RG,3670,50,D,BB,YP,D
14:27:11,UNVR,RG,3670,25,D,BB,OD,D
14:27:10,UNVR,RG,3680,14,D,XC,CC,D
14:27:07,UNVR,RG,3670,2,D,BB,CC,D
14:27:04,UNVR,RG,3670,10,D,BB,NI,D
14:27:03,UNVR,RG,3670,7,D,BB,OD,D
14:26:55,UNVR,RG,3670,10,D,BB,OD,D
14:26:48,UNVR,RG,3680,39,D,EP,CC,D
14:26:46,UNVR,RG,3670,1,D,BB,XC,D
14:26:44,UNVR,RG,3670,29,D,BB,LG,D
14:26:43,UNVR,RG,3680,1,D,XC,CC,D
14:26:43,UNVR,RG,3680,2,D,KK,CC,D
14:26:43,UNVR,RG,3680,1,D,KK,PD,D
14:26:40,UNVR,RG,3680,2,D,YP,PD,D
14:26:38,UNVR,RG,3680,5,D,CC,PD,D
14:26:35,UNVR,RG,3680,1,D,XC,PD,D
14:26:33,UNVR,RG,3670,10,D,BB,PD,D
14:26:33,UNVR,RG,3670,5,D,BB,ZP,D
14:26:32,UNVR,RG,3680,3,D,YP,PD,D
14:26:32,UNVR,RG,3680,10,D,PD,PD,D
14:26:30,UNVR,RG,3680,5,D,PD,PD,D
14:26:30,UNVR,RG,3680,1,D,XC,PD,D
14:26:30,UNVR,RG,3680,1,D,OD,PD,D
14:26:30,UNVR,RG,3680,1,D,XA,PD,D
14:26:30,UNVR,RG,3680,200,D,CP,PD,D
14:26:30,UNVR,RG,3680,64,D,BB,PD,D
14:26:30,UNVR,RG,3680,67,F,CS,PD,D
14:26:30,UNVR,RG,3680,235,D,BB,PD,D
14:26:30,UNVR,RG,3680,104,F,CS,PD,D
14:26:30,UNVR,RG,3680,1,F,CS,PD,D
14:26:28,UNVR,RG,3680,9,F,CS,KK,D
14:26:28,UNVR,RG,3680,9,F,CS,KK,D
14:26:28,UNVR,RG,3680,4,F,CS,KK,D
14:26:28,UNVR,RG,3680,1,D,XL,KK,D
14:26:28,UNVR,RG,3680,5,D,XL,KK,D
14:26:28,UNVR,RG,3680,45,D,XL,YP,D
14:26:28,UNVR,RG,3680,10,D,NI,YP,D
14:26:28,UNVR,RG,3680,3,D,XL,YP,D
14:26:28,UNVR,RG,3680,10,D,NI,YP,D
14:26:28,UNVR,RG,3680,32,D,YJ,YP,D
14:26:25,UNVR,RG,3680,168,D,YJ,PD,D
14:26:25,UNVR,RG,3680,1,F,AK,PD,D
14:26:25,UNVR,RG,3680,39,F,AK,PD,D
14:26:25,UNVR,RG,3680,3,D,NI,PD,D
14:26:25,UNVR,RG,3680,2,D,YU,PD,D
14:26:25,UNVR,RG,3680,1,D,PD,PD,D
14:26:25,UNVR,RG,3680,10,D,YP,PD,D
14:26:25,UNVR,RG,3680,7,F,AK,PD,D
14:26:25,UNVR,RG,3680,269,F,AK,PD,D
14:26:23,UNVR,RG,3680,296,F,AK,YP,D
14:26:23,UNVR,RG,3680,17,D,AK,YP,D
14:26:23,UNVR,RG,3680,407,D,BB,YP,D
14:26:23,UNVR,RG,3680,43,D,BQ,YP,D
14:26:23,UNVR,RG,3680,5,D,PD,YP,D
14:26:23,UNVR,RG,3680,1,D,XL,YP,D
14:26:23,UNVR,RG,3680,10,D,YP,YP,D
14:26:23,UNVR,RG,3680,10,D,GR,YP,D
14:26:23,UNVR,RG,3680,64,D,BB,YP,D
14:26:23,UNVR,RG,3680,200,D,CP,YP,D
14:26:23,UNVR,RG,3680,10,D,KK,YP,D
14:26:23,UNVR,RG,3680,1,F,AK,YP,D
14:26:23,UNVR,RG,3680,50,D,CC,YP,D
14:26:23,UNVR,RG,3680,216,F,CS,YP,D
14:26:23,UNVR,RG,3680,1,D,AT,YP,D
14:26:23,UNVR,RG,3680,50,D,CC,YP,D
14:26:23,UNVR,RG,3680,7,F,CS,YP,D
14:26:23,UNVR,RG,3680,22,D,CC,YP,D
14:26:23,UNVR,RG,3680,90,D,YJ,YP,D
14:26:18,UNVR,RG,3680,15,D,YJ,DR,D
14:26:17,UNVR,RG,3690,1,D,BQ,AG,D
14:26:17,UNVR,RG,3690,1,D,PD,AG,D
14:26:16,UNVR,RG,3680,1,D,YJ,BQ,D
14:26:15,UNVR,RG,3690,3,D,PD,AG,D
14:26:13,UNVR,RG,3690,68,D,BB,AG,D
14:26:13,UNVR,RG,3680,57,D,YJ,CC,D
14:26:12,UNVR,RG,3690,1,D,PD,AG,D
14:26:09,UNVR,RG,3680,2,D,YJ,EL,D
14:26:07,UNVR,RG,3690,3,D,BB,AG,D
14:26:04,UNVR,RG,3680,15,D,YJ,DR,D
14:26:00,UNVR,RG,3680,1,D,YJ,NI,D
14:25:59,UNVR,RG,3680,10,D,YJ,LS,D
14:25:57,UNVR,RG,3690,117,D,CC,AG,D
14:25:56,UNVR,RG,3680,1,D,YJ,YP,D
14:25:54,UNVR,RG,3680,42,D,YJ,XC,D
14:25:49,UNVR,RG,3690,5,D,PD,AG,D
14:25:48,UNVR,RG,3680,1,D,YJ,PD,D
14:25:45,UNVR,RG,3680,1,D,YJ,EP,D
14:25:45,UNVR,RG,3680,20,D,YJ,PD,D
14:25:44,UNVR,RG,3680,1,D,YJ,XC,D
14:25:44,UNVR,RG,3680,65,D,YJ,NI,D
14:25:44,UNVR,RG,3680,3,D,YJ,YP,D
14:25:44,UNVR,RG,3680,1,D,YJ,PD,D
14:25:44,UNVR,RG,3680,1,D,YJ,PD,D
14:25:44,UNVR,RG,3680,10,D,YJ,DH,D
14:25:44,UNVR,RG,3680,28,D,YJ,SQ,D
14:25:44,UNVR,RG,3680,3,D,YJ,KK,D
14:25:44,UNVR,RG,3680,10,D,YJ,XC,D
14:25:44,UNVR,RG,3680,17,D,YJ,YP,D
14:25:44,UNVR,RG,3680,15,D,YJ,CC,D
14:25:44,UNVR,RG,3680,25,D,YJ,NI,D
14:25:44,UNVR,RG,3680,2,D,YJ,ZP,F
14:25:44,UNVR,RG,3680,39,D,YJ,KZ,D
14:25:44,UNVR,RG,3680,3,D,YJ,CC,D
14:25:44,UNVR,RG,3680,2,D,YJ,SQ,D
14:25:44,UNVR,RG,3680,2,D,YJ,LG,D
14:25:44,UNVR,RG,3680,100,D,YJ,KK,D
14:25:44,UNVR,RG,3680,7,D,YJ,OD,D
14:25:44,UNVR,RG,3680,1,D,YJ,NI,D
14:25:44,UNVR,RG,3680,1,D,YJ,LS,D
14:25:44,UNVR,RG,3680,10,D,YJ,DR,D
14:25:44,UNVR,RG,3680,3,D,YJ,AK,F
14:25:44,UNVR,RG,3680,395,D,YJ,SQ,D
14:25:43,UNVR,RG,3680,1,D,PD,SQ,D
14:25:42,UNVR,RG,3680,9,D,YP,SQ,D
14:25:41,UNVR,RG,3670,1,D,BB,PD,D
14:25:41,UNVR,RG,3680,20,D,PD,SQ,D
14:25:41,UNVR,RG,3680,2,D,XA,SQ,D
14:25:41,UNVR,RG,3680,73,D,KK,SQ,D
14:25:41,UNVR,RG,3680,5,D,KK,CC,D
14:25:41,UNVR,RG,3680,11,D,KK,XL,D
14:25:41,UNVR,RG,3680,111,D,KK,DR,D
14:25:38,UNVR,RG,3680,889,D,BB,DR,D
14:25:38,UNVR,RG,3680,5,D,BB,AG,D
14:25:38,UNVR,RG,3680,1,D,BB,PD,D
14:25:38,UNVR,RG,3680,3,D,BB,ZP,F
14:25:38,UNVR,RG,3680,82,D,BB,AG,D
14:25:38,UNVR,RG,3680,10,D,BB,PD,D
14:25:38,UNVR,RG,3680,10,D,BB,PD,D
14:25:36,UNVR,RG,3680,2,D,KK,PD,D
14:25:36,UNVR,RG,3680,2,D,XC,PD,D
14:25:35,UNVR,RG,3670,10,D,BB,YB,D
14:25:33,UNVR,RG,3680,1,D,GR,PD,D
14:25:33,UNVR,RG,3680,6,D,XL,PD,D
14:25:30,UNVR,RG,3680,6,D,YP,PD,D
14:25:29,UNVR,RG,3680,8,D,HP,PD,D
14:25:28,UNVR,RG,3670,2,D,BB,XC,D
14:25:26,UNVR,RG,3680,30,D,KK,PD,D
14:25:26,UNVR,RG,3680,1,D,CC,PD,D
14:25:23,UNVR,RG,3680,5,D,CC,PD,D
14:25:19,UNVR,RG,3670,1,D,BB,CC,D
14:25:17,UNVR,RG,3670,2,D,BB,SF,D
14:25:16,UNVR,RG,3680,5,D,CC,PD,D
14:25:14,UNVR,RG,3680,7,D,YP,PD,D
14:25:13,UNVR,RG,3670,1,D,BB,XC,D
14:25:12,UNVR,RG,3670,2,D,BB,PD,D
14:25:10,UNVR,RG,3670,100,D,BB,NI,D
14:25:09,UNVR,RG,3670,1,D,BB,XC,D
14:25:09,UNVR,RG,3680,1,D,PD,PD,D
14:25:07,UNVR,RG,3670,1,D,BB,NI,D
14:25:07,UNVR,RG,3670,10,D,BB,DH,D
