Time,Stock,Brd,Price,Qty,BT,BC,SC,ST
15:13:26,UNVR,RG,3870,7,D,YP,AK,F
15:13:25,UNVR,RG,3870,17,D,YP,CC,D
15:13:25,UNVR,RG,3870,3,D,EP,CC,D
15:11:51,UNVR,RG,3870,2,D,EP,XL,D
15:11:35,UNVR,RG,3870,16,D,PD,NI,D
15:11:35,UNVR,RG,3870,1,D,PD,XC,D
15:09:55,UNVR,RG,3870,3,D,PD,XC,D
15:08:11,UNVR,RG,3870,1,D,XA,AK,F
15:08:11,UNVR,RG,3870,2,D,PD,AK,F
15:08:11,UNVR,RG,3870,1,D,PD,AK,F
15:08:11,UNVR,RG,3870,1,D,PD,AK,F
15:08:09,UNVR,RG,3870,1,D,AZ,CC,D
15:08:09,UNVR,RG,3870,10,D,YP,CC,D
15:08:09,UNVR,RG,3870,1,D,PD,CC,D
15:08:09,UNVR,RG,3870,1,D,YP,CC,D
15:08:09,UNVR,RG,3870,1,D,YP,CC,D
15:08:09,UNVR,RG,3870,10,D,AT,CC,D
15:08:09,UNVR,RG,3870,1,D,KK,CC,D
15:08:01,UNVR,RG,3870,35,F,CS,AK,F
15:07:59,UNVR,RG,3870,200,F,CS,AI,D
15:07:38,UNVR,RG,3870,1,F,CS,PD,D
15:07:03,UNVR,RG,3870,8,F,CS,AK,F
15:07:01,UNVR,RG,3870,40,F,CS,IF,D
15:06:49,UNVR,RG,3870,4,F,CS,PD,D
15:06:09,UNVR,RG,3870,2,F,CS,CC,D
15:06:03,UNVR,RG,3870,6,F,CS,AK,F
15:06:02,UNVR,RG,3870,18,F,CS,KK,D
15:05:49,UNVR,RG,3870,12,F,CS,XC,D
15:05:28,UNVR,RG,3870,146,F,CS,AK,F
15:05:28,UNVR,RG,3870,1,D,PD,AK,F
15:05:28,UNVR,RG,3870,29,D,TP,AK,F
15:05:26,UNVR,RG,3870,71,D,TP,AI,D
15:05:26,UNVR,RG,3870,1,D,XC,AI,D
15:05:26,UNVR,RG,3870,50,D,YP,AI,D
15:05:26,UNVR,RG,3870,100,D,NI,AI,D
15:05:26,UNVR,RG,3870,4,D,XL,AI,D
15:05:26,UNVR,RG,3870,1,D,PD,AI,D
15:05:26,UNVR,RG,3870,5,D,SQ,AI,D
15:05:26,UNVR,RG,3870,1,D,YP,AI,D
15:05:26,UNVR,RG,3870,10,D,OD,AI,D
15:05:26,UNVR,RG,3870,2,D,PD,AI,D
15:05:26,UNVR,RG,3870,50,D,YP,AI,D
15:05:26,UNVR,RG,3870,10,D,YP,AI,D
15:05:26,UNVR,RG,3870,1,D,DH,AI,D
15:05:26,UNVR,RG,3870,1,D,YP,AI,D
15:05:26,UNVR,RG,3870,222,D,YP,AI,D
15:05:26,UNVR,RG,3870,2,D,SQ,AI,D
15:05:26,UNVR,RG,3870,3,D,CC,AI,D
15:05:26,UNVR,RG,3870,3,D,XC,AI,D
15:05:26,UNVR,RG,3870,50,D,CC,AI,D
15:05:26,UNVR,RG,3870,1,D,PD,AI,D
15:05:26,UNVR,RG,3870,1,D,CP,AI,D
15:05:26,UNVR,RG,3870,30,D,CC,AI,D
15:05:26,UNVR,RG,3870,1,D,XC,AI,D
15:05:26,UNVR,RG,3870,10,D,CC,AI,D
15:05:26,UNVR,RG,3870,2,D,CC,AI,D
15:05:26,UNVR,RG,3870,1,D,YP,AI,D
15:05:26,UNVR,RG,3870,1,D,YP,AI,D
15:05:26,UNVR,RG,3870,1,D,YP,AI,D
15:05:26,UNVR,RG,3870,3,D,DH,AI,D
15:05:26,UNVR,RG,3870,80,D,PD,AI,D
15:05:26,UNVR,RG,3870,4,D,YP,AI,D
15:05:26,UNVR,RG,3870,5,D,YP,AI,D
15:05:26,UNVR,RG,3870,50,D,PD,AI,D
15:05:26,UNVR,RG,3870,5,D,RO,AI,D
15:05:26,UNVR,RG,3870,2,D,PD,AI,D
15:05:26,UNVR,RG,3870,216,D,YP,AI,D
15:04:52,UNVR,RG,3870,44,D,YP,AK,F
15:04:51,UNVR,RG,3870,80,D,YP,DR,D
15:04:51,UNVR,RG,3870,50,D,KK,DR,D
15:04:51,UNVR,RG,3870,3,D,XC,DR,D
15:04:51,UNVR,RG,3870,2,D,RG,DR,D
15:04:51,UNVR,RG,3870,1,D,PD,DR,D
15:04:51,UNVR,RG,3870,1,D,NI,DR,D
15:04:51,UNVR,RG,3870,100,D,PD,DR,D
15:04:51,UNVR,RG,3870,13,D,CC,DR,D
15:04:27,UNVR,RG,3870,9,D,CC,AK,F
15:04:26,UNVR,RG,3870,8,D,CC,KK,D
15:04:26,UNVR,RG,3870,1,D,DR,KK,D
15:04:26,UNVR,RG,3870,5,D,YP,KK,D
15:04:26,UNVR,RG,3870,1,D,DR,KK,D
15:04:26,UNVR,RG,3870,1,D,CC,KK,D
15:04:26,UNVR,RG,3870,14,D,YP,KK,D
15:04:24,UNVR,RG,3870,5,D,YP,PD,D
15:03:56,UNVR,RG,3870,1,D,PD,EP,D
15:03:56,UNVR,RG,3870,1,D,XC,EP,D
15:03:56,UNVR,RG,3870,7,D,CC,EP,D
15:03:53,UNVR,RG,3870,3,D,CC,CC,D
15:03:13,UNVR,RG,3870,1,D,PD,AK,F
15:03:13,UNVR,RG,3870,3,D,CC,AK,F
15:03:13,UNVR,RG,3870,1,D,XL,AK,F
15:03:13,UNVR,RG,3870,1,D,PD,CC,D
15:03:13,UNVR,RG,3870,8,D,GR,CC,D
15:03:01,UNVR,RG,3870,15,D,GR,CP,D
15:02:50,UNVR,RG,3870,1,D,GR,CC,D
15:02:46,UNVR,RG,3870,3,D,GR,XL,D
15:02:40,UNVR,RG,3870,3,D,GR,PD,D
15:02:32,UNVR,RG,3870,5,D,GR,AK,F
15:02:31,UNVR,RG,3870,11,D,GR,AZ,D
15:02:23,UNVR,RG,3870,10,D,GR,PD,D
15:02:22,UNVR,RG,3870,7,D,GR,KK,D
15:02:18,UNVR,RG,3870,36,D,GR,AK,F
15:02:18,UNVR,RG,3870,151,D,GR,NI,D
15:02:18,UNVR,RG,3870,3,D,PD,NI,D
15:02:18,UNVR,RG,3870,7,D,NI,NI,D
15:02:18,UNVR,RG,3870,4,D,PD,NI,D
15:02:18,UNVR,RG,3870,1,D,YP,NI,D
15:02:18,UNVR,RG,3870,10,D,YP,NI,D
15:02:18,UNVR,RG,3870,1,D,SQ,NI,D
15:02:18,UNVR,RG,3870,10,D,YP,NI,D
15:02:18,UNVR,RG,3870,5,D,PD,NI,D
15:02:18,UNVR,RG,3870,1,D,XC,NI,D
15:02:18,UNVR,RG,3870,1,D,PD,NI,D
15:02:18,UNVR,RG,3870,1,D,KK,NI,D
15:02:18,UNVR,RG,3870,5,D,PD,NI,D
15:01:55,UNVR,RG,3870,1,D,PD,YJ,D
15:01:45,UNVR,RG,3870,1,D,PD,YJ,D
15:01:39,UNVR,RG,3870,3,D,PD,AK,F
15:01:39,UNVR,RG,3870,1,D,LG,AK,F
15:01:39,UNVR,RG,3870,2,D,NI,AK,F
15:01:39,UNVR,RG,3870,1,D,DH,AK,F
15:01:39,UNVR,RG,3870,3,D,NI,AK,F
15:01:39,UNVR,RG,3870,4,D,PD,AK,F
15:01:39,UNVR,RG,3870,3,D,KK,AK,F
15:01:38,UNVR,RG,3870,12,D,KK,AK,F
15:01:38,UNVR,RG,3870,1,D,YP,AK,F
15:01:38,UNVR,RG,3870,5,D,YP,AK,F
15:01:38,UNVR,RG,3870,8,D,DH,AK,F
15:01:38,UNVR,RG,3870,1,D,YP,AK,F
15:01:38,UNVR,RG,3870,4,D,YP,CC,D
15:01:38,UNVR,RG,3870,1,D,YP,CC,D
15:01:38,UNVR,RG,3870,25,D,ZP,CC,D
15:01:38,UNVR,RG,3870,8,D,YP,CC,D
15:01:38,UNVR,RG,3870,52,D,YP,CC,D
15:01:38,UNVR,RG,3870,2,D,XC,CC,D
15:01:38,UNVR,RG,3870,1,D,PD,CC,D
15:01:38,UNVR,RG,3870,1,D,CC,CC,D
15:01:38,UNVR,RG,3870,2,D,YP,CC,D
15:01:38,UNVR,RG,3870,1,D,XC,CC,D
15:01:38,UNVR,RG,3870,3,D,OD,CC,D
15:01:37,UNVR,RG,3870,7,D,OD,YP,D
15:01:37,UNVR,RG,3870,2,D,GR,YP,D
15:01:37,UNVR,RG,3870,50,D,CC,YP,D
15:01:37,UNVR,RG,3870,10,D,PD,YP,D
15:01:37,UNVR,RG,3870,2,D,YP,YP,D
15:01:37,UNVR,RG,3870,1,D,XC,YP,D
15:01:37,UNVR,RG,3870,1,D,YP,YP,D
15:01:37,UNVR,RG,3870,2,D,SQ,YP,D
15:01:37,UNVR,RG,3870,10,D,KK,YP,D
15:01:37,UNVR,RG,3870,1,D,XC,YP,D
15:01:37,UNVR,RG,3870,10,D,YP,YP,D
15:01:37,UNVR,RG,3870,10,D,PD,YP,D
15:01:37,UNVR,RG,3870,44,D,KK,YP,D
15:01:34,UNVR,RG,3870,11,D,KK,AK,F
15:01:34,UNVR,RG,3870,2,D,KK,YJ,D
15:01:33,UNVR,RG,3870,3,D,KK,YP,D
15:01:33,UNVR,RG,3870,3,D,NI,YP,D
15:01:33,UNVR,RG,3870,1,D,NI,YP,D
15:01:33,UNVR,RG,3870,5,D,YP,YP,D
15:01:33,UNVR,RG,3870,1,D,NI,YP,D
15:01:33,UNVR,RG,3870,1,D,YP,YP,D
15:01:33,UNVR,RG,3870,1,D,YP,YP,D
15:01:33,UNVR,RG,3870,15,D,OD,YP,D
15:01:33,UNVR,RG,3870,1,D,SQ,YP,D
15:01:33,UNVR,RG,3870,20,D,OD,YP,D
15:01:33,UNVR,RG,3870,9,D,YP,YP,D
15:01:18,UNVR,RG,3870,1,D,YP,NI,D
15:01:18,UNVR,RG,3870,1,D,DH,NI,D
15:01:18,UNVR,RG,3870,14,D,PD,NI,D
15:01:15,UNVR,RG,3870,6,D,PD,YJ,D
15:01:15,UNVR,RG,3870,4,D,CC,YJ,D
15:01:15,UNVR,RG,3870,3,D,CC,YJ,D
15:01:15,UNVR,RG,3870,5,D,CP,YJ,D
15:01:15,UNVR,RG,3870,10,D,YP,YJ,D
15:01:15,UNVR,RG,3870,1,D,PD,YJ,D
15:01:15,UNVR,RG,3870,2,D,PD,YJ,D
15:01:15,UNVR,RG,3870,1,D,KK,YJ,D
15:01:15,UNVR,RG,3870,2,D,PD,YJ,D
15:01:15,UNVR,RG,3870,1,D,XC,YJ,D
15:01:15,UNVR,RG,3870,2,D,EP,YJ,D
15:01:15,UNVR,RG,3870,1,D,XC,YJ,D
15:01:15,UNVR,RG,3870,5,D,CC,YJ,D
15:01:15,UNVR,RG,3870,1,D,PD,YJ,D
15:01:15,UNVR,RG,3870,20,D,PD,YJ,D
15:01:15,UNVR,RG,3870,1,D,NI,YJ,D
15:01:15,UNVR,RG,3870,1,D,XC,YJ,D
15:01:15,UNVR,RG,3870,2,D,HP,YJ,D
15:01:15,UNVR,RG,3870,1,D,YP,YJ,D
15:01:15,UNVR,RG,3870,2,D,YP,YJ,D
15:01:15,UNVR,RG,3870,1,D,XC,YJ,D
15:01:15,UNVR,RG,3870,4,D,CC,YJ,D
15:01:15,UNVR,RG,3870,1,D,YP,YJ,D
15:01:15,UNVR,RG,3870,10,D,YP,YJ,D
15:01:15,UNVR,RG,3870,100,D,YP,YJ,D
15:01:15,UNVR,RG,3870,2,D,XL,YJ,D
15:01:15,UNVR,RG,3870,3,D,CC,YJ,D
15:01:15,UNVR,RG,3870,5,D,YP,YJ,D
15:01:15,UNVR,RG,3870,30,D,XL,YJ,D
15:01:15,UNVR,RG,3870,10,D,YP,YJ,D
15:01:15,UNVR,RG,3870,2,D,PD,YJ,D
15:01:15,UNVR,RG,3870,1,D,XC,YJ,D
15:01:15,UNVR,RG,3870,10,D,PD,YJ,D
15:01:15,UNVR,RG,3870,6,D,NI,YJ,D
15:01:15,UNVR,RG,3870,1,D,CC,YJ,D
15:01:15,UNVR,RG,3870,5,D,PD,YJ,D
15:01:15,UNVR,RG,3870,5,D,PD,YJ,D
15:01:15,UNVR,RG,3870,2,D,PD,YJ,D
15:01:15,UNVR,RG,3870,6,D,SQ,YJ,D
15:01:15,UNVR,RG,3870,1,D,PD,YJ,D
15:01:15,UNVR,RG,3870,1,D,NI,YJ,D
15:01:15,UNVR,RG,3870,1,D,CC,YJ,D
15:01:15,UNVR,RG,3870,3,D,PD,YJ,D
15:01:15,UNVR,RG,3870,1,D,NI,YJ,D
15:01:15,UNVR,RG,3870,2,D,PD,YJ,D
15:01:15,UNVR,RG,3870,5,D,PD,YJ,D
15:01:15,UNVR,RG,3870,1,D,XC,YJ,D
15:01:15,UNVR,RG,3870,2,D,NI,YJ,D
15:01:15,UNVR,RG,3870,1,D,XC,YJ,D
15:01:15,UNVR,RG,3870,1,D,XC,YJ,D
15:01:15,UNVR,RG,3870,1,D,KK,YJ,D
15:01:15,UNVR,RG,3870,1,D,YP,YJ,D
15:01:15,UNVR,RG,3870,20,D,NI,YJ,D
15:01:15,UNVR,RG,3870,5,D,PD,YJ,D
15:01:15,UNVR,RG,3870,250,D,NI,YJ,D
15:01:15,UNVR,RG,3870,8,D,KK,YJ,D
15:01:15,UNVR,RG,3870,6,D,CC,YJ,D
15:01:15,UNVR,RG,3870,1,D,PD,YJ,D
15:01:15,UNVR,RG,3870,50,D,YP,YJ,D
15:01:15,UNVR,RG,3870,1,D,BQ,YJ,D
15:01:15,UNVR,RG,3870,10,D,PD,YJ,D
15:01:15,UNVR,RG,3870,50,D,CC,YJ,D
15:01:15,UNVR,RG,3870,1,D,KK,YJ,D
15:01:15,UNVR,RG,3870,2,D,XC,YJ,D
15:01:15,UNVR,RG,3870,25,D,SQ,YJ,D
15:01:15,UNVR,RG,3870,1,D,NI,YJ,D
15:01:15,UNVR,RG,3870,10,D,PD,YJ,D
15:01:15,UNVR,RG,3870,2,D,NI,YJ,D
15:01:15,UNVR,RG,3870,1,D,XC,YJ,D
15:01:15,UNVR,RG,3870,3,D,YP,YJ,D
15:01:15,UNVR,RG,3870,10,D,XC,YJ,D
15:01:15,UNVR,RG,3870,1,D,XL,YJ,D
15:01:15,UNVR,RG,3870,1,D,CC,YJ,D
15:01:15,UNVR,RG,3870,10,D,YP,YJ,D
15:01:15,UNVR,RG,3870,7,D,XC,YJ,D
15:01:15,UNVR,RG,3870,3,D,CC,YJ,D
15:01:15,UNVR,RG,3870,17,D,CC,YJ,D
15:01:15,UNVR,RG,3870,10,D,CC,YJ,D
15:01:15,UNVR,RG,3870,2,D,PD,YJ,D
15:01:15,UNVR,RG,3870,10,D,CC,YJ,D
15:01:15,UNVR,RG,3870,1,D,CC,YJ,D
15:01:15,UNVR,RG,3870,1,D,PD,YJ,D
15:01:15,UNVR,RG,3870,2,D,XC,YJ,D
15:01:15,UNVR,RG,3870,1,D,AG,YJ,D
15:01:15,UNVR,RG,3870,15,D,PD,YJ,D
15:01:15,UNVR,RG,3870,10,D,CC,YJ,D
15:01:15,UNVR,RG,3870,5,D,HP,YJ,D
15:01:15,UNVR,RG,3870,2,D,DR,YJ,D
15:01:15,UNVR,RG,3870,1,D,PD,YJ,D
15:01:15,UNVR,RG,3870,3,D,NI,YJ,D
15:01:15,UNVR,RG,3870,1,D,KK,YJ,D
15:01:15,UNVR,RG,3870,5,D,DH,YJ,D
15:01:15,UNVR,RG,3870,5,D,GR,YJ,D
15:01:15,UNVR,RG,3870,10,D,CC,YJ,D
15:01:15,UNVR,RG,3870,1,D,PD,YJ,D
15:01:15,UNVR,RG,3870,6,D,CC,YJ,D
15:01:15,UNVR,RG,3870,5,D,YP,YJ,D
15:01:15,UNVR,RG,3870,1,D,CC,YJ,D
15:01:15,UNVR,RG,3870,2,D,YP,YJ,D
15:01:15,UNVR,RG,3870,1,D,PD,YJ,D
15:01:15,UNVR,RG,3870,6,D,NI,YJ,D
15:01:15,UNVR,RG,3870,20,D,LG,YJ,D
15:01:15,UNVR,RG,3870,25,D,SQ,YJ,D
15:01:15,UNVR,RG,3870,3,D,NI,YJ,D
15:01:15,UNVR,RG,3870,2,D,CC,YJ,D
15:01:15,UNVR,RG,3870,2,D,EP,YJ,D
15:01:15,UNVR,RG,3870,2,D,KK,YJ,D
15:01:15,UNVR,RG,3870,2,D,XC,YJ,D
15:01:15,UNVR,RG,3870,1,D,OD,YJ,D
15:01:15,UNVR,RG,3870,231,D,GR,YJ,D
15:01:09,UNVR,RG,3870,3,D,GR,YJ,D
15:01:06,UNVR,RG,3870,2,D,GR,YJ,D
15:01:06,UNVR,RG,3870,50,D,GR,YP,D
15:01:03,UNVR,RG,3870,200,D,GR,GR,D
15:01:02,UNVR,RG,3870,5,D,GR,YP,D
15:00:00,UNVR,RG,3870,1,D,GR,YP,D
15:00:00,UNVR,RG,3870,45,D,GR,NI,D
15:00:00,UNVR,RG,3870,1,D,GR,PD,D
15:00:00,UNVR,RG,3870,1,D,GR,PD,D
15:00:00,UNVR,RG,3870,1000,D,GR,BK,D
15:00:00,UNVR,RG,3870,88,D,GR,AK,F
15:00:00,UNVR,RG,3870,873,D,GR,CS,D
15:00:00,UNVR,RG,3870,1,D,PD,CS,D
15:00:00,UNVR,RG,3870,1,D,SQ,CS,D
15:00:00,UNVR,RG,3870,1,D,PD,CS,D
15:00:00,UNVR,RG,3870,1,D,YP,CS,D
15:00:00,UNVR,RG,3870,3,D,XL,CS,D
15:00:00,UNVR,RG,3870,10,D,HP,CS,D
15:00:00,UNVR,RG,3870,1,D,PD,CS,D
15:00:00,UNVR,RG,3870,1,D,YP,CS,D
15:00:00,UNVR,RG,3870,1,D,XL,CS,D
15:00:00,UNVR,RG,3870,10,D,NI,CS,D
15:00:00,UNVR,RG,3870,1,D,XC,CS,D
15:00:00,UNVR,RG,3870,7,D,DX,CS,D
15:00:00,UNVR,RG,3870,1,D,YP,CS,D
15:00:00,UNVR,RG,3870,57,D,XC,CS,D
15:00:00,UNVR,RG,3870,80,D,CC,CS,D
15:00:00,UNVR,RG,3870,25,D,SQ,CS,D
15:00:00,UNVR,RG,3870,5,D,YP,CS,D
15:00:00,UNVR,RG,3870,10,D,DH,CS,D
15:00:00,UNVR,RG,3870,5,D,NI,CS,D
15:00:00,UNVR,RG,3870,1,D,YP,CS,D
15:00:00,UNVR,RG,3870,10,D,CC,CS,D
15:00:00,UNVR,RG,3870,2,D,KK,CS,D
15:00:00,UNVR,RG,3870,3,D,EP,CS,D
15:00:00,UNVR,RG,3870,1,D,YP,CS,D
15:00:00,UNVR,RG,3870,1,D,XC,CS,D
15:00:00,UNVR,RG,3870,5,D,PD,CS,D
15:00:00,UNVR,RG,3870,10,D,DR,CS,D
15:00:00,UNVR,RG,3870,2,D,XC,CS,D
15:00:00,UNVR,RG,3870,8,D,YP,CS,D
15:00:00,UNVR,RG,3870,1,D,YP,CS,D
15:00:00,UNVR,RG,3870,4,D,YP,BK,F
15:00:00,UNVR,RG,3870,5,D,YP,BK,F
15:00:00,UNVR,RG,3870,500,D,SQ,BK,F
15:00:00,UNVR,RG,3870,2,D,PD,BK,F
15:00:00,UNVR,RG,3870,2,D,EP,BK,F
15:00:00,UNVR,RG,3870,25,D,GR,BK,F
15:00:00,UNVR,RG,3870,2,D,YP,BK,F
15:00:00,UNVR,RG,3870,3,D,DH,BK,F
15:00:00,UNVR,RG,3870,50,D,AN,BK,F
15:00:00,UNVR,RG,3870,3,D,YP,BK,F
15:00:00,UNVR,RG,3870,2,D,YP,BK,F
15:00:00,UNVR,RG,3870,1,D,GR,BK,F
15:00:00,UNVR,RG,3870,1,D,YP,BK,F
15:00:00,UNVR,RG,3870,1,D,XC,BK,F
15:00:00,UNVR,RG,3870,5,D,CC,BK,F
15:00:00,UNVR,RG,3870,10,D,KK,BK,F
15:00:00,UNVR,RG,3870,20,D,YP,BK,F
15:00:00,UNVR,RG,3870,50,D,YP,BK,F
15:00:00,UNVR,RG,3870,60,D,YP,BK,F
15:00:00,UNVR,RG,3870,2,D,YP,BK,F
15:00:00,UNVR,RG,3870,2,D,YP,BK,F
15:00:00,UNVR,RG,3870,1,D,YP,BK,F
15:00:00,UNVR,RG,3870,2,D,YP,BK,F
15:00:00,UNVR,RG,3870,1,D,XC,BK,F
15:00:00,UNVR,RG,3870,10,D,CC,BK,F
15:00:00,UNVR,RG,3870,1,D,XC,BK,F
15:00:00,UNVR,RG,3870,3,D,XC,BK,F
15:00:00,UNVR,RG,3870,1,D,XC,BK,F
15:00:00,UNVR,RG,3870,1,D,CC,BK,F
15:00:00,UNVR,RG,3870,35,D,CC,BK,F
15:00:00,UNVR,RG,3870,3,D,XC,BK,F
15:00:00,UNVR,RG,3870,1,D,PD,BK,F
15:00:00,UNVR,RG,3870,4,F,SQ,BK,F
15:00:00,UNVR,RG,3870,2,D,XL,BK,F
15:00:00,UNVR,RG,3870,1,D,PD,BK,F
15:00:00,UNVR,RG,3870,1,D,CC,BK,F
15:00:00,UNVR,RG,3870,2,D,PD,BK,F
15:00:00,UNVR,RG,3870,1,D,DH,BK,F
15:00:00,UNVR,RG,3870,1,D,DR,BK,F
15:00:00,UNVR,RG,3870,1,D,SQ,BK,F
15:00:00,UNVR,RG,3870,1,D,SQ,BK,F
15:00:00,UNVR,RG,3870,200,D,SQ,BK,F
15:00:00,UNVR,RG,3870,5,D,PD,BK,F
15:00:00,UNVR,RG,3870,10,D,PD,BK,F
15:00:00,UNVR,RG,3870,7,D,KK,BK,F
15:00:00,UNVR,RG,3870,10,D,KK,BK,F
15:00:00,UNVR,RG,3870,2,D,CC,BK,F
15:00:00,UNVR,RG,3870,1,D,CC,BK,F
15:00:00,UNVR,RG,3870,1,D,PD,BK,F
15:00:00,UNVR,RG,3870,10,D,PD,BK,F
15:00:00,UNVR,RG,3870,6,D,PD,BK,F
15:00:00,UNVR,RG,3870,2,D,EP,BK,F
15:00:00,UNVR,RG,3870,10,D,PD,BK,F
15:00:00,UNVR,RG,3870,1,D,YU,BK,F
15:00:00,UNVR,RG,3870,1,D,PD,BK,F
15:00:00,UNVR,RG,3870,1,D,PD,BK,F
15:00:00,UNVR,RG,3870,1,D,PD,BK,F
15:00:00,UNVR,RG,3870,2,D,PD,BK,F
15:00:00,UNVR,RG,3870,3,D,PD,BK,F
15:00:00,UNVR,RG,3870,1,D,GR,BK,F
15:00:00,UNVR,RG,3870,1,D,DR,BK,F
15:00:00,UNVR,RG,3870,1,D,PD,BK,F
15:00:00,UNVR,RG,3870,3,D,AI,BK,F
15:00:00,UNVR,RG,3870,1,D,PD,BK,F
15:00:00,UNVR,RG,3870,1,D,PD,BK,F
15:00:00,UNVR,RG,3870,1,D,NI,BK,F
15:00:00,UNVR,RG,3870,3,D,NI,BK,F
15:00:00,UNVR,RG,3870,5,D,EP,BK,F
15:00:00,UNVR,RG,3870,5,D,EP,BK,F
15:00:00,UNVR,RG,3870,3,D,XC,BK,F
15:00:00,UNVR,RG,3870,2,D,PD,BK,F
15:00:00,UNVR,RG,3870,1,D,CC,BK,F
15:00:00,UNVR,RG,3870,2,D,PD,BK,F
15:00:00,UNVR,RG,3870,1,D,BQ,BK,F
15:00:00,UNVR,RG,3870,1,D,XL,BK,F
15:00:00,UNVR,RG,3870,20,D,XA,BK,F
15:00:00,UNVR,RG,3870,5,D,ZP,BK,F
15:00:00,UNVR,RG,3870,10,D,NI,BK,F
15:00:00,UNVR,RG,3870,2,D,YP,BK,F
15:00:00,UNVR,RG,3870,10,D,OD,BK,F
15:00:00,UNVR,RG,3870,1,D,PD,BK,F
15:00:00,UNVR,RG,3870,1,D,NI,BK,F
15:00:00,UNVR,RG,3870,5,D,NI,BK,F
15:00:00,UNVR,RG,3870,1,D,PD,BK,F
15:00:00,UNVR,RG,3870,5,D,YP,BK,F
15:00:00,UNVR,RG,3870,1,D,PD,BK,F
15:00:00,UNVR,RG,3870,1,D,DH,BK,F
15:00:00,UNVR,RG,3870,20,D,EP,BK,F
15:00:00,UNVR,RG,3870,30,D,GR,BK,F
15:00:00,UNVR,RG,3870,1,D,KK,BK,F
15:00:00,UNVR,RG,3870,1,D,CP,BK,F
15:00:00,UNVR,RG,3870,50,D,ZP,BK,F
15:00:00,UNVR,RG,3870,1,D,GR,BK,F
15:00:00,UNVR,RG,3870,1,D,XC,BK,F
15:00:00,UNVR,RG,3870,100,D,NI,BK,F
15:00:00,UNVR,RG,3870,6,D,XL,BK,F
15:00:00,UNVR,RG,3870,2,D,PD,BK,F
15:00:00,UNVR,RG,3870,1,D,AZ,BK,F
15:00:00,UNVR,RG,3870,25,D,SQ,BK,F
15:00:00,UNVR,RG,3870,5,D,KK,BK,F
15:00:00,UNVR,RG,3870,2,D,KK,BK,F
15:00:00,UNVR,RG,3870,5,D,PD,BK,F
15:00:00,UNVR,RG,3870,1,D,PD,BK,F
15:00:00,UNVR,RG,3870,10,D,XC,BK,F
15:00:00,UNVR,RG,3870,5,D,NI,BK,F
15:00:00,UNVR,RG,3870,2,D,CC,BK,F
15:00:00,UNVR,RG,3870,10,D,DR,BK,F
15:00:00,UNVR,RG,3870,1,D,YP,BK,F
15:00:00,UNVR,RG,3870,5,D,PD,BK,F
15:00:00,UNVR,RG,3870,2,D,EP,BK,F
15:00:00,UNVR,RG,3870,10,D,CC,BK,F
15:00:00,UNVR,RG,3870,1,D,DX,BK,F
15:00:00,UNVR,RG,3870,1,D,PD,BK,F
15:00:00,UNVR,RG,3870,1,D,NI,BK,F
15:00:00,UNVR,RG,3870,30,D,CC,BK,F
15:00:00,UNVR,RG,3870,1,D,PD,BK,F
15:00:00,UNVR,RG,3870,10,D,YP,BK,F
15:00:00,UNVR,RG,3870,2,D,NI,BK,F
15:00:00,UNVR,RG,3870,1,D,KK,BK,F
15:00:00,UNVR,RG,3870,1,D,PD,BK,F
15:00:00,UNVR,RG,3870,1,D,PD,BK,F
15:00:00,UNVR,RG,3870,2,D,PD,BK,F
15:00:00,UNVR,RG,3870,1,D,XC,BK,F
15:00:00,UNVR,RG,3870,1,D,CC,BK,F
15:00:00,UNVR,RG,3870,10,D,XC,BK,F
15:00:00,UNVR,RG,3870,3,D,NI,BK,F
15:00:00,UNVR,RG,3870,30,D,GR,BK,F
15:00:00,UNVR,RG,3870,142,D,YP,BK,F
15:00:00,UNVR,RG,3870,1,D,AT,BK,F
15:00:00,UNVR,RG,3870,10,D,XC,BK,F
15:00:00,UNVR,RG,3870,1,D,PD,BK,F
15:00:00,UNVR,RG,3870,1,D,PD,BK,F
15:00:00,UNVR,RG,3870,1,D,YP,BK,F
15:00:00,UNVR,RG,3870,1,D,PD,BK,F
15:00:00,UNVR,RG,3870,1,D,PD,BK,F
15:00:00,UNVR,RG,3870,3,D,YP,BK,F
15:00:00,UNVR,RG,3870,1,D,DR,BK,F
15:00:00,UNVR,RG,3870,80,D,SQ,BK,F
15:00:00,UNVR,RG,3870,1,D,PD,BK,F
15:00:00,UNVR,RG,3870,2,D,GR,BK,F
15:00:00,UNVR,RG,3870,1,D,OD,BK,F
15:00:00,UNVR,RG,3870,1,D,NI,BK,F
15:00:00,UNVR,RG,3870,20,D,SQ,BK,F
15:00:00,UNVR,RG,3870,1,D,PD,BK,F
15:00:00,UNVR,RG,3870,3,D,XC,BK,F
15:00:00,UNVR,RG,3870,5,D,NI,BK,F
15:00:00,UNVR,RG,3870,25,D,YP,BK,F
15:00:00,UNVR,RG,3870,2,D,EP,BK,F
15:00:00,UNVR,RG,3870,1,D,DH,BK,F
15:00:00,UNVR,RG,3870,1,D,NI,BK,F
15:00:00,UNVR,RG,3870,1,D,DH,BK,F
15:00:00,UNVR,RG,3870,5,D,OD,BK,F
15:00:00,UNVR,RG,3870,1,D,PD,BK,F
15:00:00,UNVR,RG,3870,3,D,NI,BK,F
15:00:00,UNVR,RG,3870,1,D,CC,BK,F
15:00:00,UNVR,RG,3870,3,D,DH,BK,F
15:00:00,UNVR,RG,3870,2,D,XL,BK,F
15:00:00,UNVR,RG,3870,1,D,TP,BK,F
15:00:00,UNVR,RG,3870,1,D,YP,BK,F
15:00:00,UNVR,RG,3870,10,D,YP,BK,F
15:00:00,UNVR,RG,3870,110,D,PD,BK,F
15:00:00,UNVR,RG,3870,5,D,YP,BK,F
15:00:00,UNVR,RG,3870,3,D,KK,BK,F
15:00:00,UNVR,RG,3870,1,D,IP,BK,F
15:00:00,UNVR,RG,3870,1,D,AT,BK,F
15:00:00,UNVR,RG,3870,1,D,DR,BK,F
15:00:00,UNVR,RG,3870,5,D,CC,BK,F
15:00:00,UNVR,RG,3870,1,D,XC,BK,F
15:00:00,UNVR,RG,3870,1,D,XC,BK,F
15:00:00,UNVR,RG,3870,5,D,YP,BK,F
15:00:00,UNVR,RG,3870,1,D,YP,BK,F
15:00:00,UNVR,RG,3870,5,D,PD,BK,F
15:00:00,UNVR,RG,3870,10,D,PD,BK,F
15:00:00,UNVR,RG,3870,14,D,XC,BK,F
15:00:00,UNVR,RG,3870,38,D,GR,BK,F
15:00:00,UNVR,RG,3870,20,D,OD,BK,F
15:00:00,UNVR,RG,3870,3,D,YP,BK,F
15:00:00,UNVR,RG,3870,2,D,SQ,BK,F
15:00:00,UNVR,RG,3870,1,D,PD,BK,F
15:00:00,UNVR,RG,3870,1,D,PD,BK,F
15:00:00,UNVR,RG,3870,1,D,XC,BK,F
15:00:00,UNVR,RG,3870,2,D,LG,BK,F
15:00:00,UNVR,RG,3870,2,D,YP,BK,F
15:00:00,UNVR,RG,3870,1,D,PD,BK,F
15:00:00,UNVR,RG,3870,10,D,PD,BK,F
15:00:00,UNVR,RG,3870,1,D,YP,BK,F
15:00:00,UNVR,RG,3870,1,D,YP,BK,F
15:00:00,UNVR,RG,3870,5,D,PD,BK,F
15:00:00,UNVR,RG,3870,13,D,XC,BK,F
15:00:00,UNVR,RG,3870,1,D,XC,BK,F
15:00:00,UNVR,RG,3870,2,D,EP,BK,F
15:00:00,UNVR,RG,3870,5,D,AI,BK,F
15:00:00,UNVR,RG,3870,1,D,XC,BK,F
15:00:00,UNVR,RG,3870,5,D,BQ,BK,F
15:00:00,UNVR,RG,3870,1,D,DH,BK,F
15:00:00,UNVR,RG,3870,22,D,CC,BK,F
15:00:00,UNVR,RG,3870,5,D,PD,BK,F
15:00:00,UNVR,RG,3870,1,D,DR,BK,F
15:00:00,UNVR,RG,3870,166,D,YP,BK,F
15:00:00,UNVR,RG,3870,5,D,KK,BK,F
15:00:00,UNVR,RG,3870,1,D,PD,BK,F
15:00:00,UNVR,RG,3870,1,D,DR,BK,F
15:00:00,UNVR,RG,3870,314,F,CS,BK,F
15:00:00,UNVR,RG,3870,1595,F,CS,BK,F
15:00:00,UNVR,RG,3870,386,F,CS,KZ,D
15:00:00,UNVR,RG,3870,238,F,CS,KZ,D
15:00:00,UNVR,RG,3870,30,D,YP,KZ,D
15:00:00,UNVR,RG,3870,65,D,CC,KZ,D
15:00:00,UNVR,RG,3870,5,D,YP,KZ,D
15:00:00,UNVR,RG,3870,5,D,PD,KZ,D
15:00:00,UNVR,RG,3870,50,D,DR,KZ,D
15:00:00,UNVR,RG,3870,25,D,YP,KZ,D
15:00:00,UNVR,RG,3870,75,D,YP,KZ,D
15:00:00,UNVR,RG,3870,3,D,YP,KZ,D
15:00:00,UNVR,RG,3870,10,D,XC,KZ,D
15:00:00,UNVR,RG,3870,1,D,TP,KZ,D
15:00:00,UNVR,RG,3870,25,D,DH,KZ,D
15:00:00,UNVR,RG,3870,30,D,XA,KZ,D
15:00:00,UNVR,RG,3870,1,D,CC,KZ,D
15:00:00,UNVR,RG,3870,3,D,YP,KZ,D
15:00:00,UNVR,RG,3870,125,D,NI,KZ,D
15:00:00,UNVR,RG,3870,1,D,XC,KZ,D
15:00:00,UNVR,RG,3870,1,D,PD,KZ,D
15:00:00,UNVR,RG,3870,1,D,YP,KZ,D
15:00:00,UNVR,RG,3870,20,D,DR,KZ,D
15:00:00,UNVR,RG,3870,2,D,CC,KZ,D
15:00:00,UNVR,RG,3870,10,D,YP,KZ,D
15:00:00,UNVR,RG,3870,5,D,KK,KZ,D
15:00:00,UNVR,RG,3870,2,D,PD,KZ,D
15:00:00,UNVR,RG,3870,111,D,NI,KZ,D
15:00:00,UNVR,RG,3870,15,D,PD,KZ,D
15:00:00,UNVR,RG,3870,1,D,YP,KZ,D
15:00:00,UNVR,RG,3870,25,D,AI,KZ,D
15:00:00,UNVR,RG,3870,200,D,YP,KZ,D
15:00:00,UNVR,RG,3870,56,D,YP,KZ,D
15:00:00,UNVR,RG,3870,1,D,YP,KZ,D
15:00:00,UNVR,RG,3870,1,D,YP,KZ,D
15:00:00,UNVR,RG,3870,5,D,PD,KZ,D
15:00:00,UNVR,RG,3870,2,D,PD,KZ,D
15:00:00,UNVR,RG,3870,1,D,NI,KZ,D
15:00:00,UNVR,RG,3870,2,D,DH,KZ,D
15:00:00,UNVR,RG,3870,5,D,YP,KZ,D
15:00:00,UNVR,RG,3870,30,D,KK,KZ,D
15:00:00,UNVR,RG,3870,10,D,PD,KZ,D
15:00:00,UNVR,RG,3870,168,D,YP,KZ,D
15:00:00,UNVR,RG,3870,100,D,PD,KZ,D
15:00:00,UNVR,RG,3870,500,D,GR,KZ,D
15:00:00,UNVR,RG,3870,2,D,EP,KZ,D
15:00:00,UNVR,RG,3870,15,D,DR,KZ,D
15:00:00,UNVR,RG,3870,2,D,CC,KZ,D
15:00:00,UNVR,RG,3870,2,D,YP,KZ,D
15:00:00,UNVR,RG,3870,34,D,YP,KZ,D
15:00:00,UNVR,RG,3870,66,D,YP,AK,F
15:00:00,UNVR,RG,3870,5,D,YP,AK,F
15:00:00,UNVR,RG,3870,1,D,XC,AK,F
15:00:00,UNVR,RG,3870,5,D,CC,AK,F
15:00:00,UNVR,RG,3870,13,D,YP,AK,F
15:00:00,UNVR,RG,3870,300,D,DR,AK,F
15:00:00,UNVR,RG,3870,138,D,YP,AK,F
15:00:00,UNVR,RG,3870,257,D,YP,AK,F
15:00:00,UNVR,RG,3870,1,D,PD,AK,F
15:00:00,UNVR,RG,3870,25,D,YP,AK,F
15:00:00,UNVR,RG,3870,40,D,CC,AK,F
15:00:00,UNVR,RG,3870,1,D,YP,AK,F
15:00:00,UNVR,RG,3870,1,D,DH,AK,F
15:00:00,UNVR,RG,3870,1,D,XC,AK,F
15:00:00,UNVR,RG,3870,1,D,PD,AK,F
15:00:00,UNVR,RG,3870,1,D,XL,AK,F
15:00:00,UNVR,RG,3870,20,D,PD,AK,F
15:00:00,UNVR,RG,3870,1,D,DR,AK,F
15:00:00,UNVR,RG,3870,60,D,CC,AK,F
15:00:00,UNVR,RG,3870,2,D,PD,AK,F
15:00:00,UNVR,RG,3870,20,D,YP,AK,F
15:00:00,UNVR,RG,3870,16,D,YP,AK,F
15:00:00,UNVR,RG,3870,43,D,NI,AK,F
15:00:00,UNVR,RG,3870,2,D,YP,AK,F
15:00:00,UNVR,RG,3870,1,D,XC,AK,F
15:00:00,UNVR,RG,3870,1,D,YP,AK,F
15:00:00,UNVR,RG,3870,99,D,CC,AK,F
15:00:00,UNVR,RG,3870,1,D,CC,AK,F
15:00:00,UNVR,RG,3870,1,D,XC,AK,F
15:00:00,UNVR,RG,3870,40,D,PD,AK,F
15:00:00,UNVR,RG,3870,1,D,YP,AK,F
15:00:00,UNVR,RG,3870,5,D,YP,AK,F
15:00:00,UNVR,RG,3870,3,D,KK,AK,F
15:00:00,UNVR,RG,3870,17,D,DR,AK,F
15:00:00,UNVR,RG,3870,3,D,NI,AK,F
15:00:00,UNVR,RG,3870,15,D,PD,AK,F
15:00:00,UNVR,RG,3870,50,D,YP,AK,F
15:00:00,UNVR,RG,3870,1,D,XC,AK,F
15:00:00,UNVR,RG,3870,3,D,YP,AK,F
15:00:00,UNVR,RG,3870,6,D,XA,AK,F
15:00:00,UNVR,RG,3870,5,D,OD,AK,F
15:00:00,UNVR,RG,3870,38,D,DR,AK,F
15:00:00,UNVR,RG,3870,2,D,CC,AK,F
15:00:00,UNVR,RG,3870,3,D,PD,AK,F
15:00:00,UNVR,RG,3870,52,D,CC,AK,F
15:00:00,UNVR,RG,3870,1,D,YP,AK,F
15:00:00,UNVR,RG,3870,2,D,YP,AK,F
15:00:00,UNVR,RG,3870,1,D,YP,AK,F
15:00:00,UNVR,RG,3870,3,D,YP,AK,F
15:00:00,UNVR,RG,3870,20,D,PD,AK,F
15:00:00,UNVR,RG,3870,1,D,YP,AK,F
15:00:00,UNVR,RG,3870,29,D,CC,AK,F
15:00:00,UNVR,RG,3870,1,D,YP,AK,F
15:00:00,UNVR,RG,3870,1,D,YP,AK,F
15:00:00,UNVR,RG,3870,317,D,YP,AK,F
15:00:00,UNVR,RG,3870,1,D,XC,AK,F
15:00:00,UNVR,RG,3870,363,F,ZP,AK,F
15:00:00,UNVR,RG,3870,648,F,ZP,AK,F
15:00:00,UNVR,RG,3870,2,F,ZP,AK,F
15:00:00,UNVR,RG,3870,182,F,AK,AK,F
15:00:00,UNVR,RG,3870,127,F,AK,AK,F
15:00:00,UNVR,RG,3870,296,F,AK,AK,F
15:00:00,UNVR,RG,3870,266,F,ZP,AK,F
15:00:00,UNVR,RG,3870,52,F,ZP,CC,F
15:00:00,UNVR,RG,3870,1,F,AK,CC,F
15:00:00,UNVR,RG,3870,947,F,BK,CC,F
15:00:00,UNVR,RG,3870,358,F,BK,CC,D
15:00:00,UNVR,RG,3870,1246,F,BK,RX,F
15:00:00,UNVR,RG,3870,999,F,BK,RX,F
15:00:00,UNVR,RG,3870,76,F,BK,RX,F
15:00:00,UNVR,RG,3870,434,F,CS,RX,F
15:00:00,UNVR,RG,3870,342,F,CS,RX,F
15:00:00,UNVR,RG,3870,446,F,CS,RX,D
15:00:00,UNVR,RG,3870,865,F,CS,DP,F
15:00:00,UNVR,RG,3870,5,F,CS,KK,D
15:00:00,UNVR,RG,3870,230,F,CS,YU,F
15:00:00,UNVR,RG,3870,229,F,CS,YU,F
15:00:00,UNVR,RG,3870,229,F,CS,YU,F
15:00:00,UNVR,RG,3870,310,F,CS,DR,D
15:00:00,UNVR,RG,3870,135,F,AK,DR,D
15:00:00,UNVR,RG,3870,125,F,AK,YU,D
15:00:00,UNVR,RG,3870,44,F,AK,LG,D
15:00:00,UNVR,RG,3870,28,F,AK,YU,D
15:00:00,UNVR,RG,3870,12,F,AK,YU,D
15:00:00,UNVR,RG,3870,19,F,AK,YU,D
15:00:00,UNVR,RG,3870,990,F,AK,YU,D
15:00:00,UNVR,RG,3870,201,F,AK,YU,D
15:00:00,UNVR,RG,3870,232,F,AK,YU,D
15:00:00,UNVR,RG,3870,541,F,AK,YU,D
15:00:00,UNVR,RG,3870,27,F,AK,YU,D
15:00:00,UNVR,RG,3870,1,F,AK,YU,D
15:00:00,UNVR,RG,3870,42,F,AK,YU,D
15:00:00,UNVR,RG,3870,28,F,AK,YU,D
15:00:00,UNVR,RG,3870,8,F,AK,YU,D
15:00:00,UNVR,RG,3870,1,F,AK,YU,D
15:00:00,UNVR,RG,3870,64,F,AK,YU,D
15:00:00,UNVR,RG,3870,805,F,DP,YU,D
15:00:00,UNVR,RG,3870,45,D,YP,YU,D
14:49:59,UNVR,RG,3890,1,F,AK,AK,F
14:49:59,UNVR,RG,3890,1,F,AK,AK,F
14:49:59,UNVR,RG,3890,1,F,AK,AK,F
14:49:59,UNVR,RG,3890,1,F,AK,AK,F
14:49:59,UNVR,RG,3890,1,F,AK,AK,F
14:49:58,UNVR,RG,3890,1,F,AK,AK,F
14:49:58,UNVR,RG,3890,1,F,AK,AK,F
14:49:57,UNVR,RG,3890,4,F,ZP,AK,F
14:49:55,UNVR,RG,3890,3,F,AK,AK,F
14:49:55,UNVR,RG,3890,4,F,AK,AK,F
14:49:54,UNVR,RG,3890,1,F,AK,AK,F
14:49:54,UNVR,RG,3890,1,F,CS,AK,F
14:49:54,UNVR,RG,3890,2,F,CS,XC,D
14:49:54,UNVR,RG,3890,17,F,CS,YP,D
14:49:53,UNVR,RG,3890,10,F,AK,YP,D
14:49:52,UNVR,RG,3890,3,F,AK,YP,D
14:49:52,UNVR,RG,3890,1,F,AK,PD,D
14:49:52,UNVR,RG,3890,2,F,AK,RG,D
14:49:52,UNVR,RG,3890,1,F,AK,RG,D
14:49:51,UNVR,RG,3890,7,F,ZP,RG,D
14:49:51,UNVR,RG,3890,4,F,ZP,KK,D
14:49:51,UNVR,RG,3890,1,F,AK,KK,D
14:49:51,UNVR,RG,3890,1,F,AK,KK,D
14:49:50,UNVR,RG,3890,17,F,ZP,KK,D
14:49:49,UNVR,RG,3890,4,F,AK,KK,D
14:49:49,UNVR,RG,3890,1,F,AK,KK,D
14:49:37,UNVR,RG,3890,5,F,ZP,KK,D
14:49:35,UNVR,RG,3890,2,F,CS,KK,D
14:49:35,UNVR,RG,3890,107,F,CS,KK,D
14:49:32,UNVR,RG,3890,2,D,XC,KK,D
14:49:30,UNVR,RG,3890,8,F,BK,KK,D
14:49:24,UNVR,RG,3890,1,D,YP,KK,D
14:49:22,UNVR,RG,3890,11,F,ZP,KK,D
14:49:15,UNVR,RG,3890,3,F,AK,KK,D
14:49:15,UNVR,RG,3890,8,F,AK,KK,D
14:49:15,UNVR,RG,3890,4,F,AK,KK,D
14:49:15,UNVR,RG,3890,88,F,AK,KK,D
14:49:15,UNVR,RG,3890,18,F,AK,KK,D
14:49:13,UNVR,RG,3890,11,F,AK,KK,D
14:49:13,UNVR,RG,3890,4,F,AK,KK,D
14:49:13,UNVR,RG,3890,49,F,AK,KK,D
14:49:13,UNVR,RG,3890,1,F,AK,KK,D
14:49:13,UNVR,RG,3890,7,F,AK,KK,D
14:49:13,UNVR,RG,3890,28,F,ZP,KK,D
14:49:13,UNVR,RG,3880,5,D,YP,ZP,F
14:49:12,UNVR,RG,3880,1,D,YP,PD,D
14:49:12,UNVR,RG,3880,10,D,YP,OD,D
14:49:12,UNVR,RG,3880,6,D,YP,XC,D
14:49:12,UNVR,RG,3880,3,D,YP,ZP,F
14:49:12,UNVR,RG,3880,37,D,YP,DR,D
14:49:04,UNVR,RG,3880,11,F,BK,DR,D
14:49:00,UNVR,RG,3880,7,F,BK,DR,D
14:49:00,UNVR,RG,3880,5,F,BK,CP,D
14:49:00,UNVR,RG,3880,32,F,BK,OD,D
14:49:00,UNVR,RG,3880,2,D,PD,OD,D
14:49:00,UNVR,RG,3880,7,F,AK,OD,D
14:49:00,UNVR,RG,3880,3,F,AK,OD,D
14:49:00,UNVR,RG,3880,5,F,AK,OD,D
14:49:00,UNVR,RG,3880,10,F,AK,OD,D
14:49:00,UNVR,RG,3880,1,F,AK,OD,D
14:48:54,UNVR,RG,3880,5,D,CC,OD,D
14:48:49,UNVR,RG,3880,10,F,BK,OD,D
14:48:48,UNVR,RG,3880,5,D,YP,OD,D
14:48:48,UNVR,RG,3880,80,F,ZP,OD,D
14:48:46,UNVR,RG,3880,1,D,GR,OD,D
14:48:46,UNVR,RG,3880,26,F,ZP,OD,D
14:48:46,UNVR,RG,3870,4,D,YP,ZP,F
14:48:46,UNVR,RG,3880,2,D,PD,OD,D
14:48:45,UNVR,RG,3880,2,F,AK,OD,D
14:48:45,UNVR,RG,3880,1,F,AK,OD,D
14:48:45,UNVR,RG,3880,10,F,AK,OD,D
14:48:45,UNVR,RG,3880,5,F,AK,CC,D
14:48:45,UNVR,RG,3880,5,F,AK,NI,D
14:48:45,UNVR,RG,3880,3,F,AK,CC,D
14:48:45,UNVR,RG,3880,32,F,AK,GR,D
14:48:44,UNVR,RG,3880,2,F,AK,GR,D
14:48:43,UNVR,RG,3880,1,D,CC,GR,D
14:48:40,UNVR,RG,3870,7,D,YP,ZP,F
14:48:39,UNVR,RG,3880,1,F,AK,GR,D
14:48:39,UNVR,RG,3880,64,D,ZR,GR,D
14:48:39,UNVR,RG,3880,1,D,ZR,ZP,F
14:48:39,UNVR,RG,3880,2,D,ZR,NI,D
14:48:39,UNVR,RG,3880,8,D,ZR,CC,F
14:48:38,UNVR,RG,3880,2,D,YU,CC,F
14:48:36,UNVR,RG,3880,11,F,BK,CC,F
14:48:36,UNVR,RG,3870,78,D,YP,YP,D
14:48:36,UNVR,RG,3880,1,D,YP,CC,F
14:48:36,UNVR,RG,3880,4,F,AK,CC,F
14:48:30,UNVR,RG,3880,1,F,AK,CC,F
14:48:30,UNVR,RG,3880,1,F,AK,CC,F
14:48:30,UNVR,RG,3880,30,F,AK,CC,F
14:48:30,UNVR,RG,3880,1,F,AK,CC,F
14:48:30,UNVR,RG,3880,31,F,AK,CC,F
14:48:30,UNVR,RG,3880,18,F,AK,CC,F
14:48:28,UNVR,RG,3880,11,F,BK,CC,F
14:48:25,UNVR,RG,3880,50,D,NI,CC,F
14:48:21,UNVR,RG,3880,5,D,XA,CC,F
14:48:19,UNVR,RG,3880,7,D,DH,CC,F
14:48:19,UNVR,RG,3880,1,F,AK,CC,F
14:48:17,UNVR,RG,3880,3,D,PD,CC,F
14:48:16,UNVR,RG,3880,11,F,BK,CC,F
14:48:15,UNVR,RG,3880,7,F,AK,CC,F
14:48:15,UNVR,RG,3880,1,F,AK,CC,F
14:48:15,UNVR,RG,3880,1,D,PD,CC,F
14:48:09,UNVR,RG,3880,10,D,GR,CC,F
14:48:06,UNVR,RG,3880,35,D,CC,CC,F
14:48:06,UNVR,RG,3880,1,D,CC,XC,D
14:48:06,UNVR,RG,3880,1,D,CC,XC,D
14:48:06,UNVR,RG,3880,10,D,CC,CC,D
14:48:06,UNVR,RG,3880,1,D,CC,GR,D
14:48:06,UNVR,RG,3880,2,D,CC,EP,D
14:48:06,UNVR,RG,3880,7,F,BK,CC,D
14:48:06,UNVR,RG,3880,1,F,BK,PD,D
14:48:06,UNVR,RG,3880,3,F,BK,YP,D
14:47:59,UNVR,RG,3880,1,D,YP,YP,D
14:47:53,UNVR,RG,3880,12,F,BK,CC,D
14:47:52,UNVR,RG,3880,2,D,CC,CC,D
14:47:44,UNVR,RG,3880,1,D,DH,CC,D
14:47:43,UNVR,RG,3880,11,F,BK,CC,D
14:47:39,UNVR,RG,3880,10,D,NI,CC,D
14:47:31,UNVR,RG,3880,1,F,AK,CC,D
14:47:29,UNVR,RG,3880,12,F,BK,CC,D
14:47:24,UNVR,RG,3880,1,D,XC,CC,D
14:47:21,UNVR,RG,3870,78,D,YP,PD,D
14:47:21,UNVR,RG,3870,5,D,KK,PD,D
14:47:21,UNVR,RG,3870,1,D,NI,PD,D
14:47:21,UNVR,RG,3870,1,D,CC,PD,D
14:47:21,UNVR,RG,3870,5,D,YP,PD,D
14:47:21,UNVR,RG,3870,1,D,PD,PD,D
14:47:21,UNVR,RG,3870,2,D,PD,PD,D
14:47:21,UNVR,RG,3870,1,D,PD,PD,D
14:47:21,UNVR,RG,3870,1,D,XC,PD,D
14:47:21,UNVR,RG,3870,1,D,YP,PD,D
14:47:21,UNVR,RG,3870,2,D,PD,PD,D
14:47:21,UNVR,RG,3870,1,D,KK,PD,D
14:47:21,UNVR,RG,3870,100,D,YP,PD,D
14:47:21,UNVR,RG,3870,1,D,XL,PD,D
14:47:21,UNVR,RG,3870,2,D,EP,PD,D
14:47:21,UNVR,RG,3870,3,D,DH,PD,D
14:47:21,UNVR,RG,3870,1,D,PD,PD,D
14:47:21,UNVR,RG,3870,100,D,CC,PD,D
14:47:21,UNVR,RG,3870,3,D,SQ,PD,D
14:47:21,UNVR,RG,3870,31,D,NI,PD,D
14:47:21,UNVR,RG,3870,1,D,EP,PD,D
14:47:21,UNVR,RG,3870,10,D,GR,PD,D
14:47:21,UNVR,RG,3870,1,D,YP,PD,D
14:47:21,UNVR,RG,3870,2,D,EP,PD,D
14:47:21,UNVR,RG,3870,1,D,XC,PD,D
14:47:21,UNVR,RG,3870,1,D,YP,PD,D
14:47:21,UNVR,RG,3870,1,D,SQ,PD,D
14:47:21,UNVR,RG,3870,1,D,DH,PD,D
14:47:21,UNVR,RG,3870,30,D,DR,PD,D
14:47:21,UNVR,RG,3870,1,D,YP,PD,D
14:47:21,UNVR,RG,3870,10,D,DR,PD,D
14:47:21,UNVR,RG,3870,4,D,DH,PD,D
14:47:21,UNVR,RG,3870,2,D,YP,PD,D
14:47:21,UNVR,RG,3870,83,D,CC,PD,D
14:47:21,UNVR,RG,3870,20,D,DH,PD,D
14:47:21,UNVR,RG,3870,1,D,CC,PD,D
14:47:21,UNVR,RG,3870,2,D,PD,PD,D
14:47:21,UNVR,RG,3870,5,D,DH,PD,D
14:47:21,UNVR,RG,3870,3,D,YP,PD,D
14:47:21,UNVR,RG,3870,3,D,PD,PD,D
14:47:21,UNVR,RG,3870,2,D,XC,PD,D
14:47:21,UNVR,RG,3870,2,D,XC,PD,D
14:47:21,UNVR,RG,3870,1,D,XL,PD,D
14:47:21,UNVR,RG,3870,4,D,NI,PD,D
14:47:21,UNVR,RG,3870,1,D,YP,PD,D
14:47:21,UNVR,RG,3870,116,D,YP,PD,D
14:47:20,UNVR,RG,3880,1,D,PD,YP,D
14:47:17,UNVR,RG,3880,1,F,BK,YP,D
14:47:17,UNVR,RG,3880,2,F,BK,AT,D
14:47:17,UNVR,RG,3880,7,F,BK,OD,D
14:47:08,UNVR,RG,3880,22,F,AK,OD,D
14:47:07,UNVR,RG,3880,11,F,BK,OD,D
14:47:06,UNVR,RG,3870,4,D,YP,PD,D
14:47:05,UNVR,RG,3880,20,D,DR,OD,D
14:47:04,UNVR,RG,3880,1,F,AK,OD,D
14:47:03,UNVR,RG,3880,5,D,PD,OD,D
14:46:56,UNVR,RG,3880,7,D,CC,OD,D
14:46:56,UNVR,RG,3880,11,F,BK,OD,D
14:46:54,UNVR,RG,3870,4,D,YP,PD,D
14:46:53,UNVR,RG,3880,10,D,YP,OD,D
14:46:49,UNVR,RG,3880,1,D,XC,OD,D
14:46:48,UNVR,RG,3880,2,D,DH,OD,D
14:46:48,UNVR,RG,3880,1,D,CC,OD,D
14:46:45,UNVR,RG,3880,6,F,BK,OD,D
14:46:45,UNVR,RG,3880,5,F,BK,OD,D
14:46:44,UNVR,RG,3880,20,D,CC,OD,D
14:46:43,UNVR,RG,3880,1,D,YU,OD,D
14:46:40,UNVR,RG,3880,1,D,NI,OD,D
14:46:40,UNVR,RG,3880,3,D,PD,OD,D
14:46:37,UNVR,RG,3880,50,D,SQ,OD,D
14:46:36,UNVR,RG,3880,2,D,YU,OD,D
14:46:36,UNVR,RG,3880,11,F,BK,OD,D
14:46:36,UNVR,RG,3880,11,D,NI,OD,D
14:46:36,UNVR,RG,3880,3,D,NI,YP,D
14:46:36,UNVR,RG,3880,14,D,NI,CS,D
14:46:36,UNVR,RG,3880,35,D,NI,ZP,F
14:46:36,UNVR,RG,3880,10,D,NI,CS,D
14:46:36,UNVR,RG,3880,427,D,NI,BK,D
14:46:34,UNVR,RG,3880,20,D,KK,BK,D
14:46:33,UNVR,RG,3880,200,D,YP,BK,D
14:46:32,UNVR,RG,3870,76,D,YP,CC,F
14:46:32,UNVR,RG,3870,1,D,DH,CC,F
14:46:32,UNVR,RG,3870,1,D,XL,CC,F
14:46:32,UNVR,RG,3870,10,D,YP,CC,F
14:46:32,UNVR,RG,3870,1,D,YP,CC,F
14:46:32,UNVR,RG,3870,2,D,XC,CC,F
14:46:32,UNVR,RG,3870,1,D,HP,CC,F
14:46:32,UNVR,RG,3870,40,D,DH,CC,F
14:46:32,UNVR,RG,3870,1,D,SQ,CC,F
14:46:32,UNVR,RG,3870,1,D,CC,CC,F
14:46:32,UNVR,RG,3870,10,D,EP,CC,F
14:46:32,UNVR,RG,3870,1,D,YP,CC,F
14:46:32,UNVR,RG,3870,1,D,XC,CC,F
14:46:32,UNVR,RG,3870,10,D,YP,CC,F
14:46:32,UNVR,RG,3870,2,D,CC,CC,F
14:46:32,UNVR,RG,3870,2,D,AT,CC,F
14:46:32,UNVR,RG,3870,5,D,DH,CC,F
14:46:32,UNVR,RG,3870,7,D,SQ,CC,F
14:46:32,UNVR,RG,3870,1,D,PD,CC,F
14:46:32,UNVR,RG,3870,2,D,CC,CC,F
14:46:32,UNVR,RG,3870,2,D,NI,CC,F
14:46:32,UNVR,RG,3870,1,D,XC,CC,F
14:46:32,UNVR,RG,3870,2,D,YP,CC,F
14:46:32,UNVR,RG,3870,5,D,PD,CC,F
14:46:32,UNVR,RG,3870,2,D,PD,CC,F
14:46:32,UNVR,RG,3870,5,D,YP,CC,F
14:46:32,UNVR,RG,3870,10,D,SQ,CC,F
14:46:32,UNVR,RG,3870,1,D,KK,CC,F
14:46:32,UNVR,RG,3870,1,D,XC,CC,F
14:46:32,UNVR,RG,3870,3,D,OD,CC,F
14:46:32,UNVR,RG,3870,2,D,YP,CC,F
14:46:32,UNVR,RG,3870,1,D,NI,CC,F
14:46:32,UNVR,RG,3870,20,D,CC,CC,F
14:46:32,UNVR,RG,3870,3,D,CC,CC,F
14:46:32,UNVR,RG,3870,3,D,KK,CC,F
14:46:32,UNVR,RG,3870,10,D,CC,CC,F
14:46:32,UNVR,RG,3870,1,D,PD,CC,F
14:46:32,UNVR,RG,3870,2,D,PD,CC,F
14:46:32,UNVR,RG,3870,1,D,AT,CC,F
14:46:32,UNVR,RG,3870,1,D,XL,CC,F
14:46:32,UNVR,RG,3870,2,D,XC,CC,F
14:46:32,UNVR,RG,3870,22,D,YP,CC,F
14:46:31,UNVR,RG,3870,15,D,YP,ZP,F
14:46:31,UNVR,RG,3870,63,D,YP,PD,D
14:46:31,UNVR,RG,3870,1,D,YP,PD,D
14:46:31,UNVR,RG,3870,2,D,YP,PD,D
14:46:31,UNVR,RG,3870,5,D,PD,PD,D
14:46:31,UNVR,RG,3870,1,D,YP,PD,D
14:46:31,UNVR,RG,3870,2,D,XC,PD,D
14:46:31,UNVR,RG,3870,10,D,NI,PD,D
14:46:31,UNVR,RG,3870,100,D,OD,PD,D
14:46:31,UNVR,RG,3870,5,D,YP,PD,D
14:46:31,UNVR,RG,3870,1,D,XA,PD,D
14:46:31,UNVR,RG,3870,5,D,NI,PD,D
14:46:31,UNVR,RG,3870,10,D,CC,PD,D
14:46:31,UNVR,RG,3870,40,D,CC,PD,D
14:46:31,UNVR,RG,3870,2,D,NI,PD,D
14:46:31,UNVR,RG,3870,100,D,YP,PD,D
14:46:31,UNVR,RG,3870,15,D,XC,PD,D
14:46:31,UNVR,RG,3870,1,D,EP,PD,D
14:46:31,UNVR,RG,3870,1,D,NI,PD,D
14:46:31,UNVR,RG,3870,5,D,YP,PD,D
14:46:31,UNVR,RG,3870,10,D,PD,PD,D
14:46:31,UNVR,RG,3870,7,D,GR,PD,D
14:46:31,UNVR,RG,3870,10,D,DH,PD,D
14:46:31,UNVR,RG,3870,2,D,PD,PD,D
14:46:31,UNVR,RG,3870,5,D,YP,PD,D
14:46:31,UNVR,RG,3870,100,D,NI,PD,D
14:46:31,UNVR,RG,3870,3,D,PD,PD,D
14:46:31,UNVR,RG,3870,5,D,XA,PD,D
14:46:31,UNVR,RG,3870,2,D,PD,PD,D
14:46:31,UNVR,RG,3870,1,D,NI,PD,D
14:46:31,UNVR,RG,3870,10,D,CC,PD,D
14:46:31,UNVR,RG,3870,1,D,YP,PD,D
14:46:31,UNVR,RG,3870,1,D,XC,PD,D
14:46:31,UNVR,RG,3870,10,D,KK,PD,D
14:46:31,UNVR,RG,3870,5,D,YP,PD,D
14:46:31,UNVR,RG,3870,75,D,DX,PD,D
14:46:31,UNVR,RG,3870,1,D,PD,PD,D
14:46:31,UNVR,RG,3870,1,D,PD,PD,D
14:46:31,UNVR,RG,3870,1,D,PD,PD,D
14:46:31,UNVR,RG,3870,10,D,CC,PD,D
14:46:31,UNVR,RG,3870,10,D,KK,PD,D
14:46:31,UNVR,RG,3870,1,D,YP,PD,D
14:46:31,UNVR,RG,3870,8,D,CC,PD,D
14:46:22,UNVR,RG,3880,15,D,AT,BK,D
14:46:21,UNVR,RG,3880,1,D,KK,BK,D
14:46:21,UNVR,RG,3880,12,F,BK,BK,D
14:46:18,UNVR,RG,3880,50,D,DR,BK,D
14:46:18,UNVR,RG,3870,2,D,CC,RG,D
14:46:18,UNVR,RG,3870,3,D,KK,RG,D
14:46:12,UNVR,RG,3870,27,D,KK,YP,D
14:46:05,UNVR,RG,3870,28,D,KK,ZP,F
14:46:05,UNVR,RG,3870,2,D,KK,CS,D
14:46:05,UNVR,RG,3880,11,F,BK,BK,D
14:46:04,UNVR,RG,3870,13,D,KK,CS,D
14:46:04,UNVR,RG,3870,1,D,KK,CS,D
14:46:04,UNVR,RG,3870,1,D,KK,CS,D
14:46:04,UNVR,RG,3880,40,D,CC,BK,D
14:46:00,UNVR,RG,3880,1,D,YP,BK,D
14:46:00,UNVR,RG,3870,1,D,KK,CC,F
14:46:00,UNVR,RG,3880,11,F,BK,BK,D
14:45:57,UNVR,RG,3870,3,D,KK,PD,D
14:45:57,UNVR,RG,3870,4,D,PD,PD,D
14:45:57,UNVR,RG,3870,5,D,YP,PD,D
14:45:57,UNVR,RG,3870,1,D,PD,PD,D
14:45:57,UNVR,RG,3870,1,D,YP,PD,D
14:45:57,UNVR,RG,3870,1,D,XA,PD,D
14:45:57,UNVR,RG,3870,4,D,CC,PD,D
14:45:57,UNVR,RG,3870,5,D,PD,PD,D
14:45:57,UNVR,RG,3870,1,D,YP,PD,D
14:45:57,UNVR,RG,3870,1,D,PD,PD,D
14:45:57,UNVR,RG,3870,1,D,PD,PD,D
14:45:57,UNVR,RG,3870,5,D,YP,PD,D
14:45:57,UNVR,RG,3870,1,D,PD,PD,D
14:45:57,UNVR,RG,3870,3,D,PD,PD,D
14:45:57,UNVR,RG,3870,10,D,XC,PD,D
14:45:57,UNVR,RG,3870,10,D,CC,PD,D
14:45:57,UNVR,RG,3870,1,D,XC,PD,D
14:45:57,UNVR,RG,3870,159,D,EP,PD,D
14:45:57,UNVR,RG,3880,15,D,CC,BK,D
14:45:49,UNVR,RG,3880,1,D,DH,BK,D
14:45:46,UNVR,RG,3880,12,F,BK,BK,D
14:45:39,UNVR,RG,3880,5,D,KK,BK,D
14:45:33,UNVR,RG,3870,216,D,EP,PD,D
14:45:33,UNVR,RG,3880,11,F,BK,BK,D
14:45:25,UNVR,RG,3870,4,D,SQ,ZP,F
14:45:22,UNVR,RG,3880,11,F,BK,BK,D
14:45:14,UNVR,RG,3870,2,D,SQ,PD,D
14:45:11,UNVR,RG,3880,10,F,BK,BK,D
14:45:10,UNVR,RG,3880,3,D,KK,BK,D
14:45:05,UNVR,RG,3880,1,D,EP,BK,D
14:45:02,UNVR,RG,3870,2,D,SQ,DR,D
14:44:58,UNVR,RG,3880,12,F,BK,BK,D
14:44:55,UNVR,RG,3880,60,D,CC,BK,D
14:44:50,UNVR,RG,3880,12,F,BK,BK,D
14:44:43,UNVR,RG,3880,2,D,DH,BK,D
14:44:42,UNVR,RG,3870,24,D,SQ,CS,D
14:44:41,UNVR,RG,3870,5,D,SQ,CS,D
14:44:34,UNVR,RG,3880,11,F,BK,BK,D
14:44:30,UNVR,RG,3870,24,D,SQ,ZP,F
14:44:30,UNVR,RG,3870,68,D,SQ,PD,D
14:44:30,UNVR,RG,3870,10,D,PD,PD,D
14:44:30,UNVR,RG,3870,138,D,CC,PD,D
14:44:25,UNVR,RG,3880,16,D,CC,BK,D
14:44:25,UNVR,RG,3880,12,F,BK,BK,D
14:44:25,UNVR,RG,3880,1,D,PD,BK,D
14:44:21,UNVR,RG,3870,200,D,CC,CC,F
14:44:16,UNVR,RG,3870,100,D,CC,CC,F
14:44:12,UNVR,RG,3870,8,D,CC,YU,D
14:44:12,UNVR,RG,3870,19,D,CC,YU,D
14:44:12,UNVR,RG,3870,8,D,CC,YU,D
14:44:09,UNVR,RG,3880,17,D,DX,BK,D
14:44:09,UNVR,RG,3880,111,D,DX,BK,D
14:44:04,UNVR,RG,3880,10,D,YP,BK,D
14:43:56,UNVR,RG,3870,35,D,CC,YU,D
14:43:55,UNVR,RG,3880,20,D,CC,BK,D
14:43:53,UNVR,RG,3880,3,D,NI,BK,D
14:43:44,UNVR,RG,3870,15,D,CC,LG,D
14:43:40,UNVR,RG,3870,35,D,CC,YU,D
14:43:38,UNVR,RG,3880,1,D,NI,BK,D
14:43:36,UNVR,RG,3870,50,D,CC,PD,D
14:43:36,UNVR,RG,3870,5,D,PD,PD,D
14:43:36,UNVR,RG,3870,4,D,XC,PD,D
14:43:36,UNVR,RG,3870,4,D,CP,PD,D
14:43:36,UNVR,RG,3870,30,D,CP,PD,D
14:43:36,UNVR,RG,3870,3,D,YP,PD,D
14:43:36,UNVR,RG,3870,5,D,AT,PD,D
14:43:36,UNVR,RG,3870,1,D,XC,PD,D
14:43:36,UNVR,RG,3870,1,D,XC,PD,D
14:43:36,UNVR,RG,3870,1,D,PD,PD,D
14:43:36,UNVR,RG,3870,1,D,XC,PD,D
14:43:36,UNVR,RG,3870,3,D,YP,PD,D
14:43:36,UNVR,RG,3870,10,D,AZ,PD,D
14:43:36,UNVR,RG,3870,1,D,YP,PD,D
14:43:36,UNVR,RG,3870,2,D,CC,PD,D
14:43:36,UNVR,RG,3870,5,D,LG,PD,D
14:43:36,UNVR,RG,3870,20,D,YP,PD,D
14:43:36,UNVR,RG,3870,2,D,YP,PD,D
14:43:36,UNVR,RG,3870,7,D,YP,PD,D
14:43:36,UNVR,RG,3870,8,D,YP,PD,D
14:43:36,UNVR,RG,3870,17,F,KK,PD,D
14:43:36,UNVR,RG,3870,27,D,IF,PD,D
14:43:33,UNVR,RG,3880,1,D,DR,BK,D
14:43:26,UNVR,RG,3870,35,D,IF,YU,D
14:43:11,UNVR,RG,3870,1,D,IF,CC,D
14:43:05,UNVR,RG,3870,26,D,IF,YU,D
14:43:00,UNVR,RG,3870,120,D,IF,CC,F
14:42:54,UNVR,RG,3880,1,D,PD,BK,D
14:42:46,UNVR,RG,3870,26,D,IF,YU,D
14:42:46,UNVR,RG,3870,23,D,IF,ZP,F
14:42:40,UNVR,RG,3870,1,D,IF,XC,D
14:42:36,UNVR,RG,3880,1,D,SQ,BK,D
14:42:24,UNVR,RG,3870,1,D,IF,YU,D
14:42:24,UNVR,RG,3870,4,D,CC,YU,D
14:42:24,UNVR,RG,3870,2,D,PD,YU,D
14:42:24,UNVR,RG,3870,1,D,YP,YU,D
14:42:24,UNVR,RG,3870,1,D,YP,YU,D
14:42:24,UNVR,RG,3870,1,D,PD,YU,D
14:42:24,UNVR,RG,3870,1,D,PD,YU,D
14:42:24,UNVR,RG,3870,5,D,SQ,YU,D
14:42:24,UNVR,RG,3870,10,D,PD,YU,D
14:42:14,UNVR,RG,3880,1,D,NI,BK,D
14:42:08,UNVR,RG,3880,1,D,XC,BK,D
14:42:05,UNVR,RG,3870,10,D,PD,ZP,F
14:42:05,UNVR,RG,3870,1,D,YP,ZP,F
14:42:05,UNVR,RG,3870,2,D,XL,ZP,F
14:42:05,UNVR,RG,3870,19,D,RG,ZP,F
14:42:04,UNVR,RG,3870,26,D,RG,YU,D
14:42:04,UNVR,RG,3880,2,F,AK,BK,D
14:42:04,UNVR,RG,3880,100,D,YP,BK,D
14:42:04,UNVR,RG,3880,5,F,CS,BK,D
14:42:03,UNVR,RG,3880,3,F,AK,BK,D
14:42:03,UNVR,RG,3880,5,F,AK,BK,D
14:42:03,UNVR,RG,3880,52,D,YP,BK,D
14:42:03,UNVR,RG,3880,203,F,CS,BK,D
14:42:03,UNVR,RG,3880,7,D,PD,BK,D
14:42:03,UNVR,RG,3880,1,D,YP,BK,D
14:42:03,UNVR,RG,3880,5,D,CC,BK,D
14:42:03,UNVR,RG,3880,15,F,AK,BK,D
14:42:03,UNVR,RG,3880,1,F,AK,BK,D
14:42:03,UNVR,RG,3880,4,D,PD,BK,D
14:42:03,UNVR,RG,3880,31,F,CS,BK,D
14:42:03,UNVR,RG,3880,2,F,AK,BK,D
14:42:03,UNVR,RG,3880,8,F,AK,BK,D
14:42:03,UNVR,RG,3880,3,F,AK,BK,D
14:42:03,UNVR,RG,3880,119,F,AK,BK,D
14:42:03,UNVR,RG,3880,3,F,AK,BK,D
14:42:03,UNVR,RG,3880,14,F,AK,BK,D
14:42:03,UNVR,RG,3880,1,D,PD,BK,D
14:42:03,UNVR,RG,3880,25,D,PD,BK,D
14:42:03,UNVR,RG,3880,17,F,ZP,BK,D
14:42:03,UNVR,RG,3880,2,F,AK,BK,D
14:42:03,UNVR,RG,3880,117,F,CS,BK,D
14:42:03,UNVR,RG,3880,100,D,NI,BK,D
14:42:03,UNVR,RG,3880,5,F,BK,BK,D
14:41:59,UNVR,RG,3880,7,F,BK,CS,D
14:41:54,UNVR,RG,3880,14,F,BK,DR,D
14:41:54,UNVR,RG,3880,27,F,BK,CC,D
14:41:50,UNVR,RG,3880,5,F,BK,KK,D
14:41:48,UNVR,RG,3880,32,F,BK,PD,D
14:41:48,UNVR,RG,3880,30,D,YP,PD,D
14:41:48,UNVR,RG,3880,5,D,CC,PD,D
14:41:48,UNVR,RG,3880,100,D,PD,PD,D
14:41:48,UNVR,RG,3880,15,D,CP,PD,D
14:41:48,UNVR,RG,3880,10,D,CC,PD,D
14:41:48,UNVR,RG,3880,8,F,CS,PD,D
14:41:45,UNVR,RG,3880,36,F,CS,PD,D
14:41:45,UNVR,RG,3880,2,D,XL,PD,D
14:41:45,UNVR,RG,3880,5,D,XC,PD,D
14:41:45,UNVR,RG,3880,1,D,XC,PD,D
14:41:45,UNVR,RG,3880,5,D,YP,PD,D
14:41:45,UNVR,RG,3880,1,D,YP,PD,D
14:41:45,UNVR,RG,3880,18,F,AK,PD,D
14:41:45,UNVR,RG,3880,3,D,CC,PD,D
14:41:45,UNVR,RG,3880,36,F,ZP,PD,D
14:41:45,UNVR,RG,3880,1,D,KK,PD,D
14:41:45,UNVR,RG,3880,41,F,AK,PD,D
14:41:45,UNVR,RG,3880,66,F,AK,PD,D
14:41:45,UNVR,RG,3880,1,D,DH,PD,D
14:41:43,UNVR,RG,3880,12,D,DH,YU,D
14:41:43,UNVR,RG,3880,1,D,YP,YU,D
14:41:43,UNVR,RG,3880,13,F,CS,YU,D
14:41:30,UNVR,RG,3890,1,D,PD,KK,D
14:41:28,UNVR,RG,3880,180,F,CS,KK,D
14:41:19,UNVR,RG,3880,26,F,CS,YU,D
14:41:18,UNVR,RG,3890,1,D,XC,KK,D
14:41:17,UNVR,RG,3880,11,F,CS,CS,D
14:41:16,UNVR,RG,3880,4,F,CS,PD,D
14:41:12,UNVR,RG,3880,100,F,CS,CC,F
14:41:11,UNVR,RG,3880,159,F,CS,PD,D
14:41:11,UNVR,RG,3880,57,D,YP,PD,D
14:41:09,UNVR,RG,3880,43,D,YP,FS,D
14:41:09,UNVR,RG,3880,1,D,XC,FS,D
14:41:09,UNVR,RG,3880,10,D,YP,FS,D
14:41:09,UNVR,RG,3880,50,D,YP,FS,D
14:41:09,UNVR,RG,3880,1,D,YP,FS,D
14:41:09,UNVR,RG,3880,100,D,CC,FS,D
14:41:09,UNVR,RG,3880,43,F,CS,FS,D
14:41:09,UNVR,RG,3880,1,D,XC,FS,D
14:41:09,UNVR,RG,3880,2,F,CC,FS,D
14:41:09,UNVR,RG,3880,1,F,AK,FS,D
14:41:09,UNVR,RG,3880,1,D,XC,FS,D
14:41:09,UNVR,RG,3880,10,D,YP,FS,D
14:41:09,UNVR,RG,3880,50,D,GR,FS,D
14:41:09,UNVR,RG,3880,30,D,DR,FS,D
14:41:09,UNVR,RG,3880,1,D,XC,FS,D
14:41:09,UNVR,RG,3880,21,F,AK,FS,D
14:41:09,UNVR,RG,3880,9,F,AK,FS,D
14:41:09,UNVR,RG,3880,36,F,AK,FS,D
14:41:09,UNVR,RG,3880,10,F,AK,FS,D
14:41:09,UNVR,RG,3880,345,F,AK,FS,D
14:41:09,UNVR,RG,3880,2,F,AK,FS,D
14:41:09,UNVR,RG,3880,3,F,AK,FS,D
14:41:09,UNVR,RG,3880,219,F,AK,FS,D
14:41:09,UNVR,RG,3880,10,D,CC,FS,D
14:41:09,UNVR,RG,3880,1,D,XC,FS,D
14:41:09,UNVR,RG,3880,10,D,PD,FS,D
14:41:09,UNVR,RG,3880,10,D,XL,FS,D
14:41:09,UNVR,RG,3880,10,D,AT,FS,D
14:41:09,UNVR,RG,3880,1,D,PD,FS,D
14:41:09,UNVR,RG,3880,1,D,EP,FS,D
14:41:09,UNVR,RG,3880,1,D,DR,FS,D
14:41:09,UNVR,RG,3880,1,D,PD,FS,D
14:41:09,UNVR,RG,3880,1,D,XC,FS,D
14:41:09,UNVR,RG,3880,7,D,YP,FS,D
14:41:09,UNVR,RG,3880,26,D,PD,FS,D
14:41:09,UNVR,RG,3880,42,F,CS,FS,D
14:41:00,UNVR,RG,3890,5,F,AK,KK,D
14:40:59,UNVR,RG,3880,26,F,CS,YU,D
14:40:44,UNVR,RG,3880,1,F,CS,YP,D
14:40:39,UNVR,RG,3880,26,F,CS,YU,D
14:40:38,UNVR,RG,3880,192,F,CS,PD,D
14:40:38,UNVR,RG,3880,24,F,CS,PD,D
14:40:32,UNVR,RG,3880,2,F,CS,KK,D
14:40:18,UNVR,RG,3880,26,D,OD,YU,D
14:40:17,UNVR,RG,3880,5,D,OD,YP,D
14:40:14,UNVR,RG,3880,17,D,OD,CS,D
14:40:12,UNVR,RG,3880,102,D,OD,YP,D
14:40:12,UNVR,RG,3880,24,F,ZP,YP,D
14:40:12,UNVR,RG,3880,2,D,YP,YP,D
14:40:12,UNVR,RG,3880,3,D,PD,YP,D
14:40:12,UNVR,RG,3880,65,D,KK,YP,D
14:40:12,UNVR,RG,3880,1,D,PD,YP,D
14:40:12,UNVR,RG,3880,1,D,YP,YP,D
14:40:12,UNVR,RG,3880,2,F,AK,YP,D
14:40:12,UNVR,RG,3880,50,D,YP,YP,D
14:39:55,UNVR,RG,3880,1,D,YP,YU,D
14:39:55,UNVR,RG,3880,13,F,AK,YU,D
14:39:55,UNVR,RG,3880,2,D,PD,YU,D
14:39:55,UNVR,RG,3880,10,F,BK,YU,D
14:39:46,UNVR,RG,3890,2,D,GR,KK,D
14:39:39,UNVR,RG,3880,26,F,BK,YU,D
14:39:30,UNVR,RG,3890,1,D,DH,KK,D
14:39:28,UNVR,RG,3880,98,F,BK,PD,D
14:39:28,UNVR,RG,3880,118,D,ZP,PD,D
14:39:23,UNVR,RG,3880,26,D,ZP,YU,D
14:39:12,UNVR,RG,3890,5,D,SQ,KK,D
14:39:07,UNVR,RG,3880,50,D,ZP,CC,D
14:39:05,UNVR,RG,3880,6,D,ZP,YU,D
14:39:05,UNVR,RG,3880,1,D,YP,YU,D
14:39:05,UNVR,RG,3880,2,D,KK,YU,D
14:39:05,UNVR,RG,3880,17,D,NI,YU,D
14:38:51,UNVR,RG,3880,37,D,NI,PD,D
14:38:51,UNVR,RG,3880,10,D,NI,PD,D
14:38:51,UNVR,RG,3880,21,F,AK,PD,D
14:38:51,UNVR,RG,3880,148,F,CS,PD,D
14:38:49,UNVR,RG,3880,31,F,CS,YU,D
14:38:41,UNVR,RG,3890,1,D,NI,KK,D
14:38:41,UNVR,RG,3880,112,F,CS,FS,D
14:38:41,UNVR,RG,3880,8,D,XC,FS,D
14:38:41,UNVR,RG,3880,76,D,YP,FS,D
14:38:41,UNVR,RG,3880,52,F,ZP,FS,D
14:38:41,UNVR,RG,3880,1,D,YP,FS,D
14:38:41,UNVR,RG,3880,3,D,KK,FS,D
14:38:41,UNVR,RG,3880,3,D,SQ,FS,D
14:38:41,UNVR,RG,3880,19,F,CS,FS,D
14:38:41,UNVR,RG,3880,1,D,CC,FS,D
14:38:41,UNVR,RG,3880,63,D,YB,FS,D
14:38:41,UNVR,RG,3880,40,D,GR,FS,D
14:38:41,UNVR,RG,3880,1,D,SQ,FS,D
14:38:41,UNVR,RG,3880,1,D,XC,FS,D
14:38:41,UNVR,RG,3880,100,D,OD,FS,D
14:38:41,UNVR,RG,3880,1,D,DH,FS,D
14:38:41,UNVR,RG,3880,1,D,PD,FS,D
14:38:41,UNVR,RG,3880,14,F,AK,FS,D
14:38:41,UNVR,RG,3880,42,F,AK,FS,D
14:38:25,UNVR,RG,3880,27,F,AK,YU,D
14:38:25,UNVR,RG,3880,6,D,CC,YU,D
14:38:17,UNVR,RG,3880,4,D,CC,CS,D
14:38:17,UNVR,RG,3880,14,F,CS,CS,D
14:38:03,UNVR,RG,3890,45,D,YP,KK,D
14:38:01,UNVR,RG,3880,26,F,CS,YU,D
14:38:01,UNVR,RG,3880,10,D,YP,YU,D
14:38:01,UNVR,RG,3880,3,D,YP,YU,D
14:37:44,UNVR,RG,3890,52,D,PD,KK,D
14:37:39,UNVR,RG,3880,3,D,YP,XC,D
14:37:35,UNVR,RG,3880,24,D,YP,YU,D
14:37:35,UNVR,RG,3880,2,F,AK,YU,D
14:37:35,UNVR,RG,3880,3,D,YP,YU,D
14:37:35,UNVR,RG,3880,2,D,KK,YU,D
14:37:35,UNVR,RG,3880,2,D,XC,YU,D
14:37:35,UNVR,RG,3880,17,F,BK,YU,D
14:37:11,UNVR,RG,3880,4,F,BK,PD,D
14:37:03,UNVR,RG,3880,102,F,BK,AK,F
14:37:03,UNVR,RG,3880,21,F,CS,AK,F
14:37:01,UNVR,RG,3880,406,F,CS,FS,D
14:37:01,UNVR,RG,3880,130,D,PD,FS,D
14:37:01,UNVR,RG,3880,15,D,YP,FS,D
14:37:01,UNVR,RG,3880,10,F,AK,FS,D
14:37:01,UNVR,RG,3880,2,F,AK,FS,D
14:37:01,UNVR,RG,3880,4,F,AK,FS,D
14:37:01,UNVR,RG,3880,43,F,AK,FS,D
14:37:01,UNVR,RG,3880,67,F,AK,FS,D
14:37:01,UNVR,RG,3880,1,D,XC,FS,D
14:37:01,UNVR,RG,3880,429,D,NI,FS,D
14:36:58,UNVR,RG,3880,55,D,NI,YU,D
14:36:57,UNVR,RG,3890,8,D,NI,KK,D
14:36:54,UNVR,RG,3880,16,D,NI,DX,D
14:36:54,UNVR,RG,3880,1,D,YP,DX,D
14:36:54,UNVR,RG,3880,4,D,YP,DX,D
14:36:54,UNVR,RG,3880,2,F,AK,DX,D
14:36:54,UNVR,RG,3880,3,F,AK,DX,D
14:36:54,UNVR,RG,3880,1,D,SH,DX,D
14:36:54,UNVR,RG,3880,5,D,YP,DX,D
14:36:54,UNVR,RG,3880,38,F,AK,DX,D
14:36:54,UNVR,RG,3880,293,F,CS,DX,D
14:36:54,UNVR,RG,3880,200,D,PC,DX,D
14:36:54,UNVR,RG,3880,37,D,YP,DX,D
14:36:48,UNVR,RG,3890,39,D,PD,KK,D
14:36:30,UNVR,RG,3890,66,F,AK,KK,D
14:36:17,UNVR,RG,3880,20,D,YP,CS,D
14:36:17,UNVR,RG,3880,63,D,YP,YU,D
14:36:15,UNVR,RG,3880,20,D,YP,XC,D
14:36:13,UNVR,RG,3880,1,D,YP,PD,D
14:36:08,UNVR,RG,3890,100,D,CC,KK,D
14:36:06,UNVR,RG,3890,2,D,XL,KK,D
14:36:00,UNVR,RG,3890,66,D,PD,KK,D
14:35:56,UNVR,RG,3890,1,D,PD,KK,D
14:35:48,UNVR,RG,3890,1,D,PD,KK,D
14:35:38,UNVR,RG,3890,1,D,NI,KK,D
14:35:35,UNVR,RG,3880,1,D,YP,CC,D
14:35:30,UNVR,RG,3880,58,D,YP,YU,D
14:35:30,UNVR,RG,3880,2,D,EP,YU,D
14:35:30,UNVR,RG,3880,1,D,XC,YU,D
14:35:30,UNVR,RG,3880,5,D,BQ,YU,D
14:35:30,UNVR,RG,3880,4,D,YP,YU,D
14:35:18,UNVR,RG,3880,1,D,YP,PD,D
14:34:45,UNVR,RG,3890,3,F,AK,KK,D
14:34:41,UNVR,RG,3880,3,D,YP,DR,D
14:34:39,UNVR,RG,3880,2,D,YP,XC,D
14:34:32,UNVR,RG,3880,1,D,PD,YU,D
14:34:32,UNVR,RG,3880,64,F,BK,YU,D
14:34:32,UNVR,RG,3880,5,D,CC,YU,D
14:34:32,UNVR,RG,3890,10,D,NI,KK,D
14:34:25,UNVR,RG,3880,4,D,CC,GR,D
14:34:24,UNVR,RG,3880,18,D,CC,XC,D
14:34:24,UNVR,RG,3880,7,F,CS,XC,D
14:34:00,UNVR,RG,3880,126,F,CS,CC,F
14:34:00,UNVR,RG,3880,37,F,CS,CC,F
14:34:00,UNVR,RG,3880,15,F,AK,CC,F
14:34:00,UNVR,RG,3880,1,D,XC,CC,F
14:34:00,UNVR,RG,3880,3,D,NI,CC,F
14:34:00,UNVR,RG,3880,2,D,PD,CC,F
14:34:00,UNVR,RG,3880,4,D,XC,CC,F
14:34:00,UNVR,RG,3880,8,F,AK,CC,F
14:34:00,UNVR,RG,3880,14,F,ZP,CC,F
14:34:00,UNVR,RG,3880,30,D,YU,CC,F
14:34:00,UNVR,RG,3880,10,D,CC,CC,F
14:34:00,UNVR,RG,3880,26,F,CS,CC,F
14:34:00,UNVR,RG,3880,1,D,CC,CC,F
14:33:56,UNVR,RG,3880,5,D,YP,CC,D
14:33:56,UNVR,RG,3880,2,F,AK,CC,D
14:33:56,UNVR,RG,3880,3,F,CS,CC,D
14:33:44,UNVR,RG,3880,17,F,CS,CS,D
14:33:39,UNVR,RG,3890,10,D,CC,KK,D
14:33:35,UNVR,RG,3880,55,F,CS,YU,D
14:33:35,UNVR,RG,3880,2,D,YP,YU,D
14:33:35,UNVR,RG,3880,1,D,YP,YU,D
14:33:35,UNVR,RG,3880,10,D,PD,YU,D
14:33:35,UNVR,RG,3880,1,D,PD,YU,D
14:33:35,UNVR,RG,3880,1,D,YP,YU,D
14:33:35,UNVR,RG,3880,3,D,YP,NI,D
14:33:35,UNVR,RG,3880,1,D,YP,NI,D
14:33:35,UNVR,RG,3880,1,F,ZP,NI,D
14:33:12,UNVR,RG,3880,3,F,ZP,YP,D
14:33:12,UNVR,RG,3880,21,F,ZP,CC,D
14:33:12,UNVR,RG,3880,29,D,DH,CC,D
14:33:10,UNVR,RG,3890,2,D,YU,KK,D
14:32:38,UNVR,RG,3880,31,D,DH,YU,D
14:32:38,UNVR,RG,3880,39,F,AK,YU,D
14:32:26,UNVR,RG,3880,2,F,AK,AT,D
14:31:45,UNVR,RG,3880,1,F,AK,AK,F
14:31:44,UNVR,RG,3880,33,F,AK,YU,D
14:31:44,UNVR,RG,3880,1,D,DR,YU,D
14:31:44,UNVR,RG,3880,8,F,AK,YU,D
14:31:44,UNVR,RG,3880,1,D,KK,YU,D
14:31:44,UNVR,RG,3880,1,D,XC,YU,D
14:31:44,UNVR,RG,3880,30,D,SQ,YU,D
14:31:35,UNVR,RG,3880,2,D,SQ,EP,D
14:31:23,UNVR,RG,3880,10,D,SQ,CS,D
14:31:21,UNVR,RG,3880,2,D,SQ,AK,F
14:31:20,UNVR,RG,3880,56,D,SQ,AG,D
14:31:20,UNVR,RG,3880,5,D,DR,AG,D
14:31:20,UNVR,RG,3880,38,F,CS,AG,D
14:31:20,UNVR,RG,3880,1,D,YP,AG,D
14:31:20,UNVR,RG,3880,5,D,NI,AG,D
14:31:20,UNVR,RG,3880,5,F,AK,AG,D
14:31:18,UNVR,RG,3880,6,F,AK,KK,D
14:30:56,UNVR,RG,3880,1,F,AK,XC,D
14:30:56,UNVR,RG,3880,1,F,AK,XC,D
14:30:49,UNVR,RG,3880,19,F,AK,PD,D
14:30:44,UNVR,RG,3880,1,F,AK,AK,F
14:30:43,UNVR,RG,3880,21,F,AK,YU,D
14:30:43,UNVR,RG,3880,1,D,XL,YU,D
14:30:43,UNVR,RG,3880,1,D,HP,YU,D
14:30:43,UNVR,RG,3880,25,F,CS,YU,D
14:30:43,UNVR,RG,3880,3,D,SQ,YU,D
14:30:43,UNVR,RG,3880,1,D,SQ,YU,D
14:30:43,UNVR,RG,3880,22,F,CS,YU,D
14:30:36,UNVR,RG,3880,3,F,CS,PD,D
14:30:36,UNVR,RG,3880,2,D,PD,PD,D
14:30:36,UNVR,RG,3880,77,F,BK,PD,D
14:30:36,UNVR,RG,3880,30,D,NI,PD,D
14:30:36,UNVR,RG,3880,104,F,BK,PD,D
14:30:34,UNVR,RG,3880,299,F,BK,XL,D
14:30:25,UNVR,RG,3880,35,F,BK,ZP,F
14:30:19,UNVR,RG,3880,2,F,BK,YP,D
14:30:10,UNVR,RG,3880,1,F,BK,CC,D
14:29:56,UNVR,RG,3880,1,F,BK,DH,D
14:29:51,UNVR,RG,3880,9,F,BK,CS,D
14:29:49,UNVR,RG,3880,2,F,BK,PD,D
14:29:37,UNVR,RG,3880,40,F,BK,YP,D
14:29:35,UNVR,RG,3880,71,F,BK,YU,D
14:29:25,UNVR,RG,3880,70,F,BK,PD,D
14:29:25,UNVR,RG,3880,1,F,CC,PD,D
14:29:25,UNVR,RG,3880,25,D,ZR,PD,D
14:29:25,UNVR,RG,3880,2,D,PD,PD,D
14:29:25,UNVR,RG,3880,19,F,CS,PD,D
14:29:25,UNVR,RG,3880,2,D,KK,PD,D
14:29:25,UNVR,RG,3880,1,D,YP,PD,D
14:29:25,UNVR,RG,3880,44,F,CS,PD,D
14:29:25,UNVR,RG,3880,17,F,AK,PD,D
14:29:25,UNVR,RG,3880,1,D,CC,PD,D
14:29:25,UNVR,RG,3880,3,D,YP,PD,D
14:29:25,UNVR,RG,3880,2,D,RG,PD,D
14:29:25,UNVR,RG,3880,1,D,PD,PD,D
14:29:25,UNVR,RG,3880,1,D,YP,PD,D
14:29:25,UNVR,RG,3880,9,F,AK,PD,D
14:29:25,UNVR,RG,3880,1,D,KK,PD,D
14:29:25,UNVR,RG,3880,17,F,AK,PD,D
14:29:19,UNVR,RG,3890,1,D,PD,KK,D
14:29:13,UNVR,RG,3890,12,D,CC,KK,D
14:29:03,UNVR,RG,3880,4,F,AK,XC,D
14:29:02,UNVR,RG,3880,1,F,AK,KK,D
14:28:56,UNVR,RG,3880,96,F,AK,PD,D
14:28:56,UNVR,RG,3880,4,F,AK,PD,D
14:28:56,UNVR,RG,3880,2,F,AK,PD,D
14:28:56,UNVR,RG,3880,20,D,YP,PD,D
14:28:56,UNVR,RG,3880,1,D,PD,PD,D
14:28:56,UNVR,RG,3880,5,D,PD,PD,D
14:28:56,UNVR,RG,3880,5,D,HD,PD,D
14:28:56,UNVR,RG,3880,1,D,AZ,PD,D
14:28:56,UNVR,RG,3880,44,F,ZP,PD,D
14:28:56,UNVR,RG,3880,1,D,DR,PD,D
14:28:56,UNVR,RG,3880,2,F,AK,PD,D
14:28:56,UNVR,RG,3880,35,F,AK,PD,D
14:28:48,UNVR,RG,3880,3,F,AK,PD,D
14:28:48,UNVR,RG,3880,6,F,CS,PD,D
14:28:38,UNVR,RG,3880,2,F,CS,XC,D
14:28:32,UNVR,RG,3880,55,F,CS,MG,D
14:28:32,UNVR,RG,3880,2,D,XC,MG,D
14:28:32,UNVR,RG,3880,5,D,DH,MG,D
14:28:32,UNVR,RG,3880,25,D,PD,MG,D
14:28:32,UNVR,RG,3880,10,D,YP,MG,D
14:28:32,UNVR,RG,3880,8,D,CC,MG,D
14:28:32,UNVR,RG,3880,1,D,NI,MG,D
14:28:32,UNVR,RG,3880,58,F,CS,MG,D
14:28:32,UNVR,RG,3880,1,D,BQ,MG,D
14:28:32,UNVR,RG,3880,1,D,XC,MG,D
14:28:32,UNVR,RG,3880,2,D,NI,MG,D
14:28:32,UNVR,RG,3880,26,F,CS,MG,D
14:28:32,UNVR,RG,3880,9,D,PD,MG,D
14:28:32,UNVR,RG,3880,24,F,AK,MG,D
14:28:32,UNVR,RG,3880,20,D,NI,MG,D
14:28:32,UNVR,RG,3880,35,D,DX,MG,D
14:28:32,UNVR,RG,3880,127,F,BK,MG,D
14:28:32,UNVR,RG,3880,1,D,PD,MG,D
14:28:32,UNVR,RG,3880,88,D,YP,MG,D
14:28:32,UNVR,RG,3880,2,F,CS,MG,D
14:28:29,UNVR,RG,3880,7,F,CS,CS,D
14:28:29,UNVR,RG,3880,36,F,CS,DR,D
14:28:28,UNVR,RG,3890,1,D,XC,KK,D
14:28:25,UNVR,RG,3890,13,D,YP,KK,D
14:28:23,UNVR,RG,3880,38,F,CS,PD,D
14:28:23,UNVR,RG,3880,1,D,NI,PD,D
14:28:23,UNVR,RG,3880,20,D,XL,PD,D
14:28:23,UNVR,RG,3880,11,D,YP,PD,D
14:28:23,UNVR,RG,3880,11,D,DX,PD,D
14:28:23,UNVR,RG,3880,1,F,CC,PD,D
14:28:23,UNVR,RG,3880,10,D,YP,PD,D
14:28:23,UNVR,RG,3880,2,D,XC,PD,D
14:28:23,UNVR,RG,3880,1,D,YP,PD,D
14:28:23,UNVR,RG,3880,8,F,AK,PD,D
14:28:23,UNVR,RG,3880,34,F,CS,PD,D
14:28:23,UNVR,RG,3880,9,F,CS,PD,D
14:28:23,UNVR,RG,3880,10,D,CC,PD,D
14:28:23,UNVR,RG,3880,2,D,XC,PD,D
14:28:23,UNVR,RG,3880,5,D,YP,PD,D
14:28:23,UNVR,RG,3880,13,F,BK,PD,D
14:28:23,UNVR,RG,3880,8,D,KK,PD,D
14:28:23,UNVR,RG,3880,5,D,GR,PD,D
14:28:23,UNVR,RG,3880,3,D,XC,PD,D
14:28:23,UNVR,RG,3880,24,F,CS,PD,D
14:28:23,UNVR,RG,3890,18,D,YP,KK,D
14:28:18,UNVR,RG,3880,32,F,CS,YU,D
14:28:18,UNVR,RG,3880,2,D,AT,YU,D
14:28:18,UNVR,RG,3880,39,D,EP,YU,D
14:28:01,UNVR,RG,3880,5,D,EP,CC,D
14:28:01,UNVR,RG,3880,2,D,EP,KK,D
14:27:57,UNVR,RG,3880,1,D,EP,XL,D
14:27:56,UNVR,RG,3880,10,D,EP,YP,D
14:27:52,UNVR,RG,3880,11,D,EP,YP,D
14:27:46,UNVR,RG,3880,20,D,EP,YP,D
14:27:43,UNVR,RG,3880,2,D,EP,PD,D
14:27:43,UNVR,RG,3880,38,F,AK,PD,D
14:27:43,UNVR,RG,3880,25,F,AK,PD,D
14:27:43,UNVR,RG,3880,1,D,PD,PD,D
14:27:43,UNVR,RG,3880,2,F,AK,PD,D
14:27:43,UNVR,RG,3880,3,F,AK,PD,D
14:27:43,UNVR,RG,3880,61,F,AK,PD,D
14:27:43,UNVR,RG,3880,5,D,NI,PD,D
14:27:43,UNVR,RG,3880,5,D,CC,PD,D
14:27:43,UNVR,RG,3880,50,D,AR,PD,D
14:27:43,UNVR,RG,3880,24,D,SQ,PD,D
14:27:41,UNVR,RG,3890,4,D,XC,KK,D
14:27:21,UNVR,RG,3890,16,F,AK,KK,D
14:27:20,UNVR,RG,3890,128,D,XL,KK,D
14:27:20,UNVR,RG,3890,3,D,XL,PD,D
14:27:20,UNVR,RG,3890,25,D,XL,OD,D
14:27:20,UNVR,RG,3890,1,D,XL,ZP,F
14:27:20,UNVR,RG,3890,43,D,XL,CC,F
14:27:10,UNVR,RG,3880,2,D,SQ,CC,D
14:27:07,UNVR,RG,3880,104,D,SQ,OD,D
14:27:04,UNVR,RG,3880,70,D,SQ,OD,D
14:27:04,UNVR,RG,3880,6,D,PD,OD,D
14:27:04,UNVR,RG,3880,10,D,KK,OD,D
14:27:04,UNVR,RG,3880,3,F,AK,OD,D
14:27:04,UNVR,RG,3880,15,F,AK,OD,D
14:26:55,UNVR,RG,3880,34,F,AK,YU,D
14:26:55,UNVR,RG,3880,20,D,YP,YU,D
14:26:55,UNVR,RG,3880,1,D,XL,YU,D
14:26:55,UNVR,RG,3880,10,D,YP,YU,D
14:26:55,UNVR,RG,3880,8,F,CS,YU,D
14:26:54,UNVR,RG,3890,6,D,CC,CC,F
14:26:34,UNVR,RG,3880,11,F,CS,PD,D
14:26:34,UNVR,RG,3880,11,F,CS,PD,D
14:26:34,UNVR,RG,3880,2,D,CC,PD,D
14:26:34,UNVR,RG,3880,5,D,GR,PD,D
14:26:34,UNVR,RG,3880,14,D,NI,PD,D
14:26:34,UNVR,RG,3880,1,D,XC,PD,D
14:26:34,UNVR,RG,3880,3,D,PD,PD,D
14:26:34,UNVR,RG,3880,10,D,PD,PD,D
14:26:34,UNVR,RG,3880,29,F,CS,PD,D
14:26:34,UNVR,RG,3880,116,F,BK,PD,D
14:26:34,UNVR,RG,3880,1,D,XC,PD,D
14:26:34,UNVR,RG,3880,3,D,NI,PD,D
14:26:34,UNVR,RG,3880,10,F,ZP,PD,D
14:26:19,UNVR,RG,3880,5,F,ZP,EP,D
14:26:07,UNVR,RG,3880,1,F,ZP,EP,D
14:25:53,UNVR,RG,3880,38,F,ZP,PD,D
14:25:53,UNVR,RG,3880,1,D,YP,PD,D
14:25:53,UNVR,RG,3880,1,D,XC,PD,D
14:25:53,UNVR,RG,3880,5,D,PD,PD,D
14:25:53,UNVR,RG,3880,25,D,CC,PD,D
14:25:53,UNVR,RG,3880,10,D,GR,PD,D
14:25:53,UNVR,RG,3880,2,D,NI,PD,D
14:25:53,UNVR,RG,3880,30,D,XC,PD,D
14:25:53,UNVR,RG,3880,13,F,CS,PD,D
14:25:53,UNVR,RG,3880,4,D,PD,PD,D
14:25:53,UNVR,RG,3880,50,F,CS,PD,D
14:25:53,UNVR,RG,3880,2,D,KK,PD,D
14:25:53,UNVR,RG,3880,30,D,CC,PD,D
14:25:53,UNVR,RG,3880,4,F,CS,PD,D
14:25:53,UNVR,RG,3880,1,F,CS,PD,D
14:25:27,UNVR,RG,3880,8,F,CS,ZP,F
14:25:13,UNVR,RG,3880,29,F,CS,PD,D
14:25:13,UNVR,RG,3880,2,D,PD,PD,D
14:25:13,UNVR,RG,3880,1,D,DH,PD,D
14:25:13,UNVR,RG,3880,15,F,AK,PD,D
14:25:13,UNVR,RG,3880,79,F,CS,PD,D
14:25:13,UNVR,RG,3880,5,D,PD,PD,D
14:25:13,UNVR,RG,3880,2,D,PD,PD,D
14:25:13,UNVR,RG,3880,1,D,XC,PD,D
14:25:13,UNVR,RG,3880,1,D,YP,PD,D
14:25:13,UNVR,RG,3880,4,D,KK,PD,D
14:25:13,UNVR,RG,3880,25,F,CS,PD,D
14:25:13,UNVR,RG,3880,6,F,CS,PD,D
14:25:13,UNVR,RG,3880,33,F,CS,PD,D
14:25:13,UNVR,RG,3880,10,F,CS,PD,D
14:25:13,UNVR,RG,3880,3,D,KK,PD,D
14:24:56,UNVR,RG,3880,2,D,KK,NI,D
14:24:40,UNVR,RG,3880,10,D,KK,PD,D
14:24:22,UNVR,RG,3890,1,D,PD,CC,F
14:24:17,UNVR,RG,3880,20,D,KK,GR,D
14:24:00,UNVR,RG,3880,134,D,KK,PD,D
14:24:00,UNVR,RG,3880,1,D,PD,PD,D
14:24:00,UNVR,RG,3880,4,F,AK,PD,D
14:24:00,UNVR,RG,3880,10,D,RG,PD,D
14:24:00,UNVR,RG,3880,10,F,BK,PD,D
14:24:00,UNVR,RG,3880,1,D,PD,PD,D
14:24:00,UNVR,RG,3880,2,F,AK,PD,D
14:24:00,UNVR,RG,3880,8,F,AK,PD,D
14:24:00,UNVR,RG,3880,8,F,AK,PD,D
14:24:00,UNVR,RG,3880,3,F,AK,PD,D
14:24:00,UNVR,RG,3880,16,F,AK,PD,D
14:24:00,UNVR,RG,3880,19,F,AK,PD,D
14:23:56,UNVR,RG,3890,5,F,AK,CC,F
14:23:55,UNVR,RG,3890,2,D,YP,CC,F
14:23:42,UNVR,RG,3890,101,D,XL,CC,F
14:23:42,UNVR,RG,3880,18,F,AK,ZP,F
14:23:31,UNVR,RG,3880,36,F,AK,GR,D
14:23:31,UNVR,RG,3880,2,F,AK,GR,D
14:23:31,UNVR,RG,3880,76,F,AK,GR,D
14:23:31,UNVR,RG,3880,78,F,BK,GR,D
14:23:29,UNVR,RG,3880,216,F,BK,PD,D
14:23:23,UNVR,RG,3890,26,D,KK,CC,F
14:23:22,UNVR,RG,3880,2,F,BK,NI,D
14:22:44,UNVR,RG,3880,50,F,BK,YP,D
14:22:27,UNVR,RG,3880,4,F,BK,CC,D
14:22:27,UNVR,RG,3880,1,F,BK,YP,D
14:22:27,UNVR,RG,3890,3,D,YP,CC,F
14:21:59,UNVR,RG,3880,5,F,BK,CC,D
14:21:40,UNVR,RG,3880,25,F,BK,ZP,F
14:21:33,UNVR,RG,3880,163,F,BK,PD,D
14:21:33,UNVR,RG,3880,10,D,CC,PD,D
14:21:33,UNVR,RG,3880,9,F,CS,PD,D
14:21:33,UNVR,RG,3880,14,F,ZP,PD,D
14:21:33,UNVR,RG,3880,1,D,YP,PD,D
14:21:33,UNVR,RG,3880,19,D,AO,PD,D
14:21:22,UNVR,RG,3880,10,D,AO,GR,D
14:21:10,UNVR,RG,3890,6,D,XC,CC,F
14:20:06,UNVR,RG,3890,1,D,YP,CC,F
14:20:04,UNVR,RG,3890,4,D,YP,CC,F
14:19:52,UNVR,RG,3890,2,D,PD,CC,F
14:19:35,UNVR,RG,3880,10,D,AO,GR,D
14:19:33,UNVR,RG,3880,1,D,AO,XC,D
14:19:29,UNVR,RG,3880,15,D,AO,PD,D
14:19:25,UNVR,RG,3880,8,D,AO,YU,D
14:19:25,UNVR,RG,3880,1,D,AO,SQ,D
14:19:25,UNVR,RG,3880,69,D,AO,YU,D
14:19:25,UNVR,RG,3880,2,D,AO,CS,D
14:19:25,UNVR,RG,3880,11,D,AO,CS,D
14:19:25,UNVR,RG,3880,6,D,AO,YU,D
14:19:25,UNVR,RG,3880,2,D,AO,YU,D
14:19:25,UNVR,RG,3880,2,D,AO,ZP,F
14:19:25,UNVR,RG,3880,144,D,AO,OD,D
14:19:19,UNVR,RG,3880,2,D,XC,OD,D
14:19:17,UNVR,RG,3880,1,D,DR,OD,D
14:19:15,UNVR,RG,3880,1,D,NI,OD,D
14:19:04,UNVR,RG,3880,5,D,YP,OD,D
14:19:02,UNVR,RG,3880,1,D,XC,OD,D
14:19:01,UNVR,RG,3880,1,D,DR,OD,D
14:18:47,UNVR,RG,3880,43,D,CC,OD,D
14:18:46,UNVR,RG,3880,9,D,FZ,OD,D
14:18:46,UNVR,RG,3880,21,D,FZ,CC,D
14:18:39,UNVR,RG,3880,25,D,SQ,CC,D
14:18:35,UNVR,RG,3880,10,D,EP,CC,D
14:18:35,UNVR,RG,3870,1,D,RG,PD,D
14:18:26,UNVR,RG,3880,65,D,YP,CC,D
14:18:22,UNVR,RG,3880,25,D,DH,CC,D
14:18:21,UNVR,RG,3880,1,D,YP,CC,D
14:18:20,UNVR,RG,3880,258,D,YP,CC,D
14:18:13,UNVR,RG,3880,3,D,YP,CC,D
14:18:12,UNVR,RG,3880,5,D,YP,CC,D
14:18:12,UNVR,RG,3880,5,D,KK,CC,D
14:18:12,UNVR,RG,3880,30,D,NI,CC,D
14:18:12,UNVR,RG,3880,8,F,AK,CC,D
14:18:12,UNVR,RG,3880,11,F,AK,CC,D
14:18:12,UNVR,RG,3880,18,F,AK,CC,D
14:18:12,UNVR,RG,3880,5,F,AK,CC,D
14:18:12,UNVR,RG,3880,2,F,AK,CC,D
14:18:12,UNVR,RG,3880,1,F,CC,CC,D
14:18:12,UNVR,RG,3880,7,F,CS,CC,D
14:18:12,UNVR,RG,3880,59,F,CS,CC,D
14:18:12,UNVR,RG,3880,7,F,ZP,CC,D
14:18:12,UNVR,RG,3880,7,F,CS,CC,D
14:18:12,UNVR,RG,3880,177,D,SQ,CC,D
14:18:11,UNVR,RG,3880,104,D,SQ,OD,D
14:17:52,UNVR,RG,3880,1,D,SQ,YP,D
14:17:51,UNVR,RG,3880,9,D,SQ,CS,D
14:17:51,UNVR,RG,3880,116,D,SQ,YU,D
14:17:51,UNVR,RG,3880,1,D,SQ,XC,D
14:17:51,UNVR,RG,3880,42,D,SQ,YU,D
14:17:51,UNVR,RG,3880,4,D,SQ,ZP,F
14:17:51,UNVR,RG,3880,46,D,SQ,YU,D
14:17:51,UNVR,RG,3880,27,D,SQ,YU,D
14:17:51,UNVR,RG,3880,55,D,SQ,YU,D
14:17:51,UNVR,RG,3880,2,D,SQ,YU,D
14:17:51,UNVR,RG,3880,2,D,SQ,YU,D
14:17:51,UNVR,RG,3880,53,D,SQ,YU,D
14:17:51,UNVR,RG,3880,218,D,SQ,CC,F
14:17:51,UNVR,RG,3880,20,D,SQ,CS,D
14:17:51,UNVR,RG,3880,38,D,SQ,ZP,F
14:17:51,UNVR,RG,3880,2085,D,SQ,RB,D
14:17:51,UNVR,RG,3880,16,D,SQ,RB,D
14:17:50,UNVR,RG,3880,257,D,YP,RB,D
14:17:42,UNVR,RG,3880,1,D,CC,RB,D
14:17:30,UNVR,RG,3880,40,D,PD,RB,D
14:17:29,UNVR,RG,3880,1,D,YP,RB,D
14:17:23,UNVR,RG,3880,1,D,XC,RB,D
14:17:20,UNVR,RG,3880,1,D,YP,RB,D
14:17:13,UNVR,RG,3870,5,D,RG,PD,D
14:17:12,UNVR,RG,3880,5,D,KK,RB,D
14:17:11,UNVR,RG,3880,1,D,XL,RB,D
14:17:02,UNVR,RG,3880,5,D,PD,RB,D
14:17:02,UNVR,RG,3880,1,D,YP,RB,D
14:16:58,UNVR,RG,3880,1,D,DR,RB,D
14:16:55,UNVR,RG,3880,1,D,XC,RB,D
14:16:49,UNVR,RG,3880,17,F,ZP,RB,D
14:16:49,UNVR,RG,3880,257,D,YP,RB,D
14:16:44,UNVR,RG,3880,1,D,XC,RB,D
14:16:37,UNVR,RG,3880,10,D,YP,RB,D
14:16:32,UNVR,RG,3880,1,D,XC,RB,D
14:16:31,UNVR,RG,3880,1,D,XC,RB,D
14:16:31,UNVR,RG,3880,1,D,DR,RB,D
14:16:28,UNVR,RG,3880,5,D,CC,RB,D
14:16:20,UNVR,RG,3880,1,D,CC,RB,D
14:16:19,UNVR,RG,3880,129,D,GR,RB,D
14:16:17,UNVR,RG,3880,258,D,YP,RB,D
14:16:16,UNVR,RG,3880,2,D,DR,RB,D
14:16:16,UNVR,RG,3880,1,D,DR,RB,D
14:16:05,UNVR,RG,3880,1,D,DR,RB,D
14:16:04,UNVR,RG,3880,50,D,DX,RB,D
14:16:00,UNVR,RG,3870,149,D,RG,CC,F
14:16:00,UNVR,RG,3870,1,D,KK,CC,F
14:16:00,UNVR,RG,3870,1,D,PD,CC,F
14:16:00,UNVR,RG,3870,1,D,XC,CC,F
14:16:00,UNVR,RG,3870,1,D,XC,CC,F
14:16:00,UNVR,RG,3870,2,D,PD,CC,F
14:16:00,UNVR,RG,3870,2,D,PD,CC,F
14:16:00,UNVR,RG,3870,1,D,XL,CC,F
14:16:00,UNVR,RG,3870,1,D,PD,CC,F
14:16:00,UNVR,RG,3870,20,D,KK,CC,F
14:16:00,UNVR,RG,3870,1,D,PD,CC,F
14:16:00,UNVR,RG,3870,10,D,PD,CC,F
14:16:00,UNVR,RG,3870,18,D,PD,CC,F
14:15:58,UNVR,RG,3880,2,D,YP,RB,D
14:15:54,UNVR,RG,3880,8,D,XC,RB,D
14:15:49,UNVR,RG,3880,1,D,DR,RB,D
14:15:44,UNVR,RG,3880,50,D,DX,RB,D
14:15:40,UNVR,RG,3880,1,D,DR,RB,D
14:15:34,UNVR,RG,3880,2,D,PD,RB,D
14:15:31,UNVR,RG,3880,1,D,DR,RB,D
14:15:24,UNVR,RG,3880,10,D,XC,RB,D
14:15:17,UNVR,RG,3880,2,F,ZP,RB,D
14:15:16,UNVR,RG,3880,5,D,XC,RB,D
14:15:11,UNVR,RG,3880,5,D,PD,RB,D
14:15:10,UNVR,RG,3870,7,D,PD,IF,D
14:15:10,UNVR,RG,3870,1,D,PD,IF,D
14:15:10,UNVR,RG,3870,1,D,PD,IF,D
14:15:10,UNVR,RG,3870,1,D,PD,IF,D
14:15:10,UNVR,RG,3870,10,D,SH,IF,D
14:15:10,UNVR,RG,3870,1,D,KK,IF,D
14:15:10,UNVR,RG,3870,1,D,XC,IF,D
14:15:10,UNVR,RG,3880,13,D,YP,RB,D
14:15:10,UNVR,RG,3870,1,D,XC,PD,D
14:15:07,UNVR,RG,3880,1,D,XC,RB,D
14:15:01,UNVR,RG,3880,5,D,YP,RB,D
14:14:56,UNVR,RG,3880,43,F,CS,RB,D
14:14:56,UNVR,RG,3880,17,F,CS,RB,D
14:14:56,UNVR,RG,3880,5,F,CS,RB,D
14:14:56,UNVR,RG,3880,31,F,AK,RB,D
14:14:56,UNVR,RG,3880,74,F,AK,RB,D
14:14:56,UNVR,RG,3880,1,F,AK,RB,D
14:14:56,UNVR,RG,3880,76,F,AK,RB,D
14:14:56,UNVR,RG,3880,2,F,AK,RB,D
14:14:56,UNVR,RG,3880,37,F,AK,RB,D
14:14:55,UNVR,RG,3880,1,D,XC,RB,D
14:14:55,UNVR,RG,3880,5,D,SQ,RB,D
14:14:55,UNVR,RG,3880,10,D,XC,RB,D
14:14:55,UNVR,RG,3880,5,D,SQ,RB,D
14:14:55,UNVR,RG,3880,8,D,YP,RB,D
14:14:55,UNVR,RG,3880,1,D,PD,RB,D
14:14:55,UNVR,RG,3880,1,D,XC,RB,D
14:14:55,UNVR,RG,3880,10,D,OD,RB,D
14:14:55,UNVR,RG,3880,5,D,CC,RB,D
14:14:55,UNVR,RG,3880,1000,D,MG,RB,D
14:14:55,UNVR,RG,3880,30,D,GR,RB,D
14:14:55,UNVR,RG,3880,100,D,YJ,RB,D
14:14:55,UNVR,RG,3880,1,D,YP,RB,D
14:14:55,UNVR,RG,3880,9,D,NI,RB,D
14:14:55,UNVR,RG,3880,1,D,PD,RB,D
14:14:55,UNVR,RG,3880,1,D,YP,RB,D
14:14:55,UNVR,RG,3880,23,D,NI,RB,D
14:14:55,UNVR,RG,3880,4,F,CS,RB,D
14:14:55,UNVR,RG,3880,1,D,XC,RB,D
14:14:55,UNVR,RG,3880,1,D,CC,RB,D
14:14:55,UNVR,RG,3880,100,D,OD,RB,D
14:14:55,UNVR,RG,3880,20,D,XC,RB,D
14:14:55,UNVR,RG,3880,3,D,XC,RB,D
14:14:55,UNVR,RG,3880,1,D,XA,RB,D
14:14:55,UNVR,RG,3880,3,D,YP,RB,D
14:14:55,UNVR,RG,3880,1,D,CC,RB,D
14:14:55,UNVR,RG,3880,3,F,CS,RB,D
14:14:55,UNVR,RG,3880,1,D,PD,RB,D
14:14:55,UNVR,RG,3880,1,D,KK,RB,D
14:14:55,UNVR,RG,3880,69,F,AK,RB,D
14:14:55,UNVR,RG,3880,13,D,SQ,RB,D
14:14:55,UNVR,RG,3880,2,D,PD,RB,D
14:14:55,UNVR,RG,3880,24,F,CS,RB,D
14:14:55,UNVR,RG,3880,4,D,CC,RB,D
14:14:55,UNVR,RG,3880,30,D,DH,RB,D
14:14:55,UNVR,RG,3880,1,D,CC,RB,D
14:14:55,UNVR,RG,3880,3,D,PD,RB,D
14:14:55,UNVR,RG,3880,10,D,AG,RB,D
14:14:55,UNVR,RG,3880,1,D,PD,RB,D
14:14:55,UNVR,RG,3880,200,D,TP,RB,D
14:14:55,UNVR,RG,3880,123,D,ZP,RB,D
14:14:55,UNVR,RG,3880,1,D,PD,RB,D
14:14:55,UNVR,RG,3880,8,D,XC,RB,D
14:14:55,UNVR,RG,3880,34,F,CS,RB,D
14:14:55,UNVR,RG,3880,67,F,AK,RB,D
14:14:55,UNVR,RG,3880,1,D,PD,RB,D
14:14:55,UNVR,RG,3880,2,D,PD,RB,D
14:14:55,UNVR,RG,3880,5,D,HP,RB,D
14:14:55,UNVR,RG,3880,2,D,DX,RB,D
14:14:55,UNVR,RG,3880,83,F,CS,RB,D
14:14:55,UNVR,RG,3880,10,D,PD,RB,D
14:14:55,UNVR,RG,3880,73,F,AK,RB,D
14:14:55,UNVR,RG,3880,6,F,AK,RB,D
14:14:55,UNVR,RG,3880,129,F,AK,RB,D
14:14:55,UNVR,RG,3880,30,F,CS,RB,D
14:14:55,UNVR,RG,3880,1,D,PD,RB,D
14:14:55,UNVR,RG,3880,1,D,XC,RB,D
14:14:55,UNVR,RG,3880,52,F,BK,RB,D
14:14:55,UNVR,RG,3880,32,F,CS,RB,D
14:14:55,UNVR,RG,3880,3,D,XC,RB,D
14:14:55,UNVR,RG,3880,3,D,KK,RB,D
14:14:55,UNVR,RG,3880,5,D,PD,RB,D
14:14:55,UNVR,RG,3880,2,D,XC,RB,D
14:14:55,UNVR,RG,3880,1,D,OD,RB,D
14:14:55,UNVR,RG,3880,1,D,XC,RB,D
14:14:55,UNVR,RG,3880,3,D,NI,RB,D
14:14:55,UNVR,RG,3880,38,F,CS,RB,D
14:14:55,UNVR,RG,3880,1,D,AO,RB,D
14:14:55,UNVR,RG,3880,1,D,PD,RB,D
14:14:55,UNVR,RG,3880,10,D,XC,RB,D
14:14:55,UNVR,RG,3880,25,D,SQ,RB,D
14:14:55,UNVR,RG,3880,100,D,PD,RB,D
14:14:55,UNVR,RG,3880,20,D,XL,RB,D
14:14:55,UNVR,RG,3880,3,D,PD,RB,D
14:14:55,UNVR,RG,3880,10,D,RG,RB,D
14:14:55,UNVR,RG,3880,250,D,YP,RB,D
14:14:55,UNVR,RG,3880,10,D,YP,RB,D
14:14:55,UNVR,RG,3880,1,D,YP,RB,D
14:14:55,UNVR,RG,3880,5,D,YP,RB,D
14:14:55,UNVR,RG,3880,5,D,YP,RB,D
14:14:55,UNVR,RG,3880,1,D,YP,RB,D
14:14:55,UNVR,RG,3880,5,D,OD,RB,D
14:14:55,UNVR,RG,3880,50,D,OD,RB,D
14:14:55,UNVR,RG,3880,1,D,EP,RB,D
14:14:55,UNVR,RG,3880,4,D,DH,RB,D
14:14:55,UNVR,RG,3880,13,D,XC,RB,D
14:14:55,UNVR,RG,3880,25,D,SQ,RB,D
14:14:55,UNVR,RG,3880,1,D,PD,RB,D
14:14:55,UNVR,RG,3880,25,D,XC,RB,D
14:14:55,UNVR,RG,3880,3,F,ZP,RB,D
14:14:55,UNVR,RG,3880,2,D,GR,RB,D
14:14:55,UNVR,RG,3880,25,D,SQ,RB,D
14:14:55,UNVR,RG,3880,1,D,NI,RB,D
14:14:55,UNVR,RG,3880,1,D,KK,RB,D
14:14:55,UNVR,RG,3880,4,D,KK,RB,D
14:14:55,UNVR,RG,3880,1,D,PD,RB,D
14:14:55,UNVR,RG,3880,20,D,CC,RB,D
14:14:55,UNVR,RG,3880,3,D,KK,RB,D
14:14:55,UNVR,RG,3880,1,D,XC,RB,D
14:14:55,UNVR,RG,3880,12,D,NI,RB,D
14:14:55,UNVR,RG,3880,1,D,KK,RB,D
14:14:55,UNVR,RG,3880,1,D,NI,RB,D
14:14:55,UNVR,RG,3880,6,D,XC,RB,D
14:14:55,UNVR,RG,3880,2,D,KK,RB,D
14:14:55,UNVR,RG,3880,2,D,XC,RB,D
14:14:55,UNVR,RG,3880,1,D,DH,RB,D
14:14:55,UNVR,RG,3880,10,D,PD,RB,D
14:14:55,UNVR,RG,3880,1,D,XC,RB,D
14:14:55,UNVR,RG,3880,10,D,PD,RB,D
14:14:55,UNVR,RG,3880,50,D,YP,RB,D
14:14:55,UNVR,RG,3880,100,D,OD,RB,D
14:14:55,UNVR,RG,3880,1,D,PD,RB,D
14:14:55,UNVR,RG,3880,1,D,XL,RB,D
14:14:55,UNVR,RG,3880,2,D,YP,RB,D
14:14:55,UNVR,RG,3880,20,D,LG,RB,D
14:14:55,UNVR,RG,3880,1,D,XC,RB,D
14:14:55,UNVR,RG,3880,2,D,AI,RB,D
14:14:55,UNVR,RG,3880,1,F,AK,RB,D
14:14:55,UNVR,RG,3880,3,F,AK,RB,D
14:14:55,UNVR,RG,3880,1,D,EP,RB,D
14:14:55,UNVR,RG,3880,2,F,AK,RB,D
14:14:55,UNVR,RG,3880,10,D,NI,RB,D
14:14:55,UNVR,RG,3880,5,D,NI,RB,D
14:14:55,UNVR,RG,3880,150,D,CC,RB,D
14:14:55,UNVR,RG,3880,1,D,PD,RB,D
14:14:55,UNVR,RG,3880,23,F,BK,RB,D
14:14:55,UNVR,RG,3880,50,D,CC,RB,D
14:14:55,UNVR,RG,3880,10,D,YU,RB,D
14:14:55,UNVR,RG,3880,1,D,CC,RB,D
14:14:55,UNVR,RG,3880,2,D,PD,RB,D
14:14:55,UNVR,RG,3880,38,F,CS,RB,D
14:14:55,UNVR,RG,3880,74,F,CS,RB,D
14:14:55,UNVR,RG,3880,1,D,YP,RB,D
14:14:55,UNVR,RG,3880,6,D,XL,RB,D
14:14:55,UNVR,RG,3880,3,D,NI,RB,D
14:14:55,UNVR,RG,3880,1,D,PD,RB,D
14:14:55,UNVR,RG,3880,7,D,XL,RB,D
14:14:55,UNVR,RG,3880,40,D,SQ,RB,D
14:14:55,UNVR,RG,3880,6,D,DH,RB,D
14:14:55,UNVR,RG,3880,49,F,CS,RB,D
14:14:55,UNVR,RG,3880,11,F,CS,RB,D
14:14:55,UNVR,RG,3880,1,D,PD,RB,D
14:14:55,UNVR,RG,3880,5,D,YP,RB,D
14:14:55,UNVR,RG,3880,10,D,NI,RB,D
14:14:55,UNVR,RG,3880,17,F,YP,RB,D
14:14:55,UNVR,RG,3880,1,D,NI,RB,D
14:14:55,UNVR,RG,3880,12,D,NI,RB,D
14:14:55,UNVR,RG,3880,94,F,CS,RB,D
14:14:55,UNVR,RG,3880,86,F,BK,RB,D
14:14:55,UNVR,RG,3880,5,D,XC,RB,D
14:14:55,UNVR,RG,3880,5,D,YP,RB,D
14:14:55,UNVR,RG,3880,60,D,CC,RB,D
14:14:55,UNVR,RG,3880,1,D,PD,RB,D
14:14:55,UNVR,RG,3890,26,F,CS,RB,D
14:14:55,UNVR,RG,3890,49,F,CS,RB,D
14:14:55,UNVR,RG,3890,3,D,KK,RB,D
14:14:55,UNVR,RG,3890,1,D,PD,RB,D
14:14:55,UNVR,RG,3890,3,D,NI,RB,D
14:14:55,UNVR,RG,3890,5,D,SQ,RB,D
14:14:55,UNVR,RG,3890,7,D,PD,RB,D
14:14:55,UNVR,RG,3890,5,D,YP,RB,D
14:14:55,UNVR,RG,3890,99,D,ZP,RB,D
14:14:55,UNVR,RG,3890,16,F,CS,RB,D
14:14:55,UNVR,RG,3890,41,F,CS,RB,D
14:14:55,UNVR,RG,3890,3,F,CS,RB,D
14:14:55,UNVR,RG,3890,1,D,KK,RB,D
14:14:55,UNVR,RG,3890,10,D,GR,RB,D
14:14:55,UNVR,RG,3890,20,D,EP,RB,D
14:14:55,UNVR,RG,3890,48,F,CS,RB,D
14:14:55,UNVR,RG,3890,51,F,AK,RB,D
14:14:55,UNVR,RG,3890,2,D,XC,RB,D
14:14:55,UNVR,RG,3890,27,F,CS,RB,D
14:14:55,UNVR,RG,3890,14,F,CS,RB,D
14:14:55,UNVR,RG,3890,37,F,CS,RB,D
14:14:55,UNVR,RG,3890,1,F,AK,RB,D
14:14:55,UNVR,RG,3890,2,F,AK,RB,D
14:14:55,UNVR,RG,3890,34,F,AK,RB,D
14:14:55,UNVR,RG,3890,1,D,AI,RB,D
14:14:55,UNVR,RG,3890,116,F,BK,RB,D
14:14:55,UNVR,RG,3890,25,F,ZP,RB,D
14:14:55,UNVR,RG,3890,1000,D,MG,RB,D
14:14:55,UNVR,RG,3890,3,D,CC,RB,D
14:14:55,UNVR,RG,3890,1,D,KK,RB,D
14:14:55,UNVR,RG,3890,47,F,CS,RB,D
14:14:55,UNVR,RG,3890,24,F,CS,RB,D
14:14:55,UNVR,RG,3890,88,D,ZP,RB,D
14:14:55,UNVR,RG,3890,1,D,PD,RB,D
14:14:55,UNVR,RG,3890,6,D,GR,RB,D
14:14:55,UNVR,RG,3890,10,D,PD,RB,D
14:14:55,UNVR,RG,3890,2,F,AK,RB,D
14:14:55,UNVR,RG,3890,9,F,AK,RB,D
14:14:55,UNVR,RG,3890,8,F,AK,RB,D
14:14:55,UNVR,RG,3890,15,F,AK,RB,D
14:14:55,UNVR,RG,3890,2,F,AK,RB,D
14:14:55,UNVR,RG,3890,15,F,AK,RB,D
14:14:55,UNVR,RG,3890,120,F,AK,RB,D
14:14:55,UNVR,RG,3890,5,F,AK,RB,D
14:14:55,UNVR,RG,3890,3,F,AK,RB,D
14:14:55,UNVR,RG,3890,49,F,AK,RB,D
14:14:55,UNVR,RG,3890,140,D,XC,RB,D
14:14:55,UNVR,RG,3890,197,F,BK,RB,D
14:14:54,UNVR,RG,3900,1,D,CC,FS,D
14:14:19,UNVR,RG,3890,15,F,BK,PD,D
14:14:10,UNVR,RG,3890,30,F,BK,PD,D
14:13:57,UNVR,RG,3900,15,D,PD,FS,D
14:13:49,UNVR,RG,3900,3,F,AK,FS,D
14:13:45,UNVR,RG,3890,4,F,BK,PD,D
14:13:43,UNVR,RG,3890,1,F,BK,PD,D
14:13:34,UNVR,RG,3890,4,F,BK,PD,D
14:13:17,UNVR,RG,3890,8,F,BK,YP,D
14:13:17,UNVR,RG,3890,13,F,CS,YP,D
14:13:17,UNVR,RG,3890,9,F,CS,YP,D
14:13:16,UNVR,RG,3900,5,D,XL,FS,D
14:13:06,UNVR,RG,3900,1,D,GR,FS,D
14:13:01,UNVR,RG,3900,25,D,BQ,FS,D
14:12:53,UNVR,RG,3900,20,D,CC,FS,D
14:12:46,UNVR,RG,3900,2,D,PD,FS,D
14:12:42,UNVR,RG,3900,1,D,PD,FS,D
14:12:37,UNVR,RG,3900,25,D,YP,FS,D
14:12:24,UNVR,RG,3900,20,D,CC,FS,D
14:12:05,UNVR,RG,3900,50,F,AK,FS,D
14:11:50,UNVR,RG,3890,47,F,CS,GR,D
14:11:50,UNVR,RG,3890,3,F,ZP,GR,D
14:11:41,UNVR,RG,3890,43,F,ZP,CC,F
14:11:41,UNVR,RG,3890,57,D,YP,CC,F
14:11:32,UNVR,RG,3890,70,D,YP,YB,D
14:11:28,UNVR,RG,3890,5,D,YP,PD,D
14:11:23,UNVR,RG,3890,1,D,YP,XC,D
14:11:21,UNVR,RG,3890,1,D,YP,AZ,D
14:11:21,UNVR,RG,3890,40,D,YP,YU,D
14:11:20,UNVR,RG,3890,1,D,YP,XC,D
14:11:20,UNVR,RG,3890,13,D,YP,YU,D
14:11:20,UNVR,RG,3890,20,D,YP,EP,D
14:11:20,UNVR,RG,3890,49,D,YP,YU,D
14:11:10,UNVR,RG,3890,1,D,GR,YU,D
14:11:06,UNVR,RG,3890,23,F,AK,YU,D
14:11:06,UNVR,RG,3890,13,F,AK,CS,D
14:11:06,UNVR,RG,3890,11,F,AK,ZP,F
14:10:46,UNVR,RG,3890,1,D,PD,ZP,F
14:10:44,UNVR,RG,3890,4,D,CC,ZP,F
14:10:32,UNVR,RG,3890,1,D,PD,ZP,F
14:10:18,UNVR,RG,3890,8,F,ZP,ZP,F
14:10:18,UNVR,RG,3890,1,F,ZP,YP,D
14:10:18,UNVR,RG,3890,4,F,ZP,YU,D
14:10:17,UNVR,RG,3890,63,D,YP,YU,D
14:10:17,UNVR,RG,3890,63,D,YP,YU,D
14:10:17,UNVR,RG,3890,13,D,YP,CS,D
14:10:17,UNVR,RG,3890,4,D,YP,AI,D
14:10:17,UNVR,RG,3890,1,D,YP,XC,D
14:10:17,UNVR,RG,3890,1,D,YP,PD,D
14:10:17,UNVR,RG,3890,10,D,YP,NI,D
14:10:17,UNVR,RG,3890,1,D,YP,GR,D
14:10:17,UNVR,RG,3890,54,D,YP,YU,D
14:10:17,UNVR,RG,3890,8,D,YP,YP,D
14:10:17,UNVR,RG,3890,10,D,YP,SQ,D
14:10:17,UNVR,RG,3890,30,D,YP,OD,D
14:10:15,UNVR,RG,3890,3,D,NI,OD,D
14:10:15,UNVR,RG,3890,3,F,AK,OD,D
14:10:09,UNVR,RG,3890,4,D,XC,OD,D
14:10:08,UNVR,RG,3890,2,D,CC,OD,D
14:10:04,UNVR,RG,3890,62,D,ZP,OD,D
14:10:04,UNVR,RG,3890,15,D,ZP,OD,D
14:10:00,UNVR,RG,3890,67,F,AK,OD,D
14:09:56,UNVR,RG,3890,10,F,AK,OD,D
14:09:55,UNVR,RG,3890,1,D,XA,OD,D
14:09:47,UNVR,RG,3890,57,D,YP,OD,D
14:09:47,UNVR,RG,3890,10,D,YP,ZP,F
14:09:47,UNVR,RG,3890,35,D,YP,YU,D
14:09:47,UNVR,RG,3890,3,D,YP,CS,D
14:09:47,UNVR,RG,3890,153,D,YP,KK,D
14:09:38,UNVR,RG,3890,1,D,NI,KK,D
14:09:16,UNVR,RG,3880,2,D,PD,PD,D
14:09:11,UNVR,RG,3880,50,D,CC,PD,D
14:09:11,UNVR,RG,3880,1,D,YP,PD,D
14:09:11,UNVR,RG,3880,1,D,YP,PD,D
14:09:11,UNVR,RG,3880,48,F,CS,PD,D
14:09:11,UNVR,RG,3880,1,D,PD,PD,D
14:09:11,UNVR,RG,3880,100,D,CC,PD,D
14:09:11,UNVR,RG,3880,15,F,CS,PD,D
14:09:06,UNVR,RG,3890,257,D,YP,KK,D
14:09:00,UNVR,RG,3890,1,F,AK,KK,D
14:08:38,UNVR,RG,3880,25,F,CS,AK,F
14:08:37,UNVR,RG,3890,258,D,YP,KK,D
14:08:25,UNVR,RG,3880,1,F,CS,XC,D
14:08:12,UNVR,RG,3880,15,F,CS,AK,F
14:08:12,UNVR,RG,3880,6,F,AK,AK,F
14:08:11,UNVR,RG,3890,2,D,CC,KK,D
14:08:11,UNVR,RG,3880,31,F,AK,PD,D
14:08:11,UNVR,RG,3880,5,D,SQ,PD,D
14:08:11,UNVR,RG,3880,59,F,CS,PD,D
14:08:11,UNVR,RG,3880,1,D,XC,PD,D
14:08:11,UNVR,RG,3880,1,D,PD,PD,D
14:08:11,UNVR,RG,3880,60,D,CC,PD,D
14:08:11,UNVR,RG,3880,22,F,CS,PD,D
14:08:11,UNVR,RG,3880,11,F,CS,PD,D
14:08:11,UNVR,RG,3880,5,D,PD,PD,D
14:08:11,UNVR,RG,3880,5,D,YP,PD,D
14:08:11,UNVR,RG,3880,10,D,XC,PD,D
14:08:11,UNVR,RG,3880,3,D,YP,PD,D
14:08:11,UNVR,RG,3880,3,D,PD,PD,D
14:08:09,UNVR,RG,3880,1,D,PD,AK,F
14:08:08,UNVR,RG,3890,10,D,EP,KK,D
14:07:56,UNVR,RG,3890,2,D,YP,KK,D
14:07:37,UNVR,RG,3880,16,D,PD,AK,F
14:07:37,UNVR,RG,3880,1,D,PD,AK,F
14:07:37,UNVR,RG,3880,1,D,YP,AK,F
14:07:37,UNVR,RG,3880,2,D,IP,AK,F
14:07:36,UNVR,RG,3880,98,D,IP,PD,D
14:07:36,UNVR,RG,3880,25,D,SQ,PD,D
14:07:36,UNVR,RG,3880,1,D,KK,PD,D
14:07:36,UNVR,RG,3880,1,D,XC,PD,D
14:07:36,UNVR,RG,3880,1,D,YP,PD,D
14:07:36,UNVR,RG,3880,1,D,PD,PD,D
14:07:36,UNVR,RG,3880,89,D,YP,PD,D
14:07:17,UNVR,RG,3880,1,D,YP,AK,F
14:07:16,UNVR,RG,3890,9,D,GR,KK,D
14:07:04,UNVR,RG,3890,2,D,YP,KK,D
14:06:53,UNVR,RG,3880,1,D,YP,AK,F
14:06:52,UNVR,RG,3890,11,D,ZP,KK,D
14:06:45,UNVR,RG,3890,1,F,AK,KK,D
14:05:51,UNVR,RG,3890,1,D,XL,KK,D
14:05:46,UNVR,RG,3880,30,D,YP,YP,D
14:05:37,UNVR,RG,3880,1,D,YP,AK,F
14:05:36,UNVR,RG,3880,78,D,YP,PD,D
14:05:36,UNVR,RG,3880,1,D,CC,PD,D
14:05:36,UNVR,RG,3880,10,D,YP,PD,D
14:05:36,UNVR,RG,3880,1,D,NI,PD,D
14:05:36,UNVR,RG,3880,1,D,XC,PD,D
14:05:36,UNVR,RG,3880,25,D,YP,PD,D
14:05:36,UNVR,RG,3880,10,D,AT,PD,D
14:05:36,UNVR,RG,3880,5,D,TP,PD,D
14:05:36,UNVR,RG,3880,1,D,NI,PD,D
14:05:36,UNVR,RG,3880,1,D,XC,PD,D
14:05:36,UNVR,RG,3880,3,D,XC,PD,D
14:05:36,UNVR,RG,3880,1,D,YP,PD,D
14:05:36,UNVR,RG,3880,1,D,NI,PD,D
14:05:36,UNVR,RG,3880,3,D,PD,PD,D
14:05:36,UNVR,RG,3880,2,D,CC,PD,D
14:05:36,UNVR,RG,3880,5,D,PD,PD,D
14:05:36,UNVR,RG,3880,1,D,EP,PD,D
14:05:36,UNVR,RG,3880,40,F,AK,PD,D
14:05:36,UNVR,RG,3880,8,D,XA,PD,D
14:05:36,UNVR,RG,3880,5,D,YP,PD,D
14:05:36,UNVR,RG,3880,14,D,XA,PD,D
14:05:21,UNVR,RG,3880,1,D,XA,AK,F
14:05:20,UNVR,RG,3890,92,D,YP,KK,D
14:05:20,UNVR,RG,3890,2,D,YP,CS,D
14:05:20,UNVR,RG,3890,6,D,YP,CS,D
14:05:17,UNVR,RG,3890,1,D,XC,YU,D
14:05:12,UNVR,RG,3890,5,D,NI,YU,D
14:04:50,UNVR,RG,3890,3,D,EP,YU,D
14:04:50,UNVR,RG,3890,17,D,EP,YU,D
14:04:41,UNVR,RG,3890,5,D,PD,YU,D
14:04:37,UNVR,RG,3890,2,F,CS,YU,D
14:04:37,UNVR,RG,3890,3,F,CS,YU,D
14:04:37,UNVR,RG,3890,5,F,CS,YU,D
14:04:36,UNVR,RG,3890,5,F,CS,YU,D
14:04:36,UNVR,RG,3890,7,F,ZP,YU,D
14:04:36,UNVR,RG,3890,5,F,CS,YU,D
14:04:36,UNVR,RG,3890,9,D,PD,YU,D
14:04:36,UNVR,RG,3890,1,D,PD,AK,F
14:04:36,UNVR,RG,3880,3,D,XA,AK,F
14:04:34,UNVR,RG,3880,2,D,XA,PD,D
14:04:34,UNVR,RG,3880,1,D,XC,PD,D
14:04:34,UNVR,RG,3880,6,D,XC,PD,D
14:04:34,UNVR,RG,3880,20,D,GR,PD,D
14:04:34,UNVR,RG,3880,1,D,NI,PD,D
14:04:34,UNVR,RG,3880,5,D,YP,PD,D
14:04:34,UNVR,RG,3880,1,D,XC,PD,D
14:04:34,UNVR,RG,3880,2,D,EP,PD,D
14:04:34,UNVR,RG,3880,1,F,AK,PD,D
14:04:34,UNVR,RG,3880,5,D,YP,PD,D
14:04:34,UNVR,RG,3880,9,D,XL,PD,D
14:04:34,UNVR,RG,3880,33,F,AK,PD,D
14:04:34,UNVR,RG,3880,52,F,AK,PD,D
14:04:34,UNVR,RG,3880,10,D,EP,PD,D
14:04:34,UNVR,RG,3880,68,D,NI,PD,D
14:04:33,UNVR,RG,3890,2,D,SQ,YU,D
14:04:33,UNVR,RG,3890,23,D,SQ,PD,D
14:04:33,UNVR,RG,3880,28,D,NI,CC,D
14:04:30,UNVR,RG,3890,1,F,AK,PD,D
14:04:12,UNVR,RG,3880,1,D,NI,AK,F
14:04:12,UNVR,RG,3890,1,F,AK,AK,F
14:04:12,UNVR,RG,3890,5,F,AK,PD,D
14:04:12,UNVR,RG,3890,45,D,YJ,PD,D
14:04:12,UNVR,RG,3890,1,D,YJ,CC,D
14:04:12,UNVR,RG,3890,19,D,YJ,YU,D
14:04:12,UNVR,RG,3890,2,D,YJ,YU,D
14:04:12,UNVR,RG,3890,6,D,YJ,ZP,F
14:04:12,UNVR,RG,3890,27,D,YJ,YP,D
14:04:02,UNVR,RG,3880,1,D,NI,XC,D
14:03:40,UNVR,RG,3880,1,D,NI,AK,F
14:03:39,UNVR,RG,3880,1,D,NI,AK,F
14:03:39,UNVR,RG,3880,2,F,YP,AK,F
14:03:39,UNVR,RG,3890,22,F,CS,YP,D
14:03:38,UNVR,RG,3890,5,F,CS,YP,D
14:03:38,UNVR,RG,3890,35,F,CS,YP,D
14:03:38,UNVR,RG,3890,8,F,CS,YP,D
14:03:38,UNVR,RG,3890,10,D,CC,YP,D
14:03:38,UNVR,RG,3890,1,D,DX,YP,D
14:03:38,UNVR,RG,3890,10,D,PD,YP,D
14:03:38,UNVR,RG,3890,32,F,CS,YP,D
14:03:38,UNVR,RG,3890,50,F,DX,YP,D
14:03:38,UNVR,RG,3890,1,D,NI,YP,D
14:03:38,UNVR,RG,3890,2,D,YP,YP,D
14:03:38,UNVR,RG,3890,10,D,NI,YP,D
14:03:38,UNVR,RG,3890,8,F,AK,YP,D
14:03:38,UNVR,RG,3890,11,F,BK,YP,D
14:03:38,UNVR,RG,3890,27,F,CS,YP,D
14:03:33,UNVR,RG,3890,3,F,CS,AK,F
14:03:33,UNVR,RG,3890,1,F,CS,XC,D
14:03:32,UNVR,RG,3890,38,F,CS,PD,D
14:03:32,UNVR,RG,3890,21,F,ZP,PD,D
14:03:32,UNVR,RG,3890,7,F,CS,PD,D
14:03:32,UNVR,RG,3890,150,D,YP,PD,D
14:03:30,UNVR,RG,3890,1,D,YP,NI,D
14:02:54,UNVR,RG,3890,91,D,YP,YU,D
14:02:54,UNVR,RG,3890,3,D,YP,YP,D
14:02:54,UNVR,RG,3890,25,D,YP,YU,D
14:02:54,UNVR,RG,3890,28,D,YP,YU,D
14:02:54,UNVR,RG,3890,2,D,YP,YU,D
14:02:51,UNVR,RG,3890,1,D,PD,AK,F
14:02:51,UNVR,RG,3890,1,D,PD,AK,F
14:02:43,UNVR,RG,3890,5,D,PD,YU,D
14:02:41,UNVR,RG,3890,2,D,PD,YU,D
14:02:35,UNVR,RG,3880,2,F,YP,AK,F
14:02:35,UNVR,RG,3890,1,D,XL,YU,D
14:02:35,UNVR,RG,3880,48,F,YP,PD,D
14:02:35,UNVR,RG,3880,2,D,SQ,PD,D
14:02:35,UNVR,RG,3880,2,D,EP,PD,D
14:02:35,UNVR,RG,3880,29,D,EP,PD,D
14:02:34,UNVR,RG,3880,2,D,EP,AK,F
14:02:33,UNVR,RG,3890,10,F,BK,PD,D
14:02:33,UNVR,RG,3890,92,F,AK,PD,D
14:02:33,UNVR,RG,3890,33,F,AK,PD,D
14:02:24,UNVR,RG,3890,7,F,CS,CS,D
14:02:24,UNVR,RG,3890,3,F,CS,CS,D
14:02:23,UNVR,RG,3890,10,F,CS,GR,D
14:02:23,UNVR,RG,3890,12,F,CS,GR,D
14:02:23,UNVR,RG,3890,2,F,CS,GR,D
14:02:23,UNVR,RG,3890,2,D,YP,GR,D
14:02:23,UNVR,RG,3890,1,D,PD,GR,D
14:02:23,UNVR,RG,3890,11,F,BK,GR,D
14:02:23,UNVR,RG,3890,3,F,CS,GR,D
14:02:23,UNVR,RG,3890,9,F,CS,GR,D
14:02:14,UNVR,RG,3890,9,F,CS,SQ,D
14:02:14,UNVR,RG,3890,16,D,YP,SQ,D
14:02:04,UNVR,RG,3890,9,D,YP,ZP,F
14:02:02,UNVR,RG,3890,8,F,CS,ZP,F
14:02:02,UNVR,RG,3890,18,F,CS,KK,D
14:02:02,UNVR,RG,3890,2,F,CS,KK,D
14:02:02,UNVR,RG,3890,10,F,CS,KK,D
14:02:02,UNVR,RG,3890,25,F,CS,KK,D
14:02:01,UNVR,RG,3890,34,F,CS,KK,D
14:02:01,UNVR,RG,3890,5,D,PD,KK,D
14:02:01,UNVR,RG,3890,52,F,BK,KK,D
14:02:01,UNVR,RG,3890,36,F,AK,KK,D
14:02:01,UNVR,RG,3890,82,F,AK,KK,D
14:02:01,UNVR,RG,3890,8,F,AK,KK,D
14:02:01,UNVR,RG,3890,18,F,CS,KK,D
14:02:01,UNVR,RG,3890,5,D,YP,KK,D
14:02:01,UNVR,RG,3890,13,F,CS,KK,D
14:02:01,UNVR,RG,3890,1,D,XC,KK,D
14:02:01,UNVR,RG,3890,1,D,PD,KK,D
14:02:01,UNVR,RG,3890,25,F,CS,KK,D
14:02:01,UNVR,RG,3890,60,D,CC,KK,D
14:02:01,UNVR,RG,3890,1,D,PD,KK,D
14:02:01,UNVR,RG,3890,1,D,KK,KK,D
14:02:01,UNVR,RG,3890,5,D,NI,KK,D
14:02:01,UNVR,RG,3890,25,F,CS,KK,D
14:02:01,UNVR,RG,3890,4,F,CS,KK,D
14:02:01,UNVR,RG,3890,69,D,ZP,KK,D
14:01:44,UNVR,RG,3890,8,D,ZP,PD,D
14:01:44,UNVR,RG,3890,1,D,YP,PD,D
14:01:44,UNVR,RG,3890,4,F,ZP,PD,D
14:01:44,UNVR,RG,3890,20,D,CC,PD,D
14:01:44,UNVR,RG,3890,8,F,AK,PD,D
14:01:44,UNVR,RG,3890,9,F,AK,PD,D
14:01:44,UNVR,RG,3890,17,F,AK,PD,D
14:01:44,UNVR,RG,3890,16,F,AK,PD,D
14:01:44,UNVR,RG,3890,3,F,AK,PD,D
14:01:44,UNVR,RG,3890,3,F,AK,PD,D
14:01:44,UNVR,RG,3890,91,F,BK,PD,D
14:01:44,UNVR,RG,3890,5,F,CC,PD,D
14:01:44,UNVR,RG,3890,17,F,CS,PD,D
14:01:44,UNVR,RG,3890,14,F,CS,PD,D
14:01:32,UNVR,RG,3890,18,F,CS,PD,D
14:01:22,UNVR,RG,3890,4,F,ZP,XC,D
14:00:48,UNVR,RG,3890,32,F,ZP,YP,D
14:00:46,UNVR,RG,3890,1,F,ZP,PD,D
14:00:31,UNVR,RG,3890,7,F,ZP,NI,D
14:00:30,UNVR,RG,3890,10,F,ZP,CC,D
14:00:20,UNVR,RG,3900,1,D,YP,FS,D
14:00:17,UNVR,RG,3890,30,F,ZP,PD,D
14:00:17,UNVR,RG,3890,19,F,CS,PD,D
14:00:17,UNVR,RG,3890,42,F,CS,PD,D
14:00:17,UNVR,RG,3890,125,D,YJ,PD,D
14:00:15,UNVR,RG,3890,50,D,YJ,SQ,D
14:00:14,UNVR,RG,3890,5,D,YJ,XC,D
14:00:04,UNVR,RG,3890,28,D,YJ,CC,D
13:59:52,UNVR,RG,3890,3,D,YJ,KK,D
13:59:51,UNVR,RG,3890,16,D,YJ,YU,D
13:59:50,UNVR,RG,3890,3,D,YJ,BQ,D
13:59:50,UNVR,RG,3890,5,D,YJ,NI,D
13:59:50,UNVR,RG,3890,209,D,YJ,CC,F
13:59:50,UNVR,RG,3890,8,D,YJ,CS,D
13:59:50,UNVR,RG,3890,104,D,YJ,OD,D
13:59:50,UNVR,RG,3890,104,D,YJ,OD,D
13:59:50,UNVR,RG,3890,1000,D,YJ,BK,D
13:59:50,UNVR,RG,3890,28,D,YJ,YU,D
13:59:50,UNVR,RG,3890,1,D,YJ,KK,D
13:59:50,UNVR,RG,3890,4,D,YJ,CS,D
13:59:50,UNVR,RG,3890,1,D,YJ,YP,D
13:59:50,UNVR,RG,3890,39,D,YJ,ZP,F
13:59:50,UNVR,RG,3890,55,D,YJ,YU,D
13:59:50,UNVR,RG,3890,10,D,YJ,YP,D
13:59:50,UNVR,RG,3890,25,D,YJ,PD,D
13:59:50,UNVR,RG,3890,55,D,YJ,KK,D
13:59:50,UNVR,RG,3890,1,D,YJ,PD,D
13:59:50,UNVR,RG,3890,13,D,YJ,CS,D
13:59:50,UNVR,RG,3890,1107,D,YJ,FS,D
13:59:50,UNVR,RG,3890,1107,D,YJ,FS,D
13:59:50,UNVR,RG,3890,10,D,YJ,XC,D
13:59:50,UNVR,RG,3890,52,D,YJ,NI,D
13:59:50,UNVR,RG,3890,1,D,YJ,PD,D
13:59:50,UNVR,RG,3890,15,D,YJ,YU,D
13:59:50,UNVR,RG,3890,1,D,YJ,KK,D
13:59:50,UNVR,RG,3890,7,D,YJ,CS,D
13:59:50,UNVR,RG,3890,13,D,YJ,CS,D
13:59:50,UNVR,RG,3890,11,D,YJ,KK,D
13:59:50,UNVR,RG,3890,9,D,YJ,ZP,F
13:59:50,UNVR,RG,3890,2,D,YJ,DH,D
13:59:50,UNVR,RG,3890,233,D,YJ,YU,D
13:59:50,UNVR,RG,3890,3,D,YJ,PD,D
13:59:50,UNVR,RG,3890,10,D,YJ,RG,D
13:59:50,UNVR,RG,3890,43,D,YJ,AK,F
13:59:50,UNVR,RG,3890,484,D,YJ,ZP,D
13:59:33,UNVR,RG,3880,40,D,EP,GR,D
13:59:25,UNVR,RG,3880,70,D,EP,YU,D
13:59:24,UNVR,RG,3880,20,D,EP,CS,D
13:59:21,UNVR,RG,3880,216,D,EP,PD,D
13:59:18,UNVR,RG,3880,5,D,EP,XC,D
13:57:57,UNVR,RG,3880,41,D,EP,KK,D
13:57:52,UNVR,RG,3880,207,D,EP,OD,D
13:57:50,UNVR,RG,3880,5,D,EP,PD,D
13:57:39,UNVR,RG,3880,69,D,EP,YU,D
13:57:15,UNVR,RG,3890,52,F,AK,ZP,D
13:57:14,UNVR,RG,3890,30,D,IN,ZP,D
13:57:04,UNVR,RG,3890,1,D,PD,ZP,D
13:57:03,UNVR,RG,3880,2,D,EP,XC,D
13:56:59,UNVR,RG,3890,5,D,YP,ZP,D
13:56:59,UNVR,RG,3880,4,D,EP,YP,D
13:56:57,UNVR,RG,3880,65,D,EP,PD,D
13:56:57,UNVR,RG,3880,1,F,AK,PD,D
13:56:57,UNVR,RG,3880,50,D,DH,PD,D
13:56:57,UNVR,RG,3880,2,F,AK,PD,D
13:56:57,UNVR,RG,3880,3,D,XC,PD,D
13:56:57,UNVR,RG,3880,5,D,EP,PD,D
13:56:57,UNVR,RG,3880,1,D,XC,PD,D
13:56:57,UNVR,RG,3880,20,D,CC,PD,D
13:56:57,UNVR,RG,3880,1,D,XC,PD,D
13:56:57,UNVR,RG,3880,1,D,SQ,PD,D
13:56:57,UNVR,RG,3880,44,D,XA,PD,D
13:56:57,UNVR,RG,3880,2,D,NI,PD,D
13:56:57,UNVR,RG,3880,21,D,XA,PD,D
13:56:43,UNVR,RG,3890,1,D,CC,ZP,D
13:56:30,UNVR,RG,3890,1,D,ZP,ZP,D
13:56:29,UNVR,RG,3880,80,D,XA,FS,D
13:56:29,UNVR,RG,3880,100,D,OD,FS,D
13:56:29,UNVR,RG,3880,3,D,NI,FS,D
13:56:29,UNVR,RG,3880,2,D,KK,FS,D
13:56:29,UNVR,RG,3880,2,F,AK,FS,D
13:56:29,UNVR,RG,3880,60,F,AK,FS,D
13:56:29,UNVR,RG,3880,38,F,AK,FS,D
13:56:29,UNVR,RG,3880,1,D,CC,FS,D
13:56:29,UNVR,RG,3880,1,D,NI,FS,D
13:56:29,UNVR,RG,3880,1,D,YP,FS,D
13:56:29,UNVR,RG,3880,2,F,AK,FS,D
13:56:29,UNVR,RG,3880,1,D,XC,FS,D
13:56:29,UNVR,RG,3880,1,D,XC,FS,D
13:56:29,UNVR,RG,3880,1,D,YP,FS,D
13:56:29,UNVR,RG,3880,10,D,XC,FS,D
13:56:29,UNVR,RG,3880,1,D,XC,FS,D
13:56:29,UNVR,RG,3880,1,D,PD,FS,D
13:56:29,UNVR,RG,3880,1,D,XC,FS,D
13:56:29,UNVR,RG,3880,1,D,XC,FS,D
13:56:29,UNVR,RG,3880,5,F,CS,FS,D
13:56:29,UNVR,RG,3880,1,D,XC,FS,D
13:56:29,UNVR,RG,3880,13,D,PD,FS,D
13:56:29,UNVR,RG,3880,18,F,CS,FS,D
13:56:29,UNVR,RG,3880,1,D,YP,FS,D
13:56:29,UNVR,RG,3880,3,F,AK,FS,D
13:56:29,UNVR,RG,3880,95,F,BK,FS,D
13:56:29,UNVR,RG,3880,5,D,EP,FS,D
13:56:29,UNVR,RG,3880,1,D,PD,FS,D
13:56:29,UNVR,RG,3880,1,D,DR,FS,D
13:56:29,UNVR,RG,3880,1,D,YP,FS,D
13:56:29,UNVR,RG,3880,20,D,YP,FS,D
13:56:29,UNVR,RG,3880,1,D,YP,FS,D
13:56:29,UNVR,RG,3880,1,D,YP,FS,D
13:56:29,UNVR,RG,3880,5,D,YP,FS,D
13:56:29,UNVR,RG,3880,2,D,XC,FS,D
13:56:29,UNVR,RG,3880,5,D,YP,FS,D
13:56:29,UNVR,RG,3880,1,D,YP,FS,D
13:56:29,UNVR,RG,3880,10,D,XC,FS,D
13:56:29,UNVR,RG,3880,1,D,YP,FS,D
13:56:29,UNVR,RG,3880,5,D,YP,FS,D
13:56:29,UNVR,RG,3880,2,D,YP,FS,D
13:56:29,UNVR,RG,3880,8,D,XC,FS,D
13:56:29,UNVR,RG,3880,2,D,XC,FS,D
13:56:29,UNVR,RG,3880,9,D,XC,FS,D
13:56:29,UNVR,RG,3880,1,D,XC,FS,D
13:56:29,UNVR,RG,3880,1,D,XC,FS,D
13:56:29,UNVR,RG,3880,1,D,CC,FS,D
13:56:29,UNVR,RG,3880,150,D,CC,FS,D
13:56:29,UNVR,RG,3880,1,D,XC,FS,D
13:56:29,UNVR,RG,3880,1,D,CC,FS,D
13:56:29,UNVR,RG,3880,1,D,XC,FS,D
13:56:29,UNVR,RG,3880,4,D,XC,FS,D
13:56:29,UNVR,RG,3880,7,D,XC,FS,D
13:56:29,UNVR,RG,3880,1,D,XC,FS,D
13:56:29,UNVR,RG,3880,2,D,XC,FS,D
13:56:29,UNVR,RG,3880,1,D,SQ,FS,D
13:56:29,UNVR,RG,3880,3,D,KK,FS,D
13:56:29,UNVR,RG,3880,3,D,XL,FS,D
13:56:29,UNVR,RG,3880,1,D,XL,FS,D
13:56:29,UNVR,RG,3880,30,D,CC,FS,D
13:56:29,UNVR,RG,3880,1,D,PD,FS,D
13:56:29,UNVR,RG,3880,1,D,DH,FS,D
13:56:29,UNVR,RG,3880,5,D,PD,FS,D
13:56:29,UNVR,RG,3880,1,D,PD,FS,D
13:56:29,UNVR,RG,3880,10,D,PD,FS,D
13:56:29,UNVR,RG,3880,17,D,PD,FS,D
13:56:29,UNVR,RG,3880,7,D,KK,FS,D
13:56:29,UNVR,RG,3880,10,D,KK,FS,D
13:56:29,UNVR,RG,3880,5,D,PD,FS,D
13:56:29,UNVR,RG,3880,20,D,PD,FS,D
13:56:29,UNVR,RG,3880,1,D,PD,FS,D
13:56:29,UNVR,RG,3880,2,D,KK,FS,D
13:56:29,UNVR,RG,3880,5,D,CC,FS,D
13:56:29,UNVR,RG,3880,5,D,PD,FS,D
13:56:29,UNVR,RG,3880,3,D,PD,FS,D
13:56:29,UNVR,RG,3880,25,D,PD,FS,D
13:56:29,UNVR,RG,3880,2,D,PD,FS,D
13:56:29,UNVR,RG,3880,1,D,TP,FS,D
13:56:29,UNVR,RG,3880,10,D,EP,FS,D
13:56:29,UNVR,RG,3880,3,D,PD,FS,D
13:56:29,UNVR,RG,3880,1,D,PD,FS,D
13:56:29,UNVR,RG,3880,1,D,PD,FS,D
13:56:29,UNVR,RG,3880,1,D,PD,FS,D
13:56:29,UNVR,RG,3880,5,D,PD,FS,D
13:56:29,UNVR,RG,3880,2,D,PD,FS,D
13:56:29,UNVR,RG,3880,50,D,PD,FS,D
13:56:29,UNVR,RG,3880,1,D,PD,FS,D
13:56:29,UNVR,RG,3880,1,D,PD,FS,D
13:56:29,UNVR,RG,3880,2,D,PD,FS,D
13:56:29,UNVR,RG,3880,25,D,GR,FS,D
13:56:29,UNVR,RG,3880,1,D,PD,FS,D
13:56:29,UNVR,RG,3880,1,D,DH,FS,D
13:56:29,UNVR,RG,3880,13,D,PD,FS,D
13:56:29,UNVR,RG,3880,4,D,LG,FS,D
13:56:29,UNVR,RG,3880,10,D,DH,FS,D
13:56:29,UNVR,RG,3880,15,D,PD,FS,D
13:56:29,UNVR,RG,3880,50,D,GR,FS,D
13:56:29,UNVR,RG,3880,1,D,KK,FS,D
13:56:29,UNVR,RG,3880,5,D,GR,FS,D
13:56:29,UNVR,RG,3880,19,D,KK,FS,D
13:56:29,UNVR,RG,3880,10,D,YB,FS,D
13:56:29,UNVR,RG,3880,6,D,EP,FS,D
13:56:29,UNVR,RG,3880,3,D,FZ,FS,D
13:56:29,UNVR,RG,3880,15,D,AO,FS,D
13:56:24,UNVR,RG,3880,5,D,AO,CC,D
13:56:24,UNVR,RG,3880,1,D,XC,CC,D
13:56:24,UNVR,RG,3880,5,F,ZP,CC,D
13:56:24,UNVR,RG,3880,4,D,YP,CC,D
13:56:22,UNVR,RG,3890,1,D,XC,ZP,D
13:56:12,UNVR,RG,3890,2,D,XC,ZP,D
13:56:09,UNVR,RG,3880,16,D,YP,YP,D
13:56:09,UNVR,RG,3880,1,D,LG,YP,D
13:56:09,UNVR,RG,3880,5,D,SQ,YP,D
13:56:09,UNVR,RG,3880,1,D,PD,YP,D
13:56:09,UNVR,RG,3880,1,D,NI,YP,D
13:56:09,UNVR,RG,3880,1,D,NI,YP,D
13:56:09,UNVR,RG,3880,2,D,PD,YP,D
13:56:09,UNVR,RG,3880,68,D,XL,YP,D
13:56:09,UNVR,RG,3880,1,D,KK,YP,D
13:56:09,UNVR,RG,3880,3,D,PD,YP,D
13:56:09,UNVR,RG,3880,1,D,PD,YP,D
13:56:09,UNVR,RG,3880,1,D,BQ,YP,D
13:56:09,UNVR,RG,3880,128,D,YU,YP,D
13:56:09,UNVR,RG,3880,1,D,PD,YP,D
13:56:09,UNVR,RG,3880,1,D,PD,YP,D
13:56:09,UNVR,RG,3880,25,D,XA,YP,D
13:56:09,UNVR,RG,3880,30,D,LG,YP,D
13:56:09,UNVR,RG,3880,10,D,NI,YP,D
13:56:09,UNVR,RG,3880,3,D,DH,YP,D
13:56:09,UNVR,RG,3880,1,D,PD,YP,D
13:56:09,UNVR,RG,3880,13,D,PD,YP,D
13:56:09,UNVR,RG,3880,15,D,XL,YP,D
13:56:09,UNVR,RG,3880,1,D,XC,YP,D
13:56:09,UNVR,RG,3880,1,D,KK,YP,D
13:56:09,UNVR,RG,3880,2,D,KK,YP,D
13:56:09,UNVR,RG,3880,100,D,IP,YP,D
13:56:09,UNVR,RG,3880,20,D,XL,YP,D
13:56:09,UNVR,RG,3880,1,D,XC,YP,D
13:56:09,UNVR,RG,3880,1,D,HP,YP,D
13:56:09,UNVR,RG,3880,1,D,XC,YP,D
13:56:09,UNVR,RG,3880,12,D,PD,YP,D
13:56:09,UNVR,RG,3880,2,D,YP,YP,D
13:56:09,UNVR,RG,3880,2,D,CC,YP,D
13:56:09,UNVR,RG,3880,1,D,NI,YP,D
13:56:09,UNVR,RG,3880,10,D,EP,YP,D
13:56:09,UNVR,RG,3880,2,D,PD,YP,D
13:56:09,UNVR,RG,3880,15,D,EP,YP,D
13:56:09,UNVR,RG,3880,1,D,CP,YP,D
13:56:09,UNVR,RG,3880,100,D,NI,YP,D
13:56:09,UNVR,RG,3880,1,D,XC,YP,D
13:56:09,UNVR,RG,3880,2,D,XC,YP,D
13:56:09,UNVR,RG,3880,1,D,DH,YP,D
13:56:09,UNVR,RG,3880,7,D,XC,YP,D
13:56:09,UNVR,RG,3880,50,D,NI,YP,D
13:56:09,UNVR,RG,3880,1,D,PD,YP,D
13:56:09,UNVR,RG,3880,27,D,NI,YP,D
13:56:09,UNVR,RG,3880,25,D,DH,YP,D
13:56:09,UNVR,RG,3880,5,D,KK,YP,D
13:56:09,UNVR,RG,3880,1,D,YP,YP,D
13:56:09,UNVR,RG,3880,1,D,YP,YP,D
13:56:09,UNVR,RG,3880,6,D,GR,YP,D
13:56:09,UNVR,RG,3880,15,D,XC,YP,D
13:56:09,UNVR,RG,3880,2,D,CP,YP,D
13:56:09,UNVR,RG,3880,2,D,PD,YP,D
13:56:09,UNVR,RG,3880,10,D,YP,YP,D
13:56:09,UNVR,RG,3880,1,D,DH,YP,D
13:56:09,UNVR,RG,3880,20,F,DH,YP,D
13:56:09,UNVR,RG,3880,130,D,KI,YP,D
13:56:09,UNVR,RG,3880,1,D,KK,YP,D
13:56:09,UNVR,RG,3880,1,D,KK,YP,D
13:56:09,UNVR,RG,3880,30,D,DH,YP,D
13:56:09,UNVR,RG,3880,5,D,PD,YP,D
13:56:09,UNVR,RG,3880,1,D,NI,YP,D
13:56:09,UNVR,RG,3880,8,F,BK,YP,D
13:56:09,UNVR,RG,3880,10,D,BQ,YP,D
13:56:09,UNVR,RG,3880,2,D,EP,YP,D
13:56:09,UNVR,RG,3880,50,D,XC,YP,D
13:56:09,UNVR,RG,3880,1,D,XC,YP,D
13:56:09,UNVR,RG,3880,1,D,YP,YP,D
13:56:09,UNVR,RG,3880,2,D,PD,YP,D
13:56:09,UNVR,RG,3880,1,D,XC,YP,D
13:56:09,UNVR,RG,3880,1,D,SQ,YP,D
13:56:09,UNVR,RG,3880,10,D,CC,YP,D
13:56:09,UNVR,RG,3880,2,D,PD,YP,D
13:56:09,UNVR,RG,3880,1,D,YP,YP,D
13:56:09,UNVR,RG,3880,2,D,CC,YP,D
13:56:09,UNVR,RG,3880,50,D,XC,YP,D
13:56:09,UNVR,RG,3880,1,D,NI,YP,D
13:56:09,UNVR,RG,3880,20,D,YP,YP,D
13:56:09,UNVR,RG,3880,10,D,SQ,YP,D
13:56:09,UNVR,RG,3880,15,D,PD,YP,D
13:56:09,UNVR,RG,3880,10,D,KK,YP,D
13:56:09,UNVR,RG,3880,10,F,NI,YP,D
13:56:09,UNVR,RG,3880,1,D,CC,YP,D
13:56:09,UNVR,RG,3880,2,D,XC,YP,D
13:56:09,UNVR,RG,3880,1000,D,CC,YP,D
13:56:09,UNVR,RG,3880,1,D,CC,YP,D
13:56:09,UNVR,RG,3880,100,D,KK,YP,D
13:56:09,UNVR,RG,3880,10,D,PD,YP,D
13:56:09,UNVR,RG,3880,1,D,XC,YP,D
13:56:09,UNVR,RG,3880,1,D,KK,YP,D
13:56:09,UNVR,RG,3880,3,D,CP,YP,D
13:56:09,UNVR,RG,3880,1,D,PD,YP,D
13:56:09,UNVR,RG,3880,1,D,AT,YP,D
13:56:09,UNVR,RG,3880,10,D,DR,YP,D
13:56:09,UNVR,RG,3880,15,D,XC,YP,D
13:56:09,UNVR,RG,3880,2,D,CC,YP,D
13:56:09,UNVR,RG,3880,1,D,PD,YP,D
13:55:49,UNVR,RG,3890,3,F,AK,ZP,D
13:55:47,UNVR,RG,3890,1,D,EP,ZP,D
13:55:45,UNVR,RG,3890,2,F,AK,ZP,D
13:55:45,UNVR,RG,3890,10,D,SQ,ZP,D
13:55:39,UNVR,RG,3890,2,D,YP,ZP,D
13:55:37,UNVR,RG,3890,4,D,NI,ZP,D
13:55:33,UNVR,RG,3890,30,D,XC,ZP,D
13:55:30,UNVR,RG,3890,49,F,AK,ZP,D
13:55:28,UNVR,RG,3890,14,D,YP,ZP,D
13:55:22,UNVR,RG,3890,5,D,XC,ZP,D
13:54:34,UNVR,RG,3890,1,D,XC,ZP,D
13:54:28,UNVR,RG,3890,6,D,NI,ZP,D
13:54:15,UNVR,RG,3890,73,D,CC,ZP,D
13:54:15,UNVR,RG,3890,27,D,CC,YU,D
13:54:15,UNVR,RG,3890,22,D,CC,YU,D
13:54:15,UNVR,RG,3890,2,D,CC,YU,D
13:54:15,UNVR,RG,3890,32,D,CC,YU,D
13:54:15,UNVR,RG,3890,3,D,CC,ZP,F
13:54:15,UNVR,RG,3890,11,D,CC,CS,D
13:54:15,UNVR,RG,3890,30,D,CC,OD,D
13:54:09,UNVR,RG,3880,1,D,PD,XC,D
13:53:55,UNVR,RG,3880,3,D,XL,NI,D
13:53:55,UNVR,RG,3880,1,D,YP,NI,D
13:53:55,UNVR,RG,3880,3,D,NI,NI,D
13:53:55,UNVR,RG,3880,2,D,YP,NI,D
13:53:55,UNVR,RG,3880,10,D,PD,NI,D
13:53:55,UNVR,RG,3880,81,F,BK,NI,D
13:53:53,UNVR,RG,3880,69,F,BK,YU,D
13:53:38,UNVR,RG,3890,1,D,CC,OD,D
13:53:30,UNVR,RG,3890,2,F,AK,OD,D
13:53:25,UNVR,RG,3890,5,D,YP,OD,D
13:53:25,UNVR,RG,3880,1,F,BK,CC,D
13:53:10,UNVR,RG,3880,5,F,BK,PD,D
13:53:10,UNVR,RG,3880,129,D,PD,PD,D
13:53:10,UNVR,RG,3880,10,D,PD,PD,D
13:53:10,UNVR,RG,3880,1,D,YP,PD,D
13:53:10,UNVR,RG,3880,2,D,CC,PD,D
13:53:10,UNVR,RG,3880,10,D,PD,PD,D
13:53:10,UNVR,RG,3880,1,D,YU,PD,D
13:53:10,UNVR,RG,3880,15,D,PC,PD,D
13:53:10,UNVR,RG,3880,1,D,NI,PD,D
13:53:10,UNVR,RG,3880,5,D,NI,PD,D
13:53:10,UNVR,RG,3880,5,D,GR,PD,D
13:53:10,UNVR,RG,3880,1,D,XC,PD,D
13:53:10,UNVR,RG,3880,25,D,YP,PD,D
13:53:10,UNVR,RG,3880,2,D,EP,PD,D
13:53:10,UNVR,RG,3880,4,D,XC,PD,D
13:53:00,UNVR,RG,3890,2,D,YP,OD,D
13:52:56,UNVR,RG,3890,13,D,KK,OD,D
13:52:27,UNVR,RG,3890,1,D,XC,OD,D
13:52:26,UNVR,RG,3880,1,D,XC,YP,D
13:52:26,UNVR,RG,3880,1,D,YP,YP,D
13:52:26,UNVR,RG,3890,1,D,XC,OD,D
13:52:22,UNVR,RG,3890,5,D,YP,OD,D
13:52:19,UNVR,RG,3890,147,D,CC,OD,D
13:52:19,UNVR,RG,3890,3,D,CC,CC,F
13:52:13,UNVR,RG,3880,2,D,YP,PD,D
13:52:13,UNVR,RG,3880,3,D,KK,PD,D
13:52:13,UNVR,RG,3880,1,D,NI,PD,D
13:52:13,UNVR,RG,3880,1,D,PD,PD,D
13:52:13,UNVR,RG,3880,10,D,YP,PD,D
13:52:13,UNVR,RG,3880,50,D,DH,PD,D
13:52:13,UNVR,RG,3880,1,D,NI,PD,D
13:52:13,UNVR,RG,3880,1,D,YP,PD,D
13:52:13,UNVR,RG,3880,4,D,NI,PD,D
13:52:13,UNVR,RG,3880,1,D,DR,PD,D
13:52:13,UNVR,RG,3880,50,D,ZP,PD,D
13:52:13,UNVR,RG,3880,1,D,YP,PD,D
13:52:13,UNVR,RG,3880,2,D,XC,PD,D
13:52:13,UNVR,RG,3880,15,D,PD,PD,D
13:52:13,UNVR,RG,3880,3,D,PD,PD,D
13:52:13,UNVR,RG,3880,1,D,AZ,PD,D
13:52:13,UNVR,RG,3880,2,D,PD,PD,D
13:52:13,UNVR,RG,3880,1,D,XC,PD,D
13:52:13,UNVR,RG,3880,1,D,IP,PD,D
13:52:13,UNVR,RG,3880,2,D,XC,PD,D
13:52:13,UNVR,RG,3880,64,D,YP,PD,D
13:52:13,UNVR,RG,3880,36,D,YP,YU,D
13:52:13,UNVR,RG,3880,10,D,CC,YU,D
13:52:13,UNVR,RG,3880,5,D,PD,YU,D
13:52:13,UNVR,RG,3880,1,D,PD,YU,D
13:52:13,UNVR,RG,3880,10,D,PD,YU,D
13:52:13,UNVR,RG,3880,1,D,PD,YU,D
13:52:13,UNVR,RG,3880,8,D,SQ,YU,D
13:51:48,UNVR,RG,3890,1,D,XC,CC,F
13:51:41,UNVR,RG,3890,1,D,CC,CC,F
13:51:38,UNVR,RG,3890,1,D,NI,CC,F
13:51:30,UNVR,RG,3890,2,F,AK,CC,F
13:51:19,UNVR,RG,3880,1,D,SQ,YP,D
13:51:18,UNVR,RG,3880,2,D,SQ,XC,D
13:51:07,UNVR,RG,3880,1,D,SQ,XC,D
13:51:06,UNVR,RG,3890,1,D,XC,CC,F
13:51:01,UNVR,RG,3880,1,D,SQ,YP,D
13:50:48,UNVR,RG,3880,37,D,SQ,PD,D
13:50:48,UNVR,RG,3880,1,D,PD,PD,D
13:50:48,UNVR,RG,3880,1,D,LG,PD,D
13:50:48,UNVR,RG,3880,1,D,PD,PD,D
13:50:48,UNVR,RG,3880,10,D,HP,PD,D
13:50:48,UNVR,RG,3880,4,D,XC,PD,D
13:50:48,UNVR,RG,3880,38,D,GR,PD,D
13:50:48,UNVR,RG,3880,1,D,DR,PD,D
13:50:48,UNVR,RG,3880,1,D,AT,PD,D
13:50:48,UNVR,RG,3880,1,D,PD,PD,D
13:50:48,UNVR,RG,3880,4,D,NI,PD,D
13:50:48,UNVR,RG,3880,3,D,PD,PD,D
13:50:48,UNVR,RG,3880,1,D,YP,PD,D
13:50:48,UNVR,RG,3880,1,D,PD,PD,D
13:50:48,UNVR,RG,3880,2,D,PD,PD,D
13:50:48,UNVR,RG,3880,3,D,XC,PD,D
13:50:48,UNVR,RG,3880,10,D,SQ,PD,D
13:50:48,UNVR,RG,3880,10,D,YP,PD,D
13:50:48,UNVR,RG,3880,1,D,XC,PD,D
13:50:48,UNVR,RG,3880,10,D,NI,PD,D
13:50:48,UNVR,RG,3880,20,D,YP,PD,D
13:50:48,UNVR,RG,3880,5,D,AG,PD,D
13:50:48,UNVR,RG,3880,2,D,YP,PD,D
13:50:48,UNVR,RG,3880,1,D,KK,PD,D
13:50:48,UNVR,RG,3880,10,D,KK,PD,D
13:50:48,UNVR,RG,3880,5,D,YP,PD,D
13:50:48,UNVR,RG,3880,1,D,CC,PD,D
13:50:48,UNVR,RG,3880,10,D,CC,PD,D
13:50:48,UNVR,RG,3880,20,D,DH,PD,D
13:50:48,UNVR,RG,3880,2,D,CC,PD,D
13:49:57,UNVR,RG,3890,50,F,YP,CC,F
13:49:56,UNVR,RG,3890,10,D,CC,CC,F
13:49:55,UNVR,RG,3890,17,D,PD,CC,F
13:49:54,UNVR,RG,3880,15,D,CC,CC,D
13:49:49,UNVR,RG,3890,10,D,CC,CC,F
13:49:42,UNVR,RG,3890,5,D,PD,CC,F
13:49:40,UNVR,RG,3890,2,D,NI,CC,F
13:49:37,UNVR,RG,3890,4,D,PD,CC,F
13:49:32,UNVR,RG,3880,3,D,CC,PD,D
13:49:32,UNVR,RG,3880,1,D,YP,PD,D
13:49:32,UNVR,RG,3880,5,D,BQ,PD,D
13:49:32,UNVR,RG,3880,10,D,GR,PD,D
13:49:32,UNVR,RG,3880,1,D,PD,PD,D
13:49:32,UNVR,RG,3880,3,D,YB,PD,D
13:49:32,UNVR,RG,3880,2,D,EP,PD,D
13:49:32,UNVR,RG,3880,10,D,YP,PD,D
13:49:32,UNVR,RG,3880,2,D,KK,PD,D
13:49:32,UNVR,RG,3880,7,D,ZP,PD,D
13:49:32,UNVR,RG,3880,1,D,PD,PD,D
13:49:32,UNVR,RG,3880,1,D,CC,PD,D
13:49:32,UNVR,RG,3880,1,D,XC,PD,D
13:49:32,UNVR,RG,3880,1,D,YP,PD,D
13:49:32,UNVR,RG,3880,1,D,PD,PD,D
13:49:32,UNVR,RG,3880,5,D,AZ,PD,D
13:49:32,UNVR,RG,3880,1,D,YP,PD,D
13:49:32,UNVR,RG,3880,5,D,PD,PD,D
13:49:32,UNVR,RG,3880,30,D,NI,PD,D
13:49:32,UNVR,RG,3880,1,D,NI,PD,D
13:49:32,UNVR,RG,3880,1,D,YP,PD,D
13:49:32,UNVR,RG,3880,10,D,PD,PD,D
13:49:32,UNVR,RG,3880,28,D,YP,PD,D
13:49:32,UNVR,RG,3880,7,D,YP,PD,D
13:49:32,UNVR,RG,3880,20,D,DH,PD,D
13:49:32,UNVR,RG,3880,1,D,AI,PD,D
13:49:32,UNVR,RG,3880,12,D,YP,PD,D
13:49:32,UNVR,RG,3880,15,D,EP,PD,D
13:49:32,UNVR,RG,3880,31,D,SQ,PD,D
13:49:19,UNVR,RG,3890,1,D,XC,CC,F
13:49:06,UNVR,RG,3890,4,D,YP,CC,F
13:49:04,UNVR,RG,3890,20,D,YP,CC,F
13:48:49,UNVR,RG,3890,5,D,PD,CC,F
13:48:48,UNVR,RG,3890,10,F,CS,CC,F
13:48:48,UNVR,RG,3890,16,F,CS,CC,F
13:48:47,UNVR,RG,3890,10,F,CS,CC,F
13:48:47,UNVR,RG,3890,27,F,BK,CC,F
13:48:43,UNVR,RG,3900,5,D,PD,FS,D
13:48:38,UNVR,RG,3890,6,F,BK,SQ,D
13:48:38,UNVR,RG,3890,18,F,AK,SQ,D
13:48:38,UNVR,RG,3890,1,F,AK,SQ,D
13:48:38,UNVR,RG,3890,1,F,AK,SQ,D
13:48:38,UNVR,RG,3890,43,F,AK,SQ,D
13:48:38,UNVR,RG,3890,6,D,CC,SQ,D
13:48:35,UNVR,RG,3890,4,D,CC,AK,F
13:48:35,UNVR,RG,3890,2,F,AK,AK,F
13:48:35,UNVR,RG,3890,29,F,AK,AK,F
13:48:35,UNVR,RG,3890,5,D,PD,AK,F
13:48:35,UNVR,RG,3890,10,D,XC,AK,F
13:48:35,UNVR,RG,3890,9,F,CS,ZP,F
13:48:35,UNVR,RG,3890,11,F,CS,LG,D
13:48:35,UNVR,RG,3890,198,D,NI,LG,D
13:48:35,UNVR,RG,3890,1,D,YP,LG,D
13:48:35,UNVR,RG,3890,38,F,CS,LG,D
13:48:35,UNVR,RG,3890,17,F,CS,LG,D
13:48:35,UNVR,RG,3890,16,F,AK,LG,D
13:48:35,UNVR,RG,3890,15,F,CS,LG,D
13:48:35,UNVR,RG,3890,3,D,DR,LG,D
13:48:35,UNVR,RG,3890,8,F,AK,LG,D
13:48:35,UNVR,RG,3890,29,D,XC,LG,D
13:48:35,UNVR,RG,3890,88,F,CS,LG,D
13:48:35,UNVR,RG,3890,5,D,PD,LG,D
13:48:35,UNVR,RG,3890,3,D,XC,LG,D
13:48:35,UNVR,RG,3890,52,F,AK,LG,D
13:48:35,UNVR,RG,3890,4,F,AK,LG,D
13:48:35,UNVR,RG,3890,10,D,SQ,LG,D
13:48:35,UNVR,RG,3890,1,D,XL,LG,D
13:48:35,UNVR,RG,3890,8,D,PD,LG,D
13:48:35,UNVR,RG,3890,9,F,AK,LG,D
13:48:35,UNVR,RG,3890,92,F,BK,LG,D
13:48:35,UNVR,RG,3890,375,D,OD,LG,D
13:48:35,UNVR,RG,3890,1,F,AK,LG,D
13:48:35,UNVR,RG,3890,1,F,AK,LG,D
13:48:35,UNVR,RG,3890,15,F,AK,LG,D
13:48:21,UNVR,RG,3890,38,F,AK,PD,D
13:48:21,UNVR,RG,3890,28,F,AK,PD,D
13:48:21,UNVR,RG,3890,39,F,CS,PD,D
13:48:21,UNVR,RG,3890,30,F,CS,PD,D
13:48:21,UNVR,RG,3890,1,F,CS,PD,D
13:48:21,UNVR,RG,3890,37,F,CS,PD,D
13:48:21,UNVR,RG,3890,12,F,CS,PD,D
13:48:21,UNVR,RG,3890,12,F,CS,PD,D
13:48:21,UNVR,RG,3890,19,F,ZP,PD,D
13:48:16,UNVR,RG,3900,2,D,PD,FS,D
13:48:13,UNVR,RG,3900,5,D,RO,FS,D
13:48:04,UNVR,RG,3900,3,F,AK,FS,D
13:47:46,UNVR,RG,3890,3,F,ZP,XC,D
13:47:30,UNVR,RG,3900,1,F,AK,FS,D
13:47:16,UNVR,RG,3890,5,D,NI,XC,D
13:47:05,UNVR,RG,3890,1,D,NI,PD,D
13:46:55,UNVR,RG,3890,216,D,NI,PD,D
13:46:55,UNVR,RG,3900,56,D,YP,FS,D
13:46:47,UNVR,RG,3900,10,D,SQ,FS,D
13:46:45,UNVR,RG,3900,5,F,AK,FS,D
13:46:43,UNVR,RG,3900,1,D,CC,FS,D
13:46:35,UNVR,RG,3900,10,D,CC,FS,D
13:46:09,UNVR,RG,3900,1,D,CC,FS,D
13:46:06,UNVR,RG,3890,80,D,NI,LG,D
13:46:06,UNVR,RG,3890,5,D,NI,LG,D
13:46:06,UNVR,RG,3890,2,D,YU,LG,D
13:46:06,UNVR,RG,3890,31,F,BK,LG,D
13:46:06,UNVR,RG,3890,32,D,YP,LG,D
13:45:53,UNVR,RG,3900,1,D,PD,FS,D
13:45:51,UNVR,RG,3890,18,D,YP,PD,D
13:45:51,UNVR,RG,3890,9,D,XC,PD,D
13:45:51,UNVR,RG,3890,9,D,PD,PD,D
13:45:51,UNVR,RG,3890,1,D,TP,PD,D
13:45:51,UNVR,RG,3890,3,D,NI,PD,D
13:45:51,UNVR,RG,3890,1,D,XC,PD,D
13:45:51,UNVR,RG,3890,25,D,XA,PD,D
13:45:51,UNVR,RG,3890,10,D,AG,PD,D
13:45:51,UNVR,RG,3890,10,F,AK,PD,D
13:45:51,UNVR,RG,3890,21,F,AK,PD,D
13:45:51,UNVR,RG,3890,18,F,AK,PD,D
13:45:51,UNVR,RG,3890,3,F,AK,PD,D
13:45:51,UNVR,RG,3890,3,F,AK,PD,D
13:45:51,UNVR,RG,3890,7,F,CS,PD,D
13:45:51,UNVR,RG,3890,4,F,CS,PD,D
13:45:51,UNVR,RG,3890,74,F,CS,PD,D
13:45:42,UNVR,RG,3900,10,D,NI,FS,D
13:45:20,UNVR,RG,3900,1,D,PD,FS,D
13:45:15,UNVR,RG,3900,51,F,AK,FS,D
13:44:27,UNVR,RG,3890,2,F,CS,YB,D
13:44:22,UNVR,RG,3890,3,F,CS,YP,D
13:44:22,UNVR,RG,3890,7,F,CS,YP,D
13:44:17,UNVR,RG,3890,24,F,CS,PD,D
13:44:17,UNVR,RG,3890,1,D,YP,PD,D
13:44:17,UNVR,RG,3890,1,D,YP,PD,D
13:44:17,UNVR,RG,3890,190,F,BK,PD,D
13:44:16,UNVR,RG,3890,20,F,BK,YP,D
13:44:12,UNVR,RG,3890,10,F,BK,YP,D
13:44:06,UNVR,RG,3890,3,F,BK,XC,D
13:44:00,UNVR,RG,3900,10,F,AK,FS,D
13:43:53,UNVR,RG,3890,5,F,BK,PD,D
13:43:40,UNVR,RG,3890,1,F,BK,PD,D
13:43:35,UNVR,RG,3890,8,F,BK,YP,D
13:43:29,UNVR,RG,3890,33,F,BK,SQ,D
13:43:29,UNVR,RG,3890,6,F,CS,SQ,D
13:43:29,UNVR,RG,3890,30,F,CS,SQ,D
13:43:29,UNVR,RG,3890,11,F,CS,SQ,D
13:43:29,UNVR,RG,3890,23,F,CS,SQ,D
13:43:29,UNVR,RG,3890,60,F,ZP,SQ,D
13:43:29,UNVR,RG,3890,80,D,CC,SQ,D
13:43:21,UNVR,RG,3900,1,D,YP,FS,D
13:43:20,UNVR,RG,3890,2,D,CC,YU,D
13:43:19,UNVR,RG,3890,12,D,CC,CS,D
13:43:19,UNVR,RG,3890,8,D,CC,YU,D
13:43:19,UNVR,RG,3890,12,D,CC,CS,D
13:43:19,UNVR,RG,3890,7,D,CC,CS,D
13:43:19,UNVR,RG,3890,12,D,CC,YU,D
13:43:19,UNVR,RG,3890,7,D,CC,ZP,F
13:43:19,UNVR,RG,3890,1,D,XC,ZP,F
13:43:18,UNVR,RG,3890,5,D,DH,ZP,F
13:43:14,UNVR,RG,3890,21,F,ZP,ZP,F
13:43:13,UNVR,RG,3890,2,F,BK,CS,D
13:43:13,UNVR,RG,3890,5,F,BK,CS,D
13:43:13,UNVR,RG,3890,14,F,BK,CS,D
13:43:13,UNVR,RG,3890,34,F,BK,YU,D
13:43:13,UNVR,RG,3890,2,F,BK,XC,D
13:43:13,UNVR,RG,3890,27,F,BK,OD,D
13:43:13,UNVR,RG,3890,500,F,BK,BK,D
13:43:13,UNVR,RG,3890,5,F,BK,CS,D
13:43:13,UNVR,RG,3890,3,F,BK,CS,D
13:43:13,UNVR,RG,3890,4,F,BK,PD,D
13:43:13,UNVR,RG,3890,1,F,BK,YP,D
13:43:13,UNVR,RG,3890,1,F,BK,YP,D
13:43:13,UNVR,RG,3890,1,F,BK,GR,D
13:43:13,UNVR,RG,3890,1,F,BK,PD,D
13:43:13,UNVR,RG,3890,3,F,BK,CC,D
13:43:13,UNVR,RG,3890,26,F,BK,ZP,F
13:43:13,UNVR,RG,3890,200,F,BK,SQ,D
13:43:13,UNVR,RG,3890,207,F,BK,OD,D
13:43:13,UNVR,RG,3890,1,F,BK,PD,D
13:43:13,UNVR,RG,3890,12,F,BK,CS,D
13:43:13,UNVR,RG,3890,46,F,BK,YU,D
13:43:11,UNVR,RG,3890,205,D,NI,YU,D
13:43:11,UNVR,RG,3890,8,D,NI,YP,D
13:43:11,UNVR,RG,3890,23,D,NI,YU,F
13:43:11,UNVR,RG,3890,10,D,NI,CC,D
13:43:11,UNVR,RG,3890,6,D,NI,ZP,F
13:43:11,UNVR,RG,3890,248,D,NI,CC,F
13:43:04,UNVR,RG,3880,7,D,SQ,NI,D
13:43:04,UNVR,RG,3890,2,D,YP,CC,F
13:43:04,UNVR,RG,3890,1,D,YP,CS,D
13:43:04,UNVR,RG,3890,1,D,YP,CS,D
13:43:04,UNVR,RG,3890,1,D,YP,CS,D
13:43:04,UNVR,RG,3890,2,D,DR,CS,D
13:43:04,UNVR,RG,3890,23,D,DR,YU,D
13:43:04,UNVR,RG,3890,33,D,DR,YU,D
13:43:04,UNVR,RG,3890,2,D,DR,YU,D
13:43:00,UNVR,RG,3890,1,D,TP,YU,D
13:42:57,UNVR,RG,3890,15,D,CC,YU,D
13:42:44,UNVR,RG,3890,3,D,PD,YU,D
13:42:35,UNVR,RG,3890,1,D,KK,YU,D
13:42:35,UNVR,RG,3890,3,D,KK,CC,F
13:42:31,UNVR,RG,3880,12,D,SQ,YU,D
13:42:31,UNVR,RG,3880,1,D,PD,YU,D
13:42:31,UNVR,RG,3880,2,D,XC,YU,D
13:42:31,UNVR,RG,3880,2,D,XC,YU,D
13:42:31,UNVR,RG,3880,1,D,CC,YU,D
13:42:31,UNVR,RG,3880,10,D,CC,YU,D
13:42:31,UNVR,RG,3880,1,D,PD,YU,D
13:42:31,UNVR,RG,3880,6,D,XC,YU,D
13:42:31,UNVR,RG,3880,36,D,YP,YU,D
13:42:27,UNVR,RG,3890,2,D,YP,CC,F
13:42:06,UNVR,RG,3890,20,D,PD,CC,F
13:42:02,UNVR,RG,3890,5,D,DH,CC,F
13:41:34,UNVR,RG,3880,1,D,YP,XC,D
13:41:26,UNVR,RG,3880,68,D,YP,YU,D
13:41:21,UNVR,RG,3880,145,D,YP,PD,D
13:41:21,UNVR,RG,3880,25,D,CC,PD,D
13:41:21,UNVR,RG,3880,3,D,DR,PD,D
13:41:21,UNVR,RG,3880,1,D,PD,PD,D
13:41:21,UNVR,RG,3880,42,D,YP,PD,D
13:41:13,UNVR,RG,3890,1,D,YP,CC,F
13:41:05,UNVR,RG,3890,20,D,NI,CC,F
13:40:59,UNVR,RG,3890,5,D,PD,CC,F
13:40:41,UNVR,RG,3890,5,D,DH,CC,F
13:40:41,UNVR,RG,3880,8,D,YP,SQ,D
13:40:41,UNVR,RG,3880,30,D,DR,SQ,D
13:40:28,UNVR,RG,3880,20,D,DR,YU,D
13:40:28,UNVR,RG,3880,1,D,CP,YU,D
13:40:28,UNVR,RG,3880,1,D,KK,YU,D
13:40:28,UNVR,RG,3880,20,D,OD,YU,D
13:40:28,UNVR,RG,3880,1,D,NI,YU,D
13:40:28,UNVR,RG,3880,5,D,YP,YU,D
13:40:28,UNVR,RG,3880,1,D,PD,YU,D
13:40:28,UNVR,RG,3880,3,D,HP,YU,D
13:40:28,UNVR,RG,3880,20,D,PD,YU,D
13:40:11,UNVR,RG,3890,1,D,PD,CC,F
13:39:31,UNVR,RG,3890,5,D,DH,CC,F
13:39:28,UNVR,RG,3890,14,D,AI,CC,F
13:39:28,UNVR,RG,3880,5,D,XL,PD,D
13:39:23,UNVR,RG,3880,10,D,XL,KK,D
13:39:21,UNVR,RG,3880,5,D,XL,YU,D
13:39:21,UNVR,RG,3880,10,D,YP,YU,D
13:39:21,UNVR,RG,3880,1,D,NI,YU,D
13:39:21,UNVR,RG,3880,5,D,HD,YU,D
13:39:21,UNVR,RG,3880,4,D,PD,YU,D
13:39:21,UNVR,RG,3880,18,D,XC,YU,D
13:39:21,UNVR,RG,3880,4,D,NI,YU,D
13:39:21,UNVR,RG,3880,2,D,PD,YU,D
13:39:21,UNVR,RG,3880,4,D,XC,YU,D
13:39:21,UNVR,RG,3880,1,D,NI,YU,D
13:39:21,UNVR,RG,3880,5,D,NI,YU,D
13:39:21,UNVR,RG,3880,1,D,YP,YU,D
13:39:21,UNVR,RG,3880,6,D,AT,YU,D
13:39:21,UNVR,RG,3880,1,D,NI,YU,D
13:39:21,UNVR,RG,3880,1,D,YP,YU,D
13:38:21,UNVR,RG,3880,3,D,YP,YU,D
13:38:21,UNVR,RG,3880,20,D,SQ,YU,D
13:38:21,UNVR,RG,3880,1,D,AZ,YU,D
13:38:21,UNVR,RG,3880,47,D,CC,YU,D
13:38:20,UNVR,RG,3890,5,D,DH,CC,F
13:38:17,UNVR,RG,3890,100,D,EP,CC,F
13:37:49,UNVR,RG,3880,2,D,CC,PD,D
13:37:35,UNVR,RG,3880,1,D,CC,PD,D
13:37:35,UNVR,RG,3880,2,D,EP,PD,D
13:37:35,UNVR,RG,3880,7,D,CC,PD,D
13:37:15,UNVR,RG,3880,63,D,CC,YU,D
13:37:15,UNVR,RG,3880,1,D,KK,YU,D
13:37:15,UNVR,RG,3880,3,D,AT,YU,D
13:37:00,UNVR,RG,3890,2,D,NI,CC,F
