Time,Stock,Brd,Price,Qty,BT,BC,SC,ST
15:14:15,UNVR,RG,4620,1,D,YP,PD,D
15:14:12,UNVR,RG,4620,100,D,YP,NI,D
15:14:08,UNVR,RG,4620,2,D,YP,EP,D
15:13:28,UNVR,RG,4620,11,D,YP,GR,D
15:12:30,UNVR,RG,4620,5,D,YP,DX,D
15:12:19,UNVR,RG,4620,2,D,YP,YP,D
15:12:04,UNVR,RG,4620,10,D,YP,CC,D
15:12:01,UNVR,RG,4620,1,D,YP,YP,D
15:11:45,UNVR,RG,4620,2,D,YP,OD,D
15:11:45,UNVR,RG,4620,80,D,PD,OD,D
15:11:45,UNVR,RG,4620,6,D,EP,OD,D
15:11:45,UNVR,RG,4620,1,D,BQ,OD,D
15:11:45,UNVR,RG,4620,4,D,YP,OD,D
15:11:45,UNVR,RG,4620,13,D,EP,OD,D
15:11:45,UNVR,RG,4620,7,D,CC,OD,D
15:11:45,UNVR,RG,4620,2,D,SQ,OD,D
15:11:45,UNVR,RG,4620,10,D,YP,OD,D
15:11:45,UNVR,RG,4620,1,D,KK,OD,D
15:11:45,UNVR,RG,4620,1,D,AZ,OD,D
15:11:45,UNVR,RG,4620,5,D,CC,OD,D
15:11:45,UNVR,RG,4620,25,D,CC,OD,D
15:11:45,UNVR,RG,4620,6,D,EP,OD,D
15:11:41,UNVR,RG,4620,4,D,EP,CC,D
15:11:41,UNVR,RG,4620,2,D,CC,CC,D
15:11:41,UNVR,RG,4620,2,D,PD,CC,D
15:11:41,UNVR,RG,4620,1,D,CC,CC,D
15:11:41,UNVR,RG,4620,1,D,CC,CC,D
15:11:35,UNVR,RG,4620,1,D,CC,XA,D
15:11:35,UNVR,RG,4620,10,D,YP,XA,D
15:11:35,UNVR,RG,4620,10,D,YP,XA,D
15:11:35,UNVR,RG,4620,5,D,XC,XA,D
15:11:35,UNVR,RG,4620,11,D,AT,XA,D
15:11:35,UNVR,RG,4620,13,D,PD,XA,D
15:10:36,UNVR,RG,4620,1,D,PD,XC,D
15:10:26,UNVR,RG,4620,5,D,PD,XC,D
15:10:19,UNVR,RG,4620,1,D,PD,CC,D
15:10:19,UNVR,RG,4620,5,D,YB,CC,D
15:10:19,UNVR,RG,4620,5,D,YP,CC,D
15:10:19,UNVR,RG,4620,5,D,YB,CC,D
15:10:19,UNVR,RG,4620,4,D,ZP,CC,D
15:10:16,UNVR,RG,4620,1,D,ZP,KK,D
15:09:35,UNVR,RG,4620,1,D,ZP,KK,D
15:09:32,UNVR,RG,4620,1,D,ZP,DH,D
15:09:28,UNVR,RG,4620,1,D,ZP,XC,D
15:09:25,UNVR,RG,4620,2,D,ZP,NI,D
15:09:25,UNVR,RG,4620,5,D,KK,KK,D
15:09:25,UNVR,RG,4620,100,D,PD,KK,D
15:09:25,UNVR,RG,4620,1,D,PD,KK,D
15:09:25,UNVR,RG,4620,1,D,YP,KK,D
15:09:25,UNVR,RG,4620,50,D,XA,KK,D
15:09:25,UNVR,RG,4620,5,D,CC,KK,D
15:09:25,UNVR,RG,4620,2,D,XC,KK,D
15:09:25,UNVR,RG,4620,5,D,NI,KK,D
15:09:25,UNVR,RG,4620,331,D,IP,KK,D
15:09:00,UNVR,RG,4620,5,D,IP,CP,D
15:08:57,UNVR,RG,4620,1,D,IP,EP,D
15:08:41,UNVR,RG,4620,3,D,IP,YP,D
15:08:35,UNVR,RG,4620,10,D,IP,XC,D
15:08:35,UNVR,RG,4620,30,D,BQ,XC,D
15:08:27,UNVR,RG,4620,5,D,BQ,SH,D
15:08:15,UNVR,RG,4620,1,D,BQ,PD,D
15:07:54,UNVR,RG,4620,14,D,BQ,NI,D
15:07:54,UNVR,RG,4620,10,D,YP,NI,D
15:07:54,UNVR,RG,4620,10,D,OD,NI,D
15:07:54,UNVR,RG,4620,2,D,YP,NI,D
15:07:54,UNVR,RG,4620,1,D,GR,NI,D
15:07:54,UNVR,RG,4620,1,D,DR,NI,D
15:07:54,UNVR,RG,4620,50,D,DH,NI,D
15:07:54,UNVR,RG,4620,10,D,KK,NI,D
15:07:54,UNVR,RG,4620,15,D,YP,NI,D
15:07:54,UNVR,RG,4620,16,D,IP,NI,D
15:07:44,UNVR,RG,4620,20,D,IP,LG,D
15:07:43,UNVR,RG,4620,1,D,IP,EP,D
15:07:29,UNVR,RG,4620,10,D,IP,GR,D
15:07:07,UNVR,RG,4620,10,D,IP,DR,D
15:07:07,UNVR,RG,4620,1,D,IP,EP,D
15:07:06,UNVR,RG,4620,10,D,IP,AZ,D
15:07:03,UNVR,RG,4620,25,D,IP,NI,D
15:07:02,UNVR,RG,4620,10,D,IP,SQ,D
15:06:44,UNVR,RG,4620,10,D,IP,CC,D
15:06:38,UNVR,RG,4620,1,D,IP,XL,D
15:06:37,UNVR,RG,4620,1,D,IP,YP,D
15:06:31,UNVR,RG,4620,12,D,IP,YP,D
15:06:24,UNVR,RG,4620,50,D,IP,CC,D
15:06:23,UNVR,RG,4620,23,D,IP,YP,D
15:06:23,UNVR,RG,4620,1,D,YP,YP,D
15:06:23,UNVR,RG,4620,30,D,EP,YP,D
15:06:23,UNVR,RG,4620,5,D,YP,YP,D
15:06:23,UNVR,RG,4620,3,D,PD,YP,D
15:06:23,UNVR,RG,4620,21,D,YP,YP,D
15:06:23,UNVR,RG,4620,4,D,YP,YP,D
15:06:23,UNVR,RG,4620,31,D,CC,YP,D
15:06:07,UNVR,RG,4620,3,D,CC,XC,D
15:06:06,UNVR,RG,4620,3,D,CC,SQ,D
15:05:52,UNVR,RG,4620,20,D,CC,SQ,D
15:05:45,UNVR,RG,4620,30,D,CC,CC,D
15:05:38,UNVR,RG,4620,1,D,CC,XC,D
15:05:35,UNVR,RG,4620,16,D,CC,YU,D
15:05:35,UNVR,RG,4620,3,D,XC,YU,D
15:05:35,UNVR,RG,4620,31,D,CC,YU,D
15:05:25,UNVR,RG,4620,4,D,CC,KK,D
15:05:22,UNVR,RG,4620,3,D,CC,SQ,D
15:05:05,UNVR,RG,4620,2,D,CC,YP,D
15:05:04,UNVR,RG,4620,3,D,CC,AG,D
15:05:04,UNVR,RG,4620,4,D,EP,AG,D
15:05:04,UNVR,RG,4620,15,D,YB,AG,D
15:05:04,UNVR,RG,4620,4,D,YP,AG,D
15:05:04,UNVR,RG,4620,1,D,PD,AG,D
15:05:04,UNVR,RG,4620,50,D,DR,AG,D
15:05:04,UNVR,RG,4620,145,D,KK,AG,D
15:04:54,UNVR,RG,4620,9,D,KK,PD,D
15:04:33,UNVR,RG,4620,9,D,KK,PD,D
15:04:32,UNVR,RG,4620,2,D,KK,DH,D
15:04:30,UNVR,RG,4620,2,D,KK,XC,D
15:04:28,UNVR,RG,4620,6,D,KK,XC,D
15:04:19,UNVR,RG,4620,5,D,KK,YP,D
15:04:05,UNVR,RG,4620,1,D,KK,SQ,D
15:04:01,UNVR,RG,4620,25,D,KK,DX,D
15:03:58,UNVR,RG,4620,30,D,KK,CC,D
15:03:51,UNVR,RG,4620,20,D,KK,CC,D
15:03:45,UNVR,RG,4620,15,D,KK,YP,D
15:03:44,UNVR,RG,4620,1,D,KK,YP,D
15:03:43,UNVR,RG,4620,1,D,KK,YP,D
15:03:38,UNVR,RG,4620,1,D,KK,HP,D
15:03:33,UNVR,RG,4620,1,D,KK,YP,D
15:03:32,UNVR,RG,4620,1,D,KK,EP,D
15:03:26,UNVR,RG,4620,1,D,KK,YP,D
15:03:20,UNVR,RG,4620,10,D,KK,YP,D
15:03:19,UNVR,RG,4620,20,D,KK,ZP,D
15:03:18,UNVR,RG,4620,10,D,KK,YP,D
15:03:16,UNVR,RG,4620,3,D,KK,EP,D
15:03:10,UNVR,RG,4620,5,D,KK,PD,D
15:03:05,UNVR,RG,4620,50,D,KK,OD,D
15:02:56,UNVR,RG,4620,25,D,KK,DR,D
15:02:56,UNVR,RG,4620,1,D,KK,BQ,D
15:02:56,UNVR,RG,4620,25,D,KK,CP,D
15:02:56,UNVR,RG,4620,3,D,KK,EP,D
15:02:56,UNVR,RG,4620,20,D,KK,KK,D
15:02:56,UNVR,RG,4620,233,D,KK,EP,D
15:02:55,UNVR,RG,4620,5,D,MK,EP,D
15:02:54,UNVR,RG,4620,1,D,KK,EP,D
15:02:51,UNVR,RG,4620,1,D,PD,EP,D
15:02:50,UNVR,RG,4620,8,D,PD,EP,D
15:02:50,UNVR,RG,4620,8,D,YP,EP,D
15:02:48,UNVR,RG,4620,40,D,GR,EP,D
15:02:45,UNVR,RG,4620,8,D,OD,EP,D
15:02:45,UNVR,RG,4620,1,D,YP,EP,D
15:02:44,UNVR,RG,4620,12,D,EP,EP,D
15:02:42,UNVR,RG,4620,10,D,EP,EP,D
15:02:41,UNVR,RG,4620,3,D,GR,EP,D
15:02:40,UNVR,RG,4620,108,D,YP,EP,D
15:02:40,UNVR,RG,4620,62,D,YP,EP,D
15:02:35,UNVR,RG,4620,26,D,YP,CC,D
15:02:34,UNVR,RG,4620,1,D,YP,LG,D
15:02:34,UNVR,RG,4620,1,D,YP,PD,D
15:02:34,UNVR,RG,4620,50,D,YP,YP,D
15:02:34,UNVR,RG,4620,1,D,YP,XL,D
15:02:34,UNVR,RG,4620,1,D,YP,DH,D
15:02:34,UNVR,RG,4620,2,D,YP,CC,D
15:02:34,UNVR,RG,4620,20,D,YP,MK,D
15:02:34,UNVR,RG,4620,2,D,YP,SQ,D
15:02:34,UNVR,RG,4620,5,D,YP,PD,D
15:02:34,UNVR,RG,4620,1,D,YP,EP,D
15:02:34,UNVR,RG,4620,10,D,YP,DH,D
15:02:34,UNVR,RG,4620,200,D,YP,EP,D
15:02:34,UNVR,RG,4620,118,D,YP,MG,D
15:02:32,UNVR,RG,4620,1,D,KK,MG,D
15:02:32,UNVR,RG,4620,10,D,PD,MG,D
15:02:32,UNVR,RG,4620,100,D,YP,MG,D
15:02:31,UNVR,RG,4620,771,D,YP,MG,D
15:02:31,UNVR,RG,4620,1,D,YP,XL,D
15:02:31,UNVR,RG,4620,200,D,YP,NI,D
15:02:31,UNVR,RG,4620,1,D,YP,GR,D
15:02:31,UNVR,RG,4620,27,D,YP,KK,D
15:02:30,UNVR,RG,4620,5,D,CC,KK,D
15:02:30,UNVR,RG,4620,18,D,XL,KK,D
15:02:30,UNVR,RG,4620,7,D,XL,NI,D
15:02:29,UNVR,RG,4620,3,D,KK,NI,D
15:02:29,UNVR,RG,4620,10,D,KK,YP,D
15:02:29,UNVR,RG,4620,2,D,KK,YP,D
15:02:29,UNVR,RG,4620,1,D,KK,CC,D
15:02:29,UNVR,RG,4620,2,D,KK,DR,D
15:02:29,UNVR,RG,4620,50,D,KK,YP,D
15:02:29,UNVR,RG,4620,1,D,KK,XC,D
15:02:29,UNVR,RG,4620,1,D,KK,PD,D
15:02:29,UNVR,RG,4620,1,D,KK,PD,D
15:02:29,UNVR,RG,4620,3,D,KK,BQ,D
15:02:29,UNVR,RG,4620,1,D,KK,PD,D
15:02:29,UNVR,RG,4620,5,D,KK,KK,D
15:02:29,UNVR,RG,4620,30,D,KK,YU,D
15:02:29,UNVR,RG,4620,10,D,KK,YP,D
15:02:29,UNVR,RG,4620,28,D,KK,PD,D
15:02:29,UNVR,RG,4620,2,D,KK,DR,D
15:02:29,UNVR,RG,4620,1,D,KK,KK,D
15:02:29,UNVR,RG,4620,30,D,KK,CC,D
15:02:29,UNVR,RG,4620,1,D,KK,NI,D
15:02:29,UNVR,RG,4620,9,D,KK,PD,D
15:02:29,UNVR,RG,4620,9,D,KK,YP,D
15:02:29,UNVR,RG,4620,10,D,YP,YP,D
15:02:26,UNVR,RG,4620,10,D,HP,YP,D
15:02:25,UNVR,RG,4620,61,D,YP,YP,D
15:02:25,UNVR,RG,4620,5,D,YP,RO,D
15:02:25,UNVR,RG,4620,34,D,YP,XL,D
15:02:23,UNVR,RG,4620,2,D,XC,XL,D
15:02:23,UNVR,RG,4620,10,D,YP,XL,D
15:02:21,UNVR,RG,4620,1,D,PD,XL,D
15:02:10,UNVR,RG,4620,1,D,YP,XL,D
15:02:02,UNVR,RG,4620,100,D,MG,XL,D
15:01:55,UNVR,RG,4620,5,D,KK,XL,D
15:01:54,UNVR,RG,4620,1,D,YP,XL,D
15:01:54,UNVR,RG,4620,10,D,YP,KK,D
15:01:54,UNVR,RG,4620,9,D,YP,YU,D
15:01:50,UNVR,RG,4620,5,D,YP,YU,D
15:01:49,UNVR,RG,4620,10,D,MK,YU,D
15:01:49,UNVR,RG,4620,10,D,MK,YU,D
15:01:49,UNVR,RG,4620,44,D,CC,YU,D
15:01:49,UNVR,RG,4620,2,D,CC,XL,D
15:01:49,UNVR,RG,4620,4,D,CC,YP,D
15:01:47,UNVR,RG,4620,2,D,YP,PD,D
15:01:47,UNVR,RG,4620,8,D,YP,YB,D
15:01:46,UNVR,RG,4620,92,D,SQ,YB,D
15:01:46,UNVR,RG,4620,25,D,SQ,CP,D
15:01:46,UNVR,RG,4620,4,D,SQ,CC,D
15:01:46,UNVR,RG,4620,5,D,SQ,XC,D
15:01:46,UNVR,RG,4620,10,D,SQ,CC,D
15:01:46,UNVR,RG,4620,5,D,SQ,OD,D
15:01:46,UNVR,RG,4620,10,D,SQ,KK,D
15:01:46,UNVR,RG,4620,1,D,SQ,CC,D
15:01:46,UNVR,RG,4620,10,D,SQ,CC,D
15:01:46,UNVR,RG,4620,21,D,SQ,PD,D
15:01:46,UNVR,RG,4620,60,D,SQ,OD,D
15:01:46,UNVR,RG,4620,57,D,SQ,FZ,D
15:01:44,UNVR,RG,4620,5,D,YP,FZ,D
15:01:44,UNVR,RG,4620,20,D,YP,FZ,D
15:01:43,UNVR,RG,4620,18,D,XL,FZ,D
15:01:43,UNVR,RG,4620,3,D,XL,DH,D
15:01:43,UNVR,RG,4620,4,D,XL,YP,D
15:01:40,UNVR,RG,4620,1,D,YP,YP,D
15:01:40,UNVR,RG,4620,4,D,YP,YP,D
15:01:40,UNVR,RG,4620,1,D,NI,YP,D
15:01:40,UNVR,RG,4620,1,D,NI,EP,D
15:01:40,UNVR,RG,4620,6,D,NI,PD,D
15:01:40,UNVR,RG,4620,3,D,NI,DR,D
15:01:39,UNVR,RG,4620,7,D,XA,DR,D
15:01:39,UNVR,RG,4620,31,D,XA,SQ,D
15:01:39,UNVR,RG,4620,5,D,YP,SQ,D
15:01:37,UNVR,RG,4620,4,D,YP,SQ,D
15:01:37,UNVR,RG,4620,14,D,YP,YB,D
15:01:29,UNVR,RG,4620,10,D,YP,YB,D
15:01:28,UNVR,RG,4620,1,D,CC,YB,D
15:01:28,UNVR,RG,4620,5,D,CC,BQ,D
15:01:28,UNVR,RG,4620,4,D,CC,PD,D
15:01:23,UNVR,RG,4620,5,D,YP,PD,D
15:01:17,UNVR,RG,4620,3,D,KK,PD,D
15:01:09,UNVR,RG,4620,13,D,EP,PD,D
15:01:09,UNVR,RG,4620,10,D,EP,YP,D
15:01:09,UNVR,RG,4620,9,D,EP,DX,D
15:01:02,UNVR,RG,4620,1,D,OD,DX,D
15:01:02,UNVR,RG,4620,20,D,OD,PD,D
15:01:02,UNVR,RG,4620,1,D,OD,XC,D
15:01:02,UNVR,RG,4620,1,D,OD,XC,D
15:01:02,UNVR,RG,4620,4,D,OD,YP,D
15:01:02,UNVR,RG,4620,1,D,OD,YP,D
15:01:02,UNVR,RG,4620,5,D,OD,XA,D
15:01:02,UNVR,RG,4620,50,D,OD,EP,D
15:01:02,UNVR,RG,4620,1,D,OD,XC,D
15:01:02,UNVR,RG,4620,1,D,OD,TP,D
15:01:02,UNVR,RG,4620,10,D,OD,PD,D
15:01:02,UNVR,RG,4620,5,D,OD,YP,D
15:01:00,UNVR,RG,4620,2,D,XA,YP,D
15:01:00,UNVR,RG,4620,1,D,YB,YP,D
15:00:00,UNVR,RG,4620,9,D,CC,YP,D
15:00:00,UNVR,RG,4620,1,D,CC,SQ,D
15:00:00,UNVR,RG,4620,1,D,YP,GR,D
15:00:00,UNVR,RG,4620,4,D,CC,GR,D
15:00:00,UNVR,RG,4620,20,D,SQ,GR,D
15:00:00,UNVR,RG,4620,10,D,SQ,KK,D
15:00:00,UNVR,RG,4620,10,D,SQ,KI,D
15:00:00,UNVR,RG,4620,1,D,SQ,XC,D
15:00:00,UNVR,RG,4620,4,D,SQ,NI,D
15:00:00,UNVR,RG,4620,5,D,SQ,PD,D
15:00:00,UNVR,RG,4620,2,D,SQ,YP,D
15:00:00,UNVR,RG,4620,48,D,SQ,CP,D
15:00:00,UNVR,RG,4620,30,D,KK,CP,D
15:00:00,UNVR,RG,4620,3,D,XA,CP,D
15:00:00,UNVR,RG,4620,16,D,YB,CP,D
15:00:00,UNVR,RG,4620,26,D,NI,CP,D
15:00:00,UNVR,RG,4620,3,D,YB,CP,D
15:00:00,UNVR,RG,4620,250,D,YP,CP,D
15:00:00,UNVR,RG,4620,124,D,YP,CP,D
15:00:00,UNVR,RG,4620,20,D,YP,SQ,D
15:00:00,UNVR,RG,4620,2,D,YP,YB,D
15:00:00,UNVR,RG,4620,5,D,YP,KK,D
15:00:00,UNVR,RG,4620,10,D,YP,PD,D
15:00:00,UNVR,RG,4620,3,D,YP,YP,D
15:00:00,UNVR,RG,4620,5,D,YP,GR,D
15:00:00,UNVR,RG,4620,1,D,YP,AZ,D
15:00:00,UNVR,RG,4620,10,D,YP,AR,D
15:00:00,UNVR,RG,4620,1,D,YP,YU,D
15:00:00,UNVR,RG,4620,19,D,YP,CC,D
15:00:00,UNVR,RG,4620,1,D,CP,CC,D
15:00:00,UNVR,RG,4620,10,D,YP,CC,D
15:00:00,UNVR,RG,4620,1,D,YP,CC,D
15:00:00,UNVR,RG,4620,1,D,YP,CC,D
15:00:00,UNVR,RG,4620,3,D,DR,CC,D
15:00:00,UNVR,RG,4620,5,D,CC,CC,D
15:00:00,UNVR,RG,4620,50,D,CC,CC,D
15:00:00,UNVR,RG,4620,4,D,DR,CC,D
15:00:00,UNVR,RG,4620,1,D,YB,CC,D
15:00:00,UNVR,RG,4620,5,D,YU,CC,D
15:00:00,UNVR,RG,4620,36,D,YU,CP,D
15:00:00,UNVR,RG,4620,64,D,PD,CP,D
15:00:00,UNVR,RG,4620,10,D,PD,PD,D
15:00:00,UNVR,RG,4620,5,D,PD,XC,D
15:00:00,UNVR,RG,4620,5,D,PD,PD,D
15:00:00,UNVR,RG,4620,10,D,PD,YP,D
15:00:00,UNVR,RG,4620,2,D,PD,PD,D
15:00:00,UNVR,RG,4620,5,D,PD,PD,D
15:00:00,UNVR,RG,4620,1,D,PD,XC,D
15:00:00,UNVR,RG,4620,5,D,PD,PD,D
15:00:00,UNVR,RG,4620,35,D,YB,KK,D
15:00:00,UNVR,RG,4620,10,F,YU,KK,D
15:00:00,UNVR,RG,4620,5,F,YU,KK,D
15:00:00,UNVR,RG,4620,1,F,YU,YP,D
15:00:00,UNVR,RG,4620,2,F,YU,YP,D
15:00:00,UNVR,RG,4620,1000,F,YU,LG,D
15:00:00,UNVR,RG,4620,100,F,YU,YP,D
15:00:00,UNVR,RG,4620,2,F,YU,YP,D
15:00:00,UNVR,RG,4620,10,F,YU,NI,D
15:00:00,UNVR,RG,4620,6,F,YU,PD,D
15:00:00,UNVR,RG,4620,6,F,YU,PD,D
15:00:00,UNVR,RG,4620,10,F,YU,YB,D
15:00:00,UNVR,RG,4620,1,F,YU,PD,D
15:00:00,UNVR,RG,4620,1,F,YU,KK,D
15:00:00,UNVR,RG,4620,69,F,YU,TP,D
15:00:00,UNVR,RG,4620,5,D,HP,TP,D
15:00:00,UNVR,RG,4620,1,F,ZP,TP,D
15:00:00,UNVR,RG,4620,11,F,ZP,TP,D
15:00:00,UNVR,RG,4620,139,F,ZP,TP,D
15:00:00,UNVR,RG,4620,1,F,ZP,YP,D
15:00:00,UNVR,RG,4620,112,F,ZP,DR,D
15:00:00,UNVR,RG,4620,88,F,KZ,DR,D
15:00:00,UNVR,RG,4620,105,F,KZ,DR,D
15:00:00,UNVR,RG,4620,100,F,KZ,NI,D
15:00:00,UNVR,RG,4620,100,F,KZ,NI,D
15:00:00,UNVR,RG,4620,100,F,KZ,YB,D
15:00:00,UNVR,RG,4620,100,F,KZ,NI,D
15:00:00,UNVR,RG,4620,100,F,KZ,NI,D
15:00:00,UNVR,RG,4620,75,F,KZ,NI,D
15:00:00,UNVR,RG,4620,25,F,KZ,NI,D
15:00:00,UNVR,RG,4620,3,F,KZ,BQ,D
15:00:00,UNVR,RG,4620,50,F,KZ,DR,D
15:00:00,UNVR,RG,4620,10,F,KZ,CC,D
15:00:00,UNVR,RG,4620,5,F,KZ,XC,D
15:00:00,UNVR,RG,4620,3,F,KZ,YB,D
15:00:00,UNVR,RG,4620,50,F,KZ,YP,D
15:00:00,UNVR,RG,4620,100,F,KZ,YP,D
15:00:00,UNVR,RG,4620,20,F,KZ,GR,D
15:00:00,UNVR,RG,4620,10,F,KZ,PD,D
15:00:00,UNVR,RG,4620,1,F,KZ,YP,D
15:00:00,UNVR,RG,4620,28,F,KZ,BQ,D
15:00:00,UNVR,RG,4620,10,F,KZ,PD,D
15:00:00,UNVR,RG,4620,6,F,KZ,EP,D
15:00:00,UNVR,RG,4620,5,F,KZ,BQ,D
15:00:00,UNVR,RG,4620,10,F,KZ,YP,D
15:00:00,UNVR,RG,4620,1,F,KZ,KK,D
15:00:00,UNVR,RG,4620,30,F,KZ,CC,D
15:00:00,UNVR,RG,4620,5,F,KZ,MK,D
15:00:00,UNVR,RG,4620,25,F,KZ,AZ,D
15:00:00,UNVR,RG,4620,20,F,KZ,CP,D
15:00:00,UNVR,RG,4620,50,F,KZ,YP,D
15:00:00,UNVR,RG,4620,23,F,KZ,MK,D
15:00:00,UNVR,RG,4620,1,F,KZ,LG,D
15:00:00,UNVR,RG,4620,70,F,KZ,EP,D
15:00:00,UNVR,RG,4620,11,F,KZ,XL,D
15:00:00,UNVR,RG,4620,15,F,KZ,PD,D
15:00:00,UNVR,RG,4620,25,F,KZ,YP,D
15:00:00,UNVR,RG,4620,25,F,ZP,YP,D
15:00:00,UNVR,RG,4620,50,F,ZP,MK,D
15:00:00,UNVR,RG,4620,3,F,ZP,CC,D
15:00:00,UNVR,RG,4620,2,F,ZP,YP,D
15:00:00,UNVR,RG,4620,5,F,ZP,KK,D
15:00:00,UNVR,RG,4620,1,F,ZP,XC,D
15:00:00,UNVR,RG,4620,25,F,ZP,YP,D
15:00:00,UNVR,RG,4620,36,F,ZP,CC,D
15:00:00,UNVR,RG,4620,20,F,ZP,YP,D
15:00:00,UNVR,RG,4620,10,F,ZP,CC,D
15:00:00,UNVR,RG,4620,1,F,ZP,DR,D
15:00:00,UNVR,RG,4620,5,F,ZP,NI,D
15:00:00,UNVR,RG,4620,5,F,ZP,SQ,D
15:00:00,UNVR,RG,4620,13,F,ZP,XL,D
15:00:00,UNVR,RG,4620,1,F,ZP,XC,D
15:00:00,UNVR,RG,4620,2,F,ZP,CC,D
15:00:00,UNVR,RG,4620,1,F,ZP,DR,D
15:00:00,UNVR,RG,4620,100,F,ZP,YB,D
15:00:00,UNVR,RG,4620,1,F,ZP,CC,D
15:00:00,UNVR,RG,4620,1,F,ZP,YP,D
15:00:00,UNVR,RG,4620,8,F,ZP,PD,D
15:00:00,UNVR,RG,4620,1,F,ZP,YP,D
15:00:00,UNVR,RG,4620,10,F,ZP,CC,D
15:00:00,UNVR,RG,4620,80,F,ZP,EP,D
15:00:00,UNVR,RG,4620,1,F,ZP,CC,D
15:00:00,UNVR,RG,4620,20,F,ZP,CC,D
15:00:00,UNVR,RG,4620,10,F,ZP,YP,D
15:00:00,UNVR,RG,4620,5,F,ZP,SQ,D
15:00:00,UNVR,RG,4620,10,F,ZP,PD,D
15:00:00,UNVR,RG,4620,1,F,ZP,YB,D
15:00:00,UNVR,RG,4620,10,F,ZP,CC,D
15:00:00,UNVR,RG,4620,1,F,ZP,XC,D
15:00:00,UNVR,RG,4620,2,F,ZP,NI,D
15:00:00,UNVR,RG,4620,295,F,ZP,YP,D
15:00:00,UNVR,RG,4620,40,F,ZP,KK,D
15:00:00,UNVR,RG,4620,1,F,ZP,PD,D
15:00:00,UNVR,RG,4620,5,F,ZP,YP,D
15:00:00,UNVR,RG,4620,100,F,ZP,YP,D
15:00:00,UNVR,RG,4620,1,F,ZP,XC,D
15:00:00,UNVR,RG,4620,2,F,ZP,CC,D
15:00:00,UNVR,RG,4620,10,F,ZP,CC,D
15:00:00,UNVR,RG,4620,1,F,ZP,PD,D
15:00:00,UNVR,RG,4620,1,F,ZP,EP,D
15:00:00,UNVR,RG,4620,10,F,ZP,CC,D
15:00:00,UNVR,RG,4620,4,F,ZP,XC,D
15:00:00,UNVR,RG,4620,2,F,ZP,XC,D
15:00:00,UNVR,RG,4620,3,F,ZP,PD,D
15:00:00,UNVR,RG,4620,10,F,ZP,YP,D
15:00:00,UNVR,RG,4620,3,F,ZP,CC,D
15:00:00,UNVR,RG,4620,10,F,ZP,YP,D
15:00:00,UNVR,RG,4620,2,F,ZP,YP,D
15:00:00,UNVR,RG,4620,1,F,ZP,CC,D
15:00:00,UNVR,RG,4620,3,F,ZP,YP,D
15:00:00,UNVR,RG,4620,20,F,ZP,PD,D
15:00:00,UNVR,RG,4620,70,F,ZP,CC,D
15:00:00,UNVR,RG,4620,122,F,ZP,MK,D
15:00:00,UNVR,RG,4620,1100,F,ZP,MK,D
15:00:00,UNVR,RG,4620,2,F,ZP,YP,D
15:00:00,UNVR,RG,4620,211,F,ZP,CC,D
15:00:00,UNVR,RG,4620,89,F,ZP,CC,D
15:00:00,UNVR,RG,4620,7,F,ZP,DR,D
15:00:00,UNVR,RG,4620,22,F,ZP,YP,D
15:00:00,UNVR,RG,4620,1,F,ZP,YP,D
15:00:00,UNVR,RG,4620,10,F,ZP,DH,D
15:00:00,UNVR,RG,4620,20,F,ZP,XC,D
15:00:00,UNVR,RG,4620,5,F,ZP,XL,D
15:00:00,UNVR,RG,4620,10,F,ZP,KI,D
15:00:00,UNVR,RG,4620,10,F,ZP,BS,D
15:00:00,UNVR,RG,4620,1,F,ZP,PD,D
15:00:00,UNVR,RG,4620,25,F,ZP,PD,D
15:00:00,UNVR,RG,4620,15,F,ZP,YP,D
15:00:00,UNVR,RG,4620,5,F,ZP,PD,D
15:00:00,UNVR,RG,4620,2,F,ZP,YB,D
15:00:00,UNVR,RG,4620,2,F,ZP,MK,D
15:00:00,UNVR,RG,4620,98,F,BK,MK,D
15:00:00,UNVR,RG,4620,3,F,BK,YP,D
15:00:00,UNVR,RG,4620,1,F,BK,XC,D
15:00:00,UNVR,RG,4620,220,F,BK,MK,D
15:00:00,UNVR,RG,4620,220,F,BK,MK,D
15:00:00,UNVR,RG,4620,1890,F,BK,MK,D
15:00:00,UNVR,RG,4620,1,F,BK,AZ,D
15:00:00,UNVR,RG,4620,1125,F,BK,MK,D
15:00:00,UNVR,RG,4620,174,F,BK,MK,D
15:00:00,UNVR,RG,4620,261,F,BK,MK,D
15:00:00,UNVR,RG,4620,1340,F,BK,MK,D
15:00:00,UNVR,RG,4620,3,F,BK,XL,D
15:00:00,UNVR,RG,4620,2,F,BK,PD,D
15:00:00,UNVR,RG,4620,5,F,BK,CC,D
15:00:00,UNVR,RG,4620,2,F,BK,GR,D
15:00:00,UNVR,RG,4620,2,F,BK,SQ,D
15:00:00,UNVR,RG,4620,100,F,BK,MG,D
15:00:00,UNVR,RG,4620,190,F,BK,SQ,D
15:00:00,UNVR,RG,4620,810,F,BK,SQ,D
15:00:00,UNVR,RG,4620,1,F,BK,XC,D
15:00:00,UNVR,RG,4620,200,F,BK,OD,D
15:00:00,UNVR,RG,4620,2,F,BK,YP,D
15:00:00,UNVR,RG,4620,3,F,BK,BQ,D
15:00:00,UNVR,RG,4620,1,F,BK,PD,D
15:00:00,UNVR,RG,4620,1,F,BK,EP,D
15:00:00,UNVR,RG,4620,3,F,BK,CC,D
15:00:00,UNVR,RG,4620,110,F,BK,AZ,D
15:00:00,UNVR,RG,4620,28,F,BK,NI,D
15:00:00,UNVR,RG,4620,289,F,BK,PD,D
15:00:00,UNVR,RG,4620,11,D,CS,PD,D
15:00:00,UNVR,RG,4620,37,D,CS,YP,D
15:00:00,UNVR,RG,4620,102,F,CS,YP,D
15:00:00,UNVR,RG,4620,151,F,ZP,YP,D
15:00:00,UNVR,RG,4620,10,F,ZP,NI,D
15:00:00,UNVR,RG,4620,1,F,ZP,XC,D
15:00:00,UNVR,RG,4620,2,F,ZP,KK,D
15:00:00,UNVR,RG,4620,50,F,ZP,NI,D
15:00:00,UNVR,RG,4620,20,F,ZP,KK,D
15:00:00,UNVR,RG,4620,2,F,ZP,XC,D
15:00:00,UNVR,RG,4620,3,F,ZP,CC,D
15:00:00,UNVR,RG,4620,5,F,ZP,DH,D
15:00:00,UNVR,RG,4620,3,F,ZP,KK,D
15:00:00,UNVR,RG,4620,2,F,ZP,PD,D
15:00:00,UNVR,RG,4620,1,F,ZP,XC,D
15:00:00,UNVR,RG,4620,9,F,ZP,PD,D
15:00:00,UNVR,RG,4620,17,F,ZP,YP,D
15:00:00,UNVR,RG,4620,133,F,ZP,CC,D
15:00:00,UNVR,RG,4620,433,F,CS,CC,D
15:00:00,UNVR,RG,4620,434,F,AK,CC,D
15:00:00,UNVR,RG,4620,5,F,AK,NI,D
15:00:00,UNVR,RG,4620,3,F,AK,GR,D
15:00:00,UNVR,RG,4620,1,F,AK,CC,D
15:00:00,UNVR,RG,4620,4,F,AK,PD,D
15:00:00,UNVR,RG,4620,1,F,AK,HP,D
15:00:00,UNVR,RG,4620,12,F,AK,PD,D
15:00:00,UNVR,RG,4620,5,F,AK,BQ,D
15:00:00,UNVR,RG,4620,1,F,AK,SQ,D
15:00:00,UNVR,RG,4620,22,F,AK,YU,D
15:00:00,UNVR,RG,4620,6,F,AK,CC,D
15:00:00,UNVR,RG,4620,2,F,AK,CP,D
15:00:00,UNVR,RG,4620,30,F,AK,CC,D
15:00:00,UNVR,RG,4620,8,F,AK,CC,D
15:00:00,UNVR,RG,4620,2,F,AK,XC,D
15:00:00,UNVR,RG,4620,1,F,AK,PD,D
15:00:00,UNVR,RG,4620,20,F,AK,AI,D
15:00:00,UNVR,RG,4620,10,F,AK,DR,D
15:00:00,UNVR,RG,4620,6,F,AK,YP,D
15:00:00,UNVR,RG,4620,8,F,AK,YP,D
15:00:00,UNVR,RG,4620,10,F,AK,AT,D
15:00:00,UNVR,RG,4620,50,F,AK,DR,D
15:00:00,UNVR,RG,4620,100,F,AK,LG,D
15:00:00,UNVR,RG,4620,10,F,AK,GR,D
15:00:00,UNVR,RG,4620,2,F,AK,YU,F
15:00:00,UNVR,RG,4620,2,F,AK,CC,D
15:00:00,UNVR,RG,4620,8,F,AK,DR,D
15:00:00,UNVR,RG,4620,10,F,AK,DX,D
15:00:00,UNVR,RG,4620,60,F,AK,AI,D
15:00:00,UNVR,RG,4620,200,F,AK,YP,D
15:00:00,UNVR,RG,4620,1,F,AK,XC,D
15:00:00,UNVR,RG,4620,100,F,AK,YP,D
15:00:00,UNVR,RG,4620,218,F,AK,YP,D
15:00:00,UNVR,RG,4620,5,F,AK,YP,D
15:00:00,UNVR,RG,4620,200,F,AK,YJ,D
15:00:00,UNVR,RG,4620,4,F,AK,XL,D
15:00:00,UNVR,RG,4620,10,F,AK,YP,D
15:00:00,UNVR,RG,4620,5,F,AK,YP,D
15:00:00,UNVR,RG,4620,12,F,AK,DR,D
15:00:00,UNVR,RG,4620,222,F,AK,BK,F
15:00:00,UNVR,RG,4620,87,F,AK,BK,F
15:00:00,UNVR,RG,4620,1,F,AK,YP,D
15:00:00,UNVR,RG,4620,5,F,AK,YU,D
15:00:00,UNVR,RG,4620,30,F,AK,CC,D
15:00:00,UNVR,RG,4620,40,F,AK,CC,D
15:00:00,UNVR,RG,4620,2,F,AK,CP,D
15:00:00,UNVR,RG,4620,5,F,AK,AG,D
15:00:00,UNVR,RG,4620,30,F,AK,CC,D
15:00:00,UNVR,RG,4620,20,F,AK,YP,D
15:00:00,UNVR,RG,4620,2,F,AK,HP,D
15:00:00,UNVR,RG,4620,1,F,AK,YP,D
15:00:00,UNVR,RG,4620,457,F,AK,AT,D
15:00:00,UNVR,RG,4620,143,F,AK,AT,D
15:00:00,UNVR,RG,4620,1,F,AK,DR,D
15:00:00,UNVR,RG,4620,2,F,AK,YP,D
15:00:00,UNVR,RG,4620,86,F,AK,ZP,F
15:00:00,UNVR,RG,4620,125,F,ZP,ZP,F
15:00:00,UNVR,RG,4620,14,F,YU,ZP,F
15:00:00,UNVR,RG,4620,286,F,YU,ZP,F
15:00:00,UNVR,RG,4620,725,F,YU,CD,D
15:00:00,UNVR,RG,4620,55,F,YU,AK,F
15:00:00,UNVR,RG,4620,8,F,YU,YU,F
15:00:00,UNVR,RG,4620,937,F,YU,AK,F
15:00:00,UNVR,RG,4620,30,D,YU,AK,F
15:00:00,UNVR,RG,4620,118,D,CC,AK,F
15:00:00,UNVR,RG,4620,6,D,CC,BK,F
15:00:00,UNVR,RG,4620,22,D,CC,BB,D
15:00:00,UNVR,RG,4620,257,D,CC,YU,F
15:00:00,UNVR,RG,4620,4,D,CC,ZP,D
15:00:00,UNVR,RG,4620,7,D,CC,YU,D
15:00:00,UNVR,RG,4620,4,D,CC,YU,F
15:00:00,UNVR,RG,4620,32,D,CC,YU,F
15:00:00,UNVR,RG,4620,469,D,DX,YU,F
15:00:00,UNVR,RG,4620,260,D,CC,YU,F
15:00:00,UNVR,RG,4620,40,D,ZP,YU,F
14:49:59,UNVR,RG,4600,250,D,SQ,LG,D
14:49:58,UNVR,RG,4610,2,F,ZP,MK,D
14:49:58,UNVR,RG,4600,1,D,SQ,AK,F
14:49:58,UNVR,RG,4600,5,D,SQ,KK,D
14:49:57,UNVR,RG,4610,1,F,ZP,MK,D
14:49:57,UNVR,RG,4610,15,F,ZP,MK,D
14:49:56,UNVR,RG,4610,1,F,AK,MK,D
14:49:56,UNVR,RG,4600,85,D,SQ,FS,D
14:49:56,UNVR,RG,4600,1,F,AK,FS,D
14:49:56,UNVR,RG,4600,14,F,ZP,FS,D
14:49:56,UNVR,RG,4600,1,F,ZP,PD,D
14:49:53,UNVR,RG,4610,1,F,AK,MK,D
14:49:53,UNVR,RG,4610,1,F,AK,MK,D
14:49:53,UNVR,RG,4610,34,F,ZP,MK,D
14:49:52,UNVR,RG,4610,5,F,ZP,MK,D
14:49:52,UNVR,RG,4610,6,F,ZP,MK,D
14:49:51,UNVR,RG,4610,9,F,ZP,MK,D
14:49:50,UNVR,RG,4610,105,D,OD,MK,D
14:49:44,UNVR,RG,4610,80,F,ZP,MK,D
14:49:41,UNVR,RG,4610,2,F,ZP,MK,D
14:49:40,UNVR,RG,4600,3,F,ZP,DR,D
14:49:38,UNVR,RG,4610,2,D,XC,MK,D
14:49:35,UNVR,RG,4600,10,F,ZP,EP,D
14:49:32,UNVR,RG,4600,14,D,XL,XC,D
14:49:29,UNVR,RG,4600,140,D,XL,PD,D
14:49:29,UNVR,RG,4600,21,D,YP,PD,D
14:49:29,UNVR,RG,4600,5,D,YP,PD,D
14:49:29,UNVR,RG,4600,3,F,AK,PD,D
14:49:29,UNVR,RG,4600,9,D,YP,PD,D
14:49:29,UNVR,RG,4600,1,D,PD,PD,D
14:49:29,UNVR,RG,4600,2,F,AK,PD,D
14:49:29,UNVR,RG,4600,19,D,CC,PD,D
14:49:24,UNVR,RG,4600,15,D,CC,YU,F
14:49:21,UNVR,RG,4600,2,D,CC,NI,D
14:49:19,UNVR,RG,4600,27,D,CC,YU,F
14:49:18,UNVR,RG,4600,37,D,CC,CC,D
14:49:18,UNVR,RG,4600,5,D,YP,CC,D
14:49:18,UNVR,RG,4600,82,F,BK,CC,D
14:49:18,UNVR,RG,4600,109,F,BK,CC,D
14:49:18,UNVR,RG,4600,11,D,RX,CC,D
14:49:18,UNVR,RG,4600,12,F,ZP,CC,D
14:49:18,UNVR,RG,4600,119,F,ZP,CC,D
14:49:18,UNVR,RG,4600,2,D,YP,CC,D
14:49:18,UNVR,RG,4600,53,D,YB,CC,D
14:49:15,UNVR,RG,4600,20,D,YB,YU,F
14:49:11,UNVR,RG,4610,7,F,BK,MK,D
14:49:11,UNVR,RG,4610,22,F,ZP,MK,D
14:49:11,UNVR,RG,4610,130,F,ZP,MK,D
14:49:05,UNVR,RG,4610,10,F,ZP,MK,D
14:49:05,UNVR,RG,4610,5,F,ZP,BQ,D
14:49:05,UNVR,RG,4610,7,F,ZP,HP,D
14:49:05,UNVR,RG,4600,27,D,YB,YU,F
14:49:05,UNVR,RG,4600,1,D,YB,YU,F
14:49:05,UNVR,RG,4600,10,D,CC,YU,F
14:49:05,UNVR,RG,4600,5,D,KK,YU,F
14:49:05,UNVR,RG,4600,13,D,YP,YU,F
14:49:05,UNVR,RG,4600,1,D,YP,AK,F
14:49:05,UNVR,RG,4600,1,D,YP,CC,D
14:49:05,UNVR,RG,4600,30,D,YP,DR,D
14:49:04,UNVR,RG,4600,3,F,ZP,DR,D
14:49:04,UNVR,RG,4600,3,F,ZP,DR,D
14:49:04,UNVR,RG,4600,7,F,ZP,DR,D
14:49:04,UNVR,RG,4600,31,F,ZP,DR,D
14:49:04,UNVR,RG,4600,10,F,ZP,DR,D
14:49:04,UNVR,RG,4600,37,F,ZP,DR,D
14:49:04,UNVR,RG,4600,8,F,ZP,DR,D
14:49:04,UNVR,RG,4600,5,F,ZP,DR,D
14:49:04,UNVR,RG,4600,5,F,ZP,DR,D
14:49:03,UNVR,RG,4600,361,F,BK,DR,D
14:49:03,UNVR,RG,4600,20,F,BK,LG,D
14:49:03,UNVR,RG,4600,50,F,BK,CC,D
14:49:03,UNVR,RG,4600,2,F,BK,TP,D
14:49:03,UNVR,RG,4600,2,F,BK,XL,D
14:49:03,UNVR,RG,4600,13,F,BK,YU,F
14:49:03,UNVR,RG,4600,10,F,BK,PD,D
14:49:03,UNVR,RG,4600,10,F,BK,AT,D
14:49:03,UNVR,RG,4600,200,F,BK,NI,D
14:49:03,UNVR,RG,4600,1,F,BK,XC,D
14:49:03,UNVR,RG,4600,1,F,BK,CC,D
14:49:03,UNVR,RG,4600,10,F,BK,BQ,D
14:49:03,UNVR,RG,4600,10,F,BK,CC,D
14:49:03,UNVR,RG,4600,1,F,BK,AK,F
14:49:03,UNVR,RG,4600,2,F,BK,CC,D
14:49:03,UNVR,RG,4600,32,F,BK,TP,D
14:49:02,UNVR,RG,4600,269,F,BK,TP,D
14:49:02,UNVR,RG,4600,2,F,BK,AK,F
14:49:02,UNVR,RG,4600,6,F,BK,PD,D
14:49:02,UNVR,RG,4600,1,F,BK,CC,D
14:49:02,UNVR,RG,4600,1,F,BK,BK,F
14:49:02,UNVR,RG,4600,142,F,BK,YJ,D
14:49:01,UNVR,RG,4600,20,F,BK,YJ,D
14:49:00,UNVR,RG,4600,2,D,CC,YJ,D
14:49:00,UNVR,RG,4600,15,F,YU,YJ,D
14:48:59,UNVR,RG,4600,14,F,BK,YJ,D
14:48:57,UNVR,RG,4600,7,F,BK,YJ,D
14:48:57,UNVR,RG,4600,25,F,BK,CP,D
14:48:57,UNVR,RG,4590,5,D,CC,YU,F
14:48:57,UNVR,RG,4590,1,D,XC,YU,F
14:48:57,UNVR,RG,4590,1,D,YB,YU,F
14:48:57,UNVR,RG,4590,1,D,EP,YU,F
14:48:57,UNVR,RG,4590,20,D,EP,YU,F
14:48:52,UNVR,RG,4600,32,F,BK,CP,D
14:48:50,UNVR,RG,4600,1,D,PD,CP,D
14:48:50,UNVR,RG,4600,1,D,PD,CP,D
14:48:50,UNVR,RG,4600,33,D,PD,CP,D
14:48:47,UNVR,RG,4600,36,F,BK,CP,D
14:48:43,UNVR,RG,4600,30,D,PD,CP,D
14:48:43,UNVR,RG,4600,1,D,YP,CP,D
14:48:42,UNVR,RG,4600,1,D,CC,CP,D
14:48:42,UNVR,RG,4590,39,D,EP,YU,F
14:48:42,UNVR,RG,4600,17,F,BK,CP,D
14:48:37,UNVR,RG,4600,15,F,BK,CP,D
14:48:37,UNVR,RG,4600,2,D,CC,CP,D
14:48:32,UNVR,RG,4600,10,D,KK,CP,D
14:48:23,UNVR,RG,4590,8,D,EP,YU,F
14:48:22,UNVR,RG,4600,1,D,XC,CP,D
14:48:21,UNVR,RG,4600,5,F,ZP,CP,D
14:48:21,UNVR,RG,4600,6,F,ZP,CP,D
14:48:14,UNVR,RG,4600,21,D,DD,CP,D
14:48:08,UNVR,RG,4590,21,D,EP,BK,F
14:48:08,UNVR,RG,4600,1,D,PD,CP,D
14:48:07,UNVR,RG,4600,20,D,CC,CP,D
14:48:05,UNVR,RG,4590,30,D,EP,BK,F
14:48:04,UNVR,RG,4600,50,D,ZP,CP,D
14:48:04,UNVR,RG,4600,1,D,EP,CP,D
14:48:04,UNVR,RG,4600,6,F,AK,CP,D
14:48:04,UNVR,RG,4600,85,F,BK,CP,D
14:48:03,UNVR,RG,4600,11,F,BK,PD,D
14:48:03,UNVR,RG,4600,6,F,BK,CC,D
14:48:02,UNVR,RG,4600,2,F,BK,GR,D
14:48:02,UNVR,RG,4600,3,F,ZP,GR,D
14:48:02,UNVR,RG,4600,5,D,EP,GR,D
14:48:02,UNVR,RG,4600,90,F,ZP,GR,D
14:48:01,UNVR,RG,4600,22,F,ZP,BK,F
14:48:00,UNVR,RG,4600,1,F,ZP,ZR,D
14:47:58,UNVR,RG,4600,13,F,ZP,BK,F
14:47:58,UNVR,RG,4600,77,D,YB,BK,F
14:47:54,UNVR,RG,4600,23,D,YB,NI,D
14:47:54,UNVR,RG,4600,96,D,DH,NI,D
14:47:54,UNVR,RG,4600,1,D,XC,NI,D
14:47:54,UNVR,RG,4600,1,D,CC,NI,D
14:47:54,UNVR,RG,4600,15,D,CC,NI,D
14:47:54,UNVR,RG,4600,27,F,ZP,NI,D
14:47:54,UNVR,RG,4600,43,F,ZP,NI,D
14:47:54,UNVR,RG,4600,131,F,BK,NI,D
14:47:54,UNVR,RG,4600,4,F,KZ,NI,D
14:47:54,UNVR,RG,4600,50,D,KK,NI,D
14:47:54,UNVR,RG,4600,40,D,DR,NI,D
14:47:54,UNVR,RG,4600,3,D,EP,NI,D
14:47:54,UNVR,RG,4600,5,D,XC,NI,D
14:47:54,UNVR,RG,4600,22,D,AZ,NI,D
14:47:54,UNVR,RG,4600,1,D,XL,NI,D
14:47:54,UNVR,RG,4600,100,D,SQ,NI,D
14:47:54,UNVR,RG,4600,22,D,PD,NI,D
14:47:54,UNVR,RG,4600,2,D,SQ,NI,D
14:47:54,UNVR,RG,4600,20,D,HD,NI,D
14:47:54,UNVR,RG,4600,1,D,AT,NI,D
14:47:54,UNVR,RG,4600,43,F,CS,NI,D
14:47:54,UNVR,RG,4600,11,F,CS,NI,D
14:47:54,UNVR,RG,4600,1,D,PD,NI,D
14:47:54,UNVR,RG,4600,1,D,XC,NI,D
14:47:54,UNVR,RG,4600,1,F,KZ,NI,D
14:47:54,UNVR,RG,4600,36,F,BK,NI,D
14:47:53,UNVR,RG,4600,16,F,BK,BK,F
14:47:53,UNVR,RG,4600,10,F,BK,AT,D
14:47:52,UNVR,RG,4600,3,F,BK,CC,D
14:47:50,UNVR,RG,4610,16,F,BK,HP,D
14:47:45,UNVR,RG,4600,3,F,BK,PD,D
14:47:45,UNVR,RG,4600,14,F,BK,BK,F
14:47:44,UNVR,RG,4610,27,F,ZP,HP,D
14:47:44,UNVR,RG,4610,18,F,ZP,KK,D
14:47:41,UNVR,RG,4600,32,F,BK,BK,F
14:47:41,UNVR,RG,4610,2,D,CC,KK,D
14:47:37,UNVR,RG,4600,50,F,BK,CD,D
14:47:37,UNVR,RG,4600,12,F,ZP,CD,D
14:47:37,UNVR,RG,4600,9,F,ZP,CD,D
14:47:37,UNVR,RG,4600,8,D,XL,CD,D
14:47:37,UNVR,RG,4600,10,D,LG,CD,D
14:47:37,UNVR,RG,4600,211,F,ZP,CD,D
14:47:34,UNVR,RG,4600,2,F,ZP,XC,D
14:47:34,UNVR,RG,4600,15,F,ZP,BK,F
14:47:33,UNVR,RG,4600,25,F,ZP,KK,D
14:47:33,UNVR,RG,4610,10,F,BK,KK,D
14:47:33,UNVR,RG,4610,8,F,BK,PD,D
14:47:28,UNVR,RG,4600,29,F,ZP,BK,F
14:47:26,UNVR,RG,4600,1,F,ZP,DR,D
14:47:24,UNVR,RG,4600,98,F,ZP,PD,D
14:47:24,UNVR,RG,4600,50,F,ZP,EP,D
14:47:24,UNVR,RG,4600,23,F,ZP,BK,F
14:47:23,UNVR,RG,4610,2,D,HP,PD,D
14:47:23,UNVR,RG,4610,11,D,HP,YU,D
14:47:23,UNVR,RG,4610,8,D,HP,PD,D
14:47:23,UNVR,RG,4610,5,D,HP,PD,D
14:47:23,UNVR,RG,4610,2,D,HP,YP,D
14:47:23,UNVR,RG,4610,6,D,HP,YP,D
14:47:23,UNVR,RG,4610,12,F,YU,YP,D
14:47:22,UNVR,RG,4600,8,F,ZP,YP,D
14:47:20,UNVR,RG,4600,50,F,ZP,PD,D
14:47:20,UNVR,RG,4600,34,F,ZP,BK,F
14:47:20,UNVR,RG,4600,1,F,ZP,YP,D
14:47:18,UNVR,RG,4600,11,F,ZP,CC,D
14:47:18,UNVR,RG,4600,15,F,ZP,CC,D
14:47:18,UNVR,RG,4600,16,D,YP,CC,D
14:47:18,UNVR,RG,4600,10,D,YP,KK,D
14:47:17,UNVR,RG,4600,5,D,YP,YB,D
14:47:16,UNVR,RG,4600,19,D,YP,BK,F
14:47:16,UNVR,RG,4600,19,F,ZP,BK,F
14:47:16,UNVR,RG,4600,4,D,XL,BK,F
14:47:16,UNVR,RG,4600,1,D,YP,BK,F
14:47:16,UNVR,RG,4600,1,D,YP,BK,F
14:47:16,UNVR,RG,4600,50,D,XC,BK,F
14:47:16,UNVR,RG,4600,1,D,NI,BK,F
14:47:16,UNVR,RG,4600,10,D,GR,BK,F
14:47:16,UNVR,RG,4600,2,D,YB,BK,F
14:47:16,UNVR,RG,4600,1,D,XC,BK,F
14:47:16,UNVR,RG,4600,2,D,NI,BK,F
14:47:16,UNVR,RG,4600,2,D,EP,BK,F
14:47:16,UNVR,RG,4600,50,D,NI,BK,F
14:47:16,UNVR,RG,4600,17,F,CS,BK,F
14:47:16,UNVR,RG,4600,48,F,CS,BK,F
14:47:16,UNVR,RG,4600,24,F,ZP,BK,F
14:47:16,UNVR,RG,4600,1,D,XC,BK,F
14:47:16,UNVR,RG,4600,1,D,YB,BK,F
14:47:16,UNVR,RG,4600,50,D,AG,BK,F
14:47:16,UNVR,RG,4600,5,D,KK,BK,F
14:47:16,UNVR,RG,4600,1,D,AT,BK,F
14:47:16,UNVR,RG,4600,25,D,DR,BK,F
14:47:16,UNVR,RG,4600,1,D,XC,BK,F
14:47:16,UNVR,RG,4600,44,D,SQ,BK,F
14:47:16,UNVR,RG,4600,60,D,SQ,BK,F
14:47:16,UNVR,RG,4600,1,D,YP,BK,F
14:47:16,UNVR,RG,4600,26,D,SQ,BK,F
14:47:16,UNVR,RG,4600,100,D,CP,BK,F
14:47:16,UNVR,RG,4600,20,F,AK,BK,F
14:47:16,UNVR,RG,4600,5,D,CC,BK,F
14:47:16,UNVR,RG,4600,100,D,YP,BK,F
14:47:16,UNVR,RG,4600,46,D,CC,BK,F
14:47:16,UNVR,RG,4600,4,D,CC,CC,D
14:47:16,UNVR,RG,4600,5,D,PD,CC,D
14:47:16,UNVR,RG,4600,11,F,ZP,CC,D
14:47:13,UNVR,RG,4600,7,F,ZP,CC,D
14:47:13,UNVR,RG,4600,10,D,PD,CC,D
14:47:13,UNVR,RG,4600,10,D,YB,CC,D
14:47:13,UNVR,RG,4600,3,D,YP,CC,D
14:47:13,UNVR,RG,4600,1,F,KZ,CC,D
14:47:13,UNVR,RG,4600,30,D,RX,CC,D
14:47:13,UNVR,RG,4600,5,D,OD,CC,D
14:47:13,UNVR,RG,4600,21,D,LG,CC,D
14:47:13,UNVR,RG,4600,22,F,AK,CC,D
14:47:13,UNVR,RG,4600,18,F,AK,CC,D
14:47:13,UNVR,RG,4600,300,D,MG,CC,D
14:47:13,UNVR,RG,4600,25,F,ZP,CC,D
14:47:13,UNVR,RG,4600,48,F,BK,CC,D
14:47:11,UNVR,RG,4610,3,D,XC,YP,D
14:47:09,UNVR,RG,4600,1,F,BK,DH,D
14:47:08,UNVR,RG,4610,5,D,LG,YP,D
14:47:08,UNVR,RG,4600,12,F,BK,CC,D
14:47:08,UNVR,RG,4600,1,F,ZP,CC,D
14:47:05,UNVR,RG,4610,9,F,ZP,YP,D
14:47:05,UNVR,RG,4610,5,F,ZP,YP,D
14:47:05,UNVR,RG,4610,20,F,ZP,EP,D
14:47:05,UNVR,RG,4610,20,F,ZP,EP,D
14:47:05,UNVR,RG,4610,10,F,ZP,CC,D
14:47:05,UNVR,RG,4610,19,F,ZP,CC,D
14:47:03,UNVR,RG,4600,3,F,ZP,FS,D
14:47:03,UNVR,RG,4610,12,D,XC,CC,D
14:47:03,UNVR,RG,4610,4,D,YB,CC,D
14:47:01,UNVR,RG,4600,3,F,ZP,CC,D
14:47:00,UNVR,RG,4610,11,F,AK,CC,D
14:47:00,UNVR,RG,4600,68,F,ZP,CC,D
14:47:00,UNVR,RG,4600,70,F,ZP,CC,D
14:47:00,UNVR,RG,4600,81,F,ZP,CC,D
14:47:00,UNVR,RG,4600,71,F,ZP,CC,D
14:46:48,UNVR,RG,4610,16,F,BK,CC,D
14:46:45,UNVR,RG,4610,5,F,CS,CC,D
14:46:45,UNVR,RG,4610,3,F,CS,YP,D
14:46:45,UNVR,RG,4610,1,F,CS,YP,D
14:46:45,UNVR,RG,4610,10,F,CS,PD,D
14:46:45,UNVR,RG,4610,5,F,CS,GR,D
14:46:43,UNVR,RG,4600,1,F,ZP,NI,D
14:46:39,UNVR,RG,4600,10,F,ZP,XA,D
14:46:34,UNVR,RG,4610,11,D,RX,GR,D
14:46:31,UNVR,RG,4600,3,F,ZP,YU,F
14:46:30,UNVR,RG,4600,100,F,ZP,GR,D
14:46:30,UNVR,RG,4600,75,F,ZP,SQ,D
14:46:30,UNVR,RG,4600,14,F,CS,SQ,D
14:46:30,UNVR,RG,4600,171,F,ZP,SQ,D
14:46:24,UNVR,RG,4600,40,F,ZP,DR,D
14:46:23,UNVR,RG,4600,6,F,ZP,PD,D
14:46:22,UNVR,RG,4600,2,F,ZP,YU,D
14:46:22,UNVR,RG,4610,13,F,CS,GR,D
14:46:22,UNVR,RG,4610,2,F,CS,YP,D
14:46:22,UNVR,RG,4610,4,F,CS,CC,D
14:46:22,UNVR,RG,4600,35,F,ZP,KK,D
14:46:22,UNVR,RG,4610,46,F,CS,CC,D
14:46:22,UNVR,RG,4610,10,F,CS,LG,D
14:46:19,UNVR,RG,4610,15,F,BK,LG,D
14:46:19,UNVR,RG,4600,7,F,ZP,YB,D
14:46:11,UNVR,RG,4600,50,F,ZP,AP,D
14:46:00,UNVR,RG,4610,21,F,AK,LG,D
14:45:53,UNVR,RG,4600,39,F,ZP,HP,D
14:45:53,UNVR,RG,4600,7,D,PD,HP,D
14:45:53,UNVR,RG,4600,4,D,XC,HP,D
14:45:52,UNVR,RG,4610,4,F,BK,LG,D
14:45:52,UNVR,RG,4610,8,F,BK,NI,D
14:45:52,UNVR,RG,4610,2,F,BK,YP,D
14:45:48,UNVR,RG,4600,10,D,XC,AO,D
14:45:43,UNVR,RG,4610,25,F,ZP,YP,D
14:45:43,UNVR,RG,4610,73,F,ZP,YP,D
14:45:43,UNVR,RG,4610,1,F,ZP,YP,D
14:45:43,UNVR,RG,4610,1,F,ZP,YP,D
14:45:43,UNVR,RG,4610,2,F,ZP,AT,D
14:45:43,UNVR,RG,4610,1,F,ZP,PD,D
14:45:43,UNVR,RG,4610,3,F,ZP,YP,D
14:45:43,UNVR,RG,4610,15,F,ZP,SQ,D
14:45:41,UNVR,RG,4610,1,F,CS,DR,D
14:45:41,UNVR,RG,4610,10,F,CS,SH,D
14:45:41,UNVR,RG,4600,1,F,CS,YU,F
14:45:41,UNVR,RG,4600,10,F,CS,YU,F
14:45:41,UNVR,RG,4600,7,F,CS,YP,D
14:45:41,UNVR,RG,4600,13,F,ZP,YP,D
14:45:41,UNVR,RG,4600,3,F,ZP,AK,F
14:45:41,UNVR,RG,4600,1,F,ZP,NI,D
14:45:41,UNVR,RG,4600,50,F,ZP,YP,D
14:45:41,UNVR,RG,4600,110,F,ZP,KK,D
14:45:41,UNVR,RG,4600,190,D,YB,KK,D
14:45:41,UNVR,RG,4600,5,D,YB,PD,D
14:45:41,UNVR,RG,4600,5,D,YB,CC,F
14:45:40,UNVR,RG,4600,10,D,CC,CC,F
14:45:35,UNVR,RG,4600,100,D,YP,CC,F
14:45:34,UNVR,RG,4600,13,D,RX,CC,F
14:45:34,UNVR,RG,4600,50,D,YP,CC,F
14:45:33,UNVR,RG,4600,1,D,EP,CC,F
14:45:30,UNVR,RG,4600,1,F,ZP,CC,F
14:45:30,UNVR,RG,4600,10,F,ZP,YU,F
14:45:30,UNVR,RG,4600,1,F,ZP,XC,D
14:45:30,UNVR,RG,4600,2,F,ZP,PD,D
14:45:30,UNVR,RG,4600,20,F,ZP,BQ,D
14:45:30,UNVR,RG,4600,3,F,ZP,YP,D
14:45:30,UNVR,RG,4600,1,F,ZP,DR,D
14:45:30,UNVR,RG,4600,2,F,ZP,CC,D
14:45:30,UNVR,RG,4600,34,F,ZP,YU,F
14:45:30,UNVR,RG,4600,12,F,CS,YU,F
14:45:29,UNVR,RG,4600,16,F,CS,YU,F
14:45:29,UNVR,RG,4600,48,D,PD,YU,F
14:45:29,UNVR,RG,4600,4,D,PD,LG,D
14:45:29,UNVR,RG,4600,60,D,PD,GR,D
14:45:29,UNVR,RG,4600,10,D,PD,DH,D
14:45:29,UNVR,RG,4600,2,D,PD,XL,D
14:45:29,UNVR,RG,4600,5,D,PD,CC,D
14:45:29,UNVR,RG,4600,5,D,PD,KK,D
14:45:29,UNVR,RG,4600,30,D,PD,BQ,D
14:45:29,UNVR,RG,4600,1,D,PD,BK,F
14:45:29,UNVR,RG,4600,1,D,PD,PD,D
14:45:29,UNVR,RG,4600,50,D,PD,EP,D
14:45:29,UNVR,RG,4600,32,D,PD,YU,F
14:45:29,UNVR,RG,4600,20,D,PD,CC,D
14:45:29,UNVR,RG,4600,1,D,PD,CC,D
14:45:29,UNVR,RG,4600,1,D,PD,XL,D
14:45:29,UNVR,RG,4600,1,D,PD,NI,D
14:45:29,UNVR,RG,4600,1,D,PD,XC,D
14:45:29,UNVR,RG,4600,5,D,PD,BQ,D
14:45:29,UNVR,RG,4600,100,D,PD,CC,D
14:45:29,UNVR,RG,4600,20,D,PD,XL,D
14:45:29,UNVR,RG,4600,19,D,PD,YU,F
14:45:29,UNVR,RG,4600,1,D,PD,YP,D
14:45:29,UNVR,RG,4600,5,D,PD,YP,D
14:45:29,UNVR,RG,4600,29,D,PD,YU,F
14:45:29,UNVR,RG,4600,3,D,PD,YP,D
14:45:29,UNVR,RG,4600,5,D,PD,GR,D
14:45:29,UNVR,RG,4600,4,D,PD,YP,D
14:45:29,UNVR,RG,4600,2,D,PD,DH,D
14:45:29,UNVR,RG,4600,35,D,PD,NI,D
14:45:29,UNVR,RG,4600,6,F,ZP,NI,D
14:45:29,UNVR,RG,4600,9,F,ZP,NI,D
14:45:28,UNVR,RG,4600,3,F,BK,NI,D
14:45:28,UNVR,RG,4600,2,D,PD,NI,D
14:45:27,UNVR,RG,4600,5,F,ZP,NI,D
14:45:26,UNVR,RG,4600,1,D,YP,NI,D
14:45:25,UNVR,RG,4600,6,F,ZP,NI,D
14:45:25,UNVR,RG,4600,5,F,ZP,NI,D
14:45:24,UNVR,RG,4600,8,F,ZP,NI,D
14:45:24,UNVR,RG,4600,7,F,ZP,XA,D
14:45:24,UNVR,RG,4600,5,D,AT,XA,D
14:45:23,UNVR,RG,4600,13,D,YP,XA,D
14:45:23,UNVR,RG,4600,13,D,YP,XL,D
14:45:21,UNVR,RG,4600,16,D,NI,XL,D
14:45:21,UNVR,RG,4600,4,D,NI,YU,F
14:45:21,UNVR,RG,4600,10,D,NI,XL,D
14:45:21,UNVR,RG,4600,7,D,NI,PD,D
14:45:21,UNVR,RG,4600,5,D,NI,KK,D
14:45:21,UNVR,RG,4600,1,D,NI,DR,D
14:45:21,UNVR,RG,4600,20,D,NI,YP,D
14:45:21,UNVR,RG,4600,10,D,NI,CC,D
14:45:21,UNVR,RG,4600,5,D,NI,AK,F
14:45:21,UNVR,RG,4600,1,D,NI,KK,D
14:45:21,UNVR,RG,4600,1,D,NI,XC,D
14:45:21,UNVR,RG,4600,5,D,NI,YP,D
14:45:21,UNVR,RG,4600,1,D,NI,XL,D
14:45:21,UNVR,RG,4600,4,D,NI,XC,D
14:45:21,UNVR,RG,4600,1,D,NI,CC,D
14:45:21,UNVR,RG,4600,1,D,NI,PD,D
14:45:21,UNVR,RG,4600,100,D,NI,CC,D
14:45:21,UNVR,RG,4600,58,D,NI,OD,D
14:45:20,UNVR,RG,4600,15,F,BK,OD,D
14:45:19,UNVR,RG,4600,112,D,XL,OD,D
14:45:17,UNVR,RG,4600,3,F,ZP,OD,D
14:45:17,UNVR,RG,4600,5,D,DH,OD,D
14:45:15,UNVR,RG,4600,19,F,AK,OD,D
14:45:15,UNVR,RG,4600,8,F,ZP,OD,D
14:45:14,UNVR,RG,4600,180,D,CC,OD,D
14:45:14,UNVR,RG,4600,10,D,CC,CC,D
14:45:14,UNVR,RG,4600,138,D,CC,SQ,D
14:45:14,UNVR,RG,4600,41,F,CS,SQ,D
14:45:14,UNVR,RG,4600,221,D,DR,SQ,D
14:45:14,UNVR,RG,4600,11,D,DR,NI,D
14:45:14,UNVR,RG,4600,11,D,DR,YU,F
14:45:14,UNVR,RG,4600,20,D,DR,XA,D
14:45:14,UNVR,RG,4600,10,D,DR,YU,F
14:45:14,UNVR,RG,4600,50,D,DR,YU,D
14:45:14,UNVR,RG,4600,1,D,DR,PD,D
14:45:14,UNVR,RG,4600,5,D,DR,YP,D
14:45:14,UNVR,RG,4600,1,D,DR,XC,D
14:45:14,UNVR,RG,4600,11,D,DR,YU,F
14:45:14,UNVR,RG,4600,3,D,DR,NI,D
14:45:14,UNVR,RG,4600,1,D,DR,YJ,D
14:45:14,UNVR,RG,4600,1,D,DR,DR,D
14:45:14,UNVR,RG,4600,3,D,DR,NI,D
14:45:14,UNVR,RG,4600,13,D,DR,YU,F
14:45:14,UNVR,RG,4600,5,D,DR,CC,D
14:45:14,UNVR,RG,4600,50,D,DR,YP,D
14:45:14,UNVR,RG,4600,112,D,DR,CC,F
14:45:14,UNVR,RG,4600,2,D,DR,PD,D
14:45:14,UNVR,RG,4600,5,D,DR,CC,D
14:45:14,UNVR,RG,4600,50,D,DR,PD,D
14:45:14,UNVR,RG,4600,914,D,DR,LG,D
14:45:14,UNVR,RG,4600,36,F,ZP,LG,D
14:45:14,UNVR,RG,4600,19,F,ZP,LG,D
14:45:14,UNVR,RG,4600,31,F,ZP,LG,D
14:45:14,UNVR,RG,4600,59,F,ZP,DR,D
14:45:14,UNVR,RG,4600,271,F,ZP,DR,D
14:45:14,UNVR,RG,4600,22,F,ZP,DR,D
14:45:10,UNVR,RG,4600,7,F,CS,DR,D
14:45:10,UNVR,RG,4600,11,F,ZP,DR,D
14:45:10,UNVR,RG,4600,83,F,CS,DR,D
14:45:10,UNVR,RG,4600,47,F,CS,DR,D
14:45:04,UNVR,RG,4590,20,D,EP,BQ,D
14:45:00,UNVR,RG,4590,10,D,EP,YP,D
14:45:00,UNVR,RG,4600,1,D,YB,YU,F
14:45:00,UNVR,RG,4600,48,D,PD,YU,F
14:44:58,UNVR,RG,4600,10,D,CP,YU,F
14:44:58,UNVR,RG,4600,7,D,NI,YU,F
14:44:58,UNVR,RG,4600,3,D,NI,IF,D
14:44:58,UNVR,RG,4600,14,D,NI,YP,D
14:44:58,UNVR,RG,4600,31,D,NI,ZR,D
14:44:54,UNVR,RG,4590,113,D,EP,YU,F
14:44:50,UNVR,RG,4600,10,F,ZP,ZR,D
14:44:50,UNVR,RG,4600,3,D,YP,ZR,D
14:44:49,UNVR,RG,4600,6,F,BK,ZR,D
14:44:49,UNVR,RG,4600,2,F,BK,NI,D
14:44:49,UNVR,RG,4600,8,F,BK,XL,D
14:44:41,UNVR,RG,4600,2,D,PD,XL,D
14:44:41,UNVR,RG,4600,1,D,PD,PD,D
14:44:41,UNVR,RG,4600,1,D,PD,PD,D
14:44:41,UNVR,RG,4600,5,D,PD,PD,D
14:44:37,UNVR,RG,4600,10,D,RX,PD,D
14:44:36,UNVR,RG,4600,7,F,ZP,PD,D
14:44:36,UNVR,RG,4600,1,F,ZP,YB,D
14:44:36,UNVR,RG,4600,7,F,ZP,DR,D
14:44:36,UNVR,RG,4600,10,D,CC,DR,D
14:44:36,UNVR,RG,4600,21,D,CC,DR,D
14:44:35,UNVR,RG,4600,13,F,ZP,DR,D
14:44:34,UNVR,RG,4600,2,D,KK,DR,D
14:44:31,UNVR,RG,4600,30,D,YP,DR,D
14:44:30,UNVR,RG,4600,1,D,PD,DR,D
14:44:24,UNVR,RG,4600,216,F,ZP,DR,D
14:44:24,UNVR,RG,4600,35,F,ZP,XL,D
14:44:24,UNVR,RG,4600,10,F,ZP,PD,D
14:44:24,UNVR,RG,4600,1,F,ZP,YP,D
14:44:24,UNVR,RG,4600,27,F,ZP,CC,D
14:44:24,UNVR,RG,4600,64,D,PD,CC,D
14:44:24,UNVR,RG,4600,10,D,PD,PD,D
14:44:24,UNVR,RG,4600,1,D,PD,DH,D
14:44:24,UNVR,RG,4600,2,D,PD,NI,D
14:44:24,UNVR,RG,4600,1,D,PD,YP,D
14:44:24,UNVR,RG,4600,1,D,PD,YP,D
14:44:24,UNVR,RG,4600,5,D,PD,OD,D
14:44:24,UNVR,RG,4600,6,D,PD,CC,D
14:44:24,UNVR,RG,4600,128,D,PD,SH,D
14:44:22,UNVR,RG,4600,110,D,CC,SH,D
14:44:18,UNVR,RG,4600,16,F,BK,SH,D
14:44:16,UNVR,RG,4600,3,D,ZP,SH,D
14:44:15,UNVR,RG,4600,13,F,ZP,SH,D
14:44:10,UNVR,RG,4600,1,D,XC,SH,D
14:44:03,UNVR,RG,4600,20,D,CC,SH,D
14:44:01,UNVR,RG,4600,1,D,CC,SH,D
14:43:57,UNVR,RG,4600,1,D,XC,SH,D
14:43:56,UNVR,RG,4600,7,F,ZP,SH,D
14:43:56,UNVR,RG,4600,1,F,ZP,CC,D
14:43:56,UNVR,RG,4600,3,F,ZP,NI,D
14:43:53,UNVR,RG,4590,4,D,EP,YU,F
14:43:52,UNVR,RG,4600,2,D,XC,NI,D
14:43:49,UNVR,RG,4600,1,D,BQ,NI,D
14:43:48,UNVR,RG,4600,1,D,CC,NI,D
14:43:46,UNVR,RG,4600,3,F,BK,NI,D
14:43:46,UNVR,RG,4600,10,F,BK,BQ,D
14:43:46,UNVR,RG,4600,3,F,BK,CC,D
14:43:46,UNVR,RG,4600,5,D,ZP,CC,D
14:43:44,UNVR,RG,4600,50,D,PD,CC,D
14:43:38,UNVR,RG,4600,10,D,RX,CC,D
14:43:37,UNVR,RG,4600,10,D,AZ,CC,D
14:43:36,UNVR,RG,4600,14,F,ZP,CC,D
14:43:36,UNVR,RG,4590,1,D,EP,SQ,D
14:43:31,UNVR,RG,4600,8,F,CS,CC,D
14:43:31,UNVR,RG,4600,20,F,CS,DH,D
14:43:31,UNVR,RG,4600,3,F,CS,CC,D
14:43:31,UNVR,RG,4600,5,F,CS,CC,D
14:43:31,UNVR,RG,4600,14,F,CS,CC,D
14:43:20,UNVR,RG,4600,6,F,BK,CC,D
14:43:20,UNVR,RG,4600,1,F,BK,CC,D
14:43:20,UNVR,RG,4600,8,F,BK,NI,D
14:43:19,UNVR,RG,4600,12,F,ZP,NI,D
14:43:17,UNVR,RG,4600,52,F,CS,NI,D
14:43:17,UNVR,RG,4600,2,F,CS,OD,D
14:43:17,UNVR,RG,4600,1,F,CS,DR,D
14:43:17,UNVR,RG,4600,5,F,CS,CC,D
14:43:17,UNVR,RG,4600,1,F,CS,OD,D
14:43:17,UNVR,RG,4600,2,F,CS,EP,D
14:43:17,UNVR,RG,4600,8,F,CS,EP,D
14:43:17,UNVR,RG,4600,10,F,CS,BQ,D
14:43:17,UNVR,RG,4600,10,F,CS,CC,D
14:43:17,UNVR,RG,4600,39,F,CS,YP,D
14:43:17,UNVR,RG,4600,1,F,CS,YP,D
14:43:17,UNVR,RG,4600,5,F,CS,SQ,D
14:43:17,UNVR,RG,4600,5,F,CS,SQ,D
14:43:17,UNVR,RG,4600,1,F,CS,SQ,D
14:43:17,UNVR,RG,4600,10,F,CS,CC,D
14:43:17,UNVR,RG,4600,3,F,CS,XC,D
14:43:17,UNVR,RG,4600,1,F,CS,PD,D
14:43:17,UNVR,RG,4600,1,F,CS,PD,D
14:43:17,UNVR,RG,4600,10,F,CS,CC,D
14:43:17,UNVR,RG,4600,29,F,CS,CC,D
14:43:17,UNVR,RG,4600,34,F,CS,CC,D
14:43:17,UNVR,RG,4600,31,F,CS,CC,D
14:43:16,UNVR,RG,4590,1,D,EP,PD,D
14:43:14,UNVR,RG,4600,5,D,NI,CC,D
14:43:14,UNVR,RG,4600,5,D,NI,YP,D
14:43:11,UNVR,RG,4600,5,F,ZP,YP,D
14:43:11,UNVR,RG,4600,50,F,ZP,DR,D
14:43:11,UNVR,RG,4600,5,F,ZP,ZP,D
14:43:11,UNVR,RG,4600,5,F,ZP,FS,D
14:43:11,UNVR,RG,4600,16,F,ZP,XC,D
14:43:11,UNVR,RG,4600,5,F,ZP,TP,D
14:43:11,UNVR,RG,4600,10,F,ZP,SQ,D
14:43:11,UNVR,RG,4600,178,F,ZP,NI,D
14:43:11,UNVR,RG,4600,5,D,XL,NI,D
14:43:11,UNVR,RG,4590,1,D,EP,XC,D
14:43:10,UNVR,RG,4600,10,D,CC,NI,D
14:43:02,UNVR,RG,4600,10,D,CD,NI,D
14:43:00,UNVR,RG,4600,4,F,ZP,NI,D
14:42:55,UNVR,RG,4600,3,D,YB,NI,D
14:42:54,UNVR,RG,4600,50,D,SQ,NI,D
14:42:54,UNVR,RG,4600,5,D,PD,NI,D
14:42:54,UNVR,RG,4600,10,D,BQ,NI,D
14:42:49,UNVR,RG,4600,15,F,BK,NI,D
14:42:45,UNVR,RG,4600,10,D,HP,NI,D
14:42:45,UNVR,RG,4600,9,D,HP,YP,D
14:42:45,UNVR,RG,4600,2,D,HP,PD,D
14:42:45,UNVR,RG,4600,13,D,HP,NI,D
14:42:41,UNVR,RG,4600,37,D,YU,NI,D
14:42:41,UNVR,RG,4600,1,D,YU,DR,D
14:42:41,UNVR,RG,4600,10,D,YU,CC,D
14:42:41,UNVR,RG,4600,5,D,YU,XC,D
14:42:41,UNVR,RG,4600,3,D,YU,YP,D
14:42:41,UNVR,RG,4600,5,D,YU,YP,D
14:42:41,UNVR,RG,4600,1,D,YU,PD,D
14:42:41,UNVR,RG,4600,2,D,YU,XC,D
14:42:41,UNVR,RG,4600,20,D,YU,YP,D
14:42:41,UNVR,RG,4600,30,D,YU,YJ,D
14:42:41,UNVR,RG,4600,5,D,YU,XC,D
14:42:41,UNVR,RG,4600,5,D,YU,LG,D
14:42:41,UNVR,RG,4600,3,D,YU,YP,D
14:42:41,UNVR,RG,4600,1,D,YU,XC,D
14:42:41,UNVR,RG,4600,10,D,YU,SQ,D
14:42:41,UNVR,RG,4600,5,D,YU,YP,D
14:42:41,UNVR,RG,4600,7,D,YU,XC,D
14:42:41,UNVR,RG,4600,5,D,YU,DR,D
14:42:41,UNVR,RG,4600,120,D,YU,CC,D
14:42:41,UNVR,RG,4600,3,D,YU,XC,D
14:42:41,UNVR,RG,4600,1,D,YU,XC,D
14:42:41,UNVR,RG,4600,1,D,YU,XC,D
14:42:41,UNVR,RG,4600,5,D,YU,OD,D
14:42:41,UNVR,RG,4600,5,D,YU,CC,D
14:42:41,UNVR,RG,4600,3,D,YU,OD,D
14:42:41,UNVR,RG,4600,3,D,YU,YP,D
14:42:41,UNVR,RG,4600,140,D,YU,YP,D
14:42:41,UNVR,RG,4600,1,D,YU,YP,D
14:42:41,UNVR,RG,4600,2,D,YU,YP,D
14:42:41,UNVR,RG,4600,1,D,YU,YP,D
14:42:41,UNVR,RG,4600,2,D,YU,PD,D
14:42:41,UNVR,RG,4600,10,D,YU,CC,D
14:42:41,UNVR,RG,4600,20,D,YU,PD,D
14:42:41,UNVR,RG,4600,9,D,YU,KK,D
14:42:41,UNVR,RG,4600,5,D,YU,PC,D
14:42:41,UNVR,RG,4600,225,D,YU,EP,D
14:42:41,UNVR,RG,4600,1,D,YU,EP,D
14:42:41,UNVR,RG,4600,2,D,YU,YP,D
14:42:41,UNVR,RG,4600,155,D,YU,XC,D
14:42:41,UNVR,RG,4600,12,D,YU,XC,D
14:42:41,UNVR,RG,4600,1,D,YU,GR,D
14:42:41,UNVR,RG,4600,100,D,YU,SQ,D
14:42:41,UNVR,RG,4600,7,D,YU,NI,D
14:42:41,UNVR,RG,4600,10,D,YU,YP,D
14:42:41,UNVR,RG,4600,1,D,YU,XC,D
14:42:41,UNVR,RG,4600,2,D,YU,XC,D
14:42:41,UNVR,RG,4600,3,D,YU,YP,D
14:42:41,UNVR,RG,4600,1,D,YU,XL,D
14:42:41,UNVR,RG,4600,2,D,YU,CC,D
14:42:41,UNVR,RG,4600,9,D,YU,XC,D
14:42:41,UNVR,RG,4600,5,D,YU,FS,D
14:42:41,UNVR,RG,4600,1,D,YU,CC,D
14:42:41,UNVR,RG,4600,5,D,YU,KK,D
14:42:41,UNVR,RG,4600,1,D,YU,XC,D
14:42:41,UNVR,RG,4600,100,D,YU,XC,D
14:42:41,UNVR,RG,4600,5,D,YU,ZP,D
14:42:41,UNVR,RG,4600,23,D,YU,YP,D
14:42:41,UNVR,RG,4600,1,D,YU,XL,D
14:42:41,UNVR,RG,4600,1,D,YU,YP,D
14:42:41,UNVR,RG,4600,2,D,YU,XC,D
14:42:41,UNVR,RG,4600,5,D,YU,TP,D
14:42:41,UNVR,RG,4600,5,D,YU,FS,D
14:42:41,UNVR,RG,4600,5,D,YU,DH,D
14:42:41,UNVR,RG,4600,5,D,YU,YJ,D
14:42:41,UNVR,RG,4600,5,D,YU,DH,D
14:42:41,UNVR,RG,4600,1,D,YU,EP,D
14:42:41,UNVR,RG,4600,2,D,YU,XC,D
14:42:41,UNVR,RG,4600,10,D,YU,EP,D
14:42:41,UNVR,RG,4600,10,D,YU,KI,D
14:42:41,UNVR,RG,4600,90,D,YU,NI,F
14:42:41,UNVR,RG,4600,1,D,YU,PD,D
14:42:33,UNVR,RG,4600,1,D,RX,PD,D
14:42:33,UNVR,RG,4600,9,D,RX,XC,D
14:42:32,UNVR,RG,4600,1,D,PD,XC,D
14:42:32,UNVR,RG,4600,1,D,PD,KK,D
14:42:32,UNVR,RG,4600,1,D,PD,XC,D
14:42:32,UNVR,RG,4600,25,D,PD,AT,D
14:42:32,UNVR,RG,4600,5,D,PD,NI,D
14:42:32,UNVR,RG,4600,15,D,PD,AO,D
14:42:32,UNVR,RG,4600,30,D,PD,CC,D
14:42:32,UNVR,RG,4600,8,D,PD,XL,D
14:42:32,UNVR,RG,4600,3,D,PD,PD,D
14:42:32,UNVR,RG,4600,7,D,PD,NI,D
14:42:32,UNVR,RG,4600,3,D,PD,XC,D
14:42:32,UNVR,RG,4600,1,D,PD,NI,D
14:42:32,UNVR,RG,4600,147,D,PD,YP,D
14:42:32,UNVR,RG,4600,1,D,PD,YP,D
14:42:32,UNVR,RG,4600,2,D,PD,XC,D
14:42:25,UNVR,RG,4600,8,D,EP,XC,D
14:42:25,UNVR,RG,4600,2,D,EP,XA,D
14:42:20,UNVR,RG,4590,14,D,EP,PD,D
14:42:16,UNVR,RG,4600,2,D,XL,XA,D
14:42:15,UNVR,RG,4600,1,F,BK,XA,D
14:42:15,UNVR,RG,4600,15,F,BK,EP,D
14:42:13,UNVR,RG,4600,10,F,ZP,EP,D
14:42:13,UNVR,RG,4600,4,F,ZP,YP,D
14:42:13,UNVR,RG,4600,10,F,ZP,DH,D
14:42:13,UNVR,RG,4600,25,F,ZP,CC,D
14:42:13,UNVR,RG,4600,1,F,ZP,AZ,D
14:42:13,UNVR,RG,4600,20,F,ZP,CP,D
14:42:13,UNVR,RG,4600,25,F,ZP,YU,D
14:42:13,UNVR,RG,4600,10,F,ZP,PD,D
14:42:13,UNVR,RG,4600,1,F,ZP,NI,D
14:42:13,UNVR,RG,4600,100,F,ZP,YP,D
14:42:13,UNVR,RG,4600,2,F,ZP,XC,D
14:42:13,UNVR,RG,4600,2,F,ZP,PD,D
14:42:13,UNVR,RG,4600,15,F,ZP,LG,D
14:42:13,UNVR,RG,4600,5,F,ZP,PD,D
14:42:13,UNVR,RG,4600,2,F,ZP,PD,D
14:42:13,UNVR,RG,4600,10,F,ZP,YP,D
14:42:13,UNVR,RG,4600,5,F,ZP,YP,D
14:42:11,UNVR,RG,4590,15,D,EP,YB,D
14:42:07,UNVR,RG,4600,1,D,XC,YP,D
14:42:05,UNVR,RG,4590,20,D,EP,AP,D
14:41:57,UNVR,RG,4590,1,D,EP,KK,D
14:41:51,UNVR,RG,4600,1,D,CC,YP,D
14:41:48,UNVR,RG,4600,14,F,BK,YP,D
14:41:45,UNVR,RG,4600,5,D,YB,YP,D
14:41:41,UNVR,RG,4600,5,D,CC,YP,D
14:41:39,UNVR,RG,4600,10,D,LG,YP,D
14:41:36,UNVR,RG,4600,10,D,RX,YP,D
14:41:35,UNVR,RG,4600,2,D,YP,YP,D
14:41:32,UNVR,RG,4600,100,D,PD,YP,D
14:41:28,UNVR,RG,4600,4,D,DX,YP,D
14:41:27,UNVR,RG,4600,3,D,XC,YP,D
14:41:25,UNVR,RG,4600,10,D,DR,YP,D
14:41:19,UNVR,RG,4600,33,D,GR,YP,D
14:41:19,UNVR,RG,4600,20,D,YP,YP,D
14:41:19,UNVR,RG,4600,69,F,CS,YP,D
14:41:19,UNVR,RG,4600,2,D,XC,YP,D
14:41:11,UNVR,RG,4600,1,D,YP,YP,D
14:41:06,UNVR,RG,4600,50,D,YP,YP,D
14:41:00,UNVR,RG,4600,2,D,YP,YP,D
14:41:00,UNVR,RG,4600,53,D,CC,YP,D
14:41:00,UNVR,RG,4600,10,D,CC,DR,D
14:41:00,UNVR,RG,4600,1,D,CC,DR,D
14:41:00,UNVR,RG,4600,10,D,CC,YP,D
14:41:00,UNVR,RG,4600,50,D,CC,NI,D
14:41:00,UNVR,RG,4600,11,D,CC,YP,D
14:41:00,UNVR,RG,4600,1,D,CC,XC,D
14:41:00,UNVR,RG,4600,3,D,CC,YP,D
14:41:00,UNVR,RG,4600,10,D,CC,PD,D
14:41:00,UNVR,RG,4600,1,D,CC,HP,D
14:40:54,UNVR,RG,4600,21,D,YP,HP,D
14:40:54,UNVR,RG,4600,1,D,YP,YP,D
14:40:54,UNVR,RG,4600,1,D,YP,PD,D
14:40:54,UNVR,RG,4600,1,D,YP,XL,D
14:40:54,UNVR,RG,4600,1,D,YP,XC,D
14:40:54,UNVR,RG,4600,2,D,YP,PD,D
14:40:54,UNVR,RG,4600,15,D,YP,PD,D
14:40:54,UNVR,RG,4600,1,D,YP,EP,D
14:40:54,UNVR,RG,4600,1,D,YP,AZ,D
14:40:54,UNVR,RG,4600,2,D,YP,CC,D
14:40:54,UNVR,RG,4600,4,D,YP,CC,D
14:40:51,UNVR,RG,4600,3,D,CC,CC,D
14:40:47,UNVR,RG,4600,1,D,DR,CC,D
14:40:46,UNVR,RG,4600,5,D,LG,CC,D
14:40:45,UNVR,RG,4600,1,D,YP,CC,D
14:40:43,UNVR,RG,4600,6,D,KK,CC,D
14:40:43,UNVR,RG,4600,4,D,KK,CC,D
14:40:41,UNVR,RG,4600,6,D,EP,CC,D
14:40:41,UNVR,RG,4600,3,D,EP,CC,D
14:40:41,UNVR,RG,4600,2,D,EP,NI,D
14:40:41,UNVR,RG,4600,4,D,EP,EP,D
14:40:37,UNVR,RG,4600,11,D,RX,EP,D
14:40:27,UNVR,RG,4600,35,D,YB,EP,D
14:40:27,UNVR,RG,4600,1,D,YB,XC,D
14:40:27,UNVR,RG,4600,1,D,YB,NI,D
14:40:27,UNVR,RG,4600,13,D,YB,KK,D
14:40:22,UNVR,RG,4600,3,D,DR,KK,D
14:40:22,UNVR,RG,4600,2,D,DR,PD,D
14:40:22,UNVR,RG,4600,10,D,DR,PD,D
14:40:22,UNVR,RG,4600,3,D,DR,XL,D
14:40:22,UNVR,RG,4600,5,D,DR,SQ,D
14:40:22,UNVR,RG,4600,17,D,DR,PD,D
14:40:11,UNVR,RG,4600,1,D,XC,PD,D
14:40:09,UNVR,RG,4600,2,D,CC,PD,D
14:40:07,UNVR,RG,4600,5,D,XL,PD,D
14:40:07,UNVR,RG,4600,10,D,XL,XC,D
14:40:07,UNVR,RG,4600,5,D,XL,KK,D
14:40:06,UNVR,RG,4600,45,D,DR,KK,D
14:40:06,UNVR,RG,4600,10,D,DR,YP,D
14:40:06,UNVR,RG,4600,20,D,DR,OD,D
14:40:06,UNVR,RG,4600,5,D,DR,PD,D
14:40:06,UNVR,RG,4600,2,D,DR,XL,D
14:40:06,UNVR,RG,4600,2,D,DR,KK,D
14:40:06,UNVR,RG,4600,5,D,DR,XC,D
14:40:06,UNVR,RG,4600,1,D,DR,YP,D
14:40:06,UNVR,RG,4600,1,D,DR,PD,D
14:40:06,UNVR,RG,4600,5,D,DR,LG,D
14:40:06,UNVR,RG,4600,42,D,DR,KK,D
14:40:06,UNVR,RG,4600,2,D,DR,PD,D
14:40:06,UNVR,RG,4600,15,D,DR,CC,D
14:40:06,UNVR,RG,4600,2,D,DR,XC,D
14:40:06,UNVR,RG,4600,43,D,DR,SQ,D
14:40:06,UNVR,RG,4600,7,D,OD,SQ,D
14:40:06,UNVR,RG,4600,1,D,OD,YP,D
14:40:06,UNVR,RG,4600,2,D,OD,YP,D
14:40:05,UNVR,RG,4600,1,D,DR,YP,D
14:40:03,UNVR,RG,4600,1,D,YP,YP,D
14:40:01,UNVR,RG,4590,3,D,EP,CC,D
14:40:01,UNVR,RG,4600,6,D,NI,YP,D
14:40:01,UNVR,RG,4600,4,D,NI,PD,D
14:39:54,UNVR,RG,4600,6,D,YP,PD,D
14:39:54,UNVR,RG,4600,5,D,YP,LG,D
14:39:54,UNVR,RG,4600,39,D,YP,KK,D
14:39:47,UNVR,RG,4600,2,D,EP,KK,D
14:39:41,UNVR,RG,4590,10,D,EP,KK,D
14:39:39,UNVR,RG,4600,2,D,DR,KK,D
14:39:34,UNVR,RG,4590,20,D,EP,PD,D
14:39:32,UNVR,RG,4590,22,D,EP,XC,D
14:39:29,UNVR,RG,4600,7,D,SQ,KK,D
14:39:29,UNVR,RG,4600,37,D,SQ,DH,D
14:39:23,UNVR,RG,4590,1,D,EP,XC,D
14:39:23,UNVR,RG,4600,10,D,YP,DH,D
14:39:22,UNVR,RG,4590,6,D,EP,PD,D
14:39:22,UNVR,RG,4590,1,D,NI,PD,D
14:39:22,UNVR,RG,4590,1,F,BK,PD,D
14:39:22,UNVR,RG,4590,2,D,DR,PD,D
14:39:22,UNVR,RG,4600,11,D,LG,DH,D
14:39:12,UNVR,RG,4590,1,D,DR,XL,D
14:39:06,UNVR,RG,4590,1,D,DR,DH,D
14:38:57,UNVR,RG,4590,1,D,DR,PD,D
14:38:57,UNVR,RG,4590,9,F,BK,PD,D
14:38:53,UNVR,RG,4590,44,F,BK,GR,D
14:38:53,UNVR,RG,4590,311,F,CC,GR,D
14:38:49,UNVR,RG,4600,50,D,ZP,DH,D
14:38:48,UNVR,RG,4590,2,F,CC,KK,D
14:38:32,UNVR,RG,4590,2,F,CC,XL,D
14:38:31,UNVR,RG,4590,10,F,CC,PD,D
14:38:19,UNVR,RG,4590,10,F,CC,XC,D
14:38:19,UNVR,RG,4590,200,F,CC,YJ,D
14:38:12,UNVR,RG,4590,50,F,CC,YU,D
14:38:07,UNVR,RG,4600,10,D,YP,DH,D
14:38:04,UNVR,RG,4600,50,D,NI,DH,D
14:38:03,UNVR,RG,4590,47,F,CC,DR,D
14:38:03,UNVR,RG,4590,3,F,ZP,DR,D
14:38:03,UNVR,RG,4590,2,D,GR,DR,D
14:38:03,UNVR,RG,4590,2,D,SQ,DR,D
14:38:03,UNVR,RG,4590,95,F,ZP,DR,D
14:38:03,UNVR,RG,4590,4,F,CS,DR,D
14:38:03,UNVR,RG,4590,4,F,CS,DR,D
14:38:03,UNVR,RG,4590,1,F,ZP,DR,D
14:38:03,UNVR,RG,4590,37,F,ZP,DR,D
14:38:03,UNVR,RG,4590,105,F,ZP,DR,D
14:37:55,UNVR,RG,4590,28,F,ZP,YP,D
14:37:55,UNVR,RG,4590,1,F,ZP,YP,D
14:37:55,UNVR,RG,4590,6,F,ZP,YP,D
14:37:55,UNVR,RG,4590,1,D,XC,YP,D
14:37:55,UNVR,RG,4590,4,D,XC,YP,D
14:37:45,UNVR,RG,4600,2,F,CS,DH,D
14:37:45,UNVR,RG,4590,1,F,CC,PD,D
14:37:45,UNVR,RG,4590,1,F,CC,PD,D
14:37:45,UNVR,RG,4590,4,F,CC,CS,F
14:37:45,UNVR,RG,4590,3,F,CC,CS,F
14:37:45,UNVR,RG,4590,10,F,CC,CC,D
14:37:45,UNVR,RG,4590,17,F,CC,YU,F
14:37:45,UNVR,RG,4590,1,F,CC,YP,D
14:37:45,UNVR,RG,4590,3,F,CC,XA,D
14:37:45,UNVR,RG,4590,6,F,CC,YP,D
14:37:40,UNVR,RG,4590,18,D,SQ,YP,D
14:37:40,UNVR,RG,4590,21,D,SQ,YP,D
14:37:40,UNVR,RG,4590,9,D,SQ,YP,D
14:37:39,UNVR,RG,4580,1,D,YU,PD,D
14:37:39,UNVR,RG,4590,1,F,CS,YP,D
14:37:39,UNVR,RG,4590,23,D,YP,YP,D
14:37:39,UNVR,RG,4590,20,D,YP,PD,D
14:37:39,UNVR,RG,4590,5,D,YP,CC,D
14:37:39,UNVR,RG,4590,27,D,YP,YU,F
14:37:39,UNVR,RG,4590,20,D,YP,AI,D
14:37:39,UNVR,RG,4590,30,D,YP,YP,D
14:37:39,UNVR,RG,4590,1,D,YP,YU,F
14:37:37,UNVR,RG,4590,12,D,EP,YU,F
14:37:37,UNVR,RG,4590,10,F,CC,YU,F
14:37:37,UNVR,RG,4590,41,F,CC,LS,D
14:37:35,UNVR,RG,4590,4,F,CS,LS,D
14:37:35,UNVR,RG,4590,50,D,YB,LS,D
14:37:31,UNVR,RG,4590,2,D,XL,LS,D
14:37:27,UNVR,RG,4580,1,D,YU,YP,D
14:37:27,UNVR,RG,4590,3,D,PD,LS,D
14:37:27,UNVR,RG,4590,5,D,PD,AT,D
14:37:27,UNVR,RG,4590,3,D,PD,KK,D
14:37:27,UNVR,RG,4590,157,D,PD,YU,F
14:37:27,UNVR,RG,4590,7,D,PD,EP,D
14:37:27,UNVR,RG,4590,12,D,PD,CS,F
14:37:27,UNVR,RG,4590,1,D,PD,CS,F
14:37:27,UNVR,RG,4590,1,D,PD,CC,D
14:37:27,UNVR,RG,4590,3,D,PD,GR,D
14:37:27,UNVR,RG,4590,22,D,PD,YU,F
14:37:27,UNVR,RG,4590,5,D,PD,PD,D
14:37:27,UNVR,RG,4590,169,D,PD,CC,F
14:37:27,UNVR,RG,4590,20,D,PD,YU,F
14:37:27,UNVR,RG,4590,25,D,PD,XA,D
14:37:27,UNVR,RG,4590,5,D,PD,CS,F
14:37:27,UNVR,RG,4590,3,D,PD,YP,D
14:37:27,UNVR,RG,4590,24,D,PD,YU,F
14:37:27,UNVR,RG,4590,35,D,PD,YP,D
14:37:25,UNVR,RG,4590,5,F,CC,YP,D
14:37:25,UNVR,RG,4590,10,F,CC,YP,D
14:37:25,UNVR,RG,4590,1,F,CC,YP,D
14:37:25,UNVR,RG,4590,191,F,CC,YU,F
14:37:25,UNVR,RG,4590,1,D,AZ,YU,F
14:37:21,UNVR,RG,4590,11,D,SQ,YU,F
14:37:18,UNVR,RG,4590,10,F,CC,YU,F
14:37:18,UNVR,RG,4590,2,F,CC,BK,F
14:37:18,UNVR,RG,4590,1,F,CC,NI,D
14:37:18,UNVR,RG,4590,15,F,CC,AK,F
14:37:18,UNVR,RG,4590,8,F,CC,CS,F
14:37:18,UNVR,RG,4590,2,F,CC,YP,D
14:37:18,UNVR,RG,4590,20,F,CC,CC,D
14:37:18,UNVR,RG,4590,49,F,CC,AT,D
14:37:17,UNVR,RG,4590,25,D,SQ,AT,D
14:37:14,UNVR,RG,4590,22,D,SQ,AT,D
14:37:10,UNVR,RG,4590,1,D,YP,AT,D
14:37:10,UNVR,RG,4590,20,D,KK,AT,D
14:37:09,UNVR,RG,4590,10,F,CC,AT,D
14:37:04,UNVR,RG,4590,155,F,ZP,AT,D
14:37:04,UNVR,RG,4590,218,D,YP,AT,D
14:37:04,UNVR,RG,4590,32,D,YP,PC,D
14:37:03,UNVR,RG,4590,10,F,ZP,PC,D
14:37:03,UNVR,RG,4590,115,F,CC,PC,D
14:37:01,UNVR,RG,4590,30,D,SQ,PC,D
14:37:01,UNVR,RG,4590,34,D,SQ,PC,D
14:37:01,UNVR,RG,4590,15,D,SQ,PC,D
14:36:58,UNVR,RG,4590,100,D,DR,PC,D
14:36:57,UNVR,RG,4590,5,D,CC,PC,D
14:36:56,UNVR,RG,4590,2,D,NI,PC,D
14:36:56,UNVR,RG,4590,10,D,YP,PC,D
14:36:53,UNVR,RG,4590,268,F,CC,PC,D
14:36:48,UNVR,RG,4590,1,D,XC,PC,D
14:36:47,UNVR,RG,4590,100,D,DR,PC,D
14:36:44,UNVR,RG,4590,1,D,YP,PC,D
14:36:43,UNVR,RG,4590,50,D,PD,PC,D
14:36:41,UNVR,RG,4590,2,D,YP,PC,D
14:36:38,UNVR,RG,4590,1,D,XC,PC,D
14:36:38,UNVR,RG,4590,1,D,YU,PC,D
14:36:37,UNVR,RG,4590,25,D,PD,PC,D
14:36:37,UNVR,RG,4590,13,D,YP,PC,D
14:36:37,UNVR,RG,4590,5,F,AK,PC,D
14:36:37,UNVR,RG,4590,5,F,AK,PC,D
14:36:37,UNVR,RG,4590,428,F,CC,PC,D
14:36:33,UNVR,RG,4590,1,D,XC,PC,D
14:36:33,UNVR,RG,4590,11,F,AK,PC,D
14:36:33,UNVR,RG,4590,21,F,AK,PC,D
14:36:33,UNVR,RG,4590,200,D,YP,PC,D
14:36:31,UNVR,RG,4590,43,F,AK,PC,D
14:36:31,UNVR,RG,4590,86,F,AK,PC,D
14:36:30,UNVR,RG,4590,172,F,AK,PC,D
14:36:30,UNVR,RG,4590,126,F,CC,PC,D
14:36:29,UNVR,RG,4590,62,D,YP,PC,D
14:36:24,UNVR,RG,4590,1,D,XC,PC,D
14:36:23,UNVR,RG,4590,24,F,CC,PC,D
14:36:23,UNVR,RG,4590,1,F,CC,PD,D
14:36:23,UNVR,RG,4590,146,F,CC,ES,D
14:36:21,UNVR,RG,4590,1,D,CC,ES,D
14:36:19,UNVR,RG,4590,5,D,NI,ES,D
14:36:11,UNVR,RG,4590,15,D,YP,ES,D
14:36:07,UNVR,RG,4590,1,D,YP,ES,D
14:36:01,UNVR,RG,4590,3,D,NI,ES,D
14:36:00,UNVR,RG,4580,1,D,YU,AT,D
14:35:58,UNVR,RG,4590,29,F,ZP,ES,D
14:35:58,UNVR,RG,4590,7,F,ZP,YU,F
14:35:58,UNVR,RG,4590,16,F,ZP,YU,F
14:35:57,UNVR,RG,4590,13,D,PD,YU,F
14:35:57,UNVR,RG,4590,987,D,PD,LG,D
14:35:39,UNVR,RG,4590,13,D,IF,LG,D
14:35:39,UNVR,RG,4590,100,D,IF,YB,D
14:35:39,UNVR,RG,4590,187,D,IF,PD,D
14:35:32,UNVR,RG,4590,1,D,PD,PD,D
14:35:31,UNVR,RG,4590,12,D,GR,PD,D
14:35:31,UNVR,RG,4590,43,D,GR,ES,D
14:35:29,UNVR,RG,4590,66,D,CC,ES,D
14:35:24,UNVR,RG,4590,91,D,EP,ES,D
14:35:24,UNVR,RG,4590,5,D,EP,YP,D
14:35:24,UNVR,RG,4590,38,D,EP,YP,D
14:35:20,UNVR,RG,4590,3,D,YP,YP,D
14:35:17,UNVR,RG,4590,76,D,YP,YP,D
14:35:17,UNVR,RG,4590,5,D,YP,CC,D
14:35:17,UNVR,RG,4590,5,D,YP,PD,D
14:35:17,UNVR,RG,4590,1,D,YP,BK,F
14:35:11,UNVR,RG,4590,600,D,PD,BK,F
14:35:11,UNVR,RG,4590,25,D,PD,YU,D
14:35:11,UNVR,RG,4590,51,D,PD,OD,D
14:35:11,UNVR,RG,4590,1,D,PD,YP,D
14:35:11,UNVR,RG,4590,200,D,PD,GR,D
14:35:11,UNVR,RG,4590,5,D,PD,KK,D
14:35:11,UNVR,RG,4590,118,D,PD,PD,D
14:35:04,UNVR,RG,4580,1,D,YU,XC,D
14:35:01,UNVR,RG,4580,1,D,YU,CC,D
14:34:59,UNVR,RG,4580,1,D,YU,XC,D
14:34:43,UNVR,RG,4580,1,D,YU,YP,D
14:34:24,UNVR,RG,4590,7,D,PD,PD,D
14:34:20,UNVR,RG,4580,18,D,YU,BK,F
14:34:20,UNVR,RG,4580,30,D,YU,CC,D
14:34:18,UNVR,RG,4590,10,D,NI,PD,D
14:34:16,UNVR,RG,4590,28,D,CC,PD,D
14:34:15,UNVR,RG,4590,2,D,YP,PD,D
14:34:07,UNVR,RG,4580,3,D,YU,PD,D
14:34:05,UNVR,RG,4590,1,D,KK,PD,D
14:34:01,UNVR,RG,4580,16,D,YU,BK,F
14:33:58,UNVR,RG,4590,1,D,YP,PD,D
14:33:56,UNVR,RG,4580,32,D,YU,BK,F
14:33:54,UNVR,RG,4590,1,D,SQ,PD,D
14:33:54,UNVR,RG,4590,9,D,SQ,YU,D
14:33:52,UNVR,RG,4580,115,D,YU,BK,F
14:33:50,UNVR,RG,4590,1,D,PD,YU,D
14:33:50,UNVR,RG,4590,1,D,PD,AK,F
14:33:48,UNVR,RG,4580,360,D,YU,BK,F
14:33:48,UNVR,RG,4580,5,D,CC,BK,F
14:33:48,UNVR,RG,4580,24,F,CS,BK,F
14:33:48,UNVR,RG,4580,5,D,PD,BK,F
14:33:48,UNVR,RG,4580,1,D,YP,BK,F
14:33:48,UNVR,RG,4580,15,D,EP,BK,F
14:33:48,UNVR,RG,4580,1,D,XC,BK,F
14:33:48,UNVR,RG,4580,2,D,YB,BK,F
14:33:48,UNVR,RG,4580,14,F,AK,BK,F
14:33:48,UNVR,RG,4580,11,D,XL,BK,F
14:33:48,UNVR,RG,4580,29,F,ZP,BK,F
14:33:48,UNVR,RG,4580,24,F,BK,BK,F
14:33:47,UNVR,RG,4590,3,D,EP,AK,F
14:33:45,UNVR,RG,4590,9,F,ZP,BK,F
14:33:45,UNVR,RG,4590,33,F,AK,BK,F
14:33:45,UNVR,RG,4590,1,D,YP,BK,F
14:33:45,UNVR,RG,4590,5,D,PD,BK,F
14:33:45,UNVR,RG,4590,109,D,XL,BK,F
14:33:45,UNVR,RG,4590,4,D,YP,BK,F
14:33:45,UNVR,RG,4590,1,F,ZP,PD,D
14:33:45,UNVR,RG,4590,245,F,ZP,DR,D
14:33:45,UNVR,RG,4590,66,F,CS,DR,D
14:33:45,UNVR,RG,4590,1,D,CC,DR,D
14:33:45,UNVR,RG,4590,112,F,CS,DR,D
14:33:45,UNVR,RG,4590,1,D,CC,DR,D
14:33:45,UNVR,RG,4590,10,D,GR,DR,D
14:33:45,UNVR,RG,4590,8,D,XC,DR,D
14:33:45,UNVR,RG,4590,20,D,PD,DR,D
14:33:45,UNVR,RG,4590,28,F,BK,DR,D
14:33:45,UNVR,RG,4590,70,D,YP,DR,D
14:33:45,UNVR,RG,4590,3,D,CC,DR,D
14:33:45,UNVR,RG,4590,1,D,SQ,DR,D
14:33:45,UNVR,RG,4590,20,D,CP,DR,D
14:33:45,UNVR,RG,4590,18,D,PD,DR,D
14:33:45,UNVR,RG,4590,1,D,YP,DR,D
14:33:45,UNVR,RG,4590,70,D,CC,DR,D
14:33:45,UNVR,RG,4590,1,D,PD,DR,D
14:33:45,UNVR,RG,4590,5,D,CC,DR,D
14:33:45,UNVR,RG,4590,3,D,YP,DR,D
14:33:45,UNVR,RG,4590,10,D,MG,DR,D
14:33:45,UNVR,RG,4590,4,D,XC,DR,D
14:33:45,UNVR,RG,4590,1,D,XC,DR,D
14:33:45,UNVR,RG,4590,2,D,KK,DR,D
14:33:45,UNVR,RG,4590,40,F,CS,DR,D
14:33:45,UNVR,RG,4590,29,F,ZP,DR,D
14:33:45,UNVR,RG,4590,6,F,ZP,DR,D
14:33:45,UNVR,RG,4590,43,F,CS,DR,D
14:33:45,UNVR,RG,4590,14,F,CS,DR,D
14:33:45,UNVR,RG,4590,219,D,SQ,DR,D
14:33:45,UNVR,RG,4590,1,D,PD,DR,D
14:33:45,UNVR,RG,4590,5,D,PD,DR,D
14:33:45,UNVR,RG,4590,20,D,TF,DR,D
14:33:45,UNVR,RG,4590,1,D,NI,DR,D
14:33:45,UNVR,RG,4590,1,D,SQ,DR,D
14:33:45,UNVR,RG,4590,6,D,YB,DR,D
14:33:45,UNVR,RG,4590,26,F,BK,DR,D
14:33:45,UNVR,RG,4590,4,F,CS,DR,D
14:33:45,UNVR,RG,4590,25,F,CS,DR,D
14:33:45,UNVR,RG,4590,7,F,CS,DR,D
14:33:45,UNVR,RG,4590,4,F,CS,DR,D
14:33:45,UNVR,RG,4590,1,F,CS,DR,D
14:33:45,UNVR,RG,4590,24,F,CS,DR,D
14:33:45,UNVR,RG,4590,75,D,YP,DR,D
14:33:45,UNVR,RG,4590,30,F,ZP,DR,D
14:33:45,UNVR,RG,4590,15,D,CC,DR,D
14:33:45,UNVR,RG,4590,9,F,CC,DR,D
14:33:45,UNVR,RG,4590,2,D,XL,DR,D
14:33:45,UNVR,RG,4590,10,D,YP,DR,D
14:33:45,UNVR,RG,4590,1,D,EP,DR,D
14:33:45,UNVR,RG,4590,49,D,YP,DR,D
14:33:45,UNVR,RG,4590,80,D,IF,DR,D
14:33:45,UNVR,RG,4590,10,D,YU,DR,D
14:33:45,UNVR,RG,4590,100,D,OD,DR,D
14:33:45,UNVR,RG,4590,35,D,RX,DR,D
14:33:45,UNVR,RG,4590,5,D,AG,DR,D
14:33:45,UNVR,RG,4590,59,D,DR,DR,D
14:33:45,UNVR,RG,4590,20,D,LG,DR,D
14:33:45,UNVR,RG,4590,5,D,YP,DR,D
14:33:45,UNVR,RG,4590,51,F,AK,DR,D
14:33:45,UNVR,RG,4590,10,F,AK,DR,D
14:33:45,UNVR,RG,4590,2,D,NI,DR,D
14:33:45,UNVR,RG,4590,10,D,YP,DR,D
14:33:45,UNVR,RG,4590,86,F,BK,DR,D
14:33:45,UNVR,RG,4590,50,D,YP,DR,D
14:33:45,UNVR,RG,4590,25,D,AZ,DR,D
14:33:45,UNVR,RG,4590,4,F,BK,DR,D
14:33:45,UNVR,RG,4590,81,F,ZP,DR,D
14:33:45,UNVR,RG,4590,24,F,ZP,BK,F
14:33:40,UNVR,RG,4590,25,F,ZP,GR,D
14:33:39,UNVR,RG,4600,10,D,GR,DH,D
14:33:37,UNVR,RG,4600,9,D,LS,DH,D
14:33:33,UNVR,RG,4590,22,F,ZP,BK,F
14:33:33,UNVR,RG,4590,8,F,ZP,XL,D
14:33:32,UNVR,RG,4590,19,F,ZP,YP,D
14:33:32,UNVR,RG,4590,25,F,ZP,XA,D
14:33:30,UNVR,RG,4590,22,F,ZP,BK,F
14:33:29,UNVR,RG,4590,50,F,ZP,LG,D
14:33:28,UNVR,RG,4590,24,F,ZP,BK,F
14:33:26,UNVR,RG,4600,10,D,SQ,DH,D
14:33:26,UNVR,RG,4600,1,F,ZP,DH,D
14:33:26,UNVR,RG,4600,7,F,ZP,YP,D
14:33:25,UNVR,RG,4590,79,F,ZP,BK,F
14:33:22,UNVR,RG,4590,60,F,ZP,YP,D
14:33:22,UNVR,RG,4590,35,F,CS,YP,D
14:33:22,UNVR,RG,4590,5,F,ZP,YP,D
14:33:22,UNVR,RG,4590,62,F,ZP,YP,D
14:33:22,UNVR,RG,4590,5,F,ZP,YP,D
14:33:22,UNVR,RG,4590,73,F,CS,YP,D
14:33:22,UNVR,RG,4590,5,F,CS,YP,D
14:33:22,UNVR,RG,4590,8,F,CS,YP,D
14:33:22,UNVR,RG,4590,65,F,CS,YP,D
14:33:22,UNVR,RG,4590,277,D,YP,YP,D
14:33:19,UNVR,RG,4590,2,D,YP,YP,D
14:33:18,UNVR,RG,4600,1,D,PD,YP,D
14:33:18,UNVR,RG,4600,1,D,PD,PD,D
14:33:16,UNVR,RG,4600,1,D,YP,PD,D
14:33:16,UNVR,RG,4600,30,D,YP,YP,D
14:33:16,UNVR,RG,4600,57,D,YP,CC,D
14:33:16,UNVR,RG,4600,1,D,YP,LS,D
14:33:16,UNVR,RG,4600,1,D,YP,XC,D
14:33:16,UNVR,RG,4600,200,D,YP,RF,D
14:33:16,UNVR,RG,4600,1,D,YP,YP,D
14:33:16,UNVR,RG,4600,10,D,YP,PD,D
14:33:16,UNVR,RG,4600,1,D,YP,GR,D
14:33:16,UNVR,RG,4600,20,D,YP,YP,D
14:33:16,UNVR,RG,4600,64,D,YP,YP,D
14:33:06,UNVR,RG,4600,4,F,ZP,YP,D
14:32:53,UNVR,RG,4600,10,D,YP,YP,D
14:32:51,UNVR,RG,4600,4,F,ZP,YP,D
14:32:41,UNVR,RG,4590,6,D,YP,EP,D
14:32:35,UNVR,RG,4600,5,F,ZP,YP,D
14:32:32,UNVR,RG,4590,25,D,YP,XA,D
14:32:32,UNVR,RG,4590,1,D,YP,YP,D
14:32:22,UNVR,RG,4590,2,D,YP,YP,D
14:32:19,UNVR,RG,4600,6,F,ZP,YP,D
14:32:19,UNVR,RG,4600,7,D,YP,YP,D
14:32:19,UNVR,RG,4600,1,D,YP,XL,D
14:32:19,UNVR,RG,4600,2,D,YP,NI,D
14:32:17,UNVR,RG,4600,5,D,AZ,NI,D
14:32:06,UNVR,RG,4600,1,D,XC,XL,D
14:32:06,UNVR,RG,4600,1,D,XC,CC,D
14:32:06,UNVR,RG,4600,1,D,XC,XA,D
14:32:06,UNVR,RG,4600,1,D,XC,YP,D
14:32:01,UNVR,RG,4600,7,F,ZP,OD,D
14:31:54,UNVR,RG,4600,10,D,RX,OD,D
14:31:45,UNVR,RG,4590,114,D,YP,CC,D
14:31:44,UNVR,RG,4600,2,D,PD,OD,D
14:31:43,UNVR,RG,4600,5,F,ZP,OD,D
14:31:37,UNVR,RG,4600,1,D,XL,OD,D
14:31:36,UNVR,RG,4590,1,D,YP,YP,D
14:31:28,UNVR,RG,4600,7,F,ZP,OD,D
14:31:25,UNVR,RG,4590,3,D,YP,EP,D
14:31:24,UNVR,RG,4590,1,D,YP,XC,D
14:31:22,UNVR,RG,4600,11,D,YP,OD,D
14:31:22,UNVR,RG,4600,11,D,KK,OD,D
14:31:22,UNVR,RG,4600,1,D,YP,OD,D
14:31:22,UNVR,RG,4600,50,D,YP,OD,D
14:31:22,UNVR,RG,4600,30,D,KK,OD,D
14:31:22,UNVR,RG,4600,1,D,PD,OD,D
14:31:22,UNVR,RG,4600,31,F,CS,OD,D
14:31:22,UNVR,RG,4600,20,F,CS,GR,D
14:31:22,UNVR,RG,4600,1,F,CS,AT,D
14:31:22,UNVR,RG,4600,3,F,CS,SQ,D
14:31:22,UNVR,RG,4600,1,F,CS,PD,D
14:31:22,UNVR,RG,4600,1,F,CS,DR,D
14:31:22,UNVR,RG,4600,1,F,CS,PD,D
14:31:22,UNVR,RG,4600,2,F,CS,DR,D
14:31:22,UNVR,RG,4600,14,F,CS,DR,D
14:31:22,UNVR,RG,4600,3,F,CS,KK,D
14:31:22,UNVR,RG,4600,1,F,CS,PC,D
14:31:22,UNVR,RG,4590,5,D,YP,SQ,D
14:31:22,UNVR,RG,4590,2,D,YP,CC,D
14:31:22,UNVR,RG,4590,1,D,YP,YP,D
14:31:22,UNVR,RG,4590,31,D,YP,YU,F
14:31:22,UNVR,RG,4590,2,D,YP,CC,D
14:31:22,UNVR,RG,4590,40,D,YP,CC,D
14:31:22,UNVR,RG,4590,20,D,YP,OD,D
14:31:22,UNVR,RG,4590,28,D,YP,YU,F
14:31:22,UNVR,RG,4590,15,D,YP,KK,D
14:31:22,UNVR,RG,4590,4,D,YP,AK,F
14:31:22,UNVR,RG,4590,30,D,YP,YU,F
14:31:22,UNVR,RG,4590,25,D,YP,YP,D
14:31:22,UNVR,RG,4590,5,D,YP,CC,D
14:31:22,UNVR,RG,4590,25,D,YP,XA,D
14:31:22,UNVR,RG,4590,5,D,YP,YP,D
14:31:22,UNVR,RG,4590,1,D,YP,KK,D
14:31:22,UNVR,RG,4590,21,D,YP,YU,F
14:31:22,UNVR,RG,4590,1,D,YP,XL,D
14:31:22,UNVR,RG,4590,21,D,YP,KK,D
14:31:22,UNVR,RG,4590,325,D,YP,NI,D
14:31:22,UNVR,RG,4590,23,D,YP,YU,F
14:31:22,UNVR,RG,4590,1,D,YP,PD,D
14:31:22,UNVR,RG,4590,2,D,YP,GR,D
14:31:22,UNVR,RG,4590,14,D,YP,CS,F
14:31:22,UNVR,RG,4590,21,D,YP,YU,F
14:31:22,UNVR,RG,4590,1,D,YP,YP,D
14:31:22,UNVR,RG,4590,1,D,YP,NI,D
14:31:22,UNVR,RG,4590,35,D,YP,YP,D
14:31:22,UNVR,RG,4590,1,D,YP,NI,D
14:31:22,UNVR,RG,4590,17,D,YP,YU,F
14:31:22,UNVR,RG,4590,100,D,YP,CC,D
14:31:22,UNVR,RG,4590,30,D,YP,YP,D
14:31:22,UNVR,RG,4590,2,D,YP,NI,D
14:31:22,UNVR,RG,4590,25,D,YP,YP,D
14:31:22,UNVR,RG,4590,17,D,YP,YU,F
14:31:22,UNVR,RG,4590,2,D,YP,XC,D
14:31:22,UNVR,RG,4590,2,D,YP,BK,F
14:31:22,UNVR,RG,4590,72,D,YP,YP,D
14:31:22,UNVR,RG,4590,4,D,YP,AK,F
14:31:22,UNVR,RG,4590,19,D,YP,YU,F
14:31:22,UNVR,RG,4590,22,D,YP,YU,F
14:31:22,UNVR,RG,4590,1,D,YP,CC,D
14:31:22,UNVR,RG,4590,17,D,YP,YU,F
14:31:22,UNVR,RG,4590,50,D,YP,CC,F
14:31:22,UNVR,RG,4590,566,D,YP,BK,F
14:31:22,UNVR,RG,4590,10,D,YP,CC,D
14:31:22,UNVR,RG,4590,10,D,YP,YP,D
14:31:22,UNVR,RG,4590,9,D,YP,DR,D
14:31:22,UNVR,RG,4590,100,D,YP,NI,D
14:31:22,UNVR,RG,4590,182,D,YP,BK,F
14:31:20,UNVR,RG,4590,25,D,DR,BK,F
14:31:17,UNVR,RG,4590,6,D,CC,BK,F
14:31:15,UNVR,RG,4590,3,D,ZP,BK,F
14:31:13,UNVR,RG,4590,1,D,DH,BK,F
14:31:12,UNVR,RG,4590,35,D,YB,BK,F
14:31:12,UNVR,RG,4590,215,D,YB,BK,F
14:31:10,UNVR,RG,4590,7,F,ZP,BK,F
14:31:10,UNVR,RG,4590,54,F,AK,BK,F
14:31:10,UNVR,RG,4590,55,D,MG,BK,F
14:31:10,UNVR,RG,4590,15,D,MG,CC,D
14:31:10,UNVR,RG,4590,50,D,MG,MU,D
14:31:10,UNVR,RG,4590,15,D,MG,YP,D
14:31:10,UNVR,RG,4590,50,D,MG,YP,D
14:31:10,UNVR,RG,4590,1,D,MG,LS,D
14:31:10,UNVR,RG,4590,2,D,MG,XC,D
14:31:10,UNVR,RG,4590,500,D,MG,LG,D
14:31:10,UNVR,RG,4590,312,D,MG,ZP,D
14:31:08,UNVR,RG,4590,10,D,YB,ZP,D
14:31:08,UNVR,RG,4590,250,D,YB,ZP,D
14:31:07,UNVR,RG,4580,27,F,BK,BK,F
14:31:05,UNVR,RG,4590,5,D,PD,ZP,D
14:31:05,UNVR,RG,4580,30,F,BK,BK,F
14:31:02,UNVR,RG,4580,33,F,BK,BK,F
14:31:02,UNVR,RG,4580,35,F,ZP,BK,F
14:31:02,UNVR,RG,4580,9,F,CS,BK,F
14:31:02,UNVR,RG,4580,33,F,ZP,BK,F
14:31:00,UNVR,RG,4590,29,F,CS,ZP,D
14:31:00,UNVR,RG,4590,13,F,AK,ZP,D
14:31:00,UNVR,RG,4590,181,F,ZP,ZP,D
14:31:00,UNVR,RG,4590,15,F,ZP,LG,D
14:31:00,UNVR,RG,4590,4,F,ZP,DR,D
14:31:00,UNVR,RG,4590,2,F,ZP,PD,D
14:31:00,UNVR,RG,4590,2,F,ZP,PD,D
14:31:00,UNVR,RG,4590,6,F,ZP,XC,D
14:31:00,UNVR,RG,4590,1,F,ZP,PD,D
14:31:00,UNVR,RG,4590,7,F,ZP,PD,D
14:31:00,UNVR,RG,4590,16,F,ZP,CC,D
14:31:00,UNVR,RG,4590,16,F,ZP,XC,D
14:31:00,UNVR,RG,4590,50,F,ZP,YP,D
14:31:00,UNVR,RG,4590,5,F,ZP,BQ,D
14:31:00,UNVR,RG,4590,5,F,ZP,XC,D
14:31:00,UNVR,RG,4590,36,F,ZP,DR,D
14:31:00,UNVR,RG,4590,100,D,YB,DR,D
14:30:57,UNVR,RG,4580,19,F,ZP,BK,F
14:30:56,UNVR,RG,4590,13,D,RX,DR,D
14:30:52,UNVR,RG,4580,21,F,ZP,BK,F
14:30:52,UNVR,RG,4580,9,F,CS,BK,F
14:30:52,UNVR,RG,4580,38,F,ZP,BK,F
14:30:52,UNVR,RG,4590,7,F,ZP,DR,D
14:30:52,UNVR,RG,4590,5,D,PD,DR,D
14:30:49,UNVR,RG,4590,119,F,ZP,DR,D
14:30:49,UNVR,RG,4590,42,F,ZP,DR,D
14:30:49,UNVR,RG,4590,118,F,ZP,DR,D
14:30:49,UNVR,RG,4590,51,F,ZP,DR,D
14:30:49,UNVR,RG,4590,9,F,ZP,DR,D
14:30:49,UNVR,RG,4590,5,F,ZP,HD,D
14:30:49,UNVR,RG,4590,1,F,ZP,CC,D
14:30:37,UNVR,RG,4590,16,F,BK,CC,D
14:30:33,UNVR,RG,4590,6,F,ZP,CC,D
14:30:33,UNVR,RG,4580,19,F,ZP,BK,F
14:30:30,UNVR,RG,4580,35,F,ZP,BK,F
14:30:26,UNVR,RG,4580,46,F,ZP,YP,D
14:30:26,UNVR,RG,4580,154,F,ZP,YP,D
14:30:24,UNVR,RG,4580,21,F,ZP,BK,F
14:30:22,UNVR,RG,4590,10,D,CC,CC,D
14:30:21,UNVR,RG,4590,5,D,YP,CC,D
14:30:21,UNVR,RG,4590,5,D,YP,CC,D
14:30:14,UNVR,RG,4590,7,F,ZP,CC,D
14:30:14,UNVR,RG,4590,1,F,ZP,YP,D
14:30:14,UNVR,RG,4590,2,F,ZP,XL,D
14:30:09,UNVR,RG,4590,1,F,BK,NI,D
14:30:09,UNVR,RG,4590,1,F,BK,YP,D
14:30:09,UNVR,RG,4590,12,F,BK,HP,D
14:30:07,UNVR,RG,4590,1,D,YB,HP,D
14:29:56,UNVR,RG,4590,2,F,ZP,HP,D
14:29:56,UNVR,RG,4590,1,F,ZP,PD,D
14:29:56,UNVR,RG,4590,6,F,ZP,CC,D
14:29:51,UNVR,RG,4590,1,D,CC,CC,D
14:29:48,UNVR,RG,4580,30,F,ZP,BK,F
14:29:43,UNVR,RG,4580,68,F,ZP,BK,F
14:29:40,UNVR,RG,4590,21,F,ZP,CC,D
14:29:40,UNVR,RG,4590,12,F,ZP,YP,D
14:29:40,UNVR,RG,4590,40,F,ZP,YP,D
14:29:40,UNVR,RG,4590,3,F,ZP,NI,D
14:29:40,UNVR,RG,4590,2,F,ZP,FS,D
14:29:40,UNVR,RG,4590,10,F,ZP,SQ,D
14:29:40,UNVR,RG,4590,5,F,ZP,CP,D
14:29:40,UNVR,RG,4590,1,F,ZP,CC,D
14:29:40,UNVR,RG,4590,1,F,ZP,YP,D
14:29:40,UNVR,RG,4590,1,F,ZP,XC,D
14:29:40,UNVR,RG,4590,10,F,ZP,SQ,D
14:29:40,UNVR,RG,4590,1,F,ZP,YP,D
14:29:40,UNVR,RG,4590,1,F,ZP,PD,D
14:29:40,UNVR,RG,4590,20,F,ZP,LG,D
14:29:40,UNVR,RG,4590,1,F,ZP,XC,D
14:29:40,UNVR,RG,4590,22,F,ZP,XL,D
14:29:40,UNVR,RG,4590,3,F,ZP,YP,D
14:29:40,UNVR,RG,4590,1,F,ZP,YP,D
14:29:40,UNVR,RG,4590,17,F,ZP,PD,D
14:29:40,UNVR,RG,4590,50,F,ZP,PD,D
14:29:40,UNVR,RG,4590,17,F,ZP,PD,D
14:29:39,UNVR,RG,4590,3,D,CD,PD,D
14:29:39,UNVR,RG,4590,25,D,CD,GR,D
14:29:39,UNVR,RG,4590,99,D,CD,YB,D
14:29:37,UNVR,RG,4580,1,F,ZP,YP,D
14:29:36,UNVR,RG,4590,1,F,ZP,YB,D
14:29:36,UNVR,RG,4590,5,F,ZP,YP,D
14:29:36,UNVR,RG,4590,3,F,ZP,SA,D
14:29:33,UNVR,RG,4590,47,F,CS,SA,D
14:29:33,UNVR,RG,4590,10,F,CS,TF,D
14:29:33,UNVR,RG,4590,5,F,CS,CC,D
14:29:33,UNVR,RG,4590,1,F,CS,EP,D
14:29:33,UNVR,RG,4590,7,F,CS,XL,D
14:29:33,UNVR,RG,4590,5,F,CS,YP,D
14:29:33,UNVR,RG,4590,50,F,CS,EP,D
14:29:33,UNVR,RG,4590,3,F,CS,PD,D
14:29:33,UNVR,RG,4590,18,F,CS,YP,D
14:29:33,UNVR,RG,4590,5,F,CS,PD,D
14:29:33,UNVR,RG,4590,1,F,CS,YP,D
14:29:33,UNVR,RG,4590,10,F,CS,KI,D
14:29:33,UNVR,RG,4590,50,F,CS,CC,D
14:29:33,UNVR,RG,4590,10,F,CS,SQ,D
14:29:31,UNVR,RG,4590,10,D,YB,SQ,D
14:29:30,UNVR,RG,4590,13,F,AK,SQ,D
14:29:29,UNVR,RG,4590,1,D,GR,SQ,D
14:29:28,UNVR,RG,4590,2,D,PD,SQ,D
14:29:27,UNVR,RG,4580,7,F,ZP,YU,D
14:29:27,UNVR,RG,4580,28,F,ZP,YU,D
14:29:27,UNVR,RG,4580,5,D,YU,YU,D
14:29:23,UNVR,RG,4590,1,D,LG,SQ,D
14:29:17,UNVR,RG,4590,8,F,ZP,SQ,D
14:29:14,UNVR,RG,4590,5,D,NI,SQ,D
14:29:09,UNVR,RG,4590,10,D,YP,YP,D
14:29:02,UNVR,RG,4590,30,F,CS,YP,D
14:29:02,UNVR,RG,4590,1,F,CS,KK,D
14:29:02,UNVR,RG,4590,2,F,CS,PD,D
14:29:02,UNVR,RG,4590,6,F,ZP,PD,D
14:29:02,UNVR,RG,4590,10,D,CC,PD,D
14:28:56,UNVR,RG,4590,3,D,EP,PD,D
14:28:47,UNVR,RG,4590,8,F,ZP,PD,D
14:28:31,UNVR,RG,4590,3,D,SQ,PD,D
14:28:30,UNVR,RG,4590,23,D,XA,PD,D
14:28:30,UNVR,RG,4590,1,D,XA,YP,D
14:28:30,UNVR,RG,4590,2,D,XA,YP,D
14:28:30,UNVR,RG,4590,4,D,XA,XC,D
14:28:30,UNVR,RG,4590,1,D,XA,XL,D
14:28:30,UNVR,RG,4590,1,D,XA,PD,D
14:28:30,UNVR,RG,4590,5,D,XA,PD,D
14:28:30,UNVR,RG,4590,10,D,XA,YP,D
14:28:30,UNVR,RG,4590,50,D,XA,PG,D
14:28:30,UNVR,RG,4590,20,D,XA,YP,D
14:28:30,UNVR,RG,4590,5,D,XA,TP,D
14:28:30,UNVR,RG,4590,2,D,XA,PD,D
14:28:30,UNVR,RG,4590,5,D,XA,XC,D
14:28:30,UNVR,RG,4590,3,D,XA,PD,D
14:28:30,UNVR,RG,4590,2,D,XA,YB,D
14:28:30,UNVR,RG,4590,50,D,XA,YP,D
14:28:30,UNVR,RG,4590,2,D,XA,XC,D
14:28:30,UNVR,RG,4590,3,D,XA,NI,D
14:28:30,UNVR,RG,4590,2,D,XA,NI,D
14:28:30,UNVR,RG,4590,10,D,XA,SQ,D
14:28:30,UNVR,RG,4590,3,D,XA,YP,D
14:28:30,UNVR,RG,4590,2,D,XA,PD,D
14:28:30,UNVR,RG,4590,1,D,XA,AZ,D
14:28:30,UNVR,RG,4590,1,D,XA,YU,D
14:28:30,UNVR,RG,4590,5,D,XA,CC,D
14:28:30,UNVR,RG,4590,1,D,XA,GR,D
14:28:30,UNVR,RG,4590,5,D,XA,CC,D
14:28:30,UNVR,RG,4590,10,D,XA,PD,D
14:28:30,UNVR,RG,4590,71,D,XA,YP,D
14:28:30,UNVR,RG,4590,6,F,ZP,YP,D
14:28:27,UNVR,RG,4590,15,D,CC,YP,D
14:28:17,UNVR,RG,4590,10,D,YP,YP,D
14:28:14,UNVR,RG,4590,10,D,NI,YP,D
14:28:11,UNVR,RG,4590,7,F,ZP,YP,D
14:28:09,UNVR,RG,4590,140,D,YB,YP,D
14:28:09,UNVR,RG,4590,10,D,YB,CC,D
14:28:09,UNVR,RG,4590,5,D,YB,NI,D
14:28:09,UNVR,RG,4590,20,D,YB,NI,D
14:28:09,UNVR,RG,4590,1,D,YB,NI,D
14:28:09,UNVR,RG,4590,24,D,YB,LG,D
14:28:04,UNVR,RG,4590,1,D,YP,LG,D
14:28:03,UNVR,RG,4580,1,D,YU,YP,D
14:28:00,UNVR,RG,4590,12,F,AK,LG,D
14:27:54,UNVR,RG,4590,11,F,ZP,LG,D
14:27:54,UNVR,RG,4590,12,F,ZP,LG,D
14:27:54,UNVR,RG,4590,5,F,ZP,NI,D
14:27:54,UNVR,RG,4590,3,F,ZP,XC,D
14:27:54,UNVR,RG,4590,2,F,ZP,PD,D
14:27:54,UNVR,RG,4590,6,F,ZP,DH,D
14:27:54,UNVR,RG,4590,50,F,ZP,YP,D
14:27:54,UNVR,RG,4590,5,F,ZP,YP,D
14:27:54,UNVR,RG,4590,1,F,ZP,PD,D
14:27:54,UNVR,RG,4590,10,F,ZP,CC,D
14:27:54,UNVR,RG,4590,5,F,ZP,PD,D
14:27:54,UNVR,RG,4590,10,F,ZP,PD,D
14:27:54,UNVR,RG,4590,1,F,ZP,YP,D
14:27:54,UNVR,RG,4590,10,F,ZP,KK,D
14:27:54,UNVR,RG,4590,44,F,ZP,YB,D
14:27:49,UNVR,RG,4590,1,D,YP,YB,D
14:27:39,UNVR,RG,4590,10,D,RX,YB,D
14:27:36,UNVR,RG,4590,7,F,ZP,YB,D
14:27:32,UNVR,RG,4580,2,D,YU,PD,D
14:27:17,UNVR,RG,4580,1,D,YU,YP,D
14:27:16,UNVR,RG,4590,38,F,ZP,YB,D
14:27:16,UNVR,RG,4590,100,F,ZP,YP,D
14:27:16,UNVR,RG,4590,20,F,ZP,YP,D
14:27:16,UNVR,RG,4590,1,F,ZP,YP,D
14:27:16,UNVR,RG,4590,20,F,ZP,XA,D
14:27:16,UNVR,RG,4580,2,D,YU,NI,D
14:27:16,UNVR,RG,4580,28,D,YU,YU,F
14:27:16,UNVR,RG,4580,468,D,YU,BK,F
14:27:16,UNVR,RG,4580,1,D,YU,LG,D
14:27:16,UNVR,RG,4580,100,D,YU,YP,D
14:27:16,UNVR,RG,4580,1,D,YU,XL,D
14:27:16,UNVR,RG,4580,2,D,YU,YP,D
14:27:16,UNVR,RG,4580,5,D,YU,YP,D
14:27:16,UNVR,RG,4580,2,D,YU,YP,D
14:27:16,UNVR,RG,4580,24,D,YU,YU,F
14:27:16,UNVR,RG,4580,10,D,YU,PD,D
14:27:16,UNVR,RG,4580,17,D,YU,YU,F
14:27:16,UNVR,RG,4580,10,D,YU,NI,D
14:27:16,UNVR,RG,4580,21,D,YU,YU,F
14:27:16,UNVR,RG,4580,6,D,YU,CS,F
14:27:16,UNVR,RG,4580,5,D,YU,PD,D
14:27:16,UNVR,RG,4580,4,D,YU,AK,F
14:27:16,UNVR,RG,4580,5,D,YU,CC,D
14:27:16,UNVR,RG,4580,3,D,YU,YU,F
14:27:16,UNVR,RG,4580,1,D,YU,PD,D
14:27:16,UNVR,RG,4580,25,D,YU,AO,D
14:27:16,UNVR,RG,4580,5,D,YU,YP,D
14:27:16,UNVR,RG,4580,10,D,YU,NI,D
14:27:16,UNVR,RG,4580,3,D,YU,XC,D
14:27:16,UNVR,RG,4580,50,D,YU,YP,D
14:27:16,UNVR,RG,4580,1,D,YU,YP,D
14:27:16,UNVR,RG,4580,10,D,YU,BQ,D
14:27:16,UNVR,RG,4580,12,D,YU,CS,F
14:27:16,UNVR,RG,4580,20,D,YU,YP,D
14:27:16,UNVR,RG,4580,212,D,YU,BK,F
14:27:16,UNVR,RG,4580,25,D,YU,YU,F
14:27:16,UNVR,RG,4580,2,D,YU,YP,D
14:27:16,UNVR,RG,4580,20,D,YU,YU,F
14:27:16,UNVR,RG,4580,1,D,YU,XC,D
14:27:16,UNVR,RG,4580,3,D,YU,YU,F
14:27:16,UNVR,RG,4580,4,D,YU,AK,F
14:27:16,UNVR,RG,4580,2,D,YU,BK,F
14:27:16,UNVR,RG,4580,120,D,YU,AT,D
14:27:16,UNVR,RG,4580,290,D,YU,BK,F
14:27:16,UNVR,RG,4580,50,D,YU,TP,D
14:27:16,UNVR,RG,4580,23,D,YU,YU,F
14:27:16,UNVR,RG,4580,285,D,YU,YU,D
14:27:16,UNVR,RG,4580,49,D,YU,YU,F
14:27:16,UNVR,RG,4580,15,D,YU,CS,F
14:27:16,UNVR,RG,4580,120,D,YU,CC,D
14:27:16,UNVR,RG,4580,21,D,YU,YP,D
14:27:16,UNVR,RG,4580,5,D,YU,YP,D
14:27:16,UNVR,RG,4580,5,D,YU,KK,D
14:27:16,UNVR,RG,4580,1,D,YU,PD,D
14:27:16,UNVR,RG,4580,7,D,YU,XC,D
14:27:16,UNVR,RG,4580,2,D,YU,OD,D
14:27:16,UNVR,RG,4580,1,D,YU,SQ,D
14:27:16,UNVR,RG,4580,33,D,YU,YP,D
14:27:16,UNVR,RG,4580,2,D,YU,DR,D
14:27:16,UNVR,RG,4580,2,D,YU,XC,D
14:27:16,UNVR,RG,4580,2,D,YU,CC,D
14:27:16,UNVR,RG,4580,10,D,YU,YU,D
14:27:16,UNVR,RG,4580,1,D,YU,BQ,D
14:27:16,UNVR,RG,4580,1,D,YU,SQ,D
14:27:16,UNVR,RG,4580,1500,D,YU,LS,D
14:27:16,UNVR,RG,4580,149,D,YU,GR,D
14:27:15,UNVR,RG,4580,3,D,PD,GR,D
14:27:00,UNVR,RG,4580,9,F,AK,GR,D
14:26:43,UNVR,RG,4580,10,D,RX,GR,D
14:26:41,UNVR,RG,4580,29,F,CS,GR,D
14:26:41,UNVR,RG,4580,1,F,CS,DR,D
14:26:41,UNVR,RG,4580,2,F,CS,CC,D
14:26:41,UNVR,RG,4580,1,F,CS,AZ,D
14:26:41,UNVR,RG,4580,10,F,CS,PD,D
14:26:41,UNVR,RG,4580,16,F,CS,LG,D
14:26:12,UNVR,RG,4580,8,D,NI,LG,D
14:26:04,UNVR,RG,4580,10,D,YP,LG,D
14:25:51,UNVR,RG,4580,2,D,XL,LG,D
14:25:50,UNVR,RG,4580,10,D,YP,LG,D
14:25:44,UNVR,RG,4580,54,D,CC,LG,D
14:25:44,UNVR,RG,4580,20,D,CC,NI,D
14:25:44,UNVR,RG,4580,26,D,CC,NI,D
14:25:40,UNVR,RG,4580,66,D,XL,NI,D
14:25:39,UNVR,RG,4580,1,D,PD,NI,D
14:25:34,UNVR,RG,4570,5,F,CS,YP,D
14:25:15,UNVR,RG,4580,7,F,AK,NI,D
14:25:15,UNVR,RG,4580,7,F,AK,CC,D
14:25:14,UNVR,RG,4580,1,D,PD,CC,D
14:24:54,UNVR,RG,4570,5,F,CS,PD,D
14:24:54,UNVR,RG,4570,2,F,CS,PD,D
14:24:53,UNVR,RG,4580,10,D,RX,CC,D
14:24:46,UNVR,RG,4580,54,D,PD,CC,D
14:24:37,UNVR,RG,4570,2,F,CS,DH,D
14:24:19,UNVR,RG,4570,3,F,CS,XC,D
14:23:08,UNVR,RG,4570,8,F,CS,DR,D
14:23:08,UNVR,RG,4570,74,F,CS,DR,D
14:23:08,UNVR,RG,4570,18,F,CS,DR,D
14:23:01,UNVR,RG,4580,2,D,CC,CC,D
14:22:57,UNVR,RG,4580,5,D,KK,CC,D
14:22:43,UNVR,RG,4580,1,D,RX,CC,D
14:22:43,UNVR,RG,4580,8,D,RX,CC,D
14:22:43,UNVR,RG,4580,1,D,RX,YP,D
14:22:41,UNVR,RG,4580,2,D,PD,YP,D
14:22:39,UNVR,RG,4570,10,F,CS,PD,D
14:22:22,UNVR,RG,4570,3,F,CS,PD,D
14:22:15,UNVR,RG,4570,2,D,XL,PD,D
14:22:15,UNVR,RG,4570,10,D,CC,PD,D
14:22:15,UNVR,RG,4570,13,F,AK,PD,D
14:22:15,UNVR,RG,4570,4,F,BK,PD,D
14:22:15,UNVR,RG,4570,14,F,ZP,PD,D
14:22:10,UNVR,RG,4580,70,D,DR,PD,D
14:22:08,UNVR,RG,4570,2,F,ZP,LG,D
14:21:55,UNVR,RG,4570,1,F,ZP,YP,D
14:21:50,UNVR,RG,4570,1,F,ZP,XC,D
14:21:48,UNVR,RG,4580,70,D,DR,PD,D
14:21:46,UNVR,RG,4570,73,F,ZP,PD,D
14:21:46,UNVR,RG,4570,142,F,BK,PD,D
14:21:46,UNVR,RG,4570,31,D,CC,PD,D
14:21:46,UNVR,RG,4570,3,F,ZP,PD,D
14:21:46,UNVR,RG,4570,1,F,ZP,PD,D
14:21:36,UNVR,RG,4580,1,D,PC,PD,D
14:21:34,UNVR,RG,4580,15,F,BK,PD,D
14:21:04,UNVR,RG,4570,1,F,ZP,XC,D
14:21:03,UNVR,RG,4570,51,F,ZP,YP,D
14:21:03,UNVR,RG,4570,1,F,ZP,YP,D
14:21:03,UNVR,RG,4570,18,F,CS,YP,D
14:20:43,UNVR,RG,4570,2,F,AK,CS,F
14:20:43,UNVR,RG,4580,7,F,CS,PD,D
14:20:43,UNVR,RG,4580,44,F,CS,PD,D
14:20:43,UNVR,RG,4580,5,F,CS,MK,D
14:20:43,UNVR,RG,4580,5,F,CS,CP,D
14:20:43,UNVR,RG,4580,2,F,CS,PD,D
14:20:43,UNVR,RG,4580,1,F,CS,XC,D
14:20:43,UNVR,RG,4580,2,F,CS,YB,D
14:20:43,UNVR,RG,4570,2,F,CS,AK,F
14:20:43,UNVR,RG,4570,1,F,BK,KK,D
14:20:43,UNVR,RG,4570,1,F,BK,PD,D
14:20:43,UNVR,RG,4570,4,F,BK,YU,F
14:20:43,UNVR,RG,4570,2,F,BK,BK,F
14:20:43,UNVR,RG,4570,5,F,BK,AK,F
14:20:43,UNVR,RG,4570,3,F,BK,AK,F
14:20:43,UNVR,RG,4570,5,F,BK,AK,F
14:20:43,UNVR,RG,4570,10,F,BK,GR,D
14:20:43,UNVR,RG,4570,10,F,BK,TP,D
14:20:43,UNVR,RG,4570,6,F,BK,XC,D
14:20:43,UNVR,RG,4570,1,F,BK,DR,D
14:20:43,UNVR,RG,4570,5,F,BK,AT,D
14:20:43,UNVR,RG,4570,22,F,BK,YP,D
14:20:43,UNVR,RG,4570,2,F,BK,PD,D
14:20:43,UNVR,RG,4570,2,F,BK,CP,D
14:20:43,UNVR,RG,4570,2,F,BK,YP,D
14:20:43,UNVR,RG,4570,1,F,BK,KK,D
14:20:43,UNVR,RG,4570,1,F,BK,DH,D
14:20:43,UNVR,RG,4570,59,F,BK,YU,F
14:20:43,UNVR,RG,4570,5,F,BK,YP,D
14:20:43,UNVR,RG,4570,5,F,BK,YP,D
14:20:43,UNVR,RG,4570,6,F,BK,NI,D
14:20:43,UNVR,RG,4570,2,F,BK,SQ,D
14:20:43,UNVR,RG,4570,12,F,BK,CS,F
14:20:43,UNVR,RG,4570,1,F,BK,DR,D
14:20:43,UNVR,RG,4570,53,F,BK,YU,F
14:20:43,UNVR,RG,4570,1,F,BK,XL,D
14:20:43,UNVR,RG,4570,74,F,BK,CC,F
14:20:43,UNVR,RG,4570,27,F,BK,PD,D
14:20:43,UNVR,RG,4570,5,F,BK,CS,F
14:20:43,UNVR,RG,4570,12,F,BK,CS,F
14:20:43,UNVR,RG,4570,1,F,BK,AZ,D
14:20:43,UNVR,RG,4570,10,F,BK,XA,D
14:20:43,UNVR,RG,4570,1,F,BK,CC,D
14:20:43,UNVR,RG,4570,10,F,BK,YP,D
14:20:43,UNVR,RG,4570,49,F,BK,YU,F
14:20:43,UNVR,RG,4570,1,F,BK,YP,D
14:20:43,UNVR,RG,4570,11,F,BK,XL,D
14:20:43,UNVR,RG,4570,69,F,BK,GR,D
14:20:32,UNVR,RG,4570,15,F,BK,GR,D
14:20:27,UNVR,RG,4570,8,F,ZP,GR,D
14:20:25,UNVR,RG,4570,8,D,PD,GR,D
14:20:20,UNVR,RG,4570,2,F,ZP,GR,D
14:20:20,UNVR,RG,4570,6,F,ZP,GR,D
14:20:19,UNVR,RG,4570,2,F,ZP,GR,D
14:20:18,UNVR,RG,4570,2,F,ZP,GR,D
14:20:15,UNVR,RG,4570,5,D,PD,GR,D
14:20:15,UNVR,RG,4570,55,D,NI,GR,D
14:20:06,UNVR,RG,4570,13,F,CS,GR,D
14:20:03,UNVR,RG,4570,15,F,AK,GR,D
14:20:03,UNVR,RG,4570,45,F,AK,YU,F
14:20:03,UNVR,RG,4570,13,F,AK,CC,D
14:20:01,UNVR,RG,4570,6,D,NI,CC,D
14:20:01,UNVR,RG,4570,10,D,EP,CC,D
14:19:59,UNVR,RG,4570,21,F,ZP,CC,D
14:19:59,UNVR,RG,4570,6,F,ZP,CS,F
14:19:59,UNVR,RG,4570,1,F,ZP,PD,D
14:19:59,UNVR,RG,4570,52,F,ZP,YP,D
14:19:58,UNVR,RG,4570,22,D,PD,YP,D
14:19:56,UNVR,RG,4570,25,D,YP,YP,D
14:19:52,UNVR,RG,4570,5,D,YB,YP,D
14:19:52,UNVR,RG,4570,5,D,CC,YP,D
14:19:48,UNVR,RG,4570,20,D,KK,YP,D
14:19:48,UNVR,RG,4570,2,D,XL,YP,D
14:19:44,UNVR,RG,4570,9,D,RX,YP,D
14:19:44,UNVR,RG,4570,9,D,RX,BQ,D
14:19:44,UNVR,RG,4570,1,D,CC,BQ,D
14:19:44,UNVR,RG,4570,2,D,CC,AK,F
14:19:44,UNVR,RG,4570,1,D,CC,CC,D
14:19:44,UNVR,RG,4570,1,D,CC,CC,D
14:19:43,UNVR,RG,4570,1,F,ZP,CC,D
14:19:43,UNVR,RG,4570,13,F,ZP,CS,F
14:19:43,UNVR,RG,4570,13,F,ZP,YU,F
14:19:43,UNVR,RG,4570,26,F,ZP,NI,D
14:19:43,UNVR,RG,4570,11,F,ZP,XC,D
14:19:43,UNVR,RG,4570,57,F,ZP,YU,F
14:19:43,UNVR,RG,4570,15,F,ZP,YU,F
14:19:43,UNVR,RG,4570,22,F,ZP,PD,D
14:19:43,UNVR,RG,4570,18,F,ZP,YU,F
14:19:43,UNVR,RG,4570,12,F,ZP,YU,F
14:19:43,UNVR,RG,4570,8,F,ZP,YU,F
14:19:43,UNVR,RG,4570,3,F,ZP,AK,F
14:19:43,UNVR,RG,4570,19,F,ZP,YU,F
14:19:43,UNVR,RG,4570,36,F,ZP,YU,F
14:19:43,UNVR,RG,4570,30,F,ZP,YU,F
14:19:43,UNVR,RG,4570,9,F,ZP,YU,F
14:19:43,UNVR,RG,4570,9,F,ZP,YU,F
14:19:43,UNVR,RG,4570,2,F,ZP,XC,D
14:19:43,UNVR,RG,4570,13,F,ZP,YU,F
14:19:43,UNVR,RG,4570,10,F,ZP,YU,F
14:19:43,UNVR,RG,4570,1,F,ZP,XC,D
14:19:43,UNVR,RG,4570,6,F,ZP,XC,D
14:19:43,UNVR,RG,4570,10,F,ZP,YU,F
14:19:43,UNVR,RG,4570,2,F,ZP,YU,F
14:19:43,UNVR,RG,4570,4,F,ZP,CS,F
14:19:43,UNVR,RG,4570,5,F,ZP,YU,F
14:19:43,UNVR,RG,4570,63,F,ZP,YP,D
14:19:43,UNVR,RG,4570,328,F,ZP,YP,D
14:19:43,UNVR,RG,4570,3,F,ZP,AK,F
14:19:43,UNVR,RG,4570,2,F,ZP,BK,F
14:19:43,UNVR,RG,4570,4,F,ZP,YU,F
14:19:43,UNVR,RG,4570,8,F,ZP,LG,D
14:19:43,UNVR,RG,4570,2,F,AK,LG,D
14:19:43,UNVR,RG,4570,13,F,AK,YP,D
14:19:43,UNVR,RG,4570,6,F,AK,YP,D
14:19:43,UNVR,RG,4570,11,F,AK,YU,F
14:19:43,UNVR,RG,4570,3,F,AK,AK,F
14:19:43,UNVR,RG,4570,15,F,AK,YU,F
14:19:43,UNVR,RG,4570,1,F,AK,YU,F
14:19:40,UNVR,RG,4570,16,D,DR,YU,F
14:19:40,UNVR,RG,4570,13,D,DR,YU,F
14:19:40,UNVR,RG,4570,75,D,DR,CC,D
14:19:40,UNVR,RG,4570,38,D,DR,YU,F
14:19:40,UNVR,RG,4570,1,D,DR,YP,D
14:19:40,UNVR,RG,4570,5,D,DR,DR,D
14:19:40,UNVR,RG,4570,52,D,DR,FS,D
14:19:32,UNVR,RG,4570,3,D,CC,FS,D
14:19:32,UNVR,RG,4570,2,D,CC,CC,D
14:19:17,UNVR,RG,4570,31,F,AK,KK,D
14:19:14,UNVR,RG,4560,11,D,NI,YU,F
14:19:14,UNVR,RG,4560,5,D,YP,YU,F
14:19:14,UNVR,RG,4560,1,D,XC,YU,F
14:19:14,UNVR,RG,4560,16,F,BK,YU,F
14:19:14,UNVR,RG,4560,7,F,ZP,YU,F
14:19:14,UNVR,RG,4560,3,D,XL,YU,F
14:19:14,UNVR,RG,4560,40,D,CC,YU,F
14:19:13,UNVR,RG,4560,1,D,CC,KK,D
14:19:10,UNVR,RG,4560,2,D,CC,PD,D
14:18:55,UNVR,RG,4570,9,F,CS,KK,D
14:18:55,UNVR,RG,4570,24,F,CS,PD,D
14:18:52,UNVR,RG,4560,1,D,CC,KK,D
14:18:52,UNVR,RG,4570,1,D,NI,PD,D
14:18:45,UNVR,RG,4560,1,D,CC,AK,F
14:18:45,UNVR,RG,4560,3,F,ZP,AK,F
14:18:36,UNVR,RG,4570,10,D,NI,PD,D
14:18:27,UNVR,RG,4570,1,D,CC,PD,D
14:18:25,UNVR,RG,4570,10,D,PD,PD,D
14:18:24,UNVR,RG,4570,22,F,AK,PD,D
14:18:24,UNVR,RG,4570,16,F,BK,PD,D
14:18:19,UNVR,RG,4560,2,F,ZP,YU,F
14:18:19,UNVR,RG,4560,7,D,SQ,YU,F
14:18:19,UNVR,RG,4560,12,D,PD,YU,F
14:18:19,UNVR,RG,4560,29,F,ZP,YU,F
14:18:19,UNVR,RG,4570,20,D,FS,PD,D
14:18:16,UNVR,RG,4570,6,F,ZP,PD,D
14:18:14,UNVR,RG,4570,15,F,AK,PD,D
14:18:13,UNVR,RG,4570,1,D,CC,PD,D
14:18:05,UNVR,RG,4570,51,D,YP,PD,D
14:18:00,UNVR,RG,4570,5,F,ZP,PD,D
14:17:50,UNVR,RG,4570,2,D,CC,PD,D
14:17:40,UNVR,RG,4570,6,F,ZP,PD,D
14:17:39,UNVR,RG,4570,22,F,AK,PD,D
14:17:39,UNVR,RG,4560,2,F,ZP,YU,F
14:17:39,UNVR,RG,4560,1,D,GR,YU,F
14:17:39,UNVR,RG,4560,3,D,EP,YU,F
14:17:39,UNVR,RG,4560,11,F,AK,YU,F
14:17:39,UNVR,RG,4560,30,D,PD,YU,F
14:17:34,UNVR,RG,4570,1,D,YU,PD,D
14:17:33,UNVR,RG,4570,9,D,SQ,PD,D
14:17:29,UNVR,RG,4570,1,D,DH,PD,D
14:17:20,UNVR,RG,4570,42,F,AK,PD,D
14:17:20,UNVR,RG,4570,39,F,AK,PD,D
14:17:17,UNVR,RG,4570,6,F,ZP,PD,D
14:17:16,UNVR,RG,4570,20,D,XL,PD,D
14:17:13,UNVR,RG,4570,17,F,BK,PD,D
14:17:01,UNVR,RG,4570,12,D,RX,PD,D
14:17:01,UNVR,RG,4570,7,F,ZP,PD,D
14:16:56,UNVR,RG,4560,8,D,PD,CC,D
14:16:43,UNVR,RG,4560,12,D,PD,YU,F
14:16:43,UNVR,RG,4560,22,F,ZP,YU,F
14:16:43,UNVR,RG,4570,7,F,ZP,PD,D
14:16:31,UNVR,RG,4570,5,D,PD,PD,D
14:16:26,UNVR,RG,4570,8,F,ZP,PD,D
14:16:18,UNVR,RG,4570,14,F,BK,PD,D
14:16:11,UNVR,RG,4560,2,F,ZP,YP,D
14:16:09,UNVR,RG,4570,23,D,YP,PD,D
14:16:08,UNVR,RG,4560,5,F,ZP,YU,F
14:16:08,UNVR,RG,4560,10,F,ZP,YU,F
14:16:08,UNVR,RG,4560,1,F,ZP,YU,F
14:16:06,UNVR,RG,4570,6,F,ZP,PD,D
14:16:00,UNVR,RG,4560,4,F,ZP,AK,F
14:15:52,UNVR,RG,4570,45,F,CS,PD,D
14:15:49,UNVR,RG,4570,2,D,XC,PD,D
14:15:48,UNVR,RG,4560,25,F,ZP,YU,F
14:15:46,UNVR,RG,4570,5,F,ZP,PD,D
14:15:34,UNVR,RG,4570,10,D,XC,PD,D
14:15:26,UNVR,RG,4570,5,F,ZP,PD,D
14:15:14,UNVR,RG,4560,16,F,ZP,YU,F
14:15:14,UNVR,RG,4560,2,D,KK,YU,F
14:15:10,UNVR,RG,4570,1,D,KK,PD,D
14:15:06,UNVR,RG,4570,3,F,ZP,PD,D
14:15:06,UNVR,RG,4570,4,F,ZP,LG,D
14:15:00,UNVR,RG,4570,30,D,CC,LG,D
14:14:56,UNVR,RG,4570,16,F,BK,LG,D
14:14:56,UNVR,RG,4570,3,F,BK,AZ,D
14:14:48,UNVR,RG,4570,7,F,ZP,AZ,D
14:14:34,UNVR,RG,4560,7,D,KK,YU,F
14:14:31,UNVR,RG,4570,6,F,ZP,AZ,D
14:14:23,UNVR,RG,4570,10,D,RX,AZ,D
14:14:18,UNVR,RG,4560,3,D,KK,EP,D
14:14:12,UNVR,RG,4570,40,D,KK,AZ,D
14:14:10,UNVR,RG,4570,2,F,ZP,AZ,D
14:14:10,UNVR,RG,4560,13,D,KK,YU,F
14:14:10,UNVR,RG,4560,5,D,CC,YU,F
14:14:10,UNVR,RG,4560,7,F,BK,YU,F
14:14:08,UNVR,RG,4570,44,D,CD,AZ,D
14:13:58,UNVR,RG,4570,1,D,XC,AZ,D
14:13:37,UNVR,RG,4560,4,F,BK,XC,D
14:13:37,UNVR,RG,4560,2,F,BK,YP,D
14:13:28,UNVR,RG,4560,2,F,BK,KK,D
14:13:28,UNVR,RG,4560,1,D,PD,KK,D
14:13:28,UNVR,RG,4560,10,D,CD,KK,D
14:13:16,UNVR,RG,4570,101,D,CC,AZ,D
14:13:11,UNVR,RG,4560,18,D,CD,YU,F
14:13:03,UNVR,RG,4570,10,D,XA,AZ,D
14:12:51,UNVR,RG,4570,15,F,BK,AZ,D
14:12:50,UNVR,RG,4570,2,D,XL,AZ,D
14:12:41,UNVR,RG,4560,10,D,CD,YP,D
14:12:31,UNVR,RG,4560,1,D,CD,PD,D
14:12:30,UNVR,RG,4570,38,F,AK,AZ,D
14:12:28,UNVR,RG,4560,19,D,CD,YU,F
14:12:28,UNVR,RG,4560,6,D,CD,AK,F
14:12:28,UNVR,RG,4570,2,D,KK,AZ,D
14:12:19,UNVR,RG,4570,1,D,PD,AZ,D
14:12:13,UNVR,RG,4570,1,D,NI,AZ,D
14:11:59,UNVR,RG,4570,1,D,XC,AZ,D
14:11:49,UNVR,RG,4570,14,F,BK,AZ,D
14:11:45,UNVR,RG,4560,2,D,CD,BK,F
14:11:38,UNVR,RG,4560,8,D,CD,YU,F
14:11:29,UNVR,RG,4570,49,F,CS,AZ,D
14:11:22,UNVR,RG,4560,1,D,CD,YP,D
14:11:19,UNVR,RG,4560,10,D,CD,NI,D
14:11:15,UNVR,RG,4560,4,D,CD,YU,F
14:11:15,UNVR,RG,4570,5,D,XC,AZ,D
14:11:01,UNVR,RG,4560,12,D,CD,YU,F
14:10:51,UNVR,RG,4570,10,D,RX,AZ,D
14:10:48,UNVR,RG,4570,15,F,BK,AZ,D
14:10:35,UNVR,RG,4560,9,D,CD,YU,F
14:10:35,UNVR,RG,4560,1,D,XC,YU,F
14:10:32,UNVR,RG,4560,4,D,XC,YP,D
14:10:32,UNVR,RG,4560,6,D,XC,YP,D
14:10:27,UNVR,RG,4560,3,D,XC,NI,D
14:10:23,UNVR,RG,4570,200,D,YU,AZ,D
14:10:21,UNVR,RG,4560,1,D,XC,KK,D
14:10:21,UNVR,RG,4570,1,D,YP,AZ,D
14:10:12,UNVR,RG,4560,20,D,XC,YU,F
14:09:46,UNVR,RG,4560,25,D,XC,LG,D
14:09:46,UNVR,RG,4560,5,D,YP,LG,D
14:09:46,UNVR,RG,4560,45,D,YP,YU,F
14:09:46,UNVR,RG,4560,7,D,OD,YU,F
14:09:39,UNVR,RG,4570,50,D,TP,AZ,D
14:09:39,UNVR,RG,4570,16,F,BK,AZ,D
14:09:26,UNVR,RG,4570,10,D,RX,AZ,D
14:09:11,UNVR,RG,4570,4,F,ZP,AZ,D
14:08:54,UNVR,RG,4560,15,D,OD,YU,F
14:08:52,UNVR,RG,4570,4,F,ZP,AZ,D
14:08:50,UNVR,RG,4570,3,D,YU,AZ,D
14:08:43,UNVR,RG,4570,1,D,XL,AZ,D
14:08:34,UNVR,RG,4570,2,F,ZP,AZ,D
14:08:34,UNVR,RG,4570,5,D,XC,AZ,D
14:08:30,UNVR,RG,4570,15,F,BK,AZ,D
14:08:29,UNVR,RG,4560,1,D,OD,CC,D
14:08:23,UNVR,RG,4560,1,D,OD,DR,D
14:08:23,UNVR,RG,4560,2,F,ZP,DR,D
14:08:23,UNVR,RG,4560,37,F,CS,DR,D
14:08:23,UNVR,RG,4560,5,F,CS,DR,D
14:08:21,UNVR,RG,4560,19,F,CS,YU,F
14:08:21,UNVR,RG,4560,10,D,YU,YU,F
14:08:13,UNVR,RG,4570,3,F,ZP,AZ,D
14:07:56,UNVR,RG,4570,5,F,ZP,AZ,D
14:07:41,UNVR,RG,4570,5,D,PD,AZ,D
14:07:39,UNVR,RG,4570,3,F,ZP,AZ,D
14:07:32,UNVR,RG,4570,10,D,SQ,AZ,D
14:07:24,UNVR,RG,4570,16,F,BK,AZ,D
14:07:20,UNVR,RG,4570,4,F,ZP,AZ,D
14:07:20,UNVR,RG,4560,16,D,YU,YU,F
14:07:12,UNVR,RG,4560,1,D,YU,XC,D
14:07:08,UNVR,RG,4570,1,D,NI,AZ,D
14:07:04,UNVR,RG,4560,1,D,YU,CC,D
14:07:01,UNVR,RG,4570,5,F,ZP,AZ,D
14:06:41,UNVR,RG,4570,4,F,ZP,AZ,D
14:06:31,UNVR,RG,4560,4,D,YU,YU,F
14:06:24,UNVR,RG,4570,1,D,PD,AZ,D
14:06:21,UNVR,RG,4570,10,D,RX,AZ,D
14:06:21,UNVR,RG,4570,4,F,ZP,AZ,D
14:06:14,UNVR,RG,4570,1,D,XC,AZ,D
14:06:12,UNVR,RG,4570,16,F,BK,AZ,D
14:06:07,UNVR,RG,4560,19,D,YU,YU,F
14:06:03,UNVR,RG,4570,5,F,ZP,AZ,D
14:05:56,UNVR,RG,4570,1,D,XC,AZ,D
14:05:44,UNVR,RG,4570,5,F,ZP,AZ,D
14:05:33,UNVR,RG,4560,16,D,YU,YU,F
14:05:26,UNVR,RG,4570,4,F,ZP,AZ,D
14:05:11,UNVR,RG,4570,4,F,ZP,AZ,D
14:05:08,UNVR,RG,4560,9,D,YU,YU,F
14:05:06,UNVR,RG,4570,15,F,BK,AZ,D
14:04:58,UNVR,RG,4560,1,D,YU,PD,D
14:04:56,UNVR,RG,4570,4,F,ZP,AZ,D
14:04:50,UNVR,RG,4560,50,D,YU,SQ,D
14:04:44,UNVR,RG,4570,5,D,NI,AZ,D
14:04:43,UNVR,RG,4560,2,D,YU,XC,D
14:04:42,UNVR,RG,4560,6,D,YU,YU,F
14:04:39,UNVR,RG,4570,2,F,ZP,AZ,D
14:04:21,UNVR,RG,4560,8,D,YU,YU,F
14:04:14,UNVR,RG,4570,11,D,ZP,AZ,D
14:04:07,UNVR,RG,4570,17,D,RX,AZ,D
14:04:04,UNVR,RG,4570,1,D,XC,AZ,D
14:03:48,UNVR,RG,4560,12,D,YU,YU,F
14:03:33,UNVR,RG,4570,2,D,DR,AZ,D
14:03:29,UNVR,RG,4560,10,D,YU,SQ,D
14:03:17,UNVR,RG,4560,22,D,YU,YU,F
14:02:50,UNVR,RG,4560,24,D,YU,XC,D
14:02:48,UNVR,RG,4560,12,D,YU,PD,D
14:02:41,UNVR,RG,4560,10,D,YU,YP,D
14:02:15,UNVR,RG,4560,8,D,YU,YU,F
14:02:06,UNVR,RG,4560,5,D,YU,XC,D
14:02:06,UNVR,RG,4560,2,D,YU,PD,D
14:01:56,UNVR,RG,4560,26,D,YU,YU,F
14:01:44,UNVR,RG,4560,9,D,YU,PD,D
14:01:40,UNVR,RG,4570,5,D,PD,AZ,D
14:01:32,UNVR,RG,4560,45,D,YU,PD,D
14:01:15,UNVR,RG,4560,17,D,YU,YU,F
14:00:56,UNVR,RG,4570,1,D,SQ,AZ,D
14:00:53,UNVR,RG,4560,1,D,YU,YU,F
14:00:46,UNVR,RG,4560,5,D,YU,YP,D
14:00:28,UNVR,RG,4560,10,D,YU,OD,D
14:00:00,UNVR,RG,4570,15,D,PD,AZ,D
13:59:27,UNVR,RG,4560,15,D,YU,KK,D
13:58:31,UNVR,RG,4560,2,D,YU,KK,D
13:58:27,UNVR,RG,4570,20,D,YP,AZ,D
13:58:02,UNVR,RG,4560,122,D,YU,ZP,D
13:58:02,UNVR,RG,4560,4,F,ZP,ZP,D
13:58:02,UNVR,RG,4560,10,D,YP,ZP,D
13:58:02,UNVR,RG,4560,5,F,ZP,ZP,D
13:58:02,UNVR,RG,4560,5,F,ZP,ZP,D
13:58:02,UNVR,RG,4560,16,F,BK,ZP,D
13:58:02,UNVR,RG,4560,1,F,ZP,ZP,D
13:58:02,UNVR,RG,4560,4,F,ZP,ZP,D
13:58:02,UNVR,RG,4560,33,F,CS,ZP,D
13:57:53,UNVR,RG,4560,20,F,CS,CC,D
13:57:53,UNVR,RG,4560,80,D,CC,CC,D
13:57:42,UNVR,RG,4560,33,D,CC,KK,D
13:57:21,UNVR,RG,4560,100,D,CC,ZP,D
13:57:17,UNVR,RG,4560,3,D,CC,AI,D
13:57:04,UNVR,RG,4570,12,D,PD,AZ,D
13:57:03,UNVR,RG,4570,2,D,YU,AZ,D
13:57:02,UNVR,RG,4570,1,D,XL,AZ,D
13:56:53,UNVR,RG,4570,14,D,PD,AZ,D
13:56:50,UNVR,RG,4570,5,D,CC,AZ,D
13:56:45,UNVR,RG,4570,3,D,NI,AZ,D
13:56:19,UNVR,RG,4570,1,D,PC,AZ,D
13:55:53,UNVR,RG,4570,10,D,OD,AZ,D
13:55:40,UNVR,RG,4560,284,D,CC,YU,D
13:55:40,UNVR,RG,4560,16,F,ZP,YU,D
13:55:33,UNVR,RG,4560,47,F,ZP,YU,D
13:55:33,UNVR,RG,4560,7,D,DR,YU,D
13:55:33,UNVR,RG,4560,6,F,ZP,YU,D
13:55:33,UNVR,RG,4560,1,F,ZP,YU,D
13:55:33,UNVR,RG,4560,1,F,ZP,YU,D
13:55:33,UNVR,RG,4560,5,F,ZP,YU,D
13:55:33,UNVR,RG,4560,34,F,CS,YU,D
13:55:33,UNVR,RG,4560,14,F,BK,YU,D
13:55:33,UNVR,RG,4560,2,D,XL,YU,D
13:55:33,UNVR,RG,4560,11,F,AK,YU,D
13:55:33,UNVR,RG,4560,1,F,ZP,YU,D
13:55:33,UNVR,RG,4560,20,F,ZP,YU,D
13:55:33,UNVR,RG,4560,11,F,ZP,YU,D
13:55:33,UNVR,RG,4560,40,F,ZP,YU,D
13:55:16,UNVR,RG,4570,10,D,EP,AZ,D
13:55:13,UNVR,RG,4570,2,D,YP,AZ,D
13:55:09,UNVR,RG,4570,1,D,XL,AZ,D
13:54:57,UNVR,RG,4560,1,F,ZP,YP,D
13:54:56,UNVR,RG,4570,17,F,ZP,AZ,D
13:54:56,UNVR,RG,4560,4,F,ZP,CS,F
13:54:56,UNVR,RG,4560,8,F,ZP,CS,F
13:54:56,UNVR,RG,4560,16,F,ZP,AZ,D
13:54:56,UNVR,RG,4560,4,F,CS,AZ,D
13:54:56,UNVR,RG,4560,64,F,CS,AZ,D
13:54:56,UNVR,RG,4560,4,F,ZP,AZ,D
13:54:56,UNVR,RG,4560,11,D,XL,AZ,D
13:54:56,UNVR,RG,4560,5,F,ZP,AZ,D
13:54:56,UNVR,RG,4560,19,F,ZP,AZ,D
13:54:56,UNVR,RG,4560,19,F,CS,AZ,D
13:54:56,UNVR,RG,4560,11,F,AK,AZ,D
13:54:56,UNVR,RG,4560,11,D,YP,AZ,D
13:54:56,UNVR,RG,4560,1,D,CC,AZ,D
13:54:56,UNVR,RG,4560,30,D,KK,AZ,D
13:54:56,UNVR,RG,4560,5,F,ZP,AZ,D
13:54:51,UNVR,RG,4560,4,F,ZP,YP,D
13:54:45,UNVR,RG,4560,25,F,ZP,AH,D
13:54:45,UNVR,RG,4560,1,D,EP,AH,D
13:54:45,UNVR,RG,4560,7,D,YP,AH,D
13:54:45,UNVR,RG,4560,11,D,CC,AH,D
13:54:45,UNVR,RG,4560,1,D,KK,AH,D
13:54:45,UNVR,RG,4560,15,F,BK,AH,D
13:54:45,UNVR,RG,4560,20,D,XL,AH,D
13:54:45,UNVR,RG,4560,5,D,EP,AH,D
13:54:45,UNVR,RG,4560,3,D,YP,AH,D
13:54:45,UNVR,RG,4560,1,D,YP,AH,D
13:54:45,UNVR,RG,4560,1,D,PD,AH,D
13:54:45,UNVR,RG,4560,27,F,CS,AH,D
13:54:45,UNVR,RG,4560,23,D,YP,AH,D
13:54:45,UNVR,RG,4560,1,D,XC,AH,D
13:54:45,UNVR,RG,4560,1,D,XL,AH,D
13:54:45,UNVR,RG,4560,16,F,BK,AH,D
13:54:45,UNVR,RG,4560,6,D,GR,AH,D
13:54:45,UNVR,RG,4560,3,D,YP,AH,D
13:54:45,UNVR,RG,4560,5,D,NI,AH,D
13:54:45,UNVR,RG,4560,14,F,ZP,AH,D
13:54:45,UNVR,RG,4560,1,D,AT,AH,D
13:54:45,UNVR,RG,4560,16,F,BK,AH,D
13:54:45,UNVR,RG,4560,13,F,ZP,AH,D
13:54:45,UNVR,RG,4560,4,F,BK,AH,D
13:54:45,UNVR,RG,4560,8,F,ZP,AH,D
13:54:45,UNVR,RG,4560,3,D,YP,AH,D
13:54:45,UNVR,RG,4560,19,D,DR,AH,D
13:54:43,UNVR,RG,4560,1,D,DR,YP,D
13:54:43,UNVR,RG,4560,28,D,RX,YP,D
13:54:43,UNVR,RG,4560,9,F,ZP,YP,D
13:54:43,UNVR,RG,4560,20,D,CC,YP,D
13:54:43,UNVR,RG,4560,11,F,AK,YP,D
13:54:43,UNVR,RG,4560,11,F,AK,YP,D
13:54:43,UNVR,RG,4560,96,F,CS,YP,D
13:54:43,UNVR,RG,4560,18,F,CS,YP,D
13:54:43,UNVR,RG,4560,8,D,DR,YP,D
13:54:43,UNVR,RG,4560,5,D,YP,YP,D
13:54:43,UNVR,RG,4560,35,F,BK,YP,D
13:54:43,UNVR,RG,4560,1,D,PD,YP,D
13:54:43,UNVR,RG,4560,49,F,ZP,YP,D
13:54:43,UNVR,RG,4560,258,D,YU,YP,D
13:54:37,UNVR,RG,4570,10,D,XL,AZ,D
13:54:37,UNVR,RG,4560,3,D,YU,EP,D
13:54:36,UNVR,RG,4570,45,D,PD,AZ,D
13:54:28,UNVR,RG,4560,200,D,YU,GR,D
13:54:19,UNVR,RG,4570,4,D,XC,AZ,D
13:54:08,UNVR,RG,4570,13,D,RX,AZ,D
13:54:01,UNVR,RG,4570,5,D,EP,AZ,D
13:53:52,UNVR,RG,4560,100,D,YU,CC,D
13:53:33,UNVR,RG,4570,25,D,XA,AZ,D
13:53:27,UNVR,RG,4570,1,D,PD,AZ,D
13:53:27,UNVR,RG,4570,1,D,PD,AZ,D
13:53:22,UNVR,RG,4570,3,D,YP,AZ,D
13:53:21,UNVR,RG,4570,5,D,CC,AZ,D
13:53:16,UNVR,RG,4570,1,D,PD,AZ,D
13:53:11,UNVR,RG,4570,1,D,PD,AZ,D
13:52:58,UNVR,RG,4570,1,D,YP,AZ,D
13:52:56,UNVR,RG,4570,1,D,YP,AZ,D
13:52:29,UNVR,RG,4560,7,D,YU,DR,D
13:52:26,UNVR,RG,4560,1,D,YU,PD,D
13:52:18,UNVR,RG,4560,25,D,YU,PD,D
13:52:17,UNVR,RG,4560,3,D,YU,NI,D
13:52:11,UNVR,RG,4570,1,D,PD,AZ,D
13:51:15,UNVR,RG,4560,2,D,YU,XC,D
13:50:56,UNVR,RG,4560,1,D,YU,XC,D
13:50:56,UNVR,RG,4560,1,F,ZP,XC,D
13:50:56,UNVR,RG,4560,1,F,ZP,XC,D
13:50:56,UNVR,RG,4560,3,F,CS,XC,D
13:50:56,UNVR,RG,4560,3,F,CS,XC,D
13:50:56,UNVR,RG,4560,3,D,XC,XC,D
13:50:47,UNVR,RG,4560,6,D,XC,CC,F
13:50:43,UNVR,RG,4560,100,D,FS,CC,F
13:50:43,UNVR,RG,4560,2,D,FS,YP,D
13:50:43,UNVR,RG,4560,2,D,FS,CS,F
13:50:43,UNVR,RG,4560,4,D,FS,CS,F
13:50:43,UNVR,RG,4560,2,D,FS,AK,F
13:50:43,UNVR,RG,4560,2,D,FS,AK,F
13:50:43,UNVR,RG,4560,4,D,FS,AK,F
13:50:43,UNVR,RG,4560,29,D,FS,BK,F
13:50:43,UNVR,RG,4560,5,D,FS,BQ,D
13:50:43,UNVR,RG,4560,30,D,FS,BK,F
13:50:43,UNVR,RG,4560,5,D,FS,CS,F
13:50:43,UNVR,RG,4560,65,D,FS,YP,D
13:50:37,UNVR,RG,4560,387,D,LG,YP,D
13:50:37,UNVR,RG,4560,435,D,LG,YP,D
13:50:37,UNVR,RG,4560,1,D,LG,CS,F
13:50:37,UNVR,RG,4560,2,D,LG,CS,F
13:50:37,UNVR,RG,4560,2,D,LG,CS,F
13:50:37,UNVR,RG,4560,457,D,LG,YU,F
13:50:37,UNVR,RG,4560,100,D,LG,GR,D
13:50:37,UNVR,RG,4560,25,D,LG,YP,D
13:50:37,UNVR,RG,4560,6,D,LG,CS,F
13:50:37,UNVR,RG,4560,3,D,LG,CS,F
13:50:37,UNVR,RG,4560,30,D,LG,YP,D
13:50:37,UNVR,RG,4560,2,D,LG,AK,F
13:50:37,UNVR,RG,4560,2,D,LG,AK,F
13:50:37,UNVR,RG,4560,3,D,LG,AK,F
13:50:37,UNVR,RG,4560,433,D,LG,CC,F
13:50:37,UNVR,RG,4560,2,D,LG,BK,F
13:50:37,UNVR,RG,4560,1,D,LG,PD,D
13:50:37,UNVR,RG,4560,45,D,LG,BK,F
13:50:37,UNVR,RG,4560,564,D,LG,YU,D
13:50:36,UNVR,RG,4550,1,D,YJ,XC,D
13:50:27,UNVR,RG,4550,17,D,YJ,YU,F
13:50:24,UNVR,RG,4560,12,D,XL,YU,D
13:50:11,UNVR,RG,4550,3,D,YJ,YP,D
13:50:09,UNVR,RG,4560,10,D,PD,YU,D
13:49:52,UNVR,RG,4550,10,D,YJ,CC,D
13:49:42,UNVR,RG,4550,405,D,YJ,YP,D
13:49:42,UNVR,RG,4550,1,D,XC,YP,D
13:49:42,UNVR,RG,4550,1,D,YP,YP,D
13:49:42,UNVR,RG,4550,8,D,XC,YP,D
13:49:42,UNVR,RG,4550,1,D,PD,YP,D
13:49:42,UNVR,RG,4550,9,D,DR,YP,D
13:49:42,UNVR,RG,4550,1,D,XL,YP,D
13:49:42,UNVR,RG,4550,1,D,NI,YP,D
13:49:42,UNVR,RG,4550,40,D,NI,YP,D
13:49:42,UNVR,RG,4550,1,D,XL,YP,D
13:49:42,UNVR,RG,4550,10,D,NI,YP,D
13:49:42,UNVR,RG,4550,10,D,YP,YP,D
13:49:42,UNVR,RG,4550,200,D,KK,YP,D
13:49:42,UNVR,RG,4550,30,D,YP,YP,D
13:49:42,UNVR,RG,4550,2,D,PD,YP,D
13:49:42,UNVR,RG,4550,2,D,PD,YP,D
13:49:42,UNVR,RG,4550,1,D,XL,YP,D
13:49:42,UNVR,RG,4550,5,D,NI,YP,D
13:49:42,UNVR,RG,4550,30,D,PD,YP,D
13:49:42,UNVR,RG,4550,2,D,GR,YP,D
13:49:42,UNVR,RG,4550,400,D,ZP,YP,D
13:49:42,UNVR,RG,4550,25,D,GR,YP,D
13:49:42,UNVR,RG,4550,1,D,XC,YP,D
13:49:42,UNVR,RG,4550,10,D,PD,YP,D
13:49:42,UNVR,RG,4550,1,D,AZ,YP,D
13:49:42,UNVR,RG,4550,3,D,YP,YP,D
13:49:42,UNVR,RG,4550,10,D,YP,YP,D
13:49:42,UNVR,RG,4550,1,D,XL,YP,D
13:49:42,UNVR,RG,4550,2,D,CC,YP,D
13:49:42,UNVR,RG,4550,2,D,YP,YP,D
13:49:42,UNVR,RG,4550,10,D,YP,YP,D
13:49:42,UNVR,RG,4550,2,D,CC,YP,D
13:49:42,UNVR,RG,4550,3,D,AZ,YP,D
13:49:42,UNVR,RG,4550,25,D,NI,YP,D
13:49:42,UNVR,RG,4550,5,D,YP,YP,D
13:49:42,UNVR,RG,4550,50,D,NI,YP,D
13:49:42,UNVR,RG,4550,10,D,YJ,YP,D
13:49:42,UNVR,RG,4550,1,D,AZ,YP,D
13:49:42,UNVR,RG,4550,2,D,CP,YP,D
13:49:42,UNVR,RG,4550,4,D,YP,YP,D
13:49:42,UNVR,RG,4550,1,D,AZ,YP,D
13:49:42,UNVR,RG,4550,5,D,YP,YP,D
13:49:42,UNVR,RG,4550,1,D,PD,YP,D
13:49:42,UNVR,RG,4550,30,D,NI,YP,D
13:49:42,UNVR,RG,4550,10,D,CC,YP,D
13:49:42,UNVR,RG,4550,1,D,PD,YP,D
13:49:42,UNVR,RG,4550,67,D,XC,YP,D
13:49:36,UNVR,RG,4550,19,D,XC,YU,F
13:49:30,UNVR,RG,4550,50,D,XC,LG,D
13:49:20,UNVR,RG,4550,5,D,XC,BQ,D
13:48:57,UNVR,RG,4550,6,D,XC,YU,F
13:48:57,UNVR,RG,4550,7,D,ZP,YU,F
13:48:56,UNVR,RG,4550,43,D,ZP,YP,D
13:48:56,UNVR,RG,4550,1,D,SQ,YP,D
13:48:56,UNVR,RG,4550,5,D,YP,YP,D
13:48:56,UNVR,RG,4550,10,D,GR,YP,D
13:48:56,UNVR,RG,4550,47,D,DH,YP,D
13:48:54,UNVR,RG,4550,153,D,DH,YU,F
13:48:54,UNVR,RG,4550,8,D,YP,YU,F
13:48:54,UNVR,RG,4550,1,D,YP,YU,F
13:48:54,UNVR,RG,4550,10,D,DR,YU,F
13:48:54,UNVR,RG,4550,1,D,XC,YU,F
13:48:54,UNVR,RG,4550,2,D,YP,YU,F
13:48:54,UNVR,RG,4550,4,D,XC,YU,F
13:48:54,UNVR,RG,4550,10,D,NI,YU,F
13:48:54,UNVR,RG,4550,10,D,XA,YU,F
13:48:54,UNVR,RG,4550,100,D,NI,YU,F
13:48:54,UNVR,RG,4550,10,D,XA,YU,F
13:48:54,UNVR,RG,4550,2,F,ZP,YU,F
13:48:54,UNVR,RG,4550,1,D,PD,YU,F
13:48:54,UNVR,RG,4550,1,D,XC,YU,F
13:48:54,UNVR,RG,4550,10,D,LG,YU,F
13:48:54,UNVR,RG,4550,2,D,SQ,YU,F
13:48:54,UNVR,RG,4550,5,D,XC,YU,F
13:48:54,UNVR,RG,4550,1,D,CP,YU,F
13:48:54,UNVR,RG,4550,20,D,XC,YU,F
13:48:54,UNVR,RG,4550,13,D,PD,YU,F
13:48:54,UNVR,RG,4550,5,D,EP,YU,F
13:48:54,UNVR,RG,4550,65,D,XC,YU,F
13:48:54,UNVR,RG,4550,50,D,ZP,YU,F
13:48:54,UNVR,RG,4550,1,D,YB,YU,F
13:48:54,UNVR,RG,4550,1,D,XC,YU,F
13:48:54,UNVR,RG,4550,10,D,KK,YU,F
13:48:54,UNVR,RG,4550,10,D,CC,YU,F
13:48:54,UNVR,RG,4550,25,D,PD,YU,F
13:48:54,UNVR,RG,4550,2,D,XL,YU,F
13:48:54,UNVR,RG,4550,2,D,YP,YU,F
13:48:54,UNVR,RG,4550,100,D,YP,YU,F
13:48:54,UNVR,RG,4550,2,D,CC,YU,F
13:48:54,UNVR,RG,4550,1,D,PD,YU,F
13:48:54,UNVR,RG,4550,15,D,XC,YU,F
13:48:54,UNVR,RG,4550,5,D,SQ,YU,F
13:48:54,UNVR,RG,4550,1,D,PD,YU,F
13:48:54,UNVR,RG,4550,1,D,XC,YU,F
13:48:54,UNVR,RG,4550,1,D,YP,YU,F
13:48:54,UNVR,RG,4550,10,D,KK,YU,F
13:48:54,UNVR,RG,4550,1,D,CC,YU,F
13:48:54,UNVR,RG,4550,1,D,YP,YU,F
13:48:54,UNVR,RG,4550,100,D,DR,YU,F
13:48:54,UNVR,RG,4550,20,D,PD,YU,F
13:48:54,UNVR,RG,4550,1,D,YP,YU,F
13:48:54,UNVR,RG,4550,2,D,EP,YU,F
13:48:54,UNVR,RG,4550,50,D,EP,YU,F
13:48:54,UNVR,RG,4550,1,D,CC,YU,F
13:48:54,UNVR,RG,4550,30,D,YP,YU,F
13:48:54,UNVR,RG,4550,1,D,YP,YU,F
13:48:54,UNVR,RG,4550,10,D,XL,YU,F
13:48:54,UNVR,RG,4550,5,D,KK,YU,F
13:48:54,UNVR,RG,4550,1,D,YP,YU,F
13:48:54,UNVR,RG,4550,3,D,YP,YU,F
13:48:54,UNVR,RG,4550,4,D,XL,YU,F
13:48:54,UNVR,RG,4550,3,D,EP,YU,F
13:48:54,UNVR,RG,4550,20,D,PD,YU,F
13:48:54,UNVR,RG,4550,1,D,XC,YU,F
13:48:54,UNVR,RG,4550,1,D,MK,YU,F
13:48:54,UNVR,RG,4550,1,D,MK,YU,F
13:48:54,UNVR,RG,4550,25,D,SQ,YU,F
13:48:54,UNVR,RG,4550,100,D,YP,YU,F
13:48:54,UNVR,RG,4550,1,D,YP,YU,F
13:48:54,UNVR,RG,4550,1,D,YP,YU,F
13:48:54,UNVR,RG,4550,70,D,LG,YU,F
13:48:54,UNVR,RG,4550,1,D,YP,YU,F
13:48:54,UNVR,RG,4550,2,D,DH,YU,F
13:48:54,UNVR,RG,4550,55,D,XC,YU,F
13:48:54,UNVR,RG,4550,1,D,OD,YU,F
13:48:54,UNVR,RG,4550,1,D,PD,YU,F
13:48:54,UNVR,RG,4550,55,D,OD,YU,F
13:48:54,UNVR,RG,4550,1,D,SQ,YU,F
13:48:54,UNVR,RG,4550,5,D,EP,YU,F
13:48:54,UNVR,RG,4550,1,D,NI,YU,F
13:48:54,UNVR,RG,4550,5,D,EP,YU,F
13:48:54,UNVR,RG,4550,55,D,NI,YU,F
13:48:54,UNVR,RG,4550,4,D,PD,YU,F
13:48:54,UNVR,RG,4550,6,D,YP,YU,F
13:48:36,UNVR,RG,4550,1,D,YP,YU,F
13:48:35,UNVR,RG,4550,3,D,YP,YU,F
13:48:35,UNVR,RG,4550,10,D,YP,YU,F
13:48:35,UNVR,RG,4550,5,D,SQ,YU,F
13:48:35,UNVR,RG,4550,1,D,YP,YU,F
13:48:35,UNVR,RG,4550,1,D,PD,YU,F
13:48:27,UNVR,RG,4550,1,D,YP,YU,F
13:48:27,UNVR,RG,4550,2,D,YP,YU,F
13:48:26,UNVR,RG,4550,10,D,YP,YJ,D
13:48:13,UNVR,RG,4550,1,D,YP,YU,F
13:48:12,UNVR,RG,4560,4,D,GR,YU,D
13:48:05,UNVR,RG,4550,2,D,YP,YU,F
13:48:05,UNVR,RG,4550,10,D,YP,YU,F
13:47:57,UNVR,RG,4550,2,D,YP,YU,F
13:47:57,UNVR,RG,4560,5,D,CC,YU,D
13:47:51,UNVR,RG,4550,1,D,YP,PD,D
13:47:42,UNVR,RG,4550,1,D,YP,YU,F
13:47:42,UNVR,RG,4560,3,D,XC,YU,D
13:47:38,UNVR,RG,4550,3,D,YP,YU,F
13:47:38,UNVR,RG,4560,2,D,CC,YU,D
13:47:38,UNVR,RG,4560,8,D,CC,CS,F
13:47:37,UNVR,RG,4550,3,D,YP,YU,F
13:47:37,UNVR,RG,4550,15,D,YP,YU,F
13:47:32,UNVR,RG,4550,3,D,YP,YU,F
13:47:32,UNVR,RG,4550,16,D,YP,BK,F
13:47:28,UNVR,RG,4560,10,D,NI,YU,F
13:47:28,UNVR,RG,4550,39,D,YP,BK,F
13:47:28,UNVR,RG,4550,4,D,YP,BK,F
13:47:28,UNVR,RG,4550,3,D,SQ,BK,F
13:47:27,UNVR,RG,4560,5,F,CS,YU,F
13:47:27,UNVR,RG,4560,5,F,CS,YU,F
13:47:27,UNVR,RG,4560,5,F,ZP,YU,F
13:47:27,UNVR,RG,4560,15,D,YP,YU,F
13:47:27,UNVR,RG,4560,2,D,YP,YU,F
13:47:27,UNVR,RG,4560,16,F,BK,YU,F
13:47:27,UNVR,RG,4560,180,D,CC,YU,F
13:47:27,UNVR,RG,4560,6,D,PD,YU,F
13:47:27,UNVR,RG,4560,3,F,ZP,YU,F
13:47:27,UNVR,RG,4560,45,F,CS,YU,F
13:47:27,UNVR,RG,4560,55,F,CS,YU,F
13:47:27,UNVR,RG,4560,9,F,AK,YU,F
13:47:27,UNVR,RG,4560,15,F,ZP,YU,F
13:47:27,UNVR,RG,4560,3,D,YP,YU,F
13:47:27,UNVR,RG,4560,291,D,LG,YU,F
13:47:27,UNVR,RG,4570,10,D,PD,AZ,D
13:47:18,UNVR,RG,4560,1,D,LG,YU,F
13:47:18,UNVR,RG,4560,3,D,LG,YP,D
13:47:10,UNVR,RG,4560,4,D,LG,YU,F
13:47:10,UNVR,RG,4560,15,D,LG,BK,F
13:47:10,UNVR,RG,4560,2,D,LG,YU,F
13:47:09,UNVR,RG,4560,10,D,LG,YU,F
13:47:09,UNVR,RG,4560,50,D,LG,XC,D
13:47:07,UNVR,RG,4560,1,D,LG,YU,F
13:47:07,UNVR,RG,4570,5,D,PD,AZ,D
13:47:05,UNVR,RG,4560,2,D,LG,YU,F
13:47:05,UNVR,RG,4560,9,D,LG,YU,F
13:47:04,UNVR,RG,4560,26,D,LG,BK,F
13:47:04,UNVR,RG,4560,18,D,LG,YU,F
13:47:03,UNVR,RG,4560,3,D,LG,YU,F
13:47:03,UNVR,RG,4560,65,D,LG,YP,D
13:47:03,UNVR,RG,4560,1,D,PD,YP,D
13:47:03,UNVR,RG,4560,17,D,EP,YP,D
13:47:03,UNVR,RG,4560,2,D,XC,YP,D
13:47:03,UNVR,RG,4560,2,D,XL,YP,D
13:47:03,UNVR,RG,4560,13,D,PD,YP,D
13:47:03,UNVR,RG,4560,1,D,PD,YU,F
13:47:02,UNVR,RG,4560,4,D,PD,YU,F
13:47:02,UNVR,RG,4560,4,D,PD,YU,F
13:47:02,UNVR,RG,4560,5,D,YP,YU,F
13:47:02,UNVR,RG,4560,1,D,XL,YU,F
13:47:02,UNVR,RG,4560,2,D,XL,YU,F
13:47:02,UNVR,RG,4560,9,F,ZP,YU,F
13:47:01,UNVR,RG,4560,53,F,ZP,YP,D
13:47:01,UNVR,RG,4560,2,D,CC,YP,D
13:47:01,UNVR,RG,4560,6,D,EP,YP,D
13:47:01,UNVR,RG,4560,16,F,BK,YP,D
13:47:01,UNVR,RG,4560,5,F,ZP,YP,D
13:47:01,UNVR,RG,4560,8,F,ZP,YP,D
13:47:01,UNVR,RG,4560,8,F,ZP,YP,D
13:47:01,UNVR,RG,4560,2,D,CC,YP,D
13:47:01,UNVR,RG,4560,6,D,CC,YU,F
13:47:01,UNVR,RG,4560,30,D,CC,YP,D
13:47:01,UNVR,RG,4560,1,D,CC,YU,F
13:47:00,UNVR,RG,4560,3,D,CC,SQ,D
13:46:57,UNVR,RG,4560,2,D,CC,DH,D
13:46:55,UNVR,RG,4560,1,D,CC,YU,F
13:46:54,UNVR,RG,4560,3,D,CC,YU,F
13:46:54,UNVR,RG,4560,17,D,CC,BK,F
13:46:51,UNVR,RG,4570,20,D,PD,AZ,D
13:46:51,UNVR,RG,4560,35,D,CC,YU,F
13:46:51,UNVR,RG,4560,1,D,NI,YU,F
13:46:51,UNVR,RG,4560,10,D,CC,YU,F
13:46:51,UNVR,RG,4560,3,D,YB,YU,F
13:46:51,UNVR,RG,4560,50,D,YP,YU,F
13:46:51,UNVR,RG,4560,1,D,XC,YU,F
13:46:51,UNVR,RG,4560,2,D,OD,YU,F
13:46:51,UNVR,RG,4560,8,F,AK,YU,F
13:46:51,UNVR,RG,4560,11,D,DR,YU,F
13:46:51,UNVR,RG,4560,2,D,XC,YU,F
13:46:51,UNVR,RG,4560,1,D,XL,YU,F
13:46:51,UNVR,RG,4560,5,D,YP,YU,F
13:46:51,UNVR,RG,4560,5,D,CC,YU,F
13:46:51,UNVR,RG,4560,9,D,GR,YU,F
13:46:51,UNVR,RG,4560,4,D,PD,YU,F
13:46:51,UNVR,RG,4560,2,D,YP,YU,F
13:46:51,UNVR,RG,4560,81,F,CS,YU,F
13:46:51,UNVR,RG,4560,60,D,CC,YU,F
13:46:51,UNVR,RG,4560,1,D,XC,YU,F
13:46:51,UNVR,RG,4560,15,D,CC,YU,F
13:46:51,UNVR,RG,4560,1,D,CC,YU,F
13:46:51,UNVR,RG,4560,6,D,YP,YU,F
13:46:51,UNVR,RG,4560,1,D,NI,YU,F
13:46:51,UNVR,RG,4560,20,D,YP,YU,F
13:46:51,UNVR,RG,4560,1,D,YP,YU,F
13:46:51,UNVR,RG,4560,46,F,CS,YU,F
13:46:51,UNVR,RG,4560,3,D,AT,YU,F
13:46:51,UNVR,RG,4560,14,F,BK,YU,F
13:46:51,UNVR,RG,4560,5,D,PD,YU,F
13:46:51,UNVR,RG,4560,8,F,AK,YU,F
13:46:51,UNVR,RG,4560,19,D,RX,YU,F
13:46:51,UNVR,RG,4560,102,F,CS,YU,F
13:46:51,UNVR,RG,4560,22,F,CS,YU,F
13:46:51,UNVR,RG,4560,5,D,NI,YU,F
13:46:51,UNVR,RG,4560,200,D,EP,YU,F
13:46:51,UNVR,RG,4560,10,D,PD,YU,F
13:46:51,UNVR,RG,4560,56,F,CS,YU,F
13:46:51,UNVR,RG,4560,5,F,ZP,YU,F
13:46:51,UNVR,RG,4560,10,D,NI,YU,F
13:46:51,UNVR,RG,4560,4,F,ZP,YU,F
13:46:51,UNVR,RG,4560,1,D,NI,YU,F
13:46:51,UNVR,RG,4560,5,F,ZP,YU,F
13:46:51,UNVR,RG,4560,18,F,ZP,YU,F
13:46:51,UNVR,RG,4560,40,F,ZP,YU,F
13:46:51,UNVR,RG,4560,3,F,ZP,YU,F
13:46:51,UNVR,RG,4560,13,F,ZP,YU,F
13:46:51,UNVR,RG,4560,3,F,ZP,YU,F
13:46:51,UNVR,RG,4560,19,F,ZP,YU,F
13:46:51,UNVR,RG,4560,10,D,YP,YU,F
13:46:51,UNVR,RG,4560,3,D,NI,YU,F
13:46:51,UNVR,RG,4560,54,D,YP,YU,F
13:46:51,UNVR,RG,4560,1,D,EP,YU,F
13:46:51,UNVR,RG,4560,1,D,YP,YU,F
13:46:51,UNVR,RG,4560,5,D,NI,YU,F
13:46:51,UNVR,RG,4560,5,D,CC,YU,F
13:46:51,UNVR,RG,4560,1,D,AG,YU,F
13:46:51,UNVR,RG,4560,6,D,BQ,YU,F
13:46:51,UNVR,RG,4560,150,D,YB,YU,F
13:46:51,UNVR,RG,4560,1,D,CC,YU,F
13:46:51,UNVR,RG,4560,2,D,CC,YU,F
13:46:51,UNVR,RG,4560,1,D,YP,YU,F
13:46:51,UNVR,RG,4560,10,D,YP,YU,F
13:46:51,UNVR,RG,4560,2,F,ZP,YU,F
13:46:51,UNVR,RG,4560,2,D,CC,YU,F
13:46:51,UNVR,RG,4560,1,D,XC,YU,F
13:46:51,UNVR,RG,4560,2,D,XC,YU,F
