Time,Stock,Brd,Price,Qty,BT,BC,SC,ST
15:14:28,UNVR,RG,4250,1,D,GR,FS,D
15:14:10,UNVR,RG,4250,24,D,YP,FS,D
15:13:34,UNVR,RG,4250,10,D,YP,FS,D
15:12:06,UNVR,RG,4250,1,D,NI,FS,D
15:11:58,UNVR,RG,4250,10,D,CC,FS,D
15:11:48,UNVR,RG,4250,1,D,PD,FS,D
15:11:48,UNVR,RG,4250,1,D,PD,XC,D
15:11:48,UNVR,RG,4250,1,D,PD,CC,D
15:09:35,UNVR,RG,4250,1,D,SQ,CC,D
15:09:35,UNVR,RG,4250,1,D,XC,CC,D
15:08:13,UNVR,RG,4250,2,D,CC,CC,D
15:08:13,UNVR,RG,4250,1,D,CC,XC,D
15:08:13,UNVR,RG,4250,7,D,CC,AT,D
15:07:44,UNVR,RG,4250,13,D,XC,AT,D
15:07:44,UNVR,RG,4250,2,D,XC,YP,D
15:07:41,UNVR,RG,4250,2,D,CC,YP,D
15:07:39,UNVR,RG,4250,3,D,XC,YP,D
15:07:38,UNVR,RG,4250,1,D,XC,YP,D
15:06:58,UNVR,RG,4250,2,D,NI,YP,D
15:05:56,UNVR,RG,4250,2,D,YP,LG,D
15:05:56,UNVR,RG,4250,5,D,YP,NI,D
15:05:56,UNVR,RG,4250,3,D,YP,KK,D
15:05:27,UNVR,RG,4250,7,D,CC,KK,D
15:05:27,UNVR,RG,4250,3,D,CC,XC,D
15:05:00,UNVR,RG,4250,3,D,KK,XC,D
15:05:00,UNVR,RG,4250,7,D,KK,CP,D
15:04:28,UNVR,RG,4250,9,D,NI,CP,D
15:04:16,UNVR,RG,4250,38,D,YP,CP,D
15:04:09,UNVR,RG,4250,1,D,XC,CP,D
15:03:50,UNVR,RG,4250,145,D,CC,CP,D
15:03:50,UNVR,RG,4250,7,D,CC,XC,D
15:03:50,UNVR,RG,4250,1,D,CC,NI,D
15:03:50,UNVR,RG,4250,1,D,CC,XC,D
15:03:47,UNVR,RG,4250,5,D,PD,XC,D
15:03:38,UNVR,RG,4250,1,D,XC,YP,D
15:03:28,UNVR,RG,4250,6,D,IF,YP,D
15:03:23,UNVR,RG,4250,1,D,NI,YP,D
15:03:18,UNVR,RG,4250,92,D,YP,YP,D
15:03:18,UNVR,RG,4250,5,D,YP,YP,D
15:03:18,UNVR,RG,4250,3,D,YP,YP,D
15:03:15,UNVR,RG,4250,2,D,DX,YP,D
15:03:15,UNVR,RG,4250,1,D,DX,XC,D
15:03:15,UNVR,RG,4250,40,D,DX,PD,D
15:03:15,UNVR,RG,4250,8,D,DX,NI,D
15:03:15,UNVR,RG,4250,49,D,DX,NI,D
15:03:15,UNVR,RG,4250,1,D,CC,NI,D
15:02:03,UNVR,RG,4250,1,D,PD,NI,D
15:01:51,UNVR,RG,4250,5,D,DR,NI,D
15:01:09,UNVR,RG,4250,25,D,YP,NI,D
15:01:05,UNVR,RG,4250,25,D,SQ,NI,D
15:01:00,UNVR,RG,4250,1,D,XC,NI,D
15:00:00,UNVR,RG,4250,1,D,SQ,NI,D
15:00:00,UNVR,RG,4250,5,D,PD,NI,D
15:00:00,UNVR,RG,4250,3,D,NI,NI,D
15:00:00,UNVR,RG,4250,184,F,CS,NI,D
15:00:00,UNVR,RG,4250,15,F,CS,CC,D
15:00:00,UNVR,RG,4250,1,F,CS,DR,D
15:00:00,UNVR,RG,4250,10,F,CS,PD,D
15:00:00,UNVR,RG,4250,20,F,CS,YP,D
15:00:00,UNVR,RG,4250,7,F,CS,YP,D
15:00:00,UNVR,RG,4250,2,F,CS,XC,D
15:00:00,UNVR,RG,4250,20,F,CS,DR,D
15:00:00,UNVR,RG,4250,233,F,CS,KI,D
15:00:00,UNVR,RG,4250,1,D,CC,KI,D
15:00:00,UNVR,RG,4250,2,D,EP,KI,D
15:00:00,UNVR,RG,4250,1,D,DH,KI,D
15:00:00,UNVR,RG,4250,100,D,YP,KI,D
15:00:00,UNVR,RG,4250,913,D,YU,KI,D
15:00:00,UNVR,RG,4250,2,D,YU,GR,D
15:00:00,UNVR,RG,4250,1,D,YU,PD,D
15:00:00,UNVR,RG,4250,5,D,YU,YP,D
15:00:00,UNVR,RG,4250,3463,D,YU,GR,D
15:00:00,UNVR,RG,4250,3,D,YU,KK,D
15:00:00,UNVR,RG,4250,3,D,YU,GR,D
15:00:00,UNVR,RG,4250,23,D,YU,YP,D
15:00:00,UNVR,RG,4250,215,D,YU,MU,D
15:00:00,UNVR,RG,4250,200,D,YU,YP,D
15:00:00,UNVR,RG,4250,22,D,YU,YP,D
15:00:00,UNVR,RG,4250,1650,D,YU,YU,F
15:00:00,UNVR,RG,4250,5,D,DH,YU,F
15:00:00,UNVR,RG,4250,1,D,NI,YU,F
15:00:00,UNVR,RG,4250,10,D,YP,YU,F
15:00:00,UNVR,RG,4250,1,D,OD,YU,F
15:00:00,UNVR,RG,4250,1,D,XC,YU,F
15:00:00,UNVR,RG,4250,1,D,LS,YU,F
15:00:00,UNVR,RG,4250,1,D,NI,YU,F
15:00:00,UNVR,RG,4250,1,D,DH,YU,F
15:00:00,UNVR,RG,4250,1,D,XC,YU,F
15:00:00,UNVR,RG,4250,5,D,PD,YU,F
15:00:00,UNVR,RG,4250,1,D,XC,YU,F
15:00:00,UNVR,RG,4250,25,D,PD,YU,F
15:00:00,UNVR,RG,4250,3,D,PD,YU,F
15:00:00,UNVR,RG,4250,225,D,DH,YU,F
15:00:00,UNVR,RG,4250,3,D,BQ,YU,F
15:00:00,UNVR,RG,4250,5,D,YP,YU,F
15:00:00,UNVR,RG,4250,30,D,CC,YU,F
15:00:00,UNVR,RG,4250,15,D,YP,YU,F
15:00:00,UNVR,RG,4250,1,D,OD,YU,F
15:00:00,UNVR,RG,4250,1,D,XC,YU,F
15:00:00,UNVR,RG,4250,15,D,LG,YU,F
15:00:00,UNVR,RG,4250,1,D,XC,YU,F
15:00:00,UNVR,RG,4250,10,D,KK,YU,F
15:00:00,UNVR,RG,4250,2,D,YP,YU,F
15:00:00,UNVR,RG,4250,1,D,XC,YU,F
15:00:00,UNVR,RG,4250,2,D,MU,YU,F
15:00:00,UNVR,RG,4250,10,D,NI,YU,F
15:00:00,UNVR,RG,4250,26,D,NI,YU,F
15:00:00,UNVR,RG,4250,3,D,PD,YU,F
15:00:00,UNVR,RG,4250,5,D,KK,YU,F
15:00:00,UNVR,RG,4250,3,D,PD,YU,F
15:00:00,UNVR,RG,4250,1,D,DX,YU,F
15:00:00,UNVR,RG,4250,1,D,PD,YU,F
15:00:00,UNVR,RG,4250,101,D,SQ,YU,F
15:00:00,UNVR,RG,4250,7,D,KK,YU,F
15:00:00,UNVR,RG,4250,75,D,SQ,YU,F
15:00:00,UNVR,RG,4250,2,D,CC,YU,F
15:00:00,UNVR,RG,4250,2,D,XC,YU,F
15:00:00,UNVR,RG,4250,1,D,XL,YU,F
15:00:00,UNVR,RG,4250,10,D,LG,YU,F
15:00:00,UNVR,RG,4250,10,D,LG,YU,F
15:00:00,UNVR,RG,4250,1,D,DH,YU,F
15:00:00,UNVR,RG,4250,20,D,EP,YU,F
15:00:00,UNVR,RG,4250,1,D,AT,YU,F
15:00:00,UNVR,RG,4250,1,D,CC,YU,F
15:00:00,UNVR,RG,4250,3,D,GR,YU,F
15:00:00,UNVR,RG,4250,1154,F,YU,YU,F
15:00:00,UNVR,RG,4250,3046,D,PD,YU,F
15:00:00,UNVR,RG,4250,10,D,PD,GI,D
15:00:00,UNVR,RG,4250,3791,D,PD,ZP,F
15:00:00,UNVR,RG,4250,532,D,PD,DX,F
15:00:00,UNVR,RG,4250,946,F,AK,DX,F
15:00:00,UNVR,RG,4250,11,F,CS,DX,F
15:00:00,UNVR,RG,4250,1537,F,CS,DX,F
15:00:00,UNVR,RG,4250,495,F,ZP,DX,F
15:00:00,UNVR,RG,4250,55,F,ZP,ZP,F
15:00:00,UNVR,RG,4250,210,F,ZP,BK,F
15:00:00,UNVR,RG,4250,21,F,ZP,AK,F
15:00:00,UNVR,RG,4250,65,F,ZP,AK,F
15:00:00,UNVR,RG,4250,10,F,ZP,AK,F
15:00:00,UNVR,RG,4250,28,F,ZP,AK,F
15:00:00,UNVR,RG,4250,730,F,ZP,OD,D
15:00:00,UNVR,RG,4250,161,F,ZP,OD,D
15:00:00,UNVR,RG,4250,66,F,ZP,LG,D
15:00:00,UNVR,RG,4250,34,F,ZP,CC,D
15:00:00,UNVR,RG,4250,40,F,ZP,CC,D
15:00:00,UNVR,RG,4250,17,F,ZP,KK,D
15:00:00,UNVR,RG,4250,580,F,ZP,PD,D
15:00:00,UNVR,RG,4250,110,F,ZP,DR,D
15:00:00,UNVR,RG,4250,33,F,ZP,LG,D
15:00:00,UNVR,RG,4250,376,F,ZP,YU,D
15:00:00,UNVR,RG,4250,265,D,BB,YU,D
15:00:00,UNVR,RG,4250,360,D,BB,YU,D
15:00:00,UNVR,RG,4250,2141,F,DP,YU,D
15:00:00,UNVR,RG,4250,10,D,YP,YU,D
14:49:59,UNVR,RG,4250,18,D,SQ,DX,F
14:49:57,UNVR,RG,4250,1,D,SQ,ZP,F
14:49:52,UNVR,RG,4260,12,D,CC,YP,D
14:49:52,UNVR,RG,4260,3,D,CC,PD,D
14:49:52,UNVR,RG,4260,75,D,CC,CC,D
14:49:51,UNVR,RG,4250,21,F,AK,DX,F
14:49:50,UNVR,RG,4250,1,F,AK,ZP,F
14:49:46,UNVR,RG,4250,16,F,AK,DX,F
14:49:39,UNVR,RG,4260,1,D,XC,CC,D
14:49:35,UNVR,RG,4260,24,F,ZP,CC,D
14:49:35,UNVR,RG,4260,10,F,ZP,NI,D
14:49:35,UNVR,RG,4260,10,F,ZP,XC,D
14:49:35,UNVR,RG,4260,2,F,ZP,PD,D
14:49:35,UNVR,RG,4260,10,F,ZP,EP,D
14:49:35,UNVR,RG,4260,10,F,ZP,EP,D
14:49:35,UNVR,RG,4260,50,F,ZP,FS,D
14:49:35,UNVR,RG,4260,3,F,ZP,AK,F
14:49:35,UNVR,RG,4260,1,F,ZP,ZP,F
14:49:35,UNVR,RG,4260,71,F,ZP,HD,D
14:49:30,UNVR,RG,4250,3,F,AK,BK,F
14:49:28,UNVR,RG,4250,2,F,AK,ZP,F
14:49:26,UNVR,RG,4250,1,F,AK,AK,F
14:49:25,UNVR,RG,4260,64,F,ZP,HD,D
14:49:16,UNVR,RG,4250,44,F,AK,BB,D
14:49:16,UNVR,RG,4250,8,F,YU,BB,D
14:49:16,UNVR,RG,4260,1,D,XC,HD,D
14:49:15,UNVR,RG,4250,2,F,YU,AK,F
14:49:15,UNVR,RG,4250,2,F,YU,AK,F
14:49:15,UNVR,RG,4250,1,F,YU,AK,F
14:49:14,UNVR,RG,4260,225,D,DH,HD,D
14:49:14,UNVR,RG,4260,1,F,CS,HD,D
14:49:14,UNVR,RG,4260,54,F,ZP,HD,D
14:49:14,UNVR,RG,4250,1,F,YU,BB,D
14:49:13,UNVR,RG,4260,31,D,BB,HD,D
14:49:12,UNVR,RG,4260,1,D,NI,HD,D
14:49:11,UNVR,RG,4260,10,D,BB,HD,D
14:49:10,UNVR,RG,4250,2,F,YU,ZP,F
14:49:10,UNVR,RG,4260,16,D,BB,HD,D
14:49:09,UNVR,RG,4250,22,F,YU,BB,D
14:49:08,UNVR,RG,4260,8,D,BB,HD,D
14:49:07,UNVR,RG,4260,2,D,BB,HD,D
14:49:06,UNVR,RG,4250,1,F,YU,BB,D
14:49:02,UNVR,RG,4250,10,F,YU,BK,F
14:49:01,UNVR,RG,4250,4,F,YU,BB,D
14:49:01,UNVR,RG,4260,5,D,BB,HD,D
14:49:00,UNVR,RG,4260,18,F,ZP,HD,D
14:49:00,UNVR,RG,4260,1,F,ZP,HD,D
14:49:00,UNVR,RG,4260,1,F,AK,HD,D
14:48:58,UNVR,RG,4260,30,F,ZP,HD,D
14:48:58,UNVR,RG,4260,3,D,BB,HD,D
14:48:57,UNVR,RG,4260,74,F,ZP,HD,D
14:48:57,UNVR,RG,4250,2,F,YU,ZP,F
14:48:57,UNVR,RG,4250,1,F,YU,ZP,F
14:48:54,UNVR,RG,4260,2,D,YP,HD,D
14:48:52,UNVR,RG,4260,28,F,ZP,HD,D
14:48:51,UNVR,RG,4250,5,F,YU,ZP,F
14:48:51,UNVR,RG,4260,2,D,BB,HD,D
14:48:47,UNVR,RG,4250,3,F,YU,BB,D
14:48:46,UNVR,RG,4260,25,F,ZP,HD,D
14:48:46,UNVR,RG,4260,5,D,BB,HD,D
14:48:45,UNVR,RG,4250,1,F,YU,AK,F
14:48:45,UNVR,RG,4260,4,D,BB,HD,D
14:48:40,UNVR,RG,4260,36,F,ZP,HD,D
14:48:38,UNVR,RG,4250,4,F,YU,BB,D
14:48:34,UNVR,RG,4250,1,F,YU,ZP,F
14:48:34,UNVR,RG,4250,3,F,YU,ZP,F
14:48:34,UNVR,RG,4260,56,F,ZP,HD,D
14:48:34,UNVR,RG,4260,5,D,BB,HD,D
14:48:34,UNVR,RG,4260,6,D,BB,HD,D
14:48:34,UNVR,RG,4250,11,F,YU,BK,F
14:48:30,UNVR,RG,4250,16,F,YU,CC,D
14:48:30,UNVR,RG,4260,1,F,AK,HD,D
14:48:27,UNVR,RG,4260,5,D,YP,HD,D
14:48:22,UNVR,RG,4260,56,F,ZP,HD,D
14:48:22,UNVR,RG,4260,5,D,BB,HD,D
14:48:19,UNVR,RG,4260,5,D,BB,HD,D
14:48:10,UNVR,RG,4260,14,F,ZP,HD,D
14:48:09,UNVR,RG,4260,55,F,ZP,HD,D
14:48:09,UNVR,RG,4260,74,F,ZP,HD,D
14:48:09,UNVR,RG,4260,320,F,ZP,PD,D
14:48:09,UNVR,RG,4260,25,F,ZP,YP,D
14:48:09,UNVR,RG,4260,8,F,ZP,SQ,D
14:48:09,UNVR,RG,4260,23,F,ZP,PD,D
14:48:09,UNVR,RG,4260,1,F,ZP,XL,D
14:48:09,UNVR,RG,4260,3,F,ZP,CC,D
14:48:09,UNVR,RG,4260,5,F,ZP,YP,D
14:48:09,UNVR,RG,4260,1,F,ZP,LS,D
14:48:09,UNVR,RG,4260,30,F,ZP,YP,D
14:48:09,UNVR,RG,4260,5,F,ZP,NI,D
14:48:09,UNVR,RG,4260,18,F,ZP,YU,D
14:48:09,UNVR,RG,4260,7,F,ZP,PD,D
14:48:08,UNVR,RG,4260,5,D,BB,PD,D
14:48:07,UNVR,RG,4260,13,D,BB,PD,D
14:48:07,UNVR,RG,4260,2,D,BB,BB,D
14:48:03,UNVR,RG,4260,5,D,YP,BB,D
14:48:00,UNVR,RG,4260,1,D,PD,BB,D
14:48:00,UNVR,RG,4260,1,F,AK,BB,D
14:47:52,UNVR,RG,4260,36,D,BB,BB,D
14:47:37,UNVR,RG,4260,1,F,CS,BB,D
14:47:37,UNVR,RG,4260,1,F,CS,BB,D
14:47:31,UNVR,RG,4260,77,F,ZP,BB,D
14:47:30,UNVR,RG,4260,24,D,BB,BB,D
14:47:30,UNVR,RG,4260,12,D,BK,BB,D
14:47:19,UNVR,RG,4260,15,D,PD,BB,D
14:47:19,UNVR,RG,4260,2,D,PD,XC,D
14:47:19,UNVR,RG,4260,8,D,PD,BB,D
14:47:04,UNVR,RG,4260,10,D,BK,BB,D
14:47:03,UNVR,RG,4260,1,D,YP,BB,D
14:47:00,UNVR,RG,4260,30,D,BK,BB,D
14:47:00,UNVR,RG,4260,9,D,BK,ZP,F
14:47:00,UNVR,RG,4260,2,D,BK,AK,F
14:47:00,UNVR,RG,4260,1,D,BK,AK,F
14:47:00,UNVR,RG,4260,1,D,BK,XC,D
14:47:00,UNVR,RG,4260,10,D,BK,PD,D
14:47:00,UNVR,RG,4260,15,D,BK,NI,D
14:47:00,UNVR,RG,4260,2,D,BK,NI,D
14:47:00,UNVR,RG,4260,8,D,BK,ZP,F
14:47:00,UNVR,RG,4260,1,D,BK,GR,D
14:47:00,UNVR,RG,4260,1,D,BK,PD,D
14:47:00,UNVR,RG,4260,5,D,BK,YP,D
14:47:00,UNVR,RG,4260,2,D,BK,DH,D
14:47:00,UNVR,RG,4260,1,D,BK,AK,F
14:47:00,UNVR,RG,4260,12,D,BK,AK,F
14:47:00,UNVR,RG,4260,2,D,BK,XC,D
14:47:00,UNVR,RG,4260,8,D,BK,BK,F
14:47:00,UNVR,RG,4260,10,D,BK,KK,D
14:47:00,UNVR,RG,4260,11,D,BK,OD,D
14:47:00,UNVR,RG,4260,2,F,AK,OD,D
14:46:58,UNVR,RG,4260,11,D,BK,OD,D
14:46:54,UNVR,RG,4260,1,D,BK,OD,D
14:46:54,UNVR,RG,4260,1,D,BK,PD,D
14:46:54,UNVR,RG,4260,10,D,BK,YP,D
14:46:50,UNVR,RG,4260,25,D,PD,CP,D
14:46:49,UNVR,RG,4260,10,D,BK,CP,D
14:46:49,UNVR,RG,4250,3,F,YU,CC,D
14:46:48,UNVR,RG,4250,3,F,YU,CC,D
14:46:46,UNVR,RG,4260,11,D,BK,CP,D
14:46:43,UNVR,RG,4260,4,D,BK,CP,D
14:46:43,UNVR,RG,4260,1,D,BK,AK,F
14:46:43,UNVR,RG,4260,6,D,BK,CC,D
14:46:38,UNVR,RG,4260,11,D,BK,CC,D
14:46:33,UNVR,RG,4260,20,D,BB,CC,D
14:46:30,UNVR,RG,4250,1,F,YU,AK,F
14:46:30,UNVR,RG,4250,10,F,YU,AK,F
14:46:29,UNVR,RG,4260,4,D,YP,CC,D
14:46:29,UNVR,RG,4250,2,F,YU,ZP,F
14:46:27,UNVR,RG,4250,68,F,YU,BB,D
14:46:22,UNVR,RG,4260,9,D,BK,CC,D
14:46:15,UNVR,RG,4250,1,F,YU,AK,F
14:46:15,UNVR,RG,4250,2,F,YU,AK,F
14:46:13,UNVR,RG,4260,26,D,BB,CC,D
14:46:13,UNVR,RG,4260,1,D,BB,EP,D
14:46:13,UNVR,RG,4260,26,D,BB,XC,D
14:46:12,UNVR,RG,4260,4,D,BK,XC,D
14:46:12,UNVR,RG,4260,6,D,BK,BK,F
14:46:11,UNVR,RG,4250,4,F,YU,ZP,F
14:46:11,UNVR,RG,4250,4,F,YU,ZP,F
14:46:11,UNVR,RG,4250,19,F,YU,DR,D
14:46:05,UNVR,RG,4250,85,F,YU,BB,D
14:46:01,UNVR,RG,4260,10,D,BK,BK,F
14:45:57,UNVR,RG,4260,10,F,ZP,BK,F
14:45:57,UNVR,RG,4260,20,F,ZP,SQ,D
14:45:52,UNVR,RG,4260,1,D,NI,SQ,D
14:45:48,UNVR,RG,4260,10,D,BK,SQ,D
14:45:48,UNVR,RG,4260,2,F,AK,SQ,D
14:45:46,UNVR,RG,4260,13,D,PD,SQ,D
14:45:45,UNVR,RG,4250,9,F,YU,BK,F
14:45:45,UNVR,RG,4250,1,F,YU,AK,F
14:45:45,UNVR,RG,4250,4,F,YU,AK,F
14:45:42,UNVR,RG,4260,20,D,BB,SQ,D
14:45:38,UNVR,RG,4260,11,D,BK,SQ,D
14:45:35,UNVR,RG,4260,9,D,PD,SQ,D
14:45:30,UNVR,RG,4250,1,F,YU,AK,F
14:45:29,UNVR,RG,4250,4,F,YU,ZP,F
14:45:28,UNVR,RG,4260,10,D,BK,SQ,D
14:45:20,UNVR,RG,4260,82,F,ZP,SQ,D
14:45:17,UNVR,RG,4250,5,F,YU,ZP,F
14:45:15,UNVR,RG,4260,10,D,BK,SQ,D
14:45:12,UNVR,RG,4260,2,D,XC,SQ,D
14:45:06,UNVR,RG,4260,1,D,XL,SQ,D
14:45:06,UNVR,RG,4260,1,F,CS,SQ,D
14:45:06,UNVR,RG,4260,1,F,CS,SQ,D
14:45:04,UNVR,RG,4260,11,D,BK,SQ,D
14:45:01,UNVR,RG,4250,5,F,YU,CC,D
14:45:00,UNVR,RG,4260,2,D,PD,SQ,D
14:44:57,UNVR,RG,4260,2,D,CC,SQ,D
14:44:55,UNVR,RG,4260,22,D,BB,SQ,D
14:44:52,UNVR,RG,4250,1,F,YU,XC,D
14:44:51,UNVR,RG,4260,10,D,BK,SQ,D
14:44:51,UNVR,RG,4260,5,D,KK,SQ,D
14:44:47,UNVR,RG,4260,5,D,NI,SQ,D
14:44:45,UNVR,RG,4250,1,F,YU,AK,F
14:44:45,UNVR,RG,4250,6,F,YU,AK,F
14:44:43,UNVR,RG,4260,11,D,BK,SQ,D
14:44:40,UNVR,RG,4250,6,F,YU,CC,D
14:44:33,UNVR,RG,4260,1000,F,AK,SQ,D
14:44:32,UNVR,RG,4260,200,D,YP,SQ,D
14:44:27,UNVR,RG,4260,11,D,BK,SQ,D
14:44:17,UNVR,RG,4260,12,D,BK,SQ,D
14:44:07,UNVR,RG,4250,34,F,YU,DR,D
14:44:04,UNVR,RG,4260,11,D,BK,SQ,D
14:44:02,UNVR,RG,4260,5,D,BB,SQ,D
14:44:02,UNVR,RG,4260,5,D,BB,CC,D
14:44:02,UNVR,RG,4260,1,D,BB,PD,D
14:44:02,UNVR,RG,4260,7,D,BB,XC,D
14:43:55,UNVR,RG,4260,1,D,XC,XC,D
14:43:55,UNVR,RG,4260,2,D,XC,CC,D
14:43:53,UNVR,RG,4260,11,D,BK,CC,D
14:43:48,UNVR,RG,4260,1,D,OD,CC,D
14:43:47,UNVR,RG,4250,4,F,YU,ZP,F
14:43:46,UNVR,RG,4260,41,D,XA,CC,D
14:43:46,UNVR,RG,4260,15,D,XA,BK,F
14:43:46,UNVR,RG,4260,32,D,XA,PD,D
14:43:44,UNVR,RG,4260,9,D,BK,PD,D
14:43:37,UNVR,RG,4260,5,D,KK,PD,D
14:43:36,UNVR,RG,4260,54,F,ZP,PD,D
14:43:36,UNVR,RG,4260,1,F,ZP,LG,D
14:43:36,UNVR,RG,4260,3,F,ZP,ZP,F
14:43:36,UNVR,RG,4260,23,F,ZP,KK,D
14:43:34,UNVR,RG,4260,11,D,BK,KK,D
14:43:23,UNVR,RG,4250,80,F,YU,PD,D
14:43:21,UNVR,RG,4260,10,D,BK,KK,D
14:43:16,UNVR,RG,4260,21,D,BB,KK,D
14:43:12,UNVR,RG,4260,10,D,BK,KK,D
14:43:12,UNVR,RG,4250,90,F,YU,PD,D
14:43:10,UNVR,RG,4250,1,F,YU,CC,D
14:43:08,UNVR,RG,4250,10,F,YU,PD,D
14:43:05,UNVR,RG,4260,48,D,BB,KK,D
14:43:01,UNVR,RG,4260,10,D,BK,KK,D
14:43:01,UNVR,RG,4250,1,F,YU,PD,D
14:43:00,UNVR,RG,4250,33,F,YU,PD,D
14:42:56,UNVR,RG,4250,40,F,YU,NI,D
14:42:53,UNVR,RG,4260,10,D,BK,KK,D
14:42:39,UNVR,RG,4260,6,F,AK,KK,D
14:42:38,UNVR,RG,4260,11,D,BK,KK,D
14:42:36,UNVR,RG,4260,5,D,YP,KK,D
14:42:26,UNVR,RG,4260,10,D,OD,KK,D
14:42:25,UNVR,RG,4260,11,D,BK,KK,D
14:42:24,UNVR,RG,4260,20,D,BB,KK,D
14:42:15,UNVR,RG,4260,11,D,BK,KK,D
14:42:12,UNVR,RG,4260,5,D,KK,KK,D
14:42:03,UNVR,RG,4260,12,D,BK,KK,D
14:41:57,UNVR,RG,4250,1,F,YU,XC,D
14:41:54,UNVR,RG,4260,10,D,BK,KK,D
14:41:47,UNVR,RG,4260,68,F,ZP,KK,D
14:41:47,UNVR,RG,4250,300,F,YU,YP,D
14:41:41,UNVR,RG,4250,50,F,YU,CC,D
14:41:40,UNVR,RG,4260,11,D,BK,KK,D
14:41:36,UNVR,RG,4260,22,D,BB,KK,D
14:41:35,UNVR,RG,4260,5,D,PD,KK,D
14:41:35,UNVR,RG,4260,2,D,PD,ZP,F
14:41:35,UNVR,RG,4260,3,D,PD,BK,F
14:41:31,UNVR,RG,4250,8,F,YU,BB,D
14:41:30,UNVR,RG,4260,10,D,BK,BK,F
14:41:22,UNVR,RG,4260,1,F,ZP,BK,F
14:41:22,UNVR,RG,4260,222,F,ZP,BB,D
14:41:22,UNVR,RG,4260,7,F,ZP,ZP,F
14:41:22,UNVR,RG,4260,20,F,ZP,XC,D
14:41:22,UNVR,RG,4260,4,F,ZP,ZP,F
14:41:22,UNVR,RG,4260,3,F,ZP,PD,D
14:41:22,UNVR,RG,4260,3,F,ZP,PD,D
14:41:22,UNVR,RG,4260,24,F,ZP,BB,D
14:41:22,UNVR,RG,4260,6,F,ZP,BB,D
14:41:22,UNVR,RG,4260,110,F,ZP,CC,D
14:41:22,UNVR,RG,4260,60,F,ZP,ZP,D
14:41:22,UNVR,RG,4260,250,F,ZP,HP,D
14:41:22,UNVR,RG,4260,2,F,ZP,KK,D
14:41:22,UNVR,RG,4260,2,F,ZP,XC,D
14:41:22,UNVR,RG,4260,1,F,ZP,CC,D
14:41:22,UNVR,RG,4260,9,F,ZP,CC,D
14:41:22,UNVR,RG,4260,20,F,ZP,XL,D
14:41:22,UNVR,RG,4260,3,F,ZP,GR,D
14:41:22,UNVR,RG,4260,1,F,ZP,YP,D
14:41:22,UNVR,RG,4260,9,F,ZP,XC,D
14:41:22,UNVR,RG,4260,10,D,BK,XC,D
14:41:18,UNVR,RG,4260,16,D,PP,XC,D
14:41:18,UNVR,RG,4260,1,D,PP,OD,D
14:41:18,UNVR,RG,4260,2,D,PP,NI,D
14:41:18,UNVR,RG,4260,5,D,PP,NI,D
14:41:18,UNVR,RG,4260,1,D,PP,AT,D
14:41:18,UNVR,RG,4260,3,D,PP,YP,D
14:41:18,UNVR,RG,4260,1,D,PP,XC,D
14:41:18,UNVR,RG,4260,100,D,PP,TP,D
14:41:18,UNVR,RG,4260,1,D,PP,XC,D
14:41:18,UNVR,RG,4260,62,D,PP,ZP,D
14:41:18,UNVR,RG,4260,1,D,PP,XC,D
14:41:18,UNVR,RG,4260,1,D,PP,PD,D
14:41:18,UNVR,RG,4260,104,D,PP,SQ,D
14:41:18,UNVR,RG,4260,2,D,PP,YP,D
14:41:18,UNVR,RG,4260,1,D,PP,AK,F
14:41:18,UNVR,RG,4260,1,D,PP,NI,D
14:41:18,UNVR,RG,4260,4,D,PP,AK,F
14:41:18,UNVR,RG,4260,3,D,PP,AK,F
14:41:18,UNVR,RG,4260,1,D,PP,XC,D
14:41:18,UNVR,RG,4260,1,D,PP,PD,D
14:41:18,UNVR,RG,4260,1,D,PP,CC,D
14:41:18,UNVR,RG,4260,5,D,PP,CP,D
14:41:18,UNVR,RG,4260,5,D,PP,EP,D
14:41:18,UNVR,RG,4260,1,D,PP,AK,F
14:41:18,UNVR,RG,4260,5,D,PP,CC,D
14:41:18,UNVR,RG,4260,2,D,PP,YP,D
14:41:18,UNVR,RG,4260,1,D,PP,DH,D
14:41:18,UNVR,RG,4260,1,D,PP,XC,D
14:41:18,UNVR,RG,4260,2,D,PP,AK,F
14:41:18,UNVR,RG,4260,100,D,PP,OD,D
14:41:18,UNVR,RG,4260,5,D,PP,CC,D
14:41:18,UNVR,RG,4260,10,D,PP,PD,D
14:41:18,UNVR,RG,4260,2,D,PP,XC,D
14:41:18,UNVR,RG,4260,49,D,PP,PD,D
14:41:17,UNVR,RG,4250,10,F,YU,BK,F
14:41:12,UNVR,RG,4250,15,F,YU,CC,D
14:41:10,UNVR,RG,4260,11,D,BK,PD,D
14:41:03,UNVR,RG,4260,4,D,CC,PD,D
14:41:01,UNVR,RG,4250,112,F,YU,CC,D
14:40:58,UNVR,RG,4260,10,D,BK,PD,D
14:40:50,UNVR,RG,4260,1,D,HP,PD,D
14:40:47,UNVR,RG,4260,11,D,BK,PD,D
14:40:45,UNVR,RG,4250,1,F,YU,AK,F
14:40:43,UNVR,RG,4260,14,D,BB,PD,D
14:40:43,UNVR,RG,4260,1,D,BB,PD,D
14:40:43,UNVR,RG,4260,8,D,BB,EP,D
14:40:36,UNVR,RG,4260,2,D,BK,EP,D
14:40:36,UNVR,RG,4260,5,D,BK,YP,D
14:40:36,UNVR,RG,4260,2,D,BK,XC,D
14:40:36,UNVR,RG,4260,2,D,BK,DH,D
14:40:24,UNVR,RG,4260,10,D,BK,DH,D
14:40:20,UNVR,RG,4250,140,F,YU,CC,D
14:40:19,UNVR,RG,4260,18,F,ZP,DH,D
14:40:19,UNVR,RG,4260,7,F,ZP,KK,D
14:40:18,UNVR,RG,4250,32,F,YU,YP,D
14:40:14,UNVR,RG,4260,10,D,BK,KK,D
14:40:09,UNVR,RG,4260,1,D,XC,KK,D
14:40:05,UNVR,RG,4260,2,D,BK,KK,D
14:40:05,UNVR,RG,4260,5,D,BK,AT,D
14:40:05,UNVR,RG,4260,1,D,BK,XC,D
14:40:05,UNVR,RG,4260,1,D,BK,XC,D
14:40:05,UNVR,RG,4260,1,D,BK,DH,D
14:40:00,UNVR,RG,4250,5,F,YU,AK,F
14:39:57,UNVR,RG,4260,9,D,BK,YP,D
14:39:46,UNVR,RG,4260,21,D,BB,YP,D
14:39:46,UNVR,RG,4260,11,D,BK,YP,D
14:39:45,UNVR,RG,4260,20,D,KK,YP,D
14:39:37,UNVR,RG,4260,11,D,BK,YP,D
14:39:33,UNVR,RG,4250,8,F,YU,CC,D
14:39:30,UNVR,RG,4250,1,F,YU,AK,F
14:39:23,UNVR,RG,4260,11,D,BK,YP,D
14:39:22,UNVR,RG,4260,19,D,BB,YP,D
14:39:15,UNVR,RG,4260,9,D,BK,YP,D
14:39:04,UNVR,RG,4260,11,D,BK,YP,D
14:38:57,UNVR,RG,4250,14,F,YU,XA,D
14:38:56,UNVR,RG,4260,20,D,BB,YP,D
14:38:52,UNVR,RG,4260,10,D,BK,YP,D
14:38:47,UNVR,RG,4250,1,F,YU,XC,D
14:38:43,UNVR,RG,4260,11,D,BK,YP,D
14:38:32,UNVR,RG,4260,5,D,BK,YP,D
14:38:32,UNVR,RG,4260,6,D,BK,BK,F
14:38:31,UNVR,RG,4250,2,F,YU,MU,D
14:38:22,UNVR,RG,4260,7,D,BK,BK,F
14:38:22,UNVR,RG,4260,2,D,BK,XC,D
14:38:22,UNVR,RG,4260,1,D,BK,PD,D
14:38:12,UNVR,RG,4260,2,D,BK,PD,D
14:38:12,UNVR,RG,4260,2,D,BK,AK,F
14:38:12,UNVR,RG,4260,6,D,BK,YU,D
14:38:06,UNVR,RG,4260,12,D,BB,YU,D
14:38:06,UNVR,RG,4260,1,D,BB,AK,F
14:38:06,UNVR,RG,4260,10,D,BB,CC,D
14:38:04,UNVR,RG,4260,2,D,BK,KK,D
14:38:04,UNVR,RG,4260,8,D,BK,YP,D
14:38:00,UNVR,RG,4250,4,F,YU,AK,F
14:37:54,UNVR,RG,4260,7,D,BK,YP,D
14:37:54,UNVR,RG,4260,4,D,BK,NI,D
14:37:46,UNVR,RG,4260,10,D,BK,NI,D
14:37:33,UNVR,RG,4260,10,D,BK,NI,D
14:37:30,UNVR,RG,4250,3,F,YU,XC,D
14:37:30,UNVR,RG,4250,1,F,YU,AK,F
14:37:22,UNVR,RG,4260,11,D,BK,NI,D
14:37:16,UNVR,RG,4260,1,D,BK,NI,D
14:37:16,UNVR,RG,4260,9,D,BK,DR,D
14:37:12,UNVR,RG,4260,1,D,XC,DR,D
14:37:10,UNVR,RG,4260,1,D,BB,XC,D
14:37:10,UNVR,RG,4260,5,D,BB,RO,D
14:37:10,UNVR,RG,4260,14,D,BB,YP,D
14:37:05,UNVR,RG,4260,10,D,BK,YP,D
14:37:02,UNVR,RG,4260,1,D,XL,YP,D
14:36:57,UNVR,RG,4260,9,D,BK,YP,D
14:36:54,UNVR,RG,4250,11,F,YU,CC,D
14:36:40,UNVR,RG,4250,1,F,YU,AI,D
14:36:39,UNVR,RG,4260,86,F,ZP,YP,D
14:36:39,UNVR,RG,4260,5,F,ZP,KK,D
14:36:39,UNVR,RG,4260,10,F,ZP,CC,D
14:36:39,UNVR,RG,4260,108,F,ZP,YP,D
14:36:32,UNVR,RG,4250,3,F,YU,YP,D
14:36:30,UNVR,RG,4250,4,F,YU,AK,F
14:36:28,UNVR,RG,4250,1,F,YU,AK,F
14:36:27,UNVR,RG,4250,1,F,YU,PD,D
14:36:22,UNVR,RG,4260,21,D,BB,YP,D
14:35:56,UNVR,RG,4260,1,D,DH,YP,D
14:35:51,UNVR,RG,4250,60,F,YU,GR,D
14:35:45,UNVR,RG,4250,3,F,YU,XL,D
14:35:30,UNVR,RG,4260,13,D,BB,YP,D
14:35:17,UNVR,RG,4250,25,F,YU,YU,D
14:35:10,UNVR,RG,4250,6,F,YU,SQ,D
14:34:42,UNVR,RG,4250,1,F,YU,PD,D
14:34:00,UNVR,RG,4250,39,F,YU,AI,D
14:34:00,UNVR,RG,4250,4,F,YU,ZP,F
14:34:00,UNVR,RG,4250,2,F,YU,YP,D
14:34:00,UNVR,RG,4250,27,F,YU,CC,D
14:34:00,UNVR,RG,4250,15,F,YU,XC,D
14:34:00,UNVR,RG,4250,5,F,YU,CC,D
14:34:00,UNVR,RG,4250,2,F,YU,DX,D
14:34:00,UNVR,RG,4250,2,F,YU,PD,D
14:34:00,UNVR,RG,4250,20,F,YU,EP,D
14:34:00,UNVR,RG,4250,25,F,YU,YP,D
14:34:00,UNVR,RG,4250,4,F,YU,ZP,F
14:34:00,UNVR,RG,4250,200,F,YU,PD,D
14:34:00,UNVR,RG,4250,5,F,YU,GR,D
14:34:00,UNVR,RG,4250,1,F,YU,CC,D
14:34:00,UNVR,RG,4250,5,F,YU,PD,D
14:34:00,UNVR,RG,4250,15,F,YU,CC,D
14:34:00,UNVR,RG,4250,1,F,YU,CC,D
14:34:00,UNVR,RG,4250,2,F,YU,ZP,F
14:34:00,UNVR,RG,4250,8,F,YU,CC,D
14:34:00,UNVR,RG,4250,2,F,YU,ZP,F
14:34:00,UNVR,RG,4250,30,F,YU,PD,D
14:34:00,UNVR,RG,4250,10,F,YU,SQ,D
14:34:00,UNVR,RG,4250,74,F,YU,BB,D
14:34:00,UNVR,RG,4250,1,F,YU,AK,F
14:34:00,UNVR,RG,4250,3,F,YU,AK,F
14:34:00,UNVR,RG,4250,36,F,YU,BK,F
14:34:00,UNVR,RG,4240,2,F,AK,AK,F
14:33:47,UNVR,RG,4240,10,F,AK,PD,D
14:33:36,UNVR,RG,4250,3,D,PP,BK,F
14:33:36,UNVR,RG,4250,106,D,PP,CC,D
14:33:36,UNVR,RG,4250,17,D,PP,BB,D
14:33:36,UNVR,RG,4250,374,D,PP,CS,F
14:33:32,UNVR,RG,4250,10,D,PD,CS,F
14:33:22,UNVR,RG,4240,5,F,AK,EP,D
14:33:08,UNVR,RG,4240,10,F,AK,BK,F
14:32:37,UNVR,RG,4240,7,F,AK,CC,D
14:32:34,UNVR,RG,4240,72,F,AK,BB,D
14:32:28,UNVR,RG,4250,1,F,ZP,CS,F
14:32:24,UNVR,RG,4250,1,D,XC,CS,F
14:32:08,UNVR,RG,4240,15,F,AK,BB,D
14:31:50,UNVR,RG,4240,10,F,AK,BK,F
14:31:39,UNVR,RG,4240,2,F,AK,YP,D
14:31:29,UNVR,RG,4240,20,F,AK,EP,D
14:31:19,UNVR,RG,4240,2,F,AK,AK,F
14:30:39,UNVR,RG,4240,15,F,AK,BB,D
14:30:30,UNVR,RG,4240,338,F,AK,YU,F
14:30:30,UNVR,RG,4240,8,F,ZP,YU,F
14:30:30,UNVR,RG,4240,10,D,YP,YU,F
14:30:30,UNVR,RG,4240,5,D,PD,YU,F
14:30:30,UNVR,RG,4240,22,D,YP,YU,F
14:30:30,UNVR,RG,4240,5,D,YP,YU,F
14:30:30,UNVR,RG,4240,1,D,CC,YU,F
14:30:30,UNVR,RG,4240,4,D,CC,YU,F
14:30:30,UNVR,RG,4240,5,D,PD,YU,F
14:30:30,UNVR,RG,4240,25,D,OD,YU,F
14:30:30,UNVR,RG,4240,500,D,OD,YU,F
14:30:30,UNVR,RG,4240,1,D,YP,YU,F
14:30:30,UNVR,RG,4240,1,D,YP,YU,F
14:30:30,UNVR,RG,4240,5,D,YP,YU,F
14:30:30,UNVR,RG,4240,24,D,YP,YU,F
14:30:30,UNVR,RG,4240,2,D,YP,YU,F
14:30:30,UNVR,RG,4240,1,D,YP,YU,F
14:30:30,UNVR,RG,4240,1,D,XC,YU,F
14:30:30,UNVR,RG,4240,7,D,XC,YU,F
14:30:30,UNVR,RG,4240,1,D,CC,YU,F
14:30:30,UNVR,RG,4240,100,D,OD,YU,F
14:30:30,UNVR,RG,4240,10,D,PD,YU,F
14:30:30,UNVR,RG,4240,2,D,KK,YU,F
14:30:30,UNVR,RG,4240,3,D,KK,YU,F
14:30:30,UNVR,RG,4240,1,D,KK,YU,F
14:30:30,UNVR,RG,4240,1,D,DH,YU,F
14:30:30,UNVR,RG,4240,2,D,GR,YU,F
14:30:30,UNVR,RG,4240,10,D,PD,YU,F
14:30:30,UNVR,RG,4240,6,D,PD,YU,F
14:30:30,UNVR,RG,4240,1,D,PD,YU,F
14:30:30,UNVR,RG,4240,2,D,EP,YU,F
14:30:30,UNVR,RG,4240,2,D,CC,YU,F
14:30:30,UNVR,RG,4240,2,D,PD,YU,F
14:30:30,UNVR,RG,4240,2,D,XC,YU,F
14:30:30,UNVR,RG,4240,7,D,CC,YU,F
14:30:30,UNVR,RG,4240,19,D,BK,YU,F
14:30:30,UNVR,RG,4240,1,D,YP,YU,F
14:30:30,UNVR,RG,4240,1,D,YP,YU,F
14:30:30,UNVR,RG,4240,1,D,YB,YU,F
14:30:30,UNVR,RG,4240,1,D,PD,YU,F
14:30:30,UNVR,RG,4240,1,D,XC,YU,F
14:30:30,UNVR,RG,4240,1,D,YP,YU,F
14:30:30,UNVR,RG,4240,10,D,IU,YU,F
14:30:30,UNVR,RG,4240,1,D,PD,YU,F
14:30:30,UNVR,RG,4240,10,D,AZ,YU,F
14:30:30,UNVR,RG,4240,1,D,PD,YU,F
14:30:30,UNVR,RG,4240,4,D,XC,YU,F
14:30:30,UNVR,RG,4240,1,D,YP,YU,F
14:30:30,UNVR,RG,4240,5,D,PD,YU,F
14:30:30,UNVR,RG,4240,1,D,XC,YU,F
14:30:30,UNVR,RG,4240,30,D,CC,YU,F
14:30:30,UNVR,RG,4240,100,D,YP,YU,F
14:30:30,UNVR,RG,4240,23,D,SQ,YU,F
14:30:30,UNVR,RG,4240,100,D,MG,YU,F
14:30:30,UNVR,RG,4240,62,D,YP,YU,F
14:30:30,UNVR,RG,4240,2,D,YP,YU,F
14:30:30,UNVR,RG,4240,1,D,CC,YU,F
14:30:30,UNVR,RG,4240,2,D,CP,YU,F
14:30:30,UNVR,RG,4240,10,D,KK,YU,F
14:30:30,UNVR,RG,4240,5,D,PD,YU,F
14:30:30,UNVR,RG,4240,25,D,KK,YU,F
14:30:30,UNVR,RG,4240,2,D,CP,YU,F
14:30:30,UNVR,RG,4240,1,D,NI,YU,F
14:30:30,UNVR,RG,4240,2,D,YP,YU,F
14:30:30,UNVR,RG,4240,1,D,AG,YU,F
14:30:30,UNVR,RG,4240,1,D,YP,YU,F
14:30:30,UNVR,RG,4240,458,D,PD,YU,F
14:30:29,UNVR,RG,4250,7,D,YP,CS,F
14:30:26,UNVR,RG,4240,5,D,PD,AK,F
14:30:25,UNVR,RG,4240,10,D,PD,BK,F
14:30:15,UNVR,RG,4240,71,D,PD,BB,D
14:30:00,UNVR,RG,4250,5,D,YP,CS,F
14:30:00,UNVR,RG,4250,1,D,KK,CS,F
14:29:59,UNVR,RG,4250,275,D,DH,CS,F
14:29:53,UNVR,RG,4240,5,D,PD,XC,D
14:29:51,UNVR,RG,4250,12,D,YP,CS,F
14:29:16,UNVR,RG,4250,6,D,XC,CS,F
14:29:15,UNVR,RG,4240,1,D,PD,AK,F
14:29:13,UNVR,RG,4240,16,D,PD,BB,D
14:29:12,UNVR,RG,4240,9,D,PD,BK,F
14:29:08,UNVR,RG,4250,47,D,BB,CS,F
14:29:08,UNVR,RG,4250,37,F,ZP,CS,F
14:29:08,UNVR,RG,4250,2,F,ZP,ZP,F
14:29:08,UNVR,RG,4250,3,F,ZP,ZP,F
14:29:08,UNVR,RG,4250,3,F,ZP,CC,D
14:29:08,UNVR,RG,4250,2,F,AK,CC,D
14:29:08,UNVR,RG,4250,22,D,BK,CS,F
14:29:08,UNVR,RG,4250,32,D,BK,CS,F
14:29:08,UNVR,RG,4250,5,D,XC,CS,F
14:29:08,UNVR,RG,4250,1,F,CS,CS,F
14:29:08,UNVR,RG,4250,1,D,KK,CS,F
14:29:08,UNVR,RG,4250,14,D,PD,CS,F
14:29:08,UNVR,RG,4250,2,F,AK,CS,F
14:29:08,UNVR,RG,4250,5,D,SQ,CS,F
14:29:08,UNVR,RG,4250,21,D,BK,CS,F
14:29:08,UNVR,RG,4250,20,D,PD,CS,F
14:29:08,UNVR,RG,4250,1,F,CS,CS,F
14:29:08,UNVR,RG,4250,3,D,DH,CS,F
14:29:08,UNVR,RG,4250,33,F,ZP,CS,F
14:29:08,UNVR,RG,4250,2,F,AK,CS,F
14:29:08,UNVR,RG,4250,19,D,BK,CS,F
14:29:08,UNVR,RG,4250,25,D,YP,CS,F
14:29:08,UNVR,RG,4250,5,D,BB,CS,F
14:29:08,UNVR,RG,4250,10,D,BK,CS,F
14:29:08,UNVR,RG,4250,43,F,ZP,CS,F
14:29:08,UNVR,RG,4250,217,F,YU,CS,F
14:29:07,UNVR,RG,4260,470,D,SQ,YP,D
14:28:24,UNVR,RG,4250,4,F,YU,CC,D
14:28:11,UNVR,RG,4250,10,F,YU,PD,D
14:28:03,UNVR,RG,4250,27,F,YU,YP,D
14:28:00,UNVR,RG,4250,69,F,YU,BB,D
14:27:46,UNVR,RG,4250,10,F,YU,BK,F
14:27:45,UNVR,RG,4250,1,F,YU,AK,F
14:27:44,UNVR,RG,4250,1,F,YU,PD,D
14:27:39,UNVR,RG,4250,6,F,YU,AK,F
14:27:38,UNVR,RG,4250,22,F,YU,CC,D
14:27:38,UNVR,RG,4250,15,F,YU,BB,D
14:27:33,UNVR,RG,4250,108,F,YU,KK,D
14:27:12,UNVR,RG,4260,2,D,PD,YP,D
14:27:09,UNVR,RG,4250,1,F,YU,XC,D
14:27:07,UNVR,RG,4250,3,F,YU,CC,D
14:26:51,UNVR,RG,4250,50,F,YU,CC,D
14:26:48,UNVR,RG,4250,1,F,YU,ZP,F
14:26:37,UNVR,RG,4250,18,F,YU,CP,D
14:26:35,UNVR,RG,4250,1,F,YU,ZP,F
14:26:35,UNVR,RG,4250,1,F,YU,NI,D
14:26:28,UNVR,RG,4250,1,F,YU,LS,D
14:26:22,UNVR,RG,4250,10,F,YU,BK,F
14:26:21,UNVR,RG,4250,1,F,YU,YP,D
14:26:15,UNVR,RG,4250,1,F,YU,AK,F
14:26:13,UNVR,RG,4250,1,F,YU,XC,D
14:26:13,UNVR,RG,4250,16,F,YU,BB,D
14:26:10,UNVR,RG,4250,10,F,YU,NI,D
14:26:07,UNVR,RG,4250,120,F,YU,PD,D
14:26:03,UNVR,RG,4250,6,F,YU,YP,D
14:26:02,UNVR,RG,4250,2,F,YU,YU,D
14:26:00,UNVR,RG,4250,4,F,YU,AK,F
14:25:52,UNVR,RG,4250,1,F,YU,PD,D
14:25:48,UNVR,RG,4250,72,F,YU,BB,D
14:25:41,UNVR,RG,4260,4,D,PD,YP,D
14:25:32,UNVR,RG,4250,1,F,YU,ZP,F
14:25:32,UNVR,RG,4250,3,F,YU,ZP,F
14:25:26,UNVR,RG,4250,3,F,YU,NI,D
14:25:19,UNVR,RG,4250,1,F,YU,ZP,F
14:25:17,UNVR,RG,4250,4,F,YU,XC,D
14:25:00,UNVR,RG,4250,1,F,YU,AK,F
14:24:49,UNVR,RG,4250,70,F,YU,NI,D
14:24:43,UNVR,RG,4250,4,F,YU,EP,D
14:24:42,UNVR,RG,4250,15,F,YU,BB,D
14:24:33,UNVR,RG,4250,3,F,YU,AK,F
14:24:09,UNVR,RG,4250,150,F,YU,LG,D
14:23:35,UNVR,RG,4260,4,D,AG,YP,D
14:23:35,UNVR,RG,4250,5,F,YU,SQ,D
14:23:32,UNVR,RG,4250,1,F,YU,ZP,F
14:23:31,UNVR,RG,4250,50,F,YU,NI,D
14:23:30,UNVR,RG,4250,68,F,YU,BB,D
14:23:18,UNVR,RG,4250,28,F,YU,KK,D
14:23:18,UNVR,RG,4250,3,F,YU,ZP,F
14:23:18,UNVR,RG,4250,4,F,YU,ZP,F
14:23:12,UNVR,RG,4250,15,F,YU,BB,D
14:23:09,UNVR,RG,4250,5,F,YU,SQ,D
14:23:01,UNVR,RG,4250,10,F,YU,AT,D
14:22:56,UNVR,RG,4260,10,D,LG,YP,D
14:22:45,UNVR,RG,4250,1,F,YU,AK,F
14:22:26,UNVR,RG,4250,10,F,YU,PD,D
14:22:03,UNVR,RG,4250,3,F,YU,AK,F
14:21:47,UNVR,RG,4250,76,F,YU,BB,D
14:21:34,UNVR,RG,4250,3,F,YU,EP,D
14:21:30,UNVR,RG,4250,1,F,YU,AK,F
14:21:27,UNVR,RG,4250,1,F,YU,YP,D
14:21:20,UNVR,RG,4250,235,F,YU,BB,D
14:21:19,UNVR,RG,4250,3,F,YU,NI,D
14:21:04,UNVR,RG,4250,1,F,YU,XC,D
14:21:00,UNVR,RG,4250,30,F,YU,CC,D
14:21:00,UNVR,RG,4250,50,F,YU,XC,D
14:21:00,UNVR,RG,4250,35,F,YU,MK,D
14:21:00,UNVR,RG,4250,5,F,YU,NI,D
14:21:00,UNVR,RG,4250,100,F,YU,PD,D
14:21:00,UNVR,RG,4250,15,F,YU,YP,D
14:21:00,UNVR,RG,4250,14,F,YU,BB,D
14:21:00,UNVR,RG,4250,1,F,YU,ZP,F
14:21:00,UNVR,RG,4250,30,F,YU,BK,F
14:21:00,UNVR,RG,4250,25,F,YU,PD,D
14:21:00,UNVR,RG,4250,105,F,YU,CC,D
14:21:00,UNVR,RG,4250,2,F,YU,BB,D
14:20:56,UNVR,RG,4240,3,D,PD,AZ,D
14:20:53,UNVR,RG,4250,2,D,DR,CC,D
14:20:46,UNVR,RG,4250,2,D,PD,CC,D
14:20:46,UNVR,RG,4250,8,D,PD,CC,D
14:20:33,UNVR,RG,4240,1,D,PD,XC,D
14:20:30,UNVR,RG,4240,3,D,PD,AK,F
14:20:26,UNVR,RG,4240,11,D,PD,BK,F
14:20:22,UNVR,RG,4240,18,D,PD,EP,D
14:20:21,UNVR,RG,4240,12,D,PD,BK,F
14:20:16,UNVR,RG,4250,1,F,CS,BK,F
14:20:16,UNVR,RG,4250,4,D,BB,BK,F
14:20:16,UNVR,RG,4250,1,F,CS,BK,F
14:20:16,UNVR,RG,4250,29,D,BB,BK,F
14:20:13,UNVR,RG,4250,1,D,BB,ZP,F
14:20:13,UNVR,RG,4250,3,D,BB,ZP,F
14:20:13,UNVR,RG,4250,5,D,BB,YP,D
14:20:12,UNVR,RG,4250,309,D,BB,YU,F
14:20:12,UNVR,RG,4250,1,D,DX,YU,F
14:20:12,UNVR,RG,4250,1,D,PD,YU,F
14:20:12,UNVR,RG,4250,7,D,XC,YU,F
14:20:12,UNVR,RG,4250,60,D,BB,YU,F
14:20:12,UNVR,RG,4250,2,D,XC,YU,F
14:20:12,UNVR,RG,4250,1,D,XC,YU,F
14:20:12,UNVR,RG,4250,2,D,PD,YU,F
14:20:12,UNVR,RG,4250,1,D,NI,YU,F
14:20:12,UNVR,RG,4250,4,F,AK,YU,F
14:20:12,UNVR,RG,4250,210,F,ZP,YU,F
14:20:12,UNVR,RG,4250,1,D,DH,YU,F
14:20:12,UNVR,RG,4250,27,D,BK,YU,F
14:20:12,UNVR,RG,4250,2,F,AK,YU,F
14:20:12,UNVR,RG,4250,2,D,YP,YU,F
14:20:12,UNVR,RG,4250,9,D,PD,YU,F
14:20:12,UNVR,RG,4250,10,D,ID,YU,F
14:20:12,UNVR,RG,4250,9,D,EP,YU,F
14:20:12,UNVR,RG,4250,1,D,XC,YU,F
14:20:12,UNVR,RG,4250,20,D,AI,YU,F
14:20:12,UNVR,RG,4250,3,D,NI,YU,F
14:20:12,UNVR,RG,4250,1,F,CS,YU,F
14:20:12,UNVR,RG,4250,23,D,PD,YU,F
14:20:12,UNVR,RG,4250,4,D,PD,YU,F
14:20:12,UNVR,RG,4250,1,D,KK,YU,F
14:20:12,UNVR,RG,4250,4,D,YP,YU,F
14:20:12,UNVR,RG,4250,259,D,BB,YU,F
14:20:12,UNVR,RG,4250,1,D,YP,YU,F
14:20:12,UNVR,RG,4250,3,D,PD,YU,F
14:20:12,UNVR,RG,4250,50,D,DR,YU,F
14:20:12,UNVR,RG,4250,25,D,BK,YU,F
14:20:12,UNVR,RG,4250,100,D,CC,YU,F
14:20:12,UNVR,RG,4250,1,F,CS,YU,F
14:20:12,UNVR,RG,4250,500,D,ZP,YU,F
14:20:12,UNVR,RG,4250,4,D,PD,YU,F
14:20:12,UNVR,RG,4250,29,D,BK,YU,F
14:20:12,UNVR,RG,4250,24,D,BK,YU,F
14:20:12,UNVR,RG,4250,1,F,CS,YU,F
14:20:12,UNVR,RG,4250,5,F,CC,YU,F
14:20:12,UNVR,RG,4250,1,D,NI,YU,F
14:20:12,UNVR,RG,4250,1,D,PD,YU,F
14:20:12,UNVR,RG,4250,5,D,PD,YU,F
14:20:12,UNVR,RG,4250,24,D,BK,YU,F
14:20:12,UNVR,RG,4250,10,D,LG,YU,F
14:20:12,UNVR,RG,4250,22,D,CC,YU,F
14:20:12,UNVR,RG,4250,23,D,BK,YU,F
14:20:12,UNVR,RG,4250,2,D,XC,YU,F
14:20:12,UNVR,RG,4250,2,D,NI,YU,F
14:20:12,UNVR,RG,4250,23,D,BK,YU,F
14:20:12,UNVR,RG,4250,3,D,AT,YU,F
14:20:12,UNVR,RG,4250,5,D,KK,YU,F
14:20:12,UNVR,RG,4250,1,F,CS,YU,F
14:20:12,UNVR,RG,4250,5,F,ZP,YU,F
14:20:12,UNVR,RG,4250,121,D,DR,YU,F
14:20:12,UNVR,RG,4250,2,D,XC,YU,F
14:20:12,UNVR,RG,4250,22,D,BK,YU,F
14:20:12,UNVR,RG,4250,1,D,PD,YU,F
14:20:12,UNVR,RG,4250,10,D,YP,YU,F
14:19:57,UNVR,RG,4250,10,D,YP,YU,D
14:19:51,UNVR,RG,4250,1,D,YP,XC,D
14:19:45,UNVR,RG,4250,1,D,YP,XC,D
14:19:45,UNVR,RG,4260,67,D,BB,YP,D
14:19:45,UNVR,RG,4250,1,D,YP,AK,F
14:19:43,UNVR,RG,4250,1,D,YP,BB,D
14:19:43,UNVR,RG,4250,1,D,XC,BB,D
14:19:41,UNVR,RG,4250,6,D,BB,YU,D
14:19:41,UNVR,RG,4250,14,D,BB,YU,D
14:19:39,UNVR,RG,4250,3,D,BB,BB,D
14:19:31,UNVR,RG,4250,11,D,BB,BK,F
14:19:30,UNVR,RG,4250,1,D,BB,ZP,F
14:19:30,UNVR,RG,4250,2,D,BB,ZP,F
14:19:30,UNVR,RG,4250,5,D,BB,CC,D
14:19:30,UNVR,RG,4250,2,D,BB,BB,D
14:19:30,UNVR,RG,4250,1,D,BB,BB,D
14:19:30,UNVR,RG,4250,4,D,IF,BB,D
14:19:30,UNVR,RG,4250,1,D,NI,BB,D
14:19:30,UNVR,RG,4250,19,D,NI,PD,D
14:19:30,UNVR,RG,4250,1,D,OD,PD,D
14:19:30,UNVR,RG,4250,2,F,AK,PD,D
14:19:30,UNVR,RG,4250,22,D,BK,PD,D
14:19:30,UNVR,RG,4250,100,D,PD,PD,D
14:19:30,UNVR,RG,4250,20,D,DR,PD,D
14:19:30,UNVR,RG,4250,1,D,PD,PD,D
14:19:30,UNVR,RG,4250,1,D,KK,PD,D
14:19:30,UNVR,RG,4250,5,D,CC,PD,D
14:19:30,UNVR,RG,4250,2,D,PD,PD,D
14:19:30,UNVR,RG,4250,1,D,XC,PD,D
14:19:30,UNVR,RG,4250,9,D,BK,PD,D
14:19:30,UNVR,RG,4250,17,F,ZP,PD,D
14:19:21,UNVR,RG,4250,8,F,ZP,BB,D
14:19:20,UNVR,RG,4250,3,F,ZP,XA,D
14:19:20,UNVR,RG,4250,1,F,CS,XA,D
14:19:12,UNVR,RG,4250,2,F,YU,BB,D
14:19:11,UNVR,RG,4260,17,D,BK,YP,D
14:19:06,UNVR,RG,4250,20,F,YU,SQ,D
14:19:02,UNVR,RG,4250,5,F,YU,BB,D
14:19:02,UNVR,RG,4250,1,F,YU,BB,D
14:19:02,UNVR,RG,4250,8,F,YU,CC,D
14:18:56,UNVR,RG,4250,1,F,YU,BB,D
14:18:55,UNVR,RG,4250,3,F,YU,XC,D
14:18:51,UNVR,RG,4250,3,F,YU,BB,D
14:18:51,UNVR,RG,4250,6,F,YU,BB,D
14:18:50,UNVR,RG,4260,1,D,XL,YP,D
14:18:40,UNVR,RG,4250,6,F,YU,BB,D
14:18:40,UNVR,RG,4260,1,D,BB,YP,D
14:18:39,UNVR,RG,4250,9,F,YU,ZP,F
14:18:32,UNVR,RG,4250,9,F,YU,CC,D
14:18:31,UNVR,RG,4250,1,F,YU,BB,D
14:18:31,UNVR,RG,4250,10,F,YU,BB,D
14:18:30,UNVR,RG,4250,9,F,YU,ZP,F
14:18:30,UNVR,RG,4260,25,D,BB,YP,D
14:18:16,UNVR,RG,4250,1,F,YU,BB,D
14:18:14,UNVR,RG,4250,5,F,YU,BB,D
14:18:14,UNVR,RG,4250,1,F,YU,BB,D
14:18:14,UNVR,RG,4260,11,D,BK,YP,D
14:18:05,UNVR,RG,4250,1,F,YU,NI,D
14:18:04,UNVR,RG,4250,1,F,YU,BB,D
14:17:58,UNVR,RG,4250,3,F,YU,BB,D
14:17:55,UNVR,RG,4250,20,F,YU,PD,D
14:17:54,UNVR,RG,4260,10,D,PD,YP,D
14:17:46,UNVR,RG,4250,5,F,YU,AK,F
14:17:45,UNVR,RG,4250,1,F,YU,AK,F
14:17:44,UNVR,RG,4250,1,F,YU,PD,D
14:17:40,UNVR,RG,4260,1,D,BB,YP,D
14:17:39,UNVR,RG,4250,1,F,YU,PD,D
14:17:31,UNVR,RG,4250,10,F,YU,BK,F
14:17:30,UNVR,RG,4260,14,F,AK,YP,D
14:17:27,UNVR,RG,4250,2,F,YU,CC,D
14:17:26,UNVR,RG,4260,17,D,BB,YP,D
14:17:12,UNVR,RG,4250,4,F,YU,CC,D
14:16:56,UNVR,RG,4260,16,D,BK,YP,D
14:16:42,UNVR,RG,4260,61,D,BB,YP,D
14:16:18,UNVR,RG,4250,6,F,YU,YP,D
14:16:15,UNVR,RG,4250,3,F,YU,AK,F
14:16:06,UNVR,RG,4250,8,F,YU,AI,D
14:15:59,UNVR,RG,4260,23,D,NI,YP,D
14:15:45,UNVR,RG,4260,14,D,BK,YP,D
14:15:45,UNVR,RG,4260,2,F,AK,YP,D
14:15:02,UNVR,RG,4250,3,F,YU,PD,D
14:14:58,UNVR,RG,4250,70,F,YU,OD,D
14:14:37,UNVR,RG,4260,5,D,BB,YP,D
14:14:37,UNVR,RG,4260,36,D,BB,YP,D
14:14:19,UNVR,RG,4250,10,F,YU,BK,F
14:14:16,UNVR,RG,4260,2,D,BB,YP,D
14:14:16,UNVR,RG,4260,18,D,BK,YP,D
14:14:15,UNVR,RG,4250,224,F,YU,HP,D
14:14:08,UNVR,RG,4260,1,D,BB,YP,D
14:14:04,UNVR,RG,4260,2,D,BB,YP,D
14:14:04,UNVR,RG,4260,1,D,BB,YP,D
14:14:03,UNVR,RG,4250,1,F,YU,RX,F
14:13:55,UNVR,RG,4260,1,D,BB,YP,D
14:13:55,UNVR,RG,4250,2,F,YU,EP,D
14:13:46,UNVR,RG,4260,3,D,BB,YP,D
14:13:46,UNVR,RG,4260,5,D,BB,YP,D
14:13:21,UNVR,RG,4250,4,F,YU,CC,D
14:13:19,UNVR,RG,4260,4,D,BB,YP,D
14:13:19,UNVR,RG,4260,2,D,BB,YP,D
14:13:10,UNVR,RG,4250,10,F,YU,PD,D
14:13:07,UNVR,RG,4260,1,D,BB,YP,D
14:13:07,UNVR,RG,4260,6,D,BB,YP,D
14:13:07,UNVR,RG,4260,1,D,BB,AK,F
14:12:57,UNVR,RG,4260,1,D,BB,AK,F
14:12:57,UNVR,RG,4260,2,D,BB,AK,F
14:12:57,UNVR,RG,4260,1,D,BB,AK,F
14:12:53,UNVR,RG,4260,1,D,BB,XC,D
14:12:52,UNVR,RG,4260,1,D,XC,XC,D
14:12:49,UNVR,RG,4260,1,D,BK,AK,F
14:12:49,UNVR,RG,4260,1,D,BK,NI,D
14:12:49,UNVR,RG,4260,11,D,BK,XC,D
14:12:49,UNVR,RG,4260,5,D,BK,NI,D
14:12:44,UNVR,RG,4260,13,D,BB,YU,D
14:12:44,UNVR,RG,4260,2,D,BB,YU,D
14:12:43,UNVR,RG,4250,2,F,YU,CP,D
14:12:30,UNVR,RG,4260,2,D,BB,YU,D
14:12:30,UNVR,RG,4250,1,F,YU,AK,F
14:12:21,UNVR,RG,4260,42,D,BB,YU,D
14:12:20,UNVR,RG,4260,4,D,BB,YU,D
14:12:08,UNVR,RG,4250,10,F,YU,BK,F
14:12:07,UNVR,RG,4260,2,D,BB,YU,D
14:12:06,UNVR,RG,4250,3,F,YU,SQ,D
14:12:02,UNVR,RG,4260,2,D,CC,YU,D
14:11:55,UNVR,RG,4260,6,D,BB,YU,D
14:11:47,UNVR,RG,4250,10,F,YU,AI,D
14:11:41,UNVR,RG,4260,2,D,BB,YU,D
14:11:40,UNVR,RG,4260,12,D,BK,YU,D
14:11:34,UNVR,RG,4250,6,F,YU,CC,D
14:11:33,UNVR,RG,4260,2,D,BB,YU,D
14:11:17,UNVR,RG,4260,2,D,BB,YU,D
14:11:16,UNVR,RG,4260,5,D,YP,YU,D
14:11:07,UNVR,RG,4260,1,D,BB,YU,D
14:11:06,UNVR,RG,4260,1,D,CC,YU,D
14:10:43,UNVR,RG,4260,49,D,BB,YU,D
14:10:24,UNVR,RG,4250,5,F,YU,CC,D
14:10:15,UNVR,RG,4250,1,F,YU,AK,F
14:10:15,UNVR,RG,4250,5,F,YU,AK,F
14:10:14,UNVR,RG,4250,2,F,YU,ZP,F
14:10:14,UNVR,RG,4250,2,F,YU,ZP,F
14:10:03,UNVR,RG,4250,1,F,YU,XC,D
14:09:59,UNVR,RG,4260,22,D,BK,YU,D
14:09:42,UNVR,RG,4250,3,F,YU,PD,D
14:09:41,UNVR,RG,4250,3,F,YU,DH,D
14:09:33,UNVR,RG,4250,31,F,YU,YP,D
14:08:56,UNVR,RG,4250,1,F,YU,HP,D
14:08:55,UNVR,RG,4260,4,D,BB,YU,D
14:08:54,UNVR,RG,4260,25,D,XC,YU,D
14:08:50,UNVR,RG,4250,78,F,YU,YP,D
14:08:42,UNVR,RG,4260,1,D,BB,YU,D
14:08:34,UNVR,RG,4260,11,D,BB,YU,D
14:08:34,UNVR,RG,4260,3,D,BB,CC,D
14:08:30,UNVR,RG,4250,1,F,YU,AK,F
14:08:14,UNVR,RG,4250,10,F,YU,PD,D
14:08:03,UNVR,RG,4260,18,D,BB,CC,D
14:07:59,UNVR,RG,4250,120,F,YU,PD,D
14:07:56,UNVR,RG,4260,49,D,BB,CC,D
14:07:55,UNVR,RG,4250,2,F,YU,DR,D
14:07:49,UNVR,RG,4250,1,F,YU,EP,D
14:07:41,UNVR,RG,4260,1,D,BB,CC,D
14:07:40,UNVR,RG,4250,12,F,YU,ZP,F
14:07:40,UNVR,RG,4250,7,F,YU,ZP,F
14:07:39,UNVR,RG,4250,200,F,YU,PD,D
14:07:32,UNVR,RG,4260,1,D,BB,CC,D
14:07:16,UNVR,RG,4260,2,D,BB,CC,D
14:06:56,UNVR,RG,4260,2,D,BB,CC,D
14:06:45,UNVR,RG,4250,1,F,YU,AK,F
14:06:41,UNVR,RG,4260,1,D,BB,CC,D
14:06:23,UNVR,RG,4260,1,D,BB,CC,D
14:06:18,UNVR,RG,4260,1,D,BB,CC,D
14:06:17,UNVR,RG,4260,1,D,XL,CC,D
14:06:05,UNVR,RG,4260,1,D,BB,CC,D
14:05:57,UNVR,RG,4260,2,D,BB,CC,D
14:05:43,UNVR,RG,4250,3,F,YU,YU,D
14:05:39,UNVR,RG,4260,2,D,BB,CC,D
14:05:18,UNVR,RG,4260,3,D,BB,CC,D
14:05:10,UNVR,RG,4250,7,F,YU,AK,F
14:05:09,UNVR,RG,4260,2,D,BB,CC,D
14:05:01,UNVR,RG,4260,4,D,BB,CC,D
14:04:50,UNVR,RG,4250,10,F,YU,DX,D
14:04:46,UNVR,RG,4260,1,D,BB,CC,D
14:04:41,UNVR,RG,4260,3,D,BB,CC,D
14:04:40,UNVR,RG,4250,5,F,YU,CC,D
14:04:30,UNVR,RG,4250,1,F,YU,AK,F
14:04:25,UNVR,RG,4260,2,D,BB,CC,D
14:04:25,UNVR,RG,4260,2,D,BB,YP,D
14:03:58,UNVR,RG,4260,1,D,BB,YP,D
14:03:58,UNVR,RG,4260,9,D,BB,OD,D
14:03:44,UNVR,RG,4260,7,D,BB,OD,D
14:03:43,UNVR,RG,4250,1,F,YU,PD,D
14:03:38,UNVR,RG,4260,5,D,BB,OD,D
14:03:38,UNVR,RG,4260,4,D,KK,OD,D
14:03:38,UNVR,RG,4260,2,D,KK,AK,F
14:03:38,UNVR,RG,4260,1,D,KK,YP,D
14:03:38,UNVR,RG,4260,30,D,KK,NI,D
14:03:38,UNVR,RG,4260,43,D,KK,YU,D
14:03:27,UNVR,RG,4250,11,F,YU,PD,D
14:03:24,UNVR,RG,4260,7,D,BB,YU,D
14:03:24,UNVR,RG,4260,14,D,BB,PD,D
14:03:24,UNVR,RG,4250,4,F,YU,CC,D
14:03:08,UNVR,RG,4260,2,D,BB,PD,D
14:03:07,UNVR,RG,4250,150,F,YU,LG,D
14:03:00,UNVR,RG,4260,2,D,BB,PD,D
14:02:34,UNVR,RG,4260,2,D,BB,PD,D
14:02:30,UNVR,RG,4260,3,D,BB,PD,D
14:02:30,UNVR,RG,4250,2,F,YU,AK,F
14:02:15,UNVR,RG,4250,1,F,YU,AK,F
14:02:15,UNVR,RG,4250,5,F,YU,RB,D
14:02:10,UNVR,RG,4260,5,D,BB,PD,D
14:01:53,UNVR,RG,4250,20,F,YU,YP,D
14:01:50,UNVR,RG,4260,3,D,BB,PD,D
14:01:37,UNVR,RG,4250,3,F,YU,XC,D
14:01:35,UNVR,RG,4260,2,D,BB,PD,D
14:00:55,UNVR,RG,4250,70,F,YU,CC,D
14:00:33,UNVR,RG,4250,3,F,YU,AK,F
14:00:24,UNVR,RG,4250,14,F,YU,PD,D
14:00:23,UNVR,RG,4260,1,D,XL,PD,D
13:59:53,UNVR,RG,4250,32,F,YU,NI,D
13:59:45,UNVR,RG,4250,1,F,YU,AK,F
13:59:26,UNVR,RG,4250,1,F,YU,PD,D
13:59:13,UNVR,RG,4250,6,F,YU,ZP,F
13:58:53,UNVR,RG,4250,2,F,YU,YU,D
13:58:38,UNVR,RG,4260,8,D,PD,PD,D
13:58:08,UNVR,RG,4260,1,D,CC,PD,D
13:58:05,UNVR,RG,4250,100,F,YU,YU,D
13:57:33,UNVR,RG,4260,5,D,DR,PD,D
13:56:58,UNVR,RG,4260,2,F,XA,PD,D
13:56:58,UNVR,RG,4260,10,F,XA,CC,D
13:56:58,UNVR,RG,4260,1,F,XA,XC,D
13:56:58,UNVR,RG,4260,1,F,XA,DR,D
13:56:58,UNVR,RG,4260,1,F,XA,PD,D
13:56:58,UNVR,RG,4260,1,F,XA,YP,D
13:56:58,UNVR,RG,4260,17,F,XA,YJ,D
13:56:53,UNVR,RG,4250,5,F,YU,PD,D
13:56:29,UNVR,RG,4250,24,F,YU,ZP,F
13:56:18,UNVR,RG,4250,2,F,YU,LG,D
13:56:15,UNVR,RG,4250,1,F,YU,AK,F
13:56:15,UNVR,RG,4250,2,F,YU,AK,F
13:56:14,UNVR,RG,4250,250,F,YU,PD,D
13:56:14,UNVR,RG,4250,28,F,YU,BK,F
13:56:14,UNVR,RG,4250,109,F,YU,CC,D
13:56:14,UNVR,RG,4250,106,F,YU,CC,D
13:56:14,UNVR,RG,4250,13,F,YU,PC,D
13:56:04,UNVR,RG,4250,2,D,PD,PC,D
13:56:04,UNVR,RG,4250,1,D,XC,PC,D
13:56:04,UNVR,RG,4250,3,F,AK,PC,D
13:56:04,UNVR,RG,4250,21,D,BB,PC,D
13:56:00,UNVR,RG,4250,4,D,BB,AK,F
13:55:57,UNVR,RG,4250,5,D,BB,PD,D
13:55:45,UNVR,RG,4250,1,D,BB,AK,F
13:55:36,UNVR,RG,4250,11,D,BB,BK,F
13:55:33,UNVR,RG,4250,19,D,BB,EP,D
13:55:33,UNVR,RG,4250,6,D,BB,EP,D
13:55:32,UNVR,RG,4250,80,D,BB,BK,F
13:55:32,UNVR,RG,4250,63,D,BB,ZP,F
13:55:32,UNVR,RG,4250,5,D,BB,CC,D
13:55:32,UNVR,RG,4250,7,D,BB,CC,D
13:55:31,UNVR,RG,4250,23,D,BB,ZP,F
13:55:31,UNVR,RG,4250,15,D,BB,YU,F
13:55:31,UNVR,RG,4250,21,D,BK,YU,F
13:55:31,UNVR,RG,4250,235,D,CC,YU,F
13:55:31,UNVR,RG,4250,12,F,ZP,YU,F
13:55:31,UNVR,RG,4250,1,D,XL,YU,F
13:55:31,UNVR,RG,4250,50,D,DR,YU,F
13:55:31,UNVR,RG,4250,7,D,CC,YU,F
13:55:31,UNVR,RG,4250,25,D,BK,YU,F
13:55:31,UNVR,RG,4250,222,D,BB,YU,F
13:55:31,UNVR,RG,4250,12,D,XC,YU,F
13:55:31,UNVR,RG,4250,1,D,PD,YU,F
13:55:31,UNVR,RG,4250,100,D,PD,YU,F
13:55:31,UNVR,RG,4250,13,D,PD,YU,F
13:55:31,UNVR,RG,4250,219,D,BB,YU,F
13:55:31,UNVR,RG,4250,5,D,YP,YU,F
13:55:31,UNVR,RG,4250,1,D,XC,YU,F
13:55:31,UNVR,RG,4250,3,D,PD,YU,F
13:55:31,UNVR,RG,4250,1,D,AT,YU,F
13:55:31,UNVR,RG,4250,5,F,AK,YU,F
13:55:31,UNVR,RG,4250,32,D,BB,YU,F
13:55:31,UNVR,RG,4250,64,D,BB,YU,F
13:55:31,UNVR,RG,4250,1,F,CS,YU,F
13:55:31,UNVR,RG,4250,30,D,YP,YU,F
13:55:31,UNVR,RG,4250,2,D,EP,YU,F
13:55:31,UNVR,RG,4250,2,D,PD,YU,F
13:55:31,UNVR,RG,4250,1,F,CS,YU,F
13:55:31,UNVR,RG,4250,10,D,XC,YU,F
13:55:31,UNVR,RG,4250,1,D,CC,YU,F
13:55:31,UNVR,RG,4250,2,D,CC,YU,F
13:55:31,UNVR,RG,4250,1,D,HP,YU,F
13:55:31,UNVR,RG,4250,2,D,CC,YU,F
13:55:31,UNVR,RG,4250,16,D,YP,YU,F
13:55:31,UNVR,RG,4250,2,D,NI,YU,F
13:55:31,UNVR,RG,4250,20,D,KK,YU,F
13:55:31,UNVR,RG,4250,21,F,ZP,YU,F
13:55:31,UNVR,RG,4250,2,D,IF,YU,F
13:55:31,UNVR,RG,4250,1,F,CS,YU,F
13:55:31,UNVR,RG,4250,5,D,PD,YU,F
13:55:31,UNVR,RG,4250,1,D,NI,YU,F
13:55:31,UNVR,RG,4250,10,D,KK,YU,F
13:55:31,UNVR,RG,4250,2,D,EP,YU,F
13:55:31,UNVR,RG,4250,3,D,PD,YU,F
13:55:31,UNVR,RG,4250,25,D,OD,YU,F
13:55:31,UNVR,RG,4250,5,D,KK,YU,F
13:55:31,UNVR,RG,4250,1,F,CS,YU,F
13:55:31,UNVR,RG,4250,1,D,CC,YU,F
13:55:31,UNVR,RG,4250,35,D,PD,YU,F
13:55:31,UNVR,RG,4250,1,D,YP,YU,F
13:55:31,UNVR,RG,4250,1,D,XC,YU,F
13:55:31,UNVR,RG,4250,1,D,KK,YU,F
13:55:31,UNVR,RG,4250,12,D,YP,YU,F
13:55:31,UNVR,RG,4250,1,D,XC,YU,F
13:55:31,UNVR,RG,4250,1,D,DH,YU,F
13:55:31,UNVR,RG,4250,11,D,YU,YU,F
13:55:31,UNVR,RG,4250,1,F,CS,YU,F
13:55:31,UNVR,RG,4250,11,D,PD,YU,F
13:55:31,UNVR,RG,4250,10,D,CC,YU,F
13:55:31,UNVR,RG,4250,5,D,XL,YU,F
13:55:31,UNVR,RG,4250,1,D,YP,YU,F
13:55:31,UNVR,RG,4250,13,D,BK,YU,F
13:55:31,UNVR,RG,4250,2,F,AK,YU,F
13:55:31,UNVR,RG,4250,2,D,NI,YU,F
13:55:31,UNVR,RG,4250,1,D,PD,YU,F
13:55:31,UNVR,RG,4250,1,F,CS,YU,F
13:55:31,UNVR,RG,4250,30,D,BK,YU,F
13:55:31,UNVR,RG,4250,500,D,PP,YU,F
13:55:31,UNVR,RG,4250,20,D,YP,YU,F
13:55:31,UNVR,RG,4250,1,D,YP,YU,F
13:55:31,UNVR,RG,4250,1,D,YP,YU,F
13:55:31,UNVR,RG,4250,10,D,YP,YU,F
13:55:31,UNVR,RG,4250,3,D,YP,YU,F
13:55:31,UNVR,RG,4250,8,D,YP,YU,F
13:55:31,UNVR,RG,4250,106,D,YP,YU,F
13:55:01,UNVR,RG,4250,1,D,YP,XC,D
13:54:45,UNVR,RG,4250,2,D,YP,AK,F
13:54:22,UNVR,RG,4250,3,D,YP,PD,D
13:54:19,UNVR,RG,4250,31,D,YP,YP,D
13:54:17,UNVR,RG,4260,1,D,XL,YJ,D
13:54:11,UNVR,RG,4250,4,D,YP,PD,D
13:54:04,UNVR,RG,4250,40,D,YP,DR,D
13:54:00,UNVR,RG,4260,1,D,PD,YJ,D
13:53:46,UNVR,RG,4250,8,D,YP,PD,D
13:53:30,UNVR,RG,4250,1,D,YP,AK,F
13:53:21,UNVR,RG,4260,25,D,BB,YJ,D
13:53:13,UNVR,RG,4250,16,D,YP,ZP,F
13:52:47,UNVR,RG,4250,15,D,YP,BK,F
13:52:45,UNVR,RG,4250,8,D,YP,ZP,F
13:52:45,UNVR,RG,4250,2,D,YP,ZP,F
13:52:45,UNVR,RG,4250,1,D,YP,ZP,F
13:52:45,UNVR,RG,4250,10,D,YP,ZP,F
13:52:44,UNVR,RG,4260,156,D,PP,YJ,D
13:52:44,UNVR,RG,4260,344,D,PP,CS,F
13:52:42,UNVR,RG,4250,7,D,YP,CC,D
13:52:33,UNVR,RG,4250,3,D,YP,XC,D
13:52:33,UNVR,RG,4250,2,D,YP,XC,D
13:52:33,UNVR,RG,4250,10,D,YP,XC,D
13:52:33,UNVR,RG,4250,5,D,YP,XC,D
13:52:33,UNVR,RG,4250,1,D,YP,XC,D
13:52:33,UNVR,RG,4250,5,D,XC,XC,D
13:52:33,UNVR,RG,4250,1,D,XC,XC,D
13:52:33,UNVR,RG,4250,2,D,XC,XC,D
13:52:33,UNVR,RG,4250,1,D,XC,XC,D
13:52:33,UNVR,RG,4250,2,D,XC,XC,D
13:52:33,UNVR,RG,4250,1,D,XC,XC,D
13:52:33,UNVR,RG,4250,1,D,XC,XC,D
13:52:33,UNVR,RG,4250,1,D,XC,XC,D
13:52:33,UNVR,RG,4250,1,D,XC,XC,D
13:52:33,UNVR,RG,4250,5,D,XC,XC,D
13:52:33,UNVR,RG,4250,1,D,XC,XC,D
13:52:33,UNVR,RG,4250,2,D,XC,XC,D
13:52:33,UNVR,RG,4250,3,D,XC,XC,D
13:52:33,UNVR,RG,4250,3,D,XC,XC,D
13:52:33,UNVR,RG,4250,2,D,XC,XC,D
13:52:33,UNVR,RG,4250,12,D,XC,XC,D
13:52:33,UNVR,RG,4250,1,D,XC,XC,D
13:52:33,UNVR,RG,4250,3,F,AK,XC,D
13:52:33,UNVR,RG,4250,1,D,XC,XC,D
13:52:33,UNVR,RG,4250,1,D,XC,XC,D
13:52:33,UNVR,RG,4250,2,D,XC,XC,D
13:52:33,UNVR,RG,4250,2,D,XC,XC,D
13:52:33,UNVR,RG,4250,7,D,XC,XC,D
13:52:33,UNVR,RG,4250,1,D,XC,XC,D
13:52:33,UNVR,RG,4250,2,D,HP,XC,D
13:52:32,UNVR,RG,4250,2,D,CC,PD,D
13:52:32,UNVR,RG,4250,11,D,CC,PD,D
13:52:32,UNVR,RG,4250,25,D,CC,PD,D
13:52:32,UNVR,RG,4250,1,D,BB,PD,D
13:52:32,UNVR,RG,4250,30,F,KK,PD,D
13:52:32,UNVR,RG,4250,1,D,OD,PD,D
13:52:32,UNVR,RG,4250,1,D,CC,PD,D
13:52:32,UNVR,RG,4250,1,D,PD,PD,D
13:52:32,UNVR,RG,4250,3,D,AT,PD,D
13:52:32,UNVR,RG,4250,3,D,LG,PD,D
13:52:32,UNVR,RG,4250,1,D,PD,PD,D
13:52:32,UNVR,RG,4250,10,D,LG,PD,D
13:52:32,UNVR,RG,4250,1,D,AT,PD,D
13:52:32,UNVR,RG,4250,5,D,CC,PD,D
13:52:32,UNVR,RG,4250,1,D,CC,PD,D
13:52:32,UNVR,RG,4250,2,D,PD,PD,D
13:52:32,UNVR,RG,4250,10,D,PD,PD,D
13:52:32,UNVR,RG,4250,1,D,CC,PD,D
13:52:32,UNVR,RG,4250,1,D,PD,PD,D
13:52:32,UNVR,RG,4250,2,D,PD,PD,D
13:52:32,UNVR,RG,4250,1,D,KK,PD,D
13:52:32,UNVR,RG,4250,2,D,KK,PD,D
13:52:32,UNVR,RG,4250,1,D,PD,PD,D
13:52:32,UNVR,RG,4250,2,D,KK,PD,D
13:52:32,UNVR,RG,4250,5,D,PD,PD,D
13:52:32,UNVR,RG,4250,2,D,KK,PD,D
13:52:32,UNVR,RG,4250,14,D,KK,PD,D
13:52:32,UNVR,RG,4250,5,D,PD,PD,D
13:52:32,UNVR,RG,4250,50,D,DH,PD,D
13:52:32,UNVR,RG,4250,1,D,KK,PD,D
13:52:32,UNVR,RG,4250,5,D,DH,PD,D
13:52:32,UNVR,RG,4250,80,D,DH,PD,D
13:52:26,UNVR,RG,4250,15,D,DH,IU,D
13:52:22,UNVR,RG,4250,200,D,DH,PD,D
13:52:17,UNVR,RG,4250,30,D,DH,ZP,F
13:52:17,UNVR,RG,4250,90,D,DX,ZP,F
13:52:14,UNVR,RG,4250,10,D,DX,YP,D
13:52:14,UNVR,RG,4250,1,D,DH,YP,D
13:52:14,UNVR,RG,4250,7,D,PD,YP,D
13:52:14,UNVR,RG,4250,10,D,PD,YP,D
13:52:14,UNVR,RG,4250,2,D,EP,YP,D
13:52:14,UNVR,RG,4250,3,D,EP,YP,D
13:52:14,UNVR,RG,4250,3,D,SQ,YP,D
13:52:14,UNVR,RG,4250,2,D,EP,YP,D
13:52:14,UNVR,RG,4250,2,D,EP,YP,D
13:52:14,UNVR,RG,4250,10,D,XA,YP,D
13:52:14,UNVR,RG,4250,30,D,AI,YP,D
13:52:14,UNVR,RG,4250,1,D,YP,YP,D
13:52:14,UNVR,RG,4250,2,D,DH,YP,D
13:52:14,UNVR,RG,4250,2,D,YP,YP,D
13:52:14,UNVR,RG,4250,1,D,BB,YP,D
13:52:14,UNVR,RG,4250,10,D,AZ,YP,D
13:52:14,UNVR,RG,4250,24,F,ZP,YP,D
13:52:13,UNVR,RG,4250,74,F,ZP,AI,D
13:52:13,UNVR,RG,4250,6,D,PD,AI,D
13:52:13,UNVR,RG,4250,1,D,PD,AI,D
13:52:13,UNVR,RG,4250,1,D,KK,AI,D
13:52:13,UNVR,RG,4250,5,D,YP,AI,D
13:52:13,UNVR,RG,4250,1,D,XC,AI,D
13:52:13,UNVR,RG,4250,3,D,YP,AI,D
13:52:13,UNVR,RG,4250,20,D,SQ,AI,D
13:52:13,UNVR,RG,4250,3,D,DH,AI,D
13:52:13,UNVR,RG,4250,5,D,KK,AI,D
13:52:13,UNVR,RG,4250,1,D,YP,AI,D
13:52:13,UNVR,RG,4250,2,D,BQ,AI,D
13:52:13,UNVR,RG,4250,2,D,XC,AI,D
13:52:13,UNVR,RG,4250,1,D,BK,AI,D
13:52:13,UNVR,RG,4250,1,D,GR,AI,D
13:52:13,UNVR,RG,4250,1,D,PD,AI,D
13:52:13,UNVR,RG,4250,4,D,YP,AI,D
13:52:13,UNVR,RG,4250,1,D,XC,AI,D
13:52:13,UNVR,RG,4250,100,D,OD,AI,D
13:52:13,UNVR,RG,4250,2,D,CC,AI,D
13:52:13,UNVR,RG,4250,1,D,KK,AI,D
13:52:13,UNVR,RG,4250,11,D,XC,AI,D
13:52:13,UNVR,RG,4250,1,D,CC,AI,D
13:52:13,UNVR,RG,4250,4,D,PD,AI,D
13:52:13,UNVR,RG,4250,1,D,NI,AI,D
13:52:13,UNVR,RG,4250,25,F,ZP,AI,D
13:52:13,UNVR,RG,4250,3,D,CC,AI,D
13:52:13,UNVR,RG,4250,1,D,PD,AI,D
13:52:13,UNVR,RG,4250,2,D,YP,AI,D
13:52:13,UNVR,RG,4250,6,D,XC,AI,D
13:52:13,UNVR,RG,4250,1,D,BK,AI,D
13:52:13,UNVR,RG,4250,129,D,BK,AI,D
13:52:13,UNVR,RG,4250,3155,F,YU,AI,D
13:52:12,UNVR,RG,4250,1,F,YU,PD,D
13:52:04,UNVR,RG,4250,5,F,YU,CC,D
13:52:03,UNVR,RG,4250,179,F,YU,PD,D
13:51:50,UNVR,RG,4250,5,F,YU,PD,D
13:51:48,UNVR,RG,4250,5,F,YU,AK,F
13:51:37,UNVR,RG,4250,25,F,YU,PD,D
13:51:31,UNVR,RG,4250,25,F,YU,PD,D
13:51:30,UNVR,RG,4250,1,F,YU,AK,F
13:51:29,UNVR,RG,4260,27,D,BB,CS,F
13:51:27,UNVR,RG,4250,25,F,YU,PD,D
13:51:24,UNVR,RG,4250,13,F,YU,ZP,F
13:51:22,UNVR,RG,4250,25,F,YU,PD,D
13:51:22,UNVR,RG,4250,100,F,YU,HP,D
13:51:20,UNVR,RG,4260,32,D,BB,CS,F
13:51:15,UNVR,RG,4250,25,F,YU,PD,D
13:51:08,UNVR,RG,4250,25,F,YU,PD,D
13:51:08,UNVR,RG,4260,4,D,YP,CS,F
13:51:08,UNVR,RG,4260,15,D,BK,CS,F
13:51:01,UNVR,RG,4250,25,F,YU,PD,D
13:50:52,UNVR,RG,4250,10,F,YU,YP,D
13:50:38,UNVR,RG,4250,1,F,YU,PD,D
13:50:26,UNVR,RG,4250,6,F,YU,CC,D
13:50:14,UNVR,RG,4260,11,D,BK,CS,F
13:50:12,UNVR,RG,4260,1,D,YP,CS,F
13:49:38,UNVR,RG,4260,35,D,BB,CS,F
13:49:34,UNVR,RG,4260,26,D,BB,CS,F
13:49:16,UNVR,RG,4260,11,D,BK,CS,F
13:49:02,UNVR,RG,4250,5,F,YU,CC,D
13:48:16,UNVR,RG,4260,13,D,BK,CS,F
13:47:50,UNVR,RG,4260,32,D,BB,CS,F
13:47:49,UNVR,RG,4250,18,F,YU,ZP,F
13:47:48,UNVR,RG,4260,15,F,AK,CS,F
13:47:43,UNVR,RG,4260,27,D,BB,CS,F
13:47:21,UNVR,RG,4260,12,D,BK,CS,F
13:47:19,UNVR,RG,4260,2,D,XC,CS,F
13:46:57,UNVR,RG,4260,1,D,DR,CS,F
13:46:46,UNVR,RG,4260,40,F,ZP,CS,F
13:46:46,UNVR,RG,4260,203,D,PP,CS,F
13:46:46,UNVR,RG,4260,10,D,PP,KK,D
13:46:46,UNVR,RG,4260,46,D,PP,BK,F
13:46:46,UNVR,RG,4260,200,D,PP,PD,D
13:46:46,UNVR,RG,4260,1,D,PP,XL,D
13:46:46,UNVR,RG,4260,1,D,PP,EP,D
13:46:46,UNVR,RG,4260,3,D,PP,AK,F
13:46:46,UNVR,RG,4260,1,D,PP,MK,D
13:46:46,UNVR,RG,4260,1,D,PP,AK,F
13:46:46,UNVR,RG,4260,1,D,PP,XL,D
13:46:46,UNVR,RG,4260,4,D,PP,AK,F
13:46:46,UNVR,RG,4260,1,D,PP,CC,F
13:46:46,UNVR,RG,4260,1,D,PP,AK,F
13:46:46,UNVR,RG,4260,27,D,PP,YP,D
13:46:41,UNVR,RG,4260,4,D,GR,YP,D
13:46:40,UNVR,RG,4250,7,F,YU,XC,D
13:46:39,UNVR,RG,4250,1,F,YU,NI,D
13:46:25,UNVR,RG,4250,8,F,YU,ZP,F
13:46:20,UNVR,RG,4260,11,D,BK,YP,D
13:46:20,UNVR,RG,4250,100,F,YU,CC,D
13:46:11,UNVR,RG,4250,2,F,YU,CC,D
13:46:08,UNVR,RG,4250,3,F,YU,NI,D
13:46:07,UNVR,RG,4260,35,D,BB,YP,D
13:45:48,UNVR,RG,4250,2,F,YU,XC,D
13:45:47,UNVR,RG,4260,28,D,BB,YP,D
13:45:40,UNVR,RG,4260,10,D,BK,YP,D
13:45:30,UNVR,RG,4250,2,F,YU,AK,F
13:45:25,UNVR,RG,4250,1,F,YU,AT,D
13:45:03,UNVR,RG,4260,1,D,XC,YP,D
13:44:27,UNVR,RG,4260,1,D,NI,YP,D
13:44:27,UNVR,RG,4250,5,F,YU,YP,D
13:44:22,UNVR,RG,4260,15,D,BK,YP,D
13:44:18,UNVR,RG,4260,12,D,BB,YP,D
13:44:18,UNVR,RG,4260,2,D,BB,ZP,F
13:44:18,UNVR,RG,4260,8,D,BB,YP,D
13:44:18,UNVR,RG,4260,1,D,BB,XC,D
13:44:18,UNVR,RG,4260,1,D,BB,XC,D
13:44:18,UNVR,RG,4260,2,D,BB,XC,D
13:44:18,UNVR,RG,4260,4,D,BB,XC,D
13:44:18,UNVR,RG,4260,5,D,BB,XC,D
13:44:07,UNVR,RG,4250,2,F,YU,PD,D
13:43:47,UNVR,RG,4260,6,D,BB,XC,D
13:43:47,UNVR,RG,4260,1,D,BB,XC,D
13:43:47,UNVR,RG,4260,5,D,BB,CC,D
13:43:47,UNVR,RG,4260,1,D,BB,ZP,F
13:43:47,UNVR,RG,4260,3,D,BB,PD,D
13:43:47,UNVR,RG,4260,1,D,BB,AK,F
13:43:47,UNVR,RG,4260,11,D,BB,BK,F
13:43:45,UNVR,RG,4250,2,F,YU,AK,F
13:43:32,UNVR,RG,4260,109,F,ZP,BK,F
13:43:32,UNVR,RG,4260,1,F,ZP,PD,D
13:43:32,UNVR,RG,4260,1,F,ZP,PD,D
13:43:32,UNVR,RG,4260,65,F,ZP,PD,D
13:43:32,UNVR,RG,4260,2,F,ZP,PD,D
13:43:32,UNVR,RG,4260,66,F,ZP,YU,D
13:43:30,UNVR,RG,4260,3,D,JB,YU,D
13:43:30,UNVR,RG,4250,1,F,YU,AK,F
13:43:23,UNVR,RG,4250,11,F,YU,BK,F
13:43:17,UNVR,RG,4260,14,D,BK,YU,D
13:43:16,UNVR,RG,4250,6,F,YU,CC,D
13:42:46,UNVR,RG,4260,1,D,PD,YU,D
13:42:44,UNVR,RG,4250,2,F,YU,PD,D
13:42:38,UNVR,RG,4260,26,D,YP,YU,D
13:42:30,UNVR,RG,4260,1,D,PD,YU,D
13:42:30,UNVR,RG,4250,1,F,YU,PD,D
13:42:29,UNVR,RG,4250,14,F,YU,YP,D
13:42:25,UNVR,RG,4260,32,D,BB,YU,D
13:42:25,UNVR,RG,4260,2,D,BB,PD,D
13:42:24,UNVR,RG,4250,25,F,YU,YU,D
13:42:21,UNVR,RG,4260,11,D,BK,PD,D
13:42:08,UNVR,RG,4250,4,F,YU,CC,D
13:41:45,UNVR,RG,4260,6,D,BB,PD,D
13:41:45,UNVR,RG,4260,1,D,BB,PD,D
13:41:45,UNVR,RG,4260,16,D,BB,SQ,D
13:41:45,UNVR,RG,4260,1,D,BB,EP,D
13:41:45,UNVR,RG,4260,3,D,BB,AK,F
13:41:25,UNVR,RG,4260,1,D,BK,AK,F
13:41:25,UNVR,RG,4260,5,D,BK,PD,D
13:41:25,UNVR,RG,4260,6,D,BK,CC,D
13:41:15,UNVR,RG,4250,2,F,YU,AK,F
13:40:45,UNVR,RG,4250,1,F,YU,AK,F
13:40:42,UNVR,RG,4260,3,D,XL,CC,D
13:40:42,UNVR,RG,4250,1,F,YU,PD,D
13:40:38,UNVR,RG,4260,6,D,BB,CC,D
13:40:38,UNVR,RG,4260,2,D,BB,CC,D
13:40:38,UNVR,RG,4260,1,D,BB,PD,D
13:40:38,UNVR,RG,4260,6,D,BB,SQ,D
13:40:38,UNVR,RG,4260,10,D,BB,PD,D
13:40:38,UNVR,RG,4260,9,D,BB,ZP,F
13:40:34,UNVR,RG,4260,10,D,BK,ZP,F
13:40:29,UNVR,RG,4250,20,F,YU,LG,D
13:40:18,UNVR,RG,4250,3,F,YU,AK,F
13:40:16,UNVR,RG,4260,10,D,BB,ZP,F
13:40:16,UNVR,RG,4260,5,D,BB,PD,D
13:40:16,UNVR,RG,4260,3,D,BB,DR,D
13:40:16,UNVR,RG,4260,101,D,BB,HP,D
13:40:16,UNVR,RG,4260,149,D,BB,HP,D
13:40:16,UNVR,RG,4260,12,D,BB,KK,D
13:40:08,UNVR,RG,4250,9,F,YU,BK,F
13:39:49,UNVR,RG,4250,10,F,YU,BK,F
13:39:48,UNVR,RG,4260,6,D,BB,KK,D
13:39:48,UNVR,RG,4260,10,D,BB,EP,D
13:39:48,UNVR,RG,4260,4,D,BB,PD,D
13:39:45,UNVR,RG,4250,1,F,YU,AK,F
13:39:28,UNVR,RG,4250,10,F,YU,BK,F
13:39:06,UNVR,RG,4250,9,F,YU,BK,F
13:39:00,UNVR,RG,4250,1,F,YU,AK,F
13:38:46,UNVR,RG,4260,12,D,BB,PD,D
13:38:43,UNVR,RG,4250,11,F,YU,BK,F
13:38:42,UNVR,RG,4260,1,D,CP,PD,D
13:38:16,UNVR,RG,4250,13,F,YU,BK,F
13:38:15,UNVR,RG,4250,1,F,YU,AK,F
13:38:11,UNVR,RG,4260,1,D,YP,PD,D
13:37:56,UNVR,RG,4250,10,F,YU,BK,F
13:37:48,UNVR,RG,4260,1,D,BB,PD,D
13:37:28,UNVR,RG,4250,13,F,YU,BK,F
13:37:02,UNVR,RG,4250,12,F,YU,BK,F
13:37:02,UNVR,RG,4260,2,D,BB,PD,D
13:36:47,UNVR,RG,4250,4,F,YU,PD,D
13:36:35,UNVR,RG,4250,13,F,YU,BK,F
13:36:29,UNVR,RG,4250,2,F,YU,ZP,F
13:35:54,UNVR,RG,4250,1,F,YU,CC,D
13:35:48,UNVR,RG,4260,2,D,BB,PD,D
13:35:46,UNVR,RG,4250,1,F,YU,XC,D
13:35:24,UNVR,RG,4250,1,F,YU,CC,D
13:35:19,UNVR,RG,4260,1,D,BB,PD,D
13:35:06,UNVR,RG,4250,36,F,YU,NI,D
13:34:20,UNVR,RG,4250,12,F,YU,KK,D
13:34:06,UNVR,RG,4250,19,F,YU,ZP,F
13:33:55,UNVR,RG,4260,1,D,BB,PD,D
13:33:53,UNVR,RG,4250,2,F,YU,NI,D
13:33:52,UNVR,RG,4260,5,D,IU,PD,D
13:33:51,UNVR,RG,4260,5,D,IU,PD,D
13:33:44,UNVR,RG,4250,1,F,YU,YP,D
13:33:35,UNVR,RG,4260,2,D,BB,PD,D
13:33:27,UNVR,RG,4250,10,F,YU,NI,D
13:32:49,UNVR,RG,4250,5,F,YU,XC,D
13:32:06,UNVR,RG,4250,10,F,YU,BK,F
13:32:01,UNVR,RG,4250,15,F,YU,BK,F
13:31:56,UNVR,RG,4260,163,D,PP,PD,D
13:31:56,UNVR,RG,4260,30,D,PP,KK,D
13:31:56,UNVR,RG,4260,10,D,PP,NI,D
13:31:56,UNVR,RG,4260,1,D,PP,XC,D
13:31:56,UNVR,RG,4260,296,D,PP,CP,D
13:31:31,UNVR,RG,4250,2,F,YU,XC,D
13:31:26,UNVR,RG,4260,2,D,XL,CP,D
13:31:21,UNVR,RG,4250,80,F,YU,ZP,F
13:30:37,UNVR,RG,4250,10,F,YU,BK,F
13:30:33,UNVR,RG,4250,35,F,YU,BK,F
13:30:25,UNVR,RG,4250,18,F,YU,BK,F
13:30:21,UNVR,RG,4250,1,F,YU,NI,D
13:30:20,UNVR,RG,4260,1,D,YP,CP,D
13:30:18,UNVR,RG,4260,4,D,YP,CP,D
13:30:17,UNVR,RG,4250,4,F,YU,YP,D
13:30:17,UNVR,RG,4250,713,F,YU,YP,D
13:30:17,UNVR,RG,4250,3,D,XC,YP,D
13:30:17,UNVR,RG,4250,3,D,XC,YP,D
13:30:17,UNVR,RG,4250,1,D,YP,YP,D
13:30:17,UNVR,RG,4250,12,D,BK,YP,D
13:30:17,UNVR,RG,4250,1,D,PD,YP,D
13:30:17,UNVR,RG,4250,2,D,PD,YP,D
13:30:17,UNVR,RG,4250,1,D,PD,YP,D
13:30:17,UNVR,RG,4250,2,D,NI,YP,D
13:30:17,UNVR,RG,4250,5,D,GR,YP,D
13:30:17,UNVR,RG,4250,2,D,PD,YP,D
13:30:17,UNVR,RG,4250,1,D,CC,YP,D
13:30:17,UNVR,RG,4250,54,D,NI,YP,D
13:30:16,UNVR,RG,4260,5,D,YP,CP,D
13:30:16,UNVR,RG,4260,5,D,YP,CP,D
13:30:16,UNVR,RG,4250,10,D,NI,YP,D
13:30:15,UNVR,RG,4250,1,D,NI,YP,D
13:30:15,UNVR,RG,4250,6,D,NI,BK,F
13:30:15,UNVR,RG,4250,2,D,NI,XC,D
13:30:15,UNVR,RG,4250,2,D,NI,XC,D
13:30:15,UNVR,RG,4260,4,D,XC,CP,D
13:30:14,UNVR,RG,4250,1,D,NI,XC,D
13:30:14,UNVR,RG,4250,2,D,NI,XC,D
13:30:14,UNVR,RG,4250,2,D,NI,XC,D
13:30:14,UNVR,RG,4250,1,D,NI,XC,D
13:30:14,UNVR,RG,4250,1,D,NI,XC,D
13:30:13,UNVR,RG,4250,1,D,NI,XC,D
13:30:13,UNVR,RG,4250,1,D,NI,XC,D
13:30:13,UNVR,RG,4250,1,D,NI,XC,D
13:30:13,UNVR,RG,4250,1,D,NI,XC,D
13:30:13,UNVR,RG,4250,1,D,NI,XC,D
13:30:12,UNVR,RG,4250,1,D,NI,XC,D
13:30:12,UNVR,RG,4250,1,D,NI,XC,D
13:30:11,UNVR,RG,4260,1,D,XC,CP,D
13:30:11,UNVR,RG,4260,2,D,XC,CP,D
13:30:10,UNVR,RG,4250,5,D,NI,CC,D
13:30:08,UNVR,RG,4250,15,D,NI,CC,D
13:30:08,UNVR,RG,4260,1,D,XL,CP,D
13:30:08,UNVR,RG,4260,2,D,CC,CP,D
13:30:08,UNVR,RG,4250,1,D,NI,XL,D
13:30:08,UNVR,RG,4250,4,D,NI,PD,D
13:30:08,UNVR,RG,4260,2,D,XL,CP,D
13:30:06,UNVR,RG,4250,7,D,NI,CC,D
13:30:06,UNVR,RG,4260,108,D,CC,CP,D
13:30:05,UNVR,RG,4250,1,D,NI,PD,D
13:30:05,UNVR,RG,4250,1,D,NI,PD,D
13:30:05,UNVR,RG,4250,1,D,NI,PD,D
13:30:05,UNVR,RG,4260,30,D,CC,CP,D
13:30:05,UNVR,RG,4250,3,D,NI,AT,D
13:30:04,UNVR,RG,4250,10,D,NI,CC,D
13:30:04,UNVR,RG,4260,1,D,PD,CP,D
13:30:04,UNVR,RG,4250,30,D,NI,CC,D
13:30:04,UNVR,RG,4250,1,D,NI,PD,D
13:30:04,UNVR,RG,4260,1,D,PD,CP,D
13:30:04,UNVR,RG,4250,1,D,NI,PD,D
13:30:04,UNVR,RG,4250,15,D,NI,PD,D
13:30:04,UNVR,RG,4250,1,D,NI,PD,D
13:30:04,UNVR,RG,4250,3,D,NI,AK,F
13:30:03,UNVR,RG,4260,1,D,PD,CP,D
13:30:03,UNVR,RG,4260,1,D,PD,CP,D
13:30:03,UNVR,RG,4250,10,D,NI,AK,F
13:30:03,UNVR,RG,4250,3,D,NI,SQ,D
13:30:03,UNVR,RG,4260,6,F,AK,CP,D
13:30:03,UNVR,RG,4250,1,D,NI,PD,D
13:30:03,UNVR,RG,4250,13,D,NI,KK,D
13:30:03,UNVR,RG,4260,1,D,PD,CP,D
13:30:03,UNVR,RG,4250,250,D,NI,CC,D
13:30:03,UNVR,RG,4250,1,D,NI,KK,D
13:30:03,UNVR,RG,4250,1,D,NI,KK,D
13:30:03,UNVR,RG,4250,10,D,NI,PD,D
13:30:03,UNVR,RG,4250,1,D,NI,PD,D
13:30:03,UNVR,RG,4250,2,D,NI,SQ,D
13:30:02,UNVR,RG,4250,5,D,NI,SQ,D
13:30:02,UNVR,RG,4250,1,D,NI,PD,D
13:30:02,UNVR,RG,4260,12,D,CP,CP,D
13:30:02,UNVR,RG,4260,14,D,DH,CP,D
13:30:02,UNVR,RG,4260,1,D,DH,ZP,F
13:30:02,UNVR,RG,4260,8,D,DH,RX,F
13:30:02,UNVR,RG,4250,5,D,NI,DH,D
13:30:02,UNVR,RG,4260,5,D,PD,RX,F
13:30:01,UNVR,RG,4250,3,D,NI,KK,D
13:30:01,UNVR,RG,4260,1,D,KK,RX,F
13:30:01,UNVR,RG,4250,6,D,NI,DH,D
13:30:01,UNVR,RG,4250,5,D,DR,DH,D
13:30:01,UNVR,RG,4250,1,D,PD,DH,D
13:30:01,UNVR,RG,4250,5,D,NI,DH,D
13:30:01,UNVR,RG,4250,5,D,CC,DH,D
13:30:01,UNVR,RG,4250,10,D,AZ,DH,D
13:30:01,UNVR,RG,4250,1,D,CC,DH,D
13:30:01,UNVR,RG,4250,67,D,XL,DH,D
13:30:01,UNVR,RG,4260,1,D,PD,RX,F
13:30:01,UNVR,RG,4260,2,D,DH,RX,F
13:30:01,UNVR,RG,4260,2,D,PD,RX,F
13:30:01,UNVR,RG,4260,10,D,DH,RX,F
13:30:01,UNVR,RG,4250,4,D,XL,PD,D
13:30:01,UNVR,RG,4260,90,D,AI,RX,F
13:30:01,UNVR,RG,4250,14,D,XL,TP,D
13:30:01,UNVR,RG,4250,33,D,XL,KI,D
13:30:01,UNVR,RG,4250,5,D,CC,KI,D
13:30:01,UNVR,RG,4250,10,D,NI,KI,D
13:30:01,UNVR,RG,4250,2,D,CC,KI,D
13:30:01,UNVR,RG,4250,14,F,KK,KI,D
13:30:01,UNVR,RG,4250,1,D,YU,KI,D
13:30:01,UNVR,RG,4250,15,D,CC,KI,D
13:30:01,UNVR,RG,4250,2,D,XC,KI,D
13:30:01,UNVR,RG,4250,1,D,XC,KI,D
13:30:01,UNVR,RG,4250,1,D,NI,KI,D
13:30:01,UNVR,RG,4250,2,D,PD,KI,D
13:30:01,UNVR,RG,4250,1,D,KK,KI,D
13:30:01,UNVR,RG,4250,2,D,CC,KI,D
13:30:01,UNVR,RG,4250,1,D,YP,KI,D
13:30:01,UNVR,RG,4250,1,D,AG,KI,D
13:30:01,UNVR,RG,4250,25,D,YU,KI,D
13:30:01,UNVR,RG,4250,1,D,TP,KI,D
13:30:01,UNVR,RG,4250,3,D,HP,KI,D
13:30:01,UNVR,RG,4250,11,D,XC,KI,D
13:30:01,UNVR,RG,4250,150,D,ZP,KI,D
13:30:01,UNVR,RG,4250,2,D,XC,KI,D
13:30:01,UNVR,RG,4250,5,D,IU,KI,D
13:30:01,UNVR,RG,4250,2,D,XC,KI,D
13:30:01,UNVR,RG,4250,95,D,NI,KI,D
13:30:01,UNVR,RG,4260,5,D,AI,RX,F
13:30:01,UNVR,RG,4250,25,D,NI,IF,D
13:30:01,UNVR,RG,4250,5,D,PD,IF,D
13:30:01,UNVR,RG,4250,10,D,PD,IF,D
13:30:01,UNVR,RG,4250,1,D,PD,IF,D
13:30:01,UNVR,RG,4250,4,D,YP,IF,D
13:30:01,UNVR,RG,4250,2,D,PD,IF,D
13:30:01,UNVR,RG,4250,5,D,EP,IF,D
13:30:01,UNVR,RG,4250,1,D,CC,IF,D
13:30:01,UNVR,RG,4250,50,D,DX,IF,D
13:30:01,UNVR,RG,4250,1,D,CC,IF,D
13:30:01,UNVR,RG,4250,2,D,CP,IF,D
13:30:01,UNVR,RG,4250,44,D,DR,IF,D
13:30:01,UNVR,RG,4250,6,D,DR,IF,D
13:30:01,UNVR,RG,4250,1,D,PD,IF,D
13:30:01,UNVR,RG,4250,1,D,YP,IF,D
13:30:01,UNVR,RG,4250,2,D,YP,IF,D
13:30:01,UNVR,RG,4250,1,D,EP,IF,D
13:30:01,UNVR,RG,4250,3,D,YP,IF,D
13:30:01,UNVR,RG,4250,1,D,XC,IF,D
13:30:01,UNVR,RG,4250,10,D,PD,IF,D
13:30:01,UNVR,RG,4250,5,D,XL,IF,D
13:30:01,UNVR,RG,4250,5,D,GR,IF,D
13:30:01,UNVR,RG,4250,2,D,CP,IF,D
13:30:01,UNVR,RG,4250,19,D,GR,IF,D
13:30:01,UNVR,RG,4250,1,D,GR,MU,D
13:30:01,UNVR,RG,4250,1,D,XC,MU,D
13:30:01,UNVR,RG,4250,3,D,CC,MU,D
13:30:01,UNVR,RG,4250,2,D,PD,MU,D
13:30:01,UNVR,RG,4250,1,D,YP,MU,D
13:30:01,UNVR,RG,4250,9,D,YB,MU,D
13:30:01,UNVR,RG,4260,127,D,BB,RX,F
13:30:01,UNVR,RG,4260,2,F,AR,RX,F
13:30:01,UNVR,RG,4260,158,D,BB,RX,F
13:30:01,UNVR,RG,4260,15,D,BB,CC,D
11:29:58,UNVR,RG,4250,1,D,YB,AK,F
11:29:57,UNVR,RG,4260,4,D,BB,CC,D
11:29:50,UNVR,RG,4260,1,D,XC,CC,D
11:29:50,UNVR,RG,4250,10,F,AK,BK,F
11:29:49,UNVR,RG,4260,9,D,BK,CC,D
11:29:48,UNVR,RG,4250,11,F,AK,BK,F
11:29:46,UNVR,RG,4260,6,D,BB,CC,D
11:29:41,UNVR,RG,4250,2,F,AK,CC,D
11:29:39,UNVR,RG,4250,10,F,AK,BK,F
11:29:39,UNVR,RG,4250,1,F,AK,CC,D
11:29:37,UNVR,RG,4250,10,F,AK,BK,F
11:29:35,UNVR,RG,4250,1,F,AK,XC,D
11:29:30,UNVR,RG,4250,1,F,AK,AK,F
11:29:30,UNVR,RG,4260,1,F,AK,CC,D
11:29:29,UNVR,RG,4250,9,F,AK,BK,F
11:29:24,UNVR,RG,4250,9,F,AK,BK,F
11:29:19,UNVR,RG,4250,11,F,AK,BK,F
11:29:16,UNVR,RG,4250,10,F,AK,BK,F
11:29:12,UNVR,RG,4260,11,D,BK,CC,D
11:29:10,UNVR,RG,4260,6,D,BB,CC,D
11:29:08,UNVR,RG,4250,10,F,AK,BK,F
11:29:06,UNVR,RG,4260,4,D,BB,CC,D
11:29:05,UNVR,RG,4250,10,F,AK,BK,F
11:28:59,UNVR,RG,4250,13,F,AK,BK,F
11:28:49,UNVR,RG,4250,10,F,AK,BK,F
11:28:46,UNVR,RG,4250,9,F,AK,BK,F
11:28:42,UNVR,RG,4250,11,F,AK,BK,F
11:28:34,UNVR,RG,4250,10,F,AK,BK,F
11:28:32,UNVR,RG,4260,1,D,XC,CC,D
11:28:29,UNVR,RG,4250,12,F,AK,BK,F
11:28:25,UNVR,RG,4260,5,D,AI,CC,D
11:28:25,UNVR,RG,4260,15,D,AI,PD,D
11:28:24,UNVR,RG,4250,12,F,AK,BK,F
11:28:22,UNVR,RG,4250,1,F,AK,NI,D
11:28:14,UNVR,RG,4250,13,F,AK,BK,F
11:28:10,UNVR,RG,4250,10,F,AK,BK,F
11:28:03,UNVR,RG,4250,14,F,AK,BK,F
11:27:59,UNVR,RG,4250,16,F,AK,BK,F
11:27:46,UNVR,RG,4250,22,F,AK,BK,F
11:27:41,UNVR,RG,4250,4,F,AK,AK,F
11:27:36,UNVR,RG,4250,14,F,AK,BK,F
11:27:27,UNVR,RG,4250,5,F,AK,BK,F
11:27:27,UNVR,RG,4250,10,D,ZP,BK,F
11:27:25,UNVR,RG,4260,1,F,CS,PD,D
11:27:24,UNVR,RG,4260,13,D,BB,PD,D
11:27:24,UNVR,RG,4260,9,D,BB,PD,D
11:27:24,UNVR,RG,4260,1,F,CS,PD,D
11:27:24,UNVR,RG,4260,11,D,BK,PD,D
11:27:23,UNVR,RG,4260,4,D,BK,BK,F
11:27:23,UNVR,RG,4260,14,F,ZP,BK,F
11:27:18,UNVR,RG,4260,33,F,ZP,DX,F
11:27:18,UNVR,RG,4260,10,F,ZP,OD,D
11:27:17,UNVR,RG,4260,20,F,ZP,PD,D
11:27:17,UNVR,RG,4260,1,D,XC,PD,D
11:27:17,UNVR,RG,4260,1,D,SQ,PD,D
11:27:17,UNVR,RG,4260,40,D,BB,PD,D
11:27:17,UNVR,RG,4260,38,D,BB,PD,D
11:27:11,UNVR,RG,4260,1,D,BB,AK,F
11:27:07,UNVR,RG,4260,15,D,BB,BK,F
11:27:07,UNVR,RG,4260,13,D,YP,BK,F
11:27:00,UNVR,RG,4260,1,F,AK,GR,D
11:27:00,UNVR,RG,4260,2,D,XC,GR,D
11:27:00,UNVR,RG,4260,7,D,PD,GR,D
11:26:58,UNVR,RG,4260,43,D,PD,CC,F
11:26:58,UNVR,RG,4260,10,D,YP,CC,F
11:26:58,UNVR,RG,4260,10,D,XC,CC,F
11:26:58,UNVR,RG,4260,100,D,GR,CC,F
11:26:58,UNVR,RG,4260,1,D,EP,CC,F
11:26:58,UNVR,RG,4260,1,D,PD,CC,F
11:26:58,UNVR,RG,4260,50,D,YU,CC,F
11:26:58,UNVR,RG,4260,1,D,PD,CC,F
11:26:58,UNVR,RG,4260,1,D,XC,CC,F
11:26:58,UNVR,RG,4260,1,D,AT,CC,F
11:26:58,UNVR,RG,4260,10,D,LG,CC,F
11:26:58,UNVR,RG,4260,20,D,KK,CC,F
11:26:58,UNVR,RG,4260,1,F,CS,CC,F
11:26:58,UNVR,RG,4260,2,D,CC,CC,F
11:26:58,UNVR,RG,4260,1,D,CC,CC,F
11:26:57,UNVR,RG,4260,1,D,CC,AK,F
11:26:56,UNVR,RG,4260,5,D,CC,XC,D
11:26:53,UNVR,RG,4260,7,D,CC,CC,D
11:26:47,UNVR,RG,4260,2,D,CC,BK,F
11:26:47,UNVR,RG,4260,4,D,XC,BK,F
11:26:47,UNVR,RG,4260,1,D,DR,BK,F
11:26:47,UNVR,RG,4260,2,D,PD,BK,F
11:26:47,UNVR,RG,4260,19,D,YP,BK,F
11:26:45,UNVR,RG,4260,5,D,YP,CC,D
11:26:45,UNVR,RG,4260,6,D,YP,BK,F
11:26:45,UNVR,RG,4260,5,D,XC,BK,F
11:26:45,UNVR,RG,4260,1,D,AG,BK,F
11:26:45,UNVR,RG,4260,2,D,XC,BK,F
11:26:45,UNVR,RG,4260,1,D,PD,BK,F
11:26:42,UNVR,RG,4260,1,F,CS,CP,D
11:26:42,UNVR,RG,4260,4,D,PD,CP,D
11:26:41,UNVR,RG,4260,1,D,PD,AK,F
11:26:41,UNVR,RG,4260,11,D,PD,CC,D
11:26:41,UNVR,RG,4260,1,D,CC,CC,D
11:26:41,UNVR,RG,4260,3,D,PD,CC,D
11:26:41,UNVR,RG,4260,5,D,NI,CC,D
11:26:41,UNVR,RG,4260,2,D,NI,CC,D
11:26:41,UNVR,RG,4260,5,D,PD,CC,D
11:26:41,UNVR,RG,4260,22,F,ZP,CC,D
11:26:41,UNVR,RG,4260,1,D,NI,CC,D
11:26:41,UNVR,RG,4260,1,D,PD,CC,D
11:26:41,UNVR,RG,4260,5,D,PC,CC,D
11:26:41,UNVR,RG,4260,1,F,CS,CC,D
11:26:41,UNVR,RG,4260,1,D,PD,CC,D
11:26:41,UNVR,RG,4260,2,D,EP,CC,D
11:26:41,UNVR,RG,4260,1,D,XC,CC,D
11:26:41,UNVR,RG,4260,2,D,YP,CC,D
11:26:41,UNVR,RG,4260,25,D,XC,CC,D
11:26:41,UNVR,RG,4260,15,D,BK,CC,D
11:26:41,UNVR,RG,4260,1,D,YP,CC,D
11:26:41,UNVR,RG,4260,1,F,CS,CC,D
11:26:41,UNVR,RG,4260,5,D,AZ,CC,D
11:26:41,UNVR,RG,4260,40,D,CC,CC,D
11:26:31,UNVR,RG,4260,19,D,CC,BK,F
11:26:27,UNVR,RG,4260,16,D,CC,BK,F
11:26:20,UNVR,RG,4270,3,D,PD,NI,D
11:26:16,UNVR,RG,4260,9,D,CC,XC,D
11:26:13,UNVR,RG,4260,16,D,CC,BK,F
11:26:13,UNVR,RG,4260,4,D,CC,BK,F
11:26:11,UNVR,RG,4260,1,D,CC,AK,F
11:26:04,UNVR,RG,4260,10,D,CC,PD,D
11:25:57,UNVR,RG,4260,39,D,CC,BK,F
11:25:53,UNVR,RG,4260,10,D,CC,XC,D
11:25:52,UNVR,RG,4270,1,D,XC,NI,D
11:25:41,UNVR,RG,4260,1,D,CC,AK,F
11:25:36,UNVR,RG,4260,34,D,CC,BK,F
11:25:35,UNVR,RG,4260,1,D,CC,AT,D
11:25:35,UNVR,RG,4260,1,D,PD,AT,D
11:25:35,UNVR,RG,4260,5,D,EP,AT,D
11:25:35,UNVR,RG,4260,9,D,BB,AT,D
11:25:35,UNVR,RG,4260,5,D,BB,AT,D
11:25:35,UNVR,RG,4260,79,F,ZP,AT,D
11:25:26,UNVR,RG,4260,1,F,ZP,AK,F
11:25:23,UNVR,RG,4260,11,F,ZP,YP,D
11:25:23,UNVR,RG,4260,10,D,NI,YP,D
11:25:23,UNVR,RG,4260,1,D,YP,YP,D
11:25:23,UNVR,RG,4260,3,D,YP,YP,D
11:25:22,UNVR,RG,4260,1,D,YP,XC,D
11:25:22,UNVR,RG,4260,11,D,YP,XC,D
11:25:21,UNVR,RG,4260,5,D,YP,XC,D
11:25:18,UNVR,RG,4260,2,D,YP,CC,D
11:25:05,UNVR,RG,4260,32,D,YP,IU,D
11:25:05,UNVR,RG,4260,3,D,SQ,IU,D
11:24:56,UNVR,RG,4260,1,D,SQ,AK,F
11:24:49,UNVR,RG,4260,1,D,YP,YP,D
11:24:49,UNVR,RG,4260,10,D,BK,YP,D
11:24:49,UNVR,RG,4260,23,D,BK,YP,D
11:24:49,UNVR,RG,4260,10,D,PD,YP,D
11:24:49,UNVR,RG,4260,6,D,KK,YP,D
11:24:49,UNVR,RG,4260,1,D,YP,YP,D
11:24:49,UNVR,RG,4260,22,D,BK,YP,D
11:24:49,UNVR,RG,4260,95,D,OD,YP,D
11:24:40,UNVR,RG,4260,100,D,OD,PD,D
11:24:30,UNVR,RG,4270,6,F,AK,NI,D
11:24:30,UNVR,RG,4270,1,F,AK,XC,D
11:24:30,UNVR,RG,4270,1,F,AK,YP,D
11:24:26,UNVR,RG,4260,1,D,OD,AK,F
11:24:00,UNVR,RG,4270,1,F,AK,YP,D
11:23:44,UNVR,RG,4270,2,D,PP,CC,D
11:23:44,UNVR,RG,4270,6,D,PP,KK,D
11:23:44,UNVR,RG,4270,1,D,PP,CC,D
11:23:44,UNVR,RG,4270,1,D,PP,XC,D
11:23:44,UNVR,RG,4270,12,D,PP,XC,D
11:23:44,UNVR,RG,4270,99,D,PP,RX,F
11:23:44,UNVR,RG,4270,50,D,PP,YP,D
11:23:44,UNVR,RG,4270,189,D,PP,BK,F
11:23:44,UNVR,RG,4270,5,D,PP,PD,D
11:23:44,UNVR,RG,4270,60,D,PP,CC,D
11:23:44,UNVR,RG,4270,10,D,PP,YJ,D
11:23:44,UNVR,RG,4270,1,D,PP,AK,F
11:23:44,UNVR,RG,4270,4,D,PP,ZP,F
11:23:44,UNVR,RG,4270,40,D,PP,PD,D
11:23:41,UNVR,RG,4260,27,D,OD,BK,F
11:23:41,UNVR,RG,4260,1,D,OD,AK,F
11:23:24,UNVR,RG,4260,176,D,OD,NI,D
11:23:24,UNVR,RG,4260,24,D,BK,NI,D
11:23:21,UNVR,RG,4260,2,D,BK,ZP,F
11:23:20,UNVR,RG,4260,9,D,BK,BK,F
11:23:20,UNVR,RG,4260,46,D,DH,BK,F
11:23:00,UNVR,RG,4270,2,F,AK,PD,D
11:22:59,UNVR,RG,4270,2,D,PD,PD,D
11:22:50,UNVR,RG,4270,100,D,GR,PD,D
11:22:48,UNVR,RG,4260,69,D,DH,BK,F
11:22:42,UNVR,RG,4270,12,D,BK,PD,D
11:22:38,UNVR,RG,4260,5,D,DH,CC,D
11:22:16,UNVR,RG,4270,11,D,BK,PD,D
11:22:02,UNVR,RG,4260,72,D,DH,BK,F
11:22:02,UNVR,RG,4270,1,D,PD,PD,D
11:21:56,UNVR,RG,4260,4,D,DH,AK,F
11:21:37,UNVR,RG,4260,25,D,DH,XC,D
11:21:35,UNVR,RG,4270,5,D,EP,PD,D
11:21:27,UNVR,RG,4260,1,D,DH,AK,F
11:21:26,UNVR,RG,4260,1,D,DH,PD,D
11:21:21,UNVR,RG,4260,44,D,DH,BK,F
11:21:18,UNVR,RG,4260,1,D,DH,YP,D
11:21:11,UNVR,RG,4270,3,F,AK,PD,D
11:21:10,UNVR,RG,4270,13,D,BK,PD,D
11:21:00,UNVR,RG,4260,43,D,DH,CC,D
11:20:40,UNVR,RG,4260,10,D,DH,OD,D
11:20:40,UNVR,RG,4260,50,D,DH,CD,D
11:20:38,UNVR,RG,4260,6,D,DH,PD,D
11:20:37,UNVR,RG,4270,1,D,CC,PD,D
11:20:29,UNVR,RG,4270,2,D,YP,PD,D
11:20:06,UNVR,RG,4270,8,D,XC,PD,D
11:20:06,UNVR,RG,4270,1,D,XC,CC,D
11:20:06,UNVR,RG,4270,9,D,BK,CC,D
11:20:06,UNVR,RG,4270,1,D,BK,NI,D
11:20:01,UNVR,RG,4260,68,D,DH,BK,F
11:19:58,UNVR,RG,4260,1,D,DH,RO,D
11:19:53,UNVR,RG,4260,5,D,DH,CC,D
11:19:51,UNVR,RG,4270,1,D,PD,NI,D
11:19:51,UNVR,RG,4260,3,D,DH,CC,D
11:19:49,UNVR,RG,4260,2,D,DH,ZP,F
11:19:28,UNVR,RG,4260,1,D,DH,TP,D
11:19:22,UNVR,RG,4270,1,D,SQ,NI,D
11:19:11,UNVR,RG,4260,40,D,DH,BK,F
11:19:01,UNVR,RG,4270,2,D,BK,NI,D
11:19:01,UNVR,RG,4270,1,D,BK,EP,D
11:19:01,UNVR,RG,4270,7,D,BK,XC,D
11:18:46,UNVR,RG,4260,1,D,DH,XL,D
11:18:40,UNVR,RG,4270,18,D,BB,XC,D
11:18:38,UNVR,RG,4260,10,D,DH,OD,D
11:18:31,UNVR,RG,4260,29,D,DH,AI,D
11:18:22,UNVR,RG,4260,1,D,DH,PD,D
11:18:22,UNVR,RG,4260,1,D,DH,ZP,F
11:18:21,UNVR,RG,4260,48,D,DH,YP,D
11:18:20,UNVR,RG,4270,3,D,DR,XC,D
11:18:14,UNVR,RG,4260,1,D,DH,AT,D
11:18:13,UNVR,RG,4260,1,D,DH,XC,D
11:18:13,UNVR,RG,4270,13,D,BB,XC,D
11:18:11,UNVR,RG,4260,4,D,DH,AK,F
11:18:00,UNVR,RG,4260,58,D,DH,BK,F
11:17:56,UNVR,RG,4270,11,D,BK,XC,D
11:17:21,UNVR,RG,4260,1,D,DH,TP,D
11:16:59,UNVR,RG,4260,50,D,DH,PD,D
11:16:57,UNVR,RG,4270,9,D,BK,XC,D
11:16:43,UNVR,RG,4260,12,D,DH,ZP,F
11:16:43,UNVR,RG,4270,19,D,BB,XC,D
11:16:32,UNVR,RG,4260,73,D,DH,BK,F
11:16:20,UNVR,RG,4260,30,D,DH,AI,D
11:16:16,UNVR,RG,4270,13,D,BB,XC,D
11:15:53,UNVR,RG,4270,10,D,BK,XC,D
11:15:45,UNVR,RG,4260,1,D,DH,YP,D
11:15:09,UNVR,RG,4260,1,D,DH,PD,D
11:15:08,UNVR,RG,4270,2,D,NI,XC,D
11:15:03,UNVR,RG,4260,73,D,DH,BK,F
11:14:55,UNVR,RG,4270,9,D,PD,XC,D
11:14:55,UNVR,RG,4270,3,D,PD,XC,D
11:14:55,UNVR,RG,4270,2,D,PD,DH,D
11:14:55,UNVR,RG,4270,2,D,PD,AK,F
11:14:55,UNVR,RG,4270,1,D,PD,DX,F
11:14:47,UNVR,RG,4270,11,D,BK,DX,F
11:14:38,UNVR,RG,4270,4,D,NI,DX,F
11:14:35,UNVR,RG,4270,19,D,BB,DX,F
11:14:34,UNVR,RG,4270,5,D,PD,DX,F
11:14:33,UNVR,RG,4260,10,D,DH,DR,D
11:14:31,UNVR,RG,4260,29,D,DH,BK,F
11:14:19,UNVR,RG,4270,13,D,BB,DX,F
11:14:15,UNVR,RG,4270,11,F,AK,DX,F
11:14:11,UNVR,RG,4260,2,D,DH,AK,F
11:13:52,UNVR,RG,4260,1,D,DH,XC,D
11:13:47,UNVR,RG,4260,36,D,DH,BK,F
11:13:40,UNVR,RG,4270,11,D,BK,DX,F
11:13:30,UNVR,RG,4260,2,D,DH,CC,D
11:13:11,UNVR,RG,4260,2,D,DH,NI,D
11:12:59,UNVR,RG,4260,7,D,DH,CC,D
11:12:54,UNVR,RG,4260,200,D,DH,PD,D
11:12:41,UNVR,RG,4260,52,D,DH,BK,F
11:12:41,UNVR,RG,4260,3,D,DH,CC,D
11:12:35,UNVR,RG,4260,22,D,DH,YP,D
11:12:33,UNVR,RG,4270,18,D,BB,DX,F
11:12:29,UNVR,RG,4260,5,D,DH,CC,D
11:12:25,UNVR,RG,4260,2,D,DH,AK,F
11:12:23,UNVR,RG,4270,14,D,BB,DX,F
11:12:15,UNVR,RG,4270,2,F,AK,DX,F
11:12:10,UNVR,RG,4260,71,D,DH,PD,D
11:12:00,UNVR,RG,4260,89,D,DH,YP,D
11:12:00,UNVR,RG,4260,10,D,XC,YP,D
11:12:00,UNVR,RG,4260,3,D,KK,YP,D
11:12:00,UNVR,RG,4260,2,D,CC,YP,D
11:12:00,UNVR,RG,4260,11,D,BK,YP,D
11:12:00,UNVR,RG,4260,1,D,PD,YP,D
11:12:00,UNVR,RG,4260,10,D,DR,YP,D
11:12:00,UNVR,RG,4260,106,D,BB,YP,D
11:12:00,UNVR,RG,4260,144,D,BB,YP,D
11:12:00,UNVR,RG,4260,2,D,DH,YP,D
11:12:00,UNVR,RG,4260,1,D,PD,YP,D
11:12:00,UNVR,RG,4260,1,D,XC,YP,D
11:12:00,UNVR,RG,4260,3,D,PD,YP,D
11:12:00,UNVR,RG,4260,2,D,PD,YP,D
11:12:00,UNVR,RG,4260,1,D,PD,YP,D
11:12:00,UNVR,RG,4260,1,D,CC,YP,D
11:12:00,UNVR,RG,4260,10,D,IU,YP,D
11:12:00,UNVR,RG,4260,3,D,LG,YP,D
11:11:56,UNVR,RG,4260,7,D,LG,YP,D
11:11:56,UNVR,RG,4260,100,D,YP,YP,D
11:11:56,UNVR,RG,4260,1,D,KK,YP,D
11:11:56,UNVR,RG,4260,1,D,PD,YP,D
11:11:56,UNVR,RG,4260,50,D,YP,YP,D
11:11:56,UNVR,RG,4260,4,D,PD,YP,D
11:11:56,UNVR,RG,4260,25,D,YP,YP,D
11:11:56,UNVR,RG,4260,5,D,YP,YP,D
11:11:56,UNVR,RG,4260,1,D,BQ,YP,D
11:11:56,UNVR,RG,4260,50,D,OD,YP,D
11:11:56,UNVR,RG,4260,1,D,XC,YP,D
11:11:56,UNVR,RG,4260,10,D,SQ,YP,D
11:11:56,UNVR,RG,4260,3,D,AZ,YP,D
11:11:56,UNVR,RG,4260,1,D,YP,YP,D
11:11:56,UNVR,RG,4260,30,D,GR,YP,D
11:11:56,UNVR,RG,4260,1,D,PD,YP,D
11:11:56,UNVR,RG,4260,1,D,CC,YP,D
11:11:56,UNVR,RG,4260,1,D,KK,YP,D
11:11:56,UNVR,RG,4260,1,D,KK,YP,D
11:11:56,UNVR,RG,4260,1,D,KK,YP,D
11:11:56,UNVR,RG,4260,1,D,XC,YP,D
11:11:56,UNVR,RG,4260,5,D,YP,YP,D
11:11:49,UNVR,RG,4260,4,D,YP,PD,D
11:11:49,UNVR,RG,4260,25,D,YP,PD,D
11:11:49,UNVR,RG,4260,15,D,GR,PD,D
11:11:49,UNVR,RG,4260,1,D,BQ,PD,D
11:11:49,UNVR,RG,4260,20,D,XC,PD,D
11:11:49,UNVR,RG,4260,20,D,XL,PD,D
11:11:49,UNVR,RG,4260,1,D,AZ,PD,D
11:11:49,UNVR,RG,4260,20,D,CC,PD,D
11:11:49,UNVR,RG,4260,1,D,YP,PD,D
11:11:49,UNVR,RG,4260,1,D,XC,PD,D
11:11:49,UNVR,RG,4260,1,D,CC,PD,D
11:11:49,UNVR,RG,4260,2,D,CC,PD,D
11:11:49,UNVR,RG,4260,10,D,EP,PD,D
11:11:49,UNVR,RG,4260,1,D,XC,PD,D
11:11:49,UNVR,RG,4260,1,D,PD,PD,D
11:11:49,UNVR,RG,4260,2,D,XC,PD,D
11:11:49,UNVR,RG,4260,25,F,AK,PD,D
11:11:46,UNVR,RG,4260,315,F,AK,NI,D
11:11:46,UNVR,RG,4260,1,D,XC,NI,D
11:11:46,UNVR,RG,4260,200,D,NI,NI,D
11:11:46,UNVR,RG,4260,2,D,DX,NI,D
11:11:46,UNVR,RG,4260,1,D,YP,NI,D
11:11:46,UNVR,RG,4260,1,D,XC,NI,D
11:11:46,UNVR,RG,4260,10,D,YP,NI,D
11:11:46,UNVR,RG,4260,5,D,LG,NI,D
11:11:46,UNVR,RG,4260,1,D,MG,NI,D
11:11:46,UNVR,RG,4260,464,D,PP,NI,D
11:11:44,UNVR,RG,4260,14,D,PP,NI,D
11:11:35,UNVR,RG,4270,2,D,XC,DX,F
11:11:28,UNVR,RG,4270,10,D,BK,DX,F
11:11:18,UNVR,RG,4260,2,D,PP,PD,D
11:11:18,UNVR,RG,4260,1,D,YP,PD,D
11:11:18,UNVR,RG,4260,1,D,YP,PD,D
11:11:18,UNVR,RG,4260,1,D,YP,PD,D
11:11:08,UNVR,RG,4260,1,D,YP,CC,D
11:10:41,UNVR,RG,4260,2,D,YP,AK,F
11:10:31,UNVR,RG,4270,18,D,BB,DX,F
11:10:30,UNVR,RG,4270,9,D,BK,DX,F
11:10:21,UNVR,RG,4270,13,D,BB,DX,F
11:10:08,UNVR,RG,4260,4,D,YP,PD,D
11:09:42,UNVR,RG,4260,2,D,YP,XC,D
11:09:42,UNVR,RG,4260,1,D,YP,XC,D
11:09:42,UNVR,RG,4260,1,D,AZ,XC,D
11:09:42,UNVR,RG,4260,5,D,PD,XC,D
11:09:25,UNVR,RG,4270,11,D,BK,DX,F
11:09:09,UNVR,RG,4260,2,D,PD,YP,D
11:09:08,UNVR,RG,4260,3,D,PD,XC,D
11:09:08,UNVR,RG,4260,1,D,HP,XC,D
11:08:56,UNVR,RG,4260,1,D,HP,AK,F
11:08:56,UNVR,RG,4260,1,D,YP,AK,F
11:08:49,UNVR,RG,4270,5,D,PD,DX,F
11:08:48,UNVR,RG,4270,10,D,YP,DX,F
11:08:46,UNVR,RG,4260,4,D,YP,EP,D
11:08:46,UNVR,RG,4260,2,D,PD,EP,D
11:08:33,UNVR,RG,4270,19,D,BB,DX,F
11:08:26,UNVR,RG,4270,6,D,YP,DX,F
11:08:20,UNVR,RG,4270,7,D,BK,DX,F
11:08:20,UNVR,RG,4270,4,D,BK,BK,F
11:08:19,UNVR,RG,4270,13,D,BB,BK,F
11:07:52,UNVR,RG,4260,3,D,PD,YP,D
11:07:52,UNVR,RG,4260,9,F,ZP,YP,D
11:07:52,UNVR,RG,4260,1,D,AG,YP,D
11:07:52,UNVR,RG,4260,1,D,PD,YP,D
11:07:52,UNVR,RG,4260,2,D,NI,YP,D
11:07:52,UNVR,RG,4260,34,D,OD,YP,D
11:07:49,UNVR,RG,4260,10,D,OD,YU,D
11:07:47,UNVR,RG,4260,1,D,OD,PD,D
11:07:26,UNVR,RG,4260,1,D,OD,AK,F
11:07:20,UNVR,RG,4260,1,D,OD,XC,D
11:07:11,UNVR,RG,4260,1,D,OD,XC,D
11:06:31,UNVR,RG,4270,18,D,BB,BK,F
11:06:29,UNVR,RG,4260,1,D,OD,CC,D
11:06:23,UNVR,RG,4270,1,D,XC,BK,F
11:06:22,UNVR,RG,4270,14,D,BB,BK,F
11:05:34,UNVR,RG,4270,5,D,XC,BK,F
11:05:27,UNVR,RG,4270,18,F,ZP,BK,F
11:05:24,UNVR,RG,4270,1,D,HP,BK,F
11:05:23,UNVR,RG,4260,50,D,OD,MG,D
11:04:57,UNVR,RG,4270,6,D,XC,BK,F
11:04:55,UNVR,RG,4270,3,D,YP,BK,F
11:04:49,UNVR,RG,4270,1,D,PD,BK,F
11:04:29,UNVR,RG,4270,18,D,BB,BK,F
11:04:24,UNVR,RG,4270,12,D,BB,BK,F
11:03:56,UNVR,RG,4270,8,D,PD,BK,F
11:03:56,UNVR,RG,4270,77,D,PD,RX,F
11:03:40,UNVR,RG,4270,25,F,ZP,RX,F
11:03:14,UNVR,RG,4270,1,D,CC,RX,F
11:03:11,UNVR,RG,4270,3,D,LG,RX,F
11:03:09,UNVR,RG,4260,1,D,OD,XC,D
11:03:00,UNVR,RG,4260,1,D,XA,PD,D
11:02:57,UNVR,RG,4270,1,D,PD,RX,F
11:02:30,UNVR,RG,4270,2,D,BB,RX,F
11:02:30,UNVR,RG,4270,3,D,BB,YU,D
11:02:30,UNVR,RG,4270,5,D,BB,PD,D
11:02:30,UNVR,RG,4270,8,D,BB,YJ,D
11:02:29,UNVR,RG,4270,13,D,BB,YJ,D
11:01:54,UNVR,RG,4270,1,D,CC,YJ,D
11:01:37,UNVR,RG,4270,21,F,ZP,YJ,D
11:01:37,UNVR,RG,4270,1,F,ZP,CC,D
11:01:37,UNVR,RG,4270,1,F,ZP,AK,F
11:01:37,UNVR,RG,4270,4,F,ZP,KK,D
11:01:37,UNVR,RG,4270,26,D,PP,KK,D
11:01:37,UNVR,RG,4270,5,D,PP,CC,D
11:01:37,UNVR,RG,4270,5,D,PP,CC,D
11:01:37,UNVR,RG,4270,1,D,PP,DH,D
11:01:37,UNVR,RG,4270,20,D,PP,YP,D
11:01:37,UNVR,RG,4270,38,D,PP,YJ,D
11:01:37,UNVR,RG,4270,1,D,PP,PD,D
11:01:37,UNVR,RG,4270,15,D,PP,DX,F
11:01:37,UNVR,RG,4270,10,D,PP,YP,D
11:01:37,UNVR,RG,4270,19,D,PP,BK,F
11:01:37,UNVR,RG,4270,1,D,PP,ZP,F
11:01:37,UNVR,RG,4270,337,D,PP,RX,F
11:01:37,UNVR,RG,4270,20,D,PP,CC,D
11:01:05,UNVR,RG,4260,2,D,XA,OD,D
11:00:53,UNVR,RG,4260,1,D,XA,EP,D
11:00:53,UNVR,RG,4260,6,D,PD,EP,D
10:59:34,UNVR,RG,4260,3,D,PD,DR,D
10:59:25,UNVR,RG,4260,6,D,PD,DR,D
10:59:19,UNVR,RG,4260,5,D,PD,DR,D
10:58:57,UNVR,RG,4270,1,D,PD,CC,D
10:58:55,UNVR,RG,4270,3,D,AZ,CC,D
10:58:54,UNVR,RG,4270,4,D,DH,CC,D
10:58:50,UNVR,RG,4270,2,D,YP,CC,D
10:58:41,UNVR,RG,4270,1,D,XC,CC,D
10:58:40,UNVR,RG,4270,100,D,OD,CC,D
10:58:26,UNVR,RG,4270,1,D,XC,CC,D
10:58:20,UNVR,RG,4270,26,D,BK,CC,D
10:58:20,UNVR,RG,4270,1,D,PD,CC,D
10:58:20,UNVR,RG,4270,40,D,BB,CC,D
10:58:20,UNVR,RG,4270,51,D,BB,CC,D
10:58:20,UNVR,RG,4270,6,D,KK,CC,D
10:58:20,UNVR,RG,4270,33,F,CC,CC,D
10:58:20,UNVR,RG,4270,5,D,CC,CC,D
10:58:20,UNVR,RG,4270,2,F,AK,CC,D
10:58:20,UNVR,RG,4270,3,F,AK,CC,D
10:58:20,UNVR,RG,4270,201,F,BK,CC,D
10:58:15,UNVR,RG,4270,1,F,BK,CC,D
10:58:15,UNVR,RG,4270,1,F,CS,CC,D
10:58:15,UNVR,RG,4270,28,D,BK,CC,D
10:58:14,UNVR,RG,4280,1,D,PD,DH,D
10:57:52,UNVR,RG,4270,5,D,BK,XL,D
10:57:52,UNVR,RG,4280,1,D,XC,DH,D
10:57:28,UNVR,RG,4280,5,D,XL,DH,D
10:56:56,UNVR,RG,4280,6,D,XC,DH,D
10:56:54,UNVR,RG,4280,10,F,BK,DH,D
10:56:53,UNVR,RG,4270,4,D,BK,DR,D
10:56:53,UNVR,RG,4270,27,D,BB,DR,D
10:56:53,UNVR,RG,4270,18,D,BB,DR,D
10:56:53,UNVR,RG,4270,11,F,ZP,DR,D
10:56:34,UNVR,RG,4280,14,F,BK,DH,D
10:56:31,UNVR,RG,4280,25,F,BK,DH,D
10:56:28,UNVR,RG,4280,179,F,BK,DH,D
10:56:27,UNVR,RG,4270,1,F,ZP,SQ,D
10:56:27,UNVR,RG,4270,1,F,CS,SQ,D
10:56:22,UNVR,RG,4270,2,F,BK,PD,D
10:56:22,UNVR,RG,4270,1,F,BK,AK,F
10:56:22,UNVR,RG,4270,7,F,BK,CC,D
10:56:22,UNVR,RG,4270,54,F,BK,YJ,D
10:56:22,UNVR,RG,4270,1,F,BK,PD,D
10:56:22,UNVR,RG,4270,2,F,BK,AK,F
10:56:22,UNVR,RG,4270,2,F,BK,NI,D
10:56:22,UNVR,RG,4270,40,F,BK,CP,D
10:56:22,UNVR,RG,4270,5,D,YP,CP,D
10:56:20,UNVR,RG,4270,205,F,AK,CP,D
10:56:20,UNVR,RG,4270,183,F,AK,DX,F
10:56:20,UNVR,RG,4270,191,F,AK,BK,F
10:56:20,UNVR,RG,4270,2,F,AK,XC,D
10:56:20,UNVR,RG,4270,142,F,AK,RX,F
10:56:20,UNVR,RG,4270,1,F,AK,XC,D
10:56:20,UNVR,RG,4270,3,F,AK,XC,D
10:56:20,UNVR,RG,4270,2,F,AK,XC,D
10:56:20,UNVR,RG,4270,1,F,AK,NI,D
10:56:20,UNVR,RG,4270,10,F,AK,XC,D
10:56:20,UNVR,RG,4270,1,F,AK,XC,D
10:56:20,UNVR,RG,4270,1,F,AK,AK,F
10:56:20,UNVR,RG,4270,1,F,AK,PD,D
10:56:20,UNVR,RG,4270,100,F,AK,OD,D
10:56:20,UNVR,RG,4270,8,F,AK,DR,D
10:56:20,UNVR,RG,4270,2,F,AK,CC,D
10:56:20,UNVR,RG,4270,2,F,AK,AK,F
10:56:20,UNVR,RG,4270,6,F,AK,DR,D
10:56:20,UNVR,RG,4270,139,F,AK,BK,F
10:56:19,UNVR,RG,4270,73,F,AK,BK,F
10:56:19,UNVR,RG,4270,159,F,AK,DX,F
10:56:19,UNVR,RG,4270,10,F,AK,NI,D
10:56:19,UNVR,RG,4270,5,F,AK,CC,D
10:56:19,UNVR,RG,4270,6,F,AK,CC,D
10:56:19,UNVR,RG,4270,200,F,AK,YP,D
10:56:19,UNVR,RG,4270,5,F,AK,PD,D
10:56:19,UNVR,RG,4270,13,F,AK,CC,D
10:56:19,UNVR,RG,4270,1,F,AK,ZP,F
10:56:19,UNVR,RG,4270,5,F,AK,DH,D
10:56:19,UNVR,RG,4270,1,F,AK,XC,D
10:56:19,UNVR,RG,4270,8,F,AK,KK,D
10:56:19,UNVR,RG,4270,63,F,AK,CC,D
10:56:19,UNVR,RG,4270,30,F,AK,KK,D
10:56:19,UNVR,RG,4270,199,F,AK,DX,F
10:56:19,UNVR,RG,4270,11,F,AK,BK,F
10:56:19,UNVR,RG,4270,10,F,AK,YP,D
10:56:19,UNVR,RG,4270,5,F,AK,PD,D
10:56:19,UNVR,RG,4270,1,F,AK,XC,D
10:56:19,UNVR,RG,4270,1,F,AK,DR,D
10:56:19,UNVR,RG,4270,11,F,AK,SQ,D
10:56:19,UNVR,RG,4270,1,F,AK,YP,D
10:56:19,UNVR,RG,4270,1,F,AK,XC,D
10:56:19,UNVR,RG,4270,10,F,AK,GR,D
10:56:19,UNVR,RG,4270,2,F,AK,CC,D
10:56:19,UNVR,RG,4270,38,F,AK,YJ,D
10:56:19,UNVR,RG,4270,1,F,AK,AK,F
10:56:19,UNVR,RG,4270,130,F,AK,DX,F
10:56:18,UNVR,RG,4270,17,F,BK,DX,F
10:56:18,UNVR,RG,4260,30,D,PD,EP,D
10:55:21,UNVR,RG,4270,2,F,ZP,DX,F
10:55:20,UNVR,RG,4270,1,D,XC,DX,F
10:55:06,UNVR,RG,4270,1,D,PD,DX,F
10:55:03,UNVR,RG,4270,13,F,ZP,DX,F
10:55:03,UNVR,RG,4270,2,F,ZP,RX,F
10:55:00,UNVR,RG,4270,2,D,XC,RX,F
10:54:47,UNVR,RG,4270,3,D,XL,RX,F
10:54:41,UNVR,RG,4260,9,D,PD,NI,D
10:54:00,UNVR,RG,4270,10,D,CC,RX,F
10:53:13,UNVR,RG,4270,1,D,XC,RX,F
10:52:35,UNVR,RG,4270,14,F,ZP,RX,F
10:52:24,UNVR,RG,4270,3,D,YP,RX,F
10:52:07,UNVR,RG,4270,2,D,YP,RX,F
10:51:56,UNVR,RG,4270,1,D,YB,RX,F
10:51:38,UNVR,RG,4260,1,D,PD,XC,D
10:51:23,UNVR,RG,4260,1,D,PD,YP,D
10:50:25,UNVR,RG,4270,30,F,ZP,RX,F
10:50:03,UNVR,RG,4270,3,D,KK,RX,F
10:49:28,UNVR,RG,4270,1,D,XC,RX,F
10:49:16,UNVR,RG,4270,3,D,CC,RX,F
10:49:04,UNVR,RG,4270,1,D,NI,RX,F
10:48:57,UNVR,RG,4270,100,D,CC,RX,F
10:48:37,UNVR,RG,4260,5,D,PD,LG,D
10:48:30,UNVR,RG,4270,5,D,KK,RX,F
10:48:01,UNVR,RG,4260,1,D,PD,PD,D
10:47:45,UNVR,RG,4270,15,D,LG,RX,F
10:47:37,UNVR,RG,4270,1,D,XC,RX,F
10:47:23,UNVR,RG,4270,2,D,XC,RX,F
10:47:22,UNVR,RG,4270,3,D,KK,RX,F
10:47:12,UNVR,RG,4260,33,D,PD,YP,D
10:47:12,UNVR,RG,4260,4,D,YP,YP,D
10:47:12,UNVR,RG,4260,1,D,YP,YP,D
10:47:12,UNVR,RG,4260,5,D,IU,YP,D
10:47:12,UNVR,RG,4260,1,D,PD,YP,D
10:47:12,UNVR,RG,4260,10,D,CP,YP,D
10:47:12,UNVR,RG,4260,3,D,YP,YP,D
10:47:12,UNVR,RG,4260,234,D,XA,YP,D
10:47:12,UNVR,RG,4260,25,D,LG,YP,D
10:47:12,UNVR,RG,4260,2,D,PD,YP,D
10:47:12,UNVR,RG,4260,82,D,BQ,YP,D
10:47:04,UNVR,RG,4260,15,D,BQ,DR,D
10:47:01,UNVR,RG,4260,71,D,BQ,KI,D
10:47:01,UNVR,RG,4270,1,D,CC,RX,F
10:46:44,UNVR,RG,4260,4,D,BQ,PD,D
10:46:44,UNVR,RG,4270,250,D,YP,RX,F
10:46:40,UNVR,RG,4270,165,D,BB,RX,F
10:46:40,UNVR,RG,4270,94,D,BB,CS,F
10:46:40,UNVR,RG,4270,191,D,BB,CS,F
10:46:27,UNVR,RG,4270,596,F,AK,CS,F
10:46:27,UNVR,RG,4270,404,F,AK,RX,F
10:46:27,UNVR,RG,4270,33,F,ZP,RX,F
10:46:26,UNVR,RG,4270,346,D,BB,RX,F
10:46:26,UNVR,RG,4270,254,D,BB,RX,F
10:46:26,UNVR,RG,4270,98,F,AK,RX,F
10:46:26,UNVR,RG,4270,5,F,AK,CC,D
10:46:26,UNVR,RG,4270,5,F,AK,CC,D
10:46:26,UNVR,RG,4270,3,F,AK,NI,D
10:46:26,UNVR,RG,4270,1,F,AK,AK,F
10:46:26,UNVR,RG,4270,25,F,AK,PD,D
10:46:26,UNVR,RG,4270,4,F,AK,ZP,F
10:46:26,UNVR,RG,4270,243,F,AK,XC,D
10:46:26,UNVR,RG,4270,1,F,AK,NI,D
10:46:26,UNVR,RG,4270,165,F,AK,DX,F
10:46:26,UNVR,RG,4270,50,F,AK,YP,D
10:46:26,UNVR,RG,4270,5,F,AK,AK,F
10:46:26,UNVR,RG,4270,10,F,AK,GR,D
10:46:26,UNVR,RG,4270,50,F,AK,CC,D
10:46:26,UNVR,RG,4270,231,F,AK,BK,F
10:46:26,UNVR,RG,4270,104,F,AK,DX,F
10:46:25,UNVR,RG,4270,1000,F,AK,DX,F
10:46:24,UNVR,RG,4270,298,F,AK,DX,F
10:46:24,UNVR,RG,4270,15,F,AK,PD,D
10:46:24,UNVR,RG,4270,247,F,AK,BK,F
10:46:24,UNVR,RG,4270,25,F,AK,SQ,D
10:46:24,UNVR,RG,4270,10,F,AK,ZP,F
10:46:24,UNVR,RG,4270,92,F,AK,RX,F
10:46:24,UNVR,RG,4270,63,F,AK,CC,D
10:46:24,UNVR,RG,4270,250,F,AK,YU,F
10:46:23,UNVR,RG,4270,2,D,PD,YU,F
10:45:58,UNVR,RG,4260,18,D,BQ,BK,F
10:45:37,UNVR,RG,4260,10,D,BQ,PD,D
10:45:17,UNVR,RG,4260,1,D,BQ,CC,D
10:45:16,UNVR,RG,4260,25,D,BQ,BK,F
10:44:59,UNVR,RG,4260,13,D,BQ,BK,F
10:44:54,UNVR,RG,4270,1,D,XL,YU,F
10:44:38,UNVR,RG,4260,1,D,BQ,XC,D
10:44:36,UNVR,RG,4260,2,D,BQ,YP,D
10:44:27,UNVR,RG,4260,24,D,BQ,BK,F
10:44:26,UNVR,RG,4260,1,D,BQ,AK,F
10:44:25,UNVR,RG,4260,7,D,BQ,CC,D
10:44:23,UNVR,RG,4270,1,D,YP,YU,F
10:44:20,UNVR,RG,4260,3,D,BQ,CC,D
10:43:50,UNVR,RG,4270,350,F,AK,YU,F
10:43:50,UNVR,RG,4270,350,F,AK,YU,F
10:43:50,UNVR,RG,4270,350,F,AK,YU,F
10:43:50,UNVR,RG,4270,13,F,AK,YU,F
10:43:49,UNVR,RG,4270,3,F,AK,YU,F
10:43:49,UNVR,RG,4270,3,F,AK,YU,F
10:43:49,UNVR,RG,4270,2,F,AK,YU,F
10:43:49,UNVR,RG,4270,8,D,XC,YU,F
10:43:49,UNVR,RG,4270,200,D,YP,YU,F
10:43:49,UNVR,RG,4270,1,F,CS,YU,F
10:43:49,UNVR,RG,4270,10,D,CC,YU,F
10:43:49,UNVR,RG,4270,1,D,PD,YU,F
10:43:49,UNVR,RG,4270,10,D,LG,YU,F
10:43:49,UNVR,RG,4270,1,D,CC,YU,F
10:43:49,UNVR,RG,4270,100,D,YP,YU,F
10:43:49,UNVR,RG,4270,21,D,BK,YU,F
10:43:49,UNVR,RG,4270,1,F,CS,YU,F
10:43:49,UNVR,RG,4270,100,D,DR,YU,F
10:43:49,UNVR,RG,4270,480,D,PP,YU,F
10:43:49,UNVR,RG,4270,1,F,CS,YU,F
10:43:49,UNVR,RG,4270,5,D,YP,YU,F
10:43:49,UNVR,RG,4270,1,D,CC,YU,F
10:43:49,UNVR,RG,4270,5,D,PD,YU,F
10:43:49,UNVR,RG,4270,10,D,GR,YU,F
10:43:49,UNVR,RG,4270,2,D,SQ,YU,F
10:43:49,UNVR,RG,4270,1,D,XC,YU,F
10:43:49,UNVR,RG,4270,20,D,NI,YU,F
10:43:49,UNVR,RG,4270,3,D,SQ,YU,F
10:43:49,UNVR,RG,4270,3,D,CC,YU,F
10:43:49,UNVR,RG,4270,1,D,CC,YU,F
10:43:49,UNVR,RG,4270,1,D,XC,YU,F
10:43:49,UNVR,RG,4270,18,D,BK,YU,F
10:43:49,UNVR,RG,4270,35,F,ZP,YU,F
10:43:49,UNVR,RG,4270,5,D,XC,YU,F
10:43:49,UNVR,RG,4270,3,D,DR,YU,F
10:43:49,UNVR,RG,4270,1,F,CS,YU,F
10:43:49,UNVR,RG,4270,30,D,TF,YU,F
10:43:49,UNVR,RG,4270,16,D,BK,YU,F
10:43:49,UNVR,RG,4270,6,F,AK,YU,F
10:43:49,UNVR,RG,4270,2,F,AK,YU,F
10:43:49,UNVR,RG,4270,5,F,AK,YU,F
10:43:49,UNVR,RG,4270,15,F,CC,YU,F
10:43:49,UNVR,RG,4270,2,F,AK,YU,F
10:43:49,UNVR,RG,4270,2,F,AK,YU,F
10:43:49,UNVR,RG,4270,2,F,AK,YU,F
10:43:49,UNVR,RG,4270,380,F,AK,YU,F
10:43:49,UNVR,RG,4270,100,F,ZP,YU,F
10:43:49,UNVR,RG,4270,1,F,CS,YU,F
10:43:49,UNVR,RG,4270,124,D,BK,YU,F
10:43:49,UNVR,RG,4270,1942,D,AI,YU,F
10:43:49,UNVR,RG,4270,22,D,AI,BK,F
10:43:48,UNVR,RG,4280,1,D,XL,DH,D
10:43:44,UNVR,RG,4270,1,D,AI,YP,D
10:43:39,UNVR,RG,4280,3,D,NI,DH,D
10:43:36,UNVR,RG,4270,11,D,AI,BK,F
10:43:19,UNVR,RG,4280,10,D,BK,DH,D
10:43:18,UNVR,RG,4270,50,D,AI,PD,D
10:43:16,UNVR,RG,4280,2,F,AK,DH,D
10:43:15,UNVR,RG,4270,10,D,AI,YP,D
10:43:06,UNVR,RG,4270,19,D,AI,BK,F
10:42:53,UNVR,RG,4270,15,D,AI,YP,D
10:42:36,UNVR,RG,4270,1,D,AI,CC,D
10:42:36,UNVR,RG,4270,1,D,AI,NI,D
10:42:36,UNVR,RG,4280,3,D,XC,DH,D
10:42:32,UNVR,RG,4270,20,D,AI,BK,F
10:42:23,UNVR,RG,4280,10,D,BK,DH,D
10:42:19,UNVR,RG,4270,12,D,AI,BK,F
10:41:56,UNVR,RG,4270,13,D,AI,BK,F
10:41:42,UNVR,RG,4280,4,D,YP,DH,D
10:41:38,UNVR,RG,4270,11,D,AI,BK,F
10:41:35,UNVR,RG,4270,4,D,AI,DR,D
10:41:27,UNVR,RG,4280,10,D,BK,DH,D
10:41:27,UNVR,RG,4270,5,D,AI,XC,D
10:41:21,UNVR,RG,4280,3,F,AK,DH,D
10:41:20,UNVR,RG,4270,14,D,AI,BK,F
10:40:59,UNVR,RG,4270,10,D,AI,KK,D
10:40:55,UNVR,RG,4270,15,D,AI,BK,F
10:40:53,UNVR,RG,4280,1,D,ZP,DH,D
10:40:51,UNVR,RG,4270,2,D,AI,XC,D
10:40:33,UNVR,RG,4270,11,D,AI,BK,F
10:40:31,UNVR,RG,4280,4,D,LG,DH,D
10:40:31,UNVR,RG,4280,10,D,BK,DH,D
10:40:22,UNVR,RG,4280,1,D,NI,DH,D
10:40:20,UNVR,RG,4270,13,D,AI,BK,F
10:39:54,UNVR,RG,4270,15,D,AI,BK,F
10:39:46,UNVR,RG,4280,17,D,YP,DH,D
10:39:41,UNVR,RG,4270,10,D,AI,BK,F
10:39:41,UNVR,RG,4270,5,D,AI,CC,D
10:39:41,UNVR,RG,4270,1,D,AI,NI,D
10:39:29,UNVR,RG,4280,11,D,BK,DH,D
10:39:25,UNVR,RG,4270,12,D,AI,BK,F
10:39:14,UNVR,RG,4270,14,D,AI,YP,D
10:39:12,UNVR,RG,4270,1,D,AI,XC,D
10:39:06,UNVR,RG,4270,12,D,AI,BK,F
10:38:57,UNVR,RG,4270,19,D,AI,DR,D
10:38:54,UNVR,RG,4270,10,D,AI,BK,F
10:38:53,UNVR,RG,4280,2,F,AK,DH,D
10:38:48,UNVR,RG,4280,480,D,PP,DH,D
10:38:39,UNVR,RG,4280,9,D,BK,DH,D
10:38:36,UNVR,RG,4270,1,D,AI,NI,D
10:38:34,UNVR,RG,4270,15,D,AI,BK,F
10:38:22,UNVR,RG,4270,11,D,AI,BK,F
10:38:18,UNVR,RG,4270,1,D,AI,XL,D
10:38:12,UNVR,RG,4270,12,D,AI,BK,F
10:38:11,UNVR,RG,4270,1,D,AI,YP,D
10:38:10,UNVR,RG,4280,1,D,KK,DH,D
10:37:55,UNVR,RG,4280,9,D,BK,DH,D
10:37:54,UNVR,RG,4270,12,D,AI,BK,F
10:37:54,UNVR,RG,4270,1,D,AI,XL,D
10:37:53,UNVR,RG,4270,1,D,AI,PD,D
10:37:43,UNVR,RG,4270,10,D,AI,BK,F
10:37:31,UNVR,RG,4270,10,D,AI,BK,F
10:37:27,UNVR,RG,4270,25,D,AI,BQ,D
10:37:26,UNVR,RG,4270,1,D,AI,PD,D
10:37:19,UNVR,RG,4270,11,D,AI,BK,F
10:37:12,UNVR,RG,4270,5,D,AI,XC,D
10:37:05,UNVR,RG,4270,15,D,AI,BK,F
10:36:51,UNVR,RG,4270,12,D,AI,BK,F
10:36:47,UNVR,RG,4280,12,D,BK,DH,D
10:36:46,UNVR,RG,4270,3,D,AI,AT,D
10:36:32,UNVR,RG,4270,16,D,AI,BK,F
10:36:29,UNVR,RG,4270,12,D,AI,PD,D
10:36:17,UNVR,RG,4270,13,D,AI,BK,F
10:36:12,UNVR,RG,4270,1,D,AI,XC,D
10:36:08,UNVR,RG,4270,12,D,AI,BK,F
10:36:03,UNVR,RG,4280,3,F,AK,DH,D
10:36:02,UNVR,RG,4280,5,D,ZP,DH,D
10:35:48,UNVR,RG,4270,14,D,AI,BK,F
10:35:44,UNVR,RG,4270,1,D,AI,XC,D
10:35:40,UNVR,RG,4270,15,D,AI,YP,D
10:35:36,UNVR,RG,4270,10,D,AI,BK,F
10:35:27,UNVR,RG,4270,50,D,AI,KK,D
10:35:24,UNVR,RG,4270,11,D,AI,BK,F
10:35:19,UNVR,RG,4270,6,D,AI,XC,D
10:35:10,UNVR,RG,4270,12,D,AI,BK,F
10:34:38,UNVR,RG,4270,3,D,AI,XC,D
10:34:36,UNVR,RG,4270,1,D,AI,NI,D
10:34:34,UNVR,RG,4270,15,D,AI,YP,D
10:34:23,UNVR,RG,4270,11,D,AI,CC,D
10:33:39,UNVR,RG,4270,1,D,AI,CC,D
10:33:37,UNVR,RG,4270,1,D,AI,NI,D
10:33:37,UNVR,RG,4270,5,D,AI,ZP,F
10:33:37,UNVR,RG,4270,6,D,AI,CC,D
10:33:37,UNVR,RG,4270,4,D,AI,SQ,D
10:33:37,UNVR,RG,4270,6,D,AI,YP,D
10:33:37,UNVR,RG,4270,5,D,AI,XC,D
10:33:37,UNVR,RG,4270,1,D,AI,PD,D
10:33:37,UNVR,RG,4270,2,D,AI,LS,D
10:33:37,UNVR,RG,4270,7,D,AI,YP,D
10:33:37,UNVR,RG,4270,2,D,AI,XC,D
10:33:37,UNVR,RG,4270,5,D,AI,NI,D
10:33:37,UNVR,RG,4270,3,D,AI,CC,D
10:33:37,UNVR,RG,4270,1,D,AI,YP,D
10:33:37,UNVR,RG,4270,5,D,AI,CC,D
10:33:37,UNVR,RG,4270,1,D,AI,OD,D
10:33:37,UNVR,RG,4270,1,D,AI,YP,D
10:33:37,UNVR,RG,4270,2,D,AI,OD,D
10:33:37,UNVR,RG,4270,82,D,AI,BK,F
10:33:37,UNVR,RG,4270,1,D,AI,PD,D
10:33:37,UNVR,RG,4270,60,D,AI,DR,D
10:33:37,UNVR,RG,4270,70,D,AI,PD,D
10:33:37,UNVR,RG,4270,78,D,AI,RX,F
10:33:33,UNVR,RG,4260,1,D,BQ,CC,D
10:33:33,UNVR,RG,4260,10,D,BQ,BK,F
10:33:30,UNVR,RG,4260,13,D,BQ,YP,D
10:33:21,UNVR,RG,4260,11,D,BQ,BK,F
10:33:14,UNVR,RG,4270,4,D,KK,RX,F
10:33:09,UNVR,RG,4270,30,D,YP,RX,F
10:33:03,UNVR,RG,4260,14,D,BQ,BK,F
10:31:57,UNVR,RG,4270,4,D,GR,RX,F
10:31:52,UNVR,RG,4270,5,D,PD,RX,F
10:31:36,UNVR,RG,4270,79,D,NI,RX,F
10:31:09,UNVR,RG,4270,42,F,AK,RX,F
10:31:09,UNVR,RG,4270,25,F,AK,KK,D
10:31:09,UNVR,RG,4270,1,F,AK,PD,D
10:31:09,UNVR,RG,4270,3,F,AK,SQ,D
10:31:09,UNVR,RG,4270,1,F,AK,PD,D
10:31:09,UNVR,RG,4270,3,F,AK,PD,D
10:31:09,UNVR,RG,4270,5,F,AK,NI,D
10:31:09,UNVR,RG,4270,5,F,AK,XC,D
10:31:09,UNVR,RG,4270,60,F,AK,CC,D
10:31:09,UNVR,RG,4270,1,F,AK,YP,D
10:31:09,UNVR,RG,4270,8,F,AK,PD,D
10:31:09,UNVR,RG,4270,67,F,AK,YJ,D
10:31:09,UNVR,RG,4270,3,F,AK,DH,D
10:31:09,UNVR,RG,4270,2,F,AK,EP,D
10:31:09,UNVR,RG,4270,1,F,AK,XC,D
10:31:09,UNVR,RG,4270,1,F,AK,KK,D
10:31:09,UNVR,RG,4270,1,F,AK,YP,D
10:31:09,UNVR,RG,4270,25,F,AK,GR,D
10:31:09,UNVR,RG,4270,5,F,AK,XC,D
10:31:09,UNVR,RG,4270,2,F,AK,DR,D
10:31:09,UNVR,RG,4270,7,F,AK,YP,D
10:31:09,UNVR,RG,4270,5,F,AK,DR,D
10:31:09,UNVR,RG,4270,3,F,AK,ZP,F
10:31:09,UNVR,RG,4270,3,F,AK,PD,D
10:31:09,UNVR,RG,4270,5,F,AK,YP,D
10:31:09,UNVR,RG,4270,2,F,AK,PD,D
10:31:09,UNVR,RG,4270,1,F,AK,XC,D
10:31:09,UNVR,RG,4270,10,F,AK,PD,D
10:31:09,UNVR,RG,4270,1,F,AK,DH,D
10:31:09,UNVR,RG,4270,1,F,AK,XC,D
10:31:09,UNVR,RG,4270,15,F,AK,SQ,D
10:31:09,UNVR,RG,4270,100,F,AK,PD,D
10:31:09,UNVR,RG,4270,1,F,AK,CC,D
10:31:09,UNVR,RG,4270,1,F,AK,PD,D
10:31:09,UNVR,RG,4270,1,F,AK,YP,D
10:31:09,UNVR,RG,4270,3,F,AK,PD,D
10:31:09,UNVR,RG,4270,21,F,AK,YP,D
10:31:09,UNVR,RG,4270,9,F,AK,DR,D
10:31:09,UNVR,RG,4270,5,F,AK,PD,D
10:31:09,UNVR,RG,4270,5,F,AK,PD,D
10:31:09,UNVR,RG,4270,5,F,AK,ZP,F
10:31:09,UNVR,RG,4270,10,F,AK,CC,D
10:31:09,UNVR,RG,4270,2,F,AK,PD,D
10:31:09,UNVR,RG,4270,5,F,AK,PD,D
10:31:09,UNVR,RG,4270,15,F,AK,YP,D
10:31:09,UNVR,RG,4270,3,F,AK,CC,D
10:31:09,UNVR,RG,4270,1,D,KK,CC,D
10:31:09,UNVR,RG,4270,2,D,KK,XC,D
10:31:06,UNVR,RG,4270,1,D,NI,XC,D
10:30:50,UNVR,RG,4270,13,F,AK,XC,D
10:30:37,UNVR,RG,4270,70,D,CC,XC,D
10:30:34,UNVR,RG,4260,4,D,BQ,CC,D
10:30:23,UNVR,RG,4260,5,D,BQ,CC,D
10:30:18,UNVR,RG,4270,9,F,ZP,XC,D
10:30:18,UNVR,RG,4270,10,F,ZP,YP,D
10:30:18,UNVR,RG,4270,1,F,ZP,NI,D
10:30:18,UNVR,RG,4270,34,F,ZP,KK,D
10:30:18,UNVR,RG,4270,3,F,ZP,YP,D
10:30:18,UNVR,RG,4270,1,F,ZP,NI,D
10:30:18,UNVR,RG,4270,20,F,ZP,NI,D
10:30:18,UNVR,RG,4270,34,F,ZP,XC,D
10:30:18,UNVR,RG,4270,3,F,ZP,PD,D
10:30:17,UNVR,RG,4270,5,F,AK,CC,D
10:30:17,UNVR,RG,4270,1,F,AK,EP,D
10:30:17,UNVR,RG,4270,295,F,AK,RX,F
10:30:17,UNVR,RG,4270,199,F,AK,CS,F
10:30:17,UNVR,RG,4270,3,D,XC,CS,F
10:30:14,UNVR,RG,4270,20,D,CC,CS,F
10:29:59,UNVR,RG,4270,7,F,AK,CS,F
10:29:58,UNVR,RG,4260,3,D,BQ,XL,D
10:29:55,UNVR,RG,4260,3,D,BQ,YP,D
10:29:46,UNVR,RG,4270,300,D,GR,CS,F
10:29:37,UNVR,RG,4270,12,D,CC,CS,F
10:29:37,UNVR,RG,4270,10,D,CC,SQ,D
10:29:37,UNVR,RG,4270,1,D,CC,PD,D
10:29:37,UNVR,RG,4270,27,D,CC,RS,D
10:29:05,UNVR,RG,4260,2,D,BQ,PD,D
10:29:03,UNVR,RG,4260,1,D,BQ,PD,D
10:28:58,UNVR,RG,4260,20,D,BQ,CC,D
10:28:39,UNVR,RG,4260,1,D,BQ,PD,D
10:28:30,UNVR,RG,4260,1,D,BQ,XC,D
10:28:24,UNVR,RG,4270,2,D,NI,RS,D
10:28:07,UNVR,RG,4260,4,D,BQ,NI,D
10:27:55,UNVR,RG,4270,4,D,BK,RS,D
10:27:55,UNVR,RG,4270,1,D,BK,PD,D
10:27:55,UNVR,RG,4270,8,D,BK,DH,D
10:27:43,UNVR,RG,4270,1,D,YP,DH,D
10:27:43,UNVR,RG,4270,2,D,YP,XC,D
10:27:40,UNVR,RG,4260,2,D,BQ,YP,D
10:27:21,UNVR,RG,4260,1,D,BQ,XC,D
10:27:18,UNVR,RG,4260,1,D,BQ,XC,D
10:26:55,UNVR,RG,4260,10,D,BQ,GR,D
10:26:53,UNVR,RG,4260,23,D,BQ,YB,D
10:26:52,UNVR,RG,4270,1,D,BK,XC,D
10:26:52,UNVR,RG,4270,4,D,BK,XC,D
10:26:52,UNVR,RG,4270,6,D,BK,CC,D
10:26:03,UNVR,RG,4270,5,D,YP,CC,D
10:25:59,UNVR,RG,4260,1,D,BQ,PD,D
10:25:51,UNVR,RG,4270,11,D,BK,CC,D
10:25:33,UNVR,RG,4270,3,D,XC,CC,D
10:25:16,UNVR,RG,4270,10,D,YP,CC,D
10:25:13,UNVR,RG,4270,20,D,KK,CC,D
10:25:02,UNVR,RG,4260,2,D,BQ,PD,D
10:24:49,UNVR,RG,4270,8,D,BK,CC,D
10:24:49,UNVR,RG,4270,3,D,BK,XC,D
10:24:38,UNVR,RG,4270,2,D,PD,PD,D
10:24:38,UNVR,RG,4270,2,F,AK,PD,D
10:24:38,UNVR,RG,4270,2,F,AK,ZP,F
10:24:38,UNVR,RG,4270,2,F,AK,SH,D
10:24:05,UNVR,RG,4270,1,D,NI,SH,D
10:23:57,UNVR,RG,4270,9,D,BK,SH,D
10:23:49,UNVR,RG,4270,2,D,NI,SH,D
10:23:36,UNVR,RG,4260,5,D,BQ,CC,D
10:23:30,UNVR,RG,4260,5,D,BQ,PD,D
10:23:23,UNVR,RG,4260,1,D,BQ,XC,D
10:23:23,UNVR,RG,4260,20,D,BQ,CC,D
10:23:21,UNVR,RG,4260,1,D,BQ,XC,D
10:23:11,UNVR,RG,4260,1,D,BQ,NI,D
10:23:08,UNVR,RG,4270,2,D,CC,SH,D
10:23:01,UNVR,RG,4260,6,D,BQ,CC,D
10:22:56,UNVR,RG,4270,11,D,BK,SH,D
10:22:53,UNVR,RG,4260,1,D,BQ,BQ,D
10:22:40,UNVR,RG,4260,1,D,BQ,XC,D
10:22:24,UNVR,RG,4260,1,D,BQ,BQ,D
10:22:12,UNVR,RG,4270,1,D,EP,SH,D
10:21:52,UNVR,RG,4270,1,D,YP,SH,D
10:21:44,UNVR,RG,4270,2,D,NI,SH,D
10:21:28,UNVR,RG,4260,25,D,BQ,PD,D
10:21:09,UNVR,RG,4260,5,D,BQ,PD,D
10:21:02,UNVR,RG,4260,30,D,BQ,CC,D
10:21:02,UNVR,RG,4270,5,D,KK,SH,D
10:20:51,UNVR,RG,4260,1,D,BQ,NI,D
10:20:38,UNVR,RG,4260,9,D,BQ,XC,D
10:20:30,UNVR,RG,4260,5,D,BQ,PD,D
10:20:01,UNVR,RG,4260,50,D,BQ,CP,D
10:19:58,UNVR,RG,4260,4,D,BQ,XC,D
10:19:43,UNVR,RG,4260,1,D,BQ,PD,D
10:19:24,UNVR,RG,4260,1,D,BQ,PD,D
10:19:01,UNVR,RG,4260,2,D,BQ,CC,D
10:18:49,UNVR,RG,4260,10,D,BQ,OD,D
10:18:38,UNVR,RG,4270,10,D,EP,SH,D
10:18:29,UNVR,RG,4270,5,D,XL,SH,D
10:18:27,UNVR,RG,4270,1,D,PD,SH,D
10:18:11,UNVR,RG,4270,50,D,LG,SH,D
10:17:56,UNVR,RG,4270,2,D,XC,SH,D
10:17:19,UNVR,RG,4270,5,D,CC,SH,D
10:17:13,UNVR,RG,4270,40,D,YB,SH,D
10:17:05,UNVR,RG,4270,51,D,CC,SH,D
10:17:05,UNVR,RG,4270,67,D,CC,NI,D
10:17:02,UNVR,RG,4270,10,D,CC,NI,D
10:16:59,UNVR,RG,4260,1,D,BQ,XC,D
10:16:56,UNVR,RG,4270,15,D,SQ,NI,D
10:16:38,UNVR,RG,4270,10,D,XC,NI,D
10:16:37,UNVR,RG,4260,10,D,BQ,AT,D
10:16:21,UNVR,RG,4270,10,D,GR,NI,D
10:16:21,UNVR,RG,4270,1,D,GR,XC,D
10:16:21,UNVR,RG,4270,3,D,GR,CC,D
10:16:21,UNVR,RG,4270,2,D,GR,YP,D
10:16:21,UNVR,RG,4270,1,D,GR,YP,D
10:16:21,UNVR,RG,4270,7,D,GR,RX,F
10:16:20,UNVR,RG,4270,50,D,NI,RX,F
10:16:10,UNVR,RG,4270,442,F,AK,RX,F
10:16:10,UNVR,RG,4270,58,F,AK,XA,D
10:15:59,UNVR,RG,4270,20,D,XC,XA,D
10:15:43,UNVR,RG,4270,5,D,KK,XA,D
10:15:24,UNVR,RG,4270,3,D,BQ,XA,D
10:15:24,UNVR,RG,4270,5,D,XC,XA,D
10:15:18,UNVR,RG,4270,134,D,YP,XA,D
10:15:16,UNVR,RG,4270,2,D,EP,XA,D
10:15:10,UNVR,RG,4270,1,D,XC,XA,D
10:14:35,UNVR,RG,4270,1,D,XC,XA,D
10:14:30,UNVR,RG,4270,5,D,PD,XA,D
10:14:28,UNVR,RG,4260,20,D,BQ,DR,D
10:14:27,UNVR,RG,4260,2,D,BQ,NI,D
10:14:19,UNVR,RG,4270,3,D,NI,XA,D
10:14:05,UNVR,RG,4270,2,D,PD,XA,D
10:14:02,UNVR,RG,4270,3,F,AK,XA,D
10:14:02,UNVR,RG,4270,2,F,AK,XA,D
10:14:02,UNVR,RG,4270,1,D,PD,XA,D
10:14:02,UNVR,RG,4270,2,F,AK,XA,D
10:14:02,UNVR,RG,4270,1,D,BK,XA,D
10:14:02,UNVR,RG,4270,1,F,CS,XA,D
10:14:02,UNVR,RG,4270,19,F,ZP,XA,D
10:14:02,UNVR,RG,4270,32,D,BK,XA,D
10:13:56,UNVR,RG,4280,16,F,BK,DH,D
10:13:56,UNVR,RG,4270,88,F,AK,XA,D
10:13:56,UNVR,RG,4270,12,F,ZP,XA,D
10:13:53,UNVR,RG,4280,40,F,BK,DH,D
10:13:51,UNVR,RG,4270,26,F,ZP,XA,D
10:13:51,UNVR,RG,4270,1,F,CS,XA,D
10:13:51,UNVR,RG,4270,73,D,YJ,XA,D
10:13:50,UNVR,RG,4280,153,F,BK,DH,D
10:13:48,UNVR,RG,4270,100,D,YJ,XA,D
10:13:48,UNVR,RG,4270,30,D,YJ,FS,D
10:13:48,UNVR,RG,4270,6,D,YJ,AT,D
10:13:48,UNVR,RG,4270,40,D,YJ,YP,D
10:13:48,UNVR,RG,4270,2,D,YJ,PD,D
10:13:48,UNVR,RG,4270,1,D,YJ,YP,D
10:13:48,UNVR,RG,4270,1,D,YJ,XC,D
10:13:48,UNVR,RG,4270,50,D,YJ,CC,D
10:13:48,UNVR,RG,4270,3,D,YJ,CC,D
10:13:48,UNVR,RG,4270,1,D,YJ,CC,D
10:13:48,UNVR,RG,4270,25,D,YJ,CC,D
10:13:48,UNVR,RG,4270,5,D,YJ,CC,D
10:13:48,UNVR,RG,4270,1,D,YJ,GR,D
10:13:48,UNVR,RG,4270,20,D,YJ,CC,D
10:13:48,UNVR,RG,4270,4,D,YJ,ZP,F
10:13:48,UNVR,RG,4270,1,D,YJ,XC,D
10:13:48,UNVR,RG,4270,11,D,YJ,KK,D
10:13:48,UNVR,RG,4270,2,D,YJ,PD,D
10:13:48,UNVR,RG,4270,50,D,YJ,YP,D
10:13:48,UNVR,RG,4270,23,D,YJ,YP,D
10:13:48,UNVR,RG,4270,1,D,YJ,DH,D
10:13:48,UNVR,RG,4270,11,D,YJ,CC,D
10:13:48,UNVR,RG,4270,2,D,YJ,XC,D
10:13:48,UNVR,RG,4270,38,D,YJ,XC,D
10:13:48,UNVR,RG,4270,30,D,YJ,KK,D
10:13:48,UNVR,RG,4270,7,D,YJ,YP,D
10:13:48,UNVR,RG,4270,40,D,YJ,PD,D
10:13:48,UNVR,RG,4270,5,D,YJ,YJ,D
10:13:48,UNVR,RG,4270,6,D,YJ,PD,D
10:13:48,UNVR,RG,4270,1,D,YJ,XC,D
10:13:48,UNVR,RG,4270,250,D,YJ,YP,D
10:13:48,UNVR,RG,4270,1,D,YJ,ZP,F
10:13:48,UNVR,RG,4270,159,D,YJ,RX,F
10:13:45,UNVR,RG,4270,41,F,BK,RX,F
10:13:41,UNVR,RG,4270,480,D,PP,RX,F
10:13:08,UNVR,RG,4260,2,D,BQ,XC,D
10:12:55,UNVR,RG,4260,2,D,BQ,PD,D
10:12:53,UNVR,RG,4260,10,D,BQ,CP,D
10:12:47,UNVR,RG,4270,10,D,PD,RX,F
10:12:46,UNVR,RG,4260,1,D,BQ,XC,D
10:12:11,UNVR,RG,4260,4,D,BQ,NI,D
10:12:00,UNVR,RG,4260,100,D,BQ,YP,D
10:11:58,UNVR,RG,4270,11,D,AZ,RX,F
10:11:50,UNVR,RG,4260,30,D,BQ,CD,D
10:11:38,UNVR,RG,4260,2,D,BQ,YP,D
10:11:23,UNVR,RG,4260,2,D,BQ,PD,D
10:11:06,UNVR,RG,4260,1,D,BQ,YP,D
10:11:05,UNVR,RG,4260,1,D,BQ,XC,D
10:10:58,UNVR,RG,4260,6,D,BQ,DR,D
10:10:46,UNVR,RG,4270,200,D,EP,RX,F
10:10:46,UNVR,RG,4260,4,D,BQ,YP,D
10:10:38,UNVR,RG,4260,9,D,BQ,DR,D
10:10:31,UNVR,RG,4260,2,D,BQ,XC,D
10:10:25,UNVR,RG,4260,15,D,BQ,DR,D
10:10:12,UNVR,RG,4260,15,D,BQ,PD,D
10:10:12,UNVR,RG,4270,1,D,PD,RX,F
10:10:12,UNVR,RG,4260,1,D,BQ,XC,D
10:10:09,UNVR,RG,4260,1,D,BQ,XC,D
10:10:05,UNVR,RG,4260,10,D,BQ,OD,D
10:09:54,UNVR,RG,4260,5,D,BQ,XL,D
10:09:49,UNVR,RG,4260,1,D,BQ,PD,D
10:09:45,UNVR,RG,4260,973,D,BQ,YU,D
10:09:45,UNVR,RG,4260,13,D,BK,YU,D
10:09:45,UNVR,RG,4260,10,D,YP,YU,D
10:09:45,UNVR,RG,4260,20,D,YP,YU,D
10:09:45,UNVR,RG,4260,1,D,PD,YU,D
10:09:45,UNVR,RG,4260,1,D,CC,YU,D
10:09:45,UNVR,RG,4260,2,D,DR,YU,D
10:09:45,UNVR,RG,4260,1,D,XC,YU,D
10:09:45,UNVR,RG,4260,5,D,EP,YU,D
10:09:45,UNVR,RG,4260,5,D,CC,YU,D
10:09:45,UNVR,RG,4260,1,D,CC,YU,D
10:09:45,UNVR,RG,4260,14,D,BK,YU,D
10:09:45,UNVR,RG,4260,254,D,ZP,YU,D
10:09:40,UNVR,RG,4270,12,F,ZP,RX,F
10:09:29,UNVR,RG,4270,3,D,XC,RX,F
10:08:44,UNVR,RG,4260,81,D,ZP,NI,D
10:08:39,UNVR,RG,4270,1,D,NI,NI,D
10:08:37,UNVR,RG,4260,21,D,ZP,XC,D
10:08:29,UNVR,RG,4270,17,F,ZP,NI,D
10:08:29,UNVR,RG,4270,1,F,ZP,XC,D
10:08:29,UNVR,RG,4270,2,F,ZP,NI,D
10:08:29,UNVR,RG,4270,1,F,ZP,CS,F
10:08:25,UNVR,RG,4270,2,D,XC,CS,F
10:08:24,UNVR,RG,4260,3,D,ZP,XC,D
10:08:08,UNVR,RG,4260,55,D,ZP,CC,D
10:07:54,UNVR,RG,4270,1,D,XC,CS,F
10:07:46,UNVR,RG,4260,86,D,ZP,PD,D
10:07:46,UNVR,RG,4260,13,D,BK,PD,D
10:07:46,UNVR,RG,4260,48,F,AK,PD,D
10:07:32,UNVR,RG,4270,3,D,CC,CS,F
10:06:49,UNVR,RG,4270,36,D,YP,CS,F
10:06:35,UNVR,RG,4270,1,D,XC,CS,F
10:06:26,UNVR,RG,4270,22,F,ZP,CS,F
10:06:25,UNVR,RG,4270,361,D,PP,CS,F
10:06:25,UNVR,RG,4270,16,D,PP,YP,D
10:06:25,UNVR,RG,4270,5,D,PP,CC,D
10:06:25,UNVR,RG,4270,4,D,PP,CC,D
10:06:25,UNVR,RG,4270,61,D,PP,CC,D
10:06:25,UNVR,RG,4270,3,D,PP,XA,D
10:06:25,UNVR,RG,4270,30,D,PP,RX,F
10:06:13,UNVR,RG,4260,118,F,AK,PD,D
10:06:02,UNVR,RG,4270,1,D,XC,RX,F
10:05:47,UNVR,RG,4270,1,D,YP,RX,F
10:05:43,UNVR,RG,4270,83,F,AK,RX,F
10:05:43,UNVR,RG,4270,36,F,AK,XC,D
10:05:43,UNVR,RG,4270,111,F,AK,EP,D
10:05:42,UNVR,RG,4270,71,D,AT,EP,D
10:05:42,UNVR,RG,4270,1,D,XC,EP,D
10:05:42,UNVR,RG,4270,13,D,BK,EP,D
10:05:42,UNVR,RG,4270,34,D,DR,EP,D
10:05:42,UNVR,RG,4270,3,F,AK,EP,D
10:05:42,UNVR,RG,4270,2,D,DX,EP,D
10:05:42,UNVR,RG,4270,5,D,LG,EP,D
10:05:42,UNVR,RG,4270,10,D,LG,EP,D
10:05:42,UNVR,RG,4270,10,D,YP,EP,D
10:05:42,UNVR,RG,4270,2,D,XC,EP,D
10:05:42,UNVR,RG,4270,1,F,CS,EP,D
10:05:42,UNVR,RG,4270,1,D,XC,EP,D
10:05:42,UNVR,RG,4270,5,D,NI,EP,D
10:05:42,UNVR,RG,4270,12,D,BK,EP,D
10:05:42,UNVR,RG,4270,25,D,PD,EP,D
10:05:42,UNVR,RG,4270,100,D,CC,EP,D
10:05:42,UNVR,RG,4270,12,D,BK,EP,D
10:05:42,UNVR,RG,4270,6,F,AK,EP,D
10:05:42,UNVR,RG,4270,3,D,CC,EP,D
10:05:42,UNVR,RG,4270,3,F,AK,EP,D
10:05:42,UNVR,RG,4270,4,D,XC,EP,D
10:05:42,UNVR,RG,4270,2,D,XC,EP,D
10:05:42,UNVR,RG,4270,13,D,BK,EP,D
10:05:42,UNVR,RG,4270,2,D,NI,EP,D
10:05:42,UNVR,RG,4270,200,D,YP,EP,D
10:05:42,UNVR,RG,4270,20,D,PD,EP,D
10:05:42,UNVR,RG,4270,5,D,TP,EP,D
10:05:42,UNVR,RG,4270,10,D,NI,EP,D
10:05:42,UNVR,RG,4270,5,F,ZP,EP,D
10:05:42,UNVR,RG,4270,1,D,AG,EP,D
10:05:42,UNVR,RG,4270,16,D,BK,EP,D
10:05:42,UNVR,RG,4270,200,D,CC,EP,D
10:05:42,UNVR,RG,4270,3,D,DR,EP,D
10:05:42,UNVR,RG,4270,5,D,KK,EP,D
10:05:42,UNVR,RG,4270,3,D,PD,EP,D
10:05:42,UNVR,RG,4270,2,F,AK,EP,D
10:05:42,UNVR,RG,4270,3,D,YP,EP,D
10:05:42,UNVR,RG,4270,17,D,BK,EP,D
10:05:42,UNVR,RG,4270,59,F,AK,EP,D
10:05:42,UNVR,RG,4270,1,F,AK,ZP,F
10:05:41,UNVR,RG,4270,1,F,AK,XC,D
10:05:41,UNVR,RG,4270,55,F,AK,XL,D
10:05:39,UNVR,RG,4270,71,F,AK,KK,D
10:05:39,UNVR,RG,4270,27,F,ZP,KK,D
10:05:39,UNVR,RG,4270,1,D,TP,KK,D
10:05:31,UNVR,RG,4270,1,D,PD,XC,D
10:05:28,UNVR,RG,4270,1,F,BK,XC,D
10:05:28,UNVR,RG,4270,1,F,BK,CC,D
10:05:23,UNVR,RG,4270,1,F,BK,ZP,F
10:05:22,UNVR,RG,4270,2,F,BK,XA,D
10:05:05,UNVR,RG,4270,12,F,BK,XC,D
10:04:52,UNVR,RG,4270,27,F,BK,MG,D
10:04:52,UNVR,RG,4270,23,D,YP,MG,D
10:04:42,UNVR,RG,4270,3,D,YP,NI,D
10:04:32,UNVR,RG,4270,2,D,YP,XL,D
10:04:20,UNVR,RG,4270,5,D,YP,DH,D
10:04:09,UNVR,RG,4270,30,D,YP,CC,D
10:04:05,UNVR,RG,4280,1,D,DH,DH,D
10:04:02,UNVR,RG,4270,2,D,YP,YP,D
10:03:50,UNVR,RG,4270,5,D,YP,CC,D
10:03:49,UNVR,RG,4270,30,D,YP,HD,D
10:03:49,UNVR,RG,4270,50,D,HD,HD,D
10:03:49,UNVR,RG,4270,10,D,PD,HD,D
10:03:49,UNVR,RG,4270,10,D,KK,HD,D
10:03:44,UNVR,RG,4270,1,D,KK,XC,D
10:03:42,UNVR,RG,4270,5,D,KK,YJ,D
10:03:42,UNVR,RG,4270,5,D,SQ,YJ,D
10:03:42,UNVR,RG,4270,2,D,PD,YJ,D
10:03:42,UNVR,RG,4270,25,D,XL,YJ,D
10:03:42,UNVR,RG,4270,2,D,YP,YJ,D
10:03:42,UNVR,RG,4270,2,D,YP,YJ,D
10:03:42,UNVR,RG,4270,1,D,NI,YJ,D
10:03:42,UNVR,RG,4270,5,D,SQ,YJ,D
10:03:42,UNVR,RG,4270,25,D,XC,YJ,D
10:03:42,UNVR,RG,4270,1,D,XC,YJ,D
10:03:42,UNVR,RG,4270,10,D,YP,YJ,D
10:03:42,UNVR,RG,4270,100,D,PD,YJ,D
10:03:42,UNVR,RG,4270,50,D,YU,YJ,D
10:03:42,UNVR,RG,4270,17,D,SQ,YJ,D
10:03:33,UNVR,RG,4270,1,D,SQ,YU,D
10:03:26,UNVR,RG,4270,9,D,SQ,PD,D
10:03:18,UNVR,RG,4270,1,D,SQ,YP,D
10:03:16,UNVR,RG,4270,1,D,SQ,CC,D
10:03:07,UNVR,RG,4270,52,D,SQ,XC,D
10:02:54,UNVR,RG,4270,10,D,SQ,PD,D
10:02:52,UNVR,RG,4270,4,D,SQ,XC,D
10:02:37,UNVR,RG,4270,2,D,SQ,XC,D
10:02:26,UNVR,RG,4270,2,D,SQ,LS,D
10:02:16,UNVR,RG,4280,5,D,YP,DH,D
10:02:09,UNVR,RG,4270,1,D,SQ,PD,D
10:02:08,UNVR,RG,4280,4,F,AK,DH,D
10:02:05,UNVR,RG,4270,2,D,SQ,XC,D
10:02:02,UNVR,RG,4270,4,D,SQ,CC,D
10:01:53,UNVR,RG,4270,15,D,SQ,CC,D
10:01:53,UNVR,RG,4270,5,D,BK,CC,D
10:01:50,UNVR,RG,4270,7,D,BK,CC,D
10:01:47,UNVR,RG,4270,3,D,BK,PD,D
10:01:47,UNVR,RG,4270,6,D,YJ,PD,D
10:01:43,UNVR,RG,4270,12,D,YJ,XC,D
10:01:41,UNVR,RG,4270,2,D,YJ,CC,D
10:01:22,UNVR,RG,4270,6,D,YJ,NI,D
10:01:17,UNVR,RG,4270,3,D,YJ,YP,D
10:01:11,UNVR,RG,4270,2,D,YJ,CC,D
10:01:06,UNVR,RG,4270,25,D,YJ,BQ,D
10:00:54,UNVR,RG,4270,3,D,YJ,XC,D
10:00:51,UNVR,RG,4270,10,D,YJ,AT,D
10:00:49,UNVR,RG,4270,90,D,YJ,DH,D
10:00:36,UNVR,RG,4270,90,D,YJ,DH,D
10:00:36,UNVR,RG,4280,30,D,PD,DH,D
10:00:27,UNVR,RG,4270,2,D,YJ,XC,D
10:00:25,UNVR,RG,4270,10,D,YJ,YP,D
10:00:23,UNVR,RG,4280,5,D,KK,DH,D
10:00:21,UNVR,RG,4270,135,D,YJ,DH,D
10:00:15,UNVR,RG,4270,2,D,YJ,XL,D
10:00:07,UNVR,RG,4270,5,D,YJ,YP,D
10:00:07,UNVR,RG,4270,5,D,YJ,YP,D
10:00:04,UNVR,RG,4270,9,D,YJ,CC,D
10:00:01,UNVR,RG,4280,1,D,XC,DH,D
10:00:00,UNVR,RG,4280,2,D,YB,DH,D
9:59:55,UNVR,RG,4270,10,D,YJ,SQ,D
9:59:47,UNVR,RG,4270,73,D,YJ,DH,D
9:59:47,UNVR,RG,4270,1,D,YP,DH,D
9:59:47,UNVR,RG,4270,4,D,YP,DH,D
9:59:47,UNVR,RG,4270,12,D,PD,DH,D
9:59:45,UNVR,RG,4270,2,D,PD,XA,D
9:59:45,UNVR,RG,4270,4,D,CC,XA,D
9:59:45,UNVR,RG,4270,10,D,CP,XA,D
9:59:40,UNVR,RG,4280,100,D,GR,DH,D
9:59:10,UNVR,RG,4280,3,D,CC,DH,D
9:59:01,UNVR,RG,4280,1,F,CS,DH,D
9:59:01,UNVR,RG,4280,10,D,NI,DH,D
9:59:01,UNVR,RG,4280,187,F,AK,DH,D
9:59:01,UNVR,RG,4280,4,D,YP,DH,D
