Time,Stock,Brd,Price,Qty,BT,BC,SC,ST
15:14:17,UNVR,RG,5350,2,D,EP,OD,D
15:13:35,UNVR,RG,5350,1,F,BK,OD,D
15:13:34,UNVR,RG,5350,2,D,YP,OD,D
15:13:19,UNVR,RG,5350,10,F,BK,OD,D
15:13:19,UNVR,RG,5350,3,F,BK,PD,D
15:13:18,UNVR,RG,5350,97,D,MG,PD,D
15:13:18,UNVR,RG,5350,1,D,MG,NI,D
15:13:18,UNVR,RG,5350,10,D,MG,KK,D
15:13:18,UNVR,RG,5350,3,D,MG,YP,D
15:13:18,UNVR,RG,5350,10,D,MG,CC,D
15:13:18,UNVR,RG,5350,2,D,MG,CC,D
15:11:43,UNVR,RG,5350,1,F,BK,CC,D
15:11:42,UNVR,RG,5350,1,D,NI,CC,D
15:11:42,UNVR,RG,5350,1,D,NI,YP,D
15:11:22,UNVR,RG,5350,1,D,CC,YP,D
15:11:22,UNVR,RG,5350,4,D,CC,YP,D
15:11:06,UNVR,RG,5350,1,D,XC,YP,D
15:10:03,UNVR,RG,5350,1,F,BK,YP,D
15:10:03,UNVR,RG,5350,5,D,KK,YP,D
15:09:41,UNVR,RG,5350,3,F,BK,YP,D
15:09:40,UNVR,RG,5350,25,D,PD,YP,D
15:09:33,UNVR,RG,5350,5,F,BK,YP,D
15:09:33,UNVR,RG,5350,50,D,PD,YP,D
15:09:27,UNVR,RG,5350,10,F,BK,YP,D
15:09:27,UNVR,RG,5350,53,D,TP,YP,D
15:09:22,UNVR,RG,5350,2,D,TP,YP,D
15:09:21,UNVR,RG,5350,30,D,TP,YP,D
15:09:21,UNVR,RG,5350,5,D,TP,YU,D
15:09:14,UNVR,RG,5350,2,D,HP,YU,D
15:09:06,UNVR,RG,5350,23,F,BK,YU,D
15:09:06,UNVR,RG,5350,12,F,BK,TF,D
15:09:05,UNVR,RG,5350,8,D,CC,TF,D
15:09:05,UNVR,RG,5350,3,D,CC,YP,D
15:09:05,UNVR,RG,5350,10,D,CC,NI,D
15:09:05,UNVR,RG,5350,6,D,CC,PD,D
15:09:05,UNVR,RG,5350,5,D,CC,CC,D
15:09:05,UNVR,RG,5350,1,D,CC,PD,D
15:09:05,UNVR,RG,5350,135,D,CC,OD,D
15:09:05,UNVR,RG,5350,10,D,CC,HP,D
15:09:05,UNVR,RG,5350,2,D,CC,YB,D
15:09:05,UNVR,RG,5350,1,D,CC,YP,D
15:09:05,UNVR,RG,5350,4,D,CC,EP,D
15:09:05,UNVR,RG,5350,10,D,CC,CC,D
15:09:05,UNVR,RG,5350,5,D,CC,LG,D
15:09:05,UNVR,RG,5350,15,D,CC,SH,D
15:09:05,UNVR,RG,5350,35,D,CC,PD,D
15:09:05,UNVR,RG,5350,2,D,CC,XC,D
15:09:05,UNVR,RG,5350,1,D,CC,GR,D
15:09:05,UNVR,RG,5350,1,D,CC,CC,D
15:09:05,UNVR,RG,5350,50,D,CC,AI,D
15:09:05,UNVR,RG,5350,3,D,CC,YP,D
15:09:05,UNVR,RG,5350,3,D,CC,DH,D
15:08:55,UNVR,RG,5350,1,F,BK,DH,D
15:08:55,UNVR,RG,5350,10,D,CC,DH,D
15:08:31,UNVR,RG,5350,6,F,BK,DH,D
15:08:31,UNVR,RG,5350,7,F,BK,SQ,D
15:08:30,UNVR,RG,5350,93,D,CP,SQ,D
15:08:30,UNVR,RG,5350,7,D,CP,NI,D
15:08:30,UNVR,RG,5350,1,D,CP,YP,D
15:08:30,UNVR,RG,5350,4,D,CP,XC,D
15:08:30,UNVR,RG,5350,17,D,CP,ES,D
15:08:08,UNVR,RG,5350,1,F,BK,ES,D
15:08:08,UNVR,RG,5350,5,D,EP,ES,D
15:08:04,UNVR,RG,5350,12,F,BK,ES,D
15:08:04,UNVR,RG,5350,99,F,BK,NI,D
15:08:03,UNVR,RG,5350,401,D,CC,NI,D
15:08:03,UNVR,RG,5350,3,D,CC,XC,D
15:08:03,UNVR,RG,5350,10,D,CC,PD,D
15:08:03,UNVR,RG,5350,3,D,CC,KK,D
15:08:03,UNVR,RG,5350,1,D,CC,XC,D
15:08:03,UNVR,RG,5350,2,D,CC,CC,D
15:08:03,UNVR,RG,5350,8,D,CC,CC,D
15:08:03,UNVR,RG,5350,1,D,CC,YP,D
15:08:03,UNVR,RG,5350,1,D,CC,YP,D
15:08:03,UNVR,RG,5350,1,D,CC,XC,D
15:08:03,UNVR,RG,5350,10,D,CC,CC,D
15:08:03,UNVR,RG,5350,5,D,CC,OD,D
15:08:03,UNVR,RG,5350,5,D,CC,YP,D
15:08:03,UNVR,RG,5350,1,D,CC,NI,D
15:08:03,UNVR,RG,5350,6,D,CC,CC,D
15:08:03,UNVR,RG,5350,20,D,CC,KK,D
15:08:03,UNVR,RG,5350,1,D,CC,BQ,D
15:08:03,UNVR,RG,5350,3,D,CC,NI,D
15:08:03,UNVR,RG,5350,20,D,CC,YP,D
15:08:03,UNVR,RG,5350,5,D,CC,HP,D
15:08:03,UNVR,RG,5350,1,D,CC,CP,D
15:08:03,UNVR,RG,5350,10,D,CC,YP,D
15:08:03,UNVR,RG,5350,30,D,CC,GR,D
15:08:03,UNVR,RG,5350,5,D,CC,PD,D
15:08:03,UNVR,RG,5350,10,D,CC,DR,D
15:08:03,UNVR,RG,5350,1,D,CC,HP,D
15:08:03,UNVR,RG,5350,107,D,CC,AT,D
15:08:03,UNVR,RG,5350,1,D,CC,DR,D
15:08:03,UNVR,RG,5350,1,D,CC,PD,D
15:08:03,UNVR,RG,5350,10,D,CC,YP,D
15:08:03,UNVR,RG,5350,3,D,CC,PD,D
15:08:03,UNVR,RG,5350,1,D,CC,NI,D
15:08:03,UNVR,RG,5350,10,D,CC,DH,D
15:08:03,UNVR,RG,5350,66,D,CC,GR,D
15:08:03,UNVR,RG,5350,5,D,CC,EP,D
15:08:03,UNVR,RG,5350,50,D,CC,GR,D
15:08:03,UNVR,RG,5350,5,D,CC,KK,D
15:08:03,UNVR,RG,5350,1,D,CC,YP,D
15:08:03,UNVR,RG,5350,4,D,CC,CC,D
15:08:03,UNVR,RG,5350,5,D,CC,CC,D
15:08:03,UNVR,RG,5350,1,D,CC,XC,D
15:08:03,UNVR,RG,5350,1,D,CC,PD,D
15:08:03,UNVR,RG,5350,2,D,CC,CC,D
15:08:03,UNVR,RG,5350,27,D,CC,YP,D
15:08:03,UNVR,RG,5350,2,D,CC,GR,D
15:08:03,UNVR,RG,5350,134,D,CC,PS,D
15:08:01,UNVR,RG,5350,1,D,YP,PS,D
15:07:53,UNVR,RG,5350,1,D,XC,PS,D
15:07:32,UNVR,RG,5350,1,F,BK,PS,D
15:07:32,UNVR,RG,5350,4,D,PD,PS,D
15:06:45,UNVR,RG,5350,3,D,YP,PS,D
15:06:44,UNVR,RG,5350,1,F,BK,PS,D
15:06:43,UNVR,RG,5350,10,D,BQ,PS,D
15:06:40,UNVR,RG,5350,1,F,BK,PS,D
15:06:40,UNVR,RG,5350,11,D,HP,PS,D
15:06:22,UNVR,RG,5350,10,F,BK,PS,D
15:06:22,UNVR,RG,5350,23,D,PD,PS,D
15:06:22,UNVR,RG,5350,5,D,PD,YP,D
15:06:22,UNVR,RG,5350,1,D,PD,XC,D
15:06:22,UNVR,RG,5350,1,D,PD,PD,D
15:06:22,UNVR,RG,5350,60,D,PD,OD,D
15:05:46,UNVR,RG,5350,1,F,BK,OD,D
15:05:46,UNVR,RG,5350,3,D,KK,OD,D
15:05:43,UNVR,RG,5350,2,D,CC,OD,D
15:05:41,UNVR,RG,5350,11,F,BK,OD,D
15:05:40,UNVR,RG,5350,100,D,CC,OD,D
15:05:33,UNVR,RG,5350,2,D,YP,OD,D
15:05:25,UNVR,RG,5350,2,F,BK,OD,D
15:05:24,UNVR,RG,5350,15,D,KK,OD,D
15:04:46,UNVR,RG,5350,1,F,BK,OD,D
15:04:45,UNVR,RG,5350,9,D,XC,OD,D
15:04:33,UNVR,RG,5350,2,F,BK,OD,D
15:04:33,UNVR,RG,5350,2,D,XC,OD,D
15:04:32,UNVR,RG,5350,20,D,PD,OD,D
15:04:20,UNVR,RG,5350,10,F,BK,OD,D
15:04:19,UNVR,RG,5350,50,D,PD,OD,D
15:04:19,UNVR,RG,5350,40,D,EP,OD,D
15:04:03,UNVR,RG,5350,2,F,BK,OD,D
15:04:02,UNVR,RG,5350,10,D,IF,OD,D
15:03:58,UNVR,RG,5350,4,D,PD,OD,D
15:03:56,UNVR,RG,5350,1,F,BK,OD,D
15:03:55,UNVR,RG,5350,5,D,XC,OD,D
15:03:53,UNVR,RG,5350,22,F,BK,OD,D
15:03:52,UNVR,RG,5350,200,D,LG,OD,D
15:03:43,UNVR,RG,5350,3,F,BK,OD,D
15:03:42,UNVR,RG,5350,30,D,SQ,OD,D
15:03:37,UNVR,RG,5350,1,F,BK,OD,D
15:03:37,UNVR,RG,5350,2,D,YP,OD,D
15:03:36,UNVR,RG,5350,10,D,EP,OD,D
15:03:33,UNVR,RG,5350,1,F,BK,OD,D
15:03:33,UNVR,RG,5350,4,D,YP,OD,D
15:03:25,UNVR,RG,5350,2,F,BK,OD,D
15:03:24,UNVR,RG,5350,21,D,YP,OD,D
15:03:22,UNVR,RG,5350,1,F,BK,OD,D
15:03:22,UNVR,RG,5350,5,D,PD,OD,D
15:03:19,UNVR,RG,5350,1,F,BK,OD,D
15:03:19,UNVR,RG,5350,14,D,YP,OD,D
15:03:12,UNVR,RG,5350,1,F,BK,OD,D
15:03:12,UNVR,RG,5350,5,D,EP,OD,D
15:03:09,UNVR,RG,5350,2,F,BK,OD,D
15:03:08,UNVR,RG,5350,20,D,SQ,OD,D
15:03:03,UNVR,RG,5350,44,F,BK,OD,D
15:03:03,UNVR,RG,5350,1,D,NI,OD,D
15:03:03,UNVR,RG,5350,258,D,OD,OD,D
15:03:02,UNVR,RG,5350,5,D,OD,YP,D
15:02:58,UNVR,RG,5350,1,D,OD,XC,D
15:02:55,UNVR,RG,5350,5,D,OD,CC,D
15:02:55,UNVR,RG,5350,1,D,OD,YP,D
15:02:55,UNVR,RG,5350,103,D,OD,SQ,D
15:02:55,UNVR,RG,5350,7,D,YP,SQ,D
15:02:55,UNVR,RG,5350,2,D,YP,KK,D
15:02:55,UNVR,RG,5350,12,D,YP,YP,D
15:02:48,UNVR,RG,5350,2,F,BK,YP,D
15:02:48,UNVR,RG,5350,14,D,YP,YP,D
15:02:46,UNVR,RG,5350,2,F,BK,YP,D
15:02:46,UNVR,RG,5350,20,D,KK,YP,D
15:02:37,UNVR,RG,5350,5,D,EP,PD,D
15:02:34,UNVR,RG,5350,5,F,BK,XL,D
15:02:34,UNVR,RG,5350,1,F,BK,AZ,D
15:02:34,UNVR,RG,5350,48,D,CC,AZ,D
15:02:31,UNVR,RG,5350,8,F,BK,AZ,D
15:02:31,UNVR,RG,5350,43,D,YP,AZ,D
15:02:31,UNVR,RG,5350,20,D,YP,YJ,D
15:02:29,UNVR,RG,5350,9,D,YP,NI,D
15:02:29,UNVR,RG,5350,1,F,BK,NI,D
15:02:28,UNVR,RG,5350,1,F,BK,CC,D
15:02:28,UNVR,RG,5350,5,D,PD,CC,D
15:02:28,UNVR,RG,5350,1,D,PD,KK,D
15:02:27,UNVR,RG,5350,1,D,PD,XL,D
15:02:25,UNVR,RG,5350,1,D,PD,SQ,D
15:02:24,UNVR,RG,5350,2,D,PD,CC,D
15:02:24,UNVR,RG,5350,1,D,XC,CC,D
15:02:24,UNVR,RG,5350,6,D,EP,CC,D
15:02:24,UNVR,RG,5350,1,D,KK,CC,D
15:02:24,UNVR,RG,5350,1,D,OD,CC,D
15:02:24,UNVR,RG,5350,2,F,BK,CC,D
15:02:24,UNVR,RG,5350,12,D,KK,CC,D
15:02:13,UNVR,RG,5350,6,D,KK,KK,D
15:02:10,UNVR,RG,5350,1,F,BK,KK,D
15:02:10,UNVR,RG,5350,3,D,PD,KK,D
15:02:09,UNVR,RG,5350,7,D,PD,YP,D
15:02:09,UNVR,RG,5350,12,F,BK,YP,D
15:02:09,UNVR,RG,5350,1,D,MG,YP,D
15:02:09,UNVR,RG,5350,40,D,MG,YP,D
15:02:05,UNVR,RG,5350,40,D,MG,YP,D
15:02:03,UNVR,RG,5350,4,D,MG,CC,D
15:02:02,UNVR,RG,5350,15,D,MG,AZ,D
15:02:02,UNVR,RG,5350,5,D,YP,AZ,D
15:02:02,UNVR,RG,5350,11,F,BK,AZ,D
15:02:02,UNVR,RG,5350,19,D,NI,AZ,D
15:02:01,UNVR,RG,5350,2,D,NI,YP,D
15:01:57,UNVR,RG,5350,1,D,NI,SQ,D
15:01:48,UNVR,RG,5350,50,D,NI,DR,D
15:01:48,UNVR,RG,5350,1,D,NI,KK,D
15:01:47,UNVR,RG,5350,10,D,NI,NI,D
15:01:47,UNVR,RG,5350,5,D,NI,XL,D
15:01:47,UNVR,RG,5350,3,D,NI,YP,D
15:01:47,UNVR,RG,5350,5,D,NI,CC,D
15:01:47,UNVR,RG,5350,4,D,NI,YP,D
15:01:45,UNVR,RG,5350,1,D,GR,YP,D
15:01:45,UNVR,RG,5350,1,D,GR,YP,D
15:01:45,UNVR,RG,5350,2,D,GR,DH,D
15:01:44,UNVR,RG,5350,2,F,BK,DH,D
15:01:43,UNVR,RG,5350,14,D,YP,DH,D
15:01:37,UNVR,RG,5350,5,D,YP,DH,D
15:01:34,UNVR,RG,5350,1,F,BK,DH,D
15:01:33,UNVR,RG,5350,4,D,XC,DH,D
15:01:31,UNVR,RG,5350,6,F,BK,DH,D
15:01:31,UNVR,RG,5350,10,D,YP,DH,D
15:01:31,UNVR,RG,5350,2,D,YP,DH,D
15:01:31,UNVR,RG,5350,47,D,AZ,DH,D
15:01:31,UNVR,RG,5350,7,F,BK,DH,D
15:01:28,UNVR,RG,5350,45,F,BK,YP,D
15:01:28,UNVR,RG,5350,10,F,BK,NI,D
15:01:28,UNVR,RG,5350,20,F,BK,YP,D
15:01:28,UNVR,RG,5350,33,F,BK,SQ,D
15:01:28,UNVR,RG,5350,15,F,BK,CC,D
15:01:28,UNVR,RG,5350,10,F,BK,DR,D
15:01:28,UNVR,RG,5350,1,F,BK,XC,D
15:01:28,UNVR,RG,5350,2,F,BK,XL,D
15:01:28,UNVR,RG,5350,135,F,BK,YP,D
15:01:27,UNVR,RG,5350,1125,D,DR,YP,D
15:01:27,UNVR,RG,5350,150,D,DR,ZP,D
15:01:27,UNVR,RG,5350,5,D,DR,XC,D
15:01:27,UNVR,RG,5350,400,D,DR,OD,D
15:01:27,UNVR,RG,5350,5,D,DR,OD,D
15:01:27,UNVR,RG,5350,10,D,DR,BQ,D
15:01:27,UNVR,RG,5350,5,D,DR,YP,D
15:01:27,UNVR,RG,5350,115,D,DR,YP,D
15:01:27,UNVR,RG,5350,1,D,DR,YP,D
15:01:27,UNVR,RG,5350,1,D,DR,XC,D
15:01:27,UNVR,RG,5350,1,D,DR,XC,D
15:01:27,UNVR,RG,5350,82,D,DR,XC,D
15:01:27,UNVR,RG,5350,30,D,DR,KK,D
15:01:27,UNVR,RG,5350,135,D,DR,EP,D
15:01:27,UNVR,RG,5350,20,D,DR,EP,D
15:01:27,UNVR,RG,5350,1,D,DR,XA,D
15:01:27,UNVR,RG,5350,30,D,DR,DH,D
15:01:27,UNVR,RG,5350,2,D,DR,PD,D
15:01:27,UNVR,RG,5350,1,D,DR,PD,D
15:01:27,UNVR,RG,5350,28,D,DR,YJ,D
15:01:27,UNVR,RG,5350,15,D,DR,XL,D
15:01:27,UNVR,RG,5350,50,D,DR,HP,D
15:01:27,UNVR,RG,5350,1,D,DR,YP,D
15:01:27,UNVR,RG,5350,4,D,DR,DH,D
15:01:27,UNVR,RG,5350,2,D,DR,PD,D
15:01:27,UNVR,RG,5350,3,D,DR,DR,D
15:01:27,UNVR,RG,5350,20,D,DR,YP,D
15:01:27,UNVR,RG,5350,50,D,DR,SQ,D
15:01:27,UNVR,RG,5350,1,D,DR,NI,D
15:01:27,UNVR,RG,5350,80,D,DR,PD,D
15:01:27,UNVR,RG,5350,2,D,DR,DH,D
15:01:27,UNVR,RG,5350,5,D,DR,YP,D
15:01:27,UNVR,RG,5350,120,D,DR,EP,D
15:01:25,UNVR,RG,5350,9,F,BK,EP,D
15:01:24,UNVR,RG,5350,81,D,YP,EP,D
15:01:23,UNVR,RG,5350,4,D,YP,EP,D
15:01:18,UNVR,RG,5350,1,F,BK,EP,D
15:01:18,UNVR,RG,5350,4,D,YP,EP,D
15:01:13,UNVR,RG,5350,2,D,XC,EP,D
15:01:11,UNVR,RG,5350,3,D,YP,EP,D
15:01:01,UNVR,RG,5350,1,D,BQ,EP,D
15:01:01,UNVR,RG,5350,10,D,HP,EP,D
15:01:00,UNVR,RG,5350,2,D,XC,EP,D
15:01:00,UNVR,RG,5350,1,D,XC,EP,D
15:01:00,UNVR,RG,5350,35,D,DR,EP,D
15:01:00,UNVR,RG,5350,30,D,PD,EP,D
15:00:00,UNVR,RG,5350,4,D,YP,EP,D
15:00:00,UNVR,RG,5350,10,D,SQ,EP,D
15:00:00,UNVR,RG,5350,10,D,IF,EP,D
15:00:00,UNVR,RG,5350,1,D,PD,EP,D
15:00:00,UNVR,RG,5350,10,D,YB,EP,D
15:00:00,UNVR,RG,5350,5,D,NI,EP,D
15:00:00,UNVR,RG,5350,5,D,EP,EP,D
15:00:00,UNVR,RG,5350,1,D,YP,EP,D
15:00:00,UNVR,RG,5350,1,D,XL,EP,D
15:00:00,UNVR,RG,5350,9,D,YP,EP,D
15:00:00,UNVR,RG,5350,2,D,YP,EP,D
15:00:00,UNVR,RG,5350,9,D,PD,EP,D
15:00:00,UNVR,RG,5350,1,D,PD,EP,D
15:00:00,UNVR,RG,5350,1,D,XC,EP,D
15:00:00,UNVR,RG,5350,5,D,YP,EP,D
15:00:00,UNVR,RG,5350,1,D,YP,EP,D
15:00:00,UNVR,RG,5350,1,D,AG,EP,D
15:00:00,UNVR,RG,5350,1,D,XC,EP,D
15:00:00,UNVR,RG,5350,100,D,AI,EP,D
15:00:00,UNVR,RG,5350,1,D,XC,EP,D
15:00:00,UNVR,RG,5350,1,D,YP,EP,D
15:00:00,UNVR,RG,5350,10,D,XL,EP,D
15:00:00,UNVR,RG,5350,5,D,YP,EP,D
15:00:00,UNVR,RG,5350,1,D,YP,EP,D
15:00:00,UNVR,RG,5350,5,D,EP,EP,D
15:00:00,UNVR,RG,5350,1,D,XL,EP,D
15:00:00,UNVR,RG,5350,50,D,OD,EP,D
15:00:00,UNVR,RG,5350,1,D,XC,EP,D
15:00:00,UNVR,RG,5350,1,D,YP,EP,D
15:00:00,UNVR,RG,5350,2,D,XC,EP,D
15:00:00,UNVR,RG,5350,18,D,XL,EP,D
15:00:00,UNVR,RG,5350,4,D,XC,EP,D
15:00:00,UNVR,RG,5350,1,D,XC,YP,D
15:00:00,UNVR,RG,5350,5,D,XC,YP,D
15:00:00,UNVR,RG,5350,1,D,NI,YP,D
15:00:00,UNVR,RG,5350,4,D,AI,GR,D
15:00:00,UNVR,RG,5350,10,D,YP,GR,D
15:00:00,UNVR,RG,5350,2,D,EP,GR,D
15:00:00,UNVR,RG,5350,35,D,EP,GR,D
15:00:00,UNVR,RG,5350,4,D,KK,GR,D
15:00:00,UNVR,RG,5350,45,D,HP,GR,D
15:00:00,UNVR,RG,5350,74,D,HP,DR,D
15:00:00,UNVR,RG,5350,13,D,HP,PD,D
15:00:00,UNVR,RG,5350,5,D,HP,KK,D
15:00:00,UNVR,RG,5350,5,D,HP,KK,D
15:00:00,UNVR,RG,5350,858,D,HP,MG,D
15:00:00,UNVR,RG,5350,2,D,PD,MG,D
15:00:00,UNVR,RG,5350,10,D,EP,MG,D
15:00:00,UNVR,RG,5350,2,D,YB,MG,D
15:00:00,UNVR,RG,5350,200,D,YP,MG,D
15:00:00,UNVR,RG,5350,18,D,XC,MG,D
15:00:00,UNVR,RG,5350,1,D,YP,MG,D
15:00:00,UNVR,RG,5350,100,D,XL,MG,D
15:00:00,UNVR,RG,5350,50,D,NI,MG,D
15:00:00,UNVR,RG,5350,3,D,AI,MG,D
15:00:00,UNVR,RG,5350,1,D,YP,MG,D
15:00:00,UNVR,RG,5350,10,D,XA,MG,D
15:00:00,UNVR,RG,5350,2,D,KK,MG,D
15:00:00,UNVR,RG,5350,3,D,YB,MG,D
15:00:00,UNVR,RG,5350,1,D,XL,MG,D
15:00:00,UNVR,RG,5350,30,D,YP,MG,D
15:00:00,UNVR,RG,5350,1,D,XL,MG,D
15:00:00,UNVR,RG,5350,3,D,YP,MG,D
15:00:00,UNVR,RG,5350,1,D,KK,MG,D
15:00:00,UNVR,RG,5350,2,D,YP,MG,D
15:00:00,UNVR,RG,5350,12,D,YP,MG,D
15:00:00,UNVR,RG,5350,5,D,CC,MG,D
15:00:00,UNVR,RG,5350,18,D,YP,MG,D
15:00:00,UNVR,RG,5350,5,D,CC,MG,D
15:00:00,UNVR,RG,5350,28,D,PD,MG,D
15:00:00,UNVR,RG,5350,93,D,CP,MG,D
15:00:00,UNVR,RG,5350,43,D,YP,MG,D
15:00:00,UNVR,RG,5350,30,D,DR,MG,D
15:00:00,UNVR,RG,5350,8,D,YB,MG,D
15:00:00,UNVR,RG,5350,6,D,CC,MG,D
15:00:00,UNVR,RG,5350,85,D,MG,MG,D
15:00:00,UNVR,RG,5350,1,D,YP,MG,D
15:00:00,UNVR,RG,5350,50,D,AZ,MG,D
15:00:00,UNVR,RG,5350,10,D,CC,MG,D
15:00:00,UNVR,RG,5350,10,D,XC,MG,D
15:00:00,UNVR,RG,5350,1,D,BQ,MG,D
15:00:00,UNVR,RG,5350,4,D,YP,MG,D
15:00:00,UNVR,RG,5350,18,D,XL,MG,D
15:00:00,UNVR,RG,5350,30,D,IU,MG,D
15:00:00,UNVR,RG,5350,5,D,YU,MG,D
15:00:00,UNVR,RG,5350,2,D,YP,MG,D
15:00:00,UNVR,RG,5350,37,D,CC,MG,D
15:00:00,UNVR,RG,5350,1,D,PD,MG,D
15:00:00,UNVR,RG,5350,50,D,YP,MG,D
15:00:00,UNVR,RG,5350,8,D,YP,MG,D
15:00:00,UNVR,RG,5350,13,D,CC,MG,D
15:00:00,UNVR,RG,5350,1,D,KK,MG,D
15:00:00,UNVR,RG,5350,95,D,YP,MG,D
15:00:00,UNVR,RG,5350,150,D,RO,MG,D
15:00:00,UNVR,RG,5350,1,D,YP,MG,D
15:00:00,UNVR,RG,5350,4,D,NI,MG,D
15:00:00,UNVR,RG,5350,2,D,XA,MG,D
15:00:00,UNVR,RG,5350,10,D,KK,MG,D
15:00:00,UNVR,RG,5350,4,D,PD,MG,D
15:00:00,UNVR,RG,5350,1,D,DH,MG,D
15:00:00,UNVR,RG,5350,65,D,YP,MG,D
15:00:00,UNVR,RG,5350,20,D,KK,MG,D
15:00:00,UNVR,RG,5350,10,D,XA,MG,D
15:00:00,UNVR,RG,5350,766,D,OD,MG,D
15:00:00,UNVR,RG,5350,1,D,OD,YP,D
15:00:00,UNVR,RG,5350,5,D,OD,PD,D
15:00:00,UNVR,RG,5350,166,D,OD,CC,F
15:00:00,UNVR,RG,5350,1,D,OD,KK,D
15:00:00,UNVR,RG,5350,10,D,OD,AZ,D
15:00:00,UNVR,RG,5350,5,D,OD,YP,D
15:00:00,UNVR,RG,5350,19,D,OD,CC,D
15:00:00,UNVR,RG,5350,36,D,OD,NI,D
15:00:00,UNVR,RG,5350,10,D,YP,NI,D
15:00:00,UNVR,RG,5350,17,D,KK,NI,D
15:00:00,UNVR,RG,5350,12,D,XC,NI,D
15:00:00,UNVR,RG,5350,8,D,XC,YP,D
15:00:00,UNVR,RG,5350,1,D,KK,YP,D
15:00:00,UNVR,RG,5350,2,D,KK,CC,D
15:00:00,UNVR,RG,5350,5,D,KK,DX,D
15:00:00,UNVR,RG,5350,5,D,KK,CC,D
15:00:00,UNVR,RG,5350,18,D,KK,NI,D
15:00:00,UNVR,RG,5350,32,D,KK,NI,D
15:00:00,UNVR,RG,5350,6,D,KK,DR,D
15:00:00,UNVR,RG,5350,12,D,KK,PD,D
15:00:00,UNVR,RG,5350,5,D,KK,PD,D
15:00:00,UNVR,RG,5350,5,D,NI,PD,D
15:00:00,UNVR,RG,5350,11,D,SQ,PD,D
15:00:00,UNVR,RG,5350,5,D,KK,PD,D
15:00:00,UNVR,RG,5350,12,D,AZ,PD,D
15:00:00,UNVR,RG,5350,4,D,SQ,PD,D
15:00:00,UNVR,RG,5350,1,D,SQ,PD,D
15:00:00,UNVR,RG,5350,8,D,SQ,PD,D
15:00:00,UNVR,RG,5350,1,D,YP,PD,D
15:00:00,UNVR,RG,5350,2,D,AZ,PD,D
15:00:00,UNVR,RG,5350,2,D,NI,PD,D
15:00:00,UNVR,RG,5350,20,D,MK,PD,D
15:00:00,UNVR,RG,5350,4,D,MG,PD,D
15:00:00,UNVR,RG,5350,50,D,BQ,PD,D
15:00:00,UNVR,RG,5350,1,D,YP,PD,D
15:00:00,UNVR,RG,5350,2,D,CC,PD,D
15:00:00,UNVR,RG,5350,121,D,YP,PD,D
15:00:00,UNVR,RG,5350,25,D,CC,PD,D
15:00:00,UNVR,RG,5350,200,D,SA,PD,D
15:00:00,UNVR,RG,5350,18,D,YP,PD,D
15:00:00,UNVR,RG,5350,46,F,CC,PD,D
15:00:00,UNVR,RG,5350,10,F,CC,DH,D
15:00:00,UNVR,RG,5350,5,F,CC,KK,D
15:00:00,UNVR,RG,5350,10,F,CC,DH,D
15:00:00,UNVR,RG,5350,120,F,CC,PD,D
15:00:00,UNVR,RG,5350,5,F,CC,EP,D
15:00:00,UNVR,RG,5350,10,F,CC,YB,D
15:00:00,UNVR,RG,5350,2,F,CC,XC,D
15:00:00,UNVR,RG,5350,5,F,CC,HP,D
15:00:00,UNVR,RG,5350,100,F,CC,DR,D
15:00:00,UNVR,RG,5350,10,F,CC,NI,D
15:00:00,UNVR,RG,5350,20,F,CC,LG,D
15:00:00,UNVR,RG,5350,2,F,CC,DH,D
15:00:00,UNVR,RG,5350,55,F,CC,MG,D
15:00:00,UNVR,RG,5350,145,F,CC,MG,D
15:00:00,UNVR,RG,5350,46,F,CC,AI,D
15:00:00,UNVR,RG,5350,15,F,CC,BQ,D
15:00:00,UNVR,RG,5350,5,F,CC,XC,D
15:00:00,UNVR,RG,5350,20,F,CC,YP,D
15:00:00,UNVR,RG,5350,1,F,CC,PD,D
15:00:00,UNVR,RG,5350,10,F,CC,DR,D
15:00:00,UNVR,RG,5350,1,F,CC,YB,D
15:00:00,UNVR,RG,5350,3,F,CC,YP,D
15:00:00,UNVR,RG,5350,1,D,EP,YP,D
15:00:00,UNVR,RG,5350,11,D,HP,YP,D
15:00:00,UNVR,RG,5350,1,D,HP,NI,D
15:00:00,UNVR,RG,5350,6,D,HP,SQ,D
15:00:00,UNVR,RG,5350,10,D,HP,PD,D
15:00:00,UNVR,RG,5350,30,D,HP,AO,D
15:00:00,UNVR,RG,5350,4,D,HP,YP,D
15:00:00,UNVR,RG,5350,4,D,HP,NI,D
15:00:00,UNVR,RG,5350,2,D,HP,YP,D
15:00:00,UNVR,RG,5350,1,D,HP,OD,D
15:00:00,UNVR,RG,5350,21,D,HP,IP,D
15:00:00,UNVR,RG,5350,15,F,ZP,IP,D
15:00:00,UNVR,RG,5350,45,F,ZP,IP,D
15:00:00,UNVR,RG,5350,19,F,AG,IP,D
15:00:00,UNVR,RG,5350,77,F,AG,OD,D
15:00:00,UNVR,RG,5350,109,F,AK,OD,D
15:00:00,UNVR,RG,5350,1,F,AK,XC,D
15:00:00,UNVR,RG,5350,150,F,AK,OD,D
15:00:00,UNVR,RG,5350,10,F,AK,DX,D
15:00:00,UNVR,RG,5350,10,F,AK,DR,D
15:00:00,UNVR,RG,5350,50,F,AK,YP,D
15:00:00,UNVR,RG,5350,42,F,AK,PD,D
15:00:00,UNVR,RG,5350,3,D,YP,PD,D
15:00:00,UNVR,RG,5350,6,D,EP,PD,D
15:00:00,UNVR,RG,5350,49,F,KZ,PD,D
15:00:00,UNVR,RG,5350,3,F,KZ,YP,D
15:00:00,UNVR,RG,5350,5,F,KZ,KK,D
15:00:00,UNVR,RG,5350,20,F,KZ,PD,D
15:00:00,UNVR,RG,5350,30,F,KZ,PD,D
15:00:00,UNVR,RG,5350,150,F,KZ,LS,D
15:00:00,UNVR,RG,5350,1,F,KZ,DH,D
15:00:00,UNVR,RG,5350,1,F,KZ,CC,D
15:00:00,UNVR,RG,5350,1,F,KZ,YP,D
15:00:00,UNVR,RG,5350,2,F,KZ,AR,D
15:00:00,UNVR,RG,5350,30,F,KZ,KK,D
15:00:00,UNVR,RG,5350,10,F,KZ,XL,D
15:00:00,UNVR,RG,5350,5,F,KZ,KK,D
15:00:00,UNVR,RG,5350,25,F,KZ,AZ,D
15:00:00,UNVR,RG,5350,520,F,KZ,YP,D
15:00:00,UNVR,RG,5350,1,F,KZ,PD,D
15:00:00,UNVR,RG,5350,1,F,KZ,NI,D
15:00:00,UNVR,RG,5350,10,F,KZ,KK,D
15:00:00,UNVR,RG,5350,5,F,KZ,SQ,D
15:00:00,UNVR,RG,5350,2,F,KZ,AO,D
15:00:00,UNVR,RG,5350,1,F,KZ,XC,D
15:00:00,UNVR,RG,5350,10,F,KZ,KK,D
15:00:00,UNVR,RG,5350,37,F,KZ,PD,D
15:00:00,UNVR,RG,5350,4,F,KZ,XC,D
15:00:00,UNVR,RG,5350,1,F,KZ,YP,D
15:00:00,UNVR,RG,5350,5,F,KZ,SQ,D
15:00:00,UNVR,RG,5350,3,F,KZ,NI,D
15:00:00,UNVR,RG,5350,150,F,KZ,YP,D
15:00:00,UNVR,RG,5350,50,F,KZ,YP,D
15:00:00,UNVR,RG,5350,2,F,KZ,PD,D
15:00:00,UNVR,RG,5350,42,F,KZ,YP,D
15:00:00,UNVR,RG,5350,8,F,BK,YP,D
15:00:00,UNVR,RG,5350,1,F,BK,PD,D
15:00:00,UNVR,RG,5350,9,F,BK,KK,D
15:00:00,UNVR,RG,5350,2,F,BK,DH,D
15:00:00,UNVR,RG,5350,2,F,BK,NI,D
15:00:00,UNVR,RG,5350,2,F,BK,PD,D
15:00:00,UNVR,RG,5350,5,F,BK,YP,D
15:00:00,UNVR,RG,5350,2,F,BK,TF,D
15:00:00,UNVR,RG,5350,29,F,BK,OD,D
15:00:00,UNVR,RG,5350,21,F,BK,OD,D
15:00:00,UNVR,RG,5350,5,F,BK,YP,D
15:00:00,UNVR,RG,5350,50,F,BK,CC,D
15:00:00,UNVR,RG,5350,1,F,BK,CC,D
15:00:00,UNVR,RG,5350,1,F,BK,YP,D
15:00:00,UNVR,RG,5350,25,F,BK,YP,D
15:00:00,UNVR,RG,5350,1,F,BK,YP,D
15:00:00,UNVR,RG,5350,1,F,BK,YP,D
15:00:00,UNVR,RG,5350,4,F,BK,CC,D
15:00:00,UNVR,RG,5350,4,F,BK,XC,D
15:00:00,UNVR,RG,5350,1,F,BK,CC,D
15:00:00,UNVR,RG,5350,2,F,BK,SQ,D
15:00:00,UNVR,RG,5350,5,F,BK,PD,D
15:00:00,UNVR,RG,5350,10,F,BK,SQ,D
15:00:00,UNVR,RG,5350,25,F,BK,SQ,D
15:00:00,UNVR,RG,5350,1,F,BK,SQ,D
15:00:00,UNVR,RG,5350,120,F,BK,KK,D
15:00:00,UNVR,RG,5350,5,F,BK,PD,D
15:00:00,UNVR,RG,5350,3,F,BK,PD,D
15:00:00,UNVR,RG,5350,1,F,BK,YP,D
15:00:00,UNVR,RG,5350,50,F,BK,MG,D
15:00:00,UNVR,RG,5350,3,F,BK,DH,D
15:00:00,UNVR,RG,5350,5,F,BK,CC,D
15:00:00,UNVR,RG,5350,1,F,BK,KK,D
15:00:00,UNVR,RG,5350,10,F,BK,YP,D
15:00:00,UNVR,RG,5350,10,F,BK,NI,D
15:00:00,UNVR,RG,5350,90,F,BK,EP,D
15:00:00,UNVR,RG,5350,1,F,BK,KK,D
15:00:00,UNVR,RG,5350,2,F,BK,NI,D
15:00:00,UNVR,RG,5350,1,F,BK,AT,D
15:00:00,UNVR,RG,5350,1,F,BK,YP,D
15:00:00,UNVR,RG,5350,1,F,BK,CC,D
15:00:00,UNVR,RG,5350,100,F,BK,YP,D
15:00:00,UNVR,RG,5350,1,F,BK,DH,D
15:00:00,UNVR,RG,5350,1,F,BK,YP,D
15:00:00,UNVR,RG,5350,1,F,BK,NI,D
15:00:00,UNVR,RG,5350,20,F,BK,YP,D
15:00:00,UNVR,RG,5350,2,F,BK,MU,D
15:00:00,UNVR,RG,5350,10,F,BK,GR,D
15:00:00,UNVR,RG,5350,1,F,BK,XA,D
15:00:00,UNVR,RG,5350,100,F,BK,CC,D
15:00:00,UNVR,RG,5350,100,F,BK,KK,D
15:00:00,UNVR,RG,5350,100,F,BK,YP,D
15:00:00,UNVR,RG,5350,5,F,BK,EP,D
15:00:00,UNVR,RG,5350,5,F,BK,YP,D
15:00:00,UNVR,RG,5350,25,F,BK,CC,D
15:00:00,UNVR,RG,5350,500,F,BK,YP,D
15:00:00,UNVR,RG,5350,3,F,BK,PD,D
15:00:00,UNVR,RG,5350,1,F,BK,KK,D
15:00:00,UNVR,RG,5350,1,F,BK,MU,D
15:00:00,UNVR,RG,5350,2,F,BK,XC,D
15:00:00,UNVR,RG,5350,11,F,BK,CC,D
15:00:00,UNVR,RG,5350,1,F,BK,YP,D
15:00:00,UNVR,RG,5350,1,F,BK,CC,D
15:00:00,UNVR,RG,5350,109,F,BK,CP,D
15:00:00,UNVR,RG,5350,1,F,BK,CP,D
15:00:00,UNVR,RG,5350,15,F,BK,CP,D
15:00:00,UNVR,RG,5350,1,F,BK,YP,D
15:00:00,UNVR,RG,5350,19,F,BK,YP,D
15:00:00,UNVR,RG,5350,10,F,BK,NI,D
15:00:00,UNVR,RG,5350,3,F,BK,CC,D
15:00:00,UNVR,RG,5350,10,F,BK,YP,D
15:00:00,UNVR,RG,5350,265,F,BK,GR,D
15:00:00,UNVR,RG,5350,1562,F,BK,GR,D
15:00:00,UNVR,RG,5350,87,F,BK,GR,D
15:00:00,UNVR,RG,5350,1,F,BK,YP,D
15:00:00,UNVR,RG,5350,5,F,BK,YP,D
15:00:00,UNVR,RG,5350,3,F,BK,YP,D
15:00:00,UNVR,RG,5350,50,F,BK,YP,D
15:00:00,UNVR,RG,5350,5,F,BK,AO,D
15:00:00,UNVR,RG,5350,1,F,BK,YJ,D
15:00:00,UNVR,RG,5350,10,F,BK,NI,D
15:00:00,UNVR,RG,5350,97,F,BK,PD,D
15:00:00,UNVR,RG,5350,1,F,BK,PD,D
15:00:00,UNVR,RG,5350,102,F,BK,PD,D
15:00:00,UNVR,RG,5350,2,F,BK,YP,D
15:00:00,UNVR,RG,5350,10,F,BK,YP,D
15:00:00,UNVR,RG,5350,200,F,BK,CD,D
15:00:00,UNVR,RG,5350,8,F,BK,OD,D
15:00:00,UNVR,RG,5350,2,F,BK,PD,D
15:00:00,UNVR,RG,5350,200,F,BK,YP,D
15:00:00,UNVR,RG,5350,5,F,BK,KK,D
15:00:00,UNVR,RG,5350,3,F,BK,PD,D
15:00:00,UNVR,RG,5350,1,F,BK,XL,D
15:00:00,UNVR,RG,5350,1,F,BK,YP,D
15:00:00,UNVR,RG,5350,1,F,BK,XC,D
15:00:00,UNVR,RG,5350,50,F,BK,DH,D
15:00:00,UNVR,RG,5350,5,F,BK,PD,D
15:00:00,UNVR,RG,5350,1,F,BK,LG,D
15:00:00,UNVR,RG,5350,13,F,BK,YP,D
15:00:00,UNVR,RG,5350,5,F,BK,YU,D
15:00:00,UNVR,RG,5350,5,F,BK,LG,D
15:00:00,UNVR,RG,5350,10,F,BK,PD,D
15:00:00,UNVR,RG,5350,12,F,BK,DH,D
15:00:00,UNVR,RG,5350,39,F,BK,EP,D
15:00:00,UNVR,RG,5350,1,F,BK,OD,F
15:00:00,UNVR,RG,5350,105,F,BK,GR,D
15:00:00,UNVR,RG,5350,2,F,BK,NI,D
15:00:00,UNVR,RG,5350,2,F,BK,XC,D
15:00:00,UNVR,RG,5350,20,F,BK,DH,D
15:00:00,UNVR,RG,5350,1,F,BK,XL,D
15:00:00,UNVR,RG,5350,5,F,BK,KK,D
15:00:00,UNVR,RG,5350,5,F,BK,EP,D
15:00:00,UNVR,RG,5350,50,F,BK,GR,D
15:00:00,UNVR,RG,5350,2,F,BK,PD,D
15:00:00,UNVR,RG,5350,1,F,BK,XL,D
15:00:00,UNVR,RG,5350,22,F,BK,XL,D
15:00:00,UNVR,RG,5350,3,F,BK,HP,D
15:00:00,UNVR,RG,5350,15,F,BK,YP,D
15:00:00,UNVR,RG,5350,1,F,BK,YP,D
15:00:00,UNVR,RG,5350,5,F,BK,YP,D
15:00:00,UNVR,RG,5350,100,F,BK,YJ,D
15:00:00,UNVR,RG,5350,3,F,BK,XC,D
15:00:00,UNVR,RG,5350,3,F,BK,XL,D
15:00:00,UNVR,RG,5350,145,F,BK,CC,D
15:00:00,UNVR,RG,5350,33,F,BK,CC,D
15:00:00,UNVR,RG,5350,8,F,BK,YP,D
15:00:00,UNVR,RG,5350,1,F,BK,PD,D
15:00:00,UNVR,RG,5350,4,F,BK,YP,D
15:00:00,UNVR,RG,5350,5,F,BK,PD,D
15:00:00,UNVR,RG,5350,1,F,BK,KK,D
15:00:00,UNVR,RG,5350,10,F,BK,NI,D
15:00:00,UNVR,RG,5350,8,F,BK,YP,D
15:00:00,UNVR,RG,5350,1,F,BK,SQ,D
15:00:00,UNVR,RG,5350,225,F,BK,YP,D
15:00:00,UNVR,RG,5350,1,F,BK,HP,D
15:00:00,UNVR,RG,5350,35,F,BK,DH,D
15:00:00,UNVR,RG,5350,1,F,BK,XL,D
15:00:00,UNVR,RG,5350,1,F,BK,YP,D
15:00:00,UNVR,RG,5350,56,F,BK,YP,D
15:00:00,UNVR,RG,5350,90,F,BK,CC,D
15:00:00,UNVR,RG,5350,1386,F,BK,YP,D
15:00:00,UNVR,RG,5350,1,F,BK,YP,D
15:00:00,UNVR,RG,5350,2013,F,ZP,YP,D
15:00:00,UNVR,RG,5350,10,F,ZP,DH,D
15:00:00,UNVR,RG,5350,20,F,ZP,CC,D
15:00:00,UNVR,RG,5350,3,F,ZP,PD,D
15:00:00,UNVR,RG,5350,70,F,ZP,YP,D
15:00:00,UNVR,RG,5350,25,F,ZP,YP,D
15:00:00,UNVR,RG,5350,1,F,ZP,YP,D
15:00:00,UNVR,RG,5350,10,F,ZP,YP,D
15:00:00,UNVR,RG,5350,290,F,YU,YP,D
15:00:00,UNVR,RG,5350,2,F,YU,IF,D
15:00:00,UNVR,RG,5350,1,F,YU,CC,D
15:00:00,UNVR,RG,5350,10,F,YU,CC,D
15:00:00,UNVR,RG,5350,4,F,YU,KK,D
15:00:00,UNVR,RG,5350,2,F,YU,CC,D
15:00:00,UNVR,RG,5350,3,F,YU,CC,D
15:00:00,UNVR,RG,5350,1,F,YU,SQ,D
15:00:00,UNVR,RG,5350,36,F,YU,KK,D
15:00:00,UNVR,RG,5350,25,F,YU,DX,D
15:00:00,UNVR,RG,5350,4,F,YU,CC,D
15:00:00,UNVR,RG,5350,86,F,YU,GR,D
15:00:00,UNVR,RG,5350,14,D,CD,GR,D
15:00:00,UNVR,RG,5350,5,D,CD,CC,D
15:00:00,UNVR,RG,5350,7,D,CD,CC,D
15:00:00,UNVR,RG,5350,10,D,CD,CC,D
15:00:00,UNVR,RG,5350,259,D,CD,GR,D
15:00:00,UNVR,RG,5350,5,D,AT,GR,D
15:00:00,UNVR,RG,5350,136,D,DX,GR,D
15:00:00,UNVR,RG,5350,5,D,DX,YP,D
15:00:00,UNVR,RG,5350,3,D,DX,YP,D
15:00:00,UNVR,RG,5350,5,D,DX,YP,D
15:00:00,UNVR,RG,5350,25,D,DX,YP,D
15:00:00,UNVR,RG,5350,3,D,DX,DR,D
15:00:00,UNVR,RG,5350,5,D,DX,YP,D
15:00:00,UNVR,RG,5350,214,D,DX,YP,D
15:00:00,UNVR,RG,5350,1,D,DX,YP,D
15:00:00,UNVR,RG,5350,50,D,DX,MG,D
15:00:00,UNVR,RG,5350,20,D,DX,YB,D
15:00:00,UNVR,RG,5350,2,D,DX,PD,D
15:00:00,UNVR,RG,5350,1,D,DX,YP,D
15:00:00,UNVR,RG,5350,2,D,DX,YU,D
15:00:00,UNVR,RG,5350,343,D,DX,ZP,F
15:00:00,UNVR,RG,5350,254,D,CC,ZP,F
15:00:00,UNVR,RG,5350,8,F,ZP,ZP,F
15:00:00,UNVR,RG,5350,20,F,ZP,DR,D
15:00:00,UNVR,RG,5350,16,F,ZP,ZP,F
15:00:00,UNVR,RG,5350,662,F,ZP,CS,F
15:00:00,UNVR,RG,5350,176,F,ZP,CS,F
15:00:00,UNVR,RG,5350,11,F,ZP,BB,D
15:00:00,UNVR,RG,5350,540,F,ZP,DP,F
15:00:00,UNVR,RG,5350,4,F,ZP,RX,F
15:00:00,UNVR,RG,5350,192,F,ZP,AK,F
15:00:00,UNVR,RG,5350,1,F,ZP,AK,F
15:00:00,UNVR,RG,5350,2,F,ZP,AK,F
15:00:00,UNVR,RG,5350,21,F,ZP,CC,D
15:00:00,UNVR,RG,5350,38,F,ZP,YU,D
15:00:00,UNVR,RG,5350,324,F,ZP,RX,F
15:00:00,UNVR,RG,5350,105,F,ZP,ZP,D
15:00:00,UNVR,RG,5350,351,F,ZP,PD,D
15:00:00,UNVR,RG,5350,35,F,AK,PD,D
15:00:00,UNVR,RG,5350,9,F,AK,PD,D
15:00:00,UNVR,RG,5350,1,F,AK,PD,D
15:00:00,UNVR,RG,5350,34,F,AK,PD,D
15:00:00,UNVR,RG,5350,3230,F,AK,PD,D
15:00:00,UNVR,RG,5350,48,F,AK,PD,D
15:00:00,UNVR,RG,5350,1,F,AK,PD,D
15:00:00,UNVR,RG,5350,78,F,AK,PD,D
15:00:00,UNVR,RG,5350,213,D,RX,PD,D
15:00:00,UNVR,RG,5350,9,F,ZP,PD,D
14:49:57,UNVR,RG,5350,1,F,ZP,GR,D
14:49:56,UNVR,RG,5350,1,D,GR,GR,D
14:49:56,UNVR,RG,5350,5,D,YP,GR,D
14:49:55,UNVR,RG,5350,1,D,YP,GR,D
14:49:50,UNVR,RG,5350,1,F,KZ,GR,D
14:49:50,UNVR,RG,5325,36,D,YP,KK,D
14:49:50,UNVR,RG,5350,1,D,PD,GR,D
14:49:50,UNVR,RG,5350,1,F,ZP,GR,D
14:49:49,UNVR,RG,5350,10,D,CC,GR,D
14:49:47,UNVR,RG,5350,1,F,ZP,GR,D
14:49:47,UNVR,RG,5325,1,D,YP,AK,F
14:49:46,UNVR,RG,5325,1,D,YP,ZP,F
14:49:45,UNVR,RG,5350,15,F,KZ,GR,D
14:49:45,UNVR,RG,5325,3,F,ZP,AK,F
14:49:45,UNVR,RG,5325,1,F,ZP,AK,F
14:49:44,UNVR,RG,5350,1,F,ZP,GR,D
14:49:44,UNVR,RG,5350,35,F,KZ,GR,D
14:49:44,UNVR,RG,5350,10,D,NI,GR,D
14:49:44,UNVR,RG,5350,1,F,ZP,GR,D
14:49:39,UNVR,RG,5350,1,F,ZP,GR,D
14:49:39,UNVR,RG,5325,15,F,ZP,PD,D
14:49:38,UNVR,RG,5350,2,D,CC,GR,D
14:49:34,UNVR,RG,5350,5,D,EP,GR,D
14:49:34,UNVR,RG,5350,1,F,KZ,GR,D
14:49:34,UNVR,RG,5350,94,D,EP,GR,D
14:49:34,UNVR,RG,5350,1,F,ZP,GR,D
14:49:33,UNVR,RG,5350,1,D,CC,GR,D
14:49:33,UNVR,RG,5350,1,D,PD,GR,D
14:49:29,UNVR,RG,5350,27,F,KZ,GR,D
14:49:29,UNVR,RG,5350,1,F,ZP,GR,D
14:49:28,UNVR,RG,5350,77,D,BB,GR,D
14:49:28,UNVR,RG,5350,28,D,BB,GR,D
14:49:28,UNVR,RG,5350,1,F,KZ,GR,D
14:49:28,UNVR,RG,5350,141,D,BB,GR,D
14:49:27,UNVR,RG,5325,1,F,ZP,KK,D
14:49:21,UNVR,RG,5350,1,D,CC,GR,D
14:49:19,UNVR,RG,5350,1,D,PD,GR,D
14:49:19,UNVR,RG,5350,5,D,EP,GR,D
14:49:19,UNVR,RG,5350,22,F,KZ,GR,D
14:49:18,UNVR,RG,5350,5,D,EP,GR,D
14:49:17,UNVR,RG,5350,20,F,KZ,GR,D
14:49:17,UNVR,RG,5350,10,D,PD,GR,D
14:49:16,UNVR,RG,5350,4,F,KZ,GR,D
14:49:16,UNVR,RG,5350,5,D,KK,GR,D
14:49:16,UNVR,RG,5350,1,F,AK,GR,D
14:49:16,UNVR,RG,5350,1,F,AK,GR,D
14:49:16,UNVR,RG,5350,15,D,YP,GR,D
14:49:16,UNVR,RG,5350,1,D,CC,GR,D
14:49:16,UNVR,RG,5350,3,D,PD,GR,D
14:49:16,UNVR,RG,5350,20,D,SQ,GR,D
14:49:16,UNVR,RG,5350,10,D,HP,GR,D
14:49:16,UNVR,RG,5350,17,D,SQ,GR,D
14:49:16,UNVR,RG,5350,20,D,PD,GR,D
14:49:16,UNVR,RG,5350,5,D,YP,GR,D
14:49:16,UNVR,RG,5350,2,D,PD,GR,D
14:49:16,UNVR,RG,5350,1,F,AK,GR,D
14:49:16,UNVR,RG,5350,20,D,NI,GR,D
14:49:16,UNVR,RG,5350,1,D,YP,GR,D
14:49:16,UNVR,RG,5350,1,D,YP,GR,D
14:49:16,UNVR,RG,5350,9,D,XC,GR,D
14:49:16,UNVR,RG,5350,2,D,EP,GR,D
14:49:16,UNVR,RG,5350,252,D,CC,GR,D
14:49:16,UNVR,RG,5350,28,D,PD,GR,D
14:49:16,UNVR,RG,5350,3,D,XC,GR,D
14:49:16,UNVR,RG,5350,1,F,ZP,GR,D
14:49:16,UNVR,RG,5350,1,F,AK,GR,D
14:49:16,UNVR,RG,5350,15,D,YB,GR,D
14:49:16,UNVR,RG,5350,100,D,YP,GR,D
14:49:16,UNVR,RG,5350,60,F,BK,GR,D
14:49:16,UNVR,RG,5350,44,F,ZP,GR,D
14:49:16,UNVR,RG,5350,500,D,YP,GR,D
14:49:16,UNVR,RG,5350,194,F,ZP,GR,D
14:49:16,UNVR,RG,5350,7,D,CC,GR,D
14:49:16,UNVR,RG,5350,812,D,DX,GR,D
14:49:16,UNVR,RG,5350,402,D,DX,GR,D
14:49:16,UNVR,RG,5375,1,F,ZP,YP,D
14:49:16,UNVR,RG,5375,2,F,ZP,YP,D
14:49:15,UNVR,RG,5375,18,F,AG,YP,D
14:49:11,UNVR,RG,5375,1,F,ZP,YP,D
14:49:10,UNVR,RG,5350,8,D,DX,YU,D
14:49:10,UNVR,RG,5375,1,F,ZP,YP,D
14:49:09,UNVR,RG,5350,1,D,DX,PD,D
14:49:08,UNVR,RG,5375,4,F,ZP,YP,D
14:49:08,UNVR,RG,5375,1,F,KZ,YP,D
14:49:08,UNVR,RG,5375,46,D,DH,YP,D
14:49:07,UNVR,RG,5350,1,D,DX,ZP,F
14:49:02,UNVR,RG,5350,1,D,DX,PD,D
14:49:01,UNVR,RG,5375,7,F,ZP,YP,D
14:49:00,UNVR,RG,5375,12,F,KZ,YP,D
14:49:00,UNVR,RG,5350,3,D,DX,AK,F
14:49:00,UNVR,RG,5350,2,D,DX,AK,F
14:49:00,UNVR,RG,5350,1,D,DX,AK,F
14:49:00,UNVR,RG,5350,1,D,DX,AK,F
14:49:00,UNVR,RG,5350,1,D,DX,AK,F
14:49:00,UNVR,RG,5375,5,D,AK,YP,D
14:49:00,UNVR,RG,5375,6,D,AK,YP,D
14:49:00,UNVR,RG,5375,4,D,AK,YP,D
14:49:00,UNVR,RG,5375,2,D,AK,YP,D
14:49:00,UNVR,RG,5375,2,D,AK,YP,D
14:49:00,UNVR,RG,5375,3,D,AK,YP,D
14:49:00,UNVR,RG,5375,2,D,AK,YP,D
14:49:00,UNVR,RG,5350,38,D,DX,LG,D
14:49:00,UNVR,RG,5375,1,D,AK,YP,D
14:48:59,UNVR,RG,5375,13,F,ZP,YP,D
14:48:59,UNVR,RG,5375,1,F,ZP,YP,D
14:48:59,UNVR,RG,5350,100,D,DX,YP,D
14:48:58,UNVR,RG,5350,38,D,DX,CC,D
14:48:57,UNVR,RG,5375,6,F,KZ,YP,D
14:48:57,UNVR,RG,5350,1,D,DX,PD,D
14:48:53,UNVR,RG,5375,4,F,ZP,YP,D
14:48:53,UNVR,RG,5375,25,D,EP,YP,D
14:48:53,UNVR,RG,5375,11,D,EP,YP,D
14:48:53,UNVR,RG,5375,4,D,EP,PD,D
14:48:52,UNVR,RG,5350,3,D,DX,YP,D
14:48:47,UNVR,RG,5375,2,D,PD,PD,D
14:48:47,UNVR,RG,5375,15,F,ZP,PD,D
14:48:46,UNVR,RG,5350,25,D,DX,KK,D
14:48:46,UNVR,RG,5350,150,D,DX,XC,D
14:48:46,UNVR,RG,5375,8,F,ZP,PD,D
14:48:45,UNVR,RG,5375,1,F,KZ,PD,D
14:48:45,UNVR,RG,5375,20,D,PD,PD,D
14:48:45,UNVR,RG,5375,4,D,PD,DH,D
14:48:45,UNVR,RG,5375,25,D,PD,GR,D
14:48:45,UNVR,RG,5375,20,D,PD,KI,D
14:48:45,UNVR,RG,5375,24,D,PD,AZ,D
14:48:44,UNVR,RG,5375,1,D,YP,AZ,D
14:48:43,UNVR,RG,5375,1,F,KZ,AZ,D
14:48:43,UNVR,RG,5375,13,F,ZP,AZ,D
14:48:41,UNVR,RG,5375,83,D,EP,AZ,D
14:48:41,UNVR,RG,5375,1,D,EP,XC,D
14:48:41,UNVR,RG,5375,1,D,EP,PD,D
14:48:41,UNVR,RG,5375,2,D,EP,KK,D
14:48:41,UNVR,RG,5375,20,D,EP,PD,D
14:48:41,UNVR,RG,5375,4,D,EP,SQ,D
14:48:41,UNVR,RG,5375,1,D,EP,ZP,D
14:48:41,UNVR,RG,5375,10,D,EP,NI,D
14:48:41,UNVR,RG,5375,3,D,EP,YP,D
14:48:41,UNVR,RG,5375,10,D,EP,YJ,D
14:48:41,UNVR,RG,5375,2,D,EP,YP,D
14:48:41,UNVR,RG,5375,13,D,EP,YP,D
14:48:41,UNVR,RG,5375,3,F,ZP,YP,D
14:48:41,UNVR,RG,5350,21,D,DX,YU,D
14:48:40,UNVR,RG,5350,3,D,DX,XC,D
14:48:40,UNVR,RG,5375,34,F,ZP,YP,D
14:48:40,UNVR,RG,5375,1,F,ZP,PD,D
14:48:39,UNVR,RG,5350,400,D,DX,YP,D
14:48:39,UNVR,RG,5375,1,D,PD,YP,D
14:48:38,UNVR,RG,5350,5,D,DX,PD,D
14:48:37,UNVR,RG,5375,1,F,KZ,YP,D
14:48:35,UNVR,RG,5375,3,F,ZP,YP,D
14:48:35,UNVR,RG,5375,13,F,ZP,YP,D
14:48:35,UNVR,RG,5350,184,D,DX,CC,D
14:48:35,UNVR,RG,5375,4,F,KZ,YP,D
14:48:34,UNVR,RG,5375,8,F,ZP,YP,D
14:48:34,UNVR,RG,5375,20,F,ZP,IP,D
14:48:34,UNVR,RG,5375,3,F,ZP,XC,D
14:48:34,UNVR,RG,5375,5,F,ZP,CC,D
14:48:34,UNVR,RG,5375,1,F,ZP,NI,D
14:48:34,UNVR,RG,5375,2,F,ZP,XC,D
14:48:34,UNVR,RG,5375,79,F,ZP,AG,F
14:48:33,UNVR,RG,5375,1344,D,EP,AG,F
14:48:33,UNVR,RG,5350,5,D,DX,PD,D
14:48:32,UNVR,RG,5375,1,D,PD,AG,F
14:48:32,UNVR,RG,5375,1,D,PD,AG,F
14:48:32,UNVR,RG,5375,1,D,PD,AG,F
14:48:32,UNVR,RG,5375,1,D,PD,AG,F
14:48:28,UNVR,RG,5375,1,D,BB,AG,F
14:48:27,UNVR,RG,5375,1,D,BB,AG,F
14:48:27,UNVR,RG,5350,1,D,DX,PD,D
14:48:26,UNVR,RG,5375,2,F,ZP,AG,F
14:48:25,UNVR,RG,5375,9,D,YB,AG,F
14:48:25,UNVR,RG,5350,3,D,DX,XC,D
14:48:25,UNVR,RG,5350,10,D,DX,CC,D
14:48:24,UNVR,RG,5375,4,F,KZ,AG,F
14:48:22,UNVR,RG,5375,5,F,ZP,AG,F
14:48:22,UNVR,RG,5375,298,F,ZP,AG,F
14:48:22,UNVR,RG,5350,51,D,DX,EP,D
14:48:21,UNVR,RG,5350,100,D,DX,IP,D
14:48:21,UNVR,RG,5350,6,D,DX,CC,D
14:48:21,UNVR,RG,5350,34,D,DX,YP,D
14:48:21,UNVR,RG,5350,1,D,DX,YP,D
14:48:21,UNVR,RG,5350,5,D,DX,DH,D
14:48:21,UNVR,RG,5350,4,D,DX,OD,D
14:48:21,UNVR,RG,5350,350,D,DX,BK,F
14:48:21,UNVR,RG,5350,184,D,DX,BK,F
14:48:21,UNVR,RG,5350,99,D,DX,BK,F
14:48:21,UNVR,RG,5325,3,F,ZP,YP,D
14:48:21,UNVR,RG,5350,2090,D,DX,BK,F
14:48:21,UNVR,RG,5350,592,D,DX,YU,D
14:48:19,UNVR,RG,5350,2,F,ZP,YU,D
14:48:17,UNVR,RG,5350,17,F,KZ,YU,D
14:48:17,UNVR,RG,5350,261,F,ZP,YU,D
14:48:17,UNVR,RG,5350,13,F,KZ,YU,D
14:48:17,UNVR,RG,5350,715,D,PD,YU,D
14:48:17,UNVR,RG,5350,15,D,PD,DP,F
14:48:17,UNVR,RG,5350,5,D,PD,PD,D
14:48:16,UNVR,RG,5350,5,D,PD,KK,D
14:48:16,UNVR,RG,5350,6,D,PD,AK,F
14:48:16,UNVR,RG,5350,12,D,PD,AK,F
14:48:16,UNVR,RG,5350,7,D,PD,AK,F
14:48:16,UNVR,RG,5350,50,D,PD,CC,D
14:48:16,UNVR,RG,5350,5,D,PD,YP,D
14:48:16,UNVR,RG,5350,20,D,PD,YP,D
14:48:16,UNVR,RG,5350,2,D,PD,DH,D
14:48:16,UNVR,RG,5350,5,D,PD,AZ,D
14:48:16,UNVR,RG,5350,20,D,PD,YP,D
14:48:16,UNVR,RG,5350,236,D,PD,YP,D
14:48:16,UNVR,RG,5350,20,D,PD,YU,D
14:48:16,UNVR,RG,5350,20,D,PD,KK,D
14:48:16,UNVR,RG,5350,20,D,PD,YP,D
14:48:16,UNVR,RG,5350,300,D,PD,CD,D
14:48:16,UNVR,RG,5350,37,D,PD,DP,F
14:48:16,UNVR,RG,5350,302,D,PD,BK,F
14:48:16,UNVR,RG,5350,1,F,KZ,BK,F
14:48:16,UNVR,RG,5350,17,D,PD,BK,F
14:48:16,UNVR,RG,5350,499,D,PD,BK,F
14:48:16,UNVR,RG,5350,140,D,PD,BK,F
14:48:16,UNVR,RG,5350,403,D,PD,BK,F
14:48:16,UNVR,RG,5350,137,D,PD,BK,F
14:48:16,UNVR,RG,5350,1,D,SQ,BK,F
14:48:16,UNVR,RG,5350,1,D,AZ,BK,F
14:48:14,UNVR,RG,5350,2,D,CC,BK,F
14:48:14,UNVR,RG,5325,1,F,ZP,PD,D
14:48:10,UNVR,RG,5350,1,D,BB,BK,F
14:48:08,UNVR,RG,5350,3,F,ZP,BK,F
14:48:07,UNVR,RG,5350,1,F,KZ,BK,F
14:48:07,UNVR,RG,5350,32,D,BB,BK,F
14:48:07,UNVR,RG,5350,1,D,XC,BK,F
14:48:06,UNVR,RG,5350,3,D,EP,BK,F
14:48:05,UNVR,RG,5350,10,F,ZP,CC,F
14:48:05,UNVR,RG,5350,65,F,KZ,CC,F
14:48:05,UNVR,RG,5350,1,D,BB,CC,F
14:48:04,UNVR,RG,5350,21,D,AK,CC,F
14:48:04,UNVR,RG,5350,22,D,AK,CC,F
14:48:04,UNVR,RG,5350,1,F,AK,CC,F
14:48:04,UNVR,RG,5350,200,D,TF,CC,F
14:48:04,UNVR,RG,5350,51,D,YB,CC,F
14:48:04,UNVR,RG,5350,3,F,AK,CC,F
14:48:04,UNVR,RG,5350,2,D,BQ,CC,F
14:48:04,UNVR,RG,5350,1,F,KZ,CC,F
14:48:04,UNVR,RG,5350,5,F,KZ,CC,F
14:48:04,UNVR,RG,5350,1,D,YP,CC,F
14:48:04,UNVR,RG,5350,14,D,CC,CC,F
14:48:04,UNVR,RG,5350,3,D,SQ,CC,F
14:48:04,UNVR,RG,5350,2,F,ZP,CC,F
14:48:04,UNVR,RG,5350,1,D,BB,CC,F
14:48:04,UNVR,RG,5350,55,D,PD,CC,F
14:48:04,UNVR,RG,5350,18,D,BB,CC,F
14:48:04,UNVR,RG,5350,1,D,PD,CC,F
14:48:04,UNVR,RG,5350,58,F,AK,CC,F
14:48:04,UNVR,RG,5350,5,D,EP,CC,F
14:48:04,UNVR,RG,5350,2,D,PD,CC,F
14:48:04,UNVR,RG,5350,5,D,EP,CC,F
14:48:04,UNVR,RG,5350,2,D,XL,CC,F
14:48:04,UNVR,RG,5350,1,F,ZP,CC,F
14:48:04,UNVR,RG,5350,16,D,CC,CC,F
14:48:04,UNVR,RG,5350,1,D,DR,CC,F
14:48:04,UNVR,RG,5350,2,D,XL,CC,F
14:48:04,UNVR,RG,5350,35,D,PD,CC,F
14:48:04,UNVR,RG,5350,122,D,PD,BK,F
14:48:04,UNVR,RG,5350,5,D,EP,BK,F
14:48:04,UNVR,RG,5350,108,D,CC,BK,F
14:48:04,UNVR,RG,5350,1,D,XL,BK,F
14:48:04,UNVR,RG,5350,241,F,BK,BK,F
14:48:04,UNVR,RG,5350,10,D,NI,BK,F
14:48:04,UNVR,RG,5350,5,D,CC,BK,F
14:48:04,UNVR,RG,5350,1,F,BK,BK,F
14:48:04,UNVR,RG,5350,18,D,AK,BK,F
14:48:04,UNVR,RG,5350,19,D,AK,BK,F
14:48:04,UNVR,RG,5350,19,D,AK,BK,F
14:48:04,UNVR,RG,5350,19,D,AK,BK,F
14:48:04,UNVR,RG,5350,344,F,BK,BK,F
14:48:04,UNVR,RG,5350,5,D,DR,BK,F
14:48:04,UNVR,RG,5350,310,F,ZP,BK,F
14:48:04,UNVR,RG,5350,4,F,ZP,BK,F
14:48:04,UNVR,RG,5350,1000,D,CC,BK,F
14:48:04,UNVR,RG,5350,5,F,AK,BK,F
14:48:04,UNVR,RG,5350,532,F,BK,BK,F
14:48:04,UNVR,RG,5350,608,F,BK,BK,F
14:48:04,UNVR,RG,5350,10,F,BK,PD,D
14:48:03,UNVR,RG,5350,3,F,BK,YB,D
14:48:02,UNVR,RG,5375,15,F,ZP,AG,F
14:48:02,UNVR,RG,5375,19,F,BK,AG,F
14:48:02,UNVR,RG,5350,5,F,BK,KK,D
14:48:01,UNVR,RG,5350,50,F,BK,PD,D
14:48:01,UNVR,RG,5350,30,F,BK,NI,D
14:48:01,UNVR,RG,5375,75,D,PD,AG,F
14:48:01,UNVR,RG,5375,23,F,ZP,AG,F
14:48:00,UNVR,RG,5375,7,F,AK,AG,F
14:48:00,UNVR,RG,5375,99,F,KZ,AG,F
14:48:00,UNVR,RG,5350,3,F,BK,YP,D
14:48:00,UNVR,RG,5375,17,D,AK,AG,F
14:48:00,UNVR,RG,5375,9,D,AK,AG,F
14:48:00,UNVR,RG,5350,1,F,BK,YP,D
14:48:00,UNVR,RG,5375,1,F,KZ,AG,F
14:48:00,UNVR,RG,5375,5,F,KZ,AG,F
14:48:00,UNVR,RG,5375,10,F,KZ,AG,F
14:48:00,UNVR,RG,5375,1,F,KZ,AG,F
14:48:00,UNVR,RG,5375,42,F,KZ,AG,F
14:48:00,UNVR,RG,5375,40,F,KZ,AG,F
14:47:59,UNVR,RG,5375,27,F,BK,AG,F
14:47:57,UNVR,RG,5375,2,F,ZP,AG,F
14:47:55,UNVR,RG,5375,3,D,DR,AG,F
14:47:55,UNVR,RG,5375,2,F,ZP,AG,F
14:47:54,UNVR,RG,5375,13,F,BK,AG,F
14:47:53,UNVR,RG,5375,1,F,ZP,AG,F
14:47:53,UNVR,RG,5375,3,D,BB,AG,F
14:47:52,UNVR,RG,5375,12,D,YP,AG,F
14:47:52,UNVR,RG,5375,1,D,PD,AG,F
14:47:52,UNVR,RG,5375,1,F,ZP,AG,F
14:47:52,UNVR,RG,5350,5,F,BK,PD,D
14:47:51,UNVR,RG,5375,9,D,DR,AG,F
14:47:50,UNVR,RG,5375,5,F,ZP,AG,F
14:47:49,UNVR,RG,5375,24,F,BK,AG,F
14:47:49,UNVR,RG,5350,29,F,BK,RO,D
14:47:47,UNVR,RG,5375,2,F,ZP,AG,F
14:47:47,UNVR,RG,5375,15,F,BK,AG,F
14:47:46,UNVR,RG,5350,1,F,BK,PD,D
14:47:45,UNVR,RG,5375,1,F,AK,AG,F
14:47:45,UNVR,RG,5375,1,F,AK,AG,F
14:47:44,UNVR,RG,5375,5,D,XL,AG,F
14:47:43,UNVR,RG,5350,5,F,BK,XL,D
14:47:43,UNVR,RG,5375,3,F,ZP,AG,F
14:47:42,UNVR,RG,5375,3,D,DR,AG,F
14:47:42,UNVR,RG,5375,10,D,YP,AG,F
14:47:41,UNVR,RG,5375,20,F,BK,AG,F
14:47:41,UNVR,RG,5375,4,F,ZP,AG,F
14:47:41,UNVR,RG,5350,1,F,BK,ZP,D
14:47:41,UNVR,RG,5375,6,D,DR,AG,F
14:47:41,UNVR,RG,5375,1,D,CC,AG,F
14:47:40,UNVR,RG,5375,40,D,DR,AG,F
14:47:40,UNVR,RG,5375,1,D,AT,AG,F
14:47:40,UNVR,RG,5375,11,F,ZP,AG,F
14:47:39,UNVR,RG,5375,100,D,YP,AG,F
14:47:38,UNVR,RG,5375,24,D,AK,AG,F
14:47:38,UNVR,RG,5375,2,F,ZP,AG,F
14:47:38,UNVR,RG,5375,25,F,BK,AG,F
14:47:37,UNVR,RG,5375,3,F,ZP,AG,F
14:47:36,UNVR,RG,5375,16,F,BK,AG,F
14:47:35,UNVR,RG,5350,10,F,BK,XL,D
14:47:34,UNVR,RG,5375,2,D,YB,AG,F
14:47:34,UNVR,RG,5375,1,F,ZP,AG,F
14:47:33,UNVR,RG,5375,19,D,CP,AG,F
14:47:32,UNVR,RG,5375,2,F,ZP,AG,F
14:47:32,UNVR,RG,5375,21,F,BK,AG,F
14:47:31,UNVR,RG,5375,47,F,ZP,AG,F
14:47:30,UNVR,RG,5375,21,F,AK,AG,F
14:47:30,UNVR,RG,5375,500,D,YP,AG,F
14:47:29,UNVR,RG,5375,15,F,BK,AG,F
14:47:29,UNVR,RG,5375,3,D,XC,AG,F
14:47:26,UNVR,RG,5375,2,F,ZP,AG,F
14:47:26,UNVR,RG,5375,22,D,EP,AG,F
14:47:25,UNVR,RG,5375,46,F,ZP,AG,F
14:47:24,UNVR,RG,5375,14,F,BK,AG,F
14:47:24,UNVR,RG,5350,1,F,BK,KK,D
14:47:23,UNVR,RG,5350,28,F,BK,YP,F
14:47:23,UNVR,RG,5350,2,F,KZ,YP,F
14:47:23,UNVR,RG,5350,46,F,KZ,YP,F
14:47:23,UNVR,RG,5350,2,F,KZ,YP,F
14:47:23,UNVR,RG,5350,10,D,PD,YP,F
14:47:23,UNVR,RG,5350,429,D,CC,YP,F
14:47:23,UNVR,RG,5375,4,F,ZP,AG,F
14:47:22,UNVR,RG,5375,26,F,BK,AG,F
14:47:22,UNVR,RG,5350,10,D,CC,PD,D
14:47:20,UNVR,RG,5350,10,D,CC,NI,D
14:47:20,UNVR,RG,5375,13,F,ZP,AG,F
14:47:19,UNVR,RG,5375,27,F,BK,AG,F
14:47:19,UNVR,RG,5375,120,D,EP,AG,F
14:47:19,UNVR,RG,5375,4,F,ZP,AG,F
14:47:18,UNVR,RG,5350,12,D,CC,YU,D
14:47:18,UNVR,RG,5350,38,D,CC,YU,D
14:47:16,UNVR,RG,5350,1,D,CC,KK,D
14:47:16,UNVR,RG,5375,74,F,ZP,AG,F
14:47:15,UNVR,RG,5375,277,D,NI,AG,F
14:47:15,UNVR,RG,5375,544,D,NI,AG,F
14:47:14,UNVR,RG,5375,14,F,BK,AG,F
14:47:14,UNVR,RG,5350,12,D,CC,CC,D
14:47:13,UNVR,RG,5350,2,D,CC,ZP,D
14:47:13,UNVR,RG,5375,2,F,ZP,AG,F
14:47:12,UNVR,RG,5375,25,F,BK,AG,F
14:47:08,UNVR,RG,5375,16,F,ZP,AG,F
14:47:07,UNVR,RG,5375,183,F,BK,AG,F
14:47:05,UNVR,RG,5375,2,F,ZP,AG,F
14:47:04,UNVR,RG,5375,15,F,BK,AG,F
14:47:04,UNVR,RG,5375,7,F,ZP,AG,F
14:47:03,UNVR,RG,5350,20,D,CC,KK,D
14:47:03,UNVR,RG,5350,1,D,CC,DR,D
14:47:02,UNVR,RG,5375,65,F,BK,AG,F
14:47:01,UNVR,RG,5375,3,F,ZP,AG,F
14:47:00,UNVR,RG,5375,16,F,AG,AG,F
14:47:00,UNVR,RG,5375,2,F,AK,AG,F
14:47:00,UNVR,RG,5375,10,D,IF,AG,F
14:46:56,UNVR,RG,5375,11,F,ZP,AG,F
14:46:56,UNVR,RG,5375,1,D,YP,AG,F
14:46:55,UNVR,RG,5375,130,D,YB,AG,F
14:46:55,UNVR,RG,5375,1,F,ZP,AG,F
14:46:53,UNVR,RG,5350,1,D,CC,PD,D
14:46:52,UNVR,RG,5375,15,F,BK,AG,F
14:46:50,UNVR,RG,5375,7,F,ZP,AG,F
14:46:50,UNVR,RG,5375,42,F,BK,AG,F
14:46:49,UNVR,RG,5375,29,F,BK,AG,F
14:46:49,UNVR,RG,5375,53,F,ZP,AG,F
14:46:48,UNVR,RG,5350,28,D,CC,SS,D
14:46:48,UNVR,RG,5350,50,D,YP,SS,D
14:46:48,UNVR,RG,5350,82,D,BB,SS,D
14:46:48,UNVR,RG,5350,3,D,BB,SS,D
14:46:48,UNVR,RG,5350,337,F,AK,SS,D
14:46:48,UNVR,RG,5375,4,D,BB,AG,F
14:46:48,UNVR,RG,5350,20,F,AK,RO,D
14:46:48,UNVR,RG,5350,9,F,AK,RO,D
14:46:47,UNVR,RG,5375,21,D,AK,AG,F
14:46:47,UNVR,RG,5350,43,F,AK,AO,D
14:46:47,UNVR,RG,5350,7,F,AK,AO,D
14:46:47,UNVR,RG,5350,4,F,ZP,AO,D
14:46:43,UNVR,RG,5375,2,D,DR,AG,F
14:46:43,UNVR,RG,5350,1,F,ZP,XC,D
14:46:43,UNVR,RG,5375,3,F,ZP,AG,F
14:46:42,UNVR,RG,5375,11,F,BK,AG,F
14:46:42,UNVR,RG,5375,23,F,BK,GR,D
14:46:41,UNVR,RG,5375,4,D,XC,GR,D
14:46:37,UNVR,RG,5375,4,F,ZP,GR,D
14:46:36,UNVR,RG,5375,1,F,AK,GR,D
14:46:35,UNVR,RG,5350,1,F,ZP,YP,D
14:46:35,UNVR,RG,5350,44,D,CC,YP,D
14:46:31,UNVR,RG,5375,2,F,ZP,GR,D
14:46:30,UNVR,RG,5375,1,F,AK,GR,D
14:46:30,UNVR,RG,5375,8,F,AK,GR,D
14:46:29,UNVR,RG,5375,7,D,YP,GR,D
14:46:29,UNVR,RG,5375,3,D,YP,YP,D
14:46:25,UNVR,RG,5375,5,D,CC,YP,D
14:46:25,UNVR,RG,5375,1,F,ZP,NI,D
14:46:25,UNVR,RG,5375,1,F,ZP,PD,D
14:46:24,UNVR,RG,5375,1,D,DR,PD,D
14:46:24,UNVR,RG,5375,9,D,DR,ZP,D
14:46:23,UNVR,RG,5375,13,F,BK,ZP,D
14:46:23,UNVR,RG,5375,2,F,ZP,ZP,D
14:46:22,UNVR,RG,5350,1,D,CC,YP,D
14:46:22,UNVR,RG,5350,20,D,CC,XC,D
14:46:22,UNVR,RG,5375,1,D,XC,ZP,D
14:46:22,UNVR,RG,5350,1,D,CC,PD,D
14:46:20,UNVR,RG,5375,7,F,ZP,ZP,D
14:46:19,UNVR,RG,5375,13,F,BK,ZP,D
14:46:19,UNVR,RG,5375,5,F,BK,ZP,D
14:46:19,UNVR,RG,5375,50,F,BK,AG,D
14:46:19,UNVR,RG,5375,5,F,BK,YP,D
14:46:19,UNVR,RG,5375,2,F,BK,PD,D
14:46:19,UNVR,RG,5375,3,F,ZP,PD,D
14:46:17,UNVR,RG,5375,1,D,AK,PD,D
14:46:17,UNVR,RG,5375,1,D,AK,CC,D
14:46:17,UNVR,RG,5375,1,D,AK,PD,D
14:46:17,UNVR,RG,5375,5,D,AK,PD,D
14:46:17,UNVR,RG,5375,1,D,AK,XC,D
14:46:17,UNVR,RG,5375,10,D,AK,YP,D
14:46:17,UNVR,RG,5375,10,D,AK,PD,D
14:46:16,UNVR,RG,5350,16,D,CC,YP,D
14:46:16,UNVR,RG,5375,1,F,ZP,PD,D
14:46:16,UNVR,RG,5375,3,F,ZP,YP,D
14:46:16,UNVR,RG,5375,1,F,ZP,YP,D
14:46:16,UNVR,RG,5375,2,F,ZP,NI,D
14:46:16,UNVR,RG,5375,5,F,ZP,YP,D
14:46:15,UNVR,RG,5375,1,F,AK,YP,D
14:46:15,UNVR,RG,5375,1,F,BK,NI,D
14:46:15,UNVR,RG,5375,5,F,BK,PD,D
14:46:15,UNVR,RG,5375,50,F,BK,AZ,D
14:46:15,UNVR,RG,5375,5,F,BK,DR,D
14:46:15,UNVR,RG,5375,7,F,BK,YP,D
14:46:15,UNVR,RG,5375,5,F,BK,NI,D
14:46:15,UNVR,RG,5375,10,F,BK,CC,D
14:46:15,UNVR,RG,5375,18,F,BK,NI,D
14:46:15,UNVR,RG,5375,6,F,BK,YP,D
14:46:15,UNVR,RG,5375,20,F,BK,EP,D
14:46:14,UNVR,RG,5375,3,F,ZP,CC,D
14:46:14,UNVR,RG,5375,1,F,ZP,KK,D
14:46:14,UNVR,RG,5375,93,F,ZP,PD,D
14:46:14,UNVR,RG,5375,19,F,ZP,DH,D
14:46:14,UNVR,RG,5375,25,F,ZP,AZ,D
14:46:14,UNVR,RG,5375,15,F,ZP,SH,D
14:46:14,UNVR,RG,5350,10,D,CC,YP,D
14:46:14,UNVR,RG,5350,15,D,CC,DP,F
14:46:13,UNVR,RG,5350,10,D,CC,EP,D
14:46:13,UNVR,RG,5350,241,D,CC,CC,F
14:46:13,UNVR,RG,5350,90,D,CC,XA,D
14:46:13,UNVR,RG,5350,10,D,CC,PD,D
14:46:13,UNVR,RG,5350,5,D,CC,YP,D
14:46:13,UNVR,RG,5350,5,D,CC,YP,D
14:46:13,UNVR,RG,5350,4,D,CC,NI,D
14:46:13,UNVR,RG,5350,1,D,CC,YP,D
14:46:13,UNVR,RG,5350,45,D,CC,OD,D
14:46:13,UNVR,RG,5350,52,D,CC,DP,F
14:46:13,UNVR,RG,5350,100,D,CC,YP,D
14:46:13,UNVR,RG,5350,72,D,CC,YP,D
14:46:13,UNVR,RG,5350,1,D,CC,KK,D
14:46:13,UNVR,RG,5350,1,D,CC,XC,D
14:46:13,UNVR,RG,5350,125,D,CC,OD,D
14:46:13,UNVR,RG,5350,5,D,CC,ZP,D
14:46:13,UNVR,RG,5350,10,D,CC,AK,F
14:46:13,UNVR,RG,5350,1,D,CC,NI,D
14:46:13,UNVR,RG,5350,3,D,CC,DH,D
14:46:13,UNVR,RG,5350,5,D,CC,YP,D
14:46:13,UNVR,RG,5350,1,D,CC,SQ,D
14:46:13,UNVR,RG,5350,35,D,CC,YP,D
14:46:13,UNVR,RG,5350,1,D,CC,KK,D
14:46:13,UNVR,RG,5350,2,D,CC,YP,D
14:46:13,UNVR,RG,5350,3,D,CC,PD,D
14:46:13,UNVR,RG,5350,1,D,CC,XC,D
14:46:13,UNVR,RG,5350,3,D,CC,CC,D
14:46:13,UNVR,RG,5350,1,D,CC,KK,D
14:46:13,UNVR,RG,5350,2,D,CC,DH,D
14:46:13,UNVR,RG,5350,5,D,CC,PD,D
14:46:13,UNVR,RG,5350,100,D,CC,GR,D
14:46:13,UNVR,RG,5350,2,D,CC,ZP,F
14:46:13,UNVR,RG,5350,28,D,CC,CS,F
14:46:13,UNVR,RG,5350,1,D,CC,AR,D
14:46:13,UNVR,RG,5350,24,D,CC,AK,F
14:46:13,UNVR,RG,5350,5,D,CC,PD,D
14:46:13,UNVR,RG,5350,1,D,CC,XC,D
14:46:13,UNVR,RG,5350,1,D,CC,XC,D
14:46:13,UNVR,RG,5350,5,D,CC,PD,D
14:46:13,UNVR,RG,5350,100,D,CC,YP,D
14:46:13,UNVR,RG,5350,5,D,CC,PD,D
14:46:13,UNVR,RG,5350,20,D,CC,NI,D
14:46:13,UNVR,RG,5350,5,D,CC,PD,D
14:46:13,UNVR,RG,5350,1,D,CC,CC,D
14:46:13,UNVR,RG,5350,5,D,CC,PD,D
14:46:13,UNVR,RG,5350,10,D,CC,PS,D
14:46:13,UNVR,RG,5350,1,D,CC,SQ,D
14:46:13,UNVR,RG,5350,2,D,CC,OD,D
14:46:13,UNVR,RG,5350,16,D,CC,PD,D
14:46:13,UNVR,RG,5350,5,D,CC,PD,D
14:46:13,UNVR,RG,5350,50,D,CC,YP,D
14:46:13,UNVR,RG,5350,5,D,CC,KK,D
14:46:13,UNVR,RG,5350,250,D,CC,CC,D
14:46:13,UNVR,RG,5350,1,D,CC,PD,D
14:46:13,UNVR,RG,5350,25,D,CC,CC,D
14:46:13,UNVR,RG,5350,6,D,CC,XC,D
14:46:13,UNVR,RG,5350,5,D,CC,KK,D
14:46:13,UNVR,RG,5350,1,D,CC,CC,D
14:46:13,UNVR,RG,5350,1,D,CC,KK,D
14:46:13,UNVR,RG,5350,5,D,CC,PD,D
14:46:13,UNVR,RG,5350,10,D,CC,NI,D
14:46:13,UNVR,RG,5350,10,D,CC,MG,D
14:46:13,UNVR,RG,5350,1,D,CC,PD,D
14:46:13,UNVR,RG,5350,25,D,CC,CC,D
14:46:13,UNVR,RG,5350,5,D,CC,CC,D
14:46:13,UNVR,RG,5350,1,D,CC,ZP,D
14:46:13,UNVR,RG,5350,5,D,CC,GR,D
14:46:13,UNVR,RG,5350,10,D,CC,PD,D
14:46:13,UNVR,RG,5350,1,D,CC,YP,D
14:46:13,UNVR,RG,5350,3,D,CC,AZ,D
14:46:13,UNVR,RG,5350,10,D,CC,XC,D
14:46:13,UNVR,RG,5350,100,D,CC,YP,D
14:46:13,UNVR,RG,5350,50,D,CC,CC,D
14:46:13,UNVR,RG,5350,1,D,CC,EP,D
14:46:13,UNVR,RG,5350,5,D,CC,YP,D
14:46:13,UNVR,RG,5350,5,D,CC,KK,D
14:46:13,UNVR,RG,5350,31,F,ZP,KK,D
14:46:13,UNVR,RG,5350,2,F,ZP,KK,D
14:46:13,UNVR,RG,5350,149,D,YP,KK,D
14:46:13,UNVR,RG,5350,2,D,YP,KK,D
14:46:13,UNVR,RG,5350,2,D,YP,PD,D
14:46:13,UNVR,RG,5350,83,D,YP,OD,D
14:46:13,UNVR,RG,5350,103,D,CP,OD,D
14:46:13,UNVR,RG,5350,5,D,CP,PD,D
14:46:13,UNVR,RG,5350,17,D,CP,PD,D
14:46:13,UNVR,RG,5350,9,F,ZP,PD,D
14:46:12,UNVR,RG,5350,7,D,PD,PD,D
14:46:11,UNVR,RG,5350,7,D,YP,PD,D
14:46:11,UNVR,RG,5350,18,D,YP,YU,D
14:46:11,UNVR,RG,5350,20,D,YP,CC,D
14:46:11,UNVR,RG,5350,2,D,YP,YP,D
14:46:11,UNVR,RG,5350,4,D,YP,YP,D
14:46:11,UNVR,RG,5350,1,D,YP,YP,D
14:46:11,UNVR,RG,5350,5,D,YP,OD,D
14:46:11,UNVR,RG,5350,11,D,YP,CC,D
14:46:11,UNVR,RG,5350,2,D,YP,YP,D
14:46:11,UNVR,RG,5350,30,D,YP,SQ,D
14:46:11,UNVR,RG,5350,9,F,ZP,SQ,D
14:46:11,UNVR,RG,5350,2,F,ZP,SQ,D
14:46:11,UNVR,RG,5350,9,F,BK,SQ,D
14:46:11,UNVR,RG,5350,19,F,BK,YP,D
14:46:10,UNVR,RG,5350,14,F,BK,YP,D
14:46:10,UNVR,RG,5350,16,F,BK,NI,D
14:46:10,UNVR,RG,5350,44,D,YP,NI,D
14:46:10,UNVR,RG,5350,2,F,ZP,NI,D
14:46:09,UNVR,RG,5350,5,D,AZ,NI,D
14:46:09,UNVR,RG,5350,12,F,AG,NI,D
14:46:07,UNVR,RG,5350,60,F,ZP,NI,D
14:46:06,UNVR,RG,5350,61,D,YP,NI,D
14:46:06,UNVR,RG,5350,2,D,YP,ZP,F
14:46:06,UNVR,RG,5350,3,D,YP,XC,D
14:46:06,UNVR,RG,5350,1,D,YP,YP,D
14:46:06,UNVR,RG,5350,5,D,YP,CC,D
14:46:06,UNVR,RG,5350,2,D,YP,CC,D
14:46:06,UNVR,RG,5350,4,D,YP,SQ,D
14:46:06,UNVR,RG,5350,16,D,YP,YP,D
14:46:06,UNVR,RG,5350,2,D,EP,YP,D
14:46:05,UNVR,RG,5350,2,F,BK,YP,D
14:46:05,UNVR,RG,5350,100,F,BK,CC,D
14:46:05,UNVR,RG,5350,5,F,BK,PD,D
14:46:05,UNVR,RG,5350,31,F,BK,DP,F
14:46:05,UNVR,RG,5350,30,F,BK,PD,D
14:46:05,UNVR,RG,5350,10,F,BK,PD,D
14:46:05,UNVR,RG,5350,1,F,BK,YP,D
14:46:05,UNVR,RG,5350,20,F,BK,CC,D
14:46:05,UNVR,RG,5350,3,F,BK,XL,D
14:46:05,UNVR,RG,5350,6,F,BK,XC,D
14:46:05,UNVR,RG,5350,120,F,BK,YP,D
14:46:05,UNVR,RG,5350,15,F,BK,DH,D
14:46:05,UNVR,RG,5350,36,F,BK,DR,D
14:46:05,UNVR,RG,5325,1,D,CC,ZP,D
14:46:05,UNVR,RG,5350,64,D,YP,DR,D
14:46:05,UNVR,RG,5350,5,D,YP,PD,D
14:46:05,UNVR,RG,5350,10,D,YP,YP,D
14:46:05,UNVR,RG,5350,37,D,YP,SQ,D
14:46:05,UNVR,RG,5350,2,D,YP,PD,D
14:46:05,UNVR,RG,5350,25,D,YP,CC,D
14:46:05,UNVR,RG,5350,10,D,YP,PD,D
14:46:05,UNVR,RG,5350,5,D,YP,DH,D
14:46:05,UNVR,RG,5350,5,D,YP,XC,D
14:46:05,UNVR,RG,5350,1,D,YP,CC,D
14:46:05,UNVR,RG,5350,2,D,YP,PD,D
14:46:05,UNVR,RG,5350,20,D,YP,PD,D
14:46:05,UNVR,RG,5350,1,D,YP,XC,D
14:46:05,UNVR,RG,5350,13,D,YP,XC,D
14:46:05,UNVR,RG,5350,16,D,YP,XC,D
14:46:05,UNVR,RG,5350,17,F,ZP,XC,D
14:46:05,UNVR,RG,5350,2,F,ZP,YP,D
14:46:05,UNVR,RG,5350,10,F,ZP,CC,D
14:46:05,UNVR,RG,5350,4,F,ZP,PD,D
14:46:05,UNVR,RG,5350,5,F,ZP,XC,D
14:46:05,UNVR,RG,5350,4,F,ZP,PD,D
14:46:05,UNVR,RG,5350,20,F,ZP,CC,D
14:46:05,UNVR,RG,5350,5,F,ZP,CC,D
14:46:05,UNVR,RG,5350,1,F,ZP,XC,D
14:46:05,UNVR,RG,5350,25,F,ZP,KK,D
14:46:05,UNVR,RG,5350,1,F,ZP,PD,D
14:46:05,UNVR,RG,5350,2,F,ZP,XC,D
14:46:05,UNVR,RG,5350,10,F,ZP,YP,D
14:46:05,UNVR,RG,5350,4,F,ZP,PD,D
14:46:05,UNVR,RG,5350,33,F,ZP,YP,D
14:46:05,UNVR,RG,5325,1,D,CC,ZP,F
14:46:05,UNVR,RG,5350,67,D,DR,YP,D
14:46:05,UNVR,RG,5350,1,D,DR,GR,D
14:46:05,UNVR,RG,5350,10,D,DR,KK,D
14:46:05,UNVR,RG,5350,20,D,DR,DR,D
14:46:05,UNVR,RG,5350,2,D,DR,SQ,D
14:46:05,UNVR,RG,5350,3,D,DR,NI,D
14:46:05,UNVR,RG,5350,50,D,DR,YP,D
14:46:05,UNVR,RG,5350,20,D,DR,CC,D
14:46:05,UNVR,RG,5350,1,D,DR,YP,D
14:46:05,UNVR,RG,5350,5,D,DR,PD,D
14:46:05,UNVR,RG,5350,100,D,DR,DH,D
14:46:05,UNVR,RG,5350,15,D,DR,KK,D
14:46:05,UNVR,RG,5350,10,D,DR,EP,D
14:46:05,UNVR,RG,5350,3,D,DR,YP,D
14:46:05,UNVR,RG,5350,5,D,DR,YP,D
14:46:05,UNVR,RG,5350,1,D,DR,GR,D
14:46:05,UNVR,RG,5350,2,D,DR,CC,D
14:46:05,UNVR,RG,5350,50,D,DR,NI,D
14:46:05,UNVR,RG,5350,1,D,DR,XC,D
14:46:05,UNVR,RG,5350,1,D,DR,XC,D
14:46:05,UNVR,RG,5350,5,D,DR,YP,D
14:46:05,UNVR,RG,5350,10,D,DR,KK,D
14:46:05,UNVR,RG,5350,208,D,DR,YP,D
14:46:04,UNVR,RG,5350,57,D,YP,YP,D
14:46:04,UNVR,RG,5350,235,D,MG,YP,D
14:46:04,UNVR,RG,5350,100,D,MG,YU,D
14:46:04,UNVR,RG,5350,5,D,MG,OD,D
14:46:04,UNVR,RG,5350,5,D,MG,NI,D
14:46:04,UNVR,RG,5350,24,D,MG,PD,D
14:46:04,UNVR,RG,5350,20,D,MG,PD,D
14:46:04,UNVR,RG,5350,20,D,MG,YP,D
14:46:04,UNVR,RG,5350,5,D,MG,YP,D
14:46:04,UNVR,RG,5350,1,D,MG,AT,D
14:46:04,UNVR,RG,5350,1,D,MG,NI,D
14:46:04,UNVR,RG,5350,100,D,MG,DR,D
14:46:04,UNVR,RG,5350,1,D,MG,PD,D
14:46:04,UNVR,RG,5350,10,D,MG,PD,D
14:46:04,UNVR,RG,5350,5,D,MG,YP,D
14:46:04,UNVR,RG,5350,1,D,MG,AI,D
14:46:04,UNVR,RG,5350,1,D,MG,PD,D
14:46:04,UNVR,RG,5350,15,D,MG,EP,D
14:46:04,UNVR,RG,5350,2,D,MG,DH,D
14:46:04,UNVR,RG,5350,10,D,MG,YP,D
14:46:04,UNVR,RG,5350,2,D,MG,SQ,D
14:46:04,UNVR,RG,5350,40,D,MG,PD,D
14:46:04,UNVR,RG,5350,16,D,MG,GR,D
14:46:04,UNVR,RG,5350,381,D,MG,DR,D
14:46:04,UNVR,RG,5350,119,F,ZP,DR,D
14:46:04,UNVR,RG,5350,55,F,ZP,DH,D
14:46:04,UNVR,RG,5350,1,F,ZP,CC,D
14:46:04,UNVR,RG,5350,60,F,ZP,SQ,D
14:46:04,UNVR,RG,5350,5,F,ZP,YP,D
14:46:04,UNVR,RG,5350,3,F,ZP,PD,D
14:46:04,UNVR,RG,5350,1,F,ZP,PD,D
14:46:04,UNVR,RG,5350,1,F,ZP,DH,D
14:46:04,UNVR,RG,5350,10,F,ZP,PD,D
14:46:04,UNVR,RG,5350,100,F,ZP,YP,D
14:46:04,UNVR,RG,5350,5,F,ZP,CC,D
14:46:04,UNVR,RG,5350,2,F,ZP,NI,D
14:46:04,UNVR,RG,5350,73,F,ZP,XC,D
14:46:03,UNVR,RG,5350,127,D,PD,XC,D
14:46:03,UNVR,RG,5350,100,D,PD,YP,F
14:46:03,UNVR,RG,5350,1,D,PD,NI,D
14:46:03,UNVR,RG,5350,8,D,PD,PD,D
14:46:03,UNVR,RG,5350,5,D,PD,DH,D
14:46:03,UNVR,RG,5350,23,D,PD,YP,D
14:46:03,UNVR,RG,5350,97,D,PD,YP,D
14:46:03,UNVR,RG,5350,100,D,PD,AO,D
14:46:03,UNVR,RG,5350,2,D,PD,XC,D
14:46:03,UNVR,RG,5350,10,D,PD,YP,D
14:46:03,UNVR,RG,5350,5,D,PD,YP,D
14:46:03,UNVR,RG,5350,10,D,PD,YP,D
14:46:03,UNVR,RG,5350,1,D,PD,YP,D
14:46:03,UNVR,RG,5350,60,D,PD,DX,D
14:46:03,UNVR,RG,5350,1,D,PD,YP,D
14:46:03,UNVR,RG,5350,1,D,PD,PD,D
14:46:03,UNVR,RG,5350,50,D,PD,ZP,D
14:46:03,UNVR,RG,5350,200,D,PD,MG,D
14:46:03,UNVR,RG,5350,40,D,PD,PD,D
14:46:03,UNVR,RG,5350,5,D,PD,EP,D
14:46:03,UNVR,RG,5350,1,D,PD,CC,D
14:46:03,UNVR,RG,5350,10,D,PD,KK,D
14:46:03,UNVR,RG,5350,1,D,PD,XC,D
14:46:03,UNVR,RG,5350,30,D,PD,PD,D
14:46:03,UNVR,RG,5350,2,D,PD,AT,D
14:46:03,UNVR,RG,5350,30,D,PD,NI,D
14:46:03,UNVR,RG,5350,20,D,PD,CC,D
14:46:03,UNVR,RG,5350,25,D,PD,SQ,D
14:46:03,UNVR,RG,5350,1,D,PD,YP,D
14:46:03,UNVR,RG,5350,1,D,PD,XC,D
14:46:03,UNVR,RG,5350,51,D,PD,SQ,D
14:46:03,UNVR,RG,5350,249,D,PD,SQ,D
14:46:03,UNVR,RG,5350,1,D,PD,PD,D
14:46:03,UNVR,RG,5350,5,D,PD,PD,D
14:46:03,UNVR,RG,5350,10,D,PD,XA,D
14:46:03,UNVR,RG,5350,8,D,PD,KK,D
14:46:03,UNVR,RG,5350,1,D,PD,YP,D
14:46:03,UNVR,RG,5350,4,D,PD,GR,D
14:46:03,UNVR,RG,5350,29,D,PD,XL,D
14:46:03,UNVR,RG,5350,2,D,PD,XC,D
14:46:03,UNVR,RG,5350,25,D,PD,GR,D
14:46:03,UNVR,RG,5350,5,D,PD,PD,D
14:46:03,UNVR,RG,5350,5,D,PD,CC,D
14:46:03,UNVR,RG,5350,50,D,PD,CC,D
14:46:03,UNVR,RG,5350,4,D,PD,DH,D
14:46:03,UNVR,RG,5350,1,D,PD,XC,D
14:46:03,UNVR,RG,5350,3,D,PD,NI,D
14:46:03,UNVR,RG,5350,1,D,PD,YP,D
14:46:03,UNVR,RG,5350,100,D,PD,NI,D
14:46:03,UNVR,RG,5350,10,D,PD,KK,D
14:46:03,UNVR,RG,5350,10,D,PD,PD,D
14:46:03,UNVR,RG,5350,1,D,PD,PD,D
14:46:03,UNVR,RG,5350,1,D,PD,XC,D
14:46:03,UNVR,RG,5350,40,D,PD,XC,D
14:46:03,UNVR,RG,5350,5,D,PD,CC,D
14:46:03,UNVR,RG,5350,1,D,PD,YP,D
14:46:03,UNVR,RG,5350,1,D,PD,YP,D
14:46:03,UNVR,RG,5350,2,D,PD,YU,D
14:46:03,UNVR,RG,5350,2,D,PD,PD,D
14:46:03,UNVR,RG,5350,200,D,PD,CC,D
14:46:03,UNVR,RG,5350,5,D,PD,PD,D
14:46:03,UNVR,RG,5350,10,D,PD,YP,D
14:46:03,UNVR,RG,5350,10,D,PD,SH,D
14:46:03,UNVR,RG,5350,1,D,PD,PD,D
14:46:03,UNVR,RG,5350,8,D,PD,YP,D
14:46:03,UNVR,RG,5350,20,D,PD,CC,D
14:46:03,UNVR,RG,5350,10,D,PD,AI,D
14:46:03,UNVR,RG,5350,52,D,PD,NI,D
14:46:03,UNVR,RG,5350,1,D,PD,OD,D
14:46:03,UNVR,RG,5350,2,D,PD,NI,D
14:46:03,UNVR,RG,5350,1,D,PD,YP,D
14:46:03,UNVR,RG,5350,32,D,PD,NI,D
14:46:03,UNVR,RG,5350,68,D,PD,NI,D
14:46:03,UNVR,RG,5350,10,D,PD,PD,D
14:46:03,UNVR,RG,5350,1,D,PD,YP,D
14:46:03,UNVR,RG,5350,20,D,PD,SQ,D
14:46:03,UNVR,RG,5350,156,D,PD,LS,D
14:46:03,UNVR,RG,5350,344,D,PD,LS,D
14:46:03,UNVR,RG,5350,50,D,PD,SQ,D
14:46:03,UNVR,RG,5350,5,D,PD,PD,D
14:46:03,UNVR,RG,5350,5,D,PD,NI,D
14:46:03,UNVR,RG,5350,400,D,PD,AG,D
14:46:03,UNVR,RG,5350,5,D,PD,GR,D
14:46:03,UNVR,RG,5350,30,D,PD,PD,D
14:46:03,UNVR,RG,5350,33,D,PD,OD,D
14:46:03,UNVR,RG,5350,5,D,PD,YP,D
14:46:03,UNVR,RG,5350,7,D,PD,HP,D
14:46:03,UNVR,RG,5350,15,D,PD,YU,D
14:46:03,UNVR,RG,5350,5,D,PD,PD,D
14:46:03,UNVR,RG,5350,18,D,PD,YP,D
14:46:03,UNVR,RG,5350,1,D,PD,YP,D
14:46:03,UNVR,RG,5350,50,D,PD,PD,D
14:46:03,UNVR,RG,5350,150,D,PD,KK,D
14:46:03,UNVR,RG,5350,1,D,PD,XC,D
14:46:03,UNVR,RG,5350,1,D,PD,YP,D
14:46:03,UNVR,RG,5350,1,D,PD,TP,D
14:46:03,UNVR,RG,5350,50,D,PD,AT,D
14:46:03,UNVR,RG,5350,5,D,PD,PD,D
14:46:03,UNVR,RG,5350,10,D,PD,EP,D
14:46:03,UNVR,RG,5350,15,D,PD,YP,D
14:46:03,UNVR,RG,5350,3,D,PD,YP,D
14:46:03,UNVR,RG,5350,2,D,PD,CC,D
14:46:03,UNVR,RG,5350,30,D,PD,YP,D
14:46:03,UNVR,RG,5350,50,D,PD,CC,D
14:46:03,UNVR,RG,5350,2,D,PD,OD,D
14:46:03,UNVR,RG,5350,6,D,PD,TP,D
14:46:03,UNVR,RG,5350,10,D,PD,OD,D
14:46:03,UNVR,RG,5350,2,D,PD,CP,D
14:46:03,UNVR,RG,5350,5,D,PD,SQ,D
14:46:03,UNVR,RG,5350,15,D,PD,OD,D
14:46:03,UNVR,RG,5350,25,D,PD,AG,D
14:46:03,UNVR,RG,5350,20,D,PD,CC,D
14:46:03,UNVR,RG,5350,100,D,PD,OD,D
14:46:03,UNVR,RG,5350,1,D,PD,NI,D
14:46:03,UNVR,RG,5350,10,D,PD,LS,D
14:46:03,UNVR,RG,5350,186,D,PD,OD,D
14:46:03,UNVR,RG,5350,10,D,PD,KK,D
14:46:03,UNVR,RG,5350,1,D,PD,PD,D
14:46:03,UNVR,RG,5350,5,D,PD,NI,D
14:46:03,UNVR,RG,5350,5,D,PD,CC,D
14:46:03,UNVR,RG,5350,2,D,PD,YP,D
14:46:03,UNVR,RG,5350,383,D,PD,GR,D
14:46:03,UNVR,RG,5350,50,D,PD,OD,D
14:46:03,UNVR,RG,5350,1,D,PD,NI,D
14:46:03,UNVR,RG,5350,1,D,PD,PD,D
14:46:03,UNVR,RG,5350,50,D,PD,YP,D
14:46:03,UNVR,RG,5350,5,D,PD,RO,D
14:46:03,UNVR,RG,5350,10,D,PD,SQ,D
14:46:03,UNVR,RG,5350,10,D,PD,NI,D
14:46:03,UNVR,RG,5350,100,D,PD,YP,D
14:46:03,UNVR,RG,5350,10,D,PD,GR,D
14:46:03,UNVR,RG,5350,5,D,PD,CC,D
14:46:03,UNVR,RG,5350,10,D,PD,AZ,D
14:46:03,UNVR,RG,5350,65,D,PD,IF,D
14:46:03,UNVR,RG,5350,1,D,PD,PD,D
14:46:03,UNVR,RG,5350,2,D,PD,DH,D
14:46:03,UNVR,RG,5350,5,D,PD,PD,D
14:46:03,UNVR,RG,5350,100,D,PD,IF,D
14:46:03,UNVR,RG,5350,1,D,PD,PD,D
14:46:03,UNVR,RG,5350,10,D,PD,DH,D
14:46:03,UNVR,RG,5350,5,D,PD,KK,D
14:46:03,UNVR,RG,5350,10,D,PD,LG,D
14:46:03,UNVR,RG,5350,1,D,PD,DR,D
14:46:03,UNVR,RG,5350,5,D,PD,PD,D
14:46:03,UNVR,RG,5350,1,D,PD,PD,D
14:46:03,UNVR,RG,5350,1,D,PD,YP,D
14:46:03,UNVR,RG,5350,1,D,PD,CC,D
14:46:03,UNVR,RG,5350,100,D,PD,YP,D
14:46:03,UNVR,RG,5350,5,D,PD,OD,D
14:46:03,UNVR,RG,5350,2,D,PD,NI,D
14:46:03,UNVR,RG,5350,13,D,PD,CC,D
14:46:03,UNVR,RG,5350,2,D,PD,NI,D
14:46:03,UNVR,RG,5350,1,D,PD,CC,D
14:46:03,UNVR,RG,5350,50,D,PD,DR,D
14:46:03,UNVR,RG,5350,4,D,PD,SQ,D
14:46:03,UNVR,RG,5350,57,D,PD,GR,D
14:46:03,UNVR,RG,5350,25,D,PD,GR,D
14:46:02,UNVR,RG,5350,101,F,ZP,GR,D
14:46:02,UNVR,RG,5350,43,F,BK,GR,D
14:46:02,UNVR,RG,5350,274,D,CC,GR,D
14:46:02,UNVR,RG,5350,15,D,CC,PD,D
14:46:02,UNVR,RG,5350,1,D,CC,KK,D
14:46:02,UNVR,RG,5350,50,D,CC,YP,D
14:46:02,UNVR,RG,5350,1,D,CC,KK,D
14:46:02,UNVR,RG,5350,10,D,CC,CC,D
14:46:02,UNVR,RG,5350,10,D,CC,NI,D
14:46:02,UNVR,RG,5350,748,D,CC,SQ,D
14:46:01,UNVR,RG,5350,1,F,ZP,SQ,D
14:45:55,UNVR,RG,5325,1,D,CC,ZP,F
14:45:55,UNVR,RG,5350,2,F,ZP,SQ,D
14:45:53,UNVR,RG,5350,3,D,EP,SQ,D
14:45:46,UNVR,RG,5350,1,F,ZP,SQ,D
14:45:45,UNVR,RG,5350,8,F,AK,SQ,D
14:45:43,UNVR,RG,5350,20,F,ZP,SQ,D
14:45:42,UNVR,RG,5350,24,D,AK,SQ,D
14:45:42,UNVR,RG,5350,200,D,OD,SQ,D
14:45:42,UNVR,RG,5350,15,F,BK,SQ,D
14:45:40,UNVR,RG,5350,18,F,ZP,SQ,D
14:45:39,UNVR,RG,5350,200,D,OD,SQ,D
14:45:39,UNVR,RG,5350,1,F,ZP,SQ,D
14:45:38,UNVR,RG,5350,4,F,ZP,SQ,D
14:45:38,UNVR,RG,5325,12,D,CC,XC,D
14:45:37,UNVR,RG,5350,15,F,KZ,SQ,D
14:45:37,UNVR,RG,5350,1,F,KZ,SQ,D
14:45:37,UNVR,RG,5325,24,D,CC,YP,D
14:45:37,UNVR,RG,5350,1,F,KZ,SQ,D
14:45:37,UNVR,RG,5350,2,F,ZP,SQ,D
14:45:36,UNVR,RG,5350,15,F,BK,SQ,D
14:45:35,UNVR,RG,5325,1,D,CC,SQ,D
14:45:34,UNVR,RG,5350,5,F,ZP,SQ,D
14:45:33,UNVR,RG,5350,55,D,BB,SQ,D
14:45:31,UNVR,RG,5325,4,D,CC,PD,D
14:45:31,UNVR,RG,5350,2,F,ZP,SQ,D
14:45:30,UNVR,RG,5350,2,F,AK,SQ,D
14:45:29,UNVR,RG,5350,1,D,CC,SQ,D
14:45:29,UNVR,RG,5350,10,D,YP,SQ,D
14:45:29,UNVR,RG,5325,11,D,CC,XL,D
14:45:26,UNVR,RG,5350,3,F,ZP,SQ,D
14:45:25,UNVR,RG,5350,1,F,KZ,SQ,D
14:45:25,UNVR,RG,5350,1,F,KZ,SQ,D
14:45:25,UNVR,RG,5350,1,F,KZ,SQ,D
14:45:25,UNVR,RG,5350,1,F,KZ,SQ,D
14:45:25,UNVR,RG,5350,15,F,BK,SQ,D
14:45:25,UNVR,RG,5325,20,D,CC,YU,D
14:45:25,UNVR,RG,5350,27,F,ZP,SQ,D
14:45:23,UNVR,RG,5325,169,D,CC,HP,D
14:45:23,UNVR,RG,5325,10,D,DR,HP,D
14:45:23,UNVR,RG,5325,11,D,BB,HP,D
14:45:23,UNVR,RG,5325,96,F,AK,HP,D
14:45:23,UNVR,RG,5325,1,F,CS,HP,D
14:45:23,UNVR,RG,5325,2,F,CS,HP,D
14:45:23,UNVR,RG,5325,2,F,CS,HP,D
14:45:23,UNVR,RG,5325,3,F,CS,HP,D
14:45:23,UNVR,RG,5325,6,D,MG,HP,D
14:45:22,UNVR,RG,5325,3,D,MG,NI,D
14:45:19,UNVR,RG,5350,1,F,ZP,SQ,D
14:45:19,UNVR,RG,5350,5,D,CC,SQ,D
14:45:16,UNVR,RG,5325,5,D,MG,NI,D
14:45:14,UNVR,RG,5350,1,F,ZP,SQ,D
14:45:13,UNVR,RG,5325,2,D,MG,CC,D
14:45:13,UNVR,RG,5350,5,D,EP,SQ,D
14:45:12,UNVR,RG,5350,6,D,HP,SQ,D
14:45:09,UNVR,RG,5325,5,D,MG,KK,D
14:45:08,UNVR,RG,5350,10,F,ZP,SQ,D
14:45:08,UNVR,RG,5325,11,D,MG,EP,D
14:45:07,UNVR,RG,5325,96,D,MG,YP,D
14:45:07,UNVR,RG,5325,2,D,MG,XC,D
14:45:05,UNVR,RG,5350,2,F,ZP,SQ,D
14:45:05,UNVR,RG,5350,20,D,YP,SQ,D
14:45:02,UNVR,RG,5325,1,D,MG,ZP,D
14:45:00,UNVR,RG,5350,1,F,AK,SQ,D
14:44:56,UNVR,RG,5325,1,D,MG,XC,D
14:44:56,UNVR,RG,5350,4,F,ZP,SQ,D
14:44:56,UNVR,RG,5325,50,D,MG,PD,D
14:44:54,UNVR,RG,5325,2,D,MG,XC,D
14:44:53,UNVR,RG,5350,2,F,ZP,SQ,D
14:44:52,UNVR,RG,5350,24,F,KZ,SQ,D
14:44:52,UNVR,RG,5350,1,F,KZ,SQ,D
14:44:52,UNVR,RG,5350,3,F,ZP,SQ,D
14:44:51,UNVR,RG,5350,12,D,CC,SQ,D
14:44:51,UNVR,RG,5350,5,D,CC,PD,D
14:44:51,UNVR,RG,5350,3,D,CC,NI,D
14:44:49,UNVR,RG,5350,1,F,BK,NI,D
14:44:49,UNVR,RG,5350,13,F,BK,NI,D
14:44:49,UNVR,RG,5350,5,F,ZP,NI,D
14:44:47,UNVR,RG,5350,55,D,AK,NI,D
14:44:47,UNVR,RG,5350,2,F,ZP,NI,D
14:44:47,UNVR,RG,5325,10,D,MG,YP,D
14:44:47,UNVR,RG,5350,13,F,BK,NI,D
14:44:46,UNVR,RG,5350,12,F,ZP,NI,D
14:44:46,UNVR,RG,5350,2,F,ZP,XC,D
14:44:46,UNVR,RG,5350,3,F,ZP,CC,D
14:44:46,UNVR,RG,5350,7,F,ZP,YP,D
14:44:45,UNVR,RG,5350,33,F,CC,YP,D
14:44:45,UNVR,RG,5350,236,F,CC,SQ,D
14:44:42,UNVR,RG,5325,1,D,MG,DP,D
14:44:41,UNVR,RG,5350,1,F,ZP,SQ,D
14:44:40,UNVR,RG,5350,13,F,BK,SQ,D
14:44:40,UNVR,RG,5350,16,F,ZP,SQ,D
14:44:39,UNVR,RG,5350,185,F,CC,SQ,D
14:44:35,UNVR,RG,5350,10,F,ZP,SQ,D
14:44:35,UNVR,RG,5350,15,D,EP,SQ,D
14:44:35,UNVR,RG,5325,100,D,MG,SQ,D
14:44:33,UNVR,RG,5325,1,D,MG,OD,D
14:44:32,UNVR,RG,5350,1,D,MK,SQ,D
14:44:32,UNVR,RG,5350,2,F,ZP,SQ,D
14:44:31,UNVR,RG,5325,22,D,MG,YU,D
14:44:31,UNVR,RG,5350,1,F,ZP,SQ,D
14:44:29,UNVR,RG,5350,7,D,DR,SQ,D
14:44:29,UNVR,RG,5325,4,D,MG,YP,D
14:44:28,UNVR,RG,5350,1,D,EP,SQ,D
14:44:28,UNVR,RG,5325,1,D,MG,CC,D
14:44:26,UNVR,RG,5350,4,F,ZP,SQ,D
14:44:25,UNVR,RG,5350,14,F,BK,SQ,D
14:44:25,UNVR,RG,5350,25,D,NI,SQ,D
14:44:23,UNVR,RG,5350,1,D,PD,SQ,D
14:44:23,UNVR,RG,5325,1,D,MG,CC,D
14:44:20,UNVR,RG,5350,8,F,ZP,SQ,D
14:44:20,UNVR,RG,5350,1,F,ZP,YP,D
14:44:19,UNVR,RG,5325,5,D,MG,NI,D
14:44:19,UNVR,RG,5350,2,F,BK,YU,D
14:44:19,UNVR,RG,5350,19,F,BK,HP,D
14:44:19,UNVR,RG,5325,82,D,MG,NI,D
14:44:16,UNVR,RG,5350,9,F,ZP,HP,D
14:44:16,UNVR,RG,5350,5,F,ZP,CC,D
14:44:16,UNVR,RG,5350,5,F,ZP,EP,D
14:44:16,UNVR,RG,5350,20,F,ZP,AN,D
14:44:16,UNVR,RG,5350,5,F,ZP,PD,D
14:44:16,UNVR,RG,5350,1,F,ZP,XC,D
14:44:16,UNVR,RG,5350,61,F,ZP,SQ,D
14:44:15,UNVR,RG,5350,164,D,CC,SQ,D
14:44:15,UNVR,RG,5350,58,F,BK,SQ,D
14:44:15,UNVR,RG,5350,67,D,CC,SQ,D
14:44:15,UNVR,RG,5350,2,D,CC,CC,D
14:44:15,UNVR,RG,5350,5,D,CC,PD,D
14:44:15,UNVR,RG,5350,5,D,CC,DH,D
14:44:15,UNVR,RG,5350,100,D,CC,PD,D
14:44:15,UNVR,RG,5350,1,D,CC,DH,D
14:44:15,UNVR,RG,5350,4,D,CC,NI,D
14:44:15,UNVR,RG,5350,1,D,CC,XC,D
14:44:15,UNVR,RG,5350,50,D,CC,CC,D
14:44:15,UNVR,RG,5350,10,D,CC,OD,D
14:44:15,UNVR,RG,5350,10,D,CC,NI,D
14:44:15,UNVR,RG,5350,50,D,CC,ZP,D
14:44:15,UNVR,RG,5350,10,D,CC,MU,D
14:44:15,UNVR,RG,5350,2,D,CC,PD,D
14:44:15,UNVR,RG,5350,44,D,CC,PD,D
14:44:15,UNVR,RG,5350,10,D,CC,YP,D
14:44:15,UNVR,RG,5350,10,D,CC,EP,D
14:44:15,UNVR,RG,5350,5,D,CC,SQ,D
14:44:15,UNVR,RG,5350,5,D,CC,PD,D
14:44:15,UNVR,RG,5350,10,D,CC,LG,D
14:44:15,UNVR,RG,5350,10,D,CC,PD,D
14:44:15,UNVR,RG,5350,5,D,CC,PD,D
14:44:15,UNVR,RG,5350,20,D,CC,SQ,D
14:44:15,UNVR,RG,5350,17,D,CC,XC,D
14:44:15,UNVR,RG,5350,10,D,CC,PD,D
14:44:15,UNVR,RG,5350,9,D,CC,PD,D
14:44:15,UNVR,RG,5350,10,D,CC,CC,D
14:44:15,UNVR,RG,5350,1,D,CC,SQ,D
14:44:15,UNVR,RG,5350,2,D,CC,DH,D
14:44:15,UNVR,RG,5350,3,D,CC,DR,D
14:44:15,UNVR,RG,5350,75,D,CC,OD,D
14:44:15,UNVR,RG,5350,7,D,CC,PD,D
14:44:15,UNVR,RG,5350,1,D,CC,YP,D
14:44:15,UNVR,RG,5350,5,D,CC,PD,D
14:44:15,UNVR,RG,5350,1,D,CC,KK,D
14:44:15,UNVR,RG,5350,5,D,CC,MG,D
14:44:15,UNVR,RG,5350,10,D,CC,PD,D
14:44:15,UNVR,RG,5350,21,D,CC,KK,D
14:44:15,UNVR,RG,5350,2,D,CC,PD,D
14:44:15,UNVR,RG,5350,1,D,CC,HP,D
14:44:15,UNVR,RG,5350,2,D,CC,PD,D
14:44:15,UNVR,RG,5350,5,D,CC,LG,D
14:44:15,UNVR,RG,5350,1,D,CC,CC,D
14:44:15,UNVR,RG,5350,300,D,CC,YP,D
14:44:15,UNVR,RG,5350,20,D,CC,XC,D
14:44:15,UNVR,RG,5350,50,D,CC,AT,D
14:44:15,UNVR,RG,5350,2,D,CC,PD,D
14:44:15,UNVR,RG,5350,3,D,CC,KK,D
14:44:15,UNVR,RG,5350,1,D,CC,SQ,D
14:44:14,UNVR,RG,5350,12,F,ZP,YP,D
14:44:13,UNVR,RG,5325,3,D,MG,KK,D
14:44:13,UNVR,RG,5325,10,D,MG,CC,D
14:44:13,UNVR,RG,5350,5,F,KZ,YP,D
14:44:13,UNVR,RG,5350,33,F,KZ,YP,D
14:44:13,UNVR,RG,5350,10,F,KZ,YP,D
14:44:13,UNVR,RG,5350,3,F,KZ,YP,D
14:44:13,UNVR,RG,5350,10,F,KZ,AT,D
14:44:13,UNVR,RG,5350,5,F,KZ,AZ,D
14:44:13,UNVR,RG,5350,5,F,KZ,ZP,D
14:44:13,UNVR,RG,5350,2,F,KZ,YP,D
14:44:13,UNVR,RG,5350,39,F,KZ,CC,D
14:44:13,UNVR,RG,5350,5,F,KZ,CC,D
14:44:13,UNVR,RG,5350,1,F,KZ,CC,D
14:44:13,UNVR,RG,5350,3,F,KZ,CC,D
14:44:13,UNVR,RG,5350,2,F,ZP,CC,D
14:44:13,UNVR,RG,5350,1,F,KZ,SQ,D
14:44:13,UNVR,RG,5350,1,F,KZ,SQ,D
14:44:12,UNVR,RG,5350,1,F,KZ,SQ,D
14:44:12,UNVR,RG,5350,15,F,BK,SQ,D
14:44:11,UNVR,RG,5350,1,D,BB,SQ,D
14:44:10,UNVR,RG,5350,45,F,ZP,SQ,D
14:44:09,UNVR,RG,5350,36,D,CC,SQ,D
14:44:09,UNVR,RG,5350,9,D,CC,YP,D
14:44:09,UNVR,RG,5350,6,D,CC,SQ,D
14:44:09,UNVR,RG,5350,40,D,CC,YP,D
14:44:09,UNVR,RG,5350,10,D,CC,IP,D
14:44:09,UNVR,RG,5350,3,D,CC,NI,D
14:44:09,UNVR,RG,5350,10,D,CC,NI,D
14:44:09,UNVR,RG,5350,7,D,CC,IF,D
14:44:09,UNVR,RG,5350,19,D,CC,XC,D
14:44:09,UNVR,RG,5350,2,D,CC,YP,D
14:44:09,UNVR,RG,5350,4,D,CC,GR,D
14:44:09,UNVR,RG,5350,15,D,CC,XC,D
14:44:09,UNVR,RG,5350,3,D,CC,EP,D
14:44:09,UNVR,RG,5350,2,D,CC,GR,D
14:44:09,UNVR,RG,5350,10,D,CC,CC,D
14:44:09,UNVR,RG,5350,30,D,CC,ZP,D
14:44:09,UNVR,RG,5350,4,D,CC,PD,D
14:44:09,UNVR,RG,5350,290,D,CC,NI,D
14:44:09,UNVR,RG,5350,13,F,BK,NI,D
14:44:08,UNVR,RG,5325,13,D,MG,XL,D
14:44:05,UNVR,RG,5350,3,F,ZP,NI,D
14:44:05,UNVR,RG,5350,1,F,CC,NI,D
14:44:04,UNVR,RG,5325,20,D,MG,CC,D
14:44:03,UNVR,RG,5350,1,F,CC,NI,D
14:43:58,UNVR,RG,5325,3,D,MG,GR,D
14:43:55,UNVR,RG,5325,3,D,MG,YP,D
14:43:54,UNVR,RG,5350,8,D,YP,NI,D
14:43:53,UNVR,RG,5350,5,F,ZP,NI,D
14:43:53,UNVR,RG,5325,30,D,MG,CC,D
14:43:52,UNVR,RG,5350,23,D,PD,NI,D
14:43:52,UNVR,RG,5350,2,F,ZP,NI,D
14:43:51,UNVR,RG,5325,18,D,MG,PD,D
14:43:50,UNVR,RG,5325,6,D,MG,PD,D
14:43:45,UNVR,RG,5350,1,D,KK,NI,D
14:43:43,UNVR,RG,5350,2,D,DR,NI,D
14:43:43,UNVR,RG,5350,5,F,ZP,NI,D
14:43:42,UNVR,RG,5350,23,D,EP,NI,D
14:43:42,UNVR,RG,5350,13,F,BK,NI,D
14:43:41,UNVR,RG,5350,10,D,DR,NI,D
14:43:41,UNVR,RG,5350,1,D,DR,PD,D
14:43:41,UNVR,RG,5350,1,D,DR,KK,D
14:43:41,UNVR,RG,5350,1,D,DR,KK,D
14:43:40,UNVR,RG,5350,4,F,ZP,KK,D
14:43:40,UNVR,RG,5350,1,F,ZP,NI,D
14:43:40,UNVR,RG,5350,15,F,ZP,YP,D
14:43:40,UNVR,RG,5350,24,F,ZP,PD,D
14:43:39,UNVR,RG,5350,17,F,BK,PD,D
14:43:39,UNVR,RG,5350,2,F,BK,GR,D
14:43:39,UNVR,RG,5350,1,F,BK,KK,D
14:43:38,UNVR,RG,5325,490,D,MG,NI,D
14:43:35,UNVR,RG,5350,1,F,ZP,XC,D
14:43:34,UNVR,RG,5325,10,D,MG,NI,D
14:43:33,UNVR,RG,5325,1,D,MG,CC,D
14:43:23,UNVR,RG,5350,1,F,ZP,XC,D
14:43:23,UNVR,RG,5325,7,D,MG,PD,D
14:43:19,UNVR,RG,5350,1,F,ZP,XC,D
14:43:19,UNVR,RG,5350,3,F,ZP,YP,D
14:43:18,UNVR,RG,5350,7,F,BK,YP,D
14:43:18,UNVR,RG,5350,5,F,BK,CC,D
14:43:18,UNVR,RG,5350,2,F,BK,YJ,D
14:43:17,UNVR,RG,5350,35,D,AK,YJ,D
14:43:17,UNVR,RG,5350,8,F,ZP,YJ,D
14:43:16,UNVR,RG,5350,5,D,YP,YJ,D
14:43:16,UNVR,RG,5350,22,D,YP,XL,D
14:43:16,UNVR,RG,5350,63,D,YP,FZ,D
14:43:16,UNVR,RG,5350,1,F,ZP,FZ,D
14:43:14,UNVR,RG,5350,14,D,PD,FZ,D
14:43:14,UNVR,RG,5350,1,F,ZP,FZ,D
14:43:14,UNVR,RG,5350,10,D,CC,FZ,D
14:43:13,UNVR,RG,5350,11,F,ZP,FZ,D
14:43:13,UNVR,RG,5350,5,F,ZP,KK,D
14:43:12,UNVR,RG,5325,25,D,MG,GR,D
14:43:12,UNVR,RG,5350,15,D,OD,KK,D
14:43:12,UNVR,RG,5350,4,D,OD,XL,D
14:43:12,UNVR,RG,5350,1,D,OD,KK,D
14:43:12,UNVR,RG,5350,10,D,OD,PD,D
14:43:12,UNVR,RG,5350,1,D,OD,EP,D
14:43:12,UNVR,RG,5350,15,D,OD,YP,D
14:43:12,UNVR,RG,5350,10,D,OD,CC,D
14:43:12,UNVR,RG,5350,10,D,OD,CC,D
14:43:12,UNVR,RG,5350,50,D,OD,DH,D
14:43:12,UNVR,RG,5350,5,D,OD,PD,D
14:43:12,UNVR,RG,5350,30,D,OD,EP,D
14:43:08,UNVR,RG,5350,15,F,BK,EP,D
14:43:05,UNVR,RG,5350,5,F,ZP,EP,D
14:43:04,UNVR,RG,5325,50,D,MG,OD,D
14:43:04,UNVR,RG,5350,3,F,ZP,EP,D
14:43:02,UNVR,RG,5350,41,F,BK,EP,D
14:43:02,UNVR,RG,5350,79,F,ZP,EP,D
14:43:02,UNVR,RG,5325,2,D,MG,AT,D
14:43:02,UNVR,RG,5350,827,D,CC,EP,D
14:43:02,UNVR,RG,5350,1,D,CC,YP,D
14:43:02,UNVR,RG,5350,2,D,CC,DH,D
14:43:01,UNVR,RG,5350,8,F,CC,DH,D
14:43:01,UNVR,RG,5350,65,F,CC,OD,D
14:43:01,UNVR,RG,5350,7,F,ZP,OD,D
14:43:00,UNVR,RG,5350,3,D,AK,OD,D
14:43:00,UNVR,RG,5350,1,D,AK,NI,D
14:43:00,UNVR,RG,5350,5,D,AK,PD,D
14:43:00,UNVR,RG,5350,1,D,AK,MU,D
14:43:00,UNVR,RG,5350,5,D,AK,YP,D
14:43:00,UNVR,RG,5350,4,D,AK,YP,D
14:43:00,UNVR,RG,5350,26,F,CC,YP,D
14:43:00,UNVR,RG,5350,5,F,CC,KK,D
14:43:00,UNVR,RG,5350,10,F,CC,CC,D
14:43:00,UNVR,RG,5350,26,F,CC,YP,D
14:42:58,UNVR,RG,5350,2,F,ZP,YP,D
14:42:56,UNVR,RG,5350,11,F,BK,YP,D
14:42:56,UNVR,RG,5350,4,F,BK,YP,D
14:42:56,UNVR,RG,5350,4,F,ZP,KK,D
14:42:55,UNVR,RG,5325,50,D,MG,PD,D
14:42:53,UNVR,RG,5325,2,D,MG,XC,D
14:42:52,UNVR,RG,5350,3,F,ZP,KK,D
14:42:51,UNVR,RG,5325,20,D,MG,YU,D
14:42:50,UNVR,RG,5325,10,D,MG,CC,D
14:42:47,UNVR,RG,5350,1,F,ZP,KK,D
14:42:47,UNVR,RG,5350,13,F,BK,KK,D
14:42:46,UNVR,RG,5350,35,F,ZP,KK,D
14:42:44,UNVR,RG,5350,14,D,NI,KK,D
14:42:44,UNVR,RG,5350,10,D,NI,XA,D
14:42:44,UNVR,RG,5350,100,D,NI,KK,D
14:42:44,UNVR,RG,5350,1,D,NI,YP,D
14:42:44,UNVR,RG,5350,5,D,NI,SQ,D
14:42:44,UNVR,RG,5350,5,D,NI,CC,D
14:42:44,UNVR,RG,5350,15,D,NI,CC,D
14:42:44,UNVR,RG,5350,10,D,NI,SQ,D
14:42:44,UNVR,RG,5350,1,D,NI,SQ,D
14:42:44,UNVR,RG,5350,1,D,NI,YP,D
14:42:44,UNVR,RG,5350,1,D,NI,SQ,D
14:42:44,UNVR,RG,5350,1,D,NI,YP,D
14:42:44,UNVR,RG,5350,1,D,NI,SQ,D
14:42:44,UNVR,RG,5350,5,D,NI,CC,D
14:42:44,UNVR,RG,5350,1,D,NI,LG,D
14:42:44,UNVR,RG,5350,50,D,NI,YP,D
14:42:44,UNVR,RG,5350,2,D,NI,PD,D
14:42:44,UNVR,RG,5350,40,D,NI,PD,D
14:42:44,UNVR,RG,5350,10,D,NI,KK,D
14:42:44,UNVR,RG,5350,1,D,NI,XL,D
14:42:44,UNVR,RG,5350,1,D,NI,XC,D
14:42:44,UNVR,RG,5350,1,D,NI,DH,D
14:42:44,UNVR,RG,5350,30,D,NI,DH,D
14:42:44,UNVR,RG,5350,5,D,NI,CC,D
14:42:44,UNVR,RG,5350,15,D,NI,PD,D
14:42:44,UNVR,RG,5350,1,D,NI,PD,D
14:42:44,UNVR,RG,5350,1,D,NI,PD,D
14:42:44,UNVR,RG,5350,1,D,NI,CC,D
14:42:44,UNVR,RG,5350,30,D,NI,CC,D
14:42:44,UNVR,RG,5350,40,D,NI,YP,D
14:42:41,UNVR,RG,5350,1,F,ZP,YP,D
14:42:41,UNVR,RG,5350,15,F,BK,YP,D
14:42:38,UNVR,RG,5350,1,F,ZP,YP,D
14:42:37,UNVR,RG,5325,6,D,MG,IF,D
14:42:35,UNVR,RG,5350,1,F,ZP,YP,D
14:42:35,UNVR,RG,5350,16,F,BK,YP,D
14:42:34,UNVR,RG,5350,1,F,ZP,YP,D
14:42:33,UNVR,RG,5350,10,D,CC,YP,D
14:42:31,UNVR,RG,5350,25,F,ZP,YP,D
14:42:31,UNVR,RG,5350,285,F,BK,YP,D
14:42:28,UNVR,RG,5350,3,F,ZP,YP,D
14:42:27,UNVR,RG,5325,10,D,MG,PD,D
14:42:27,UNVR,RG,5350,19,D,AK,YP,D
14:42:27,UNVR,RG,5325,10,D,MG,EP,D
14:42:26,UNVR,RG,5350,76,F,ZP,YP,D
14:42:26,UNVR,RG,5325,20,D,MG,NI,D
14:42:26,UNVR,RG,5325,42,D,MG,YU,D
14:42:26,UNVR,RG,5325,29,D,MG,DP,F
14:42:26,UNVR,RG,5325,2,D,MG,DH,D
14:42:26,UNVR,RG,5325,1,D,MG,OD,D
14:42:26,UNVR,RG,5325,20,D,MG,TP,D
14:42:26,UNVR,RG,5325,100,D,MG,CC,D
14:42:26,UNVR,RG,5325,60,D,MG,CC,D
14:42:26,UNVR,RG,5325,16,D,MG,AK,F
14:42:26,UNVR,RG,5325,1,D,MG,RX,F
14:42:26,UNVR,RG,5325,135,D,MG,RX,F
14:42:26,UNVR,RG,5325,2,D,MG,XC,D
14:42:26,UNVR,RG,5325,10,D,MG,DR,D
14:42:26,UNVR,RG,5325,80,D,MG,KK,D
14:42:26,UNVR,RG,5325,8,D,MG,RO,D
14:42:26,UNVR,RG,5325,8,D,MG,XC,D
14:42:26,UNVR,RG,5325,5,D,MG,YB,D
14:42:26,UNVR,RG,5325,5,D,MG,YP,D
14:42:26,UNVR,RG,5325,2,D,MG,AT,D
14:42:26,UNVR,RG,5325,2,D,MG,XC,D
14:42:26,UNVR,RG,5325,1,D,MG,XL,D
14:42:26,UNVR,RG,5325,37,D,MG,AK,F
14:42:26,UNVR,RG,5325,50,D,MG,SQ,D
14:42:26,UNVR,RG,5325,14,D,MG,XL,D
14:42:26,UNVR,RG,5325,5,D,MG,SQ,D
14:42:26,UNVR,RG,5325,10,D,MG,DR,D
14:42:26,UNVR,RG,5325,10,D,MG,PD,D
14:42:26,UNVR,RG,5325,18,D,MG,PD,D
14:42:26,UNVR,RG,5325,1,D,MG,NI,D
14:42:26,UNVR,RG,5325,2,D,MG,PD,D
14:42:26,UNVR,RG,5325,1,D,MG,EP,D
14:42:26,UNVR,RG,5325,20,D,MG,PD,D
14:42:26,UNVR,RG,5325,30,D,MG,PD,D
14:42:26,UNVR,RG,5325,10,D,MG,TP,D
14:42:26,UNVR,RG,5325,33,D,MG,OD,D
14:42:25,UNVR,RG,5325,37,D,BB,OD,D
14:42:25,UNVR,RG,5325,10,D,BB,PD,D
14:42:25,UNVR,RG,5325,1,D,BB,YP,D
14:42:25,UNVR,RG,5325,15,D,BB,XL,D
14:42:25,UNVR,RG,5325,5,F,KZ,XL,D
14:42:25,UNVR,RG,5325,8,F,KZ,XL,D
14:42:25,UNVR,RG,5325,5,F,KZ,XL,D
14:42:25,UNVR,RG,5325,1,F,KZ,XL,D
14:42:25,UNVR,RG,5325,3,F,KZ,XL,D
14:42:25,UNVR,RG,5325,2,F,KZ,XL,D
14:42:25,UNVR,RG,5325,1,F,KZ,XL,D
14:42:25,UNVR,RG,5325,2,F,KZ,XL,D
14:42:25,UNVR,RG,5325,24,F,ZP,XL,D
14:42:23,UNVR,RG,5325,34,F,AK,XL,D
14:42:23,UNVR,RG,5325,100,F,AK,SS,D
14:42:23,UNVR,RG,5325,50,F,AK,CC,D
14:42:23,UNVR,RG,5325,1,F,AK,PD,D
14:42:23,UNVR,RG,5325,2,F,AK,ZP,F
14:42:23,UNVR,RG,5325,20,F,AK,YP,D
14:42:23,UNVR,RG,5325,2,F,AK,YP,D
14:42:23,UNVR,RG,5325,2,F,AK,DH,D
14:42:23,UNVR,RG,5325,2,F,AK,PD,D
14:42:23,UNVR,RG,5325,1,F,AK,XC,D
14:42:23,UNVR,RG,5325,1,F,AK,XC,D
14:42:23,UNVR,RG,5325,30,F,AK,DP,F
14:42:23,UNVR,RG,5325,20,F,AK,DR,D
14:42:23,UNVR,RG,5325,435,F,ZP,DR,D
14:42:23,UNVR,RG,5325,4,F,ZP,DR,D
14:42:23,UNVR,RG,5325,2,F,ZP,DR,D
14:42:23,UNVR,RG,5325,264,D,PD,DR,D
14:42:23,UNVR,RG,5325,753,D,PD,DR,D
14:42:23,UNVR,RG,5325,929,D,PD,DR,D
14:42:23,UNVR,RG,5325,255,D,PD,DR,D
14:42:23,UNVR,RG,5325,2774,D,PD,DR,D
14:42:23,UNVR,RG,5325,25,D,PD,DR,D
14:42:22,UNVR,RG,5325,11,F,ZP,DR,D
14:42:21,UNVR,RG,5325,127,D,BQ,DR,D
14:42:21,UNVR,RG,5300,5,F,BK,PD,D
14:42:20,UNVR,RG,5325,5,F,ZP,DR,D
14:42:19,UNVR,RG,5325,57,D,YP,DR,D
14:42:18,UNVR,RG,5300,1,F,BK,DH,D
14:42:17,UNVR,RG,5325,2,F,ZP,DR,D
14:42:17,UNVR,RG,5325,20,D,CC,DR,D
14:42:16,UNVR,RG,5325,6,F,ZP,DR,D
14:42:14,UNVR,RG,5325,58,D,PD,DR,D
14:42:11,UNVR,RG,5325,12,F,BK,DR,D
14:42:08,UNVR,RG,5325,4,F,ZP,DR,D
14:42:07,UNVR,RG,5325,36,D,PD,DR,D
14:42:06,UNVR,RG,5325,1,D,YP,DR,D
14:42:02,UNVR,RG,5325,2,D,LG,DR,D
14:41:59,UNVR,RG,5300,2,F,BK,SQ,D
14:41:56,UNVR,RG,5300,4,F,BK,PD,D
14:41:48,UNVR,RG,5300,1,F,BK,AG,D
14:41:46,UNVR,RG,5325,19,F,ZP,DR,D
14:41:45,UNVR,RG,5325,55,D,BQ,DR,D
14:41:45,UNVR,RG,5325,157,D,PD,DR,D
14:41:44,UNVR,RG,5325,5,F,ZP,DR,D
14:41:44,UNVR,RG,5300,1,F,BK,KK,D
14:41:43,UNVR,RG,5325,66,D,EP,DR,D
14:41:41,UNVR,RG,5325,138,F,ZP,DR,D
14:41:40,UNVR,RG,5325,34,D,YP,DR,D
14:41:40,UNVR,RG,5325,82,D,PD,DR,D
14:41:40,UNVR,RG,5325,234,D,PD,DR,D
14:41:40,UNVR,RG,5325,288,D,PD,DR,D
14:41:40,UNVR,RG,5325,79,D,PD,DR,D
14:41:40,UNVR,RG,5325,566,D,PD,DR,D
14:41:40,UNVR,RG,5325,296,D,PD,GR,D
14:41:40,UNVR,RG,5325,7,D,PD,GR,D
14:41:34,UNVR,RG,5325,21,F,ZP,GR,D
14:41:33,UNVR,RG,5325,176,D,YP,GR,D
14:41:33,UNVR,RG,5325,15,D,YP,KK,D
14:41:33,UNVR,RG,5325,9,D,YP,CC,D
14:41:32,UNVR,RG,5325,35,D,AK,CC,D
14:41:31,UNVR,RG,5325,1,F,ZP,CC,D
14:41:30,UNVR,RG,5325,5,D,DR,CC,D
14:41:30,UNVR,RG,5325,8,D,DR,PD,D
14:41:29,UNVR,RG,5325,1,F,ZP,PD,D
14:41:29,UNVR,RG,5325,3,D,DR,PD,D
14:41:27,UNVR,RG,5325,1,F,AK,PD,D
14:41:27,UNVR,RG,5300,6,F,BK,PD,D
14:41:22,UNVR,RG,5300,1,F,BK,SQ,D
14:41:13,UNVR,RG,5325,4,F,ZP,PD,D
14:41:12,UNVR,RG,5325,3,F,AK,PD,D
14:41:12,UNVR,RG,5325,20,D,MG,PD,D
14:41:11,UNVR,RG,5300,20,F,BK,YU,D
14:41:10,UNVR,RG,5325,1,F,AK,PD,D
14:41:10,UNVR,RG,5325,4,F,ZP,PD,D
14:41:09,UNVR,RG,5325,4,F,AK,PD,D
14:41:08,UNVR,RG,5300,50,F,BK,NI,D
14:41:08,UNVR,RG,5325,1,F,AK,PD,D
14:41:08,UNVR,RG,5325,10,F,ZP,PD,D
14:41:07,UNVR,RG,5325,8,F,AK,PD,D
14:41:07,UNVR,RG,5300,100,F,BK,NI,D
14:41:07,UNVR,RG,5325,4,F,AK,PD,D
14:41:07,UNVR,RG,5325,5,F,ZP,PD,D
14:41:06,UNVR,RG,5300,50,F,BK,YP,D
14:41:02,UNVR,RG,5325,5,F,ZP,PD,D
14:41:02,UNVR,RG,5300,33,F,BK,XL,D
14:41:02,UNVR,RG,5300,5,D,BB,XL,D
14:41:02,UNVR,RG,5300,5,F,ZP,XL,D
14:41:02,UNVR,RG,5300,1,F,CS,XL,D
14:41:02,UNVR,RG,5300,2,F,CS,XL,D
14:41:02,UNVR,RG,5300,3,F,CS,XL,D
14:41:02,UNVR,RG,5300,1,F,KZ,XL,D
14:41:01,UNVR,RG,5325,9,D,YP,PD,D
14:41:01,UNVR,RG,5325,9,F,ZP,PD,D
14:41:01,UNVR,RG,5325,1,F,ZP,PD,D
14:41:01,UNVR,RG,5325,50,F,ZP,NI,D
14:41:01,UNVR,RG,5325,50,F,ZP,GR,D
14:41:01,UNVR,RG,5325,5,F,ZP,PD,D
14:41:01,UNVR,RG,5325,3,F,ZP,XL,D
14:41:01,UNVR,RG,5325,5,F,ZP,KK,D
14:41:01,UNVR,RG,5325,20,F,ZP,CC,D
14:41:01,UNVR,RG,5325,118,F,ZP,CC,D
14:41:00,UNVR,RG,5300,2,F,KZ,XC,D
14:41:00,UNVR,RG,5325,132,D,PD,CC,D
14:41:00,UNVR,RG,5325,1,D,PD,XC,D
14:41:00,UNVR,RG,5325,8,D,PD,YP,D
14:41:00,UNVR,RG,5325,1,D,PD,YP,D
14:41:00,UNVR,RG,5325,4,D,PD,CC,D
14:41:00,UNVR,RG,5325,1,D,PD,PD,D
14:41:00,UNVR,RG,5325,5,D,PD,YP,D
14:41:00,UNVR,RG,5325,7,D,PD,PD,D
14:41:00,UNVR,RG,5325,1,D,PD,KK,D
14:41:00,UNVR,RG,5325,40,D,PD,YP,D
14:41:00,UNVR,RG,5325,5,D,PD,PD,D
14:41:00,UNVR,RG,5325,30,D,PD,NI,D
14:41:00,UNVR,RG,5325,10,D,PD,JB,D
14:41:00,UNVR,RG,5325,5,D,PD,PD,D
14:41:00,UNVR,RG,5325,1,D,PD,YP,D
14:41:00,UNVR,RG,5325,200,D,PD,YU,D
14:41:00,UNVR,RG,5325,50,D,PD,AG,D
14:41:00,UNVR,RG,5325,1,D,PD,PD,D
14:41:00,UNVR,RG,5325,3,D,PD,NI,D
14:41:00,UNVR,RG,5325,40,D,PD,CD,D
14:41:00,UNVR,RG,5325,10,D,PD,CD,D
14:41:00,UNVR,RG,5325,5,D,PD,PD,D
14:41:00,UNVR,RG,5325,100,D,PD,KK,D
14:41:00,UNVR,RG,5325,5,D,PD,PD,D
14:41:00,UNVR,RG,5325,9,D,PD,NI,D
14:41:00,UNVR,RG,5325,3,D,PD,SQ,D
14:41:00,UNVR,RG,5325,2,D,PD,DH,D
14:41:00,UNVR,RG,5325,1,D,PD,XC,D
14:41:00,UNVR,RG,5325,5,D,PD,OD,D
14:41:00,UNVR,RG,5325,1,D,PD,YP,D
14:41:00,UNVR,RG,5325,1,D,PD,YP,D
14:41:00,UNVR,RG,5325,4,D,PD,XL,D
14:41:00,UNVR,RG,5325,10,D,PD,PD,D
14:41:00,UNVR,RG,5325,12,D,PD,DR,D
14:41:00,UNVR,RG,5325,10,D,PD,GR,D
14:41:00,UNVR,RG,5325,41,D,PD,XC,D
14:41:00,UNVR,RG,5325,20,D,PD,CC,D
14:41:00,UNVR,RG,5325,5,D,PD,CC,D
14:41:00,UNVR,RG,5325,10,D,PD,YP,D
14:41:00,UNVR,RG,5325,10,D,PD,PD,D
14:41:00,UNVR,RG,5325,50,D,PD,YP,D
14:41:00,UNVR,RG,5325,20,D,PD,CC,D
14:41:00,UNVR,RG,5325,3,D,PD,XC,D
14:41:00,UNVR,RG,5325,110,D,PD,MG,D
14:41:00,UNVR,RG,5325,1,D,PD,KK,D
14:41:00,UNVR,RG,5325,1,D,PD,XC,D
14:41:00,UNVR,RG,5325,1,D,PD,YP,D
14:41:00,UNVR,RG,5325,20,D,PD,CC,D
14:41:00,UNVR,RG,5325,1,D,PD,PD,D
14:41:00,UNVR,RG,5325,27,D,PD,SQ,D
14:41:00,UNVR,RG,5325,137,D,PD,SQ,D
14:41:00,UNVR,RG,5325,36,D,PD,SQ,D
14:41:00,UNVR,RG,5325,1,D,PD,YP,D
14:41:00,UNVR,RG,5325,200,D,PD,YB,D
14:41:00,UNVR,RG,5325,5,D,PD,SQ,D
14:41:00,UNVR,RG,5325,398,D,PD,AK,F
14:41:00,UNVR,RG,5325,1,D,PD,YP,D
14:41:00,UNVR,RG,5325,5,D,PD,LG,D
14:41:00,UNVR,RG,5325,20,D,PD,PD,D
14:41:00,UNVR,RG,5325,2,D,PD,DH,D
14:41:00,UNVR,RG,5325,5,D,PD,YP,D
14:41:00,UNVR,RG,5325,10,D,PD,TF,D
14:41:00,UNVR,RG,5325,1000,D,PD,BR,D
14:41:00,UNVR,RG,5325,5,D,PD,PD,D
14:41:00,UNVR,RG,5325,5,D,PD,PD,D
14:41:00,UNVR,RG,5325,1,D,PD,YP,D
14:41:00,UNVR,RG,5325,107,D,PD,GR,D
14:41:00,UNVR,RG,5325,17,D,PD,GR,D
14:40:56,UNVR,RG,5325,3,F,ZP,GR,D
14:40:56,UNVR,RG,5325,15,F,BK,GR,D
14:40:55,UNVR,RG,5325,21,D,XL,GR,D
14:40:55,UNVR,RG,5325,3,F,ZP,GR,D
14:40:54,UNVR,RG,5325,37,F,BK,GR,D
14:40:53,UNVR,RG,5300,2,F,KZ,PD,D
14:40:48,UNVR,RG,5325,1,D,PD,GR,D
14:40:48,UNVR,RG,5325,3,D,XC,GR,D
14:40:46,UNVR,RG,5325,2,F,ZP,GR,D
14:40:45,UNVR,RG,5325,16,D,DR,GR,D
14:40:41,UNVR,RG,5325,3,F,ZP,GR,D
14:40:41,UNVR,RG,5300,7,F,KZ,PD,D
14:40:41,UNVR,RG,5300,7,F,KZ,PD,D
14:40:41,UNVR,RG,5300,16,F,KZ,PD,D
14:40:37,UNVR,RG,5325,5,D,YP,GR,D
14:40:34,UNVR,RG,5300,5,F,KZ,DH,D
14:40:29,UNVR,RG,5325,7,F,ZP,GR,D
14:40:28,UNVR,RG,5325,18,D,AK,GR,D
14:40:28,UNVR,RG,5325,60,F,BK,GR,D
14:40:28,UNVR,RG,5325,58,F,ZP,GR,D
14:40:28,UNVR,RG,5325,614,F,BK,GR,D
14:40:28,UNVR,RG,5300,15,F,KZ,DP,F
14:40:28,UNVR,RG,5300,26,F,KZ,YU,D
14:40:28,UNVR,RG,5300,2,F,KZ,GR,D
14:40:28,UNVR,RG,5300,5,F,KZ,YP,D
14:40:28,UNVR,RG,5300,1,F,KZ,YP,D
14:40:28,UNVR,RG,5300,1,F,ZP,YP,D
14:40:27,UNVR,RG,5275,10,D,YP,PD,D
14:40:26,UNVR,RG,5300,9,F,ZP,YP,D
14:40:26,UNVR,RG,5300,19,F,ZP,AI,F
14:40:26,UNVR,RG,5300,71,D,YP,AI,F
14:40:26,UNVR,RG,5300,1,D,YP,XC,D
14:40:26,UNVR,RG,5300,10,D,YP,CC,D
14:40:26,UNVR,RG,5300,30,D,YP,EP,D
14:40:26,UNVR,RG,5300,37,D,YP,CS,F
14:40:26,UNVR,RG,5300,2,D,YP,KK,D
14:40:26,UNVR,RG,5300,11,D,YP,CC,D
14:40:26,UNVR,RG,5300,38,D,YP,DP,F
14:40:25,UNVR,RG,5300,22,D,YP,DP,F
14:40:25,UNVR,RG,5300,8,F,KZ,DP,F
14:40:25,UNVR,RG,5300,8,F,KZ,DP,F
14:40:25,UNVR,RG,5300,1,F,KZ,DP,F
14:40:25,UNVR,RG,5300,2,F,KZ,DP,F
14:40:25,UNVR,RG,5300,10,F,KZ,GR,D
14:40:25,UNVR,RG,5300,7,F,KZ,GR,D
14:40:25,UNVR,RG,5300,1,F,KZ,GR,D
14:40:25,UNVR,RG,5300,1,F,KZ,GR,D
14:40:25,UNVR,RG,5300,65,F,KZ,YP,D
14:40:25,UNVR,RG,5300,35,F,ZP,YP,D
14:40:25,UNVR,RG,5300,5,F,ZP,YP,D
14:40:25,UNVR,RG,5300,3,F,ZP,ZP,F
14:40:25,UNVR,RG,5300,50,F,ZP,DH,D
14:40:25,UNVR,RG,5300,20,F,ZP,CC,D
14:40:25,UNVR,RG,5300,1,F,ZP,PD,D
14:40:25,UNVR,RG,5300,16,F,ZP,XL,D
14:40:25,UNVR,RG,5300,156,F,ZP,PD,D
14:40:24,UNVR,RG,5300,44,F,AK,PD,D
14:40:24,UNVR,RG,5300,10,F,AK,YP,D
14:40:24,UNVR,RG,5300,2,F,AK,XC,D
14:40:24,UNVR,RG,5300,5,F,AK,KK,D
14:40:24,UNVR,RG,5300,3,F,AK,CS,F
14:40:24,UNVR,RG,5300,1,F,AK,PD,D
14:40:24,UNVR,RG,5300,5,F,AK,PD,D
14:40:24,UNVR,RG,5300,5,F,AK,PD,D
14:40:24,UNVR,RG,5300,5,F,AK,GR,D
14:40:24,UNVR,RG,5300,5,F,AK,CC,D
14:40:24,UNVR,RG,5300,1,F,AK,YP,D
14:40:24,UNVR,RG,5300,5,F,AK,SQ,D
14:40:24,UNVR,RG,5300,2,F,AK,MU,D
14:40:24,UNVR,RG,5300,21,F,AK,YP,D
14:40:24,UNVR,RG,5300,28,F,AK,PD,D
14:40:24,UNVR,RG,5300,2,F,AK,CC,D
14:40:24,UNVR,RG,5300,4,F,AK,CC,D
14:40:24,UNVR,RG,5300,5,F,AK,KK,D
14:40:24,UNVR,RG,5300,25,F,AK,YP,D
14:40:24,UNVR,RG,5300,2,F,AK,DH,D
14:40:24,UNVR,RG,5300,1,F,AK,DP,D
14:40:24,UNVR,RG,5300,500,F,AK,DR,D
14:40:24,UNVR,RG,5300,10,F,AK,EP,D
14:40:24,UNVR,RG,5300,5,F,AK,PD,D
14:40:24,UNVR,RG,5300,125,F,AK,LG,D
14:40:24,UNVR,RG,5300,2,F,AK,DH,D
14:40:24,UNVR,RG,5300,2,F,AK,LG,D
14:40:24,UNVR,RG,5300,1,F,AK,DR,D
14:40:24,UNVR,RG,5300,10,F,AK,XC,D
14:40:24,UNVR,RG,5300,32,F,AK,CS,F
14:40:24,UNVR,RG,5300,5,F,AK,YP,D
14:40:24,UNVR,RG,5300,3,F,AK,SQ,D
14:40:24,UNVR,RG,5300,2,F,AK,XC,D
14:40:24,UNVR,RG,5300,4,F,AK,PD,D
14:40:24,UNVR,RG,5300,3,F,AK,PD,D
14:40:24,UNVR,RG,5300,2,F,AK,SQ,D
14:40:24,UNVR,RG,5300,1,F,AK,YP,D
14:40:24,UNVR,RG,5300,10,F,AK,PD,D
14:40:24,UNVR,RG,5300,10,F,AK,DH,D
14:40:24,UNVR,RG,5300,1,F,AK,GR,D
14:40:24,UNVR,RG,5300,91,F,AK,CC,D
14:40:24,UNVR,RG,5300,12,F,ZP,CC,D
14:40:24,UNVR,RG,5300,3,F,ZP,CC,D
14:40:24,UNVR,RG,5300,474,D,CC,CC,D
14:40:24,UNVR,RG,5300,1,D,CC,KK,D
14:40:24,UNVR,RG,5300,10,D,CC,DR,D
14:40:24,UNVR,RG,5300,397,D,CC,CC,D
14:40:24,UNVR,RG,5300,2,D,CC,DH,D
14:40:24,UNVR,RG,5300,23,D,CC,CS,F
14:40:24,UNVR,RG,5300,500,D,CC,CP,D
14:40:24,UNVR,RG,5300,1,D,CC,PD,D
14:40:24,UNVR,RG,5300,20,D,CC,GR,D
14:40:24,UNVR,RG,5300,116,D,CC,CC,D
14:40:24,UNVR,RG,5300,31,D,CC,CS,F
14:40:24,UNVR,RG,5300,36,D,CC,PD,D
14:40:24,UNVR,RG,5300,1,D,CC,PD,D
14:40:24,UNVR,RG,5300,25,D,CC,CC,D
14:40:24,UNVR,RG,5300,1,D,CC,KK,D
14:40:24,UNVR,RG,5300,50,D,CC,KK,D
14:40:24,UNVR,RG,5300,54,D,CC,AK,F
14:40:24,UNVR,RG,5300,1,D,CC,PD,D
14:40:24,UNVR,RG,5300,4,D,CC,CC,D
14:40:24,UNVR,RG,5300,2,D,CC,YP,D
14:40:24,UNVR,RG,5300,52,D,CC,AK,F
14:40:24,UNVR,RG,5300,50,D,CC,OD,D
14:40:24,UNVR,RG,5300,7,D,CC,XA,D
14:40:24,UNVR,RG,5300,32,D,CC,YU,D
14:40:24,UNVR,RG,5300,2,D,CC,OD,D
14:40:24,UNVR,RG,5300,10,D,CC,PD,D
14:40:24,UNVR,RG,5300,5,D,CC,OD,D
14:40:24,UNVR,RG,5300,23,D,CC,YP,D
14:40:24,UNVR,RG,5300,5,D,CC,PD,D
14:40:24,UNVR,RG,5300,1,D,CC,PD,D
14:40:24,UNVR,RG,5300,200,D,CC,CC,D
14:40:24,UNVR,RG,5300,6,D,CC,KK,D
14:40:24,UNVR,RG,5300,95,D,CC,NI,D
14:40:24,UNVR,RG,5300,5,D,CC,KK,D
14:40:24,UNVR,RG,5300,28,D,CC,KK,D
14:40:23,UNVR,RG,5300,2,F,ZP,KK,D
14:40:23,UNVR,RG,5300,31,F,BK,KK,D
14:40:19,UNVR,RG,5300,2,F,ZP,KK,D
14:40:18,UNVR,RG,5300,18,F,BK,KK,D
14:40:17,UNVR,RG,5300,11,F,ZP,KK,D
14:40:17,UNVR,RG,5275,102,D,YP,YP,F
14:40:17,UNVR,RG,5275,25,D,YP,YP,D
14:40:17,UNVR,RG,5275,2,D,YP,YP,D
14:40:15,UNVR,RG,5275,1,D,YP,YP,D
14:40:10,UNVR,RG,5300,2,F,ZP,KK,D
14:40:08,UNVR,RG,5300,22,F,BK,KK,D
14:40:04,UNVR,RG,5300,15,F,ZP,KK,D
14:40:03,UNVR,RG,5300,57,D,YP,KK,D
14:40:03,UNVR,RG,5300,12,F,BK,KK,D
14:40:03,UNVR,RG,5300,2,F,BK,KK,D
14:40:03,UNVR,RG,5300,8,F,BK,KK,D
14:40:03,UNVR,RG,5300,57,F,BK,GR,D
14:40:03,UNVR,RG,5300,38,D,YP,GR,D
14:39:55,UNVR,RG,5300,2,F,ZP,GR,D
14:39:53,UNVR,RG,5300,3,D,AK,GR,D
14:39:53,UNVR,RG,5300,1,D,AK,PD,D
14:39:53,UNVR,RG,5300,4,D,AK,CP,D
14:39:53,UNVR,RG,5300,5,D,AK,PD,D
14:39:53,UNVR,RG,5300,8,D,AK,AF,D
14:39:53,UNVR,RG,5300,1,F,ZP,AF,D
14:39:52,UNVR,RG,5275,5,D,YP,XL,D
14:39:42,UNVR,RG,5275,6,D,YP,XC,D
14:39:34,UNVR,RG,5300,4,F,ZP,AF,D
14:39:33,UNVR,RG,5300,25,F,BK,AF,D
14:39:33,UNVR,RG,5300,3,D,PD,AF,D
14:39:32,UNVR,RG,5300,9,D,AK,AF,D
14:39:32,UNVR,RG,5300,3,D,AK,NI,D
14:39:32,UNVR,RG,5300,1,D,AK,PD,D
14:39:32,UNVR,RG,5300,6,D,AK,DP,F
14:39:25,UNVR,RG,5300,6,F,ZP,DP,F
14:39:24,UNVR,RG,5300,18,D,BB,DP,F
14:39:24,UNVR,RG,5300,1,D,BB,DH,D
14:39:24,UNVR,RG,5300,18,D,BB,CC,D
14:39:24,UNVR,RG,5300,2,D,PD,CC,D
14:39:24,UNVR,RG,5300,22,D,PD,XC,D
14:39:24,UNVR,RG,5300,9,D,PD,CS,F
14:39:24,UNVR,RG,5300,3,D,PD,CS,F
14:39:24,UNVR,RG,5300,1,D,PD,XL,D
14:39:10,UNVR,RG,5300,9,F,ZP,XL,D
14:39:09,UNVR,RG,5275,10,D,YP,PD,D
14:39:09,UNVR,RG,5300,10,F,BK,XL,D
14:39:09,UNVR,RG,5300,1,F,BK,PD,D
14:39:09,UNVR,RG,5300,1,F,BK,PD,D
14:39:09,UNVR,RG,5300,2,F,BK,PD,D
14:39:09,UNVR,RG,5300,11,F,BK,YP,D
14:39:08,UNVR,RG,5300,9,D,PD,YP,D
14:39:08,UNVR,RG,5300,1,D,PD,YP,D
14:39:08,UNVR,RG,5300,20,D,PD,CC,D
14:39:08,UNVR,RG,5300,28,D,PD,CP,D
14:39:07,UNVR,RG,5300,1,F,ZP,CP,D
14:39:06,UNVR,RG,5300,15,F,BK,CP,D
14:39:04,UNVR,RG,5300,5,F,ZP,CP,D
14:39:03,UNVR,RG,5300,40,F,BK,CP,D
14:39:02,UNVR,RG,5300,19,D,AK,CP,D
14:39:01,UNVR,RG,5300,19,F,ZP,CP,D
14:39:00,UNVR,RG,5300,1,F,ZP,CP,D
14:39:00,UNVR,RG,5300,72,F,CC,CP,D
14:39:00,UNVR,RG,5300,50,F,CC,AO,D
14:39:00,UNVR,RG,5300,50,F,CC,PD,D
14:39:00,UNVR,RG,5300,1,F,CC,NI,D
14:39:00,UNVR,RG,5300,1,F,CC,DX,D
14:39:00,UNVR,RG,5300,18,F,CC,GR,D
14:39:00,UNVR,RG,5300,2,F,CC,YP,D
14:39:00,UNVR,RG,5300,5,F,CC,EP,D
14:39:00,UNVR,RG,5300,24,F,CC,CC,D
14:38:59,UNVR,RG,5300,2,F,ZP,CC,D
14:38:58,UNVR,RG,5300,14,F,BK,CC,D
14:38:58,UNVR,RG,5300,1,F,BK,CS,F
14:38:55,UNVR,RG,5300,4,F,ZP,CS,F
14:38:55,UNVR,RG,5300,1,F,ZP,CS,F
14:38:54,UNVR,RG,5300,8,F,BK,CS,F
14:38:54,UNVR,RG,5300,11,F,BK,CS,F
14:38:54,UNVR,RG,5300,43,F,BK,AK,F
14:38:52,UNVR,RG,5300,48,F,ZP,AK,F
14:38:51,UNVR,RG,5300,303,D,CC,AK,F
14:38:51,UNVR,RG,5300,2,D,CC,PD,D
14:38:51,UNVR,RG,5300,1,D,CC,YP,D
14:38:51,UNVR,RG,5300,14,D,CC,AK,F
14:38:51,UNVR,RG,5300,52,D,CC,AK,F
14:38:51,UNVR,RG,5300,1,D,CC,ZP,F
14:38:51,UNVR,RG,5300,9,D,CC,CS,F
14:38:51,UNVR,RG,5300,100,D,CC,PD,D
14:38:51,UNVR,RG,5300,1,D,CC,BQ,D
14:38:51,UNVR,RG,5300,25,D,CC,PD,D
14:38:51,UNVR,RG,5300,2,D,CC,PD,D
14:38:51,UNVR,RG,5300,10,D,CC,LG,D
14:38:51,UNVR,RG,5300,32,D,CC,YU,D
14:38:51,UNVR,RG,5300,2,D,CC,CS,F
14:38:47,UNVR,RG,5300,2,F,ZP,CS,F
14:38:47,UNVR,RG,5275,10,D,YP,EP,D
14:38:46,UNVR,RG,5275,4,D,YP,AZ,D
14:38:44,UNVR,RG,5300,6,F,ZP,CS,F
14:38:44,UNVR,RG,5300,2,F,ZP,CS,F
14:38:43,UNVR,RG,5300,5,D,CC,CS,F
14:38:43,UNVR,RG,5300,4,D,CC,CS,F
14:38:43,UNVR,RG,5300,5,D,CC,PD,D
14:38:43,UNVR,RG,5300,50,D,CC,DR,D
14:38:43,UNVR,RG,5300,5,D,CC,MG,D
14:38:43,UNVR,RG,5300,2,D,CC,PD,D
14:38:43,UNVR,RG,5300,25,D,CC,PD,D
14:38:43,UNVR,RG,5300,1,D,CC,PD,D
14:38:43,UNVR,RG,5300,1,D,CC,YP,D
14:38:43,UNVR,RG,5300,2,D,CC,ZP,D
14:38:43,UNVR,RG,5300,2,F,ZP,ZP,D
14:38:42,UNVR,RG,5275,10,D,YP,YP,D
14:38:36,UNVR,RG,5275,13,D,YP,EP,D
14:38:31,UNVR,RG,5300,2,D,DR,ZP,D
14:38:31,UNVR,RG,5300,1,D,DR,RX,F
14:38:28,UNVR,RG,5300,2,F,ZP,RX,F
14:38:27,UNVR,RG,5275,12,D,YP,XC,D
14:38:26,UNVR,RG,5275,1,D,YP,YP,D
14:38:17,UNVR,RG,5300,4,F,ZP,RX,F
14:38:17,UNVR,RG,5300,50,D,EP,RX,F
14:38:04,UNVR,RG,5300,2,F,ZP,RX,F
14:38:03,UNVR,RG,5300,1,D,CC,RX,F
14:38:02,UNVR,RG,5300,19,D,YB,RX,F
14:38:01,UNVR,RG,5300,4,F,KZ,RX,F
14:38:01,UNVR,RG,5300,4,F,KZ,RX,F
14:38:01,UNVR,RG,5300,34,F,ZP,RX,F
14:38:00,UNVR,RG,5300,2,D,BB,RX,F
14:38:00,UNVR,RG,5300,1,F,KZ,RX,F
14:38:00,UNVR,RG,5300,1,F,KZ,RX,F
14:38:00,UNVR,RG,5300,5,F,KZ,RX,F
14:38:00,UNVR,RG,5300,2,F,KZ,RX,F
14:38:00,UNVR,RG,5300,19,F,KZ,YP,D
14:38:00,UNVR,RG,5300,1,F,KZ,YP,D
14:38:00,UNVR,RG,5300,5,F,KZ,YP,D
14:38:00,UNVR,RG,5300,14,F,KZ,AK,F
14:38:00,UNVR,RG,5300,50,F,KZ,AK,F
14:38:00,UNVR,RG,5300,11,F,CC,AK,F
14:38:00,UNVR,RG,5300,7,F,CC,CS,F
14:38:00,UNVR,RG,5300,4,F,CC,CS,F
14:38:00,UNVR,RG,5300,25,F,CC,YP,D
14:38:00,UNVR,RG,5300,10,F,CC,YP,D
14:38:00,UNVR,RG,5300,5,F,CC,CC,D
14:38:00,UNVR,RG,5300,1,F,CC,IF,D
14:38:00,UNVR,RG,5300,226,F,CC,AG,D
14:37:52,UNVR,RG,5300,2,F,ZP,AG,D
14:37:50,UNVR,RG,5275,11,D,YP,CC,D
14:37:49,UNVR,RG,5300,6,D,DR,AG,D
14:37:43,UNVR,RG,5275,1,D,YP,NI,D
14:37:34,UNVR,RG,5275,2,D,YP,PD,D
14:37:22,UNVR,RG,5300,2,F,ZP,AG,D
14:37:21,UNVR,RG,5275,23,D,YP,XL,D
14:37:21,UNVR,RG,5275,1,D,YP,XC,D
14:37:15,UNVR,RG,5275,1,D,YP,PD,D
14:37:03,UNVR,RG,5275,2,D,AK,SQ,D
14:37:01,UNVR,RG,5300,2,F,ZP,AG,D
14:37:00,UNVR,RG,5275,13,D,AK,YU,D
14:37:00,UNVR,RG,5275,11,D,DX,YU,D
14:36:49,UNVR,RG,5300,3,F,ZP,AG,D
14:36:48,UNVR,RG,5275,19,D,DX,PD,D
14:36:48,UNVR,RG,5275,6,D,YP,PD,D
14:36:45,UNVR,RG,5275,1,D,YP,YP,D
14:36:33,UNVR,RG,5275,1,D,YP,YP,D
14:36:23,UNVR,RG,5300,3,F,ZP,AG,D
14:36:22,UNVR,RG,5300,36,D,PD,AG,D
14:36:20,UNVR,RG,5275,1,D,YP,YP,D
14:36:20,UNVR,RG,5300,1,F,ZP,AG,D
14:36:19,UNVR,RG,5275,1,D,YP,YP,D
14:36:18,UNVR,RG,5300,1,D,DH,AG,D
14:36:18,UNVR,RG,5275,1,D,YP,YP,D
14:36:18,UNVR,RG,5275,1,D,YP,YP,D
14:36:17,UNVR,RG,5275,1,D,YP,YP,D
14:36:17,UNVR,RG,5275,1,D,YP,YP,D
14:36:17,UNVR,RG,5275,1,D,YP,YP,D
14:36:16,UNVR,RG,5275,1,D,YP,YP,D
14:36:15,UNVR,RG,5300,5,F,ZP,AG,D
14:36:14,UNVR,RG,5300,58,D,PD,AG,D
14:36:06,UNVR,RG,5300,1,D,XC,AG,D
14:36:01,UNVR,RG,5300,8,F,ZP,AG,D
14:36:00,UNVR,RG,5300,43,D,YP,AG,D
14:35:59,UNVR,RG,5275,3,D,YP,CC,D
14:35:59,UNVR,RG,5275,38,F,AK,CC,D
14:35:55,UNVR,RG,5275,1,F,AK,RX,F
14:35:54,UNVR,RG,5275,10,F,AK,CC,D
14:35:53,UNVR,RG,5300,5,D,DR,AG,D
14:35:46,UNVR,RG,5300,4,F,ZP,AG,D
14:35:44,UNVR,RG,5275,40,F,AK,ES,D
14:35:42,UNVR,RG,5275,1,F,AK,YP,D
14:35:40,UNVR,RG,5300,25,F,ZP,AG,D
14:35:40,UNVR,RG,5300,135,D,NI,AG,D
14:35:40,UNVR,RG,5300,264,D,NI,AG,D
14:35:39,UNVR,RG,5275,2,F,AK,PD,D
14:35:38,UNVR,RG,5275,200,F,AK,NI,D
14:35:36,UNVR,RG,5300,61,F,AK,AG,D
14:35:36,UNVR,RG,5275,24,F,AK,BQ,D
14:35:36,UNVR,RG,5275,200,D,YP,BQ,D
14:35:36,UNVR,RG,5275,1,D,YB,BQ,D
14:35:36,UNVR,RG,5275,18,D,CC,BQ,D
14:35:36,UNVR,RG,5275,2,F,AK,BQ,D
14:35:36,UNVR,RG,5275,22,F,KZ,BQ,D
14:35:36,UNVR,RG,5275,6,D,BB,BQ,D
14:35:36,UNVR,RG,5275,50,D,AZ,BQ,D
14:35:36,UNVR,RG,5275,2,D,NI,BQ,D
14:35:36,UNVR,RG,5275,15,D,DR,BQ,D
14:35:36,UNVR,RG,5275,2,F,ZP,BQ,D
14:35:36,UNVR,RG,5275,1,D,PD,BQ,D
14:35:36,UNVR,RG,5275,1,D,YP,BQ,D
14:35:36,UNVR,RG,5275,2,D,PD,BQ,D
14:35:36,UNVR,RG,5275,1,D,YP,BQ,D
14:35:36,UNVR,RG,5275,1,D,XL,BQ,D
14:35:36,UNVR,RG,5275,20,D,NI,BQ,D
14:35:36,UNVR,RG,5275,20,D,CC,BQ,D
14:35:36,UNVR,RG,5275,1,D,PD,BQ,D
14:35:36,UNVR,RG,5275,5,D,PD,BQ,D
14:35:36,UNVR,RG,5275,1,D,YP,BQ,D
14:35:36,UNVR,RG,5275,10,D,SQ,BQ,D
14:35:36,UNVR,RG,5275,2,D,YP,BQ,D
14:35:36,UNVR,RG,5275,25,D,SQ,BQ,D
14:35:36,UNVR,RG,5275,4,D,XL,BQ,D
14:35:36,UNVR,RG,5275,10,D,NI,BQ,D
14:35:36,UNVR,RG,5275,1,D,GR,BQ,D
14:35:36,UNVR,RG,5275,1,D,XL,BQ,D
14:35:36,UNVR,RG,5275,10,D,PD,BQ,D
14:35:36,UNVR,RG,5275,1,D,KK,BQ,D
14:35:36,UNVR,RG,5275,111,D,KK,BQ,D
14:35:36,UNVR,RG,5275,37,D,YP,BQ,D
14:35:36,UNVR,RG,5275,100,D,EP,BQ,D
14:35:36,UNVR,RG,5275,100,D,NI,BQ,D
14:35:36,UNVR,RG,5275,43,D,CC,BQ,D
14:35:32,UNVR,RG,5300,6,D,XC,AG,D
14:35:30,UNVR,RG,5300,50,D,YP,AG,D
14:35:25,UNVR,RG,5300,5,F,AK,AG,D
14:35:23,UNVR,RG,5300,48,D,YP,AG,D
14:35:23,UNVR,RG,5300,2,D,YP,DP,F
14:35:22,UNVR,RG,5300,5,D,DR,DP,F
14:35:17,UNVR,RG,5300,2,F,AK,DP,F
14:35:16,UNVR,RG,5275,1,D,CC,CC,D
14:35:16,UNVR,RG,5300,15,D,EP,DP,F
14:35:16,UNVR,RG,5300,1,F,AK,DP,F
14:35:15,UNVR,RG,5275,15,D,CC,CC,D
14:35:15,UNVR,RG,5300,2,F,AK,DP,F
14:35:14,UNVR,RG,5275,10,D,CC,XC,D
14:35:14,UNVR,RG,5275,1,D,CC,YP,D
14:35:03,UNVR,RG,5275,3,D,CC,PD,D
14:34:59,UNVR,RG,5300,1,F,AK,DP,F
14:34:59,UNVR,RG,5275,10,D,CC,YP,D
14:34:53,UNVR,RG,5275,1,D,CC,YP,D
14:34:43,UNVR,RG,5300,7,F,AK,DP,F
14:34:42,UNVR,RG,5275,70,D,CC,AI,D
14:34:40,UNVR,RG,5300,1,D,NI,DP,F
14:34:37,UNVR,RG,5300,19,F,AK,DP,F
14:34:36,UNVR,RG,5275,200,D,CC,NI,D
14:34:32,UNVR,RG,5275,2,D,CC,PD,D
14:34:29,UNVR,RG,5300,2,F,AK,DP,F
14:34:29,UNVR,RG,5300,18,D,EP,DP,F
14:34:26,UNVR,RG,5275,1,D,CC,XC,D
14:34:24,UNVR,RG,5300,3,F,AK,DP,F
14:34:24,UNVR,RG,5275,30,D,CC,YP,D
14:34:23,UNVR,RG,5275,1,D,CC,YP,D
14:34:19,UNVR,RG,5275,2,D,CC,YP,D
14:34:16,UNVR,RG,5275,1,D,CC,YP,D
14:34:13,UNVR,RG,5275,50,D,CC,ZP,D
14:34:13,UNVR,RG,5300,5,D,SQ,DP,F
14:34:12,UNVR,RG,5300,5,D,PD,DP,F
14:34:12,UNVR,RG,5300,1,D,PD,ZP,D
14:34:04,UNVR,RG,5275,59,D,CC,YP,D
14:34:04,UNVR,RG,5275,10,D,CC,YP,D
14:34:04,UNVR,RG,5275,5,D,CC,YP,D
14:34:04,UNVR,RG,5275,26,D,PD,YP,D
14:34:02,UNVR,RG,5300,2,D,PD,ZP,D
14:34:02,UNVR,RG,5300,24,D,PD,YU,D
14:34:02,UNVR,RG,5300,10,D,PD,YU,D
14:34:00,UNVR,RG,5300,2,D,YB,YU,D
14:33:56,UNVR,RG,5275,1,D,PD,DH,D
14:33:54,UNVR,RG,5300,10,D,YP,YU,D
14:33:54,UNVR,RG,5300,4,D,CC,YU,D
14:33:52,UNVR,RG,5325,98,F,ZP,GR,D
14:33:52,UNVR,RG,5300,80,F,ZP,BK,F
14:33:52,UNVR,RG,5275,3,D,PD,PD,D
14:33:52,UNVR,RG,5300,1,F,KZ,BK,F
14:33:52,UNVR,RG,5300,15,D,AK,BK,F
14:33:52,UNVR,RG,5300,8,F,AK,BK,F
14:33:52,UNVR,RG,5300,10,D,CC,BK,F
14:33:52,UNVR,RG,5300,1,F,ZP,BK,F
14:33:52,UNVR,RG,5300,1,D,AT,BK,F
14:33:52,UNVR,RG,5300,11,D,DR,BK,F
14:33:52,UNVR,RG,5300,2,D,BB,BK,F
14:33:52,UNVR,RG,5300,7,F,CS,BK,F
14:33:52,UNVR,RG,5300,40,D,EP,BK,F
14:33:52,UNVR,RG,5300,1,D,CC,BK,F
14:33:52,UNVR,RG,5300,2,F,ZP,BK,F
14:33:52,UNVR,RG,5300,1,F,KZ,BK,F
14:33:52,UNVR,RG,5300,55,D,EP,BK,F
14:33:52,UNVR,RG,5300,1,F,KZ,BK,F
14:33:52,UNVR,RG,5300,35,D,SQ,BK,F
14:33:52,UNVR,RG,5300,5,D,SQ,BK,F
14:33:52,UNVR,RG,5300,15,D,AK,BK,F
14:33:52,UNVR,RG,5300,1,F,KZ,BK,F
14:33:52,UNVR,RG,5300,46,F,AK,BK,F
14:33:52,UNVR,RG,5300,15,F,AG,BK,F
14:33:52,UNVR,RG,5300,12,D,BB,BK,F
14:33:52,UNVR,RG,5300,8,D,BB,BK,F
14:33:52,UNVR,RG,5300,269,F,CC,BK,F
14:33:52,UNVR,RG,5300,1,F,KZ,BK,F
14:33:52,UNVR,RG,5300,32,D,BB,BK,F
14:33:52,UNVR,RG,5300,86,F,KZ,BK,F
14:33:52,UNVR,RG,5300,12,D,BB,BK,F
14:33:52,UNVR,RG,5300,4,D,PD,BK,F
14:33:52,UNVR,RG,5300,10,D,YP,BK,F
14:33:52,UNVR,RG,5300,10,D,YP,BK,F
14:33:52,UNVR,RG,5300,1,D,PD,BK,F
14:33:52,UNVR,RG,5300,250,F,ZP,BK,F
14:33:52,UNVR,RG,5300,14,D,DR,BK,F
14:33:52,UNVR,RG,5300,165,D,OD,BK,F
14:33:51,UNVR,RG,5325,45,F,BK,GR,D
14:33:51,UNVR,RG,5300,2,D,OD,ZP,F
14:33:51,UNVR,RG,5300,33,D,OD,MG,D
14:33:51,UNVR,RG,5300,2,D,DR,MG,D
14:33:51,UNVR,RG,5300,1,D,PD,MG,D
14:33:51,UNVR,RG,5300,1,D,BB,MG,D
14:33:51,UNVR,RG,5300,4,D,PD,MG,D
14:33:51,UNVR,RG,5300,100,D,YP,MG,D
14:33:51,UNVR,RG,5300,10,D,KK,MG,D
14:33:51,UNVR,RG,5300,157,D,PD,MG,D
14:33:51,UNVR,RG,5300,1,D,PD,MG,D
14:33:51,UNVR,RG,5300,40,D,CC,MG,D
14:33:51,UNVR,RG,5300,100,D,KK,MG,D
14:33:51,UNVR,RG,5300,300,D,YP,MG,D
14:33:51,UNVR,RG,5300,90,D,SQ,MG,D
14:33:51,UNVR,RG,5300,1,D,YP,MG,D
14:33:51,UNVR,RG,5300,250,D,CC,MG,D
14:33:51,UNVR,RG,5300,1,D,GR,MG,D
14:33:51,UNVR,RG,5300,5,D,DR,MG,D
14:33:51,UNVR,RG,5300,500,D,CC,MG,D
14:33:51,UNVR,RG,5300,27,D,SQ,MG,D
14:33:51,UNVR,RG,5300,4,D,YP,MG,D
14:33:51,UNVR,RG,5300,1,D,AZ,MG,D
14:33:51,UNVR,RG,5300,12,D,AZ,MG,D
14:33:51,UNVR,RG,5300,50,D,YP,MG,D
14:33:51,UNVR,RG,5300,2,D,YP,MG,D
14:33:51,UNVR,RG,5300,308,D,YP,MG,D
14:33:47,UNVR,RG,5325,8,F,ZP,GR,D
14:33:46,UNVR,RG,5325,46,F,BK,GR,D
14:33:46,UNVR,RG,5300,53,D,YP,YP,D
14:33:42,UNVR,RG,5300,139,D,YP,EP,D
14:33:42,UNVR,RG,5300,100,D,YP,NI,D
14:33:42,UNVR,RG,5325,1,D,EP,GR,D
14:33:41,UNVR,RG,5325,28,D,EP,GR,D
14:33:38,UNVR,RG,5325,4,D,YP,GR,D
14:33:33,UNVR,RG,5325,1,D,PD,GR,D
14:33:27,UNVR,RG,5325,10,D,XC,GR,D
14:33:27,UNVR,RG,5325,10,D,YP,GR,D
14:33:19,UNVR,RG,5325,13,F,BK,GR,D
14:33:14,UNVR,RG,5325,19,F,BK,GR,D
14:33:11,UNVR,RG,5300,100,D,YP,DH,D
14:33:11,UNVR,RG,5300,10,D,XL,DH,D
14:33:11,UNVR,RG,5300,2,D,PD,DH,D
14:33:11,UNVR,RG,5300,3,D,DH,DH,D
14:33:11,UNVR,RG,5300,10,D,PD,DH,D
14:33:11,UNVR,RG,5300,10,D,EP,DH,D
14:33:11,UNVR,RG,5300,1,D,OD,DH,D
14:33:11,UNVR,RG,5300,14,D,YP,DH,D
14:33:10,UNVR,RG,5300,5,D,YP,PD,D
14:33:09,UNVR,RG,5300,3,D,YP,YP,D
14:33:08,UNVR,RG,5325,13,F,BK,GR,D
14:33:07,UNVR,RG,5300,1,D,YP,DR,D
14:33:06,UNVR,RG,5325,25,F,BK,GR,D
14:33:05,UNVR,RG,5325,58,D,PD,GR,D
14:33:03,UNVR,RG,5300,2,D,YP,PD,D
14:33:00,UNVR,RG,5300,225,D,YP,PD,D
14:33:00,UNVR,RG,5300,25,F,ZP,PD,D
14:33:00,UNVR,RG,5300,10,F,ZP,CD,D
14:32:56,UNVR,RG,5325,2,D,DR,GR,D
14:32:56,UNVR,RG,5325,1,D,XL,GR,D
14:32:49,UNVR,RG,5300,20,F,ZP,AR,D
14:32:45,UNVR,RG,5325,2,D,EP,GR,D
14:32:39,UNVR,RG,5300,20,F,ZP,KK,D
14:32:39,UNVR,RG,5300,1,D,YP,KK,D
14:32:39,UNVR,RG,5300,1,D,XL,KK,D
14:32:39,UNVR,RG,5300,1,D,XL,KK,D
14:32:39,UNVR,RG,5300,2,D,PD,KK,D
14:32:39,UNVR,RG,5325,5,D,PD,GR,D
14:32:39,UNVR,RG,5300,1,D,PD,OD,D
14:32:39,UNVR,RG,5300,7,D,YP,OD,D
14:32:39,UNVR,RG,5300,10,D,NI,OD,D
14:32:39,UNVR,RG,5300,2,D,CC,OD,D
14:32:39,UNVR,RG,5325,8,D,XC,GR,D
14:32:38,UNVR,RG,5325,10,D,HP,GR,D
14:32:37,UNVR,RG,5325,3,F,ZP,GR,D
14:32:36,UNVR,RG,5325,16,D,AK,GR,D
14:32:36,UNVR,RG,5325,15,D,AK,GR,D
14:32:36,UNVR,RG,5325,60,F,ZP,GR,D
14:32:36,UNVR,RG,5325,1,D,PD,GR,D
14:32:36,UNVR,RG,5325,1,D,YP,GR,D
14:32:36,UNVR,RG,5325,1,F,KZ,GR,D
14:32:36,UNVR,RG,5325,1,F,KZ,GR,D
14:32:36,UNVR,RG,5325,2,D,PD,GR,D
14:32:36,UNVR,RG,5325,5,F,KZ,GR,D
14:32:36,UNVR,RG,5325,12,F,KZ,GR,D
14:32:36,UNVR,RG,5325,3,F,ZP,GR,D
14:32:36,UNVR,RG,5325,25,D,CC,GR,D
14:32:36,UNVR,RG,5325,1,D,PD,GR,D
14:32:36,UNVR,RG,5325,2,F,AK,GR,D
14:32:36,UNVR,RG,5325,1,F,ZP,GR,D
14:32:36,UNVR,RG,5325,1,F,KZ,GR,D
14:32:36,UNVR,RG,5325,47,D,CC,GR,D
14:32:36,UNVR,RG,5325,12,F,KZ,GR,D
14:32:36,UNVR,RG,5325,1,F,AK,GR,D
14:32:36,UNVR,RG,5325,10,D,HP,GR,D
14:32:36,UNVR,RG,5325,1,D,YP,GR,D
14:32:36,UNVR,RG,5325,10,D,KK,GR,D
14:32:36,UNVR,RG,5325,16,D,CC,GR,D
14:32:36,UNVR,RG,5325,298,F,ZP,GR,D
14:32:36,UNVR,RG,5325,8,F,AK,GR,D
14:32:36,UNVR,RG,5325,1,D,YP,GR,D
14:32:36,UNVR,RG,5325,23,D,BB,GR,D
14:32:36,UNVR,RG,5325,1,F,BK,GR,D
14:32:36,UNVR,RG,5325,4,F,CS,GR,D
14:32:36,UNVR,RG,5325,1,F,CS,GR,D
14:32:36,UNVR,RG,5325,406,F,BK,GR,D
14:32:36,UNVR,RG,5325,10,D,CC,GR,D
14:32:36,UNVR,RG,5325,90,D,EP,GR,D
14:32:36,UNVR,RG,5325,1,D,PD,GR,D
14:32:36,UNVR,RG,5325,200,D,YP,GR,D
14:32:36,UNVR,RG,5325,1,D,XC,GR,D
14:32:36,UNVR,RG,5325,200,D,OD,GR,D
14:32:36,UNVR,RG,5325,5,D,EP,GR,D
14:32:36,UNVR,RG,5325,30,D,AZ,GR,D
14:32:36,UNVR,RG,5325,259,F,BK,GR,D
14:32:36,UNVR,RG,5325,3,F,ZP,GR,D
14:32:36,UNVR,RG,5325,664,D,BB,GR,D
14:32:36,UNVR,RG,5325,1320,D,BB,GR,D
14:32:36,UNVR,RG,5325,134,D,NI,GR,D
14:32:36,UNVR,RG,5325,265,D,NI,GR,D
14:32:36,UNVR,RG,5325,10,D,PD,GR,D
14:32:36,UNVR,RG,5325,11,D,BB,GR,D
14:32:36,UNVR,RG,5325,2,F,AK,GR,D
14:32:36,UNVR,RG,5325,72,F,AK,GR,D
14:32:36,UNVR,RG,5325,1,D,AT,GR,D
14:32:36,UNVR,RG,5325,4,D,BB,GR,D
14:32:36,UNVR,RG,5325,14,D,DR,GR,D
14:32:36,UNVR,RG,5325,125,D,BB,GR,D
14:32:36,UNVR,RG,5325,50,D,YP,GR,D
14:32:36,UNVR,RG,5325,1,F,ZP,GR,D
14:32:36,UNVR,RG,5325,1,D,DH,GR,D
14:32:36,UNVR,RG,5325,11,F,AG,GR,D
14:32:36,UNVR,RG,5325,125,F,BK,GR,D
14:32:36,UNVR,RG,5325,23,D,AK,GR,D
14:32:36,UNVR,RG,5325,7,F,CS,GR,D
14:32:36,UNVR,RG,5325,647,F,BK,GR,D
14:32:36,UNVR,RG,5325,1,D,SQ,GR,D
14:32:36,UNVR,RG,5325,3,F,ZP,GR,D
14:32:36,UNVR,RG,5325,1,D,XC,GR,D
14:32:36,UNVR,RG,5325,300,D,PD,GR,D
14:32:36,UNVR,RG,5325,1,D,PD,GR,D
14:32:36,UNVR,RG,5325,8,F,AK,GR,D
14:32:36,UNVR,RG,5325,2,D,XL,GR,D
14:32:36,UNVR,RG,5325,10,D,GR,GR,D
14:32:36,UNVR,RG,5325,100,D,KK,GR,D
14:32:36,UNVR,RG,5325,2,D,XC,GR,D
14:32:36,UNVR,RG,5325,3,D,BB,GR,D
14:32:36,UNVR,RG,5325,13,F,AG,GR,D
14:32:36,UNVR,RG,5325,5,D,CC,GR,D
14:32:36,UNVR,RG,5325,1,F,KZ,GR,D
14:32:36,UNVR,RG,5325,3,D,EP,GR,D
14:32:36,UNVR,RG,5325,2,F,AK,GR,D
14:32:36,UNVR,RG,5325,14,D,YP,GR,D
14:32:36,UNVR,RG,5325,124,D,PD,GR,D
14:32:36,UNVR,RG,5325,95,D,AZ,GR,D
14:32:36,UNVR,RG,5325,250,D,CD,GR,D
14:32:36,UNVR,RG,5325,13,F,KZ,GR,D
14:32:36,UNVR,RG,5325,19,D,AK,GR,D
14:32:36,UNVR,RG,5325,18,D,AK,GR,D
14:32:36,UNVR,RG,5325,19,D,AK,GR,D
14:32:36,UNVR,RG,5325,897,F,BK,GR,D
14:32:36,UNVR,RG,5325,2,F,AK,GR,D
14:32:36,UNVR,RG,5325,1,F,AK,GR,D
14:32:36,UNVR,RG,5325,9,F,AK,GR,D
14:32:36,UNVR,RG,5325,42,F,CC,GR,D
14:32:33,UNVR,RG,5350,25,F,BK,YP,D
14:32:31,UNVR,RG,5350,32,F,BK,YP,D
14:32:30,UNVR,RG,5350,25,D,DR,YP,D
14:32:27,UNVR,RG,5325,30,F,CC,YP,D
14:32:26,UNVR,RG,5325,2,F,CC,XC,D
14:32:26,UNVR,RG,5350,12,D,DR,YP,D
14:32:23,UNVR,RG,5350,20,F,BK,YP,D
14:32:19,UNVR,RG,5325,50,F,CC,KK,D
14:32:17,UNVR,RG,5350,14,F,BK,YP,D
14:32:17,UNVR,RG,5350,15,D,AK,YP,D
14:32:17,UNVR,RG,5325,39,F,CC,KI,D
14:32:17,UNVR,RG,5325,11,F,ZP,KI,D
14:32:16,UNVR,RG,5350,34,F,BK,YP,D
14:32:14,UNVR,RG,5350,25,F,BK,YP,D
14:32:11,UNVR,RG,5325,1,F,ZP,DH,D
14:32:08,UNVR,RG,5325,1,F,ZP,ZP,D
14:32:06,UNVR,RG,5350,1,D,XC,YP,D
14:31:50,UNVR,RG,5350,16,F,BK,YP,D
14:31:50,UNVR,RG,5325,10,F,ZP,YP,D
14:31:46,UNVR,RG,5350,1,D,EP,YP,D
14:31:45,UNVR,RG,5325,5,F,ZP,PD,D
14:31:44,UNVR,RG,5350,1,D,PD,YP,D
14:31:43,UNVR,RG,5350,1,D,YP,YP,D
14:31:41,UNVR,RG,5350,3,D,PD,YP,D
14:31:36,UNVR,RG,5350,14,F,BK,YP,D
14:31:36,UNVR,RG,5325,37,F,ZP,XC,D
14:31:35,UNVR,RG,5325,2,F,ZP,PD,D
14:31:32,UNVR,RG,5350,13,D,AK,YP,D
14:31:31,UNVR,RG,5350,19,F,BK,YP,D
14:31:31,UNVR,RG,5350,13,F,KZ,YP,D
14:31:31,UNVR,RG,5350,10,D,YP,YP,D
14:31:31,UNVR,RG,5350,1,F,KZ,YP,D
14:31:30,UNVR,RG,5350,3,F,KZ,YP,D
14:31:30,UNVR,RG,5350,14,F,KZ,YP,D
14:31:30,UNVR,RG,5350,2,F,KZ,YP,D
14:31:30,UNVR,RG,5350,1,F,KZ,YP,D
14:31:30,UNVR,RG,5350,6,F,KZ,YP,D
14:31:30,UNVR,RG,5350,1,F,KZ,YP,D
14:31:30,UNVR,RG,5350,32,D,EP,YP,D
14:31:26,UNVR,RG,5350,24,F,BK,YP,D
14:31:25,UNVR,RG,5325,1,F,ZP,GR,D
14:31:25,UNVR,RG,5350,35,D,EP,YP,D
14:31:24,UNVR,RG,5325,150,F,ZP,XC,D
14:31:23,UNVR,RG,5350,28,F,BK,YP,D
14:31:20,UNVR,RG,5325,1,F,ZP,NI,D
14:31:20,UNVR,RG,5325,65,F,ZP,YP,D
14:31:19,UNVR,RG,5350,51,F,BK,YP,D
14:31:19,UNVR,RG,5350,15,F,BK,YP,D
14:31:19,UNVR,RG,5350,1,F,BK,PD,D
14:31:19,UNVR,RG,5350,10,F,BK,DH,D
14:31:18,UNVR,RG,5325,35,F,ZP,PD,D
14:31:18,UNVR,RG,5325,1,F,ZP,PD,D
14:31:18,UNVR,RG,5325,284,D,CC,PD,D
14:31:17,UNVR,RG,5350,9,D,YP,DH,D
14:31:17,UNVR,RG,5350,6,D,AK,DH,D
14:31:17,UNVR,RG,5350,7,D,AK,OD,D
14:31:14,UNVR,RG,5350,2,F,ZP,OD,D
14:31:13,UNVR,RG,5350,25,F,BK,OD,D
14:31:13,UNVR,RG,5350,2,F,ZP,OD,D
14:31:11,UNVR,RG,5350,1,D,YP,OD,D
14:31:11,UNVR,RG,5350,16,F,BK,OD,D
14:31:11,UNVR,RG,5325,1,D,CC,EP,D
14:31:10,UNVR,RG,5325,5,D,CC,YP,D
14:31:10,UNVR,RG,5350,4,F,ZP,OD,D
14:31:09,UNVR,RG,5325,10,D,CC,YP,D
14:31:09,UNVR,RG,5350,28,F,BK,OD,D
14:31:07,UNVR,RG,5325,5,D,CC,NI,D
14:31:05,UNVR,RG,5350,2,F,ZP,OD,D
14:31:05,UNVR,RG,5325,18,D,CC,YP,D
14:31:04,UNVR,RG,5325,1,D,CC,PD,D
14:31:04,UNVR,RG,5350,3,F,ZP,OD,D
14:31:03,UNVR,RG,5325,18,D,CC,PD,D
14:31:03,UNVR,RG,5350,10,F,BK,OD,D
14:31:03,UNVR,RG,5350,1,F,BK,SQ,D
14:31:03,UNVR,RG,5350,11,F,BK,OD,D
14:31:01,UNVR,RG,5350,5,F,ZP,OD,D
14:31:00,UNVR,RG,5350,34,D,HP,OD,D
14:31:00,UNVR,RG,5350,6,D,HP,YP,D
14:31:00,UNVR,RG,5350,2,D,HP,YP,D
14:31:00,UNVR,RG,5350,8,D,HP,DH,D
14:30:59,UNVR,RG,5350,3,F,ZP,DH,D
14:30:59,UNVR,RG,5350,1,D,BB,DH,D
14:30:58,UNVR,RG,5350,28,F,BK,DH,D
14:30:58,UNVR,RG,5350,8,F,BK,OD,D
14:30:55,UNVR,RG,5350,2,D,CC,OD,D
14:30:54,UNVR,RG,5325,2,D,CC,PD,D
14:30:53,UNVR,RG,5350,5,F,ZP,OD,D
14:30:53,UNVR,RG,5350,20,F,BK,OD,D
14:30:53,UNVR,RG,5350,10,D,YP,OD,D
14:30:52,UNVR,RG,5350,5,F,BK,OD,D
14:30:52,UNVR,RG,5350,5,F,BK,PD,D
14:30:52,UNVR,RG,5350,20,F,BK,KK,D
14:30:49,UNVR,RG,5350,1,D,YP,KK,D
14:30:49,UNVR,RG,5350,2,F,ZP,KK,D
14:30:48,UNVR,RG,5350,2,F,BK,KK,D
14:30:48,UNVR,RG,5350,3,F,BK,CC,D
14:30:48,UNVR,RG,5350,10,F,BK,YP,D
14:30:48,UNVR,RG,5350,1,F,BK,PD,D
14:30:48,UNVR,RG,5350,5,F,BK,KK,D
14:30:46,UNVR,RG,5350,1,D,YP,KK,D
14:30:44,UNVR,RG,5350,2,F,ZP,KK,D
14:30:43,UNVR,RG,5350,16,F,BK,KK,D
14:30:43,UNVR,RG,5325,3,D,CC,TF,D
14:30:42,UNVR,RG,5350,1,D,OD,KK,D
14:30:41,UNVR,RG,5350,1,F,ZP,PD,D
14:30:41,UNVR,RG,5350,3,F,ZP,YP,D
14:30:41,UNVR,RG,5325,10,D,CC,XC,F
14:30:40,UNVR,RG,5350,10,F,BK,YP,D
14:30:40,UNVR,RG,5350,8,F,BK,PD,D
14:30:40,UNVR,RG,5350,2,F,BK,DH,D
14:30:40,UNVR,RG,5350,2,F,BK,GR,D
14:30:40,UNVR,RG,5350,1,F,BK,YP,D
14:30:40,UNVR,RG,5350,1,F,BK,DR,D
14:30:40,UNVR,RG,5350,1,F,BK,AR,D
14:30:40,UNVR,RG,5350,5,F,BK,NI,D
14:30:40,UNVR,RG,5350,1,F,BK,KK,D
