Time,Stock,Brd,Price,Qty,BT,BC,SC,ST
15:14:56,UNVR,RG,4790,1,F,BB,YP,D
15:14:54,UNVR,RG,4790,100,F,BB,GR,D
15:14:31,UNVR,RG,4790,1,F,BB,XC,D
15:13:53,UNVR,RG,4790,5,F,BB,EP,D
15:13:11,UNVR,RG,4790,74,F,BB,YP,D
15:12:56,UNVR,RG,4790,2,F,BB,CC,D
15:11:40,UNVR,RG,4790,1,F,BB,XC,D
15:11:02,UNVR,RG,4790,5,F,BB,YP,D
15:10:43,UNVR,RG,4790,2,F,BB,HP,D
15:10:26,UNVR,RG,4790,2,F,BB,CC,D
15:09:54,UNVR,RG,4790,3,F,BB,CC,D
15:09:39,UNVR,RG,4790,2186,F,BB,NI,D
15:09:39,UNVR,RG,4790,11,D,CD,NI,D
15:09:39,UNVR,RG,4790,21,D,HP,NI,D
15:09:39,UNVR,RG,4790,782,F,BB,NI,D
15:09:23,UNVR,RG,4790,2,F,BB,EP,D
15:08:54,UNVR,RG,4790,138,F,BB,EP,D
15:08:04,UNVR,RG,4790,5,F,BB,GR,D
15:07:22,UNVR,RG,4790,1,F,BB,YP,D
15:07:06,UNVR,RG,4790,50,F,BB,SQ,D
15:07:05,UNVR,RG,4790,1,F,BB,YP,D
15:04:52,UNVR,RG,4790,8,F,BB,YP,D
15:04:38,UNVR,RG,4790,3,F,BB,DR,D
15:03:30,UNVR,RG,4790,90,F,BB,XC,D
15:03:19,UNVR,RG,4790,21,F,BB,XL,D
15:03:17,UNVR,RG,4790,5,F,BB,YP,D
15:03:04,UNVR,RG,4790,3,F,BB,NI,D
15:02:47,UNVR,RG,4790,100,F,BB,DR,D
15:02:31,UNVR,RG,4790,1,F,BB,YP,D
15:02:24,UNVR,RG,4790,12,F,BB,AT,D
15:01:39,UNVR,RG,4790,566,F,BB,DH,D
15:01:39,UNVR,RG,4790,49,D,YP,DH,D
15:01:39,UNVR,RG,4790,10,D,XC,DH,D
15:01:39,UNVR,RG,4790,10,D,YJ,DH,D
15:01:39,UNVR,RG,4790,1,D,PD,DH,D
15:01:39,UNVR,RG,4790,2,D,YP,DH,D
15:01:39,UNVR,RG,4790,10,D,OD,DH,D
15:01:39,UNVR,RG,4790,1,D,DR,DH,D
15:01:39,UNVR,RG,4790,1,D,XC,DH,D
15:01:39,UNVR,RG,4790,590,F,BB,DH,D
15:01:03,UNVR,RG,4790,6,F,BB,YP,D
15:01:00,UNVR,RG,4790,1,F,BB,XC,D
15:01:00,UNVR,RG,4790,1,F,BB,XA,D
15:00:00,UNVR,RG,4790,25,F,BB,XL,D
15:00:00,UNVR,RG,4790,40,F,BB,PD,D
15:00:00,UNVR,RG,4790,2,F,BB,KK,D
15:00:00,UNVR,RG,4790,2,F,BB,XC,D
15:00:00,UNVR,RG,4790,1,F,BB,XC,D
15:00:00,UNVR,RG,4790,8,F,BB,YP,D
15:00:00,UNVR,RG,4790,3,F,BB,YP,D
15:00:00,UNVR,RG,4790,1,F,BB,NI,D
15:00:00,UNVR,RG,4790,12,F,BB,PD,D
15:00:00,UNVR,RG,4790,200,F,BB,CC,D
15:00:00,UNVR,RG,4790,50,F,BB,CC,D
15:00:00,UNVR,RG,4790,10,F,BB,EP,D
15:00:00,UNVR,RG,4790,1,F,BB,LG,D
15:00:00,UNVR,RG,4790,31,F,BB,NI,D
15:00:00,UNVR,RG,4790,2,F,BB,HP,D
15:00:00,UNVR,RG,4790,14,F,BB,YB,D
15:00:00,UNVR,RG,4790,10,D,YP,YB,D
15:00:00,UNVR,RG,4790,5,D,EP,YB,D
15:00:00,UNVR,RG,4790,10,D,YP,YB,D
15:00:00,UNVR,RG,4790,43,D,YP,YB,D
15:00:00,UNVR,RG,4790,1,D,YP,YB,D
15:00:00,UNVR,RG,4790,417,F,ZP,YB,D
15:00:00,UNVR,RG,4790,198,F,ZP,YU,F
15:00:00,UNVR,RG,4790,820,F,ZP,YU,F
15:00:00,UNVR,RG,4790,10,D,HP,YU,F
15:00:00,UNVR,RG,4790,399,F,ZP,YU,F
15:00:00,UNVR,RG,4790,462,F,ZP,YU,F
15:00:00,UNVR,RG,4790,528,F,BB,YU,F
15:00:00,UNVR,RG,4790,472,F,BB,ZP,F
15:00:00,UNVR,RG,4790,262,F,ZP,ZP,F
15:00:00,UNVR,RG,4790,449,F,ZP,ZP,F
15:00:00,UNVR,RG,4790,79,F,ZP,ZP,F
15:00:00,UNVR,RG,4790,376,F,ZP,ZP,F
15:00:00,UNVR,RG,4790,587,F,ZP,ZP,F
15:00:00,UNVR,RG,4790,200,D,NI,ZP,F
15:00:00,UNVR,RG,4790,179,F,ZP,ZP,F
15:00:00,UNVR,RG,4790,364,F,ZP,ZP,F
15:00:00,UNVR,RG,4790,648,F,ZP,ZP,F
15:00:00,UNVR,RG,4790,557,F,ZP,ZP,F
15:00:00,UNVR,RG,4790,17,F,ZP,ZP,F
15:00:00,UNVR,RG,4790,5,D,YP,ZP,F
15:00:00,UNVR,RG,4790,5,D,CC,ZP,F
15:00:00,UNVR,RG,4790,223,F,BK,ZP,F
15:00:00,UNVR,RG,4790,130,F,BK,ZP,F
15:00:00,UNVR,RG,4790,5,D,CC,ZP,F
15:00:00,UNVR,RG,4790,1,F,ZP,ZP,F
15:00:00,UNVR,RG,4790,80,F,ZP,ZP,F
15:00:00,UNVR,RG,4790,832,D,CD,ZP,F
15:00:00,UNVR,RG,4790,1,F,AK,ZP,F
15:00:00,UNVR,RG,4790,27,F,AK,ZP,F
15:00:00,UNVR,RG,4790,16,F,KZ,ZP,F
15:00:00,UNVR,RG,4790,337,F,BK,ZP,F
15:00:00,UNVR,RG,4790,407,D,KZ,ZP,F
15:00:00,UNVR,RG,4790,93,D,KZ,ZP,F
15:00:00,UNVR,RG,4790,1355,D,CS,ZP,F
15:00:00,UNVR,RG,4790,1108,D,CS,BK,F
15:00:00,UNVR,RG,4790,75,F,DX,BK,F
15:00:00,UNVR,RG,4790,1988,F,AK,BK,F
15:00:00,UNVR,RG,4790,417,F,AK,BK,F
15:00:00,UNVR,RG,4790,62,F,AK,BK,F
15:00:00,UNVR,RG,4790,3,D,BB,BK,F
15:00:00,UNVR,RG,4790,31,D,CC,BK,F
15:00:00,UNVR,RG,4790,312,D,RX,BK,F
15:00:00,UNVR,RG,4790,238,D,RX,BK,F
15:00:00,UNVR,RG,4790,3,D,AZ,BK,F
15:00:00,UNVR,RG,4790,39,D,DX,BK,F
15:00:00,UNVR,RG,4790,20,D,DX,CS,F
15:00:00,UNVR,RG,4790,540,D,DX,CS,F
15:00:00,UNVR,RG,4790,3813,D,DX,ZP,F
15:00:00,UNVR,RG,4790,1,D,DX,AK,F
15:00:00,UNVR,RG,4790,1,D,DX,AK,F
15:00:00,UNVR,RG,4790,1,D,DX,AK,F
15:00:00,UNVR,RG,4790,312,D,DX,AK,F
15:00:00,UNVR,RG,4790,133,D,DX,AK,F
15:00:00,UNVR,RG,4790,1039,D,DX,AK,F
15:00:00,UNVR,RG,4790,870,D,DX,AK,F
15:00:00,UNVR,RG,4790,83,D,DX,AK,F
15:00:00,UNVR,RG,4790,190,D,DX,AK,F
15:00:00,UNVR,RG,4790,110,D,DX,AK,F
15:00:00,UNVR,RG,4790,65,D,NI,AK,F
15:00:00,UNVR,RG,4790,583,D,NI,AK,F
15:00:00,UNVR,RG,4790,62,D,NI,AK,F
15:00:00,UNVR,RG,4790,148,D,NI,AK,F
15:00:00,UNVR,RG,4790,15,D,NI,BB,F
15:00:00,UNVR,RG,4790,146,D,NI,ZP,F
15:00:00,UNVR,RG,4790,145,D,NI,ZP,F
15:00:00,UNVR,RG,4790,15,D,NI,YU,D
14:49:58,UNVR,RG,4790,1,D,YP,AK,F
14:49:57,UNVR,RG,4790,4,D,YP,AK,F
14:49:57,UNVR,RG,4790,2,D,YP,AK,F
14:49:57,UNVR,RG,4790,2,D,HP,AK,F
14:49:57,UNVR,RG,4790,6,D,HP,AK,F
14:49:57,UNVR,RG,4790,1,D,HP,AK,F
14:49:57,UNVR,RG,4790,2,D,HP,AK,F
14:49:56,UNVR,RG,4790,10,D,HP,AK,F
14:49:56,UNVR,RG,4790,20,D,HP,AK,F
14:49:56,UNVR,RG,4800,1,F,ZP,AK,F
14:49:49,UNVR,RG,4790,12,D,HP,ZP,F
14:49:46,UNVR,RG,4790,9,D,HP,AK,F
14:49:46,UNVR,RG,4790,1,D,HP,AK,F
14:49:45,UNVR,RG,4820,1,F,AK,YP,D
14:49:32,UNVR,RG,4790,7,D,HP,ZP,F
14:49:32,UNVR,RG,4790,4,D,CC,ZP,F
14:49:32,UNVR,RG,4790,7,D,CC,ZP,F
14:49:31,UNVR,RG,4800,5,D,YP,ZP,F
14:49:31,UNVR,RG,4800,1,D,NI,ZP,F
14:49:30,UNVR,RG,4810,2,F,ZP,ZP,F
14:49:30,UNVR,RG,4810,1,F,KZ,ZP,F
14:49:29,UNVR,RG,4820,2,F,ZP,DX,D
14:49:29,UNVR,RG,4820,13,D,ZP,DX,D
14:49:27,UNVR,RG,4820,5,D,ZP,YP,D
14:49:23,UNVR,RG,4820,20,D,ZP,AI,D
14:49:22,UNVR,RG,4830,3,F,ZP,ZP,D
14:49:13,UNVR,RG,4820,25,D,ZP,AI,D
14:49:13,UNVR,RG,4830,1,F,KZ,ZP,D
14:49:12,UNVR,RG,4820,1,D,ZP,XL,D
14:49:11,UNVR,RG,4820,1,D,ZP,ZP,F
14:49:11,UNVR,RG,4830,16,D,PD,ZP,D
14:49:11,UNVR,RG,4830,1,D,PD,ZP,D
14:49:11,UNVR,RG,4830,150,D,PD,ZP,D
14:49:11,UNVR,RG,4830,2,D,PD,KK,D
14:49:11,UNVR,RG,4830,10,D,PD,EP,D
14:49:11,UNVR,RG,4830,3,D,PD,NI,D
14:49:11,UNVR,RG,4830,1,D,PD,XL,D
14:49:11,UNVR,RG,4830,1500,D,PD,DR,D
14:49:11,UNVR,RG,4830,350,D,PD,PD,D
14:49:11,UNVR,RG,4830,1,D,PD,PD,D
14:49:11,UNVR,RG,4830,2,D,PD,PD,D
14:49:11,UNVR,RG,4830,50,D,PD,GR,D
14:49:11,UNVR,RG,4830,100,D,PD,YP,D
14:49:11,UNVR,RG,4830,1,D,PD,YP,D
14:49:11,UNVR,RG,4830,10,D,PD,YP,D
14:49:11,UNVR,RG,4830,1,D,PD,DH,D
14:49:11,UNVR,RG,4830,1,D,PD,XC,D
14:49:11,UNVR,RG,4830,25,D,PD,YP,D
14:49:11,UNVR,RG,4830,50,D,PD,NI,D
14:49:11,UNVR,RG,4830,1,D,PD,YP,D
14:49:11,UNVR,RG,4830,2,D,PD,XL,D
14:49:11,UNVR,RG,4830,35,D,PD,CC,D
14:49:11,UNVR,RG,4830,1,D,PD,KK,D
14:49:11,UNVR,RG,4830,1,D,PD,CC,D
14:49:11,UNVR,RG,4830,1,D,PD,DH,D
14:49:11,UNVR,RG,4830,2,D,PD,XL,D
14:49:11,UNVR,RG,4830,1,D,PD,XC,D
14:49:11,UNVR,RG,4830,1,D,PD,PD,D
14:49:11,UNVR,RG,4830,2,D,PD,PD,D
14:49:11,UNVR,RG,4830,2,D,PD,CC,D
14:49:11,UNVR,RG,4830,2,D,PD,SQ,D
14:49:11,UNVR,RG,4830,20,D,PD,EP,D
14:49:11,UNVR,RG,4830,2,D,PD,NI,D
14:49:11,UNVR,RG,4830,83,D,PD,SQ,D
14:49:11,UNVR,RG,4830,3,D,PD,CC,D
14:49:11,UNVR,RG,4830,20,D,PD,YP,D
14:49:11,UNVR,RG,4830,5,D,PD,PD,D
14:49:11,UNVR,RG,4830,10,D,PD,EP,D
14:49:11,UNVR,RG,4830,25,D,PD,YP,D
14:49:11,UNVR,RG,4830,1,D,PD,XC,D
14:49:11,UNVR,RG,4830,111,D,PD,YP,D
14:49:11,UNVR,RG,4830,19,D,PD,CC,D
14:49:11,UNVR,RG,4830,1,D,PD,PD,D
14:49:11,UNVR,RG,4830,15,D,PD,PD,D
14:49:11,UNVR,RG,4830,5,D,PD,PD,D
14:49:11,UNVR,RG,4830,150,D,PD,EP,D
14:49:11,UNVR,RG,4830,25,D,PD,CC,D
14:49:11,UNVR,RG,4830,10,D,PD,XC,D
14:49:11,UNVR,RG,4830,1,D,PD,XC,D
14:49:11,UNVR,RG,4830,10,D,PD,OD,D
14:49:11,UNVR,RG,4830,10,D,PD,PD,D
14:49:11,UNVR,RG,4830,1,D,PD,PD,D
14:49:11,UNVR,RG,4830,1,D,PD,KK,D
14:49:11,UNVR,RG,4830,4,D,PD,YP,D
14:49:11,UNVR,RG,4830,1,D,PD,XL,D
14:49:11,UNVR,RG,4830,2,D,PD,XL,D
14:49:11,UNVR,RG,4830,35,D,PD,OD,D
14:49:11,UNVR,RG,4830,3,D,PD,YP,D
14:49:11,UNVR,RG,4830,3,D,PD,PD,D
14:49:11,UNVR,RG,4830,1,D,PD,PD,D
14:49:11,UNVR,RG,4830,1,D,PD,PD,D
14:49:11,UNVR,RG,4830,2,D,PD,KK,D
14:49:11,UNVR,RG,4830,3,D,PD,YP,D
14:49:11,UNVR,RG,4830,1,D,PD,KK,D
14:49:11,UNVR,RG,4830,50,D,PD,DH,D
14:49:11,UNVR,RG,4830,1,D,PD,CC,D
14:49:11,UNVR,RG,4830,3,D,PD,PD,D
14:49:11,UNVR,RG,4830,1,D,PD,YP,D
14:49:11,UNVR,RG,4830,25,D,PD,AZ,D
14:49:11,UNVR,RG,4830,2,D,PD,CC,D
14:49:11,UNVR,RG,4830,4,D,PD,PD,D
14:49:11,UNVR,RG,4830,1,D,PD,YP,D
14:49:11,UNVR,RG,4830,4,D,PD,XC,D
14:49:11,UNVR,RG,4830,10,D,PD,YP,D
14:49:11,UNVR,RG,4830,2,D,PD,KK,D
14:49:11,UNVR,RG,4830,36,D,PD,YP,D
14:49:11,UNVR,RG,4830,41,D,PD,DR,D
14:49:11,UNVR,RG,4830,2,D,PD,YU,D
14:49:11,UNVR,RG,4830,10,D,PD,XA,D
14:49:11,UNVR,RG,4830,10,D,PD,SH,D
14:49:11,UNVR,RG,4820,1,D,PD,AK,F
14:49:11,UNVR,RG,4820,1,D,PD,AK,F
14:49:11,UNVR,RG,4820,20,D,PD,SQ,D
14:49:11,UNVR,RG,4820,50,D,PD,GR,D
14:49:11,UNVR,RG,4820,400,D,PD,NI,D
14:49:11,UNVR,RG,4820,1,D,PD,YB,D
14:49:11,UNVR,RG,4820,1,D,PD,XC,D
14:49:11,UNVR,RG,4820,42,D,PD,AK,F
14:49:11,UNVR,RG,4820,1037,D,PD,YP,D
14:49:11,UNVR,RG,4820,332,D,PD,EP,D
14:49:11,UNVR,RG,4820,200,D,PD,NI,D
14:49:11,UNVR,RG,4820,1,D,PD,XC,D
14:49:11,UNVR,RG,4820,1,D,PD,XL,D
14:49:11,UNVR,RG,4820,12,D,PD,YP,D
14:49:11,UNVR,RG,4820,1,D,PD,EP,D
14:49:11,UNVR,RG,4820,1,D,PD,PD,D
14:49:11,UNVR,RG,4820,1,D,PD,YP,D
14:49:11,UNVR,RG,4820,4,D,PD,BQ,D
14:49:11,UNVR,RG,4820,10,D,PD,PD,D
14:49:11,UNVR,RG,4820,3,D,PD,CC,D
14:49:11,UNVR,RG,4820,50,D,PD,YP,D
14:49:11,UNVR,RG,4820,3,D,PD,XC,D
14:49:11,UNVR,RG,4820,10,D,PD,EP,D
14:49:11,UNVR,RG,4820,10,D,PD,PD,D
14:49:11,UNVR,RG,4820,4,D,PD,DH,D
14:49:11,UNVR,RG,4820,1,D,PD,KK,D
14:49:11,UNVR,RG,4820,20,D,PD,TP,D
14:49:11,UNVR,RG,4820,1,D,PD,XC,D
14:49:11,UNVR,RG,4820,240,D,PD,YP,D
14:49:11,UNVR,RG,4820,14,D,PD,PD,D
14:49:11,UNVR,RG,4820,15,D,PD,PD,D
14:49:11,UNVR,RG,4820,148,D,PD,PD,D
14:49:11,UNVR,RG,4820,6,D,PD,NI,D
14:49:11,UNVR,RG,4820,100,D,PD,YP,D
14:49:11,UNVR,RG,4820,2,D,PD,KK,D
14:49:11,UNVR,RG,4820,10,D,PD,PD,D
14:49:11,UNVR,RG,4820,4,D,PD,XL,D
14:49:11,UNVR,RG,4820,19,D,PD,PD,D
14:49:11,UNVR,RG,4820,109,D,PD,DR,D
14:49:11,UNVR,RG,4820,1,D,PD,YP,D
14:49:11,UNVR,RG,4820,5,D,PD,YP,D
14:49:11,UNVR,RG,4820,10,D,PD,YP,D
14:49:11,UNVR,RG,4820,6,D,PD,YP,D
14:49:11,UNVR,RG,4820,5,D,PD,YP,D
14:49:11,UNVR,RG,4820,25,D,PD,YP,D
14:49:11,UNVR,RG,4820,13,D,PD,YP,D
14:49:11,UNVR,RG,4820,10,D,PD,YP,D
14:49:11,UNVR,RG,4820,100,D,PD,XA,D
14:49:11,UNVR,RG,4820,1,D,PD,AZ,D
14:49:11,UNVR,RG,4820,80,D,PD,SQ,D
14:49:11,UNVR,RG,4820,20,D,PD,XL,D
14:49:11,UNVR,RG,4820,5,D,PD,YP,D
14:49:11,UNVR,RG,4820,1,D,PD,XC,D
14:49:11,UNVR,RG,4820,1,D,PD,AT,D
14:49:11,UNVR,RG,4820,3,D,PD,XC,D
14:49:11,UNVR,RG,4820,6,D,PD,CP,D
14:49:11,UNVR,RG,4820,1,D,PD,PD,D
14:49:11,UNVR,RG,4820,5,D,PD,PD,D
14:49:11,UNVR,RG,4820,1,D,PD,NI,D
14:49:11,UNVR,RG,4820,50,D,PD,DH,D
14:49:11,UNVR,RG,4820,1,D,PD,YP,D
14:49:11,UNVR,RG,4820,20,D,PD,YB,D
14:49:11,UNVR,RG,4820,1,D,PD,PD,D
14:49:11,UNVR,RG,4820,1,D,PD,YP,D
14:49:11,UNVR,RG,4820,2,D,PD,PD,D
14:49:11,UNVR,RG,4820,1,D,PD,XC,D
14:49:11,UNVR,RG,4820,2,D,PD,YP,D
14:49:11,UNVR,RG,4820,20,D,PD,KK,D
14:49:11,UNVR,RG,4820,1,D,PD,XC,D
14:49:11,UNVR,RG,4820,3,D,PD,NI,D
14:49:11,UNVR,RG,4820,5,D,PD,YP,D
14:49:11,UNVR,RG,4820,1,D,PD,PD,D
14:49:11,UNVR,RG,4820,2,D,PD,CC,D
14:49:11,UNVR,RG,4820,10,D,PD,NI,D
14:49:11,UNVR,RG,4820,10,D,PD,PD,D
14:49:11,UNVR,RG,4820,10,D,PD,PD,D
14:49:11,UNVR,RG,4820,3,D,PD,NI,D
14:49:11,UNVR,RG,4820,1,D,PD,XL,D
14:49:11,UNVR,RG,4820,1,D,PD,XL,D
14:49:11,UNVR,RG,4820,13,D,PD,XL,D
14:49:11,UNVR,RG,4820,2,D,PD,YP,D
14:49:11,UNVR,RG,4820,2,D,PD,OD,D
14:49:11,UNVR,RG,4820,2,D,PD,YP,D
14:49:11,UNVR,RG,4820,2,D,PD,LG,D
14:49:11,UNVR,RG,4820,1,D,PD,PD,D
14:49:11,UNVR,RG,4820,1,D,PD,PD,D
14:49:11,UNVR,RG,4820,5,D,PD,PD,D
14:49:11,UNVR,RG,4820,1,D,PD,YP,D
14:49:11,UNVR,RG,4820,1,D,PD,PD,D
14:49:11,UNVR,RG,4820,1,D,PD,YP,D
14:49:11,UNVR,RG,4820,10,D,PD,YP,D
14:49:11,UNVR,RG,4820,8,D,PD,XC,D
14:49:11,UNVR,RG,4820,14,D,PD,XC,D
14:49:11,UNVR,RG,4810,1,D,PD,ZP,F
14:49:11,UNVR,RG,4810,1,D,PD,AK,F
14:49:11,UNVR,RG,4810,13,D,PD,ZP,F
14:49:11,UNVR,RG,4810,216,D,PD,CC,D
14:49:11,UNVR,RG,4810,1,D,PD,AK,F
14:49:11,UNVR,RG,4810,1,D,PD,AK,F
14:49:11,UNVR,RG,4810,100,D,PD,YP,D
14:49:11,UNVR,RG,4810,30,D,PD,ZP,F
14:49:11,UNVR,RG,4810,4,D,PD,AK,F
14:49:11,UNVR,RG,4810,5,D,PD,NI,D
14:49:11,UNVR,RG,4810,8,D,PD,XC,D
14:49:11,UNVR,RG,4810,5,D,PD,DR,D
14:49:11,UNVR,RG,4810,5,D,PD,DR,D
14:49:11,UNVR,RG,4810,2,D,PD,AK,F
14:49:11,UNVR,RG,4810,1,D,PD,PD,D
14:49:11,UNVR,RG,4810,2,D,PD,AK,F
14:49:11,UNVR,RG,4810,5,D,PD,AK,F
14:49:11,UNVR,RG,4810,30,D,PD,XC,D
14:49:11,UNVR,RG,4810,3,D,PD,AK,F
14:49:11,UNVR,RG,4810,1,D,PD,XC,D
14:49:11,UNVR,RG,4810,1000,D,PD,YP,D
14:49:11,UNVR,RG,4810,3,D,PD,XC,D
14:49:11,UNVR,RG,4810,34,D,PD,AK,F
14:49:11,UNVR,RG,4810,41,D,PD,AK,F
14:49:11,UNVR,RG,4810,50,D,PD,YP,D
14:49:11,UNVR,RG,4810,80,D,PD,CC,D
14:49:11,UNVR,RG,4810,2,D,PD,AK,F
14:49:11,UNVR,RG,4810,10,D,PD,PD,D
14:49:11,UNVR,RG,4810,2,D,PD,CC,D
14:49:11,UNVR,RG,4810,44,D,PD,AK,F
14:49:11,UNVR,RG,4810,10,D,PD,NI,D
14:49:11,UNVR,RG,4810,35,D,PD,AK,F
14:49:11,UNVR,RG,4810,5,D,PD,SQ,D
14:49:11,UNVR,RG,4810,1098,D,PD,OD,D
14:49:08,UNVR,RG,4790,1,D,CC,BB,F
14:49:08,UNVR,RG,4800,23,F,ZP,ZP,F
14:49:08,UNVR,RG,4800,5,F,ZP,ZP,F
14:49:08,UNVR,RG,4800,45,F,ZP,ZP,F
14:49:08,UNVR,RG,4800,60,F,ZP,YP,D
14:49:07,UNVR,RG,4790,21,D,CC,AK,F
14:49:07,UNVR,RG,4790,6,D,CC,AK,F
14:49:06,UNVR,RG,4790,11,D,CC,ZP,F
14:49:06,UNVR,RG,4790,1,F,AK,ZP,F
14:49:06,UNVR,RG,4790,1,F,AK,ZP,F
14:49:06,UNVR,RG,4800,6,F,BK,YP,D
14:49:06,UNVR,RG,4800,34,D,RX,YP,D
14:49:02,UNVR,RG,4800,5,D,RX,YP,D
14:49:02,UNVR,RG,4800,15,D,RX,AK,F
14:49:02,UNVR,RG,4800,6,F,BK,AK,F
14:49:02,UNVR,RG,4800,10,D,CC,AK,F
14:49:02,UNVR,RG,4800,1,F,ZP,AK,F
14:49:02,UNVR,RG,4800,4,D,XC,AK,F
14:49:00,UNVR,RG,4800,12,D,XC,AK,F
14:48:59,UNVR,RG,4800,1,D,XC,AK,F
14:48:55,UNVR,RG,4810,1,D,ZP,OD,D
14:48:54,UNVR,RG,4800,17,D,XC,ZP,F
14:48:52,UNVR,RG,4800,2,D,XC,CC,D
14:48:51,UNVR,RG,4810,2,D,ZP,OD,D
14:48:50,UNVR,RG,4810,2,D,ZP,OD,D
14:48:47,UNVR,RG,4800,36,D,XC,AK,F
14:48:41,UNVR,RG,4810,4,D,ZP,OD,D
14:48:36,UNVR,RG,4800,36,D,XC,AK,F
14:48:35,UNVR,RG,4800,1,D,XC,XC,D
14:48:21,UNVR,RG,4800,51,D,XC,ZP,F
14:48:17,UNVR,RG,4780,5,F,BB,AK,F
14:48:17,UNVR,RG,4780,20,D,YP,AK,F
14:48:17,UNVR,RG,4780,19,D,SQ,AK,F
14:48:17,UNVR,RG,4780,1,D,SQ,AK,F
14:48:17,UNVR,RG,4780,1,D,DR,AK,F
14:48:17,UNVR,RG,4790,10,D,OD,ZP,F
14:48:17,UNVR,RG,4790,4,D,ZP,ZP,F
14:48:16,UNVR,RG,4800,76,F,ZP,ZP,F
14:48:16,UNVR,RG,4800,16,F,ZP,ZP,F
14:48:16,UNVR,RG,4800,1,F,ZP,PD,D
14:48:16,UNVR,RG,4800,19,F,ZP,ZP,F
14:48:16,UNVR,RG,4800,20,F,ZP,KK,D
14:48:16,UNVR,RG,4800,13,F,ZP,DX,F
14:48:16,UNVR,RG,4800,11,F,ZP,DX,F
14:48:16,UNVR,RG,4800,144,F,ZP,ZP,F
14:47:52,UNVR,RG,4800,4,D,ZP,ZP,F
14:47:51,UNVR,RG,4800,1,D,XL,ZP,F
14:47:47,UNVR,RG,4790,55,F,BB,AK,F
14:47:32,UNVR,RG,4790,510,F,BB,CC,D
14:47:32,UNVR,RG,4790,14,F,ZP,CC,D
14:47:32,UNVR,RG,4790,11,D,KK,CC,D
14:47:32,UNVR,RG,4790,5,D,SQ,CC,D
14:47:32,UNVR,RG,4790,1,D,XC,CC,D
14:47:32,UNVR,RG,4790,2,D,SQ,CC,D
14:47:32,UNVR,RG,4790,5,D,YP,CC,D
14:47:32,UNVR,RG,4790,6,D,CC,CC,D
14:47:32,UNVR,RG,4790,27,D,YB,CC,D
14:47:32,UNVR,RG,4790,12,D,XL,CC,D
14:47:32,UNVR,RG,4790,1,D,DH,CC,D
14:47:32,UNVR,RG,4790,1,D,XL,CC,D
14:47:32,UNVR,RG,4790,2,D,SQ,CC,D
14:47:32,UNVR,RG,4790,3,D,EP,CC,D
14:47:31,UNVR,RG,4800,18,F,ZP,ZP,F
14:47:31,UNVR,RG,4800,120,F,ZP,ZP,F
14:47:31,UNVR,RG,4800,1,F,ZP,BB,F
14:47:31,UNVR,RG,4800,21,F,ZP,ZP,F
14:47:19,UNVR,RG,4800,3,F,AK,AK,F
14:47:19,UNVR,RG,4800,16,F,BK,AK,F
14:47:19,UNVR,RG,4800,15,D,YP,AK,F
14:47:19,UNVR,RG,4800,103,D,MK,AK,F
14:47:19,UNVR,RG,4800,2,F,ZP,AK,F
14:47:19,UNVR,RG,4800,5,F,AK,AK,F
14:47:19,UNVR,RG,4800,15,F,BK,AK,F
14:47:19,UNVR,RG,4800,28,D,RX,AK,F
14:47:19,UNVR,RG,4800,87,D,RX,AK,F
14:47:15,UNVR,RG,4800,10,F,BK,YP,D
14:47:14,UNVR,RG,4800,8,F,BK,GR,D
14:47:12,UNVR,RG,4800,3,F,BK,DX,F
14:47:12,UNVR,RG,4800,3,D,XL,DX,F
14:47:12,UNVR,RG,4800,2,D,YP,DX,F
14:47:06,UNVR,RG,4810,19,D,RX,OD,D
14:46:55,UNVR,RG,4800,2,D,YP,DP,D
14:46:52,UNVR,RG,4810,3,D,NI,OD,D
14:46:51,UNVR,RG,4800,1,D,YP,DP,D
14:46:47,UNVR,RG,4810,16,D,RX,OD,D
14:46:41,UNVR,RG,4800,2,D,YP,DP,D
14:46:31,UNVR,RG,4810,28,D,RX,OD,D
14:46:30,UNVR,RG,4810,24,F,AK,OD,D
14:46:27,UNVR,RG,4810,923,D,YP,OD,D
14:46:27,UNVR,RG,4810,5,D,YP,DR,D
14:46:27,UNVR,RG,4810,1,D,YP,DH,D
14:46:27,UNVR,RG,4810,2,D,YP,DP,D
14:46:27,UNVR,RG,4810,10,D,YP,PD,D
14:46:27,UNVR,RG,4810,1,D,YP,BB,F
14:46:27,UNVR,RG,4810,28,D,YP,ZP,F
14:46:27,UNVR,RG,4810,97,D,YP,XC,D
14:46:27,UNVR,RG,4810,11,D,YP,ZP,F
14:46:27,UNVR,RG,4810,9,D,YP,AK,F
14:46:25,UNVR,RG,4810,10,D,YP,AK,F
14:45:52,UNVR,RG,4810,17,D,RX,AK,F
14:45:42,UNVR,RG,4800,8,D,YP,ZP,F
14:45:42,UNVR,RG,4800,1,D,YP,BB,F
14:45:42,UNVR,RG,4800,9,D,YP,NI,D
14:45:41,UNVR,RG,4800,3,D,CC,NI,D
14:45:34,UNVR,RG,4800,30,D,RX,NI,D
14:45:32,UNVR,RG,4800,32,F,BK,NI,D
14:45:32,UNVR,RG,4800,126,F,BB,NI,D
14:45:31,UNVR,RG,4800,1,F,BB,DP,D
14:45:25,UNVR,RG,4800,1272,F,BB,AK,F
14:45:25,UNVR,RG,4800,44,F,BB,ZP,F
14:45:25,UNVR,RG,4800,57,F,BB,AK,F
14:45:24,UNVR,RG,4800,1,F,KZ,AK,F
14:45:24,UNVR,RG,4800,1,F,KZ,AK,F
14:45:24,UNVR,RG,4800,1,F,KZ,AK,F
14:45:24,UNVR,RG,4810,11,D,RX,AK,F
14:45:24,UNVR,RG,4810,1,D,RX,ZP,F
14:45:24,UNVR,RG,4810,11,D,RX,ZP,F
14:45:24,UNVR,RG,4810,3,D,RX,ZP,F
14:45:20,UNVR,RG,4800,4,F,AK,ZP,F
14:45:20,UNVR,RG,4800,1,F,AK,ZP,F
14:45:20,UNVR,RG,4800,26,F,AK,ZP,F
14:45:20,UNVR,RG,4800,2,F,AK,LG,D
14:45:19,UNVR,RG,4800,1,D,YP,LG,D
14:45:18,UNVR,RG,4810,18,F,ZP,AK,F
14:45:18,UNVR,RG,4810,194,D,PD,AK,F
14:45:18,UNVR,RG,4810,64,D,PD,ZP,F
14:45:18,UNVR,RG,4810,21,D,PD,AK,F
14:45:17,UNVR,RG,4810,8,D,PD,AK,F
14:45:17,UNVR,RG,4810,2,D,PD,NI,D
14:45:17,UNVR,RG,4810,5,D,PD,AK,F
14:45:17,UNVR,RG,4810,1,D,PD,NI,D
14:45:17,UNVR,RG,4810,30,D,PD,AK,F
14:45:17,UNVR,RG,4810,4,D,PD,AK,F
14:45:17,UNVR,RG,4810,21,D,PD,AK,F
14:45:17,UNVR,RG,4810,18,D,PD,AK,F
14:45:17,UNVR,RG,4810,1,D,PD,PD,D
14:45:17,UNVR,RG,4810,20,D,PD,AK,F
14:45:17,UNVR,RG,4810,50,D,PD,AO,D
14:45:17,UNVR,RG,4810,1,D,PD,XL,D
14:45:17,UNVR,RG,4810,62,D,PD,AK,F
14:45:17,UNVR,RG,4810,2500,D,PD,CC,D
14:45:17,UNVR,RG,4810,28,D,PD,ZP,F
14:45:17,UNVR,RG,4810,20,D,PD,PD,D
14:45:17,UNVR,RG,4810,5,D,PD,PD,D
14:45:17,UNVR,RG,4810,36,D,PD,ZP,F
14:45:17,UNVR,RG,4810,1041,D,PD,YP,D
14:45:17,UNVR,RG,4810,29,D,PD,AK,F
14:45:17,UNVR,RG,4810,115,D,PD,AK,F
14:45:17,UNVR,RG,4810,30,D,PD,AK,F
14:45:17,UNVR,RG,4810,1,D,PD,PD,D
14:45:17,UNVR,RG,4810,13,D,PD,AK,F
14:45:17,UNVR,RG,4810,40,D,PD,IF,D
14:45:17,UNVR,RG,4810,59,D,PD,AK,F
14:45:17,UNVR,RG,4810,1,D,PD,PD,D
14:45:17,UNVR,RG,4810,10,D,PD,EP,D
14:45:17,UNVR,RG,4810,31,D,PD,ZP,F
14:45:17,UNVR,RG,4810,10,D,PD,ZP,F
14:45:17,UNVR,RG,4810,5312,D,PD,NI,D
14:45:17,UNVR,RG,4800,50,D,PD,ZP,D
14:45:17,UNVR,RG,4800,6,D,PD,DP,D
14:45:17,UNVR,RG,4800,15,D,PD,ZP,F
14:45:17,UNVR,RG,4800,10,D,PD,CC,D
14:45:17,UNVR,RG,4800,12,D,PD,DX,F
14:45:17,UNVR,RG,4800,2,D,PD,PD,D
14:45:17,UNVR,RG,4800,7,D,PD,ZP,F
14:45:17,UNVR,RG,4800,20,D,PD,ZP,F
14:45:17,UNVR,RG,4800,20,D,PD,DX,F
14:45:17,UNVR,RG,4800,1,D,PD,BB,F
14:45:17,UNVR,RG,4800,1,D,PD,PD,D
14:45:17,UNVR,RG,4800,42,D,PD,ZP,F
14:45:17,UNVR,RG,4800,5,D,PD,CC,F
14:45:17,UNVR,RG,4800,2,D,PD,OD,D
14:45:17,UNVR,RG,4800,1,D,PD,PD,D
14:45:17,UNVR,RG,4800,2,D,PD,YP,D
14:45:17,UNVR,RG,4800,10,D,PD,DR,D
14:45:17,UNVR,RG,4800,11,D,PD,ZP,F
14:45:17,UNVR,RG,4790,35,D,PD,AK,F
14:45:15,UNVR,RG,4800,9,F,AK,ZP,F
14:45:05,UNVR,RG,4800,1,D,YP,ZP,F
14:45:03,UNVR,RG,4800,15,F,BK,ZP,F
14:44:59,UNVR,RG,4790,21,D,PD,AK,F
14:44:53,UNVR,RG,4800,2,D,LG,DX,F
14:44:49,UNVR,RG,4790,1,D,PD,TF,D
14:44:45,UNVR,RG,4790,55,D,PD,AK,F
14:44:44,UNVR,RG,4790,20,D,PD,AK,F
14:44:29,UNVR,RG,4790,20,D,PD,AK,F
14:44:17,UNVR,RG,4790,31,D,PD,AK,F
14:44:16,UNVR,RG,4790,1,D,PD,DP,D
14:44:15,UNVR,RG,4800,5,D,SQ,DX,F
14:44:04,UNVR,RG,4800,1,D,PD,DX,F
14:44:04,UNVR,RG,4790,5,D,PD,XC,D
14:44:00,UNVR,RG,4800,26,F,ZP,DX,F
14:44:00,UNVR,RG,4800,45,F,ZP,ZP,F
14:44:00,UNVR,RG,4800,744,F,ZP,YP,D
14:43:47,UNVR,RG,4790,38,D,PD,AK,F
14:43:42,UNVR,RG,4790,1,D,PD,NI,D
14:43:41,UNVR,RG,4800,89,F,ZP,YP,D
14:43:41,UNVR,RG,4800,5,F,ZP,CC,D
14:43:41,UNVR,RG,4800,1,F,ZP,PD,D
14:43:41,UNVR,RG,4800,4,F,ZP,EP,D
14:43:41,UNVR,RG,4800,1,F,ZP,BB,F
14:43:41,UNVR,RG,4800,65,F,ZP,ZP,F
14:43:35,UNVR,RG,4790,1,D,PD,DP,D
14:43:32,UNVR,RG,4790,29,D,PD,AK,F
14:43:29,UNVR,RG,4800,1,D,NI,ZP,F
14:43:27,UNVR,RG,4800,39,D,KK,ZP,F
14:43:27,UNVR,RG,4800,8,D,KK,DP,D
14:43:27,UNVR,RG,4800,3,D,KK,ZP,F
14:43:23,UNVR,RG,4800,1,D,YP,ZP,F
14:43:17,UNVR,RG,4790,37,D,PD,AK,F
14:43:16,UNVR,RG,4800,10,D,AI,ZP,F
14:43:14,UNVR,RG,4800,1,D,PD,ZP,F
14:42:59,UNVR,RG,4800,10,D,YP,AK,F
14:42:59,UNVR,RG,4800,50,D,YP,AK,F
14:42:59,UNVR,RG,4800,30,D,YP,AK,F
14:42:59,UNVR,RG,4800,5,D,SQ,AK,F
14:42:59,UNVR,RG,4800,5,D,PD,AK,F
14:42:59,UNVR,RG,4800,105,D,YP,AK,F
14:42:59,UNVR,RG,4800,3,D,NI,AK,F
14:42:59,UNVR,RG,4800,2,F,BK,AK,F
14:42:59,UNVR,RG,4800,3,D,YP,AK,F
14:42:59,UNVR,RG,4800,6,F,ZP,AK,F
14:42:59,UNVR,RG,4800,10,D,PD,AK,F
14:42:59,UNVR,RG,4800,1,D,DH,AK,F
14:42:59,UNVR,RG,4800,25,D,YP,AK,F
14:42:59,UNVR,RG,4800,63,D,ZP,AK,F
14:42:57,UNVR,RG,4810,2,D,NI,NI,D
14:42:42,UNVR,RG,4810,2,D,KK,NI,D
14:42:38,UNVR,RG,4800,4,D,ZP,PD,D
14:42:32,UNVR,RG,4800,8,D,ZP,PD,D
14:42:31,UNVR,RG,4800,1,D,ZP,SQ,D
14:42:19,UNVR,RG,4800,68,D,ZP,AK,F
14:42:19,UNVR,RG,4810,14,F,BK,NI,D
14:42:19,UNVR,RG,4810,50,F,AK,NI,D
14:42:19,UNVR,RG,4810,100,D,YP,NI,D
14:42:19,UNVR,RG,4810,1,F,KZ,NI,D
14:42:19,UNVR,RG,4810,19,D,ZP,NI,D
14:42:13,UNVR,RG,4810,2,D,ZP,NI,D
14:42:11,UNVR,RG,4810,2,D,ZP,EP,D
14:42:09,UNVR,RG,4810,1,D,ZP,PD,D
14:42:09,UNVR,RG,4810,5,D,ZP,YP,D
14:42:09,UNVR,RG,4810,20,D,ZP,ZP,F
14:42:09,UNVR,RG,4810,51,D,ZP,MG,D
14:42:08,UNVR,RG,4810,52,D,CP,MG,D
14:42:01,UNVR,RG,4810,3,D,AZ,MG,D
14:41:53,UNVR,RG,4810,1,F,KZ,AK,F
14:41:53,UNVR,RG,4810,101,D,PD,AK,F
14:41:52,UNVR,RG,4810,27,D,PD,AK,F
14:41:52,UNVR,RG,4810,34,D,PD,AK,F
14:41:52,UNVR,RG,4810,24,D,PD,PD,D
14:41:52,UNVR,RG,4810,7,D,PD,AK,F
14:41:52,UNVR,RG,4810,1,D,PD,YP,D
14:41:52,UNVR,RG,4810,33,D,PD,ZP,F
14:41:52,UNVR,RG,4810,17,D,PD,DX,F
14:41:52,UNVR,RG,4810,5,D,PD,PD,D
14:41:52,UNVR,RG,4810,2,D,PD,NI,D
14:41:52,UNVR,RG,4810,26,D,PD,ZP,F
14:41:52,UNVR,RG,4810,1,D,PD,BB,F
14:41:52,UNVR,RG,4810,6,D,PD,AK,F
14:41:52,UNVR,RG,4810,37,D,PD,ZP,F
14:41:52,UNVR,RG,4810,5,D,PD,PD,D
14:41:52,UNVR,RG,4810,15,D,PD,DX,F
14:41:52,UNVR,RG,4810,1,D,PD,PD,D
14:41:52,UNVR,RG,4810,70,D,PD,SQ,D
14:41:52,UNVR,RG,4810,16,D,PD,ZP,F
14:41:52,UNVR,RG,4810,21,D,PD,ZP,F
14:41:52,UNVR,RG,4810,118,D,PD,ZP,F
14:41:52,UNVR,RG,4810,31,D,PD,ZP,F
14:41:52,UNVR,RG,4810,2,D,PD,YP,D
14:41:52,UNVR,RG,4810,26,D,PD,AK,F
14:41:52,UNVR,RG,4810,3,D,PD,ZP,F
14:41:52,UNVR,RG,4810,6,D,PD,ZP,F
14:41:52,UNVR,RG,4810,42,D,PD,AK,F
14:41:52,UNVR,RG,4810,14,D,PD,AK,F
14:41:52,UNVR,RG,4810,1,D,PD,EP,D
14:41:52,UNVR,RG,4810,8,D,PD,AK,F
14:41:52,UNVR,RG,4810,20,D,PD,ZP,F
14:41:52,UNVR,RG,4810,28,D,PD,AK,F
14:41:52,UNVR,RG,4810,60,D,PD,YU,D
14:41:52,UNVR,RG,4810,38,D,PD,AK,F
14:41:52,UNVR,RG,4810,10,D,PD,EP,D
14:41:52,UNVR,RG,4810,15,D,PD,YP,D
14:41:52,UNVR,RG,4810,1,D,PD,PD,D
14:41:52,UNVR,RG,4810,5,D,PD,NI,D
14:41:52,UNVR,RG,4810,44,D,PD,XL,D
14:41:52,UNVR,RG,4810,2,D,PD,NI,D
14:41:52,UNVR,RG,4810,3,D,PD,AZ,D
14:41:52,UNVR,RG,4810,300,D,PD,CC,D
14:41:52,UNVR,RG,4810,15,D,PD,PD,D
14:41:52,UNVR,RG,4810,20,D,PD,KK,F
14:41:52,UNVR,RG,4810,50,D,PD,GR,D
14:41:52,UNVR,RG,4810,5,D,PD,XC,D
14:41:52,UNVR,RG,4810,5,D,PD,XC,D
14:41:52,UNVR,RG,4810,2,D,PD,XC,D
14:41:52,UNVR,RG,4810,7,D,PD,CC,D
14:41:52,UNVR,RG,4810,4,D,PD,XL,D
14:41:52,UNVR,RG,4810,2,D,PD,YP,D
14:41:52,UNVR,RG,4810,5,D,PD,PD,D
14:41:52,UNVR,RG,4810,1,D,PD,DH,D
14:41:52,UNVR,RG,4810,9,D,PD,GR,D
14:41:52,UNVR,RG,4810,20,D,PD,YP,D
14:41:52,UNVR,RG,4810,7,D,PD,HP,D
14:41:52,UNVR,RG,4810,6,D,PD,IH,D
14:41:52,UNVR,RG,4810,2,D,PD,XL,D
14:41:52,UNVR,RG,4810,100,D,PD,YP,D
14:41:52,UNVR,RG,4810,16,D,PD,PD,D
14:41:52,UNVR,RG,4810,1,D,PD,SQ,D
14:41:52,UNVR,RG,4810,5,D,PD,YP,D
14:41:52,UNVR,RG,4810,5,D,PD,PD,D
14:41:52,UNVR,RG,4810,1,D,PD,YP,D
14:41:52,UNVR,RG,4810,1,D,PD,PD,D
14:41:52,UNVR,RG,4810,1,D,PD,YP,D
14:41:52,UNVR,RG,4810,10,D,PD,CC,D
14:41:52,UNVR,RG,4810,2,D,PD,PD,D
14:41:52,UNVR,RG,4810,41,D,PD,XC,D
14:41:52,UNVR,RG,4810,1,D,PD,XC,D
14:41:52,UNVR,RG,4810,1,D,PD,XC,D
14:41:52,UNVR,RG,4810,28,D,PD,XL,D
14:41:52,UNVR,RG,4810,7,D,PD,PD,D
14:41:52,UNVR,RG,4810,2,D,PD,YP,D
14:41:52,UNVR,RG,4810,3,D,PD,CC,D
14:41:52,UNVR,RG,4810,10,D,PD,GR,D
14:41:52,UNVR,RG,4810,50,D,PD,SQ,D
14:41:52,UNVR,RG,4810,11,D,PD,YP,D
14:41:52,UNVR,RG,4810,100,D,PD,NI,D
14:41:52,UNVR,RG,4810,5,D,PD,PD,D
14:41:52,UNVR,RG,4810,280,D,PD,OD,D
14:41:52,UNVR,RG,4810,3,D,PD,YP,D
14:41:52,UNVR,RG,4810,4,D,PD,XL,D
14:41:52,UNVR,RG,4810,15,D,PD,EP,D
14:41:52,UNVR,RG,4810,1,D,PD,XC,D
14:41:52,UNVR,RG,4810,2,D,PD,XC,D
14:41:52,UNVR,RG,4810,5,D,PD,DH,D
14:41:52,UNVR,RG,4810,400,D,PD,NI,D
14:41:52,UNVR,RG,4810,1,D,PD,PD,D
14:41:52,UNVR,RG,4810,1,D,PD,CC,D
14:41:52,UNVR,RG,4810,2,D,PD,DH,D
14:41:52,UNVR,RG,4810,10,D,PD,LG,D
14:41:52,UNVR,RG,4810,12,D,PD,XL,D
14:41:52,UNVR,RG,4810,4,D,PD,YP,D
14:41:52,UNVR,RG,4810,20,D,PD,PD,D
14:41:52,UNVR,RG,4810,26,D,PD,PD,D
14:41:52,UNVR,RG,4810,1,D,PD,PD,D
14:41:52,UNVR,RG,4810,15,D,PD,YP,D
14:41:52,UNVR,RG,4810,10,D,PD,YU,D
14:41:52,UNVR,RG,4810,40,D,PD,MG,D
14:41:52,UNVR,RG,4810,1,D,PD,CC,D
14:41:52,UNVR,RG,4810,20,D,PD,NI,D
14:41:52,UNVR,RG,4810,5,D,PD,CC,D
14:41:52,UNVR,RG,4810,10,D,PD,KK,D
14:41:52,UNVR,RG,4810,1,D,PD,PD,D
14:41:52,UNVR,RG,4810,4,D,PD,XC,D
14:41:52,UNVR,RG,4810,100,D,PD,OD,D
14:41:52,UNVR,RG,4810,2,D,PD,PD,D
14:41:52,UNVR,RG,4810,5,D,PD,KK,D
14:41:52,UNVR,RG,4810,47,D,PD,PD,D
14:41:52,UNVR,RG,4810,10,D,PD,PD,D
14:41:52,UNVR,RG,4810,5,D,PD,CP,D
14:41:52,UNVR,RG,4810,50,D,PD,DR,D
14:41:52,UNVR,RG,4810,8,D,PD,KK,D
14:41:52,UNVR,RG,4810,10,D,PD,EP,D
14:41:52,UNVR,RG,4810,1,D,PD,PD,D
14:41:52,UNVR,RG,4810,9,D,PD,PD,D
14:41:52,UNVR,RG,4810,30,D,PD,KK,D
14:41:52,UNVR,RG,4810,5,D,PD,NI,D
14:41:52,UNVR,RG,4810,10,D,PD,XC,D
14:41:52,UNVR,RG,4810,14,D,PD,XA,D
14:41:52,UNVR,RG,4810,9,D,PD,YP,D
14:41:52,UNVR,RG,4810,250,D,PD,ZP,D
14:41:52,UNVR,RG,4810,2,D,PD,YP,D
14:41:52,UNVR,RG,4810,1,D,PD,PD,D
14:41:52,UNVR,RG,4810,10,D,PD,YP,D
14:41:52,UNVR,RG,4810,4,D,PD,NI,D
14:41:52,UNVR,RG,4810,50,D,PD,CC,D
14:41:52,UNVR,RG,4810,1,D,PD,PD,D
14:41:52,UNVR,RG,4810,48,D,PD,XC,D
14:41:52,UNVR,RG,4810,1,D,PD,CC,D
14:41:52,UNVR,RG,4810,1,D,PD,KK,D
14:41:52,UNVR,RG,4810,37,D,PD,YP,D
14:41:52,UNVR,RG,4810,2,D,PD,YP,D
14:41:52,UNVR,RG,4810,20,D,PD,YP,D
14:41:52,UNVR,RG,4810,1,D,PD,PD,D
14:41:52,UNVR,RG,4810,42,D,PD,DH,D
14:41:52,UNVR,RG,4810,200,D,PD,YP,D
14:41:52,UNVR,RG,4810,50,D,PD,SQ,D
14:41:52,UNVR,RG,4810,26,D,PD,XC,D
14:41:52,UNVR,RG,4810,7,D,PD,XC,D
14:41:52,UNVR,RG,4810,10,D,PD,NI,D
14:41:52,UNVR,RG,4810,3,D,PD,NI,D
14:41:52,UNVR,RG,4810,15,D,PD,LG,D
14:41:52,UNVR,RG,4810,2,D,PD,YP,D
14:41:52,UNVR,RG,4810,20,D,PD,LG,D
14:41:52,UNVR,RG,4810,5,D,PD,YP,D
14:41:52,UNVR,RG,4810,3,D,PD,KK,D
14:41:52,UNVR,RG,4810,7,D,PD,PD,D
14:41:52,UNVR,RG,4810,1,D,PD,PD,D
14:41:52,UNVR,RG,4810,5,D,PD,CC,D
14:41:52,UNVR,RG,4810,1,D,PD,PD,D
14:41:52,UNVR,RG,4810,4,D,PD,DH,D
14:41:52,UNVR,RG,4810,2,D,PD,KK,D
14:41:52,UNVR,RG,4810,2,D,PD,PD,D
14:41:52,UNVR,RG,4810,1,D,PD,PD,D
14:41:52,UNVR,RG,4810,5,D,PD,SQ,D
14:41:52,UNVR,RG,4810,6,D,PD,PD,D
14:41:52,UNVR,RG,4810,1,D,PD,ZP,D
14:41:52,UNVR,RG,4810,1,D,PD,YP,D
14:41:52,UNVR,RG,4810,1,D,PD,XC,D
14:41:52,UNVR,RG,4810,1,D,PD,XC,D
14:41:52,UNVR,RG,4810,100,D,PD,IF,D
14:41:52,UNVR,RG,4810,2,D,PD,XC,D
14:41:52,UNVR,RG,4810,6,D,PD,KK,D
14:41:52,UNVR,RG,4810,6,D,PD,XC,D
14:41:52,UNVR,RG,4810,207,D,PD,CP,D
14:41:52,UNVR,RG,4800,2,D,ZP,DR,D
14:41:49,UNVR,RG,4800,25,D,ZP,CC,D
14:41:48,UNVR,RG,4800,1,D,ZP,PD,D
14:41:29,UNVR,RG,4800,15,D,ZP,PD,D
14:41:28,UNVR,RG,4800,5,D,ZP,CC,D
14:41:04,UNVR,RG,4800,2,D,ZP,YP,D
14:40:58,UNVR,RG,4800,1,D,ZP,PD,D
14:40:55,UNVR,RG,4800,2,D,ZP,ZP,F
14:40:55,UNVR,RG,4800,1,D,ZP,BB,F
14:40:55,UNVR,RG,4800,2,D,ZP,DP,D
14:40:53,UNVR,RG,4800,1,D,XA,DP,D
14:40:48,UNVR,RG,4800,1,F,AK,DP,D
14:40:48,UNVR,RG,4800,1,F,AK,DP,D
14:40:48,UNVR,RG,4800,2,F,AK,DP,D
14:40:47,UNVR,RG,4800,5,F,AK,DP,D
14:40:47,UNVR,RG,4800,1,F,AK,ZP,F
14:40:47,UNVR,RG,4800,3,F,AK,DH,D
14:40:42,UNVR,RG,4800,10,D,YP,LG,D
14:40:41,UNVR,RG,4800,10,D,YP,AK,F
14:40:38,UNVR,RG,4800,10,D,YP,AK,F
14:40:35,UNVR,RG,4800,5,D,EP,AK,F
14:40:35,UNVR,RG,4800,1,F,KZ,AK,F
14:40:35,UNVR,RG,4800,1,F,KZ,AK,F
14:40:35,UNVR,RG,4800,1,F,KZ,AK,F
14:40:35,UNVR,RG,4800,1,F,KZ,AK,F
14:40:35,UNVR,RG,4800,1,F,KZ,AK,F
14:40:35,UNVR,RG,4800,11,F,BK,AK,F
14:40:32,UNVR,RG,4800,14,F,AK,DX,F
14:40:32,UNVR,RG,4800,8,F,ZP,AK,F
14:40:32,UNVR,RG,4800,1,F,ZP,AK,F
14:40:32,UNVR,RG,4800,21,F,BB,ZP,F
14:40:32,UNVR,RG,4800,210,F,BB,ZP,F
14:40:32,UNVR,RG,4800,1,F,BB,XL,D
14:40:32,UNVR,RG,4800,87,F,BB,DX,F
14:40:32,UNVR,RG,4800,2,F,BB,CS,F
14:40:32,UNVR,RG,4800,15,F,BB,CC,D
14:40:32,UNVR,RG,4800,25,F,BB,DX,F
14:40:32,UNVR,RG,4800,1,F,BB,BB,F
14:40:32,UNVR,RG,4800,5,F,BB,AK,F
14:40:32,UNVR,RG,4800,40,F,BB,CC,D
14:40:32,UNVR,RG,4800,1,F,BB,YP,D
14:40:32,UNVR,RG,4800,14,F,BB,AK,F
14:40:32,UNVR,RG,4800,39,F,BB,CC,D
14:40:32,UNVR,RG,4800,7,F,BB,AK,F
14:40:32,UNVR,RG,4800,19,F,BB,ZP,F
14:40:32,UNVR,RG,4800,28,F,BB,AK,F
14:40:32,UNVR,RG,4800,5,F,BB,AK,F
14:40:32,UNVR,RG,4800,27,F,BB,ZP,F
14:40:32,UNVR,RG,4800,4,F,BB,CC,D
14:40:32,UNVR,RG,4800,5,F,BB,YP,D
14:40:32,UNVR,RG,4800,36,F,BB,AK,F
14:40:32,UNVR,RG,4800,27,F,BB,AK,F
14:40:32,UNVR,RG,4800,1,F,BB,PD,D
14:40:32,UNVR,RG,4800,31,F,BB,ZP,F
14:40:32,UNVR,RG,4800,30,F,BB,SQ,D
14:40:32,UNVR,RG,4800,36,F,BB,AK,F
14:40:32,UNVR,RG,4800,28,F,BB,AK,F
14:40:32,UNVR,RG,4800,100,F,BB,YP,D
14:40:32,UNVR,RG,4800,28,F,BB,AK,F
14:40:32,UNVR,RG,4800,22,F,BB,AK,F
14:40:32,UNVR,RG,4800,25,F,BB,ZP,F
14:40:32,UNVR,RG,4800,1,F,BB,XC,D
14:40:32,UNVR,RG,4800,10,F,BB,EP,D
14:40:32,UNVR,RG,4800,12,F,BB,DX,F
14:40:32,UNVR,RG,4800,5,F,BB,AK,F
14:40:32,UNVR,RG,4800,10,F,BB,AK,F
14:40:32,UNVR,RG,4800,5,F,BB,PD,D
14:40:32,UNVR,RG,4800,1,F,BB,XC,D
14:40:32,UNVR,RG,4800,7,F,BB,PD,D
14:40:32,UNVR,RG,4800,5,F,BB,AK,F
14:40:32,UNVR,RG,4800,10,F,BB,AK,F
14:40:32,UNVR,RG,4800,4,F,BB,AK,F
14:40:32,UNVR,RG,4800,626,F,BB,ZP,D
14:40:32,UNVR,RG,4800,1,F,BB,YJ,D
14:40:32,UNVR,RG,4800,32,F,BB,AK,F
14:40:32,UNVR,RG,4800,34,F,BB,AK,F
14:40:32,UNVR,RG,4800,6,F,BB,AK,F
14:40:32,UNVR,RG,4800,4,F,BB,AK,F
14:40:32,UNVR,RG,4800,20,F,BB,PD,D
14:40:32,UNVR,RG,4800,10,F,BB,YP,D
14:40:32,UNVR,RG,4800,24,F,BB,ZP,F
14:40:32,UNVR,RG,4800,100,F,BB,PD,D
14:40:32,UNVR,RG,4800,100,F,BB,YP,D
14:40:32,UNVR,RG,4800,2,F,BB,EP,D
14:40:32,UNVR,RG,4800,16,F,BB,XC,D
14:40:32,UNVR,RG,4800,10,F,BB,DR,D
14:40:32,UNVR,RG,4800,25,F,BB,OD,D
14:40:32,UNVR,RG,4800,200,F,BB,MK,D
14:40:32,UNVR,RG,4800,10,F,BB,CD,D
14:40:32,UNVR,RG,4800,1,F,BB,CC,D
14:40:32,UNVR,RG,4800,33,F,BB,PD,D
14:40:32,UNVR,RG,4800,50,F,BB,ES,D
14:40:32,UNVR,RG,4800,1,F,BB,NI,D
14:40:32,UNVR,RG,4800,17,F,BB,NI,D
14:40:32,UNVR,RG,4800,10,F,BB,DH,D
14:40:32,UNVR,RG,4800,25,F,BB,PD,D
14:40:32,UNVR,RG,4800,10,F,BB,PD,D
14:40:32,UNVR,RG,4800,21,F,BB,PD,D
14:40:32,UNVR,RG,4800,1,F,BB,YP,D
14:40:32,UNVR,RG,4800,10,F,BB,PD,D
14:40:32,UNVR,RG,4800,8,F,BB,XL,D
14:40:32,UNVR,RG,4800,3,F,BB,XC,D
14:40:32,UNVR,RG,4800,1,F,BB,XC,D
14:40:32,UNVR,RG,4800,1,F,BB,CC,D
14:40:32,UNVR,RG,4800,4,F,BB,YP,D
14:40:32,UNVR,RG,4800,3,F,BB,YP,D
14:40:32,UNVR,RG,4800,1,F,BB,PD,D
14:40:32,UNVR,RG,4800,1,F,BB,PD,D
14:40:32,UNVR,RG,4800,17,F,BB,GR,D
14:40:32,UNVR,RG,4800,1,F,BB,XC,D
14:40:32,UNVR,RG,4800,5,F,BB,XL,D
14:40:32,UNVR,RG,4800,5,F,BB,AT,D
14:40:32,UNVR,RG,4800,1,F,BB,CC,D
14:40:32,UNVR,RG,4800,5,F,BB,XC,D
14:40:32,UNVR,RG,4800,1,F,BB,XC,D
14:40:32,UNVR,RG,4800,15,F,BB,YP,D
14:40:32,UNVR,RG,4800,2,F,BB,PD,D
14:40:32,UNVR,RG,4800,1,F,BB,XC,D
14:40:32,UNVR,RG,4800,5,F,BB,PD,D
14:40:32,UNVR,RG,4800,30,F,BB,CC,D
14:40:32,UNVR,RG,4800,2,F,BB,XC,D
14:40:32,UNVR,RG,4800,1,F,BB,PD,D
14:40:32,UNVR,RG,4800,1,F,BB,EP,D
14:40:32,UNVR,RG,4800,1,F,BB,EP,D
14:40:32,UNVR,RG,4800,3,F,BB,PD,D
14:40:32,UNVR,RG,4800,1,F,BB,XC,D
14:40:32,UNVR,RG,4800,5,F,BB,XC,D
14:40:32,UNVR,RG,4800,5,F,BB,SQ,D
14:40:32,UNVR,RG,4800,1,F,BB,PD,D
14:40:32,UNVR,RG,4800,5,F,BB,LG,D
14:40:32,UNVR,RG,4800,2,F,BB,PD,D
14:40:32,UNVR,RG,4800,1,F,BB,YP,D
14:40:30,UNVR,RG,4790,25,D,PD,AK,F
14:40:20,UNVR,RG,4800,16,D,CC,OD,D
14:40:15,UNVR,RG,4800,11,D,XC,OD,D
14:40:13,UNVR,RG,4800,23,F,AK,OD,D
14:40:13,UNVR,RG,4800,5,F,AK,OD,D
14:40:13,UNVR,RG,4800,15,F,AK,OD,D
14:40:13,UNVR,RG,4800,5,F,AK,PD,D
14:40:13,UNVR,RG,4800,2,F,AK,PD,D
14:40:13,UNVR,RG,4800,43,F,AK,YP,D
14:40:13,UNVR,RG,4800,5,F,AK,NI,D
14:40:13,UNVR,RG,4800,5,F,AK,EP,D
14:40:13,UNVR,RG,4800,2,F,AK,NI,D
14:40:13,UNVR,RG,4800,10,F,AK,PD,D
14:40:13,UNVR,RG,4800,1,F,AK,NI,D
14:40:13,UNVR,RG,4800,4,F,AK,XC,D
14:40:13,UNVR,RG,4800,2,F,AK,YP,D
14:40:13,UNVR,RG,4800,22,F,AK,KK,D
14:40:13,UNVR,RG,4800,22,F,AK,KK,D
14:40:13,UNVR,RG,4800,20,F,AK,BS,D
14:40:13,UNVR,RG,4800,13,F,AK,SQ,D
14:40:12,UNVR,RG,4800,42,D,PD,SQ,D
14:40:12,UNVR,RG,4800,10,D,PD,GR,D
14:40:12,UNVR,RG,4800,2,D,PD,ZP,D
14:40:12,UNVR,RG,4800,1,D,PD,XC,D
14:40:12,UNVR,RG,4800,10,D,PD,YP,D
14:40:12,UNVR,RG,4800,5,D,PD,NI,D
14:40:12,UNVR,RG,4800,1,D,PD,LS,D
14:40:12,UNVR,RG,4800,1,D,PD,DH,D
14:40:12,UNVR,RG,4800,2,D,PD,XL,D
14:40:12,UNVR,RG,4800,30,D,PD,PD,D
14:40:12,UNVR,RG,4800,5,D,PD,YP,D
14:40:12,UNVR,RG,4800,3,D,PD,XC,D
14:40:12,UNVR,RG,4800,2,D,PD,ZP,D
14:40:12,UNVR,RG,4800,10,D,PD,YP,D
14:40:12,UNVR,RG,4800,20,D,PD,CC,D
14:40:12,UNVR,RG,4800,61,D,PD,PD,D
14:40:12,UNVR,RG,4800,1,D,PD,PD,D
14:40:12,UNVR,RG,4800,1,D,PD,PD,D
14:40:12,UNVR,RG,4800,1,D,PD,XC,D
14:40:12,UNVR,RG,4800,30,D,PD,CC,D
14:40:12,UNVR,RG,4800,5,D,PD,YP,D
14:40:12,UNVR,RG,4800,3,D,PD,XL,D
14:40:12,UNVR,RG,4800,3,D,PD,NI,D
14:40:12,UNVR,RG,4800,3,D,PD,DR,D
14:40:12,UNVR,RG,4800,100,D,PD,PD,D
14:40:12,UNVR,RG,4800,1,D,PD,XC,D
14:40:12,UNVR,RG,4800,3812,D,PD,TP,D
14:40:10,UNVR,RG,4800,500,D,DR,TP,D
14:39:55,UNVR,RG,4800,688,D,DR,TP,D
14:39:55,UNVR,RG,4800,1,D,DR,NI,D
14:39:55,UNVR,RG,4800,1,D,DR,YP,D
14:39:55,UNVR,RG,4800,1,D,DR,XC,D
14:39:55,UNVR,RG,4800,100,D,DR,PD,D
14:39:55,UNVR,RG,4800,1,D,DR,AT,D
14:39:55,UNVR,RG,4800,1,D,DR,EP,D
14:39:55,UNVR,RG,4800,1,D,DR,DH,D
14:39:55,UNVR,RG,4800,7,D,DR,CC,D
14:39:55,UNVR,RG,4800,1,D,DR,XL,D
14:39:55,UNVR,RG,4800,1,D,DR,NI,D
14:39:55,UNVR,RG,4800,1,D,DR,PD,D
14:39:55,UNVR,RG,4800,3,D,DR,XL,D
14:39:55,UNVR,RG,4800,500,D,DR,YP,D
14:39:55,UNVR,RG,4800,1,D,DR,CC,D
14:39:55,UNVR,RG,4800,10,D,DR,OD,D
14:39:55,UNVR,RG,4800,182,D,DR,YP,D
14:39:54,UNVR,RG,4800,1018,F,BB,YP,D
14:39:54,UNVR,RG,4800,50,F,BB,PD,D
14:39:54,UNVR,RG,4800,1,F,BB,NI,D
14:39:54,UNVR,RG,4800,277,F,BB,YP,D
14:39:54,UNVR,RG,4800,9,F,BB,DH,D
14:39:54,UNVR,RG,4800,4,F,BB,XL,D
14:39:54,UNVR,RG,4800,2,F,BB,CC,D
14:39:54,UNVR,RG,4800,10,F,BB,PS,D
14:39:54,UNVR,RG,4800,8,F,BB,XL,D
14:39:54,UNVR,RG,4800,10,F,BB,YP,D
14:39:54,UNVR,RG,4800,24,F,BB,OD,D
14:39:54,UNVR,RG,4800,1,F,BB,XC,D
14:39:54,UNVR,RG,4800,1,F,BB,PD,D
14:39:54,UNVR,RG,4800,1,F,BB,YP,D
14:39:54,UNVR,RG,4800,2,F,BB,PD,D
14:39:54,UNVR,RG,4800,2,F,BB,NI,D
14:39:54,UNVR,RG,4800,80,F,BB,ES,D
14:39:49,UNVR,RG,4790,37,D,PD,AK,F
14:39:48,UNVR,RG,4800,315,F,ZP,ES,D
14:39:48,UNVR,RG,4800,1841,F,ZP,ES,D
14:39:42,UNVR,RG,4790,56,D,PD,AK,F
14:39:41,UNVR,RG,4800,2,D,SQ,ES,D
14:39:28,UNVR,RG,4800,1,D,XC,ES,D
14:39:28,UNVR,RG,4800,500,D,DR,ES,D
14:39:23,UNVR,RG,4790,1,D,PD,DP,D
14:39:17,UNVR,RG,4790,1,D,PD,AK,F
14:39:17,UNVR,RG,4790,1,D,PD,PD,D
14:39:17,UNVR,RG,4790,10,D,PD,ZP,F
14:39:17,UNVR,RG,4790,5,D,PD,ZP,F
14:39:17,UNVR,RG,4790,7,D,PD,AK,F
14:39:17,UNVR,RG,4790,1,D,PD,AK,F
14:39:17,UNVR,RG,4790,1,D,PD,ZP,F
14:39:17,UNVR,RG,4790,3,D,PD,BB,F
14:39:17,UNVR,RG,4790,22,D,PD,ZP,F
14:39:17,UNVR,RG,4790,16,D,PD,ZP,F
14:39:17,UNVR,RG,4790,10,D,PD,DP,D
14:39:17,UNVR,RG,4790,22,D,PD,ZP,F
14:39:13,UNVR,RG,4780,36,D,PD,AK,F
14:39:13,UNVR,RG,4790,1,D,XC,YP,D
14:39:13,UNVR,RG,4790,10,D,CC,YP,D
14:39:13,UNVR,RG,4790,16,F,BK,YP,D
14:39:13,UNVR,RG,4790,10,D,PD,YP,D
14:39:13,UNVR,RG,4790,1,F,KZ,YP,D
14:39:13,UNVR,RG,4790,1,F,KZ,YP,D
14:39:13,UNVR,RG,4790,1,F,KZ,YP,D
14:39:13,UNVR,RG,4790,1,F,KZ,YP,D
14:39:13,UNVR,RG,4790,1,F,KZ,YP,D
14:39:13,UNVR,RG,4790,5,F,AK,YP,D
14:39:13,UNVR,RG,4790,30,F,BK,YP,D
14:39:13,UNVR,RG,4790,73,D,RX,YP,D
14:39:02,UNVR,RG,4790,63,D,RX,AK,F
14:38:47,UNVR,RG,4790,1,D,RX,NI,D
14:38:39,UNVR,RG,4790,4,D,RX,AK,F
14:38:39,UNVR,RG,4790,26,D,RX,AK,F
14:38:39,UNVR,RG,4790,13,D,ZP,AK,F
14:38:38,UNVR,RG,4790,4,D,ZP,AK,F
14:38:38,UNVR,RG,4790,6,F,ZP,AK,F
14:38:38,UNVR,RG,4790,2,D,PD,AK,F
14:38:38,UNVR,RG,4790,93,D,PD,AK,F
14:38:38,UNVR,RG,4790,61,D,PD,AK,F
14:38:38,UNVR,RG,4790,500,D,PD,YP,D
14:38:31,UNVR,RG,4790,1,D,PD,AK,F
14:38:31,UNVR,RG,4790,12,D,PD,HP,D
14:38:29,UNVR,RG,4790,1,D,PD,NI,D
14:38:18,UNVR,RG,4790,1,D,PD,AK,F
14:38:18,UNVR,RG,4790,1,D,PD,CC,D
14:38:18,UNVR,RG,4790,7,D,PD,AK,F
14:38:17,UNVR,RG,4790,64,D,PD,AK,F
14:38:17,UNVR,RG,4790,7,D,PD,AK,F
14:38:17,UNVR,RG,4790,56,D,PD,AK,F
14:38:11,UNVR,RG,4790,12,D,PD,AK,F
14:38:10,UNVR,RG,4790,100,D,PD,YJ,D
14:38:10,UNVR,RG,4790,9,D,PD,AK,F
14:38:10,UNVR,RG,4790,70,D,PD,DX,D
14:37:50,UNVR,RG,4790,2,D,PD,AK,F
14:37:50,UNVR,RG,4800,20,D,CC,ES,D
14:37:41,UNVR,RG,4790,8,D,PD,YP,D
14:37:17,UNVR,RG,4790,1,D,PD,DP,D
14:37:10,UNVR,RG,4790,3,D,PD,PD,D
14:37:02,UNVR,RG,4800,100,D,CC,ES,D
14:37:00,UNVR,RG,4790,21,D,PD,AK,F
14:36:48,UNVR,RG,4790,5,D,PD,XL,D
14:36:40,UNVR,RG,4790,103,D,PD,AK,F
14:36:40,UNVR,RG,4790,9,D,PD,AK,F
14:36:40,UNVR,RG,4790,12,D,PD,AK,F
14:36:40,UNVR,RG,4790,195,D,PD,AK,F
14:36:40,UNVR,RG,4790,2,D,PD,DP,D
14:36:40,UNVR,RG,4790,100,D,PD,EL,D
14:36:40,UNVR,RG,4790,65,D,PD,ZP,F
14:36:40,UNVR,RG,4790,28,D,PD,AK,F
14:36:40,UNVR,RG,4790,8,D,PD,YP,D
14:36:40,UNVR,RG,4790,1,D,PD,AK,F
14:36:40,UNVR,RG,4790,2,D,PD,CS,F
14:36:40,UNVR,RG,4790,688,D,PD,AK,F
14:36:40,UNVR,RG,4790,16,D,PD,ZP,F
14:36:40,UNVR,RG,4790,12,D,PD,PD,D
14:36:40,UNVR,RG,4790,59,D,PD,ZP,F
14:36:40,UNVR,RG,4790,10,D,PD,ZP,F
14:36:40,UNVR,RG,4790,1,D,PD,KK,D
14:36:40,UNVR,RG,4790,357,D,PD,ZP,F
14:36:40,UNVR,RG,4790,1,D,PD,YP,D
14:36:40,UNVR,RG,4790,2,D,PD,BB,F
14:36:40,UNVR,RG,4790,40,D,PD,ZP,F
14:36:40,UNVR,RG,4790,47,D,PD,AK,F
14:36:40,UNVR,RG,4790,27,D,PD,ZP,F
14:36:40,UNVR,RG,4790,35,D,PD,LG,D
14:36:40,UNVR,RG,4790,1,D,PD,XC,D
14:36:40,UNVR,RG,4790,8,D,PD,DP,D
14:36:40,UNVR,RG,4790,43,D,PD,AK,F
14:36:40,UNVR,RG,4790,10,D,PD,AK,F
14:36:40,UNVR,RG,4790,39,D,PD,AK,F
14:36:40,UNVR,RG,4790,21,D,PD,ZP,F
14:36:40,UNVR,RG,4790,2,D,PD,YP,D
14:36:40,UNVR,RG,4790,50,D,PD,AK,F
14:36:40,UNVR,RG,4790,1,D,PD,PD,D
14:36:40,UNVR,RG,4790,4,D,PD,AK,F
14:36:40,UNVR,RG,4790,6,D,PD,AK,F
14:36:40,UNVR,RG,4790,10,D,PD,AK,F
14:36:40,UNVR,RG,4790,3,D,PD,EP,D
14:36:40,UNVR,RG,4790,4,D,PD,AK,F
14:36:40,UNVR,RG,4790,5,D,PD,AK,F
14:36:40,UNVR,RG,4790,7,D,PD,AK,F
14:36:40,UNVR,RG,4790,25,D,PD,PD,D
14:36:40,UNVR,RG,4790,6,D,PD,AK,F
14:36:40,UNVR,RG,4790,3,D,PD,PD,D
14:36:40,UNVR,RG,4790,2,D,PD,YP,D
14:36:40,UNVR,RG,4790,100,D,PD,YP,D
14:36:40,UNVR,RG,4790,45,D,PD,PD,D
14:36:40,UNVR,RG,4790,38,D,PD,AK,F
14:36:40,UNVR,RG,4790,20,D,PD,XC,D
14:36:40,UNVR,RG,4790,10,D,PD,PD,D
14:36:40,UNVR,RG,4790,10,D,PD,PD,D
14:36:40,UNVR,RG,4790,10,D,PD,CP,D
14:36:40,UNVR,RG,4790,7,D,PD,AK,F
14:36:40,UNVR,RG,4790,1,D,PD,PD,D
14:36:40,UNVR,RG,4790,15,D,PD,SQ,D
14:36:40,UNVR,RG,4790,4,D,PD,CC,D
14:36:40,UNVR,RG,4790,27,D,PD,CC,D
14:36:40,UNVR,RG,4790,10,D,PD,BQ,D
14:36:40,UNVR,RG,4790,2,D,PD,XL,D
14:36:40,UNVR,RG,4790,1,D,PD,YB,D
14:36:40,UNVR,RG,4790,70,D,PD,PD,D
14:36:40,UNVR,RG,4790,2,D,PD,XL,D
14:36:40,UNVR,RG,4790,8,D,PD,ZP,F
14:36:40,UNVR,RG,4790,35,D,PD,AZ,D
14:36:40,UNVR,RG,4790,1,D,PD,PD,D
14:36:40,UNVR,RG,4790,3,D,PD,PD,D
14:36:40,UNVR,RG,4790,25,D,PD,YP,D
14:36:40,UNVR,RG,4790,25,D,PD,PD,D
14:36:40,UNVR,RG,4790,500,D,PD,CC,D
14:36:40,UNVR,RG,4790,1,D,PD,PD,D
14:36:40,UNVR,RG,4790,1,D,PD,YP,D
14:36:40,UNVR,RG,4790,87,D,PD,YP,D
14:36:17,UNVR,RG,4780,37,D,PD,AK,F
14:35:52,UNVR,RG,4780,4,D,PD,DP,D
14:35:47,UNVR,RG,4780,39,D,PD,AK,F
14:35:23,UNVR,RG,4790,13,F,ZP,YP,D
14:35:23,UNVR,RG,4790,10,F,ZP,GR,D
14:35:23,UNVR,RG,4790,1,F,ZP,EP,D
14:35:23,UNVR,RG,4790,2,F,ZP,YP,D
14:35:23,UNVR,RG,4790,200,F,ZP,PD,D
14:35:23,UNVR,RG,4790,20,F,ZP,PD,D
14:35:23,UNVR,RG,4790,1,F,ZP,EP,D
14:35:23,UNVR,RG,4790,1,F,ZP,YP,D
14:35:23,UNVR,RG,4790,5,F,ZP,YP,D
14:35:23,UNVR,RG,4790,1,F,ZP,EP,D
14:35:23,UNVR,RG,4790,1566,F,ZP,YJ,D
14:35:17,UNVR,RG,4780,34,D,PD,AK,F
14:35:15,UNVR,RG,4780,81,D,PD,AK,F
14:35:11,UNVR,RG,4780,5,D,PD,DP,D
14:35:00,UNVR,RG,4780,4,D,PD,AK,F
14:34:56,UNVR,RG,4780,6,D,PD,XC,D
14:34:55,UNVR,RG,4780,22,D,PD,AK,F
14:34:55,UNVR,RG,4780,28,D,PD,ZP,F
14:34:55,UNVR,RG,4780,5,D,PD,BB,F
14:34:55,UNVR,RG,4780,2,D,PD,DP,D
14:34:55,UNVR,RG,4780,668,D,PD,AK,F
14:34:55,UNVR,RG,4780,22,D,PD,ZP,F
14:34:55,UNVR,RG,4780,16,D,PD,ZP,F
14:34:55,UNVR,RG,4780,9,D,PD,AK,F
14:34:55,UNVR,RG,4780,17,D,PD,ZP,F
14:34:55,UNVR,RG,4780,2,D,PD,CS,F
14:34:53,UNVR,RG,4780,1,D,NI,CS,F
14:34:50,UNVR,RG,4780,1,D,XC,AK,F
14:34:50,UNVR,RG,4780,1,F,KZ,AK,F
14:34:50,UNVR,RG,4780,28,F,AK,AK,F
14:34:50,UNVR,RG,4780,1,D,YP,AK,F
14:34:50,UNVR,RG,4780,1,F,KZ,AK,F
14:34:50,UNVR,RG,4780,2,D,YP,AK,F
14:34:50,UNVR,RG,4780,7,D,NI,AK,F
14:34:50,UNVR,RG,4780,3,D,NI,YP,D
14:34:50,UNVR,RG,4780,4,D,SQ,YP,D
14:34:50,UNVR,RG,4780,17,D,ZP,YP,D
14:34:50,UNVR,RG,4780,1,F,KZ,YP,D
14:34:50,UNVR,RG,4780,10,D,PD,YP,D
14:34:50,UNVR,RG,4780,1,D,YP,YP,D
14:34:50,UNVR,RG,4780,2,D,SQ,YP,D
14:34:50,UNVR,RG,4780,3,F,ZP,YP,D
14:34:50,UNVR,RG,4780,5,D,SQ,YP,D
14:34:50,UNVR,RG,4780,254,D,RX,YP,D
14:34:47,UNVR,RG,4780,9,D,RX,AK,F
14:34:47,UNVR,RG,4780,1,F,KZ,AK,F
14:34:47,UNVR,RG,4780,25,F,BK,AK,F
14:34:47,UNVR,RG,4780,20,F,BK,CC,D
14:34:42,UNVR,RG,4780,49,F,BK,AK,F
14:34:42,UNVR,RG,4780,1,F,KZ,AK,F
14:34:42,UNVR,RG,4780,1,F,KZ,AK,F
14:34:42,UNVR,RG,4780,1,F,KZ,AK,F
14:34:42,UNVR,RG,4780,12,F,AK,AK,F
14:34:42,UNVR,RG,4790,15,F,BK,YJ,D
14:34:17,UNVR,RG,4780,36,F,AK,AK,F
14:34:15,UNVR,RG,4780,1,F,AK,AK,F
14:33:55,UNVR,RG,4790,14,F,BK,YJ,D
14:33:52,UNVR,RG,4780,6,F,AK,AK,F
14:33:52,UNVR,RG,4780,5,F,AK,AK,F
14:33:52,UNVR,RG,4780,6,F,AK,AK,F
14:33:52,UNVR,RG,4780,9,F,AK,AK,F
14:33:52,UNVR,RG,4780,29,F,ZP,AK,F
14:33:52,UNVR,RG,4780,48,D,PD,AK,F
14:33:50,UNVR,RG,4780,74,D,PD,ZP,F
14:33:50,UNVR,RG,4780,304,D,PD,AK,F
14:33:50,UNVR,RG,4780,1000,D,PD,CC,D
14:33:47,UNVR,RG,4780,2,D,PD,DP,D
14:33:47,UNVR,RG,4780,36,D,PD,AK,F
14:33:46,UNVR,RG,4780,3,D,PD,DP,D
14:33:45,UNVR,RG,4780,103,D,PD,AK,F
14:33:45,UNVR,RG,4780,357,D,PD,AK,F
14:33:45,UNVR,RG,4780,1200,D,PD,CC,D
14:33:41,UNVR,RG,4780,103,D,PD,AK,F
14:33:19,UNVR,RG,4780,5,D,PD,GR,D
14:33:17,UNVR,RG,4780,34,D,PD,AK,F
14:33:15,UNVR,RG,4780,81,D,PD,AK,F
14:33:15,UNVR,RG,4780,287,D,PD,AK,F
14:33:08,UNVR,RG,4790,10,D,DH,YJ,D
14:33:06,UNVR,RG,4790,9,F,AK,YJ,D
14:33:05,UNVR,RG,4780,23,D,PD,AK,F
14:33:05,UNVR,RG,4790,18,D,RX,YJ,D
14:33:05,UNVR,RG,4780,6,D,PD,DP,D
14:32:47,UNVR,RG,4780,32,D,PD,AK,F
14:32:42,UNVR,RG,4790,10,D,YP,YJ,D
14:32:34,UNVR,RG,4790,17,D,RX,YJ,D
14:32:30,UNVR,RG,4780,3,D,PD,XL,D
14:32:19,UNVR,RG,4780,35,D,PD,AK,F
14:32:18,UNVR,RG,4790,83,D,CP,YJ,D
14:32:17,UNVR,RG,4780,33,D,PD,AK,F
14:32:17,UNVR,RG,4790,2,D,SQ,YJ,D
14:32:06,UNVR,RG,4790,12,D,RX,YJ,D
14:32:03,UNVR,RG,4780,38,D,PD,AK,F
14:32:03,UNVR,RG,4790,112,F,ZP,YJ,D
14:32:02,UNVR,RG,4780,32,D,PD,AK,F
14:31:57,UNVR,RG,4780,1,D,PD,BB,F
14:31:53,UNVR,RG,4780,40,D,PD,AK,F
14:31:52,UNVR,RG,4780,48,D,PD,AK,F
14:31:52,UNVR,RG,4790,100,D,LG,YJ,D
14:31:52,UNVR,RG,4780,44,D,PD,AK,F
14:31:52,UNVR,RG,4790,32,D,LG,YJ,D
14:31:52,UNVR,RG,4790,1,D,LG,CC,D
14:31:52,UNVR,RG,4790,10,D,LG,YP,D
14:31:52,UNVR,RG,4790,7,D,LG,YP,D
14:31:46,UNVR,RG,4790,12,D,RX,YP,D
14:31:43,UNVR,RG,4780,103,D,PD,AK,F
14:31:43,UNVR,RG,4780,3,D,PD,DP,D
14:31:25,UNVR,RG,4780,4,D,PD,AK,F
14:31:24,UNVR,RG,4790,12,D,RX,YP,D
14:31:13,UNVR,RG,4780,1,D,PD,AK,F
14:31:13,UNVR,RG,4790,80,D,YU,YP,D
14:31:04,UNVR,RG,4790,14,D,RX,YP,D
14:30:59,UNVR,RG,4780,5,D,PD,DP,D
14:30:51,UNVR,RG,4790,1,D,CC,YP,D
14:30:41,UNVR,RG,4790,12,D,RX,YP,D
14:30:25,UNVR,RG,4780,2,D,PD,NI,D
14:30:21,UNVR,RG,4790,16,D,RX,YP,D
14:30:15,UNVR,RG,4780,57,D,PD,AK,F
14:30:14,UNVR,RG,4790,2,D,SQ,YP,D
14:30:00,UNVR,RG,4790,70,F,AK,YP,D
14:30:00,UNVR,RG,4780,12,D,PD,NI,D
14:30:00,UNVR,RG,4780,1,D,PD,PD,D
14:30:00,UNVR,RG,4780,2,D,PD,BB,F
14:30:00,UNVR,RG,4780,3,D,PD,ZP,F
14:29:46,UNVR,RG,4780,3,D,SQ,ZP,F
14:29:45,UNVR,RG,4780,10,D,CC,ZP,F
14:29:45,UNVR,RG,4780,11,D,CC,ZP,F
14:29:21,UNVR,RG,4780,10,D,YP,ZP,F
14:29:21,UNVR,RG,4780,1,D,YP,CS,F
14:29:21,UNVR,RG,4780,7,D,YP,AK,F
14:29:21,UNVR,RG,4780,2,D,YP,YP,D
14:29:06,UNVR,RG,4780,1,D,NI,YP,D
14:28:25,UNVR,RG,4780,1,F,KZ,AK,F
14:28:22,UNVR,RG,4780,5,D,YP,AK,F
14:28:17,UNVR,RG,4770,123,D,PD,AK,F
14:28:14,UNVR,RG,4790,1,D,YU,YP,D
14:28:11,UNVR,RG,4790,5,F,ZP,YP,D
14:28:11,UNVR,RG,4780,6,F,ZP,DP,D
14:28:09,UNVR,RG,4790,105,F,ZP,YP,D
14:28:08,UNVR,RG,4790,163,F,ZP,YP,D
14:28:08,UNVR,RG,4790,2,F,ZP,AT,D
14:28:08,UNVR,RG,4790,30,F,ZP,PD,D
14:28:08,UNVR,RG,4790,1,F,ZP,YP,D
14:28:08,UNVR,RG,4790,200,F,ZP,CC,D
14:28:08,UNVR,RG,4790,3,F,ZP,ZP,F
14:28:08,UNVR,RG,4790,10,F,ZP,XC,D
14:28:08,UNVR,RG,4790,5,F,ZP,DH,D
14:28:08,UNVR,RG,4790,1,F,ZP,PD,D
14:28:08,UNVR,RG,4790,28,F,ZP,YP,D
14:27:47,UNVR,RG,4770,10,D,PD,DH,D
14:27:41,UNVR,RG,4770,3,D,PD,NI,D
14:27:39,UNVR,RG,4790,44,F,ZP,YP,D
14:27:38,UNVR,RG,4780,95,F,ZP,AK,F
14:27:38,UNVR,RG,4780,2,F,ZP,CS,F
14:27:38,UNVR,RG,4780,38,F,ZP,AK,F
14:27:38,UNVR,RG,4780,50,F,ZP,GR,D
14:27:38,UNVR,RG,4780,5,F,ZP,XL,D
14:27:38,UNVR,RG,4780,494,F,ZP,CC,D
14:27:36,UNVR,RG,4780,6,F,ZP,CC,D
14:27:36,UNVR,RG,4780,1,F,ZP,BB,F
14:27:36,UNVR,RG,4780,8,F,ZP,DP,D
14:27:36,UNVR,RG,4780,7,F,ZP,AK,F
14:27:36,UNVR,RG,4780,10,F,ZP,AK,F
14:27:36,UNVR,RG,4780,29,F,ZP,ZP,F
14:27:36,UNVR,RG,4780,44,F,ZP,AK,F
14:27:33,UNVR,RG,4770,266,D,PD,AK,F
14:27:33,UNVR,RG,4780,469,D,PD,AK,F
14:27:33,UNVR,RG,4780,3,D,PD,ZP,F
14:27:33,UNVR,RG,4780,10,D,PD,ZP,F
14:27:33,UNVR,RG,4780,420,D,PD,KK,D
14:27:33,UNVR,RG,4780,124,D,PD,YP,D
14:27:33,UNVR,RG,4780,45,D,PD,DR,D
14:27:33,UNVR,RG,4780,1,D,PD,XC,D
14:27:33,UNVR,RG,4780,3,D,PD,YB,D
14:27:33,UNVR,RG,4780,38,D,PD,ZP,F
14:27:33,UNVR,RG,4780,4,D,PD,YP,D
14:27:33,UNVR,RG,4780,15,D,PD,PD,D
14:27:33,UNVR,RG,4780,3,D,PD,YP,D
14:27:33,UNVR,RG,4780,6,D,PD,PD,D
14:27:33,UNVR,RG,4780,33,D,PD,SQ,D
14:27:33,UNVR,RG,4780,5,D,PD,CC,D
14:27:33,UNVR,RG,4780,10,D,PD,YP,D
14:27:33,UNVR,RG,4780,16,D,PD,XC,D
14:27:33,UNVR,RG,4780,1,D,PD,PD,D
14:27:33,UNVR,RG,4780,119,D,PD,DH,D
14:27:33,UNVR,RG,4780,2,D,PD,NI,D
14:27:33,UNVR,RG,4780,6,D,PD,AK,F
14:27:33,UNVR,RG,4780,42,D,PD,AK,F
14:27:33,UNVR,RG,4780,707,D,PD,CC,D
14:27:27,UNVR,RG,4770,1,D,PD,PD,D
14:27:19,UNVR,RG,4770,2,D,PD,XC,D
14:27:02,UNVR,RG,4770,2,D,PD,AK,F
14:27:02,UNVR,RG,4770,6,D,PD,AK,F
14:27:01,UNVR,RG,4770,4,D,PD,XL,D
14:26:45,UNVR,RG,4770,1,D,PD,AK,F
14:26:30,UNVR,RG,4770,10,D,PD,BQ,D
14:26:29,UNVR,RG,4770,2,D,PD,DP,D
14:26:17,UNVR,RG,4770,4,D,PD,DP,D
14:26:12,UNVR,RG,4770,3,D,PD,XC,D
14:25:36,UNVR,RG,4770,222,D,PD,AK,F
14:25:35,UNVR,RG,4770,10,D,PD,AK,F
14:25:35,UNVR,RG,4770,6,D,PD,ZP,F
14:25:35,UNVR,RG,4770,5,D,PD,YP,D
14:25:35,UNVR,RG,4770,16,D,PD,ZP,F
14:25:35,UNVR,RG,4770,1,D,PD,BB,F
14:25:35,UNVR,RG,4770,500,D,PD,CC,D
14:25:35,UNVR,RG,4770,6,D,PD,PD,D
14:25:35,UNVR,RG,4770,10,D,PD,AT,D
14:25:35,UNVR,RG,4770,29,D,PD,ZP,F
14:25:35,UNVR,RG,4770,20,D,PD,ZP,F
14:25:35,UNVR,RG,4770,20,D,PD,KK,D
14:25:35,UNVR,RG,4770,1,D,PD,XL,D
14:25:35,UNVR,RG,4770,1,D,PD,YP,D
14:25:35,UNVR,RG,4770,1,D,PD,PD,D
14:25:35,UNVR,RG,4770,2,D,PD,ZP,F
14:25:35,UNVR,RG,4770,1,D,PD,XL,D
14:25:35,UNVR,RG,4770,1,D,PD,YJ,D
14:25:35,UNVR,RG,4770,32,D,PD,ZP,F
14:25:35,UNVR,RG,4770,19,D,PD,ZP,F
14:25:35,UNVR,RG,4770,37,D,PD,AK,F
14:25:35,UNVR,RG,4770,209,D,PD,AK,F
14:25:35,UNVR,RG,4770,29,D,PD,ZP,F
14:25:35,UNVR,RG,4770,2,D,PD,YP,D
14:25:35,UNVR,RG,4770,9,D,PD,CC,D
14:25:35,UNVR,RG,4770,2,D,PD,AK,F
14:25:35,UNVR,RG,4770,6,D,PD,AK,F
14:25:35,UNVR,RG,4770,11,D,PD,AK,F
14:25:35,UNVR,RG,4770,35,D,PD,AK,F
14:25:35,UNVR,RG,4770,348,D,PD,PG,D
14:25:06,UNVR,RG,4760,1,F,AK,AK,F
14:25:03,UNVR,RG,4760,2,F,AK,AK,F
14:25:00,UNVR,RG,4760,18,F,AK,AK,F
14:24:47,UNVR,RG,4760,11,F,BB,AK,F
14:24:46,UNVR,RG,4770,35,F,ZP,PG,D
14:24:45,UNVR,RG,4760,44,F,BB,ZP,F
14:24:45,UNVR,RG,4760,37,F,BB,AK,F
14:24:44,UNVR,RG,4770,35,F,ZP,PG,D
14:24:44,UNVR,RG,4760,1,F,KZ,AK,F
14:24:44,UNVR,RG,4760,12,F,BK,AK,F
14:24:43,UNVR,RG,4770,90,F,ZP,PG,D
14:24:37,UNVR,RG,4760,1,F,BK,AK,F
14:24:34,UNVR,RG,4760,1,F,BK,AK,F
14:24:31,UNVR,RG,4760,1,F,BK,AK,F
14:24:31,UNVR,RG,4760,6,F,BB,AK,F
14:24:28,UNVR,RG,4760,30,F,BB,AK,F
14:24:28,UNVR,RG,4760,14,D,DR,AK,F
14:24:26,UNVR,RG,4760,60,D,DR,ZP,F
14:24:26,UNVR,RG,4760,21,D,DR,ZP,F
14:24:26,UNVR,RG,4760,1,D,DR,CS,F
14:24:26,UNVR,RG,4760,54,D,DR,YP,D
14:24:26,UNVR,RG,4760,6,F,ZP,YP,D
14:24:26,UNVR,RG,4760,1,D,PD,YP,D
14:24:26,UNVR,RG,4760,1,F,KZ,YP,D
14:24:26,UNVR,RG,4760,1,D,CC,YP,D
14:24:26,UNVR,RG,4760,15,F,BK,YP,D
14:24:26,UNVR,RG,4760,56,F,AK,YP,D
14:24:26,UNVR,RG,4760,48,F,BB,YP,D
14:24:26,UNVR,RG,4760,18,D,RX,YP,D
14:24:25,UNVR,RG,4760,1,D,RX,AK,F
14:24:22,UNVR,RG,4760,2,D,RX,AK,F
14:24:19,UNVR,RG,4760,16,D,RX,AK,F
14:24:19,UNVR,RG,4760,17,D,RX,CC,D
14:24:09,UNVR,RG,4760,11,D,RX,YP,D
14:23:44,UNVR,RG,4770,35,F,ZP,PG,D
14:23:43,UNVR,RG,4770,35,F,ZP,PG,D
14:23:39,UNVR,RG,4760,1,D,RX,AK,F
14:23:39,UNVR,RG,4760,5,D,RX,PD,D
14:23:33,UNVR,RG,4760,2,D,RX,AK,F
14:23:31,UNVR,RG,4760,5,D,RX,PD,D
14:23:31,UNVR,RG,4760,5,D,RX,YB,D
14:23:30,UNVR,RG,4760,6,D,RX,AK,F
14:23:23,UNVR,RG,4760,20,D,RX,LG,D
14:23:19,UNVR,RG,4760,15,D,RX,AK,F
14:23:19,UNVR,RG,4760,50,D,RX,CC,D
14:22:58,UNVR,RG,4760,6,D,RX,YP,D
14:22:49,UNVR,RG,4760,39,D,RX,AK,F
14:22:48,UNVR,RG,4760,3,D,RX,NI,D
14:22:30,UNVR,RG,4760,1,F,ZP,AK,F
14:22:29,UNVR,RG,4770,35,F,ZP,PG,D
14:22:28,UNVR,RG,4770,32,F,ZP,PG,D
14:22:27,UNVR,RG,4760,25,D,YP,AK,F
14:22:22,UNVR,RG,4760,1,F,AK,AK,F
14:22:22,UNVR,RG,4760,1,F,AK,CS,F
14:22:22,UNVR,RG,4760,1,F,AK,CS,F
14:22:22,UNVR,RG,4760,60,F,AK,KK,D
14:22:22,UNVR,RG,4760,1,F,KZ,KK,D
14:22:22,UNVR,RG,4760,7,F,BB,KK,D
14:22:22,UNVR,RG,4760,2,D,TP,KK,D
14:22:21,UNVR,RG,4760,25,F,BB,KK,D
14:22:21,UNVR,RG,4760,5,F,ZP,KK,D
14:22:10,UNVR,RG,4760,22,D,ZP,AK,F
14:22:09,UNVR,RG,4770,1,D,CC,PG,D
14:22:08,UNVR,RG,4770,73,F,ZP,PG,D
14:22:00,UNVR,RG,4760,1,F,BB,BB,F
14:22:00,UNVR,RG,4760,16,F,BB,AK,F
14:21:41,UNVR,RG,4750,23,D,EP,ZP,F
14:21:41,UNVR,RG,4760,1,F,ZP,ZP,F
14:21:41,UNVR,RG,4760,1,F,ZP,AK,F
14:21:40,UNVR,RG,4760,1,F,AK,BB,F
14:21:40,UNVR,RG,4760,1,F,BB,ZP,F
14:21:40,UNVR,RG,4760,14,D,NI,ZP,F
14:21:40,UNVR,RG,4760,1,D,NI,CS,F
14:21:40,UNVR,RG,4760,1,D,NI,CS,F
14:21:40,UNVR,RG,4760,84,D,NI,EP,D
14:21:30,UNVR,RG,4760,1,D,YP,EP,D
14:21:18,UNVR,RG,4760,20,F,BB,EP,D
14:21:08,UNVR,RG,4760,5,F,BB,EP,D
14:21:08,UNVR,RG,4760,61,F,ZP,EP,D
14:21:06,UNVR,RG,4760,10,F,BB,EP,D
14:21:06,UNVR,RG,4760,15,F,BK,EP,D
14:21:06,UNVR,RG,4760,1,F,KZ,EP,D
14:21:06,UNVR,RG,4760,13,F,BB,EP,D
14:21:04,UNVR,RG,4760,1,F,BB,AK,F
14:21:01,UNVR,RG,4760,1,F,BB,AK,F
14:20:58,UNVR,RG,4760,9,F,BB,AK,F
14:20:55,UNVR,RG,4760,57,F,BB,AK,F
14:20:51,UNVR,RG,4750,6,D,EP,SQ,D
14:20:45,UNVR,RG,4750,22,D,EP,AK,F
14:20:39,UNVR,RG,4770,165,F,ZP,PG,D
14:20:39,UNVR,RG,4760,70,F,BB,AK,F
14:20:39,UNVR,RG,4760,6,F,BB,BB,F
14:20:39,UNVR,RG,4760,82,F,BB,ZP,F
14:20:39,UNVR,RG,4760,20,F,BB,ZP,F
14:20:39,UNVR,RG,4760,15,F,BB,ZP,F
14:20:39,UNVR,RG,4760,1,F,BB,CS,F
14:20:39,UNVR,RG,4760,121,F,BB,YP,D
14:20:32,UNVR,RG,4760,1,D,YP,YP,D
14:20:32,UNVR,RG,4760,16,F,ZP,YP,D
14:20:32,UNVR,RG,4760,10,D,CC,YP,D
14:20:32,UNVR,RG,4760,16,F,BK,YP,D
14:20:32,UNVR,RG,4760,10,D,YP,YP,D
14:20:32,UNVR,RG,4760,33,D,YP,YP,D
14:20:32,UNVR,RG,4760,1,F,KZ,YP,D
14:20:32,UNVR,RG,4760,67,F,BB,YP,D
14:20:32,UNVR,RG,4760,16,F,BK,YP,D
14:20:32,UNVR,RG,4760,1,F,KZ,YP,D
14:20:32,UNVR,RG,4760,4,D,XL,YP,D
14:20:32,UNVR,RG,4760,15,F,BK,YP,D
14:20:32,UNVR,RG,4760,100,D,YU,YP,D
14:20:32,UNVR,RG,4760,1,D,EP,YP,D
14:20:32,UNVR,RG,4760,1,F,KZ,YP,D
14:20:32,UNVR,RG,4760,1,D,PD,YP,D
14:20:21,UNVR,RG,4760,2,F,AK,AK,F
14:20:20,UNVR,RG,4760,12,F,AK,ZP,F
14:19:59,UNVR,RG,4760,1,F,AK,AK,F
14:19:59,UNVR,RG,4760,5,F,AK,XC,D
14:19:35,UNVR,RG,4760,4,F,AK,AK,F
14:19:35,UNVR,RG,4760,22,F,AK,ZP,F
14:19:31,UNVR,RG,4760,1,F,AK,AK,F
14:19:28,UNVR,RG,4760,2,F,AK,AK,F
14:19:28,UNVR,RG,4760,3,F,BK,AK,F
14:19:28,UNVR,RG,4770,34,F,ZP,PG,D
14:19:16,UNVR,RG,4760,1,F,BK,YP,D
14:19:15,UNVR,RG,4760,1,F,BK,AK,F
14:19:15,UNVR,RG,4760,3,F,BK,AK,F
14:19:01,UNVR,RG,4760,1,F,BK,AK,F
14:18:58,UNVR,RG,4760,7,F,BK,AK,F
14:18:56,UNVR,RG,4760,36,F,BB,AK,F
14:18:56,UNVR,RG,4760,9,D,RX,AK,F
14:18:55,UNVR,RG,4760,1,D,RX,AK,F
14:18:52,UNVR,RG,4760,2,D,RX,AK,F
14:18:52,UNVR,RG,4760,12,D,RX,XC,D
14:18:52,UNVR,RG,4760,1,D,RX,XL,D
14:18:44,UNVR,RG,4760,3,D,RX,BB,F
14:18:17,UNVR,RG,4760,1,D,RX,AK,F
14:18:17,UNVR,RG,4760,1,D,RX,YP,D
14:18:04,UNVR,RG,4760,1,D,RX,AK,F
14:18:04,UNVR,RG,4760,8,D,RX,AK,F
14:18:04,UNVR,RG,4760,1,D,RX,DH,D
14:17:34,UNVR,RG,4760,1,D,RX,AK,F
14:17:31,UNVR,RG,4760,7,D,RX,AK,F
14:17:28,UNVR,RG,4770,33,F,ZP,PG,D
14:17:28,UNVR,RG,4760,6,D,RX,AK,F
14:17:27,UNVR,RG,4760,38,D,RX,ZP,F
14:17:22,UNVR,RG,4760,1,D,RX,AK,F
14:17:21,UNVR,RG,4760,4,D,RX,AK,F
14:17:21,UNVR,RG,4760,22,D,RX,LG,D
14:16:54,UNVR,RG,4760,3,D,RX,AK,F
14:16:53,UNVR,RG,4760,15,D,RX,EP,D
14:16:44,UNVR,RG,4760,2,D,RX,XC,D
14:16:05,UNVR,RG,4760,1,D,RX,AK,F
14:16:02,UNVR,RG,4760,5,D,RX,AK,F
14:16:02,UNVR,RG,4760,30,D,RX,DX,D
14:15:32,UNVR,RG,4760,4,D,RX,AK,F
14:15:29,UNVR,RG,4760,23,D,RX,AK,F
14:15:28,UNVR,RG,4750,1,D,EP,XC,D
14:15:08,UNVR,RG,4750,3,D,EP,BB,F
14:15:02,UNVR,RG,4770,35,F,ZP,PG,D
14:15:00,UNVR,RG,4760,2,F,BB,AK,F
14:15:00,UNVR,RG,4760,6,F,BB,AK,F
14:15:00,UNVR,RG,4760,4,F,BB,AK,F
14:14:50,UNVR,RG,4760,3,F,AK,AK,F
14:14:50,UNVR,RG,4760,4,F,ZP,AK,F
14:14:50,UNVR,RG,4760,2,D,LG,TP,D
14:14:50,UNVR,RG,4760,5,D,LG,BB,F
14:14:50,UNVR,RG,4760,15,D,LG,ZP,F
14:14:50,UNVR,RG,4760,8,D,LG,ZP,F
14:14:50,UNVR,RG,4760,1,D,LG,CS,F
14:14:50,UNVR,RG,4760,19,D,LG,DR,D
14:14:38,UNVR,RG,4760,2,F,BB,DR,D
14:14:27,UNVR,RG,4760,5,D,CC,DR,D
14:14:19,UNVR,RG,4760,1,F,KZ,DR,D
14:14:05,UNVR,RG,4760,7,F,BB,DR,D
14:14:02,UNVR,RG,4760,50,F,BB,DR,D
14:14:02,UNVR,RG,4760,15,F,BK,DR,D
14:14:02,UNVR,RG,4760,1,F,ZP,DR,D
14:13:58,UNVR,RG,4760,1,F,ZP,AK,F
14:13:58,UNVR,RG,4760,5,F,ZP,PD,D
14:13:21,UNVR,RG,4760,1,F,BB,AK,F
14:13:17,UNVR,RG,4760,9,F,BB,AK,F
14:13:15,UNVR,RG,4760,1,F,BB,CS,F
14:13:15,UNVR,RG,4760,1,F,BB,CS,F
14:13:15,UNVR,RG,4760,30,F,BB,ZP,F
14:13:15,UNVR,RG,4760,20,F,BB,ZP,F
14:13:15,UNVR,RG,4760,1,F,BB,ZP,F
14:13:15,UNVR,RG,4760,2,F,BB,AK,F
14:13:14,UNVR,RG,4760,2,F,BK,AK,F
14:13:11,UNVR,RG,4760,8,F,BK,AK,F
14:13:11,UNVR,RG,4760,5,F,BK,DR,D
14:13:11,UNVR,RG,4760,45,F,BB,DR,D
14:12:40,UNVR,RG,4760,2,F,BB,AK,F
14:12:39,UNVR,RG,4760,2,F,BB,XC,D
14:12:37,UNVR,RG,4760,3,F,BB,AK,F
14:12:37,UNVR,RG,4760,11,D,RX,AK,F
14:12:34,UNVR,RG,4760,23,D,RX,AK,F
14:12:34,UNVR,RG,4760,4,D,RX,AK,F
14:12:34,UNVR,RG,4760,5,D,YP,AK,F
14:12:34,UNVR,RG,4760,15,F,BK,AK,F
14:12:34,UNVR,RG,4760,25,D,PD,AK,F
14:12:34,UNVR,RG,4760,10,D,CC,AK,F
14:12:34,UNVR,RG,4760,1,F,KZ,AK,F
14:12:34,UNVR,RG,4760,1,D,KK,AK,F
14:12:34,UNVR,RG,4760,1,D,XC,AK,F
14:12:34,UNVR,RG,4760,37,D,RX,AK,F
14:12:34,UNVR,RG,4760,15,F,BK,AK,F
14:12:34,UNVR,RG,4760,1,F,ZP,AK,F
14:12:34,UNVR,RG,4760,56,F,BB,AK,F
14:12:33,UNVR,RG,4770,1,D,XC,PG,D
14:12:22,UNVR,RG,4770,13,F,AK,PG,D
14:12:22,UNVR,RG,4770,16,F,AK,CC,D
14:12:21,UNVR,RG,4760,6,F,BB,AK,F
14:12:20,UNVR,RG,4760,40,F,BB,AG,D
14:12:18,UNVR,RG,4760,1,F,BB,AK,F
14:12:18,UNVR,RG,4760,2,F,BB,BB,F
14:12:08,UNVR,RG,4760,1,F,BB,AK,F
14:12:08,UNVR,RG,4760,8,F,BB,PD,D
14:11:53,UNVR,RG,4760,1,F,BB,AK,F
14:11:51,UNVR,RG,4770,2,D,PD,CC,D
14:11:50,UNVR,RG,4760,1,F,BB,AK,F
14:11:50,UNVR,RG,4760,7,F,BB,AK,F
14:11:49,UNVR,RG,4760,1,F,BB,PD,D
14:11:44,UNVR,RG,4760,1,F,BB,PD,D
14:10:57,UNVR,RG,4760,1,F,BB,NI,D
14:10:04,UNVR,RG,4760,1,F,BB,AK,F
14:10:01,UNVR,RG,4770,2,D,HP,CC,D
14:10:01,UNVR,RG,4760,1,F,BB,AK,F
14:09:58,UNVR,RG,4760,9,F,BB,AK,F
14:09:55,UNVR,RG,4760,57,F,BB,AK,F
14:09:43,UNVR,RG,4760,143,F,BB,EP,D
14:09:33,UNVR,RG,4760,1,D,SQ,AK,F
14:09:30,UNVR,RG,4760,4,F,BB,AK,F
14:09:24,UNVR,RG,4760,17,F,BB,AK,F
14:09:24,UNVR,RG,4760,50,D,LG,AK,F
14:09:21,UNVR,RG,4760,15,F,BB,AK,F
14:09:20,UNVR,RG,4760,15,F,BB,ZP,F
14:09:20,UNVR,RG,4760,2,F,BB,CS,F
14:09:20,UNVR,RG,4760,100,F,BB,DR,D
14:09:19,UNVR,RG,4750,24,D,EP,AK,F
14:09:19,UNVR,RG,4750,214,D,EP,EP,D
14:09:19,UNVR,RG,4760,69,F,AK,EP,D
14:09:19,UNVR,RG,4760,5,F,ZP,EP,D
14:09:19,UNVR,RG,4760,2,D,KK,EP,D
14:09:19,UNVR,RG,4760,2,D,PD,EP,D
14:09:19,UNVR,RG,4760,1,F,KZ,EP,D
14:09:19,UNVR,RG,4760,15,F,BK,EP,D
14:09:19,UNVR,RG,4760,3,D,CC,EP,D
14:09:19,UNVR,RG,4760,5,D,PD,EP,D
14:09:19,UNVR,RG,4760,27,D,ZP,EP,D
14:09:19,UNVR,RG,4760,15,F,BK,EP,D
14:09:19,UNVR,RG,4760,1,D,YP,EP,D
14:09:19,UNVR,RG,4760,41,F,BB,EP,D
14:09:18,UNVR,RG,4760,23,F,BB,AK,F
14:09:18,UNVR,RG,4760,2,D,XA,AK,F
14:09:18,UNVR,RG,4760,5,D,SQ,AK,F
14:09:18,UNVR,RG,4760,5,D,XC,AK,F
14:09:18,UNVR,RG,4760,2,F,BK,AK,F
14:09:18,UNVR,RG,4770,49,F,ZP,CC,D
14:09:18,UNVR,RG,4770,21,F,ZP,ZP,F
14:09:18,UNVR,RG,4770,22,F,ZP,ZP,F
14:09:18,UNVR,RG,4770,2,F,ZP,XC,D
14:09:18,UNVR,RG,4770,42,F,ZP,ZP,F
14:09:18,UNVR,RG,4770,2,F,ZP,BB,F
14:09:18,UNVR,RG,4770,20,F,ZP,AR,D
14:09:18,UNVR,RG,4770,7,F,ZP,YP,D
14:09:18,UNVR,RG,4770,3,F,ZP,XC,D
14:09:18,UNVR,RG,4770,2,F,ZP,ZP,F
14:09:18,UNVR,RG,4770,11,F,ZP,ZP,F
14:09:18,UNVR,RG,4770,89,F,ZP,AK,F
14:09:18,UNVR,RG,4770,6,F,ZP,AK,F
14:09:18,UNVR,RG,4770,234,F,ZP,CC,D
14:08:49,UNVR,RG,4760,1,F,BK,AK,F
14:08:46,UNVR,RG,4760,8,F,BK,AK,F
14:08:45,UNVR,RG,4760,4,F,BK,ZP,F
14:08:45,UNVR,RG,4760,1,D,YP,ZP,F
14:08:45,UNVR,RG,4760,10,D,YP,ZP,F
14:08:45,UNVR,RG,4760,1,D,YP,ZP,F
14:08:45,UNVR,RG,4760,10,D,YP,ZP,F
14:08:45,UNVR,RG,4760,1,F,ZP,ZP,F
14:08:45,UNVR,RG,4760,1,F,KZ,ZP,F
14:08:45,UNVR,RG,4760,5,D,SQ,ZP,F
14:08:45,UNVR,RG,4760,14,F,BK,ZP,F
14:08:43,UNVR,RG,4760,1,F,BK,AK,F
14:08:43,UNVR,RG,4760,3,D,PD,AK,F
14:08:40,UNVR,RG,4760,5,D,PD,AK,F
14:08:40,UNVR,RG,4760,2,D,PD,CC,D
14:08:40,UNVR,RG,4760,20,D,CC,CC,D
14:08:40,UNVR,RG,4760,28,D,NI,CC,D
14:07:53,UNVR,RG,4760,1,D,NI,AK,F
14:07:52,UNVR,RG,4760,5,D,NI,YP,D
14:07:50,UNVR,RG,4760,1,D,NI,AK,F
14:07:50,UNVR,RG,4760,9,D,NI,XC,D
14:07:45,UNVR,RG,4760,1,D,NI,AK,F
14:07:42,UNVR,RG,4760,2,D,NI,AK,F
14:07:42,UNVR,RG,4760,13,D,NI,XC,D
14:07:42,UNVR,RG,4760,3,F,AK,XC,D
14:07:34,UNVR,RG,4760,1,F,AK,AK,F
14:07:33,UNVR,RG,4760,1,F,AK,XC,D
14:07:23,UNVR,RG,4760,1,F,AK,AK,F
14:07:23,UNVR,RG,4760,7,F,AK,AK,F
14:07:22,UNVR,RG,4770,1,D,PD,CC,D
14:06:59,UNVR,RG,4770,1,D,PD,CC,D
14:06:58,UNVR,RG,4760,1,F,AK,BQ,D
14:06:38,UNVR,RG,4760,1,F,AK,AK,F
14:06:35,UNVR,RG,4760,1,F,AK,AK,F
14:06:34,UNVR,RG,4760,1,F,AK,XC,D
14:06:34,UNVR,RG,4760,3,F,AK,YP,D
14:06:33,UNVR,RG,4770,3,D,PD,CC,D
14:06:32,UNVR,RG,4760,3,F,AK,AK,F
14:06:32,UNVR,RG,4760,19,F,AK,DH,D
14:06:32,UNVR,RG,4760,1,F,BB,DH,D
14:06:14,UNVR,RG,4760,1,F,BB,AK,F
14:06:11,UNVR,RG,4760,1,F,BB,AK,F
14:06:10,UNVR,RG,4760,3,F,BB,YU,D
14:06:08,UNVR,RG,4760,3,F,BB,AK,F
14:06:05,UNVR,RG,4760,24,F,BB,AK,F
14:06:05,UNVR,RG,4760,15,F,BB,SA,D
14:06:05,UNVR,RG,4760,35,F,BK,SA,D
14:06:01,UNVR,RG,4770,3,D,XC,CC,D
14:05:48,UNVR,RG,4770,95,F,ZP,CC,D
14:05:35,UNVR,RG,4760,1,F,BK,AK,F
14:05:32,UNVR,RG,4760,4,F,BK,AK,F
14:05:29,UNVR,RG,4760,1,F,BK,AK,F
14:05:29,UNVR,RG,4760,4,D,RX,AK,F
14:05:26,UNVR,RG,4760,20,D,RX,EP,D
14:04:46,UNVR,RG,4760,4,D,RX,BQ,D
14:04:45,UNVR,RG,4760,1,D,RX,AK,F
14:04:39,UNVR,RG,4760,23,D,RX,AK,F
14:04:38,UNVR,RG,4770,3,D,SQ,CC,D
14:04:35,UNVR,RG,4770,1,D,PD,CC,D
14:04:29,UNVR,RG,4770,2,D,PD,CC,D
14:04:13,UNVR,RG,4760,5,D,RX,AK,F
14:04:12,UNVR,RG,4760,3,D,RX,YP,D
14:03:48,UNVR,RG,4760,3,D,RX,DH,D
14:02:54,UNVR,RG,4760,1,D,RX,YP,D
14:02:53,UNVR,RG,4770,65,F,ZP,CC,D
14:02:52,UNVR,RG,4760,1,D,RX,AK,F
14:02:51,UNVR,RG,4760,72,D,RX,AK,F
14:02:36,UNVR,RG,4760,18,F,BB,AK,F
14:02:33,UNVR,RG,4760,2,F,AK,AK,F
14:02:33,UNVR,RG,4760,2,F,AK,CS,F
14:02:33,UNVR,RG,4760,12,F,AK,ZP,F
14:02:33,UNVR,RG,4760,4,F,BB,ZP,F
14:02:33,UNVR,RG,4760,6,F,AK,ZP,F
14:02:33,UNVR,RG,4760,4,F,AK,XC,D
14:02:26,UNVR,RG,4760,11,D,XC,AK,F
14:02:22,UNVR,RG,4750,90,D,EP,YP,D
14:02:16,UNVR,RG,4750,20,D,EP,PD,D
14:01:49,UNVR,RG,4760,1,F,KZ,AK,F
14:01:31,UNVR,RG,4760,19,F,AK,AK,F
14:01:30,UNVR,RG,4760,15,F,BB,ZP,F
14:01:30,UNVR,RG,4760,4,F,BB,ZP,F
14:01:30,UNVR,RG,4760,4,F,AK,AK,F
14:01:18,UNVR,RG,4770,2,D,PD,CC,D
14:01:12,UNVR,RG,4770,90,F,ZP,CC,D
14:01:12,UNVR,RG,4770,2,F,ZP,AK,F
14:01:12,UNVR,RG,4770,3,F,ZP,AK,F
14:01:12,UNVR,RG,4770,2,F,ZP,AK,F
14:01:12,UNVR,RG,4770,3,F,ZP,AK,F
14:01:06,UNVR,RG,4750,45,D,EP,SQ,D
14:01:02,UNVR,RG,4750,1,D,EP,CP,D
14:00:45,UNVR,RG,4760,25,F,BB,AK,F
14:00:45,UNVR,RG,4760,2,F,BB,BB,F
14:00:45,UNVR,RG,4760,27,F,AK,AK,F
14:00:41,UNVR,RG,4760,4,F,BB,AK,F
14:00:41,UNVR,RG,4760,4,F,BB,OD,D
14:00:36,UNVR,RG,4760,11,D,YP,AK,F
14:00:15,UNVR,RG,4760,10,F,BB,AK,F
14:00:15,UNVR,RG,4760,10,F,BB,AK,F
13:59:44,UNVR,RG,4770,1,D,YP,AK,F
13:59:18,UNVR,RG,4780,128,F,ZP,CC,D
13:59:17,UNVR,RG,4770,34,F,ZP,AK,F
13:59:17,UNVR,RG,4770,2,F,ZP,CC,D
13:59:17,UNVR,RG,4770,79,F,ZP,DR,D
13:59:17,UNVR,RG,4770,157,F,ZP,CC,D
13:59:17,UNVR,RG,4770,4,F,ZP,ZP,D
13:59:17,UNVR,RG,4770,4,F,ZP,AK,F
13:59:17,UNVR,RG,4770,47,F,ZP,AK,F
13:59:17,UNVR,RG,4770,2,F,ZP,SQ,D
13:59:17,UNVR,RG,4770,1,F,ZP,CS,F
13:59:17,UNVR,RG,4770,12,F,ZP,CC,F
13:59:17,UNVR,RG,4770,13,F,ZP,ZP,F
13:59:17,UNVR,RG,4770,3,F,ZP,XC,D
13:59:17,UNVR,RG,4770,54,F,ZP,CC,D
13:59:00,UNVR,RG,4760,21,F,BB,ZP,F
13:59:00,UNVR,RG,4760,29,F,BB,ZP,F
13:59:00,UNVR,RG,4760,7,F,BB,AK,F
13:58:02,UNVR,RG,4770,96,F,ZP,CC,D
13:58:02,UNVR,RG,4770,152,F,ZP,AK,F
13:58:02,UNVR,RG,4770,37,F,ZP,AK,F
13:58:01,UNVR,RG,4750,78,D,EP,AZ,D
13:57:56,UNVR,RG,4760,15,F,BB,ZP,F
13:57:56,UNVR,RG,4760,5,F,BB,XL,D
13:57:42,UNVR,RG,4750,103,D,EP,DR,D
13:57:42,UNVR,RG,4750,2,D,SQ,DR,D
13:57:42,UNVR,RG,4750,1,F,ZP,DR,D
13:57:42,UNVR,RG,4750,5,D,GR,DR,D
13:57:42,UNVR,RG,4750,5,D,YP,DR,D
13:57:42,UNVR,RG,4750,52,D,NI,DR,D
13:57:42,UNVR,RG,4750,5,D,NI,DR,D
13:57:42,UNVR,RG,4750,10,D,XC,DR,D
13:57:42,UNVR,RG,4750,1,D,XC,DR,D
13:57:42,UNVR,RG,4750,1,D,XC,DR,D
13:57:42,UNVR,RG,4750,100,D,YP,DR,D
13:57:42,UNVR,RG,4750,5,D,YP,DR,D
13:57:42,UNVR,RG,4750,1,D,YP,DR,D
13:57:42,UNVR,RG,4750,1,D,XL,DR,D
13:57:42,UNVR,RG,4750,9,D,CC,DR,D
13:57:42,UNVR,RG,4750,1,D,CC,DR,D
13:57:42,UNVR,RG,4750,5,D,PD,DR,D
13:57:42,UNVR,RG,4750,1,D,PD,DR,D
13:57:42,UNVR,RG,4750,1,D,YP,DR,D
13:57:42,UNVR,RG,4750,2,D,PD,DR,D
13:57:42,UNVR,RG,4750,50,D,LG,DR,D
13:57:42,UNVR,RG,4750,1,D,PD,DR,D
13:57:42,UNVR,RG,4750,5,D,SQ,DR,D
13:57:42,UNVR,RG,4750,1,D,KK,DR,D
13:57:42,UNVR,RG,4750,18,D,AO,DR,D
13:57:42,UNVR,RG,4750,7,D,KK,DR,D
13:57:42,UNVR,RG,4750,10,D,EP,DR,D
13:57:42,UNVR,RG,4750,2,D,AZ,DR,D
13:57:42,UNVR,RG,4750,10,D,DR,DR,D
13:57:42,UNVR,RG,4750,1,D,EP,DR,D
13:57:42,UNVR,RG,4750,1,D,XC,DR,D
13:57:42,UNVR,RG,4750,2,D,PD,DR,D
13:57:42,UNVR,RG,4750,10,D,OD,DR,D
13:57:42,UNVR,RG,4750,1,D,PD,DR,D
13:57:42,UNVR,RG,4750,100,D,DR,DR,D
13:57:42,UNVR,RG,4750,1,D,NI,DR,D
13:57:42,UNVR,RG,4750,5,D,PD,DR,D
13:57:42,UNVR,RG,4750,8,D,DX,DR,D
13:57:42,UNVR,RG,4750,6,D,CP,DR,D
13:57:30,UNVR,RG,4760,3,F,AK,AK,F
13:57:30,UNVR,RG,4760,3,F,AK,CC,F
13:57:30,UNVR,RG,4750,4,D,CP,DR,D
13:57:30,UNVR,RG,4750,3,D,CC,DR,D
13:57:30,UNVR,RG,4750,69,D,DR,DR,D
13:57:30,UNVR,RG,4760,2,F,KZ,DR,D
13:57:30,UNVR,RG,4760,5,F,AK,DR,D
13:57:30,UNVR,RG,4760,417,F,BB,DR,D
13:56:42,UNVR,RG,4770,22,F,ZP,AK,F
13:56:42,UNVR,RG,4770,2,F,ZP,BB,F
13:56:42,UNVR,RG,4770,2,F,ZP,CS,F
13:56:42,UNVR,RG,4770,500,F,ZP,CC,D
13:56:42,UNVR,RG,4770,14,F,ZP,EP,D
13:56:41,UNVR,RG,4760,17,F,BB,AK,F
13:56:38,UNVR,RG,4760,50,D,LG,AK,F
13:56:23,UNVR,RG,4780,165,F,ZP,CC,D
13:56:23,UNVR,RG,4780,10,F,ZP,PD,D
13:56:23,UNVR,RG,4780,25,F,ZP,PD,D
13:56:23,UNVR,RG,4780,2,F,ZP,AK,F
13:56:23,UNVR,RG,4780,6,F,ZP,AK,F
13:56:23,UNVR,RG,4780,3,F,ZP,AK,F
13:56:23,UNVR,RG,4780,43,F,ZP,AK,F
13:56:23,UNVR,RG,4780,2,F,ZP,ZP,F
13:56:23,UNVR,RG,4780,394,F,ZP,KK,D
13:56:23,UNVR,RG,4780,85,F,ZP,YU,D
13:56:22,UNVR,RG,4770,2,F,ZP,CS,F
13:56:22,UNVR,RG,4770,50,F,ZP,AK,F
13:56:22,UNVR,RG,4770,181,F,ZP,AK,F
13:56:22,UNVR,RG,4770,3,F,ZP,CC,F
13:56:22,UNVR,RG,4770,10,F,ZP,YP,D
13:56:22,UNVR,RG,4770,34,F,ZP,ZP,F
13:56:22,UNVR,RG,4770,20,F,ZP,YP,D
13:56:22,UNVR,RG,4770,10,F,ZP,EP,D
13:56:22,UNVR,RG,4770,1,F,ZP,YP,D
13:56:22,UNVR,RG,4770,46,F,ZP,ZP,F
13:56:22,UNVR,RG,4770,1,F,ZP,YP,D
13:56:22,UNVR,RG,4770,4,F,ZP,AK,F
13:56:22,UNVR,RG,4770,90,F,ZP,AK,F
13:56:22,UNVR,RG,4770,1,F,ZP,PD,D
13:56:22,UNVR,RG,4770,252,F,ZP,CC,D
13:56:15,UNVR,RG,4760,70,F,BB,ZP,F
13:56:15,UNVR,RG,4760,198,F,BB,AK,F
13:56:11,UNVR,RG,4760,5,F,BB,BB,F
13:56:11,UNVR,RG,4760,3,F,BB,ZP,F
13:56:11,UNVR,RG,4760,12,D,ZP,ZP,F
13:56:11,UNVR,RG,4760,20,D,ZP,ZP,F
13:56:09,UNVR,RG,4760,2,F,BB,ZP,F
13:56:09,UNVR,RG,4760,55,F,BB,ZP,F
13:56:09,UNVR,RG,4760,103,F,BB,AK,F
13:56:09,UNVR,RG,4750,31,D,DR,DR,D
13:56:09,UNVR,RG,4750,1,D,YP,DR,D
13:56:09,UNVR,RG,4750,1,D,YP,DR,D
13:56:09,UNVR,RG,4750,1,D,CC,DR,D
13:56:09,UNVR,RG,4750,3,D,YP,DR,D
13:56:09,UNVR,RG,4750,3,D,DH,DR,D
13:56:09,UNVR,RG,4750,1,D,YP,DR,D
13:56:09,UNVR,RG,4750,25,D,NI,DR,D
13:56:09,UNVR,RG,4750,5,D,SQ,DR,D
13:56:09,UNVR,RG,4750,1,D,KK,DR,D
13:56:09,UNVR,RG,4750,1,D,PD,DR,D
13:56:09,UNVR,RG,4750,41,D,XL,DR,D
13:56:09,UNVR,RG,4750,2,D,XL,DR,D
13:56:09,UNVR,RG,4750,1,D,CC,DR,D
13:56:09,UNVR,RG,4750,3,D,PD,DR,D
13:56:09,UNVR,RG,4750,40,D,LG,DR,D
13:56:09,UNVR,RG,4750,6,F,BK,DR,D
13:56:09,UNVR,RG,4750,2,D,YP,DR,D
13:56:09,UNVR,RG,4750,3,D,YP,DR,D
13:56:09,UNVR,RG,4750,30,D,KK,DR,D
13:56:09,UNVR,RG,4750,14,F,BK,DR,D
13:56:09,UNVR,RG,4750,12,D,PD,DR,D
13:56:09,UNVR,RG,4750,1,D,PD,DR,D
13:56:09,UNVR,RG,4750,10,D,DR,DR,D
13:56:09,UNVR,RG,4750,5,D,DH,DR,D
13:56:09,UNVR,RG,4750,1,D,EP,DR,D
13:56:09,UNVR,RG,4750,25,D,YP,DR,D
13:56:09,UNVR,RG,4750,1,D,XC,DR,D
13:56:09,UNVR,RG,4750,1,D,XC,DR,D
13:56:09,UNVR,RG,4750,197,D,CC,DR,D
13:56:09,UNVR,RG,4760,244,F,BB,DR,D
13:56:09,UNVR,RG,4760,1,F,KZ,DR,D
13:56:09,UNVR,RG,4760,51,F,BB,DR,D
13:56:09,UNVR,RG,4760,30,D,PD,DR,D
13:56:09,UNVR,RG,4760,4,D,XC,DR,D
13:56:09,UNVR,RG,4760,24,D,DH,DR,D
13:56:09,UNVR,RG,4760,71,D,RX,DR,D
13:56:09,UNVR,RG,4760,60,D,XL,DR,D
13:56:09,UNVR,RG,4760,3,D,GR,DR,D
13:56:09,UNVR,RG,4760,1,D,PD,DR,D
13:56:09,UNVR,RG,4760,19,D,ZP,DR,D
13:56:09,UNVR,RG,4760,28,F,ZP,DR,D
13:56:09,UNVR,RG,4760,1,D,YP,DR,D
13:56:09,UNVR,RG,4760,14,F,BK,DR,D
13:56:09,UNVR,RG,4760,9,D,KK,DR,D
13:56:09,UNVR,RG,4760,40,D,YP,DR,D
13:56:09,UNVR,RG,4760,4,D,NI,DR,D
13:56:09,UNVR,RG,4760,5,D,MK,DR,D
13:56:09,UNVR,RG,4760,1,D,XL,DR,D
13:56:09,UNVR,RG,4760,1,D,NI,DR,D
13:56:09,UNVR,RG,4760,136,D,RX,DR,D
13:56:09,UNVR,RG,4760,16,F,BK,DR,D
13:56:09,UNVR,RG,4760,15,D,ZP,DR,D
13:56:09,UNVR,RG,4760,6,F,AK,DR,D
13:56:09,UNVR,RG,4760,1,D,PD,DR,D
13:56:09,UNVR,RG,4760,1,D,XC,DR,D
13:56:09,UNVR,RG,4760,22,F,BK,DR,D
13:56:09,UNVR,RG,4760,6,F,AK,DR,D
13:56:09,UNVR,RG,4760,5,F,AK,DR,D
13:56:09,UNVR,RG,4760,6,F,AK,DR,D
13:56:09,UNVR,RG,4760,80,F,BK,DR,D
13:56:09,UNVR,RG,4760,427,D,EP,DR,D
13:56:02,UNVR,RG,4760,5,D,EP,AK,F
13:56:02,UNVR,RG,4760,25,D,EP,NI,D
13:55:45,UNVR,RG,4760,10,D,EP,YP,D
13:55:38,UNVR,RG,4760,1,D,EP,AK,F
13:55:35,UNVR,RG,4760,2,D,EP,AK,F
13:55:32,UNVR,RG,4760,17,D,EP,AK,F
13:55:24,UNVR,RG,4760,103,D,EP,AK,F
13:55:24,UNVR,RG,4760,4410,D,EP,ZP,D
13:55:24,UNVR,RG,4760,25,D,RX,ZP,D
13:55:24,UNVR,RG,4760,47,F,BB,ZP,D
13:55:24,UNVR,RG,4760,18,D,ZP,ZP,D
13:55:18,UNVR,RG,4760,5,D,ZP,RO,D
13:54:58,UNVR,RG,4760,2,D,ZP,NI,D
13:54:19,UNVR,RG,4760,5,D,ZP,AK,F
13:54:19,UNVR,RG,4760,39,F,AK,AK,F
13:54:11,UNVR,RG,4760,1,F,AK,XC,D
13:53:58,UNVR,RG,4760,1,F,AK,XC,D
13:53:55,UNVR,RG,4770,1,F,KZ,CC,D
13:53:13,UNVR,RG,4760,10,F,AK,XA,D
13:53:13,UNVR,RG,4760,16,F,BK,XA,D
13:53:13,UNVR,RG,4760,2,D,YP,XA,D
13:52:42,UNVR,RG,4770,13,D,XA,CC,D
13:52:30,UNVR,RG,4760,9,D,YP,AK,F
13:52:22,UNVR,RG,4770,6,F,ZP,CC,D
13:52:21,UNVR,RG,4770,13,D,RX,CC,D
13:52:13,UNVR,RG,4770,1,F,KZ,CC,D
13:52:10,UNVR,RG,4770,1,F,KZ,CC,D
13:51:46,UNVR,RG,4770,3,D,XA,CC,D
13:51:41,UNVR,RG,4770,6,D,OD,CC,D
13:51:39,UNVR,RG,4770,12,D,RX,CC,D
13:51:11,UNVR,RG,4770,11,D,YP,CC,D
13:50:45,UNVR,RG,4770,50,D,PD,CC,D
13:50:35,UNVR,RG,4770,131,F,ZP,CC,D
13:50:35,UNVR,RG,4770,4,F,ZP,BB,F
13:50:35,UNVR,RG,4770,7,F,ZP,AK,F
13:50:35,UNVR,RG,4770,5,F,ZP,AK,F
13:50:35,UNVR,RG,4770,13,F,ZP,ZP,F
13:50:22,UNVR,RG,4770,1,F,ZP,ZP,F
13:50:22,UNVR,RG,4770,11,D,AZ,ZP,F
13:50:01,UNVR,RG,4770,30,D,RX,ZP,F
13:49:55,UNVR,RG,4770,8,F,ZP,ZP,F
13:49:55,UNVR,RG,4770,6,F,ZP,BB,F
13:49:55,UNVR,RG,4770,1,F,ZP,CS,F
13:49:55,UNVR,RG,4770,2,F,ZP,CS,F
13:49:55,UNVR,RG,4770,35,F,AK,AK,F
13:49:55,UNVR,RG,4770,20,F,AK,EP,D
13:49:55,UNVR,RG,4770,6,F,AK,KK,D
13:49:55,UNVR,RG,4770,15,F,AK,ZP,F
13:49:55,UNVR,RG,4770,46,F,AK,ZP,F
13:49:55,UNVR,RG,4770,17,F,AK,XC,D
13:49:55,UNVR,RG,4770,25,F,AK,YP,D
13:49:55,UNVR,RG,4770,1,F,AK,PD,D
13:49:55,UNVR,RG,4770,10,F,AK,XC,D
13:49:55,UNVR,RG,4770,20,F,AK,ZP,F
13:49:55,UNVR,RG,4770,2,F,AK,CC,D
13:49:55,UNVR,RG,4770,5,F,AK,CC,D
13:49:55,UNVR,RG,4770,30,F,AK,ZP,F
13:49:55,UNVR,RG,4770,37,F,AK,ZP,F
13:49:55,UNVR,RG,4770,2,F,AK,CS,F
13:49:55,UNVR,RG,4770,15,F,AK,ZP,F
13:49:55,UNVR,RG,4770,8,F,AK,AK,F
13:49:55,UNVR,RG,4770,2,F,AK,BB,F
13:49:55,UNVR,RG,4770,80,F,AK,AK,F
13:49:55,UNVR,RG,4770,2,F,AK,AK,F
13:49:55,UNVR,RG,4770,5,F,AK,AK,F
13:49:55,UNVR,RG,4770,3,F,AK,AK,F
13:49:55,UNVR,RG,4770,38,F,AK,AK,F
13:49:55,UNVR,RG,4770,13,F,AK,CC,D
13:49:55,UNVR,RG,4770,100,D,PD,CC,D
13:49:49,UNVR,RG,4760,21,D,YP,AK,F
13:49:45,UNVR,RG,4760,1,D,YP,AK,F
13:49:34,UNVR,RG,4770,4,D,ZP,CC,D
13:49:09,UNVR,RG,4770,30,D,RX,CC,D
13:49:06,UNVR,RG,4770,1,D,YP,CC,D
13:48:59,UNVR,RG,4760,19,D,YP,AK,F
13:48:59,UNVR,RG,4760,1,D,YP,AK,F
13:48:41,UNVR,RG,4770,5,D,OD,CC,D
13:48:39,UNVR,RG,4760,1,D,YP,PD,D
13:48:15,UNVR,RG,4760,1,D,YP,AK,F
13:47:47,UNVR,RG,4770,1,D,YU,CC,D
13:47:45,UNVR,RG,4760,1,D,YP,AK,F
13:47:42,UNVR,RG,4770,9,D,ZP,CC,D
13:47:33,UNVR,RG,4760,1,D,YP,XC,D
13:47:28,UNVR,RG,4760,2,D,YP,LG,D
13:47:00,UNVR,RG,4760,4,D,YP,AK,F
13:46:47,UNVR,RG,4760,1,D,YP,EP,D
13:46:01,UNVR,RG,4770,2,D,AZ,CC,D
13:45:45,UNVR,RG,4760,1,D,YP,AK,F
13:45:21,UNVR,RG,4770,1,D,XC,CC,D
13:45:04,UNVR,RG,4770,61,F,AK,CC,D
13:45:04,UNVR,RG,4770,8,D,YP,CC,D
13:44:49,UNVR,RG,4760,25,D,YP,SQ,D
13:44:49,UNVR,RG,4770,1,D,YP,CC,D
13:44:47,UNVR,RG,4760,1,D,YP,YP,D
13:44:30,UNVR,RG,4760,3,D,YP,AK,F
13:44:23,UNVR,RG,4760,8,D,YP,AK,F
13:44:23,UNVR,RG,4760,14,D,YP,AK,F
13:44:23,UNVR,RG,4760,2,D,PD,AK,F
13:44:22,UNVR,RG,4760,1,D,YP,AK,F
13:43:59,UNVR,RG,4760,4,D,YP,RO,D
13:43:59,UNVR,RG,4760,1,D,XC,RO,D
13:43:59,UNVR,RG,4760,21,D,RX,RO,D
13:43:59,UNVR,RG,4760,16,F,BK,RO,D
13:43:59,UNVR,RG,4760,3,D,XA,RO,D
13:43:59,UNVR,RG,4760,2,F,ZP,RO,D
13:43:59,UNVR,RG,4760,21,D,RX,RO,D
13:43:59,UNVR,RG,4760,7,F,BB,RO,D
13:43:59,UNVR,RG,4760,16,F,BK,RO,D
13:43:59,UNVR,RG,4760,9,F,ZP,RO,D
13:43:30,UNVR,RG,4760,1,D,PD,AK,F
13:42:20,UNVR,RG,4770,160,F,ZP,CC,D
13:42:02,UNVR,RG,4770,1,D,XC,CC,D
13:41:34,UNVR,RG,4770,1,D,YP,CC,D
13:41:22,UNVR,RG,4760,1,D,PD,AK,F
13:40:30,UNVR,RG,4760,1,D,PD,AK,F
13:39:30,UNVR,RG,4770,102,F,ZP,CC,D
13:39:30,UNVR,RG,4770,1,F,ZP,AK,F
13:39:30,UNVR,RG,4770,1,F,ZP,XC,D
13:39:30,UNVR,RG,4770,65,F,ZP,AK,F
13:39:30,UNVR,RG,4770,1,F,ZP,ZP,F
13:39:22,UNVR,RG,4760,15,F,BB,AK,F
13:39:22,UNVR,RG,4760,34,D,RX,AK,F
13:39:22,UNVR,RG,4760,16,F,BK,AK,F
13:39:22,UNVR,RG,4760,5,F,AK,AK,F
13:39:22,UNVR,RG,4760,33,D,DR,AK,F
13:39:22,UNVR,RG,4760,1,D,DR,AK,F
13:38:44,UNVR,RG,4770,33,F,ZP,ZP,F
13:38:44,UNVR,RG,4770,10,F,ZP,PD,D
13:38:44,UNVR,RG,4770,2,F,ZP,AK,F
13:38:44,UNVR,RG,4770,29,F,ZP,AK,F
13:38:44,UNVR,RG,4770,3,F,ZP,BB,F
13:38:44,UNVR,RG,4770,21,F,ZP,ZP,F
13:38:44,UNVR,RG,4770,16,F,ZP,ZP,F
13:38:44,UNVR,RG,4770,2,F,ZP,CS,F
13:38:44,UNVR,RG,4770,44,F,ZP,EP,D
13:38:30,UNVR,RG,4760,1,D,DR,AK,F
13:37:57,UNVR,RG,4760,165,D,DR,EP,D
13:37:57,UNVR,RG,4760,1,D,XC,EP,D
13:37:57,UNVR,RG,4760,15,F,BK,EP,D
13:37:57,UNVR,RG,4760,5,D,XC,EP,D
13:37:57,UNVR,RG,4760,5,D,XC,EP,D
13:37:57,UNVR,RG,4760,21,D,RX,EP,D
13:37:57,UNVR,RG,4760,41,F,AK,EP,D
13:37:57,UNVR,RG,4760,1,D,PD,EP,D
13:37:57,UNVR,RG,4760,14,F,BK,EP,D
13:37:57,UNVR,RG,4760,3,F,ZP,EP,D
13:37:57,UNVR,RG,4760,29,D,LG,EP,D
13:37:45,UNVR,RG,4770,2,D,XC,EP,D
13:37:00,UNVR,RG,4760,1,D,LG,AK,F
13:36:40,UNVR,RG,4760,2,D,LG,PD,D
13:36:37,UNVR,RG,4760,18,D,LG,PD,D
13:36:07,UNVR,RG,4760,4,D,LG,CP,D
13:36:06,UNVR,RG,4760,6,F,AK,NI,D
13:36:06,UNVR,RG,4760,4,F,AK,NI,D
13:35:22,UNVR,RG,4760,1,F,AK,AK,F
13:35:17,UNVR,RG,4770,1,D,XC,EP,D
13:35:07,UNVR,RG,4770,42,D,XC,EP,D
13:35:07,UNVR,RG,4770,1,D,XC,EP,D
13:35:07,UNVR,RG,4770,15,F,BK,EP,D
13:35:07,UNVR,RG,4770,27,D,RX,EP,D
13:35:07,UNVR,RG,4770,1,F,ZP,EP,D
13:35:07,UNVR,RG,4770,1,D,YP,EP,D
13:35:07,UNVR,RG,4770,18,F,BK,EP,D
13:35:07,UNVR,RG,4770,1,F,KZ,EP,D
13:35:07,UNVR,RG,4770,47,D,RX,EP,D
13:34:53,UNVR,RG,4770,1,D,RX,PD,D
13:34:45,UNVR,RG,4770,4,D,RX,YB,D
13:34:36,UNVR,RG,4780,14,D,RX,YU,D
13:34:14,UNVR,RG,4780,1,D,YP,YU,D
13:34:14,UNVR,RG,4780,11,D,YP,ZP,F
13:34:09,UNVR,RG,4780,5,D,YP,ZP,F
13:34:01,UNVR,RG,4780,4,D,YP,ZP,F
13:33:59,UNVR,RG,4780,7,D,RX,ZP,F
13:33:59,UNVR,RG,4780,1,D,RX,BB,F
13:33:59,UNVR,RG,4780,2,D,RX,XL,D
13:33:59,UNVR,RG,4780,4,D,RX,AK,F
13:33:59,UNVR,RG,4780,1,D,RX,AK,F
13:32:55,UNVR,RG,4780,1,D,PD,AK,F
13:32:55,UNVR,RG,4780,2,D,PD,AK,F
13:32:55,UNVR,RG,4780,2,D,PD,YP,D
13:32:43,UNVR,RG,4780,1,F,KZ,YP,D
13:32:43,UNVR,RG,4780,1,F,KZ,YP,D
13:32:43,UNVR,RG,4780,1,F,KZ,YP,D
13:32:43,UNVR,RG,4780,1,F,KZ,YP,D
13:32:43,UNVR,RG,4780,1,F,KZ,YP,D
13:32:43,UNVR,RG,4780,1,F,KZ,YP,D
13:32:43,UNVR,RG,4780,1,F,KZ,YP,D
13:32:42,UNVR,RG,4780,1,D,CC,YP,D
13:32:32,UNVR,RG,4790,9,F,ZP,YP,D
13:32:32,UNVR,RG,4780,3,F,ZP,AK,F
13:32:19,UNVR,RG,4780,4,F,ZP,ZP,F
13:32:19,UNVR,RG,4780,15,F,ZP,TP,D
13:32:19,UNVR,RG,4780,19,F,ZP,AK,F
13:32:19,UNVR,RG,4780,5,F,ZP,AK,F
13:32:14,UNVR,RG,4780,41,F,ZP,AK,F
13:32:04,UNVR,RG,4780,5,F,ZP,AK,F
13:32:04,UNVR,RG,4780,37,F,ZP,BK,F
13:31:26,UNVR,RG,4790,2,F,ZP,YP,D
13:31:26,UNVR,RG,4790,42,F,ZP,DH,D
13:31:26,UNVR,RG,4790,7,F,ZP,PD,D
13:31:25,UNVR,RG,4780,11,F,ZP,AK,F
13:31:25,UNVR,RG,4780,28,F,ZP,ZP,F
13:31:25,UNVR,RG,4780,37,F,ZP,BK,F
13:31:25,UNVR,RG,4780,95,F,ZP,AK,F
13:31:24,UNVR,RG,4780,1,F,ZP,XL,D
13:31:24,UNVR,RG,4780,48,F,ZP,AK,F
13:31:24,UNVR,RG,4780,100,F,ZP,YU,D
13:31:24,UNVR,RG,4780,5,F,ZP,CC,F
13:31:24,UNVR,RG,4780,1,F,ZP,AK,F
13:31:24,UNVR,RG,4780,42,F,ZP,BK,F
13:31:24,UNVR,RG,4780,1,F,ZP,AK,F
13:31:24,UNVR,RG,4780,6,F,ZP,ZP,F
13:31:24,UNVR,RG,4780,73,F,ZP,AK,F
13:31:24,UNVR,RG,4780,1,F,ZP,NI,D
13:31:24,UNVR,RG,4780,40,F,ZP,CC,D
13:31:24,UNVR,RG,4780,1,F,ZP,XL,D
13:31:24,UNVR,RG,4780,5,F,ZP,XL,D
13:31:24,UNVR,RG,4780,1,F,ZP,PD,D
13:31:24,UNVR,RG,4780,1,F,ZP,PD,D
13:31:24,UNVR,RG,4780,10,F,ZP,GR,D
13:31:24,UNVR,RG,4780,1,F,ZP,SQ,D
13:31:24,UNVR,RG,4780,1,F,ZP,OD,F
13:31:24,UNVR,RG,4780,21,F,ZP,ZP,F
13:31:24,UNVR,RG,4780,1,F,ZP,KK,D
13:31:24,UNVR,RG,4780,33,F,ZP,NI,D
13:31:24,UNVR,RG,4780,1,F,ZP,PD,D
13:31:24,UNVR,RG,4780,1,F,ZP,NI,D
13:31:24,UNVR,RG,4780,8,F,ZP,YP,D
13:31:24,UNVR,RG,4780,3,F,ZP,PD,D
13:31:24,UNVR,RG,4780,1,F,ZP,ZP,F
13:31:24,UNVR,RG,4780,1,F,ZP,YP,D
13:31:24,UNVR,RG,4780,1,F,ZP,XL,D
13:31:24,UNVR,RG,4780,5,F,ZP,NI,D
13:31:24,UNVR,RG,4780,1,F,ZP,PD,D
13:31:24,UNVR,RG,4780,10,F,ZP,CC,D
13:31:24,UNVR,RG,4780,1,F,ZP,PD,D
13:31:24,UNVR,RG,4780,20,F,ZP,KK,D
13:31:24,UNVR,RG,4780,18,F,ZP,SQ,D
13:31:24,UNVR,RG,4780,3,F,ZP,PD,D
13:31:24,UNVR,RG,4780,53,F,ZP,LG,D
13:31:19,UNVR,RG,4750,303,D,CC,PD,D
13:31:19,UNVR,RG,4750,1,D,PD,PD,D
13:31:19,UNVR,RG,4750,1,D,PD,PD,D
13:31:19,UNVR,RG,4750,2,D,XC,PD,D
13:31:19,UNVR,RG,4750,1,D,DR,PD,D
13:31:19,UNVR,RG,4750,5,D,XC,PD,D
13:31:19,UNVR,RG,4750,10,D,KK,PD,D
13:31:19,UNVR,RG,4750,1,D,PD,PD,D
13:31:19,UNVR,RG,4750,2,D,YP,PD,D
13:31:19,UNVR,RG,4750,5,D,CC,PD,D
13:31:19,UNVR,RG,4750,1,D,SQ,PD,D
13:31:19,UNVR,RG,4750,5,D,XC,PD,D
13:30:57,UNVR,RG,4750,2,D,XC,AT,D
13:30:11,UNVR,RG,4780,47,F,ZP,LG,D
13:30:11,UNVR,RG,4780,1,F,ZP,YP,D
13:30:11,UNVR,RG,4780,5,F,ZP,PD,D
13:30:11,UNVR,RG,4780,25,F,ZP,PD,D
13:30:11,UNVR,RG,4780,200,F,ZP,CC,D
13:30:11,UNVR,RG,4780,10,F,ZP,NI,D
13:30:11,UNVR,RG,4780,2,F,ZP,XC,D
13:30:11,UNVR,RG,4780,6,F,ZP,LG,D
13:30:11,UNVR,RG,4780,7,F,ZP,XC,D
13:30:11,UNVR,RG,4780,1,F,ZP,CC,D
13:30:11,UNVR,RG,4780,24,F,ZP,ZP,F
13:30:11,UNVR,RG,4780,1,F,ZP,YP,D
13:30:11,UNVR,RG,4780,1,F,ZP,EP,D
13:30:11,UNVR,RG,4780,1,F,ZP,EP,D
13:30:11,UNVR,RG,4780,2,F,ZP,NI,D
13:30:11,UNVR,RG,4780,1,F,ZP,LG,D
13:30:11,UNVR,RG,4780,45,F,ZP,DR,D
13:30:11,UNVR,RG,4780,1,F,ZP,PD,D
13:30:11,UNVR,RG,4780,5,F,ZP,YP,D
13:30:11,UNVR,RG,4780,229,F,ZP,YJ,D
13:30:11,UNVR,RG,4770,78,F,ZP,AK,F
13:30:10,UNVR,RG,4770,75,F,ZP,AK,F
13:30:10,UNVR,RG,4770,1,F,ZP,AK,F
13:30:10,UNVR,RG,4770,5,F,ZP,AK,F
13:30:10,UNVR,RG,4770,8,F,ZP,AK,F
13:30:10,UNVR,RG,4770,4,F,ZP,AK,F
13:30:10,UNVR,RG,4770,63,F,ZP,XL,D
13:30:10,UNVR,RG,4770,30,F,ZP,ZP,F
13:30:10,UNVR,RG,4770,45,F,ZP,AK,F
13:30:10,UNVR,RG,4770,3,F,ZP,XC,D
13:30:10,UNVR,RG,4770,5,F,ZP,XC,D
13:30:10,UNVR,RG,4770,1,F,ZP,XC,D
13:30:10,UNVR,RG,4770,1,F,ZP,YP,D
13:30:10,UNVR,RG,4770,1,F,ZP,CS,F
13:30:10,UNVR,RG,4770,1,F,ZP,PD,D
13:30:10,UNVR,RG,4770,12,F,ZP,PD,D
13:30:10,UNVR,RG,4770,250,F,ZP,GR,D
13:30:10,UNVR,RG,4770,43,F,ZP,KK,D
13:30:10,UNVR,RG,4770,3,F,ZP,RO,D
13:30:10,UNVR,RG,4770,127,F,ZP,LG,D
13:30:10,UNVR,RG,4760,32,F,ZP,AK,F
13:30:10,UNVR,RG,4760,6,F,ZP,AK,F
13:30:10,UNVR,RG,4760,15,F,ZP,ZP,F
13:30:10,UNVR,RG,4760,20,F,ZP,KK,F
13:30:10,UNVR,RG,4760,176,F,ZP,AK,F
13:30:08,UNVR,RG,4760,13,F,ZP,AK,F
13:30:08,UNVR,RG,4760,3,F,ZP,AK,F
13:30:08,UNVR,RG,4760,152,F,ZP,XL,D
13:30:07,UNVR,RG,4750,3,D,XC,AK,F
13:30:07,UNVR,RG,4760,66,F,AK,XL,D
13:30:07,UNVR,RG,4760,11,F,AK,ZP,F
13:30:07,UNVR,RG,4760,2,F,AK,CC,D
13:30:07,UNVR,RG,4760,15,F,AK,CC,D
13:30:07,UNVR,RG,4760,1,F,AK,XC,D
13:30:05,UNVR,RG,4760,2,D,XL,XC,D
13:30:05,UNVR,RG,4760,1,D,XC,XC,D
13:30:05,UNVR,RG,4760,2,D,XC,XC,D
13:30:05,UNVR,RG,4760,1,D,XC,XC,D
13:30:05,UNVR,RG,4760,1,D,XC,AK,F
13:30:05,UNVR,RG,4760,1,D,XC,AK,F
13:30:04,UNVR,RG,4760,4,D,XL,AK,F
13:30:04,UNVR,RG,4760,1,D,XC,AK,F
13:30:04,UNVR,RG,4760,1,D,XC,AK,F
13:30:04,UNVR,RG,4760,1,D,XC,AK,F
13:30:04,UNVR,RG,4760,1,D,XC,AK,F
13:30:04,UNVR,RG,4760,1,D,XC,AK,F
13:30:04,UNVR,RG,4770,1,F,ZP,LG,D
13:30:04,UNVR,RG,4760,20,F,ZP,AK,F
13:30:04,UNVR,RG,4760,50,F,ZP,CC,D
13:30:04,UNVR,RG,4760,8,F,ZP,AK,F
13:30:04,UNVR,RG,4760,3,F,ZP,XC,D
13:30:04,UNVR,RG,4760,86,F,ZP,AK,F
13:30:04,UNVR,RG,4760,10,D,CC,AK,F
13:30:04,UNVR,RG,4760,1,D,CC,AK,F
13:30:04,UNVR,RG,4760,8,D,CC,AK,F
13:30:04,UNVR,RG,4760,1,D,CC,XC,D
13:30:03,UNVR,RG,4760,1,D,CC,XC,D
13:30:03,UNVR,RG,4760,1,D,YP,XC,D
13:30:02,UNVR,RG,4760,9,D,YP,YP,D
13:30:02,UNVR,RG,4760,1,D,YP,YP,D
13:30:02,UNVR,RG,4760,10,D,YP,LG,D
13:30:02,UNVR,RG,4760,6,D,YP,YP,D
13:30:02,UNVR,RG,4760,13,D,YP,YP,D
13:30:02,UNVR,RG,4760,1,D,XL,YP,D
13:30:02,UNVR,RG,4760,16,D,ZP,YP,D
13:30:02,UNVR,RG,4760,84,D,ZP,YP,D
13:30:02,UNVR,RG,4760,12,D,ZP,YP,D
13:30:02,UNVR,RG,4760,1,D,ZP,YP,D
13:30:02,UNVR,RG,4760,36,D,ZP,OD,D
13:30:02,UNVR,RG,4760,2,D,PD,OD,D
13:30:02,UNVR,RG,4760,10,D,PD,OD,D
13:30:02,UNVR,RG,4760,1,D,PD,OD,D
13:30:02,UNVR,RG,4760,2,D,DH,OD,D
13:30:02,UNVR,RG,4760,14,D,EP,OD,D
13:30:02,UNVR,RG,4760,3,D,AZ,OD,D
13:30:02,UNVR,RG,4760,3,D,EP,OD,D
13:30:02,UNVR,RG,4760,1,D,EP,OD,D
13:30:02,UNVR,RG,4760,1,D,SQ,OD,D
13:30:02,UNVR,RG,4760,51,D,RX,OD,D
13:30:02,UNVR,RG,4760,1,F,ZP,OD,D
13:30:02,UNVR,RG,4760,2,F,ZP,OD,D
13:30:02,UNVR,RG,4760,1,F,KZ,OD,D
13:30:02,UNVR,RG,4760,14,F,BK,OD,D
13:30:02,UNVR,RG,4760,47,D,NI,OD,D
13:30:02,UNVR,RG,4760,1,D,NI,YP,D
13:30:02,UNVR,RG,4760,1,D,NI,YP,D
13:30:02,UNVR,RG,4760,1,D,NI,YP,D
13:30:02,UNVR,RG,4760,21,D,SQ,YP,D
13:30:02,UNVR,RG,4760,1,D,XC,YP,D
13:30:02,UNVR,RG,4760,10,D,YP,YP,D
13:30:02,UNVR,RG,4760,4,D,XC,YP,D
13:30:02,UNVR,RG,4760,1,D,YP,YP,D
13:30:02,UNVR,RG,4760,15,D,XC,YP,D
13:30:02,UNVR,RG,4760,2,D,CC,YP,D
13:30:02,UNVR,RG,4760,30,D,HP,YP,D
13:30:02,UNVR,RG,4760,24,D,DR,YP,D
13:30:02,UNVR,RG,4760,11,D,DR,YP,D
13:30:02,UNVR,RG,4770,5,D,XL,LG,D
13:30:02,UNVR,RG,4760,4,D,DR,PD,D
13:30:02,UNVR,RG,4760,17,D,DR,PD,D
13:30:02,UNVR,RG,4770,1,D,PD,LG,D
13:30:02,UNVR,RG,4760,1,D,DR,AK,F
13:30:01,UNVR,RG,4770,5,D,PD,LG,D
13:30:01,UNVR,RG,4760,1,D,DR,PD,D
13:30:01,UNVR,RG,4770,1,F,ZP,MK,D
13:30:01,UNVR,RG,4770,5,F,ZP,GR,D
13:30:01,UNVR,RG,4770,9,F,ZP,ZP,F
13:30:01,UNVR,RG,4770,1,F,ZP,AK,F
13:30:01,UNVR,RG,4770,212,F,ZP,AK,F
13:30:01,UNVR,RG,4770,1,F,ZP,AK,F
13:30:01,UNVR,RG,4770,1,F,ZP,PD,D
13:30:01,UNVR,RG,4770,83,F,ZP,YP,D
13:30:01,UNVR,RG,4760,1,D,DR,PD,D
13:30:01,UNVR,RG,4760,2,D,DR,PD,D
13:30:01,UNVR,RG,4760,1,D,DR,LG,D
13:30:01,UNVR,RG,4770,1,D,PD,YP,D
13:30:01,UNVR,RG,4760,38,D,DR,PD,D
13:30:01,UNVR,RG,4760,2,D,NI,PD,D
13:30:01,UNVR,RG,4760,5,D,NI,PD,D
13:30:01,UNVR,RG,4760,2,D,PD,PD,D
13:30:01,UNVR,RG,4760,1,D,PD,PD,D
13:30:01,UNVR,RG,4760,2,D,RO,PD,D
13:30:01,UNVR,RG,4760,5,D,RO,PD,D
13:30:01,UNVR,RG,4760,3,D,RO,SQ,D
13:30:01,UNVR,RG,4760,1,D,XC,SQ,D
11:29:55,UNVR,RG,4760,1,D,XC,AK,F
11:29:55,UNVR,RG,4770,10,D,PD,YP,D
11:29:47,UNVR,RG,4760,1,D,XC,SQ,D
11:29:45,UNVR,RG,4760,1,D,PD,AK,F
11:29:45,UNVR,RG,4760,2,D,XC,AK,F
11:29:45,UNVR,RG,4760,1,D,LG,AK,F
11:29:45,UNVR,RG,4760,1,D,LG,AK,F
11:29:36,UNVR,RG,4760,1,D,LG,AK,F
11:29:34,UNVR,RG,4760,1,D,LG,AK,F
11:29:31,UNVR,RG,4760,1,D,LG,AK,F
11:29:31,UNVR,RG,4770,4,D,RX,YP,D
11:29:25,UNVR,RG,4760,2,D,LG,AK,F
11:29:25,UNVR,RG,4770,2,D,RX,YP,D
11:29:25,UNVR,RG,4770,11,D,RX,ZP,F
11:29:15,UNVR,RG,4770,1,F,AK,ZP,F
11:29:09,UNVR,RG,4760,1,D,LG,AK,F
11:29:06,UNVR,RG,4760,1,D,LG,AK,F
11:29:06,UNVR,RG,4760,2,D,LG,AK,F
11:29:06,UNVR,RG,4760,5,D,LG,AK,F
11:29:03,UNVR,RG,4760,19,D,LG,YP,D
11:29:03,UNVR,RG,4760,11,D,LG,YP,D
11:29:03,UNVR,RG,4760,5,D,LG,AK,F
11:29:01,UNVR,RG,4770,8,D,EP,ZP,F
11:29:01,UNVR,RG,4770,1,D,EP,CS,F
11:29:01,UNVR,RG,4770,29,D,EP,ZP,F
11:29:01,UNVR,RG,4770,1,D,CC,ZP,F
11:29:01,UNVR,RG,4770,3,D,CC,AK,F
11:29:00,UNVR,RG,4760,1,D,LG,AK,F
11:29:00,UNVR,RG,4770,1,D,AK,AK,F
11:28:42,UNVR,RG,4760,3,D,LG,XC,D
11:28:42,UNVR,RG,4760,2,D,YP,XC,D
11:28:39,UNVR,RG,4760,1,D,OD,AK,F
11:28:36,UNVR,RG,4760,2,D,EP,AK,F
11:28:36,UNVR,RG,4760,2,D,PD,AK,F
11:28:36,UNVR,RG,4760,1,D,GR,AK,F
11:28:36,UNVR,RG,4760,1,D,NI,AK,F
11:28:36,UNVR,RG,4760,1,D,NI,AK,F
11:28:36,UNVR,RG,4760,5,D,NI,AK,F
11:28:36,UNVR,RG,4760,1,D,NI,AK,F
11:28:24,UNVR,RG,4760,1,D,NI,AK,F
11:28:21,UNVR,RG,4760,1,D,NI,AK,F
11:28:17,UNVR,RG,4770,1,D,AK,AK,F
11:28:17,UNVR,RG,4770,2,D,EP,AK,F
11:28:17,UNVR,RG,4780,52,F,ZP,YJ,D
11:28:06,UNVR,RG,4770,1,F,ZP,AK,F
11:28:00,UNVR,RG,4770,5,F,BK,AK,F
11:28:00,UNVR,RG,4770,10,F,BK,AK,F
11:28:00,UNVR,RG,4770,21,D,RX,AK,F
11:28:00,UNVR,RG,4770,1,D,AK,AK,F
11:28:00,UNVR,RG,4770,1,D,AK,AK,F
11:27:51,UNVR,RG,4770,2,D,PD,AK,F
11:27:45,UNVR,RG,4770,1,D,PD,AK,F
11:27:45,UNVR,RG,4780,4,F,AK,YJ,D
11:27:45,UNVR,RG,4770,5,D,PD,AK,F
11:27:36,UNVR,RG,4770,1,D,PD,AK,F
11:27:36,UNVR,RG,4770,1,D,PD,AK,F
11:27:24,UNVR,RG,4780,4,D,AK,YJ,D
11:27:24,UNVR,RG,4770,1,D,PD,AK,F
11:27:21,UNVR,RG,4770,1,D,PD,AK,F
11:27:21,UNVR,RG,4770,3,D,PD,AK,F
11:27:21,UNVR,RG,4770,1,F,BK,AK,F
11:27:06,UNVR,RG,4770,2,F,BK,AK,F
11:26:56,UNVR,RG,4770,1,F,BK,AK,F
11:26:53,UNVR,RG,4770,2,F,BK,AK,F
11:26:51,UNVR,RG,4770,3,F,BK,AK,F
11:26:51,UNVR,RG,4770,1,F,BK,AK,F
11:26:51,UNVR,RG,4770,1,F,BK,AK,F
11:26:50,UNVR,RG,4770,6,F,BK,AK,F
11:26:50,UNVR,RG,4770,6,F,ZP,AK,F
11:26:48,UNVR,RG,4780,72,F,ZP,YJ,D
11:26:47,UNVR,RG,4770,16,F,ZP,AK,F
11:26:47,UNVR,RG,4770,1,F,ZP,CS,F
11:26:47,UNVR,RG,4770,1,F,ZP,CS,F
11:26:47,UNVR,RG,4770,4,F,ZP,AK,F
11:26:47,UNVR,RG,4770,5,F,ZP,GR,D
11:26:47,UNVR,RG,4770,1,F,ZP,CC,D
11:26:47,UNVR,RG,4770,22,F,ZP,XC,D
11:26:47,UNVR,RG,4770,12,F,ZP,EP,D
11:26:47,UNVR,RG,4770,1,F,ZP,PD,D
11:26:47,UNVR,RG,4770,22,F,ZP,ZP,F
11:26:47,UNVR,RG,4770,4,F,ZP,AK,F
11:26:47,UNVR,RG,4770,1,F,ZP,BB,F
11:26:47,UNVR,RG,4770,6,F,ZP,ZP,F
11:26:47,UNVR,RG,4770,1,F,ZP,CS,F
11:26:47,UNVR,RG,4770,44,F,ZP,GR,D
11:26:39,UNVR,RG,4760,1,D,NI,AK,F
11:26:33,UNVR,RG,4760,1,D,NI,AK,F
11:26:30,UNVR,RG,4760,2,D,NI,AK,F
11:26:30,UNVR,RG,4760,2,D,CC,AK,F
11:26:30,UNVR,RG,4760,3,D,CC,AK,F
11:26:30,UNVR,RG,4760,20,D,CC,AK,F
11:26:30,UNVR,RG,4760,1,D,NI,AK,F
11:26:30,UNVR,RG,4760,5,D,YP,AK,F
11:26:30,UNVR,RG,4760,1,D,YP,AK,F
11:26:30,UNVR,RG,4760,1,F,AK,AK,F
11:26:24,UNVR,RG,4770,1,D,ZP,GR,D
11:26:21,UNVR,RG,4760,1,F,AK,AK,F
11:26:21,UNVR,RG,4760,3,F,AK,AK,F
11:26:21,UNVR,RG,4760,1,D,YP,AK,F
11:26:21,UNVR,RG,4760,1,D,XC,AK,F
11:26:15,UNVR,RG,4760,1,D,XC,AK,F
11:26:15,UNVR,RG,4760,1,D,CC,AK,F
11:26:15,UNVR,RG,4760,8,D,CC,AK,F
11:26:12,UNVR,RG,4760,5,D,CC,CC,D
11:26:00,UNVR,RG,4770,1,F,AK,GR,D
11:25:54,UNVR,RG,4760,1,D,CC,AK,F
11:25:54,UNVR,RG,4760,1,D,PD,AK,F
11:25:36,UNVR,RG,4760,2,D,PD,AK,F
11:25:30,UNVR,RG,4770,2,F,AK,GR,D
11:25:30,UNVR,RG,4760,1,D,PD,AK,F
11:25:30,UNVR,RG,4760,1,D,PD,AK,F
11:25:30,UNVR,RG,4760,1,D,XL,AK,F
11:25:30,UNVR,RG,4760,10,D,YP,AK,F
11:25:30,UNVR,RG,4760,4,D,XC,AK,F
11:25:06,UNVR,RG,4760,1,D,YP,AK,F
11:25:06,UNVR,RG,4760,1,D,YP,AK,F
11:25:06,UNVR,RG,4760,5,D,YP,AK,F
11:25:06,UNVR,RG,4760,1,D,YP,AK,F
11:24:54,UNVR,RG,4770,2,F,AK,GR,D
11:24:54,UNVR,RG,4760,1,D,SQ,AK,F
11:24:54,UNVR,RG,4760,1,D,SQ,AK,F
11:24:21,UNVR,RG,4760,2,D,SQ,AK,F
11:24:09,UNVR,RG,4760,2,D,SQ,AK,F
11:24:06,UNVR,RG,4760,2,D,SQ,AK,F
11:24:06,UNVR,RG,4760,9,D,SQ,AK,F
11:24:06,UNVR,RG,4760,3,D,SQ,YP,D
11:24:06,UNVR,RG,4760,2,D,YP,YP,D
11:24:06,UNVR,RG,4760,1,D,YP,AK,F
11:24:06,UNVR,RG,4760,11,D,PD,AK,F
11:23:55,UNVR,RG,4760,1,D,PD,XC,D
11:23:36,UNVR,RG,4760,3,D,PD,AK,F
11:23:18,UNVR,RG,4770,6,F,ZP,GR,D
11:23:18,UNVR,RG,4770,1,F,KZ,GR,D
11:23:18,UNVR,RG,4770,3,D,XC,GR,D
11:23:18,UNVR,RG,4770,1,D,XC,GR,D
11:23:18,UNVR,RG,4770,39,D,NI,GR,D
11:23:06,UNVR,RG,4770,1,D,NI,AK,F
11:23:06,UNVR,RG,4770,2,D,NI,AK,F
11:23:06,UNVR,RG,4770,3,D,NI,AK,F
11:22:53,UNVR,RG,4770,1,D,NI,AK,F
11:22:53,UNVR,RG,4770,1,D,AK,AK,F
11:22:53,UNVR,RG,4770,1,D,AK,YP,D
11:22:53,UNVR,RG,4770,12,F,BK,YP,D
11:22:41,UNVR,RG,4770,4,F,BK,AK,F
11:22:41,UNVR,RG,4770,1,D,RX,AK,F
11:22:39,UNVR,RG,4770,1,D,RX,AK,F
11:22:39,UNVR,RG,4770,4,D,RX,CC,F
11:22:39,UNVR,RG,4770,16,D,RX,DH,D
11:22:39,UNVR,RG,4770,1,D,XL,DH,D
11:22:39,UNVR,RG,4770,2,D,AK,DH,D
11:22:39,UNVR,RG,4770,5,D,SQ,DH,D
11:22:38,UNVR,RG,4770,2,F,ZP,AK,F
11:22:35,UNVR,RG,4770,5,F,ZP,AK,F
11:22:35,UNVR,RG,4770,15,F,ZP,ZP,F
11:22:35,UNVR,RG,4770,1,D,DX,ZP,F
11:22:35,UNVR,RG,4770,20,D,LG,ZP,F
11:22:35,UNVR,RG,4770,12,D,RX,ZP,F
11:22:30,UNVR,RG,4770,4,D,RX,AK,F
11:22:30,UNVR,RG,4770,23,D,RX,CC,D
11:22:30,UNVR,RG,4770,2,D,AK,CC,D
11:22:30,UNVR,RG,4770,5,D,CC,CC,D
11:22:21,UNVR,RG,4770,1,F,BK,AK,F
11:22:21,UNVR,RG,4770,5,F,BK,AK,F
11:21:51,UNVR,RG,4770,3,F,BK,AK,F
11:21:17,UNVR,RG,4770,1,F,BK,BQ,D
11:21:09,UNVR,RG,4770,1,F,BK,AK,F
11:21:09,UNVR,RG,4770,1,F,BK,AK,F
11:21:03,UNVR,RG,4770,2,F,BK,AK,F
11:21:01,UNVR,RG,4770,1,F,BK,PD,D
11:21:00,UNVR,RG,4770,12,F,BK,AK,F
11:21:00,UNVR,RG,4770,28,F,BK,AK,F
11:21:00,UNVR,RG,4770,29,D,ZP,AK,F
11:21:00,UNVR,RG,4770,35,F,AK,AK,F
11:20:55,UNVR,RG,4770,1,F,AK,AK,F
11:20:55,UNVR,RG,4770,5,F,AK,YP,D
11:20:51,UNVR,RG,4770,1,F,AK,AK,F
11:20:51,UNVR,RG,4770,8,F,AK,AK,F
11:20:36,UNVR,RG,4770,1,F,AK,AK,F
11:20:36,UNVR,RG,4770,5,F,AK,YP,D
11:20:25,UNVR,RG,4770,1,F,AK,AK,F
11:20:25,UNVR,RG,4770,1,D,YP,AK,F
11:20:25,UNVR,RG,4780,15,F,BK,YJ,D
11:20:12,UNVR,RG,4770,2,D,YP,AK,F
11:20:12,UNVR,RG,4780,13,D,AK,YJ,D
11:19:45,UNVR,RG,4770,4,D,YP,AK,F
11:19:45,UNVR,RG,4770,25,D,YP,AK,F
11:19:36,UNVR,RG,4770,1,D,YP,AK,F
11:19:36,UNVR,RG,4770,6,D,YP,AK,F
11:19:24,UNVR,RG,4770,1,D,YP,AK,F
11:19:21,UNVR,RG,4780,2,D,AK,YJ,D
11:19:20,UNVR,RG,4770,2,D,YP,PD,D
11:18:34,UNVR,RG,4770,1,D,YP,PD,D
11:18:24,UNVR,RG,4770,1,D,YP,AK,F
11:18:21,UNVR,RG,4770,7,D,YP,AK,F
11:18:21,UNVR,RG,4780,47,D,RX,YJ,D
11:18:21,UNVR,RG,4770,1,D,YP,XC,D
11:18:17,UNVR,RG,4770,2,D,YP,AK,F
11:18:14,UNVR,RG,4770,14,D,YP,AK,F
11:18:13,UNVR,RG,4770,48,D,YP,BQ,D
11:18:11,UNVR,RG,4780,53,F,ZP,YJ,D
11:18:11,UNVR,RG,4770,6,D,YP,AK,F
11:18:08,UNVR,RG,4770,37,D,YP,AK,F
11:18:07,UNVR,RG,4770,1,D,YP,CS,F
11:18:07,UNVR,RG,4770,7,D,YP,AK,F
11:18:07,UNVR,RG,4770,1,D,YP,CS,F
11:18:07,UNVR,RG,4770,1,D,YP,AK,F
11:18:07,UNVR,RG,4770,4,D,YP,BB,F
11:18:07,UNVR,RG,4770,27,D,YP,AK,F
11:18:07,UNVR,RG,4770,1,D,YP,NI,D
11:18:07,UNVR,RG,4770,9,D,YP,ZP,F
11:18:03,UNVR,RG,4770,15,F,BK,ZP,F
11:18:01,UNVR,RG,4760,7,D,PD,AK,F
11:18:00,UNVR,RG,4760,33,D,PD,AK,F
11:17:48,UNVR,RG,4770,2,D,XL,ZP,F
11:17:48,UNVR,RG,4770,21,D,XL,ZP,F
11:17:48,UNVR,RG,4770,34,D,XL,ZP,F
11:17:48,UNVR,RG,4770,1,D,XL,CS,F
11:17:48,UNVR,RG,4770,40,D,XL,AK,F
11:17:48,UNVR,RG,4770,8,D,XL,NI,D
11:17:48,UNVR,RG,4770,21,D,XL,ZP,F
11:17:48,UNVR,RG,4770,22,D,XL,YP,D
11:17:48,UNVR,RG,4770,1,D,XL,XC,D
11:17:42,UNVR,RG,4770,1,D,AK,PD,D
11:17:42,UNVR,RG,4770,1,D,AK,BB,F
11:17:42,UNVR,RG,4770,3,D,AK,AK,F
11:17:39,UNVR,RG,4760,24,D,PD,AK,F
11:17:39,UNVR,RG,4760,1,D,PD,AK,F
11:16:21,UNVR,RG,4760,11,D,PD,AK,F
11:16:00,UNVR,RG,4770,23,F,AK,AK,F
11:15:51,UNVR,RG,4770,10,D,DR,AK,F
11:15:45,UNVR,RG,4760,9,D,PD,AK,F
11:15:45,UNVR,RG,4760,23,D,RX,AK,F
11:15:44,UNVR,RG,4770,14,F,BK,AK,F
11:15:39,UNVR,RG,4760,1,D,RX,AK,F
11:15:34,UNVR,RG,4770,1,D,XL,AK,F
11:15:27,UNVR,RG,4770,2,D,AK,AK,F
11:14:45,UNVR,RG,4770,1,F,KZ,AK,F
11:14:45,UNVR,RG,4770,1,F,KZ,AK,F
11:14:42,UNVR,RG,4770,2,D,AK,AK,F
11:14:22,UNVR,RG,4770,30,D,DR,AK,F
11:14:22,UNVR,RG,4770,1,D,DX,AK,F
11:14:15,UNVR,RG,4770,3,D,DX,AK,F
11:14:15,UNVR,RG,4770,1,D,DX,CS,F
11:14:15,UNVR,RG,4770,5,D,DX,AK,F
11:14:15,UNVR,RG,4770,26,D,DX,ZP,F
11:14:12,UNVR,RG,4760,2,D,RX,CC,D
11:14:09,UNVR,RG,4760,1,D,RX,AK,F
11:13:52,UNVR,RG,4770,2,D,AK,ZP,F
11:13:51,UNVR,RG,4760,9,D,RX,AK,F
11:13:51,UNVR,RG,4760,2,D,YP,AK,F
11:13:51,UNVR,RG,4760,3,D,YP,AK,F
11:13:51,UNVR,RG,4760,1,D,PD,AK,F
11:13:51,UNVR,RG,4760,1,D,SQ,AK,F
11:13:31,UNVR,RG,4760,5,F,BB,AK,F
11:13:30,UNVR,RG,4770,2,F,AK,ZP,F
11:13:30,UNVR,RG,4770,1,F,AK,YP,D
11:13:30,UNVR,RG,4770,1,F,AK,ZP,F
11:13:30,UNVR,RG,4770,1,F,KZ,ZP,F
11:13:30,UNVR,RG,4770,14,F,BK,ZP,F
11:13:00,UNVR,RG,4760,58,F,BB,AK,F
11:13:00,UNVR,RG,4760,19,F,BB,AK,F
11:13:00,UNVR,RG,4760,1,D,YP,AK,F
11:13:00,UNVR,RG,4760,14,D,SQ,AK,F
11:12:38,UNVR,RG,4760,1,D,SQ,YP,D
11:12:37,UNVR,RG,4770,3,D,AK,ZP,F
11:12:36,UNVR,RG,4760,7,D,SQ,AK,F
11:12:24,UNVR,RG,4760,1,D,SQ,AK,F
11:11:59,UNVR,RG,4770,1,D,NI,ZP,F
11:11:57,UNVR,RG,4760,10,D,SQ,NI,D
11:11:07,UNVR,RG,4760,33,D,SQ,AK,F
11:11:06,UNVR,RG,4770,10,F,BK,ZP,F
11:11:06,UNVR,RG,4770,5,F,BK,ZP,F
11:10:58,UNVR,RG,4770,2,D,XL,ZP,F
11:10:47,UNVR,RG,4770,10,D,YP,ZP,F
11:10:45,UNVR,RG,4770,4,F,AK,ZP,F
11:10:45,UNVR,RG,4770,1,F,AK,BB,F
11:10:45,UNVR,RG,4770,1,F,AK,ZP,F
11:10:45,UNVR,RG,4770,1,F,AK,PD,D
11:10:39,UNVR,RG,4760,1,D,SQ,AK,F
11:10:31,UNVR,RG,4760,1,D,SQ,XL,D
11:10:22,UNVR,RG,4770,5,D,AK,AK,F
11:10:22,UNVR,RG,4770,1,D,AK,CS,F
11:10:21,UNVR,RG,4760,4,D,SQ,AK,F
11:09:56,UNVR,RG,4770,14,D,LG,ZP,F
11:09:51,UNVR,RG,4760,6,D,SQ,AK,F
11:09:14,UNVR,RG,4760,2,D,SQ,KK,D
11:09:06,UNVR,RG,4760,5,D,SQ,AK,F
11:08:49,UNVR,RG,4770,12,F,BK,ZP,F
11:08:49,UNVR,RG,4770,2,F,BK,AK,F
11:08:09,UNVR,RG,4760,1,D,SQ,AK,F
11:07:52,UNVR,RG,4770,1,D,YP,AK,F
11:07:51,UNVR,RG,4760,12,D,SQ,YP,D
11:07:44,UNVR,RG,4770,2,D,AK,AK,F
11:07:44,UNVR,RG,4770,1,D,AK,AK,F
11:07:44,UNVR,RG,4760,5,D,SQ,PD,D
11:07:15,UNVR,RG,4760,65,D,SQ,AK,F
11:06:51,UNVR,RG,4760,7,D,SQ,AK,F
11:06:51,UNVR,RG,4760,6,D,SQ,AK,F
11:06:31,UNVR,RG,4760,1,D,SQ,XC,D
11:06:20,UNVR,RG,4760,100,D,SQ,PD,D
11:06:09,UNVR,RG,4760,1,D,SQ,AK,F
11:06:06,UNVR,RG,4760,21,D,SQ,PD,D
11:05:56,UNVR,RG,4760,1,D,SQ,BQ,D
11:05:44,UNVR,RG,4760,5,D,SQ,YP,D
11:05:44,UNVR,RG,4760,1,D,XL,YP,D
11:05:44,UNVR,RG,4760,4,F,AK,YP,D
11:05:32,UNVR,RG,4770,1,D,PD,AK,F
11:05:04,UNVR,RG,4770,13,F,BK,AK,F
11:05:04,UNVR,RG,4770,1,F,KZ,AK,F
11:05:04,UNVR,RG,4770,11,F,ZP,AK,F
11:05:01,UNVR,RG,4780,153,F,ZP,YJ,D
11:05:01,UNVR,RG,4770,26,D,ZP,AK,F
11:05:00,UNVR,RG,4770,1,F,ZP,PD,D
11:05:00,UNVR,RG,4770,45,F,ZP,AK,F
11:05:00,UNVR,RG,4770,1,F,ZP,YP,D
11:05:00,UNVR,RG,4770,1,F,ZP,BB,F
11:05:00,UNVR,RG,4770,2,F,ZP,PD,D
11:05:00,UNVR,RG,4770,2,F,ZP,DH,D
11:05:00,UNVR,RG,4770,5,F,ZP,YP,D
11:05:00,UNVR,RG,4770,29,F,ZP,AK,F
11:05:00,UNVR,RG,4770,1,F,ZP,CS,F
11:05:00,UNVR,RG,4770,29,F,ZP,ZP,F
11:05:00,UNVR,RG,4770,3,F,ZP,NI,D
11:05:00,UNVR,RG,4770,8,F,ZP,AK,F
11:04:48,UNVR,RG,4760,4,F,AK,BQ,D
11:04:44,UNVR,RG,4770,8,D,XC,AK,F
11:04:44,UNVR,RG,4770,5,D,XC,AK,F
11:04:44,UNVR,RG,4770,3,D,XC,ZP,F
11:04:40,UNVR,RG,4760,1,F,AK,YP,D
11:04:39,UNVR,RG,4760,1,F,AK,AK,F
11:04:36,UNVR,RG,4760,2,F,AK,AK,F
11:04:36,UNVR,RG,4760,3,D,AK,AK,F
11:04:36,UNVR,RG,4760,1,D,AK,AK,F
11:04:22,UNVR,RG,4760,1,D,AK,PD,D
11:04:19,UNVR,RG,4770,3,F,BK,ZP,F
11:04:19,UNVR,RG,4770,2,F,BK,BB,F
11:04:19,UNVR,RG,4770,2,F,BK,YP,D
11:04:19,UNVR,RG,4770,1,F,BK,CS,F
11:04:19,UNVR,RG,4770,7,F,BK,ZP,F
11:04:13,UNVR,RG,4770,1,D,YP,ZP,F
11:04:06,UNVR,RG,4760,7,F,BB,AK,F
11:03:39,UNVR,RG,4760,1,F,BB,AK,F
11:03:35,UNVR,RG,4770,4,D,XL,ZP,F
11:02:57,UNVR,RG,4760,9,F,BB,PD,D
11:02:33,UNVR,RG,4760,14,F,BB,AK,F
11:02:30,UNVR,RG,4760,69,F,BB,AK,F
11:02:30,UNVR,RG,4760,34,D,RX,AK,F
11:02:23,UNVR,RG,4760,5,D,RX,PD,D
11:02:21,UNVR,RG,4760,7,D,RX,AK,F
11:02:09,UNVR,RG,4760,1,D,RX,AK,F
11:02:05,UNVR,RG,4760,3,D,RX,KK,D
11:01:39,UNVR,RG,4770,23,F,ZP,ZP,F
11:01:39,UNVR,RG,4770,1,F,ZP,YP,D
11:01:39,UNVR,RG,4770,29,F,ZP,ZP,F
11:01:36,UNVR,RG,4760,10,D,RX,AK,F
11:01:25,UNVR,RG,4760,10,D,RX,PD,D
11:01:21,UNVR,RG,4770,1,D,RX,PD,D
11:01:21,UNVR,RG,4770,4,D,RX,PD,D
11:01:21,UNVR,RG,4770,1,D,RX,XC,D
11:01:21,UNVR,RG,4770,1,D,RX,CC,D
11:01:21,UNVR,RG,4770,5,D,RX,AK,F
11:01:21,UNVR,RG,4770,11,D,RX,CD,D
11:01:09,UNVR,RG,4770,1,F,KZ,CD,D
11:00:54,UNVR,RG,4760,1,D,RX,AK,F
11:00:45,UNVR,RG,4770,4,F,AK,CD,D
11:00:35,UNVR,RG,4760,1,D,RX,KK,D
11:00:11,UNVR,RG,4760,2,F,AK,PD,D
11:00:11,UNVR,RG,4760,2,F,AK,OD,D
10:59:54,UNVR,RG,4760,10,F,AK,YP,D
10:59:54,UNVR,RG,4760,1,F,AK,AK,F
10:59:18,UNVR,RG,4760,1,F,AK,YP,D
10:58:39,UNVR,RG,4760,1,F,AK,AK,F
10:58:24,UNVR,RG,4770,15,D,AK,CD,D
10:58:23,UNVR,RG,4770,12,D,RX,CD,D
10:58:03,UNVR,RG,4770,1,F,KZ,CD,D
10:58:02,UNVR,RG,4770,1,D,PD,CD,D
10:57:24,UNVR,RG,4770,5,F,ZP,CD,D
10:57:23,UNVR,RG,4770,1,D,YP,AK,F
10:57:23,UNVR,RG,4770,2,D,YP,BB,F
10:57:23,UNVR,RG,4770,11,D,YP,AK,F
10:57:23,UNVR,RG,4770,21,D,YP,ZP,F
10:57:23,UNVR,RG,4770,1,D,YP,PD,D
10:57:23,UNVR,RG,4770,1,D,YP,CS,F
10:57:23,UNVR,RG,4770,14,D,YP,ZP,F
10:57:09,UNVR,RG,4770,11,F,ZP,ZP,F
10:57:09,UNVR,RG,4770,18,F,ZP,ZP,F
10:57:09,UNVR,RG,4770,21,F,ZP,AK,F
10:57:09,UNVR,RG,4770,1,F,ZP,CC,D
10:57:09,UNVR,RG,4770,4,F,ZP,ZP,F
10:57:04,UNVR,RG,4770,13,D,RX,ZP,F
10:57:00,UNVR,RG,4770,1,D,PD,ZP,F
10:56:59,UNVR,RG,4770,6,F,ZP,ZP,F
10:56:59,UNVR,RG,4770,18,F,ZP,AK,F
10:56:59,UNVR,RG,4770,1,F,ZP,BB,F
10:56:59,UNVR,RG,4770,85,F,ZP,GR,D
10:56:45,UNVR,RG,4770,1,D,NI,GR,D
10:55:43,UNVR,RG,4770,1,D,YP,GR,D
10:55:42,UNVR,RG,4760,1,F,AK,PD,D
10:55:36,UNVR,RG,4770,12,D,RX,GR,D
10:55:24,UNVR,RG,4770,1,D,XC,GR,D
10:55:18,UNVR,RG,4770,1,F,ZP,PD,D
10:55:18,UNVR,RG,4770,4,F,ZP,AK,F
10:55:09,UNVR,RG,4770,1,F,KZ,AK,F
10:54:56,UNVR,RG,4760,39,F,AK,PD,D
10:54:56,UNVR,RG,4760,46,F,BK,PD,D
10:54:39,UNVR,RG,4770,3,F,BK,DH,D
10:54:39,UNVR,RG,4770,1,F,BK,CS,F
10:54:39,UNVR,RG,4770,12,F,BK,ZP,F
10:54:26,UNVR,RG,4770,12,D,RX,ZP,F
10:53:58,UNVR,RG,4760,4,F,BK,XL,D
10:53:49,UNVR,RG,4770,3,D,ZP,ZP,F
10:53:49,UNVR,RG,4770,1,D,ZP,YP,D
10:53:49,UNVR,RG,4770,7,D,ZP,AK,F
10:53:49,UNVR,RG,4770,2,F,ZP,AK,F
10:53:48,UNVR,RG,4770,1,F,KZ,CC,D
10:53:43,UNVR,RG,4770,3,D,DR,CC,D
10:53:43,UNVR,RG,4770,1,D,DR,AK,F
10:53:43,UNVR,RG,4770,1,D,DR,AK,F
10:53:43,UNVR,RG,4770,4,D,DR,AK,F
10:53:43,UNVR,RG,4770,1,D,DR,AK,F
10:53:24,UNVR,RG,4770,1,D,YP,AK,F
10:53:24,UNVR,RG,4770,33,F,ZP,AK,F
10:53:24,UNVR,RG,4770,1,F,ZP,XC,D
10:53:24,UNVR,RG,4770,1,F,ZP,NI,D
10:53:24,UNVR,RG,4770,1,F,ZP,PD,D
10:53:24,UNVR,RG,4770,21,F,ZP,AK,F
10:53:24,UNVR,RG,4770,1,F,ZP,BB,F
10:53:24,UNVR,RG,4770,2,F,ZP,CC,F
10:53:24,UNVR,RG,4770,5,F,ZP,ZP,F
10:53:23,UNVR,RG,4770,1,D,RX,ZP,F
10:53:23,UNVR,RG,4770,4,D,RX,NI,D
10:53:23,UNVR,RG,4770,9,D,RX,ZP,F
10:53:06,UNVR,RG,4770,1,F,KZ,ZP,F
10:52:36,UNVR,RG,4770,1,D,YP,ZP,F
10:52:18,UNVR,RG,4770,10,D,YP,ZP,F
10:52:18,UNVR,RG,4770,15,D,YP,ZP,F
10:52:14,UNVR,RG,4770,9,D,RX,ZP,F
10:52:14,UNVR,RG,4770,1,D,RX,CS,F
10:52:14,UNVR,RG,4770,2,D,RX,PD,D
10:52:14,UNVR,RG,4770,2,D,RX,CC,D
10:52:14,UNVR,RG,4770,22,D,RX,AK,F
10:52:07,UNVR,RG,4770,6,F,ZP,AK,F
10:51:49,UNVR,RG,4770,26,F,ZP,AK,F
10:51:49,UNVR,RG,4770,1,F,ZP,AK,F
10:51:49,UNVR,RG,4770,32,F,ZP,ZP,F
10:51:49,UNVR,RG,4770,1,F,ZP,AK,F
10:51:49,UNVR,RG,4770,4,F,ZP,AK,F
10:51:49,UNVR,RG,4770,2,F,ZP,AK,F
10:51:49,UNVR,RG,4770,1,F,ZP,YP,D
10:51:49,UNVR,RG,4770,37,F,ZP,AK,F
10:51:49,UNVR,RG,4770,5,F,ZP,EP,D
10:51:46,UNVR,RG,4770,1,D,NI,EP,D
10:51:46,UNVR,RG,4770,3,D,NI,ZP,F
10:51:34,UNVR,RG,4770,16,F,BK,ZP,F
10:50:54,UNVR,RG,4770,4,F,ZP,ZP,F
10:50:54,UNVR,RG,4770,1,F,ZP,YP,D
10:50:54,UNVR,RG,4770,1,F,ZP,XC,D
10:50:54,UNVR,RG,4770,6,F,ZP,AK,F
10:50:54,UNVR,RG,4770,38,F,ZP,GR,D
10:50:49,UNVR,RG,4760,3,F,BK,PD,D
10:50:28,UNVR,RG,4770,16,F,AK,GR,D
10:50:27,UNVR,RG,4770,16,D,AK,GR,D
10:50:14,UNVR,RG,4760,1,F,BK,YP,D
10:50:04,UNVR,RG,4760,2,D,ZP,PD,D
10:49:58,UNVR,RG,4760,12,D,ZP,AK,F
10:49:58,UNVR,RG,4770,5,D,YP,GR,D
10:49:54,UNVR,RG,4760,3,D,ZP,PD,D
10:49:44,UNVR,RG,4770,2,D,PD,GR,D
10:49:29,UNVR,RG,4760,12,D,ZP,AK,F
10:49:29,UNVR,RG,4770,65,F,ZP,GR,D
10:49:03,UNVR,RG,4760,10,D,ZP,AK,F
10:49:03,UNVR,RG,4760,1,F,ZP,AK,F
10:49:03,UNVR,RG,4760,9,F,BB,AK,F
10:49:03,UNVR,RG,4770,1,D,XC,GR,D
10:48:48,UNVR,RG,4770,53,F,ZP,GR,D
10:48:48,UNVR,RG,4770,21,D,ZP,GR,D
10:48:31,UNVR,RG,4760,19,D,GR,AK,F
10:48:31,UNVR,RG,4760,1,D,GR,CS,F
10:48:31,UNVR,RG,4760,13,D,GR,AK,F
10:48:26,UNVR,RG,4760,42,F,AK,SQ,D
10:48:26,UNVR,RG,4760,5,F,AK,XC,D
10:48:26,UNVR,RG,4760,2,F,AK,BB,F
10:48:26,UNVR,RG,4760,1,F,AK,CS,F
10:48:26,UNVR,RG,4760,13,F,AK,AK,F
10:47:56,UNVR,RG,4760,1,D,YP,AK,F
10:47:45,UNVR,RG,4760,4,F,ZP,AK,F
10:47:39,UNVR,RG,4760,3,F,ZP,AK,F
10:47:39,UNVR,RG,4760,1,F,ZP,XC,D
10:47:39,UNVR,RG,4760,28,F,ZP,ZP,F
10:47:39,UNVR,RG,4760,5,F,ZP,SQ,D
10:47:39,UNVR,RG,4760,15,F,ZP,ZP,F
10:47:39,UNVR,RG,4760,1,F,ZP,KK,D
10:47:23,UNVR,RG,4750,20,F,BB,NI,D
10:47:20,UNVR,RG,4750,1,F,BB,EP,D
10:47:09,UNVR,RG,4760,1,F,KZ,KK,D
10:47:09,UNVR,RG,4750,2,D,PD,AK,F
10:47:03,UNVR,RG,4760,8,F,ZP,KK,D
10:47:03,UNVR,RG,4760,1,F,ZP,YP,D
10:47:03,UNVR,RG,4760,1,F,ZP,BB,F
10:47:03,UNVR,RG,4760,1,F,ZP,PD,D
10:47:03,UNVR,RG,4760,1,F,ZP,CS,F
10:47:03,UNVR,RG,4760,7,F,ZP,XL,D
10:47:03,UNVR,RG,4760,3,F,ZP,AZ,D
10:47:03,UNVR,RG,4760,1,F,ZP,YP,D
10:47:03,UNVR,RG,4760,3,F,ZP,AK,F
10:47:03,UNVR,RG,4760,3,F,ZP,ZP,F
10:47:03,UNVR,RG,4760,24,F,ZP,AK,F
10:46:53,UNVR,RG,4750,8,D,PD,PD,D
10:46:53,UNVR,RG,4750,1,D,PD,PD,D
10:46:53,UNVR,RG,4750,1,D,PD,PD,D
10:46:50,UNVR,RG,4760,1,D,XL,AK,F
10:46:32,UNVR,RG,4750,1,D,OD,PD,D
10:46:08,UNVR,RG,4760,30,D,YU,AK,F
10:45:47,UNVR,RG,4750,1,D,OD,YP,D
10:45:25,UNVR,RG,4760,1,F,ZP,AK,F
10:44:38,UNVR,RG,4760,7,F,ZP,AK,F
10:44:38,UNVR,RG,4760,1,F,ZP,BB,F
10:44:38,UNVR,RG,4760,22,F,ZP,ZP,F
10:44:38,UNVR,RG,4760,23,F,ZP,ZP,F
10:44:34,UNVR,RG,4750,2,D,OD,BB,F
10:44:08,UNVR,RG,4760,5,D,CC,ZP,F
10:44:04,UNVR,RG,4760,4,F,ZP,ZP,F
10:44:03,UNVR,RG,4760,11,F,ZP,ZP,F
10:44:03,UNVR,RG,4760,1,F,ZP,CS,F
10:44:03,UNVR,RG,4760,35,F,ZP,CC,D
10:43:23,UNVR,RG,4760,59,F,ZP,CC,D
10:43:13,UNVR,RG,4760,53,F,ZP,CC,D
10:43:02,UNVR,RG,4750,5,D,OD,YP,D
10:42:58,UNVR,RG,4760,53,F,ZP,CC,D
10:42:04,UNVR,RG,4750,1,D,OD,XC,D
10:42:04,UNVR,RG,4750,1,D,CC,XC,D
10:41:54,UNVR,RG,4750,19,D,CC,DH,D
10:41:54,UNVR,RG,4750,1,D,YP,DH,D
10:41:54,UNVR,RG,4750,10,D,DH,DH,D
10:41:54,UNVR,RG,4750,20,D,AZ,DH,D
10:41:15,UNVR,RG,4750,1,D,AZ,YP,D
10:41:15,UNVR,RG,4750,1,D,XC,YP,D
10:40:54,UNVR,RG,4750,2,D,XC,YB,D
10:40:41,UNVR,RG,4750,1,D,GR,YP,D
10:40:41,UNVR,RG,4760,200,D,CC,CC,D
10:40:11,UNVR,RG,4760,3,D,PD,CC,D
10:40:11,UNVR,RG,4760,3,F,ZP,CC,D
10:40:11,UNVR,RG,4760,1,D,YP,CC,D
10:40:11,UNVR,RG,4760,2,D,AK,CC,D
10:40:11,UNVR,RG,4760,1,D,CC,CC,D
10:40:11,UNVR,RG,4760,10,D,PD,CC,D
10:40:11,UNVR,RG,4760,1,D,YP,CC,D
10:40:11,UNVR,RG,4760,2,D,PD,CC,D
10:40:11,UNVR,RG,4760,32,D,DR,CC,D
10:40:11,UNVR,RG,4760,2,D,YP,CC,D
10:40:11,UNVR,RG,4760,5,D,YP,CC,D
10:40:11,UNVR,RG,4760,5,D,YP,CC,D
10:40:11,UNVR,RG,4760,1,D,YP,CC,D
10:40:11,UNVR,RG,4760,16,F,BK,CC,D
10:40:11,UNVR,RG,4760,3,D,XC,CC,D
10:40:11,UNVR,RG,4760,11,F,BB,CC,D
10:40:11,UNVR,RG,4760,2,F,BK,CC,D
10:39:57,UNVR,RG,4760,10,F,BK,YP,D
10:39:46,UNVR,RG,4760,2,F,BK,PD,D
10:39:34,UNVR,RG,4770,24,D,RX,AK,F
10:39:34,UNVR,RG,4770,10,D,PD,AK,F
10:39:34,UNVR,RG,4770,4,D,YP,AK,F
10:39:34,UNVR,RG,4770,7,D,YP,AK,F
10:39:34,UNVR,RG,4770,3,D,AK,AK,F
10:39:34,UNVR,RG,4770,1,D,YP,AK,F
10:39:34,UNVR,RG,4770,24,F,BK,AK,F
10:39:34,UNVR,RG,4770,16,F,BK,EP,D
10:39:34,UNVR,RG,4770,2,D,AK,EP,D
10:39:34,UNVR,RG,4770,1,F,KZ,EP,D
10:39:34,UNVR,RG,4770,3,F,ZP,EP,D
10:39:33,UNVR,RG,4770,2,F,ZP,XC,D
10:39:03,UNVR,RG,4780,356,F,ZP,YJ,D
10:39:03,UNVR,RG,4780,29,F,ZP,YP,D
10:39:03,UNVR,RG,4780,1,F,ZP,YB,D
10:39:03,UNVR,RG,4780,1,F,ZP,YP,D
10:39:03,UNVR,RG,4780,1,F,ZP,XC,D
10:39:03,UNVR,RG,4780,4,F,ZP,ZP,F
10:38:11,UNVR,RG,4780,3,D,ZP,ZP,F
10:38:03,UNVR,RG,4780,1,D,PD,ZP,F
10:37:40,UNVR,RG,4780,1,D,DR,ZP,F
10:37:34,UNVR,RG,4760,1,F,BK,CC,D
10:37:19,UNVR,RG,4780,3,D,YP,ZP,F
10:37:03,UNVR,RG,4780,1,D,XL,ZP,F
10:36:47,UNVR,RG,4770,22,F,ZP,ZP,F
10:36:47,UNVR,RG,4770,87,F,ZP,AK,F
10:36:38,UNVR,RG,4760,4,D,AK,GR,D
10:36:38,UNVR,RG,4760,3,D,AK,GR,D
10:36:38,UNVR,RG,4760,1,D,YP,GR,D
10:36:05,UNVR,RG,4760,1,F,ZP,AK,F
10:36:02,UNVR,RG,4760,10,D,YU,AK,F
10:35:47,UNVR,RG,4770,67,F,LG,AK,F
10:35:47,UNVR,RG,4770,2,F,LG,AK,F
10:35:47,UNVR,RG,4770,2,F,LG,AK,F
10:35:47,UNVR,RG,4770,71,F,LG,AK,F
10:35:47,UNVR,RG,4770,5,F,LG,AK,F
10:35:47,UNVR,RG,4770,31,F,LG,AK,F
10:35:47,UNVR,RG,4770,1,F,LG,KK,D
