Time,Stock,Brd,Price,Qty,BT,BC,SC,ST
15:14:41,UNVR,RG,4750,15,D,CC,GR,D
15:14:18,UNVR,RG,4750,139,D,CC,YP,D
15:13:30,UNVR,RG,4750,2,D,CC,CC,D
15:12:38,UNVR,RG,4750,19,D,CC,PD,D
15:12:32,UNVR,RG,4750,1,D,CC,CC,D
15:10:47,UNVR,RG,4750,1000,D,CC,SS,D
15:10:44,UNVR,RG,4750,1,D,CC,PD,D
15:10:34,UNVR,RG,4750,50,D,CC,SS,D
15:10:14,UNVR,RG,4750,200,D,CC,RF,D
15:08:50,UNVR,RG,4750,25,D,CC,NI,D
15:08:24,UNVR,RG,4750,10,D,CC,YP,D
15:07:23,UNVR,RG,4750,10,D,CC,YB,D
15:07:23,UNVR,RG,4750,4,D,CC,GR,D
15:07:16,UNVR,RG,4750,4,D,CC,CC,D
15:06:37,UNVR,RG,4750,1,D,CC,PD,D
15:06:30,UNVR,RG,4750,4,D,CC,YP,D
15:04:31,UNVR,RG,4750,20,D,CC,CC,D
15:04:05,UNVR,RG,4750,10,D,CC,YP,D
15:03:26,UNVR,RG,4750,110,D,CC,GR,D
15:03:26,UNVR,RG,4750,214,F,KZ,GR,D
15:03:26,UNVR,RG,4750,64,D,KZ,GR,D
15:03:26,UNVR,RG,4750,1,D,CC,GR,D
15:03:26,UNVR,RG,4750,1,D,DH,GR,D
15:03:26,UNVR,RG,4750,34,D,YP,GR,D
15:02:34,UNVR,RG,4750,1,D,YP,CC,D
15:02:28,UNVR,RG,4750,55,D,YP,KK,D
15:02:25,UNVR,RG,4750,4,D,YP,GR,D
15:01:45,UNVR,RG,4750,6,D,YP,AF,D
15:01:45,UNVR,RG,4750,1,D,XC,AF,D
15:01:45,UNVR,RG,4750,18,D,YP,AF,D
15:01:43,UNVR,RG,4750,32,D,YP,YP,D
15:01:43,UNVR,RG,4750,18,D,YP,YP,D
15:01:41,UNVR,RG,4750,12,D,YP,AO,D
15:01:41,UNVR,RG,4750,5,D,CC,AO,D
15:01:41,UNVR,RG,4750,3,D,CC,AO,D
15:01:41,UNVR,RG,4750,5,D,XC,AO,D
15:01:41,UNVR,RG,4750,1,D,AZ,AO,D
15:01:41,UNVR,RG,4750,20,D,HP,AO,D
15:01:41,UNVR,RG,4750,100,D,DR,AO,D
15:01:41,UNVR,RG,4750,54,D,CC,AO,D
15:01:24,UNVR,RG,4750,1,D,CC,XC,D
15:01:12,UNVR,RG,4750,15,D,CC,YP,D
15:01:12,UNVR,RG,4750,5,D,DR,YP,D
15:01:02,UNVR,RG,4750,34,F,KZ,YP,D
15:00:00,UNVR,RG,4750,5,F,KZ,SQ,D
15:00:00,UNVR,RG,4750,80,F,KZ,YP,D
15:00:00,UNVR,RG,4750,200,F,KZ,KK,D
15:00:00,UNVR,RG,4750,25,F,KZ,YJ,D
15:00:00,UNVR,RG,4750,18,F,KZ,KK,D
15:00:00,UNVR,RG,4750,24,F,KZ,RO,D
15:00:00,UNVR,RG,4750,231,F,KZ,DX,F
15:00:00,UNVR,RG,4750,881,F,KZ,DX,F
15:00:00,UNVR,RG,4750,1,D,SQ,DX,F
15:00:00,UNVR,RG,4750,1,D,SQ,DX,F
15:00:00,UNVR,RG,4750,4,D,YP,DX,F
15:00:00,UNVR,RG,4750,1,D,PD,DX,F
15:00:00,UNVR,RG,4750,1720,F,CS,DX,F
15:00:00,UNVR,RG,4750,25,D,OD,DX,F
15:00:00,UNVR,RG,4750,7,D,IF,DX,F
15:00:00,UNVR,RG,4750,10,D,PD,DX,F
15:00:00,UNVR,RG,4750,5,D,XC,DX,F
15:00:00,UNVR,RG,4750,2,D,HP,DX,F
15:00:00,UNVR,RG,4750,2,D,XC,DX,F
15:00:00,UNVR,RG,4750,5,D,CC,DX,F
15:00:00,UNVR,RG,4750,5,D,LG,DX,F
15:00:00,UNVR,RG,4750,13,D,YP,DX,F
15:00:00,UNVR,RG,4750,934,F,CS,DX,F
15:00:00,UNVR,RG,4750,1,D,XC,DX,F
15:00:00,UNVR,RG,4750,2,D,XC,DX,F
15:00:00,UNVR,RG,4750,174,D,YP,DX,F
15:00:00,UNVR,RG,4750,1,D,AZ,DX,F
15:00:00,UNVR,RG,4750,25,D,YP,DX,F
15:00:00,UNVR,RG,4750,10,D,TP,DX,F
15:00:00,UNVR,RG,4750,1,D,CC,DX,F
15:00:00,UNVR,RG,4750,1,D,PD,DX,F
15:00:00,UNVR,RG,4750,152,F,CS,DX,F
15:00:00,UNVR,RG,4750,30,D,YP,DX,F
15:00:00,UNVR,RG,4750,4,D,XC,DX,F
15:00:00,UNVR,RG,4750,2,D,OD,DX,F
15:00:00,UNVR,RG,4750,1,D,YP,DX,F
15:00:00,UNVR,RG,4750,1,D,XC,DX,F
15:00:00,UNVR,RG,4750,21,D,YP,DX,F
15:00:00,UNVR,RG,4750,8,D,YP,DX,F
15:00:00,UNVR,RG,4750,2,D,YP,DX,F
15:00:00,UNVR,RG,4750,8,D,HP,DX,F
15:00:00,UNVR,RG,4750,4,D,XC,DX,F
15:00:00,UNVR,RG,4750,2,D,XC,DX,F
15:00:00,UNVR,RG,4750,1,D,XC,DX,F
15:00:00,UNVR,RG,4750,10,D,YP,DX,F
15:00:00,UNVR,RG,4750,1,D,PD,DX,F
15:00:00,UNVR,RG,4750,3,D,HP,DX,F
15:00:00,UNVR,RG,4750,10,D,YP,DX,F
15:00:00,UNVR,RG,4750,15,D,GR,DX,F
15:00:00,UNVR,RG,4750,200,D,CC,DX,F
15:00:00,UNVR,RG,4750,6,D,YP,DX,F
15:00:00,UNVR,RG,4750,50,D,CC,DX,F
15:00:00,UNVR,RG,4750,5,D,PD,DX,F
15:00:00,UNVR,RG,4750,2,F,ZP,DX,F
15:00:00,UNVR,RG,4750,1,F,ZP,DX,F
15:00:00,UNVR,RG,4750,73,F,ZP,DX,F
15:00:00,UNVR,RG,4750,467,F,ZP,BK,F
15:00:00,UNVR,RG,4750,233,F,ZP,BK,F
15:00:00,UNVR,RG,4750,83,F,ZP,CS,F
15:00:00,UNVR,RG,4750,942,F,ZP,CS,F
15:00:00,UNVR,RG,4750,150,F,AK,CS,F
15:00:00,UNVR,RG,4750,1924,F,DX,CS,F
15:00:00,UNVR,RG,4750,419,D,BK,CS,F
15:00:00,UNVR,RG,4750,966,F,BK,CS,F
15:00:00,UNVR,RG,4750,81,F,BK,DX,F
15:00:00,UNVR,RG,4750,103,F,BK,DX,F
15:00:00,UNVR,RG,4750,50,F,BK,KZ,D
15:00:00,UNVR,RG,4750,165,F,BK,KZ,D
15:00:00,UNVR,RG,4750,586,F,BK,AK,F
15:00:00,UNVR,RG,4750,114,F,CS,AK,F
15:00:00,UNVR,RG,4750,1749,D,LG,AK,F
15:00:00,UNVR,RG,4750,17,D,LG,AK,F
15:00:00,UNVR,RG,4750,323,D,LG,BB,F
15:00:00,UNVR,RG,4750,76,D,LG,BQ,D
15:00:00,UNVR,RG,4750,530,D,LG,YU,F
15:00:00,UNVR,RG,4750,1368,D,LG,YU,F
15:00:00,UNVR,RG,4750,264,D,PD,YU,F
15:00:00,UNVR,RG,4750,2,D,PD,ZP,D
15:00:00,UNVR,RG,4750,13,D,LG,ZP,D
15:00:00,UNVR,RG,4750,7,D,LG,YU,D
14:49:58,UNVR,RG,4780,3,F,ZP,RO,D
14:49:58,UNVR,RG,4780,5,F,ZP,RO,D
14:49:57,UNVR,RG,4780,2,F,ZP,RO,D
14:49:57,UNVR,RG,4780,6,F,ZP,RO,D
14:49:56,UNVR,RG,4780,5,F,ZP,RO,D
14:49:54,UNVR,RG,4780,7,F,ZP,RO,D
14:49:53,UNVR,RG,4780,3,F,ZP,RO,D
14:49:53,UNVR,RG,4780,7,D,HP,RO,D
14:49:50,UNVR,RG,4780,1,F,ZP,RO,D
14:49:50,UNVR,RG,4780,2,F,ZP,RO,D
14:49:49,UNVR,RG,4780,17,F,ZP,RO,D
14:49:49,UNVR,RG,4780,13,F,ZP,RO,D
14:49:49,UNVR,RG,4780,27,F,ZP,RO,D
14:49:44,UNVR,RG,4780,6,F,CS,RO,D
14:49:44,UNVR,RG,4780,11,F,ZP,RO,D
14:49:38,UNVR,RG,4780,12,F,ZP,RO,D
14:49:38,UNVR,RG,4780,1,F,CS,RO,D
14:49:37,UNVR,RG,4780,36,F,CS,RO,D
14:49:33,UNVR,RG,4780,2,D,IF,RO,D
14:49:26,UNVR,RG,4790,35,F,CS,YP,D
14:49:20,UNVR,RG,4760,23,D,YP,DX,F
14:49:19,UNVR,RG,4790,2,F,ZP,YP,D
14:49:16,UNVR,RG,4790,29,F,CS,YP,D
14:49:16,UNVR,RG,4790,10,F,CS,TP,D
14:49:13,UNVR,RG,4760,14,D,YP,DX,F
14:49:13,UNVR,RG,4760,11,D,DH,DX,F
14:49:10,UNVR,RG,4760,3,D,YP,BB,F
14:49:07,UNVR,RG,4760,5,D,YP,BK,F
14:49:07,UNVR,RG,4760,2,D,YP,BB,F
14:49:06,UNVR,RG,4780,1,F,CS,NI,D
14:49:05,UNVR,RG,4790,1,D,EP,BB,F
14:49:05,UNVR,RG,4780,5,D,EP,XC,D
14:49:05,UNVR,RG,4780,2,D,EP,BB,F
14:49:04,UNVR,RG,4780,3,F,CS,BB,F
14:49:04,UNVR,RG,4780,3,F,CS,CC,D
14:49:04,UNVR,RG,4770,1,F,CS,BK,F
14:49:04,UNVR,RG,4770,1,D,PD,BK,F
14:49:01,UNVR,RG,4780,1,F,CS,CC,D
14:49:01,UNVR,RG,4780,26,F,CS,CC,D
14:49:01,UNVR,RG,4770,6,F,CS,BK,F
14:49:01,UNVR,RG,4770,1,F,ZP,BK,F
14:49:01,UNVR,RG,4770,5,F,BK,BK,F
14:48:58,UNVR,RG,4770,15,F,BK,BK,F
14:48:47,UNVR,RG,4780,2,F,CS,CC,D
14:48:46,UNVR,RG,4770,9,F,AK,DX,F
14:48:46,UNVR,RG,4770,56,F,ZP,DX,F
14:48:46,UNVR,RG,4770,50,D,YP,DX,F
14:48:46,UNVR,RG,4770,25,F,ZP,DX,F
14:48:46,UNVR,RG,4770,27,F,ZP,DX,F
14:48:46,UNVR,RG,4770,10,D,YP,DX,F
14:48:46,UNVR,RG,4770,1,D,DH,DX,F
14:48:46,UNVR,RG,4770,1,D,XC,DX,F
14:48:46,UNVR,RG,4790,6,D,KK,BK,F
14:48:46,UNVR,RG,4790,3,D,KK,CC,D
14:48:46,UNVR,RG,4780,1,D,KK,KK,D
14:48:45,UNVR,RG,4780,4,F,AK,DX,F
14:48:45,UNVR,RG,4780,10,F,AK,DX,F
14:48:45,UNVR,RG,4780,51,F,AK,DX,F
14:48:45,UNVR,RG,4780,114,F,CS,DX,F
14:48:45,UNVR,RG,4780,1,F,CS,DX,F
14:48:45,UNVR,RG,4780,1,D,XC,DX,F
14:48:45,UNVR,RG,4780,1,D,PD,DX,F
14:48:45,UNVR,RG,4780,22,D,EP,DX,F
14:48:35,UNVR,RG,4780,1,D,EP,CC,D
14:48:31,UNVR,RG,4780,52,D,EP,YU,F
14:48:31,UNVR,RG,4780,1,D,CC,YU,F
14:48:31,UNVR,RG,4780,19,D,PD,YU,F
14:48:31,UNVR,RG,4780,2,D,KK,YU,F
14:48:24,UNVR,RG,4790,3,F,CS,BB,F
14:48:24,UNVR,RG,4790,3,F,CS,BB,F
14:48:24,UNVR,RG,4790,38,F,CS,OD,D
14:48:24,UNVR,RG,4790,41,F,ZP,OD,D
14:48:24,UNVR,RG,4790,8,F,ZP,OD,D
14:48:16,UNVR,RG,4790,20,F,ZP,PD,D
14:48:13,UNVR,RG,4800,1,D,YB,CP,D
14:48:11,UNVR,RG,4790,8,F,ZP,PD,D
14:48:10,UNVR,RG,4790,1,F,ZP,YP,D
14:48:04,UNVR,RG,4790,34,F,ZP,EP,D
14:48:04,UNVR,RG,4790,47,F,ZP,EP,D
14:48:04,UNVR,RG,4790,319,F,CS,EP,D
14:48:04,UNVR,RG,4790,60,F,CS,KZ,D
14:48:01,UNVR,RG,4790,2,F,CS,XC,D
14:47:59,UNVR,RG,4790,2,F,CS,DR,D
14:47:54,UNVR,RG,4790,20,F,CS,CC,D
14:47:51,UNVR,RG,4790,1,F,CS,NI,D
14:47:47,UNVR,RG,4790,2,F,CS,CC,D
14:47:45,UNVR,RG,4790,100,F,CS,CC,D
14:47:37,UNVR,RG,4790,91,F,CS,YU,D
14:47:37,UNVR,RG,4790,16,F,CS,YU,D
14:47:37,UNVR,RG,4790,4,F,CS,YU,D
14:47:37,UNVR,RG,4790,89,F,ZP,YU,D
14:47:37,UNVR,RG,4790,66,F,ZP,YU,D
14:47:34,UNVR,RG,4790,1,F,ZP,SQ,D
14:47:29,UNVR,RG,4790,33,F,ZP,LG,D
14:47:29,UNVR,RG,4790,17,D,YP,LG,D
14:47:27,UNVR,RG,4790,3,D,YP,YP,D
14:47:26,UNVR,RG,4790,2,F,CS,BB,F
14:47:26,UNVR,RG,4790,38,D,NI,BB,F
14:47:26,UNVR,RG,4790,1,D,NI,CC,D
14:47:26,UNVR,RG,4790,1,D,NI,AK,F
14:47:26,UNVR,RG,4790,10,D,NI,YP,D
14:47:22,UNVR,RG,4790,90,F,CS,YP,D
14:47:22,UNVR,RG,4790,4,F,CS,DH,D
14:47:22,UNVR,RG,4790,1,F,CS,PD,D
14:47:22,UNVR,RG,4790,25,F,CS,YP,D
14:47:22,UNVR,RG,4790,1,F,CS,PD,D
14:47:22,UNVR,RG,4790,57,F,CS,YU,F
14:47:22,UNVR,RG,4790,190,F,CS,YP,D
14:47:17,UNVR,RG,4790,30,F,ZP,YP,D
14:47:17,UNVR,RG,4790,10,F,ZP,CC,D
14:47:17,UNVR,RG,4790,5,F,ZP,YP,D
14:47:17,UNVR,RG,4790,7,F,ZP,YP,D
14:47:17,UNVR,RG,4790,12,F,ZP,YP,D
14:47:17,UNVR,RG,4790,20,F,ZP,PD,D
14:47:17,UNVR,RG,4790,1,F,ZP,YP,D
14:47:17,UNVR,RG,4790,10,F,ZP,CC,D
14:47:17,UNVR,RG,4790,1,F,ZP,KK,D
14:47:17,UNVR,RG,4790,2,F,ZP,BB,F
14:47:17,UNVR,RG,4790,12,F,ZP,BK,F
14:47:17,UNVR,RG,4790,35,F,ZP,BK,F
14:47:17,UNVR,RG,4790,11,F,ZP,NI,D
14:47:17,UNVR,RG,4790,9,F,ZP,NI,D
14:47:17,UNVR,RG,4790,10,F,ZP,CC,D
14:47:17,UNVR,RG,4790,1,F,ZP,CC,D
14:47:17,UNVR,RG,4790,10,F,ZP,CC,D
14:47:17,UNVR,RG,4790,3,F,ZP,YP,D
14:47:17,UNVR,RG,4790,24,F,ZP,YP,D
14:47:17,UNVR,RG,4790,2,F,ZP,NI,D
14:47:17,UNVR,RG,4790,26,F,ZP,DX,F
14:47:16,UNVR,RG,4790,114,D,EP,DX,F
14:47:16,UNVR,RG,4790,2,D,EP,YP,D
14:47:16,UNVR,RG,4790,15,D,EP,IU,D
14:47:16,UNVR,RG,4790,20,D,EP,CC,D
14:47:16,UNVR,RG,4790,1,D,EP,PD,D
14:47:16,UNVR,RG,4790,175,D,EP,KK,D
14:47:16,UNVR,RG,4790,100,D,EP,OD,D
14:47:16,UNVR,RG,4790,5,D,EP,SQ,D
14:47:16,UNVR,RG,4790,25,D,EP,XC,D
14:47:16,UNVR,RG,4790,10,D,EP,YP,D
14:47:16,UNVR,RG,4790,1,D,EP,DR,D
14:47:16,UNVR,RG,4790,100,D,EP,PD,D
14:47:16,UNVR,RG,4790,1,D,EP,PD,D
14:47:16,UNVR,RG,4790,2,D,EP,XC,D
14:47:16,UNVR,RG,4790,1,D,EP,XC,D
14:47:16,UNVR,RG,4790,2,D,EP,XC,D
14:47:16,UNVR,RG,4790,140,D,EP,CP,D
14:47:16,UNVR,RG,4790,5,D,EP,XC,D
14:47:16,UNVR,RG,4790,4,D,EP,DH,D
14:47:16,UNVR,RG,4790,100,D,EP,AZ,D
14:47:16,UNVR,RG,4790,5,D,EP,CC,D
14:47:16,UNVR,RG,4790,1,D,EP,YB,D
14:47:16,UNVR,RG,4790,3,D,EP,YU,D
14:47:16,UNVR,RG,4790,50,D,EP,NI,D
14:47:16,UNVR,RG,4790,250,D,EP,FZ,D
14:47:16,UNVR,RG,4790,1,D,EP,BQ,D
14:47:16,UNVR,RG,4790,4,D,EP,YP,D
14:47:16,UNVR,RG,4790,10,D,EP,LG,D
14:47:16,UNVR,RG,4790,1,D,EP,PD,D
14:47:16,UNVR,RG,4790,1,D,EP,GR,D
14:47:16,UNVR,RG,4790,50,D,EP,NI,D
14:47:16,UNVR,RG,4790,3,D,EP,DR,D
14:47:16,UNVR,RG,4790,3,D,EP,XC,D
14:47:16,UNVR,RG,4790,51,D,EP,OD,D
14:47:16,UNVR,RG,4790,20,D,EP,YP,D
14:47:16,UNVR,RG,4790,2,D,EP,YJ,D
14:47:16,UNVR,RG,4790,20,D,EP,CP,D
14:47:16,UNVR,RG,4790,1,D,EP,XC,D
14:47:16,UNVR,RG,4790,1,D,EP,PD,D
14:47:16,UNVR,RG,4790,2,D,EP,KK,D
14:47:16,UNVR,RG,4790,12,D,EP,DR,D
14:47:16,UNVR,RG,4790,99,D,EP,PD,D
14:47:16,UNVR,RG,4790,1,D,EP,DH,D
14:47:16,UNVR,RG,4790,5,D,EP,CC,D
14:47:16,UNVR,RG,4790,5,D,EP,CC,D
14:47:16,UNVR,RG,4790,5,D,EP,DR,D
14:47:16,UNVR,RG,4790,20,D,EP,SQ,D
14:47:16,UNVR,RG,4790,1,D,EP,SQ,D
14:47:16,UNVR,RG,4790,10,D,EP,NI,D
14:47:16,UNVR,RG,4790,30,D,EP,TP,D
14:47:16,UNVR,RG,4790,8,D,EP,XA,D
14:47:16,UNVR,RG,4790,2,D,EP,KK,D
14:47:16,UNVR,RG,4790,1000,D,EP,YJ,D
14:47:16,UNVR,RG,4790,1,D,EP,KK,D
14:47:16,UNVR,RG,4790,10,D,EP,KK,D
14:47:16,UNVR,RG,4790,16,D,EP,XC,D
14:47:16,UNVR,RG,4790,5,D,EP,XL,D
14:47:16,UNVR,RG,4790,5,D,EP,SQ,D
14:47:16,UNVR,RG,4790,500,D,EP,YB,D
14:47:16,UNVR,RG,4790,1,D,EP,OD,F
14:47:16,UNVR,RG,4790,25,D,EP,YP,D
14:47:16,UNVR,RG,4790,5,D,EP,XC,D
14:47:16,UNVR,RG,4790,11,D,EP,DH,D
14:47:16,UNVR,RG,4790,1,D,EP,YP,D
14:47:16,UNVR,RG,4790,10,D,EP,YP,D
14:47:16,UNVR,RG,4790,23,D,EP,XC,D
14:47:16,UNVR,RG,4790,25,D,EP,PD,D
14:47:16,UNVR,RG,4790,1,D,EP,PC,D
14:47:16,UNVR,RG,4790,5,D,EP,CC,D
14:47:16,UNVR,RG,4790,1,D,EP,SQ,D
14:47:16,UNVR,RG,4790,10,D,EP,XC,D
14:47:16,UNVR,RG,4790,1,D,EP,XC,D
14:47:16,UNVR,RG,4790,15,D,EP,CC,D
14:47:16,UNVR,RG,4790,1,D,EP,YP,D
14:47:16,UNVR,RG,4790,145,D,EP,NI,D
14:47:09,UNVR,RG,4780,10,F,ZP,SQ,D
14:47:08,UNVR,RG,4780,1,F,ZP,CC,D
14:47:08,UNVR,RG,4780,20,F,ZP,YP,D
14:47:05,UNVR,RG,4780,50,F,ZP,YP,D
14:46:57,UNVR,RG,4780,20,F,ZP,OD,D
14:46:55,UNVR,RG,4780,2,F,ZP,DP,D
14:46:53,UNVR,RG,4780,7,F,ZP,EP,D
14:46:53,UNVR,RG,4780,8,F,ZP,EP,D
14:46:53,UNVR,RG,4780,7,F,ZP,EP,D
14:46:53,UNVR,RG,4780,8,F,CS,EP,D
14:46:51,UNVR,RG,4780,5,F,CS,GR,D
14:46:51,UNVR,RG,4780,66,D,PD,GR,D
14:46:41,UNVR,RG,4780,1,D,PD,DP,D
14:46:39,UNVR,RG,4780,2,D,PD,DP,D
14:46:36,UNVR,RG,4780,10,D,PD,RO,D
14:46:35,UNVR,RG,4780,2,D,PD,XC,D
14:46:33,UNVR,RG,4780,10,D,PD,XC,D
14:46:30,UNVR,RG,4780,1,D,PD,YU,D
14:46:21,UNVR,RG,4780,2,D,PD,DP,D
14:46:20,UNVR,RG,4780,1,D,PD,KK,D
14:46:16,UNVR,RG,4780,5,D,PD,SQ,D
14:46:16,UNVR,RG,4780,15,D,PD,CC,D
14:46:13,UNVR,RG,4780,10,D,PD,NI,D
14:46:13,UNVR,RG,4790,6,D,LG,NI,D
14:46:07,UNVR,RG,4780,1,D,PD,CC,D
14:46:03,UNVR,RG,4780,2,D,PD,CC,D
14:45:57,UNVR,RG,4780,3,D,PD,CC,D
14:45:51,UNVR,RG,4780,20,D,PD,EP,D
14:45:47,UNVR,RG,4790,73,F,ZP,NI,D
14:45:47,UNVR,RG,4780,1,D,PD,XC,D
14:45:32,UNVR,RG,4780,20,D,PD,KK,D
14:45:29,UNVR,RG,4780,5,D,PD,CC,D
14:45:26,UNVR,RG,4790,26,F,ZP,NI,D
14:45:26,UNVR,RG,4790,9,F,ZP,YP,D
14:45:26,UNVR,RG,4790,6,F,ZP,DX,D
14:45:24,UNVR,RG,4780,20,D,PD,XC,D
14:45:20,UNVR,RG,4790,30,F,ZP,DX,D
14:45:17,UNVR,RG,4780,11,D,PD,LG,D
14:45:13,UNVR,RG,4780,100,D,PD,YP,D
14:45:09,UNVR,RG,4790,9,F,ZP,DX,D
14:45:09,UNVR,RG,4790,74,F,ZP,YP,D
14:45:09,UNVR,RG,4790,46,F,ZP,YP,D
14:45:09,UNVR,RG,4790,1,F,ZP,XL,D
14:45:09,UNVR,RG,4790,1,F,ZP,AZ,D
14:45:09,UNVR,RG,4790,2,F,ZP,YP,D
14:45:09,UNVR,RG,4780,20,D,PD,CC,D
14:45:09,UNVR,RG,4780,13,D,PD,YP,D
14:45:09,UNVR,RG,4780,14,D,PD,BK,F
14:45:09,UNVR,RG,4780,19,D,PD,BB,F
14:45:09,UNVR,RG,4780,15,D,PD,BK,F
14:45:09,UNVR,RG,4780,34,D,PD,YU,D
14:45:09,UNVR,RG,4780,10,D,PD,DR,D
14:45:09,UNVR,RG,4780,10,D,PD,NI,D
14:45:09,UNVR,RG,4780,5,D,PD,XC,D
14:45:09,UNVR,RG,4780,200,D,PD,CC,D
14:45:09,UNVR,RG,4780,81,D,PD,DX,F
14:45:00,UNVR,RG,4780,41,F,ZP,DX,F
14:45:00,UNVR,RG,4780,18,F,ZP,DX,F
14:45:00,UNVR,RG,4780,10,F,ZP,CC,D
14:45:00,UNVR,RG,4780,1,F,ZP,YP,D
14:45:00,UNVR,RG,4780,50,F,ZP,GR,D
14:45:00,UNVR,RG,4780,4,F,ZP,SQ,D
14:45:00,UNVR,RG,4780,1,F,ZP,SQ,D
14:45:00,UNVR,RG,4780,10,F,ZP,ES,D
14:45:00,UNVR,RG,4780,12,F,ZP,LG,D
14:45:00,UNVR,RG,4780,5,F,ZP,SQ,D
14:45:00,UNVR,RG,4780,23,F,ZP,BB,F
14:45:00,UNVR,RG,4780,10,F,ZP,YU,D
14:44:22,UNVR,RG,4780,22,F,CS,YU,D
14:44:22,UNVR,RG,4780,5,F,CS,YP,D
14:44:22,UNVR,RG,4780,4,F,CS,DH,D
14:44:22,UNVR,RG,4780,5,F,CS,CC,D
14:44:22,UNVR,RG,4780,35,F,CS,YU,F
14:44:11,UNVR,RG,4780,23,F,AK,YU,F
14:44:11,UNVR,RG,4780,10,F,AK,CC,D
14:44:11,UNVR,RG,4780,10,F,AK,GR,D
14:44:11,UNVR,RG,4780,41,F,AK,RO,D
14:44:08,UNVR,RG,4770,1,F,CS,XC,D
14:44:06,UNVR,RG,4780,5,D,YP,RO,D
14:43:57,UNVR,RG,4780,26,F,CS,RO,D
14:43:57,UNVR,RG,4780,9,F,CS,RO,D
14:43:57,UNVR,RG,4780,19,F,CS,RO,D
14:43:57,UNVR,RG,4780,100,F,CS,RO,D
14:43:57,UNVR,RG,4780,14,F,CS,AI,D
14:43:56,UNVR,RG,4780,86,D,YP,AI,D
14:43:56,UNVR,RG,4780,20,D,YP,IU,D
14:43:56,UNVR,RG,4780,29,D,YP,BB,F
14:43:56,UNVR,RG,4780,10,D,YP,YP,D
14:43:56,UNVR,RG,4780,87,D,YP,YP,D
14:43:52,UNVR,RG,4770,5,F,CS,CC,D
14:43:44,UNVR,RG,4770,16,F,CS,XC,D
14:43:33,UNVR,RG,4780,86,F,ZP,YP,D
14:43:33,UNVR,RG,4780,93,F,ZP,YP,D
14:43:25,UNVR,RG,4780,3,D,PD,YP,D
14:42:58,UNVR,RG,4780,19,D,YP,YP,D
14:42:54,UNVR,RG,4780,5,D,YP,YP,D
14:42:50,UNVR,RG,4780,207,F,CC,YP,D
14:42:50,UNVR,RG,4780,20,F,CC,CC,D
14:42:50,UNVR,RG,4780,6,F,CC,CC,D
14:42:50,UNVR,RG,4780,3,F,CC,KK,D
14:42:50,UNVR,RG,4780,9,F,CC,XC,D
14:42:50,UNVR,RG,4780,2,F,CC,XC,D
14:42:50,UNVR,RG,4780,162,F,CC,PD,D
14:42:50,UNVR,RG,4780,33,F,CC,CS,F
14:42:50,UNVR,RG,4780,1,F,CC,CC,D
14:42:50,UNVR,RG,4780,143,F,CC,KZ,D
14:42:50,UNVR,RG,4780,47,F,CC,YU,D
14:42:50,UNVR,RG,4780,10,F,CC,SQ,D
14:42:50,UNVR,RG,4780,1,F,CC,AK,F
14:42:50,UNVR,RG,4780,74,F,CC,BB,F
14:42:50,UNVR,RG,4780,69,F,CC,YU,F
14:42:50,UNVR,RG,4780,1,F,CC,CC,D
14:42:50,UNVR,RG,4780,1,F,CC,LG,D
14:42:50,UNVR,RG,4780,100,F,CC,NI,D
14:42:50,UNVR,RG,4780,10,F,CC,YP,D
14:42:50,UNVR,RG,4780,21,F,CC,SF,D
14:42:50,UNVR,RG,4780,100,F,CC,IP,D
14:42:50,UNVR,RG,4780,4,F,CC,XC,D
14:42:50,UNVR,RG,4780,6,F,CC,NI,D
14:42:50,UNVR,RG,4780,10,F,CC,ES,D
14:42:50,UNVR,RG,4780,20,F,CC,DR,D
14:42:50,UNVR,RG,4780,10,F,CC,ES,D
14:42:50,UNVR,RG,4780,1,F,CC,XC,D
14:42:50,UNVR,RG,4780,64,F,CC,OD,D
14:42:50,UNVR,RG,4780,36,D,PD,OD,D
14:42:50,UNVR,RG,4780,2,D,PD,AT,D
14:42:50,UNVR,RG,4780,16,D,PD,XC,D
14:42:50,UNVR,RG,4780,3,D,PD,YU,D
14:42:50,UNVR,RG,4780,5,D,PD,CC,D
14:42:50,UNVR,RG,4780,4,D,PD,YP,D
14:42:50,UNVR,RG,4780,2,D,PD,YP,D
14:42:50,UNVR,RG,4780,20,D,PD,YP,D
14:42:50,UNVR,RG,4780,2,D,PD,XL,D
14:42:50,UNVR,RG,4780,2,D,PD,XC,D
14:42:50,UNVR,RG,4780,1,D,PD,XC,D
14:42:50,UNVR,RG,4780,20,D,PD,XC,D
14:42:50,UNVR,RG,4780,5,D,PD,KK,D
14:42:50,UNVR,RG,4780,6,D,PD,PD,D
14:42:50,UNVR,RG,4780,5,D,PD,ZP,D
14:42:50,UNVR,RG,4780,5,D,PD,DH,D
14:42:50,UNVR,RG,4780,1,D,PD,PD,D
14:42:50,UNVR,RG,4780,10,D,PD,FS,D
14:42:50,UNVR,RG,4780,1,D,PD,YP,D
14:42:50,UNVR,RG,4780,5,D,PD,NI,D
14:42:50,UNVR,RG,4780,1,D,PD,XL,D
14:42:50,UNVR,RG,4780,10,D,PD,CC,D
14:42:50,UNVR,RG,4780,1,D,PD,NI,D
14:42:50,UNVR,RG,4780,50,D,PD,NI,D
14:42:50,UNVR,RG,4780,1,D,PD,DR,D
14:42:50,UNVR,RG,4780,4,D,PD,XC,D
14:42:50,UNVR,RG,4780,4,D,PD,XC,D
14:42:50,UNVR,RG,4780,1,D,PD,CC,D
14:42:50,UNVR,RG,4780,250,D,PD,YP,D
14:42:50,UNVR,RG,4780,10,D,PD,PD,D
14:42:50,UNVR,RG,4780,5,D,PD,YP,D
14:42:50,UNVR,RG,4780,25,D,PD,YP,D
14:42:50,UNVR,RG,4780,1,D,PD,PD,D
14:42:50,UNVR,RG,4780,20,D,PD,PD,D
14:42:50,UNVR,RG,4780,15,D,PD,NI,D
14:42:50,UNVR,RG,4780,2,D,PD,NI,D
14:42:50,UNVR,RG,4780,8,D,PD,PC,D
14:42:50,UNVR,RG,4780,1,D,PD,XL,D
14:42:50,UNVR,RG,4780,1,D,PD,PD,D
14:42:50,UNVR,RG,4780,1,D,PD,PD,D
14:42:50,UNVR,RG,4780,5,D,PD,AT,D
14:42:50,UNVR,RG,4780,29,D,PD,YP,D
14:42:50,UNVR,RG,4780,5,D,PD,PD,D
14:42:50,UNVR,RG,4780,1,D,PD,PD,D
14:42:50,UNVR,RG,4780,2,D,PD,DH,D
14:42:50,UNVR,RG,4780,100,D,PD,DH,D
14:42:50,UNVR,RG,4780,18,D,PD,XC,D
14:42:50,UNVR,RG,4780,1,D,PD,DR,D
14:42:50,UNVR,RG,4780,10,D,PD,XC,D
14:42:50,UNVR,RG,4780,300,D,PD,DX,D
14:42:50,UNVR,RG,4780,1,D,PD,SQ,D
14:42:50,UNVR,RG,4780,2,D,PD,KK,D
14:42:50,UNVR,RG,4780,11,D,PD,XC,D
14:42:50,UNVR,RG,4780,1,D,PD,XL,D
14:42:50,UNVR,RG,4780,7,D,PD,XC,D
14:42:50,UNVR,RG,4780,25,D,PD,GR,D
14:42:50,UNVR,RG,4780,16,D,PD,YU,D
14:42:43,UNVR,RG,4780,384,D,PD,YU,D
14:42:43,UNVR,RG,4780,100,D,PD,PD,D
14:42:43,UNVR,RG,4780,5,D,PD,CC,D
14:42:43,UNVR,RG,4780,110,D,PD,SQ,D
14:42:43,UNVR,RG,4780,5,D,PD,CC,D
14:42:43,UNVR,RG,4780,10,D,PD,YP,D
14:42:43,UNVR,RG,4780,5,D,PD,CC,D
14:42:43,UNVR,RG,4780,1,D,PD,CC,D
14:42:43,UNVR,RG,4780,1,D,PD,PD,D
14:42:43,UNVR,RG,4780,50,D,PD,YP,D
14:42:43,UNVR,RG,4780,1,D,PD,CC,D
14:42:43,UNVR,RG,4780,5,D,PD,SQ,D
14:42:43,UNVR,RG,4780,10,D,PD,CC,D
14:42:43,UNVR,RG,4780,1,D,PD,PD,D
14:42:43,UNVR,RG,4780,44,D,PD,YB,D
14:42:26,UNVR,RG,4780,20,D,YP,YB,D
14:42:23,UNVR,RG,4780,146,F,AK,YB,D
14:42:22,UNVR,RG,4780,74,F,ZP,YB,D
14:42:22,UNVR,RG,4780,73,F,ZP,YB,D
14:42:22,UNVR,RG,4780,143,F,AK,YB,D
14:42:22,UNVR,RG,4780,1,F,AK,PD,D
14:42:22,UNVR,RG,4780,1,F,AK,NI,D
14:42:22,UNVR,RG,4780,20,F,AK,AT,D
14:42:22,UNVR,RG,4780,1,F,AK,YP,D
14:42:22,UNVR,RG,4780,16,F,AK,XA,D
14:42:22,UNVR,RG,4780,10,F,AK,GR,D
14:42:22,UNVR,RG,4780,200,F,AK,SQ,D
14:42:22,UNVR,RG,4780,500,F,AK,YB,D
14:42:22,UNVR,RG,4780,3,F,AK,LS,D
14:42:22,UNVR,RG,4780,105,F,AK,IF,D
14:42:03,UNVR,RG,4770,16,F,CS,DP,D
14:41:47,UNVR,RG,4770,20,F,CS,OD,D
14:41:35,UNVR,RG,4770,1,F,CS,NI,D
14:41:24,UNVR,RG,4770,12,F,AK,CC,F
14:41:24,UNVR,RG,4770,17,F,AK,BK,F
14:41:24,UNVR,RG,4770,10,F,AK,YP,D
14:41:24,UNVR,RG,4770,10,F,AK,CD,D
14:41:24,UNVR,RG,4770,30,F,AK,CC,D
14:41:24,UNVR,RG,4770,5,F,AK,YP,D
14:41:24,UNVR,RG,4770,30,F,AK,BB,F
14:41:24,UNVR,RG,4770,1,F,AK,AK,F
14:41:24,UNVR,RG,4770,5,F,AK,DR,D
14:41:24,UNVR,RG,4770,20,F,AK,PD,D
14:41:24,UNVR,RG,4770,2,F,AK,PD,D
14:41:24,UNVR,RG,4770,15,F,AK,PD,D
14:41:24,UNVR,RG,4770,11,F,AK,KZ,D
14:41:24,UNVR,RG,4770,1,F,AK,PD,D
14:41:24,UNVR,RG,4770,5,F,AK,SQ,D
14:41:24,UNVR,RG,4770,1,F,AK,CC,D
14:41:24,UNVR,RG,4770,5,F,AK,DR,D
14:41:24,UNVR,RG,4770,10,F,AK,NI,D
14:41:24,UNVR,RG,4770,5,F,AK,PD,D
14:41:24,UNVR,RG,4770,2,F,AK,KK,D
14:41:24,UNVR,RG,4770,25,F,AK,YP,D
14:41:24,UNVR,RG,4770,28,F,AK,KK,D
14:41:24,UNVR,RG,4770,10,F,AK,CC,D
14:41:24,UNVR,RG,4770,20,F,AK,LG,D
14:41:24,UNVR,RG,4770,1,F,AK,NI,D
14:41:24,UNVR,RG,4770,3,F,AK,YU,D
14:41:24,UNVR,RG,4770,1,F,AK,YP,D
14:41:24,UNVR,RG,4770,9,F,AK,DH,D
14:41:24,UNVR,RG,4770,4,F,AK,YP,D
14:41:24,UNVR,RG,4770,1,F,AK,YP,D
14:41:24,UNVR,RG,4770,1,F,AK,XL,D
14:41:24,UNVR,RG,4770,20,F,AK,XC,D
14:41:24,UNVR,RG,4770,15,F,AK,DR,D
14:41:24,UNVR,RG,4770,5,F,AK,LG,D
14:41:24,UNVR,RG,4770,5,F,AK,LG,D
14:41:24,UNVR,RG,4770,40,F,AK,CC,D
14:41:24,UNVR,RG,4770,3,F,AK,PD,D
14:41:24,UNVR,RG,4770,35,F,AK,PD,D
14:41:24,UNVR,RG,4770,11,F,AK,KK,D
14:41:24,UNVR,RG,4770,1,F,AK,DR,D
14:41:24,UNVR,RG,4770,8,F,AK,DX,F
14:41:24,UNVR,RG,4770,2,F,AK,XC,D
14:41:24,UNVR,RG,4770,1,F,AK,XC,D
14:41:24,UNVR,RG,4770,80,F,AK,OD,D
14:41:24,UNVR,RG,4770,10,F,AK,EP,D
14:41:24,UNVR,RG,4770,6,F,AK,PD,D
14:41:24,UNVR,RG,4770,5,F,AK,XC,D
14:41:24,UNVR,RG,4770,10,F,AK,CC,D
14:41:24,UNVR,RG,4770,1,F,AK,CC,D
14:41:24,UNVR,RG,4770,50,F,AK,NI,D
14:41:24,UNVR,RG,4770,10,F,AK,TF,D
14:41:24,UNVR,RG,4770,500,F,AK,YB,D
14:41:24,UNVR,RG,4770,500,F,AK,YB,D
14:41:24,UNVR,RG,4770,8,F,AK,YB,D
14:41:24,UNVR,RG,4770,492,F,AK,YB,D
14:41:24,UNVR,RG,4770,10,F,AK,CC,D
14:41:24,UNVR,RG,4770,50,F,AK,OD,D
14:41:24,UNVR,RG,4770,21,F,AK,XL,D
14:41:24,UNVR,RG,4770,10,F,AK,EP,D
14:41:24,UNVR,RG,4770,3,F,AK,EP,D
14:41:24,UNVR,RG,4770,10,F,AK,KZ,D
14:41:24,UNVR,RG,4770,100,F,AK,NI,D
14:41:24,UNVR,RG,4770,3,F,AK,CC,D
14:41:24,UNVR,RG,4770,10,F,AK,NI,D
14:41:24,UNVR,RG,4770,9,F,AK,KZ,D
14:41:24,UNVR,RG,4770,12,F,AK,YP,D
14:41:24,UNVR,RG,4770,1,F,AK,KK,D
14:41:24,UNVR,RG,4770,250,F,AK,YP,D
14:41:24,UNVR,RG,4770,1,F,AK,XC,D
14:41:24,UNVR,RG,4770,1,F,AK,KK,D
14:41:24,UNVR,RG,4770,10,F,AK,KK,D
14:41:24,UNVR,RG,4770,10,F,AK,PD,D
14:41:24,UNVR,RG,4770,30,F,AK,HP,D
14:41:24,UNVR,RG,4770,1,F,AK,PD,D
14:41:24,UNVR,RG,4770,100,F,AK,DH,D
14:41:24,UNVR,RG,4770,4,F,AK,CC,D
14:41:24,UNVR,RG,4770,23,F,AK,CC,D
14:41:24,UNVR,RG,4770,1,F,AK,KK,D
14:41:24,UNVR,RG,4770,10,F,AK,PD,D
14:41:24,UNVR,RG,4770,5,F,AK,SQ,D
14:41:24,UNVR,RG,4770,20,F,AK,YP,D
14:41:24,UNVR,RG,4770,1,F,AK,XL,D
14:41:24,UNVR,RG,4770,100,F,AK,EL,D
14:41:24,UNVR,RG,4770,2,F,AK,CC,D
14:41:24,UNVR,RG,4770,7,F,AK,SQ,D
14:41:24,UNVR,RG,4770,1,F,AK,XL,D
14:41:24,UNVR,RG,4770,10,F,AK,CC,D
14:41:24,UNVR,RG,4770,1,F,AK,NI,D
14:41:24,UNVR,RG,4770,581,F,AK,NI,D
14:41:24,UNVR,RG,4770,1000,F,BK,NI,D
14:41:23,UNVR,RG,4770,915,F,BK,NI,D
14:41:23,UNVR,RG,4770,85,F,BK,YB,D
14:41:23,UNVR,RG,4770,415,F,BK,YB,D
14:41:23,UNVR,RG,4770,500,F,BK,YB,D
14:41:23,UNVR,RG,4770,15,F,BK,XC,D
14:41:23,UNVR,RG,4770,70,F,BK,YP,D
14:41:14,UNVR,RG,4770,60,F,ZP,YP,D
14:41:07,UNVR,RG,4770,69,F,ZP,YP,D
14:41:07,UNVR,RG,4760,1,F,AK,AK,F
14:41:07,UNVR,RG,4760,22,F,AK,KK,D
14:41:07,UNVR,RG,4760,100,F,AK,AG,D
14:41:07,UNVR,RG,4760,10,F,AK,KZ,D
14:41:07,UNVR,RG,4760,10,F,AK,KK,D
14:41:07,UNVR,RG,4760,146,F,AK,DX,F
14:41:07,UNVR,RG,4760,10,F,AK,XC,D
14:41:07,UNVR,RG,4760,31,F,AK,DP,D
14:41:07,UNVR,RG,4760,1,F,AK,CC,D
14:41:07,UNVR,RG,4760,139,F,AK,DX,F
14:41:07,UNVR,RG,4760,140,F,AK,KZ,D
14:41:07,UNVR,RG,4760,1,F,AK,AK,F
14:41:07,UNVR,RG,4760,140,F,AK,DX,F
14:41:07,UNVR,RG,4760,32,F,AK,CS,F
14:41:07,UNVR,RG,4760,13,F,AK,DX,F
14:41:07,UNVR,RG,4760,5,F,AK,BK,F
14:41:07,UNVR,RG,4760,9,F,AK,BK,F
14:41:07,UNVR,RG,4760,140,F,AK,DX,F
14:41:07,UNVR,RG,4760,7,F,AK,CC,F
14:41:07,UNVR,RG,4760,32,F,AK,BK,F
14:41:07,UNVR,RG,4760,147,F,AK,DX,F
14:41:07,UNVR,RG,4760,15,F,AK,BK,F
14:41:07,UNVR,RG,4760,5,F,AK,YP,D
14:41:07,UNVR,RG,4760,13,F,AK,DX,F
14:41:07,UNVR,RG,4760,70,F,AK,YU,F
14:41:07,UNVR,RG,4760,4,F,AK,XC,D
14:41:07,UNVR,RG,4760,146,F,AK,DX,F
14:41:07,UNVR,RG,4760,28,F,AK,BK,F
14:41:07,UNVR,RG,4760,15,F,AK,BK,F
14:41:07,UNVR,RG,4760,19,F,AK,CS,F
14:41:07,UNVR,RG,4760,12,F,AK,DX,F
14:41:07,UNVR,RG,4760,140,F,AK,DX,F
14:41:07,UNVR,RG,4760,67,F,AK,YU,F
14:41:07,UNVR,RG,4760,26,F,AK,BK,F
14:41:07,UNVR,RG,4760,55,F,AK,DX,F
14:41:07,UNVR,RG,4760,89,F,BK,DX,F
14:41:07,UNVR,RG,4760,11,F,BK,DX,F
14:41:07,UNVR,RG,4760,7,F,BK,XC,D
14:41:07,UNVR,RG,4760,30,F,BK,BB,F
14:41:07,UNVR,RG,4760,1,F,BK,AK,F
14:41:07,UNVR,RG,4760,12,F,BK,CS,F
14:41:07,UNVR,RG,4760,16,F,BK,BK,F
14:41:07,UNVR,RG,4760,16,F,BK,BK,F
14:41:07,UNVR,RG,4760,144,F,BK,DX,F
14:41:07,UNVR,RG,4760,30,F,BK,YU,D
14:41:07,UNVR,RG,4760,141,F,BK,DX,F
14:41:07,UNVR,RG,4760,20,F,BK,IU,D
14:41:07,UNVR,RG,4760,13,F,BK,DX,F
14:41:07,UNVR,RG,4760,1,F,BK,XC,D
14:41:07,UNVR,RG,4760,1,F,BK,AK,F
14:41:07,UNVR,RG,4760,1,F,BK,AK,F
14:41:07,UNVR,RG,4760,5,F,BK,DR,D
14:41:07,UNVR,RG,4760,15,F,BK,DX,F
14:41:07,UNVR,RG,4760,5,F,BK,XC,D
14:41:07,UNVR,RG,4760,50,F,BK,PD,D
14:41:07,UNVR,RG,4760,5,F,BK,PD,D
14:41:07,UNVR,RG,4760,19,F,BK,DX,F
14:40:56,UNVR,RG,4760,11,F,BK,DX,F
14:40:46,UNVR,RG,4750,2,D,PD,NI,D
14:40:45,UNVR,RG,4760,88,F,BK,DX,F
14:40:45,UNVR,RG,4760,1,F,BK,XC,D
14:40:45,UNVR,RG,4760,16,F,BK,DX,F
14:40:31,UNVR,RG,4750,14,D,CC,BK,F
14:40:27,UNVR,RG,4760,67,F,AK,DX,F
14:40:27,UNVR,RG,4760,20,F,AK,YU,D
14:40:27,UNVR,RG,4760,19,F,ZP,YU,D
14:40:27,UNVR,RG,4760,3,F,ZP,XC,D
14:40:27,UNVR,RG,4760,2,F,ZP,SQ,D
14:40:27,UNVR,RG,4760,1,F,ZP,YP,D
14:40:27,UNVR,RG,4760,11,F,ZP,OD,D
14:40:25,UNVR,RG,4760,39,F,BK,OD,D
14:40:25,UNVR,RG,4760,500,F,BK,BS,D
14:40:25,UNVR,RG,4760,2,F,BK,YB,D
14:40:25,UNVR,RG,4760,10,F,BK,YP,D
14:40:25,UNVR,RG,4760,87,F,BK,DX,F
14:40:25,UNVR,RG,4760,329,F,BK,PD,D
14:40:25,UNVR,RG,4760,162,F,BK,PD,D
14:40:24,UNVR,RG,4760,1000,F,BK,PD,D
14:40:23,UNVR,RG,4760,15,D,XC,PD,D
14:40:23,UNVR,RG,4760,1000,F,BK,PD,D
14:40:23,UNVR,RG,4760,5,F,AK,PD,D
14:40:23,UNVR,RG,4760,161,F,AK,PD,D
14:40:22,UNVR,RG,4760,1000,F,BK,PD,D
14:40:22,UNVR,RG,4760,6,F,ZP,PD,D
14:40:18,UNVR,RG,4750,16,D,CC,BK,F
14:40:17,UNVR,RG,4760,62,F,ZP,PD,D
14:40:17,UNVR,RG,4760,906,D,CC,PD,D
14:40:15,UNVR,RG,4750,2,D,XC,AK,F
14:40:03,UNVR,RG,4750,5,D,XC,YP,D
14:40:03,UNVR,RG,4750,42,D,XC,DX,F
14:40:03,UNVR,RG,4750,65,F,BK,DX,F
14:40:00,UNVR,RG,4750,70,F,BK,YU,D
14:39:55,UNVR,RG,4750,14,F,BK,BK,F
14:39:46,UNVR,RG,4760,58,F,ZP,PD,D
14:39:46,UNVR,RG,4760,64,F,ZP,PD,D
14:39:40,UNVR,RG,4750,1,F,BK,EP,D
14:39:39,UNVR,RG,4750,59,F,BK,BB,F
14:39:32,UNVR,RG,4750,104,F,BK,DX,F
14:39:23,UNVR,RG,4750,73,F,BK,YU,F
14:39:18,UNVR,RG,4750,27,F,BK,CS,F
14:39:18,UNVR,RG,4750,14,F,BK,BK,F
14:39:04,UNVR,RG,4750,52,F,BK,XC,D
14:38:58,UNVR,RG,4750,107,F,BK,DX,F
14:38:48,UNVR,RG,4750,16,F,BK,BK,F
14:38:46,UNVR,RG,4750,1,F,BK,SQ,D
14:38:42,UNVR,RG,4750,20,F,BK,DP,D
14:38:30,UNVR,RG,4750,7,F,BK,BK,F
14:38:30,UNVR,RG,4750,9,F,CS,BK,F
14:38:24,UNVR,RG,4750,100,F,CS,DX,F
14:38:10,UNVR,RG,4750,5,F,CS,KK,D
14:38:04,UNVR,RG,4750,10,F,CS,NI,D
14:37:53,UNVR,RG,4750,4,F,CS,PD,D
14:37:51,UNVR,RG,4750,105,F,CS,DX,F
14:37:48,UNVR,RG,4750,15,F,CS,BK,F
14:37:47,UNVR,RG,4750,15,F,CS,NI,D
14:37:30,UNVR,RG,4750,1,F,CS,AK,F
14:37:23,UNVR,RG,4750,14,F,CS,BK,F
14:37:23,UNVR,RG,4750,2,D,CC,BK,F
14:37:14,UNVR,RG,4750,13,D,CC,YU,F
14:37:14,UNVR,RG,4750,5,D,CC,YU,F
14:37:14,UNVR,RG,4750,37,F,CS,YU,F
14:37:14,UNVR,RG,4750,4,F,CS,YU,F
14:37:13,UNVR,RG,4750,38,F,CS,DX,F
14:37:13,UNVR,RG,4750,57,F,ZP,DX,F
14:37:13,UNVR,RG,4750,9,F,ZP,DX,F
14:37:07,UNVR,RG,4750,15,F,ZP,BK,F
14:37:00,UNVR,RG,4750,10,F,ZP,NI,D
14:37:00,UNVR,RG,4750,19,F,ZP,YU,D
14:37:00,UNVR,RG,4750,22,D,AT,YU,D
14:37:00,UNVR,RG,4750,14,D,PD,YU,D
14:37:00,UNVR,RG,4750,29,F,CS,YU,D
14:36:41,UNVR,RG,4750,61,F,CS,DX,F
14:36:41,UNVR,RG,4750,32,F,BK,DX,F
14:36:39,UNVR,RG,4750,63,F,BK,BB,F
14:36:26,UNVR,RG,4750,2,F,BK,EP,D
14:36:26,UNVR,RG,4750,2,F,CS,EP,D
14:36:23,UNVR,RG,4750,20,F,CS,CS,F
14:36:08,UNVR,RG,4750,61,F,CS,DX,F
14:36:08,UNVR,RG,4750,36,F,ZP,DX,F
14:36:05,UNVR,RG,4750,1,F,ZP,YP,D
14:36:02,UNVR,RG,4750,6,F,ZP,PD,D
14:35:33,UNVR,RG,4750,1,F,ZP,EP,D
14:35:10,UNVR,RG,4750,7,F,ZP,YU,F
14:35:10,UNVR,RG,4750,46,F,ZP,YU,F
14:35:10,UNVR,RG,4750,14,F,CS,YU,F
14:34:27,UNVR,RG,4760,3,D,YP,PD,D
14:34:27,UNVR,RG,4760,1,D,YP,XC,D
14:34:14,UNVR,RG,4750,10,F,CS,DR,D
14:33:36,UNVR,RG,4750,5,F,CS,YP,D
14:33:33,UNVR,RG,4750,1,F,CS,XC,D
14:33:30,UNVR,RG,4750,48,F,CS,BB,F
14:32:54,UNVR,RG,4750,74,F,CS,YU,F
14:32:06,UNVR,RG,4750,20,F,CS,CP,D
14:32:00,UNVR,RG,4750,76,F,CS,YU,D
14:31:46,UNVR,RG,4760,1,D,IF,XL,D
14:31:23,UNVR,RG,4750,2,F,CS,PD,D
14:31:18,UNVR,RG,4750,3,F,CS,PD,D
14:31:14,UNVR,RG,4750,121,F,CS,YP,D
14:31:03,UNVR,RG,4750,14,F,CS,YP,D
14:31:01,UNVR,RG,4750,40,F,CS,XC,D
14:30:42,UNVR,RG,4750,1,F,CS,PD,D
14:30:41,UNVR,RG,4750,9,F,CS,CP,D
14:30:26,UNVR,RG,4750,1,F,CS,PD,D
14:30:25,UNVR,RG,4750,2,F,CS,NI,D
14:30:23,UNVR,RG,4750,35,F,CS,GR,D
14:30:10,UNVR,RG,4750,1,F,CS,XC,D
14:30:07,UNVR,RG,4750,10,F,CS,PD,D
14:29:51,UNVR,RG,4750,140,F,CS,YP,D
14:29:20,UNVR,RG,4750,2,F,CS,DR,D
14:29:19,UNVR,RG,4750,9,F,CS,DR,D
14:29:00,UNVR,RG,4750,69,F,CS,YU,D
14:28:55,UNVR,RG,4750,8,F,CS,XC,D
14:28:21,UNVR,RG,4750,31,F,CS,ZP,D
14:27:51,UNVR,RG,4760,1,D,XC,YP,D
14:27:25,UNVR,RG,4750,1,F,CS,XC,D
14:27:13,UNVR,RG,4750,2,F,CS,XC,D
14:27:02,UNVR,RG,4750,59,F,CS,YU,F
14:27:01,UNVR,RG,4750,17,F,CS,BB,F
14:27:01,UNVR,RG,4750,108,F,AK,AI,D
14:27:01,UNVR,RG,4750,2,F,CS,AI,D
14:27:01,UNVR,RG,4750,150,F,CS,AI,D
14:27:01,UNVR,RG,4750,4,D,CC,AI,D
14:27:01,UNVR,RG,4750,26,F,BK,AI,D
14:27:01,UNVR,RG,4750,51,F,ZP,AI,D
14:27:01,UNVR,RG,4750,46,F,ZP,AI,D
14:27:01,UNVR,RG,4750,613,D,PD,AI,D
14:27:00,UNVR,RG,4750,118,D,PD,CC,D
14:27:00,UNVR,RG,4750,32,F,ZP,CC,D
14:26:29,UNVR,RG,4750,78,F,ZP,KZ,D
14:26:29,UNVR,RG,4750,57,F,ZP,KZ,D
14:26:26,UNVR,RG,4750,64,F,ZP,YU,F
14:26:25,UNVR,RG,4750,85,F,CC,BB,F
14:26:25,UNVR,RG,4750,15,F,CC,CS,F
14:26:25,UNVR,RG,4750,2,F,CC,CS,F
14:26:25,UNVR,RG,4750,377,F,CC,AI,D
14:26:25,UNVR,RG,4750,110,F,CS,AI,D
14:26:25,UNVR,RG,4750,100,F,CS,AI,D
14:26:25,UNVR,RG,4750,196,F,CS,AI,D
14:26:25,UNVR,RG,4750,2000,F,BK,AI,D
14:26:25,UNVR,RG,4750,5,D,OD,AI,D
14:26:25,UNVR,RG,4750,20,D,DH,AI,D
14:26:25,UNVR,RG,4750,1,D,CC,AI,D
14:26:25,UNVR,RG,4750,5,D,XC,AI,D
14:26:25,UNVR,RG,4750,10,F,CS,AI,D
14:26:25,UNVR,RG,4750,91,F,CS,AI,D
14:26:25,UNVR,RG,4750,241,F,CS,AI,D
14:26:25,UNVR,RG,4750,731,D,PD,AI,D
14:26:25,UNVR,RG,4750,5,D,CC,AI,D
14:26:25,UNVR,RG,4750,2,D,PD,AI,D
14:26:25,UNVR,RG,4750,175,F,BK,AI,D
14:26:25,UNVR,RG,4750,15,F,CS,AI,D
14:26:25,UNVR,RG,4750,66,F,CS,AI,D
14:26:25,UNVR,RG,4750,119,F,CS,AI,D
14:26:25,UNVR,RG,4750,60,F,AK,AI,D
14:26:25,UNVR,RG,4750,27,F,ZP,AI,D
14:26:25,UNVR,RG,4750,35,F,ZP,AI,D
14:26:25,UNVR,RG,4750,309,F,ZP,AI,D
14:26:25,UNVR,RG,4750,300,F,ZP,AI,D
14:26:10,UNVR,RG,4750,29,F,ZP,NI,D
14:23:45,UNVR,RG,4750,2,F,ZP,XC,D
14:23:44,UNVR,RG,4750,3,F,ZP,CC,D
14:23:32,UNVR,RG,4750,10,F,ZP,ZP,D
14:23:21,UNVR,RG,4760,9,F,CS,YP,D
14:23:21,UNVR,RG,4760,15,F,CS,BK,F
14:23:21,UNVR,RG,4760,14,F,CS,BK,F
14:23:21,UNVR,RG,4760,111,F,CS,DX,F
14:23:21,UNVR,RG,4750,1,F,BK,AK,F
14:23:21,UNVR,RG,4750,1,F,BK,AK,F
14:23:21,UNVR,RG,4750,42,F,BK,YU,D
14:23:21,UNVR,RG,4750,29,F,BK,CS,F
14:23:21,UNVR,RG,4750,20,F,BK,PD,D
14:23:21,UNVR,RG,4750,10,F,BK,NI,D
14:23:21,UNVR,RG,4750,13,F,BK,DX,F
14:23:21,UNVR,RG,4750,63,F,BK,YU,F
14:23:21,UNVR,RG,4750,5,F,BK,BK,F
14:23:21,UNVR,RG,4750,21,F,BK,KK,D
14:23:21,UNVR,RG,4750,11,F,BK,DX,F
14:23:21,UNVR,RG,4750,14,F,BK,DX,F
14:23:21,UNVR,RG,4750,5,F,BK,XC,D
14:23:21,UNVR,RG,4750,150,F,BK,YP,D
14:23:21,UNVR,RG,4750,37,F,BK,YU,F
14:23:21,UNVR,RG,4750,36,F,BK,YU,F
14:23:21,UNVR,RG,4750,22,F,BK,NI,D
14:23:21,UNVR,RG,4750,11,F,BK,DX,F
14:23:21,UNVR,RG,4750,150,F,BK,DX,F
14:23:21,UNVR,RG,4750,12,F,BK,DX,F
14:23:21,UNVR,RG,4750,1,F,BK,LG,D
14:23:21,UNVR,RG,4750,12,F,BK,DX,F
14:23:21,UNVR,RG,4750,3,F,BK,YP,D
14:23:21,UNVR,RG,4750,149,F,BK,DX,F
14:23:21,UNVR,RG,4750,12,F,BK,DX,F
14:23:21,UNVR,RG,4750,1,F,BK,LG,D
14:23:21,UNVR,RG,4750,3,F,BK,BK,F
14:23:21,UNVR,RG,4750,141,F,BK,DX,F
14:23:21,UNVR,RG,4750,25,F,BK,CC,D
14:23:21,UNVR,RG,4750,12,F,BK,DX,F
14:23:21,UNVR,RG,4750,10,F,BK,DR,D
14:23:21,UNVR,RG,4750,11,F,BK,DX,F
14:23:21,UNVR,RG,4750,141,F,BK,DX,F
14:23:21,UNVR,RG,4750,2,F,BK,YP,D
14:23:21,UNVR,RG,4750,78,F,BK,DP,D
14:23:21,UNVR,RG,4750,3,F,BK,NI,D
14:23:21,UNVR,RG,4750,144,F,BK,DX,F
14:23:21,UNVR,RG,4750,1,F,BK,YP,D
14:23:21,UNVR,RG,4750,12,F,BK,DX,F
14:23:21,UNVR,RG,4750,37,F,BK,BK,F
14:23:21,UNVR,RG,4750,13,F,BK,DX,F
14:23:21,UNVR,RG,4750,1,F,BK,AK,F
14:23:21,UNVR,RG,4750,300,F,BK,OD,D
14:23:21,UNVR,RG,4750,139,F,BK,DX,F
14:23:21,UNVR,RG,4750,105,F,BK,CC,D
14:23:21,UNVR,RG,4750,18,F,BK,BK,F
14:23:21,UNVR,RG,4750,36,F,BK,BK,F
14:23:21,UNVR,RG,4750,14,F,BK,DX,F
14:23:21,UNVR,RG,4750,141,F,BK,DX,F
14:23:21,UNVR,RG,4750,1,F,BK,AK,F
14:23:21,UNVR,RG,4750,13,F,BK,DX,F
14:23:21,UNVR,RG,4750,17,F,BK,BK,F
14:23:21,UNVR,RG,4750,34,F,BK,BK,F
14:23:21,UNVR,RG,4750,15,F,BK,DX,F
14:23:21,UNVR,RG,4750,67,F,BK,DX,F
14:23:21,UNVR,RG,4750,76,F,BK,DX,F
14:23:21,UNVR,RG,4750,3,F,BK,CS,F
14:23:21,UNVR,RG,4750,19,F,BK,BK,F
14:23:21,UNVR,RG,4750,11,F,BK,DX,F
14:23:21,UNVR,RG,4750,35,F,BK,BK,F
14:23:21,UNVR,RG,4750,21,F,BK,CS,F
14:23:21,UNVR,RG,4750,800,F,BK,YP,D
14:23:21,UNVR,RG,4750,148,F,BK,DX,F
14:23:21,UNVR,RG,4750,14,F,BK,CS,F
14:23:21,UNVR,RG,4750,9,F,BK,CS,F
14:23:21,UNVR,RG,4750,32,F,BK,BK,F
14:23:21,UNVR,RG,4750,16,F,BK,BK,F
14:23:21,UNVR,RG,4750,1,F,BK,AK,F
14:23:21,UNVR,RG,4750,26,F,BK,YU,D
14:23:21,UNVR,RG,4750,148,F,BK,DX,F
14:23:21,UNVR,RG,4750,2,F,BK,PD,D
14:23:21,UNVR,RG,4750,14,F,BK,DX,F
14:23:21,UNVR,RG,4750,9,F,BK,XC,D
14:23:21,UNVR,RG,4750,79,F,BK,BK,F
14:23:21,UNVR,RG,4750,47,F,BK,BK,F
14:23:21,UNVR,RG,4750,70,F,BK,KZ,D
14:23:21,UNVR,RG,4750,144,F,BK,DX,F
14:23:21,UNVR,RG,4750,9,F,BK,CS,F
14:23:21,UNVR,RG,4750,166,F,BK,DX,F
14:23:21,UNVR,RG,4750,96,F,BK,BB,F
14:23:21,UNVR,RG,4750,13,F,BK,CS,F
14:23:21,UNVR,RG,4750,492,F,BK,AI,D
14:23:10,UNVR,RG,4750,158,F,AK,AI,D
14:23:10,UNVR,RG,4740,15,D,YP,BK,F
14:23:03,UNVR,RG,4750,84,F,AK,AI,D
14:22:59,UNVR,RG,4750,731,D,PD,AI,D
14:22:44,UNVR,RG,4740,13,D,YP,DX,F
14:22:44,UNVR,RG,4740,1,D,PD,DX,F
14:22:44,UNVR,RG,4740,132,F,KZ,DX,F
14:22:33,UNVR,RG,4740,5,F,KZ,CC,D
14:22:30,UNVR,RG,4740,1,F,KZ,AK,F
14:22:27,UNVR,RG,4740,105,F,KZ,BB,F
14:22:03,UNVR,RG,4740,16,F,KZ,BK,F
14:22:00,UNVR,RG,4740,86,F,KZ,YU,D
14:21:58,UNVR,RG,4740,95,F,KZ,DX,F
14:21:58,UNVR,RG,4740,52,F,CS,DX,F
14:21:46,UNVR,RG,4740,13,F,CS,BK,F
14:21:46,UNVR,RG,4740,2,F,ZP,BK,F
14:21:34,UNVR,RG,4740,1,F,ZP,XC,D
14:21:07,UNVR,RG,4740,90,F,ZP,DX,F
14:21:07,UNVR,RG,4740,55,F,ZP,DX,F
14:20:55,UNVR,RG,4740,16,F,ZP,BK,F
14:20:31,UNVR,RG,4740,4,F,ZP,PD,D
14:20:23,UNVR,RG,4740,1,F,ZP,XC,D
14:20:22,UNVR,RG,4740,4,F,ZP,PD,D
14:20:19,UNVR,RG,4740,21,F,ZP,DX,F
14:20:19,UNVR,RG,4740,10,D,YP,DX,F
14:20:19,UNVR,RG,4740,112,F,CS,DX,F
14:20:04,UNVR,RG,4740,120,F,CS,KZ,D
14:19:50,UNVR,RG,4740,15,F,CS,BK,F
14:19:37,UNVR,RG,4740,15,F,CS,BK,F
14:19:30,UNVR,RG,4740,1,F,CS,AK,F
14:19:05,UNVR,RG,4740,148,F,CS,DX,F
14:19:01,UNVR,RG,4740,20,F,CS,EP,D
14:18:43,UNVR,RG,4740,6,F,CS,PD,D
14:18:38,UNVR,RG,4740,17,F,CS,BK,F
14:18:14,UNVR,RG,4740,40,F,CS,CS,F
14:17:49,UNVR,RG,4740,6,F,CS,BB,F
14:17:49,UNVR,RG,4740,1,D,YP,BB,F
14:17:49,UNVR,RG,4740,10,D,CC,BB,F
14:17:49,UNVR,RG,4740,95,F,KZ,BB,F
14:17:39,UNVR,RG,4740,14,F,KZ,BK,F
14:17:35,UNVR,RG,4740,16,F,KZ,BK,F
14:17:00,UNVR,RG,4740,63,F,KZ,YU,D
14:16:45,UNVR,RG,4740,81,F,KZ,YP,D
14:16:14,UNVR,RG,4740,18,F,KZ,BK,F
14:15:50,UNVR,RG,4750,5,F,AK,AI,D
14:15:50,UNVR,RG,4750,54,F,AK,AI,D
14:15:37,UNVR,RG,4740,14,F,KZ,BK,F
14:15:26,UNVR,RG,4750,731,D,PD,AI,D
14:15:10,UNVR,RG,4740,15,F,KZ,BK,F
14:14:37,UNVR,RG,4740,2,F,KZ,DR,D
14:14:02,UNVR,RG,4740,15,F,KZ,BK,F
14:14:00,UNVR,RG,4740,19,F,KZ,YU,D
14:14:00,UNVR,RG,4740,1,D,NI,YU,D
14:14:00,UNVR,RG,4740,39,D,YP,YU,D
14:13:51,UNVR,RG,4740,2,D,YP,AT,D
14:13:19,UNVR,RG,4740,16,D,YP,BK,F
14:12:54,UNVR,RG,4740,65,D,YP,EP,D
14:12:39,UNVR,RG,4740,69,D,YP,KZ,D
14:12:38,UNVR,RG,4740,59,D,YP,BB,F
14:12:38,UNVR,RG,4740,2,D,SQ,BB,F
14:12:38,UNVR,RG,4740,6,F,KZ,BB,F
14:12:38,UNVR,RG,4740,32,F,ZP,BB,F
14:12:38,UNVR,RG,4740,14,F,ZP,BB,F
14:12:28,UNVR,RG,4740,2,F,ZP,NI,D
14:12:23,UNVR,RG,4740,14,F,ZP,BK,F
14:12:23,UNVR,RG,4740,9,F,KZ,BK,F
14:12:08,UNVR,RG,4740,1,F,KZ,YP,D
14:11:46,UNVR,RG,4740,31,F,KZ,CS,F
14:11:17,UNVR,RG,4740,14,F,KZ,BK,F
14:10:30,UNVR,RG,4750,216,D,CC,AI,D
14:09:48,UNVR,RG,4750,2,D,KK,AI,D
14:09:37,UNVR,RG,4740,4,F,KZ,CC,D
14:09:14,UNVR,RG,4750,5,D,GR,AI,D
14:09:11,UNVR,RG,4750,1,D,NI,AI,D
14:08:45,UNVR,RG,4750,2,D,XC,AI,D
14:08:16,UNVR,RG,4750,1,D,YU,AI,D
14:08:00,UNVR,RG,4740,56,F,KZ,YU,D
14:07:04,UNVR,RG,4740,16,F,KZ,AG,D
14:07:03,UNVR,RG,4740,1,F,KZ,BQ,D
14:06:55,UNVR,RG,4740,62,F,KZ,BB,F
14:06:22,UNVR,RG,4740,30,F,KZ,CS,F
14:05:07,UNVR,RG,4750,216,D,CC,AI,D
14:05:05,UNVR,RG,4740,3,F,KZ,XC,D
14:04:54,UNVR,RG,4740,25,F,KZ,PD,D
14:04:45,UNVR,RG,4740,3,F,KZ,DR,D
14:03:59,UNVR,RG,4740,2,F,KZ,YB,D
14:03:52,UNVR,RG,4740,4,F,KZ,BQ,D
14:03:18,UNVR,RG,4740,15,F,KZ,XC,D
14:02:48,UNVR,RG,4750,2,D,PD,AI,D
14:02:12,UNVR,RG,4750,5,D,SQ,AI,D
14:02:11,UNVR,RG,4750,20,D,NI,AI,D
14:02:11,UNVR,RG,4750,133,F,CS,AI,D
14:02:11,UNVR,RG,4750,136,F,CS,AI,D
14:02:11,UNVR,RG,4750,750,F,BK,AI,D
14:02:11,UNVR,RG,4750,42,F,AK,AI,D
14:02:11,UNVR,RG,4750,110,F,CS,AI,D
14:02:11,UNVR,RG,4750,731,D,PD,AI,D
14:02:11,UNVR,RG,4750,10,D,TP,AI,D
14:02:11,UNVR,RG,4750,28,F,ZP,AI,D
14:02:11,UNVR,RG,4750,29,F,ZP,AI,D
14:02:11,UNVR,RG,4750,5,D,SQ,AI,D
14:02:11,UNVR,RG,4750,301,F,CS,AI,D
14:01:50,UNVR,RG,4750,10,F,CS,NI,D
14:01:23,UNVR,RG,4750,1,F,CS,PD,D
14:01:12,UNVR,RG,4750,1,F,CS,BB,F
14:01:07,UNVR,RG,4750,1,F,CS,NI,D
14:01:02,UNVR,RG,4750,11,F,CS,DR,D
14:00:54,UNVR,RG,4750,161,F,CS,XC,D
14:00:28,UNVR,RG,4750,5,F,CS,NI,D
14:00:08,UNVR,RG,4760,25,D,AZ,DX,F
13:59:59,UNVR,RG,4750,1,F,CS,XC,D
13:59:43,UNVR,RG,4750,2,F,CS,SQ,D
13:59:41,UNVR,RG,4750,10,F,CS,DX,F
13:59:41,UNVR,RG,4750,2,F,ZP,DX,F
13:59:41,UNVR,RG,4750,2,F,ZP,DX,F
13:59:36,UNVR,RG,4760,10,D,EP,DX,F
13:59:34,UNVR,RG,4750,1,F,CC,AK,F
13:59:34,UNVR,RG,4750,1,F,CC,AK,F
13:59:34,UNVR,RG,4750,8,F,CC,KK,D
13:59:34,UNVR,RG,4750,14,F,CC,BK,F
13:59:34,UNVR,RG,4750,17,F,AK,BK,F
13:59:34,UNVR,RG,4750,34,F,AK,DX,F
13:59:34,UNVR,RG,4750,118,D,PD,DX,F
13:59:34,UNVR,RG,4750,28,D,PD,YU,D
13:59:34,UNVR,RG,4750,13,D,PD,CS,F
13:59:34,UNVR,RG,4750,9,D,PD,CS,F
13:59:34,UNVR,RG,4750,13,D,PD,CC,F
13:59:34,UNVR,RG,4750,299,D,PD,DX,F
13:59:34,UNVR,RG,4750,9,D,PD,KZ,D
13:59:34,UNVR,RG,4750,5,D,PD,YP,D
13:59:34,UNVR,RG,4750,14,D,PD,DX,F
13:59:34,UNVR,RG,4750,17,D,PD,DX,F
13:59:34,UNVR,RG,4750,20,D,PD,OD,D
13:59:34,UNVR,RG,4750,1,D,PD,NI,D
13:59:34,UNVR,RG,4750,28,D,PD,YU,D
13:59:34,UNVR,RG,4750,14,D,PD,BK,F
13:59:34,UNVR,RG,4750,5,D,PD,DH,D
13:59:34,UNVR,RG,4750,5,D,PD,XC,D
13:59:34,UNVR,RG,4750,16,D,PD,DX,F
13:59:34,UNVR,RG,4750,93,D,PD,DX,F
13:59:34,UNVR,RG,4750,12,D,PD,DX,F
13:59:34,UNVR,RG,4750,15,D,PD,DX,F
13:59:34,UNVR,RG,4750,103,D,PD,DX,F
13:59:34,UNVR,RG,4750,21,D,PD,DX,F
13:59:34,UNVR,RG,4750,5,D,PD,KK,D
13:59:34,UNVR,RG,4750,1,D,PD,AK,F
13:59:34,UNVR,RG,4750,1,D,PD,AK,F
13:59:34,UNVR,RG,4750,1,D,PD,AK,F
13:59:34,UNVR,RG,4750,19,D,PD,BK,F
13:59:34,UNVR,RG,4750,18,D,PD,DX,F
13:59:34,UNVR,RG,4750,57,D,PD,BK,F
13:59:34,UNVR,RG,4750,80,D,PD,KZ,D
13:59:34,UNVR,RG,4750,56,D,PD,BB,F
13:59:30,UNVR,RG,4750,3,D,YU,BB,F
13:59:24,UNVR,RG,4750,2,D,YP,BB,F
13:59:16,UNVR,RG,4750,1,D,XC,BB,F
13:59:16,UNVR,RG,4750,1,D,XC,DX,F
13:59:07,UNVR,RG,4750,2,D,YP,DX,F
13:58:59,UNVR,RG,4750,50,D,SQ,DX,F
13:58:56,UNVR,RG,4750,266,D,CC,DX,F
13:58:56,UNVR,RG,4750,165,D,CC,AI,D
13:57:59,UNVR,RG,4740,26,F,KZ,BB,F
13:57:54,UNVR,RG,4740,1,F,KZ,SQ,D
13:57:32,UNVR,RG,4740,1,F,KZ,PD,D
13:57:07,UNVR,RG,4740,16,F,KZ,BK,F
13:56:55,UNVR,RG,4750,3,D,YP,AI,D
13:56:10,UNVR,RG,4740,300,F,KZ,DR,D
13:56:08,UNVR,RG,4740,20,F,KZ,SQ,D
13:56:04,UNVR,RG,4740,71,F,KZ,KZ,D
13:56:01,UNVR,RG,4740,5,F,KZ,CC,F
13:56:01,UNVR,RG,4740,1,D,PD,AK,F
13:55:59,UNVR,RG,4740,23,F,KZ,DX,F
13:55:59,UNVR,RG,4740,87,F,KZ,DX,F
13:55:59,UNVR,RG,4740,156,F,KZ,DX,F
13:55:59,UNVR,RG,4740,156,F,KZ,DX,F
13:55:59,UNVR,RG,4740,144,F,KZ,DX,F
13:55:59,UNVR,RG,4740,58,F,KZ,DP,D
13:55:59,UNVR,RG,4740,139,F,KZ,BK,F
13:55:59,UNVR,RG,4740,146,F,KZ,DX,F
13:55:59,UNVR,RG,4740,41,F,KZ,YU,D
13:55:59,UNVR,RG,4740,35,F,KZ,YU,D
13:55:59,UNVR,RG,4740,35,F,KZ,BB,F
13:55:59,UNVR,RG,4740,8,F,KZ,CS,F
13:55:59,UNVR,RG,4730,10,D,YP,BK,F
13:55:59,UNVR,RG,4730,5,D,YP,BK,F
13:55:59,UNVR,RG,4740,199,F,CC,AI,D
13:55:59,UNVR,RG,4730,40,D,YP,CS,F
13:55:59,UNVR,RG,4740,1,D,XC,AI,D
13:55:59,UNVR,RG,4740,52,F,AK,AI,D
13:55:59,UNVR,RG,4740,343,F,KZ,AI,D
13:55:59,UNVR,RG,4740,5,D,CC,AI,D
13:55:59,UNVR,RG,4740,10,D,XC,AI,D
13:55:59,UNVR,RG,4740,1,D,PD,AI,D
13:55:59,UNVR,RG,4740,1,D,NI,AI,D
13:55:59,UNVR,RG,4740,1,D,XC,AI,D
13:55:59,UNVR,RG,4740,294,F,CS,AI,D
13:55:59,UNVR,RG,4740,10,D,YP,AI,D
13:55:59,UNVR,RG,4740,10,D,GR,AI,D
13:55:59,UNVR,RG,4740,159,F,ZP,AI,D
13:55:59,UNVR,RG,4740,145,F,ZP,AI,D
13:55:59,UNVR,RG,4740,1381,F,KZ,AI,D
13:55:59,UNVR,RG,4740,108,F,CS,AI,D
13:55:59,UNVR,RG,4740,113,F,CS,AI,D
13:55:59,UNVR,RG,4740,50,D,AG,AI,D
13:55:59,UNVR,RG,4740,174,F,CS,AI,D
13:55:59,UNVR,RG,4740,20,D,LG,AI,D
13:55:59,UNVR,RG,4740,186,F,CS,AI,D
13:55:59,UNVR,RG,4740,176,F,ZP,AI,D
13:55:59,UNVR,RG,4740,213,F,CS,AI,D
13:55:59,UNVR,RG,4740,191,F,ZP,AI,D
13:55:59,UNVR,RG,4740,3,D,XC,AI,D
13:55:59,UNVR,RG,4740,256,F,CS,AI,D
13:55:59,UNVR,RG,4740,200,F,BK,AI,D
13:55:59,UNVR,RG,4740,319,F,CS,AI,D
13:55:59,UNVR,RG,4740,51,F,ZP,AI,D
13:55:59,UNVR,RG,4740,47,F,ZP,AI,D
13:55:59,UNVR,RG,4740,20,D,CC,AI,D
13:55:59,UNVR,RG,4740,50,D,DH,AI,D
13:55:59,UNVR,RG,4740,1,D,SQ,AI,D
13:55:59,UNVR,RG,4740,1,D,YP,AI,D
13:55:59,UNVR,RG,4740,90,F,KZ,AI,D
13:55:59,UNVR,RG,4740,1,D,XC,AI,D
13:55:59,UNVR,RG,4740,5,D,YP,AI,D
13:55:59,UNVR,RG,4740,20,D,YP,AI,D
13:55:59,UNVR,RG,4740,20,D,PD,AI,D
13:55:59,UNVR,RG,4740,2,D,PD,AI,D
13:55:59,UNVR,RG,4740,500,D,GR,AI,D
13:55:59,UNVR,RG,4740,1,D,DH,AI,D
13:55:59,UNVR,RG,4740,2,D,YP,AI,D
13:55:59,UNVR,RG,4740,22,D,YP,AI,D
13:55:59,UNVR,RG,4740,10,D,KK,AI,D
13:55:59,UNVR,RG,4740,1,D,KK,AI,D
13:55:59,UNVR,RG,4740,1,D,EP,AI,D
13:55:59,UNVR,RG,4740,1,D,KK,AI,D
13:55:59,UNVR,RG,4740,1,D,NI,AI,D
13:55:59,UNVR,RG,4740,10,D,MG,AI,D
13:55:59,UNVR,RG,4740,10,D,EP,AI,D
13:55:59,UNVR,RG,4740,25,D,YP,AI,D
13:55:59,UNVR,RG,4740,2,D,CC,AI,D
13:55:59,UNVR,RG,4740,30,D,EP,AI,D
13:55:59,UNVR,RG,4740,7,D,XC,AI,D
13:55:59,UNVR,RG,4740,1,D,XC,AI,D
13:55:59,UNVR,RG,4740,1,D,DH,AI,D
13:55:59,UNVR,RG,4740,1,D,YP,AI,D
13:55:59,UNVR,RG,4740,2,D,PD,AI,D
13:55:59,UNVR,RG,4740,1,D,YP,AI,D
13:55:59,UNVR,RG,4740,10,D,PD,AI,D
13:55:59,UNVR,RG,4740,1234,F,KZ,AI,D
13:55:59,UNVR,RG,4740,15,D,NI,AI,D
13:55:59,UNVR,RG,4740,1,D,PD,AI,D
13:55:59,UNVR,RG,4740,50,D,YU,AI,D
13:55:59,UNVR,RG,4740,1,D,XC,AI,D
13:55:59,UNVR,RG,4740,1,D,YP,AI,D
13:55:59,UNVR,RG,4740,100,D,OD,AI,D
13:55:59,UNVR,RG,4740,20,D,YP,AI,D
13:55:59,UNVR,RG,4740,2,D,LG,AI,D
13:55:59,UNVR,RG,4740,8,F,KZ,AI,D
13:55:57,UNVR,RG,4740,18,F,KZ,OD,D
13:55:38,UNVR,RG,4740,5,F,KZ,XC,D
13:55:03,UNVR,RG,4740,1,F,KZ,AZ,D
13:54:55,UNVR,RG,4740,55,F,KZ,BB,F
13:54:55,UNVR,RG,4740,1,D,PD,BB,F
13:54:55,UNVR,RG,4740,1,F,KZ,BB,F
13:54:55,UNVR,RG,4740,6,D,AI,BB,F
13:54:44,UNVR,RG,4740,1,D,AI,XC,D
13:54:43,UNVR,RG,4740,3,D,AI,BK,F
13:54:43,UNVR,RG,4740,11,F,KZ,BK,F
13:54:37,UNVR,RG,4740,16,F,KZ,BK,F
13:54:33,UNVR,RG,4750,26,F,AK,AI,D
13:54:28,UNVR,RG,4740,23,F,KZ,YP,D
13:54:15,UNVR,RG,4740,1,F,KZ,AK,F
13:54:10,UNVR,RG,4750,2,D,OD,AI,D
13:54:06,UNVR,RG,4750,200,D,EP,AI,D
13:53:32,UNVR,RG,4750,5,D,SQ,AI,D
13:53:08,UNVR,RG,4750,216,D,CC,AI,D
13:53:03,UNVR,RG,4750,1,D,YU,AI,D
13:53:03,UNVR,RG,4740,10,F,KZ,YP,D
13:52:14,UNVR,RG,4740,3,F,KZ,NI,D
13:51:56,UNVR,RG,4750,250,D,YP,AI,D
13:51:52,UNVR,RG,4740,1,F,KZ,XC,D
13:51:43,UNVR,RG,4740,25,F,KZ,BB,F
13:51:30,UNVR,RG,4740,1,F,KZ,AK,F
13:51:29,UNVR,RG,4750,2,D,YU,AI,D
13:51:27,UNVR,RG,4740,1,F,KZ,PD,D
13:51:24,UNVR,RG,4740,13,F,KZ,YP,D
13:51:24,UNVR,RG,4740,7,D,CC,YP,D
13:51:00,UNVR,RG,4740,3,D,CC,YU,D
13:51:00,UNVR,RG,4740,6,F,ZP,YU,D
13:51:00,UNVR,RG,4740,5,F,ZP,YU,D
13:51:00,UNVR,RG,4740,54,F,KZ,YU,D
13:50:39,UNVR,RG,4750,1,D,MG,AI,D
13:50:36,UNVR,RG,4750,250,F,BK,AI,D
13:50:35,UNVR,RG,4750,250,F,BK,AI,D
13:50:35,UNVR,RG,4750,250,F,BK,AI,D
13:50:35,UNVR,RG,4750,250,F,BK,AI,D
13:50:34,UNVR,RG,4750,25,F,AK,AI,D
13:50:34,UNVR,RG,4750,82,F,AK,AI,D
13:50:34,UNVR,RG,4750,250,F,BK,AI,D
13:50:31,UNVR,RG,4750,1,D,CC,AI,D
13:49:55,UNVR,RG,4740,25,F,KZ,NI,D
13:49:35,UNVR,RG,4740,4,F,KZ,XC,D
13:48:38,UNVR,RG,4750,249,F,CS,AI,D
13:48:38,UNVR,RG,4750,42,F,AK,AI,D
13:48:38,UNVR,RG,4750,244,F,CS,AI,D
13:48:38,UNVR,RG,4750,200,F,BK,AI,D
13:48:38,UNVR,RG,4750,108,F,ZP,AI,D
13:48:38,UNVR,RG,4750,114,F,ZP,AI,D
13:48:38,UNVR,RG,4750,1814,F,KZ,AI,D
13:48:10,UNVR,RG,4750,1,F,KZ,SQ,D
13:48:07,UNVR,RG,4750,5,F,KZ,XC,D
13:47:53,UNVR,RG,4750,145,F,KZ,DX,F
13:47:53,UNVR,RG,4750,139,F,KZ,DX,F
13:47:53,UNVR,RG,4750,6,F,KZ,BB,F
13:47:53,UNVR,RG,4750,225,F,KZ,DX,F
13:47:53,UNVR,RG,4750,39,F,KZ,DX,F
13:47:53,UNVR,RG,4750,31,F,KZ,BB,F
13:47:53,UNVR,RG,4750,176,F,KZ,DX,F
13:47:52,UNVR,RG,4750,245,F,CC,BB,F
13:47:52,UNVR,RG,4750,7,F,KZ,CS,F
13:47:52,UNVR,RG,4750,1392,F,KZ,AI,D
13:47:52,UNVR,RG,4750,191,F,KZ,AI,D
13:47:52,UNVR,RG,4740,9,F,KZ,CS,F
13:47:52,UNVR,RG,4750,10,D,EP,AI,D
13:47:52,UNVR,RG,4750,10,D,CC,AI,D
13:47:52,UNVR,RG,4750,149,F,CS,AI,D
13:47:52,UNVR,RG,4750,3,D,CC,AI,D
13:47:52,UNVR,RG,4750,83,F,CS,AI,D
13:47:52,UNVR,RG,4750,105,D,CC,AI,D
13:47:52,UNVR,RG,4750,5,D,CC,AI,D
13:47:52,UNVR,RG,4750,81,F,CS,AI,D
13:47:52,UNVR,RG,4750,242,F,CS,AI,D
13:47:52,UNVR,RG,4750,211,F,CS,AI,D
13:47:52,UNVR,RG,4750,58,F,ZP,AI,D
13:47:52,UNVR,RG,4750,97,F,CS,AI,D
13:47:52,UNVR,RG,4750,133,F,ZP,AI,D
13:47:52,UNVR,RG,4750,155,F,ZP,AI,D
13:47:52,UNVR,RG,4750,152,F,CS,AI,D
13:47:52,UNVR,RG,4750,93,F,CS,AI,D
13:47:52,UNVR,RG,4750,4,D,CC,AI,D
13:47:52,UNVR,RG,4750,2,D,HP,AI,D
13:47:52,UNVR,RG,4750,1,D,CC,AI,D
13:47:52,UNVR,RG,4750,21,D,NI,AI,D
13:47:52,UNVR,RG,4750,2,D,AT,AI,D
13:47:52,UNVR,RG,4750,1,D,XL,AI,D
13:47:52,UNVR,RG,4750,1,D,PD,AI,D
13:47:52,UNVR,RG,4750,1,D,YP,AI,D
13:47:52,UNVR,RG,4750,11,D,YP,AI,D
13:47:52,UNVR,RG,4750,50,D,YP,AI,D
13:47:52,UNVR,RG,4750,50,D,LG,AI,D
13:47:52,UNVR,RG,4750,5,D,LG,AI,D
13:47:52,UNVR,RG,4750,750,F,BK,AI,D
13:47:52,UNVR,RG,4750,1,D,PD,AI,D
13:47:52,UNVR,RG,4750,1,D,PD,AI,D
13:47:52,UNVR,RG,4750,39,D,DH,AI,D
13:47:52,UNVR,RG,4750,100,D,XL,AI,D
13:47:52,UNVR,RG,4750,1,D,PD,AI,D
13:47:52,UNVR,RG,4750,8,D,NI,AI,D
13:47:52,UNVR,RG,4750,1,D,XC,AI,D
13:47:52,UNVR,RG,4750,5,D,YP,AI,D
13:47:52,UNVR,RG,4750,1,D,KK,AI,D
13:47:52,UNVR,RG,4750,1,D,EP,AI,D
13:47:52,UNVR,RG,4750,1,D,PD,AI,D
13:47:52,UNVR,RG,4750,10,F,ZP,AI,D
13:47:52,UNVR,RG,4750,9,D,YP,AI,D
13:47:52,UNVR,RG,4750,418,F,KZ,AI,D
13:47:52,UNVR,RG,4750,5,D,YP,AI,D
13:47:52,UNVR,RG,4750,10,D,EP,AI,D
13:47:52,UNVR,RG,4750,3,D,PD,AI,D
13:47:52,UNVR,RG,4750,50,D,EP,AI,D
13:47:52,UNVR,RG,4750,1,D,XC,AI,D
13:47:52,UNVR,RG,4750,266,F,KZ,AI,D
13:47:09,UNVR,RG,4750,50,F,KZ,CC,D
13:46:58,UNVR,RG,4750,1,F,KZ,YP,D
13:44:28,UNVR,RG,4750,23,F,KZ,DP,D
13:43:50,UNVR,RG,4760,1,D,XC,CS,F
13:43:24,UNVR,RG,4750,19,F,KZ,BB,F
13:43:10,UNVR,RG,4760,31,D,CC,LG,D
13:43:10,UNVR,RG,4760,1,D,CC,AK,F
13:43:10,UNVR,RG,4760,3,D,CC,XC,D
13:43:10,UNVR,RG,4760,8,D,CC,DH,D
13:43:10,UNVR,RG,4760,55,D,CC,BK,F
13:43:10,UNVR,RG,4760,134,D,CC,BK,F
13:43:10,UNVR,RG,4760,164,D,CC,DX,F
13:43:10,UNVR,RG,4760,29,D,CC,BB,F
13:43:10,UNVR,RG,4760,5,D,CC,AK,F
13:43:10,UNVR,RG,4760,1,D,CC,AK,F
13:42:56,UNVR,RG,4750,48,F,KZ,YU,D
13:42:37,UNVR,RG,4750,4,F,KZ,BK,F
13:42:37,UNVR,RG,4750,2,D,XC,BK,F
13:42:37,UNVR,RG,4750,10,F,ZP,BK,F
13:42:33,UNVR,RG,4760,9,F,CS,CS,F
13:42:33,UNVR,RG,4760,11,F,CS,CS,F
13:42:33,UNVR,RG,4760,168,F,CC,YP,D
13:42:33,UNVR,RG,4760,7,F,CS,YP,D
13:42:33,UNVR,RG,4760,79,F,AK,YP,D
13:42:33,UNVR,RG,4760,35,F,ZP,YP,D
13:42:33,UNVR,RG,4760,2,F,CS,YP,D
13:42:33,UNVR,RG,4760,9,F,ZP,YP,D
13:42:20,UNVR,RG,4760,2,F,ZP,CS,F
13:42:15,UNVR,RG,4770,5,D,YP,YP,D
13:42:14,UNVR,RG,4760,10,F,ZP,CC,D
13:42:04,UNVR,RG,4760,13,F,ZP,PD,D
13:42:04,UNVR,RG,4760,5,F,ZP,KK,D
13:42:02,UNVR,RG,4760,1,F,ZP,XC,D
13:42:02,UNVR,RG,4760,2,F,CS,XC,D
13:42:01,UNVR,RG,4760,1,F,CC,CS,F
13:42:01,UNVR,RG,4760,2,F,CC,BB,F
13:42:01,UNVR,RG,4760,15,F,CS,YP,D
13:41:55,UNVR,RG,4760,28,F,CS,DX,F
13:41:55,UNVR,RG,4760,2,F,CS,BB,F
13:41:55,UNVR,RG,4760,2,F,CS,DP,D
13:41:54,UNVR,RG,4760,5,F,CS,DP,D
13:41:54,UNVR,RG,4760,4,F,CS,DP,D
13:41:54,UNVR,RG,4760,4,F,CS,DP,D
13:41:54,UNVR,RG,4760,9,F,CS,AK,F
13:41:54,UNVR,RG,4760,2,F,CS,AK,F
13:41:54,UNVR,RG,4760,3,F,CS,AK,F
13:41:53,UNVR,RG,4760,1,F,CS,AK,F
13:41:53,UNVR,RG,4760,1,F,CS,AK,F
13:41:53,UNVR,RG,4760,10,F,CS,BB,F
13:41:52,UNVR,RG,4760,60,F,CC,DP,D
13:41:52,UNVR,RG,4750,1,F,ZP,CS,F
13:41:52,UNVR,RG,4760,56,F,CS,DX,F
13:41:52,UNVR,RG,4760,43,F,ZP,DX,F
13:41:52,UNVR,RG,4760,13,F,ZP,DX,F
13:41:50,UNVR,RG,4760,16,F,ZP,BK,F
13:41:41,UNVR,RG,4760,1,F,ZP,CS,F
13:41:41,UNVR,RG,4760,10,F,ZP,YP,D
13:41:30,UNVR,RG,4760,1,F,ZP,CS,F
13:41:30,UNVR,RG,4760,21,F,ZP,CC,D
13:41:30,UNVR,RG,4760,2,D,AT,CC,D
13:41:30,UNVR,RG,4760,15,D,XC,CC,D
13:41:30,UNVR,RG,4760,1,D,XC,CC,D
13:41:28,UNVR,RG,4760,1,D,XC,MK,D
13:41:28,UNVR,RG,4760,41,F,CS,MK,D
13:41:23,UNVR,RG,4760,15,F,CS,YP,D
13:41:20,UNVR,RG,4760,3,F,CS,CS,F
13:41:18,UNVR,RG,4760,20,F,CS,ZP,D
13:41:02,UNVR,RG,4760,10,F,CS,YP,D
13:40:52,UNVR,RG,4760,7,F,CS,XC,D
13:40:49,UNVR,RG,4760,3,F,CS,CS,F
13:40:26,UNVR,RG,4760,11,F,CS,EP,D
13:40:26,UNVR,RG,4760,16,F,CS,BK,F
13:40:22,UNVR,RG,4760,3,F,CS,XL,D
13:40:21,UNVR,RG,4760,25,F,CS,PD,D
13:40:20,UNVR,RG,4760,2,F,CS,CS,F
13:40:16,UNVR,RG,4760,14,F,CS,BK,F
13:40:00,UNVR,RG,4770,1,D,XC,YP,D
13:39:50,UNVR,RG,4760,14,F,CS,DX,F
13:39:49,UNVR,RG,4760,2,F,CS,CS,F
13:39:27,UNVR,RG,4760,3,F,CS,CS,F
13:39:26,UNVR,RG,4760,48,F,CS,DX,F
13:39:26,UNVR,RG,4760,68,F,ZP,DX,F
13:39:22,UNVR,RG,4760,1,F,ZP,XC,D
13:39:22,UNVR,RG,4760,1,F,ZP,OD,D
13:39:15,UNVR,RG,4760,25,F,ZP,KK,D
13:39:12,UNVR,RG,4760,2,F,ZP,YP,D
13:39:05,UNVR,RG,4760,17,F,ZP,DX,F
13:38:58,UNVR,RG,4760,123,F,ZP,SQ,D
13:38:58,UNVR,RG,4760,1,D,XC,SQ,D
13:38:58,UNVR,RG,4760,81,F,ZP,SQ,D
13:38:56,UNVR,RG,4760,4,F,ZP,CS,F
13:38:42,UNVR,RG,4770,3,D,PD,YP,D
13:38:30,UNVR,RG,4760,15,F,ZP,YU,D
13:38:29,UNVR,RG,4760,48,F,ZP,XC,D
13:38:25,UNVR,RG,4760,87,F,ZP,DX,F
13:38:25,UNVR,RG,4760,57,F,CS,DX,F
13:38:25,UNVR,RG,4760,28,F,CS,DX,F
13:38:23,UNVR,RG,4760,184,F,CS,YB,D
13:38:23,UNVR,RG,4760,1,D,YP,YB,D
13:38:23,UNVR,RG,4760,5,D,NI,YB,D
13:38:23,UNVR,RG,4760,121,F,CS,YB,D
13:38:14,UNVR,RG,4760,6,F,CS,CS,F
13:38:14,UNVR,RG,4760,53,F,CS,KZ,D
13:38:14,UNVR,RG,4760,22,F,BK,KZ,D
13:37:32,UNVR,RG,4760,60,F,BK,XC,D
13:37:15,UNVR,RG,4760,43,F,BK,DP,D
13:36:59,UNVR,RG,4760,11,F,BK,CS,F
13:36:59,UNVR,RG,4760,174,F,BK,DX,F
13:36:57,UNVR,RG,4760,100,F,BK,NI,D
13:36:27,UNVR,RG,4760,63,F,BK,DX,F
13:36:23,UNVR,RG,4760,1,F,BK,XC,D
13:36:18,UNVR,RG,4760,3,F,BK,ZP,D
13:36:18,UNVR,RG,4760,38,F,ZP,ZP,D
13:36:18,UNVR,RG,4760,44,F,ZP,ZP,D
13:36:18,UNVR,RG,4760,9,D,YP,ZP,D
13:36:15,UNVR,RG,4760,3,D,YP,YU,D
13:35:59,UNVR,RG,4760,9,D,YP,DX,F
13:35:59,UNVR,RG,4760,1,F,KK,DX,F
13:35:59,UNVR,RG,4760,54,F,AK,DX,F
13:35:27,UNVR,RG,4760,14,F,AK,DX,F
13:35:24,UNVR,RG,4760,13,F,AK,DX,F
13:35:24,UNVR,RG,4760,1,D,XC,DX,F
13:35:24,UNVR,RG,4760,10,D,XC,DX,F
13:35:24,UNVR,RG,4760,3,D,LG,DX,F
13:35:24,UNVR,RG,4760,20,D,DR,DX,F
13:35:24,UNVR,RG,4760,2,D,XC,DX,F
13:35:24,UNVR,RG,4760,1,D,XC,DX,F
13:35:24,UNVR,RG,4760,3,D,XC,DX,F
13:35:24,UNVR,RG,4760,14,F,CS,DX,F
13:35:12,UNVR,RG,4760,4,F,CS,YP,D
13:35:00,UNVR,RG,4760,10,F,CS,CS,F
13:34:46,UNVR,RG,4760,63,F,CS,DX,F
13:34:22,UNVR,RG,4760,2,F,CS,YP,D
13:34:07,UNVR,RG,4760,49,F,CS,DX,F
13:34:07,UNVR,RG,4760,6,F,CS,DX,F
13:33:56,UNVR,RG,4760,96,F,CS,DX,F
13:33:52,UNVR,RG,4770,132,D,YP,YP,D
13:33:12,UNVR,RG,4760,5,F,CS,XC,D
13:33:04,UNVR,RG,4760,10,F,CS,CS,F
13:32:47,UNVR,RG,4760,100,F,CS,DR,D
13:32:33,UNVR,RG,4760,17,F,CS,DX,F
13:32:31,UNVR,RG,4760,5,F,CS,XC,D
13:32:12,UNVR,RG,4760,16,F,CS,DX,F
13:32:12,UNVR,RG,4760,2,D,CC,DX,F
13:31:52,UNVR,RG,4770,1,D,XC,YP,D
13:31:48,UNVR,RG,4770,159,D,CC,YP,D
13:31:48,UNVR,RG,4770,272,D,CC,YB,D
13:31:08,UNVR,RG,4760,1,D,CC,CS,F
13:31:08,UNVR,RG,4760,1,D,CC,CS,F
13:31:08,UNVR,RG,4760,1,D,YP,CS,F
13:31:08,UNVR,RG,4760,3,D,PD,CS,F
13:30:19,UNVR,RG,4760,2,D,PD,DX,F
13:30:19,UNVR,RG,4760,12,D,PD,DX,F
13:30:19,UNVR,RG,4760,1,D,PD,DX,F
13:30:19,UNVR,RG,4760,2,D,PD,KZ,D
13:30:14,UNVR,RG,4760,3,D,PD,KZ,D
13:30:14,UNVR,RG,4760,78,F,ZP,KZ,D
13:30:11,UNVR,RG,4760,2,F,ZP,XL,D
13:30:11,UNVR,RG,4760,5,F,ZP,YP,D
13:30:11,UNVR,RG,4760,1,F,ZP,YP,D
13:30:10,UNVR,RG,4760,9,F,ZP,YP,D
13:30:10,UNVR,RG,4760,1,D,SQ,YP,D
13:30:10,UNVR,RG,4760,2,D,GR,YP,D
13:30:10,UNVR,RG,4760,5,D,SQ,YP,D
13:30:10,UNVR,RG,4760,3,D,DH,YP,D
13:30:10,UNVR,RG,4760,11,D,DH,YP,D
13:30:10,UNVR,RG,4760,4,D,DH,YP,D
13:30:09,UNVR,RG,4770,2,D,YP,YB,D
13:30:09,UNVR,RG,4770,5,D,XL,YB,D
13:30:06,UNVR,RG,4760,2,D,DH,AK,F
13:30:05,UNVR,RG,4760,1,D,EP,XL,D
13:30:05,UNVR,RG,4760,1,D,EP,XC,D
13:30:05,UNVR,RG,4760,2,D,EP,XC,D
13:30:05,UNVR,RG,4760,4,D,EP,XC,D
13:30:05,UNVR,RG,4760,4,D,EP,XC,D
13:30:05,UNVR,RG,4760,20,D,EP,XC,D
13:30:05,UNVR,RG,4760,24,D,EP,LG,D
13:30:04,UNVR,RG,4760,2,D,EP,XC,D
13:30:04,UNVR,RG,4760,10,D,EP,XC,D
13:30:04,UNVR,RG,4760,32,D,EP,XC,D
13:30:04,UNVR,RG,4760,4,D,EP,XC,D
13:30:04,UNVR,RG,4760,3,D,YU,XC,D
13:30:04,UNVR,RG,4760,2,D,YP,XC,D
13:30:04,UNVR,RG,4760,5,D,KK,XC,D
13:30:04,UNVR,RG,4760,35,F,ZP,XC,D
13:30:04,UNVR,RG,4770,1,D,XC,YB,D
13:30:04,UNVR,RG,4760,1,F,ZP,AT,D
13:30:04,UNVR,RG,4760,3,F,ZP,CC,D
13:30:04,UNVR,RG,4760,5,F,ZP,XC,D
13:30:04,UNVR,RG,4760,2,F,ZP,XC,D
13:30:04,UNVR,RG,4760,1,F,ZP,XC,D
13:30:04,UNVR,RG,4760,1,F,ZP,XC,D
13:30:03,UNVR,RG,4760,25,F,ZP,DX,F
13:30:03,UNVR,RG,4770,3,D,XL,YB,D
13:30:03,UNVR,RG,4760,2,F,ZP,CC,D
13:30:03,UNVR,RG,4760,2,F,ZP,CC,D
13:30:02,UNVR,RG,4760,8,F,ZP,DX,F
13:30:02,UNVR,RG,4760,8,F,CS,DX,F
13:30:02,UNVR,RG,4760,10,F,CS,CC,D
13:30:02,UNVR,RG,4760,40,F,CS,YP,D
13:30:02,UNVR,RG,4760,1,F,CS,CC,D
13:30:02,UNVR,RG,4760,3,F,CS,PD,D
13:30:01,UNVR,RG,4770,1,D,PD,YB,D
13:30:01,UNVR,RG,4760,1,F,CS,PD,D
13:30:01,UNVR,RG,4760,1,F,CS,PD,D
13:30:01,UNVR,RG,4760,5,F,CS,PD,D
13:30:01,UNVR,RG,4770,50,D,PD,YB,D
13:30:01,UNVR,RG,4760,5,F,CS,KK,D
13:30:01,UNVR,RG,4760,18,F,CS,SQ,D
13:30:01,UNVR,RG,4760,7,D,NI,SQ,D
13:30:01,UNVR,RG,4760,1,D,NI,SQ,D
13:30:01,UNVR,RG,4760,20,D,NI,SQ,D
13:30:01,UNVR,RG,4760,10,D,NI,KK,D
13:30:01,UNVR,RG,4760,1,D,NI,PD,D
13:30:01,UNVR,RG,4760,6,D,NI,EP,D
13:30:01,UNVR,RG,4760,5,D,NI,EP,D
13:30:01,UNVR,RG,4760,15,D,NI,EP,D
13:30:01,UNVR,RG,4760,5,D,NI,KK,D
13:30:01,UNVR,RG,4760,39,D,NI,KI,D
13:30:01,UNVR,RG,4760,1,D,NI,IF,D
13:30:01,UNVR,RG,4760,31,D,NI,ZP,D
13:30:01,UNVR,RG,4760,40,D,NI,RO,D
13:30:01,UNVR,RG,4770,2,D,HP,YB,D
13:30:01,UNVR,RG,4760,21,D,NI,HP,D
13:30:01,UNVR,RG,4760,48,D,NI,HP,D
11:29:58,UNVR,RG,4760,5,F,CS,CS,F
11:29:58,UNVR,RG,4760,4,F,ZP,CS,F
11:29:43,UNVR,RG,4760,1,F,ZP,BB,F
11:29:43,UNVR,RG,4760,1,F,ZP,XC,D
11:29:40,UNVR,RG,4760,3,F,ZP,CC,D
11:29:34,UNVR,RG,4760,1,F,ZP,AK,F
11:29:29,UNVR,RG,4770,150,D,EP,YB,D
11:29:07,UNVR,RG,4760,3,F,ZP,BB,F
11:29:06,UNVR,RG,4760,15,F,ZP,BK,F
11:29:04,UNVR,RG,4760,1,F,ZP,AK,F
11:29:02,UNVR,RG,4770,1,D,DR,YB,D
11:28:30,UNVR,RG,4770,3,D,PD,YB,D
11:28:23,UNVR,RG,4760,10,F,ZP,YP,D
11:28:20,UNVR,RG,4770,9,D,YP,YB,D
11:28:12,UNVR,RG,4760,1,F,ZP,CC,D
11:28:12,UNVR,RG,4760,15,F,ZP,BK,F
11:28:06,UNVR,RG,4760,16,F,ZP,BK,F
11:27:59,UNVR,RG,4760,12,F,ZP,CS,F
11:27:44,UNVR,RG,4760,5,F,ZP,BB,F
11:27:28,UNVR,RG,4760,2,F,ZP,YB,D
11:27:23,UNVR,RG,4760,15,F,ZP,BK,F
11:27:16,UNVR,RG,4760,3,F,ZP,PD,D
11:26:54,UNVR,RG,4770,1,D,EP,YB,D
11:26:54,UNVR,RG,4770,19,D,EP,PD,D
11:26:51,UNVR,RG,4760,1,F,ZP,EP,D
11:26:32,UNVR,RG,4760,14,F,ZP,BK,F
11:26:22,UNVR,RG,4760,15,F,ZP,BK,F
11:26:22,UNVR,RG,4760,1,F,ZP,CC,D
11:26:16,UNVR,RG,4760,12,F,ZP,PD,D
11:26:16,UNVR,RG,4760,76,F,CS,PD,D
11:26:16,UNVR,RG,4760,12,F,CS,PD,D
11:25:53,UNVR,RG,4760,40,F,CS,KZ,D
11:25:47,UNVR,RG,4760,14,F,CS,BK,F
11:25:47,UNVR,RG,4760,1,F,CS,PD,D
11:25:38,UNVR,RG,4760,13,F,CS,CS,F
11:25:35,UNVR,RG,4760,7,F,CS,YP,D
11:25:34,UNVR,RG,4760,9,F,CS,AK,F
11:25:30,UNVR,RG,4760,1,F,CS,NI,D
11:25:24,UNVR,RG,4760,1,F,CS,OD,D
11:25:07,UNVR,RG,4760,1,F,CS,AK,F
11:25:04,UNVR,RG,4760,1,F,CS,AK,F
11:24:58,UNVR,RG,4760,76,F,CS,BB,F
11:24:50,UNVR,RG,4760,16,F,CS,BK,F
11:24:45,UNVR,RG,4760,15,F,CS,BK,F
11:24:42,UNVR,RG,4760,7,F,ZP,DP,D
11:24:19,UNVR,RG,4760,20,F,ZP,XC,D
11:24:19,UNVR,RG,4760,5,F,ZP,PD,D
11:24:03,UNVR,RG,4760,16,F,ZP,BK,F
11:23:55,UNVR,RG,4770,2,D,NI,PD,D
11:23:34,UNVR,RG,4760,4,F,ZP,AK,F
11:23:29,UNVR,RG,4760,50,F,ZP,SQ,D
11:23:13,UNVR,RG,4760,14,F,ZP,BK,F
11:23:04,UNVR,RG,4760,7,F,ZP,BK,F
11:23:04,UNVR,RG,4760,2,D,PD,BK,F
11:23:04,UNVR,RG,4760,5,D,LG,BK,F
11:22:54,UNVR,RG,4760,15,D,LG,CS,F
11:22:54,UNVR,RG,4760,2,D,PD,PD,D
11:22:54,UNVR,RG,4760,1,D,KK,PD,D
11:22:54,UNVR,RG,4760,1,D,EP,PD,D
11:22:54,UNVR,RG,4760,130,F,CS,PD,D
11:22:54,UNVR,RG,4760,127,F,CS,PD,D
11:22:54,UNVR,RG,4760,351,F,BK,PD,D
11:22:50,UNVR,RG,4760,1,F,BK,SQ,D
11:22:43,UNVR,RG,4760,1,F,BK,YP,D
11:22:34,UNVR,RG,4760,2,F,BK,AK,F
11:22:28,UNVR,RG,4760,1,F,BK,XC,D
11:22:24,UNVR,RG,4760,14,F,BK,BK,F
11:22:09,UNVR,RG,4760,4,F,BK,BQ,D
11:21:33,UNVR,RG,4760,15,F,BK,BK,F
11:21:27,UNVR,RG,4760,2,F,BK,BK,F
11:21:27,UNVR,RG,4760,2,D,DR,BK,F
11:21:27,UNVR,RG,4760,12,F,CS,BK,F
11:21:23,UNVR,RG,4760,43,F,CS,XC,D
11:21:23,UNVR,RG,4760,210,F,BK,XC,D
11:21:23,UNVR,RG,4760,61,F,CS,XC,D
11:21:19,UNVR,RG,4760,4,F,CS,AK,F
11:21:07,UNVR,RG,4760,1,F,CS,AK,F
11:21:04,UNVR,RG,4770,8,D,PD,PD,D
11:20:34,UNVR,RG,4760,3,F,CS,AK,F
11:20:08,UNVR,RG,4760,15,F,CS,BK,F
11:19:55,UNVR,RG,4760,17,F,CS,YP,D
11:19:55,UNVR,RG,4760,7,F,CS,YP,D
11:19:55,UNVR,RG,4760,10,D,PD,YP,D
11:19:55,UNVR,RG,4760,188,F,CS,YP,D
11:19:55,UNVR,RG,4760,26,F,ZP,YP,D
11:19:34,UNVR,RG,4760,3,F,ZP,AK,F
11:19:33,UNVR,RG,4760,42,F,ZP,BB,F
11:19:33,UNVR,RG,4760,61,F,ZP,BB,F
11:19:33,UNVR,RG,4760,3,F,CS,BB,F
11:19:29,UNVR,RG,4760,1,F,CS,NI,D
11:19:00,UNVR,RG,4760,8,F,CS,DP,D
11:18:18,UNVR,RG,4760,15,F,CS,BK,F
11:16:39,UNVR,RG,4760,1,F,CS,PD,D
11:16:06,UNVR,RG,4760,6,F,CS,KK,D
11:16:05,UNVR,RG,4760,3,F,CS,XL,D
11:16:03,UNVR,RG,4760,10,F,CS,CC,D
11:15:43,UNVR,RG,4760,33,F,CS,XL,D
11:15:35,UNVR,RG,4760,10,F,CS,KK,D
11:15:35,UNVR,RG,4760,1,F,BK,KK,D
11:15:21,UNVR,RG,4760,18,F,BK,PD,D
11:15:21,UNVR,RG,4760,7,F,CS,PD,D
11:14:40,UNVR,RG,4760,92,F,CS,OD,D
11:14:40,UNVR,RG,4760,108,F,AK,OD,D
11:14:11,UNVR,RG,4760,52,F,AK,NI,D
11:14:11,UNVR,RG,4760,148,F,CS,NI,D
11:13:58,UNVR,RG,4760,17,F,CS,KZ,D
11:13:58,UNVR,RG,4760,28,F,CS,KZ,D
11:13:56,UNVR,RG,4760,1,F,CS,CC,D
11:13:34,UNVR,RG,4760,11,F,CS,OD,D
11:13:24,UNVR,RG,4760,16,F,CS,OD,D
11:12:52,UNVR,RG,4760,1,F,CS,YP,D
11:12:37,UNVR,RG,4760,10,F,CS,ES,D
11:12:20,UNVR,RG,4760,1,F,CS,DH,D
11:12:18,UNVR,RG,4760,66,F,CS,YP,D
11:12:18,UNVR,RG,4760,35,F,ZP,YP,D
11:12:18,UNVR,RG,4760,1,D,DR,YP,D
11:12:18,UNVR,RG,4760,27,F,ZP,YP,D
11:12:18,UNVR,RG,4760,14,F,CS,YP,D
11:12:18,UNVR,RG,4760,144,F,AK,YP,D
11:12:18,UNVR,RG,4760,13,F,CS,YP,D
11:12:17,UNVR,RG,4760,1,F,CS,YP,D
11:12:10,UNVR,RG,4760,10,F,CS,CC,D
11:12:10,UNVR,RG,4760,26,F,CS,CC,D
11:12:10,UNVR,RG,4760,20,D,YP,CC,D
11:12:10,UNVR,RG,4760,2,D,XL,CC,D
11:12:10,UNVR,RG,4760,14,F,BK,CC,D
11:12:10,UNVR,RG,4760,28,F,AK,CC,D
11:10:09,UNVR,RG,4760,1,F,AK,CC,D
11:10:07,UNVR,RG,4760,4,F,AK,PD,D
11:09:45,UNVR,RG,4760,19,F,AK,XC,D
11:09:45,UNVR,RG,4760,7,F,ZP,XC,D
11:09:45,UNVR,RG,4760,25,F,ZP,XL,D
11:09:45,UNVR,RG,4760,20,F,ZP,IF,D
11:09:15,UNVR,RG,4760,20,F,ZP,YP,D
11:08:55,UNVR,RG,4760,254,F,ZP,PD,D
11:08:55,UNVR,RG,4760,22,F,CS,PD,D
11:08:55,UNVR,RG,4760,42,F,ZP,PD,D
11:08:55,UNVR,RG,4760,86,F,CS,PD,D
11:08:55,UNVR,RG,4760,80,D,CC,PD,D
11:08:55,UNVR,RG,4760,60,D,YB,PD,D
11:08:55,UNVR,RG,4760,68,F,BK,PD,D
11:08:49,UNVR,RG,4760,3,F,BK,AK,F
11:08:48,UNVR,RG,4770,80,D,EP,PD,D
11:08:37,UNVR,RG,4760,2,F,BK,YB,D
11:08:31,UNVR,RG,4760,1,F,BK,CC,D
11:08:30,UNVR,RG,4760,49,F,BK,BB,F
11:08:28,UNVR,RG,4760,37,F,BK,OD,D
11:08:28,UNVR,RG,4760,23,F,CS,OD,D
11:08:27,UNVR,RG,4760,14,F,CS,DP,D
11:08:27,UNVR,RG,4760,32,F,CS,LG,D
11:08:27,UNVR,RG,4760,58,F,ZP,LG,D
11:08:03,UNVR,RG,4760,20,F,ZP,XL,D
11:07:07,UNVR,RG,4760,93,F,ZP,OD,D
11:07:07,UNVR,RG,4760,7,F,ZP,OD,D
11:07:06,UNVR,RG,4760,7,F,ZP,LG,D
11:06:50,UNVR,RG,4760,90,F,ZP,LG,D
11:06:41,UNVR,RG,4760,6,F,BK,AK,F
11:06:41,UNVR,RG,4760,5,F,BK,AK,F
11:06:41,UNVR,RG,4760,4,F,BK,AK,F
11:06:41,UNVR,RG,4760,1,F,BK,CC,D
11:06:41,UNVR,RG,4760,1,F,BK,PD,D
11:06:41,UNVR,RG,4760,1,F,BK,EP,D
11:06:41,UNVR,RG,4760,4,F,BK,XC,D
11:06:41,UNVR,RG,4760,52,F,BK,KZ,D
11:06:41,UNVR,RG,4760,7,F,BK,XC,D
11:06:41,UNVR,RG,4760,21,F,BK,YP,D
11:06:41,UNVR,RG,4760,50,F,BK,OD,D
11:06:41,UNVR,RG,4760,13,F,BK,DX,F
11:06:41,UNVR,RG,4760,20,F,BK,IU,D
11:06:41,UNVR,RG,4760,2,F,BK,TP,D
11:06:41,UNVR,RG,4760,10,F,BK,CS,F
11:06:41,UNVR,RG,4760,9,F,BK,CS,F
11:06:41,UNVR,RG,4760,5,F,BK,AT,D
11:06:41,UNVR,RG,4760,27,F,BK,DP,D
11:06:41,UNVR,RG,4760,1,F,BK,AK,F
11:06:41,UNVR,RG,4760,2,F,BK,NI,D
11:06:41,UNVR,RG,4760,10,F,BK,CC,D
11:06:41,UNVR,RG,4760,10,F,BK,OD,D
11:06:41,UNVR,RG,4760,147,F,BK,YP,D
11:06:41,UNVR,RG,4760,90,F,BK,KZ,D
11:06:41,UNVR,RG,4760,20,F,BK,BK,F
11:06:41,UNVR,RG,4760,20,F,BK,OD,D
11:06:41,UNVR,RG,4760,3,F,BK,EP,D
11:06:41,UNVR,RG,4760,7,F,BK,AK,F
11:06:41,UNVR,RG,4760,9,F,BK,CS,F
11:06:41,UNVR,RG,4760,20,F,BK,BK,F
11:06:41,UNVR,RG,4760,20,F,BK,CC,F
11:06:41,UNVR,RG,4760,2,F,BK,XC,D
11:06:41,UNVR,RG,4760,15,F,BK,BK,F
11:06:41,UNVR,RG,4760,15,F,BK,CS,F
11:06:41,UNVR,RG,4760,19,F,BK,BK,F
11:06:41,UNVR,RG,4760,10,F,BK,DR,D
11:06:41,UNVR,RG,4760,8,F,BK,CS,F
11:06:41,UNVR,RG,4760,5,F,BK,YP,D
11:06:41,UNVR,RG,4760,20,F,BK,CS,F
11:06:41,UNVR,RG,4760,10,F,BK,CS,F
11:06:41,UNVR,RG,4760,18,F,BK,BK,F
11:06:41,UNVR,RG,4760,7,F,BK,CS,F
11:06:41,UNVR,RG,4760,15,F,BK,BK,F
11:06:41,UNVR,RG,4760,5,F,BK,PD,D
11:06:41,UNVR,RG,4760,53,F,BK,XC,D
11:06:41,UNVR,RG,4760,1,F,BK,AK,F
11:06:41,UNVR,RG,4760,14,F,BK,DX,F
11:06:41,UNVR,RG,4760,22,F,BK,YP,D
11:06:41,UNVR,RG,4760,6,F,BK,CC,D
11:06:41,UNVR,RG,4760,1,F,BK,BQ,D
11:06:41,UNVR,RG,4760,17,F,BK,BK,F
11:06:41,UNVR,RG,4760,53,F,BK,BB,F
11:06:41,UNVR,RG,4760,7,F,BK,BK,F
11:06:41,UNVR,RG,4760,10,F,BK,CC,D
11:06:41,UNVR,RG,4760,2,F,BK,YP,D
11:06:41,UNVR,RG,4760,10,F,BK,KK,D
11:06:41,UNVR,RG,4760,4,F,BK,AK,F
11:06:41,UNVR,RG,4760,2,F,BK,YP,D
11:06:41,UNVR,RG,4760,1,F,BK,AK,F
11:06:41,UNVR,RG,4760,6,F,BK,AK,F
11:06:41,UNVR,RG,4760,11,F,BK,KZ,D
11:06:41,UNVR,RG,4760,1,F,BK,XC,D
11:06:41,UNVR,RG,4760,333,F,BK,YP,D
11:06:40,UNVR,RG,4760,67,F,CS,YP,D
11:06:40,UNVR,RG,4760,10,F,CS,YP,D
11:06:40,UNVR,RG,4760,2,F,CS,XC,D
11:06:40,UNVR,RG,4760,4,F,CS,DR,D
11:06:40,UNVR,RG,4760,10,F,CS,CC,D
11:06:40,UNVR,RG,4760,7,F,CS,KK,D
11:06:40,UNVR,RG,4760,10,F,CS,DH,D
11:06:40,UNVR,RG,4760,2,F,CS,XC,D
11:06:40,UNVR,RG,4760,100,F,CS,YP,D
11:06:40,UNVR,RG,4760,2,F,CS,NI,D
11:06:40,UNVR,RG,4760,1,F,CS,CC,D
11:06:40,UNVR,RG,4760,100,F,CS,NI,D
11:06:40,UNVR,RG,4760,2,F,CS,PD,D
11:06:40,UNVR,RG,4760,50,F,CS,OD,D
11:06:40,UNVR,RG,4760,5,F,CS,XC,D
11:06:40,UNVR,RG,4760,50,F,CS,DH,D
11:06:40,UNVR,RG,4760,2,F,CS,YP,D
11:06:40,UNVR,RG,4760,5,F,CS,CC,D
11:06:40,UNVR,RG,4760,5,F,CS,YB,D
11:06:40,UNVR,RG,4760,2,F,CS,XL,D
11:06:40,UNVR,RG,4760,10,F,CS,CC,D
11:06:40,UNVR,RG,4760,2,F,CS,XC,D
11:06:40,UNVR,RG,4760,23,F,CS,YP,D
11:06:40,UNVR,RG,4760,2,F,CS,BK,F
11:06:40,UNVR,RG,4760,15,F,CS,AZ,D
11:06:40,UNVR,RG,4760,45,F,CS,PD,D
11:06:40,UNVR,RG,4760,30,F,CS,LS,D
11:06:40,UNVR,RG,4760,5,F,CS,YP,D
11:06:31,UNVR,RG,4750,3,F,CS,BK,F
11:06:31,UNVR,RG,4750,11,F,ZP,BK,F
11:06:22,UNVR,RG,4750,1,F,ZP,AK,F
11:05:56,UNVR,RG,4760,10,D,EP,YP,D
11:05:47,UNVR,RG,4760,5,D,YP,YP,D
11:05:34,UNVR,RG,4750,5,F,ZP,AK,F
11:04:43,UNVR,RG,4760,16,D,CC,BK,F
11:04:43,UNVR,RG,4760,10,D,CC,YP,D
11:04:43,UNVR,RG,4760,100,D,CC,KK,D
11:04:43,UNVR,RG,4760,28,D,CC,XC,D
11:04:43,UNVR,RG,4760,1,D,CC,YP,D
11:04:43,UNVR,RG,4760,10,D,CC,YP,D
11:04:43,UNVR,RG,4760,10,D,CC,PD,D
11:04:43,UNVR,RG,4760,2,D,CC,PD,D
11:04:43,UNVR,RG,4760,10,D,CC,GR,D
11:04:43,UNVR,RG,4760,244,D,CC,NI,D
11:04:05,UNVR,RG,4750,15,F,ZP,DP,D
11:04:03,UNVR,RG,4750,10,F,ZP,NI,D
11:03:53,UNVR,RG,4750,14,F,ZP,BK,F
11:03:41,UNVR,RG,4750,68,F,ZP,XA,D
11:03:41,UNVR,RG,4750,50,D,CC,XA,D
11:03:41,UNVR,RG,4750,2,D,EP,XA,D
11:03:41,UNVR,RG,4750,5,D,XL,XA,D
11:03:41,UNVR,RG,4750,20,D,EP,XA,D
11:03:41,UNVR,RG,4750,11,D,EP,XA,D
11:03:41,UNVR,RG,4750,52,F,ZP,XA,D
11:03:41,UNVR,RG,4750,1,F,AK,XA,D
11:03:29,UNVR,RG,4750,1,F,AK,XC,D
11:03:09,UNVR,RG,4750,3,F,AK,SQ,D
11:03:07,UNVR,RG,4750,1,F,AK,PD,D
11:03:06,UNVR,RG,4750,7,F,AK,PD,D
11:03:01,UNVR,RG,4750,14,F,AK,BK,F
11:02:21,UNVR,RG,4750,40,F,AK,NI,D
11:02:06,UNVR,RG,4750,15,F,AK,BK,F
11:02:05,UNVR,RG,4750,3,F,AK,XC,D
11:01:49,UNVR,RG,4750,5,F,AK,AK,F
11:01:15,UNVR,RG,4750,1,F,AK,XC,D
11:00:56,UNVR,RG,4750,1,F,AK,AZ,D
11:00:47,UNVR,RG,4750,78,F,AK,OD,D
11:00:47,UNVR,RG,4750,43,F,CS,OD,D
11:00:47,UNVR,RG,4750,4,D,XC,OD,D
11:00:47,UNVR,RG,4750,15,F,CS,OD,D
11:00:42,UNVR,RG,4750,1,F,CS,XC,D
11:00:23,UNVR,RG,4750,8,F,CS,OD,D
11:00:19,UNVR,RG,4750,1,F,CS,YP,D
11:00:17,UNVR,RG,4750,14,F,CS,BK,F
11:00:08,UNVR,RG,4750,4,F,CS,OD,D
10:59:43,UNVR,RG,4750,5,F,CS,YP,D
10:59:38,UNVR,RG,4750,1,F,CS,CC,D
10:59:25,UNVR,RG,4750,71,F,CS,LG,D
10:59:25,UNVR,RG,4750,72,F,ZP,LG,D
10:59:25,UNVR,RG,4750,27,F,ZP,LG,D
10:59:20,UNVR,RG,4750,1,F,ZP,YP,D
10:59:07,UNVR,RG,4750,16,F,ZP,BK,F
10:59:05,UNVR,RG,4760,2,D,PD,NI,D
10:58:34,UNVR,RG,4750,6,F,ZP,AK,F
10:58:21,UNVR,RG,4750,16,F,CS,BK,F
10:58:18,UNVR,RG,4750,10,F,CS,CC,D
10:58:10,UNVR,RG,4750,2,F,CS,EP,D
10:57:59,UNVR,RG,4750,68,F,CS,BB,F
10:57:57,UNVR,RG,4750,1,F,CS,PD,D
10:57:48,UNVR,RG,4750,5,F,CS,XC,D
10:57:44,UNVR,RG,4750,22,F,CS,CS,F
10:56:23,UNVR,RG,4750,1,F,CS,KK,D
10:55:47,UNVR,RG,4750,2,F,CS,DH,D
10:55:38,UNVR,RG,4750,2,F,CS,DR,D
10:55:35,UNVR,RG,4750,3,F,CS,XL,D
10:55:22,UNVR,RG,4750,15,F,CS,BK,F
10:55:07,UNVR,RG,4750,20,F,CS,NI,D
10:55:04,UNVR,RG,4750,1,D,XC,PD,D
10:55:01,UNVR,RG,4760,1,D,XC,NI,D
10:54:57,UNVR,RG,4750,125,F,AK,YP,D
10:54:26,UNVR,RG,4750,1,F,AK,LG,D
10:54:10,UNVR,RG,4750,73,F,AK,CD,D
10:54:10,UNVR,RG,4750,2,D,OD,CD,D
10:54:10,UNVR,RG,4750,32,F,ZP,CD,D
10:54:10,UNVR,RG,4750,124,F,CS,CD,D
10:54:10,UNVR,RG,4750,31,F,CS,CD,D
10:54:10,UNVR,RG,4750,18,F,ZP,CD,D
10:54:02,UNVR,RG,4750,1,F,ZP,XC,D
10:54:00,UNVR,RG,4750,4,F,ZP,YP,D
10:53:42,UNVR,RG,4750,3,F,ZP,GR,D
10:53:41,UNVR,RG,4750,5,F,ZP,PD,D
10:53:32,UNVR,RG,4750,20,F,ZP,KK,D
10:53:31,UNVR,RG,4750,1,F,ZP,PD,D
10:53:11,UNVR,RG,4750,19,F,ZP,CD,D
10:53:11,UNVR,RG,4750,100,D,AI,CD,D
10:53:11,UNVR,RG,4750,1,D,CC,CD,D
10:53:11,UNVR,RG,4750,42,F,ZP,CD,D
10:53:11,UNVR,RG,4750,17,F,CS,CD,D
10:53:11,UNVR,RG,4750,21,D,EP,CD,D
10:53:06,UNVR,RG,4750,2,D,EP,XC,D
10:52:35,UNVR,RG,4750,2,D,EP,PD,D
10:52:07,UNVR,RG,4750,4,D,EP,CS,F
10:51:46,UNVR,RG,4760,10,D,XC,NI,D
10:51:22,UNVR,RG,4760,3,D,XL,NI,D
10:51:06,UNVR,RG,4750,5,D,EP,CS,F
10:50:53,UNVR,RG,4750,66,D,EP,KZ,D
10:50:53,UNVR,RG,4750,2,F,CS,KZ,D
10:50:49,UNVR,RG,4750,2,F,CS,EP,D
10:50:49,UNVR,RG,4750,6,F,CS,EP,D
10:50:49,UNVR,RG,4750,16,F,ZP,EP,D
10:50:49,UNVR,RG,4750,17,F,ZP,EP,D
10:50:49,UNVR,RG,4750,9,D,DH,EP,D
10:49:14,UNVR,RG,4760,28,D,EP,NI,D
10:49:04,UNVR,RG,4750,1,D,DH,OD,D
10:48:10,UNVR,RG,4750,3,F,CS,BB,F
10:48:10,UNVR,RG,4750,18,F,CS,BK,F
10:48:09,UNVR,RG,4750,30,F,CS,KK,D
10:47:49,UNVR,RG,4750,17,F,CS,DP,D
10:47:49,UNVR,RG,4750,2,F,CC,CC,D
10:47:49,UNVR,RG,4750,4,F,CS,CC,D
10:47:49,UNVR,RG,4750,4,D,XC,CC,D
10:47:48,UNVR,RG,4750,1,D,XC,PD,D
10:47:27,UNVR,RG,4750,7,F,CS,YP,D
10:47:27,UNVR,RG,4750,240,F,AK,YP,D
10:47:27,UNVR,RG,4750,56,F,AK,YP,D
10:47:27,UNVR,RG,4750,3,F,ZP,YP,D
10:47:27,UNVR,RG,4750,106,F,ZP,YP,D
10:47:27,UNVR,RG,4750,12,F,CS,YP,D
10:47:27,UNVR,RG,4750,76,F,ZP,YP,D
10:47:16,UNVR,RG,4750,10,F,ZP,XL,D
10:46:54,UNVR,RG,4760,4,F,CS,NI,D
10:46:54,UNVR,RG,4760,1,F,CS,NI,D
10:46:54,UNVR,RG,4750,1,F,ZP,AK,F
10:46:54,UNVR,RG,4750,1,F,ZP,AK,F
10:46:54,UNVR,RG,4750,3,F,CC,AK,F
10:46:54,UNVR,RG,4750,3,F,CS,DX,F
10:46:54,UNVR,RG,4750,11,D,YP,DX,F
10:46:54,UNVR,RG,4750,20,D,YP,BK,F
10:46:54,UNVR,RG,4750,300,D,YP,CC,D
10:46:54,UNVR,RG,4750,16,D,YP,DP,D
10:46:54,UNVR,RG,4750,1,D,YP,AK,F
10:46:54,UNVR,RG,4750,25,D,YP,XC,D
10:46:54,UNVR,RG,4750,4,D,YP,AK,F
10:46:54,UNVR,RG,4750,15,D,YP,BK,F
10:46:54,UNVR,RG,4750,40,D,YP,CC,D
10:46:54,UNVR,RG,4750,10,D,YP,NI,D
10:46:54,UNVR,RG,4750,50,D,YP,PD,D
10:46:54,UNVR,RG,4750,29,D,YP,BK,F
10:46:54,UNVR,RG,4750,2,D,YP,CC,F
10:46:54,UNVR,RG,4750,1,D,YP,PD,D
10:46:54,UNVR,RG,4750,43,D,YP,KZ,D
10:46:54,UNVR,RG,4750,2,D,YP,XC,D
10:46:54,UNVR,RG,4750,2,D,YP,OD,D
10:46:54,UNVR,RG,4750,1,D,YP,XC,D
10:46:54,UNVR,RG,4750,18,D,YP,BB,F
10:46:54,UNVR,RG,4750,16,D,YP,BK,F
10:46:54,UNVR,RG,4750,19,D,YP,BK,F
10:46:54,UNVR,RG,4750,25,D,YP,CC,D
10:46:35,UNVR,RG,4740,1,F,KZ,KK,D
10:46:34,UNVR,RG,4740,1,F,KZ,LG,D
10:45:51,UNVR,RG,4740,1,F,KZ,GR,D
10:45:26,UNVR,RG,4740,2,F,KZ,NI,D
10:45:18,UNVR,RG,4740,28,F,KZ,CC,D
10:45:04,UNVR,RG,4740,25,F,KZ,PD,D
10:45:04,UNVR,RG,4740,2,D,CC,PD,D
10:45:04,UNVR,RG,4740,14,F,BK,PD,D
10:44:39,UNVR,RG,4740,12,F,BK,PD,D
10:44:27,UNVR,RG,4740,2,F,BK,OD,D
10:44:25,UNVR,RG,4740,1,F,BK,PD,D
10:44:13,UNVR,RG,4740,5,F,BK,PD,D
10:43:50,UNVR,RG,4740,1,F,BK,BQ,D
10:43:33,UNVR,RG,4740,5,F,BK,YP,D
10:43:16,UNVR,RG,4740,170,F,BK,PD,D
10:43:16,UNVR,RG,4740,44,F,CS,PD,D
10:43:16,UNVR,RG,4740,8,F,ZP,PD,D
10:43:16,UNVR,RG,4740,3,F,ZP,PD,D
10:42:17,UNVR,RG,4740,1,F,ZP,XC,D
10:41:44,UNVR,RG,4740,5,F,ZP,CC,D
10:41:12,UNVR,RG,4740,4,F,ZP,BQ,D
10:40:24,UNVR,RG,4750,70,F,ZP,CC,D
10:40:23,UNVR,RG,4750,72,F,ZP,CC,D
10:40:07,UNVR,RG,4750,1,D,DR,CC,D
10:40:03,UNVR,RG,4750,1,D,PD,CC,D
10:39:55,UNVR,RG,4750,21,D,YP,CC,D
10:39:55,UNVR,RG,4750,10,D,NI,CC,D
10:39:50,UNVR,RG,4750,1,F,CS,XC,D
10:39:48,UNVR,RG,4750,1,F,CS,XC,D
10:39:47,UNVR,RG,4750,36,F,CS,YP,D
10:39:47,UNVR,RG,4750,13,D,EP,YP,D
10:39:47,UNVR,RG,4750,17,F,KZ,YP,D
10:39:47,UNVR,RG,4750,15,F,ZP,YP,D
10:39:47,UNVR,RG,4750,19,F,ZP,YP,D
10:39:33,UNVR,RG,4750,1,F,ZP,DR,D
10:39:25,UNVR,RG,4760,2,D,PD,NI,D
10:38:57,UNVR,RG,4750,5,F,ZP,YP,D
10:38:06,UNVR,RG,4760,21,D,YP,NI,D
10:37:49,UNVR,RG,4750,4,F,ZP,DH,D
10:37:49,UNVR,RG,4750,15,F,KZ,DH,D
10:37:49,UNVR,RG,4750,1,D,KK,DH,D
10:37:40,UNVR,RG,4760,1,D,XL,NI,D
10:37:39,UNVR,RG,4750,18,F,CS,CC,D
10:37:39,UNVR,RG,4750,52,F,KZ,CC,D
10:37:06,UNVR,RG,4750,34,F,KZ,YP,D
10:37:06,UNVR,RG,4750,203,F,CS,YP,D
10:37:06,UNVR,RG,4750,1,F,CS,YP,D
10:37:06,UNVR,RG,4750,1,F,KZ,YP,D
10:37:06,UNVR,RG,4750,1,D,XC,YP,D
10:37:05,UNVR,RG,4760,1,D,XC,NI,D
10:36:30,UNVR,RG,4750,3,F,KZ,CC,F
10:36:27,UNVR,RG,4740,4,F,KZ,XC,D
10:36:24,UNVR,RG,4740,5,F,BK,AK,F
10:36:24,UNVR,RG,4750,10,F,KZ,YP,D
10:36:24,UNVR,RG,4750,1,F,KZ,AK,F
10:36:24,UNVR,RG,4750,20,F,KZ,SQ,D
10:36:24,UNVR,RG,4750,4,F,KZ,AK,F
10:36:24,UNVR,RG,4750,374,F,KZ,CC,D
10:36:24,UNVR,RG,4750,48,F,KZ,GR,D
10:36:24,UNVR,RG,4750,12,F,KZ,DX,F
10:36:24,UNVR,RG,4750,10,F,KZ,XC,D
10:36:24,UNVR,RG,4750,40,F,KZ,KK,D
10:36:24,UNVR,RG,4750,20,F,KZ,YP,D
10:36:24,UNVR,RG,4750,13,F,KZ,YP,D
10:36:24,UNVR,RG,4750,59,F,KZ,CC,D
10:36:24,UNVR,RG,4740,1,F,KZ,AK,F
10:36:24,UNVR,RG,4740,1,F,KZ,AK,F
10:36:24,UNVR,RG,4740,6,F,KZ,PD,D
10:36:24,UNVR,RG,4740,41,F,KZ,KZ,D
10:36:24,UNVR,RG,4740,15,F,KZ,CC,F
10:36:24,UNVR,RG,4740,46,F,KZ,BK,F
10:36:24,UNVR,RG,4740,6,F,KZ,AK,F
10:36:24,UNVR,RG,4740,6,F,KZ,AK,F
10:36:24,UNVR,RG,4740,70,F,KZ,BB,F
10:36:24,UNVR,RG,4740,15,F,KZ,DP,D
10:36:24,UNVR,RG,4740,1610,F,KZ,NI,D
10:36:19,UNVR,RG,4740,3,D,XL,NI,D
10:36:13,UNVR,RG,4730,5,D,YP,CC,D
10:36:13,UNVR,RG,4730,1,D,PD,CC,D
10:36:13,UNVR,RG,4730,1,D,YP,CC,D
10:36:13,UNVR,RG,4730,25,D,GR,CC,D
10:36:13,UNVR,RG,4730,1,D,XC,CC,D
10:36:13,UNVR,RG,4730,1,D,PD,CC,D
10:36:13,UNVR,RG,4730,2,D,PD,CC,D
10:35:57,UNVR,RG,4740,250,F,BK,NI,D
10:35:57,UNVR,RG,4740,5,D,DR,NI,D
10:35:41,UNVR,RG,4740,1,D,XL,NI,D
10:35:40,UNVR,RG,4730,2,D,PD,LG,D
10:35:22,UNVR,RG,4740,1,D,CC,NI,D
10:35:21,UNVR,RG,4730,7,D,PD,XL,D
10:35:20,UNVR,RG,4740,3,D,YP,NI,D
10:35:20,UNVR,RG,4730,5,D,PD,NI,D
10:34:47,UNVR,RG,4740,20,D,CC,NI,D
10:34:33,UNVR,RG,4740,5,D,XC,NI,D
10:34:33,UNVR,RG,4740,50,D,PD,NI,D
10:34:33,UNVR,RG,4740,1,D,CP,NI,D
10:34:33,UNVR,RG,4740,122,F,CS,NI,D
10:34:33,UNVR,RG,4740,2,D,PD,NI,D
10:34:33,UNVR,RG,4740,45,F,ZP,NI,D
10:34:33,UNVR,RG,4740,56,F,ZP,NI,D
10:34:33,UNVR,RG,4740,1,D,CC,NI,D
10:34:33,UNVR,RG,4740,1,D,XC,NI,D
10:34:33,UNVR,RG,4740,5,D,PD,NI,D
10:34:33,UNVR,RG,4740,1,D,XL,NI,D
10:34:33,UNVR,RG,4740,1,D,XC,NI,D
10:34:33,UNVR,RG,4740,5,D,PD,NI,D
10:34:33,UNVR,RG,4740,2,D,YP,NI,D
10:34:33,UNVR,RG,4740,30,D,CC,NI,D
10:34:33,UNVR,RG,4740,191,F,CS,NI,D
10:34:33,UNVR,RG,4740,3,D,RO,NI,D
10:34:33,UNVR,RG,4740,2,D,PD,NI,D
10:34:33,UNVR,RG,4740,1,D,XC,NI,D
10:34:33,UNVR,RG,4740,169,F,BK,NI,D
10:34:33,UNVR,RG,4740,10,D,XL,NI,D
10:34:33,UNVR,RG,4740,48,F,CS,NI,D
10:34:33,UNVR,RG,4740,3,D,GR,NI,D
10:34:33,UNVR,RG,4740,89,F,CS,NI,D
10:34:33,UNVR,RG,4740,1,D,NI,NI,D
10:34:33,UNVR,RG,4740,1,D,YB,NI,D
10:34:33,UNVR,RG,4740,149,F,CS,NI,D
10:34:18,UNVR,RG,4740,5,F,CS,CC,D
10:34:18,UNVR,RG,4740,10,D,GR,CC,D
10:34:18,UNVR,RG,4740,15,D,CC,CC,D
10:34:18,UNVR,RG,4740,1,D,YP,CC,D
10:34:18,UNVR,RG,4740,9,D,DH,CC,D
10:33:57,UNVR,RG,4740,1,D,DH,KK,D
10:33:57,UNVR,RG,4740,12,D,NI,KK,D
10:33:57,UNVR,RG,4740,5,D,CC,KK,D
10:33:57,UNVR,RG,4740,25,D,YP,KK,D
10:33:57,UNVR,RG,4740,1,D,XC,KK,D
10:33:57,UNVR,RG,4740,5,D,PD,KK,D
10:33:57,UNVR,RG,4740,1,D,XC,KK,D
10:33:53,UNVR,RG,4750,9,D,YP,CC,D
10:33:45,UNVR,RG,4750,9,D,YP,CC,D
10:33:30,UNVR,RG,4750,82,D,YP,CC,D
10:33:01,UNVR,RG,4740,2,D,LG,YP,D
10:33:01,UNVR,RG,4740,18,F,CS,YP,D
10:32:54,UNVR,RG,4750,50,D,OD,CC,D
10:32:47,UNVR,RG,4750,74,F,CS,CC,D
10:32:47,UNVR,RG,4750,62,D,YB,CC,D
10:32:47,UNVR,RG,4750,5,D,OD,CC,D
10:32:47,UNVR,RG,4750,38,F,ZP,CC,D
10:32:47,UNVR,RG,4750,42,F,AK,CC,D
10:32:47,UNVR,RG,4750,2,F,CS,CC,D
10:32:47,UNVR,RG,4750,68,F,ZP,CC,D
10:32:44,UNVR,RG,4750,110,F,ZP,YP,D
10:32:44,UNVR,RG,4750,190,F,ZP,YP,D
10:32:34,UNVR,RG,4760,2,D,XL,NI,D
10:32:17,UNVR,RG,4750,4,F,CC,AK,F
10:32:17,UNVR,RG,4750,57,F,CC,BB,F
10:32:17,UNVR,RG,4750,30,F,CC,AO,D
10:32:17,UNVR,RG,4750,16,F,CC,BK,F
10:32:17,UNVR,RG,4750,16,F,CC,DP,D
10:32:17,UNVR,RG,4750,2,F,CC,XC,D
10:32:17,UNVR,RG,4750,10,F,CC,HP,D
10:32:17,UNVR,RG,4750,3,F,CC,YB,D
10:32:17,UNVR,RG,4750,56,F,CC,YJ,D
10:32:17,UNVR,RG,4750,25,F,CC,AK,D
10:32:17,UNVR,RG,4750,6,F,CC,CC,F
10:32:17,UNVR,RG,4750,11,F,CC,DX,F
10:32:17,UNVR,RG,4750,15,F,CC,BK,F
10:32:17,UNVR,RG,4750,10,F,CC,NI,D
10:32:17,UNVR,RG,4750,51,F,CC,NI,D
10:32:17,UNVR,RG,4750,45,F,CS,NI,D
10:32:17,UNVR,RG,4750,24,F,ZP,NI,D
10:32:17,UNVR,RG,4750,1,F,ZP,KK,D
10:32:17,UNVR,RG,4750,2,F,ZP,NI,D
10:32:17,UNVR,RG,4750,16,F,ZP,BK,F
10:32:17,UNVR,RG,4750,156,F,ZP,CS,F
10:32:17,UNVR,RG,4750,1,F,ZP,AK,F
10:32:17,UNVR,RG,4750,4,F,ZP,AK,F
10:32:17,UNVR,RG,4750,10,F,ZP,CC,D
10:32:17,UNVR,RG,4750,95,F,ZP,OD,D
10:32:09,UNVR,RG,4750,5,D,CC,OD,D
10:32:09,UNVR,RG,4750,15,D,CC,BK,F
10:32:09,UNVR,RG,4750,80,D,CC,AK,D
10:32:09,UNVR,RG,4750,2,D,CC,XC,D
10:32:09,UNVR,RG,4750,10,D,CC,NI,D
10:32:09,UNVR,RG,4750,15,D,CC,BK,F
10:32:09,UNVR,RG,4750,16,D,CC,BK,F
10:32:09,UNVR,RG,4750,1,D,CC,YP,D
10:32:09,UNVR,RG,4750,1,D,CC,EP,D
10:32:09,UNVR,RG,4750,1,D,CC,NI,D
10:32:09,UNVR,RG,4750,14,D,CC,DX,F
10:32:09,UNVR,RG,4750,1,D,CC,XC,D
10:32:09,UNVR,RG,4750,2,D,CC,CC,D
10:32:09,UNVR,RG,4750,19,D,CC,NI,D
10:32:09,UNVR,RG,4750,34,D,CC,BB,F
10:31:38,UNVR,RG,4750,1,D,EP,BB,F
10:31:25,UNVR,RG,4740,1,F,CS,DP,D
10:30:59,UNVR,RG,4750,5,D,EP,BB,F
10:30:09,UNVR,RG,4750,1,D,XC,BB,F
10:29:50,UNVR,RG,4750,1,D,XC,BB,F
10:29:37,UNVR,RG,4750,26,D,LG,BB,F
10:29:37,UNVR,RG,4750,16,D,LG,BK,F
10:29:37,UNVR,RG,4750,8,D,LG,DP,D
10:29:24,UNVR,RG,4740,32,F,CS,DR,D
10:29:19,UNVR,RG,4740,1,F,CS,SQ,D
10:29:16,UNVR,RG,4740,10,F,CS,DP,D
10:28:32,UNVR,RG,4740,23,F,CS,AK,D
10:28:31,UNVR,RG,4750,15,D,CC,DP,D
10:28:31,UNVR,RG,4750,1,D,CC,AK,F
10:28:31,UNVR,RG,4750,4,D,CC,AK,F
10:28:31,UNVR,RG,4750,50,D,CC,OD,D
10:28:31,UNVR,RG,4750,5,D,CC,AT,D
10:28:31,UNVR,RG,4750,5,D,CC,XC,D
10:28:31,UNVR,RG,4750,11,D,CC,DX,F
10:28:31,UNVR,RG,4750,50,D,CC,YP,D
10:27:50,UNVR,RG,4740,4,F,CS,AK,F
10:27:19,UNVR,RG,4750,1,D,BQ,YP,D
10:27:15,UNVR,RG,4750,10,D,ZP,YP,D
10:27:06,UNVR,RG,4750,1,D,CD,YP,D
10:27:05,UNVR,RG,4740,11,F,CS,DP,D
10:26:49,UNVR,RG,4740,3,F,CS,PD,D
10:26:22,UNVR,RG,4740,5,F,CS,YP,D
10:26:17,UNVR,RG,4740,8,F,CS,NI,D
10:26:13,UNVR,RG,4740,2,F,CS,AK,F
10:25:54,UNVR,RG,4740,20,F,CS,HP,D
10:25:33,UNVR,RG,4740,1,F,CS,DH,D
10:25:32,UNVR,RG,4740,1,F,CS,XC,D
10:25:30,UNVR,RG,4740,12,F,CS,YB,D
10:25:13,UNVR,RG,4740,1,F,CS,XC,D
10:25:11,UNVR,RG,4740,49,F,CS,BB,F
10:24:34,UNVR,RG,4740,6,F,CS,AK,F
10:24:11,UNVR,RG,4750,1,D,BQ,YP,D
10:23:36,UNVR,RG,4750,8,D,CC,YP,D
10:23:27,UNVR,RG,4740,5,F,CS,OD,D
10:23:24,UNVR,RG,4740,5,F,CS,YP,D
10:23:08,UNVR,RG,4740,1,F,CS,XC,D
10:23:07,UNVR,RG,4740,5,F,CS,KK,D
10:23:00,UNVR,RG,4740,6,F,CS,PD,D
10:23:00,UNVR,RG,4740,9,D,CC,PD,D
10:23:00,UNVR,RG,4740,1,D,CC,CC,D
10:23:00,UNVR,RG,4750,2,D,KK,YP,D
10:22:47,UNVR,RG,4740,1,D,PD,KK,D
10:22:47,UNVR,RG,4740,1,D,YP,KK,D
10:22:47,UNVR,RG,4740,3,F,ZP,KK,D
10:22:47,UNVR,RG,4740,4,F,ZP,KK,D
10:22:47,UNVR,RG,4740,1,D,XC,KK,D
10:22:28,UNVR,RG,4740,4,D,XC,KK,D
10:22:28,UNVR,RG,4740,2,D,XC,KK,D
10:22:28,UNVR,RG,4740,9,D,NI,KK,D
10:22:28,UNVR,RG,4740,1,D,PD,KK,D
10:22:28,UNVR,RG,4740,1,D,XC,KK,D
10:22:28,UNVR,RG,4740,10,D,XA,KK,D
10:22:28,UNVR,RG,4740,1,D,EP,KK,D
10:22:28,UNVR,RG,4740,4,D,DH,KK,D
10:22:28,UNVR,RG,4740,1,D,SQ,KK,D
10:22:28,UNVR,RG,4740,7,F,AK,KK,D
10:22:22,UNVR,RG,4750,100,D,YP,YP,D
10:22:03,UNVR,RG,4740,5,F,AK,XC,D
10:21:37,UNVR,RG,4740,20,F,AK,XC,D
10:21:14,UNVR,RG,4740,5,F,AK,XL,D
10:21:10,UNVR,RG,4740,4,F,AK,XL,D
10:20:59,UNVR,RG,4740,5,F,AK,AK,F
10:20:58,UNVR,RG,4750,8,D,CP,YP,D
10:20:29,UNVR,RG,4750,19,D,CC,YP,D
10:20:29,UNVR,RG,4750,37,D,CC,AK,D
10:20:29,UNVR,RG,4750,35,D,CC,AK,D
10:20:29,UNVR,RG,4750,22,D,CC,DP,D
10:20:29,UNVR,RG,4750,90,D,CC,BK,F
10:20:29,UNVR,RG,4750,7,D,CC,BB,F
10:20:29,UNVR,RG,4750,6,D,CC,YP,D
10:20:05,UNVR,RG,4740,24,F,AK,PD,D
10:19:25,UNVR,RG,4740,16,F,AK,BK,F
10:19:14,UNVR,RG,4750,3,D,YP,YP,D
10:18:11,UNVR,RG,4740,41,F,AK,BB,F
10:18:04,UNVR,RG,4740,14,F,AK,BK,F
10:17:52,UNVR,RG,4750,30,D,OD,YP,D
10:17:38,UNVR,RG,4750,2,D,YB,YP,D
10:17:31,UNVR,RG,4750,2,D,OD,YP,D
10:17:31,UNVR,RG,4750,205,F,CS,YP,D
10:17:31,UNVR,RG,4750,192,F,CS,YP,D
10:17:31,UNVR,RG,4750,202,D,CC,YP,D
10:17:31,UNVR,RG,4750,10,D,YP,YP,D
10:17:31,UNVR,RG,4750,21,D,CC,YP,D
10:17:31,UNVR,RG,4750,153,F,CS,YP,D
10:17:31,UNVR,RG,4750,10,D,CC,YP,D
10:17:31,UNVR,RG,4750,1,D,DH,YP,D
10:17:31,UNVR,RG,4750,20,D,PD,YP,D
10:17:31,UNVR,RG,4750,145,F,CS,YP,D
10:17:31,UNVR,RG,4750,82,F,CS,YP,D
10:17:31,UNVR,RG,4750,66,F,ZP,YP,D
10:17:31,UNVR,RG,4750,68,F,ZP,YP,D
10:17:31,UNVR,RG,4750,171,F,CS,YP,D
10:17:31,UNVR,RG,4750,12,D,YP,YP,D
10:17:31,UNVR,RG,4750,40,D,CC,YP,D
10:17:31,UNVR,RG,4750,74,F,CS,YP,D
10:17:31,UNVR,RG,4750,228,F,BK,YP,D
10:17:31,UNVR,RG,4750,257,D,PD,YP,D
10:17:26,UNVR,RG,4750,2,D,PD,XC,D
10:17:26,UNVR,RG,4750,1,D,PD,XL,D
10:17:15,UNVR,RG,4750,1,D,PD,PD,D
10:17:01,UNVR,RG,4750,1,D,PD,XC,D
10:17:00,UNVR,RG,4750,5,D,PD,YP,D
10:16:56,UNVR,RG,4750,1,D,PD,PD,D
10:16:47,UNVR,RG,4750,2,D,PD,YP,D
10:16:42,UNVR,RG,4750,1,D,PD,PC,D
10:16:38,UNVR,RG,4750,14,D,PD,SQ,D
10:16:35,UNVR,RG,4750,5,D,PD,OD,D
10:16:34,UNVR,RG,4750,25,D,PD,YP,D
10:16:33,UNVR,RG,4750,1,D,PD,PD,D
10:16:28,UNVR,RG,4750,4,D,PD,NI,D
10:15:55,UNVR,RG,4750,15,D,PD,DP,D
10:15:47,UNVR,RG,4750,2,D,PD,XC,D
10:15:11,UNVR,RG,4750,1,D,PD,DH,D
10:14:47,UNVR,RG,4750,2,D,PD,CC,D
10:14:28,UNVR,RG,4750,10,D,PD,CC,D
10:14:27,UNVR,RG,4750,1,D,PD,XC,D
10:14:06,UNVR,RG,4750,1,D,PD,XC,D
10:13:54,UNVR,RG,4750,16,D,PD,DP,D
10:13:38,UNVR,RG,4760,9,D,YP,NI,D
10:13:16,UNVR,RG,4760,21,D,YP,NI,D
10:12:52,UNVR,RG,4760,3,D,XC,NI,D
10:12:02,UNVR,RG,4760,21,D,YP,NI,D
10:11:59,UNVR,RG,4760,69,D,AI,NI,D
10:10:08,UNVR,RG,4760,157,D,AT,NI,D
10:10:08,UNVR,RG,4760,1,D,AT,CC,D
10:10:08,UNVR,RG,4760,4,D,AT,AK,F
10:10:08,UNVR,RG,4760,1,D,AT,XC,D
10:10:08,UNVR,RG,4760,14,D,AT,AK,F
10:10:08,UNVR,RG,4760,11,D,AT,DX,F
10:10:08,UNVR,RG,4760,10,D,AT,GR,D
10:10:08,UNVR,RG,4760,2,D,AT,PD,D
10:09:53,UNVR,RG,4750,87,D,PD,EP,D
10:09:52,UNVR,RG,4750,4,D,PD,XC,D
10:09:39,UNVR,RG,4750,5,D,PD,NI,D
10:09:30,UNVR,RG,4750,36,D,PD,CC,D
10:09:30,UNVR,RG,4750,4,D,DH,CC,D
10:09:30,UNVR,RG,4750,36,F,ZP,CC,D
10:09:30,UNVR,RG,4750,11,F,ZP,CC,D
10:09:23,UNVR,RG,4750,1,F,ZP,CC,D
10:09:18,UNVR,RG,4750,8,F,ZP,XC,D
10:09:00,UNVR,RG,4750,12,F,ZP,PD,D
10:08:41,UNVR,RG,4750,3,F,ZP,XL,D
10:08:39,UNVR,RG,4750,4,F,ZP,YP,D
10:08:38,UNVR,RG,4750,76,F,BK,AT,D
10:08:38,UNVR,RG,4750,29,F,CS,AT,D
10:08:38,UNVR,RG,4750,68,F,CS,AT,D
10:08:38,UNVR,RG,4750,27,D,OD,AT,D
10:08:18,UNVR,RG,4750,50,D,OD,KK,D
10:08:06,UNVR,RG,4760,8,D,EP,PD,D
10:08:06,UNVR,RG,4760,14,D,EP,XA,D
10:08:01,UNVR,RG,4750,10,D,OD,YP,D
10:08:01,UNVR,RG,4750,10,D,CC,YP,D
10:07:46,UNVR,RG,4750,20,F,CS,BQ,D
10:07:46,UNVR,RG,4750,1,D,XC,BQ,D
10:07:46,UNVR,RG,4750,1,D,DR,BQ,D
10:07:46,UNVR,RG,4750,1,D,XC,BQ,D
10:07:46,UNVR,RG,4750,17,F,AK,BQ,D
10:07:45,UNVR,RG,4750,2,F,AK,CC,D
10:07:29,UNVR,RG,4750,1,F,AK,YP,D
10:07:22,UNVR,RG,4750,5,F,AK,XC,D
10:07:19,UNVR,RG,4750,10,F,AK,YP,D
10:07:18,UNVR,RG,4750,1,F,AK,PD,D
10:07:17,UNVR,RG,4760,36,D,EP,XA,D
10:07:17,UNVR,RG,4760,5,D,EP,CC,D
10:07:17,UNVR,RG,4760,40,D,EP,PD,D
10:07:17,UNVR,RG,4760,7,D,EP,YP,D
10:07:04,UNVR,RG,4750,4,F,AK,CC,D
10:07:04,UNVR,RG,4750,2,F,ZP,CC,D
10:07:04,UNVR,RG,4750,1,F,ZP,CC,D
10:06:49,UNVR,RG,4750,1,F,ZP,XC,D
10:06:44,UNVR,RG,4750,58,F,CS,BB,F
10:06:44,UNVR,RG,4750,33,F,BK,BB,F
10:06:44,UNVR,RG,4750,83,F,BK,AK,D
10:06:44,UNVR,RG,4750,1,F,BK,CC,D
10:06:44,UNVR,RG,4750,4,F,BK,AK,F
10:06:44,UNVR,RG,4750,1,F,BK,AK,F
10:06:44,UNVR,RG,4750,17,F,BK,BK,F
10:06:44,UNVR,RG,4750,111,F,BK,YP,D
10:06:44,UNVR,RG,4750,99,F,ZP,YP,D
10:06:44,UNVR,RG,4750,109,F,ZP,YP,D
10:06:44,UNVR,RG,4750,181,F,BK,YP,D
10:06:44,UNVR,RG,4750,1,F,BK,PD,D
10:06:44,UNVR,RG,4750,26,F,BK,DP,D
10:06:44,UNVR,RG,4750,1,F,BK,NI,D
10:06:44,UNVR,RG,4750,41,F,BK,PD,D
10:06:44,UNVR,RG,4750,59,F,BK,PD,D
10:06:44,UNVR,RG,4750,17,F,BK,BK,F
10:06:44,UNVR,RG,4750,4,F,BK,AK,F
10:06:44,UNVR,RG,4750,1,F,BK,AK,F
10:06:44,UNVR,RG,4750,169,F,BK,GR,D
10:06:43,UNVR,RG,4750,250,F,BK,GR,D
10:06:43,UNVR,RG,4750,181,F,BK,GR,D
10:06:43,UNVR,RG,4750,69,F,BK,AK,D
10:06:27,UNVR,RG,4750,1,D,OD,AK,D
10:06:12,UNVR,RG,4750,20,D,CC,AK,D
10:06:12,UNVR,RG,4750,35,D,CC,AK,D
10:06:12,UNVR,RG,4750,86,D,CC,BK,F
10:06:12,UNVR,RG,4750,11,D,CC,BB,F
10:06:12,UNVR,RG,4750,64,D,CC,AG,D
10:06:04,UNVR,RG,4750,2,D,XC,AG,D
10:04:50,UNVR,RG,4750,3,D,CC,AG,D
10:04:50,UNVR,RG,4750,1,D,YP,AG,D
10:04:48,UNVR,RG,4750,7,D,YP,EP,D
10:04:45,UNVR,RG,4750,1,D,YP,KK,D
10:04:42,UNVR,RG,4750,5,D,YP,CC,D
10:04:21,UNVR,RG,4750,4,D,YP,PD,D
10:04:18,UNVR,RG,4750,1,D,YP,PD,D
10:04:17,UNVR,RG,4750,1,D,YP,AG,D
10:04:17,UNVR,RG,4750,10,D,ES,AG,D
10:04:17,UNVR,RG,4750,39,F,CS,AG,D
10:03:56,UNVR,RG,4750,10,F,CS,PD,D
10:03:54,UNVR,RG,4750,5,F,CS,CC,D
10:03:30,UNVR,RG,4750,140,F,CS,HD,D
10:03:30,UNVR,RG,4750,100,D,EP,HD,D
10:03:30,UNVR,RG,4750,240,F,BK,HD,D
10:03:30,UNVR,RG,4750,231,F,CS,HD,D
10:03:30,UNVR,RG,4750,5,D,SQ,HD,D
10:03:30,UNVR,RG,4750,132,F,ZP,HD,D
10:03:30,UNVR,RG,4750,56,F,ZP,HD,D
10:03:30,UNVR,RG,4750,96,D,EP,HD,D
10:03:07,UNVR,RG,4750,1,D,EP,XC,D
10:03:05,UNVR,RG,4760,5,D,EP,YP,D
10:02:56,UNVR,RG,4750,3,D,EP,CC,D
10:02:45,UNVR,RG,4750,36,D,EP,BB,F
10:02:23,UNVR,RG,4750,5,D,EP,XL,D
10:02:21,UNVR,RG,4760,1,D,BQ,YP,D
10:02:15,UNVR,RG,4750,11,D,EP,DX,F
10:02:06,UNVR,RG,4750,2,D,EP,OD,D
10:02:01,UNVR,RG,4750,13,D,EP,BB,F
10:02:01,UNVR,RG,4750,74,D,EP,YJ,D
10:02:00,UNVR,RG,4750,109,F,CS,YJ,D
10:02:00,UNVR,RG,4750,50,D,YP,YJ,D
10:02:00,UNVR,RG,4750,1,D,PD,YJ,D
10:02:00,UNVR,RG,4750,4,D,DR,YJ,D
10:02:00,UNVR,RG,4750,1,D,YP,YJ,D
10:02:00,UNVR,RG,4750,2,D,NI,YJ,D
10:02:00,UNVR,RG,4750,38,D,NI,YJ,D
10:02:00,UNVR,RG,4750,3,D,XC,YJ,D
10:02:00,UNVR,RG,4750,64,F,ZP,YJ,D
10:02:00,UNVR,RG,4750,1,D,XC,YJ,D
10:02:00,UNVR,RG,4750,1,D,CC,YJ,D
10:02:00,UNVR,RG,4750,82,F,CS,YJ,D
10:02:00,UNVR,RG,4750,70,F,ZP,YJ,D
10:01:01,UNVR,RG,4750,5,F,ZP,NI,D
10:00:59,UNVR,RG,4750,20,F,ZP,YP,D
10:00:43,UNVR,RG,4750,30,F,ZP,EP,D
10:00:29,UNVR,RG,4750,1,F,ZP,AK,F
10:00:29,UNVR,RG,4760,21,D,YP,YP,D
10:00:06,UNVR,RG,4750,30,F,ZP,KK,D
10:00:00,UNVR,RG,4750,1,F,ZP,XC,D
09:59:30,UNVR,RG,4750,1,F,ZP,BQ,D
09:59:25,UNVR,RG,4750,6,F,ZP,YP,D
09:59:18,UNVR,RG,4750,4,F,ZP,YP,D
09:59:16,UNVR,RG,4750,1,F,ZP,AK,F
09:59:15,UNVR,RG,4760,21,D,YP,YP,D
09:58:45,UNVR,RG,4750,2,F,ZP,AK,F
09:58:45,UNVR,RG,4760,50,D,OD,YP,D
09:58:30,UNVR,RG,4760,12,D,PD,YP,D
09:58:03,UNVR,RG,4750,4,F,ZP,XC,D
09:58:02,UNVR,RG,4750,20,F,ZP,YP,D
09:58:02,UNVR,RG,4750,2,F,ZP,DP,D
09:57:50,UNVR,RG,4750,1,F,ZP,BQ,D
09:57:49,UNVR,RG,4750,3,F,ZP,XC,D
09:57:21,UNVR,RG,4750,10,F,ZP,AT,D
09:57:21,UNVR,RG,4750,15,F,ZP,TF,D
09:57:12,UNVR,RG,4760,133,D,CC,YP,D
09:57:12,UNVR,RG,4760,20,D,CC,YP,D
09:57:12,UNVR,RG,4760,20,D,CC,XA,D
09:57:12,UNVR,RG,4760,17,D,CC,KK,D
09:57:12,UNVR,RG,4760,3,D,CC,PD,D
09:57:12,UNVR,RG,4760,1,D,CC,YP,D
09:57:12,UNVR,RG,4760,10,D,CC,YP,D
09:57:12,UNVR,RG,4760,2,D,CC,AK,F
09:57:12,UNVR,RG,4760,2,D,CC,BB,F
09:57:12,UNVR,RG,4760,1,D,CC,YP,D
09:57:12,UNVR,RG,4760,7,D,CC,YP,D
09:57:11,UNVR,RG,4750,5,F,ZP,DR,D
09:57:11,UNVR,RG,4750,10,F,ZP,DR,D
09:56:35,UNVR,RG,4750,3,F,ZP,BB,F
09:56:21,UNVR,RG,4750,56,F,ZP,YP,D
09:56:18,UNVR,RG,4750,1,F,ZP,BQ,D
09:56:13,UNVR,RG,4750,31,F,ZP,YP,D
09:56:12,UNVR,RG,4750,4,F,ZP,BQ,D
09:56:09,UNVR,RG,4750,110,F,ZP,AI,D
09:56:01,UNVR,RG,4750,1,F,ZP,DH,D
09:55:46,UNVR,RG,4750,1,F,ZP,NI,D
09:55:42,UNVR,RG,4750,1,F,ZP,CC,D
09:55:37,UNVR,RG,4750,10,F,ZP,CC,D
09:55:18,UNVR,RG,4750,6,F,BK,AK,F
09:55:18,UNVR,RG,4750,2,F,BK,AK,F
09:55:18,UNVR,RG,4750,3,F,BK,CC,F
09:55:18,UNVR,RG,4750,15,F,BK,BK,F
09:55:18,UNVR,RG,4750,10,F,BK,DH,D
09:55:18,UNVR,RG,4750,12,F,BK,DX,F
09:55:18,UNVR,RG,4750,15,F,BK,BK,F
09:55:18,UNVR,RG,4750,6,F,BK,DR,D
09:55:18,UNVR,RG,4750,2,F,BK,YP,D
09:55:18,UNVR,RG,4750,14,F,BK,LG,D
09:55:18,UNVR,RG,4750,6,F,CS,LG,D
09:55:18,UNVR,RG,4750,15,F,CS,BK,F
09:55:18,UNVR,RG,4750,10,F,CS,PD,D
09:55:18,UNVR,RG,4750,12,F,CS,XC,D
09:55:18,UNVR,RG,4750,1,F,CS,XC,D
09:55:18,UNVR,RG,4750,16,F,CS,BK,F
09:55:18,UNVR,RG,4750,1,F,CS,YP,D
09:55:18,UNVR,RG,4750,2,F,CS,YP,D
09:55:18,UNVR,RG,4750,1,F,CS,CC,D
09:55:18,UNVR,RG,4750,300,F,CS,SQ,D
09:55:18,UNVR,RG,4750,16,F,CS,BK,F
09:55:18,UNVR,RG,4750,5,F,CS,AT,D
09:55:18,UNVR,RG,4750,5,F,CS,AK,F
09:55:18,UNVR,RG,4750,7,F,CS,AK,F
09:55:18,UNVR,RG,4750,2,F,CS,AK,F
09:55:18,UNVR,RG,4750,2,F,CS,AK,F
09:55:18,UNVR,RG,4750,77,F,CS,AK,D
09:55:18,UNVR,RG,4750,9,F,CS,AK,D
09:55:18,UNVR,RG,4750,25,D,YP,AK,D
09:55:18,UNVR,RG,4750,37,D,YP,BK,F
09:55:18,UNVR,RG,4750,38,D,YP,BB,F
09:55:09,UNVR,RG,4740,16,F,AK,BK,F
09:54:53,UNVR,RG,4740,41,F,AK,PD,D
09:54:40,UNVR,RG,4740,35,F,AK,EP,D
09:54:22,UNVR,RG,4740,10,F,AK,NI,D
09:53:51,UNVR,RG,4740,100,F,AK,YU,D
09:53:49,UNVR,RG,4750,5,D,PD,AI,D
09:53:28,UNVR,RG,4750,5,D,YP,AI,D
09:53:26,UNVR,RG,4750,2,D,LG,AI,D
09:53:08,UNVR,RG,4740,7,F,AK,XL,D
09:52:55,UNVR,RG,4740,6,F,AK,DR,D
09:52:43,UNVR,RG,4740,4,F,AK,PD,D
09:52:25,UNVR,RG,4740,39,F,AK,BB,F
09:52:19,UNVR,RG,4740,21,F,AK,CC,D
09:52:19,UNVR,RG,4740,10,F,AK,XC,D
09:52:02,UNVR,RG,4740,20,F,AK,KK,D
09:51:52,UNVR,RG,4750,10,D,LG,AI,D
09:51:37,UNVR,RG,4750,1,D,NI,AI,D
09:51:21,UNVR,RG,4740,2,F,AK,DP,D
09:51:12,UNVR,RG,4740,220,F,AK,CD,D
09:50:47,UNVR,RG,4750,5,D,XL,AI,D
09:50:26,UNVR,RG,4750,1,D,YU,AI,D
09:50:16,UNVR,RG,4750,4,D,YU,AI,D
09:50:14,UNVR,RG,4740,7,F,AK,SQ,D
09:50:13,UNVR,RG,4740,24,F,AK,XC,D
09:50:07,UNVR,RG,4750,50,D,EP,AI,D
09:50:06,UNVR,RG,4750,1,D,XL,AI,D
09:50:02,UNVR,RG,4750,10,D,OD,AI,D
09:49:59,UNVR,RG,4740,4,F,AK,YP,D
09:49:58,UNVR,RG,4740,1,F,AK,XC,D
09:49:31,UNVR,RG,4740,1,F,AK,PD,D
09:49:27,UNVR,RG,4750,20,D,OD,AI,D
09:48:58,UNVR,RG,4740,25,F,AK,XL,D
09:48:28,UNVR,RG,4750,3,D,PD,AI,D
09:48:25,UNVR,RG,4740,29,F,AK,BB,F
09:48:23,UNVR,RG,4750,1,D,XC,AI,D
09:48:22,UNVR,RG,4750,32,F,ZP,AI,D
09:48:22,UNVR,RG,4750,2,D,CC,AI,D
09:48:22,UNVR,RG,4750,2,D,PD,AI,D
09:48:22,UNVR,RG,4750,1,F,ZP,AI,D
09:48:19,UNVR,RG,4750,25,F,ZP,NI,D
09:48:12,UNVR,RG,4750,5,F,ZP,PD,D
09:48:12,UNVR,RG,4750,1,D,PD,PD,D
09:48:12,UNVR,RG,4750,1,D,YP,PD,D
09:48:12,UNVR,RG,4750,2,D,NI,PD,D
09:48:12,UNVR,RG,4750,5,F,ZP,PD,D
09:48:12,UNVR,RG,4750,4,F,ZP,PD,D
09:48:12,UNVR,RG,4750,1,D,AT,PD,D
09:48:03,UNVR,RG,4750,2,D,AT,SQ,D
09:47:59,UNVR,RG,4750,6,F,CS,PD,D
09:47:54,UNVR,RG,4750,10,F,CS,XL,D
09:47:42,UNVR,RG,4750,50,F,CS,LG,D
09:46:54,UNVR,RG,4750,1,F,CS,XC,D
09:46:29,UNVR,RG,4750,137,F,CS,PD,D
09:46:29,UNVR,RG,4750,83,F,BK,PD,D
09:46:22,UNVR,RG,4750,1,F,BK,LG,D
09:46:18,UNVR,RG,4750,28,F,BK,XL,D
09:46:00,UNVR,RG,4750,2,F,BK,LG,D
09:45:53,UNVR,RG,4760,2,F,ZP,YP,D
09:45:53,UNVR,RG,4760,16,D,EP,YP,D
09:45:50,UNVR,RG,4760,1,D,EP,XC,D
09:45:39,UNVR,RG,4760,1,D,EP,PD,D
09:45:39,UNVR,RG,4760,10,D,EP,XA,D
09:45:23,UNVR,RG,4760,9,D,EP,XL,D
09:45:23,UNVR,RG,4760,1,F,CS,XL,D
09:45:23,UNVR,RG,4760,1,D,CC,XL,D
09:44:56,UNVR,RG,4770,1,D,PD,PD,D
09:44:51,UNVR,RG,4750,20,F,BK,SQ,D
09:44:43,UNVR,RG,4750,1,F,BK,RG,D
09:44:43,UNVR,RG,4760,2,F,CC,AK,F
09:44:42,UNVR,RG,4770,90,D,CC,PD,D
09:44:42,UNVR,RG,4770,6,D,CC,AK,F
09:44:42,UNVR,RG,4770,2,D,CC,AK,F
09:44:42,UNVR,RG,4770,11,D,CC,EP,D
09:44:42,UNVR,RG,4770,11,D,CC,DX,F
09:44:42,UNVR,RG,4770,10,D,CC,AG,D
09:44:42,UNVR,RG,4770,2,D,CC,XL,D
09:44:42,UNVR,RG,4760,33,D,CC,AK,D
09:44:42,UNVR,RG,4760,42,D,CC,AK,D
09:44:42,UNVR,RG,4760,7,D,CC,AK,F
09:44:42,UNVR,RG,4760,7,D,CC,AK,F
09:44:42,UNVR,RG,4760,2,D,CC,AK,F
09:44:42,UNVR,RG,4760,2,D,CC,AK,F
09:44:42,UNVR,RG,4760,12,D,CC,DX,F
09:44:42,UNVR,RG,4760,116,D,CC,BK,F
09:44:42,UNVR,RG,4760,11,D,CC,BB,F
09:44:42,UNVR,RG,4760,67,D,CC,DP,D
09:44:41,UNVR,RG,4750,15,F,BK,BK,F
09:44:38,UNVR,RG,4750,2,F,BK,AZ,D
09:44:32,UNVR,RG,4750,24,F,BK,YP,D
09:44:25,UNVR,RG,4750,3,F,BK,PD,D
09:44:25,UNVR,RG,4750,37,F,ZP,PD,D
09:44:24,UNVR,RG,4750,24,F,ZP,BB,F
09:44:13,UNVR,RG,4750,17,F,ZP,BB,F
09:44:13,UNVR,RG,4750,26,F,ZP,CC,D
09:44:13,UNVR,RG,4750,71,F,ZP,CC,D
09:44:12,UNVR,RG,4750,3,D,XC,CC,D
09:44:12,UNVR,RG,4750,5,D,XC,CC,D
09:44:12,UNVR,RG,4750,2,F,ZP,CC,D
09:44:12,UNVR,RG,4750,42,D,YP,CC,D
09:44:12,UNVR,RG,4750,20,D,CC,CC,D
09:44:12,UNVR,RG,4750,1,D,CC,CC,D
09:44:12,UNVR,RG,4750,80,D,XC,CC,D
09:44:12,UNVR,RG,4750,68,D,YP,CC,D
09:44:12,UNVR,RG,4750,2,D,NI,CC,D
09:44:12,UNVR,RG,4750,1,D,YP,CC,D
09:44:12,UNVR,RG,4750,53,D,CC,CC,D
09:44:12,UNVR,RG,4750,5,D,CC,CC,D
09:44:12,UNVR,RG,4750,500,D,YP,CC,D
09:44:12,UNVR,RG,4750,1,D,XC,CC,D
09:44:12,UNVR,RG,4750,2,D,XL,CC,D
09:44:12,UNVR,RG,4750,45,D,PD,CC,D
09:44:12,UNVR,RG,4750,5,D,CC,CC,D
09:44:12,UNVR,RG,4750,50,D,CC,CC,D
09:44:12,UNVR,RG,4750,60,D,EP,CC,D
09:44:12,UNVR,RG,4750,1,D,YP,CC,D
09:44:12,UNVR,RG,4750,1,D,DH,CC,D
09:44:12,UNVR,RG,4750,10,D,KK,CC,D
09:44:12,UNVR,RG,4750,1,D,PD,CC,D
09:44:12,UNVR,RG,4750,1,D,EP,CC,D
09:44:12,UNVR,RG,4750,15,D,CC,CC,D
09:44:12,UNVR,RG,4750,20,D,SQ,CC,D
09:44:12,UNVR,RG,4750,2,F,ZP,CC,D
09:44:12,UNVR,RG,4750,638,F,AK,CC,D
09:44:12,UNVR,RG,4760,5,D,DH,CC,D
09:44:12,UNVR,RG,4760,200,D,YB,CC,D
09:44:12,UNVR,RG,4760,100,D,NI,CC,D
09:44:12,UNVR,RG,4760,1,D,XC,CC,D
09:44:12,UNVR,RG,4760,6,F,ZP,CC,D
09:44:12,UNVR,RG,4760,6,F,ZP,CC,D
09:44:12,UNVR,RG,4760,11,D,XC,CC,D
09:44:12,UNVR,RG,4760,42,D,YP,CC,D
09:44:12,UNVR,RG,4760,1,D,PD,CC,D
09:44:12,UNVR,RG,4760,10,D,YP,CC,D
09:44:12,UNVR,RG,4760,20,D,YP,CC,D
09:44:12,UNVR,RG,4760,2,D,NI,CC,D
09:44:12,UNVR,RG,4760,220,F,BK,CC,D
09:44:12,UNVR,RG,4760,1,D,XC,CC,D
09:44:12,UNVR,RG,4760,1,D,YP,CC,D
09:44:12,UNVR,RG,4760,5,D,YP,CC,D
09:44:12,UNVR,RG,4760,13,D,XL,CC,D
09:44:12,UNVR,RG,4760,35,D,EP,CC,D
09:44:12,UNVR,RG,4760,11,D,NI,CC,D
09:44:12,UNVR,RG,4760,3,D,XC,CC,D
09:44:12,UNVR,RG,4760,1,F,KK,CC,D
09:44:12,UNVR,RG,4760,100,D,NI,CC,D
09:44:12,UNVR,RG,4760,155,D,CC,CC,D
09:44:12,UNVR,RG,4770,1,D,XC,CC,D
09:44:12,UNVR,RG,4770,238,F,CS,CC,D
09:44:12,UNVR,RG,4770,16,D,DR,CC,D
09:44:12,UNVR,RG,4770,200,F,BK,CC,D
09:44:12,UNVR,RG,4770,50,F,ZP,CC,D
09:44:12,UNVR,RG,4770,55,F,ZP,CC,D
09:44:12,UNVR,RG,4770,258,F,CS,CC,D
09:44:12,UNVR,RG,4770,500,D,PD,CC,D
09:44:12,UNVR,RG,4770,97,D,NI,CC,D
09:44:01,UNVR,RG,4770,1,D,NI,NI,D
09:43:49,UNVR,RG,4770,5,D,NI,CC,D
09:43:45,UNVR,RG,4770,2,D,NI,XL,D
09:43:34,UNVR,RG,4770,15,D,NI,BK,F
09:43:16,UNVR,RG,4770,11,D,NI,OD,D
09:43:10,UNVR,RG,4770,5,D,NI,CC,D
09:42:55,UNVR,RG,4770,4,D,NI,MK,D
09:42:35,UNVR,RG,4780,5,D,EP,IF,D
09:42:33,UNVR,RG,4770,10,D,NI,XC,D
09:42:31,UNVR,RG,4780,1,D,CC,IF,D
09:42:23,UNVR,RG,4770,15,D,NI,BK,F
09:42:18,UNVR,RG,4770,5,D,NI,CC,D
09:42:06,UNVR,RG,4770,6,D,NI,PD,D
09:42:00,UNVR,RG,4770,3,D,NI,PD,D
09:41:58,UNVR,RG,4770,11,D,NI,XL,D
09:41:38,UNVR,RG,4770,10,D,NI,PD,D
09:41:38,UNVR,RG,4770,9,D,CC,PD,D
09:41:38,UNVR,RG,4770,1,D,EP,PD,D
09:41:28,UNVR,RG,4770,2,D,EP,NI,D
09:41:26,UNVR,RG,4770,2,D,EP,YP,D
09:41:26,UNVR,RG,4770,1,D,XC,YP,D
09:41:04,UNVR,RG,4770,1,D,XC,LG,D
09:41:02,UNVR,RG,4770,1,D,XC,PD,D
09:41:02,UNVR,RG,4770,2,F,CS,PD,D
09:41:01,UNVR,RG,4770,1,F,CS,CC,D
09:40:59,UNVR,RG,4770,1,F,CS,YP,D
09:40:59,UNVR,RG,4770,3,F,ZP,YP,D
09:40:53,UNVR,RG,4770,1,F,ZP,CC,D
09:40:31,UNVR,RG,4770,2,F,ZP,CC,D
09:40:27,UNVR,RG,4770,5,F,ZP,YP,D
09:40:27,UNVR,RG,4770,2,D,YP,YP,D
09:40:27,UNVR,RG,4770,1,D,AT,YP,D
09:40:27,UNVR,RG,4770,1,D,XC,YP,D
09:40:27,UNVR,RG,4770,7,F,ZP,YP,D
09:40:14,UNVR,RG,4770,19,F,ZP,YP,D
09:40:14,UNVR,RG,4770,6,F,ZP,YP,D
09:40:07,UNVR,RG,4770,41,F,ZP,BB,F
09:40:05,UNVR,RG,4770,28,F,ZP,EP,D
09:40:05,UNVR,RG,4770,60,D,EP,EP,D
09:40:05,UNVR,RG,4770,10,D,EP,CC,D
09:40:02,UNVR,RG,4770,5,D,EP,YP,D
09:40:02,UNVR,RG,4770,1,D,EP,XC,D
09:39:56,UNVR,RG,4770,30,D,EP,KK,D
09:39:37,UNVR,RG,4770,1,D,EP,SQ,D
09:39:32,UNVR,RG,4770,1,D,EP,XC,D
09:39:23,UNVR,RG,4770,25,D,EP,YP,D
09:39:12,UNVR,RG,4770,5,D,EP,GR,D
09:38:56,UNVR,RG,4770,5,D,EP,XC,D
09:38:34,UNVR,RG,4770,1,D,EP,XL,D
09:38:31,UNVR,RG,4770,1,D,EP,NI,D
09:38:31,UNVR,RG,4770,11,D,EP,NI,D
09:38:26,UNVR,RG,4770,100,D,EP,MG,D
09:38:23,UNVR,RG,4770,1,D,EP,LG,D
09:38:22,UNVR,RG,4770,26,D,EP,SQ,D
09:38:22,UNVR,RG,4770,62,D,YP,SQ,D
09:38:22,UNVR,RG,4770,2,F,CS,SQ,D
09:38:22,UNVR,RG,4770,180,F,CS,SQ,D
09:38:22,UNVR,RG,4770,52,F,CS,SQ,D
09:38:22,UNVR,RG,4770,5,D,CC,SQ,D
09:38:22,UNVR,RG,4770,21,D,PD,SQ,D
09:38:22,UNVR,RG,4770,61,F,CS,SQ,D
09:38:22,UNVR,RG,4770,54,F,ZP,SQ,D
09:38:22,UNVR,RG,4770,1,D,XC,SQ,D
09:38:22,UNVR,RG,4770,18,D,CC,SQ,D
09:38:22,UNVR,RG,4770,210,F,BK,SQ,D
09:38:22,UNVR,RG,4770,308,D,EP,SQ,D
09:38:04,UNVR,RG,4770,10,D,EP,CC,D
09:37:48,UNVR,RG,4770,5,D,EP,CC,D
09:37:35,UNVR,RG,4770,3,D,EP,CC,D
09:37:21,UNVR,RG,4770,2,D,EP,AZ,D
09:37:18,UNVR,RG,4770,49,D,EP,ZP,D
09:37:18,UNVR,RG,4770,31,F,ZP,ZP,D
09:37:18,UNVR,RG,4770,20,F,ZP,ZP,D
09:37:03,UNVR,RG,4780,9,D,EP,IF,D
09:37:02,UNVR,RG,4770,29,F,ZP,EP,D
09:37:02,UNVR,RG,4770,1,D,CC,EP,D
09:36:04,UNVR,RG,4770,1,D,CC,YP,D
09:35:59,UNVR,RG,4770,30,D,CC,CC,F
09:35:59,UNVR,RG,4770,10,D,CC,CS,F
09:35:59,UNVR,RG,4770,16,D,CC,CS,F
09:35:57,UNVR,RG,4760,20,D,CC,BB,F
09:35:43,UNVR,RG,4770,10,F,CS,YP,D
09:35:43,UNVR,RG,4760,2,D,CC,PD,D
09:35:39,UNVR,RG,4760,1,D,CC,PD,D
09:35:32,UNVR,RG,4760,22,D,CC,CS,F
09:35:32,UNVR,RG,4760,2,D,CC,CS,F
09:35:32,UNVR,RG,4760,1,D,CC,CS,F
09:35:32,UNVR,RG,4760,5,D,XC,CS,F
09:35:32,UNVR,RG,4760,25,D,CC,CS,F
09:35:32,UNVR,RG,4760,9,F,ZP,CS,F
09:35:32,UNVR,RG,4760,1,D,KK,CS,F
09:35:32,UNVR,RG,4760,39,D,CC,CS,F
09:35:32,UNVR,RG,4760,56,D,CC,CS,F
09:35:32,UNVR,RG,4760,2,D,CC,CS,F
09:35:32,UNVR,RG,4760,10,D,CC,CS,F
09:35:24,UNVR,RG,4760,1,D,CC,CC,D
09:35:10,UNVR,RG,4760,1,D,CC,PD,D
09:34:10,UNVR,RG,4780,1,D,PD,PD,D
09:34:07,UNVR,RG,4780,23,F,ZP,PD,D
09:34:07,UNVR,RG,4780,3,F,ZP,YP,D
09:34:07,UNVR,RG,4780,3,F,ZP,YP,D
09:34:07,UNVR,RG,4780,5,F,ZP,YP,D
09:34:07,UNVR,RG,4780,5,F,ZP,XL,D
09:34:07,UNVR,RG,4780,2,F,ZP,XL,D
09:34:07,UNVR,RG,4780,2,F,ZP,EP,D
09:34:07,UNVR,RG,4780,5,F,ZP,PD,D
09:34:07,UNVR,RG,4780,3,F,ZP,KK,D
09:34:07,UNVR,RG,4770,5,F,CS,SQ,D
09:34:02,UNVR,RG,4780,1,D,PD,KK,D
09:33:51,UNVR,RG,4780,1,D,PD,KK,D
09:33:47,UNVR,RG,4770,2,D,YP,CS,F
09:33:22,UNVR,RG,4780,5,F,ZP,YP,D
09:33:22,UNVR,RG,4780,2,F,ZP,XC,D
09:33:22,UNVR,RG,4780,2,F,ZP,YP,D
09:33:22,UNVR,RG,4780,2,F,ZP,PD,D
09:33:22,UNVR,RG,4780,9,F,ZP,SH,D
09:33:22,UNVR,RG,4780,8,F,ZP,SH,D
09:33:22,UNVR,RG,4780,12,F,ZP,SH,D
09:33:22,UNVR,RG,4760,5,D,CC,CS,F
09:33:22,UNVR,RG,4770,5,F,ZP,CS,F
09:33:22,UNVR,RG,4770,5,F,ZP,CC,F
09:33:22,UNVR,RG,4770,5,F,CS,XC,D
09:33:15,UNVR,RG,4770,2,D,PD,CS,F
09:33:14,UNVR,RG,4770,1,D,PD,OD,D
09:33:14,UNVR,RG,4770,1,D,XL,OD,D
09:33:14,UNVR,RG,4770,2,D,XC,OD,D
09:33:14,UNVR,RG,4770,1,D,GR,OD,D
09:33:12,UNVR,RG,4770,4,D,GR,CS,F
09:33:09,UNVR,RG,4770,4,F,BK,CS,F
09:33:09,UNVR,RG,4770,100,F,BK,KK,D
09:33:08,UNVR,RG,4780,1,D,PD,SH,D
09:33:06,UNVR,RG,4770,1,F,BK,CS,F
09:33:06,UNVR,RG,4770,13,F,ZP,CS,F
09:32:56,UNVR,RG,4770,14,F,ZP,CS,F
09:32:56,UNVR,RG,4770,1,D,KK,CS,F
09:32:48,UNVR,RG,4770,10,D,KK,NI,D
09:32:46,UNVR,RG,4770,7,D,KK,CS,F
09:32:34,UNVR,RG,4770,1,D,KK,SQ,D
09:32:30,UNVR,RG,4770,1,D,KK,YP,D
09:32:16,UNVR,RG,4770,15,D,KK,LG,D
09:32:09,UNVR,RG,4780,10,D,CC,SH,D
09:32:09,UNVR,RG,4780,13,D,CC,SH,D
09:32:09,UNVR,RG,4780,13,D,CC,XL,D
09:32:09,UNVR,RG,4780,15,D,CC,DH,D
09:32:09,UNVR,RG,4770,6,D,CC,YP,D
09:32:09,UNVR,RG,4770,1,D,CC,KK,D
09:32:09,UNVR,RG,4770,35,D,CC,AK,D
09:32:09,UNVR,RG,4770,21,D,CC,BB,F
09:32:09,UNVR,RG,4770,102,D,CC,YP,D
09:31:45,UNVR,RG,4770,20,D,KK,YP,D
09:31:44,UNVR,RG,4760,3,D,CC,CC,D
09:31:36,UNVR,RG,4770,45,F,AK,YP,D
09:31:36,UNVR,RG,4770,10,F,ZP,YP,D
09:31:36,UNVR,RG,4770,11,F,ZP,YP,D
09:31:36,UNVR,RG,4770,12,F,CS,YP,D
09:31:24,UNVR,RG,4770,2,F,CS,XC,D
09:31:22,UNVR,RG,4770,123,F,CC,CS,F
09:31:22,UNVR,RG,4770,16,F,CC,BK,F
09:31:22,UNVR,RG,4770,7,F,CC,AK,F
09:31:22,UNVR,RG,4770,3,F,CC,AK,F
09:31:22,UNVR,RG,4770,25,F,CC,CC,D
09:31:22,UNVR,RG,4770,13,F,CC,DX,F
09:31:22,UNVR,RG,4770,44,F,CC,DP,D
09:31:22,UNVR,RG,4770,3,F,CC,YP,D
09:31:22,UNVR,RG,4770,1,F,CC,YP,D
09:31:22,UNVR,RG,4770,15,F,CC,BK,F
09:31:22,UNVR,RG,4770,6,F,CC,NI,D
09:31:22,UNVR,RG,4770,25,F,CC,YP,D
09:31:22,UNVR,RG,4770,39,F,CC,YP,D
09:31:22,UNVR,RG,4770,20,F,CC,BK,F
09:31:22,UNVR,RG,4770,3,F,CC,AI,D
09:31:22,UNVR,RG,4770,250,F,BK,AI,D
09:31:22,UNVR,RG,4770,247,F,BK,AI,D
09:31:22,UNVR,RG,4770,3,F,BK,YP,D
09:31:22,UNVR,RG,4770,50,F,CS,OD,D
09:31:22,UNVR,RG,4770,36,F,CS,AK,D
09:31:22,UNVR,RG,4770,10,F,CS,DH,D
09:31:22,UNVR,RG,4770,17,F,CS,BK,F
09:31:22,UNVR,RG,4770,60,F,CS,PD,D
09:31:22,UNVR,RG,4770,2,F,CS,GR,D
09:31:22,UNVR,RG,4770,1,F,CS,XC,D
09:31:22,UNVR,RG,4770,38,F,CS,CS,F
09:31:22,UNVR,RG,4770,87,F,CS,CC,D
09:31:21,UNVR,RG,4770,74,F,ZP,CC,D
09:31:21,UNVR,RG,4770,16,F,ZP,BK,F
09:31:21,UNVR,RG,4770,20,F,ZP,BB,F
09:31:21,UNVR,RG,4770,44,F,ZP,YP,D
09:31:21,UNVR,RG,4770,169,F,ZP,YP,D
09:30:45,UNVR,RG,4770,55,F,AK,YP,D
09:30:33,UNVR,RG,4760,116,D,CC,CS,F
09:30:12,UNVR,RG,4760,1,D,CC,XC,D
09:30:11,UNVR,RG,4760,2,D,CC,PD,D
09:30:08,UNVR,RG,4770,2,D,KK,YP,D
09:29:50,UNVR,RG,4760,5,D,CC,PD,D
09:29:08,UNVR,RG,4760,9,D,CC,YP,D
09:29:08,UNVR,RG,4760,1,D,SQ,YP,D
09:28:44,UNVR,RG,4760,1,D,SQ,PD,D
09:28:44,UNVR,RG,4760,2,D,YP,PD,D
09:28:34,UNVR,RG,4760,26,D,YP,AK,F
09:28:34,UNVR,RG,4760,10,D,YP,AK,F
09:28:31,UNVR,RG,4760,51,D,YP,CS,F
09:28:30,UNVR,RG,4760,11,D,YP,CS,F
09:28:30,UNVR,RG,4760,2,D,YP,CS,F
09:28:30,UNVR,RG,4760,30,D,EP,CS,F
09:28:30,UNVR,RG,4760,18,D,YP,CS,F
09:28:12,UNVR,RG,4770,1,D,YP,YP,D
09:28:06,UNVR,RG,4770,1,D,YP,YP,D
09:27:37,UNVR,RG,4770,25,D,PD,YP,D
09:27:20,UNVR,RG,4770,40,D,DR,YP,D
09:27:04,UNVR,RG,4770,2,D,XC,YP,D
09:26:42,UNVR,RG,4770,1,D,CC,YP,D
09:26:41,UNVR,RG,4770,5,D,AT,YP,D
09:26:41,UNVR,RG,4770,27,F,ZP,YP,D
09:26:40,UNVR,RG,4770,10,F,ZP,KK,D
09:26:39,UNVR,RG,4770,1,F,ZP,YP,D
09:26:35,UNVR,RG,4770,2,F,ZP,PD,D
09:26:34,UNVR,RG,4770,6,F,ZP,PD,D
09:26:31,UNVR,RG,4770,39,F,ZP,KK,D
09:26:31,UNVR,RG,4770,61,F,ZP,KK,D
09:26:11,UNVR,RG,4770,1,F,CC,BK,F
09:26:11,UNVR,RG,4770,14,F,CS,BK,F
09:26:11,UNVR,RG,4770,1,F,CS,EP,D
09:26:11,UNVR,RG,4770,1,F,CS,XC,D
09:26:11,UNVR,RG,4770,35,F,CS,AK,D
09:26:11,UNVR,RG,4770,15,F,CS,BK,F
09:26:11,UNVR,RG,4770,11,F,CS,DX,F
09:26:11,UNVR,RG,4770,10,F,CS,KK,D
09:26:11,UNVR,RG,4770,22,F,CS,BB,F
09:26:11,UNVR,RG,4770,55,F,CS,CS,F
09:26:11,UNVR,RG,4760,80,D,YP,CS,F
09:26:11,UNVR,RG,4770,13,F,BK,CS,F
09:26:11,UNVR,RG,4770,17,F,BK,BK,F
09:26:11,UNVR,RG,4770,220,F,BK,YJ,D
09:26:10,UNVR,RG,4770,5,D,SQ,YJ,D
09:25:57,UNVR,RG,4770,250,F,BK,YJ,D
09:25:53,UNVR,RG,4770,100,D,DR,YJ,D
09:25:28,UNVR,RG,4760,2,D,YP,PD,D
09:25:16,UNVR,RG,4770,10,D,XC,YJ,D
09:25:13,UNVR,RG,4770,1,D,NI,YJ,D
09:25:08,UNVR,RG,4760,1,F,AK,RG,D
09:25:05,UNVR,RG,4760,25,F,AK,YP,D
09:25:02,UNVR,RG,4760,6,F,AK,YP,D
09:24:57,UNVR,RG,4760,36,F,AK,CS,F
09:24:56,UNVR,RG,4760,7,F,AK,CS,F
09:24:56,UNVR,RG,4760,7,F,AK,CS,F
09:24:56,UNVR,RG,4760,24,F,AK,CS,F
09:24:49,UNVR,RG,4760,3,F,AK,XL,D
09:24:48,UNVR,RG,4770,1,D,XL,YJ,D
09:24:40,UNVR,RG,4760,1,F,AK,XC,D
09:24:33,UNVR,RG,4760,10,F,AK,DR,D
09:24:30,UNVR,RG,4760,9,F,AK,PD,D
09:24:30,UNVR,RG,4760,11,D,LG,PD,D
09:24:13,UNVR,RG,4760,1,D,LG,XC,D
09:23:57,UNVR,RG,4760,4,D,LG,CS,F
09:23:57,UNVR,RG,4770,14,F,CS,YJ,D
09:23:57,UNVR,RG,4770,49,F,ZP,YJ,D
09:23:53,UNVR,RG,4770,7,F,ZP,CS,F
09:23:47,UNVR,RG,4770,3,F,ZP,PD,D
09:23:40,UNVR,RG,4770,1,F,CS,ZP,D
09:23:40,UNVR,RG,4770,13,F,CS,DX,F
09:23:40,UNVR,RG,4770,17,F,CS,BB,F
09:23:40,UNVR,RG,4770,58,F,CS,CS,F
09:23:40,UNVR,RG,4770,1,F,CS,CS,F
09:23:40,UNVR,RG,4770,34,F,CS,AK,D
09:23:40,UNVR,RG,4770,20,F,CS,AK,D
09:23:40,UNVR,RG,4770,14,D,DR,AK,D
09:23:40,UNVR,RG,4770,86,D,DR,BK,F
09:23:39,UNVR,RG,4770,1,D,GR,BK,F
09:23:32,UNVR,RG,4770,10,D,YP,BK,F
09:23:18,UNVR,RG,4770,39,D,DR,CS,F
09:23:18,UNVR,RG,4770,18,D,DR,CS,F
09:23:18,UNVR,RG,4770,21,D,DR,BB,F
09:23:18,UNVR,RG,4770,122,D,DR,SQ,D
09:23:09,UNVR,RG,4760,30,D,LG,CS,F
09:23:08,UNVR,RG,4760,23,D,LG,CS,F
09:23:08,UNVR,RG,4770,22,D,OD,SQ,D
09:23:08,UNVR,RG,4770,2,D,PD,SQ,D
