Time,Stock,Brd,Price,Qty,BT,BC,SC,ST
15:14:58,UNVR,RG,5025,1,D,PD,GR,D
15:14:52,UNVR,RG,5025,3,D,EP,GR,D
15:14:42,UNVR,RG,5025,2,D,YP,GR,D
15:14:42,UNVR,RG,5025,6,D,YP,OD,D
15:14:24,UNVR,RG,5025,1,D,XC,OD,D
15:14:23,UNVR,RG,5025,3,D,XC,OD,D
15:14:22,UNVR,RG,5025,5,D,YP,PD,D
15:14:22,UNVR,RG,5025,20,D,YP,CC,D
15:14:16,UNVR,RG,5025,10,D,CC,YP,D
15:14:15,UNVR,RG,5025,1,D,YP,YP,D
15:14:09,UNVR,RG,5025,3,D,PD,YP,D
15:14:04,UNVR,RG,5025,1,D,XC,YP,D
15:13:42,UNVR,RG,5025,35,D,YB,YP,D
15:13:41,UNVR,RG,5025,30,D,KK,YP,D
15:13:39,UNVR,RG,5025,1,D,LG,YP,D
15:13:35,UNVR,RG,5025,1,D,PD,YP,D
15:13:21,UNVR,RG,5025,2,D,XC,YP,D
15:12:23,UNVR,RG,5025,15,D,IF,YP,D
15:12:02,UNVR,RG,5025,1,D,XL,YP,D
15:11:46,UNVR,RG,5025,1,D,CC,YP,D
15:11:36,UNVR,RG,5025,1,D,YP,YP,D
15:11:25,UNVR,RG,5025,1,D,YP,YP,D
15:11:14,UNVR,RG,5025,5,D,EP,YP,D
15:11:12,UNVR,RG,5025,4,D,XC,YP,D
15:11:06,UNVR,RG,5025,8,D,YB,YP,D
15:11:06,UNVR,RG,5025,1,D,YB,PD,D
15:11:06,UNVR,RG,5025,1,D,YB,XL,D
15:11:05,UNVR,RG,5025,1,D,YP,XL,D
15:10:45,UNVR,RG,5025,1,D,XA,KK,D
15:10:38,UNVR,RG,5025,3,D,PD,KK,D
15:10:29,UNVR,RG,5025,1,D,YP,KK,D
15:10:25,UNVR,RG,5025,5,D,EP,KK,D
15:10:01,UNVR,RG,5025,2,D,ZP,GR,D
15:09:38,UNVR,RG,5025,6,D,XC,GR,D
15:09:38,UNVR,RG,5025,18,D,AZ,GR,D
15:09:32,UNVR,RG,5025,6,D,DR,GR,D
15:09:15,UNVR,RG,5025,4,D,PD,GR,D
15:09:05,UNVR,RG,5025,5,D,YP,GR,D
15:09:03,UNVR,RG,5025,5,D,HP,GR,D
15:09:02,UNVR,RG,5025,2,D,CC,GR,D
15:08:54,UNVR,RG,5025,6,D,YB,GR,D
15:08:51,UNVR,RG,5025,200,D,KK,GR,D
15:08:49,UNVR,RG,5025,3,D,XC,GR,D
15:08:47,UNVR,RG,5025,1,D,NI,GR,D
15:08:27,UNVR,RG,5025,6,D,PD,GR,D
15:08:24,UNVR,RG,5025,10,D,PD,GR,D
15:08:01,UNVR,RG,5025,4,D,OD,GR,D
15:07:42,UNVR,RG,5025,30,D,YP,GR,D
15:07:38,UNVR,RG,5025,2,D,YB,GR,D
15:07:31,UNVR,RG,5025,5,D,YP,GR,D
15:07:31,UNVR,RG,5025,44,D,BQ,GR,D
15:07:31,UNVR,RG,5025,5,D,BQ,PD,D
15:07:31,UNVR,RG,5025,5,D,BQ,DH,D
15:07:31,UNVR,RG,5025,30,D,BQ,NI,D
15:07:31,UNVR,RG,5025,10,D,BQ,DX,D
15:07:31,UNVR,RG,5025,50,D,BQ,SQ,D
15:07:31,UNVR,RG,5025,10,D,BQ,PD,D
15:07:31,UNVR,RG,5025,48,D,BQ,XL,D
15:07:31,UNVR,RG,5025,39,D,BQ,EP,D
15:07:31,UNVR,RG,5025,1,D,BQ,PD,D
15:07:31,UNVR,RG,5025,10,D,BQ,NI,D
15:07:31,UNVR,RG,5025,2,D,BQ,XL,D
15:07:31,UNVR,RG,5025,1,D,BQ,LG,D
15:07:31,UNVR,RG,5025,1,D,BQ,CC,D
15:07:31,UNVR,RG,5025,100,D,BQ,DR,D
15:07:31,UNVR,RG,5025,1,D,BQ,YP,D
15:07:31,UNVR,RG,5025,10,D,BQ,NI,D
15:07:31,UNVR,RG,5025,6,D,BQ,PD,D
15:07:31,UNVR,RG,5025,10,D,BQ,GR,D
15:07:31,UNVR,RG,5025,1,D,BQ,YP,D
15:07:31,UNVR,RG,5025,14,D,BQ,PD,D
15:07:29,UNVR,RG,5025,1,D,LG,PD,D
15:07:24,UNVR,RG,5025,4,D,EP,PD,D
15:07:24,UNVR,RG,5025,50,D,EP,PD,D
15:07:13,UNVR,RG,5025,4,D,YP,PD,D
15:07:06,UNVR,RG,5025,3,D,PD,PD,D
15:07:04,UNVR,RG,5025,10,D,NI,PD,D
15:06:59,UNVR,RG,5025,39,D,YP,PD,D
15:06:59,UNVR,RG,5025,1,D,YP,PD,D
15:06:47,UNVR,RG,5025,8,D,XC,DR,D
15:06:47,UNVR,RG,5025,2,D,XC,PD,D
15:06:40,UNVR,RG,5025,3,D,DH,PD,D
15:06:40,UNVR,RG,5025,3,D,DH,NI,D
15:06:40,UNVR,RG,5025,2,D,DH,PD,D
15:06:40,UNVR,RG,5025,50,D,DH,GR,D
15:06:40,UNVR,RG,5025,4,D,DH,DH,D
15:06:40,UNVR,RG,5025,30,D,DH,PD,D
15:06:40,UNVR,RG,5025,26,D,DH,XC,D
15:06:40,UNVR,RG,5025,1,D,DH,NI,D
15:06:40,UNVR,RG,5025,100,D,DH,YP,D
15:06:40,UNVR,RG,5025,2,D,DH,YP,D
15:06:40,UNVR,RG,5025,5,D,DH,PD,D
15:06:40,UNVR,RG,5025,2,D,DH,YP,D
15:06:40,UNVR,RG,5025,6,D,DH,CC,D
15:06:40,UNVR,RG,5025,20,D,DH,XL,D
15:06:40,UNVR,RG,5025,3,D,DH,YP,D
15:06:40,UNVR,RG,5025,1,D,DH,YP,D
15:06:40,UNVR,RG,5025,43,D,DH,DH,D
15:06:30,UNVR,RG,5025,2,D,PD,DH,D
15:06:25,UNVR,RG,5025,1,D,KK,DH,D
15:06:15,UNVR,RG,5025,94,D,YP,DH,D
15:06:08,UNVR,RG,5025,5,D,EP,DH,D
15:06:06,UNVR,RG,5025,5,D,YB,DH,D
15:06:06,UNVR,RG,5025,7,D,YB,XC,D
15:06:06,UNVR,RG,5025,10,D,YB,CC,D
15:06:06,UNVR,RG,5025,12,D,YB,XC,D
15:06:06,UNVR,RG,5025,6,D,YB,YP,D
15:06:06,UNVR,RG,5025,4,D,EP,YP,D
15:06:06,UNVR,RG,5025,5,D,EP,PD,D
15:06:06,UNVR,RG,5025,1,D,EP,PD,D
15:06:06,UNVR,RG,5025,30,D,EP,GR,D
15:06:06,UNVR,RG,5025,5,D,EP,GR,D
15:06:00,UNVR,RG,5025,20,D,YP,GR,D
15:05:58,UNVR,RG,5025,6,D,XL,GR,D
15:05:57,UNVR,RG,5025,1,D,EP,GR,D
15:05:53,UNVR,RG,5025,210,D,CC,GR,D
15:05:50,UNVR,RG,5025,20,D,KK,GR,D
15:05:45,UNVR,RG,5025,15,D,XL,GR,D
15:05:43,UNVR,RG,5025,5,D,YP,GR,D
15:05:33,UNVR,RG,5025,1,D,SQ,GR,D
15:05:25,UNVR,RG,5025,1,D,YP,GR,D
15:05:19,UNVR,RG,5025,1,D,XC,GR,D
15:05:18,UNVR,RG,5025,15,D,YB,GR,D
15:05:09,UNVR,RG,5025,1,D,XC,GR,D
15:05:06,UNVR,RG,5025,5,D,GR,GR,D
15:05:01,UNVR,RG,5025,10,D,YP,GR,D
15:04:53,UNVR,RG,5025,20,D,EP,GR,D
15:04:51,UNVR,RG,5025,10,D,PD,GR,D
15:04:45,UNVR,RG,5025,20,D,CC,GR,D
15:04:42,UNVR,RG,5025,5,D,SQ,GR,D
15:04:36,UNVR,RG,5025,80,D,EP,GR,D
15:04:34,UNVR,RG,5025,8,D,PD,GR,D
15:04:26,UNVR,RG,5025,4,D,XL,GR,D
15:04:26,UNVR,RG,5025,2,D,YP,GR,D
15:04:22,UNVR,RG,5025,10,D,HP,GR,D
15:04:16,UNVR,RG,5025,100,D,SQ,GR,D
15:04:14,UNVR,RG,5025,2,D,CC,GR,D
15:04:12,UNVR,RG,5025,10,D,PD,GR,D
15:03:58,UNVR,RG,5025,5,D,DR,GR,D
15:03:57,UNVR,RG,5025,1,D,XC,GR,D
15:03:43,UNVR,RG,5025,21,D,PD,GR,D
15:03:42,UNVR,RG,5025,707,D,CC,GR,D
15:03:36,UNVR,RG,5025,300,D,CC,GR,D
15:03:33,UNVR,RG,5025,1,D,DH,GR,D
15:03:33,UNVR,RG,5025,5,D,DR,GR,D
15:03:24,UNVR,RG,5025,200,D,EP,GR,D
15:03:22,UNVR,RG,5025,3,D,GR,GR,D
15:03:20,UNVR,RG,5025,17,D,YB,GR,D
15:03:17,UNVR,RG,5025,10,D,PD,GR,D
15:03:14,UNVR,RG,5025,1,D,NI,GR,D
15:03:13,UNVR,RG,5025,4,D,XC,GR,D
15:03:03,UNVR,RG,5025,3,D,YP,GR,D
15:02:50,UNVR,RG,5025,5,D,EP,GR,D
15:02:48,UNVR,RG,5025,31,D,XA,GR,D
15:02:46,UNVR,RG,5025,3,D,YP,GR,D
15:02:44,UNVR,RG,5025,9,D,XL,GR,D
15:02:43,UNVR,RG,5025,1,D,OD,GR,D
15:02:40,UNVR,RG,5025,10,D,XC,GR,D
15:02:38,UNVR,RG,5025,5,D,DR,GR,D
15:02:28,UNVR,RG,5025,14,D,PD,GR,D
15:02:26,UNVR,RG,5025,20,D,CC,GR,D
15:02:25,UNVR,RG,5025,1,D,HP,GR,D
15:02:18,UNVR,RG,5025,15,D,KK,GR,D
15:02:17,UNVR,RG,5025,1,D,MG,GR,D
15:02:14,UNVR,RG,5025,1,D,PD,GR,D
15:02:12,UNVR,RG,5025,1,D,EP,GR,D
15:01:55,UNVR,RG,5025,10,D,YB,GR,D
15:01:48,UNVR,RG,5025,1,D,XL,GR,D
15:01:40,UNVR,RG,5025,30,D,KK,GR,D
15:01:38,UNVR,RG,5025,10,D,YP,GR,D
15:01:34,UNVR,RG,5025,15,D,CC,GR,D
15:01:30,UNVR,RG,5025,19,D,YP,GR,D
15:01:28,UNVR,RG,5025,2,D,YP,GR,D
15:01:27,UNVR,RG,5025,1,D,PD,GR,D
15:01:26,UNVR,RG,5025,21,D,CC,GR,D
15:01:23,UNVR,RG,5025,100,D,PD,GR,D
15:01:22,UNVR,RG,5025,34,D,DR,GR,D
15:01:15,UNVR,RG,5025,19,D,EP,GR,D
15:01:13,UNVR,RG,5025,5,D,YP,GR,D
15:01:07,UNVR,RG,5025,2,D,AZ,GR,D
15:01:01,UNVR,RG,5025,19,D,BQ,GR,D
15:01:01,UNVR,RG,5025,5,D,YP,GR,D
15:01:00,UNVR,RG,5025,10,D,KK,GR,D
15:01:00,UNVR,RG,5025,1,D,XC,GR,D
15:01:00,UNVR,RG,5025,1,D,XC,GR,D
15:01:00,UNVR,RG,5025,1,D,LG,GR,D
15:01:00,UNVR,RG,5025,20,D,PD,GR,D
15:00:00,UNVR,RG,5025,1,D,PD,GR,D
15:00:00,UNVR,RG,5025,45,D,YP,GR,D
15:00:00,UNVR,RG,5025,100,D,NI,GR,D
15:00:00,UNVR,RG,5025,100,D,CC,GR,D
15:00:00,UNVR,RG,5025,350,D,NI,GR,D
15:00:00,UNVR,RG,5025,1,D,PD,GR,D
15:00:00,UNVR,RG,5025,65,D,CC,GR,D
15:00:00,UNVR,RG,5025,1,D,CC,XC,D
15:00:00,UNVR,RG,5025,1,D,CC,CC,D
15:00:00,UNVR,RG,5025,2,D,CC,XC,D
15:00:00,UNVR,RG,5025,5,D,CC,CC,D
15:00:00,UNVR,RG,5025,1,D,CC,PD,D
15:00:00,UNVR,RG,5025,10,D,CC,YP,D
15:00:00,UNVR,RG,5025,3,D,CC,CC,D
15:00:00,UNVR,RG,5025,5,D,CC,DR,D
15:00:00,UNVR,RG,5025,5,D,CC,KK,D
15:00:00,UNVR,RG,5025,2,D,CC,CC,D
15:00:00,UNVR,RG,5025,2,D,BQ,CC,D
15:00:00,UNVR,RG,5025,23,D,BQ,YP,D
15:00:00,UNVR,RG,5025,7,D,NI,YP,D
15:00:00,UNVR,RG,5025,3,D,NI,XC,D
15:00:00,UNVR,RG,5025,20,D,AT,XC,D
15:00:00,UNVR,RG,5025,10,D,AT,LG,D
15:00:00,UNVR,RG,5025,1,D,AT,PD,D
15:00:00,UNVR,RG,5025,4,D,AT,PD,D
15:00:00,UNVR,RG,5025,13,D,AT,PD,D
15:00:00,UNVR,RG,5025,1,D,AT,YP,D
15:00:00,UNVR,RG,5025,25,D,AT,YP,D
15:00:00,UNVR,RG,5025,20,D,AT,CC,D
15:00:00,UNVR,RG,5025,6,D,AT,CC,D
15:00:00,UNVR,RG,5025,2,D,PD,CC,D
15:00:00,UNVR,RG,5025,1,D,KK,CC,D
15:00:00,UNVR,RG,5025,11,D,DX,CC,D
15:00:00,UNVR,RG,5025,4,D,DX,KI,D
15:00:00,UNVR,RG,5025,46,D,YP,KI,D
15:00:00,UNVR,RG,5025,1,D,YP,XC,D
15:00:00,UNVR,RG,5025,50,D,YP,KI,D
15:00:00,UNVR,RG,5025,3,D,YP,XC,D
15:00:00,UNVR,RG,5025,10,D,YP,CC,D
15:00:00,UNVR,RG,5025,1,D,YP,LG,D
15:00:00,UNVR,RG,5025,6,D,YP,NI,D
15:00:00,UNVR,RG,5025,15,D,YP,XC,D
15:00:00,UNVR,RG,5025,5,D,YP,BQ,D
15:00:00,UNVR,RG,5025,263,D,YP,NI,D
15:00:00,UNVR,RG,5025,10,D,PD,NI,D
15:00:00,UNVR,RG,5025,2,D,KK,NI,D
15:00:00,UNVR,RG,5025,5,D,AT,NI,D
15:00:00,UNVR,RG,5025,50,D,YP,NI,D
15:00:00,UNVR,RG,5025,10,D,AT,NI,D
15:00:00,UNVR,RG,5025,1,D,OD,NI,D
15:00:00,UNVR,RG,5025,9,D,CC,NI,D
15:00:00,UNVR,RG,5025,1,D,YP,NI,D
15:00:00,UNVR,RG,5025,5,D,YP,NI,D
15:00:00,UNVR,RG,5025,20,D,DR,NI,D
15:00:00,UNVR,RG,5025,30,D,EP,NI,D
15:00:00,UNVR,RG,5025,15,D,YP,NI,D
15:00:00,UNVR,RG,5025,2,D,XL,NI,D
15:00:00,UNVR,RG,5025,10,D,YP,NI,D
15:00:00,UNVR,RG,5025,4,D,XC,NI,D
15:00:00,UNVR,RG,5025,1,D,YP,NI,D
15:00:00,UNVR,RG,5025,62,D,CC,NI,D
15:00:00,UNVR,RG,5025,10,D,CC,PD,D
15:00:00,UNVR,RG,5025,3,D,CC,YP,D
15:00:00,UNVR,RG,5025,1,D,CC,YP,D
15:00:00,UNVR,RG,5025,1,D,CC,CC,D
15:00:00,UNVR,RG,5025,1,D,CC,PD,D
15:00:00,UNVR,RG,5025,1,D,CC,NI,D
15:00:00,UNVR,RG,5025,121,D,CC,YJ,D
15:00:00,UNVR,RG,5025,1,D,LG,YJ,D
15:00:00,UNVR,RG,5025,300,D,PD,YJ,D
15:00:00,UNVR,RG,5025,1,D,YP,YJ,D
15:00:00,UNVR,RG,5025,2,D,PD,YJ,D
15:00:00,UNVR,RG,5025,10,D,YP,YJ,D
15:00:00,UNVR,RG,5025,1,D,HP,YJ,D
15:00:00,UNVR,RG,5025,64,D,KK,YJ,D
15:00:00,UNVR,RG,5025,9,D,KK,CC,D
15:00:00,UNVR,RG,5025,1,D,KK,PD,D
15:00:00,UNVR,RG,5025,9,D,KK,XL,D
15:00:00,UNVR,RG,5025,10,D,OD,XL,D
15:00:00,UNVR,RG,5025,53,D,YP,XL,D
15:00:00,UNVR,RG,5025,1,D,YP,YP,D
15:00:00,UNVR,RG,5025,1,D,YP,YP,D
15:00:00,UNVR,RG,5025,5,D,YP,LG,D
15:00:00,UNVR,RG,5025,15,D,YP,CC,D
15:00:00,UNVR,RG,5025,3,D,YP,KK,D
15:00:00,UNVR,RG,5025,1,D,YP,YU,D
15:00:00,UNVR,RG,5025,10,D,YP,LG,D
15:00:00,UNVR,RG,5025,1,D,YP,YP,D
15:00:00,UNVR,RG,5025,1,D,YP,SQ,D
15:00:00,UNVR,RG,5025,100,D,YP,NI,D
15:00:00,UNVR,RG,5025,1,D,YP,YP,D
15:00:00,UNVR,RG,5025,5,D,YP,CC,D
15:00:00,UNVR,RG,5025,5,D,YP,YP,D
15:00:00,UNVR,RG,5025,1,D,YP,HP,D
15:00:00,UNVR,RG,5025,100,D,YP,PD,D
15:00:00,UNVR,RG,5025,1,D,YP,CC,D
15:00:00,UNVR,RG,5025,196,D,YP,YP,D
15:00:00,UNVR,RG,5025,2,D,NI,YP,D
15:00:00,UNVR,RG,5025,102,D,OD,YP,D
15:00:00,UNVR,RG,5025,10,D,OD,CC,D
15:00:00,UNVR,RG,5025,5,D,OD,YP,D
15:00:00,UNVR,RG,5025,9,D,OD,XC,D
15:00:00,UNVR,RG,5025,11,D,OD,GR,D
15:00:00,UNVR,RG,5025,1,D,OD,PD,D
15:00:00,UNVR,RG,5025,5,D,OD,KK,D
15:00:00,UNVR,RG,5025,8,D,OD,XC,D
15:00:00,UNVR,RG,5025,1,D,OD,XC,D
15:00:00,UNVR,RG,5025,25,D,OD,PD,D
15:00:00,UNVR,RG,5025,3,D,OD,KK,D
15:00:00,UNVR,RG,5025,25,D,OD,OD,D
15:00:00,UNVR,RG,5025,1,D,OD,YP,D
15:00:00,UNVR,RG,5025,7,D,OD,CC,D
15:00:00,UNVR,RG,5025,2,D,OD,PD,D
15:00:00,UNVR,RG,5025,1,D,OD,OD,D
15:00:00,UNVR,RG,5025,1,D,OD,XC,D
15:00:00,UNVR,RG,5025,1,D,OD,PD,D
15:00:00,UNVR,RG,5025,1,D,OD,XC,D
15:00:00,UNVR,RG,5025,1,D,OD,XC,D
15:00:00,UNVR,RG,5025,26,D,OD,YP,D
15:00:00,UNVR,RG,5025,1,D,OD,XC,D
15:00:00,UNVR,RG,5025,1,D,OD,OD,D
15:00:00,UNVR,RG,5025,25,D,OD,AZ,D
15:00:00,UNVR,RG,5025,10,D,OD,XC,D
15:00:00,UNVR,RG,5025,10,D,OD,YP,D
15:00:00,UNVR,RG,5025,5,D,OD,ID,D
15:00:00,UNVR,RG,5025,2,D,OD,CC,D
15:00:00,UNVR,RG,5025,7,D,OD,PD,D
15:00:00,UNVR,RG,5025,3,D,OD,XL,D
15:00:00,UNVR,RG,5025,1,D,OD,AZ,D
15:00:00,UNVR,RG,5025,10,D,OD,CC,D
15:00:00,UNVR,RG,5025,3,D,OD,KK,D
15:00:00,UNVR,RG,5025,1,D,OD,DH,D
15:00:00,UNVR,RG,5025,8,D,OD,OD,D
15:00:00,UNVR,RG,5025,10,D,OD,YP,D
15:00:00,UNVR,RG,5025,10,D,OD,KK,D
15:00:00,UNVR,RG,5025,1,D,OD,PD,D
15:00:00,UNVR,RG,5025,10,D,OD,KK,D
15:00:00,UNVR,RG,5025,5,D,OD,PD,D
15:00:00,UNVR,RG,5025,1,D,OD,SS,D
15:00:00,UNVR,RG,5025,1,D,OD,CC,D
15:00:00,UNVR,RG,5025,5,D,OD,YP,D
15:00:00,UNVR,RG,5025,5,D,OD,NI,D
15:00:00,UNVR,RG,5025,25,D,OD,YP,D
15:00:00,UNVR,RG,5025,5,D,OD,YP,D
15:00:00,UNVR,RG,5025,1,D,OD,MU,D
15:00:00,UNVR,RG,5025,2,D,OD,PD,D
15:00:00,UNVR,RG,5025,20,D,OD,YP,D
15:00:00,UNVR,RG,5025,1,D,OD,PD,D
15:00:00,UNVR,RG,5025,8,D,OD,PD,D
15:00:00,UNVR,RG,5025,1,D,OD,PD,D
15:00:00,UNVR,RG,5025,1,D,OD,KK,D
15:00:00,UNVR,RG,5025,1,D,OD,KK,D
15:00:00,UNVR,RG,5025,10,D,OD,SQ,D
15:00:00,UNVR,RG,5025,100,D,OD,YP,D
15:00:00,UNVR,RG,5025,2,D,OD,PD,D
15:00:00,UNVR,RG,5025,1,D,OD,XC,D
15:00:00,UNVR,RG,5025,1,D,OD,SQ,D
15:00:00,UNVR,RG,5025,3,D,OD,SQ,D
15:00:00,UNVR,RG,5025,1,D,OD,XC,D
15:00:00,UNVR,RG,5025,9,D,OD,XC,D
15:00:00,UNVR,RG,5025,100,D,OD,GR,D
15:00:00,UNVR,RG,5025,1,D,OD,KK,D
15:00:00,UNVR,RG,5025,13,D,OD,XC,D
15:00:00,UNVR,RG,5025,3,D,OD,PD,D
15:00:00,UNVR,RG,5025,50,D,OD,KI,D
15:00:00,UNVR,RG,5025,5,D,OD,CC,D
15:00:00,UNVR,RG,5025,10,D,OD,PD,D
15:00:00,UNVR,RG,5025,24,D,OD,NI,D
15:00:00,UNVR,RG,5025,1,D,OD,SQ,D
15:00:00,UNVR,RG,5025,5,D,OD,XC,D
15:00:00,UNVR,RG,5025,6,D,OD,PD,D
15:00:00,UNVR,RG,5025,1,D,OD,YP,D
15:00:00,UNVR,RG,5025,985,D,OD,YP,D
15:00:00,UNVR,RG,5025,10,D,OD,SQ,D
15:00:00,UNVR,RG,5025,10,D,OD,YP,D
15:00:00,UNVR,RG,5025,1,D,OD,GR,D
15:00:00,UNVR,RG,5025,1,D,OD,XL,D
15:00:00,UNVR,RG,5025,1,D,OD,YP,D
15:00:00,UNVR,RG,5025,1,D,OD,XC,D
15:00:00,UNVR,RG,5025,50,D,OD,TP,D
15:00:00,UNVR,RG,5025,10,D,OD,YU,D
15:00:00,UNVR,RG,5025,30,D,OD,XL,D
15:00:00,UNVR,RG,5025,1,D,OD,DH,D
15:00:00,UNVR,RG,5025,50,D,OD,GR,D
15:00:00,UNVR,RG,5025,1,D,OD,PD,D
15:00:00,UNVR,RG,5025,1,D,OD,PD,D
15:00:00,UNVR,RG,5025,17,D,OD,CC,D
15:00:00,UNVR,RG,5025,2,D,OD,CC,D
15:00:00,UNVR,RG,5025,1,D,OD,YP,D
15:00:00,UNVR,RG,5025,50,D,OD,AG,F
15:00:00,UNVR,RG,5025,10,D,OD,YP,D
15:00:00,UNVR,RG,5025,1,D,OD,GR,D
15:00:00,UNVR,RG,5025,1,D,OD,YP,D
15:00:00,UNVR,RG,5025,74,D,OD,YP,D
15:00:00,UNVR,RG,5025,5,D,CC,YP,D
15:00:00,UNVR,RG,5025,4,D,LG,YP,D
15:00:00,UNVR,RG,5025,10,D,YP,YP,D
15:00:00,UNVR,RG,5025,88,D,EP,YP,D
15:00:00,UNVR,RG,5025,1,D,NI,YP,D
15:00:00,UNVR,RG,5025,3,D,PD,YP,D
15:00:00,UNVR,RG,5025,20,D,CC,YP,D
15:00:00,UNVR,RG,5025,10,D,YP,YP,D
15:00:00,UNVR,RG,5025,1,D,XC,YP,D
15:00:00,UNVR,RG,5025,25,D,KK,YP,D
15:00:00,UNVR,RG,5025,25,D,KK,YP,D
15:00:00,UNVR,RG,5025,10,D,NI,YP,D
15:00:00,UNVR,RG,5025,1,D,XC,YP,D
15:00:00,UNVR,RG,5025,30,D,SQ,YP,D
15:00:00,UNVR,RG,5025,10,D,YP,YP,D
15:00:00,UNVR,RG,5025,5,D,KK,YP,D
15:00:00,UNVR,RG,5025,20,D,NI,YP,D
15:00:00,UNVR,RG,5025,6,D,XL,YP,D
15:00:00,UNVR,RG,5025,7,D,YU,YP,D
15:00:00,UNVR,RG,5025,1,D,LG,YP,D
15:00:00,UNVR,RG,5025,144,D,EP,YP,D
15:00:00,UNVR,RG,5025,3,D,EP,CC,D
15:00:00,UNVR,RG,5025,1,D,EP,PD,D
15:00:00,UNVR,RG,5025,5,D,EP,PD,D
15:00:00,UNVR,RG,5025,20,D,EP,YP,D
15:00:00,UNVR,RG,5025,1,D,EP,HP,D
15:00:00,UNVR,RG,5025,1,D,EP,XL,D
15:00:00,UNVR,RG,5025,10,D,EP,LG,D
15:00:00,UNVR,RG,5025,8,D,EP,PD,D
15:00:00,UNVR,RG,5025,20,D,EP,BQ,D
15:00:00,UNVR,RG,5025,2,D,EP,PD,D
15:00:00,UNVR,RG,5025,7,D,EP,AZ,D
15:00:00,UNVR,RG,5025,1,D,EP,XL,D
15:00:00,UNVR,RG,5025,1,D,EP,PD,D
15:00:00,UNVR,RG,5025,10,D,EP,YP,D
15:00:00,UNVR,RG,5025,5,D,EP,PD,D
15:00:00,UNVR,RG,5025,11,D,EP,AT,D
15:00:00,UNVR,RG,5025,20,D,EP,YP,D
15:00:00,UNVR,RG,5025,1,D,EP,YP,D
15:00:00,UNVR,RG,5025,1,D,EP,YP,D
15:00:00,UNVR,RG,5025,2,D,EP,YP,D
15:00:00,UNVR,RG,5025,20,D,EP,YP,D
15:00:00,UNVR,RG,5025,2,D,EP,XC,D
15:00:00,UNVR,RG,5025,84,D,EP,YP,D
15:00:00,UNVR,RG,5025,5,D,EP,PD,D
15:00:00,UNVR,RG,5025,500,D,EP,AZ,D
15:00:00,UNVR,RG,5025,2,D,EP,XL,D
15:00:00,UNVR,RG,5025,1,D,EP,OD,D
15:00:00,UNVR,RG,5025,1,D,EP,SQ,D
15:00:00,UNVR,RG,5025,5,D,EP,PD,D
15:00:00,UNVR,RG,5025,10,D,EP,LS,D
15:00:00,UNVR,RG,5025,10,D,EP,OD,D
15:00:00,UNVR,RG,5025,10,D,EP,CC,D
15:00:00,UNVR,RG,5025,2,D,EP,PD,D
15:00:00,UNVR,RG,5025,2,D,EP,YP,D
15:00:00,UNVR,RG,5025,6,D,EP,EP,D
15:00:00,UNVR,RG,5025,10,D,EP,KK,D
15:00:00,UNVR,RG,5025,2,D,EP,CC,D
15:00:00,UNVR,RG,5025,1,D,EP,KK,D
15:00:00,UNVR,RG,5025,20,D,EP,OD,D
15:00:00,UNVR,RG,5025,1,D,EP,YP,D
15:00:00,UNVR,RG,5025,15,D,EP,YP,D
15:00:00,UNVR,RG,5025,5,D,EP,PD,D
15:00:00,UNVR,RG,5025,12,D,EP,SQ,D
15:00:00,UNVR,RG,5025,1,D,KK,SQ,D
15:00:00,UNVR,RG,5025,87,D,YJ,SQ,D
15:00:00,UNVR,RG,5025,20,D,YJ,NI,D
15:00:00,UNVR,RG,5025,393,D,YJ,BS,D
15:00:00,UNVR,RG,5025,2,D,KK,BS,D
15:00:00,UNVR,RG,5025,20,D,CC,BS,D
15:00:00,UNVR,RG,5025,1,D,PD,BS,D
15:00:00,UNVR,RG,5025,2,D,LG,BS,D
15:00:00,UNVR,RG,5025,12,D,DR,BS,D
15:00:00,UNVR,RG,5025,2,D,KK,BS,D
15:00:00,UNVR,RG,5025,63,D,YP,BS,D
15:00:00,UNVR,RG,5025,21,D,CD,BS,D
15:00:00,UNVR,RG,5025,5,D,PD,BS,D
15:00:00,UNVR,RG,5025,1,D,PD,BS,D
15:00:00,UNVR,RG,5025,4,D,BQ,BS,D
15:00:00,UNVR,RG,5025,10,D,PD,BS,D
15:00:00,UNVR,RG,5025,4,D,LG,BS,D
15:00:00,UNVR,RG,5025,1,D,LG,RO,D
15:00:00,UNVR,RG,5025,4,D,LG,YP,D
15:00:00,UNVR,RG,5025,1,D,AZ,YP,D
15:00:00,UNVR,RG,5025,5,D,YP,YP,D
15:00:00,UNVR,RG,5025,1,D,YP,DR,D
15:00:00,UNVR,RG,5025,8,D,YP,YP,D
15:00:00,UNVR,RG,5025,1,D,YP,AT,D
15:00:00,UNVR,RG,5025,1,D,YP,DR,D
15:00:00,UNVR,RG,5025,91,D,YP,AZ,D
15:00:00,UNVR,RG,5025,2,D,YP,SQ,D
15:00:00,UNVR,RG,5025,10,D,YP,PD,D
15:00:00,UNVR,RG,5025,28,D,YP,YP,D
15:00:00,UNVR,RG,5025,1,D,YP,PD,D
15:00:00,UNVR,RG,5025,20,D,YP,CC,D
15:00:00,UNVR,RG,5025,10,D,YP,SQ,D
15:00:00,UNVR,RG,5025,10,D,YP,NI,D
15:00:00,UNVR,RG,5025,12,D,YP,XC,D
15:00:00,UNVR,RG,5025,4,D,TP,XC,D
15:00:00,UNVR,RG,5025,1,D,TP,YP,D
15:00:00,UNVR,RG,5025,3,D,NI,YP,D
15:00:00,UNVR,RG,5025,4,D,NI,KK,D
15:00:00,UNVR,RG,5025,1,D,PD,KK,D
15:00:00,UNVR,RG,5025,45,D,NI,KK,D
15:00:00,UNVR,RG,5025,5,D,NI,XC,D
15:00:00,UNVR,RG,5025,10,D,NI,PS,D
15:00:00,UNVR,RG,5025,10,D,NI,CC,D
15:00:00,UNVR,RG,5025,1,D,NI,XL,D
15:00:00,UNVR,RG,5025,4,D,NI,PD,D
15:00:00,UNVR,RG,5025,1,D,NI,XC,D
15:00:00,UNVR,RG,5025,49,D,NI,SQ,D
15:00:00,UNVR,RG,5025,20,D,KK,SQ,D
15:00:00,UNVR,RG,5025,2,D,YP,SQ,D
15:00:00,UNVR,RG,5025,70,D,YB,SQ,D
15:00:00,UNVR,RG,5025,12,D,CC,SQ,D
15:00:00,UNVR,RG,5025,2,D,YP,SQ,D
15:00:00,UNVR,RG,5025,20,D,PD,SQ,D
15:00:00,UNVR,RG,5025,4,D,YP,SQ,D
15:00:00,UNVR,RG,5025,20,D,YP,SQ,D
15:00:00,UNVR,RG,5025,37,D,YP,SQ,D
15:00:00,UNVR,RG,5025,2,D,PD,SQ,D
15:00:00,UNVR,RG,5025,2,D,XC,SQ,D
15:00:00,UNVR,RG,5025,1,D,YP,SQ,D
15:00:00,UNVR,RG,5025,30,D,AZ,SQ,D
15:00:00,UNVR,RG,5025,9,D,YP,SQ,D
15:00:00,UNVR,RG,5025,38,D,YP,SQ,D
15:00:00,UNVR,RG,5025,1,D,YP,SQ,D
15:00:00,UNVR,RG,5025,10,D,YP,SQ,D
15:00:00,UNVR,RG,5025,5,D,CC,SQ,D
15:00:00,UNVR,RG,5025,15,D,EP,SQ,D
15:00:00,UNVR,RG,5025,40,D,DH,SQ,D
15:00:00,UNVR,RG,5025,50,D,YP,SQ,D
15:00:00,UNVR,RG,5025,40,D,CC,SQ,D
15:00:00,UNVR,RG,5025,19,D,YP,SQ,D
15:00:00,UNVR,RG,5025,2,D,NI,SQ,D
15:00:00,UNVR,RG,5025,1,D,NI,XC,D
15:00:00,UNVR,RG,5025,1,D,NI,NI,D
15:00:00,UNVR,RG,5025,1,D,NI,XC,D
15:00:00,UNVR,RG,5025,10,D,NI,YP,D
15:00:00,UNVR,RG,5025,1,D,NI,PD,D
15:00:00,UNVR,RG,5025,1,D,NI,YP,D
15:00:00,UNVR,RG,5025,3,D,NI,NI,D
15:00:00,UNVR,RG,5025,4,D,YU,NI,D
15:00:00,UNVR,RG,5025,10,D,YP,NI,D
15:00:00,UNVR,RG,5025,2,D,NI,NI,D
15:00:00,UNVR,RG,5025,50,D,CC,NI,D
15:00:00,UNVR,RG,5025,6,D,YP,NI,D
15:00:00,UNVR,RG,5025,2,D,XC,NI,D
15:00:00,UNVR,RG,5025,2,D,XC,IF,D
15:00:00,UNVR,RG,5025,13,D,XC,YB,D
15:00:00,UNVR,RG,5025,3,D,YP,YB,D
15:00:00,UNVR,RG,5025,14,D,YP,YB,D
15:00:00,UNVR,RG,5025,1,D,YP,EP,D
15:00:00,UNVR,RG,5025,15,D,YP,CC,D
15:00:00,UNVR,RG,5025,5,D,BQ,CC,D
15:00:00,UNVR,RG,5025,2,D,YP,CC,D
15:00:00,UNVR,RG,5025,178,D,DR,CC,D
15:00:00,UNVR,RG,5025,1,D,DR,XC,D
15:00:00,UNVR,RG,5025,2,D,DR,BQ,D
15:00:00,UNVR,RG,5025,7,D,DR,CC,D
15:00:00,UNVR,RG,5025,20,D,DR,CC,D
15:00:00,UNVR,RG,5025,2,D,DR,PD,D
15:00:00,UNVR,RG,5025,200,D,DR,YB,D
15:00:00,UNVR,RG,5025,1,D,PD,GR,D
15:00:00,UNVR,RG,5025,10,D,DR,YP,D
15:00:00,UNVR,RG,5025,5,D,DR,YP,D
15:00:00,UNVR,RG,5025,2,D,DR,XL,D
15:00:00,UNVR,RG,5025,3,D,DR,XL,D
15:00:00,UNVR,RG,5025,20,D,DR,XC,D
15:00:00,UNVR,RG,5025,5,D,DR,NI,D
15:00:00,UNVR,RG,5025,10,D,DR,AZ,D
15:00:00,UNVR,RG,5025,12,D,DR,YP,D
15:00:00,UNVR,RG,5025,25,D,DR,AG,D
15:00:00,UNVR,RG,5025,58,D,DR,SS,D
15:00:00,UNVR,RG,5025,142,D,DR,SS,D
15:00:00,UNVR,RG,5025,158,D,DR,ZR,D
15:00:00,UNVR,RG,5025,83,D,CC,ZR,D
15:00:00,UNVR,RG,5025,9,D,PD,ZR,D
15:00:00,UNVR,RG,5025,50,D,AG,ZR,D
15:00:00,UNVR,RG,5025,10,D,YP,ZR,D
15:00:00,UNVR,RG,5025,17,D,DR,ZR,D
15:00:00,UNVR,RG,5025,10,D,BQ,ZR,D
15:00:00,UNVR,RG,5025,6,D,DR,ZR,D
15:00:00,UNVR,RG,5025,1,D,YP,ZR,D
15:00:00,UNVR,RG,5025,2,D,YP,ZR,D
15:00:00,UNVR,RG,5025,3,D,XC,ZR,D
15:00:00,UNVR,RG,5025,451,F,AK,ZR,D
15:00:00,UNVR,RG,5025,5,F,AK,YP,D
15:00:00,UNVR,RG,5025,2,F,AK,XC,D
15:00:00,UNVR,RG,5025,6,F,AK,CP,D
15:00:00,UNVR,RG,5025,31,F,AK,KK,D
15:00:00,UNVR,RG,5025,10,F,AK,YP,D
15:00:00,UNVR,RG,5025,1,F,AK,PD,D
15:00:00,UNVR,RG,5025,25,F,AK,YP,D
15:00:00,UNVR,RG,5025,1,F,AK,AZ,D
15:00:00,UNVR,RG,5025,10,F,AK,DH,D
15:00:00,UNVR,RG,5025,1,F,AK,SQ,D
15:00:00,UNVR,RG,5025,250,F,AK,PD,D
15:00:00,UNVR,RG,5025,2,F,AK,XC,D
15:00:00,UNVR,RG,5025,1,F,AK,KK,D
15:00:00,UNVR,RG,5025,1,F,AK,DH,D
15:00:00,UNVR,RG,5025,30,F,AK,NI,D
15:00:00,UNVR,RG,5025,1,F,AK,CC,D
15:00:00,UNVR,RG,5025,2,F,AK,GR,D
15:00:00,UNVR,RG,5025,3,F,AK,XC,D
15:00:00,UNVR,RG,5025,3,F,AK,PD,D
15:00:00,UNVR,RG,5025,1,F,AK,YP,D
15:00:00,UNVR,RG,5025,19,F,AK,XL,D
15:00:00,UNVR,RG,5025,40,F,AK,XL,D
15:00:00,UNVR,RG,5025,10,F,AK,OD,D
15:00:00,UNVR,RG,5025,100,F,AK,ZP,D
15:00:00,UNVR,RG,5025,23,F,AK,OD,D
15:00:00,UNVR,RG,5025,1,F,AK,XC,D
15:00:00,UNVR,RG,5025,7,F,AK,PD,D
15:00:00,UNVR,RG,5025,16,F,AK,XC,D
15:00:00,UNVR,RG,5025,100,F,AK,KK,D
15:00:00,UNVR,RG,5025,15,F,AK,HP,D
15:00:00,UNVR,RG,5025,12,F,AK,XC,D
15:00:00,UNVR,RG,5025,10,F,AK,YP,D
15:00:00,UNVR,RG,5025,5,F,AK,YP,D
15:00:00,UNVR,RG,5025,50,F,AK,GR,D
15:00:00,UNVR,RG,5025,5,F,AK,GR,D
15:00:00,UNVR,RG,5025,200,F,AK,KK,D
15:00:00,UNVR,RG,5025,1,F,AK,PD,D
15:00:00,UNVR,RG,5025,1,F,AK,CC,D
15:00:00,UNVR,RG,5025,1,F,AK,XC,D
15:00:00,UNVR,RG,5025,1,F,AK,XC,D
15:00:00,UNVR,RG,5025,2,F,AK,PC,D
15:00:00,UNVR,RG,5025,42,F,AK,YP,D
15:00:00,UNVR,RG,5025,2,F,AK,GR,D
15:00:00,UNVR,RG,5025,1,F,AK,YP,D
15:00:00,UNVR,RG,5025,17,F,AK,OD,D
15:00:00,UNVR,RG,5025,1,F,AK,AZ,D
15:00:00,UNVR,RG,5025,8,F,AK,NI,D
15:00:00,UNVR,RG,5025,6,F,AK,CC,D
15:00:00,UNVR,RG,5025,2,F,AK,CC,D
15:00:00,UNVR,RG,5025,1,F,AK,NI,D
15:00:00,UNVR,RG,5025,1,F,AK,XC,D
15:00:00,UNVR,RG,5025,1,F,AK,CC,D
15:00:00,UNVR,RG,5025,6,F,AK,OD,D
15:00:00,UNVR,RG,5025,4,F,AK,GR,D
15:00:00,UNVR,RG,5025,22,F,AK,SQ,D
15:00:00,UNVR,RG,5025,2,F,AK,PD,D
15:00:00,UNVR,RG,5025,44,F,AK,PD,D
15:00:00,UNVR,RG,5025,1,F,AK,YP,D
15:00:00,UNVR,RG,5025,10,F,AK,NI,D
15:00:00,UNVR,RG,5025,6,F,AK,PD,D
15:00:00,UNVR,RG,5025,5,F,AK,YP,D
15:00:00,UNVR,RG,5025,1,F,AK,YP,D
15:00:00,UNVR,RG,5025,10,F,AK,LG,D
15:00:00,UNVR,RG,5025,1,F,AK,YP,D
15:00:00,UNVR,RG,5025,1,F,AK,XC,D
15:00:00,UNVR,RG,5025,215,F,AK,CP,D
15:00:00,UNVR,RG,5025,20,D,YP,CP,D
15:00:00,UNVR,RG,5025,15,D,EP,CP,D
15:00:00,UNVR,RG,5025,100,D,BB,CP,D
15:00:00,UNVR,RG,5025,1,D,BB,XC,D
15:00:00,UNVR,RG,5025,2,D,BB,CC,D
15:00:00,UNVR,RG,5025,2,D,BB,YP,D
15:00:00,UNVR,RG,5025,25,D,BB,TP,D
15:00:00,UNVR,RG,5025,21,D,BB,XC,D
15:00:00,UNVR,RG,5025,8,D,BB,XC,D
15:00:00,UNVR,RG,5025,5,D,BB,NI,D
15:00:00,UNVR,RG,5025,2,D,BB,KK,D
15:00:00,UNVR,RG,5025,6,D,RX,KK,D
15:00:00,UNVR,RG,5025,1,D,RX,CC,D
15:00:00,UNVR,RG,5025,7,D,RX,PD,D
15:00:00,UNVR,RG,5025,21,D,RX,CC,D
15:00:00,UNVR,RG,5025,1,D,RX,YP,D
15:00:00,UNVR,RG,5025,4,D,RX,KK,D
15:00:00,UNVR,RG,5025,1,D,RX,XL,D
15:00:00,UNVR,RG,5025,19,D,RX,CC,D
15:00:00,UNVR,RG,5025,20,D,RX,OD,D
15:00:00,UNVR,RG,5025,5,D,RX,NI,D
15:00:00,UNVR,RG,5025,368,D,RX,NI,D
15:00:00,UNVR,RG,5025,47,D,RX,PD,D
15:00:00,UNVR,RG,5025,67,D,RX,PD,D
15:00:00,UNVR,RG,5025,106,D,DX,PD,D
15:00:00,UNVR,RG,5025,1,D,DX,XC,D
15:00:00,UNVR,RG,5025,1,D,DX,XC,D
15:00:00,UNVR,RG,5025,17,D,DX,XL,D
15:00:00,UNVR,RG,5025,100,D,DX,YU,D
15:00:00,UNVR,RG,5025,195,D,DX,CP,D
15:00:00,UNVR,RG,5025,80,D,DX,CP,D
15:00:00,UNVR,RG,5025,367,D,DX,CP,D
15:00:00,UNVR,RG,5025,5,D,DX,LG,D
15:00:00,UNVR,RG,5025,5,D,DX,YP,D
15:00:00,UNVR,RG,5025,1,D,DX,YP,D
15:00:00,UNVR,RG,5025,10,D,DX,DH,D
15:00:00,UNVR,RG,5025,4,D,DX,YP,D
15:00:00,UNVR,RG,5025,10,D,DX,KK,D
15:00:00,UNVR,RG,5025,30,D,DX,NI,D
15:00:00,UNVR,RG,5025,100,D,DX,YP,D
15:00:00,UNVR,RG,5025,40,D,DX,XC,D
15:00:00,UNVR,RG,5025,2,D,DX,NI,D
15:00:00,UNVR,RG,5025,64,D,DX,YP,D
15:00:00,UNVR,RG,5025,2,D,DX,XC,D
15:00:00,UNVR,RG,5025,1,D,DX,XC,D
15:00:00,UNVR,RG,5025,3,D,DX,OD,D
15:00:00,UNVR,RG,5025,54,D,DX,AT,D
15:00:00,UNVR,RG,5025,46,D,DX,AT,D
15:00:00,UNVR,RG,5025,10,D,DX,GR,D
15:00:00,UNVR,RG,5025,2,D,DX,CC,D
15:00:00,UNVR,RG,5025,60,D,DX,SQ,D
15:00:00,UNVR,RG,5025,25,D,DX,LG,D
15:00:00,UNVR,RG,5025,3,D,DX,KK,D
15:00:00,UNVR,RG,5025,30,D,DX,GR,D
15:00:00,UNVR,RG,5025,4,D,DX,SQ,D
15:00:00,UNVR,RG,5025,1,D,DX,YP,D
15:00:00,UNVR,RG,5025,300,D,DX,SQ,D
15:00:00,UNVR,RG,5025,10,D,DX,CC,D
15:00:00,UNVR,RG,5025,20,D,DX,PD,D
15:00:00,UNVR,RG,5025,5,D,DX,CC,D
15:00:00,UNVR,RG,5025,10,D,DX,YP,D
15:00:00,UNVR,RG,5025,10,D,DX,YU,D
15:00:00,UNVR,RG,5025,1,D,DX,NI,D
15:00:00,UNVR,RG,5025,4,D,DX,PD,D
15:00:00,UNVR,RG,5025,3,D,DX,NI,D
15:00:00,UNVR,RG,5025,10,D,DX,YP,D
15:00:00,UNVR,RG,5025,1,D,DX,XC,D
15:00:00,UNVR,RG,5025,2,D,DX,XC,D
15:00:00,UNVR,RG,5025,2,D,DX,PD,D
15:00:00,UNVR,RG,5025,50,D,DX,CC,D
15:00:00,UNVR,RG,5025,10,D,DX,KK,D
15:00:00,UNVR,RG,5025,2,D,DX,YP,D
15:00:00,UNVR,RG,5025,2,D,DX,YP,D
15:00:00,UNVR,RG,5025,5,D,DX,PD,D
15:00:00,UNVR,RG,5025,50,D,DX,ZP,D
15:00:00,UNVR,RG,5025,2,D,DX,YP,D
15:00:00,UNVR,RG,5025,3,D,DX,XC,D
15:00:00,UNVR,RG,5025,25,D,DX,YP,D
15:00:00,UNVR,RG,5025,1,D,DX,PD,D
15:00:00,UNVR,RG,5025,25,D,DX,NI,D
15:00:00,UNVR,RG,5025,2,D,DX,YP,D
15:00:00,UNVR,RG,5025,10,D,DX,AI,D
15:00:00,UNVR,RG,5025,10,D,DX,LS,D
15:00:00,UNVR,RG,5025,10,D,DX,CC,D
15:00:00,UNVR,RG,5025,1,D,DX,OD,D
15:00:00,UNVR,RG,5025,20,D,DX,CC,D
15:00:00,UNVR,RG,5025,200,D,DX,YP,D
15:00:00,UNVR,RG,5025,1,D,DX,PD,D
15:00:00,UNVR,RG,5025,10,D,DX,CC,D
15:00:00,UNVR,RG,5025,4,D,DX,XA,D
15:00:00,UNVR,RG,5025,2,D,DX,NI,D
15:00:00,UNVR,RG,5025,4,D,DX,YP,D
15:00:00,UNVR,RG,5025,986,D,DX,MK,D
15:00:00,UNVR,RG,5025,14,D,DX,MK,D
15:00:00,UNVR,RG,5025,42,D,DX,CC,D
15:00:00,UNVR,RG,5025,5,D,DX,PD,D
15:00:00,UNVR,RG,5025,100,D,DX,YP,D
15:00:00,UNVR,RG,5025,20,D,DX,CC,D
15:00:00,UNVR,RG,5025,1,D,DX,KK,D
15:00:00,UNVR,RG,5025,5,D,DX,EP,D
15:00:00,UNVR,RG,5025,15,D,DX,YP,D
15:00:00,UNVR,RG,5025,2,D,DX,PD,D
15:00:00,UNVR,RG,5025,2,D,DX,EL,D
15:00:00,UNVR,RG,5025,106,D,DX,SQ,D
15:00:00,UNVR,RG,5025,300,D,DX,KK,D
15:00:00,UNVR,RG,5025,1,D,DX,YP,D
15:00:00,UNVR,RG,5025,100,D,DX,AI,D
15:00:00,UNVR,RG,5025,1,D,DX,GR,D
15:00:00,UNVR,RG,5025,50,D,DX,SQ,D
15:00:00,UNVR,RG,5025,5,D,DX,YP,D
15:00:00,UNVR,RG,5025,40,D,DX,DH,D
15:00:00,UNVR,RG,5025,2,D,DX,CC,D
15:00:00,UNVR,RG,5025,3,D,DX,HP,D
15:00:00,UNVR,RG,5025,4,D,DX,KK,D
15:00:00,UNVR,RG,5025,2,D,DX,PD,D
15:00:00,UNVR,RG,5025,40,D,DX,KK,D
15:00:00,UNVR,RG,5025,3,D,DX,PD,D
15:00:00,UNVR,RG,5025,3,D,DX,CC,D
15:00:00,UNVR,RG,5025,2,D,DX,CC,D
15:00:00,UNVR,RG,5025,1,D,DX,YP,D
15:00:00,UNVR,RG,5025,50,D,DX,MG,D
15:00:00,UNVR,RG,5025,20,D,DX,AG,D
15:00:00,UNVR,RG,5025,100,D,DX,YP,D
15:00:00,UNVR,RG,5025,1,D,DX,YP,D
15:00:00,UNVR,RG,5025,241,D,DX,YP,D
15:00:00,UNVR,RG,5025,1296,D,DX,YP,D
15:00:00,UNVR,RG,5025,60,D,DX,HP,D
15:00:00,UNVR,RG,5025,1,D,DX,YP,D
15:00:00,UNVR,RG,5025,700,D,DX,CC,D
15:00:00,UNVR,RG,5025,33,D,DX,SQ,D
15:00:00,UNVR,RG,5025,17,D,DX,SQ,D
15:00:00,UNVR,RG,5025,1,D,DX,YU,D
15:00:00,UNVR,RG,5025,10,D,DX,YP,D
15:00:00,UNVR,RG,5025,22,D,DX,AK,F
15:00:00,UNVR,RG,5025,175,D,DX,AK,F
15:00:00,UNVR,RG,5025,8,D,DX,AK,F
15:00:00,UNVR,RG,5025,18,D,DX,AK,F
15:00:00,UNVR,RG,5025,32,D,DX,AK,F
15:00:00,UNVR,RG,5025,15,D,DX,AK,F
15:00:00,UNVR,RG,5025,44,D,DX,YU,F
15:00:00,UNVR,RG,5025,29,D,DX,YU,F
15:00:00,UNVR,RG,5025,130,D,OD,YU,F
15:00:00,UNVR,RG,5025,80,D,OD,KZ,D
15:00:00,UNVR,RG,5025,235,D,OD,AK,F
15:00:00,UNVR,RG,5025,105,D,OD,AK,F
15:00:00,UNVR,RG,5025,3080,D,OD,ZP,F
15:00:00,UNVR,RG,5025,3052,F,AK,ZP,F
15:00:00,UNVR,RG,5025,1,D,CC,ZP,F
15:00:00,UNVR,RG,5025,97,D,CC,ZP,F
15:00:00,UNVR,RG,5025,1,D,CC,ZP,F
15:00:00,UNVR,RG,5025,446,D,DR,ZP,F
15:00:00,UNVR,RG,5025,238,D,DR,ZP,F
15:00:00,UNVR,RG,5025,6808,D,PD,ZP,F
14:49:55,UNVR,RG,5000,4,D,YP,AK,F
14:49:55,UNVR,RG,5000,1,D,YP,AK,F
14:49:55,UNVR,RG,5025,25,D,KK,BS,D
14:49:55,UNVR,RG,5000,1,D,YP,XL,D
14:49:54,UNVR,RG,5025,1,D,YP,BS,D
14:49:53,UNVR,RG,5000,1,D,YP,XC,D
14:49:52,UNVR,RG,5025,1,D,XC,BS,D
14:49:51,UNVR,RG,5000,13,D,YP,XL,D
14:49:51,UNVR,RG,5000,2,D,YP,AK,F
14:49:51,UNVR,RG,5000,1,D,YP,AK,F
14:49:51,UNVR,RG,5000,1,D,YP,AK,F
14:49:51,UNVR,RG,5000,1,D,YP,AK,F
14:49:50,UNVR,RG,5025,100,D,EP,BS,D
14:49:47,UNVR,RG,5000,2,D,YP,XC,D
14:49:45,UNVR,RG,5000,5,D,YP,DH,D
14:49:45,UNVR,RG,5000,1,D,YP,AK,F
14:49:45,UNVR,RG,5000,1,D,YP,AK,F
14:49:45,UNVR,RG,5000,1,D,YP,AK,F
14:49:45,UNVR,RG,5000,1,D,YP,AK,F
14:49:43,UNVR,RG,5025,2,D,SQ,BS,D
14:49:43,UNVR,RG,5025,48,F,AK,BS,D
14:49:43,UNVR,RG,5000,11,D,YP,PD,D
14:49:43,UNVR,RG,5000,161,D,KK,PD,D
14:49:43,UNVR,RG,5025,1,D,PD,BS,D
14:49:43,UNVR,RG,5000,1,D,KK,XC,D
14:49:41,UNVR,RG,5000,1,D,KK,XC,D
14:49:40,UNVR,RG,5000,65,D,KK,DR,D
14:49:37,UNVR,RG,5000,105,D,KK,CC,D
14:49:37,UNVR,RG,5000,200,D,IF,CC,D
14:49:37,UNVR,RG,5000,3,D,OD,CC,D
14:49:37,UNVR,RG,5000,40,D,LS,CC,D
14:49:37,UNVR,RG,5000,20,D,CC,CC,D
14:49:37,UNVR,RG,5000,2,D,HP,CC,D
14:49:37,UNVR,RG,5000,5,D,CC,CC,D
14:49:37,UNVR,RG,5000,5,D,SQ,CC,D
14:49:37,UNVR,RG,5000,8,D,YB,CC,D
14:49:37,UNVR,RG,5000,4,D,XC,CC,D
14:49:37,UNVR,RG,5000,1,D,PD,CC,D
14:49:37,UNVR,RG,5000,1,D,KK,CC,D
14:49:37,UNVR,RG,5000,2,D,YP,CC,D
14:49:37,UNVR,RG,5000,3,D,YP,CC,D
14:49:37,UNVR,RG,5000,4,D,EP,CC,D
14:49:35,UNVR,RG,5025,2,D,PD,BS,D
14:49:33,UNVR,RG,5000,60,D,EP,MK,D
14:49:32,UNVR,RG,5025,23,D,YP,BS,D
14:49:31,UNVR,RG,5000,40,D,EP,XL,D
14:49:31,UNVR,RG,5025,5,D,YP,BS,D
14:49:30,UNVR,RG,5000,16,D,EP,ZP,F
14:49:30,UNVR,RG,5000,4,D,CC,ZP,F
14:49:30,UNVR,RG,5000,10,D,NI,ZP,F
14:49:30,UNVR,RG,5000,1,D,PD,ZP,F
14:49:30,UNVR,RG,5000,2,D,YP,ZP,F
14:49:30,UNVR,RG,5000,2,D,YP,ZP,F
14:49:30,UNVR,RG,5000,6,D,XL,ZP,F
14:49:30,UNVR,RG,5000,32,D,YP,ZP,F
14:49:30,UNVR,RG,5025,152,F,AK,BS,D
14:49:30,UNVR,RG,5025,10,F,AK,YP,D
14:49:30,UNVR,RG,5025,10,F,AK,YP,D
14:49:30,UNVR,RG,5025,100,F,AK,CP,D
14:49:30,UNVR,RG,5025,1,F,AK,YP,D
14:49:30,UNVR,RG,5025,15,F,AK,YP,D
14:49:30,UNVR,RG,5025,1,F,AK,BQ,D
14:49:30,UNVR,RG,5025,17,F,AK,CC,D
14:49:30,UNVR,RG,5025,5,F,AK,CP,D
14:49:30,UNVR,RG,5025,2,F,AK,DR,D
14:49:30,UNVR,RG,5025,10,F,AK,CC,D
14:49:30,UNVR,RG,5025,1,F,AK,PD,D
14:49:30,UNVR,RG,5025,10,F,AK,YP,D
14:49:30,UNVR,RG,5025,327,F,AK,GR,D
14:49:30,UNVR,RG,5000,68,D,YP,ZP,F
14:49:30,UNVR,RG,5000,9,D,AZ,ZP,F
14:49:30,UNVR,RG,5000,1,D,XL,ZP,F
14:49:30,UNVR,RG,5000,2,D,YP,ZP,F
14:49:30,UNVR,RG,5000,1,D,CC,ZP,F
14:49:30,UNVR,RG,5000,5,D,YP,ZP,F
14:49:30,UNVR,RG,5000,50,D,EP,ZP,F
14:49:30,UNVR,RG,5000,17,D,IF,ZP,F
14:49:30,UNVR,RG,5000,20,D,IF,SQ,D
14:49:28,UNVR,RG,5000,50,D,IF,YP,D
14:49:27,UNVR,RG,5025,10,D,NI,GR,D
14:49:23,UNVR,RG,5025,30,D,XL,GR,D
14:49:23,UNVR,RG,5000,2,D,IF,XL,D
14:49:22,UNVR,RG,5000,10,D,IF,XL,D
14:49:21,UNVR,RG,5025,1,D,PD,GR,D
14:49:21,UNVR,RG,5000,10,D,IF,PD,D
14:49:18,UNVR,RG,5000,120,D,IF,YP,D
14:49:16,UNVR,RG,5025,1,D,OD,GR,D
14:49:15,UNVR,RG,5025,20,D,PD,GR,D
14:49:14,UNVR,RG,5000,3,D,IF,AZ,D
14:49:14,UNVR,RG,5025,3,D,PD,GR,D
14:49:14,UNVR,RG,5025,108,D,IF,GR,D
14:49:14,UNVR,RG,5025,30,D,IF,PD,D
14:49:14,UNVR,RG,5025,5,D,IF,YP,D
14:49:14,UNVR,RG,5025,2,D,IF,XL,D
14:49:14,UNVR,RG,5025,35,D,IF,XC,D
14:49:14,UNVR,RG,5025,10,D,IF,CC,D
14:49:14,UNVR,RG,5025,2,D,IF,XL,D
14:49:14,UNVR,RG,5025,1,D,IF,CC,D
14:49:14,UNVR,RG,5025,1,D,IF,KK,D
14:49:14,UNVR,RG,5025,6,D,IF,YP,D
14:49:13,UNVR,RG,5000,2,D,IF,YJ,D
14:49:13,UNVR,RG,5025,3,D,XL,YP,D
14:49:12,UNVR,RG,5000,1,D,IF,NI,D
14:49:12,UNVR,RG,5025,2,D,PD,YP,D
14:49:12,UNVR,RG,5025,7,D,PD,YP,D
14:49:08,UNVR,RG,5025,2,D,YP,YP,D
14:49:08,UNVR,RG,5025,4,D,YP,XC,D
14:49:06,UNVR,RG,5025,1,D,LG,XC,D
14:49:06,UNVR,RG,5025,2,D,AZ,PD,D
14:49:06,UNVR,RG,5025,2,D,AZ,NI,D
14:49:06,UNVR,RG,5025,5,D,AZ,ES,D
14:49:06,UNVR,RG,5000,2,D,IF,SQ,D
14:49:04,UNVR,RG,5000,13,D,IF,YP,D
14:49:04,UNVR,RG,5000,7,D,YP,YP,D
14:49:04,UNVR,RG,5000,20,D,YP,YP,D
14:49:02,UNVR,RG,5000,80,D,YP,ZP,F
14:49:01,UNVR,RG,5025,10,D,EP,ES,D
14:49:00,UNVR,RG,5000,2,D,YP,AK,F
14:49:00,UNVR,RG,5025,11,D,AK,ES,D
14:49:00,UNVR,RG,5025,4,D,AK,ES,D
14:49:00,UNVR,RG,5025,1,D,AK,XC,D
14:49:00,UNVR,RG,5025,1,D,AK,ZP,D
14:49:00,UNVR,RG,5025,1,D,AK,ZP,D
14:49:00,UNVR,RG,5000,74,D,YP,ZP,F
14:48:58,UNVR,RG,5025,1,D,AK,ZP,D
14:48:58,UNVR,RG,5000,56,D,YP,AK,F
14:48:58,UNVR,RG,5000,6,D,YP,AK,F
14:48:57,UNVR,RG,5000,112,D,YP,PD,D
14:48:53,UNVR,RG,5000,1,D,YP,PD,D
14:48:53,UNVR,RG,5025,4,D,AK,ZP,D
14:48:52,UNVR,RG,5025,10,D,CC,ZP,D
14:48:52,UNVR,RG,5000,10,D,YP,YP,D
14:48:49,UNVR,RG,5025,3,D,YB,ZP,D
14:48:48,UNVR,RG,5025,8,D,AZ,ZP,D
14:48:46,UNVR,RG,5025,20,D,EP,ZP,D
14:48:45,UNVR,RG,5000,12,D,YP,AK,F
14:48:43,UNVR,RG,5025,2,D,HP,ZP,D
14:48:43,UNVR,RG,5025,1,D,HP,XA,D
14:48:43,UNVR,RG,5025,7,D,HP,PD,D
14:48:43,UNVR,RG,5025,26,D,HP,CP,D
14:48:32,UNVR,RG,5025,109,D,IF,CP,D
14:48:32,UNVR,RG,5025,1,D,IF,YP,D
14:48:32,UNVR,RG,5025,5,D,IF,XC,D
14:48:32,UNVR,RG,5025,85,D,IF,DH,D
14:48:30,UNVR,RG,5000,1,D,YP,AK,F
14:48:30,UNVR,RG,5025,5,D,AK,DH,D
14:48:30,UNVR,RG,5025,3,D,AK,EP,D
14:48:30,UNVR,RG,5025,1,D,AK,XC,D
14:48:30,UNVR,RG,5025,4,D,AK,CC,D
14:48:29,UNVR,RG,5000,8,D,YP,OD,D
14:48:28,UNVR,RG,5000,3,D,YP,SQ,D
14:48:22,UNVR,RG,5000,24,D,YP,YP,D
14:48:22,UNVR,RG,5000,50,D,YP,CC,D
14:48:22,UNVR,RG,5000,2,D,YP,PD,D
14:48:20,UNVR,RG,5025,1,D,LG,CC,D
14:48:20,UNVR,RG,5025,4,D,LG,YP,D
14:48:16,UNVR,RG,5025,1,D,YP,YP,D
14:48:15,UNVR,RG,5000,34,D,YP,AK,F
14:48:15,UNVR,RG,5000,1,D,YP,AK,F
14:48:10,UNVR,RG,5000,10,D,YP,XC,D
14:48:09,UNVR,RG,5025,1,D,XC,PD,D
14:48:09,UNVR,RG,5000,7,D,YP,EP,D
14:48:08,UNVR,RG,5000,15,D,YP,NI,D
14:48:08,UNVR,RG,5025,4,D,YP,PD,D
14:48:07,UNVR,RG,5000,20,D,YP,SQ,D
14:48:04,UNVR,RG,5025,25,D,KZ,PD,D
14:48:04,UNVR,RG,5025,30,D,KZ,PD,D
14:48:03,UNVR,RG,5000,15,D,YP,PD,D
14:48:01,UNVR,RG,5000,5,D,YP,DH,D
14:48:00,UNVR,RG,5000,19,D,YP,AK,F
14:48:00,UNVR,RG,5000,1,D,YP,AK,F
14:48:00,UNVR,RG,5000,79,D,YP,ZP,F
14:47:59,UNVR,RG,5000,2,D,YP,NI,D
14:47:58,UNVR,RG,5025,19,D,AK,PD,D
14:47:57,UNVR,RG,5000,10,D,YP,EP,D
14:47:56,UNVR,RG,5000,10,D,YP,YP,D
14:47:54,UNVR,RG,5000,9,D,YP,CC,D
14:47:53,UNVR,RG,5000,10,D,YP,DX,D
14:47:45,UNVR,RG,5000,17,D,YP,AK,F
14:47:44,UNVR,RG,5025,6,D,XL,PD,D
14:47:42,UNVR,RG,5000,3,D,YP,MU,D
14:47:42,UNVR,RG,5025,10,D,KK,PD,D
14:47:42,UNVR,RG,5000,1,D,YP,XC,D
14:47:42,UNVR,RG,5000,50,D,YP,YP,D
14:47:41,UNVR,RG,5000,1,D,YP,XC,D
14:47:37,UNVR,RG,5000,5,D,YP,PD,D
14:47:37,UNVR,RG,5025,5,D,CC,PD,D
14:47:37,UNVR,RG,5025,10,D,CC,CC,D
14:47:37,UNVR,RG,5025,37,D,CC,YP,D
14:47:37,UNVR,RG,5025,11,D,CC,NI,D
14:47:35,UNVR,RG,5025,12,D,CC,NI,D
14:47:34,UNVR,RG,5025,1,D,XC,NI,D
14:47:34,UNVR,RG,5000,1204,D,YP,YP,D
14:47:34,UNVR,RG,5000,166,D,DX,YP,D
14:47:34,UNVR,RG,5000,32,D,DX,YP,D
14:47:34,UNVR,RG,5000,278,D,DX,YP,D
14:47:34,UNVR,RG,5000,796,D,DX,YP,D
14:47:34,UNVR,RG,5000,24,D,DX,YP,D
14:47:34,UNVR,RG,5025,26,D,CC,NI,D
14:47:34,UNVR,RG,5025,10,D,CC,YP,D
14:47:34,UNVR,RG,5025,14,D,CC,XC,D
14:47:34,UNVR,RG,5025,2,D,CC,AT,D
14:47:34,UNVR,RG,5025,20,D,CC,OD,D
14:47:34,UNVR,RG,5025,1,D,CC,PD,D
14:47:34,UNVR,RG,5025,2,D,CC,KK,D
14:47:34,UNVR,RG,5025,1,D,CC,NI,D
14:47:34,UNVR,RG,5025,50,D,CC,KK,D
14:47:34,UNVR,RG,5025,4,D,CC,RO,D
14:47:34,UNVR,RG,5025,2,D,CC,DR,D
14:47:34,UNVR,RG,5025,10,D,CC,CC,D
14:47:34,UNVR,RG,5025,50,D,CC,PD,D
14:47:34,UNVR,RG,5025,8,D,CC,XC,D
14:47:34,UNVR,RG,5025,1,D,CC,XC,D
14:47:34,UNVR,RG,5025,2,D,CC,YP,D
14:47:34,UNVR,RG,5025,56,D,CC,SQ,D
14:47:33,UNVR,RG,5025,12,D,PD,SQ,D
14:47:30,UNVR,RG,5000,2,D,DX,AK,F
14:47:26,UNVR,RG,5025,2,D,PD,SQ,D
14:47:24,UNVR,RG,5025,10,D,SQ,SQ,D
14:47:23,UNVR,RG,5025,50,D,KK,SQ,D
14:47:19,UNVR,RG,5000,1,D,DX,XC,D
14:47:18,UNVR,RG,5000,1,D,DX,GR,D
14:47:18,UNVR,RG,5000,1,D,DX,YP,D
14:47:16,UNVR,RG,5000,5,D,DX,LS,D
14:47:14,UNVR,RG,5000,5,D,DX,DH,D
14:47:12,UNVR,RG,5000,10,D,DX,YP,D
14:47:09,UNVR,RG,5000,2,D,DX,NI,D
14:47:06,UNVR,RG,5000,1,D,DX,CC,D
14:47:05,UNVR,RG,5025,10,D,KK,SQ,D
14:47:02,UNVR,RG,5000,10,D,DX,EP,D
14:47:01,UNVR,RG,5000,1,D,DX,XC,D
14:47:00,UNVR,RG,5000,1,D,DX,XL,D
14:47:00,UNVR,RG,5000,78,D,DX,ZP,F
14:47:00,UNVR,RG,5025,1,D,CC,SQ,D
14:46:57,UNVR,RG,5000,10,D,DX,DR,D
14:46:56,UNVR,RG,5000,10,D,DX,CC,D
14:46:54,UNVR,RG,5025,49,D,YP,SQ,D
14:46:53,UNVR,RG,5000,50,D,DX,YP,D
14:46:53,UNVR,RG,5025,34,D,YP,SQ,D
14:46:50,UNVR,RG,5000,1,D,DX,YP,D
14:46:47,UNVR,RG,5000,25,D,DX,CD,D
14:46:45,UNVR,RG,5000,6,D,DX,AK,F
14:46:42,UNVR,RG,5000,1,D,DX,YP,D
14:46:41,UNVR,RG,5025,5,D,XL,SQ,D
14:46:37,UNVR,RG,5000,10,D,DX,CC,D
14:46:32,UNVR,RG,5000,1,D,DX,YP,D
14:46:30,UNVR,RG,5025,230,D,CC,SQ,D
14:46:30,UNVR,RG,5000,77,D,DX,ZP,F
14:46:29,UNVR,RG,5000,9,D,DX,YP,D
14:46:27,UNVR,RG,5000,10,D,DX,DH,D
14:46:27,UNVR,RG,5000,160,D,DX,PD,D
14:46:27,UNVR,RG,5000,118,D,DX,PD,D
14:46:26,UNVR,RG,5000,150,D,DX,YP,D
14:46:22,UNVR,RG,5000,7,D,DX,CC,D
14:46:22,UNVR,RG,5000,2,D,DX,XC,D
14:46:21,UNVR,RG,5000,30,D,DX,KK,D
14:46:19,UNVR,RG,5000,1,D,DX,XC,D
14:46:17,UNVR,RG,5000,1,D,DX,YP,D
14:46:16,UNVR,RG,5000,4,D,DX,XC,D
14:46:15,UNVR,RG,5000,1,D,DX,YJ,D
14:46:15,UNVR,RG,5000,4,D,DX,AK,F
14:46:15,UNVR,RG,5000,280,D,DX,YP,D
14:46:14,UNVR,RG,5000,15,D,DX,YP,D
14:46:14,UNVR,RG,5000,2,D,DX,YP,D
14:46:14,UNVR,RG,5000,8,D,DX,SQ,D
14:46:12,UNVR,RG,5000,15,D,DX,EP,D
14:46:10,UNVR,RG,5000,197,D,DX,KK,D
14:46:10,UNVR,RG,5000,99,D,DX,KK,D
14:46:10,UNVR,RG,5000,36,D,DX,KK,D
14:46:10,UNVR,RG,5000,10,D,DX,KK,D
14:46:10,UNVR,RG,5000,27,D,AK,KK,D
14:46:10,UNVR,RG,5000,392,F,AK,KK,D
14:46:10,UNVR,RG,5000,100,D,AZ,KK,D
14:46:10,UNVR,RG,5000,5,D,KK,KK,D
14:46:10,UNVR,RG,5000,4,D,YP,KK,D
14:46:10,UNVR,RG,5000,18,D,EP,KK,D
14:46:10,UNVR,RG,5000,6,D,YP,KK,D
14:46:10,UNVR,RG,5000,10,D,PD,KK,D
14:46:10,UNVR,RG,5000,10,D,XC,KK,D
14:46:10,UNVR,RG,5000,3,D,NI,KK,D
14:46:10,UNVR,RG,5000,20,D,LG,KK,D
14:46:10,UNVR,RG,5000,5,D,LG,KK,D
14:46:10,UNVR,RG,5000,9,D,EP,KK,D
14:46:10,UNVR,RG,5000,25,D,CC,KK,D
14:46:10,UNVR,RG,5000,1,D,XC,KK,D
14:46:10,UNVR,RG,5000,50,D,YP,KK,D
14:46:10,UNVR,RG,5000,25,D,EP,KK,D
14:46:10,UNVR,RG,5000,20,D,XC,KK,D
14:46:10,UNVR,RG,5000,2,D,LG,KK,D
14:46:10,UNVR,RG,5000,1,D,DH,KK,D
14:46:10,UNVR,RG,5000,5,D,YP,KK,D
14:46:10,UNVR,RG,5000,50,D,YP,KK,D
14:46:10,UNVR,RG,5000,10,D,XC,KK,D
14:46:10,UNVR,RG,5000,29,D,KK,KK,D
14:46:10,UNVR,RG,5000,4,D,HP,KK,D
14:46:10,UNVR,RG,5000,2,D,LG,KK,D
14:46:10,UNVR,RG,5000,6,D,LG,KK,D
14:46:10,UNVR,RG,5000,3,F,CS,KK,D
14:46:10,UNVR,RG,5000,83,D,DX,KK,D
14:46:10,UNVR,RG,5000,16,D,DX,KK,D
14:46:10,UNVR,RG,5000,139,D,DX,KK,D
14:46:10,UNVR,RG,5000,398,D,DX,KK,D
14:46:10,UNVR,RG,5000,180,D,DX,KK,D
14:46:09,UNVR,RG,5000,1,D,DX,YP,D
14:46:09,UNVR,RG,5000,3,D,DX,KK,D
14:46:07,UNVR,RG,5000,1,D,DX,XC,D
14:46:05,UNVR,RG,5000,71,D,DX,YU,D
14:46:05,UNVR,RG,5000,417,D,DX,YU,D
14:46:05,UNVR,RG,5000,49,D,DX,YU,D
14:46:05,UNVR,RG,5000,18,D,DX,YU,D
14:46:05,UNVR,RG,5000,5,D,DX,YU,D
14:46:05,UNVR,RG,5000,68,D,KZ,YU,D
14:46:05,UNVR,RG,5000,4,D,PD,YU,D
14:46:05,UNVR,RG,5000,133,D,CC,YU,D
14:46:05,UNVR,RG,5025,6,D,YP,SQ,D
14:46:02,UNVR,RG,5000,2,D,CC,CC,D
14:46:01,UNVR,RG,5000,2,D,CC,XC,D
14:46:00,UNVR,RG,5000,1,D,CC,PD,D
14:46:00,UNVR,RG,5000,4,D,CC,ZP,F
14:46:00,UNVR,RG,5000,1,D,CC,ZP,F
14:46:00,UNVR,RG,5000,1,D,LG,ZP,F
14:46:00,UNVR,RG,5000,69,D,CC,ZP,F
14:46:00,UNVR,RG,5025,1,D,CC,SQ,D
14:45:59,UNVR,RG,5000,3,D,CC,GR,D
14:45:59,UNVR,RG,5025,34,D,EP,SQ,D
14:45:59,UNVR,RG,5025,2,D,EP,DR,D
14:45:59,UNVR,RG,5025,50,D,EP,YP,D
14:45:59,UNVR,RG,5025,4,D,EP,CC,D
14:45:59,UNVR,RG,5025,1,D,EP,XL,D
14:45:59,UNVR,RG,5025,9,D,EP,CC,D
14:45:58,UNVR,RG,5000,2,D,CC,BQ,D
14:45:55,UNVR,RG,5000,5,D,CC,PD,D
14:45:51,UNVR,RG,5000,10,D,CC,LS,D
14:45:50,UNVR,RG,5000,4,D,CC,CC,D
14:45:47,UNVR,RG,5000,5,D,CC,XC,D
14:45:45,UNVR,RG,5025,7,D,CC,CC,D
14:45:45,UNVR,RG,5025,1,D,CC,YP,D
14:45:45,UNVR,RG,5025,1,D,CC,XC,D
14:45:45,UNVR,RG,5025,1,D,CC,XC,D
14:45:45,UNVR,RG,5025,2,D,CC,PD,D
14:45:45,UNVR,RG,5025,4,D,CC,SQ,D
14:45:45,UNVR,RG,5025,15,D,CC,CC,D
14:45:45,UNVR,RG,5025,1,D,CC,YP,D
14:45:45,UNVR,RG,5025,1,D,CC,YP,D
14:45:45,UNVR,RG,5025,100,D,CC,PD,D
14:45:45,UNVR,RG,5025,4,D,CC,EP,D
14:45:45,UNVR,RG,5025,2,D,CC,XL,D
14:45:45,UNVR,RG,5025,2,D,CC,PD,D
14:45:45,UNVR,RG,5025,1,D,CC,PD,D
14:45:45,UNVR,RG,5025,2,D,CC,AR,D
14:45:45,UNVR,RG,5025,30,D,CC,YP,D
14:45:45,UNVR,RG,5025,1,D,CC,YP,D
14:45:45,UNVR,RG,5025,100,D,CC,CC,D
14:45:45,UNVR,RG,5025,1,D,CC,YP,D
14:45:45,UNVR,RG,5025,1,D,CC,PD,D
14:45:45,UNVR,RG,5025,5,D,CC,DR,D
14:45:45,UNVR,RG,5025,10,D,CC,NI,D
14:45:45,UNVR,RG,5025,19,D,CC,PD,D
14:45:45,UNVR,RG,5025,1,D,CC,LG,D
14:45:45,UNVR,RG,5025,1,D,CC,XC,D
14:45:45,UNVR,RG,5025,10,D,CC,YP,D
14:45:45,UNVR,RG,5025,3,D,CC,CC,D
14:45:45,UNVR,RG,5025,100,D,CC,YP,D
14:45:45,UNVR,RG,5025,5,D,CC,PD,D
14:45:45,UNVR,RG,5025,3,D,CC,PD,D
14:45:45,UNVR,RG,5025,25,D,CC,ZR,D
14:45:45,UNVR,RG,5025,5,D,CC,PD,D
14:45:45,UNVR,RG,5025,1,D,CC,XC,D
14:45:45,UNVR,RG,5025,5,D,CC,YP,D
14:45:45,UNVR,RG,5025,50,D,CC,OD,D
14:45:45,UNVR,RG,5025,15,D,CC,YP,D
14:45:45,UNVR,RG,5025,1,D,CC,CC,D
14:45:45,UNVR,RG,5025,5,D,CC,XC,D
14:45:45,UNVR,RG,5025,5,D,CC,XC,D
14:45:45,UNVR,RG,5025,3,D,CC,XC,D
14:45:45,UNVR,RG,5025,24,D,CC,YP,D
14:45:45,UNVR,RG,5025,1,D,CC,XC,D
14:45:45,UNVR,RG,5025,72,D,CC,CP,D
14:45:45,UNVR,RG,5025,25,D,CC,LG,D
14:45:45,UNVR,RG,5025,50,D,CC,SQ,D
14:45:45,UNVR,RG,5025,10,D,CC,CC,D
14:45:45,UNVR,RG,5025,50,D,CC,DR,D
14:45:45,UNVR,RG,5025,1,D,CC,PD,D
14:45:45,UNVR,RG,5025,10,D,CC,GR,D
14:45:45,UNVR,RG,5025,1,D,CC,PD,D
14:45:45,UNVR,RG,5025,5,D,CC,YP,D
14:45:45,UNVR,RG,5025,10,D,CC,GR,D
14:45:45,UNVR,RG,5025,5,D,CC,AO,D
14:45:45,UNVR,RG,5025,7,D,CC,XC,D
14:45:45,UNVR,RG,5025,2,D,CC,LS,D
14:45:45,UNVR,RG,5025,1,D,CC,BQ,D
14:45:45,UNVR,RG,5025,1,D,CC,PD,D
14:45:45,UNVR,RG,5025,1,D,CC,KK,D
14:45:45,UNVR,RG,5025,10,D,CC,YP,F
14:45:45,UNVR,RG,5025,1,D,CC,PD,D
14:45:45,UNVR,RG,5025,5,D,CC,CC,D
14:45:45,UNVR,RG,5025,1,D,CC,GR,D
14:45:45,UNVR,RG,5025,5,D,CC,YB,D
14:45:45,UNVR,RG,5025,2,D,CC,CC,D
14:45:45,UNVR,RG,5025,10,D,CC,PD,D
14:45:45,UNVR,RG,5025,5,D,CC,CC,D
14:45:45,UNVR,RG,5025,2,D,CC,OD,D
14:45:45,UNVR,RG,5025,5,D,CC,YP,D
14:45:45,UNVR,RG,5025,5,D,CC,PD,D
14:45:45,UNVR,RG,5025,9,D,CC,NI,D
14:45:45,UNVR,RG,5025,10,D,CC,NI,D
14:45:45,UNVR,RG,5025,1,D,CC,XC,D
14:45:45,UNVR,RG,5025,1,D,CC,PD,D
14:45:45,UNVR,RG,5025,1,D,CC,CC,D
14:45:45,UNVR,RG,5025,5,D,CC,XC,D
14:45:45,UNVR,RG,5025,2,D,CC,XC,D
14:45:45,UNVR,RG,5025,4,D,CC,YU,D
14:45:45,UNVR,RG,5025,3,D,CC,YP,D
14:45:45,UNVR,RG,5025,1,D,CC,YP,D
14:45:45,UNVR,RG,5025,5,D,CC,YP,D
14:45:45,UNVR,RG,5025,5,D,CC,AO,D
14:45:45,UNVR,RG,5025,1,D,CC,EP,D
14:45:45,UNVR,RG,5025,1,D,CC,XC,D
14:45:45,UNVR,RG,5025,75,D,CC,YP,D
14:45:40,UNVR,RG,5000,5,D,CC,PD,D
14:45:34,UNVR,RG,5025,42,D,EP,YP,D
14:45:27,UNVR,RG,5025,7,D,KK,YP,D
14:45:23,UNVR,RG,5025,45,D,KK,YP,D
14:45:22,UNVR,RG,5025,7,D,PD,YP,D
14:45:15,UNVR,RG,5025,600,D,EP,YP,D
14:45:13,UNVR,RG,5000,2,D,CC,NI,D
14:45:08,UNVR,RG,5000,18,D,CC,CC,D
14:45:04,UNVR,RG,5000,20,D,CC,CC,D
14:45:01,UNVR,RG,5000,3,D,HP,XL,D
14:45:00,UNVR,RG,5000,7,D,HP,PD,D
14:45:00,UNVR,RG,5000,4,D,HP,PD,D
14:45:00,UNVR,RG,5000,4,D,LG,PD,D
14:45:00,UNVR,RG,5025,8,D,CC,YP,D
14:44:58,UNVR,RG,5000,6,D,LG,KK,D
14:44:58,UNVR,RG,5000,13,F,CS,KK,D
14:44:58,UNVR,RG,5000,16,D,AK,KK,D
14:44:52,UNVR,RG,5000,1,D,EP,XC,D
14:44:52,UNVR,RG,5000,13,D,CC,XC,D
14:44:51,UNVR,RG,5025,35,D,EP,YP,D
14:44:51,UNVR,RG,5000,2,D,CC,YP,D
14:44:51,UNVR,RG,5000,3,D,XC,YP,D
14:44:48,UNVR,RG,5000,40,D,XC,SQ,D
14:44:47,UNVR,RG,5025,181,D,LG,YP,D
14:44:47,UNVR,RG,5025,1,D,LG,YP,D
14:44:47,UNVR,RG,5025,5,D,LG,AZ,D
14:44:47,UNVR,RG,5025,3,D,LG,YP,D
14:44:47,UNVR,RG,5025,50,D,LG,PD,D
14:44:47,UNVR,RG,5025,3,D,LG,YP,D
14:44:47,UNVR,RG,5025,255,D,LG,GR,D
14:44:45,UNVR,RG,5000,5,D,XC,YP,D
14:44:43,UNVR,RG,5000,20,D,XC,GR,D
14:44:41,UNVR,RG,5000,23,D,XC,NI,D
14:44:41,UNVR,RG,5025,30,D,PD,GR,D
14:44:28,UNVR,RG,5000,9,D,XC,CC,D
14:44:28,UNVR,RG,5000,4,D,XC,CC,D
14:44:28,UNVR,RG,5000,21,D,EP,CC,D
14:44:28,UNVR,RG,5000,10,D,CC,CC,D
14:44:28,UNVR,RG,5000,1,D,CC,CC,D
14:44:28,UNVR,RG,5000,1,D,CC,NI,D
14:44:28,UNVR,RG,5000,10,D,LG,NI,D
14:44:28,UNVR,RG,5000,5,D,AZ,NI,D
14:44:28,UNVR,RG,5000,15,D,HP,NI,D
14:44:28,UNVR,RG,5000,9,D,HP,NI,D
14:44:25,UNVR,RG,5025,1,D,XL,GR,D
14:44:23,UNVR,RG,5025,20,D,EP,GR,D
14:44:21,UNVR,RG,5000,11,D,HP,XC,D
14:44:20,UNVR,RG,5000,1,D,HP,PD,D
14:44:17,UNVR,RG,5000,3,D,HP,CD,D
14:44:14,UNVR,RG,5025,44,D,EP,GR,D
14:44:14,UNVR,RG,5000,2,D,HP,XC,D
14:44:08,UNVR,RG,5000,1,D,HP,NI,D
14:44:08,UNVR,RG,5025,4,D,HP,GR,D
14:44:07,UNVR,RG,5000,1,D,HP,XC,D
14:44:06,UNVR,RG,5000,3,D,HP,CC,D
14:44:05,UNVR,RG,5000,4,D,HP,PD,D
14:44:05,UNVR,RG,5000,10,D,HP,CC,D
14:44:04,UNVR,RG,5000,4,D,HP,XC,D
14:44:03,UNVR,RG,5025,6,D,AT,GR,D
14:44:01,UNVR,RG,5000,60,D,HP,MK,D
14:44:01,UNVR,RG,5000,10,D,HP,YP,D
14:44:00,UNVR,RG,5025,72,D,CC,GR,D
14:43:59,UNVR,RG,5000,2,D,HP,XC,D
14:43:58,UNVR,RG,5000,79,D,HP,YP,D
14:43:58,UNVR,RG,5000,100,D,MG,YP,D
14:43:58,UNVR,RG,5000,15,F,CS,YP,D
14:43:58,UNVR,RG,5000,20,D,EP,YP,D
14:43:58,UNVR,RG,5000,4,D,KK,YP,D
14:43:58,UNVR,RG,5000,1,D,XC,YP,D
14:43:58,UNVR,RG,5000,3,D,BQ,YP,D
14:43:58,UNVR,RG,5000,15,D,HP,YP,D
14:43:58,UNVR,RG,5000,50,D,YP,YP,D
14:43:58,UNVR,RG,5000,18,D,AK,YP,D
14:43:58,UNVR,RG,5000,5,D,XC,YP,D
14:43:58,UNVR,RG,5000,90,D,IF,YP,D
14:43:57,UNVR,RG,5000,10,D,IF,PD,D
14:43:55,UNVR,RG,5000,43,D,IF,CC,D
14:43:52,UNVR,RG,5000,3,D,IF,SQ,D
14:43:51,UNVR,RG,5000,2,D,IF,OD,D
14:43:51,UNVR,RG,5000,152,D,IF,CC,D
14:43:51,UNVR,RG,5000,64,F,AK,CC,D
14:43:51,UNVR,RG,5000,8,F,AK,AZ,D
14:43:51,UNVR,RG,5000,50,F,AK,YP,D
14:43:48,UNVR,RG,5000,50,F,AK,YP,D
14:43:47,UNVR,RG,5000,100,F,AK,LG,D
14:43:42,UNVR,RG,5000,10,F,AK,NI,D
14:43:42,UNVR,RG,5025,168,D,EP,GR,D
14:43:42,UNVR,RG,5025,1,D,EP,YP,D
14:43:42,UNVR,RG,5025,12,D,EP,SQ,D
14:43:42,UNVR,RG,5025,5,D,EP,YP,D
14:43:42,UNVR,RG,5025,2,D,EP,CC,D
14:43:42,UNVR,RG,5025,10,D,EP,YP,D
14:43:42,UNVR,RG,5025,50,D,EP,NI,D
14:43:42,UNVR,RG,5025,10,D,EP,DH,D
14:43:42,UNVR,RG,5025,1,D,EP,XC,D
14:43:42,UNVR,RG,5025,10,D,EP,PD,D
14:43:42,UNVR,RG,5025,1,D,EP,KK,D
14:43:42,UNVR,RG,5025,5,D,EP,LG,D
14:43:42,UNVR,RG,5025,7,D,EP,NI,D
14:43:42,UNVR,RG,5025,1,D,EP,NI,D
14:43:42,UNVR,RG,5025,3,D,EP,YP,D
14:43:42,UNVR,RG,5025,518,D,EP,YJ,D
14:43:41,UNVR,RG,5000,9,F,AK,PD,D
14:43:41,UNVR,RG,5025,1,D,CC,YJ,D
14:43:40,UNVR,RG,5000,23,F,AK,PD,D
14:43:39,UNVR,RG,5000,5,F,AK,YP,D
14:43:39,UNVR,RG,5000,8,F,AK,YP,D
14:43:38,UNVR,RG,5000,12,F,AK,YP,D
14:43:38,UNVR,RG,5000,13,D,DX,YP,D
14:43:37,UNVR,RG,5000,3,D,DX,CC,D
14:43:37,UNVR,RG,5025,2,D,PD,YJ,D
14:43:36,UNVR,RG,5000,50,D,DX,NI,D
14:43:36,UNVR,RG,5025,3,D,PD,YJ,D
14:43:36,UNVR,RG,5000,2,D,DX,XC,D
14:43:32,UNVR,RG,5000,2,D,DX,YP,D
14:43:32,UNVR,RG,5000,2,D,DX,CC,D
14:43:30,UNVR,RG,5000,10,D,DX,AZ,D
14:43:28,UNVR,RG,5000,1,D,DX,XC,D
14:43:25,UNVR,RG,5000,16,D,DX,YP,D
14:43:25,UNVR,RG,5000,84,D,DX,YP,D
14:43:22,UNVR,RG,5000,7,D,DX,DR,D
14:43:21,UNVR,RG,5000,1,D,DX,DX,D
14:43:21,UNVR,RG,5000,1,D,DX,YB,D
14:43:19,UNVR,RG,5000,46,D,DX,HD,D
14:43:19,UNVR,RG,5000,154,D,DX,HD,D
14:43:18,UNVR,RG,5000,13,D,DX,XC,D
14:43:18,UNVR,RG,5000,4,D,DX,XL,D
14:43:15,UNVR,RG,5000,20,D,DX,CC,D
14:43:14,UNVR,RG,5000,5,D,DX,YP,D
14:43:14,UNVR,RG,5000,2,D,DX,YP,D
14:43:13,UNVR,RG,5025,42,D,YP,YJ,D
14:43:12,UNVR,RG,5000,50,D,DX,YP,D
14:43:11,UNVR,RG,5000,1,D,DX,CC,D
14:43:09,UNVR,RG,5000,1,D,DX,PD,D
14:43:07,UNVR,RG,5000,1,D,DX,IF,D
14:43:05,UNVR,RG,5000,1,D,DX,NI,D
14:43:05,UNVR,RG,5000,20,D,DX,YP,D
14:43:04,UNVR,RG,5000,3,D,DX,BQ,D
14:43:04,UNVR,RG,5000,107,D,DX,XC,D
14:43:04,UNVR,RG,5000,1,D,DX,XC,D
14:43:04,UNVR,RG,5000,1,D,DX,PD,D
14:43:01,UNVR,RG,5000,1,D,DX,CC,D
14:42:59,UNVR,RG,5000,2,D,DX,PD,D
14:42:58,UNVR,RG,5000,11,D,DX,AZ,D
14:42:58,UNVR,RG,5000,25,D,DX,AZ,D
14:42:58,UNVR,RG,5000,5,D,DX,KK,D
14:42:57,UNVR,RG,5000,15,D,DX,YP,D
14:42:55,UNVR,RG,5000,44,D,DX,CC,D
14:42:51,UNVR,RG,5000,1,D,DX,XC,D
14:42:48,UNVR,RG,5000,6,D,DX,CC,D
14:42:45,UNVR,RG,5000,1,D,DX,PD,D
14:42:45,UNVR,RG,5000,1,D,DX,XL,D
14:42:45,UNVR,RG,5000,30,D,DX,GR,D
14:42:42,UNVR,RG,5000,3,D,DX,NI,D
14:42:41,UNVR,RG,5000,15,D,DX,NI,D
14:42:40,UNVR,RG,5000,5,D,DX,XL,D
14:42:37,UNVR,RG,5000,1,D,DX,XL,D
14:42:35,UNVR,RG,5000,104,D,DX,CC,D
14:42:35,UNVR,RG,5000,96,D,DX,CC,D
14:42:32,UNVR,RG,5000,3,D,DX,BQ,D
14:42:30,UNVR,RG,5000,29,D,DX,NI,D
14:42:23,UNVR,RG,5000,3,D,DX,DR,D
14:42:22,UNVR,RG,5000,2,D,DX,YU,D
14:42:21,UNVR,RG,5025,10,D,EP,YJ,D
14:42:20,UNVR,RG,5000,2,D,DX,PD,D
14:42:18,UNVR,RG,5000,1,D,DX,NI,D
14:42:17,UNVR,RG,5000,1,D,DX,YP,D
14:42:15,UNVR,RG,5000,7,D,DX,PD,D
14:42:15,UNVR,RG,5000,5,D,DX,PD,D
14:42:14,UNVR,RG,5000,50,D,DX,XC,D
14:42:06,UNVR,RG,5000,4,D,DX,GR,D
14:42:06,UNVR,RG,5000,1,D,DX,YP,D
14:42:02,UNVR,RG,5000,1,D,DX,YP,D
14:41:59,UNVR,RG,5000,1,D,DX,PD,D
14:41:57,UNVR,RG,5000,2,D,DX,NI,D
14:41:56,UNVR,RG,5000,1,D,DX,XC,D
14:41:49,UNVR,RG,5000,8,D,DX,NI,D
14:41:49,UNVR,RG,5000,49,D,DX,CC,D
14:41:47,UNVR,RG,5000,3,D,DX,LG,D
14:41:43,UNVR,RG,5000,5,D,DX,YP,D
14:41:42,UNVR,RG,5000,1,D,DX,CC,D
14:41:42,UNVR,RG,5000,20,D,DX,PD,D
14:41:41,UNVR,RG,5000,100,D,DX,YP,D
14:41:36,UNVR,RG,5000,3,D,DX,PD,D
14:41:36,UNVR,RG,5000,5,D,DX,CP,D
14:41:36,UNVR,RG,5000,2,D,DX,CC,D
14:41:36,UNVR,RG,5000,10,D,DX,YP,D
14:41:34,UNVR,RG,5000,2,D,DX,KK,D
14:41:34,UNVR,RG,5000,5,D,DX,YP,D
14:41:34,UNVR,RG,5000,4,D,DX,YP,D
14:41:33,UNVR,RG,5000,40,D,DX,YP,D
14:41:33,UNVR,RG,5000,18,D,DX,YP,D
14:41:33,UNVR,RG,5000,5,D,DX,YP,D
14:41:33,UNVR,RG,5000,1,D,NI,YP,D
14:41:33,UNVR,RG,5000,13,F,CS,YP,D
14:41:33,UNVR,RG,5000,1,D,LG,YP,D
14:41:33,UNVR,RG,5000,5,D,SQ,YP,D
14:41:33,UNVR,RG,5000,4,D,XC,YP,D
14:41:33,UNVR,RG,5000,20,D,CC,YP,D
14:41:33,UNVR,RG,5000,1,D,PD,YP,D
14:41:33,UNVR,RG,5000,26,D,CC,YP,D
14:41:33,UNVR,RG,5025,1,D,NI,YJ,D
14:41:32,UNVR,RG,5000,5,D,CC,EP,D
14:41:31,UNVR,RG,5000,2,D,CC,OD,D
14:41:31,UNVR,RG,5000,1,D,CC,XC,D
14:41:29,UNVR,RG,5000,5,D,CC,DR,D
14:41:28,UNVR,RG,5000,3,D,CC,XC,D
14:41:26,UNVR,RG,5000,10,D,CC,CC,D
14:41:25,UNVR,RG,5000,7,D,CC,HP,D
14:41:24,UNVR,RG,5000,15,D,CC,OD,D
14:41:20,UNVR,RG,5000,1,D,CC,CC,D
14:41:20,UNVR,RG,5025,1,D,AZ,YJ,D
14:41:15,UNVR,RG,5000,1,D,CC,XC,D
14:41:15,UNVR,RG,5000,1,D,CC,CC,D
14:41:10,UNVR,RG,5000,65,D,CC,MK,D
14:41:08,UNVR,RG,5000,31,D,CC,XL,D
14:41:06,UNVR,RG,5000,20,D,CC,YP,D
14:41:03,UNVR,RG,5000,4,D,CC,YP,D
14:41:03,UNVR,RG,5000,1,D,CC,CP,D
14:41:00,UNVR,RG,5000,15,D,CC,YP,D
14:41:00,UNVR,RG,5000,1,D,CC,XC,D
14:40:58,UNVR,RG,5000,6,D,CC,CC,D
14:40:53,UNVR,RG,5000,20,D,CC,CC,D
14:40:50,UNVR,RG,5000,7,D,CC,PD,D
14:40:50,UNVR,RG,5000,2,D,CC,YP,D
14:40:50,UNVR,RG,5000,5,D,CC,XC,D
14:40:49,UNVR,RG,5000,7,D,CC,CC,D
14:40:48,UNVR,RG,5025,1,D,XC,YJ,D
14:40:47,UNVR,RG,5000,30,D,CC,YP,D
14:40:39,UNVR,RG,5000,9,D,CC,GR,D
14:40:39,UNVR,RG,5000,3,D,XC,GR,D
14:40:39,UNVR,RG,5000,1,D,YP,GR,D
14:40:39,UNVR,RG,5000,2,D,XC,GR,D
14:40:39,UNVR,RG,5000,1,D,DR,GR,D
14:40:39,UNVR,RG,5000,4,D,XL,GR,D
14:40:39,UNVR,RG,5000,10,D,EP,GR,D
14:40:39,UNVR,RG,5000,2,D,TF,GR,D
14:40:37,UNVR,RG,5000,50,D,YP,LG,D
14:40:37,UNVR,RG,5000,1,D,XC,XC,D
14:40:37,UNVR,RG,5000,1,D,HP,XC,D
14:40:37,UNVR,RG,5000,1,D,HP,YP,D
14:40:37,UNVR,RG,5000,4,D,HP,XC,D
14:40:35,UNVR,RG,5000,4,D,HP,CC,D
14:40:35,UNVR,RG,5000,5,D,YP,CC,D
14:40:35,UNVR,RG,5000,15,D,NI,CC,D
14:40:35,UNVR,RG,5000,1,D,XL,CC,D
14:40:35,UNVR,RG,5000,2,D,PD,CC,D
14:40:35,UNVR,RG,5000,1,D,XC,CC,D
14:40:35,UNVR,RG,5000,3,D,KK,CC,D
14:40:35,UNVR,RG,5000,2,D,XC,CC,D
14:40:35,UNVR,RG,5000,1,D,NI,CC,D
14:40:35,UNVR,RG,5000,19,D,YP,CC,D
14:40:34,UNVR,RG,5000,30,D,YP,YP,D
14:40:33,UNVR,RG,5000,1,D,YP,AG,D
14:40:33,UNVR,RG,5000,9,D,AK,AG,D
14:40:32,UNVR,RG,5000,1,D,AK,YP,D
14:40:28,UNVR,RG,5000,12,D,AK,CC,D
14:40:28,UNVR,RG,5000,20,D,EP,CC,D
14:40:28,UNVR,RG,5000,68,D,OD,CC,D
14:40:28,UNVR,RG,5000,40,D,OD,KK,D
14:40:28,UNVR,RG,5025,1,D,PD,YJ,D
14:40:26,UNVR,RG,5000,10,D,OD,PD,D
14:40:24,UNVR,RG,5000,1,D,OD,PD,D
14:40:23,UNVR,RG,5025,10,D,SQ,YJ,D
14:40:16,UNVR,RG,5000,20,D,OD,YP,D
14:40:15,UNVR,RG,5000,61,D,OD,YP,D
14:40:15,UNVR,RG,5000,1,D,NI,YP,D
14:40:15,UNVR,RG,5000,1,D,KK,YP,D
14:40:15,UNVR,RG,5000,195,D,DR,YP,D
14:40:15,UNVR,RG,5000,5,D,PD,YP,D
14:40:15,UNVR,RG,5000,15,D,CC,YP,D
14:40:15,UNVR,RG,5000,2,D,YP,YP,D
14:40:15,UNVR,RG,5000,12,D,CC,YP,D
14:40:15,UNVR,RG,5000,55,D,KZ,YP,D
14:40:15,UNVR,RG,5000,1,D,XC,YP,D
14:40:15,UNVR,RG,5000,1,D,YP,YP,D
14:40:15,UNVR,RG,5000,1,D,XC,YP,D
14:40:15,UNVR,RG,5000,500,D,YJ,YP,D
14:40:15,UNVR,RG,5000,2,D,LG,YP,D
14:40:15,UNVR,RG,5000,13,D,DR,YP,D
14:40:15,UNVR,RG,5000,7,D,YP,YP,D
14:40:14,UNVR,RG,5000,5,D,YP,PD,D
14:40:13,UNVR,RG,5000,10,D,YP,KK,D
14:40:12,UNVR,RG,5025,6,D,XL,YJ,D
14:40:11,UNVR,RG,5000,1,D,YP,XL,D
14:40:08,UNVR,RG,5000,20,D,YP,CC,D
14:40:00,UNVR,RG,5025,4,D,CC,YJ,D
14:40:00,UNVR,RG,5025,5,D,CC,DH,D
14:40:00,UNVR,RG,5025,1,D,CC,YP,D
14:40:00,UNVR,RG,5025,1,D,CC,YP,D
14:40:00,UNVR,RG,5025,1,D,CC,YP,D
14:40:00,UNVR,RG,5025,1,D,CC,CC,D
14:40:00,UNVR,RG,5025,1,D,CC,YP,D
14:40:00,UNVR,RG,5025,1,D,CC,YP,D
14:40:00,UNVR,RG,5025,150,D,CC,KI,D
14:39:59,UNVR,RG,5000,1,D,YP,AT,D
14:39:53,UNVR,RG,5000,6,D,YP,KK,D
14:39:53,UNVR,RG,5000,2,D,LG,KK,D
14:39:53,UNVR,RG,5000,2,D,BQ,KK,D
14:39:52,UNVR,RG,5000,5,D,HP,YP,D
14:39:52,UNVR,RG,5000,2,D,YP,YP,D
14:39:52,UNVR,RG,5000,5,F,CS,YP,D
14:39:52,UNVR,RG,5000,10,F,CS,YP,D
14:39:52,UNVR,RG,5000,28,D,CC,YP,D
14:39:46,UNVR,RG,5000,8,D,CC,XC,D
14:39:41,UNVR,RG,5000,5,D,CC,YP,D
14:39:39,UNVR,RG,5000,1,D,CC,CC,D
14:39:36,UNVR,RG,5000,2,D,CC,XC,D
14:39:35,UNVR,RG,5000,30,D,CC,NI,D
14:39:35,UNVR,RG,5000,1,D,CC,OD,D
14:39:31,UNVR,RG,5000,10,D,CC,NI,D
14:39:29,UNVR,RG,5000,50,D,CC,EP,D
14:39:29,UNVR,RG,5000,10,D,CC,BR,D
14:39:29,UNVR,RG,5000,1,D,CC,CC,D
14:39:29,UNVR,RG,5000,56,D,CC,CC,D
14:39:29,UNVR,RG,5000,41,D,DX,CC,D
14:39:29,UNVR,RG,5000,3,D,DX,CC,D
14:39:27,UNVR,RG,5000,5,D,DX,KK,D
14:39:27,UNVR,RG,5000,12,D,DX,KK,D
14:39:26,UNVR,RG,5000,19,D,DX,XC,D
14:39:25,UNVR,RG,5000,1,D,DX,XC,D
14:39:25,UNVR,RG,5000,37,D,DX,CC,D
14:39:25,UNVR,RG,5000,14,D,DX,CC,D
14:39:23,UNVR,RG,5025,5,D,YP,KI,D
14:39:22,UNVR,RG,5000,30,D,DX,XC,D
14:39:21,UNVR,RG,5000,1,D,DX,CC,D
14:39:18,UNVR,RG,5000,41,D,DX,NI,D
14:39:17,UNVR,RG,5025,21,D,XC,KI,D
14:39:16,UNVR,RG,5000,1,D,DX,XC,D
14:39:16,UNVR,RG,5000,5,D,DX,YP,D
14:39:16,UNVR,RG,5000,1,D,DX,NI,D
14:39:13,UNVR,RG,5000,10,D,DX,YP,D
14:39:13,UNVR,RG,5000,5,D,DX,YP,D
14:39:02,UNVR,RG,5000,35,D,DX,NI,D
14:39:01,UNVR,RG,5000,56,D,DX,LG,D
14:39:01,UNVR,RG,5000,94,D,DX,LG,D
14:38:55,UNVR,RG,5025,20,D,PD,KI,D
14:38:54,UNVR,RG,5000,16,D,DX,PD,D
14:38:49,UNVR,RG,5000,18,D,DX,XC,D
14:38:49,UNVR,RG,5000,6,D,DX,XC,D
14:38:43,UNVR,RG,5000,50,D,DX,CC,D
14:38:42,UNVR,RG,5000,1,D,DX,PD,D
14:38:42,UNVR,RG,5000,2,D,DX,NI,D
14:38:41,UNVR,RG,5000,149,D,DX,HD,D
14:38:41,UNVR,RG,5000,24,D,DX,HD,D
14:38:41,UNVR,RG,5000,9,D,DX,HD,D
14:38:41,UNVR,RG,5000,2,D,DX,HD,D
14:38:41,UNVR,RG,5000,16,D,AZ,HD,D
14:38:40,UNVR,RG,5000,10,D,AZ,YP,D
14:38:35,UNVR,RG,5000,45,D,AZ,XC,D
14:38:34,UNVR,RG,5000,29,D,AZ,PD,D
14:38:34,UNVR,RG,5000,171,D,EP,PD,D
14:38:29,UNVR,RG,5025,4,D,PD,KI,D
14:38:29,UNVR,RG,5025,1,D,PD,OD,D
14:38:24,UNVR,RG,5000,200,D,EP,PD,D
14:38:23,UNVR,RG,5000,1,D,EP,PD,D
14:38:14,UNVR,RG,5025,17,D,KK,OD,D
14:38:14,UNVR,RG,5025,1,D,KK,NI,D
14:38:14,UNVR,RG,5025,2,D,KK,NI,D
14:38:14,UNVR,RG,5025,12,D,KK,CC,D
14:38:14,UNVR,RG,5025,2,D,KK,NI,D
14:38:14,UNVR,RG,5025,10,D,KK,YP,D
14:38:13,UNVR,RG,5000,50,D,EP,CC,D
14:38:12,UNVR,RG,5025,1,D,PD,NI,D
14:38:12,UNVR,RG,5025,2,D,PD,DR,D
14:38:10,UNVR,RG,5025,1,D,YP,DR,D
14:38:01,UNVR,RG,5000,1,D,EP,XC,D
14:37:57,UNVR,RG,5025,7,D,AZ,DR,D
14:37:57,UNVR,RG,5025,12,D,AZ,KK,D
14:37:53,UNVR,RG,5000,20,D,EP,DH,D
14:37:45,UNVR,RG,5000,20,D,EP,DH,D
14:37:45,UNVR,RG,5000,5,D,EP,DH,D
14:37:44,UNVR,RG,5000,5,D,EP,CC,D
14:37:43,UNVR,RG,5025,5,D,YP,KK,D
14:37:42,UNVR,RG,5000,1,D,EP,PD,D
14:37:41,UNVR,RG,5000,1,D,EP,XC,D
14:37:40,UNVR,RG,5000,25,D,EP,EP,D
14:37:40,UNVR,RG,5000,1,D,CC,EP,D
14:37:40,UNVR,RG,5000,5,D,OD,EP,D
14:37:40,UNVR,RG,5000,88,D,CC,EP,D
14:37:40,UNVR,RG,5000,3,D,XC,EP,D
14:37:40,UNVR,RG,5000,1,D,GR,EP,D
14:37:40,UNVR,RG,5000,1,D,AZ,EP,D
14:37:40,UNVR,RG,5000,76,D,CC,EP,D
14:37:38,UNVR,RG,5000,20,D,CC,DH,D
14:37:34,UNVR,RG,5000,1,D,CC,YP,D
14:37:33,UNVR,RG,5000,3,D,CC,KK,D
14:37:33,UNVR,RG,5000,1,D,LG,KK,D
14:37:33,UNVR,RG,5000,10,D,GR,KK,D
14:37:33,UNVR,RG,5000,6,D,AK,KK,D
14:37:32,UNVR,RG,5000,10,D,AK,YP,D
14:37:31,UNVR,RG,5025,1,F,YU,KK,D
14:37:31,UNVR,RG,5025,3,F,YU,XL,D
14:37:31,UNVR,RG,5025,1,F,YU,NI,D
14:37:31,UNVR,RG,5000,24,D,AK,CC,D
14:37:31,UNVR,RG,5000,1,D,YP,CC,D
14:37:31,UNVR,RG,5000,4,D,GR,CC,D
14:37:31,UNVR,RG,5000,5,D,BQ,CC,D
14:37:31,UNVR,RG,5000,1,F,YU,CC,D
14:37:31,UNVR,RG,5000,1,D,BQ,CC,D
14:37:31,UNVR,RG,5000,64,D,MG,CC,D
14:37:28,UNVR,RG,5000,36,D,MG,XC,D
14:37:28,UNVR,RG,5000,5,D,KK,XC,D
14:37:28,UNVR,RG,5000,50,D,EP,XC,D
14:37:28,UNVR,RG,5000,18,D,AK,XC,D
14:37:28,UNVR,RG,5000,15,F,CS,XC,D
14:37:28,UNVR,RG,5000,157,F,AK,XC,D
14:37:28,UNVR,RG,5000,19,D,FZ,XC,D
14:37:27,UNVR,RG,5000,1,D,FZ,OD,D
14:37:26,UNVR,RG,5000,21,D,FZ,DH,D
14:37:25,UNVR,RG,5000,20,D,FZ,YP,D
14:37:20,UNVR,RG,5000,5,D,FZ,YP,D
14:37:19,UNVR,RG,5000,1,D,FZ,YP,D
14:37:18,UNVR,RG,5000,10,D,FZ,EP,D
14:37:17,UNVR,RG,5000,20,D,FZ,DH,D
14:37:12,UNVR,RG,5000,10,D,FZ,DH,D
14:37:11,UNVR,RG,5000,1,D,FZ,YP,D
14:37:11,UNVR,RG,5025,59,D,YP,NI,D
14:37:11,UNVR,RG,5025,6,D,YP,PD,D
14:37:11,UNVR,RG,5025,10,D,YP,DH,D
14:37:11,UNVR,RG,5025,2,D,YP,XL,D
14:37:11,UNVR,RG,5025,1,D,YP,YP,D
14:37:11,UNVR,RG,5025,1,D,YP,PD,D
14:37:11,UNVR,RG,5025,5,D,YP,CC,D
14:37:11,UNVR,RG,5025,1,D,YP,AT,D
14:37:11,UNVR,RG,5025,7,D,YP,XC,D
14:37:11,UNVR,RG,5025,1,D,YP,PD,D
14:37:11,UNVR,RG,5025,1,D,YP,YP,D
14:37:11,UNVR,RG,5025,6,D,YP,CC,D
14:37:08,UNVR,RG,5000,2,D,FZ,XC,D
14:37:07,UNVR,RG,5000,27,D,FZ,PD,D
14:37:05,UNVR,RG,5000,5,D,FZ,AO,D
14:37:05,UNVR,RG,5000,11,D,FZ,DH,D
14:37:04,UNVR,RG,5025,2,D,PD,CC,D
14:37:04,UNVR,RG,5000,10,D,FZ,XC,D
14:36:58,UNVR,RG,5000,1,D,FZ,NI,D
14:36:58,UNVR,RG,5000,3,D,FZ,EP,D
14:36:57,UNVR,RG,5000,20,D,FZ,YP,D
14:36:56,UNVR,RG,5000,10,D,FZ,OD,D
14:36:56,UNVR,RG,5025,2,D,EP,CC,D
14:36:56,UNVR,RG,5025,1,D,EP,YP,D
14:36:56,UNVR,RG,5025,6,D,EP,YP,D
14:36:56,UNVR,RG,5025,11,D,EP,MG,D
14:36:53,UNVR,RG,5000,2,D,FZ,XC,D
14:36:52,UNVR,RG,5000,300,D,FZ,PD,D
14:36:52,UNVR,RG,5000,10,D,FZ,YP,D
14:36:50,UNVR,RG,5000,3,D,FZ,XC,D
14:36:47,UNVR,RG,5000,10,D,FZ,CC,D
14:36:45,UNVR,RG,5000,1,D,FZ,PD,D
14:36:44,UNVR,RG,5000,2,D,FZ,EP,D
14:36:43,UNVR,RG,5000,5,D,FZ,AZ,D
14:36:42,UNVR,RG,5000,14,D,FZ,PD,D
14:36:42,UNVR,RG,5000,30,D,FZ,SQ,D
14:36:39,UNVR,RG,5000,4,D,FZ,SQ,D
14:36:37,UNVR,RG,5000,4,D,FZ,PD,D
14:36:36,UNVR,RG,5000,2,D,FZ,SQ,D
14:36:34,UNVR,RG,5000,1,D,FZ,PD,D
14:36:29,UNVR,RG,5000,2,D,FZ,OD,D
14:36:29,UNVR,RG,5000,25,D,FZ,NI,D
14:36:29,UNVR,RG,5000,2,D,FZ,YP,D
14:36:29,UNVR,RG,5000,1,D,FZ,DR,D
14:36:29,UNVR,RG,5000,1,D,FZ,YP,D
14:36:29,UNVR,RG,5000,2,D,FZ,XC,D
14:36:29,UNVR,RG,5000,3,D,FZ,CC,D
14:36:29,UNVR,RG,5000,11,D,FZ,YP,D
14:36:29,UNVR,RG,5000,30,D,FZ,OD,D
14:36:29,UNVR,RG,5000,10,D,FZ,YP,D
14:36:29,UNVR,RG,5000,70,D,FZ,YP,D
14:36:29,UNVR,RG,5000,1,D,FZ,OD,D
14:36:29,UNVR,RG,5000,13,D,FZ,XL,D
14:36:29,UNVR,RG,5000,10,D,FZ,PD,D
14:36:29,UNVR,RG,5000,1,D,FZ,SQ,D
14:36:29,UNVR,RG,5000,25,D,FZ,BQ,D
14:36:29,UNVR,RG,5000,1,D,FZ,XC,D
14:36:29,UNVR,RG,5000,8,D,FZ,AK,F
14:36:29,UNVR,RG,5000,4000,D,FZ,YP,D
14:36:29,UNVR,RG,5000,50,D,FZ,CD,D
14:36:29,UNVR,RG,5000,3,D,FZ,XL,D
14:36:29,UNVR,RG,5000,50,D,FZ,DH,D
14:36:29,UNVR,RG,5000,48,D,FZ,CC,D
14:36:29,UNVR,RG,5000,5,D,FZ,YP,D
14:36:29,UNVR,RG,5000,43,D,FZ,YU,D
14:36:21,UNVR,RG,5000,100,D,IF,YU,D
14:36:17,UNVR,RG,4990,1,D,CC,PD,D
14:36:11,UNVR,RG,5000,2,D,PD,YU,D
14:36:10,UNVR,RG,5000,40,D,EP,YU,D
14:36:09,UNVR,RG,5000,1,D,YP,YU,D
14:36:06,UNVR,RG,4990,1,D,CC,NI,D
14:36:03,UNVR,RG,5000,1,D,YP,YU,D
14:36:01,UNVR,RG,5000,3,D,YP,YU,D
14:36:00,UNVR,RG,5000,100,D,AZ,YU,D
14:35:58,UNVR,RG,5000,56,D,YP,YU,D
14:35:57,UNVR,RG,5000,1,D,SQ,YU,D
14:35:56,UNVR,RG,5000,9,D,AZ,YU,D
14:35:55,UNVR,RG,5000,2,D,PD,YU,D
14:35:55,UNVR,RG,5000,500,D,YU,YU,D
14:35:55,UNVR,RG,5000,20,D,PD,YU,D
14:35:51,UNVR,RG,5000,1,D,YU,YU,D
14:35:51,UNVR,RG,5000,7,F,YU,YU,D
14:35:51,UNVR,RG,5000,6,D,BQ,YU,D
14:35:51,UNVR,RG,5000,5,F,CS,YU,D
14:35:51,UNVR,RG,5000,12,F,CS,YU,D
14:35:51,UNVR,RG,5000,200,D,IF,YU,D
14:35:51,UNVR,RG,5000,42,D,YP,YU,D
14:35:51,UNVR,RG,5000,5,D,LG,YU,D
14:35:51,UNVR,RG,5000,129,D,XC,YU,D
14:35:51,UNVR,RG,5000,3,D,SQ,YU,D
14:35:51,UNVR,RG,5000,5,D,KK,YU,D
14:35:51,UNVR,RG,5000,110,D,CC,YU,D
14:35:51,UNVR,RG,5000,123,D,XC,YU,D
14:35:51,UNVR,RG,5000,844,F,AK,YU,D
14:35:51,UNVR,RG,5000,10,D,BQ,YU,D
14:35:51,UNVR,RG,5000,10,D,BQ,YU,D
14:35:51,UNVR,RG,5000,10,D,BQ,YU,D
14:35:51,UNVR,RG,5000,100,D,EP,YU,D
14:35:51,UNVR,RG,5000,40,D,EP,YU,D
14:35:51,UNVR,RG,5000,1,D,YP,YU,D
14:35:51,UNVR,RG,5000,1,D,LS,YU,D
14:35:51,UNVR,RG,5000,1,D,YP,YU,D
14:35:51,UNVR,RG,5000,10,D,XL,YU,D
14:35:51,UNVR,RG,5000,3,F,CS,YU,D
14:35:51,UNVR,RG,5000,3,F,CS,YU,D
14:35:51,UNVR,RG,5000,500,D,MG,YU,D
14:35:51,UNVR,RG,5000,138,D,PD,YU,D
14:35:51,UNVR,RG,5000,1,D,PD,YU,D
14:35:51,UNVR,RG,5000,1,D,YP,YU,D
14:35:51,UNVR,RG,5000,22,D,AK,YU,D
14:35:51,UNVR,RG,5000,21,D,AK,YU,D
14:35:51,UNVR,RG,5000,513,D,YP,YU,D
14:35:51,UNVR,RG,5000,9,F,YU,YU,D
14:35:51,UNVR,RG,5000,1000,D,OD,YU,D
14:35:51,UNVR,RG,5000,10,D,DH,YU,D
14:35:51,UNVR,RG,5000,39,D,EP,YU,D
14:35:51,UNVR,RG,5000,43,D,KZ,YU,D
14:35:51,UNVR,RG,5000,6,D,XC,YU,D
14:35:51,UNVR,RG,5000,138,D,CC,YU,D
14:35:50,UNVR,RG,5000,4,D,CC,PD,D
14:35:49,UNVR,RG,5000,1,D,CC,SS,D
14:35:48,UNVR,RG,5000,5,D,CC,YP,D
14:35:45,UNVR,RG,5000,19,D,CC,YP,D
14:35:45,UNVR,RG,5000,23,D,CC,XC,D
14:35:45,UNVR,RG,5000,17,D,IF,XC,D
14:35:43,UNVR,RG,5000,21,D,IF,YP,D
14:35:42,UNVR,RG,5000,10,D,IF,GR,D
14:35:39,UNVR,RG,5000,1,D,IF,PD,D
14:35:37,UNVR,RG,5000,20,D,IF,SQ,D
14:35:37,UNVR,RG,5000,5,D,IF,OD,D
14:35:34,UNVR,RG,5000,2,D,IF,XL,D
14:35:34,UNVR,RG,5000,1,D,IF,YP,D
14:35:29,UNVR,RG,5000,8,D,IF,NI,D
14:35:27,UNVR,RG,5000,1,D,IF,CC,D
14:35:26,UNVR,RG,5000,114,D,IF,DR,D
14:35:26,UNVR,RG,5000,16,F,AK,DR,D
14:35:16,UNVR,RG,5000,12,F,AK,KK,D
14:35:16,UNVR,RG,5000,5,F,AK,XL,D
14:35:13,UNVR,RG,5000,1,F,AK,XC,D
14:35:08,UNVR,RG,5025,1,D,PC,MG,D
14:35:05,UNVR,RG,5000,3,F,AK,PD,D
14:35:02,UNVR,RG,5000,6,F,AK,XC,D
14:35:00,UNVR,RG,5025,38,D,CC,MG,D
14:35:00,UNVR,RG,5025,5,D,CC,XL,D
14:35:00,UNVR,RG,5025,20,D,CC,KK,D
14:35:00,UNVR,RG,5025,1,D,CC,GR,D
14:35:00,UNVR,RG,5025,2,D,CC,YP,D
14:35:00,UNVR,RG,5025,35,D,CC,KK,D
14:35:00,UNVR,RG,5025,10,D,CC,PD,D
14:35:00,UNVR,RG,5025,87,D,CC,YP,D
14:34:59,UNVR,RG,5000,23,F,AK,CC,D
14:34:59,UNVR,RG,5000,8,F,AK,PD,D
14:34:59,UNVR,RG,5000,1,F,AK,YP,D
14:34:51,UNVR,RG,5000,1,F,AK,XC,D
14:34:51,UNVR,RG,5000,4,F,AK,DH,D
14:34:51,UNVR,RG,5000,49,F,AK,PD,D
14:34:51,UNVR,RG,5000,20,F,AK,XL,D
14:34:51,UNVR,RG,5000,20,F,AK,GR,D
14:34:51,UNVR,RG,5000,1,F,AK,CC,D
14:34:51,UNVR,RG,5000,56,F,AK,CC,D
14:34:51,UNVR,RG,5000,20,F,AK,CC,D
14:34:51,UNVR,RG,5000,2,F,AK,XC,D
14:34:51,UNVR,RG,5000,163,F,AK,AK,F
14:34:51,UNVR,RG,5000,1,F,AK,PD,D
14:34:51,UNVR,RG,5000,8,F,AK,NI,D
14:34:51,UNVR,RG,5000,1,F,AK,XC,D
14:34:51,UNVR,RG,5000,10,F,AK,PD,D
14:34:51,UNVR,RG,5000,6,F,AK,XC,D
14:34:51,UNVR,RG,5000,10,F,AK,PD,D
14:34:51,UNVR,RG,5000,6,F,AK,AK,F
14:34:51,UNVR,RG,5000,5,F,AK,NI,D
14:34:51,UNVR,RG,5000,70,F,AK,YB,D
14:34:51,UNVR,RG,5000,1,F,AK,YP,D
14:34:51,UNVR,RG,5000,5,F,AK,GR,D
14:34:51,UNVR,RG,5000,5,F,AK,NI,D
14:34:51,UNVR,RG,5000,5,F,AK,AO,D
14:34:51,UNVR,RG,5000,3,F,AK,YP,D
14:34:51,UNVR,RG,5000,1,F,AK,XC,D
14:34:51,UNVR,RG,5000,3,F,AK,XC,D
14:34:51,UNVR,RG,5000,10,F,AK,YP,D
14:34:51,UNVR,RG,5000,1,F,AK,PD,D
14:34:51,UNVR,RG,5000,1,F,AK,KK,D
14:34:51,UNVR,RG,5000,5,F,AK,PD,D
14:34:51,UNVR,RG,5000,5,F,AK,DR,D
14:34:51,UNVR,RG,5000,35,F,AK,NI,D
14:34:51,UNVR,RG,5000,1,F,AK,SQ,D
14:34:51,UNVR,RG,5000,5,F,AK,BR,D
14:34:51,UNVR,RG,5000,4,F,AK,CC,D
14:34:51,UNVR,RG,5000,3,F,AK,PD,D
14:34:51,UNVR,RG,5000,76,F,AK,YU,D
14:34:51,UNVR,RG,5000,22,F,YU,YU,D
14:34:50,UNVR,RG,5000,2,D,OD,YU,D
14:34:50,UNVR,RG,5000,7,D,OD,SQ,D
14:34:50,UNVR,RG,5000,200,D,OD,CC,D
14:34:50,UNVR,RG,5000,50,D,OD,CC,D
14:34:50,UNVR,RG,5000,2,D,OD,AK,F
14:34:50,UNVR,RG,5000,5,D,OD,NI,D
14:34:50,UNVR,RG,5000,2,D,OD,NI,D
14:34:50,UNVR,RG,5000,1,D,OD,YP,D
14:34:50,UNVR,RG,5000,30,D,OD,TP,D
14:34:50,UNVR,RG,5000,15,D,OD,CC,D
14:34:50,UNVR,RG,5000,1,D,OD,GR,D
14:34:50,UNVR,RG,5000,5,D,OD,YP,D
14:34:50,UNVR,RG,5000,3,D,OD,YP,D
14:34:50,UNVR,RG,5000,1,D,OD,XC,D
14:34:50,UNVR,RG,5000,3,D,OD,GR,D
14:34:50,UNVR,RG,5000,60,D,OD,AI,D
14:34:50,UNVR,RG,5000,2,D,OD,NI,D
14:34:50,UNVR,RG,5000,2,D,OD,YP,D
14:34:50,UNVR,RG,5000,100,D,OD,IN,D
14:34:50,UNVR,RG,5000,2,D,OD,SQ,D
14:34:50,UNVR,RG,5000,100,D,OD,LS,D
14:34:50,UNVR,RG,5000,2,D,OD,KK,D
14:34:50,UNVR,RG,5000,10,D,OD,YP,D
14:34:50,UNVR,RG,5000,1,D,OD,DH,D
14:34:50,UNVR,RG,5000,1,D,OD,YP,D
14:34:50,UNVR,RG,5000,50,D,OD,YB,D
14:34:50,UNVR,RG,5000,1,D,OD,PD,D
14:34:50,UNVR,RG,5000,100,D,OD,MG,D
14:34:50,UNVR,RG,5000,1,D,OD,PD,D
14:34:50,UNVR,RG,5000,2,D,OD,PD,D
14:34:50,UNVR,RG,5000,40,D,OD,YJ,D
14:34:50,UNVR,RG,5000,2,D,XL,YJ,D
14:34:50,UNVR,RG,5000,58,D,DR,YJ,D
14:34:50,UNVR,RG,5000,43,D,DR,XL,D
14:34:50,UNVR,RG,5000,40,D,DR,AT,D
14:34:50,UNVR,RG,5000,1,D,DR,XC,D
14:34:50,UNVR,RG,5000,10,D,DR,CC,D
14:34:50,UNVR,RG,5000,5,D,DR,EP,D
14:34:50,UNVR,RG,5000,3,D,DR,YP,D
14:34:50,UNVR,RG,5000,1,D,DR,KK,D
14:34:50,UNVR,RG,5000,2,D,DR,PD,D
14:34:50,UNVR,RG,5000,11,D,DR,PD,D
14:34:50,UNVR,RG,5000,8,D,DR,AK,F
14:34:50,UNVR,RG,5000,2,D,DR,PD,D
14:34:50,UNVR,RG,5000,100,D,DR,YP,D
14:34:50,UNVR,RG,5000,10,D,DR,PD,D
14:34:50,UNVR,RG,5000,10,D,DR,YP,D
14:34:50,UNVR,RG,5000,10,D,DR,TP,D
14:34:50,UNVR,RG,5000,58,D,DR,AK,F
14:34:50,UNVR,RG,5000,10,D,DR,PD,D
14:34:50,UNVR,RG,5000,10,D,DR,DX,D
14:34:50,UNVR,RG,5000,21,D,DR,XC,D
14:34:50,UNVR,RG,5000,10,D,DR,LG,D
14:34:50,UNVR,RG,5000,2,D,DR,YP,D
14:34:50,UNVR,RG,5000,1,D,DR,YP,D
14:34:50,UNVR,RG,5000,3,D,DR,CC,D
14:34:50,UNVR,RG,5000,1,D,DR,XC,D
14:34:50,UNVR,RG,5000,2,D,DR,NI,D
14:34:50,UNVR,RG,5000,1,D,DR,DR,D
14:34:50,UNVR,RG,5000,10,D,DR,GR,D
14:34:50,UNVR,RG,5000,3,D,DR,AZ,D
14:34:50,UNVR,RG,5000,1,D,DR,YP,D
14:34:50,UNVR,RG,5000,65,D,DR,MU,D
14:34:50,UNVR,RG,5000,1,D,DR,XC,D
14:34:50,UNVR,RG,5000,2,D,DR,AK,F
14:34:50,UNVR,RG,5000,1,D,DR,YP,D
14:34:50,UNVR,RG,5000,2,D,DR,YP,D
14:34:50,UNVR,RG,5000,1,D,DR,SQ,D
14:34:50,UNVR,RG,5000,231,D,DR,PD,D
14:34:48,UNVR,RG,5000,49,D,EP,PD,D
14:34:45,UNVR,RG,5000,41,D,DX,PD,D
14:34:45,UNVR,RG,5000,5,D,DX,PD,D
14:34:45,UNVR,RG,5000,2,D,DX,YP,D
14:34:45,UNVR,RG,5000,1,D,DX,XC,D
14:34:45,UNVR,RG,5000,3,D,DX,PD,D
14:34:45,UNVR,RG,5000,15,D,DX,YP,D
14:34:45,UNVR,RG,5000,3,D,DX,XC,D
14:34:45,UNVR,RG,5000,1,D,DX,CC,D
14:34:45,UNVR,RG,5000,12,D,DX,KK,D
14:34:45,UNVR,RG,5000,35,D,DX,PD,D
14:34:45,UNVR,RG,5000,2,D,DX,PD,D
14:34:45,UNVR,RG,5000,1,D,DX,XL,D
14:34:45,UNVR,RG,5000,3,D,DX,PD,D
14:34:45,UNVR,RG,5000,2,D,DX,XC,D
14:34:45,UNVR,RG,5000,191,D,DX,YP,D
14:34:45,UNVR,RG,5000,128,D,DX,YP,D
14:34:45,UNVR,RG,5000,208,D,DX,YP,D
14:34:45,UNVR,RG,5000,24,D,DX,YP,D
14:34:45,UNVR,RG,5000,9,D,DX,YP,D
14:34:45,UNVR,RG,5000,2,D,DX,YP,D
14:34:45,UNVR,RG,5000,4,D,LG,YP,D
14:34:44,UNVR,RG,5000,44,D,KZ,YP,D
14:34:42,UNVR,RG,5000,1000,D,OD,YP,D
14:34:42,UNVR,RG,5000,20,D,YP,YP,D
14:34:41,UNVR,RG,5000,8,D,YP,YP,D
14:34:37,UNVR,RG,5000,114,D,AK,YP,D
14:34:37,UNVR,RG,4990,14,D,CC,CC,D
14:34:37,UNVR,RG,4990,2,D,YP,CC,D
14:34:37,UNVR,RG,4990,30,D,YB,CC,D
14:34:37,UNVR,RG,4990,8,D,IF,CC,D
14:34:36,UNVR,RG,4990,30,D,IF,XL,D
14:34:32,UNVR,RG,5000,96,D,CP,YP,D
14:34:29,UNVR,RG,5000,60,D,EP,YP,D
14:34:28,UNVR,RG,4990,5,D,IF,XC,D
14:34:28,UNVR,RG,4990,7,D,IF,YP,D
14:34:28,UNVR,RG,4990,10,D,YP,YP,D
14:34:28,UNVR,RG,4990,2,D,KK,YP,D
14:34:28,UNVR,RG,4990,1,D,XL,YP,D
14:34:27,UNVR,RG,5000,1,D,XC,YP,D
14:34:27,UNVR,RG,4990,4,D,XL,CC,D
14:34:26,UNVR,RG,5000,5,D,YP,YP,D
14:34:26,UNVR,RG,4990,15,D,XL,PD,D
14:34:26,UNVR,RG,4990,1,D,CC,PD,D
14:34:26,UNVR,RG,4990,1,D,LG,PD,D
14:34:26,UNVR,RG,4990,20,D,XA,PD,D
14:34:26,UNVR,RG,4990,1,D,YU,PD,D
14:34:26,UNVR,RG,4990,1,D,XC,PD,D
14:34:26,UNVR,RG,4990,2,D,PD,PD,D
14:34:26,UNVR,RG,4990,27,D,CC,PD,D
14:34:26,UNVR,RG,4990,1,D,PD,PD,D
14:34:26,UNVR,RG,4990,2,D,XL,PD,D
14:34:26,UNVR,RG,4990,1,D,CC,PD,D
14:34:26,UNVR,RG,4990,1,D,YP,PD,D
14:34:26,UNVR,RG,4990,1,D,PD,PD,D
14:34:26,UNVR,RG,4990,1,D,PD,PD,D
14:34:26,UNVR,RG,4990,93,D,CC,PD,D
14:34:22,UNVR,RG,5000,1,D,YP,YP,D
14:34:20,UNVR,RG,5000,5,D,CC,YP,D
14:34:13,UNVR,RG,5000,63,D,YP,YP,D
14:34:12,UNVR,RG,4990,3,D,CC,CC,D
14:34:09,UNVR,RG,4990,20,D,CC,XC,D
14:34:05,UNVR,RG,4990,20,D,CC,XL,D
14:34:04,UNVR,RG,4990,2,D,CC,PD,D
14:34:04,UNVR,RG,4990,6,D,CC,XL,D
14:34:01,UNVR,RG,4990,5,D,AZ,PD,D
14:33:56,UNVR,RG,4990,2,D,AZ,KK,D
14:33:53,UNVR,RG,5000,10,D,PD,YP,D
14:33:48,UNVR,RG,5000,7,D,DR,YP,D
14:33:48,UNVR,RG,5000,1,D,DR,XC,D
14:33:48,UNVR,RG,5000,1,D,DR,YP,D
14:33:48,UNVR,RG,5000,11,D,DR,EP,D
14:33:43,UNVR,RG,5000,1,D,AT,EP,D
14:33:43,UNVR,RG,4990,3,D,AZ,DR,D
14:33:42,UNVR,RG,5000,63,D,YP,EP,D
14:33:42,UNVR,RG,5000,10,D,YP,CC,D
14:33:42,UNVR,RG,5000,2,D,YP,XC,D
14:33:42,UNVR,RG,5000,2,D,YP,XC,D
14:33:42,UNVR,RG,5000,2,D,YP,XC,D
14:33:42,UNVR,RG,5000,50,D,YP,YP,D
14:33:42,UNVR,RG,5000,71,D,YP,NI,D
14:33:40,UNVR,RG,5000,27,D,LG,NI,D
14:33:38,UNVR,RG,4990,5,D,AZ,DR,D
14:33:33,UNVR,RG,4990,13,D,AZ,EP,D
14:33:31,UNVR,RG,5000,7,D,EP,NI,D
14:33:30,UNVR,RG,5000,20,D,EP,NI,D
14:33:27,UNVR,RG,5000,2,D,PD,NI,D
14:33:27,UNVR,RG,5000,73,D,CC,NI,D
14:33:27,UNVR,RG,5000,2,D,CC,GR,D
14:33:23,UNVR,RG,4990,51,D,AZ,CC,D
14:33:22,UNVR,RG,4990,6,D,AZ,LG,D
14:33:21,UNVR,RG,4990,15,D,AZ,CC,D
14:33:21,UNVR,RG,4990,5,D,OD,CC,D
14:33:19,UNVR,RG,5000,10,D,KK,GR,D
14:33:18,UNVR,RG,5000,5,D,PD,GR,D
14:33:16,UNVR,RG,5000,8,D,RX,GR,D
14:33:16,UNVR,RG,5000,25,D,RX,NI,D
14:33:16,UNVR,RG,5000,1,D,RX,YP,D
14:33:16,UNVR,RG,5000,1,D,RX,HP,D
14:33:16,UNVR,RG,5000,45,D,RX,YP,D
14:33:16,UNVR,RG,5000,15,D,RX,XC,D
14:33:16,UNVR,RG,5000,1,D,RX,GR,D
14:33:16,UNVR,RG,5000,100,D,RX,AF,D
14:33:16,UNVR,RG,5000,30,D,RX,YP,D
14:33:16,UNVR,RG,5000,30,D,RX,YP,D
14:33:16,UNVR,RG,5000,1,D,RX,LG,D
14:33:16,UNVR,RG,5000,1,D,RX,PG,D
14:33:16,UNVR,RG,5000,10,D,RX,PD,D
14:33:16,UNVR,RG,5000,3,D,RX,AR,D
14:33:16,UNVR,RG,5000,448,D,RX,DR,D
14:33:16,UNVR,RG,5000,251,D,RX,DR,D
14:33:16,UNVR,RG,5000,301,D,RX,DR,D
14:33:16,UNVR,RG,5000,23,D,RX,CC,D
14:33:16,UNVR,RG,5000,20,D,RX,BQ,D
14:33:16,UNVR,RG,5000,1,D,RX,XC,D
14:33:16,UNVR,RG,5000,7,D,RX,CC,D
14:33:16,UNVR,RG,5000,85,D,RX,PD,D
14:33:16,UNVR,RG,5000,1,D,RX,PD,D
14:33:16,UNVR,RG,5000,5,D,RX,YP,D
14:33:16,UNVR,RG,5000,2,D,RX,XC,D
14:33:16,UNVR,RG,5000,25,D,RX,PD,D
14:33:16,UNVR,RG,5000,10,D,RX,XL,D
14:33:16,UNVR,RG,5000,20,D,RX,CC,D
14:33:16,UNVR,RG,5000,150,D,RX,CC,D
14:33:16,UNVR,RG,5000,30,D,RX,YP,D
14:33:16,UNVR,RG,5000,10,D,RX,YP,D
14:33:16,UNVR,RG,5000,3,D,RX,PD,D
14:33:16,UNVR,RG,5000,50,D,RX,AG,D
14:33:16,UNVR,RG,5000,2,D,RX,AK,F
14:33:16,UNVR,RG,5000,6,D,RX,PD,D
14:33:16,UNVR,RG,5000,8,D,RX,AK,F
14:33:16,UNVR,RG,5000,10,D,RX,XL,D
14:33:16,UNVR,RG,5000,10,D,RX,SQ,D
14:33:16,UNVR,RG,5000,4,D,RX,YP,D
14:33:16,UNVR,RG,5000,10,D,RX,YP,D
14:33:16,UNVR,RG,5000,150,D,RX,XC,D
14:33:16,UNVR,RG,5000,20,D,RX,YP,D
14:33:16,UNVR,RG,5000,59,D,RX,AK,F
14:33:16,UNVR,RG,5000,2,D,RX,XC,D
14:33:16,UNVR,RG,5000,2,D,RX,XL,D
14:33:16,UNVR,RG,5000,1,D,RX,YP,D
14:33:16,UNVR,RG,5000,1,D,RX,PD,D
14:33:16,UNVR,RG,5000,5,D,RX,XC,D
14:33:16,UNVR,RG,5000,1,D,RX,RO,D
14:33:16,UNVR,RG,5000,6,D,RX,CC,D
14:33:16,UNVR,RG,5000,2,D,RX,LG,D
14:33:16,UNVR,RG,5000,2,D,RX,XC,D
14:33:16,UNVR,RG,5000,1,D,RX,NI,D
14:33:16,UNVR,RG,5000,200,D,RX,TF,D
14:33:16,UNVR,RG,5000,4,D,RX,AZ,D
14:33:15,UNVR,RG,5000,1,D,PD,AZ,D
14:33:14,UNVR,RG,5000,3,D,HP,AZ,D
14:33:13,UNVR,RG,4990,1,D,EP,DH,D
14:33:13,UNVR,RG,4990,4,D,DH,DH,D
14:33:13,UNVR,RG,5000,2,D,LG,AZ,D
14:33:12,UNVR,RG,5000,2,D,YP,AZ,D
14:33:11,UNVR,RG,4990,5,D,DH,PD,D
14:33:10,UNVR,RG,5000,32,D,XA,AZ,D
14:33:10,UNVR,RG,5000,1,D,XA,PD,D
14:33:10,UNVR,RG,5000,5,D,XA,KK,D
14:33:10,UNVR,RG,5000,7,D,XA,XC,D
14:33:10,UNVR,RG,5000,5,D,XA,EP,D
14:33:10,UNVR,RG,5000,1,D,XA,IF,D
14:33:10,UNVR,RG,5000,1,D,XA,CC,D
14:33:10,UNVR,RG,5000,5,D,XA,LG,D
14:33:10,UNVR,RG,5000,2,D,XA,YP,D
14:33:10,UNVR,RG,5000,1,D,XA,XC,D
14:33:10,UNVR,RG,5000,1,D,XA,CC,D
14:33:10,UNVR,RG,5000,2,D,XA,PD,D
14:33:06,UNVR,RG,4990,1,D,DH,YP,D
14:33:06,UNVR,RG,4990,3,D,YP,YP,D
14:33:06,UNVR,RG,4990,5,D,EP,YP,D
14:33:06,UNVR,RG,4990,1,D,XL,YP,D
14:33:04,UNVR,RG,4990,1,D,XL,YP,D
14:33:04,UNVR,RG,4990,19,D,IF,YP,D
14:33:02,UNVR,RG,4990,61,D,IF,YP,D
14:33:00,UNVR,RG,4990,10,D,IF,SQ,D
14:33:00,UNVR,RG,4990,15,D,IF,YP,D
14:32:59,UNVR,RG,5000,8,D,BQ,PD,D
14:32:59,UNVR,RG,5000,2,D,BQ,DR,D
14:32:58,UNVR,RG,4990,2,D,IF,KK,D
14:32:58,UNVR,RG,4990,20,D,IF,YP,D
14:32:58,UNVR,RG,4990,1,D,IF,YP,D
14:32:58,UNVR,RG,4990,10,D,IF,SQ,D
14:32:53,UNVR,RG,4990,5,D,IF,XL,D
14:32:45,UNVR,RG,4990,5,D,IF,XC,D
14:32:44,UNVR,RG,5000,20,D,BQ,DR,D
14:32:44,UNVR,RG,5000,2,D,YB,DR,D
14:32:40,UNVR,RG,4990,1,D,IF,YP,D
14:32:38,UNVR,RG,4990,1,D,IF,PD,D
14:32:38,UNVR,RG,4990,2,D,LG,PD,D
14:32:38,UNVR,RG,4990,1,D,DH,PD,D
14:32:38,UNVR,RG,4990,2,D,YP,PD,D
14:32:38,UNVR,RG,4990,1,D,YP,PD,D
14:32:38,UNVR,RG,4990,1,D,XL,PD,D
14:32:38,UNVR,RG,4990,1,D,YP,PD,D
14:32:38,UNVR,RG,5000,20,D,PD,DR,D
14:32:37,UNVR,RG,4990,20,D,YP,LG,D
14:32:36,UNVR,RG,4990,4,D,YP,YP,D
14:32:36,UNVR,RG,4990,14,D,PD,YP,D
14:32:36,UNVR,RG,4990,5,D,CC,YP,D
14:32:36,UNVR,RG,4990,7,D,PD,YP,D
14:32:32,UNVR,RG,4990,2,D,PD,CC,D
14:32:32,UNVR,RG,4990,2,D,XC,CC,D
14:32:32,UNVR,RG,4990,20,D,EP,CC,D
14:32:32,UNVR,RG,4990,2,D,EP,CC,D
14:32:32,UNVR,RG,4990,20,D,CC,CC,D
14:32:32,UNVR,RG,4990,38,D,PD,CC,D
14:32:32,UNVR,RG,4990,3,D,CC,CC,D
14:32:32,UNVR,RG,4990,1,D,XC,CC,D
14:32:32,UNVR,RG,4990,5,D,LG,CC,D
14:32:32,UNVR,RG,4990,40,D,YB,CC,D
14:32:32,UNVR,RG,4990,39,D,YP,CC,D
14:32:28,UNVR,RG,4990,1,D,YP,NI,D
14:32:25,UNVR,RG,4990,6,D,YP,KK,D
14:32:24,UNVR,RG,4990,4,D,YP,XC,D
14:32:24,UNVR,RG,4990,1,D,YP,XC,D
14:32:24,UNVR,RG,4990,4,D,CC,XC,D
14:32:23,UNVR,RG,5000,10,D,HP,DR,D
14:32:11,UNVR,RG,4990,1,D,XC,NI,D
14:32:11,UNVR,RG,4990,1,D,YB,NI,D
14:32:11,UNVR,RG,4990,10,D,EP,NI,D
14:32:11,UNVR,RG,4990,38,D,EP,NI,D
14:32:10,UNVR,RG,4990,1,D,EP,PC,D
14:32:09,UNVR,RG,5000,20,D,DH,DR,D
14:32:07,UNVR,RG,4990,16,D,EP,CC,D
14:32:07,UNVR,RG,4990,44,D,DR,CC,D
14:32:02,UNVR,RG,5000,1,D,LG,DR,D
14:32:02,UNVR,RG,4990,1,D,DR,CC,D
14:32:01,UNVR,RG,4990,2,D,DR,HP,D
14:31:54,UNVR,RG,5000,20,D,DR,DR,D
14:31:50,UNVR,RG,4990,3,D,DR,PD,D
14:31:50,UNVR,RG,4990,7,D,EP,PD,D
14:31:49,UNVR,RG,4990,1,D,EP,XC,D
14:31:48,UNVR,RG,4990,10,D,EP,PD,D
14:31:48,UNVR,RG,4990,45,D,EP,AK,F
14:31:47,UNVR,RG,4990,62,D,EP,YP,D
14:31:47,UNVR,RG,4990,111,D,KK,YP,D
14:31:47,UNVR,RG,4990,27,F,CS,YP,D
14:31:43,UNVR,RG,4990,1,F,CS,YP,D
14:31:39,UNVR,RG,4990,10,F,CS,CC,D
14:31:38,UNVR,RG,5000,14,D,SQ,DR,D
14:31:37,UNVR,RG,4990,25,F,CS,CC,D
14:31:35,UNVR,RG,4990,4,F,CS,YP,D
14:31:32,UNVR,RG,4990,7,F,CS,PD,D
14:31:31,UNVR,RG,4990,8,F,CS,DH,D
14:31:25,UNVR,RG,4990,2,F,CS,XC,D
14:31:24,UNVR,RG,5000,2,D,LG,DR,D
14:31:24,UNVR,RG,4990,1,F,CS,CC,D
14:31:24,UNVR,RG,5000,1,D,EP,DR,D
14:31:24,UNVR,RG,4990,5,F,CS,NI,D
14:31:24,UNVR,RG,5000,1,D,CC,DR,D
14:31:23,UNVR,RG,4990,20,F,CS,YP,D
14:31:21,UNVR,RG,5000,2,D,PD,DR,D
14:31:12,UNVR,RG,4990,50,F,CS,NI,D
14:31:10,UNVR,RG,5000,10,D,PD,DR,D
14:31:09,UNVR,RG,4990,3,F,CS,CC,D
14:31:09,UNVR,RG,5000,60,D,EP,DR,D
14:31:06,UNVR,RG,4990,2,F,CS,CC,D
14:31:06,UNVR,RG,4990,1,F,CS,PD,D
14:31:05,UNVR,RG,5000,15,D,YP,DR,D
14:31:05,UNVR,RG,5000,2,D,YP,PD,D
14:31:05,UNVR,RG,5000,1,D,YP,YP,D
14:31:05,UNVR,RG,5000,3,D,YP,PD,D
14:31:05,UNVR,RG,5000,1,D,YP,CC,D
14:31:05,UNVR,RG,5000,5,D,YP,PD,D
14:30:56,UNVR,RG,4990,10,F,CS,CC,D
14:30:54,UNVR,RG,5000,31,D,DR,PD,D
14:30:54,UNVR,RG,5000,1,D,DR,NI,D
14:30:54,UNVR,RG,5000,5,D,DR,DH,D
14:30:49,UNVR,RG,4990,1,F,CS,CC,D
14:30:48,UNVR,RG,4990,54,F,CS,CC,D
14:30:43,UNVR,RG,4990,1,F,CS,CC,D
14:30:37,UNVR,RG,4990,5,F,CS,NI,D
14:30:28,UNVR,RG,5000,1,D,SQ,DH,D
14:30:28,UNVR,RG,4990,4,F,CS,YP,D
14:30:26,UNVR,RG,5000,9,D,CC,DH,D
14:30:26,UNVR,RG,5000,1,D,CC,SQ,D
14:30:25,UNVR,RG,5000,4,D,AZ,SQ,D
14:30:25,UNVR,RG,5000,5,D,AZ,YP,D
14:30:25,UNVR,RG,5000,15,D,AZ,CC,D
14:30:25,UNVR,RG,4990,2,F,CS,CC,D
14:30:22,UNVR,RG,4990,7,F,CS,MK,D
14:30:19,UNVR,RG,4990,1,F,CS,CC,D
14:30:18,UNVR,RG,4990,80,F,CS,YP,D
14:30:09,UNVR,RG,5000,5,D,LG,CC,D
14:30:07,UNVR,RG,5000,10,D,EP,CC,D
14:30:07,UNVR,RG,5000,5,D,EP,YP,D
14:30:07,UNVR,RG,5000,1,D,EP,EP,D
14:30:07,UNVR,RG,5000,19,D,EP,XL,D
14:30:07,UNVR,RG,5000,1,D,EP,YP,D
14:30:07,UNVR,RG,5000,6,D,EP,XC,D
14:30:05,UNVR,RG,5000,14,D,YP,XC,D
14:30:05,UNVR,RG,5000,50,D,YP,YP,D
14:30:05,UNVR,RG,5000,10,D,YP,KZ,D
14:30:05,UNVR,RG,5000,1,D,YP,PD,D
14:30:05,UNVR,RG,5000,5,D,YP,PD,D
14:30:05,UNVR,RG,5000,28,D,YP,NI,D
14:30:05,UNVR,RG,5000,192,D,YP,KZ,D
14:30:05,UNVR,RG,4990,10,F,CS,KK,D
14:30:01,UNVR,RG,5000,2,D,OD,KZ,D
14:30:00,UNVR,RG,5000,24,D,CC,KZ,D
14:29:59,UNVR,RG,5000,20,D,YP,KZ,D
14:29:56,UNVR,RG,4990,1,F,CS,CC,D
14:29:55,UNVR,RG,5000,10,D,YB,KZ,D
14:29:46,UNVR,RG,5000,9,D,YP,KZ,D
14:29:45,UNVR,RG,4990,1,F,CS,LG,D
14:29:44,UNVR,RG,5000,20,D,PD,KZ,D
14:29:43,UNVR,RG,5000,2,D,YU,KZ,D
14:29:38,UNVR,RG,5000,1,D,XC,KZ,D
14:29:36,UNVR,RG,4990,1,F,CS,YP,D
14:29:34,UNVR,RG,4990,1,F,CS,NI,D
14:29:33,UNVR,RG,4990,46,F,CS,CC,D
14:29:30,UNVR,RG,4990,10,F,CS,YP,D
14:29:27,UNVR,RG,5000,100,D,EP,KZ,D
14:29:21,UNVR,RG,5000,19,D,YP,KZ,D
14:29:18,UNVR,RG,5000,10,D,YP,KZ,D
14:29:05,UNVR,RG,5000,400,D,YP,KZ,D
14:29:00,UNVR,RG,5000,141,D,CC,KZ,D
14:28:59,UNVR,RG,4990,30,F,CS,YP,D
14:28:59,UNVR,RG,4990,70,F,CS,YP,D
14:28:56,UNVR,RG,4990,12,F,CS,XL,D
14:28:53,UNVR,RG,5000,8,D,KK,KZ,D
14:28:51,UNVR,RG,5000,4,D,PD,KZ,D
14:28:50,UNVR,RG,4990,2,F,CS,LG,D
14:28:48,UNVR,RG,4990,100,F,CS,YU,D
14:28:46,UNVR,RG,5000,100,D,AZ,KZ,D
14:28:42,UNVR,RG,5000,63,D,EP,KZ,D
14:28:39,UNVR,RG,4990,5,F,CS,XL,D
14:28:28,UNVR,RG,4990,50,F,CS,CC,D
14:28:26,UNVR,RG,5000,5,D,YP,KZ,D
14:28:19,UNVR,RG,5000,180,D,ZP,KZ,D
14:28:19,UNVR,RG,5000,6,D,ZP,DR,D
14:28:19,UNVR,RG,5000,1,D,ZP,DH,D
14:28:19,UNVR,RG,5000,10,D,ZP,YP,D
14:28:19,UNVR,RG,5000,10,D,ZP,AI,D
14:28:19,UNVR,RG,5000,2,D,ZP,AK,F
14:28:19,UNVR,RG,5000,11,D,ZP,XC,D
14:28:19,UNVR,RG,5000,30,D,ZP,PD,D
14:28:19,UNVR,RG,5000,13,D,ZP,KK,D
14:28:19,UNVR,RG,5000,50,D,ZP,CC,D
14:28:19,UNVR,RG,5000,17,D,ZP,CC,D
14:28:19,UNVR,RG,5000,10,D,ZP,SQ,D
14:28:19,UNVR,RG,5000,2,D,ZP,XL,D
14:28:19,UNVR,RG,5000,2,D,ZP,ZP,D
14:28:19,UNVR,RG,5000,1,D,ZP,PD,D
14:28:19,UNVR,RG,5000,3,D,ZP,CC,D
14:28:19,UNVR,RG,5000,10,D,ZP,YP,D
14:28:19,UNVR,RG,5000,1,D,ZP,XC,D
14:28:19,UNVR,RG,5000,40,D,ZP,NI,D
14:28:19,UNVR,RG,5000,5,D,ZP,YP,D
14:28:19,UNVR,RG,5000,1,D,ZP,EP,D
14:28:19,UNVR,RG,5000,1,D,ZP,KK,D
14:28:19,UNVR,RG,5000,8,D,ZP,XL,D
14:28:19,UNVR,RG,5000,400,D,ZP,FS,D
14:28:19,UNVR,RG,5000,1,D,ZP,NI,D
14:28:19,UNVR,RG,5000,5,D,ZP,KK,D
14:28:19,UNVR,RG,5000,5,D,ZP,CC,D
14:28:19,UNVR,RG,5000,50,D,ZP,NI,D
14:28:19,UNVR,RG,5000,125,D,ZP,LG,D
14:28:19,UNVR,RG,4990,57,F,CS,CC,D
14:28:15,UNVR,RG,4990,5,F,CS,PD,D
14:28:07,UNVR,RG,4990,5,F,CS,YP,D
14:28:06,UNVR,RG,4990,6,F,CS,TP,D
14:28:04,UNVR,RG,5000,1,D,YP,LG,D
14:28:01,UNVR,RG,4990,2,F,CS,NI,D
14:27:59,UNVR,RG,4990,2,F,CS,YP,D
14:27:57,UNVR,RG,5000,20,D,LG,LG,D
14:27:52,UNVR,RG,5000,40,D,PD,LG,D
14:27:51,UNVR,RG,5000,3,D,EP,LG,D
14:27:47,UNVR,RG,4990,1,F,CS,YP,D
14:27:47,UNVR,RG,4990,100,F,CS,SQ,D
14:27:46,UNVR,RG,4990,1,F,CS,XL,D
14:27:37,UNVR,RG,5000,811,D,GR,LG,D
14:27:37,UNVR,RG,5000,3,D,GR,KK,D
14:27:37,UNVR,RG,5000,2,D,GR,YP,D
14:27:37,UNVR,RG,5000,20,D,GR,KK,D
14:27:37,UNVR,RG,5000,11,D,GR,PD,D
14:27:37,UNVR,RG,5000,7,D,GR,AK,F
14:27:37,UNVR,RG,5000,61,D,GR,AK,F
14:27:37,UNVR,RG,5000,2,D,GR,AK,F
14:27:37,UNVR,RG,5000,4,D,GR,AK,F
14:27:37,UNVR,RG,5000,1,D,GR,NI,D
14:27:37,UNVR,RG,5000,8,D,GR,AK,F
14:27:37,UNVR,RG,5000,500,D,GR,DR,D
14:27:37,UNVR,RG,5000,1,D,GR,YP,D
14:27:37,UNVR,RG,5000,569,D,GR,CC,D
14:27:37,UNVR,RG,4990,3,F,CS,CC,D
14:27:35,UNVR,RG,4990,10,F,CS,BQ,D
14:27:33,UNVR,RG,4990,5,F,CS,XL,D
14:27:22,UNVR,RG,4990,1,F,CS,DH,D
14:27:21,UNVR,RG,4990,1,F,CS,YP,D
14:27:20,UNVR,RG,5000,30,D,EP,CC,D
14:27:15,UNVR,RG,4990,100,F,CS,GR,D
14:27:14,UNVR,RG,5000,5,D,PD,CC,D
14:27:13,UNVR,RG,4990,1,F,CS,PD,D
14:27:13,UNVR,RG,4990,9,D,EP,PD,D
14:27:09,UNVR,RG,4990,24,D,EP,DH,D
14:27:09,UNVR,RG,4990,1,D,CC,DH,D
14:27:04,UNVR,RG,5000,6,D,KK,CC,D
14:27:03,UNVR,RG,4990,105,D,CC,PD,D
14:27:02,UNVR,RG,4990,1,D,CC,NI,D
14:27:02,UNVR,RG,5000,4,D,PD,CC,D
14:27:00,UNVR,RG,5000,2,D,XC,CC,D
14:26:58,UNVR,RG,5000,20,D,YP,CC,D
14:26:53,UNVR,RG,5000,10,D,YP,CC,D
14:26:51,UNVR,RG,5000,5,D,YB,CC,D
14:26:49,UNVR,RG,5000,15,D,EP,CC,D
14:26:47,UNVR,RG,5000,5,D,YP,CC,D
14:26:47,UNVR,RG,5000,74,D,EP,CC,D
14:26:43,UNVR,RG,5000,4,D,KK,CC,D
14:26:42,UNVR,RG,5000,1,D,YP,CC,D
14:26:41,UNVR,RG,4990,1,D,CC,YP,D
14:26:36,UNVR,RG,5000,1,D,AZ,CC,D
14:26:34,UNVR,RG,5000,10,D,HP,CC,D
14:26:34,UNVR,RG,5000,4,F,YU,CC,D
14:26:34,UNVR,RG,5000,1,D,PD,CC,D
14:26:34,UNVR,RG,5000,1,D,ZP,CC,D
14:26:34,UNVR,RG,5000,10,D,YP,CC,D
14:26:34,UNVR,RG,5000,3,D,NI,CC,D
14:26:34,UNVR,RG,5000,44,D,KZ,CC,D
14:26:34,UNVR,RG,5000,176,D,CC,CC,D
14:26:34,UNVR,RG,5000,1,F,YU,CC,D
14:26:34,UNVR,RG,5000,170,F,AK,CC,D
14:26:34,UNVR,RG,5000,9,F,CS,CC,D
14:26:34,UNVR,RG,5000,820,D,GR,CC,D
14:26:31,UNVR,RG,5025,10,D,NI,YP,D
14:26:30,UNVR,RG,5000,100,D,GR,AT,D
14:26:28,UNVR,RG,5000,6,D,GR,PD,D
14:26:28,UNVR,RG,5000,5,D,GR,OD,D
14:26:28,UNVR,RG,5000,20,D,GR,PD,D
14:26:28,UNVR,RG,5000,20,D,GR,SQ,D
14:26:27,UNVR,RG,5000,2,D,GR,PD,D
14:26:21,UNVR,RG,5000,5,D,GR,DX,D
14:26:18,UNVR,RG,5025,3,D,YP,YP,D
14:26:18,UNVR,RG,5025,4,D,YP,CC,D
14:26:18,UNVR,RG,5000,5,D,GR,YP,D
14:26:15,UNVR,RG,5000,17,D,GR,CC,D
14:26:15,UNVR,RG,5000,2,D,GR,LG,D
14:26:15,UNVR,RG,5000,360,D,GR,YP,D
14:26:15,UNVR,RG,5000,1,D,GR,XC,D
14:26:15,UNVR,RG,5000,4,D,GR,CC,D
14:26:15,UNVR,RG,5000,300,D,GR,CP,D
14:26:15,UNVR,RG,5000,10,D,GR,PD,D
14:26:15,UNVR,RG,5000,1,D,GR,XC,D
14:26:15,UNVR,RG,5000,25,D,GR,AT,D
14:26:15,UNVR,RG,5000,1,D,GR,YB,D
14:26:15,UNVR,RG,5000,20,D,GR,EP,D
14:26:15,UNVR,RG,5000,1,D,GR,NI,D
14:26:15,UNVR,RG,5000,10,D,GR,YP,D
14:26:15,UNVR,RG,5000,10,D,GR,CC,D
14:26:15,UNVR,RG,5000,3,D,GR,KK,D
14:26:15,UNVR,RG,5000,50,D,GR,CC,D
14:26:15,UNVR,RG,5000,50,D,GR,DR,D
14:26:15,UNVR,RG,5000,6,D,GR,AK,F
14:26:15,UNVR,RG,5000,53,D,GR,AK,F
14:26:15,UNVR,RG,5000,2,D,GR,AK,F
14:26:15,UNVR,RG,5000,91,D,GR,AO,D
14:26:10,UNVR,RG,5000,1,D,XC,AO,D
14:26:09,UNVR,RG,5000,2,D,PC,AO,D
14:26:05,UNVR,RG,5000,20,D,YP,AO,D
14:26:03,UNVR,RG,5000,1,D,NI,AO,D
14:26:03,UNVR,RG,5000,30,D,KK,AO,D
14:26:01,UNVR,RG,5000,1,D,PD,AO,D
14:26:00,UNVR,RG,5000,50,D,NI,AO,D
14:26:00,UNVR,RG,5000,4,D,PD,AO,D
14:26:00,UNVR,RG,5000,1,D,PD,ZP,D
14:25:57,UNVR,RG,5000,100,F,BK,SQ,D
14:25:57,UNVR,RG,5000,58,F,BK,CC,D
14:25:57,UNVR,RG,5000,156,F,BK,NI,D
14:25:57,UNVR,RG,5000,85,D,YP,NI,D
14:25:57,UNVR,RG,5000,4,D,MG,NI,D
14:25:55,UNVR,RG,5000,5,D,PD,NI,D
14:25:55,UNVR,RG,5000,4,D,PD,YP,D
14:25:55,UNVR,RG,5000,1,D,PD,EP,D
14:25:53,UNVR,RG,5000,4,D,EP,EP,D
14:25:53,UNVR,RG,5000,14,D,EP,NI,D
14:25:53,UNVR,RG,5000,1,D,EP,NI,D
14:25:53,UNVR,RG,5000,36,D,EP,DR,D
14:25:53,UNVR,RG,5000,1,D,EP,XC,D
14:25:53,UNVR,RG,5000,1,D,EP,YP,D
14:25:53,UNVR,RG,5000,2,D,EP,OD,D
14:25:53,UNVR,RG,5000,2,D,PC,OD,D
14:25:49,UNVR,RG,4990,46,D,CC,CC,D
14:25:48,UNVR,RG,5000,10,D,YP,OD,D
14:25:46,UNVR,RG,5000,4,F,YU,OD,D
14:25:46,UNVR,RG,5000,1,D,YP,OD,D
14:25:46,UNVR,RG,5000,3,D,LG,OD,D
14:25:46,UNVR,RG,5000,43,D,CC,OD,D
14:25:44,UNVR,RG,5000,57,D,CC,FS,D
14:25:44,UNVR,RG,5000,179,D,EP,FS,D
14:25:44,UNVR,RG,5000,5,D,PD,FS,D
14:25:44,UNVR,RG,5000,10,D,SQ,FS,D
14:25:44,UNVR,RG,5000,136,D,EP,FS,D
14:25:44,UNVR,RG,5000,1,D,PD,FS,D
14:25:44,UNVR,RG,5000,1,D,YU,FS,D
14:25:44,UNVR,RG,5000,50,D,KK,FS,D
14:25:44,UNVR,RG,5000,23,D,AK,FS,D
14:25:44,UNVR,RG,5000,6,D,XC,FS,D
14:25:44,UNVR,RG,5000,10,D,KK,FS,D
14:25:44,UNVR,RG,5000,2,D,XC,FS,D
14:25:44,UNVR,RG,5000,1,D,DR,FS,D
14:25:44,UNVR,RG,5000,50,D,YP,FS,D
14:25:44,UNVR,RG,5000,1,F,YU,FS,D
14:25:44,UNVR,RG,5000,200,D,AZ,FS,D
14:25:44,UNVR,RG,5000,20,D,NI,FS,D
14:25:44,UNVR,RG,5000,15,D,LG,FS,D
14:25:44,UNVR,RG,5000,80,D,EP,FS,D
14:25:44,UNVR,RG,5000,14,F,CS,FS,D
14:25:44,UNVR,RG,5000,139,D,OD,FS,D
14:25:40,UNVR,RG,5000,20,D,OD,DH,D
14:25:38,UNVR,RG,5000,50,D,OD,PD,D
14:25:38,UNVR,RG,5000,1,D,OD,YP,D
14:25:37,UNVR,RG,5000,2,D,OD,YP,D
14:25:36,UNVR,RG,5000,10,D,OD,YP,D
14:25:33,UNVR,RG,5000,1,D,OD,CC,D
14:25:32,UNVR,RG,5000,15,D,OD,DR,D
14:25:31,UNVR,RG,5000,10,D,OD,CC,D
14:25:30,UNVR,RG,5025,1,D,PD,CC,D
14:25:27,UNVR,RG,5000,100,D,OD,NI,D
14:25:26,UNVR,RG,5000,1,D,OD,NI,D
14:25:22,UNVR,RG,5000,1,D,OD,YP,D
14:25:21,UNVR,RG,5000,3,D,OD,CC,D
14:25:21,UNVR,RG,5000,2,D,OD,YP,D
14:25:21,UNVR,RG,5000,100,D,OD,CC,D
14:25:18,UNVR,RG,5000,5,D,OD,NI,D
14:25:14,UNVR,RG,5000,1,D,OD,XC,D
14:25:11,UNVR,RG,5000,1,D,OD,NI,D
14:25:10,UNVR,RG,5000,7,D,OD,XC,D
14:25:09,UNVR,RG,5000,1,D,OD,YB,D
14:25:09,UNVR,RG,5025,6,D,YP,CC,D
14:25:07,UNVR,RG,5000,1,D,OD,YP,D
14:25:05,UNVR,RG,5000,10,D,OD,MK,D
14:25:05,UNVR,RG,5025,5,D,PD,CC,D
14:25:04,UNVR,RG,5025,4,D,XL,CC,D
14:25:04,UNVR,RG,5000,20,D,OD,DH,D
14:25:02,UNVR,RG,5000,499,D,OD,YU,D
14:25:02,UNVR,RG,5000,200,D,YP,YU,D
14:25:02,UNVR,RG,5000,10,D,EP,YU,D
14:25:02,UNVR,RG,5000,50,D,HP,YU,D
14:25:02,UNVR,RG,5000,1,D,PD,YU,D
14:25:02,UNVR,RG,5000,6,D,HP,YU,D
14:25:02,UNVR,RG,5000,1,D,AZ,YU,D
14:25:02,UNVR,RG,5000,250,D,PD,YU,D
14:25:02,UNVR,RG,5000,5,D,EP,YU,D
14:25:02,UNVR,RG,5000,151,D,XC,YU,D
14:25:02,UNVR,RG,5000,2,F,CC,YU,D
14:25:02,UNVR,RG,5000,4,D,LG,YU,D
14:25:02,UNVR,RG,5000,4,D,LG,YU,D
14:25:02,UNVR,RG,5000,20,D,XL,YU,D
14:25:02,UNVR,RG,5000,1,D,LG,YU,D
14:25:02,UNVR,RG,5000,1,D,XC,YU,D
14:25:02,UNVR,RG,5000,10,D,PC,YU,D
14:25:02,UNVR,RG,5000,10,D,XC,YU,D
14:25:02,UNVR,RG,5000,2,D,YP,YU,D
14:25:02,UNVR,RG,5000,200,D,MG,YU,D
14:25:02,UNVR,RG,5000,1,D,OD,YU,D
14:25:02,UNVR,RG,5000,3,D,XL,YU,D
14:25:02,UNVR,RG,5000,1,D,YP,YU,D
14:25:02,UNVR,RG,5000,40,D,HP,YU,D
14:25:02,UNVR,RG,5000,2,D,YP,YU,D
14:25:02,UNVR,RG,5000,20,D,EP,YU,D
14:25:02,UNVR,RG,5000,4,F,YU,YU,D
14:25:02,UNVR,RG,5000,233,F,AK,YU,D
14:25:02,UNVR,RG,5000,580,D,DX,YU,D
14:25:02,UNVR,RG,5000,206,D,DX,YU,D
14:25:02,UNVR,RG,5000,347,D,DX,YU,D
14:25:02,UNVR,RG,5000,66,D,DX,YU,D
14:25:02,UNVR,RG,5000,1067,D,DX,YU,D
14:25:02,UNVR,RG,5000,1003,D,DX,YU,D
14:25:01,UNVR,RG,5025,5,D,OD,CC,D
14:24:58,UNVR,RG,5000,2,D,DX,XC,D
14:24:57,UNVR,RG,5000,63,D,DX,XL,D
14:24:57,UNVR,RG,5025,6,D,KK,CC,D
14:24:55,UNVR,RG,5025,7,D,LG,CC,D
14:24:53,UNVR,RG,5000,5,D,DX,YP,D
14:24:53,UNVR,RG,5000,1,D,DX,PD,D
14:24:49,UNVR,RG,5000,5,D,DX,GR,D
14:24:48,UNVR,RG,5000,2,D,DX,YP,D
14:24:48,UNVR,RG,5025,2,D,NI,CC,D
14:24:45,UNVR,RG,5000,50,D,DX,AG,D
14:24:41,UNVR,RG,5000,1,D,DX,YP,D
14:24:41,UNVR,RG,5025,3,D,HP,CC,D
14:24:40,UNVR,RG,5025,25,D,EP,CC,D
14:24:30,UNVR,RG,5025,16,D,PD,CC,D
14:24:28,UNVR,RG,5000,1,D,DX,KK,D
14:24:27,UNVR,RG,5000,20,D,DX,XC,D
14:24:26,UNVR,RG,5000,4,D,DX,DR,D
14:24:24,UNVR,RG,5000,5,D,DX,NI,D
14:24:23,UNVR,RG,5000,1,D,DX,XC,D
14:24:21,UNVR,RG,5000,1,D,DX,YP,D
14:24:21,UNVR,RG,5025,16,D,PD,CC,D
14:24:21,UNVR,RG,5025,100,D,PD,CP,D
14:24:21,UNVR,RG,5025,1,D,PD,YP,D
14:24:21,UNVR,RG,5025,1,D,PD,XA,D
14:24:21,UNVR,RG,5025,5,D,PD,GR,D
14:24:21,UNVR,RG,5025,10,D,PD,NI,D
14:24:21,UNVR,RG,5025,1,D,PD,GR,D
14:24:21,UNVR,RG,5025,50,D,PD,YP,D
14:24:21,UNVR,RG,5025,10,D,PD,YP,D
14:24:21,UNVR,RG,5025,1,D,PD,GR,D
14:24:21,UNVR,RG,5025,2,D,PD,NI,D
14:24:21,UNVR,RG,5025,2,D,PD,AT,D
14:24:21,UNVR,RG,5025,1,D,PD,YP,D
14:24:20,UNVR,RG,5000,2,D,DX,NI,D
14:24:19,UNVR,RG,5000,16,D,DX,CC,D
14:24:17,UNVR,RG,5000,10,D,DX,DH,D
14:24:17,UNVR,RG,5025,1,D,HP,YP,D
14:24:16,UNVR,RG,5000,25,D,DX,YP,D
14:24:14,UNVR,RG,5000,35,D,DX,YP,D
14:24:12,UNVR,RG,5000,100,D,DX,LG,D
14:24:11,UNVR,RG,5000,2,D,DX,SQ,D
14:24:11,UNVR,RG,5000,10,D,DX,YP,D
14:24:10,UNVR,RG,5000,2,D,DX,NI,D
14:24:09,UNVR,RG,5000,300,D,DX,RO,D
14:24:09,UNVR,RG,5025,2,D,YP,CC,D
14:24:06,UNVR,RG,5000,10,D,DX,YB,D
14:24:05,UNVR,RG,5000,56,D,DX,YP,D
14:24:05,UNVR,RG,5000,10,D,YP,YP,D
14:24:05,UNVR,RG,5000,34,D,RX,YP,D
14:24:03,UNVR,RG,5000,5,D,RX,XC,D
14:24:02,UNVR,RG,5000,1,D,RX,XC,D
14:23:59,UNVR,RG,5000,100,D,RX,SQ,D
14:23:56,UNVR,RG,5000,10,D,RX,XC,D
14:23:56,UNVR,RG,5000,1,D,RX,AT,D
14:23:55,UNVR,RG,5000,1,D,RX,PD,D
14:23:55,UNVR,RG,5000,1,D,RX,CC,D
14:23:55,UNVR,RG,5000,7,D,RX,YP,D
14:23:55,UNVR,RG,5000,5,D,RX,CC,D
14:23:55,UNVR,RG,5000,10,D,RX,ZP,D
14:23:55,UNVR,RG,5000,5,D,RX,PD,D
14:23:55,UNVR,RG,5000,1,D,RX,RO,D
14:23:55,UNVR,RG,5000,1,D,RX,NI,D
14:23:55,UNVR,RG,5000,13,D,RX,AK,F
14:23:55,UNVR,RG,5000,65,D,RX,AK,F
14:23:55,UNVR,RG,5000,2,D,RX,AK,F
14:23:55,UNVR,RG,5000,10,D,RX,PD,D
14:23:55,UNVR,RG,5000,2,D,RX,KK,D
14:23:55,UNVR,RG,5000,10,D,RX,LG,D
14:23:55,UNVR,RG,5000,49,D,RX,CC,D
14:23:55,UNVR,RG,5000,4,D,RX,YB,D
14:23:55,UNVR,RG,5000,50,D,RX,YP,D
14:23:55,UNVR,RG,5000,113,D,RX,CC,D
14:23:53,UNVR,RG,5000,25,D,OD,CC,D
14:23:52,UNVR,RG,5000,8,D,YP,CC,D
14:23:52,UNVR,RG,5000,15,D,SQ,CC,D
14:23:51,UNVR,RG,5000,1,D,YP,CC,D
14:23:47,UNVR,RG,5000,51,D,PD,CC,D
14:23:43,UNVR,RG,5000,10,D,KK,CC,D
14:23:42,UNVR,RG,5000,15,D,LG,CC,D
14:23:42,UNVR,RG,5000,4,D,GR,CC,D
14:23:42,UNVR,RG,5000,25,D,AK,CC,D
14:23:42,UNVR,RG,5000,9,F,YU,CC,D
14:23:42,UNVR,RG,5000,24,D,PD,CC,D
14:23:38,UNVR,RG,5000,5,D,PD,DH,D
14:23:37,UNVR,RG,5025,3,D,EP,CC,D
14:23:37,UNVR,RG,5025,3,D,EP,XC,D
14:23:37,UNVR,RG,5025,9,D,EP,CC,D
14:23:36,UNVR,RG,5000,71,D,PD,YP,D
14:23:36,UNVR,RG,5000,10,D,EP,YP,D
14:23:36,UNVR,RG,5000,4,D,HP,YP,D
14:23:36,UNVR,RG,5000,5,D,NI,YP,D
14:23:36,UNVR,RG,5000,1,D,LG,YP,D
14:23:36,UNVR,RG,5000,11,D,XC,YP,D
14:23:36,UNVR,RG,5000,50,D,DR,YP,D
14:23:36,UNVR,RG,5000,5,D,DH,YP,D
14:23:36,UNVR,RG,5000,10,D,KK,YP,D
14:23:36,UNVR,RG,5000,20,D,PD,YP,D
14:23:36,UNVR,RG,5000,13,D,KK,YP,D
14:23:36,UNVR,RG,5000,21,D,AK,YP,D
14:23:36,UNVR,RG,5000,5,D,EP,YP,D
14:23:36,UNVR,RG,5000,10,D,EP,YP,D
14:23:36,UNVR,RG,5000,40,D,YP,YP,D
14:23:36,UNVR,RG,5000,8,D,HP,YP,D
14:23:36,UNVR,RG,5000,10,D,SQ,YP,D
14:23:36,UNVR,RG,5000,20,D,AZ,YP,D
14:23:36,UNVR,RG,5000,1,D,YU,YP,D
14:23:36,UNVR,RG,5000,2,D,XC,YP,D
14:23:36,UNVR,RG,5000,3,D,XC,YP,D
14:23:36,UNVR,RG,5000,3,D,DR,YP,D
14:23:36,UNVR,RG,5000,2,D,XC,YP,D
14:23:36,UNVR,RG,5000,1,D,LG,YP,D
14:23:36,UNVR,RG,5000,10,D,YP,YP,D
14:23:36,UNVR,RG,5000,1,D,YP,YP,D
14:23:36,UNVR,RG,5000,1,D,EP,YP,D
14:23:36,UNVR,RG,5000,10,D,YP,YP,D
14:23:36,UNVR,RG,5000,200,D,YP,YP,D
14:23:36,UNVR,RG,5000,14,F,CS,YP,D
14:23:36,UNVR,RG,5000,200,D,IF,YP,D
14:23:36,UNVR,RG,5000,40,D,OD,YP,D
14:23:36,UNVR,RG,5000,100,D,KK,YP,D
14:23:36,UNVR,RG,5000,2,D,YP,YP,D
14:23:36,UNVR,RG,5000,10,D,SQ,YP,D
14:23:36,UNVR,RG,5000,5,D,YP,YP,D
14:23:36,UNVR,RG,5000,1,D,PD,YP,D
14:23:36,UNVR,RG,5000,43,D,KZ,YP,D
14:23:36,UNVR,RG,5000,12,D,EP,YP,D
14:23:36,UNVR,RG,5000,20,D,XL,YP,D
14:23:36,UNVR,RG,5000,1,D,XC,YP,D
14:23:36,UNVR,RG,5000,2,D,EP,YP,D
14:23:36,UNVR,RG,5000,1,D,AT,YP,D
14:23:36,UNVR,RG,5000,10,D,PD,YP,D
14:23:36,UNVR,RG,5000,22,D,AK,YP,D
14:23:36,UNVR,RG,5000,1,D,YP,YP,D
14:23:36,UNVR,RG,5000,5,D,NI,YP,D
14:23:36,UNVR,RG,5000,1,D,LG,YP,D
14:23:36,UNVR,RG,5000,200,D,YP,YP,D
14:23:36,UNVR,RG,5000,2,D,CC,YP,D
14:23:36,UNVR,RG,5000,30,D,XA,YP,D
14:23:36,UNVR,RG,5000,10,D,EP,YP,D
14:23:36,UNVR,RG,5000,90,D,PD,YP,D
14:23:36,UNVR,RG,5000,5,D,CC,YP,D
14:23:36,UNVR,RG,5000,6,D,LG,YP,D
14:23:36,UNVR,RG,5000,40,D,TF,YP,D
14:23:36,UNVR,RG,5000,1,D,PD,YP,D
14:23:36,UNVR,RG,5000,10,D,DH,YP,D
14:23:36,UNVR,RG,5000,5,D,XL,YP,D
14:23:36,UNVR,RG,5000,200,D,YP,YP,D
14:23:36,UNVR,RG,5000,150,D,CD,YP,D
14:23:36,UNVR,RG,5000,300,D,YP,YP,D
14:23:36,UNVR,RG,5000,2,F,YU,YP,D
14:23:36,UNVR,RG,5000,106,F,AK,YP,D
14:23:36,UNVR,RG,5000,805,D,EP,YP,D
14:23:35,UNVR,RG,5000,10,D,EP,LG,D
14:23:35,UNVR,RG,5025,2,D,YP,CC,D
14:23:34,UNVR,RG,5000,1,D,EP,PD,D
14:23:30,UNVR,RG,5000,2,D,EP,YP,D
14:23:29,UNVR,RG,5000,1,D,EP,XC,D
14:23:25,UNVR,RG,5025,10,D,PD,CC,D
14:23:25,UNVR,RG,5000,2,D,EP,AT,D
14:23:21,UNVR,RG,5000,1,D,EP,XC,D
14:23:21,UNVR,RG,5000,100,D,EP,OD,D
14:23:20,UNVR,RG,5000,49,D,EP,CC,D
14:23:20,UNVR,RG,5000,26,D,EP,ZP,D
14:23:14,UNVR,RG,5000,200,D,EP,CC,D
14:23:14,UNVR,RG,5025,4,D,XC,CC,D
14:23:14,UNVR,RG,5025,3,D,XC,PD,D
14:23:14,UNVR,RG,5025,3,D,XC,PD,D
14:23:14,UNVR,RG,5000,4,D,EP,PD,D
14:23:11,UNVR,RG,5000,3,D,EP,XC,D
14:23:09,UNVR,RG,5000,1,D,EP,DR,D
14:23:08,UNVR,RG,5000,1,D,EP,CC,D
14:23:06,UNVR,RG,5000,294,D,EP,SQ,D
14:23:06,UNVR,RG,5000,1,D,CC,SQ,D
14:23:06,UNVR,RG,5000,5,D,LG,SQ,D
14:23:04,UNVR,RG,5025,2,D,PD,PD,D
14:22:58,UNVR,RG,5000,15,D,LG,EP,D
14:22:58,UNVR,RG,5000,85,D,EP,EP,D
14:22:55,UNVR,RG,5000,1,D,EP,GR,D
14:22:55,UNVR,RG,5000,100,D,EP,YP,D
14:22:55,UNVR,RG,5025,5,D,SQ,PD,D
14:22:55,UNVR,RG,5025,5,D,SQ,SQ,D
14:22:53,UNVR,RG,5000,1,D,EP,XC,D
14:22:52,UNVR,RG,5000,5,D,EP,NI,D
14:22:48,UNVR,RG,5000,8,D,EP,PD,D
14:22:48,UNVR,RG,5000,4,D,XC,PD,D
14:22:48,UNVR,RG,5000,1,D,XL,PD,D
14:22:48,UNVR,RG,5000,2,D,CC,PD,D
14:22:48,UNVR,RG,5000,5,D,SQ,PD,D
14:22:46,UNVR,RG,5025,10,D,LG,SQ,D
14:22:40,UNVR,RG,5000,1,D,SQ,NI,D
14:22:39,UNVR,RG,5025,2,D,NI,SQ,D
14:22:31,UNVR,RG,5025,1,D,XC,SQ,D
14:22:30,UNVR,RG,5000,25,D,SQ,XA,D
14:22:26,UNVR,RG,5025,2,D,XL,SQ,D
14:22:25,UNVR,RG,5025,10,D,EP,SQ,D
14:22:23,UNVR,RG,5000,2,D,SQ,YP,D
14:22:21,UNVR,RG,5025,1,D,HP,MK,D
14:22:20,UNVR,RG,5000,1,D,EP,CC,D
14:22:20,UNVR,RG,5000,9,D,KK,CC,D
14:22:20,UNVR,RG,5025,56,D,KK,MK,D
14:22:19,UNVR,RG,5025,28,D,XC,MK,D
14:22:19,UNVR,RG,5000,50,D,KK,PF,D
14:22:19,UNVR,RG,5000,25,D,KK,CC,D
14:22:19,UNVR,RG,5000,6,D,KK,YJ,D
14:22:18,UNVR,RG,5000,2,D,KK,DH,D
14:22:16,UNVR,RG,5000,19,D,KK,XC,D
14:22:13,UNVR,RG,5000,1,D,KK,KK,D
14:22:11,UNVR,RG,5000,2,D,KK,YB,D
14:22:09,UNVR,RG,5000,1,D,KK,PD,D
14:22:07,UNVR,RG,5000,2,D,KK,CC,D
14:22:06,UNVR,RG,5025,3,D,XL,MK,D
14:22:04,UNVR,RG,5000,33,D,KK,CC,D
14:22:04,UNVR,RG,5000,4,D,XC,CC,D
14:22:04,UNVR,RG,5000,5,D,YP,CC,D
14:22:04,UNVR,RG,5000,1,D,YP,CC,D
14:22:01,UNVR,RG,5000,2,D,YP,AT,D
14:22:01,UNVR,RG,5000,1,D,XC,AT,D
14:22:01,UNVR,RG,5000,17,D,YP,AT,D
14:22:00,UNVR,RG,5000,2,D,YP,DH,D
14:22:00,UNVR,RG,5000,1,D,YP,YP,D
14:21:56,UNVR,RG,5000,5,D,YP,CC,D
14:21:55,UNVR,RG,5025,12,D,YP,MK,D
14:21:55,UNVR,RG,5025,5,D,YP,KK,D
14:21:55,UNVR,RG,5025,11,D,YP,BQ,D
14:21:55,UNVR,RG,5025,1,D,YP,XC,D
14:21:55,UNVR,RG,5025,4,D,YP,CC,D
14:21:55,UNVR,RG,5025,3,D,YP,PD,D
14:21:55,UNVR,RG,5025,1,D,YP,PD,D
14:21:55,UNVR,RG,5025,2,D,YP,YP,D
14:21:55,UNVR,RG,5000,1,D,YP,GR,D
14:21:52,UNVR,RG,5000,5,D,YP,EP,D
14:21:48,UNVR,RG,5025,3,D,EP,YP,D
14:21:48,UNVR,RG,5025,2,D,EP,XC,D
14:21:48,UNVR,RG,5025,15,D,EP,YP,D
14:21:45,UNVR,RG,5000,6,D,YP,YP,D
14:21:45,UNVR,RG,5000,20,D,YP,NI,D
14:21:39,UNVR,RG,5025,35,D,YP,YP,D
14:21:39,UNVR,RG,5025,20,D,YP,AG,F
14:21:39,UNVR,RG,5025,3,D,YP,YP,D
14:21:39,UNVR,RG,5025,72,D,YP,MK,D
14:21:35,UNVR,RG,5000,3,D,YP,XL,D
14:21:33,UNVR,RG,5000,1,D,YP,PD,D
14:21:33,UNVR,RG,5000,3,D,YP,YP,D
14:21:30,UNVR,RG,5000,1,D,YP,YP,D
14:21:23,UNVR,RG,5000,25,D,YP,GR,D
14:21:21,UNVR,RG,5000,10,D,YP,XC,D
14:21:21,UNVR,RG,5000,1,D,YP,XC,D
14:21:21,UNVR,RG,5000,2,D,EP,XC,D
14:21:20,UNVR,RG,5000,2,D,EP,NI,D
14:21:20,UNVR,RG,5025,28,D,YP,MK,D
14:21:20,UNVR,RG,5025,5,D,YP,SQ,D
14:21:20,UNVR,RG,5025,5,D,YP,YP,D
14:21:20,UNVR,RG,5025,15,D,YP,PD,D
14:21:20,UNVR,RG,5025,146,D,YP,CC,D
14:21:20,UNVR,RG,5025,2,D,YP,NI,D
14:21:20,UNVR,RG,5025,595,D,YP,GR,D
14:21:19,UNVR,RG,5000,1,D,EP,YP,D
14:21:18,UNVR,RG,5000,10,D,EP,DX,D
14:21:12,UNVR,RG,5000,2,D,EP,PD,D
14:21:12,UNVR,RG,5000,10,D,EP,AZ,D
14:21:11,UNVR,RG,5000,3,D,EP,XC,D
14:21:11,UNVR,RG,5000,20,D,EP,CC,D
14:21:11,UNVR,RG,5000,10,D,EP,CC,D
14:21:11,UNVR,RG,5000,2,D,YP,CC,D
14:21:11,UNVR,RG,5000,18,D,MG,CC,D
14:21:11,UNVR,RG,5000,10,D,MG,NI,D
14:21:09,UNVR,RG,5025,1,D,PD,GR,D
14:21:08,UNVR,RG,5000,2,D,MG,PD,D
14:21:08,UNVR,RG,5000,11,D,MG,XC,D
14:21:07,UNVR,RG,5025,12,D,XL,GR,D
14:21:07,UNVR,RG,5000,2,D,MG,CC,D
14:21:05,UNVR,RG,5000,5,D,MG,YB,D
14:21:05,UNVR,RG,5000,1,D,MG,NI,D
14:21:05,UNVR,RG,5000,1,D,MG,YP,D
14:21:05,UNVR,RG,5000,5,D,GR,YP,D
14:21:04,UNVR,RG,5000,1,D,GR,DR,D
14:21:04,UNVR,RG,5000,4,D,GR,PD,D
14:21:04,UNVR,RG,5000,1,D,IF,PD,D
14:21:03,UNVR,RG,5000,5,D,IF,PD,D
14:21:03,UNVR,RG,5000,10,D,IF,YP,D
14:21:02,UNVR,RG,5000,25,D,IF,KK,D
14:21:01,UNVR,RG,5000,1,D,IF,IF,D
14:21:00,UNVR,RG,5000,40,D,IF,YP,D
14:20:56,UNVR,RG,5000,4,D,IF,CC,D
14:20:56,UNVR,RG,5000,1,D,IF,CC,D
14:20:56,UNVR,RG,5000,13,D,IF,YP,D
14:20:55,UNVR,RG,5000,10,D,YP,YP,D
14:20:55,UNVR,RG,5000,223,D,RX,YP,D
14:20:55,UNVR,RG,5000,2,D,RX,AR,D
14:20:54,UNVR,RG,5000,5,D,RX,EP,D
14:20:53,UNVR,RG,5000,4,D,RX,YP,D
14:20:53,UNVR,RG,5000,11,D,RX,GR,D
14:20:53,UNVR,RG,5000,20,D,RX,YP,D
14:20:51,UNVR,RG,5000,6,D,RX,YP,D
14:20:51,UNVR,RG,5000,1,D,RX,PD,D
14:20:51,UNVR,RG,5000,5,D,RX,YP,D
14:20:51,UNVR,RG,5000,1,D,RX,YP,D
14:20:51,UNVR,RG,5000,10,D,RX,NI,D
14:20:51,UNVR,RG,5000,3,D,RX,CC,D
14:20:51,UNVR,RG,5000,7,D,RX,AK,F
14:20:51,UNVR,RG,5000,82,D,RX,AK,F
14:20:51,UNVR,RG,5000,120,D,RX,YP,D
14:20:50,UNVR,RG,4990,54,D,CC,CC,D
14:20:50,UNVR,RG,5000,2,D,OD,YP,D
14:20:48,UNVR,RG,5000,3,D,EP,YP,D
14:20:45,UNVR,RG,5000,1,D,AZ,AK,F
14:20:45,UNVR,RG,5000,204,D,AZ,AK,F
14:20:45,UNVR,RG,5000,5,D,YP,AK,F
14:20:45,UNVR,RG,5000,2,D,OD,AK,F
14:20:45,UNVR,RG,5000,56,D,OD,AK,F
14:20:44,UNVR,RG,5000,209,D,OD,CC,F
14:20:43,UNVR,RG,5000,335,D,OD,EL,D
14:20:43,UNVR,RG,5000,20,D,YB,EL,D
14:20:43,UNVR,RG,5000,2,D,SQ,EL,D
14:20:43,UNVR,RG,5000,1,D,XC,EL,D
14:20:43,UNVR,RG,5000,2,D,YP,EL,D
14:20:43,UNVR,RG,5000,2,D,BQ,EL,D
14:20:43,UNVR,RG,5000,40,D,YP,EL,D
14:20:43,UNVR,RG,5000,177,D,YP,EL,D
14:20:43,UNVR,RG,5000,350,D,CC,EL,D
14:20:43,UNVR,RG,5000,22,D,AK,EL,D
14:20:43,UNVR,RG,5000,30,D,LG,EL,D
14:20:43,UNVR,RG,5000,19,D,CC,EL,D
14:20:42,UNVR,RG,5000,5,D,CC,NI,D
14:20:38,UNVR,RG,5000,2,D,CC,CP,D
14:20:38,UNVR,RG,5000,4,D,CC,XC,D
14:20:38,UNVR,RG,5000,8,D,CC,KI,D
14:20:37,UNVR,RG,5000,10,D,CC,CC,D
14:20:35,UNVR,RG,5000,2,D,CC,MK,D
14:20:32,UNVR,RG,5000,1,D,PD,XC,D
14:20:32,UNVR,RG,5000,11,D,YP,XC,D
14:20:32,UNVR,RG,5000,5,D,PD,AZ,D
14:20:32,UNVR,RG,5000,20,D,GR,AZ,D
14:20:32,UNVR,RG,5000,1,D,LG,AZ,D
14:20:32,UNVR,RG,5000,7,D,YB,AZ,D
14:20:27,UNVR,RG,5000,3,D,YB,PD,D
14:20:27,UNVR,RG,5000,3,D,YP,YP,D
14:20:27,UNVR,RG,5000,2,D,PD,YP,D
14:20:23,UNVR,RG,5000,3,D,PD,YP,D
14:20:23,UNVR,RG,5000,1,D,XC,YP,D
14:20:23,UNVR,RG,5000,3,D,XC,YP,D
14:20:23,UNVR,RG,5000,4,D,XC,YP,D
14:20:23,UNVR,RG,5000,8,D,XL,YP,D
14:20:23,UNVR,RG,5025,48,D,EP,GR,D
14:20:22,UNVR,RG,5000,1,D,XL,YP,D
14:20:22,UNVR,RG,5000,5,D,XL,DH,D
14:20:22,UNVR,RG,5000,1,D,XL,CC,D
14:20:22,UNVR,RG,5000,4,F,YU,CC,D
14:20:22,UNVR,RG,5000,18,D,YP,CC,D
14:20:22,UNVR,RG,5000,5,D,OD,CC,D
14:20:22,UNVR,RG,5000,18,F,CS,CC,D
14:20:22,UNVR,RG,5000,154,D,NI,CC,D
14:20:22,UNVR,RG,5000,1,D,NI,YP,D
14:20:21,UNVR,RG,5025,1,D,XL,GR,D
14:20:21,UNVR,RG,5000,25,D,NI,YP,D
14:20:20,UNVR,RG,5000,40,D,NI,CC,D
14:20:20,UNVR,RG,5000,9,D,NI,XL,D
14:20:19,UNVR,RG,5000,1,D,NI,PD,D
14:20:19,UNVR,RG,5025,3,D,YP,GR,D
14:20:19,UNVR,RG,5000,10,D,NI,XC,D
14:20:19,UNVR,RG,5000,10,D,NI,SQ,D
14:20:19,UNVR,RG,5000,100,D,NI,GR,D
14:20:18,UNVR,RG,5025,10,D,PD,GR,D
14:20:18,UNVR,RG,5000,1,D,NI,NI,D
14:20:17,UNVR,RG,5025,200,D,EP,GR,D
14:20:16,UNVR,RG,5000,1,D,NI,PD,D
14:20:16,UNVR,RG,5000,20,D,NI,AT,D
14:20:15,UNVR,RG,5000,50,D,NI,BQ,D
14:20:15,UNVR,RG,5000,10,D,NI,YP,D
14:20:15,UNVR,RG,5000,1,D,NI,XC,D
14:20:15,UNVR,RG,5000,5,D,NI,AG,D
14:20:15,UNVR,RG,5000,10,D,NI,CC,D
14:20:15,UNVR,RG,5000,5,D,NI,PD,D
14:20:14,UNVR,RG,5000,2,D,NI,XC,D
14:20:14,UNVR,RG,5000,10,D,NI,AG,D
14:20:13,UNVR,RG,5000,9,D,NI,DH,D
14:20:13,UNVR,RG,5000,40,D,NI,GR,D
14:20:10,UNVR,RG,5000,1,D,NI,EP,D
14:20:08,UNVR,RG,5000,10,D,NI,ZP,D
14:20:06,UNVR,RG,5000,50,D,NI,LG,D
14:20:04,UNVR,RG,5000,30,D,NI,OD,D
14:20:04,UNVR,RG,5000,40,D,NI,XL,D
14:20:03,UNVR,RG,5000,51,D,NI,PD,D
14:20:01,UNVR,RG,5000,1,D,NI,PD,D
14:20:01,UNVR,RG,5000,2,D,NI,PD,D
14:20:01,UNVR,RG,5025,20,D,EP,GR,D
14:20:00,UNVR,RG,5000,15,D,NI,YP,D
14:20:00,UNVR,RG,5000,1,D,NI,CC,D
14:20:00,UNVR,RG,5025,218,D,CC,GR,D
14:19:59,UNVR,RG,5000,8,D,NI,KK,D
14:19:57,UNVR,RG,5025,144,D,EP,GR,D
14:19:56,UNVR,RG,5000,74,D,NI,ZP,D
14:19:56,UNVR,RG,5000,15,D,EP,ZP,D
14:19:56,UNVR,RG,5000,1,D,XC,ZP,D
14:19:56,UNVR,RG,5000,200,D,KK,ZP,D
14:19:56,UNVR,RG,5000,1,D,YP,ZP,D
14:19:56,UNVR,RG,5000,1,D,LG,ZP,D
14:19:56,UNVR,RG,5000,25,D,PD,ZP,D
14:19:56,UNVR,RG,5000,2,D,AZ,ZP,D
14:19:56,UNVR,RG,5000,2,D,BQ,ZP,D
14:19:56,UNVR,RG,5000,487,D,YP,ZP,D
14:19:56,UNVR,RG,5000,10,D,NI,ZP,D
14:19:56,UNVR,RG,5000,15,D,HP,ZP,D
14:19:56,UNVR,RG,5000,4,D,AT,ZP,D
14:19:56,UNVR,RG,5000,50,D,YP,ZP,D
14:19:56,UNVR,RG,5000,25,D,CC,ZP,D
14:19:56,UNVR,RG,5000,5,D,YP,ZP,D
14:19:56,UNVR,RG,5000,167,F,AK,ZP,D
14:19:56,UNVR,RG,5000,6,D,EP,ZP,D
14:19:56,UNVR,RG,5000,7,F,YU,ZP,D
14:19:56,UNVR,RG,5000,1,D,YP,ZP,D
14:19:56,UNVR,RG,5000,11,D,PD,ZP,D
14:19:56,UNVR,RG,5000,1,D,XA,ZP,D
14:19:56,UNVR,RG,5000,5,D,CC,ZP,D
14:19:56,UNVR,RG,5000,400,D,YP,ZP,D
14:19:56,UNVR,RG,5000,13,D,YU,ZP,D
14:19:56,UNVR,RG,5000,4,D,XC,ZP,D
14:19:56,UNVR,RG,5000,10,D,PD,ZP,D
14:19:56,UNVR,RG,5000,32,D,YP,ZP,D
14:19:56,UNVR,RG,5000,2,D,NI,ZP,D
14:19:56,UNVR,RG,5000,20,D,YP,ZP,D
14:19:56,UNVR,RG,5000,2,D,XC,ZP,D
14:19:56,UNVR,RG,5000,2,D,XC,ZP,D
14:19:56,UNVR,RG,5000,10,D,AZ,ZP,D
14:19:56,UNVR,RG,5000,1,D,XL,ZP,D
14:19:56,UNVR,RG,5000,36,D,GR,ZP,D
14:19:56,UNVR,RG,5000,23,D,AK,ZP,D
14:19:56,UNVR,RG,5000,1,D,AZ,ZP,D
14:19:56,UNVR,RG,5000,12,D,CC,ZP,D
14:19:56,UNVR,RG,5000,300,D,NI,ZP,D
14:19:56,UNVR,RG,5000,100,D,EP,ZP,D
14:19:56,UNVR,RG,5000,16,D,LG,ZP,D
14:19:56,UNVR,RG,5000,1,D,YP,ZP,D
14:19:56,UNVR,RG,5000,1,D,AZ,ZP,D
14:19:56,UNVR,RG,5000,2,D,DX,ZP,D
14:19:56,UNVR,RG,5000,12,D,HP,ZP,D
14:19:56,UNVR,RG,5000,1,D,XC,ZP,D
14:19:56,UNVR,RG,5000,3,D,CC,ZP,D
14:19:56,UNVR,RG,5000,100,D,KK,ZP,D
14:19:56,UNVR,RG,5000,200,D,YP,ZP,D
14:19:56,UNVR,RG,5000,63,D,NI,ZP,D
14:19:56,UNVR,RG,5000,200,D,YP,ZP,D
