Time,Stock,Brd,Price,Qty,BT,BC,SC,ST
15:14:59,UNVR,RG,5350,6,D,OD,YJ,D
15:14:43,UNVR,RG,5350,73,D,XC,YJ,D
15:14:43,UNVR,RG,5350,2,D,XC,XL,D
15:14:43,UNVR,RG,5350,1,D,XC,YP,D
15:14:43,UNVR,RG,5350,5,D,XC,YP,D
15:14:43,UNVR,RG,5350,19,D,XC,MG,D
15:13:55,UNVR,RG,5350,100,D,PD,MG,D
15:13:02,UNVR,RG,5350,51,D,OD,MG,D
15:13:02,UNVR,RG,5350,1,D,OD,YP,D
15:13:02,UNVR,RG,5350,14,D,OD,KK,D
15:12:53,UNVR,RG,5350,1,D,YP,KK,D
15:12:43,UNVR,RG,5350,10,D,YP,KK,D
15:12:26,UNVR,RG,5350,2,D,YP,KK,D
15:12:03,UNVR,RG,5350,10,D,YB,KK,D
15:12:02,UNVR,RG,5350,1,D,XC,KK,D
15:10:57,UNVR,RG,5350,2,D,CC,KK,D
15:10:50,UNVR,RG,5350,5,D,CC,KK,D
15:09:41,UNVR,RG,5350,1,D,YP,KK,D
15:09:29,UNVR,RG,5350,20,D,CC,KK,D
15:09:27,UNVR,RG,5350,1,D,PD,KK,D
15:08:57,UNVR,RG,5350,33,D,YP,KK,D
15:08:57,UNVR,RG,5350,6,D,YP,CC,D
15:08:57,UNVR,RG,5350,35,D,YP,CC,D
15:08:57,UNVR,RG,5350,4,D,YP,PD,D
15:08:57,UNVR,RG,5350,2,D,YP,YP,D
15:08:57,UNVR,RG,5350,5,D,YP,MK,D
15:08:52,UNVR,RG,5350,20,D,YP,MK,D
15:08:52,UNVR,RG,5350,2,D,YP,EP,D
15:08:52,UNVR,RG,5350,5,D,YP,PD,D
15:08:52,UNVR,RG,5350,5,D,YP,KK,D
15:08:52,UNVR,RG,5350,6,D,YP,SQ,D
15:08:51,UNVR,RG,5350,1,D,YP,SQ,D
15:08:48,UNVR,RG,5350,1,D,CC,SQ,D
15:08:37,UNVR,RG,5350,2,D,PD,SQ,D
15:07:28,UNVR,RG,5350,1,D,CC,CC,F
15:07:13,UNVR,RG,5350,5,D,XC,CC,F
15:07:10,UNVR,RG,5350,2,D,XC,CC,F
15:05:49,UNVR,RG,5350,1,D,PD,CC,F
15:05:48,UNVR,RG,5350,50,D,TF,CC,F
15:05:13,UNVR,RG,5350,15,D,YP,CC,F
15:05:03,UNVR,RG,5350,6,D,EP,CC,F
15:03:34,UNVR,RG,5350,4,D,YP,CC,F
15:03:34,UNVR,RG,5350,1,D,YP,BK,F
15:02:59,UNVR,RG,5350,10,D,AZ,BK,F
15:01:26,UNVR,RG,5350,15,D,OD,BK,F
15:01:11,UNVR,RG,5350,5,D,NI,BK,F
15:01:01,UNVR,RG,5350,1,D,YP,BK,F
15:00:00,UNVR,RG,5350,1,D,NI,BK,F
15:00:00,UNVR,RG,5350,10,D,NI,BK,F
15:00:00,UNVR,RG,5350,2,D,YP,BK,F
15:00:00,UNVR,RG,5350,1,D,XC,BK,F
15:00:00,UNVR,RG,5350,1,D,XC,BK,F
15:00:00,UNVR,RG,5350,10,D,YP,BK,F
15:00:00,UNVR,RG,5350,20,D,XC,BK,F
15:00:00,UNVR,RG,5350,1,D,YP,BK,F
15:00:00,UNVR,RG,5350,2,D,PD,BK,F
15:00:00,UNVR,RG,5350,2,D,YP,BK,F
15:00:00,UNVR,RG,5350,2,D,PD,BK,F
15:00:00,UNVR,RG,5350,1,D,YP,BK,F
15:00:00,UNVR,RG,5350,10,D,YJ,BK,F
15:00:00,UNVR,RG,5350,1,D,YP,BK,F
15:00:00,UNVR,RG,5350,5,D,PD,BK,F
15:00:00,UNVR,RG,5350,1,D,CC,BK,F
15:00:00,UNVR,RG,5350,1,D,LG,BK,F
15:00:00,UNVR,RG,5350,1,D,CC,BK,F
15:00:00,UNVR,RG,5350,1,D,PD,BK,F
15:00:00,UNVR,RG,5350,1,D,CC,BK,F
15:00:00,UNVR,RG,5350,1,D,PD,BK,F
15:00:00,UNVR,RG,5350,1,D,YP,BK,F
15:00:00,UNVR,RG,5350,1,D,YP,BK,F
15:00:00,UNVR,RG,5350,10,D,YP,BK,F
15:00:00,UNVR,RG,5350,19,D,PD,BK,F
15:00:00,UNVR,RG,5350,105,F,YU,BK,F
15:00:00,UNVR,RG,5350,620,F,ZP,BK,F
15:00:00,UNVR,RG,5350,1720,F,ZP,BK,F
15:00:00,UNVR,RG,5350,1,F,ZP,XC,D
15:00:00,UNVR,RG,5350,1,F,ZP,DX,D
15:00:00,UNVR,RG,5350,25,F,ZP,YB,D
15:00:00,UNVR,RG,5350,50,F,ZP,MG,D
15:00:00,UNVR,RG,5350,6,F,ZP,KK,D
15:00:00,UNVR,RG,5350,1,F,ZP,AT,D
15:00:00,UNVR,RG,5350,2,F,ZP,DR,D
15:00:00,UNVR,RG,5350,1,F,ZP,NI,D
15:00:00,UNVR,RG,5350,1,F,ZP,YP,D
15:00:00,UNVR,RG,5350,100,F,ZP,YB,D
15:00:00,UNVR,RG,5350,1,F,ZP,YP,D
15:00:00,UNVR,RG,5350,1,F,ZP,YP,D
15:00:00,UNVR,RG,5350,200,F,ZP,CC,D
15:00:00,UNVR,RG,5350,200,F,ZP,DR,D
15:00:00,UNVR,RG,5350,20,F,ZP,CC,D
15:00:00,UNVR,RG,5350,1,F,ZP,CC,D
15:00:00,UNVR,RG,5350,6,F,ZP,PD,D
15:00:00,UNVR,RG,5350,2,F,ZP,XC,D
15:00:00,UNVR,RG,5350,53,F,ZP,YP,D
15:00:00,UNVR,RG,5350,47,F,ZP,YP,D
15:00:00,UNVR,RG,5350,5,F,ZP,EP,D
15:00:00,UNVR,RG,5350,5,F,ZP,EP,D
15:00:00,UNVR,RG,5350,1,F,ZP,YP,D
15:00:00,UNVR,RG,5350,728,F,ZP,CC,F
15:00:00,UNVR,RG,5350,3,F,ZP,CC,D
15:00:00,UNVR,RG,5350,40,F,ZP,YP,D
15:00:00,UNVR,RG,5350,14,F,ZP,YP,D
15:00:00,UNVR,RG,5350,4,F,ZP,NI,D
15:00:00,UNVR,RG,5350,6,F,KZ,NI,D
15:00:00,UNVR,RG,5350,5,F,KZ,PD,D
15:00:00,UNVR,RG,5350,58,F,KZ,SQ,D
15:00:00,UNVR,RG,5350,3,F,KZ,XC,D
15:00:00,UNVR,RG,5350,223,F,KZ,CC,F
15:00:00,UNVR,RG,5350,597,F,BK,CC,F
15:00:00,UNVR,RG,5350,89,F,BK,CC,F
15:00:00,UNVR,RG,5350,4,F,BK,HP,D
15:00:00,UNVR,RG,5350,1,F,BK,YP,D
15:00:00,UNVR,RG,5350,9,F,BK,BQ,D
15:00:00,UNVR,RG,5350,2,F,BK,MG,D
15:00:00,UNVR,RG,5350,8,F,BK,AG,F
15:00:00,UNVR,RG,5350,1718,F,BK,AO,D
15:00:00,UNVR,RG,5350,282,F,BK,AO,D
15:00:00,UNVR,RG,5350,166,F,BK,CS,F
15:00:00,UNVR,RG,5350,1,F,BK,CS,F
15:00:00,UNVR,RG,5350,18,F,BK,CS,F
15:00:00,UNVR,RG,5350,668,F,BK,CS,F
15:00:00,UNVR,RG,5350,131,F,BK,LG,D
15:00:00,UNVR,RG,5350,2,F,BK,ZP,F
15:00:00,UNVR,RG,5350,179,F,BK,ZP,F
15:00:00,UNVR,RG,5350,1576,F,BK,KZ,F
15:00:00,UNVR,RG,5350,60,F,BK,CD,D
15:00:00,UNVR,RG,5350,2,F,BK,NI,D
15:00:00,UNVR,RG,5350,313,F,BK,KZ,F
15:00:00,UNVR,RG,5350,3,F,BK,KZ,F
15:00:00,UNVR,RG,5350,350,F,BK,KZ,F
15:00:00,UNVR,RG,5350,85,F,BK,KZ,F
15:00:00,UNVR,RG,5350,102,F,CS,KZ,F
15:00:00,UNVR,RG,5350,47,F,CC,KZ,F
15:00:00,UNVR,RG,5350,589,F,CC,KZ,F
15:00:00,UNVR,RG,5350,1504,F,CC,KZ,F
15:00:00,UNVR,RG,5350,646,F,AG,KZ,F
15:00:00,UNVR,RG,5350,24,F,AK,KZ,F
15:00:00,UNVR,RG,5350,55,F,AK,KZ,F
15:00:00,UNVR,RG,5350,95,F,YU,KZ,F
15:00:00,UNVR,RG,5350,1,F,YU,BK,F
15:00:00,UNVR,RG,5350,220,F,YU,BK,F
15:00:00,UNVR,RG,5350,100,F,YU,CS,F
15:00:00,UNVR,RG,5350,154,D,CC,CS,F
15:00:00,UNVR,RG,5350,196,F,ZP,CS,F
15:00:00,UNVR,RG,5350,13,D,YU,CS,F
15:00:00,UNVR,RG,5350,9,F,AK,CS,F
15:00:00,UNVR,RG,5350,21,F,AK,CS,F
15:00:00,UNVR,RG,5350,392,F,AK,CS,F
15:00:00,UNVR,RG,5350,206,F,AK,YU,F
15:00:00,UNVR,RG,5350,12,F,AK,OD,D
15:00:00,UNVR,RG,5350,416,F,AK,OD,D
15:00:00,UNVR,RG,5350,154,F,AK,OD,D
15:00:00,UNVR,RG,5350,11,F,AK,DH,D
15:00:00,UNVR,RG,5350,111,F,AK,NI,D
15:00:00,UNVR,RG,5350,7,F,AK,NI,D
15:00:00,UNVR,RG,5350,40,F,AK,DR,D
15:00:00,UNVR,RG,5350,34,F,ZP,DR,D
15:00:00,UNVR,RG,5350,3,F,ZP,AK,F
15:00:00,UNVR,RG,5350,5,F,ZP,AK,F
15:00:00,UNVR,RG,5350,70,F,ZP,BB,D
15:00:00,UNVR,RG,5350,235,F,ZP,CC,D
14:49:55,UNVR,RG,5350,1,F,AK,KZ,F
14:49:51,UNVR,RG,5325,2,D,MG,KZ,F
14:49:48,UNVR,RG,5325,10,D,YP,YU,F
14:49:48,UNVR,RG,5300,3,D,FS,KZ,F
14:49:47,UNVR,RG,5325,1,D,YP,YU,F
14:49:46,UNVR,RG,5325,2,F,AK,YU,F
14:49:46,UNVR,RG,5325,2,F,AK,YU,F
14:49:46,UNVR,RG,5325,4,F,AK,YU,F
14:49:46,UNVR,RG,5325,1,F,AK,KZ,F
14:49:46,UNVR,RG,5325,1,F,AK,KZ,F
14:49:45,UNVR,RG,5325,1,F,AK,ZP,F
14:49:44,UNVR,RG,5350,6,F,ZP,AG,F
14:49:41,UNVR,RG,5325,1,F,BK,KZ,F
14:49:39,UNVR,RG,5350,6,F,ZP,AG,F
14:49:35,UNVR,RG,5325,18,F,BK,KZ,F
14:49:35,UNVR,RG,5325,1,D,CD,KZ,F
14:49:33,UNVR,RG,5325,99,D,CD,KZ,F
14:49:33,UNVR,RG,5325,84,D,YP,KZ,F
14:49:33,UNVR,RG,5325,1,D,CC,KZ,F
14:49:33,UNVR,RG,5325,20,D,YP,KZ,F
14:49:33,UNVR,RG,5325,10,D,XC,KZ,F
14:49:33,UNVR,RG,5325,1,D,YP,KZ,F
14:49:33,UNVR,RG,5325,1,D,YP,KZ,F
14:49:33,UNVR,RG,5325,100,D,PD,KZ,F
14:49:33,UNVR,RG,5325,20,D,CC,KZ,F
14:49:33,UNVR,RG,5325,7,D,CC,KZ,F
14:49:33,UNVR,RG,5325,73,D,CC,YP,D
14:49:33,UNVR,RG,5325,27,D,MG,YP,D
14:49:30,UNVR,RG,5350,45,F,YU,KZ,F
14:49:29,UNVR,RG,5350,6,F,ZP,KZ,F
14:49:26,UNVR,RG,5325,4,D,MG,KZ,F
14:49:26,UNVR,RG,5325,14,D,MG,BB,D
14:49:22,UNVR,RG,5325,1,D,MG,BB,D
14:49:14,UNVR,RG,5350,5,F,ZP,KZ,F
14:49:05,UNVR,RG,5325,3,D,MG,KZ,F
14:49:03,UNVR,RG,5325,1,D,MG,BK,F
14:49:03,UNVR,RG,5325,10,D,PD,BK,F
14:49:02,UNVR,RG,5350,6,D,GR,KZ,F
14:49:00,UNVR,RG,5350,1,F,ZP,KZ,F
14:49:00,UNVR,RG,5350,1,F,ZP,KZ,F
14:49:00,UNVR,RG,5350,1,F,ZP,KZ,F
14:49:00,UNVR,RG,5350,1,F,ZP,KZ,F
14:49:00,UNVR,RG,5350,1,F,AK,KZ,F
14:48:59,UNVR,RG,5350,6,F,ZP,KZ,F
14:48:59,UNVR,RG,5350,13,F,ZP,KZ,F
14:48:58,UNVR,RG,5350,11,F,ZP,KZ,F
14:48:58,UNVR,RG,5350,2,F,ZP,KZ,F
14:48:58,UNVR,RG,5350,1,F,ZP,KZ,F
14:48:58,UNVR,RG,5350,1,F,AK,KZ,F
14:48:58,UNVR,RG,5350,5,D,YP,KZ,F
14:48:58,UNVR,RG,5350,22,F,ZP,KZ,F
14:48:58,UNVR,RG,5350,1,F,AK,KZ,F
14:48:58,UNVR,RG,5350,2,F,AK,KZ,F
14:48:58,UNVR,RG,5350,1,F,AK,KZ,F
14:48:58,UNVR,RG,5350,1,F,AK,KZ,F
14:48:58,UNVR,RG,5350,1,F,AK,KZ,F
14:48:58,UNVR,RG,5350,2,F,ZP,KZ,F
14:48:58,UNVR,RG,5350,2,F,ZP,KZ,F
14:48:58,UNVR,RG,5350,1,F,ZP,KZ,F
14:48:58,UNVR,RG,5350,1,F,AK,KZ,F
14:48:58,UNVR,RG,5350,1,D,OD,KZ,F
14:48:58,UNVR,RG,5350,1,F,AK,KZ,F
14:48:58,UNVR,RG,5350,10,F,ZP,KZ,F
14:48:58,UNVR,RG,5350,314,D,CC,KZ,F
14:48:56,UNVR,RG,5375,1,F,ZP,XC,D
14:48:56,UNVR,RG,5375,9,F,ZP,YU,F
14:48:56,UNVR,RG,5375,1,F,ZP,XC,D
14:48:56,UNVR,RG,5375,3,F,ZP,EP,D
14:48:56,UNVR,RG,5375,2,F,ZP,EP,D
14:48:56,UNVR,RG,5375,11,F,ZP,MK,D
14:48:56,UNVR,RG,5375,2,F,ZP,MK,D
14:48:52,UNVR,RG,5375,2,F,ZP,MK,D
14:48:52,UNVR,RG,5375,1,F,ZP,PD,D
14:48:52,UNVR,RG,5375,13,F,ZP,KZ,F
14:48:51,UNVR,RG,5350,6,D,CC,KZ,F
14:48:51,UNVR,RG,5350,19,D,CC,YU,F
14:48:51,UNVR,RG,5350,15,D,CC,AG,F
14:48:49,UNVR,RG,5350,100,D,CC,PS,D
14:48:45,UNVR,RG,5375,4,F,ZP,KZ,F
14:48:43,UNVR,RG,5375,4,F,ZP,KZ,F
14:48:43,UNVR,RG,5375,3,F,ZP,KZ,F
14:48:43,UNVR,RG,5375,27,F,ZP,KZ,F
14:48:43,UNVR,RG,5375,1,F,ZP,KZ,F
14:48:43,UNVR,RG,5350,249,D,CC,KZ,F
14:48:43,UNVR,RG,5350,79,D,CC,KZ,F
14:48:43,UNVR,RG,5350,28,D,CC,KZ,F
14:48:43,UNVR,RG,5350,66,F,YU,KZ,F
14:48:43,UNVR,RG,5350,1,D,DH,KZ,F
14:48:43,UNVR,RG,5350,1,F,AK,KZ,F
14:48:43,UNVR,RG,5350,1,F,AK,KZ,F
14:48:43,UNVR,RG,5350,2,F,AK,KZ,F
14:48:43,UNVR,RG,5350,500,D,ZP,KZ,F
14:48:43,UNVR,RG,5350,83,D,YU,KZ,F
14:48:43,UNVR,RG,5350,1,F,AK,KZ,F
14:48:43,UNVR,RG,5350,2,F,AK,KZ,F
14:48:43,UNVR,RG,5350,1,F,AK,KZ,F
14:48:43,UNVR,RG,5350,44,F,BK,KZ,F
14:48:43,UNVR,RG,5350,3,F,AK,KZ,F
14:48:43,UNVR,RG,5350,2,D,YP,KZ,F
14:48:43,UNVR,RG,5350,11,F,ZP,KZ,F
14:48:43,UNVR,RG,5375,18,F,ZP,KZ,F
14:48:40,UNVR,RG,5375,1,F,AK,KZ,F
14:48:29,UNVR,RG,5350,14,F,ZP,YP,D
14:48:29,UNVR,RG,5350,10,F,ZP,YP,D
14:48:29,UNVR,RG,5350,13,F,ZP,BK,F
14:48:29,UNVR,RG,5350,8,F,ZP,BK,F
14:48:29,UNVR,RG,5350,5,F,AK,BK,F
14:48:29,UNVR,RG,5350,3,F,AK,BK,F
14:48:29,UNVR,RG,5350,34,F,ZP,BK,F
14:48:28,UNVR,RG,5375,45,F,ZP,KZ,F
14:48:25,UNVR,RG,5350,26,F,ZP,BK,F
14:48:25,UNVR,RG,5350,13,F,ZP,BK,F
14:48:17,UNVR,RG,5375,2,F,AK,KZ,F
14:48:17,UNVR,RG,5375,14,F,BK,KZ,F
14:48:08,UNVR,RG,5350,40,F,ZP,CC,D
14:48:03,UNVR,RG,5375,1,F,AK,KZ,F
14:48:02,UNVR,RG,5350,34,F,ZP,BK,F
14:48:02,UNVR,RG,5350,14,F,ZP,BK,F
14:48:02,UNVR,RG,5350,5,F,AK,BK,F
14:48:00,UNVR,RG,5375,99,F,YU,KZ,F
14:48:00,UNVR,RG,5375,1,D,CC,KZ,F
14:47:53,UNVR,RG,5375,334,D,CC,KZ,F
14:47:53,UNVR,RG,5375,26,D,CC,BB,D
14:47:53,UNVR,RG,5375,14,D,CC,BK,F
14:47:53,UNVR,RG,5375,24,D,CC,BK,F
14:47:53,UNVR,RG,5375,25,D,CC,ES,D
14:47:53,UNVR,RG,5375,10,D,CC,CC,D
14:47:53,UNVR,RG,5375,25,D,CC,OD,D
14:47:53,UNVR,RG,5375,125,D,CC,KZ,F
14:47:50,UNVR,RG,5375,1,F,AK,KZ,F
14:47:49,UNVR,RG,5375,14,F,BK,KZ,F
14:47:49,UNVR,RG,5375,66,F,ZP,KZ,F
14:47:49,UNVR,RG,5375,12,F,ZP,KZ,F
14:47:44,UNVR,RG,5375,17,D,CS,KZ,F
14:47:41,UNVR,RG,5375,2,D,CS,KZ,F
14:47:36,UNVR,RG,5375,4,D,CS,KZ,F
14:47:36,UNVR,RG,5375,80,F,ZP,KZ,F
14:47:35,UNVR,RG,5375,1,F,AK,KZ,F
14:47:34,UNVR,RG,5375,1,D,CS,KZ,F
14:47:34,UNVR,RG,5375,38,D,CS,KZ,F
14:47:31,UNVR,RG,5375,6,D,CS,KZ,F
14:47:24,UNVR,RG,5375,1,F,AK,KZ,F
14:47:24,UNVR,RG,5375,135,F,ZP,KZ,F
14:47:24,UNVR,RG,5375,17,F,ZP,KZ,F
14:47:24,UNVR,RG,5375,1,F,AK,KZ,F
14:47:23,UNVR,RG,5375,22,D,CS,KZ,F
14:47:23,UNVR,RG,5375,22,D,CS,BK,F
14:47:23,UNVR,RG,5375,15,F,BK,BK,F
14:47:11,UNVR,RG,5375,55,D,CS,BK,F
14:47:10,UNVR,RG,5375,1,F,AK,BK,F
14:47:01,UNVR,RG,5375,207,D,CC,BK,F
14:47:01,UNVR,RG,5375,3,D,CC,CC,D
14:47:01,UNVR,RG,5375,11,D,CC,KZ,F
14:47:01,UNVR,RG,5375,18,D,CC,KZ,F
14:47:00,UNVR,RG,5375,12,F,ZP,KZ,F
14:47:00,UNVR,RG,5350,15,D,CC,BK,F
14:47:00,UNVR,RG,5350,3,D,CC,CC,D
14:47:00,UNVR,RG,5350,1,D,CC,XC,D
14:47:00,UNVR,RG,5350,2,D,CC,YP,D
14:47:00,UNVR,RG,5350,2,D,CC,BB,D
14:47:00,UNVR,RG,5350,42,D,CC,KZ,F
14:47:00,UNVR,RG,5350,3,D,CC,YU,F
14:47:00,UNVR,RG,5350,16,D,CC,YU,F
14:47:00,UNVR,RG,5350,50,D,CC,SQ,D
14:47:00,UNVR,RG,5350,22,D,CC,BK,F
14:47:00,UNVR,RG,5350,1,D,CC,CC,D
14:47:00,UNVR,RG,5350,2,D,CC,KZ,F
14:47:00,UNVR,RG,5350,54,D,CC,KZ,F
14:47:00,UNVR,RG,5350,150,D,CC,KZ,F
14:46:53,UNVR,RG,5350,1,F,AK,KZ,F
14:46:53,UNVR,RG,5350,16,F,BK,KZ,F
14:46:52,UNVR,RG,5350,23,D,CS,KZ,F
14:46:45,UNVR,RG,5350,2,D,OD,KZ,F
14:46:42,UNVR,RG,5350,47,D,CS,KZ,F
14:46:40,UNVR,RG,5350,1,F,AK,KZ,F
14:46:38,UNVR,RG,5350,1,D,CC,KZ,F
14:46:28,UNVR,RG,5350,1,D,YP,KZ,F
14:46:25,UNVR,RG,5350,1,F,AK,KZ,F
14:46:23,UNVR,RG,5350,16,F,BK,KZ,F
14:46:21,UNVR,RG,5350,61,D,CS,KZ,F
14:46:16,UNVR,RG,5350,1,F,AK,KZ,F
14:46:16,UNVR,RG,5325,10,D,YU,DR,D
14:46:09,UNVR,RG,5350,1,F,AK,KZ,F
14:46:09,UNVR,RG,5350,10,D,KK,KZ,F
14:46:00,UNVR,RG,5350,305,D,CC,KZ,F
14:46:00,UNVR,RG,5350,14,D,CC,KZ,F
14:46:00,UNVR,RG,5350,153,D,CC,KZ,F
14:46:00,UNVR,RG,5350,8,D,CC,BK,F
14:46:00,UNVR,RG,5350,54,D,CC,AK,F
14:46:00,UNVR,RG,5350,3,D,CC,YU,F
14:45:49,UNVR,RG,5350,16,F,BK,YU,F
14:45:36,UNVR,RG,5325,7,D,YU,AG,F
14:45:36,UNVR,RG,5325,10,D,PD,AG,F
14:45:35,UNVR,RG,5325,16,D,PD,BK,F
14:45:21,UNVR,RG,5325,11,D,PD,AG,F
14:45:00,UNVR,RG,5325,18,D,PD,AG,F
14:44:52,UNVR,RG,5325,19,D,PD,YU,F
14:44:52,UNVR,RG,5325,2,D,PD,CC,D
14:44:42,UNVR,RG,5325,15,D,PD,AG,F
14:44:37,UNVR,RG,5325,9,D,PD,AG,F
14:44:37,UNVR,RG,5325,2,D,YP,AG,F
14:44:37,UNVR,RG,5325,1,D,YP,AG,F
14:44:37,UNVR,RG,5325,4,D,YB,AG,F
14:44:35,UNVR,RG,5325,6,D,YB,AG,F
14:44:35,UNVR,RG,5325,50,D,CC,AG,F
14:44:35,UNVR,RG,5325,52,D,YB,AG,F
14:44:33,UNVR,RG,5325,28,D,YB,AG,F
14:44:33,UNVR,RG,5325,2,D,PD,AG,F
14:44:32,UNVR,RG,5350,1,D,CS,ZP,F
14:44:31,UNVR,RG,5350,36,F,ZP,AK,F
14:44:29,UNVR,RG,5325,2,D,PD,AG,F
14:44:29,UNVR,RG,5325,1,F,AK,AG,F
14:44:29,UNVR,RG,5325,1,F,AK,AG,F
14:44:29,UNVR,RG,5325,1,F,AK,AG,F
14:44:29,UNVR,RG,5325,5,F,AK,AG,F
14:44:29,UNVR,RG,5325,6,F,AK,AG,F
14:44:29,UNVR,RG,5325,32,F,AK,AG,F
14:44:28,UNVR,RG,5350,8,D,CS,AG,F
14:44:28,UNVR,RG,5350,1,F,AK,AG,F
14:44:28,UNVR,RG,5350,1,F,AK,AG,F
14:44:28,UNVR,RG,5350,8,F,AK,AG,F
14:44:26,UNVR,RG,5350,5,D,YP,AK,F
14:44:26,UNVR,RG,5350,8,F,BK,AK,F
14:44:26,UNVR,RG,5350,620,D,AZ,AK,F
14:44:26,UNVR,RG,5350,52,F,ZP,AK,F
14:44:26,UNVR,RG,5350,25,D,AG,AK,F
14:44:26,UNVR,RG,5350,6,F,AK,AK,F
14:44:26,UNVR,RG,5350,6,F,AK,AK,F
14:44:26,UNVR,RG,5350,1,F,AK,AK,F
14:44:26,UNVR,RG,5350,1,F,AK,AK,F
14:44:26,UNVR,RG,5350,7,F,AK,AK,F
14:44:26,UNVR,RG,5350,7,F,AK,AK,F
14:44:26,UNVR,RG,5350,1,F,AK,AK,F
14:44:26,UNVR,RG,5350,1,F,AK,AK,F
14:44:26,UNVR,RG,5350,16,D,OD,AK,F
14:44:23,UNVR,RG,5350,80,D,OD,CC,D
14:44:23,UNVR,RG,5350,1,F,BK,AG,F
14:44:23,UNVR,RG,5350,35,D,CS,AG,F
14:44:23,UNVR,RG,5350,2,D,CS,GR,D
14:44:21,UNVR,RG,5350,100,D,CS,YP,D
14:44:18,UNVR,RG,5350,10,D,CS,NI,D
14:44:14,UNVR,RG,5350,43,D,CS,PD,D
14:44:14,UNVR,RG,5350,40,F,BK,PD,D
14:44:10,UNVR,RG,5375,10,D,YP,AG,F
14:44:09,UNVR,RG,5375,30,D,MG,AG,F
14:44:09,UNVR,RG,5375,20,D,MG,CC,F
14:44:05,UNVR,RG,5375,1458,F,BK,AK,F
14:44:05,UNVR,RG,5375,5,F,BK,EP,D
14:44:05,UNVR,RG,5375,1464,F,BK,AK,F
14:44:04,UNVR,RG,5375,113,D,CC,AK,F
14:44:04,UNVR,RG,5375,50,F,ZP,AK,F
14:44:04,UNVR,RG,5375,5,D,CS,AK,F
14:44:04,UNVR,RG,5375,2,D,CS,AK,F
14:44:04,UNVR,RG,5375,6,D,CS,AK,F
14:44:04,UNVR,RG,5375,95,D,CS,AK,F
14:44:04,UNVR,RG,5375,19,D,CS,AK,F
14:44:04,UNVR,RG,5375,55,D,CS,AK,F
14:44:04,UNVR,RG,5375,614,D,CC,AK,F
14:44:02,UNVR,RG,5375,39,D,CS,AK,F
14:44:02,UNVR,RG,5375,24,D,CS,AK,F
14:44:02,UNVR,RG,5375,24,F,ZP,AK,F
14:44:02,UNVR,RG,5375,6,F,ZP,AK,F
14:44:02,UNVR,RG,5375,68,F,ZP,AK,F
14:44:02,UNVR,RG,5375,8,F,ZP,AK,F
14:44:02,UNVR,RG,5375,1,F,CS,AK,F
14:44:02,UNVR,RG,5375,65,F,YU,AK,F
14:44:02,UNVR,RG,5375,1,F,CS,AK,F
14:44:02,UNVR,RG,5375,59,F,YU,AK,F
14:44:02,UNVR,RG,5375,39,F,ZP,AK,F
14:44:00,UNVR,RG,5375,2,F,BK,CC,F
14:44:00,UNVR,RG,5375,5,F,BK,CC,D
14:44:00,UNVR,RG,5375,163,F,BK,BK,F
14:44:00,UNVR,RG,5375,1,F,BK,CC,D
14:44:00,UNVR,RG,5375,1,F,BK,BK,F
14:44:00,UNVR,RG,5375,58,F,BK,CS,F
14:44:00,UNVR,RG,5375,20,F,BK,ES,D
14:44:00,UNVR,RG,5375,1,F,BK,PD,D
14:44:00,UNVR,RG,5375,1,F,BK,YP,D
14:44:00,UNVR,RG,5375,19,F,BK,KZ,F
14:44:00,UNVR,RG,5375,19,F,BK,YU,F
14:44:00,UNVR,RG,5375,7,F,BK,KZ,F
14:44:00,UNVR,RG,5375,153,F,BK,KZ,F
14:44:00,UNVR,RG,5375,1,F,BK,BK,F
14:44:00,UNVR,RG,5375,259,F,BK,BK,F
14:44:00,UNVR,RG,5375,104,F,BK,AK,F
14:44:00,UNVR,RG,5375,2,F,AK,AK,F
14:44:00,UNVR,RG,5375,95,F,YU,BK,F
14:44:00,UNVR,RG,5375,1553,F,BK,BK,F
14:44:00,UNVR,RG,5375,3,F,BK,KZ,F
14:44:00,UNVR,RG,5375,10,F,BK,CC,D
14:44:00,UNVR,RG,5375,5,F,BK,CC,D
14:44:00,UNVR,RG,5375,1,F,BK,SQ,D
14:44:00,UNVR,RG,5375,5,F,BK,TP,D
14:44:00,UNVR,RG,5375,135,F,BK,YP,D
14:44:00,UNVR,RG,5375,51,D,CC,YP,D
14:44:00,UNVR,RG,5375,25,D,CC,DX,D
14:44:00,UNVR,RG,5375,77,D,CC,BK,F
14:44:00,UNVR,RG,5375,35,D,CC,BK,F
14:44:00,UNVR,RG,5375,238,D,CC,KZ,F
14:44:00,UNVR,RG,5375,10,D,CC,DR,D
14:44:00,UNVR,RG,5375,63,D,CC,DR,D
14:44:00,UNVR,RG,5375,27,D,CC,DR,D
14:44:00,UNVR,RG,5375,50,D,CC,DR,D
14:44:00,UNVR,RG,5375,1,D,CC,CC,D
14:44:00,UNVR,RG,5375,1,D,CC,XC,D
14:44:00,UNVR,RG,5375,25,D,CC,ES,D
14:44:00,UNVR,RG,5375,3,D,CC,YP,D
14:44:00,UNVR,RG,5375,2,D,CC,PD,D
14:44:00,UNVR,RG,5375,10,D,CC,SQ,D
14:44:00,UNVR,RG,5375,1,D,CC,DR,D
14:44:00,UNVR,RG,5375,200,D,CC,EP,D
14:44:00,UNVR,RG,5375,1,D,CC,XC,D
14:44:00,UNVR,RG,5375,2,D,CC,DR,D
14:44:00,UNVR,RG,5375,1,D,CC,YP,D
14:44:00,UNVR,RG,5375,1,D,CC,YP,D
14:44:00,UNVR,RG,5375,5,D,CC,YP,D
14:44:00,UNVR,RG,5375,4,D,CC,XC,D
14:44:00,UNVR,RG,5375,20,D,CC,OD,D
14:44:00,UNVR,RG,5375,4,D,CC,XL,D
14:44:00,UNVR,RG,5375,2,D,CC,PD,D
14:44:00,UNVR,RG,5375,7,D,CC,KK,D
14:44:00,UNVR,RG,5375,1,D,CC,AZ,D
14:44:00,UNVR,RG,5375,10,D,CC,GR,D
14:44:00,UNVR,RG,5375,1,D,CC,XC,D
14:44:00,UNVR,RG,5375,47,D,CC,YP,D
14:43:56,UNVR,RG,5350,10,D,CC,YB,D
14:43:53,UNVR,RG,5350,1,D,CC,PD,D
14:43:50,UNVR,RG,5375,8,F,BK,YP,D
14:43:50,UNVR,RG,5375,1,F,BK,XC,D
14:43:50,UNVR,RG,5375,6,F,BK,YP,D
14:43:45,UNVR,RG,5375,1,F,AK,YP,D
14:43:40,UNVR,RG,5375,3,F,AK,YP,D
14:43:40,UNVR,RG,5375,1,F,AK,XC,D
14:43:40,UNVR,RG,5375,4,F,AK,CC,D
14:43:40,UNVR,RG,5375,2,F,AK,CC,D
14:43:39,UNVR,RG,5350,11,D,CC,CC,D
14:43:25,UNVR,RG,5350,3,D,CC,GR,D
14:43:21,UNVR,RG,5375,4,F,BK,CC,D
14:43:21,UNVR,RG,5375,5,F,BK,CC,D
14:43:21,UNVR,RG,5375,7,F,BK,KK,D
14:43:14,UNVR,RG,5350,74,D,CC,SQ,D
14:43:14,UNVR,RG,5350,1,F,CS,SQ,D
14:43:14,UNVR,RG,5350,25,F,ZP,SQ,D
14:43:00,UNVR,RG,5350,24,F,ZP,AK,F
14:43:00,UNVR,RG,5350,19,F,ZP,AK,F
14:43:00,UNVR,RG,5350,4,F,ZP,AK,F
14:43:00,UNVR,RG,5350,29,F,ZP,AK,F
14:43:00,UNVR,RG,5350,4,F,ZP,AK,F
14:43:00,UNVR,RG,5350,2,F,CS,AK,F
14:43:00,UNVR,RG,5350,2,F,CS,AK,F
14:43:00,UNVR,RG,5350,2,F,CS,AK,F
14:43:00,UNVR,RG,5350,1,F,CS,AK,F
14:43:00,UNVR,RG,5375,1,F,AK,XC,D
14:43:00,UNVR,RG,5375,1,F,AK,OD,D
14:43:00,UNVR,RG,5350,31,D,CS,AK,F
14:43:00,UNVR,RG,5350,39,F,ZP,AK,F
14:43:00,UNVR,RG,5375,13,D,CS,XA,D
14:43:00,UNVR,RG,5375,2,D,CS,DX,D
14:43:00,UNVR,RG,5375,8,D,CS,YP,D
14:43:00,UNVR,RG,5375,10,D,CS,NI,D
14:43:00,UNVR,RG,5375,1,D,CS,CC,D
14:43:00,UNVR,RG,5350,1,D,CS,CC,D
14:43:00,UNVR,RG,5350,21,D,CS,BB,D
14:43:00,UNVR,RG,5350,17,D,CC,BB,D
14:43:00,UNVR,RG,5350,1,D,CC,SQ,D
14:43:00,UNVR,RG,5350,14,D,CC,KZ,F
14:43:00,UNVR,RG,5350,480,D,CC,LG,D
14:43:00,UNVR,RG,5350,19,D,CC,KZ,F
14:43:00,UNVR,RG,5350,7,D,CC,KZ,F
14:43:00,UNVR,RG,5350,1,D,CC,AK,F
14:43:00,UNVR,RG,5350,15,D,CC,BK,F
14:43:00,UNVR,RG,5350,8,D,CC,BK,F
14:43:00,UNVR,RG,5350,41,D,CC,KZ,F
14:43:00,UNVR,RG,5350,10,D,CC,EP,D
14:43:00,UNVR,RG,5350,20,D,CC,CC,D
14:43:00,UNVR,RG,5350,32,D,CC,KZ,F
14:42:53,UNVR,RG,5350,15,F,BK,KZ,F
14:42:40,UNVR,RG,5350,56,F,ZP,KZ,F
14:42:40,UNVR,RG,5350,9,F,ZP,KZ,F
14:42:40,UNVR,RG,5350,37,F,ZP,KZ,F
14:42:40,UNVR,RG,5350,2,F,ZP,CC,F
14:42:40,UNVR,RG,5350,19,F,ZP,BB,D
14:42:40,UNVR,RG,5350,19,F,ZP,YU,F
14:42:40,UNVR,RG,5350,1,F,ZP,XC,D
14:42:40,UNVR,RG,5350,5,F,ZP,XC,D
14:42:40,UNVR,RG,5350,2,F,ZP,CS,D
14:42:40,UNVR,RG,5350,9,F,ZP,CS,D
14:42:36,UNVR,RG,5350,70,D,CS,CS,D
14:42:33,UNVR,RG,5350,2,F,AK,CS,D
14:42:33,UNVR,RG,5350,12,D,CS,CS,D
14:42:17,UNVR,RG,5325,207,F,BK,PD,D
14:42:07,UNVR,RG,5350,20,D,NI,CS,D
14:42:03,UNVR,RG,5350,33,D,SQ,CS,D
14:42:03,UNVR,RG,5350,62,D,SQ,KZ,F
14:42:02,UNVR,RG,5350,10,D,YP,KZ,F
14:42:00,UNVR,RG,5350,2,F,AK,KZ,F
14:42:00,UNVR,RG,5350,1,D,CS,KZ,F
14:42:00,UNVR,RG,5350,61,D,CS,KZ,F
14:42:00,UNVR,RG,5350,55,D,CS,BK,F
14:42:00,UNVR,RG,5350,16,D,CS,BK,F
14:42:00,UNVR,RG,5350,108,D,CC,BK,F
14:42:00,UNVR,RG,5350,600,D,CC,LG,D
14:42:00,UNVR,RG,5350,99,D,CC,KZ,F
14:42:00,UNVR,RG,5350,2,D,CC,KZ,F
14:42:00,UNVR,RG,5350,2,D,CC,BB,D
14:42:00,UNVR,RG,5350,6,D,CC,BQ,D
14:42:00,UNVR,RG,5350,1,D,CC,PD,D
14:42:00,UNVR,RG,5350,3,D,CC,XC,D
14:42:00,UNVR,RG,5350,14,D,CC,BK,F
14:42:00,UNVR,RG,5350,86,D,CC,KZ,F
14:42:00,UNVR,RG,5350,30,D,CC,DX,D
14:42:00,UNVR,RG,5350,160,D,CC,CS,F
14:42:00,UNVR,RG,5350,15,D,CC,BK,F
14:42:00,UNVR,RG,5350,3,D,CC,PD,D
14:42:00,UNVR,RG,5350,141,D,CC,CS,D
14:42:00,UNVR,RG,5350,3,D,CC,KZ,F
14:42:00,UNVR,RG,5350,1,D,CC,KZ,F
14:42:00,UNVR,RG,5350,12,D,CC,AK,F
14:41:49,UNVR,RG,5350,1,D,PD,AK,F
14:41:29,UNVR,RG,5350,2,F,AK,AK,F
14:41:28,UNVR,RG,5350,60,F,ZP,AK,F
14:41:28,UNVR,RG,5350,8,F,ZP,AK,F
14:41:28,UNVR,RG,5350,64,F,ZP,AK,F
14:41:28,UNVR,RG,5350,30,F,ZP,CC,D
14:41:28,UNVR,RG,5350,1,F,ZP,XL,D
14:41:28,UNVR,RG,5350,8,F,ZP,KZ,F
14:41:28,UNVR,RG,5350,12,D,AZ,KZ,F
14:41:28,UNVR,RG,5350,288,D,AZ,KZ,F
14:41:19,UNVR,RG,5350,22,D,CS,KZ,F
14:41:18,UNVR,RG,5350,1,D,YP,XC,D
14:41:00,UNVR,RG,5350,139,D,CS,XC,D
14:41:00,UNVR,RG,5350,1,D,CS,CC,D
14:41:00,UNVR,RG,5350,1,D,CS,CC,D
14:41:00,UNVR,RG,5350,1,D,CS,YP,D
14:41:00,UNVR,RG,5350,2,D,CS,XL,D
14:41:00,UNVR,RG,5350,1,D,CS,KK,D
14:41:00,UNVR,RG,5350,20,D,CS,GR,D
14:41:00,UNVR,RG,5350,1,D,CS,KK,D
14:41:00,UNVR,RG,5350,6,D,CS,LG,D
14:41:00,UNVR,RG,5350,114,D,CC,LG,D
14:41:00,UNVR,RG,5350,120,D,CC,LG,D
14:41:00,UNVR,RG,5350,4,D,CC,MK,D
14:41:00,UNVR,RG,5350,1,D,CC,NI,D
14:41:00,UNVR,RG,5350,3,D,CC,PD,D
14:41:00,UNVR,RG,5350,1,D,CC,XC,D
14:41:00,UNVR,RG,5350,5,D,CC,NI,D
14:41:00,UNVR,RG,5350,5,D,CC,GR,D
14:41:00,UNVR,RG,5350,50,D,CC,CC,D
14:41:00,UNVR,RG,5350,1,D,CC,YP,D
14:41:00,UNVR,RG,5350,3,D,CC,YP,D
14:41:00,UNVR,RG,5350,1,D,CC,YP,D
14:41:00,UNVR,RG,5350,30,D,CC,OD,D
14:41:00,UNVR,RG,5350,10,D,CC,NI,D
14:41:00,UNVR,RG,5350,20,D,CC,OD,D
14:41:00,UNVR,RG,5350,8,D,CC,PD,D
14:41:00,UNVR,RG,5350,2,D,CC,YP,D
14:41:00,UNVR,RG,5350,22,D,CC,DR,D
14:41:00,UNVR,RG,5350,65,D,CC,YP,D
14:40:53,UNVR,RG,5325,1,F,BK,HP,D
14:40:53,UNVR,RG,5325,4,F,CS,HP,D
14:40:53,UNVR,RG,5325,3,D,CS,HP,D
14:40:53,UNVR,RG,5325,2,D,CS,HP,D
14:40:46,UNVR,RG,5350,2,F,AK,YP,D
14:40:45,UNVR,RG,5350,33,F,ZP,YP,D
14:40:45,UNVR,RG,5350,2,F,ZP,XC,D
14:40:45,UNVR,RG,5350,1,F,ZP,YP,D
14:40:43,UNVR,RG,5350,2,D,YB,YP,D
14:40:43,UNVR,RG,5350,1,D,YB,DH,D
14:40:43,UNVR,RG,5350,6,D,YB,NI,D
14:40:43,UNVR,RG,5350,50,D,YB,CC,D
14:40:43,UNVR,RG,5350,1,D,YB,XC,D
14:40:43,UNVR,RG,5350,2,D,YB,XC,D
14:40:43,UNVR,RG,5350,1,D,YB,YP,D
14:40:43,UNVR,RG,5350,1,D,YB,XC,D
14:40:43,UNVR,RG,5350,3,D,YB,KK,D
14:40:43,UNVR,RG,5350,1,D,YB,YP,D
14:40:43,UNVR,RG,5350,10,D,YB,YP,D
14:40:43,UNVR,RG,5350,10,D,YB,YP,D
14:40:43,UNVR,RG,5350,12,D,YB,YP,D
14:40:22,UNVR,RG,5350,1,F,AK,YP,D
14:40:21,UNVR,RG,5350,1,D,XC,YP,D
14:40:16,UNVR,RG,5350,1,D,PD,YP,D
14:40:16,UNVR,RG,5350,2,D,PD,YP,D
14:40:16,UNVR,RG,5350,50,D,PD,YP,D
14:40:16,UNVR,RG,5350,3,D,PD,YP,D
14:40:16,UNVR,RG,5350,5,D,PD,YP,D
14:40:16,UNVR,RG,5350,1,D,PD,XC,D
14:40:16,UNVR,RG,5350,10,D,PD,CC,D
14:40:16,UNVR,RG,5350,1,D,PD,XC,D
14:40:16,UNVR,RG,5350,2,D,PD,CC,D
14:40:16,UNVR,RG,5350,5,D,PD,CC,D
14:40:16,UNVR,RG,5350,1,D,PD,XC,D
14:40:16,UNVR,RG,5350,4,D,PD,CC,D
14:40:16,UNVR,RG,5350,2,D,PD,XC,D
14:40:16,UNVR,RG,5350,2,D,PD,XC,D
14:40:16,UNVR,RG,5350,1,D,PD,XC,D
14:40:16,UNVR,RG,5350,2,D,PD,CC,D
14:40:16,UNVR,RG,5350,1,D,PD,XC,D
14:40:16,UNVR,RG,5350,1,D,PD,XC,D
14:40:16,UNVR,RG,5350,4,D,PD,XC,D
14:40:16,UNVR,RG,5350,5,D,PD,CC,D
14:40:16,UNVR,RG,5350,2,D,PD,XC,D
14:40:16,UNVR,RG,5350,1,D,PD,XC,D
14:40:16,UNVR,RG,5350,1,D,PD,XC,D
14:40:16,UNVR,RG,5350,1,D,PD,XC,D
14:40:16,UNVR,RG,5350,1,D,PD,CC,D
14:40:16,UNVR,RG,5350,7,D,PD,XC,D
14:40:16,UNVR,RG,5350,1,D,PD,XC,D
14:40:16,UNVR,RG,5350,2,D,PD,CC,D
14:40:16,UNVR,RG,5350,6,D,PD,CC,D
14:40:16,UNVR,RG,5350,20,D,PD,CC,F
14:40:16,UNVR,RG,5350,13,D,PD,PD,D
14:40:16,UNVR,RG,5350,6,D,PD,PD,D
14:40:16,UNVR,RG,5350,10,D,PD,PD,D
14:40:16,UNVR,RG,5350,4,D,PD,PD,D
14:40:16,UNVR,RG,5350,20,D,PD,PD,D
14:40:16,UNVR,RG,5350,8,D,PD,PD,D
14:40:16,UNVR,RG,5350,3,D,PD,PD,D
14:40:16,UNVR,RG,5350,2,D,PD,PD,D
14:40:16,UNVR,RG,5350,4,D,PD,PD,D
14:40:16,UNVR,RG,5350,1,D,PD,PD,D
14:40:16,UNVR,RG,5350,1,D,PD,PD,D
14:40:16,UNVR,RG,5350,7,D,PD,PD,D
14:40:16,UNVR,RG,5350,5,D,PD,KK,D
14:40:16,UNVR,RG,5350,4,D,PD,KK,D
14:40:16,UNVR,RG,5350,2,D,PD,KK,D
14:40:16,UNVR,RG,5350,1,D,PD,KK,D
14:40:16,UNVR,RG,5350,2,D,PD,SQ,D
14:40:16,UNVR,RG,5350,2,D,PD,SQ,D
14:40:16,UNVR,RG,5350,27,D,PD,KK,D
14:40:16,UNVR,RG,5350,10,D,PD,SQ,D
14:40:16,UNVR,RG,5350,63,D,PD,SQ,D
14:40:11,UNVR,RG,5325,23,D,CS,PD,D
14:40:11,UNVR,RG,5325,25,F,ZP,PD,D
14:40:11,UNVR,RG,5325,6,F,ZP,PD,D
14:40:11,UNVR,RG,5325,3,F,ZP,PD,D
14:40:11,UNVR,RG,5325,12,F,ZP,PD,D
14:40:11,UNVR,RG,5325,3,F,ZP,PD,D
14:40:11,UNVR,RG,5325,3,F,CS,PD,D
14:40:11,UNVR,RG,5325,1,F,CS,PD,D
14:40:11,UNVR,RG,5325,38,F,ZP,PD,D
14:40:11,UNVR,RG,5325,1,F,CS,PD,D
14:40:11,UNVR,RG,5325,25,D,CS,PD,D
14:40:11,UNVR,RG,5325,1,F,CS,PD,D
14:40:11,UNVR,RG,5325,1,F,CS,PD,D
14:40:11,UNVR,RG,5325,1,F,CS,PD,D
14:40:11,UNVR,RG,5325,35,F,YU,PD,D
14:40:11,UNVR,RG,5325,29,D,CC,PD,D
14:40:11,UNVR,RG,5350,87,D,DR,SQ,D
14:40:11,UNVR,RG,5350,12,D,DR,EP,D
14:40:11,UNVR,RG,5350,1,D,DR,EP,D
14:40:11,UNVR,RG,5350,20,D,DR,DR,D
14:40:10,UNVR,RG,5350,1,F,AK,BQ,D
14:39:58,UNVR,RG,5350,1,D,KK,BQ,D
14:39:40,UNVR,RG,5350,1,F,AK,BQ,D
14:39:25,UNVR,RG,5350,1,F,AK,BQ,D
14:39:16,UNVR,RG,5350,3,D,KK,BQ,D
14:39:16,UNVR,RG,5350,3,D,KK,AT,D
14:39:16,UNVR,RG,5350,4,D,KK,YU,D
14:39:09,UNVR,RG,5350,1,D,CS,AZ,D
14:39:09,UNVR,RG,5325,1,D,CC,PD,D
14:39:07,UNVR,RG,5325,1,D,CS,PD,D
14:39:07,UNVR,RG,5325,2,D,CS,KZ,F
14:39:07,UNVR,RG,5325,1,D,CS,KZ,F
14:39:07,UNVR,RG,5325,1,D,CS,KZ,F
14:39:05,UNVR,RG,5325,1,D,CS,KZ,F
14:39:05,UNVR,RG,5325,2,D,CS,EP,D
14:39:05,UNVR,RG,5325,1,D,CS,EP,D
14:39:03,UNVR,RG,5325,1,D,CS,EP,D
14:39:03,UNVR,RG,5325,2,D,CS,EP,D
14:39:01,UNVR,RG,5325,4,D,CS,CS,D
14:39:01,UNVR,RG,5325,14,D,CS,YU,F
14:39:01,UNVR,RG,5325,5,D,CS,YU,F
14:38:58,UNVR,RG,5325,45,F,ZP,AK,F
14:38:58,UNVR,RG,5325,1,F,ZP,PD,D
14:38:58,UNVR,RG,5325,1,F,ZP,KZ,F
14:38:58,UNVR,RG,5325,6,F,ZP,KZ,F
14:38:55,UNVR,RG,5325,1,F,AK,KZ,F
14:38:50,UNVR,RG,5325,30,D,CS,KZ,F
14:38:46,UNVR,RG,5325,7,D,CS,KZ,F
14:38:44,UNVR,RG,5325,1,D,XC,KZ,F
14:38:40,UNVR,RG,5325,1,F,AK,KZ,F
14:38:29,UNVR,RG,5325,10,D,PD,KZ,F
14:38:27,UNVR,RG,5300,20,D,CS,BQ,D
14:38:27,UNVR,RG,5325,150,D,CC,KZ,F
14:38:26,UNVR,RG,5300,1,F,ZP,PD,D
14:38:26,UNVR,RG,5300,1,F,CS,PD,D
14:38:26,UNVR,RG,5300,2,F,ZP,PD,D
14:38:26,UNVR,RG,5300,68,F,ZP,PD,D
14:38:26,UNVR,RG,5300,2,F,ZP,PD,D
14:38:26,UNVR,RG,5300,4,F,CS,PD,D
14:38:26,UNVR,RG,5300,2,F,CS,PD,D
14:38:26,UNVR,RG,5300,1,F,CS,PD,D
14:38:26,UNVR,RG,5300,2,F,YU,PD,D
14:38:26,UNVR,RG,5325,8,D,CS,KZ,F
14:38:20,UNVR,RG,5325,7,F,ZP,KZ,F
14:38:20,UNVR,RG,5325,7,F,ZP,KZ,F
14:38:20,UNVR,RG,5325,26,D,CS,KZ,F
14:38:20,UNVR,RG,5325,21,D,CS,KZ,F
14:38:20,UNVR,RG,5325,49,D,CS,KZ,F
14:38:20,UNVR,RG,5325,124,D,CC,KZ,F
14:38:20,UNVR,RG,5325,19,D,CC,YU,F
14:38:20,UNVR,RG,5325,6,D,CC,CC,F
14:38:20,UNVR,RG,5325,2,D,CC,PD,D
14:38:20,UNVR,RG,5325,1,D,CC,XC,D
14:38:20,UNVR,RG,5325,200,D,CC,CC,D
14:38:20,UNVR,RG,5325,1,D,CC,ZP,F
14:38:20,UNVR,RG,5325,1,D,CC,CC,D
14:38:20,UNVR,RG,5325,20,D,CC,GR,D
14:38:20,UNVR,RG,5325,10,D,CC,CC,D
14:38:20,UNVR,RG,5325,1,D,CC,YP,D
14:38:20,UNVR,RG,5325,50,D,CC,SQ,D
14:38:20,UNVR,RG,5325,20,D,CC,PD,D
14:38:20,UNVR,RG,5325,1,D,CC,YP,D
14:38:20,UNVR,RG,5325,5,D,CC,CC,D
14:38:20,UNVR,RG,5325,1,D,CC,DR,D
14:38:20,UNVR,RG,5325,2,D,CC,XC,D
14:38:20,UNVR,RG,5325,36,D,CC,CC,D
14:38:10,UNVR,RG,5325,1,F,AK,CC,D
14:38:01,UNVR,RG,5325,13,D,CS,CC,D
14:38:01,UNVR,RG,5325,1,D,CS,PD,D
14:38:01,UNVR,RG,5325,6,D,CS,YP,D
14:38:00,UNVR,RG,5325,14,F,YU,YP,D
14:38:00,UNVR,RG,5325,65,F,YU,LG,D
14:37:58,UNVR,RG,5300,19,F,YU,YU,F
14:37:55,UNVR,RG,5300,6,F,YU,PD,D
14:37:55,UNVR,RG,5325,1,F,AK,LG,D
14:37:34,UNVR,RG,5325,5,D,YP,LG,D
14:37:31,UNVR,RG,5325,49,D,YP,LG,D
14:37:31,UNVR,RG,5325,664,D,YP,LG,D
14:37:31,UNVR,RG,5325,257,D,YP,CC,D
14:37:25,UNVR,RG,5325,1,F,AK,CC,D
14:37:20,UNVR,RG,5325,81,F,ZP,CC,D
14:37:10,UNVR,RG,5325,1,F,AK,CC,D
14:37:04,UNVR,RG,5325,20,D,YP,CC,D
14:37:02,UNVR,RG,5325,10,F,AK,CC,D
14:37:01,UNVR,RG,5325,241,F,BK,CC,D
14:37:01,UNVR,RG,5325,1328,F,BK,LG,D
14:37:01,UNVR,RG,5325,9,F,BK,HP,D
14:37:01,UNVR,RG,5325,1,F,BK,AT,D
14:37:01,UNVR,RG,5325,1,F,BK,XL,D
14:37:01,UNVR,RG,5325,1,F,BK,NI,D
14:37:01,UNVR,RG,5325,40,F,BK,YP,D
14:37:01,UNVR,RG,5325,2,F,BK,CC,D
14:37:01,UNVR,RG,5325,2,F,BK,GR,D
14:37:01,UNVR,RG,5325,6,F,BK,CC,D
14:37:01,UNVR,RG,5325,10,F,BK,OD,D
14:37:01,UNVR,RG,5325,87,F,BK,DH,D
14:37:00,UNVR,RG,5300,1,F,BK,YP,D
14:37:00,UNVR,RG,5300,40,F,BK,DR,D
14:37:00,UNVR,RG,5300,407,F,BK,LG,D
14:37:00,UNVR,RG,5300,19,F,AK,LG,D
14:37:00,UNVR,RG,5300,6,D,CS,LG,D
14:37:00,UNVR,RG,5300,168,F,AK,LG,D
14:37:00,UNVR,RG,5300,161,F,AK,BK,F
14:37:00,UNVR,RG,5300,131,F,AK,CS,D
14:37:00,UNVR,RG,5300,8,F,AK,XC,D
14:37:00,UNVR,RG,5300,123,F,AK,CS,F
14:37:00,UNVR,RG,5300,147,F,AK,BK,F
14:37:00,UNVR,RG,5300,3,F,AK,PD,D
14:37:00,UNVR,RG,5300,5,F,AK,YP,D
14:37:00,UNVR,RG,5300,2,F,AK,AK,F
14:37:00,UNVR,RG,5300,3,F,AK,PD,D
14:37:00,UNVR,RG,5300,2,F,AK,HP,D
14:37:00,UNVR,RG,5300,19,F,AK,YU,F
14:37:00,UNVR,RG,5300,112,F,AK,CS,D
14:37:00,UNVR,RG,5300,2,F,AK,YP,D
14:37:00,UNVR,RG,5300,5,F,AK,PD,D
14:37:00,UNVR,RG,5300,135,F,AK,BK,F
14:37:00,UNVR,RG,5300,18,F,AK,YU,F
14:37:00,UNVR,RG,5300,64,F,AK,AK,F
14:37:00,UNVR,RG,5300,314,F,AK,BB,D
14:37:00,UNVR,RG,5300,232,F,AK,BK,F
14:37:00,UNVR,RG,5300,456,F,AK,KZ,F
14:37:00,UNVR,RG,5300,1248,F,AK,KZ,F
14:37:00,UNVR,RG,5300,45,F,ZP,KZ,F
14:37:00,UNVR,RG,5300,63,F,ZP,KZ,F
14:37:00,UNVR,RG,5300,38,F,AK,KZ,F
14:37:00,UNVR,RG,5300,101,F,ZP,KZ,F
14:37:00,UNVR,RG,5300,1432,F,BK,KZ,F
14:37:00,UNVR,RG,5300,1889,F,BK,KZ,F
14:36:41,UNVR,RG,5275,1,F,BK,PD,D
14:36:40,UNVR,RG,5300,1,F,AK,KZ,F
14:36:33,UNVR,RG,5300,2,D,KK,KZ,F
14:36:31,UNVR,RG,5300,50,D,PD,KZ,F
14:36:25,UNVR,RG,5300,1895,D,YP,KZ,F
14:36:21,UNVR,RG,5300,10,D,ZP,KZ,F
14:36:11,UNVR,RG,5300,10,D,PD,KZ,F
14:36:10,UNVR,RG,5300,1,F,AK,KZ,F
14:35:57,UNVR,RG,5300,80,D,MG,KZ,F
14:35:55,UNVR,RG,5300,1,F,AK,KZ,F
14:35:47,UNVR,RG,5275,7,F,BK,XL,D
14:35:30,UNVR,RG,5300,1,D,XC,KZ,F
14:35:27,UNVR,RG,5300,4,D,GR,KZ,F
14:35:15,UNVR,RG,5300,80,D,MG,KZ,F
14:35:10,UNVR,RG,5300,1,D,SQ,KZ,F
14:35:09,UNVR,RG,5300,5,D,YB,KZ,F
14:34:58,UNVR,RG,5300,2,D,CC,KZ,F
14:34:51,UNVR,RG,5300,70,D,NI,KZ,F
14:34:49,UNVR,RG,5300,10,D,MG,KZ,F
14:34:48,UNVR,RG,5300,10,D,CC,KZ,F
14:34:37,UNVR,RG,5300,2,F,AK,KZ,F
14:34:37,UNVR,RG,5275,16,F,BK,AZ,D
14:34:35,UNVR,RG,5300,1,D,XC,KZ,F
14:34:32,UNVR,RG,5300,1,D,XL,KZ,F
14:34:30,UNVR,RG,5300,2,D,CC,KZ,F
14:34:21,UNVR,RG,5300,10,D,SQ,KZ,F
14:34:14,UNVR,RG,5300,1307,D,YP,KZ,F
14:34:07,UNVR,RG,5300,1,D,XC,KZ,F
14:34:05,UNVR,RG,5300,55,F,ZP,KZ,F
14:33:52,UNVR,RG,5275,1,F,BK,XL,D
14:33:15,UNVR,RG,5275,15,F,BK,PD,D
14:33:09,UNVR,RG,5275,122,F,BK,SQ,D
14:33:09,UNVR,RG,5275,23,D,YP,SQ,D
14:33:09,UNVR,RG,5275,1855,F,BK,SQ,D
14:33:08,UNVR,RG,5300,691,D,YP,KZ,F
14:33:08,UNVR,RG,5300,5,D,YP,GR,D
14:33:08,UNVR,RG,5300,234,D,YP,AK,F
14:33:08,UNVR,RG,5300,32,D,YP,YU,F
14:33:07,UNVR,RG,5300,1,D,XC,YU,F
14:32:48,UNVR,RG,5300,4,D,NI,YU,F
14:32:48,UNVR,RG,5300,10,D,NI,BB,D
14:32:48,UNVR,RG,5300,1,D,NI,CS,D
14:32:42,UNVR,RG,5300,3,D,YP,CS,D
14:32:38,UNVR,RG,5300,11,D,YP,CS,D
14:32:38,UNVR,RG,5300,3,D,YP,CS,F
14:32:33,UNVR,RG,5300,12,D,HP,CS,F
14:32:33,UNVR,RG,5300,8,D,HP,CC,F
14:32:31,UNVR,RG,5300,6,D,KK,CC,F
14:32:30,UNVR,RG,5300,1,F,CS,CC,F
14:32:29,UNVR,RG,5300,101,F,ZP,AK,F
14:32:29,UNVR,RG,5300,4,F,AK,AK,F
14:32:29,UNVR,RG,5300,7,F,AK,AK,F
14:32:29,UNVR,RG,5300,7,F,AK,AK,F
14:32:29,UNVR,RG,5300,116,D,CS,AK,F
14:32:29,UNVR,RG,5300,2,F,CS,AK,F
14:32:29,UNVR,RG,5300,111,D,CS,AK,F
14:32:29,UNVR,RG,5300,6,D,CS,AK,F
14:32:29,UNVR,RG,5300,3,D,CC,AK,F
14:32:29,UNVR,RG,5300,1,D,YP,AK,F
14:32:29,UNVR,RG,5300,1,F,AK,AK,F
14:32:29,UNVR,RG,5300,57,F,BK,AK,F
14:32:29,UNVR,RG,5300,17,F,ZP,AK,F
14:32:29,UNVR,RG,5300,17,F,ZP,AK,F
14:32:29,UNVR,RG,5300,1,F,CS,AK,F
14:32:29,UNVR,RG,5300,44,D,CS,AK,F
14:32:29,UNVR,RG,5300,4,F,CS,AK,F
14:32:29,UNVR,RG,5300,3,F,CS,AK,F
14:32:29,UNVR,RG,5300,2,F,CS,AK,F
14:32:29,UNVR,RG,5300,1,F,CS,AK,F
14:32:29,UNVR,RG,5300,3,F,CS,AK,F
14:32:29,UNVR,RG,5300,1,F,CS,AK,F
14:32:29,UNVR,RG,5300,5,D,KK,AK,F
14:32:29,UNVR,RG,5300,3,F,AK,AK,F
14:32:29,UNVR,RG,5300,7,F,AK,AK,F
14:32:29,UNVR,RG,5300,1,F,AK,AK,F
14:32:29,UNVR,RG,5300,305,D,CS,AK,F
14:32:29,UNVR,RG,5300,10,D,CC,AK,F
14:32:29,UNVR,RG,5300,1,D,XC,AK,F
14:32:29,UNVR,RG,5300,4,F,AK,AK,F
14:32:29,UNVR,RG,5300,3,F,AK,AK,F
14:32:29,UNVR,RG,5300,3,F,AK,AK,F
14:32:29,UNVR,RG,5300,1,F,AK,AK,F
14:32:29,UNVR,RG,5300,1,F,AK,AK,F
14:32:29,UNVR,RG,5300,1,F,AK,AK,F
14:32:29,UNVR,RG,5300,6,F,AK,AK,F
14:32:29,UNVR,RG,5300,13,F,AK,AK,F
14:32:29,UNVR,RG,5300,8,F,AK,AK,F
14:32:29,UNVR,RG,5300,174,F,BK,AK,F
14:32:29,UNVR,RG,5300,102,F,ZP,AK,F
14:32:29,UNVR,RG,5300,1,F,BK,AK,F
14:32:29,UNVR,RG,5300,4,D,CS,AK,F
14:32:29,UNVR,RG,5300,25,F,ZP,AK,F
14:32:29,UNVR,RG,5300,2,F,CS,AK,F
14:32:29,UNVR,RG,5300,46,F,ZP,AK,F
14:32:29,UNVR,RG,5300,1,F,CS,AK,F
14:32:29,UNVR,RG,5300,5,F,CS,AK,F
14:32:29,UNVR,RG,5300,25,F,ZP,AK,F
14:32:29,UNVR,RG,5300,70,F,ZP,AK,F
14:32:29,UNVR,RG,5300,1,D,CC,AK,F
14:32:29,UNVR,RG,5300,2,F,ZP,AK,F
14:32:29,UNVR,RG,5300,23,F,YU,AK,F
14:32:26,UNVR,RG,5300,11,F,YU,XC,D
14:32:26,UNVR,RG,5300,3,F,CS,XC,D
14:32:26,UNVR,RG,5300,4,D,CS,XC,D
14:32:18,UNVR,RG,5300,17,D,CS,EP,D
14:32:18,UNVR,RG,5300,13,D,CS,EP,D
14:32:18,UNVR,RG,5300,2,F,CS,EP,D
14:32:18,UNVR,RG,5300,23,D,CS,EP,D
14:32:18,UNVR,RG,5300,45,F,YU,EP,D
14:32:16,UNVR,RG,5325,2,D,CC,DH,D
14:32:12,UNVR,RG,5325,23,F,AK,DH,D
14:32:12,UNVR,RG,5325,5,F,AK,YP,D
14:32:12,UNVR,RG,5325,1,F,AK,XC,D
14:32:12,UNVR,RG,5325,19,F,AK,CC,D
14:32:12,UNVR,RG,5325,819,F,AK,KZ,F
14:32:11,UNVR,RG,5300,1,F,YU,PD,D
14:32:08,UNVR,RG,5325,6,D,CC,KZ,F
14:32:01,UNVR,RG,5325,24,F,ZP,KZ,F
14:31:40,UNVR,RG,5325,3,F,AK,KZ,F
14:31:33,UNVR,RG,5325,1,D,XC,KZ,F
14:31:27,UNVR,RG,5325,22,F,ZP,KZ,F
14:31:27,UNVR,RG,5325,28,F,ZP,BK,F
14:31:24,UNVR,RG,5300,101,F,AK,CS,D
14:31:24,UNVR,RG,5300,12,F,AK,YU,F
14:31:24,UNVR,RG,5300,140,F,AK,CS,F
14:31:24,UNVR,RG,5300,15,F,AK,NI,D
14:31:24,UNVR,RG,5300,3,F,AK,KK,D
14:31:24,UNVR,RG,5300,50,F,AK,BB,D
14:31:24,UNVR,RG,5300,1,F,AK,AK,F
14:31:24,UNVR,RG,5300,2,F,AK,XC,D
14:31:24,UNVR,RG,5300,12,F,AK,BK,F
14:31:24,UNVR,RG,5300,106,F,AK,CS,D
14:31:24,UNVR,RG,5300,43,F,AK,CS,F
14:31:24,UNVR,RG,5300,6,F,AK,YU,F
14:31:24,UNVR,RG,5300,1682,F,AK,KZ,F
14:31:24,UNVR,RG,5300,20,F,AK,CC,F
14:31:24,UNVR,RG,5300,4,F,AK,DR,D
14:31:24,UNVR,RG,5300,17,F,AK,BK,F
14:31:24,UNVR,RG,5300,1,F,AK,ZP,F
14:31:24,UNVR,RG,5300,10,F,AK,PD,D
14:31:24,UNVR,RG,5300,16,F,AK,BK,F
14:31:24,UNVR,RG,5300,170,F,AK,BK,F
14:31:24,UNVR,RG,5300,18,F,AK,BK,F
14:31:24,UNVR,RG,5300,37,F,AK,CS,F
14:31:24,UNVR,RG,5300,347,F,AK,PD,D
14:31:24,UNVR,RG,5300,97,F,ZP,PD,D
14:31:24,UNVR,RG,5300,30,F,ZP,PD,D
14:31:24,UNVR,RG,5300,151,F,ZP,PD,D
14:31:24,UNVR,RG,5300,33,F,ZP,PD,D
14:31:24,UNVR,RG,5300,1030,F,BK,PD,D
14:31:24,UNVR,RG,5300,188,F,BK,CS,D
14:31:24,UNVR,RG,5300,15,F,BK,BK,F
14:31:24,UNVR,RG,5300,10,F,BK,CS,F
14:31:24,UNVR,RG,5300,3,F,BK,CS,F
14:31:24,UNVR,RG,5300,27,F,BK,CS,F
14:31:24,UNVR,RG,5300,83,F,BK,CS,F
14:31:24,UNVR,RG,5300,500,F,BK,YP,D
14:31:24,UNVR,RG,5300,172,F,BK,BK,F
14:31:24,UNVR,RG,5300,1,F,BK,EP,D
14:31:24,UNVR,RG,5300,15,F,BK,BK,F
14:31:24,UNVR,RG,5300,7,F,BK,PD,D
14:31:24,UNVR,RG,5300,1,F,BK,AK,F
14:31:24,UNVR,RG,5300,19,F,BK,YU,F
14:31:24,UNVR,RG,5300,1,F,BK,KK,D
14:31:24,UNVR,RG,5300,1,F,BK,XC,D
14:31:24,UNVR,RG,5300,15,F,BK,PD,D
14:31:24,UNVR,RG,5300,181,F,BK,BK,F
14:31:24,UNVR,RG,5300,2,F,BK,PD,D
14:31:24,UNVR,RG,5300,672,F,BK,AK,F
14:31:24,UNVR,RG,5300,3,F,BK,XC,D
14:31:24,UNVR,RG,5300,120,F,BK,LG,D
14:31:24,UNVR,RG,5300,120,F,BK,LG,D
14:31:24,UNVR,RG,5300,1,F,BK,YP,D
14:31:24,UNVR,RG,5300,46,F,BK,CS,D
14:31:24,UNVR,RG,5300,13,F,BK,CS,D
14:31:24,UNVR,RG,5300,14,F,BK,CS,D
14:31:24,UNVR,RG,5300,3,F,BK,CS,D
14:31:24,UNVR,RG,5300,110,F,BK,CS,D
14:31:24,UNVR,RG,5300,25,F,BK,YP,D
14:31:24,UNVR,RG,5300,20,F,BK,YP,D
14:31:24,UNVR,RG,5300,44,F,BK,CS,F
14:31:24,UNVR,RG,5300,42,F,BK,CS,F
14:31:24,UNVR,RG,5300,10,F,BK,YB,D
14:31:24,UNVR,RG,5300,10,F,BK,SQ,D
14:31:24,UNVR,RG,5300,39,F,BK,CS,F
14:31:24,UNVR,RG,5300,27,F,BK,CS,F
14:31:24,UNVR,RG,5300,35,F,BK,BK,F
14:31:24,UNVR,RG,5300,1,F,BK,BK,F
14:31:24,UNVR,RG,5300,323,F,BK,BK,F
14:31:24,UNVR,RG,5300,501,F,BK,KZ,F
14:31:24,UNVR,RG,5275,19,F,BK,BK,F
14:31:23,UNVR,RG,5300,1,F,CS,KZ,F
14:31:23,UNVR,RG,5300,1386,F,BK,KZ,F
14:31:23,UNVR,RG,5300,6,F,BK,YP,D
14:31:23,UNVR,RG,5300,126,F,BK,CS,D
14:31:23,UNVR,RG,5300,37,F,BK,KZ,F
14:31:23,UNVR,RG,5300,91,F,BK,KZ,F
14:31:23,UNVR,RG,5300,4,F,BK,CS,F
14:31:23,UNVR,RG,5300,67,F,BK,CS,F
14:31:23,UNVR,RG,5300,18,F,BK,CS,F
14:31:23,UNVR,RG,5300,2,F,BK,SQ,D
14:31:22,UNVR,RG,5300,37,F,AK,SQ,D
14:31:21,UNVR,RG,5275,124,F,BK,PD,D
14:31:19,UNVR,RG,5300,11,D,CS,SQ,D
14:31:19,UNVR,RG,5300,12,D,CS,YU,F
14:31:19,UNVR,RG,5300,9,D,CS,BQ,D
14:31:19,UNVR,RG,5300,4,D,CS,CS,D
14:31:19,UNVR,RG,5300,5,D,CS,CS,D
14:31:19,UNVR,RG,5300,34,D,CS,CS,D
14:31:19,UNVR,RG,5300,10,D,CS,CS,D
14:31:19,UNVR,RG,5300,7,D,CS,YU,F
14:31:19,UNVR,RG,5300,16,D,CS,BK,F
14:31:19,UNVR,RG,5300,2,D,CS,DR,D
14:31:19,UNVR,RG,5300,74,D,CS,CS,D
14:31:19,UNVR,RG,5300,17,D,CS,CS,F
14:31:19,UNVR,RG,5300,29,D,CS,CS,F
14:31:19,UNVR,RG,5300,13,D,CS,CS,F
14:31:19,UNVR,RG,5300,11,D,CS,CS,F
14:31:19,UNVR,RG,5300,21,D,CS,KZ,F
14:31:18,UNVR,RG,5300,2,F,AK,KZ,F
14:31:18,UNVR,RG,5275,28,F,BK,YP,D
14:31:09,UNVR,RG,5300,1,F,AK,KZ,F
14:31:09,UNVR,RG,5300,1,F,AK,KZ,F
14:31:05,UNVR,RG,5300,8,F,AK,KZ,F
14:31:05,UNVR,RG,5275,38,F,BK,BK,F
14:31:00,UNVR,RG,5300,3,F,YU,KZ,F
14:31:00,UNVR,RG,5300,54,F,YU,YP,D
14:30:54,UNVR,RG,5300,1,F,AK,YP,D
14:30:54,UNVR,RG,5275,13,F,BK,PD,D
14:30:41,UNVR,RG,5300,4,F,AK,YP,D
14:30:41,UNVR,RG,5300,5,F,AK,YP,D
14:30:41,UNVR,RG,5275,39,F,BK,BK,F
14:30:41,UNVR,RG,5275,10,F,BK,YP,D
14:30:39,UNVR,RG,5300,1,F,AK,YP,D
14:30:37,UNVR,RG,5300,1,D,DH,YP,D
14:30:37,UNVR,RG,5300,34,D,CS,YP,D
14:30:37,UNVR,RG,5300,9,D,CS,KZ,F
14:30:36,UNVR,RG,5300,2,F,AK,KZ,F
14:30:36,UNVR,RG,5275,22,F,BK,CC,D
14:30:29,UNVR,RG,5275,1,F,BK,NI,D
14:30:28,UNVR,RG,5300,4,F,AK,KZ,F
14:30:27,UNVR,RG,5275,36,F,BK,XC,D
14:30:27,UNVR,RG,5275,1,F,BK,XC,D
14:30:19,UNVR,RG,5275,4,F,BK,XC,D
14:30:16,UNVR,RG,5275,1,F,BK,DH,D
14:30:10,UNVR,RG,5300,17,F,AK,KZ,F
14:30:10,UNVR,RG,5275,59,F,BK,BK,F
14:30:05,UNVR,RG,5300,20,D,CC,KZ,F
14:29:54,UNVR,RG,5300,1,F,AK,KZ,F
14:29:48,UNVR,RG,5275,39,F,BK,BK,F
14:29:44,UNVR,RG,5275,60,F,BK,PD,D
14:29:14,UNVR,RG,5300,1,D,DR,KZ,F
14:29:09,UNVR,RG,5300,1,F,AK,KZ,F
14:28:59,UNVR,RG,5300,1,F,AK,KZ,F
14:28:59,UNVR,RG,5300,12,D,PD,KZ,F
14:28:54,UNVR,RG,5275,6,F,BK,LG,D
14:28:47,UNVR,RG,5300,6,F,AK,KZ,F
14:28:47,UNVR,RG,5275,60,F,BK,KK,D
14:28:35,UNVR,RG,5300,1,F,AK,KZ,F
14:28:35,UNVR,RG,5300,10,D,YU,KZ,F
14:28:27,UNVR,RG,5300,1,D,DH,KZ,F
14:28:24,UNVR,RG,5300,1,F,AK,KZ,F
14:28:13,UNVR,RG,5300,2,F,AK,KZ,F
14:28:13,UNVR,RG,5300,23,F,ZP,KZ,F
14:28:09,UNVR,RG,5300,1,F,AK,KZ,F
14:28:08,UNVR,RG,5275,6,F,BK,XC,D
14:28:00,UNVR,RG,5300,12,F,AK,KZ,F
14:28:00,UNVR,RG,5300,136,F,YU,KZ,F
14:27:59,UNVR,RG,5300,19,F,AK,KZ,F
14:27:58,UNVR,RG,5275,207,F,BK,PD,D
14:27:55,UNVR,RG,5300,2,F,AK,KZ,F
14:27:55,UNVR,RG,5275,19,F,BK,YU,F
14:27:42,UNVR,RG,5300,2,F,AK,KZ,F
14:27:42,UNVR,RG,5300,24,D,XA,KZ,F
14:27:42,UNVR,RG,5300,1,F,AK,KZ,F
14:27:42,UNVR,RG,5300,14,D,XC,KZ,F
14:27:41,UNVR,RG,5300,1,D,DR,KZ,F
14:27:39,UNVR,RG,5300,1,F,AK,KZ,F
14:27:35,UNVR,RG,5300,1,D,PD,KZ,F
14:27:27,UNVR,RG,5300,1,F,AK,KZ,F
14:27:27,UNVR,RG,5300,8,F,AK,KZ,F
14:27:27,UNVR,RG,5300,19,F,AK,KZ,F
14:27:27,UNVR,RG,5275,53,F,BK,CP,D
14:27:27,UNVR,RG,5275,5,D,YP,CP,D
14:27:27,UNVR,RG,5275,34,D,CS,CP,D
14:27:27,UNVR,RG,5275,58,F,ZP,CP,D
14:27:27,UNVR,RG,5275,91,F,ZP,CP,D
14:27:27,UNVR,RG,5275,1,D,AT,CP,D
14:27:27,UNVR,RG,5275,1,D,CC,CP,D
14:27:27,UNVR,RG,5275,2,D,EP,CP,D
14:27:27,UNVR,RG,5275,50,D,XC,CP,D
14:27:27,UNVR,RG,5275,1,D,XL,CP,D
14:27:27,UNVR,RG,5275,1,D,XC,CP,D
14:27:18,UNVR,RG,5300,58,F,AK,KZ,F
14:27:18,UNVR,RG,5300,1,F,AK,AK,F
14:27:18,UNVR,RG,5300,1,F,AK,AK,F
14:27:18,UNVR,RG,5300,1,F,AK,BK,F
14:27:18,UNVR,RG,5300,177,F,AK,BK,F
14:27:17,UNVR,RG,5275,1,D,XC,XC,D
14:27:17,UNVR,RG,5275,9,F,ZP,XC,D
14:27:16,UNVR,RG,5275,3,F,ZP,PD,D
14:27:16,UNVR,RG,5275,1,D,PD,PD,D
14:27:16,UNVR,RG,5275,5,D,RG,PD,D
14:27:16,UNVR,RG,5275,10,D,YP,PD,D
14:27:16,UNVR,RG,5275,1,D,XC,PD,D
14:27:16,UNVR,RG,5275,10,D,YP,PD,D
14:27:16,UNVR,RG,5275,1,D,YP,PD,D
14:27:16,UNVR,RG,5275,500,D,XA,PD,D
14:27:16,UNVR,RG,5275,1,D,LG,PD,D
14:27:16,UNVR,RG,5275,10,D,PD,PD,D
14:27:16,UNVR,RG,5275,1,D,XL,PD,D
14:27:16,UNVR,RG,5275,1,D,KK,PD,D
14:27:16,UNVR,RG,5275,10,D,YP,PD,D
14:27:16,UNVR,RG,5275,10,D,PD,PD,D
14:27:16,UNVR,RG,5275,70,D,YP,PD,D
14:27:16,UNVR,RG,5275,9,D,NI,PD,D
14:27:16,UNVR,RG,5275,10,D,PD,PD,D
14:27:16,UNVR,RG,5275,2,F,AK,PD,D
14:27:16,UNVR,RG,5275,1,D,PD,PD,D
14:27:16,UNVR,RG,5275,1,D,YP,PD,D
14:27:16,UNVR,RG,5275,95,F,ZP,PD,D
14:27:16,UNVR,RG,5275,5,D,PD,PD,D
14:27:16,UNVR,RG,5275,12,D,CC,PD,D
14:27:16,UNVR,RG,5275,2,D,PD,PD,D
14:27:16,UNVR,RG,5275,2,D,YP,PD,D
14:27:16,UNVR,RG,5275,3,D,YP,PD,D
14:27:16,UNVR,RG,5275,100,D,CC,PD,D
14:27:16,UNVR,RG,5275,1,D,PD,PD,D
14:27:16,UNVR,RG,5275,2,D,PD,PD,D
14:27:16,UNVR,RG,5275,2,D,CC,PD,D
14:27:16,UNVR,RG,5275,18,D,CC,PD,D
14:27:16,UNVR,RG,5275,50,D,KK,PD,D
14:27:16,UNVR,RG,5275,10,D,DH,PD,D
14:27:16,UNVR,RG,5275,1,D,XL,PD,D
14:27:16,UNVR,RG,5275,10,D,CC,PD,D
14:27:16,UNVR,RG,5275,5,D,EP,PD,D
14:27:16,UNVR,RG,5275,1,D,XC,PD,D
14:27:16,UNVR,RG,5275,1,D,YP,PD,D
14:27:16,UNVR,RG,5275,4,D,YP,PD,D
14:27:16,UNVR,RG,5275,2,D,XC,PD,D
14:27:16,UNVR,RG,5275,10,D,XC,PD,D
14:27:16,UNVR,RG,5275,50,D,DR,PD,D
14:27:16,UNVR,RG,5275,1,D,YP,PD,D
14:27:16,UNVR,RG,5275,240,D,KK,PD,D
14:27:16,UNVR,RG,5275,10,D,XC,PD,D
14:27:16,UNVR,RG,5275,3,D,XC,PD,D
14:27:16,UNVR,RG,5275,1,D,EP,PD,D
14:27:16,UNVR,RG,5275,5,D,YP,PD,D
14:27:16,UNVR,RG,5275,1,D,XC,PD,D
14:27:16,UNVR,RG,5275,4,D,CC,PD,D
14:27:16,UNVR,RG,5275,2,D,XL,PD,D
14:27:16,UNVR,RG,5275,1,D,PD,PD,D
14:27:16,UNVR,RG,5275,5,D,SQ,PD,D
14:27:16,UNVR,RG,5275,50,D,RO,PD,D
14:27:16,UNVR,RG,5275,1,D,CC,PD,D
14:27:16,UNVR,RG,5275,10,D,AG,PD,D
14:27:16,UNVR,RG,5275,5,D,CC,PD,D
14:27:16,UNVR,RG,5275,20,D,CC,PD,D
14:27:16,UNVR,RG,5275,50,D,YP,PD,D
14:27:16,UNVR,RG,5275,100,D,YP,PD,D
14:27:16,UNVR,RG,5275,5,D,CC,PD,D
14:27:16,UNVR,RG,5275,2,D,YP,PD,D
14:27:16,UNVR,RG,5275,2,D,GR,PD,D
14:27:16,UNVR,RG,5275,40,F,BK,PD,D
14:27:16,UNVR,RG,5275,1,D,XC,PD,D
14:27:16,UNVR,RG,5275,10,D,YP,PD,D
14:27:16,UNVR,RG,5275,20,D,PD,PD,D
14:27:16,UNVR,RG,5275,1,D,XC,PD,D
14:27:16,UNVR,RG,5275,1,D,OD,PD,D
14:27:16,UNVR,RG,5275,50,D,DH,PD,D
14:27:16,UNVR,RG,5275,20,D,CC,PD,D
14:27:16,UNVR,RG,5275,1,D,DR,PD,D
14:27:16,UNVR,RG,5275,25,D,HP,PD,D
14:27:16,UNVR,RG,5275,10,D,MG,PD,D
14:27:16,UNVR,RG,5275,2,D,CC,PD,D
14:27:16,UNVR,RG,5275,1,D,NI,PD,D
14:27:16,UNVR,RG,5275,1,D,YP,PD,D
14:27:16,UNVR,RG,5275,1,D,YP,PD,D
14:27:16,UNVR,RG,5275,1,D,YP,PD,D
14:27:16,UNVR,RG,5275,1,D,GR,PD,D
14:27:16,UNVR,RG,5275,2,D,EP,PD,D
14:27:16,UNVR,RG,5275,10,D,YP,PD,D
14:27:16,UNVR,RG,5275,1,D,YP,PD,D
14:27:16,UNVR,RG,5275,75,D,AG,PD,D
14:27:16,UNVR,RG,5275,10,D,YP,PD,D
14:27:16,UNVR,RG,5275,5,D,NI,PD,D
14:27:16,UNVR,RG,5275,5,D,CC,PD,D
14:27:16,UNVR,RG,5275,10,D,PD,PD,D
14:27:16,UNVR,RG,5275,1,D,CC,PD,D
14:27:16,UNVR,RG,5275,12,D,EP,PD,D
14:27:16,UNVR,RG,5275,1,D,CC,PD,D
14:27:16,UNVR,RG,5275,4,D,CC,PD,D
14:27:16,UNVR,RG,5275,10,D,GR,PD,D
14:27:16,UNVR,RG,5275,2,D,YP,PD,D
14:27:16,UNVR,RG,5275,19,D,XC,PD,D
14:27:16,UNVR,RG,5275,2,D,PD,PD,D
14:27:16,UNVR,RG,5275,50,D,DR,PD,D
14:27:16,UNVR,RG,5275,1,D,CC,PD,D
14:27:16,UNVR,RG,5275,1,D,XC,PD,D
14:27:16,UNVR,RG,5275,5,D,PD,PD,D
14:27:16,UNVR,RG,5275,1,D,CC,PD,D
14:27:16,UNVR,RG,5275,5,D,CC,PD,D
14:27:16,UNVR,RG,5275,1,D,XC,PD,D
14:27:16,UNVR,RG,5275,10,D,CC,PD,D
14:27:16,UNVR,RG,5275,2,D,DR,PD,D
14:27:16,UNVR,RG,5275,10,D,XC,PD,D
14:27:16,UNVR,RG,5275,4,D,NI,PD,D
14:27:16,UNVR,RG,5275,5,D,CC,PD,D
14:27:16,UNVR,RG,5275,1,D,PD,PD,D
14:27:16,UNVR,RG,5275,30,D,GR,PD,D
14:27:16,UNVR,RG,5275,1,D,YP,PD,D
14:27:16,UNVR,RG,5275,10,D,CC,PD,D
14:27:16,UNVR,RG,5275,100,D,EP,PD,D
14:27:16,UNVR,RG,5275,10,D,YP,PD,D
14:27:16,UNVR,RG,5275,2,D,YP,PD,D
14:27:16,UNVR,RG,5275,100,D,YP,PD,D
14:27:16,UNVR,RG,5275,25,D,YP,PD,D
14:27:16,UNVR,RG,5275,210,D,YP,PD,D
14:27:08,UNVR,RG,5275,35,D,YP,BK,F
14:27:06,UNVR,RG,5275,6,D,YP,DR,D
14:26:48,UNVR,RG,5275,8,D,YP,NI,D
14:26:39,UNVR,RG,5300,1,F,AK,BK,F
14:26:18,UNVR,RG,5275,2,D,YP,XC,D
14:26:05,UNVR,RG,5300,1,D,XL,BK,F
14:26:04,UNVR,RG,5300,25,D,NI,BK,F
14:26:00,UNVR,RG,5300,36,F,AK,BK,F
14:26:00,UNVR,RG,5275,1,D,YP,AK,F
14:25:58,UNVR,RG,5300,1,D,XC,BK,F
14:25:55,UNVR,RG,5300,1,D,XL,BK,F
14:25:34,UNVR,RG,5300,5,D,SQ,BK,F
14:25:24,UNVR,RG,5300,1,F,AK,BK,F
14:25:21,UNVR,RG,5300,1,D,LG,BK,F
14:25:15,UNVR,RG,5300,65,D,MK,BK,F
14:25:15,UNVR,RG,5300,134,D,MK,CC,F
14:25:15,UNVR,RG,5300,64,D,MK,BK,F
14:25:15,UNVR,RG,5300,115,D,MK,AK,F
14:25:07,UNVR,RG,5300,2,F,AK,AK,F
14:25:07,UNVR,RG,5275,16,D,YP,BK,F
14:25:01,UNVR,RG,5275,2,D,YP,YP,D
14:24:54,UNVR,RG,5300,1,F,AK,AK,F
14:24:53,UNVR,RG,5275,18,D,YP,BK,F
14:24:47,UNVR,RG,5300,45,F,AK,AK,F
14:24:46,UNVR,RG,5275,480,D,YP,YU,D
14:24:37,UNVR,RG,5300,2,D,YP,AK,F
14:24:21,UNVR,RG,5300,4,F,AK,AK,F
14:24:21,UNVR,RG,5275,36,D,YP,BK,F
14:24:07,UNVR,RG,5300,5,D,KK,AK,F
14:23:52,UNVR,RG,5300,3,F,AK,AK,F
14:23:52,UNVR,RG,5275,37,D,YP,BK,F
14:23:37,UNVR,RG,5300,5,F,AK,AK,F
14:23:37,UNVR,RG,5275,14,D,YP,BK,F
14:23:30,UNVR,RG,5300,35,D,EP,AK,F
14:23:23,UNVR,RG,5300,2,F,AK,AK,F
14:23:22,UNVR,RG,5275,32,D,YP,BK,F
14:23:18,UNVR,RG,5300,1,D,XC,AK,F
14:23:08,UNVR,RG,5300,100,D,EP,AK,F
14:22:58,UNVR,RG,5275,30,D,YP,BK,F
14:22:56,UNVR,RG,5300,54,F,ZP,AK,F
14:22:56,UNVR,RG,5300,5,F,ZP,KZ,F
14:22:56,UNVR,RG,5300,5,F,ZP,KZ,F
14:22:56,UNVR,RG,5300,3,F,ZP,KZ,F
14:22:56,UNVR,RG,5300,7,F,ZP,CS,F
14:22:56,UNVR,RG,5300,23,F,ZP,CS,F
14:22:56,UNVR,RG,5300,28,F,ZP,CS,F
14:22:55,UNVR,RG,5300,19,F,ZP,CS,F
14:22:55,UNVR,RG,5300,12,F,ZP,YU,F
14:22:51,UNVR,RG,5275,73,D,YP,KK,D
14:22:51,UNVR,RG,5275,3,D,YP,KK,D
14:22:51,UNVR,RG,5275,18,D,YP,KK,D
14:22:51,UNVR,RG,5275,9,D,XA,KK,D
14:22:51,UNVR,RG,5275,10,D,PD,KK,D
14:22:51,UNVR,RG,5275,1,D,DH,KK,D
14:22:51,UNVR,RG,5275,2,D,EP,KK,D
14:22:51,UNVR,RG,5275,1,D,PD,KK,D
14:22:51,UNVR,RG,5275,10,D,KK,KK,D
14:22:51,UNVR,RG,5275,10,D,CC,KK,D
14:22:51,UNVR,RG,5275,1,D,CC,KK,D
14:22:51,UNVR,RG,5275,8,D,PD,KK,D
14:22:47,UNVR,RG,5275,12,D,PD,BK,F
14:22:47,UNVR,RG,5275,4,D,KK,BK,F
14:22:37,UNVR,RG,5300,26,D,YP,YU,F
14:22:37,UNVR,RG,5300,6,D,YP,CS,D
14:22:37,UNVR,RG,5300,18,D,YP,CS,D
14:22:34,UNVR,RG,5275,1,D,KK,PD,D
14:22:34,UNVR,RG,5275,3,D,KK,BK,F
14:22:34,UNVR,RG,5275,3,D,CC,BK,F
14:22:34,UNVR,RG,5275,8,D,GR,BK,F
14:22:25,UNVR,RG,5300,100,D,CD,CS,D
14:22:22,UNVR,RG,5275,12,D,GR,BK,F
14:22:22,UNVR,RG,5275,3,D,DR,BK,F
14:22:14,UNVR,RG,5275,10,D,DR,KK,D
14:22:14,UNVR,RG,5275,50,D,DR,YB,D
14:22:09,UNVR,RG,5300,10,D,KK,CS,D
14:22:09,UNVR,RG,5275,15,D,DR,BK,F
14:21:56,UNVR,RG,5275,19,D,DR,YU,F
14:21:53,UNVR,RG,5275,20,D,DR,BK,F
14:21:39,UNVR,RG,5300,1,F,AK,CS,D
14:21:30,UNVR,RG,5275,19,D,DR,YU,F
14:21:27,UNVR,RG,5275,28,D,DR,BK,F
14:21:27,UNVR,RG,5275,1,D,DR,XC,D
14:21:24,UNVR,RG,5275,15,D,DR,BK,F
14:21:24,UNVR,RG,5300,6,D,KK,CS,D
14:21:24,UNVR,RG,5300,6,D,KK,CS,D
14:21:24,UNVR,RG,5275,5,D,DR,YP,D
14:21:24,UNVR,RG,5300,25,F,ZP,AK,F
14:21:24,UNVR,RG,5275,15,D,DR,CS,F
14:21:24,UNVR,RG,5275,5,D,EP,CS,F
14:21:24,UNVR,RG,5275,3,D,XC,CS,F
14:21:24,UNVR,RG,5275,1,D,PD,CS,F
14:21:24,UNVR,RG,5275,18,D,ES,CS,F
14:21:24,UNVR,RG,5275,7,D,ES,CS,D
14:21:24,UNVR,RG,5300,5,D,PD,AK,F
14:21:24,UNVR,RG,5300,4,F,AK,AK,F
14:21:24,UNVR,RG,5300,5,F,AK,AK,F
14:21:24,UNVR,RG,5300,6,F,AK,AK,F
14:21:24,UNVR,RG,5300,2,F,AK,AK,F
14:21:24,UNVR,RG,5300,3,F,AK,AK,F
14:21:24,UNVR,RG,5300,5,F,AK,AK,F
14:21:24,UNVR,RG,5300,5,F,AK,AK,F
14:21:24,UNVR,RG,5300,9,F,AK,AK,F
14:21:24,UNVR,RG,5300,9,F,AK,AK,F
14:21:24,UNVR,RG,5300,50,D,NI,AK,F
14:21:24,UNVR,RG,5300,231,F,ZP,AK,F
14:21:24,UNVR,RG,5300,365,F,ZP,AK,F
14:21:24,UNVR,RG,5300,2,F,CS,AK,F
14:21:24,UNVR,RG,5300,2,F,CS,AK,F
14:21:24,UNVR,RG,5300,3,F,CS,AK,F
14:21:24,UNVR,RG,5300,1,F,CS,AK,F
14:21:24,UNVR,RG,5300,5,F,AK,AK,F
14:21:24,UNVR,RG,5300,100,D,YP,AK,F
14:21:24,UNVR,RG,5300,12,D,XC,AK,F
14:21:24,UNVR,RG,5300,29,D,OD,AK,F
14:21:24,UNVR,RG,5300,2,D,SQ,AK,F
14:21:24,UNVR,RG,5300,1,D,TP,AK,F
14:21:24,UNVR,RG,5300,2,D,CC,AK,F
14:21:24,UNVR,RG,5300,3,F,CS,AK,F
14:21:24,UNVR,RG,5300,4,F,CS,AK,F
14:21:24,UNVR,RG,5300,3,D,SQ,AK,F
14:21:24,UNVR,RG,5300,1,D,XC,AK,F
14:21:24,UNVR,RG,5300,1,D,PD,AK,F
14:21:24,UNVR,RG,5300,1,D,PD,AK,F
14:21:24,UNVR,RG,5300,3,D,XC,AK,F
14:21:24,UNVR,RG,5300,1,D,XL,AK,F
14:21:24,UNVR,RG,5300,1,F,CS,AK,F
14:21:24,UNVR,RG,5300,10,D,YP,AK,F
14:21:24,UNVR,RG,5300,2,F,AK,AK,F
14:21:24,UNVR,RG,5300,1,D,CC,AK,F
14:21:24,UNVR,RG,5300,4,D,XC,AK,F
14:21:24,UNVR,RG,5300,10,D,ZP,AK,F
14:21:24,UNVR,RG,5300,1,D,CC,AK,F
14:21:24,UNVR,RG,5300,1,D,XL,AK,F
14:21:24,UNVR,RG,5300,20,D,YB,AK,F
14:21:24,UNVR,RG,5300,24,F,ZP,AK,F
14:21:24,UNVR,RG,5300,37,F,ZP,AK,F
14:21:24,UNVR,RG,5300,5,D,YP,AK,F
14:21:24,UNVR,RG,5300,2,F,CS,AK,F
14:21:24,UNVR,RG,5300,3,D,XC,AK,F
14:21:24,UNVR,RG,5300,3,D,AZ,AK,F
14:21:24,UNVR,RG,5300,2,D,XC,AK,F
14:21:24,UNVR,RG,5300,1,D,XC,AK,F
14:21:24,UNVR,RG,5300,4,F,CS,AK,F
14:21:24,UNVR,RG,5300,4,F,CS,AK,F
14:21:24,UNVR,RG,5300,102,F,ZP,AK,F
14:21:24,UNVR,RG,5300,1,D,YP,AK,F
14:21:24,UNVR,RG,5300,100,D,YP,AK,F
14:21:24,UNVR,RG,5300,1,F,AK,AK,F
14:21:24,UNVR,RG,5300,1,D,PD,AK,F
14:21:24,UNVR,RG,5300,1,D,YP,AK,F
14:21:24,UNVR,RG,5300,5,D,AI,AK,F
14:21:24,UNVR,RG,5300,1,D,XL,AK,F
14:21:24,UNVR,RG,5300,4,D,DH,AK,F
14:21:24,UNVR,RG,5300,10,D,YP,AK,F
14:21:24,UNVR,RG,5300,20,D,CC,AK,F
14:21:24,UNVR,RG,5300,120,D,CS,AK,F
14:21:24,UNVR,RG,5300,1,D,SQ,AK,F
14:21:24,UNVR,RG,5300,2,D,DR,AK,F
14:21:24,UNVR,RG,5300,9,D,RX,AK,F
14:21:24,UNVR,RG,5300,1,F,CS,AK,F
14:21:24,UNVR,RG,5300,1,D,PD,AK,F
14:21:24,UNVR,RG,5300,54,D,CC,AK,F
14:21:24,UNVR,RG,5300,1,D,YP,AK,F
14:21:24,UNVR,RG,5300,35,D,YP,AK,F
14:21:24,UNVR,RG,5300,16,D,CS,AK,F
14:21:24,UNVR,RG,5300,200,D,YB,AK,F
14:21:24,UNVR,RG,5300,1,F,CS,AK,F
14:21:24,UNVR,RG,5300,2,F,CS,AK,F
14:21:24,UNVR,RG,5300,23,F,ZP,AK,F
14:21:24,UNVR,RG,5300,1,D,PD,AK,F
14:21:24,UNVR,RG,5300,28,D,XC,AK,F
14:21:24,UNVR,RG,5300,1,D,XC,AK,F
14:21:24,UNVR,RG,5300,1,D,CC,AK,F
14:21:24,UNVR,RG,5300,30,D,SQ,AK,F
14:21:24,UNVR,RG,5300,2,F,CS,AK,F
14:21:24,UNVR,RG,5300,3,D,DR,AK,F
14:21:24,UNVR,RG,5300,454,F,BK,AK,F
14:21:24,UNVR,RG,5300,2,F,BK,ZP,F
14:21:24,UNVR,RG,5300,497,F,BK,KZ,F
14:21:24,UNVR,RG,5300,2,D,NI,KZ,F
14:21:24,UNVR,RG,5300,1,D,PD,KZ,F
14:21:24,UNVR,RG,5300,10,D,XC,KZ,F
14:21:24,UNVR,RG,5300,10,D,XL,KZ,F
14:21:24,UNVR,RG,5300,1,D,PD,KZ,F
14:21:24,UNVR,RG,5300,2,D,PD,KZ,F
14:21:24,UNVR,RG,5300,10,D,YP,KZ,F
14:21:24,UNVR,RG,5300,5,D,PD,KZ,F
14:21:24,UNVR,RG,5300,2,D,PD,KZ,F
14:21:24,UNVR,RG,5300,10,D,CC,KZ,F
14:21:24,UNVR,RG,5300,5,D,XL,KZ,F
14:21:24,UNVR,RG,5300,3,D,IF,KZ,F
14:21:24,UNVR,RG,5300,84,D,CS,KZ,F
14:21:24,UNVR,RG,5300,3,D,CS,LG,D
14:21:24,UNVR,RG,5300,3,F,CS,LG,D
14:21:24,UNVR,RG,5300,1,D,PD,LG,D
14:21:24,UNVR,RG,5300,12,F,BK,LG,D
14:21:24,UNVR,RG,5300,5,F,AK,LG,D
14:21:24,UNVR,RG,5300,3,F,CS,LG,D
14:21:24,UNVR,RG,5300,2,F,CS,LG,D
14:21:24,UNVR,RG,5300,42,D,CS,LG,D
14:21:24,UNVR,RG,5300,84,D,CS,LG,D
14:21:24,UNVR,RG,5300,20,D,OD,LG,D
14:21:24,UNVR,RG,5300,1,F,BK,LG,D
14:21:24,UNVR,RG,5300,3,D,XC,LG,D
14:21:24,UNVR,RG,5300,29,F,BK,LG,D
14:21:24,UNVR,RG,5300,4,F,AK,LG,D
14:21:24,UNVR,RG,5300,1,D,XC,LG,D
14:21:24,UNVR,RG,5300,65,D,CS,LG,D
14:21:24,UNVR,RG,5300,80,D,OD,LG,D
14:21:24,UNVR,RG,5300,29,F,BK,LG,D
14:21:24,UNVR,RG,5300,10,D,CC,LG,D
14:21:24,UNVR,RG,5300,13,F,ZP,LG,D
14:21:24,UNVR,RG,5300,1,D,CC,LG,D
14:21:24,UNVR,RG,5300,7,F,AK,LG,D
14:21:24,UNVR,RG,5300,2,F,CS,LG,D
14:21:24,UNVR,RG,5300,1,D,PD,LG,D
14:21:24,UNVR,RG,5300,4,F,CS,LG,D
14:21:24,UNVR,RG,5300,2,D,XC,LG,D
14:21:24,UNVR,RG,5300,4,D,XC,LG,D
14:21:24,UNVR,RG,5300,9,D,EP,LG,D
14:21:24,UNVR,RG,5300,41,D,CS,LG,D
14:21:24,UNVR,RG,5300,50,D,KK,LG,D
14:21:24,UNVR,RG,5300,26,F,BK,LG,D
14:21:24,UNVR,RG,5300,4,F,AK,LG,D
14:21:24,UNVR,RG,5300,197,D,CS,LG,D
14:21:24,UNVR,RG,5300,1,D,YP,LG,D
14:21:24,UNVR,RG,5300,1,D,YP,LG,D
14:21:24,UNVR,RG,5300,3,F,AK,LG,D
14:21:24,UNVR,RG,5300,2,F,AK,LG,D
14:21:24,UNVR,RG,5300,50,D,SA,LG,D
14:21:24,UNVR,RG,5300,4,F,AK,LG,D
14:21:24,UNVR,RG,5300,10,D,AT,LG,D
14:21:24,UNVR,RG,5300,1,F,CS,LG,D
14:21:24,UNVR,RG,5300,1,D,AN,LG,D
14:21:24,UNVR,RG,5300,1,F,CS,LG,D
14:21:24,UNVR,RG,5300,1,D,DH,LG,D
14:21:24,UNVR,RG,5300,20,D,DH,LG,D
14:21:24,UNVR,RG,5300,1,D,XL,LG,D
14:21:24,UNVR,RG,5300,35,F,BK,LG,D
14:21:24,UNVR,RG,5300,30,F,YU,LG,D
14:21:24,UNVR,RG,5300,3,D,XC,LG,D
14:21:24,UNVR,RG,5300,1,F,AK,LG,D
14:21:24,UNVR,RG,5300,10,D,EP,LG,D
14:21:24,UNVR,RG,5300,2,F,CS,LG,D
14:21:24,UNVR,RG,5300,2,F,AK,LG,D
14:21:24,UNVR,RG,5300,3,F,AK,LG,D
14:21:24,UNVR,RG,5300,5,D,CC,LG,D
14:21:24,UNVR,RG,5300,4,F,AK,LG,D
14:21:24,UNVR,RG,5300,2,D,YP,LG,D
14:21:24,UNVR,RG,5300,1,D,PD,LG,D
14:21:24,UNVR,RG,5300,2,D,OD,LG,D
14:21:24,UNVR,RG,5300,2,F,CS,LG,D
14:21:24,UNVR,RG,5300,10,D,YP,LG,D
14:21:24,UNVR,RG,5300,27,F,BK,LG,D
14:21:24,UNVR,RG,5300,10,D,AZ,LG,D
14:21:24,UNVR,RG,5300,1,D,PD,LG,D
14:21:24,UNVR,RG,5300,20,D,LG,LG,D
14:21:24,UNVR,RG,5300,7,D,RX,LG,D
14:21:24,UNVR,RG,5300,15,F,ZP,LG,D
14:21:24,UNVR,RG,5300,2,F,ZP,LG,D
14:21:24,UNVR,RG,5300,23,F,ZP,LG,D
14:21:24,UNVR,RG,5300,21,F,ZP,LG,D
14:21:24,UNVR,RG,5300,24,F,ZP,LG,D
14:21:24,UNVR,RG,5300,495,F,BK,LG,D
14:21:24,UNVR,RG,5300,119,F,ZP,LG,D
14:21:24,UNVR,RG,5300,228,F,ZP,LG,D
14:21:24,UNVR,RG,5300,21,F,ZP,LG,D
14:21:24,UNVR,RG,5300,13,D,PD,LG,D
14:21:12,UNVR,RG,5300,6,D,PD,CS,D
14:21:12,UNVR,RG,5300,45,F,YU,CS,D
14:21:12,UNVR,RG,5300,24,F,BK,CS,D
14:21:12,UNVR,RG,5300,2,D,XL,CS,D
14:21:12,UNVR,RG,5300,100,D,KK,CS,D
14:21:12,UNVR,RG,5300,4,D,XC,CS,D
14:21:12,UNVR,RG,5300,1,D,CC,CS,D
14:21:12,UNVR,RG,5300,4,D,KK,CS,D
14:21:12,UNVR,RG,5300,96,D,KK,DR,D
14:21:12,UNVR,RG,5300,94,D,DH,DR,D
14:21:12,UNVR,RG,5300,2,F,AK,DR,D
14:21:12,UNVR,RG,5300,1,D,LG,DR,D
14:21:12,UNVR,RG,5300,1,D,XC,DR,D
14:21:12,UNVR,RG,5300,4,D,YP,DR,D
14:21:12,UNVR,RG,5300,10,D,XC,DR,D
14:21:12,UNVR,RG,5300,2,D,XC,DR,D
14:21:12,UNVR,RG,5300,5,D,DH,DR,D
14:21:12,UNVR,RG,5300,6,D,YU,DR,D
14:21:12,UNVR,RG,5300,94,D,YU,DR,D
14:21:12,UNVR,RG,5300,1,D,XC,DR,D
14:21:12,UNVR,RG,5300,3,D,XC,DR,D
14:21:12,UNVR,RG,5300,1,D,XL,DR,D
14:21:12,UNVR,RG,5300,5,D,YP,DR,D
14:21:12,UNVR,RG,5300,1,D,XC,DR,D
14:21:12,UNVR,RG,5300,1,D,CC,DR,D
14:21:12,UNVR,RG,5300,1,D,PD,DR,D
14:21:12,UNVR,RG,5300,10,D,XC,DR,D
14:21:12,UNVR,RG,5300,5,D,PD,DR,D
14:21:12,UNVR,RG,5300,1,D,PD,DR,D
14:21:12,UNVR,RG,5300,20,D,PD,DR,D
14:21:12,UNVR,RG,5300,18,D,CC,DR,D
14:21:12,UNVR,RG,5300,8,F,ZP,DR,D
14:21:12,UNVR,RG,5300,12,F,ZP,DR,D
14:21:12,UNVR,RG,5300,1,D,PD,DR,D
14:21:12,UNVR,RG,5300,5,D,YP,DR,D
14:21:12,UNVR,RG,5300,1,D,PD,DR,D
14:21:12,UNVR,RG,5300,1,D,YP,DR,D
14:21:12,UNVR,RG,5300,1,D,ZP,DR,D
14:21:12,UNVR,RG,5300,1,D,TF,DR,D
14:21:12,UNVR,RG,5300,2,D,ZP,DR,D
14:21:12,UNVR,RG,5300,20,D,DX,DR,D
14:21:12,UNVR,RG,5300,10,D,CC,DR,D
14:21:12,UNVR,RG,5300,1,D,XC,DR,D
14:21:12,UNVR,RG,5300,4,F,BK,DR,D
14:21:12,UNVR,RG,5300,10,D,YU,DR,D
14:21:12,UNVR,RG,5300,28,F,BK,DR,D
14:21:12,UNVR,RG,5300,1213,D,EP,DR,D
14:21:11,UNVR,RG,5300,2,D,EP,PD,D
14:21:05,UNVR,RG,5300,27,D,EP,BK,F
14:20:55,UNVR,RG,5300,111,D,EP,YP,D
14:20:47,UNVR,RG,5325,3,D,RX,PD,D
14:20:45,UNVR,RG,5300,22,D,EP,BK,F
14:20:45,UNVR,RG,5325,1,F,AK,PD,D
14:20:42,UNVR,RG,5325,1,F,CS,PD,D
14:20:37,UNVR,RG,5325,2,D,PD,PD,D
14:20:28,UNVR,RG,5300,22,D,EP,BK,F
14:20:21,UNVR,RG,5325,2,D,CC,PD,D
14:20:17,UNVR,RG,5325,143,F,ZP,PD,D
14:20:10,UNVR,RG,5300,19,D,EP,BK,F
14:19:53,UNVR,RG,5300,19,D,EP,YU,F
14:19:48,UNVR,RG,5300,24,D,EP,BK,F
14:19:48,UNVR,RG,5325,10,F,AK,PD,D
14:19:45,UNVR,RG,5325,8,F,AK,PD,D
14:19:41,UNVR,RG,5300,241,D,EP,CS,F
14:19:41,UNVR,RG,5300,1,D,XC,CS,F
14:19:41,UNVR,RG,5300,1,D,PD,CS,F
14:19:37,UNVR,RG,5300,1,D,PD,PD,D
14:19:37,UNVR,RG,5300,9,D,ZP,PD,D
14:19:34,UNVR,RG,5300,7,D,ZP,BK,F
14:19:34,UNVR,RG,5300,4,D,ZP,BK,F
14:19:34,UNVR,RG,5300,4,D,ZP,BK,F
14:19:34,UNVR,RG,5300,4,D,ZP,BK,F
14:19:34,UNVR,RG,5300,2,D,ZP,BK,F
14:19:25,UNVR,RG,5300,2,D,ZP,BK,F
14:19:25,UNVR,RG,5300,4,D,ZP,BK,F
14:19:25,UNVR,RG,5300,4,D,ZP,BK,F
14:19:25,UNVR,RG,5300,4,D,ZP,BK,F
14:19:25,UNVR,RG,5300,1,D,ZP,BK,F
14:19:14,UNVR,RG,5300,3,D,ZP,BK,F
14:19:14,UNVR,RG,5300,4,D,ZP,BK,F
14:19:14,UNVR,RG,5300,4,D,ZP,BK,F
14:19:14,UNVR,RG,5300,4,D,ZP,BK,F
14:19:14,UNVR,RG,5300,1,D,ZP,BK,F
14:19:14,UNVR,RG,5325,294,D,CS,PD,D
14:19:05,UNVR,RG,5300,3,D,ZP,BK,F
14:19:05,UNVR,RG,5300,4,D,ZP,BK,F
14:19:05,UNVR,RG,5300,4,D,ZP,BK,F
14:19:05,UNVR,RG,5300,4,D,ZP,BK,F
14:19:00,UNVR,RG,5300,1,D,ZP,PD,D
14:19:00,UNVR,RG,5325,114,F,YU,PD,D
14:19:00,UNVR,RG,5325,54,D,CC,PD,D
14:18:57,UNVR,RG,5300,3,D,ZP,BK,F
14:18:57,UNVR,RG,5300,4,D,ZP,BK,F
14:18:57,UNVR,RG,5300,4,D,ZP,BK,F
14:18:57,UNVR,RG,5300,3,D,ZP,BK,F
14:18:49,UNVR,RG,5300,1,D,ZP,CC,D
14:18:49,UNVR,RG,5300,4,D,ZP,CC,D
14:18:44,UNVR,RG,5300,4,D,ZP,BK,F
14:18:44,UNVR,RG,5300,1,D,YP,BK,F
14:18:44,UNVR,RG,5300,10,F,BK,BK,F
14:18:35,UNVR,RG,5300,14,F,BK,BK,F
14:18:28,UNVR,RG,5325,10,D,XL,PD,D
14:18:23,UNVR,RG,5300,4,F,BK,BK,F
14:18:23,UNVR,RG,5300,18,D,CC,BK,F
14:18:15,UNVR,RG,5325,5,F,AK,PD,D
14:18:09,UNVR,RG,5300,2,D,CC,BK,F
14:18:09,UNVR,RG,5300,5,D,XC,BK,F
14:18:09,UNVR,RG,5300,5,D,CC,BK,F
14:18:09,UNVR,RG,5300,10,D,YP,BK,F
14:18:09,UNVR,RG,5300,1,D,XC,BK,F
14:18:03,UNVR,RG,5300,1,D,XC,XC,D
14:18:03,UNVR,RG,5300,1,D,FS,XC,D
14:17:55,UNVR,RG,5300,1,D,FS,BK,F
14:17:55,UNVR,RG,5300,2,D,CC,BK,F
14:17:55,UNVR,RG,5300,2,F,AK,BK,F
14:17:55,UNVR,RG,5300,1,D,PD,BK,F
14:17:55,UNVR,RG,5300,10,D,EP,BK,F
14:17:49,UNVR,RG,5325,1,D,XL,PD,D
14:17:44,UNVR,RG,5300,10,D,EP,HP,D
14:17:44,UNVR,RG,5300,1,D,XC,HP,D
14:17:44,UNVR,RG,5300,1,D,XC,HP,D
14:17:44,UNVR,RG,5300,4,D,XC,HP,D
14:17:44,UNVR,RG,5300,10,D,CC,HP,D
14:17:44,UNVR,RG,5300,2,D,OD,HP,D
14:17:44,UNVR,RG,5300,5,D,YB,HP,D
14:17:44,UNVR,RG,5300,5,D,YP,HP,D
14:17:44,UNVR,RG,5300,1,D,PD,HP,D
14:17:39,UNVR,RG,5300,1,D,PD,YP,D
14:17:39,UNVR,RG,5300,2,D,NI,YP,D
14:17:39,UNVR,RG,5300,1,D,OD,YP,D
14:17:39,UNVR,RG,5300,1,D,XC,YP,D
14:17:38,UNVR,RG,5300,5,D,LG,BK,F
14:17:38,UNVR,RG,5300,2,D,XC,BK,F
14:17:38,UNVR,RG,5300,1,D,EP,BK,F
14:17:38,UNVR,RG,5300,14,D,XC,BK,F
14:17:31,UNVR,RG,5300,54,D,XC,LG,D
14:17:31,UNVR,RG,5300,5,D,PD,LG,D
14:17:31,UNVR,RG,5300,2,D,XL,LG,D
14:17:31,UNVR,RG,5300,4,D,XL,LG,D
14:17:31,UNVR,RG,5300,5,D,XL,LG,D
14:17:31,UNVR,RG,5300,4,D,YP,LG,D
14:17:31,UNVR,RG,5300,5,D,YP,LG,D
14:17:31,UNVR,RG,5300,1,D,XC,LG,D
14:17:31,UNVR,RG,5300,1,D,XC,LG,D
14:17:31,UNVR,RG,5300,1,D,CC,LG,D
14:17:31,UNVR,RG,5300,1,D,XL,LG,D
14:17:31,UNVR,RG,5300,9,D,XC,LG,D
14:17:31,UNVR,RG,5300,1,D,CC,LG,D
14:17:31,UNVR,RG,5300,1,D,CC,LG,D
14:17:31,UNVR,RG,5300,2,D,XL,LG,D
14:17:31,UNVR,RG,5300,1,D,XL,LG,D
14:17:31,UNVR,RG,5300,2,D,AT,LG,D
14:17:31,UNVR,RG,5300,1,D,PD,LG,D
14:17:31,UNVR,RG,5300,1,D,PD,LG,D
14:17:31,UNVR,RG,5300,19,D,PD,LG,D
14:17:27,UNVR,RG,5300,1,D,PD,BK,F
14:17:27,UNVR,RG,5300,3,D,PD,BK,F
14:17:27,UNVR,RG,5300,10,D,PD,BK,F
14:17:27,UNVR,RG,5300,2,D,PD,BK,F
14:17:24,UNVR,RG,5300,2,D,PD,BQ,D
14:17:24,UNVR,RG,5300,5,D,AT,BQ,D
14:17:20,UNVR,RG,5325,10,D,ZP,PD,D
14:17:17,UNVR,RG,5300,16,D,AT,BK,F
14:17:12,UNVR,RG,5325,51,D,CS,PD,D
14:17:06,UNVR,RG,5325,1,F,AK,PD,D
14:17:06,UNVR,RG,5300,17,D,AT,BK,F
14:17:01,UNVR,RG,5325,1,D,PD,PD,D
14:17:01,UNVR,RG,5325,24,F,ZP,PD,D
14:17:00,UNVR,RG,5325,1,F,CS,PD,D
14:16:54,UNVR,RG,5325,1,F,AK,PD,D
14:16:54,UNVR,RG,5300,12,D,AT,BK,F
14:16:54,UNVR,RG,5300,5,D,DH,BK,F
14:16:49,UNVR,RG,5300,5,D,DH,YU,F
14:16:49,UNVR,RG,5300,4,D,EP,YU,F
14:16:49,UNVR,RG,5300,9,D,GR,YU,F
14:16:41,UNVR,RG,5325,1,F,AK,PD,D
14:16:41,UNVR,RG,5300,1,D,GR,BK,F
14:16:41,UNVR,RG,5300,5,D,GR,BK,F
14:16:41,UNVR,RG,5300,10,D,GR,BK,F
14:16:41,UNVR,RG,5300,5,D,YB,BK,F
14:16:30,UNVR,RG,5300,3,D,YB,PD,D
14:16:28,UNVR,RG,5325,30,F,AK,PD,D
14:16:27,UNVR,RG,5300,2,D,YB,LG,D
14:16:27,UNVR,RG,5300,1,D,CC,LG,D
14:16:27,UNVR,RG,5300,1,D,XL,LG,D
14:16:27,UNVR,RG,5300,2,D,AI,LG,D
14:16:27,UNVR,RG,5300,7,D,PD,LG,D
14:16:27,UNVR,RG,5300,1,D,XC,LG,D
14:16:27,UNVR,RG,5300,2,D,XC,LG,D
14:16:27,UNVR,RG,5300,1,D,KK,LG,D
14:16:27,UNVR,RG,5300,1,D,YP,LG,D
14:16:27,UNVR,RG,5300,1,D,XL,LG,D
14:16:27,UNVR,RG,5300,2,D,YP,LG,D
14:16:27,UNVR,RG,5300,1,D,PD,LG,D
14:16:27,UNVR,RG,5300,1,D,PD,LG,D
14:16:27,UNVR,RG,5300,2,D,KK,LG,D
14:16:27,UNVR,RG,5300,10,D,NI,LG,D
14:16:27,UNVR,RG,5300,21,D,PD,LG,D
14:16:27,UNVR,RG,5300,1,D,DH,LG,D
14:16:27,UNVR,RG,5300,1,D,KK,LG,D
14:16:27,UNVR,RG,5300,5,D,CC,LG,D
14:16:27,UNVR,RG,5300,1,D,YP,LG,D
14:16:27,UNVR,RG,5300,3,D,YP,LG,D
14:16:27,UNVR,RG,5300,5,D,YB,LG,D
14:16:27,UNVR,RG,5300,1,D,XC,LG,D
14:16:27,UNVR,RG,5300,1,D,YP,LG,D
14:16:27,UNVR,RG,5300,1,D,XC,LG,D
14:16:27,UNVR,RG,5300,1,D,XC,LG,D
14:16:27,UNVR,RG,5300,1,D,SQ,LG,D
14:16:27,UNVR,RG,5300,5,D,SQ,LG,D
14:16:27,UNVR,RG,5300,2,D,XC,LG,D
14:16:27,UNVR,RG,5300,5,D,CC,LG,D
14:16:27,UNVR,RG,5300,1,D,XC,LG,D
14:16:27,UNVR,RG,5300,4,D,DH,LG,D
14:16:27,UNVR,RG,5300,10,D,XL,LG,D
14:16:27,UNVR,RG,5300,1,D,XC,LG,D
14:16:27,UNVR,RG,5300,2,D,CC,LG,D
14:16:27,UNVR,RG,5300,6,D,XC,LG,D
14:16:27,UNVR,RG,5300,1,D,YP,LG,D
14:16:27,UNVR,RG,5300,10,D,SQ,LG,D
14:16:27,UNVR,RG,5300,10,D,HP,LG,D
14:16:27,UNVR,RG,5300,1,F,ZP,LG,D
14:16:27,UNVR,RG,5300,1,D,CC,LG,D
14:16:27,UNVR,RG,5300,10,D,YP,LG,D
14:16:27,UNVR,RG,5300,14,F,ZP,LG,D
14:16:27,UNVR,RG,5300,5,D,SQ,LG,D
14:16:27,UNVR,RG,5300,25,D,PD,LG,D
14:16:27,UNVR,RG,5300,10,D,CC,LG,D
14:16:27,UNVR,RG,5300,1,D,XC,LG,D
14:16:27,UNVR,RG,5300,1000,D,CC,LG,D
14:16:27,UNVR,RG,5300,23,F,BK,LG,D
14:16:27,UNVR,RG,5300,20,D,GR,LG,D
14:16:27,UNVR,RG,5300,1,D,GR,LG,D
14:16:27,UNVR,RG,5300,1,D,DR,LG,D
14:16:27,UNVR,RG,5300,3,D,CC,LG,D
14:16:27,UNVR,RG,5300,1,F,ZP,LG,D
14:16:27,UNVR,RG,5300,5,D,PD,LG,D
14:16:27,UNVR,RG,5300,3,D,YP,LG,D
14:16:27,UNVR,RG,5300,29,F,BK,LG,D
14:16:27,UNVR,RG,5300,1,D,PD,LG,D
14:16:27,UNVR,RG,5300,2,D,CC,LG,D
14:16:27,UNVR,RG,5300,2,D,KK,LG,D
14:16:27,UNVR,RG,5300,2,D,SQ,LG,D
14:16:27,UNVR,RG,5300,7,D,DR,LG,D
14:16:27,UNVR,RG,5300,10,D,RO,LG,D
14:16:27,UNVR,RG,5300,17,D,YP,LG,D
14:16:25,UNVR,RG,5325,1,F,AK,PD,D
14:16:25,UNVR,RG,5325,3,D,YP,PD,D
14:16:24,UNVR,RG,5300,3,D,YP,BK,F
14:16:24,UNVR,RG,5300,15,D,XL,BK,F
14:16:24,UNVR,RG,5300,1,D,XC,BK,F
14:16:24,UNVR,RG,5300,1,D,XC,BK,F
14:16:24,UNVR,RG,5300,2,D,YP,BK,F
14:16:17,UNVR,RG,5325,5,D,YP,PD,D
14:16:12,UNVR,RG,5300,8,D,YP,BK,F
14:16:12,UNVR,RG,5300,1,D,YP,BK,F
14:16:12,UNVR,RG,5300,2,D,PD,BK,F
14:16:12,UNVR,RG,5300,2,D,XC,BK,F
14:16:12,UNVR,RG,5300,3,D,YP,BK,F
14:16:12,UNVR,RG,5300,1,D,DR,BK,F
14:16:03,UNVR,RG,5325,5,F,AK,PD,D
14:16:01,UNVR,RG,5325,9,F,AK,PD,D
14:16:00,UNVR,RG,5300,1,D,DR,CS,D
14:16:00,UNVR,RG,5300,1,D,GR,CS,D
14:16:00,UNVR,RG,5300,1,D,KK,CS,D
14:16:00,UNVR,RG,5300,1,D,GR,CS,D
14:16:00,UNVR,RG,5300,1,D,YP,CS,D
14:16:00,UNVR,RG,5300,1,D,PD,CS,D
14:16:00,UNVR,RG,5300,5,D,SQ,CS,D
14:16:00,UNVR,RG,5300,1,D,YP,CS,D
14:16:00,UNVR,RG,5300,2,D,YP,CS,D
14:16:00,UNVR,RG,5300,1,D,DH,CS,D
14:16:00,UNVR,RG,5300,1,D,SQ,CS,D
14:16:00,UNVR,RG,5300,1,D,RG,CS,D
14:16:00,UNVR,RG,5300,1,D,AZ,CS,D
14:16:00,UNVR,RG,5300,5,D,LG,CS,D
14:16:00,UNVR,RG,5300,1,D,PD,CS,D
14:16:00,UNVR,RG,5300,3,D,PD,CS,D
14:16:00,UNVR,RG,5300,10,D,DH,CS,D
14:16:00,UNVR,RG,5300,5,D,CC,CS,D
14:16:00,UNVR,RG,5300,2,D,XC,CS,D
14:16:00,UNVR,RG,5300,2,D,YP,CS,D
14:16:00,UNVR,RG,5300,5,D,YP,CS,D
14:16:00,UNVR,RG,5300,50,D,IF,CS,D
14:16:00,UNVR,RG,5300,100,D,YP,CS,D
14:16:00,UNVR,RG,5300,10,D,NI,CS,D
14:16:00,UNVR,RG,5300,1,D,PD,CS,D
14:16:00,UNVR,RG,5300,15,D,CC,CS,D
14:16:00,UNVR,RG,5300,4,D,MK,CS,D
14:16:00,UNVR,RG,5300,1,D,PD,CS,D
14:16:00,UNVR,RG,5300,10,D,XC,CS,D
14:16:00,UNVR,RG,5300,71,D,ZP,CS,D
14:15:59,UNVR,RG,5300,21,D,ZP,BK,F
14:15:51,UNVR,RG,5325,10,F,AI,PD,D
14:15:47,UNVR,RG,5325,11,F,AI,PD,D
14:15:47,UNVR,RG,5325,3,F,AI,YP,D
14:15:47,UNVR,RG,5325,7,F,AI,KZ,F
14:15:47,UNVR,RG,5325,1,F,AI,AK,F
14:15:47,UNVR,RG,5325,3,F,AI,KZ,F
14:15:44,UNVR,RG,5325,1,F,AK,KZ,F
14:15:43,UNVR,RG,5300,22,D,ZP,BK,F
14:15:42,UNVR,RG,5325,5,F,AI,KZ,F
14:15:38,UNVR,RG,5325,5,F,AI,KZ,F
14:15:35,UNVR,RG,5325,17,D,KK,KZ,F
14:15:35,UNVR,RG,5325,8,D,KK,CS,F
14:15:34,UNVR,RG,5325,16,F,BK,CS,F
14:15:34,UNVR,RG,5325,1,F,BK,CS,F
14:15:29,UNVR,RG,5325,1,F,AK,CS,F
14:15:28,UNVR,RG,5300,21,D,ZP,BK,F
14:15:20,UNVR,RG,5300,10,D,ZP,YP,D
14:15:19,UNVR,RG,5300,19,D,ZP,BK,F
14:15:05,UNVR,RG,5325,5,D,PD,CS,F
14:15:04,UNVR,RG,5300,18,D,ZP,BK,F
14:15:00,UNVR,RG,5325,28,F,YU,CS,F
14:15:00,UNVR,RG,5325,13,F,YU,CS,F
14:15:00,UNVR,RG,5325,28,F,YU,KZ,F
14:14:45,UNVR,RG,5300,23,D,ZP,BK,F
14:14:40,UNVR,RG,5325,1,D,PD,KZ,F
14:14:38,UNVR,RG,5300,14,D,ZP,BK,F
14:14:30,UNVR,RG,5300,10,D,ZP,XC,D
14:14:27,UNVR,RG,5325,1,D,PD,KZ,F
14:14:25,UNVR,RG,5300,15,D,ZP,BK,F
14:14:24,UNVR,RG,5325,16,F,BK,KZ,F
14:14:22,UNVR,RG,5325,3,D,XC,KZ,F
14:14:15,UNVR,RG,5325,5,F,AK,KZ,F
14:13:59,UNVR,RG,5325,198,D,CS,KZ,F
14:13:53,UNVR,RG,5300,6,D,ZP,YP,D
14:13:32,UNVR,RG,5300,5,D,ZP,HP,D
14:13:30,UNVR,RG,5325,1,F,AK,KZ,F
14:13:29,UNVR,RG,5300,19,D,ZP,CP,D
14:13:25,UNVR,RG,5325,1,D,YP,KZ,F
14:13:12,UNVR,RG,5325,16,F,BK,KZ,F
14:13:03,UNVR,RG,5325,7,F,AK,KZ,F
14:12:43,UNVR,RG,5300,1,D,ZP,PD,D
14:12:32,UNVR,RG,5325,1,F,CS,KZ,F
14:12:31,UNVR,RG,5325,38,D,CS,KZ,F
14:12:26,UNVR,RG,5300,10,D,ZP,XC,D
14:12:20,UNVR,RG,5325,1,F,AK,KZ,F
14:12:20,UNVR,RG,5300,1,D,ZP,PD,D
14:12:19,UNVR,RG,5325,1,D,XL,BK,F
14:12:09,UNVR,RG,5325,51,F,ZP,BK,F
14:12:09,UNVR,RG,5325,33,F,ZP,BK,F
14:12:07,UNVR,RG,5325,9,F,ZP,BK,F
14:11:54,UNVR,RG,5325,16,F,BK,BK,F
14:11:49,UNVR,RG,5325,17,D,XC,BK,F
14:11:35,UNVR,RG,5300,14,D,ZP,BK,F
14:11:28,UNVR,RG,5325,10,D,PD,BK,F
14:11:26,UNVR,RG,5325,6,D,XC,BK,F
14:11:06,UNVR,RG,5325,10,F,AI,BK,F
14:11:01,UNVR,RG,5325,25,F,AI,BK,F
14:11:00,UNVR,RG,5325,5,D,PD,BK,F
14:10:57,UNVR,RG,5325,2,D,CC,BK,F
14:10:43,UNVR,RG,5325,1,F,AK,BK,F
14:10:42,UNVR,RG,5325,16,F,BK,BK,F
14:10:38,UNVR,RG,5325,1,F,AK,BK,F
14:10:38,UNVR,RG,5300,22,D,ZP,AO,D
14:10:36,UNVR,RG,5325,1,D,NI,BK,F
14:10:30,UNVR,RG,5300,1,D,ZP,AK,F
14:10:07,UNVR,RG,5325,1,D,XL,BK,F
14:10:01,UNVR,RG,5325,6,F,AK,BK,F
14:10:00,UNVR,RG,5325,108,F,YU,BK,F
14:09:43,UNVR,RG,5325,10,D,GR,BK,F
14:09:29,UNVR,RG,5300,1,D,ZP,XL,D
14:09:27,UNVR,RG,5325,1,F,AK,BK,F
14:09:27,UNVR,RG,5325,16,F,BK,BK,F
14:09:10,UNVR,RG,5325,1,F,AK,BK,F
14:09:10,UNVR,RG,5300,15,D,ZP,BK,F
14:09:07,UNVR,RG,5325,1,F,AK,BK,F
14:09:07,UNVR,RG,5325,113,F,ZP,BK,F
14:09:00,UNVR,RG,5325,4,F,AK,BK,F
14:09:00,UNVR,RG,5325,84,F,AK,BK,F
14:09:00,UNVR,RG,5300,161,D,ZP,DR,D
14:09:00,UNVR,RG,5300,3,D,LG,DR,D
14:09:00,UNVR,RG,5300,3,D,YP,DR,D
14:09:00,UNVR,RG,5300,1,D,PD,DR,D
14:09:00,UNVR,RG,5300,2,D,PD,DR,D
14:09:00,UNVR,RG,5300,5,D,YP,DR,D
14:09:00,UNVR,RG,5300,1,D,SQ,DR,D
14:09:00,UNVR,RG,5300,80,D,YP,DR,D
14:09:00,UNVR,RG,5300,1,D,XC,DR,D
14:09:00,UNVR,RG,5300,50,D,YP,DR,D
14:09:00,UNVR,RG,5300,1,D,KK,DR,D
14:09:00,UNVR,RG,5300,150,D,YP,DR,D
14:09:00,UNVR,RG,5300,10,D,LG,DR,D
14:09:00,UNVR,RG,5300,20,D,YU,DR,D
14:09:00,UNVR,RG,5300,50,D,YP,DR,D
14:09:00,UNVR,RG,5300,2,D,XC,DR,D
14:09:00,UNVR,RG,5300,30,D,CC,DR,D
14:09:00,UNVR,RG,5300,10,D,NI,DR,D
14:09:00,UNVR,RG,5300,10,D,YP,DR,D
14:09:00,UNVR,RG,5300,40,D,DR,DR,D
14:09:00,UNVR,RG,5300,2,D,YP,DR,D
14:09:00,UNVR,RG,5300,1,D,LG,DR,D
14:09:00,UNVR,RG,5300,4,D,XC,DR,D
14:09:00,UNVR,RG,5300,1,D,XL,DR,D
14:09:00,UNVR,RG,5300,10,D,YP,DR,D
14:09:00,UNVR,RG,5300,5,D,PD,DR,D
14:09:00,UNVR,RG,5300,5,D,CC,DR,D
14:09:00,UNVR,RG,5300,1,D,XC,DR,D
14:09:00,UNVR,RG,5300,5,D,PD,DR,D
14:09:00,UNVR,RG,5300,10,D,PD,DR,D
14:09:00,UNVR,RG,5300,2,D,XL,DR,D
14:09:00,UNVR,RG,5300,2,D,SQ,DR,D
14:09:00,UNVR,RG,5300,2,D,NI,DR,D
14:09:00,UNVR,RG,5300,2,D,KK,DR,D
14:09:00,UNVR,RG,5300,7,D,EP,DR,D
14:09:00,UNVR,RG,5300,1,D,XL,DR,D
14:09:00,UNVR,RG,5300,10,D,GR,DR,D
14:09:00,UNVR,RG,5300,2,D,XC,DR,D
14:09:00,UNVR,RG,5300,25,D,CD,DR,D
14:09:00,UNVR,RG,5300,5,D,LG,DR,D
14:09:00,UNVR,RG,5300,10,D,CC,DR,D
14:09:00,UNVR,RG,5300,1,D,YP,DR,D
14:09:00,UNVR,RG,5300,20,D,CC,DR,D
14:09:00,UNVR,RG,5300,3,D,NI,DR,D
14:09:00,UNVR,RG,5300,400,D,PD,DR,D
14:09:00,UNVR,RG,5300,1,D,CC,DR,D
14:09:00,UNVR,RG,5300,5,D,OD,DR,D
14:09:00,UNVR,RG,5300,400,D,XA,DR,D
14:09:00,UNVR,RG,5300,128,D,XA,DR,D
14:09:00,UNVR,RG,5325,2,D,PD,BK,F
14:08:39,UNVR,RG,5325,1,F,CS,BK,F
14:08:30,UNVR,RG,5325,6,D,XL,BK,F
14:08:28,UNVR,RG,5325,1,D,YP,BK,F
14:08:09,UNVR,RG,5325,15,F,BK,BK,F
14:08:05,UNVR,RG,5325,1,D,PD,BK,F
14:07:56,UNVR,RG,5300,39,D,XA,BK,F
14:07:42,UNVR,RG,5325,1,D,PD,BK,F
14:07:32,UNVR,RG,5325,1,D,YP,BK,F
14:06:52,UNVR,RG,5325,2,D,XL,BK,F
14:06:50,UNVR,RG,5325,1,F,AK,BK,F
14:06:49,UNVR,RG,5325,2,D,LG,BK,F
14:06:42,UNVR,RG,5300,15,D,XA,BK,F
14:06:31,UNVR,RG,5325,10,D,SQ,BK,F
14:06:30,UNVR,RG,5325,7,F,AK,BK,F
14:06:30,UNVR,RG,5300,67,D,XA,BK,F
14:06:00,UNVR,RG,5325,19,F,YU,BK,F
14:06:00,UNVR,RG,5325,55,F,YU,KZ,F
14:05:32,UNVR,RG,5325,46,D,XC,KZ,F
14:05:32,UNVR,RG,5325,49,D,XC,CS,D
14:05:30,UNVR,RG,5300,1,D,XA,YP,D
14:05:26,UNVR,RG,5325,1,D,SQ,CS,D
14:05:04,UNVR,RG,5325,2,D,HP,CS,D
14:04:59,UNVR,RG,5325,1,F,AK,CS,D
14:04:59,UNVR,RG,5300,69,D,XA,BK,F
14:04:22,UNVR,RG,5325,1,F,AK,CS,D
14:04:22,UNVR,RG,5300,14,D,XA,BK,F
14:04:21,UNVR,RG,5325,10,D,NI,CS,D
14:03:52,UNVR,RG,5325,2,F,AK,CS,D
14:03:52,UNVR,RG,5300,64,D,XA,BK,F
14:03:49,UNVR,RG,5325,1,D,NI,CS,D
14:03:48,UNVR,RG,5325,1,D,YP,CS,D
14:03:47,UNVR,RG,5300,1,D,XA,KK,D
14:03:45,UNVR,RG,5325,1,F,AK,CS,D
14:03:45,UNVR,RG,5300,1,D,XA,KK,D
14:03:41,UNVR,RG,5325,6,D,AT,CS,D
14:03:41,UNVR,RG,5325,4,D,AT,CS,D
14:03:30,UNVR,RG,5325,1,D,AT,CS,D
14:03:19,UNVR,RG,5325,2,F,AK,CS,D
14:03:19,UNVR,RG,5300,1,D,XA,YP,D
14:03:19,UNVR,RG,5300,49,D,XA,YP,D
14:03:03,UNVR,RG,5325,6,F,ZP,CS,D
14:03:02,UNVR,RG,5325,10,F,ZP,CS,D
14:03:00,UNVR,RG,5300,1,D,XA,AK,F
14:02:48,UNVR,RG,5325,2,D,PD,CS,D
14:02:33,UNVR,RG,5325,1,F,AK,CS,D
14:02:33,UNVR,RG,5325,2,F,AK,CS,D
14:02:33,UNVR,RG,5300,70,D,XA,BK,F
14:02:32,UNVR,RG,5300,4,D,XA,CC,D
14:02:03,UNVR,RG,5325,4,D,YU,CS,D
14:02:03,UNVR,RG,5325,196,D,YU,AK,F
14:01:54,UNVR,RG,5300,200,D,XA,FZ,D
14:01:48,UNVR,RG,5300,48,D,XA,BK,F
14:01:36,UNVR,RG,5300,16,D,XA,BK,F
14:01:36,UNVR,RG,5300,5,D,XA,PD,D
14:01:35,UNVR,RG,5300,2,D,XA,DH,D
14:01:19,UNVR,RG,5300,5,D,XA,YB,D
14:01:19,UNVR,RG,5300,2,D,XL,YB,D
14:01:19,UNVR,RG,5300,5,D,SQ,YB,D
14:01:19,UNVR,RG,5300,10,D,YP,YB,D
14:01:19,UNVR,RG,5300,15,D,NI,YB,D
14:01:19,UNVR,RG,5300,1,D,CC,YB,D
14:01:19,UNVR,RG,5300,1,D,SQ,YB,D
14:01:19,UNVR,RG,5300,10,D,YP,YB,D
14:01:05,UNVR,RG,5300,3,D,YP,CP,D
14:01:01,UNVR,RG,5300,2,D,YP,YP,D
14:00:50,UNVR,RG,5300,10,D,YP,BK,F
14:00:50,UNVR,RG,5300,1,D,YP,BK,F
14:00:50,UNVR,RG,5300,35,D,YP,BK,F
14:00:47,UNVR,RG,5325,25,D,DX,AK,F
14:00:31,UNVR,RG,5325,22,D,GR,AK,F
14:00:27,UNVR,RG,5325,60,F,ZP,AK,F
14:00:27,UNVR,RG,5325,36,F,ZP,CS,F
14:00:21,UNVR,RG,5325,34,F,AK,CS,F
14:00:21,UNVR,RG,5325,3,F,AK,CS,F
14:00:21,UNVR,RG,5325,38,F,AK,YU,F
14:00:21,UNVR,RG,5325,2,F,AK,CS,D
14:00:21,UNVR,RG,5325,68,F,AK,CS,D
14:00:21,UNVR,RG,5325,86,F,AK,AK,F
14:00:21,UNVR,RG,5325,10,D,YB,AK,F
14:00:21,UNVR,RG,5325,2,F,AK,AK,F
14:00:21,UNVR,RG,5325,5,F,AK,AK,F
14:00:21,UNVR,RG,5325,2,F,AK,AK,F
14:00:21,UNVR,RG,5325,5,F,AK,AK,F
14:00:21,UNVR,RG,5325,2,D,YP,AK,F
14:00:21,UNVR,RG,5325,1,D,NI,AK,F
14:00:21,UNVR,RG,5325,12,F,ZP,AK,F
14:00:21,UNVR,RG,5325,3,F,ZP,AK,F
14:00:21,UNVR,RG,5325,7,F,ZP,CS,D
14:00:21,UNVR,RG,5325,31,F,ZP,CS,D
14:00:21,UNVR,RG,5325,1,F,CS,CS,D
14:00:21,UNVR,RG,5325,2,F,CS,CS,D
14:00:21,UNVR,RG,5325,41,D,CS,KZ,F
14:00:21,UNVR,RG,5325,1,D,CS,KZ,F
14:00:21,UNVR,RG,5325,124,D,CS,KZ,F
14:00:21,UNVR,RG,5325,23,F,ZP,KZ,F
14:00:21,UNVR,RG,5325,19,D,CS,KZ,F
14:00:21,UNVR,RG,5325,2,F,CS,KZ,F
14:00:21,UNVR,RG,5325,1,D,XC,KZ,F
14:00:21,UNVR,RG,5325,1,D,YP,KZ,F
14:00:21,UNVR,RG,5325,24,F,BK,KZ,F
14:00:21,UNVR,RG,5325,2,D,PD,KZ,F
14:00:21,UNVR,RG,5325,4,F,AK,KZ,F
14:00:21,UNVR,RG,5325,70,D,DR,KZ,F
14:00:21,UNVR,RG,5325,2,F,CS,KZ,F
14:00:21,UNVR,RG,5325,36,F,YU,KZ,F
14:00:21,UNVR,RG,5325,98,F,ZP,KZ,F
14:00:21,UNVR,RG,5325,62,F,ZP,KZ,F
14:00:21,UNVR,RG,5325,1,D,PD,KZ,F
14:00:21,UNVR,RG,5325,70,D,DR,KZ,F
14:00:21,UNVR,RG,5325,70,D,CS,KZ,F
14:00:21,UNVR,RG,5325,2,F,CS,KZ,F
14:00:21,UNVR,RG,5325,100,D,CC,KZ,F
14:00:21,UNVR,RG,5325,2,D,RX,KZ,F
14:00:21,UNVR,RG,5325,1,F,BK,KZ,F
14:00:21,UNVR,RG,5325,23,F,BK,KZ,F
14:00:21,UNVR,RG,5325,21,D,CS,KZ,F
14:00:21,UNVR,RG,5325,1,D,GR,KZ,F
14:00:21,UNVR,RG,5325,2,F,CS,KZ,F
14:00:21,UNVR,RG,5325,1,D,YP,KZ,F
14:00:21,UNVR,RG,5325,1,D,CC,KZ,F
14:00:21,UNVR,RG,5325,71,D,CS,KZ,F
14:00:21,UNVR,RG,5325,103,F,ZP,KZ,F
14:00:13,UNVR,RG,5325,4,F,ZP,KZ,F
14:00:13,UNVR,RG,5325,3,F,AK,KZ,F
14:00:13,UNVR,RG,5325,3,F,AK,KZ,F
14:00:13,UNVR,RG,5325,2,F,CS,KZ,F
14:00:13,UNVR,RG,5325,2,F,AK,KZ,F
14:00:13,UNVR,RG,5325,5,F,AK,KZ,F
14:00:13,UNVR,RG,5325,42,D,CS,BK,F
14:00:10,UNVR,RG,5325,17,D,CS,YU,F
14:00:06,UNVR,RG,5350,2,D,CC,CS,F
13:59:51,UNVR,RG,5350,5,D,PD,CS,F
13:59:23,UNVR,RG,5325,7,F,YU,CC,D
13:59:22,UNVR,RG,5325,21,F,YU,BK,F
13:59:22,UNVR,RG,5325,23,F,ZP,BK,F
13:59:07,UNVR,RG,5350,5,D,OD,CS,F
13:59:06,UNVR,RG,5325,1,F,ZP,BK,F
13:59:06,UNVR,RG,5325,1,F,CS,BK,F
13:59:06,UNVR,RG,5325,2,D,YP,BK,F
13:59:06,UNVR,RG,5325,1,F,AK,BK,F
13:59:06,UNVR,RG,5325,5,F,ZP,BK,F
13:59:06,UNVR,RG,5325,4,F,ZP,BK,F
13:59:01,UNVR,RG,5325,1,F,ZP,CS,D
13:59:01,UNVR,RG,5325,1,D,YP,CS,D
13:59:01,UNVR,RG,5325,4,F,AK,CS,D
13:59:01,UNVR,RG,5325,2,F,CS,CS,D
13:59:01,UNVR,RG,5325,15,D,KK,CS,D
13:59:01,UNVR,RG,5325,24,F,BK,CS,D
13:59:01,UNVR,RG,5325,17,D,CS,CS,D
13:59:01,UNVR,RG,5325,28,D,YP,CS,D
13:58:54,UNVR,RG,5325,2,D,YP,SQ,D
13:58:09,UNVR,RG,5325,20,D,YP,BK,F
13:58:09,UNVR,RG,5325,10,D,YP,BK,F
13:58:09,UNVR,RG,5325,28,F,YU,BK,F
13:58:09,UNVR,RG,5325,1,D,PD,BK,F
13:58:09,UNVR,RG,5325,1,F,CS,BK,F
13:58:09,UNVR,RG,5325,3,F,CS,BK,F
13:58:09,UNVR,RG,5325,3,F,ZP,BK,F
13:57:57,UNVR,RG,5350,7,F,ZP,CS,F
13:57:57,UNVR,RG,5350,2,F,ZP,YP,D
13:57:57,UNVR,RG,5350,17,F,ZP,CS,F
13:57:57,UNVR,RG,5350,2,F,ZP,YJ,D
13:57:57,UNVR,RG,5350,26,F,ZP,CS,F
13:57:57,UNVR,RG,5350,17,F,ZP,CS,F
13:57:57,UNVR,RG,5350,10,F,ZP,MK,D
13:57:57,UNVR,RG,5350,12,F,ZP,CS,F
13:57:50,UNVR,RG,5325,1,F,ZP,XC,D
13:57:32,UNVR,RG,5325,11,F,ZP,YP,D
13:57:29,UNVR,RG,5325,36,F,ZP,BK,F
13:56:38,UNVR,RG,5325,10,D,CS,BK,F
13:56:38,UNVR,RG,5325,18,F,ZP,BK,F
13:56:38,UNVR,RG,5325,18,F,ZP,BK,F
13:56:35,UNVR,RG,5350,1,D,BQ,CS,F
13:56:31,UNVR,RG,5325,14,F,ZP,BK,F
13:56:25,UNVR,RG,5325,1,F,ZP,XC,D
13:56:03,UNVR,RG,5325,1,F,ZP,CC,D
13:56:01,UNVR,RG,5325,2,F,ZP,XC,D
13:55:58,UNVR,RG,5325,45,F,ZP,CS,D
13:55:58,UNVR,RG,5325,9,F,ZP,CS,D
13:55:58,UNVR,RG,5325,4,F,ZP,CS,F
13:55:58,UNVR,RG,5325,2,F,AK,CS,F
13:55:58,UNVR,RG,5325,2,F,CS,CS,F
13:55:58,UNVR,RG,5325,7,F,AK,CS,F
13:55:58,UNVR,RG,5325,49,D,CS,CS,F
13:55:58,UNVR,RG,5325,117,D,CS,PD,D
13:55:58,UNVR,RG,5325,2,D,RX,PD,D
13:55:58,UNVR,RG,5325,10,D,PD,PD,D
13:55:58,UNVR,RG,5325,23,D,CS,PD,D
13:55:58,UNVR,RG,5325,1,F,CS,PD,D
13:55:58,UNVR,RG,5325,1,F,CS,PD,D
13:55:58,UNVR,RG,5325,25,D,XL,PD,D
13:55:58,UNVR,RG,5325,5,F,AK,PD,D
13:55:58,UNVR,RG,5325,1,D,PD,PD,D
13:55:58,UNVR,RG,5325,24,F,BK,PD,D
13:55:58,UNVR,RG,5325,25,F,ZP,PD,D
13:55:58,UNVR,RG,5325,13,F,ZP,PD,D
13:55:58,UNVR,RG,5325,4,F,AI,PD,D
13:55:58,UNVR,RG,5325,11,F,AI,PD,D
13:55:58,UNVR,RG,5325,4,D,PD,PD,D
13:55:58,UNVR,RG,5325,1,D,CC,PD,D
13:55:58,UNVR,RG,5325,2,F,AK,PD,D
13:55:58,UNVR,RG,5325,5,F,AK,PD,D
13:55:58,UNVR,RG,5325,10,D,PD,PD,D
13:55:58,UNVR,RG,5325,61,F,ZP,PD,D
13:55:58,UNVR,RG,5325,97,F,ZP,PD,D
13:55:58,UNVR,RG,5325,2,F,CS,PD,D
13:55:58,UNVR,RG,5325,56,D,CS,PD,D
13:55:54,UNVR,RG,5325,1,D,CS,XC,D
13:55:48,UNVR,RG,5325,42,D,CS,BK,F
13:55:41,UNVR,RG,5325,3,D,CS,XC,D
13:55:22,UNVR,RG,5325,19,D,CS,XL,D
13:54:21,UNVR,RG,5325,5,D,CS,PD,D
13:54:13,UNVR,RG,5325,11,D,CS,CC,F
13:54:13,UNVR,RG,5325,21,D,CS,KZ,F
13:54:13,UNVR,RG,5325,1,F,CS,KZ,F
13:54:13,UNVR,RG,5325,2,F,AK,KZ,F
13:54:13,UNVR,RG,5325,4,F,AK,KZ,F
13:54:13,UNVR,RG,5325,6,F,AK,KZ,F
13:54:13,UNVR,RG,5325,3,D,RX,KZ,F
13:54:13,UNVR,RG,5325,2,F,CS,KZ,F
13:54:13,UNVR,RG,5325,25,F,BK,KZ,F
13:54:13,UNVR,RG,5325,43,D,CS,KZ,F
13:54:13,UNVR,RG,5325,2,F,CS,KZ,F
13:54:13,UNVR,RG,5325,200,D,YB,KZ,F
13:54:13,UNVR,RG,5325,7,F,ZP,KZ,F
13:54:13,UNVR,RG,5325,10,D,PD,KZ,F
13:54:13,UNVR,RG,5325,1,D,DH,KZ,F
13:54:13,UNVR,RG,5325,15,D,EP,KZ,F
13:54:13,UNVR,RG,5325,3,F,AK,KZ,F
13:54:13,UNVR,RG,5325,5,F,AK,KZ,F
13:54:13,UNVR,RG,5325,5,F,AK,KZ,F
13:54:13,UNVR,RG,5325,6,D,XC,KZ,F
13:54:13,UNVR,RG,5325,1,D,YP,KZ,F
13:54:13,UNVR,RG,5325,25,F,BK,KZ,F
13:54:13,UNVR,RG,5325,50,D,MG,KZ,F
13:54:13,UNVR,RG,5325,1,D,NI,KZ,F
13:54:13,UNVR,RG,5325,1,D,NI,KZ,F
13:54:13,UNVR,RG,5325,1,F,AK,KZ,F
13:54:13,UNVR,RG,5325,3,F,CS,KZ,F
13:54:13,UNVR,RG,5325,2,F,CS,KZ,F
13:54:13,UNVR,RG,5325,19,F,YU,KZ,F
13:54:13,UNVR,RG,5325,4,F,YU,KZ,F
13:54:13,UNVR,RG,5325,1,D,XC,KZ,F
13:54:13,UNVR,RG,5325,27,D,CC,KZ,F
13:54:13,UNVR,RG,5325,5,D,SQ,KZ,F
13:54:13,UNVR,RG,5325,1,D,YP,KZ,F
13:54:13,UNVR,RG,5325,11,F,AI,KZ,F
13:54:13,UNVR,RG,5325,4,F,AI,KZ,F
13:54:13,UNVR,RG,5325,1,D,CC,KZ,F
13:54:13,UNVR,RG,5325,2,D,CC,KZ,F
13:54:13,UNVR,RG,5325,10,D,PD,KZ,F
13:54:13,UNVR,RG,5325,5,D,AT,KZ,F
13:54:13,UNVR,RG,5325,37,F,YU,KZ,F
13:54:13,UNVR,RG,5325,1,D,AT,KZ,F
13:54:13,UNVR,RG,5325,20,D,PD,KZ,F
13:54:13,UNVR,RG,5325,24,F,ZP,KZ,F
13:54:13,UNVR,RG,5325,1,D,PD,KZ,F
13:54:13,UNVR,RG,5325,74,F,ZP,KZ,F
13:54:13,UNVR,RG,5325,6,F,ZP,KZ,F
13:54:10,UNVR,RG,5325,14,F,ZP,CS,D
13:54:10,UNVR,RG,5325,12,F,ZP,CS,D
13:54:10,UNVR,RG,5325,1,F,ZP,CS,D
13:54:10,UNVR,RG,5325,2,F,ZP,CS,D
13:54:10,UNVR,RG,5325,16,F,ZP,CS,D
13:54:10,UNVR,RG,5325,4,D,XL,CS,D
13:54:10,UNVR,RG,5325,3,D,CC,CS,D
13:54:10,UNVR,RG,5325,80,D,CS,CS,D
13:53:37,UNVR,RG,5325,1,D,CS,ZP,F
13:53:37,UNVR,RG,5325,5,D,CS,YP,D
13:52:08,UNVR,RG,5350,3,F,ZP,CS,F
13:52:02,UNVR,RG,5350,12,D,CC,CS,F
13:52:02,UNVR,RG,5350,1,D,CC,PD,D
13:52:00,UNVR,RG,5350,1,F,YU,PD,D
13:52:00,UNVR,RG,5350,84,F,YU,SQ,D
13:51:45,UNVR,RG,5325,5,D,CS,XC,D
13:51:37,UNVR,RG,5325,50,D,CS,GR,D
13:51:33,UNVR,RG,5350,5,D,CC,SQ,D
13:51:31,UNVR,RG,5350,11,D,EP,SQ,D
13:51:31,UNVR,RG,5350,3,D,EP,CS,F
13:51:31,UNVR,RG,5350,2,D,EP,CS,F
13:51:31,UNVR,RG,5350,2,D,EP,CS,F
13:51:26,UNVR,RG,5350,1,D,PD,CS,F
13:51:20,UNVR,RG,5325,4,D,CS,YB,D
13:51:20,UNVR,RG,5325,6,D,CS,YB,D
13:51:06,UNVR,RG,5325,21,D,CS,YB,D
13:51:06,UNVR,RG,5325,43,D,CS,YB,D
13:51:06,UNVR,RG,5325,1,F,CS,YB,D
13:51:06,UNVR,RG,5325,1,D,YP,YB,D
13:51:06,UNVR,RG,5325,1,D,YP,YB,D
13:51:06,UNVR,RG,5325,25,F,BK,YB,D
13:51:06,UNVR,RG,5325,2,F,AK,YB,D
13:51:06,UNVR,RG,5325,3,F,AK,YB,D
13:51:06,UNVR,RG,5325,3,F,AK,YB,D
13:51:01,UNVR,RG,5325,5,D,TP,PD,D
13:51:01,UNVR,RG,5325,1,D,CC,PD,D
13:51:01,UNVR,RG,5325,2,F,CS,PD,D
13:51:01,UNVR,RG,5325,2,F,ZP,PD,D
13:50:33,UNVR,RG,5325,24,F,ZP,YB,D
13:50:33,UNVR,RG,5325,4,F,ZP,YB,D
13:50:33,UNVR,RG,5325,2,F,ZP,YB,D
13:50:23,UNVR,RG,5325,14,F,ZP,PD,D
13:49:38,UNVR,RG,5350,13,D,PD,CS,F
13:49:38,UNVR,RG,5350,10,D,PD,KK,D
13:49:38,UNVR,RG,5350,2,D,PD,CS,D
13:49:23,UNVR,RG,5350,48,F,ZP,CS,D
13:49:02,UNVR,RG,5325,15,F,ZP,EP,D
13:48:59,UNVR,RG,5325,1,F,ZP,AK,F
13:48:51,UNVR,RG,5325,9,F,ZP,YB,D
13:48:51,UNVR,RG,5325,5,F,ZP,YB,D
13:48:44,UNVR,RG,5325,2,F,CS,HP,D
13:48:44,UNVR,RG,5325,2,F,CS,HP,D
13:48:44,UNVR,RG,5325,1,D,XC,HP,D
13:48:44,UNVR,RG,5325,1,D,TF,HP,D
13:47:52,UNVR,RG,5325,5,F,YU,AZ,D
13:47:38,UNVR,RG,5350,1,D,PD,CS,D
13:46:49,UNVR,RG,5325,27,F,YU,DR,D
13:46:49,UNVR,RG,5325,16,F,BK,DR,D
13:46:49,UNVR,RG,5325,2,D,CC,DR,D
13:46:49,UNVR,RG,5325,2,D,PD,DR,D
13:46:49,UNVR,RG,5325,23,D,CC,DR,D
13:46:47,UNVR,RG,5350,15,F,ZP,CS,D
13:46:47,UNVR,RG,5350,6,F,ZP,CS,F
13:46:47,UNVR,RG,5350,24,F,ZP,CS,F
13:46:23,UNVR,RG,5325,27,D,CC,CC,D
13:46:23,UNVR,RG,5325,2,F,AK,CC,D
13:46:23,UNVR,RG,5325,1,F,AK,CC,D
13:46:23,UNVR,RG,5325,4,F,AK,CC,D
13:46:23,UNVR,RG,5325,6,F,AK,CC,D
13:46:23,UNVR,RG,5325,10,D,CS,CC,D
13:46:02,UNVR,RG,5325,20,D,CS,GR,D
13:45:55,UNVR,RG,5325,57,D,CS,YP,D
13:45:55,UNVR,RG,5325,2,F,CS,YP,D
13:45:55,UNVR,RG,5325,15,D,CS,YP,D
13:45:55,UNVR,RG,5325,8,D,CS,YP,D
13:45:55,UNVR,RG,5325,2,F,CS,YP,D
13:45:55,UNVR,RG,5325,16,D,YU,YP,D
13:45:53,UNVR,RG,5325,3,D,YU,CC,D
13:45:49,UNVR,RG,5350,1,D,XC,CS,F
13:45:38,UNVR,RG,5325,31,D,YU,KK,D
13:45:38,UNVR,RG,5325,1,D,YP,KK,D
13:45:38,UNVR,RG,5325,11,F,AI,KK,D
13:45:38,UNVR,RG,5325,3,D,SQ,KK,D
13:45:38,UNVR,RG,5325,4,F,AI,KK,D
13:45:38,UNVR,RG,5325,50,D,CC,KK,D
13:45:29,UNVR,RG,5325,50,D,CC,NI,D
13:45:29,UNVR,RG,5325,20,D,PD,NI,D
13:45:29,UNVR,RG,5325,2,F,CS,NI,D
13:45:29,UNVR,RG,5325,1,F,CS,NI,D
13:45:29,UNVR,RG,5325,27,F,ZP,NI,D
13:45:14,UNVR,RG,5325,7,F,ZP,CC,D
13:44:53,UNVR,RG,5325,25,F,ZP,CC,D
13:44:00,UNVR,RG,5325,1,F,ZP,YP,D
13:43:59,UNVR,RG,5325,10,F,ZP,CC,D
13:43:54,UNVR,RG,5325,2,F,ZP,PD,D
13:43:14,UNVR,RG,5325,7,F,ZP,YB,D
13:42:59,UNVR,RG,5325,14,F,ZP,CC,D
13:42:59,UNVR,RG,5325,2,D,CS,CC,D
13:42:59,UNVR,RG,5325,2,D,CS,CC,D
13:42:59,UNVR,RG,5325,1,F,AK,CC,D
13:42:59,UNVR,RG,5325,1,F,AK,CC,D
13:42:19,UNVR,RG,5325,33,F,AK,CS,D
13:42:19,UNVR,RG,5325,8,F,AK,CS,D
13:42:19,UNVR,RG,5325,1,F,AK,XC,D
13:42:19,UNVR,RG,5325,42,F,AK,CS,D
13:42:19,UNVR,RG,5325,23,F,AK,CS,F
13:42:19,UNVR,RG,5325,47,F,AK,CS,F
13:42:19,UNVR,RG,5325,8,F,AK,CS,F
13:42:19,UNVR,RG,5325,169,F,AK,BK,F
13:42:19,UNVR,RG,5325,69,F,AK,CS,D
13:42:19,UNVR,RG,5325,41,F,AK,CS,F
13:42:19,UNVR,RG,5325,48,F,AK,CS,D
13:42:19,UNVR,RG,5325,855,F,AK,DR,D
13:42:19,UNVR,RG,5325,16,F,AK,CS,F
13:42:19,UNVR,RG,5325,18,F,AK,CS,F
13:42:19,UNVR,RG,5325,13,F,BK,YU,F
13:42:19,UNVR,RG,5325,1,F,BK,XC,D
13:42:19,UNVR,RG,5325,55,F,BK,KZ,F
13:42:19,UNVR,RG,5325,11,F,BK,KZ,F
13:42:19,UNVR,RG,5325,10,F,BK,XC,D
13:42:19,UNVR,RG,5325,7,F,BK,KZ,F
13:42:19,UNVR,RG,5325,296,F,BK,KZ,F
13:42:19,UNVR,RG,5325,1,F,BK,AK,F
13:42:19,UNVR,RG,5325,1,F,BK,AK,F
13:42:19,UNVR,RG,5325,493,F,BK,BK,F
13:42:19,UNVR,RG,5325,61,F,BK,BK,F
13:42:19,UNVR,RG,5325,16,F,BK,CS,F
13:42:19,UNVR,RG,5325,4,F,BK,CS,F
13:42:19,UNVR,RG,5325,31,F,BK,CC,F
13:42:19,UNVR,RG,5325,53,D,OD,CC,F
13:42:19,UNVR,RG,5325,24,D,OD,CS,D
13:42:19,UNVR,RG,5325,38,D,OD,YU,F
13:42:19,UNVR,RG,5325,260,D,OD,KZ,F
13:41:47,UNVR,RG,5300,14,D,YP,BK,F
13:41:45,UNVR,RG,5325,15,F,AK,KZ,F
13:41:45,UNVR,RG,5300,766,D,YP,YP,D
13:41:37,UNVR,RG,5325,1,D,XC,KZ,F
13:41:33,UNVR,RG,5325,20,D,YU,KZ,F
13:41:28,UNVR,RG,5325,10,D,CC,KZ,F
13:41:27,UNVR,RG,5325,10,D,AZ,KZ,F
13:41:14,UNVR,RG,5325,6,D,PD,KZ,F
13:41:12,UNVR,RG,5325,30,D,CC,KZ,F
13:40:38,UNVR,RG,5300,3,D,YP,XC,D
13:40:23,UNVR,RG,5300,12,D,YP,YP,D
13:40:08,UNVR,RG,5300,19,D,YP,YU,F
13:40:07,UNVR,RG,5300,1,D,YP,BQ,F
13:40:04,UNVR,RG,5300,44,D,YP,YP,D
13:39:46,UNVR,RG,5300,2,D,YP,XL,D
13:39:43,UNVR,RG,5300,104,D,YP,XC,D
13:39:43,UNVR,RG,5300,3,D,YP,XC,D
13:39:43,UNVR,RG,5300,2,D,YP,XC,D
13:39:43,UNVR,RG,5300,2,D,PD,XC,D
13:39:43,UNVR,RG,5300,10,F,CC,XC,D
13:39:43,UNVR,RG,5300,1,D,PD,XC,D
13:39:43,UNVR,RG,5300,1,D,KK,XC,D
13:39:43,UNVR,RG,5300,1,D,EP,XC,D
13:39:43,UNVR,RG,5300,1,D,KK,XC,D
13:39:43,UNVR,RG,5300,5,D,PD,XC,D
13:39:43,UNVR,RG,5300,3,D,CC,XC,D
13:39:43,UNVR,RG,5300,1,D,SQ,XC,D
13:39:43,UNVR,RG,5300,2,D,EP,XC,D
13:39:39,UNVR,RG,5300,3,D,EP,CC,D
13:39:39,UNVR,RG,5300,24,D,XC,CC,D
13:39:39,UNVR,RG,5300,10,D,CP,CC,D
13:39:39,UNVR,RG,5300,10,D,PD,CC,D
13:39:39,UNVR,RG,5300,1,D,YB,CC,D
13:39:39,UNVR,RG,5300,100,D,EP,CC,D
13:39:39,UNVR,RG,5300,7,D,EP,CC,D
13:39:39,UNVR,RG,5300,10,D,EP,YP,D
13:39:39,UNVR,RG,5300,12,D,EP,YP,D
13:39:39,UNVR,RG,5300,61,D,EP,CS,D
13:39:39,UNVR,RG,5300,10,D,EP,CS,F
13:39:39,UNVR,RG,5300,1,D,TF,CS,F
13:39:39,UNVR,RG,5300,25,D,ES,CS,F
13:39:39,UNVR,RG,5325,2,F,AK,KZ,F
13:39:39,UNVR,RG,5325,3,F,AK,KZ,F
13:39:39,UNVR,RG,5325,1,F,AK,KZ,F
13:39:39,UNVR,RG,5325,3,F,AK,KZ,F
13:39:39,UNVR,RG,5325,3,F,CS,KZ,F
13:39:39,UNVR,RG,5325,1,D,YP,KZ,F
13:39:39,UNVR,RG,5325,42,F,ZP,KZ,F
13:39:39,UNVR,RG,5325,1,F,CS,KZ,F
13:39:39,UNVR,RG,5325,98,F,ZP,KZ,F
13:39:39,UNVR,RG,5325,38,F,ZP,KZ,F
13:39:39,UNVR,RG,5325,160,F,ZP,KZ,F
13:39:39,UNVR,RG,5325,19,F,ZP,KZ,F
13:39:39,UNVR,RG,5325,33,D,CS,KZ,F
13:39:39,UNVR,RG,5325,5,D,PD,KZ,F
13:39:39,UNVR,RG,5325,8,D,XC,KZ,F
13:39:39,UNVR,RG,5325,176,F,BK,KZ,F
13:39:39,UNVR,RG,5325,3,F,CS,KZ,F
13:39:39,UNVR,RG,5325,1,F,CS,KZ,F
13:39:39,UNVR,RG,5325,140,D,DR,KZ,F
13:39:39,UNVR,RG,5325,133,D,CS,KZ,F
13:39:39,UNVR,RG,5325,3,D,YP,KZ,F
13:39:39,UNVR,RG,5325,14,D,ZP,KZ,F
13:39:39,UNVR,RG,5325,8,D,ZP,KZ,F
13:39:39,UNVR,RG,5325,7,D,ZP,KZ,F
13:39:39,UNVR,RG,5325,8,D,ZP,KZ,F
13:39:39,UNVR,RG,5325,8,D,ZP,KZ,F
13:39:39,UNVR,RG,5325,8,D,ZP,KZ,F
13:39:39,UNVR,RG,5325,8,D,ZP,KZ,F
13:39:39,UNVR,RG,5325,8,D,ZP,KZ,F
13:39:39,UNVR,RG,5325,7,D,ZP,KZ,F
13:39:39,UNVR,RG,5325,8,D,ZP,KZ,F
13:39:39,UNVR,RG,5325,8,D,ZP,KZ,F
13:39:39,UNVR,RG,5325,8,D,ZP,KZ,F
13:39:39,UNVR,RG,5325,1,F,CS,KZ,F
13:39:39,UNVR,RG,5325,3,F,CS,KZ,F
13:39:39,UNVR,RG,5325,1,D,NI,KZ,F
13:39:39,UNVR,RG,5325,10,D,PD,KZ,F
13:39:39,UNVR,RG,5325,11,F,AI,KZ,F
13:39:39,UNVR,RG,5325,4,F,AI,KZ,F
13:39:39,UNVR,RG,5325,3,F,AK,KZ,F
13:39:39,UNVR,RG,5325,4,F,AK,KZ,F
13:39:39,UNVR,RG,5325,65,D,CS,KZ,F
13:39:39,UNVR,RG,5325,1,F,AK,KZ,F
13:39:39,UNVR,RG,5325,145,F,BK,KZ,F
13:39:39,UNVR,RG,5325,4,D,YP,KZ,F
13:39:39,UNVR,RG,5325,2,F,AK,KZ,F
13:39:39,UNVR,RG,5325,35,D,CS,KZ,F
13:39:39,UNVR,RG,5325,1,D,XC,KZ,F
13:39:39,UNVR,RG,5325,5,D,CC,KZ,F
13:39:39,UNVR,RG,5325,5,D,CC,KZ,F
13:39:39,UNVR,RG,5325,6,F,BK,KZ,F
13:39:39,UNVR,RG,5325,3,F,AK,KZ,F
13:39:39,UNVR,RG,5325,4,F,AK,KZ,F
13:39:39,UNVR,RG,5325,100,D,YP,KZ,F
13:39:39,UNVR,RG,5325,2,F,AK,KZ,F
13:39:39,UNVR,RG,5325,1,D,XC,KZ,F
13:39:39,UNVR,RG,5325,1,D,CC,KZ,F
13:39:39,UNVR,RG,5325,10,D,CC,KZ,F
13:39:39,UNVR,RG,5325,30,D,CC,KZ,F
13:39:39,UNVR,RG,5325,1,D,XC,KZ,F
13:39:39,UNVR,RG,5325,3,F,AK,KZ,F
13:39:39,UNVR,RG,5325,40,D,CS,KZ,F
13:39:39,UNVR,RG,5325,20,D,SQ,KZ,F
13:39:39,UNVR,RG,5325,25,F,BK,KZ,F
13:39:39,UNVR,RG,5325,2,F,AK,KZ,F
13:39:39,UNVR,RG,5325,5,F,AK,KZ,F
13:39:39,UNVR,RG,5325,3,D,PD,KZ,F
13:39:39,UNVR,RG,5325,8,D,KK,KZ,F
13:39:39,UNVR,RG,5325,155,F,ZP,KZ,F
13:39:39,UNVR,RG,5325,243,F,ZP,KZ,F
13:39:39,UNVR,RG,5325,19,F,ZP,KZ,F
13:39:39,UNVR,RG,5325,24,F,ZP,KZ,F
13:39:39,UNVR,RG,5325,1,D,XL,KZ,F
13:39:39,UNVR,RG,5325,25,D,YP,KZ,F
13:39:39,UNVR,RG,5325,27,D,CC,KZ,F
13:39:39,UNVR,RG,5325,5,D,YP,KZ,F
13:39:39,UNVR,RG,5325,7,D,YP,KZ,F
13:39:39,UNVR,RG,5325,1,D,YP,KZ,F
13:39:39,UNVR,RG,5325,1,F,AK,KZ,F
13:39:39,UNVR,RG,5325,8,D,YP,KZ,F
13:39:39,UNVR,RG,5325,2,D,XL,KZ,F
13:39:39,UNVR,RG,5325,5,D,YP,KZ,F
13:39:39,UNVR,RG,5325,1,D,YP,KZ,F
13:39:39,UNVR,RG,5325,11,D,CC,KZ,F
13:39:39,UNVR,RG,5325,3,F,AK,KZ,F
13:39:39,UNVR,RG,5325,1,D,XC,KZ,F
13:39:39,UNVR,RG,5325,4,F,AK,KZ,F
13:39:39,UNVR,RG,5325,1,D,XC,KZ,F
13:39:39,UNVR,RG,5325,5,D,CC,KZ,F
13:39:39,UNVR,RG,5325,10,D,XC,KZ,F
13:39:39,UNVR,RG,5325,2,D,XC,KZ,F
13:39:39,UNVR,RG,5325,140,D,XC,KZ,F
13:39:39,UNVR,RG,5325,6,F,AK,KZ,F
13:39:39,UNVR,RG,5325,3,D,XC,KZ,F
13:39:39,UNVR,RG,5325,1,D,XL,KZ,F
13:39:39,UNVR,RG,5325,8,D,XL,KZ,F
13:39:39,UNVR,RG,5325,2,D,OD,KZ,F
13:39:39,UNVR,RG,5325,2,D,XL,KZ,F
13:39:39,UNVR,RG,5325,2,D,XL,KZ,F
13:39:39,UNVR,RG,5325,7,D,RX,KZ,F
13:39:39,UNVR,RG,5325,648,F,BK,KZ,F
13:39:29,UNVR,RG,5325,1,F,BK,ZP,F
13:39:29,UNVR,RG,5325,17,F,BK,AK,F
13:39:29,UNVR,RG,5325,24,D,CS,AK,F
13:39:29,UNVR,RG,5325,80,D,CC,AK,F
13:39:29,UNVR,RG,5325,10,F,ZP,AK,F
13:39:29,UNVR,RG,5325,2,D,PD,AK,F
13:39:29,UNVR,RG,5325,5,D,PD,AK,F
13:39:29,UNVR,RG,5325,5,D,PD,AK,F
13:39:29,UNVR,RG,5325,1,D,PD,AK,F
13:39:29,UNVR,RG,5325,1,D,KK,AK,F
13:39:29,UNVR,RG,5325,1,D,EP,AK,F
13:39:29,UNVR,RG,5325,1,D,KK,AK,F
13:39:29,UNVR,RG,5325,2,D,DR,AK,F
13:39:29,UNVR,RG,5325,11,F,AI,AK,F
13:39:29,UNVR,RG,5325,3,D,IF,AK,F
13:39:29,UNVR,RG,5325,5,D,GR,AK,F
13:39:29,UNVR,RG,5325,4,F,AI,AK,F
13:39:29,UNVR,RG,5325,1,D,GR,AK,F
13:39:29,UNVR,RG,5325,10,D,DR,AK,F
13:39:29,UNVR,RG,5325,1,F,CS,AK,F
13:39:29,UNVR,RG,5325,2,F,CS,AK,F
13:39:29,UNVR,RG,5325,1,D,CC,AK,F
13:39:29,UNVR,RG,5325,1,F,BK,AK,F
13:39:29,UNVR,RG,5325,1,D,OD,AK,F
13:39:29,UNVR,RG,5325,1,F,CS,AK,F
13:39:29,UNVR,RG,5325,2,F,CS,AK,F
13:39:29,UNVR,RG,5325,3,F,CS,AK,F
13:39:29,UNVR,RG,5325,1,F,CS,AK,F
13:39:29,UNVR,RG,5325,9,D,YP,AK,F
13:39:29,UNVR,RG,5325,3,D,ZP,AK,F
13:39:29,UNVR,RG,5325,1,D,XC,AK,F
13:39:29,UNVR,RG,5325,1,D,CC,AK,F
13:39:29,UNVR,RG,5325,1,F,CS,AK,F
13:39:29,UNVR,RG,5325,2,D,CC,AK,F
13:39:29,UNVR,RG,5325,5,D,KK,AK,F
13:39:29,UNVR,RG,5325,10,D,XC,AK,F
13:39:29,UNVR,RG,5325,3,F,CS,AK,F
13:39:29,UNVR,RG,5325,3,D,XC,AK,F
13:39:29,UNVR,RG,5325,1,D,XC,AK,F
13:39:29,UNVR,RG,5325,1,F,CS,AK,F
13:39:29,UNVR,RG,5325,10,D,XL,AK,F
13:39:29,UNVR,RG,5325,10,D,DR,AK,F
13:39:29,UNVR,RG,5325,5,D,XL,AK,F
13:39:29,UNVR,RG,5325,30,D,OD,AK,F
13:39:29,UNVR,RG,5325,4,D,AR,AK,F
13:39:29,UNVR,RG,5325,10,D,PD,AK,F
13:39:29,UNVR,RG,5325,1,F,CS,AK,F
13:39:29,UNVR,RG,5325,1,D,KK,AK,F
13:39:29,UNVR,RG,5325,1,D,XC,AK,F
13:39:29,UNVR,RG,5325,1,F,CS,AK,F
13:39:29,UNVR,RG,5325,1,D,CS,AK,F
13:39:29,UNVR,RG,5325,2,D,XC,AK,F
13:39:29,UNVR,RG,5325,2,F,CS,AK,F
13:39:29,UNVR,RG,5325,5,D,YB,AK,F
13:39:29,UNVR,RG,5325,192,D,CS,AK,F
13:39:29,UNVR,RG,5325,1,D,XC,AK,F
13:39:29,UNVR,RG,5325,10,D,EP,AK,F
13:39:29,UNVR,RG,5325,12,D,XL,AK,F
13:39:29,UNVR,RG,5325,50,D,YP,AK,F
13:39:29,UNVR,RG,5325,2,F,CS,AK,F
13:39:29,UNVR,RG,5325,2,D,YP,AK,F
13:39:29,UNVR,RG,5325,10,D,AT,AK,F
13:39:29,UNVR,RG,5325,5,D,XC,AK,F
13:39:29,UNVR,RG,5325,1,F,CS,AK,F
13:39:29,UNVR,RG,5325,10,D,PD,AK,F
13:39:29,UNVR,RG,5325,2,F,CS,AK,F
13:39:29,UNVR,RG,5325,1,D,XC,AK,F
13:39:29,UNVR,RG,5325,1,D,XC,AK,F
13:39:29,UNVR,RG,5325,1,D,PD,AK,F
13:39:29,UNVR,RG,5325,50,D,GR,AK,F
13:39:29,UNVR,RG,5325,1,D,XC,AK,F
13:39:29,UNVR,RG,5325,1,D,XC,AK,F
13:39:29,UNVR,RG,5325,5,D,CC,AK,F
13:39:29,UNVR,RG,5325,1,F,CS,AK,F
13:39:29,UNVR,RG,5325,3,F,CS,AK,F
13:39:29,UNVR,RG,5325,5,D,RX,AK,F
13:39:29,UNVR,RG,5325,3,F,CS,AK,F
13:39:29,UNVR,RG,5325,5,D,SQ,AK,F
13:39:29,UNVR,RG,5325,1,D,CC,AK,F
13:39:29,UNVR,RG,5325,1,D,XC,AK,F
13:39:29,UNVR,RG,5325,115,D,CS,AK,F
13:39:29,UNVR,RG,5325,3,D,YP,AK,F
13:39:29,UNVR,RG,5325,5,D,SQ,AK,F
13:39:29,UNVR,RG,5325,1,D,CC,AK,F
13:39:29,UNVR,RG,5325,5,D,CC,AK,F
13:39:29,UNVR,RG,5325,62,F,BK,AK,F
13:39:29,UNVR,RG,5325,1,D,IH,AK,F
13:39:29,UNVR,RG,5325,3,D,PD,AK,F
13:39:29,UNVR,RG,5325,51,D,CS,AK,F
13:39:29,UNVR,RG,5325,2,D,DH,AK,F
13:39:29,UNVR,RG,5325,9,D,EP,AK,F
13:39:29,UNVR,RG,5325,1,F,CS,AK,F
13:39:29,UNVR,RG,5325,2,D,YB,AK,F
13:39:29,UNVR,RG,5325,45,D,CS,AK,F
13:39:29,UNVR,RG,5325,21,D,CS,KK,D
13:39:29,UNVR,RG,5325,2,F,ZP,KK,D
13:39:29,UNVR,RG,5325,39,F,YU,KK,D
13:39:29,UNVR,RG,5325,2,D,DH,KK,D
13:39:29,UNVR,RG,5325,7,D,YP,KK,D
13:39:29,UNVR,RG,5325,10,D,YP,KK,D
13:39:29,UNVR,RG,5325,73,F,ZP,KK,D
13:39:29,UNVR,RG,5325,3,F,CS,KK,D
13:39:29,UNVR,RG,5325,1,F,CS,KK,D
13:39:29,UNVR,RG,5325,290,F,ZP,KK,D
13:39:29,UNVR,RG,5325,15,F,BK,KK,D
13:39:29,UNVR,RG,5325,1,F,CS,KK,D
13:39:29,UNVR,RG,5325,1,D,CC,KK,D
13:39:29,UNVR,RG,5325,3,F,CS,KK,D
13:39:29,UNVR,RG,5325,19,D,EP,KK,D
13:39:29,UNVR,RG,5325,28,F,YU,KK,D
13:39:29,UNVR,RG,5325,3,D,OD,KK,D
13:39:29,UNVR,RG,5325,20,D,GR,KK,D
13:39:29,UNVR,RG,5325,1,D,XL,KK,D
13:39:29,UNVR,RG,5325,66,D,CS,KK,D
13:39:29,UNVR,RG,5325,10,D,GR,KK,D
13:39:29,UNVR,RG,5325,1,D,XC,KK,D
13:39:29,UNVR,RG,5325,62,D,CS,KK,D
13:39:29,UNVR,RG,5325,1,F,CS,KK,D
13:39:29,UNVR,RG,5325,5,D,YP,KK,D
13:39:29,UNVR,RG,5325,14,F,ZP,KK,D
13:39:29,UNVR,RG,5325,1,F,ZP,KK,D
13:39:29,UNVR,RG,5325,25,F,ZP,KK,D
13:39:29,UNVR,RG,5325,1,F,ZP,KK,D
13:39:29,UNVR,RG,5325,36,F,ZP,KK,D
13:39:29,UNVR,RG,5325,56,F,ZP,KK,D
13:39:29,UNVR,RG,5325,6,F,ZP,KK,D
13:39:29,UNVR,RG,5325,1177,F,ZP,KK,D
13:39:28,UNVR,RG,5350,2,F,ZP,CS,F
13:39:28,UNVR,RG,5350,8,F,ZP,CS,F
13:39:28,UNVR,RG,5350,13,F,ZP,KZ,F
13:39:27,UNVR,RG,5350,16,F,BK,KZ,F
13:39:05,UNVR,RG,5350,25,F,ZP,KZ,F
13:39:04,UNVR,RG,5350,2,D,CC,KZ,F
13:39:03,UNVR,RG,5350,23,F,ZP,KZ,F
13:39:03,UNVR,RG,5325,19,F,ZP,YU,F
13:39:00,UNVR,RG,5350,1,D,XC,KZ,F
13:39:00,UNVR,RG,5350,77,F,YU,KZ,F
13:38:53,UNVR,RG,5350,3,D,RX,KZ,F
13:38:31,UNVR,RG,5350,23,F,ZP,KZ,F
13:38:12,UNVR,RG,5325,4,F,ZP,AT,D
13:37:53,UNVR,RG,5350,15,F,BK,KZ,F
13:37:49,UNVR,RG,5350,41,F,ZP,KZ,F
13:37:48,UNVR,RG,5350,24,F,ZP,KZ,F
13:37:48,UNVR,RG,5350,92,F,ZP,KZ,F
13:37:10,UNVR,RG,5350,25,F,ZP,KZ,F
13:37:10,UNVR,RG,5325,203,F,ZP,CS,F
13:37:07,UNVR,RG,5350,1,F,CS,KZ,F
13:36:52,UNVR,RG,5325,135,F,ZP,XL,D
13:36:26,UNVR,RG,5350,25,F,ZP,KZ,F
13:36:26,UNVR,RG,5350,2,D,PD,KZ,F
13:35:55,UNVR,RG,5325,2,F,ZP,XC,D
13:35:37,UNVR,RG,5350,22,F,ZP,KZ,F
13:35:37,UNVR,RG,5350,51,D,CS,KZ,F
13:35:10,UNVR,RG,5350,4,D,BQ,KZ,F
13:35:07,UNVR,RG,5350,1,D,CC,KZ,F
13:35:06,UNVR,RG,5350,15,F,ZP,KZ,F
13:35:06,UNVR,RG,5350,3,F,ZP,KZ,F
13:35:06,UNVR,RG,5350,5,F,ZP,KZ,F
13:35:06,UNVR,RG,5350,3,D,RX,CS,F
13:35:00,UNVR,RG,5350,17,F,YU,CS,F
13:35:00,UNVR,RG,5350,39,F,YU,KZ,F
13:34:37,UNVR,RG,5325,1,F,ZP,YB,D
13:34:29,UNVR,RG,5350,259,D,CS,KZ,F
13:34:11,UNVR,RG,5350,24,F,ZP,KZ,F
13:33:45,UNVR,RG,5350,162,F,ZP,KZ,F
13:33:35,UNVR,RG,5350,7,F,CS,KZ,F
13:33:31,UNVR,RG,5350,11,F,ZP,KZ,F
13:33:31,UNVR,RG,5350,1,F,ZP,ZP,F
13:33:31,UNVR,RG,5350,12,F,ZP,YU,F
13:33:09,UNVR,RG,5350,1,D,XC,YU,F
13:33:05,UNVR,RG,5350,1,D,YP,YU,F
13:32:52,UNVR,RG,5350,3,F,ZP,PD,D
13:32:52,UNVR,RG,5350,1,F,ZP,XC,D
13:32:52,UNVR,RG,5350,19,F,ZP,CS,D
13:32:52,UNVR,RG,5350,1,F,CS,CS,D
13:32:52,UNVR,RG,5325,4,F,ZP,YP,D
13:32:36,UNVR,RG,5325,1,F,ZP,AK,F
13:32:12,UNVR,RG,5350,23,F,ZP,CS,D
13:31:25,UNVR,RG,5350,18,F,ZP,CS,D
13:31:25,UNVR,RG,5350,5,F,ZP,CS,D
13:30:20,UNVR,RG,5350,23,F,ZP,CS,D
13:30:15,UNVR,RG,5325,149,F,ZP,AK,F
13:30:15,UNVR,RG,5325,51,F,ZP,AK,F
13:30:15,UNVR,RG,5325,79,F,ZP,AK,F
13:30:15,UNVR,RG,5325,9,F,ZP,AK,F
13:30:15,UNVR,RG,5325,1,D,CC,AK,F
13:30:15,UNVR,RG,5325,1,D,GR,AK,F
13:30:15,UNVR,RG,5325,1,D,PD,AK,F
13:30:15,UNVR,RG,5325,1,D,PD,AK,F
13:30:15,UNVR,RG,5325,37,D,YP,AK,F
13:30:15,UNVR,RG,5325,9,D,PD,AK,F
13:30:15,UNVR,RG,5325,1,D,XL,AK,F
13:30:15,UNVR,RG,5325,5,D,CC,AK,F
13:30:15,UNVR,RG,5325,50,D,CC,AK,F
13:30:15,UNVR,RG,5325,2,D,DR,AK,F
13:30:15,UNVR,RG,5325,1,D,CC,AK,F
13:30:15,UNVR,RG,5325,1,D,KK,AK,F
13:30:15,UNVR,RG,5325,36,D,NI,AK,F
13:30:15,UNVR,RG,5325,1,D,XC,AK,F
13:30:15,UNVR,RG,5325,5,D,PD,AK,F
13:30:15,UNVR,RG,5325,2,D,PD,AK,F
13:30:15,UNVR,RG,5325,5,D,YP,AK,F
13:30:15,UNVR,RG,5325,1,D,CC,AK,F
13:30:15,UNVR,RG,5325,10,D,SQ,AK,F
13:30:15,UNVR,RG,5325,1,D,PD,AK,F
13:30:15,UNVR,RG,5325,1,D,AZ,AK,F
13:30:15,UNVR,RG,5325,1,D,XC,AK,F
13:30:15,UNVR,RG,5325,1,D,PD,AK,F
13:30:15,UNVR,RG,5325,1,D,XC,AK,F
13:30:15,UNVR,RG,5325,2,D,EP,AK,F
13:30:15,UNVR,RG,5325,1,D,CC,AK,F
13:30:15,UNVR,RG,5325,2,D,PD,AK,F
13:30:15,UNVR,RG,5325,1,D,AT,AK,F
13:30:15,UNVR,RG,5325,5,D,CC,AK,F
13:30:15,UNVR,RG,5325,5,D,YP,AK,F
13:30:15,UNVR,RG,5325,8,D,GR,AK,F
13:30:13,UNVR,RG,5350,7,F,ZP,CS,D
13:30:13,UNVR,RG,5350,17,F,ZP,BK,F
13:30:06,UNVR,RG,5350,1,D,YP,BK,F
13:30:06,UNVR,RG,5350,101,F,YU,BK,F
13:30:06,UNVR,RG,5350,10,D,YP,BK,F
13:30:06,UNVR,RG,5350,5,D,YP,BK,F
13:30:06,UNVR,RG,5350,1,D,YP,BK,F
13:30:06,UNVR,RG,5350,8,D,YP,CC,D
13:30:05,UNVR,RG,5350,5,D,YP,CC,D
13:30:05,UNVR,RG,5350,1,F,AK,CC,D
13:30:05,UNVR,RG,5325,1,D,GR,AK,F
13:30:05,UNVR,RG,5350,25,D,YP,CC,D
13:30:05,UNVR,RG,5350,1,D,YP,CC,D
13:30:05,UNVR,RG,5350,1,D,YP,CC,D
13:30:05,UNVR,RG,5325,1,D,GR,YU,F
13:30:05,UNVR,RG,5350,10,D,YP,CC,D
13:30:04,UNVR,RG,5350,1,D,XC,CC,D
13:30:04,UNVR,RG,5350,3,D,XC,CC,D
13:30:04,UNVR,RG,5350,1,D,XC,CC,D
13:30:04,UNVR,RG,5350,1,D,XC,CC,D
13:30:03,UNVR,RG,5350,5,D,XC,CC,D
13:30:03,UNVR,RG,5350,1,D,XC,CC,D
13:30:03,UNVR,RG,5350,1,D,XC,CC,D
13:30:03,UNVR,RG,5350,7,F,AK,CC,D
13:30:03,UNVR,RG,5350,1,D,XC,CC,D
13:30:03,UNVR,RG,5350,2,D,XC,CC,D
13:30:03,UNVR,RG,5350,95,D,XC,CC,D
13:30:03,UNVR,RG,5350,11,F,AK,CC,D
13:30:03,UNVR,RG,5350,1,D,XL,CC,D
13:30:03,UNVR,RG,5350,2,F,AK,CC,D
13:30:03,UNVR,RG,5350,10,F,AK,CC,D
13:30:03,UNVR,RG,5350,1,F,AK,XC,D
13:30:03,UNVR,RG,5350,1,F,AK,YB,D
13:30:03,UNVR,RG,5350,4,F,ZP,YB,D
13:30:03,UNVR,RG,5350,10,F,ZP,PD,D
13:30:03,UNVR,RG,5350,10,F,ZP,CS,D
13:30:02,UNVR,RG,5350,2,D,XL,CS,D
13:30:02,UNVR,RG,5350,8,F,NI,CS,D
13:30:02,UNVR,RG,5350,1,F,NI,CS,D
13:30:02,UNVR,RG,5350,3,D,PD,CS,D
13:30:02,UNVR,RG,5325,3,D,GR,PD,D
13:30:01,UNVR,RG,5325,11,D,GR,PD,D
13:30:01,UNVR,RG,5350,5,D,PD,CS,D
13:30:01,UNVR,RG,5325,5,D,GR,PD,D
13:30:01,UNVR,RG,5350,2,D,PD,CS,D
13:30:01,UNVR,RG,5350,10,D,PD,BK,F
13:30:01,UNVR,RG,5350,4,D,PD,BK,F
13:30:01,UNVR,RG,5350,1,D,PD,CS,F
13:30:01,UNVR,RG,5350,2,D,PD,CS,F
13:30:01,UNVR,RG,5350,3,D,PD,CS,F
13:30:01,UNVR,RG,5325,9,D,GR,PD,D
13:30:01,UNVR,RG,5350,5,D,PD,CS,F
13:30:01,UNVR,RG,5325,2,D,GR,PD,D
13:30:01,UNVR,RG,5325,7,D,GR,PD,D
13:30:01,UNVR,RG,5350,2,D,PD,CS,F
13:30:01,UNVR,RG,5325,53,D,GR,PD,D
13:30:01,UNVR,RG,5325,8,D,YP,PD,D
13:30:01,UNVR,RG,5350,1,D,PD,CS,F
13:30:01,UNVR,RG,5325,11,D,YP,PD,D
13:30:01,UNVR,RG,5350,2,D,PD,CS,F
13:30:01,UNVR,RG,5350,1,D,PD,CS,F
13:30:01,UNVR,RG,5350,4,D,PD,CS,F
13:30:01,UNVR,RG,5350,1,D,KK,CS,F
13:30:01,UNVR,RG,5325,1,D,YP,PD,D
13:30:01,UNVR,RG,5325,1,D,YP,PD,D
13:30:01,UNVR,RG,5325,1,D,YP,DX,D
13:30:01,UNVR,RG,5325,1,D,XC,PD,D
13:30:01,UNVR,RG,5325,6,D,YP,DH,D
13:30:01,UNVR,RG,5325,1,D,SQ,DH,D
13:30:01,UNVR,RG,5325,3,D,PD,DH,D
13:30:01,UNVR,RG,5325,1,D,YP,DH,D
13:30:01,UNVR,RG,5325,10,D,PD,DH,D
13:30:01,UNVR,RG,5325,200,D,YP,DH,D
13:30:01,UNVR,RG,5325,1,D,PD,DH,D
13:30:01,UNVR,RG,5325,1,D,XC,DH,D
13:30:01,UNVR,RG,5325,2,D,XL,DH,D
13:30:01,UNVR,RG,5325,30,D,CC,DH,D
13:30:01,UNVR,RG,5325,1,D,PD,DH,D
13:30:01,UNVR,RG,5325,30,D,DR,DH,D
13:30:01,UNVR,RG,5325,1,D,CC,DH,D
13:30:01,UNVR,RG,5325,5,D,PD,DH,D
13:30:01,UNVR,RG,5325,2,D,CC,DH,D
13:30:01,UNVR,RG,5325,10,D,KK,DH,D
13:30:01,UNVR,RG,5325,246,D,YP,DH,D
13:30:01,UNVR,RG,5350,21,D,DH,CS,F
13:30:01,UNVR,RG,5350,15,D,DH,CS,F
13:30:01,UNVR,RG,5350,23,D,DH,BK,F
13:30:01,UNVR,RG,5350,5,D,DH,BK,F
13:30:01,UNVR,RG,5350,3,D,EP,BK,F
13:30:01,UNVR,RG,5350,1,D,AT,BK,F
13:30:01,UNVR,RG,5350,10,D,HP,BK,F
13:30:01,UNVR,RG,5350,4,D,DH,BK,F
13:30:01,UNVR,RG,5350,3,D,DH,BK,F
13:30:01,UNVR,RG,5350,3,D,AT,BK,F
13:30:01,UNVR,RG,5350,3,D,GR,BK,F
13:30:01,UNVR,RG,5350,2,D,AI,BK,F
11:29:54,UNVR,RG,5350,2,D,XL,BK,F
11:29:54,UNVR,RG,5325,10,D,YP,PD,D
11:29:52,UNVR,RG,5350,24,F,ZP,BK,F
11:29:51,UNVR,RG,5350,8,F,ZP,BK,F
11:29:50,UNVR,RG,5350,16,F,BK,BK,F
11:29:45,UNVR,RG,5325,15,D,YP,BK,F
11:29:37,UNVR,RG,5350,4,F,AI,BK,F
11:29:33,UNVR,RG,5350,23,F,ZP,BK,F
11:29:32,UNVR,RG,5350,4,F,AI,BK,F
11:29:30,UNVR,RG,5350,1,F,AK,BK,F
11:29:28,UNVR,RG,5350,4,F,AI,BK,F
11:29:21,UNVR,RG,5350,23,F,ZP,BK,F
11:29:21,UNVR,RG,5350,1,D,CC,BK,F
11:29:19,UNVR,RG,5350,32,F,AI,BK,F
11:29:14,UNVR,RG,5350,14,F,AI,BK,F
11:29:14,UNVR,RG,5350,18,F,AI,CS,D
11:29:10,UNVR,RG,5350,13,F,BK,CS,D
11:29:10,UNVR,RG,5350,1,F,BK,CS,F
11:29:10,UNVR,RG,5350,22,F,ZP,CS,F
11:29:10,UNVR,RG,5350,1,F,ZP,CS,F
11:29:10,UNVR,RG,5350,13,F,AI,CS,F
11:29:10,UNVR,RG,5350,19,F,AI,CS,F
11:29:08,UNVR,RG,5325,30,D,YP,NI,D
11:29:04,UNVR,RG,5325,14,D,YP,BK,F
11:29:00,UNVR,RG,5350,1,F,AK,CS,F
11:28:58,UNVR,RG,5350,6,F,ZP,CS,F
11:28:58,UNVR,RG,5350,17,F,ZP,CS,D
11:28:58,UNVR,RG,5325,15,D,YP,BK,F
11:28:48,UNVR,RG,5325,14,D,YP,BK,F
11:28:47,UNVR,RG,5350,1,F,AK,CS,D
11:28:43,UNVR,RG,5325,19,D,YP,BK,F
11:28:33,UNVR,RG,5350,22,F,ZP,CS,D
11:28:33,UNVR,RG,5350,1,F,CS,CS,D
11:28:33,UNVR,RG,5350,1,D,CS,CS,D
11:28:33,UNVR,RG,5350,5,D,CS,CS,D
11:28:33,UNVR,RG,5350,22,D,CS,CS,D
11:28:33,UNVR,RG,5350,190,D,CS,YP,D
11:28:28,UNVR,RG,5350,20,D,OD,YP,D
11:28:27,UNVR,RG,5350,25,F,ZP,YP,D
11:28:27,UNVR,RG,5325,16,D,YP,BK,F
11:28:22,UNVR,RG,5325,3,D,YP,CC,D
11:28:22,UNVR,RG,5350,15,F,BK,YP,D
11:28:20,UNVR,RG,5325,14,D,YP,BK,F
11:28:12,UNVR,RG,5325,6,D,YP,BK,F
11:28:12,UNVR,RG,5325,8,D,HP,BK,F
11:28:03,UNVR,RG,5350,23,F,ZP,YP,D
11:28:03,UNVR,RG,5325,2,D,HP,BK,F
11:28:03,UNVR,RG,5325,14,D,YP,BK,F
11:27:58,UNVR,RG,5325,1,D,YP,BK,F
11:27:58,UNVR,RG,5325,10,D,XL,BK,F
11:27:58,UNVR,RG,5325,3,D,PS,BK,F
11:27:50,UNVR,RG,5350,1,D,XC,YP,D
11:27:48,UNVR,RG,5350,1,D,XC,YP,D
11:27:47,UNVR,RG,5350,23,F,ZP,YP,D
11:27:47,UNVR,RG,5350,1,F,AK,YP,D
11:27:45,UNVR,RG,5350,15,F,BK,YP,D
11:27:45,UNVR,RG,5350,4,F,AK,YP,D
11:27:44,UNVR,RG,5325,14,D,PS,BK,F
11:27:41,UNVR,RG,5350,23,F,ZP,YP,D
11:27:40,UNVR,RG,5325,16,D,PS,BK,F
11:27:30,UNVR,RG,5350,89,F,ZP,YP,D
11:27:30,UNVR,RG,5350,1,F,ZP,NI,D
11:27:30,UNVR,RG,5350,18,F,ZP,BK,F
11:27:30,UNVR,RG,5350,14,F,ZP,CS,F
11:27:30,UNVR,RG,5350,3,F,ZP,CS,D
11:27:29,UNVR,RG,5350,6,F,ZP,CS,D
11:27:29,UNVR,RG,5350,12,F,ZP,CS,F
11:27:29,UNVR,RG,5325,15,D,PS,BK,F
11:27:25,UNVR,RG,5350,24,F,ZP,CS,F
11:27:25,UNVR,RG,5325,25,D,PS,MG,D
11:27:24,UNVR,RG,5325,23,D,PS,BK,F
11:27:02,UNVR,RG,5350,10,F,ZP,CS,F
11:27:02,UNVR,RG,5350,5,F,ZP,CS,F
11:27:02,UNVR,RG,5350,9,F,ZP,CS,D
11:27:02,UNVR,RG,5350,1,F,AK,CS,D
11:27:02,UNVR,RG,5350,6,F,BK,CS,D
11:27:02,UNVR,RG,5350,8,F,BK,CS,D
11:27:00,UNVR,RG,5350,2,D,CC,CS,D
11:26:45,UNVR,RG,5350,3,F,AK,CS,D
11:26:30,UNVR,RG,5350,3,F,AK,CS,D
11:26:26,UNVR,RG,5350,24,F,ZP,CS,D
11:26:26,UNVR,RG,5325,4,D,PS,BK,F
11:26:26,UNVR,RG,5325,2,D,NI,BK,F
11:26:26,UNVR,RG,5325,1,D,CC,BK,F
11:26:26,UNVR,RG,5325,1,D,CC,BK,F
11:26:26,UNVR,RG,5325,1,D,XA,BK,F
11:26:26,UNVR,RG,5325,5,D,PD,BK,F
11:26:26,UNVR,RG,5350,14,F,BK,CS,D
11:26:18,UNVR,RG,5325,5,D,PD,CS,D
11:26:18,UNVR,RG,5325,25,D,GR,CS,D
11:26:18,UNVR,RG,5325,5,D,YP,CS,D
11:26:18,UNVR,RG,5325,10,D,PD,CS,D
11:26:18,UNVR,RG,5325,10,D,PD,CS,D
11:26:18,UNVR,RG,5325,1,D,XL,CS,D
11:26:18,UNVR,RG,5325,285,D,YP,CS,D
11:26:15,UNVR,RG,5350,1,F,AK,CS,D
11:25:57,UNVR,RG,5350,5,F,ZP,CS,D
11:25:57,UNVR,RG,5350,18,F,ZP,BK,F
11:25:56,UNVR,RG,5350,1,D,XL,BK,F
11:25:35,UNVR,RG,5350,16,F,BK,BK,F
11:25:23,UNVR,RG,5350,127,F,ZP,BK,F
11:25:15,UNVR,RG,5350,24,F,ZP,BK,F
11:25:15,UNVR,RG,5350,3,F,AK,BK,F
