Time,Stock,Brd,Price,Qty,BT,BC,SC,ST
15:14:52,UNVR,RG,3400,4,D,PD,KZ,F
15:14:51,UNVR,RG,3400,19,D,PD,DH,D
15:14:48,UNVR,RG,3400,1,D,PD,KZ,F
15:14:48,UNVR,RG,3400,3,D,PD,CC,D
15:13:50,UNVR,RG,3400,2,D,PD,KZ,F
15:13:50,UNVR,RG,3400,8,D,PD,NI,D
15:13:10,UNVR,RG,3400,1,D,PD,KZ,F
15:13:09,UNVR,RG,3400,7,D,PD,PD,D
15:12:43,UNVR,RG,3400,1,D,PD,KZ,F
15:12:43,UNVR,RG,3400,1,D,PD,KK,D
15:11:08,UNVR,RG,3400,5,D,PD,KZ,F
15:11:07,UNVR,RG,3400,20,D,PD,PD,D
15:10:58,UNVR,RG,3400,1,D,PD,XC,D
15:09:53,UNVR,RG,3400,1,D,PD,PD,D
15:09:05,UNVR,RG,3400,4,D,PD,KZ,F
15:09:04,UNVR,RG,3400,15,D,PD,YP,D
15:08:49,UNVR,RG,3400,24,D,PD,KZ,F
15:08:48,UNVR,RG,3400,100,D,PD,AT,D
15:07:49,UNVR,RG,3400,1,D,PD,KZ,F
15:07:49,UNVR,RG,3400,1,D,PD,YP,D
15:07:49,UNVR,RG,3400,5,D,PD,CC,D
15:07:04,UNVR,RG,3400,45,D,PD,KZ,F
15:07:03,UNVR,RG,3400,185,D,PD,YP,D
15:06:37,UNVR,RG,3400,1,D,PD,XC,D
15:06:31,UNVR,RG,3400,1,D,PD,KZ,F
15:06:30,UNVR,RG,3400,1,D,PD,PD,D
15:06:17,UNVR,RG,3400,85,D,PD,KZ,F
15:06:16,UNVR,RG,3400,25,D,PD,KZ,F
15:06:15,UNVR,RG,3400,287,D,PD,YU,D
15:06:15,UNVR,RG,3400,2,D,GR,YU,D
15:06:15,UNVR,RG,3400,3,D,KK,YU,D
15:06:15,UNVR,RG,3400,2,D,KK,YU,D
15:06:15,UNVR,RG,3400,3,F,KZ,YU,D
15:06:15,UNVR,RG,3400,2,D,XC,YU,D
15:06:15,UNVR,RG,3400,1,D,PD,YU,D
15:06:15,UNVR,RG,3400,1,D,DH,YU,D
15:06:15,UNVR,RG,3400,50,D,YP,YU,D
15:06:15,UNVR,RG,3400,1,D,EP,YU,D
15:06:15,UNVR,RG,3400,103,F,CS,YU,D
15:05:46,UNVR,RG,3400,2,F,CS,XC,D
15:05:26,UNVR,RG,3400,146,F,CS,KZ,F
15:05:25,UNVR,RG,3400,483,F,CS,KZ,F
15:05:24,UNVR,RG,3400,600,F,CS,CC,D
15:05:24,UNVR,RG,3400,1,F,CS,KZ,F
15:05:23,UNVR,RG,3400,665,F,CS,CP,D
15:05:23,UNVR,RG,3400,12,D,AT,CP,D
15:05:23,UNVR,RG,3400,1,D,NI,CP,D
15:05:23,UNVR,RG,3400,1,D,CC,CP,D
15:05:23,UNVR,RG,3400,3,D,YP,CP,D
15:05:23,UNVR,RG,3400,10,D,AT,CP,D
15:05:23,UNVR,RG,3400,5,D,YP,CP,D
15:05:23,UNVR,RG,3400,1,D,XC,CP,D
15:05:23,UNVR,RG,3400,15,D,YP,CP,D
15:05:23,UNVR,RG,3400,10,D,DR,CP,D
15:05:23,UNVR,RG,3400,1,D,XC,CP,D
15:05:23,UNVR,RG,3400,1,D,CC,CP,D
15:05:23,UNVR,RG,3400,1,D,SQ,CP,D
15:05:23,UNVR,RG,3400,5,D,KK,CP,D
15:05:23,UNVR,RG,3400,1,D,PD,CP,D
15:05:23,UNVR,RG,3400,15,D,GR,CP,D
15:05:23,UNVR,RG,3400,1,D,YP,CP,D
15:05:23,UNVR,RG,3400,5,D,YP,CP,D
15:05:23,UNVR,RG,3400,2,D,GR,CP,D
15:05:23,UNVR,RG,3400,7,D,XC,CP,D
15:05:23,UNVR,RG,3400,250,D,YP,CP,D
15:05:23,UNVR,RG,3400,854,D,YP,CP,D
15:05:23,UNVR,RG,3400,5,D,YP,CP,D
15:05:23,UNVR,RG,3400,12,D,YP,CP,D
15:05:23,UNVR,RG,3400,10,D,CP,CP,D
15:05:23,UNVR,RG,3400,15,D,OD,CP,D
15:05:23,UNVR,RG,3400,12,D,YP,CP,D
15:05:23,UNVR,RG,3400,1,D,XC,CP,D
15:05:23,UNVR,RG,3400,1,D,GR,CP,D
15:05:23,UNVR,RG,3400,1,D,PD,CP,D
15:05:23,UNVR,RG,3400,3,D,XC,CP,D
15:05:23,UNVR,RG,3400,3,D,PD,CP,D
15:05:23,UNVR,RG,3400,50,D,KK,CP,D
15:05:23,UNVR,RG,3400,2,D,YP,CP,D
15:05:23,UNVR,RG,3400,1,D,XC,CP,D
15:05:23,UNVR,RG,3400,1,D,PD,CP,D
15:05:23,UNVR,RG,3400,3,D,NI,CP,D
15:05:23,UNVR,RG,3400,10,D,XC,CP,D
15:05:23,UNVR,RG,3400,1,D,PD,CP,D
15:05:23,UNVR,RG,3400,1,D,AT,CP,D
15:05:23,UNVR,RG,3400,2,D,XC,CP,D
15:04:35,UNVR,RG,3400,1,D,XC,KZ,F
15:04:34,UNVR,RG,3400,1,D,XC,KZ,F
15:04:33,UNVR,RG,3400,2,D,XC,XC,D
15:04:33,UNVR,RG,3400,1,D,YP,XC,D
15:04:33,UNVR,RG,3400,5,D,NI,XC,D
15:04:31,UNVR,RG,3400,1,D,NI,KZ,F
15:04:31,UNVR,RG,3400,19,D,SQ,KZ,F
15:04:30,UNVR,RG,3400,4,D,SQ,KZ,F
15:04:29,UNVR,RG,3400,27,D,SQ,CC,D
15:04:29,UNVR,RG,3400,45,D,CC,CC,D
15:04:29,UNVR,RG,3400,1,D,PD,CC,D
15:04:29,UNVR,RG,3400,10,D,DX,CC,D
15:04:29,UNVR,RG,3400,17,D,YP,CC,D
15:03:58,UNVR,RG,3400,1,D,YP,KZ,F
15:03:57,UNVR,RG,3400,1,D,YP,XC,D
15:03:49,UNVR,RG,3400,1,D,YP,KZ,F
15:03:48,UNVR,RG,3400,7,D,YP,XC,D
15:03:34,UNVR,RG,3400,1,D,YP,KZ,F
15:03:33,UNVR,RG,3400,3,D,YP,XC,D
15:03:23,UNVR,RG,3400,10,D,YP,KZ,F
15:03:23,UNVR,RG,3400,40,D,YP,YP,D
15:03:20,UNVR,RG,3400,3,D,YP,KZ,F
15:03:20,UNVR,RG,3400,1,D,YP,XC,D
15:03:19,UNVR,RG,3400,15,D,YP,KZ,F
15:03:19,UNVR,RG,3400,1,D,DH,KZ,F
15:03:19,UNVR,RG,3400,3,D,XL,KZ,F
15:03:19,UNVR,RG,3400,13,D,CC,KZ,F
15:03:18,UNVR,RG,3400,12,D,CC,KZ,F
15:03:18,UNVR,RG,3400,4,D,CC,KZ,F
15:03:18,UNVR,RG,3400,20,D,CC,YP,D
15:03:18,UNVR,RG,3400,1,D,CC,DR,D
15:03:18,UNVR,RG,3400,1,D,EP,DR,D
15:03:18,UNVR,RG,3400,1,D,XL,DR,D
15:03:18,UNVR,RG,3400,3,D,PD,DR,D
15:03:18,UNVR,RG,3400,15,D,PD,DR,D
15:03:18,UNVR,RG,3400,1,D,YP,DR,D
15:03:18,UNVR,RG,3400,1,D,XC,DR,D
15:03:18,UNVR,RG,3400,100,D,PD,DR,D
15:03:18,UNVR,RG,3400,67,D,CC,DR,D
15:03:03,UNVR,RG,3400,3,D,CC,KZ,F
15:03:03,UNVR,RG,3400,14,D,CC,XC,D
15:03:02,UNVR,RG,3400,10,D,CC,KZ,F
15:03:01,UNVR,RG,3400,2,D,CC,KZ,F
15:03:01,UNVR,RG,3400,4,D,CC,YP,D
15:03:01,UNVR,RG,3400,1,D,PD,YP,D
15:03:01,UNVR,RG,3400,5,D,FS,YP,D
15:03:01,UNVR,RG,3400,10,D,XL,YP,D
15:03:01,UNVR,RG,3400,10,D,GR,YP,D
15:03:01,UNVR,RG,3400,2,D,CC,YP,D
15:03:01,UNVR,RG,3400,4,D,NI,YP,D
15:03:01,UNVR,RG,3400,2,D,PD,YP,D
15:03:01,UNVR,RG,3400,1,D,SQ,YP,D
15:03:01,UNVR,RG,3400,10,D,HP,YP,D
15:03:01,UNVR,RG,3400,1,D,PD,YP,D
15:02:57,UNVR,RG,3400,1,D,PD,XC,D
15:02:42,UNVR,RG,3400,1,D,PD,KZ,F
15:02:42,UNVR,RG,3400,2,D,GR,KZ,F
15:02:42,UNVR,RG,3400,1,D,CC,KZ,F
15:02:42,UNVR,RG,3400,2,D,YP,KZ,F
15:02:42,UNVR,RG,3400,2,D,GR,KZ,F
15:02:42,UNVR,RG,3400,7,D,NI,KZ,F
15:02:41,UNVR,RG,3400,11,D,NI,KZ,F
15:02:41,UNVR,RG,3400,5,D,NI,SQ,D
15:02:40,UNVR,RG,3400,3,D,NI,OK,D
15:02:40,UNVR,RG,3400,3,D,YP,OK,D
15:02:40,UNVR,RG,3400,2,D,PD,OK,D
15:02:40,UNVR,RG,3400,1,D,YP,OK,D
15:02:40,UNVR,RG,3400,20,D,PD,OK,D
15:02:40,UNVR,RG,3400,20,D,XC,OK,D
15:02:40,UNVR,RG,3400,2,D,PD,OK,D
15:02:40,UNVR,RG,3400,2,D,PD,OK,D
15:02:40,UNVR,RG,3400,2,D,DR,OK,D
15:02:40,UNVR,RG,3400,45,D,YP,OK,D
15:02:39,UNVR,RG,3400,4,D,YP,KZ,F
15:02:39,UNVR,RG,3400,15,D,YP,GR,D
15:02:37,UNVR,RG,3400,3,D,YP,XC,D
15:02:33,UNVR,RG,3400,12,D,YP,KZ,F
15:02:33,UNVR,RG,3400,49,D,YP,YP,D
15:02:28,UNVR,RG,3400,1,D,YP,XC,D
15:02:26,UNVR,RG,3400,4,D,YP,KZ,F
15:02:25,UNVR,RG,3400,14,D,YP,BB,D
15:01:55,UNVR,RG,3400,1,D,YP,CC,D
15:01:49,UNVR,RG,3400,9,D,YP,KZ,F
15:01:49,UNVR,RG,3400,8,D,YP,KZ,F
15:01:45,UNVR,RG,3400,33,D,YP,YP,D
15:01:42,UNVR,RG,3400,2,D,YP,KZ,F
15:01:42,UNVR,RG,3400,6,D,KK,KZ,F
15:01:42,UNVR,RG,3400,24,D,KK,LG,D
15:01:42,UNVR,RG,3400,3,D,CC,LG,D
15:01:42,UNVR,RG,3400,2,D,PD,LG,D
15:01:42,UNVR,RG,3400,1,D,AG,LG,D
15:01:42,UNVR,RG,3400,1,D,SQ,LG,D
15:01:42,UNVR,RG,3400,5,D,KK,LG,D
15:01:42,UNVR,RG,3400,1,D,PD,LG,D
15:01:42,UNVR,RG,3400,32,D,YP,LG,D
15:01:40,UNVR,RG,3400,20,D,YP,KZ,F
15:01:40,UNVR,RG,3400,84,D,YP,KK,D
15:01:23,UNVR,RG,3400,138,D,YP,KZ,F
15:01:22,UNVR,RG,3400,1,D,YP,KZ,F
15:01:22,UNVR,RG,3400,225,D,YP,CC,D
15:01:22,UNVR,RG,3400,2,D,SQ,CC,D
15:01:22,UNVR,RG,3400,60,D,CC,CC,D
15:01:22,UNVR,RG,3400,44,D,PD,CC,D
15:01:22,UNVR,RG,3400,1,D,CC,CC,D
15:01:22,UNVR,RG,3400,200,D,YP,CC,D
15:01:22,UNVR,RG,3400,1,D,YP,CC,D
15:01:22,UNVR,RG,3400,10,D,YP,CC,D
15:01:22,UNVR,RG,3400,25,D,DR,CC,D
15:01:22,UNVR,RG,3400,3,D,CC,CC,D
15:01:22,UNVR,RG,3400,1,D,CC,CC,D
15:01:21,UNVR,RG,3400,1,D,CC,YP,D
15:01:16,UNVR,RG,3400,5,D,LG,KZ,F
15:01:16,UNVR,RG,3400,5,D,NI,KZ,F
15:01:16,UNVR,RG,3400,10,D,YU,KZ,F
15:01:15,UNVR,RG,3400,4,D,NI,KZ,F
15:01:15,UNVR,RG,3400,10,D,NI,GR,D
15:01:15,UNVR,RG,3400,1,D,NI,GR,D
15:01:15,UNVR,RG,3400,10,D,PD,GR,D
15:01:15,UNVR,RG,3400,10,D,YP,GR,D
15:01:15,UNVR,RG,3400,50,D,DH,GR,D
15:01:15,UNVR,RG,3400,1,D,YP,GR,D
15:01:15,UNVR,RG,3400,3,D,DX,GR,D
15:01:15,UNVR,RG,3400,15,D,XC,GR,D
15:01:08,UNVR,RG,3400,35,D,XC,KZ,F
15:01:08,UNVR,RG,3400,1,D,XL,KZ,F
15:01:08,UNVR,RG,3400,1,D,AZ,KZ,F
15:01:08,UNVR,RG,3400,2,D,XC,KZ,F
15:01:08,UNVR,RG,3400,6,D,PD,KZ,F
15:01:08,UNVR,RG,3400,5,D,SQ,KZ,F
15:01:08,UNVR,RG,3400,20,D,PD,KZ,F
15:01:08,UNVR,RG,3400,13,D,YP,KZ,F
15:01:02,UNVR,RG,3400,1,D,YP,NI,D
15:00:00,UNVR,RG,3400,342,D,YP,NI,D
15:00:00,UNVR,RG,3400,8,D,YP,SQ,D
15:00:00,UNVR,RG,3400,84,D,YP,GR,D
15:00:00,UNVR,RG,3400,20,D,YP,PD,D
15:00:00,UNVR,RG,3400,3,D,YP,YP,D
15:00:00,UNVR,RG,3400,20,D,YP,PC,D
15:00:00,UNVR,RG,3400,10,D,YP,YP,D
15:00:00,UNVR,RG,3400,260,D,YP,YU,D
15:00:00,UNVR,RG,3400,100,D,YP,YP,D
15:00:00,UNVR,RG,3400,1,D,YP,KK,D
15:00:00,UNVR,RG,3400,5,D,YP,KK,D
15:00:00,UNVR,RG,3400,20,D,YP,PD,D
15:00:00,UNVR,RG,3400,6,D,YP,YU,D
15:00:00,UNVR,RG,3400,107,D,YP,YU,F
15:00:00,UNVR,RG,3400,10,D,YP,YU,F
15:00:00,UNVR,RG,3400,2,D,XL,YU,F
15:00:00,UNVR,RG,3400,1,D,YB,YU,F
15:00:00,UNVR,RG,3400,5,D,PD,YU,F
15:00:00,UNVR,RG,3400,300,D,YP,YU,F
15:00:00,UNVR,RG,3400,2,D,KK,YU,F
15:00:00,UNVR,RG,3400,2,D,DR,YU,F
15:00:00,UNVR,RG,3400,1,D,YP,YU,F
15:00:00,UNVR,RG,3400,1,D,CC,YU,F
15:00:00,UNVR,RG,3400,1,D,XC,YU,F
15:00:00,UNVR,RG,3400,1,D,YP,YU,F
15:00:00,UNVR,RG,3400,2,D,GR,YU,F
15:00:00,UNVR,RG,3400,10,D,NI,YU,F
15:00:00,UNVR,RG,3400,3,D,YP,YU,F
15:00:00,UNVR,RG,3400,25,D,DR,YU,F
15:00:00,UNVR,RG,3400,10,D,CC,YU,F
15:00:00,UNVR,RG,3400,10,D,SQ,YU,F
15:00:00,UNVR,RG,3400,2,D,YP,YU,F
15:00:00,UNVR,RG,3400,5,D,CC,YU,F
15:00:00,UNVR,RG,3400,1,D,DR,YU,F
15:00:00,UNVR,RG,3400,9,D,XC,YU,F
15:00:00,UNVR,RG,3400,25,D,CC,YU,F
15:00:00,UNVR,RG,3400,1,D,AT,YU,F
15:00:00,UNVR,RG,3400,30,D,XC,YU,F
15:00:00,UNVR,RG,3400,2,D,GR,YU,F
15:00:00,UNVR,RG,3400,5,D,CC,YU,F
15:00:00,UNVR,RG,3400,1,D,XC,YU,F
15:00:00,UNVR,RG,3400,100,D,CC,YU,F
15:00:00,UNVR,RG,3400,16,D,XC,YU,F
15:00:00,UNVR,RG,3400,5,D,PD,YU,F
15:00:00,UNVR,RG,3400,2,D,CC,YU,F
15:00:00,UNVR,RG,3400,50,D,YP,YU,F
15:00:00,UNVR,RG,3400,10,D,EP,YU,F
15:00:00,UNVR,RG,3400,2,D,PD,YU,F
15:00:00,UNVR,RG,3400,1,D,YP,YU,F
15:00:00,UNVR,RG,3400,1,D,YP,YU,F
15:00:00,UNVR,RG,3400,1,D,EP,YU,F
15:00:00,UNVR,RG,3400,1,D,YP,YU,F
15:00:00,UNVR,RG,3400,5,D,XC,YU,F
15:00:00,UNVR,RG,3400,3,D,XC,YU,F
15:00:00,UNVR,RG,3400,3,D,NI,YU,F
15:00:00,UNVR,RG,3400,1,D,PD,YU,F
15:00:00,UNVR,RG,3400,1,D,KK,YU,F
15:00:00,UNVR,RG,3400,1,D,YP,YU,F
15:00:00,UNVR,RG,3400,10,D,PD,YU,F
15:00:00,UNVR,RG,3400,10,D,AZ,YU,F
15:00:00,UNVR,RG,3400,5,F,YP,YU,F
15:00:00,UNVR,RG,3400,10,D,PD,YU,F
15:00:00,UNVR,RG,3400,2,D,LG,YU,F
15:00:00,UNVR,RG,3400,2,D,NI,YU,F
15:00:00,UNVR,RG,3400,1,D,PD,YU,F
15:00:00,UNVR,RG,3400,1,D,PD,YU,F
15:00:00,UNVR,RG,3400,2,D,CC,YU,F
15:00:00,UNVR,RG,3400,1,D,YP,YU,F
15:00:00,UNVR,RG,3400,1,D,XC,YU,F
15:00:00,UNVR,RG,3400,10,D,PD,YU,F
15:00:00,UNVR,RG,3400,5,D,NI,YU,F
15:00:00,UNVR,RG,3400,2,D,EP,YU,F
15:00:00,UNVR,RG,3400,200,D,YP,YU,F
15:00:00,UNVR,RG,3400,1,D,PD,YU,F
15:00:00,UNVR,RG,3400,6,D,PD,YU,F
15:00:00,UNVR,RG,3400,10,D,KK,YU,F
15:00:00,UNVR,RG,3400,19,D,EP,YU,F
15:00:00,UNVR,RG,3400,1,D,EP,YU,F
15:00:00,UNVR,RG,3400,1089,F,CS,YU,F
15:00:00,UNVR,RG,3400,905,F,CS,ZP,F
15:00:00,UNVR,RG,3400,55,D,RF,ZP,F
15:00:00,UNVR,RG,3400,3,D,PD,ZP,F
15:00:00,UNVR,RG,3400,10,D,PD,ZP,F
15:00:00,UNVR,RG,3400,10,D,YP,ZP,F
15:00:00,UNVR,RG,3400,1,D,PD,ZP,F
15:00:00,UNVR,RG,3400,1,D,XC,ZP,F
15:00:00,UNVR,RG,3400,5,D,MK,ZP,F
15:00:00,UNVR,RG,3400,70,D,YP,ZP,F
15:00:00,UNVR,RG,3400,1,D,XC,ZP,F
15:00:00,UNVR,RG,3400,5,D,NI,ZP,F
15:00:00,UNVR,RG,3400,5,D,NI,ZP,F
15:00:00,UNVR,RG,3400,10,D,YP,ZP,F
15:00:00,UNVR,RG,3400,4,D,KK,ZP,F
15:00:00,UNVR,RG,3400,1,D,AT,ZP,F
15:00:00,UNVR,RG,3400,1,D,AT,ZP,F
15:00:00,UNVR,RG,3400,2,D,YP,ZP,F
15:00:00,UNVR,RG,3400,1,D,ZP,ZP,F
15:00:00,UNVR,RG,3400,2,D,YP,ZP,F
15:00:00,UNVR,RG,3400,1,D,CP,ZP,F
15:00:00,UNVR,RG,3400,1,D,NI,ZP,F
15:00:00,UNVR,RG,3400,3,D,YP,ZP,F
15:00:00,UNVR,RG,3400,1,D,PD,ZP,F
15:00:00,UNVR,RG,3400,2,D,GR,ZP,F
15:00:00,UNVR,RG,3400,15,D,NI,ZP,F
15:00:00,UNVR,RG,3400,12,D,XC,ZP,F
15:00:00,UNVR,RG,3400,10,D,KK,ZP,F
15:00:00,UNVR,RG,3400,20,D,SQ,ZP,F
15:00:00,UNVR,RG,3400,50,D,SQ,ZP,F
15:00:00,UNVR,RG,3400,1,D,XC,ZP,F
15:00:00,UNVR,RG,3400,2,D,NI,ZP,F
15:00:00,UNVR,RG,3400,5,D,YP,ZP,F
15:00:00,UNVR,RG,3400,5,D,AG,ZP,F
15:00:00,UNVR,RG,3400,5,D,AG,ZP,F
15:00:00,UNVR,RG,3400,40,D,AT,ZP,F
15:00:00,UNVR,RG,3400,100,D,YP,ZP,F
15:00:00,UNVR,RG,3400,10,D,AT,ZP,F
15:00:00,UNVR,RG,3400,1,D,PD,ZP,F
15:00:00,UNVR,RG,3400,200,D,CC,ZP,F
15:00:00,UNVR,RG,3400,80,D,AT,ZP,F
15:00:00,UNVR,RG,3400,1,D,XC,ZP,F
15:00:00,UNVR,RG,3400,176,F,CS,ZP,F
15:00:00,UNVR,RG,3400,2190,F,CS,ZP,F
15:00:00,UNVR,RG,3400,1,D,PD,ZP,F
15:00:00,UNVR,RG,3400,60,D,YP,ZP,F
15:00:00,UNVR,RG,3400,1,D,YP,ZP,F
15:00:00,UNVR,RG,3400,3,D,NI,ZP,F
15:00:00,UNVR,RG,3400,1,D,YP,ZP,F
15:00:00,UNVR,RG,3400,2,D,YP,ZP,F
15:00:00,UNVR,RG,3400,50,D,YP,ZP,F
15:00:00,UNVR,RG,3400,5,D,YP,ZP,F
15:00:00,UNVR,RG,3400,20,D,PD,ZP,F
15:00:00,UNVR,RG,3400,9,D,XL,ZP,F
15:00:00,UNVR,RG,3400,10,D,DR,ZP,F
15:00:00,UNVR,RG,3400,10,D,DH,ZP,F
15:00:00,UNVR,RG,3400,6,D,PD,ZP,F
15:00:00,UNVR,RG,3400,1,D,EP,ZP,F
15:00:00,UNVR,RG,3400,15,D,CC,ZP,F
15:00:00,UNVR,RG,3400,1,D,PD,ZP,F
15:00:00,UNVR,RG,3400,500,D,AZ,ZP,F
15:00:00,UNVR,RG,3400,2,D,CC,ZP,F
15:00:00,UNVR,RG,3400,2,D,PD,ZP,F
15:00:00,UNVR,RG,3400,8,D,XC,ZP,F
15:00:00,UNVR,RG,3400,1,D,CC,ZP,F
15:00:00,UNVR,RG,3400,3,D,XC,ZP,F
15:00:00,UNVR,RG,3400,18,D,DR,ZP,F
15:00:00,UNVR,RG,3400,30,D,YP,ZP,F
15:00:00,UNVR,RG,3400,1,D,PD,ZP,F
15:00:00,UNVR,RG,3400,150,D,YP,ZP,F
15:00:00,UNVR,RG,3400,4,D,PD,ZP,F
15:00:00,UNVR,RG,3400,77,D,PD,DX,F
15:00:00,UNVR,RG,3400,120,D,KK,DX,F
15:00:00,UNVR,RG,3400,50,D,NI,DX,F
15:00:00,UNVR,RG,3400,1,D,XC,DX,F
15:00:00,UNVR,RG,3400,5,D,PD,DX,F
15:00:00,UNVR,RG,3400,1,D,YP,DX,F
15:00:00,UNVR,RG,3400,1,D,XC,DX,F
15:00:00,UNVR,RG,3400,1,D,KK,DX,F
15:00:00,UNVR,RG,3400,5,D,CC,DX,F
15:00:00,UNVR,RG,3400,15,D,YP,DX,F
15:00:00,UNVR,RG,3400,1,D,YP,DX,F
15:00:00,UNVR,RG,3400,1,D,YP,DX,F
15:00:00,UNVR,RG,3400,30,D,YP,DX,F
15:00:00,UNVR,RG,3400,1,D,TP,DX,F
15:00:00,UNVR,RG,3400,5,D,YP,DX,F
15:00:00,UNVR,RG,3400,1,D,YP,DX,F
15:00:00,UNVR,RG,3400,20,D,NI,DX,F
15:00:00,UNVR,RG,3400,1,F,AK,DX,F
15:00:00,UNVR,RG,3400,73,D,DH,DX,F
15:00:00,UNVR,RG,3400,5,D,EP,DX,F
15:00:00,UNVR,RG,3400,1,F,ZP,DX,F
15:00:00,UNVR,RG,3400,352,F,ZP,DX,F
15:00:00,UNVR,RG,3400,33,F,AK,DX,F
15:00:00,UNVR,RG,3400,24,F,BK,DX,F
15:00:00,UNVR,RG,3400,1175,F,BK,DX,F
15:00:00,UNVR,RG,3400,49,F,BK,ZP,F
15:00:00,UNVR,RG,3400,361,F,BK,YU,F
15:00:00,UNVR,RG,3400,4,F,BK,KZ,F
15:00:00,UNVR,RG,3400,4,F,BK,KZ,F
15:00:00,UNVR,RG,3400,6,F,BK,KZ,F
15:00:00,UNVR,RG,3400,31,F,BK,KZ,F
15:00:00,UNVR,RG,3400,153,F,BK,KZ,F
15:00:00,UNVR,RG,3400,384,F,BK,KZ,F
15:00:00,UNVR,RG,3400,77,F,BK,KZ,F
15:00:00,UNVR,RG,3400,3,F,BK,KZ,F
15:00:00,UNVR,RG,3400,3,F,BK,KZ,F
15:00:00,UNVR,RG,3400,16,F,BK,KZ,F
15:00:00,UNVR,RG,3400,5,F,BK,KZ,F
15:00:00,UNVR,RG,3400,26,F,BK,KZ,F
15:00:00,UNVR,RG,3400,124,F,BK,KZ,F
15:00:00,UNVR,RG,3400,25,F,ZP,KZ,F
15:00:00,UNVR,RG,3400,891,F,ZP,KZ,D
15:00:00,UNVR,RG,3400,236,F,ZP,KZ,D
15:00:00,UNVR,RG,3400,66,F,ZP,KZ,D
15:00:00,UNVR,RG,3400,2152,F,ZP,KZ,F
15:00:00,UNVR,RG,3400,1001,F,ZP,KZ,F
15:00:00,UNVR,RG,3400,389,F,ZP,KZ,F
15:00:00,UNVR,RG,3400,301,F,ZP,BB,D
15:00:00,UNVR,RG,3400,4418,F,ZP,ZP,F
15:00:00,UNVR,RG,3400,212,F,CS,ZP,F
15:00:00,UNVR,RG,3400,514,F,CS,BB,D
15:00:00,UNVR,RG,3400,75,F,CS,BB,D
15:00:00,UNVR,RG,3400,277,F,CS,ZP,F
15:00:00,UNVR,RG,3400,4,F,AK,ZP,F
15:00:00,UNVR,RG,3400,4,F,AK,ZP,F
15:00:00,UNVR,RG,3400,83,F,AK,ZP,F
15:00:00,UNVR,RG,3400,213,F,AK,AK,F
15:00:00,UNVR,RG,3400,93,F,AK,PD,D
15:00:00,UNVR,RG,3400,188,F,AK,DR,D
15:00:00,UNVR,RG,3400,382,F,AK,DR,D
15:00:00,UNVR,RG,3400,7,F,AK,DR,D
15:00:00,UNVR,RG,3400,9,F,AK,DR,D
15:00:00,UNVR,RG,3400,109,F,AK,DR,D
15:00:00,UNVR,RG,3400,48,F,AK,DR,D
14:49:57,UNVR,RG,3420,4,F,ZP,YP,D
14:49:52,UNVR,RG,3420,4,F,ZP,YP,D
14:49:48,UNVR,RG,3420,5,D,CC,YP,D
14:49:45,UNVR,RG,3400,1,D,YP,BB,D
14:49:45,UNVR,RG,3400,2,D,GR,BB,D
14:49:45,UNVR,RG,3400,1,D,OD,BB,D
14:49:45,UNVR,RG,3400,28,D,YP,BB,D
14:49:44,UNVR,RG,3400,9,D,YP,BB,D
14:49:44,UNVR,RG,3400,5,D,YP,BB,D
14:49:44,UNVR,RG,3420,4,F,ZP,YP,D
14:49:44,UNVR,RG,3410,3,D,PD,BB,D
14:49:44,UNVR,RG,3410,14,F,ZP,BB,D
14:49:44,UNVR,RG,3410,2,D,CC,BB,D
14:49:44,UNVR,RG,3410,1,D,XC,BB,D
14:49:44,UNVR,RG,3410,7,D,CP,BB,D
14:49:44,UNVR,RG,3410,20,D,CC,BB,D
14:49:44,UNVR,RG,3410,17,D,NI,BB,D
14:49:44,UNVR,RG,3410,1,D,CC,BB,D
14:49:43,UNVR,RG,3410,1,F,AK,BB,D
14:49:42,UNVR,RG,3420,4,F,AK,YP,D
14:49:42,UNVR,RG,3420,1,F,AK,YP,D
14:49:42,UNVR,RG,3410,1,F,AK,BB,D
14:49:42,UNVR,RG,3410,1,D,PD,BB,D
14:49:42,UNVR,RG,3410,10,D,CC,BB,D
14:49:41,UNVR,RG,3410,1,D,CC,BB,D
14:49:38,UNVR,RG,3410,100,D,CC,RG,D
14:49:37,UNVR,RG,3410,3,D,CC,BB,D
14:49:34,UNVR,RG,3410,10,D,CC,BB,D
14:49:31,UNVR,RG,3410,3,D,CC,BB,D
14:49:30,UNVR,RG,3420,1,F,AK,YP,D
14:49:30,UNVR,RG,3420,1,F,AK,YP,D
14:49:30,UNVR,RG,3410,8,D,CC,BB,D
14:49:29,UNVR,RG,3420,1,F,ZP,YP,D
14:49:23,UNVR,RG,3410,25,D,CC,KK,D
14:49:21,UNVR,RG,3410,3,D,CC,BB,D
14:49:21,UNVR,RG,3410,1,D,CC,KK,D
14:49:20,UNVR,RG,3410,201,D,CC,ZP,F
14:49:17,UNVR,RG,3410,5,D,CC,BB,D
14:49:17,UNVR,RG,3410,130,D,CC,ZP,F
14:49:17,UNVR,RG,3410,2,D,YP,ZP,F
14:49:17,UNVR,RG,3410,1,D,PD,ZP,F
14:49:17,UNVR,RG,3410,1,F,ZP,ZP,F
14:49:17,UNVR,RG,3410,53,F,GR,ZP,F
14:49:11,UNVR,RG,3410,3,F,GR,BB,D
14:49:06,UNVR,RG,3410,49,F,GR,ZP,F
14:49:00,UNVR,RG,3420,17,F,AK,YP,D
14:49:00,UNVR,RG,3420,10,F,AK,YP,D
14:49:00,UNVR,RG,3420,7,F,AK,YP,D
14:49:00,UNVR,RG,3420,3,F,AK,YP,D
14:49:00,UNVR,RG,3420,1,F,AK,YP,D
14:49:00,UNVR,RG,3420,2,F,AK,YP,D
14:48:55,UNVR,RG,3410,20,F,GR,ZP,F
14:48:55,UNVR,RG,3410,5,D,YP,ZP,F
14:48:55,UNVR,RG,3410,1,D,PD,ZP,F
14:48:55,UNVR,RG,3410,1,D,YP,ZP,F
14:48:42,UNVR,RG,3410,2,D,YP,BB,D
14:48:34,UNVR,RG,3410,2,D,YP,BB,D
14:48:20,UNVR,RG,3410,1,D,XC,BB,D
14:48:19,UNVR,RG,3420,2,D,XC,YP,D
14:48:14,UNVR,RG,3410,1,D,PD,XC,D
14:48:13,UNVR,RG,3400,2,D,YP,BB,D
14:48:08,UNVR,RG,3420,4,D,GR,YP,D
14:48:08,UNVR,RG,3410,10,D,GR,YP,D
14:48:08,UNVR,RG,3410,25,D,GR,BB,D
14:48:08,UNVR,RG,3410,61,D,GR,ZP,F
14:48:06,UNVR,RG,3410,2,D,CC,ZP,F
14:48:05,UNVR,RG,3410,1,D,YP,ZP,F
14:48:05,UNVR,RG,3410,1,D,YP,ZP,F
14:48:05,UNVR,RG,3400,2,D,YP,BB,D
14:48:04,UNVR,RG,3410,1,D,PD,ZP,F
14:48:01,UNVR,RG,3410,2,D,GR,ZP,F
14:48:00,UNVR,RG,3410,10,D,MI,ZP,F
14:47:59,UNVR,RG,3410,282,D,KZ,ZP,F
14:47:59,UNVR,RG,3410,290,D,KZ,CS,F
14:47:52,UNVR,RG,3410,1,F,BK,CS,F
14:47:50,UNVR,RG,3400,1,D,YP,BB,D
14:47:50,UNVR,RG,3410,83,F,ZP,CS,F
14:47:49,UNVR,RG,3410,224,F,ZP,CS,F
14:47:48,UNVR,RG,3420,18,F,ZP,CS,F
14:47:48,UNVR,RG,3420,71,F,ZP,CS,F
14:47:48,UNVR,RG,3420,108,F,ZP,KZ,F
14:47:48,UNVR,RG,3410,2,F,ZP,XC,D
14:47:48,UNVR,RG,3410,197,F,ZP,KZ,F
14:47:48,UNVR,RG,3410,25,F,ZP,KZ,F
14:47:48,UNVR,RG,3410,5,D,PD,KZ,F
14:47:48,UNVR,RG,3410,1,F,AK,KZ,F
14:47:48,UNVR,RG,3410,2,D,SQ,KZ,F
14:47:48,UNVR,RG,3410,69,F,ZP,KZ,F
14:47:48,UNVR,RG,3410,6,D,YP,KZ,F
14:47:48,UNVR,RG,3410,3,D,PD,KZ,F
14:47:48,UNVR,RG,3410,3,D,YP,KZ,F
14:47:48,UNVR,RG,3410,33,F,AK,KZ,F
14:47:48,UNVR,RG,3410,2,D,PD,KZ,F
14:47:48,UNVR,RG,3410,1,D,PD,KZ,F
14:47:48,UNVR,RG,3410,99,F,CS,KZ,F
14:47:48,UNVR,RG,3410,50,D,EP,KZ,F
14:47:48,UNVR,RG,3410,1,D,YU,KZ,F
14:47:48,UNVR,RG,3410,6,F,AK,KZ,F
14:47:48,UNVR,RG,3410,1800,F,AK,KZ,F
14:47:48,UNVR,RG,3410,2,D,PD,KZ,F
14:47:48,UNVR,RG,3410,29,D,YP,KZ,F
14:47:48,UNVR,RG,3410,1,D,NI,KZ,F
14:47:48,UNVR,RG,3410,2,D,YP,KZ,F
14:47:48,UNVR,RG,3410,5,D,YP,KZ,F
14:47:48,UNVR,RG,3410,1,F,AK,KZ,F
14:47:48,UNVR,RG,3410,100,D,GR,KZ,F
14:47:48,UNVR,RG,3410,1,D,XC,KZ,F
14:47:48,UNVR,RG,3410,10,D,YP,KZ,F
14:47:48,UNVR,RG,3410,19,F,BK,KZ,F
14:47:48,UNVR,RG,3410,1,D,YP,KZ,F
14:47:48,UNVR,RG,3410,5,D,YP,KZ,F
14:47:48,UNVR,RG,3410,60,D,AT,KZ,F
14:47:48,UNVR,RG,3410,15,D,YP,KZ,F
14:47:48,UNVR,RG,3410,20,D,AT,KZ,F
14:47:48,UNVR,RG,3410,19,F,ZP,KZ,F
14:47:48,UNVR,RG,3410,19,D,AT,KZ,F
14:47:48,UNVR,RG,3410,57,F,AK,KZ,F
14:47:48,UNVR,RG,3410,39,D,YP,KZ,F
14:47:48,UNVR,RG,3410,140,D,AT,KZ,F
14:47:48,UNVR,RG,3420,69,F,ZP,KZ,F
14:47:48,UNVR,RG,3420,21,F,CS,KZ,F
14:47:48,UNVR,RG,3420,6,F,ZP,KZ,F
14:47:48,UNVR,RG,3420,12,F,CS,KZ,F
14:47:47,UNVR,RG,3420,33,D,SQ,KZ,F
14:47:47,UNVR,RG,3420,9,D,SQ,BB,D
14:47:47,UNVR,RG,3420,4,D,SQ,BB,D
14:47:47,UNVR,RG,3420,1,D,SQ,YP,D
14:47:47,UNVR,RG,3420,2,D,SQ,BB,D
14:47:47,UNVR,RG,3420,1,D,SQ,ZP,F
14:47:36,UNVR,RG,3420,5,D,YP,ZP,F
14:47:34,UNVR,RG,3420,1,D,XC,ZP,F
14:47:22,UNVR,RG,3420,2,F,BK,ZP,F
14:47:15,UNVR,RG,3420,3,F,BK,ZP,F
14:47:15,UNVR,RG,3420,40,F,CS,ZP,F
14:47:15,UNVR,RG,3420,6,F,CS,BB,D
14:47:14,UNVR,RG,3420,3,F,ZP,BB,D
14:47:14,UNVR,RG,3420,26,F,ZP,KZ,F
14:47:14,UNVR,RG,3420,1,F,CS,KZ,F
14:47:14,UNVR,RG,3420,1,F,ZP,KZ,F
14:47:14,UNVR,RG,3420,108,D,KZ,KZ,F
14:47:14,UNVR,RG,3420,28,D,KZ,BB,D
14:47:14,UNVR,RG,3420,34,D,KZ,ZP,F
14:47:14,UNVR,RG,3420,76,D,KZ,KZ,F
14:47:14,UNVR,RG,3420,29,D,KZ,BB,D
14:47:14,UNVR,RG,3420,5,D,KZ,BB,D
14:47:14,UNVR,RG,3420,18,D,KZ,BB,D
14:47:12,UNVR,RG,3420,1,D,YP,BB,D
14:47:11,UNVR,RG,3420,4,F,BK,BB,D
14:47:10,UNVR,RG,3420,33,F,ZP,BB,D
14:47:10,UNVR,RG,3410,1,D,KZ,PD,D
14:47:10,UNVR,RG,3420,1,F,CS,BB,D
14:47:09,UNVR,RG,3420,4,F,CS,BB,D
14:47:09,UNVR,RG,3420,76,F,ZP,BB,D
14:47:09,UNVR,RG,3420,4,D,CC,KZ,F
14:47:09,UNVR,RG,3420,5,D,CC,GR,D
14:47:09,UNVR,RG,3420,74,D,CC,BB,D
14:47:09,UNVR,RG,3420,10,D,CC,SQ,D
14:47:09,UNVR,RG,3420,7,D,CC,LG,D
14:47:09,UNVR,RG,3420,241,D,KZ,LG,D
14:47:07,UNVR,RG,3420,5,D,EP,LG,D
14:47:06,UNVR,RG,3420,4,F,AK,LG,D
14:47:04,UNVR,RG,3420,81,F,ZP,LG,D
14:47:04,UNVR,RG,3420,1,F,ZP,CP,D
14:47:04,UNVR,RG,3420,1,F,ZP,XC,D
14:47:04,UNVR,RG,3420,10,F,ZP,PD,D
14:47:04,UNVR,RG,3420,5,F,ZP,BB,D
14:47:04,UNVR,RG,3420,3,F,ZP,YP,D
14:47:04,UNVR,RG,3420,42,F,ZP,ZP,F
14:47:03,UNVR,RG,3420,1,D,YP,ZP,F
14:47:03,UNVR,RG,3420,31,D,CC,ZP,F
14:47:03,UNVR,RG,3420,20,D,CC,YP,D
14:47:03,UNVR,RG,3420,15,D,CC,CC,D
14:47:03,UNVR,RG,3420,5,D,CC,BB,D
14:47:03,UNVR,RG,3420,10,D,CC,YP,D
14:47:03,UNVR,RG,3420,9,D,CC,PD,D
14:47:02,UNVR,RG,3420,1,D,YU,PD,D
14:47:00,UNVR,RG,3420,5,D,YP,PD,D
14:46:59,UNVR,RG,3420,4,F,ZP,PD,D
14:46:59,UNVR,RG,3410,48,D,KZ,ZP,F
14:46:59,UNVR,RG,3410,3,D,YP,ZP,F
14:46:59,UNVR,RG,3410,28,F,ZP,ZP,F
14:46:59,UNVR,RG,3410,29,F,ZP,ZP,F
14:46:59,UNVR,RG,3410,4,F,ZP,ZP,F
14:46:59,UNVR,RG,3410,59,F,ZP,ZP,F
14:46:49,UNVR,RG,3420,1,D,YP,PD,D
14:46:49,UNVR,RG,3420,10,D,YP,BB,D
14:46:48,UNVR,RG,3410,20,F,ZP,BB,D
14:46:43,UNVR,RG,3410,14,F,ZP,ZP,F
14:46:43,UNVR,RG,3410,2,F,ZP,ZP,F
14:46:43,UNVR,RG,3410,3,F,CS,ZP,F
14:46:43,UNVR,RG,3410,10,D,NI,ZP,F
14:46:43,UNVR,RG,3410,1,D,YU,ZP,F
14:46:43,UNVR,RG,3410,2,F,ZP,ZP,F
14:46:43,UNVR,RG,3410,102,F,AK,ZP,F
14:46:40,UNVR,RG,3420,5,D,CC,BB,D
14:46:38,UNVR,RG,3410,5,F,AK,TP,D
14:46:35,UNVR,RG,3420,11,D,YP,BB,D
14:46:32,UNVR,RG,3410,10,F,AK,KK,D
14:46:21,UNVR,RG,3410,110,F,AK,ZP,F
14:46:20,UNVR,RG,3410,48,F,AK,BB,D
14:46:10,UNVR,RG,3420,11,F,ZP,BB,D
14:46:10,UNVR,RG,3420,12,F,ZP,BB,D
14:46:10,UNVR,RG,3420,4,F,ZP,XC,D
14:46:09,UNVR,RG,3420,22,F,ZP,YP,D
14:46:09,UNVR,RG,3420,1,F,ZP,ZP,F
14:46:08,UNVR,RG,3420,6,F,ZP,ZP,F
14:45:59,UNVR,RG,3410,123,F,AK,ZP,F
14:45:38,UNVR,RG,3410,116,F,AK,ZP,F
14:45:36,UNVR,RG,3410,10,F,AK,YP,D
14:45:31,UNVR,RG,3410,8,F,AK,BB,D
14:45:29,UNVR,RG,3410,9,F,AK,BB,D
14:45:21,UNVR,RG,3410,29,F,AK,YP,D
14:45:21,UNVR,RG,3410,2,F,ZP,YP,D
14:45:21,UNVR,RG,3410,10,F,CS,YP,D
14:45:21,UNVR,RG,3410,9,D,MI,YP,D
14:45:15,UNVR,RG,3410,1,D,MI,XC,D
14:45:13,UNVR,RG,3410,10,F,ZP,YP,D
14:45:12,UNVR,RG,3400,10,D,YP,YP,D
14:45:11,UNVR,RG,3420,2,D,YP,ZP,F
14:45:04,UNVR,RG,3420,20,D,YP,ZP,F
14:44:58,UNVR,RG,3410,75,F,AK,ZP,F
14:44:58,UNVR,RG,3410,9,F,ZP,KZ,F
14:44:58,UNVR,RG,3410,1,D,XC,KZ,F
14:44:58,UNVR,RG,3410,1,D,NI,KZ,F
14:44:58,UNVR,RG,3410,10,F,AK,KZ,F
14:44:58,UNVR,RG,3410,88,F,ZP,KZ,F
14:44:58,UNVR,RG,3410,36,D,AT,KZ,F
14:44:58,UNVR,RG,3410,44,F,ZP,KZ,F
14:44:58,UNVR,RG,3410,30,D,PD,KZ,F
14:44:58,UNVR,RG,3410,55,F,ZP,KZ,F
14:44:58,UNVR,RG,3410,280,D,AT,KZ,F
14:44:58,UNVR,RG,3410,40,D,AT,KZ,F
14:44:58,UNVR,RG,3410,120,D,AT,KZ,F
14:44:58,UNVR,RG,3410,125,D,DR,KZ,F
14:44:58,UNVR,RG,3410,40,D,YP,KZ,F
14:44:58,UNVR,RG,3410,10,D,PD,KZ,F
14:44:58,UNVR,RG,3410,10,D,NI,KZ,F
14:44:58,UNVR,RG,3410,1,D,DX,KZ,F
14:44:58,UNVR,RG,3410,20,D,PD,KZ,F
14:44:58,UNVR,RG,3410,1,D,CC,KZ,F
14:44:58,UNVR,RG,3410,347,D,KZ,KZ,F
14:44:58,UNVR,RG,3410,1,D,PD,KZ,F
14:44:58,UNVR,RG,3410,10,D,XC,KZ,F
14:44:58,UNVR,RG,3410,1,D,PD,KZ,F
14:44:58,UNVR,RG,3410,100,D,PD,KZ,F
14:44:58,UNVR,RG,3410,7,D,CC,KZ,F
14:44:58,UNVR,RG,3410,1,D,XL,KZ,F
14:44:58,UNVR,RG,3410,2,D,YP,KZ,F
14:44:58,UNVR,RG,3410,1,D,YP,KZ,F
14:44:58,UNVR,RG,3410,400,D,YP,KZ,F
14:44:58,UNVR,RG,3410,600,F,AK,KZ,F
14:44:58,UNVR,RG,3410,1,D,SQ,KZ,F
14:44:58,UNVR,RG,3410,1,D,CC,KZ,F
14:44:58,UNVR,RG,3410,55,D,CC,KZ,F
14:44:58,UNVR,RG,3410,1,D,EP,KZ,F
14:44:58,UNVR,RG,3410,1,D,YP,KZ,F
14:44:58,UNVR,RG,3410,3,D,NI,KZ,F
14:44:58,UNVR,RG,3410,1,D,KK,KZ,F
14:44:58,UNVR,RG,3410,35,D,DR,KZ,F
14:44:58,UNVR,RG,3410,3,D,SQ,KZ,F
14:44:58,UNVR,RG,3410,1,D,PD,KZ,F
14:44:58,UNVR,RG,3410,1,D,OD,KZ,F
14:44:58,UNVR,RG,3410,2,D,GR,KZ,F
14:44:58,UNVR,RG,3410,1113,D,GR,KZ,F
14:44:49,UNVR,RG,3420,35,D,DR,ZP,F
14:44:48,UNVR,RG,3420,7,F,GR,ZP,F
14:44:48,UNVR,RG,3420,47,F,GR,BB,D
14:44:48,UNVR,RG,3420,8,F,GR,DR,D
14:44:48,UNVR,RG,3420,63,F,GR,YP,D
14:44:48,UNVR,RG,3410,792,D,GR,PD,D
14:44:45,UNVR,RG,3410,43,D,GR,BB,D
14:44:43,UNVR,RG,3420,14,D,PD,YP,D
14:44:43,UNVR,RG,3420,6,D,PD,BB,D
14:44:43,UNVR,RG,3420,4,D,PD,BB,D
14:44:41,UNVR,RG,3410,9,D,GR,YP,D
14:44:35,UNVR,RG,3410,43,D,GR,ZP,F
14:44:35,UNVR,RG,3410,1,D,XC,ZP,F
14:44:35,UNVR,RG,3410,1,D,PD,ZP,F
14:44:35,UNVR,RG,3410,1,D,YP,ZP,F
14:44:35,UNVR,RG,3410,1,D,PD,ZP,F
14:44:35,UNVR,RG,3410,1,D,EP,ZP,F
14:44:35,UNVR,RG,3410,2,D,YP,ZP,F
14:44:35,UNVR,RG,3410,9,D,YP,BB,D
14:44:35,UNVR,RG,3420,9,F,ZP,KZ,F
14:44:35,UNVR,RG,3420,59,F,ZP,KZ,F
14:44:35,UNVR,RG,3420,2,D,PD,KZ,F
14:44:35,UNVR,RG,3420,250,D,AH,KZ,F
14:44:35,UNVR,RG,3420,7,F,ZP,KZ,F
14:44:35,UNVR,RG,3420,1,D,NI,KZ,F
14:44:35,UNVR,RG,3420,10,D,YB,KZ,F
14:44:35,UNVR,RG,3420,66,F,ZP,KZ,F
14:44:35,UNVR,RG,3420,100,F,GR,KZ,F
14:44:35,UNVR,RG,3420,7,F,ZP,KZ,F
14:44:35,UNVR,RG,3420,71,F,AK,KZ,F
14:44:35,UNVR,RG,3420,38,F,CC,KZ,F
14:44:33,UNVR,RG,3420,16,F,CC,CC,D
14:44:25,UNVR,RG,3420,64,F,CC,ZP,F
14:44:20,UNVR,RG,3420,380,F,CC,YU,D
14:44:12,UNVR,RG,3420,10,F,CC,DR,D
14:43:57,UNVR,RG,3430,616,D,AI,SQ,D
14:43:57,UNVR,RG,3430,5,D,AI,PD,D
14:43:57,UNVR,RG,3430,15,D,AI,CC,D
14:43:57,UNVR,RG,3430,11,D,AI,CC,D
14:43:57,UNVR,RG,3430,17,D,AI,PD,D
14:43:57,UNVR,RG,3430,1,D,AI,MK,D
14:43:57,UNVR,RG,3430,5,D,AI,PD,D
14:43:57,UNVR,RG,3430,1,D,AI,PD,D
14:43:57,UNVR,RG,3430,1,D,AI,CP,D
14:43:57,UNVR,RG,3430,1,D,AI,PD,D
14:43:57,UNVR,RG,3430,1,D,AI,XC,D
14:43:57,UNVR,RG,3430,2,D,AI,PD,D
14:43:57,UNVR,RG,3430,792,D,AI,PD,D
14:43:57,UNVR,RG,3430,3,D,AI,NI,D
14:43:57,UNVR,RG,3430,29,D,AI,XL,D
14:43:53,UNVR,RG,3420,67,F,CC,BB,D
14:43:53,UNVR,RG,3420,86,F,CC,ZP,F
14:43:53,UNVR,RG,3420,19,F,CC,BB,D
14:43:53,UNVR,RG,3420,133,F,CC,BB,D
14:43:53,UNVR,RG,3410,189,D,YP,ZP,F
14:43:53,UNVR,RG,3410,1,D,DH,ZP,F
14:43:53,UNVR,RG,3410,1,D,YP,ZP,F
14:43:52,UNVR,RG,3420,6,F,CS,BB,D
14:43:52,UNVR,RG,3420,106,F,CS,BB,D
14:43:52,UNVR,RG,3420,2,F,CS,AK,F
14:43:52,UNVR,RG,3420,75,F,ZP,AK,F
14:43:52,UNVR,RG,3420,15,F,AK,AK,F
14:43:52,UNVR,RG,3420,4,F,CS,AK,F
14:43:52,UNVR,RG,3420,268,F,AK,AK,F
14:43:52,UNVR,RG,3420,1,F,AK,AK,F
14:43:52,UNVR,RG,3420,1,F,AK,AK,F
14:43:52,UNVR,RG,3420,7,F,AK,AK,F
14:43:52,UNVR,RG,3420,22,F,AK,AK,F
14:43:52,UNVR,RG,3420,1,F,AK,AK,F
14:43:52,UNVR,RG,3420,1,F,AK,AK,F
14:43:52,UNVR,RG,3420,2,F,AK,AK,F
14:43:52,UNVR,RG,3420,93,F,AK,AK,F
14:43:52,UNVR,RG,3420,4,D,KK,AK,F
14:43:51,UNVR,RG,3420,1,D,KK,KZ,F
14:43:51,UNVR,RG,3420,5,D,KK,KZ,F
14:43:51,UNVR,RG,3420,10,D,YP,KZ,F
14:43:51,UNVR,RG,3420,126,F,ZP,KZ,F
14:43:51,UNVR,RG,3420,2,D,NI,KZ,F
14:43:51,UNVR,RG,3420,358,F,ZP,KZ,F
14:43:51,UNVR,RG,3420,100,D,YP,KZ,F
14:43:51,UNVR,RG,3420,5,D,GR,KZ,F
14:43:51,UNVR,RG,3420,45,D,PD,KZ,F
14:43:51,UNVR,RG,3420,92,F,ZP,KZ,F
14:43:51,UNVR,RG,3420,27,D,YP,KZ,F
14:43:51,UNVR,RG,3420,1143,D,KZ,KZ,F
14:43:51,UNVR,RG,3420,3,D,AT,KZ,F
14:43:51,UNVR,RG,3420,1,D,XL,KZ,F
14:43:51,UNVR,RG,3420,10,D,YP,KZ,F
14:43:51,UNVR,RG,3420,20,D,PD,KZ,F
14:43:51,UNVR,RG,3420,87,F,CS,KZ,F
14:43:51,UNVR,RG,3420,38,D,LG,KZ,F
14:43:51,UNVR,RG,3420,100,D,LG,KZ,F
14:43:51,UNVR,RG,3420,6,F,AK,KZ,F
14:43:51,UNVR,RG,3420,50,D,LG,KZ,F
14:43:51,UNVR,RG,3420,755,F,AK,KZ,F
14:43:51,UNVR,RG,3420,2,D,XC,KZ,F
14:43:51,UNVR,RG,3420,1,D,XC,KZ,F
14:43:51,UNVR,RG,3420,257,D,KZ,KZ,F
14:43:51,UNVR,RG,3420,1,F,AK,KZ,F
14:43:51,UNVR,RG,3420,8,F,AK,KZ,F
14:43:51,UNVR,RG,3420,1,F,AK,KZ,F
14:43:51,UNVR,RG,3420,86,F,AK,KZ,F
14:43:51,UNVR,RG,3420,2,D,DH,KZ,F
14:43:51,UNVR,RG,3420,1,D,XL,KZ,F
14:43:51,UNVR,RG,3420,148,D,KK,KZ,F
14:43:51,UNVR,RG,3420,100,D,YP,KZ,F
14:43:51,UNVR,RG,3420,3,F,ZP,KZ,F
14:43:51,UNVR,RG,3420,50,D,XC,KZ,F
14:43:51,UNVR,RG,3420,89,F,CS,KZ,F
14:43:51,UNVR,RG,3420,5,F,ZP,KZ,F
14:43:51,UNVR,RG,3420,1,D,NI,KZ,F
14:43:51,UNVR,RG,3420,109,F,ZP,KZ,F
14:43:51,UNVR,RG,3420,5,F,ZP,KZ,F
14:43:51,UNVR,RG,3420,1,D,YP,KZ,F
14:43:51,UNVR,RG,3420,1,D,PD,KZ,F
14:43:51,UNVR,RG,3420,6,F,ZP,KZ,F
14:43:51,UNVR,RG,3420,2,D,YP,KZ,F
14:43:51,UNVR,RG,3420,1,D,KK,KZ,F
14:43:51,UNVR,RG,3420,105,F,ZP,KZ,F
14:43:51,UNVR,RG,3420,3,D,KK,KZ,F
14:43:51,UNVR,RG,3420,1,D,CC,KZ,F
14:43:51,UNVR,RG,3420,5,F,ZP,KZ,F
14:43:51,UNVR,RG,3420,500,D,ZP,KZ,F
14:43:51,UNVR,RG,3420,20,D,XC,KZ,F
14:43:51,UNVR,RG,3420,65,F,ZP,KZ,F
14:43:51,UNVR,RG,3420,1,F,AK,KZ,F
14:43:51,UNVR,RG,3420,1,F,AK,KZ,F
14:43:51,UNVR,RG,3420,9,F,AK,KZ,F
14:43:51,UNVR,RG,3420,18,F,AK,KZ,F
14:43:51,UNVR,RG,3420,1,F,AK,KZ,F
14:43:51,UNVR,RG,3420,1,F,AK,KZ,F
14:43:51,UNVR,RG,3420,700,D,KK,KZ,F
14:43:51,UNVR,RG,3420,78,F,AK,KZ,F
14:43:51,UNVR,RG,3420,288,F,AK,KZ,F
14:43:51,UNVR,RG,3420,5,D,YP,KZ,F
14:43:51,UNVR,RG,3420,1000,D,YJ,KZ,F
14:43:51,UNVR,RG,3420,35,F,ZP,KZ,F
14:43:51,UNVR,RG,3420,1133,F,CC,KZ,F
14:43:49,UNVR,RG,3430,30,D,PD,XL,D
14:43:46,UNVR,RG,3420,1,F,CC,XC,D
14:43:45,UNVR,RG,3430,8,F,ZP,XL,D
14:43:37,UNVR,RG,3430,14,F,AK,XL,D
14:43:32,UNVR,RG,3420,30,F,CC,XC,D
14:43:30,UNVR,RG,3420,2,F,CC,CC,D
14:43:29,UNVR,RG,3420,36,F,CC,AT,D
14:43:29,UNVR,RG,3420,151,F,CC,BB,D
14:43:28,UNVR,RG,3420,88,F,CC,BB,D
14:43:26,UNVR,RG,3430,7,F,ZP,XL,D
14:43:22,UNVR,RG,3420,26,F,CC,ZP,F
14:43:22,UNVR,RG,3420,60,F,ZP,ZP,F
14:43:22,UNVR,RG,3420,12,F,ZP,ZP,F
14:43:18,UNVR,RG,3430,2,F,AK,XL,D
14:43:18,UNVR,RG,3420,20,F,ZP,BB,D
14:43:13,UNVR,RG,3430,5,D,NI,XL,D
14:43:09,UNVR,RG,3420,5,F,ZP,YP,D
14:43:09,UNVR,RG,3430,7,F,ZP,XL,D
14:42:55,UNVR,RG,3420,20,F,ZP,OD,D
14:42:54,UNVR,RG,3420,95,F,ZP,ZP,F
14:42:50,UNVR,RG,3430,7,F,ZP,XL,D
14:42:41,UNVR,RG,3420,21,F,ZP,PC,D
14:42:41,UNVR,RG,3430,2,D,NI,XL,D
14:42:41,UNVR,RG,3420,3,F,ZP,OD,D
14:42:33,UNVR,RG,3430,5,F,ZP,XL,D
14:42:27,UNVR,RG,3420,92,F,ZP,ZP,F
14:42:15,UNVR,RG,3430,7,F,ZP,XL,D
14:42:14,UNVR,RG,3420,102,F,ZP,PD,D
14:42:14,UNVR,RG,3420,3,F,ZP,PD,D
14:42:14,UNVR,RG,3420,33,F,CS,PD,D
14:42:14,UNVR,RG,3420,13,F,CS,PD,D
14:42:14,UNVR,RG,3420,127,F,ZP,PD,D
14:42:14,UNVR,RG,3420,5,F,CS,PD,D
14:42:14,UNVR,RG,3420,511,D,KZ,PD,D
14:42:08,UNVR,RG,3430,1,D,NI,XL,D
14:42:01,UNVR,RG,3430,76,F,ZP,XL,D
14:42:00,UNVR,RG,3420,102,D,KZ,ZP,F
14:41:57,UNVR,RG,3430,1,F,ZP,PD,D
14:41:57,UNVR,RG,3430,6,F,ZP,PD,D
14:41:52,UNVR,RG,3430,5,F,AK,PD,D
14:41:52,UNVR,RG,3430,9,F,AK,CC,D
14:41:51,UNVR,RG,3430,26,F,ZP,CC,D
14:41:51,UNVR,RG,3430,5,F,ZP,PD,D
14:41:51,UNVR,RG,3430,12,F,ZP,EP,D
14:41:44,UNVR,RG,3430,12,F,AK,EP,D
14:41:44,UNVR,RG,3420,5,D,KZ,YP,D
14:41:42,UNVR,RG,3430,76,F,ZP,EP,D
14:41:42,UNVR,RG,3430,1,F,ZP,LG,D
14:41:40,UNVR,RG,3430,8,F,ZP,LG,D
14:41:30,UNVR,RG,3420,6,D,KZ,ZP,F
14:41:23,UNVR,RG,3430,74,F,ZP,LG,D
14:41:23,UNVR,RG,3430,4,F,ZP,YP,D
14:41:23,UNVR,RG,3430,6,F,CS,YP,D
14:41:23,UNVR,RG,3430,50,F,CS,YP,D
14:41:23,UNVR,RG,3430,10,F,CS,XC,D
14:41:23,UNVR,RG,3430,1,F,CS,PD,D
14:41:23,UNVR,RG,3430,2,F,CS,PD,D
14:41:23,UNVR,RG,3430,3,F,CS,XC,D
14:41:23,UNVR,RG,3430,25,F,CS,CC,D
14:41:23,UNVR,RG,3430,4,F,CS,YP,D
14:41:23,UNVR,RG,3430,9,F,ZP,YP,D
14:41:14,UNVR,RG,3420,14,D,KZ,PD,D
14:41:14,UNVR,RG,3420,54,D,KZ,DH,D
14:41:13,UNVR,RG,3420,92,D,KZ,ZP,F
14:41:13,UNVR,RG,3430,3,D,AT,YP,D
14:41:12,UNVR,RG,3420,1,D,KZ,BB,D
14:41:05,UNVR,RG,3430,2,F,AK,YP,D
14:41:05,UNVR,RG,3430,71,F,ZP,YP,D
14:41:05,UNVR,RG,3430,6,F,ZP,YP,D
14:41:03,UNVR,RG,3430,1,D,AG,YP,D
14:41:01,UNVR,RG,3420,89,D,KZ,ZP,F
14:41:00,UNVR,RG,3430,4,D,LG,YP,D
14:41:00,UNVR,RG,3430,6,D,LG,YP,D
14:41:00,UNVR,RG,3430,1,D,LG,PD,D
14:41:00,UNVR,RG,3430,20,D,LG,NI,D
14:41:00,UNVR,RG,3430,1,D,LG,KK,D
14:41:00,UNVR,RG,3430,1,D,LG,YP,D
14:41:00,UNVR,RG,3430,3,D,LG,HP,D
14:41:00,UNVR,RG,3430,14,D,LG,SQ,D
14:40:54,UNVR,RG,3430,5,D,PD,SQ,D
14:40:52,UNVR,RG,3420,10,D,KZ,PD,D
14:40:48,UNVR,RG,3420,10,D,KZ,CC,D
14:40:47,UNVR,RG,3430,11,F,ZP,SQ,D
14:40:47,UNVR,RG,3430,50,F,ZP,KZ,F
14:40:47,UNVR,RG,3430,15,F,ZP,KZ,F
14:40:44,UNVR,RG,3430,7,F,ZP,KZ,F
14:40:44,UNVR,RG,3420,10,D,KZ,BQ,D
14:40:34,UNVR,RG,3420,95,D,KZ,ZP,F
14:40:31,UNVR,RG,3430,3,F,BK,KZ,F
14:40:29,UNVR,RG,3430,70,D,YP,KZ,F
14:40:29,UNVR,RG,3430,73,F,ZP,KZ,F
14:40:28,UNVR,RG,3430,8,F,ZP,KZ,F
14:40:24,UNVR,RG,3430,4,D,CD,KZ,F
14:40:18,UNVR,RG,3420,3,D,KZ,SQ,D
14:40:11,UNVR,RG,3430,30,D,OD,KZ,F
14:40:11,UNVR,RG,3430,69,F,ZP,KZ,F
14:40:10,UNVR,RG,3430,7,F,ZP,KZ,F
14:40:05,UNVR,RG,3420,84,D,KZ,ZP,F
14:40:03,UNVR,RG,3420,25,D,KZ,CC,D
14:39:56,UNVR,RG,3430,55,F,ZP,KZ,F
14:39:50,UNVR,RG,3420,2,D,KZ,GR,D
14:39:50,UNVR,RG,3430,7,F,ZP,KZ,F
14:39:49,UNVR,RG,3420,7,D,KZ,DR,D
14:39:39,UNVR,RG,3420,1,D,KZ,ZP,F
14:39:35,UNVR,RG,3430,63,F,ZP,KZ,F
14:39:35,UNVR,RG,3420,1,D,KZ,XC,D
14:39:34,UNVR,RG,3430,4,F,ZP,KZ,F
14:39:31,UNVR,RG,3430,6,F,CS,KZ,F
14:39:31,UNVR,RG,3430,6,F,CS,CC,D
14:39:31,UNVR,RG,3430,1,F,CS,XC,D
14:39:31,UNVR,RG,3430,5,F,CS,LG,D
14:39:31,UNVR,RG,3430,3,F,CS,XC,D
14:39:31,UNVR,RG,3430,1,F,CS,NI,D
14:39:31,UNVR,RG,3430,60,F,CS,CC,D
14:39:31,UNVR,RG,3430,1,F,CS,YP,D
14:39:31,UNVR,RG,3430,1,F,CS,PD,D
14:39:31,UNVR,RG,3430,2,F,CS,XC,D
14:39:31,UNVR,RG,3430,5,F,CS,XC,D
14:39:31,UNVR,RG,3430,1,F,CS,YP,D
14:39:31,UNVR,RG,3430,15,F,CS,YP,D
14:39:28,UNVR,RG,3430,1,D,PD,SQ,D
14:39:24,UNVR,RG,3420,1,D,KZ,KZ,F
14:39:24,UNVR,RG,3420,43,D,KZ,KZ,F
14:39:24,UNVR,RG,3420,1,D,KZ,KZ,F
14:39:24,UNVR,RG,3420,6,D,KZ,KZ,F
14:39:21,UNVR,RG,3420,97,D,KZ,ZP,F
14:39:16,UNVR,RG,3430,2,F,ZP,SQ,D
14:39:16,UNVR,RG,3430,1,F,ZP,PD,D
14:39:16,UNVR,RG,3430,7,F,ZP,PD,D
14:39:08,UNVR,RG,3420,18,D,KZ,ZP,F
14:38:48,UNVR,RG,3420,1,D,KZ,XC,D
14:38:44,UNVR,RG,3430,1,D,YU,PD,D
14:38:41,UNVR,RG,3420,117,D,KZ,ZP,F
14:38:36,UNVR,RG,3420,1,D,KZ,XC,D
14:38:35,UNVR,RG,3430,1,D,PD,PD,D
14:38:26,UNVR,RG,3420,59,D,KZ,ZP,F
14:38:15,UNVR,RG,3430,5,D,AT,PD,D
14:38:11,UNVR,RG,3420,5,D,KZ,AI,D
14:38:01,UNVR,RG,3430,1,D,KK,PD,D
14:38:00,UNVR,RG,3430,2,D,YP,PD,D
14:37:56,UNVR,RG,3430,1,D,YU,PD,D
14:37:49,UNVR,RG,3420,10,D,KZ,PD,D
14:37:45,UNVR,RG,3430,3,D,NI,PD,D
14:37:37,UNVR,RG,3420,2,D,KZ,SQ,D
14:37:32,UNVR,RG,3430,25,F,AK,PD,D
14:37:31,UNVR,RG,3430,2,D,YP,PD,D
14:37:30,UNVR,RG,3430,5,D,CC,PD,D
14:37:19,UNVR,RG,3430,20,F,AK,PD,D
14:37:19,UNVR,RG,3420,99,D,KZ,ZP,F
14:37:19,UNVR,RG,3420,135,D,KZ,KZ,F
14:37:19,UNVR,RG,3420,731,D,KZ,CS,F
14:37:19,UNVR,RG,3420,70,D,KZ,NI,D
14:37:19,UNVR,RG,3420,10,D,KZ,CC,D
14:37:19,UNVR,RG,3420,105,D,KZ,NI,D
14:37:17,UNVR,RG,3420,10,D,PD,NI,D
14:37:17,UNVR,RG,3420,20,D,PD,MG,D
14:37:17,UNVR,RG,3420,16,D,PD,PD,D
14:37:17,UNVR,RG,3420,154,D,PD,KZ,F
14:37:16,UNVR,RG,3410,22,F,CC,ZP,F
14:37:15,UNVR,RG,3420,47,F,AK,KZ,F
14:37:15,UNVR,RG,3420,38,F,ZP,KZ,F
14:37:15,UNVR,RG,3420,407,F,ZP,KZ,F
14:37:15,UNVR,RG,3420,61,F,CS,KZ,F
14:37:15,UNVR,RG,3420,86,D,KZ,KZ,F
14:37:15,UNVR,RG,3420,24,D,KZ,KZ,F
14:37:15,UNVR,RG,3420,24,D,KZ,KZ,F
14:37:15,UNVR,RG,3420,703,D,KZ,CS,F
14:37:15,UNVR,RG,3420,73,D,KZ,KZ,F
14:37:15,UNVR,RG,3420,10,D,KZ,HP,D
14:37:15,UNVR,RG,3420,1,D,KZ,XC,D
14:37:15,UNVR,RG,3420,71,D,KZ,ZP,F
14:37:15,UNVR,RG,3420,200,D,KZ,DH,D
14:37:15,UNVR,RG,3420,8,D,KZ,PD,D
14:37:15,UNVR,RG,3420,24,D,KZ,KZ,F
14:37:15,UNVR,RG,3420,167,D,KZ,LG,D
14:37:15,UNVR,RG,3420,27,D,KZ,KZ,F
14:37:15,UNVR,RG,3420,10,D,KZ,YP,D
14:37:15,UNVR,RG,3420,29,D,KZ,KZ,F
14:37:15,UNVR,RG,3420,23,D,KZ,KZ,F
14:37:15,UNVR,RG,3420,2,D,KZ,NI,D
14:37:15,UNVR,RG,3420,25,D,KZ,CC,D
14:37:15,UNVR,RG,3420,2,D,KZ,KZ,F
14:37:15,UNVR,RG,3420,25,D,KZ,SQ,D
14:37:15,UNVR,RG,3420,5,D,KZ,YP,D
14:37:15,UNVR,RG,3420,6,D,KZ,XC,D
14:37:15,UNVR,RG,3420,455,D,KZ,BB,D
14:37:13,UNVR,RG,3420,6,F,ZP,BB,D
14:37:08,UNVR,RG,3420,28,F,AK,BB,D
14:37:07,UNVR,RG,3420,24,D,ZP,BB,D
14:37:07,UNVR,RG,3420,176,D,ZP,BB,D
14:37:02,UNVR,RG,3420,64,F,ZP,BB,D
14:37:02,UNVR,RG,3420,1,D,XL,BB,D
14:37:01,UNVR,RG,3410,20,F,CC,ZP,F
14:36:55,UNVR,RG,3420,6,F,ZP,BB,D
14:36:46,UNVR,RG,3420,50,D,LG,BB,D
14:36:45,UNVR,RG,3410,70,F,CC,PD,D
14:36:42,UNVR,RG,3410,135,F,CC,ZP,F
14:36:42,UNVR,RG,3420,3,D,SQ,BB,D
14:36:42,UNVR,RG,3420,75,D,SQ,BB,D
14:36:42,UNVR,RG,3420,67,D,SQ,KZ,F
14:36:42,UNVR,RG,3420,3,D,SQ,PD,D
14:36:42,UNVR,RG,3420,34,D,SQ,KZ,F
14:36:42,UNVR,RG,3420,85,D,SQ,AT,D
14:36:42,UNVR,RG,3420,10,D,SQ,CC,D
14:36:42,UNVR,RG,3420,23,D,SQ,CC,D
14:36:40,UNVR,RG,3420,6,F,ZP,CC,D
14:36:39,UNVR,RG,3420,64,F,ZP,CC,D
14:36:22,UNVR,RG,3420,1,D,AG,CC,D
14:36:21,UNVR,RG,3420,56,F,ZP,CC,D
14:36:21,UNVR,RG,3420,3,F,ZP,YU,D
14:36:21,UNVR,RG,3420,7,F,ZP,NI,D
14:36:19,UNVR,RG,3410,25,F,CC,PD,D
14:36:13,UNVR,RG,3410,57,F,CC,ZP,F
14:36:10,UNVR,RG,3420,6,D,PD,NI,D
14:36:06,UNVR,RG,3420,20,F,ZP,NI,D
14:36:06,UNVR,RG,3420,1,F,ZP,KK,D
14:35:57,UNVR,RG,3410,82,F,CC,ZP,F
14:35:39,UNVR,RG,3420,9,D,YP,KK,D
14:35:39,UNVR,RG,3420,14,D,YP,YP,D
14:35:39,UNVR,RG,3420,2,D,YP,KZ,F
14:35:34,UNVR,RG,3410,76,F,CC,ZP,F
14:35:23,UNVR,RG,3420,1,D,OD,KZ,F
14:35:16,UNVR,RG,3410,77,F,CC,ZP,F
14:35:16,UNVR,RG,3420,1,D,PD,KZ,F
14:35:06,UNVR,RG,3410,274,F,CC,EP,D
14:34:55,UNVR,RG,3410,1,F,CC,XC,D
14:34:50,UNVR,RG,3410,45,F,CC,ZP,F
14:34:44,UNVR,RG,3420,1,D,NI,KZ,F
14:34:43,UNVR,RG,3420,43,D,XC,KZ,F
14:34:43,UNVR,RG,3420,33,D,XC,ZP,F
14:34:28,UNVR,RG,3420,1,D,PD,ZP,F
14:34:28,UNVR,RG,3410,67,F,CC,ZP,F
14:34:20,UNVR,RG,3420,5,D,YP,ZP,F
14:34:07,UNVR,RG,3410,55,F,CC,ZP,F
14:33:54,UNVR,RG,3420,3,D,NI,ZP,F
14:33:53,UNVR,RG,3420,15,D,CC,ZP,F
14:33:51,UNVR,RG,3420,1,D,YP,ZP,F
14:33:38,UNVR,RG,3420,5,D,XC,ZP,F
14:33:29,UNVR,RG,3410,90,F,CC,ZP,F
14:33:28,UNVR,RG,3410,70,F,CC,SQ,D
14:33:18,UNVR,RG,3410,82,F,CC,ZP,F
14:33:10,UNVR,RG,3420,2,D,XL,ZP,F
14:32:55,UNVR,RG,3410,58,F,CC,ZP,F
14:32:53,UNVR,RG,3420,30,D,YP,ZP,F
14:32:31,UNVR,RG,3410,66,F,CC,ZP,F
14:32:31,UNVR,RG,3410,5,F,ZP,ZP,F
14:32:31,UNVR,RG,3410,7,F,ZP,ZP,F
14:32:31,UNVR,RG,3410,9,F,ZP,ZP,F
14:32:25,UNVR,RG,3420,2,D,YP,ZP,F
14:32:20,UNVR,RG,3420,21,D,HP,ZP,F
14:32:20,UNVR,RG,3420,81,D,HP,KZ,F
14:32:20,UNVR,RG,3420,2,D,HP,DX,D
14:32:20,UNVR,RG,3420,16,D,HP,DX,D
14:32:03,UNVR,RG,3410,9,F,ZP,ZP,F
14:32:03,UNVR,RG,3410,3,F,AK,ZP,F
14:32:01,UNVR,RG,3420,1,D,YP,DX,D
14:31:44,UNVR,RG,3410,11,F,AK,KZ,F
14:31:44,UNVR,RG,3410,1,F,AK,KZ,F
14:31:44,UNVR,RG,3410,5,D,YP,KZ,F
14:31:42,UNVR,RG,3410,45,F,CC,ZP,F
14:31:39,UNVR,RG,3410,26,F,CC,KZ,F
14:31:39,UNVR,RG,3410,47,F,CC,KZ,F
14:31:39,UNVR,RG,3410,100,D,LG,KZ,F
14:31:39,UNVR,RG,3410,1,F,AK,KZ,F
14:31:39,UNVR,RG,3410,82,F,AK,KZ,F
14:31:39,UNVR,RG,3410,100,D,FS,KZ,F
14:31:39,UNVR,RG,3410,1,D,NI,KZ,F
14:31:39,UNVR,RG,3410,10,D,AT,KZ,F
14:31:39,UNVR,RG,3410,10,D,AT,KZ,F
14:31:39,UNVR,RG,3410,10,D,YP,KZ,F
14:31:39,UNVR,RG,3410,5,D,AT,KZ,F
14:31:39,UNVR,RG,3410,6,F,AK,KZ,F
14:31:39,UNVR,RG,3410,15,D,YP,KZ,F
14:31:39,UNVR,RG,3410,1,D,XC,KZ,F
14:31:39,UNVR,RG,3410,2,D,XC,KZ,F
14:31:39,UNVR,RG,3410,1,D,YP,KZ,F
14:31:39,UNVR,RG,3410,19,D,YP,KZ,F
14:31:39,UNVR,RG,3410,2,D,CC,KZ,F
14:31:39,UNVR,RG,3410,2,D,XL,KZ,F
14:31:39,UNVR,RG,3410,5,D,XC,KZ,F
14:31:39,UNVR,RG,3410,10,D,NI,KZ,F
14:31:39,UNVR,RG,3410,1,D,XC,KZ,F
14:31:39,UNVR,RG,3410,1,D,PD,KZ,F
14:31:39,UNVR,RG,3410,17,F,AK,KZ,F
14:31:39,UNVR,RG,3410,1,D,EP,KZ,F
14:31:39,UNVR,RG,3410,3,F,ZP,KZ,F
14:31:39,UNVR,RG,3410,1,F,AK,KZ,F
14:31:39,UNVR,RG,3410,1,D,YP,KZ,F
14:31:39,UNVR,RG,3410,1,D,NI,KZ,F
14:31:39,UNVR,RG,3410,2,D,XC,KZ,F
14:31:39,UNVR,RG,3410,25,D,CC,KZ,F
14:31:39,UNVR,RG,3410,44,D,YP,KZ,F
14:31:39,UNVR,RG,3410,1,D,YP,KZ,F
14:31:39,UNVR,RG,3410,3,F,KZ,KZ,F
14:31:39,UNVR,RG,3410,305,D,OD,KZ,F
14:31:31,UNVR,RG,3410,1,D,OD,ZP,F
14:31:31,UNVR,RG,3410,2,D,YP,ZP,F
14:31:31,UNVR,RG,3410,40,D,SQ,ZP,F
14:31:31,UNVR,RG,3410,1,D,KK,ZP,F
14:31:31,UNVR,RG,3410,1,D,AG,ZP,F
14:31:31,UNVR,RG,3410,3,D,PD,ZP,F
14:31:31,UNVR,RG,3410,25,D,YP,ZP,F
14:31:31,UNVR,RG,3410,1,D,CP,ZP,F
14:31:31,UNVR,RG,3410,1,D,YP,ZP,F
14:31:31,UNVR,RG,3410,1,D,HP,ZP,F
14:31:31,UNVR,RG,3410,2,D,GR,ZP,F
14:31:31,UNVR,RG,3410,52,D,PD,ZP,F
14:31:30,UNVR,RG,3420,1,F,AK,AK,F
14:31:30,UNVR,RG,3420,6,F,AK,AK,F
14:31:30,UNVR,RG,3420,1,F,AK,AK,F
14:31:30,UNVR,RG,3420,213,F,AK,AK,F
14:31:29,UNVR,RG,3420,2,F,AK,AK,F
14:31:29,UNVR,RG,3420,36,F,CS,AK,F
14:31:29,UNVR,RG,3420,26,F,CS,AK,F
14:31:29,UNVR,RG,3420,2,F,CS,AK,F
14:31:29,UNVR,RG,3420,79,F,CS,AK,F
14:31:29,UNVR,RG,3420,2,F,CS,AK,F
14:31:29,UNVR,RG,3420,5,F,ZP,AK,F
14:31:29,UNVR,RG,3420,1,D,XC,AK,F
14:31:29,UNVR,RG,3420,94,F,ZP,AK,F
14:31:29,UNVR,RG,3420,100,D,LG,AK,F
14:31:29,UNVR,RG,3420,4,F,ZP,AK,F
14:31:29,UNVR,RG,3420,15,D,PD,AK,F
14:31:29,UNVR,RG,3420,10,D,AT,AK,F
14:31:29,UNVR,RG,3420,50,D,CC,AK,F
14:31:29,UNVR,RG,3420,43,F,ZP,AK,F
14:31:29,UNVR,RG,3420,94,F,ZP,AK,F
14:31:29,UNVR,RG,3420,50,D,OD,AK,F
14:31:29,UNVR,RG,3420,1,D,NI,AK,F
14:31:29,UNVR,RG,3420,91,F,ZP,AK,F
14:31:29,UNVR,RG,3420,1,D,XC,AK,F
14:31:29,UNVR,RG,3420,10,D,PD,AK,F
14:31:29,UNVR,RG,3420,1,D,YP,AK,F
14:31:29,UNVR,RG,3420,1,F,AK,AK,F
14:31:29,UNVR,RG,3420,6,F,AK,AK,F
14:31:29,UNVR,RG,3420,1,F,AK,AK,F
14:31:29,UNVR,RG,3420,84,F,AK,AK,F
14:31:29,UNVR,RG,3420,13,F,CS,AK,F
14:31:29,UNVR,RG,3420,348,F,ZP,AK,F
14:31:29,UNVR,RG,3420,41,F,CS,AK,F
14:31:29,UNVR,RG,3420,26,F,ZP,AK,F
14:31:29,UNVR,RG,3420,7,D,KZ,AK,F
14:31:28,UNVR,RG,3420,2,D,KZ,KZ,F
14:31:28,UNVR,RG,3420,792,D,KZ,PD,D
14:31:28,UNVR,RG,3420,2,D,KZ,CC,D
14:31:26,UNVR,RG,3420,3,D,KZ,KZ,F
14:31:26,UNVR,RG,3420,5,D,KZ,PD,D
14:31:25,UNVR,RG,3420,9,D,KZ,PD,D
14:31:24,UNVR,RG,3420,1,D,KZ,KZ,F
14:31:24,UNVR,RG,3420,1,D,KZ,KK,D
14:31:14,UNVR,RG,3420,1,D,KZ,PD,D
14:31:12,UNVR,RG,3420,4,D,KZ,KZ,F
14:31:11,UNVR,RG,3420,10,D,KZ,PD,D
14:31:09,UNVR,RG,3420,29,D,KZ,KZ,F
14:31:09,UNVR,RG,3420,80,D,KZ,ZP,F
14:31:05,UNVR,RG,3420,1,D,KZ,KZ,F
14:30:53,UNVR,RG,3420,1,D,KZ,YP,D
14:30:52,UNVR,RG,3420,111,D,KZ,KZ,F
14:30:51,UNVR,RG,3420,300,D,KZ,CC,D
14:30:46,UNVR,RG,3420,19,D,KZ,KZ,F
14:30:45,UNVR,RG,3420,51,D,KZ,ZP,F
14:30:43,UNVR,RG,3420,1,D,KZ,XA,D
14:30:30,UNVR,RG,3420,1,D,KZ,KZ,F
14:30:30,UNVR,RG,3420,2,D,KZ,XC,D
14:30:29,UNVR,RG,3420,5,D,KZ,KZ,F
14:30:29,UNVR,RG,3420,15,D,KZ,XL,D
14:30:15,UNVR,RG,3420,1,D,KZ,KZ,F
14:30:14,UNVR,RG,3420,1,D,KZ,CC,D
14:30:11,UNVR,RG,3420,2,D,KZ,XC,D
14:30:00,UNVR,RG,3420,33,D,KZ,KZ,F
14:29:59,UNVR,RG,3420,110,D,KZ,KK,D
14:29:56,UNVR,RG,3420,100,D,KZ,MU,D
14:29:51,UNVR,RG,3420,1,D,KZ,LS,D
14:29:47,UNVR,RG,3420,16,D,KZ,YP,D
14:29:44,UNVR,RG,3420,102,D,KZ,ZP,F
14:29:44,UNVR,RG,3420,201,D,KZ,KZ,F
14:29:42,UNVR,RG,3420,7,F,ZP,KZ,F
14:29:42,UNVR,RG,3420,260,F,ZP,KZ,F
14:29:42,UNVR,RG,3410,1,D,PD,ZP,F
14:29:42,UNVR,RG,3420,63,D,YJ,KZ,F
14:29:42,UNVR,RG,3420,500,D,YJ,PD,D
14:29:42,UNVR,RG,3420,95,D,YJ,LG,D
14:29:42,UNVR,RG,3420,20,D,YJ,DX,D
14:29:42,UNVR,RG,3420,54,D,YJ,ZP,F
14:29:42,UNVR,RG,3420,768,D,YJ,PD,D
14:29:36,UNVR,RG,3420,24,F,ZP,PD,D
14:29:36,UNVR,RG,3420,1,F,ZP,YP,D
14:29:36,UNVR,RG,3420,3,F,ZP,YP,D
14:29:35,UNVR,RG,3420,1,D,CP,YP,D
14:29:35,UNVR,RG,3420,4,D,CP,YP,D
14:29:35,UNVR,RG,3420,10,D,CP,KK,D
14:29:35,UNVR,RG,3420,15,D,CP,PD,D
14:29:35,UNVR,RG,3420,192,D,CP,DR,D
14:29:35,UNVR,RG,3420,25,D,CP,CC,D
14:29:35,UNVR,RG,3420,4,D,CP,OD,D
14:29:35,UNVR,RG,3420,74,D,CP,KZ,F
14:29:35,UNVR,RG,3420,200,D,CP,PD,D
14:29:35,UNVR,RG,3420,6,D,CP,KZ,F
14:29:35,UNVR,RG,3420,2,D,CP,CC,D
14:29:35,UNVR,RG,3420,233,D,CP,KZ,F
14:29:35,UNVR,RG,3420,112,D,CP,BB,D
14:29:30,UNVR,RG,3410,6,D,PD,ZP,F
14:29:30,UNVR,RG,3410,72,D,YP,ZP,F
14:29:29,UNVR,RG,3410,28,D,YP,KZ,F
14:29:29,UNVR,RG,3410,1,D,NI,KZ,F
14:29:29,UNVR,RG,3410,2,D,DR,KZ,F
14:29:29,UNVR,RG,3410,1,D,XC,KZ,F
14:29:29,UNVR,RG,3410,100,D,LG,KZ,F
14:29:29,UNVR,RG,3410,25,D,YP,KZ,F
14:29:29,UNVR,RG,3410,2,D,YP,KZ,F
14:29:29,UNVR,RG,3410,146,D,YP,KZ,F
14:29:29,UNVR,RG,3410,10,D,YP,KZ,F
14:29:29,UNVR,RG,3410,1,D,SQ,KZ,F
14:29:29,UNVR,RG,3410,1,D,DR,KZ,F
14:29:29,UNVR,RG,3410,4,D,CC,KZ,F
14:29:29,UNVR,RG,3410,1,D,CC,KZ,F
14:29:29,UNVR,RG,3410,2,D,YP,KZ,F
14:29:29,UNVR,RG,3410,2,D,PD,KZ,F
14:29:29,UNVR,RG,3410,2,D,XC,KZ,F
14:29:29,UNVR,RG,3410,23,D,CC,KZ,F
14:29:29,UNVR,RG,3410,10,D,HP,KZ,F
14:29:29,UNVR,RG,3410,1,D,XC,KZ,F
14:29:29,UNVR,RG,3410,20,D,YB,KZ,F
14:29:29,UNVR,RG,3410,208,D,KZ,KZ,F
14:29:24,UNVR,RG,3410,47,D,KZ,KZ,F
14:29:24,UNVR,RG,3410,1,D,NI,KZ,F
14:29:24,UNVR,RG,3410,10,D,XC,KZ,F
14:29:24,UNVR,RG,3410,50,D,SQ,KZ,F
14:29:24,UNVR,RG,3410,6,F,AK,KZ,F
14:29:24,UNVR,RG,3410,17,F,AK,KZ,F
14:29:24,UNVR,RG,3410,48,F,AK,KZ,F
14:29:24,UNVR,RG,3410,4,D,PD,KZ,F
14:29:21,UNVR,RG,3410,1,D,PD,KZ,F
14:29:19,UNVR,RG,3410,2,D,NI,KZ,F
14:29:19,UNVR,RG,3410,4,D,NI,KZ,F
14:29:19,UNVR,RG,3410,10,D,DH,KZ,F
14:29:19,UNVR,RG,3410,24,D,AT,KZ,F
14:29:19,UNVR,RG,3410,9,D,AT,KZ,F
14:29:19,UNVR,RG,3410,11,D,AT,KZ,F
14:29:19,UNVR,RG,3410,8,D,AT,KZ,F
14:29:17,UNVR,RG,3410,22,D,AT,KZ,F
14:29:16,UNVR,RG,3410,21,D,AT,ZP,F
14:29:16,UNVR,RG,3410,68,D,AT,ZP,F
14:29:06,UNVR,RG,3410,23,D,AT,NI,D
14:28:50,UNVR,RG,3410,36,D,AT,ZP,F
14:28:44,UNVR,RG,3410,23,D,AT,KZ,F
14:28:44,UNVR,RG,3410,8,D,AT,KZ,F
14:28:44,UNVR,RG,3410,2,D,AT,KZ,F
14:28:44,UNVR,RG,3410,21,D,AT,KZ,F
14:28:44,UNVR,RG,3410,21,D,AT,KZ,F
14:28:41,UNVR,RG,3420,31,D,NI,KZ,F
14:28:41,UNVR,RG,3420,19,D,NI,ZP,F
14:28:34,UNVR,RG,3410,38,D,AT,ZP,F
14:28:34,UNVR,RG,3410,36,D,AT,ZP,F
14:28:34,UNVR,RG,3410,11,D,AT,ZP,F
14:28:25,UNVR,RG,3410,1,D,AT,PD,D
14:28:12,UNVR,RG,3410,66,D,AT,ZP,F
14:27:49,UNVR,RG,3410,21,D,AT,ZP,F
14:27:41,UNVR,RG,3420,2,D,PD,ZP,F
14:27:38,UNVR,RG,3420,30,D,YP,ZP,F
14:27:35,UNVR,RG,3420,6,D,NI,ZP,F
14:27:31,UNVR,RG,3410,4,D,AT,ZP,F
14:27:26,UNVR,RG,3410,1,D,AT,LG,D
14:27:15,UNVR,RG,3410,1,D,AT,LG,D
14:27:12,UNVR,RG,3420,20,D,YU,ZP,F
14:27:09,UNVR,RG,3410,117,D,AT,ZP,F
14:26:57,UNVR,RG,3410,1,D,AT,XC,D
14:26:40,UNVR,RG,3420,50,D,SQ,ZP,F
14:26:37,UNVR,RG,3420,13,D,CC,ZP,F
14:26:34,UNVR,RG,3420,12,D,YP,ZP,F
14:26:27,UNVR,RG,3420,1,D,YP,ZP,F
14:26:26,UNVR,RG,3410,44,D,AT,ZP,F
14:26:26,UNVR,RG,3420,1,D,XC,ZP,F
14:25:54,UNVR,RG,3420,5,D,KK,ZP,F
14:25:50,UNVR,RG,3420,12,D,YP,ZP,F
14:25:45,UNVR,RG,3420,7,D,XC,ZP,F
14:25:19,UNVR,RG,3420,20,F,CS,ZP,F
14:25:19,UNVR,RG,3420,2,F,ZP,ZP,F
14:25:19,UNVR,RG,3420,3,F,CS,ZP,F
14:25:19,UNVR,RG,3420,38,F,CS,ZP,F
14:25:19,UNVR,RG,3420,27,F,CS,ZP,F
14:25:19,UNVR,RG,3420,1,F,AK,ZP,F
14:25:19,UNVR,RG,3420,6,F,AK,ZP,F
14:25:19,UNVR,RG,3420,46,F,AK,ZP,F
14:25:19,UNVR,RG,3420,10,F,AK,KZ,F
14:25:19,UNVR,RG,3420,5,D,YP,KZ,F
14:25:18,UNVR,RG,3420,1,F,AK,AK,F
14:25:18,UNVR,RG,3420,12,F,AK,AK,F
14:25:18,UNVR,RG,3420,1,F,AK,AK,F
14:25:18,UNVR,RG,3420,121,F,AK,AK,F
14:25:18,UNVR,RG,3420,100,D,LG,AK,F
14:25:18,UNVR,RG,3420,34,F,ZP,AK,F
14:25:18,UNVR,RG,3420,4,F,ZP,AK,F
14:25:18,UNVR,RG,3420,74,F,ZP,AK,F
14:25:18,UNVR,RG,3420,1,D,CC,AK,F
14:25:18,UNVR,RG,3420,1,F,ZP,AK,F
14:25:18,UNVR,RG,3420,2,D,CC,AK,F
14:25:18,UNVR,RG,3420,2,D,KK,AK,F
14:25:18,UNVR,RG,3420,57,F,CC,AK,F
14:25:18,UNVR,RG,3420,3,D,XC,AK,F
14:25:18,UNVR,RG,3420,3,D,XL,AK,F
14:25:18,UNVR,RG,3420,64,F,ZP,AK,F
14:25:18,UNVR,RG,3420,1,D,YP,AK,F
14:25:18,UNVR,RG,3420,16,D,SQ,AK,F
14:25:18,UNVR,RG,3420,34,D,SQ,AK,F
14:25:18,UNVR,RG,3420,1,D,XC,AK,F
14:25:18,UNVR,RG,3420,1,D,YP,AK,F
14:25:18,UNVR,RG,3420,10,F,ZP,AK,F
14:25:18,UNVR,RG,3420,5,D,NI,AK,F
14:25:18,UNVR,RG,3420,31,F,CS,AK,F
14:25:18,UNVR,RG,3420,4,F,ZP,AK,F
14:25:18,UNVR,RG,3420,5,D,KK,AK,F
14:25:18,UNVR,RG,3420,1,D,XC,AK,F
14:25:18,UNVR,RG,3420,10,D,PD,AK,F
14:25:18,UNVR,RG,3420,2,D,YP,AK,F
14:25:18,UNVR,RG,3420,36,F,CS,AK,F
14:25:18,UNVR,RG,3420,5,F,CS,AK,F
14:25:18,UNVR,RG,3420,2,D,PD,AK,F
14:25:18,UNVR,RG,3420,2,D,PD,AK,F
14:25:18,UNVR,RG,3420,100,D,LG,AK,F
14:25:18,UNVR,RG,3420,8,F,ZP,AK,F
14:25:18,UNVR,RG,3420,23,F,ZP,AK,F
14:25:18,UNVR,RG,3420,8,F,ZP,AK,F
14:25:18,UNVR,RG,3420,5,D,PD,AK,F
14:25:18,UNVR,RG,3420,7,F,ZP,AK,F
14:25:18,UNVR,RG,3420,46,F,CS,AK,F
14:25:18,UNVR,RG,3420,70,F,CS,AK,F
14:25:18,UNVR,RG,3420,8,F,ZP,AK,F
14:25:18,UNVR,RG,3420,1,D,XL,AK,F
14:25:18,UNVR,RG,3420,16,D,XC,AK,F
14:25:18,UNVR,RG,3420,1,F,AK,AK,F
14:25:18,UNVR,RG,3420,1,F,AK,AK,F
14:25:18,UNVR,RG,3420,4,F,AK,AK,F
14:25:18,UNVR,RG,3420,4,F,AK,AK,F
14:25:18,UNVR,RG,3420,1,F,AK,AK,F
14:25:18,UNVR,RG,3420,1,F,AK,AK,F
14:25:18,UNVR,RG,3420,61,F,AK,AK,F
14:25:18,UNVR,RG,3420,74,F,AK,AK,F
14:25:18,UNVR,RG,3420,44,F,ZP,AK,F
14:25:18,UNVR,RG,3420,368,D,KZ,AK,F
14:25:18,UNVR,RG,3420,185,D,KZ,KZ,F
14:25:18,UNVR,RG,3420,40,D,KZ,YP,D
14:25:17,UNVR,RG,3420,250,D,KZ,SQ,D
14:25:16,UNVR,RG,3420,4,D,KZ,KZ,F
14:25:15,UNVR,RG,3420,250,D,KZ,AH,D
14:25:14,UNVR,RG,3420,1,D,KZ,KZ,F
14:25:14,UNVR,RG,3420,174,D,KZ,KZ,F
14:25:13,UNVR,RG,3430,10,D,XC,PD,D
14:25:11,UNVR,RG,3430,1,D,NI,PD,D
14:25:11,UNVR,RG,3420,185,D,KZ,KZ,F
14:25:11,UNVR,RG,3420,1,F,CS,KZ,F
14:25:11,UNVR,RG,3420,67,F,ZP,KZ,F
14:25:11,UNVR,RG,3420,70,F,AK,KZ,F
14:25:11,UNVR,RG,3420,44,D,YJ,KZ,F
14:25:09,UNVR,RG,3420,223,D,YJ,ZP,F
14:25:08,UNVR,RG,3420,533,D,YJ,BB,D
14:25:08,UNVR,RG,3420,8,F,CS,BB,D
14:25:08,UNVR,RG,3420,229,F,ZP,BB,D
14:25:08,UNVR,RG,3420,450,F,ZP,BB,D
14:25:03,UNVR,RG,3430,9,D,XC,PD,D
14:24:56,UNVR,RG,3430,28,F,ZP,PD,D
14:24:55,UNVR,RG,3430,3,F,ZP,PD,D
14:24:42,UNVR,RG,3430,100,D,PD,PD,D
14:24:41,UNVR,RG,3420,3,F,ZP,GR,D
14:24:37,UNVR,RG,3430,3,F,ZP,PD,D
14:24:37,UNVR,RG,3430,17,F,ZP,PD,D
14:24:36,UNVR,RG,3420,10,F,ZP,NI,D
14:24:36,UNVR,RG,3430,3,D,PD,PD,D
14:24:30,UNVR,RG,3430,1,F,AK,PD,D
14:24:28,UNVR,RG,3420,10,F,ZP,LG,D
14:24:19,UNVR,RG,3430,4,F,ZP,PD,D
14:24:19,UNVR,RG,3430,28,F,ZP,PD,D
14:24:11,UNVR,RG,3420,2,F,ZP,ZP,F
14:24:10,UNVR,RG,3420,1,F,ZP,YB,D
14:24:09,UNVR,RG,3420,5,F,ZP,PD,D
14:24:01,UNVR,RG,3430,20,F,ZP,PD,D
14:24:01,UNVR,RG,3430,10,F,ZP,OD,D
14:24:01,UNVR,RG,3430,5,F,ZP,CC,D
14:24:01,UNVR,RG,3430,9,F,ZP,MK,D
14:24:01,UNVR,RG,3430,4,F,ZP,MK,D
14:23:54,UNVR,RG,3430,44,D,DR,MK,D
14:23:45,UNVR,RG,3430,4,F,ZP,MK,D
14:23:44,UNVR,RG,3430,2,D,YP,MK,D
14:23:43,UNVR,RG,3430,37,F,ZP,MK,D
14:23:43,UNVR,RG,3430,4,F,ZP,SQ,D
14:23:42,UNVR,RG,3430,6,D,XC,SQ,D
14:23:42,UNVR,RG,3430,2,D,XC,YP,D
14:23:42,UNVR,RG,3430,1,D,XC,NI,D
14:23:39,UNVR,RG,3430,4,D,CC,NI,D
14:23:39,UNVR,RG,3430,5,D,CC,CC,D
14:23:39,UNVR,RG,3430,1,D,CC,PD,D
14:23:35,UNVR,RG,3430,2,D,NI,PD,D
14:23:35,UNVR,RG,3430,10,D,NI,CP,D
14:23:35,UNVR,RG,3430,1,D,NI,PD,D
14:23:35,UNVR,RG,3430,5,D,NI,NI,D
14:23:35,UNVR,RG,3430,2,D,NI,XC,D
14:23:26,UNVR,RG,3430,3,F,ZP,XC,D
14:23:26,UNVR,RG,3430,1,F,ZP,PD,D
14:23:26,UNVR,RG,3430,1,F,ZP,PD,D
14:23:26,UNVR,RG,3430,10,F,ZP,YP,D
14:23:26,UNVR,RG,3430,27,F,ZP,KK,D
14:23:26,UNVR,RG,3430,4,F,ZP,YP,D
14:23:21,UNVR,RG,3430,1,D,PD,YP,D
14:23:10,UNVR,RG,3430,39,F,ZP,YP,D
14:23:09,UNVR,RG,3430,4,F,ZP,YP,D
14:23:06,UNVR,RG,3430,2,D,XC,YP,D
14:22:53,UNVR,RG,3430,4,F,ZP,YP,D
14:22:52,UNVR,RG,3430,41,F,ZP,YP,D
14:22:37,UNVR,RG,3420,4,F,ZP,CC,D
14:22:33,UNVR,RG,3430,3,F,ZP,YP,D
14:22:32,UNVR,RG,3430,2,F,ZP,YP,D
14:22:32,UNVR,RG,3430,1,F,ZP,CC,D
14:22:32,UNVR,RG,3430,6,F,ZP,CC,D
14:22:32,UNVR,RG,3430,1,F,ZP,YP,D
14:22:32,UNVR,RG,3430,10,F,ZP,KK,D
14:22:32,UNVR,RG,3430,10,F,ZP,YP,D
14:22:32,UNVR,RG,3430,8,F,ZP,KZ,F
14:22:32,UNVR,RG,3430,129,F,CS,KZ,F
14:22:23,UNVR,RG,3420,10,F,ZP,PD,D
14:22:20,UNVR,RG,3430,1,D,PD,KZ,F
14:22:15,UNVR,RG,3430,37,F,ZP,KZ,F
14:22:15,UNVR,RG,3430,1,F,AK,KZ,F
14:22:15,UNVR,RG,3430,4,F,ZP,KZ,F
14:22:14,UNVR,RG,3430,1,D,XC,KZ,F
14:22:04,UNVR,RG,3420,1,F,ZP,OD,D
14:22:00,UNVR,RG,3430,1,D,XC,KZ,F
14:21:58,UNVR,RG,3430,11,F,AK,KZ,F
14:21:57,UNVR,RG,3430,5,F,ZP,KZ,F
14:21:57,UNVR,RG,3430,27,F,ZP,KZ,F
14:21:39,UNVR,RG,3430,14,D,YP,KZ,F
14:21:37,UNVR,RG,3430,17,F,ZP,KZ,F
14:21:37,UNVR,RG,3430,41,F,ZP,YP,D
14:21:32,UNVR,RG,3430,59,F,AK,YP,D
14:21:32,UNVR,RG,3430,17,F,AK,PD,D
14:21:30,UNVR,RG,3420,5,F,ZP,OD,D
14:21:30,UNVR,RG,3420,1,F,ZP,OD,D
14:21:30,UNVR,RG,3420,2,D,YJ,OD,D
14:21:26,UNVR,RG,3420,1,D,YJ,NI,D
14:21:18,UNVR,RG,3430,3,D,XC,PD,D
14:21:17,UNVR,RG,3430,36,F,ZP,PD,D
14:21:06,UNVR,RG,3420,5,D,YJ,PD,D
14:21:00,UNVR,RG,3430,1,F,AK,PD,D
14:20:59,UNVR,RG,3430,39,F,ZP,PD,D
14:20:42,UNVR,RG,3430,44,F,ZP,PD,D
14:20:41,UNVR,RG,3430,5,D,KK,PD,D
14:20:37,UNVR,RG,3430,25,D,YP,PD,D
14:20:36,UNVR,RG,3430,1,D,YP,PD,D
14:20:35,UNVR,RG,3430,5,D,DH,PD,D
14:20:22,UNVR,RG,3430,30,F,ZP,PD,D
14:20:14,UNVR,RG,3430,4,D,XC,PD,D
14:20:02,UNVR,RG,3430,29,F,ZP,PD,D
14:19:55,UNVR,RG,3430,18,D,NI,PD,D
14:19:42,UNVR,RG,3430,40,F,ZP,PD,D
14:19:42,UNVR,RG,3430,1,D,YP,PD,D
14:19:39,UNVR,RG,3430,8,D,YP,PD,D
14:19:32,UNVR,RG,3430,2,D,YU,PD,D
14:19:26,UNVR,RG,3430,18,D,DH,PD,D
14:19:26,UNVR,RG,3430,10,F,AK,PD,D
14:19:24,UNVR,RG,3430,36,F,ZP,PD,D
14:19:15,UNVR,RG,3430,1,F,AK,PD,D
14:19:07,UNVR,RG,3430,33,F,ZP,PD,D
14:18:47,UNVR,RG,3430,33,F,ZP,PD,D
14:18:28,UNVR,RG,3430,25,F,ZP,PD,D
14:18:22,UNVR,RG,3430,105,F,AK,PD,D
14:18:12,UNVR,RG,3430,31,F,ZP,PD,D
14:18:06,UNVR,RG,3430,20,F,AK,PD,D
14:18:04,UNVR,RG,3420,83,D,YJ,LG,D
14:18:04,UNVR,RG,3420,100,D,YJ,PD,D
14:18:04,UNVR,RG,3420,272,D,YJ,KZ,F
14:18:04,UNVR,RG,3420,50,D,YJ,PD,D
14:18:04,UNVR,RG,3420,20,D,YJ,NI,D
14:18:04,UNVR,RG,3420,1,D,YJ,PD,D
14:18:04,UNVR,RG,3420,4,D,YJ,XC,D
14:18:04,UNVR,RG,3420,75,D,YJ,DR,D
14:18:04,UNVR,RG,3420,100,D,YJ,YJ,D
14:18:04,UNVR,RG,3420,5,D,YJ,DR,D
14:18:04,UNVR,RG,3420,25,D,YJ,YP,D
14:18:04,UNVR,RG,3420,3,D,YJ,SQ,D
14:18:04,UNVR,RG,3420,4,D,YJ,XL,D
14:18:04,UNVR,RG,3420,10,D,YJ,XC,D
14:18:04,UNVR,RG,3420,90,D,YJ,KK,D
14:18:04,UNVR,RG,3420,4,D,YJ,XC,D
14:18:04,UNVR,RG,3420,20,D,YJ,YP,D
14:18:04,UNVR,RG,3420,2,D,YJ,PD,D
14:18:04,UNVR,RG,3420,38,D,YJ,KZ,F
14:18:04,UNVR,RG,3420,2,D,YJ,XC,D
14:18:04,UNVR,RG,3420,84,D,YJ,CC,D
14:18:02,UNVR,RG,3420,10,D,PD,CC,D
14:17:59,UNVR,RG,3420,5,F,AK,CC,D
14:17:59,UNVR,RG,3420,159,F,ZP,CC,D
14:17:59,UNVR,RG,3420,29,F,AK,CC,D
14:17:59,UNVR,RG,3420,312,D,KZ,CC,D
14:17:59,UNVR,RG,3420,63,D,KZ,KZ,F
14:17:59,UNVR,RG,3420,253,D,KZ,KK,D
14:17:59,UNVR,RG,3420,10,D,KZ,SQ,D
14:17:59,UNVR,RG,3420,13,D,KZ,KZ,F
14:17:59,UNVR,RG,3420,488,D,KZ,KZ,F
14:17:59,UNVR,RG,3420,2,D,KZ,IP,D
14:17:59,UNVR,RG,3420,1,D,KZ,KK,D
14:17:59,UNVR,RG,3420,34,D,KZ,CC,D
14:17:59,UNVR,RG,3420,29,D,KZ,CC,D
14:17:59,UNVR,RG,3420,134,D,KZ,YP,D
14:17:59,UNVR,RG,3420,1,D,KZ,PD,D
14:17:59,UNVR,RG,3420,405,D,KZ,BB,D
14:17:59,UNVR,RG,3410,6,D,AT,KZ,F
14:17:57,UNVR,RG,3420,43,F,ZP,BB,D
14:17:57,UNVR,RG,3420,65,F,CS,BB,D
14:17:57,UNVR,RG,3420,9,F,CS,BB,D
14:17:48,UNVR,RG,3420,6,D,CC,BB,D
14:17:40,UNVR,RG,3420,20,D,DH,BB,D
14:17:37,UNVR,RG,3420,37,F,ZP,BB,D
14:17:32,UNVR,RG,3410,5,D,AT,CC,D
14:17:17,UNVR,RG,3420,36,F,ZP,BB,D
14:17:14,UNVR,RG,3420,4,D,PD,BB,D
14:16:58,UNVR,RG,3420,9,F,AK,BB,D
14:16:57,UNVR,RG,3420,34,F,ZP,BB,D
14:16:37,UNVR,RG,3420,38,F,ZP,BB,D
14:16:36,UNVR,RG,3420,11,F,AK,BB,D
14:16:35,UNVR,RG,3420,26,F,ZP,BB,D
14:16:34,UNVR,RG,3410,53,D,AT,KZ,F
14:16:26,UNVR,RG,3420,70,F,ZP,BB,D
14:16:26,UNVR,RG,3420,38,F,ZP,BB,D
14:16:25,UNVR,RG,3420,37,F,ZP,BB,D
14:16:25,UNVR,RG,3420,1,F,ZP,YP,D
14:16:24,UNVR,RG,3420,1,D,DH,YP,D
14:16:24,UNVR,RG,3420,3,D,DH,YP,D
14:16:24,UNVR,RG,3420,2,D,DH,SQ,D
14:16:24,UNVR,RG,3420,19,D,DH,KZ,F
14:16:24,UNVR,RG,3410,195,D,AT,KZ,F
14:16:19,UNVR,RG,3420,36,F,ZP,KZ,F
14:16:09,UNVR,RG,3420,3,F,AK,KZ,F
14:16:02,UNVR,RG,3420,45,F,ZP,KZ,F
14:16:01,UNVR,RG,3420,14,D,XC,KZ,F
14:15:49,UNVR,RG,3420,30,D,LS,KZ,F
14:15:42,UNVR,RG,3420,47,F,ZP,KZ,F
14:15:24,UNVR,RG,3420,2,D,YP,KZ,F
14:15:23,UNVR,RG,3420,5,F,AK,KZ,F
14:15:22,UNVR,RG,3420,49,F,ZP,KZ,F
14:15:13,UNVR,RG,3420,2,F,ZP,KZ,F
14:15:13,UNVR,RG,3420,15,F,ZP,KZ,F
14:15:12,UNVR,RG,3420,2,F,ZP,KZ,F
14:15:12,UNVR,RG,3420,17,F,ZP,KZ,F
14:15:12,UNVR,RG,3420,50,F,ZP,YP,D
14:15:12,UNVR,RG,3420,25,F,ZP,YP,D
14:15:11,UNVR,RG,3420,19,F,ZP,YP,D
14:15:11,UNVR,RG,3420,88,F,CS,YP,D
14:15:09,UNVR,RG,3410,14,D,AT,KZ,F
14:15:09,UNVR,RG,3410,11,D,AT,KZ,F
14:15:01,UNVR,RG,3420,35,F,ZP,YP,D
14:15:00,UNVR,RG,3420,8,D,DH,YP,D
14:15:00,UNVR,RG,3420,5,F,AK,YP,D
14:14:50,UNVR,RG,3420,1,D,KK,YP,D
14:14:50,UNVR,RG,3420,9,D,CC,YP,D
14:14:50,UNVR,RG,3420,1,D,CC,XC,D
14:14:50,UNVR,RG,3420,70,D,CC,PD,D
14:14:44,UNVR,RG,3420,3,D,PD,PD,D
14:14:42,UNVR,RG,3420,35,F,ZP,PD,D
14:14:37,UNVR,RG,3420,5,F,AK,PD,D
14:14:36,UNVR,RG,3420,1,D,NI,PD,D
14:14:22,UNVR,RG,3420,64,F,ZP,PD,D
14:14:02,UNVR,RG,3420,29,F,ZP,PD,D
14:13:55,UNVR,RG,3420,81,D,CC,PD,D
14:13:45,UNVR,RG,3420,6,F,AK,PD,D
14:13:45,UNVR,RG,3420,4,F,AK,PD,D
14:13:45,UNVR,RG,3420,33,F,ZP,PD,D
14:13:44,UNVR,RG,3420,1,D,DH,PD,D
14:13:44,UNVR,RG,3420,1,D,YP,PD,D
14:13:34,UNVR,RG,3420,5,D,PD,PD,D
14:13:34,UNVR,RG,3420,40,D,NI,PD,D
14:13:33,UNVR,RG,3420,1,D,HP,PD,D
14:13:30,UNVR,RG,3420,1,D,YP,PD,D
14:13:25,UNVR,RG,3420,34,F,ZP,PD,D
14:13:25,UNVR,RG,3420,25,F,ZP,PD,D
14:13:24,UNVR,RG,3410,13,D,AT,YU,D
14:13:24,UNVR,RG,3410,36,D,YP,YU,D
14:13:24,UNVR,RG,3410,1,F,AK,YU,D
14:13:05,UNVR,RG,3420,32,F,ZP,PD,D
14:12:59,UNVR,RG,3420,36,F,ZP,PD,D
14:12:58,UNVR,RG,3410,1,F,AK,LG,D
14:12:47,UNVR,RG,3420,33,F,ZP,PD,D
14:12:23,UNVR,RG,3420,33,F,ZP,PD,D
14:12:22,UNVR,RG,3420,3,F,AK,PD,D
14:12:21,UNVR,RG,3420,2,D,XC,PD,D
14:12:05,UNVR,RG,3420,6,F,ZP,PD,D
14:12:04,UNVR,RG,3420,50,D,LG,PD,D
14:11:59,UNVR,RG,3420,1,D,CC,PD,D
14:11:56,UNVR,RG,3420,1,D,NI,PD,D
14:11:37,UNVR,RG,3420,1,D,CC,PD,D
14:11:32,UNVR,RG,3420,10,D,PD,PD,D
14:11:29,UNVR,RG,3420,1,F,ZP,PD,D
14:11:29,UNVR,RG,3410,2,F,AK,LG,D
14:11:23,UNVR,RG,3420,16,F,ZP,PD,D
14:11:23,UNVR,RG,3410,1,F,AK,YP,D
14:10:51,UNVR,RG,3420,5,D,CC,PD,D
14:10:48,UNVR,RG,3420,1,D,YP,PD,D
14:10:48,UNVR,RG,3420,50,D,LG,PD,D
14:10:19,UNVR,RG,3420,1,D,PD,PD,D
14:10:17,UNVR,RG,3420,2,D,YP,PD,D
14:10:08,UNVR,RG,3420,34,F,ZP,PD,D
14:10:08,UNVR,RG,3410,1,F,AK,DH,D
14:10:08,UNVR,RG,3410,6,F,AK,DH,D
14:10:08,UNVR,RG,3410,1,F,AK,DH,D
14:10:08,UNVR,RG,3410,2,F,AK,DH,D
14:09:56,UNVR,RG,3420,2,F,AK,PD,D
14:09:53,UNVR,RG,3420,33,D,CC,PD,D
14:09:53,UNVR,RG,3420,9,D,CC,XA,D
14:09:53,UNVR,RG,3420,20,D,CC,NI,D
14:09:53,UNVR,RG,3420,2,D,CC,NI,D
14:09:53,UNVR,RG,3420,17,D,CC,XC,D
14:09:53,UNVR,RG,3420,19,D,CC,KZ,F
14:09:53,UNVR,RG,3420,3,F,AK,KZ,F
14:09:52,UNVR,RG,3420,26,F,ZP,KZ,F
14:09:52,UNVR,RG,3420,51,F,ZP,LG,D
14:09:52,UNVR,RG,3420,50,F,ZP,YP,D
14:09:52,UNVR,RG,3420,30,F,ZP,LG,D
14:09:52,UNVR,RG,3420,7,F,ZP,KZ,F
14:09:51,UNVR,RG,3410,1,F,AK,XC,D
14:09:49,UNVR,RG,3420,6,D,XC,KZ,F
14:09:30,UNVR,RG,3420,15,D,CC,KZ,F
14:09:07,UNVR,RG,3420,20,D,CC,KZ,F
14:08:54,UNVR,RG,3420,1,D,PD,KZ,F
14:08:54,UNVR,RG,3420,5,D,PD,KZ,F
14:08:33,UNVR,RG,3420,6,D,CC,KZ,F
14:08:07,UNVR,RG,3420,30,D,CC,KZ,F
14:08:01,UNVR,RG,3420,2,D,YP,KZ,F
14:07:50,UNVR,RG,3420,6,F,BK,KZ,F
14:07:46,UNVR,RG,3420,11,F,BK,KZ,F
14:07:46,UNVR,RG,3420,5,D,PD,KZ,F
14:07:40,UNVR,RG,3420,7,D,IP,KZ,F
14:07:40,UNVR,RG,3420,321,D,IP,BK,F
14:07:40,UNVR,RG,3420,5,D,IP,XC,D
14:07:40,UNVR,RG,3420,92,D,IP,KZ,F
14:07:40,UNVR,RG,3420,75,D,IP,AH,D
14:07:27,UNVR,RG,3420,3,D,PD,AH,D
14:07:27,UNVR,RG,3420,6,F,BK,AH,D
14:07:25,UNVR,RG,3420,1,D,NI,AH,D
14:07:21,UNVR,RG,3420,1,D,PD,AH,D
14:07:07,UNVR,RG,3420,8,F,BK,AH,D
14:07:05,UNVR,RG,3420,156,F,ZP,AH,D
14:07:04,UNVR,RG,3410,55,F,AK,KZ,F
14:07:04,UNVR,RG,3410,53,F,AK,KZ,F
14:07:04,UNVR,RG,3410,50,D,YP,KZ,F
14:07:04,UNVR,RG,3410,20,D,YP,KZ,F
14:07:04,UNVR,RG,3410,3,F,ZP,KZ,F
14:07:04,UNVR,RG,3410,315,D,NI,KZ,F
14:06:59,UNVR,RG,3420,1,F,ZP,KZ,F
14:06:59,UNVR,RG,3410,2,D,NI,KZ,F
14:06:59,UNVR,RG,3410,1,D,NI,KZ,F
14:06:57,UNVR,RG,3420,9,F,ZP,KZ,F
14:06:56,UNVR,RG,3410,3,D,NI,KK,D
14:06:55,UNVR,RG,3410,1,D,NI,DH,D
14:06:46,UNVR,RG,3420,15,D,CC,KZ,F
14:06:43,UNVR,RG,3420,10,D,XC,KZ,F
14:06:24,UNVR,RG,3420,2,D,LG,KZ,F
14:06:15,UNVR,RG,3420,1,D,KK,KZ,F
14:06:11,UNVR,RG,3420,20,D,CC,KZ,F
14:06:09,UNVR,RG,3420,10,D,XC,KZ,F
14:06:08,UNVR,RG,3420,5,D,YP,KZ,F
14:06:01,UNVR,RG,3420,20,D,OD,KZ,F
14:06:00,UNVR,RG,3420,1,D,XC,KZ,F
14:05:56,UNVR,RG,3420,1,D,XC,KZ,F
14:05:20,UNVR,RG,3420,3,D,YP,KZ,F
14:05:16,UNVR,RG,3420,7,D,YP,KZ,F
14:05:13,UNVR,RG,3420,3,D,PD,KZ,F
14:04:51,UNVR,RG,3420,27,F,ZP,KZ,F
14:04:51,UNVR,RG,3420,17,F,ZP,KZ,F
14:04:50,UNVR,RG,3420,9,F,ZP,KK,D
14:04:50,UNVR,RG,3420,1,F,ZP,KK,D
14:04:49,UNVR,RG,3420,1,F,ZP,AK,F
14:04:49,UNVR,RG,3420,1,F,AK,AK,F
14:04:49,UNVR,RG,3420,4,F,AK,AK,F
14:04:49,UNVR,RG,3420,1,F,AK,AK,F
14:04:49,UNVR,RG,3420,68,F,AK,AK,F
14:04:49,UNVR,RG,3420,4,F,BK,AK,F
14:04:48,UNVR,RG,3420,13,F,BK,KZ,F
14:04:48,UNVR,RG,3420,3,D,PD,KZ,F
14:04:48,UNVR,RG,3420,1,F,AK,KZ,F
14:04:48,UNVR,RG,3420,10,F,AK,KZ,F
14:04:48,UNVR,RG,3420,1,F,AK,KZ,F
14:04:48,UNVR,RG,3420,103,F,AK,KZ,F
14:04:48,UNVR,RG,3420,89,F,ZP,KZ,F
14:04:48,UNVR,RG,3420,370,F,ZP,KZ,F
14:04:48,UNVR,RG,3420,1,D,XC,KZ,F
14:04:48,UNVR,RG,3420,52,F,ZP,KZ,F
14:04:48,UNVR,RG,3420,110,F,ZP,KZ,F
14:04:48,UNVR,RG,3420,27,F,CS,KZ,F
14:04:48,UNVR,RG,3420,1,F,CS,KZ,F
14:04:48,UNVR,RG,3420,29,F,CS,KZ,F
14:04:48,UNVR,RG,3420,150,D,NI,KZ,F
14:04:48,UNVR,RG,3420,500,D,ZP,KZ,F
14:04:48,UNVR,RG,3420,9,F,ZP,KZ,F
14:04:48,UNVR,RG,3420,10,D,PD,KZ,F
14:04:48,UNVR,RG,3420,1,D,OD,KZ,F
14:04:48,UNVR,RG,3420,1,D,XC,KZ,F
14:04:48,UNVR,RG,3420,1,D,GR,KZ,F
14:04:48,UNVR,RG,3420,4,D,XA,KZ,F
14:04:48,UNVR,RG,3420,4,D,XC,KZ,F
14:04:48,UNVR,RG,3420,15,F,ZP,KZ,F
14:04:48,UNVR,RG,3420,12,F,ZP,KZ,F
14:04:48,UNVR,RG,3420,11,F,ZP,KZ,F
14:04:48,UNVR,RG,3420,12,F,ZP,KZ,F
14:04:48,UNVR,RG,3420,68,F,ZP,KZ,F
14:04:48,UNVR,RG,3420,9,F,ZP,KZ,F
14:04:48,UNVR,RG,3420,7,F,CS,KZ,F
14:04:48,UNVR,RG,3420,39,F,ZP,KZ,F
14:04:48,UNVR,RG,3420,7,F,CS,KZ,F
14:04:48,UNVR,RG,3420,57,F,CS,KZ,F
14:04:48,UNVR,RG,3420,6,F,ZP,KZ,F
14:04:43,UNVR,RG,3420,1,F,ZP,LG,D
14:04:43,UNVR,RG,3430,2,F,ZP,PD,D
14:04:42,UNVR,RG,3420,2,F,ZP,SQ,D
14:04:38,UNVR,RG,3420,10,F,ZP,GR,D
14:04:38,UNVR,RG,3430,1,F,ZP,PD,D
14:04:37,UNVR,RG,3430,6,F,AK,PD,D
14:04:37,UNVR,RG,3430,1,D,XC,PD,D
14:03:58,UNVR,RG,3420,2,F,AK,LG,D
14:03:58,UNVR,RG,3420,1,F,AK,SQ,D
14:03:52,UNVR,RG,3430,23,F,ZP,PD,D
14:03:51,UNVR,RG,3430,139,F,ZP,PD,D
14:03:51,UNVR,RG,3430,3,F,ZP,YP,D
14:03:51,UNVR,RG,3430,6,F,ZP,NI,D
14:03:51,UNVR,RG,3430,10,F,ZP,KZ,F
14:03:51,UNVR,RG,3430,30,F,ZP,YP,D
14:03:51,UNVR,RG,3430,4,F,ZP,KZ,F
14:03:50,UNVR,RG,3420,30,F,ZP,PD,D
14:03:50,UNVR,RG,3420,19,F,ZP,KZ,F
14:03:50,UNVR,RG,3420,188,F,ZP,KZ,F
14:03:49,UNVR,RG,3420,163,D,KZ,KZ,F
14:03:49,UNVR,RG,3420,1,D,KZ,DX,D
14:03:49,UNVR,RG,3420,1,D,KZ,YP,D
14:03:49,UNVR,RG,3420,5,D,KZ,YP,D
14:03:49,UNVR,RG,3420,50,D,KZ,YP,D
14:03:49,UNVR,RG,3420,10,D,KZ,DR,D
14:03:49,UNVR,RG,3420,1,D,KZ,XC,D
14:03:49,UNVR,RG,3420,10,D,KZ,CC,D
14:03:49,UNVR,RG,3420,4,D,KZ,KZ,F
14:03:49,UNVR,RG,3420,10,D,KZ,KK,D
14:03:49,UNVR,RG,3420,18,D,KZ,KZ,F
14:03:49,UNVR,RG,3420,10,D,KZ,KZ,F
14:03:49,UNVR,RG,3420,50,D,KZ,ZP,D
14:03:49,UNVR,RG,3420,3,D,KZ,KZ,F
14:03:49,UNVR,RG,3420,1,D,KZ,KZ,F
14:03:49,UNVR,RG,3420,7,D,KZ,KZ,F
14:03:49,UNVR,RG,3420,9,D,KZ,CC,D
14:03:49,UNVR,RG,3420,6,D,KZ,CC,D
14:03:49,UNVR,RG,3420,5,D,KZ,CC,D
14:03:49,UNVR,RG,3420,250,D,KZ,OD,D
14:03:49,UNVR,RG,3420,5,D,KZ,LG,D
14:03:49,UNVR,RG,3420,100,D,KZ,MK,D
14:03:49,UNVR,RG,3420,5,D,KZ,PD,D
14:03:49,UNVR,RG,3420,448,D,KZ,BB,D
14:03:46,UNVR,RG,3420,66,F,ZP,BB,D
14:03:46,UNVR,RG,3420,37,F,ZP,BB,D
14:03:45,UNVR,RG,3420,1,F,AK,BB,D
14:03:44,UNVR,RG,3420,264,D,ZP,BB,D
14:03:44,UNVR,RG,3420,76,D,ZP,BB,D
14:03:44,UNVR,RG,3420,1,D,ZP,PD,D
14:03:44,UNVR,RG,3420,5,D,ZP,EP,D
14:03:44,UNVR,RG,3420,1,D,ZP,YP,D
14:03:44,UNVR,RG,3420,153,D,ZP,KZ,F
14:03:43,UNVR,RG,3420,1,D,XC,KZ,F
14:03:35,UNVR,RG,3420,2,F,ZP,KZ,F
14:03:34,UNVR,RG,3420,2,D,NI,KZ,F
14:03:34,UNVR,RG,3420,1,D,AZ,KZ,F
14:03:34,UNVR,RG,3420,3,D,AZ,PD,D
14:03:34,UNVR,RG,3420,6,D,AZ,KZ,F
14:03:34,UNVR,RG,3420,1,F,ZP,KZ,F
14:03:32,UNVR,RG,3420,2,D,XC,KZ,F
14:03:32,UNVR,RG,3420,1,D,PD,KZ,F
14:03:31,UNVR,RG,3420,2,D,YU,KZ,F
14:03:31,UNVR,RG,3420,1,F,ZP,KZ,F
14:03:30,UNVR,RG,3420,1,F,AK,KZ,F
14:03:23,UNVR,RG,3420,1,F,ZP,KZ,F
14:03:21,UNVR,RG,3420,3,D,CC,KZ,F
14:03:21,UNVR,RG,3420,3,D,XC,KZ,F
14:03:21,UNVR,RG,3420,1,D,PD,KZ,F
14:03:20,UNVR,RG,3420,10,F,ZP,KZ,F
14:03:15,UNVR,RG,3420,50,D,CP,KZ,F
14:02:58,UNVR,RG,3420,4,F,ZP,KZ,F
14:02:56,UNVR,RG,3420,20,D,CC,KZ,F
14:02:50,UNVR,RG,3420,1,D,NI,KZ,F
14:02:44,UNVR,RG,3420,1,D,YU,KZ,F
14:02:35,UNVR,RG,3420,6,F,ZP,KZ,F
14:02:34,UNVR,RG,3420,20,D,YP,KZ,F
14:02:33,UNVR,RG,3420,10,D,DH,KZ,F
14:02:32,UNVR,RG,3420,1,D,YP,KZ,F
14:02:18,UNVR,RG,3420,2,D,XC,KZ,F
14:02:08,UNVR,RG,3420,1,D,SQ,KZ,F
14:01:57,UNVR,RG,3420,53,F,ZP,KZ,F
14:01:53,UNVR,RG,3420,1,D,XC,KZ,F
14:01:52,UNVR,RG,3420,106,F,ZP,KZ,F
14:01:52,UNVR,RG,3420,494,F,ZP,CC,D
14:01:44,UNVR,RG,3420,29,D,YP,CC,D
14:01:38,UNVR,RG,3410,1,D,NI,SQ,D
14:01:37,UNVR,RG,3410,1,D,NI,DX,D
14:01:32,UNVR,RG,3410,10,D,NI,CC,D
14:01:30,UNVR,RG,3420,1,D,SQ,CC,D
14:01:18,UNVR,RG,3410,2,D,NI,XC,D
14:01:17,UNVR,RG,3420,36,D,DR,CC,D
14:01:15,UNVR,RG,3420,11,F,AK,CC,D
14:01:10,UNVR,RG,3420,1,D,CC,CC,D
14:01:02,UNVR,RG,3410,5,D,NI,KK,D
14:01:00,UNVR,RG,3420,1,D,DH,CC,D
14:01:00,UNVR,RG,3420,3,D,YP,CC,D
14:00:50,UNVR,RG,3420,1,D,XC,CC,D
14:00:49,UNVR,RG,3420,17,D,YP,CC,D
14:00:43,UNVR,RG,3410,9,D,NI,DH,D
14:00:43,UNVR,RG,3410,1,F,CS,DH,D
14:00:43,UNVR,RG,3410,1,F,ZP,DH,D
14:00:41,UNVR,RG,3420,1,D,DH,CC,D
14:00:37,UNVR,RG,3410,1,D,PD,SQ,D
14:00:32,UNVR,RG,3420,19,D,YP,CC,D
14:00:19,UNVR,RG,3410,4,D,PD,KZ,F
14:00:12,UNVR,RG,3410,1,D,DH,KZ,F
14:00:08,UNVR,RG,3410,3,D,YP,KZ,F
14:00:08,UNVR,RG,3410,1,D,YP,KZ,F
14:00:08,UNVR,RG,3410,8,D,YP,XA,D
14:00:07,UNVR,RG,3410,2,F,AK,XA,D
14:00:07,UNVR,RG,3410,3,F,AK,KZ,F
13:59:59,UNVR,RG,3410,1,D,PD,KZ,F
13:59:54,UNVR,RG,3400,16,D,YP,ZP,D
13:59:29,UNVR,RG,3400,1,D,YP,XC,D
13:59:18,UNVR,RG,3410,2,D,NI,KZ,F
13:59:18,UNVR,RG,3410,3,D,NI,YP,D
13:59:06,UNVR,RG,3410,5,D,NI,YP,D
13:59:06,UNVR,RG,3410,5,D,NI,PD,D
13:59:06,UNVR,RG,3410,6,D,NI,PD,D
13:59:06,UNVR,RG,3410,4,D,NI,KZ,F
13:59:05,UNVR,RG,3410,7,D,OD,KZ,F
13:59:05,UNVR,RG,3410,5,D,OD,KZ,F
13:59:05,UNVR,RG,3410,8,D,SQ,KZ,F
13:59:05,UNVR,RG,3410,10,D,PD,KZ,F
13:58:58,UNVR,RG,3410,5,D,NI,KZ,F
13:58:35,UNVR,RG,3410,6,F,ZP,KZ,F
13:58:35,UNVR,RG,3410,2,F,AK,KZ,F
13:58:35,UNVR,RG,3410,39,F,ZP,KZ,F
13:58:35,UNVR,RG,3410,12,F,AK,KZ,F
13:58:35,UNVR,RG,3410,14,F,AK,KZ,F
13:58:35,UNVR,RG,3410,1,D,AZ,KZ,F
13:58:35,UNVR,RG,3410,5,D,XC,KZ,F
13:58:35,UNVR,RG,3410,4,D,AZ,KZ,F
13:58:35,UNVR,RG,3410,146,F,CC,KZ,F
13:58:34,UNVR,RG,3410,1,F,CC,KZ,F
13:58:33,UNVR,RG,3410,87,F,CC,PD,D
13:58:33,UNVR,RG,3410,6,D,PD,PD,D
13:58:33,UNVR,RG,3410,5,D,AI,PD,D
13:58:33,UNVR,RG,3410,25,D,CC,PD,D
13:58:33,UNVR,RG,3410,1,F,AK,PD,D
13:58:33,UNVR,RG,3410,6,F,AK,PD,D
13:58:33,UNVR,RG,3410,1,F,AK,PD,D
13:58:33,UNVR,RG,3410,85,D,AT,PD,D
13:58:33,UNVR,RG,3410,67,F,AK,PD,D
13:58:33,UNVR,RG,3410,5,D,CC,PD,D
13:58:33,UNVR,RG,3410,16,F,AK,PD,D
13:58:33,UNVR,RG,3410,44,F,AK,PD,D
13:58:33,UNVR,RG,3410,444,F,ZP,PD,D
13:58:33,UNVR,RG,3410,1,F,ZP,NI,D
13:58:19,UNVR,RG,3420,1,D,XC,CC,D
13:58:00,UNVR,RG,3420,1,F,AK,CC,D
13:57:57,UNVR,RG,3410,302,F,ZP,KZ,F
13:57:57,UNVR,RG,3410,1,D,CC,KZ,F
13:57:57,UNVR,RG,3410,27,F,CS,KZ,F
13:57:57,UNVR,RG,3410,27,F,CS,KZ,F
13:57:57,UNVR,RG,3410,29,F,CS,KZ,F
13:57:56,UNVR,RG,3410,300,F,CC,KZ,F
13:57:56,UNVR,RG,3410,42,F,CS,KZ,F
13:57:56,UNVR,RG,3400,26,D,YP,PD,D
13:57:56,UNVR,RG,3400,9,D,YP,PD,D
13:57:56,UNVR,RG,3410,23,F,CS,KZ,F
13:57:56,UNVR,RG,3410,35,F,AK,KZ,F
13:57:56,UNVR,RG,3410,10,F,AK,KZ,F
13:57:56,UNVR,RG,3410,1,F,AK,KZ,F
13:57:56,UNVR,RG,3410,37,F,CS,KZ,F
13:57:56,UNVR,RG,3410,18,F,CS,KZ,F
13:57:56,UNVR,RG,3410,152,F,AK,KZ,F
13:57:55,UNVR,RG,3410,1,F,AK,XC,D
13:57:55,UNVR,RG,3410,10,F,AK,DH,D
13:57:55,UNVR,RG,3410,7,F,AK,PD,D
13:57:55,UNVR,RG,3410,2,F,AK,KZ,F
13:57:55,UNVR,RG,3410,4,F,AK,KZ,F
13:57:55,UNVR,RG,3410,1,F,AK,KZ,F
13:57:55,UNVR,RG,3410,11,F,AK,XC,D
13:57:55,UNVR,RG,3410,3,F,AK,KZ,F
13:57:55,UNVR,RG,3410,1,F,AK,KZ,F
13:57:55,UNVR,RG,3410,57,F,AK,KZ,F
13:57:55,UNVR,RG,3410,256,F,AK,BB,D
13:57:55,UNVR,RG,3410,14,F,AK,BB,D
13:57:54,UNVR,RG,3410,136,D,YP,BB,D
13:57:54,UNVR,RG,3410,37,D,YP,BB,D
13:57:54,UNVR,RG,3410,1,D,YP,KZ,F
13:57:54,UNVR,RG,3410,9,D,YP,KZ,F
13:57:54,UNVR,RG,3410,1,D,YP,XC,D
13:57:54,UNVR,RG,3410,66,D,YP,KK,D
13:57:54,UNVR,RG,3410,34,F,AK,KK,D
13:57:54,UNVR,RG,3410,4,F,AK,PD,D
13:57:54,UNVR,RG,3410,462,F,AK,YP,D
13:57:54,UNVR,RG,3410,57,F,CS,YP,D
13:57:54,UNVR,RG,3410,1076,D,KZ,YP,D
13:57:54,UNVR,RG,3410,2,D,KZ,SQ,D
13:57:54,UNVR,RG,3410,6,D,KZ,HD,D
13:57:54,UNVR,RG,3410,20,D,KZ,SQ,D
13:57:54,UNVR,RG,3410,50,D,KZ,FS,D
13:57:54,UNVR,RG,3410,10,D,KZ,XC,D
13:57:54,UNVR,RG,3410,1,D,KZ,PD,D
13:57:54,UNVR,RG,3410,1,D,KZ,YP,D
13:57:54,UNVR,RG,3410,133,D,KZ,PD,D
13:57:52,UNVR,RG,3410,26,F,ZP,PD,D
13:57:43,UNVR,RG,3410,21,D,SQ,PD,D
13:57:42,UNVR,RG,3410,1,D,XC,PD,D
13:57:34,UNVR,RG,3410,27,F,ZP,PD,D
13:57:34,UNVR,RG,3410,48,F,ZP,PD,D
13:57:31,UNVR,RG,3410,3,D,NI,PD,D
13:57:25,UNVR,RG,3410,1,D,PD,PD,D
13:57:17,UNVR,RG,3410,30,F,ZP,PD,D
13:57:15,UNVR,RG,3410,2,D,EP,PD,D
13:57:14,UNVR,RG,3410,2,D,PD,PD,D
13:57:02,UNVR,RG,3410,36,F,ZP,PD,D
13:56:55,UNVR,RG,3410,1,D,XL,PD,D
13:56:45,UNVR,RG,3410,1,D,XL,PD,D
13:56:45,UNVR,RG,3410,41,F,ZP,PD,D
13:56:44,UNVR,RG,3410,3,D,CC,PD,D
13:56:37,UNVR,RG,3410,10,F,AK,PD,D
13:56:31,UNVR,RG,3410,1,D,XC,PD,D
13:56:27,UNVR,RG,3410,35,F,ZP,PD,D
13:56:22,UNVR,RG,3400,2,D,YP,SQ,D
13:56:15,UNVR,RG,3400,19,D,YP,LS,D
13:56:15,UNVR,RG,3400,1,D,YP,LS,D
13:56:15,UNVR,RG,3400,11,D,YP,LS,D
13:56:15,UNVR,RG,3400,3,D,YP,LS,D
13:56:15,UNVR,RG,3400,10,D,YP,LS,D
13:56:15,UNVR,RG,3400,5,D,YP,LS,D
13:56:15,UNVR,RG,3400,1,D,YP,LS,D
13:56:15,UNVR,RG,3400,20,D,YP,LS,D
13:56:15,UNVR,RG,3400,2,D,NI,LS,D
13:56:15,UNVR,RG,3400,1,D,YP,LS,D
13:56:15,UNVR,RG,3400,27,D,YP,LS,D
13:56:14,UNVR,RG,3400,2,D,YP,PD,D
13:56:14,UNVR,RG,3400,2,D,YP,PD,D
13:56:11,UNVR,RG,3410,5,D,LG,PD,D
13:56:07,UNVR,RG,3410,34,F,ZP,PD,D
13:55:59,UNVR,RG,3410,1,D,GR,PD,D
13:55:57,UNVR,RG,3410,9,D,CC,PD,D
13:55:52,UNVR,RG,3410,29,F,ZP,PD,D
13:55:42,UNVR,RG,3400,8,D,YP,SQ,D
13:55:42,UNVR,RG,3400,1,D,YP,SQ,D
13:55:42,UNVR,RG,3400,1,D,PD,SQ,D
13:55:42,UNVR,RG,3400,1,D,CC,SQ,D
13:55:42,UNVR,RG,3400,24,D,XC,SQ,D
13:55:42,UNVR,RG,3400,1,D,CC,SQ,D
13:55:42,UNVR,RG,3400,40,D,PD,SQ,D
13:55:42,UNVR,RG,3400,1,D,PD,SQ,D
13:55:42,UNVR,RG,3400,1,D,XC,SQ,D
13:55:42,UNVR,RG,3400,1,D,XC,SQ,D
13:55:42,UNVR,RG,3400,20,F,KK,SQ,D
13:55:42,UNVR,RG,3400,1,D,XC,SQ,D
13:55:42,UNVR,RG,3400,1,D,XC,SQ,D
13:55:42,UNVR,RG,3400,14,D,CC,SQ,D
13:55:38,UNVR,RG,3410,73,F,CS,PD,D
13:55:36,UNVR,RG,3410,25,F,ZP,PD,D
13:55:17,UNVR,RG,3400,6,D,CC,PD,D
13:55:17,UNVR,RG,3400,1,D,XC,PD,D
13:55:17,UNVR,RG,3400,1,D,CC,PD,D
13:55:17,UNVR,RG,3400,1,D,PD,PD,D
13:55:17,UNVR,RG,3400,1,D,XC,PD,D
13:55:17,UNVR,RG,3410,25,F,ZP,PD,D
13:55:17,UNVR,RG,3400,2,D,PD,LG,D
13:55:03,UNVR,RG,3400,8,D,PD,NI,D
13:55:03,UNVR,RG,3400,7,D,XL,NI,D
13:54:59,UNVR,RG,3410,6,F,ZP,PD,D
13:54:58,UNVR,RG,3410,5,D,LG,PD,D
13:54:48,UNVR,RG,3400,5,D,XL,PD,D
13:54:24,UNVR,RG,3400,1,D,XC,XC,D
13:54:24,UNVR,RG,3400,3,D,XC,XC,D
13:54:24,UNVR,RG,3400,5,D,LG,XC,D
13:54:24,UNVR,RG,3400,1,D,EP,XC,D
13:54:24,UNVR,RG,3400,5,D,SQ,XC,D
13:54:19,UNVR,RG,3410,158,D,NI,PD,D
13:54:19,UNVR,RG,3410,1,D,NI,KZ,F
13:54:19,UNVR,RG,3410,2,D,NI,XC,D
13:54:19,UNVR,RG,3410,1,D,NI,KZ,F
13:54:19,UNVR,RG,3410,4,D,NI,KZ,F
13:54:19,UNVR,RG,3410,13,D,NI,YP,D
13:54:19,UNVR,RG,3410,21,D,NI,KZ,F
13:54:15,UNVR,RG,3400,2,D,SQ,LG,D
13:53:59,UNVR,RG,3400,8,D,SQ,KZ,F
13:53:54,UNVR,RG,3400,30,D,SQ,CC,D
13:53:44,UNVR,RG,3400,10,D,SQ,KZ,F
13:53:35,UNVR,RG,3410,5,D,YP,KZ,F
13:53:19,UNVR,RG,3400,1,D,SQ,KZ,F
13:53:18,UNVR,RG,3400,32,D,SQ,EP,D
13:53:18,UNVR,RG,3400,1,D,PD,EP,D
13:53:18,UNVR,RG,3400,1,D,SQ,EP,D
13:53:18,UNVR,RG,3400,1,D,PD,EP,D
13:53:18,UNVR,RG,3400,5,D,PD,EP,D
13:53:14,UNVR,RG,3400,2,D,PD,KZ,F
13:53:14,UNVR,RG,3400,1,D,PD,KZ,F
13:53:14,UNVR,RG,3400,1,D,PD,KZ,F
13:53:14,UNVR,RG,3400,1,D,PD,KZ,F
13:53:14,UNVR,RG,3400,7,D,CD,KZ,F
13:53:09,UNVR,RG,3400,13,D,CD,KZ,F
13:53:09,UNVR,RG,3400,1,D,PD,KZ,F
13:53:09,UNVR,RG,3400,1,D,PD,KZ,F
13:53:09,UNVR,RG,3400,20,D,PD,KZ,F
13:53:09,UNVR,RG,3400,1,D,PD,KZ,F
13:53:09,UNVR,RG,3400,1,D,HP,KZ,F
13:53:09,UNVR,RG,3400,35,D,PD,KZ,F
13:53:09,UNVR,RG,3400,30,D,BQ,KZ,F
13:53:09,UNVR,RG,3400,1,D,SQ,KZ,F
13:53:09,UNVR,RG,3400,1,D,PD,KZ,F
13:53:09,UNVR,RG,3400,1,D,GR,KZ,F
13:53:09,UNVR,RG,3400,6,D,YB,KZ,F
13:53:09,UNVR,RG,3400,1,D,DX,KZ,F
13:53:09,UNVR,RG,3400,3,D,DR,KZ,F
13:53:02,UNVR,RG,3400,6,D,DR,PD,D
13:53:02,UNVR,RG,3400,3,D,PD,PD,D
13:53:02,UNVR,RG,3400,15,D,DH,PD,D
13:53:01,UNVR,RG,3400,15,D,DH,CC,D
13:53:01,UNVR,RG,3400,5,D,DH,CC,D
13:52:43,UNVR,RG,3400,1,D,DH,CP,D
13:52:43,UNVR,RG,3400,1,D,SQ,CP,D
13:52:43,UNVR,RG,3400,2,D,PD,CP,D
13:52:43,UNVR,RG,3400,1,F,DH,CP,D
13:52:39,UNVR,RG,3400,25,F,DH,NI,D
13:52:34,UNVR,RG,3410,30,D,CC,KZ,F
13:52:32,UNVR,RG,3400,10,F,DH,DR,D
13:52:11,UNVR,RG,3410,1,D,PD,KZ,F
13:52:02,UNVR,RG,3410,16,D,OD,KZ,F
13:51:32,UNVR,RG,3410,1,D,AT,KZ,F
13:51:19,UNVR,RG,3410,1,D,NI,KZ,F
13:51:10,UNVR,RG,3410,1,D,PC,KZ,F
13:50:53,UNVR,RG,3410,644,D,DH,KZ,F
13:50:53,UNVR,RG,3410,356,D,DH,BB,D
13:50:44,UNVR,RG,3400,5,F,DH,KZ,F
13:50:39,UNVR,RG,3400,29,F,DH,KZ,F
13:50:39,UNVR,RG,3400,4,D,SQ,KZ,F
13:50:36,UNVR,RG,3410,1,D,PD,BB,D
13:50:24,UNVR,RG,3400,1,D,SQ,PC,D
13:50:19,UNVR,RG,3400,10,D,DH,DR,D
13:50:09,UNVR,RG,3410,1,D,CC,BB,D
13:49:43,UNVR,RG,3410,1,D,XC,BB,D
13:49:41,UNVR,RG,3400,5,D,DH,CP,D
13:49:23,UNVR,RG,3410,1,D,YP,BB,D
13:49:08,UNVR,RG,3410,1,D,NI,BB,D
13:48:55,UNVR,RG,3410,2,D,GR,BB,D
13:48:46,UNVR,RG,3410,100,D,YP,BB,D
13:48:46,UNVR,RG,3410,3,D,PD,BB,D
13:48:38,UNVR,RG,3410,3,D,YP,BB,D
13:48:32,UNVR,RG,3400,1,D,DH,YP,D
13:48:13,UNVR,RG,3410,8,D,YP,BB,D
13:48:07,UNVR,RG,3410,1,D,NI,BB,D
13:48:04,UNVR,RG,3410,3,D,GR,BB,D
13:47:39,UNVR,RG,3410,10,D,NI,BB,D
13:47:38,UNVR,RG,3410,4,D,NI,BB,D
13:47:37,UNVR,RG,3410,16,F,AK,BB,D
13:47:37,UNVR,RG,3410,2,F,AK,BB,D
13:47:37,UNVR,RG,3410,91,F,AK,BB,D
13:47:37,UNVR,RG,3410,94,D,DX,BB,D
13:47:37,UNVR,RG,3410,115,F,ZP,BB,D
13:47:37,UNVR,RG,3410,71,F,ZP,BB,D
13:47:37,UNVR,RG,3410,4,F,ZP,BB,D
13:47:36,UNVR,RG,3410,13,F,ZP,KZ,F
13:47:35,UNVR,RG,3410,25,F,ZP,CS,F
13:47:35,UNVR,RG,3410,500,D,AH,CS,F
13:47:35,UNVR,RG,3410,44,F,AK,CS,F
13:47:35,UNVR,RG,3410,1251,D,KZ,CS,F
13:47:35,UNVR,RG,3410,6,F,AK,CS,F
13:47:35,UNVR,RG,3410,41,D,FS,CS,F
13:47:34,UNVR,RG,3410,59,D,FS,KZ,F
13:47:34,UNVR,RG,3410,8,F,ZP,KZ,F
13:47:34,UNVR,RG,3410,53,D,YP,KZ,F
13:47:34,UNVR,RG,3410,6,F,AK,KZ,F
13:47:34,UNVR,RG,3410,9,F,ZP,KZ,F
13:47:34,UNVR,RG,3410,12,F,CS,KZ,F
13:47:34,UNVR,RG,3410,4,F,ZP,KZ,F
13:47:34,UNVR,RG,3410,15,F,CC,KZ,F
13:47:30,UNVR,RG,3410,25,F,CC,KZ,F
13:47:30,UNVR,RG,3410,20,D,PD,KZ,F
13:47:27,UNVR,RG,3410,16,F,AK,YP,D
13:47:27,UNVR,RG,3410,5,F,AK,NI,D
13:47:27,UNVR,RG,3410,5,F,AK,KZ,F
13:47:27,UNVR,RG,3410,10,F,AK,KZ,F
13:47:27,UNVR,RG,3410,100,F,AK,LS,D
13:47:27,UNVR,RG,3410,3,F,AK,KZ,F
13:47:27,UNVR,RG,3410,2,F,AK,KZ,F
13:47:27,UNVR,RG,3410,10,F,AK,KZ,F
13:47:27,UNVR,RG,3410,3,F,AK,CC,D
13:47:27,UNVR,RG,3410,2,F,AK,KZ,F
13:47:27,UNVR,RG,3410,41,F,AK,EP,D
13:47:27,UNVR,RG,3410,64,F,AK,KZ,F
13:47:27,UNVR,RG,3410,100,F,AK,MK,D
13:47:27,UNVR,RG,3410,2,F,AK,KZ,F
13:47:27,UNVR,RG,3410,1,F,AK,PD,D
13:47:27,UNVR,RG,3410,39,F,AK,PD,D
13:47:25,UNVR,RG,3410,15,D,RF,PD,D
13:47:23,UNVR,RG,3410,5,D,DH,PD,D
13:47:22,UNVR,RG,3400,1,D,DH,DH,D
13:47:15,UNVR,RG,3410,2,D,CC,PD,D
13:47:06,UNVR,RG,3410,6,D,YP,PD,D
13:46:47,UNVR,RG,3410,100,D,NI,PD,D
13:46:41,UNVR,RG,3400,8,D,DH,KK,D
13:46:41,UNVR,RG,3400,29,D,PD,KK,D
13:46:36,UNVR,RG,3400,46,D,PD,CC,D
13:46:36,UNVR,RG,3400,15,D,SQ,CC,D
13:46:36,UNVR,RG,3400,6,D,PD,CC,D
13:46:36,UNVR,RG,3400,20,D,PD,CC,D
13:46:36,UNVR,RG,3400,10,D,AT,CC,D
13:46:36,UNVR,RG,3400,2,D,EP,CC,D
13:46:36,UNVR,RG,3400,3,D,KK,CC,D
13:46:36,UNVR,RG,3400,10,D,DR,CC,D
13:46:36,UNVR,RG,3400,18,D,AT,CC,D
13:46:36,UNVR,RG,3410,49,D,NI,PD,D
13:46:31,UNVR,RG,3400,2,D,AT,CP,D
13:46:31,UNVR,RG,3400,6,D,KK,CP,D
13:46:31,UNVR,RG,3400,1,D,PD,CP,D
13:46:31,UNVR,RG,3400,1,D,AT,CP,D
13:46:31,UNVR,RG,3400,4,D,DR,CP,D
13:46:31,UNVR,RG,3400,10,D,SQ,CP,D
13:46:31,UNVR,RG,3400,3,D,PD,CP,D
13:46:31,UNVR,RG,3400,1,D,AI,CP,D
13:46:31,UNVR,RG,3400,1,D,PD,CP,D
13:46:31,UNVR,RG,3400,16,F,XA,CP,D
13:46:17,UNVR,RG,3400,1,F,XA,DH,D
13:46:11,UNVR,RG,3400,1,F,XA,NI,D
13:46:08,UNVR,RG,3410,30,D,PD,PD,D
13:45:50,UNVR,RG,3400,1,F,XA,PD,D
13:45:44,UNVR,RG,3410,10,D,PD,PD,D
13:45:40,UNVR,RG,3400,3,F,XA,PD,D
13:45:39,UNVR,RG,3410,2,D,XC,PD,D
13:45:36,UNVR,RG,3410,3,D,XC,PD,D
13:45:34,UNVR,RG,3410,1,D,YP,PD,D
13:45:34,UNVR,RG,3400,2,F,XA,KI,D
13:45:33,UNVR,RG,3410,25,D,CC,PD,D
13:45:20,UNVR,RG,3410,5,D,KK,PD,D
13:45:14,UNVR,RG,3410,20,D,NI,PD,D
13:45:14,UNVR,RG,3410,1,D,XC,PD,D
13:45:14,UNVR,RG,3410,1,D,MK,PD,D
13:45:14,UNVR,RG,3410,28,F,ZP,PD,D
13:45:14,UNVR,RG,3410,50,F,CC,PD,D
13:45:14,UNVR,RG,3410,100,D,RG,PD,D
13:45:14,UNVR,RG,3410,4,F,AK,PD,D
13:45:14,UNVR,RG,3410,4,F,ZP,PD,D
13:45:14,UNVR,RG,3410,1,F,ZP,KZ,F
13:45:13,UNVR,RG,3410,1,F,ZP,CC,D
13:45:09,UNVR,RG,3410,12,F,ZP,KZ,F
13:45:09,UNVR,RG,3410,12,F,ZP,KZ,F
13:45:09,UNVR,RG,3410,3,D,CC,KZ,F
13:45:09,UNVR,RG,3410,16,F,AK,KZ,F
13:45:07,UNVR,RG,3410,116,F,AK,KZ,F
13:45:05,UNVR,RG,3410,18,F,AK,KZ,F
13:45:05,UNVR,RG,3410,32,F,ZP,KZ,F
13:45:05,UNVR,RG,3410,20,D,YP,KZ,F
13:45:05,UNVR,RG,3410,1,D,PD,KZ,F
13:45:05,UNVR,RG,3410,51,D,DR,KZ,F
13:45:04,UNVR,RG,3410,69,D,DR,PD,D
13:45:04,UNVR,RG,3410,2,D,PD,PD,D
13:45:04,UNVR,RG,3410,1,D,YP,PD,D
13:45:04,UNVR,RG,3410,24,D,KK,PD,D
13:45:04,UNVR,RG,3410,1,D,PD,PD,D
13:45:04,UNVR,RG,3410,242,D,KZ,PD,D
13:45:04,UNVR,RG,3410,1,D,YP,PD,D
13:45:04,UNVR,RG,3410,5,D,YP,PD,D
13:45:04,UNVR,RG,3410,1,D,XC,PD,D
13:45:04,UNVR,RG,3410,5,D,CC,PD,D
13:45:04,UNVR,RG,3410,1,D,YP,PD,D
13:45:04,UNVR,RG,3410,2,D,GR,PD,D
13:45:04,UNVR,RG,3410,3,F,ZP,PD,D
13:45:04,UNVR,RG,3410,1,F,XA,PD,D
13:45:04,UNVR,RG,3410,1,D,YP,PD,D
13:45:04,UNVR,RG,3410,433,D,YJ,PD,D
13:45:00,UNVR,RG,3410,1,D,YJ,DR,D
13:44:59,UNVR,RG,3410,30,D,YJ,PD,D
13:44:58,UNVR,RG,3420,1,D,YP,CC,D
13:44:54,UNVR,RG,3410,1,D,YJ,NI,D
13:44:38,UNVR,RG,3420,2,D,CC,CC,D
13:44:34,UNVR,RG,3410,2,D,YJ,KZ,F
13:44:34,UNVR,RG,3410,3,D,YJ,KZ,F
13:44:34,UNVR,RG,3410,1,D,YJ,KZ,F
13:44:33,UNVR,RG,3410,529,D,YJ,KZ,F
13:44:33,UNVR,RG,3410,1,D,YP,KZ,F
13:44:33,UNVR,RG,3410,14,D,CC,KZ,F
13:44:33,UNVR,RG,3410,50,D,ZP,KZ,F
13:44:33,UNVR,RG,3410,1,D,NI,KZ,F
13:44:33,UNVR,RG,3410,1,D,YP,KZ,F
13:44:33,UNVR,RG,3410,49,D,YP,KZ,F
13:44:33,UNVR,RG,3410,1,D,EP,KZ,F
13:44:33,UNVR,RG,3410,2,D,EP,KZ,F
13:44:33,UNVR,RG,3410,5,D,YP,KZ,F
13:44:33,UNVR,RG,3410,1,D,YP,KZ,F
13:44:33,UNVR,RG,3410,330,F,AK,KZ,F
13:44:33,UNVR,RG,3410,4,D,XC,KZ,F
13:44:33,UNVR,RG,3410,25,D,YP,KZ,F
13:44:33,UNVR,RG,3410,1,D,YP,KZ,F
13:44:33,UNVR,RG,3410,1,D,OD,KZ,F
13:44:33,UNVR,RG,3410,294,D,KZ,KZ,F
13:44:33,UNVR,RG,3420,8,F,AK,CC,D
13:44:33,UNVR,RG,3420,1,F,AK,CC,D
13:44:33,UNVR,RG,3420,63,F,AK,CC,D
13:44:33,UNVR,RG,3420,6,F,CS,CC,D
13:44:32,UNVR,RG,3420,1,D,XC,CC,D
13:44:32,UNVR,RG,3420,548,F,ZP,CC,D
13:44:32,UNVR,RG,3420,3,D,YP,CC,D
13:44:32,UNVR,RG,3420,5,D,YP,CC,D
13:44:32,UNVR,RG,3420,4,D,PD,CC,D
13:44:32,UNVR,RG,3420,25,D,CC,CC,D
13:44:32,UNVR,RG,3420,1,D,PD,CC,D
13:44:32,UNVR,RG,3420,1,D,YP,CC,D
13:44:32,UNVR,RG,3420,5,D,PD,CC,D
13:44:32,UNVR,RG,3420,4,D,CC,CC,D
13:44:32,UNVR,RG,3420,25,D,LG,CC,D
13:44:32,UNVR,RG,3420,76,F,CS,CC,D
13:44:32,UNVR,RG,3420,10,D,SQ,CC,D
13:44:32,UNVR,RG,3420,2,D,YP,CC,D
13:44:32,UNVR,RG,3420,20,D,NI,CC,D
13:44:32,UNVR,RG,3420,20,D,PD,CC,D
13:44:32,UNVR,RG,3420,12,D,PD,CC,D
13:44:32,UNVR,RG,3420,5,D,NI,CC,D
13:44:32,UNVR,RG,3420,1,D,CC,CC,D
13:44:32,UNVR,RG,3420,1,F,AK,CC,D
13:44:32,UNVR,RG,3420,1,D,XC,CC,D
13:44:32,UNVR,RG,3420,1,D,AT,CC,D
13:44:32,UNVR,RG,3420,300,D,ZP,CC,D
13:44:32,UNVR,RG,3420,5,D,BQ,CC,D
13:44:32,UNVR,RG,3420,5,F,YP,CC,D
13:44:32,UNVR,RG,3420,1,D,YP,CC,D
13:44:32,UNVR,RG,3420,1,D,DH,CC,D
13:44:32,UNVR,RG,3420,1,D,XC,CC,D
13:44:32,UNVR,RG,3420,10,F,ZP,CC,D
13:44:32,UNVR,RG,3420,50,D,HP,CC,D
13:44:32,UNVR,RG,3420,10,D,YP,CC,D
13:44:32,UNVR,RG,3420,300,F,CC,CC,D
13:44:32,UNVR,RG,3420,1,D,PD,CC,D
13:44:32,UNVR,RG,3420,1,F,AK,CC,D
13:44:32,UNVR,RG,3420,7,F,AK,CC,D
13:44:32,UNVR,RG,3420,63,F,AK,CC,D
13:44:32,UNVR,RG,3420,1,D,YP,CC,D
13:44:32,UNVR,RG,3420,2,D,NI,CC,D
13:44:32,UNVR,RG,3420,2,D,PD,CC,D
13:44:32,UNVR,RG,3420,10,D,DR,CC,D
13:44:32,UNVR,RG,3420,4,D,LG,CC,D
13:44:32,UNVR,RG,3420,3,D,PD,CC,D
13:44:32,UNVR,RG,3420,50,D,SQ,CC,D
13:44:32,UNVR,RG,3420,2,D,PD,CC,D
13:44:32,UNVR,RG,3420,1,D,PD,CC,D
13:44:32,UNVR,RG,3420,1,D,PD,CC,D
13:44:32,UNVR,RG,3420,51,F,CS,CC,D
13:44:32,UNVR,RG,3420,20,D,EP,CC,D
13:44:32,UNVR,RG,3420,1,D,YB,CC,D
13:44:32,UNVR,RG,3420,14,F,AK,CC,D
13:44:32,UNVR,RG,3420,1,D,PD,CC,D
13:44:32,UNVR,RG,3420,27,F,ZP,CC,D
13:44:32,UNVR,RG,3420,1,D,AT,CC,D
13:44:32,UNVR,RG,3420,5,D,XA,CC,D
13:44:32,UNVR,RG,3420,1,F,AK,CC,D
13:44:32,UNVR,RG,3420,40,F,ZP,CC,D
13:44:32,UNVR,RG,3420,2,D,PD,CC,D
13:44:32,UNVR,RG,3420,1,D,NI,CC,D
13:44:32,UNVR,RG,3420,1312,D,KZ,CC,D
13:44:32,UNVR,RG,3420,75,D,NI,CC,D
13:44:32,UNVR,RG,3420,1,D,XC,CC,D
13:44:32,UNVR,RG,3420,26,F,ZP,CC,D
13:44:32,UNVR,RG,3420,10,D,XC,CC,D
13:44:32,UNVR,RG,3420,24,F,ZP,CC,D
13:44:32,UNVR,RG,3420,5,D,XC,CC,D
13:44:32,UNVR,RG,3420,1,D,PD,CC,D
13:44:32,UNVR,RG,3420,128,F,ZP,CC,D
13:44:32,UNVR,RG,3420,5,D,YP,CC,D
13:44:32,UNVR,RG,3420,2,D,YP,CC,D
13:44:32,UNVR,RG,3420,3,D,YU,CC,D
13:44:32,UNVR,RG,3420,1,D,XC,CC,D
13:44:32,UNVR,RG,3420,50,D,YP,CC,D
13:44:32,UNVR,RG,3420,1,F,AK,CC,D
13:44:32,UNVR,RG,3420,75,F,AK,CC,D
13:44:32,UNVR,RG,3420,8,F,CS,CC,D
13:44:32,UNVR,RG,3420,92,F,CS,CC,D
13:44:32,UNVR,RG,3420,318,D,SQ,CC,D
13:44:31,UNVR,RG,3430,25,F,ZP,KZ,F
13:44:28,UNVR,RG,3420,10,D,SQ,XC,D
13:44:26,UNVR,RG,3430,30,D,PD,KZ,F
13:44:24,UNVR,RG,3430,1,D,PD,KZ,F
13:44:12,UNVR,RG,3430,32,F,ZP,KZ,F
13:44:02,UNVR,RG,3430,6,D,XC,KZ,F
13:43:59,UNVR,RG,3430,20,D,YP,KZ,F
13:43:58,UNVR,RG,3430,15,D,NI,KZ,F
13:43:57,UNVR,RG,3420,2,D,SQ,LG,D
13:43:54,UNVR,RG,3430,30,D,KK,KZ,F
13:43:52,UNVR,RG,3430,32,F,ZP,KZ,F
13:43:52,UNVR,RG,3430,13,F,AK,KZ,F
13:43:33,UNVR,RG,3430,17,F,ZP,KZ,F
13:43:33,UNVR,RG,3430,11,F,ZP,KK,D
13:43:28,UNVR,RG,3430,1,D,XC,KK,D
13:43:27,UNVR,RG,3430,82,F,CS,KK,D
13:43:25,UNVR,RG,3430,30,D,CC,KK,D
13:43:18,UNVR,RG,3430,10,D,XC,KK,D
13:43:17,UNVR,RG,3430,21,F,ZP,KK,D
13:43:11,UNVR,RG,3430,57,D,YP,KK,D
13:42:51,UNVR,RG,3430,3,D,DH,KK,D
13:42:46,UNVR,RG,3430,5,D,XC,KK,D
13:42:39,UNVR,RG,3420,1,D,SQ,KZ,F
13:42:39,UNVR,RG,3420,10,D,SQ,KZ,F
13:42:31,UNVR,RG,3430,3,D,XC,KK,D
13:42:29,UNVR,RG,3420,21,D,SQ,KZ,F
13:42:28,UNVR,RG,3430,3,D,DH,KK,D
13:42:19,UNVR,RG,3430,20,D,AT,KK,D
13:42:19,UNVR,RG,3420,4,D,SQ,KZ,F
13:42:19,UNVR,RG,3420,1,D,SQ,KZ,F
13:42:11,UNVR,RG,3430,1,D,KK,KK,D
13:42:05,UNVR,RG,3430,1,D,XC,KK,D
13:42:01,UNVR,RG,3430,10,D,IF,KK,D
13:41:58,UNVR,RG,3430,20,D,KK,KK,D
13:41:53,UNVR,RG,3430,1,D,YU,KK,D
13:41:35,UNVR,RG,3430,6,D,XC,KK,D
13:41:25,UNVR,RG,3420,5,D,SQ,PD,D
13:41:24,UNVR,RG,3420,2,D,SQ,DR,D
13:41:22,UNVR,RG,3420,2,D,SQ,CC,D
13:41:19,UNVR,RG,3420,10,D,SQ,EP,D
13:41:17,UNVR,RG,3420,1,D,SQ,XC,D
13:41:14,UNVR,RG,3420,116,D,SQ,KZ,F
13:41:09,UNVR,RG,3430,1,D,PD,KK,D
13:40:59,UNVR,RG,3420,49,D,SQ,KZ,F
13:40:57,UNVR,RG,3420,100,D,SQ,AT,D
13:40:57,UNVR,RG,3430,10,D,YP,KK,D
13:40:53,UNVR,RG,3420,200,D,SQ,MK,D
13:40:52,UNVR,RG,3420,1,D,SQ,AG,D
13:40:52,UNVR,RG,3420,1,D,SQ,GR,D
13:40:51,UNVR,RG,3420,2,D,SQ,DH,D
13:40:44,UNVR,RG,3420,2,D,SQ,KZ,F
13:40:27,UNVR,RG,3420,80,D,SQ,CC,D
13:40:27,UNVR,RG,3430,9,D,YP,KK,D
13:40:10,UNVR,RG,3420,20,D,SQ,PD,D
13:40:09,UNVR,RG,3430,10,D,YU,KK,D
13:40:06,UNVR,RG,3420,2,D,SQ,DH,D
13:39:53,UNVR,RG,3420,1,D,SQ,DH,D
13:39:50,UNVR,RG,3420,9,D,SQ,PD,D
13:39:45,UNVR,RG,3420,1,D,SQ,NI,D
13:39:37,UNVR,RG,3420,5,D,SQ,XC,D
13:39:36,UNVR,RG,3420,2,D,SQ,DH,D
13:39:33,UNVR,RG,3420,10,D,SQ,PD,D
13:39:24,UNVR,RG,3420,3,D,SQ,DH,D
13:39:19,UNVR,RG,3420,7,D,SQ,KZ,F
13:39:19,UNVR,RG,3420,1,D,SQ,KZ,F
13:39:14,UNVR,RG,3420,1,D,SQ,KZ,F
13:39:14,UNVR,RG,3420,8,D,CD,KZ,F
13:39:09,UNVR,RG,3430,1,D,HP,KK,D
13:39:09,UNVR,RG,3430,2,D,KK,KK,D
13:38:52,UNVR,RG,3430,15,D,YP,KK,D
13:38:19,UNVR,RG,3430,2,D,PD,KK,D
13:38:10,UNVR,RG,3420,2,D,CD,PD,D
13:38:10,UNVR,RG,3420,20,F,ZP,PD,D
13:38:07,UNVR,RG,3420,1,F,ZP,XC,D
13:37:54,UNVR,RG,3420,1,F,ZP,XC,D
13:37:51,UNVR,RG,3430,1,D,XL,KK,D
13:37:41,UNVR,RG,3420,114,F,ZP,KZ,F
13:37:41,UNVR,RG,3420,1,D,XC,KZ,F
13:37:41,UNVR,RG,3420,4,F,ZP,KZ,F
13:37:41,UNVR,RG,3420,10,D,CD,KZ,F
13:37:41,UNVR,RG,3420,1,D,XL,KZ,F
13:37:41,UNVR,RG,3420,3,D,XC,KZ,F
13:37:41,UNVR,RG,3420,10,D,DR,KZ,F
13:37:41,UNVR,RG,3420,4,D,PD,KZ,F
13:37:41,UNVR,RG,3420,4,D,PD,KZ,F
13:37:41,UNVR,RG,3420,1,D,YP,KZ,F
13:37:41,UNVR,RG,3420,20,D,EP,KZ,F
13:37:41,UNVR,RG,3420,46,F,ZP,KZ,F
13:37:41,UNVR,RG,3420,1,D,YP,KZ,F
13:37:41,UNVR,RG,3420,7,F,AK,KZ,F
13:37:41,UNVR,RG,3420,1,F,AK,KZ,F
13:37:41,UNVR,RG,3420,5,D,NI,KZ,F
13:37:41,UNVR,RG,3420,32,D,AI,KZ,F
13:37:41,UNVR,RG,3420,21,F,ZP,KZ,F
13:37:41,UNVR,RG,3420,3,F,CS,KZ,F
13:37:41,UNVR,RG,3420,5,D,YP,KZ,F
13:37:41,UNVR,RG,3420,20,D,ZP,KZ,F
13:37:41,UNVR,RG,3420,17,F,ZP,KZ,F
13:37:41,UNVR,RG,3420,4,F,CS,KZ,F
13:37:41,UNVR,RG,3420,44,D,SQ,KZ,F
13:37:39,UNVR,RG,3420,5,D,SQ,KZ,F
13:37:39,UNVR,RG,3420,1,D,SQ,KZ,F
13:37:39,UNVR,RG,3420,12,D,SQ,KZ,F
13:37:39,UNVR,RG,3420,25,D,SQ,KZ,F
13:37:37,UNVR,RG,3430,7,D,YP,KK,D
13:37:34,UNVR,RG,3420,913,D,SQ,DR,D
13:37:34,UNVR,RG,3420,2,D,EP,DR,D
13:37:34,UNVR,RG,3420,27,F,ZP,DR,D
13:37:34,UNVR,RG,3420,2,D,NI,DR,D
13:37:34,UNVR,RG,3420,1,D,YP,DR,D
13:37:34,UNVR,RG,3420,1,D,YP,DR,D
13:37:34,UNVR,RG,3420,2,D,YP,DR,D
13:37:34,UNVR,RG,3420,1,D,NI,DR,D
13:37:34,UNVR,RG,3420,34,D,AT,DR,D
13:37:32,UNVR,RG,3420,2,D,AT,LG,D
13:37:31,UNVR,RG,3430,1,D,NI,KK,D
13:37:25,UNVR,RG,3430,1,D,XC,KK,D
13:37:24,UNVR,RG,3430,5,D,KK,KK,D
13:37:16,UNVR,RG,3420,1,D,AT,PD,D
13:36:38,UNVR,RG,3430,1,D,PD,KK,D
13:36:34,UNVR,RG,3430,3,D,CC,KK,D
13:36:30,UNVR,RG,3430,2,D,PD,KK,D
13:36:21,UNVR,RG,3430,3,D,XC,KK,D
13:36:17,UNVR,RG,3420,13,D,AT,SQ,D
13:36:14,UNVR,RG,3420,49,D,AT,CP,D
13:36:14,UNVR,RG,3420,18,F,ZP,CP,D
13:36:14,UNVR,RG,3420,33,D,KK,CP,D
13:36:12,UNVR,RG,3420,1,D,KK,CC,D
13:36:09,UNVR,RG,3420,3,D,KK,CC,D
13:36:09,UNVR,RG,3420,12,F,CS,CC,D
13:36:09,UNVR,RG,3420,5,D,NI,CC,D
13:36:06,UNVR,RG,3420,1,D,NI,YP,D
13:35:59,UNVR,RG,3420,1,D,NI,YP,D
13:35:56,UNVR,RG,3420,1,D,NI,XC,D
13:35:24,UNVR,RG,3420,2,D,NI,CC,D
13:35:21,UNVR,RG,3430,1,D,YP,KK,D
13:35:01,UNVR,RG,3430,30,D,KK,KK,D
13:34:45,UNVR,RG,3420,10,D,NI,XL,D
13:34:40,UNVR,RG,3430,1,D,XC,KK,D
13:34:20,UNVR,RG,3430,1,D,YP,KK,D
13:34:19,UNVR,RG,3430,130,D,CC,KK,D
13:34:16,UNVR,RG,3430,1,D,YP,KK,D
13:34:15,UNVR,RG,3430,3,D,XC,KK,D
13:34:11,UNVR,RG,3430,1,D,YP,KK,D
13:34:05,UNVR,RG,3430,3,D,YP,KK,D
13:34:05,UNVR,RG,3430,30,D,YP,CP,D
13:34:05,UNVR,RG,3430,17,D,YP,YP,F
13:33:49,UNVR,RG,3430,8,D,YP,YP,F
13:33:49,UNVR,RG,3430,25,D,YP,YP,F
13:33:49,UNVR,RG,3430,2,D,YP,KZ,F
13:33:49,UNVR,RG,3430,3,D,YP,PD,D
13:33:28,UNVR,RG,3430,2,D,YP,PD,D
13:33:28,UNVR,RG,3430,1,D,YP,PD,D
13:33:09,UNVR,RG,3410,148,D,KZ,KZ,F
13:33:09,UNVR,RG,3410,250,D,YP,KZ,F
13:33:09,UNVR,RG,3410,1,D,YP,KZ,F
13:33:09,UNVR,RG,3410,25,D,YP,KZ,F
13:33:09,UNVR,RG,3410,15,D,YP,KZ,F
13:33:09,UNVR,RG,3410,3,D,YP,KZ,F
13:33:09,UNVR,RG,3410,4,D,YP,KZ,F
13:33:09,UNVR,RG,3410,15,D,YP,KZ,F
13:33:09,UNVR,RG,3410,3,D,YP,KZ,F
13:33:09,UNVR,RG,3410,73,D,YP,KZ,F
13:33:09,UNVR,RG,3410,1,D,YP,KZ,F
13:33:09,UNVR,RG,3410,300,D,YP,KZ,F
13:33:09,UNVR,RG,3410,3,D,YP,KZ,F
13:33:09,UNVR,RG,3410,2,D,YP,KZ,F
13:33:09,UNVR,RG,3410,20,D,YP,KZ,F
13:33:09,UNVR,RG,3410,343,F,AK,KZ,F
13:33:06,UNVR,RG,3420,4,D,PD,KZ,F
13:33:04,UNVR,RG,3420,385,D,YP,KZ,F
13:33:04,UNVR,RG,3420,55,D,KK,KZ,F
13:33:04,UNVR,RG,3420,23,F,ZP,KZ,F
13:33:04,UNVR,RG,3420,55,D,KK,KZ,F
13:33:04,UNVR,RG,3420,24,F,ZP,KZ,F
13:33:04,UNVR,RG,3420,2,D,XC,KZ,F
13:33:04,UNVR,RG,3420,9,D,XC,KZ,F
13:33:04,UNVR,RG,3420,1,D,XC,KZ,F
13:33:04,UNVR,RG,3420,2,D,XC,KZ,F
13:33:04,UNVR,RG,3420,10,D,HP,KZ,F
13:33:04,UNVR,RG,3420,1,D,PD,KZ,F
13:33:04,UNVR,RG,3420,1,D,YP,KZ,F
13:33:04,UNVR,RG,3420,1,D,BQ,KZ,F
13:33:04,UNVR,RG,3420,101,D,KZ,KZ,F
13:33:03,UNVR,RG,3420,2,D,KZ,KZ,F
13:33:03,UNVR,RG,3420,5,D,KZ,KK,D
13:32:59,UNVR,RG,3430,3,D,PD,KZ,F
13:32:59,UNVR,RG,3420,188,D,KZ,KZ,F
13:32:54,UNVR,RG,3420,18,D,KZ,KZ,F
13:32:54,UNVR,RG,3420,2,D,KZ,KZ,F
13:32:54,UNVR,RG,3420,97,D,KZ,KZ,F
13:32:52,UNVR,RG,3420,31,D,KZ,KZ,F
13:32:52,UNVR,RG,3420,1,D,XC,KZ,F
13:32:52,UNVR,RG,3420,5,D,YP,KZ,F
13:32:49,UNVR,RG,3430,2,F,AK,KZ,F
13:32:49,UNVR,RG,3430,33,F,AK,KZ,F
13:32:49,UNVR,RG,3430,117,D,CC,KZ,F
13:32:49,UNVR,RG,3430,48,D,CC,KZ,F
13:32:49,UNVR,RG,3430,14,D,CC,KZ,F
13:32:49,UNVR,RG,3430,18,D,CC,KZ,F
13:32:49,UNVR,RG,3430,3,D,CC,KZ,F
13:32:49,UNVR,RG,3430,1,D,XC,KZ,F
13:32:49,UNVR,RG,3430,15,D,KK,KZ,F
13:32:49,UNVR,RG,3430,1,D,BQ,KZ,F
13:32:49,UNVR,RG,3430,1,D,YP,KZ,F
13:32:47,UNVR,RG,3440,12,F,AK,YP,D
13:32:47,UNVR,RG,3440,13,D,XC,YP,D
13:32:47,UNVR,RG,3440,15,F,AK,YP,D
13:32:47,UNVR,RG,3440,6,F,AK,YP,D
13:32:47,UNVR,RG,3440,10,F,AK,AG,D
13:32:47,UNVR,RG,3440,34,F,CS,AK,F
13:32:47,UNVR,RG,3440,39,F,ZP,AK,F
13:32:46,UNVR,RG,3440,5,F,AK,AK,F
13:32:46,UNVR,RG,3440,667,F,AK,AK,F
13:32:46,UNVR,RG,3440,104,F,CS,AK,F
13:32:45,UNVR,RG,3440,72,F,ZP,AK,F
13:32:45,UNVR,RG,3440,2,D,PD,AK,F
13:32:45,UNVR,RG,3440,500,D,NI,AK,F
13:32:45,UNVR,RG,3440,9,D,NI,AK,F
13:32:45,UNVR,RG,3440,1,D,YP,AK,F
13:32:45,UNVR,RG,3440,1,D,CC,AK,F
13:32:45,UNVR,RG,3440,9,D,PD,AK,F
13:32:45,UNVR,RG,3440,94,F,AK,AK,F
13:32:45,UNVR,RG,3440,1,F,AK,AK,F
13:32:45,UNVR,RG,3440,67,F,ZP,AK,F
13:32:45,UNVR,RG,3440,25,D,NI,AK,F
13:32:45,UNVR,RG,3440,8,F,AK,AK,F
13:32:45,UNVR,RG,3440,16,F,CS,AK,F
13:32:45,UNVR,RG,3440,1,D,PD,AK,F
13:32:45,UNVR,RG,3440,15,D,XC,AK,F
13:32:45,UNVR,RG,3440,5,D,YP,AK,F
13:32:45,UNVR,RG,3440,5,D,EP,AK,F
13:32:45,UNVR,RG,3440,1,D,BQ,AK,F
13:32:45,UNVR,RG,3440,5,D,XA,AK,F
13:32:45,UNVR,RG,3440,54,F,ZP,AK,F
13:32:45,UNVR,RG,3440,1,D,YP,AK,F
13:32:45,UNVR,RG,3440,34,F,CS,AK,F
13:32:45,UNVR,RG,3440,1,F,AK,AK,F
13:32:45,UNVR,RG,3440,9,F,AK,AK,F
13:32:45,UNVR,RG,3440,1,F,AK,AK,F
13:32:45,UNVR,RG,3440,96,F,AK,AK,F
13:32:45,UNVR,RG,3440,50,D,FZ,AK,F
13:32:45,UNVR,RG,3440,244,F,ZP,AK,F
13:32:45,UNVR,RG,3440,54,F,AK,AK,F
13:32:45,UNVR,RG,3440,65,F,ZP,AK,F
13:32:45,UNVR,RG,3440,1227,F,AK,AK,F
13:32:44,UNVR,RG,3440,1689,F,AK,YP,D
13:32:44,UNVR,RG,3440,311,D,KZ,YP,D
13:32:43,UNVR,RG,3450,1,D,NI,DX,D
13:32:40,UNVR,RG,3450,17,D,YP,DX,D
13:32:30,UNVR,RG,3450,1,D,PD,DX,D
13:32:28,UNVR,RG,3450,4,D,BQ,DX,D
13:32:24,UNVR,RG,3440,2,D,KZ,NI,D
13:32:21,UNVR,RG,3440,21,D,KZ,CC,D
13:32:21,UNVR,RG,3450,30,D,YP,DX,D
13:32:19,UNVR,RG,3450,5,D,PD,DX,D
13:32:10,UNVR,RG,3440,25,D,KZ,CC,D
13:32:09,UNVR,RG,3440,1,D,KZ,PD,D
13:32:09,UNVR,RG,3450,10,D,CC,DX,D
13:32:08,UNVR,RG,3450,10,D,PD,DX,D
13:32:07,UNVR,RG,3450,1,D,NI,DX,D
13:32:03,UNVR,RG,3450,1,D,XC,DX,D
13:31:59,UNVR,RG,3440,1,D,KZ,YU,D
13:31:58,UNVR,RG,3450,6,D,YP,DX,D
13:31:57,UNVR,RG,3450,29,D,YP,DX,D
13:31:44,UNVR,RG,3450,4,D,KK,DX,D
13:31:43,UNVR,RG,3440,27,D,KZ,YP,D
13:31:42,UNVR,RG,3440,100,D,KZ,CC,D
13:31:42,UNVR,RG,3440,1,D,KZ,DR,D
13:31:40,UNVR,RG,3440,1,D,KZ,PD,D
13:31:39,UNVR,RG,3450,17,D,KK,DX,D
13:31:39,UNVR,RG,3450,8,D,KK,PD,D
13:31:39,UNVR,RG,3450,1,D,KK,KK,D
13:31:39,UNVR,RG,3450,5,D,KK,YU,D
13:31:39,UNVR,RG,3450,1,D,KK,TP,D
13:31:39,UNVR,RG,3450,5,D,KK,YP,D
13:31:39,UNVR,RG,3450,2,D,KK,GR,D
13:31:39,UNVR,RG,3450,120,D,KK,KK,D
13:31:39,UNVR,RG,3450,15,D,KK,YP,D
13:31:39,UNVR,RG,3450,2,D,KK,CC,D
13:31:39,UNVR,RG,3450,87,D,KK,CC,D
13:31:35,UNVR,RG,3440,5,D,KZ,XC,D
13:31:26,UNVR,RG,3440,3,D,KZ,AT,D
13:31:26,UNVR,RG,3450,5,D,PD,CC,D
13:31:24,UNVR,RG,3450,2,D,YP,CC,D
13:31:23,UNVR,RG,3450,5,D,KK,CC,D
13:31:23,UNVR,RG,3450,2,D,YP,CC,D
13:31:21,UNVR,RG,3440,20,D,KZ,SQ,D
13:31:21,UNVR,RG,3450,10,D,CC,CC,D
13:31:15,UNVR,RG,3440,527,D,KZ,KZ,F
13:31:15,UNVR,RG,3440,500,D,KZ,CC,D
13:31:15,UNVR,RG,3450,10,D,NI,CC,D
13:31:14,UNVR,RG,3440,2,D,KZ,KZ,F
13:31:13,UNVR,RG,3450,29,D,CP,CC,D
13:31:13,UNVR,RG,3450,1,D,CP,YP,D
13:31:13,UNVR,RG,3450,10,D,CP,GR,D
13:31:13,UNVR,RG,3450,1,D,CP,XC,D
13:31:13,UNVR,RG,3450,6,D,CP,YP,D
13:31:13,UNVR,RG,3450,2,D,CP,PD,D
13:31:13,UNVR,RG,3450,50,D,CP,YP,D
13:31:13,UNVR,RG,3450,7,D,CP,PD,D
13:31:13,UNVR,RG,3450,3,D,CP,KK,D
13:31:13,UNVR,RG,3450,15,D,CP,KK,D
13:31:13,UNVR,RG,3450,15,D,CP,KK,D
13:31:13,UNVR,RG,3450,8,D,CP,CC,D
13:31:13,UNVR,RG,3450,5,D,CP,CC,D
13:31:13,UNVR,RG,3450,10,D,CP,SQ,D
13:31:13,UNVR,RG,3450,1,D,CP,XC,D
13:31:13,UNVR,RG,3450,13,D,CP,DR,D
13:31:13,UNVR,RG,3450,1,D,CP,XC,D
13:31:13,UNVR,RG,3450,23,D,CP,KK,D
13:31:10,UNVR,RG,3450,20,D,YP,KK,D
13:31:10,UNVR,RG,3450,57,D,NI,KK,D
13:31:10,UNVR,RG,3450,1,D,NI,NI,D
13:31:10,UNVR,RG,3450,2,D,NI,YP,D
13:31:10,UNVR,RG,3450,1,D,NI,BQ,D
13:31:10,UNVR,RG,3450,1,D,NI,XC,D
13:31:10,UNVR,RG,3450,4,D,NI,PD,D
13:31:10,UNVR,RG,3450,1,D,NI,NI,D
13:31:10,UNVR,RG,3450,10,D,NI,PD,D
13:31:10,UNVR,RG,3450,10,D,NI,PD,D
13:31:10,UNVR,RG,3450,50,D,NI,FZ,D
13:31:10,UNVR,RG,3450,30,D,NI,YP,D
13:31:10,UNVR,RG,3450,2,D,NI,PD,D
13:31:10,UNVR,RG,3450,20,D,NI,AZ,D
13:31:10,UNVR,RG,3450,11,D,NI,DH,D
13:31:10,UNVR,RG,3450,2,D,XC,DH,D
13:31:06,UNVR,RG,3450,1,F,AK,DH,D
13:31:06,UNVR,RG,3450,1,F,AK,PD,D
13:31:06,UNVR,RG,3450,43,F,AK,XC,D
13:31:06,UNVR,RG,3450,50,F,AK,DR,D
13:31:06,UNVR,RG,3450,23,F,AK,YP,D
13:31:06,UNVR,RG,3450,10,F,AK,EP,D
13:31:06,UNVR,RG,3450,50,F,AK,CC,D
13:31:06,UNVR,RG,3450,100,F,AK,XC,D
13:31:06,UNVR,RG,3450,10,F,AK,XA,D
13:31:06,UNVR,RG,3450,15,F,AK,KK,D
13:31:06,UNVR,RG,3450,47,F,AK,PD,D
13:31:06,UNVR,RG,3450,5,F,AK,XC,D
13:31:06,UNVR,RG,3450,10,F,AK,NI,D
13:31:06,UNVR,RG,3450,20,F,AK,KI,D
13:31:06,UNVR,RG,3450,10,F,AK,PD,D
13:31:06,UNVR,RG,3450,1,F,AK,NI,D
13:31:06,UNVR,RG,3450,1,F,AK,PD,D
13:31:06,UNVR,RG,3450,18,F,AK,DH,D
13:31:06,UNVR,RG,3450,5,F,AK,PD,D
13:31:06,UNVR,RG,3450,50,F,AK,YP,F
13:31:06,UNVR,RG,3450,1,F,AK,LS,D
13:31:06,UNVR,RG,3450,1,F,AK,XC,D
13:31:06,UNVR,RG,3450,2,F,AK,NI,D
13:31:06,UNVR,RG,3450,3,F,AK,LG,D
13:31:06,UNVR,RG,3450,5,F,AK,DH,D
13:31:06,UNVR,RG,3450,18,F,AK,CC,D
13:31:05,UNVR,RG,3450,12,F,AK,CC,D
13:31:05,UNVR,RG,3450,6,F,AK,CC,D
13:31:05,UNVR,RG,3450,3,F,AK,PD,D
13:31:05,UNVR,RG,3450,479,F,AK,CC,D
13:31:05,UNVR,RG,3450,1,D,YP,CC,D
13:31:02,UNVR,RG,3450,1,D,NI,CC,D
13:31:00,UNVR,RG,3440,6,D,KZ,AG,D
13:30:52,UNVR,RG,3440,220,D,KZ,KZ,F
13:30:52,UNVR,RG,3440,27,F,ZP,KZ,F
13:30:52,UNVR,RG,3440,347,F,AK,KZ,F
13:30:52,UNVR,RG,3440,78,F,AK,KZ,F
13:30:52,UNVR,RG,3440,442,F,AK,KZ,F
13:30:50,UNVR,RG,3440,48,F,AK,CC,D
13:30:50,UNVR,RG,3440,25,F,ZP,CC,D
13:30:50,UNVR,RG,3440,6,F,ZP,BB,D
13:30:50,UNVR,RG,3440,748,F,ZP,BB,D
13:30:50,UNVR,RG,3440,16,F,ZP,BB,D
13:30:50,UNVR,RG,3440,450,F,ZP,BB,D
13:30:50,UNVR,RG,3440,112,F,ZP,BB,D
13:30:49,UNVR,RG,3450,149,F,ZP,CC,D
13:30:49,UNVR,RG,3440,8,F,ZP,XC,D
13:30:47,UNVR,RG,3450,177,D,XA,CC,D
13:30:47,UNVR,RG,3450,3,D,XA,PD,D
13:30:47,UNVR,RG,3450,2,D,XA,XC,D
13:30:47,UNVR,RG,3450,10,D,XA,OD,D
13:30:47,UNVR,RG,3450,25,D,XA,PD,D
13:30:47,UNVR,RG,3450,5,D,XA,YP,D
13:30:47,UNVR,RG,3450,15,D,XA,PD,D
13:30:47,UNVR,RG,3450,2,D,XA,XC,D
13:30:47,UNVR,RG,3450,5,D,XA,YP,D
13:30:47,UNVR,RG,3450,5,D,XA,PD,D
13:30:47,UNVR,RG,3450,10,D,XA,PD,D
13:30:47,UNVR,RG,3450,6,D,XA,NI,D
13:30:47,UNVR,RG,3450,3,D,XA,PD,D
13:30:47,UNVR,RG,3450,1,D,XA,NI,D
13:30:47,UNVR,RG,3450,5,D,XA,YP,D
13:30:47,UNVR,RG,3450,2,D,XA,PD,D
13:30:47,UNVR,RG,3450,10,D,XA,DH,D
13:30:47,UNVR,RG,3450,2,D,XA,NI,D
13:30:47,UNVR,RG,3450,112,D,XA,OD,D
13:30:47,UNVR,RG,3450,38,F,AK,OD,D
13:30:47,UNVR,RG,3450,25,F,AK,GR,D
13:30:47,UNVR,RG,3450,1,F,AK,AT,D
13:30:47,UNVR,RG,3450,50,F,AK,DH,D
13:30:47,UNVR,RG,3450,20,F,AK,XC,D
13:30:47,UNVR,RG,3450,20,F,AK,YP,D
13:30:47,UNVR,RG,3450,10,F,AK,TP,D
13:30:47,UNVR,RG,3450,2,F,AK,XC,D
13:30:47,UNVR,RG,3450,1,F,AK,NI,D
13:30:47,UNVR,RG,3450,5,F,AK,NI,D
13:30:47,UNVR,RG,3450,1,F,AK,PD,D
13:30:47,UNVR,RG,3450,5,F,AK,PD,D
13:30:47,UNVR,RG,3450,1,F,AK,NI,D
13:30:47,UNVR,RG,3450,1,F,AK,DR,D
13:30:47,UNVR,RG,3450,200,F,AK,HP,D
13:30:47,UNVR,RG,3450,100,F,AK,GR,D
13:30:47,UNVR,RG,3450,2,F,AK,OD,D
13:30:47,UNVR,RG,3450,1,F,AK,PD,D
13:30:47,UNVR,RG,3450,3,F,AK,EP,D
13:30:47,UNVR,RG,3450,2,F,AK,AZ,D
13:30:47,UNVR,RG,3450,3,F,AK,YP,D
13:30:47,UNVR,RG,3450,1,F,AK,CC,D
13:30:47,UNVR,RG,3450,1,F,AK,YP,D
13:30:47,UNVR,RG,3450,1,F,AK,PD,D
13:30:47,UNVR,RG,3450,1,F,AK,YP,D
13:30:47,UNVR,RG,3450,1,F,AK,PD,D
13:30:47,UNVR,RG,3450,1,F,AK,YP,D
13:30:47,UNVR,RG,3450,1,F,AK,PD,D
13:30:47,UNVR,RG,3450,2,F,AK,XL,D
13:30:47,UNVR,RG,3450,18,F,AK,XL,D
13:30:47,UNVR,RG,3450,30,F,AK,AG,D
13:30:47,UNVR,RG,3450,10,F,AK,SQ,D
13:30:47,UNVR,RG,3450,2,F,AK,BQ,D
13:30:47,UNVR,RG,3450,50,F,AK,PD,D
13:30:47,UNVR,RG,3450,6,F,AK,PD,D
13:30:47,UNVR,RG,3450,10,F,AK,YP,D
13:30:47,UNVR,RG,3450,4,F,AK,PD,D
13:30:47,UNVR,RG,3450,5,F,AK,PD,D
13:30:47,UNVR,RG,3450,1,F,AK,PD,D
13:30:47,UNVR,RG,3450,2,F,AK,PD,D
13:30:47,UNVR,RG,3450,1,F,AK,SQ,D
13:30:47,UNVR,RG,3450,10,F,AK,CC,D
13:30:47,UNVR,RG,3450,10,F,AK,CC,D
13:30:47,UNVR,RG,3450,20,F,AK,CC,D
13:30:47,UNVR,RG,3450,3,F,AK,DH,D
13:30:46,UNVR,RG,3450,497,F,AK,DH,D
13:30:46,UNVR,RG,3450,1,F,AK,IF,D
13:30:46,UNVR,RG,3450,2,F,AK,GR,D
13:30:44,UNVR,RG,3440,10,F,AK,YP,D
13:30:44,UNVR,RG,3440,2,F,AK,PD,D
13:30:44,UNVR,RG,3440,1,F,AK,XC,D
13:30:44,UNVR,RG,3440,1478,F,AK,KZ,F
13:30:44,UNVR,RG,3440,1,F,AK,YP,D
13:30:44,UNVR,RG,3440,1,F,AK,XC,D
13:30:44,UNVR,RG,3440,1,F,AK,PD,D
13:30:44,UNVR,RG,3440,5,F,AK,PD,D
13:30:44,UNVR,RG,3440,10,F,AK,PD,D
13:30:44,UNVR,RG,3440,3,F,AK,DH,D
13:30:44,UNVR,RG,3440,2,F,AK,KK,D
13:30:44,UNVR,RG,3440,5,F,AK,YP,D
13:30:44,UNVR,RG,3440,10,F,AK,TP,D
13:30:44,UNVR,RG,3440,2,F,AK,XC,D
13:30:44,UNVR,RG,3440,10,F,AK,XA,D
13:30:44,UNVR,RG,3440,26,F,AK,XC,D
13:30:44,UNVR,RG,3440,1,F,AK,YP,D
13:30:44,UNVR,RG,3440,1,F,AK,PD,D
13:30:44,UNVR,RG,3440,10,F,AK,DH,D
13:30:44,UNVR,RG,3440,10,F,AK,NI,D
13:30:44,UNVR,RG,3440,2,F,AK,PD,D
13:30:44,UNVR,RG,3440,5,F,AK,PD,D
13:30:44,UNVR,RG,3440,10,F,AK,CC,D
13:30:44,UNVR,RG,3440,3,F,AK,KK,D
13:30:44,UNVR,RG,3440,2,F,AK,XC,D
13:30:44,UNVR,RG,3440,10,F,AK,OD,D
13:30:44,UNVR,RG,3440,4,F,AK,CC,D
13:30:44,UNVR,RG,3440,1,F,AK,YU,D
13:30:44,UNVR,RG,3440,1,F,AK,PD,D
13:30:44,UNVR,RG,3440,200,F,AK,YP,D
13:30:44,UNVR,RG,3440,44,F,AK,YP,D
13:30:44,UNVR,RG,3440,5,F,AK,YP,D
13:30:44,UNVR,RG,3440,1,F,AK,PD,D
13:30:44,UNVR,RG,3440,1,F,AK,NI,D
13:30:44,UNVR,RG,3440,10,F,AK,DH,D
13:30:44,UNVR,RG,3440,500,F,AK,DR,D
13:30:44,UNVR,RG,3440,40,F,AK,DR,D
13:30:44,UNVR,RG,3440,1,F,AK,KK,D
13:30:44,UNVR,RG,3440,3,F,AK,YP,D
13:30:44,UNVR,RG,3440,30,F,AK,CC,D
13:30:44,UNVR,RG,3440,50,F,AK,YP,F
13:30:44,UNVR,RG,3440,2,F,AK,KK,D
13:30:44,UNVR,RG,3440,1,F,AK,XL,D
13:30:44,UNVR,RG,3440,1,F,AK,PD,D
13:30:44,UNVR,RG,3440,68,F,AK,YJ,D
13:30:44,UNVR,RG,3440,500,F,AK,YJ,D
13:30:44,UNVR,RG,3440,20,F,AK,YJ,D
13:30:44,UNVR,RG,3440,500,F,AK,YJ,D
13:30:43,UNVR,RG,3440,500,F,AK,YJ,D
13:30:43,UNVR,RG,3440,20,F,AK,YJ,D
13:30:42,UNVR,RG,3440,500,F,AK,YJ,D
13:30:41,UNVR,RG,3440,392,F,AK,YJ,D
13:30:41,UNVR,RG,3440,3,F,AK,NI,D
13:30:41,UNVR,RG,3440,10,F,AK,PD,D
13:30:41,UNVR,RG,3440,1,F,AK,YP,D
13:30:41,UNVR,RG,3440,5,F,AK,DH,D
13:30:41,UNVR,RG,3440,2,F,AK,DX,D
13:30:41,UNVR,RG,3440,6,F,AK,SQ,D
13:30:41,UNVR,RG,3440,20,F,AK,KK,D
13:30:41,UNVR,RG,3440,1,F,AK,NI,D
13:30:41,UNVR,RG,3440,2,F,AK,NI,D
13:30:41,UNVR,RG,3440,1,F,AK,NI,D
13:30:41,UNVR,RG,3440,2,F,AK,XC,D
13:30:41,UNVR,RG,3440,1,F,AK,NI,D
13:30:41,UNVR,RG,3440,35,F,AK,KK,D
13:30:41,UNVR,RG,3440,19,F,AK,YP,D
13:30:40,UNVR,RG,3440,6,F,AK,YP,D
13:30:40,UNVR,RG,3440,10,F,AK,LG,D
13:30:40,UNVR,RG,3440,10,F,AK,YP,D
13:30:40,UNVR,RG,3440,40,F,AK,YP,D
13:30:40,UNVR,RG,3440,50,F,AK,RS,D
13:30:40,UNVR,RG,3440,1,F,AK,XC,D
13:30:40,UNVR,RG,3440,21,F,AK,CC,D
13:30:40,UNVR,RG,3440,3,F,AK,PD,D
13:30:40,UNVR,RG,3440,1,F,AK,YP,D
13:30:40,UNVR,RG,3440,1,F,AK,PD,D
13:30:40,UNVR,RG,3440,100,F,AK,CC,D
13:30:40,UNVR,RG,3440,25,F,AK,YP,D
13:30:40,UNVR,RG,3440,2,F,AK,AZ,D
13:30:40,UNVR,RG,3440,45,F,AK,YP,D
13:30:40,UNVR,RG,3440,5,F,AK,SQ,D
13:30:40,UNVR,RG,3440,2,F,AK,YP,D
13:30:40,UNVR,RG,3440,1,F,AK,YP,D
13:30:40,UNVR,RG,3440,1,F,AK,YP,D
13:30:40,UNVR,RG,3440,2,F,AK,XL,D
13:30:40,UNVR,RG,3440,1,F,AK,YP,D
13:30:40,UNVR,RG,3440,5,F,AK,PD,D
13:30:40,UNVR,RG,3440,17,F,AK,PD,D
13:30:40,UNVR,RG,3440,10,F,AK,PD,D
13:30:40,UNVR,RG,3440,1,F,AK,PD,D
13:30:40,UNVR,RG,3440,1,F,AK,AT,D
13:30:40,UNVR,RG,3440,1,F,AK,PD,D
13:30:40,UNVR,RG,3440,1,F,AK,KK,D
13:30:40,UNVR,RG,3440,2,F,AK,GR,D
13:30:39,UNVR,RG,3430,8,F,AK,KZ,F
13:30:38,UNVR,RG,3430,25,F,AK,XC,D
13:30:38,UNVR,RG,3430,10,F,AK,YP,D
13:30:38,UNVR,RG,3430,592,F,AK,KZ,F
13:30:38,UNVR,RG,3430,1,F,AK,XC,D
13:30:38,UNVR,RG,3430,2,F,AK,PD,D
13:30:38,UNVR,RG,3430,1,F,AK,PD,D
13:30:38,UNVR,RG,3430,2,F,AK,PD,D
13:30:38,UNVR,RG,3430,60,F,AK,CC,D
13:30:38,UNVR,RG,3430,8,F,AK,PD,D
13:30:38,UNVR,RG,3430,50,F,AK,HP,D
13:30:38,UNVR,RG,3430,13,F,AK,PD,D
13:30:38,UNVR,RG,3430,1,F,AK,PD,D
13:30:38,UNVR,RG,3430,4,F,AK,PD,D
13:30:38,UNVR,RG,3430,5,F,AK,PD,D
13:30:38,UNVR,RG,3430,100,F,AK,AT,D
13:30:38,UNVR,RG,3430,6,F,AK,PD,D
13:30:38,UNVR,RG,3430,10,F,AK,KK,D
13:30:38,UNVR,RG,3430,1,F,AK,XC,D
13:30:38,UNVR,RG,3430,4,F,AK,KK,D
13:30:38,UNVR,RG,3430,2,F,AK,AT,D
13:30:38,UNVR,RG,3430,2,F,AK,XC,D
13:30:38,UNVR,RG,3430,200,F,AK,YP,D
13:30:38,UNVR,RG,3430,1,F,AK,XC,D
13:30:38,UNVR,RG,3430,3,F,AK,PD,D
13:30:38,UNVR,RG,3430,300,F,AK,YP,D
13:30:38,UNVR,RG,3430,1,F,AK,YP,D
13:30:38,UNVR,RG,3430,5,F,AK,KK,D
13:30:38,UNVR,RG,3430,1,F,AK,DH,D
13:30:38,UNVR,RG,3430,1,F,AK,PD,D
13:30:38,UNVR,RG,3430,10,F,AK,NI,D
13:30:38,UNVR,RG,3430,1,F,AK,XC,D
13:30:38,UNVR,RG,3430,10,F,AK,SQ,D
13:30:38,UNVR,RG,3430,1,F,AK,SQ,D
13:30:38,UNVR,RG,3430,120,F,AK,ZP,D
13:30:38,UNVR,RG,3430,15,F,AK,DR,D
13:30:38,UNVR,RG,3430,3,F,AK,PD,D
13:30:38,UNVR,RG,3430,2,F,AK,CC,D
13:30:38,UNVR,RG,3430,3,F,AK,PD,D
13:30:38,UNVR,RG,3430,2,F,AK,PD,D
13:30:38,UNVR,RG,3430,1,F,AK,XC,D
13:30:38,UNVR,RG,3430,10,F,AK,YP,D
13:30:38,UNVR,RG,3430,2,F,AK,PD,D
13:30:38,UNVR,RG,3430,2,F,AK,PD,D
13:30:38,UNVR,RG,3430,2,F,AK,PD,D
13:30:38,UNVR,RG,3430,14,F,AK,KK,D
13:30:38,UNVR,RG,3430,3,F,AK,NI,D
13:30:38,UNVR,RG,3430,10,F,AK,DX,D
13:30:38,UNVR,RG,3430,2,F,AK,GR,D
13:30:38,UNVR,RG,3430,5,F,AK,YP,D
13:30:38,UNVR,RG,3430,1,F,AK,PD,D
