Time,Stock,Brd,Price,Qty,BT,BC,SC,ST
15:14:31,UNVR,RG,4980,378,F,BK,RX,D
15:14:21,UNVR,RG,4980,6,F,BK,XC,D
15:14:04,UNVR,RG,4980,3,F,BK,OD,D
15:14:01,UNVR,RG,4980,50,F,BK,OD,D
15:13:51,UNVR,RG,4980,260,F,BK,DR,D
15:13:51,UNVR,RG,4980,30,F,BK,LG,D
15:13:51,UNVR,RG,4980,4,F,BK,NI,D
15:13:51,UNVR,RG,4980,1,F,BK,PD,D
15:13:51,UNVR,RG,4980,1,F,BK,XL,D
15:13:51,UNVR,RG,4980,30,F,BK,AZ,D
15:13:51,UNVR,RG,4980,1,F,BK,PD,D
15:13:51,UNVR,RG,4980,500,F,BK,RX,D
15:13:51,UNVR,RG,4980,500,F,BK,YP,D
15:13:51,UNVR,RG,4980,2,F,BK,XC,D
15:13:51,UNVR,RG,4980,200,F,BK,MG,D
15:13:51,UNVR,RG,4980,1,F,BK,EP,D
15:13:51,UNVR,RG,4980,1,F,BK,YP,D
15:13:51,UNVR,RG,4980,1,F,BK,CP,D
15:13:51,UNVR,RG,4980,1,F,BK,EP,D
15:13:51,UNVR,RG,4980,1,F,BK,XC,D
15:13:51,UNVR,RG,4980,1,F,BK,NI,D
15:13:51,UNVR,RG,4980,31,F,BK,YP,D
15:13:51,UNVR,RG,4980,10,F,BK,YP,D
15:13:51,UNVR,RG,4980,5,F,BK,PD,D
15:13:51,UNVR,RG,4980,2,F,BK,GR,D
15:13:51,UNVR,RG,4980,122,F,BK,YP,D
15:13:51,UNVR,RG,4980,10,F,BK,CC,D
15:13:51,UNVR,RG,4980,10,F,BK,PD,D
15:13:51,UNVR,RG,4980,1,F,BK,CD,D
15:13:51,UNVR,RG,4980,20,F,BK,GR,D
15:13:51,UNVR,RG,4980,2,F,BK,NI,D
15:13:51,UNVR,RG,4980,35,F,BK,YP,D
15:12:56,UNVR,RG,4980,1,D,CC,YP,D
15:12:47,UNVR,RG,4980,1,D,XC,YP,D
15:11:08,UNVR,RG,4980,5,D,PD,YP,D
15:11:02,UNVR,RG,4980,1,D,PD,YP,D
15:09:56,UNVR,RG,4980,2,D,PD,YP,D
15:09:41,UNVR,RG,4980,1,D,MG,YP,D
15:09:36,UNVR,RG,4980,1,D,NI,YP,D
15:09:26,UNVR,RG,4980,1,D,CC,YP,D
15:08:19,UNVR,RG,4980,52,D,XC,YP,D
15:08:19,UNVR,RG,4980,5,D,XC,SQ,D
15:08:12,UNVR,RG,4980,20,D,EP,SQ,D
15:07:57,UNVR,RG,4980,1,D,YP,SQ,D
15:07:57,UNVR,RG,4980,5,D,SQ,SQ,D
15:07:09,UNVR,RG,4980,70,D,KK,SQ,D
15:06:57,UNVR,RG,4980,1,D,AZ,SQ,D
15:06:47,UNVR,RG,4980,1,D,CC,SQ,D
15:06:44,UNVR,RG,4980,1,D,PD,SQ,D
15:05:23,UNVR,RG,4980,1,D,PD,SQ,D
15:05:21,UNVR,RG,4980,1,D,TF,SQ,D
15:05:19,UNVR,RG,4980,2,D,YB,SQ,D
15:05:17,UNVR,RG,4980,42,D,NI,SQ,D
15:05:17,UNVR,RG,4980,1,D,NI,KK,D
15:05:17,UNVR,RG,4980,1,D,NI,DH,D
15:05:17,UNVR,RG,4980,1,D,NI,YP,D
15:05:17,UNVR,RG,4980,14,D,NI,DH,D
15:05:17,UNVR,RG,4980,1,D,NI,CC,D
15:05:17,UNVR,RG,4980,3,D,NI,EP,D
15:05:17,UNVR,RG,4980,2,D,NI,SQ,D
15:05:17,UNVR,RG,4980,300,D,NI,MG,D
15:05:17,UNVR,RG,4980,6,D,NI,SQ,D
15:05:17,UNVR,RG,4980,1,D,NI,GR,D
15:05:17,UNVR,RG,4980,2,D,NI,YP,D
15:05:17,UNVR,RG,4980,5,D,NI,PD,D
15:05:17,UNVR,RG,4980,2,D,NI,SQ,D
15:05:17,UNVR,RG,4980,25,D,NI,YP,D
15:05:17,UNVR,RG,4980,1,D,NI,GR,D
15:05:17,UNVR,RG,4980,5,D,NI,PD,D
15:05:17,UNVR,RG,4980,10,D,NI,EP,D
15:05:17,UNVR,RG,4980,100,D,NI,SQ,D
15:05:17,UNVR,RG,4980,2,D,NI,XC,D
15:05:17,UNVR,RG,4980,8,D,NI,HP,D
15:05:17,UNVR,RG,4980,50,D,NI,YP,D
15:05:17,UNVR,RG,4980,6,D,NI,YP,D
15:05:17,UNVR,RG,4980,10,D,NI,YP,D
15:05:17,UNVR,RG,4980,50,D,NI,KK,D
15:05:17,UNVR,RG,4980,229,D,NI,YP,D
15:04:59,UNVR,RG,4980,2,D,YP,YP,D
15:04:51,UNVR,RG,4980,69,F,ZP,YP,D
15:04:51,UNVR,RG,4980,1,F,ZP,XA,D
15:04:51,UNVR,RG,4980,10,F,ZP,OD,D
15:04:51,UNVR,RG,4980,18,F,ZP,BQ,D
15:04:51,UNVR,RG,4980,25,F,ZP,YP,D
15:04:51,UNVR,RG,4980,25,F,ZP,YP,D
15:04:51,UNVR,RG,4980,150,F,ZP,MG,D
15:04:51,UNVR,RG,4980,150,F,ZP,MG,D
15:04:51,UNVR,RG,4980,100,F,ZP,SQ,D
15:04:51,UNVR,RG,4980,100,F,ZP,MG,D
15:04:51,UNVR,RG,4980,10,F,ZP,ZP,D
15:04:51,UNVR,RG,4980,1,F,ZP,PD,D
15:04:51,UNVR,RG,4980,300,F,ZP,MK,D
15:04:51,UNVR,RG,4980,100,F,ZP,DR,D
15:04:51,UNVR,RG,4980,10,F,ZP,CC,D
15:04:51,UNVR,RG,4980,25,F,ZP,YP,D
15:04:51,UNVR,RG,4980,66,F,ZP,YB,D
15:04:47,UNVR,RG,4980,10,D,HP,YB,D
15:03:21,UNVR,RG,4980,30,D,AZ,YB,D
15:02:47,UNVR,RG,4980,2,D,YP,YB,D
15:02:39,UNVR,RG,4980,10,D,PD,YB,D
15:02:34,UNVR,RG,4980,5,D,XL,YB,D
15:02:21,UNVR,RG,4980,110,D,DR,YB,D
15:02:21,UNVR,RG,4980,2,D,YP,YB,D
15:02:04,UNVR,RG,4980,2,D,YP,YB,D
15:01:56,UNVR,RG,4980,263,F,YU,YB,D
15:01:56,UNVR,RG,4980,110,F,YU,CC,D
15:01:56,UNVR,RG,4980,35,F,YU,PD,D
15:01:30,UNVR,RG,4980,10,D,AZ,PD,D
15:01:28,UNVR,RG,4980,10,D,YP,PD,D
15:01:27,UNVR,RG,4980,135,D,MG,PD,D
15:01:17,UNVR,RG,4980,6,D,SQ,PD,D
15:01:04,UNVR,RG,4980,125,D,MG,PD,D
15:01:02,UNVR,RG,4980,200,D,YP,PD,D
15:00:00,UNVR,RG,4980,179,D,NI,PD,D
15:00:00,UNVR,RG,4980,1,D,NI,KK,D
15:00:00,UNVR,RG,4980,20,D,NI,AG,D
15:00:00,UNVR,RG,4980,10,D,DR,AG,D
15:00:00,UNVR,RG,4980,3,D,TP,AG,D
15:00:00,UNVR,RG,4980,4,D,SQ,AG,D
15:00:00,UNVR,RG,4980,1,D,GR,AG,D
15:00:00,UNVR,RG,4980,162,F,BK,AG,D
15:00:00,UNVR,RG,4980,30,F,BK,PD,D
15:00:00,UNVR,RG,4980,1,F,BK,NI,D
15:00:00,UNVR,RG,4980,2,F,BK,PD,D
15:00:00,UNVR,RG,4980,9,F,BK,EP,D
15:00:00,UNVR,RG,4980,1,F,BK,CP,D
15:00:00,UNVR,RG,4980,35,F,BK,YU,D
15:00:00,UNVR,RG,4980,2,F,BK,SQ,D
15:00:00,UNVR,RG,4980,100,F,BK,YP,D
15:00:00,UNVR,RG,4980,282,F,BK,KK,D
15:00:00,UNVR,RG,4980,160,F,BK,YP,D
15:00:00,UNVR,RG,4980,2,F,BK,YP,D
15:00:00,UNVR,RG,4980,8,F,BK,KK,D
15:00:00,UNVR,RG,4980,5,F,BK,YU,D
15:00:00,UNVR,RG,4980,100,F,BK,MG,D
15:00:00,UNVR,RG,4980,30,F,BK,YP,D
15:00:00,UNVR,RG,4980,4,F,BK,YP,D
15:00:00,UNVR,RG,4980,3,F,BK,CC,D
15:00:00,UNVR,RG,4980,10,F,BK,SQ,D
15:00:00,UNVR,RG,4980,20,F,BK,KK,D
15:00:00,UNVR,RG,4980,78,F,BK,YP,D
15:00:00,UNVR,RG,4980,154,F,BK,YP,D
15:00:00,UNVR,RG,4980,95,F,BK,YP,D
15:00:00,UNVR,RG,4980,151,F,CS,YP,D
15:00:00,UNVR,RG,4980,50,F,CS,YP,D
15:00:00,UNVR,RG,4980,1,F,CS,YP,D
15:00:00,UNVR,RG,4980,30,F,CS,TP,D
15:00:00,UNVR,RG,4980,50,F,CS,TP,D
15:00:00,UNVR,RG,4980,50,F,CS,TP,D
15:00:00,UNVR,RG,4980,50,F,CS,TP,D
15:00:00,UNVR,RG,4980,5,F,CS,OD,D
15:00:00,UNVR,RG,4980,19,F,CS,YP,D
15:00:00,UNVR,RG,4980,10,F,CS,SQ,D
15:00:00,UNVR,RG,4980,3,F,CS,YP,D
15:00:00,UNVR,RG,4980,20,F,CS,YP,D
15:00:00,UNVR,RG,4980,1,F,CS,LS,D
15:00:00,UNVR,RG,4980,7,F,CS,BQ,D
15:00:00,UNVR,RG,4980,1,F,CS,LS,D
15:00:00,UNVR,RG,4980,4,F,CS,XC,D
15:00:00,UNVR,RG,4980,100,F,CS,BQ,D
15:00:00,UNVR,RG,4980,4,F,CS,PD,D
15:00:00,UNVR,RG,4980,100,F,CS,BQ,D
15:00:00,UNVR,RG,4980,40,F,CS,YU,D
15:00:00,UNVR,RG,4980,13,F,CS,PD,D
15:00:00,UNVR,RG,4980,4,F,CS,DR,D
15:00:00,UNVR,RG,4980,5,F,CS,CC,D
15:00:00,UNVR,RG,4980,170,F,CS,EP,D
15:00:00,UNVR,RG,4980,10,F,CS,DR,D
15:00:00,UNVR,RG,4980,1,F,CS,YP,D
15:00:00,UNVR,RG,4980,3,F,CS,XL,D
15:00:00,UNVR,RG,4980,30,F,CS,CC,D
15:00:00,UNVR,RG,4980,10,F,CS,CD,D
15:00:00,UNVR,RG,4980,50,F,CS,DH,D
15:00:00,UNVR,RG,4980,4,F,CS,YP,D
15:00:00,UNVR,RG,4980,45,F,CS,YU,D
15:00:00,UNVR,RG,4980,125,F,CS,AG,D
15:00:00,UNVR,RG,4980,45,F,CS,DX,D
15:00:00,UNVR,RG,4980,3,F,CS,EP,D
15:00:00,UNVR,RG,4980,1,F,CS,KK,D
15:00:00,UNVR,RG,4980,10,F,CS,EP,D
15:00:00,UNVR,RG,4980,2,F,CS,NI,D
15:00:00,UNVR,RG,4980,51,F,CS,PD,D
15:00:00,UNVR,RG,4980,857,F,CS,CP,D
15:00:00,UNVR,RG,4980,600,D,KZ,CP,D
15:00:00,UNVR,RG,4980,543,F,BB,CP,D
15:00:00,UNVR,RG,4980,10,F,BB,CD,D
15:00:00,UNVR,RG,4980,90,F,BB,YP,D
15:00:00,UNVR,RG,4980,18,F,BB,DH,D
15:00:00,UNVR,RG,4980,100,F,BB,SQ,D
15:00:00,UNVR,RG,4980,349,F,BB,AK,F
15:00:00,UNVR,RG,4980,556,F,BB,AK,F
15:00:00,UNVR,RG,4980,834,F,BB,KZ,F
15:00:00,UNVR,RG,4980,700,D,BB,KZ,F
15:00:00,UNVR,RG,4980,1232,F,YU,KZ,F
15:00:00,UNVR,RG,4980,3027,D,OD,KZ,F
15:00:00,UNVR,RG,4980,78,D,OD,YU,F
15:00:00,UNVR,RG,4980,953,D,OD,YU,F
15:00:00,UNVR,RG,4980,252,D,CC,YU,F
15:00:00,UNVR,RG,4980,629,D,CC,YU,F
15:00:00,UNVR,RG,4980,153,F,YU,YU,F
15:00:00,UNVR,RG,4980,58,F,YU,YU,F
15:00:00,UNVR,RG,4980,79,F,YU,YU,F
15:00:00,UNVR,RG,4980,93,F,YU,YU,F
15:00:00,UNVR,RG,4980,186,F,YU,YU,F
15:00:00,UNVR,RG,4980,60,F,YU,YU,F
15:00:00,UNVR,RG,4980,50,F,YU,YU,F
15:00:00,UNVR,RG,4980,38,F,YU,YU,F
15:00:00,UNVR,RG,4980,37,F,YU,YU,F
15:00:00,UNVR,RG,4980,30,F,YU,YU,F
15:00:00,UNVR,RG,4980,17,F,YU,YU,F
15:00:00,UNVR,RG,4980,37,F,YU,YU,F
15:00:00,UNVR,RG,4980,37,F,YU,YU,F
15:00:00,UNVR,RG,4980,37,F,YU,YU,F
15:00:00,UNVR,RG,4980,65,F,ZP,YU,F
15:00:00,UNVR,RG,4980,389,F,ZP,LG,D
15:00:00,UNVR,RG,4980,1,F,AK,LG,D
15:00:00,UNVR,RG,4980,46,F,AK,LG,D
15:00:00,UNVR,RG,4980,7,F,AK,LG,D
15:00:00,UNVR,RG,4980,1,F,AK,LG,D
15:00:00,UNVR,RG,4980,16,F,AK,LG,D
15:00:00,UNVR,RG,4980,107,F,AK,LG,D
15:00:00,UNVR,RG,4980,126,D,RX,LG,D
15:00:00,UNVR,RG,4980,1,F,AK,LG,D
15:00:00,UNVR,RG,4980,1,D,CC,LG,D
15:00:00,UNVR,RG,4980,1,D,CC,LG,D
15:00:00,UNVR,RG,4980,2,D,CC,LG,D
15:00:00,UNVR,RG,4980,2,D,CC,LG,D
15:00:00,UNVR,RG,4980,42,D,DP,LG,D
15:00:00,UNVR,RG,4980,296,D,LG,LG,D
15:00:00,UNVR,RG,4980,208,D,LG,BB,D
14:49:59,UNVR,RG,4950,1,D,YB,KZ,F
14:49:58,UNVR,RG,4950,5,D,YB,PD,D
14:49:57,UNVR,RG,4960,1,F,AK,LG,D
14:49:57,UNVR,RG,4950,7,D,YB,KZ,F
14:49:52,UNVR,RG,4950,1,D,YB,XC,D
14:49:50,UNVR,RG,4960,1,F,AK,LG,D
14:49:50,UNVR,RG,4960,1,F,AK,LG,D
14:49:49,UNVR,RG,4960,1,D,YB,LG,D
14:49:49,UNVR,RG,4950,15,D,YB,KZ,F
14:49:47,UNVR,RG,4950,2,D,YB,XL,D
14:49:47,UNVR,RG,4960,636,F,AK,LG,D
14:49:46,UNVR,RG,4960,20,D,CD,LG,D
14:49:45,UNVR,RG,4960,1,F,AK,LG,D
14:49:44,UNVR,RG,4960,1,D,XC,LG,D
14:49:43,UNVR,RG,4950,1,D,YB,KZ,F
14:49:41,UNVR,RG,4960,26,F,YU,LG,D
14:49:36,UNVR,RG,4960,1,D,BB,LG,D
14:49:36,UNVR,RG,4950,8,D,YB,KZ,F
14:49:34,UNVR,RG,4950,230,D,YB,AI,D
14:49:34,UNVR,RG,4960,15,F,YU,LG,D
14:49:30,UNVR,RG,4960,5,F,YU,LG,D
14:49:27,UNVR,RG,4950,23,D,YB,KZ,F
14:49:25,UNVR,RG,4950,1,D,YB,KZ,F
14:49:23,UNVR,RG,4960,29,D,DR,LG,D
14:49:16,UNVR,RG,4950,1,D,YB,KZ,F
14:49:16,UNVR,RG,4950,156,D,YB,LG,D
14:49:16,UNVR,RG,4950,2,D,AZ,LG,D
14:49:16,UNVR,RG,4950,100,D,YP,LG,D
14:49:16,UNVR,RG,4950,1,D,AZ,LG,D
14:49:16,UNVR,RG,4950,3,D,AG,LG,D
14:49:16,UNVR,RG,4950,10,D,YP,LG,D
14:49:16,UNVR,RG,4950,5,D,YP,LG,D
14:49:16,UNVR,RG,4950,50,D,DR,LG,D
14:49:16,UNVR,RG,4950,1,D,LG,LG,D
14:49:16,UNVR,RG,4950,10,D,LG,LG,D
14:49:16,UNVR,RG,4950,14,D,LG,LG,D
14:49:16,UNVR,RG,4950,1,D,PD,LG,D
14:49:16,UNVR,RG,4950,2,D,YP,LG,D
14:49:16,UNVR,RG,4950,1,D,YP,LG,D
14:49:16,UNVR,RG,4950,1,D,LG,LG,D
14:49:16,UNVR,RG,4950,3,D,KK,LG,D
14:49:16,UNVR,RG,4950,1,D,LG,LG,D
14:49:16,UNVR,RG,4950,5,D,PD,LG,D
14:49:16,UNVR,RG,4950,1,D,PD,LG,D
14:49:16,UNVR,RG,4950,3,D,YP,LG,D
14:49:16,UNVR,RG,4950,10,D,SQ,LG,D
14:49:16,UNVR,RG,4950,10,D,SQ,LG,D
14:49:16,UNVR,RG,4950,10,D,LG,LG,D
14:49:14,UNVR,RG,4950,10,D,LG,KZ,F
14:49:14,UNVR,RG,4950,1,D,XL,KZ,F
14:49:14,UNVR,RG,4950,13,D,GR,KZ,F
14:49:12,UNVR,RG,4950,1,D,GR,KZ,F
14:49:12,UNVR,RG,4950,6,D,GR,LG,D
14:49:12,UNVR,RG,4950,1,D,CC,LG,D
14:49:12,UNVR,RG,4950,2,D,PD,LG,D
14:49:12,UNVR,RG,4950,1,D,PD,LG,D
14:49:12,UNVR,RG,4950,1,D,YP,LG,D
14:49:12,UNVR,RG,4950,5,D,CC,LG,D
14:49:12,UNVR,RG,4950,10,D,LG,LG,D
14:49:12,UNVR,RG,4950,1,D,YP,LG,D
14:49:12,UNVR,RG,4950,1,D,XC,LG,D
14:49:12,UNVR,RG,4950,1,D,XC,LG,D
14:49:12,UNVR,RG,4950,40,D,YB,LG,D
14:49:12,UNVR,RG,4950,1,D,XL,LG,D
14:49:12,UNVR,RG,4950,2,D,PD,LG,D
14:49:12,UNVR,RG,4950,5,D,YP,LG,D
14:49:12,UNVR,RG,4950,2,D,LG,LG,D
14:49:12,UNVR,RG,4950,1,D,YP,LG,D
14:49:12,UNVR,RG,4950,50,D,YP,LG,D
14:49:12,UNVR,RG,4950,4,D,XL,LG,D
14:49:12,UNVR,RG,4950,8,D,XL,LG,D
14:49:12,UNVR,RG,4950,1,D,XC,LG,D
14:49:12,UNVR,RG,4950,2,D,AI,LG,D
14:49:12,UNVR,RG,4950,51,D,XC,LG,D
14:49:12,UNVR,RG,4950,4,D,EP,LG,D
14:49:10,UNVR,RG,4950,6,D,EP,KZ,F
14:49:09,UNVR,RG,4960,52,F,ZP,LG,D
14:49:07,UNVR,RG,4950,6,D,EP,KZ,F
14:49:06,UNVR,RG,4960,50,D,XC,LG,D
14:49:05,UNVR,RG,4950,7,D,EP,KZ,F
14:49:05,UNVR,RG,4960,54,F,ZP,LG,D
14:49:05,UNVR,RG,4950,2,D,EP,CC,D
14:49:00,UNVR,RG,4950,25,D,EP,KZ,F
14:49:00,UNVR,RG,4950,1,D,LG,KZ,F
14:49:00,UNVR,RG,4950,5,D,YP,KZ,F
14:49:00,UNVR,RG,4950,1,D,LG,KZ,F
14:49:00,UNVR,RG,4950,10,D,AZ,KZ,F
14:49:00,UNVR,RG,4950,4,D,XC,KZ,F
14:49:00,UNVR,RG,4950,1,D,PD,KZ,F
14:49:00,UNVR,RG,4950,5,D,LS,YP,D
14:49:00,UNVR,RG,4960,1,F,AK,LG,D
14:48:52,UNVR,RG,4950,5,D,LS,KZ,F
14:48:52,UNVR,RG,4950,1,D,NI,KZ,F
14:48:52,UNVR,RG,4950,1,D,PD,KZ,F
14:48:52,UNVR,RG,4950,10,D,BQ,KZ,F
14:48:50,UNVR,RG,4960,6,D,XL,LG,D
14:48:50,UNVR,RG,4960,2,D,YP,LG,D
14:48:50,UNVR,RG,4960,2,F,AK,LG,D
14:48:50,UNVR,RG,4960,51,F,ZP,LG,D
14:48:50,UNVR,RG,4960,11,F,YU,LG,D
14:48:50,UNVR,RG,4960,50,D,CC,LG,D
14:48:50,UNVR,RG,4960,5,D,YP,LG,D
14:48:50,UNVR,RG,4960,1,D,CC,LG,D
14:48:50,UNVR,RG,4960,53,D,LG,LG,D
14:48:50,UNVR,RG,4960,78,F,BK,LG,D
14:48:50,UNVR,RG,4960,25,D,YP,LG,D
14:48:50,UNVR,RG,4960,2,F,YU,LG,D
14:48:50,UNVR,RG,4960,11,D,KK,LG,D
14:48:50,UNVR,RG,4960,3,F,AK,LG,D
14:48:50,UNVR,RG,4960,372,D,BB,LG,D
14:48:50,UNVR,RG,4970,6,F,ZP,LG,D
14:48:50,UNVR,RG,4970,6,D,BB,LG,D
14:48:50,UNVR,RG,4970,7,D,AI,LG,D
14:48:46,UNVR,RG,4970,3,D,AI,XL,D
14:48:36,UNVR,RG,4970,30,D,AI,PD,D
14:48:36,UNVR,RG,4970,30,D,AI,KZ,F
14:48:36,UNVR,RG,4970,113,D,AI,BK,F
14:48:36,UNVR,RG,4970,20,D,AI,SQ,D
14:48:36,UNVR,RG,4970,4,D,AI,TP,D
14:48:36,UNVR,RG,4970,23,D,AI,YP,D
14:48:35,UNVR,RG,4960,3,D,BB,YP,D
14:48:34,UNVR,RG,4970,2,D,EP,YP,D
14:48:32,UNVR,RG,4960,7,D,BB,KZ,F
14:48:32,UNVR,RG,4960,82,D,BB,YP,D
14:48:29,UNVR,RG,4960,60,D,BB,KZ,F
14:48:29,UNVR,RG,4960,38,F,ZP,KZ,F
14:48:27,UNVR,RG,4960,52,F,ZP,KZ,F
14:48:27,UNVR,RG,4960,99,F,BK,KZ,F
14:48:27,UNVR,RG,4960,21,F,BK,KZ,F
14:48:27,UNVR,RG,4960,18,D,YP,KZ,F
14:48:27,UNVR,RG,4960,10,D,YP,KZ,F
14:48:27,UNVR,RG,4960,2,D,DH,KZ,F
14:48:27,UNVR,RG,4960,96,D,AZ,KZ,F
14:48:26,UNVR,RG,4960,2,D,AZ,YP,D
14:48:25,UNVR,RG,4960,10,D,AZ,KZ,F
14:48:25,UNVR,RG,4970,1,D,LG,YP,D
14:48:24,UNVR,RG,4960,18,D,AZ,KZ,F
14:48:24,UNVR,RG,4960,19,D,AZ,KZ,F
14:48:24,UNVR,RG,4960,1,D,AZ,KZ,F
14:48:24,UNVR,RG,4960,49,D,AZ,KZ,F
14:48:24,UNVR,RG,4960,30,D,AZ,KZ,F
14:48:22,UNVR,RG,4970,13,F,ZP,YP,D
14:48:15,UNVR,RG,4960,2,D,AZ,KZ,F
14:48:13,UNVR,RG,4970,15,F,ZP,YP,D
14:48:12,UNVR,RG,4960,1,D,AZ,KZ,F
14:48:12,UNVR,RG,4960,14,D,AZ,BK,F
14:48:06,UNVR,RG,4960,3,D,AZ,KZ,F
14:48:06,UNVR,RG,4960,5,D,AZ,BK,F
14:48:06,UNVR,RG,4960,11,D,KK,BK,F
14:48:04,UNVR,RG,4970,16,F,BK,YP,D
14:48:04,UNVR,RG,4970,19,F,ZP,YP,D
14:48:03,UNVR,RG,4960,2,D,KK,BK,F
14:48:03,UNVR,RG,4960,2,D,YP,BK,F
14:48:03,UNVR,RG,4960,1,D,PD,BK,F
14:48:03,UNVR,RG,4960,2,D,CC,BK,F
14:48:03,UNVR,RG,4960,1,D,PD,BK,F
14:48:03,UNVR,RG,4960,4,D,XC,BK,F
14:48:03,UNVR,RG,4960,1,D,GR,BK,F
14:48:03,UNVR,RG,4960,1,D,XL,BK,F
14:48:03,UNVR,RG,4960,5,D,CC,BK,F
14:48:03,UNVR,RG,4960,5,D,PD,BK,F
14:48:03,UNVR,RG,4960,1,D,YP,BK,F
14:48:03,UNVR,RG,4960,1,D,AZ,BK,F
14:48:03,UNVR,RG,4960,1,D,YP,BK,F
14:48:03,UNVR,RG,4960,5,D,KK,BK,F
14:48:03,UNVR,RG,4960,1,D,SQ,BK,F
14:48:02,UNVR,RG,4960,1,D,YP,KZ,F
14:48:02,UNVR,RG,4960,1,D,SQ,KZ,F
14:48:02,UNVR,RG,4960,1,D,PD,KZ,F
14:48:00,UNVR,RG,4960,4,D,PD,KZ,F
14:48:00,UNVR,RG,4960,1,D,YP,KZ,F
14:48:00,UNVR,RG,4960,10,D,LG,KZ,F
14:48:00,UNVR,RG,4960,11,D,PD,KZ,F
14:48:00,UNVR,RG,4960,1,D,XL,KZ,F
14:48:00,UNVR,RG,4960,10,D,GR,KZ,F
14:48:00,UNVR,RG,4960,1,D,YP,KZ,F
14:48:00,UNVR,RG,4960,30,D,CC,KZ,F
14:48:00,UNVR,RG,4960,2,D,CC,KZ,F
14:48:00,UNVR,RG,4960,1,D,YB,KZ,F
14:48:00,UNVR,RG,4960,10,D,YP,KZ,F
14:48:00,UNVR,RG,4960,4,D,KK,KZ,F
14:48:00,UNVR,RG,4960,2,D,PD,KZ,F
14:48:00,UNVR,RG,4960,5,D,XC,KZ,F
14:48:00,UNVR,RG,4960,2,D,PD,KZ,F
14:48:00,UNVR,RG,4960,2,D,CC,KZ,F
14:48:00,UNVR,RG,4960,20,D,GR,KZ,F
14:48:00,UNVR,RG,4960,30,D,YP,KZ,F
14:48:00,UNVR,RG,4960,1,D,LG,KZ,F
14:48:00,UNVR,RG,4960,39,D,GR,KZ,F
14:48:00,UNVR,RG,4960,16,D,GR,YP,D
14:48:00,UNVR,RG,4960,7,D,SQ,YP,D
14:47:56,UNVR,RG,4960,3,D,SQ,BK,F
14:47:56,UNVR,RG,4960,14,D,LG,BK,F
14:47:54,UNVR,RG,4960,6,D,LG,BK,F
14:47:54,UNVR,RG,4960,5,D,LG,BK,F
14:47:54,UNVR,RG,4960,10,D,CC,BK,F
14:47:53,UNVR,RG,4970,24,F,ZP,YP,D
14:47:50,UNVR,RG,4960,10,D,CC,BK,F
14:47:50,UNVR,RG,4960,2,D,YP,BK,F
14:47:50,UNVR,RG,4960,50,D,EP,BK,F
14:47:50,UNVR,RG,4960,1,D,AZ,BK,F
14:47:50,UNVR,RG,4960,10,D,PD,BK,F
14:47:50,UNVR,RG,4960,1,D,CC,BK,F
14:47:50,UNVR,RG,4960,1,D,PD,BK,F
14:47:50,UNVR,RG,4960,5,D,YP,BK,F
14:47:50,UNVR,RG,4960,1,D,LG,BK,F
14:47:50,UNVR,RG,4960,1,D,YP,BK,F
14:47:50,UNVR,RG,4960,1,D,XL,BK,F
14:47:49,UNVR,RG,4970,16,F,BK,YP,D
14:47:47,UNVR,RG,4960,1,D,XL,BK,F
14:47:47,UNVR,RG,4960,1,D,PD,BK,F
14:47:47,UNVR,RG,4960,51,D,XC,BK,F
14:47:47,UNVR,RG,4960,1,D,YP,BK,F
14:47:47,UNVR,RG,4960,1,D,XC,BK,F
14:47:47,UNVR,RG,4960,1,D,LG,BK,F
14:47:47,UNVR,RG,4960,1,D,XC,BK,F
14:47:47,UNVR,RG,4960,7,D,YP,BK,F
14:47:47,UNVR,RG,4960,5,D,YP,BK,F
14:47:47,UNVR,RG,4960,225,D,BQ,BK,F
14:47:47,UNVR,RG,4960,105,F,BK,BK,F
14:47:45,UNVR,RG,4970,18,F,ZP,BK,F
14:47:45,UNVR,RG,4970,1,F,AK,BK,F
14:47:45,UNVR,RG,4970,5,D,YP,BK,F
14:47:45,UNVR,RG,4970,70,D,KK,BK,F
14:47:45,UNVR,RG,4970,10,D,YP,BK,F
14:47:45,UNVR,RG,4970,5,F,AK,BK,F
14:47:45,UNVR,RG,4970,6,F,ZP,BK,F
14:47:45,UNVR,RG,4970,10,D,NI,BK,F
14:47:45,UNVR,RG,4970,40,F,BK,BK,F
14:47:45,UNVR,RG,4970,1000,D,YJ,BK,F
14:47:45,UNVR,RG,4970,4,F,ZP,BK,F
14:47:45,UNVR,RG,4970,2,D,AI,BK,F
14:47:45,UNVR,RG,4970,6,F,ZP,BK,F
14:47:45,UNVR,RG,4970,2,D,NI,BK,F
14:47:45,UNVR,RG,4970,7,F,ZP,BK,F
14:47:45,UNVR,RG,4970,64,F,ZP,BK,F
14:47:45,UNVR,RG,4970,149,F,YU,BK,F
14:47:45,UNVR,RG,4970,750,D,BB,BK,F
14:47:45,UNVR,RG,4970,130,D,AZ,BK,F
14:47:45,UNVR,RG,4970,18,D,AZ,XC,D
14:47:44,UNVR,RG,4970,102,D,AZ,LG,D
14:47:44,UNVR,RG,4970,148,D,BB,LG,D
14:47:34,UNVR,RG,4970,7,D,BB,YU,D
14:47:31,UNVR,RG,4970,5,D,BB,PD,D
14:47:31,UNVR,RG,4970,25,D,DR,PD,D
14:47:27,UNVR,RG,4970,76,D,DR,AK,F
14:47:27,UNVR,RG,4970,3,D,CC,AK,F
14:47:27,UNVR,RG,4970,2,D,CC,AK,F
14:47:27,UNVR,RG,4970,10,D,PD,AK,F
14:47:27,UNVR,RG,4970,10,D,PD,AK,F
14:47:27,UNVR,RG,4970,4,D,SQ,AK,F
14:47:26,UNVR,RG,4980,30,D,HP,EP,D
14:47:25,UNVR,RG,4980,2,D,YP,EP,D
14:47:13,UNVR,RG,4980,3,D,PD,EP,D
14:47:06,UNVR,RG,4980,20,F,ZP,EP,D
14:47:00,UNVR,RG,4980,56,F,YU,EP,D
14:46:57,UNVR,RG,4970,6,D,SQ,CC,D
14:46:57,UNVR,RG,4970,4,D,PD,CC,D
14:46:50,UNVR,RG,4980,1,F,AK,EP,D
14:46:50,UNVR,RG,4980,34,D,YP,EP,D
14:46:50,UNVR,RG,4980,7,D,YP,KZ,F
14:46:49,UNVR,RG,4970,1,D,PD,EP,D
14:46:49,UNVR,RG,4970,5,D,XC,EP,D
14:46:49,UNVR,RG,4970,1,D,PD,EP,D
14:46:49,UNVR,RG,4970,2,D,DR,EP,D
14:46:49,UNVR,RG,4970,2,D,HP,EP,D
14:46:34,UNVR,RG,4970,20,D,EP,LG,D
14:46:34,UNVR,RG,4970,2,D,LG,LG,D
14:46:34,UNVR,RG,4970,1,D,YP,LG,D
14:46:34,UNVR,RG,4970,1,D,GR,LG,D
14:46:34,UNVR,RG,4970,1,D,XC,LG,D
14:46:34,UNVR,RG,4970,3,D,YP,LG,D
14:46:34,UNVR,RG,4970,5,D,NI,LG,D
14:46:34,UNVR,RG,4970,10,D,YP,LG,D
14:46:34,UNVR,RG,4970,3,D,XC,LG,D
14:46:34,UNVR,RG,4970,5,D,CC,LG,D
14:46:34,UNVR,RG,4970,100,D,YP,LG,D
14:46:34,UNVR,RG,4970,1,D,PD,LG,D
14:46:34,UNVR,RG,4970,1,D,YP,LG,D
14:46:34,UNVR,RG,4970,100,D,AZ,LG,D
14:46:34,UNVR,RG,4970,47,F,BK,LG,D
14:46:30,UNVR,RG,4980,1,D,YP,KZ,F
14:46:24,UNVR,RG,4980,10,D,NI,KZ,F
14:46:23,UNVR,RG,4980,1,D,EP,KZ,F
14:46:14,UNVR,RG,4980,7,D,YP,KZ,F
14:46:14,UNVR,RG,4980,20,D,YP,YP,D
14:46:14,UNVR,RG,4980,2,D,YP,AI,D
14:46:14,UNVR,RG,4980,13,D,YP,KZ,F
14:46:14,UNVR,RG,4980,2,D,YP,KZ,F
14:46:14,UNVR,RG,4980,37,D,YP,KZ,F
14:46:14,UNVR,RG,4980,44,D,YP,KZ,F
14:46:14,UNVR,RG,4980,1,D,YP,KZ,F
14:46:14,UNVR,RG,4980,8,D,YP,KZ,F
14:46:14,UNVR,RG,4980,54,D,YP,KZ,F
14:46:04,UNVR,RG,4970,109,F,BK,BK,F
14:46:04,UNVR,RG,4970,10,D,PD,BK,F
14:46:04,UNVR,RG,4970,1,D,YP,BK,F
14:46:04,UNVR,RG,4970,2,D,PD,BK,F
14:46:01,UNVR,RG,4970,5,D,HP,BK,F
14:46:01,UNVR,RG,4970,1,D,EP,BK,F
14:46:01,UNVR,RG,4970,100,D,DR,BK,F
14:46:01,UNVR,RG,4970,17,F,BK,BK,F
14:46:01,UNVR,RG,4970,1,D,KK,BK,F
14:46:01,UNVR,RG,4970,2,D,DR,BK,F
14:46:01,UNVR,RG,4970,1,D,YB,BK,F
14:46:01,UNVR,RG,4970,1,D,KK,BK,F
14:46:01,UNVR,RG,4970,5,D,LG,BK,F
14:46:01,UNVR,RG,4970,1,D,YP,BK,F
14:46:01,UNVR,RG,4970,1,D,NI,BK,F
14:46:01,UNVR,RG,4970,20,D,PD,BK,F
14:46:01,UNVR,RG,4970,10,D,PD,BK,F
14:46:01,UNVR,RG,4970,1,D,AZ,BK,F
14:46:01,UNVR,RG,4970,3,D,AZ,BK,F
14:46:01,UNVR,RG,4970,50,D,CC,BK,F
14:46:01,UNVR,RG,4970,2,D,CC,BK,F
14:46:01,UNVR,RG,4970,1,D,BQ,BK,F
14:46:01,UNVR,RG,4970,17,D,LG,BK,F
14:46:01,UNVR,RG,4970,2,D,LG,BK,F
14:46:01,UNVR,RG,4970,50,D,EP,BK,F
14:46:01,UNVR,RG,4970,344,D,YB,BK,F
14:45:59,UNVR,RG,4980,55,D,BB,BK,F
14:45:58,UNVR,RG,4980,3,D,BB,KZ,F
14:45:58,UNVR,RG,4980,2,D,BB,KZ,F
14:45:58,UNVR,RG,4980,147,D,BB,KZ,F
14:45:58,UNVR,RG,4980,3,D,BB,KZ,F
14:45:58,UNVR,RG,4980,32,D,BB,KZ,F
14:45:58,UNVR,RG,4980,1,D,BB,KZ,F
14:45:57,UNVR,RG,4990,5,F,YU,AI,D
14:45:56,UNVR,RG,4980,2,F,ZP,BK,F
14:45:56,UNVR,RG,4980,1,D,XC,BK,F
14:45:56,UNVR,RG,4980,1,F,AK,BK,F
14:45:56,UNVR,RG,4980,100,D,AZ,BK,F
14:45:56,UNVR,RG,4980,200,D,EP,BK,F
14:45:56,UNVR,RG,4980,11,F,ZP,BK,F
14:45:56,UNVR,RG,4980,50,F,ZP,BK,F
14:45:55,UNVR,RG,4990,10,D,YP,AI,D
14:45:55,UNVR,RG,4980,129,F,ZP,LG,D
14:45:55,UNVR,RG,4980,170,F,BK,LG,D
14:45:55,UNVR,RG,4980,9,F,AK,LG,D
14:45:55,UNVR,RG,4980,30,D,CC,LG,D
14:45:55,UNVR,RG,4980,2,D,LG,LG,D
14:45:55,UNVR,RG,4980,10,D,LG,LG,D
14:45:55,UNVR,RG,4980,10,D,YP,LG,D
14:45:55,UNVR,RG,4980,2,D,PD,LG,D
14:45:55,UNVR,RG,4980,878,D,BB,LG,D
14:45:55,UNVR,RG,4980,1,D,YU,LG,D
14:45:55,UNVR,RG,4980,5,D,YP,LG,D
14:45:55,UNVR,RG,4980,268,D,BB,LG,D
14:45:55,UNVR,RG,4980,160,F,YU,LG,D
14:45:55,UNVR,RG,4980,8,F,ZP,LG,D
14:45:55,UNVR,RG,4980,1,F,AK,LG,D
14:45:55,UNVR,RG,4980,94,F,YU,LG,D
14:45:55,UNVR,RG,4980,2,D,LG,LG,D
14:45:55,UNVR,RG,4980,10,D,AZ,LG,D
14:45:55,UNVR,RG,4980,1,D,GR,LG,D
14:45:55,UNVR,RG,4980,22,D,PD,LG,D
14:45:55,UNVR,RG,4980,10,D,SQ,LG,D
14:45:55,UNVR,RG,4980,4,D,YP,LG,D
14:45:55,UNVR,RG,4980,1,D,XC,LG,D
14:45:55,UNVR,RG,4980,7,F,ZP,LG,D
14:45:55,UNVR,RG,4980,74,F,YU,LG,D
14:45:55,UNVR,RG,4980,76,F,BK,LG,D
14:45:55,UNVR,RG,4980,15,F,AK,LG,D
14:45:55,UNVR,RG,4980,2,D,CC,LG,D
14:45:55,UNVR,RG,4980,20,D,LG,LG,D
14:45:55,UNVR,RG,4980,2,F,AK,LG,D
14:45:55,UNVR,RG,4980,236,D,NI,LG,D
14:45:55,UNVR,RG,4980,236,D,NI,LG,D
14:45:55,UNVR,RG,4980,41,F,YU,LG,D
14:45:55,UNVR,RG,4980,1,D,YP,LG,D
14:45:55,UNVR,RG,4980,10,D,PD,LG,D
14:45:55,UNVR,RG,4980,10,D,PD,LG,D
14:45:55,UNVR,RG,4980,10,D,YU,LG,D
14:45:55,UNVR,RG,4980,136,F,BK,LG,D
14:45:55,UNVR,RG,4980,5,D,XC,LG,D
14:45:55,UNVR,RG,4980,39,F,ZP,LG,D
14:45:55,UNVR,RG,4980,1,F,AK,LG,D
14:45:55,UNVR,RG,4980,7,F,CS,LG,D
14:45:55,UNVR,RG,4980,1,D,NI,LG,D
14:45:55,UNVR,RG,4980,1,D,XC,LG,D
14:45:55,UNVR,RG,4980,8,F,CS,LG,D
14:45:55,UNVR,RG,4980,2,D,LG,LG,D
14:45:55,UNVR,RG,4980,1,D,XL,LG,D
14:45:55,UNVR,RG,4980,1,D,PD,LG,D
14:45:55,UNVR,RG,4980,136,F,BK,LG,D
14:45:55,UNVR,RG,4980,95,D,YP,LG,D
14:45:54,UNVR,RG,4980,2,D,YP,YP,D
14:45:53,UNVR,RG,4990,6,F,ZP,AI,D
14:45:49,UNVR,RG,4980,3,D,YP,BK,F
14:45:49,UNVR,RG,4980,2,D,DR,BK,F
14:45:49,UNVR,RG,4980,10,F,CS,BK,F
14:45:49,UNVR,RG,4980,1,D,KK,BK,F
14:45:49,UNVR,RG,4990,126,D,BB,AI,D
14:45:48,UNVR,RG,4980,4,D,KK,CC,D
14:45:48,UNVR,RG,4980,1,D,CC,CC,D
14:45:45,UNVR,RG,4990,10,D,YP,AI,D
14:45:45,UNVR,RG,4990,1,D,LG,AI,D
14:45:34,UNVR,RG,4980,6,D,CC,BK,F
14:45:34,UNVR,RG,4980,23,D,CC,BK,F
14:45:34,UNVR,RG,4990,36,D,BB,AI,D
14:45:26,UNVR,RG,4990,1,D,AZ,AI,D
14:45:20,UNVR,RG,4980,5,D,CC,XA,D
14:45:15,UNVR,RG,4980,32,D,CC,BK,F
14:45:11,UNVR,RG,4980,2,D,CC,BK,F
14:45:11,UNVR,RG,4980,20,D,CC,BK,F
14:45:11,UNVR,RG,4980,14,F,ZP,BK,F
14:45:11,UNVR,RG,4980,64,F,ZP,BK,F
14:45:08,UNVR,RG,4990,164,D,PD,AI,D
14:45:08,UNVR,RG,4990,2,D,PD,CC,D
14:45:08,UNVR,RG,4990,2,D,PD,CC,D
14:45:08,UNVR,RG,4990,353,D,PD,KK,D
14:45:07,UNVR,RG,4980,2,F,ZP,CC,D
14:45:07,UNVR,RG,4990,3,D,BB,KK,D
14:45:07,UNVR,RG,4990,10,D,YP,KK,D
14:45:06,UNVR,RG,4980,1,F,ZP,EP,D
14:45:03,UNVR,RG,4990,9,F,ZP,KK,D
14:44:58,UNVR,RG,4980,17,F,ZP,BK,F
14:44:58,UNVR,RG,4990,66,F,YU,KK,D
14:44:47,UNVR,RG,4990,20,D,AZ,KK,D
14:44:47,UNVR,RG,4990,7,F,ZP,KK,D
14:44:35,UNVR,RG,4980,17,F,ZP,BK,F
14:44:34,UNVR,RG,4980,1,F,ZP,IP,D
14:44:34,UNVR,RG,4990,5,D,BB,KK,D
14:44:32,UNVR,RG,4980,23,F,ZP,BK,F
14:44:30,UNVR,RG,4990,178,F,YU,KK,D
14:44:28,UNVR,RG,4990,8,F,ZP,KK,D
14:44:20,UNVR,RG,4980,25,F,ZP,BK,F
14:44:20,UNVR,RG,4990,1,D,PD,KK,D
14:44:19,UNVR,RG,4980,1,F,ZP,PD,D
14:44:17,UNVR,RG,4980,34,F,ZP,BK,F
14:44:14,UNVR,RG,4980,176,F,ZP,BK,F
14:44:11,UNVR,RG,4990,6,F,ZP,KK,D
14:44:11,UNVR,RG,4990,1465,D,BB,KK,D
14:44:09,UNVR,RG,4980,21,F,ZP,AK,F
14:44:09,UNVR,RG,4980,5,F,CS,AK,F
14:44:09,UNVR,RG,4980,5,D,YP,AK,F
14:44:09,UNVR,RG,4980,3,F,AK,AK,F
14:44:09,UNVR,RG,4980,127,F,BK,AK,F
14:44:09,UNVR,RG,4980,97,F,YU,AK,F
14:44:09,UNVR,RG,4980,14,F,CS,AK,F
14:44:09,UNVR,RG,4980,20,D,YB,AK,F
14:44:09,UNVR,RG,4980,2,D,LG,AK,F
14:44:09,UNVR,RG,4980,22,F,AK,AK,F
14:43:57,UNVR,RG,4990,4,D,XL,KK,D
14:43:56,UNVR,RG,4990,1,D,CC,KK,D
14:43:51,UNVR,RG,4990,19,F,BK,KK,D
14:43:50,UNVR,RG,4980,24,F,AK,BK,F
14:43:50,UNVR,RG,4980,20,D,CC,BK,F
14:43:50,UNVR,RG,4980,7,F,AK,BK,F
14:43:50,UNVR,RG,4980,8,F,ZP,BK,F
14:43:50,UNVR,RG,4980,1,F,AK,BK,F
14:43:50,UNVR,RG,4980,35,D,EP,BK,F
14:43:50,UNVR,RG,4990,1,F,AK,KK,D
14:43:49,UNVR,RG,4990,4,D,CC,KK,D
14:43:49,UNVR,RG,4990,3,D,CC,PD,D
14:43:49,UNVR,RG,4990,3,D,CC,PD,D
14:43:48,UNVR,RG,4990,5,F,BK,PD,D
14:43:48,UNVR,RG,4990,5,F,BK,GR,D
14:43:48,UNVR,RG,4990,16,F,BK,RX,D
14:43:47,UNVR,RG,4990,5,D,PD,RX,D
14:43:46,UNVR,RG,4990,479,D,BB,RX,D
14:43:46,UNVR,RG,4990,50,D,BB,CC,D
14:43:46,UNVR,RG,4990,1,D,BB,XC,D
14:43:46,UNVR,RG,4990,2,D,BB,CC,D
14:43:46,UNVR,RG,4990,1,D,BB,XC,D
14:43:46,UNVR,RG,4990,9,D,BB,PD,D
14:43:46,UNVR,RG,4990,10,D,BB,CC,D
14:43:46,UNVR,RG,4990,5,D,BB,CC,D
14:43:46,UNVR,RG,4990,34,D,BB,CC,F
14:43:46,UNVR,RG,4990,497,D,BB,RX,D
14:43:46,UNVR,RG,4990,3,D,YB,RX,D
14:43:46,UNVR,RG,4990,40,D,YB,PD,D
14:43:46,UNVR,RG,4990,12,D,YB,DX,D
14:43:46,UNVR,RG,4990,1,D,YB,KK,D
14:43:46,UNVR,RG,4990,1,D,YB,PD,D
14:43:46,UNVR,RG,4990,7,D,YB,KZ,F
14:43:46,UNVR,RG,4990,1,D,YB,XL,D
14:43:46,UNVR,RG,4990,15,D,YB,XL,D
14:43:46,UNVR,RG,4990,5,D,YB,CC,D
14:43:46,UNVR,RG,4990,2,D,YB,XC,D
14:43:46,UNVR,RG,4990,3,D,YB,YP,D
14:43:46,UNVR,RG,4990,1,D,YB,CC,D
14:43:46,UNVR,RG,4990,1,D,YB,XL,D
14:43:46,UNVR,RG,4990,6,D,YB,YP,D
14:43:46,UNVR,RG,4990,1,D,YB,SQ,D
14:43:46,UNVR,RG,4990,2,D,YB,NI,D
14:43:46,UNVR,RG,4990,7,D,YB,XC,D
14:43:46,UNVR,RG,4990,2,D,YB,EP,D
14:43:46,UNVR,RG,4990,8,D,YB,PD,D
14:43:46,UNVR,RG,4990,100,D,YB,GR,D
14:43:46,UNVR,RG,4990,10,D,YB,AZ,D
14:43:46,UNVR,RG,4990,500,D,YB,RX,D
14:43:46,UNVR,RG,4990,13,D,YB,YP,D
14:43:46,UNVR,RG,4990,2,D,YB,XC,D
14:43:46,UNVR,RG,4990,50,D,YB,NI,D
14:43:46,UNVR,RG,4990,5,D,YB,DH,D
14:43:46,UNVR,RG,4990,10,D,YB,PD,D
14:43:46,UNVR,RG,4990,10,D,YB,XC,D
14:43:46,UNVR,RG,4990,1,D,YB,XC,D
14:43:46,UNVR,RG,4990,7,D,YB,PD,D
14:43:46,UNVR,RG,4990,174,D,YB,KK,D
14:43:45,UNVR,RG,4980,15,D,EP,BK,F
14:43:45,UNVR,RG,4980,27,F,YU,BK,F
14:43:44,UNVR,RG,4990,50,D,CC,KK,D
14:43:44,UNVR,RG,4990,331,F,YU,KK,D
14:43:41,UNVR,RG,4990,445,F,BB,KK,D
14:43:41,UNVR,RG,4990,1,F,BB,YP,D
14:43:41,UNVR,RG,4990,783,F,BB,BK,F
14:43:41,UNVR,RG,4990,10,F,BB,CC,D
14:43:41,UNVR,RG,4990,207,F,BB,KZ,F
14:43:41,UNVR,RG,4990,25,F,BB,AO,D
14:43:41,UNVR,RG,4990,61,F,BB,AK,F
14:43:41,UNVR,RG,4990,20,F,BB,YP,D
14:43:41,UNVR,RG,4990,3,F,BB,YP,D
14:43:41,UNVR,RG,4990,23,F,BB,XL,D
14:43:41,UNVR,RG,4990,6,F,BB,YP,D
14:43:41,UNVR,RG,4990,1,F,BB,PD,D
14:43:41,UNVR,RG,4990,10,F,BB,PD,D
14:43:41,UNVR,RG,4990,50,F,BB,YP,D
14:43:41,UNVR,RG,4990,15,F,BB,YP,D
14:43:41,UNVR,RG,4990,1,F,BB,XL,D
14:43:41,UNVR,RG,4990,4,F,BB,CC,D
14:43:41,UNVR,RG,4990,5,F,BB,DX,D
14:43:41,UNVR,RG,4990,45,F,BB,DH,D
14:43:41,UNVR,RG,4990,1,F,BB,XC,D
14:43:41,UNVR,RG,4990,3,F,BB,PD,D
14:43:41,UNVR,RG,4990,500,F,BB,RX,D
14:43:41,UNVR,RG,4990,2,F,BB,XC,D
14:43:41,UNVR,RG,4990,5,F,BB,YP,D
14:43:41,UNVR,RG,4990,1,F,BB,YP,D
14:43:41,UNVR,RG,4990,5,F,BB,PD,D
14:43:41,UNVR,RG,4990,107,F,BB,XL,D
14:43:41,UNVR,RG,4990,50,F,BB,SQ,D
14:43:41,UNVR,RG,4990,111,F,BB,RX,D
14:43:41,UNVR,RG,4990,389,D,BB,RX,D
14:43:41,UNVR,RG,4990,1,D,BB,OD,D
14:43:41,UNVR,RG,4990,10,D,BB,CC,D
14:43:41,UNVR,RG,4990,7,D,BB,PD,D
14:43:41,UNVR,RG,4990,10,D,BB,AI,D
14:43:41,UNVR,RG,4990,32,D,BB,PD,D
14:43:41,UNVR,RG,4990,10,D,BB,XL,D
14:43:41,UNVR,RG,4990,10,D,BB,PD,D
14:43:41,UNVR,RG,4990,231,D,BB,SQ,D
14:43:41,UNVR,RG,4990,2500,F,BB,SQ,D
14:43:41,UNVR,RG,4990,700,D,BB,SQ,D
14:43:40,UNVR,RG,4980,8,F,YU,BK,F
14:43:40,UNVR,RG,4980,15,D,HP,BK,F
14:43:40,UNVR,RG,4980,4,F,YU,BK,F
14:43:40,UNVR,RG,4980,1,D,PD,BK,F
14:43:40,UNVR,RG,4980,144,D,NI,BK,F
14:43:40,UNVR,RG,4980,5,F,YU,BK,F
14:43:40,UNVR,RG,4980,39,F,BK,BK,F
14:43:40,UNVR,RG,4980,29,F,BK,BK,F
14:43:39,UNVR,RG,4980,3,F,BK,XL,D
14:43:39,UNVR,RG,4990,1294,D,PD,SQ,D
14:43:39,UNVR,RG,4990,6,F,ZP,SQ,D
14:43:35,UNVR,RG,4980,23,F,BK,BK,F
14:43:31,UNVR,RG,4980,20,F,BK,YP,D
14:43:23,UNVR,RG,4990,6,F,ZP,SQ,D
14:43:22,UNVR,RG,4990,3,D,KK,SQ,D
14:43:21,UNVR,RG,4980,16,F,BK,BK,F
14:43:19,UNVR,RG,4980,38,F,BK,BK,F
14:43:19,UNVR,RG,4980,10,F,CS,BK,F
14:43:19,UNVR,RG,4980,1,D,XC,BK,F
14:43:18,UNVR,RG,4990,260,F,ZP,SQ,D
14:43:18,UNVR,RG,4990,1,F,ZP,DX,D
14:43:18,UNVR,RG,4990,1,F,ZP,PD,D
14:43:18,UNVR,RG,4990,1,F,ZP,LS,D
14:43:18,UNVR,RG,4990,25,F,ZP,AG,D
14:43:18,UNVR,RG,4990,61,F,ZP,SQ,D
14:43:18,UNVR,RG,4980,8,F,YU,XC,D
14:43:11,UNVR,RG,4980,29,F,YU,BK,F
14:43:06,UNVR,RG,4990,12,F,ZP,SQ,D
14:42:49,UNVR,RG,4990,2,D,XC,SQ,D
14:42:46,UNVR,RG,4990,6,F,ZP,SQ,D
14:42:46,UNVR,RG,4990,37,D,AT,SQ,D
14:42:32,UNVR,RG,4990,20,D,EP,SQ,D
14:42:31,UNVR,RG,4980,2,F,YU,CC,D
14:42:27,UNVR,RG,4990,6,F,ZP,SQ,D
14:42:24,UNVR,RG,4990,4,D,YP,SQ,D
14:42:23,UNVR,RG,4990,4,D,HP,SQ,D
14:42:16,UNVR,RG,4980,16,F,YU,BK,F
14:42:16,UNVR,RG,4980,2,F,AK,BK,F
14:42:16,UNVR,RG,4980,2,D,YP,BK,F
14:42:16,UNVR,RG,4980,11,F,AK,BK,F
14:42:11,UNVR,RG,4980,5,F,AK,BK,F
14:42:11,UNVR,RG,4980,18,F,YU,BK,F
14:42:11,UNVR,RG,4980,10,D,KK,BK,F
14:42:09,UNVR,RG,4980,5,D,KK,CC,D
14:42:09,UNVR,RG,4980,80,D,PD,CC,D
14:42:09,UNVR,RG,4980,6,D,PD,CC,D
14:42:09,UNVR,RG,4980,3,F,YU,CC,D
14:42:09,UNVR,RG,4980,95,F,YU,CC,D
14:42:09,UNVR,RG,4980,1,F,AK,CC,D
14:42:09,UNVR,RG,4980,1,F,YU,CC,D
14:42:09,UNVR,RG,4980,5,F,CS,CC,D
14:42:09,UNVR,RG,4980,1,D,YP,CC,D
14:42:09,UNVR,RG,4980,3,F,YU,CC,D
14:42:08,UNVR,RG,4990,6,F,ZP,SQ,D
14:41:44,UNVR,RG,4990,3,D,AZ,SQ,D
14:41:43,UNVR,RG,4990,2,D,CC,SQ,D
14:41:42,UNVR,RG,4990,1,D,YP,SQ,D
14:41:38,UNVR,RG,4980,6,F,YU,BK,F
14:41:38,UNVR,RG,4980,10,D,PD,BK,F
14:41:38,UNVR,RG,4980,10,F,ZP,BK,F
14:41:36,UNVR,RG,4990,105,F,YU,SQ,D
14:41:30,UNVR,RG,4990,7,F,ZP,SQ,D
14:41:25,UNVR,RG,4980,21,F,BK,BK,F
14:41:22,UNVR,RG,4980,30,F,BK,BK,F
14:41:17,UNVR,RG,4980,16,F,BK,BK,F
14:41:17,UNVR,RG,4980,118,F,BK,BK,F
14:41:17,UNVR,RG,4980,6,F,CS,BK,F
14:41:17,UNVR,RG,4980,10,F,BB,BK,F
14:41:17,UNVR,RG,4990,776,D,PD,SQ,D
14:41:14,UNVR,RG,4990,1,D,LG,SQ,D
14:41:10,UNVR,RG,4990,2,D,LG,SQ,D
14:41:09,UNVR,RG,4980,10,F,BB,CC,D
14:41:05,UNVR,RG,4990,2,D,PD,SQ,D
14:41:04,UNVR,RG,4980,22,F,BB,BK,F
14:41:04,UNVR,RG,4980,6,F,BB,XL,D
14:41:01,UNVR,RG,4980,44,F,BB,BK,F
14:41:01,UNVR,RG,4990,11,F,YU,SQ,D
14:40:59,UNVR,RG,4990,3,D,LG,SQ,D
14:40:59,UNVR,RG,4980,9,F,BB,KZ,F
14:40:59,UNVR,RG,4980,4,F,BB,KZ,F
14:40:59,UNVR,RG,4980,29,F,BB,KZ,F
14:40:59,UNVR,RG,4980,1,F,BB,GR,D
14:40:56,UNVR,RG,4980,200,F,BB,AG,D
14:40:45,UNVR,RG,4980,26,F,BB,BK,F
14:40:43,UNVR,RG,4990,2,D,YP,SQ,D
14:40:42,UNVR,RG,4980,62,F,BB,BK,F
14:40:41,UNVR,RG,4990,6,D,YB,SQ,D
14:40:40,UNVR,RG,4980,100,F,BB,KZ,F
14:40:40,UNVR,RG,4980,1,F,BB,KZ,F
14:40:40,UNVR,RG,4980,204,F,BB,BK,F
14:40:40,UNVR,RG,4980,298,F,BB,KZ,F
14:40:37,UNVR,RG,4980,1,F,BB,KZ,F
14:40:37,UNVR,RG,4980,100,F,BB,KZ,F
14:40:35,UNVR,RG,4980,123,F,BB,KZ,F
14:40:35,UNVR,RG,4980,91,D,BB,KZ,F
14:40:35,UNVR,RG,4980,43,D,BB,KZ,F
14:40:35,UNVR,RG,4980,158,D,BB,KZ,F
14:40:35,UNVR,RG,4980,8,D,BB,KZ,F
14:40:35,UNVR,RG,4980,50,D,BB,KZ,F
14:40:35,UNVR,RG,4980,31,F,YU,KZ,F
14:40:35,UNVR,RG,4980,40,D,CP,KZ,F
14:40:35,UNVR,RG,4980,2,F,AK,KZ,F
14:40:35,UNVR,RG,4980,4,D,XL,KZ,F
14:40:34,UNVR,RG,4990,5,F,ZP,SQ,D
14:40:34,UNVR,RG,4980,1,D,XL,BK,F
14:40:34,UNVR,RG,4980,12,F,YU,BK,F
14:40:34,UNVR,RG,4980,10,F,ZP,BK,F
14:40:34,UNVR,RG,4980,1,D,XC,BK,F
14:40:34,UNVR,RG,4980,16,F,AK,BK,F
14:40:34,UNVR,RG,4980,13,F,YU,BK,F
14:40:34,UNVR,RG,4980,13,F,BK,BK,F
14:40:32,UNVR,RG,4990,372,F,ZP,SQ,D
14:40:15,UNVR,RG,4990,7,F,ZP,SQ,D
14:40:15,UNVR,RG,4980,21,F,BK,BK,F
14:40:15,UNVR,RG,4980,76,F,BK,SQ,D
14:40:11,UNVR,RG,4990,1,D,PD,SQ,D
14:40:09,UNVR,RG,4980,1,F,BK,YP,D
14:40:08,UNVR,RG,4980,1,F,BK,BQ,D
14:40:00,UNVR,RG,4980,3,F,BK,XC,D
14:40:00,UNVR,RG,4980,2,F,CS,XC,D
14:39:54,UNVR,RG,4990,8,F,ZP,SQ,D
14:39:54,UNVR,RG,4990,7,D,BB,SQ,D
14:39:51,UNVR,RG,4990,1,D,XC,SQ,D
14:39:44,UNVR,RG,4990,10,D,HP,SQ,D
14:39:38,UNVR,RG,4980,2,F,CS,CC,D
14:39:38,UNVR,RG,4990,6,F,ZP,SQ,D
14:39:16,UNVR,RG,4990,5,F,ZP,SQ,D
14:39:12,UNVR,RG,4990,2,D,XC,SQ,D
14:38:58,UNVR,RG,4990,5,F,ZP,SQ,D
14:38:57,UNVR,RG,4980,24,D,BB,BK,F
14:38:54,UNVR,RG,4980,5,D,BB,DR,D
14:38:48,UNVR,RG,4990,2,D,YP,SQ,D
14:38:36,UNVR,RG,4990,1,F,ZP,SQ,D
14:38:34,UNVR,RG,4980,2,D,BB,XC,D
14:38:24,UNVR,RG,4990,4,D,XC,SQ,D
14:38:15,UNVR,RG,4980,2,D,BB,CC,D
14:38:06,UNVR,RG,4980,2,D,BB,GR,D
14:37:55,UNVR,RG,4980,15,D,BB,KK,D
14:37:23,UNVR,RG,4980,5,D,BB,DH,D
14:37:15,UNVR,RG,4980,1,D,BB,YP,D
14:37:09,UNVR,RG,4990,4,F,YU,SQ,D
14:36:56,UNVR,RG,4980,18,D,BB,BK,F
14:36:54,UNVR,RG,4980,50,D,BB,YP,D
14:36:37,UNVR,RG,4980,2,D,BB,YP,D
14:36:34,UNVR,RG,4980,20,D,BB,BK,F
14:36:30,UNVR,RG,4980,58,D,BB,BK,F
14:36:28,UNVR,RG,4990,101,F,YU,SQ,D
14:36:25,UNVR,RG,4980,187,D,BB,BK,F
14:36:22,UNVR,RG,4980,228,D,BB,GR,D
14:36:22,UNVR,RG,4980,30,D,CC,GR,D
14:36:22,UNVR,RG,4980,4,D,XL,GR,D
14:36:22,UNVR,RG,4980,100,D,DR,GR,D
14:36:22,UNVR,RG,4980,48,F,ZP,GR,D
14:36:22,UNVR,RG,4980,2,D,PD,GR,D
14:36:22,UNVR,RG,4980,42,F,YU,GR,D
14:36:22,UNVR,RG,4980,5,D,YP,GR,D
14:36:22,UNVR,RG,4980,1,F,AK,GR,D
14:36:22,UNVR,RG,4980,16,F,CS,GR,D
14:36:22,UNVR,RG,4980,452,F,ZP,GR,D
14:36:22,UNVR,RG,4980,2,F,AK,GR,D
14:36:22,UNVR,RG,4980,8,F,CS,GR,D
14:36:22,UNVR,RG,4980,7,F,YU,GR,D
14:36:22,UNVR,RG,4980,55,D,YP,GR,D
14:36:10,UNVR,RG,4980,8,D,YP,BK,F
14:36:10,UNVR,RG,4980,15,D,EP,BK,F
14:36:09,UNVR,RG,4990,3,D,PD,SQ,D
14:36:09,UNVR,RG,4980,22,D,EP,EP,D
14:36:08,UNVR,RG,4980,1,D,EP,CC,D
14:36:08,UNVR,RG,4990,5,F,ZP,SQ,D
14:35:52,UNVR,RG,4980,1,D,EP,YP,D
14:35:50,UNVR,RG,4980,2,D,EP,AZ,D
14:35:49,UNVR,RG,4990,4,F,ZP,SQ,D
14:35:44,UNVR,RG,4980,9,D,EP,BK,F
14:35:44,UNVR,RG,4980,1,F,YU,BK,F
14:35:44,UNVR,RG,4980,5,D,DR,BK,F
14:35:38,UNVR,RG,4980,10,D,CC,BK,F
14:35:38,UNVR,RG,4980,1,F,YU,BK,F
14:35:38,UNVR,RG,4980,40,F,BK,BK,F
14:35:32,UNVR,RG,4980,14,F,BK,BK,F
14:35:32,UNVR,RG,4980,16,F,AK,BK,F
14:35:32,UNVR,RG,4980,128,F,BK,BK,F
14:35:32,UNVR,RG,4980,4,F,CS,BK,F
14:35:32,UNVR,RG,4980,91,D,BB,BK,F
14:35:31,UNVR,RG,4990,2,D,YP,SQ,D
14:35:31,UNVR,RG,4990,1294,D,PD,SQ,D
14:35:30,UNVR,RG,4990,5,F,ZP,SQ,D
14:35:25,UNVR,RG,4980,22,D,BB,BK,F
14:35:23,UNVR,RG,4980,2,D,BB,CC,D
14:35:23,UNVR,RG,4990,3,F,YU,SQ,D
14:35:20,UNVR,RG,4980,51,D,BB,BK,F
14:35:16,UNVR,RG,4990,300,D,EP,SQ,D
14:35:15,UNVR,RG,4990,30,D,CC,SQ,D
14:35:13,UNVR,RG,4990,4,F,ZP,SQ,D
14:35:11,UNVR,RG,4980,1,D,BB,NI,D
14:35:05,UNVR,RG,4990,1,D,NI,SQ,D
14:34:58,UNVR,RG,4990,5,F,ZP,SQ,D
14:34:49,UNVR,RG,4980,15,D,BB,YP,D
14:34:40,UNVR,RG,4980,3,D,BB,KZ,F
14:34:40,UNVR,RG,4980,1,D,BB,KZ,F
14:34:37,UNVR,RG,4990,5,F,ZP,SQ,D
14:34:37,UNVR,RG,4980,1,D,BB,KZ,F
14:34:37,UNVR,RG,4980,29,D,BB,BK,F
14:34:34,UNVR,RG,4990,16,F,BK,SQ,D
14:34:34,UNVR,RG,4980,1,D,BB,AZ,D
14:34:29,UNVR,RG,4980,2,D,BB,XC,D
14:34:19,UNVR,RG,4990,5,F,ZP,SQ,D
14:34:12,UNVR,RG,4990,20,F,YU,SQ,D
14:34:04,UNVR,RG,4980,7,D,BB,KZ,F
14:34:04,UNVR,RG,4980,8,D,BB,KZ,F
14:34:04,UNVR,RG,4980,2,D,BB,KZ,F
14:34:01,UNVR,RG,4980,2,D,BB,KZ,F
14:34:01,UNVR,RG,4980,8,D,BB,KZ,F
14:34:01,UNVR,RG,4980,8,D,BB,KZ,F
14:34:01,UNVR,RG,4980,1,D,BB,KZ,F
14:34:01,UNVR,RG,4980,5,D,BB,KZ,F
14:34:01,UNVR,RG,4980,2,D,BB,KZ,F
14:34:01,UNVR,RG,4980,22,D,BB,BK,F
14:34:00,UNVR,RG,4990,6,F,ZP,SQ,D
14:34:00,UNVR,RG,4980,1,D,BB,PD,D
14:33:42,UNVR,RG,4990,5,F,ZP,SQ,D
14:33:36,UNVR,RG,4980,16,D,BB,BK,F
14:33:35,UNVR,RG,4980,50,D,BB,PD,D
14:33:35,UNVR,RG,4980,8,D,BB,YU,D
14:33:30,UNVR,RG,4980,82,D,BB,KK,D
14:33:28,UNVR,RG,4980,33,D,BB,BK,F
14:33:24,UNVR,RG,4990,1,F,YU,SQ,D
14:33:23,UNVR,RG,4980,45,D,BB,BK,F
14:33:23,UNVR,RG,4990,6,F,ZP,SQ,D
14:33:23,UNVR,RG,4990,242,F,ZP,SQ,D
14:33:09,UNVR,RG,4990,16,F,BK,SQ,D
14:33:04,UNVR,RG,4990,4,F,ZP,SQ,D
14:33:04,UNVR,RG,4990,35,F,BK,SQ,D
14:33:01,UNVR,RG,4990,1,D,YU,SQ,D
14:32:48,UNVR,RG,4990,5,F,ZP,SQ,D
14:32:31,UNVR,RG,4980,2,D,BB,DX,D
14:32:27,UNVR,RG,4990,5,F,ZP,SQ,D
14:32:18,UNVR,RG,4980,10,D,BB,CC,D
14:32:14,UNVR,RG,4980,30,D,BB,BK,F
14:32:13,UNVR,RG,4980,15,D,BB,YP,D
14:32:11,UNVR,RG,4990,6,F,ZP,SQ,D
14:32:11,UNVR,RG,4980,1,D,BB,NI,D
14:32:06,UNVR,RG,4980,37,D,BB,BK,F
14:32:04,UNVR,RG,4980,21,D,BB,KZ,F
14:32:03,UNVR,RG,4980,111,D,BB,YP,D
14:32:02,UNVR,RG,4980,17,D,BB,BK,F
14:32:01,UNVR,RG,4980,5,D,BB,KZ,F
14:32:01,UNVR,RG,4980,11,D,BB,KZ,F
14:32:00,UNVR,RG,4980,66,D,BB,BK,F
14:31:58,UNVR,RG,4980,268,D,BB,KZ,F
14:31:58,UNVR,RG,4980,3,D,PD,KZ,F
14:31:58,UNVR,RG,4980,5,F,YU,KZ,F
14:31:58,UNVR,RG,4980,36,D,CC,KZ,F
14:31:57,UNVR,RG,4980,33,D,CC,BK,F
14:31:55,UNVR,RG,4980,1,D,CC,KZ,F
14:31:55,UNVR,RG,4980,2,D,CC,KZ,F
14:31:55,UNVR,RG,4980,1,D,CC,KZ,F
14:31:55,UNVR,RG,4980,1,D,CC,KZ,F
14:31:55,UNVR,RG,4980,2,D,CC,KZ,F
14:31:55,UNVR,RG,4980,1,D,CC,KZ,F
14:31:55,UNVR,RG,4980,1,D,CC,KZ,F
14:31:54,UNVR,RG,4980,145,D,CC,KZ,F
14:31:54,UNVR,RG,4980,4,D,CC,PD,D
14:31:53,UNVR,RG,4990,5,F,ZP,SQ,D
14:31:50,UNVR,RG,4980,10,D,CC,CC,D
14:31:40,UNVR,RG,4980,42,D,CC,YP,D
14:31:38,UNVR,RG,4980,27,D,CC,BK,F
14:31:36,UNVR,RG,4980,1,D,CC,PC,D
14:31:35,UNVR,RG,4990,5,F,ZP,SQ,D
14:31:33,UNVR,RG,4980,37,D,CC,BK,F
14:31:32,UNVR,RG,4980,10,D,CC,YP,D
14:31:32,UNVR,RG,4980,25,D,CC,KK,D
14:31:31,UNVR,RG,4980,23,D,CC,CC,D
14:31:31,UNVR,RG,4980,22,D,XC,CC,D
14:31:31,UNVR,RG,4980,70,D,YP,CC,D
14:31:31,UNVR,RG,4980,3,D,AZ,CC,D
14:31:31,UNVR,RG,4980,2,D,LG,CC,D
14:31:31,UNVR,RG,4980,20,D,EP,CC,D
14:31:31,UNVR,RG,4980,1,F,AK,CC,D
14:31:31,UNVR,RG,4980,2,F,AK,CC,D
14:31:31,UNVR,RG,4980,34,F,YU,CC,D
14:31:18,UNVR,RG,4990,6,F,ZP,SQ,D
14:31:14,UNVR,RG,4980,2,F,YU,CC,D
14:31:06,UNVR,RG,4980,18,F,YU,BK,F
14:31:01,UNVR,RG,4990,50,D,LG,SQ,D
14:31:00,UNVR,RG,4990,5,F,ZP,SQ,D
14:31:00,UNVR,RG,4980,2,F,YU,YP,D
14:30:52,UNVR,RG,4980,10,F,YU,BK,F
14:30:52,UNVR,RG,4980,3,D,YP,BK,F
14:30:52,UNVR,RG,4980,4,F,ZP,BK,F
14:30:49,UNVR,RG,4980,50,F,ZP,BK,F
14:30:45,UNVR,RG,4980,204,F,ZP,BK,F
14:30:45,UNVR,RG,4980,43,F,BK,BK,F
14:30:43,UNVR,RG,4990,1275,D,PD,SQ,D
14:30:43,UNVR,RG,4990,10,D,PD,KI,D
14:30:43,UNVR,RG,4990,5,D,PD,EP,D
14:30:43,UNVR,RG,4990,3,D,PD,EP,D
14:30:43,UNVR,RG,4990,1,D,PD,CC,D
14:30:36,UNVR,RG,4980,10,F,BK,LG,D
14:30:16,UNVR,RG,4980,2,F,BK,YP,D
14:30:03,UNVR,RG,4980,15,F,BK,YU,D
14:30:03,UNVR,RG,4980,20,F,BK,KK,D
14:30:00,UNVR,RG,4990,2,D,KK,CC,D
14:29:57,UNVR,RG,4980,10,F,BK,YB,D
14:29:51,UNVR,RG,4980,30,F,BK,BK,F
14:29:50,UNVR,RG,4980,19,F,BK,PD,D
14:29:50,UNVR,RG,4980,1,D,CC,PD,D
14:29:50,UNVR,RG,4980,3,D,CC,YP,D
14:29:41,UNVR,RG,4980,16,D,CC,BK,F
14:29:38,UNVR,RG,4980,44,D,CC,BK,F
14:29:33,UNVR,RG,4990,2,F,ZP,XC,D
14:29:33,UNVR,RG,4990,5,F,ZP,XC,D
14:29:33,UNVR,RG,4990,1,F,ZP,XC,D
14:29:33,UNVR,RG,4990,1,F,ZP,SQ,D
14:29:33,UNVR,RG,4990,1,F,ZP,DR,D
14:29:33,UNVR,RG,4990,5,F,ZP,CC,D
14:29:33,UNVR,RG,4990,10,F,ZP,XC,D
14:29:33,UNVR,RG,4990,1,F,ZP,CC,D
14:29:33,UNVR,RG,4990,10,F,ZP,YP,D
14:29:33,UNVR,RG,4990,247,F,ZP,NI,D
14:29:31,UNVR,RG,4980,3,D,CC,CC,D
14:29:30,UNVR,RG,4980,24,D,CC,XC,D
14:28:56,UNVR,RG,4980,31,D,CC,BK,F
14:28:55,UNVR,RG,4980,2,D,CC,KZ,F
14:28:54,UNVR,RG,4980,31,D,CC,BK,F
14:28:52,UNVR,RG,4980,44,D,CC,KZ,F
14:28:49,UNVR,RG,4980,1,D,CC,PD,D
14:28:49,UNVR,RG,4980,6,D,LG,PD,D
14:28:48,UNVR,RG,4980,14,D,LG,BK,F
14:28:48,UNVR,RG,4980,13,F,YU,BK,F
14:28:48,UNVR,RG,4980,8,D,YP,BK,F
14:28:48,UNVR,RG,4980,30,D,YP,BK,F
14:28:48,UNVR,RG,4980,2,D,LG,BK,F
14:28:48,UNVR,RG,4980,6,F,ZP,BK,F
14:28:48,UNVR,RG,4980,33,F,BK,BK,F
14:28:48,UNVR,RG,4980,2,F,BK,CC,D
14:28:48,UNVR,RG,4980,50,D,ZP,CC,D
14:28:48,UNVR,RG,4980,91,F,YU,CC,D
14:28:48,UNVR,RG,4980,1,D,YP,CC,D
14:28:48,UNVR,RG,4980,2,D,YP,CC,D
14:28:48,UNVR,RG,4980,1,D,YP,CC,D
14:28:48,UNVR,RG,4980,48,D,EP,CC,D
14:28:48,UNVR,RG,4980,5,F,ZP,CC,D
14:28:48,UNVR,RG,4980,1,D,YB,CC,D
14:28:48,UNVR,RG,4980,1,F,CS,CC,D
14:28:48,UNVR,RG,4980,1,F,CS,CC,D
14:28:48,UNVR,RG,4980,5,F,CS,CC,D
14:28:48,UNVR,RG,4980,4,F,CS,CC,D
14:28:48,UNVR,RG,4980,163,F,YU,CC,D
14:28:48,UNVR,RG,4980,17,F,AK,CC,D
14:28:48,UNVR,RG,4980,1,D,LG,CC,D
14:28:48,UNVR,RG,4980,4,F,ZP,CC,D
14:28:48,UNVR,RG,4980,1,D,YP,CC,D
14:28:48,UNVR,RG,4980,2,F,YU,CC,D
14:28:47,UNVR,RG,4990,2,D,OD,NI,D
14:28:43,UNVR,RG,4980,6,F,YU,KZ,F
14:28:43,UNVR,RG,4980,7,F,YU,KZ,F
14:28:43,UNVR,RG,4980,15,F,YU,BK,F
14:28:43,UNVR,RG,4980,39,F,BK,BK,F
14:28:43,UNVR,RG,4980,10,D,KK,BK,F
14:28:43,UNVR,RG,4980,49,F,BK,BK,F
14:28:43,UNVR,RG,4980,3,F,BK,KZ,F
14:28:40,UNVR,RG,4990,4,F,ZP,NI,D
14:28:40,UNVR,RG,4980,1,F,BK,KZ,F
14:28:40,UNVR,RG,4980,7,F,BK,KZ,F
14:28:40,UNVR,RG,4980,7,F,BK,KZ,F
14:28:40,UNVR,RG,4980,9,F,BK,KZ,F
14:28:40,UNVR,RG,4980,144,F,BK,KZ,F
14:28:40,UNVR,RG,4980,1,F,AK,KZ,F
14:28:40,UNVR,RG,4980,2,F,AK,KZ,F
14:28:40,UNVR,RG,4980,2,F,AK,KZ,F
14:28:40,UNVR,RG,4980,2,F,CS,KZ,F
14:28:40,UNVR,RG,4980,22,F,ZP,KZ,F
14:28:40,UNVR,RG,4980,5,F,CS,KZ,F
14:28:40,UNVR,RG,4980,105,D,BB,KZ,F
14:28:40,UNVR,RG,4990,39,F,YU,NI,D
14:28:39,UNVR,RG,4980,214,D,BB,YU,D
14:28:39,UNVR,RG,4980,3,F,CS,YU,D
14:28:39,UNVR,RG,4980,188,F,BB,YU,D
14:28:29,UNVR,RG,4990,1,D,YP,NI,D
14:28:23,UNVR,RG,4990,4,F,ZP,NI,D
14:28:12,UNVR,RG,4990,51,F,YU,NI,D
14:28:00,UNVR,RG,4990,4,F,ZP,NI,D
14:27:58,UNVR,RG,4980,87,F,BB,DR,D
14:27:55,UNVR,RG,4990,1,D,XL,NI,D
14:27:53,UNVR,RG,4980,5,F,BB,BQ,D
14:27:51,UNVR,RG,4990,4,D,EP,NI,D
14:27:49,UNVR,RG,4990,20,D,KK,NI,D
14:27:43,UNVR,RG,4990,5,F,ZP,NI,D
14:27:30,UNVR,RG,4990,11,F,YU,NI,D
14:27:20,UNVR,RG,4990,4,F,ZP,NI,D
14:27:10,UNVR,RG,4990,3,D,DR,NI,D
14:27:06,UNVR,RG,4990,17,F,BK,NI,D
14:27:04,UNVR,RG,4980,3,F,BB,XC,D
14:27:03,UNVR,RG,4990,5,F,ZP,NI,D
14:26:53,UNVR,RG,4980,119,F,BB,NI,D
14:26:43,UNVR,RG,4990,2,F,ZP,NI,D
14:26:18,UNVR,RG,4980,5,F,BB,CC,D
14:26:18,UNVR,RG,4990,16,F,BK,NI,D
14:26:01,UNVR,RG,4980,20,F,BB,LG,D
14:25:43,UNVR,RG,4980,2,F,BB,XC,D
14:25:37,UNVR,RG,4990,100,D,TF,NI,D
14:25:37,UNVR,RG,4980,100,F,BB,GR,D
14:25:31,UNVR,RG,4990,15,F,BK,NI,D
14:25:28,UNVR,RG,4980,11,F,BB,KZ,F
14:25:26,UNVR,RG,4980,2,F,BB,YP,D
14:25:26,UNVR,RG,4980,2,F,BB,KZ,F
14:25:26,UNVR,RG,4980,15,F,BB,KZ,F
14:25:26,UNVR,RG,4980,1,F,BB,KZ,F
14:25:26,UNVR,RG,4980,4,F,BB,YP,D
14:25:23,UNVR,RG,4980,3,F,BB,PD,D
14:25:08,UNVR,RG,4980,10,F,BB,YP,D
14:24:49,UNVR,RG,4990,16,F,BK,NI,D
14:24:35,UNVR,RG,4990,288,D,PD,NI,D
14:24:35,UNVR,RG,4990,5,D,PD,XC,D
14:24:35,UNVR,RG,4990,5,D,PD,CC,D
14:24:35,UNVR,RG,4990,10,D,PD,YP,D
14:24:35,UNVR,RG,4990,1,D,PD,DH,D
14:24:35,UNVR,RG,4990,985,D,PD,YJ,D
14:24:21,UNVR,RG,4980,10,F,BB,DH,D
14:24:11,UNVR,RG,4980,3,F,BB,KK,D
14:24:05,UNVR,RG,4980,250,F,BB,CC,D
14:24:02,UNVR,RG,4990,15,F,BK,YJ,D
14:24:02,UNVR,RG,4990,2,F,BK,PD,D
14:23:45,UNVR,RG,4980,6,F,BB,NI,D
14:23:22,UNVR,RG,4980,5,F,BB,DR,D
14:23:17,UNVR,RG,4980,27,F,BB,XL,D
14:23:14,UNVR,RG,4980,1,F,BB,XC,D
14:23:13,UNVR,RG,4980,13,F,BB,NI,D
14:22:58,UNVR,RG,4980,1,F,BB,YP,D
14:22:51,UNVR,RG,4990,13,D,YP,PD,D
14:22:51,UNVR,RG,4990,6,D,YP,GR,D
14:22:51,UNVR,RG,4990,10,D,YP,YP,D
14:22:51,UNVR,RG,4990,25,D,YP,KK,D
14:22:51,UNVR,RG,4990,3,D,YP,PD,D
14:22:51,UNVR,RG,4990,2,D,YP,YP,D
14:22:51,UNVR,RG,4990,5,D,YP,CC,D
14:22:51,UNVR,RG,4990,6,D,YP,YP,D
14:22:51,UNVR,RG,4990,1,D,YP,YB,D
14:22:51,UNVR,RG,4990,20,D,YP,YP,D
14:22:51,UNVR,RG,4990,9,D,YP,KZ,F
14:22:46,UNVR,RG,4990,20,D,CC,KZ,F
14:22:43,UNVR,RG,4980,2,F,BB,EP,D
14:22:42,UNVR,RG,4990,54,D,PD,KZ,F
14:22:42,UNVR,RG,4990,54,D,PD,KZ,F
14:22:42,UNVR,RG,4990,10,D,PD,PD,D
14:22:42,UNVR,RG,4990,5,D,PD,XC,D
14:22:42,UNVR,RG,4990,2,D,PD,LG,D
14:22:42,UNVR,RG,4990,5,D,PD,PD,D
14:22:42,UNVR,RG,4990,5,D,PD,AZ,D
14:22:42,UNVR,RG,4990,1100,D,PD,RX,D
14:22:42,UNVR,RG,4990,1,D,PD,CC,D
14:22:42,UNVR,RG,4990,2,D,PD,YP,D
14:22:42,UNVR,RG,4990,56,D,PD,YJ,D
14:22:32,UNVR,RG,4980,200,F,BB,YP,D
14:22:29,UNVR,RG,4980,25,F,BB,KZ,F
14:22:29,UNVR,RG,4980,113,F,BB,KZ,F
14:22:29,UNVR,RG,4980,8,F,BB,CC,F
14:22:29,UNVR,RG,4980,1,F,BB,YP,D
14:22:29,UNVR,RG,4980,2,F,BB,OD,D
14:22:29,UNVR,RG,4980,6,F,BB,BK,F
14:22:29,UNVR,RG,4980,350,D,BB,BK,F
14:22:27,UNVR,RG,4980,2,D,YU,BK,F
14:22:22,UNVR,RG,4980,3,D,YU,BK,F
14:22:10,UNVR,RG,4980,1,D,AZ,BK,F
14:22:08,UNVR,RG,4970,95,D,YB,CC,D
14:22:01,UNVR,RG,4980,1250,F,BB,BK,F
14:22:01,UNVR,RG,4980,199,D,BB,BK,F
14:22:01,UNVR,RG,4980,30,D,BB,YP,D
14:22:01,UNVR,RG,4980,3,D,BB,YP,D
14:22:01,UNVR,RG,4980,30,D,BB,CC,D
14:22:01,UNVR,RG,4980,15,D,BB,DH,D
14:22:01,UNVR,RG,4980,34,D,BB,AK,F
14:22:01,UNVR,RG,4980,27,D,BB,KZ,F
14:22:01,UNVR,RG,4980,4,D,BB,AK,F
14:22:01,UNVR,RG,4980,8,D,BB,KZ,F
14:21:57,UNVR,RG,4980,3,D,XC,KZ,F
14:21:49,UNVR,RG,4980,16,D,YP,KZ,F
14:21:49,UNVR,RG,4980,4,D,YP,AK,F
14:21:42,UNVR,RG,4970,58,D,YB,AK,F
14:21:42,UNVR,RG,4980,1,F,CS,CC,F
14:21:42,UNVR,RG,4980,14,F,AK,CC,F
14:21:42,UNVR,RG,4980,23,F,AK,CC,F
14:21:42,UNVR,RG,4980,2,F,AK,CC,F
14:21:42,UNVR,RG,4980,3,F,AK,CC,F
14:21:42,UNVR,RG,4980,1,F,AK,CC,F
14:21:42,UNVR,RG,4980,1,F,AK,CC,F
14:21:42,UNVR,RG,4980,409,F,YU,CC,F
14:21:42,UNVR,RG,4980,1,D,CC,CC,F
14:21:42,UNVR,RG,4980,20,D,EP,CC,F
14:21:42,UNVR,RG,4980,61,F,BK,CC,F
14:21:42,UNVR,RG,4980,21,D,PD,CC,F
14:21:42,UNVR,RG,4980,29,F,ZP,CC,F
14:21:42,UNVR,RG,4980,3,F,ZP,BK,F
14:21:42,UNVR,RG,4980,236,D,NI,BK,F
14:21:42,UNVR,RG,4980,205,F,ZP,BK,F
14:21:42,UNVR,RG,4980,42,F,ZP,BK,F
14:21:42,UNVR,RG,4980,3,F,CS,BK,F
14:21:42,UNVR,RG,4980,34,F,BK,BK,F
14:21:42,UNVR,RG,4980,7,F,CS,BK,F
14:21:42,UNVR,RG,4980,374,F,BB,BK,F
14:21:23,UNVR,RG,4980,1,F,BB,LS,D
14:21:20,UNVR,RG,4980,1,F,BB,SQ,D
14:21:20,UNVR,RG,4980,10,F,BB,HP,D
14:21:20,UNVR,RG,4980,9,F,BB,XC,D
14:21:20,UNVR,RG,4980,10,F,BB,PD,D
14:21:20,UNVR,RG,4980,74,F,BB,XC,D
14:21:20,UNVR,RG,4980,10,F,BB,CC,F
14:21:20,UNVR,RG,4980,82,F,BB,AK,F
14:21:20,UNVR,RG,4980,14,F,BB,NI,D
14:21:20,UNVR,RG,4980,20,F,BB,CC,D
14:21:20,UNVR,RG,4980,1,F,BB,PD,D
14:21:20,UNVR,RG,4980,3,F,BB,NI,D
14:21:20,UNVR,RG,4980,1,F,BB,OD,D
14:21:20,UNVR,RG,4980,3,F,BB,KZ,F
14:21:20,UNVR,RG,4980,15,F,BB,OD,D
14:21:20,UNVR,RG,4980,11,F,BB,KZ,F
14:21:20,UNVR,RG,4980,2,F,BB,KZ,F
14:21:20,UNVR,RG,4980,1,F,BB,XC,D
14:21:20,UNVR,RG,4980,1,F,BB,PD,D
14:21:20,UNVR,RG,4980,1,F,BB,PD,D
14:21:20,UNVR,RG,4980,86,F,BB,KZ,F
14:21:20,UNVR,RG,4980,67,F,BB,AK,F
14:21:20,UNVR,RG,4980,453,F,BB,AK,F
14:21:20,UNVR,RG,4980,350,D,BB,AK,F
14:21:05,UNVR,RG,4980,17,F,BK,AK,F
14:21:02,UNVR,RG,4980,10,D,CC,AK,F
14:20:56,UNVR,RG,4980,2,F,KK,AK,F
14:20:54,UNVR,RG,4980,87,F,YU,AK,F
14:20:53,UNVR,RG,4980,80,D,PD,AK,F
14:20:46,UNVR,RG,4980,2,D,YP,AK,F
14:20:37,UNVR,RG,4980,1,D,YP,AK,F
14:20:26,UNVR,RG,4980,17,F,BK,AK,F
14:20:24,UNVR,RG,4980,20,D,AZ,AK,F
14:20:23,UNVR,RG,4980,302,D,PD,AK,F
14:20:23,UNVR,RG,4980,1,D,PD,KZ,F
14:20:23,UNVR,RG,4980,31,D,PD,KZ,F
14:20:23,UNVR,RG,4980,5,D,PD,AZ,D
14:20:23,UNVR,RG,4980,6,D,PD,XL,D
14:20:23,UNVR,RG,4980,27,D,PD,KZ,F
14:20:23,UNVR,RG,4980,569,D,PD,BK,F
14:20:23,UNVR,RG,4980,2,D,PD,KZ,F
14:20:23,UNVR,RG,4980,2,D,PD,KZ,F
14:20:23,UNVR,RG,4980,15,D,PD,CC,F
14:20:23,UNVR,RG,4980,1,D,PD,YP,D
14:20:23,UNVR,RG,4980,333,D,PD,KZ,F
14:20:15,UNVR,RG,4980,1,D,YP,KZ,F
14:20:11,UNVR,RG,4980,6,F,YU,KZ,F
14:20:08,UNVR,RG,4980,2,D,XL,KZ,F
14:20:08,UNVR,RG,4980,100,D,AZ,KZ,F
14:20:08,UNVR,RG,4980,1,D,XC,KZ,F
14:20:03,UNVR,RG,4980,1,D,XC,KZ,F
14:19:49,UNVR,RG,4980,16,F,BK,KZ,F
14:19:39,UNVR,RG,4970,3,D,YB,ZP,F
14:19:39,UNVR,RG,4970,3,D,GR,ZP,F
14:19:38,UNVR,RG,4970,1,D,GR,YP,D
14:19:32,UNVR,RG,4970,2,D,GR,CC,D
14:19:14,UNVR,RG,4970,14,D,GR,AK,F
14:19:14,UNVR,RG,4970,2,D,LG,AK,F
14:19:14,UNVR,RG,4970,1,D,XC,AK,F
14:19:14,UNVR,RG,4970,5,D,YP,AK,F
14:19:14,UNVR,RG,4970,24,D,LG,AK,F
14:19:12,UNVR,RG,4980,17,F,BK,KZ,F
14:19:05,UNVR,RG,4970,16,D,LG,NI,D
14:19:05,UNVR,RG,4970,20,D,PD,NI,D
14:19:05,UNVR,RG,4970,29,D,LG,NI,D
14:19:05,UNVR,RG,4970,2,D,YP,NI,D
14:19:05,UNVR,RG,4970,2,D,AZ,NI,D
14:19:05,UNVR,RG,4970,1,D,YP,NI,D
14:18:48,UNVR,RG,4970,9,D,YP,ZP,F
14:18:48,UNVR,RG,4970,10,D,XC,ZP,F
14:18:48,UNVR,RG,4970,3,D,YP,ZP,F
14:18:48,UNVR,RG,4970,1,D,YP,YP,D
14:18:42,UNVR,RG,4980,3,D,YP,KZ,F
14:18:41,UNVR,RG,4980,17,F,BK,KZ,F
14:18:39,UNVR,RG,4980,24,D,YB,KZ,F
14:18:37,UNVR,RG,4970,3,D,YP,YP,D
14:18:35,UNVR,RG,4970,8,D,YP,ZP,F
14:18:35,UNVR,RG,4970,5,D,YP,ZP,F
14:18:35,UNVR,RG,4970,10,D,YB,ZP,F
14:18:35,UNVR,RG,4970,30,D,YB,PD,D
14:18:32,UNVR,RG,4970,10,D,YB,XC,D
14:18:32,UNVR,RG,4970,1,D,HP,XC,D
14:18:32,UNVR,RG,4970,1,D,YP,XC,D
14:18:31,UNVR,RG,4970,1,D,PD,PD,D
14:18:31,UNVR,RG,4970,4,D,EP,PD,D
14:18:23,UNVR,RG,4980,94,D,NI,KZ,F
14:18:12,UNVR,RG,4970,1,D,EP,SQ,D
14:18:12,UNVR,RG,4970,1,D,XC,SQ,D
14:18:12,UNVR,RG,4970,9,D,KK,SQ,D
14:18:12,UNVR,RG,4970,1,D,CC,SQ,D
14:18:12,UNVR,RG,4970,10,D,YP,SQ,D
14:18:12,UNVR,RG,4970,2,D,PD,SQ,D
14:18:12,UNVR,RG,4970,156,D,YP,SQ,D
14:18:06,UNVR,RG,4970,23,D,YP,ZP,F
14:18:06,UNVR,RG,4970,5,D,YP,YP,D
14:18:00,UNVR,RG,4970,1,D,YP,DH,D
14:17:38,UNVR,RG,4970,50,D,YP,AO,D
14:17:30,UNVR,RG,4980,35,F,YU,KZ,F
14:17:30,UNVR,RG,4980,23,F,YU,KZ,F
14:17:30,UNVR,RG,4980,11,F,YU,ZP,F
14:17:30,UNVR,RG,4980,43,F,YU,AK,F
14:17:30,UNVR,RG,4980,6,F,YU,AK,F
14:17:30,UNVR,RG,4980,1,F,YU,AK,F
14:17:27,UNVR,RG,4970,22,D,YP,ZP,F
14:17:26,UNVR,RG,4970,5,D,YP,XC,D
14:17:10,UNVR,RG,4970,38,D,YP,AK,F
14:17:10,UNVR,RG,4970,2,D,GR,AK,F
14:17:10,UNVR,RG,4970,1,D,LG,AK,F
14:17:10,UNVR,RG,4970,7,D,YP,AK,F
14:17:10,UNVR,RG,4970,1,D,XC,AK,F
14:17:10,UNVR,RG,4970,5,D,CC,AK,F
14:17:10,UNVR,RG,4970,1,D,YP,AK,F
14:17:10,UNVR,RG,4970,29,D,DH,AK,F
14:17:10,UNVR,RG,4980,1,D,XC,AK,F
14:17:01,UNVR,RG,4980,310,F,ZP,BK,F
14:17:01,UNVR,RG,4980,6,D,YP,BK,F
14:17:01,UNVR,RG,4980,45,D,YP,BK,F
14:17:01,UNVR,RG,4980,1,D,YP,BK,F
14:17:01,UNVR,RG,4980,19,F,ZP,BK,F
14:17:01,UNVR,RG,4980,62,F,YU,BK,F
14:17:01,UNVR,RG,4980,102,F,BK,BK,F
14:17:01,UNVR,RG,4980,2,F,AK,BK,F
14:17:01,UNVR,RG,4980,1,F,AK,BK,F
14:17:01,UNVR,RG,4980,2,D,XC,BK,F
14:17:01,UNVR,RG,4980,1,D,XC,BK,F
14:17:01,UNVR,RG,4980,2,D,LG,BK,F
14:17:01,UNVR,RG,4980,10,F,CS,BK,F
14:17:01,UNVR,RG,4980,100,D,YP,BK,F
14:17:01,UNVR,RG,4980,2,D,YP,BK,F
14:17:01,UNVR,RG,4980,4,F,ZP,BK,F
14:17:01,UNVR,RG,4980,10,D,NI,BK,F
14:17:01,UNVR,RG,4980,100,D,DR,BK,F
14:17:01,UNVR,RG,4980,6,F,ZP,BK,F
14:17:01,UNVR,RG,4980,37,F,YU,BK,F
14:17:01,UNVR,RG,4980,1,D,CC,BK,F
14:17:01,UNVR,RG,4980,16,F,AK,BK,F
14:17:01,UNVR,RG,4980,5,D,PD,BK,F
14:17:01,UNVR,RG,4980,7,D,DR,BK,F
14:17:01,UNVR,RG,4980,236,F,BK,BK,F
14:17:01,UNVR,RG,4980,2,D,BB,BK,F
14:17:01,UNVR,RG,4980,2,D,BB,KZ,F
14:17:01,UNVR,RG,4980,24,D,BB,ZP,F
14:17:01,UNVR,RG,4980,2,D,BB,KZ,F
14:17:01,UNVR,RG,4980,207,D,BB,AK,F
14:17:00,UNVR,RG,4980,3,D,BB,KZ,F
14:17:00,UNVR,RG,4980,1,D,BB,KZ,F
14:17:00,UNVR,RG,4980,21,D,BB,KZ,F
14:17:00,UNVR,RG,4980,8,D,BB,KZ,F
14:17:00,UNVR,RG,4980,137,D,BB,KZ,F
14:17:00,UNVR,RG,4980,2,D,BB,KZ,F
14:17:00,UNVR,RG,4980,1872,D,BB,BK,F
14:17:00,UNVR,RG,4980,1,D,YP,BK,F
14:17:00,UNVR,RG,4980,37,F,BK,BK,F
14:17:00,UNVR,RG,4980,10,D,PD,BK,F
14:17:00,UNVR,RG,4980,580,F,BB,BK,F
14:17:00,UNVR,RG,4990,83,F,YU,YJ,D
14:17:00,UNVR,RG,4980,170,F,BB,AK,F
14:17:00,UNVR,RG,4980,12,F,CS,AK,F
14:17:00,UNVR,RG,4980,146,D,BB,AK,F
14:16:59,UNVR,RG,4980,24,D,BB,ZP,F
14:16:59,UNVR,RG,4980,1,D,BB,AK,F
14:16:59,UNVR,RG,4980,14,D,BB,AK,F
14:16:59,UNVR,RG,4980,25,D,BB,AK,F
14:16:59,UNVR,RG,4980,1,D,YP,AK,F
14:16:59,UNVR,RG,4980,100,D,DR,AK,F
14:16:59,UNVR,RG,4980,4,D,XC,AK,F
14:16:59,UNVR,RG,4980,10,D,DR,AK,F
14:16:59,UNVR,RG,4980,180,F,ZP,AK,F
14:16:59,UNVR,RG,4980,172,F,ZP,AK,F
14:16:59,UNVR,RG,4980,307,F,ZP,MG,D
14:16:59,UNVR,RG,4980,1,D,XC,MG,D
14:16:59,UNVR,RG,4980,1,D,EP,MG,D
14:16:59,UNVR,RG,4980,2,F,AK,MG,D
14:16:59,UNVR,RG,4980,5,D,AZ,MG,D
14:16:59,UNVR,RG,4980,1,D,PD,MG,D
14:16:59,UNVR,RG,4980,2,D,GR,MG,D
14:16:59,UNVR,RG,4980,1,D,YP,MG,D
14:16:59,UNVR,RG,4980,50,D,YP,MG,D
14:16:59,UNVR,RG,4980,2,D,CD,MG,D
14:16:59,UNVR,RG,4980,1,D,XC,MG,D
14:16:59,UNVR,RG,4980,1,D,PD,MG,D
14:16:59,UNVR,RG,4980,10,D,CC,MG,D
14:16:59,UNVR,RG,4980,1,F,AK,MG,D
14:16:59,UNVR,RG,4980,16,F,AK,MG,D
14:16:59,UNVR,RG,4980,100,F,BK,MG,D
14:16:59,UNVR,RG,4980,400,D,CC,MG,D
14:16:59,UNVR,RG,4980,2,D,XC,MG,D
14:16:59,UNVR,RG,4980,5,D,YP,MG,D
14:16:59,UNVR,RG,4980,878,D,BB,MG,D
14:16:59,UNVR,RG,4980,10,F,CS,MG,D
14:16:59,UNVR,RG,4980,10,D,NI,MG,D
14:16:59,UNVR,RG,4980,12,F,BK,MG,D
14:16:59,UNVR,RG,4980,2,D,LG,MG,D
14:16:59,UNVR,RG,4980,1,D,PD,MG,D
14:16:59,UNVR,RG,4980,2,D,PD,MG,D
14:16:59,UNVR,RG,4980,10,D,GR,MG,D
14:16:59,UNVR,RG,4980,10,D,PD,MG,D
14:16:59,UNVR,RG,4980,10,D,PD,MG,D
14:16:59,UNVR,RG,4980,300,D,CP,MG,D
14:16:59,UNVR,RG,4980,2,F,AK,MG,D
14:16:59,UNVR,RG,4980,30,D,CC,MG,D
14:16:59,UNVR,RG,4980,1,D,CC,MG,D
14:16:59,UNVR,RG,4980,3,D,YP,MG,D
14:16:59,UNVR,RG,4980,108,F,BK,MG,D
14:16:59,UNVR,RG,4980,34,F,BK,MG,D
14:16:59,UNVR,RG,4980,29,D,KK,MG,D
14:16:59,UNVR,RG,4980,448,F,ZP,MG,D
14:16:59,UNVR,RG,4980,6,F,ZP,MG,D
14:16:59,UNVR,RG,4980,5,D,PD,MG,D
14:16:59,UNVR,RG,4980,50,D,YP,MG,D
14:16:59,UNVR,RG,4980,1,D,YP,MG,D
14:16:59,UNVR,RG,4980,20,D,GR,MG,D
14:16:59,UNVR,RG,4980,3,D,NI,MG,D
14:16:59,UNVR,RG,4980,300,D,BB,MG,D
14:16:59,UNVR,RG,4980,2,D,YP,MG,D
14:16:59,UNVR,RG,4980,1,F,AK,MG,D
14:16:59,UNVR,RG,4980,12,F,ZP,MG,D
14:16:59,UNVR,RG,4980,190,F,YU,MG,D
14:16:59,UNVR,RG,4980,100,D,PD,MG,D
14:16:59,UNVR,RG,4980,20,D,LG,MG,D
14:16:59,UNVR,RG,4980,4,D,PD,MG,D
14:16:59,UNVR,RG,4980,8,F,CS,MG,D
14:16:59,UNVR,RG,4980,5,D,PD,MG,D
14:16:59,UNVR,RG,4980,35,D,YP,MG,D
14:16:59,UNVR,RG,4980,100,D,YP,MG,D
14:16:59,UNVR,RG,4980,30,D,EP,MG,D
14:16:59,UNVR,RG,4980,68,F,YU,MG,D
14:16:59,UNVR,RG,4980,16,F,AK,MG,D
14:16:59,UNVR,RG,4980,32,D,YB,MG,D
14:16:57,UNVR,RG,4980,3,D,YB,AK,F
14:16:57,UNVR,RG,4990,50,D,PD,YJ,D
14:16:54,UNVR,RG,4980,2,D,YB,AK,F
14:16:53,UNVR,RG,4990,4,D,LG,YJ,D
14:16:44,UNVR,RG,4980,8,D,YB,ZP,F
14:16:44,UNVR,RG,4980,16,D,YP,ZP,F
14:16:44,UNVR,RG,4980,1,D,YP,AK,F
14:16:43,UNVR,RG,4990,2,D,XL,YJ,D
14:16:42,UNVR,RG,4990,10,D,LG,YJ,D
14:16:36,UNVR,RG,4980,2,D,YP,AK,F
14:16:36,UNVR,RG,4980,1,D,YP,ZP,F
14:16:36,UNVR,RG,4980,2,D,YP,ZP,F
14:16:36,UNVR,RG,4980,2,D,YP,ZP,F
14:16:36,UNVR,RG,4980,1,D,DH,ZP,F
14:16:36,UNVR,RG,4980,1,F,AK,ZP,F
14:16:36,UNVR,RG,4980,17,F,AK,ZP,F
14:16:35,UNVR,RG,4980,7,F,AK,AK,F
14:16:35,UNVR,RG,4980,3,F,AK,AK,F
14:16:35,UNVR,RG,4980,2,F,AK,AK,F
14:16:35,UNVR,RG,4980,5,D,YB,AK,F
14:16:35,UNVR,RG,4980,1,F,AK,AK,F
14:16:35,UNVR,RG,4980,1,F,AK,AK,F
14:16:35,UNVR,RG,4980,2,D,YU,AK,F
14:16:35,UNVR,RG,4980,70,F,BK,AK,F
14:16:35,UNVR,RG,4980,7,F,BK,AK,F
14:16:35,UNVR,RG,4990,795,D,PD,YJ,D
14:16:35,UNVR,RG,4990,10,D,PD,CC,D
14:16:35,UNVR,RG,4990,26,D,PD,SQ,D
14:16:35,UNVR,RG,4990,1,D,PD,SQ,D
14:16:35,UNVR,RG,4990,20,D,PD,YP,D
14:16:35,UNVR,RG,4990,5,D,PD,OD,D
14:16:35,UNVR,RG,4990,5,D,PD,OD,D
14:16:35,UNVR,RG,4990,3,D,PD,OD,D
14:16:35,UNVR,RG,4990,5,D,PD,OD,D
14:16:35,UNVR,RG,4990,8,D,PD,PD,D
14:16:35,UNVR,RG,4990,12,D,PD,PD,D
14:16:35,UNVR,RG,4990,49,D,PD,TP,D
14:16:35,UNVR,RG,4990,20,D,PD,YU,D
14:16:35,UNVR,RG,4990,200,D,PD,CC,D
14:16:35,UNVR,RG,4990,4,D,PD,SQ,D
14:16:35,UNVR,RG,4990,10,D,PD,CC,D
14:16:35,UNVR,RG,4990,5,D,PD,TP,D
14:16:35,UNVR,RG,4990,70,D,PD,PD,D
14:16:35,UNVR,RG,4990,19,D,PD,NI,D
14:16:35,UNVR,RG,4990,2,D,PD,DR,D
14:16:35,UNVR,RG,4990,8,D,PD,PD,D
14:16:35,UNVR,RG,4990,2,D,PD,AI,D
14:16:35,UNVR,RG,4990,2,D,PD,CC,D
14:16:35,UNVR,RG,4990,10,D,PD,CC,D
14:16:35,UNVR,RG,4990,1,D,PD,YP,D
14:16:35,UNVR,RG,4990,2,D,PD,AG,D
14:16:29,UNVR,RG,4990,1,D,CC,AG,D
14:16:25,UNVR,RG,4980,9,F,BK,AK,F
14:16:24,UNVR,RG,4990,7,D,PD,AG,D
14:16:24,UNVR,RG,4990,10,D,PD,PD,D
14:16:24,UNVR,RG,4990,83,D,PD,AO,D
14:16:18,UNVR,RG,4990,3,D,XC,AO,D
14:16:12,UNVR,RG,4980,22,F,BK,ZP,F
14:16:01,UNVR,RG,4990,1,D,CC,AO,D
14:16:00,UNVR,RG,4980,3,F,BK,AK,F
14:16:00,UNVR,RG,4990,44,F,YU,AO,D
14:15:57,UNVR,RG,4980,10,F,BK,AK,F
14:15:56,UNVR,RG,4980,23,F,BK,ZP,F
14:15:55,UNVR,RG,4990,69,D,DR,AO,D
14:15:55,UNVR,RG,4990,1,D,DR,YB,D
14:15:55,UNVR,RG,4990,2,D,DR,YP,D
14:15:55,UNVR,RG,4990,28,D,DR,YP,D
14:15:42,UNVR,RG,4980,3,F,BK,AK,F
14:15:42,UNVR,RG,4990,1,D,YU,YP,D
14:15:39,UNVR,RG,4980,50,F,BK,YP,D
14:15:31,UNVR,RG,4980,2,F,BK,AK,F
14:15:31,UNVR,RG,4980,23,F,BK,ZP,F
14:15:31,UNVR,RG,4980,3,F,BK,XC,D
14:15:29,UNVR,RG,4980,6,F,BK,AK,F
14:15:28,UNVR,RG,4990,21,D,XL,YP,D
14:15:28,UNVR,RG,4990,10,D,XL,PD,D
14:15:28,UNVR,RG,4990,1,D,XL,XC,D
14:15:28,UNVR,RG,4990,1,D,XL,CC,D
14:15:28,UNVR,RG,4990,5,D,XL,PD,D
14:15:28,UNVR,RG,4990,43,D,XL,KK,D
14:15:27,UNVR,RG,4980,1,F,BK,AK,F
14:15:26,UNVR,RG,4980,2,F,BK,AK,F
14:15:26,UNVR,RG,4990,16,F,BK,KK,D
14:15:26,UNVR,RG,4980,22,F,BK,ZP,F
14:15:26,UNVR,RG,4980,13,F,BK,AK,F
14:15:26,UNVR,RG,4990,171,F,YU,KK,D
14:15:23,UNVR,RG,4990,1,D,YP,KK,D
14:15:19,UNVR,RG,4980,1,F,BK,AK,F
14:15:17,UNVR,RG,4990,15,F,BK,KK,D
14:15:15,UNVR,RG,4980,82,F,BK,AK,F
14:15:15,UNVR,RG,4980,30,F,ZP,AK,F
14:15:13,UNVR,RG,4980,22,F,ZP,ZP,F
14:15:13,UNVR,RG,4990,87,D,PD,KK,D
14:15:13,UNVR,RG,4990,10,D,PD,OD,D
14:15:13,UNVR,RG,4990,5,D,PD,LG,D
14:15:13,UNVR,RG,4990,10,D,PD,YP,D
14:15:13,UNVR,RG,4990,5,D,PD,PD,D
14:15:13,UNVR,RG,4990,15,D,PD,YP,D
14:15:13,UNVR,RG,4990,1162,D,PD,AZ,D
14:15:12,UNVR,RG,4990,18,F,BK,AZ,D
14:15:10,UNVR,RG,4990,100,D,YP,AZ,D
14:15:07,UNVR,RG,4980,1,F,ZP,OD,D
14:15:07,UNVR,RG,4990,15,F,BK,AZ,D
14:15:04,UNVR,RG,4980,7,F,ZP,ZP,F
14:15:04,UNVR,RG,4980,16,F,CS,ZP,F
14:15:04,UNVR,RG,4980,3,D,YP,ZP,F
14:15:04,UNVR,RG,4980,42,D,YP,AK,F
14:15:04,UNVR,RG,4980,2,D,YP,KZ,F
14:15:04,UNVR,RG,4980,2,D,YP,KZ,F
14:15:04,UNVR,RG,4980,343,D,YP,KZ,F
14:15:03,UNVR,RG,4990,3,F,ZP,AZ,D
14:15:01,UNVR,RG,4980,3,D,YP,KZ,F
14:15:01,UNVR,RG,4980,1,D,YP,KZ,F
14:15:01,UNVR,RG,4980,1,D,YP,KZ,F
14:15:01,UNVR,RG,4980,2,D,YP,KZ,F
14:15:01,UNVR,RG,4980,27,D,YP,KZ,F
14:15:01,UNVR,RG,4980,125,D,YP,KZ,F
14:14:59,UNVR,RG,4980,22,D,YP,ZP,F
14:14:59,UNVR,RG,4990,18,F,BK,AZ,D
14:14:54,UNVR,RG,4990,20,F,BK,AZ,D
14:14:53,UNVR,RG,4980,1,D,YP,YP,D
14:14:52,UNVR,RG,4980,38,D,YP,AK,F
14:14:51,UNVR,RG,4990,480,D,CC,AZ,D
14:14:50,UNVR,RG,4980,23,D,YP,ZP,F
14:14:50,UNVR,RG,4980,6,D,YP,AK,F
14:14:49,UNVR,RG,4990,10,D,NI,AZ,D
14:14:46,UNVR,RG,4990,4,F,ZP,AZ,D
14:14:46,UNVR,RG,4990,29,F,YU,AZ,D
14:14:43,UNVR,RG,4980,10,D,YP,CC,D
14:14:35,UNVR,RG,4980,22,D,YP,ZP,F
14:14:35,UNVR,RG,4980,9,D,YP,AK,F
14:14:34,UNVR,RG,4990,100,D,DR,AZ,D
14:14:34,UNVR,RG,4990,15,D,NI,AZ,D
14:14:28,UNVR,RG,4990,4,F,ZP,AZ,D
14:14:22,UNVR,RG,4980,6,D,YP,AK,F
14:14:21,UNVR,RG,4990,50,D,CC,AZ,D
14:14:13,UNVR,RG,4980,23,D,YP,ZP,F
14:14:12,UNVR,RG,4990,1,D,KK,AZ,D
14:14:11,UNVR,RG,4990,5,F,ZP,AZ,D
14:13:57,UNVR,RG,4980,3,D,YP,AK,F
14:13:57,UNVR,RG,4980,4,D,YP,CC,D
14:13:56,UNVR,RG,4990,18,F,YU,AZ,D
14:13:51,UNVR,RG,4980,22,D,YP,ZP,F
14:13:51,UNVR,RG,4980,1,D,YP,AK,F
14:13:51,UNVR,RG,4990,5,F,ZP,AZ,D
14:13:45,UNVR,RG,4980,4,D,YP,BQ,D
14:13:33,UNVR,RG,4980,1,D,YP,YP,D
14:13:33,UNVR,RG,4980,2,D,YP,AK,F
14:13:32,UNVR,RG,4990,6,F,ZP,AZ,D
14:13:19,UNVR,RG,4980,24,D,YP,ZP,F
14:13:19,UNVR,RG,4980,1,D,YP,AK,F
14:13:19,UNVR,RG,4990,7,F,YU,AZ,D
14:13:12,UNVR,RG,4980,4,D,YP,AK,F
14:13:12,UNVR,RG,4990,4,F,ZP,AZ,D
14:12:58,UNVR,RG,4990,3,D,EP,AZ,D
14:12:55,UNVR,RG,4990,6,F,YU,AZ,D
14:12:53,UNVR,RG,4980,23,D,YP,ZP,F
14:12:53,UNVR,RG,4990,3,F,ZP,AZ,D
14:12:52,UNVR,RG,4980,15,D,YP,OD,D
14:12:42,UNVR,RG,4980,5,D,YP,KK,D
14:12:37,UNVR,RG,4990,3,F,ZP,AZ,D
14:12:30,UNVR,RG,4980,2,D,YP,AK,F
14:12:30,UNVR,RG,4980,24,D,YP,ZP,F
14:12:29,UNVR,RG,4980,10,D,YP,AK,F
14:12:29,UNVR,RG,4990,19,F,BK,AZ,D
14:12:29,UNVR,RG,4990,112,F,YU,AZ,D
14:12:27,UNVR,RG,4980,5,D,YP,AK,F
14:12:26,UNVR,RG,4990,66,F,BK,AZ,D
14:12:26,UNVR,RG,4980,2,D,YP,AK,F
14:12:26,UNVR,RG,4980,23,D,YP,ZP,F
14:12:25,UNVR,RG,4980,133,D,YP,AK,F
14:12:25,UNVR,RG,4990,1,D,XC,AZ,D
14:12:25,UNVR,RG,4990,422,F,BK,AZ,D
14:12:25,UNVR,RG,4990,731,D,PD,AZ,D
14:12:25,UNVR,RG,4990,20,D,PD,YP,D
14:12:25,UNVR,RG,4990,20,D,PD,YP,D
14:12:25,UNVR,RG,4990,20,D,PD,YP,D
14:12:25,UNVR,RG,4990,10,D,PD,EP,D
14:12:25,UNVR,RG,4990,1,D,PD,GR,D
14:12:25,UNVR,RG,4990,37,D,PD,NI,D
14:12:25,UNVR,RG,4990,1,D,PD,XL,D
14:12:25,UNVR,RG,4990,2,D,PD,DH,D
14:12:25,UNVR,RG,4990,10,D,PD,ZP,D
14:12:25,UNVR,RG,4990,5,D,PD,CC,D
14:12:25,UNVR,RG,4990,2,D,PD,CC,D
14:12:25,UNVR,RG,4990,5,D,PD,YP,D
14:12:25,UNVR,RG,4990,200,D,PD,KK,D
14:12:25,UNVR,RG,4990,100,D,PD,YP,D
14:12:25,UNVR,RG,4990,27,D,PD,YP,D
14:12:25,UNVR,RG,4990,25,D,PD,YP,D
14:12:25,UNVR,RG,4990,10,D,PD,NI,D
14:12:25,UNVR,RG,4990,50,D,PD,YP,D
14:12:25,UNVR,RG,4990,18,D,PD,CC,D
14:12:19,UNVR,RG,4990,3,F,ZP,CC,D
14:12:19,UNVR,RG,4990,3,D,XL,CC,D
14:12:14,UNVR,RG,4980,25,D,YP,ZP,F
14:12:14,UNVR,RG,4990,16,D,EP,CC,D
14:12:14,UNVR,RG,4990,1,D,EP,YP,D
14:12:14,UNVR,RG,4990,1,D,EP,YP,D
14:12:11,UNVR,RG,4990,1,D,NI,YP,D
14:12:03,UNVR,RG,4980,5,D,YP,AK,F
14:12:03,UNVR,RG,4990,2,F,ZP,YP,D
14:12:03,UNVR,RG,4990,2,F,ZP,CC,D
14:11:55,UNVR,RG,4980,1,D,YP,DH,D
14:11:54,UNVR,RG,4980,22,D,YP,ZP,F
14:11:54,UNVR,RG,4980,40,D,YP,YP,D
14:11:45,UNVR,RG,4990,1,F,YU,CC,D
14:11:45,UNVR,RG,4990,1,F,YU,NI,D
14:11:43,UNVR,RG,4990,4,F,ZP,NI,D
14:11:40,UNVR,RG,4980,1,D,YP,LS,D
14:11:29,UNVR,RG,4980,6,D,YP,AK,F
14:11:28,UNVR,RG,4980,24,D,YP,ZP,F
14:11:28,UNVR,RG,4990,1,D,SQ,NI,D
14:11:24,UNVR,RG,4990,5,F,ZP,NI,D
14:11:23,UNVR,RG,4990,23,D,LG,NI,D
14:11:22,UNVR,RG,4980,7,D,YP,AK,F
14:11:22,UNVR,RG,4980,20,D,YP,CC,D
14:11:21,UNVR,RG,4980,22,D,YP,ZP,F
14:11:21,UNVR,RG,4990,17,F,BK,NI,D
14:11:18,UNVR,RG,4980,21,D,YP,YP,D
14:11:07,UNVR,RG,4980,5,D,YP,PD,D
14:11:06,UNVR,RG,4990,3,F,ZP,NI,D
14:11:06,UNVR,RG,4990,1,D,XC,NI,D
14:11:06,UNVR,RG,4990,1,D,XC,KK,D
14:11:02,UNVR,RG,4980,22,D,YP,ZP,F
14:11:02,UNVR,RG,4980,1,D,YP,AT,D
14:11:01,UNVR,RG,4980,21,D,YP,AK,F
14:11:01,UNVR,RG,4980,281,D,YP,KZ,F
14:10:52,UNVR,RG,4980,3,D,YP,KZ,F
14:10:49,UNVR,RG,4980,2,D,YP,AK,F
14:10:48,UNVR,RG,4980,23,D,YP,ZP,F
14:10:48,UNVR,RG,4980,1,D,YP,KZ,F
14:10:48,UNVR,RG,4980,2,D,YP,KZ,F
14:10:48,UNVR,RG,4990,3,F,ZP,KK,D
14:10:33,UNVR,RG,4980,1,D,YP,AK,F
14:10:33,UNVR,RG,4990,6,D,YP,KK,D
14:10:28,UNVR,RG,4990,4,F,ZP,GR,D
14:10:25,UNVR,RG,4980,2,D,YP,AK,F
14:10:25,UNVR,RG,4980,23,D,YP,ZP,F
14:10:25,UNVR,RG,4980,1,D,YP,AK,F
14:10:24,UNVR,RG,4990,6,F,BK,GR,D
14:10:24,UNVR,RG,4990,3,F,BK,RO,D
14:10:24,UNVR,RG,4990,8,F,BK,PD,D
14:10:23,UNVR,RG,4980,2,D,YP,AK,F
14:10:23,UNVR,RG,4980,17,D,YP,KZ,F
14:10:23,UNVR,RG,4980,2,D,YP,KZ,F
14:10:23,UNVR,RG,4980,1,D,YP,KZ,F
14:10:23,UNVR,RG,4980,1,D,YP,SQ,D
14:10:14,UNVR,RG,4980,2,D,YP,AK,F
14:10:13,UNVR,RG,4980,23,D,YP,ZP,F
14:10:12,UNVR,RG,4990,2,F,ZP,PD,D
14:10:12,UNVR,RG,4990,3,F,ZP,CC,D
14:10:05,UNVR,RG,4980,1,D,YP,AK,F
14:10:05,UNVR,RG,4980,21,D,YP,YP,D
14:09:58,UNVR,RG,4980,2,D,YP,AK,F
14:09:57,UNVR,RG,4980,23,D,YP,ZP,F
14:09:57,UNVR,RG,4980,4,D,YP,AK,F
14:09:57,UNVR,RG,4990,1,D,XC,GR,D
14:09:57,UNVR,RG,4990,20,D,XC,DH,D
14:09:57,UNVR,RG,4990,7,D,XC,PD,D
14:09:57,UNVR,RG,4990,4,D,XC,NI,D
14:09:57,UNVR,RG,4990,3,D,XC,NI,D
14:09:57,UNVR,RG,4990,3,D,XC,YB,D
14:09:57,UNVR,RG,4990,5,D,XC,EP,D
14:09:57,UNVR,RG,4990,5,D,XC,PD,D
14:09:57,UNVR,RG,4990,1,D,XC,DR,D
14:09:57,UNVR,RG,4990,5,D,XC,TF,D
14:09:55,UNVR,RG,4980,1,D,YP,AK,F
14:09:54,UNVR,RG,4990,4,F,ZP,TF,D
14:09:53,UNVR,RG,4980,2,D,YP,XC,D
14:09:38,UNVR,RG,4990,3,F,ZP,TF,D
14:09:35,UNVR,RG,4980,2,D,YP,AK,F
14:09:35,UNVR,RG,4980,23,D,YP,ZP,F
14:09:35,UNVR,RG,4990,5,D,LG,TF,D
14:09:28,UNVR,RG,4990,1,D,DR,TF,D
14:09:18,UNVR,RG,4990,3,F,ZP,TF,D
14:09:04,UNVR,RG,4980,1,D,YP,AK,F
14:09:03,UNVR,RG,4990,16,F,YU,TF,D
14:08:52,UNVR,RG,4980,25,D,YP,ZP,F
14:08:52,UNVR,RG,4980,1,D,YP,CC,D
14:08:50,UNVR,RG,4980,38,D,YP,CC,D
14:08:47,UNVR,RG,4980,1,D,YP,PD,D
14:08:46,UNVR,RG,4990,63,D,CD,TF,D
14:08:46,UNVR,RG,4990,2,D,CD,EL,D
14:08:46,UNVR,RG,4990,2,D,CD,YB,D
14:08:46,UNVR,RG,4990,1,D,CD,YP,D
14:08:46,UNVR,RG,4990,3,D,CD,CC,D
14:08:46,UNVR,RG,4990,2,D,CD,PD,D
14:08:46,UNVR,RG,4990,10,D,CD,PD,D
14:08:46,UNVR,RG,4990,1,D,CD,KK,D
14:08:46,UNVR,RG,4990,5,D,CD,PD,D
14:08:46,UNVR,RG,4990,1,D,CD,XL,D
14:08:46,UNVR,RG,4990,1,D,CD,YP,D
14:08:46,UNVR,RG,4990,10,D,CD,YP,D
14:08:46,UNVR,RG,4990,5,D,CD,PD,D
14:08:46,UNVR,RG,4990,5,D,CD,PD,D
14:08:46,UNVR,RG,4990,5,D,CD,TP,D
14:08:46,UNVR,RG,4990,1,D,CD,PD,D
14:08:46,UNVR,RG,4990,2,D,CD,AZ,D
14:08:46,UNVR,RG,4990,2,D,CD,YP,D
14:08:46,UNVR,RG,4990,3,D,CD,XC,D
14:08:46,UNVR,RG,4990,1,D,CD,GR,D
14:08:46,UNVR,RG,4990,4,D,CD,YP,D
14:08:46,UNVR,RG,4990,1,D,CD,LG,D
14:08:46,UNVR,RG,4990,2,D,CD,KK,D
14:08:46,UNVR,RG,4990,68,D,CD,ZP,F
14:08:46,UNVR,RG,4980,4,D,YP,KZ,F
14:08:44,UNVR,RG,4980,16,D,YP,KZ,F
14:08:44,UNVR,RG,4980,2,D,YP,KZ,F
14:08:43,UNVR,RG,4980,1,D,YP,KZ,F
14:08:43,UNVR,RG,4980,23,D,YP,ZP,F
14:08:43,UNVR,RG,4990,8,F,YU,ZP,F
14:08:39,UNVR,RG,4980,10,D,YP,LG,D
14:08:36,UNVR,RG,4990,7,D,XL,ZP,F
14:08:33,UNVR,RG,4990,25,D,HP,ZP,F
14:08:31,UNVR,RG,4990,11,D,LG,ZP,F
14:08:25,UNVR,RG,4980,22,D,YP,ZP,F
14:08:24,UNVR,RG,4990,30,F,YU,ZP,F
14:08:19,UNVR,RG,4990,1,D,XC,ZP,F
14:08:09,UNVR,RG,4980,5,D,YP,YP,D
14:08:06,UNVR,RG,4990,1,D,PD,ZP,F
14:07:56,UNVR,RG,4980,2,D,YP,DR,D
14:07:55,UNVR,RG,4980,23,D,YP,ZP,F
14:07:54,UNVR,RG,4980,250,D,YP,YP,D
14:07:50,UNVR,RG,4990,1,D,LG,ZP,F
14:07:48,UNVR,RG,4990,1,D,AZ,ZP,F
14:07:47,UNVR,RG,4990,10,D,XC,ZP,F
14:07:35,UNVR,RG,4990,3,D,DX,ZP,F
14:07:31,UNVR,RG,4980,22,D,YP,ZP,F
14:07:27,UNVR,RG,4990,7,F,YU,ZP,F
14:07:27,UNVR,RG,4990,10,F,YU,DR,D
14:07:27,UNVR,RG,4990,5,F,YU,GR,D
14:07:27,UNVR,RG,4990,1,F,YU,YP,D
14:07:27,UNVR,RG,4990,9,F,YU,CC,D
14:07:27,UNVR,RG,4990,4,F,YU,ZP,F
14:07:27,UNVR,RG,4990,7,F,YU,PD,D
14:07:27,UNVR,RG,4990,10,F,YU,CC,D
14:07:27,UNVR,RG,4990,176,F,YU,NI,D
14:07:23,UNVR,RG,4990,18,F,BK,NI,D
14:07:20,UNVR,RG,4990,56,F,BK,NI,D
14:07:20,UNVR,RG,4990,1,F,BK,GR,D
14:07:20,UNVR,RG,4990,45,F,BK,YU,D
14:07:20,UNVR,RG,4980,63,D,YP,CC,F
14:07:20,UNVR,RG,4980,22,D,YP,ZP,F
14:07:20,UNVR,RG,4980,55,D,YP,KZ,F
14:07:20,UNVR,RG,4980,39,D,YP,AK,F
14:07:20,UNVR,RG,4980,99,D,YP,AK,F
14:07:20,UNVR,RG,4980,1540,D,YP,AK,F
14:07:20,UNVR,RG,4980,63,D,YP,KZ,F
14:07:20,UNVR,RG,4980,122,D,YP,KZ,F
14:07:20,UNVR,RG,4980,13,D,YP,KZ,F
14:07:20,UNVR,RG,4980,3,D,YP,KZ,F
14:07:20,UNVR,RG,4980,40,D,YP,CC,D
14:07:20,UNVR,RG,4980,2,D,YP,XC,D
14:07:20,UNVR,RG,4980,1,D,YP,KZ,F
14:07:20,UNVR,RG,4980,1,D,YP,KZ,F
14:07:20,UNVR,RG,4980,2,D,YP,KZ,F
14:07:20,UNVR,RG,4980,1,D,YP,KZ,F
14:07:20,UNVR,RG,4980,11,D,YP,KZ,F
14:07:20,UNVR,RG,4980,50,D,YP,YP,D
14:07:20,UNVR,RG,4980,6,D,YP,PD,D
14:07:20,UNVR,RG,4980,26,D,YP,DR,D
14:07:20,UNVR,RG,4980,1,D,YP,XL,D
14:07:20,UNVR,RG,4980,100,D,YP,PD,D
14:07:20,UNVR,RG,4980,1,D,YP,XC,D
14:07:20,UNVR,RG,4980,1,D,YP,DH,D
14:07:20,UNVR,RG,4980,1,D,YP,XC,D
14:07:20,UNVR,RG,4980,5,D,YP,CC,D
14:07:20,UNVR,RG,4980,1,D,YP,SQ,D
14:07:20,UNVR,RG,4980,1,D,YP,YP,D
14:07:20,UNVR,RG,4980,1,D,YP,YP,D
14:07:20,UNVR,RG,4980,15,D,YP,CC,D
14:07:20,UNVR,RG,4980,1,D,YP,YP,D
14:07:20,UNVR,RG,4980,1,D,YP,PD,D
14:07:20,UNVR,RG,4980,10,D,YP,YP,D
14:07:20,UNVR,RG,4980,50,D,YP,YU,D
14:07:20,UNVR,RG,4980,10,D,YP,CC,F
14:07:20,UNVR,RG,4980,150,D,YP,NI,D
14:07:20,UNVR,RG,4980,50,D,YP,NI,D
14:07:20,UNVR,RG,4980,12,D,YP,CC,D
14:07:20,UNVR,RG,4980,10,D,YP,ZP,D
14:07:20,UNVR,RG,4980,5,D,YP,KK,D
14:07:20,UNVR,RG,4980,5,D,YP,CC,D
14:07:20,UNVR,RG,4980,1,D,YP,CC,D
14:07:20,UNVR,RG,4980,88,D,YP,ZP,F
14:07:13,UNVR,RG,4980,16,F,BK,ZP,F
14:07:11,UNVR,RG,4980,240,D,YP,ZP,F
14:07:09,UNVR,RG,4980,16,F,BK,ZP,F
14:07:09,UNVR,RG,4970,4,D,DH,ZP,F
14:07:09,UNVR,RG,4970,1,D,LG,ZP,F
14:07:09,UNVR,RG,4970,9,F,YU,ZP,F
14:07:09,UNVR,RG,4970,5,D,LG,ZP,F
14:07:09,UNVR,RG,4970,3,D,LG,ZP,F
14:07:09,UNVR,RG,4980,251,D,BB,ZP,F
14:07:09,UNVR,RG,4980,3,D,BB,CC,D
14:07:09,UNVR,RG,4980,4,D,BB,AK,F
14:07:09,UNVR,RG,4980,3,D,BB,XC,D
14:07:09,UNVR,RG,4980,29,D,BB,AK,F
14:07:09,UNVR,RG,4980,48,D,BB,AK,F
14:07:09,UNVR,RG,4980,62,D,BB,AK,F
14:07:09,UNVR,RG,4980,500,F,BB,AK,F
14:07:09,UNVR,RG,4980,140,D,BB,AK,F
14:07:05,UNVR,RG,4980,6,D,LG,AK,F
14:07:03,UNVR,RG,4980,3,F,YU,AK,F
14:07:02,UNVR,RG,4980,17,D,KK,AK,F
14:07:02,UNVR,RG,4970,1,D,PD,XC,D
14:06:57,UNVR,RG,4970,9,D,PD,ZP,F
14:06:57,UNVR,RG,4970,15,D,YP,ZP,F
14:06:57,UNVR,RG,4970,11,D,YP,AK,F
14:06:57,UNVR,RG,4980,166,D,YP,AK,F
14:06:57,UNVR,RG,4980,2,D,YP,PD,D
14:06:57,UNVR,RG,4980,10,D,YP,CC,D
14:06:57,UNVR,RG,4980,5,D,YP,GR,D
14:06:57,UNVR,RG,4980,2,D,YP,KZ,F
14:06:57,UNVR,RG,4980,94,D,YP,KZ,F
14:06:57,UNVR,RG,4980,1,D,YP,KK,D
14:06:57,UNVR,RG,4980,8,D,YP,YP,D
14:06:57,UNVR,RG,4980,2,D,YP,XL,D
14:06:57,UNVR,RG,4980,1,D,YP,XL,D
14:06:57,UNVR,RG,4980,9,D,YP,CC,D
14:06:57,UNVR,RG,4980,2,D,YP,CC,D
14:06:54,UNVR,RG,4980,4,D,PD,CC,D
14:06:54,UNVR,RG,4980,1,D,AZ,CC,D
14:06:51,UNVR,RG,4970,25,D,YP,ZP,F
14:06:51,UNVR,RG,4970,5,D,CC,AK,F
14:06:51,UNVR,RG,4970,1,D,XL,AK,F
14:06:51,UNVR,RG,4970,4,F,ZP,AK,F
14:06:51,UNVR,RG,4970,4,D,CC,AK,F
14:06:50,UNVR,RG,4970,1,D,CC,AK,F
14:06:50,UNVR,RG,4970,85,F,BK,AK,F
14:06:50,UNVR,RG,4970,1,D,LG,AK,F
14:06:50,UNVR,RG,4970,1,D,AI,AK,F
14:06:50,UNVR,RG,4970,106,F,ZP,AK,F
14:06:50,UNVR,RG,4980,43,D,BB,CC,D
14:06:50,UNVR,RG,4980,15,D,BB,CC,D
14:06:50,UNVR,RG,4980,22,D,BB,SQ,D
14:06:50,UNVR,RG,4980,10,D,BB,XC,D
14:06:50,UNVR,RG,4980,10,D,BB,XC,D
14:06:50,UNVR,RG,4980,2,D,BB,DR,D
14:06:50,UNVR,RG,4980,1,D,BB,KK,D
14:06:50,UNVR,RG,4980,3,D,BB,OD,D
14:06:50,UNVR,RG,4980,1,D,BB,PD,D
14:06:50,UNVR,RG,4980,893,D,BB,PD,D
14:06:50,UNVR,RG,4980,707,F,BB,PD,D
14:06:50,UNVR,RG,4980,3,F,BB,DH,D
14:06:50,UNVR,RG,4980,25,F,BB,KK,D
14:06:50,UNVR,RG,4980,60,F,BB,CC,D
14:06:50,UNVR,RG,4980,10,F,BB,PD,D
14:06:50,UNVR,RG,4980,3,F,BB,NI,D
14:06:50,UNVR,RG,4980,1,F,BB,PD,D
14:06:50,UNVR,RG,4980,1,F,BB,PD,D
14:06:50,UNVR,RG,4980,5,F,BB,PD,D
14:06:50,UNVR,RG,4980,80,F,BB,PD,D
14:06:50,UNVR,RG,4980,5,F,BB,PD,D
14:06:50,UNVR,RG,4980,1,F,BB,NI,D
14:06:50,UNVR,RG,4980,2,F,BB,EL,D
14:06:50,UNVR,RG,4980,10,F,BB,PD,D
14:06:50,UNVR,RG,4980,1,F,BB,YP,D
14:06:50,UNVR,RG,4980,10,F,BB,PD,D
14:06:50,UNVR,RG,4980,5,F,BB,PD,D
14:06:50,UNVR,RG,4980,321,F,BB,KK,D
14:06:50,UNVR,RG,4980,179,D,BB,KK,D
14:06:50,UNVR,RG,4980,10,D,BB,OD,D
14:06:50,UNVR,RG,4980,10,D,BB,YP,D
14:06:50,UNVR,RG,4980,1,D,BB,PD,D
14:06:50,UNVR,RG,4980,20,D,BB,YP,D
14:06:50,UNVR,RG,4980,5,D,BB,PD,D
14:06:50,UNVR,RG,4980,125,D,BB,AZ,D
14:06:47,UNVR,RG,4980,2,D,HP,AZ,D
14:06:46,UNVR,RG,4970,1,F,ZP,PD,D
14:06:35,UNVR,RG,4970,21,F,ZP,ZP,F
14:06:35,UNVR,RG,4970,1,F,AK,ZP,F
14:06:35,UNVR,RG,4970,3,D,DR,ZP,F
14:06:34,UNVR,RG,4970,2,D,DR,AK,F
14:06:34,UNVR,RG,4970,2,D,XC,AK,F
14:06:34,UNVR,RG,4970,52,F,YU,AK,F
14:06:34,UNVR,RG,4970,5,F,ZP,AK,F
14:06:34,UNVR,RG,4980,169,D,EP,AZ,D
14:06:30,UNVR,RG,4970,1,D,BB,KK,D
14:06:21,UNVR,RG,4970,173,D,BB,AZ,D
14:06:21,UNVR,RG,4970,1,F,AK,AZ,D
14:06:21,UNVR,RG,4970,2,D,LG,AZ,D
14:06:21,UNVR,RG,4970,24,D,AZ,AZ,D
14:06:17,UNVR,RG,4970,1,D,AZ,ZP,F
14:06:17,UNVR,RG,4970,3,D,PD,ZP,F
14:06:17,UNVR,RG,4970,15,F,BK,ZP,F
14:06:17,UNVR,RG,4970,4,D,DR,ZP,F
14:06:17,UNVR,RG,4970,20,D,DR,XC,D
14:06:09,UNVR,RG,4970,2,D,DR,PD,D
14:06:06,UNVR,RG,4970,2,D,DR,KK,D
14:05:41,UNVR,RG,4970,11,D,DR,CC,D
14:05:39,UNVR,RG,4970,22,D,DR,ZP,F
14:05:32,UNVR,RG,4970,13,D,DR,AZ,D
14:05:32,UNVR,RG,4970,158,D,BB,AZ,D
14:05:31,UNVR,RG,4970,1,D,BB,LG,D
14:05:28,UNVR,RG,4970,3,D,BB,KZ,F
14:05:26,UNVR,RG,4970,25,D,BB,PD,D
14:05:23,UNVR,RG,4970,24,D,BB,ZP,F
14:05:22,UNVR,RG,4980,1,D,PD,AZ,D
14:05:09,UNVR,RG,4970,10,D,BB,XC,D
14:05:04,UNVR,RG,4970,1,D,BB,KZ,F
14:05:01,UNVR,RG,4970,10,D,BB,KZ,F
14:05:01,UNVR,RG,4970,1,D,BB,KZ,F
14:05:01,UNVR,RG,4970,2,D,BB,KZ,F
14:04:58,UNVR,RG,4970,5,D,BB,KZ,F
14:04:58,UNVR,RG,4970,1,D,BB,KZ,F
14:04:58,UNVR,RG,4970,1,D,BB,KZ,F
14:04:58,UNVR,RG,4970,7,D,BB,KZ,F
14:04:58,UNVR,RG,4970,1,D,BB,KZ,F
14:04:58,UNVR,RG,4970,25,D,BB,ZP,F
14:04:58,UNVR,RG,4970,20,D,BB,YP,D
14:04:45,UNVR,RG,4970,8,D,BB,AK,F
14:04:45,UNVR,RG,4970,10,F,CS,AK,F
14:04:45,UNVR,RG,4970,2,D,XL,AK,F
14:04:45,UNVR,RG,4970,4,F,ZP,AK,F
14:04:44,UNVR,RG,4980,245,D,BB,AZ,D
14:04:44,UNVR,RG,4970,1,D,AZ,PD,D
14:04:42,UNVR,RG,4970,1,D,AZ,CC,D
14:04:42,UNVR,RG,4970,1,F,YU,CC,D
14:04:41,UNVR,RG,4970,12,F,YU,ZP,F
14:04:41,UNVR,RG,4970,13,F,BK,ZP,F
14:04:34,UNVR,RG,4980,10,D,NI,AZ,D
14:04:32,UNVR,RG,4980,1,D,PD,AZ,D
14:04:24,UNVR,RG,4970,5,F,BK,CC,D
14:04:24,UNVR,RG,4970,2,F,BK,ZP,F
14:04:24,UNVR,RG,4970,21,D,YP,ZP,F
14:04:23,UNVR,RG,4970,29,D,YP,AK,F
14:04:23,UNVR,RG,4980,31,D,CC,AZ,D
14:04:01,UNVR,RG,4970,5,D,CC,KK,D
14:04:01,UNVR,RG,4970,1,D,LG,KK,D
14:04:01,UNVR,RG,4970,10,D,SQ,KK,D
14:04:01,UNVR,RG,4970,3,D,LG,KK,D
14:04:01,UNVR,RG,4970,11,D,PD,KK,D
14:03:52,UNVR,RG,4970,9,D,PD,ZP,F
14:03:52,UNVR,RG,4970,3,F,ZP,ZP,F
14:03:52,UNVR,RG,4970,13,D,DH,ZP,F
14:03:36,UNVR,RG,4980,2,D,LG,AZ,D
14:03:33,UNVR,RG,4970,10,F,YU,YP,D
14:03:19,UNVR,RG,4980,4,D,LG,AZ,D
14:03:14,UNVR,RG,4970,53,F,YU,OD,D
14:03:14,UNVR,RG,4970,4,F,ZP,OD,D
14:03:14,UNVR,RG,4970,143,D,BB,OD,D
14:03:11,UNVR,RG,4970,24,D,BB,ZP,F
14:02:58,UNVR,RG,4970,1,D,BB,KZ,F
14:02:57,UNVR,RG,4980,5,D,CC,AZ,D
14:02:57,UNVR,RG,4970,1,D,BB,KZ,F
14:02:56,UNVR,RG,4970,22,D,BB,ZP,F
14:02:56,UNVR,RG,4970,33,D,BB,KZ,F
14:02:56,UNVR,RG,4970,1,D,PD,KZ,F
14:02:56,UNVR,RG,4970,2,F,AK,KZ,F
14:02:56,UNVR,RG,4970,20,D,LG,KZ,F
14:02:56,UNVR,RG,4970,1,F,AK,KZ,F
14:02:56,UNVR,RG,4970,16,F,ZP,KZ,F
14:02:56,UNVR,RG,4970,1,F,ZP,XC,D
14:02:48,UNVR,RG,4980,10,D,CC,AZ,D
14:02:39,UNVR,RG,4970,4,F,ZP,CC,D
14:02:33,UNVR,RG,4970,10,F,ZP,CC,D
14:02:30,UNVR,RG,4970,7,F,ZP,AK,F
14:02:30,UNVR,RG,4970,26,F,ZP,ZP,F
14:02:30,UNVR,RG,4970,64,F,ZP,AK,F
14:02:30,UNVR,RG,4980,784,F,ZP,AZ,D
14:02:19,UNVR,RG,4970,10,D,PD,GR,D
14:02:19,UNVR,RG,4970,4,F,ZP,GR,D
14:02:19,UNVR,RG,4970,61,F,BK,GR,D
14:02:18,UNVR,RG,4980,5,D,CC,AZ,D
14:02:06,UNVR,RG,4970,3,F,BK,AK,F
14:02:06,UNVR,RG,4970,15,F,BK,ZP,F
14:02:06,UNVR,RG,4970,1,D,YP,ZP,F
14:02:06,UNVR,RG,4970,10,F,YU,ZP,F
14:02:05,UNVR,RG,4970,11,F,YU,AK,F
14:02:05,UNVR,RG,4980,128,D,BB,AZ,D
14:02:04,UNVR,RG,4970,6,F,YU,DR,D
14:02:03,UNVR,RG,4970,5,F,YU,EP,D
14:02:03,UNVR,RG,4970,11,F,AK,EP,D
14:02:03,UNVR,RG,4970,5,D,AZ,EP,D
14:02:03,UNVR,RG,4970,1,D,PD,EP,D
14:02:03,UNVR,RG,4970,6,F,ZP,EP,D
14:02:03,UNVR,RG,4970,2,D,GR,EP,D
14:02:03,UNVR,RG,4970,4,F,YU,EP,D
14:02:03,UNVR,RG,4970,9,D,YP,EP,D
14:02:01,UNVR,RG,4970,1,D,YP,KZ,F
14:02:01,UNVR,RG,4970,10,D,LG,KZ,F
14:02:01,UNVR,RG,4970,1,D,YP,KZ,F
14:02:01,UNVR,RG,4970,4,D,YP,KZ,F
14:01:58,UNVR,RG,4970,5,D,YP,AK,F
14:01:58,UNVR,RG,4970,23,D,YP,ZP,F
14:01:58,UNVR,RG,4970,18,D,YP,AK,F
14:01:58,UNVR,RG,4970,1,F,AK,AK,F
14:01:58,UNVR,RG,4970,20,F,ZP,AK,F
14:01:58,UNVR,RG,4970,6,F,YU,AK,F
14:01:58,UNVR,RG,4970,5,D,AZ,AK,F
14:01:58,UNVR,RG,4970,17,D,AZ,KZ,F
14:01:58,UNVR,RG,4970,4,D,AZ,KZ,F
14:01:58,UNVR,RG,4970,19,D,AZ,KZ,F
14:01:58,UNVR,RG,4970,27,F,BK,KZ,F
14:01:58,UNVR,RG,4970,41,D,DH,KZ,F
14:01:58,UNVR,RG,4970,4,D,YP,KZ,F
14:01:58,UNVR,RG,4970,8,F,YU,KZ,F
14:01:58,UNVR,RG,4970,329,D,BB,KZ,F
14:01:55,UNVR,RG,4970,16,D,BB,ZP,F
14:01:55,UNVR,RG,4970,1,F,AK,ZP,F
14:01:55,UNVR,RG,4970,1,F,AK,ZP,F
14:01:55,UNVR,RG,4970,7,F,BK,ZP,F
14:01:55,UNVR,RG,4970,2,F,BK,KZ,F
14:01:55,UNVR,RG,4970,2,F,BK,KZ,F
14:01:55,UNVR,RG,4970,3,F,BK,KZ,F
14:01:55,UNVR,RG,4970,1,F,BK,KZ,F
14:01:55,UNVR,RG,4970,1,D,NI,KZ,F
14:01:55,UNVR,RG,4970,1,D,NI,KZ,F
14:01:55,UNVR,RG,4970,2,D,AZ,KZ,F
14:01:55,UNVR,RG,4970,8,F,CS,KZ,F
14:01:55,UNVR,RG,4970,30,D,AZ,KZ,F
14:01:55,UNVR,RG,4970,11,D,LG,KZ,F
14:01:55,UNVR,RG,4970,20,D,YP,KZ,F
14:01:55,UNVR,RG,4970,54,D,YP,KZ,F
14:01:55,UNVR,RG,4970,5,D,PD,KZ,F
14:01:55,UNVR,RG,4970,3,F,YU,KZ,F
14:01:55,UNVR,RG,4970,3,D,AZ,KZ,F
14:01:55,UNVR,RG,4970,20,D,GR,KZ,F
14:01:55,UNVR,RG,4970,17,D,KK,KZ,F
14:01:54,UNVR,RG,4970,3,D,KK,YP,D
14:01:54,UNVR,RG,4970,1,D,LG,YP,D
14:01:54,UNVR,RG,4970,2,D,LG,YP,D
14:01:54,UNVR,RG,4970,4,D,AZ,YP,D
14:01:53,UNVR,RG,4970,1,D,AZ,AK,F
14:01:53,UNVR,RG,4970,3,D,SQ,AK,F
14:01:53,UNVR,RG,4980,4,D,CC,AZ,D
14:01:51,UNVR,RG,4970,7,D,SQ,NI,D
14:01:51,UNVR,RG,4970,2,D,LG,NI,D
14:01:51,UNVR,RG,4970,1,D,AZ,NI,D
14:01:46,UNVR,RG,4970,25,D,YP,ZP,F
14:01:46,UNVR,RG,4980,3,D,AZ,AZ,D
14:01:45,UNVR,RG,4970,15,D,YP,AK,F
14:01:44,UNVR,RG,4970,6,D,YP,PD,D
14:01:44,UNVR,RG,4970,5,D,CC,PD,D
14:01:44,UNVR,RG,4970,50,D,EP,PD,D
14:01:44,UNVR,RG,4970,23,F,YU,PD,D
14:01:44,UNVR,RG,4970,28,F,BK,PD,D
14:01:44,UNVR,RG,4970,5,D,YP,PD,D
14:01:44,UNVR,RG,4970,5,D,YP,PD,D
14:01:44,UNVR,RG,4970,6,D,PD,PD,D
14:01:44,UNVR,RG,4970,5,F,YU,PD,D
14:01:44,UNVR,RG,4970,1,D,YP,PD,D
14:01:44,UNVR,RG,4970,2,D,YP,PD,D
14:01:44,UNVR,RG,4970,2,F,ZP,PD,D
14:01:44,UNVR,RG,4970,2,F,ZP,PD,D
14:01:44,UNVR,RG,4970,55,F,YU,PD,D
14:01:44,UNVR,RG,4970,9,F,AK,PD,D
14:01:38,UNVR,RG,4970,2,F,AK,AK,F
14:01:38,UNVR,RG,4970,4,F,ZP,AK,F
14:01:38,UNVR,RG,4970,5,D,PD,AK,F
14:01:38,UNVR,RG,4970,27,D,EP,AK,F
14:01:38,UNVR,RG,4980,471,D,BB,AZ,D
14:01:38,UNVR,RG,4980,2,D,BB,XL,D
14:01:38,UNVR,RG,4980,2,D,BB,RF,D
14:01:38,UNVR,RG,4980,15,D,BB,GR,D
14:01:37,UNVR,RG,4970,3,D,EP,ZP,F
14:01:37,UNVR,RG,4970,13,F,YU,ZP,F
14:01:37,UNVR,RG,4970,9,F,ZP,ZP,F
14:01:37,UNVR,RG,4980,1,D,CC,GR,D
14:01:35,UNVR,RG,4970,1,F,ZP,AK,F
14:01:35,UNVR,RG,4970,7,F,ZP,AK,F
14:01:34,UNVR,RG,4980,20,D,CC,GR,D
14:01:18,UNVR,RG,4970,11,F,ZP,YP,D
14:01:11,UNVR,RG,4970,23,F,ZP,ZP,F
14:00:58,UNVR,RG,4980,2,D,YP,GR,D
14:00:57,UNVR,RG,4980,3,D,AZ,GR,D
14:00:57,UNVR,RG,4970,5,F,ZP,XC,D
14:00:55,UNVR,RG,4970,22,F,ZP,EP,D
14:00:55,UNVR,RG,4970,1,F,ZP,AK,F
14:00:55,UNVR,RG,4970,1,F,ZP,ZP,F
14:00:55,UNVR,RG,4970,1,D,PD,ZP,F
14:00:55,UNVR,RG,4970,2,F,ZP,ZP,F
14:00:55,UNVR,RG,4970,1,F,AK,ZP,F
14:00:55,UNVR,RG,4970,1,F,AK,ZP,F
14:00:55,UNVR,RG,4970,3,D,YU,ZP,F
14:00:55,UNVR,RG,4970,6,F,CS,ZP,F
14:00:55,UNVR,RG,4970,8,D,BB,ZP,F
14:00:54,UNVR,RG,4970,10,D,BB,AK,F
14:00:54,UNVR,RG,4980,10,D,GR,GR,D
14:00:51,UNVR,RG,4970,50,D,BB,KK,D
14:00:25,UNVR,RG,4970,5,D,BB,YP,D
14:00:11,UNVR,RG,4970,26,D,BB,ZP,F
14:00:11,UNVR,RG,4980,1,D,AZ,GR,D
14:00:09,UNVR,RG,4970,10,D,BB,AZ,D
14:00:07,UNVR,RG,4980,3,D,GR,GR,D
14:00:00,UNVR,RG,4980,5,D,YP,GR,D
13:59:53,UNVR,RG,4980,7,D,AO,GR,D
13:59:53,UNVR,RG,4980,1,D,AO,PD,D
13:59:53,UNVR,RG,4980,1,D,AO,SQ,D
13:59:48,UNVR,RG,4970,24,D,BB,ZP,F
13:59:48,UNVR,RG,4970,1,D,BB,YP,D
13:59:41,UNVR,RG,4970,9,D,BB,AK,F
13:59:41,UNVR,RG,4970,9,D,BB,AK,F
13:59:41,UNVR,RG,4970,4,F,ZP,AK,F
13:59:41,UNVR,RG,4970,1,F,BK,AK,F
13:59:41,UNVR,RG,4980,1,F,ZP,YP,D
13:59:41,UNVR,RG,4980,100,F,ZP,YP,D
13:59:41,UNVR,RG,4980,1,F,ZP,GR,D
13:59:41,UNVR,RG,4980,10,F,ZP,EP,D
13:59:41,UNVR,RG,4980,1,F,ZP,XC,D
13:59:41,UNVR,RG,4980,5,F,ZP,CC,D
13:59:41,UNVR,RG,4980,183,F,ZP,YP,D
13:59:39,UNVR,RG,4970,1,F,BK,CC,D
13:59:33,UNVR,RG,4970,2,F,BK,AK,F
13:59:32,UNVR,RG,4970,13,F,BK,ZP,F
13:59:32,UNVR,RG,4970,10,D,CC,ZP,F
13:59:32,UNVR,RG,4970,8,D,CC,AK,F
13:59:32,UNVR,RG,4980,2,D,LG,YP,D
13:59:15,UNVR,RG,4970,20,D,CC,YP,D
13:59:14,UNVR,RG,4970,1,D,CC,OD,D
13:59:10,UNVR,RG,4970,11,D,CC,ZP,F
13:59:10,UNVR,RG,4970,13,D,BB,ZP,F
13:59:10,UNVR,RG,4970,9,D,BB,KZ,F
13:59:10,UNVR,RG,4970,1,D,BB,KZ,F
13:59:10,UNVR,RG,4970,1,D,BB,KZ,F
13:59:10,UNVR,RG,4970,2,D,BB,KZ,F
13:59:10,UNVR,RG,4970,1,D,BB,KZ,F
13:59:07,UNVR,RG,4970,1,D,BB,XC,D
13:59:05,UNVR,RG,4970,10,D,BB,AZ,D
13:58:57,UNVR,RG,4970,25,D,BB,ZP,F
13:58:57,UNVR,RG,4970,10,D,BB,AK,F
13:58:56,UNVR,RG,4970,10,D,BB,CC,D
13:58:56,UNVR,RG,4970,100,D,BB,LG,D
13:58:51,UNVR,RG,4970,10,D,BB,YP,D
13:58:47,UNVR,RG,4970,20,D,BB,EP,D
13:58:40,UNVR,RG,4970,5,D,BB,AK,F
13:58:40,UNVR,RG,4970,4,D,BB,KZ,F
13:58:40,UNVR,RG,4970,2,D,BB,KZ,F
13:58:40,UNVR,RG,4970,22,D,BB,ZP,F
13:58:40,UNVR,RG,4970,8,D,BB,KZ,F
13:58:38,UNVR,RG,4970,35,D,BB,GR,D
13:58:37,UNVR,RG,4970,6,D,BB,AK,F
13:58:37,UNVR,RG,4970,50,D,BB,YU,D
13:58:37,UNVR,RG,4970,1,D,BB,KZ,F
13:58:37,UNVR,RG,4970,2,D,BB,KZ,F
13:58:37,UNVR,RG,4970,1,D,BB,KZ,F
13:58:37,UNVR,RG,4970,2,D,BB,KZ,F
13:58:37,UNVR,RG,4970,1,D,BB,KZ,F
13:58:35,UNVR,RG,4970,14,D,BB,ZP,F
13:58:35,UNVR,RG,4970,2,F,ZP,ZP,F
13:58:35,UNVR,RG,4970,7,D,YP,ZP,F
13:58:34,UNVR,RG,4970,1,D,YP,AK,F
13:58:34,UNVR,RG,4980,1,D,YP,YP,D
13:58:22,UNVR,RG,4970,2,D,YP,XL,D
13:58:22,UNVR,RG,4970,1,D,YP,XL,D
13:58:22,UNVR,RG,4970,9,D,BB,XL,D
13:58:12,UNVR,RG,4970,3,D,BB,AK,F
13:58:12,UNVR,RG,4970,11,D,BB,YP,D
13:58:11,UNVR,RG,4970,7,D,BB,ZP,F
13:58:11,UNVR,RG,4970,15,F,CS,ZP,F
13:58:11,UNVR,RG,4970,1,D,XC,ZP,F
13:58:11,UNVR,RG,4970,2,D,PD,ZP,F
13:58:11,UNVR,RG,4970,1,F,ZP,AK,F
13:58:11,UNVR,RG,4970,1,D,YP,AK,F
13:58:11,UNVR,RG,4970,4,D,YP,YP,D
13:58:11,UNVR,RG,4970,5,D,NI,YP,D
13:58:11,UNVR,RG,4970,5,D,LG,YP,D
13:58:11,UNVR,RG,4970,11,F,ZP,YP,D
13:58:08,UNVR,RG,4970,1,F,ZP,AK,F
13:58:07,UNVR,RG,4970,1,F,ZP,YP,D
13:58:07,UNVR,RG,4970,4,F,ZP,YP,D
13:58:07,UNVR,RG,4970,14,F,CS,YP,D
13:58:07,UNVR,RG,4970,1,D,BB,YP,D
13:58:05,UNVR,RG,4970,2,D,BB,AK,F
13:58:05,UNVR,RG,4970,22,D,BB,ZP,F
13:58:04,UNVR,RG,4970,3,D,BB,AK,F
13:58:04,UNVR,RG,4970,50,D,BB,NI,D
13:57:56,UNVR,RG,4970,1,D,BB,XC,D
13:57:56,UNVR,RG,4970,3,D,BB,AK,F
13:57:56,UNVR,RG,4980,1,D,CC,YP,D
13:57:55,UNVR,RG,4970,26,D,BB,ZP,F
13:57:55,UNVR,RG,4970,9,D,BB,AK,F
13:57:55,UNVR,RG,4970,5,D,BB,BK,F
13:57:55,UNVR,RG,4970,15,F,BK,BK,F
13:57:55,UNVR,RG,4970,4,D,XL,BK,F
13:57:55,UNVR,RG,4970,4,F,CS,BK,F
13:57:55,UNVR,RG,4970,3,F,CS,BK,F
13:57:55,UNVR,RG,4970,12,F,AK,BK,F
13:57:55,UNVR,RG,4970,3,D,YP,BK,F
13:57:55,UNVR,RG,4970,4,F,ZP,BK,F
13:57:55,UNVR,RG,4970,1,F,YU,BK,F
13:57:55,UNVR,RG,4970,7,D,PD,BK,F
13:57:55,UNVR,RG,4970,5,D,AZ,BK,F
13:57:55,UNVR,RG,4970,1,D,PD,BK,F
13:57:55,UNVR,RG,4970,1,F,AK,BK,F
13:57:55,UNVR,RG,4970,1,F,AK,BK,F
13:57:55,UNVR,RG,4970,5,D,YP,BK,F
13:57:55,UNVR,RG,4970,1,D,XC,BK,F
13:57:55,UNVR,RG,4970,8,D,CC,BK,F
13:57:55,UNVR,RG,4970,3,F,ZP,BK,F
13:57:55,UNVR,RG,4970,17,F,BK,BK,F
13:57:55,UNVR,RG,4970,26,F,ZP,BK,F
13:57:55,UNVR,RG,4970,5,F,ZP,AK,F
13:57:55,UNVR,RG,4970,58,F,ZP,AZ,D
13:57:55,UNVR,RG,4970,6,F,ZP,KZ,F
13:57:54,UNVR,RG,4970,2,F,ZP,AK,F
13:57:54,UNVR,RG,4970,18,F,ZP,ZP,F
13:57:54,UNVR,RG,4970,4,D,BB,ZP,F
13:57:53,UNVR,RG,4970,4,D,BB,AK,F
13:57:53,UNVR,RG,4970,50,D,BB,AO,D
13:57:52,UNVR,RG,4970,1,D,BB,KZ,F
13:57:52,UNVR,RG,4970,4,D,BB,KZ,F
13:57:52,UNVR,RG,4970,3,D,BB,KZ,F
13:57:50,UNVR,RG,4970,2,D,BB,AK,F
13:57:50,UNVR,RG,4970,25,D,BB,ZP,F
13:57:50,UNVR,RG,4970,4,D,BB,AK,F
13:57:50,UNVR,RG,4970,2,D,BB,KZ,F
13:57:50,UNVR,RG,4970,21,D,BB,KZ,F
13:57:50,UNVR,RG,4970,2,D,BB,KZ,F
13:57:50,UNVR,RG,4970,1,D,BB,KZ,F
13:57:50,UNVR,RG,4970,18,D,BB,KZ,F
13:57:49,UNVR,RG,4970,11,D,BB,XC,D
13:57:49,UNVR,RG,4970,2,F,BK,XC,D
13:57:45,UNVR,RG,4980,1,D,SQ,YP,D
13:57:43,UNVR,RG,4970,13,F,BK,ZP,F
13:57:43,UNVR,RG,4970,5,F,ZP,ZP,F
13:57:43,UNVR,RG,4970,4,F,CS,ZP,F
13:57:43,UNVR,RG,4970,2,D,XC,ZP,F
13:57:43,UNVR,RG,4980,8,D,CC,YP,D
13:57:43,UNVR,RG,4970,8,D,XC,KZ,F
13:57:43,UNVR,RG,4970,13,D,YP,KZ,F
13:57:42,UNVR,RG,4970,2,D,YP,PD,D
13:57:42,UNVR,RG,4970,2,D,YP,PD,D
13:57:42,UNVR,RG,4970,6,F,AK,PD,D
13:57:39,UNVR,RG,4970,1,F,AK,GR,D
13:57:35,UNVR,RG,4970,5,F,AK,PD,D
13:57:35,UNVR,RG,4970,5,F,AK,PD,D
13:57:27,UNVR,RG,4970,7,F,AK,ZP,F
13:57:27,UNVR,RG,4970,2,F,AK,ZP,F
13:57:27,UNVR,RG,4970,1,F,AK,ZP,F
13:57:27,UNVR,RG,4970,1,F,AK,ZP,F
13:57:27,UNVR,RG,4970,1,F,AK,ZP,F
13:57:27,UNVR,RG,4970,12,F,YU,ZP,F
13:57:27,UNVR,RG,4980,40,D,YU,YP,D
13:57:26,UNVR,RG,4980,1,D,XC,YP,D
13:57:25,UNVR,RG,4970,20,F,YU,PD,D
13:57:23,UNVR,RG,4970,200,F,YU,CD,D
13:57:18,UNVR,RG,4970,5,F,YU,PD,D
13:57:18,UNVR,RG,4970,23,F,YU,ZP,F
13:57:18,UNVR,RG,4970,14,F,YU,YP,D
13:57:14,UNVR,RG,4970,10,F,YU,XC,D
13:57:13,UNVR,RG,4970,9,F,YU,BK,F
13:57:13,UNVR,RG,4970,50,D,YU,BK,F
13:57:13,UNVR,RG,4970,1,D,DR,BK,F
13:57:13,UNVR,RG,4970,5,D,PD,BK,F
13:57:13,UNVR,RG,4970,87,F,BK,BK,F
13:57:13,UNVR,RG,4970,6,F,ZP,BK,F
13:57:13,UNVR,RG,4970,92,F,BK,BK,F
13:57:13,UNVR,RG,4970,31,F,BK,CC,D
13:57:13,UNVR,RG,4970,21,F,BK,XC,D
13:57:13,UNVR,RG,4970,29,F,ZP,XC,D
13:57:13,UNVR,RG,4970,4,F,CS,XC,D
13:57:13,UNVR,RG,4970,152,D,BB,XC,D
13:57:13,UNVR,RG,4970,46,F,ZP,XC,D
13:57:13,UNVR,RG,4970,5,F,CS,XC,D
13:57:13,UNVR,RG,4970,5,F,CS,XC,D
13:57:13,UNVR,RG,4970,238,F,BB,XC,D
13:57:08,UNVR,RG,4970,22,F,BB,ZP,F
13:57:08,UNVR,RG,4970,10,F,BB,PD,D
13:57:03,UNVR,RG,4980,10,D,AZ,YP,D
13:57:00,UNVR,RG,4980,17,F,BK,YP,D
13:57:00,UNVR,RG,4970,10,F,BB,XC,D
13:56:59,UNVR,RG,4970,9,F,BB,XC,D
13:56:54,UNVR,RG,4970,1,F,BB,CC,D
13:56:54,UNVR,RG,4970,26,F,BB,ZP,F
13:56:54,UNVR,RG,4980,3,D,LG,YP,D
13:56:53,UNVR,RG,4980,5,D,YP,YP,D
13:56:49,UNVR,RG,4980,84,F,YU,YP,D
13:56:39,UNVR,RG,4980,16,F,BK,YP,D
13:56:38,UNVR,RG,4970,24,F,BB,ZP,F
13:56:38,UNVR,RG,4980,128,F,ZP,YP,D
13:56:38,UNVR,RG,4980,3,F,ZP,YP,D
13:56:38,UNVR,RG,4980,66,F,ZP,ZP,F
13:56:38,UNVR,RG,4980,2,F,ZP,XC,D
13:56:38,UNVR,RG,4980,2,F,ZP,CC,D
13:56:36,UNVR,RG,4980,3,F,BK,CC,D
13:56:36,UNVR,RG,4980,1,F,BK,XL,D
13:56:36,UNVR,RG,4980,20,F,BK,PD,D
13:56:36,UNVR,RG,4980,1,F,BK,NI,D
13:56:36,UNVR,RG,4980,3,F,BK,CC,D
13:56:36,UNVR,RG,4980,3,F,BK,NI,D
13:56:35,UNVR,RG,4970,10,F,BB,CC,D
13:56:35,UNVR,RG,4970,10,F,BB,YP,D
13:56:35,UNVR,RG,4970,19,F,BB,YP,D
13:56:35,UNVR,RG,4970,1,F,BB,NI,D
13:56:35,UNVR,RG,4970,1,F,BB,KZ,F
13:56:35,UNVR,RG,4970,18,F,BB,KZ,F
13:56:35,UNVR,RG,4970,2,F,BB,CC,D
13:56:35,UNVR,RG,4970,1,F,BB,GR,D
13:56:35,UNVR,RG,4970,30,F,BB,YP,D
13:56:35,UNVR,RG,4970,15,F,BB,YP,D
13:56:35,UNVR,RG,4970,1,F,BB,PD,D
13:56:35,UNVR,RG,4970,10,F,BB,CC,F
13:56:35,UNVR,RG,4970,3,F,BB,KK,D
13:56:35,UNVR,RG,4970,39,F,BB,AK,F
13:56:35,UNVR,RG,4970,79,F,BB,ZP,F
13:56:35,UNVR,RG,4970,100,F,BB,CC,D
13:56:35,UNVR,RG,4970,11,F,BB,KZ,F
13:56:35,UNVR,RG,4970,50,F,BB,AO,D
13:56:35,UNVR,RG,4970,93,F,BB,AK,F
13:56:35,UNVR,RG,4970,47,F,BB,KZ,F
13:56:35,UNVR,RG,4970,230,F,BB,BK,F
13:56:35,UNVR,RG,4970,14,D,BB,BK,F
13:55:58,UNVR,RG,4960,7,D,BQ,ZP,F
13:55:58,UNVR,RG,4960,15,F,ZP,ZP,F
13:55:58,UNVR,RG,4960,1,F,ZP,XC,D
13:55:52,UNVR,RG,4970,21,F,YU,BK,F
13:55:40,UNVR,RG,4970,10,D,CC,BK,F
13:55:34,UNVR,RG,4970,174,F,YU,BK,F
13:55:27,UNVR,RG,4970,36,D,EP,BK,F
13:55:27,UNVR,RG,4970,14,D,EP,KZ,F
13:55:27,UNVR,RG,4960,3,F,ZP,ZP,F
13:55:27,UNVR,RG,4960,8,F,CS,ZP,F
13:55:27,UNVR,RG,4960,12,D,BQ,ZP,F
13:55:27,UNVR,RG,4970,2,D,PD,KZ,F
13:55:21,UNVR,RG,4960,1,D,BQ,PD,D
13:55:16,UNVR,RG,4970,9,D,YP,KZ,F
13:55:16,UNVR,RG,4970,1,D,YP,AK,F
13:55:11,UNVR,RG,4970,1,D,YP,AK,F
13:55:10,UNVR,RG,4960,22,D,BQ,ZP,F
13:55:10,UNVR,RG,4970,1,D,CC,AK,F
13:55:09,UNVR,RG,4970,3,D,YP,AK,F
13:55:06,UNVR,RG,4970,17,F,BK,AK,F
13:55:04,UNVR,RG,4970,8,D,CC,AK,F
13:55:03,UNVR,RG,4970,12,F,BK,AK,F
13:55:03,UNVR,RG,4970,2,F,BK,XC,D
13:55:03,UNVR,RG,4970,37,F,BK,ZP,F
13:55:03,UNVR,RG,4960,22,D,BQ,ZP,F
13:55:03,UNVR,RG,4970,170,D,BB,ZP,F
13:55:03,UNVR,RG,4970,26,D,BB,AK,F
13:55:03,UNVR,RG,4970,207,D,BB,AK,F
13:55:03,UNVR,RG,4970,74,F,BB,AK,F
13:55:03,UNVR,RG,4970,5,F,BB,SQ,D
13:55:03,UNVR,RG,4970,76,F,BB,KZ,F
13:55:03,UNVR,RG,4970,83,F,BB,KZ,F
13:55:03,UNVR,RG,4970,100,F,BB,AG,D
13:55:03,UNVR,RG,4970,1,F,BB,XL,D
13:55:03,UNVR,RG,4970,29,F,BB,CC,D
13:55:03,UNVR,RG,4970,10,F,BB,CC,D
13:55:03,UNVR,RG,4970,3,F,BB,CC,D
13:55:03,UNVR,RG,4970,17,F,BB,XC,D
13:55:03,UNVR,RG,4970,1,F,BB,XC,D
13:55:03,UNVR,RG,4970,3,F,BB,XC,D
13:55:03,UNVR,RG,4970,9,F,BB,KK,D
13:55:03,UNVR,RG,4970,5,F,BB,YP,D
13:55:03,UNVR,RG,4970,2,F,BB,OD,D
13:55:03,UNVR,RG,4970,10,F,BB,PD,D
13:55:03,UNVR,RG,4970,2,F,BB,PD,D
13:55:03,UNVR,RG,4970,180,F,BB,CC,D
13:55:03,UNVR,RG,4970,5,F,BB,CC,D
13:55:03,UNVR,RG,4970,1,F,BB,XC,D
13:55:03,UNVR,RG,4970,1,F,BB,GR,D
13:55:03,UNVR,RG,4970,1,F,BB,XC,D
13:55:03,UNVR,RG,4970,1,F,BB,XC,D
13:55:03,UNVR,RG,4970,5,F,BB,XC,D
13:55:03,UNVR,RG,4970,10,F,BB,DH,D
13:55:03,UNVR,RG,4970,1,F,BB,XC,D
13:55:03,UNVR,RG,4970,1,F,BB,XC,D
13:55:03,UNVR,RG,4970,5,F,BB,PD,D
13:55:03,UNVR,RG,4970,1,F,BB,YP,D
13:55:03,UNVR,RG,4970,1,F,BB,YP,D
13:55:03,UNVR,RG,4970,10,F,BB,PD,D
13:55:03,UNVR,RG,4970,1,F,BB,PD,D
13:55:03,UNVR,RG,4970,1,F,BB,YP,D
13:55:03,UNVR,RG,4970,1,F,BB,XC,D
13:55:03,UNVR,RG,4970,10,F,BB,DH,D
13:55:03,UNVR,RG,4970,1,F,BB,PD,D
13:55:03,UNVR,RG,4970,1,F,BB,GR,D
13:55:03,UNVR,RG,4970,3,F,BB,CC,D
13:55:03,UNVR,RG,4970,10,F,BB,YP,D
13:55:03,UNVR,RG,4970,1,F,BB,CC,D
13:55:03,UNVR,RG,4970,5,F,BB,PD,D
13:55:03,UNVR,RG,4970,5,F,BB,CC,D
13:55:03,UNVR,RG,4970,766,F,BB,AZ,D
13:55:03,UNVR,RG,4970,234,D,BB,AZ,D
13:55:03,UNVR,RG,4970,27,D,BB,YP,D
13:55:03,UNVR,RG,4970,50,D,BB,CC,D
13:55:03,UNVR,RG,4970,78,D,BB,PD,D
13:54:58,UNVR,RG,4970,1,D,YP,PD,D
13:54:57,UNVR,RG,4970,1,D,YP,PD,D
13:54:57,UNVR,RG,4970,4,D,YP,MG,D
13:54:50,UNVR,RG,4970,7,F,YU,MG,D
13:54:44,UNVR,RG,4960,25,D,BQ,ZP,F
13:54:44,UNVR,RG,4960,18,D,BQ,CC,F
13:54:44,UNVR,RG,4960,10,F,ZP,CC,F
13:54:44,UNVR,RG,4960,3,F,CS,CC,F
13:54:44,UNVR,RG,4960,1,F,CS,CC,F
13:54:44,UNVR,RG,4960,52,D,BB,CC,F
13:54:44,UNVR,RG,4960,17,D,BQ,CC,F
13:54:43,UNVR,RG,4960,62,D,BQ,AK,F
13:54:43,UNVR,RG,4960,2,D,BQ,XC,D
13:54:43,UNVR,RG,4960,69,D,BQ,KZ,F
13:54:43,UNVR,RG,4960,150,D,BQ,KZ,F
13:54:43,UNVR,RG,4960,49,D,BQ,KZ,F
13:54:43,UNVR,RG,4960,6,D,BQ,KZ,F
13:54:43,UNVR,RG,4960,2,D,BQ,AK,F
13:54:43,UNVR,RG,4960,10,D,BQ,CC,F
13:54:43,UNVR,RG,4960,33,D,BQ,AK,F
13:54:43,UNVR,RG,4960,88,D,BQ,AK,F
13:54:43,UNVR,RG,4960,1,D,BQ,YB,D
13:54:43,UNVR,RG,4960,1,D,BQ,XC,D
13:54:43,UNVR,RG,4960,1,D,BQ,AT,D
13:54:43,UNVR,RG,4960,29,D,BQ,CC,D
13:54:43,UNVR,RG,4960,30,D,BQ,ZP,F
13:54:42,UNVR,RG,4960,39,D,BQ,ZP,F
13:54:42,UNVR,RG,4960,10,D,BQ,XL,D
13:54:42,UNVR,RG,4960,50,D,BQ,AG,D
13:54:42,UNVR,RG,4960,10,D,BQ,KZ,F
13:54:42,UNVR,RG,4960,5,D,BQ,YP,D
13:54:42,UNVR,RG,4960,1,D,BQ,YP,D
13:54:42,UNVR,RG,4960,35,D,BQ,KZ,F
13:54:42,UNVR,RG,4950,13,F,BK,ZP,F
13:54:42,UNVR,RG,4950,3,F,ZP,ZP,F
13:54:42,UNVR,RG,4950,8,D,AG,ZP,F
13:54:42,UNVR,RG,4960,13,D,BQ,KZ,F
13:54:42,UNVR,RG,4960,1,D,BQ,HP,D
13:54:42,UNVR,RG,4960,50,D,BQ,NI,D
13:54:42,UNVR,RG,4960,1,D,BQ,CC,D
13:54:42,UNVR,RG,4960,2,D,BQ,XL,D
13:54:42,UNVR,RG,4960,5,D,BQ,XL,D
13:54:42,UNVR,RG,4960,2,D,BQ,CC,D
13:54:42,UNVR,RG,4960,50,D,BQ,CC,D
13:54:42,UNVR,RG,4960,1,D,BQ,CC,D
13:54:42,UNVR,RG,4960,3,D,BQ,CC,D
13:54:42,UNVR,RG,4960,30,D,BQ,YP,D
13:54:42,UNVR,RG,4960,3,D,BQ,XC,D
13:54:42,UNVR,RG,4960,1,D,BQ,XC,D
13:54:42,UNVR,RG,4960,60,D,BQ,CC,D
13:54:42,UNVR,RG,4960,1,D,BQ,XC,D
13:54:42,UNVR,RG,4960,2,D,BQ,XC,D
13:54:42,UNVR,RG,4960,1,D,BQ,XC,D
13:54:42,UNVR,RG,4960,1,D,BQ,XC,D
13:54:42,UNVR,RG,4960,1,D,BQ,XC,D
13:54:42,UNVR,RG,4960,1,D,BQ,XC,D
13:54:42,UNVR,RG,4960,14,D,BQ,XC,D
13:54:42,UNVR,RG,4960,1,D,BQ,XC,D
13:54:42,UNVR,RG,4960,20,D,BQ,LG,D
13:54:42,UNVR,RG,4960,12,D,BQ,SQ,D
13:54:42,UNVR,RG,4960,2,D,BQ,XC,D
13:54:42,UNVR,RG,4960,22,D,BQ,YP,D
13:54:42,UNVR,RG,4960,78,D,BQ,YP,D
13:54:42,UNVR,RG,4960,1,D,BQ,YP,D
13:54:42,UNVR,RG,4960,1,D,BQ,EP,D
13:54:42,UNVR,RG,4960,10,D,BQ,YP,D
13:54:42,UNVR,RG,4960,1,D,BQ,YP,D
13:54:42,UNVR,RG,4960,1,D,BQ,OD,D
13:54:42,UNVR,RG,4960,2,D,BQ,OD,D
13:54:42,UNVR,RG,4960,1,D,BQ,OD,D
13:54:42,UNVR,RG,4960,5,D,BQ,PD,D
13:54:42,UNVR,RG,4960,3,D,BQ,YP,D
13:54:42,UNVR,RG,4960,1,D,BQ,PD,D
13:54:42,UNVR,RG,4960,1,D,BQ,PD,D
13:54:42,UNVR,RG,4960,3,D,BQ,PD,D
13:54:42,UNVR,RG,4960,5,D,BQ,PD,D
13:54:42,UNVR,RG,4960,3,D,BQ,EP,D
13:54:42,UNVR,RG,4960,1,D,BQ,PD,D
13:54:42,UNVR,RG,4960,4,D,BQ,PD,D
13:54:42,UNVR,RG,4960,2,D,BQ,KK,D
13:54:42,UNVR,RG,4960,1,D,BQ,PD,D
13:54:42,UNVR,RG,4960,1,D,BQ,KK,D
13:54:42,UNVR,RG,4960,1,D,BQ,HP,D
13:54:42,UNVR,RG,4960,1,D,BQ,KK,D
13:54:42,UNVR,RG,4960,2,D,BQ,PD,D
13:54:42,UNVR,RG,4960,21,D,BQ,YP,D
13:54:40,UNVR,RG,4960,2,D,YP,YP,D
13:54:38,UNVR,RG,4960,2,D,AZ,YP,D
13:54:37,UNVR,RG,4960,17,F,BK,YP,D
13:54:24,UNVR,RG,4950,3,D,AG,ZP,F
13:54:24,UNVR,RG,4950,4,F,ZP,ZP,F
13:54:24,UNVR,RG,4950,13,D,DR,ZP,F
13:54:24,UNVR,RG,4950,6,F,ZP,ZP,F
13:54:24,UNVR,RG,4960,5,D,AZ,YP,D
13:54:24,UNVR,RG,4960,20,D,YP,YP,D
13:54:22,UNVR,RG,4960,1,D,XC,YP,D
13:54:05,UNVR,RG,4960,15,F,BK,YP,D
13:53:55,UNVR,RG,4950,5,F,ZP,LG,D
13:53:55,UNVR,RG,4950,28,D,DH,LG,D
13:53:52,UNVR,RG,4950,22,D,DH,ZP,F
13:53:52,UNVR,RG,4950,1,F,CS,ZP,F
13:53:52,UNVR,RG,4950,1,F,ZP,ZP,F
13:53:52,UNVR,RG,4960,10,D,CC,YP,D
13:53:47,UNVR,RG,4960,1,D,CC,YP,D
13:53:47,UNVR,RG,4960,1,D,XC,YP,D
13:53:39,UNVR,RG,4960,5,D,YP,YP,D
13:53:39,UNVR,RG,4960,5,D,YP,NI,D
13:53:08,UNVR,RG,4950,1,D,BB,ZP,F
13:53:08,UNVR,RG,4950,50,D,BB,YB,D
13:53:08,UNVR,RG,4950,25,D,BB,RO,D
13:53:08,UNVR,RG,4950,18,D,BB,KZ,F
13:53:08,UNVR,RG,4950,34,D,BB,AK,F
13:53:08,UNVR,RG,4950,33,D,BB,CC,D
13:53:08,UNVR,RG,4950,467,F,BB,CC,D
13:53:08,UNVR,RG,4950,25,F,BB,LG,D
13:53:08,UNVR,RG,4950,52,F,BB,KZ,F
13:53:08,UNVR,RG,4950,1,F,BB,KZ,F
13:53:08,UNVR,RG,4950,34,F,BB,KZ,F
13:53:08,UNVR,RG,4950,4,F,BB,ZP,F
13:53:08,UNVR,RG,4950,30,D,BB,ZP,F
13:53:08,UNVR,RG,4950,126,D,BB,AK,F
13:52:32,UNVR,RG,4950,1,D,DR,AK,F
13:52:25,UNVR,RG,4950,2,D,NI,AK,F
13:52:25,UNVR,RG,4950,8,D,NI,KZ,F
13:52:13,UNVR,RG,4950,20,D,AZ,KZ,F
13:51:46,UNVR,RG,4950,2,D,PC,KZ,F
13:51:13,UNVR,RG,4940,3,F,BB,YP,D
13:51:08,UNVR,RG,4950,20,D,BB,KZ,F
13:51:08,UNVR,RG,4950,34,D,BB,KZ,F
13:51:08,UNVR,RG,4950,5,D,BB,KZ,F
13:51:08,UNVR,RG,4950,62,D,BB,KZ,F
13:51:08,UNVR,RG,4950,250,F,BB,KZ,F
13:51:08,UNVR,RG,4950,31,F,BB,AK,F
13:51:08,UNVR,RG,4950,7,F,BB,AK,F
13:51:08,UNVR,RG,4950,58,F,BB,KZ,F
13:51:08,UNVR,RG,4950,3,F,BB,KZ,F
13:51:08,UNVR,RG,4950,1,F,BB,KZ,F
13:51:08,UNVR,RG,4950,11,F,BB,ZP,F
13:51:08,UNVR,RG,4950,11,F,BB,CC,D
13:51:08,UNVR,RG,4950,107,D,BB,CC,D
13:50:53,UNVR,RG,4940,2,F,BB,AK,F
13:50:53,UNVR,RG,4940,26,F,BB,AK,F
13:50:51,UNVR,RG,4950,1,F,AK,CC,D
13:50:51,UNVR,RG,4950,32,F,ZP,CC,D
13:50:51,UNVR,RG,4950,13,F,YU,CC,D
13:50:51,UNVR,RG,4950,11,D,BB,CC,D
13:50:51,UNVR,RG,4950,3,D,AZ,CC,D
13:50:51,UNVR,RG,4950,10,F,CS,CC,D
13:50:51,UNVR,RG,4950,5,D,YP,CC,D
13:50:51,UNVR,RG,4950,43,F,YU,CC,D
13:50:51,UNVR,RG,4950,73,D,CC,CC,D
13:50:51,UNVR,RG,4950,20,D,EP,CC,D
13:50:51,UNVR,RG,4950,80,F,YU,CC,D
13:50:51,UNVR,RG,4950,2,F,AK,CC,D
13:50:51,UNVR,RG,4950,1,F,AK,CC,D
13:50:51,UNVR,RG,4950,17,F,BK,CC,D
13:50:51,UNVR,RG,4950,5,F,ZP,CC,D
13:50:51,UNVR,RG,4950,20,D,CC,CC,D
13:50:51,UNVR,RG,4950,3,F,ZP,CC,D
13:50:51,UNVR,RG,4950,14,F,BK,CC,D
13:50:51,UNVR,RG,4950,4,F,ZP,CC,D
13:50:51,UNVR,RG,4950,14,F,AK,CC,D
13:50:51,UNVR,RG,4950,10,F,ZP,CC,D
13:50:51,UNVR,RG,4950,1,F,ZP,CC,D
13:50:45,UNVR,RG,4950,1,F,ZP,DH,D
13:50:27,UNVR,RG,4950,3,F,ZP,ZP,F
13:50:27,UNVR,RG,4950,13,F,CS,ZP,F
13:50:27,UNVR,RG,4950,3,F,CS,ZP,F
13:50:27,UNVR,RG,4950,1,F,CS,ZP,F
13:50:27,UNVR,RG,4950,2,F,CS,ZP,F
13:50:27,UNVR,RG,4950,2,D,EP,ZP,F
13:50:27,UNVR,RG,4950,15,D,EP,YP,D
13:50:26,UNVR,RG,4960,2,D,PC,NI,D
13:50:05,UNVR,RG,4950,1,D,EP,YP,D
13:49:32,UNVR,RG,4950,25,D,EP,ZP,F
13:49:24,UNVR,RG,4960,10,F,ZP,NI,D
13:49:24,UNVR,RG,4960,3,F,ZP,CC,D
13:49:24,UNVR,RG,4960,50,F,ZP,YP,D
13:49:24,UNVR,RG,4960,15,F,ZP,PD,D
13:49:24,UNVR,RG,4960,5,F,ZP,PD,D
13:49:24,UNVR,RG,4960,3,F,ZP,PD,D
13:49:24,UNVR,RG,4960,5,F,ZP,SQ,D
13:49:24,UNVR,RG,4960,4,F,ZP,GR,D
13:49:24,UNVR,RG,4960,5,F,ZP,NI,D
13:49:24,UNVR,RG,4960,32,F,ZP,YU,D
13:49:24,UNVR,RG,4960,3,F,CS,YU,D
13:49:24,UNVR,RG,4950,1,F,ZP,GR,D
13:49:24,UNVR,RG,4950,26,F,ZP,AK,F
13:49:24,UNVR,RG,4950,1,F,ZP,DX,D
13:49:24,UNVR,RG,4950,100,F,ZP,CC,D
13:49:24,UNVR,RG,4950,11,F,ZP,KZ,F
13:49:24,UNVR,RG,4950,14,F,ZP,KZ,F
13:49:24,UNVR,RG,4950,10,F,ZP,PD,D
13:49:24,UNVR,RG,4950,122,F,ZP,ZP,F
13:49:24,UNVR,RG,4950,20,F,ZP,DR,D
13:49:24,UNVR,RG,4950,1,F,ZP,XC,D
13:49:24,UNVR,RG,4950,1,F,ZP,PD,D
13:49:24,UNVR,RG,4950,5,F,ZP,CC,D
13:48:59,UNVR,RG,4940,1,F,BB,AK,F
13:48:59,UNVR,RG,4940,1,F,BB,AK,F
13:48:57,UNVR,RG,4940,1,F,BB,AK,F
13:48:57,UNVR,RG,4940,1,F,BB,KZ,F
13:48:57,UNVR,RG,4940,1,F,BB,KZ,F
13:48:57,UNVR,RG,4940,1,F,BB,PD,D
13:48:57,UNVR,RG,4940,1,F,BB,KZ,F
13:48:57,UNVR,RG,4940,1,F,BB,SQ,D
13:48:57,UNVR,RG,4940,13,F,BB,AK,F
13:48:57,UNVR,RG,4940,49,F,BB,AK,F
13:48:57,UNVR,RG,4940,6,F,BB,AK,F
13:48:57,UNVR,RG,4940,1,F,BB,XC,D
13:48:57,UNVR,RG,4940,20,F,BB,KZ,F
13:48:57,UNVR,RG,4940,1,F,BB,KZ,F
13:48:57,UNVR,RG,4940,95,F,BB,ZP,F
13:48:57,UNVR,RG,4940,69,F,BB,KZ,F
13:48:57,UNVR,RG,4940,268,F,BB,KZ,F
13:48:57,UNVR,RG,4940,64,F,BB,KZ,F
13:48:57,UNVR,RG,4940,190,D,BB,KZ,F
13:48:57,UNVR,RG,4940,16,D,BB,KZ,F
13:48:57,UNVR,RG,4940,61,D,BB,AK,F
13:48:56,UNVR,RG,4930,2,D,PD,OD,D
13:48:56,UNVR,RG,4930,28,F,BK,OD,D
13:48:56,UNVR,RG,4930,5,D,DR,OD,D
13:48:49,UNVR,RG,4930,10,D,DR,AK,F
13:48:49,UNVR,RG,4930,3,D,DR,AK,F
13:48:48,UNVR,RG,4930,2,D,DR,HP,D
13:48:48,UNVR,RG,4930,3,D,AZ,HP,D
13:48:36,UNVR,RG,4930,7,D,AZ,AK,F
13:48:36,UNVR,RG,4930,1,D,GR,AK,F
13:48:36,UNVR,RG,4930,1,D,GR,AK,F
13:48:30,UNVR,RG,4930,3,D,GR,AK,F
13:48:27,UNVR,RG,4940,2,D,YU,ZP,F
13:48:16,UNVR,RG,4930,11,D,GR,AK,F
13:48:16,UNVR,RG,4930,2,D,GR,AK,F
13:48:15,UNVR,RG,4930,6,D,GR,AK,F
13:48:01,UNVR,RG,4940,1,D,ZP,ZP,F
13:47:51,UNVR,RG,4940,1,D,NI,ZP,F
13:47:34,UNVR,RG,4940,5,D,DR,ZP,F
13:47:30,UNVR,RG,4940,3,F,CS,AK,F
13:47:30,UNVR,RG,4940,1,D,PD,AK,F
13:47:30,UNVR,RG,4940,10,D,PD,AK,F
13:47:30,UNVR,RG,4940,2,D,PD,AK,F
13:47:30,UNVR,RG,4940,17,F,ZP,AK,F
13:47:29,UNVR,RG,4940,22,F,ZP,CC,D
13:47:29,UNVR,RG,4940,14,F,AK,CC,D
13:47:29,UNVR,RG,4940,3,D,XC,CC,D
13:47:29,UNVR,RG,4940,117,F,YU,CC,D
13:47:29,UNVR,RG,4940,15,F,BK,CC,D
13:47:29,UNVR,RG,4940,1,D,GR,CC,D
13:47:29,UNVR,RG,4940,1,F,YU,CC,D
13:47:29,UNVR,RG,4940,10,D,NI,CC,D
13:47:29,UNVR,RG,4940,1,F,YU,CC,D
13:47:29,UNVR,RG,4940,2,F,AK,CC,D
13:47:29,UNVR,RG,4940,35,F,YU,CC,D
13:47:29,UNVR,RG,4940,15,F,AK,CC,D
13:47:29,UNVR,RG,4940,6,F,YU,CC,D
13:47:29,UNVR,RG,4940,5,F,CS,CC,D
13:47:29,UNVR,RG,4940,4,F,YU,CC,D
13:47:29,UNVR,RG,4940,1,F,AK,CC,D
13:47:29,UNVR,RG,4940,5,D,YP,CC,D
13:47:29,UNVR,RG,4940,7,F,YU,CC,D
13:47:29,UNVR,RG,4940,1,D,EP,CC,D
13:47:29,UNVR,RG,4940,1,D,YP,CC,D
13:47:29,UNVR,RG,4940,1,F,YU,CC,D
13:47:29,UNVR,RG,4940,26,F,YU,CC,D
13:47:29,UNVR,RG,4940,2,F,YU,CC,D
13:47:29,UNVR,RG,4940,2,F,AK,CC,D
13:47:29,UNVR,RG,4940,1,F,AK,CC,D
13:47:29,UNVR,RG,4940,3,F,YU,CC,D
13:47:29,UNVR,RG,4940,7,F,YU,CC,D
13:47:29,UNVR,RG,4940,16,F,AK,CC,D
13:47:29,UNVR,RG,4940,1,D,XC,CC,D
13:47:29,UNVR,RG,4940,12,F,ZP,CC,D
13:47:29,UNVR,RG,4940,6,F,YU,CC,D
13:47:29,UNVR,RG,4940,2,D,NI,CC,D
13:47:29,UNVR,RG,4940,1,F,YU,CC,D
13:47:29,UNVR,RG,4940,1,D,XC,CC,D
13:47:29,UNVR,RG,4940,1,D,YP,CC,D
13:47:29,UNVR,RG,4940,3,F,YU,CC,D
13:47:29,UNVR,RG,4940,5,D,SQ,CC,D
13:47:29,UNVR,RG,4940,2,D,YP,CC,D
13:47:29,UNVR,RG,4940,42,F,BK,CC,D
13:47:29,UNVR,RG,4940,127,F,BK,CC,D
13:47:29,UNVR,RG,4940,9,F,ZP,CC,D
13:47:29,UNVR,RG,4940,219,F,ZP,CC,D
13:47:29,UNVR,RG,4940,13,F,CS,CC,D
13:47:29,UNVR,RG,4940,2,F,YU,CC,D
13:47:29,UNVR,RG,4940,16,F,YU,CC,D
13:47:29,UNVR,RG,4940,1,F,AK,CC,D
13:47:29,UNVR,RG,4940,8,F,ZP,CC,D
13:47:29,UNVR,RG,4940,2,F,AK,CC,D
13:47:29,UNVR,RG,4940,9,F,ZP,CC,D
13:47:29,UNVR,RG,4940,194,D,BB,CC,D
13:47:22,UNVR,RG,4950,5,D,PD,KZ,F
13:47:18,UNVR,RG,4950,3,F,ZP,KZ,F
13:47:08,UNVR,RG,4950,16,F,YU,KZ,F
13:47:06,UNVR,RG,4950,17,F,BK,KZ,F
13:47:03,UNVR,RG,4940,8,D,BB,AK,F
13:47:03,UNVR,RG,4950,17,D,BB,KZ,F
13:47:03,UNVR,RG,4950,5,D,BB,XC,D
13:47:03,UNVR,RG,4950,3,D,BB,AK,F
13:47:03,UNVR,RG,4950,16,D,BB,AK,F
13:47:03,UNVR,RG,4950,50,D,BB,AK,F
13:47:03,UNVR,RG,4950,12,D,BB,KZ,F
13:46:58,UNVR,RG,4940,1,D,BB,AK,F
13:46:58,UNVR,RG,4950,5,F,ZP,KZ,F
13:46:44,UNVR,RG,4940,12,D,BB,CC,D
13:46:42,UNVR,RG,4950,3,F,ZP,KZ,F
13:46:31,UNVR,RG,4940,2,D,BB,AK,F
13:46:30,UNVR,RG,4950,16,F,BK,KZ,F
13:46:29,UNVR,RG,4950,12,F,YU,KZ,F
13:46:24,UNVR,RG,4950,4,F,ZP,KZ,F
13:46:24,UNVR,RG,4940,20,D,BB,AK,F
13:46:24,UNVR,RG,4950,264,D,BB,KZ,F
13:46:20,UNVR,RG,4940,2,D,BB,PD,D
13:46:08,UNVR,RG,4950,4,F,ZP,KZ,F
13:46:02,UNVR,RG,4940,1,D,BB,AK,F
13:46:00,UNVR,RG,4950,14,F,BK,KZ,F
13:45:51,UNVR,RG,4950,2,D,KK,KZ,F
13:45:48,UNVR,RG,4950,3,F,ZP,KZ,F
13:45:42,UNVR,RG,4950,2,D,KK,KZ,F
13:45:41,UNVR,RG,4950,12,F,YU,KZ,F
13:45:41,UNVR,RG,4950,11,F,YU,CC,F
13:45:39,UNVR,RG,4950,4,D,YP,CC,F
13:45:39,UNVR,RG,4950,63,D,YP,KZ,F
13:45:39,UNVR,RG,4950,321,D,YP,ZP,F
13:45:39,UNVR,RG,4950,18,D,YP,AK,F
13:45:39,UNVR,RG,4950,15,D,YP,AK,F
13:45:39,UNVR,RG,4950,79,D,YP,KZ,F
13:45:33,UNVR,RG,4950,4,F,ZP,KZ,F
13:45:27,UNVR,RG,4950,16,F,BK,KZ,F
13:45:19,UNVR,RG,4950,11,F,YU,KZ,F
13:45:17,UNVR,RG,4950,15,D,PD,KZ,F
13:45:12,UNVR,RG,4950,3,F,ZP,KZ,F
13:45:11,UNVR,RG,4950,5,D,PC,KZ,F
13:45:06,UNVR,RG,4950,253,D,BB,KZ,F
13:45:04,UNVR,RG,4950,3,F,YU,KZ,F
13:44:55,UNVR,RG,4950,16,F,BK,KZ,F
13:44:27,UNVR,RG,4950,8,F,YU,KZ,F
13:44:18,UNVR,RG,4950,17,F,BK,KZ,F
13:44:16,UNVR,RG,4940,12,D,BB,PD,D
13:44:08,UNVR,RG,4950,1,D,XC,KZ,F
13:44:06,UNVR,RG,4950,1,D,XC,KZ,F
13:43:50,UNVR,RG,4950,1,D,PD,KZ,F
13:43:47,UNVR,RG,4950,51,F,YU,KZ,F
13:43:39,UNVR,RG,4950,1,D,YP,KZ,F
13:43:33,UNVR,RG,4950,16,F,BK,KZ,F
13:43:30,UNVR,RG,4940,24,D,BB,AK,F
13:43:30,UNVR,RG,4950,47,D,BB,KZ,F
13:43:30,UNVR,RG,4950,124,D,BB,KZ,F
13:43:30,UNVR,RG,4950,57,D,BB,AK,F
13:43:30,UNVR,RG,4950,14,D,BB,AK,F
13:43:30,UNVR,RG,4950,226,D,BB,AK,F
13:43:08,UNVR,RG,4950,20,F,YU,AK,F
13:43:04,UNVR,RG,4940,6,D,BB,YP,D
13:43:04,UNVR,RG,4940,4,F,CS,YP,D
13:43:04,UNVR,RG,4940,202,D,BB,YP,D
13:43:04,UNVR,RG,4940,288,F,BB,YP,D
13:42:59,UNVR,RG,4950,17,F,BK,AK,F
13:42:54,UNVR,RG,4950,36,F,BK,AK,F
13:42:54,UNVR,RG,4950,14,F,BK,AK,F
13:42:54,UNVR,RG,4950,6,F,BK,XC,D
13:42:50,UNVR,RG,4950,1,F,ZP,XC,D
13:42:50,UNVR,RG,4950,5,F,ZP,PD,D
13:42:50,UNVR,RG,4950,6,F,ZP,PD,D
13:42:50,UNVR,RG,4950,1,F,ZP,GR,D
13:42:50,UNVR,RG,4950,4,F,ZP,AZ,D
13:42:50,UNVR,RG,4950,5,F,ZP,KZ,F
13:42:50,UNVR,RG,4950,1,F,ZP,KZ,F
13:42:50,UNVR,RG,4950,19,F,ZP,KZ,F
13:42:50,UNVR,RG,4940,71,F,BB,AK,F
13:42:50,UNVR,RG,4940,1,F,BB,ZP,F
13:42:50,UNVR,RG,4950,6,F,CS,KZ,F
13:42:49,UNVR,RG,4950,28,D,YP,KZ,F
13:42:49,UNVR,RG,4950,220,D,YP,ZP,F
13:42:49,UNVR,RG,4950,4,D,YP,KZ,F
13:42:49,UNVR,RG,4950,1,D,YP,GR,D
13:42:49,UNVR,RG,4950,1,D,YP,XC,D
13:42:49,UNVR,RG,4950,6,D,YP,KZ,F
13:42:49,UNVR,RG,4950,4,D,YP,KZ,F
13:42:49,UNVR,RG,4950,4,D,YP,SQ,D
13:42:49,UNVR,RG,4950,62,D,YP,KZ,F
13:42:49,UNVR,RG,4950,65,D,YP,AK,F
13:42:49,UNVR,RG,4950,216,D,YP,KZ,F
13:42:49,UNVR,RG,4950,1,D,YP,KZ,F
13:42:49,UNVR,RG,4950,7,D,YP,AK,F
13:42:49,UNVR,RG,4950,23,D,YP,KZ,F
13:42:49,UNVR,RG,4950,17,D,YP,AK,F
13:42:49,UNVR,RG,4950,2,D,YP,YP,D
13:42:49,UNVR,RG,4950,36,D,YP,AK,F
13:42:49,UNVR,RG,4950,22,D,YP,AK,F
13:42:49,UNVR,RG,4950,8,D,YP,XC,D
13:42:49,UNVR,RG,4950,19,D,YP,AK,F
13:42:49,UNVR,RG,4950,1,D,YP,PD,D
13:42:49,UNVR,RG,4950,1,D,YP,XL,D
13:42:49,UNVR,RG,4950,1,D,YP,CC,D
13:42:49,UNVR,RG,4950,2,D,YP,CC,D
13:42:49,UNVR,RG,4950,1,D,YP,KK,D
13:42:49,UNVR,RG,4950,719,D,YP,ZP,F
13:42:49,UNVR,RG,4950,3,D,YP,PD,D
13:42:49,UNVR,RG,4950,15,D,YP,PD,D
13:42:49,UNVR,RG,4950,3,D,YP,PD,D
13:42:49,UNVR,RG,4950,3,D,YP,PD,D
13:42:49,UNVR,RG,4950,51,D,YP,PD,D
13:42:49,UNVR,RG,4950,3,D,YP,PD,D
13:42:49,UNVR,RG,4950,1,D,YP,PD,D
13:42:49,UNVR,RG,4950,2,D,YP,KK,D
13:42:49,UNVR,RG,4950,10,D,YP,PD,D
13:42:49,UNVR,RG,4950,138,D,YP,MG,D
13:42:49,UNVR,RG,4940,2,F,BB,ZP,F
13:42:48,UNVR,RG,4940,4,F,BB,ZP,F
13:42:47,UNVR,RG,4950,7,F,ZP,MG,D
