Time,Stock,Brd,Price,Qty,BT,BC,SC,ST
15:14:55,UNVR,RG,4800,20,F,ZP,MK,D
15:14:51,UNVR,RG,4800,50,D,KK,MK,D
15:14:41,UNVR,RG,4800,13,D,KK,MK,D
15:14:38,UNVR,RG,4800,1,D,PD,MK,D
15:14:23,UNVR,RG,4800,18,F,ZP,MK,D
15:14:22,UNVR,RG,4800,52,D,TP,MK,D
15:13:29,UNVR,RG,4800,10,D,YP,MK,D
15:13:19,UNVR,RG,4800,1,D,KK,MK,D
15:11:15,UNVR,RG,4800,13,F,ZP,MK,D
15:11:14,UNVR,RG,4800,1,D,XC,MK,D
15:10:20,UNVR,RG,4800,2,D,GR,MK,D
15:10:01,UNVR,RG,4800,5,D,GR,MK,D
15:09:51,UNVR,RG,4800,3,D,PD,MK,D
15:09:33,UNVR,RG,4800,1,D,GR,MK,D
15:09:18,UNVR,RG,4800,1,D,DR,MK,D
15:09:10,UNVR,RG,4800,38,F,ZP,MK,D
15:09:09,UNVR,RG,4800,161,F,ZP,MK,D
15:09:08,UNVR,RG,4800,107,F,ZP,MK,D
15:09:07,UNVR,RG,4800,564,F,ZP,MK,D
15:09:06,UNVR,RG,4800,2,D,DH,MK,D
15:09:06,UNVR,RG,4800,5,D,YP,MK,D
15:09:06,UNVR,RG,4800,20,D,ZP,MK,D
15:09:06,UNVR,RG,4800,10,D,XC,MK,D
15:09:06,UNVR,RG,4800,1,D,AZ,MK,D
15:09:06,UNVR,RG,4800,20,D,LG,MK,D
15:09:06,UNVR,RG,4800,25,D,CP,MK,D
15:09:06,UNVR,RG,4800,10,D,PD,MK,D
15:09:06,UNVR,RG,4800,200,D,NI,MK,D
15:09:06,UNVR,RG,4800,5,D,CC,MK,D
15:09:06,UNVR,RG,4800,60,D,SQ,MK,D
15:09:06,UNVR,RG,4800,19,D,NI,MK,D
15:09:06,UNVR,RG,4800,10,D,YP,MK,D
15:09:06,UNVR,RG,4800,1,D,GR,MK,D
15:09:06,UNVR,RG,4800,58,D,HP,MK,D
15:08:56,UNVR,RG,4800,6,D,HP,YP,D
15:08:47,UNVR,RG,4800,20,D,HP,YP,D
15:08:47,UNVR,RG,4800,10,D,HP,PD,D
15:08:43,UNVR,RG,4800,52,D,HP,YP,D
15:08:43,UNVR,RG,4800,8,D,YB,YP,D
15:08:30,UNVR,RG,4800,15,D,YB,YP,D
15:08:08,UNVR,RG,4800,2,D,YB,PD,D
15:08:08,UNVR,RG,4800,1,D,PD,PD,D
15:08:08,UNVR,RG,4800,7,D,PD,PD,D
15:08:00,UNVR,RG,4800,15,D,PD,YB,D
15:08:00,UNVR,RG,4800,2,D,KK,YB,D
15:08:00,UNVR,RG,4800,1,D,XC,YB,D
15:08:00,UNVR,RG,4800,20,D,DH,YB,D
15:08:00,UNVR,RG,4800,62,F,CS,YB,D
15:07:47,UNVR,RG,4800,295,F,CS,MK,D
15:07:47,UNVR,RG,4800,10,D,NI,MK,D
15:07:47,UNVR,RG,4800,457,F,ZP,MK,D
15:07:47,UNVR,RG,4800,1,D,MG,MK,D
15:07:47,UNVR,RG,4800,2,D,XL,MK,D
15:07:47,UNVR,RG,4800,20,D,XC,MK,D
15:07:47,UNVR,RG,4800,20,D,NI,MK,D
15:07:47,UNVR,RG,4800,5,D,PD,MK,D
15:07:47,UNVR,RG,4800,1,D,XC,MK,D
15:07:47,UNVR,RG,4800,20,D,CC,MK,D
15:07:47,UNVR,RG,4800,3,D,XC,MK,D
15:07:47,UNVR,RG,4800,1991,D,GR,MK,D
15:07:21,UNVR,RG,4800,3,D,GR,YP,D
15:07:05,UNVR,RG,4800,1,D,GR,NI,D
15:07:02,UNVR,RG,4800,550,D,GR,YP,D
15:06:56,UNVR,RG,4800,225,D,GR,MK,D
15:06:55,UNVR,RG,4800,75,D,GR,YP,D
15:06:55,UNVR,RG,4800,9,D,GR,SQ,D
15:05:44,UNVR,RG,4800,1,D,GR,YP,D
15:05:31,UNVR,RG,4800,20,D,GR,YP,D
15:05:05,UNVR,RG,4800,30,D,GR,NI,D
15:05:05,UNVR,RG,4800,20,D,GR,PD,D
15:04:55,UNVR,RG,4800,15,D,GR,YP,D
15:04:54,UNVR,RG,4800,25,D,GR,YP,D
15:04:43,UNVR,RG,4800,100,D,GR,ZP,D
15:04:43,UNVR,RG,4800,1,D,GR,KK,D
15:04:25,UNVR,RG,4800,4,D,GR,PD,D
15:04:21,UNVR,RG,4800,1,D,GR,PD,D
15:04:19,UNVR,RG,4800,15,D,GR,NI,D
15:04:11,UNVR,RG,4800,1,D,GR,AZ,D
15:04:08,UNVR,RG,4800,40,D,GR,PD,D
15:04:08,UNVR,RG,4800,20,D,GR,PD,D
15:04:08,UNVR,RG,4800,1,D,GR,DR,D
15:04:07,UNVR,RG,4800,10,D,GR,PD,D
15:03:59,UNVR,RG,4800,10,D,GR,YP,D
15:03:36,UNVR,RG,4800,25,D,GR,LG,D
15:03:08,UNVR,RG,4800,15,D,GR,PD,D
15:03:03,UNVR,RG,4800,20,D,GR,PD,D
15:02:57,UNVR,RG,4800,10,D,GR,PD,D
15:02:46,UNVR,RG,4800,1,D,GR,CP,D
15:02:43,UNVR,RG,4800,163,D,GR,PD,D
15:02:18,UNVR,RG,4800,250,D,GR,YP,D
15:02:12,UNVR,RG,4800,1,D,GR,YP,D
15:01:56,UNVR,RG,4800,50,D,GR,YP,D
15:01:50,UNVR,RG,4800,5,D,GR,KK,D
15:01:48,UNVR,RG,4800,100,D,GR,PD,D
15:01:47,UNVR,RG,4800,20,D,GR,KK,D
15:01:45,UNVR,RG,4800,40,D,GR,YP,D
15:01:44,UNVR,RG,4800,78,D,GR,YP,D
15:01:38,UNVR,RG,4800,8,D,GR,SQ,D
15:01:34,UNVR,RG,4800,100,D,GR,AO,D
15:01:34,UNVR,RG,4800,1054,D,GR,DR,D
15:01:30,UNVR,RG,4800,902,D,GR,BB,D
15:01:27,UNVR,RG,4800,150,D,GR,YU,D
15:01:26,UNVR,RG,4800,77,D,GR,YP,D
15:01:26,UNVR,RG,4800,1,D,PD,YP,D
15:01:26,UNVR,RG,4800,10,D,LG,YP,D
15:01:26,UNVR,RG,4800,12,F,ZP,YP,D
15:01:20,UNVR,RG,4800,1,F,ZP,CC,D
15:01:18,UNVR,RG,4800,2,F,ZP,AT,D
15:01:16,UNVR,RG,4800,20,F,ZP,YP,D
15:01:08,UNVR,RG,4800,7,F,ZP,YU,D
15:01:03,UNVR,RG,4800,25,F,ZP,YP,D
15:01:03,UNVR,RG,4800,25,F,ZP,YP,D
15:01:00,UNVR,RG,4800,1,F,ZP,BQ,D
15:01:00,UNVR,RG,4800,5,F,ZP,YB,D
15:01:00,UNVR,RG,4800,5,F,ZP,MU,D
15:01:00,UNVR,RG,4800,300,F,ZP,MG,D
15:01:00,UNVR,RG,4800,200,F,ZP,MG,D
15:00:00,UNVR,RG,4800,20,F,ZP,AG,D
15:00:00,UNVR,RG,4800,1,F,ZP,AZ,D
15:00:00,UNVR,RG,4800,4,F,ZP,YP,D
15:00:00,UNVR,RG,4800,10,F,ZP,AZ,D
15:00:00,UNVR,RG,4800,36,F,ZP,OD,D
15:00:00,UNVR,RG,4800,100,D,YP,OD,D
15:00:00,UNVR,RG,4800,6,D,XC,OD,D
15:00:00,UNVR,RG,4800,358,F,ZP,OD,D
15:00:00,UNVR,RG,4800,1,F,ZP,XL,D
15:00:00,UNVR,RG,4800,19,F,ZP,YP,D
15:00:00,UNVR,RG,4800,30,F,ZP,KI,D
15:00:00,UNVR,RG,4800,35,F,ZP,LG,D
15:00:00,UNVR,RG,4800,100,F,ZP,YP,D
15:00:00,UNVR,RG,4800,1,F,ZP,PD,D
15:00:00,UNVR,RG,4800,1,F,ZP,PD,D
15:00:00,UNVR,RG,4800,20,F,ZP,YP,D
15:00:00,UNVR,RG,4800,250,F,ZP,FZ,D
15:00:00,UNVR,RG,4800,5,F,ZP,KK,D
15:00:00,UNVR,RG,4800,300,F,ZP,PD,D
15:00:00,UNVR,RG,4800,12,F,ZP,AI,D
15:00:00,UNVR,RG,4800,10,F,ZP,DR,D
15:00:00,UNVR,RG,4800,10,F,ZP,FZ,D
15:00:00,UNVR,RG,4800,1,F,ZP,OD,F
15:00:00,UNVR,RG,4800,2,F,ZP,CP,D
15:00:00,UNVR,RG,4800,100,F,ZP,YP,D
15:00:00,UNVR,RG,4800,20,F,ZP,YP,D
15:00:00,UNVR,RG,4800,70,F,ZP,PD,D
15:00:00,UNVR,RG,4800,50,F,ZP,YP,D
15:00:00,UNVR,RG,4800,1,F,ZP,YP,D
15:00:00,UNVR,RG,4800,6,F,ZP,NI,D
15:00:00,UNVR,RG,4800,110,F,ZP,XC,D
15:00:00,UNVR,RG,4800,25,F,ZP,BQ,D
15:00:00,UNVR,RG,4800,8,F,ZP,BQ,D
15:00:00,UNVR,RG,4800,101,F,ZP,DH,D
15:00:00,UNVR,RG,4800,1,F,ZP,YP,D
15:00:00,UNVR,RG,4800,1,F,ZP,PD,D
15:00:00,UNVR,RG,4800,11,F,ZP,XL,D
15:00:00,UNVR,RG,4800,1,F,ZP,YP,D
15:00:00,UNVR,RG,4800,10,F,ZP,DR,D
15:00:00,UNVR,RG,4800,10,F,ZP,YP,D
15:00:00,UNVR,RG,4800,3,F,ZP,YP,D
15:00:00,UNVR,RG,4800,1,F,ZP,PD,D
15:00:00,UNVR,RG,4800,1,F,ZP,YP,D
15:00:00,UNVR,RG,4800,36,F,ZP,NI,D
15:00:00,UNVR,RG,4800,500,F,ZP,MK,D
15:00:00,UNVR,RG,4800,1,F,ZP,YP,D
15:00:00,UNVR,RG,4800,6,F,ZP,DR,D
15:00:00,UNVR,RG,4800,1,F,ZP,XL,D
15:00:00,UNVR,RG,4800,1,F,ZP,YU,D
15:00:00,UNVR,RG,4800,1,F,ZP,KK,D
15:00:00,UNVR,RG,4800,2,F,ZP,GR,D
15:00:00,UNVR,RG,4800,10,F,ZP,CD,D
15:00:00,UNVR,RG,4800,15,F,ZP,YU,D
15:00:00,UNVR,RG,4800,35,F,ZP,CC,D
15:00:00,UNVR,RG,4800,255,F,ZP,YP,D
15:00:00,UNVR,RG,4800,50,D,SQ,YP,D
15:00:00,UNVR,RG,4800,1,D,KK,YP,D
15:00:00,UNVR,RG,4800,27,F,ZP,YP,D
15:00:00,UNVR,RG,4800,127,D,EP,YP,D
15:00:00,UNVR,RG,4800,5,D,YP,YP,D
15:00:00,UNVR,RG,4800,30,D,NI,YP,D
15:00:00,UNVR,RG,4800,30,D,KK,YP,D
15:00:00,UNVR,RG,4800,1,D,CC,YP,D
15:00:00,UNVR,RG,4800,60,D,YP,YP,D
15:00:00,UNVR,RG,4800,10,D,PD,YP,D
15:00:00,UNVR,RG,4800,10,D,KK,YP,D
15:00:00,UNVR,RG,4800,2,D,XL,YP,D
15:00:00,UNVR,RG,4800,1,D,XA,YP,D
15:00:00,UNVR,RG,4800,136,D,YP,YP,D
15:00:00,UNVR,RG,4800,8,D,YP,YP,D
15:00:00,UNVR,RG,4800,3,D,XC,YP,D
15:00:00,UNVR,RG,4800,1,D,OD,YP,D
15:00:00,UNVR,RG,4800,1,D,GR,YP,D
15:00:00,UNVR,RG,4800,10,D,LG,YP,D
15:00:00,UNVR,RG,4800,5,D,AZ,YP,D
15:00:00,UNVR,RG,4800,1,D,XA,YP,D
15:00:00,UNVR,RG,4800,2,D,XC,YP,D
15:00:00,UNVR,RG,4800,2,D,HP,YP,D
15:00:00,UNVR,RG,4800,15,D,KK,YP,D
15:00:00,UNVR,RG,4800,250,D,YP,YP,D
15:00:00,UNVR,RG,4800,3,D,YP,YP,D
15:00:00,UNVR,RG,4800,5,D,CD,YP,D
15:00:00,UNVR,RG,4800,49,D,PD,YP,D
15:00:00,UNVR,RG,4800,1,D,PD,YU,D
15:00:00,UNVR,RG,4800,5,D,XA,YU,D
15:00:00,UNVR,RG,4800,2,D,XA,YU,D
15:00:00,UNVR,RG,4800,4,D,YP,YU,D
15:00:00,UNVR,RG,4800,5,D,YP,YP,D
15:00:00,UNVR,RG,4800,33,D,YP,AZ,D
15:00:00,UNVR,RG,4800,5,D,YP,AZ,D
15:00:00,UNVR,RG,4800,1,D,LG,AZ,D
15:00:00,UNVR,RG,4800,207,D,TP,AZ,D
15:00:00,UNVR,RG,4800,625,F,ZP,AZ,D
15:00:00,UNVR,RG,4800,186,F,ZP,AZ,D
15:00:00,UNVR,RG,4800,943,F,ZP,AZ,D
15:00:00,UNVR,RG,4800,1530,F,ZP,ZP,F
15:00:00,UNVR,RG,4800,26,F,ZP,KK,D
15:00:00,UNVR,RG,4800,10,F,ZP,DR,D
15:00:00,UNVR,RG,4800,196,F,ZP,DX,F
15:00:00,UNVR,RG,4800,2,F,ZP,HP,D
15:00:00,UNVR,RG,4800,2,F,ZP,YP,D
15:00:00,UNVR,RG,4800,178,F,ZP,MK,D
15:00:00,UNVR,RG,4800,50,F,ZP,MK,D
15:00:00,UNVR,RG,4800,44,F,ZP,MK,D
15:00:00,UNVR,RG,4800,28,F,BK,MK,D
15:00:00,UNVR,RG,4800,1199,F,BK,YU,D
15:00:00,UNVR,RG,4800,1152,F,BK,YU,D
15:00:00,UNVR,RG,4800,709,F,BK,ZP,F
15:00:00,UNVR,RG,4800,1206,F,BK,ZP,F
15:00:00,UNVR,RG,4800,47,F,BK,ZP,F
15:00:00,UNVR,RG,4800,766,F,BK,AK,F
15:00:00,UNVR,RG,4800,263,F,BK,BK,F
15:00:00,UNVR,RG,4800,48,F,BK,AK,F
15:00:00,UNVR,RG,4800,84,F,BK,AK,F
15:00:00,UNVR,RG,4800,3,F,BK,AK,F
15:00:00,UNVR,RG,4800,3,F,BK,AK,F
15:00:00,UNVR,RG,4800,27,F,BK,AK,F
15:00:00,UNVR,RG,4800,47,F,BK,AK,F
15:00:00,UNVR,RG,4800,48,F,BK,AK,F
15:00:00,UNVR,RG,4800,36,F,BK,ZP,F
15:00:00,UNVR,RG,4800,204,F,BK,BB,D
15:00:00,UNVR,RG,4800,89,F,BK,RX,D
15:00:00,UNVR,RG,4800,202,F,BK,DP,F
15:00:00,UNVR,RG,4800,210,F,BK,CC,D
15:00:00,UNVR,RG,4800,1387,F,BK,PD,D
15:00:00,UNVR,RG,4800,5735,F,BK,PD,D
15:00:00,UNVR,RG,4800,124,F,AK,PD,D
15:00:00,UNVR,RG,4800,332,F,AK,PD,D
15:00:00,UNVR,RG,4800,351,F,AK,PD,D
15:00:00,UNVR,RG,4800,79,F,YU,PD,D
15:00:00,UNVR,RG,4800,10,D,CC,PD,D
15:00:00,UNVR,RG,4800,1,D,CC,PD,D
14:49:57,UNVR,RG,4810,1,F,ZP,CC,D
14:49:57,UNVR,RG,4810,1,F,ZP,CC,D
14:49:54,UNVR,RG,4810,2,F,ZP,CC,D
14:49:51,UNVR,RG,4810,1,F,ZP,CC,D
14:49:51,UNVR,RG,4810,1,F,ZP,CC,D
14:49:50,UNVR,RG,4810,1,F,ZP,CC,D
14:49:45,UNVR,RG,4800,12,D,YP,DX,F
14:49:45,UNVR,RG,4800,17,D,YP,DX,F
14:49:45,UNVR,RG,4800,3,D,YP,AK,F
14:49:45,UNVR,RG,4800,5,D,YP,CC,D
14:49:43,UNVR,RG,4800,11,D,YP,CS,F
14:49:41,UNVR,RG,4800,5,D,YP,AK,F
14:49:41,UNVR,RG,4800,1,D,YP,AK,F
14:49:40,UNVR,RG,4810,2,F,ZP,CC,D
14:49:40,UNVR,RG,4800,2,D,YP,XC,D
14:49:33,UNVR,RG,4800,4,D,YP,CS,F
14:49:31,UNVR,RG,4810,1,F,ZP,CC,D
14:49:31,UNVR,RG,4800,4,D,YP,CS,F
14:49:31,UNVR,RG,4800,2,D,EP,CS,F
14:49:30,UNVR,RG,4800,1,D,EP,AK,F
14:49:30,UNVR,RG,4800,2,D,EP,AK,F
14:49:30,UNVR,RG,4800,1,F,ZP,AK,F
14:49:30,UNVR,RG,4800,1,F,ZP,ZP,F
14:49:30,UNVR,RG,4800,3,D,PD,ZP,F
14:49:30,UNVR,RG,4800,10,F,ZP,ZP,F
14:49:30,UNVR,RG,4810,27,F,YU,CC,D
14:49:29,UNVR,RG,4800,1,F,ZP,EP,D
14:49:26,UNVR,RG,4800,4,F,ZP,CS,F
14:49:24,UNVR,RG,4800,3,F,ZP,CS,F
14:49:24,UNVR,RG,4800,1,F,ZP,DX,F
14:49:24,UNVR,RG,4800,13,F,ZP,DX,F
14:49:24,UNVR,RG,4810,3,F,ZP,DR,D
14:49:23,UNVR,RG,4810,4,F,ZP,DR,D
14:49:23,UNVR,RG,4800,7,F,ZP,CS,F
14:49:23,UNVR,RG,4800,4,F,CS,CS,F
14:49:21,UNVR,RG,4800,1,F,CS,AK,F
14:49:19,UNVR,RG,4800,3,F,CS,CC,D
14:49:19,UNVR,RG,4800,27,D,YP,CC,D
14:49:17,UNVR,RG,4810,37,F,ZP,DR,D
14:49:15,UNVR,RG,4800,5,D,YP,CS,F
14:49:15,UNVR,RG,4800,2,D,YP,AK,F
14:49:15,UNVR,RG,4800,1,D,YP,AK,F
14:49:15,UNVR,RG,4800,1,D,YP,AK,F
14:49:15,UNVR,RG,4800,2,D,YP,AK,F
14:49:15,UNVR,RG,4800,1,D,YP,AK,F
14:49:14,UNVR,RG,4800,61,D,YP,AK,F
14:49:14,UNVR,RG,4800,12,D,HP,AK,F
14:49:12,UNVR,RG,4810,2,F,CS,DR,D
14:49:12,UNVR,RG,4800,1,D,HP,CS,F
14:49:12,UNVR,RG,4800,9,D,HP,CS,F
14:49:12,UNVR,RG,4800,5,D,HP,CS,F
14:49:12,UNVR,RG,4800,3,D,HP,CS,F
14:49:09,UNVR,RG,4800,53,D,HP,ZP,F
14:49:09,UNVR,RG,4800,21,D,HP,ZP,F
14:49:07,UNVR,RG,4810,1,F,CS,DR,D
14:49:07,UNVR,RG,4810,1,F,CS,DR,D
14:49:01,UNVR,RG,4800,11,D,HP,CS,F
14:49:00,UNVR,RG,4810,178,F,ZP,DR,D
14:48:59,UNVR,RG,4800,24,D,HP,AK,F
14:48:59,UNVR,RG,4800,11,D,HP,AK,F
14:48:59,UNVR,RG,4800,4,F,AK,AK,F
14:48:59,UNVR,RG,4800,11,F,AK,AK,F
14:48:59,UNVR,RG,4800,6,F,AK,AK,F
14:48:59,UNVR,RG,4800,4,F,AK,AK,F
14:48:59,UNVR,RG,4800,3,F,AK,AK,F
14:48:59,UNVR,RG,4800,5,F,AK,AK,F
14:48:57,UNVR,RG,4810,3,F,CS,DR,D
14:48:57,UNVR,RG,4800,5,F,AK,PD,D
14:48:51,UNVR,RG,4800,11,F,AK,CS,F
14:48:47,UNVR,RG,4810,3,F,CS,DR,D
14:48:46,UNVR,RG,4800,25,F,AK,PD,D
14:48:41,UNVR,RG,4800,1,F,AK,CS,F
14:48:41,UNVR,RG,4800,16,D,HP,CS,F
14:48:33,UNVR,RG,4800,1,D,HP,EP,D
14:48:32,UNVR,RG,4800,34,D,HP,AK,F
14:48:32,UNVR,RG,4800,21,F,BK,AK,F
14:48:30,UNVR,RG,4800,1,F,BK,AK,F
14:48:25,UNVR,RG,4800,2,F,BK,CS,F
14:48:25,UNVR,RG,4800,10,F,ZP,CS,F
14:48:24,UNVR,RG,4800,17,F,ZP,ZP,F
14:48:24,UNVR,RG,4800,29,F,ZP,ZP,F
14:48:19,UNVR,RG,4800,1,F,ZP,YP,D
14:48:14,UNVR,RG,4800,14,F,ZP,CS,F
14:48:02,UNVR,RG,4800,31,F,ZP,ZP,F
14:48:02,UNVR,RG,4810,9,F,ZP,DR,D
14:48:02,UNVR,RG,4800,5,D,XC,ZP,F
14:48:02,UNVR,RG,4800,1,F,ZP,ZP,F
14:48:02,UNVR,RG,4800,2,D,CC,ZP,F
14:48:02,UNVR,RG,4800,1,D,CC,ZP,F
14:48:02,UNVR,RG,4800,2,D,XC,ZP,F
14:48:02,UNVR,RG,4800,75,F,AK,ZP,F
14:48:02,UNVR,RG,4800,22,D,YU,ZP,F
14:48:02,UNVR,RG,4800,15,D,CC,ZP,F
14:48:02,UNVR,RG,4800,20,D,YP,ZP,F
14:48:02,UNVR,RG,4800,7,F,CS,ZP,F
14:48:02,UNVR,RG,4800,1,D,XC,ZP,F
14:48:02,UNVR,RG,4800,10,D,YP,ZP,F
14:48:02,UNVR,RG,4800,153,F,ZP,ZP,F
14:48:02,UNVR,RG,4800,4,F,ZP,ZP,F
14:48:02,UNVR,RG,4800,4,F,ZP,ZP,F
14:48:02,UNVR,RG,4800,1,D,PD,ZP,F
14:48:02,UNVR,RG,4800,29,F,ZP,ZP,F
14:48:02,UNVR,RG,4810,510,F,ZP,DR,D
14:48:02,UNVR,RG,4810,7,F,ZP,DR,D
14:48:01,UNVR,RG,4800,18,F,ZP,CS,F
14:48:01,UNVR,RG,4800,2,F,ZP,CS,F
14:47:56,UNVR,RG,4810,7,F,CS,DR,D
14:47:49,UNVR,RG,4800,2,F,ZP,YP,D
14:47:44,UNVR,RG,4810,3,D,EP,DR,D
14:47:42,UNVR,RG,4800,21,F,ZP,CS,F
14:47:42,UNVR,RG,4800,1,F,ZP,CS,F
14:47:42,UNVR,RG,4810,25,D,PD,DR,D
14:47:40,UNVR,RG,4810,5,D,YP,DR,D
14:47:31,UNVR,RG,4800,28,F,ZP,AK,F
14:47:31,UNVR,RG,4800,5,D,CD,AK,F
14:47:31,UNVR,RG,4800,7,D,XC,AK,F
14:47:31,UNVR,RG,4800,3,F,BK,AK,F
14:47:23,UNVR,RG,4810,7,F,CS,DR,D
14:47:23,UNVR,RG,4800,50,F,BK,OD,D
14:47:21,UNVR,RG,4800,12,F,BK,CS,F
14:47:11,UNVR,RG,4800,22,F,BK,CS,F
14:47:10,UNVR,RG,4800,30,F,BK,GR,D
14:47:09,UNVR,RG,4810,3,D,PD,DR,D
14:47:05,UNVR,RG,4810,2,D,EP,DR,D
14:47:00,UNVR,RG,4810,15,F,YU,DR,D
14:46:54,UNVR,RG,4800,19,F,YU,GR,D
14:46:54,UNVR,RG,4800,2,D,XC,GR,D
14:46:54,UNVR,RG,4800,10,D,CP,GR,D
14:46:54,UNVR,RG,4800,19,D,XC,GR,D
14:46:53,UNVR,RG,4800,1,D,XC,CC,D
14:46:50,UNVR,RG,4800,21,F,AK,CS,F
14:46:48,UNVR,RG,4800,1,F,AK,PD,D
14:46:46,UNVR,RG,4800,3,F,AK,XC,D
14:46:44,UNVR,RG,4800,42,F,AK,AK,F
14:46:31,UNVR,RG,4800,15,F,AK,CS,F
14:46:28,UNVR,RG,4800,20,F,AK,GR,D
14:46:27,UNVR,RG,4810,70,D,EP,DR,D
14:46:01,UNVR,RG,4810,9,F,CS,DR,D
14:46:01,UNVR,RG,4810,14,F,BK,DR,D
14:46:01,UNVR,RG,4810,1,D,AT,DR,D
14:46:01,UNVR,RG,4810,81,F,ZP,DR,D
14:45:59,UNVR,RG,4810,50,F,ZP,AK,F
14:45:58,UNVR,RG,4810,1,F,ZP,XC,D
14:45:58,UNVR,RG,4810,100,F,ZP,YP,D
14:45:56,UNVR,RG,4810,1,F,ZP,XL,D
14:45:54,UNVR,RG,4810,14,F,ZP,XC,D
14:45:53,UNVR,RG,4810,15,F,ZP,YP,D
14:45:53,UNVR,RG,4810,85,F,BK,YP,D
14:45:48,UNVR,RG,4810,100,F,BK,YP,D
14:45:42,UNVR,RG,4810,100,F,ZP,AO,D
14:45:42,UNVR,RG,4810,1,F,ZP,CS,F
14:45:41,UNVR,RG,4810,1,F,ZP,YU,D
14:45:41,UNVR,RG,4810,1,F,ZP,CS,F
14:45:41,UNVR,RG,4810,1,F,AK,CS,F
14:45:41,UNVR,RG,4810,1,F,AK,PD,D
14:45:40,UNVR,RG,4810,2,F,ZP,GR,D
14:45:40,UNVR,RG,4810,1,D,PD,GR,D
14:45:37,UNVR,RG,4800,50,F,AK,YP,D
14:45:37,UNVR,RG,4810,50,D,YP,YP,D
14:45:31,UNVR,RG,4810,100,F,AK,YP,D
14:45:27,UNVR,RG,4820,2,D,YB,DR,D
14:45:25,UNVR,RG,4800,12,F,AK,ZP,F
14:45:20,UNVR,RG,4820,205,F,ZP,DR,D
14:45:20,UNVR,RG,4800,75,F,AK,ZP,F
14:45:20,UNVR,RG,4800,92,F,BK,ZP,F
14:45:20,UNVR,RG,4800,26,F,ZP,ZP,F
14:45:20,UNVR,RG,4810,120,F,ZP,ZP,F
14:45:20,UNVR,RG,4810,8,F,ZP,ZP,F
14:45:20,UNVR,RG,4810,1,F,ZP,ZP,F
14:45:20,UNVR,RG,4810,10,F,ZP,ZP,F
14:45:20,UNVR,RG,4810,3,F,CS,ZP,F
14:45:20,UNVR,RG,4810,4,F,CS,CS,F
14:45:20,UNVR,RG,4810,4,F,CS,CS,F
14:45:19,UNVR,RG,4810,28,D,YP,CS,F
14:45:19,UNVR,RG,4810,36,D,YP,AK,F
14:45:19,UNVR,RG,4810,1,D,YP,XC,D
14:45:19,UNVR,RG,4810,44,D,YP,AK,F
14:45:19,UNVR,RG,4810,8,D,YP,EP,D
14:45:19,UNVR,RG,4810,9,D,YP,AK,F
14:45:19,UNVR,RG,4810,5,D,YP,AK,F
14:45:19,UNVR,RG,4810,28,D,YP,CS,F
14:45:16,UNVR,RG,4810,9,F,ZP,CS,F
14:45:15,UNVR,RG,4810,1,D,ZP,CS,F
14:45:13,UNVR,RG,4810,4,F,CS,CS,F
14:45:12,UNVR,RG,4810,8,D,YP,CS,F
14:45:12,UNVR,RG,4810,42,D,YP,YP,D
14:44:57,UNVR,RG,4810,10,D,DH,YP,D
14:44:54,UNVR,RG,4810,4,F,CS,YP,D
14:44:53,UNVR,RG,4810,44,D,DR,YP,D
14:44:53,UNVR,RG,4810,106,D,DR,EP,D
14:44:45,UNVR,RG,4810,94,F,ZP,EP,D
14:44:45,UNVR,RG,4810,12,F,ZP,KK,D
14:44:45,UNVR,RG,4810,10,F,ZP,CC,D
14:44:45,UNVR,RG,4810,10,F,ZP,KK,D
14:44:45,UNVR,RG,4810,34,F,ZP,AK,F
14:44:38,UNVR,RG,4800,10,F,ZP,CC,D
14:44:34,UNVR,RG,4800,1,F,ZP,KK,D
14:44:20,UNVR,RG,4810,23,F,ZP,AK,F
14:44:20,UNVR,RG,4810,10,F,ZP,LG,D
14:44:20,UNVR,RG,4810,2,F,ZP,XC,D
14:44:20,UNVR,RG,4810,26,F,ZP,DX,F
14:44:20,UNVR,RG,4810,55,F,ZP,NI,D
14:44:20,UNVR,RG,4810,1,F,ZP,YP,D
14:44:20,UNVR,RG,4810,1,F,ZP,XC,D
14:44:20,UNVR,RG,4810,59,F,ZP,CS,F
14:44:20,UNVR,RG,4810,9,F,ZP,PD,D
14:44:20,UNVR,RG,4810,100,F,ZP,YP,D
14:44:20,UNVR,RG,4810,1,F,ZP,KK,D
14:44:20,UNVR,RG,4810,79,F,ZP,CC,D
14:44:13,UNVR,RG,4800,1,F,ZP,YP,D
14:44:06,UNVR,RG,4800,1,F,ZP,YP,D
14:43:45,UNVR,RG,4810,13,D,PD,CC,D
14:43:40,UNVR,RG,4800,177,F,AK,PD,D
14:43:40,UNVR,RG,4800,53,F,ZP,PD,D
14:43:39,UNVR,RG,4800,240,F,AK,PD,D
14:43:39,UNVR,RG,4800,1,F,CS,PD,D
14:43:39,UNVR,RG,4800,2,F,CS,PD,D
14:43:39,UNVR,RG,4800,2,D,XC,PD,D
14:43:39,UNVR,RG,4800,1,D,XC,PD,D
14:43:39,UNVR,RG,4800,24,F,YU,PD,D
14:43:39,UNVR,RG,4800,25,D,AZ,PD,D
14:43:39,UNVR,RG,4800,5,D,YP,PD,D
14:43:39,UNVR,RG,4800,21,F,ZP,PD,D
14:43:39,UNVR,RG,4800,37,F,ZP,PD,D
14:43:39,UNVR,RG,4800,210,F,AK,PD,D
14:43:39,UNVR,RG,4800,200,D,EP,PD,D
14:43:39,UNVR,RG,4800,50,D,PD,PD,D
14:43:39,UNVR,RG,4800,8,D,YP,PD,D
14:43:39,UNVR,RG,4800,7,D,EP,PD,D
14:43:39,UNVR,RG,4800,10,D,DR,PD,D
14:43:39,UNVR,RG,4800,100,D,PD,PD,D
14:43:39,UNVR,RG,4800,1,D,XC,PD,D
14:43:39,UNVR,RG,4800,102,F,BK,PD,D
14:43:39,UNVR,RG,4800,15,D,EP,PD,D
14:43:39,UNVR,RG,4800,2,D,YP,PD,D
14:43:39,UNVR,RG,4800,2,D,YP,PD,D
14:43:39,UNVR,RG,4800,2,D,YP,PD,D
14:43:39,UNVR,RG,4800,2,F,ZP,PD,D
14:43:39,UNVR,RG,4800,1,F,ZP,PD,D
14:43:39,UNVR,RG,4800,2,D,YP,PD,D
14:43:39,UNVR,RG,4800,2,D,YP,PD,D
14:43:39,UNVR,RG,4800,22,F,ZP,PD,D
14:43:39,UNVR,RG,4800,2,D,YP,PD,D
14:43:39,UNVR,RG,4800,2,D,YP,PD,D
14:43:39,UNVR,RG,4800,10,D,EP,PD,D
14:43:39,UNVR,RG,4800,2,D,YP,PD,D
14:43:39,UNVR,RG,4800,2,D,CC,PD,D
14:43:39,UNVR,RG,4800,2,D,YP,PD,D
14:43:39,UNVR,RG,4800,2,D,YP,PD,D
14:43:39,UNVR,RG,4800,2,D,YP,PD,D
14:43:39,UNVR,RG,4800,2,D,YP,PD,D
14:43:39,UNVR,RG,4800,43,F,ZP,PD,D
14:43:39,UNVR,RG,4800,165,F,ZP,PD,D
14:43:37,UNVR,RG,4810,1,D,CC,CC,D
14:43:35,UNVR,RG,4810,1,D,CC,CC,D
14:43:17,UNVR,RG,4810,1,F,CS,CC,D
14:43:17,UNVR,RG,4810,2,F,CS,CC,D
14:43:17,UNVR,RG,4810,3,F,BK,CC,D
14:43:16,UNVR,RG,4810,257,F,BK,GR,D
14:43:16,UNVR,RG,4810,8,F,CS,GR,D
14:43:16,UNVR,RG,4810,1,F,CS,GR,D
14:43:16,UNVR,RG,4810,1,F,ZP,GR,D
14:43:16,UNVR,RG,4810,9,F,ZP,GR,D
14:43:16,UNVR,RG,4810,10,F,ZP,GR,D
14:43:16,UNVR,RG,4810,3,F,CS,GR,D
14:43:16,UNVR,RG,4810,4,D,CC,GR,D
14:43:16,UNVR,RG,4810,2,D,CC,GR,D
14:43:16,UNVR,RG,4810,1,D,CC,GR,D
14:43:16,UNVR,RG,4810,4,D,SQ,GR,D
14:43:12,UNVR,RG,4810,155,D,SQ,ZP,F
14:43:12,UNVR,RG,4810,126,D,SQ,AK,F
14:43:11,UNVR,RG,4810,56,D,SQ,AK,F
14:43:11,UNVR,RG,4810,11,D,SQ,ZP,F
14:43:11,UNVR,RG,4810,200,D,SQ,YP,D
14:43:11,UNVR,RG,4810,1,D,SQ,XL,D
14:43:11,UNVR,RG,4810,100,D,SQ,ZP,D
14:43:11,UNVR,RG,4810,1,D,SQ,XC,D
14:43:11,UNVR,RG,4810,1,D,SQ,CC,D
14:43:11,UNVR,RG,4810,25,D,SQ,NI,D
14:43:11,UNVR,RG,4810,90,D,SQ,BQ,D
14:43:11,UNVR,RG,4810,4,D,SQ,DU,D
14:43:11,UNVR,RG,4810,5,D,SQ,KK,D
14:43:11,UNVR,RG,4810,9,D,SQ,PD,D
14:43:11,UNVR,RG,4810,1,D,SQ,CC,D
14:43:11,UNVR,RG,4810,42,D,SQ,DX,F
14:43:11,UNVR,RG,4810,4,D,SQ,KK,D
14:43:11,UNVR,RG,4810,15,D,SQ,AK,F
14:43:11,UNVR,RG,4810,1,D,SQ,XC,D
14:43:11,UNVR,RG,4810,8,D,SQ,AK,F
14:43:11,UNVR,RG,4810,53,D,SQ,AK,F
14:43:11,UNVR,RG,4810,5,D,SQ,AZ,D
14:43:11,UNVR,RG,4810,20,D,SQ,DU,D
14:43:11,UNVR,RG,4810,8,D,SQ,CS,F
14:43:11,UNVR,RG,4810,83,D,SQ,AK,F
14:43:11,UNVR,RG,4810,1,D,SQ,YP,D
14:43:11,UNVR,RG,4810,1,D,SQ,YP,D
14:43:11,UNVR,RG,4810,100,D,SQ,YP,D
14:43:11,UNVR,RG,4810,5,D,SQ,YP,D
14:43:11,UNVR,RG,4810,3,D,SQ,XA,D
14:43:11,UNVR,RG,4810,20,D,SQ,CS,F
14:43:11,UNVR,RG,4810,31,D,SQ,CS,F
14:43:11,UNVR,RG,4810,11,D,SQ,PD,D
14:43:08,UNVR,RG,4810,7,F,CS,PD,D
14:43:04,UNVR,RG,4800,20,F,ZP,YP,D
14:42:56,UNVR,RG,4800,55,F,ZP,EP,D
14:42:52,UNVR,RG,4810,5,D,CC,PD,D
14:42:44,UNVR,RG,4800,13,F,ZP,XL,D
14:42:39,UNVR,RG,4800,45,F,ZP,CS,F
14:42:28,UNVR,RG,4810,5,F,CS,PD,D
14:42:24,UNVR,RG,4810,1,D,ZP,PD,D
14:42:15,UNVR,RG,4800,1,F,ZP,YP,D
14:42:14,UNVR,RG,4810,5,D,EP,PD,D
14:42:01,UNVR,RG,4810,6,F,CS,PD,D
14:42:00,UNVR,RG,4800,111,F,ZP,ZP,F
14:42:00,UNVR,RG,4800,2,D,YP,ZP,F
14:42:00,UNVR,RG,4800,2,D,KK,ZP,F
14:42:00,UNVR,RG,4800,2,D,YP,ZP,F
14:42:00,UNVR,RG,4800,49,F,ZP,ZP,F
14:42:00,UNVR,RG,4800,22,F,AK,ZP,F
14:42:00,UNVR,RG,4810,437,F,ZP,PD,D
14:41:50,UNVR,RG,4800,37,F,AK,CS,F
14:41:27,UNVR,RG,4810,8,F,CS,PD,D
14:41:27,UNVR,RG,4800,3,F,AK,DR,D
14:41:15,UNVR,RG,4800,2,F,AK,PD,D
14:41:08,UNVR,RG,4800,36,F,AK,CS,F
14:41:06,UNVR,RG,4800,3,F,AK,YU,D
14:41:05,UNVR,RG,4800,5,F,AK,CC,D
14:41:01,UNVR,RG,4800,10,F,AK,LG,D
14:40:58,UNVR,RG,4800,11,F,AK,YP,D
14:40:58,UNVR,RG,4800,2,D,YP,YP,D
14:40:58,UNVR,RG,4800,2,D,YP,YP,D
14:40:58,UNVR,RG,4800,2,D,YP,YP,D
14:40:58,UNVR,RG,4800,2,D,YP,YP,D
14:40:58,UNVR,RG,4800,11,F,ZP,YP,D
14:40:49,UNVR,RG,4800,2,F,ZP,OD,D
14:40:48,UNVR,RG,4800,2,F,ZP,XL,D
14:40:48,UNVR,RG,4800,3,F,BK,XL,D
14:40:45,UNVR,RG,4800,85,F,BK,YP,D
14:40:45,UNVR,RG,4800,2,D,YP,YP,D
14:40:45,UNVR,RG,4800,15,D,YU,YP,D
14:40:45,UNVR,RG,4800,2,D,YP,YP,D
14:40:45,UNVR,RG,4800,2,D,YP,YP,D
14:40:45,UNVR,RG,4800,2,D,YP,YP,D
14:40:45,UNVR,RG,4800,1,F,CS,YP,D
14:40:45,UNVR,RG,4800,5,D,EP,YP,D
14:40:45,UNVR,RG,4800,2,D,YP,YP,D
14:40:45,UNVR,RG,4800,5,D,XC,YP,D
14:40:36,UNVR,RG,4800,2,D,XC,CD,D
14:40:36,UNVR,RG,4800,2,D,YP,CD,D
14:40:36,UNVR,RG,4800,2,D,YP,CD,D
14:40:36,UNVR,RG,4800,5,D,XC,CD,D
14:40:36,UNVR,RG,4800,2,D,YP,CD,D
14:40:36,UNVR,RG,4800,2,D,YP,CD,D
14:40:36,UNVR,RG,4800,2,D,YP,CD,D
14:40:36,UNVR,RG,4800,2,D,YP,CD,D
14:40:36,UNVR,RG,4800,30,D,YP,CD,D
14:40:36,UNVR,RG,4800,1,D,YP,CD,D
14:40:36,UNVR,RG,4800,10,D,XA,CD,D
14:40:36,UNVR,RG,4800,1,D,YP,CD,D
14:40:36,UNVR,RG,4800,1,D,YP,CD,D
14:40:36,UNVR,RG,4800,2,D,XC,CD,D
14:40:36,UNVR,RG,4800,1,D,YP,CD,D
14:40:36,UNVR,RG,4800,1,D,YP,CD,D
14:40:36,UNVR,RG,4800,1,D,YP,CD,D
14:40:36,UNVR,RG,4800,1,D,YP,CD,D
14:40:36,UNVR,RG,4800,1,D,YP,CD,D
14:40:36,UNVR,RG,4800,100,D,GR,CD,D
14:40:36,UNVR,RG,4800,7,F,ZP,CD,D
14:40:36,UNVR,RG,4800,8,F,ZP,CD,D
14:40:36,UNVR,RG,4800,16,D,EP,CD,D
14:40:32,UNVR,RG,4800,184,D,EP,YP,D
14:40:32,UNVR,RG,4800,1,D,YP,YP,D
14:40:28,UNVR,RG,4800,1,D,YP,CS,F
14:40:28,UNVR,RG,4800,1,D,YP,CS,F
14:40:28,UNVR,RG,4800,1,D,YP,CS,F
14:40:28,UNVR,RG,4800,1,D,YP,CS,F
14:40:28,UNVR,RG,4800,1,D,YP,CS,F
14:40:28,UNVR,RG,4800,1,D,YP,CS,F
14:40:28,UNVR,RG,4800,1,D,YP,CS,F
14:40:28,UNVR,RG,4800,1,D,YP,CS,F
14:40:28,UNVR,RG,4800,1,D,YP,CS,F
14:40:28,UNVR,RG,4800,1,D,YP,CS,F
14:40:28,UNVR,RG,4800,16,F,ZP,CS,F
14:40:28,UNVR,RG,4800,10,D,LG,CS,F
14:40:20,UNVR,RG,4800,81,D,LG,ZP,F
14:40:16,UNVR,RG,4800,9,D,LG,YP,D
14:40:16,UNVR,RG,4800,1,D,YP,YP,D
14:40:16,UNVR,RG,4800,15,F,ZP,YP,D
14:40:16,UNVR,RG,4800,1,F,ZP,YP,D
14:40:15,UNVR,RG,4800,4,F,ZP,NI,D
14:39:38,UNVR,RG,4810,40,D,YP,PD,D
14:39:37,UNVR,RG,4800,7,F,ZP,ZP,F
14:39:37,UNVR,RG,4800,37,F,ZP,ZP,F
14:39:37,UNVR,RG,4800,71,F,AK,ZP,F
14:39:37,UNVR,RG,4800,57,F,ZP,ZP,F
14:39:37,UNVR,RG,4810,1,F,CS,PD,D
14:39:37,UNVR,RG,4810,3,F,CS,PD,D
14:39:37,UNVR,RG,4810,7,F,CS,PD,D
14:39:37,UNVR,RG,4810,2,D,YP,PD,D
14:39:37,UNVR,RG,4810,99,F,BK,PD,D
14:39:37,UNVR,RG,4810,2,F,CS,PD,D
14:39:37,UNVR,RG,4810,4,F,CS,PD,D
14:39:37,UNVR,RG,4810,128,F,ZP,PD,D
14:39:35,UNVR,RG,4810,5,F,ZP,PD,D
14:39:34,UNVR,RG,4810,13,F,ZP,DR,D
14:39:32,UNVR,RG,4810,2,F,ZP,XL,D
14:39:32,UNVR,RG,4810,88,F,ZP,PD,D
14:39:32,UNVR,RG,4810,1,F,ZP,PD,D
14:39:32,UNVR,RG,4810,3,F,ZP,PD,D
14:39:32,UNVR,RG,4810,6,D,CC,PD,D
14:39:32,UNVR,RG,4810,3,D,ZP,PD,D
14:39:17,UNVR,RG,4810,1,D,ZP,PD,D
14:39:12,UNVR,RG,4820,168,F,ZP,DR,D
14:39:02,UNVR,RG,4810,1,F,ZP,CS,F
14:39:02,UNVR,RG,4810,2,F,ZP,CS,D
14:39:02,UNVR,RG,4810,5,F,ZP,AK,F
14:39:02,UNVR,RG,4810,8,F,ZP,AK,F
14:39:02,UNVR,RG,4810,4,F,CS,AK,F
14:39:02,UNVR,RG,4810,95,D,NI,AK,F
14:39:02,UNVR,RG,4810,5,D,NI,XL,D
14:39:02,UNVR,RG,4810,3,D,NI,XC,D
14:39:02,UNVR,RG,4810,1,D,NI,YP,D
14:39:02,UNVR,RG,4810,5,D,NI,CS,D
14:39:02,UNVR,RG,4810,1,D,NI,AK,F
14:39:02,UNVR,RG,4810,1,D,NI,CC,D
14:39:02,UNVR,RG,4810,151,D,NI,EP,D
14:39:01,UNVR,RG,4810,52,F,AK,EP,D
14:39:01,UNVR,RG,4810,1,F,AK,YP,D
14:39:01,UNVR,RG,4810,100,F,AK,YU,D
14:39:01,UNVR,RG,4810,46,F,AK,MK,D
14:39:00,UNVR,RG,4810,54,F,AK,MK,D
14:39:00,UNVR,RG,4810,12,F,AK,ZP,F
14:39:00,UNVR,RG,4810,5,F,AK,XL,D
14:39:00,UNVR,RG,4810,1,F,AK,YP,D
14:39:00,UNVR,RG,4810,30,F,AK,DH,D
14:39:00,UNVR,RG,4810,8,F,AK,KK,D
14:39:00,UNVR,RG,4810,3,F,AK,CC,D
14:39:00,UNVR,RG,4810,20,F,AK,CC,D
14:39:00,UNVR,RG,4810,1,F,AK,YP,D
14:39:00,UNVR,RG,4810,3,F,AK,SQ,D
14:39:00,UNVR,RG,4810,3,F,AK,PD,D
14:39:00,UNVR,RG,4810,32,F,AK,CS,F
14:39:00,UNVR,RG,4810,27,F,AK,CS,F
14:38:59,UNVR,RG,4810,3,F,AK,NI,D
14:38:59,UNVR,RG,4810,131,F,AK,AK,F
14:38:59,UNVR,RG,4810,10,F,AK,YP,D
14:38:59,UNVR,RG,4810,20,F,AK,PD,D
14:38:59,UNVR,RG,4810,5,F,AK,DR,D
14:38:59,UNVR,RG,4810,30,F,AK,CP,D
14:38:58,UNVR,RG,4810,70,F,AK,CP,D
14:38:58,UNVR,RG,4810,1,F,AK,AK,F
14:38:58,UNVR,RG,4810,17,F,AK,AK,F
14:38:58,UNVR,RG,4810,111,F,AK,AK,F
14:38:58,UNVR,RG,4810,1,D,XC,AK,F
14:38:57,UNVR,RG,4810,1,D,YP,AK,F
14:38:57,UNVR,RG,4810,21,D,YP,AK,F
14:38:49,UNVR,RG,4810,9,D,XC,AK,F
14:38:39,UNVR,RG,4810,8,F,CS,AK,F
14:38:34,UNVR,RG,4810,7,D,CC,AK,F
14:38:34,UNVR,RG,4810,93,D,CC,MG,D
14:38:27,UNVR,RG,4800,3,F,ZP,XC,D
14:38:26,UNVR,RG,4800,56,F,ZP,YP,D
14:38:26,UNVR,RG,4800,29,F,ZP,CS,F
14:38:02,UNVR,RG,4800,20,F,ZP,YP,D
14:37:55,UNVR,RG,4800,1,F,ZP,CC,D
14:37:49,UNVR,RG,4810,3,D,YP,MG,D
14:37:47,UNVR,RG,4800,26,F,ZP,CS,F
14:37:30,UNVR,RG,4800,34,F,ZP,YP,D
14:37:30,UNVR,RG,4800,1,F,CS,YP,D
14:37:30,UNVR,RG,4800,65,F,BK,YP,D
14:37:21,UNVR,RG,4800,1,F,BK,XL,D
14:37:13,UNVR,RG,4800,31,F,BK,CS,F
14:37:09,UNVR,RG,4800,5,F,BK,AZ,D
14:36:53,UNVR,RG,4800,1,F,BK,YP,D
14:36:52,UNVR,RG,4800,4,F,BK,NI,D
14:36:52,UNVR,RG,4800,100,F,BK,YP,D
14:36:51,UNVR,RG,4800,3,F,BK,DX,D
14:36:45,UNVR,RG,4800,30,F,BK,XC,D
14:36:43,UNVR,RG,4800,3,F,BK,PD,D
14:36:33,UNVR,RG,4800,1,F,AK,CS,F
14:36:33,UNVR,RG,4800,1,F,ZP,CS,F
14:36:32,UNVR,RG,4800,40,D,PD,PD,D
14:36:32,UNVR,RG,4800,1,D,YP,PD,D
14:36:32,UNVR,RG,4800,10,D,YP,PD,D
14:36:32,UNVR,RG,4800,39,D,XL,PD,D
14:36:32,UNVR,RG,4800,1,F,CS,PD,D
14:36:32,UNVR,RG,4800,2,F,ZP,PD,D
14:36:32,UNVR,RG,4800,8,D,CC,PD,D
14:36:32,UNVR,RG,4800,10,F,CS,PD,D
14:36:32,UNVR,RG,4800,10,D,YP,PD,D
14:36:32,UNVR,RG,4800,10,D,XC,PD,D
14:36:32,UNVR,RG,4800,10,D,KK,PD,D
14:36:32,UNVR,RG,4800,4,D,YP,PD,D
14:36:32,UNVR,RG,4800,124,F,BK,PD,D
14:36:32,UNVR,RG,4800,10,D,PD,PD,D
14:36:32,UNVR,RG,4800,26,F,YU,PD,D
14:36:32,UNVR,RG,4800,16,F,ZP,PD,D
14:36:32,UNVR,RG,4800,100,F,ZP,PD,D
14:36:32,UNVR,RG,4800,5,D,KK,PD,D
14:36:32,UNVR,RG,4800,130,F,AK,PD,D
14:36:32,UNVR,RG,4800,191,F,ZP,PD,D
14:36:32,UNVR,RG,4800,2,F,ZP,PD,D
14:36:32,UNVR,RG,4800,22,F,ZP,PD,D
14:36:29,UNVR,RG,4810,4,F,CS,MG,D
14:36:29,UNVR,RG,4810,2,F,CS,KK,D
14:36:29,UNVR,RG,4810,1,F,CS,CS,F
14:36:28,UNVR,RG,4810,32,D,XC,CS,F
14:36:28,UNVR,RG,4810,4,D,XC,CS,D
14:36:28,UNVR,RG,4810,10,D,XC,EP,D
14:36:28,UNVR,RG,4810,1,D,XC,PD,D
14:36:28,UNVR,RG,4810,10,D,XC,LG,D
14:36:28,UNVR,RG,4810,55,D,XC,CC,D
14:36:28,UNVR,RG,4810,1,D,XC,NI,D
14:36:21,UNVR,RG,4800,55,F,ZP,CC,D
14:36:00,UNVR,RG,4810,5,D,EP,PD,D
14:35:44,UNVR,RG,4810,20,D,PD,PD,D
14:35:40,UNVR,RG,4810,4,F,CS,PD,D
14:35:23,UNVR,RG,4810,1,F,ZP,XL,D
14:35:23,UNVR,RG,4810,5,F,ZP,PD,D
14:35:22,UNVR,RG,4810,5,D,YP,PD,D
14:35:22,UNVR,RG,4810,10,D,YP,CS,F
14:35:22,UNVR,RG,4810,5,D,YP,KK,D
14:35:21,UNVR,RG,4810,1,D,YP,KK,D
14:35:20,UNVR,RG,4810,3,F,ZP,KK,D
14:35:19,UNVR,RG,4810,1,D,YP,KK,D
14:35:13,UNVR,RG,4800,10,F,ZP,KK,D
14:34:18,UNVR,RG,4800,50,F,ZP,XA,D
14:34:18,UNVR,RG,4800,2,F,ZP,CC,D
14:34:16,UNVR,RG,4810,8,F,AK,AK,F
14:34:16,UNVR,RG,4810,1,F,AK,PD,D
14:34:16,UNVR,RG,4810,25,F,AK,KK,D
14:34:16,UNVR,RG,4810,5,F,AK,YU,D
14:34:16,UNVR,RG,4810,25,F,AK,YP,D
14:34:16,UNVR,RG,4810,1,F,AK,AK,F
14:34:16,UNVR,RG,4810,8,F,AK,AK,F
14:34:16,UNVR,RG,4810,15,F,AK,AK,F
14:34:16,UNVR,RG,4810,2,F,AK,XC,D
14:34:16,UNVR,RG,4810,25,F,AK,DX,F
14:34:16,UNVR,RG,4810,1,F,AK,CS,D
14:34:16,UNVR,RG,4810,32,F,AK,ZP,D
14:34:15,UNVR,RG,4810,38,F,AK,ZP,D
14:34:15,UNVR,RG,4810,161,F,AK,ZP,D
14:34:15,UNVR,RG,4810,199,F,AK,ZP,D
14:34:14,UNVR,RG,4810,199,F,AK,ZP,D
14:34:14,UNVR,RG,4810,199,F,AK,ZP,D
14:34:12,UNVR,RG,4800,3,F,ZP,CS,F
14:34:12,UNVR,RG,4800,12,F,ZP,CS,F
14:34:12,UNVR,RG,4800,15,F,ZP,CS,F
14:34:12,UNVR,RG,4800,9,F,ZP,AK,F
14:34:12,UNVR,RG,4800,4,F,ZP,AK,F
14:34:11,UNVR,RG,4800,2,F,CS,AK,F
14:34:11,UNVR,RG,4800,5,D,XL,AK,F
14:34:11,UNVR,RG,4800,130,F,AK,AK,F
14:34:11,UNVR,RG,4800,15,F,ZP,AK,F
14:34:11,UNVR,RG,4800,2,F,CS,AK,F
14:34:10,UNVR,RG,4800,60,F,AK,AK,F
14:34:10,UNVR,RG,4800,1,F,AK,CS,F
14:34:10,UNVR,RG,4800,2,F,AK,CS,D
14:34:10,UNVR,RG,4800,10,F,AK,ZP,F
14:34:10,UNVR,RG,4800,2,F,AK,ZP,F
14:34:10,UNVR,RG,4800,32,F,AK,CS,F
14:34:10,UNVR,RG,4800,1,F,AK,CS,D
14:34:09,UNVR,RG,4800,95,F,AK,PD,D
14:34:09,UNVR,RG,4800,26,F,ZP,PD,D
14:34:09,UNVR,RG,4800,28,F,ZP,PD,D
14:34:09,UNVR,RG,4800,130,F,AK,PD,D
14:34:09,UNVR,RG,4800,145,F,BK,PD,D
14:34:09,UNVR,RG,4800,254,F,ZP,PD,D
14:34:09,UNVR,RG,4800,3,D,XL,PD,D
14:34:09,UNVR,RG,4800,10,D,YB,PD,D
14:34:09,UNVR,RG,4800,11,D,EP,PD,D
14:34:09,UNVR,RG,4800,1,D,DR,PD,D
14:34:09,UNVR,RG,4800,2,D,YP,PD,D
14:34:09,UNVR,RG,4800,1,D,RG,PD,D
14:34:09,UNVR,RG,4800,3,D,ZP,PD,D
14:34:09,UNVR,RG,4800,15,F,ZP,PD,D
14:34:09,UNVR,RG,4800,47,D,OD,PD,D
14:34:02,UNVR,RG,4800,22,D,OD,CS,F
14:34:02,UNVR,RG,4800,1,D,OD,PD,D
14:34:02,UNVR,RG,4800,10,D,YP,PD,D
14:34:02,UNVR,RG,4800,1,D,XL,PD,D
14:34:02,UNVR,RG,4800,68,F,ZP,PD,D
14:34:02,UNVR,RG,4800,190,F,AK,PD,D
14:34:02,UNVR,RG,4800,30,D,PD,PD,D
14:34:02,UNVR,RG,4800,3,D,NI,PD,D
14:34:02,UNVR,RG,4800,14,F,ZP,PD,D
14:34:02,UNVR,RG,4800,5,D,PD,PD,D
14:34:02,UNVR,RG,4800,25,D,GR,PD,D
14:34:02,UNVR,RG,4800,3,D,CC,PD,D
14:34:02,UNVR,RG,4800,1,F,ZP,PD,D
14:34:02,UNVR,RG,4800,1,F,ZP,PD,D
14:34:02,UNVR,RG,4800,8,D,CC,PD,D
14:34:02,UNVR,RG,4800,1,D,YJ,PD,D
14:34:02,UNVR,RG,4800,70,F,ZP,PD,D
14:34:02,UNVR,RG,4800,10,D,PD,PD,D
14:34:02,UNVR,RG,4800,1,D,XC,PD,D
14:34:02,UNVR,RG,4800,6,D,NI,PD,D
14:34:02,UNVR,RG,4800,323,D,AI,PD,D
14:34:01,UNVR,RG,4810,1,D,XC,ZP,D
14:33:42,UNVR,RG,4810,181,F,ZP,ZP,D
14:33:40,UNVR,RG,4810,38,D,YP,ZP,D
14:33:40,UNVR,RG,4810,7,F,CS,ZP,D
14:33:40,UNVR,RG,4810,2,D,EP,ZP,D
14:33:40,UNVR,RG,4810,1,F,ZP,ZP,D
14:33:40,UNVR,RG,4810,183,F,ZP,ZP,D
14:33:40,UNVR,RG,4810,7,F,ZP,ZP,D
14:33:40,UNVR,RG,4810,6,F,ZP,ZP,D
14:33:40,UNVR,RG,4810,7,D,EP,ZP,D
14:33:40,UNVR,RG,4810,1,D,OD,ZP,D
14:33:40,UNVR,RG,4810,7,D,CC,ZP,D
14:33:40,UNVR,RG,4810,3,F,CS,ZP,D
14:33:40,UNVR,RG,4810,2,D,YP,ZP,D
14:33:40,UNVR,RG,4810,50,D,PD,ZP,D
14:33:40,UNVR,RG,4810,10,D,YB,ZP,D
14:33:40,UNVR,RG,4810,1,D,YP,ZP,D
14:33:40,UNVR,RG,4810,165,F,AK,ZP,D
14:33:32,UNVR,RG,4810,1,F,AK,NI,D
14:33:29,UNVR,RG,4810,10,F,AK,CS,F
14:33:29,UNVR,RG,4810,74,F,AK,YP,D
14:33:29,UNVR,RG,4810,9,F,CS,YP,D
14:33:29,UNVR,RG,4810,20,D,GR,YP,D
14:33:29,UNVR,RG,4810,10,D,GR,YP,D
14:33:29,UNVR,RG,4810,87,D,EP,YP,D
14:32:55,UNVR,RG,4810,2,D,EP,PD,D
14:32:54,UNVR,RG,4820,11,F,CS,DR,D
14:32:54,UNVR,RG,4810,20,D,EP,CS,F
14:32:48,UNVR,RG,4820,1,D,ZP,DR,D
14:32:48,UNVR,RG,4810,3,D,EP,PD,D
14:32:47,UNVR,RG,4810,2,D,EP,LG,D
14:32:43,UNVR,RG,4810,5,D,EP,OD,D
14:32:38,UNVR,RG,4810,10,D,EP,CC,D
14:32:32,UNVR,RG,4810,25,D,EP,KK,D
14:32:24,UNVR,RG,4810,1,D,EP,OD,D
14:32:01,UNVR,RG,4810,1,D,EP,CC,D
14:32:01,UNVR,RG,4810,17,D,EP,CS,F
14:31:55,UNVR,RG,4810,10,D,EP,CC,D
14:31:40,UNVR,RG,4810,39,D,EP,CC,D
14:31:38,UNVR,RG,4820,10,D,YP,DR,D
14:31:25,UNVR,RG,4810,10,D,EP,XC,D
14:31:24,UNVR,RG,4810,8,D,EP,EP,D
14:31:07,UNVR,RG,4810,2,D,EP,YP,D
14:31:06,UNVR,RG,4810,5,D,EP,OD,D
14:30:56,UNVR,RG,4810,2,D,EP,XC,D
14:30:52,UNVR,RG,4810,2,D,EP,LG,D
14:30:44,UNVR,RG,4810,1,D,EP,LG,D
14:30:44,UNVR,RG,4810,3,D,EP,AT,D
14:30:31,UNVR,RG,4810,6,F,CS,AT,D
14:30:31,UNVR,RG,4810,3,F,ZP,AT,D
14:30:31,UNVR,RG,4810,1,D,XL,AT,D
14:30:31,UNVR,RG,4810,2,F,ZP,AT,D
14:30:31,UNVR,RG,4810,5,F,CS,AT,D
14:30:31,UNVR,RG,4810,2,D,ZP,AT,D
14:30:31,UNVR,RG,4810,5,D,ZP,AT,D
14:30:31,UNVR,RG,4810,1,F,ZP,AT,D
14:30:31,UNVR,RG,4810,1,F,ZP,AT,D
14:30:31,UNVR,RG,4810,1,D,AT,AT,D
14:30:31,UNVR,RG,4810,70,F,ZP,AT,D
14:30:30,UNVR,RG,4810,163,F,ZP,YP,D
14:30:30,UNVR,RG,4810,2,F,CS,YP,D
14:30:30,UNVR,RG,4810,1,F,CS,YP,D
14:30:30,UNVR,RG,4810,6,D,CC,YP,D
14:30:30,UNVR,RG,4810,88,D,MK,YP,D
14:30:21,UNVR,RG,4810,12,D,MK,YP,D
14:30:20,UNVR,RG,4810,100,D,YP,KK,F
14:30:15,UNVR,RG,4810,1,D,YP,KK,D
14:30:15,UNVR,RG,4810,5,D,YP,DH,D
14:30:14,UNVR,RG,4810,45,D,YP,LG,D
14:30:11,UNVR,RG,4810,5,D,YP,XC,D
14:30:10,UNVR,RG,4820,1,D,NI,DR,D
14:30:06,UNVR,RG,4810,30,D,YP,PD,D
14:29:40,UNVR,RG,4810,2,D,YP,CS,D
14:29:40,UNVR,RG,4810,4,D,YP,CS,D
14:29:40,UNVR,RG,4810,7,D,YP,XC,D
14:29:40,UNVR,RG,4810,1,D,YP,CS,D
14:29:40,UNVR,RG,4810,5,D,YP,YP,D
14:29:40,UNVR,RG,4810,2,D,YP,LG,D
14:29:40,UNVR,RG,4810,1,D,YP,XC,D
14:29:40,UNVR,RG,4810,1,D,YP,AK,F
14:29:40,UNVR,RG,4810,8,D,YP,AK,F
14:29:40,UNVR,RG,4810,16,D,YP,AK,F
14:29:40,UNVR,RG,4810,87,D,YP,AK,F
14:29:38,UNVR,RG,4810,1,F,ZP,AK,F
14:29:38,UNVR,RG,4810,12,F,ZP,AK,F
14:29:38,UNVR,RG,4810,10,F,ZP,AK,F
14:29:37,UNVR,RG,4810,153,D,EP,AK,F
14:29:29,UNVR,RG,4810,11,F,AK,AK,F
14:29:29,UNVR,RG,4810,2,F,AK,CS,D
14:29:29,UNVR,RG,4810,2,F,AK,CS,D
14:29:29,UNVR,RG,4810,151,F,AK,AK,F
14:29:29,UNVR,RG,4810,34,F,AK,DX,F
14:29:29,UNVR,RG,4810,1,F,AK,PD,D
14:29:29,UNVR,RG,4810,5,F,AK,NI,D
14:29:29,UNVR,RG,4810,3,F,AK,XC,D
14:29:29,UNVR,RG,4810,11,F,AK,YP,D
14:29:29,UNVR,RG,4810,5,F,AK,XC,D
14:29:29,UNVR,RG,4810,2,F,AK,PD,D
14:29:29,UNVR,RG,4810,23,F,AK,YP,D
14:29:28,UNVR,RG,4810,20,F,AK,YP,D
14:29:28,UNVR,RG,4810,2,F,AK,SQ,D
14:29:28,UNVR,RG,4810,1,F,AK,LG,D
14:29:28,UNVR,RG,4810,9,F,AK,AK,F
14:29:28,UNVR,RG,4810,17,F,AK,AK,F
14:29:28,UNVR,RG,4810,5,F,AK,KK,D
14:29:28,UNVR,RG,4810,196,F,AK,RO,D
14:29:27,UNVR,RG,4810,154,F,AK,RO,D
14:29:27,UNVR,RG,4810,96,F,AK,XA,D
14:29:12,UNVR,RG,4810,174,F,ZP,XA,D
14:29:08,UNVR,RG,4800,8,D,AI,CC,D
14:29:06,UNVR,RG,4810,7,D,CC,XA,D
14:29:05,UNVR,RG,4800,1,D,AI,XC,D
14:29:04,UNVR,RG,4810,148,D,EP,XA,D
14:29:04,UNVR,RG,4810,3,D,EP,YP,D
14:29:04,UNVR,RG,4810,1,D,EP,YP,D
14:29:04,UNVR,RG,4810,5,D,EP,AZ,D
14:29:04,UNVR,RG,4810,1,D,EP,SQ,D
14:29:04,UNVR,RG,4810,5,D,EP,AO,D
14:29:04,UNVR,RG,4810,60,D,EP,AK,F
14:29:04,UNVR,RG,4810,7,D,EP,XC,D
14:29:04,UNVR,RG,4810,3,D,EP,EP,D
14:29:04,UNVR,RG,4810,3,D,EP,CC,D
14:29:04,UNVR,RG,4810,1,D,EP,XC,D
14:29:04,UNVR,RG,4810,1,D,EP,AK,F
14:29:04,UNVR,RG,4810,9,D,EP,AK,F
14:29:04,UNVR,RG,4810,16,D,EP,AK,F
14:29:04,UNVR,RG,4810,5,D,EP,PD,D
14:29:04,UNVR,RG,4810,3,D,EP,CS,D
14:29:04,UNVR,RG,4810,12,D,EP,ZP,F
14:29:04,UNVR,RG,4810,17,D,EP,PD,D
14:28:19,UNVR,RG,4810,3,D,YP,PD,D
14:28:11,UNVR,RG,4810,1,D,XC,PD,D
14:28:06,UNVR,RG,4800,1,D,AI,PD,D
14:28:00,UNVR,RG,4810,49,F,YU,PD,D
14:27:41,UNVR,RG,4800,167,D,AI,ZP,D
14:27:41,UNVR,RG,4800,15,F,ZP,ZP,D
14:27:41,UNVR,RG,4800,2,D,AI,ZP,D
14:27:41,UNVR,RG,4800,5,D,KK,ZP,D
14:27:41,UNVR,RG,4800,113,F,ZP,ZP,D
14:27:41,UNVR,RG,4800,2,D,YU,ZP,D
14:27:41,UNVR,RG,4800,20,D,YP,ZP,D
14:27:41,UNVR,RG,4800,176,D,MK,ZP,D
14:27:34,UNVR,RG,4800,5,D,MK,PD,D
14:27:20,UNVR,RG,4800,19,D,MK,GR,D
14:27:20,UNVR,RG,4800,1,D,YP,GR,D
14:27:20,UNVR,RG,4800,10,F,AK,GR,D
14:27:19,UNVR,RG,4800,1,F,AK,XC,D
14:27:15,UNVR,RG,4800,5,F,AK,AZ,D
14:27:01,UNVR,RG,4800,65,F,AK,CC,D
14:27:01,UNVR,RG,4800,5,D,XC,CC,D
14:27:01,UNVR,RG,4800,15,D,XC,CC,D
14:26:42,UNVR,RG,4800,1,D,XC,PD,D
14:26:42,UNVR,RG,4800,2,D,XC,XL,D
14:26:22,UNVR,RG,4810,3,D,NI,PD,D
14:26:20,UNVR,RG,4810,1,F,CS,PD,D
14:26:20,UNVR,RG,4810,10,D,YP,PD,D
14:26:20,UNVR,RG,4810,5,D,PD,PD,D
14:26:20,UNVR,RG,4810,1,D,PD,PD,D
14:26:20,UNVR,RG,4810,2,F,ZP,PD,D
14:26:20,UNVR,RG,4810,9,D,XC,PD,D
14:26:20,UNVR,RG,4810,3,F,CS,PD,D
14:26:20,UNVR,RG,4810,9,D,TP,PD,D
14:26:20,UNVR,RG,4810,52,F,ZP,PD,D
14:26:20,UNVR,RG,4810,10,D,PD,PD,D
14:26:20,UNVR,RG,4810,68,D,ZP,PD,D
14:26:20,UNVR,RG,4810,1,F,ZP,PD,D
14:26:20,UNVR,RG,4810,1,D,NI,PD,D
14:26:20,UNVR,RG,4810,20,D,XL,PD,D
14:26:20,UNVR,RG,4810,2,D,PD,PD,D
14:26:20,UNVR,RG,4810,300,D,YP,PD,D
14:26:20,UNVR,RG,4810,50,D,GR,PD,D
14:26:20,UNVR,RG,4810,100,D,YP,PD,D
14:26:20,UNVR,RG,4810,2,D,SQ,PD,D
14:26:20,UNVR,RG,4810,1,D,YP,PD,D
14:26:20,UNVR,RG,4810,4,F,ZP,PD,D
14:26:20,UNVR,RG,4810,2,F,ZP,PD,D
14:26:20,UNVR,RG,4810,2,D,YP,PD,D
14:26:20,UNVR,RG,4810,43,F,ZP,PD,D
14:26:13,UNVR,RG,4820,20,D,YP,DR,D
14:26:10,UNVR,RG,4820,7,D,CC,DR,D
14:25:50,UNVR,RG,4820,7,D,XA,DR,D
14:25:46,UNVR,RG,4820,1,D,ZP,DR,D
14:25:06,UNVR,RG,4820,1,D,KK,DR,D
14:25:03,UNVR,RG,4810,7,F,ZP,EP,D
14:24:59,UNVR,RG,4810,50,F,ZP,LG,D
14:24:51,UNVR,RG,4820,2,D,HP,DR,D
14:24:39,UNVR,RG,4810,1,F,ZP,NI,D
14:24:38,UNVR,RG,4810,48,F,ZP,LG,D
14:24:38,UNVR,RG,4810,8,F,ZP,LG,D
14:24:38,UNVR,RG,4810,6,F,ZP,LG,D
14:24:38,UNVR,RG,4810,16,D,KK,LG,D
14:24:30,UNVR,RG,4810,30,D,KK,YP,D
14:24:30,UNVR,RG,4810,300,D,KK,YP,D
14:24:25,UNVR,RG,4810,20,D,KK,KK,D
14:24:25,UNVR,RG,4810,2,D,KK,KK,D
14:24:12,UNVR,RG,4810,1,D,KK,SQ,D
14:23:48,UNVR,RG,4810,1,D,KK,DR,D
14:23:44,UNVR,RG,4820,2,D,XL,DR,D
14:23:44,UNVR,RG,4820,10,D,PD,DR,D
14:23:23,UNVR,RG,4810,36,D,KK,CC,D
14:23:13,UNVR,RG,4810,1,D,KK,HP,D
14:22:58,UNVR,RG,4810,1,D,KK,NI,D
14:22:51,UNVR,RG,4810,10,D,KK,XC,D
14:22:45,UNVR,RG,4810,2,D,KK,XL,D
14:22:43,UNVR,RG,4810,2,D,KK,YP,D
14:22:43,UNVR,RG,4810,16,D,KK,CC,D
14:22:32,UNVR,RG,4820,7,D,PD,DR,D
14:22:21,UNVR,RG,4810,1,D,KK,YP,D
14:22:19,UNVR,RG,4820,5,D,PD,DR,D
14:22:16,UNVR,RG,4820,1,D,ZP,DR,D
14:22:15,UNVR,RG,4810,4,D,KK,KK,D
14:22:12,UNVR,RG,4810,2,D,KK,KK,D
14:22:11,UNVR,RG,4810,15,D,KK,SQ,D
14:22:01,UNVR,RG,4810,1,D,KK,LG,D
14:21:56,UNVR,RG,4810,8,D,KK,GR,D
14:21:46,UNVR,RG,4810,50,D,KK,AK,F
14:21:46,UNVR,RG,4820,2,D,XC,DR,D
14:21:42,UNVR,RG,4810,1,D,KK,SQ,D
14:21:26,UNVR,RG,4820,28,D,PD,DR,D
14:21:25,UNVR,RG,4820,6,F,ZP,DR,D
14:21:25,UNVR,RG,4820,6,F,ZP,DR,D
14:21:25,UNVR,RG,4820,3,F,CS,DR,D
14:21:25,UNVR,RG,4820,23,F,YU,DR,D
14:21:25,UNVR,RG,4820,8,D,XC,DR,D
14:21:25,UNVR,RG,4820,5,D,CC,DR,D
14:21:25,UNVR,RG,4820,156,F,ZP,DR,D
14:21:25,UNVR,RG,4820,208,D,AZ,DR,D
14:21:24,UNVR,RG,4820,617,D,AZ,PD,D
14:21:23,UNVR,RG,4820,10,D,AZ,SQ,D
14:21:22,UNVR,RG,4820,1,D,AZ,YP,D
14:21:13,UNVR,RG,4820,1,D,AZ,XC,D
14:21:07,UNVR,RG,4820,1,D,AZ,NI,D
14:21:03,UNVR,RG,4820,5,D,AZ,RO,D
14:20:58,UNVR,RG,4820,3,D,AZ,YP,D
14:20:49,UNVR,RG,4820,1,D,AZ,YP,D
14:20:47,UNVR,RG,4820,1,D,AZ,YP,D
14:20:47,UNVR,RG,4820,44,D,AZ,AK,F
14:20:47,UNVR,RG,4820,50,D,AZ,DR,D
14:20:47,UNVR,RG,4820,60,D,AZ,YP,D
14:20:47,UNVR,RG,4820,998,D,AZ,DR,D
14:20:45,UNVR,RG,4820,2,D,CC,DR,D
14:20:45,UNVR,RG,4820,4,D,CC,BK,F
14:20:45,UNVR,RG,4820,11,D,CC,SQ,D
14:20:45,UNVR,RG,4820,2,D,CC,XL,D
14:20:45,UNVR,RG,4820,1,D,CC,YP,D
14:20:45,UNVR,RG,4820,27,D,CC,KK,D
14:20:41,UNVR,RG,4820,3,D,YP,KK,D
14:20:41,UNVR,RG,4820,1,D,YP,YB,D
14:20:41,UNVR,RG,4820,6,D,YP,DX,F
14:20:40,UNVR,RG,4820,50,D,YP,DX,F
14:20:34,UNVR,RG,4820,13,D,YP,DX,F
14:20:34,UNVR,RG,4820,37,D,YP,PD,D
14:20:33,UNVR,RG,4820,69,F,AK,PD,D
14:20:33,UNVR,RG,4820,69,F,AK,PD,D
14:20:33,UNVR,RG,4820,69,F,AK,PD,D
14:20:32,UNVR,RG,4820,69,F,AK,PD,D
14:20:32,UNVR,RG,4820,4,D,CC,PD,D
14:20:32,UNVR,RG,4820,5,D,SQ,PD,D
14:20:32,UNVR,RG,4820,28,D,YP,PD,D
14:20:32,UNVR,RG,4820,3,D,CC,PD,D
14:20:32,UNVR,RG,4820,418,D,MK,PD,D
14:20:27,UNVR,RG,4820,4,D,MK,NI,D
14:20:27,UNVR,RG,4820,1,D,MK,KK,D
14:20:27,UNVR,RG,4820,1,D,MK,NI,D
14:20:27,UNVR,RG,4820,44,D,MK,ZP,F
14:20:27,UNVR,RG,4820,32,D,MK,ZP,F
14:20:26,UNVR,RG,4820,16,F,ZP,ZP,F
14:20:26,UNVR,RG,4820,5,F,ZP,ZP,F
14:20:26,UNVR,RG,4820,12,D,AI,ZP,F
14:20:26,UNVR,RG,4820,10,D,AI,PD,D
14:20:26,UNVR,RG,4820,25,D,AI,GR,D
14:20:26,UNVR,RG,4820,39,D,AI,XL,D
14:20:26,UNVR,RG,4820,140,D,AI,GR,D
14:20:26,UNVR,RG,4820,20,D,AI,PD,D
14:20:26,UNVR,RG,4820,4,D,AI,YP,D
14:20:25,UNVR,RG,4820,6,D,YP,YP,D
14:20:25,UNVR,RG,4820,134,D,YP,IH,D
14:20:25,UNVR,RG,4820,21,D,YP,XC,D
14:20:25,UNVR,RG,4820,1,D,YP,XC,D
14:20:25,UNVR,RG,4820,1,D,YP,EP,D
14:20:25,UNVR,RG,4820,100,D,YP,DR,D
14:20:25,UNVR,RG,4820,10,D,YP,CC,D
14:20:25,UNVR,RG,4820,10,D,YP,KK,D
14:20:25,UNVR,RG,4820,2,D,YP,SQ,D
14:20:25,UNVR,RG,4820,8,D,YP,CC,D
14:20:25,UNVR,RG,4820,1,D,YP,XC,D
14:20:25,UNVR,RG,4820,1,D,YP,XL,D
14:20:25,UNVR,RG,4820,705,D,YP,YP,D
14:20:24,UNVR,RG,4820,198,F,AK,YP,D
14:20:23,UNVR,RG,4820,97,F,AK,YP,D
14:20:23,UNVR,RG,4820,3,F,AK,NI,D
14:20:23,UNVR,RG,4820,30,F,AK,SQ,D
14:20:23,UNVR,RG,4820,3,F,AK,DR,D
14:20:23,UNVR,RG,4820,1,F,AK,YP,D
14:20:23,UNVR,RG,4820,1,F,AK,YP,D
14:20:23,UNVR,RG,4820,2,F,AK,YP,D
14:20:23,UNVR,RG,4820,2,F,AK,XC,D
14:20:23,UNVR,RG,4820,2,F,AK,PD,D
14:20:23,UNVR,RG,4820,3,F,AK,KK,D
14:20:23,UNVR,RG,4820,2,F,AK,CC,D
14:20:23,UNVR,RG,4820,50,F,AK,NI,D
14:20:23,UNVR,RG,4820,2,F,AK,CC,D
14:20:22,UNVR,RG,4820,1,D,CC,CC,D
14:20:22,UNVR,RG,4820,1,D,CC,KK,D
14:20:22,UNVR,RG,4820,6,F,AK,KK,D
14:20:22,UNVR,RG,4820,1,F,AK,PD,D
14:20:22,UNVR,RG,4820,4,F,AK,YP,D
14:20:22,UNVR,RG,4820,10,F,AK,YP,D
14:20:22,UNVR,RG,4820,10,F,AK,AT,D
14:20:22,UNVR,RG,4820,4,F,AK,NI,D
14:20:22,UNVR,RG,4820,6,F,AK,CC,D
14:20:22,UNVR,RG,4820,1,F,AK,YP,D
14:20:22,UNVR,RG,4820,1,F,AK,YP,D
14:20:22,UNVR,RG,4820,1,F,AK,GR,D
14:20:22,UNVR,RG,4820,1,F,AK,YP,D
14:20:22,UNVR,RG,4820,5,F,AK,PD,D
14:20:22,UNVR,RG,4820,2,F,AK,GR,D
14:20:22,UNVR,RG,4820,5,F,AK,YB,D
14:20:22,UNVR,RG,4820,1,F,AK,GR,D
14:20:22,UNVR,RG,4820,40,F,AK,CC,D
14:20:22,UNVR,RG,4820,10,F,AK,YP,D
14:20:22,UNVR,RG,4820,1,F,AK,PD,D
14:20:22,UNVR,RG,4820,10,F,AK,PD,D
14:20:22,UNVR,RG,4820,79,F,AK,HP,D
14:20:22,UNVR,RG,4820,21,D,YP,HP,D
14:20:22,UNVR,RG,4820,1,D,YP,PD,D
14:20:22,UNVR,RG,4820,1,D,YP,DH,D
14:20:22,UNVR,RG,4820,100,D,YP,KK,D
14:20:22,UNVR,RG,4820,228,D,YP,YP,D
14:20:22,UNVR,RG,4820,149,D,YP,SQ,D
14:20:16,UNVR,RG,4810,1,D,KK,PD,D
14:20:15,UNVR,RG,4810,1,D,KK,KK,D
14:20:14,UNVR,RG,4820,187,F,AK,SQ,D
14:20:13,UNVR,RG,4820,187,F,AK,SQ,D
14:20:12,UNVR,RG,4820,187,F,AK,SQ,D
14:20:11,UNVR,RG,4820,187,F,AK,SQ,D
14:20:10,UNVR,RG,4820,103,F,AK,SQ,D
14:20:10,UNVR,RG,4820,84,F,AK,YP,D
14:20:10,UNVR,RG,4810,1,D,KK,PD,D
14:20:09,UNVR,RG,4810,5,D,KK,RO,D
14:20:09,UNVR,RG,4820,15,D,KK,YP,D
14:20:02,UNVR,RG,4810,1,D,KK,KK,D
14:20:00,UNVR,RG,4810,30,D,KK,KK,D
14:19:56,UNVR,RG,4810,1,D,KK,PD,D
14:19:50,UNVR,RG,4820,1,D,YP,YP,D
14:19:48,UNVR,RG,4810,117,D,KK,ZP,F
14:19:48,UNVR,RG,4810,2,D,KK,XC,D
14:19:48,UNVR,RG,4810,44,D,KK,PD,D
14:19:48,UNVR,RG,4810,1,D,KK,XL,D
14:19:48,UNVR,RG,4810,1,D,KK,EP,D
14:19:48,UNVR,RG,4810,3,D,KK,KK,D
14:19:48,UNVR,RG,4810,10,D,KK,CC,D
14:19:48,UNVR,RG,4810,5,D,KK,DX,D
14:19:48,UNVR,RG,4810,5,D,KK,NI,D
14:19:48,UNVR,RG,4810,7,D,KK,PD,D
14:19:48,UNVR,RG,4810,5,D,KK,AO,D
14:19:48,UNVR,RG,4810,2,D,KK,YP,D
14:19:48,UNVR,RG,4810,1,D,KK,PD,D
14:19:48,UNVR,RG,4810,1,D,KK,SQ,D
14:19:48,UNVR,RG,4810,6,D,KK,XC,D
14:19:48,UNVR,RG,4810,5,D,KK,PD,D
14:19:48,UNVR,RG,4810,10,D,KK,ZP,D
14:19:48,UNVR,RG,4810,5,D,KK,YP,D
14:19:48,UNVR,RG,4810,4,D,KK,XL,D
14:19:48,UNVR,RG,4810,200,D,KK,CC,D
14:19:48,UNVR,RG,4810,100,D,KK,YP,D
14:19:48,UNVR,RG,4810,200,D,KK,CC,D
14:19:48,UNVR,RG,4810,2,D,KK,PD,D
14:19:48,UNVR,RG,4810,3,D,KK,DR,D
14:19:48,UNVR,RG,4810,10,D,KK,CC,D
14:19:48,UNVR,RG,4810,3,D,KK,PD,D
14:19:48,UNVR,RG,4810,900,D,KK,CC,D
14:19:48,UNVR,RG,4810,6,D,KK,XC,D
14:19:48,UNVR,RG,4810,10,D,KK,YP,D
14:19:48,UNVR,RG,4810,1,D,KK,YP,D
14:19:48,UNVR,RG,4810,1,D,KK,YP,D
14:19:48,UNVR,RG,4810,1,D,KK,YP,D
14:19:48,UNVR,RG,4810,1,D,KK,PD,D
14:19:48,UNVR,RG,4810,4,D,KK,HP,D
14:19:48,UNVR,RG,4810,10,D,KK,NI,D
14:19:48,UNVR,RG,4810,5,D,KK,RO,D
14:19:48,UNVR,RG,4810,1,D,KK,XC,D
14:19:48,UNVR,RG,4810,1,D,KK,XC,D
14:19:48,UNVR,RG,4810,3,D,KK,KK,D
14:19:48,UNVR,RG,4810,10,D,KK,SQ,D
14:19:48,UNVR,RG,4810,1,D,KK,PD,D
14:19:48,UNVR,RG,4810,27,D,KK,XL,D
14:19:48,UNVR,RG,4810,4,D,KK,KK,D
14:19:48,UNVR,RG,4810,20,D,KK,PD,D
14:19:48,UNVR,RG,4810,1,D,KK,CC,D
14:19:48,UNVR,RG,4810,2,D,KK,KK,D
14:19:48,UNVR,RG,4810,2,D,KK,YP,D
14:19:48,UNVR,RG,4810,50,D,KK,NI,D
14:19:48,UNVR,RG,4810,1,D,KK,PD,D
14:19:48,UNVR,RG,4810,5,D,KK,KK,D
14:19:48,UNVR,RG,4810,3,D,KK,YP,D
14:19:47,UNVR,RG,4810,7,F,AK,YP,D
14:19:47,UNVR,RG,4810,21,F,AK,PD,D
14:19:47,UNVR,RG,4810,140,F,AK,IF,D
14:19:47,UNVR,RG,4810,1,F,AK,YP,D
14:19:47,UNVR,RG,4810,5,F,AK,NI,D
14:19:47,UNVR,RG,4810,1,F,AK,YP,D
14:19:47,UNVR,RG,4810,12,F,AK,AO,D
14:19:46,UNVR,RG,4810,38,F,AK,AO,D
14:19:46,UNVR,RG,4810,73,F,AK,AO,D
14:19:46,UNVR,RG,4810,1,F,AK,GR,D
14:19:46,UNVR,RG,4810,1,F,AK,NI,D
14:19:46,UNVR,RG,4810,2,F,AK,XA,D
14:19:46,UNVR,RG,4810,27,F,AK,AO,D
14:19:46,UNVR,RG,4810,10,F,AK,YP,D
14:19:46,UNVR,RG,4810,1,F,AK,GR,D
14:19:46,UNVR,RG,4810,5,F,AK,YB,D
14:19:46,UNVR,RG,4810,1,F,AK,MK,D
14:19:46,UNVR,RG,4810,10,F,AK,DH,D
14:19:46,UNVR,RG,4810,18,F,AK,SQ,D
14:19:45,UNVR,RG,4810,32,F,AK,SQ,D
14:19:45,UNVR,RG,4810,1,F,AK,YP,D
14:19:45,UNVR,RG,4810,100,F,AK,YP,D
14:19:45,UNVR,RG,4810,10,F,AK,PD,D
14:19:45,UNVR,RG,4810,44,F,AK,SH,D
14:19:44,UNVR,RG,4810,3,D,GR,SH,D
14:19:44,UNVR,RG,4810,153,F,AK,SH,D
14:19:44,UNVR,RG,4810,20,F,AK,GR,D
14:19:44,UNVR,RG,4810,1,F,AK,KK,D
14:19:44,UNVR,RG,4810,1,F,AK,SQ,D
14:19:44,UNVR,RG,4810,12,F,AK,XC,D
14:19:39,UNVR,RG,4800,2,D,XC,XC,D
14:19:39,UNVR,RG,4800,2,D,XC,XC,D
14:19:39,UNVR,RG,4800,6,D,CC,XC,D
14:19:38,UNVR,RG,4800,1,D,CC,YP,D
14:19:38,UNVR,RG,4800,1,F,ZP,YP,D
14:19:37,UNVR,RG,4800,1,F,ZP,AK,F
14:19:37,UNVR,RG,4800,426,F,ZP,AK,F
14:19:37,UNVR,RG,4800,37,F,ZP,AK,F
14:19:37,UNVR,RG,4800,173,F,ZP,ZP,F
14:19:37,UNVR,RG,4800,2,F,ZP,XC,D
14:19:37,UNVR,RG,4800,130,F,ZP,ZP,F
14:19:37,UNVR,RG,4800,20,F,ZP,PD,D
14:19:37,UNVR,RG,4800,21,F,ZP,PD,D
14:19:37,UNVR,RG,4800,1,F,ZP,KK,D
14:19:37,UNVR,RG,4800,10,F,ZP,NI,D
14:19:37,UNVR,RG,4800,15,F,ZP,CC,D
14:19:37,UNVR,RG,4800,2,F,ZP,XC,D
14:19:37,UNVR,RG,4800,20,F,ZP,PD,D
14:19:37,UNVR,RG,4800,20,F,ZP,CC,D
14:19:37,UNVR,RG,4800,10,F,ZP,OD,D
14:19:37,UNVR,RG,4800,10,F,ZP,CC,D
14:19:37,UNVR,RG,4800,3,F,ZP,PD,D
14:19:37,UNVR,RG,4800,30,F,ZP,OD,D
14:19:37,UNVR,RG,4800,4,F,ZP,XL,D
14:19:37,UNVR,RG,4800,1,F,ZP,CC,D
14:19:37,UNVR,RG,4800,35,F,ZP,PD,D
14:19:37,UNVR,RG,4800,50,F,ZP,GR,D
14:19:37,UNVR,RG,4800,1,F,ZP,YP,D
14:19:37,UNVR,RG,4800,11,F,ZP,XL,D
14:19:37,UNVR,RG,4800,5,F,ZP,XC,D
14:19:37,UNVR,RG,4800,3,F,ZP,PD,D
14:19:37,UNVR,RG,4800,1,F,ZP,KK,D
14:19:37,UNVR,RG,4800,15,F,ZP,EP,D
14:19:37,UNVR,RG,4800,13,F,ZP,NI,D
14:19:37,UNVR,RG,4800,2,F,ZP,CC,D
14:19:37,UNVR,RG,4800,50,F,ZP,NI,D
14:19:37,UNVR,RG,4800,15,F,ZP,DH,D
14:19:37,UNVR,RG,4800,5,F,ZP,CC,D
14:19:37,UNVR,RG,4800,50,F,ZP,GR,D
14:19:37,UNVR,RG,4800,4,F,ZP,BQ,D
14:19:37,UNVR,RG,4800,2,F,ZP,CC,D
14:19:37,UNVR,RG,4800,7,F,ZP,YP,D
14:19:37,UNVR,RG,4800,10,F,ZP,CC,D
14:19:37,UNVR,RG,4800,10,F,ZP,MK,D
14:19:37,UNVR,RG,4800,10,F,ZP,MK,D
14:19:37,UNVR,RG,4800,40,F,ZP,EP,D
14:19:37,UNVR,RG,4800,2,F,ZP,YP,D
14:19:37,UNVR,RG,4800,1,F,ZP,CC,D
14:19:37,UNVR,RG,4800,1121,F,ZP,AT,D
14:19:37,UNVR,RG,4800,5,F,ZP,YP,D
14:19:37,UNVR,RG,4800,30,F,ZP,YP,D
14:19:37,UNVR,RG,4800,1,F,ZP,XC,D
14:19:37,UNVR,RG,4800,2,F,ZP,YP,D
14:19:37,UNVR,RG,4800,10,F,ZP,XC,D
14:19:37,UNVR,RG,4800,19,F,ZP,DX,F
14:19:37,UNVR,RG,4800,30,F,ZP,KI,D
14:19:37,UNVR,RG,4800,20,F,ZP,CC,D
14:19:37,UNVR,RG,4800,1,F,ZP,CC,D
14:19:37,UNVR,RG,4800,35,F,ZP,CC,D
14:19:37,UNVR,RG,4800,4,F,ZP,CC,D
14:19:37,UNVR,RG,4800,1,F,ZP,XC,D
14:19:37,UNVR,RG,4800,2,F,ZP,YP,D
14:19:37,UNVR,RG,4800,138,F,ZP,DH,D
14:19:37,UNVR,RG,4800,2,F,ZP,XC,D
14:19:37,UNVR,RG,4800,3,F,ZP,XC,D
14:19:37,UNVR,RG,4800,20,F,ZP,SQ,D
14:19:37,UNVR,RG,4800,15,F,ZP,PD,D
14:19:37,UNVR,RG,4800,200,F,ZP,KK,D
14:19:37,UNVR,RG,4800,1,F,ZP,PD,D
14:19:37,UNVR,RG,4800,2,F,ZP,PD,D
14:19:37,UNVR,RG,4800,5,F,ZP,KK,D
14:19:37,UNVR,RG,4800,10,F,ZP,YP,D
14:19:37,UNVR,RG,4800,14,F,ZP,PD,D
14:19:37,UNVR,RG,4800,10,F,ZP,CC,D
14:19:37,UNVR,RG,4800,10,F,ZP,PD,D
14:19:37,UNVR,RG,4800,1,F,ZP,KK,D
14:19:37,UNVR,RG,4800,10,F,ZP,CC,D
14:19:37,UNVR,RG,4800,200,F,ZP,SQ,D
14:19:37,UNVR,RG,4800,10,F,ZP,DH,D
14:19:37,UNVR,RG,4800,2,F,ZP,XL,D
14:19:37,UNVR,RG,4800,1,F,ZP,KK,D
14:19:37,UNVR,RG,4800,10,F,ZP,OD,D
14:19:37,UNVR,RG,4800,1,F,ZP,XC,D
14:19:37,UNVR,RG,4800,2,F,ZP,PD,D
14:19:37,UNVR,RG,4800,1,F,ZP,XC,D
14:19:37,UNVR,RG,4800,50,F,ZP,CC,D
14:19:37,UNVR,RG,4800,12,F,ZP,ZP,F
14:19:37,UNVR,RG,4800,1,F,ZP,XC,D
14:19:37,UNVR,RG,4800,7,F,ZP,DR,D
14:19:37,UNVR,RG,4800,2,F,ZP,XC,D
14:19:37,UNVR,RG,4800,11,F,ZP,XL,D
14:19:37,UNVR,RG,4800,1,F,ZP,PD,D
14:19:37,UNVR,RG,4800,2,F,ZP,KK,D
14:19:37,UNVR,RG,4800,2,F,ZP,PD,D
14:19:37,UNVR,RG,4800,3,F,ZP,DR,D
14:19:37,UNVR,RG,4800,20,F,ZP,ZP,D
14:19:37,UNVR,RG,4800,3,F,ZP,YB,D
14:19:37,UNVR,RG,4800,1,F,ZP,NI,D
14:19:37,UNVR,RG,4800,70,F,ZP,LG,D
14:19:37,UNVR,RG,4800,1,F,ZP,YB,D
14:19:37,UNVR,RG,4800,20,F,ZP,OD,D
14:19:37,UNVR,RG,4800,10,F,ZP,YP,D
14:19:37,UNVR,RG,4800,30,F,ZP,YP,D
14:19:37,UNVR,RG,4800,20,F,ZP,XL,D
14:19:37,UNVR,RG,4800,5,F,ZP,NI,D
14:19:37,UNVR,RG,4800,1,F,ZP,KK,D
14:19:37,UNVR,RG,4800,1,F,ZP,PD,D
14:19:37,UNVR,RG,4800,8,F,ZP,EP,D
14:19:37,UNVR,RG,4800,5,F,ZP,NI,D
14:19:37,UNVR,RG,4800,2,F,ZP,KK,D
14:19:37,UNVR,RG,4800,1,F,ZP,XL,D
14:19:37,UNVR,RG,4800,3,F,ZP,KK,D
14:19:37,UNVR,RG,4800,1,F,ZP,YP,D
14:19:37,UNVR,RG,4800,3,F,ZP,PD,D
14:19:37,UNVR,RG,4800,1,F,ZP,PD,D
14:19:37,UNVR,RG,4800,1,F,ZP,CC,D
14:19:37,UNVR,RG,4800,1,F,ZP,XC,D
14:19:37,UNVR,RG,4800,1,F,ZP,NI,D
14:19:37,UNVR,RG,4800,3,F,ZP,PD,D
14:19:37,UNVR,RG,4800,2,F,ZP,XA,D
14:19:37,UNVR,RG,4800,5,F,ZP,PD,D
14:19:37,UNVR,RG,4800,10,F,ZP,EP,D
14:19:37,UNVR,RG,4800,5,F,ZP,XC,D
14:19:37,UNVR,RG,4800,2,F,ZP,KK,D
14:19:37,UNVR,RG,4800,13,F,ZP,YP,F
14:19:37,UNVR,RG,4800,50,F,ZP,NI,D
14:19:37,UNVR,RG,4800,3,F,ZP,YP,D
14:19:37,UNVR,RG,4800,5,F,ZP,DR,D
14:19:37,UNVR,RG,4800,2,F,ZP,PD,D
14:19:37,UNVR,RG,4800,1,F,ZP,XC,D
14:19:37,UNVR,RG,4800,1,F,ZP,PD,D
14:19:37,UNVR,RG,4800,40,F,ZP,PD,D
14:19:37,UNVR,RG,4800,4,F,ZP,GR,D
14:19:37,UNVR,RG,4800,1,F,ZP,PD,D
14:19:37,UNVR,RG,4800,5,F,ZP,PD,D
14:19:37,UNVR,RG,4800,10,F,ZP,OD,D
14:19:37,UNVR,RG,4800,1,F,ZP,YP,D
14:19:37,UNVR,RG,4800,2,F,ZP,SQ,D
14:19:37,UNVR,RG,4800,199,F,ZP,PD,D
14:19:37,UNVR,RG,4800,5,F,ZP,DX,D
14:19:37,UNVR,RG,4800,10,F,ZP,PD,D
14:19:37,UNVR,RG,4800,5,F,ZP,NI,D
14:19:37,UNVR,RG,4800,5,F,ZP,YP,D
14:19:37,UNVR,RG,4800,3,F,ZP,NI,D
14:19:37,UNVR,RG,4800,10,F,ZP,XL,D
14:19:37,UNVR,RG,4800,1,F,ZP,YP,D
14:19:37,UNVR,RG,4800,86,F,ZP,XC,D
14:19:37,UNVR,RG,4800,1,F,ZP,NI,D
14:19:37,UNVR,RG,4800,1,F,ZP,GR,D
14:19:37,UNVR,RG,4800,20,F,ZP,LG,D
14:19:37,UNVR,RG,4800,2,F,ZP,XC,D
14:19:37,UNVR,RG,4800,2,F,ZP,PD,D
14:19:37,UNVR,RG,4800,30,F,ZP,YP,D
14:19:37,UNVR,RG,4800,100,F,ZP,YP,D
14:19:37,UNVR,RG,4800,65,F,ZP,EP,D
14:19:37,UNVR,RG,4800,5,F,ZP,AZ,D
14:19:37,UNVR,RG,4800,1,F,ZP,CC,D
14:19:37,UNVR,RG,4800,1,F,ZP,GR,D
14:19:37,UNVR,RG,4800,1,F,ZP,XL,D
14:19:37,UNVR,RG,4800,4,F,ZP,EP,D
14:19:37,UNVR,RG,4800,5,F,ZP,XC,D
14:19:37,UNVR,RG,4800,20,F,ZP,PD,D
14:19:37,UNVR,RG,4800,30,F,ZP,NI,D
14:19:37,UNVR,RG,4800,1,F,ZP,PD,D
14:19:37,UNVR,RG,4800,50,F,ZP,CC,D
14:19:37,UNVR,RG,4800,20,F,ZP,KK,D
14:19:37,UNVR,RG,4800,10,F,ZP,YP,D
14:19:37,UNVR,RG,4800,2,F,ZP,PD,D
14:19:37,UNVR,RG,4800,1,F,ZP,NI,D
14:19:37,UNVR,RG,4800,1,F,ZP,XC,D
14:19:37,UNVR,RG,4800,16,F,ZP,PD,D
14:19:37,UNVR,RG,4800,1,F,ZP,SQ,D
14:19:37,UNVR,RG,4800,4,F,ZP,XC,D
14:19:37,UNVR,RG,4800,6,F,ZP,HP,D
14:19:37,UNVR,RG,4800,1,F,ZP,YU,D
14:19:37,UNVR,RG,4800,20,F,ZP,GR,D
14:19:37,UNVR,RG,4800,2,F,ZP,GR,D
14:19:37,UNVR,RG,4800,2,F,ZP,DR,D
14:19:37,UNVR,RG,4800,10,F,ZP,CC,D
14:19:37,UNVR,RG,4800,1,F,ZP,PD,D
14:19:37,UNVR,RG,4800,2,F,ZP,XC,D
14:19:37,UNVR,RG,4800,1,F,ZP,XC,D
14:19:37,UNVR,RG,4800,100,F,ZP,FS,D
14:19:37,UNVR,RG,4800,3083,F,ZP,DR,D
14:19:34,UNVR,RG,4790,80,D,YP,CC,D
14:19:33,UNVR,RG,4790,7,D,YP,PD,D
14:19:25,UNVR,RG,4790,1,D,YP,XC,D
14:19:19,UNVR,RG,4790,1,D,YP,YP,D
14:19:14,UNVR,RG,4790,1,D,YP,CS,D
14:19:14,UNVR,RG,4790,2,D,YP,CS,D
14:19:14,UNVR,RG,4790,25,D,YP,AK,F
14:19:14,UNVR,RG,4790,14,D,YP,AK,F
14:19:14,UNVR,RG,4790,1,D,YP,XC,D
14:19:14,UNVR,RG,4790,9,D,YP,ZP,F
14:19:14,UNVR,RG,4790,187,F,AK,ZP,F
14:19:14,UNVR,RG,4790,66,F,AK,ZP,F
14:19:14,UNVR,RG,4790,121,F,AK,PD,D
14:19:13,UNVR,RG,4790,187,F,AK,PD,D
14:19:12,UNVR,RG,4790,370,D,YP,PD,D
14:19:02,UNVR,RG,4790,1,D,XL,PD,D
14:18:53,UNVR,RG,4790,92,D,MG,PD,D
14:18:53,UNVR,RG,4790,8,D,MG,KK,D
14:18:52,UNVR,RG,4790,2,D,PD,KK,D
14:18:52,UNVR,RG,4790,2,D,YP,KK,D
14:18:52,UNVR,RG,4790,8,F,AK,KK,D
14:18:52,UNVR,RG,4790,3,F,AK,CS,D
14:18:52,UNVR,RG,4790,12,F,AK,ZP,F
14:18:52,UNVR,RG,4790,164,F,AK,ZP,F
14:18:51,UNVR,RG,4790,27,F,AK,ZP,F
14:18:51,UNVR,RG,4790,160,F,AK,PD,D
14:18:50,UNVR,RG,4790,187,F,AK,PD,D
14:18:49,UNVR,RG,4790,187,F,AK,PD,D
14:18:47,UNVR,RG,4790,187,F,AK,PD,D
14:18:47,UNVR,RG,4790,24,F,ZP,PD,D
14:18:47,UNVR,RG,4790,7,D,ZP,PD,D
14:18:47,UNVR,RG,4790,6,D,CC,PD,D
14:18:47,UNVR,RG,4790,1,F,ZP,PD,D
14:18:47,UNVR,RG,4790,12,F,ZP,PD,D
14:18:43,UNVR,RG,4790,1,F,ZP,XC,D
14:18:41,UNVR,RG,4790,16,F,ZP,ZP,F
14:18:41,UNVR,RG,4790,3,F,CS,ZP,F
14:18:41,UNVR,RG,4790,92,D,PD,ZP,F
14:18:40,UNVR,RG,4790,771,D,PD,PD,D
14:18:40,UNVR,RG,4790,40,D,PD,PD,D
14:18:36,UNVR,RG,4790,1,D,PD,XL,D
14:18:35,UNVR,RG,4790,2,D,PD,PD,D
14:18:24,UNVR,RG,4790,27,D,PD,YP,D
14:18:22,UNVR,RG,4790,160,D,PD,AK,F
14:18:22,UNVR,RG,4790,7,D,PD,AK,F
14:18:22,UNVR,RG,4790,1,D,PD,PD,D
14:18:22,UNVR,RG,4790,1,D,PD,AK,F
14:18:22,UNVR,RG,4790,1,D,PD,XC,D
14:18:22,UNVR,RG,4790,240,D,PD,KI,D
14:18:22,UNVR,RG,4790,13,D,PD,AK,F
14:18:22,UNVR,RG,4790,1,D,PD,KK,D
14:18:22,UNVR,RG,4790,130,D,PD,PD,D
14:18:22,UNVR,RG,4790,1,D,PD,CC,D
14:18:22,UNVR,RG,4790,145,D,PD,AK,F
14:18:22,UNVR,RG,4790,7,D,PD,AK,F
14:18:22,UNVR,RG,4790,80,D,PD,AK,F
14:18:22,UNVR,RG,4790,14,D,PD,AK,F
14:18:22,UNVR,RG,4790,206,D,PD,YP,D
14:18:22,UNVR,RG,4790,1,D,PD,AT,D
14:18:22,UNVR,RG,4790,1,D,PD,AK,F
14:18:22,UNVR,RG,4790,2,D,PD,XC,D
14:18:22,UNVR,RG,4790,100,D,PD,CC,D
14:18:22,UNVR,RG,4790,5,D,PD,SQ,D
14:18:22,UNVR,RG,4790,200,D,PD,OD,D
14:18:22,UNVR,RG,4790,30,D,PD,DH,D
14:18:22,UNVR,RG,4790,69,D,PD,XC,D
14:18:22,UNVR,RG,4790,200,D,PD,YU,D
14:18:22,UNVR,RG,4790,9,D,PD,CC,D
14:18:22,UNVR,RG,4790,50,D,PD,PD,D
14:18:22,UNVR,RG,4790,2,D,PD,SQ,D
14:18:22,UNVR,RG,4790,10,D,PD,XC,D
14:18:22,UNVR,RG,4790,10,D,PD,YP,D
14:18:22,UNVR,RG,4790,8,D,PD,AK,F
14:18:22,UNVR,RG,4790,6,D,PD,AK,F
14:18:22,UNVR,RG,4790,100,D,PD,YP,D
14:18:22,UNVR,RG,4790,1,D,PD,PD,D
14:18:22,UNVR,RG,4790,10,D,PD,KK,D
14:18:22,UNVR,RG,4790,1,D,PD,DR,D
14:18:22,UNVR,RG,4790,61,D,PD,ZP,F
14:18:22,UNVR,RG,4790,36,D,PD,ZP,F
14:18:22,UNVR,RG,4790,200,D,PD,CC,D
14:18:22,UNVR,RG,4790,5,D,PD,YP,D
14:18:22,UNVR,RG,4790,7,D,PD,XA,D
14:18:22,UNVR,RG,4790,10,D,PD,PD,D
14:18:22,UNVR,RG,4790,2,D,PD,LG,D
14:18:22,UNVR,RG,4790,30,D,PD,YP,D
14:18:22,UNVR,RG,4790,5,D,PD,AZ,D
14:18:22,UNVR,RG,4790,5,D,PD,CC,D
14:18:22,UNVR,RG,4790,1,D,PD,YB,D
14:18:22,UNVR,RG,4790,5,D,PD,CC,D
14:18:22,UNVR,RG,4790,2,D,PD,CC,D
14:18:22,UNVR,RG,4790,12,D,PD,XC,D
14:18:22,UNVR,RG,4790,500,D,PD,YP,D
14:18:22,UNVR,RG,4790,1,D,PD,XC,D
14:18:22,UNVR,RG,4790,42,D,PD,DX,F
14:18:22,UNVR,RG,4790,21,D,PD,YP,D
14:18:22,UNVR,RG,4790,17,D,PD,XL,D
14:18:22,UNVR,RG,4790,1283,D,PD,AT,D
14:17:32,UNVR,RG,4790,17,D,XC,AT,D
14:17:32,UNVR,RG,4790,22,D,XC,PD,D
14:17:26,UNVR,RG,4780,12,F,ZP,YB,D
14:17:18,UNVR,RG,4790,29,D,YP,PD,D
14:17:16,UNVR,RG,4790,5,D,CC,PD,D
14:17:02,UNVR,RG,4790,1,D,PD,PD,D
14:16:13,UNVR,RG,4790,1,D,XC,PD,D
14:15:31,UNVR,RG,4780,5,F,ZP,YP,D
14:15:25,UNVR,RG,4780,1,F,ZP,KK,D
14:15:24,UNVR,RG,4780,18,F,ZP,ZP,F
14:15:24,UNVR,RG,4780,118,D,BB,ZP,F
14:15:22,UNVR,RG,4780,9,F,AK,GR,D
14:15:22,UNVR,RG,4780,1,F,ZP,GR,D
14:15:22,UNVR,RG,4780,770,F,ZP,PD,D
14:15:21,UNVR,RG,4780,1,F,ZP,PD,D
14:15:16,UNVR,RG,4780,650,F,ZP,PD,D
14:15:15,UNVR,RG,4780,1,F,CS,PD,D
14:15:15,UNVR,RG,4780,2,F,CS,PD,D
14:15:15,UNVR,RG,4780,5,D,CC,PD,D
14:15:15,UNVR,RG,4780,7,D,CC,PD,D
14:15:15,UNVR,RG,4780,1,D,YP,PD,D
14:15:15,UNVR,RG,4780,1,F,ZP,PD,D
14:15:15,UNVR,RG,4780,43,D,BB,PD,D
14:15:15,UNVR,RG,4780,20,F,YU,PD,D
14:15:15,UNVR,RG,4780,1,F,CS,PD,D
14:15:15,UNVR,RG,4780,10,D,YP,PD,D
14:15:15,UNVR,RG,4780,30,D,YP,PD,D
14:15:13,UNVR,RG,4780,3,D,YP,CC,D
14:15:13,UNVR,RG,4780,1,D,YP,KK,D
14:15:09,UNVR,RG,4780,12,D,YP,YP,D
14:15:00,UNVR,RG,4780,1,D,YP,HP,D
14:14:50,UNVR,RG,4780,2,D,YP,HP,D
14:14:30,UNVR,RG,4780,3,D,YP,YP,D
14:14:30,UNVR,RG,4780,1,D,NI,YP,D
14:14:30,UNVR,RG,4780,1,F,ZP,YP,D
14:14:01,UNVR,RG,4780,59,D,BB,AK,F
14:14:01,UNVR,RG,4780,3,F,ZP,AK,F
14:14:01,UNVR,RG,4780,1,D,BB,AK,F
14:14:00,UNVR,RG,4780,2,D,BB,CS,D
14:14:00,UNVR,RG,4780,1,F,ZP,CS,D
14:13:59,UNVR,RG,4780,19,D,BB,SQ,D
14:13:59,UNVR,RG,4780,1,F,ZP,SQ,D
14:13:57,UNVR,RG,4780,1,F,ZP,YP,D
14:13:56,UNVR,RG,4780,1,F,ZP,NI,D
14:13:53,UNVR,RG,4790,2,D,CC,PD,D
14:13:50,UNVR,RG,4780,1,F,ZP,KK,D
14:13:40,UNVR,RG,4780,1,F,ZP,KK,D
14:13:34,UNVR,RG,4780,1,D,NI,XL,D
14:13:34,UNVR,RG,4780,1,F,ZP,XC,D
14:13:01,UNVR,RG,4780,1,F,ZP,XC,D
14:13:01,UNVR,RG,4780,1,F,ZP,XC,D
14:12:51,UNVR,RG,4780,1,F,ZP,XC,D
14:12:42,UNVR,RG,4780,13,F,ZP,CC,D
14:12:41,UNVR,RG,4780,9,D,YP,CC,D
14:12:41,UNVR,RG,4780,10,D,XA,CC,D
14:12:41,UNVR,RG,4780,1,F,ZP,CC,D
14:12:41,UNVR,RG,4780,1,D,XC,CC,D
14:12:41,UNVR,RG,4780,6,D,CC,CC,D
14:12:15,UNVR,RG,4780,2,D,CC,XC,D
14:12:11,UNVR,RG,4780,1,F,ZP,YP,D
14:12:07,UNVR,RG,4780,11,F,ZP,AK,F
14:12:07,UNVR,RG,4780,1,F,ZP,AK,F
14:12:07,UNVR,RG,4780,7,F,ZP,AK,F
14:12:05,UNVR,RG,4780,1,F,ZP,AK,F
14:12:05,UNVR,RG,4780,50,F,ZP,XC,D
14:12:05,UNVR,RG,4780,1,F,ZP,PD,D
14:12:05,UNVR,RG,4780,1,F,ZP,PD,D
14:12:05,UNVR,RG,4780,4,F,ZP,KK,D
14:12:05,UNVR,RG,4780,18,F,ZP,AK,F
14:12:05,UNVR,RG,4780,14,F,ZP,AK,F
14:12:05,UNVR,RG,4780,1,F,ZP,AK,F
14:12:05,UNVR,RG,4780,8,F,ZP,AK,F
14:12:05,UNVR,RG,4780,116,F,ZP,AK,F
14:12:05,UNVR,RG,4780,91,F,ZP,AK,F
14:11:59,UNVR,RG,4780,1,D,YP,AK,F
14:11:58,UNVR,RG,4780,1,D,ZP,AK,F
14:11:57,UNVR,RG,4780,208,F,BK,AK,F
14:11:57,UNVR,RG,4780,42,F,BK,AK,F
14:11:47,UNVR,RG,4780,117,F,BK,AK,F
14:11:47,UNVR,RG,4780,15,F,BK,AK,F
14:11:47,UNVR,RG,4780,2,F,BK,PD,D
14:11:47,UNVR,RG,4780,116,F,BK,PD,D
14:11:39,UNVR,RG,4780,63,D,PD,PD,D
14:11:36,UNVR,RG,4780,250,F,BK,PD,D
14:11:35,UNVR,RG,4780,250,F,BK,PD,D
14:11:34,UNVR,RG,4780,83,D,BB,PD,D
14:11:34,UNVR,RG,4780,9,D,PD,PD,D
14:11:32,UNVR,RG,4780,1,D,CC,KK,D
14:11:27,UNVR,RG,4780,49,D,BB,AK,F
14:11:26,UNVR,RG,4780,5,D,BB,CS,D
14:11:25,UNVR,RG,4780,41,D,BB,DX,F
14:11:25,UNVR,RG,4780,11,D,BB,ZP,F
14:11:24,UNVR,RG,4780,1,D,BB,XC,D
14:11:15,UNVR,RG,4770,17,D,AI,PD,D
14:11:15,UNVR,RG,4780,1,F,CS,PD,D
14:11:15,UNVR,RG,4780,2,D,YP,PD,D
14:11:11,UNVR,RG,4780,2,D,YP,CC,D
14:11:07,UNVR,RG,4780,13,D,YP,CC,D
14:11:06,UNVR,RG,4790,1,D,PD,PD,D
14:11:00,UNVR,RG,4780,38,D,YP,YP,D
14:11:00,UNVR,RG,4780,2,D,YP,YP,D
14:11:00,UNVR,RG,4780,5,D,PD,YP,D
14:11:00,UNVR,RG,4780,11,D,BB,YP,D
14:11:00,UNVR,RG,4780,4,F,ZP,YP,D
14:11:00,UNVR,RG,4780,3,F,CS,YP,D
14:11:00,UNVR,RG,4780,37,D,YP,YP,D
14:10:39,UNVR,RG,4780,2,D,YP,CC,D
14:10:25,UNVR,RG,4780,1,D,YP,ZP,F
14:10:25,UNVR,RG,4780,1,D,CC,ZP,F
14:10:25,UNVR,RG,4780,13,D,CC,ZP,F
14:10:25,UNVR,RG,4780,3,D,XA,ZP,F
14:10:25,UNVR,RG,4780,5,D,SQ,ZP,F
14:10:25,UNVR,RG,4780,7,D,CC,ZP,F
14:10:25,UNVR,RG,4780,12,D,BB,ZP,F
14:10:23,UNVR,RG,4780,1,D,BB,XC,D
14:10:14,UNVR,RG,4780,2,D,PD,XL,D
14:10:13,UNVR,RG,4780,1,F,ZP,CC,D
14:10:13,UNVR,RG,4780,1,F,ZP,CC,D
14:10:10,UNVR,RG,4780,10,F,ZP,XL,D
14:10:01,UNVR,RG,4780,1,F,ZP,YP,D
14:09:53,UNVR,RG,4780,1,F,ZP,XC,D
14:09:37,UNVR,RG,4780,12,F,ZP,YP,D
14:09:09,UNVR,RG,4780,2,F,ZP,XC,D
14:08:57,UNVR,RG,4780,3,F,ZP,XC,D
14:08:54,UNVR,RG,4780,20,F,ZP,YP,D
14:08:51,UNVR,RG,4780,2,F,ZP,MK,D
14:08:41,UNVR,RG,4790,1,D,PD,PD,D
14:08:27,UNVR,RG,4780,10,D,BB,PD,D
14:08:27,UNVR,RG,4780,19,D,BB,BK,F
14:08:26,UNVR,RG,4780,2,D,ZP,BK,F
14:08:23,UNVR,RG,4780,60,F,ZP,BK,F
14:08:23,UNVR,RG,4780,110,F,ZP,AK,F
14:08:23,UNVR,RG,4780,2,F,ZP,XL,D
14:08:23,UNVR,RG,4780,15,F,ZP,KK,D
14:08:23,UNVR,RG,4780,13,F,ZP,SH,D
14:07:47,UNVR,RG,4780,187,F,ZP,SH,D
14:07:47,UNVR,RG,4780,20,F,ZP,MK,D
14:07:47,UNVR,RG,4780,3,F,ZP,CS,D
14:07:47,UNVR,RG,4780,25,F,ZP,AZ,D
14:07:47,UNVR,RG,4780,3,F,ZP,BK,F
14:07:47,UNVR,RG,4780,1,F,ZP,PD,D
14:07:47,UNVR,RG,4780,11,F,ZP,AK,F
14:07:38,UNVR,RG,4780,31,D,BB,AK,F
14:07:38,UNVR,RG,4780,6,D,BB,XL,D
14:07:38,UNVR,RG,4780,4,D,BB,YP,D
14:07:38,UNVR,RG,4780,2,D,BB,YP,D
14:07:38,UNVR,RG,4780,10,D,BB,KK,D
14:07:38,UNVR,RG,4780,33,D,BB,YP,D
14:07:07,UNVR,RG,4780,97,D,PD,YP,D
14:06:55,UNVR,RG,4770,1554,D,AI,KK,D
14:06:55,UNVR,RG,4770,1,D,XC,KK,D
14:06:55,UNVR,RG,4770,1,D,XC,KK,D
14:06:55,UNVR,RG,4770,1,D,XC,KK,D
14:06:55,UNVR,RG,4770,2,D,XC,KK,D
14:06:55,UNVR,RG,4770,2,D,XC,KK,D
14:06:55,UNVR,RG,4770,1,D,XC,KK,D
14:06:55,UNVR,RG,4770,1,D,CC,KK,D
14:06:55,UNVR,RG,4770,1,D,DR,KK,D
14:06:55,UNVR,RG,4770,1,D,XC,KK,D
14:06:55,UNVR,RG,4770,5,D,LG,KK,D
14:06:55,UNVR,RG,4770,1,D,YP,KK,D
14:06:55,UNVR,RG,4770,1,D,YP,KK,D
14:06:55,UNVR,RG,4770,20,D,YP,KK,D
14:06:55,UNVR,RG,4770,1,D,XC,KK,D
14:06:55,UNVR,RG,4770,2,F,ZP,KK,D
14:06:55,UNVR,RG,4770,1,D,DH,KK,D
14:06:55,UNVR,RG,4770,1,D,PD,KK,D
14:06:55,UNVR,RG,4770,10,D,PD,KK,D
14:06:55,UNVR,RG,4770,15,D,YP,KK,D
14:06:55,UNVR,RG,4770,10,D,YP,KK,D
14:06:55,UNVR,RG,4770,1,D,DX,KK,D
14:06:55,UNVR,RG,4770,4,D,PD,KK,D
14:06:55,UNVR,RG,4770,5,D,SQ,KK,D
14:06:55,UNVR,RG,4770,3,D,YP,KK,D
14:06:55,UNVR,RG,4770,1,D,YP,KK,D
14:06:55,UNVR,RG,4770,1,D,YP,KK,D
14:06:55,UNVR,RG,4770,2,D,IF,KK,D
14:06:55,UNVR,RG,4770,100,D,IF,KK,D
14:06:55,UNVR,RG,4770,3,D,PD,KK,D
14:06:55,UNVR,RG,4770,1,D,EP,KK,D
14:06:55,UNVR,RG,4770,30,D,EP,KK,D
14:06:55,UNVR,RG,4770,1,D,YB,KK,D
14:06:55,UNVR,RG,4770,146,D,YJ,KK,D
14:06:46,UNVR,RG,4770,500,D,YJ,PD,D
14:06:45,UNVR,RG,4780,90,D,BB,YP,D
14:06:44,UNVR,RG,4780,5,D,GR,YP,D
14:06:13,UNVR,RG,4780,27,F,ZP,YP,D
14:06:13,UNVR,RG,4780,239,D,BB,YP,D
14:06:12,UNVR,RG,4780,2,F,CS,YP,D
14:06:12,UNVR,RG,4780,6,D,CC,YP,D
14:06:12,UNVR,RG,4780,1,D,XA,YP,D
14:06:05,UNVR,RG,4780,1,D,XA,XC,D
14:05:33,UNVR,RG,4770,154,D,YJ,YP,D
14:05:33,UNVR,RG,4770,1,D,EP,YP,D
14:05:33,UNVR,RG,4770,109,D,AI,YP,D
14:05:33,UNVR,RG,4780,1,D,XC,YP,D
14:05:33,UNVR,RG,4780,1,D,PD,YP,D
14:05:33,UNVR,RG,4780,1,D,XC,YP,D
14:05:33,UNVR,RG,4780,13,D,BB,YP,D
14:05:33,UNVR,RG,4780,20,D,PD,YP,D
14:04:59,UNVR,RG,4780,3,D,BB,CS,D
14:04:59,UNVR,RG,4780,7,F,ZP,YP,D
14:04:58,UNVR,RG,4780,5,D,PD,YP,D
14:04:58,UNVR,RG,4780,5,D,XC,YP,D
14:04:58,UNVR,RG,4780,5,D,YP,YP,D
14:04:58,UNVR,RG,4780,3,D,BB,YP,D
14:04:48,UNVR,RG,4780,1,D,BB,CS,D
14:04:47,UNVR,RG,4780,10,D,BB,GR,D
14:04:41,UNVR,RG,4780,25,D,BB,AZ,D
14:04:33,UNVR,RG,4780,95,D,BB,LG,D
14:04:33,UNVR,RG,4780,5,D,BB,LG,D
14:04:27,UNVR,RG,4780,17,D,BB,YP,D
14:04:27,UNVR,RG,4780,33,D,YP,YP,D
14:04:23,UNVR,RG,4780,34,D,BB,DX,F
14:04:22,UNVR,RG,4780,2,D,BB,OD,D
14:04:22,UNVR,RG,4780,3,F,CS,OD,D
14:04:22,UNVR,RG,4780,4,D,PD,OD,D
14:04:22,UNVR,RG,4780,1,D,NI,OD,D
14:04:00,UNVR,RG,4790,47,F,YU,PD,D
14:03:50,UNVR,RG,4780,5,D,BB,XA,D
14:03:47,UNVR,RG,4770,51,D,AI,KK,D
14:03:47,UNVR,RG,4780,24,D,BB,KK,D
14:03:41,UNVR,RG,4780,10,D,BB,EP,D
14:03:39,UNVR,RG,4780,34,F,ZP,AK,F
14:03:38,UNVR,RG,4780,20,D,BB,AK,F
14:03:38,UNVR,RG,4780,20,F,ZP,DR,D
14:03:35,UNVR,RG,4780,3,D,BB,SQ,D
14:03:25,UNVR,RG,4780,6,D,BB,YP,D
14:03:25,UNVR,RG,4780,1,D,PD,YP,D
14:03:25,UNVR,RG,4780,2,D,YP,YP,D
14:03:25,UNVR,RG,4780,8,D,BB,YP,D
14:03:25,UNVR,RG,4780,1,D,CC,YP,D
14:03:17,UNVR,RG,4780,2,D,CC,PD,D
14:03:06,UNVR,RG,4780,5,D,CC,CC,D
14:03:06,UNVR,RG,4780,5,D,EP,CC,D
14:02:59,UNVR,RG,4780,2,D,EP,AI,D
14:02:57,UNVR,RG,4780,4,D,EP,XC,D
14:02:35,UNVR,RG,4780,1,D,PD,NI,D
14:02:31,UNVR,RG,4780,1,D,PD,CC,D
14:02:02,UNVR,RG,4780,1,D,BB,CS,D
14:02:02,UNVR,RG,4780,4,D,BB,CS,D
14:02:02,UNVR,RG,4780,18,F,ZP,CC,D
14:02:01,UNVR,RG,4780,2,D,LG,CC,D
14:02:01,UNVR,RG,4780,18,D,YP,CC,D
14:02:01,UNVR,RG,4780,2,D,TP,CC,D
14:01:48,UNVR,RG,4780,3,D,TP,GR,D
14:01:46,UNVR,RG,4780,5,D,TP,PD,D
14:01:32,UNVR,RG,4780,13,F,ZP,ZP,F
14:01:30,UNVR,RG,4780,50,F,ZP,YU,D
14:01:16,UNVR,RG,4780,1,F,ZP,XC,D
14:01:13,UNVR,RG,4780,13,F,ZP,ZP,F
14:01:12,UNVR,RG,4780,1,F,ZP,XC,D
14:01:12,UNVR,RG,4780,22,F,ZP,YP,D
14:01:12,UNVR,RG,4780,2,F,CS,YP,D
14:01:12,UNVR,RG,4780,10,D,ZP,YP,D
14:01:12,UNVR,RG,4780,9,D,PD,YP,D
14:01:12,UNVR,RG,4780,1,D,YB,YP,D
14:01:12,UNVR,RG,4780,1,F,CS,YP,D
14:01:12,UNVR,RG,4780,1,F,CS,YP,D
14:01:12,UNVR,RG,4780,4,D,CC,YP,D
14:01:11,UNVR,RG,4780,3,D,CC,XL,D
14:00:40,UNVR,RG,4780,192,F,ZP,AK,F
14:00:40,UNVR,RG,4780,140,F,ZP,GR,D
14:00:40,UNVR,RG,4780,95,F,ZP,ZP,F
14:00:40,UNVR,RG,4780,6,F,ZP,AK,F
14:00:40,UNVR,RG,4780,114,F,ZP,BK,F
14:00:40,UNVR,RG,4780,120,F,ZP,ZP,D
14:00:40,UNVR,RG,4780,1,F,ZP,XC,D
14:00:40,UNVR,RG,4780,37,F,ZP,DX,F
14:00:40,UNVR,RG,4780,2,F,ZP,PD,D
14:00:40,UNVR,RG,4780,51,F,ZP,DH,D
14:00:40,UNVR,RG,4780,11,F,ZP,AK,F
14:00:40,UNVR,RG,4780,25,F,ZP,YP,D
14:00:40,UNVR,RG,4780,2,D,BB,YP,D
14:00:40,UNVR,RG,4780,100,D,BB,YP,D
14:00:40,UNVR,RG,4780,15,D,BB,YP,D
14:00:31,UNVR,RG,4770,24,D,AI,XC,D
14:00:18,UNVR,RG,4770,5,D,AI,NI,D
13:59:52,UNVR,RG,4770,1,D,AI,XC,D
13:59:38,UNVR,RG,4780,1,F,CS,YP,D
13:59:36,UNVR,RG,4770,12,D,AI,GR,D
13:59:27,UNVR,RG,4780,15,D,BB,YP,D
13:59:27,UNVR,RG,4780,10,D,BB,NI,D
13:59:27,UNVR,RG,4780,30,D,BB,KK,D
13:59:27,UNVR,RG,4780,1,D,BB,AK,F
13:59:27,UNVR,RG,4780,6,D,BB,AK,F
13:59:27,UNVR,RG,4780,34,D,BB,ZP,F
13:59:27,UNVR,RG,4780,7,D,BB,ZP,D
13:59:03,UNVR,RG,4780,1,F,ZP,ZP,D
13:59:03,UNVR,RG,4780,11,F,ZP,ZP,D
13:59:02,UNVR,RG,4780,2,D,XC,ZP,D
13:59:02,UNVR,RG,4770,470,D,AI,YU,D
13:58:58,UNVR,RG,4780,2,D,MI,ZP,D
13:58:54,UNVR,RG,4780,177,F,BK,ZP,D
13:58:54,UNVR,RG,4780,50,F,BK,XC,D
13:58:54,UNVR,RG,4780,6,F,BK,CS,D
13:58:54,UNVR,RG,4780,17,F,BK,NI,D
13:58:45,UNVR,RG,4770,1,D,AI,PD,D
13:58:37,UNVR,RG,4780,1,D,XC,NI,D
13:58:37,UNVR,RG,4780,1,F,CS,NI,D
13:58:31,UNVR,RG,4780,25,D,XC,NI,D
13:58:25,UNVR,RG,4780,5,D,PD,NI,D
13:58:23,UNVR,RG,4780,1,D,BB,NI,D
13:58:23,UNVR,RG,4780,10,D,BB,XC,D
13:58:23,UNVR,RG,4780,29,D,BB,YB,D
13:58:23,UNVR,RG,4780,6,D,BB,AK,F
13:58:23,UNVR,RG,4780,63,D,BB,AK,F
13:58:17,UNVR,RG,4780,10,D,PD,AK,F
13:57:46,UNVR,RG,4780,5,D,CC,AK,F
13:57:43,UNVR,RG,4780,5,D,XC,AK,F
13:57:37,UNVR,RG,4780,1,D,XC,AK,F
13:57:24,UNVR,RG,4780,1,D,PD,AK,F
13:57:16,UNVR,RG,4780,36,D,BB,AK,F
13:57:16,UNVR,RG,4780,11,D,BB,AK,F
13:57:16,UNVR,RG,4780,60,D,BB,ZP,F
13:57:14,UNVR,RG,4780,19,D,BB,ZP,F
13:57:14,UNVR,RG,4780,3,D,BB,AK,F
13:57:13,UNVR,RG,4780,5,F,ZP,AK,F
13:57:13,UNVR,RG,4780,77,F,ZP,AK,F
13:57:13,UNVR,RG,4780,77,D,BB,AK,F
13:57:13,UNVR,RG,4780,5,D,CC,AK,F
13:57:13,UNVR,RG,4770,5,D,AI,PD,D
13:57:12,UNVR,RG,4780,25,D,BB,CC,D
13:57:10,UNVR,RG,4770,4,D,AI,PD,D
13:56:11,UNVR,RG,4770,771,D,AI,PD,D
13:55:50,UNVR,RG,4790,1,D,KK,PD,D
13:55:49,UNVR,RG,4790,1,D,XL,PD,D
13:55:37,UNVR,RG,4770,1,D,AI,KK,D
13:55:22,UNVR,RG,4780,11,F,ZP,ZP,F
13:55:20,UNVR,RG,4780,48,D,BB,ZP,F
13:55:19,UNVR,RG,4780,10,F,ZP,ZP,F
13:55:18,UNVR,RG,4780,10,D,BB,PD,D
13:55:00,UNVR,RG,4780,44,D,BB,DX,F
13:55:00,UNVR,RG,4780,2,F,ZP,DX,F
13:54:59,UNVR,RG,4780,2,D,BB,YP,D
13:54:47,UNVR,RG,4780,1,F,ZP,XC,D
13:54:47,UNVR,RG,4780,1,F,ZP,XC,D
13:54:47,UNVR,RG,4780,5,F,ZP,KK,D
13:54:47,UNVR,RG,4780,100,F,ZP,YP,D
13:54:47,UNVR,RG,4780,86,F,ZP,YP,D
13:54:47,UNVR,RG,4780,1,F,ZP,AK,F
13:54:47,UNVR,RG,4780,9,F,ZP,AK,F
13:54:47,UNVR,RG,4780,12,F,ZP,AK,F
13:54:47,UNVR,RG,4780,72,F,ZP,ZP,F
13:54:47,UNVR,RG,4780,108,F,ZP,CC,D
13:54:19,UNVR,RG,4780,21,D,PD,CC,D
13:54:13,UNVR,RG,4780,50,F,ZP,CC,D
13:54:13,UNVR,RG,4780,20,F,ZP,CC,D
13:54:12,UNVR,RG,4780,2,F,CS,CC,D
13:54:12,UNVR,RG,4780,199,D,BB,CC,D
13:54:12,UNVR,RG,4780,22,F,YU,CC,D
13:54:12,UNVR,RG,4780,2,D,CC,CC,D
13:54:12,UNVR,RG,4780,1,F,ZP,CC,D
13:54:12,UNVR,RG,4780,7,D,CC,CC,D
13:54:12,UNVR,RG,4780,48,D,BB,CC,D
13:54:12,UNVR,RG,4780,20,D,XC,CC,D
13:54:05,UNVR,RG,4780,1,D,XC,YP,D
13:54:03,UNVR,RG,4780,48,D,XC,AK,F
13:54:02,UNVR,RG,4780,1,D,BB,XC,D
13:53:49,UNVR,RG,4780,10,D,BB,AZ,D
13:53:49,UNVR,RG,4780,12,D,BB,ZP,F
13:53:49,UNVR,RG,4780,21,D,BB,GR,D
13:53:49,UNVR,RG,4780,3,D,BB,XC,D
13:53:49,UNVR,RG,4780,11,D,BB,AK,F
13:53:44,UNVR,RG,4780,1,D,ZP,AK,F
13:53:44,UNVR,RG,4780,4,D,ZP,CS,D
13:53:39,UNVR,RG,4770,3,D,AI,PD,D
13:53:26,UNVR,RG,4780,2,D,CC,CS,D
13:53:26,UNVR,RG,4780,1,D,CC,AK,F
13:53:26,UNVR,RG,4780,7,D,CC,AK,F
13:53:26,UNVR,RG,4780,20,D,CC,AK,F
13:53:19,UNVR,RG,4780,50,F,ZP,AK,F
13:53:11,UNVR,RG,4780,58,F,ZP,AK,F
13:53:11,UNVR,RG,4780,159,F,ZP,AK,F
13:53:11,UNVR,RG,4780,13,F,ZP,AK,F
13:53:11,UNVR,RG,4780,3,F,ZP,XL,D
13:53:11,UNVR,RG,4780,54,F,ZP,ZP,F
13:53:11,UNVR,RG,4780,27,F,ZP,YP,D
13:53:03,UNVR,RG,4780,20,D,MK,YP,D
13:53:00,UNVR,RG,4770,100,D,AI,YP,D
13:52:51,UNVR,RG,4780,1,D,DX,YP,D
13:52:50,UNVR,RG,4780,21,D,EP,YP,D
13:52:49,UNVR,RG,4780,1,D,CC,YP,D
13:52:40,UNVR,RG,4780,1,D,DX,YP,D
13:52:40,UNVR,RG,4780,90,D,BB,YP,D
13:52:40,UNVR,RG,4780,3,F,CS,YP,D
13:52:40,UNVR,RG,4780,136,D,YP,YP,D
13:52:30,UNVR,RG,4790,200,D,NI,PD,D
13:52:27,UNVR,RG,4790,5,D,XL,PD,D
13:52:06,UNVR,RG,4780,10,D,BB,LG,D
13:51:37,UNVR,RG,4780,18,D,BB,ZP,F
13:51:36,UNVR,RG,4780,1,D,BB,PD,D
13:51:35,UNVR,RG,4780,3,D,BB,PD,D
13:51:26,UNVR,RG,4780,2,D,BB,YP,D
13:51:24,UNVR,RG,4780,3,D,BB,YP,D
13:51:24,UNVR,RG,4780,5,D,CC,YP,D
13:51:24,UNVR,RG,4780,12,D,YB,YP,D
13:51:02,UNVR,RG,4780,40,D,BB,DX,F
13:51:02,UNVR,RG,4780,44,D,BB,ZP,F
13:51:02,UNVR,RG,4780,4,D,BB,CS,D
13:51:01,UNVR,RG,4780,289,D,BB,PD,D
13:51:00,UNVR,RG,4780,100,D,MG,PD,D
13:51:00,UNVR,RG,4780,6,D,ZP,PD,D
13:51:00,UNVR,RG,4780,8,D,XC,PD,D
13:51:00,UNVR,RG,4780,2,F,CS,PD,D
13:51:00,UNVR,RG,4780,10,D,XA,PD,D
13:51:00,UNVR,RG,4780,1,D,YP,PD,D
13:51:00,UNVR,RG,4780,20,D,YB,PD,D
13:51:00,UNVR,RG,4780,3,D,CC,PD,D
13:51:00,UNVR,RG,4780,7,D,CC,PD,D
13:51:00,UNVR,RG,4780,1,F,CS,PD,D
13:51:00,UNVR,RG,4780,1,F,ZP,PD,D
13:51:00,UNVR,RG,4780,186,D,BB,PD,D
13:51:00,UNVR,RG,4780,137,D,PD,PD,D
13:50:47,UNVR,RG,4790,5,D,CC,PD,D
13:50:47,UNVR,RG,4780,100,D,PD,CC,D
13:50:33,UNVR,RG,4780,1,D,PD,YP,D
13:50:27,UNVR,RG,4780,1,D,PD,PD,D
13:50:21,UNVR,RG,4780,226,D,PD,ZP,F
13:50:00,UNVR,RG,4780,11,D,PD,GR,D
13:49:50,UNVR,RG,4780,1,D,PD,OD,D
13:49:50,UNVR,RG,4790,58,D,CC,PD,D
13:49:31,UNVR,RG,4790,3,F,CS,PD,D
13:49:19,UNVR,RG,4780,10,D,PD,YP,D
13:49:13,UNVR,RG,4780,3,D,PD,EP,D
13:49:03,UNVR,RG,4780,3,D,PD,NI,D
13:48:17,UNVR,RG,4780,2,D,PD,PD,D
13:48:08,UNVR,RG,4790,41,D,YP,PD,D
13:47:52,UNVR,RG,4790,6,D,CC,PD,D
13:47:00,UNVR,RG,4790,3,D,CC,PD,D
13:46:36,UNVR,RG,4780,252,D,PD,AK,F
13:46:36,UNVR,RG,4780,3,D,PD,CS,D
13:46:36,UNVR,RG,4780,2,D,PD,CS,D
13:46:36,UNVR,RG,4780,3,D,PD,DR,D
13:46:36,UNVR,RG,4780,12,D,PD,ZP,F
13:46:36,UNVR,RG,4780,5,D,PD,CC,D
13:46:36,UNVR,RG,4780,40,D,PD,DX,F
13:46:36,UNVR,RG,4780,1,D,PD,YB,D
13:46:36,UNVR,RG,4780,1,D,PD,YP,D
13:46:36,UNVR,RG,4780,1,D,PD,XL,D
13:46:36,UNVR,RG,4780,7,D,PD,AK,F
13:46:36,UNVR,RG,4780,2,D,PD,OD,D
13:46:36,UNVR,RG,4780,20,D,PD,CC,D
13:46:36,UNVR,RG,4780,2,D,PD,XC,D
13:46:36,UNVR,RG,4780,13,D,PD,AK,F
13:46:36,UNVR,RG,4780,43,D,PD,AK,F
13:46:36,UNVR,RG,4780,1,D,PD,YP,D
13:46:36,UNVR,RG,4780,228,D,PD,ZP,F
13:46:36,UNVR,RG,4780,1,D,PD,CS,D
13:46:36,UNVR,RG,4780,1,D,PD,CS,D
13:46:36,UNVR,RG,4780,4,D,PD,CS,D
13:46:36,UNVR,RG,4780,771,D,PD,PD,D
13:46:36,UNVR,RG,4780,20,D,PD,LG,D
13:46:36,UNVR,RG,4780,1,D,PD,PC,D
13:46:36,UNVR,RG,4780,2,D,PD,CS,D
13:46:36,UNVR,RG,4780,1,D,PD,CC,D
13:46:36,UNVR,RG,4780,10,D,PD,CC,D
13:46:36,UNVR,RG,4780,58,D,PD,PD,D
13:46:28,UNVR,RG,4780,22,D,BB,PD,D
13:46:28,UNVR,RG,4780,1,D,BB,KK,D
13:46:23,UNVR,RG,4780,7,F,CS,KK,D
13:46:22,UNVR,RG,4780,5,D,BB,KK,D
13:46:21,UNVR,RG,4770,50,D,AI,EP,D
13:46:11,UNVR,RG,4780,10,D,NI,KK,D
13:46:05,UNVR,RG,4780,6,D,BB,KK,D
13:46:05,UNVR,RG,4780,1,F,CS,KK,D
13:46:00,UNVR,RG,4780,7,D,CC,KK,D
13:45:53,UNVR,RG,4780,2,D,BB,KK,D
13:45:52,UNVR,RG,4780,5,F,CS,KK,D
13:45:48,UNVR,RG,4780,7,D,BB,KK,D
13:45:32,UNVR,RG,4780,7,F,CS,KK,D
13:45:28,UNVR,RG,4780,26,D,BB,KK,D
13:45:28,UNVR,RG,4780,10,D,CC,KK,D
13:45:22,UNVR,RG,4780,1,F,ZP,KK,D
13:45:19,UNVR,RG,4780,5,F,ZP,KK,D
13:45:19,UNVR,RG,4780,7,F,ZP,AK,F
13:45:19,UNVR,RG,4780,3,F,ZP,YP,D
13:45:19,UNVR,RG,4780,1,F,ZP,XC,D
13:45:19,UNVR,RG,4780,15,F,ZP,AK,F
13:45:19,UNVR,RG,4780,1,F,ZP,AK,F
13:45:19,UNVR,RG,4780,8,F,ZP,AK,F
13:45:19,UNVR,RG,4780,11,F,ZP,AK,F
13:45:17,UNVR,RG,4780,7,D,BB,AK,F
13:45:17,UNVR,RG,4780,11,F,ZP,AK,F
13:45:07,UNVR,RG,4780,2,D,ZP,AK,F
13:45:03,UNVR,RG,4780,7,F,CS,AK,F
13:44:59,UNVR,RG,4780,6,D,CC,AK,F
13:44:59,UNVR,RG,4780,17,D,BB,AK,F
13:44:53,UNVR,RG,4780,18,D,XC,AK,F
13:44:49,UNVR,RG,4780,4,D,BB,AK,F
13:44:49,UNVR,RG,4770,22,D,AI,PD,D
13:44:38,UNVR,RG,4780,2,D,XC,AK,F
13:44:32,UNVR,RG,4780,3,F,CS,AK,F
13:44:32,UNVR,RG,4780,2,D,BB,AK,F
13:44:31,UNVR,RG,4780,1,F,CS,AK,F
13:44:22,UNVR,RG,4780,3,D,BB,AK,F
13:44:21,UNVR,RG,4780,3,F,CS,AK,F
13:44:12,UNVR,RG,4780,3,D,XL,AK,F
13:44:11,UNVR,RG,4780,35,D,BB,AK,F
13:44:10,UNVR,RG,4780,2,F,CS,AK,F
13:44:00,UNVR,RG,4780,3,F,CS,AK,F
13:44:00,UNVR,RG,4780,2,D,BB,AK,F
13:44:00,UNVR,RG,4780,24,F,YU,AK,F
13:44:00,UNVR,RG,4780,15,F,YU,AK,F
13:44:00,UNVR,RG,4780,2,F,YU,CS,D
13:44:00,UNVR,RG,4780,3,F,YU,DX,F
13:44:00,UNVR,RG,4770,43,D,AI,PD,D
13:43:49,UNVR,RG,4780,2,F,CS,DX,F
13:43:47,UNVR,RG,4780,3,D,BB,DX,F
13:43:40,UNVR,RG,4780,5,D,BB,DX,F
13:43:39,UNVR,RG,4780,3,F,CS,DX,F
13:43:31,UNVR,RG,4770,5,D,AI,GR,D
13:43:30,UNVR,RG,4780,2,F,CS,DX,F
13:43:24,UNVR,RG,4780,9,D,BB,DX,F
13:43:24,UNVR,RG,4780,1,D,YP,DX,F
13:43:22,UNVR,RG,4780,5,D,YP,DX,F
13:43:22,UNVR,RG,4780,12,D,YP,ZP,F
13:43:22,UNVR,RG,4780,3,D,YP,ZP,F
13:43:20,UNVR,RG,4780,3,D,BB,ZP,F
13:43:20,UNVR,RG,4780,3,F,CS,ZP,F
13:43:09,UNVR,RG,4780,2,F,CS,ZP,F
13:43:09,UNVR,RG,4780,3,D,BB,ZP,F
13:43:08,UNVR,RG,4780,2,D,XC,ZP,F
13:43:02,UNVR,RG,4780,3,D,PD,ZP,F
13:42:59,UNVR,RG,4780,2,D,BB,ZP,F
13:42:46,UNVR,RG,4780,4,D,BB,ZP,F
13:42:38,UNVR,RG,4770,2,D,AI,XC,D
13:42:33,UNVR,RG,4780,10,D,BB,ZP,F
13:42:09,UNVR,RG,4780,3,D,BB,ZP,F
13:42:09,UNVR,RG,4770,16,D,AI,PD,D
13:42:05,UNVR,RG,4780,2,D,BB,ZP,F
13:41:48,UNVR,RG,4780,11,D,BB,ZP,F
13:41:48,UNVR,RG,4780,84,D,BB,YP,D
13:41:30,UNVR,RG,4780,5,D,AO,YP,D
13:41:11,UNVR,RG,4780,5,F,CS,YP,D
13:41:11,UNVR,RG,4780,1,D,BB,YP,D
13:41:11,UNVR,RG,4780,1,D,BB,YP,D
13:41:11,UNVR,RG,4780,2,F,CS,YP,D
13:41:11,UNVR,RG,4780,2,F,ZP,YP,D
13:41:03,UNVR,RG,4780,12,F,ZP,CC,D
13:41:03,UNVR,RG,4780,3,F,CS,CC,D
13:41:03,UNVR,RG,4780,12,F,CS,CC,D
13:41:03,UNVR,RG,4780,5,F,CS,CC,D
13:41:03,UNVR,RG,4780,2,F,CS,CC,D
13:41:03,UNVR,RG,4780,8,D,CC,CC,D
13:41:03,UNVR,RG,4780,25,D,XL,CC,D
13:41:03,UNVR,RG,4780,181,D,BB,CC,D
13:41:03,UNVR,RG,4780,1,D,XC,CC,D
13:41:03,UNVR,RG,4780,1,F,CS,CC,D
13:41:03,UNVR,RG,4790,324,D,EP,PD,D
13:40:44,UNVR,RG,4780,1,F,CS,AG,D
13:40:44,UNVR,RG,4780,1,D,PD,AG,D
13:40:44,UNVR,RG,4780,10,D,NI,AG,D
13:40:44,UNVR,RG,4780,1,F,ZP,AG,D
13:40:44,UNVR,RG,4780,25,D,NI,AG,D
13:40:44,UNVR,RG,4780,1,D,YP,AG,D
13:40:44,UNVR,RG,4780,1,D,PD,AG,D
13:40:44,UNVR,RG,4780,5,F,ZP,AG,D
13:40:40,UNVR,RG,4780,2,D,SQ,AZ,D
13:40:31,UNVR,RG,4780,3,D,SQ,LG,D
13:40:31,UNVR,RG,4780,1,F,CS,LG,D
13:40:31,UNVR,RG,4780,1,D,XC,LG,D
13:40:31,UNVR,RG,4780,21,F,CS,LG,D
13:40:31,UNVR,RG,4780,24,D,EP,LG,D
13:40:26,UNVR,RG,4790,3,D,YP,PD,D
13:40:22,UNVR,RG,4780,333,D,EP,ZP,F
13:40:19,UNVR,RG,4780,20,D,EP,RG,D
13:40:17,UNVR,RG,4790,6,D,XC,PD,D
13:40:15,UNVR,RG,4780,30,D,EP,CC,D
13:40:03,UNVR,RG,4790,6,D,EP,PD,D
13:40:03,UNVR,RG,4790,8,D,EP,AK,F
13:40:03,UNVR,RG,4790,1,D,EP,AK,F
13:40:03,UNVR,RG,4790,100,D,EP,YP,D
13:40:03,UNVR,RG,4790,25,D,EP,PD,D
13:40:03,UNVR,RG,4790,1,D,EP,CC,D
13:40:03,UNVR,RG,4790,100,D,EP,PD,D
13:40:03,UNVR,RG,4790,5,D,EP,PD,D
13:40:03,UNVR,RG,4790,35,D,EP,XC,D
13:40:03,UNVR,RG,4790,9,D,EP,AK,F
13:40:02,UNVR,RG,4790,1,D,ZP,AK,F
13:39:49,UNVR,RG,4790,6,D,HP,AK,F
13:39:49,UNVR,RG,4790,4,D,HP,PD,D
13:39:45,UNVR,RG,4790,6,F,CS,PD,D
13:39:45,UNVR,RG,4790,16,F,CS,OD,D
13:39:37,UNVR,RG,4780,1,D,EP,NI,D
13:39:36,UNVR,RG,4780,10,D,EP,YP,D
13:39:31,UNVR,RG,4790,4,D,PD,OD,D
13:39:31,UNVR,RG,4790,4,D,PD,DX,F
13:39:31,UNVR,RG,4780,22,D,EP,RG,D
13:39:01,UNVR,RG,4780,35,D,EP,ES,D
13:38:57,UNVR,RG,4780,5,D,EP,NI,D
13:38:49,UNVR,RG,4790,6,D,CC,DX,F
13:38:22,UNVR,RG,4780,5,D,EP,PD,D
13:38:20,UNVR,RG,4780,7,D,EP,KK,D
13:38:14,UNVR,RG,4790,12,D,YP,DX,F
13:38:14,UNVR,RG,4790,94,D,YP,AK,F
13:38:13,UNVR,RG,4790,22,F,CS,AK,F
13:38:10,UNVR,RG,4780,100,D,EP,PD,D
13:37:53,UNVR,RG,4780,51,D,EP,KK,D
13:37:53,UNVR,RG,4790,5,D,DR,AK,F
13:37:27,UNVR,RG,4790,90,D,EP,AK,F
13:37:27,UNVR,RG,4790,12,D,EP,ZP,F
13:37:27,UNVR,RG,4790,4,D,EP,CS,D
13:37:27,UNVR,RG,4790,12,D,EP,AK,F
13:37:27,UNVR,RG,4790,15,D,EP,AK,F
13:37:27,UNVR,RG,4790,10,D,EP,PD,D
13:37:27,UNVR,RG,4790,1,D,EP,AK,F
13:37:27,UNVR,RG,4790,156,D,EP,ZP,F
13:37:23,UNVR,RG,4780,10,D,EP,KK,D
13:37:10,UNVR,RG,4780,5,D,EP,CC,D
13:36:53,UNVR,RG,4780,1,D,EP,XC,D
13:36:44,UNVR,RG,4780,1,D,EP,NI,D
13:36:41,UNVR,RG,4790,14,F,CS,ZP,F
13:36:26,UNVR,RG,4780,50,D,EP,PD,D
13:36:23,UNVR,RG,4790,88,D,XC,ZP,F
13:36:23,UNVR,RG,4790,1,D,XC,PD,D
13:36:23,UNVR,RG,4790,1,D,XC,XC,D
13:36:23,UNVR,RG,4790,50,D,XC,YP,D
13:36:23,UNVR,RG,4790,1,D,XC,KK,D
13:36:23,UNVR,RG,4790,10,D,XC,KK,D
13:36:23,UNVR,RG,4790,10,D,XC,ZP,D
13:36:23,UNVR,RG,4790,6,D,XC,YB,D
13:36:23,UNVR,RG,4790,5,D,XC,YP,D
13:36:23,UNVR,RG,4790,12,D,XC,CC,D
13:36:23,UNVR,RG,4790,1,D,XC,XC,D
13:36:23,UNVR,RG,4790,98,D,XC,FS,D
13:36:12,UNVR,RG,4780,1,D,EP,XC,D
13:35:43,UNVR,RG,4790,2,F,CS,FS,D
13:35:43,UNVR,RG,4790,5,F,CS,SQ,D
13:35:43,UNVR,RG,4790,1,F,CS,XC,D
13:35:43,UNVR,RG,4790,5,F,CS,SQ,D
13:35:43,UNVR,RG,4790,2,F,CS,YP,D
13:35:43,UNVR,RG,4790,1,F,CS,PD,D
13:35:41,UNVR,RG,4780,1,D,EP,CC,D
13:35:38,UNVR,RG,4780,55,D,EP,YP,D
13:34:54,UNVR,RG,4780,711,D,EP,PD,D
13:34:54,UNVR,RG,4780,7,D,CC,PD,D
13:34:54,UNVR,RG,4780,10,D,OD,PD,D
13:34:54,UNVR,RG,4780,800,D,EP,PD,D
13:34:54,UNVR,RG,4780,11,D,ZP,PD,D
13:34:54,UNVR,RG,4780,1,F,CS,PD,D
13:34:54,UNVR,RG,4780,1,F,CS,PD,D
13:34:54,UNVR,RG,4780,1,F,CS,PD,D
13:34:54,UNVR,RG,4780,1,F,ZP,PD,D
13:34:50,UNVR,RG,4790,1,D,PD,PD,D
13:34:45,UNVR,RG,4790,3,D,EP,PD,D
13:34:45,UNVR,RG,4790,2,D,EP,PD,D
13:34:45,UNVR,RG,4790,10,D,EP,YP,D
13:34:45,UNVR,RG,4790,2,D,EP,YP,D
13:34:45,UNVR,RG,4790,2,D,EP,YP,D
13:34:45,UNVR,RG,4790,25,D,EP,DR,D
13:34:45,UNVR,RG,4790,130,D,EP,DH,D
13:34:45,UNVR,RG,4790,2,D,EP,XL,D
13:34:45,UNVR,RG,4790,3,D,EP,XL,D
13:34:45,UNVR,RG,4790,2,D,EP,PD,D
13:34:45,UNVR,RG,4790,2,D,EP,SQ,D
13:34:45,UNVR,RG,4790,3,D,EP,ZP,F
13:34:45,UNVR,RG,4790,1,D,EP,XC,D
13:34:45,UNVR,RG,4790,1,D,EP,PD,D
13:34:45,UNVR,RG,4790,16,D,EP,DX,F
13:34:45,UNVR,RG,4790,2,D,EP,XC,D
13:34:45,UNVR,RG,4790,11,D,EP,CC,D
13:34:44,UNVR,RG,4790,2,F,CS,CC,D
13:34:28,UNVR,RG,4790,7,F,CS,CC,D
13:34:28,UNVR,RG,4790,2,F,CS,CC,D
13:34:11,UNVR,RG,4790,1,D,XC,CC,D
13:34:08,UNVR,RG,4790,2,D,SQ,CC,D
13:34:08,UNVR,RG,4790,1,D,SQ,KK,D
13:34:05,UNVR,RG,4790,10,D,YP,NI,D
13:33:49,UNVR,RG,4790,8,F,CS,NI,D
13:33:15,UNVR,RG,4790,7,F,CS,NI,D
13:33:15,UNVR,RG,4790,1,F,CS,PD,D
13:33:15,UNVR,RG,4790,3,F,CS,PD,D
13:33:15,UNVR,RG,4790,2,F,CS,XC,D
13:33:15,UNVR,RG,4790,1,F,CS,NI,D
13:33:12,UNVR,RG,4780,2,F,ZP,PD,D
13:33:03,UNVR,RG,4780,2,F,ZP,XL,D
13:33:03,UNVR,RG,4780,4,F,ZP,PD,D
13:32:55,UNVR,RG,4780,4,F,ZP,PD,D
13:32:45,UNVR,RG,4780,2,F,ZP,YP,D
13:32:45,UNVR,RG,4780,1,D,EP,YP,D
13:32:26,UNVR,RG,4780,16,D,EP,DX,F
13:32:26,UNVR,RG,4780,1,D,EP,XC,D
13:32:26,UNVR,RG,4780,1,D,EP,YP,D
13:32:26,UNVR,RG,4780,3,D,EP,XC,D
13:32:26,UNVR,RG,4780,2,D,EP,NI,D
13:32:26,UNVR,RG,4780,2,D,EP,KK,D
13:32:26,UNVR,RG,4780,179,D,EP,AK,F
13:32:26,UNVR,RG,4780,17,D,EP,AK,F
13:32:26,UNVR,RG,4780,1,D,EP,AK,F
13:32:26,UNVR,RG,4780,10,D,EP,AK,F
13:32:26,UNVR,RG,4780,5,D,EP,XC,D
13:32:26,UNVR,RG,4780,30,D,EP,XC,D
13:32:26,UNVR,RG,4780,855,D,EP,AK,F
13:32:26,UNVR,RG,4780,4,D,EP,XC,D
13:32:26,UNVR,RG,4780,1,D,EP,XC,D
13:32:26,UNVR,RG,4780,1,D,EP,XC,D
13:32:26,UNVR,RG,4780,12,D,EP,ZP,F
13:32:26,UNVR,RG,4780,1,D,EP,SQ,D
13:32:26,UNVR,RG,4780,1,D,EP,PD,D
13:32:26,UNVR,RG,4780,1,D,EP,PD,D
13:32:26,UNVR,RG,4780,25,D,EP,PD,D
13:32:26,UNVR,RG,4780,4,D,EP,GR,D
13:32:26,UNVR,RG,4780,4,D,EP,CS,D
13:32:26,UNVR,RG,4780,10,D,EP,PD,D
13:32:26,UNVR,RG,4780,13,D,EP,ZP,F
13:32:16,UNVR,RG,4780,5,F,CS,ZP,F
13:32:04,UNVR,RG,4770,7,D,AI,PD,D
13:32:00,UNVR,RG,4780,17,F,YU,ZP,F
13:32:00,UNVR,RG,4780,21,F,YU,DX,F
13:32:00,UNVR,RG,4780,1,F,YU,NI,D
13:32:00,UNVR,RG,4780,3,F,YU,PD,D
13:32:00,UNVR,RG,4780,1,F,YU,NI,D
13:32:00,UNVR,RG,4780,7,F,YU,XL,D
13:31:56,UNVR,RG,4780,5,F,CS,XL,D
13:31:56,UNVR,RG,4780,2,F,CS,XC,D
13:31:44,UNVR,RG,4780,1,D,YP,XC,D
13:31:44,UNVR,RG,4780,4,D,YP,PD,D
13:31:33,UNVR,RG,4780,1,D,YP,PD,D
13:31:33,UNVR,RG,4780,19,D,YP,DX,F
13:31:33,UNVR,RG,4780,2,D,YP,PD,D
13:31:33,UNVR,RG,4780,4,D,YP,XC,D
13:31:33,UNVR,RG,4780,1,D,YP,PD,D
13:31:33,UNVR,RG,4780,3,D,YP,AZ,D
13:31:33,UNVR,RG,4780,10,D,YP,YJ,D
13:31:25,UNVR,RG,4780,5,F,CS,YJ,D
13:31:25,UNVR,RG,4780,500,D,BB,YJ,D
13:31:03,UNVR,RG,4780,7,F,CS,YJ,D
13:30:52,UNVR,RG,4780,10,D,AZ,YJ,D
13:30:42,UNVR,RG,4780,5,D,XL,YJ,D
13:30:33,UNVR,RG,4780,8,F,CS,YJ,D
13:30:28,UNVR,RG,4780,10,D,XL,YJ,D
13:30:24,UNVR,RG,4770,338,D,AI,AK,F
13:30:18,UNVR,RG,4770,1,D,AI,OD,D
13:30:10,UNVR,RG,4770,5,D,AI,CC,D
13:30:08,UNVR,RG,4770,20,D,AI,CC,D
13:30:07,UNVR,RG,4770,41,D,AI,AK,F
13:30:07,UNVR,RG,4770,2,D,AI,AK,F
13:30:07,UNVR,RG,4770,22,D,AI,AK,F
13:30:07,UNVR,RG,4770,10,D,AI,CC,D
13:30:06,UNVR,RG,4770,2,D,AI,PD,D
13:30:05,UNVR,RG,4770,7,D,AI,AG,F
13:30:05,UNVR,RG,4770,1,D,AI,CC,D
13:30:04,UNVR,RG,4780,5,D,SQ,YJ,D
13:30:04,UNVR,RG,4770,50,D,AI,YP,D
13:30:04,UNVR,RG,4770,32,D,AI,YP,D
13:30:04,UNVR,RG,4770,10,D,AI,XL,D
13:30:04,UNVR,RG,4770,1,D,EP,XL,D
13:30:04,UNVR,RG,4780,10,D,HP,YJ,D
13:30:04,UNVR,RG,4770,3,D,YJ,CC,D
13:30:04,UNVR,RG,4770,17,D,LG,CC,D
13:30:04,UNVR,RG,4770,2,D,LG,CC,D
13:30:04,UNVR,RG,4770,25,D,LG,PD,D
13:30:04,UNVR,RG,4770,3,D,LG,YP,D
13:30:04,UNVR,RG,4770,1,D,LG,XC,D
13:30:04,UNVR,RG,4770,1,D,LG,XC,D
13:30:04,UNVR,RG,4780,1,D,XL,YJ,D
13:30:04,UNVR,RG,4780,11,D,XL,YJ,D
13:30:04,UNVR,RG,4770,3,D,LG,XC,D
13:30:04,UNVR,RG,4770,2,D,LG,XC,D
13:30:04,UNVR,RG,4770,1,D,LG,XC,D
13:30:04,UNVR,RG,4770,2,D,LG,XC,D
13:30:04,UNVR,RG,4770,1,D,LG,XC,D
13:30:03,UNVR,RG,4770,1,D,LG,XC,D
13:30:03,UNVR,RG,4770,2,D,LG,PD,D
13:30:03,UNVR,RG,4770,1,D,LG,XC,D
13:30:03,UNVR,RG,4770,2,D,LG,XC,D
13:30:03,UNVR,RG,4770,36,D,LG,YP,D
13:30:03,UNVR,RG,4770,2,D,CC,YP,D
13:30:03,UNVR,RG,4770,2,D,CC,YP,D
13:30:03,UNVR,RG,4770,155,D,BB,YP,D
13:30:03,UNVR,RG,4770,1,D,BB,YP,D
13:30:03,UNVR,RG,4770,2,D,BB,XC,D
13:30:02,UNVR,RG,4780,30,D,PD,YJ,D
13:30:02,UNVR,RG,4770,2,D,BB,PD,D
13:30:02,UNVR,RG,4770,1,D,BB,PD,D
13:30:02,UNVR,RG,4770,1,D,BB,PD,D
13:30:02,UNVR,RG,4770,7,D,BB,KK,D
13:30:02,UNVR,RG,4770,3,D,BB,LG,D
13:30:02,UNVR,RG,4770,3,D,BB,PD,D
13:30:02,UNVR,RG,4770,13,D,BB,PD,D
13:30:02,UNVR,RG,4770,35,D,BB,KK,D
13:30:02,UNVR,RG,4780,1,D,YP,YJ,D
13:30:02,UNVR,RG,4780,1,D,YP,YJ,D
13:30:01,UNVR,RG,4770,3,D,BB,PD,D
13:30:01,UNVR,RG,4770,2,D,BB,PD,D
13:30:01,UNVR,RG,4770,4,D,BB,PD,D
13:30:01,UNVR,RG,4780,5,D,PD,YJ,D
13:30:01,UNVR,RG,4780,10,D,YP,YJ,D
13:30:01,UNVR,RG,4780,20,D,KK,YJ,D
13:30:01,UNVR,RG,4770,1,D,BB,PD,D
13:30:01,UNVR,RG,4770,1,D,BB,YP,D
13:30:01,UNVR,RG,4780,1,D,PD,YJ,D
13:30:01,UNVR,RG,4770,10,D,BB,AT,D
13:30:01,UNVR,RG,4780,3,D,AZ,YJ,D
13:30:01,UNVR,RG,4780,21,D,PD,YJ,D
13:30:01,UNVR,RG,4770,50,D,BB,EP,D
13:30:01,UNVR,RG,4770,100,D,BB,PD,D
13:30:01,UNVR,RG,4770,5,D,BB,TP,D
13:30:01,UNVR,RG,4770,2,D,BB,KK,D
13:30:01,UNVR,RG,4780,5,D,MG,YJ,D
13:30:01,UNVR,RG,4770,15,D,BB,PD,D
13:30:01,UNVR,RG,4780,7,D,AO,YJ,D
11:29:36,UNVR,RG,4770,84,D,BB,ZP,F
11:29:35,UNVR,RG,4770,4,D,XL,ZP,F
11:29:34,UNVR,RG,4770,1,F,ZP,ZP,F
11:29:32,UNVR,RG,4770,6,F,ZP,ZP,F
11:29:32,UNVR,RG,4770,1,F,ZP,ZP,F
11:29:31,UNVR,RG,4770,47,F,ZP,ZP,F
11:29:31,UNVR,RG,4770,3,D,CC,ZP,F
11:29:30,UNVR,RG,4770,1,F,CS,ZP,F
11:29:30,UNVR,RG,4780,1,F,CS,YJ,D
11:29:30,UNVR,RG,4770,2,F,CS,ZP,F
11:29:29,UNVR,RG,4770,10,D,MG,ZP,F
11:29:29,UNVR,RG,4770,3,D,MG,CS,D
11:29:29,UNVR,RG,4770,3,D,MG,CS,D
11:29:29,UNVR,RG,4770,51,D,MG,XL,D
11:29:29,UNVR,RG,4770,1,D,MG,AK,F
11:29:29,UNVR,RG,4770,6,D,MG,XC,D
11:29:29,UNVR,RG,4770,15,D,MG,DX,F
11:29:29,UNVR,RG,4770,1,D,MG,AK,F
11:29:29,UNVR,RG,4770,7,D,MG,XC,D
11:29:29,UNVR,RG,4770,3,D,MG,CS,D
11:29:29,UNVR,RG,4770,2,D,MG,CS,D
11:29:29,UNVR,RG,4770,22,D,MG,DX,F
11:29:29,UNVR,RG,4770,10,D,MG,PD,D
11:29:29,UNVR,RG,4770,21,D,MG,DX,F
11:29:29,UNVR,RG,4770,131,D,MG,AK,F
11:29:29,UNVR,RG,4770,12,D,MG,ZP,F
11:29:29,UNVR,RG,4770,58,D,MG,ZP,F
11:29:28,UNVR,RG,4770,1,F,ZP,ZP,F
11:29:28,UNVR,RG,4770,1,D,XC,ZP,F
11:29:28,UNVR,RG,4770,10,D,NI,ZP,F
11:29:25,UNVR,RG,4770,1,F,ZP,ZP,F
11:29:25,UNVR,RG,4770,3,F,ZP,ZP,F
11:29:20,UNVR,RG,4770,4,F,ZP,ZP,F
11:29:14,UNVR,RG,4770,1,D,YP,ZP,F
11:29:10,UNVR,RG,4770,1,F,ZP,ZP,F
11:29:10,UNVR,RG,4770,4,D,YP,ZP,F
11:29:09,UNVR,RG,4770,1,F,ZP,ZP,F
11:29:05,UNVR,RG,4770,6,F,ZP,ZP,F
11:29:05,UNVR,RG,4770,49,D,MG,ZP,F
11:28:46,UNVR,RG,4770,1,F,ZP,ZP,F
11:28:46,UNVR,RG,4760,3,D,YP,AK,F
11:28:31,UNVR,RG,4760,1,D,YP,AK,F
11:28:28,UNVR,RG,4770,1,F,CS,ZP,F
11:28:18,UNVR,RG,4770,2,F,ZP,ZP,F
11:28:17,UNVR,RG,4770,1,F,ZP,ZP,F
11:28:17,UNVR,RG,4770,11,D,NI,ZP,F
11:28:17,UNVR,RG,4770,2,D,NI,ZP,F
11:28:15,UNVR,RG,4760,9,D,YP,AK,F
11:28:15,UNVR,RG,4760,1,D,YP,AK,F
11:28:04,UNVR,RG,4770,1,F,ZP,ZP,F
11:28:02,UNVR,RG,4770,2,D,YP,ZP,F
11:28:00,UNVR,RG,4760,1,D,YP,AK,F
11:27:56,UNVR,RG,4770,3,F,ZP,ZP,F
11:27:55,UNVR,RG,4770,1,F,ZP,ZP,F
11:27:54,UNVR,RG,4770,24,F,ZP,ZP,F
11:27:54,UNVR,RG,4770,2,F,ZP,ZP,F
11:27:53,UNVR,RG,4770,188,D,YP,ZP,F
11:27:49,UNVR,RG,4770,1,F,ZP,ZP,F
11:27:48,UNVR,RG,4770,5,D,CC,ZP,F
11:27:40,UNVR,RG,4770,1,F,CS,ZP,F
11:27:31,UNVR,RG,4770,1,F,ZP,ZP,F
11:27:31,UNVR,RG,4760,4,D,YP,AK,F
11:27:18,UNVR,RG,4770,3,F,ZP,ZP,F
11:27:17,UNVR,RG,4770,1,D,DH,ZP,F
11:27:16,UNVR,RG,4760,1,D,YP,AK,F
11:27:13,UNVR,RG,4770,1,F,ZP,ZP,F
11:27:12,UNVR,RG,4770,1,F,ZP,ZP,F
11:27:11,UNVR,RG,4770,6,D,YP,ZP,F
11:27:09,UNVR,RG,4770,3,D,DH,ZP,F
11:27:01,UNVR,RG,4760,4,D,YP,XL,D
11:26:49,UNVR,RG,4770,1,F,ZP,ZP,F
11:26:47,UNVR,RG,4770,1,D,LG,ZP,F
11:26:46,UNVR,RG,4770,1,F,ZP,ZP,F
11:26:45,UNVR,RG,4760,9,D,YP,AK,F
11:26:35,UNVR,RG,4770,2,F,ZP,ZP,F
11:26:35,UNVR,RG,4770,1,D,YP,ZP,F
11:26:33,UNVR,RG,4770,14,F,ZP,ZP,F
11:26:32,UNVR,RG,4770,1,F,CS,ZP,F
11:26:32,UNVR,RG,4770,104,D,OD,ZP,F
11:26:31,UNVR,RG,4770,1,F,ZP,ZP,F
11:26:31,UNVR,RG,4770,5,D,YP,ZP,F
11:26:30,UNVR,RG,4760,2,D,YP,AK,F
11:26:19,UNVR,RG,4770,2,D,PD,ZP,F
11:26:14,UNVR,RG,4770,1,F,ZP,ZP,F
11:26:13,UNVR,RG,4760,3,D,YP,XC,D
11:26:10,UNVR,RG,4770,2,D,ZP,ZP,F
11:26:03,UNVR,RG,4770,1,F,ZP,ZP,F
11:26:01,UNVR,RG,4760,5,D,YP,AK,F
11:25:59,UNVR,RG,4770,2,F,ZP,ZP,F
11:25:59,UNVR,RG,4770,2,F,ZP,ZP,F
11:25:57,UNVR,RG,4770,13,F,ZP,ZP,F
11:25:56,UNVR,RG,4770,3,D,EP,ZP,F
11:25:56,UNVR,RG,4770,4,D,EP,CS,D
11:25:56,UNVR,RG,4770,93,D,EP,YP,D
11:25:46,UNVR,RG,4760,1,D,YP,AK,F
11:25:22,UNVR,RG,4770,2,F,ZP,YP,D
11:25:21,UNVR,RG,4770,12,F,ZP,YP,D
11:25:19,UNVR,RG,4770,1,D,XC,YP,D
11:25:10,UNVR,RG,4770,1,D,OD,YP,D
11:25:04,UNVR,RG,4770,2,F,ZP,YP,D
11:25:00,UNVR,RG,4760,10,D,YP,AK,F
11:24:38,UNVR,RG,4770,2,F,ZP,YP,D
11:24:38,UNVR,RG,4770,4,F,ZP,YP,D
11:24:37,UNVR,RG,4770,11,F,ZP,YP,D
11:24:37,UNVR,RG,4770,33,F,ZP,YP,D
11:24:36,UNVR,RG,4770,61,F,ZP,YP,D
11:24:36,UNVR,RG,4770,23,F,ZP,YP,D
11:24:35,UNVR,RG,4770,1,D,XC,YP,D
11:24:35,UNVR,RG,4770,1,F,ZP,YP,D
11:24:35,UNVR,RG,4770,1,D,XC,YP,D
11:24:35,UNVR,RG,4770,1,D,XC,YP,D
11:24:35,UNVR,RG,4770,1,D,XC,YP,D
11:24:35,UNVR,RG,4770,1,D,XC,YP,D
11:24:35,UNVR,RG,4770,10,D,EP,YP,D
11:24:35,UNVR,RG,4770,1,D,NI,YP,D
11:24:35,UNVR,RG,4770,30,D,YP,YP,D
11:24:35,UNVR,RG,4770,1,D,XC,YP,D
11:24:35,UNVR,RG,4770,5,D,CC,YP,D
11:24:35,UNVR,RG,4770,1,D,XC,YP,D
11:24:35,UNVR,RG,4770,3,D,XC,YP,D
11:24:35,UNVR,RG,4770,131,D,BB,YP,D
11:24:35,UNVR,RG,4770,16,F,YU,YP,D
11:24:35,UNVR,RG,4770,5,D,PD,YP,D
11:24:35,UNVR,RG,4770,7,D,YP,YP,D
11:24:35,UNVR,RG,4770,12,F,ZP,YP,D
11:24:35,UNVR,RG,4770,5,D,YP,YP,D
11:24:35,UNVR,RG,4770,4,D,CC,YP,D
11:24:35,UNVR,RG,4770,3,F,CS,YP,D
11:24:35,UNVR,RG,4770,15,D,CC,YP,D
11:24:30,UNVR,RG,4770,4,D,CC,AK,F
11:23:49,UNVR,RG,4770,1,D,CC,XC,D
11:23:31,UNVR,RG,4770,1,D,XC,AK,F
11:23:09,UNVR,RG,4780,1,D,XL,AK,F
11:23:05,UNVR,RG,4780,15,D,CC,AK,F
11:23:00,UNVR,RG,4770,5,D,PD,AK,F
11:23:00,UNVR,RG,4770,4,F,AK,AK,F
11:22:39,UNVR,RG,4780,3,F,CS,AK,F
11:22:11,UNVR,RG,4780,1,D,NI,AK,F
11:22:03,UNVR,RG,4770,5,F,AK,EP,D
11:22:00,UNVR,RG,4780,7,D,CC,AK,F
11:22:00,UNVR,RG,4770,6,F,AK,AK,F
11:21:56,UNVR,RG,4780,2,D,ZP,AK,F
11:21:00,UNVR,RG,4770,10,F,AK,NI,D
11:21:00,UNVR,RG,4770,90,D,YP,NI,D
11:20:41,UNVR,RG,4780,11,D,XL,AK,F
11:19:49,UNVR,RG,4780,26,D,EP,AK,F
11:19:00,UNVR,RG,4780,6,D,CC,AK,F
11:18:42,UNVR,RG,4770,10,D,YP,YP,D
11:18:42,UNVR,RG,4770,1,D,CC,YP,D
11:18:42,UNVR,RG,4770,19,D,AT,YP,D
11:18:34,UNVR,RG,4780,2,D,SQ,CS,D
11:18:34,UNVR,RG,4780,3,D,SQ,AK,F
11:17:57,UNVR,RG,4780,1,D,XL,AK,F
11:17:37,UNVR,RG,4780,1,D,XC,AK,F
11:17:20,UNVR,RG,4780,19,F,AK,AK,F
11:17:20,UNVR,RG,4770,55,D,AT,YP,D
11:17:20,UNVR,RG,4770,4,D,LG,YP,D
11:17:20,UNVR,RG,4770,1,F,ZP,YP,D
11:17:20,UNVR,RG,4770,10,D,SQ,YP,D
11:17:20,UNVR,RG,4770,1,D,XC,YP,D
11:17:20,UNVR,RG,4770,1,D,YP,YP,D
11:17:20,UNVR,RG,4770,1,D,CC,YP,D
11:17:20,UNVR,RG,4770,13,D,DH,YP,D
11:16:54,UNVR,RG,4780,2,D,XC,AK,F
11:16:47,UNVR,RG,4770,6,D,DH,BS,D
11:16:47,UNVR,RG,4770,12,D,EP,BS,D
11:16:47,UNVR,RG,4770,1,D,YP,BS,D
11:16:47,UNVR,RG,4770,41,D,BB,BS,D
11:16:47,UNVR,RG,4770,21,F,YU,BS,D
11:16:47,UNVR,RG,4770,1,D,PD,BS,D
11:16:47,UNVR,RG,4770,5,D,KK,BS,D
11:16:47,UNVR,RG,4770,9,D,ZP,BS,D
11:16:47,UNVR,RG,4770,1,D,PD,BS,D
11:16:47,UNVR,RG,4770,1,D,XC,BS,D
11:16:47,UNVR,RG,4770,3,D,EP,BS,D
11:16:47,UNVR,RG,4770,20,D,YP,BS,D
11:16:47,UNVR,RG,4770,1,F,AK,BS,D
11:16:47,UNVR,RG,4770,3,F,AK,BS,D
11:16:47,UNVR,RG,4770,4,F,ZP,BS,D
11:16:47,UNVR,RG,4770,1,D,KK,BS,D
11:16:47,UNVR,RG,4770,10,D,XC,BS,D
11:16:47,UNVR,RG,4770,10,D,NI,BS,D
11:16:47,UNVR,RG,4770,2,D,KK,BS,D
11:16:47,UNVR,RG,4770,2,F,CS,BS,D
11:16:47,UNVR,RG,4770,54,D,YP,BS,D
11:16:45,UNVR,RG,4770,10,D,YP,PD,D
11:16:45,UNVR,RG,4780,3,F,CS,AK,F
11:16:39,UNVR,RG,4780,2,D,PD,AK,F
11:16:22,UNVR,RG,4780,1,D,YP,AK,F
11:16:09,UNVR,RG,4780,1,D,EP,AK,F
11:16:00,UNVR,RG,4780,5,D,CC,AK,F
11:15:15,UNVR,RG,4780,1,D,PD,AK,F
11:14:55,UNVR,RG,4780,20,D,AZ,AK,F
11:14:55,UNVR,RG,4780,1,D,AZ,XC,D
11:14:55,UNVR,RG,4780,20,D,AZ,DX,F
11:14:55,UNVR,RG,4780,200,D,AZ,PD,D
11:14:55,UNVR,RG,4780,5,D,AZ,OD,D
11:14:55,UNVR,RG,4780,150,D,AZ,AZ,D
11:14:55,UNVR,RG,4780,5,D,AZ,CC,D
11:14:55,UNVR,RG,4780,5,D,AZ,XC,D
11:14:55,UNVR,RG,4780,5,D,AZ,GR,D
11:14:55,UNVR,RG,4780,9,D,AZ,AK,F
11:14:55,UNVR,RG,4780,200,D,AZ,YP,D
11:14:55,UNVR,RG,4780,1,D,AZ,DH,D
11:14:55,UNVR,RG,4780,1,D,AZ,KK,D
11:14:55,UNVR,RG,4780,1,D,AZ,PD,D
11:14:55,UNVR,RG,4780,9,D,AZ,AK,F
11:14:55,UNVR,RG,4780,5,D,AZ,AK,F
11:14:55,UNVR,RG,4780,13,D,AZ,CC,D
11:14:55,UNVR,RG,4780,3,D,AZ,XC,D
11:14:55,UNVR,RG,4780,5,D,AZ,AK,F
11:14:55,UNVR,RG,4780,9,D,AZ,AK,F
11:14:55,UNVR,RG,4780,5,D,AZ,SQ,D
11:14:55,UNVR,RG,4780,1,D,AZ,YP,D
11:14:55,UNVR,RG,4780,3,D,AZ,PD,D
11:14:55,UNVR,RG,4780,313,D,AZ,YJ,D
11:14:55,UNVR,RG,4780,1,D,AZ,XC,D
11:14:55,UNVR,RG,4780,10,D,AZ,ZP,F
11:14:48,UNVR,RG,4780,7,D,BB,ZP,F
11:14:48,UNVR,RG,4780,2,D,BB,YP,D
11:14:48,UNVR,RG,4780,24,D,BB,DH,D
11:14:44,UNVR,RG,4770,1,D,YP,XC,D
11:14:26,UNVR,RG,4770,1,D,YP,BQ,D
11:14:04,UNVR,RG,4770,10,D,YP,YP,D
11:13:44,UNVR,RG,4770,3,D,YP,YP,D
11:13:31,UNVR,RG,4770,1,D,YP,XC,D
11:13:31,UNVR,RG,4780,5,D,XL,DH,D
11:13:19,UNVR,RG,4770,10,D,YP,CC,D
11:12:43,UNVR,RG,4770,1,D,YP,XC,D
11:12:35,UNVR,RG,4770,9,D,YP,AK,F
11:12:35,UNVR,RG,4770,4,D,CC,AK,F
11:12:35,UNVR,RG,4770,1,D,KK,AK,F
11:12:35,UNVR,RG,4770,1,F,ZP,AK,F
11:12:35,UNVR,RG,4770,2,D,XC,AK,F
11:12:35,UNVR,RG,4770,1,D,PD,AK,F
11:12:35,UNVR,RG,4770,1,F,AK,AK,F
11:12:20,UNVR,RG,4780,21,D,EP,DH,D
11:12:20,UNVR,RG,4780,10,D,EP,YP,D
11:11:16,UNVR,RG,4770,4,F,AK,PD,D
11:11:11,UNVR,RG,4770,1,F,ZP,PD,D
11:10:50,UNVR,RG,4770,15,F,ZP,DX,F
11:10:49,UNVR,RG,4770,4,F,ZP,DX,F
11:10:49,UNVR,RG,4770,3,F,ZP,CS,D
11:10:49,UNVR,RG,4770,13,F,ZP,PD,D
11:10:48,UNVR,RG,4770,5,F,ZP,PD,D
11:10:48,UNVR,RG,4770,1,F,AK,PD,D
11:10:48,UNVR,RG,4770,1,D,XC,PD,D
11:10:48,UNVR,RG,4770,5,F,ZP,PD,D
11:10:48,UNVR,RG,4770,6,D,CC,PD,D
11:10:48,UNVR,RG,4770,7,D,KK,PD,D
11:10:48,UNVR,RG,4770,3,F,CS,PD,D
11:10:48,UNVR,RG,4770,1,D,CC,PD,D
11:10:48,UNVR,RG,4770,10,D,YP,PD,D
11:10:48,UNVR,RG,4770,1,D,XC,PD,D
11:10:48,UNVR,RG,4770,1,F,AK,PD,D
11:10:48,UNVR,RG,4770,100,D,YP,PD,D
11:10:48,UNVR,RG,4770,5,D,PD,PD,D
11:10:48,UNVR,RG,4770,1,D,XC,PD,D
11:10:48,UNVR,RG,4770,13,D,BB,PD,D
11:10:48,UNVR,RG,4770,7,F,AK,PD,D
11:10:48,UNVR,RG,4770,20,F,ZP,PD,D
11:10:31,UNVR,RG,4780,10,D,BB,YP,D
11:10:31,UNVR,RG,4780,11,D,BB,XC,D
11:10:31,UNVR,RG,4780,1,D,BB,KK,D
11:10:31,UNVR,RG,4780,7,D,BB,PD,D
11:10:31,UNVR,RG,4780,5,D,BB,DX,F
11:09:41,UNVR,RG,4770,1,F,ZP,XC,D
11:09:36,UNVR,RG,4770,26,F,ZP,PD,D
11:09:00,UNVR,RG,4780,8,D,BB,DX,F
11:08:49,UNVR,RG,4770,5,F,ZP,AK,F
11:08:49,UNVR,RG,4770,1,F,ZP,AK,F
11:08:49,UNVR,RG,4770,1,F,ZP,AK,F
11:08:49,UNVR,RG,4770,5,F,ZP,AK,F
11:08:49,UNVR,RG,4770,5,F,ZP,AK,F
11:08:49,UNVR,RG,4770,4,F,ZP,AK,F
11:08:48,UNVR,RG,4770,1,F,ZP,AK,F
11:08:48,UNVR,RG,4770,50,F,ZP,AK,F
11:08:47,UNVR,RG,4770,2,F,ZP,AK,F
11:08:47,UNVR,RG,4770,1,F,ZP,AK,F
11:08:47,UNVR,RG,4770,5,F,ZP,AK,F
11:08:47,UNVR,RG,4770,107,F,ZP,AK,F
11:08:47,UNVR,RG,4770,100,F,ZP,AK,F
11:08:47,UNVR,RG,4770,162,F,ZP,AK,F
11:08:47,UNVR,RG,4770,108,F,ZP,AK,F
11:08:46,UNVR,RG,4770,1,F,ZP,AK,F
11:08:46,UNVR,RG,4770,1,F,ZP,AK,F
11:08:46,UNVR,RG,4770,26,F,ZP,PD,D
11:08:45,UNVR,RG,4770,10,D,XC,PD,D
11:08:45,UNVR,RG,4770,1,F,ZP,PD,D
11:08:45,UNVR,RG,4770,1,D,XC,PD,D
11:08:45,UNVR,RG,4770,10,D,YP,PD,D
11:08:45,UNVR,RG,4770,10,D,BB,PD,D
11:08:45,UNVR,RG,4770,7,F,AK,PD,D
11:08:45,UNVR,RG,4770,3,F,ZP,PD,D
11:08:45,UNVR,RG,4770,2,F,ZP,PD,D
11:08:45,UNVR,RG,4770,30,F,ZP,PD,D
11:08:32,UNVR,RG,4770,1,F,ZP,XC,D
11:08:04,UNVR,RG,4770,288,F,ZP,ZP,F
11:08:04,UNVR,RG,4770,3,F,ZP,CS,D
11:08:04,UNVR,RG,4770,1,F,ZP,CS,D
11:08:04,UNVR,RG,4770,321,F,ZP,YP,D
11:08:03,UNVR,RG,4770,15,D,BB,YP,D
11:08:03,UNVR,RG,4770,1,D,LG,YP,D
11:08:03,UNVR,RG,4770,1,F,AK,YP,D
11:08:03,UNVR,RG,4770,80,D,YP,YP,D
11:08:03,UNVR,RG,4770,1,D,XL,YP,D
11:08:03,UNVR,RG,4770,5,D,CC,YP,D
11:08:03,UNVR,RG,4770,10,D,YP,YP,D
11:08:03,UNVR,RG,4770,1,D,XC,YP,D
11:08:03,UNVR,RG,4770,6,D,PD,YP,D
11:08:03,UNVR,RG,4770,10,D,XC,YP,D
11:08:03,UNVR,RG,4770,10,D,CC,YP,D
11:08:03,UNVR,RG,4770,5,D,ZP,YP,D
11:08:03,UNVR,RG,4770,8,D,YP,YP,D
11:08:03,UNVR,RG,4770,1,F,ZP,YP,D
11:08:03,UNVR,RG,4770,2,F,CS,YP,D
11:08:03,UNVR,RG,4770,3,D,XC,YP,D
11:08:02,UNVR,RG,4780,1,D,XC,DX,F
11:08:02,UNVR,RG,4780,1,D,XC,KK,D
11:08:01,UNVR,RG,4780,1,D,BB,AT,D
11:08:01,UNVR,RG,4780,4,D,BB,YP,D
11:08:01,UNVR,RG,4780,2,D,BB,XC,D
11:08:01,UNVR,RG,4780,4,D,BB,XL,D
11:08:01,UNVR,RG,4780,11,D,BB,XL,D
11:08:01,UNVR,RG,4780,8,D,BB,OD,D
11:07:44,UNVR,RG,4780,1,D,PD,OD,D
11:07:07,UNVR,RG,4780,6,D,BB,OD,D
11:07:07,UNVR,RG,4780,20,D,BB,XL,D
11:07:07,UNVR,RG,4780,1,D,BB,PD,D
11:07:07,UNVR,RG,4780,6,D,BB,ZP,D
11:07:07,UNVR,RG,4770,3,D,XC,PD,D
11:06:42,UNVR,RG,4770,4,D,XC,DR,D
11:06:42,UNVR,RG,4770,1,F,ZP,DR,D
11:06:36,UNVR,RG,4770,61,F,ZP,AK,F
11:06:35,UNVR,RG,4770,1,F,ZP,AK,F
11:06:35,UNVR,RG,4770,486,F,ZP,BK,F
11:06:34,UNVR,RG,4770,6,F,ZP,BK,F
11:06:34,UNVR,RG,4770,138,F,ZP,CP,D
11:06:33,UNVR,RG,4770,5,D,YP,CP,D
11:06:32,UNVR,RG,4770,1,F,ZP,CP,D
11:06:32,UNVR,RG,4770,1,F,ZP,CP,D
11:06:21,UNVR,RG,4780,1,D,XC,ZP,D
11:06:19,UNVR,RG,4770,1,F,ZP,BK,F
11:06:16,UNVR,RG,4770,7,F,ZP,CC,D
11:06:15,UNVR,RG,4770,2,D,YP,CC,D
11:06:15,UNVR,RG,4770,1,D,CC,CC,D
11:06:15,UNVR,RG,4770,4,D,KK,CC,D
11:06:15,UNVR,RG,4770,1,F,ZP,CC,D
11:06:15,UNVR,RG,4770,1,F,ZP,CC,D
11:06:08,UNVR,RG,4780,32,D,BB,ZP,D
11:05:58,UNVR,RG,4770,1,F,ZP,BK,F
11:05:58,UNVR,RG,4770,3,D,YP,BK,F
11:05:54,UNVR,RG,4770,1,F,ZP,CC,D
11:05:50,UNVR,RG,4770,1,F,ZP,BK,F
11:05:47,UNVR,RG,4770,9,F,ZP,YP,D
11:05:46,UNVR,RG,4770,1,F,ZP,YP,D
11:05:43,UNVR,RG,4770,10,D,KK,BK,F
11:05:43,UNVR,RG,4770,1,F,ZP,BK,F
11:05:43,UNVR,RG,4770,1,F,ZP,BK,F
11:05:34,UNVR,RG,4770,3,F,ZP,HP,D
11:05:29,UNVR,RG,4770,3,F,ZP,HP,D
11:05:29,UNVR,RG,4770,1,F,ZP,HP,D
11:05:27,UNVR,RG,4770,1,F,ZP,BK,F
11:05:27,UNVR,RG,4770,3,D,DR,BK,F
11:05:21,UNVR,RG,4770,1,F,ZP,BK,F
11:05:21,UNVR,RG,4770,91,D,IF,BK,F
11:05:16,UNVR,RG,4770,9,D,IF,AZ,D
11:05:11,UNVR,RG,4780,31,D,BB,ZP,D
11:05:05,UNVR,RG,4770,1,F,ZP,BK,F
11:04:56,UNVR,RG,4770,5,F,ZP,BK,F
11:04:56,UNVR,RG,4770,1,F,ZP,BK,F
11:04:48,UNVR,RG,4770,1,F,ZP,BK,F
11:04:38,UNVR,RG,4770,2,D,YP,BK,F
11:04:38,UNVR,RG,4770,1,F,ZP,BK,F
11:04:31,UNVR,RG,4770,5,D,CC,BK,F
11:04:31,UNVR,RG,4770,3,F,CS,BK,F
11:04:31,UNVR,RG,4770,56,F,ZP,BK,F
11:04:24,UNVR,RG,4770,2,F,ZP,CS,D
11:04:24,UNVR,RG,4770,2,F,ZP,CS,D
11:04:24,UNVR,RG,4770,1,F,ZP,CS,D
11:04:24,UNVR,RG,4770,1,F,ZP,CS,D
11:04:24,UNVR,RG,4770,15,F,ZP,DX,F
11:04:24,UNVR,RG,4770,2,F,ZP,CS,D
11:04:24,UNVR,RG,4770,10,F,ZP,ZP,F
11:04:23,UNVR,RG,4770,2,F,ZP,ZP,F
11:04:23,UNVR,RG,4770,19,F,ZP,HP,D
11:04:22,UNVR,RG,4770,1,F,ZP,HP,D
11:04:21,UNVR,RG,4770,1,F,ZP,BK,F
11:04:15,UNVR,RG,4770,5,D,SQ,YU,D
11:04:15,UNVR,RG,4770,1,F,ZP,YU,D
11:04:15,UNVR,RG,4770,6,D,YU,YU,D
11:03:51,UNVR,RG,4770,1,D,YU,PD,D
11:03:48,UNVR,RG,4770,2,D,YU,AT,D
11:03:30,UNVR,RG,4770,1,D,YU,CC,D
11:03:12,UNVR,RG,4770,1,F,ZP,BK,F
11:03:11,UNVR,RG,4770,38,F,ZP,BK,F
11:03:11,UNVR,RG,4770,1,F,ZP,CS,D
11:03:11,UNVR,RG,4770,46,F,ZP,AK,F
11:03:11,UNVR,RG,4770,1,F,ZP,CS,D
11:03:10,UNVR,RG,4770,1,F,ZP,CS,D
11:03:10,UNVR,RG,4770,36,F,ZP,DX,F
11:03:09,UNVR,RG,4770,1,F,ZP,DX,F
11:03:08,UNVR,RG,4750,568,D,AT,KK,D
11:03:08,UNVR,RG,4750,10,D,CC,KK,D
11:03:08,UNVR,RG,4750,5,D,PD,KK,D
11:03:08,UNVR,RG,4750,1,D,XL,KK,D
11:03:08,UNVR,RG,4750,2,D,NI,KK,D
11:03:08,UNVR,RG,4750,10,D,GR,KK,D
11:03:08,UNVR,RG,4750,10,D,CC,KK,D
11:03:08,UNVR,RG,4750,50,D,PD,KK,D
11:03:08,UNVR,RG,4750,3,D,KK,KK,D
11:03:08,UNVR,RG,4750,30,D,PD,KK,D
11:03:08,UNVR,RG,4750,1,D,CC,KK,D
11:03:08,UNVR,RG,4750,20,D,PD,KK,D
11:03:08,UNVR,RG,4750,5,D,IP,KK,D
11:03:08,UNVR,RG,4750,5,D,CC,KK,D
11:03:08,UNVR,RG,4750,1,D,YP,KK,D
11:03:08,UNVR,RG,4750,100,D,IF,KK,D
11:03:08,UNVR,RG,4750,10,D,PD,KK,D
11:03:08,UNVR,RG,4750,2,D,YP,KK,D
11:03:08,UNVR,RG,4750,10,D,NI,KK,D
11:03:08,UNVR,RG,4750,20,D,BQ,KK,D
11:03:08,UNVR,RG,4750,1,D,PD,KK,D
11:03:08,UNVR,RG,4750,200,D,AI,KK,D
11:03:08,UNVR,RG,4750,1,D,PD,KK,D
11:03:08,UNVR,RG,4750,1,D,EP,KK,D
11:03:08,UNVR,RG,4750,1,D,YB,KK,D
11:03:08,UNVR,RG,4750,9,D,CC,KK,D
11:03:08,UNVR,RG,4750,10,D,KK,KK,D
11:03:08,UNVR,RG,4750,3,D,PD,KK,D
11:03:08,UNVR,RG,4750,1,D,XC,KK,D
11:03:08,UNVR,RG,4750,2,D,SQ,KK,D
11:03:08,UNVR,RG,4750,1,D,PD,KK,D
11:03:08,UNVR,RG,4750,200,D,CC,KK,D
11:03:08,UNVR,RG,4750,100,D,YP,KK,D
11:03:08,UNVR,RG,4750,1,D,YP,KK,D
11:03:08,UNVR,RG,4750,10,D,CP,KK,D
11:03:08,UNVR,RG,4750,10,D,PD,KK,D
11:03:08,UNVR,RG,4750,10,D,XC,KK,D
11:03:08,UNVR,RG,4750,5,D,YU,KK,D
11:03:08,UNVR,RG,4750,2,D,DH,KK,D
11:03:08,UNVR,RG,4750,1,D,PD,KK,D
11:03:08,UNVR,RG,4750,1,D,BQ,KK,D
11:03:08,UNVR,RG,4750,11,D,DR,KK,D
11:03:08,UNVR,RG,4750,11,D,DH,KK,D
11:03:08,UNVR,RG,4750,3,D,XC,KK,D
11:03:08,UNVR,RG,4750,1,D,YP,KK,D
11:03:08,UNVR,RG,4750,50,D,YU,KK,D
11:03:08,UNVR,RG,4750,20,D,ZP,KK,D
11:03:08,UNVR,RG,4750,2,D,NI,KK,D
11:03:08,UNVR,RG,4750,50,D,CP,KK,D
11:03:08,UNVR,RG,4750,1,D,XL,KK,D
11:03:08,UNVR,RG,4750,3,D,GR,KK,D
11:03:08,UNVR,RG,4750,5,D,KK,KK,D
11:03:08,UNVR,RG,4750,10,D,PD,KK,D
11:03:08,UNVR,RG,4750,25,D,NI,KK,D
11:03:08,UNVR,RG,4750,10,D,YP,KK,D
11:03:08,UNVR,RG,4750,30,D,KI,KK,D
11:03:08,UNVR,RG,4750,15,D,YP,KK,D
11:03:08,UNVR,RG,4750,2,D,CC,KK,D
11:03:08,UNVR,RG,4750,25,D,YP,KK,D
11:03:08,UNVR,RG,4750,100,D,YP,KK,D
11:03:08,UNVR,RG,4750,1,D,XL,KK,D
11:03:08,UNVR,RG,4750,4,D,XC,KK,D
11:03:08,UNVR,RG,4750,25,D,SQ,KK,D
11:03:08,UNVR,RG,4750,5,D,PD,KK,D
11:03:08,UNVR,RG,4750,6,D,AZ,KK,D
11:03:08,UNVR,RG,4750,2,D,CC,KK,D
11:03:08,UNVR,RG,4750,672,D,CD,KK,D
11:03:08,UNVR,RG,4760,81,D,BB,KK,D
11:03:08,UNVR,RG,4760,17,F,YU,KK,D
11:03:08,UNVR,RG,4760,1,D,EP,KK,D
11:03:08,UNVR,RG,4760,5,D,PD,KK,D
11:03:08,UNVR,RG,4760,1,D,XC,KK,D
11:03:08,UNVR,RG,4760,1,D,CC,KK,D
11:03:08,UNVR,RG,4760,500,D,GR,KK,D
11:03:08,UNVR,RG,4760,10,D,YP,KK,D
11:03:08,UNVR,RG,4760,7,D,GR,KK,D
11:03:08,UNVR,RG,4760,55,D,YP,KK,D
11:03:08,UNVR,RG,4760,200,D,PD,KK,D
11:03:08,UNVR,RG,4760,5,D,XC,KK,D
11:03:08,UNVR,RG,4760,1000,D,AT,KK,D
11:03:08,UNVR,RG,4760,2,D,CC,KK,D
11:03:08,UNVR,RG,4760,1,D,GR,KK,D
11:03:08,UNVR,RG,4760,10,D,PD,KK,D
11:03:08,UNVR,RG,4760,262,D,YP,KK,D
11:03:08,UNVR,RG,4760,1,D,CC,KK,D
11:03:08,UNVR,RG,4760,1,D,XC,KK,D
11:03:08,UNVR,RG,4760,10,D,DR,KK,D
11:03:08,UNVR,RG,4760,2,F,ZP,KK,D
11:03:08,UNVR,RG,4760,10,D,CC,KK,D
11:03:08,UNVR,RG,4760,2,F,ZP,KK,D
11:03:08,UNVR,RG,4760,2,D,XC,KK,D
11:03:08,UNVR,RG,4760,1,D,KK,KK,D
11:03:08,UNVR,RG,4760,3,D,PD,KK,D
11:03:08,UNVR,RG,4760,5,D,YP,KK,D
11:03:08,UNVR,RG,4760,100,D,YP,KK,D
11:03:08,UNVR,RG,4760,15,D,IF,KK,D
11:03:08,UNVR,RG,4760,2,D,SQ,KK,D
11:03:08,UNVR,RG,4760,5,D,XC,KK,D
11:03:08,UNVR,RG,4760,200,D,DR,KK,D
11:03:08,UNVR,RG,4760,3,D,XC,KK,D
11:03:08,UNVR,RG,4760,30,D,NI,KK,D
11:03:08,UNVR,RG,4760,2,D,YP,KK,D
11:03:08,UNVR,RG,4760,1,D,XL,KK,D
11:03:08,UNVR,RG,4760,1,D,NI,KK,D
11:03:08,UNVR,RG,4760,2,D,YP,KK,D
11:03:08,UNVR,RG,4760,1,D,XC,KK,D
11:03:08,UNVR,RG,4760,1,D,GR,KK,D
11:03:08,UNVR,RG,4760,10,D,YP,KK,D
11:03:08,UNVR,RG,4760,8,D,EP,KK,D
11:03:08,UNVR,RG,4760,3,D,SQ,KK,D
11:03:08,UNVR,RG,4760,1,D,YP,KK,D
11:03:08,UNVR,RG,4760,10,D,YP,KK,D
11:03:08,UNVR,RG,4760,50,D,CC,KK,D
11:03:08,UNVR,RG,4760,2,D,YP,KK,D
11:03:08,UNVR,RG,4760,1,D,NI,KK,D
11:03:08,UNVR,RG,4760,5,D,YP,KK,D
11:03:08,UNVR,RG,4760,2,D,HP,KK,D
11:03:08,UNVR,RG,4760,10,D,CC,KK,D
11:03:08,UNVR,RG,4760,2,D,PD,KK,D
11:03:08,UNVR,RG,4760,8,D,CC,KK,D
11:03:08,UNVR,RG,4760,687,D,YJ,KK,D
11:03:08,UNVR,RG,4770,5,D,SQ,KK,D
11:03:08,UNVR,RG,4770,56,D,BB,KK,D
11:03:08,UNVR,RG,4770,1,F,ZP,KK,D
11:03:08,UNVR,RG,4770,1,D,XC,KK,D
11:03:08,UNVR,RG,4770,10,D,YU,KK,D
11:03:08,UNVR,RG,4770,4,D,CC,KK,D
11:03:08,UNVR,RG,4770,5,D,CC,KK,D
11:03:08,UNVR,RG,4770,3,F,CS,KK,D
11:03:08,UNVR,RG,4770,10,F,AG,KK,D
11:03:08,UNVR,RG,4770,1,D,CC,KK,D
11:03:08,UNVR,RG,4770,5,F,ZP,KK,D
11:03:08,UNVR,RG,4770,1,D,KK,KK,D
11:03:08,UNVR,RG,4770,6,F,ZP,KK,D
11:03:08,UNVR,RG,4770,13,D,OD,KK,D
11:02:49,UNVR,RG,4770,5,D,OD,YP,D
11:02:36,UNVR,RG,4770,3,D,OD,YP,D
