Time,Stock,Brd,Price,Qty,BT,BC,SC,ST
15:14:52,UNVR,RG,3440,1,D,XC,CC,D
15:14:38,UNVR,RG,3440,30,D,CC,CC,D
15:13:28,UNVR,RG,3440,1,D,XC,CC,D
15:13:24,UNVR,RG,3440,10,D,XC,CC,D
15:13:16,UNVR,RG,3440,10,D,KK,CC,D
15:13:13,UNVR,RG,3440,1,D,PD,CC,D
15:12:42,UNVR,RG,3440,8,D,YP,CC,D
15:11:51,UNVR,RG,3440,100,D,SQ,CC,D
15:11:38,UNVR,RG,3440,300,D,CC,CC,D
15:11:36,UNVR,RG,3440,1,D,NI,CC,D
15:11:34,UNVR,RG,3440,118,D,YP,CC,D
15:11:10,UNVR,RG,3440,1,D,YP,CC,D
15:11:04,UNVR,RG,3440,2,D,CC,CC,D
15:11:02,UNVR,RG,3440,10,D,PD,CC,D
15:10:09,UNVR,RG,3440,5,D,EP,CC,D
15:10:07,UNVR,RG,3440,20,D,XC,CC,D
15:09:55,UNVR,RG,3440,2500,D,GR,CC,D
15:09:37,UNVR,RG,3440,3,D,DR,CC,D
15:09:34,UNVR,RG,3440,15,D,HP,CC,D
15:09:26,UNVR,RG,3440,100,D,YP,CC,D
15:09:02,UNVR,RG,3440,5,D,NI,CC,D
15:08:27,UNVR,RG,3440,14,D,DR,CC,D
15:08:27,UNVR,RG,3440,166,D,DR,AG,D
15:07:30,UNVR,RG,3440,2,D,YP,AG,D
15:07:27,UNVR,RG,3440,2,D,XC,AG,D
15:07:19,UNVR,RG,3440,5,D,PD,AG,D
15:07:04,UNVR,RG,3440,100,D,CP,AG,D
15:06:48,UNVR,RG,3440,20,D,YP,AG,D
15:06:26,UNVR,RG,3440,1,D,DH,AG,D
15:06:25,UNVR,RG,3440,10,D,DR,AG,D
15:06:24,UNVR,RG,3440,1,D,XC,AG,D
15:06:17,UNVR,RG,3440,1,D,XC,AG,D
15:06:14,UNVR,RG,3440,3,D,XC,AG,D
15:06:05,UNVR,RG,3440,20,D,KK,AG,D
15:05:55,UNVR,RG,3440,1,D,PD,AG,D
15:05:49,UNVR,RG,3440,1,D,NI,AG,D
15:05:34,UNVR,RG,3440,10,D,NI,AG,D
15:05:28,UNVR,RG,3440,20,D,EP,AG,D
15:05:10,UNVR,RG,3440,1,D,YP,AG,D
15:05:09,UNVR,RG,3440,5,D,YP,AG,D
15:05:05,UNVR,RG,3440,5,D,YP,AG,D
15:05:00,UNVR,RG,3440,5,D,PD,AG,D
15:04:27,UNVR,RG,3440,4,D,YP,AG,D
15:04:13,UNVR,RG,3440,2,D,PD,AG,D
15:04:04,UNVR,RG,3440,5,D,NI,AG,D
15:04:01,UNVR,RG,3440,4,D,XC,AG,D
15:03:59,UNVR,RG,3440,2,D,XC,AG,D
15:03:57,UNVR,RG,3440,1,D,XC,AG,D
15:03:55,UNVR,RG,3440,5,D,NI,AG,D
15:03:45,UNVR,RG,3440,35,D,OD,AG,D
15:03:35,UNVR,RG,3440,15,D,XL,AG,D
15:03:15,UNVR,RG,3440,1,D,PD,AG,D
15:03:00,UNVR,RG,3440,2,D,XL,AG,D
15:02:51,UNVR,RG,3440,11,D,XC,AG,D
15:02:50,UNVR,RG,3440,9,D,XC,AG,D
15:02:49,UNVR,RG,3440,5,D,YP,AG,D
15:02:38,UNVR,RG,3440,20,D,XL,AG,D
15:02:38,UNVR,RG,3440,5,D,XL,FS,D
15:02:25,UNVR,RG,3440,5,D,CC,FS,D
15:02:22,UNVR,RG,3440,1,D,YP,FS,D
15:02:18,UNVR,RG,3440,29,D,EP,FS,D
15:02:12,UNVR,RG,3440,4,D,DH,FS,D
15:02:07,UNVR,RG,3440,1,D,KK,FS,D
15:02:04,UNVR,RG,3440,50,D,XL,FS,D
15:01:47,UNVR,RG,3440,20,D,PD,FS,D
15:01:47,UNVR,RG,3440,35,D,XL,FS,D
15:01:47,UNVR,RG,3440,5,D,XL,KK,D
15:01:30,UNVR,RG,3440,1,D,YP,KK,D
15:01:23,UNVR,RG,3440,1,D,XL,KK,D
15:01:05,UNVR,RG,3440,100,D,LG,KK,D
15:00:00,UNVR,RG,3440,2,D,NI,KK,D
15:00:00,UNVR,RG,3440,5,D,PD,KK,D
15:00:00,UNVR,RG,3440,5,D,GR,KK,D
15:00:00,UNVR,RG,3440,9,D,YP,KK,D
15:00:00,UNVR,RG,3440,2,D,YP,KK,D
15:00:00,UNVR,RG,3440,6,D,CC,KK,D
15:00:00,UNVR,RG,3440,594,D,DH,KK,D
15:00:00,UNVR,RG,3440,40,D,DH,YP,D
15:00:00,UNVR,RG,3440,100,D,DH,CC,D
15:00:00,UNVR,RG,3440,1,D,DH,KI,D
15:00:00,UNVR,RG,3440,4,D,XL,KI,D
15:00:00,UNVR,RG,3440,3,D,XC,KI,D
15:00:00,UNVR,RG,3440,1,D,YP,KI,D
15:00:00,UNVR,RG,3440,1,D,YP,KI,D
15:00:00,UNVR,RG,3440,1,D,YP,KI,D
15:00:00,UNVR,RG,3440,2,F,AK,KI,D
15:00:00,UNVR,RG,3440,7,F,AK,KI,D
15:00:00,UNVR,RG,3440,100,F,AK,YP,D
15:00:00,UNVR,RG,3440,50,F,AK,YP,D
15:00:00,UNVR,RG,3440,30,F,AK,CC,D
15:00:00,UNVR,RG,3440,1,F,AK,CC,D
15:00:00,UNVR,RG,3440,4,D,KK,CC,D
15:00:00,UNVR,RG,3440,11,F,AK,CC,D
15:00:00,UNVR,RG,3440,4,F,AK,CC,D
15:00:00,UNVR,RG,3440,30,F,AK,DR,D
15:00:00,UNVR,RG,3440,1,F,AK,CC,D
15:00:00,UNVR,RG,3440,6,F,AK,NI,D
15:00:00,UNVR,RG,3440,1,F,AK,OD,D
15:00:00,UNVR,RG,3440,10,F,AK,NI,D
15:00:00,UNVR,RG,3440,1,F,AK,ZP,D
15:00:00,UNVR,RG,3440,40,F,AK,LG,D
15:00:00,UNVR,RG,3440,10,F,AK,SQ,D
15:00:00,UNVR,RG,3440,1,F,AK,DH,D
15:00:00,UNVR,RG,3440,1,F,AK,XC,D
15:00:00,UNVR,RG,3440,1,F,AK,OD,D
15:00:00,UNVR,RG,3440,3,F,AK,XC,D
15:00:00,UNVR,RG,3440,1,F,AK,PD,D
15:00:00,UNVR,RG,3440,53,F,AK,YP,D
15:00:00,UNVR,RG,3440,4,F,AK,CC,D
15:00:00,UNVR,RG,3440,1,F,AK,PD,D
15:00:00,UNVR,RG,3440,5,F,AK,PD,D
15:00:00,UNVR,RG,3440,2,F,AK,PD,D
15:00:00,UNVR,RG,3440,15,F,AK,SQ,D
15:00:00,UNVR,RG,3440,1000,F,AK,LG,D
15:00:00,UNVR,RG,3440,5,F,AK,YB,D
15:00:00,UNVR,RG,3440,100,F,AK,YP,D
15:00:00,UNVR,RG,3440,100,F,AK,DR,D
15:00:00,UNVR,RG,3440,25,F,AK,YP,D
15:00:00,UNVR,RG,3440,10,F,AK,AZ,D
15:00:00,UNVR,RG,3440,2,F,AK,YP,D
15:00:00,UNVR,RG,3440,40,F,AK,OD,D
15:00:00,UNVR,RG,3440,10,F,AK,CC,D
15:00:00,UNVR,RG,3440,10,F,AK,NI,D
15:00:00,UNVR,RG,3440,10,F,AK,YB,D
15:00:00,UNVR,RG,3440,12,F,AK,XC,D
15:00:00,UNVR,RG,3440,5,F,AK,YP,D
15:00:00,UNVR,RG,3440,5,F,AK,CC,D
15:00:00,UNVR,RG,3440,8,F,AK,CC,D
15:00:00,UNVR,RG,3440,50,F,AK,DR,D
15:00:00,UNVR,RG,3440,1,F,AK,XC,D
15:00:00,UNVR,RG,3440,20,F,AK,YU,D
15:00:00,UNVR,RG,3440,731,F,AK,CC,D
15:00:00,UNVR,RG,3440,269,F,AK,CC,D
15:00:00,UNVR,RG,3440,8,F,AK,NI,D
15:00:00,UNVR,RG,3440,10,F,AK,CC,D
15:00:00,UNVR,RG,3440,9,F,AK,PD,D
15:00:00,UNVR,RG,3440,50,F,AK,YP,D
15:00:00,UNVR,RG,3440,28,F,AK,XC,D
15:00:00,UNVR,RG,3440,1,F,AK,KK,D
15:00:00,UNVR,RG,3440,4,F,AK,YP,D
15:00:00,UNVR,RG,3440,60,F,AK,XA,D
15:00:00,UNVR,RG,3440,60,F,AK,XA,D
15:00:00,UNVR,RG,3440,60,F,AK,XA,D
15:00:00,UNVR,RG,3440,60,F,AK,XA,D
15:00:00,UNVR,RG,3440,60,F,AK,XA,D
15:00:00,UNVR,RG,3440,6,F,AK,DR,D
15:00:00,UNVR,RG,3440,1,F,AK,DH,D
15:00:00,UNVR,RG,3440,19,F,AK,PD,D
15:00:00,UNVR,RG,3440,31,F,AK,AZ,D
15:00:00,UNVR,RG,3440,109,F,AK,YP,D
15:00:00,UNVR,RG,3440,2,F,BK,YP,D
15:00:00,UNVR,RG,3440,31,F,ZP,YP,D
15:00:00,UNVR,RG,3440,12,F,ZP,MG,D
15:00:00,UNVR,RG,3440,10,F,ZP,DH,D
15:00:00,UNVR,RG,3440,13,F,ZP,EP,D
15:00:00,UNVR,RG,3440,102,F,ZP,EP,D
15:00:00,UNVR,RG,3440,50,F,ZP,EP,D
15:00:00,UNVR,RG,3440,73,F,ZP,HP,D
15:00:00,UNVR,RG,3440,127,F,ZP,HP,D
15:00:00,UNVR,RG,3440,15,F,ZP,OD,D
15:00:00,UNVR,RG,3440,3,F,ZP,HP,D
15:00:00,UNVR,RG,3440,1,F,ZP,YU,D
15:00:00,UNVR,RG,3440,5,F,ZP,YP,D
15:00:00,UNVR,RG,3440,28,F,ZP,YP,D
15:00:00,UNVR,RG,3440,100,F,ZP,YB,D
15:00:00,UNVR,RG,3440,3,F,ZP,YP,D
15:00:00,UNVR,RG,3440,5,F,ZP,AI,D
15:00:00,UNVR,RG,3440,52,F,ZP,IN,D
15:00:00,UNVR,RG,3440,150,F,ZP,IN,D
15:00:00,UNVR,RG,3440,100,D,BB,IN,D
15:00:00,UNVR,RG,3440,43,F,AK,IN,D
15:00:00,UNVR,RG,3440,1,F,AK,IN,D
15:00:00,UNVR,RG,3440,968,F,AK,IN,D
15:00:00,UNVR,RG,3440,686,F,AK,IN,D
15:00:00,UNVR,RG,3440,204,F,AK,CC,D
15:00:00,UNVR,RG,3440,46,F,AK,CC,D
15:00:00,UNVR,RG,3440,1,F,AK,CC,D
15:00:00,UNVR,RG,3440,1,F,AK,YU,D
15:00:00,UNVR,RG,3440,30,F,AK,PD,D
15:00:00,UNVR,RG,3440,50,F,AK,KK,D
15:00:00,UNVR,RG,3440,19,F,AK,YP,D
15:00:00,UNVR,RG,3440,100,F,AK,SH,D
15:00:00,UNVR,RG,3440,301,F,AK,YU,D
15:00:00,UNVR,RG,3440,815,F,AK,AK,F
15:00:00,UNVR,RG,3440,237,F,AK,ZP,F
15:00:00,UNVR,RG,3440,2559,F,AK,BK,F
15:00:00,UNVR,RG,3440,1484,F,AK,OD,D
15:00:00,UNVR,RG,3440,786,F,AK,OD,D
15:00:00,UNVR,RG,3440,28,F,AK,OD,D
15:00:00,UNVR,RG,3440,240,F,AK,RX,D
15:00:00,UNVR,RG,3440,121,F,AK,RX,D
15:00:00,UNVR,RG,3440,83,F,AK,RX,D
15:00:00,UNVR,RG,3440,98,F,AK,RX,D
15:00:00,UNVR,RG,3440,1,F,AK,RX,D
15:00:00,UNVR,RG,3440,2,F,AK,RX,D
15:00:00,UNVR,RG,3440,26,F,YU,RX,D
15:00:00,UNVR,RG,3440,5,F,YU,AK,F
15:00:00,UNVR,RG,3440,3,F,YU,AK,F
15:00:00,UNVR,RG,3440,6,F,YU,AK,F
15:00:00,UNVR,RG,3440,296,F,YU,CC,D
15:00:00,UNVR,RG,3440,104,F,YU,ZP,F
15:00:00,UNVR,RG,3440,1047,F,YU,CS,F
15:00:00,UNVR,RG,3440,37,D,DR,CS,F
14:49:59,UNVR,RG,3430,1,F,AK,EP,D
14:49:58,UNVR,RG,3430,1,F,AK,EP,D
14:49:57,UNVR,RG,3430,300,D,YU,EP,D
14:49:51,UNVR,RG,3430,1,F,AK,EP,D
14:49:51,UNVR,RG,3430,1,F,AK,EP,D
14:49:51,UNVR,RG,3430,129,D,OD,EP,D
14:49:51,UNVR,RG,3430,27,D,OD,CC,D
14:49:50,UNVR,RG,3420,2,D,PD,PD,D
14:49:48,UNVR,RG,3430,15,F,AK,CC,D
14:49:47,UNVR,RG,3430,2,F,AK,CC,D
14:49:46,UNVR,RG,3430,1,D,XC,CC,D
14:49:45,UNVR,RG,3430,1,F,AK,CC,D
14:49:45,UNVR,RG,3430,3,F,AK,CC,D
14:49:41,UNVR,RG,3420,1,F,AK,AK,F
14:49:40,UNVR,RG,3430,3,D,XL,CC,D
14:49:38,UNVR,RG,3430,58,D,EP,CC,D
14:49:34,UNVR,RG,3430,50,D,GR,CC,D
14:49:30,UNVR,RG,3430,1,F,BK,CC,D
14:49:30,UNVR,RG,3430,25,F,AK,CC,D
14:49:30,UNVR,RG,3430,14,F,AK,CC,D
14:49:30,UNVR,RG,3420,8,F,AK,ZP,F
14:49:30,UNVR,RG,3420,1,D,PD,ZP,F
14:49:30,UNVR,RG,3420,20,D,HD,ZP,F
14:49:14,UNVR,RG,3430,3,D,NI,CC,D
14:49:10,UNVR,RG,3430,57,F,ZP,CC,D
14:49:03,UNVR,RG,3430,1,F,BK,CC,D
14:49:00,UNVR,RG,3430,39,F,ZP,CC,D
14:49:00,UNVR,RG,3430,3,F,ZP,ZP,F
14:49:00,UNVR,RG,3430,15,F,AK,ZP,F
14:49:00,UNVR,RG,3430,2,F,AK,ZP,F
14:48:54,UNVR,RG,3430,8,F,ZP,ZP,F
14:48:52,UNVR,RG,3420,1,D,HD,ZP,F
14:48:52,UNVR,RG,3420,4,D,HD,ZP,F
14:48:52,UNVR,RG,3430,3,F,ZP,ZP,F
14:48:52,UNVR,RG,3430,1,F,ZP,ZP,F
14:48:52,UNVR,RG,3430,10,F,ZP,KK,D
14:48:52,UNVR,RG,3430,6,F,ZP,XL,D
14:48:51,UNVR,RG,3430,3,F,ZP,ZP,F
14:48:51,UNVR,RG,3430,3,F,ZP,ZP,F
14:48:51,UNVR,RG,3430,1,F,ZP,PD,D
14:48:51,UNVR,RG,3420,96,D,HD,IF,D
14:48:41,UNVR,RG,3420,2,D,HD,ZP,F
14:48:40,UNVR,RG,3420,62,D,HD,AK,F
14:48:34,UNVR,RG,3430,68,F,AK,IF,D
14:48:34,UNVR,RG,3430,1,F,AK,ZP,F
14:48:34,UNVR,RG,3430,2,F,AK,ZP,F
14:48:33,UNVR,RG,3430,7,F,ZP,AK,F
14:48:30,UNVR,RG,3430,8,F,AK,AK,F
14:48:23,UNVR,RG,3420,1,D,HD,ZP,F
14:48:22,UNVR,RG,3420,1,D,HD,ZP,F
14:48:22,UNVR,RG,3420,1,D,HD,ZP,F
14:48:22,UNVR,RG,3420,113,D,HD,AK,F
14:48:17,UNVR,RG,3430,3,F,ZP,AK,F
14:48:16,UNVR,RG,3430,3,F,ZP,AK,F
14:48:15,UNVR,RG,3430,3,F,AK,AK,F
14:48:14,UNVR,RG,3430,42,F,ZP,AK,F
14:48:07,UNVR,RG,3430,6,D,YP,AK,F
14:48:04,UNVR,RG,3430,21,D,KZ,AK,F
14:48:02,UNVR,RG,3420,11,D,HD,KZ,D
14:48:00,UNVR,RG,3430,8,F,AK,AK,F
14:47:59,UNVR,RG,3430,5,F,ZP,AK,F
14:47:49,UNVR,RG,3420,1,D,HD,HP,D
14:47:46,UNVR,RG,3430,2,D,YP,AK,F
14:47:41,UNVR,RG,3430,2,F,ZP,AK,F
14:47:40,UNVR,RG,3430,2,D,YU,AK,F
14:47:34,UNVR,RG,3430,41,F,ZP,AK,F
14:47:30,UNVR,RG,3430,6,F,AK,AK,F
14:47:23,UNVR,RG,3420,12,D,HD,YP,D
14:47:20,UNVR,RG,3430,1,D,XC,AK,F
14:47:13,UNVR,RG,3420,6,D,HD,XC,D
14:47:07,UNVR,RG,3430,30,F,ZP,AK,F
14:47:07,UNVR,RG,3430,10,F,ZP,CC,D
14:47:07,UNVR,RG,3430,1,F,ZP,AK,F
14:47:07,UNVR,RG,3430,2,F,ZP,KZ,D
14:47:02,UNVR,RG,3430,1,D,ZP,KZ,D
14:47:02,UNVR,RG,3430,1,D,ZP,KZ,D
14:47:02,UNVR,RG,3430,1,D,ZP,LG,D
14:46:55,UNVR,RG,3430,4,D,GR,LG,D
14:46:55,UNVR,RG,3430,1,D,GR,ZP,F
14:46:55,UNVR,RG,3430,2,D,GR,YU,D
14:46:55,UNVR,RG,3430,30,D,GR,ZP,F
14:46:55,UNVR,RG,3430,13,D,GR,YO,D
14:46:51,UNVR,RG,3420,11,D,HD,YP,D
14:46:41,UNVR,RG,3420,158,D,HD,ZP,F
14:46:41,UNVR,RG,3420,100,D,NI,ZP,F
14:46:41,UNVR,RG,3420,15,D,YP,ZP,F
14:46:41,UNVR,RG,3420,1,D,XC,ZP,F
14:46:41,UNVR,RG,3420,1,D,CC,ZP,F
14:46:41,UNVR,RG,3420,10,D,YP,ZP,F
14:46:41,UNVR,RG,3420,47,F,AK,ZP,F
14:46:41,UNVR,RG,3420,1,D,NI,ZP,F
14:46:41,UNVR,RG,3420,8,D,PD,ZP,F
14:46:39,UNVR,RG,3430,14,D,KZ,YO,D
14:46:36,UNVR,RG,3430,10,D,GR,YO,D
14:46:30,UNVR,RG,3430,14,F,AK,YO,D
14:46:29,UNVR,RG,3430,300,D,DR,YO,D
14:46:22,UNVR,RG,3430,85,F,AK,YO,D
14:46:22,UNVR,RG,3430,43,F,ZP,YO,D
14:46:22,UNVR,RG,3430,10,F,ZP,YO,D
14:46:22,UNVR,RG,3430,3,F,ZP,CC,D
14:46:22,UNVR,RG,3430,12,F,ZP,CC,D
14:46:21,UNVR,RG,3430,18,D,PD,CC,D
14:46:21,UNVR,RG,3430,103,D,PD,IF,D
14:46:21,UNVR,RG,3430,30,D,PD,ZP,F
14:46:21,UNVR,RG,3430,6,D,PD,ZP,F
14:46:21,UNVR,RG,3430,20,D,PD,PD,D
14:46:21,UNVR,RG,3430,277,D,PD,AK,F
14:46:21,UNVR,RG,3430,4,D,PD,AK,F
14:46:21,UNVR,RG,3430,5,D,PD,DR,D
14:46:21,UNVR,RG,3430,32,D,PD,ZP,F
14:46:21,UNVR,RG,3430,335,D,PD,GR,D
14:46:19,UNVR,RG,3430,3,D,XL,GR,D
14:46:17,UNVR,RG,3420,4,D,PD,ZP,F
14:46:14,UNVR,RG,3420,1,D,PD,HP,D
14:46:14,UNVR,RG,3420,2,D,YP,HP,D
14:46:14,UNVR,RG,3420,1,D,PD,HP,D
14:46:08,UNVR,RG,3430,6,F,ZP,GR,D
14:46:07,UNVR,RG,3420,14,D,PD,IF,D
14:46:07,UNVR,RG,3420,10,D,YP,IF,D
14:46:07,UNVR,RG,3420,76,D,RO,IF,D
14:46:01,UNVR,RG,3430,1,D,NI,GR,D
14:46:01,UNVR,RG,3420,4,D,RO,ZP,F
14:46:01,UNVR,RG,3430,146,D,KI,GR,D
14:45:59,UNVR,RG,3430,1,D,YP,GR,D
14:45:59,UNVR,RG,3420,31,D,RO,ZP,F
14:45:59,UNVR,RG,3430,3,D,KZ,GR,D
14:45:58,UNVR,RG,3430,1,D,XC,GR,D
14:45:53,UNVR,RG,3430,19,D,CC,GR,D
14:45:53,UNVR,RG,3430,110,D,CC,ZP,D
14:45:53,UNVR,RG,3430,71,D,CC,YP,D
14:45:47,UNVR,RG,3430,6,F,ZP,YP,D
14:45:45,UNVR,RG,3420,1,D,RO,AK,F
14:45:43,UNVR,RG,3430,68,D,NI,YP,D
14:45:43,UNVR,RG,3430,32,D,NI,PP,D
14:45:42,UNVR,RG,3420,3,D,RO,ZP,F
14:45:41,UNVR,RG,3430,42,F,ZP,PP,D
14:45:34,UNVR,RG,3430,50,D,YP,PP,D
14:45:33,UNVR,RG,3430,50,D,KK,PP,D
14:45:30,UNVR,RG,3430,5,F,ZP,PP,D
14:45:30,UNVR,RG,3430,16,F,AK,PP,D
14:45:30,UNVR,RG,3430,1,F,AK,PP,D
14:45:28,UNVR,RG,3430,100,D,LG,PP,D
14:45:23,UNVR,RG,3420,2,D,RO,PD,D
14:45:22,UNVR,RG,3420,4,D,RO,ZP,F
14:45:19,UNVR,RG,3430,42,F,ZP,PP,D
14:45:13,UNVR,RG,3430,4,F,ZP,PP,D
14:45:02,UNVR,RG,3420,4,D,RO,ZP,F
14:44:54,UNVR,RG,3420,7,D,RO,CC,D
14:44:54,UNVR,RG,3430,1,D,XC,PP,D
14:44:53,UNVR,RG,3430,6,F,ZP,PP,D
14:44:49,UNVR,RG,3430,1,D,XL,PP,D
14:44:45,UNVR,RG,3430,11,F,AK,PP,D
14:44:43,UNVR,RG,3430,88,F,AK,PP,D
14:44:42,UNVR,RG,3420,3,D,RO,ZP,F
14:44:34,UNVR,RG,3430,45,F,ZP,PP,D
14:44:33,UNVR,RG,3430,6,F,ZP,PP,D
14:44:33,UNVR,RG,3430,4,F,ZP,PD,D
14:44:27,UNVR,RG,3430,19,D,LG,PD,D
14:44:27,UNVR,RG,3430,1,D,LG,KZ,D
14:44:26,UNVR,RG,3420,4,D,RO,ZP,F
14:44:24,UNVR,RG,3430,1,D,YP,KZ,D
14:44:20,UNVR,RG,3430,17,D,PD,KZ,D
14:44:20,UNVR,RG,3430,5,D,PD,DR,D
14:44:20,UNVR,RG,3430,1,D,PD,YP,D
14:44:20,UNVR,RG,3430,1,D,PD,YP,D
14:44:20,UNVR,RG,3430,26,D,PD,YO,D
14:44:11,UNVR,RG,3430,4,F,ZP,YO,D
14:44:09,UNVR,RG,3420,3,D,RO,ZP,F
14:44:09,UNVR,RG,3430,31,D,KZ,YO,D
14:44:07,UNVR,RG,3420,21,D,RO,KZ,D
14:44:04,UNVR,RG,3430,10,D,SQ,YO,D
14:43:53,UNVR,RG,3430,4,F,ZP,YO,D
14:43:52,UNVR,RG,3430,5,D,TP,YO,D
14:43:52,UNVR,RG,3420,4,D,RO,ZP,F
14:43:52,UNVR,RG,3430,2,D,XL,YO,D
14:43:41,UNVR,RG,3430,20,D,CC,YO,D
14:43:36,UNVR,RG,3430,43,F,ZP,YO,D
14:43:33,UNVR,RG,3420,2,D,RO,ZP,F
14:43:33,UNVR,RG,3430,4,F,ZP,YO,D
14:43:27,UNVR,RG,3430,20,D,PD,YO,D
14:43:24,UNVR,RG,3420,31,D,RO,LG,D
14:43:24,UNVR,RG,3420,2,D,KZ,LG,D
14:43:24,UNVR,RG,3420,10,D,NI,LG,D
14:43:24,UNVR,RG,3420,10,D,GR,LG,D
14:43:24,UNVR,RG,3420,1,D,NI,LG,D
14:43:24,UNVR,RG,3420,2,D,CC,LG,D
14:43:24,UNVR,RG,3420,4,D,YP,LG,D
14:43:19,UNVR,RG,3430,1,D,YP,YO,D
14:43:18,UNVR,RG,3430,4,F,ZP,YO,D
14:43:15,UNVR,RG,3430,20,F,AK,YO,D
14:43:12,UNVR,RG,3430,2,D,CC,YO,D
14:43:04,UNVR,RG,3430,20,D,XC,YO,D
14:42:59,UNVR,RG,3430,89,F,AK,YO,D
14:42:58,UNVR,RG,3430,1,D,CC,YO,D
14:42:58,UNVR,RG,3430,4,F,ZP,YO,D
14:42:47,UNVR,RG,3430,10,D,YP,YO,D
14:42:43,UNVR,RG,3430,4,F,ZP,YO,D
14:42:30,UNVR,RG,3430,20,D,PD,YO,D
14:42:30,UNVR,RG,3430,156,D,PD,YO,D
14:42:30,UNVR,RG,3430,30,D,PD,ZP,F
14:42:30,UNVR,RG,3430,1,D,PD,AK,F
14:42:30,UNVR,RG,3430,300,D,PD,YO,D
14:42:30,UNVR,RG,3430,2,D,PD,ZP,F
14:42:30,UNVR,RG,3430,20,D,PD,CC,D
14:42:30,UNVR,RG,3430,32,D,PD,ZP,F
14:42:30,UNVR,RG,3430,2,D,PD,ZP,F
14:42:30,UNVR,RG,3430,18,D,PD,KZ,D
14:42:30,UNVR,RG,3430,3,D,PD,ZP,F
14:42:30,UNVR,RG,3430,1,D,PD,XC,D
14:42:30,UNVR,RG,3430,71,D,PD,AK,F
14:42:30,UNVR,RG,3430,1,D,PD,AK,F
14:42:30,UNVR,RG,3430,4,D,PD,ZP,F
14:42:30,UNVR,RG,3430,824,D,PD,CC,D
14:42:29,UNVR,RG,3430,34,D,KZ,CC,D
14:42:28,UNVR,RG,3430,44,F,ZP,CC,D
14:42:21,UNVR,RG,3420,3,D,YP,ZP,F
14:42:21,UNVR,RG,3430,5,F,ZP,CC,D
14:42:04,UNVR,RG,3420,3,D,YP,ZP,F
14:42:03,UNVR,RG,3430,3,F,ZP,CC,D
14:42:02,UNVR,RG,3430,120,D,CC,CC,D
14:41:53,UNVR,RG,3430,20,D,PD,CC,D
14:41:50,UNVR,RG,3430,1,D,YP,CC,D
14:41:46,UNVR,RG,3420,3,D,YP,ZP,F
14:41:42,UNVR,RG,3430,4,F,ZP,CC,D
14:41:39,UNVR,RG,3430,1,D,YP,CC,D
14:41:36,UNVR,RG,3420,43,D,YP,YU,D
14:41:34,UNVR,RG,3430,45,F,ZP,CC,D
14:41:27,UNVR,RG,3430,12,D,OD,CC,D
14:41:27,UNVR,RG,3430,4,F,ZP,CC,D
14:41:27,UNVR,RG,3420,3,D,YP,ZP,F
14:41:20,UNVR,RG,3420,13,D,YP,XL,D
14:41:14,UNVR,RG,3430,1,D,YP,CC,D
14:41:11,UNVR,RG,3430,3,F,ZP,CC,D
14:41:09,UNVR,RG,3430,33,D,KZ,CC,D
14:41:08,UNVR,RG,3430,96,F,AK,CC,D
14:41:07,UNVR,RG,3430,200,D,OD,CC,D
14:41:07,UNVR,RG,3430,35,D,CC,CC,D
14:41:07,UNVR,RG,3420,3,D,YP,ZP,F
14:40:53,UNVR,RG,3430,4,F,ZP,CC,D
14:40:36,UNVR,RG,3430,8,F,ZP,CC,D
14:40:28,UNVR,RG,3420,25,D,YP,PD,D
14:40:28,UNVR,RG,3420,1,D,YP,PD,D
14:40:28,UNVR,RG,3420,2,D,YP,PD,D
14:40:28,UNVR,RG,3420,18,D,YP,PD,D
14:40:24,UNVR,RG,3430,1,D,KZ,CC,D
14:40:18,UNVR,RG,3430,42,F,ZP,CC,D
14:40:18,UNVR,RG,3430,1,D,DH,CC,D
14:40:17,UNVR,RG,3430,4,F,ZP,CC,D
14:40:17,UNVR,RG,3420,11,D,YP,YP,D
14:40:03,UNVR,RG,3430,50,D,PD,CC,D
14:40:00,UNVR,RG,3420,31,D,YP,ZP,F
14:39:58,UNVR,RG,3430,4,F,ZP,CC,D
14:39:43,UNVR,RG,3430,2,D,YU,CC,D
14:39:37,UNVR,RG,3430,4,F,ZP,CC,D
14:39:29,UNVR,RG,3430,50,D,YP,CC,D
14:39:27,UNVR,RG,3430,10,D,CC,CC,D
14:39:24,UNVR,RG,3430,44,F,ZP,CC,D
14:39:18,UNVR,RG,3430,3,F,ZP,CC,D
14:39:15,UNVR,RG,3430,95,F,AK,CC,D
14:39:14,UNVR,RG,3430,10,D,CC,CC,D
14:39:10,UNVR,RG,3430,1,D,YP,CC,D
14:39:04,UNVR,RG,3430,25,D,YP,CC,D
14:39:02,UNVR,RG,3430,3,F,ZP,CC,D
14:38:45,UNVR,RG,3430,3,F,ZP,CC,D
14:38:44,UNVR,RG,3420,5,D,YP,KK,D
14:38:34,UNVR,RG,3430,2,D,XC,CC,D
14:38:28,UNVR,RG,3430,3,F,ZP,CC,D
14:38:22,UNVR,RG,3420,3,D,YP,PD,D
14:38:22,UNVR,RG,3420,43,D,BQ,PD,D
14:38:08,UNVR,RG,3430,3,F,ZP,CC,D
14:37:56,UNVR,RG,3420,8,D,BQ,CC,D
14:37:54,UNVR,RG,3430,1,D,YP,CC,D
14:37:47,UNVR,RG,3430,1,F,ZP,CC,D
14:37:45,UNVR,RG,3430,5,D,PD,CC,D
14:37:23,UNVR,RG,3430,98,F,AK,CC,D
14:37:21,UNVR,RG,3430,10,D,PD,CC,D
14:37:06,UNVR,RG,3420,19,D,BQ,PD,D
14:37:06,UNVR,RG,3420,20,D,YP,PD,D
14:37:06,UNVR,RG,3420,7,D,YP,PD,D
14:36:41,UNVR,RG,3430,3,D,XC,CC,D
14:36:20,UNVR,RG,3420,3,D,YP,PD,D
14:36:20,UNVR,RG,3420,43,D,SQ,PD,D
14:36:18,UNVR,RG,3430,25,D,YP,CC,D
14:36:18,UNVR,RG,3430,1,D,YP,XC,D
14:36:18,UNVR,RG,3430,40,D,YP,LG,D
14:36:18,UNVR,RG,3430,9,D,YP,NI,D
14:36:18,UNVR,RG,3430,2,D,YP,ZP,F
14:36:18,UNVR,RG,3430,5,D,YP,CC,D
14:36:18,UNVR,RG,3430,18,D,YP,SQ,D
14:35:51,UNVR,RG,3420,7,D,SQ,PD,D
14:35:51,UNVR,RG,3420,18,D,YP,PD,D
14:35:51,UNVR,RG,3420,2,D,YP,PD,D
14:35:51,UNVR,RG,3420,1,F,OD,PD,D
14:35:51,UNVR,RG,3420,10,D,CC,PD,D
14:35:51,UNVR,RG,3420,1,D,YP,PD,D
14:35:51,UNVR,RG,3420,7,D,XC,PD,D
14:35:30,UNVR,RG,3420,2,D,XC,PD,D
14:35:28,UNVR,RG,3430,9,F,AK,SQ,D
14:35:28,UNVR,RG,3430,10,F,AK,DH,D
14:35:28,UNVR,RG,3430,2,F,AK,ZP,F
14:35:28,UNVR,RG,3430,2,F,AK,ZP,F
14:35:28,UNVR,RG,3430,1,F,AK,AK,F
14:35:28,UNVR,RG,3430,2,F,AK,ZP,F
14:35:28,UNVR,RG,3430,79,F,AK,AK,F
14:35:27,UNVR,RG,3430,1,D,PD,AK,F
14:35:27,UNVR,RG,3420,11,D,XC,PD,D
14:35:27,UNVR,RG,3420,35,D,KK,PD,D
14:35:12,UNVR,RG,3430,1,D,XC,AK,F
14:35:08,UNVR,RG,3430,1,D,YB,AK,F
14:34:47,UNVR,RG,3430,1,D,PD,AK,F
14:34:37,UNVR,RG,3420,10,D,KK,PD,D
14:34:37,UNVR,RG,3420,9,D,PD,PD,D
14:34:37,UNVR,RG,3420,2,D,XL,PD,D
14:34:37,UNVR,RG,3420,1,D,YP,PD,D
14:34:37,UNVR,RG,3420,22,D,CC,PD,D
14:34:37,UNVR,RG,3420,2,F,AK,PD,D
14:34:15,UNVR,RG,3430,2,D,PD,AK,F
14:34:02,UNVR,RG,3430,54,D,GR,BK,F
14:33:50,UNVR,RG,3430,29,D,YP,BK,F
14:33:50,UNVR,RG,3430,1,D,YP,OD,D
14:33:43,UNVR,RG,3430,22,F,ZP,YU,D
14:33:42,UNVR,RG,3430,12,F,ZP,PP,D
14:33:42,UNVR,RG,3430,205,F,AK,PP,D
14:33:41,UNVR,RG,3430,52,F,ZP,PP,D
14:33:41,UNVR,RG,3430,9,F,ZP,PP,D
14:33:41,UNVR,RG,3430,5,F,AK,PP,D
14:33:41,UNVR,RG,3430,2,F,AK,PP,D
14:33:41,UNVR,RG,3430,215,D,PD,PP,D
14:33:38,UNVR,RG,3430,2,D,PD,ZP,F
14:33:38,UNVR,RG,3430,1,D,PD,YP,D
14:33:38,UNVR,RG,3430,1,D,PD,ZP,F
14:33:38,UNVR,RG,3430,1,D,PD,ZP,F
14:33:38,UNVR,RG,3430,6,D,PD,CC,D
14:33:38,UNVR,RG,3430,30,D,PD,ZP,F
14:33:38,UNVR,RG,3430,2,D,PD,ZP,F
14:33:38,UNVR,RG,3430,31,D,PD,AK,F
14:33:35,UNVR,RG,3430,1,D,XC,AK,F
14:33:31,UNVR,RG,3430,7,D,XC,AK,F
14:33:28,UNVR,RG,3430,6,D,YP,AK,F
14:33:28,UNVR,RG,3430,4,D,YP,KZ,D
14:33:26,UNVR,RG,3420,1,F,AK,PD,D
14:33:25,UNVR,RG,3420,11,F,AK,PD,D
14:33:25,UNVR,RG,3420,5,D,PD,PD,D
14:33:25,UNVR,RG,3420,10,F,AK,PD,D
14:33:25,UNVR,RG,3420,20,F,AK,PD,D
14:33:17,UNVR,RG,3430,8,D,YP,KZ,D
14:33:17,UNVR,RG,3430,1,D,YP,BK,F
14:33:17,UNVR,RG,3430,5,D,YP,BK,F
14:33:13,UNVR,RG,3430,5,D,YP,BK,F
14:33:13,UNVR,RG,3430,10,D,YP,BK,F
14:33:07,UNVR,RG,3430,1,D,CC,BK,F
14:33:06,UNVR,RG,3430,20,D,OD,BK,F
14:33:02,UNVR,RG,3430,355,D,PD,BK,F
14:33:02,UNVR,RG,3430,13,D,PD,ZP,F
14:33:02,UNVR,RG,3430,115,D,PD,CC,D
14:33:00,UNVR,RG,3430,10,D,AZ,CC,D
14:32:52,UNVR,RG,3430,30,D,CC,CC,D
14:32:52,UNVR,RG,3430,10,D,YP,CC,D
14:32:51,UNVR,RG,3430,2,D,EP,CC,D
14:32:50,UNVR,RG,3430,2,D,PD,CC,D
14:32:48,UNVR,RG,3430,4,F,ZP,CC,D
14:32:48,UNVR,RG,3430,52,F,AK,CC,D
14:32:48,UNVR,RG,3430,105,F,AK,CC,D
14:32:48,UNVR,RG,3430,14,D,YP,CC,D
14:32:48,UNVR,RG,3430,1,D,NI,CC,D
14:32:48,UNVR,RG,3430,5,D,YP,CC,D
14:32:48,UNVR,RG,3430,1,F,AK,CC,D
14:32:48,UNVR,RG,3430,10,D,CC,CC,D
14:32:48,UNVR,RG,3430,1,D,PD,CC,D
14:32:48,UNVR,RG,3430,9,F,AK,CC,D
14:32:48,UNVR,RG,3430,150,D,YP,CC,D
14:32:48,UNVR,RG,3430,10,D,GR,CC,D
14:32:48,UNVR,RG,3430,5,D,AG,CC,D
14:32:48,UNVR,RG,3430,100,D,CC,CC,D
14:32:48,UNVR,RG,3430,1,D,CC,CC,D
14:32:48,UNVR,RG,3430,1,D,PD,CC,D
14:32:48,UNVR,RG,3430,7,D,GR,CC,D
14:32:48,UNVR,RG,3430,1,D,XC,CC,D
14:32:48,UNVR,RG,3430,60,D,BQ,CC,D
14:32:48,UNVR,RG,3430,34,F,AK,CC,D
14:32:48,UNVR,RG,3430,89,F,AK,CC,D
14:32:48,UNVR,RG,3430,18,D,KZ,CC,D
14:32:48,UNVR,RG,3430,20,D,XC,CC,D
14:32:48,UNVR,RG,3430,22,D,KZ,CC,D
14:32:48,UNVR,RG,3430,2,F,BK,CC,D
14:32:48,UNVR,RG,3430,109,F,ZP,CC,D
14:32:43,UNVR,RG,3430,11,F,ZP,KK,D
14:32:43,UNVR,RG,3430,6,F,AK,KK,D
14:32:43,UNVR,RG,3430,1,F,AK,KK,D
14:32:43,UNVR,RG,3430,44,F,ZP,KK,D
14:32:43,UNVR,RG,3430,10,F,AK,KK,D
14:32:43,UNVR,RG,3430,228,D,SQ,KK,D
14:32:40,UNVR,RG,3440,3,D,XC,IF,D
14:32:36,UNVR,RG,3440,2,D,PD,IF,D
14:32:26,UNVR,RG,3440,3,F,ZP,IF,D
14:32:14,UNVR,RG,3430,70,D,SQ,XL,D
14:32:11,UNVR,RG,3440,3,F,ZP,IF,D
14:32:10,UNVR,RG,3430,230,D,SQ,PD,D
14:32:06,UNVR,RG,3430,46,D,SQ,PD,D
14:32:04,UNVR,RG,3440,1,D,XC,IF,D
14:31:58,UNVR,RG,3440,1,D,SQ,IF,D
14:31:52,UNVR,RG,3440,3,F,ZP,IF,D
14:31:51,UNVR,RG,3440,16,F,AK,IF,D
14:31:51,UNVR,RG,3440,10,F,AK,YU,D
14:31:51,UNVR,RG,3440,2,F,AK,LS,D
14:31:51,UNVR,RG,3440,14,F,AK,YP,D
14:31:51,UNVR,RG,3440,24,F,AK,PD,D
14:31:50,UNVR,RG,3440,1,D,NI,PD,D
14:31:45,UNVR,RG,3440,1,F,AK,PD,D
14:31:44,UNVR,RG,3430,600,D,SQ,NI,D
14:31:37,UNVR,RG,3440,5,F,ZP,PD,D
14:31:37,UNVR,RG,3440,19,F,ZP,PD,D
14:31:37,UNVR,RG,3440,24,F,ZP,NI,D
14:31:33,UNVR,RG,3430,1,D,SQ,PD,D
14:31:29,UNVR,RG,3430,2,D,SQ,YU,D
14:31:27,UNVR,RG,3440,1,D,KK,NI,D
14:31:20,UNVR,RG,3430,46,D,SQ,PD,D
14:31:09,UNVR,RG,3430,5,D,SQ,XL,D
14:31:08,UNVR,RG,3440,15,D,EP,NI,D
14:31:08,UNVR,RG,3440,1,D,EP,RG,D
14:31:08,UNVR,RG,3440,1,D,EP,CC,D
14:31:08,UNVR,RG,3440,8,D,EP,SQ,D
14:31:08,UNVR,RG,3440,2,F,ZP,SQ,D
14:31:08,UNVR,RG,3440,1,F,ZP,PD,D
14:31:00,UNVR,RG,3430,157,D,SQ,AK,F
14:30:59,UNVR,RG,3430,17,D,SQ,ZP,F
14:30:59,UNVR,RG,3430,1,D,SQ,AK,F
14:30:59,UNVR,RG,3430,21,D,SQ,YU,D
14:30:59,UNVR,RG,3430,32,D,SQ,ZP,F
14:30:59,UNVR,RG,3430,1,D,SQ,NI,D
14:30:59,UNVR,RG,3430,100,D,SQ,IF,D
14:30:59,UNVR,RG,3430,2,D,SQ,ZP,F
14:30:59,UNVR,RG,3430,2,D,SQ,ZP,F
14:30:59,UNVR,RG,3430,10,D,SQ,KZ,D
14:30:59,UNVR,RG,3430,2,D,SQ,ZP,F
14:30:59,UNVR,RG,3430,2,D,SQ,AK,F
14:30:59,UNVR,RG,3430,1,D,SQ,ZP,F
14:30:59,UNVR,RG,3430,203,D,SQ,AK,F
14:30:59,UNVR,RG,3430,1,D,SQ,CC,D
14:30:59,UNVR,RG,3430,11,D,SQ,LG,D
14:30:59,UNVR,RG,3430,5,D,SQ,OD,D
14:30:59,UNVR,RG,3430,2,D,SQ,KZ,D
14:30:59,UNVR,RG,3430,300,D,SQ,YO,D
14:30:59,UNVR,RG,3430,10,D,SQ,RG,D
14:30:59,UNVR,RG,3430,2000,D,SQ,CC,D
14:30:59,UNVR,RG,3430,1000,D,SQ,CC,D
14:30:59,UNVR,RG,3430,1000,D,SQ,CC,D
14:30:59,UNVR,RG,3430,5,D,SQ,AI,D
14:30:59,UNVR,RG,3430,2,D,SQ,LS,D
14:30:59,UNVR,RG,3430,1,D,SQ,PD,D
14:30:59,UNVR,RG,3430,500,D,SQ,YO,D
14:30:59,UNVR,RG,3430,1000,D,SQ,CC,D
14:30:59,UNVR,RG,3430,40,D,SQ,OD,D
14:30:59,UNVR,RG,3430,1,D,SQ,YP,D
14:30:59,UNVR,RG,3430,343,D,SQ,CC,D
14:30:51,UNVR,RG,3430,5,D,XC,CC,D
14:30:48,UNVR,RG,3430,3,F,ZP,CC,D
14:30:48,UNVR,RG,3430,41,F,ZP,CC,D
14:30:41,UNVR,RG,3430,1,D,XC,CC,D
14:30:40,UNVR,RG,3430,100,D,OD,CC,D
14:30:35,UNVR,RG,3430,1,D,YU,CC,D
14:30:29,UNVR,RG,3430,6,F,AK,CC,D
14:30:29,UNVR,RG,3430,1,F,AK,XC,D
14:30:29,UNVR,RG,3430,69,F,AK,YO,D
14:30:29,UNVR,RG,3430,19,F,AK,YO,D
14:30:28,UNVR,RG,3430,6,F,ZP,YO,D
14:30:20,UNVR,RG,3420,46,F,AK,PD,D
14:30:20,UNVR,RG,3420,15,F,AK,XL,D
14:30:08,UNVR,RG,3430,1,D,YP,YO,D
14:29:56,UNVR,RG,3430,1,D,GR,YO,D
14:29:54,UNVR,RG,3420,500,F,AK,PP,D
14:29:51,UNVR,RG,3430,10,D,CP,YO,D
14:29:50,UNVR,RG,3430,3,F,ZP,YO,D
14:29:36,UNVR,RG,3430,45,F,ZP,YO,D
14:29:33,UNVR,RG,3430,3,F,ZP,YO,D
14:29:19,UNVR,RG,3430,1,D,YJ,YO,D
14:29:15,UNVR,RG,3420,1,F,AK,PD,D
14:29:15,UNVR,RG,3420,7,F,AK,PD,D
14:29:15,UNVR,RG,3420,38,F,ZP,PD,D
14:29:12,UNVR,RG,3430,3,F,ZP,YO,D
14:29:11,UNVR,RG,3430,1,D,KK,YO,D
14:29:01,UNVR,RG,3430,1,F,AK,YO,D
14:29:00,UNVR,RG,3430,12,F,AK,YO,D
14:28:56,UNVR,RG,3430,6,F,AK,YO,D
14:28:55,UNVR,RG,3430,19,F,AK,YO,D
14:28:55,UNVR,RG,3430,20,F,AK,CC,D
14:28:55,UNVR,RG,3430,40,F,AK,YO,D
14:28:54,UNVR,RG,3420,5,F,ZP,XL,D
14:28:54,UNVR,RG,3430,1,F,AK,YO,D
14:28:53,UNVR,RG,3430,3,F,ZP,YO,D
14:28:49,UNVR,RG,3430,2,D,PD,YO,D
14:28:48,UNVR,RG,3430,2,D,YP,YO,D
14:28:46,UNVR,RG,3430,4,D,XC,YO,D
14:28:36,UNVR,RG,3430,3,F,ZP,YO,D
14:28:23,UNVR,RG,3430,1,F,AK,YO,D
14:28:22,UNVR,RG,3420,3,F,ZP,XL,D
14:28:18,UNVR,RG,3430,11,F,AK,YO,D
14:28:18,UNVR,RG,3430,6,F,ZP,YO,D
14:28:10,UNVR,RG,3420,46,F,ZP,PD,D
14:27:55,UNVR,RG,3420,100,F,ZP,PD,D
14:27:55,UNVR,RG,3430,1,D,XL,YO,D
14:27:40,UNVR,RG,3430,19,F,AK,YO,D
14:27:40,UNVR,RG,3430,5,F,ZP,YO,D
14:27:28,UNVR,RG,3430,202,F,AK,YO,D
14:27:28,UNVR,RG,3430,22,F,AK,YU,D
14:27:28,UNVR,RG,3430,105,F,AK,CC,D
14:27:28,UNVR,RG,3420,230,F,ZP,ZP,F
14:27:28,UNVR,RG,3420,28,F,ZP,ZP,F
14:27:28,UNVR,RG,3420,1,F,ZP,AK,F
14:27:28,UNVR,RG,3420,120,F,ZP,PD,D
14:27:28,UNVR,RG,3420,2,F,ZP,XL,D
14:27:28,UNVR,RG,3420,8,F,ZP,NI,D
14:27:28,UNVR,RG,3420,15,F,ZP,PD,D
14:27:28,UNVR,RG,3420,300,F,ZP,YO,D
14:27:28,UNVR,RG,3420,1,F,ZP,AK,F
14:27:28,UNVR,RG,3420,200,F,ZP,YO,D
14:27:28,UNVR,RG,3420,1000,F,ZP,CC,D
14:27:28,UNVR,RG,3420,8,F,ZP,KZ,D
14:27:28,UNVR,RG,3420,147,F,ZP,IF,D
14:27:28,UNVR,RG,3420,2208,F,ZP,BK,F
14:27:28,UNVR,RG,3420,30,F,ZP,ZP,F
14:27:28,UNVR,RG,3420,1,F,ZP,CC,D
14:27:28,UNVR,RG,3420,328,F,ZP,AK,F
14:27:28,UNVR,RG,3420,1,F,ZP,XC,D
14:27:28,UNVR,RG,3420,1,F,ZP,XC,D
14:27:28,UNVR,RG,3420,1,F,ZP,ZP,F
14:27:28,UNVR,RG,3420,60,F,ZP,ZP,F
14:27:28,UNVR,RG,3420,1,F,ZP,AK,F
14:27:28,UNVR,RG,3420,2,F,ZP,ZP,F
14:27:28,UNVR,RG,3420,2,F,ZP,ZP,F
14:27:28,UNVR,RG,3420,2,F,ZP,ZP,F
14:27:28,UNVR,RG,3420,111,F,ZP,BK,F
14:27:25,UNVR,RG,3420,35,F,AK,BK,F
14:27:25,UNVR,RG,3420,483,D,PD,BK,F
14:27:25,UNVR,RG,3420,1,D,XC,BK,F
14:27:20,UNVR,RG,3420,2,D,YP,BK,F
14:27:18,UNVR,RG,3420,55,F,AK,BK,F
14:27:18,UNVR,RG,3420,90,F,AK,BK,F
14:27:17,UNVR,RG,3410,1,D,YP,PD,D
14:27:09,UNVR,RG,3410,10,D,YP,DX,D
14:27:08,UNVR,RG,3420,41,F,ZP,BK,F
14:27:06,UNVR,RG,3420,3,F,ZP,BK,F
14:27:05,UNVR,RG,3410,46,D,YP,PD,D
14:27:01,UNVR,RG,3420,10,D,CP,BK,F
14:27:01,UNVR,RG,3410,5,D,YP,YP,D
14:26:48,UNVR,RG,3420,5,F,ZP,BK,F
14:26:41,UNVR,RG,3420,2,D,ZP,BK,F
14:26:28,UNVR,RG,3410,1,D,YP,EP,D
14:26:20,UNVR,RG,3410,46,D,YP,PD,D
14:26:19,UNVR,RG,3420,1,D,PD,BK,F
14:26:18,UNVR,RG,3420,41,F,ZP,BK,F
14:26:08,UNVR,RG,3420,1,D,YP,BK,F
14:26:08,UNVR,RG,3420,3,F,ZP,BK,F
14:26:01,UNVR,RG,3410,45,D,YP,YU,D
14:25:52,UNVR,RG,3420,1,D,XC,BK,F
14:25:48,UNVR,RG,3420,3,F,ZP,BK,F
14:25:28,UNVR,RG,3420,1,D,XC,BK,F
14:25:28,UNVR,RG,3420,1,F,BK,BK,F
14:25:28,UNVR,RG,3420,5,F,ZP,BK,F
14:25:26,UNVR,RG,3420,99,F,AK,BK,F
14:25:24,UNVR,RG,3420,1,D,CC,BK,F
14:25:20,UNVR,RG,3420,44,F,ZP,BK,F
14:25:17,UNVR,RG,3410,45,D,YP,OD,D
14:25:15,UNVR,RG,3420,9,F,AK,BK,F
14:25:14,UNVR,RG,3420,1,D,XC,BK,F
14:25:12,UNVR,RG,3410,25,D,YP,ZP,F
14:25:05,UNVR,RG,3410,46,D,YP,PD,D
14:24:56,UNVR,RG,3410,5,D,YP,PD,D
14:24:56,UNVR,RG,3410,65,D,YP,PD,D
14:24:51,UNVR,RG,3420,3,F,ZP,BK,F
14:24:33,UNVR,RG,3420,5,F,ZP,BK,F
14:24:28,UNVR,RG,3410,46,D,YP,PD,D
14:24:24,UNVR,RG,3410,1,D,YP,PD,D
14:24:14,UNVR,RG,3420,45,F,AK,BK,F
14:24:13,UNVR,RG,3420,1,D,YP,BK,F
14:24:12,UNVR,RG,3410,35,D,YP,DR,D
14:24:04,UNVR,RG,3410,12,D,YP,YP,D
14:24:01,UNVR,RG,3410,500,D,YP,PP,D
14:23:59,UNVR,RG,3420,44,F,ZP,BK,F
14:23:58,UNVR,RG,3410,30,D,YP,EP,D
14:23:55,UNVR,RG,3420,2,F,ZP,BK,F
14:23:53,UNVR,RG,3420,1,F,AK,BK,F
14:23:52,UNVR,RG,3420,10,D,XC,BK,F
14:23:38,UNVR,RG,3410,2,D,YP,XL,D
14:23:36,UNVR,RG,3420,7,F,AK,BK,F
14:23:36,UNVR,RG,3420,28,D,YP,BK,F
14:23:30,UNVR,RG,3420,1,F,AK,BK,F
14:23:28,UNVR,RG,3410,46,D,YP,PD,D
14:23:26,UNVR,RG,3410,18,D,YP,OD,D
14:23:24,UNVR,RG,3420,11,F,AK,BK,F
14:23:24,UNVR,RG,3420,118,F,AK,BK,F
14:23:22,UNVR,RG,3410,10,D,YP,EP,D
14:23:13,UNVR,RG,3410,27,D,YP,ZP,F
14:23:12,UNVR,RG,3420,2,D,XC,BK,F
14:23:10,UNVR,RG,3420,3,F,AK,BK,F
14:23:00,UNVR,RG,3420,10,D,CC,BK,F
14:22:59,UNVR,RG,3420,15,D,KZ,BK,F
14:22:56,UNVR,RG,3420,5,D,HP,BK,F
14:22:55,UNVR,RG,3420,10,D,YP,BK,F
14:22:53,UNVR,RG,3420,8,F,AK,BK,F
14:22:53,UNVR,RG,3420,29,D,XL,BK,F
14:22:52,UNVR,RG,3420,85,D,GR,BK,F
14:22:52,UNVR,RG,3420,3,F,AK,BK,F
14:22:47,UNVR,RG,3420,25,D,YP,BK,F
14:22:45,UNVR,RG,3420,2,D,PD,BK,F
14:22:45,UNVR,RG,3420,13,F,AK,BK,F
14:22:43,UNVR,RG,3420,2,D,XL,BK,F
14:22:43,UNVR,RG,3420,4,F,AK,BK,F
14:22:42,UNVR,RG,3420,57,D,DR,BK,F
14:22:38,UNVR,RG,3420,3,F,AK,BK,F
14:22:37,UNVR,RG,3420,35,D,OD,BK,F
14:22:35,UNVR,RG,3420,4,F,AK,BK,F
14:22:34,UNVR,RG,3420,50,D,PD,BK,F
14:22:31,UNVR,RG,3420,10,F,AK,BK,F
14:22:30,UNVR,RG,3420,8,D,CC,BK,F
14:22:29,UNVR,RG,3420,42,F,ZP,BK,F
14:22:26,UNVR,RG,3420,5,D,YP,BK,F
14:22:14,UNVR,RG,3420,1,D,OD,BK,F
14:22:11,UNVR,RG,3420,50,D,CC,BK,F
14:22:10,UNVR,RG,3420,10,D,NI,BK,F
14:22:09,UNVR,RG,3420,25,D,CC,BK,F
14:22:08,UNVR,RG,3420,3,F,AK,BK,F
14:22:08,UNVR,RG,3420,39,F,AK,BK,F
14:22:08,UNVR,RG,3410,8,D,YP,PD,D
14:22:08,UNVR,RG,3410,5,D,DH,PD,D
14:22:08,UNVR,RG,3410,1,D,XL,PD,D
14:22:08,UNVR,RG,3410,8,D,CC,PD,D
14:22:08,UNVR,RG,3410,3,D,PD,PD,D
14:22:08,UNVR,RG,3410,2,D,CC,PD,D
14:22:08,UNVR,RG,3410,1,D,LG,PD,D
14:22:08,UNVR,RG,3410,11,D,YP,PD,D
14:22:08,UNVR,RG,3410,1,D,CC,PD,D
14:22:08,UNVR,RG,3410,1,D,SQ,PD,D
14:22:08,UNVR,RG,3410,1,D,OD,PD,D
14:22:08,UNVR,RG,3410,4,D,NI,PD,D
14:22:07,UNVR,RG,3420,188,D,AG,BK,F
14:22:07,UNVR,RG,3420,1,D,AG,ZP,F
14:22:07,UNVR,RG,3420,8,D,AG,CC,F
14:22:07,UNVR,RG,3420,1,D,AG,NI,D
14:22:07,UNVR,RG,3420,4,D,AG,ZP,F
14:22:07,UNVR,RG,3420,78,D,AG,ZP,F
14:22:07,UNVR,RG,3420,1,D,AG,AK,F
14:22:07,UNVR,RG,3420,1,D,AG,AK,F
14:22:07,UNVR,RG,3420,18,D,AG,YO,D
14:21:47,UNVR,RG,3420,1,D,YP,YO,D
14:21:44,UNVR,RG,3420,10,D,TP,YO,D
14:21:42,UNVR,RG,3420,23,D,XC,YO,D
14:21:40,UNVR,RG,3420,109,D,NI,YO,D
14:21:40,UNVR,RG,3420,2,D,SQ,YO,D
14:21:32,UNVR,RG,3420,20,D,KI,YO,D
14:21:30,UNVR,RG,3420,1,D,YP,YO,D
14:21:29,UNVR,RG,3420,5,D,NI,YO,D
14:21:17,UNVR,RG,3420,18,D,CC,YO,D
14:21:14,UNVR,RG,3420,31,F,AK,YO,D
14:21:13,UNVR,RG,3420,40,D,BQ,YO,D
14:21:13,UNVR,RG,3420,6,D,PD,YO,D
14:21:11,UNVR,RG,3420,100,D,CC,YO,D
14:21:08,UNVR,RG,3420,42,F,ZP,YO,D
14:21:07,UNVR,RG,3420,3,D,PD,YO,D
14:21:05,UNVR,RG,3410,6,D,NI,PD,D
14:21:05,UNVR,RG,3410,2,D,XL,PD,D
14:21:05,UNVR,RG,3410,25,D,YP,PD,D
14:21:05,UNVR,RG,3410,3,D,XC,PD,D
14:21:05,UNVR,RG,3410,2,D,YP,PD,D
14:21:05,UNVR,RG,3410,8,D,XC,PD,D
14:21:04,UNVR,RG,3420,18,D,KZ,YO,D
14:21:03,UNVR,RG,3420,43,D,XA,YO,D
14:21:03,UNVR,RG,3420,8,D,XA,YO,D
14:21:03,UNVR,RG,3420,2,D,XA,YO,D
14:21:03,UNVR,RG,3420,8,D,XA,ZP,F
14:21:03,UNVR,RG,3420,9,D,XA,BK,F
14:21:03,UNVR,RG,3420,96,D,XA,BK,F
14:20:59,UNVR,RG,3420,27,F,ZP,BK,F
14:20:59,UNVR,RG,3420,16,D,KZ,BK,F
14:20:58,UNVR,RG,3420,10,F,AK,BK,F
14:20:58,UNVR,RG,3420,111,F,AK,BK,F
14:20:58,UNVR,RG,3420,23,F,AK,YU,D
14:20:58,UNVR,RG,3420,42,F,AK,ZP,F
14:20:58,UNVR,RG,3420,397,F,AK,YO,D
14:20:57,UNVR,RG,3420,103,D,GR,YO,D
14:20:57,UNVR,RG,3420,500,D,GR,YO,D
14:20:57,UNVR,RG,3420,1,D,GR,CC,F
14:20:57,UNVR,RG,3420,2808,D,GR,BK,F
14:20:57,UNVR,RG,3420,1,D,GR,AK,F
14:20:57,UNVR,RG,3420,1,D,GR,YP,D
14:20:57,UNVR,RG,3420,1,D,GR,NI,D
14:20:57,UNVR,RG,3420,64,D,GR,ZP,F
14:20:57,UNVR,RG,3420,30,D,GR,HP,D
14:20:57,UNVR,RG,3420,1000,D,GR,CC,D
14:20:57,UNVR,RG,3420,541,D,GR,AK,F
14:20:57,UNVR,RG,3420,1,D,GR,AK,F
14:20:57,UNVR,RG,3420,1,D,GR,AK,F
14:20:57,UNVR,RG,3420,1,D,GR,AK,F
14:20:57,UNVR,RG,3420,1,D,GR,XC,D
14:20:57,UNVR,RG,3420,600,D,GR,SQ,D
14:20:57,UNVR,RG,3420,54,D,GR,XC,D
14:20:57,UNVR,RG,3420,3,D,GR,PD,D
14:20:57,UNVR,RG,3420,224,D,GR,YP,D
14:20:57,UNVR,RG,3420,1,D,GR,DR,D
14:20:57,UNVR,RG,3420,10,D,GR,YP,D
14:20:57,UNVR,RG,3420,9,D,GR,NI,D
14:20:57,UNVR,RG,3420,300,D,GR,YO,D
14:20:57,UNVR,RG,3420,5,D,GR,PD,D
14:20:57,UNVR,RG,3420,1000,D,GR,CC,D
14:20:57,UNVR,RG,3420,300,D,GR,YO,D
14:20:57,UNVR,RG,3420,520,D,GR,BK,F
14:20:57,UNVR,RG,3420,10,D,GR,KK,D
14:20:57,UNVR,RG,3420,35,D,GR,EP,D
14:20:57,UNVR,RG,3420,30,D,GR,ZP,F
14:20:57,UNVR,RG,3420,350,D,GR,IF,D
14:20:57,UNVR,RG,3420,1000,D,GR,CC,D
14:20:57,UNVR,RG,3420,74,D,GR,ZP,F
14:20:57,UNVR,RG,3420,40,D,GR,PD,D
14:20:57,UNVR,RG,3420,1,D,GR,NI,D
14:20:57,UNVR,RG,3420,10,D,GR,KZ,D
14:20:57,UNVR,RG,3420,32,D,GR,ZP,F
14:20:57,UNVR,RG,3420,3,D,GR,YP,D
14:20:57,UNVR,RG,3420,20,D,GR,OD,D
14:20:57,UNVR,RG,3420,49,D,GR,IF,D
14:20:57,UNVR,RG,3420,145,D,GR,XC,D
14:20:57,UNVR,RG,3420,3,D,GR,PD,D
14:20:57,UNVR,RG,3420,118,D,GR,YO,D
14:20:47,UNVR,RG,3410,17,D,XC,PD,D
14:20:47,UNVR,RG,3410,6,D,YP,PD,D
14:20:45,UNVR,RG,3420,3,D,NI,YO,D
14:20:42,UNVR,RG,3410,11,D,YP,NI,D
14:20:34,UNVR,RG,3420,10,D,CC,YO,D
14:20:23,UNVR,RG,3420,3,F,ZP,YO,D
14:20:15,UNVR,RG,3420,30,F,AK,YO,D
14:20:05,UNVR,RG,3410,46,D,YP,PD,D
14:20:03,UNVR,RG,3420,5,F,ZP,YO,D
14:20:00,UNVR,RG,3420,10,F,AK,YO,D
14:19:52,UNVR,RG,3410,14,D,YP,NI,D
14:19:51,UNVR,RG,3420,20,D,EP,YO,D
14:19:46,UNVR,RG,3410,11,D,YP,PD,D
14:19:46,UNVR,RG,3410,2,D,KK,PD,D
14:19:46,UNVR,RG,3410,20,D,KK,PD,D
14:19:46,UNVR,RG,3410,1,D,DH,PD,D
14:19:46,UNVR,RG,3410,1,D,PD,PD,D
14:19:46,UNVR,RG,3410,1,D,XC,PD,D
14:19:46,UNVR,RG,3410,3,D,PD,PD,D
14:19:46,UNVR,RG,3410,11,D,TP,PD,D
14:19:43,UNVR,RG,3420,1,F,ZP,YO,D
14:19:43,UNVR,RG,3420,4,F,ZP,ZP,F
14:19:43,UNVR,RG,3420,2,F,ZP,ZP,F
14:19:43,UNVR,RG,3420,6,F,ZP,ZP,F
14:19:43,UNVR,RG,3420,8,F,ZP,KZ,D
14:19:43,UNVR,RG,3420,24,F,ZP,PD,D
14:19:41,UNVR,RG,3420,1,D,XC,PD,D
14:19:37,UNVR,RG,3410,6,D,TP,KZ,D
14:19:26,UNVR,RG,3420,3,F,ZP,PD,D
14:19:22,UNVR,RG,3420,1,D,PD,PD,D
14:19:21,UNVR,RG,3410,8,D,TP,PD,D
14:19:21,UNVR,RG,3410,1,D,PD,PD,D
14:19:21,UNVR,RG,3410,2,D,GR,PD,D
14:19:21,UNVR,RG,3410,1,D,PD,PD,D
14:19:21,UNVR,RG,3410,1,D,GR,PD,D
14:19:21,UNVR,RG,3410,14,D,PD,PD,D
14:19:21,UNVR,RG,3410,10,D,XC,PD,D
14:19:21,UNVR,RG,3410,5,D,PD,PD,D
14:19:21,UNVR,RG,3410,4,D,KI,PD,D
14:19:19,UNVR,RG,3410,4,D,KI,ZP,F
14:19:08,UNVR,RG,3420,5,F,ZP,PD,D
14:18:29,UNVR,RG,3420,11,F,AK,PD,D
14:18:28,UNVR,RG,3420,5,F,ZP,PD,D
14:18:25,UNVR,RG,3410,22,D,KI,PD,D
14:18:25,UNVR,RG,3410,1,D,OD,PD,D
14:18:25,UNVR,RG,3410,1,D,PD,PD,D
14:18:25,UNVR,RG,3410,1,D,YP,PD,D
14:18:25,UNVR,RG,3410,5,D,YP,PD,D
14:18:25,UNVR,RG,3410,1,D,XC,PD,D
14:18:25,UNVR,RG,3410,1,D,YP,PD,D
14:18:25,UNVR,RG,3410,5,D,XC,PD,D
14:18:25,UNVR,RG,3410,5,D,PD,PD,D
14:18:25,UNVR,RG,3410,1,D,GR,PD,D
14:18:25,UNVR,RG,3410,1,D,YP,PD,D
14:18:25,UNVR,RG,3410,2,D,CC,PD,D
14:18:13,UNVR,RG,3420,5,F,ZP,AI,D
14:18:13,UNVR,RG,3420,6,F,ZP,ZP,F
14:18:13,UNVR,RG,3420,23,F,ZP,PD,D
14:18:13,UNVR,RG,3420,1,F,ZP,XC,D
14:18:13,UNVR,RG,3420,10,F,ZP,YO,D
14:18:10,UNVR,RG,3420,2,D,AT,YO,D
14:18:09,UNVR,RG,3420,2,D,ZP,YO,D
14:18:06,UNVR,RG,3410,3,D,CC,PD,D
14:18:06,UNVR,RG,3410,1,D,PD,PD,D
14:18:06,UNVR,RG,3410,1,D,XC,PD,D
14:18:06,UNVR,RG,3410,1,D,PD,PD,D
14:18:06,UNVR,RG,3410,4,D,PD,PD,D
14:17:59,UNVR,RG,3410,30,D,PD,ZP,F
14:17:54,UNVR,RG,3410,1,D,PD,PD,D
14:17:53,UNVR,RG,3410,46,D,PD,PD,D
14:17:51,UNVR,RG,3420,2,D,XC,YO,D
14:17:48,UNVR,RG,3420,5,F,ZP,YO,D
14:17:41,UNVR,RG,3410,7,D,PD,NI,D
14:17:38,UNVR,RG,3420,1,D,YP,YO,D
14:17:25,UNVR,RG,3420,1,D,XC,YO,D
14:17:22,UNVR,RG,3410,3,D,PD,ZP,F
14:17:21,UNVR,RG,3420,2,D,XC,YO,D
14:17:20,UNVR,RG,3410,1,D,PD,XC,D
14:17:09,UNVR,RG,3420,1,D,YP,YO,D
14:17:05,UNVR,RG,3420,2,D,CC,YO,D
14:17:03,UNVR,RG,3420,5,F,ZP,YO,D
14:17:01,UNVR,RG,3410,53,D,PD,YU,D
14:17:01,UNVR,RG,3410,2,D,KZ,YU,D
14:17:01,UNVR,RG,3410,2,D,GR,YU,D
14:17:01,UNVR,RG,3410,3,D,KK,YU,D
14:17:01,UNVR,RG,3410,5,D,MG,YU,D
14:16:58,UNVR,RG,3410,32,D,MG,ZP,F
14:16:52,UNVR,RG,3420,65,F,AK,YO,D
14:16:52,UNVR,RG,3410,5,D,MG,ZP,F
14:16:51,UNVR,RG,3420,60,D,CC,YO,D
14:16:42,UNVR,RG,3410,8,D,MG,KZ,D
14:16:42,UNVR,RG,3420,30,D,XA,YO,D
14:16:39,UNVR,RG,3420,1,D,NI,YO,D
14:16:38,UNVR,RG,3410,200,D,MG,BK,F
14:16:38,UNVR,RG,3410,20,D,NI,BK,F
14:16:38,UNVR,RG,3410,25,D,KK,BK,F
14:16:38,UNVR,RG,3410,2195,D,NI,BK,F
14:16:38,UNVR,RG,3410,2,D,CC,BK,F
14:16:38,UNVR,RG,3410,10,D,XL,BK,F
14:16:38,UNVR,RG,3410,5,D,NI,BK,F
14:16:38,UNVR,RG,3410,3,D,YP,BK,F
14:16:38,UNVR,RG,3410,1,D,CC,BK,F
14:16:38,UNVR,RG,3410,1,D,KK,BK,F
14:16:38,UNVR,RG,3410,1,D,CC,BK,F
14:16:38,UNVR,RG,3410,37,D,ZP,BK,F
14:16:35,UNVR,RG,3420,3,D,KK,YO,D
14:16:32,UNVR,RG,3410,13,D,ZP,PD,D
14:16:32,UNVR,RG,3410,33,D,NI,PD,D
14:16:28,UNVR,RG,3420,308,D,OD,YO,D
14:16:28,UNVR,RG,3420,1,D,OD,AK,F
14:16:28,UNVR,RG,3420,492,D,OD,BK,F
14:16:22,UNVR,RG,3420,3,F,ZP,BK,F
14:16:21,UNVR,RG,3420,42,F,ZP,BK,F
14:16:18,UNVR,RG,3410,46,D,NI,PD,D
14:16:03,UNVR,RG,3420,5,F,ZP,BK,F
14:15:53,UNVR,RG,3410,5,D,NI,PD,D
14:15:52,UNVR,RG,3410,4,D,NI,XC,D
14:15:49,UNVR,RG,3410,5,D,NI,ZP,F
14:15:36,UNVR,RG,3420,20,F,AK,BK,F
14:15:33,UNVR,RG,3410,10,D,NI,NI,D
14:15:30,UNVR,RG,3410,46,D,NI,PD,D
14:15:22,UNVR,RG,3420,5,F,ZP,BK,F
14:15:22,UNVR,RG,3410,151,D,NI,PP,D
14:15:22,UNVR,RG,3410,3,D,XC,PP,D
14:15:22,UNVR,RG,3410,1,D,PD,PP,D
14:15:22,UNVR,RG,3410,5,D,YP,PP,D
14:15:22,UNVR,RG,3410,10,D,AZ,PP,D
14:15:22,UNVR,RG,3410,10,D,PD,PP,D
14:15:22,UNVR,RG,3410,320,D,YU,PP,D
14:15:19,UNVR,RG,3410,1,D,YU,ZP,F
14:15:17,UNVR,RG,3410,46,D,YU,PD,D
14:15:09,UNVR,RG,3420,8,F,AK,BK,F
14:15:09,UNVR,RG,3420,10,D,KK,BK,F
14:15:00,UNVR,RG,3420,42,F,ZP,BK,F
14:14:53,UNVR,RG,3410,5,D,YU,ZP,F
14:14:53,UNVR,RG,3420,1,D,XC,BK,F
14:14:49,UNVR,RG,3420,5,D,CC,BK,F
14:14:45,UNVR,RG,3420,1,F,BK,BK,F
14:14:44,UNVR,RG,3410,1,D,YU,KK,D
14:14:44,UNVR,RG,3420,10,D,KK,BK,F
14:14:43,UNVR,RG,3420,3,F,ZP,BK,F
14:14:36,UNVR,RG,3420,4,D,NI,BK,F
14:14:29,UNVR,RG,3420,42,F,ZP,BK,F
14:14:29,UNVR,RG,3420,1,D,PD,BK,F
14:14:25,UNVR,RG,3410,46,D,YU,PD,D
14:14:23,UNVR,RG,3420,2,D,XC,BK,F
14:14:21,UNVR,RG,3420,5,F,ZP,BK,F
14:14:09,UNVR,RG,3410,1,D,YU,XC,D
14:14:06,UNVR,RG,3420,1,D,NI,BK,F
14:14:02,UNVR,RG,3420,2,D,XC,BK,F
14:14:00,UNVR,RG,3420,16,F,AK,BK,F
14:13:59,UNVR,RG,3420,107,D,CP,BK,F
14:13:59,UNVR,RG,3420,1,D,CP,AK,F
14:13:59,UNVR,RG,3420,1,D,CP,AK,F
14:13:59,UNVR,RG,3420,1,D,CP,AK,F
14:13:59,UNVR,RG,3420,70,D,CP,AK,F
14:13:59,UNVR,RG,3420,120,D,CP,BK,F
14:13:57,UNVR,RG,3410,3,D,YU,ZP,F
14:13:43,UNVR,RG,3420,300,D,OD,BK,F
14:13:42,UNVR,RG,3410,10,D,YU,KZ,D
14:13:37,UNVR,RG,3420,5,F,ZP,BK,F
14:13:26,UNVR,RG,3410,46,D,YU,PD,D
14:13:22,UNVR,RG,3410,58,D,YU,ZP,F
14:13:20,UNVR,RG,3410,24,D,YU,ZP,F
14:13:20,UNVR,RG,3410,5,D,YU,ZP,F
14:13:19,UNVR,RG,3410,1,D,YU,YP,D
14:13:06,UNVR,RG,3410,147,D,YU,IF,D
14:12:54,UNVR,RG,3410,2,D,YU,XC,D
14:12:53,UNVR,RG,3420,1,D,PD,BK,F
14:12:49,UNVR,RG,3420,14,D,KZ,BK,F
14:12:48,UNVR,RG,3420,5,F,ZP,BK,F
14:12:45,UNVR,RG,3410,1,D,YU,AK,F
14:12:34,UNVR,RG,3420,100,D,YP,BK,F
14:12:32,UNVR,RG,3420,42,F,ZP,BK,F
14:12:30,UNVR,RG,3410,46,D,YU,PD,D
14:12:26,UNVR,RG,3420,200,D,RO,BK,F
14:12:20,UNVR,RG,3420,20,D,DH,BK,F
14:12:16,UNVR,RG,3420,100,D,YP,BK,F
14:12:12,UNVR,RG,3410,5,D,YU,ZP,F
14:12:11,UNVR,RG,3420,15,D,CC,BK,F
14:12:09,UNVR,RG,3420,10,D,CC,BK,F
14:12:05,UNVR,RG,3420,300,D,OD,BK,F
14:12:05,UNVR,RG,3420,3,F,ZP,BK,F
14:12:05,UNVR,RG,3420,1,D,XC,BK,F
14:12:01,UNVR,RG,3420,10,D,YP,BK,F
14:12:00,UNVR,RG,3410,1,D,YU,YP,D
14:11:55,UNVR,RG,3420,20,F,DX,BK,F
14:11:51,UNVR,RG,3420,1,D,PD,BK,F
14:11:41,UNVR,RG,3420,5,F,ZP,BK,F
14:11:37,UNVR,RG,3420,30,D,DR,BK,F
14:11:34,UNVR,RG,3410,46,D,YU,PD,D
14:11:30,UNVR,RG,3420,11,F,AK,BK,F
14:11:25,UNVR,RG,3410,80,D,YU,ZP,F
14:11:24,UNVR,RG,3420,42,F,ZP,BK,F
14:11:22,UNVR,RG,3420,1,D,NI,BK,F
14:11:20,UNVR,RG,3420,1,D,YP,BK,F
14:11:07,UNVR,RG,3410,5,D,YU,ZP,F
14:10:53,UNVR,RG,3420,5,F,ZP,BK,F
14:10:52,UNVR,RG,3410,46,D,YU,PD,D
14:10:30,UNVR,RG,3410,1,D,YU,AK,F
14:10:20,UNVR,RG,3420,5,D,KK,BK,F
14:10:08,UNVR,RG,3420,50,F,DX,BK,F
14:10:08,UNVR,RG,3420,3,F,ZP,BK,F
14:10:03,UNVR,RG,3420,50,D,NI,BK,F
14:10:00,UNVR,RG,3410,60,D,YU,YU,D
14:10:00,UNVR,RG,3410,3,D,YU,ZP,F
14:10:00,UNVR,RG,3410,30,D,YU,ZP,F
14:09:52,UNVR,RG,3410,15,D,YU,GR,D
14:09:43,UNVR,RG,3420,20,D,LG,BK,F
14:09:43,UNVR,RG,3420,5,F,ZP,BK,F
14:09:42,UNVR,RG,3410,9,D,YU,KZ,D
14:09:42,UNVR,RG,3420,10,F,DX,BK,F
14:09:32,UNVR,RG,3410,1,D,YU,PD,D
14:09:28,UNVR,RG,3410,5,D,YU,ZP,F
14:09:26,UNVR,RG,3420,6,D,NI,BK,F
14:09:24,UNVR,RG,3410,1130,D,YU,ZP,F
14:09:24,UNVR,RG,3410,1,D,XA,ZP,F
14:09:24,UNVR,RG,3410,1,D,YP,ZP,F
14:09:24,UNVR,RG,3410,10,D,GR,ZP,F
14:09:24,UNVR,RG,3410,1,D,PD,ZP,F
14:09:24,UNVR,RG,3410,2,D,YP,ZP,F
14:09:24,UNVR,RG,3410,1,D,KK,ZP,F
14:09:24,UNVR,RG,3410,5,D,KK,ZP,F
14:09:24,UNVR,RG,3410,3,D,EL,ZP,F
14:09:24,UNVR,RG,3410,10,D,CP,ZP,F
14:09:24,UNVR,RG,3410,1,D,YU,ZP,F
14:09:24,UNVR,RG,3410,1,D,PD,ZP,F
14:09:24,UNVR,RG,3410,50,D,CC,ZP,F
14:09:24,UNVR,RG,3410,5,D,XL,ZP,F
14:09:24,UNVR,RG,3410,10,D,YP,ZP,F
14:09:24,UNVR,RG,3410,2,D,PD,ZP,F
14:09:24,UNVR,RG,3410,2,D,LS,ZP,F
14:09:24,UNVR,RG,3410,2,D,KZ,ZP,F
14:09:24,UNVR,RG,3410,5,D,CC,ZP,F
14:09:24,UNVR,RG,3410,1,D,YP,ZP,F
14:09:24,UNVR,RG,3410,2,D,YP,ZP,F
14:09:24,UNVR,RG,3410,1,D,CC,ZP,F
14:09:24,UNVR,RG,3410,20,D,BQ,ZP,F
14:09:24,UNVR,RG,3410,5,D,PD,ZP,F
14:09:24,UNVR,RG,3410,20,D,XL,ZP,F
14:09:24,UNVR,RG,3410,1,D,SQ,ZP,F
14:09:24,UNVR,RG,3410,15,D,YP,ZP,F
14:09:24,UNVR,RG,3410,20,D,IP,ZP,F
14:09:24,UNVR,RG,3410,2,D,YP,ZP,F
14:09:24,UNVR,RG,3410,1,D,ZP,ZP,F
14:09:24,UNVR,RG,3410,10,D,NI,ZP,F
14:09:24,UNVR,RG,3410,1,D,YP,ZP,F
14:09:24,UNVR,RG,3410,2,D,PD,ZP,F
14:09:24,UNVR,RG,3410,2,D,XC,ZP,F
14:09:24,UNVR,RG,3410,25,D,KK,ZP,F
14:09:24,UNVR,RG,3410,23,D,HP,ZP,F
14:09:24,UNVR,RG,3410,2,D,NI,ZP,F
14:09:24,UNVR,RG,3410,3,D,YP,ZP,F
14:09:24,UNVR,RG,3410,1,D,PD,ZP,F
14:09:24,UNVR,RG,3410,10,F,YP,ZP,F
14:09:24,UNVR,RG,3410,1,D,LS,ZP,F
14:09:24,UNVR,RG,3410,5,D,SQ,ZP,F
14:09:24,UNVR,RG,3410,100,D,CC,ZP,F
14:09:24,UNVR,RG,3410,25,D,AI,ZP,F
14:09:24,UNVR,RG,3410,20,D,YP,ZP,F
14:09:24,UNVR,RG,3410,100,D,AR,ZP,F
14:09:24,UNVR,RG,3410,3,D,PD,ZP,F
14:09:24,UNVR,RG,3410,3,D,CP,ZP,F
14:09:24,UNVR,RG,3410,1,D,YP,ZP,F
14:09:24,UNVR,RG,3410,5,D,DX,ZP,F
14:09:24,UNVR,RG,3410,10,D,CC,ZP,F
14:09:24,UNVR,RG,3410,200,D,SQ,ZP,F
14:09:24,UNVR,RG,3410,1,D,PD,ZP,F
14:09:24,UNVR,RG,3410,2,D,YP,ZP,F
14:09:24,UNVR,RG,3410,1,D,YP,ZP,F
14:09:24,UNVR,RG,3410,10,D,PD,ZP,F
14:09:24,UNVR,RG,3410,2,D,PD,ZP,F
14:09:24,UNVR,RG,3410,1,D,NI,ZP,F
14:09:24,UNVR,RG,3410,10,D,PD,ZP,F
14:09:24,UNVR,RG,3410,3,D,PD,ZP,F
14:09:24,UNVR,RG,3410,5,D,YP,ZP,F
14:09:24,UNVR,RG,3410,300,D,DH,ZP,F
14:09:24,UNVR,RG,3410,48,D,YP,ZP,F
14:09:24,UNVR,RG,3410,5,D,YP,ZP,F
14:09:24,UNVR,RG,3410,2,D,CC,ZP,F
14:09:24,UNVR,RG,3410,1,D,PD,ZP,F
14:09:24,UNVR,RG,3410,1,D,PD,ZP,F
14:09:24,UNVR,RG,3410,1,D,PD,ZP,F
14:09:24,UNVR,RG,3410,50,D,GR,ZP,F
14:09:24,UNVR,RG,3410,30,D,LS,ZP,F
14:09:24,UNVR,RG,3410,1,D,NI,ZP,F
14:09:24,UNVR,RG,3410,5,D,CC,ZP,F
14:09:24,UNVR,RG,3410,1,D,HP,ZP,F
14:09:24,UNVR,RG,3410,10,D,CC,ZP,F
14:09:24,UNVR,RG,3410,6,D,LG,ZP,F
14:09:24,UNVR,RG,3410,50,D,GR,ZP,F
14:09:24,UNVR,RG,3410,15,D,YP,ZP,F
14:09:24,UNVR,RG,3410,1,D,PD,ZP,F
14:09:24,UNVR,RG,3410,2,D,KK,ZP,F
14:09:24,UNVR,RG,3410,25,D,YP,ZP,F
14:09:24,UNVR,RG,3410,5,D,PD,ZP,F
14:09:24,UNVR,RG,3410,1,D,YP,ZP,F
14:09:24,UNVR,RG,3410,5,D,YP,ZP,F
14:09:24,UNVR,RG,3410,5,D,NI,ZP,F
14:09:24,UNVR,RG,3410,50,F,YP,ZP,F
14:09:24,UNVR,RG,3410,50,D,EP,ZP,F
14:09:24,UNVR,RG,3410,1,D,CC,ZP,F
14:09:24,UNVR,RG,3410,1,D,PD,ZP,F
14:09:24,UNVR,RG,3410,10,D,NI,ZP,F
14:09:24,UNVR,RG,3410,50,D,SQ,ZP,F
14:09:24,UNVR,RG,3410,1,D,PD,ZP,F
14:09:24,UNVR,RG,3410,5,D,YP,ZP,F
14:09:24,UNVR,RG,3410,2,D,GR,ZP,F
14:09:24,UNVR,RG,3410,20,D,PD,ZP,F
14:09:24,UNVR,RG,3410,25,F,AG,ZP,F
14:09:24,UNVR,RG,3410,5,D,OD,ZP,F
14:09:24,UNVR,RG,3410,25,D,DR,ZP,F
14:09:24,UNVR,RG,3410,3,D,YP,ZP,F
14:09:24,UNVR,RG,3410,2,D,XC,ZP,F
14:09:24,UNVR,RG,3410,10,D,SQ,ZP,F
14:09:24,UNVR,RG,3410,1,D,AT,ZP,F
14:09:24,UNVR,RG,3410,1,D,YP,ZP,F
14:09:24,UNVR,RG,3410,1,D,PD,ZP,F
14:09:24,UNVR,RG,3410,2,D,NI,ZP,F
14:09:24,UNVR,RG,3410,2,D,CC,ZP,F
14:09:24,UNVR,RG,3410,5,D,SQ,ZP,F
14:09:24,UNVR,RG,3410,50,D,RS,ZP,F
14:09:24,UNVR,RG,3410,1,D,XC,ZP,F
14:09:24,UNVR,RG,3410,10,D,YP,ZP,F
14:09:24,UNVR,RG,3410,2,D,CC,ZP,F
14:09:24,UNVR,RG,3410,1,D,PD,ZP,F
14:09:24,UNVR,RG,3410,100,D,YP,ZP,F
14:09:24,UNVR,RG,3410,2,D,PD,ZP,F
14:09:24,UNVR,RG,3410,10,D,DR,ZP,F
14:09:24,UNVR,RG,3410,50,D,YP,ZP,F
14:09:24,UNVR,RG,3410,2,D,DH,ZP,F
14:09:24,UNVR,RG,3410,1,D,XC,ZP,F
14:09:24,UNVR,RG,3410,1,D,NI,ZP,F
14:09:24,UNVR,RG,3410,1,D,PD,ZP,F
14:09:24,UNVR,RG,3410,1,D,DH,ZP,F
14:09:24,UNVR,RG,3410,20,D,KK,ZP,F
14:09:24,UNVR,RG,3410,10,D,CC,ZP,F
14:09:24,UNVR,RG,3410,25,D,CC,ZP,F
14:09:24,UNVR,RG,3410,1,D,CC,ZP,F
14:09:24,UNVR,RG,3410,29,D,NI,ZP,F
14:09:24,UNVR,RG,3410,1,D,OD,ZP,F
14:09:24,UNVR,RG,3410,1,D,RO,ZP,F
14:09:24,UNVR,RG,3410,1,D,YP,ZP,F
14:09:24,UNVR,RG,3410,20,D,DH,ZP,F
14:09:24,UNVR,RG,3410,1,D,XC,ZP,F
14:09:24,UNVR,RG,3410,20,D,DR,ZP,F
14:09:24,UNVR,RG,3410,3,D,DH,ZP,F
14:09:24,UNVR,RG,3410,3109,D,YP,ZP,F
14:09:21,UNVR,RG,3420,48,F,ZP,BK,F
14:09:14,UNVR,RG,3420,483,D,PD,BK,F
14:09:14,UNVR,RG,3410,3,D,YP,XC,D
14:09:09,UNVR,RG,3420,30,D,KZ,BK,F
14:08:58,UNVR,RG,3420,3,F,ZP,BK,F
14:08:46,UNVR,RG,3410,5,D,YP,PD,D
14:08:39,UNVR,RG,3410,10,D,YP,NI,D
14:08:38,UNVR,RG,3420,5,F,ZP,BK,F
14:08:36,UNVR,RG,3420,1,D,PD,BK,F
14:08:29,UNVR,RG,3420,30,D,PD,BK,F
14:08:28,UNVR,RG,3420,1,D,XC,BK,F
14:08:27,UNVR,RG,3410,5,D,YP,ZP,F
14:08:19,UNVR,RG,3420,5,D,CC,BK,F
14:08:03,UNVR,RG,3420,1,D,XC,BK,F
14:08:02,UNVR,RG,3420,1,D,XC,BK,F
14:07:58,UNVR,RG,3420,5,F,ZP,BK,F
14:07:53,UNVR,RG,3420,9,D,PD,BK,F
14:07:45,UNVR,RG,3410,1,D,YP,AK,F
14:07:29,UNVR,RG,3410,5,D,YP,ZP,F
14:07:25,UNVR,RG,3420,55,D,NI,BK,F
14:07:24,UNVR,RG,3410,46,D,YP,PD,D
14:07:24,UNVR,RG,3420,42,F,ZP,BK,F
14:07:18,UNVR,RG,3420,5,F,ZP,BK,F
14:07:15,UNVR,RG,3420,14,F,AK,BK,F
14:07:06,UNVR,RG,3420,20,D,XC,BK,F
14:06:44,UNVR,RG,3420,3,D,XC,BK,F
14:06:40,UNVR,RG,3420,1,D,SQ,BK,F
14:06:39,UNVR,RG,3420,13,F,AK,BK,F
14:06:38,UNVR,RG,3420,25,D,XA,BK,F
14:06:33,UNVR,RG,3420,3,F,ZP,BK,F
14:06:27,UNVR,RG,3420,250,D,YP,BK,F
14:06:26,UNVR,RG,3410,2,D,YP,ZP,F
14:06:26,UNVR,RG,3420,16,F,AK,BK,F
14:06:25,UNVR,RG,3420,1,D,NI,BK,F
14:06:19,UNVR,RG,3420,2,D,CD,BK,F
14:06:16,UNVR,RG,3420,42,F,ZP,BK,F
14:06:16,UNVR,RG,3410,46,D,YP,PD,D
14:06:16,UNVR,RG,3420,12,D,YP,BK,F
14:06:08,UNVR,RG,3420,3,F,ZP,BK,F
14:06:01,UNVR,RG,3420,2,D,YP,BK,F
14:06:00,UNVR,RG,3420,100,D,AG,BK,F
14:06:00,UNVR,RG,3420,8,D,PD,BK,F
14:06:00,UNVR,RG,3410,90,D,YP,SQ,D
14:05:59,UNVR,RG,3410,31,D,YP,ZP,F
14:05:54,UNVR,RG,3410,8,D,YP,PD,D
14:05:47,UNVR,RG,3410,500,D,YP,PP,D
14:05:43,UNVR,RG,3420,10,D,OD,BK,F
14:05:43,UNVR,RG,3420,5,F,ZP,BK,F
14:05:42,UNVR,RG,3410,17,D,YP,KZ,D
14:05:30,UNVR,RG,3420,1,D,KK,BK,F
14:05:22,UNVR,RG,3420,11,D,KK,BK,F
14:05:16,UNVR,RG,3420,2,D,PD,BK,F
14:05:10,UNVR,RG,3420,3,D,YP,BK,F
14:05:03,UNVR,RG,3420,3,F,ZP,BK,F
14:04:53,UNVR,RG,3420,1,D,CC,BK,F
14:04:53,UNVR,RG,3420,10,D,XA,BK,F
14:04:53,UNVR,RG,3420,5,D,EP,BK,F
14:04:50,UNVR,RG,3410,46,D,YP,PD,D
14:04:44,UNVR,RG,3420,24,D,KZ,BK,F
14:04:43,UNVR,RG,3420,11,D,CP,BK,F
14:04:42,UNVR,RG,3420,250,D,CD,BK,F
14:04:38,UNVR,RG,3420,5,F,ZP,BK,F
14:04:35,UNVR,RG,3420,2,D,LG,BK,F
14:04:33,UNVR,RG,3410,4,D,YP,PD,D
14:04:15,UNVR,RG,3420,10,D,YP,BK,F
14:04:13,UNVR,RG,3410,1,D,YP,XC,D
14:04:00,UNVR,RG,3410,53,D,YP,YU,D
14:03:58,UNVR,RG,3420,3,F,ZP,BK,F
14:03:58,UNVR,RG,3420,10,D,XL,BK,F
14:03:55,UNVR,RG,3420,8,F,AK,BK,F
14:03:55,UNVR,RG,3420,50,D,KK,BK,F
14:03:51,UNVR,RG,3420,5,D,PD,BK,F
14:03:49,UNVR,RG,3410,1,D,YP,PD,D
14:03:38,UNVR,RG,3420,4,F,ZP,BK,F
14:03:23,UNVR,RG,3420,2,D,PD,BK,F
14:03:19,UNVR,RG,3410,46,D,YP,PD,D
14:03:15,UNVR,RG,3410,1,D,YP,AK,F
14:03:13,UNVR,RG,3420,1,D,EP,BK,F
14:03:07,UNVR,RG,3410,12,D,YP,PD,D
14:02:59,UNVR,RG,3420,6,F,AK,BK,F
14:02:59,UNVR,RG,3420,1,F,AK,BK,F
14:02:59,UNVR,RG,3420,26,F,AK,ZP,F
14:02:59,UNVR,RG,3420,79,D,PD,ZP,F
14:02:59,UNVR,RG,3420,25,D,PD,ZP,F
14:02:59,UNVR,RG,3420,202,D,PD,ZP,F
14:02:59,UNVR,RG,3420,177,D,PD,ZP,F
14:02:58,UNVR,RG,3420,3,F,ZP,ZP,F
14:02:58,UNVR,RG,3420,8,D,XC,ZP,F
14:02:54,UNVR,RG,3410,3,D,YP,SQ,D
14:02:40,UNVR,RG,3420,1,D,XC,ZP,F
14:02:39,UNVR,RG,3410,2,D,YP,PD,D
14:02:37,UNVR,RG,3420,5,F,ZP,ZP,F
14:02:35,UNVR,RG,3420,1,D,NI,ZP,F
14:02:25,UNVR,RG,3420,1,D,EP,ZP,F
14:02:20,UNVR,RG,3410,46,D,YP,PD,D
14:02:14,UNVR,RG,3410,26,D,YP,YP,D
14:01:58,UNVR,RG,3420,3,F,ZP,ZP,F
14:01:47,UNVR,RG,3410,120,D,YP,ZP,F
14:01:41,UNVR,RG,3420,15,D,OD,ZP,F
14:01:39,UNVR,RG,3420,3,D,YP,ZP,F
14:01:34,UNVR,RG,3420,30,D,PD,ZP,F
14:01:32,UNVR,RG,3420,1,D,NI,ZP,F
14:01:25,UNVR,RG,3420,5,D,SQ,ZP,F
14:01:24,UNVR,RG,3410,46,D,YP,PD,D
14:01:23,UNVR,RG,3420,40,D,YP,ZP,F
14:01:21,UNVR,RG,3420,1,D,YP,ZP,F
14:01:10,UNVR,RG,3420,1,D,XC,ZP,F
14:01:03,UNVR,RG,3420,1,D,EP,ZP,F
14:00:51,UNVR,RG,3410,8,D,YP,XL,D
14:00:48,UNVR,RG,3410,20,D,YP,KK,D
14:00:47,UNVR,RG,3420,30,D,GR,ZP,F
14:00:44,UNVR,RG,3420,16,D,KZ,ZP,F
14:00:40,UNVR,RG,3420,25,D,SQ,ZP,F
14:00:37,UNVR,RG,3420,10,D,NI,ZP,F
14:00:30,UNVR,RG,3420,1,D,XC,ZP,F
14:00:30,UNVR,RG,3410,1,D,YP,AK,F
14:00:25,UNVR,RG,3420,9,D,PD,ZP,F
13:59:59,UNVR,RG,3410,4,D,YP,BQ,D
13:59:44,UNVR,RG,3420,50,D,XC,ZP,F
13:59:41,UNVR,RG,3420,2,D,XL,ZP,F
13:59:38,UNVR,RG,3410,10,D,YP,ZP,F
13:59:38,UNVR,RG,3420,1,D,YU,ZP,F
13:59:36,UNVR,RG,3410,138,D,YP,ZP,F
13:59:36,UNVR,RG,3420,2,D,CC,ZP,F
13:59:25,UNVR,RG,3420,10,D,YP,ZP,F
13:59:19,UNVR,RG,3410,1,D,YP,PD,D
13:59:18,UNVR,RG,3410,46,D,YP,PD,D
13:59:08,UNVR,RG,3420,1,D,XC,ZP,F
13:58:56,UNVR,RG,3420,3,D,XC,ZP,F
13:58:45,UNVR,RG,3410,1,D,YP,AK,F
13:58:41,UNVR,RG,3410,7,D,YP,PD,D
13:58:35,UNVR,RG,3420,5,D,SQ,ZP,F
13:58:29,UNVR,RG,3420,46,D,SS,ZP,F
13:58:29,UNVR,RG,3420,156,D,SS,ZP,F
13:58:29,UNVR,RG,3420,20,D,SS,ZP,F
13:58:29,UNVR,RG,3420,18,D,SS,ZP,F
13:58:29,UNVR,RG,3420,60,D,SS,ZP,F
13:58:27,UNVR,RG,3420,4,D,XL,ZP,F
13:58:23,UNVR,RG,3410,479,D,YP,ZP,D
13:58:23,UNVR,RG,3410,1,D,NI,ZP,D
13:58:23,UNVR,RG,3410,3,D,YP,ZP,D
13:58:23,UNVR,RG,3410,5,D,NI,ZP,D
13:58:23,UNVR,RG,3410,1,D,YP,ZP,D
13:58:23,UNVR,RG,3410,5,D,DH,ZP,D
13:58:23,UNVR,RG,3410,5,D,OD,ZP,D
13:58:23,UNVR,RG,3410,50,D,YU,ZP,D
13:58:23,UNVR,RG,3410,1,D,DR,ZP,D
13:58:23,UNVR,RG,3410,1,D,YP,ZP,D
13:58:23,UNVR,RG,3410,1,D,YP,ZP,D
13:58:23,UNVR,RG,3410,248,D,YP,ZP,D
13:58:21,UNVR,RG,3420,1,D,XC,ZP,F
13:58:17,UNVR,RG,3420,100,D,YP,ZP,F
13:58:16,UNVR,RG,3420,5,D,SQ,ZP,F
13:58:08,UNVR,RG,3420,12,D,OD,ZP,F
13:58:03,UNVR,RG,3420,16,D,YP,ZP,F
13:58:03,UNVR,RG,3420,65,D,YP,ZP,F
13:58:00,UNVR,RG,3420,2,D,NI,ZP,F
13:57:51,UNVR,RG,3420,1,D,XC,ZP,F
13:57:28,UNVR,RG,3420,85,D,EP,ZP,F
13:57:28,UNVR,RG,3420,34,D,EP,ZP,F
13:57:28,UNVR,RG,3420,30,D,EP,ZP,F
13:57:28,UNVR,RG,3420,16,D,EP,ZP,F
13:57:26,UNVR,RG,3420,2,D,NI,ZP,F
13:57:16,UNVR,RG,3420,10,D,YB,ZP,F
13:57:07,UNVR,RG,3410,46,D,YP,PD,D
13:57:02,UNVR,RG,3420,2,D,NI,ZP,F
13:57:02,UNVR,RG,3420,10,D,NI,PP,D
13:56:58,UNVR,RG,3420,1,D,XC,PP,D
13:56:48,UNVR,RG,3420,5,D,YP,PP,D
13:56:47,UNVR,RG,3410,1,D,YP,PD,D
13:56:45,UNVR,RG,3410,1,D,YP,AK,F
13:56:41,UNVR,RG,3420,1,D,XC,PP,D
13:56:35,UNVR,RG,3420,50,D,NI,PP,D
13:56:19,UNVR,RG,3420,10,D,YP,PP,D
13:56:18,UNVR,RG,3420,50,D,NI,PP,D
13:56:08,UNVR,RG,3410,46,D,YP,PD,D
13:56:04,UNVR,RG,3420,25,D,NI,PP,D
13:56:03,UNVR,RG,3420,1,D,PD,PP,D
13:56:02,UNVR,RG,3420,1,D,AT,PP,D
13:55:54,UNVR,RG,3420,5,D,PD,PP,D
13:55:52,UNVR,RG,3420,1,D,EP,PP,D
13:55:31,UNVR,RG,3410,2,D,YP,XL,D
13:55:30,UNVR,RG,3420,5,D,CC,PP,D
13:55:27,UNVR,RG,3420,8,D,NI,PP,D
13:55:22,UNVR,RG,3410,46,D,YP,PD,D
13:55:18,UNVR,RG,3420,3,D,PD,PP,D
13:55:07,UNVR,RG,3420,1,D,XC,PP,D
13:54:59,UNVR,RG,3420,3,D,PD,PP,D
13:54:58,UNVR,RG,3420,29,D,YP,PP,D
13:54:55,UNVR,RG,3420,1,F,AK,PP,D
13:54:55,UNVR,RG,3420,5,D,YP,PP,D
13:54:55,UNVR,RG,3420,1,D,XC,PP,D
13:54:55,UNVR,RG,3420,3,F,ZP,PP,D
13:54:55,UNVR,RG,3420,2,D,CC,PP,D
13:54:55,UNVR,RG,3420,1,D,NI,PP,D
13:54:55,UNVR,RG,3420,10,D,DH,PP,D
13:54:55,UNVR,RG,3420,13,D,KZ,PP,D
13:54:55,UNVR,RG,3420,1,D,YP,PP,D
13:54:55,UNVR,RG,3420,2,F,ZP,PP,D
13:54:55,UNVR,RG,3420,5,D,LG,PP,D
13:54:55,UNVR,RG,3420,2,F,AK,PP,D
13:54:55,UNVR,RG,3420,62,F,ZP,PP,D
13:54:55,UNVR,RG,3420,14,F,AK,PP,D
13:54:55,UNVR,RG,3420,2,D,NI,PP,D
13:54:55,UNVR,RG,3420,7,F,ZP,PP,D
13:54:55,UNVR,RG,3420,100,D,GR,PP,D
13:54:55,UNVR,RG,3420,3,D,NI,PP,D
13:54:55,UNVR,RG,3420,57,D,YU,PP,D
13:54:53,UNVR,RG,3420,2,D,YU,XL,D
13:54:30,UNVR,RG,3430,2,D,XL,CC,D
13:54:18,UNVR,RG,3420,46,D,YU,PD,D
13:54:08,UNVR,RG,3420,26,D,YU,ZP,F
13:54:08,UNVR,RG,3420,170,D,YU,AK,F
13:54:08,UNVR,RG,3420,5,D,DR,AK,F
13:54:08,UNVR,RG,3420,50,D,YP,AK,F
13:54:08,UNVR,RG,3420,1,D,KK,AK,F
13:54:08,UNVR,RG,3420,10,D,PD,AK,F
13:54:08,UNVR,RG,3420,1,D,XC,AK,F
13:54:08,UNVR,RG,3420,4,F,ZP,AK,F
13:54:08,UNVR,RG,3420,70,D,TF,AK,F
13:54:08,UNVR,RG,3420,46,F,ZP,AK,F
13:54:08,UNVR,RG,3420,1,D,LS,AK,F
13:54:08,UNVR,RG,3420,75,F,ZP,AK,F
13:54:08,UNVR,RG,3420,1,D,XC,AK,F
13:54:08,UNVR,RG,3420,1,D,YP,AK,F
13:54:08,UNVR,RG,3420,1,D,OD,AK,F
13:54:08,UNVR,RG,3420,16,F,ZP,AK,F
13:54:08,UNVR,RG,3420,10,D,CC,AK,F
13:54:08,UNVR,RG,3420,20,D,LG,AK,F
13:54:08,UNVR,RG,3420,100,D,CC,AK,F
13:54:08,UNVR,RG,3420,1,F,AK,AK,F
13:54:08,UNVR,RG,3420,50,D,GR,AK,F
13:54:08,UNVR,RG,3420,1,D,XL,AK,F
13:54:08,UNVR,RG,3420,10,D,PD,AK,F
13:54:08,UNVR,RG,3420,27,D,YP,AK,F
13:54:08,UNVR,RG,3420,3,D,YP,SQ,D
13:54:08,UNVR,RG,3420,25,D,GR,SQ,D
13:54:08,UNVR,RG,3420,7,D,XC,SQ,D
13:54:08,UNVR,RG,3420,1,D,YP,SQ,D
13:54:08,UNVR,RG,3420,2,D,DH,SQ,D
13:54:08,UNVR,RG,3420,2,D,YU,SQ,D
13:54:08,UNVR,RG,3420,5,D,RO,SQ,D
13:54:08,UNVR,RG,3420,1,D,XA,SQ,D
13:54:08,UNVR,RG,3420,2,D,XL,SQ,D
13:54:08,UNVR,RG,3420,2,D,ZP,SQ,D
13:54:08,UNVR,RG,3420,1,D,PD,SQ,D
13:54:08,UNVR,RG,3420,2,D,SQ,SQ,D
13:54:08,UNVR,RG,3420,14,D,KZ,SQ,D
13:54:08,UNVR,RG,3420,10,D,KK,SQ,D
13:54:08,UNVR,RG,3420,5,F,ZP,SQ,D
13:54:08,UNVR,RG,3420,3,D,AZ,SQ,D
13:54:08,UNVR,RG,3420,1,D,XC,SQ,D
13:54:08,UNVR,RG,3420,15,D,YP,SQ,D
13:54:08,UNVR,RG,3420,10,D,NI,SQ,D
13:54:08,UNVR,RG,3420,1,D,XC,SQ,D
13:54:08,UNVR,RG,3420,2,F,AK,SQ,D
13:54:08,UNVR,RG,3420,12,D,PD,SQ,D
13:54:08,UNVR,RG,3420,4,F,ZP,SQ,D
13:54:08,UNVR,RG,3420,1,D,YP,SQ,D
13:54:08,UNVR,RG,3420,31,F,AK,SQ,D
13:54:08,UNVR,RG,3420,28,D,YU,SQ,D
13:54:08,UNVR,RG,3420,50,D,NI,SQ,D
13:54:08,UNVR,RG,3420,9,F,AK,SQ,D
13:54:08,UNVR,RG,3420,251,D,YU,SQ,D
13:54:07,UNVR,RG,3430,4,D,PD,CC,D
13:53:58,UNVR,RG,3420,33,D,YU,ZP,F
13:53:48,UNVR,RG,3420,8,D,YU,ZP,F
13:53:38,UNVR,RG,3420,8,D,YU,ZP,F
13:53:37,UNVR,RG,3420,5,D,YU,ZP,F
13:53:32,UNVR,RG,3420,7,D,YU,KZ,D
13:53:29,UNVR,RG,3420,8,D,YU,ZP,F
13:53:19,UNVR,RG,3420,8,D,YU,ZP,F
13:53:15,UNVR,RG,3420,1,D,YU,AK,F
13:53:11,UNVR,RG,3420,50,D,YU,CC,D
13:53:10,UNVR,RG,3420,9,D,YU,ZP,F
13:53:07,UNVR,RG,3430,1,D,AT,CC,D
13:53:06,UNVR,RG,3420,100,D,YU,CP,D
13:53:05,UNVR,RG,3420,12,D,YU,PD,D
13:53:05,UNVR,RG,3420,9,F,ZP,PD,D
13:53:05,UNVR,RG,3420,20,D,CC,PD,D
13:53:05,UNVR,RG,3420,2,D,CC,PD,D
13:53:05,UNVR,RG,3420,1,D,XC,PD,D
13:53:05,UNVR,RG,3420,2,D,NI,PD,D
13:53:00,UNVR,RG,3420,8,D,NI,ZP,F
13:52:51,UNVR,RG,3430,1,D,AT,CC,D
13:52:51,UNVR,RG,3420,2,D,NI,XC,D
13:52:51,UNVR,RG,3420,10,D,NI,ZP,F
13:52:47,UNVR,RG,3420,8,D,NI,ZP,F
13:52:46,UNVR,RG,3420,20,D,NI,YU,D
13:52:46,UNVR,RG,3420,25,D,OD,YU,D
13:52:46,UNVR,RG,3420,136,F,ZP,YU,D
13:52:46,UNVR,RG,3420,25,D,CC,YU,D
13:52:46,UNVR,RG,3420,12,F,ZP,YU,D
13:52:46,UNVR,RG,3420,20,D,NI,YU,D
13:52:46,UNVR,RG,3420,50,D,OD,YU,D
13:52:46,UNVR,RG,3420,12,D,YP,YU,D
13:52:37,UNVR,RG,3420,8,D,YP,ZP,F
13:52:32,UNVR,RG,3420,5,D,YP,ZP,F
13:52:30,UNVR,RG,3430,1,F,ZP,CC,D
13:52:30,UNVR,RG,3420,9,D,YP,ZP,F
13:52:29,UNVR,RG,3420,46,D,YP,PD,D
13:52:26,UNVR,RG,3430,13,D,XC,CC,D
13:52:20,UNVR,RG,3420,8,D,YP,ZP,F
13:52:10,UNVR,RG,3420,8,D,YP,ZP,F
13:52:06,UNVR,RG,3430,1,D,YP,CC,D
13:52:01,UNVR,RG,3420,8,D,YP,ZP,F
13:52:00,UNVR,RG,3420,46,D,YP,YU,D
13:51:56,UNVR,RG,3420,2,D,YP,PC,D
13:51:51,UNVR,RG,3420,49,D,YP,ZP,F
13:51:40,UNVR,RG,3430,7,D,XL,CC,D
13:51:36,UNVR,RG,3420,25,D,YP,GR,D
13:51:36,UNVR,RG,3430,10,D,PD,CC,D
13:51:27,UNVR,RG,3420,3,D,YP,ZP,F
13:51:21,UNVR,RG,3420,46,D,YP,PD,D
13:51:18,UNVR,RG,3420,3,D,YP,YP,D
13:51:00,UNVR,RG,3420,1,D,YP,AK,F
13:50:52,UNVR,RG,3420,3,D,YP,ZP,F
13:50:51,UNVR,RG,3420,9,D,YP,XL,D
13:50:42,UNVR,RG,3420,5,D,YP,PD,D
13:50:31,UNVR,RG,3420,89,D,YP,ZP,F
13:50:30,UNVR,RG,3420,46,D,YP,PD,D
13:50:20,UNVR,RG,3430,1,D,PD,CC,D
13:50:16,UNVR,RG,3430,355,D,PD,CC,D
13:50:16,UNVR,RG,3430,2,D,PD,ZP,F
13:50:16,UNVR,RG,3430,126,D,PD,CC,D
13:49:57,UNVR,RG,3420,81,D,YP,ZP,F
13:49:55,UNVR,RG,3420,18,D,YP,ZP,F
13:49:47,UNVR,RG,3420,3,D,YP,ZP,F
13:49:34,UNVR,RG,3430,50,D,NI,CC,D
13:49:32,UNVR,RG,3420,6,D,YP,KZ,D
13:49:29,UNVR,RG,3420,281,D,YP,BK,F
13:49:25,UNVR,RG,3420,46,D,YP,PD,D
13:49:16,UNVR,RG,3420,5,D,YP,ZP,F
13:49:15,UNVR,RG,3420,20,D,YP,BK,F
13:49:08,UNVR,RG,3420,106,D,YP,BK,F
13:49:07,UNVR,RG,3420,3,D,YP,ZP,F
13:49:07,UNVR,RG,3420,1,D,HP,ZP,F
13:49:07,UNVR,RG,3420,10,D,XC,ZP,F
13:49:07,UNVR,RG,3420,20,D,NI,ZP,F
13:49:07,UNVR,RG,3420,1,D,NI,ZP,F
13:49:07,UNVR,RG,3420,1,D,SQ,ZP,F
13:49:07,UNVR,RG,3420,10,D,YP,ZP,F
13:49:07,UNVR,RG,3420,8,F,AK,ZP,F
13:49:07,UNVR,RG,3420,2,F,AK,ZP,F
13:49:07,UNVR,RG,3420,25,D,NI,ZP,F
13:49:07,UNVR,RG,3420,3,D,YP,ZP,F
13:49:07,UNVR,RG,3420,19,D,KZ,ZP,F
13:49:07,UNVR,RG,3420,20,D,YP,ZP,F
13:49:07,UNVR,RG,3420,1,F,AK,ZP,F
13:49:07,UNVR,RG,3420,5,F,ZP,ZP,F
13:49:07,UNVR,RG,3420,37,D,CC,ZP,F
13:49:02,UNVR,RG,3420,3,D,CC,BK,F
13:49:02,UNVR,RG,3420,9,D,YP,BK,F
13:49:02,UNVR,RG,3420,50,D,NI,BK,F
13:49:02,UNVR,RG,3420,5,D,NI,BK,F
13:49:02,UNVR,RG,3420,2,D,NI,BK,F
13:49:02,UNVR,RG,3420,6,F,ZP,BK,F
13:49:02,UNVR,RG,3420,100,D,XA,BK,F
13:49:02,UNVR,RG,3420,3,D,XC,BK,F
13:49:02,UNVR,RG,3420,12,D,YP,BK,F
13:49:02,UNVR,RG,3420,1,D,XC,BK,F
13:49:02,UNVR,RG,3420,59,D,XC,BK,F
13:49:02,UNVR,RG,3420,5,D,AT,BK,F
13:49:02,UNVR,RG,3420,10,D,PD,BK,F
13:49:02,UNVR,RG,3420,3,D,PD,BK,F
13:49:02,UNVR,RG,3420,1,D,XC,BK,F
13:49:02,UNVR,RG,3420,25,D,NI,BK,F
13:49:02,UNVR,RG,3420,6,F,ZP,BK,F
13:49:02,UNVR,RG,3420,20,D,PD,BK,F
13:49:02,UNVR,RG,3420,9,F,AK,BK,F
13:49:02,UNVR,RG,3420,3,D,XL,BK,F
13:49:02,UNVR,RG,3420,5,D,CC,BK,F
13:49:02,UNVR,RG,3420,1,D,EP,BK,F
13:49:02,UNVR,RG,3420,1,D,XC,BK,F
13:49:02,UNVR,RG,3420,1,D,YP,BK,F
13:49:02,UNVR,RG,3420,1,F,BK,BK,F
13:49:02,UNVR,RG,3420,27,D,DH,BK,F
13:49:00,UNVR,RG,3420,1,D,DH,AK,F
13:48:48,UNVR,RG,3430,1,D,YP,CC,D
13:48:44,UNVR,RG,3430,125,D,NI,CC,D
13:48:39,UNVR,RG,3420,19,D,DH,PD,D
13:48:20,UNVR,RG,3420,3,D,DH,YU,D
13:48:18,UNVR,RG,3420,46,D,DH,PD,D
13:48:17,UNVR,RG,3420,5,D,DH,ZP,F
13:48:16,UNVR,RG,3420,50,D,DH,GR,D
13:48:14,UNVR,RG,3420,349,D,DH,PP,D
13:48:14,UNVR,RG,3420,12,F,ZP,PP,D
13:48:14,UNVR,RG,3420,5,D,XL,PP,D
13:48:14,UNVR,RG,3420,2,D,PD,PP,D
13:48:14,UNVR,RG,3420,3,D,CC,PP,D
13:48:14,UNVR,RG,3420,104,F,ZP,PP,D
13:48:14,UNVR,RG,3420,19,D,KZ,PP,D
13:48:14,UNVR,RG,3420,1,D,AZ,PP,D
13:48:14,UNVR,RG,3420,3,D,PD,PP,D
13:48:14,UNVR,RG,3420,1,D,XC,PP,D
13:48:14,UNVR,RG,3420,1,D,LG,PP,D
13:48:04,UNVR,RG,3420,1,D,LG,GR,D
13:48:04,UNVR,RG,3420,29,D,KK,GR,D
13:48:01,UNVR,RG,3430,4,D,PD,CC,D
13:47:58,UNVR,RG,3420,32,D,KK,ZP,F
13:47:49,UNVR,RG,3430,44,F,ZP,CC,D
13:47:48,UNVR,RG,3420,118,D,KK,ZP,F
13:47:37,UNVR,RG,3420,3,D,KK,CC,D
13:47:26,UNVR,RG,3430,1,D,PD,CC,D
13:47:24,UNVR,RG,3420,46,D,KK,PD,D
13:47:24,UNVR,RG,3420,5,D,KK,KK,D
13:47:15,UNVR,RG,3420,5,D,KK,ZP,F
13:47:00,UNVR,RG,3420,1,D,KK,AK,F
13:46:58,UNVR,RG,3430,6,D,XC,CC,D
13:46:51,UNVR,RG,3430,5,D,YP,CC,D
13:46:38,UNVR,RG,3420,12,D,KK,CC,D
13:46:37,UNVR,RG,3420,9,D,KK,KZ,D
13:46:37,UNVR,RG,3420,5,D,KK,PD,D
13:46:34,UNVR,RG,3420,411,D,KK,BK,F
13:46:34,UNVR,RG,3420,74,F,AK,BK,F
13:46:34,UNVR,RG,3420,2,D,DR,BK,F
13:46:34,UNVR,RG,3420,13,F,ZP,BK,F
13:46:34,UNVR,RG,3420,50,D,PD,BK,F
13:46:34,UNVR,RG,3420,44,D,PD,BK,F
13:46:34,UNVR,RG,3420,406,D,PD,BK,F
13:46:34,UNVR,RG,3430,44,F,ZP,CC,D
13:46:18,UNVR,RG,3420,46,D,PD,PD,D
13:46:17,UNVR,RG,3430,2,F,ZP,CC,D
13:46:10,UNVR,RG,3420,4,D,PD,PD,D
13:46:07,UNVR,RG,3420,5,D,PD,ZP,F
13:45:52,UNVR,RG,3420,3,D,PD,BQ,D
13:45:35,UNVR,RG,3420,19,D,PD,PD,D
13:45:35,UNVR,RG,3420,2,D,DR,PD,D
13:45:35,UNVR,RG,3420,10,F,AK,PD,D
13:45:35,UNVR,RG,3420,3,D,NI,PD,D
13:45:35,UNVR,RG,3420,2,D,NI,PD,D
13:45:35,UNVR,RG,3420,10,D,KK,PD,D
13:45:22,UNVR,RG,3430,5,D,XL,CC,D
13:45:02,UNVR,RG,3420,40,D,KK,NI,D
13:45:02,UNVR,RG,3420,1,D,OD,NI,D
13:45:02,UNVR,RG,3420,1,D,XC,NI,D
13:45:02,UNVR,RG,3420,10,D,YP,NI,D
13:45:02,UNVR,RG,3420,20,D,PD,NI,D
13:45:02,UNVR,RG,3420,2,D,EP,NI,D
13:45:02,UNVR,RG,3420,20,D,YP,NI,D
13:45:02,UNVR,RG,3420,10,D,CC,NI,D
13:45:02,UNVR,RG,3420,2,F,ZP,NI,D
13:45:02,UNVR,RG,3420,19,D,PD,NI,D
13:45:01,UNVR,RG,3420,43,D,PD,YP,D
13:45:01,UNVR,RG,3420,197,D,PD,MK,D
13:45:01,UNVR,RG,3420,3,D,OD,MK,D
13:44:59,UNVR,RG,3420,2,D,OD,XL,D
13:44:57,UNVR,RG,3420,5,D,OD,ZP,F
13:44:43,UNVR,RG,3420,90,D,OD,CC,D
13:44:39,UNVR,RG,3420,150,D,OD,CP,D
13:44:27,UNVR,RG,3420,1,D,OD,XC,D
13:44:21,UNVR,RG,3420,46,D,OD,PD,D
13:44:10,UNVR,RG,3430,1,D,PD,CC,D
13:44:01,UNVR,RG,3420,3,D,OD,YU,D
13:44:01,UNVR,RG,3420,10,D,NI,YU,D
13:44:01,UNVR,RG,3420,2,D,XC,YU,D
13:44:01,UNVR,RG,3420,30,D,YP,YU,D
13:43:58,UNVR,RG,3420,32,D,YP,ZP,F
13:43:47,UNVR,RG,3430,17,D,NI,CC,D
13:43:43,UNVR,RG,3420,2,D,YP,XC,D
13:43:12,UNVR,RG,3420,4,D,YP,KZ,D
13:43:12,UNVR,RG,3420,2,F,ZP,KZ,D
13:43:12,UNVR,RG,3420,2,D,KK,KZ,D
13:43:07,UNVR,RG,3420,1,D,XC,PD,D
13:43:07,UNVR,RG,3420,1,D,PD,PD,D
13:43:07,UNVR,RG,3420,2,F,ZP,PD,D
13:43:07,UNVR,RG,3420,42,F,ZP,PD,D
13:42:38,UNVR,RG,3420,2,F,ZP,OD,D
13:42:20,UNVR,RG,3420,21,F,ZP,OD,D
13:42:20,UNVR,RG,3420,9,F,ZP,OD,D
13:42:05,UNVR,RG,3420,46,F,ZP,PD,D
13:41:44,UNVR,RG,3420,2,F,ZP,XC,D
13:41:41,UNVR,RG,3420,1,F,ZP,YP,D
13:41:32,UNVR,RG,3420,9,F,ZP,LG,D
13:41:32,UNVR,RG,3420,1,D,NI,LG,D
13:41:32,UNVR,RG,3420,3,F,ZP,LG,D
13:41:32,UNVR,RG,3420,1,F,AK,LG,D
13:41:32,UNVR,RG,3420,12,F,AK,LG,D
13:41:32,UNVR,RG,3420,21,D,KZ,LG,D
13:41:32,UNVR,RG,3420,1,F,AK,LG,D
13:41:32,UNVR,RG,3420,1,D,NI,LG,D
13:41:32,UNVR,RG,3420,105,F,AK,LG,D
13:41:32,UNVR,RG,3420,9,D,PD,LG,D
13:41:32,UNVR,RG,3420,100,D,SQ,LG,D
13:41:32,UNVR,RG,3420,237,D,YP,LG,D
13:41:15,UNVR,RG,3420,46,D,YP,PD,D
13:40:47,UNVR,RG,3430,483,D,PD,CC,D
13:40:44,UNVR,RG,3420,15,D,YP,XC,D
13:40:42,UNVR,RG,3420,46,D,YP,PD,D
13:40:12,UNVR,RG,3420,1,D,YP,XC,D
13:40:10,UNVR,RG,3430,5,D,PD,CC,D
13:39:33,UNVR,RG,3420,4,D,YP,BQ,D
13:39:28,UNVR,RG,3420,3,D,YP,AI,D
13:39:24,UNVR,RG,3430,7,D,NI,CC,D
13:39:14,UNVR,RG,3420,46,D,YP,PD,D
13:38:44,UNVR,RG,3420,2,D,YP,YP,D
13:38:41,UNVR,RG,3430,2,D,NI,CC,D
13:38:36,UNVR,RG,3420,96,D,YP,DR,D
13:38:29,UNVR,RG,3420,56,D,YP,KZ,D
13:38:26,UNVR,RG,3420,8,D,YP,ZP,F
13:38:25,UNVR,RG,3420,60,D,YP,FS,D
13:38:25,UNVR,RG,3420,1,D,CC,FS,D
13:38:25,UNVR,RG,3420,1,D,KK,FS,D
13:38:25,UNVR,RG,3420,2,D,PD,FS,D
13:38:25,UNVR,RG,3420,6,D,KK,FS,D
13:38:25,UNVR,RG,3420,1,D,NI,FS,D
13:38:25,UNVR,RG,3420,1,D,PD,FS,D
13:38:25,UNVR,RG,3420,2,D,CC,FS,D
13:38:25,UNVR,RG,3420,1,D,CC,FS,D
13:38:25,UNVR,RG,3420,1,D,CC,FS,D
13:38:25,UNVR,RG,3420,5,D,DR,FS,D
13:38:25,UNVR,RG,3420,1,D,PD,FS,D
13:38:25,UNVR,RG,3420,1,D,AT,FS,D
13:38:25,UNVR,RG,3420,6,F,ZP,FS,D
13:38:25,UNVR,RG,3420,10,D,NI,FS,D
13:38:25,UNVR,RG,3420,7,D,CC,FS,D
13:38:25,UNVR,RG,3420,2,D,YP,FS,D
13:38:25,UNVR,RG,3420,1,D,XC,FS,D
13:38:25,UNVR,RG,3420,3,D,XL,FS,D
13:38:25,UNVR,RG,3420,100,D,YJ,FS,D
13:38:25,UNVR,RG,3420,10,D,XC,FS,D
13:38:25,UNVR,RG,3420,2,D,XC,FS,D
13:38:25,UNVR,RG,3420,1,D,PD,FS,D
13:38:25,UNVR,RG,3420,10,D,SQ,FS,D
13:38:25,UNVR,RG,3420,1,D,PD,FS,D
13:38:25,UNVR,RG,3420,53,F,ZP,FS,D
13:38:25,UNVR,RG,3420,1,D,SQ,FS,D
13:38:25,UNVR,RG,3420,60,D,SQ,FS,D
13:38:25,UNVR,RG,3420,45,F,ZP,FS,D
13:38:25,UNVR,RG,3420,8,F,AK,FS,D
13:38:25,UNVR,RG,3420,15,D,XC,FS,D
13:38:25,UNVR,RG,3420,5,D,XC,FS,D
13:38:25,UNVR,RG,3420,36,F,ZP,FS,D
13:38:25,UNVR,RG,3420,5,D,DH,FS,D
13:38:25,UNVR,RG,3420,15,F,AK,FS,D
13:38:25,UNVR,RG,3420,1,D,PD,FS,D
13:38:25,UNVR,RG,3420,20,D,RO,FS,D
13:38:23,UNVR,RG,3430,5,F,ZP,CC,D
13:38:12,UNVR,RG,3420,30,D,RO,FS,D
13:38:12,UNVR,RG,3420,1,D,XC,FS,D
13:38:12,UNVR,RG,3420,2,D,XC,FS,D
13:38:12,UNVR,RG,3420,4,D,DH,FS,D
13:38:12,UNVR,RG,3420,25,D,KZ,FS,D
13:38:12,UNVR,RG,3420,1,D,CC,FS,D
13:38:12,UNVR,RG,3420,8,D,NI,FS,D
13:38:12,UNVR,RG,3420,1,D,CC,FS,D
13:38:12,UNVR,RG,3420,5,D,RO,FS,D
13:38:12,UNVR,RG,3420,2,D,PD,FS,D
13:38:12,UNVR,RG,3420,69,D,RO,FS,D
13:38:12,UNVR,RG,3420,8,D,PD,FS,D
13:38:12,UNVR,RG,3420,11,F,AK,FS,D
13:38:12,UNVR,RG,3420,3,D,NI,FS,D
13:38:12,UNVR,RG,3420,3,D,NI,FS,D
13:38:12,UNVR,RG,3420,20,D,YP,FS,D
13:38:12,UNVR,RG,3420,2,D,NI,FS,D
13:38:12,UNVR,RG,3420,25,D,AI,FS,D
13:38:12,UNVR,RG,3420,290,D,YP,FS,D
13:38:12,UNVR,RG,3420,4,D,XL,FS,D
13:38:12,UNVR,RG,3420,25,D,XL,FS,D
13:38:12,UNVR,RG,3420,20,D,OD,FS,D
13:38:12,UNVR,RG,3420,2,D,XL,FS,D
13:38:12,UNVR,RG,3420,20,D,EP,FS,D
13:38:12,UNVR,RG,3420,1,D,XL,FS,D
13:38:12,UNVR,RG,3420,6,D,XL,FS,D
13:38:12,UNVR,RG,3420,1,D,XL,FS,D
13:38:12,UNVR,RG,3420,5,D,XL,FS,D
13:38:12,UNVR,RG,3420,6,D,OD,FS,D
13:38:07,UNVR,RG,3430,3,D,NI,CC,D
13:38:03,UNVR,RG,3420,4,D,OD,PD,D
13:38:03,UNVR,RG,3420,3,D,OD,PD,D
13:38:03,UNVR,RG,3420,1,D,YP,PD,D
13:38:03,UNVR,RG,3420,5,D,XC,PD,D
13:38:03,UNVR,RG,3420,10,D,EP,PD,D
13:38:03,UNVR,RG,3420,5,D,OD,PD,D
13:38:03,UNVR,RG,3420,18,F,AK,PD,D
13:38:01,UNVR,RG,3430,3,D,NI,CC,D
13:37:51,UNVR,RG,3420,500,F,AK,BK,F
13:37:51,UNVR,RG,3420,448,F,AK,PP,D
13:37:51,UNVR,RG,3420,15,D,XL,PP,D
13:37:51,UNVR,RG,3420,21,D,CC,PP,D
13:37:51,UNVR,RG,3420,1,D,CC,PP,D
13:37:51,UNVR,RG,3420,12,D,CC,PP,D
13:37:51,UNVR,RG,3420,3,D,XL,PP,D
13:37:50,UNVR,RG,3430,9,D,XC,CC,D
13:37:38,UNVR,RG,3430,5,F,ZP,CC,D
13:37:31,UNVR,RG,3430,1,D,NI,CC,D
13:37:15,UNVR,RG,3420,1,D,XL,PD,D
13:37:15,UNVR,RG,3420,1,D,YP,PD,D
13:37:15,UNVR,RG,3420,1,D,YP,PD,D
13:37:15,UNVR,RG,3420,10,D,CC,PD,D
13:37:15,UNVR,RG,3420,1,D,CC,PD,D
13:37:15,UNVR,RG,3420,1,D,XC,PD,D
13:37:15,UNVR,RG,3420,1,D,XC,PD,D
13:37:15,UNVR,RG,3420,1,D,YP,PD,D
13:37:15,UNVR,RG,3420,5,D,YP,PD,D
13:37:15,UNVR,RG,3420,5,D,XC,PD,D
13:37:15,UNVR,RG,3420,3,D,XC,PD,D
13:37:15,UNVR,RG,3420,1,D,XC,PD,D
13:37:15,UNVR,RG,3420,2,D,CC,PD,D
13:37:15,UNVR,RG,3420,10,D,XC,PD,D
13:37:15,UNVR,RG,3420,3,D,XC,PD,D
13:36:57,UNVR,RG,3420,1,D,XC,LG,D
13:36:57,UNVR,RG,3420,19,D,YP,LG,D
13:36:43,UNVR,RG,3430,1,D,NI,CC,D
13:36:25,UNVR,RG,3420,1,D,YP,PD,D
13:36:25,UNVR,RG,3420,1,D,YP,PD,D
13:36:25,UNVR,RG,3420,13,F,AK,PD,D
13:36:25,UNVR,RG,3420,7,D,PD,PD,D
13:36:25,UNVR,RG,3420,3,D,XC,PD,D
13:36:25,UNVR,RG,3420,1,D,XC,PD,D
13:36:25,UNVR,RG,3420,20,D,XC,PD,D
13:36:19,UNVR,RG,3420,1,F,AK,KZ,D
13:36:19,UNVR,RG,3420,1,D,XC,KZ,D
13:36:19,UNVR,RG,3420,10,D,XC,KZ,D
13:36:19,UNVR,RG,3420,4,D,XC,KZ,D
13:36:19,UNVR,RG,3420,2,D,XC,KZ,D
13:36:19,UNVR,RG,3420,10,D,XC,KZ,D
13:36:19,UNVR,RG,3420,2,D,XC,KZ,D
13:36:19,UNVR,RG,3420,1,D,XC,KZ,D
13:36:19,UNVR,RG,3420,1,D,XC,KZ,D
13:36:19,UNVR,RG,3420,3,D,CC,KZ,D
13:36:19,UNVR,RG,3420,14,D,XC,KZ,D
13:36:19,UNVR,RG,3420,3,D,XC,KZ,D
13:36:19,UNVR,RG,3420,1,D,XC,KZ,D
13:36:19,UNVR,RG,3420,6,D,CC,KZ,D
13:36:19,UNVR,RG,3420,2,D,XC,KZ,D
13:36:19,UNVR,RG,3420,2,D,XC,KZ,D
13:36:19,UNVR,RG,3420,5,D,XC,KZ,D
13:36:18,UNVR,RG,3420,4,D,XC,SQ,D
13:36:18,UNVR,RG,3420,1,D,XC,SQ,D
13:36:18,UNVR,RG,3420,1,D,XC,SQ,D
13:36:18,UNVR,RG,3420,3,D,PD,SQ,D
13:36:18,UNVR,RG,3420,10,D,PD,SQ,D
13:36:18,UNVR,RG,3420,2,D,XC,SQ,D
13:36:18,UNVR,RG,3420,1,D,XC,SQ,D
13:36:18,UNVR,RG,3420,1,D,XC,SQ,D
13:36:18,UNVR,RG,3420,2,D,XC,SQ,D
13:36:18,UNVR,RG,3420,1,D,XC,SQ,D
13:36:18,UNVR,RG,3420,1,D,XC,SQ,D
13:36:18,UNVR,RG,3420,10,D,YP,SQ,D
13:36:18,UNVR,RG,3420,1,D,XC,SQ,D
13:36:18,UNVR,RG,3420,5,D,YP,SQ,D
13:36:18,UNVR,RG,3420,2,D,XC,SQ,D
13:36:18,UNVR,RG,3420,1,D,XC,SQ,D
13:36:18,UNVR,RG,3420,1,D,XC,SQ,D
13:36:18,UNVR,RG,3420,1,D,XC,SQ,D
13:36:18,UNVR,RG,3420,15,D,XC,SQ,D
13:36:18,UNVR,RG,3420,1,D,XC,SQ,D
13:36:18,UNVR,RG,3420,2,D,XC,SQ,D
13:36:18,UNVR,RG,3420,1,D,XC,SQ,D
13:36:18,UNVR,RG,3420,3,D,XC,SQ,D
13:36:18,UNVR,RG,3420,2,D,XC,SQ,D
13:36:18,UNVR,RG,3420,1,D,XC,SQ,D
13:36:18,UNVR,RG,3420,9,D,XC,SQ,D
13:36:18,UNVR,RG,3420,8,D,XC,SQ,D
13:36:18,UNVR,RG,3420,45,D,YP,SQ,D
13:36:18,UNVR,RG,3420,1,D,YP,SQ,D
13:36:18,UNVR,RG,3420,6,D,PD,SQ,D
13:36:18,UNVR,RG,3420,5,D,PD,SQ,D
13:36:18,UNVR,RG,3420,10,D,XC,SQ,D
13:36:18,UNVR,RG,3420,2,D,PD,SQ,D
13:36:18,UNVR,RG,3420,20,D,PD,SQ,D
13:36:18,UNVR,RG,3420,1,D,PD,SQ,D
13:36:18,UNVR,RG,3420,5,D,BQ,SQ,D
13:36:18,UNVR,RG,3420,100,D,YP,SQ,D
13:36:18,UNVR,RG,3420,10,D,YP,SQ,D
13:36:18,UNVR,RG,3420,1,D,YP,SQ,D
13:36:18,UNVR,RG,3420,1,D,DR,SQ,D
13:36:18,UNVR,RG,3420,5,D,DR,SQ,D
13:36:18,UNVR,RG,3420,1,D,DR,SQ,D
13:36:18,UNVR,RG,3420,100,D,YP,SQ,D
13:36:18,UNVR,RG,3420,7,D,PD,SQ,D
13:36:18,UNVR,RG,3420,1,D,PD,SQ,D
13:36:18,UNVR,RG,3420,3,D,PD,SQ,D
13:36:18,UNVR,RG,3420,1,D,PD,SQ,D
13:36:18,UNVR,RG,3420,8,D,KK,SQ,D
13:36:18,UNVR,RG,3420,5,D,BQ,SQ,D
13:36:18,UNVR,RG,3420,50,D,PD,SQ,D
13:36:18,UNVR,RG,3420,1,D,KK,SQ,D
13:36:18,UNVR,RG,3420,2,D,KK,SQ,D
13:36:18,UNVR,RG,3420,1,F,BK,SQ,D
13:36:18,UNVR,RG,3420,300,D,OD,SQ,D
13:36:18,UNVR,RG,3420,2,D,PD,SQ,D
13:36:18,UNVR,RG,3420,1,D,PD,SQ,D
13:36:18,UNVR,RG,3420,30,D,XA,SQ,D
13:36:18,UNVR,RG,3420,2,D,PD,SQ,D
13:36:18,UNVR,RG,3420,10,D,PD,SQ,D
13:36:18,UNVR,RG,3420,10,D,PD,SQ,D
13:36:18,UNVR,RG,3420,16,D,PD,SQ,D
13:36:18,UNVR,RG,3420,1,D,PD,SQ,D
13:36:18,UNVR,RG,3420,1,D,PD,SQ,D
13:36:18,UNVR,RG,3420,3,D,PD,SQ,D
13:36:18,UNVR,RG,3420,1,D,AT,SQ,D
13:36:18,UNVR,RG,3420,12,D,SQ,SQ,D
13:36:18,UNVR,RG,3420,5,D,KK,SQ,D
13:36:18,UNVR,RG,3420,3,D,DH,SQ,D
13:36:18,UNVR,RG,3420,1,D,GR,SQ,D
13:36:18,UNVR,RG,3420,1,D,DH,SQ,D
13:36:18,UNVR,RG,3420,5,D,XA,SQ,D
13:36:18,UNVR,RG,3420,20,D,KK,SQ,D
13:36:18,UNVR,RG,3420,30,D,KK,SQ,D
13:36:18,UNVR,RG,3420,4,D,SQ,SQ,D
13:36:18,UNVR,RG,3420,5,D,LG,SQ,D
13:36:18,UNVR,RG,3420,20,D,LG,SQ,D
13:36:18,UNVR,RG,3420,10,D,CP,SQ,D
13:36:18,UNVR,RG,3420,2,D,HP,SQ,D
13:36:18,UNVR,RG,3420,10,D,RB,SQ,D
13:36:18,UNVR,RG,3420,10,D,EP,SQ,D
13:36:18,UNVR,RG,3420,10,D,YJ,SQ,D
13:36:18,UNVR,RG,3420,40,D,TP,SQ,D
13:36:18,UNVR,RG,3420,30,D,HD,SQ,D
13:36:18,UNVR,RG,3420,1,D,ZR,SQ,D
13:36:18,UNVR,RG,3420,50,D,TP,SQ,D
13:36:18,UNVR,RG,3420,5,D,DR,SQ,D
13:36:18,UNVR,RG,3420,1,D,XC,SQ,D
13:36:18,UNVR,RG,3420,15,D,TF,SQ,D
13:36:18,UNVR,RG,3420,100,D,PD,SQ,D
13:36:18,UNVR,RG,3420,250,D,AO,SQ,D
13:36:18,UNVR,RG,3420,1,D,GR,SQ,D
13:36:17,UNVR,RG,3420,2,D,GR,PD,D
13:36:11,UNVR,RG,3420,2,D,GR,XC,D
13:36:11,UNVR,RG,3420,5,D,LG,XC,D
13:36:11,UNVR,RG,3420,4,D,CC,XC,D
13:36:11,UNVR,RG,3420,6,D,KK,XC,D
13:36:03,UNVR,RG,3420,2,D,KK,YP,D
13:35:59,UNVR,RG,3430,1,D,NI,CC,D
13:35:58,UNVR,RG,3430,1,D,PD,CC,D
13:35:47,UNVR,RG,3420,2,D,KK,BK,F
13:35:47,UNVR,RG,3420,10,F,YP,BK,F
13:35:47,UNVR,RG,3420,22,D,PD,BK,F
13:35:47,UNVR,RG,3420,5,D,BQ,BK,F
13:35:47,UNVR,RG,3420,1,D,YP,BK,F
13:35:47,UNVR,RG,3420,28,D,CC,BK,F
13:35:47,UNVR,RG,3420,25,D,XC,BK,F
13:35:47,UNVR,RG,3420,100,D,YP,BK,F
13:35:47,UNVR,RG,3420,2,D,AZ,BK,F
13:35:47,UNVR,RG,3420,1,D,XC,BK,F
13:35:47,UNVR,RG,3420,50,D,AG,BK,F
13:35:47,UNVR,RG,3420,40,D,OD,BK,F
13:35:47,UNVR,RG,3420,5,D,KK,BK,F
13:35:47,UNVR,RG,3420,20,D,XC,BK,F
13:35:47,UNVR,RG,3420,2,F,ZP,BK,F
13:35:47,UNVR,RG,3420,2,F,ZP,BK,F
13:35:47,UNVR,RG,3420,1,D,YP,BK,F
13:35:47,UNVR,RG,3420,5,D,CC,BK,F
13:35:47,UNVR,RG,3420,2,D,CC,BK,F
13:35:47,UNVR,RG,3420,2,F,ZP,BK,F
13:35:47,UNVR,RG,3420,1,D,YP,BK,F
13:35:47,UNVR,RG,3420,2,D,NI,BK,F
13:35:47,UNVR,RG,3420,2,D,OD,BK,F
13:35:47,UNVR,RG,3420,2,D,NI,BK,F
13:35:47,UNVR,RG,3420,1,D,NI,BK,F
13:35:47,UNVR,RG,3420,10,D,YP,BK,F
13:35:47,UNVR,RG,3420,1,D,PD,BK,F
13:35:47,UNVR,RG,3420,118,F,ZP,BK,F
13:35:47,UNVR,RG,3420,2,F,ZP,BK,F
13:35:47,UNVR,RG,3420,1,D,CC,BK,F
13:35:47,UNVR,RG,3420,5,D,YP,BK,F
13:35:47,UNVR,RG,3420,2,D,YP,BK,F
13:35:47,UNVR,RG,3420,10,D,CC,BK,F
13:35:47,UNVR,RG,3420,18,D,XC,BK,F
13:35:47,UNVR,RG,3430,5,F,ZP,CC,D
13:35:46,UNVR,RG,3420,102,D,XC,YP,D
13:35:46,UNVR,RG,3420,300,D,OD,YP,D
13:35:46,UNVR,RG,3420,30,D,BQ,YP,D
13:35:46,UNVR,RG,3420,500,D,ZP,YP,D
13:35:46,UNVR,RG,3420,2,D,YP,YP,D
13:35:46,UNVR,RG,3420,250,D,MG,YP,D
13:35:46,UNVR,RG,3420,1,D,YP,YP,D
13:35:46,UNVR,RG,3420,1,D,DH,YP,D
13:35:46,UNVR,RG,3420,30,D,AT,YP,D
13:35:46,UNVR,RG,3420,5,D,PD,YP,D
13:35:46,UNVR,RG,3420,2,D,XL,YP,D
13:35:46,UNVR,RG,3420,6,D,PD,YP,D
13:35:46,UNVR,RG,3420,5,D,NI,YP,D
13:35:46,UNVR,RG,3420,5,D,CC,YP,D
13:35:46,UNVR,RG,3420,25,D,CC,YP,D
13:35:46,UNVR,RG,3420,5,D,YP,YP,D
13:35:46,UNVR,RG,3420,1,D,DH,YP,D
13:35:46,UNVR,RG,3420,1,D,NI,YP,D
13:35:46,UNVR,RG,3420,50,D,LG,YP,D
13:35:46,UNVR,RG,3420,2,D,NI,YP,D
13:35:46,UNVR,RG,3420,15,D,DX,YP,D
13:35:46,UNVR,RG,3420,89,D,XC,YP,D
13:35:46,UNVR,RG,3420,1,D,XC,YP,D
13:35:46,UNVR,RG,3420,2,D,CC,YP,D
13:35:46,UNVR,RG,3420,2,D,PD,YP,D
13:35:46,UNVR,RG,3420,50,D,CC,YP,D
13:35:46,UNVR,RG,3420,15,D,YP,YP,D
13:35:46,UNVR,RG,3420,1,D,CC,YP,D
13:35:46,UNVR,RG,3420,2,D,LG,YP,D
13:35:46,UNVR,RG,3420,1,D,YP,YP,D
13:35:46,UNVR,RG,3420,1,D,XC,YP,D
13:35:46,UNVR,RG,3420,1,D,PD,YP,D
13:35:46,UNVR,RG,3420,1,D,PD,YP,D
13:35:46,UNVR,RG,3420,50,D,AF,YP,D
13:35:46,UNVR,RG,3420,1,D,PD,YP,D
13:35:46,UNVR,RG,3420,1,D,XC,YP,D
13:35:46,UNVR,RG,3420,444,D,CC,YP,D
13:35:26,UNVR,RG,3430,25,D,YP,CC,D
13:35:26,UNVR,RG,3430,13,F,AK,CC,D
13:35:25,UNVR,RG,3430,150,D,SQ,BK,F
13:35:18,UNVR,RG,3420,46,D,CC,PD,D
13:35:15,UNVR,RG,3430,14,F,AK,BK,F
13:35:14,UNVR,RG,3430,200,F,ZP,BK,F
13:35:13,UNVR,RG,3430,22,F,AK,BK,F
13:35:12,UNVR,RG,3430,98,D,NI,BK,F
13:35:12,UNVR,RG,3430,3,D,NI,ZP,F
13:35:12,UNVR,RG,3430,15,D,NI,ZP,F
13:35:01,UNVR,RG,3430,3,F,ZP,ZP,F
13:35:01,UNVR,RG,3430,1,D,XC,ZP,F
13:34:34,UNVR,RG,3430,5,F,ZP,ZP,F
13:34:22,UNVR,RG,3420,1,D,CC,PD,D
13:34:08,UNVR,RG,3420,46,D,CC,PD,D
13:33:59,UNVR,RG,3420,3,D,CC,NI,D
13:33:50,UNVR,RG,3430,5,D,AT,ZP,F
13:33:43,UNVR,RG,3430,5,F,ZP,ZP,F
13:33:21,UNVR,RG,3430,10,D,XL,ZP,F
13:33:18,UNVR,RG,3420,1,D,CC,YP,D
13:33:09,UNVR,RG,3420,46,D,CC,PD,D
13:32:53,UNVR,RG,3430,1,F,ZP,ZP,F
13:32:44,UNVR,RG,3430,13,D,XC,ZP,F
13:32:13,UNVR,RG,3420,2,D,CC,NI,D
13:32:06,UNVR,RG,3420,46,D,CC,PD,D
13:31:54,UNVR,RG,3420,5,D,CC,XL,D
13:31:42,UNVR,RG,3420,1,D,CC,PD,D
13:31:33,UNVR,RG,3430,46,F,AK,ZP,F
13:31:33,UNVR,RG,3430,9,F,AK,ZP,F
13:31:33,UNVR,RG,3430,26,F,AK,ZP,F
13:31:20,UNVR,RG,3420,3,D,CC,XC,D
13:31:11,UNVR,RG,3430,165,D,OD,ZP,F
13:31:11,UNVR,RG,3430,3,D,OD,OD,D
13:31:11,UNVR,RG,3430,10,D,OD,ZP,F
13:31:11,UNVR,RG,3430,1,D,OD,AK,F
13:31:11,UNVR,RG,3430,31,D,OD,ZP,F
13:31:11,UNVR,RG,3430,6,D,OD,OD,D
13:31:11,UNVR,RG,3430,10,D,OD,ZP,F
13:31:11,UNVR,RG,3430,5,D,OD,CC,D
13:31:11,UNVR,RG,3430,3,D,OD,CC,D
13:31:11,UNVR,RG,3430,6,D,OD,CC,D
13:31:11,UNVR,RG,3430,8,D,OD,PD,D
13:31:11,UNVR,RG,3430,2,D,OD,CC,D
13:31:11,UNVR,RG,3430,15,D,OD,CC,D
13:31:11,UNVR,RG,3430,4,D,OD,CC,D
13:31:11,UNVR,RG,3430,1,D,OD,YP,D
13:31:11,UNVR,RG,3430,5,D,OD,PD,D
13:31:11,UNVR,RG,3430,1,D,OD,PD,D
13:31:11,UNVR,RG,3430,1,D,OD,AK,F
13:31:11,UNVR,RG,3430,74,D,OD,KZ,D
13:31:11,UNVR,RG,3430,23,D,OD,YU,D
13:31:11,UNVR,RG,3430,1,D,OD,YP,D
13:31:11,UNVR,RG,3430,83,D,OD,ZP,F
13:31:11,UNVR,RG,3430,2,D,OD,ZP,F
13:31:11,UNVR,RG,3430,40,D,OD,BK,F
13:31:11,UNVR,RG,3420,46,D,CC,PD,D
13:31:00,UNVR,RG,3430,5,D,XL,BK,F
13:30:59,UNVR,RG,3430,5,D,OD,BK,F
13:30:59,UNVR,RG,3430,25,D,XL,BK,F
13:30:53,UNVR,RG,3430,30,D,DR,BK,F
13:30:52,UNVR,RG,3430,3,D,XL,BK,F
13:30:51,UNVR,RG,3430,106,D,OD,BK,F
13:30:51,UNVR,RG,3430,1,D,OD,PD,D
13:30:51,UNVR,RG,3430,1,D,OD,PD,D
13:30:51,UNVR,RG,3430,1,D,OD,PD,D
13:30:51,UNVR,RG,3430,3,D,OD,KK,D
13:30:51,UNVR,RG,3430,20,D,OD,PD,D
13:30:51,UNVR,RG,3430,6,D,OD,XA,D
13:30:51,UNVR,RG,3430,10,D,OD,CC,D
13:30:51,UNVR,RG,3430,4,D,OD,YP,D
13:30:51,UNVR,RG,3430,1,D,OD,PD,D
13:30:51,UNVR,RG,3430,1,D,OD,CC,D
13:30:51,UNVR,RG,3430,10,D,OD,CC,D
13:30:51,UNVR,RG,3430,3,D,OD,PD,D
13:30:51,UNVR,RG,3430,333,D,OD,PP,D
13:30:50,UNVR,RG,3430,23,F,ZP,PP,D
13:30:49,UNVR,RG,3430,10,D,OD,PP,D
13:30:49,UNVR,RG,3420,9,D,CC,XL,D
13:30:49,UNVR,RG,3430,10,F,ZP,PP,D
13:30:48,UNVR,RG,3430,100,D,NI,PP,D
13:30:47,UNVR,RG,3430,5,D,XL,PP,D
13:30:42,UNVR,RG,3430,1,D,XL,PP,D
13:30:41,UNVR,RG,3430,5,D,OD,PP,D
13:30:41,UNVR,RG,3420,1,D,CC,XL,D
13:30:39,UNVR,RG,3430,1,D,XL,PP,D
13:30:33,UNVR,RG,3430,11,F,ZP,PP,D
13:30:29,UNVR,RG,3430,1,D,PD,PP,D
13:30:28,UNVR,RG,3420,46,D,CC,PD,D
13:30:28,UNVR,RG,3430,10,D,YP,ZP,F
13:30:28,UNVR,RG,3430,10,D,OD,ZP,F
13:30:25,UNVR,RG,3430,10,D,OD,ZP,F
13:30:24,UNVR,RG,3430,4,D,KZ,DH,D
13:30:19,UNVR,RG,3430,6,D,KZ,DH,D
13:30:19,UNVR,RG,3430,1,D,KZ,KK,D
13:30:19,UNVR,RG,3430,6,D,KZ,GR,D
13:30:19,UNVR,RG,3430,18,D,KZ,YB,D
13:30:18,UNVR,RG,3430,3,F,ZP,YB,D
13:30:15,UNVR,RG,3430,5,D,XC,YB,D
13:30:15,UNVR,RG,3430,1,D,XL,YB,D
13:30:15,UNVR,RG,3430,1,D,XL,YB,D
13:30:13,UNVR,RG,3430,5,D,CC,YB,D
13:30:12,UNVR,RG,3420,5,D,CC,LG,D
13:30:12,UNVR,RG,3420,1,D,CC,XL,D
13:30:12,UNVR,RG,3430,7,D,XL,YB,D
13:30:12,UNVR,RG,3430,2,D,CC,YB,D
13:30:10,UNVR,RG,3420,5,D,CC,YP,D
13:30:09,UNVR,RG,3420,1,D,CC,YP,D
13:30:09,UNVR,RG,3430,24,D,CC,YB,D
13:30:09,UNVR,RG,3430,3,D,PD,YB,D
13:30:09,UNVR,RG,3430,70,D,PD,AO,D
13:30:09,UNVR,RG,3430,2,D,PD,AO,D
13:30:08,UNVR,RG,3430,5,D,PD,AO,D
13:30:08,UNVR,RG,3430,8,D,YP,AO,D
13:30:08,UNVR,RG,3430,1,D,PD,AO,D
13:30:08,UNVR,RG,3430,1,D,YP,AO,D
13:30:08,UNVR,RG,3430,13,D,YP,AO,D
13:30:08,UNVR,RG,3430,1,D,YP,ZP,F
13:30:08,UNVR,RG,3430,1,D,YP,ZP,F
13:30:08,UNVR,RG,3430,2,D,PD,ZP,F
13:30:07,UNVR,RG,3430,6,F,AK,ZP,F
13:30:07,UNVR,RG,3430,22,F,AK,ZP,F
13:30:07,UNVR,RG,3430,1,F,AK,ZP,F
13:30:07,UNVR,RG,3430,2,D,XC,ZP,F
13:30:07,UNVR,RG,3420,4,D,CC,XC,D
13:30:07,UNVR,RG,3430,2,F,AK,ZP,F
13:30:07,UNVR,RG,3430,13,F,AK,CC,D
13:30:07,UNVR,RG,3430,8,D,CC,CC,D
13:30:07,UNVR,RG,3430,1,D,CC,CC,D
13:30:07,UNVR,RG,3430,1,F,AK,CC,D
13:30:07,UNVR,RG,3420,1,D,CC,XC,D
13:30:07,UNVR,RG,3420,3,D,CC,PD,D
13:30:07,UNVR,RG,3420,1,D,CC,XC,D
13:30:07,UNVR,RG,3420,28,D,CC,XC,D
13:30:06,UNVR,RG,3430,1,D,XC,CC,D
13:30:06,UNVR,RG,3420,1,D,CC,XC,D
13:30:06,UNVR,RG,3420,5,D,CC,XC,D
13:30:06,UNVR,RG,3420,1,D,CC,XC,D
13:30:06,UNVR,RG,3430,5,D,PD,CC,D
13:30:06,UNVR,RG,3430,1,D,YP,CC,D
13:30:06,UNVR,RG,3420,15,D,CC,YP,D
13:30:06,UNVR,RG,3420,3,D,CC,XC,D
13:30:06,UNVR,RG,3420,1,D,CC,XC,D
13:30:06,UNVR,RG,3420,1,D,CC,XC,D
13:30:06,UNVR,RG,3430,3,D,PD,CC,D
13:30:06,UNVR,RG,3430,1,D,PD,CC,D
13:30:05,UNVR,RG,3420,3,D,CC,XC,D
13:30:05,UNVR,RG,3430,1,D,PD,CC,D
13:30:05,UNVR,RG,3420,3,D,CC,PD,D
13:30:05,UNVR,RG,3430,1,D,PD,CC,D
13:30:05,UNVR,RG,3430,1,D,KK,CC,D
13:30:05,UNVR,RG,3420,2,D,CC,AK,F
13:30:05,UNVR,RG,3420,2,D,CC,XC,D
13:30:05,UNVR,RG,3420,1,D,CC,PD,D
13:30:05,UNVR,RG,3430,5,D,PD,CC,D
13:30:05,UNVR,RG,3430,1,D,PD,CC,D
13:30:05,UNVR,RG,3420,3,D,CC,PD,D
13:30:04,UNVR,RG,3430,25,D,CC,CC,D
13:30:04,UNVR,RG,3430,1,D,YP,CC,D
13:30:04,UNVR,RG,3430,6,D,YP,CC,D
13:30:04,UNVR,RG,3430,2,D,YP,CC,D
13:30:04,UNVR,RG,3430,10,D,PD,CC,D
13:30:04,UNVR,RG,3420,11,D,CC,PD,D
13:30:04,UNVR,RG,3430,4,D,PD,CC,D
13:30:04,UNVR,RG,3430,1,D,PD,CC,D
13:30:04,UNVR,RG,3430,2,D,PD,CC,D
13:30:04,UNVR,RG,3420,3,D,CC,PD,D
13:30:04,UNVR,RG,3430,10,D,SQ,CC,D
13:30:03,UNVR,RG,3430,1,D,KK,CC,D
13:30:03,UNVR,RG,3430,5,D,PD,CC,D
13:30:03,UNVR,RG,3430,10,D,PD,CC,D
13:30:03,UNVR,RG,3430,2,D,KK,CC,D
13:30:03,UNVR,RG,3430,2,D,PD,CC,D
13:30:03,UNVR,RG,3430,1,D,GR,CC,D
13:30:03,UNVR,RG,3430,1,D,PD,CC,D
13:30:03,UNVR,RG,3430,210,D,PD,CC,D
13:30:03,UNVR,RG,3430,50,D,PD,CC,D
13:30:03,UNVR,RG,3430,1,D,KK,CC,D
13:30:03,UNVR,RG,3430,3,D,PD,CC,D
13:30:03,UNVR,RG,3430,2,D,PD,CC,D
13:30:03,UNVR,RG,3430,20,D,YP,CC,D
13:30:03,UNVR,RG,3430,30,D,PD,CC,D
13:30:03,UNVR,RG,3430,1,D,PD,CC,D
13:30:03,UNVR,RG,3430,40,D,PD,CC,D
13:30:03,UNVR,RG,3430,1,D,PD,CC,D
13:30:03,UNVR,RG,3430,16,D,YP,CC,D
13:30:03,UNVR,RG,3430,5,D,YP,YU,D
13:30:03,UNVR,RG,3430,2,D,YP,ZP,F
13:30:03,UNVR,RG,3430,12,D,YP,ZP,F
13:30:02,UNVR,RG,3430,1,D,PD,ZP,F
13:30:02,UNVR,RG,3430,1,D,HP,ZP,F
13:30:02,UNVR,RG,3430,10,D,EP,ZP,F
13:30:02,UNVR,RG,3430,1,D,SQ,ZP,F
13:30:02,UNVR,RG,3430,30,D,XA,ZP,F
13:30:01,UNVR,RG,3430,3,D,DH,ZP,F
13:30:01,UNVR,RG,3430,5,D,DH,ZP,F
13:30:01,UNVR,RG,3430,20,D,GR,ZP,F
13:30:01,UNVR,RG,3430,1,D,KK,ZP,F
13:30:01,UNVR,RG,3430,1,D,PD,ZP,F
13:30:01,UNVR,RG,3430,10,D,EP,ZP,F
13:30:01,UNVR,RG,3420,5,D,CC,LG,D
13:30:01,UNVR,RG,3430,10,D,YP,ZP,F
13:30:01,UNVR,RG,3430,94,D,ZP,ZP,F
13:30:01,UNVR,RG,3430,2,D,ZP,ZP,F
13:30:01,UNVR,RG,3430,1,D,ZP,YP,D
13:30:01,UNVR,RG,3430,2,D,ZP,ZP,F
13:30:01,UNVR,RG,3430,1,D,ZP,XC,D
11:29:51,UNVR,RG,3430,1,F,AK,BK,F
11:29:50,UNVR,RG,3420,1,D,CC,XC,D
11:29:39,UNVR,RG,3420,3,D,CC,PD,D
11:29:34,UNVR,RG,3420,3,D,CC,ZP,F
11:29:28,UNVR,RG,3430,200,D,YU,BK,F
11:29:07,UNVR,RG,3420,7,D,CC,ZP,F
11:29:06,UNVR,RG,3420,46,D,CC,PD,D
11:28:52,UNVR,RG,3420,20,D,CC,YP,D
11:28:05,UNVR,RG,3420,46,D,CC,PD,D
11:27:58,UNVR,RG,3420,19,D,CC,PP,D
11:27:58,UNVR,RG,3420,1,D,PD,PP,D
11:27:58,UNVR,RG,3420,25,D,YB,PP,D
11:27:58,UNVR,RG,3420,10,D,XC,PP,D
11:27:58,UNVR,RG,3420,2,D,XC,PP,D
11:27:58,UNVR,RG,3420,25,D,GR,PP,D
11:27:58,UNVR,RG,3420,2,D,KK,PP,D
11:27:58,UNVR,RG,3420,10,D,YB,PP,D
11:27:58,UNVR,RG,3420,1,D,XC,PP,D
11:27:58,UNVR,RG,3420,30,D,YP,PP,D
11:27:58,UNVR,RG,3420,300,D,OD,PP,D
11:27:58,UNVR,RG,3420,1,D,PD,PP,D
11:27:58,UNVR,RG,3420,1,D,PD,PP,D
11:27:58,UNVR,RG,3420,50,D,CC,PP,D
11:27:58,UNVR,RG,3420,4,F,AK,PP,D
11:27:58,UNVR,RG,3420,19,F,AK,PP,D
11:27:52,UNVR,RG,3420,3,F,AK,PD,D
11:27:51,UNVR,RG,3430,1,F,AK,BK,F
11:27:50,UNVR,RG,3430,10,D,LS,BK,F
11:27:38,UNVR,RG,3430,1,D,PD,BK,F
11:27:36,UNVR,RG,3430,1,F,AK,BK,F
11:27:13,UNVR,RG,3430,10,D,YP,BK,F
11:27:05,UNVR,RG,3430,10,D,PD,BK,F
11:27:04,UNVR,RG,3420,41,F,AK,PD,D
11:27:04,UNVR,RG,3420,5,F,AK,PD,D
11:27:04,UNVR,RG,3430,27,D,GR,BK,F
11:27:04,UNVR,RG,3430,9,D,GR,ZP,F
11:27:04,UNVR,RG,3430,14,D,GR,CC,D
11:26:49,UNVR,RG,3430,10,D,YP,CC,D
11:26:21,UNVR,RG,3430,12,D,YP,CC,D
11:26:13,UNVR,RG,3420,2,F,AK,PD,D
11:26:13,UNVR,RG,3420,44,D,YP,PD,D
11:26:07,UNVR,RG,3430,1,D,XC,CC,D
11:26:00,UNVR,RG,3420,1,D,YP,AK,F
11:25:54,UNVR,RG,3430,1,D,XC,CC,D
11:25:53,UNVR,RG,3430,10,D,PD,CC,D
11:25:46,UNVR,RG,3430,1,D,YP,CC,D
11:25:36,UNVR,RG,3420,3,D,YP,PD,D
11:25:21,UNVR,RG,3420,46,D,YP,PD,D
11:25:20,UNVR,RG,3430,1,D,YP,CC,D
11:25:14,UNVR,RG,3430,1,D,YU,CC,D
11:24:57,UNVR,RG,3430,1,D,YP,CC,D
11:24:50,UNVR,RG,3430,1,D,XC,CC,D
11:24:50,UNVR,RG,3430,1,D,YP,CC,D
11:24:38,UNVR,RG,3430,50,D,PD,CC,D
11:24:23,UNVR,RG,3430,100,D,FZ,CC,D
11:24:21,UNVR,RG,3430,2,D,GR,CC,D
11:24:12,UNVR,RG,3420,46,D,YP,PD,D
11:23:58,UNVR,RG,3430,2,D,PD,CC,D
11:23:55,UNVR,RG,3430,2,D,XC,CC,D
11:23:55,UNVR,RG,3430,2,F,ZP,CC,D
11:23:55,UNVR,RG,3430,2,F,AK,CC,D
11:23:55,UNVR,RG,3430,286,F,AK,CC,D
11:23:48,UNVR,RG,3430,17,F,AK,PD,D
11:23:42,UNVR,RG,3430,8,D,KZ,BK,F
11:23:42,UNVR,RG,3430,6,F,ZP,BK,F
11:23:42,UNVR,RG,3430,10,D,YP,BK,F
11:23:42,UNVR,RG,3430,10,D,SQ,BK,F
11:23:42,UNVR,RG,3430,1,D,XC,BK,F
11:23:42,UNVR,RG,3430,3,F,AK,BK,F
11:23:42,UNVR,RG,3430,2,D,YP,BK,F
11:23:42,UNVR,RG,3430,1000,D,SQ,BK,F
11:23:42,UNVR,RG,3430,1,D,PD,BK,F
11:23:42,UNVR,RG,3430,4,F,ZP,BK,F
11:23:42,UNVR,RG,3430,1,D,PD,BK,F
11:23:42,UNVR,RG,3430,3,D,YU,BK,F
11:23:42,UNVR,RG,3430,100,D,BQ,BK,F
11:23:42,UNVR,RG,3430,50,D,CC,BK,F
11:23:42,UNVR,RG,3430,4,F,ZP,BK,F
11:23:42,UNVR,RG,3430,2,F,AK,BK,F
11:23:42,UNVR,RG,3430,19,F,ZP,BK,F
11:23:42,UNVR,RG,3430,97,F,AK,BK,F
11:23:38,UNVR,RG,3430,7,F,AK,XC,D
11:23:32,UNVR,RG,3430,30,F,AK,PD,D
11:23:20,UNVR,RG,3430,46,F,AK,PD,D
11:22:23,UNVR,RG,3430,10,F,AK,PD,D
11:22:14,UNVR,RG,3430,105,F,AK,ZP,F
11:22:10,UNVR,RG,3430,46,F,AK,PD,D
11:22:09,UNVR,RG,3430,7,F,AK,KK,D
11:21:57,UNVR,RG,3430,7,F,AK,YP,D
11:21:56,UNVR,RG,3430,28,F,AK,PD,D
11:21:56,UNVR,RG,3430,72,D,PD,PD,D
11:21:44,UNVR,RG,3440,77,D,BQ,ZP,D
11:21:44,UNVR,RG,3440,1,D,BQ,PD,D
11:21:44,UNVR,RG,3440,5,D,BQ,CC,D
11:21:44,UNVR,RG,3440,15,D,BQ,KK,D
11:21:44,UNVR,RG,3440,1,D,BQ,XC,D
11:21:44,UNVR,RG,3440,1,D,BQ,XL,D
11:21:21,UNVR,RG,3430,5,D,PD,PD,D
11:21:19,UNVR,RG,3430,2,D,PD,ZP,F
11:21:19,UNVR,RG,3430,15,D,PD,CC,F
11:21:19,UNVR,RG,3430,3,D,PD,ZP,F
11:21:19,UNVR,RG,3430,33,D,PD,ZP,F
11:21:19,UNVR,RG,3430,30,D,PD,OD,D
11:21:19,UNVR,RG,3430,2,D,PD,ZP,F
11:21:19,UNVR,RG,3430,2,D,PD,ZP,F
11:21:19,UNVR,RG,3430,36,D,PD,IF,D
11:21:18,UNVR,RG,3430,10,D,KZ,IF,D
11:21:18,UNVR,RG,3430,3,F,ZP,IF,D
11:21:16,UNVR,RG,3430,991,D,YP,BK,F
11:21:16,UNVR,RG,3430,2,D,YP,ZP,F
11:21:16,UNVR,RG,3430,2,D,YP,CC,D
11:21:16,UNVR,RG,3430,50,D,YP,OD,D
11:21:16,UNVR,RG,3430,3655,D,YP,CC,D
11:21:09,UNVR,RG,3430,6,D,IF,CC,D
11:21:05,UNVR,RG,3420,46,D,YP,PD,D
11:20:51,UNVR,RG,3430,2,D,PD,CC,D
11:20:19,UNVR,RG,3420,197,D,YP,PD,D
11:20:17,UNVR,RG,3420,500,D,YP,PP,D
11:20:15,UNVR,RG,3420,46,D,YP,PD,D
11:20:00,UNVR,RG,3430,3,D,PD,CC,D
11:19:59,UNVR,RG,3430,3,D,YU,CC,D
11:19:43,UNVR,RG,3420,46,D,YP,PD,D
11:19:34,UNVR,RG,3420,829,D,YP,NI,D
11:19:05,UNVR,RG,3430,1,D,XC,CC,D
11:19:02,UNVR,RG,3420,2,D,YP,PD,D
11:18:30,UNVR,RG,3420,4,D,YP,DR,D
11:18:23,UNVR,RG,3420,46,D,YP,PD,D
11:18:18,UNVR,RG,3420,5,D,YP,CC,F
11:18:18,UNVR,RG,3420,139,D,YP,ZP,F
11:18:17,UNVR,RG,3420,1,D,XC,ZP,F
11:18:16,UNVR,RG,3420,1,D,PD,ZP,F
11:18:16,UNVR,RG,3430,330,D,YP,CC,D
11:18:16,UNVR,RG,3430,211,D,YP,CC,D
11:18:16,UNVR,RG,3430,1259,D,YP,CC,D
11:18:16,UNVR,RG,3430,500,D,YP,YO,D
11:18:16,UNVR,RG,3430,2,D,YP,PD,D
11:18:16,UNVR,RG,3430,1,D,YP,XC,D
11:18:16,UNVR,RG,3430,1,D,YP,XC,D
11:18:16,UNVR,RG,3430,2,D,YP,CC,D
11:18:16,UNVR,RG,3430,5,D,YP,LG,D
11:18:16,UNVR,RG,3430,9,D,YP,XC,D
11:18:16,UNVR,RG,3430,500,D,YP,YO,D
11:18:16,UNVR,RG,3430,190,D,YP,ZP,F
11:18:16,UNVR,RG,3430,10,D,YP,NI,D
11:18:16,UNVR,RG,3430,500,D,YP,YO,D
11:18:16,UNVR,RG,3430,476,D,YP,AK,F
11:18:16,UNVR,RG,3430,21,D,YP,YU,D
11:18:16,UNVR,RG,3430,25,D,YP,KK,D
11:18:16,UNVR,RG,3430,60,D,YP,AT,D
11:18:16,UNVR,RG,3430,3,D,YP,PD,D
11:18:16,UNVR,RG,3430,2,D,YP,DH,D
11:18:16,UNVR,RG,3430,301,D,YP,IF,D
11:18:16,UNVR,RG,3430,500,D,YP,YO,D
11:18:16,UNVR,RG,3430,2,D,YP,CC,D
11:18:16,UNVR,RG,3430,182,D,YP,ZP,F
11:18:16,UNVR,RG,3430,2,D,YP,XC,D
11:18:16,UNVR,RG,3430,24,D,YP,YU,D
11:18:16,UNVR,RG,3430,8,D,YP,XL,D
11:18:16,UNVR,RG,3430,1,D,YP,KK,D
11:18:16,UNVR,RG,3430,193,D,YP,YO,D
11:18:16,UNVR,RG,3420,6,D,YP,ZP,F
11:18:16,UNVR,RG,3420,10,D,YP,YP,D
11:18:16,UNVR,RG,3420,2,D,YP,OD,D
11:18:16,UNVR,RG,3420,40,D,YP,DH,D
11:18:16,UNVR,RG,3420,17,D,YP,PD,D
11:18:16,UNVR,RG,3420,500,D,YP,YO,D
11:18:16,UNVR,RG,3420,1261,D,YP,BK,F
11:18:16,UNVR,RG,3420,1,D,YP,AK,F
11:18:16,UNVR,RG,3420,1,D,YP,AK,F
11:18:16,UNVR,RG,3420,8,D,YP,YP,D
11:18:16,UNVR,RG,3420,2321,D,YP,BK,F
11:18:16,UNVR,RG,3420,140,D,YP,ZP,F
11:18:16,UNVR,RG,3420,31,D,YP,ZP,F
11:18:16,UNVR,RG,3420,30,D,YP,ZP,F
11:18:16,UNVR,RG,3420,35,D,YP,ZP,F
11:18:16,UNVR,RG,3420,277,D,YP,ZP,F
11:18:15,UNVR,RG,3420,233,D,OD,ZP,F
11:18:15,UNVR,RG,3420,30,D,OD,ZP,F
11:18:15,UNVR,RG,3420,37,D,OD,YO,D
11:18:13,UNVR,RG,3420,20,D,CC,YO,D
11:17:50,UNVR,RG,3420,2,D,XL,YO,D
11:17:44,UNVR,RG,3420,1,D,XC,YO,D
11:17:30,UNVR,RG,3420,14,D,PD,YO,D
11:17:30,UNVR,RG,3410,1,D,YP,AK,F
11:17:17,UNVR,RG,3410,46,D,YP,PD,D
11:17:05,UNVR,RG,3420,1,D,NI,YO,D
11:17:04,UNVR,RG,3420,2,D,AT,YO,D
11:17:02,UNVR,RG,3420,7,D,PD,YO,D
11:16:58,UNVR,RG,3420,5,D,DH,YO,D
11:16:49,UNVR,RG,3420,3,D,LG,YO,D
11:16:46,UNVR,RG,3420,1,D,PD,YO,D
11:16:40,UNVR,RG,3420,5,D,PD,YO,D
11:16:40,UNVR,RG,3420,30,D,NI,YO,D
11:16:40,UNVR,RG,3410,4,D,YP,XC,D
11:16:38,UNVR,RG,3410,300,D,YP,KK,D
11:16:36,UNVR,RG,3410,259,D,YP,PD,D
11:16:36,UNVR,RG,3410,1,D,CC,PD,D
11:16:36,UNVR,RG,3410,3,D,YP,PD,D
11:16:36,UNVR,RG,3410,1,D,YP,PD,D
11:16:36,UNVR,RG,3410,2,D,XL,PD,D
11:16:36,UNVR,RG,3410,1,D,YP,PD,D
11:16:36,UNVR,RG,3410,20,D,YP,PD,D
11:16:36,UNVR,RG,3410,1,D,DR,PD,D
11:16:36,UNVR,RG,3410,1,D,YP,PD,D
11:16:36,UNVR,RG,3410,1,D,DR,PD,D
11:16:36,UNVR,RG,3410,2,D,PD,PD,D
11:16:36,UNVR,RG,3410,30,D,KK,PD,D
11:16:36,UNVR,RG,3410,1,D,DH,PD,D
11:16:36,UNVR,RG,3410,1,D,SQ,PD,D
11:16:36,UNVR,RG,3410,2,D,PD,PD,D
11:16:36,UNVR,RG,3410,1,D,LG,PD,D
11:16:36,UNVR,RG,3410,1,D,PD,PD,D
11:16:36,UNVR,RG,3410,1,D,PD,PD,D
11:16:36,UNVR,RG,3410,1,D,PD,PD,D
11:16:36,UNVR,RG,3410,10,D,PD,PD,D
11:16:36,UNVR,RG,3410,2,D,PD,PD,D
11:16:36,UNVR,RG,3410,1,D,PD,PD,D
11:16:36,UNVR,RG,3410,2,D,GR,PD,D
11:16:36,UNVR,RG,3410,75,D,YJ,PD,D
11:16:36,UNVR,RG,3410,60,D,CP,PD,D
11:16:36,UNVR,RG,3410,20,D,YJ,PD,D
11:16:32,UNVR,RG,3420,10,D,YB,YO,D
11:16:32,UNVR,RG,3420,7,F,AK,YO,D
11:16:32,UNVR,RG,3420,25,D,CC,YO,D
11:16:32,UNVR,RG,3420,1,D,KK,YO,D
11:16:32,UNVR,RG,3420,10,D,YB,YO,D
11:16:32,UNVR,RG,3420,1,D,PD,YO,D
11:16:32,UNVR,RG,3420,1,D,DH,YO,D
11:16:32,UNVR,RG,3420,2,F,ZP,YO,D
11:16:32,UNVR,RG,3420,2,F,AK,YO,D
11:16:32,UNVR,RG,3420,25,D,YB,YO,D
11:16:32,UNVR,RG,3420,87,F,ZP,YO,D
11:16:32,UNVR,RG,3420,1,F,AK,YO,D
11:16:10,UNVR,RG,3430,1,D,PD,YO,D
11:16:09,UNVR,RG,3420,19,F,AK,PD,D
11:16:09,UNVR,RG,3420,27,F,AK,PD,D
11:16:04,UNVR,RG,3420,10,F,AK,CC,D
11:16:03,UNVR,RG,3420,1,D,SQ,CC,D
11:16:03,UNVR,RG,3420,2,F,ZP,CC,D
11:16:03,UNVR,RG,3420,27,D,SQ,CC,D
11:16:03,UNVR,RG,3420,3,F,ZP,CC,D
11:16:03,UNVR,RG,3420,10,D,KZ,CC,D
11:16:03,UNVR,RG,3420,38,D,GR,CC,D
11:16:03,UNVR,RG,3420,62,D,GR,YP,D
11:16:03,UNVR,RG,3420,2,D,PD,YP,D
11:16:03,UNVR,RG,3420,51,F,ZP,YP,D
11:16:03,UNVR,RG,3420,20,F,AK,YP,D
11:16:03,UNVR,RG,3420,55,F,ZP,YP,D
11:16:03,UNVR,RG,3420,110,F,AK,YP,D
11:15:55,UNVR,RG,3420,50,F,AK,YP,D
11:15:50,UNVR,RG,3420,25,F,AK,ZP,F
11:15:50,UNVR,RG,3420,1857,F,AK,CC,D
11:15:50,UNVR,RG,3420,32,F,ZP,CC,D
11:15:50,UNVR,RG,3420,1,D,NI,CC,D
11:15:50,UNVR,RG,3420,1,D,CC,CC,D
11:15:50,UNVR,RG,3420,4,F,AK,CC,D
11:15:50,UNVR,RG,3420,10,D,KK,CC,D
11:15:50,UNVR,RG,3420,3,D,CC,CC,D
11:15:50,UNVR,RG,3420,5,D,EP,CC,D
11:15:50,UNVR,RG,3420,1,D,YP,CC,D
11:15:50,UNVR,RG,3420,1,D,XC,CC,D
11:15:50,UNVR,RG,3420,6,D,KK,CC,D
11:15:50,UNVR,RG,3420,1,D,YP,CC,D
11:15:50,UNVR,RG,3420,20,D,NI,CC,D
11:15:50,UNVR,RG,3420,6,D,XC,CC,D
11:15:50,UNVR,RG,3420,1,D,LG,CC,D
11:15:50,UNVR,RG,3420,1,D,XL,CC,D
11:15:50,UNVR,RG,3420,5,D,PD,CC,D
11:15:50,UNVR,RG,3420,10,D,YP,CC,D
11:15:50,UNVR,RG,3420,2,D,XC,CC,D
11:15:50,UNVR,RG,3420,20,D,PD,CC,D
11:15:50,UNVR,RG,3420,1,D,DR,CC,D
11:15:50,UNVR,RG,3420,1,D,SQ,CC,D
11:15:50,UNVR,RG,3420,25,D,YP,CC,D
11:15:50,UNVR,RG,3420,2,D,XC,CC,D
11:15:50,UNVR,RG,3420,4,D,XC,CC,D
11:15:50,UNVR,RG,3420,5,D,KK,CC,D
11:15:50,UNVR,RG,3420,40,D,KK,CC,D
11:15:50,UNVR,RG,3420,5,D,XL,CC,D
11:15:50,UNVR,RG,3420,1,D,HP,CC,D
11:15:50,UNVR,RG,3420,5,D,YU,CC,D
11:15:50,UNVR,RG,3420,1,D,CC,CC,D
11:15:50,UNVR,RG,3420,3,D,KK,CC,D
11:15:50,UNVR,RG,3420,1,D,XC,CC,D
11:15:50,UNVR,RG,3420,1,D,XC,CC,D
11:15:50,UNVR,RG,3420,10,D,PD,CC,D
11:15:50,UNVR,RG,3420,500,D,CC,CC,D
11:15:50,UNVR,RG,3420,5,D,CC,CC,D
11:15:50,UNVR,RG,3420,2,D,PD,CC,D
11:15:50,UNVR,RG,3420,5,D,YP,CC,D
11:15:50,UNVR,RG,3420,10,D,YP,CC,D
11:15:50,UNVR,RG,3420,5,D,KK,CC,D
11:15:50,UNVR,RG,3420,1,D,PD,CC,D
11:15:50,UNVR,RG,3420,1,D,KK,CC,D
11:15:50,UNVR,RG,3420,1,D,YP,CC,D
11:15:50,UNVR,RG,3420,13,D,YU,CC,D
11:15:50,UNVR,RG,3420,50,D,AF,CC,D
11:15:50,UNVR,RG,3420,1,D,CC,CC,D
11:15:50,UNVR,RG,3420,10,D,DR,CC,D
11:15:50,UNVR,RG,3420,2,D,SQ,CC,D
11:15:50,UNVR,RG,3420,3,D,CC,CC,D
11:15:50,UNVR,RG,3420,366,D,CC,CC,D
11:15:50,UNVR,RG,3420,1,D,PD,CC,D
11:15:50,UNVR,RG,3420,2,D,XL,CC,D
11:15:50,UNVR,RG,3420,1,D,XC,CC,D
11:15:50,UNVR,RG,3420,9,D,PD,CC,D
11:15:50,UNVR,RG,3420,1,D,XC,CC,D
11:15:50,UNVR,RG,3420,2,D,GR,CC,D
11:15:50,UNVR,RG,3420,1,D,SQ,CC,D
11:15:50,UNVR,RG,3420,2,D,YB,CC,D
11:15:50,UNVR,RG,3420,483,D,PD,CC,D
11:15:50,UNVR,RG,3420,3,D,PD,CC,D
11:15:50,UNVR,RG,3420,1,D,DR,CC,D
11:15:50,UNVR,RG,3420,5,D,XC,CC,D
11:15:50,UNVR,RG,3420,1,D,XC,CC,D
11:15:50,UNVR,RG,3420,1,D,XC,CC,D
11:15:50,UNVR,RG,3420,8,D,RO,CC,D
11:15:50,UNVR,RG,3420,4,D,CC,CC,D
11:15:50,UNVR,RG,3420,5,D,NI,CC,D
11:15:50,UNVR,RG,3420,1,D,PD,CC,D
11:15:50,UNVR,RG,3420,10,D,NI,CC,D
11:15:50,UNVR,RG,3420,730,D,KK,CC,D
11:15:50,UNVR,RG,3420,15,D,KZ,CC,D
11:15:50,UNVR,RG,3420,144,D,YP,CC,D
11:15:50,UNVR,RG,3420,1,D,YP,CC,D
11:15:50,UNVR,RG,3420,5,D,EP,CC,D
11:15:50,UNVR,RG,3420,1,D,XC,CC,D
11:15:50,UNVR,RG,3420,4,D,YP,CC,D
11:15:50,UNVR,RG,3420,1,D,PD,CC,D
11:15:50,UNVR,RG,3420,3,D,CC,CC,D
11:15:50,UNVR,RG,3420,1,D,XC,CC,D
11:15:50,UNVR,RG,3420,2,D,YP,CC,D
11:15:50,UNVR,RG,3420,2,D,OD,CC,D
11:15:50,UNVR,RG,3420,10,D,CC,CC,D
11:15:50,UNVR,RG,3420,100,D,NI,CC,D
11:15:50,UNVR,RG,3420,30,D,YP,CC,D
11:15:50,UNVR,RG,3420,1,D,YU,CC,D
11:15:50,UNVR,RG,3420,1,D,PD,CC,D
11:15:50,UNVR,RG,3420,1,D,XC,CC,D
11:15:50,UNVR,RG,3420,10,D,PD,CC,D
11:15:50,UNVR,RG,3420,1,D,YP,CC,D
11:15:50,UNVR,RG,3420,20,D,YP,CC,D
11:15:50,UNVR,RG,3420,10,D,CC,CC,D
11:15:50,UNVR,RG,3420,3,D,YP,CC,D
11:15:50,UNVR,RG,3420,3,D,XC,CC,D
11:15:50,UNVR,RG,3420,1,D,CC,CC,D
11:15:50,UNVR,RG,3420,1,D,KK,CC,D
11:15:50,UNVR,RG,3420,50,D,YP,CC,D
11:15:50,UNVR,RG,3420,2,D,XC,CC,D
11:15:50,UNVR,RG,3420,1,D,KK,CC,D
11:15:50,UNVR,RG,3420,1,D,YP,CC,D
11:15:50,UNVR,RG,3420,1,D,CC,CC,D
11:15:50,UNVR,RG,3420,1,D,SQ,CC,D
11:15:50,UNVR,RG,3420,13,D,DR,CC,D
11:15:50,UNVR,RG,3420,39,D,TP,CC,D
11:15:50,UNVR,RG,3420,2,D,PD,CC,D
11:15:50,UNVR,RG,3420,5,D,XC,CC,D
11:15:50,UNVR,RG,3420,2,D,PD,CC,D
11:15:50,UNVR,RG,3420,1,D,XC,CC,D
11:15:50,UNVR,RG,3420,2,D,PD,CC,D
11:15:50,UNVR,RG,3420,1,D,XC,CC,D
11:15:50,UNVR,RG,3420,2,D,CC,CC,D
11:15:50,UNVR,RG,3420,5,D,PD,CC,D
11:15:50,UNVR,RG,3420,10,D,CC,CC,D
11:15:50,UNVR,RG,3420,20,D,PD,CC,D
11:15:50,UNVR,RG,3420,1,D,YP,CC,D
11:15:50,UNVR,RG,3420,10,D,YP,CC,D
11:15:50,UNVR,RG,3420,15,D,YP,CC,D
11:15:50,UNVR,RG,3420,2,D,CC,CC,D
11:15:50,UNVR,RG,3420,2,D,NI,CC,D
11:15:50,UNVR,RG,3420,10,D,PD,CC,D
11:15:50,UNVR,RG,3420,2,D,RG,CC,D
11:15:50,UNVR,RG,3420,4,D,KK,CC,D
11:15:50,UNVR,RG,3420,15,D,CC,CC,D
11:15:50,UNVR,RG,3420,25,D,OD,CC,D
11:15:50,UNVR,RG,3420,25,D,YP,CC,D
11:15:50,UNVR,RG,3420,1,D,CP,CC,D
11:15:50,UNVR,RG,3420,1,D,PD,CC,D
11:15:50,UNVR,RG,3420,3,D,OD,CC,D
11:15:50,UNVR,RG,3420,10,D,YP,CC,D
11:15:50,UNVR,RG,3420,4,D,OD,CC,D
11:15:50,UNVR,RG,3420,3,D,OD,CC,D
11:15:49,UNVR,RG,3430,1,D,YP,YO,D
11:15:40,UNVR,RG,3430,1,D,PD,YO,D
11:15:25,UNVR,RG,3420,3,D,OD,PD,D
11:15:25,UNVR,RG,3420,2,D,YP,PD,D
11:15:25,UNVR,RG,3420,1,D,MU,PD,D
11:15:25,UNVR,RG,3420,1,D,PD,PD,D
11:15:25,UNVR,RG,3420,5,D,NI,PD,D
11:15:25,UNVR,RG,3420,5,D,PD,PD,D
11:15:25,UNVR,RG,3420,10,D,NI,PD,D
11:15:25,UNVR,RG,3420,3,D,YP,PD,D
11:15:25,UNVR,RG,3420,10,D,PD,PD,D
11:15:25,UNVR,RG,3420,5,D,NI,PD,D
11:15:25,UNVR,RG,3420,1,D,PD,PD,D
11:15:14,UNVR,RG,3430,20,D,XC,YO,D
11:15:14,UNVR,RG,3430,30,D,PD,YO,D
11:15:13,UNVR,RG,3420,1,D,PD,BK,F
11:15:13,UNVR,RG,3420,1,D,YP,BK,F
11:15:13,UNVR,RG,3420,1,D,XC,BK,F
11:15:13,UNVR,RG,3420,3,D,XC,BK,F
11:15:13,UNVR,RG,3420,1,D,PD,BK,F
11:15:13,UNVR,RG,3420,25,D,CC,BK,F
11:15:13,UNVR,RG,3420,5,D,CC,BK,F
11:15:13,UNVR,RG,3420,2,D,NI,BK,F
11:15:13,UNVR,RG,3420,1,D,YP,BK,F
11:15:13,UNVR,RG,3420,2,D,YP,BK,F
11:15:13,UNVR,RG,3420,100,D,YP,BK,F
11:15:13,UNVR,RG,3420,3,D,PD,BK,F
11:15:13,UNVR,RG,3420,5,D,PD,BK,F
11:15:13,UNVR,RG,3420,1,D,NI,BK,F
11:15:13,UNVR,RG,3420,2,D,YP,BK,F
11:15:13,UNVR,RG,3420,5,D,YP,BK,F
11:15:13,UNVR,RG,3420,2,D,GR,BK,F
11:15:13,UNVR,RG,3420,1,D,XC,BK,F
11:15:13,UNVR,RG,3420,1,D,XC,BK,F
11:15:13,UNVR,RG,3420,3,D,PD,BK,F
11:15:13,UNVR,RG,3420,1,D,PD,BK,F
11:15:13,UNVR,RG,3420,10,D,CC,BK,F
11:15:13,UNVR,RG,3420,1,D,XC,BK,F
11:15:13,UNVR,RG,3420,2,D,KK,BK,F
11:15:13,UNVR,RG,3420,1,D,HP,BK,F
11:15:13,UNVR,RG,3420,1,D,YP,BK,F
11:15:13,UNVR,RG,3420,1,D,KK,BK,F
11:15:13,UNVR,RG,3420,50,D,YP,BK,F
11:15:13,UNVR,RG,3420,10,D,CC,BK,F
11:15:13,UNVR,RG,3420,10,D,YP,BK,F
11:15:13,UNVR,RG,3420,1,D,XC,BK,F
11:15:13,UNVR,RG,3420,8,D,CC,BK,F
11:15:13,UNVR,RG,3420,7,D,NI,BK,F
11:15:13,UNVR,RG,3420,100,D,RF,BK,F
11:15:13,UNVR,RG,3420,2,D,PD,BK,F
11:15:13,UNVR,RG,3420,15,D,YP,BK,F
11:15:13,UNVR,RG,3420,10,D,PD,BK,F
11:15:13,UNVR,RG,3420,1,D,PD,BK,F
11:15:13,UNVR,RG,3420,3,D,PD,BK,F
11:15:13,UNVR,RG,3420,2000,D,OD,BK,F
11:15:13,UNVR,RG,3420,2,D,PD,BK,F
11:15:13,UNVR,RG,3420,1,D,PD,BK,F
11:15:13,UNVR,RG,3420,1,D,PD,BK,F
11:15:13,UNVR,RG,3420,10,D,NI,BK,F
11:15:13,UNVR,RG,3420,1,D,PD,BK,F
11:15:13,UNVR,RG,3420,3,D,KK,BK,F
11:15:13,UNVR,RG,3420,2,D,XC,BK,F
11:15:13,UNVR,RG,3420,1,D,XC,BK,F
11:15:13,UNVR,RG,3420,3,D,XC,BK,F
11:15:13,UNVR,RG,3420,2,D,PD,BK,F
11:15:13,UNVR,RG,3420,20,D,LG,BK,F
11:15:13,UNVR,RG,3420,2,D,YP,BK,F
11:15:13,UNVR,RG,3420,3,D,CC,BK,F
11:15:13,UNVR,RG,3420,1,D,XC,BK,F
11:15:13,UNVR,RG,3420,1,D,XC,BK,F
11:15:13,UNVR,RG,3420,20,D,PD,BK,F
11:15:12,UNVR,RG,3420,80,D,PD,BK,F
11:15:12,UNVR,RG,3420,500,D,CC,BK,F
11:15:12,UNVR,RG,3420,5,D,GR,BK,F
11:15:12,UNVR,RG,3420,1,D,XC,BK,F
11:15:12,UNVR,RG,3420,1,D,SQ,BK,F
11:15:12,UNVR,RG,3420,1,D,PD,BK,F
11:15:12,UNVR,RG,3420,3,D,AI,BK,F
11:15:12,UNVR,RG,3420,5,D,CC,BK,F
11:15:12,UNVR,RG,3420,5,D,XC,BK,F
11:15:12,UNVR,RG,3420,2,D,XA,BK,F
11:15:12,UNVR,RG,3420,1,D,PD,BK,F
11:15:12,UNVR,RG,3420,7,D,XL,BK,F
11:15:12,UNVR,RG,3420,100,D,CC,BK,F
11:15:12,UNVR,RG,3420,1,D,XC,BK,F
11:15:12,UNVR,RG,3420,1,D,YP,BK,F
11:15:12,UNVR,RG,3420,2,D,RF,BK,F
11:15:12,UNVR,RG,3420,3,D,YP,BK,F
11:15:12,UNVR,RG,3420,1,D,SQ,BK,F
11:15:12,UNVR,RG,3420,1,D,XC,BK,F
11:15:12,UNVR,RG,3420,5,D,KK,BK,F
11:15:12,UNVR,RG,3420,3,D,DH,BK,F
11:15:12,UNVR,RG,3420,1,D,PD,BK,F
11:15:12,UNVR,RG,3420,10,D,CC,BK,F
11:15:12,UNVR,RG,3420,1,D,SQ,BK,F
11:15:12,UNVR,RG,3420,4,D,YP,BK,F
11:15:12,UNVR,RG,3420,39,D,XL,BK,F
11:15:12,UNVR,RG,3420,200,D,AO,BK,F
11:15:12,UNVR,RG,3420,2,D,XC,BK,F
11:15:12,UNVR,RG,3420,1,D,PD,BK,F
11:15:12,UNVR,RG,3420,1,D,XL,BK,F
11:15:12,UNVR,RG,3420,150,D,YP,BK,F
11:15:12,UNVR,RG,3420,4,D,YP,BK,F
11:15:12,UNVR,RG,3420,1,D,CC,BK,F
11:15:12,UNVR,RG,3420,3,D,YP,BK,F
11:15:12,UNVR,RG,3420,1,D,XC,BK,F
11:15:12,UNVR,RG,3420,2,D,AT,BK,F
11:15:12,UNVR,RG,3420,5,D,KK,BK,F
11:15:12,UNVR,RG,3420,65,F,ZP,BK,F
11:15:12,UNVR,RG,3420,5,D,NI,BK,F
11:15:12,UNVR,RG,3420,3,D,XL,BK,F
11:15:12,UNVR,RG,3420,2,F,ZP,BK,F
11:15:12,UNVR,RG,3420,1,D,EP,BK,F
11:15:12,UNVR,RG,3420,5,D,NI,BK,F
11:15:12,UNVR,RG,3420,2,F,ZP,BK,F
11:15:12,UNVR,RG,3420,1,D,OD,BK,F
11:15:12,UNVR,RG,3420,6,D,PD,BK,F
11:15:12,UNVR,RG,3420,2,F,ZP,BK,F
11:15:12,UNVR,RG,3420,10,D,PD,BK,F
11:15:12,UNVR,RG,3420,2,F,ZP,BK,F
11:15:12,UNVR,RG,3420,500,D,ZP,BK,F
11:15:12,UNVR,RG,3420,4,D,PD,BK,F
11:15:12,UNVR,RG,3420,1,F,AK,BK,F
11:15:12,UNVR,RG,3420,15,D,OD,BK,F
11:15:12,UNVR,RG,3420,3,D,DH,BK,F
11:15:12,UNVR,RG,3420,2,F,AK,BK,F
11:15:12,UNVR,RG,3420,385,F,AK,BK,F
11:15:12,UNVR,RG,3420,6,F,AK,BK,F
11:15:12,UNVR,RG,3420,30,D,KK,BK,F
11:15:12,UNVR,RG,3420,20,D,GR,BK,F
11:15:12,UNVR,RG,3420,1,D,PD,BK,F
11:15:12,UNVR,RG,3420,10,D,CC,BK,F
11:15:12,UNVR,RG,3420,1,D,PD,BK,F
11:15:12,UNVR,RG,3420,11,D,YP,BK,F
11:15:12,UNVR,RG,3420,1,D,NI,BK,F
11:15:12,UNVR,RG,3420,10,D,NI,BK,F
11:15:12,UNVR,RG,3420,10,D,DH,BK,F
11:15:12,UNVR,RG,3420,1,D,YP,BK,F
11:15:12,UNVR,RG,3420,4,D,XC,BK,F
11:15:12,UNVR,RG,3420,3,D,XC,BK,F
11:15:12,UNVR,RG,3420,10,D,LG,BK,F
11:15:12,UNVR,RG,3420,2,D,XC,BK,F
11:15:12,UNVR,RG,3420,5,D,PD,BK,F
11:15:12,UNVR,RG,3420,1,D,NI,BK,F
11:15:12,UNVR,RG,3420,2,D,PD,BK,F
11:15:12,UNVR,RG,3420,1,D,PD,BK,F
11:15:12,UNVR,RG,3420,1,D,PD,BK,F
11:15:12,UNVR,RG,3420,1,D,YP,BK,F
11:15:12,UNVR,RG,3420,80,D,KK,BK,F
11:15:12,UNVR,RG,3420,1,D,HP,BK,F
11:15:12,UNVR,RG,3420,5,D,PD,BK,F
11:15:12,UNVR,RG,3420,3,D,PD,BK,F
11:15:12,UNVR,RG,3420,45,D,YP,BK,F
11:15:12,UNVR,RG,3420,68,D,NI,BK,F
11:15:12,UNVR,RG,3430,5,F,ZP,YO,D
11:15:12,UNVR,RG,3420,1,D,NI,NI,D
11:14:59,UNVR,RG,3420,9,D,NI,DR,D
11:14:57,UNVR,RG,3420,3,D,NI,ZP,F
11:14:53,UNVR,RG,3430,25,D,PD,YO,D
11:14:46,UNVR,RG,3430,2,D,YP,YO,D
11:14:43,UNVR,RG,3430,1,D,YP,YO,D
11:14:38,UNVR,RG,3430,10,D,NI,YO,D
11:14:32,UNVR,RG,3420,46,D,NI,PD,D
11:14:27,UNVR,RG,3420,73,D,NI,AK,F
11:14:27,UNVR,RG,3420,5,D,SQ,AK,F
11:14:27,UNVR,RG,3420,150,D,PD,AK,F
11:14:27,UNVR,RG,3420,2,D,HP,AK,F
11:14:27,UNVR,RG,3420,3,D,YP,AK,F
11:14:27,UNVR,RG,3420,2,D,GR,AK,F
11:14:27,UNVR,RG,3420,29,D,GR,AK,F
11:14:27,UNVR,RG,3420,2,D,XA,AK,F
11:14:27,UNVR,RG,3420,25,D,EP,AK,F
11:14:27,UNVR,RG,3420,50,D,GR,AK,F
11:14:27,UNVR,RG,3420,1,D,GR,AK,F
11:14:27,UNVR,RG,3420,1,D,NI,AK,F
11:14:27,UNVR,RG,3420,3,D,PD,AK,F
11:14:27,UNVR,RG,3420,1,D,LS,AK,F
11:14:27,UNVR,RG,3420,29,D,TP,AK,F
11:14:27,UNVR,RG,3420,1,D,LG,AK,F
11:14:27,UNVR,RG,3420,14,D,YP,AK,F
11:14:27,UNVR,RG,3420,100,D,PD,AK,F
11:14:27,UNVR,RG,3420,5,D,DH,AK,F
11:14:27,UNVR,RG,3420,5,D,PD,AK,F
11:14:27,UNVR,RG,3420,3,D,XL,AK,F
11:14:27,UNVR,RG,3420,1,D,XC,AK,F
11:14:27,UNVR,RG,3420,4,D,YP,AK,F
11:14:27,UNVR,RG,3420,10,D,NI,AK,F
11:14:27,UNVR,RG,3420,2,D,SQ,AK,F
11:14:27,UNVR,RG,3420,10,D,CC,AK,F
11:14:27,UNVR,RG,3420,1,D,XL,AK,F
11:14:27,UNVR,RG,3420,1,D,OD,AK,F
11:14:27,UNVR,RG,3420,6,D,XC,AK,F
11:14:27,UNVR,RG,3420,3,D,DX,AK,F
11:14:27,UNVR,RG,3420,1,D,AG,AK,F
11:14:27,UNVR,RG,3420,5,D,PD,AK,F
11:14:27,UNVR,RG,3420,1,D,YP,AK,F
11:14:27,UNVR,RG,3420,5,D,NI,AK,F
11:14:27,UNVR,RG,3420,5,D,AT,AK,F
11:14:27,UNVR,RG,3420,40,D,SQ,AK,F
11:14:27,UNVR,RG,3420,7,D,YU,AK,F
11:14:27,UNVR,RG,3420,1,D,XC,AK,F
11:14:27,UNVR,RG,3420,1,D,PD,AK,F
11:14:27,UNVR,RG,3420,1,D,YP,AK,F
11:14:27,UNVR,RG,3420,238,D,YP,AK,F
11:14:27,UNVR,RG,3420,62,D,YP,AK,F
11:14:27,UNVR,RG,3420,1,D,XC,AK,F
11:14:27,UNVR,RG,3420,10,D,DH,AK,F
11:14:27,UNVR,RG,3420,15,D,XL,AK,F
11:14:27,UNVR,RG,3420,1,D,KK,AK,F
11:14:27,UNVR,RG,3420,10,D,AZ,AK,F
11:14:27,UNVR,RG,3420,1,D,CC,AK,F
11:14:27,UNVR,RG,3420,5,D,BQ,AK,F
11:14:27,UNVR,RG,3420,50,D,YP,AK,F
11:14:27,UNVR,RG,3420,5,D,BQ,AK,F
11:14:27,UNVR,RG,3420,30,D,OD,AK,F
11:14:27,UNVR,RG,3420,14,D,DH,AK,F
11:14:27,UNVR,RG,3420,40,D,SQ,AK,F
11:14:27,UNVR,RG,3420,75,D,DR,AK,F
11:14:27,UNVR,RG,3420,16,D,LG,AK,F
11:14:27,UNVR,RG,3420,10,D,PD,AK,F
11:14:27,UNVR,RG,3420,10,F,AK,AK,F
11:14:27,UNVR,RG,3420,1,D,XC,AK,F
11:14:27,UNVR,RG,3420,5,D,XC,AK,F
11:14:27,UNVR,RG,3420,100,D,YP,AK,F
11:14:27,UNVR,RG,3420,1,D,CC,AK,F
11:14:27,UNVR,RG,3420,2,D,NI,AK,F
11:14:27,UNVR,RG,3420,2,D,GR,AK,F
11:14:27,UNVR,RG,3420,1,D,PD,AK,F
11:14:27,UNVR,RG,3420,19,D,SQ,AK,F
11:14:27,UNVR,RG,3420,5,D,YP,AK,F
11:14:27,UNVR,RG,3420,2,D,GR,AK,F
11:14:27,UNVR,RG,3420,50,D,YP,AK,F
11:14:27,UNVR,RG,3420,3,D,PD,AK,F
11:14:27,UNVR,RG,3420,50,D,YB,AK,F
11:14:27,UNVR,RG,3420,10,F,AK,AK,F
11:14:27,UNVR,RG,3420,5,D,XC,AK,F
11:14:27,UNVR,RG,3420,1,D,HP,AK,F
