Time,Stock,Brd,Price,Qty,BT,BC,SC,ST
15:14:54,UNVR,RG,4810,2,F,ZP,DR,D
15:14:36,UNVR,RG,4810,20,F,ZP,YP,D
15:14:26,UNVR,RG,4810,46,F,ZP,NI,D
15:14:22,UNVR,RG,4810,150,F,ZP,YP,D
15:14:11,UNVR,RG,4810,1,F,ZP,GR,D
15:13:59,UNVR,RG,4810,10,F,ZP,OD,D
15:13:20,UNVR,RG,4810,200,F,ZP,CP,D
15:12:32,UNVR,RG,4810,2,F,ZP,YB,D
15:12:32,UNVR,RG,4810,20,F,ZP,YP,D
15:12:31,UNVR,RG,4810,2,F,ZP,YP,D
15:12:17,UNVR,RG,4810,2,F,ZP,RF,D
15:11:50,UNVR,RG,4810,1,F,ZP,YB,D
15:10:57,UNVR,RG,4810,1,F,ZP,NI,D
15:10:24,UNVR,RG,4810,6,F,ZP,YP,D
15:10:12,UNVR,RG,4810,2,F,ZP,YB,D
15:10:02,UNVR,RG,4810,12,F,ZP,IF,D
15:09:56,UNVR,RG,4810,9,F,ZP,XL,D
15:09:40,UNVR,RG,4810,20,F,ZP,AG,D
15:09:11,UNVR,RG,4810,3,F,ZP,YB,D
15:08:56,UNVR,RG,4810,2,F,ZP,YB,D
15:08:30,UNVR,RG,4810,50,F,ZP,KK,D
15:08:15,UNVR,RG,4810,5,F,ZP,YP,D
15:07:48,UNVR,RG,4810,7,F,ZP,XC,D
15:07:35,UNVR,RG,4810,60,F,ZP,YU,D
15:07:26,UNVR,RG,4810,1,F,ZP,PD,D
15:06:42,UNVR,RG,4810,12,F,ZP,YP,D
15:06:39,UNVR,RG,4810,5,F,ZP,NI,D
15:06:33,UNVR,RG,4810,1,F,ZP,SQ,D
15:06:23,UNVR,RG,4810,1,F,ZP,YP,D
15:06:12,UNVR,RG,4810,1,F,ZP,SQ,D
15:06:09,UNVR,RG,4810,1,F,ZP,NI,D
15:06:03,UNVR,RG,4810,10,F,ZP,GR,D
15:05:59,UNVR,RG,4810,2,F,ZP,NI,D
15:05:51,UNVR,RG,4810,50,F,ZP,DH,D
15:05:48,UNVR,RG,4810,10,F,ZP,PD,D
15:05:37,UNVR,RG,4810,1,F,ZP,OD,D
15:05:24,UNVR,RG,4810,50,F,ZP,YP,D
15:05:18,UNVR,RG,4810,6,F,ZP,YB,D
15:05:15,UNVR,RG,4810,3,F,ZP,PD,D
15:05:08,UNVR,RG,4810,6,F,ZP,SQ,D
15:05:07,UNVR,RG,4810,2,F,ZP,LG,D
15:04:59,UNVR,RG,4810,2,F,ZP,YP,D
15:04:35,UNVR,RG,4810,15,F,ZP,DR,D
15:04:33,UNVR,RG,4810,3,F,ZP,PD,D
15:04:17,UNVR,RG,4810,50,F,ZP,GR,D
15:04:16,UNVR,RG,4810,2,F,ZP,CC,D
15:04:14,UNVR,RG,4810,1,F,ZP,DH,D
15:04:13,UNVR,RG,4810,17,F,ZP,PD,D
15:04:12,UNVR,RG,4810,5,F,ZP,YB,D
15:04:00,UNVR,RG,4810,50,F,ZP,IP,D
15:03:56,UNVR,RG,4810,5,F,ZP,LG,D
15:03:56,UNVR,RG,4810,3,F,ZP,YP,D
15:03:53,UNVR,RG,4810,16,F,ZP,OD,D
15:03:50,UNVR,RG,4810,3,F,ZP,PD,D
15:03:32,UNVR,RG,4810,10,F,ZP,XA,D
15:02:52,UNVR,RG,4810,2,F,ZP,PD,D
15:02:51,UNVR,RG,4810,100,F,ZP,KK,D
15:02:47,UNVR,RG,4810,40,F,ZP,PD,D
15:02:32,UNVR,RG,4810,7,F,ZP,SQ,D
15:02:30,UNVR,RG,4810,50,F,ZP,EL,D
15:02:27,UNVR,RG,4810,1,F,ZP,SQ,D
15:02:27,UNVR,RG,4810,50,F,ZP,YP,D
15:02:27,UNVR,RG,4810,8,F,ZP,XL,D
15:02:27,UNVR,RG,4810,1,F,ZP,YP,D
15:02:27,UNVR,RG,4810,14,F,ZP,CC,D
15:02:27,UNVR,RG,4810,10,F,ZP,YP,D
15:02:27,UNVR,RG,4810,100,F,ZP,AG,D
15:02:27,UNVR,RG,4810,15,F,ZP,YP,D
15:02:27,UNVR,RG,4810,118,F,ZP,YP,D
15:02:19,UNVR,RG,4810,1,D,XC,YP,D
15:02:17,UNVR,RG,4810,10,D,YP,YP,D
15:02:00,UNVR,RG,4810,2,D,YP,YP,D
15:02:00,UNVR,RG,4810,19,D,YP,YP,D
15:01:20,UNVR,RG,4810,3,F,ZP,XL,D
15:01:20,UNVR,RG,4810,10,F,ZP,AG,D
15:01:20,UNVR,RG,4810,200,F,ZP,KK,D
15:01:20,UNVR,RG,4810,1,F,ZP,YP,D
15:01:20,UNVR,RG,4810,233,F,ZP,CC,D
15:01:17,UNVR,RG,4810,39,D,YP,CC,D
15:01:10,UNVR,RG,4810,78,D,YP,CC,D
15:01:07,UNVR,RG,4810,5,D,EP,CC,D
15:00:00,UNVR,RG,4810,682,F,ZP,CC,D
15:00:00,UNVR,RG,4810,1137,F,CS,CC,D
15:00:00,UNVR,RG,4810,7,F,CS,YP,D
15:00:00,UNVR,RG,4810,1,F,CS,YP,D
15:00:00,UNVR,RG,4810,29,F,CS,YP,D
15:00:00,UNVR,RG,4810,300,F,CS,YU,D
15:00:00,UNVR,RG,4810,1,F,CS,YP,D
15:00:00,UNVR,RG,4810,1,F,CS,YP,D
15:00:00,UNVR,RG,4810,1,F,CS,YP,D
15:00:00,UNVR,RG,4810,5,F,CS,HP,D
15:00:00,UNVR,RG,4810,10,F,CS,DR,D
15:00:00,UNVR,RG,4810,360,F,CS,YU,F
15:00:00,UNVR,RG,4810,167,F,CC,YU,F
15:00:00,UNVR,RG,4810,328,F,ZP,YU,F
15:00:00,UNVR,RG,4810,1016,F,ZP,YU,F
15:00:00,UNVR,RG,4810,1871,F,ZP,YU,F
15:00:00,UNVR,RG,4810,150,F,ZP,ZP,F
15:00:00,UNVR,RG,4810,285,F,ZP,AK,F
15:00:00,UNVR,RG,4810,2863,F,ZP,CS,F
15:00:00,UNVR,RG,4810,10,D,PD,CS,F
15:00:00,UNVR,RG,4810,64,D,XC,CS,F
15:00:00,UNVR,RG,4810,4,D,PD,CS,F
15:00:00,UNVR,RG,4810,5,D,PD,CS,F
15:00:00,UNVR,RG,4810,1,D,YP,CS,F
15:00:00,UNVR,RG,4810,1,D,XC,CS,F
15:00:00,UNVR,RG,4810,10,D,PD,CS,F
15:00:00,UNVR,RG,4810,37,F,ZP,CS,F
15:00:00,UNVR,RG,4810,143,F,ZP,ZP,F
15:00:00,UNVR,RG,4810,1,D,PD,ZP,F
15:00:00,UNVR,RG,4810,1,D,XC,ZP,F
15:00:00,UNVR,RG,4810,1,D,YP,ZP,F
15:00:00,UNVR,RG,4810,2,D,YP,ZP,F
15:00:00,UNVR,RG,4810,11,D,PD,ZP,F
15:00:00,UNVR,RG,4810,713,D,BB,ZP,F
15:00:00,UNVR,RG,4810,183,D,BB,ZP,F
15:00:00,UNVR,RG,4810,598,D,BB,OD,D
15:00:00,UNVR,RG,4810,8,D,CC,OD,D
15:00:00,UNVR,RG,4810,8,D,YP,OD,D
15:00:00,UNVR,RG,4810,100,D,YP,OD,D
15:00:00,UNVR,RG,4810,142,D,YP,OD,D
15:00:00,UNVR,RG,4810,1,D,NI,OD,D
15:00:00,UNVR,RG,4810,20,D,PD,OD,D
15:00:00,UNVR,RG,4810,1,D,CC,OD,D
15:00:00,UNVR,RG,4810,37,F,BK,OD,D
15:00:00,UNVR,RG,4810,2,D,YP,OD,D
15:00:00,UNVR,RG,4810,21,D,KK,OD,D
15:00:00,UNVR,RG,4810,8,D,YP,OD,D
15:00:00,UNVR,RG,4810,21,D,YP,OD,D
15:00:00,UNVR,RG,4810,296,F,YU,OD,D
15:00:00,UNVR,RG,4810,1174,F,YU,BK,F
15:00:00,UNVR,RG,4810,284,F,YU,BK,F
15:00:00,UNVR,RG,4810,612,F,YU,BK,F
15:00:00,UNVR,RG,4810,115,F,ZP,BK,F
15:00:00,UNVR,RG,4810,863,F,ZP,ZP,F
15:00:00,UNVR,RG,4810,82,F,ZP,CS,D
15:00:00,UNVR,RG,4810,256,F,ZP,ZP,F
15:00:00,UNVR,RG,4810,363,F,ZP,YU,F
15:00:00,UNVR,RG,4810,1792,F,ZP,ZP,F
15:00:00,UNVR,RG,4810,221,F,ZP,AK,F
15:00:00,UNVR,RG,4810,1,F,ZP,AK,F
15:00:00,UNVR,RG,4810,71,F,ZP,AK,F
15:00:00,UNVR,RG,4810,20,F,ZP,AK,F
15:00:00,UNVR,RG,4810,45,F,ZP,AK,F
15:00:00,UNVR,RG,4810,1,F,ZP,AK,F
15:00:00,UNVR,RG,4810,68,F,ZP,AK,F
15:00:00,UNVR,RG,4810,99,F,ZP,ZP,F
15:00:00,UNVR,RG,4810,2,F,ZP,ZP,F
15:00:00,UNVR,RG,4810,1,F,ZP,ZP,F
15:00:00,UNVR,RG,4810,14,F,ZP,ZP,F
15:00:00,UNVR,RG,4810,205,F,ZP,ZP,F
15:00:00,UNVR,RG,4810,158,F,ZP,ZP,F
15:00:00,UNVR,RG,4810,9,F,ZP,ZP,F
15:00:00,UNVR,RG,4810,52,F,ZP,ZP,F
15:00:00,UNVR,RG,4810,140,F,ZP,ZP,F
15:00:00,UNVR,RG,4810,10,F,ZP,BB,F
15:00:00,UNVR,RG,4810,118,F,ZP,ZP,F
15:00:00,UNVR,RG,4810,949,F,ZP,ZP,F
15:00:00,UNVR,RG,4810,38,F,ZP,YU,F
15:00:00,UNVR,RG,4810,72,F,ZP,PD,D
15:00:00,UNVR,RG,4810,82,F,ZP,PD,D
15:00:00,UNVR,RG,4810,517,F,AK,PD,D
15:00:00,UNVR,RG,4810,2595,F,YU,PD,D
15:00:00,UNVR,RG,4810,40,F,BK,PD,D
15:00:00,UNVR,RG,4810,50,F,BK,PD,D
15:00:00,UNVR,RG,4810,362,F,BK,PD,D
15:00:00,UNVR,RG,4810,233,D,BB,PD,D
15:00:00,UNVR,RG,4810,4,D,BB,PD,D
15:00:00,UNVR,RG,4810,41,F,YU,PD,D
15:00:00,UNVR,RG,4810,1400,D,RX,PD,D
15:00:00,UNVR,RG,4810,145,D,LG,PD,D
14:49:59,UNVR,RG,4820,4,D,BB,ZP,F
14:49:59,UNVR,RG,4820,45,D,BB,DR,D
14:49:58,UNVR,RG,4830,1,F,ZP,LH,D
14:49:55,UNVR,RG,4820,2,D,BB,ZP,F
14:49:55,UNVR,RG,4830,5,F,YU,KK,D
14:49:55,UNVR,RG,4830,20,F,YU,XC,D
14:49:55,UNVR,RG,4830,11,F,YU,YP,D
14:49:55,UNVR,RG,4820,1,D,BB,ZP,F
14:49:54,UNVR,RG,4830,1,F,ZP,YP,D
14:49:52,UNVR,RG,4820,7,D,BB,ZP,F
14:49:52,UNVR,RG,4830,13,F,ZP,YP,D
14:49:52,UNVR,RG,4830,2,F,ZP,KK,D
14:49:51,UNVR,RG,4830,8,F,ZP,KK,D
14:49:51,UNVR,RG,4830,7,F,ZP,CC,D
14:49:51,UNVR,RG,4830,3,F,ZP,PD,D
14:49:51,UNVR,RG,4830,2,F,ZP,CC,D
14:49:51,UNVR,RG,4830,1,F,ZP,YP,D
14:49:51,UNVR,RG,4830,20,F,ZP,PD,D
14:49:51,UNVR,RG,4830,1,F,ZP,XL,D
14:49:51,UNVR,RG,4830,4,F,ZP,YP,D
14:49:51,UNVR,RG,4830,20,F,ZP,PD,D
14:49:51,UNVR,RG,4830,10,F,ZP,PD,D
14:49:51,UNVR,RG,4830,10,F,ZP,LG,D
14:49:51,UNVR,RG,4830,2,F,ZP,LG,D
14:49:48,UNVR,RG,4820,256,D,BB,ZP,F
14:49:48,UNVR,RG,4830,42,F,ZP,LG,D
14:49:48,UNVR,RG,4820,17,D,BB,ZP,F
14:49:47,UNVR,RG,4830,146,F,AK,LG,D
14:49:47,UNVR,RG,4830,2,F,AK,DH,D
14:49:47,UNVR,RG,4830,5,F,AK,PD,D
14:49:47,UNVR,RG,4830,1,F,AK,PD,D
14:49:47,UNVR,RG,4830,5,F,AK,YP,D
14:49:47,UNVR,RG,4830,1,F,AK,YU,D
14:49:47,UNVR,RG,4830,1,F,AK,SQ,D
14:49:47,UNVR,RG,4830,1,F,AK,HP,D
14:49:47,UNVR,RG,4830,1,F,AK,YP,D
14:49:47,UNVR,RG,4830,3,F,AK,NI,D
14:49:47,UNVR,RG,4830,1,F,AK,NI,D
14:49:47,UNVR,RG,4830,2,F,AK,XC,D
14:49:47,UNVR,RG,4830,2,F,AK,NI,D
14:49:47,UNVR,RG,4830,1,F,AK,PD,D
14:49:47,UNVR,RG,4830,20,F,AK,SQ,D
14:49:47,UNVR,RG,4830,5,F,AK,YP,D
14:49:47,UNVR,RG,4830,12,F,AK,KK,D
14:49:47,UNVR,RG,4830,25,F,AK,PD,D
14:49:47,UNVR,RG,4830,1,F,AK,YP,D
14:49:47,UNVR,RG,4830,1,F,AK,ZP,D
14:49:47,UNVR,RG,4830,10,F,AK,PD,D
14:49:47,UNVR,RG,4830,10,F,AK,YP,D
14:49:47,UNVR,RG,4830,3,F,AK,YP,D
14:49:47,UNVR,RG,4830,10,F,AK,CC,D
14:49:47,UNVR,RG,4830,10,F,AK,XL,D
14:49:47,UNVR,RG,4830,1,F,AK,XC,D
14:49:47,UNVR,RG,4830,30,F,AK,XC,D
14:49:47,UNVR,RG,4830,1,F,AK,XC,D
14:49:47,UNVR,RG,4830,20,F,AK,YP,D
14:49:47,UNVR,RG,4830,5,F,AK,YP,D
14:49:47,UNVR,RG,4830,25,F,AK,YP,D
14:49:47,UNVR,RG,4830,120,F,AK,PD,D
14:49:47,UNVR,RG,4830,2,F,AK,PD,D
14:49:47,UNVR,RG,4830,4,F,AK,LG,D
14:49:47,UNVR,RG,4830,1,F,AK,PD,D
14:49:47,UNVR,RG,4830,5,F,AK,PD,D
14:49:47,UNVR,RG,4830,1,F,AK,PD,D
14:49:47,UNVR,RG,4830,2,F,AK,KK,D
14:49:47,UNVR,RG,4830,7,F,AK,PD,D
14:49:47,UNVR,RG,4830,1,F,AK,KK,D
14:49:47,UNVR,RG,4830,10,F,AK,DR,D
14:49:47,UNVR,RG,4830,100,F,AK,EP,D
14:49:47,UNVR,RG,4830,10,F,AK,KI,D
14:49:47,UNVR,RG,4830,1,F,AK,PD,D
14:49:47,UNVR,RG,4830,1,F,AK,XC,D
14:49:47,UNVR,RG,4830,200,F,AK,PD,D
14:49:47,UNVR,RG,4830,5,F,AK,PD,D
14:49:47,UNVR,RG,4830,115,F,AK,KK,F
14:49:47,UNVR,RG,4830,50,F,AK,PD,D
14:49:47,UNVR,RG,4830,13,F,AK,XC,D
14:49:47,UNVR,RG,4830,10,F,AK,SQ,D
14:49:47,UNVR,RG,4830,29,F,AK,NI,D
14:49:47,UNVR,RG,4830,25,F,AK,YP,D
14:49:47,UNVR,RG,4830,1,F,AK,YP,D
14:49:47,UNVR,RG,4830,50,F,AK,YU,D
14:49:47,UNVR,RG,4830,2,F,AK,YP,D
14:49:47,UNVR,RG,4830,10,F,AK,PD,D
14:49:47,UNVR,RG,4830,1,F,AK,PD,D
14:49:47,UNVR,RG,4830,99,F,AK,KK,D
14:49:47,UNVR,RG,4830,20,F,AK,XC,D
14:49:47,UNVR,RG,4830,5,F,AK,DR,D
14:49:47,UNVR,RG,4830,30,F,AK,KK,D
14:49:47,UNVR,RG,4830,3,F,AK,PD,D
14:49:47,UNVR,RG,4830,10,F,AK,SQ,D
14:49:47,UNVR,RG,4830,4,F,AK,XL,D
14:49:47,UNVR,RG,4830,1,F,AK,YP,D
14:49:47,UNVR,RG,4830,4,F,AK,PD,D
14:49:47,UNVR,RG,4830,1,F,AK,DR,D
14:49:47,UNVR,RG,4830,20,F,AK,PD,D
14:49:47,UNVR,RG,4830,1,F,AK,KK,D
14:49:47,UNVR,RG,4830,6,F,AK,XC,D
14:49:47,UNVR,RG,4830,5,F,AK,NI,D
14:49:47,UNVR,RG,4830,1,F,AK,YP,D
14:49:47,UNVR,RG,4830,1,F,AK,XC,D
14:49:47,UNVR,RG,4830,46,F,AK,XL,D
14:49:47,UNVR,RG,4830,2,F,AK,NI,D
14:49:47,UNVR,RG,4830,3,F,AK,EP,D
14:49:47,UNVR,RG,4830,1,F,AK,YP,D
14:49:47,UNVR,RG,4830,5,F,AK,OD,D
14:49:47,UNVR,RG,4830,50,F,AK,OD,D
14:49:47,UNVR,RG,4830,1,F,AK,PD,D
14:49:47,UNVR,RG,4830,10,F,AK,PD,D
14:49:47,UNVR,RG,4830,50,F,AK,GR,D
14:49:47,UNVR,RG,4830,1,F,AK,DH,D
14:49:47,UNVR,RG,4830,210,F,AK,EP,D
14:49:47,UNVR,RG,4830,300,F,AK,LG,D
14:49:47,UNVR,RG,4830,5,F,AK,YP,D
14:49:47,UNVR,RG,4830,1,F,AK,YP,D
14:49:47,UNVR,RG,4830,2,F,AK,PD,D
14:49:47,UNVR,RG,4830,4,F,AK,NI,D
14:49:47,UNVR,RG,4830,1,F,AK,PC,D
14:49:47,UNVR,RG,4830,1,F,AK,HP,D
14:49:47,UNVR,RG,4830,1544,F,AK,SQ,D
14:49:45,UNVR,RG,4820,22,D,BB,ZP,F
14:49:42,UNVR,RG,4820,18,D,BB,ZP,F
14:49:41,UNVR,RG,4830,3,F,ZP,SQ,D
14:49:41,UNVR,RG,4820,1,D,BB,AK,F
14:49:41,UNVR,RG,4820,20,D,BB,CP,D
14:49:41,UNVR,RG,4820,5,D,BB,PD,D
14:49:41,UNVR,RG,4820,1,D,BB,AK,F
14:49:41,UNVR,RG,4820,1,D,BB,YP,D
14:49:41,UNVR,RG,4820,50,D,BB,AG,D
14:49:41,UNVR,RG,4820,1,D,BB,AK,F
14:49:41,UNVR,RG,4820,50,D,BB,YP,D
14:49:41,UNVR,RG,4820,1,D,BB,AK,F
14:49:41,UNVR,RG,4820,1,D,BB,AK,F
14:49:41,UNVR,RG,4820,100,D,BB,CC,D
14:49:41,UNVR,RG,4820,1,D,BB,AK,F
14:49:41,UNVR,RG,4820,1,D,BB,PD,D
14:49:41,UNVR,RG,4820,15,D,BB,DR,D
14:49:41,UNVR,RG,4820,1,D,BB,EP,D
14:49:41,UNVR,RG,4820,10,D,BB,DH,D
14:49:41,UNVR,RG,4820,2,D,BB,DR,D
14:49:41,UNVR,RG,4820,3,D,BB,CS,F
14:49:41,UNVR,RG,4820,1,D,BB,DX,D
14:49:41,UNVR,RG,4820,11,D,BB,SQ,D
14:49:41,UNVR,RG,4820,249,D,BB,PD,D
14:49:40,UNVR,RG,4810,2,F,ZP,ZP,F
14:49:39,UNVR,RG,4810,23,F,ZP,PD,D
14:49:36,UNVR,RG,4810,2,F,ZP,ZP,F
14:49:35,UNVR,RG,4810,16,F,ZP,ZP,F
14:49:35,UNVR,RG,4820,30,D,BB,PD,D
14:49:34,UNVR,RG,4810,7,F,ZP,CS,F
14:49:34,UNVR,RG,4820,208,D,BB,PD,D
14:49:32,UNVR,RG,4810,7,F,ZP,ZP,F
14:49:31,UNVR,RG,4810,1,F,ZP,ZP,F
14:49:31,UNVR,RG,4820,93,D,BB,PD,D
14:49:31,UNVR,RG,4810,1,F,ZP,ZP,F
14:49:30,UNVR,RG,4820,14,F,ZP,PD,D
14:49:30,UNVR,RG,4810,6,F,ZP,ZP,F
14:49:30,UNVR,RG,4810,12,F,ZP,YU,F
14:49:30,UNVR,RG,4820,3,F,ZP,PD,D
14:49:30,UNVR,RG,4820,70,D,BB,PD,D
14:49:25,UNVR,RG,4810,4,F,ZP,ZP,F
14:49:24,UNVR,RG,4820,54,D,BB,PD,D
14:49:20,UNVR,RG,4810,10,F,ZP,ZP,F
14:49:19,UNVR,RG,4820,130,D,BB,PD,D
14:49:19,UNVR,RG,4810,1,F,ZP,YP,D
14:49:17,UNVR,RG,4810,6,F,ZP,ZP,F
14:49:16,UNVR,RG,4810,1,F,ZP,BB,F
14:49:15,UNVR,RG,4810,1,F,ZP,CC,D
14:49:14,UNVR,RG,4810,110,F,ZP,ZP,F
14:49:14,UNVR,RG,4820,49,D,BB,PD,D
14:49:14,UNVR,RG,4820,1,D,BB,AI,D
14:49:14,UNVR,RG,4820,1,D,BB,PD,D
14:49:14,UNVR,RG,4820,3,D,BB,XC,D
14:49:14,UNVR,RG,4820,10,D,BB,AT,D
14:49:14,UNVR,RG,4820,6,D,BB,AK,F
14:49:14,UNVR,RG,4820,1,D,BB,DH,D
14:49:14,UNVR,RG,4820,17,D,BB,BK,F
14:49:14,UNVR,RG,4810,1,F,ZP,BB,F
14:49:10,UNVR,RG,4820,9,D,BB,BK,F
14:49:10,UNVR,RG,4820,137,D,BB,EP,D
14:49:10,UNVR,RG,4820,14,F,ZP,EP,D
14:49:02,UNVR,RG,4810,38,F,ZP,ZP,F
14:49:01,UNVR,RG,4810,40,F,ZP,BK,F
14:49:00,UNVR,RG,4810,65,F,ZP,KK,D
14:49:00,UNVR,RG,4810,95,F,ZP,ZP,F
14:48:59,UNVR,RG,4810,50,F,ZP,ZP,F
14:48:59,UNVR,RG,4820,49,D,BB,EP,D
14:48:59,UNVR,RG,4820,20,D,BB,YU,F
14:48:59,UNVR,RG,4820,26,D,BB,CS,F
14:48:59,UNVR,RG,4820,20,D,BB,CS,F
14:48:59,UNVR,RG,4810,3,F,ZP,XC,D
14:48:57,UNVR,RG,4810,1,F,ZP,AK,F
14:48:57,UNVR,RG,4810,1,F,ZP,AK,F
14:48:57,UNVR,RG,4810,15,F,ZP,BK,F
14:48:56,UNVR,RG,4810,25,F,ZP,SQ,D
14:48:56,UNVR,RG,4810,20,F,ZP,ZP,F
14:48:54,UNVR,RG,4820,1,D,YP,CS,F
14:48:54,UNVR,RG,4820,21,D,BB,CS,F
14:48:50,UNVR,RG,4810,10,F,ZP,DX,D
14:48:47,UNVR,RG,4810,19,F,ZP,ZP,F
14:48:47,UNVR,RG,4820,62,D,BB,CS,F
14:48:47,UNVR,RG,4820,7,D,BB,CS,F
14:48:47,UNVR,RG,4820,25,D,BB,PD,D
14:48:41,UNVR,RG,4810,13,F,ZP,BK,F
14:48:39,UNVR,RG,4810,22,F,ZP,ZP,F
14:48:39,UNVR,RG,4820,25,D,BB,PD,D
14:48:39,UNVR,RG,4820,1,D,BB,PD,D
14:48:39,UNVR,RG,4820,1,D,BB,CC,F
14:48:39,UNVR,RG,4820,3,D,BB,SQ,D
14:48:39,UNVR,RG,4820,12,D,BB,CS,F
14:48:38,UNVR,RG,4820,11,D,PD,CS,F
14:48:34,UNVR,RG,4820,9,D,BB,CS,F
14:48:34,UNVR,RG,4820,1,D,BB,NI,D
14:48:34,UNVR,RG,4820,1,D,BB,BK,F
14:48:34,UNVR,RG,4820,3,D,BB,PD,D
14:48:34,UNVR,RG,4820,4,D,BB,CC,D
14:48:34,UNVR,RG,4820,8,D,BB,YU,F
14:48:34,UNVR,RG,4820,8,D,BB,YU,F
14:48:34,UNVR,RG,4820,3,D,BB,CS,F
14:48:34,UNVR,RG,4810,18,F,ZP,CC,D
14:48:32,UNVR,RG,4810,8,F,ZP,ZP,F
14:48:32,UNVR,RG,4820,65,D,BB,CS,F
14:48:32,UNVR,RG,4820,35,D,BB,CC,D
14:48:31,UNVR,RG,4810,1,F,ZP,BB,F
14:48:27,UNVR,RG,4810,19,F,ZP,ZP,F
14:48:27,UNVR,RG,4810,4,F,ZP,XC,D
14:48:23,UNVR,RG,4820,35,D,BB,CC,D
14:48:23,UNVR,RG,4820,25,D,BB,SQ,D
14:48:23,UNVR,RG,4810,14,F,ZP,AK,F
14:48:22,UNVR,RG,4810,46,F,ZP,ZP,F
14:48:22,UNVR,RG,4820,38,D,BB,SQ,D
14:48:22,UNVR,RG,4810,15,F,ZP,BK,F
14:48:16,UNVR,RG,4810,38,F,ZP,CS,F
14:48:15,UNVR,RG,4820,87,D,BB,SQ,D
14:48:15,UNVR,RG,4820,12,D,BB,YU,F
14:48:15,UNVR,RG,4820,4,D,BB,YP,D
14:48:15,UNVR,RG,4820,27,D,BB,CC,D
14:48:11,UNVR,RG,4810,41,F,ZP,AK,F
14:48:10,UNVR,RG,4820,22,D,BB,CC,D
14:48:10,UNVR,RG,4810,8,F,ZP,MK,D
14:48:07,UNVR,RG,4810,5,F,ZP,SQ,D
14:48:05,UNVR,RG,4810,56,F,ZP,ZP,F
14:48:05,UNVR,RG,4820,81,D,BB,CC,D
14:48:05,UNVR,RG,4810,50,F,ZP,CC,D
14:48:03,UNVR,RG,4820,5,D,BB,CC,D
14:48:03,UNVR,RG,4820,14,D,BB,YU,F
14:48:03,UNVR,RG,4820,10,D,BB,CD,D
14:48:03,UNVR,RG,4820,6,D,BB,AK,F
14:48:03,UNVR,RG,4820,8,D,BB,AK,F
14:48:03,UNVR,RG,4820,9,D,BB,AK,F
14:48:03,UNVR,RG,4820,1,D,BB,YP,D
14:48:03,UNVR,RG,4820,1,D,BB,BB,F
14:48:03,UNVR,RG,4820,19,D,BB,OD,D
14:48:03,UNVR,RG,4810,12,F,ZP,YU,F
14:48:02,UNVR,RG,4810,14,F,ZP,BK,F
14:48:02,UNVR,RG,4810,143,F,ZP,AK,F
14:48:02,UNVR,RG,4810,111,F,ZP,AK,F
14:48:02,UNVR,RG,4810,1,D,YP,AK,F
14:48:02,UNVR,RG,4810,18,F,YU,AK,F
14:48:02,UNVR,RG,4810,18,F,YU,AK,F
14:48:00,UNVR,RG,4810,2,F,YU,AK,F
14:48:00,UNVR,RG,4810,3,F,YU,AK,F
14:48:00,UNVR,RG,4810,5,F,YU,AK,F
14:47:56,UNVR,RG,4810,17,F,YU,ZP,F
14:47:56,UNVR,RG,4810,5,F,YU,CS,F
14:47:56,UNVR,RG,4810,35,F,ZP,CS,F
14:47:56,UNVR,RG,4820,12,D,BB,OD,D
14:47:56,UNVR,RG,4820,19,D,PD,OD,D
14:47:56,UNVR,RG,4820,1,D,PD,PD,D
14:47:56,UNVR,RG,4820,5,D,PD,NI,D
14:47:56,UNVR,RG,4820,26,D,PD,ZP,F
14:47:56,UNVR,RG,4820,16,D,PD,KK,D
14:47:48,UNVR,RG,4810,1,F,ZP,AK,F
14:47:47,UNVR,RG,4820,1,D,XC,KK,D
14:47:45,UNVR,RG,4810,4,F,ZP,AK,F
14:47:45,UNVR,RG,4810,2,F,ZP,AK,F
14:47:45,UNVR,RG,4810,1,F,ZP,MK,D
14:47:45,UNVR,RG,4810,6,F,ZP,MK,D
14:47:44,UNVR,RG,4820,15,D,BB,KK,D
14:47:44,UNVR,RG,4810,24,F,ZP,ZP,F
14:47:43,UNVR,RG,4810,14,F,ZP,BK,F
14:47:39,UNVR,RG,4810,4,F,ZP,DH,D
14:47:39,UNVR,RG,4810,1,F,ZP,DH,D
14:47:38,UNVR,RG,4810,4,F,ZP,HP,D
14:47:36,UNVR,RG,4810,59,F,ZP,CS,F
14:47:36,UNVR,RG,4810,1,F,ZP,DH,D
14:47:35,UNVR,RG,4820,5,D,KK,KK,D
14:47:35,UNVR,RG,4810,16,F,ZP,YU,F
14:47:34,UNVR,RG,4810,17,F,ZP,ZP,F
14:47:34,UNVR,RG,4810,24,F,YU,ZP,F
14:47:30,UNVR,RG,4810,3,F,YU,AK,F
14:47:26,UNVR,RG,4810,3,F,YU,BK,F
14:47:26,UNVR,RG,4810,11,D,PD,BK,F
14:47:24,UNVR,RG,4820,9,F,AK,KK,D
14:47:24,UNVR,RG,4820,50,F,AK,XC,D
14:47:24,UNVR,RG,4820,7,F,AK,YU,F
14:47:21,UNVR,RG,4810,2,D,PD,BB,F
14:47:20,UNVR,RG,4810,17,D,PD,ZP,F
14:47:20,UNVR,RG,4810,3,D,PD,CC,D
14:47:20,UNVR,RG,4810,65,F,ZP,CC,D
14:47:20,UNVR,RG,4810,46,F,ZP,CC,D
14:47:20,UNVR,RG,4810,37,F,YU,CC,D
14:47:20,UNVR,RG,4810,109,D,BB,CC,D
14:47:19,UNVR,RG,4810,10,D,BB,SQ,D
14:47:10,UNVR,RG,4810,14,D,BB,ZP,F
14:47:08,UNVR,RG,4810,14,D,BB,BK,F
14:47:08,UNVR,RG,4810,1,D,BB,XC,D
14:47:06,UNVR,RG,4810,62,D,BB,CS,F
14:47:00,UNVR,RG,4810,6,D,BB,AK,F
14:47:00,UNVR,RG,4810,6,D,BB,AK,F
14:46:59,UNVR,RG,4810,23,D,BB,ZP,F
14:46:59,UNVR,RG,4810,91,D,BB,ZP,F
14:46:59,UNVR,RG,4810,8,F,ZP,ZP,F
14:46:50,UNVR,RG,4810,13,F,ZP,BK,F
14:46:50,UNVR,RG,4810,1,D,CS,BK,F
14:46:48,UNVR,RG,4810,4,D,CS,YP,D
14:46:48,UNVR,RG,4810,49,F,ZP,YP,D
14:46:48,UNVR,RG,4810,18,F,YU,YP,D
14:46:48,UNVR,RG,4810,144,F,ZP,YP,D
14:46:48,UNVR,RG,4810,56,F,YU,YP,D
14:46:48,UNVR,RG,4810,29,F,ZP,YP,D
14:46:44,UNVR,RG,4810,24,F,ZP,ZP,F
14:46:43,UNVR,RG,4810,34,F,ZP,YP,D
14:46:43,UNVR,RG,4810,128,F,ZP,YP,D
14:46:43,UNVR,RG,4810,138,D,BB,YP,D
14:46:35,UNVR,RG,4810,13,D,BB,BK,F
14:46:35,UNVR,RG,4820,8,F,AK,YU,F
14:46:35,UNVR,RG,4820,51,F,AK,CS,F
14:46:35,UNVR,RG,4820,5,F,AK,PD,D
14:46:35,UNVR,RG,4820,10,F,AK,CP,D
14:46:35,UNVR,RG,4820,22,F,AK,XC,D
14:46:35,UNVR,RG,4820,3,F,AK,ZP,F
14:46:35,UNVR,RG,4820,10,D,BB,ZP,F
14:46:35,UNVR,RG,4820,7,F,ZP,ZP,F
14:46:35,UNVR,RG,4810,55,D,BB,CS,F
14:46:34,UNVR,RG,4810,24,D,BB,YP,D
14:46:34,UNVR,RG,4810,36,F,YU,YP,D
14:46:34,UNVR,RG,4810,10,F,ZP,YP,D
14:46:33,UNVR,RG,4810,13,F,ZP,YU,F
14:46:30,UNVR,RG,4810,6,F,ZP,AK,F
14:46:30,UNVR,RG,4810,3,F,ZP,AK,F
14:46:28,UNVR,RG,4810,3,F,ZP,AK,F
14:46:27,UNVR,RG,4810,4,F,ZP,YP,D
14:46:20,UNVR,RG,4820,60,D,BB,ZP,F
14:46:20,UNVR,RG,4820,5,D,BB,OD,D
14:46:20,UNVR,RG,4820,10,D,BB,ZP,F
14:46:18,UNVR,RG,4810,15,F,ZP,BK,F
14:46:18,UNVR,RG,4810,1,F,ZP,CS,F
14:46:17,UNVR,RG,4810,26,F,ZP,SS,D
14:46:17,UNVR,RG,4810,174,D,BB,SS,D
14:46:14,UNVR,RG,4810,21,D,BB,CS,F
14:46:11,UNVR,RG,4810,1,D,BB,YP,D
14:46:07,UNVR,RG,4810,24,D,BB,CS,F
14:46:07,UNVR,RG,4810,5,D,CS,CS,F
14:46:07,UNVR,RG,4810,1,D,YP,CS,F
14:46:07,UNVR,RG,4810,5,D,PD,CS,F
14:46:07,UNVR,RG,4810,25,F,YU,CS,F
14:46:05,UNVR,RG,4810,14,F,YU,YU,F
14:46:05,UNVR,RG,4810,4,F,ZP,YU,F
14:46:04,UNVR,RG,4820,5,D,BB,ZP,F
14:45:57,UNVR,RG,4810,2,F,ZP,PD,D
14:45:57,UNVR,RG,4810,15,F,ZP,BK,F
14:45:55,UNVR,RG,4820,5,D,BB,ZP,F
14:45:44,UNVR,RG,4810,1,F,ZP,AK,F
14:45:44,UNVR,RG,4820,5,F,ZP,ZP,F
14:45:42,UNVR,RG,4810,1,F,ZP,AK,F
14:45:42,UNVR,RG,4820,13,D,BB,ZP,F
14:45:40,UNVR,RG,4810,5,F,ZP,CC,D
14:45:40,UNVR,RG,4810,15,F,ZP,BK,F
14:45:37,UNVR,RG,4810,19,F,ZP,ZP,F
14:45:37,UNVR,RG,4820,20,D,BB,ZP,F
14:45:37,UNVR,RG,4820,5,D,BB,YU,F
14:45:37,UNVR,RG,4810,66,F,ZP,CS,F
14:45:37,UNVR,RG,4810,7,D,CS,CS,F
14:45:37,UNVR,RG,4810,3,F,YU,CS,F
14:45:34,UNVR,RG,4820,5,D,CS,YU,F
14:45:25,UNVR,RG,4820,4,D,BB,YU,F
14:45:25,UNVR,RG,4820,7,D,BB,HP,D
14:45:25,UNVR,RG,4810,1,F,YU,CS,F
14:45:25,UNVR,RG,4810,49,F,YU,ZP,F
14:45:25,UNVR,RG,4810,85,F,ZP,ZP,F
14:45:25,UNVR,RG,4810,65,F,ZP,ZP,F
14:45:25,UNVR,RG,4810,14,F,ZP,ZP,F
14:45:23,UNVR,RG,4810,8,F,ZP,ZP,F
14:45:23,UNVR,RG,4810,14,F,ZP,BK,F
14:45:23,UNVR,RG,4810,33,F,ZP,CS,F
14:45:20,UNVR,RG,4810,15,F,ZP,YU,F
14:45:16,UNVR,RG,4810,1,F,ZP,ZP,F
14:45:14,UNVR,RG,4820,12,D,BB,XC,D
14:45:13,UNVR,RG,4810,5,F,ZP,ZP,F
14:45:13,UNVR,RG,4810,46,F,ZP,ZP,F
14:45:12,UNVR,RG,4810,14,F,ZP,YU,F
14:45:12,UNVR,RG,4810,4,F,YU,YU,F
14:45:09,UNVR,RG,4810,20,F,YU,ZP,F
14:45:08,UNVR,RG,4820,11,F,ZP,XC,D
14:45:04,UNVR,RG,4810,9,F,YU,ZP,F
14:45:04,UNVR,RG,4810,7,F,YU,BK,F
14:45:04,UNVR,RG,4810,6,F,ZP,BK,F
14:44:58,UNVR,RG,4810,48,F,ZP,CS,F
14:44:58,UNVR,RG,4810,10,D,PD,CS,F
14:44:58,UNVR,RG,4810,33,F,YU,CS,F
14:44:57,UNVR,RG,4810,32,F,YU,ZP,F
14:44:56,UNVR,RG,4820,1,D,YP,XC,D
14:44:56,UNVR,RG,4810,4,F,YU,ZP,F
14:44:56,UNVR,RG,4810,7,F,AK,ZP,F
14:44:47,UNVR,RG,4810,47,F,AK,ZP,F
14:44:47,UNVR,RG,4810,29,F,ZP,ZP,F
14:44:43,UNVR,RG,4810,15,F,ZP,GR,D
14:44:43,UNVR,RG,4810,15,F,ZP,GR,D
14:44:43,UNVR,RG,4810,12,F,ZP,EP,D
14:44:42,UNVR,RG,4810,18,F,ZP,YU,F
14:44:31,UNVR,RG,4810,8,F,ZP,ZP,F
14:44:29,UNVR,RG,4810,90,F,ZP,ZP,F
14:44:29,UNVR,RG,4810,1,D,BB,ZP,F
14:44:28,UNVR,RG,4810,10,D,BB,YP,D
14:44:28,UNVR,RG,4810,9,D,BB,ZP,F
14:44:11,UNVR,RG,4810,1,D,BB,PD,D
14:44:09,UNVR,RG,4810,120,D,BB,ZP,F
14:44:08,UNVR,RG,4810,6,D,BB,ZP,F
14:44:03,UNVR,RG,4810,26,D,BB,ZP,F
14:44:03,UNVR,RG,4810,79,D,BB,CS,F
14:44:00,UNVR,RG,4810,185,D,BB,CC,D
14:43:59,UNVR,RG,4810,1,D,BB,YP,D
14:43:56,UNVR,RG,4810,13,D,BB,ZP,F
14:43:54,UNVR,RG,4810,4,D,BB,ZP,F
14:43:54,UNVR,RG,4810,4,D,BB,CC,D
14:43:54,UNVR,RG,4810,47,F,ZP,CC,D
14:43:54,UNVR,RG,4810,7,D,CS,CC,D
14:43:54,UNVR,RG,4810,15,F,YU,CC,D
14:43:54,UNVR,RG,4810,6,F,ZP,CC,D
14:43:54,UNVR,RG,4810,14,F,YU,CC,D
14:43:54,UNVR,RG,4810,17,F,YU,CC,D
14:43:54,UNVR,RG,4810,34,F,ZP,CC,D
14:43:54,UNVR,RG,4820,14,D,BB,XC,D
14:43:54,UNVR,RG,4810,38,F,ZP,CS,F
14:43:53,UNVR,RG,4810,2,F,ZP,CS,F
14:43:45,UNVR,RG,4810,3,F,ZP,ZP,F
14:43:43,UNVR,RG,4820,12,D,BB,XC,D
14:43:43,UNVR,RG,4820,1,D,BB,AI,D
14:43:43,UNVR,RG,4820,1,D,BB,SQ,D
14:43:43,UNVR,RG,4820,6,D,BB,EP,D
14:43:43,UNVR,RG,4820,16,D,BB,EL,D
14:43:37,UNVR,RG,4810,24,F,ZP,ZP,F
14:43:32,UNVR,RG,4820,43,D,BB,EL,D
14:43:32,UNVR,RG,4810,78,F,ZP,ZP,F
14:43:28,UNVR,RG,4810,40,F,ZP,CC,D
14:43:28,UNVR,RG,4810,60,F,ZP,CC,D
14:43:23,UNVR,RG,4810,30,F,ZP,ZP,F
14:43:22,UNVR,RG,4820,7,D,BB,EL,D
14:43:22,UNVR,RG,4810,4,F,ZP,ZP,F
14:43:17,UNVR,RG,4820,19,D,BB,EL,D
14:43:12,UNVR,RG,4810,15,F,ZP,IF,D
14:43:12,UNVR,RG,4810,17,D,BB,KK,D
14:43:11,UNVR,RG,4810,7,D,BB,ZP,F
14:43:07,UNVR,RG,4820,15,D,BB,EL,D
14:43:07,UNVR,RG,4820,16,D,BB,CS,F
14:43:06,UNVR,RG,4810,10,D,BB,XC,D
14:43:03,UNVR,RG,4810,6,D,BB,ZP,F
14:42:59,UNVR,RG,4810,48,D,BB,ZP,F
14:42:54,UNVR,RG,4820,16,D,BB,CS,F
14:42:52,UNVR,RG,4820,1,D,YP,CS,F
14:42:50,UNVR,RG,4810,11,D,BB,ZP,F
14:42:48,UNVR,RG,4820,30,D,BB,CS,F
14:42:48,UNVR,RG,4810,12,D,BB,CC,D
14:42:41,UNVR,RG,4810,8,D,BB,ZP,F
14:42:41,UNVR,RG,4810,50,D,BB,CC,D
14:42:38,UNVR,RG,4810,12,D,BB,CC,D
14:42:34,UNVR,RG,4820,10,D,BB,CS,F
14:42:28,UNVR,RG,4810,18,D,BB,ZP,F
14:42:28,UNVR,RG,4820,14,D,BB,CS,F
14:42:28,UNVR,RG,4810,8,D,BB,CC,D
14:42:28,UNVR,RG,4810,4,F,YU,CC,D
14:42:22,UNVR,RG,4810,7,F,YU,GR,D
14:42:22,UNVR,RG,4810,53,F,ZP,GR,D
14:42:22,UNVR,RG,4810,5,D,CS,GR,D
14:42:22,UNVR,RG,4810,32,F,YU,GR,D
14:42:22,UNVR,RG,4810,28,F,YU,GR,D
14:42:22,UNVR,RG,4810,49,F,ZP,GR,D
14:42:21,UNVR,RG,4810,7,F,ZP,ZP,F
14:42:18,UNVR,RG,4810,12,F,ZP,CC,D
14:42:16,UNVR,RG,4820,7,D,BB,CS,F
14:42:08,UNVR,RG,4810,8,F,ZP,ZP,F
14:42:08,UNVR,RG,4810,12,F,ZP,CC,D
14:42:06,UNVR,RG,4820,20,D,BB,CS,F
14:42:00,UNVR,RG,4820,27,D,PD,CS,F
14:42:00,UNVR,RG,4820,6,D,PD,YP,D
14:42:00,UNVR,RG,4810,20,F,ZP,ZP,F
14:41:58,UNVR,RG,4810,12,F,ZP,CC,D
14:41:57,UNVR,RG,4810,20,F,ZP,YP,D
14:41:51,UNVR,RG,4820,6,D,BB,YP,D
14:41:51,UNVR,RG,4810,41,F,ZP,CS,F
14:41:51,UNVR,RG,4810,47,F,ZP,CS,F
14:41:50,UNVR,RG,4810,4,F,ZP,XC,D
14:41:48,UNVR,RG,4810,11,F,ZP,CC,D
14:41:46,UNVR,RG,4810,4,F,ZP,ZP,F
14:41:44,UNVR,RG,4820,5,D,BB,YP,D
14:41:41,UNVR,RG,4810,14,F,ZP,TP,D
14:41:38,UNVR,RG,4820,22,D,BB,YP,D
14:41:38,UNVR,RG,4810,11,F,ZP,CC,D
14:41:37,UNVR,RG,4810,25,F,ZP,ZP,F
14:41:33,UNVR,RG,4810,39,F,ZP,AT,D
14:41:33,UNVR,RG,4810,32,F,YU,AT,D
14:41:33,UNVR,RG,4810,60,F,ZP,AT,D
14:41:33,UNVR,RG,4810,6,D,CC,AT,D
14:41:33,UNVR,RG,4810,48,F,YU,AT,D
14:41:33,UNVR,RG,4810,5,D,PD,AT,D
14:41:33,UNVR,RG,4810,10,F,ZP,AT,D
14:41:28,UNVR,RG,4820,5,D,BB,YP,D
14:41:28,UNVR,RG,4810,11,F,ZP,CC,D
14:41:24,UNVR,RG,4810,8,F,ZP,ZP,F
14:41:20,UNVR,RG,4820,35,D,BB,YP,D
14:41:18,UNVR,RG,4810,11,F,ZP,CC,D
14:41:15,UNVR,RG,4810,7,F,ZP,ZP,F
14:41:15,UNVR,RG,4810,10,D,PD,ZP,F
14:41:15,UNVR,RG,4810,25,F,AK,ZP,F
14:41:12,UNVR,RG,4810,30,F,AK,YP,D
14:41:12,UNVR,RG,4810,98,F,ZP,YP,D
14:41:12,UNVR,RG,4810,182,D,BB,YP,D
14:41:12,UNVR,RG,4810,86,F,ZP,YP,D
14:41:12,UNVR,RG,4810,12,D,CS,YP,D
14:41:12,UNVR,RG,4810,218,F,YU,YP,D
14:41:08,UNVR,RG,4810,11,F,YU,CC,D
14:41:05,UNVR,RG,4810,113,F,YU,EP,D
14:41:05,UNVR,RG,4810,3,F,ZP,EP,D
14:41:05,UNVR,RG,4810,102,D,BB,EP,D
14:40:59,UNVR,RG,4810,89,D,BB,CS,F
14:40:58,UNVR,RG,4810,11,D,BB,CC,D
14:40:48,UNVR,RG,4810,11,D,BB,CC,D
14:40:48,UNVR,RG,4820,11,D,BB,YP,D
14:40:44,UNVR,RG,4820,6,D,CS,YP,D
14:40:38,UNVR,RG,4810,11,D,BB,CC,D
14:40:31,UNVR,RG,4820,4,D,BB,YP,D
14:40:31,UNVR,RG,4820,17,D,BB,YU,F
14:40:31,UNVR,RG,4820,5,D,BB,YU,D
14:40:28,UNVR,RG,4810,1,D,BB,CC,D
14:40:28,UNVR,RG,4810,10,D,BB,CC,D
14:40:27,UNVR,RG,4820,3,D,PD,YU,D
14:40:27,UNVR,RG,4820,10,D,PD,OD,D
14:40:27,UNVR,RG,4820,1,D,PD,BB,F
14:40:27,UNVR,RG,4820,1,D,PD,CS,F
14:40:27,UNVR,RG,4820,18,D,PD,CC,D
14:40:17,UNVR,RG,4820,21,D,BB,CC,D
14:40:11,UNVR,RG,4820,33,D,PD,CC,D
14:40:10,UNVR,RG,4810,2,D,BB,YP,D
14:40:08,UNVR,RG,4820,32,D,BB,CC,D
14:40:05,UNVR,RG,4810,57,D,BB,CS,F
14:40:05,UNVR,RG,4810,23,F,ZP,CS,F
14:40:05,UNVR,RG,4810,21,F,ZP,CS,F
14:40:05,UNVR,RG,4810,1,D,OD,CS,F
14:40:03,UNVR,RG,4820,10,D,BB,CC,D
14:40:00,UNVR,RG,4810,80,D,OD,CC,D
14:40:00,UNVR,RG,4810,17,F,ZP,CC,D
14:40:00,UNVR,RG,4810,1,D,YP,CC,D
14:40:00,UNVR,RG,4810,15,F,ZP,CC,D
14:40:00,UNVR,RG,4810,17,F,ZP,CC,D
14:39:59,UNVR,RG,4820,18,D,BB,CC,D
14:39:59,UNVR,RG,4820,6,D,BB,KK,D
14:39:53,UNVR,RG,4820,4,D,BB,KK,D
14:39:53,UNVR,RG,4820,5,D,BB,YU,F
14:39:44,UNVR,RG,4820,14,D,BB,YU,F
14:39:44,UNVR,RG,4820,3,D,BB,BQ,D
14:39:37,UNVR,RG,4820,1,D,BB,BQ,D
14:39:37,UNVR,RG,4820,4,D,BB,PD,D
14:39:34,UNVR,RG,4820,1,D,BB,PD,D
14:39:34,UNVR,RG,4820,6,D,BB,ZP,F
14:39:14,UNVR,RG,4810,61,F,ZP,CC,D
14:39:14,UNVR,RG,4810,90,F,ZP,CC,D
14:38:56,UNVR,RG,4810,10,F,ZP,YP,D
14:38:32,UNVR,RG,4810,1,F,ZP,SQ,D
14:38:31,UNVR,RG,4820,1,D,BB,ZP,F
14:38:26,UNVR,RG,4810,131,F,ZP,CC,D
14:38:17,UNVR,RG,4820,1,D,YP,ZP,F
14:38:15,UNVR,RG,4810,10,F,ZP,KI,D
14:38:13,UNVR,RG,4810,12,F,ZP,AK,F
14:38:06,UNVR,RG,4820,11,D,OD,ZP,F
14:38:06,UNVR,RG,4820,10,D,OD,YP,D
14:38:06,UNVR,RG,4820,11,D,OD,ZP,F
14:38:06,UNVR,RG,4820,21,D,OD,CS,F
14:37:59,UNVR,RG,4820,22,D,OD,CS,F
14:37:59,UNVR,RG,4820,59,D,OD,YU,F
14:37:48,UNVR,RG,4810,3,F,ZP,AK,F
14:37:48,UNVR,RG,4820,33,D,PD,YU,F
14:37:39,UNVR,RG,4820,1,D,BB,YU,F
14:37:39,UNVR,RG,4820,3,D,DR,YU,F
14:37:39,UNVR,RG,4820,1,D,DR,PD,D
14:37:39,UNVR,RG,4820,1,D,DR,CS,F
14:37:39,UNVR,RG,4820,10,D,DR,PD,D
14:37:39,UNVR,RG,4820,85,D,DR,SQ,D
14:37:35,UNVR,RG,4820,5,D,PD,SQ,D
14:37:28,UNVR,RG,4820,1,D,YP,SQ,D
14:37:27,UNVR,RG,4820,1,F,AK,SQ,D
14:37:27,UNVR,RG,4820,2,F,AK,SQ,D
14:37:26,UNVR,RG,4820,4,F,AK,SQ,D
14:37:26,UNVR,RG,4820,8,F,AK,SQ,D
14:37:26,UNVR,RG,4820,16,F,AK,SQ,D
14:37:25,UNVR,RG,4820,28,F,AK,SQ,D
14:37:25,UNVR,RG,4820,3,F,AK,KK,D
14:37:25,UNVR,RG,4820,27,F,AK,KK,D
14:37:25,UNVR,RG,4820,35,F,AK,CC,D
14:37:25,UNVR,RG,4820,85,F,AK,CC,D
14:37:25,UNVR,RG,4820,2,F,AK,OD,D
14:37:25,UNVR,RG,4820,10,F,AK,YP,D
14:37:25,UNVR,RG,4820,1,F,AK,YP,D
14:37:25,UNVR,RG,4820,24,F,AK,ZP,F
14:37:25,UNVR,RG,4820,1,F,AK,CS,F
14:37:25,UNVR,RG,4820,1,F,AK,AK,F
14:36:43,UNVR,RG,4820,27,D,BB,AK,F
14:36:43,UNVR,RG,4820,1,D,BB,PD,D
14:36:43,UNVR,RG,4820,106,D,BB,CS,F
14:36:43,UNVR,RG,4820,1,D,BB,DX,D
14:36:43,UNVR,RG,4820,15,D,BB,EP,D
14:36:43,UNVR,RG,4820,140,D,BB,CC,D
14:36:43,UNVR,RG,4820,50,D,BB,OD,D
14:36:43,UNVR,RG,4820,6,D,BB,AK,F
14:36:43,UNVR,RG,4820,11,D,BB,AK,F
14:36:43,UNVR,RG,4820,16,D,BB,AK,F
14:36:43,UNVR,RG,4820,8,D,BB,AK,F
14:36:43,UNVR,RG,4820,11,D,BB,AK,F
14:36:43,UNVR,RG,4820,380,D,BB,ZP,F
14:36:43,UNVR,RG,4820,3,D,BB,AK,F
14:36:43,UNVR,RG,4820,3,D,BB,AK,F
14:36:43,UNVR,RG,4820,3,D,BB,AK,F
14:36:43,UNVR,RG,4820,1,D,BB,CS,F
14:36:43,UNVR,RG,4820,3,D,BB,AK,F
14:36:43,UNVR,RG,4820,3,D,BB,AK,F
14:36:43,UNVR,RG,4820,2,D,BB,AK,F
14:36:43,UNVR,RG,4820,11,D,BB,YP,D
14:36:43,UNVR,RG,4820,389,D,BB,AK,F
14:36:42,UNVR,RG,4810,5,F,ZP,ZP,F
14:36:31,UNVR,RG,4810,10,F,ZP,ZP,F
14:36:31,UNVR,RG,4810,2,F,ZP,LG,D
14:36:23,UNVR,RG,4810,2,F,ZP,NI,D
14:36:19,UNVR,RG,4810,73,F,ZP,ZP,F
14:36:19,UNVR,RG,4810,2,F,ZP,ZP,F
14:36:19,UNVR,RG,4810,73,D,BB,ZP,F
14:36:15,UNVR,RG,4820,227,D,BB,AK,F
14:36:15,UNVR,RG,4820,63,D,BB,YU,F
14:36:15,UNVR,RG,4820,176,D,BB,ZP,F
14:36:15,UNVR,RG,4820,1,D,BB,GR,D
14:36:15,UNVR,RG,4820,1,D,BB,CP,D
14:36:15,UNVR,RG,4820,2,D,BB,PD,D
14:36:15,UNVR,RG,4820,25,D,BB,YP,D
14:36:15,UNVR,RG,4820,60,D,BB,NI,D
14:36:15,UNVR,RG,4820,20,D,BB,YP,D
14:36:15,UNVR,RG,4820,25,D,BB,PD,D
14:36:15,UNVR,RG,4820,5,D,BB,PD,D
14:36:15,UNVR,RG,4820,5,D,BB,YP,D
14:36:15,UNVR,RG,4820,10,D,BB,YP,D
14:36:15,UNVR,RG,4820,100,D,BB,PD,D
14:36:15,UNVR,RG,4820,144,D,BB,YP,D
14:36:15,UNVR,RG,4820,1,D,BB,PD,D
14:36:15,UNVR,RG,4820,30,D,BB,YP,D
14:36:15,UNVR,RG,4820,5,D,BB,YP,D
14:36:15,UNVR,RG,4820,6,D,BB,PD,D
14:36:15,UNVR,RG,4820,2,D,BB,BQ,D
14:36:15,UNVR,RG,4820,2,D,BB,EL,D
14:36:15,UNVR,RG,4820,10,D,BB,DH,D
14:36:15,UNVR,RG,4820,5,D,BB,CC,D
14:36:15,UNVR,RG,4820,27,D,BB,XL,D
14:36:15,UNVR,RG,4820,20,D,BB,OD,D
14:36:15,UNVR,RG,4820,10,D,BB,XC,D
14:36:15,UNVR,RG,4820,5,D,BB,AT,D
14:36:15,UNVR,RG,4820,50,D,BB,TP,D
14:36:15,UNVR,RG,4820,10,D,BB,AZ,D
14:36:15,UNVR,RG,4820,2,D,BB,NI,D
14:36:15,UNVR,RG,4820,1,D,BB,YP,D
14:36:15,UNVR,RG,4820,40,D,BB,PD,D
14:36:15,UNVR,RG,4820,44,D,BB,CC,D
14:36:15,UNVR,RG,4820,3,D,BB,HP,D
14:36:15,UNVR,RG,4820,22,D,BB,CC,D
14:36:15,UNVR,RG,4820,30,D,BB,YP,D
14:36:15,UNVR,RG,4820,600,D,BB,KI,D
14:36:15,UNVR,RG,4820,20,D,BB,YP,D
14:36:15,UNVR,RG,4820,50,D,BB,OD,D
14:36:15,UNVR,RG,4820,50,D,BB,PD,D
14:36:15,UNVR,RG,4820,70,D,BB,OD,D
14:36:15,UNVR,RG,4820,21,D,BB,CS,F
14:36:10,UNVR,RG,4810,135,D,BB,CC,D
14:36:08,UNVR,RG,4810,92,D,BB,AK,F
14:36:08,UNVR,RG,4810,142,D,BB,AK,F
14:36:08,UNVR,RG,4820,2,D,BB,CS,F
14:36:08,UNVR,RG,4820,50,D,BB,PD,D
14:36:08,UNVR,RG,4820,100,D,BB,YP,D
14:36:08,UNVR,RG,4820,26,D,BB,CC,D
14:36:08,UNVR,RG,4820,10,D,BB,PD,D
14:36:08,UNVR,RG,4820,11,D,BB,XC,D
14:36:08,UNVR,RG,4820,5,D,BB,DH,D
14:36:08,UNVR,RG,4820,11,D,BB,YP,D
14:36:08,UNVR,RG,4820,5,D,BB,CC,D
14:36:08,UNVR,RG,4820,150,D,BB,LG,D
14:36:08,UNVR,RG,4820,230,D,BB,EP,D
14:36:08,UNVR,RG,4820,110,D,BB,EP,D
14:36:08,UNVR,RG,4820,20,D,BB,CC,D
14:36:08,UNVR,RG,4820,1,D,BB,YP,D
14:36:08,UNVR,RG,4820,100,D,BB,YP,D
14:36:08,UNVR,RG,4820,5,D,BB,XC,D
14:36:08,UNVR,RG,4820,9,D,BB,NI,D
14:36:08,UNVR,RG,4820,2,D,BB,YB,D
14:36:08,UNVR,RG,4820,1,D,BB,MU,D
14:36:08,UNVR,RG,4820,10,D,BB,GR,D
14:36:08,UNVR,RG,4820,5,D,BB,XL,D
14:36:08,UNVR,RG,4820,25,D,BB,LG,D
14:36:08,UNVR,RG,4820,1,D,BB,PD,D
14:36:08,UNVR,RG,4820,1,D,BB,PD,D
14:36:08,UNVR,RG,4820,2,D,BB,NI,D
14:36:08,UNVR,RG,4820,50,D,BB,PD,D
14:36:08,UNVR,RG,4820,1,D,BB,PD,D
14:36:08,UNVR,RG,4820,1,D,BB,CC,D
14:36:08,UNVR,RG,4820,1,D,BB,DX,D
14:36:08,UNVR,RG,4820,2,D,BB,PD,D
14:36:08,UNVR,RG,4820,7,D,BB,YP,D
14:36:08,UNVR,RG,4820,135,D,BB,NI,D
14:36:08,UNVR,RG,4820,1,D,BB,YP,D
14:36:08,UNVR,RG,4820,150,D,BB,DR,D
14:36:08,UNVR,RG,4820,10,D,BB,NI,D
14:36:08,UNVR,RG,4820,16,D,BB,YU,F
14:36:08,UNVR,RG,4820,5,D,BB,AT,D
14:36:08,UNVR,RG,4820,4,D,BB,LG,D
14:36:08,UNVR,RG,4820,5,D,BB,NI,D
14:36:08,UNVR,RG,4820,1,D,BB,PD,D
14:36:08,UNVR,RG,4820,20,D,BB,PD,D
14:36:08,UNVR,RG,4820,200,D,BB,CC,D
14:36:08,UNVR,RG,4820,20,D,BB,YU,D
14:36:08,UNVR,RG,4820,9,D,BB,PD,D
14:36:08,UNVR,RG,4820,1,D,BB,KK,D
14:36:08,UNVR,RG,4820,20,D,BB,AO,D
14:36:08,UNVR,RG,4820,449,D,BB,BQ,D
14:36:03,UNVR,RG,4810,234,D,BB,AK,F
14:36:02,UNVR,RG,4820,551,D,BB,BQ,D
14:36:02,UNVR,RG,4820,9,D,BB,XC,D
14:36:02,UNVR,RG,4820,40,D,BB,ZP,F
14:36:02,UNVR,RG,4820,126,D,BB,ZP,F
14:36:02,UNVR,RG,4820,1,D,BB,XC,D
14:36:02,UNVR,RG,4820,1,D,BB,PD,D
14:36:02,UNVR,RG,4820,1,D,BB,XL,D
14:36:02,UNVR,RG,4820,1,D,BB,XC,D
14:36:02,UNVR,RG,4820,10,D,BB,GR,D
14:36:02,UNVR,RG,4820,20,D,BB,CC,D
14:36:02,UNVR,RG,4820,1,D,BB,XC,D
14:36:02,UNVR,RG,4820,1,D,BB,XC,D
14:36:02,UNVR,RG,4820,1,D,BB,XC,D
14:36:02,UNVR,RG,4820,20,D,BB,NI,D
14:36:02,UNVR,RG,4820,20,D,BB,YP,D
14:36:02,UNVR,RG,4820,1,D,BB,XC,D
14:36:02,UNVR,RG,4820,2,D,BB,CC,D
14:36:02,UNVR,RG,4820,11,D,BB,HP,D
14:36:02,UNVR,RG,4820,2,D,BB,XL,D
14:36:02,UNVR,RG,4820,5,D,BB,NI,D
14:36:02,UNVR,RG,4820,3,D,BB,AK,F
14:36:02,UNVR,RG,4820,3,D,BB,AK,F
14:36:02,UNVR,RG,4820,3,D,BB,AK,F
14:36:02,UNVR,RG,4820,3,D,BB,AK,F
14:36:02,UNVR,RG,4820,66,D,BB,BK,F
14:36:02,UNVR,RG,4820,3,D,BB,AK,F
14:36:02,UNVR,RG,4820,3,D,BB,AK,F
14:36:02,UNVR,RG,4820,4,D,BB,AK,F
14:36:02,UNVR,RG,4820,3,D,BB,AK,F
14:36:02,UNVR,RG,4820,3,D,BB,AK,F
14:36:02,UNVR,RG,4820,87,D,BB,BK,F
14:36:02,UNVR,RG,4820,1,D,BB,YP,D
14:36:02,UNVR,RG,4820,4,D,BB,AK,F
14:36:02,UNVR,RG,4820,4,D,BB,AK,F
14:36:02,UNVR,RG,4820,14,D,BB,XL,D
14:36:02,UNVR,RG,4820,5,D,BB,AK,F
14:36:02,UNVR,RG,4820,1,D,BB,XC,D
14:36:02,UNVR,RG,4820,4,D,BB,XC,D
14:36:02,UNVR,RG,4820,2,D,BB,XC,D
14:36:02,UNVR,RG,4820,2,D,BB,XC,D
14:36:02,UNVR,RG,4820,5,D,BB,CC,D
14:36:02,UNVR,RG,4820,1,D,BB,XC,D
14:36:02,UNVR,RG,4820,1,D,BB,XC,D
14:36:02,UNVR,RG,4820,1,D,BB,CC,D
14:36:02,UNVR,RG,4820,5,D,BB,YP,D
14:36:02,UNVR,RG,4820,4,D,BB,YP,D
14:36:02,UNVR,RG,4820,1,D,BB,YP,D
14:36:02,UNVR,RG,4820,5,D,BB,YP,D
14:36:02,UNVR,RG,4820,25,D,BB,YP,D
14:36:02,UNVR,RG,4820,12,D,BB,XL,D
14:36:02,UNVR,RG,4820,14,D,BB,PD,D
14:36:02,UNVR,RG,4820,1,D,BB,PD,D
14:36:02,UNVR,RG,4820,2,D,BB,PD,D
14:36:02,UNVR,RG,4820,2,D,BB,PD,D
14:36:02,UNVR,RG,4820,78,D,BB,LG,D
14:36:02,UNVR,RG,4820,2,D,BB,LG,D
14:36:02,UNVR,RG,4820,5,D,BB,SQ,D
14:36:02,UNVR,RG,4820,1,D,BB,RO,D
14:36:02,UNVR,RG,4820,75,D,BB,GR,D
14:36:02,UNVR,RG,4820,4,D,BB,BB,F
14:36:02,UNVR,RG,4820,10,D,BB,KI,D
14:36:02,UNVR,RG,4820,10,D,BB,TP,D
14:36:02,UNVR,RG,4820,2,D,BB,YJ,D
14:36:02,UNVR,RG,4820,1,D,BB,YP,D
14:36:02,UNVR,RG,4820,8,D,BB,PD,D
14:36:02,UNVR,RG,4820,2,D,BB,XC,D
14:36:02,UNVR,RG,4820,13,D,BB,YU,F
14:36:02,UNVR,RG,4820,29,D,BB,ZP,F
14:36:02,UNVR,RG,4820,1,D,BB,PD,D
14:36:02,UNVR,RG,4820,359,D,BB,ZP,F
14:36:02,UNVR,RG,4820,10,D,BB,CC,D
14:36:02,UNVR,RG,4820,67,D,BB,BK,F
14:36:02,UNVR,RG,4820,202,D,BB,EP,D
14:35:56,UNVR,RG,4820,600,D,BB,EP,D
14:35:56,UNVR,RG,4820,1400,D,BB,EP,D
14:35:52,UNVR,RG,4810,86,D,BB,XA,D
14:35:51,UNVR,RG,4810,2,D,BB,YP,D
14:35:45,UNVR,RG,4810,217,D,BB,ZP,F
14:35:38,UNVR,RG,4810,18,D,BB,EP,D
14:35:28,UNVR,RG,4810,1,D,BB,YP,D
14:35:25,UNVR,RG,4800,6,F,YU,BB,F
14:35:19,UNVR,RG,4810,75,F,ZP,AK,F
14:35:19,UNVR,RG,4810,17,F,ZP,AK,F
14:35:18,UNVR,RG,4810,46,D,BB,AK,F
14:35:18,UNVR,RG,4810,57,D,BB,CS,F
14:35:18,UNVR,RG,4810,2,D,BB,CS,F
14:35:18,UNVR,RG,4810,25,D,BB,CS,F
14:35:18,UNVR,RG,4810,11,D,BB,CS,F
14:35:18,UNVR,RG,4810,10,D,BB,CS,F
14:35:18,UNVR,RG,4810,59,D,BB,ZP,F
14:35:18,UNVR,RG,4810,14,D,BB,YP,D
14:35:18,UNVR,RG,4810,76,D,BB,ZP,F
14:35:18,UNVR,RG,4810,77,D,BB,ZP,F
14:35:18,UNVR,RG,4810,20,D,BB,YP,D
14:35:18,UNVR,RG,4810,10,D,BB,YP,D
14:35:18,UNVR,RG,4810,1,D,BB,CS,F
14:35:18,UNVR,RG,4810,109,D,BB,CS,F
14:35:18,UNVR,RG,4810,1,D,BB,CS,F
14:35:18,UNVR,RG,4810,34,D,BB,CS,F
14:35:18,UNVR,RG,4810,5,D,BB,CS,F
14:35:18,UNVR,RG,4810,286,D,BB,AK,F
14:35:18,UNVR,RG,4810,157,D,BB,BK,F
14:35:15,UNVR,RG,4800,159,F,YU,ZP,F
14:35:15,UNVR,RG,4800,53,D,OD,ZP,F
14:35:15,UNVR,RG,4800,149,F,YU,ZP,F
14:35:15,UNVR,RG,4800,32,F,YU,ZP,F
14:35:15,UNVR,RG,4800,1,F,ZP,ZP,F
14:35:15,UNVR,RG,4800,104,F,YU,ZP,F
14:35:11,UNVR,RG,4810,201,D,BB,BK,F
14:35:11,UNVR,RG,4810,99,D,BB,CC,D
14:35:11,UNVR,RG,4810,27,D,BB,CC,D
14:35:11,UNVR,RG,4810,598,D,BB,YU,F
14:35:11,UNVR,RG,4810,7,D,BB,AK,F
14:35:11,UNVR,RG,4810,1,D,BB,AK,F
14:35:11,UNVR,RG,4810,32,D,BB,CS,F
14:35:11,UNVR,RG,4810,2,D,BB,CS,F
14:35:11,UNVR,RG,4810,2,D,BB,ZP,F
14:35:11,UNVR,RG,4810,26,D,BB,ZP,F
14:35:11,UNVR,RG,4810,1,D,BB,CS,F
14:35:11,UNVR,RG,4810,2,D,BB,CS,F
14:35:11,UNVR,RG,4810,2,D,BB,CC,D
14:35:03,UNVR,RG,4800,16,F,YU,YU,F
14:35:02,UNVR,RG,4810,215,F,ZP,AK,F
14:35:02,UNVR,RG,4810,50,F,ZP,AK,F
14:35:02,UNVR,RG,4810,115,F,AK,AK,F
14:35:02,UNVR,RG,4810,48,F,YU,AK,F
14:35:02,UNVR,RG,4810,128,F,ZP,AK,F
14:35:02,UNVR,RG,4810,53,D,OD,AK,F
14:35:02,UNVR,RG,4810,207,F,YU,AK,F
14:35:02,UNVR,RG,4810,140,F,ZP,AK,F
14:35:02,UNVR,RG,4810,21,F,ZP,AK,F
14:35:02,UNVR,RG,4810,585,F,ZP,AK,F
14:35:02,UNVR,RG,4810,188,F,ZP,AK,F
14:35:02,UNVR,RG,4810,1,D,KK,AK,F
14:35:02,UNVR,RG,4810,1,D,PD,AK,F
14:35:02,UNVR,RG,4810,66,D,PD,AK,F
14:35:02,UNVR,RG,4810,10,D,CS,AK,F
14:35:02,UNVR,RG,4810,1,F,CC,AK,F
14:35:02,UNVR,RG,4810,3,D,YP,AK,F
14:35:02,UNVR,RG,4810,65,F,YU,AK,F
14:35:02,UNVR,RG,4810,126,F,YU,AK,F
14:35:02,UNVR,RG,4810,1,D,YP,AK,F
14:35:02,UNVR,RG,4810,53,D,OD,AK,F
14:35:02,UNVR,RG,4810,55,F,YU,AK,F
14:35:02,UNVR,RG,4810,44,F,ZP,AK,F
14:35:02,UNVR,RG,4810,3,F,ZP,AK,F
14:35:02,UNVR,RG,4810,71,F,YU,AK,F
14:35:02,UNVR,RG,4810,118,F,ZP,AK,F
14:35:02,UNVR,RG,4810,32,F,ZP,CS,F
14:35:00,UNVR,RG,4810,15,F,ZP,BK,F
14:35:00,UNVR,RG,4810,12,F,ZP,BK,F
14:35:00,UNVR,RG,4810,121,F,ZP,ZP,F
14:35:00,UNVR,RG,4810,2,F,ZP,AK,F
14:35:00,UNVR,RG,4810,21,F,ZP,CS,F
14:34:59,UNVR,RG,4810,12,F,ZP,AK,F
14:34:58,UNVR,RG,4820,100,D,PD,EP,D
14:34:58,UNVR,RG,4820,12,D,CS,EP,D
14:34:58,UNVR,RG,4810,139,F,ZP,AK,F
14:34:58,UNVR,RG,4810,37,F,ZP,AK,F
14:34:58,UNVR,RG,4810,13,D,CS,AK,F
14:34:58,UNVR,RG,4810,1,D,PD,AK,F
14:34:58,UNVR,RG,4810,57,F,YU,AK,F
14:34:58,UNVR,RG,4810,4,D,PD,AK,F
14:34:58,UNVR,RG,4810,73,F,YU,AK,F
14:34:58,UNVR,RG,4810,130,F,ZP,AK,F
14:34:58,UNVR,RG,4810,48,F,ZP,AK,F
14:34:58,UNVR,RG,4810,115,F,YU,AK,F
14:34:58,UNVR,RG,4810,106,D,OD,AK,F
14:34:58,UNVR,RG,4810,218,F,AK,AK,F
14:34:57,UNVR,RG,4820,4,D,BB,EP,D
14:34:49,UNVR,RG,4810,4,F,AK,KK,D
14:34:49,UNVR,RG,4810,82,F,AK,ZP,F
14:34:38,UNVR,RG,4810,19,F,AK,BK,F
14:34:37,UNVR,RG,4820,3,D,BB,EP,D
14:34:37,UNVR,RG,4810,1,F,AK,YP,D
14:34:37,UNVR,RG,4810,14,F,AK,XL,D
14:34:37,UNVR,RG,4810,36,F,ZP,XL,D
14:34:36,UNVR,RG,4810,58,F,ZP,CS,F
14:34:36,UNVR,RG,4810,2,F,ZP,CS,F
14:34:36,UNVR,RG,4810,189,F,ZP,KI,D
14:34:36,UNVR,RG,4810,511,F,YU,KI,D
14:34:36,UNVR,RG,4810,7,F,YU,CC,D
14:34:36,UNVR,RG,4810,43,F,ZP,CC,D
14:34:36,UNVR,RG,4810,89,F,ZP,CC,D
14:34:26,UNVR,RG,4810,91,F,ZP,ZP,F
14:34:19,UNVR,RG,4810,10,F,ZP,YP,D
14:34:07,UNVR,RG,4820,3,D,BB,EP,D
14:34:02,UNVR,RG,4810,18,F,ZP,YU,F
14:34:01,UNVR,RG,4820,3,D,PD,EP,D
14:34:00,UNVR,RG,4810,10,F,ZP,PD,D
14:33:59,UNVR,RG,4810,75,F,ZP,ZP,F
14:33:59,UNVR,RG,4810,5,F,ZP,ZP,F
14:33:55,UNVR,RG,4810,39,F,ZP,BK,F
14:33:53,UNVR,RG,4810,100,F,ZP,DR,D
14:33:52,UNVR,RG,4810,125,F,ZP,YP,D
14:33:52,UNVR,RG,4810,244,F,ZP,YP,D
14:33:52,UNVR,RG,4810,31,F,ZP,YP,D
14:33:48,UNVR,RG,4810,40,F,ZP,CS,F
14:33:48,UNVR,RG,4810,7,F,ZP,ZP,F
14:33:48,UNVR,RG,4810,132,F,ZP,CC,D
14:33:40,UNVR,RG,4810,8,F,ZP,PD,D
14:33:40,UNVR,RG,4810,23,F,ZP,ZP,F
14:33:40,UNVR,RG,4810,18,F,ZP,CS,F
14:33:33,UNVR,RG,4810,31,F,ZP,AO,D
14:33:32,UNVR,RG,4810,28,F,ZP,AK,F
14:33:31,UNVR,RG,4810,17,F,ZP,ZP,F
14:33:31,UNVR,RG,4810,24,F,ZP,BK,F
14:33:25,UNVR,RG,4810,126,F,ZP,LG,D
14:33:25,UNVR,RG,4810,28,F,ZP,ZP,F
14:33:20,UNVR,RG,4810,1,F,ZP,CS,F
14:33:15,UNVR,RG,4810,99,F,ZP,ZP,F
14:33:15,UNVR,RG,4810,49,F,ZP,CS,F
14:33:11,UNVR,RG,4810,22,F,ZP,BK,F
14:33:10,UNVR,RG,4810,19,F,ZP,YU,F
14:33:10,UNVR,RG,4820,33,D,PD,EP,D
14:33:09,UNVR,RG,4810,31,F,ZP,AK,F
14:33:09,UNVR,RG,4810,82,F,ZP,ZP,F
14:33:00,UNVR,RG,4820,14,D,BB,EP,D
14:33:00,UNVR,RG,4810,138,F,ZP,CC,D
14:33:00,UNVR,RG,4810,9,F,ZP,ZP,F
14:32:45,UNVR,RG,4820,4,D,BB,EP,D
14:32:35,UNVR,RG,4810,28,F,ZP,ZP,F
14:32:35,UNVR,RG,4810,9,F,ZP,CS,F
14:32:35,UNVR,RG,4810,1,D,CC,CS,F
14:32:35,UNVR,RG,4810,54,F,ZP,CS,F
14:32:34,UNVR,RG,4810,13,F,ZP,YU,F
14:32:32,UNVR,RG,4810,38,F,ZP,CC,D
14:32:32,UNVR,RG,4810,101,D,BB,CC,D
14:32:29,UNVR,RG,4810,26,D,BB,CS,F
14:32:29,UNVR,RG,4810,8,D,BB,ZP,F
14:32:29,UNVR,RG,4810,5,D,BB,XL,D
14:32:27,UNVR,RG,4810,42,D,BB,BK,F
14:32:21,UNVR,RG,4810,27,D,BB,ZP,F
14:32:16,UNVR,RG,4810,22,D,BB,ZP,F
14:32:16,UNVR,RG,4810,148,D,BB,CC,D
14:32:10,UNVR,RG,4810,30,D,BB,PD,D
14:32:05,UNVR,RG,4810,100,D,BB,OD,D
14:32:03,UNVR,RG,4810,31,D,BB,ZP,F
14:32:00,UNVR,RG,4810,18,D,BB,YU,F
14:31:58,UNVR,RG,4810,2,D,BB,YP,D
14:31:54,UNVR,RG,4810,7,D,BB,BB,F
14:31:53,UNVR,RG,4810,4,D,BB,CC,D
14:31:51,UNVR,RG,4810,50,D,BB,OD,D
14:31:51,UNVR,RG,4810,34,D,BB,BK,F
14:31:50,UNVR,RG,4810,24,D,BB,ZP,F
14:31:50,UNVR,RG,4810,17,D,BB,YU,F
14:31:43,UNVR,RG,4810,39,D,BB,CS,F
14:31:43,UNVR,RG,4810,6,D,PD,CS,F
14:31:43,UNVR,RG,4810,15,F,ZP,CS,F
14:31:39,UNVR,RG,4810,28,F,ZP,ZP,F
14:31:39,UNVR,RG,4810,10,F,ZP,YP,D
14:31:39,UNVR,RG,4810,24,F,ZP,YP,D
14:31:33,UNVR,RG,4810,2,F,ZP,CS,F
14:31:30,UNVR,RG,4810,100,F,ZP,LH,D
14:31:28,UNVR,RG,4810,11,F,ZP,ZP,F
14:31:28,UNVR,RG,4810,84,F,ZP,CC,D
14:31:28,UNVR,RG,4810,47,F,ZP,CC,D
14:31:23,UNVR,RG,4810,26,F,ZP,AK,F
14:31:23,UNVR,RG,4810,10,F,ZP,ZP,F
14:31:16,UNVR,RG,4810,4,F,ZP,ZP,F
14:31:16,UNVR,RG,4810,1,F,ZP,YB,D
14:31:06,UNVR,RG,4810,10,F,ZP,ZP,F
14:31:06,UNVR,RG,4810,44,F,ZP,BK,F
14:31:00,UNVR,RG,4820,2,D,XL,EP,D
14:30:58,UNVR,RG,4810,10,F,ZP,ZP,F
14:30:54,UNVR,RG,4810,8,F,ZP,YB,D
14:30:53,UNVR,RG,4810,35,F,ZP,ZP,F
14:30:53,UNVR,RG,4810,70,F,ZP,CS,F
14:30:51,UNVR,RG,4810,21,F,ZP,YP,D
14:30:49,UNVR,RG,4810,13,F,ZP,YU,F
14:30:49,UNVR,RG,4810,5,F,YU,YU,F
14:30:47,UNVR,RG,4810,27,F,YU,CS,F
14:30:42,UNVR,RG,4810,5,F,YU,ZP,F
14:30:42,UNVR,RG,4810,142,F,YU,CC,D
14:30:42,UNVR,RG,4810,8,F,ZP,CC,D
14:30:41,UNVR,RG,4810,27,F,ZP,ZP,F
14:30:36,UNVR,RG,4810,6,F,ZP,EP,D
14:30:30,UNVR,RG,4810,5,F,ZP,YP,D
14:30:30,UNVR,RG,4810,6,D,CC,YP,D
14:30:28,UNVR,RG,4810,85,D,CC,ZP,F
14:30:26,UNVR,RG,4810,20,D,CC,ZP,F
14:30:25,UNVR,RG,4810,39,D,CC,BK,F
14:30:20,UNVR,RG,4810,3,D,PD,OD,D
14:30:19,UNVR,RG,4810,1,F,YU,HP,D
14:30:16,UNVR,RG,4810,20,F,YU,NI,D
14:30:15,UNVR,RG,4810,155,F,YU,ZP,F
14:30:15,UNVR,RG,4810,11,D,CS,ZP,F
14:30:15,UNVR,RG,4810,10,D,DR,ZP,F
14:30:15,UNVR,RG,4810,17,F,ZP,ZP,F
14:30:15,UNVR,RG,4810,7,F,ZP,ZP,F
14:30:03,UNVR,RG,4810,23,F,ZP,BK,F
14:30:03,UNVR,RG,4810,1,D,PD,BK,F
14:30:03,UNVR,RG,4810,4,F,YU,BK,F
14:29:56,UNVR,RG,4810,20,F,YU,KK,D
14:29:56,UNVR,RG,4820,320,F,ZP,EP,D
14:29:56,UNVR,RG,4810,59,F,YU,CS,F
14:29:55,UNVR,RG,4810,144,F,YU,AI,D
14:29:55,UNVR,RG,4810,95,F,ZP,AI,D
14:29:55,UNVR,RG,4810,53,F,ZP,AI,D
14:29:55,UNVR,RG,4810,1,D,YP,AI,D
14:29:55,UNVR,RG,4810,191,F,ZP,AI,D
14:29:55,UNVR,RG,4810,6,D,CS,AI,D
14:29:55,UNVR,RG,4810,82,F,ZP,AI,D
14:29:55,UNVR,RG,4810,191,F,YU,AI,D
14:29:55,UNVR,RG,4810,202,F,ZP,AI,D
14:29:55,UNVR,RG,4810,1,F,CC,AI,D
14:29:55,UNVR,RG,4810,1,D,XC,AI,D
14:29:55,UNVR,RG,4810,1,D,XC,AI,D
14:29:55,UNVR,RG,4810,22,D,EP,AI,D
14:29:55,UNVR,RG,4810,193,F,ZP,AI,D
14:29:55,UNVR,RG,4810,568,D,BB,AI,D
14:29:54,UNVR,RG,4810,11,D,BB,ZP,F
14:29:54,UNVR,RG,4810,135,D,BB,CC,D
14:29:51,UNVR,RG,4810,19,D,BB,YU,F
14:29:48,UNVR,RG,4810,14,D,BB,ZP,F
14:29:41,UNVR,RG,4810,2,D,BB,CS,F
14:29:38,UNVR,RG,4810,17,D,BB,ZP,F
14:29:25,UNVR,RG,4810,30,D,BB,YP,D
14:29:25,UNVR,RG,4810,28,D,BB,ZP,F
14:29:10,UNVR,RG,4810,25,D,BB,ZP,F
14:29:10,UNVR,RG,4810,19,D,BB,CC,D
14:29:10,UNVR,RG,4810,93,F,ZP,CC,D
14:29:10,UNVR,RG,4810,38,F,ZP,CC,D
14:29:02,UNVR,RG,4810,56,F,ZP,BK,F
14:29:01,UNVR,RG,4810,67,F,ZP,CS,F
14:29:01,UNVR,RG,4810,5,F,ZP,ZP,F
14:28:59,UNVR,RG,4810,106,F,ZP,ZP,F
14:28:56,UNVR,RG,4810,18,F,ZP,YU,F
14:28:53,UNVR,RG,4810,13,F,ZP,ZP,F
14:28:53,UNVR,RG,4810,30,F,ZP,CS,F
14:28:46,UNVR,RG,4810,12,F,ZP,KK,D
14:28:44,UNVR,RG,4810,2,F,ZP,ZP,F
14:28:44,UNVR,RG,4820,2,D,XC,EP,D
14:28:35,UNVR,RG,4810,28,F,ZP,ZP,F
14:28:35,UNVR,RG,4810,6,F,YU,ZP,F
14:28:25,UNVR,RG,4810,38,F,YU,BK,F
14:28:24,UNVR,RG,4810,89,F,YU,CC,D
14:28:24,UNVR,RG,4810,1,D,XC,CC,D
14:28:24,UNVR,RG,4810,34,F,ZP,CC,D
14:28:24,UNVR,RG,4810,20,F,ZP,CC,D
14:28:23,UNVR,RG,4810,17,F,ZP,ZP,F
14:28:15,UNVR,RG,4820,9,D,CS,EP,D
14:28:06,UNVR,RG,4820,3,D,LS,EP,D
14:28:04,UNVR,RG,4810,17,F,ZP,ZP,F
14:27:58,UNVR,RG,4810,3,F,ZP,ZP,F
14:27:58,UNVR,RG,4810,13,F,ZP,CS,F
14:27:58,UNVR,RG,4810,34,F,ZP,CS,F
14:27:58,UNVR,RG,4810,5,D,PD,CS,F
14:27:58,UNVR,RG,4810,14,F,YU,CS,F
14:27:54,UNVR,RG,4810,16,F,YU,YU,F
14:27:53,UNVR,RG,4810,1,F,YU,DX,D
14:27:52,UNVR,RG,4810,45,F,YU,ZP,F
14:27:50,UNVR,RG,4810,27,F,YU,ZP,F
14:27:50,UNVR,RG,4810,30,F,YU,BK,F
14:27:50,UNVR,RG,4810,25,F,YU,YP,D
14:27:50,UNVR,RG,4810,1,D,XC,YP,D
14:27:50,UNVR,RG,4810,149,F,ZP,YP,D
14:27:50,UNVR,RG,4810,52,F,ZP,YP,D
14:27:50,UNVR,RG,4810,11,D,PD,YP,D
14:27:50,UNVR,RG,4810,144,F,YU,YP,D
14:27:50,UNVR,RG,4810,108,F,ZP,YP,D
14:27:50,UNVR,RG,4810,7,D,BQ,YP,D
14:27:50,UNVR,RG,4810,1,D,DX,YP,D
14:27:50,UNVR,RG,4810,2,F,AK,YP,D
14:27:40,UNVR,RG,4810,44,F,AK,CC,D
14:27:40,UNVR,RG,4810,1,D,XC,CC,D
14:27:40,UNVR,RG,4810,53,D,OD,CC,D
14:27:40,UNVR,RG,4810,20,D,YP,CC,D
14:27:40,UNVR,RG,4810,27,F,YU,CC,D
14:27:39,UNVR,RG,4810,31,F,YU,ZP,F
14:27:39,UNVR,RG,4810,2,F,YU,CS,F
14:27:26,UNVR,RG,4820,2,D,CC,EP,D
14:27:16,UNVR,RG,4810,10,F,YU,CC,D
14:27:14,UNVR,RG,4810,12,F,YU,YU,F
14:27:13,UNVR,RG,4810,20,F,YU,ZP,F
14:27:09,UNVR,RG,4810,6,F,YU,NI,D
14:27:06,UNVR,RG,4810,8,F,YU,EP,D
14:27:02,UNVR,RG,4810,24,F,YU,ZP,F
14:27:02,UNVR,RG,4810,7,F,ZP,ZP,F
14:26:58,UNVR,RG,4810,1,F,ZP,XC,D
14:26:57,UNVR,RG,4810,67,F,ZP,CS,F
14:26:54,UNVR,RG,4810,132,F,ZP,CC,D
14:26:54,UNVR,RG,4810,1,D,XC,CC,D
14:26:52,UNVR,RG,4810,2,D,XC,ZP,F
14:26:52,UNVR,RG,4810,24,F,ZP,ZP,F
14:26:43,UNVR,RG,4810,30,F,ZP,SQ,D
14:26:43,UNVR,RG,4810,29,F,ZP,CS,F
14:26:42,UNVR,RG,4810,61,F,ZP,BK,F
14:26:41,UNVR,RG,4810,2,F,ZP,YU,D
14:26:41,UNVR,RG,4810,7,F,ZP,ZP,F
14:26:41,UNVR,RG,4810,6,D,CS,ZP,F
14:26:41,UNVR,RG,4810,1,D,PD,ZP,F
14:26:41,UNVR,RG,4810,4,F,ZP,ZP,F
14:26:40,UNVR,RG,4820,13,F,ZP,EP,D
14:26:38,UNVR,RG,4820,28,F,YU,EP,D
14:26:37,UNVR,RG,4810,1,F,ZP,XC,D
14:26:36,UNVR,RG,4810,2,F,ZP,XC,D
14:26:27,UNVR,RG,4810,10,F,ZP,ZP,F
14:26:21,UNVR,RG,4810,7,F,ZP,ZP,F
14:26:20,UNVR,RG,4820,11,F,ZP,EP,D
14:26:13,UNVR,RG,4810,32,F,ZP,ZP,F
14:26:12,UNVR,RG,4810,16,F,ZP,YU,F
14:26:11,UNVR,RG,4820,10,D,XL,EP,D
14:26:10,UNVR,RG,4810,26,F,ZP,CC,D
14:26:10,UNVR,RG,4810,117,F,ZP,CC,D
14:26:02,UNVR,RG,4820,13,F,ZP,EP,D
14:26:02,UNVR,RG,4820,38,F,YU,EP,D
14:25:57,UNVR,RG,4810,4,F,ZP,ZP,F
14:25:55,UNVR,RG,4810,66,F,ZP,CS,F
14:25:49,UNVR,RG,4820,2,D,SQ,EP,D
14:25:46,UNVR,RG,4820,13,F,ZP,EP,D
14:25:46,UNVR,RG,4810,61,F,ZP,BK,F
14:25:41,UNVR,RG,4810,25,F,ZP,SQ,D
14:25:35,UNVR,RG,4810,2,F,ZP,CS,F
14:25:32,UNVR,RG,4820,26,F,YU,EP,D
14:25:31,UNVR,RG,4810,23,F,ZP,EP,D
14:25:30,UNVR,RG,4820,17,F,ZP,EP,D
14:25:23,UNVR,RG,4810,6,F,ZP,ZP,F
14:25:22,UNVR,RG,4820,53,F,ZP,EP,D
14:25:22,UNVR,RG,4810,22,F,ZP,CC,D
14:25:22,UNVR,RG,4810,115,D,BB,CC,D
14:25:15,UNVR,RG,4820,1,F,ZP,EP,D
14:25:14,UNVR,RG,4820,7,F,ZP,EP,D
14:25:14,UNVR,RG,4810,18,D,BB,YU,F
14:25:14,UNVR,RG,4820,4,F,ZP,EP,D
14:25:13,UNVR,RG,4810,9,D,BB,ZP,F
14:25:11,UNVR,RG,4810,74,D,BB,ZP,F
14:25:10,UNVR,RG,4820,16,F,ZP,EP,D
14:25:03,UNVR,RG,4820,15,F,YU,EP,D
14:25:02,UNVR,RG,4810,39,D,BB,BK,F
14:25:01,UNVR,RG,4810,26,D,BB,ZP,F
14:24:55,UNVR,RG,4820,24,F,YU,EP,D
14:24:52,UNVR,RG,4810,63,D,BB,CS,F
14:24:50,UNVR,RG,4820,14,F,ZP,EP,D
14:24:45,UNVR,RG,4810,8,D,BB,ZP,F
14:24:38,UNVR,RG,4810,5,D,BB,PD,D
14:24:35,UNVR,RG,4810,139,D,BB,CC,D
14:24:31,UNVR,RG,4820,32,F,YU,EP,D
14:24:30,UNVR,RG,4820,14,F,ZP,EP,D
14:24:30,UNVR,RG,4810,30,D,BB,CS,F
14:24:23,UNVR,RG,4810,49,D,BB,KK,D
14:24:23,UNVR,RG,4810,10,D,BB,YB,D
14:24:21,UNVR,RG,4810,25,D,BB,PD,D
14:24:19,UNVR,RG,4820,1,D,BB,EP,D
14:24:12,UNVR,RG,4810,4,D,BB,YU,F
14:24:12,UNVR,RG,4810,14,D,BB,YU,F
14:24:11,UNVR,RG,4810,17,D,BB,AK,F
14:24:10,UNVR,RG,4820,1,D,BB,EP,D
14:24:10,UNVR,RG,4820,18,F,ZP,EP,D
14:24:05,UNVR,RG,4820,2,D,BB,EP,D
14:24:02,UNVR,RG,4820,10,D,CS,EP,D
14:24:00,UNVR,RG,4820,13,D,BB,EP,D
14:23:57,UNVR,RG,4810,3,D,BB,NI,D
14:23:56,UNVR,RG,4820,18,F,YU,EP,D
14:23:50,UNVR,RG,4820,20,F,ZP,EP,D
14:23:50,UNVR,RG,4820,7,D,BB,EP,D
14:23:49,UNVR,RG,4810,128,D,BB,CC,D
14:23:43,UNVR,RG,4820,8,D,BB,EP,D
14:23:43,UNVR,RG,4810,68,D,BB,BK,F
14:23:30,UNVR,RG,4820,20,F,ZP,EP,D
14:23:30,UNVR,RG,4820,38,F,YU,EP,D
14:23:24,UNVR,RG,4820,3,D,BB,EP,D
14:23:22,UNVR,RG,4810,2,D,BB,CS,F
14:23:17,UNVR,RG,4810,19,D,BB,YU,F
14:23:14,UNVR,RG,4820,3,D,BB,EP,D
14:23:14,UNVR,RG,4810,3,D,BB,YP,D
14:23:10,UNVR,RG,4820,18,F,ZP,EP,D
14:23:07,UNVR,RG,4820,14,D,BB,EP,D
14:23:03,UNVR,RG,4810,138,D,BB,CC,D
14:23:00,UNVR,RG,4810,17,D,BB,YU,F
14:22:58,UNVR,RG,4820,11,D,BB,EP,D
14:22:58,UNVR,RG,4820,4,D,PD,EP,D
14:22:52,UNVR,RG,4810,115,D,BB,ZP,F
14:22:51,UNVR,RG,4820,13,F,ZP,EP,D
14:22:50,UNVR,RG,4810,10,D,BB,BB,F
14:22:48,UNVR,RG,4820,4,D,BB,EP,D
14:22:48,UNVR,RG,4810,18,D,BB,YU,F
14:22:35,UNVR,RG,4820,7,D,BB,EP,D
14:22:35,UNVR,RG,4820,12,F,ZP,EP,D
14:22:31,UNVR,RG,4810,10,D,BB,DR,D
14:22:30,UNVR,RG,4820,2,D,CC,EP,D
14:22:26,UNVR,RG,4820,13,D,BB,EP,D
14:22:26,UNVR,RG,4810,73,D,BB,BK,F
14:22:21,UNVR,RG,4810,20,D,BB,AK,F
14:22:20,UNVR,RG,4820,4,D,BB,EP,D
14:22:20,UNVR,RG,4820,16,F,ZP,EP,D
14:22:17,UNVR,RG,4810,134,D,BB,CC,D
14:22:03,UNVR,RG,4820,7,D,BB,EP,D
14:22:03,UNVR,RG,4810,13,D,BB,AK,F
14:22:03,UNVR,RG,4810,29,D,BB,CS,F
14:22:00,UNVR,RG,4820,14,F,ZP,EP,D
14:22:00,UNVR,RG,4810,20,D,BB,CP,D
14:21:53,UNVR,RG,4820,1,D,BB,EP,D
14:21:52,UNVR,RG,4820,5,D,BB,EP,D
14:21:42,UNVR,RG,4810,14,D,BB,YU,F
14:21:40,UNVR,RG,4820,10,F,ZP,EP,D
14:21:36,UNVR,RG,4820,11,D,BB,EP,D
14:21:30,UNVR,RG,4820,4,D,BB,EP,D
14:21:29,UNVR,RG,4810,57,D,BB,CC,D
14:21:29,UNVR,RG,4810,86,F,ZP,CC,D
14:21:25,UNVR,RG,4820,15,F,ZP,EP,D
14:21:21,UNVR,RG,4820,1,D,BB,EP,D
14:21:21,UNVR,RG,4810,2,F,ZP,CS,F
14:21:14,UNVR,RG,4820,4,D,BB,EP,D
14:21:09,UNVR,RG,4810,13,F,ZP,YU,F
14:21:05,UNVR,RG,4820,12,F,ZP,EP,D
14:21:04,UNVR,RG,4820,6,D,BB,EP,D
14:21:04,UNVR,RG,4820,10,D,CS,EP,D
14:20:58,UNVR,RG,4810,47,F,ZP,BK,F
14:20:51,UNVR,RG,4820,3,D,BB,EP,D
14:20:50,UNVR,RG,4820,24,D,PD,EP,D
14:20:45,UNVR,RG,4820,10,D,BB,EP,D
14:20:45,UNVR,RG,4820,11,F,ZP,EP,D
14:20:44,UNVR,RG,4820,8,D,BB,EP,D
14:20:43,UNVR,RG,4810,117,F,ZP,CC,D
14:20:29,UNVR,RG,4820,12,F,ZP,EP,D
14:20:29,UNVR,RG,4810,1,F,ZP,KK,D
14:20:26,UNVR,RG,4820,53,D,OD,EP,D
14:20:25,UNVR,RG,4820,4,D,BB,EP,D
14:20:20,UNVR,RG,4820,3,D,BB,EP,D
14:20:20,UNVR,RG,4810,38,F,ZP,ZP,F
14:20:10,UNVR,RG,4820,12,D,BB,EP,D
14:20:10,UNVR,RG,4820,14,F,ZP,EP,D
14:20:02,UNVR,RG,4810,18,F,ZP,YU,F
14:19:59,UNVR,RG,4810,123,F,ZP,CC,D
14:19:59,UNVR,RG,4820,4,D,BB,EP,D
14:19:59,UNVR,RG,4810,20,F,ZP,YB,D
14:19:50,UNVR,RG,4820,2,D,BB,EP,D
14:19:50,UNVR,RG,4820,15,F,ZP,EP,D
14:19:45,UNVR,RG,4820,7,D,BB,EP,D
14:19:37,UNVR,RG,4810,29,F,ZP,CS,F
14:19:30,UNVR,RG,4820,12,F,ZP,EP,D
14:19:30,UNVR,RG,4810,35,F,ZP,BK,F
14:19:28,UNVR,RG,4820,4,D,BB,EP,D
14:19:18,UNVR,RG,4820,13,D,BB,EP,D
14:19:18,UNVR,RG,4810,2,F,ZP,CS,F
14:19:13,UNVR,RG,4820,14,F,ZP,EP,D
14:19:13,UNVR,RG,4810,127,F,ZP,CC,D
14:19:10,UNVR,RG,4810,16,F,ZP,YU,F
14:19:09,UNVR,RG,4810,2,F,ZP,NI,D
14:19:08,UNVR,RG,4820,9,D,BB,EP,D
14:19:08,UNVR,RG,4810,1,F,ZP,XL,D
14:19:00,UNVR,RG,4810,108,F,ZP,ZP,F
14:18:55,UNVR,RG,4820,4,D,BB,EP,D
14:18:55,UNVR,RG,4820,14,F,ZP,EP,D
14:18:47,UNVR,RG,4820,2,D,BB,EP,D
14:18:47,UNVR,RG,4810,10,F,ZP,YP,D
14:18:44,UNVR,RG,4820,3,D,BB,EP,D
14:18:35,UNVR,RG,4820,13,F,ZP,EP,D
14:18:35,UNVR,RG,4810,14,F,ZP,YU,F
14:18:32,UNVR,RG,4820,13,D,BB,EP,D
14:18:27,UNVR,RG,4810,49,F,ZP,CC,D
14:18:27,UNVR,RG,4810,99,F,ZP,CC,D
14:18:20,UNVR,RG,4820,1,D,BB,EP,D
14:18:18,UNVR,RG,4820,12,F,ZP,EP,D
14:18:15,UNVR,RG,4820,11,D,BB,EP,D
14:18:14,UNVR,RG,4810,3,F,ZP,PD,D
14:18:13,UNVR,RG,4820,9,D,CS,EP,D
14:18:09,UNVR,RG,4820,4,D,BB,EP,D
14:18:09,UNVR,RG,4810,100,F,ZP,XA,D
14:18:00,UNVR,RG,4820,13,D,BB,EP,D
14:18:00,UNVR,RG,4820,11,F,ZP,EP,D
14:17:45,UNVR,RG,4820,14,F,ZP,EP,D
14:17:41,UNVR,RG,4810,138,F,ZP,CC,D
14:17:41,UNVR,RG,4820,2,D,BB,EP,D
14:17:41,UNVR,RG,4810,13,F,ZP,YU,F
14:17:32,UNVR,RG,4820,4,D,BB,EP,D
14:17:32,UNVR,RG,4810,10,F,ZP,PD,D
14:17:25,UNVR,RG,4820,3,D,BB,EP,D
14:17:25,UNVR,RG,4820,14,F,ZP,EP,D
14:17:16,UNVR,RG,4810,2,F,ZP,CS,F
14:17:15,UNVR,RG,4810,8,F,ZP,XC,D
14:17:14,UNVR,RG,4820,11,D,BB,EP,D
14:17:06,UNVR,RG,4810,12,F,ZP,YU,F
14:17:05,UNVR,RG,4820,12,F,ZP,EP,D
14:17:01,UNVR,RG,4810,30,F,ZP,CS,F
14:16:57,UNVR,RG,4810,2,F,ZP,YP,D
14:16:56,UNVR,RG,4820,14,D,BB,EP,D
14:16:56,UNVR,RG,4810,63,F,ZP,BK,F
14:16:53,UNVR,RG,4810,144,F,ZP,CC,D
14:16:50,UNVR,RG,4810,25,F,ZP,SQ,D
14:16:47,UNVR,RG,4810,2,F,ZP,PD,D
14:16:47,UNVR,RG,4820,10,F,ZP,EP,D
14:16:46,UNVR,RG,4820,3,D,BB,EP,D
14:16:38,UNVR,RG,4820,3,D,BB,EP,D
14:16:30,UNVR,RG,4810,4,F,ZP,PD,D
14:16:30,UNVR,RG,4820,13,F,ZP,EP,D
14:16:30,UNVR,RG,4820,2,D,BB,EP,D
14:16:23,UNVR,RG,4820,2,D,BB,EP,D
14:16:23,UNVR,RG,4820,1,D,YB,EP,D
14:16:20,UNVR,RG,4820,13,D,BB,EP,D
14:16:08,UNVR,RG,4820,11,F,ZP,EP,D
14:16:07,UNVR,RG,4810,150,F,ZP,CC,D
14:16:06,UNVR,RG,4820,3,D,BB,EP,D
14:16:06,UNVR,RG,4810,15,F,ZP,YU,F
14:15:54,UNVR,RG,4820,4,D,BB,EP,D
14:15:54,UNVR,RG,4820,1,D,XL,EP,D
14:15:50,UNVR,RG,4820,2,D,BB,EP,D
14:15:50,UNVR,RG,4820,12,F,ZP,EP,D
14:15:37,UNVR,RG,4820,4,D,BB,EP,D
14:15:30,UNVR,RG,4820,12,F,ZP,EP,D
14:15:24,UNVR,RG,4820,16,D,BB,EP,D
14:15:22,UNVR,RG,4810,16,F,ZP,ZP,F
14:15:19,UNVR,RG,4810,128,F,ZP,CC,D
14:15:15,UNVR,RG,4810,2,F,ZP,CS,F
14:15:13,UNVR,RG,4810,25,F,ZP,OD,D
14:15:10,UNVR,RG,4820,11,F,ZP,EP,D
14:15:10,UNVR,RG,4820,14,D,BB,EP,D
14:15:10,UNVR,RG,4810,13,F,ZP,YU,F
14:15:05,UNVR,RG,4810,1,F,ZP,HP,D
14:15:03,UNVR,RG,4810,49,F,ZP,BK,F
14:14:58,UNVR,RG,4820,4,D,BB,EP,D
14:14:58,UNVR,RG,4810,108,F,ZP,ZP,D
14:14:50,UNVR,RG,4820,6,F,ZP,EP,D
14:14:46,UNVR,RG,4810,9,F,ZP,AK,F
14:14:46,UNVR,RG,4810,16,F,ZP,AK,F
14:14:46,UNVR,RG,4820,17,D,BB,EP,D
14:14:37,UNVR,RG,4810,69,F,ZP,ZP,F
14:14:33,UNVR,RG,4810,145,F,ZP,CC,D
14:14:33,UNVR,RG,4820,5,D,BB,EP,D
14:14:21,UNVR,RG,4810,12,F,ZP,AK,F
14:14:20,UNVR,RG,4820,4,D,BB,EP,D
14:14:20,UNVR,RG,4810,30,F,ZP,CS,F
14:14:08,UNVR,RG,4820,5,D,BB,EP,D
14:14:04,UNVR,RG,4820,11,D,BB,EP,D
14:14:04,UNVR,RG,4810,25,F,ZP,BK,F
14:13:49,UNVR,RG,4810,122,F,ZP,CC,D
14:13:46,UNVR,RG,4820,4,D,BB,EP,D
14:13:38,UNVR,RG,4810,19,F,ZP,YU,F
14:13:36,UNVR,RG,4820,2,D,BB,EP,D
14:13:36,UNVR,RG,4810,1,F,ZP,YP,D
14:13:32,UNVR,RG,4820,3,D,BB,EP,D
14:13:18,UNVR,RG,4820,3,D,BB,EP,D
14:13:11,UNVR,RG,4810,2,F,ZP,CS,F
14:13:09,UNVR,RG,4820,12,D,BB,EP,D
14:13:03,UNVR,RG,4810,117,F,ZP,CC,D
14:12:54,UNVR,RG,4820,4,D,BB,EP,D
14:12:53,UNVR,RG,4820,3,D,CC,EP,D
14:12:49,UNVR,RG,4820,3,D,BB,EP,D
14:12:49,UNVR,RG,4810,1,F,ZP,DX,D
14:12:40,UNVR,RG,4810,13,F,ZP,YU,F
14:12:31,UNVR,RG,4820,7,D,BB,EP,D
14:12:23,UNVR,RG,4810,45,F,ZP,BK,F
14:12:22,UNVR,RG,4820,14,D,BB,EP,D
14:12:17,UNVR,RG,4810,131,F,ZP,CC,D
14:12:13,UNVR,RG,4820,10,D,XC,EP,D
14:12:09,UNVR,RG,4820,25,D,PD,EP,D
14:12:09,UNVR,RG,4820,3,D,BB,EP,D
14:12:09,UNVR,RG,4810,21,F,ZP,OD,D
14:12:05,UNVR,RG,4820,5,D,BB,EP,D
14:12:05,UNVR,RG,4810,15,F,ZP,YU,F
14:11:57,UNVR,RG,4820,2,D,BB,EP,D
14:11:47,UNVR,RG,4820,12,D,BB,EP,D
14:11:33,UNVR,RG,4810,45,F,ZP,CC,D
14:11:33,UNVR,RG,4810,1,D,XC,CC,D
14:11:33,UNVR,RG,4810,69,F,YU,CC,D
14:11:29,UNVR,RG,4820,4,D,BB,EP,D
14:11:29,UNVR,RG,4810,31,F,YU,CS,F
14:11:16,UNVR,RG,4820,5,D,BB,EP,D
14:11:16,UNVR,RG,4810,21,F,YU,XL,D
14:11:06,UNVR,RG,4810,2,F,YU,CS,F
14:11:04,UNVR,RG,4820,5,D,BB,EP,D
14:11:04,UNVR,RG,4810,5,F,YU,PD,D
14:10:57,UNVR,RG,4810,19,F,YU,YU,F
14:10:51,UNVR,RG,4820,12,D,BB,EP,D
14:10:48,UNVR,RG,4810,6,F,YU,YP,D
14:10:47,UNVR,RG,4810,16,F,YU,CC,D
14:10:47,UNVR,RG,4810,8,D,CS,CC,D
14:10:47,UNVR,RG,4810,4,F,ZP,CC,D
14:10:47,UNVR,RG,4810,1,D,NI,CC,D
14:10:47,UNVR,RG,4810,36,F,ZP,CC,D
14:10:47,UNVR,RG,4810,9,D,CS,CC,D
14:10:47,UNVR,RG,4810,20,D,EP,CC,D
14:10:47,UNVR,RG,4810,7,D,XC,CC,D
14:10:47,UNVR,RG,4810,26,F,ZP,CC,D
14:10:46,UNVR,RG,4820,1,D,YP,EP,D
14:10:46,UNVR,RG,4820,5,D,BB,EP,D
14:10:46,UNVR,RG,4810,26,F,ZP,KI,D
14:10:46,UNVR,RG,4810,5,D,PD,KI,D
14:10:46,UNVR,RG,4810,9,D,XL,KI,D
14:10:36,UNVR,RG,4820,5,D,IT,EP,D
14:10:33,UNVR,RG,4820,4,D,BB,EP,D
14:10:33,UNVR,RG,4810,5,D,XL,XC,D
14:10:29,UNVR,RG,4820,7,D,BB,EP,D
14:10:15,UNVR,RG,4810,4,F,ZP,BB,F
14:10:14,UNVR,RG,4810,1,F,ZP,XL,D
14:10:13,UNVR,RG,4810,9,F,ZP,AK,F
14:10:13,UNVR,RG,4810,4,F,ZP,AK,F
14:10:13,UNVR,RG,4820,14,D,BB,EP,D
14:10:12,UNVR,RG,4810,59,F,ZP,BK,F
14:10:03,UNVR,RG,4810,20,F,ZP,YU,F
14:10:01,UNVR,RG,4810,59,F,ZP,CC,D
14:10:01,UNVR,RG,4810,70,F,ZP,CC,D
14:10:00,UNVR,RG,4820,2,D,BB,EP,D
14:10:00,UNVR,RG,4810,17,F,ZP,YU,F
14:09:52,UNVR,RG,4820,6,D,BB,EP,D
14:09:40,UNVR,RG,4810,36,F,ZP,ZP,D
14:09:38,UNVR,RG,4820,4,D,BB,EP,D
14:09:33,UNVR,RG,4820,4,D,BB,EP,D
14:09:33,UNVR,RG,4820,9,D,CS,EP,D
14:09:17,UNVR,RG,4820,2,D,BB,EP,D
14:09:14,UNVR,RG,4810,7,F,ZP,AK,F
14:09:13,UNVR,RG,4810,65,F,ZP,CC,D
14:09:13,UNVR,RG,4810,60,F,ZP,CC,D
14:09:13,UNVR,RG,4810,8,D,BB,CC,D
14:09:05,UNVR,RG,4810,200,D,BB,DR,D
14:09:04,UNVR,RG,4810,10,D,BB,NI,D
14:09:01,UNVR,RG,4810,15,D,BB,YU,F
14:08:56,UNVR,RG,4810,2,D,BB,CS,F
14:08:49,UNVR,RG,4820,1,D,XC,EP,D
14:08:46,UNVR,RG,4810,3,D,BB,NI,D
14:08:42,UNVR,RG,4810,19,D,BB,YU,F
14:08:42,UNVR,RG,4810,17,D,BB,NI,D
14:08:42,UNVR,RG,4810,10,D,BB,CC,D
14:08:32,UNVR,RG,4810,30,D,BB,CS,F
14:08:25,UNVR,RG,4810,63,D,BB,CC,D
14:08:25,UNVR,RG,4810,70,F,ZP,CC,D
14:08:16,UNVR,RG,4810,53,F,ZP,BK,F
14:07:46,UNVR,RG,4810,10,F,ZP,LS,D
14:07:45,UNVR,RG,4810,3,F,ZP,AK,F
14:07:38,UNVR,RG,4810,5,F,ZP,AK,F
14:07:37,UNVR,RG,4810,144,F,ZP,CC,D
14:07:00,UNVR,RG,4810,4,F,ZP,AK,F
14:06:57,UNVR,RG,4810,2,F,ZP,CS,F
14:06:57,UNVR,RG,4810,27,F,ZP,LG,D
14:06:49,UNVR,RG,4810,52,F,ZP,CC,D
14:06:49,UNVR,RG,4810,14,F,ZP,CC,D
14:06:49,UNVR,RG,4810,58,F,YU,CC,D
14:06:31,UNVR,RG,4820,9,D,CS,EP,D
14:06:26,UNVR,RG,4820,2,D,CC,EP,D
14:06:14,UNVR,RG,4810,54,F,YU,BK,F
14:06:12,UNVR,RG,4820,3,D,CC,EP,D
14:06:01,UNVR,RG,4810,128,F,YU,CC,D
14:05:44,UNVR,RG,4810,5,F,YU,PD,D
14:05:29,UNVR,RG,4810,32,F,YU,CS,F
14:05:23,UNVR,RG,4810,2,F,YU,YP,D
14:05:22,UNVR,RG,4810,3,F,YU,AK,F
14:05:21,UNVR,RG,4810,23,F,YU,BK,F
14:05:17,UNVR,RG,4810,131,F,YU,CC,D
14:04:57,UNVR,RG,4810,2,F,YU,CS,F
14:04:55,UNVR,RG,4820,1,D,XC,EP,D
14:04:39,UNVR,RG,4810,190,F,YU,AG,D
14:04:39,UNVR,RG,4810,145,F,YU,AG,D
14:04:39,UNVR,RG,4810,5,D,PD,AG,D
14:04:39,UNVR,RG,4810,160,F,ZP,AG,D
14:04:33,UNVR,RG,4810,94,F,ZP,CC,D
14:04:33,UNVR,RG,4810,52,D,BB,CC,D
14:04:26,UNVR,RG,4810,1,D,BB,BQ,D
14:04:06,UNVR,RG,4810,2,D,BB,PD,D
14:03:45,UNVR,RG,4810,134,D,BB,CC,D
14:03:45,UNVR,RG,4810,7,D,BB,AK,F
14:03:34,UNVR,RG,4810,54,D,BB,BK,F
14:03:29,UNVR,RG,4820,8,D,CS,EP,D
14:03:11,UNVR,RG,4810,5,D,BB,NI,D
14:03:11,UNVR,RG,4810,1,D,BB,NI,D
14:03:00,UNVR,RG,4810,9,D,BB,AK,F
14:02:59,UNVR,RG,4810,125,D,BB,CC,D
14:02:45,UNVR,RG,4810,5,D,BB,AK,F
14:02:44,UNVR,RG,4810,2,D,BB,CS,F
14:02:21,UNVR,RG,4810,93,D,BB,CD,D
14:02:21,UNVR,RG,4810,154,D,BB,CD,D
14:02:21,UNVR,RG,4810,1,D,XC,CD,D
14:02:21,UNVR,RG,4810,29,F,ZP,CD,D
14:02:21,UNVR,RG,4810,34,F,ZP,CS,F
14:02:13,UNVR,RG,4820,1,D,PD,EP,D
14:02:13,UNVR,RG,4810,75,F,ZP,CC,D
14:01:27,UNVR,RG,4810,133,F,ZP,CC,D
14:01:23,UNVR,RG,4810,1,F,ZP,YP,D
14:01:07,UNVR,RG,4810,1,F,ZP,LG,D
14:00:52,UNVR,RG,4810,15,F,ZP,LS,D
14:00:45,UNVR,RG,4820,8,D,CS,EP,D
14:00:42,UNVR,RG,4810,1,F,ZP,CS,F
14:00:42,UNVR,RG,4810,1,F,AK,CS,F
14:00:41,UNVR,RG,4810,66,F,AK,CC,D
14:00:41,UNVR,RG,4810,55,F,YU,CC,D
14:00:19,UNVR,RG,4810,10,F,YU,YP,D
13:59:57,UNVR,RG,4810,135,F,YU,CC,D
13:59:16,UNVR,RG,4810,6,F,YU,AK,F
13:59:16,UNVR,RG,4810,2,F,YU,YB,D
13:59:10,UNVR,RG,4810,136,F,YU,CC,D
13:59:09,UNVR,RG,4810,5,F,YU,EP,D
13:59:08,UNVR,RG,4810,229,F,YU,SQ,D
13:59:08,UNVR,RG,4810,36,F,ZP,SQ,D
13:59:08,UNVR,RG,4810,53,D,OD,SQ,D
13:59:08,UNVR,RG,4810,182,F,ZP,SQ,D
13:59:05,UNVR,RG,4810,35,F,ZP,CS,F
13:59:00,UNVR,RG,4810,5,F,ZP,AK,F
13:58:48,UNVR,RG,4810,2,F,ZP,CS,F
13:58:46,UNVR,RG,4810,1,F,ZP,PD,D
13:58:33,UNVR,RG,4810,8,F,ZP,PD,D
13:58:23,UNVR,RG,4810,14,F,ZP,CC,D
13:58:23,UNVR,RG,4810,20,F,ZP,CC,D
13:58:23,UNVR,RG,4810,5,F,ZP,CC,D
13:58:12,UNVR,RG,4820,24,D,PD,EP,D
13:58:05,UNVR,RG,4810,5,F,ZP,AK,F
13:57:43,UNVR,RG,4810,10,F,ZP,OD,D
13:57:26,UNVR,RG,4810,2,F,ZP,XL,D
13:56:45,UNVR,RG,4810,3,F,ZP,AK,F
13:56:22,UNVR,RG,4810,32,F,ZP,OD,D
13:56:14,UNVR,RG,4810,2,F,ZP,CS,F
13:56:09,UNVR,RG,4810,4,F,ZP,EP,D
13:55:45,UNVR,RG,4810,24,F,ZP,CS,F
13:55:39,UNVR,RG,4810,1,F,ZP,PD,D
13:55:21,UNVR,RG,4810,4,F,ZP,AK,F
13:55:21,UNVR,RG,4810,4,F,ZP,BQ,D
13:55:06,UNVR,RG,4810,16,F,ZP,PD,D
13:54:49,UNVR,RG,4810,2,F,ZP,AT,D
13:54:36,UNVR,RG,4810,2,F,ZP,CC,D
13:54:31,UNVR,RG,4810,6,F,ZP,EP,D
13:54:08,UNVR,RG,4810,8,F,ZP,NI,D
13:53:59,UNVR,RG,4810,10,F,ZP,BB,F
13:53:49,UNVR,RG,4810,6,F,ZP,LG,D
13:53:41,UNVR,RG,4810,5,F,ZP,XC,D
13:53:30,UNVR,RG,4810,6,F,ZP,AK,F
13:53:30,UNVR,RG,4810,4,F,ZP,AK,F
13:53:11,UNVR,RG,4810,5,F,ZP,NI,D
13:53:03,UNVR,RG,4810,3,F,ZP,AK,F
13:52:56,UNVR,RG,4810,42,F,ZP,LG,D
13:52:49,UNVR,RG,4810,5,F,ZP,XC,D
13:52:30,UNVR,RG,4810,2,F,ZP,PD,D
13:52:22,UNVR,RG,4810,10,F,ZP,XC,D
13:52:15,UNVR,RG,4810,50,F,ZP,YP,D
13:51:39,UNVR,RG,4810,40,F,ZP,EP,D
13:50:50,UNVR,RG,4810,5,F,ZP,NI,D
13:50:49,UNVR,RG,4810,30,F,ZP,PD,D
13:50:47,UNVR,RG,4810,147,F,ZP,DR,D
13:50:47,UNVR,RG,4810,11,D,BB,DR,D
13:50:47,UNVR,RG,4810,3,D,BB,DR,D
13:50:47,UNVR,RG,4810,39,D,OD,DR,D
13:50:45,UNVR,RG,4810,3,D,OD,AK,F
13:50:29,UNVR,RG,4810,1,D,OD,ZP,F
13:50:29,UNVR,RG,4810,10,D,OD,CC,D
13:50:21,UNVR,RG,4820,446,D,BB,EP,D
13:50:21,UNVR,RG,4820,242,D,BB,EP,D
13:50:21,UNVR,RG,4820,2,D,BB,PD,D
13:50:21,UNVR,RG,4820,11,D,BB,CC,D
13:50:21,UNVR,RG,4810,1,D,BB,CS,F
13:50:21,UNVR,RG,4810,3,D,BB,CS,F
13:50:21,UNVR,RG,4810,136,D,BB,BK,F
13:50:21,UNVR,RG,4810,115,D,BB,YU,F
13:50:18,UNVR,RG,4810,41,F,ZP,YU,F
13:50:18,UNVR,RG,4800,299,F,ZP,ZP,F
13:50:18,UNVR,RG,4800,41,F,ZP,ZP,F
13:50:17,UNVR,RG,4810,59,F,AK,YU,F
13:50:17,UNVR,RG,4810,4,F,AK,AK,F
13:50:17,UNVR,RG,4810,4,F,AK,AK,F
13:50:07,UNVR,RG,4800,466,D,BB,AK,F
13:50:07,UNVR,RG,4800,160,D,BB,AK,F
13:50:07,UNVR,RG,4820,10,F,ZP,KK,D
13:50:07,UNVR,RG,4820,80,F,ZP,RO,D
13:50:07,UNVR,RG,4820,58,F,ZP,BK,F
13:50:07,UNVR,RG,4820,1,F,ZP,YJ,D
13:50:07,UNVR,RG,4820,6,F,ZP,LG,D
13:50:07,UNVR,RG,4820,35,F,ZP,SQ,D
13:50:07,UNVR,RG,4820,35,F,ZP,EP,D
13:50:07,UNVR,RG,4820,1,F,ZP,XC,D
13:50:07,UNVR,RG,4820,57,F,ZP,BK,F
13:50:07,UNVR,RG,4820,1,F,ZP,XL,D
13:50:07,UNVR,RG,4820,1,F,ZP,NI,D
13:50:07,UNVR,RG,4820,11,F,ZP,YP,D
13:50:07,UNVR,RG,4820,57,F,ZP,BK,F
13:50:07,UNVR,RG,4820,2,F,ZP,YP,D
13:50:07,UNVR,RG,4820,13,F,ZP,YU,F
13:50:07,UNVR,RG,4820,20,F,ZP,YP,D
13:50:07,UNVR,RG,4820,50,F,ZP,CC,D
13:50:07,UNVR,RG,4820,3,F,ZP,YP,D
13:50:07,UNVR,RG,4820,2,F,ZP,DH,D
13:50:07,UNVR,RG,4820,55,F,ZP,BK,F
13:50:07,UNVR,RG,4820,30,F,ZP,OD,D
13:50:07,UNVR,RG,4820,1,F,ZP,PD,D
13:50:07,UNVR,RG,4820,174,F,ZP,ZP,F
13:50:07,UNVR,RG,4820,226,F,ZP,BQ,D
13:50:07,UNVR,RG,4810,79,F,ZP,AK,F
13:50:07,UNVR,RG,4810,100,F,ZP,ZP,F
13:50:07,UNVR,RG,4800,5,D,YP,AK,F
13:50:07,UNVR,RG,4800,1,D,YP,AK,F
13:50:07,UNVR,RG,4800,3,D,YP,AK,F
13:50:07,UNVR,RG,4800,2,D,AZ,AK,F
13:50:07,UNVR,RG,4800,60,D,EP,AK,F
13:50:07,UNVR,RG,4800,1,F,ZP,AK,F
13:50:07,UNVR,RG,4800,2,D,XL,AK,F
13:50:07,UNVR,RG,4800,1,D,CC,AK,F
13:50:07,UNVR,RG,4800,1,D,XL,AK,F
13:50:07,UNVR,RG,4800,5,D,XC,AK,F
13:50:07,UNVR,RG,4800,1,D,OD,AK,F
13:50:07,UNVR,RG,4800,2,D,XL,AK,F
13:50:07,UNVR,RG,4800,5,D,PD,AK,F
13:50:07,UNVR,RG,4800,10,D,PD,AK,F
13:50:07,UNVR,RG,4800,1,D,PD,AK,F
13:50:07,UNVR,RG,4800,1,D,PD,AK,F
13:50:07,UNVR,RG,4800,10,D,SQ,AK,F
13:50:07,UNVR,RG,4800,7,D,PD,AK,F
13:50:07,UNVR,RG,4800,10,D,DR,AK,F
13:50:07,UNVR,RG,4800,10,D,ZP,AK,F
13:50:07,UNVR,RG,4800,10,D,ZP,AK,F
13:50:07,UNVR,RG,4800,40,D,YP,AK,F
13:50:07,UNVR,RG,4800,83,D,XL,AK,F
13:50:07,UNVR,RG,4800,1,D,YP,AK,F
13:50:07,UNVR,RG,4800,53,D,OD,AK,F
13:50:07,UNVR,RG,4800,5,D,PD,AK,F
13:50:07,UNVR,RG,4800,5,D,CC,AK,F
13:50:07,UNVR,RG,4800,1,D,SQ,AK,F
13:50:07,UNVR,RG,4800,42,D,CC,AK,F
13:50:07,UNVR,RG,4800,97,D,YP,AK,F
13:50:07,UNVR,RG,4800,1,D,OD,AK,F
13:50:07,UNVR,RG,4800,21,D,YP,AK,F
13:50:07,UNVR,RG,4800,1,D,KK,AK,F
13:50:07,UNVR,RG,4800,1,D,YP,AK,F
13:50:07,UNVR,RG,4800,1,D,YB,AK,F
13:50:07,UNVR,RG,4800,2,D,YP,AK,F
13:50:07,UNVR,RG,4800,4,D,XL,AK,F
13:50:07,UNVR,RG,4800,2,D,PD,AK,F
13:50:07,UNVR,RG,4800,30,D,XC,AK,F
13:50:07,UNVR,RG,4800,1,D,PD,AK,F
13:50:07,UNVR,RG,4800,16,D,CC,AK,F
13:50:07,UNVR,RG,4800,10,D,YP,AK,F
13:50:07,UNVR,RG,4800,1,D,PD,AK,F
13:50:07,UNVR,RG,4800,11,D,YP,AK,F
13:50:07,UNVR,RG,4800,13,D,SQ,AK,F
13:50:07,UNVR,RG,4800,20,D,YP,AK,F
13:50:07,UNVR,RG,4800,2,D,GR,AK,F
13:50:07,UNVR,RG,4800,1,D,YP,AK,F
13:50:07,UNVR,RG,4800,4,D,PD,AK,F
13:50:07,UNVR,RG,4800,10,D,PD,AK,F
13:50:07,UNVR,RG,4800,2,D,NI,AK,F
13:50:07,UNVR,RG,4800,100,D,CC,AK,F
13:50:07,UNVR,RG,4800,4,D,XC,AK,F
13:50:07,UNVR,RG,4800,10,D,PD,AK,F
13:50:07,UNVR,RG,4800,11,D,PD,AK,F
13:50:07,UNVR,RG,4800,5,D,YP,AK,F
13:50:07,UNVR,RG,4800,4,D,PD,AK,F
13:50:07,UNVR,RG,4800,1,D,XL,AK,F
13:50:07,UNVR,RG,4800,30,D,CC,AK,F
13:50:07,UNVR,RG,4800,2,D,YP,AK,F
13:50:07,UNVR,RG,4800,1,D,PD,AK,F
13:50:07,UNVR,RG,4800,10,D,EP,AK,F
13:50:07,UNVR,RG,4800,5,D,CC,AK,F
13:50:07,UNVR,RG,4800,100,D,AZ,AK,F
13:50:07,UNVR,RG,4800,1,D,XC,AK,F
13:50:07,UNVR,RG,4800,1,D,HP,AK,F
13:50:07,UNVR,RG,4800,30,D,YP,AK,F
13:50:07,UNVR,RG,4800,1,D,CC,AK,F
13:50:07,UNVR,RG,4800,2,D,PD,AK,F
13:50:07,UNVR,RG,4800,5,D,YP,AK,F
13:50:07,UNVR,RG,4800,3,D,NI,AK,F
13:50:07,UNVR,RG,4800,25,D,YB,AK,F
13:50:07,UNVR,RG,4800,30,D,XC,AK,F
13:50:07,UNVR,RG,4800,1,F,YU,AK,F
13:50:07,UNVR,RG,4800,500,D,EP,AK,F
13:50:07,UNVR,RG,4800,100,D,YP,AK,F
13:50:07,UNVR,RG,4800,100,D,YB,AK,F
13:50:07,UNVR,RG,4810,21,D,BB,ZP,F
13:50:07,UNVR,RG,4810,7,D,BB,ZP,F
13:50:07,UNVR,RG,4810,47,F,ZP,ZP,F
13:50:07,UNVR,RG,4810,5,F,ZP,CS,F
13:50:07,UNVR,RG,4810,27,F,ZP,CS,F
13:50:07,UNVR,RG,4810,148,F,ZP,ZP,F
13:50:07,UNVR,RG,4810,114,F,ZP,ZP,F
13:50:07,UNVR,RG,4810,5,D,PD,ZP,F
13:50:07,UNVR,RG,4810,5,F,YU,ZP,F
13:50:07,UNVR,RG,4810,9,F,YU,CS,F
13:50:07,UNVR,RG,4810,78,F,YU,AK,F
13:50:07,UNVR,RG,4810,46,F,ZP,AK,F
13:50:07,UNVR,RG,4810,37,F,ZP,AK,F
13:50:07,UNVR,RG,4810,2,D,PD,AK,F
13:50:07,UNVR,RG,4810,2,D,XL,AK,F
13:50:07,UNVR,RG,4810,1,D,KK,AK,F
13:50:07,UNVR,RG,4810,3,F,CC,AK,F
13:50:07,UNVR,RG,4810,100,F,ZP,AK,F
13:50:07,UNVR,RG,4810,18,F,ZP,AK,F
13:50:07,UNVR,RG,4810,10,F,ZP,AK,F
13:50:07,UNVR,RG,4810,8,F,ZP,AK,F
13:50:07,UNVR,RG,4810,66,F,ZP,AK,F
13:50:07,UNVR,RG,4810,12,F,ZP,AK,F
13:50:07,UNVR,RG,4810,23,F,ZP,AK,F
13:50:07,UNVR,RG,4810,24,D,PD,AK,F
13:50:07,UNVR,RG,4810,1,D,CC,AK,F
13:50:07,UNVR,RG,4810,7,D,CS,AK,F
13:50:07,UNVR,RG,4810,48,F,ZP,AK,F
13:50:07,UNVR,RG,4810,1,D,NI,AK,F
13:50:07,UNVR,RG,4810,106,D,OD,AK,F
13:50:07,UNVR,RG,4810,1,D,YP,AK,F
13:50:07,UNVR,RG,4810,9,D,CS,AK,F
13:50:07,UNVR,RG,4810,269,F,ZP,AK,F
13:50:07,UNVR,RG,4810,337,F,ZP,AK,F
13:50:07,UNVR,RG,4810,644,D,BB,AK,F
13:50:07,UNVR,RG,4810,935,D,BB,AK,F
13:50:07,UNVR,RG,4810,889,F,ZP,AK,F
13:50:07,UNVR,RG,4810,350,F,ZP,AK,F
13:50:07,UNVR,RG,4810,2,F,ZP,CS,F
13:50:07,UNVR,RG,4810,2148,F,ZP,KK,D
13:50:07,UNVR,RG,4810,8,D,CS,KK,D
13:50:07,UNVR,RG,4810,3,F,ZP,KK,D
13:50:07,UNVR,RG,4810,20,D,BQ,KK,D
13:50:07,UNVR,RG,4810,1,D,XC,KK,D
13:50:07,UNVR,RG,4810,7,F,ZP,KK,D
13:50:07,UNVR,RG,4810,1,D,PD,KK,D
13:50:07,UNVR,RG,4810,1,D,XC,KK,D
13:50:07,UNVR,RG,4810,10,F,ZP,KK,D
13:50:07,UNVR,RG,4810,10,D,NI,KK,D
13:50:07,UNVR,RG,4810,134,F,ZP,KK,D
13:50:07,UNVR,RG,4810,384,D,BB,KK,D
13:50:07,UNVR,RG,4810,127,F,ZP,KK,D
13:50:07,UNVR,RG,4810,121,F,ZP,KK,D
13:50:07,UNVR,RG,4810,50,F,ZP,KK,D
13:50:07,UNVR,RG,4810,101,F,AK,KK,D
13:50:07,UNVR,RG,4810,1,D,YP,KK,D
13:50:07,UNVR,RG,4810,30,D,YP,KK,D
13:50:07,UNVR,RG,4810,1,D,XC,KK,D
13:50:07,UNVR,RG,4810,1,D,XC,KK,D
13:50:07,UNVR,RG,4810,30,D,CC,KK,D
13:50:07,UNVR,RG,4810,7,D,XC,KK,D
13:50:07,UNVR,RG,4810,1,D,XC,KK,D
13:50:07,UNVR,RG,4810,5,D,XC,KK,D
13:50:07,UNVR,RG,4810,1,D,OD,KK,D
13:50:07,UNVR,RG,4810,12,D,YP,KK,D
13:50:07,UNVR,RG,4810,1,D,CC,KK,D
13:50:07,UNVR,RG,4810,1,D,YP,KK,D
13:50:07,UNVR,RG,4810,2,D,YP,KK,D
13:50:07,UNVR,RG,4810,2,D,PD,KK,D
13:50:07,UNVR,RG,4810,1,D,PD,KK,D
13:50:07,UNVR,RG,4810,3,D,PD,KK,D
13:50:07,UNVR,RG,4810,5,D,PD,KK,D
13:50:07,UNVR,RG,4810,1,D,KK,KK,D
13:50:07,UNVR,RG,4810,5,D,EP,KK,D
13:50:07,UNVR,RG,4810,1,D,NI,KK,D
13:50:07,UNVR,RG,4810,3,D,RO,KK,D
13:50:07,UNVR,RG,4810,231,F,ZP,KK,D
13:50:07,UNVR,RG,4810,751,F,CS,KK,D
13:50:07,UNVR,RG,4810,5,D,YP,KK,D
13:50:07,UNVR,RG,4810,45,F,ZP,KK,D
13:50:07,UNVR,RG,4810,313,F,ZP,KK,D
13:50:07,UNVR,RG,4810,104,D,BB,KK,D
13:50:07,UNVR,RG,4810,345,D,BB,KK,D
13:50:05,UNVR,RG,4810,20,D,BB,YP,D
13:49:56,UNVR,RG,4820,30,D,XL,BQ,D
13:49:36,UNVR,RG,4810,10,D,BB,EP,D
13:49:31,UNVR,RG,4810,35,D,BB,BK,F
13:49:29,UNVR,RG,4820,8,D,CS,BQ,D
13:49:16,UNVR,RG,4820,28,D,PD,BQ,D
13:49:05,UNVR,RG,4810,4,D,BB,CS,F
13:49:05,UNVR,RG,4810,14,F,ZP,CS,F
13:49:05,UNVR,RG,4810,17,D,LG,CS,F
13:48:59,UNVR,RG,4820,1,F,AK,BQ,D
13:48:59,UNVR,RG,4820,1,F,AK,BQ,D
13:48:59,UNVR,RG,4820,1,F,AK,BQ,D
13:48:52,UNVR,RG,4810,100,D,LG,LS,D
13:48:42,UNVR,RG,4810,21,D,LG,BK,F
13:48:41,UNVR,RG,4810,9,D,LG,PD,D
13:48:18,UNVR,RG,4810,2,D,LG,CS,F
13:48:09,UNVR,RG,4820,1,D,YP,BQ,D
13:48:00,UNVR,RG,4810,4,D,LG,AK,F
13:47:45,UNVR,RG,4810,4,D,LG,AK,F
13:47:39,UNVR,RG,4810,1,D,LG,XC,D
13:47:37,UNVR,RG,4820,2,D,SQ,BQ,D
13:47:30,UNVR,RG,4810,5,D,LG,AK,F
13:47:21,UNVR,RG,4810,38,D,LG,BK,F
13:47:15,UNVR,RG,4820,7,F,AK,BQ,D
13:47:00,UNVR,RG,4820,1,F,AK,BQ,D
13:46:45,UNVR,RG,4820,1,F,AK,BQ,D
13:46:30,UNVR,RG,4820,1,F,AK,BQ,D
13:46:26,UNVR,RG,4820,8,D,CS,BQ,D
13:46:13,UNVR,RG,4810,2,D,LG,CS,F
13:46:11,UNVR,RG,4810,32,D,LG,BK,F
13:45:31,UNVR,RG,4810,34,D,LG,CS,F
13:45:30,UNVR,RG,4810,3,D,LG,AK,F
13:45:15,UNVR,RG,4820,5,F,AK,BQ,D
13:45:12,UNVR,RG,4810,15,D,LG,PD,D
13:45:01,UNVR,RG,4810,2,D,LG,OD,D
13:45:00,UNVR,RG,4810,2,D,LG,AK,F
13:45:00,UNVR,RG,4810,3,D,LG,AK,F
13:45:00,UNVR,RG,4820,1,F,AK,BQ,D
13:44:42,UNVR,RG,4820,1,F,AK,BQ,D
13:44:41,UNVR,RG,4810,44,D,LG,BK,F
13:44:28,UNVR,RG,4810,1,D,LG,XA,D
13:44:14,UNVR,RG,4810,1,D,LG,YB,D
13:44:09,UNVR,RG,4810,2,D,LG,CS,F
13:44:00,UNVR,RG,4820,4,F,AK,BQ,D
13:43:50,UNVR,RG,4820,173,D,EP,BQ,D
13:43:50,UNVR,RG,4820,1,D,EP,PD,D
13:43:50,UNVR,RG,4820,1,D,EP,CC,D
13:43:50,UNVR,RG,4820,37,D,EP,LG,D
13:43:45,UNVR,RG,4820,1,F,AK,LG,D
13:43:34,UNVR,RG,4810,31,D,LG,BK,F
13:43:33,UNVR,RG,4810,4,D,LG,AK,F
13:43:28,UNVR,RG,4820,8,D,CS,LG,D
13:43:18,UNVR,RG,4820,1,F,AK,LG,D
13:43:00,UNVR,RG,4810,18,D,LG,YU,F
13:42:45,UNVR,RG,4820,3,F,AK,LG,D
13:42:30,UNVR,RG,4820,2,F,AK,BK,F
13:42:19,UNVR,RG,4820,21,D,YP,BK,F
13:42:15,UNVR,RG,4820,2,F,AK,BK,F
13:42:06,UNVR,RG,4810,2,D,LG,CS,F
13:41:58,UNVR,RG,4820,1,D,PD,BK,F
13:41:57,UNVR,RG,4810,34,D,LG,CS,F
13:41:56,UNVR,RG,4820,10,D,DR,BK,F
13:41:51,UNVR,RG,4820,6,D,YP,BK,F
13:41:51,UNVR,RG,4820,98,D,YP,DR,D
13:41:50,UNVR,RG,4810,2,D,LG,XC,D
13:41:48,UNVR,RG,4820,3,F,AK,DR,D
13:41:11,UNVR,RG,4810,24,D,LG,BK,F
13:40:34,UNVR,RG,4820,8,D,CS,DR,D
13:40:02,UNVR,RG,4810,2,D,LG,CS,F
13:39:55,UNVR,RG,4810,1,D,LG,XL,D
13:39:32,UNVR,RG,4810,50,D,LG,YP,D
13:39:26,UNVR,RG,4810,90,D,LG,XA,D
13:39:26,UNVR,RG,4810,20,D,NI,XA,D
13:39:26,UNVR,RG,4810,40,D,OD,XA,D
13:38:21,UNVR,RG,4810,35,D,OD,CS,F
13:38:12,UNVR,RG,4820,24,D,PD,DR,D
13:37:56,UNVR,RG,4810,2,D,OD,CS,F
13:37:33,UNVR,RG,4820,12,D,NI,DR,D
13:37:33,UNVR,RG,4810,1,D,OD,YP,D
13:37:30,UNVR,RG,4820,8,D,CS,DR,D
13:37:25,UNVR,RG,4810,20,D,OD,PD,D
13:36:43,UNVR,RG,4820,1,D,PD,DR,D
13:35:51,UNVR,RG,4820,1,D,YP,DR,D
13:35:50,UNVR,RG,4810,2,D,OD,CS,F
13:35:40,UNVR,RG,4810,2,D,OD,PD,D
13:35:16,UNVR,RG,4810,1,D,OD,XL,D
13:35:12,UNVR,RG,4810,3,D,OD,NI,D
13:35:12,UNVR,RG,4810,41,F,ZP,NI,D
13:35:07,UNVR,RG,4820,158,F,AK,DR,D
13:35:07,UNVR,RG,4820,50,D,EP,DR,D
13:34:58,UNVR,RG,4810,20,F,ZP,KK,D
13:34:44,UNVR,RG,4810,21,F,ZP,XC,D
13:34:34,UNVR,RG,4810,20,F,ZP,CS,F
13:34:23,UNVR,RG,4810,1,F,ZP,PD,D
13:34:15,UNVR,RG,4810,1,F,ZP,XC,D
13:34:15,UNVR,RG,4810,29,F,ZP,XC,D
13:33:50,UNVR,RG,4820,20,D,KK,DR,D
13:33:43,UNVR,RG,4820,24,D,PD,DR,D
13:33:33,UNVR,RG,4820,10,D,NI,DR,D
13:33:17,UNVR,RG,4810,2,F,ZP,CS,F
13:32:18,UNVR,RG,4810,20,F,ZP,CS,F
13:32:05,UNVR,RG,4810,1,F,ZP,CS,F
13:31:38,UNVR,RG,4820,3,D,GR,DR,D
13:31:38,UNVR,RG,4820,1,D,GR,XC,D
13:31:38,UNVR,RG,4820,20,D,GR,CP,D
13:31:38,UNVR,RG,4820,6,D,GR,BQ,D
13:31:22,UNVR,RG,4810,1,F,ZP,YP,D
13:31:05,UNVR,RG,4810,1,F,ZP,CS,F
13:31:00,UNVR,RG,4810,1,F,ZP,CC,D
13:30:15,UNVR,RG,4810,29,F,ZP,OD,D
13:30:08,UNVR,RG,4820,2,D,YP,BQ,D
13:30:05,UNVR,RG,4820,1,D,XL,BQ,D
13:30:05,UNVR,RG,4810,11,F,ZP,AK,F
13:30:04,UNVR,RG,4810,10,F,ZP,XL,D
13:30:04,UNVR,RG,4820,2,D,XL,BQ,D
13:30:04,UNVR,RG,4810,2,F,ZP,XC,D
13:30:03,UNVR,RG,4810,3,F,ZP,XC,D
13:30:03,UNVR,RG,4820,16,F,AK,BQ,D
13:30:03,UNVR,RG,4810,43,F,ZP,ZP,F
13:30:03,UNVR,RG,4810,10,F,ZP,AK,F
13:30:03,UNVR,RG,4810,1,F,ZP,XC,D
13:30:03,UNVR,RG,4810,9,F,ZP,AK,F
13:30:03,UNVR,RG,4810,15,F,ZP,YU,F
13:30:03,UNVR,RG,4810,2,F,ZP,XC,D
13:30:03,UNVR,RG,4810,14,F,ZP,XC,D
13:30:03,UNVR,RG,4810,1,F,ZP,XC,D
13:30:03,UNVR,RG,4810,1,F,ZP,XC,D
13:30:03,UNVR,RG,4810,2,F,ZP,XL,D
13:30:02,UNVR,RG,4810,3,F,ZP,XC,D
13:30:02,UNVR,RG,4810,1,F,ZP,XC,D
13:30:02,UNVR,RG,4810,10,F,ZP,CC,D
13:30:02,UNVR,RG,4810,11,F,ZP,XL,D
13:30:02,UNVR,RG,4810,15,F,ZP,CC,D
13:30:02,UNVR,RG,4810,2,F,ZP,YP,D
13:30:02,UNVR,RG,4820,1,D,XL,BQ,D
13:30:02,UNVR,RG,4820,2,D,PD,BQ,D
13:30:01,UNVR,RG,4810,3,F,ZP,PD,D
13:30:01,UNVR,RG,4810,2,F,ZP,PD,D
13:30:01,UNVR,RG,4810,2,F,ZP,PD,D
13:30:01,UNVR,RG,4810,50,F,ZP,PD,D
13:30:01,UNVR,RG,4810,1,F,ZP,PD,D
13:30:01,UNVR,RG,4820,50,D,PD,BQ,D
13:30:01,UNVR,RG,4810,1,F,ZP,PD,D
13:30:01,UNVR,RG,4810,7,F,ZP,PD,D
13:30:01,UNVR,RG,4810,1,F,ZP,PD,D
13:30:01,UNVR,RG,4810,10,F,ZP,PD,D
13:30:01,UNVR,RG,4810,2,F,ZP,PD,D
13:30:01,UNVR,RG,4810,11,F,ZP,PD,D
13:30:01,UNVR,RG,4810,96,F,ZP,ZP,D
13:30:01,UNVR,RG,4810,24,D,PD,ZP,D
13:30:01,UNVR,RG,4810,3,F,ZP,ZP,D
13:30:01,UNVR,RG,4810,10,D,PD,ZP,D
13:30:01,UNVR,RG,4810,5,D,PD,ZP,D
13:30:01,UNVR,RG,4810,1,D,YP,ZP,D
13:30:01,UNVR,RG,4810,2,D,PD,ZP,D
13:30:01,UNVR,RG,4810,15,F,ZP,ZP,D
13:30:01,UNVR,RG,4810,4,D,XC,ZP,D
13:30:01,UNVR,RG,4810,7,D,XC,ZP,D
13:30:01,UNVR,RG,4810,1,D,OD,PD,D
13:30:01,UNVR,RG,4810,23,D,YP,PD,D
13:30:01,UNVR,RG,4810,76,D,YP,PD,D
13:30:01,UNVR,RG,4810,24,D,PD,PD,D
13:30:01,UNVR,RG,4820,10,D,PD,BQ,D
13:30:01,UNVR,RG,4810,2,D,YP,LG,D
13:30:01,UNVR,RG,4810,5,D,YP,KK,D
13:30:01,UNVR,RG,4810,15,D,YP,PD,D
13:30:01,UNVR,RG,4810,4,D,YP,PD,D
13:30:01,UNVR,RG,4810,1,D,ZP,PD,D
13:30:01,UNVR,RG,4810,4,D,ZP,PD,D
13:30:01,UNVR,RG,4810,1,D,ZP,SQ,D
13:30:01,UNVR,RG,4810,6,D,ZP,DH,D
13:30:01,UNVR,RG,4810,2,D,ZP,AZ,D
13:30:01,UNVR,RG,4810,3,D,ZP,DH,D
13:30:01,UNVR,RG,4810,3,D,ZP,EP,D
13:30:01,UNVR,RG,4810,1,D,YP,CP,D
13:30:01,UNVR,RG,4810,2,D,PD,CP,D
13:30:01,UNVR,RG,4810,8,F,ZP,CP,D
13:30:01,UNVR,RG,4810,5,F,ZP,IF,D
13:30:01,UNVR,RG,4810,1,F,ZP,EP,D
13:30:01,UNVR,RG,4810,1,F,ZP,EP,D
13:30:01,UNVR,RG,4810,55,F,ZP,ZP,D
13:30:01,UNVR,RG,4810,1,F,ZP,CP,D
11:29:54,UNVR,RG,4810,9,F,ZP,KK,D
11:29:53,UNVR,RG,4810,4,F,ZP,ZP,F
11:29:53,UNVR,RG,4820,8,D,BB,BQ,D
11:29:48,UNVR,RG,4820,1,F,AK,BQ,D
11:29:46,UNVR,RG,4820,24,D,BB,BQ,D
11:29:44,UNVR,RG,4810,14,F,ZP,BK,F
11:29:43,UNVR,RG,4810,2,F,ZP,ZP,F
11:29:43,UNVR,RG,4810,1,F,ZP,AK,F
11:29:42,UNVR,RG,4820,8,D,BB,BQ,D
11:29:36,UNVR,RG,4810,2,F,ZP,ZP,F
11:29:36,UNVR,RG,4820,19,D,BB,BQ,D
11:29:33,UNVR,RG,4810,2,F,ZP,ZP,F
11:29:33,UNVR,RG,4820,3,D,BB,BQ,D
11:29:26,UNVR,RG,4820,6,D,BB,BQ,D
11:29:26,UNVR,RG,4810,14,F,ZP,BK,F
11:29:24,UNVR,RG,4810,2,F,ZP,ZP,F
11:29:23,UNVR,RG,4820,18,D,BB,BQ,D
11:29:16,UNVR,RG,4810,13,F,ZP,ZP,F
11:29:16,UNVR,RG,4820,18,D,BB,BQ,D
11:29:14,UNVR,RG,4810,4,F,ZP,AK,F
11:29:12,UNVR,RG,4820,40,D,BB,BQ,D
11:29:06,UNVR,RG,4820,106,D,OD,BQ,D
11:29:03,UNVR,RG,4810,13,F,ZP,BK,F
11:29:03,UNVR,RG,4820,2,F,AK,BQ,D
11:29:02,UNVR,RG,4810,3,F,ZP,ZP,F
11:29:02,UNVR,RG,4820,4,D,BB,BQ,D
11:28:59,UNVR,RG,4810,1,F,ZP,AK,F
11:28:59,UNVR,RG,4810,1,F,ZP,AK,F
11:28:59,UNVR,RG,4820,22,D,BB,BQ,D
11:28:58,UNVR,RG,4820,5,D,BB,BQ,D
11:28:58,UNVR,RG,4810,1,F,ZP,XC,D
11:28:51,UNVR,RG,4810,3,F,ZP,ZP,F
11:28:47,UNVR,RG,4820,8,D,BB,BQ,D
11:28:47,UNVR,RG,4810,14,F,ZP,BK,F
11:28:44,UNVR,RG,4810,5,F,ZP,ZP,F
11:28:44,UNVR,RG,4820,8,D,BB,BQ,D
11:28:37,UNVR,RG,4820,56,D,BB,BQ,D
11:28:37,UNVR,RG,4820,3,D,BB,BQ,D
11:28:33,UNVR,RG,4810,22,D,PD,ZP,F
11:28:33,UNVR,RG,4820,1,F,AK,BQ,D
11:28:29,UNVR,RG,4820,18,D,BB,BQ,D
11:28:27,UNVR,RG,4810,2,D,PD,BK,F
11:28:27,UNVR,RG,4810,11,F,ZP,BK,F
11:28:26,UNVR,RG,4810,16,F,ZP,DR,D
11:28:26,UNVR,RG,4810,5,F,ZP,DR,D
11:28:26,UNVR,RG,4810,129,F,ZP,CC,D
11:28:26,UNVR,RG,4810,89,F,CS,CC,D
11:28:25,UNVR,RG,4820,9,D,BB,BQ,D
11:28:18,UNVR,RG,4810,4,F,CS,ZP,F
11:28:18,UNVR,RG,4820,2,D,BB,BQ,D
11:28:18,UNVR,RG,4820,1,F,AK,BQ,D
11:28:14,UNVR,RG,4820,6,D,BB,BQ,D
11:28:14,UNVR,RG,4820,5,D,BB,BQ,D
11:28:14,UNVR,RG,4810,5,F,CS,AK,F
11:28:14,UNVR,RG,4810,1,F,CS,AK,F
11:28:08,UNVR,RG,4820,9,D,BB,BQ,D
11:28:08,UNVR,RG,4820,2,D,BB,ZP,F
11:28:06,UNVR,RG,4810,2,F,CS,ZP,F
11:28:06,UNVR,RG,4810,13,F,CS,BK,F
11:27:58,UNVR,RG,4810,1,F,CS,AK,F
11:27:57,UNVR,RG,4810,5,F,CS,ZP,F
11:27:57,UNVR,RG,4820,9,D,BB,ZP,F
11:27:57,UNVR,RG,4820,1,D,BB,AK,F
11:27:57,UNVR,RG,4820,2,D,BB,AK,F
11:27:57,UNVR,RG,4820,2,D,BB,AK,F
11:27:57,UNVR,RG,4820,2,D,BB,CS,F
11:27:49,UNVR,RG,4810,2,F,CS,AK,F
11:27:48,UNVR,RG,4820,1,D,BB,CS,F
11:27:48,UNVR,RG,4820,3,D,BB,BK,F
11:27:48,UNVR,RG,4810,39,F,CS,CC,D
11:27:46,UNVR,RG,4820,6,D,BB,BK,F
11:27:46,UNVR,RG,4810,1,F,CS,ZP,F
11:27:46,UNVR,RG,4810,1,F,CS,PD,D
11:27:44,UNVR,RG,4810,2,F,CS,AK,F
11:27:44,UNVR,RG,4810,1,F,CS,AK,F
11:27:38,UNVR,RG,4810,2,F,CS,ZP,F
11:27:38,UNVR,RG,4820,8,D,BB,BK,F
11:27:36,UNVR,RG,4810,4,F,CS,PD,D
11:27:33,UNVR,RG,4820,3,D,BB,BK,F
11:27:29,UNVR,RG,4810,1,F,CS,AK,F
11:27:29,UNVR,RG,4810,1,F,CS,AK,F
11:27:29,UNVR,RG,4810,1,F,CS,AK,F
11:27:29,UNVR,RG,4810,2,F,CS,ZP,F
11:27:29,UNVR,RG,4820,6,D,BB,BK,F
11:27:17,UNVR,RG,4810,14,F,CS,BK,F
11:27:15,UNVR,RG,4810,1,F,CS,AK,F
11:27:14,UNVR,RG,4810,1,F,CS,ZP,F
11:27:14,UNVR,RG,4810,1,F,CS,AK,F
11:27:10,UNVR,RG,4810,2,F,CS,AK,F
11:27:10,UNVR,RG,4820,1,D,KK,BK,F
11:27:07,UNVR,RG,4810,1,F,CS,AK,F
11:27:06,UNVR,RG,4810,2,F,CS,ZP,F
11:27:06,UNVR,RG,4810,3,F,CS,LG,D
11:26:58,UNVR,RG,4810,2,F,CS,AK,F
11:26:58,UNVR,RG,4810,14,F,CS,BK,F
11:26:53,UNVR,RG,4810,3,F,CS,ZP,F
11:26:53,UNVR,RG,4810,1,F,CS,CS,F
11:26:39,UNVR,RG,4810,1,F,CS,AK,F
11:26:38,UNVR,RG,4810,15,F,CS,BK,F
11:26:26,UNVR,RG,4810,1,F,CS,ZP,F
11:26:26,UNVR,RG,4820,1,D,MK,BK,F
11:26:14,UNVR,RG,4810,1,F,CS,ZP,F
11:26:14,UNVR,RG,4810,15,F,CS,BK,F
11:26:11,UNVR,RG,4810,1,F,CS,CC,D
11:26:09,UNVR,RG,4810,5,F,CS,ZP,F
11:25:57,UNVR,RG,4820,10,D,CC,BK,F
11:25:55,UNVR,RG,4810,40,F,CS,PD,D
11:25:52,UNVR,RG,4810,2,F,CS,ZP,F
11:25:52,UNVR,RG,4810,1,F,CS,CS,F
11:25:43,UNVR,RG,4810,15,F,CS,BK,F
11:25:43,UNVR,RG,4810,2,F,CS,AK,F
11:25:41,UNVR,RG,4810,3,F,CS,ZP,F
11:25:40,UNVR,RG,4810,10,F,CS,AI,D
11:25:21,UNVR,RG,4810,13,F,CS,BK,F
11:25:17,UNVR,RG,4810,2,F,CS,ZP,F
11:25:13,UNVR,RG,4810,4,F,CS,KK,D
11:25:13,UNVR,RG,4810,1,F,CS,AK,F
11:25:13,UNVR,RG,4810,8,F,CS,KK,D
11:25:08,UNVR,RG,4810,5,F,CS,YP,D
11:25:04,UNVR,RG,4810,2,F,CS,ZP,F
11:25:04,UNVR,RG,4810,1,F,CS,YP,D
11:25:00,UNVR,RG,4810,18,F,CS,BK,F
11:24:59,UNVR,RG,4810,9,F,CS,AK,F
11:24:59,UNVR,RG,4810,2,F,CS,ZP,F
11:24:55,UNVR,RG,4810,3,F,CS,AK,F
11:24:53,UNVR,RG,4810,1,F,CS,CS,F
11:24:46,UNVR,RG,4810,2,F,CS,ZP,F
11:24:44,UNVR,RG,4810,2,F,CS,AK,F
11:24:39,UNVR,RG,4810,15,F,CS,BK,F
11:24:34,UNVR,RG,4810,19,F,CS,ZP,F
11:24:34,UNVR,RG,4810,5,F,CS,AK,F
11:24:29,UNVR,RG,4810,14,F,CS,NI,D
11:24:28,UNVR,RG,4810,13,F,CS,BK,F
11:24:28,UNVR,RG,4810,1,D,PD,BK,F
11:24:28,UNVR,RG,4810,1,F,AK,BK,F
11:24:22,UNVR,RG,4810,3,F,AK,BB,F
11:24:20,UNVR,RG,4810,219,F,ZP,ZP,F
11:24:20,UNVR,RG,4810,1,F,ZP,ZP,F
11:24:19,UNVR,RG,4810,2,F,ZP,YP,D
11:24:14,UNVR,RG,4810,3,F,ZP,AK,F
11:24:14,UNVR,RG,4810,3,F,ZP,ZP,F
11:24:10,UNVR,RG,4810,1,F,ZP,AK,F
11:24:03,UNVR,RG,4810,15,F,ZP,BK,F
11:24:03,UNVR,RG,4810,2,F,YU,BK,F
11:24:00,UNVR,RG,4810,1,F,YU,AK,F
11:23:59,UNVR,RG,4810,1,F,YU,ZP,F
11:23:59,UNVR,RG,4810,3,F,YU,AK,F
11:23:52,UNVR,RG,4810,1,F,YU,CS,F
11:23:51,UNVR,RG,4810,3,F,YU,ZP,F
11:23:43,UNVR,RG,4810,2,F,YU,AK,F
11:23:42,UNVR,RG,4810,13,F,YU,BK,F
11:23:40,UNVR,RG,4810,1,F,YU,AK,F
11:23:40,UNVR,RG,4810,6,F,YU,ZP,F
11:23:27,UNVR,RG,4810,2,F,YU,ZP,F
11:23:27,UNVR,RG,4810,5,F,YU,XC,D
11:23:19,UNVR,RG,4810,4,F,YU,ZP,F
11:23:19,UNVR,RG,4810,1,F,YU,AK,F
11:23:10,UNVR,RG,4810,18,F,YU,ZP,F
11:23:02,UNVR,RG,4810,2,F,YU,BK,F
11:23:02,UNVR,RG,4810,22,F,ZP,BK,F
11:22:58,UNVR,RG,4810,1,F,ZP,AK,F
11:22:51,UNVR,RG,4810,11,F,ZP,ZP,F
11:22:51,UNVR,RG,4810,1,D,SQ,ZP,F
11:22:51,UNVR,RG,4810,1,D,XC,CS,F
11:22:48,UNVR,RG,4810,1,D,XC,LG,D
11:22:48,UNVR,RG,4810,5,D,PD,LG,D
11:22:48,UNVR,RG,4810,2,F,ZP,LG,D
11:22:48,UNVR,RG,4810,1,D,YP,LG,D
11:22:43,UNVR,RG,4810,1,F,ZP,ZP,F
11:22:43,UNVR,RG,4810,5,F,AK,ZP,F
11:22:43,UNVR,RG,4810,10,F,YU,ZP,F
11:22:43,UNVR,RG,4810,14,F,YU,BK,F
11:22:33,UNVR,RG,4820,10,D,NI,BK,F
11:22:29,UNVR,RG,4810,15,F,YU,ZP,F
11:22:29,UNVR,RG,4810,9,F,YU,AK,F
11:22:19,UNVR,RG,4810,11,F,YU,ZP,F
11:22:10,UNVR,RG,4810,18,F,YU,ZP,F
11:22:10,UNVR,RG,4810,2,F,YU,AK,F
11:22:04,UNVR,RG,4820,11,D,NI,BK,F
11:22:04,UNVR,RG,4820,10,D,NI,DR,D
11:22:04,UNVR,RG,4820,22,D,NI,YU,F
11:22:04,UNVR,RG,4820,16,D,NI,ZP,F
11:21:59,UNVR,RG,4810,8,F,YU,ZP,F
11:21:59,UNVR,RG,4810,5,F,YU,NI,D
11:21:52,UNVR,RG,4810,10,F,YU,BK,F
11:21:52,UNVR,RG,4810,5,D,CC,BK,F
11:21:52,UNVR,RG,4810,5,F,AK,BK,F
11:21:52,UNVR,RG,4810,2,F,YU,BK,F
11:21:52,UNVR,RG,4810,3,F,YU,YP,D
11:21:49,UNVR,RG,4810,10,F,YU,ZP,F
11:21:49,UNVR,RG,4810,1,F,YU,CS,F
11:21:48,UNVR,RG,4820,5,F,AK,ZP,F
11:21:42,UNVR,RG,4810,2,F,YU,YP,D
11:21:42,UNVR,RG,4810,2,F,YU,AK,F
11:21:42,UNVR,RG,4810,2,F,ZP,AK,F
11:21:41,UNVR,RG,4810,12,F,ZP,ZP,F
11:21:34,UNVR,RG,4810,9,F,ZP,ZP,F
11:21:34,UNVR,RG,4810,3,F,ZP,AK,F
11:21:25,UNVR,RG,4810,12,F,ZP,ZP,F
11:21:18,UNVR,RG,4820,2,F,AK,ZP,F
11:21:15,UNVR,RG,4820,1,D,BB,ZP,F
11:21:15,UNVR,RG,4810,39,F,ZP,ZP,F
11:21:10,UNVR,RG,4810,31,F,ZP,BK,F
11:21:03,UNVR,RG,4810,65,F,ZP,XC,D
11:21:00,UNVR,RG,4820,255,F,AK,ZP,F
11:21:00,UNVR,RG,4810,12,F,ZP,ZP,F
11:20:49,UNVR,RG,4810,17,F,ZP,ZP,F
11:20:49,UNVR,RG,4810,2,F,ZP,AK,F
11:20:48,UNVR,RG,4820,2,F,AK,ZP,F
11:20:43,UNVR,RG,4810,4,F,ZP,AK,F
11:20:37,UNVR,RG,4810,12,F,ZP,ZP,F
11:20:30,UNVR,RG,4810,17,F,ZP,ZP,F
11:20:14,UNVR,RG,4810,10,F,ZP,ZP,F
11:20:14,UNVR,RG,4810,3,F,ZP,AK,F
11:20:05,UNVR,RG,4810,13,F,ZP,ZP,F
11:20:05,UNVR,RG,4810,2,F,ZP,CS,F
11:19:54,UNVR,RG,4810,17,F,ZP,ZP,F
11:19:54,UNVR,RG,4810,31,F,ZP,BK,F
11:19:49,UNVR,RG,4810,2,F,ZP,AK,F
11:19:43,UNVR,RG,4810,2,F,ZP,AK,F
11:19:37,UNVR,RG,4810,21,F,ZP,ZP,F
11:19:37,UNVR,RG,4810,15,F,ZP,YP,D
11:19:22,UNVR,RG,4810,7,F,ZP,ZP,F
11:19:22,UNVR,RG,4820,6,D,PD,ZP,F
11:19:22,UNVR,RG,4820,2,D,PD,XL,D
11:19:22,UNVR,RG,4820,1,D,PD,XC,D
11:19:22,UNVR,RG,4820,1,D,PD,XL,D
11:19:22,UNVR,RG,4820,5,D,PD,NI,D
11:19:22,UNVR,RG,4820,9,D,PD,MG,D
11:19:14,UNVR,RG,4810,8,F,ZP,ZP,F
11:19:14,UNVR,RG,4810,4,F,ZP,AK,F
11:19:10,UNVR,RG,4810,9,F,ZP,ZP,F
11:19:10,UNVR,RG,4810,6,F,ZP,AK,F
11:18:49,UNVR,RG,4810,5,F,ZP,ZP,F
11:18:49,UNVR,RG,4810,22,F,ZP,BK,F
11:18:42,UNVR,RG,4810,3,F,ZP,AK,F
11:18:42,UNVR,RG,4810,46,F,ZP,ZP,F
11:18:42,UNVR,RG,4820,1,D,XC,MG,D
11:18:29,UNVR,RG,4820,6,F,AK,MG,D
11:18:28,UNVR,RG,4810,3,F,ZP,ZP,F
11:18:28,UNVR,RG,4810,2,F,ZP,AK,F
11:18:28,UNVR,RG,4810,286,F,ZP,PD,D
11:18:15,UNVR,RG,4810,4,F,ZP,ZP,F
11:18:15,UNVR,RG,4810,2,F,ZP,CS,F
11:18:15,UNVR,RG,4810,2,F,ZP,BB,F
11:18:14,UNVR,RG,4810,10,F,ZP,ZP,F
11:18:14,UNVR,RG,4810,3,F,ZP,AK,F
11:17:58,UNVR,RG,4820,3,D,YP,MG,D
11:17:55,UNVR,RG,4810,10,F,ZP,ZP,F
11:17:55,UNVR,RG,4810,2,F,ZP,AK,F
11:17:49,UNVR,RG,4810,2,F,ZP,AK,F
11:17:44,UNVR,RG,4820,1,D,PD,MG,D
11:17:44,UNVR,RG,4810,11,F,ZP,ZP,F
11:17:44,UNVR,RG,4810,4,F,ZP,AK,F
11:17:37,UNVR,RG,4820,2,F,ZP,MG,D
11:17:37,UNVR,RG,4820,9,F,ZP,MG,D
11:17:36,UNVR,RG,4810,30,F,ZP,YP,D
11:17:34,UNVR,RG,4810,8,F,ZP,ZP,F
11:17:34,UNVR,RG,4820,24,D,PD,MG,D
11:17:18,UNVR,RG,4810,32,F,ZP,BK,F
11:17:17,UNVR,RG,4810,6,F,ZP,ZP,F
11:17:05,UNVR,RG,4810,5,F,ZP,ZP,F
11:17:05,UNVR,RG,4820,1,D,XC,MG,D
11:16:59,UNVR,RG,4810,5,F,ZP,AK,F
11:16:57,UNVR,RG,4810,6,F,ZP,ZP,F
11:16:57,UNVR,RG,4810,1,F,ZP,XC,D
11:16:40,UNVR,RG,4810,5,F,ZP,ZP,F
11:16:39,UNVR,RG,4820,5,D,YP,MG,D
11:16:35,UNVR,RG,4810,3,F,ZP,YP,D
11:16:29,UNVR,RG,4810,4,F,ZP,AK,F
11:16:20,UNVR,RG,4810,3,F,ZP,ZP,F
11:16:17,UNVR,RG,4810,5,F,ZP,ZP,F
11:16:17,UNVR,RG,4820,2,D,PD,MG,D
11:16:10,UNVR,RG,4810,2,F,ZP,CS,F
11:16:04,UNVR,RG,4810,12,F,ZP,ZP,F
11:16:04,UNVR,RG,4810,2,F,ZP,AK,F
11:15:51,UNVR,RG,4820,28,F,ZP,MG,D
11:15:51,UNVR,RG,4810,3,F,ZP,ZP,F
11:15:51,UNVR,RG,4810,30,F,ZP,PD,D
11:15:51,UNVR,RG,4810,13,F,ZP,PD,D
11:15:51,UNVR,RG,4810,27,D,YP,PD,D
11:15:41,UNVR,RG,4820,1,F,ZP,MG,D
11:15:40,UNVR,RG,4820,3,F,ZP,MG,D
11:15:40,UNVR,RG,4820,1,F,ZP,MG,D
11:15:40,UNVR,RG,4810,10,D,YP,ZP,F
11:15:40,UNVR,RG,4810,2,D,YP,AK,F
11:15:33,UNVR,RG,4820,1,F,ZP,MG,D
11:15:32,UNVR,RG,4820,18,F,ZP,MG,D
11:15:32,UNVR,RG,4810,45,D,YP,PD,D
11:15:30,UNVR,RG,4820,8,F,ZP,MG,D
11:15:29,UNVR,RG,4820,20,F,ZP,MG,D
11:15:24,UNVR,RG,4810,1,D,YP,ZP,F
11:15:14,UNVR,RG,4820,1,F,ZP,MG,D
11:15:14,UNVR,RG,4820,2,F,ZP,MG,D
11:15:13,UNVR,RG,4810,2,D,YP,ZP,F
11:15:13,UNVR,RG,4810,3,D,YP,AK,F
11:15:01,UNVR,RG,4820,2,F,ZP,MG,D
11:15:00,UNVR,RG,4810,5,D,YP,XL,D
11:15:00,UNVR,RG,4820,1,F,ZP,MG,D
11:14:55,UNVR,RG,4810,3,D,YP,ZP,F
11:14:49,UNVR,RG,4810,1,D,YP,PD,D
11:14:48,UNVR,RG,4820,2,F,ZP,MG,D
11:14:48,UNVR,RG,4820,3,F,AK,MG,D
11:14:45,UNVR,RG,4820,2,F,ZP,MG,D
11:14:44,UNVR,RG,4810,1,D,YP,AK,F
11:14:44,UNVR,RG,4810,1,D,LG,AK,F
11:14:44,UNVR,RG,4810,1,D,XC,AK,F
11:14:44,UNVR,RG,4810,2,F,ZP,AK,F
11:14:40,UNVR,RG,4820,1,F,ZP,MG,D
11:14:37,UNVR,RG,4810,1,D,PD,NI,D
11:14:37,UNVR,RG,4810,3,D,YP,NI,D
11:14:30,UNVR,RG,4820,2,F,ZP,MG,D
11:14:29,UNVR,RG,4810,3,D,YP,AK,F
11:14:12,UNVR,RG,4820,2,F,ZP,MG,D
11:14:12,UNVR,RG,4820,5,D,YP,MG,D
11:14:09,UNVR,RG,4820,1,F,ZP,MG,D
11:14:08,UNVR,RG,4810,2,D,YP,CS,F
11:13:55,UNVR,RG,4810,1,D,YP,ZP,F
11:13:55,UNVR,RG,4820,1,F,ZP,MG,D
11:13:50,UNVR,RG,4810,1,D,YP,ZP,F
11:13:50,UNVR,RG,4810,1,D,XC,ZP,F
11:13:45,UNVR,RG,4820,1,F,ZP,MG,D
11:13:45,UNVR,RG,4810,2,D,SQ,AK,F
11:13:44,UNVR,RG,4820,1,F,ZP,MG,D
11:13:44,UNVR,RG,4810,4,D,PD,AK,F
11:13:26,UNVR,RG,4820,1,F,ZP,MG,D
11:13:26,UNVR,RG,4810,1,D,PD,ZP,F
11:13:25,UNVR,RG,4820,1,F,ZP,MG,D
11:13:25,UNVR,RG,4820,2,F,ZP,MG,D
11:13:25,UNVR,RG,4810,2,D,PD,AK,F
11:13:20,UNVR,RG,4810,4,D,PD,XL,D
11:13:20,UNVR,RG,4810,1,D,GR,XL,D
11:13:18,UNVR,RG,4820,1,F,ZP,MG,D
11:13:18,UNVR,RG,4810,1,D,NI,ZP,F
11:13:18,UNVR,RG,4820,3,F,AK,MG,D
11:13:02,UNVR,RG,4820,1,F,ZP,MG,D
11:13:02,UNVR,RG,4810,1,D,YP,ZP,F
11:13:02,UNVR,RG,4810,1,D,YP,ZP,F
11:12:50,UNVR,RG,4820,1,F,ZP,MG,D
11:12:49,UNVR,RG,4820,1,D,CC,MG,D
11:12:45,UNVR,RG,4810,2,D,YP,ZP,F
11:12:45,UNVR,RG,4820,1,F,ZP,MG,D
11:12:44,UNVR,RG,4820,10,F,ZP,MG,D
11:12:44,UNVR,RG,4810,5,D,YP,AK,F
11:12:44,UNVR,RG,4810,1,D,PD,AK,F
11:12:44,UNVR,RG,4820,8,F,ZP,MG,D
11:12:44,UNVR,RG,4820,1,F,ZP,PD,D
11:12:44,UNVR,RG,4820,5,F,ZP,GR,D
11:12:44,UNVR,RG,4820,4,F,ZP,CD,D
11:12:35,UNVR,RG,4820,2,F,ZP,CD,D
11:12:35,UNVR,RG,4820,8,F,ZP,CD,D
11:12:35,UNVR,RG,4820,1,F,ZP,CD,D
11:12:34,UNVR,RG,4820,24,D,PD,CD,D
11:12:31,UNVR,RG,4810,3,D,PD,PD,D
11:12:00,UNVR,RG,4820,2,F,ZP,CD,D
11:11:58,UNVR,RG,4810,5,D,PD,AK,F
11:11:58,UNVR,RG,4820,1,F,ZP,CD,D
11:11:58,UNVR,RG,4810,2,D,PD,CS,F
11:11:33,UNVR,RG,4820,1,F,ZP,CD,D
11:11:33,UNVR,RG,4820,3,F,AK,CD,D
11:11:05,UNVR,RG,4820,2,F,ZP,CD,D
11:11:00,UNVR,RG,4820,5,D,YP,CD,D
11:10:00,UNVR,RG,4820,1,F,ZP,CD,D
11:09:59,UNVR,RG,4820,1,D,CC,CD,D
11:09:58,UNVR,RG,4820,1,F,ZP,CD,D
11:09:58,UNVR,RG,4810,2,D,PD,CS,F
11:09:54,UNVR,RG,4810,1,D,PD,XC,D
11:09:35,UNVR,RG,4820,1,F,ZP,CD,D
11:09:31,UNVR,RG,4820,2,D,CC,CD,D
11:09:10,UNVR,RG,4820,8,F,ZP,CD,D
11:09:10,UNVR,RG,4820,19,F,ZP,CD,D
11:08:31,UNVR,RG,4820,1,F,ZP,CD,D
11:08:30,UNVR,RG,4810,2,D,PD,PD,D
11:08:14,UNVR,RG,4820,1,D,YP,CD,D
11:07:59,UNVR,RG,4820,1,F,ZP,CD,D
11:07:58,UNVR,RG,4810,2,D,PD,CS,F
11:07:42,UNVR,RG,4820,1,D,NI,CD,D
11:07:34,UNVR,RG,4820,1,F,ZP,CD,D
11:07:34,UNVR,RG,4820,12,F,ZP,CD,D
11:07:34,UNVR,RG,4810,20,D,PD,NI,D
11:07:33,UNVR,RG,4820,10,F,AK,CD,D
11:07:14,UNVR,RG,4820,1,D,YP,CD,D
11:07:08,UNVR,RG,4820,2,F,ZP,CD,D
11:07:08,UNVR,RG,4820,17,F,ZP,CD,D
11:07:07,UNVR,RG,4820,45,F,ZP,CD,D
11:07:01,UNVR,RG,4820,2,F,ZP,CD,D
11:07:01,UNVR,RG,4820,14,F,ZP,CD,D
11:07:01,UNVR,RG,4810,36,D,PD,ZP,F
11:07:01,UNVR,RG,4820,1,F,ZP,CD,D
11:07:00,UNVR,RG,4820,27,F,ZP,CD,D
11:07:00,UNVR,RG,4820,67,F,ZP,CD,D
11:07:00,UNVR,RG,4820,4,F,ZP,CD,D
11:06:59,UNVR,RG,4820,10,D,YP,CD,D
11:06:54,UNVR,RG,4820,1,F,ZP,CD,D
11:06:54,UNVR,RG,4820,6,F,ZP,CD,D
11:06:54,UNVR,RG,4820,10,F,ZP,CC,D
11:06:54,UNVR,RG,4820,1,F,ZP,NI,D
11:06:53,UNVR,RG,4820,1,F,AK,NI,D
11:06:53,UNVR,RG,4820,1,F,AK,PD,D
11:06:53,UNVR,RG,4820,1,F,AK,PC,D
11:06:53,UNVR,RG,4820,1,F,AK,CC,D
11:06:53,UNVR,RG,4820,2,F,AK,XC,D
11:06:53,UNVR,RG,4820,15,F,AK,YU,F
11:06:53,UNVR,RG,4820,1,F,AK,SQ,D
11:06:53,UNVR,RG,4820,54,F,ZP,SQ,D
11:06:53,UNVR,RG,4820,49,F,ZP,BK,F
11:06:53,UNVR,RG,4820,1,F,ZP,BK,F
11:06:53,UNVR,RG,4820,15,F,ZP,BK,F
11:06:53,UNVR,RG,4820,2,F,ZP,DR,D
11:06:53,UNVR,RG,4820,100,F,ZP,KK,D
11:06:53,UNVR,RG,4820,20,F,ZP,SQ,D
11:06:53,UNVR,RG,4820,2,F,ZP,AK,F
11:06:53,UNVR,RG,4820,19,F,ZP,XA,D
11:06:53,UNVR,RG,4820,21,F,ZP,XA,D
11:06:53,UNVR,RG,4820,3,F,ZP,AK,F
11:06:53,UNVR,RG,4820,11,F,ZP,AK,F
11:06:53,UNVR,RG,4820,67,F,ZP,BK,F
11:06:53,UNVR,RG,4820,2,F,ZP,AK,F
11:06:53,UNVR,RG,4820,30,F,ZP,XC,D
11:06:53,UNVR,RG,4820,250,F,ZP,BR,D
11:06:53,UNVR,RG,4820,29,F,ZP,ZP,F
11:06:53,UNVR,RG,4820,4,F,ZP,ZP,F
11:06:52,UNVR,RG,4820,32,F,AK,ZP,F
11:06:52,UNVR,RG,4810,26,D,PD,BR,D
11:06:52,UNVR,RG,4810,32,D,CC,BR,D
11:06:52,UNVR,RG,4810,998,D,CC,BR,D
11:06:05,UNVR,RG,4820,1,F,ZP,ZP,F
11:06:05,UNVR,RG,4820,1,D,PD,ZP,F
11:05:42,UNVR,RG,4820,6,F,ZP,ZP,F
11:05:42,UNVR,RG,4820,10,F,AK,ZP,F
11:05:42,UNVR,RG,4820,1,F,AK,BB,F
11:05:42,UNVR,RG,4820,4,F,AK,YP,D
11:05:42,UNVR,RG,4810,1,D,CC,XC,D
11:05:10,UNVR,RG,4820,1,F,ZP,YP,D
11:05:10,UNVR,RG,4820,2,D,YP,YP,D
11:05:08,UNVR,RG,4820,2,F,ZP,YP,D
11:05:08,UNVR,RG,4820,7,F,ZP,YP,D
11:05:08,UNVR,RG,4820,1,F,ZP,YP,D
11:05:07,UNVR,RG,4820,8,F,ZP,YP,D
11:05:07,UNVR,RG,4820,2,F,ZP,AK,F
11:05:07,UNVR,RG,4820,3,F,ZP,AK,F
11:05:07,UNVR,RG,4820,3,F,ZP,AK,F
11:05:07,UNVR,RG,4820,8,F,ZP,AK,F
11:05:07,UNVR,RG,4820,5,F,ZP,NI,D
11:05:07,UNVR,RG,4820,9,F,ZP,GR,D
11:05:07,UNVR,RG,4820,1,F,ZP,YP,D
11:05:07,UNVR,RG,4820,1,F,ZP,AT,D
11:05:07,UNVR,RG,4820,47,F,ZP,BK,F
11:05:07,UNVR,RG,4820,1,F,ZP,KK,D
11:05:07,UNVR,RG,4820,4,F,ZP,YP,D
11:05:07,UNVR,RG,4820,3,F,ZP,AK,F
11:05:07,UNVR,RG,4820,3,F,ZP,AK,F
11:05:07,UNVR,RG,4820,7,F,ZP,AK,F
11:05:07,UNVR,RG,4820,3,F,ZP,AK,F
11:05:07,UNVR,RG,4820,20,F,ZP,GR,D
11:05:07,UNVR,RG,4820,180,D,NI,GR,D
11:05:07,UNVR,RG,4820,100,D,NI,YP,D
11:05:07,UNVR,RG,4820,47,D,NI,BK,F
11:04:55,UNVR,RG,4820,4,F,ZP,BK,F
11:04:54,UNVR,RG,4810,1,D,CC,XC,D
11:04:54,UNVR,RG,4810,9,D,PD,XC,D
11:04:44,UNVR,RG,4820,2,F,ZP,BK,F
11:04:44,UNVR,RG,4810,4,D,PD,AK,F
11:04:19,UNVR,RG,4820,2,F,ZP,BK,F
11:04:19,UNVR,RG,4810,5,D,PD,AK,F
11:04:00,UNVR,RG,4820,1,F,ZP,BK,F
11:04:00,UNVR,RG,4820,2,F,ZP,BK,F
11:03:59,UNVR,RG,4820,3,F,AK,BK,F
11:03:59,UNVR,RG,4810,2,D,PD,AK,F
11:03:59,UNVR,RG,4810,2,D,PD,AK,F
11:03:59,UNVR,RG,4820,1,F,ZP,BK,F
11:03:58,UNVR,RG,4810,1,D,PD,PD,D
11:03:58,UNVR,RG,4810,1,D,YP,PD,D
11:03:42,UNVR,RG,4820,10,F,ZP,BK,F
11:03:42,UNVR,RG,4820,1,D,PD,BK,F
11:03:42,UNVR,RG,4820,1,D,PD,XC,D
11:03:42,UNVR,RG,4820,3,D,PD,CS,F
11:03:42,UNVR,RG,4820,19,D,PD,ZP,F
11:03:35,UNVR,RG,4820,10,F,ZP,ZP,F
11:03:32,UNVR,RG,4810,10,D,YP,BK,F
11:03:32,UNVR,RG,4810,1,D,YP,BK,F
11:03:32,UNVR,RG,4810,14,D,EP,BK,F
11:03:15,UNVR,RG,4820,1,F,ZP,ZP,F
11:03:14,UNVR,RG,4820,1,F,ZP,ZP,F
11:03:14,UNVR,RG,4820,2,F,ZP,XC,D
11:03:14,UNVR,RG,4820,2,F,ZP,YP,D
11:03:14,UNVR,RG,4820,6,F,AK,YP,D
11:03:14,UNVR,RG,4810,7,D,EP,AK,F
11:02:58,UNVR,RG,4820,3,F,ZP,YP,D
11:02:57,UNVR,RG,4820,39,F,ZP,YP,D
11:02:57,UNVR,RG,4820,50,D,YP,YP,D
11:02:57,UNVR,RG,4820,3,D,YP,OD,D
11:02:57,UNVR,RG,4820,34,D,YP,ZP,F
11:02:57,UNVR,RG,4820,13,D,YP,BQ,D
11:02:46,UNVR,RG,4820,4,F,ZP,BQ,D
11:02:45,UNVR,RG,4820,9,F,ZP,BQ,D
11:02:45,UNVR,RG,4820,2,F,ZP,BQ,D
11:02:45,UNVR,RG,4820,30,D,CC,BQ,D
11:02:44,UNVR,RG,4810,5,D,EP,AK,F
11:02:33,UNVR,RG,4820,1,F,ZP,BQ,D
11:02:32,UNVR,RG,4820,1,F,AK,BQ,D
11:02:32,UNVR,RG,4820,8,F,ZP,BQ,D
11:02:32,UNVR,RG,4810,14,D,EP,BK,F
11:02:32,UNVR,RG,4810,5,D,MK,BK,F
11:02:32,UNVR,RG,4810,2,D,YB,BK,F
11:02:27,UNVR,RG,4820,1,D,XC,BQ,D
11:02:14,UNVR,RG,4820,2,F,ZP,BQ,D
11:02:14,UNVR,RG,4810,3,D,YB,AK,F
11:02:10,UNVR,RG,4820,1,F,ZP,BQ,D
11:02:09,UNVR,RG,4810,3,D,YB,CS,F
11:01:48,UNVR,RG,4820,2,F,ZP,BQ,D
11:01:48,UNVR,RG,4820,6,F,ZP,BQ,D
11:01:48,UNVR,RG,4820,4,F,AK,BQ,D
11:01:47,UNVR,RG,4810,15,D,YB,BK,F
11:01:46,UNVR,RG,4820,1,F,ZP,BQ,D
11:01:45,UNVR,RG,4820,1,F,ZP,BQ,D
11:01:45,UNVR,RG,4820,1,F,ZP,BQ,D
11:01:45,UNVR,RG,4820,2,F,ZP,BQ,D
11:01:45,UNVR,RG,4820,2,F,ZP,BQ,D
11:01:45,UNVR,RG,4820,12,F,AK,BQ,D
11:01:44,UNVR,RG,4820,2,F,ZP,BQ,D
11:01:44,UNVR,RG,4820,4,F,AK,BQ,D
11:01:44,UNVR,RG,4810,5,D,YB,AK,F
11:01:38,UNVR,RG,4820,6,F,ZP,BQ,D
11:01:38,UNVR,RG,4820,6,D,XC,BQ,D
11:01:38,UNVR,RG,4820,10,D,YP,BQ,D
11:00:45,UNVR,RG,4820,2,F,ZP,BQ,D
11:00:44,UNVR,RG,4810,3,D,YB,AK,F
11:00:37,UNVR,RG,4820,1,F,ZP,BQ,D
11:00:37,UNVR,RG,4820,3,F,ZP,BQ,D
11:00:37,UNVR,RG,4820,11,F,AK,BQ,D
11:00:36,UNVR,RG,4820,1,F,ZP,BQ,D
11:00:36,UNVR,RG,4820,9,F,ZP,BQ,D
11:00:36,UNVR,RG,4810,23,D,YB,BK,F
11:00:35,UNVR,RG,4820,6,F,ZP,BQ,D
11:00:32,UNVR,RG,4820,15,F,ZP,BQ,D
11:00:23,UNVR,RG,4820,1,F,ZP,BQ,D
11:00:23,UNVR,RG,4820,1,F,ZP,BQ,D
11:00:09,UNVR,RG,4820,2,F,ZP,BQ,D
10:59:58,UNVR,RG,4820,1,F,ZP,BQ,D
10:59:57,UNVR,RG,4820,8,F,ZP,BQ,D
10:59:57,UNVR,RG,4820,20,D,CC,BQ,D
10:59:50,UNVR,RG,4820,1,F,ZP,BQ,D
10:59:49,UNVR,RG,4820,6,F,ZP,BQ,D
10:59:49,UNVR,RG,4820,2,F,AK,BQ,D
10:59:49,UNVR,RG,4810,16,D,YB,BK,F
10:59:45,UNVR,RG,4820,1,F,ZP,BQ,D
10:59:45,UNVR,RG,4820,1,F,ZP,BQ,D
10:59:44,UNVR,RG,4820,3,F,ZP,BQ,D
10:59:44,UNVR,RG,4820,2,F,AK,BQ,D
10:59:44,UNVR,RG,4810,8,D,YB,AK,F
10:59:30,UNVR,RG,4820,1,D,XC,BQ,D
10:59:20,UNVR,RG,4820,6,F,ZP,BQ,D
10:59:16,UNVR,RG,4820,15,F,AK,BQ,D
10:59:15,UNVR,RG,4820,1,F,ZP,BQ,D
10:59:15,UNVR,RG,4820,1,F,ZP,BQ,D
10:59:14,UNVR,RG,4810,4,D,YB,AK,F
10:59:02,UNVR,RG,4820,1,F,ZP,BQ,D
10:59:01,UNVR,RG,4810,3,D,YB,CS,F
10:58:44,UNVR,RG,4820,2,F,ZP,BQ,D
10:58:44,UNVR,RG,4810,5,D,YB,AK,F
10:58:20,UNVR,RG,4820,1,F,ZP,BQ,D
10:58:20,UNVR,RG,4820,2,F,ZP,BQ,D
10:58:18,UNVR,RG,4820,5,F,ZP,BQ,D
10:58:00,UNVR,RG,4820,1,F,ZP,BQ,D
10:57:56,UNVR,RG,4820,4,D,XC,BQ,D
10:57:45,UNVR,RG,4820,1,F,ZP,BQ,D
10:57:45,UNVR,RG,4810,1,D,YB,DR,D
10:57:44,UNVR,RG,4820,3,F,ZP,BQ,D
10:57:44,UNVR,RG,4810,7,D,YB,AK,F
10:57:33,UNVR,RG,4820,1,D,LG,BQ,D
10:57:28,UNVR,RG,4820,1,F,ZP,BQ,D
10:57:28,UNVR,RG,4820,9,F,ZP,BQ,D
10:57:28,UNVR,RG,4820,24,D,PD,BQ,D
10:57:14,UNVR,RG,4820,3,F,ZP,BQ,D
10:57:14,UNVR,RG,4810,2,D,YB,AK,F
10:57:14,UNVR,RG,4810,4,D,XL,AK,F
10:57:07,UNVR,RG,4820,7,F,ZP,BQ,D
10:57:07,UNVR,RG,4820,18,D,EP,BQ,D
10:56:55,UNVR,RG,4820,1,F,ZP,BQ,D
10:56:55,UNVR,RG,4820,8,F,ZP,BQ,D
10:56:51,UNVR,RG,4820,20,D,YP,BQ,D
10:56:23,UNVR,RG,4820,1,F,ZP,BQ,D
10:56:22,UNVR,RG,4820,3,F,ZP,BQ,D
10:56:02,UNVR,RG,4820,1,F,ZP,BQ,D
10:56:01,UNVR,RG,4810,3,D,XL,CS,F
10:55:35,UNVR,RG,4820,1,F,ZP,BQ,D
10:55:35,UNVR,RG,4820,9,F,ZP,BQ,D
10:55:30,UNVR,RG,4820,24,D,PD,BQ,D
10:55:15,UNVR,RG,4820,1,F,ZP,BQ,D
10:55:14,UNVR,RG,4820,7,F,ZP,BQ,D
10:55:14,UNVR,RG,4820,7,F,AK,BQ,D
10:55:14,UNVR,RG,4810,11,D,XL,AK,F
10:55:13,UNVR,RG,4820,4,F,ZP,BQ,D
10:55:13,UNVR,RG,4810,10,D,XL,XL,D
10:55:05,UNVR,RG,4820,2,F,ZP,BQ,D
10:55:05,UNVR,RG,4820,5,F,ZP,BQ,D
10:54:44,UNVR,RG,4820,1,F,ZP,BQ,D
10:54:44,UNVR,RG,4820,1,D,YB,BQ,D
10:53:42,UNVR,RG,4820,2,F,ZP,BQ,D
10:53:42,UNVR,RG,4820,25,F,ZP,BQ,D
10:53:40,UNVR,RG,4820,42,F,YU,BQ,D
10:53:40,UNVR,RG,4820,23,F,YU,ZP,F
10:53:38,UNVR,RG,4820,1,F,ZP,ZP,F
10:53:38,UNVR,RG,4810,2,D,XL,XC,D
10:53:31,UNVR,RG,4820,1,F,ZP,ZP,F
10:53:31,UNVR,RG,4820,1,F,AK,BB,F
10:53:31,UNVR,RG,4820,1,F,AK,BK,F
10:53:30,UNVR,RG,4820,6,F,ZP,BK,F
10:53:30,UNVR,RG,4810,15,D,XL,NI,D
10:53:25,UNVR,RG,4820,1,F,ZP,BK,F
10:53:25,UNVR,RG,4820,1,F,ZP,BK,F
10:53:24,UNVR,RG,4820,1,F,ZP,BK,F
10:53:24,UNVR,RG,4820,6,D,PD,BK,F
10:53:24,UNVR,RG,4820,3,F,ZP,BK,F
10:53:24,UNVR,RG,4820,1,F,ZP,AK,F
10:53:24,UNVR,RG,4820,1,F,AK,AK,F
10:53:24,UNVR,RG,4820,2,F,ZP,AK,F
10:53:24,UNVR,RG,4820,4,F,ZP,AK,F
10:53:24,UNVR,RG,4820,2,F,ZP,AK,F
10:53:24,UNVR,RG,4820,1,F,ZP,AK,F
10:53:23,UNVR,RG,4820,1,F,ZP,AK,F
10:53:23,UNVR,RG,4820,3,F,ZP,AK,F
10:53:22,UNVR,RG,4810,1,D,XL,BQ,D
10:53:22,UNVR,RG,4820,3,F,AK,AK,F
10:53:22,UNVR,RG,4820,2,F,AK,AK,F
10:53:22,UNVR,RG,4820,8,F,AK,AK,F
10:53:21,UNVR,RG,4810,21,D,XL,OD,D
10:53:21,UNVR,RG,4810,100,F,CS,OD,D
10:53:13,UNVR,RG,4810,1,F,CS,LG,D
10:52:51,UNVR,RG,4810,3,F,CS,CS,F
10:52:30,UNVR,RG,4820,100,D,CC,OD,D
10:52:19,UNVR,RG,4820,1,D,XC,OD,D
10:52:04,UNVR,RG,4810,1,F,CS,YP,D
10:51:13,UNVR,RG,4810,35,F,CS,AZ,D
10:51:06,UNVR,RG,4810,1,F,CS,YP,D
10:50:50,UNVR,RG,4810,3,F,CS,NI,D
10:50:02,UNVR,RG,4810,5,F,CS,XL,D
10:49:28,UNVR,RG,4820,35,D,EP,OD,D
10:49:14,UNVR,RG,4820,20,D,YP,OD,D
10:49:09,UNVR,RG,4810,20,F,CS,PD,D
10:48:47,UNVR,RG,4810,2,F,CS,XC,D
10:48:35,UNVR,RG,4820,11,F,ZP,OD,D
10:48:25,UNVR,RG,4820,1,F,CS,OD,D
10:48:21,UNVR,RG,4820,50,F,CS,OD,D
10:48:18,UNVR,RG,4820,78,F,ZP,OD,D
10:48:18,UNVR,RG,4820,2,F,ZP,AK,F
10:48:18,UNVR,RG,4820,2,F,ZP,AK,F
10:48:18,UNVR,RG,4820,2,F,ZP,AK,F
10:48:18,UNVR,RG,4820,2,F,ZP,AK,F
10:48:18,UNVR,RG,4820,3,F,ZP,AK,F
10:48:18,UNVR,RG,4820,5,F,ZP,AK,F
10:48:18,UNVR,RG,4820,4,F,ZP,AK,F
10:48:18,UNVR,RG,4820,2,F,ZP,AK,F
10:48:18,UNVR,RG,4820,3,F,ZP,BB,F
10:48:18,UNVR,RG,4820,100,F,ZP,ZP,F
10:48:18,UNVR,RG,4820,4,F,ZP,AK,F
10:48:18,UNVR,RG,4820,11,F,ZP,SQ,D
10:48:18,UNVR,RG,4820,9,F,ZP,SQ,D
10:48:18,UNVR,RG,4820,2,F,ZP,AK,F
10:48:18,UNVR,RG,4820,4,F,ZP,AK,F
10:48:18,UNVR,RG,4820,2,F,ZP,AK,F
10:48:18,UNVR,RG,4820,1,F,CS,EP,D
10:48:18,UNVR,RG,4820,31,F,CS,ZP,F
10:48:18,UNVR,RG,4820,68,F,CS,PD,D
10:48:18,UNVR,RG,4820,432,F,ZP,PD,D
10:48:18,UNVR,RG,4820,35,F,ZP,DH,D
10:48:18,UNVR,RG,4820,4,F,ZP,AK,F
10:48:18,UNVR,RG,4820,3,F,ZP,AK,F
10:48:18,UNVR,RG,4820,20,F,ZP,CC,D
10:48:18,UNVR,RG,4820,6,F,ZP,AK,F
10:48:18,UNVR,RG,4820,7,F,ZP,AK,F
10:48:18,UNVR,RG,4820,2,F,ZP,AK,F
10:48:18,UNVR,RG,4820,6,F,ZP,AK,F
10:48:18,UNVR,RG,4820,17,F,ZP,YU,F
10:48:18,UNVR,RG,4820,3,F,ZP,AK,F
10:48:18,UNVR,RG,4820,3,F,ZP,AK,F
10:48:18,UNVR,RG,4820,216,F,ZP,BK,F
10:48:18,UNVR,RG,4820,29,F,ZP,ZP,F
10:48:18,UNVR,RG,4820,1,F,ZP,CS,F
10:48:18,UNVR,RG,4820,3,F,ZP,CS,F
10:48:18,UNVR,RG,4820,13,F,ZP,YU,F
10:48:18,UNVR,RG,4820,12,F,ZP,YU,F
10:48:18,UNVR,RG,4820,388,F,ZP,BQ,D
10:47:45,UNVR,RG,4810,3,F,CS,AK,F
10:47:44,UNVR,RG,4810,8,F,CS,AK,F
10:47:38,UNVR,RG,4810,2,F,CS,XC,D
10:47:24,UNVR,RG,4810,95,F,CS,ZP,F
10:47:08,UNVR,RG,4820,8,F,AK,BQ,D
10:47:08,UNVR,RG,4820,1,D,LG,BQ,D
10:47:08,UNVR,RG,4820,13,F,AK,BQ,D
10:47:08,UNVR,RG,4820,10,D,YP,BQ,D
10:47:08,UNVR,RG,4820,174,F,ZP,BQ,D
10:47:08,UNVR,RG,4820,51,F,AK,BQ,D
10:47:08,UNVR,RG,4820,350,F,CS,BQ,D
10:47:08,UNVR,RG,4820,24,F,ZP,BQ,D
10:47:08,UNVR,RG,4820,88,F,ZP,BQ,D
10:47:08,UNVR,RG,4820,47,F,ZP,BQ,D
10:47:08,UNVR,RG,4820,55,F,ZP,BQ,D
10:47:08,UNVR,RG,4820,11,D,SQ,BQ,D
10:47:08,UNVR,RG,4820,4,F,AK,BQ,D
10:47:08,UNVR,RG,4820,66,F,YU,BQ,D
10:47:08,UNVR,RG,4820,20,D,GR,BQ,D
10:47:08,UNVR,RG,4820,72,F,YU,BQ,D
10:47:08,UNVR,RG,4820,78,F,YU,BQ,D
10:47:08,UNVR,RG,4820,10,D,PD,BQ,D
10:47:08,UNVR,RG,4820,30,F,YU,BQ,D
10:47:05,UNVR,RG,4820,1,F,YU,YP,D
10:46:58,UNVR,RG,4820,5,F,YU,PD,D
10:46:55,UNVR,RG,4820,1,F,YU,PD,D
10:46:41,UNVR,RG,4820,1,F,YU,ZP,F
10:46:29,UNVR,RG,4820,8,F,YU,ZP,F
10:46:26,UNVR,RG,4820,12,F,YU,XC,D
10:46:26,UNVR,RG,4820,39,D,ZP,XC,D
10:46:20,UNVR,RG,4820,4,D,ZP,ZP,F
10:46:00,UNVR,RG,4820,13,D,ZP,YU,F
10:45:59,UNVR,RG,4820,44,D,ZP,ZP,F
10:45:59,UNVR,RG,4820,3,F,ZP,ZP,F
10:45:59,UNVR,RG,4820,1,D,PD,ZP,F
10:45:59,UNVR,RG,4820,2,D,PD,AK,F
10:45:59,UNVR,RG,4820,4,F,AK,AK,F
10:45:53,UNVR,RG,4830,61,F,ZP,SQ,D
10:45:53,UNVR,RG,4820,1,F,ZP,CS,F
10:45:52,UNVR,RG,4820,11,F,ZP,ZP,F
10:45:52,UNVR,RG,4820,13,D,CC,ZP,F
10:45:52,UNVR,RG,4820,52,D,CC,ZP,F
10:45:52,UNVR,RG,4820,6,F,ZP,ZP,F
10:45:52,UNVR,RG,4820,1,D,YP,ZP,F
10:45:52,UNVR,RG,4820,50,F,ZP,ZP,F
10:45:52,UNVR,RG,4820,11,F,CS,ZP,F
10:45:52,UNVR,RG,4820,146,F,CS,GR,D
10:45:52,UNVR,RG,4820,13,F,YU,GR,D
10:45:52,UNVR,RG,4820,341,F,ZP,GR,D
10:45:44,UNVR,RG,4830,59,F,ZP,SQ,D
10:45:43,UNVR,RG,4820,105,F,ZP,LG,D
10:45:43,UNVR,RG,4820,45,F,AK,LG,D
10:45:43,UNVR,RG,4820,1,F,AK,ZP,F
10:45:26,UNVR,RG,4830,3,F,ZP,SQ,D
10:45:25,UNVR,RG,4820,7,F,AK,ZP,F
10:45:25,UNVR,RG,4820,1,F,AK,CS,F
10:45:14,UNVR,RG,4830,4,F,ZP,SQ,D
10:45:14,UNVR,RG,4830,39,F,ZP,SQ,D
10:45:14,UNVR,RG,4830,2,D,NI,SQ,D
10:45:10,UNVR,RG,4820,24,F,AK,LG,D
10:45:10,UNVR,RG,4820,10,D,PD,LG,D
10:45:10,UNVR,RG,4820,2,D,PD,LG,D
10:45:10,UNVR,RG,4820,64,D,YB,LG,D
10:45:05,UNVR,RG,4830,1,F,ZP,SQ,D
10:45:05,UNVR,RG,4820,1,D,YB,CP,D
10:45:00,UNVR,RG,4830,3,F,ZP,SQ,D
10:44:58,UNVR,RG,4830,9,D,PD,SQ,D
10:44:49,UNVR,RG,4830,1,F,ZP,SQ,D
10:44:49,UNVR,RG,4830,6,F,ZP,SQ,D
10:44:49,UNVR,RG,4830,86,F,ZP,SQ,D
10:44:48,UNVR,RG,4820,35,D,YB,YP,D
10:44:48,UNVR,RG,4820,1,D,SQ,YP,D
10:44:48,UNVR,RG,4820,5,F,AK,YP,D
10:44:48,UNVR,RG,4820,5,D,PD,YP,D
10:44:48,UNVR,RG,4820,5,D,YP,YP,D
10:44:48,UNVR,RG,4820,24,D,GR,YP,D
10:44:48,UNVR,RG,4820,1,D,GR,YP,D
10:44:48,UNVR,RG,4820,3,D,YP,YP,D
10:44:48,UNVR,RG,4820,1,D,YP,YP,D
10:44:48,UNVR,RG,4820,50,D,CC,YP,D
10:44:48,UNVR,RG,4820,90,D,YP,YP,D
10:44:47,UNVR,RG,4830,2,F,ZP,SQ,D
10:44:46,UNVR,RG,4820,5,D,YP,EP,D
10:44:24,UNVR,RG,4820,1,D,YP,CS,F
10:44:17,UNVR,RG,4830,1,F,ZP,SQ,D
10:44:17,UNVR,RG,4830,2,F,ZP,SQ,D
10:44:17,UNVR,RG,4820,5,D,YP,YP,D
10:44:14,UNVR,RG,4830,3,F,ZP,SQ,D
10:44:14,UNVR,RG,4820,9,D,YP,AK,F
10:43:25,UNVR,RG,4830,1,F,ZP,SQ,D
10:43:23,UNVR,RG,4820,1,D,YP,CS,F
10:42:06,UNVR,RG,4830,6,F,ZP,SQ,D
