Time,Stock,Brd,Price,Qty,BT,BC,SC,ST
15:12:08,UNVR,RG,4080,5,D,NI,DH,D
15:09:18,UNVR,RG,4080,30,D,NI,YP,D
15:07:23,UNVR,RG,4080,10,D,NI,CC,D
15:06:22,UNVR,RG,4080,3,D,NI,YP,D
15:06:00,UNVR,RG,4080,36,D,NI,YP,D
15:05:39,UNVR,RG,4080,1,D,NI,XC,D
15:05:17,UNVR,RG,4080,10,D,NI,YP,D
15:05:12,UNVR,RG,4080,1,D,NI,AZ,D
15:04:54,UNVR,RG,4080,40,D,NI,GR,D
15:02:49,UNVR,RG,4080,50,D,NI,CC,D
15:02:38,UNVR,RG,4080,20,D,NI,YP,D
15:02:23,UNVR,RG,4080,10,D,NI,YP,D
15:01:47,UNVR,RG,4080,3,D,NI,NI,D
15:01:00,UNVR,RG,4080,10,D,NI,SH,D
15:00:00,UNVR,RG,4080,3,D,NI,PD,D
15:00:00,UNVR,RG,4080,260,D,NI,SQ,D
15:00:00,UNVR,RG,4080,10,D,NI,KK,D
15:00:00,UNVR,RG,4080,30,D,NI,YP,D
15:00:00,UNVR,RG,4080,5283,D,NI,BB,D
15:00:00,UNVR,RG,4080,2,D,KK,BB,D
15:00:00,UNVR,RG,4080,1,D,XC,BB,D
15:00:00,UNVR,RG,4080,1,D,NI,BB,D
15:00:00,UNVR,RG,4080,9,D,AZ,BB,D
15:00:00,UNVR,RG,4080,2,D,YP,BB,D
15:00:00,UNVR,RG,4080,18,D,XC,BB,D
15:00:00,UNVR,RG,4080,2,D,EP,BB,D
15:00:00,UNVR,RG,4080,10,D,RG,BB,D
15:00:00,UNVR,RG,4080,4,D,CC,BB,D
15:00:00,UNVR,RG,4080,50,D,SQ,BB,D
15:00:00,UNVR,RG,4080,1,D,DR,BB,D
15:00:00,UNVR,RG,4080,20,D,PD,BB,D
15:00:00,UNVR,RG,4080,20,D,YP,BB,D
15:00:00,UNVR,RG,4080,5,D,XL,BB,D
15:00:00,UNVR,RG,4080,1,D,XL,BB,D
15:00:00,UNVR,RG,4080,5,D,AZ,BB,D
15:00:00,UNVR,RG,4080,1,D,XC,BB,D
15:00:00,UNVR,RG,4080,1,D,YP,BB,D
15:00:00,UNVR,RG,4080,1,D,DR,BB,D
15:00:00,UNVR,RG,4080,12,D,XL,BB,D
15:00:00,UNVR,RG,4080,1,D,EP,BB,D
15:00:00,UNVR,RG,4080,2,D,XC,BB,D
15:00:00,UNVR,RG,4080,48,D,NI,BB,D
15:00:00,UNVR,RG,4080,1,D,PD,BB,D
15:00:00,UNVR,RG,4080,100,D,YP,BB,D
15:00:00,UNVR,RG,4080,5,D,PD,BB,D
15:00:00,UNVR,RG,4080,1,F,OD,BB,D
15:00:00,UNVR,RG,4080,1,D,XL,BB,D
15:00:00,UNVR,RG,4080,3,D,XL,BB,D
15:00:00,UNVR,RG,4080,20,D,SQ,BB,D
15:00:00,UNVR,RG,4080,1,D,DR,BB,D
15:00:00,UNVR,RG,4080,44,D,NI,BB,D
15:00:00,UNVR,RG,4080,1,D,XL,BB,D
15:00:00,UNVR,RG,4080,100,D,YP,BB,D
15:00:00,UNVR,RG,4080,1,D,SQ,BB,D
15:00:00,UNVR,RG,4080,1,D,NI,BB,D
15:00:00,UNVR,RG,4080,6,D,PD,BB,D
15:00:00,UNVR,RG,4080,2,D,NI,BB,D
15:00:00,UNVR,RG,4080,1,D,YP,BB,D
15:00:00,UNVR,RG,4080,1,D,RO,BB,D
15:00:00,UNVR,RG,4080,1,D,YP,BB,D
15:00:00,UNVR,RG,4080,20,D,YP,BB,D
15:00:00,UNVR,RG,4080,1,D,SQ,BB,D
15:00:00,UNVR,RG,4080,2,D,YP,BB,D
15:00:00,UNVR,RG,4080,55,D,PD,BB,D
15:00:00,UNVR,RG,4080,5,D,PD,BB,D
15:00:00,UNVR,RG,4080,1,D,MG,BB,D
15:00:00,UNVR,RG,4080,5,D,YP,BB,D
15:00:00,UNVR,RG,4080,5,D,XC,BB,D
15:00:00,UNVR,RG,4080,3,D,CC,BB,D
15:00:00,UNVR,RG,4080,5,D,YP,BB,D
15:00:00,UNVR,RG,4080,2,D,NI,BB,D
15:00:00,UNVR,RG,4080,2,D,GR,BB,D
15:00:00,UNVR,RG,4080,5,D,YP,BB,D
15:00:00,UNVR,RG,4080,5,D,NI,BB,D
15:00:00,UNVR,RG,4080,245,D,PD,BB,D
15:00:00,UNVR,RG,4080,24,D,YP,BB,D
15:00:00,UNVR,RG,4080,1,D,CC,BB,D
15:00:00,UNVR,RG,4080,1,D,TP,BB,D
15:00:00,UNVR,RG,4080,5,D,SQ,BB,D
15:00:00,UNVR,RG,4080,5,D,GR,BB,D
15:00:00,UNVR,RG,4080,246,D,PD,BB,D
15:00:00,UNVR,RG,4080,1,D,YP,BB,D
15:00:00,UNVR,RG,4080,7,D,CC,BB,D
15:00:00,UNVR,RG,4080,5,D,SQ,BB,D
15:00:00,UNVR,RG,4080,1,D,YP,BB,D
15:00:00,UNVR,RG,4080,5,D,GR,BB,D
15:00:00,UNVR,RG,4080,3,D,KK,BB,D
15:00:00,UNVR,RG,4080,2,D,XC,BB,D
15:00:00,UNVR,RG,4080,668,F,ZP,BB,D
15:00:00,UNVR,RG,4080,1,F,ZP,BB,D
15:00:00,UNVR,RG,4080,1,F,ZP,BB,D
15:00:00,UNVR,RG,4080,242,F,ZP,BB,D
15:00:00,UNVR,RG,4080,30,F,ZP,BB,D
15:00:00,UNVR,RG,4080,148,F,ZP,BB,D
15:00:00,UNVR,RG,4080,187,F,BK,BB,D
15:00:00,UNVR,RG,4080,15,F,ZP,BB,D
15:00:00,UNVR,RG,4080,489,F,DX,BB,D
15:00:00,UNVR,RG,4080,1152,F,YU,BB,D
15:00:00,UNVR,RG,4080,300,F,AK,BB,D
15:00:00,UNVR,RG,4080,29,F,AK,GR,D
15:00:00,UNVR,RG,4080,1,F,AK,GR,D
15:00:00,UNVR,RG,4080,10,F,AK,XC,D
15:00:00,UNVR,RG,4080,10,F,AK,YP,D
15:00:00,UNVR,RG,4080,15,F,AK,PD,D
15:00:00,UNVR,RG,4080,15,F,AK,YP,D
15:00:00,UNVR,RG,4080,1,F,AK,PD,D
15:00:00,UNVR,RG,4080,2,F,AK,YP,D
15:00:00,UNVR,RG,4080,59,F,AK,BB,D
15:00:00,UNVR,RG,4080,749,F,AK,BB,D
15:00:00,UNVR,RG,4080,2092,F,DP,BB,D
15:00:00,UNVR,RG,4080,5,F,DP,KK,D
15:00:00,UNVR,RG,4080,800,F,DP,DR,D
15:00:00,UNVR,RG,4080,1,F,DP,HP,D
15:00:00,UNVR,RG,4080,300,F,DP,EP,D
15:00:00,UNVR,RG,4080,22,F,DP,YP,D
15:00:00,UNVR,RG,4080,200,F,DP,EP,D
15:00:00,UNVR,RG,4080,331,F,DP,KI,D
15:00:00,UNVR,RG,4080,6,F,DP,YP,D
15:00:00,UNVR,RG,4080,26,F,DP,PD,D
15:00:00,UNVR,RG,4080,11,F,DP,AI,D
15:00:00,UNVR,RG,4080,100,F,DP,YP,D
15:00:00,UNVR,RG,4080,5,F,DP,DH,D
15:00:00,UNVR,RG,4080,967,F,DP,BK,F
15:00:00,UNVR,RG,4080,736,F,DP,BK,F
15:00:00,UNVR,RG,4080,23,F,DP,DX,F
15:00:00,UNVR,RG,4080,7,F,YU,DX,F
15:00:00,UNVR,RG,4080,160,F,YU,YU,F
15:00:00,UNVR,RG,4080,4,F,YU,KK,D
15:00:00,UNVR,RG,4080,196,F,YU,BQ,D
15:00:00,UNVR,RG,4080,155,F,YU,RX,D
15:00:00,UNVR,RG,4080,98,F,YU,BB,D
15:00:00,UNVR,RG,4080,190,F,YU,ZP,F
15:00:00,UNVR,RG,4080,947,F,YU,PD,D
15:00:00,UNVR,RG,4080,57,F,YU,PD,D
15:00:00,UNVR,RG,4080,20,F,YU,PD,D
15:00:00,UNVR,RG,4080,4,D,RX,PD,D
15:00:00,UNVR,RG,4080,453,D,PD,PD,D
14:49:59,UNVR,RG,4090,5,F,ZP,BB,D
14:49:58,UNVR,RG,4090,1,F,ZP,BB,D
14:49:57,UNVR,RG,4090,304,F,DP,BB,D
14:49:57,UNVR,RG,4090,10,F,DP,CC,D
14:49:57,UNVR,RG,4090,50,F,DP,CC,D
14:49:57,UNVR,RG,4090,1,F,DP,XC,D
14:49:57,UNVR,RG,4090,1,F,DP,XC,D
14:49:57,UNVR,RG,4090,2,F,DP,EP,D
14:49:57,UNVR,RG,4090,2,F,DP,XC,D
14:49:57,UNVR,RG,4090,1,F,DP,XC,D
14:49:57,UNVR,RG,4090,3,F,DP,YP,D
14:49:57,UNVR,RG,4090,8,F,DP,KK,D
14:49:57,UNVR,RG,4090,76,F,DP,BB,D
14:49:57,UNVR,RG,4090,20,D,YP,BB,D
14:49:57,UNVR,RG,4090,1,F,ZP,BB,D
14:49:57,UNVR,RG,4090,2,F,ZP,BB,D
14:49:57,UNVR,RG,4090,1,F,ZP,BB,D
14:49:55,UNVR,RG,4080,10,D,NI,CC,D
14:49:55,UNVR,RG,4080,13,D,NI,BK,F
14:49:55,UNVR,RG,4090,5,D,NI,BB,D
14:49:55,UNVR,RG,4090,37,F,YU,BB,D
14:49:55,UNVR,RG,4090,24,F,YU,BB,D
14:49:54,UNVR,RG,4090,5,F,ZP,BB,D
14:49:53,UNVR,RG,4080,30,D,NI,SQ,D
14:49:51,UNVR,RG,4090,9,F,ZP,BB,D
14:49:51,UNVR,RG,4080,12,D,NI,BK,F
14:49:50,UNVR,RG,4090,5,F,ZP,BB,D
14:49:50,UNVR,RG,4090,2,F,ZP,BB,D
14:49:50,UNVR,RG,4090,12,F,ZP,BB,D
14:49:47,UNVR,RG,4080,11,D,NI,BK,F
14:49:45,UNVR,RG,4090,37,F,YU,BB,D
14:49:44,UNVR,RG,4090,2,D,YP,BB,D
14:49:43,UNVR,RG,4080,1,D,NI,CC,D
14:49:41,UNVR,RG,4080,13,D,NI,BK,F
14:49:40,UNVR,RG,4090,12,F,ZP,BB,D
14:49:39,UNVR,RG,4090,6,F,ZP,BB,D
14:49:39,UNVR,RG,4090,36,F,ZP,BB,D
14:49:33,UNVR,RG,4080,11,D,NI,BK,F
14:49:32,UNVR,RG,4080,40,D,NI,PD,D
14:49:31,UNVR,RG,4090,37,F,YU,BB,D
14:49:30,UNVR,RG,4090,8,D,YP,BB,D
14:49:30,UNVR,RG,4090,2,F,BK,BB,D
14:49:30,UNVR,RG,4090,1,F,BK,BB,D
14:49:30,UNVR,RG,4080,13,D,NI,BK,F
14:49:28,UNVR,RG,4090,2,D,PD,BB,D
14:49:26,UNVR,RG,4090,11,F,ZP,BB,D
14:49:24,UNVR,RG,4090,1,F,ZP,BB,D
14:49:21,UNVR,RG,4090,2,F,ZP,BB,D
14:49:17,UNVR,RG,4090,36,F,YU,BB,D
14:49:14,UNVR,RG,4080,12,D,NI,BK,F
14:49:13,UNVR,RG,4090,50,D,NI,BB,D
14:49:04,UNVR,RG,4090,35,F,YU,BB,D
14:49:03,UNVR,RG,4090,1,D,PD,BB,D
14:49:03,UNVR,RG,4090,5,D,AT,BB,D
14:49:00,UNVR,RG,4090,12,F,BK,BB,D
14:48:58,UNVR,RG,4080,12,D,NI,BK,F
14:48:57,UNVR,RG,4090,10,D,PD,BB,D
14:48:56,UNVR,RG,4090,3,F,ZP,BB,D
14:48:56,UNVR,RG,4080,38,D,NI,BK,F
14:48:55,UNVR,RG,4090,24,F,ZP,BB,D
14:48:54,UNVR,RG,4090,1,F,ZP,BB,D
14:48:54,UNVR,RG,4090,47,F,DP,BB,D
14:48:54,UNVR,RG,4090,410,F,DP,BB,D
14:48:53,UNVR,RG,4090,3,D,XC,BB,D
14:48:48,UNVR,RG,4090,35,F,YU,BB,D
14:48:44,UNVR,RG,4080,5,D,NI,SQ,D
14:48:44,UNVR,RG,4080,47,D,NI,YP,D
14:48:44,UNVR,RG,4080,1,D,NI,YP,D
14:48:44,UNVR,RG,4080,2,F,YP,YP,D
14:48:36,UNVR,RG,4090,45,D,NI,BB,D
14:48:36,UNVR,RG,4080,11,F,YP,BK,F
14:48:36,UNVR,RG,4080,1,D,YP,BK,F
14:48:36,UNVR,RG,4080,1,D,YP,BK,F
14:48:36,UNVR,RG,4080,1,D,YP,BK,F
14:48:36,UNVR,RG,4080,13,D,YP,BK,F
14:48:33,UNVR,RG,4090,34,F,ZP,BB,D
14:48:32,UNVR,RG,4090,3,F,ZP,BB,D
14:48:32,UNVR,RG,4080,37,D,YP,BK,F
14:48:32,UNVR,RG,4080,1,D,YP,BK,F
14:48:32,UNVR,RG,4080,10,D,YP,BK,F
14:48:32,UNVR,RG,4080,1,D,YP,BK,F
14:48:32,UNVR,RG,4080,10,D,YP,BK,F
14:48:31,UNVR,RG,4090,31,F,ZP,BB,D
14:48:31,UNVR,RG,4080,10,D,YP,YP,D
14:48:31,UNVR,RG,4080,2,D,YP,YP,D
14:48:31,UNVR,RG,4080,10,D,YP,YP,D
14:48:31,UNVR,RG,4080,1,D,YP,YP,D
14:48:31,UNVR,RG,4080,5,D,XC,YP,D
14:48:31,UNVR,RG,4080,1,D,XC,YP,D
14:48:31,UNVR,RG,4080,15,D,XC,YP,D
14:48:31,UNVR,RG,4080,5,D,XC,YP,D
14:48:31,UNVR,RG,4080,2,D,XC,YP,D
14:48:31,UNVR,RG,4080,2,D,XC,YP,D
14:48:31,UNVR,RG,4080,1,D,XC,YP,D
14:48:31,UNVR,RG,4080,1,D,XC,YP,D
14:48:31,UNVR,RG,4080,5,D,XC,YP,D
14:48:31,UNVR,RG,4080,2,D,XC,YP,D
14:48:31,UNVR,RG,4080,1,D,XC,YP,D
14:48:31,UNVR,RG,4080,1,D,XC,YP,D
14:48:31,UNVR,RG,4080,4,D,XC,YP,D
14:48:31,UNVR,RG,4080,1,D,XC,YP,D
14:48:31,UNVR,RG,4080,1,D,XC,YP,D
14:48:31,UNVR,RG,4080,3,D,XC,YP,D
14:48:31,UNVR,RG,4080,10,D,CC,YP,D
14:48:31,UNVR,RG,4080,17,D,XL,YP,D
14:48:31,UNVR,RG,4080,7,D,AT,YP,D
14:48:31,UNVR,RG,4080,1,D,XC,YP,D
14:48:31,UNVR,RG,4080,2,D,XC,YP,D
14:48:31,UNVR,RG,4080,2,D,XC,YP,D
14:48:31,UNVR,RG,4080,5,D,XC,YP,D
14:48:31,UNVR,RG,4080,5,D,PD,YP,D
14:48:31,UNVR,RG,4080,1,D,OD,YP,D
14:48:31,UNVR,RG,4080,1,D,CC,YP,D
14:48:31,UNVR,RG,4080,5,D,CC,YP,D
14:48:31,UNVR,RG,4080,4,F,ZP,YP,D
14:48:31,UNVR,RG,4080,2,D,PD,YP,D
14:48:31,UNVR,RG,4080,5,D,CC,YP,D
14:48:31,UNVR,RG,4080,1,D,SQ,YP,D
14:48:31,UNVR,RG,4080,10,D,PD,YP,D
14:48:31,UNVR,RG,4080,5,D,SQ,YP,D
14:48:31,UNVR,RG,4080,2,D,KK,YP,D
14:48:31,UNVR,RG,4080,1,D,PD,YP,D
14:48:31,UNVR,RG,4080,1,D,PD,YP,D
14:48:31,UNVR,RG,4080,1,D,PD,YP,D
14:48:31,UNVR,RG,4080,5,D,KK,YP,D
14:48:31,UNVR,RG,4080,2,D,CC,YP,D
14:48:31,UNVR,RG,4080,1,D,XL,YP,D
14:48:31,UNVR,RG,4080,1,D,LG,YP,D
14:48:31,UNVR,RG,4080,24,D,PD,YP,D
14:48:31,UNVR,RG,4080,2,D,PD,YP,D
14:48:31,UNVR,RG,4080,100,D,EP,YP,D
14:48:31,UNVR,RG,4080,3,D,PD,YP,D
14:48:31,UNVR,RG,4080,1,D,CC,YP,D
14:48:24,UNVR,RG,4080,14,D,CC,BK,F
14:48:21,UNVR,RG,4090,12,F,BK,BB,D
14:48:21,UNVR,RG,4090,35,F,YU,BB,D
14:48:18,UNVR,RG,4080,10,D,CC,BK,F
14:48:18,UNVR,RG,4080,1,D,SQ,BK,F
14:48:18,UNVR,RG,4080,1,D,CC,BK,F
14:48:18,UNVR,RG,4090,1,D,KK,BB,D
14:48:17,UNVR,RG,4090,1,D,XC,BB,D
14:48:15,UNVR,RG,4090,4,D,PD,BB,D
14:48:12,UNVR,RG,4080,11,D,CC,BK,F
14:48:07,UNVR,RG,4080,12,D,CC,BK,F
14:48:07,UNVR,RG,4080,38,D,CC,KZ,D
14:48:06,UNVR,RG,4080,2,D,CC,KZ,D
14:48:06,UNVR,RG,4080,22,D,CC,KZ,D
14:48:06,UNVR,RG,4080,3,D,CC,KZ,D
14:48:05,UNVR,RG,4080,2,D,CC,KZ,D
14:48:05,UNVR,RG,4080,21,D,CC,KZ,D
14:48:05,UNVR,RG,4080,1,D,CC,KZ,D
14:48:04,UNVR,RG,4090,4,F,ZP,BB,D
14:48:04,UNVR,RG,4080,12,D,CC,KZ,D
14:48:03,UNVR,RG,4090,1,D,NI,BB,D
14:47:56,UNVR,RG,4080,1,D,CC,DR,D
14:47:55,UNVR,RG,4080,1,D,CC,DR,D
14:47:52,UNVR,RG,4080,7,D,CC,DR,D
14:47:51,UNVR,RG,4090,35,F,YU,BB,D
14:47:51,UNVR,RG,4080,6,D,CC,DR,D
14:47:49,UNVR,RG,4090,2,D,PD,BB,D
14:47:46,UNVR,RG,4080,10,D,CC,CC,D
14:47:44,UNVR,RG,4080,25,D,CC,YP,D
14:47:44,UNVR,RG,4080,10,D,CC,YP,D
14:47:44,UNVR,RG,4080,1,D,CC,YP,D
14:47:44,UNVR,RG,4080,14,D,CC,YP,D
14:47:42,UNVR,RG,4090,38,F,YU,BB,D
14:47:42,UNVR,RG,4080,3,D,CC,DR,D
14:47:42,UNVR,RG,4090,2,D,XC,BB,D
14:47:42,UNVR,RG,4080,4,D,CC,DR,D
14:47:41,UNVR,RG,4080,5,D,CC,DR,D
14:47:40,UNVR,RG,4080,6,D,CC,DR,D
14:47:37,UNVR,RG,4090,54,D,PD,BB,D
14:47:35,UNVR,RG,4090,1,F,ZP,BB,D
14:47:33,UNVR,RG,4090,38,F,YU,BB,D
14:47:31,UNVR,RG,4090,12,F,BK,BB,D
14:47:25,UNVR,RG,4080,5,D,CC,BQ,D
14:47:25,UNVR,RG,4090,35,F,YU,BB,D
14:47:24,UNVR,RG,4090,1,D,XC,BB,D
14:47:18,UNVR,RG,4090,38,F,YU,BB,D
14:47:17,UNVR,RG,4090,10,D,PD,BB,D
14:47:15,UNVR,RG,4080,5,D,CC,SQ,D
14:47:12,UNVR,RG,4080,1,D,CC,OD,D
14:47:11,UNVR,RG,4090,35,F,YU,BB,D
14:47:08,UNVR,RG,4080,7,D,CC,BK,F
14:47:08,UNVR,RG,4080,1,D,DH,BK,F
14:47:08,UNVR,RG,4080,1,D,KK,BK,F
14:47:08,UNVR,RG,4080,5,D,HP,BK,F
14:47:08,UNVR,RG,4080,5,D,KK,BK,F
14:47:08,UNVR,RG,4080,1,D,PD,BK,F
14:47:08,UNVR,RG,4080,5,D,KK,BK,F
14:47:08,UNVR,RG,4080,34,D,SQ,BK,F
14:47:06,UNVR,RG,4090,200,D,PO,BB,D
14:47:05,UNVR,RG,4090,37,F,YU,BB,D
14:47:04,UNVR,RG,4080,6,D,SQ,BK,F
14:47:04,UNVR,RG,4080,5,D,BQ,BK,F
14:47:04,UNVR,RG,4080,1,D,XL,BK,F
14:47:04,UNVR,RG,4080,1,D,XL,BK,F
14:47:04,UNVR,RG,4080,2,D,XL,BK,F
14:47:04,UNVR,RG,4080,1,D,PD,BK,F
14:47:04,UNVR,RG,4080,6,D,PD,BK,F
14:47:04,UNVR,RG,4080,2,D,PD,BK,F
14:47:04,UNVR,RG,4080,2,D,PD,BK,F
14:47:00,UNVR,RG,4080,3,D,PD,BK,F
14:47:00,UNVR,RG,4080,1,D,GR,BK,F
14:47:00,UNVR,RG,4080,20,D,ZP,BK,F
14:47:00,UNVR,RG,4080,20,D,EP,BK,F
14:47:00,UNVR,RG,4080,10,D,KK,BK,F
14:47:00,UNVR,RG,4080,22,D,TP,BK,F
14:46:59,UNVR,RG,4090,39,F,YU,BB,D
14:46:58,UNVR,RG,4090,2,D,PD,BB,D
14:46:56,UNVR,RG,4090,1,F,ZP,BB,D
14:46:56,UNVR,RG,4080,3,D,TP,BK,F
14:46:56,UNVR,RG,4080,10,D,KK,BK,F
14:46:56,UNVR,RG,4080,100,D,KK,BK,F
14:46:56,UNVR,RG,4080,2,D,SQ,BK,F
14:46:56,UNVR,RG,4080,2,D,PD,BK,F
14:46:56,UNVR,RG,4080,1,D,PD,BK,F
14:46:56,UNVR,RG,4080,1,D,KK,BK,F
14:46:56,UNVR,RG,4080,10,D,KK,BK,F
14:46:56,UNVR,RG,4080,2,D,ZP,BK,F
14:46:56,UNVR,RG,4080,10,D,DR,BK,F
14:46:56,UNVR,RG,4080,3,D,PD,BK,F
14:46:56,UNVR,RG,4080,50,D,DR,BK,F
14:46:56,UNVR,RG,4080,3,D,KK,BK,F
14:46:56,UNVR,RG,4080,1,D,PD,BK,F
14:46:56,UNVR,RG,4080,5,D,YU,BK,F
14:46:56,UNVR,RG,4080,10,D,YB,BK,F
14:46:56,UNVR,RG,4080,1,D,RG,BK,F
14:46:56,UNVR,RG,4080,122,D,RO,BK,F
14:46:56,UNVR,RG,4080,1,D,RO,PD,D
14:46:54,UNVR,RG,4080,10,D,RO,KZ,D
14:46:54,UNVR,RG,4080,2,D,RO,KZ,D
14:46:54,UNVR,RG,4080,3,D,RO,KZ,D
14:46:54,UNVR,RG,4080,1,D,RO,KZ,D
14:46:54,UNVR,RG,4080,1,D,RO,KZ,D
14:46:54,UNVR,RG,4080,6,D,RO,KZ,D
14:46:54,UNVR,RG,4080,1,D,RO,KZ,D
14:46:54,UNVR,RG,4080,1,D,RO,KZ,D
14:46:52,UNVR,RG,4080,311,D,RO,PD,D
14:46:52,UNVR,RG,4080,541,D,RO,PD,D
14:46:52,UNVR,RG,4080,1,D,PD,PD,D
14:46:52,UNVR,RG,4080,100,D,YU,PD,D
14:46:52,UNVR,RG,4080,1,D,PD,PD,D
14:46:52,UNVR,RG,4080,1,D,YP,PD,D
14:46:52,UNVR,RG,4080,1,D,KK,PD,D
14:46:52,UNVR,RG,4080,1,D,YP,PD,D
14:46:52,UNVR,RG,4080,3,D,XC,PD,D
14:46:52,UNVR,RG,4080,1,D,NI,PD,D
14:46:52,UNVR,RG,4080,5,D,RO,PD,D
14:46:52,UNVR,RG,4080,10,D,CC,PD,D
14:46:52,UNVR,RG,4080,9,D,XC,PD,D
14:46:52,UNVR,RG,4080,1,D,YP,PD,D
14:46:52,UNVR,RG,4080,2,D,GR,PD,D
14:46:52,UNVR,RG,4080,1,D,YP,PD,D
14:46:52,UNVR,RG,4080,1,D,YP,PD,D
14:46:52,UNVR,RG,4080,1,D,CC,PD,D
14:46:52,UNVR,RG,4080,3,D,SQ,PD,D
14:46:52,UNVR,RG,4080,10,D,KK,PD,D
14:46:52,UNVR,RG,4080,2,D,XC,PD,D
14:46:52,UNVR,RG,4080,60,D,YP,PD,D
14:46:52,UNVR,RG,4080,4,D,CC,PD,D
14:46:52,UNVR,RG,4080,1,D,DR,PD,D
14:46:52,UNVR,RG,4080,5,D,EP,PD,D
14:46:52,UNVR,RG,4080,1,D,YP,PD,D
14:46:52,UNVR,RG,4080,2,D,GR,PD,D
14:46:52,UNVR,RG,4080,3,D,OD,PD,D
14:46:52,UNVR,RG,4080,3,D,YP,PD,D
14:46:52,UNVR,RG,4080,2,D,PD,PD,D
14:46:52,UNVR,RG,4080,2,D,AZ,PD,D
14:46:52,UNVR,RG,4080,30,D,OD,PD,D
14:46:52,UNVR,RG,4080,25,D,YP,PD,D
14:46:52,UNVR,RG,4080,1,D,PD,PD,D
14:46:52,UNVR,RG,4080,10,D,ZP,PD,D
14:46:52,UNVR,RG,4080,1,F,ZP,PD,D
14:46:52,UNVR,RG,4080,1,D,YP,PD,D
14:46:52,UNVR,RG,4080,50,D,CC,PD,D
14:46:52,UNVR,RG,4080,30,D,KK,PD,D
14:46:52,UNVR,RG,4080,20,D,EP,PD,D
14:46:52,UNVR,RG,4080,2,D,SQ,PD,D
14:46:52,UNVR,RG,4080,6,D,XC,PD,D
14:46:52,UNVR,RG,4080,1,D,YP,PD,D
14:46:52,UNVR,RG,4080,1,D,XC,PD,D
14:46:52,UNVR,RG,4080,10,D,PD,PD,D
14:46:52,UNVR,RG,4080,2,D,XC,PD,D
14:46:52,UNVR,RG,4080,1,D,YP,PD,D
14:46:52,UNVR,RG,4080,1,D,XC,PD,D
14:46:52,UNVR,RG,4080,1,D,LS,PD,D
14:46:52,UNVR,RG,4080,10,D,PD,PD,D
14:46:52,UNVR,RG,4080,1,D,PD,PD,D
14:46:52,UNVR,RG,4080,1,D,SQ,PD,D
14:46:52,UNVR,RG,4080,20,D,DR,PD,D
14:46:52,UNVR,RG,4080,100,D,OD,PD,D
14:46:52,UNVR,RG,4080,10,D,TP,PD,D
14:46:52,UNVR,RG,4080,1,D,PD,PD,D
14:46:52,UNVR,RG,4080,13,D,EP,PD,D
14:46:52,UNVR,RG,4080,1,D,YP,PD,D
14:46:52,UNVR,RG,4080,10,D,LG,PD,D
14:46:52,UNVR,RG,4080,1,D,XC,PD,D
14:46:52,UNVR,RG,4080,1,D,NI,PD,D
14:46:52,UNVR,RG,4080,2,D,XC,PD,D
14:46:52,UNVR,RG,4080,1,D,PD,PD,D
14:46:52,UNVR,RG,4080,5,D,PD,PD,D
14:46:52,UNVR,RG,4080,1,D,DH,PD,D
14:46:52,UNVR,RG,4080,1,D,NI,PD,D
14:46:52,UNVR,RG,4080,2,D,YP,PD,D
14:46:52,UNVR,RG,4080,5,D,YP,PD,D
14:46:52,UNVR,RG,4080,4,D,XC,PD,D
14:46:52,UNVR,RG,4080,4,D,XC,PD,D
14:46:52,UNVR,RG,4080,10,D,CC,PD,D
14:46:52,UNVR,RG,4080,1,D,GR,PD,D
14:46:52,UNVR,RG,4080,5,D,XC,PD,D
14:46:52,UNVR,RG,4080,22,D,AZ,PD,D
14:46:52,UNVR,RG,4090,36,F,YU,BB,D
14:46:48,UNVR,RG,4090,10,D,PD,BB,D
14:46:41,UNVR,RG,4080,10,D,AZ,CC,D
14:46:41,UNVR,RG,4090,1,D,XC,BB,D
14:46:35,UNVR,RG,4090,5,D,BQ,BB,D
14:46:33,UNVR,RG,4080,2,D,AZ,IH,D
14:46:33,UNVR,RG,4080,1,D,PD,IH,D
14:46:33,UNVR,RG,4080,1,D,XC,IH,D
14:46:33,UNVR,RG,4080,2,D,PD,IH,D
14:46:33,UNVR,RG,4080,4,D,NI,IH,D
14:46:33,UNVR,RG,4080,1,F,ZP,IH,D
14:46:33,UNVR,RG,4080,1,D,XC,IH,D
14:46:33,UNVR,RG,4080,2,D,RB,IH,D
14:46:33,UNVR,RG,4080,10,D,CC,IH,D
14:46:33,UNVR,RG,4080,7,D,KK,IH,D
14:46:33,UNVR,RG,4080,1,D,XL,IH,D
14:46:33,UNVR,RG,4080,5,D,YP,IH,D
14:46:33,UNVR,RG,4080,1,D,NI,IH,D
14:46:33,UNVR,RG,4080,1,D,XC,IH,D
14:46:33,UNVR,RG,4080,3,D,KK,IH,D
14:46:33,UNVR,RG,4080,3,D,YP,IH,D
14:46:33,UNVR,RG,4080,8,F,YU,IH,D
14:46:33,UNVR,RG,4080,2,D,YU,IH,D
14:46:33,UNVR,RG,4080,1,D,PD,IH,D
14:46:33,UNVR,RG,4080,5,D,KK,IH,D
14:46:33,UNVR,RG,4080,39,D,YP,IH,D
14:46:31,UNVR,RG,4090,13,F,BK,BB,D
14:46:23,UNVR,RG,4090,35,F,YU,BB,D
14:46:22,UNVR,RG,4080,1,D,YP,SQ,D
14:46:22,UNVR,RG,4080,4,D,NI,SQ,D
14:46:10,UNVR,RG,4090,10,F,ZP,BB,D
14:46:09,UNVR,RG,4090,217,D,PD,BB,D
14:46:06,UNVR,RG,4090,1,D,NI,BB,D
14:46:00,UNVR,RG,4090,10,D,PD,BB,D
14:45:48,UNVR,RG,4090,1,D,XC,BB,D
14:45:47,UNVR,RG,4090,11,F,BK,BB,D
14:45:46,UNVR,RG,4090,35,F,YU,BB,D
14:45:46,UNVR,RG,4080,5,D,NI,YP,D
14:45:42,UNVR,RG,4090,1,D,CC,BB,D
14:45:41,UNVR,RG,4090,16,F,ZP,BB,D
14:45:40,UNVR,RG,4090,2,F,ZP,BB,D
14:45:37,UNVR,RG,4090,2,D,XL,BB,D
14:45:36,UNVR,RG,4090,50,D,NI,BB,D
14:45:23,UNVR,RG,4090,35,F,YU,BB,D
14:45:21,UNVR,RG,4080,1,D,NI,PD,D
14:45:21,UNVR,RG,4080,2,D,RB,PD,D
14:45:21,UNVR,RG,4080,10,D,YP,PD,D
14:45:21,UNVR,RG,4080,4,D,YP,PD,D
14:45:17,UNVR,RG,4090,1,D,NI,BB,D
14:45:17,UNVR,RG,4090,8,D,CC,BB,D
14:45:17,UNVR,RG,4090,1,D,XC,BB,D
14:45:13,UNVR,RG,4080,46,D,YP,GR,D
14:45:13,UNVR,RG,4080,1,D,CC,GR,D
14:45:13,UNVR,RG,4080,1,F,ZP,GR,D
14:45:13,UNVR,RG,4080,2,D,GR,GR,D
14:45:07,UNVR,RG,4090,1,D,NI,BB,D
14:45:01,UNVR,RG,4090,36,F,YU,BB,D
14:44:59,UNVR,RG,4090,5,D,CC,BB,D
14:44:58,UNVR,RG,4090,11,F,BK,BB,D
14:44:56,UNVR,RG,4080,2,D,GR,XC,D
14:44:53,UNVR,RG,4090,100,D,CC,BB,D
14:44:51,UNVR,RG,4090,5,D,CC,BB,D
14:44:47,UNVR,RG,4090,10,D,PD,BB,D
14:44:45,UNVR,RG,4080,1,D,GR,XC,D
14:44:43,UNVR,RG,4090,132,D,PD,BB,D
14:44:43,UNVR,RG,4090,85,D,PD,PD,D
14:44:42,UNVR,RG,4080,2,D,GR,XC,D
14:44:42,UNVR,RG,4080,3,D,PD,XC,D
14:44:42,UNVR,RG,4080,6,D,NI,XC,D
14:44:41,UNVR,RG,4090,35,F,YU,PD,D
14:44:41,UNVR,RG,4080,4,D,NI,AZ,D
14:44:41,UNVR,RG,4080,5,D,DH,AZ,D
14:44:41,UNVR,RG,4080,1,F,BK,AZ,D
14:44:41,UNVR,RG,4080,10,D,XC,AZ,D
14:44:41,UNVR,RG,4080,30,D,NI,AZ,D
14:44:38,UNVR,RG,4090,30,F,AG,PD,D
14:44:31,UNVR,RG,4080,66,D,NI,CC,D
14:44:30,UNVR,RG,4090,10,D,DX,PD,D
14:44:27,UNVR,RG,4080,1,D,NI,DR,D
14:44:18,UNVR,RG,4090,16,F,ZP,PD,D
14:44:18,UNVR,RG,4090,1,F,ZP,PD,D
14:44:18,UNVR,RG,4090,15,F,ZP,PD,D
14:44:17,UNVR,RG,4090,11,F,BK,PD,D
14:44:11,UNVR,RG,4080,1,D,NI,EP,D
14:44:10,UNVR,RG,4090,3,D,CP,PD,D
14:44:10,UNVR,RG,4090,7,D,CP,PD,D
14:44:07,UNVR,RG,4080,9,D,NI,DR,D
14:44:06,UNVR,RG,4090,1,D,YP,PD,D
14:44:00,UNVR,RG,4080,1,D,NI,CC,D
14:43:57,UNVR,RG,4080,1,D,NI,BK,F
14:43:53,UNVR,RG,4090,35,F,YU,PD,D
14:43:50,UNVR,RG,4090,8,F,YU,PD,D
14:43:48,UNVR,RG,4090,20,F,YP,PD,D
14:43:47,UNVR,RG,4090,1,D,SQ,PD,D
14:43:33,UNVR,RG,4090,1,D,PD,PD,D
14:43:31,UNVR,RG,4090,1,F,ZP,PD,D
14:43:30,UNVR,RG,4090,2,D,SQ,PD,D
14:43:23,UNVR,RG,4090,35,F,YU,PD,D
14:43:23,UNVR,RG,4090,1,D,XC,PD,D
14:43:19,UNVR,RG,4090,13,F,BK,PD,D
14:43:13,UNVR,RG,4090,1,F,ZP,PD,D
14:43:13,UNVR,RG,4080,2,D,NI,BK,F
14:43:12,UNVR,RG,4090,40,D,DR,PD,D
14:43:12,UNVR,RG,4090,217,D,PD,PD,D
14:43:05,UNVR,RG,4090,20,D,CC,PD,D
14:43:04,UNVR,RG,4090,4,D,HP,PD,D
14:43:01,UNVR,RG,4090,7,F,ZP,PD,D
14:42:59,UNVR,RG,4090,35,F,YU,PD,D
14:42:53,UNVR,RG,4080,9,D,NI,YB,D
14:42:40,UNVR,RG,4090,10,D,PD,PD,D
14:42:38,UNVR,RG,4090,100,D,DR,PD,D
14:42:35,UNVR,RG,4090,35,F,YU,PD,D
14:42:34,UNVR,RG,4090,11,F,BK,PD,D
14:42:25,UNVR,RG,4090,30,F,AG,PD,D
14:42:23,UNVR,RG,4080,24,D,NI,BK,F
14:42:19,UNVR,RG,4090,1,D,HP,PD,D
14:42:18,UNVR,RG,4080,20,D,NI,BK,F
14:42:14,UNVR,RG,4080,44,D,NI,BK,F
14:42:14,UNVR,RG,4090,11,F,ZP,PD,D
14:42:13,UNVR,RG,4090,35,F,YU,PD,D
14:42:13,UNVR,RG,4090,111,D,PD,PD,D
14:42:13,UNVR,RG,4090,1,D,PD,YP,D
14:42:13,UNVR,RG,4090,3,D,PD,PD,D
14:42:13,UNVR,RG,4090,7,D,PD,AT,D
14:42:13,UNVR,RG,4090,22,D,PD,PD,D
14:42:13,UNVR,RG,4090,5,D,PD,PD,D
14:42:13,UNVR,RG,4090,68,D,PD,YP,D
14:41:56,UNVR,RG,4080,2,D,NI,XC,D
14:41:55,UNVR,RG,4080,5,D,NI,SQ,D
14:41:50,UNVR,RG,4090,36,F,YU,YP,D
14:41:44,UNVR,RG,4080,16,D,NI,BK,F
14:41:44,UNVR,RG,4080,4,D,YP,BK,F
14:41:44,UNVR,RG,4080,1,D,YP,KZ,D
14:41:44,UNVR,RG,4080,2,D,PD,KZ,D
14:41:44,UNVR,RG,4080,2,D,KK,KZ,D
14:41:44,UNVR,RG,4080,23,D,KK,KZ,D
14:41:44,UNVR,RG,4080,2,D,NI,KZ,D
14:41:44,UNVR,RG,4080,5,D,SQ,KZ,D
14:41:44,UNVR,RG,4080,1,D,PD,KZ,D
14:41:44,UNVR,RG,4080,2,D,XC,KZ,D
14:41:44,UNVR,RG,4080,1,D,XC,KZ,D
14:41:40,UNVR,RG,4080,10,D,PD,BK,F
14:41:40,UNVR,RG,4080,3,D,XC,BK,F
14:41:40,UNVR,RG,4080,2,D,YP,BK,F
14:41:40,UNVR,RG,4080,7,D,LG,BK,F
14:41:39,UNVR,RG,4080,13,D,LG,KZ,D
14:41:39,UNVR,RG,4080,1,F,ZP,KZ,D
14:41:39,UNVR,RG,4080,1,D,PD,KZ,D
14:41:39,UNVR,RG,4080,2,D,YP,KZ,D
14:41:39,UNVR,RG,4080,1,D,LG,KZ,D
14:41:39,UNVR,RG,4080,5,D,SQ,KZ,D
14:41:39,UNVR,RG,4080,5,D,CC,KZ,D
14:41:39,UNVR,RG,4080,5,D,XC,KZ,D
14:41:39,UNVR,RG,4080,5,D,XC,KZ,D
14:41:39,UNVR,RG,4080,2,D,PD,KZ,D
14:41:39,UNVR,RG,4080,6,D,XC,KZ,D
14:41:39,UNVR,RG,4080,1,D,YP,KZ,D
14:41:39,UNVR,RG,4080,2,D,PD,KZ,D
14:41:39,UNVR,RG,4080,3,D,NI,KZ,D
14:41:39,UNVR,RG,4080,13,F,YU,KZ,D
14:41:34,UNVR,RG,4080,11,F,YU,BK,F
14:41:34,UNVR,RG,4080,1,D,YP,BK,F
14:41:34,UNVR,RG,4080,2,F,YP,BK,F
14:41:32,UNVR,RG,4090,19,D,YP,YP,D
14:41:32,UNVR,RG,4090,1,D,YP,KK,D
14:41:32,UNVR,RG,4090,3,D,YP,KZ,D
14:41:32,UNVR,RG,4090,2,D,YP,KZ,D
14:41:32,UNVR,RG,4090,18,F,DH,KZ,D
14:41:32,UNVR,RG,4090,32,F,DH,KZ,D
14:41:23,UNVR,RG,4080,8,F,YP,BK,F
14:41:23,UNVR,RG,4080,5,D,PD,BK,F
14:41:22,UNVR,RG,4080,1,D,KK,DR,D
14:41:22,UNVR,RG,4080,10,D,YP,DR,D
14:41:21,UNVR,RG,4080,8,D,YP,DR,D
14:41:20,UNVR,RG,4090,5,F,YU,KZ,D
14:41:20,UNVR,RG,4090,17,F,YU,BK,F
14:41:20,UNVR,RG,4090,1,F,YU,XC,D
14:41:20,UNVR,RG,4090,1,F,YU,PD,D
14:41:20,UNVR,RG,4090,3,F,YU,PD,D
14:41:20,UNVR,RG,4090,1,F,YU,YP,D
14:41:20,UNVR,RG,4090,7,F,YU,BB,D
14:41:18,UNVR,RG,4080,1,D,YP,XC,D
14:41:18,UNVR,RG,4080,6,D,YP,BK,F
14:41:18,UNVR,RG,4080,5,D,XC,BK,F
14:41:18,UNVR,RG,4080,5,D,NI,BK,F
14:41:18,UNVR,RG,4080,1,D,XC,BK,F
14:41:18,UNVR,RG,4080,2,D,XC,BK,F
14:41:18,UNVR,RG,4080,17,F,ZP,BK,F
14:41:16,UNVR,RG,4090,10,F,ZP,BB,D
14:41:15,UNVR,RG,4090,217,D,PD,BB,D
14:41:12,UNVR,RG,4080,19,F,ZP,BK,F
14:41:10,UNVR,RG,4090,11,F,BK,BB,D
14:40:59,UNVR,RG,4090,5,D,YP,BB,D
14:40:57,UNVR,RG,4090,20,D,LG,BB,D
14:40:45,UNVR,RG,4090,4,F,ZP,BB,D
14:40:36,UNVR,RG,4090,35,F,YU,BB,D
14:40:28,UNVR,RG,4090,1,D,XC,BB,D
14:40:18,UNVR,RG,4090,11,F,ZP,BB,D
14:40:17,UNVR,RG,4090,217,D,PD,BB,D
14:40:16,UNVR,RG,4090,2,D,PD,BB,D
14:40:04,UNVR,RG,4090,2,D,XC,BB,D
14:40:00,UNVR,RG,4090,35,F,YU,BB,D
14:39:59,UNVR,RG,4090,1,D,XC,BB,D
14:39:53,UNVR,RG,4090,2,D,CD,BB,D
14:39:49,UNVR,RG,4090,5,D,CC,BB,D
14:39:46,UNVR,RG,4090,1,D,SQ,BB,D
14:39:45,UNVR,RG,4090,11,F,BK,BB,D
14:39:32,UNVR,RG,4090,217,D,PD,BB,D
14:39:26,UNVR,RG,4090,1,D,AT,BB,D
14:39:10,UNVR,RG,4090,35,F,YU,BB,D
14:39:04,UNVR,RG,4090,10,D,YP,BB,D
14:39:01,UNVR,RG,4090,1,D,XC,BB,D
14:39:00,UNVR,RG,4090,5,D,CC,BB,D
14:38:57,UNVR,RG,4090,10,D,XC,BB,D
14:38:56,UNVR,RG,4090,10,D,KK,BB,D
14:38:46,UNVR,RG,4090,1,D,AT,BB,D
14:38:45,UNVR,RG,4090,4,D,NI,BB,D
14:38:43,UNVR,RG,4090,3,D,XC,BB,D
14:38:27,UNVR,RG,4090,1,D,NI,BB,D
14:38:26,UNVR,RG,4090,217,D,PD,BB,D
14:38:26,UNVR,RG,4090,9,D,XC,BB,D
14:38:18,UNVR,RG,4090,35,F,YU,BB,D
14:38:16,UNVR,RG,4090,11,F,BK,BB,D
14:38:09,UNVR,RG,4080,4,F,ZP,PD,D
14:38:03,UNVR,RG,4090,8,F,ZP,BB,D
14:37:54,UNVR,RG,4090,1,D,XC,BB,D
14:37:50,UNVR,RG,4090,2,D,XC,BB,D
14:37:43,UNVR,RG,4090,3,D,XC,BB,D
14:37:32,UNVR,RG,4080,20,F,ZP,YP,D
14:37:30,UNVR,RG,4090,35,F,YU,BB,D
14:37:20,UNVR,RG,4090,217,D,PD,BB,D
14:37:14,UNVR,RG,4090,1,D,PD,BB,D
14:36:59,UNVR,RG,4080,5,F,ZP,SQ,D
14:36:55,UNVR,RG,4090,35,F,YU,BB,D
14:36:47,UNVR,RG,4080,15,F,ZP,NI,D
14:36:42,UNVR,RG,4090,30,D,KK,BB,D
14:36:35,UNVR,RG,4080,13,F,ZP,CC,D
14:36:32,UNVR,RG,4090,13,F,BK,BB,D
14:36:28,UNVR,RG,4090,1,D,PD,BB,D
14:36:26,UNVR,RG,4090,217,D,PD,BB,D
14:36:24,UNVR,RG,4090,1,D,PD,BB,D
14:36:21,UNVR,RG,4090,1,F,BK,BB,D
14:36:18,UNVR,RG,4090,1,D,CC,BB,D
14:36:16,UNVR,RG,4090,100,D,TP,BB,D
14:36:14,UNVR,RG,4090,10,D,PD,BB,D
14:36:14,UNVR,RG,4090,35,F,YU,BB,D
14:36:07,UNVR,RG,4080,1,F,ZP,PD,D
14:36:01,UNVR,RG,4090,11,F,ZP,BB,D
14:36:01,UNVR,RG,4090,14,F,ZP,BB,D
14:35:53,UNVR,RG,4090,5,D,PD,BB,D
14:35:43,UNVR,RG,4090,2,D,NI,BB,D
14:35:24,UNVR,RG,4090,35,F,YU,BB,D
14:35:16,UNVR,RG,4090,217,D,PD,BB,D
14:35:14,UNVR,RG,4090,8,D,YP,BB,D
14:35:12,UNVR,RG,4090,1,D,XC,BB,D
14:35:00,UNVR,RG,4090,20,D,AI,BB,D
14:34:54,UNVR,RG,4090,5,D,AT,BB,D
14:34:52,UNVR,RG,4080,1,F,ZP,OD,D
14:34:45,UNVR,RG,4090,13,F,BK,BB,D
14:34:41,UNVR,RG,4090,35,F,YU,BB,D
14:34:41,UNVR,RG,4080,20,F,ZP,CC,D
14:34:21,UNVR,RG,4080,10,F,ZP,XL,D
14:34:21,UNVR,RG,4090,217,D,PD,BB,D
14:34:14,UNVR,RG,4090,10,F,ZP,BB,D
14:34:07,UNVR,RG,4090,3,F,ZP,BB,D
14:34:07,UNVR,RG,4090,2,D,XC,BB,D
14:34:04,UNVR,RG,4080,1,F,ZP,OD,D
14:34:00,UNVR,RG,4080,24,F,ZP,CC,D
14:34:00,UNVR,RG,4080,16,F,ZP,CC,D
14:34:00,UNVR,RG,4080,2,D,YP,CC,D
14:33:56,UNVR,RG,4080,5,D,YP,YP,D
14:33:55,UNVR,RG,4090,1,D,XC,BB,D
14:33:54,UNVR,RG,4090,1,D,CC,BB,D
14:33:41,UNVR,RG,4090,1,D,XC,BB,D
14:33:40,UNVR,RG,4090,25,D,CC,BB,D
14:33:30,UNVR,RG,4090,5,F,YP,BB,D
14:33:23,UNVR,RG,4090,1,D,YP,BB,D
14:33:19,UNVR,RG,4090,1,D,XC,BB,D
14:33:17,UNVR,RG,4090,8,F,ZP,BB,D
14:33:17,UNVR,RG,4090,54,F,ZP,BB,D
14:33:16,UNVR,RG,4090,7,D,PD,BB,D
14:33:16,UNVR,RG,4090,2,D,PD,XC,D
14:33:16,UNVR,RG,4090,3,D,PD,XC,D
14:33:16,UNVR,RG,4090,16,D,PD,DR,D
14:33:16,UNVR,RG,4090,14,D,PD,DR,D
14:33:16,UNVR,RG,4090,175,D,PD,CS,F
14:33:15,UNVR,RG,4090,1,D,XC,CS,F
14:33:08,UNVR,RG,4090,12,F,BK,CS,F
14:33:06,UNVR,RG,4090,5,F,ZP,CS,F
14:33:02,UNVR,RG,4080,1,D,YP,OD,D
14:33:01,UNVR,RG,4090,5,D,SQ,CS,F
14:32:58,UNVR,RG,4090,2,D,XC,CS,F
14:32:57,UNVR,RG,4090,50,D,PD,CS,F
14:32:53,UNVR,RG,4090,50,D,KK,CS,F
14:32:43,UNVR,RG,4090,4,D,XC,CS,F
14:32:30,UNVR,RG,4090,8,F,ZP,CS,F
14:32:27,UNVR,RG,4080,17,D,YP,BK,F
14:32:27,UNVR,RG,4080,1,D,PD,BK,F
14:32:24,UNVR,RG,4080,1,D,GR,BK,F
14:32:24,UNVR,RG,4080,32,D,OD,BK,F
14:32:20,UNVR,RG,4090,217,D,PD,CS,F
14:32:13,UNVR,RG,4090,10,D,OD,CS,F
14:32:09,UNVR,RG,4080,18,D,OD,BK,F
14:32:09,UNVR,RG,4080,1,D,XC,BK,F
14:32:09,UNVR,RG,4080,5,D,AT,BK,F
14:32:06,UNVR,RG,4090,5,D,PD,CS,F
14:32:05,UNVR,RG,4080,24,F,YU,BK,F
14:32:03,UNVR,RG,4080,7,F,YU,PD,D
14:32:00,UNVR,RG,4080,103,F,YU,BK,F
14:32:00,UNVR,RG,4090,1,D,NI,CS,F
14:32:00,UNVR,RG,4080,1,F,YU,OD,D
14:31:59,UNVR,RG,4080,60,F,YU,PD,D
14:31:59,UNVR,RG,4080,2,D,PD,PD,D
14:31:59,UNVR,RG,4080,1,D,PD,PD,D
14:31:59,UNVR,RG,4080,1,D,CC,PD,D
14:31:59,UNVR,RG,4080,1,D,PD,PD,D
14:31:59,UNVR,RG,4080,10,D,YP,PD,D
14:31:59,UNVR,RG,4080,20,D,SQ,PD,D
14:31:59,UNVR,RG,4080,1,D,NI,PD,D
14:31:59,UNVR,RG,4080,1,D,YP,PD,D
14:31:59,UNVR,RG,4080,6,D,YP,PD,D
14:31:59,UNVR,RG,4080,14,D,YP,PD,D
14:31:59,UNVR,RG,4080,5,D,SQ,PD,D
14:31:59,UNVR,RG,4080,10,D,PD,PD,D
14:31:59,UNVR,RG,4080,40,D,CC,PD,D
14:31:59,UNVR,RG,4080,5,D,PD,PD,D
14:31:59,UNVR,RG,4080,15,D,YP,PD,D
14:31:59,UNVR,RG,4080,1,D,XC,PD,D
14:31:59,UNVR,RG,4080,2,D,CC,PD,D
14:31:59,UNVR,RG,4080,2,D,PD,PD,D
14:31:59,UNVR,RG,4080,1,D,XC,PD,D
14:31:59,UNVR,RG,4080,5,D,PD,PD,D
14:31:59,UNVR,RG,4080,3,D,PD,PD,D
14:31:59,UNVR,RG,4080,1,D,LG,PD,D
14:31:59,UNVR,RG,4080,1,D,YP,PD,D
14:31:59,UNVR,RG,4080,1,D,PD,PD,D
14:31:59,UNVR,RG,4080,1,D,CC,PD,D
14:31:59,UNVR,RG,4080,25,D,OD,PD,D
14:31:59,UNVR,RG,4080,1,D,XC,PD,D
14:31:59,UNVR,RG,4080,1,D,SQ,PD,D
14:31:59,UNVR,RG,4080,1,D,PD,PD,D
14:31:59,UNVR,RG,4080,5,D,PD,PD,D
14:31:59,UNVR,RG,4080,1,D,YP,PD,D
14:31:59,UNVR,RG,4080,30,D,CC,PD,D
14:31:59,UNVR,RG,4080,5,D,YP,PD,D
14:31:59,UNVR,RG,4080,1,D,PD,PD,D
14:31:59,UNVR,RG,4080,2,D,NI,PD,D
14:31:59,UNVR,RG,4080,1,D,XC,PD,D
14:31:59,UNVR,RG,4080,50,D,EP,PD,D
14:31:59,UNVR,RG,4080,5,D,XC,PD,D
14:31:59,UNVR,RG,4080,5,D,NI,PD,D
14:31:59,UNVR,RG,4080,1,D,XC,PD,D
14:31:59,UNVR,RG,4080,3,D,KK,PD,D
14:31:59,UNVR,RG,4080,10,D,YP,PD,D
14:31:59,UNVR,RG,4080,10,D,PD,PD,D
14:31:59,UNVR,RG,4080,1,D,SQ,PD,D
14:31:59,UNVR,RG,4080,100,D,AG,PD,D
14:31:59,UNVR,RG,4080,4,D,PD,PD,D
14:31:59,UNVR,RG,4080,1,D,XC,PD,D
14:31:59,UNVR,RG,4080,5,D,DH,PD,D
14:31:59,UNVR,RG,4080,5,D,YP,PD,D
14:31:59,UNVR,RG,4080,10,D,YP,PD,D
14:31:59,UNVR,RG,4080,2,D,XC,PD,D
14:31:59,UNVR,RG,4080,1,D,PD,PD,D
14:31:59,UNVR,RG,4080,2,D,XC,PD,D
14:31:59,UNVR,RG,4080,1,D,PD,PD,D
14:31:59,UNVR,RG,4090,1,D,CP,CS,F
14:31:55,UNVR,RG,4090,1,D,CC,CS,F
14:31:53,UNVR,RG,4090,1,D,YP,CS,F
14:31:33,UNVR,RG,4090,5,D,XL,CS,F
14:31:29,UNVR,RG,4080,16,D,PD,BK,F
14:31:26,UNVR,RG,4090,9,F,ZP,CS,F
14:31:25,UNVR,RG,4090,35,F,YU,CS,F
14:31:23,UNVR,RG,4090,12,F,BK,CS,F
14:31:15,UNVR,RG,4080,13,D,PD,BK,F
14:31:12,UNVR,RG,4080,20,D,PD,BK,F
14:31:12,UNVR,RG,4080,1,D,YP,BK,F
14:31:12,UNVR,RG,4080,1,D,YP,BK,F
14:31:12,UNVR,RG,4080,2,D,NI,BK,F
14:31:12,UNVR,RG,4080,1,D,NI,BK,F
14:31:12,UNVR,RG,4080,7,D,NI,BK,F
14:31:12,UNVR,RG,4080,5,D,NI,BK,F
14:31:09,UNVR,RG,4090,217,D,PD,CS,F
14:31:03,UNVR,RG,4090,2,D,YP,CS,F
14:31:01,UNVR,RG,4080,15,D,NI,BK,F
14:31:01,UNVR,RG,4080,3,D,YP,BK,F
14:30:59,UNVR,RG,4080,1,D,YP,OD,D
14:30:59,UNVR,RG,4090,35,F,YU,CS,F
14:30:52,UNVR,RG,4090,2,D,XC,CS,F
14:30:49,UNVR,RG,4090,22,D,YP,CS,F
14:30:47,UNVR,RG,4080,15,D,YP,BK,F
14:30:46,UNVR,RG,4080,5,D,YP,XC,D
14:30:42,UNVR,RG,4090,24,F,YU,CS,F
14:30:33,UNVR,RG,4090,35,F,YU,CS,F
14:30:27,UNVR,RG,4090,1,D,NI,CS,F
14:30:27,UNVR,RG,4080,18,D,YP,BK,F
14:30:22,UNVR,RG,4080,26,D,YP,BK,F
14:30:21,UNVR,RG,4090,4,F,ZP,CS,F
14:30:19,UNVR,RG,4090,42,D,LS,CS,F
14:30:19,UNVR,RG,4090,58,D,LS,CS,F
14:30:18,UNVR,RG,4080,24,D,YP,BK,F
14:30:16,UNVR,RG,4080,8,D,YP,PD,D
14:30:16,UNVR,RG,4080,5,D,CC,PD,D
14:30:16,UNVR,RG,4080,1,D,OD,PD,D
14:30:16,UNVR,RG,4080,10,D,NI,PD,D
14:30:16,UNVR,RG,4080,1,D,PD,PD,D
14:30:16,UNVR,RG,4080,1,D,PD,PD,D
14:30:16,UNVR,RG,4080,9,D,YP,PD,D
14:30:15,UNVR,RG,4080,45,D,YP,BK,F
14:30:15,UNVR,RG,4090,36,F,YU,CS,F
14:30:12,UNVR,RG,4090,217,D,PD,CS,F
14:30:02,UNVR,RG,4090,8,F,YU,CS,F
14:29:59,UNVR,RG,4090,36,F,YU,CS,F
14:29:57,UNVR,RG,4080,1,D,YP,OD,D
14:29:50,UNVR,RG,4080,1,D,YP,DR,D
14:29:48,UNVR,RG,4080,4,D,YP,BK,F
14:29:48,UNVR,RG,4080,4,D,PD,BK,F
14:29:48,UNVR,RG,4080,1,D,LG,BK,F
14:29:48,UNVR,RG,4080,4,D,SQ,BK,F
14:29:44,UNVR,RG,4080,1,D,DH,YB,D
14:29:44,UNVR,RG,4090,35,F,YU,CS,F
14:29:36,UNVR,RG,4080,2,D,DH,NI,D
14:29:33,UNVR,RG,4080,7,D,DH,BK,F
14:29:33,UNVR,RG,4080,2,D,CC,BK,F
14:29:33,UNVR,RG,4080,11,D,NI,BK,F
14:29:31,UNVR,RG,4080,9,D,NI,BK,F
14:29:31,UNVR,RG,4080,18,D,CC,BK,F
14:29:30,UNVR,RG,4090,13,F,BK,CS,F
14:29:29,UNVR,RG,4080,98,D,CC,BK,F
14:29:28,UNVR,RG,4090,35,F,YU,CS,F
14:29:24,UNVR,RG,4090,500,D,SQ,CS,F
14:29:20,UNVR,RG,4080,21,D,CC,BK,F
14:29:16,UNVR,RG,4080,47,D,CC,BK,F
14:29:14,UNVR,RG,4090,217,D,PD,CS,F
14:29:12,UNVR,RG,4090,36,F,YU,CS,F
14:29:05,UNVR,RG,4080,1,D,CC,PD,D
14:29:02,UNVR,RG,4080,15,D,CC,NI,D
14:29:02,UNVR,RG,4080,1,D,XL,NI,D
14:29:02,UNVR,RG,4080,1,D,XC,NI,D
14:29:02,UNVR,RG,4080,1,D,SQ,NI,D
14:29:02,UNVR,RG,4080,1,D,PD,NI,D
14:29:02,UNVR,RG,4080,6,D,PD,NI,D
14:29:01,UNVR,RG,4080,4,D,PD,BK,F
14:29:01,UNVR,RG,4080,2,D,PD,BK,F
14:29:01,UNVR,RG,4080,1,D,YP,BK,F
14:29:01,UNVR,RG,4080,2,D,YP,BK,F
14:29:01,UNVR,RG,4080,1,D,DR,BK,F
14:29:01,UNVR,RG,4080,5,D,XC,BK,F
14:29:01,UNVR,RG,4080,1,D,NI,BK,F
14:29:01,UNVR,RG,4080,3,D,YP,BK,F
14:28:58,UNVR,RG,4090,35,F,YU,CS,F
14:28:57,UNVR,RG,4080,1,D,YP,OD,D
14:28:44,UNVR,RG,4090,15,F,YU,CS,F
14:28:44,UNVR,RG,4090,10,F,YU,LG,D
14:28:44,UNVR,RG,4090,12,F,YU,SQ,D
14:28:42,UNVR,RG,4080,6,D,YP,BK,F
14:28:42,UNVR,RG,4080,2,D,KK,BK,F
14:28:42,UNVR,RG,4080,5,D,KK,BK,F
14:28:42,UNVR,RG,4080,1,D,DR,BK,F
14:28:42,UNVR,RG,4080,1,D,XC,BK,F
14:28:42,UNVR,RG,4080,1,D,CC,BK,F
14:28:42,UNVR,RG,4080,1,D,CC,BK,F
14:28:36,UNVR,RG,4080,9,D,CC,BK,F
14:28:36,UNVR,RG,4080,5,D,PD,BK,F
14:28:36,UNVR,RG,4080,4,D,XC,BK,F
14:28:31,UNVR,RG,4080,6,D,XC,BK,F
14:28:31,UNVR,RG,4080,5,D,YP,BK,F
14:28:31,UNVR,RG,4080,2,D,XL,BK,F
14:28:31,UNVR,RG,4080,20,D,NI,BK,F
14:28:31,UNVR,RG,4080,3,D,YP,BK,F
14:28:31,UNVR,RG,4080,5,D,XC,BK,F
14:28:31,UNVR,RG,4080,3,D,SQ,BK,F
14:28:30,UNVR,RG,4090,36,F,YU,SQ,D
14:28:30,UNVR,RG,4080,1,D,SQ,XC,D
14:28:27,UNVR,RG,4090,52,D,PD,SQ,D
14:28:27,UNVR,RG,4090,10,D,PD,YP,D
14:28:27,UNVR,RG,4090,1,D,PD,PD,D
14:28:27,UNVR,RG,4090,154,D,PD,BB,D
14:28:27,UNVR,RG,4080,18,D,SQ,BK,F
14:28:25,UNVR,RG,4080,28,D,SQ,CP,D
14:28:25,UNVR,RG,4080,10,D,LG,CP,D
14:28:25,UNVR,RG,4080,10,D,DH,CP,D
14:28:25,UNVR,RG,4080,10,D,LG,CP,D
14:28:25,UNVR,RG,4080,10,D,PD,CP,D
14:28:25,UNVR,RG,4080,2,D,XC,CP,D
14:28:25,UNVR,RG,4080,1,D,HP,CP,D
14:28:25,UNVR,RG,4080,2,D,SQ,CP,D
14:28:25,UNVR,RG,4080,3,D,PD,CP,D
14:28:25,UNVR,RG,4080,10,D,XC,CP,D
14:28:25,UNVR,RG,4080,5,D,NI,CP,D
14:28:25,UNVR,RG,4080,9,D,BQ,CP,D
14:28:23,UNVR,RG,4080,11,D,BQ,BK,F
14:28:23,UNVR,RG,4080,2,D,AG,BK,F
14:28:17,UNVR,RG,4080,3,D,AG,BK,F
14:28:17,UNVR,RG,4080,1,D,YP,BK,F
14:28:17,UNVR,RG,4080,2,D,CC,BK,F
14:28:17,UNVR,RG,4080,4,D,PD,BK,F
14:28:17,UNVR,RG,4080,3,D,PD,BK,F
14:28:17,UNVR,RG,4080,1,D,NI,BK,F
14:28:16,UNVR,RG,4090,10,D,PD,BB,D
14:28:15,UNVR,RG,4080,11,D,NI,BK,F
14:28:15,UNVR,RG,4080,15,D,CC,BK,F
14:28:14,UNVR,RG,4090,36,F,YU,BB,D
14:28:14,UNVR,RG,4080,35,D,CC,KZ,D
14:28:14,UNVR,RG,4080,10,D,DR,KZ,D
14:28:14,UNVR,RG,4080,2,D,YP,KZ,D
14:28:14,UNVR,RG,4080,1,D,EP,KZ,D
14:28:14,UNVR,RG,4080,1,D,CC,KZ,D
14:28:14,UNVR,RG,4080,1,D,XC,KZ,D
14:28:14,UNVR,RG,4080,1,D,XC,KZ,D
14:28:14,UNVR,RG,4080,2,D,YP,KZ,D
14:28:14,UNVR,RG,4080,1,D,YU,KZ,D
14:28:14,UNVR,RG,4080,1,D,XC,KZ,D
14:28:14,UNVR,RG,4080,10,D,DR,KZ,D
14:28:14,UNVR,RG,4080,12,D,YP,KZ,D
14:28:13,UNVR,RG,4080,8,D,YP,BK,F
14:28:13,UNVR,RG,4080,25,D,KK,BK,F
14:28:13,UNVR,RG,4080,4,D,PD,BK,F
14:28:13,UNVR,RG,4080,3,D,DH,BK,F
14:28:12,UNVR,RG,4080,47,D,DH,PD,D
14:28:12,UNVR,RG,4080,12,D,YU,PD,D
14:28:12,UNVR,RG,4080,1,D,PD,PD,D
14:28:12,UNVR,RG,4080,2,D,PD,PD,D
14:28:12,UNVR,RG,4080,2,D,KK,PD,D
14:28:12,UNVR,RG,4080,10,D,PD,PD,D
14:28:12,UNVR,RG,4080,1,D,PD,PD,D
14:28:12,UNVR,RG,4080,15,D,YP,PD,D
14:28:12,UNVR,RG,4080,1,D,XL,PD,D
14:28:12,UNVR,RG,4080,12,D,YP,PD,D
14:28:12,UNVR,RG,4080,38,D,YP,PD,D
14:28:12,UNVR,RG,4080,2,D,PD,PD,D
14:28:12,UNVR,RG,4080,6,D,SQ,PD,D
14:28:12,UNVR,RG,4080,1,D,YP,PD,D
14:28:12,UNVR,RG,4080,1,D,TF,PD,D
14:28:12,UNVR,RG,4080,1,D,AZ,PD,D
14:28:12,UNVR,RG,4080,1,D,GR,PD,D
14:28:12,UNVR,RG,4080,3,D,PD,PD,D
14:28:12,UNVR,RG,4080,1,D,CC,PD,D
14:28:12,UNVR,RG,4080,3,D,XC,PD,D
14:28:12,UNVR,RG,4080,8,D,SQ,PD,D
14:28:12,UNVR,RG,4080,25,D,XC,PD,D
14:28:12,UNVR,RG,4080,1,D,XC,PD,D
14:28:12,UNVR,RG,4080,3,D,PD,PD,D
14:28:12,UNVR,RG,4080,1,D,IH,PD,D
14:28:12,UNVR,RG,4080,1,D,KK,PD,D
14:28:12,UNVR,RG,4080,25,D,SQ,PD,D
14:28:12,UNVR,RG,4080,5,D,DR,PD,D
14:28:12,UNVR,RG,4080,1,D,YP,PD,D
14:28:12,UNVR,RG,4080,100,D,YP,PD,D
14:28:12,UNVR,RG,4080,1,D,PD,PD,D
14:28:12,UNVR,RG,4080,1,D,PD,PD,D
14:28:12,UNVR,RG,4080,1,D,AT,PD,D
14:28:12,UNVR,RG,4080,3,D,CC,PD,D
14:28:12,UNVR,RG,4080,50,D,YP,PD,D
14:28:12,UNVR,RG,4080,1,D,XC,PD,D
14:28:12,UNVR,RG,4080,5,D,XC,PD,D
14:28:12,UNVR,RG,4080,25,D,YB,PD,D
14:28:12,UNVR,RG,4080,82,D,LG,PD,D
14:27:55,UNVR,RG,4080,1,D,LG,OD,D
14:27:45,UNVR,RG,4080,1,D,LG,XC,D
14:27:44,UNVR,RG,4090,5,D,PD,BB,D
14:27:43,UNVR,RG,4090,217,D,PD,BB,D
14:27:36,UNVR,RG,4090,13,F,BK,BB,D
14:27:32,UNVR,RG,4080,2,D,LG,XC,D
14:27:28,UNVR,RG,4080,17,D,LG,YP,D
14:27:24,UNVR,RG,4080,2,D,LG,XC,D
14:27:23,UNVR,RG,4090,1,D,YU,BB,D
14:27:23,UNVR,RG,4090,35,F,YU,BB,D
14:27:08,UNVR,RG,4090,1,D,PD,BB,D
14:26:57,UNVR,RG,4080,1,D,LG,OD,D
14:26:42,UNVR,RG,4080,5,D,LG,DR,D
14:26:42,UNVR,RG,4090,108,D,PD,BB,D
14:26:42,UNVR,RG,4090,87,D,PD,BB,D
14:26:23,UNVR,RG,4080,7,D,LG,DR,D
14:26:15,UNVR,RG,4090,1,D,PD,BB,D
14:26:13,UNVR,RG,4090,35,F,YU,BB,D
14:25:55,UNVR,RG,4080,1,D,LG,OD,D
14:25:49,UNVR,RG,4090,12,F,BK,BB,D
14:25:49,UNVR,RG,4090,24,D,SQ,BB,D
14:25:24,UNVR,RG,4090,35,F,YU,BB,D
14:25:23,UNVR,RG,4090,6,F,ZP,BB,D
14:25:23,UNVR,RG,4090,31,F,ZP,BB,D
14:25:23,UNVR,RG,4090,5,D,XC,BB,D
14:25:22,UNVR,RG,4090,33,F,ZP,BB,D
14:25:22,UNVR,RG,4090,1,D,XC,BB,D
14:25:16,UNVR,RG,4090,109,D,PD,BB,D
14:25:13,UNVR,RG,4080,3,D,LG,XC,D
14:25:10,UNVR,RG,4080,50,D,LG,KK,D
14:25:09,UNVR,RG,4090,8,F,ZP,BB,D
14:24:56,UNVR,RG,4080,25,D,LG,XC,D
14:24:53,UNVR,RG,4080,1,D,LG,OD,D
14:24:45,UNVR,RG,4080,1,D,LG,PD,D
14:24:29,UNVR,RG,4090,2,D,CC,BB,D
14:24:23,UNVR,RG,4090,1,D,PD,BB,D
14:24:14,UNVR,RG,4080,1,D,LG,PD,D
14:24:14,UNVR,RG,4080,1,D,XC,PD,D
14:24:14,UNVR,RG,4080,4,D,XC,PD,D
14:24:14,UNVR,RG,4080,1,D,XC,PD,D
14:24:04,UNVR,RG,4090,2,D,NI,BB,D
14:23:53,UNVR,RG,4080,1,D,XC,OD,D
14:23:51,UNVR,RG,4090,13,F,BK,BB,D
14:23:41,UNVR,RG,4090,3,D,KK,BB,D
14:23:39,UNVR,RG,4080,1,D,XC,YP,D
14:23:23,UNVR,RG,4080,4,D,XC,DR,D
14:23:23,UNVR,RG,4080,3,D,DH,DR,D
14:23:23,UNVR,RG,4080,1,D,DH,DR,D
14:23:23,UNVR,RG,4080,2,D,SQ,DR,D
14:23:23,UNVR,RG,4080,1,D,CC,DR,D
14:23:23,UNVR,RG,4080,1,D,XL,DR,D
14:23:21,UNVR,RG,4090,5,D,PD,BB,D
14:23:18,UNVR,RG,4090,1,D,YP,BB,D
14:23:13,UNVR,RG,4090,4,D,YP,BB,D
14:23:09,UNVR,RG,4090,7,F,ZP,BB,D
14:23:05,UNVR,RG,4090,35,F,YU,BB,D
14:22:53,UNVR,RG,4080,1,D,XL,OD,D
14:22:33,UNVR,RG,4080,1,D,XL,CC,D
14:22:23,UNVR,RG,4080,5,D,XL,PD,D
14:22:21,UNVR,RG,4080,2,D,XL,NI,D
14:22:21,UNVR,RG,4080,1,D,PD,NI,D
14:22:21,UNVR,RG,4080,50,D,YP,NI,D
14:22:21,UNVR,RG,4080,10,D,EP,NI,D
14:22:21,UNVR,RG,4080,10,D,XC,NI,D
14:22:21,UNVR,RG,4080,5,D,PD,NI,D
14:22:21,UNVR,RG,4080,1,D,XC,NI,D
14:22:21,UNVR,RG,4080,1,D,XC,NI,D
14:22:21,UNVR,RG,4080,2,D,KK,NI,D
14:22:21,UNVR,RG,4080,1,D,PD,NI,D
14:22:21,UNVR,RG,4080,5,D,DH,NI,D
14:22:21,UNVR,RG,4080,1,D,YP,NI,D
14:22:21,UNVR,RG,4080,4,D,DH,NI,D
14:22:21,UNVR,RG,4080,1,D,MG,NI,D
14:22:21,UNVR,RG,4080,6,D,YU,NI,D
14:22:09,UNVR,RG,4090,11,F,BK,BB,D
14:21:55,UNVR,RG,4090,4,F,ZP,BB,D
14:21:51,UNVR,RG,4080,1,D,YU,OD,D
14:21:27,UNVR,RG,4090,12,F,ZP,BB,D
14:21:24,UNVR,RG,4090,20,D,EP,BB,D
14:21:06,UNVR,RG,4090,10,D,DH,BB,D
14:20:49,UNVR,RG,4080,1,D,YU,OD,D
14:20:48,UNVR,RG,4090,1,D,CC,BB,D
14:20:42,UNVR,RG,4090,35,F,YU,BB,D
14:20:28,UNVR,RG,4090,1,F,BK,BB,D
14:20:27,UNVR,RG,4090,1,D,YU,BB,D
14:20:12,UNVR,RG,4090,10,D,YP,BB,D
14:20:11,UNVR,RG,4090,3,D,YP,BB,D
14:20:10,UNVR,RG,4090,13,F,BK,BB,D
14:19:52,UNVR,RG,4090,1,D,YP,BB,D
14:19:49,UNVR,RG,4080,1,D,YU,OD,D
14:19:44,UNVR,RG,4090,50,D,YP,BB,D
14:19:35,UNVR,RG,4090,10,D,YP,BB,D
14:19:34,UNVR,RG,4090,20,D,YP,BB,D
14:19:26,UNVR,RG,4090,7,F,ZP,BB,D
14:19:23,UNVR,RG,4090,2,D,EP,BB,D
14:19:23,UNVR,RG,4090,1,D,XC,BB,D
14:19:19,UNVR,RG,4090,2,D,XC,BB,D
14:19:15,UNVR,RG,4090,13,F,ZP,BB,D
14:19:05,UNVR,RG,4090,7,D,PD,BB,D
14:18:50,UNVR,RG,4090,50,D,SQ,BB,D
14:18:50,UNVR,RG,4090,35,F,YU,BB,D
14:18:48,UNVR,RG,4090,1,D,YP,BB,D
14:18:47,UNVR,RG,4080,1,D,YU,OD,D
14:18:42,UNVR,RG,4090,5,D,NI,BB,D
14:18:42,UNVR,RG,4090,2,D,XC,BB,D
14:18:25,UNVR,RG,4090,2,D,CC,BB,D
14:18:25,UNVR,RG,4090,1,D,YP,BB,D
14:18:11,UNVR,RG,4090,12,F,BK,BB,D
14:18:07,UNVR,RG,4090,2,F,ZP,BB,D
14:18:06,UNVR,RG,4090,5,D,YP,BB,D
14:18:02,UNVR,RG,4080,1,D,CC,XC,D
14:17:57,UNVR,RG,4090,1,D,XC,BB,D
14:17:52,UNVR,RG,4080,2,D,CC,NI,D
14:17:52,UNVR,RG,4080,1,D,PD,NI,D
14:17:52,UNVR,RG,4080,1,D,PD,NI,D
14:17:52,UNVR,RG,4080,1,D,XL,NI,D
14:17:52,UNVR,RG,4080,5,F,YP,NI,D
14:17:52,UNVR,RG,4080,10,D,YP,NI,D
14:17:52,UNVR,RG,4080,1,D,PD,NI,D
14:17:52,UNVR,RG,4080,2,D,PD,NI,D
14:17:52,UNVR,RG,4080,2,D,CC,NI,D
14:17:51,UNVR,RG,4090,1,D,XL,BB,D
14:17:47,UNVR,RG,4080,1,D,CC,OD,D
14:17:39,UNVR,RG,4090,11,F,ZP,BB,D
14:17:35,UNVR,RG,4090,1,D,XC,BB,D
14:17:32,UNVR,RG,4090,1,D,XC,BB,D
14:17:29,UNVR,RG,4090,2,D,NI,BB,D
14:17:23,UNVR,RG,4090,14,F,ZP,BB,D
14:17:15,UNVR,RG,4090,1,D,XC,BB,D
14:17:12,UNVR,RG,4080,2,D,CC,YU,D
14:17:12,UNVR,RG,4080,3,D,YP,YU,D
14:16:58,UNVR,RG,4090,1,D,XC,BB,D
14:16:53,UNVR,RG,4080,2,D,YP,XL,D
14:16:53,UNVR,RG,4080,4,D,XC,XL,D
14:16:49,UNVR,RG,4090,3,D,PD,BB,D
14:16:47,UNVR,RG,4080,1,D,XC,OD,D
14:16:39,UNVR,RG,4090,35,F,YU,BB,D
14:16:33,UNVR,RG,4090,8,D,YP,BB,D
14:16:25,UNVR,RG,4090,11,F,BK,BB,D
14:16:16,UNVR,RG,4090,25,D,GR,BB,D
14:16:09,UNVR,RG,4090,35,F,YU,BB,D
14:15:59,UNVR,RG,4090,37,F,YU,BB,D
14:15:51,UNVR,RG,4090,39,F,YU,BB,D
14:15:45,UNVR,RG,4080,1,D,CC,OD,D
14:15:43,UNVR,RG,4090,38,F,YU,BB,D
14:15:42,UNVR,RG,4080,1,D,KK,SQ,D
14:15:42,UNVR,RG,4080,1,D,XC,SQ,D
14:15:42,UNVR,RG,4080,2,D,XC,SQ,D
14:15:42,UNVR,RG,4080,11,D,CC,SQ,D
14:15:35,UNVR,RG,4090,39,F,YU,BB,D
14:15:35,UNVR,RG,4090,25,D,GR,BB,D
14:15:30,UNVR,RG,4090,400,D,XC,BB,D
14:15:27,UNVR,RG,4090,35,F,YU,BB,D
14:15:23,UNVR,RG,4090,89,F,ZP,BB,D
14:15:20,UNVR,RG,4090,23,F,YU,BB,D
14:15:20,UNVR,RG,4090,35,F,YU,BB,D
14:15:17,UNVR,RG,4090,7,F,YU,BB,D
14:15:13,UNVR,RG,4090,35,F,YU,BB,D
14:15:11,UNVR,RG,4080,18,D,CC,BK,F
14:15:08,UNVR,RG,4080,71,D,CC,BK,F
14:15:08,UNVR,RG,4080,3,D,YP,BK,F
14:15:08,UNVR,RG,4080,2,D,DR,BK,F
14:15:08,UNVR,RG,4080,3,F,ZP,BK,F
14:15:08,UNVR,RG,4080,7,D,XC,BK,F
14:15:06,UNVR,RG,4090,14,F,ZP,BB,D
14:15:06,UNVR,RG,4090,37,F,YU,BB,D
14:15:06,UNVR,RG,4090,7,F,ZP,BB,D
14:15:06,UNVR,RG,4080,5,D,XC,BK,F
14:15:06,UNVR,RG,4080,10,D,XA,BK,F
14:15:06,UNVR,RG,4080,1,D,YP,BK,F
14:15:06,UNVR,RG,4080,24,F,ZP,BK,F
14:15:06,UNVR,RG,4080,15,D,SQ,BK,F
14:15:06,UNVR,RG,4080,301,D,YU,BK,F
14:15:05,UNVR,RG,4090,181,D,EP,BB,D
14:15:05,UNVR,RG,4090,6,D,EP,XC,D
14:15:05,UNVR,RG,4090,5,D,EP,PD,D
14:15:05,UNVR,RG,4090,48,D,EP,GR,D
14:15:05,UNVR,RG,4090,2,D,EP,XC,D
14:15:05,UNVR,RG,4090,1,D,EP,GR,D
14:15:05,UNVR,RG,4090,1,D,EP,XC,D
14:15:05,UNVR,RG,4090,51,D,EP,CC,D
14:15:05,UNVR,RG,4090,102,D,EP,PD,D
14:15:05,UNVR,RG,4090,397,D,EP,PD,D
14:15:05,UNVR,RG,4090,100,D,EP,CC,D
14:15:05,UNVR,RG,4090,2,D,EP,KK,D
14:15:05,UNVR,RG,4090,35,D,EP,NI,D
14:15:05,UNVR,RG,4090,20,D,EP,PD,D
14:15:05,UNVR,RG,4090,43,D,EP,DR,D
14:15:05,UNVR,RG,4090,24,D,EP,DR,D
14:15:05,UNVR,RG,4090,25,D,EP,OD,D
14:15:05,UNVR,RG,4090,6,D,EP,PD,D
14:15:05,UNVR,RG,4090,1,D,EP,PD,D
14:15:05,UNVR,RG,4090,103,D,EP,PD,D
14:15:05,UNVR,RG,4090,396,D,EP,PD,D
14:15:05,UNVR,RG,4090,251,D,EP,BK,F
14:15:05,UNVR,RG,4090,580,D,EP,BB,D
14:15:05,UNVR,RG,4090,544,D,EP,BB,D
14:15:00,UNVR,RG,4080,21,D,YU,BK,F
14:14:59,UNVR,RG,4090,36,F,YU,BB,D
14:14:56,UNVR,RG,4080,41,D,YU,BK,F
14:14:52,UNVR,RG,4090,38,F,YU,BB,D
14:14:50,UNVR,RG,4080,137,D,YU,BK,F
14:14:50,UNVR,RG,4080,1,D,EP,BK,F
14:14:50,UNVR,RG,4080,1,D,GR,BK,F
14:14:50,UNVR,RG,4080,1,D,YB,BK,F
14:14:50,UNVR,RG,4080,1,D,XC,BK,F
14:14:50,UNVR,RG,4080,2,D,XC,BK,F
14:14:50,UNVR,RG,4080,5,D,SQ,BK,F
14:14:50,UNVR,RG,4080,8,D,PD,BK,F
14:14:47,UNVR,RG,4090,1382,D,EP,BB,D
14:14:47,UNVR,RG,4090,103,D,EP,PD,D
14:14:47,UNVR,RG,4090,396,D,EP,PD,D
14:14:47,UNVR,RG,4090,1,D,EP,NI,D
14:14:47,UNVR,RG,4090,1,D,EP,CC,D
14:14:47,UNVR,RG,4090,36,D,EP,KZ,D
14:14:47,UNVR,RG,4090,20,D,EP,KZ,D
14:14:47,UNVR,RG,4090,2,D,EP,KZ,D
14:14:47,UNVR,RG,4090,1,D,EP,KK,D
14:14:47,UNVR,RG,4090,58,D,EP,PD,D
14:14:47,UNVR,RG,4080,1,D,PD,OD,D
14:14:44,UNVR,RG,4080,55,D,PD,YP,D
14:14:40,UNVR,RG,4090,36,F,YU,PD,D
14:14:39,UNVR,RG,4080,33,D,PD,KZ,D
14:14:39,UNVR,RG,4080,3,D,PD,KZ,D
14:14:39,UNVR,RG,4080,18,D,CC,KZ,D
14:14:33,UNVR,RG,4080,2,D,CC,PD,D
14:14:33,UNVR,RG,4080,3,D,PD,PD,D
14:14:33,UNVR,RG,4080,1,D,XC,PD,D
14:14:33,UNVR,RG,4080,97,D,DX,PD,D
14:14:33,UNVR,RG,4080,396,D,DX,PD,D
14:14:23,UNVR,RG,4090,9,F,BK,PD,D
14:14:23,UNVR,RG,4090,3,F,BK,PD,D
14:14:21,UNVR,RG,4090,5,D,YP,PD,D
14:14:19,UNVR,RG,4090,105,F,CC,PD,D
14:14:04,UNVR,RG,4090,1,D,YP,PD,D
14:14:02,UNVR,RG,4090,1,D,CC,PD,D
14:13:49,UNVR,RG,4090,2,D,PD,PD,D
14:13:45,UNVR,RG,4090,1,D,XL,PD,D
14:13:45,UNVR,RG,4080,1,D,DX,OD,D
14:13:32,UNVR,RG,4090,27,D,XL,PD,D
14:13:03,UNVR,RG,4090,10,D,YP,PD,D
14:13:03,UNVR,RG,4090,35,F,YU,PD,D
14:13:02,UNVR,RG,4080,3,D,DX,EP,D
14:12:50,UNVR,RG,4090,12,D,XC,PD,D
14:12:33,UNVR,RG,4090,1,D,XC,PD,D
14:12:10,UNVR,RG,4090,13,F,BK,PD,D
14:11:52,UNVR,RG,4090,1,D,XL,PD,D
14:11:45,UNVR,RG,4080,1,D,DX,OD,D
14:11:45,UNVR,RG,4090,5,F,ZP,PD,D
14:11:37,UNVR,RG,4080,25,D,DX,PD,D
14:11:31,UNVR,RG,4090,5,D,XC,PD,D
14:11:14,UNVR,RG,4090,2,D,KK,PD,D
14:10:48,UNVR,RG,4080,1,D,DX,XC,D
14:10:44,UNVR,RG,4090,1,D,XC,PD,D
14:10:43,UNVR,RG,4080,1,D,DX,OD,D
14:10:29,UNVR,RG,4090,1,D,AT,PD,D
14:10:22,UNVR,RG,4090,35,F,YU,PD,D
14:10:07,UNVR,RG,4090,12,F,BK,PD,D
14:08:54,UNVR,RG,4080,2,D,DX,PD,D
14:08:52,UNVR,RG,4080,2,D,DX,DR,D
14:08:43,UNVR,RG,4080,1,D,DX,OD,D
14:08:40,UNVR,RG,4080,1,D,DX,YP,D
14:08:39,UNVR,RG,4090,20,D,ZP,PD,D
14:08:37,UNVR,RG,4090,1,D,XC,PD,D
14:08:34,UNVR,RG,4090,35,F,YU,PD,D
14:08:30,UNVR,RG,4090,10,D,AT,PD,D
14:08:24,UNVR,RG,4080,53,D,DX,NI,D
14:08:17,UNVR,RG,4090,10,D,CC,PD,D
14:07:59,UNVR,RG,4080,100,D,DX,PD,D
14:07:56,UNVR,RG,4090,35,F,YU,PD,D
14:07:49,UNVR,RG,4090,7,F,BK,PD,D
14:07:49,UNVR,RG,4090,2,F,BK,PD,D
14:07:49,UNVR,RG,4090,1,F,BK,NI,D
14:07:49,UNVR,RG,4090,3,F,BK,BK,F
14:07:32,UNVR,RG,4090,36,F,YU,BK,F
14:07:32,UNVR,RG,4090,10,D,SQ,BK,F
14:07:10,UNVR,RG,4090,35,F,YU,BK,F
14:07:08,UNVR,RG,4080,650,D,DX,KK,D
14:07:05,UNVR,RG,4090,2,D,LG,BK,F
14:07:05,UNVR,RG,4090,30,D,NI,BK,F
14:06:57,UNVR,RG,4080,8,D,DX,DR,D
14:06:45,UNVR,RG,4080,1,D,DX,OD,D
14:06:38,UNVR,RG,4090,68,D,YJ,BK,F
14:06:38,UNVR,RG,4090,32,D,YJ,YP,D
14:06:33,UNVR,RG,4090,20,D,KK,YP,D
14:06:32,UNVR,RG,4080,6,D,DX,DR,D
14:06:01,UNVR,RG,4080,1,D,DX,SQ,D
14:06:00,UNVR,RG,4090,5,D,CC,YP,D
14:05:50,UNVR,RG,4090,1,D,XC,YP,D
14:05:47,UNVR,RG,4080,1,D,DX,OD,D
14:05:45,UNVR,RG,4090,36,F,YU,YP,D
14:05:45,UNVR,RG,4090,1,D,XC,YP,D
14:05:40,UNVR,RG,4090,1,D,YP,YP,D
14:05:30,UNVR,RG,4090,4,F,BK,YP,D
14:05:30,UNVR,RG,4090,2,F,BK,YP,D
14:05:30,UNVR,RG,4090,7,F,BK,BK,F
14:05:29,UNVR,RG,4090,36,F,YU,BK,F
14:05:13,UNVR,RG,4080,6,D,DX,NI,D
14:05:12,UNVR,RG,4090,36,F,YU,BK,F
14:05:00,UNVR,RG,4080,53,D,DX,CC,D
14:04:55,UNVR,RG,4090,36,F,YU,BK,F
14:04:46,UNVR,RG,4080,206,D,DX,PD,D
14:04:46,UNVR,RG,4080,793,D,DX,PD,D
14:04:34,UNVR,RG,4090,5,D,RB,BK,F
14:03:47,UNVR,RG,4080,1,D,DX,OD,D
14:03:38,UNVR,RG,4080,1,D,DX,KK,D
14:03:32,UNVR,RG,4080,6,D,DX,EP,D
14:03:32,UNVR,RG,4090,35,F,YU,BK,F
14:03:30,UNVR,RG,4090,11,F,BK,BK,F
14:03:23,UNVR,RG,4080,17,D,DX,DR,D
14:03:23,UNVR,RG,4080,12,D,DX,DR,D
14:02:55,UNVR,RG,4080,15,D,DX,PD,D
14:02:47,UNVR,RG,4080,1,D,DX,OD,D
14:02:36,UNVR,RG,4090,1,D,CC,BK,F
14:02:25,UNVR,RG,4090,14,F,ZP,BK,F
14:02:21,UNVR,RG,4090,5,D,YP,BK,F
14:02:09,UNVR,RG,4080,16,D,DX,KZ,D
14:01:59,UNVR,RG,4080,29,D,DX,KZ,D
14:01:59,UNVR,RG,4080,2,D,DX,KZ,D
14:01:58,UNVR,RG,4090,12,D,ZP,BK,F
14:01:56,UNVR,RG,4090,35,F,YU,BK,F
14:01:42,UNVR,RG,4090,1,F,BK,BK,F
14:01:42,UNVR,RG,4090,9,D,CC,BK,F
14:01:39,UNVR,RG,4080,28,D,DX,PD,D
14:01:33,UNVR,RG,4090,11,F,BK,BK,F
14:01:26,UNVR,RG,4080,8,D,DX,PD,D
14:01:25,UNVR,RG,4090,87,D,PD,BK,F
14:01:20,UNVR,RG,4090,3,D,XL,BK,F
14:00:49,UNVR,RG,4080,1,D,DX,NI,D
14:00:45,UNVR,RG,4080,1,D,DX,OD,D
14:00:36,UNVR,RG,4080,5,D,DX,YJ,D
14:00:35,UNVR,RG,4090,1,D,XC,BK,F
14:00:35,UNVR,RG,4090,2,D,SQ,BK,F
14:00:23,UNVR,RG,4090,35,F,YU,BK,F
14:00:19,UNVR,RG,4090,1,F,ZP,BK,F
14:00:07,UNVR,RG,4090,1,F,ZP,BK,F
14:00:07,UNVR,RG,4090,14,F,ZP,BK,F
14:00:06,UNVR,RG,4090,73,D,PD,BK,F
14:00:06,UNVR,RG,4090,1,D,PD,XC,D
14:00:06,UNVR,RG,4090,1,D,PD,XC,D
14:00:06,UNVR,RG,4090,1,D,PD,XC,D
14:00:06,UNVR,RG,4090,5,D,PD,XC,D
14:00:06,UNVR,RG,4090,5,D,PD,XC,D
13:59:56,UNVR,RG,4090,1,D,XC,XC,D
13:59:56,UNVR,RG,4090,3,F,YU,XC,D
13:59:56,UNVR,RG,4090,1,F,YU,XC,D
13:59:56,UNVR,RG,4090,12,F,YU,XC,D
13:59:56,UNVR,RG,4090,20,F,YU,XC,D
13:59:40,UNVR,RG,4090,4,F,YU,XC,D
13:59:40,UNVR,RG,4090,1,F,YU,XC,D
13:59:40,UNVR,RG,4090,1,F,YU,XC,D
13:59:40,UNVR,RG,4090,30,F,YU,KZ,D
13:59:40,UNVR,RG,4090,4,F,ZP,KZ,D
13:59:29,UNVR,RG,4090,2,D,NI,KZ,D
13:59:24,UNVR,RG,4090,11,F,YU,KZ,D
13:59:24,UNVR,RG,4090,4,F,YU,KZ,D
13:59:24,UNVR,RG,4090,20,F,YU,KZ,D
13:59:18,UNVR,RG,4090,6,F,BK,KZ,D
13:59:18,UNVR,RG,4090,6,F,BK,BK,F
13:59:18,UNVR,RG,4090,18,F,YU,BK,F
13:59:14,UNVR,RG,4090,6,F,YU,BK,F
13:59:08,UNVR,RG,4090,36,F,YU,BK,F
13:59:06,UNVR,RG,4090,87,D,PD,BK,F
13:59:06,UNVR,RG,4090,406,D,OD,BK,F
13:59:06,UNVR,RG,4090,3,D,OD,PD,D
13:59:06,UNVR,RG,4090,1,D,OD,PD,D
13:59:06,UNVR,RG,4090,2,D,OD,PD,D
13:59:06,UNVR,RG,4090,4,D,OD,PD,D
13:59:06,UNVR,RG,4090,460,D,OD,CS,F
13:59:06,UNVR,RG,4090,8,D,OD,SQ,D
13:59:06,UNVR,RG,4090,33,D,OD,CC,D
13:59:06,UNVR,RG,4090,83,D,OD,CS,F
13:58:59,UNVR,RG,4090,3,D,CC,CS,F
13:58:50,UNVR,RG,4090,2,D,PD,CS,F
13:58:49,UNVR,RG,4080,1,D,DX,OD,D
13:58:39,UNVR,RG,4090,1,D,YP,CS,F
13:58:27,UNVR,RG,4090,10,D,XC,CS,F
13:58:09,UNVR,RG,4090,3,F,ZP,CS,F
13:58:05,UNVR,RG,4090,1,D,CC,CS,F
13:58:00,UNVR,RG,4080,1,D,DX,XC,D
13:57:59,UNVR,RG,4080,1,D,DX,XC,D
13:57:52,UNVR,RG,4090,1,D,GR,CS,F
13:57:51,UNVR,RG,4090,7,D,NI,CS,F
13:57:51,UNVR,RG,4080,1,D,DX,OD,D
13:57:33,UNVR,RG,4080,4,D,DX,PD,D
13:57:30,UNVR,RG,4090,2,D,GR,CS,F
13:57:28,UNVR,RG,4080,1,D,DX,PD,D
13:57:23,UNVR,RG,4090,35,F,YU,CS,F
13:57:17,UNVR,RG,4080,25,D,DX,BK,F
13:57:16,UNVR,RG,4080,50,D,DX,KI,D
13:57:13,UNVR,RG,4090,11,F,BK,CS,F
13:57:08,UNVR,RG,4080,12,D,DX,BK,F
13:57:04,UNVR,RG,4090,2,F,ZP,CS,F
13:57:04,UNVR,RG,4090,12,F,ZP,CS,F
13:57:04,UNVR,RG,4090,10,F,ZP,CS,F
13:57:03,UNVR,RG,4090,1,D,NI,CS,F
13:57:02,UNVR,RG,4080,6,D,DX,YP,D
13:56:47,UNVR,RG,4080,10,D,DX,KK,D
13:56:43,UNVR,RG,4080,1,D,DX,YP,D
13:56:24,UNVR,RG,4090,40,D,ZP,CS,F
13:56:05,UNVR,RG,4080,19,D,DX,BK,F
13:56:02,UNVR,RG,4090,2,D,AT,CS,F
13:55:59,UNVR,RG,4090,35,F,YU,CS,F
13:55:49,UNVR,RG,4080,1,D,DX,OD,D
13:55:44,UNVR,RG,4090,3,D,YU,CS,F
13:55:30,UNVR,RG,4080,17,D,DX,BK,F
13:55:27,UNVR,RG,4080,29,D,DX,BK,F
13:55:26,UNVR,RG,4090,22,F,ZP,CS,F
13:55:24,UNVR,RG,4090,136,F,ZP,CS,F
13:55:10,UNVR,RG,4090,1,D,YP,CS,F
13:55:04,UNVR,RG,4090,12,F,ZP,CS,F
13:54:51,UNVR,RG,4090,12,F,BK,CS,F
13:54:51,UNVR,RG,4080,1,D,DX,OD,D
13:54:40,UNVR,RG,4080,16,D,DX,BK,F
13:54:38,UNVR,RG,4090,35,F,YU,CS,F
13:54:13,UNVR,RG,4080,17,D,DX,BK,F
13:54:09,UNVR,RG,4080,24,D,DX,KZ,D
13:54:09,UNVR,RG,4080,2,D,DX,KZ,D
13:54:09,UNVR,RG,4080,13,D,DX,KZ,D
13:54:08,UNVR,RG,4090,1,D,XC,CS,F
13:53:28,UNVR,RG,4080,22,D,DX,BK,F
13:53:25,UNVR,RG,4090,92,D,PD,CS,F
13:53:25,UNVR,RG,4090,7,D,PD,DR,D
13:53:25,UNVR,RG,4090,1,D,PD,DR,D
13:53:14,UNVR,RG,4090,7,F,YU,DR,D
13:53:14,UNVR,RG,4090,2,F,YU,EP,D
13:53:14,UNVR,RG,4090,2,F,YU,EP,D
13:53:14,UNVR,RG,4090,2,F,YU,PD,D
13:53:14,UNVR,RG,4090,1,F,YU,AT,D
13:53:14,UNVR,RG,4090,2,F,YU,OD,D
13:53:14,UNVR,RG,4090,2,F,YU,PD,D
13:53:14,UNVR,RG,4090,17,F,YU,BB,D
13:52:51,UNVR,RG,4080,1,D,DX,OD,D
13:52:47,UNVR,RG,4080,19,D,DX,BK,F
13:52:46,UNVR,RG,4080,10,D,DX,PD,D
13:52:30,UNVR,RG,4080,4,D,DX,XC,D
13:52:28,UNVR,RG,4080,13,D,DX,BK,F
13:52:24,UNVR,RG,4080,39,D,DX,DH,D
13:52:23,UNVR,RG,4090,13,F,BK,BB,D
13:52:18,UNVR,RG,4090,5,D,YP,BB,D
13:52:08,UNVR,RG,4080,10,D,DX,OD,D
13:51:58,UNVR,RG,4080,14,D,DX,BK,F
13:51:54,UNVR,RG,4090,35,F,YU,BB,D
13:51:53,UNVR,RG,4080,1,D,DX,YP,D
13:51:38,UNVR,RG,4080,17,D,DX,BK,F
13:51:37,UNVR,RG,4090,100,D,LG,BB,D
13:50:54,UNVR,RG,4080,1,D,DX,OD,D
13:50:51,UNVR,RG,4090,2,D,PD,BB,D
13:50:41,UNVR,RG,4090,2,D,LS,BB,D
13:50:29,UNVR,RG,4090,1,D,YP,BB,D
13:50:06,UNVR,RG,4090,1,D,DR,BB,D
13:50:04,UNVR,RG,4080,19,D,DX,BK,F
13:50:01,UNVR,RG,4090,35,F,YU,BB,D
13:50:00,UNVR,RG,4080,1,D,DX,DX,D
13:50:00,UNVR,RG,4090,12,F,BK,BB,D
13:49:53,UNVR,RG,4080,13,D,DX,BK,F
13:49:53,UNVR,RG,4080,1,D,DX,OD,D
13:49:51,UNVR,RG,4080,50,D,DX,XC,D
13:49:45,UNVR,RG,4090,1,D,YP,BB,D
13:49:44,UNVR,RG,4080,20,D,DX,PD,D
13:49:40,UNVR,RG,4080,1,D,DX,DR,D
13:49:15,UNVR,RG,4080,20,D,DX,BK,F
13:49:13,UNVR,RG,4090,1,D,DH,BB,D
13:49:11,UNVR,RG,4090,10,D,CC,BB,D
13:48:58,UNVR,RG,4090,1,D,XC,BB,D
13:48:44,UNVR,RG,4080,10,D,DX,AI,D
13:48:20,UNVR,RG,4080,13,D,DX,BK,F
13:48:19,UNVR,RG,4090,35,F,YU,BB,D
13:48:01,UNVR,RG,4080,50,D,DX,XA,D
13:47:53,UNVR,RG,4090,10,D,XC,BB,D
13:47:52,UNVR,RG,4080,1,D,DX,OD,D
13:47:51,UNVR,RG,4080,20,D,DX,BK,F
13:47:49,UNVR,RG,4090,11,F,BK,BB,D
13:47:48,UNVR,RG,4090,1,D,XL,BB,D
13:47:40,UNVR,RG,4090,4,F,ZP,BB,D
13:47:37,UNVR,RG,4090,20,D,CP,BB,D
13:47:36,UNVR,RG,4090,10,D,CC,BB,D
13:47:33,UNVR,RG,4080,20,D,DX,BK,F
13:47:29,UNVR,RG,4090,50,D,YP,BB,D
13:47:02,UNVR,RG,4090,10,D,ZP,BB,D
13:46:56,UNVR,RG,4080,11,D,DX,BK,F
13:46:55,UNVR,RG,4080,1,D,DX,DR,D
13:46:54,UNVR,RG,4080,13,D,DX,DR,D
13:46:53,UNVR,RG,4080,1,D,DX,OD,D
13:46:48,UNVR,RG,4090,35,F,YU,BB,D
13:46:39,UNVR,RG,4080,5,D,DX,DR,D
13:46:37,UNVR,RG,4080,4,D,DX,DR,D
13:46:17,UNVR,RG,4090,10,D,PD,BB,D
13:46:17,UNVR,RG,4080,20,D,DX,BK,F
13:46:14,UNVR,RG,4080,24,D,DX,KZ,D
13:46:14,UNVR,RG,4080,2,D,DX,KZ,D
13:46:14,UNVR,RG,4080,13,D,DX,KZ,D
13:46:06,UNVR,RG,4080,13,D,DX,AZ,D
13:45:51,UNVR,RG,4080,5,D,DX,EP,D
13:45:39,UNVR,RG,4090,11,F,BK,BB,D
13:45:33,UNVR,RG,4080,19,D,DX,BK,F
13:45:28,UNVR,RG,4090,35,F,YU,BB,D
13:45:28,UNVR,RG,4090,1,D,HP,BB,D
13:45:22,UNVR,RG,4090,1,D,KK,BB,D
13:45:20,UNVR,RG,4080,10,D,DX,YP,D
13:45:09,UNVR,RG,4090,5,D,YP,BB,D
13:44:57,UNVR,RG,4080,12,D,DX,BK,F
13:44:55,UNVR,RG,4080,15,D,DX,BK,F
13:44:54,UNVR,RG,4080,116,D,DX,KK,D
13:44:50,UNVR,RG,4080,1,D,DX,OD,D
13:44:42,UNVR,RG,4080,1,D,DX,NI,D
13:44:41,UNVR,RG,4080,19,D,DX,BK,F
13:44:37,UNVR,RG,4080,14,D,DX,BK,F
13:44:34,UNVR,RG,4080,114,D,DX,DR,D
13:44:33,UNVR,RG,4080,19,D,DX,BK,F
13:44:30,UNVR,RG,4090,35,F,YU,BB,D
13:44:30,UNVR,RG,4090,1,D,PD,BB,D
13:43:48,UNVR,RG,4080,1,D,DX,OD,D
13:43:33,UNVR,RG,4090,2,D,XL,BB,D
13:43:24,UNVR,RG,4080,12,D,DX,BK,F
13:43:22,UNVR,RG,4080,16,D,DX,DR,D
13:43:22,UNVR,RG,4080,10,D,DX,DR,D
13:43:14,UNVR,RG,4080,13,D,DX,BK,F
13:43:10,UNVR,RG,4090,35,F,YU,BB,D
13:43:10,UNVR,RG,4080,13,D,DX,BK,F
13:43:08,UNVR,RG,4090,22,D,PD,BB,D
13:43:08,UNVR,RG,4090,54,D,PD,BB,D
13:43:04,UNVR,RG,4090,13,F,BK,BB,D
13:43:00,UNVR,RG,4080,4,D,DX,SQ,D
13:42:54,UNVR,RG,4080,11,D,DX,BK,F
13:42:50,UNVR,RG,4080,1,D,DX,OD,D
13:42:50,UNVR,RG,4080,2,D,DX,XC,D
13:42:16,UNVR,RG,4080,12,D,DX,BK,F
13:42:15,UNVR,RG,4090,76,D,PD,BB,D
13:42:11,UNVR,RG,4080,3,D,DX,YP,D
13:42:01,UNVR,RG,4080,5,D,DX,PD,D
13:41:54,UNVR,RG,4080,3,D,DX,YP,D
13:41:51,UNVR,RG,4080,14,D,DX,BK,F
13:41:51,UNVR,RG,4080,1,D,DX,OD,D
13:41:47,UNVR,RG,4090,35,F,YU,BB,D
13:41:42,UNVR,RG,4080,3,D,DX,NI,D
13:41:38,UNVR,RG,4090,2,D,PD,BB,D
13:41:32,UNVR,RG,4080,1,D,DX,XC,D
13:41:30,UNVR,RG,4080,4,D,DX,PD,D
13:41:16,UNVR,RG,4080,17,D,DX,BK,F
13:41:13,UNVR,RG,4090,76,D,PD,BB,D
13:41:06,UNVR,RG,4090,1,D,YP,BB,D
13:40:56,UNVR,RG,4080,20,D,DX,XL,D
13:40:49,UNVR,RG,4080,1,D,DX,OD,D
13:40:48,UNVR,RG,4080,23,D,DX,BK,F
13:40:47,UNVR,RG,4080,6,D,DX,XC,D
13:40:43,UNVR,RG,4080,1,D,DX,PD,D
13:40:43,UNVR,RG,4090,35,F,YU,BB,D
13:40:32,UNVR,RG,4080,15,D,DX,BK,F
13:40:29,UNVR,RG,4090,76,D,PD,BB,D
13:40:09,UNVR,RG,4080,23,D,DX,BK,F
13:40:07,UNVR,RG,4090,5,D,PD,BB,D
13:40:05,UNVR,RG,4080,17,D,DX,XC,D
13:40:03,UNVR,RG,4090,6,D,CC,BB,D
13:39:58,UNVR,RG,4080,1,D,DX,PD,D
13:39:55,UNVR,RG,4090,35,F,YU,BB,D
13:39:51,UNVR,RG,4080,18,D,DX,BK,F
13:39:49,UNVR,RG,4090,76,D,PD,BB,D
13:39:38,UNVR,RG,4080,22,D,DX,BK,F
13:39:35,UNVR,RG,4090,38,F,YU,BB,D
13:39:34,UNVR,RG,4080,1,D,DX,XC,D
13:39:27,UNVR,RG,4090,39,F,YU,BB,D
13:39:26,UNVR,RG,4090,3,D,GR,BB,D
13:39:25,UNVR,RG,4080,21,D,DX,BK,F
13:39:24,UNVR,RG,4090,8,F,YU,BB,D
13:39:22,UNVR,RG,4080,1,D,DX,XC,D
13:39:19,UNVR,RG,4090,25,F,YU,BB,D
13:39:19,UNVR,RG,4090,39,F,YU,BB,D
13:39:12,UNVR,RG,4080,19,D,DX,BK,F
13:39:11,UNVR,RG,4090,39,F,YU,BB,D
13:39:04,UNVR,RG,4080,16,D,DX,BK,F
13:39:03,UNVR,RG,4090,10,D,YP,BB,D
13:39:03,UNVR,RG,4090,35,F,YU,BB,D
13:38:56,UNVR,RG,4090,35,F,YU,BB,D
13:38:56,UNVR,RG,4080,22,D,DX,BK,F
13:38:53,UNVR,RG,4080,1,D,DX,OD,D
13:38:51,UNVR,RG,4090,2,D,XA,BB,D
13:38:50,UNVR,RG,4080,35,D,DX,BK,F
13:38:49,UNVR,RG,4090,35,F,YU,BB,D
13:38:45,UNVR,RG,4080,128,D,DX,BK,F
13:38:42,UNVR,RG,4090,1,D,NI,BB,D
13:38:42,UNVR,RG,4080,550,D,DX,BK,F
13:38:42,UNVR,RG,4090,38,F,YU,BB,D
13:38:41,UNVR,RG,4090,1,D,KK,BB,D
13:38:39,UNVR,RG,4090,76,D,PD,BB,D
13:38:37,UNVR,RG,4080,2500,D,DX,YU,F
13:38:33,UNVR,RG,4090,1,D,KK,BB,D
13:38:04,UNVR,RG,4090,35,F,YU,BB,D
13:38:01,UNVR,RG,4090,1,D,XC,BB,D
13:37:56,UNVR,RG,4080,23,D,DX,BK,F
13:37:54,UNVR,RG,4080,1,D,DX,OD,D
13:37:52,UNVR,RG,4090,16,D,AT,BB,D
13:37:51,UNVR,RG,4090,5,D,NI,BB,D
13:37:44,UNVR,RG,4080,20,D,DX,BK,F
13:37:43,UNVR,RG,4090,76,D,PD,BB,D
13:37:37,UNVR,RG,4090,1,D,YP,BB,D
13:37:30,UNVR,RG,4090,2,D,XC,BB,D
13:37:18,UNVR,RG,4090,35,F,YU,BB,D
13:37:17,UNVR,RG,4080,2,D,DX,CC,D
13:37:13,UNVR,RG,4090,1,D,CC,BB,D
13:37:05,UNVR,RG,4080,1,D,DX,KK,D
13:37:04,UNVR,RG,4080,22,D,DX,BK,F
13:37:01,UNVR,RG,4080,12,D,DX,BK,F
13:36:57,UNVR,RG,4090,76,D,PD,BB,D
13:36:56,UNVR,RG,4080,1,D,DX,OD,D
13:36:48,UNVR,RG,4080,15,D,DX,BK,F
13:36:45,UNVR,RG,4090,35,F,YU,BB,D
13:36:37,UNVR,RG,4080,1,D,DX,XC,D
13:36:33,UNVR,RG,4080,1,D,DX,CC,D
13:36:31,UNVR,RG,4080,12,D,DX,BK,F
13:36:30,UNVR,RG,4090,1,D,XC,BB,D
13:36:29,UNVR,RG,4080,39,D,DX,BK,F
13:36:26,UNVR,RG,4080,200,D,DX,YU,D
13:36:13,UNVR,RG,4080,2,D,DX,KI,D
13:36:13,UNVR,RG,4080,19,D,DX,BK,F
13:36:08,UNVR,RG,4090,35,F,YU,BB,D
13:36:08,UNVR,RG,4090,1,D,XC,BB,D
13:36:07,UNVR,RG,4080,16,D,DX,BK,F
13:36:04,UNVR,RG,4080,10,D,DX,CC,D
13:36:02,UNVR,RG,4090,76,D,PD,BB,D
13:35:58,UNVR,RG,4080,5,D,DX,CC,D
13:35:54,UNVR,RG,4080,1,D,DX,OD,D
13:35:53,UNVR,RG,4090,10,D,YP,BB,D
13:35:52,UNVR,RG,4080,22,D,DX,BK,F
13:35:50,UNVR,RG,4090,3,F,ZP,BB,D
13:35:50,UNVR,RG,4080,85,D,DX,YU,D
13:35:38,UNVR,RG,4080,12,D,DX,BK,F
13:35:35,UNVR,RG,4090,10,D,XC,BB,D
13:35:28,UNVR,RG,4090,5,D,YP,BB,D
13:35:26,UNVR,RG,4080,1,D,DX,XC,D
13:35:22,UNVR,RG,4080,11,D,DX,BK,F
13:35:18,UNVR,RG,4090,38,F,ZP,BB,D
13:35:13,UNVR,RG,4090,35,F,YU,BB,D
13:34:56,UNVR,RG,4080,1,D,DX,OD,D
13:34:52,UNVR,RG,4080,20,D,DX,BK,F
13:34:51,UNVR,RG,4090,76,D,PD,BB,D
13:34:35,UNVR,RG,4080,1,D,DX,CC,D
13:34:12,UNVR,RG,4080,21,D,DX,BK,F
13:34:11,UNVR,RG,4090,35,F,YU,BB,D
13:34:03,UNVR,RG,4090,2,D,NI,BB,D
13:34:01,UNVR,RG,4090,2,D,XC,BB,D
13:33:56,UNVR,RG,4080,1,D,DX,OD,D
13:33:54,UNVR,RG,4080,3,D,DX,NI,D
13:33:42,UNVR,RG,4080,50,D,DX,XC,D
13:33:37,UNVR,RG,4090,1,D,PD,BB,D
13:33:29,UNVR,RG,4080,1,D,DX,YB,D
13:33:14,UNVR,RG,4080,1,D,DX,PD,D
13:32:55,UNVR,RG,4080,24,D,DX,BK,F
13:32:54,UNVR,RG,4080,1,D,DX,OD,D
13:32:52,UNVR,RG,4090,35,F,YU,BB,D
13:32:40,UNVR,RG,4080,16,D,DX,BK,F
13:32:35,UNVR,RG,4080,64,D,DX,YP,D
13:32:07,UNVR,RG,4080,13,D,DX,BK,F
13:32:02,UNVR,RG,4090,37,F,YU,BB,D
13:32:01,UNVR,RG,4080,5,D,DX,XA,D
13:31:49,UNVR,RG,4090,37,F,YU,BB,D
13:31:44,UNVR,RG,4090,1,D,PD,BB,D
13:31:40,UNVR,RG,4080,11,D,DX,BK,F
13:31:40,UNVR,RG,4080,1,D,YP,BK,F
13:31:40,UNVR,RG,4080,5,D,YP,BK,F
13:31:40,UNVR,RG,4080,5,D,XC,BK,F
13:31:40,UNVR,RG,4080,1,D,YP,BK,F
13:31:40,UNVR,RG,4080,1,D,AT,BK,F
13:31:36,UNVR,RG,4090,36,F,YU,BB,D
13:31:26,UNVR,RG,4090,35,D,YP,BB,D
13:31:24,UNVR,RG,4090,1,D,XC,BB,D
13:31:23,UNVR,RG,4090,37,F,YU,BB,D
13:31:22,UNVR,RG,4090,1,D,PD,BB,D
13:31:19,UNVR,RG,4080,12,D,AT,BK,F
13:31:19,UNVR,RG,4080,1,D,XC,BK,F
13:31:19,UNVR,RG,4080,1,D,PD,BK,F
13:31:19,UNVR,RG,4080,5,D,YU,BK,F
13:31:19,UNVR,RG,4080,5,D,XL,BK,F
13:31:13,UNVR,RG,4090,1,D,PD,BB,D
13:31:11,UNVR,RG,4080,5,D,XL,BK,F
13:31:11,UNVR,RG,4080,1,D,SQ,BK,F
13:31:11,UNVR,RG,4080,1,D,PD,BK,F
13:31:11,UNVR,RG,4080,2,D,PD,BK,F
13:31:11,UNVR,RG,4080,15,D,KI,BK,F
13:31:10,UNVR,RG,4090,37,F,YU,BB,D
13:31:08,UNVR,RG,4080,5,D,KI,BK,F
13:31:08,UNVR,RG,4080,4,D,PD,BK,F
13:31:08,UNVR,RG,4080,25,D,OD,BK,F
13:31:08,UNVR,RG,4080,1,D,SQ,BK,F
13:31:08,UNVR,RG,4080,1,D,YP,BK,F
13:31:08,UNVR,RG,4080,10,D,PD,BK,F
13:31:08,UNVR,RG,4080,1,D,DR,BK,F
13:31:08,UNVR,RG,4080,2,D,TP,BK,F
13:31:06,UNVR,RG,4080,3,D,TP,BK,F
13:31:06,UNVR,RG,4080,10,D,YP,BK,F
13:31:06,UNVR,RG,4080,171,D,PC,BK,F
13:31:06,UNVR,RG,4090,12,F,ZP,BB,D
13:31:06,UNVR,RG,4090,26,F,ZP,BB,D
13:31:06,UNVR,RG,4090,2,F,ZP,BB,D
13:31:05,UNVR,RG,4090,174,D,YP,BB,D
13:31:05,UNVR,RG,4090,3,D,YP,KZ,D
13:31:05,UNVR,RG,4090,1,D,YP,XC,D
13:31:05,UNVR,RG,4090,3,D,YP,KZ,D
13:31:05,UNVR,RG,4090,19,D,YP,CC,D
13:31:05,UNVR,RG,4090,4,D,YP,KK,D
13:31:05,UNVR,RG,4090,9,D,YP,XC,D
13:31:05,UNVR,RG,4090,2,D,YP,PD,D
13:31:05,UNVR,RG,4090,205,D,YP,PD,D
13:31:05,UNVR,RG,4090,730,D,YP,PD,D
13:30:56,UNVR,RG,4090,36,F,YU,PD,D
13:30:55,UNVR,RG,4090,1,D,XC,PD,D
13:30:54,UNVR,RG,4080,1,D,PC,OD,D
13:30:46,UNVR,RG,4090,27,F,YU,PD,D
13:30:46,UNVR,RG,4090,2,F,YU,XC,D
13:30:46,UNVR,RG,4090,2,F,YU,KZ,D
13:30:46,UNVR,RG,4090,4,F,YU,KZ,D
13:30:45,UNVR,RG,4090,3,F,ZP,KZ,D
13:30:36,UNVR,RG,4090,16,F,YU,KZ,D
13:30:36,UNVR,RG,4090,1,F,YU,XC,D
13:30:36,UNVR,RG,4090,11,F,YU,KZ,D
13:30:36,UNVR,RG,4090,1,F,YU,PD,D
13:30:36,UNVR,RG,4090,8,F,YU,CC,D
13:30:25,UNVR,RG,4090,4,F,YU,CC,D
13:30:25,UNVR,RG,4090,28,F,YU,CC,D
13:30:25,UNVR,RG,4090,2,F,YU,PD,D
13:30:25,UNVR,RG,4090,3,F,YU,DR,D
13:30:23,UNVR,RG,4090,1,F,ZP,DR,D
13:30:20,UNVR,RG,4090,5,F,ZP,DR,D
13:30:14,UNVR,RG,4090,2,D,YP,DR,D
13:30:14,UNVR,RG,4090,3,D,YP,DR,D
13:30:14,UNVR,RG,4090,1,D,YP,DR,D
13:30:14,UNVR,RG,4090,12,F,YU,DR,D
13:30:14,UNVR,RG,4090,24,F,YU,DR,D
13:30:14,UNVR,RG,4090,1,D,YP,DR,D
13:30:13,UNVR,RG,4090,10,D,YP,DR,D
13:30:13,UNVR,RG,4090,2,D,YP,DR,D
13:30:13,UNVR,RG,4090,15,D,YP,DR,D
13:30:13,UNVR,RG,4090,1,D,YP,DR,D
13:30:12,UNVR,RG,4090,2,D,YP,DR,D
13:30:12,UNVR,RG,4090,13,D,YP,DR,D
13:30:12,UNVR,RG,4090,5,D,YP,DR,D
13:30:12,UNVR,RG,4090,5,D,YP,DR,D
13:30:12,UNVR,RG,4090,2,F,YU,DR,D
13:30:12,UNVR,RG,4090,3,D,YP,DR,D
13:30:12,UNVR,RG,4090,1,D,YP,DR,D
13:30:12,UNVR,RG,4090,5,D,YP,DR,D
13:30:12,UNVR,RG,4090,10,D,YP,DR,D
13:30:11,UNVR,RG,4090,1,D,YP,DR,D
13:30:11,UNVR,RG,4090,1,D,YP,DR,D
13:30:11,UNVR,RG,4090,1,D,YP,DR,D
13:30:11,UNVR,RG,4090,5,D,YP,DR,D
13:30:11,UNVR,RG,4090,1,D,YP,DR,D
13:30:09,UNVR,RG,4090,3,D,XC,DR,D
13:30:08,UNVR,RG,4090,1,D,CC,DR,D
13:30:08,UNVR,RG,4090,5,D,CC,DR,D
13:30:08,UNVR,RG,4090,1,D,XC,DR,D
13:30:08,UNVR,RG,4090,1,D,XC,DR,D
13:30:08,UNVR,RG,4090,25,D,XC,DR,D
13:30:07,UNVR,RG,4090,10,D,XC,DR,D
13:30:07,UNVR,RG,4090,4,D,XC,DR,D
13:30:07,UNVR,RG,4090,2,D,XC,DR,D
13:30:07,UNVR,RG,4090,1,D,XC,DR,D
13:30:07,UNVR,RG,4090,2,D,XC,DR,D
13:30:07,UNVR,RG,4090,1,D,XC,DR,D
13:30:07,UNVR,RG,4090,1,D,XC,DR,D
13:30:07,UNVR,RG,4090,25,D,XC,DR,D
13:30:07,UNVR,RG,4090,2,D,XC,DR,D
13:30:07,UNVR,RG,4090,1,D,XC,DR,D
13:30:07,UNVR,RG,4090,1,D,XC,DR,D
13:30:07,UNVR,RG,4090,1,D,XC,DR,D
13:30:07,UNVR,RG,4090,3,D,XC,DR,D
13:30:07,UNVR,RG,4090,1,D,XC,DR,D
13:30:07,UNVR,RG,4090,1,D,XC,DR,D
13:30:07,UNVR,RG,4090,1,D,XC,DR,D
13:30:07,UNVR,RG,4090,2,D,XC,DR,D
13:30:07,UNVR,RG,4090,1,D,CC,DR,D
13:30:07,UNVR,RG,4090,1,D,XC,DR,D
13:30:07,UNVR,RG,4090,25,D,XC,DR,D
13:30:06,UNVR,RG,4090,2,D,XC,DR,D
13:30:06,UNVR,RG,4090,1,D,XC,DR,D
13:30:06,UNVR,RG,4080,2,D,PC,XC,D
13:30:06,UNVR,RG,4090,1,D,XC,DR,D
13:30:06,UNVR,RG,4090,1,D,XC,DR,D
13:30:06,UNVR,RG,4090,2,D,XC,DR,D
13:30:06,UNVR,RG,4090,13,D,XC,DR,D
13:30:06,UNVR,RG,4090,15,D,XC,DR,D
13:30:06,UNVR,RG,4090,2,D,XC,DR,D
13:30:06,UNVR,RG,4090,5,D,XC,DR,D
13:30:06,UNVR,RG,4090,1,D,XC,DR,D
13:30:06,UNVR,RG,4090,1,D,XC,DR,D
13:30:06,UNVR,RG,4090,1,D,XC,DR,D
13:30:05,UNVR,RG,4090,10,D,CC,DR,D
13:30:05,UNVR,RG,4090,50,D,OD,DR,D
13:30:04,UNVR,RG,4080,7,D,PC,PD,D
13:30:04,UNVR,RG,4090,16,D,CC,DR,D
13:30:04,UNVR,RG,4090,1,D,PD,DR,D
13:30:04,UNVR,RG,4090,1,F,SQ,DR,D
13:30:04,UNVR,RG,4090,1,D,SQ,DR,D
13:30:04,UNVR,RG,4080,6,D,PC,XL,D
13:30:04,UNVR,RG,4090,1,D,XL,DR,D
13:30:04,UNVR,RG,4090,1,D,PD,DR,D
13:30:04,UNVR,RG,4090,1,D,PD,DR,D
13:30:04,UNVR,RG,4080,1,D,PC,XL,D
13:30:04,UNVR,RG,4090,150,D,XL,DR,D
13:30:04,UNVR,RG,4090,1,D,PD,DR,D
13:30:04,UNVR,RG,4090,5,D,XL,DR,D
13:30:03,UNVR,RG,4090,1,D,DH,DR,D
13:30:03,UNVR,RG,4090,1,D,PD,DR,D
13:30:03,UNVR,RG,4090,1,D,PD,DR,D
13:30:03,UNVR,RG,4080,9,D,PC,PD,D
13:30:03,UNVR,RG,4090,3,D,PD,DR,D
13:30:03,UNVR,RG,4090,1,D,PD,DR,D
13:30:03,UNVR,RG,4090,8,D,PD,DR,D
13:30:03,UNVR,RG,4090,8,D,SQ,DR,D
13:30:03,UNVR,RG,4090,15,D,CC,DR,D
13:30:03,UNVR,RG,4090,19,F,ZP,DR,D
13:30:03,UNVR,RG,4090,38,F,ZP,DR,D
13:30:03,UNVR,RG,4090,4,F,ZP,DR,D
13:30:02,UNVR,RG,4090,10,D,PD,DR,D
13:30:02,UNVR,RG,4090,2,D,XL,DR,D
13:30:02,UNVR,RG,4090,3,D,PD,DR,D
13:30:02,UNVR,RG,4090,15,D,EP,DR,D
13:30:02,UNVR,RG,4090,5,D,LG,DR,D
13:30:02,UNVR,RG,4090,1,D,TP,DR,D
13:30:02,UNVR,RG,4090,1,D,TF,DR,D
13:30:02,UNVR,RG,4090,1,D,PD,DR,D
13:30:02,UNVR,RG,4090,5,D,BQ,DR,D
13:30:02,UNVR,RG,4090,2,D,LG,DR,D
13:30:02,UNVR,RG,4090,3,D,PD,DR,D
13:30:02,UNVR,RG,4090,1,D,PD,DR,D
13:30:02,UNVR,RG,4090,1,D,PD,DR,D
13:30:02,UNVR,RG,4090,1,D,PD,DR,D
13:30:01,UNVR,RG,4090,2,D,EP,DR,D
13:30:01,UNVR,RG,4090,1,D,KK,DR,D
13:30:01,UNVR,RG,4090,3,D,CC,DR,D
13:30:01,UNVR,RG,4090,5,D,EP,DR,D
13:30:01,UNVR,RG,4090,3,D,PD,DR,D
13:30:01,UNVR,RG,4090,5,D,PD,DR,D
13:30:01,UNVR,RG,4090,10,F,YU,DR,D
13:30:01,UNVR,RG,4090,10,D,PD,DR,D
13:30:01,UNVR,RG,4090,1,D,DX,DR,D
13:30:01,UNVR,RG,4090,5,D,DX,DR,D
13:30:01,UNVR,RG,4080,3,D,PC,PD,D
13:30:01,UNVR,RG,4080,2,D,XC,PD,D
13:30:01,UNVR,RG,4090,22,F,YU,DR,D
13:30:01,UNVR,RG,4090,10,D,PD,DR,D
13:30:01,UNVR,RG,4090,20,D,GR,DR,D
13:30:01,UNVR,RG,4090,2,D,PD,DR,D
13:30:01,UNVR,RG,4090,3,D,KK,DR,D
13:30:01,UNVR,RG,4090,144,D,AT,DR,D
13:30:01,UNVR,RG,4090,318,D,PD,DR,D
13:30:01,UNVR,RG,4090,5,D,DH,DR,D
13:30:01,UNVR,RG,4090,1,D,DH,DR,D
13:30:01,UNVR,RG,4080,30,D,XC,CC,D
13:30:01,UNVR,RG,4080,5,D,XC,CC,D
13:30:01,UNVR,RG,4080,1,F,ZP,CC,D
13:30:01,UNVR,RG,4080,7,F,ZP,CC,D
13:30:01,UNVR,RG,4080,5,D,CC,CC,D
13:30:01,UNVR,RG,4080,2,D,YP,CC,D
13:30:01,UNVR,RG,4090,1,D,DH,DR,D
13:30:01,UNVR,RG,4090,1,D,DR,DR,D
13:30:01,UNVR,RG,4090,10,D,PD,DR,D
13:30:01,UNVR,RG,4080,1,D,YP,PD,D
13:30:01,UNVR,RG,4090,1,D,PD,DR,D
13:30:01,UNVR,RG,4090,3,D,PD,DR,D
13:30:01,UNVR,RG,4090,1,D,PD,DR,D
13:30:01,UNVR,RG,4090,1,D,PD,DR,D
13:30:01,UNVR,RG,4090,10,D,AZ,DR,D
13:30:01,UNVR,RG,4090,100,D,KK,DR,D
13:30:01,UNVR,RG,4090,3,D,PD,DR,D
13:30:01,UNVR,RG,4090,1,D,EP,DR,D
13:30:01,UNVR,RG,4090,2,D,EP,DR,D
13:30:00,UNVR,RG,4090,1,D,PC,DR,D
13:30:00,UNVR,RG,4090,5,D,RO,DR,D
11:29:59,UNVR,RG,4090,2,D,KI,DR,D
11:29:48,UNVR,RG,4080,2,D,YP,BK,F
11:29:48,UNVR,RG,4080,1,D,XC,BK,F
11:29:48,UNVR,RG,4080,2,D,PD,BK,F
11:29:48,UNVR,RG,4080,2,D,CP,BK,F
11:29:48,UNVR,RG,4080,5,D,XC,BK,F
11:29:48,UNVR,RG,4080,1,D,YP,BK,F
11:29:48,UNVR,RG,4080,3,D,DR,BK,F
11:29:48,UNVR,RG,4080,1,D,CC,BK,F
11:29:48,UNVR,RG,4080,1,D,YP,BK,F
11:29:48,UNVR,RG,4080,2,D,PD,BK,F
11:29:48,UNVR,RG,4080,5,D,YP,BK,F
11:29:48,UNVR,RG,4080,7,D,PD,BK,F
11:29:48,UNVR,RG,4080,1,D,XC,BK,F
11:29:48,UNVR,RG,4080,2,D,YP,BK,F
11:29:42,UNVR,RG,4080,5,D,YP,PD,D
11:29:42,UNVR,RG,4080,1,D,DR,PD,D
11:29:42,UNVR,RG,4080,1,D,DX,PD,D
11:29:42,UNVR,RG,4080,1,D,PD,PD,D
11:29:42,UNVR,RG,4080,2,D,YP,PD,D
11:29:42,UNVR,RG,4080,1,D,XC,PD,D
11:29:42,UNVR,RG,4080,5,D,PD,PD,D
11:29:42,UNVR,RG,4080,10,D,YP,PD,D
11:29:42,UNVR,RG,4080,1,D,YP,PD,D
11:29:42,UNVR,RG,4080,1,D,CC,PD,D
11:29:42,UNVR,RG,4080,1,D,XC,PD,D
11:29:42,UNVR,RG,4080,2,D,YP,PD,D
11:29:42,UNVR,RG,4080,1,D,XC,PD,D
11:29:42,UNVR,RG,4080,1,D,XC,PD,D
11:29:42,UNVR,RG,4080,8,D,PD,PD,D
11:29:42,UNVR,RG,4080,3,D,XC,PD,D
11:29:42,UNVR,RG,4080,1,D,KK,PD,D
11:29:42,UNVR,RG,4080,3,D,XC,PD,D
11:29:42,UNVR,RG,4080,10,D,XC,PD,D
11:29:42,UNVR,RG,4080,1,D,PD,PD,D
11:29:42,UNVR,RG,4080,1,D,NI,PD,D
11:29:42,UNVR,RG,4080,10,D,ZP,PD,D
11:29:42,UNVR,RG,4080,2,D,PD,PD,D
11:29:42,UNVR,RG,4080,31,D,GR,PD,D
11:29:42,UNVR,RG,4080,19,D,GR,PD,D
11:29:42,UNVR,RG,4080,3,D,NI,PD,D
11:29:42,UNVR,RG,4080,1,D,CC,PD,D
11:29:42,UNVR,RG,4080,5,D,XC,PD,D
11:29:42,UNVR,RG,4080,50,D,SQ,PD,D
11:29:42,UNVR,RG,4080,1,D,PD,PD,D
11:29:42,UNVR,RG,4080,1,D,XC,PD,D
11:29:42,UNVR,RG,4080,2,D,KK,PD,D
11:29:42,UNVR,RG,4080,4,D,EP,PD,D
11:29:42,UNVR,RG,4080,4,D,CC,PD,D
11:29:42,UNVR,RG,4080,1,D,DH,PD,D
11:29:42,UNVR,RG,4080,1,D,DH,PD,D
11:29:42,UNVR,RG,4080,13,D,XC,PD,D
11:29:42,UNVR,RG,4080,20,D,CC,PD,D
11:29:42,UNVR,RG,4080,6,D,CC,PD,D
11:29:42,UNVR,RG,4080,2,D,PD,PD,D
11:29:42,UNVR,RG,4080,10,D,CC,PD,D
11:29:42,UNVR,RG,4080,6,D,NI,PD,D
11:29:42,UNVR,RG,4080,100,D,CC,PD,D
11:29:42,UNVR,RG,4080,1,D,PD,PD,D
11:29:42,UNVR,RG,4080,1,D,PD,PD,D
11:29:42,UNVR,RG,4080,3,D,PD,PD,D
11:29:42,UNVR,RG,4080,1,D,XL,PD,D
11:29:42,UNVR,RG,4080,1,D,TP,PD,D
11:29:42,UNVR,RG,4080,1,D,PD,PD,D
11:29:42,UNVR,RG,4080,2,D,LG,PD,D
11:29:42,UNVR,RG,4080,50,D,OD,PD,D
11:29:42,UNVR,RG,4080,2,D,PD,PD,D
11:29:42,UNVR,RG,4080,2,D,XC,PD,D
11:29:42,UNVR,RG,4080,12,D,YB,PD,D
11:29:42,UNVR,RG,4080,5,D,YP,PD,D
11:29:42,UNVR,RG,4080,6,D,XC,PD,D
11:29:42,UNVR,RG,4080,4,D,PD,PD,D
11:29:42,UNVR,RG,4080,1,D,PD,PD,D
11:29:42,UNVR,RG,4080,5,D,KK,PD,D
11:29:42,UNVR,RG,4080,1,D,NI,PD,D
11:29:42,UNVR,RG,4080,5,D,CC,PD,D
11:29:42,UNVR,RG,4080,30,D,GR,PD,D
11:29:42,UNVR,RG,4080,5,D,XC,PD,D
11:29:42,UNVR,RG,4080,9,D,CC,PD,D
11:29:39,UNVR,RG,4090,5,D,PD,DR,D
11:29:20,UNVR,RG,4090,35,F,YU,DR,D
11:29:11,UNVR,RG,4080,6,D,CC,AT,D
11:29:06,UNVR,RG,4090,1,D,PD,DR,D
11:28:50,UNVR,RG,4090,1,D,XC,DR,D
11:28:29,UNVR,RG,4090,12,D,NI,DR,D
11:28:21,UNVR,RG,4080,33,D,CC,NI,D
11:28:21,UNVR,RG,4080,1,D,KK,NI,D
11:28:21,UNVR,RG,4080,1,D,XC,NI,D
11:28:21,UNVR,RG,4080,2,D,XC,NI,D
11:28:21,UNVR,RG,4080,10,D,TP,NI,D
11:28:21,UNVR,RG,4080,1,D,XC,NI,D
11:28:21,UNVR,RG,4080,5,D,YP,NI,D
11:28:21,UNVR,RG,4080,47,D,OD,NI,D
11:28:04,UNVR,RG,4090,2,D,YP,DR,D
11:27:37,UNVR,RG,4080,11,D,OD,DR,D
11:27:35,UNVR,RG,4090,1,D,XL,DR,D
11:27:30,UNVR,RG,4080,8,D,OD,DR,D
11:27:28,UNVR,RG,4080,1,D,OD,DR,D
11:27:22,UNVR,RG,4090,35,F,YU,DR,D
11:27:01,UNVR,RG,4090,20,F,YP,DR,D
11:26:55,UNVR,RG,4090,2,D,PD,DR,D
11:26:09,UNVR,RG,4090,11,D,XC,DR,D
11:26:09,UNVR,RG,4090,1,D,XC,NI,D
11:26:09,UNVR,RG,4090,3,D,XC,BK,F
11:26:09,UNVR,RG,4090,50,D,CC,BK,F
11:26:00,UNVR,RG,4090,35,F,YU,BK,F
11:25:41,UNVR,RG,4090,20,F,YP,BK,F
11:25:38,UNVR,RG,4090,1,D,XC,BK,F
11:25:33,UNVR,RG,4090,35,F,YU,BK,F
11:25:24,UNVR,RG,4080,4,D,OD,GR,D
11:25:18,UNVR,RG,4080,11,D,OD,BK,F
11:25:14,UNVR,RG,4080,19,D,OD,BK,F
11:25:08,UNVR,RG,4080,75,D,OD,BK,F
11:25:08,UNVR,RG,4090,1,D,XC,BK,F
11:25:06,UNVR,RG,4080,1,D,OD,DR,D
11:25:05,UNVR,RG,4080,323,D,OD,AK,F
11:25:05,UNVR,RG,4080,1,D,YP,AK,F
11:25:05,UNVR,RG,4080,1,D,YP,AK,F
11:25:05,UNVR,RG,4080,1,D,AG,AK,F
11:25:05,UNVR,RG,4080,15,D,PD,AK,F
11:25:05,UNVR,RG,4080,25,D,DH,AK,F
11:25:05,UNVR,RG,4080,60,D,CP,AK,F
11:25:05,UNVR,RG,4080,2,D,XC,AK,F
11:25:05,UNVR,RG,4080,2,D,PD,AK,F
11:25:05,UNVR,RG,4080,2,D,PD,AK,F
11:25:05,UNVR,RG,4080,7,D,PD,AK,F
11:25:05,UNVR,RG,4080,5,D,NI,AK,F
11:25:05,UNVR,RG,4080,1,D,XC,AK,F
11:25:05,UNVR,RG,4080,2,D,SQ,AK,F
11:25:05,UNVR,RG,4080,53,D,TP,AK,F
11:25:04,UNVR,RG,4080,10,D,TP,DR,D
11:25:04,UNVR,RG,4080,5,D,TP,DR,D
11:25:03,UNVR,RG,4080,9,D,TP,PD,D
11:25:02,UNVR,RG,4080,12,D,TP,DR,D
11:24:59,UNVR,RG,4090,5,F,ZP,BK,F
11:24:59,UNVR,RG,4090,10,F,ZP,BK,F
11:24:59,UNVR,RG,4090,2,F,ZP,BK,F
11:24:58,UNVR,RG,4090,13,F,YU,BK,F
11:24:58,UNVR,RG,4090,22,F,YU,AK,F
11:24:15,UNVR,RG,4090,2,F,YU,AK,F
11:24:12,UNVR,RG,4090,1,D,XC,AK,F
11:24:04,UNVR,RG,4080,23,D,TP,BK,F
11:24:00,UNVR,RG,4090,5,D,CC,AK,F
11:23:32,UNVR,RG,4080,10,D,TP,PD,D
11:23:22,UNVR,RG,4090,2,D,EP,AK,F
11:23:20,UNVR,RG,4090,1,D,XC,AK,F
11:23:13,UNVR,RG,4090,5,D,YP,AK,F
11:23:06,UNVR,RG,4090,35,F,YU,AK,F
11:22:55,UNVR,RG,4090,5,D,XL,AK,F
11:22:54,UNVR,RG,4090,1,D,PD,AK,F
11:22:43,UNVR,RG,4090,1,F,ZP,AK,F
11:22:30,UNVR,RG,4090,1,D,XC,AK,F
11:22:22,UNVR,RG,4080,20,D,TP,BK,F
11:22:19,UNVR,RG,4090,35,F,YU,AK,F
11:22:18,UNVR,RG,4080,20,D,TP,BK,F
11:22:16,UNVR,RG,4090,9,F,ZP,AK,F
11:22:16,UNVR,RG,4090,1,F,ZP,AK,F
11:22:16,UNVR,RG,4090,24,D,CC,AK,F
11:22:16,UNVR,RG,4090,103,D,CC,PD,D
11:22:16,UNVR,RG,4090,173,D,CC,PD,D
11:22:07,UNVR,RG,4090,1,D,XC,PD,D
11:21:58,UNVR,RG,4090,6,F,ZP,PD,D
11:21:32,UNVR,RG,4090,3,D,PD,PD,D
11:21:23,UNVR,RG,4090,1,D,YP,PD,D
11:21:12,UNVR,RG,4090,11,D,XA,PD,D
11:21:04,UNVR,RG,4090,2,D,XC,PD,D
11:21:03,UNVR,RG,4090,1,D,PD,PD,D
11:20:44,UNVR,RG,4090,35,F,YU,PD,D
11:20:36,UNVR,RG,4090,5,D,GR,PD,D
11:20:21,UNVR,RG,4090,10,D,PD,PD,D
11:20:20,UNVR,RG,4090,7,F,ZP,PD,D
11:20:08,UNVR,RG,4090,35,F,YU,PD,D
11:20:07,UNVR,RG,4080,1,D,TP,PD,D
11:19:57,UNVR,RG,4090,106,D,ZP,PD,D
11:19:57,UNVR,RG,4090,2,D,ZP,EP,D
11:19:57,UNVR,RG,4090,18,D,ZP,KZ,D
11:19:57,UNVR,RG,4090,147,D,ZP,BK,F
11:19:57,UNVR,RG,4090,227,D,ZP,CS,F
11:19:44,UNVR,RG,4090,7,F,ZP,CS,F
11:19:37,UNVR,RG,4090,1,D,DR,CS,F
11:19:34,UNVR,RG,4090,3,F,ZP,CS,F
11:19:12,UNVR,RG,4090,16,F,ZP,CS,F
11:19:08,UNVR,RG,4090,3,D,XL,CS,F
11:18:48,UNVR,RG,4090,1,D,YP,CS,F
11:18:47,UNVR,RG,4090,6,F,YU,CS,F
11:18:45,UNVR,RG,4090,15,D,YP,CS,F
11:18:18,UNVR,RG,4090,1,D,XC,CS,F
11:18:14,UNVR,RG,4090,1,D,PD,CS,F
11:18:10,UNVR,RG,4090,35,F,YU,CS,F
11:17:48,UNVR,RG,4090,5,D,CC,CS,F
11:17:30,UNVR,RG,4090,10,D,CC,CS,F
11:17:28,UNVR,RG,4090,3,D,DR,CS,F
11:17:16,UNVR,RG,4090,1,D,XC,CS,F
11:17:12,UNVR,RG,4090,1,D,XC,CS,F
11:17:01,UNVR,RG,4090,7,D,AT,CS,F
11:16:57,UNVR,RG,4090,1,D,YP,CS,F
11:16:54,UNVR,RG,4090,5,F,ZP,CS,F
11:16:30,UNVR,RG,4090,20,D,LG,CS,F
11:16:21,UNVR,RG,4080,6,D,TP,PD,D
11:16:18,UNVR,RG,4090,30,F,YU,CS,F
11:16:18,UNVR,RG,4090,2,F,YU,KZ,D
11:16:18,UNVR,RG,4090,3,F,YU,KZ,D
11:16:16,UNVR,RG,4080,6,D,TP,PD,D
11:16:04,UNVR,RG,4080,10,D,TP,PD,D
11:15:48,UNVR,RG,4080,65,D,TP,SQ,D
11:15:48,UNVR,RG,4080,5,D,XC,SQ,D
11:15:48,UNVR,RG,4080,10,D,CC,SQ,D
11:15:48,UNVR,RG,4080,6,D,NI,SQ,D
11:15:48,UNVR,RG,4080,5,D,CC,SQ,D
11:15:48,UNVR,RG,4080,37,D,RS,SQ,D
11:15:43,UNVR,RG,4090,3,D,XL,KZ,D
11:15:38,UNVR,RG,4090,1,D,PD,KZ,D
11:15:20,UNVR,RG,4090,4,F,ZP,KZ,D
11:15:20,UNVR,RG,4090,4,F,ZP,KK,D
11:15:00,UNVR,RG,4090,35,F,YU,KK,D
11:14:46,UNVR,RG,4080,3,D,RS,CC,D
11:14:46,UNVR,RG,4080,25,D,ES,CC,D
11:14:46,UNVR,RG,4080,2,D,YP,CC,D
11:14:46,UNVR,RG,4080,1,D,YP,CC,D
11:14:46,UNVR,RG,4080,20,D,NI,CC,D
11:14:46,UNVR,RG,4080,1,D,YP,CC,D
11:14:46,UNVR,RG,4080,1,D,CC,CC,D
11:14:46,UNVR,RG,4080,20,D,SQ,CC,D
11:14:46,UNVR,RG,4080,1,D,YP,CC,D
11:14:46,UNVR,RG,4080,1,D,PD,CC,D
11:14:46,UNVR,RG,4080,1,D,YP,CC,D
11:14:46,UNVR,RG,4080,1,D,CC,CC,D
11:14:46,UNVR,RG,4080,20,D,YP,CC,D
11:14:46,UNVR,RG,4080,1,D,PD,CC,D
11:14:46,UNVR,RG,4080,2,D,PD,CC,D
11:14:46,UNVR,RG,4080,1,D,KK,CC,D
11:14:46,UNVR,RG,4080,6,D,KK,CC,D
11:14:46,UNVR,RG,4080,8,D,CP,CC,D
11:14:46,UNVR,RG,4080,3,D,KK,CC,D
11:14:46,UNVR,RG,4080,2,D,PD,CC,D
11:14:46,UNVR,RG,4080,1,D,YP,CC,D
11:14:46,UNVR,RG,4080,6,D,XL,CC,D
11:14:46,UNVR,RG,4080,1,D,YP,CC,D
11:14:46,UNVR,RG,4080,2,D,YP,CC,D
11:14:46,UNVR,RG,4080,25,D,YP,CC,D
11:14:45,UNVR,RG,4090,2,D,YB,KK,D
11:14:24,UNVR,RG,4090,1,D,XL,KK,D
11:14:21,UNVR,RG,4090,1,D,YP,KK,D
11:14:21,UNVR,RG,4090,2,D,CC,KK,D
11:14:14,UNVR,RG,4090,2,F,ZP,KK,D
11:13:51,UNVR,RG,4090,1,F,ZP,KK,D
11:13:38,UNVR,RG,4090,1,D,NI,KK,D
11:13:36,UNVR,RG,4090,2,F,ZP,KK,D
11:13:35,UNVR,RG,4090,24,F,YU,KK,D
11:13:35,UNVR,RG,4090,11,F,YU,CC,D
11:13:28,UNVR,RG,4090,9,F,ZP,CC,D
11:13:27,UNVR,RG,4090,3,F,ZP,CC,D
11:13:25,UNVR,RG,4090,1,F,ZP,CC,D
11:13:24,UNVR,RG,4090,2,F,GR,PD,D
11:13:24,UNVR,RG,4090,91,F,GR,BK,F
11:13:24,UNVR,RG,4090,7,F,GR,PD,D
11:13:24,UNVR,RG,4090,20,F,GR,KZ,D
11:13:24,UNVR,RG,4090,1,F,GR,KZ,D
11:13:24,UNVR,RG,4090,1,F,GR,PD,D
11:13:24,UNVR,RG,4090,10,F,GR,KZ,D
11:13:24,UNVR,RG,4090,11,F,GR,BK,F
11:13:02,UNVR,RG,4090,3,D,XC,BK,F
11:12:57,UNVR,RG,4090,5,D,NI,BK,F
11:12:42,UNVR,RG,4090,2,F,ZP,BK,F
11:12:40,UNVR,RG,4090,69,D,YP,BK,F
11:12:40,UNVR,RG,4090,20,D,YP,EP,D
11:12:40,UNVR,RG,4090,11,D,YP,PD,D
11:12:32,UNVR,RG,4090,1,D,XC,PD,D
11:12:30,UNVR,RG,4090,5,D,CC,PD,D
11:12:30,UNVR,RG,4090,10,D,YP,PD,D
11:12:11,UNVR,RG,4090,1,F,ZP,PD,D
11:12:11,UNVR,RG,4090,1,D,XC,PD,D
11:12:09,UNVR,RG,4090,4,D,PD,PD,D
11:12:08,UNVR,RG,4090,5,F,ZP,PD,D
11:12:07,UNVR,RG,4090,1,D,XC,PD,D
11:12:07,UNVR,RG,4090,35,F,YU,PD,D
11:12:04,UNVR,RG,4090,1,D,XC,PD,D
11:12:03,UNVR,RG,4090,8,F,ZP,PD,D
11:11:57,UNVR,RG,4090,20,D,CC,PD,D
11:11:57,UNVR,RG,4090,5,D,CC,PD,D
11:11:38,UNVR,RG,4090,3,D,PD,PD,D
11:11:20,UNVR,RG,4080,2,D,YP,PD,D
11:11:12,UNVR,RG,4080,11,D,YP,CC,D
11:11:02,UNVR,RG,4090,1,D,PD,PD,D
11:10:52,UNVR,RG,4080,1,D,YP,SQ,D
11:10:50,UNVR,RG,4090,1,D,XC,PD,D
11:10:26,UNVR,RG,4090,2,D,RB,PD,D
11:10:17,UNVR,RG,4090,1,F,ZP,PD,D
11:10:15,UNVR,RG,4090,10,D,LG,PD,D
11:10:10,UNVR,RG,4090,1,D,AT,PD,D
11:09:55,UNVR,RG,4090,35,F,YU,PD,D
11:09:48,UNVR,RG,4090,4,F,ZP,PD,D
11:09:47,UNVR,RG,4090,9,F,ZP,PD,D
11:09:38,UNVR,RG,4090,1,D,XC,PD,D
11:09:37,UNVR,RG,4090,5,D,YP,PD,D
11:09:35,UNVR,RG,4090,2,D,YP,PD,D
11:09:06,UNVR,RG,4090,2,D,YP,PD,D
11:08:40,UNVR,RG,4090,5,D,YP,PD,D
11:08:38,UNVR,RG,4090,10,D,YP,PD,D
11:08:20,UNVR,RG,4090,35,F,YU,PD,D
11:08:09,UNVR,RG,4090,2,D,KK,PD,D
11:08:08,UNVR,RG,4090,10,D,PD,PD,D
11:08:00,UNVR,RG,4090,1,F,ZP,PD,D
11:07:59,UNVR,RG,4090,200,D,DR,PD,D
11:07:48,UNVR,RG,4090,1,D,KK,PD,D
11:07:45,UNVR,RG,4090,1,F,ZP,PD,D
11:07:36,UNVR,RG,4090,5,D,YP,PD,D
11:07:32,UNVR,RG,4090,2,D,SQ,PD,D
11:07:28,UNVR,RG,4090,5,F,ZP,PD,D
11:07:28,UNVR,RG,4090,11,F,ZP,PD,D
11:07:28,UNVR,RG,4080,4,D,YP,CC,D
11:07:27,UNVR,RG,4090,1,F,ZP,PD,D
11:07:14,UNVR,RG,4090,5,D,YP,PD,D
11:07:01,UNVR,RG,4090,10,D,NI,PD,D
11:06:59,UNVR,RG,4090,10,D,DH,PD,D
11:06:59,UNVR,RG,4090,13,D,DH,BK,F
11:06:59,UNVR,RG,4090,1,D,DH,CC,D
11:06:47,UNVR,RG,4090,10,D,CC,CC,D
11:06:45,UNVR,RG,4090,1,D,XC,CC,D
11:06:28,UNVR,RG,4090,2,D,DR,CC,D
11:06:23,UNVR,RG,4090,9,F,YU,CC,D
11:06:23,UNVR,RG,4090,10,F,YU,KK,D
11:06:23,UNVR,RG,4090,16,F,YU,CC,D
11:06:22,UNVR,RG,4090,2,D,PD,CC,D
11:06:19,UNVR,RG,4090,1,D,CC,CC,D
11:06:17,UNVR,RG,4090,1,D,XC,CC,D
11:06:16,UNVR,RG,4090,1,D,XA,CC,D
11:05:34,UNVR,RG,4090,2,F,ZP,CC,D
11:05:19,UNVR,RG,4090,4,F,ZP,CC,D
11:05:19,UNVR,RG,4090,4,F,ZP,PD,D
11:05:16,UNVR,RG,4090,2,D,KK,PD,D
11:05:06,UNVR,RG,4090,5,D,NI,PD,D
11:04:30,UNVR,RG,4090,1,F,ZP,PD,D
11:04:24,UNVR,RG,4090,30,F,YU,PD,D
11:04:22,UNVR,RG,4090,1,D,YP,PD,D
11:04:22,UNVR,RG,4090,3,D,LS,PD,D
11:04:21,UNVR,RG,4090,20,D,CC,PD,D
11:04:13,UNVR,RG,4090,34,D,PD,PD,D
11:04:13,UNVR,RG,4090,20,D,PD,DR,D
11:04:03,UNVR,RG,4090,1,D,XC,DR,D
11:03:56,UNVR,RG,4080,15,D,YP,XC,D
11:03:50,UNVR,RG,4090,4,D,YP,DR,D
11:03:50,UNVR,RG,4090,2,D,YP,KZ,D
11:03:50,UNVR,RG,4090,2,D,YP,KZ,D
11:03:49,UNVR,RG,4090,2,F,ZP,KZ,D
11:03:48,UNVR,RG,4090,14,D,YP,KZ,D
11:03:48,UNVR,RG,4090,3,D,YP,XC,D
11:03:48,UNVR,RG,4090,10,D,YP,KZ,D
11:03:48,UNVR,RG,4090,6,D,YP,XC,D
11:03:48,UNVR,RG,4090,12,D,YP,DX,F
11:03:48,UNVR,RG,4090,5,D,YP,DR,D
11:03:40,UNVR,RG,4090,11,D,IH,DR,D
11:03:40,UNVR,RG,4090,89,D,IH,BK,F
11:03:15,UNVR,RG,4090,5,D,YP,BK,F
11:02:55,UNVR,RG,4090,1,D,NI,BK,F
11:02:46,UNVR,RG,4090,2,F,ZP,BK,F
11:02:44,UNVR,RG,4090,1,D,XC,BK,F
11:02:44,UNVR,RG,4090,20,D,YP,BK,F
11:02:44,UNVR,RG,4090,5,D,YP,PD,D
11:02:41,UNVR,RG,4090,5,D,PD,PD,D
11:02:41,UNVR,RG,4090,2,D,PD,XC,D
11:02:41,UNVR,RG,4090,4,D,PD,XC,D
11:02:41,UNVR,RG,4090,5,D,PD,YP,D
11:02:41,UNVR,RG,4090,13,D,PD,DX,F
11:02:41,UNVR,RG,4090,9,D,PD,CS,F
11:02:39,UNVR,RG,4090,8,D,NI,CS,F
11:02:37,UNVR,RG,4090,10,D,YP,CS,F
11:02:30,UNVR,RG,4090,5,D,PD,CS,F
11:02:29,UNVR,RG,4090,1,D,PD,CS,F
11:02:27,UNVR,RG,4090,10,D,NI,CS,F
11:02:24,UNVR,RG,4090,50,D,NI,CS,F
11:02:24,UNVR,RG,4090,10,F,ZP,CS,F
11:02:24,UNVR,RG,4090,1,D,RB,CS,F
11:02:20,UNVR,RG,4090,1,D,XC,CS,F
11:02:14,UNVR,RG,4080,22,D,YP,XL,D
11:02:13,UNVR,RG,4090,100,D,PD,CS,F
11:02:12,UNVR,RG,4090,2,F,ZP,CS,F
11:02:06,UNVR,RG,4090,50,D,NI,CS,F
11:01:41,UNVR,RG,4090,25,F,ZP,CS,F
11:01:37,UNVR,RG,4090,20,D,YP,CS,F
11:01:28,UNVR,RG,4090,1,D,PD,CS,F
11:01:23,UNVR,RG,4090,1,D,YP,CS,F
11:01:16,UNVR,RG,4090,2,D,PD,CS,F
11:01:00,UNVR,RG,4090,5,D,CC,CS,F
11:00:46,UNVR,RG,4090,20,D,YP,CS,F
11:00:46,UNVR,RG,4090,30,D,YP,BK,F
11:00:40,UNVR,RG,4090,1,D,PD,BK,F
11:00:33,UNVR,RG,4080,80,D,YP,DR,D
11:00:25,UNVR,RG,4090,41,F,ZP,BK,F
11:00:21,UNVR,RG,4090,4,F,ZP,BK,F
11:00:18,UNVR,RG,4090,7,D,YP,BK,F
10:59:55,UNVR,RG,4090,1,D,PD,BK,F
10:59:51,UNVR,RG,4090,1,D,PD,BK,F
10:59:37,UNVR,RG,4090,5,D,YP,BK,F
10:59:37,UNVR,RG,4090,5,D,PD,BK,F
10:59:32,UNVR,RG,4090,1,D,XL,BK,F
10:59:29,UNVR,RG,4090,2,D,PD,BK,F
10:59:25,UNVR,RG,4090,50,D,YP,BK,F
10:59:13,UNVR,RG,4090,16,D,PD,BK,F
10:59:10,UNVR,RG,4080,2,D,YP,PD,D
10:58:29,UNVR,RG,4090,60,D,NI,BK,F
10:58:29,UNVR,RG,4090,2,D,NI,DR,D
10:58:28,UNVR,RG,4090,20,D,NI,DR,D
10:58:24,UNVR,RG,4090,3,D,NI,DR,D
10:58:24,UNVR,RG,4090,7,D,NI,CC,D
10:58:15,UNVR,RG,4090,3,D,EP,CC,D
10:57:33,UNVR,RG,4080,3,D,YP,XC,D
10:57:05,UNVR,RG,4080,18,D,YP,BK,F
10:57:03,UNVR,RG,4080,30,D,YP,PD,D
10:57:03,UNVR,RG,4080,5,D,YP,AT,D
10:56:45,UNVR,RG,4080,12,D,YP,YP,D
10:55:57,UNVR,RG,4080,4,D,YP,PD,D
10:55:20,UNVR,RG,4090,10,D,YP,CC,D
10:55:18,UNVR,RG,4090,2,D,PD,CC,D
10:54:56,UNVR,RG,4080,13,D,YP,BK,F
10:54:56,UNVR,RG,4090,3,D,PD,CC,D
10:54:54,UNVR,RG,4090,4,D,CC,CC,D
10:54:50,UNVR,RG,4090,1,D,XC,CC,D
10:54:48,UNVR,RG,4090,5,D,PD,DR,D
10:54:42,UNVR,RG,4090,1,D,OD,DR,D
10:54:42,UNVR,RG,4090,1,D,PD,DR,D
10:54:24,UNVR,RG,4090,1,D,PD,DR,D
10:54:22,UNVR,RG,4080,10,D,YP,PD,D
10:53:09,UNVR,RG,4090,1,D,YP,DR,D
10:53:03,UNVR,RG,4090,2,D,PD,DR,D
10:52:45,UNVR,RG,4090,5,D,XC,DR,D
10:52:38,UNVR,RG,4080,13,D,YP,BK,F
10:52:33,UNVR,RG,4090,1,D,YP,BK,F
10:52:31,UNVR,RG,4090,7,D,PD,AK,F
10:52:31,UNVR,RG,4090,5,D,YP,AK,F
10:52:31,UNVR,RG,4090,5,D,CC,AK,F
10:52:31,UNVR,RG,4090,6,F,ZP,AK,F
10:52:31,UNVR,RG,4090,15,F,ZP,AK,F
10:52:31,UNVR,RG,4090,2,F,ZP,AK,F
10:52:31,UNVR,RG,4090,2,D,CC,AK,F
10:52:31,UNVR,RG,4090,1,D,YP,AK,F
10:52:31,UNVR,RG,4090,7,D,CC,AK,F
10:52:30,UNVR,RG,4090,122,D,CC,AK,F
10:52:29,UNVR,RG,4090,69,D,CC,CC,D
10:52:09,UNVR,RG,4090,2,D,CC,DH,D
10:52:09,UNVR,RG,4090,1,F,ZP,DH,D
10:52:09,UNVR,RG,4090,5,D,AG,DH,D
10:52:09,UNVR,RG,4090,2,D,PD,DH,D
10:52:07,UNVR,RG,4090,4,F,ZP,PD,D
10:52:07,UNVR,RG,4090,1,D,OD,PD,D
10:50:50,UNVR,RG,4100,4,D,PD,KI,D
10:50:26,UNVR,RG,4090,34,F,ZP,AK,F
10:50:26,UNVR,RG,4090,4,F,ZP,AK,F
10:50:26,UNVR,RG,4090,2,D,XL,AK,F
10:50:26,UNVR,RG,4090,7,D,YP,AK,F
10:50:26,UNVR,RG,4090,15,F,ZP,AK,F
10:50:26,UNVR,RG,4090,2,D,XC,AK,F
10:50:26,UNVR,RG,4090,6,D,XC,AK,F
10:50:26,UNVR,RG,4090,2,D,NI,AK,F
10:50:26,UNVR,RG,4090,1,D,NI,AK,F
10:50:26,UNVR,RG,4090,1,D,DR,AK,F
10:50:26,UNVR,RG,4090,1,D,XC,AK,F
10:50:26,UNVR,RG,4090,25,D,DX,AK,F
10:50:26,UNVR,RG,4090,2,D,PD,AK,F
10:50:26,UNVR,RG,4090,10,D,XC,AK,F
10:50:26,UNVR,RG,4090,1,D,YP,AK,F
10:50:26,UNVR,RG,4090,1,D,CC,AK,F
10:50:26,UNVR,RG,4090,10,D,DH,AK,F
10:50:26,UNVR,RG,4090,10,D,YP,AK,F
10:50:26,UNVR,RG,4090,1,D,GR,AK,F
10:50:26,UNVR,RG,4090,1,D,XC,AK,F
10:50:26,UNVR,RG,4090,32,D,YP,AK,F
10:50:24,UNVR,RG,4090,4,D,YP,PD,D
10:50:01,UNVR,RG,4090,2,D,YP,KZ,D
10:49:56,UNVR,RG,4090,26,D,YP,KZ,D
10:49:31,UNVR,RG,4090,1,D,YP,PD,D
10:49:25,UNVR,RG,4090,2,D,YP,XC,D
10:49:11,UNVR,RG,4090,6,D,YP,KZ,D
10:49:11,UNVR,RG,4090,1,F,ZP,KZ,D
10:49:11,UNVR,RG,4090,9,D,XC,KZ,D
10:49:05,UNVR,RG,4090,54,D,XC,AK,F
10:49:05,UNVR,RG,4090,1,D,YP,AK,F
10:49:05,UNVR,RG,4090,10,D,XC,AK,F
10:49:05,UNVR,RG,4090,5,D,YP,AK,F
10:49:05,UNVR,RG,4090,1,D,XC,AK,F
10:49:05,UNVR,RG,4090,12,F,ZP,AK,F
10:49:05,UNVR,RG,4090,1,F,ZP,AK,F
10:49:05,UNVR,RG,4090,1,D,XC,AK,F
10:49:05,UNVR,RG,4090,1,D,AT,AK,F
10:49:05,UNVR,RG,4090,20,D,LG,AK,F
10:49:05,UNVR,RG,4090,5,D,CC,AK,F
10:49:05,UNVR,RG,4090,6,F,ZP,AK,F
10:49:05,UNVR,RG,4090,9,D,PD,AK,F
10:49:05,UNVR,RG,4090,4,D,CC,AK,F
10:49:04,UNVR,RG,4090,1,D,CC,PD,D
10:48:37,UNVR,RG,4090,6,D,CC,XC,D
10:48:07,UNVR,RG,4090,2,D,CC,YP,D
10:47:15,UNVR,RG,4090,5,D,CC,PD,D
10:46:39,UNVR,RG,4090,103,D,CC,PD,D
10:46:39,UNVR,RG,4090,99,D,CC,PD,D
10:46:39,UNVR,RG,4090,40,D,GR,PD,D
10:46:39,UNVR,RG,4090,1,F,BK,PD,D
10:46:39,UNVR,RG,4090,210,F,YU,PD,D
10:46:39,UNVR,RG,4090,21,F,YU,PD,D
10:46:39,UNVR,RG,4090,25,D,IF,PD,D
10:46:23,UNVR,RG,4090,1,D,IF,DH,D
10:46:20,UNVR,RG,4100,1,D,PD,KI,D
10:46:03,UNVR,RG,4100,1,D,PD,KI,D
10:45:57,UNVR,RG,4090,24,D,IF,EP,D
10:45:49,UNVR,RG,4090,1,F,YU,CC,D
10:45:49,UNVR,RG,4090,20,F,YU,PD,D
10:45:49,UNVR,RG,4090,1,D,PD,PD,D
10:45:49,UNVR,RG,4090,22,D,PD,PD,D
10:45:49,UNVR,RG,4090,24,D,YP,PD,D
10:45:49,UNVR,RG,4090,1,D,XC,PD,D
10:45:49,UNVR,RG,4090,2,F,ZP,PD,D
10:45:49,UNVR,RG,4090,7,F,ZP,PD,D
10:45:48,UNVR,RG,4090,1,F,ZP,SQ,D
10:45:48,UNVR,RG,4090,3,D,CC,SQ,D
10:45:40,UNVR,RG,4090,2,D,CC,CC,D
10:45:40,UNVR,RG,4090,11,D,CC,BK,F
10:45:40,UNVR,RG,4090,12,D,CC,XC,D
10:45:40,UNVR,RG,4090,1,D,CC,XL,D
10:45:40,UNVR,RG,4090,2,D,CC,PD,D
10:45:40,UNVR,RG,4090,3,D,CC,XC,D
10:45:40,UNVR,RG,4090,3,D,CC,HP,D
10:45:40,UNVR,RG,4090,1,D,CC,XC,D
10:45:40,UNVR,RG,4090,3,D,CC,KZ,D
10:45:40,UNVR,RG,4090,38,D,CC,KZ,D
10:45:40,UNVR,RG,4090,41,D,CC,CC,D
10:45:38,UNVR,RG,4090,1,D,XC,CC,D
10:45:28,UNVR,RG,4090,1,D,XC,CC,D
10:45:28,UNVR,RG,4090,4,D,XC,CC,D
10:45:26,UNVR,RG,4090,10,D,YP,CC,D
10:45:25,UNVR,RG,4090,5,F,ZP,CC,D
10:45:17,UNVR,RG,4090,1,D,PD,CC,D
10:45:16,UNVR,RG,4080,2,D,YP,YP,D
10:45:12,UNVR,RG,4090,9,F,ZP,CC,D
10:45:12,UNVR,RG,4090,15,F,ZP,KZ,D
10:45:12,UNVR,RG,4090,4,D,GR,KZ,D
10:45:12,UNVR,RG,4090,2,D,GR,YP,D
10:45:12,UNVR,RG,4090,6,D,GR,BK,F
10:45:11,UNVR,RG,4090,2,D,YP,BK,F
10:45:09,UNVR,RG,4090,5,D,YP,BK,F
10:45:07,UNVR,RG,4090,25,D,XC,BK,F
10:45:00,UNVR,RG,4090,52,D,YP,BK,F
10:45:00,UNVR,RG,4090,42,D,YP,CS,F
10:44:59,UNVR,RG,4090,2,D,XL,CS,F
10:44:54,UNVR,RG,4090,3,F,ZP,CS,F
10:44:53,UNVR,RG,4090,15,D,YP,CS,F
10:44:47,UNVR,RG,4090,6,F,ZP,CS,F
10:44:08,UNVR,RG,4090,1,D,KK,CS,F
10:44:08,UNVR,RG,4090,1,D,PD,CS,F
10:43:40,UNVR,RG,4090,2,D,XC,CS,F
10:43:34,UNVR,RG,4090,10,D,CC,CS,F
10:43:25,UNVR,RG,4090,1,D,XC,CS,F
10:43:18,UNVR,RG,4090,33,D,CC,CS,F
10:43:17,UNVR,RG,4090,1,D,XC,CS,F
10:42:56,UNVR,RG,4090,1,D,YP,CS,F
10:42:52,UNVR,RG,4090,1,D,YP,CS,F
10:42:24,UNVR,RG,4090,1,D,NI,CS,F
10:42:23,UNVR,RG,4090,9,D,XC,CS,F
10:42:13,UNVR,RG,4090,1,D,YP,CS,F
10:41:50,UNVR,RG,4090,1,D,PD,CS,F
10:41:49,UNVR,RG,4090,50,F,DX,CS,F
10:41:31,UNVR,RG,4080,23,D,YP,BK,F
10:41:28,UNVR,RG,4080,13,D,YP,BK,F
10:41:27,UNVR,RG,4090,100,D,NI,CS,F
10:41:20,UNVR,RG,4090,10,D,CC,CS,F
10:41:05,UNVR,RG,4090,10,D,YP,CS,F
10:40:50,UNVR,RG,4080,1,D,YP,PD,D
10:40:38,UNVR,RG,4080,16,D,YP,BK,F
10:40:38,UNVR,RG,4090,2,D,XC,CS,F
10:40:34,UNVR,RG,4090,10,D,YP,CS,F
10:40:11,UNVR,RG,4090,2,D,NI,CS,F
10:40:10,UNVR,RG,4090,1,D,YP,CS,F
10:39:45,UNVR,RG,4090,1,D,YP,CS,F
10:38:38,UNVR,RG,4080,17,D,YP,BK,F
10:38:34,UNVR,RG,4080,47,D,YP,BK,F
10:38:31,UNVR,RG,4090,3,D,CC,CS,F
10:38:29,UNVR,RG,4090,5,F,YU,HP,D
10:38:29,UNVR,RG,4090,1,D,YP,HP,D
10:38:29,UNVR,RG,4090,16,F,YU,HP,D
10:38:29,UNVR,RG,4090,28,F,ZP,HP,D
10:38:29,UNVR,RG,4090,200,F,YU,HP,D
10:38:28,UNVR,RG,4090,15,F,YU,BK,F
10:38:26,UNVR,RG,4090,16,F,YU,BK,F
10:38:26,UNVR,RG,4090,10,D,CC,BK,F
10:38:26,UNVR,RG,4090,7,D,CP,BK,F
10:38:22,UNVR,RG,4090,108,D,CP,AK,F
10:38:21,UNVR,RG,4090,52,D,CP,BK,F
10:38:18,UNVR,RG,4090,9,D,CP,PD,D
10:38:18,UNVR,RG,4090,108,D,CP,AK,F
10:38:17,UNVR,RG,4090,108,D,CP,AK,F
10:38:16,UNVR,RG,4090,10,D,CP,YP,D
10:38:15,UNVR,RG,4090,14,D,CP,BK,F
10:38:12,UNVR,RG,4090,65,D,CP,BK,F
10:38:11,UNVR,RG,4090,108,D,CP,AK,F
10:38:10,UNVR,RG,4090,162,D,CP,PD,D
10:38:10,UNVR,RG,4090,249,D,CP,PD,D
10:38:10,UNVR,RG,4090,1,D,PD,PD,D
10:38:10,UNVR,RG,4090,5,D,OD,PD,D
10:38:10,UNVR,RG,4090,100,D,AG,PD,D
10:38:10,UNVR,RG,4090,1,D,YP,PD,D
10:38:10,UNVR,RG,4090,4,D,XC,PD,D
10:38:10,UNVR,RG,4090,2,D,XC,PD,D
10:38:10,UNVR,RG,4090,1,D,PD,PD,D
10:38:10,UNVR,RG,4090,50,D,EP,PD,D
10:38:10,UNVR,RG,4090,25,D,SQ,PD,D
10:38:10,UNVR,RG,4090,10,F,ZP,PD,D
10:38:10,UNVR,RG,4090,1,F,ZP,PD,D
10:38:10,UNVR,RG,4090,175,D,ZP,PD,D
10:38:06,UNVR,RG,4090,7,D,ZP,PD,D
10:37:57,UNVR,RG,4090,9,D,ZP,PD,D
10:37:34,UNVR,RG,4090,1,D,ZP,KK,D
10:37:07,UNVR,RG,4090,1,D,ZP,XC,D
10:36:24,UNVR,RG,4090,50,D,ZP,PD,D
10:35:05,UNVR,RG,4090,16,D,ZP,DR,D
10:35:05,UNVR,RG,4090,23,D,ZP,DR,D
10:35:05,UNVR,RG,4090,19,D,ZP,BK,F
10:35:05,UNVR,RG,4090,99,D,ZP,EP,D
10:34:56,UNVR,RG,4090,18,D,CC,EP,D
10:34:45,UNVR,RG,4090,25,F,YU,EP,D
10:34:45,UNVR,RG,4090,8,F,YU,EP,D
10:34:45,UNVR,RG,4090,1,F,ZP,EP,D
10:34:45,UNVR,RG,4090,24,D,NI,EP,D
10:34:45,UNVR,RG,4090,10,D,PD,EP,D
10:34:45,UNVR,RG,4090,2,D,YP,EP,D
10:34:45,UNVR,RG,4090,1,D,DR,EP,D
10:34:45,UNVR,RG,4090,2,F,ZP,EP,D
10:34:45,UNVR,RG,4090,50,D,PD,EP,D
10:34:45,UNVR,RG,4090,231,F,YU,EP,D
10:34:45,UNVR,RG,4090,2,F,ZP,EP,D
10:34:45,UNVR,RG,4090,6,F,ZP,EP,D
10:34:45,UNVR,RG,4090,21,D,GR,EP,D
10:34:13,UNVR,RG,4090,8,D,GR,XC,D
10:34:12,UNVR,RG,4090,2,D,GR,KZ,D
10:34:12,UNVR,RG,4090,25,D,GR,KZ,D
10:34:12,UNVR,RG,4090,14,D,GR,KZ,D
10:34:12,UNVR,RG,4090,2,D,GR,XC,D
10:34:12,UNVR,RG,4090,1,D,GR,KK,D
10:34:12,UNVR,RG,4090,14,D,GR,YP,D
10:34:12,UNVR,RG,4090,17,D,GR,DR,D
10:34:12,UNVR,RG,4090,23,D,GR,DR,D
10:34:12,UNVR,RG,4090,28,D,GR,CC,D
10:34:12,UNVR,RG,4090,59,D,GR,SQ,D
10:34:12,UNVR,RG,4090,13,D,GR,BK,F
10:34:12,UNVR,RG,4090,23,D,GR,IU,D
10:34:07,UNVR,RG,4090,6,D,PD,IU,D
10:34:05,UNVR,RG,4090,5,D,DR,IU,D
10:33:56,UNVR,RG,4090,3,D,XA,IU,D
10:33:46,UNVR,RG,4090,2,D,CC,IU,D
10:33:45,UNVR,RG,4090,1,D,XC,IU,D
10:33:41,UNVR,RG,4080,1,D,YP,XC,D
10:33:32,UNVR,RG,4090,10,D,EP,IU,D
10:33:26,UNVR,RG,4080,10,D,YP,PD,D
10:33:19,UNVR,RG,4090,100,D,CP,IU,D
10:33:12,UNVR,RG,4090,6,D,XL,IU,D
10:33:04,UNVR,RG,4090,1,D,XC,IU,D
10:32:54,UNVR,RG,4090,24,D,YP,IU,D
10:32:51,UNVR,RG,4090,1,D,NI,IU,D
10:32:44,UNVR,RG,4090,98,D,PD,IU,D
10:32:43,UNVR,RG,4090,2,D,XC,IU,D
10:32:42,UNVR,RG,4090,16,F,ZP,IU,D
10:32:20,UNVR,RG,4090,2,F,ZP,IU,D
10:32:16,UNVR,RG,4090,1,D,CC,IU,D
10:32:15,UNVR,RG,4090,1,D,DH,IU,D
10:32:15,UNVR,RG,4090,1,D,PD,IU,D
10:32:10,UNVR,RG,4090,2,D,CC,IU,D
10:32:07,UNVR,RG,4090,1,D,PD,IU,D
10:31:58,UNVR,RG,4080,20,D,YP,EP,D
10:31:57,UNVR,RG,4090,5,D,PD,IU,D
10:31:48,UNVR,RG,4090,1,D,YP,IU,D
10:31:32,UNVR,RG,4090,1,D,YP,IU,D
10:31:30,UNVR,RG,4090,1,D,CC,IU,D
10:31:21,UNVR,RG,4090,1,D,AT,IU,D
10:30:45,UNVR,RG,4080,10,D,YP,PD,D
10:30:25,UNVR,RG,4090,2,F,ZP,IU,D
10:30:14,UNVR,RG,4090,15,D,KK,IU,D
10:30:10,UNVR,RG,4090,1,D,XC,IU,D
10:30:06,UNVR,RG,4080,20,D,YP,YP,D
10:30:04,UNVR,RG,4090,30,D,PD,IU,D
10:30:03,UNVR,RG,4090,5,D,YP,IU,D
10:30:00,UNVR,RG,4090,12,F,ZP,IU,D
10:29:56,UNVR,RG,4090,1,D,XC,IU,D
10:29:56,UNVR,RG,4080,4,D,YP,CC,D
10:29:54,UNVR,RG,4090,2,D,CC,IU,D
10:29:43,UNVR,RG,4090,1,F,ZP,IU,D
10:29:32,UNVR,RG,4090,1,D,KK,IU,D
10:29:26,UNVR,RG,4090,3,D,EP,IU,D
10:29:23,UNVR,RG,4090,1,D,XC,IU,D
10:29:19,UNVR,RG,4090,1,D,XC,IU,D
10:29:12,UNVR,RG,4090,10,D,YP,IU,D
10:29:07,UNVR,RG,4090,2,D,HP,IU,D
10:28:56,UNVR,RG,4090,2,D,CC,IU,D
10:28:55,UNVR,RG,4090,50,D,XC,IU,D
10:28:55,UNVR,RG,4090,3,D,PD,IU,D
10:28:48,UNVR,RG,4090,4,D,XC,IU,D
10:28:37,UNVR,RG,4090,2,D,PD,IU,D
10:28:31,UNVR,RG,4090,1,D,SQ,IU,D
10:28:29,UNVR,RG,4090,36,D,YP,IU,D
10:28:29,UNVR,RG,4090,2,D,YP,XC,D
10:28:29,UNVR,RG,4090,1,D,YP,XC,D
10:28:29,UNVR,RG,4090,30,D,YP,CC,D
10:28:29,UNVR,RG,4090,2,D,YP,KZ,D
10:28:29,UNVR,RG,4090,26,D,YP,KZ,D
10:28:29,UNVR,RG,4090,3,D,YP,KZ,D
10:28:28,UNVR,RG,4090,2,D,PD,KZ,D
10:28:27,UNVR,RG,4090,5,D,YP,KZ,D
10:28:23,UNVR,RG,4090,1,D,XL,KZ,D
10:28:20,UNVR,RG,4090,2,D,PD,KZ,D
10:28:18,UNVR,RG,4090,1,D,YP,KZ,D
10:28:18,UNVR,RG,4090,4,D,YP,BK,F
10:28:12,UNVR,RG,4090,2,D,HP,BK,F
10:28:04,UNVR,RG,4090,2,D,NI,BK,F
10:27:54,UNVR,RG,4090,2,D,HP,BK,F
10:27:46,UNVR,RG,4090,1,D,DR,BK,F
10:27:45,UNVR,RG,4090,13,D,YP,PD,D
10:27:45,UNVR,RG,4090,1,F,ZP,PD,D
10:27:41,UNVR,RG,4090,5,D,NI,PD,D
10:27:39,UNVR,RG,4090,5,D,CC,PD,D
10:27:37,UNVR,RG,4090,25,D,GR,PD,D
10:27:33,UNVR,RG,4090,10,D,YP,PD,D
10:27:31,UNVR,RG,4090,48,D,YP,PD,D
10:27:27,UNVR,RG,4090,1,F,ZP,PD,D
10:27:20,UNVR,RG,4090,9,F,ZP,PD,D
10:27:19,UNVR,RG,4090,10,D,NI,PD,D
10:27:18,UNVR,RG,4090,10,D,CC,PD,D
10:27:17,UNVR,RG,4080,10,D,YP,PD,D
10:27:17,UNVR,RG,4080,14,D,YP,BK,F
10:27:15,UNVR,RG,4090,50,D,XC,PD,D
10:27:08,UNVR,RG,4090,1,D,DH,PD,D
10:26:59,UNVR,RG,4090,1,D,XC,PD,D
10:26:50,UNVR,RG,4090,1,D,XC,PD,D
10:26:48,UNVR,RG,4090,10,D,NI,PD,D
10:26:36,UNVR,RG,4090,2,D,YP,PD,D
10:26:35,UNVR,RG,4090,2,D,CC,PD,D
10:26:35,UNVR,RG,4080,18,D,YP,BK,F
10:26:34,UNVR,RG,4080,1,D,YP,PD,D
10:26:34,UNVR,RG,4090,2,D,NI,PD,D
10:26:34,UNVR,RG,4090,8,D,NI,PD,D
10:26:27,UNVR,RG,4090,1,D,AZ,PD,D
10:26:20,UNVR,RG,4080,3,D,YP,BK,F
10:26:20,UNVR,RG,4080,3,D,PD,BK,F
10:26:20,UNVR,RG,4080,6,D,GR,BK,F
10:26:17,UNVR,RG,4090,50,D,YP,PD,D
10:26:15,UNVR,RG,4090,30,D,NI,PD,D
10:26:08,UNVR,RG,4080,18,D,GR,BK,F
10:26:05,UNVR,RG,4090,50,D,OD,PD,D
10:26:05,UNVR,RG,4090,4,D,PD,PD,D
10:26:02,UNVR,RG,4090,1,D,XC,PD,D
10:25:58,UNVR,RG,4080,12,D,GR,BK,F
10:25:57,UNVR,RG,4090,30,D,NI,PD,D
10:25:47,UNVR,RG,4090,3,D,XL,PD,D
10:25:46,UNVR,RG,4090,20,D,OD,PD,D
10:25:44,UNVR,RG,4090,1,D,YP,PD,D
10:25:27,UNVR,RG,4090,2,D,SQ,PD,D
10:25:26,UNVR,RG,4090,67,D,CD,PD,D
10:25:24,UNVR,RG,4090,1,D,HP,PD,D
10:25:22,UNVR,RG,4090,1,F,ZP,PD,D
10:25:19,UNVR,RG,4090,9,F,ZP,PD,D
10:24:47,UNVR,RG,4090,20,D,CC,PD,D
10:24:34,UNVR,RG,4090,10,D,CC,PD,D
10:24:26,UNVR,RG,4090,10,D,YP,PD,D
10:24:25,UNVR,RG,4090,1,D,YP,PD,D
10:24:02,UNVR,RG,4090,5,D,PD,PD,D
10:23:30,UNVR,RG,4090,5,D,XC,PD,D
10:23:26,UNVR,RG,4090,5,D,AG,PD,D
10:23:26,UNVR,RG,4090,2,D,XC,PD,D
10:23:26,UNVR,RG,4090,1,D,XC,PD,D
10:23:26,UNVR,RG,4090,5,D,SQ,PD,D
10:23:26,UNVR,RG,4090,6,D,CC,PD,D
10:23:26,UNVR,RG,4090,3,D,PD,PD,D
10:23:26,UNVR,RG,4090,1,F,ZP,PD,D
10:23:26,UNVR,RG,4090,1,D,YP,PD,D
10:23:26,UNVR,RG,4090,5,D,KK,PD,D
10:23:26,UNVR,RG,4090,1,D,AT,PD,D
10:23:26,UNVR,RG,4090,1,D,YP,PD,D
10:23:26,UNVR,RG,4090,2,D,PD,PD,D
10:23:26,UNVR,RG,4090,1,D,DR,PD,D
10:23:26,UNVR,RG,4090,1,F,ZP,PD,D
10:23:26,UNVR,RG,4090,14,F,ZP,PD,D
10:23:26,UNVR,RG,4090,231,F,YU,PD,D
10:23:26,UNVR,RG,4090,1,D,DR,PD,D
10:23:26,UNVR,RG,4090,1,D,YP,PD,D
10:23:26,UNVR,RG,4090,5,D,PD,PD,D
10:23:26,UNVR,RG,4090,25,D,SQ,PD,D
10:23:26,UNVR,RG,4090,5,D,XC,PD,D
10:23:26,UNVR,RG,4090,5,D,CC,PD,D
10:23:26,UNVR,RG,4090,45,D,GR,PD,D
10:23:26,UNVR,RG,4090,3,D,LG,PD,D
10:23:26,UNVR,RG,4090,2,D,XC,PD,D
10:23:26,UNVR,RG,4090,5,D,PD,PD,D
10:23:26,UNVR,RG,4090,1,D,DH,PD,D
10:23:26,UNVR,RG,4090,10,D,NI,PD,D
10:23:26,UNVR,RG,4090,50,D,NI,PD,D
10:23:26,UNVR,RG,4090,1,D,NI,PD,D
10:23:26,UNVR,RG,4090,1,D,XC,PD,D
10:23:26,UNVR,RG,4090,1,D,AT,PD,D
10:23:26,UNVR,RG,4090,1,D,YP,PD,D
10:23:26,UNVR,RG,4090,1,D,PD,PD,D
10:23:26,UNVR,RG,4090,21,D,KK,PD,D
10:22:31,UNVR,RG,4090,4,D,KK,PD,D
10:22:31,UNVR,RG,4090,1,D,PD,PD,D
10:21:07,UNVR,RG,4090,2,D,AG,PD,D
10:21:06,UNVR,RG,4090,2,D,AG,PD,D
10:20:45,UNVR,RG,4090,3,D,AG,CC,D
10:20:45,UNVR,RG,4090,1,F,ZP,CC,D
10:20:45,UNVR,RG,4090,1,F,ZP,CC,D
10:20:45,UNVR,RG,4090,14,F,ZP,CC,D
10:20:45,UNVR,RG,4090,31,D,PD,CC,D
10:20:37,UNVR,RG,4090,2,D,PD,NI,D
10:20:33,UNVR,RG,4090,1,D,PD,XC,D
10:20:33,UNVR,RG,4100,2,D,PD,KI,D
10:20:06,UNVR,RG,4090,1,D,PD,XC,D
10:20:03,UNVR,RG,4090,12,D,PD,BK,F
10:20:03,UNVR,RG,4090,3,D,PD,DR,D
10:20:01,UNVR,RG,4090,1,D,YP,DR,D
10:19:56,UNVR,RG,4090,1,D,AT,DR,D
10:19:51,UNVR,RG,4090,6,D,SQ,DR,D
10:19:51,UNVR,RG,4090,19,D,SQ,DR,D
10:19:49,UNVR,RG,4090,7,F,AK,NI,D
10:19:49,UNVR,RG,4090,3,F,AK,KZ,D
10:19:49,UNVR,RG,4090,30,F,AK,KZ,D
10:19:49,UNVR,RG,4090,17,F,AK,KZ,D
10:19:49,UNVR,RG,4090,3,F,AK,CC,D
10:19:49,UNVR,RG,4090,19,F,AK,DR,D
10:19:49,UNVR,RG,4090,22,F,AK,BK,F
10:19:49,UNVR,RG,4090,6,F,AK,DR,D
10:19:48,UNVR,RG,4090,6,D,DR,DR,D
10:19:48,UNVR,RG,4090,4,D,DR,CC,D
10:19:48,UNVR,RG,4090,5,D,YP,CC,D
10:19:46,UNVR,RG,4090,21,D,CC,CC,D
10:19:46,UNVR,RG,4090,79,D,CC,LG,D
10:19:43,UNVR,RG,4090,1,D,XC,LG,D
10:19:34,UNVR,RG,4090,3,D,XC,LG,D
10:19:30,UNVR,RG,4090,16,F,ZP,LG,D
10:19:23,UNVR,RG,4090,25,D,CC,LG,D
10:19:14,UNVR,RG,4090,1,D,XC,LG,D
10:19:06,UNVR,RG,4090,3,D,PD,LG,D
10:18:53,UNVR,RG,4090,1,D,XC,LG,D
10:18:34,UNVR,RG,4090,1,D,LG,LG,D
10:18:32,UNVR,RG,4090,2,D,NI,LG,D
10:18:24,UNVR,RG,4090,5,D,OD,LG,D
10:18:18,UNVR,RG,4090,5,D,NI,LG,D
10:18:18,UNVR,RG,4090,1,D,XC,LG,D
10:18:16,UNVR,RG,4090,10,D,XC,LG,D
10:18:06,UNVR,RG,4090,5,D,YP,LG,D
10:18:06,UNVR,RG,4090,1,D,PD,LG,D
10:18:04,UNVR,RG,4090,1,D,LG,LG,D
10:17:55,UNVR,RG,4090,1,D,LG,LG,D
10:17:44,UNVR,RG,4090,1,D,DR,LG,D
10:17:20,UNVR,RG,4090,1,D,DR,LG,D
10:17:19,UNVR,RG,4090,1,D,XL,LG,D
10:17:14,UNVR,RG,4090,1,D,DR,LG,D
10:16:58,UNVR,RG,4090,1,F,BK,LG,D
10:16:58,UNVR,RG,4090,2,D,YP,LG,D
10:16:58,UNVR,RG,4090,10,D,PD,LG,D
10:16:58,UNVR,RG,4090,2,D,XL,LG,D
10:16:58,UNVR,RG,4090,1,D,XC,LG,D
10:16:58,UNVR,RG,4090,5,D,XC,LG,D
10:16:58,UNVR,RG,4090,11,D,XC,LG,D
10:16:58,UNVR,RG,4090,1,D,XC,LG,D
10:16:58,UNVR,RG,4090,1,D,YP,LG,D
10:16:58,UNVR,RG,4090,10,D,XC,LG,D
10:16:58,UNVR,RG,4090,1,D,XC,LG,D
10:16:58,UNVR,RG,4090,2,D,XA,LG,D
10:16:58,UNVR,RG,4090,5,D,PD,LG,D
10:16:58,UNVR,RG,4090,1,D,YP,LG,D
10:16:58,UNVR,RG,4090,1,D,YP,LG,D
10:16:58,UNVR,RG,4090,8,D,YP,LG,D
10:16:58,UNVR,RG,4090,1,D,DR,LG,D
10:16:58,UNVR,RG,4090,50,D,YU,LG,D
10:16:58,UNVR,RG,4090,1,F,ZP,LG,D
10:16:58,UNVR,RG,4090,15,D,XC,LG,D
10:16:58,UNVR,RG,4090,25,D,CC,LG,D
10:16:58,UNVR,RG,4090,5,D,CC,LG,D
10:16:58,UNVR,RG,4090,1,D,PD,LG,D
10:16:58,UNVR,RG,4090,2,D,XC,LG,D
10:16:58,UNVR,RG,4090,1,D,PD,LG,D
10:16:58,UNVR,RG,4090,1,D,IF,LG,D
10:16:58,UNVR,RG,4090,3,F,ZP,LG,D
10:16:58,UNVR,RG,4090,1,F,ZP,LG,D
10:16:58,UNVR,RG,4090,4,D,KK,LG,D
10:16:58,UNVR,RG,4090,1,D,DR,LG,D
10:16:58,UNVR,RG,4090,1,D,KK,LG,D
10:16:58,UNVR,RG,4090,42,D,NI,LG,D
10:16:58,UNVR,RG,4090,1,D,YP,LG,D
10:16:58,UNVR,RG,4090,1,D,YP,LG,D
10:16:58,UNVR,RG,4090,1,D,DR,LG,D
10:16:58,UNVR,RG,4090,7,D,YP,LG,D
10:16:58,UNVR,RG,4090,9,D,NI,LG,D
10:16:02,UNVR,RG,4090,1,D,NI,YP,D
10:15:59,UNVR,RG,4100,25,D,YP,KI,D
10:15:32,UNVR,RG,4090,4,D,NI,XC,D
10:14:55,UNVR,RG,4100,1,D,XC,KI,D
10:14:28,UNVR,RG,4090,10,D,NI,CC,D
10:14:16,UNVR,RG,4100,1,D,PD,KI,D
10:13:40,UNVR,RG,4090,11,D,NI,NI,D
10:13:40,UNVR,RG,4090,5,D,KK,NI,D
10:13:40,UNVR,RG,4090,1,D,XC,NI,D
10:13:40,UNVR,RG,4090,3,D,XA,NI,D
10:13:40,UNVR,RG,4090,1,D,XC,NI,D
10:13:31,UNVR,RG,4090,1,D,XC,NI,D
10:13:25,UNVR,RG,4090,1,F,ZP,PD,D
10:13:25,UNVR,RG,4090,1,D,XC,PD,D
10:13:17,UNVR,RG,4090,6,D,CD,BK,F
10:13:17,UNVR,RG,4080,5,D,GR,NI,D
10:13:15,UNVR,RG,4090,165,F,AK,PD,D
10:13:15,UNVR,RG,4090,6,D,YP,PD,D
10:13:15,UNVR,RG,4090,3,D,YP,SQ,D
10:13:15,UNVR,RG,4090,25,D,YP,KK,D
10:13:15,UNVR,RG,4090,15,D,YP,DX,F
10:13:15,UNVR,RG,4090,15,D,YP,BK,F
10:13:15,UNVR,RG,4090,2,D,YP,KZ,D
10:13:15,UNVR,RG,4090,22,D,YP,KZ,D
10:13:15,UNVR,RG,4090,11,D,YP,KZ,D
10:13:15,UNVR,RG,4090,1,D,YP,PD,D
10:13:14,UNVR,RG,4090,1,D,XC,PD,D
10:13:13,UNVR,RG,4090,6,D,CD,PD,D
10:13:12,UNVR,RG,4090,1,D,DR,PD,D
10:13:10,UNVR,RG,4090,1,D,NI,PD,D
10:13:10,UNVR,RG,4090,6,D,CD,PD,D
10:13:08,UNVR,RG,4090,2,D,YP,PD,D
10:13:06,UNVR,RG,4090,6,D,CD,PD,D
10:12:48,UNVR,RG,4090,1,D,YP,PD,D
10:12:41,UNVR,RG,4080,1,D,GR,KK,D
10:12:40,UNVR,RG,4090,25,D,MU,PD,D
10:12:34,UNVR,RG,4080,6,D,GR,PD,D
10:12:34,UNVR,RG,4080,6,D,GR,NI,D
10:12:34,UNVR,RG,4080,5,D,AZ,NI,D
10:12:34,UNVR,RG,4080,5,D,PD,NI,D
10:12:34,UNVR,RG,4080,31,D,PD,NI,D
10:12:34,UNVR,RG,4080,3,D,SH,NI,D
10:12:23,UNVR,RG,4090,2,D,XC,PD,D
10:12:20,UNVR,RG,4080,7,D,SH,XA,D
10:12:20,UNVR,RG,4080,1,D,XC,XA,D
10:12:20,UNVR,RG,4080,1,D,PD,XA,D
10:12:20,UNVR,RG,4080,1,D,XC,XA,D
10:12:19,UNVR,RG,4080,10,D,XC,CC,D
10:12:17,UNVR,RG,4090,10,D,NI,PD,D
10:12:13,UNVR,RG,4090,3,D,GR,PD,D
10:12:10,UNVR,RG,4090,1,F,ZP,PD,D
10:12:09,UNVR,RG,4090,2,D,PD,PD,D
10:12:09,UNVR,RG,4090,1,D,CC,PD,D
10:12:09,UNVR,RG,4090,5,D,CC,PD,D
10:12:09,UNVR,RG,4090,1,D,XC,PD,D
10:12:09,UNVR,RG,4090,20,D,PD,PD,D
10:12:09,UNVR,RG,4090,1,D,YP,PD,D
10:12:09,UNVR,RG,4090,1,D,XC,PD,D
10:12:09,UNVR,RG,4090,1,D,DR,PD,D
10:12:09,UNVR,RG,4090,1,F,ZP,PD,D
10:12:09,UNVR,RG,4090,1,D,NI,PD,D
10:12:09,UNVR,RG,4090,1,D,DR,PD,D
10:12:09,UNVR,RG,4090,2,D,XC,PD,D
10:12:09,UNVR,RG,4090,3,D,CC,PD,D
10:12:09,UNVR,RG,4090,2,D,XC,PD,D
10:12:09,UNVR,RG,4090,5,D,SQ,PD,D
10:12:09,UNVR,RG,4090,24,D,KK,PD,D
10:12:09,UNVR,RG,4090,40,D,YP,PD,D
10:12:09,UNVR,RG,4090,20,D,AT,PD,D
10:12:09,UNVR,RG,4090,9,D,NI,PD,D
10:12:09,UNVR,RG,4090,1,D,NI,PD,D
10:12:09,UNVR,RG,4090,28,F,ZP,PD,D
10:12:09,UNVR,RG,4090,1,D,XC,PD,D
10:12:09,UNVR,RG,4090,1,D,PD,PD,D
10:12:09,UNVR,RG,4090,10,D,YP,PD,D
10:12:09,UNVR,RG,4090,10,D,NI,PD,D
10:12:09,UNVR,RG,4090,25,D,GR,PD,D
10:12:09,UNVR,RG,4090,4,D,DH,PD,D
10:12:09,UNVR,RG,4090,231,F,YU,PD,D
10:12:09,UNVR,RG,4090,5,D,XC,PD,D
10:12:09,UNVR,RG,4090,5,D,SQ,PD,D
10:12:09,UNVR,RG,4090,5,D,PD,PD,D
10:12:09,UNVR,RG,4090,50,D,CC,PD,D
10:12:09,UNVR,RG,4090,2,D,PD,PD,D
10:12:09,UNVR,RG,4090,2,D,MG,PD,D
10:12:09,UNVR,RG,4090,25,D,SQ,PD,D
10:12:09,UNVR,RG,4090,1,D,PD,PD,D
10:12:09,UNVR,RG,4090,1,D,YP,PD,D
10:12:09,UNVR,RG,4090,1,D,DR,PD,D
10:12:09,UNVR,RG,4090,1,D,XC,PD,D
10:12:09,UNVR,RG,4090,1,D,NI,PD,D
10:12:09,UNVR,RG,4090,1,D,DH,PD,D
10:12:09,UNVR,RG,4090,382,D,OD,PD,D
10:11:58,UNVR,RG,4090,1,D,OD,DR,D
10:11:55,UNVR,RG,4090,5,D,OD,PD,D
10:11:50,UNVR,RG,4100,1,D,YP,KI,D
10:11:08,UNVR,RG,4090,1,D,PD,CC,D
10:11:08,UNVR,RG,4090,5,D,XC,CC,D
10:11:08,UNVR,RG,4090,1,D,NI,CC,D
10:11:08,UNVR,RG,4090,1,D,XC,CC,D
10:11:08,UNVR,RG,4090,2,D,NI,CC,D
10:10:56,UNVR,RG,4090,1,D,NI,DH,D
10:10:53,UNVR,RG,4090,5,D,NI,XC,D
10:10:52,UNVR,RG,4090,2,D,NI,PD,D
10:10:51,UNVR,RG,4090,2,D,NI,YP,D
10:10:48,UNVR,RG,4090,1,D,NI,XC,D
10:10:47,UNVR,RG,4090,4,D,NI,DH,D
10:10:47,UNVR,RG,4090,1,D,XC,DH,D
10:10:36,UNVR,RG,4090,1,D,XC,DR,D
10:10:36,UNVR,RG,4090,1,D,XC,DR,D
10:10:36,UNVR,RG,4090,1,D,PD,DR,D
10:10:36,UNVR,RG,4090,25,D,CC,DR,D
10:10:36,UNVR,RG,4090,1,D,DR,DR,D
10:10:36,UNVR,RG,4090,5,D,YP,DR,D
10:10:36,UNVR,RG,4090,1,D,XC,DR,D
10:10:36,UNVR,RG,4090,1,D,DH,DR,D
10:10:36,UNVR,RG,4090,1,D,CP,DR,D
10:10:36,UNVR,RG,4090,3,D,XC,DR,D
10:10:36,UNVR,RG,4090,1,D,YP,DR,D
10:10:36,UNVR,RG,4090,20,D,CC,DR,D
10:10:36,UNVR,RG,4090,300,D,YP,DR,D
10:10:36,UNVR,RG,4090,1,D,DR,DR,D
10:10:36,UNVR,RG,4090,1,D,PD,DR,D
10:10:36,UNVR,RG,4090,1,F,ZP,DR,D
10:10:36,UNVR,RG,4090,2,D,YP,DR,D
10:10:36,UNVR,RG,4090,1,D,PD,DR,D
10:10:36,UNVR,RG,4090,20,D,BR,DR,D
10:10:36,UNVR,RG,4090,20,D,YP,DR,D
10:10:36,UNVR,RG,4090,5,F,ZP,DR,D
10:10:36,UNVR,RG,4090,1,F,ZP,DR,D
10:10:36,UNVR,RG,4090,87,D,OD,DR,D
10:10:35,UNVR,RG,4100,2,D,CC,KI,D
10:10:34,UNVR,RG,4090,12,D,OD,YP,D
10:10:30,UNVR,RG,4090,1,D,OD,PD,D
10:10:21,UNVR,RG,4100,1,D,XL,KI,D
10:10:18,UNVR,RG,4090,5,D,OD,XC,D
10:10:04,UNVR,RG,4100,1,D,XL,KI,D
10:09:48,UNVR,RG,4090,5,D,OD,KK,F
10:09:36,UNVR,RG,4100,2,D,YP,KI,D
10:08:52,UNVR,RG,4100,1,D,YU,KI,D
10:08:46,UNVR,RG,4090,13,D,OD,CC,D
