Time,Stock,Brd,Price,Qty,BT,BC,SC,ST
15:14:01,UNVR,RG,4770,25,D,PD,YP,D
15:07:28,UNVR,RG,4770,1,D,OD,YP,D
15:07:22,UNVR,RG,4770,1,D,KK,YP,D
15:07:12,UNVR,RG,4770,50,D,NI,YP,D
15:06:48,UNVR,RG,4770,1,D,YP,YP,D
15:06:07,UNVR,RG,4770,5,D,YP,YP,D
15:03:22,UNVR,RG,4770,5,D,XC,YP,D
15:01:49,UNVR,RG,4770,63,D,YB,YP,D
15:00:00,UNVR,RG,4770,48,F,AK,YP,D
15:00:00,UNVR,RG,4770,71,F,YU,YP,D
15:00:00,UNVR,RG,4770,24,F,YU,NI,D
15:00:00,UNVR,RG,4770,1,F,YU,YP,D
15:00:00,UNVR,RG,4770,254,F,YU,ZP,D
15:00:00,UNVR,RG,4770,1,F,YU,PD,D
15:00:00,UNVR,RG,4770,50,F,YU,PD,D
15:00:00,UNVR,RG,4770,30,F,YU,CP,D
15:00:00,UNVR,RG,4770,200,F,YU,CP,D
15:00:00,UNVR,RG,4770,200,F,YU,YU,D
15:00:00,UNVR,RG,4770,50,F,YU,GR,D
15:00:00,UNVR,RG,4770,24,F,YU,YP,D
15:00:00,UNVR,RG,4770,1,F,YU,XL,D
15:00:00,UNVR,RG,4770,2,F,YU,CP,D
15:00:00,UNVR,RG,4770,220,F,YU,AT,D
15:00:00,UNVR,RG,4770,132,F,YU,YP,D
15:00:00,UNVR,RG,4770,100,F,YU,CC,D
15:00:00,UNVR,RG,4770,20,F,YU,DR,D
15:00:00,UNVR,RG,4770,25,F,YU,YP,D
15:00:00,UNVR,RG,4770,25,F,YU,YP,D
15:00:00,UNVR,RG,4770,10,F,YU,NI,D
15:00:00,UNVR,RG,4770,2,F,YU,XA,D
15:00:00,UNVR,RG,4770,1,F,YU,EP,D
15:00:00,UNVR,RG,4770,5,F,YU,YP,D
15:00:00,UNVR,RG,4770,1,F,YU,AZ,D
15:00:00,UNVR,RG,4770,200,F,YU,GR,D
15:00:00,UNVR,RG,4770,1,F,YU,YP,D
15:00:00,UNVR,RG,4770,200,F,YU,DR,D
15:00:00,UNVR,RG,4770,2,F,YU,KK,D
15:00:00,UNVR,RG,4770,20,F,YU,AZ,D
15:00:00,UNVR,RG,4770,1,F,YU,PD,D
15:00:00,UNVR,RG,4770,50,F,YU,AZ,D
15:00:00,UNVR,RG,4770,2,F,YU,KK,D
15:00:00,UNVR,RG,4770,40,F,YU,YP,D
15:00:00,UNVR,RG,4770,1,F,YU,BQ,D
15:00:00,UNVR,RG,4770,8,F,YU,PD,D
15:00:00,UNVR,RG,4770,25,F,YU,PC,D
15:00:00,UNVR,RG,4770,150,F,YU,YP,D
15:00:00,UNVR,RG,4770,3,F,YU,PD,D
15:00:00,UNVR,RG,4770,94,F,YU,YP,D
15:00:00,UNVR,RG,4770,1,F,YU,EP,D
15:00:00,UNVR,RG,4770,2,F,YU,YP,D
15:00:00,UNVR,RG,4770,1,F,YU,AZ,D
15:00:00,UNVR,RG,4770,7,F,YU,YP,D
15:00:00,UNVR,RG,4770,12,F,YU,PD,D
15:00:00,UNVR,RG,4770,2,F,YU,KK,D
15:00:00,UNVR,RG,4770,4,F,YU,EP,D
15:00:00,UNVR,RG,4770,1,F,YU,KK,D
15:00:00,UNVR,RG,4770,1,F,YU,XC,D
15:00:00,UNVR,RG,4770,5,F,YU,DR,D
15:00:00,UNVR,RG,4770,2,F,YU,SQ,D
15:00:00,UNVR,RG,4770,1,F,YU,YP,D
15:00:00,UNVR,RG,4770,944,F,YU,BK,F
15:00:00,UNVR,RG,4770,79,F,YU,BK,F
15:00:00,UNVR,RG,4770,85,F,ZP,BK,F
15:00:00,UNVR,RG,4770,1,F,ZP,BK,F
15:00:00,UNVR,RG,4770,61,F,ZP,BK,F
15:00:00,UNVR,RG,4770,1,F,ZP,CC,D
15:00:00,UNVR,RG,4770,1,F,ZP,PD,D
15:00:00,UNVR,RG,4770,1,F,ZP,HP,D
15:00:00,UNVR,RG,4770,13,F,ZP,CC,D
15:00:00,UNVR,RG,4770,12,F,AK,CC,D
15:00:00,UNVR,RG,4770,1,F,AK,NI,D
15:00:00,UNVR,RG,4770,2,F,AK,DH,D
15:00:00,UNVR,RG,4770,12,F,BK,DH,D
15:00:00,UNVR,RG,4770,100,F,BK,MG,D
15:00:00,UNVR,RG,4770,5,F,BK,XC,D
15:00:00,UNVR,RG,4770,2,F,BK,SQ,D
15:00:00,UNVR,RG,4770,1,F,BK,YP,D
15:00:00,UNVR,RG,4770,40,F,BK,HP,D
15:00:00,UNVR,RG,4770,1,F,BK,EP,D
15:00:00,UNVR,RG,4770,15,F,BK,AZ,D
15:00:00,UNVR,RG,4770,1,F,BK,XA,D
15:00:00,UNVR,RG,4770,1,F,BK,AT,D
15:00:00,UNVR,RG,4770,11,F,BK,EP,D
15:00:00,UNVR,RG,4770,166,F,BK,SQ,D
15:00:00,UNVR,RG,4770,360,F,BK,SQ,D
15:00:00,UNVR,RG,4770,259,F,YU,SQ,D
15:00:00,UNVR,RG,4770,108,F,CS,SQ,D
15:00:00,UNVR,RG,4770,1,F,CS,PD,D
15:00:00,UNVR,RG,4770,550,F,CS,CP,D
15:00:00,UNVR,RG,4770,2,F,CS,NI,D
15:00:00,UNVR,RG,4770,5,F,CS,SQ,D
15:00:00,UNVR,RG,4770,5,F,CS,SQ,D
15:00:00,UNVR,RG,4770,2,F,CS,CP,D
15:00:00,UNVR,RG,4770,200,F,CS,PD,D
15:00:00,UNVR,RG,4770,5,F,CS,SQ,D
15:00:00,UNVR,RG,4770,1,F,CS,YP,D
15:00:00,UNVR,RG,4770,1,F,CS,XC,D
15:00:00,UNVR,RG,4770,10,F,CS,PD,D
15:00:00,UNVR,RG,4770,30,F,CS,YB,D
15:00:00,UNVR,RG,4770,100,F,CS,EP,D
15:00:00,UNVR,RG,4770,300,F,CS,FZ,D
15:00:00,UNVR,RG,4770,200,F,CS,KK,D
15:00:00,UNVR,RG,4770,25,F,CS,KK,D
15:00:00,UNVR,RG,4770,1,F,CS,PD,D
15:00:00,UNVR,RG,4770,1,F,CS,YP,D
15:00:00,UNVR,RG,4770,200,F,CS,AI,D
15:00:00,UNVR,RG,4770,5,F,CS,HP,D
15:00:00,UNVR,RG,4770,20,F,CS,AO,D
15:00:00,UNVR,RG,4770,10,F,CS,AO,D
15:00:00,UNVR,RG,4770,5,F,CS,YP,D
15:00:00,UNVR,RG,4770,45,F,CS,AO,D
15:00:00,UNVR,RG,4770,210,F,CS,AO,D
15:00:00,UNVR,RG,4770,3,F,CS,ZP,F
15:00:00,UNVR,RG,4770,505,F,CS,ZP,F
15:00:00,UNVR,RG,4770,57,F,AK,ZP,F
15:00:00,UNVR,RG,4770,68,F,AK,ZP,F
15:00:00,UNVR,RG,4770,102,F,AK,ZP,F
15:00:00,UNVR,RG,4770,736,D,KZ,ZP,F
15:00:00,UNVR,RG,4770,133,F,AK,ZP,F
15:00:00,UNVR,RG,4770,497,F,AK,ZP,F
15:00:00,UNVR,RG,4770,33,D,YU,ZP,F
15:00:00,UNVR,RG,4770,637,F,RX,ZP,F
15:00:00,UNVR,RG,4770,102,F,RX,KZ,D
15:00:00,UNVR,RG,4770,698,F,RX,CS,F
15:00:00,UNVR,RG,4770,1,F,RX,DP,F
15:00:00,UNVR,RG,4770,11,F,RX,DP,F
15:00:00,UNVR,RG,4770,23,F,RX,AK,F
15:00:00,UNVR,RG,4770,39,F,RX,AK,F
15:00:00,UNVR,RG,4770,14,F,RX,AK,F
15:00:00,UNVR,RG,4770,124,F,RX,ZP,F
15:00:00,UNVR,RG,4770,74,F,RX,BB,D
15:00:00,UNVR,RG,4770,20,F,RX,DR,D
15:00:00,UNVR,RG,4770,92,F,RX,BB,F
15:00:00,UNVR,RG,4770,1444,F,RX,ZP,F
15:00:00,UNVR,RG,4770,3,D,NI,ZP,F
15:00:00,UNVR,RG,4770,110,D,LG,ZP,F
15:00:00,UNVR,RG,4770,965,D,PD,ZP,F
14:49:53,UNVR,RG,4740,1,F,AK,SQ,D
14:49:53,UNVR,RG,4740,1,F,ZP,SQ,D
14:49:47,UNVR,RG,4740,1,F,ZP,SQ,D
14:49:47,UNVR,RG,4740,104,F,AK,SQ,D
14:49:47,UNVR,RG,4740,100,F,AK,YU,D
14:49:47,UNVR,RG,4740,21,F,AK,NI,D
14:49:47,UNVR,RG,4740,1,F,AK,YP,D
14:49:46,UNVR,RG,4730,1,D,DR,PD,D
14:49:37,UNVR,RG,4730,1,D,DR,DP,F
14:49:31,UNVR,RG,4720,141,F,RX,ZP,F
14:49:31,UNVR,RG,4720,29,F,RX,ZP,F
14:49:31,UNVR,RG,4730,13,F,RX,ZP,F
14:49:31,UNVR,RG,4730,487,F,RX,ZP,F
14:49:30,UNVR,RG,4720,99,F,RX,ZP,F
14:49:30,UNVR,RG,4720,2,F,RX,AK,F
14:49:30,UNVR,RG,4730,2,F,ZP,ZP,F
14:49:30,UNVR,RG,4730,1,D,XL,ZP,F
14:49:30,UNVR,RG,4730,20,D,AO,ZP,F
14:49:30,UNVR,RG,4730,3,D,DR,ZP,F
14:49:30,UNVR,RG,4730,1,D,AO,ZP,F
14:49:28,UNVR,RG,4730,24,D,AO,CC,D
14:49:28,UNVR,RG,4730,2,F,ZP,CC,D
14:49:28,UNVR,RG,4730,10,D,PD,CC,D
14:49:28,UNVR,RG,4730,1,F,AK,CC,D
14:49:28,UNVR,RG,4730,28,D,AI,CC,D
14:49:27,UNVR,RG,4740,3,F,BK,CC,D
14:49:23,UNVR,RG,4740,4,F,ZP,CC,D
14:49:15,UNVR,RG,4730,1,D,AI,AK,F
14:49:15,UNVR,RG,4730,1,D,AI,AK,F
14:49:13,UNVR,RG,4730,7,D,AI,BB,F
14:49:08,UNVR,RG,4730,1,D,AI,BB,F
14:49:01,UNVR,RG,4730,1,D,AI,BB,F
14:48:53,UNVR,RG,4730,30,D,AI,KK,D
14:48:52,UNVR,RG,4730,1,D,AI,BB,F
14:48:52,UNVR,RG,4730,1,D,AI,ZP,F
14:48:51,UNVR,RG,4730,11,D,AI,CC,D
14:48:44,UNVR,RG,4730,18,D,AI,ZP,F
14:48:44,UNVR,RG,4730,20,D,XA,ZP,F
14:48:44,UNVR,RG,4730,10,D,AO,ZP,F
14:48:44,UNVR,RG,4730,5,D,PD,ZP,F
14:48:44,UNVR,RG,4730,10,D,HP,ZP,F
14:48:44,UNVR,RG,4730,1,D,XL,ZP,F
14:48:44,UNVR,RG,4730,1,D,YP,ZP,F
14:48:44,UNVR,RG,4730,3,D,CC,ZP,F
14:48:44,UNVR,RG,4730,10,F,BK,ZP,F
14:48:44,UNVR,RG,4730,24,D,AO,ZP,F
14:48:44,UNVR,RG,4730,1,D,AO,ZP,F
14:48:44,UNVR,RG,4730,26,F,RX,ZP,F
14:48:44,UNVR,RG,4730,2,F,RX,PD,D
14:48:39,UNVR,RG,4730,2,F,RX,BB,F
14:48:28,UNVR,RG,4730,2,F,RX,YP,D
14:48:26,UNVR,RG,4730,1,F,RX,BB,F
14:48:25,UNVR,RG,4730,300,F,RX,CC,D
14:48:20,UNVR,RG,4730,5,F,RX,YP,D
14:48:18,UNVR,RG,4730,106,F,RX,ZP,F
14:48:18,UNVR,RG,4730,27,F,RX,ZP,F
14:48:18,UNVR,RG,4730,1,F,RX,BB,F
14:48:05,UNVR,RG,4730,7,F,RX,HP,D
14:48:05,UNVR,RG,4740,100,D,PD,CC,D
14:48:05,UNVR,RG,4730,21,F,RX,ZP,F
14:48:05,UNVR,RG,4730,13,D,PD,ZP,F
14:48:05,UNVR,RG,4730,25,D,AO,ZP,F
14:48:05,UNVR,RG,4730,46,D,EP,ZP,F
14:48:05,UNVR,RG,4730,29,D,EP,ZP,F
14:48:05,UNVR,RG,4730,4,D,EP,BB,F
14:48:05,UNVR,RG,4730,3,D,EP,BB,F
14:48:03,UNVR,RG,4740,15,F,BK,CC,D
14:48:02,UNVR,RG,4740,4,F,ZP,CC,D
14:48:02,UNVR,RG,4730,2,D,EP,ZP,F
14:48:02,UNVR,RG,4730,50,D,YP,ZP,F
14:48:02,UNVR,RG,4730,4,F,ZP,ZP,F
14:48:02,UNVR,RG,4730,3,F,AK,ZP,F
14:48:02,UNVR,RG,4730,3,F,AK,ZP,F
14:48:02,UNVR,RG,4730,8,D,EP,ZP,F
14:48:02,UNVR,RG,4730,37,F,BK,ZP,F
14:48:02,UNVR,RG,4730,29,F,BK,ZP,F
14:48:02,UNVR,RG,4730,50,F,BK,DH,D
14:47:45,UNVR,RG,4740,2,F,AK,CC,D
14:47:37,UNVR,RG,4730,49,F,BK,SQ,D
14:47:33,UNVR,RG,4730,49,F,BK,ZP,F
14:47:33,UNVR,RG,4730,151,F,BK,ZP,F
14:47:30,UNVR,RG,4740,1,F,AK,CC,D
14:47:24,UNVR,RG,4730,13,F,BK,EP,D
14:47:19,UNVR,RG,4730,1,F,BK,NI,D
14:47:08,UNVR,RG,4740,1,D,XC,CC,D
14:47:03,UNVR,RG,4740,4,F,ZP,CC,D
14:47:03,UNVR,RG,4730,47,F,BK,ZP,F
14:46:40,UNVR,RG,4730,1,F,BK,DR,D
14:46:32,UNVR,RG,4730,40,F,BK,ZP,F
14:46:32,UNVR,RG,4740,1,D,PD,CC,D
14:46:30,UNVR,RG,4730,43,F,BK,ZP,F
14:46:30,UNVR,RG,4730,17,F,BK,ZP,F
14:46:30,UNVR,RG,4730,71,F,RX,ZP,F
14:46:14,UNVR,RG,4740,95,D,GR,CC,D
14:46:06,UNVR,RG,4740,1,D,XL,CC,D
14:45:44,UNVR,RG,4740,4,F,BK,CC,D
14:45:44,UNVR,RG,4740,2,F,BK,KK,D
14:45:44,UNVR,RG,4740,7,F,BK,CC,D
14:45:06,UNVR,RG,4730,1,F,RX,ZP,F
14:45:06,UNVR,RG,4730,97,F,RX,ZP,F
14:45:06,UNVR,RG,4730,1,F,RX,ZP,F
14:45:06,UNVR,RG,4730,1,F,RX,ZP,F
14:45:06,UNVR,RG,4730,12,F,RX,BB,F
14:45:06,UNVR,RG,4730,2,F,RX,YP,D
14:45:06,UNVR,RG,4730,2,F,RX,SQ,D
14:45:06,UNVR,RG,4730,2,F,RX,KK,D
14:45:06,UNVR,RG,4730,12,F,RX,YP,D
14:45:06,UNVR,RG,4730,1,F,RX,YP,D
14:45:06,UNVR,RG,4730,298,F,RX,GR,D
14:45:05,UNVR,RG,4730,49,D,PD,GR,D
14:44:34,UNVR,RG,4720,2,F,RX,XC,D
14:44:15,UNVR,RG,4720,3,F,RX,AK,F
14:44:15,UNVR,RG,4720,1,F,RX,DP,F
14:44:15,UNVR,RG,4720,2,F,RX,ZP,F
14:44:15,UNVR,RG,4720,143,F,RX,ZP,F
14:44:15,UNVR,RG,4720,46,F,RX,ZP,F
14:44:15,UNVR,RG,4720,140,F,RX,ZP,F
14:44:15,UNVR,RG,4720,46,F,RX,ZP,F
14:44:15,UNVR,RG,4720,235,F,RX,CC,D
14:44:13,UNVR,RG,4720,1,D,XC,CC,D
14:44:11,UNVR,RG,4710,30,D,CP,ZP,F
14:44:11,UNVR,RG,4710,63,D,CP,ZP,F
14:44:08,UNVR,RG,4720,5,F,BK,CC,D
14:44:08,UNVR,RG,4720,3,F,AK,CC,D
14:44:08,UNVR,RG,4720,1,D,YP,CC,D
14:44:08,UNVR,RG,4720,5,D,YU,CC,D
14:44:08,UNVR,RG,4720,1,D,XL,CC,D
14:44:08,UNVR,RG,4720,5,D,AZ,CC,D
14:44:08,UNVR,RG,4720,44,D,EP,CC,D
14:44:02,UNVR,RG,4720,29,D,EP,ZP,F
14:44:02,UNVR,RG,4720,27,D,EP,CC,D
14:44:02,UNVR,RG,4720,4,F,BK,CC,D
14:44:02,UNVR,RG,4720,69,D,MG,CC,D
14:44:00,UNVR,RG,4720,28,D,MG,ZP,F
14:43:58,UNVR,RG,4720,3,D,MG,CC,D
14:43:58,UNVR,RG,4720,3,F,AK,CC,D
14:43:58,UNVR,RG,4720,4,F,BK,CC,D
14:43:52,UNVR,RG,4720,5,F,BK,CC,D
14:43:52,UNVR,RG,4720,12,F,ZP,CC,D
14:43:52,UNVR,RG,4720,183,F,RX,CC,D
14:43:33,UNVR,RG,4720,3,F,RX,BB,F
14:43:14,UNVR,RG,4720,39,F,RX,CS,F
14:43:14,UNVR,RG,4720,115,F,RX,ZP,F
14:43:14,UNVR,RG,4720,1,F,RX,ZP,F
14:43:14,UNVR,RG,4720,39,F,RX,ZP,F
14:43:14,UNVR,RG,4720,4,F,RX,BB,F
14:43:14,UNVR,RG,4720,16,F,RX,ZP,F
14:43:13,UNVR,RG,4720,100,D,YP,ZP,F
14:43:13,UNVR,RG,4710,30,D,CP,PD,D
14:43:11,UNVR,RG,4720,1,D,CC,ZP,F
14:43:11,UNVR,RG,4720,1,D,CC,ZP,F
14:43:11,UNVR,RG,4720,4,D,CC,CC,D
14:43:11,UNVR,RG,4720,1,D,CC,ZP,F
14:43:11,UNVR,RG,4720,68,D,CC,AK,F
14:43:11,UNVR,RG,4720,28,D,CC,CS,F
14:43:05,UNVR,RG,4720,8,D,YP,CS,F
14:43:05,UNVR,RG,4720,2,D,YP,CS,F
14:43:01,UNVR,RG,4720,3,D,YU,CS,F
14:43:01,UNVR,RG,4720,2,D,YU,CS,F
14:42:50,UNVR,RG,4710,1,D,CP,XC,D
14:42:50,UNVR,RG,4720,54,D,YP,CS,F
14:42:50,UNVR,RG,4720,42,D,YP,SQ,D
14:42:50,UNVR,RG,4720,1,D,YP,ZP,F
14:42:50,UNVR,RG,4720,1,D,YP,DP,F
14:42:50,UNVR,RG,4720,2,D,YP,ZP,F
14:42:50,UNVR,RG,4720,29,D,YP,ZP,F
14:42:50,UNVR,RG,4720,71,D,YP,ZP,F
14:42:45,UNVR,RG,4720,4,D,YP,ZP,F
14:42:45,UNVR,RG,4720,4,D,YP,BB,F
14:42:45,UNVR,RG,4720,18,D,YP,CS,F
14:42:45,UNVR,RG,4720,76,D,YP,ZP,F
14:42:45,UNVR,RG,4720,30,D,YP,ZP,F
14:42:45,UNVR,RG,4720,68,D,YP,CC,D
14:42:44,UNVR,RG,4710,1,D,CP,XC,D
14:42:29,UNVR,RG,4710,105,D,CP,ZP,F
14:42:29,UNVR,RG,4710,1,D,XC,ZP,F
14:42:29,UNVR,RG,4710,6,D,CC,ZP,F
14:42:20,UNVR,RG,4710,4,D,CC,ZP,F
14:42:20,UNVR,RG,4710,1,D,KK,ZP,F
14:42:20,UNVR,RG,4710,21,D,YP,ZP,F
14:42:20,UNVR,RG,4710,13,D,CC,ZP,F
14:42:15,UNVR,RG,4720,8,F,AK,CC,D
14:41:43,UNVR,RG,4710,7,D,CC,ZP,F
14:41:43,UNVR,RG,4710,20,F,BK,ZP,F
14:41:31,UNVR,RG,4710,107,F,BK,ZP,F
14:41:31,UNVR,RG,4720,6,D,DH,CC,D
14:41:27,UNVR,RG,4720,1,D,YP,CC,D
14:41:26,UNVR,RG,4720,4,D,CC,CC,D
14:41:25,UNVR,RG,4720,1,D,YP,CC,D
14:41:25,UNVR,RG,4720,1,D,YP,CC,D
14:41:25,UNVR,RG,4720,10,D,PD,CC,D
14:41:25,UNVR,RG,4720,1,F,OD,CC,D
14:41:25,UNVR,RG,4720,50,D,AO,CC,D
14:41:25,UNVR,RG,4720,10,D,CC,CC,D
14:41:25,UNVR,RG,4720,10,D,KK,CC,D
14:41:25,UNVR,RG,4720,30,D,AT,CC,D
14:41:16,UNVR,RG,4720,14,F,BK,ZP,F
14:41:16,UNVR,RG,4720,1,D,PD,ZP,F
14:41:16,UNVR,RG,4720,1,F,ZP,ZP,F
14:41:16,UNVR,RG,4720,5,D,KK,ZP,F
14:41:16,UNVR,RG,4720,9,D,PC,ZP,F
14:40:52,UNVR,RG,4720,16,D,PC,ZP,F
14:40:52,UNVR,RG,4720,5,D,CC,ZP,F
14:40:52,UNVR,RG,4720,59,D,SQ,ZP,F
14:40:30,UNVR,RG,4720,2,D,SQ,HP,D
14:40:23,UNVR,RG,4720,3,D,SQ,BB,F
14:40:16,UNVR,RG,4720,1,D,SQ,KK,D
14:40:09,UNVR,RG,4720,11,D,SQ,HP,D
14:40:07,UNVR,RG,4730,133,D,PD,GR,D
14:40:06,UNVR,RG,4720,11,D,SQ,XC,D
14:40:05,UNVR,RG,4720,6,D,SQ,YP,D
14:39:47,UNVR,RG,4720,1,D,SQ,ZP,F
14:39:47,UNVR,RG,4720,200,D,SQ,CC,D
14:39:47,UNVR,RG,4720,4,D,SQ,AK,F
14:39:47,UNVR,RG,4720,2,D,SQ,CC,D
14:39:34,UNVR,RG,4720,2,D,XL,CC,D
14:39:29,UNVR,RG,4720,196,F,AK,CC,D
14:39:29,UNVR,RG,4720,1,F,AK,CC,D
14:39:29,UNVR,RG,4720,6,F,AK,AK,F
14:39:29,UNVR,RG,4720,1,F,AK,ZP,F
14:39:29,UNVR,RG,4720,1,F,AK,ZP,F
14:39:29,UNVR,RG,4720,89,F,AK,ZP,F
14:39:29,UNVR,RG,4720,30,F,AK,ZP,F
14:39:29,UNVR,RG,4720,5,F,AK,ZP,F
14:39:29,UNVR,RG,4720,2,D,PD,ZP,F
14:39:24,UNVR,RG,4720,10,D,KK,ZP,F
14:39:15,UNVR,RG,4720,73,D,YU,ZP,F
14:39:15,UNVR,RG,4720,27,D,YU,ZP,F
14:39:15,UNVR,RG,4720,3,F,ZP,ZP,F
14:39:14,UNVR,RG,4720,14,F,BK,ZP,F
14:39:14,UNVR,RG,4720,10,D,AO,ZP,F
14:39:14,UNVR,RG,4720,1,D,YP,ZP,F
14:39:14,UNVR,RG,4720,48,D,AO,ZP,F
14:39:12,UNVR,RG,4720,2,D,AO,ZP,F
14:39:12,UNVR,RG,4720,1,D,BQ,ZP,F
14:39:12,UNVR,RG,4720,3,D,YP,ZP,F
14:39:12,UNVR,RG,4720,12,F,BK,ZP,F
14:39:04,UNVR,RG,4720,1,F,BK,KK,D
14:39:04,UNVR,RG,4720,5,F,BK,ZP,F
14:39:04,UNVR,RG,4720,10,F,ZP,ZP,F
14:39:04,UNVR,RG,4720,5,F,RX,ZP,F
14:38:49,UNVR,RG,4730,150,D,CC,GR,D
14:38:10,UNVR,RG,4720,8,F,RX,ZP,F
14:38:10,UNVR,RG,4720,1,F,RX,CC,F
14:38:10,UNVR,RG,4720,57,F,RX,CS,F
14:38:10,UNVR,RG,4720,3,F,RX,AK,F
14:38:10,UNVR,RG,4720,39,F,RX,AK,F
14:38:10,UNVR,RG,4720,1,F,RX,DP,F
14:38:10,UNVR,RG,4720,88,F,RX,ZP,F
14:38:10,UNVR,RG,4720,93,F,RX,CS,F
14:38:10,UNVR,RG,4720,1,F,RX,YP,D
14:38:10,UNVR,RG,4720,13,F,RX,XC,D
14:38:10,UNVR,RG,4720,4,F,RX,AK,F
14:38:10,UNVR,RG,4720,8,F,RX,BB,F
14:38:10,UNVR,RG,4720,1,F,RX,ZP,F
14:38:10,UNVR,RG,4720,6,F,RX,CP,D
14:38:10,UNVR,RG,4720,2,F,RX,SQ,D
14:38:10,UNVR,RG,4720,1,F,RX,ZP,F
14:38:10,UNVR,RG,4720,4,F,RX,AK,F
14:38:10,UNVR,RG,4720,1,F,RX,ZP,F
14:38:10,UNVR,RG,4720,1,F,RX,DP,F
14:38:10,UNVR,RG,4720,3,F,RX,PD,D
14:38:10,UNVR,RG,4720,19,F,RX,ZP,F
14:38:10,UNVR,RG,4720,19,F,RX,ZP,F
14:38:10,UNVR,RG,4720,56,F,RX,ZP,F
14:38:10,UNVR,RG,4720,300,F,RX,CC,D
14:38:10,UNVR,RG,4720,275,F,RX,GR,D
14:38:10,UNVR,RG,4720,1,F,RX,ZP,F
14:38:10,UNVR,RG,4720,290,F,RX,CC,D
14:37:53,UNVR,RG,4710,13,F,BK,SQ,D
14:37:47,UNVR,RG,4710,40,F,BK,ZP,F
14:37:47,UNVR,RG,4710,2,D,CC,ZP,F
14:37:47,UNVR,RG,4710,8,D,YP,ZP,F
14:37:45,UNVR,RG,4710,19,D,YP,ZP,F
14:37:45,UNVR,RG,4710,2,D,YP,YP,D
14:37:20,UNVR,RG,4710,10,D,YP,XC,D
14:37:19,UNVR,RG,4710,46,D,YP,ZP,F
14:37:19,UNVR,RG,4720,1,D,PD,CC,D
14:37:15,UNVR,RG,4710,15,D,YP,ZP,F
14:37:15,UNVR,RG,4710,3,F,AK,ZP,F
14:37:15,UNVR,RG,4710,4,F,AK,BB,F
14:37:03,UNVR,RG,4710,133,F,AK,CC,D
14:37:03,UNVR,RG,4710,1,D,OD,CC,D
14:37:03,UNVR,RG,4710,48,D,YP,CC,D
14:37:03,UNVR,RG,4710,50,D,YP,CC,D
14:37:03,UNVR,RG,4710,2,D,YP,CC,D
14:37:03,UNVR,RG,4710,6,D,NI,CC,D
14:37:03,UNVR,RG,4710,7,F,BK,CC,D
14:37:03,UNVR,RG,4710,3,F,AK,CC,D
14:37:03,UNVR,RG,4710,250,F,RX,CC,D
14:36:56,UNVR,RG,4710,50,F,RX,CC,D
14:36:56,UNVR,RG,4710,5,F,BK,CC,D
14:36:56,UNVR,RG,4710,212,F,BK,CC,D
14:36:56,UNVR,RG,4710,2,D,YP,CC,D
14:36:56,UNVR,RG,4710,1,D,AZ,CC,D
14:36:56,UNVR,RG,4710,1,D,XC,CC,D
14:36:56,UNVR,RG,4710,14,F,BK,CC,D
14:36:56,UNVR,RG,4710,3,D,KK,CC,D
14:36:56,UNVR,RG,4710,2,D,NI,CC,D
14:36:56,UNVR,RG,4710,1,D,PD,CC,D
14:36:56,UNVR,RG,4710,22,D,XC,CC,D
14:36:56,UNVR,RG,4710,1,D,XC,CC,D
14:36:56,UNVR,RG,4710,1,D,NI,CC,D
14:36:56,UNVR,RG,4710,1,D,XC,CC,D
14:36:56,UNVR,RG,4710,1,D,PD,CC,D
14:36:56,UNVR,RG,4710,2,D,LS,CC,D
14:36:56,UNVR,RG,4710,20,D,SQ,CC,D
14:36:56,UNVR,RG,4710,1,D,PD,CC,D
14:36:56,UNVR,RG,4710,1,D,YP,CC,D
14:36:56,UNVR,RG,4710,2,D,XC,CC,D
14:36:56,UNVR,RG,4710,287,F,BK,CC,D
14:36:56,UNVR,RG,4710,3,F,ZP,CC,D
14:36:56,UNVR,RG,4710,2,D,YU,CC,D
14:36:56,UNVR,RG,4710,1,D,CC,CC,D
14:36:56,UNVR,RG,4710,3,D,TF,CC,D
14:36:56,UNVR,RG,4710,2,D,YP,CC,D
14:36:56,UNVR,RG,4710,1,D,EP,CC,D
14:36:56,UNVR,RG,4710,1,D,SQ,CC,D
14:36:56,UNVR,RG,4710,40,D,AZ,CC,D
14:36:56,UNVR,RG,4710,16,D,XC,CC,D
14:36:56,UNVR,RG,4710,1,D,PD,CC,D
14:36:56,UNVR,RG,4710,300,F,RX,CC,D
14:36:47,UNVR,RG,4710,49,D,XC,ZP,F
14:36:19,UNVR,RG,4710,19,D,XC,ZP,F
14:36:07,UNVR,RG,4710,32,D,XC,ZP,F
14:36:07,UNVR,RG,4710,1,D,YP,ZP,F
14:36:07,UNVR,RG,4710,5,D,SQ,ZP,F
14:36:07,UNVR,RG,4710,12,D,YP,ZP,F
14:36:03,UNVR,RG,4710,46,D,YP,ZP,F
14:36:00,UNVR,RG,4710,67,D,YP,ZP,F
14:36:00,UNVR,RG,4710,18,D,AT,ZP,F
14:35:53,UNVR,RG,4710,29,D,AT,ZP,F
14:35:49,UNVR,RG,4720,2,D,XC,CC,D
14:35:34,UNVR,RG,4720,1,D,XL,CC,D
14:35:29,UNVR,RG,4710,13,D,AT,ZP,F
14:35:29,UNVR,RG,4710,10,D,EP,ZP,F
14:35:29,UNVR,RG,4710,10,D,CC,ZP,F
14:35:29,UNVR,RG,4710,2,D,YP,ZP,F
14:35:29,UNVR,RG,4710,1,D,LS,ZP,F
14:35:29,UNVR,RG,4710,50,D,PD,ZP,F
14:35:29,UNVR,RG,4710,20,D,PD,ZP,F
14:35:29,UNVR,RG,4710,2,D,PD,ZP,F
14:35:29,UNVR,RG,4710,6,D,YB,ZP,F
14:35:20,UNVR,RG,4710,43,D,YB,HP,D
14:35:15,UNVR,RG,4720,6,D,PD,CC,D
14:35:15,UNVR,RG,4720,115,D,PD,CS,F
14:35:15,UNVR,RG,4720,12,D,PD,ZP,F
14:35:08,UNVR,RG,4710,3,D,YB,YP,D
14:35:05,UNVR,RG,4710,14,D,YB,XC,D
14:34:35,UNVR,RG,4710,18,D,YB,ZP,F
14:34:31,UNVR,RG,4710,3,D,YB,XC,D
14:34:17,UNVR,RG,4710,2,D,YB,YP,D
14:34:07,UNVR,RG,4710,20,D,YB,ZP,F
14:33:57,UNVR,RG,4710,1,D,YB,XC,D
14:33:55,UNVR,RG,4710,2,D,YB,OD,D
14:33:40,UNVR,RG,4710,18,D,YB,ZP,F
14:33:40,UNVR,RG,4720,3,D,XC,ZP,F
14:33:17,UNVR,RG,4720,126,D,CC,ZP,F
14:33:17,UNVR,RG,4720,12,D,CC,BB,F
14:33:17,UNVR,RG,4720,67,D,CC,CC,D
14:33:07,UNVR,RG,4710,19,D,YB,ZP,F
14:33:01,UNVR,RG,4710,51,D,YB,ZP,F
14:33:01,UNVR,RG,4710,1,D,LG,ZP,F
14:33:01,UNVR,RG,4710,1,D,NI,ZP,F
14:33:01,UNVR,RG,4710,3,D,KK,ZP,F
14:32:55,UNVR,RG,4710,7,D,KK,PD,D
14:32:55,UNVR,RG,4710,18,D,DR,PD,D
14:32:54,UNVR,RG,4720,2,D,NI,CC,D
14:32:42,UNVR,RG,4710,19,D,DR,ZP,F
14:32:42,UNVR,RG,4710,63,D,DR,ZP,F
14:32:42,UNVR,RG,4710,2,D,EP,ZP,F
14:32:41,UNVR,RG,4710,2,D,EP,OD,D
14:32:22,UNVR,RG,4710,5,D,EP,PD,D
14:32:11,UNVR,RG,4710,16,D,EP,ZP,F
14:32:11,UNVR,RG,4710,54,D,CP,ZP,F
14:32:11,UNVR,RG,4720,1,D,IF,CC,D
14:32:07,UNVR,RG,4710,19,D,CP,ZP,F
14:31:46,UNVR,RG,4720,1,D,LG,CC,D
14:31:41,UNVR,RG,4710,18,D,CP,ZP,F
14:31:41,UNVR,RG,4710,57,D,CP,ZP,F
14:31:41,UNVR,RG,4710,2,D,CP,OD,D
14:31:20,UNVR,RG,4710,7,D,CP,XC,D
14:31:20,UNVR,RG,4710,50,D,CP,YU,D
14:31:17,UNVR,RG,4720,1,D,PD,CC,D
14:31:13,UNVR,RG,4710,5,D,CP,YP,D
14:31:10,UNVR,RG,4710,55,D,CP,ZP,F
14:31:10,UNVR,RG,4710,18,D,CP,ZP,F
14:31:05,UNVR,RG,4710,55,D,CP,ZP,F
14:31:00,UNVR,RG,4710,55,D,CP,ZP,F
14:30:56,UNVR,RG,4720,2,F,ZP,CC,D
14:30:47,UNVR,RG,4720,100,D,EP,CC,D
14:30:44,UNVR,RG,4710,5,D,CP,HP,D
14:30:36,UNVR,RG,4720,10,D,AO,CC,D
14:30:32,UNVR,RG,4720,50,D,PD,CC,D
14:30:30,UNVR,RG,4710,1,D,CP,XC,D
14:30:30,UNVR,RG,4710,1,D,CP,XC,D
14:30:29,UNVR,RG,4710,2,D,CP,XC,D
14:30:29,UNVR,RG,4710,1,D,CP,XC,D
14:30:29,UNVR,RG,4710,6,D,CP,XC,D
14:30:29,UNVR,RG,4710,139,D,CP,XC,D
14:30:29,UNVR,RG,4710,10,D,XC,XC,D
14:30:29,UNVR,RG,4710,22,F,BK,XC,D
14:30:29,UNVR,RG,4710,1,D,DH,XC,D
14:30:29,UNVR,RG,4710,1,D,YP,XC,D
14:30:29,UNVR,RG,4710,1,D,PD,XC,D
14:30:29,UNVR,RG,4710,1,D,AO,XC,D
14:30:29,UNVR,RG,4710,2,D,CP,XC,D
14:30:29,UNVR,RG,4710,10,D,AZ,XC,D
14:30:29,UNVR,RG,4710,10,D,PD,XC,D
14:30:29,UNVR,RG,4710,20,D,CC,XC,D
14:30:29,UNVR,RG,4710,507,F,RX,XC,D
14:30:27,UNVR,RG,4720,24,F,BK,CC,D
14:30:27,UNVR,RG,4720,2,F,ZP,CC,D
14:30:27,UNVR,RG,4720,40,F,RX,CC,D
14:30:20,UNVR,RG,4720,52,F,RX,CS,F
14:30:20,UNVR,RG,4720,1,F,RX,ZP,F
14:30:20,UNVR,RG,4720,37,F,RX,ZP,F
14:30:20,UNVR,RG,4720,22,F,RX,CS,F
14:30:20,UNVR,RG,4720,67,F,RX,ZP,F
14:30:20,UNVR,RG,4720,66,F,RX,ZP,F
14:30:20,UNVR,RG,4720,1,F,RX,ZP,F
14:30:20,UNVR,RG,4720,1,F,RX,OD,D
14:30:20,UNVR,RG,4720,5,F,RX,BB,F
14:30:20,UNVR,RG,4720,29,F,RX,CS,F
14:30:20,UNVR,RG,4720,200,F,RX,CC,D
14:30:20,UNVR,RG,4720,1,F,RX,ZP,F
14:30:20,UNVR,RG,4720,49,F,RX,AK,F
14:30:20,UNVR,RG,4720,400,F,RX,CC,D
14:30:20,UNVR,RG,4720,1,F,RX,DP,F
14:30:20,UNVR,RG,4720,4,F,RX,AK,F
14:30:20,UNVR,RG,4720,24,F,RX,CS,F
14:30:16,UNVR,RG,4720,1,D,NI,CS,F
14:30:15,UNVR,RG,4720,1,D,XC,CS,F
14:30:15,UNVR,RG,4720,1,D,YP,CS,F
14:30:09,UNVR,RG,4720,26,D,PD,CS,F
14:30:09,UNVR,RG,4720,1,D,PD,ZP,F
14:30:09,UNVR,RG,4720,50,D,PD,YP,D
14:30:09,UNVR,RG,4720,27,D,PD,ZP,F
14:30:09,UNVR,RG,4720,1,D,PD,ZP,F
14:30:09,UNVR,RG,4720,9,D,PD,HP,D
14:30:09,UNVR,RG,4720,11,D,PD,AZ,D
14:30:09,UNVR,RG,4720,1,D,PD,ZP,F
14:30:09,UNVR,RG,4720,7,D,PD,ZP,F
14:30:05,UNVR,RG,4720,11,D,CC,ZP,F
14:29:57,UNVR,RG,4720,5,D,YP,ZP,F
14:29:52,UNVR,RG,4720,5,D,DH,ZP,F
14:29:37,UNVR,RG,4710,19,F,RX,ZP,F
14:29:37,UNVR,RG,4710,2,F,RX,OD,D
14:29:30,UNVR,RG,4720,40,D,DR,ZP,F
14:29:30,UNVR,RG,4720,20,D,DR,ZP,F
14:29:30,UNVR,RG,4710,68,F,RX,ZP,F
14:29:22,UNVR,RG,4720,10,D,YP,ZP,F
14:29:17,UNVR,RG,4720,2,F,ZP,ZP,F
14:29:12,UNVR,RG,4720,5,D,PD,ZP,F
14:29:12,UNVR,RG,4720,5,D,PD,CS,F
14:29:06,UNVR,RG,4720,10,D,CC,CS,F
14:29:04,UNVR,RG,4710,19,F,RX,ZP,F
14:29:00,UNVR,RG,4710,19,F,RX,ZP,F
14:29:00,UNVR,RG,4710,66,F,RX,ZP,F
14:29:00,UNVR,RG,4710,1,D,YP,ZP,F
14:29:00,UNVR,RG,4710,2,D,CC,ZP,F
14:29:00,UNVR,RG,4710,1,D,OD,ZP,F
14:29:00,UNVR,RG,4710,1,D,XC,ZP,F
14:29:00,UNVR,RG,4710,1,D,PD,ZP,F
14:29:00,UNVR,RG,4710,4,D,YP,ZP,F
14:28:44,UNVR,RG,4710,16,D,YP,HP,D
14:28:43,UNVR,RG,4720,10,D,CC,CS,F
14:28:39,UNVR,RG,4710,1,D,YP,OD,D
14:28:37,UNVR,RG,4710,9,D,YP,ZP,F
14:28:37,UNVR,RG,4710,19,D,XC,ZP,F
14:28:30,UNVR,RG,4710,13,D,XC,ZP,F
14:28:30,UNVR,RG,4710,2,D,YP,ZP,F
14:28:30,UNVR,RG,4710,3,D,SQ,ZP,F
14:28:30,UNVR,RG,4710,20,D,YP,ZP,F
14:28:30,UNVR,RG,4710,5,D,PD,ZP,F
14:28:30,UNVR,RG,4710,4,D,PD,ZP,F
14:28:30,UNVR,RG,4710,5,D,YP,ZP,F
14:28:30,UNVR,RG,4710,1,D,YP,ZP,F
14:28:30,UNVR,RG,4710,5,D,YP,ZP,F
14:28:30,UNVR,RG,4710,4,D,CC,ZP,F
14:28:30,UNVR,RG,4710,5,D,DR,ZP,F
14:28:30,UNVR,RG,4710,2,D,PD,ZP,F
14:28:30,UNVR,RG,4710,7,D,YP,ZP,F
14:28:19,UNVR,RG,4720,2,F,ZP,CS,F
14:28:12,UNVR,RG,4720,49,D,YP,CS,F
14:28:12,UNVR,RG,4720,15,D,YP,CS,F
14:28:12,UNVR,RG,4720,36,D,YP,CC,D
14:28:09,UNVR,RG,4720,20,D,DR,CC,D
14:28:00,UNVR,RG,4710,3,D,YP,ZP,F
14:28:00,UNVR,RG,4710,10,D,YP,ZP,F
14:28:00,UNVR,RG,4710,2,D,PD,ZP,F
14:28:00,UNVR,RG,4710,11,D,EP,ZP,F
14:28:00,UNVR,RG,4710,11,D,OD,ZP,F
14:28:00,UNVR,RG,4710,10,D,YP,ZP,F
14:27:52,UNVR,RG,4720,1,D,XL,CC,D
14:27:52,UNVR,RG,4720,7,D,NI,CC,D
14:27:48,UNVR,RG,4710,12,D,YP,HP,D
14:27:42,UNVR,RG,4720,1,D,YP,CC,D
14:27:27,UNVR,RG,4720,25,D,YP,CC,D
14:27:15,UNVR,RG,4720,110,F,AK,CC,D
14:27:15,UNVR,RG,4720,2,F,AK,OD,D
14:27:15,UNVR,RG,4720,1,F,AK,ZP,F
14:27:15,UNVR,RG,4720,19,F,AK,ZP,F
14:27:15,UNVR,RG,4720,3,F,AK,AK,F
14:27:14,UNVR,RG,4720,1,F,ZP,AK,F
14:27:14,UNVR,RG,4720,1,F,ZP,CC,D
14:27:14,UNVR,RG,4720,288,F,AK,CC,D
14:26:50,UNVR,RG,4710,25,D,YP,YU,D
14:26:36,UNVR,RG,4720,11,D,CC,CC,D
14:26:36,UNVR,RG,4720,1,D,CC,CC,F
14:26:36,UNVR,RG,4720,8,D,CC,CC,D
14:26:34,UNVR,RG,4720,1,D,NI,CC,D
14:26:27,UNVR,RG,4720,2,D,PD,CC,D
14:26:19,UNVR,RG,4720,8,D,PD,CC,D
14:26:15,UNVR,RG,4720,181,D,SQ,CC,D
14:26:15,UNVR,RG,4720,19,D,SQ,ZP,F
14:26:07,UNVR,RG,4720,40,F,AK,ZP,F
14:26:07,UNVR,RG,4720,1,F,AK,CC,F
14:26:07,UNVR,RG,4720,1,F,AK,ZP,F
14:26:07,UNVR,RG,4720,59,F,AK,CS,F
14:26:07,UNVR,RG,4720,7,F,AK,CS,F
14:26:07,UNVR,RG,4720,82,F,AK,AZ,D
14:26:07,UNVR,RG,4720,65,D,YP,AZ,D
14:25:55,UNVR,RG,4710,53,D,YP,YP,D
14:25:55,UNVR,RG,4710,10,D,CC,YP,D
14:25:55,UNVR,RG,4710,2,D,OD,YP,D
14:25:52,UNVR,RG,4720,2,F,AK,ZP,F
14:25:52,UNVR,RG,4720,47,F,AK,ZP,F
14:25:52,UNVR,RG,4720,16,F,AK,CS,F
14:25:52,UNVR,RG,4720,47,F,AK,ZP,F
14:25:52,UNVR,RG,4720,19,F,AK,ZP,F
14:25:52,UNVR,RG,4720,10,F,AK,CS,F
14:25:52,UNVR,RG,4720,1,F,AK,OD,D
14:25:52,UNVR,RG,4720,52,F,AK,CC,D
14:25:52,UNVR,RG,4720,100,D,SQ,CC,D
14:25:50,UNVR,RG,4720,45,D,IF,CC,D
14:25:50,UNVR,RG,4720,20,D,PD,CC,D
14:25:50,UNVR,RG,4720,1,D,AZ,CC,D
14:25:50,UNVR,RG,4720,5,D,XL,CC,D
14:25:50,UNVR,RG,4720,10,D,GR,CC,D
14:25:50,UNVR,RG,4720,15,D,AZ,CC,D
14:25:50,UNVR,RG,4720,1,D,YP,CC,D
14:25:50,UNVR,RG,4720,1,D,KK,CC,D
14:25:50,UNVR,RG,4720,13,D,DR,CC,D
14:25:47,UNVR,RG,4730,4,D,XL,GR,D
14:25:44,UNVR,RG,4720,1,D,DR,DP,F
14:25:43,UNVR,RG,4720,86,D,DR,CC,D
14:25:43,UNVR,RG,4720,1,F,ZP,CC,D
14:25:43,UNVR,RG,4720,3,F,ZP,CC,D
14:25:43,UNVR,RG,4720,216,F,RX,CC,D
14:25:30,UNVR,RG,4720,2,F,RX,PD,D
14:25:18,UNVR,RG,4730,66,D,PD,GR,D
14:25:18,UNVR,RG,4730,30,D,PD,CS,F
14:25:18,UNVR,RG,4730,38,D,PD,BB,F
14:24:58,UNVR,RG,4720,3,F,RX,AK,F
14:24:58,UNVR,RG,4720,3,F,RX,AK,F
14:24:58,UNVR,RG,4720,2,F,RX,OD,D
14:24:58,UNVR,RG,4720,3,F,RX,XC,D
14:24:58,UNVR,RG,4720,2,F,RX,AK,F
14:24:58,UNVR,RG,4720,5,F,RX,AK,F
14:24:58,UNVR,RG,4720,3,F,RX,AK,F
14:24:58,UNVR,RG,4720,11,F,RX,ZP,F
14:24:58,UNVR,RG,4720,65,F,RX,ZP,F
14:24:58,UNVR,RG,4720,19,F,RX,ZP,F
14:24:58,UNVR,RG,4720,9,F,RX,CS,F
14:24:58,UNVR,RG,4720,67,F,RX,ZP,F
14:24:58,UNVR,RG,4720,12,F,RX,ZP,F
14:24:58,UNVR,RG,4720,20,F,RX,CS,F
14:24:58,UNVR,RG,4720,12,F,RX,CS,F
14:24:58,UNVR,RG,4720,35,F,RX,CS,F
14:24:58,UNVR,RG,4720,14,F,RX,CS,F
14:24:58,UNVR,RG,4720,497,F,RX,DR,D
14:24:44,UNVR,RG,4720,1,D,AT,DR,D
14:24:44,UNVR,RG,4720,50,D,AO,DR,D
14:24:37,UNVR,RG,4710,2,D,OD,OD,D
14:24:37,UNVR,RG,4710,46,D,OD,ZP,F
14:24:37,UNVR,RG,4710,3,D,YP,ZP,F
14:24:37,UNVR,RG,4710,1,D,XC,ZP,F
14:24:37,UNVR,RG,4710,15,D,YP,ZP,F
14:24:37,UNVR,RG,4720,10,D,YP,DR,D
14:24:35,UNVR,RG,4710,10,D,YP,ZP,F
14:24:35,UNVR,RG,4710,8,D,XA,ZP,F
14:24:33,UNVR,RG,4720,50,D,EP,DR,D
14:24:16,UNVR,RG,4720,25,D,NI,DR,D
14:24:11,UNVR,RG,4710,7,D,XA,XL,D
14:24:11,UNVR,RG,4710,8,D,YP,XL,D
14:24:10,UNVR,RG,4710,5,D,YP,PD,D
14:24:10,UNVR,RG,4710,12,D,YP,ZP,F
14:24:10,UNVR,RG,4710,1,D,PD,ZP,F
14:24:10,UNVR,RG,4710,1,D,YP,ZP,F
14:24:10,UNVR,RG,4710,5,D,DR,ZP,F
14:24:10,UNVR,RG,4710,5,D,DR,ZP,F
14:24:10,UNVR,RG,4710,10,D,DR,ZP,F
14:24:10,UNVR,RG,4710,1,D,YB,ZP,F
14:24:10,UNVR,RG,4710,1,D,KK,ZP,F
14:24:10,UNVR,RG,4710,50,D,CP,ZP,F
14:24:10,UNVR,RG,4720,1,D,XC,DR,D
14:23:56,UNVR,RG,4720,4,F,AK,DR,D
14:23:56,UNVR,RG,4720,4,F,AK,DR,D
14:23:56,UNVR,RG,4720,9,F,AK,DR,D
14:23:56,UNVR,RG,4720,18,F,AK,DR,D
14:23:55,UNVR,RG,4720,35,F,AK,DR,D
14:23:55,UNVR,RG,4720,70,F,AK,DR,D
14:23:55,UNVR,RG,4720,4,D,XC,DR,D
14:23:55,UNVR,RG,4720,300,F,RX,DR,D
14:23:55,UNVR,RG,4720,1,F,OD,DR,D
14:23:55,UNVR,RG,4720,20,D,CC,DR,D
14:23:55,UNVR,RG,4720,10,D,EP,DR,D
14:23:55,UNVR,RG,4720,1,D,YP,DR,D
14:23:55,UNVR,RG,4720,100,D,CP,DR,D
14:23:55,UNVR,RG,4720,1,D,YP,DR,D
14:23:55,UNVR,RG,4720,25,D,PD,DR,D
14:23:55,UNVR,RG,4720,50,D,PD,DR,D
14:23:55,UNVR,RG,4720,14,F,BK,DR,D
14:23:55,UNVR,RG,4720,3,F,AK,DR,D
14:23:55,UNVR,RG,4720,1,D,YP,DR,D
14:23:55,UNVR,RG,4720,1,D,YU,DR,D
14:23:55,UNVR,RG,4720,1,D,NI,DR,D
14:23:55,UNVR,RG,4720,46,D,YP,DR,D
14:23:55,UNVR,RG,4720,168,D,YP,DR,D
14:23:55,UNVR,RG,4720,1,D,YP,DR,D
14:23:55,UNVR,RG,4720,8,D,CC,DR,D
14:23:55,UNVR,RG,4720,20,D,PD,DR,D
14:23:55,UNVR,RG,4720,2,D,KK,DR,D
14:23:55,UNVR,RG,4720,1,D,CC,DR,D
14:23:55,UNVR,RG,4720,1,D,XC,DR,D
14:23:55,UNVR,RG,4720,1,F,ZP,DR,D
14:23:55,UNVR,RG,4720,1,D,XA,DR,D
14:23:55,UNVR,RG,4720,1,D,SQ,DR,D
14:23:55,UNVR,RG,4720,20,D,YP,DR,D
14:23:55,UNVR,RG,4720,5,D,EP,DR,D
14:23:55,UNVR,RG,4720,8,D,DH,DR,D
14:23:55,UNVR,RG,4720,10,D,PD,DR,D
14:23:55,UNVR,RG,4720,30,D,AZ,DR,D
14:23:55,UNVR,RG,4720,3,D,XC,DR,D
14:23:55,UNVR,RG,4720,1,D,PD,DR,D
14:23:55,UNVR,RG,4720,10,D,AI,DR,D
14:23:55,UNVR,RG,4720,4,D,XL,DR,D
14:23:55,UNVR,RG,4720,2,D,YP,DR,D
14:23:55,UNVR,RG,4720,2,D,KK,DR,D
14:23:55,UNVR,RG,4720,2,D,SQ,DR,D
14:23:55,UNVR,RG,4720,117,D,DR,DR,D
14:23:39,UNVR,RG,4720,70,D,DR,ZP,F
14:23:39,UNVR,RG,4720,1,D,DR,OD,D
14:23:37,UNVR,RG,4720,12,D,DR,DR,D
14:23:37,UNVR,RG,4720,1,D,PD,DR,D
14:23:37,UNVR,RG,4720,3,D,YP,DR,D
14:23:37,UNVR,RG,4720,15,D,MG,DR,D
14:23:37,UNVR,RG,4720,2,D,YP,DR,D
14:23:37,UNVR,RG,4720,268,F,RX,DR,D
14:23:36,UNVR,RG,4720,19,F,RX,ZP,F
14:23:29,UNVR,RG,4720,1,F,RX,XC,D
14:23:05,UNVR,RG,4720,12,F,RX,ZP,F
14:23:05,UNVR,RG,4720,1,D,BQ,ZP,F
14:23:05,UNVR,RG,4720,1,D,YP,ZP,F
14:23:05,UNVR,RG,4720,1,D,PD,ZP,F
14:23:05,UNVR,RG,4720,3,D,MG,ZP,F
14:23:05,UNVR,RG,4720,2,D,MG,KK,D
14:23:05,UNVR,RG,4720,1,D,MG,DH,D
14:22:51,UNVR,RG,4720,14,D,MG,YP,D
14:22:51,UNVR,RG,4720,5,D,SQ,YP,D
14:22:51,UNVR,RG,4720,1,D,YP,YP,D
14:22:51,UNVR,RG,4720,35,F,RX,YP,D
14:22:47,UNVR,RG,4720,65,F,RX,SH,D
14:22:44,UNVR,RG,4730,6,D,PD,ZP,F
14:22:44,UNVR,RG,4730,19,D,PD,CS,F
14:22:39,UNVR,RG,4720,18,F,RX,ZP,F
14:22:39,UNVR,RG,4720,2,F,RX,OD,D
14:22:07,UNVR,RG,4720,18,F,RX,ZP,F
14:22:07,UNVR,RG,4720,1,F,RX,CC,D
14:21:53,UNVR,RG,4720,28,F,RX,ZP,F
14:21:39,UNVR,RG,4720,1,F,RX,OD,D
14:21:27,UNVR,RG,4720,32,F,RX,ZP,F
14:21:27,UNVR,RG,4720,25,D,EP,ZP,F
14:21:27,UNVR,RG,4720,14,F,BK,ZP,F
14:21:27,UNVR,RG,4720,1,D,PD,ZP,F
14:21:27,UNVR,RG,4720,1,D,LS,ZP,F
14:21:27,UNVR,RG,4720,9,D,NI,ZP,F
14:21:27,UNVR,RG,4720,1,D,NI,ZP,F
14:21:27,UNVR,RG,4720,2,D,YP,ZP,F
14:21:27,UNVR,RG,4720,10,D,KK,ZP,F
14:21:27,UNVR,RG,4720,3,D,XC,ZP,F
14:21:27,UNVR,RG,4720,1,D,XC,ZP,F
14:21:27,UNVR,RG,4720,12,D,PD,ZP,F
14:21:26,UNVR,RG,4730,17,D,PD,DR,D
14:21:20,UNVR,RG,4720,10,D,EP,CS,F
14:21:20,UNVR,RG,4730,1,D,CC,DR,D
14:21:20,UNVR,RG,4730,1,D,XC,DR,D
14:21:20,UNVR,RG,4730,2,D,YB,DR,D
14:21:20,UNVR,RG,4730,4,F,ZP,DR,D
14:21:20,UNVR,RG,4730,2,F,AK,DR,D
14:21:20,UNVR,RG,4730,550,D,YU,DR,D
14:21:20,UNVR,RG,4730,2,D,YP,DR,D
14:21:20,UNVR,RG,4730,14,F,BK,DR,D
14:21:20,UNVR,RG,4730,4,F,AK,DR,D
14:21:20,UNVR,RG,4730,2,D,LS,DR,D
14:21:20,UNVR,RG,4730,1,D,YP,DR,D
14:21:20,UNVR,RG,4730,20,D,YP,DR,D
14:21:20,UNVR,RG,4730,30,D,AZ,DR,D
14:21:20,UNVR,RG,4730,3,F,ZP,DR,D
14:21:20,UNVR,RG,4730,1,D,PD,DR,D
14:21:20,UNVR,RG,4730,6,D,YP,DR,D
14:21:20,UNVR,RG,4730,1,D,CC,DR,D
14:21:20,UNVR,RG,4730,38,D,YU,DR,D
14:20:51,UNVR,RG,4730,34,D,YU,NI,D
14:20:47,UNVR,RG,4730,5,D,YU,YP,D
14:20:41,UNVR,RG,4730,2,D,YU,OD,D
14:20:39,UNVR,RG,4730,5,D,YU,PD,D
14:20:38,UNVR,RG,4740,7,D,YP,DR,D
14:20:30,UNVR,RG,4730,59,D,YU,ZP,F
14:20:18,UNVR,RG,4730,10,D,YU,HP,D
14:20:13,UNVR,RG,4730,19,D,YU,ZP,F
14:20:13,UNVR,RG,4740,133,D,PD,DR,D
14:20:03,UNVR,RG,4740,8,D,PD,DR,D
14:19:57,UNVR,RG,4730,30,D,YU,ZP,F
14:19:48,UNVR,RG,4730,10,D,YU,YP,D
14:19:41,UNVR,RG,4730,1,D,YU,OD,D
14:19:27,UNVR,RG,4730,7,D,YU,ZP,F
14:19:27,UNVR,RG,4730,22,D,YP,ZP,F
14:19:26,UNVR,RG,4730,78,D,YP,PD,D
14:19:26,UNVR,RG,4730,1,D,XL,PD,D
14:19:26,UNVR,RG,4730,5,D,PD,PD,D
14:19:26,UNVR,RG,4730,2,F,AK,PD,D
14:19:26,UNVR,RG,4730,72,D,PD,PD,D
14:19:26,UNVR,RG,4730,13,F,BK,PD,D
14:19:26,UNVR,RG,4730,46,F,RX,PD,D
14:19:22,UNVR,RG,4730,50,F,RX,YP,D
14:19:17,UNVR,RG,4730,18,F,RX,ZP,F
14:19:17,UNVR,RG,4730,1,F,RX,XC,D
14:19:05,UNVR,RG,4730,6,F,RX,YP,D
14:18:58,UNVR,RG,4730,1,F,RX,SQ,D
14:18:57,UNVR,RG,4730,28,F,RX,ZP,F
14:18:57,UNVR,RG,4730,1,F,RX,YP,D
14:18:41,UNVR,RG,4730,2,F,RX,OD,D
14:18:21,UNVR,RG,4730,10,F,RX,PD,D
14:18:11,UNVR,RG,4730,19,F,RX,ZP,F
14:18:10,UNVR,RG,4730,55,F,RX,HP,D
14:18:09,UNVR,RG,4730,27,F,RX,ZP,F
14:18:04,UNVR,RG,4730,30,F,RX,ZP,F
14:17:45,UNVR,RG,4730,6,F,RX,ZP,F
14:17:45,UNVR,RG,4730,1,D,CC,ZP,F
14:17:45,UNVR,RG,4730,3,F,ZP,ZP,F
14:17:45,UNVR,RG,4730,40,F,BK,ZP,F
14:17:39,UNVR,RG,4730,20,F,BK,ZP,F
14:17:39,UNVR,RG,4730,2,F,BK,OD,D
14:17:15,UNVR,RG,4730,48,F,BK,ZP,F
14:17:04,UNVR,RG,4740,82,D,CC,DR,D
14:17:04,UNVR,RG,4740,3,D,CC,AK,F
14:17:04,UNVR,RG,4740,20,D,CC,CC,D
14:17:04,UNVR,RG,4740,44,D,CC,BB,F
14:17:04,UNVR,RG,4740,21,D,CC,HP,D
14:17:04,UNVR,RG,4740,6,D,CC,CS,F
14:17:04,UNVR,RG,4740,29,D,CC,CS,F
14:17:02,UNVR,RG,4730,46,F,BK,ZP,F
14:16:56,UNVR,RG,4730,1,F,BK,XC,D
14:16:53,UNVR,RG,4730,8,F,BK,CS,F
14:16:53,UNVR,RG,4730,12,D,XC,CS,F
14:16:20,UNVR,RG,4730,3,D,XC,KK,D
14:16:20,UNVR,RG,4730,7,D,YP,KK,D
14:16:11,UNVR,RG,4730,7,D,YP,YP,D
14:16:07,UNVR,RG,4730,7,D,YP,YP,D
14:16:04,UNVR,RG,4730,44,D,YP,HP,D
14:16:04,UNVR,RG,4730,6,F,RX,HP,D
14:15:57,UNVR,RG,4730,2,F,RX,PD,D
14:15:46,UNVR,RG,4730,2,F,RX,AK,F
14:15:46,UNVR,RG,4730,1,F,RX,OD,D
14:15:46,UNVR,RG,4730,1,F,RX,ZP,F
14:15:46,UNVR,RG,4730,2,F,RX,SQ,D
14:15:46,UNVR,RG,4730,1,F,RX,DP,F
14:15:46,UNVR,RG,4730,1,F,RX,ZP,F
14:15:46,UNVR,RG,4730,2,F,RX,AK,F
14:15:46,UNVR,RG,4730,4,F,RX,AK,F
14:15:46,UNVR,RG,4730,10,F,RX,YP,D
14:15:46,UNVR,RG,4730,5,F,RX,ZP,F
14:15:46,UNVR,RG,4730,28,F,RX,ZP,F
14:15:46,UNVR,RG,4730,90,F,RX,ZP,F
14:15:46,UNVR,RG,4730,13,F,RX,CS,F
14:15:46,UNVR,RG,4730,27,F,RX,ZP,F
14:15:46,UNVR,RG,4730,84,F,RX,ZP,F
14:15:46,UNVR,RG,4730,5,F,RX,BB,F
14:15:46,UNVR,RG,4730,18,F,RX,CS,F
14:15:46,UNVR,RG,4730,14,F,RX,CS,F
14:15:46,UNVR,RG,4730,20,F,RX,CS,F
14:15:46,UNVR,RG,4730,64,F,RX,YP,D
14:15:46,UNVR,RG,4720,40,D,EP,YP,D
14:15:46,UNVR,RG,4720,10,D,PD,YP,D
14:15:46,UNVR,RG,4720,4,D,PD,XC,D
14:15:39,UNVR,RG,4720,16,D,PD,ZP,F
14:15:39,UNVR,RG,4720,1,D,LG,ZP,F
14:15:39,UNVR,RG,4720,2,D,KK,ZP,F
14:15:39,UNVR,RG,4720,2,D,KK,OD,D
14:15:37,UNVR,RG,4720,18,D,KK,ZP,F
14:15:37,UNVR,RG,4720,19,D,KK,XC,D
14:15:34,UNVR,RG,4720,59,D,KK,YP,D
14:15:34,UNVR,RG,4720,1,D,YP,YP,D
14:15:34,UNVR,RG,4720,5,D,KK,YP,D
14:15:32,UNVR,RG,4730,5,D,YU,YP,D
14:15:31,UNVR,RG,4720,1,F,ZP,CC,D
14:15:31,UNVR,RG,4720,30,D,YB,CC,D
14:15:31,UNVR,RG,4720,4,D,XC,CC,D
14:15:31,UNVR,RG,4720,1,D,AT,CC,D
14:15:31,UNVR,RG,4720,1,D,XL,CC,D
14:15:31,UNVR,RG,4720,1,D,YP,CC,D
14:15:31,UNVR,RG,4720,10,D,YP,CC,D
14:15:31,UNVR,RG,4720,1,D,DR,CC,D
14:15:31,UNVR,RG,4720,3,D,SQ,CC,D
14:15:31,UNVR,RG,4720,1,D,SQ,CC,D
14:15:31,UNVR,RG,4720,1,D,PD,CC,D
14:15:31,UNVR,RG,4720,146,F,RX,CC,D
14:15:26,UNVR,RG,4720,2,F,RX,XC,D
14:15:24,UNVR,RG,4720,352,F,RX,CC,D
14:15:24,UNVR,RG,4720,1,D,AO,CC,D
14:15:24,UNVR,RG,4720,2,D,DH,CC,D
14:15:24,UNVR,RG,4720,1,D,PD,CC,D
14:15:24,UNVR,RG,4720,22,D,PD,CC,D
14:15:24,UNVR,RG,4720,1,D,OD,CC,D
14:15:24,UNVR,RG,4720,2,D,SQ,CC,D
14:15:24,UNVR,RG,4720,100,D,SQ,CC,D
14:15:24,UNVR,RG,4720,1,D,EP,CC,D
14:15:24,UNVR,RG,4720,10,D,SQ,CC,D
14:15:24,UNVR,RG,4720,8,D,OK,CC,D
14:15:19,UNVR,RG,4720,67,D,OK,ZP,F
14:15:19,UNVR,RG,4720,2,D,YP,ZP,F
14:15:19,UNVR,RG,4730,7,D,DR,YP,D
14:15:14,UNVR,RG,4730,3,D,PD,YP,D
14:15:06,UNVR,RG,4730,133,D,PD,YP,D
14:15:05,UNVR,RG,4720,10,D,YP,BB,F
14:15:05,UNVR,RG,4720,1,D,YP,BB,F
14:15:05,UNVR,RG,4720,10,D,PD,BB,F
14:14:41,UNVR,RG,4720,10,D,PD,ZP,F
14:14:41,UNVR,RG,4720,1,D,YP,ZP,F
14:14:41,UNVR,RG,4720,5,D,DR,ZP,F
14:14:41,UNVR,RG,4720,1,D,NI,ZP,F
14:14:41,UNVR,RG,4720,10,D,YP,ZP,F
14:14:41,UNVR,RG,4720,30,D,RO,ZP,F
14:14:41,UNVR,RG,4720,4,D,PD,ZP,F
14:14:41,UNVR,RG,4720,15,D,XA,ZP,F
14:14:41,UNVR,RG,4720,1,D,XA,OD,D
14:14:34,UNVR,RG,4720,4,D,XA,XL,D
14:14:34,UNVR,RG,4720,8,D,KK,XL,D
14:14:34,UNVR,RG,4720,5,D,KK,XL,D
14:14:34,UNVR,RG,4720,2,D,YP,XL,D
14:14:30,UNVR,RG,4730,58,D,XL,YP,D
14:14:28,UNVR,RG,4720,1,D,YP,YP,D
14:14:28,UNVR,RG,4720,3,D,YP,YP,D
14:14:28,UNVR,RG,4720,3,D,YP,YP,D
14:14:28,UNVR,RG,4720,3,D,XL,YP,D
14:14:28,UNVR,RG,4720,1,D,YP,YP,D
14:14:28,UNVR,RG,4720,3,D,YP,YP,D
14:14:28,UNVR,RG,4720,1,D,IF,YP,D
14:14:28,UNVR,RG,4720,1,D,YP,YP,D
14:14:28,UNVR,RG,4720,9,D,EP,YP,D
14:14:28,UNVR,RG,4720,3,D,DH,YP,D
14:14:28,UNVR,RG,4720,2,D,CP,YP,D
14:14:28,UNVR,RG,4720,9,D,DR,YP,D
14:14:28,UNVR,RG,4720,7,D,DR,YP,D
14:14:27,UNVR,RG,4730,1,D,LS,YP,D
14:14:25,UNVR,RG,4720,2,D,DR,ZP,F
14:14:25,UNVR,RG,4720,3,D,PD,ZP,F
14:14:25,UNVR,RG,4720,14,D,GR,ZP,F
14:14:21,UNVR,RG,4720,19,D,GR,ZP,F
14:14:21,UNVR,RG,4720,17,D,GR,ZP,F
14:14:21,UNVR,RG,4720,1,D,PD,ZP,F
14:14:21,UNVR,RG,4720,38,D,KK,ZP,F
14:13:53,UNVR,RG,4730,2,D,YP,YP,D
14:13:48,UNVR,RG,4730,3,D,XC,YP,D
14:13:42,UNVR,RG,4720,25,D,KK,CC,D
14:13:42,UNVR,RG,4730,10,D,YP,YP,D
14:13:42,UNVR,RG,4720,1,D,KK,AT,D
14:13:42,UNVR,RG,4720,10,D,KK,YP,D
14:13:42,UNVR,RG,4720,5,D,KK,YP,D
14:13:42,UNVR,RG,4720,20,D,KK,YP,D
14:13:42,UNVR,RG,4720,1,D,KK,OD,D
14:13:39,UNVR,RG,4730,2,F,AK,YP,D
14:13:39,UNVR,RG,4730,200,D,YU,YP,D
14:13:39,UNVR,RG,4730,50,D,YP,YP,D
14:13:39,UNVR,RG,4730,1,D,YP,YP,D
14:13:39,UNVR,RG,4730,182,F,BK,YP,D
14:13:39,UNVR,RG,4730,1,D,YP,YP,D
14:13:39,UNVR,RG,4730,3,D,PD,YP,D
14:13:39,UNVR,RG,4730,15,F,BK,YP,D
14:13:39,UNVR,RG,4730,2,D,YP,YP,D
14:13:39,UNVR,RG,4730,1,D,LG,YP,D
14:13:39,UNVR,RG,4730,1,D,KK,YP,D
14:13:39,UNVR,RG,4730,11,D,PD,YP,D
14:13:39,UNVR,RG,4730,1,D,PD,YP,D
14:13:39,UNVR,RG,4730,10,D,OD,YP,D
14:13:39,UNVR,RG,4730,10,D,YP,YP,D
14:13:39,UNVR,RG,4730,30,D,PD,YP,D
14:13:39,UNVR,RG,4730,10,D,YP,YP,D
14:13:39,UNVR,RG,4730,2,F,AK,YP,D
14:13:39,UNVR,RG,4730,1,D,YP,YP,D
14:13:39,UNVR,RG,4730,10,D,YP,YP,D
14:13:39,UNVR,RG,4730,2,D,KK,YP,D
14:13:39,UNVR,RG,4730,10,D,YP,YP,D
14:13:39,UNVR,RG,4730,10,D,YP,YP,D
14:13:39,UNVR,RG,4730,100,D,YB,YP,D
14:13:39,UNVR,RG,4730,2,D,KK,YP,D
14:13:39,UNVR,RG,4730,3,F,ZP,YP,D
14:13:39,UNVR,RG,4730,1,D,YP,YP,D
14:13:39,UNVR,RG,4730,4,D,XC,YP,D
14:13:39,UNVR,RG,4730,5,D,PD,YP,D
14:13:39,UNVR,RG,4730,1,D,YP,YP,D
14:13:39,UNVR,RG,4730,1,D,AO,YP,D
14:13:39,UNVR,RG,4730,3,F,AK,YP,D
14:13:39,UNVR,RG,4730,129,D,AT,YP,D
14:13:38,UNVR,RG,4730,1,D,AT,ZP,F
14:13:38,UNVR,RG,4730,10,D,CC,ZP,F
14:13:38,UNVR,RG,4730,1,D,GR,ZP,F
14:13:38,UNVR,RG,4730,1,F,ZP,ZP,F
14:13:38,UNVR,RG,4730,5,D,YP,ZP,F
14:13:38,UNVR,RG,4730,5,D,YP,ZP,F
14:13:38,UNVR,RG,4730,50,D,SA,ZP,F
14:13:22,UNVR,RG,4740,2,D,YP,CS,F
14:13:22,UNVR,RG,4740,3,D,YP,CS,F
14:13:22,UNVR,RG,4740,5,D,YP,CS,F
14:13:13,UNVR,RG,4730,2,D,CC,EP,D
14:13:13,UNVR,RG,4730,7,D,DH,EP,D
14:13:13,UNVR,RG,4730,50,D,YB,EP,D
14:13:13,UNVR,RG,4730,1,D,DH,EP,D
14:13:13,UNVR,RG,4730,5,D,PD,EP,D
14:13:13,UNVR,RG,4730,10,D,EP,EP,D
14:13:11,UNVR,RG,4730,30,D,EP,ZP,F
14:13:11,UNVR,RG,4730,5,D,DR,ZP,F
14:13:11,UNVR,RG,4730,1,D,CC,ZP,F
14:13:11,UNVR,RG,4730,1,D,PD,ZP,F
14:13:11,UNVR,RG,4730,2,D,CC,ZP,F
14:13:11,UNVR,RG,4730,1,D,YP,ZP,F
14:13:11,UNVR,RG,4730,1,D,SQ,ZP,F
14:13:11,UNVR,RG,4730,2,D,CC,ZP,F
14:13:11,UNVR,RG,4730,1,D,LG,ZP,F
14:13:11,UNVR,RG,4730,13,D,DR,ZP,F
14:13:11,UNVR,RG,4730,10,D,DR,PD,D
14:13:09,UNVR,RG,4730,18,D,DR,ZP,F
14:13:09,UNVR,RG,4730,9,D,DR,ZP,F
14:13:09,UNVR,RG,4730,20,D,PD,ZP,F
14:13:09,UNVR,RG,4730,26,D,ES,ZP,F
14:13:09,UNVR,RG,4740,2,D,YP,CS,F
14:13:09,UNVR,RG,4740,1,D,YP,CS,F
14:13:09,UNVR,RG,4740,19,D,YP,CS,F
14:13:09,UNVR,RG,4740,1,D,YP,DP,F
14:13:09,UNVR,RG,4740,2,D,YP,AK,F
14:13:09,UNVR,RG,4740,2,D,YP,AK,F
14:13:09,UNVR,RG,4740,10,D,YP,ZP,F
14:13:09,UNVR,RG,4740,28,D,YP,CC,D
14:13:05,UNVR,RG,4730,18,D,ES,ZP,F
14:13:05,UNVR,RG,4730,57,D,ES,ZP,F
14:12:56,UNVR,RG,4730,60,D,ES,YP,D
14:12:52,UNVR,RG,4730,1,D,ES,XC,D
14:12:52,UNVR,RG,4730,10,D,ES,XC,D
14:12:49,UNVR,RG,4730,7,D,ES,NI,D
14:12:44,UNVR,RG,4730,28,D,ES,ZP,F
14:12:41,UNVR,RG,4730,1,D,ES,OD,D
14:12:35,UNVR,RG,4730,42,D,ES,ZP,F
14:12:35,UNVR,RG,4730,1,D,XL,ZP,F
14:12:35,UNVR,RG,4730,10,D,CC,ZP,F
14:12:35,UNVR,RG,4730,6,D,YP,ZP,F
14:12:35,UNVR,RG,4730,1,D,TF,ZP,F
14:12:35,UNVR,RG,4730,1,D,YP,ZP,F
14:12:35,UNVR,RG,4730,26,F,RX,ZP,F
14:12:26,UNVR,RG,4730,5,F,RX,PD,D
14:12:18,UNVR,RG,4730,27,F,RX,ZP,F
14:12:10,UNVR,RG,4730,2,F,RX,XL,D
14:12:05,UNVR,RG,4730,3,F,RX,PD,D
14:12:03,UNVR,RG,4740,205,D,CC,CC,D
14:12:00,UNVR,RG,4730,3,F,RX,AK,F
14:11:42,UNVR,RG,4740,2,D,XC,CC,D
14:11:41,UNVR,RG,4730,1,F,RX,OD,D
14:11:33,UNVR,RG,4730,6,F,RX,XC,D
14:11:18,UNVR,RG,4730,2,F,RX,YP,D
14:11:10,UNVR,RG,4740,32,D,SQ,CC,D
14:11:09,UNVR,RG,4740,2,D,YP,CC,D
14:11:08,UNVR,RG,4740,1,D,YP,CC,D
14:11:03,UNVR,RG,4740,130,D,YP,CC,D
14:11:03,UNVR,RG,4740,2,D,YP,ZP,F
14:11:03,UNVR,RG,4740,68,D,YP,ZP,F
14:10:44,UNVR,RG,4730,18,F,RX,XC,D
14:10:39,UNVR,RG,4730,2,F,RX,OD,D
14:10:29,UNVR,RG,4730,75,F,RX,YP,D
14:10:20,UNVR,RG,4730,100,F,RX,SQ,D
14:10:16,UNVR,RG,4740,20,D,PD,ZP,F
14:10:16,UNVR,RG,4740,18,D,PD,ZP,F
14:10:16,UNVR,RG,4740,1,D,PD,BB,F
14:10:16,UNVR,RG,4740,41,D,PD,AK,F
14:10:16,UNVR,RG,4740,8,D,PD,CS,F
14:10:16,UNVR,RG,4740,19,D,PD,ZP,F
14:10:16,UNVR,RG,4740,18,D,PD,ZP,F
14:10:16,UNVR,RG,4740,8,D,PD,PD,D
14:10:11,UNVR,RG,4730,20,F,RX,ZP,F
14:10:03,UNVR,RG,4730,19,F,RX,ZP,F
14:10:00,UNVR,RG,4730,20,F,RX,ZP,F
14:10:00,UNVR,RG,4730,18,F,RX,YP,D
14:10:00,UNVR,RG,4730,1,F,RX,EP,D
14:09:45,UNVR,RG,4730,3,F,RX,AK,F
14:09:44,UNVR,RG,4730,38,F,RX,ZP,F
14:09:42,UNVR,RG,4730,36,F,RX,ZP,F
14:09:39,UNVR,RG,4730,50,F,RX,CC,D
14:09:39,UNVR,RG,4730,10,F,RX,YP,D
14:09:39,UNVR,RG,4730,15,F,RX,YP,D
14:09:39,UNVR,RG,4730,5,D,DR,YP,D
14:09:39,UNVR,RG,4730,1,D,EP,YP,D
14:09:39,UNVR,RG,4730,10,D,ZP,YP,D
14:09:39,UNVR,RG,4730,3,D,PD,YP,D
14:09:39,UNVR,RG,4730,1,D,PD,YP,D
14:09:39,UNVR,RG,4730,1,D,DH,YP,D
14:09:39,UNVR,RG,4730,1,D,SQ,YP,D
14:09:39,UNVR,RG,4730,1,D,OD,YP,D
14:09:39,UNVR,RG,4730,1,D,GR,YP,D
14:09:39,UNVR,RG,4730,11,D,EP,YP,D
14:09:39,UNVR,RG,4730,25,D,YP,YP,D
14:09:39,UNVR,RG,4730,1,D,KK,YP,D
14:09:39,UNVR,RG,4730,1,D,XC,YP,D
14:09:39,UNVR,RG,4730,4,D,CC,YP,D
14:09:39,UNVR,RG,4730,1,D,HP,YP,D
14:09:39,UNVR,RG,4730,2,D,YP,YP,D
14:09:39,UNVR,RG,4730,1,D,NI,YP,D
14:09:39,UNVR,RG,4730,11,D,NI,PD,D
14:09:39,UNVR,RG,4730,8,D,NI,YP,D
14:09:39,UNVR,RG,4730,3,D,YP,YP,D
14:09:39,UNVR,RG,4730,2,D,YP,YP,D
14:09:39,UNVR,RG,4730,1,D,XL,YP,D
14:09:39,UNVR,RG,4730,10,D,SQ,YP,D
14:09:39,UNVR,RG,4730,10,D,SQ,YP,D
14:09:39,UNVR,RG,4730,2,D,GR,YP,D
14:09:39,UNVR,RG,4730,8,D,DR,YP,D
14:09:39,UNVR,RG,4730,3,D,YP,YP,D
14:09:39,UNVR,RG,4730,3,D,DR,YP,D
14:09:39,UNVR,RG,4730,5,D,DR,YP,D
14:09:39,UNVR,RG,4730,1,D,YB,OD,D
14:09:14,UNVR,RG,4740,2,F,AK,AK,F
14:09:14,UNVR,RG,4740,60,D,CP,AK,F
14:09:14,UNVR,RG,4740,45,D,CP,CS,F
14:09:14,UNVR,RG,4740,5,D,CP,DR,D
14:09:14,UNVR,RG,4740,1,D,NI,DR,D
14:09:14,UNVR,RG,4740,1,D,PD,DR,D
14:09:14,UNVR,RG,4740,53,D,DH,DR,D
14:09:14,UNVR,RG,4740,1,D,KK,DR,D
14:09:14,UNVR,RG,4740,1,D,KK,DR,D
14:09:14,UNVR,RG,4740,14,F,BK,DR,D
14:09:14,UNVR,RG,4740,6,D,PD,DR,D
14:09:14,UNVR,RG,4740,1,F,CC,DR,D
14:09:14,UNVR,RG,4740,5,D,KK,DR,D
14:09:14,UNVR,RG,4740,117,F,RX,DR,D
14:09:13,UNVR,RG,4740,2,F,RX,ZP,F
14:09:13,UNVR,RG,4740,1,F,RX,DP,F
14:09:13,UNVR,RG,4740,50,F,RX,AZ,D
14:09:11,UNVR,RG,4740,10,F,RX,XA,D
14:09:10,UNVR,RG,4740,18,F,RX,ZP,F
14:09:10,UNVR,RG,4740,22,F,RX,KK,D
14:09:09,UNVR,RG,4740,80,F,RX,CC,D
14:09:09,UNVR,RG,4740,4,D,CC,CC,D
14:09:09,UNVR,RG,4740,1,D,XA,CC,D
14:09:09,UNVR,RG,4740,2,D,CC,CC,D
14:09:09,UNVR,RG,4740,2,D,YP,CC,D
14:09:09,UNVR,RG,4740,8,F,BK,CC,D
14:09:09,UNVR,RG,4740,2,D,YP,CC,D
14:09:09,UNVR,RG,4740,2,D,CP,CC,D
14:09:09,UNVR,RG,4740,5,D,YP,CC,D
14:09:09,UNVR,RG,4740,2,D,YP,CC,D
14:09:09,UNVR,RG,4740,2,D,XC,CC,D
14:09:09,UNVR,RG,4740,2,D,YU,CC,D
14:09:09,UNVR,RG,4740,1,D,YP,CC,D
14:09:09,UNVR,RG,4740,1,D,PD,CC,D
14:09:09,UNVR,RG,4740,2,F,AK,CC,D
14:09:09,UNVR,RG,4740,5,D,PD,CC,D
14:09:09,UNVR,RG,4740,2,D,XC,CC,D
14:09:09,UNVR,RG,4740,6,D,XC,CC,D
14:09:09,UNVR,RG,4740,11,D,PD,CC,D
14:09:09,UNVR,RG,4740,3,D,XC,CC,D
14:09:09,UNVR,RG,4740,1,D,PD,CC,D
14:09:09,UNVR,RG,4740,2,F,AK,CC,D
14:09:09,UNVR,RG,4740,75,D,YP,CC,D
14:09:09,UNVR,RG,4740,2,D,SQ,CC,D
14:09:09,UNVR,RG,4740,1,D,DR,CC,D
14:09:09,UNVR,RG,4740,30,D,CP,CC,D
14:09:09,UNVR,RG,4740,2,D,XC,CC,D
14:09:09,UNVR,RG,4740,1,D,KK,CC,D
14:09:09,UNVR,RG,4740,1,D,YP,CC,D
14:09:09,UNVR,RG,4740,2,F,AK,CC,D
14:09:09,UNVR,RG,4740,5,D,NI,CC,D
14:09:09,UNVR,RG,4740,1,D,NI,CC,D
14:09:09,UNVR,RG,4740,10,F,ZP,CC,D
14:09:09,UNVR,RG,4740,5,D,PD,CC,D
14:09:09,UNVR,RG,4740,200,D,YP,CC,D
14:09:09,UNVR,RG,4740,50,D,YP,CC,D
14:09:09,UNVR,RG,4740,11,D,CC,CC,D
14:09:09,UNVR,RG,4740,1,D,EP,CC,D
14:09:09,UNVR,RG,4740,200,D,IF,CC,D
14:09:09,UNVR,RG,4740,2,D,XC,CC,D
14:09:09,UNVR,RG,4740,2,D,YP,CC,D
14:09:09,UNVR,RG,4740,1,D,CC,CC,D
14:09:09,UNVR,RG,4740,4,D,YP,CC,D
14:09:09,UNVR,RG,4740,15,D,YP,CC,D
14:09:09,UNVR,RG,4740,33,D,YP,CC,D
14:08:49,UNVR,RG,4750,7,D,XL,CC,D
14:08:46,UNVR,RG,4740,9,D,YP,ZP,F
14:08:46,UNVR,RG,4740,1,D,CC,ZP,F
14:08:46,UNVR,RG,4740,1,D,CC,ZP,F
14:08:46,UNVR,RG,4740,1,D,PD,ZP,F
14:08:46,UNVR,RG,4740,1,D,PD,ZP,F
14:08:46,UNVR,RG,4740,16,D,KK,ZP,F
14:08:41,UNVR,RG,4740,1,D,KK,OD,D
14:08:29,UNVR,RG,4740,10,D,KK,EP,D
14:08:23,UNVR,RG,4740,73,D,KK,DR,D
14:08:23,UNVR,RG,4740,60,D,YP,DR,D
14:08:23,UNVR,RG,4740,2,D,XC,DR,D
14:08:23,UNVR,RG,4740,1,D,LG,DR,D
14:08:23,UNVR,RG,4740,1,D,YP,DR,D
14:08:23,UNVR,RG,4740,1,D,NI,DR,D
14:08:23,UNVR,RG,4740,3,D,PD,DR,D
14:08:23,UNVR,RG,4740,1,D,PD,DR,D
14:08:23,UNVR,RG,4740,3,D,BQ,DR,D
14:08:23,UNVR,RG,4740,5,D,XC,DR,D
14:08:23,UNVR,RG,4740,1,D,AZ,DR,D
14:08:23,UNVR,RG,4740,1,D,XC,DR,D
14:08:23,UNVR,RG,4740,2,D,XC,DR,D
14:08:23,UNVR,RG,4740,10,D,AI,DR,D
14:08:23,UNVR,RG,4740,1,D,PD,DR,D
14:08:23,UNVR,RG,4740,21,D,XL,DR,D
14:08:23,UNVR,RG,4740,20,D,NI,DR,D
14:08:23,UNVR,RG,4740,3,D,OD,DR,D
14:08:23,UNVR,RG,4740,2,D,SQ,DR,D
14:08:23,UNVR,RG,4740,1,D,SQ,DR,D
14:08:23,UNVR,RG,4740,2,D,CC,DR,D
14:08:23,UNVR,RG,4740,5,D,KK,DR,D
14:08:23,UNVR,RG,4740,1,D,CC,DR,D
14:08:23,UNVR,RG,4740,1,D,YP,DR,D
14:08:23,UNVR,RG,4740,15,D,XL,DR,D
14:08:23,UNVR,RG,4740,1,D,LG,DR,D
14:08:23,UNVR,RG,4740,5,D,YU,DR,D
14:08:23,UNVR,RG,4740,2,D,XC,DR,D
14:08:23,UNVR,RG,4740,1,D,PD,DR,D
14:08:23,UNVR,RG,4740,1,D,PD,DR,D
14:08:23,UNVR,RG,4740,4,D,YP,DR,D
14:08:23,UNVR,RG,4740,1,D,XC,DR,D
14:08:23,UNVR,RG,4740,20,D,YP,DR,D
14:08:23,UNVR,RG,4740,5,D,PC,DR,D
14:08:23,UNVR,RG,4740,1,D,YP,DR,D
14:08:23,UNVR,RG,4740,1,D,YP,DR,D
14:08:23,UNVR,RG,4740,1,D,YP,DR,D
14:08:23,UNVR,RG,4740,1,D,YP,DR,D
14:08:23,UNVR,RG,4740,50,D,YP,DR,D
14:08:23,UNVR,RG,4740,1,D,XC,DR,D
14:08:23,UNVR,RG,4740,20,D,PD,DR,D
14:08:23,UNVR,RG,4740,3,D,CC,DR,D
14:08:23,UNVR,RG,4740,5,D,DR,DR,D
14:08:23,UNVR,RG,4740,1,D,SQ,DR,D
14:08:23,UNVR,RG,4740,1,D,PD,DR,D
14:08:23,UNVR,RG,4740,1,D,LG,DR,D
14:08:23,UNVR,RG,4740,118,F,RX,DR,D
14:08:17,UNVR,RG,4740,43,F,RX,AK,F
14:08:17,UNVR,RG,4740,28,F,RX,ZP,F
14:08:08,UNVR,RG,4740,201,F,RX,EP,D
14:07:56,UNVR,RG,4750,2,D,KK,CC,D
14:07:46,UNVR,RG,4740,19,F,RX,ZP,F
14:07:46,UNVR,RG,4740,28,F,RX,ZP,F
14:07:43,UNVR,RG,4740,1,F,RX,OD,D
14:07:32,UNVR,RG,4750,9,D,XC,CC,D
14:07:22,UNVR,RG,4740,18,F,RX,ZP,F
14:07:22,UNVR,RG,4740,27,F,RX,ZP,F
14:06:47,UNVR,RG,4740,17,F,RX,ZP,F
14:06:47,UNVR,RG,4740,12,D,KK,ZP,F
14:06:41,UNVR,RG,4740,1,D,RO,OD,D
14:06:18,UNVR,RG,4740,19,D,RO,ZP,F
14:06:18,UNVR,RG,4740,2,D,PD,ZP,F
14:06:18,UNVR,RG,4740,6,D,PD,ZP,F
14:06:18,UNVR,RG,4740,19,D,PD,ZP,F
14:06:18,UNVR,RG,4740,1,D,PD,HP,D
14:06:09,UNVR,RG,4740,2,D,PD,KK,D
14:05:57,UNVR,RG,4740,39,D,PD,ZP,F
14:05:47,UNVR,RG,4750,5,D,YU,CC,D
14:05:43,UNVR,RG,4740,1,D,PD,OD,D
14:05:31,UNVR,RG,4750,2,D,XC,CC,D
14:05:28,UNVR,RG,4740,39,D,PD,ZP,F
14:05:15,UNVR,RG,4740,19,D,PD,ZP,F
14:05:05,UNVR,RG,4750,46,D,PD,CC,D
14:05:05,UNVR,RG,4750,87,D,PD,CC,D
14:05:00,UNVR,RG,4750,2,D,PD,CC,D
14:04:43,UNVR,RG,4740,4,D,PD,HP,D
14:04:41,UNVR,RG,4740,1,D,PD,OD,D
14:04:30,UNVR,RG,4740,18,D,PD,ZP,F
14:04:01,UNVR,RG,4740,2,D,PD,CC,D
14:04:00,UNVR,RG,4740,19,D,PD,ZP,F
14:03:43,UNVR,RG,4740,2,D,PD,OD,D
14:03:40,UNVR,RG,4740,2,D,PD,HP,D
14:03:37,UNVR,RG,4740,11,D,PD,XL,D
14:03:32,UNVR,RG,4740,19,D,PD,ZP,F
14:03:21,UNVR,RG,4740,19,D,PD,ZP,F
14:03:21,UNVR,RG,4750,3,D,CC,CC,D
14:03:19,UNVR,RG,4750,2,D,DR,CC,D
14:03:19,UNVR,RG,4750,28,D,DR,BK,F
14:03:19,UNVR,RG,4750,9,D,DR,CS,F
14:03:19,UNVR,RG,4750,44,D,DR,CS,F
14:03:19,UNVR,RG,4750,17,D,DR,CS,F
14:03:08,UNVR,RG,4750,3,D,DR,CS,F
14:03:08,UNVR,RG,4750,3,D,DR,ZP,F
14:03:04,UNVR,RG,4740,2,D,PD,HP,D
14:03:03,UNVR,RG,4740,18,D,PD,ZP,F
14:03:01,UNVR,RG,4740,19,D,PD,ZP,F
14:02:53,UNVR,RG,4750,3,F,ZP,ZP,F
14:02:53,UNVR,RG,4750,30,D,CC,ZP,F
14:02:53,UNVR,RG,4750,2,D,CC,ZP,F
14:02:53,UNVR,RG,4750,26,D,CC,CS,F
14:02:53,UNVR,RG,4750,73,D,CC,BB,F
14:02:53,UNVR,RG,4750,3,D,CC,AK,F
14:02:53,UNVR,RG,4750,2,D,CC,AK,F
14:02:53,UNVR,RG,4750,2,D,CC,AK,F
14:02:53,UNVR,RG,4750,1,D,CC,DP,F
14:02:53,UNVR,RG,4750,66,D,CC,BK,F
14:02:41,UNVR,RG,4740,50,D,PD,ZP,F
14:02:41,UNVR,RG,4740,20,D,PD,ZP,F
14:02:41,UNVR,RG,4740,1,D,PD,OD,D
14:02:12,UNVR,RG,4740,19,D,PD,ZP,F
14:02:12,UNVR,RG,4740,47,D,PD,ZP,F
14:02:00,UNVR,RG,4740,26,D,PD,ZP,F
14:02:00,UNVR,RG,4740,3,D,XC,ZP,F
14:02:00,UNVR,RG,4740,20,D,YP,ZP,F
14:01:43,UNVR,RG,4740,1,D,YP,OD,D
14:01:38,UNVR,RG,4740,29,D,YP,ZP,F
14:01:38,UNVR,RG,4740,35,F,RX,ZP,F
14:01:38,UNVR,RG,4740,20,F,RX,ZP,F
14:01:22,UNVR,RG,4740,26,F,RX,HP,D
14:01:11,UNVR,RG,4740,18,F,RX,ZP,F
14:01:11,UNVR,RG,4750,205,D,CC,BK,F
14:01:01,UNVR,RG,4740,68,F,RX,ZP,F
14:01:01,UNVR,RG,4750,210,D,LG,BK,F
14:00:58,UNVR,RG,4740,86,F,RX,ZP,F
14:00:57,UNVR,RG,4740,27,F,RX,ZP,F
14:00:42,UNVR,RG,4740,1,F,RX,OD,D
14:00:30,UNVR,RG,4740,28,F,RX,ZP,F
14:00:07,UNVR,RG,4740,17,F,RX,PD,D
14:00:07,UNVR,RG,4740,5,F,RX,ZP,D
14:00:06,UNVR,RG,4750,10,D,AO,BK,F
14:00:03,UNVR,RG,4750,219,D,PD,BK,F
14:00:03,UNVR,RG,4750,5,D,PD,ZP,F
14:00:03,UNVR,RG,4750,3,D,PD,ZP,F
14:00:03,UNVR,RG,4750,1,D,PD,ZP,F
14:00:03,UNVR,RG,4750,38,D,PD,ZP,F
14:00:01,UNVR,RG,4740,1,F,RX,YP,D
14:00:01,UNVR,RG,4740,1,F,RX,CC,D
13:59:55,UNVR,RG,4740,68,F,RX,ZP,F
13:59:48,UNVR,RG,4740,10,F,RX,BB,F
13:59:47,UNVR,RG,4740,5,F,RX,YP,D
13:59:44,UNVR,RG,4740,2,F,RX,PD,D
13:59:42,UNVR,RG,4740,1,F,RX,OD,D
13:59:41,UNVR,RG,4750,2,D,PD,ZP,F
13:59:37,UNVR,RG,4740,19,F,RX,ZP,F
13:59:25,UNVR,RG,4740,62,F,RX,ZP,F
13:59:25,UNVR,RG,4740,3,D,EP,ZP,F
13:59:17,UNVR,RG,4740,8,D,EP,ZP,F
13:59:17,UNVR,RG,4740,10,D,AZ,ZP,F
13:59:17,UNVR,RG,4740,1,D,DR,ZP,F
13:59:17,UNVR,RG,4750,1,D,KK,ZP,F
13:58:52,UNVR,RG,4750,2,D,KK,ZP,F
13:58:42,UNVR,RG,4740,2,D,YP,OD,D
13:58:39,UNVR,RG,4740,3,D,YP,ZP,F
13:58:39,UNVR,RG,4740,5,D,NI,ZP,F
13:58:39,UNVR,RG,4740,2,D,YP,ZP,F
13:58:39,UNVR,RG,4740,2,D,YP,ZP,F
13:58:39,UNVR,RG,4740,3,D,YP,ZP,F
13:58:39,UNVR,RG,4740,1,D,XC,ZP,F
13:58:39,UNVR,RG,4740,5,D,EP,ZP,F
13:58:39,UNVR,RG,4740,36,D,YJ,ZP,F
13:58:00,UNVR,RG,4740,14,D,YJ,ZP,F
13:58:00,UNVR,RG,4740,24,D,LG,ZP,F
13:58:00,UNVR,RG,4740,15,D,LG,CC,D
13:57:58,UNVR,RG,4750,11,D,YU,ZP,F
13:57:58,UNVR,RG,4750,19,D,YU,ZP,F
13:57:58,UNVR,RG,4750,1,D,YU,CS,F
13:57:58,UNVR,RG,4750,19,D,YU,ZP,F
13:57:40,UNVR,RG,4740,1,D,LG,OD,D
13:57:30,UNVR,RG,4740,10,D,LG,ZP,F
13:57:30,UNVR,RG,4740,1,D,YP,ZP,F
13:57:30,UNVR,RG,4740,2,D,YP,ZP,F
13:57:30,UNVR,RG,4740,1,D,CC,ZP,F
13:57:30,UNVR,RG,4740,23,D,YP,ZP,F
13:57:11,UNVR,RG,4740,20,D,YP,ZP,F
13:57:10,UNVR,RG,4740,12,D,YP,LG,D
13:57:10,UNVR,RG,4740,1,D,XC,LG,D
13:57:10,UNVR,RG,4740,7,D,YP,LG,D
13:56:40,UNVR,RG,4740,1,D,YP,XC,D
13:56:40,UNVR,RG,4740,1,D,PD,XC,D
13:56:40,UNVR,RG,4740,1,D,KK,XC,D
13:56:38,UNVR,RG,4740,1,D,KK,OD,D
13:56:17,UNVR,RG,4750,1,D,XL,AK,F
13:56:17,UNVR,RG,4750,2,F,AK,AK,F
13:56:17,UNVR,RG,4750,9,D,YP,AK,F
13:56:17,UNVR,RG,4750,16,F,BK,AK,F
13:56:17,UNVR,RG,4750,2,D,XC,AK,F
13:56:17,UNVR,RG,4750,2,F,AK,AK,F
13:56:17,UNVR,RG,4750,5,D,OD,AK,F
13:56:17,UNVR,RG,4750,20,D,AI,AK,F
13:56:17,UNVR,RG,4750,10,D,YP,AK,F
13:56:17,UNVR,RG,4750,3,F,ZP,AK,F
13:56:17,UNVR,RG,4750,1,D,PD,AK,F
13:56:17,UNVR,RG,4750,20,F,NI,AK,F
13:56:17,UNVR,RG,4750,3,F,AK,AK,F
13:56:17,UNVR,RG,4750,3,D,XC,AK,F
13:56:17,UNVR,RG,4750,20,F,ZP,AK,F
13:56:17,UNVR,RG,4750,15,D,EP,AK,F
13:56:17,UNVR,RG,4750,1,D,OD,AK,F
13:56:17,UNVR,RG,4750,1,D,PD,AK,F
13:56:17,UNVR,RG,4750,1000,D,NI,AK,F
13:56:17,UNVR,RG,4750,1,D,CC,AK,F
13:56:17,UNVR,RG,4750,11,D,OD,AK,F
13:56:16,UNVR,RG,4750,1,D,OD,AK,F
13:56:16,UNVR,RG,4750,1,D,YP,AK,F
13:56:16,UNVR,RG,4750,2,D,XC,AK,F
13:56:16,UNVR,RG,4750,1,D,PD,AK,F
13:56:16,UNVR,RG,4750,1,D,XC,AK,F
13:56:16,UNVR,RG,4750,4,D,GR,AK,F
13:56:16,UNVR,RG,4750,25,D,YB,AK,F
13:56:16,UNVR,RG,4750,2,D,PD,AK,F
13:56:16,UNVR,RG,4750,15,F,BK,AK,F
13:56:16,UNVR,RG,4750,30,D,DH,AK,F
13:56:16,UNVR,RG,4750,5,D,CC,AK,F
13:56:16,UNVR,RG,4750,5,D,DH,AK,F
13:56:16,UNVR,RG,4750,1,D,XC,AK,F
13:56:16,UNVR,RG,4750,6,F,BK,AK,F
13:56:16,UNVR,RG,4750,2,D,YP,AK,F
13:56:16,UNVR,RG,4750,1,D,PD,AK,F
13:56:16,UNVR,RG,4750,1,D,NI,AK,F
13:56:16,UNVR,RG,4750,1,F,BK,AK,F
13:56:16,UNVR,RG,4750,500,F,RX,AK,F
13:56:16,UNVR,RG,4750,42,D,YP,AK,F
13:56:16,UNVR,RG,4750,1,D,XC,AK,F
13:56:16,UNVR,RG,4750,1,D,DR,AK,F
13:56:16,UNVR,RG,4750,10,F,KK,AK,F
13:56:16,UNVR,RG,4750,10,D,CC,AK,F
13:56:16,UNVR,RG,4750,17,D,XL,AK,F
13:56:16,UNVR,RG,4750,25,D,YP,AK,F
13:56:16,UNVR,RG,4750,10,D,YP,AK,F
13:56:16,UNVR,RG,4750,10,D,XC,AK,F
13:56:16,UNVR,RG,4750,22,D,CC,AK,F
13:56:16,UNVR,RG,4750,1,D,CC,AK,F
13:56:16,UNVR,RG,4750,1,D,YP,AK,F
13:56:16,UNVR,RG,4750,5,D,YP,AK,F
13:56:16,UNVR,RG,4750,1,D,PD,AK,F
13:56:16,UNVR,RG,4750,20,D,YP,AK,F
13:56:16,UNVR,RG,4750,2,D,YP,AK,F
13:56:16,UNVR,RG,4750,1,D,XL,AK,F
13:56:16,UNVR,RG,4750,1,D,CC,AK,F
13:56:16,UNVR,RG,4750,3,D,PD,AK,F
13:56:16,UNVR,RG,4750,1,D,YP,AK,F
13:56:16,UNVR,RG,4750,1,D,PD,AK,F
13:56:16,UNVR,RG,4750,200,D,DH,AK,F
13:56:16,UNVR,RG,4750,5,D,DR,AK,F
13:56:16,UNVR,RG,4750,1,D,KK,AK,F
13:56:16,UNVR,RG,4750,1,D,GR,AK,F
13:56:16,UNVR,RG,4750,1,D,YP,AK,F
13:56:16,UNVR,RG,4750,1,D,CC,AK,F
13:56:16,UNVR,RG,4750,1,D,LG,AK,F
13:56:16,UNVR,RG,4750,1,D,CC,AK,F
13:56:16,UNVR,RG,4750,1,D,PD,AK,F
13:56:16,UNVR,RG,4750,1,D,EP,AK,F
13:56:16,UNVR,RG,4750,12,D,PD,AK,F
13:56:16,UNVR,RG,4750,1,D,XL,AK,F
13:56:16,UNVR,RG,4750,10,D,NI,AK,F
13:56:16,UNVR,RG,4750,5,D,OD,AK,F
13:56:16,UNVR,RG,4750,32,D,XC,AK,F
13:56:16,UNVR,RG,4750,1,D,OD,AK,F
13:56:16,UNVR,RG,4750,5,D,GR,AK,F
13:56:16,UNVR,RG,4750,1,D,AO,AK,F
13:56:16,UNVR,RG,4750,250,D,EP,AK,F
13:56:16,UNVR,RG,4750,10,D,YP,AK,F
13:56:16,UNVR,RG,4750,1,D,LG,AK,F
13:56:16,UNVR,RG,4750,3,D,BQ,AK,F
13:56:16,UNVR,RG,4750,1,D,KK,AK,F
13:56:16,UNVR,RG,4750,1,D,XC,AK,F
13:56:16,UNVR,RG,4750,2,D,PD,AK,F
13:56:16,UNVR,RG,4750,1,D,AT,AK,F
13:56:16,UNVR,RG,4750,1,D,PD,AK,F
13:56:16,UNVR,RG,4750,100,D,KK,AK,F
13:56:16,UNVR,RG,4750,2,D,KK,AK,F
13:56:16,UNVR,RG,4750,1,D,KK,AK,F
13:56:16,UNVR,RG,4750,5,D,DR,AK,F
13:56:16,UNVR,RG,4750,2,D,NI,AK,F
13:56:16,UNVR,RG,4750,1,D,XC,AK,F
13:56:16,UNVR,RG,4750,5,D,PD,AK,F
13:56:16,UNVR,RG,4750,1,D,SQ,AK,F
13:56:16,UNVR,RG,4750,1,D,XL,AK,F
13:56:16,UNVR,RG,4750,1,D,PD,AK,F
13:56:16,UNVR,RG,4750,2,D,XL,AK,F
13:56:16,UNVR,RG,4750,1,D,YP,AK,F
13:56:16,UNVR,RG,4750,2,D,CC,AK,F
13:56:16,UNVR,RG,4750,1,D,XC,AK,F
13:56:16,UNVR,RG,4750,10,D,YP,AK,F
13:56:16,UNVR,RG,4750,8,D,XL,AK,F
13:56:16,UNVR,RG,4750,20,D,XL,AK,F
13:56:16,UNVR,RG,4750,1,D,PD,AK,F
13:56:16,UNVR,RG,4750,10,D,YP,AK,F
13:56:16,UNVR,RG,4750,50,D,YP,AK,F
13:56:16,UNVR,RG,4750,1,F,ZP,AK,F
13:56:16,UNVR,RG,4750,1,D,XL,AK,F
13:56:16,UNVR,RG,4750,10,D,CC,AK,F
13:56:16,UNVR,RG,4750,3,D,YP,AK,F
13:56:16,UNVR,RG,4750,14,F,BK,AK,F
13:56:16,UNVR,RG,4750,1,D,PD,AK,F
13:56:16,UNVR,RG,4750,10,D,EP,AK,F
13:56:16,UNVR,RG,4750,100,D,LS,AK,F
13:56:16,UNVR,RG,4750,3,D,PD,AK,F
13:56:16,UNVR,RG,4750,50,D,AZ,AK,F
13:56:16,UNVR,RG,4750,5,D,XC,AK,F
13:56:16,UNVR,RG,4750,1,D,XC,AK,F
13:56:16,UNVR,RG,4750,1,D,BR,AK,F
13:56:16,UNVR,RG,4750,1,D,YP,AK,F
13:56:16,UNVR,RG,4750,2,D,CC,AK,F
13:56:16,UNVR,RG,4750,5,D,CC,AK,F
13:56:16,UNVR,RG,4750,1,D,PD,AK,F
13:56:16,UNVR,RG,4750,100,F,KK,AK,F
13:56:16,UNVR,RG,4750,5,D,NI,AK,F
13:56:16,UNVR,RG,4750,1,D,YP,AK,F
13:56:16,UNVR,RG,4750,1,D,YP,AK,F
13:56:16,UNVR,RG,4750,10,D,XC,AK,F
13:56:16,UNVR,RG,4750,1,D,XC,AK,F
13:56:16,UNVR,RG,4750,5,D,KK,AK,F
13:56:16,UNVR,RG,4750,1,D,OD,AK,F
13:56:16,UNVR,RG,4750,1,D,TF,AK,F
13:56:16,UNVR,RG,4750,1,D,PD,AK,F
13:56:16,UNVR,RG,4750,13,D,PD,AK,F
13:56:16,UNVR,RG,4750,4,D,XC,AK,F
13:56:16,UNVR,RG,4750,5,D,CC,AK,F
13:56:16,UNVR,RG,4750,1,D,CC,AK,F
13:56:16,UNVR,RG,4750,1,D,YP,AK,F
13:56:16,UNVR,RG,4750,1,D,XC,AK,F
13:56:16,UNVR,RG,4750,500,D,YP,AK,F
13:56:16,UNVR,RG,4750,1,D,LG,AK,F
13:56:16,UNVR,RG,4750,1,D,XL,AK,F
13:56:16,UNVR,RG,4750,3,D,XC,AK,F
13:56:16,UNVR,RG,4750,1,D,LG,AK,F
13:56:16,UNVR,RG,4750,10,D,YP,AK,F
13:56:16,UNVR,RG,4750,1,D,YP,AK,F
13:56:16,UNVR,RG,4750,10,D,YP,AK,F
13:56:16,UNVR,RG,4750,10,D,YP,AK,F
13:56:16,UNVR,RG,4750,1,D,PD,AK,F
13:56:16,UNVR,RG,4750,1,D,YP,AK,F
13:56:16,UNVR,RG,4750,25,D,SQ,AK,F
13:56:16,UNVR,RG,4750,3,D,YP,AK,F
13:56:16,UNVR,RG,4750,5,D,YP,AK,F
13:56:16,UNVR,RG,4750,2,D,CC,AK,F
13:56:16,UNVR,RG,4750,1,D,PD,AK,F
13:56:16,UNVR,RG,4750,1,D,PD,AK,F
13:56:16,UNVR,RG,4750,1,D,CC,AK,F
13:56:16,UNVR,RG,4750,10,D,XA,AK,F
13:56:16,UNVR,RG,4750,3,D,XL,AK,F
13:56:16,UNVR,RG,4750,5,D,PD,AK,F
13:56:16,UNVR,RG,4750,10,D,PD,AK,F
13:56:16,UNVR,RG,4750,15,F,BK,AK,F
13:56:16,UNVR,RG,4750,20,D,YP,AK,F
13:56:16,UNVR,RG,4750,5,D,PC,AK,F
13:56:16,UNVR,RG,4750,1,D,YP,AK,F
13:56:16,UNVR,RG,4750,1,D,XC,AK,F
13:56:16,UNVR,RG,4750,1,D,YP,AK,F
13:56:16,UNVR,RG,4750,15,F,BK,AK,F
13:56:16,UNVR,RG,4750,1,D,PD,AK,F
13:56:16,UNVR,RG,4750,500,F,RX,AK,F
13:56:16,UNVR,RG,4750,1,D,PD,AK,F
13:56:16,UNVR,RG,4750,3,D,YP,AK,F
13:56:16,UNVR,RG,4750,10,D,PD,AK,F
13:56:16,UNVR,RG,4750,17,F,BK,AK,F
13:56:16,UNVR,RG,4750,1,D,XC,AK,F
13:56:16,UNVR,RG,4750,3,D,XC,AK,F
13:56:16,UNVR,RG,4750,50,D,NI,AK,F
13:56:16,UNVR,RG,4750,3,D,SQ,AK,F
13:56:16,UNVR,RG,4750,50,D,CC,AK,F
13:56:16,UNVR,RG,4750,2,D,HP,AK,F
13:56:16,UNVR,RG,4750,2,D,CC,AK,F
13:56:16,UNVR,RG,4750,105,D,LG,AK,F
13:56:16,UNVR,RG,4750,5,D,PD,AK,F
13:56:16,UNVR,RG,4750,5,D,DR,AK,F
13:56:16,UNVR,RG,4750,3,D,EP,AK,F
13:56:16,UNVR,RG,4750,20,D,KK,AK,F
13:56:16,UNVR,RG,4750,1,D,XL,AK,F
13:56:16,UNVR,RG,4750,2,D,PD,AK,F
13:56:16,UNVR,RG,4750,1,D,PD,AK,F
13:56:16,UNVR,RG,4750,16,F,BK,AK,F
13:56:16,UNVR,RG,4750,5,D,ZP,AK,F
13:56:16,UNVR,RG,4750,2,D,PD,AK,F
13:56:16,UNVR,RG,4750,1,D,OD,AK,F
13:56:16,UNVR,RG,4750,1,D,YP,AK,F
13:56:16,UNVR,RG,4750,500,F,RX,AK,F
13:56:16,UNVR,RG,4750,20,D,DR,AK,F
13:56:16,UNVR,RG,4750,1,D,PD,AK,F
13:56:16,UNVR,RG,4750,1,D,XL,AK,F
13:56:16,UNVR,RG,4750,1,D,XC,AK,F
13:56:16,UNVR,RG,4750,7,D,XA,AK,F
13:56:16,UNVR,RG,4750,50,D,NI,AK,F
13:56:16,UNVR,RG,4750,1,D,PD,AK,F
13:56:16,UNVR,RG,4750,5,D,EP,AK,F
13:56:16,UNVR,RG,4750,1,D,PD,AK,F
13:56:16,UNVR,RG,4750,1,D,SQ,AK,F
13:56:16,UNVR,RG,4750,3,D,YP,AK,F
13:56:16,UNVR,RG,4750,2,D,XC,AK,F
13:56:16,UNVR,RG,4750,50,D,YP,AK,F
13:56:16,UNVR,RG,4750,10,D,CC,AK,F
13:56:16,UNVR,RG,4750,20,D,YP,AK,F
13:56:16,UNVR,RG,4750,5,D,YP,AK,F
13:56:16,UNVR,RG,4750,10,D,BQ,AK,F
13:56:16,UNVR,RG,4750,1,D,KK,AK,F
13:56:16,UNVR,RG,4750,2,D,NI,AK,F
13:56:16,UNVR,RG,4750,2,D,CC,AK,F
13:56:16,UNVR,RG,4750,5,D,XL,AK,F
13:56:16,UNVR,RG,4750,2,D,PD,AK,F
13:56:16,UNVR,RG,4750,1,D,YP,AK,F
13:56:16,UNVR,RG,4750,5,D,NI,AK,F
13:56:16,UNVR,RG,4750,10,D,AI,AK,F
13:56:16,UNVR,RG,4750,10,D,CC,AK,F
13:56:16,UNVR,RG,4750,4,D,SQ,AK,F
13:56:16,UNVR,RG,4750,525,F,RX,AK,F
13:56:15,UNVR,RG,4750,19,F,RX,ZP,F
13:56:10,UNVR,RG,4750,18,F,RX,ZP,F
13:56:10,UNVR,RG,4750,2,F,RX,PD,D
13:56:00,UNVR,RG,4750,20,F,RX,ZP,F
13:55:38,UNVR,RG,4750,1,F,RX,OD,D
13:55:30,UNVR,RG,4750,27,F,RX,ZP,F
13:55:16,UNVR,RG,4750,1,F,RX,YP,D
13:54:45,UNVR,RG,4760,2,D,ZP,CC,D
13:54:39,UNVR,RG,4750,19,F,RX,ZP,F
13:54:38,UNVR,RG,4750,1,F,RX,OD,D
13:54:23,UNVR,RG,4760,2,D,PD,CC,D
13:54:07,UNVR,RG,4750,20,F,RX,ZP,F
13:54:00,UNVR,RG,4750,47,F,RX,ZP,F
13:53:50,UNVR,RG,4750,4,F,RX,YP,D
13:53:41,UNVR,RG,4750,130,F,RX,XC,D
13:53:38,UNVR,RG,4750,1,F,RX,OD,D
13:53:38,UNVR,RG,4750,19,F,RX,ZP,F
13:53:38,UNVR,RG,4750,10,F,RX,XC,D
13:53:30,UNVR,RG,4750,46,F,RX,ZP,F
13:53:06,UNVR,RG,4750,19,F,RX,ZP,F
13:53:06,UNVR,RG,4760,3,D,YP,CC,D
13:53:06,UNVR,RG,4760,2,D,YP,AK,F
13:53:06,UNVR,RG,4760,5,D,YP,ZP,F
13:53:00,UNVR,RG,4750,50,F,RX,ZP,F
13:52:38,UNVR,RG,4750,19,F,RX,ZP,F
13:52:38,UNVR,RG,4750,2,F,RX,OD,D
13:52:29,UNVR,RG,4750,1,D,PD,ZP,F
13:52:29,UNVR,RG,4750,30,D,PD,ZP,F
13:52:29,UNVR,RG,4750,3,D,XC,ZP,F
13:52:29,UNVR,RG,4750,10,D,YP,ZP,F
13:52:29,UNVR,RG,4750,4,D,XC,ZP,F
13:52:29,UNVR,RG,4750,2,D,YP,ZP,F
13:52:29,UNVR,RG,4750,1,D,DR,ZP,F
13:52:29,UNVR,RG,4750,4,D,CC,ZP,F
13:52:07,UNVR,RG,4750,6,D,CC,ZP,F
13:52:07,UNVR,RG,4750,2,D,YP,ZP,F
13:52:07,UNVR,RG,4750,1,D,YP,ZP,F
13:52:07,UNVR,RG,4750,10,D,YB,ZP,F
13:51:41,UNVR,RG,4750,15,D,YB,ZP,F
13:51:41,UNVR,RG,4750,21,D,LG,ZP,F
13:51:41,UNVR,RG,4750,3,D,YP,ZP,F
13:51:41,UNVR,RG,4750,2,D,YP,ZP,F
13:51:41,UNVR,RG,4750,1,D,XL,ZP,F
13:51:41,UNVR,RG,4750,1,D,YP,ZP,F
13:51:41,UNVR,RG,4750,7,D,YP,ZP,F
13:51:36,UNVR,RG,4750,2,D,YP,XC,D
13:51:36,UNVR,RG,4750,1,D,YP,ZP,F
13:51:36,UNVR,RG,4750,17,D,PD,ZP,F
13:51:36,UNVR,RG,4750,1,D,PD,OD,D
13:51:18,UNVR,RG,4750,2,D,PD,ZP,F
13:51:18,UNVR,RG,4750,1,D,AZ,ZP,F
13:51:18,UNVR,RG,4750,1,D,YP,ZP,F
13:51:18,UNVR,RG,4750,42,D,GR,ZP,F
13:50:56,UNVR,RG,4760,2,D,YP,ZP,F
13:50:48,UNVR,RG,4750,8,D,GR,ZP,F
13:50:48,UNVR,RG,4750,2,D,YP,ZP,F
13:50:48,UNVR,RG,4750,3,D,XL,ZP,F
13:50:48,UNVR,RG,4750,2,D,XL,ZP,F
13:50:48,UNVR,RG,4750,10,F,NI,ZP,F
13:50:48,UNVR,RG,4750,5,D,YP,ZP,F
13:50:48,UNVR,RG,4750,2,D,CC,ZP,F
13:50:48,UNVR,RG,4750,1,D,PD,ZP,F
13:50:48,UNVR,RG,4750,1,D,PD,ZP,F
13:50:48,UNVR,RG,4750,1,D,PD,ZP,F
13:50:48,UNVR,RG,4750,1,D,PD,ZP,F
13:50:48,UNVR,RG,4750,1,D,PD,ZP,F
13:50:48,UNVR,RG,4750,18,D,IF,ZP,F
13:50:40,UNVR,RG,4760,1,D,NI,ZP,F
13:50:36,UNVR,RG,4750,1,D,IF,OD,D
13:50:29,UNVR,RG,4760,25,D,AI,ZP,F
13:50:26,UNVR,RG,4760,3,D,XC,ZP,F
13:50:10,UNVR,RG,4750,31,D,IF,ZP,F
13:50:10,UNVR,RG,4750,5,D,GR,ZP,F
13:50:10,UNVR,RG,4750,23,D,YP,ZP,F
13:50:10,UNVR,RG,4750,18,D,YP,ZP,F
13:50:10,UNVR,RG,4760,13,D,PD,ZP,F
13:50:10,UNVR,RG,4760,1,D,PD,ZP,F
13:50:10,UNVR,RG,4760,48,D,PD,ZP,F
13:50:10,UNVR,RG,4760,2,D,PD,ZP,F
13:50:10,UNVR,RG,4760,20,D,PD,ZP,F
13:50:10,UNVR,RG,4760,16,D,PD,CS,F
13:50:10,UNVR,RG,4760,19,D,PD,ZP,F
13:50:10,UNVR,RG,4760,2,D,PD,BB,F
13:50:10,UNVR,RG,4760,12,D,PD,YP,D
13:50:02,UNVR,RG,4750,14,D,YP,ZP,F
13:50:02,UNVR,RG,4750,5,D,KK,ZP,F
13:50:02,UNVR,RG,4750,5,D,KK,ZP,F
13:50:02,UNVR,RG,4750,3,D,KK,ZP,F
13:50:02,UNVR,RG,4750,6,D,YP,ZP,F
13:50:02,UNVR,RG,4750,1,D,KK,ZP,F
13:50:02,UNVR,RG,4750,3,D,KK,ZP,F
13:50:02,UNVR,RG,4750,38,D,CP,ZP,F
13:50:00,UNVR,RG,4750,19,D,CP,ZP,F
13:50:00,UNVR,RG,4750,60,D,CP,ZP,F
13:49:37,UNVR,RG,4750,1,D,CP,OD,D
13:49:30,UNVR,RG,4750,1,D,CP,OD,D
13:49:17,UNVR,RG,4750,27,D,CP,ZP,F
13:49:17,UNVR,RG,4760,1,D,YP,YP,D
13:49:04,UNVR,RG,4750,1,D,CP,OD,D
13:48:46,UNVR,RG,4750,20,D,CP,HP,D
13:48:38,UNVR,RG,4750,1,D,CP,OD,D
13:48:17,UNVR,RG,4760,1,D,XC,YP,D
13:48:15,UNVR,RG,4760,2,F,AK,YP,D
13:48:14,UNVR,RG,4760,2,F,AK,YP,D
13:48:14,UNVR,RG,4760,10,D,NI,YP,D
13:48:14,UNVR,RG,4760,2,F,AK,YP,D
13:48:14,UNVR,RG,4760,470,D,SQ,YP,D
13:48:12,UNVR,RG,4760,30,D,SQ,YU,F
13:48:12,UNVR,RG,4760,3,D,PD,YU,F
13:48:12,UNVR,RG,4760,1,D,XL,YU,F
13:48:12,UNVR,RG,4760,2,F,AK,YU,F
13:48:12,UNVR,RG,4760,45,F,BK,YU,F
13:48:12,UNVR,RG,4760,10,F,ZP,YU,F
13:48:12,UNVR,RG,4760,122,F,RX,YU,F
13:47:42,UNVR,RG,4760,20,F,RX,YP,D
13:47:23,UNVR,RG,4770,13,F,BK,ZP,D
13:47:06,UNVR,RG,4760,2,F,RX,DP,F
13:47:06,UNVR,RG,4760,2,F,RX,AK,F
13:47:06,UNVR,RG,4760,3,F,RX,AK,F
13:47:06,UNVR,RG,4760,1,F,RX,OD,D
13:47:06,UNVR,RG,4760,169,F,RX,CC,D
13:47:06,UNVR,RG,4760,227,F,RX,CC,D
13:47:06,UNVR,RG,4760,7,F,RX,ZP,F
13:47:06,UNVR,RG,4760,38,F,RX,ZP,F
13:47:06,UNVR,RG,4760,8,F,RX,YP,D
13:47:06,UNVR,RG,4760,22,F,RX,CS,F
13:47:06,UNVR,RG,4760,15,F,RX,CS,F
13:47:06,UNVR,RG,4760,3,F,RX,CS,F
13:47:06,UNVR,RG,4760,39,F,RX,ZP,F
13:47:06,UNVR,RG,4760,10,F,RX,PD,D
13:47:06,UNVR,RG,4760,36,F,RX,CS,F
13:47:06,UNVR,RG,4760,24,F,RX,CS,F
13:47:06,UNVR,RG,4760,7,F,RX,PD,D
13:47:06,UNVR,RG,4760,74,F,RX,CC,D
13:47:06,UNVR,RG,4760,31,F,RX,CS,F
13:47:06,UNVR,RG,4760,31,F,RX,CS,F
13:47:06,UNVR,RG,4760,200,F,RX,CC,D
13:47:06,UNVR,RG,4760,100,F,RX,CC,D
13:47:06,UNVR,RG,4760,4,F,RX,CS,F
13:47:06,UNVR,RG,4760,40,F,RX,CS,F
13:47:06,UNVR,RG,4760,1,F,RX,ZP,F
13:47:06,UNVR,RG,4760,20,F,RX,YP,D
13:47:06,UNVR,RG,4760,1,F,RX,CC,F
13:47:06,UNVR,RG,4760,440,F,RX,BK,F
13:47:06,UNVR,RG,4760,1,F,RX,ZP,F
13:47:06,UNVR,RG,4760,18,F,RX,CS,F
13:47:06,UNVR,RG,4760,16,F,RX,CS,F
13:47:06,UNVR,RG,4760,46,F,RX,CC,D
13:47:06,UNVR,RG,4760,2,F,RX,AK,F
13:47:06,UNVR,RG,4760,20,F,RX,CS,F
13:47:06,UNVR,RG,4760,6,F,RX,CS,F
13:47:06,UNVR,RG,4760,51,F,RX,CC,D
13:47:06,UNVR,RG,4760,4,F,RX,XL,D
13:47:06,UNVR,RG,4760,1,F,RX,ZP,F
13:47:06,UNVR,RG,4760,5,F,RX,CS,F
13:47:06,UNVR,RG,4760,19,F,RX,ZP,F
13:47:06,UNVR,RG,4760,30,F,RX,CS,F
13:47:06,UNVR,RG,4760,28,F,RX,CS,F
13:47:06,UNVR,RG,4760,45,F,RX,CC,D
13:47:06,UNVR,RG,4760,51,F,RX,CC,D
13:47:06,UNVR,RG,4760,1,F,RX,ZP,F
13:47:06,UNVR,RG,4760,4,F,RX,YP,D
13:47:06,UNVR,RG,4760,19,F,RX,ZP,F
13:47:06,UNVR,RG,4760,3,F,RX,BB,F
13:47:06,UNVR,RG,4760,3,F,RX,AK,F
13:47:06,UNVR,RG,4760,2,F,RX,AK,F
13:47:06,UNVR,RG,4760,1,F,RX,DP,F
13:47:06,UNVR,RG,4760,400,F,RX,CC,D
13:47:06,UNVR,RG,4760,27,F,RX,BK,F
13:47:06,UNVR,RG,4750,18,D,CP,ZP,F
13:47:00,UNVR,RG,4750,19,D,CP,ZP,F
13:46:57,UNVR,RG,4750,50,D,CP,ZP,F
13:46:38,UNVR,RG,4750,2,D,CP,OD,D
13:46:35,UNVR,RG,4750,20,D,CP,ZP,F
13:46:30,UNVR,RG,4750,4,D,CP,AK,F
13:46:21,UNVR,RG,4750,49,D,CP,ZP,F
13:46:15,UNVR,RG,4760,205,D,CC,BK,F
13:46:08,UNVR,RG,4750,18,D,CP,ZP,F
13:46:08,UNVR,RG,4760,1,D,XL,BK,F
13:45:40,UNVR,RG,4750,1,D,CP,OD,D
13:45:22,UNVR,RG,4760,133,D,PD,BK,F
13:45:15,UNVR,RG,4750,18,D,CP,ZP,F
13:45:15,UNVR,RG,4750,2,D,CP,AK,F
13:44:40,UNVR,RG,4750,1,D,CP,OD,D
13:44:11,UNVR,RG,4750,18,D,CP,ZP,F
13:43:44,UNVR,RG,4750,1,D,CP,OD,D
13:42:42,UNVR,RG,4750,1,D,CP,OD,D
13:42:29,UNVR,RG,4750,18,D,CP,ZP,F
13:42:29,UNVR,RG,4750,20,D,CP,PD,D
13:42:24,UNVR,RG,4750,18,D,CP,ZP,F
13:42:24,UNVR,RG,4750,5,D,CP,CC,D
13:41:44,UNVR,RG,4750,1,D,CP,OD,D
13:41:39,UNVR,RG,4750,19,D,CP,ZP,F
13:41:24,UNVR,RG,4750,3,D,CP,XL,D
13:41:18,UNVR,RG,4750,19,D,CP,ZP,F
13:41:04,UNVR,RG,4750,91,D,CP,AZ,D
13:40:44,UNVR,RG,4750,1,D,CP,OD,D
13:40:43,UNVR,RG,4760,2,D,DX,BK,F
13:40:36,UNVR,RG,4760,1,D,XL,BK,F
13:40:23,UNVR,RG,4750,18,D,CP,ZP,F
13:40:13,UNVR,RG,4760,2,D,CC,BK,F
13:40:09,UNVR,RG,4760,134,D,PD,BK,F
13:39:59,UNVR,RG,4760,2,D,XC,BK,F
13:39:59,UNVR,RG,4760,1,D,XC,CC,D
13:39:46,UNVR,RG,4750,2,D,CP,OD,D
13:39:45,UNVR,RG,4750,18,D,CP,ZP,F
13:39:19,UNVR,RG,4760,3,D,LG,CC,D
13:39:15,UNVR,RG,4750,19,D,CP,ZP,F
13:39:07,UNVR,RG,4750,1,D,CP,YP,D
13:38:49,UNVR,RG,4750,1,D,CP,NI,D
13:38:48,UNVR,RG,4750,1,D,CP,OD,D
13:38:28,UNVR,RG,4750,18,D,CP,ZP,F
13:37:53,UNVR,RG,4750,107,D,CP,EP,D
13:37:50,UNVR,RG,4750,1,D,CP,OD,D
13:37:09,UNVR,RG,4750,119,D,CP,EP,D
13:36:46,UNVR,RG,4760,196,F,RX,CC,D
13:36:46,UNVR,RG,4760,1,F,RX,ZP,F
13:36:43,UNVR,RG,4760,1,F,RX,ZP,F
13:36:43,UNVR,RG,4760,1,F,RX,ZP,F
13:36:43,UNVR,RG,4760,18,F,RX,ZP,F
13:36:43,UNVR,RG,4760,3,F,RX,BB,F
13:36:43,UNVR,RG,4760,1,F,RX,OD,D
13:36:43,UNVR,RG,4760,1,F,RX,ZP,F
13:36:43,UNVR,RG,4760,18,F,RX,ZP,F
13:36:42,UNVR,RG,4760,2,F,AK,BK,F
13:36:42,UNVR,RG,4760,24,F,RX,BK,F
13:36:36,UNVR,RG,4760,5,F,RX,CS,F
13:36:23,UNVR,RG,4760,133,F,RX,EP,D
13:36:16,UNVR,RG,4770,1,D,PD,ZP,D
13:35:49,UNVR,RG,4760,138,F,RX,EP,D
13:35:49,UNVR,RG,4760,14,F,BK,EP,D
13:35:49,UNVR,RG,4760,20,D,YP,EP,D
13:35:49,UNVR,RG,4760,160,D,SQ,EP,D
13:35:45,UNVR,RG,4770,1,D,YP,ZP,D
13:35:40,UNVR,RG,4770,133,D,PD,ZP,D
13:35:32,UNVR,RG,4770,1,D,XL,ZP,D
13:35:23,UNVR,RG,4760,5,D,SQ,CS,F
13:35:23,UNVR,RG,4760,1,D,SQ,CS,F
13:35:23,UNVR,RG,4760,34,D,SQ,BK,F
13:35:06,UNVR,RG,4760,5,F,RX,CP,D
13:35:06,UNVR,RG,4760,5,F,RX,ZP,F
13:35:06,UNVR,RG,4760,4,F,RX,ZP,F
13:35:06,UNVR,RG,4760,3,F,RX,ZP,F
13:35:06,UNVR,RG,4760,19,F,RX,ZP,F
13:35:06,UNVR,RG,4760,9,F,RX,CS,F
13:35:06,UNVR,RG,4760,79,F,RX,AK,F
13:35:06,UNVR,RG,4760,20,F,RX,ZP,F
13:35:06,UNVR,RG,4760,3,F,RX,CS,F
13:35:06,UNVR,RG,4760,1,F,RX,OD,D
13:35:06,UNVR,RG,4760,12,F,RX,BK,F
13:35:02,UNVR,RG,4760,1,D,DR,BK,F
13:35:02,UNVR,RG,4760,2,D,PD,BK,F
13:35:02,UNVR,RG,4760,18,D,YP,BK,F
13:35:01,UNVR,RG,4760,12,D,YP,ZP,F
13:35:00,UNVR,RG,4760,18,D,YP,CS,F
13:35:00,UNVR,RG,4760,57,D,YP,SQ,D
13:35:00,UNVR,RG,4760,50,D,YP,SQ,D
13:35:00,UNVR,RG,4760,20,F,ZP,SQ,D
13:35:00,UNVR,RG,4760,2,F,AK,SQ,D
13:35:00,UNVR,RG,4760,50,D,NI,SQ,D
13:35:00,UNVR,RG,4760,1,D,XC,SQ,D
13:35:00,UNVR,RG,4760,2,F,AK,SQ,D
13:35:00,UNVR,RG,4760,15,F,BK,SQ,D
13:35:00,UNVR,RG,4760,1,D,PD,SQ,D
13:35:00,UNVR,RG,4760,200,F,RX,SQ,D
13:35:00,UNVR,RG,4760,13,F,BK,SQ,D
13:35:00,UNVR,RG,4760,3,F,AK,SQ,D
13:35:00,UNVR,RG,4760,2,D,OD,SQ,D
13:35:00,UNVR,RG,4760,2,D,OD,SQ,D
13:35:00,UNVR,RG,4760,10,D,XC,SQ,D
13:35:00,UNVR,RG,4760,5,D,CC,SQ,D
13:35:00,UNVR,RG,4760,2,D,XC,SQ,D
13:35:00,UNVR,RG,4760,4,D,XC,SQ,D
13:35:00,UNVR,RG,4760,1,D,XC,SQ,D
13:35:00,UNVR,RG,4760,1,D,XC,SQ,D
13:35:00,UNVR,RG,4760,1,D,XC,SQ,D
13:35:00,UNVR,RG,4760,35,D,CC,SQ,D
13:35:00,UNVR,RG,4760,1,D,XL,SQ,D
13:35:00,UNVR,RG,4760,1,D,CC,SQ,D
13:35:00,UNVR,RG,4760,21,D,PD,SQ,D
13:35:00,UNVR,RG,4760,1,D,YP,SQ,D
13:35:00,UNVR,RG,4760,42,D,YP,SQ,D
13:35:00,UNVR,RG,4760,14,F,YU,SQ,D
13:35:00,UNVR,RG,4760,1,D,CC,SQ,D
13:35:00,UNVR,RG,4760,1,D,CC,SQ,D
13:35:00,UNVR,RG,4760,7,D,YP,SQ,D
13:35:00,UNVR,RG,4760,9,D,YP,SQ,D
13:35:00,UNVR,RG,4760,4,D,PD,SQ,D
13:35:00,UNVR,RG,4760,20,D,SQ,SQ,D
13:35:00,UNVR,RG,4760,63,D,YP,SQ,D
13:35:00,UNVR,RG,4760,1,D,KK,SQ,D
13:35:00,UNVR,RG,4760,20,D,SQ,SQ,D
13:35:00,UNVR,RG,4760,2,D,BQ,SQ,D
13:35:00,UNVR,RG,4760,1,D,NI,SQ,D
13:35:00,UNVR,RG,4760,7,D,EP,SQ,D
13:35:00,UNVR,RG,4760,1,D,DR,SQ,D
13:35:00,UNVR,RG,4760,1,D,AZ,SQ,D
13:35:00,UNVR,RG,4760,2,D,RO,SQ,D
13:35:00,UNVR,RG,4760,1,D,KK,SQ,D
13:35:00,UNVR,RG,4760,200,F,RX,SQ,D
13:35:00,UNVR,RG,4760,1,D,NI,SQ,D
13:35:00,UNVR,RG,4760,101,F,RX,SQ,D
13:34:52,UNVR,RG,4760,1,F,RX,OD,D
13:34:36,UNVR,RG,4760,19,F,RX,ZP,F
13:34:32,UNVR,RG,4770,205,D,CC,ZP,D
13:34:10,UNVR,RG,4760,1,F,RX,XC,D
13:34:00,UNVR,RG,4760,4,F,RX,DP,F
13:34:00,UNVR,RG,4760,50,F,RX,AI,D
13:33:58,UNVR,RG,4760,24,F,RX,DR,D
13:33:58,UNVR,RG,4760,72,D,YP,DR,D
13:33:58,UNVR,RG,4760,30,D,KK,DR,D
13:33:58,UNVR,RG,4760,1,D,YP,DR,D
13:33:58,UNVR,RG,4760,3,D,NI,DR,D
13:33:58,UNVR,RG,4760,3,D,LG,DR,D
13:33:58,UNVR,RG,4760,2,D,CC,DR,D
13:33:58,UNVR,RG,4760,1,D,XC,DR,D
13:33:58,UNVR,RG,4760,1,D,AO,DR,D
13:33:58,UNVR,RG,4760,4,F,ZP,DR,D
13:33:58,UNVR,RG,4760,1,D,AZ,DR,D
13:33:58,UNVR,RG,4760,108,D,YP,DR,D
13:33:50,UNVR,RG,4760,2,D,YP,OD,D
13:33:40,UNVR,RG,4760,19,D,YP,ZP,F
13:33:40,UNVR,RG,4760,68,D,YP,CS,F
13:33:40,UNVR,RG,4760,100,D,YP,CC,D
13:33:35,UNVR,RG,4760,100,D,YP,CC,D
13:33:22,UNVR,RG,4760,2,D,YP,ZP,F
13:33:22,UNVR,RG,4760,2,D,PD,ZP,F
13:33:22,UNVR,RG,4760,16,D,XC,ZP,F
13:32:54,UNVR,RG,4760,1,D,XC,OD,D
13:32:51,UNVR,RG,4760,3,D,XC,XL,D
13:32:51,UNVR,RG,4760,13,F,ZP,XL,D
13:32:51,UNVR,RG,4760,9,D,EP,XL,D
13:32:32,UNVR,RG,4760,5,D,EP,ZP,F
13:31:54,UNVR,RG,4760,1,D,EP,OD,D
13:31:39,UNVR,RG,4760,10,D,EP,CC,D
13:31:39,UNVR,RG,4760,20,D,PD,CC,D
13:31:39,UNVR,RG,4760,2,D,XC,CC,D
13:31:39,UNVR,RG,4760,1,D,XC,CC,D
13:31:39,UNVR,RG,4760,67,D,YP,CC,D
13:31:35,UNVR,RG,4760,33,D,YP,CC,D
13:31:35,UNVR,RG,4760,3,D,YP,CC,D
13:31:35,UNVR,RG,4760,64,D,AG,CC,D
13:31:28,UNVR,RG,4770,1,D,CC,ZP,D
13:30:34,UNVR,RG,4770,133,D,PD,ZP,D
13:30:22,UNVR,RG,4760,5,D,AG,ZP,F
13:30:05,UNVR,RG,4770,39,D,BQ,ZP,D
13:30:04,UNVR,RG,4760,16,D,AG,AK,F
13:30:04,UNVR,RG,4760,3,D,CP,AK,F
13:30:04,UNVR,RG,4760,2,D,BQ,AK,F
13:30:04,UNVR,RG,4760,4,D,OD,AK,F
13:30:04,UNVR,RG,4760,1,F,BK,AK,F
13:30:04,UNVR,RG,4760,53,F,RX,AK,F
13:30:04,UNVR,RG,4760,6,F,RX,AK,F
13:30:03,UNVR,RG,4760,2,F,RX,OD,D
13:30:03,UNVR,RG,4760,2,F,RX,XC,D
13:30:03,UNVR,RG,4760,1,F,RX,OD,D
13:30:03,UNVR,RG,4760,5,F,RX,XC,D
13:30:03,UNVR,RG,4770,6,F,AK,ZP,D
13:30:03,UNVR,RG,4770,2,D,CC,ZP,D
13:30:03,UNVR,RG,4770,1,D,XL,ZP,D
13:30:03,UNVR,RG,4770,2,D,XC,ZP,D
13:30:02,UNVR,RG,4760,1,F,RX,XC,D
13:30:02,UNVR,RG,4760,1,F,RX,XC,D
13:30:02,UNVR,RG,4760,2,F,RX,XC,D
13:30:02,UNVR,RG,4770,11,D,XC,ZP,D
13:30:02,UNVR,RG,4760,1,F,RX,XC,D
13:30:02,UNVR,RG,4760,1,F,RX,YP,D
13:30:02,UNVR,RG,4770,1,D,XL,ZP,D
13:30:02,UNVR,RG,4760,20,F,RX,XL,D
13:30:01,UNVR,RG,4770,1,D,PD,ZP,D
13:30:01,UNVR,RG,4770,2,D,PD,ZP,D
13:30:01,UNVR,RG,4770,1,D,PD,ZP,D
13:30:01,UNVR,RG,4760,75,F,RX,LG,D
13:30:01,UNVR,RG,4770,1,D,PD,ZP,D
13:30:01,UNVR,RG,4770,1,D,PD,ZP,D
13:30:01,UNVR,RG,4760,21,F,RX,YP,D
13:30:01,UNVR,RG,4770,5,D,PD,ZP,D
13:30:01,UNVR,RG,4760,4,F,RX,PD,D
13:30:01,UNVR,RG,4760,1,F,RX,PD,D
13:30:01,UNVR,RG,4760,4,F,RX,PD,D
13:30:01,UNVR,RG,4760,1,D,CC,PD,D
13:30:01,UNVR,RG,4760,1,D,AT,GR,D
13:30:01,UNVR,RG,4760,13,F,RX,GR,D
13:30:01,UNVR,RG,4760,1,F,RX,YP,D
13:30:00,UNVR,RG,4760,1,F,RX,EP,D
13:30:00,UNVR,RG,4760,27,F,RX,CP,D
13:30:00,UNVR,RG,4760,18,F,RX,SQ,D
13:30:00,UNVR,RG,4760,24,F,RX,CP,D
11:29:47,UNVR,RG,4760,1,F,RX,AK,F
11:29:35,UNVR,RG,4760,1,F,RX,PD,D
11:29:27,UNVR,RG,4760,18,F,RX,ZP,F
11:29:22,UNVR,RG,4760,18,F,RX,ZP,F
11:29:22,UNVR,RG,4760,1,F,RX,OD,D
11:28:29,UNVR,RG,4760,4,F,RX,BB,F
11:28:22,UNVR,RG,4760,1,F,RX,OD,D
11:28:17,UNVR,RG,4760,2,F,RX,AK,F
11:28:10,UNVR,RG,4760,19,F,RX,ZP,F
11:28:10,UNVR,RG,4760,27,F,RX,ZP,F
11:27:27,UNVR,RG,4760,19,F,RX,ZP,F
11:27:08,UNVR,RG,4760,5,F,RX,ZP,F
11:27:08,UNVR,RG,4760,14,F,BK,ZP,F
11:27:07,UNVR,RG,4770,125,D,PD,ZP,D
11:27:01,UNVR,RG,4760,1,F,RX,CC,D
11:27:00,UNVR,RG,4760,19,F,RX,ZP,F
11:26:57,UNVR,RG,4760,5,F,RX,ZP,F
11:26:47,UNVR,RG,4760,2,F,RX,AK,F
11:26:45,UNVR,RG,4770,3,F,AK,ZP,D
11:26:37,UNVR,RG,4770,14,F,BK,ZP,D
11:26:22,UNVR,RG,4760,1,F,RX,OD,D
11:26:17,UNVR,RG,4760,19,F,RX,ZP,F
11:26:02,UNVR,RG,4760,1,F,RX,AK,F
11:25:45,UNVR,RG,4770,1,F,AK,ZP,D
11:25:39,UNVR,RG,4760,18,F,RX,ZP,F
11:25:39,UNVR,RG,4760,10,F,RX,PD,D
11:25:29,UNVR,RG,4760,1,F,RX,AK,F
11:25:29,UNVR,RG,4760,10,F,RX,BB,F
11:25:22,UNVR,RG,4760,1,F,RX,OD,D
11:25:09,UNVR,RG,4760,19,F,RX,ZP,F
11:24:47,UNVR,RG,4760,1,F,RX,AK,F
11:24:45,UNVR,RG,4770,1,F,AK,ZP,D
11:24:29,UNVR,RG,4760,18,F,RX,ZP,F
11:24:02,UNVR,RG,4760,28,F,RX,ZP,F
11:24:01,UNVR,RG,4770,14,F,BK,ZP,D
11:23:47,UNVR,RG,4760,1,F,RX,AK,F
11:23:24,UNVR,RG,4760,1,F,RX,OD,D
11:23:23,UNVR,RG,4760,19,F,RX,ZP,F
11:23:23,UNVR,RG,4760,50,F,RX,EP,D
11:23:05,UNVR,RG,4760,2,F,RX,PD,D
11:22:51,UNVR,RG,4760,19,F,RX,ZP,F
11:22:48,UNVR,RG,4760,19,F,RX,ZP,F
11:22:48,UNVR,RG,4770,124,D,PD,ZP,D
11:22:28,UNVR,RG,4760,1,F,RX,OD,D
11:22:25,UNVR,RG,4760,18,F,RX,ZP,F
11:22:25,UNVR,RG,4760,10,F,RX,BB,F
11:21:46,UNVR,RG,4760,1,F,RX,XC,D
11:21:30,UNVR,RG,4760,3,F,RX,AK,F
11:21:30,UNVR,RG,4760,2,F,RX,ZP,F
11:21:30,UNVR,RG,4760,6,F,BK,ZP,F
11:21:30,UNVR,RG,4760,5,D,LG,ZP,F
11:21:30,UNVR,RG,4760,7,D,OD,ZP,F
11:21:20,UNVR,RG,4760,18,D,OD,ZP,F
11:21:20,UNVR,RG,4760,19,D,OD,ZP,F
11:21:05,UNVR,RG,4760,19,D,OD,ZP,F
11:21:00,UNVR,RG,4770,15,F,BK,ZP,D
11:20:59,UNVR,RG,4760,36,D,OD,ZP,F
11:20:34,UNVR,RG,4760,1,D,OD,CC,D
11:20:34,UNVR,RG,4760,1,F,AK,CC,D
11:20:26,UNVR,RG,4760,1,F,AK,OD,D
11:20:24,UNVR,RG,4760,2,F,AK,ZP,F
11:20:24,UNVR,RG,4760,17,D,XC,ZP,F
11:20:24,UNVR,RG,4770,253,D,CC,ZP,D
11:20:08,UNVR,RG,4760,20,D,XC,CC,D
11:19:38,UNVR,RG,4760,50,D,XC,PD,D
11:19:26,UNVR,RG,4760,18,D,XC,ZP,F
11:19:26,UNVR,RG,4760,1,D,XC,OD,D
11:19:24,UNVR,RG,4760,19,D,XC,ZP,F
11:19:23,UNVR,RG,4760,7,D,XC,BB,F
11:19:22,UNVR,RG,4760,18,D,XC,ZP,F
11:19:03,UNVR,RG,4760,18,D,XC,ZP,F
11:19:00,UNVR,RG,4760,18,D,XC,ZP,F
11:18:45,UNVR,RG,4770,2,F,AK,ZP,D
11:18:26,UNVR,RG,4760,1,D,XC,OD,D
11:18:17,UNVR,RG,4760,27,D,XC,ZP,F
11:17:45,UNVR,RG,4770,1,F,AK,ZP,D
11:17:24,UNVR,RG,4760,19,D,XC,ZP,F
11:17:24,UNVR,RG,4770,14,F,BK,ZP,D
11:17:18,UNVR,RG,4770,124,D,PD,ZP,D
11:17:17,UNVR,RG,4760,18,D,XC,ZP,F
11:17:00,UNVR,RG,4770,1,F,AK,ZP,D
11:16:54,UNVR,RG,4770,6,D,XC,ZP,D
11:16:37,UNVR,RG,4760,18,D,XC,ZP,F
11:16:26,UNVR,RG,4760,1,D,XC,OD,D
11:16:16,UNVR,RG,4760,5,D,XC,BB,F
11:16:15,UNVR,RG,4760,19,D,XC,ZP,F
11:16:15,UNVR,RG,4760,18,D,XC,ZP,F
11:16:15,UNVR,RG,4770,1,F,AK,ZP,D
11:15:29,UNVR,RG,4760,7,D,XC,AK,F
11:15:28,UNVR,RG,4760,1,D,XC,OD,D
11:15:15,UNVR,RG,4770,1,F,AK,ZP,D
11:15:01,UNVR,RG,4760,300,D,XC,CC,D
11:14:34,UNVR,RG,4760,1,D,XC,PD,D
11:14:34,UNVR,RG,4770,7,F,BK,ZP,D
11:14:09,UNVR,RG,4770,10,D,YP,ZP,D
11:14:00,UNVR,RG,4770,1,F,AK,ZP,D
11:13:32,UNVR,RG,4760,1,D,XC,OD,D
11:13:30,UNVR,RG,4760,20,D,XC,ZP,F
11:13:30,UNVR,RG,4760,19,D,XC,ZP,F
11:13:20,UNVR,RG,4760,19,D,XC,ZP,F
11:13:03,UNVR,RG,4760,4,D,XC,BB,F
11:12:34,UNVR,RG,4760,1,D,XC,OD,D
11:12:13,UNVR,RG,4760,18,D,XC,ZP,F
11:12:08,UNVR,RG,4760,19,D,XC,ZP,F
11:12:08,UNVR,RG,4770,125,D,PD,ZP,D
11:11:37,UNVR,RG,4760,2,D,XC,ZP,F
11:11:37,UNVR,RG,4760,5,D,DR,ZP,F
11:11:37,UNVR,RG,4760,1,D,GR,ZP,F
11:11:37,UNVR,RG,4760,2,D,XC,ZP,F
11:11:37,UNVR,RG,4760,1,F,ZP,ZP,F
11:11:37,UNVR,RG,4760,1,D,YP,ZP,F
11:11:37,UNVR,RG,4760,4,F,BK,ZP,F
11:11:37,UNVR,RG,4760,21,D,YP,ZP,F
11:11:36,UNVR,RG,4760,1,D,YP,OD,D
11:11:15,UNVR,RG,4760,8,D,YP,ZP,F
11:11:15,UNVR,RG,4760,1,D,XL,ZP,F
11:11:15,UNVR,RG,4760,1,D,PD,ZP,F
11:11:15,UNVR,RG,4760,1,D,XL,ZP,F
11:11:15,UNVR,RG,4760,7,F,ZP,ZP,F
11:11:15,UNVR,RG,4770,2,F,AK,ZP,D
11:11:12,UNVR,RG,4760,3,F,ZP,ZP,F
11:11:12,UNVR,RG,4760,16,D,YP,ZP,F
11:11:12,UNVR,RG,4760,39,D,YP,ZP,F
11:10:51,UNVR,RG,4770,1,D,PD,ZP,D
11:10:47,UNVR,RG,4760,3,D,YP,SQ,D
11:10:36,UNVR,RG,4760,1,D,YP,OD,D
11:09:39,UNVR,RG,4760,18,D,YP,ZP,F
11:09:38,UNVR,RG,4760,1,D,YP,OD,D
11:08:40,UNVR,RG,4760,1,D,YP,OD,D
11:08:30,UNVR,RG,4760,20,D,YP,ZP,F
11:08:23,UNVR,RG,4760,1,D,YP,ZP,F
11:08:23,UNVR,RG,4760,1,F,OD,ZP,F
11:08:23,UNVR,RG,4760,16,D,PD,ZP,F
11:07:59,UNVR,RG,4760,1,D,PD,PD,D
11:07:33,UNVR,RG,4770,124,D,PD,ZP,D
11:07:28,UNVR,RG,4760,3,D,PD,ZP,F
11:07:28,UNVR,RG,4760,16,F,BK,ZP,F
11:07:24,UNVR,RG,4760,8,F,BK,ZP,F
11:07:24,UNVR,RG,4760,1,F,AK,ZP,F
11:07:24,UNVR,RG,4760,1,D,PD,ZP,F
11:07:24,UNVR,RG,4760,5,D,XC,ZP,F
11:07:24,UNVR,RG,4760,3,D,PD,ZP,F
11:07:24,UNVR,RG,4760,8,D,PD,ZP,F
11:07:24,UNVR,RG,4760,1,D,CC,ZP,F
11:07:24,UNVR,RG,4760,2,D,XC,ZP,F
11:07:24,UNVR,RG,4760,3,D,PD,ZP,F
11:07:24,UNVR,RG,4760,1,D,PD,ZP,F
11:07:24,UNVR,RG,4760,1,F,AK,ZP,F
11:07:24,UNVR,RG,4760,1,D,XC,ZP,F
11:07:24,UNVR,RG,4760,2,D,YP,ZP,F
11:06:50,UNVR,RG,4770,15,F,BK,ZP,D
11:06:47,UNVR,RG,4760,1,D,YP,XC,D
11:06:42,UNVR,RG,4760,1,D,YP,OD,D
11:06:30,UNVR,RG,4760,19,D,YP,ZP,F
11:06:22,UNVR,RG,4760,18,D,YP,ZP,F
11:06:22,UNVR,RG,4760,9,D,YP,ZP,F
11:06:22,UNVR,RG,4760,10,D,TF,ZP,F
11:06:22,UNVR,RG,4760,1,D,TF,PD,D
11:06:00,UNVR,RG,4760,5,D,TF,XC,D
11:05:40,UNVR,RG,4760,1,D,TF,OD,D
11:05:33,UNVR,RG,4760,3,D,TF,ZP,F
11:05:33,UNVR,RG,4760,11,D,YB,ZP,F
11:05:33,UNVR,RG,4760,5,D,LG,ZP,F
11:05:33,UNVR,RG,4770,3,D,PD,ZP,D
11:05:30,UNVR,RG,4760,18,D,LG,ZP,F
11:05:22,UNVR,RG,4760,19,D,LG,ZP,F
11:05:07,UNVR,RG,4760,8,D,LG,ZP,F
11:05:07,UNVR,RG,4760,1,D,XL,ZP,F
11:05:07,UNVR,RG,4760,7,D,PD,ZP,F
11:05:07,UNVR,RG,4760,2,D,DR,ZP,F
11:04:57,UNVR,RG,4770,2,D,XL,ZP,D
11:04:52,UNVR,RG,4760,8,D,DR,ZP,F
11:04:52,UNVR,RG,4760,1,D,YP,ZP,F
11:04:52,UNVR,RG,4760,5,D,XC,ZP,F
11:04:52,UNVR,RG,4760,1,D,PD,ZP,F
11:04:52,UNVR,RG,4760,21,F,RX,ZP,F
11:04:45,UNVR,RG,4760,19,F,RX,ZP,F
11:04:40,UNVR,RG,4760,1,F,RX,OD,D
11:04:27,UNVR,RG,4770,3,F,AK,ZP,D
11:04:27,UNVR,RG,4770,13,F,BK,ZP,D
11:04:10,UNVR,RG,4760,18,F,RX,ZP,F
11:03:42,UNVR,RG,4760,1,F,RX,OD,D
11:03:37,UNVR,RG,4760,27,F,RX,ZP,F
11:02:45,UNVR,RG,4760,64,F,RX,AK,F
11:02:44,UNVR,RG,4760,1,F,RX,OD,D
11:02:30,UNVR,RG,4760,29,F,RX,ZP,F
11:02:09,UNVR,RG,4770,124,D,PD,ZP,D
11:01:46,UNVR,RG,4760,1,F,RX,OD,D
11:01:24,UNVR,RG,4770,1,D,OD,ZP,D
11:01:22,UNVR,RG,4760,19,F,RX,ZP,F
11:00:55,UNVR,RG,4760,28,F,RX,ZP,F
11:00:30,UNVR,RG,4760,30,F,RX,ZP,F
11:00:21,UNVR,RG,4760,20,F,RX,ZP,F
11:00:14,UNVR,RG,4760,21,F,RX,NI,D
11:00:14,UNVR,RG,4760,79,F,RX,NI,D
11:00:09,UNVR,RG,4760,13,F,RX,OD,D
11:00:05,UNVR,RG,4760,68,F,RX,OD,D
11:00:00,UNVR,RG,4770,1,D,KK,ZP,D
10:59:44,UNVR,RG,4770,2,F,AK,ZP,D
10:59:44,UNVR,RG,4760,19,F,RX,ZP,F
10:59:44,UNVR,RG,4760,1,F,RX,OD,D
10:59:17,UNVR,RG,4760,18,F,RX,ZP,F
10:59:17,UNVR,RG,4760,19,F,RX,ZP,F
10:59:02,UNVR,RG,4760,18,F,RX,ZP,F
10:58:42,UNVR,RG,4760,1,F,RX,OD,D
10:58:37,UNVR,RG,4760,29,F,RX,ZP,F
10:58:17,UNVR,RG,4760,27,F,RX,ZP,F
10:58:00,UNVR,RG,4760,49,F,RX,ZP,F
10:57:42,UNVR,RG,4770,37,F,BK,ZP,D
10:57:42,UNVR,RG,4770,14,F,ZP,ZP,D
10:57:16,UNVR,RG,4770,1,F,ZP,AK,F
10:57:16,UNVR,RG,4770,1,F,BK,DR,D
10:57:16,UNVR,RG,4770,1,F,BK,DP,F
10:57:16,UNVR,RG,4770,1,F,BK,OD,D
10:57:16,UNVR,RG,4770,4,F,BK,ZP,F
10:57:16,UNVR,RG,4770,14,F,BK,CS,F
10:57:16,UNVR,RG,4770,40,F,BK,CS,F
10:57:16,UNVR,RG,4770,30,F,BK,ZP,F
10:57:16,UNVR,RG,4770,18,F,BK,ZP,F
10:57:16,UNVR,RG,4770,1,F,BK,ZP,F
10:57:16,UNVR,RG,4770,19,F,BK,ZP,F
10:57:16,UNVR,RG,4770,23,F,BK,BB,F
10:57:16,UNVR,RG,4770,4,F,BK,ZP,F
10:57:16,UNVR,RG,4770,6,F,BK,XC,D
10:57:16,UNVR,RG,4770,39,F,BK,CS,F
10:57:16,UNVR,RG,4770,31,F,BK,CS,F
10:57:16,UNVR,RG,4770,19,F,BK,ZP,F
10:57:16,UNVR,RG,4770,1,F,BK,YP,D
10:57:16,UNVR,RG,4770,1,F,BK,ZP,F
10:57:16,UNVR,RG,4770,22,F,BK,CS,F
10:57:16,UNVR,RG,4770,18,F,BK,CS,F
10:57:16,UNVR,RG,4770,7,F,BK,CS,F
10:57:16,UNVR,RG,4770,7,F,BK,CS,F
10:57:16,UNVR,RG,4770,3,F,BK,PD,D
10:57:16,UNVR,RG,4770,1,F,BK,ZP,F
10:57:16,UNVR,RG,4770,25,F,BK,NI,D
10:57:16,UNVR,RG,4770,27,F,BK,BK,F
10:57:16,UNVR,RG,4770,1,F,BK,DP,F
10:57:16,UNVR,RG,4770,9,F,BK,CS,F
10:57:16,UNVR,RG,4770,4,F,BK,CS,F
10:57:16,UNVR,RG,4770,2,F,BK,AK,F
10:57:16,UNVR,RG,4770,5,F,BK,AK,F
10:57:16,UNVR,RG,4770,29,F,BK,CS,F
10:57:16,UNVR,RG,4770,512,F,BK,EP,D
10:57:16,UNVR,RG,4770,410,D,CC,EP,D
10:57:10,UNVR,RG,4760,19,F,RX,ZP,F
10:57:10,UNVR,RG,4770,124,D,PD,EP,D
10:56:42,UNVR,RG,4760,1,F,RX,OD,D
10:56:32,UNVR,RG,4760,9,F,RX,AK,F
10:56:15,UNVR,RG,4760,19,F,RX,ZP,F
10:56:15,UNVR,RG,4770,6,F,BK,EP,D
10:55:42,UNVR,RG,4760,1,F,RX,OD,D
10:55:28,UNVR,RG,4770,15,F,BK,EP,D
10:55:17,UNVR,RG,4760,1,F,RX,XL,D
10:55:15,UNVR,RG,4760,19,F,RX,ZP,F
10:54:49,UNVR,RG,4760,29,F,RX,ZP,F
10:54:44,UNVR,RG,4760,1,F,RX,OD,D
10:54:15,UNVR,RG,4760,19,F,RX,ZP,F
10:53:42,UNVR,RG,4760,1,F,RX,OD,D
10:53:19,UNVR,RG,4760,3,F,RX,XC,D
10:52:47,UNVR,RG,4770,13,F,BK,EP,D
10:52:26,UNVR,RG,4770,10,D,AZ,EP,D
10:52:06,UNVR,RG,4770,18,D,PD,EP,D
10:52:06,UNVR,RG,4770,1,D,PD,ZP,F
10:52:06,UNVR,RG,4770,1,D,PD,AK,F
10:52:06,UNVR,RG,4770,30,D,PD,CS,F
10:52:06,UNVR,RG,4770,1,D,PD,ZP,F
10:52:06,UNVR,RG,4770,49,D,PD,ZP,F
10:52:06,UNVR,RG,4770,19,D,PD,ZP,F
10:52:06,UNVR,RG,4770,4,D,PD,BB,F
10:52:06,UNVR,RG,4770,2,D,PD,ZP,F
10:52:01,UNVR,RG,4760,37,F,RX,YP,D
10:52:01,UNVR,RG,4760,108,D,EP,YP,D
10:51:40,UNVR,RG,4760,1,D,EP,OD,D
10:51:12,UNVR,RG,4760,1,D,EP,XL,D
10:51:12,UNVR,RG,4760,13,D,EP,ZP,F
10:51:12,UNVR,RG,4760,1,D,KK,ZP,F
10:51:12,UNVR,RG,4760,1,D,XL,ZP,F
10:51:12,UNVR,RG,4760,3,D,PD,ZP,F
10:50:42,UNVR,RG,4760,1,D,PD,OD,D
10:50:39,UNVR,RG,4760,1,D,PD,CD,D
10:50:28,UNVR,RG,4760,1,D,XL,SQ,D
10:50:28,UNVR,RG,4760,3,F,AK,SQ,D
10:50:12,UNVR,RG,4760,2,F,AK,ZP,F
10:50:12,UNVR,RG,4760,18,D,PD,ZP,F
10:50:00,UNVR,RG,4770,1,F,AK,ZP,F
10:49:44,UNVR,RG,4760,1,D,PD,OD,D
10:49:14,UNVR,RG,4770,1,D,XL,ZP,F
10:49:13,UNVR,RG,4760,13,D,PD,ZP,F
10:49:13,UNVR,RG,4760,1,D,CC,ZP,F
10:49:13,UNVR,RG,4760,1,F,ZP,ZP,F
10:49:13,UNVR,RG,4760,4,D,AI,ZP,F
10:48:42,UNVR,RG,4760,18,D,AI,ZP,F
10:48:42,UNVR,RG,4760,1,D,AI,OD,D
10:48:31,UNVR,RG,4760,1,D,AI,YP,D
10:47:42,UNVR,RG,4760,1,D,AI,OD,D
10:47:32,UNVR,RG,4770,1,D,XC,ZP,F
10:47:10,UNVR,RG,4760,28,D,AI,ZP,F
10:47:10,UNVR,RG,4770,44,D,PD,ZP,F
10:47:10,UNVR,RG,4770,19,D,PD,ZP,F
10:47:10,UNVR,RG,4770,61,D,PD,YP,D
10:47:09,UNVR,RG,4760,19,D,AI,ZP,F
10:46:44,UNVR,RG,4760,1,D,AI,OD,D
10:46:22,UNVR,RG,4760,18,D,AI,ZP,F
10:46:02,UNVR,RG,4760,9,D,AI,ZP,F
10:46:02,UNVR,RG,4760,1,D,PD,ZP,F
10:46:02,UNVR,RG,4760,8,D,YP,ZP,F
10:46:00,UNVR,RG,4760,2,D,YP,ZP,F
10:46:00,UNVR,RG,4760,1,D,AZ,ZP,F
10:46:00,UNVR,RG,4760,1,D,KK,ZP,F
10:46:00,UNVR,RG,4760,3,D,YP,ZP,F
10:46:00,UNVR,RG,4760,1,D,YP,ZP,F
10:46:00,UNVR,RG,4760,11,D,GR,ZP,F
10:45:27,UNVR,RG,4770,1,D,PD,YP,D
10:45:10,UNVR,RG,4760,19,D,GR,ZP,F
10:44:56,UNVR,RG,4770,200,D,SQ,YP,D
10:44:56,UNVR,RG,4770,1,F,ZP,YP,D
10:44:44,UNVR,RG,4770,1,F,ZP,OD,D
10:44:40,UNVR,RG,4780,23,D,SQ,CS,F
10:44:40,UNVR,RG,4780,2,D,SQ,CC,D
10:44:40,UNVR,RG,4780,4,D,SQ,BQ,D
10:44:40,UNVR,RG,4780,2,D,SQ,PD,D
10:44:40,UNVR,RG,4780,3,D,SQ,SQ,D
10:44:40,UNVR,RG,4780,1,D,SQ,XC,D
10:44:40,UNVR,RG,4780,4,D,SQ,AK,F
10:44:40,UNVR,RG,4780,161,D,SQ,BK,F
10:43:57,UNVR,RG,4780,1,D,BQ,BK,F
10:43:21,UNVR,RG,4780,1,D,NI,BK,F
10:42:57,UNVR,RG,4780,1,D,PD,YP,D
10:42:56,UNVR,RG,4770,1,D,PD,OD,D
10:42:56,UNVR,RG,4770,1,D,PD,ZP,F
10:42:56,UNVR,RG,4770,10,D,PD,HP,D
10:42:56,UNVR,RG,4770,1,D,PD,YP,D
10:42:56,UNVR,RG,4770,1,D,PD,NI,D
10:42:56,UNVR,RG,4770,2,D,PD,ZP,F
10:42:56,UNVR,RG,4770,19,D,PD,ZP,F
10:42:56,UNVR,RG,4770,39,D,PD,ZP,F
10:42:56,UNVR,RG,4770,13,D,PD,CS,F
10:42:56,UNVR,RG,4770,20,D,PD,ZP,F
10:42:56,UNVR,RG,4770,16,D,PD,ZP,F
10:42:42,UNVR,RG,4760,10,D,GR,XL,D
10:42:38,UNVR,RG,4760,1,D,GR,OD,D
10:42:27,UNVR,RG,4770,4,D,BQ,ZP,F
10:42:15,UNVR,RG,4760,19,D,GR,ZP,F
10:41:43,UNVR,RG,4760,18,D,GR,ZP,F
10:41:39,UNVR,RG,4770,2,D,KK,ZP,F
10:41:38,UNVR,RG,4770,1,F,OD,ZP,F
10:41:38,UNVR,RG,4770,4,F,ZP,ZP,F
10:41:38,UNVR,RG,4770,1,D,PD,ZP,F
10:41:38,UNVR,RG,4770,1,D,PD,OD,D
10:40:23,UNVR,RG,4770,1,F,CC,ZP,F
10:40:23,UNVR,RG,4770,13,F,BK,ZP,F
10:40:23,UNVR,RG,4770,5,F,RX,ZP,F
10:40:23,UNVR,RG,4770,9,F,RX,XC,D
10:39:39,UNVR,RG,4770,45,F,RX,YU,F
10:39:29,UNVR,RG,4770,38,F,RX,ZP,F
10:39:29,UNVR,RG,4770,3,F,RX,AK,F
10:39:27,UNVR,RG,4770,3,D,NI,AK,F
10:39:27,UNVR,RG,4770,1,D,NI,ZP,F
10:39:27,UNVR,RG,4770,5,D,NI,BB,F
10:39:27,UNVR,RG,4760,53,D,GR,PD,D
10:39:27,UNVR,RG,4760,2,F,AK,PD,D
10:39:27,UNVR,RG,4760,14,F,BK,PD,D
10:39:27,UNVR,RG,4760,11,D,BQ,PD,D
10:39:27,UNVR,RG,4760,2,D,YU,PD,D
10:39:27,UNVR,RG,4760,18,D,GR,PD,D
10:39:25,UNVR,RG,4760,18,D,GR,ZP,F
10:39:24,UNVR,RG,4770,4,F,RX,BB,F
10:39:24,UNVR,RG,4770,1,F,RX,OD,D
10:39:24,UNVR,RG,4770,19,F,RX,ZP,F
10:39:24,UNVR,RG,4770,1,F,RX,YP,D
10:39:24,UNVR,RG,4770,28,F,RX,ZP,F
10:39:24,UNVR,RG,4770,1,F,RX,ZP,F
10:39:24,UNVR,RG,4770,1,F,RX,ZP,F
10:39:24,UNVR,RG,4770,19,F,RX,ZP,F
10:39:24,UNVR,RG,4770,1,F,RX,DP,F
10:39:24,UNVR,RG,4770,2,F,RX,CS,F
10:39:24,UNVR,RG,4770,39,F,RX,CS,F
10:39:24,UNVR,RG,4770,62,F,RX,AK,F
10:39:24,UNVR,RG,4770,1,F,RX,ZP,F
10:39:24,UNVR,RG,4770,2,F,RX,AK,F
10:39:24,UNVR,RG,4770,19,F,RX,ZP,F
10:38:48,UNVR,RG,4760,18,D,GR,ZP,F
10:38:40,UNVR,RG,4760,1,D,GR,OD,D
10:38:12,UNVR,RG,4760,19,D,GR,ZP,F
10:37:38,UNVR,RG,4760,1,D,GR,OD,D
10:37:34,UNVR,RG,4760,1,D,GR,PC,D
10:37:32,UNVR,RG,4760,4,D,GR,AK,F
10:37:24,UNVR,RG,4760,12,D,GR,CC,D
10:37:17,UNVR,RG,4770,3,D,CC,KK,D
10:37:17,UNVR,RG,4770,2,D,CC,ZP,F
10:37:11,UNVR,RG,4770,4,D,PD,ZP,F
10:37:11,UNVR,RG,4770,19,D,PD,ZP,F
10:37:11,UNVR,RG,4770,9,D,PD,CS,F
10:37:11,UNVR,RG,4770,30,D,PD,ZP,F
10:37:11,UNVR,RG,4770,17,D,PD,CS,F
10:37:11,UNVR,RG,4770,46,D,PD,FS,D
10:37:09,UNVR,RG,4760,1,D,GR,XC,D
10:36:50,UNVR,RG,4760,19,D,GR,ZP,F
10:36:39,UNVR,RG,4760,3,D,GR,CC,D
10:35:59,UNVR,RG,4760,20,D,GR,ZP,F
10:35:42,UNVR,RG,4760,1,D,GR,OD,D
10:35:27,UNVR,RG,4760,19,D,GR,ZP,F
10:35:27,UNVR,RG,4770,3,F,ZP,FS,D
10:35:08,UNVR,RG,4770,1,F,AK,FS,D
10:35:08,UNVR,RG,4770,1,D,XC,FS,D
10:35:08,UNVR,RG,4770,5,D,PD,FS,D
10:35:08,UNVR,RG,4770,1,D,XL,FS,D
10:35:08,UNVR,RG,4770,14,F,BK,FS,D
10:35:08,UNVR,RG,4770,7,F,ZP,FS,D
10:35:08,UNVR,RG,4770,2,D,KK,FS,D
10:35:08,UNVR,RG,4770,1,D,YP,FS,D
10:35:08,UNVR,RG,4770,8,D,XA,FS,D
10:35:08,UNVR,RG,4770,2,F,AK,FS,D
10:35:08,UNVR,RG,4770,1,D,XC,FS,D
10:35:08,UNVR,RG,4770,14,F,BK,FS,D
10:35:08,UNVR,RG,4770,2,F,AK,FS,D
10:35:08,UNVR,RG,4770,2,F,ZP,FS,D
10:35:08,UNVR,RG,4770,140,D,SQ,FS,D
10:35:03,UNVR,RG,4780,3,F,AK,CS,F
10:34:48,UNVR,RG,4770,19,D,SQ,ZP,F
10:34:42,UNVR,RG,4770,1,D,SQ,OD,D
10:34:03,UNVR,RG,4770,19,D,SQ,ZP,F
10:34:03,UNVR,RG,4770,11,D,SQ,XC,D
10:34:00,UNVR,RG,4770,19,D,SQ,ZP,F
10:33:44,UNVR,RG,4770,1,D,SQ,OD,D
10:33:30,UNVR,RG,4780,1,F,AK,BK,F
10:33:16,UNVR,RG,4780,14,F,BK,BK,F
10:33:02,UNVR,RG,4780,124,D,PD,BK,F
10:32:32,UNVR,RG,4780,1,D,PD,BK,F
10:32:18,UNVR,RG,4770,18,D,SQ,ZP,F
10:32:18,UNVR,RG,4780,23,D,CC,BK,F
10:32:18,UNVR,RG,4780,50,D,CC,CS,F
10:32:18,UNVR,RG,4780,163,D,CC,BK,F
10:32:18,UNVR,RG,4780,29,D,CC,ZP,F
10:32:18,UNVR,RG,4780,11,D,CC,YU,D
10:32:18,UNVR,RG,4780,1,D,CC,ZP,F
10:32:18,UNVR,RG,4780,39,D,CC,ZP,F
10:32:18,UNVR,RG,4780,1,D,CC,ZP,F
10:32:18,UNVR,RG,4780,1,D,CC,LG,D
10:32:18,UNVR,RG,4780,1,D,CC,DP,F
10:32:18,UNVR,RG,4780,11,D,CC,BB,F
10:32:18,UNVR,RG,4780,2,D,CC,AK,F
10:32:18,UNVR,RG,4780,1,D,CC,ZP,F
10:32:18,UNVR,RG,4780,2,D,CC,CC,F
10:32:18,UNVR,RG,4780,1,D,CC,YP,D
10:32:18,UNVR,RG,4780,18,D,CC,ZP,F
10:32:18,UNVR,RG,4780,1,D,CC,ZP,F
10:32:18,UNVR,RG,4780,49,D,CC,CS,F
10:32:18,UNVR,RG,4780,6,D,CC,ZP,F
10:31:44,UNVR,RG,4770,1,D,SQ,OD,D
10:30:44,UNVR,RG,4770,19,D,SQ,ZP,F
10:30:44,UNVR,RG,4780,1,F,AK,ZP,F
10:30:44,UNVR,RG,4770,1,D,SQ,OD,D
10:29:42,UNVR,RG,4770,1,D,SQ,OD,D
10:29:40,UNVR,RG,4770,40,D,SQ,KK,D
10:28:41,UNVR,RG,4770,1,D,SQ,OD,D
10:28:03,UNVR,RG,4780,3,F,ZP,ZP,F
10:28:03,UNVR,RG,4780,18,D,EP,ZP,F
10:28:03,UNVR,RG,4780,1,D,EP,ZP,F
10:28:03,UNVR,RG,4780,19,D,EP,ZP,F
10:28:03,UNVR,RG,4780,7,D,EP,ZP,F
10:28:01,UNVR,RG,4780,3,D,PD,ZP,F
10:27:55,UNVR,RG,4770,9,D,SQ,ZP,F
10:27:55,UNVR,RG,4770,1,D,YP,ZP,F
10:27:55,UNVR,RG,4770,1,D,YP,ZP,F
10:27:55,UNVR,RG,4770,2,F,AK,ZP,F
10:27:55,UNVR,RG,4770,5,F,BK,ZP,F
10:27:29,UNVR,RG,4780,9,D,RG,ZP,F
10:27:29,UNVR,RG,4780,1,D,RG,ZP,F
10:27:08,UNVR,RG,4780,9,D,PD,GR,D
10:27:08,UNVR,RG,4780,11,D,PD,BB,F
10:27:08,UNVR,RG,4780,1,D,PD,AK,F
10:27:08,UNVR,RG,4780,5,D,PD,KK,D
10:27:08,UNVR,RG,4780,1,D,PD,YP,D
10:27:08,UNVR,RG,4780,1,D,PD,XC,D
10:27:08,UNVR,RG,4780,21,D,PD,GR,D
10:27:08,UNVR,RG,4780,21,D,PD,YP,D
10:27:08,UNVR,RG,4780,54,D,PD,CP,D
10:26:41,UNVR,RG,4770,1,F,BK,OD,D
10:26:41,UNVR,RG,4780,2,F,AK,CP,D
10:26:40,UNVR,RG,4770,5,F,BK,YP,D
10:26:07,UNVR,RG,4780,1,D,XL,CP,D
10:26:00,UNVR,RG,4770,2,F,BK,ZP,F
10:26:00,UNVR,RG,4770,7,F,BK,ZP,F
10:26:00,UNVR,RG,4770,10,F,RX,ZP,F
10:25:47,UNVR,RG,4770,11,F,RX,YP,D
10:25:45,UNVR,RG,4770,28,F,RX,ZP,F
10:25:30,UNVR,RG,4770,9,F,RX,YP,D
10:24:50,UNVR,RG,4770,1,F,RX,YP,D
10:24:48,UNVR,RG,4770,28,F,RX,CS,F
10:24:48,UNVR,RG,4770,1,F,RX,OD,D
10:24:48,UNVR,RG,4770,1,F,RX,CC,D
10:24:48,UNVR,RG,4770,19,F,RX,ZP,F
10:24:48,UNVR,RG,4770,28,F,RX,ZP,F
10:24:48,UNVR,RG,4770,2,F,RX,ZP,F
10:24:48,UNVR,RG,4770,7,F,RX,BB,F
10:24:48,UNVR,RG,4770,19,F,RX,ZP,F
10:24:48,UNVR,RG,4770,40,F,RX,CS,F
10:24:48,UNVR,RG,4770,3,F,RX,ZP,F
10:24:48,UNVR,RG,4770,14,F,RX,YP,D
10:24:48,UNVR,RG,4770,33,F,RX,CS,F
10:24:48,UNVR,RG,4770,41,F,RX,CS,F
10:24:48,UNVR,RG,4770,6,F,RX,ZP,F
10:24:48,UNVR,RG,4770,1,F,RX,DP,F
10:24:48,UNVR,RG,4770,98,F,RX,PD,D
10:24:47,UNVR,RG,4760,1,D,GR,YP,D
10:24:41,UNVR,RG,4760,1,D,GR,OD,D
10:24:37,UNVR,RG,4760,20,D,GR,ZP,F
10:24:37,UNVR,RG,4760,23,D,GR,YP,D
10:24:37,UNVR,RG,4760,3,D,YP,YP,D
10:24:37,UNVR,RG,4760,1,D,PD,YP,D
10:24:37,UNVR,RG,4760,1,D,LG,YP,D
10:24:37,UNVR,RG,4760,5,D,DH,YP,D
10:24:37,UNVR,RG,4760,1,F,ZP,YP,D
10:24:37,UNVR,RG,4760,1,D,XC,YP,D
10:24:37,UNVR,RG,4760,2,F,AK,YP,D
10:24:37,UNVR,RG,4760,14,F,BK,YP,D
10:24:37,UNVR,RG,4760,25,D,FZ,YP,D
10:24:37,UNVR,RG,4760,2,D,YP,YP,D
10:24:37,UNVR,RG,4760,9,F,RX,YP,D
10:24:25,UNVR,RG,4760,19,F,RX,ZP,F
10:24:25,UNVR,RG,4770,13,F,BK,PD,D
10:23:45,UNVR,RG,4770,1,F,AK,PD,D
10:23:43,UNVR,RG,4770,1,D,XL,PD,D
10:23:33,UNVR,RG,4770,11,F,ZP,PD,D
10:23:28,UNVR,RG,4770,2,D,PD,PD,D
10:23:00,UNVR,RG,4760,18,F,RX,ZP,F
10:22:41,UNVR,RG,4760,1,F,RX,OD,D
10:22:12,UNVR,RG,4770,33,D,PD,PD,D
10:22:12,UNVR,RG,4770,2,D,PD,AK,F
10:22:12,UNVR,RG,4770,3,D,PD,OD,D
10:22:12,UNVR,RG,4770,19,D,PD,ZP,F
10:22:12,UNVR,RG,4770,5,D,PD,GR,D
10:22:12,UNVR,RG,4770,1,D,PD,ZP,F
10:22:12,UNVR,RG,4770,47,D,PD,AK,F
10:22:12,UNVR,RG,4770,1,D,PD,ZP,F
10:22:12,UNVR,RG,4770,2,D,PD,BB,F
10:22:12,UNVR,RG,4770,2,D,PD,AK,F
10:22:12,UNVR,RG,4770,10,D,PD,ZP,F
10:22:11,UNVR,RG,4770,1,D,XL,ZP,F
10:21:50,UNVR,RG,4770,7,F,BK,ZP,F
10:21:50,UNVR,RG,4770,6,F,BK,ZP,F
10:21:41,UNVR,RG,4760,1,F,RX,OD,D
10:21:05,UNVR,RG,4760,11,F,RX,XL,D
10:20:57,UNVR,RG,4770,34,D,EP,ZP,F
10:20:57,UNVR,RG,4770,1,D,EP,DP,F
10:20:57,UNVR,RG,4770,10,D,EP,NI,D
10:20:57,UNVR,RG,4770,1,D,EP,ZP,F
10:20:57,UNVR,RG,4770,19,D,EP,ZP,F
10:20:57,UNVR,RG,4770,1,D,EP,YP,D
10:20:57,UNVR,RG,4770,4,D,EP,CS,F
10:20:50,UNVR,RG,4760,5,F,RX,BB,F
10:20:43,UNVR,RG,4760,1,F,RX,OD,D
10:20:17,UNVR,RG,4760,20,F,RX,ZP,F
10:20:17,UNVR,RG,4760,19,F,RX,ZP,F
10:20:00,UNVR,RG,4760,18,F,RX,ZP,F
10:19:39,UNVR,RG,4760,18,F,RX,ZP,F
10:19:39,UNVR,RG,4760,1,F,RX,OD,D
10:19:16,UNVR,RG,4760,19,F,RX,ZP,F
10:19:00,UNVR,RG,4760,18,F,RX,ZP,F
10:18:28,UNVR,RG,4760,1,F,RX,NI,D
10:18:15,UNVR,RG,4760,18,F,RX,ZP,F
10:18:02,UNVR,RG,4770,47,D,PD,CS,F
10:18:02,UNVR,RG,4770,1,D,PD,ZP,F
10:18:02,UNVR,RG,4770,11,D,PD,CS,F
10:18:02,UNVR,RG,4770,23,D,PD,CS,F
10:18:02,UNVR,RG,4770,42,D,PD,BK,F
10:17:38,UNVR,RG,4760,3,F,RX,BB,F
10:17:38,UNVR,RG,4760,3,D,YP,BB,F
10:17:37,UNVR,RG,4760,7,D,YP,ZP,F
10:17:37,UNVR,RG,4760,12,F,BK,ZP,F
10:17:37,UNVR,RG,4760,1,F,BK,OD,D
10:17:00,UNVR,RG,4760,6,F,BK,ZP,F
10:17:00,UNVR,RG,4760,6,F,ZP,ZP,F
10:17:00,UNVR,RG,4760,1,D,YP,ZP,F
10:17:00,UNVR,RG,4760,5,D,NI,ZP,F
10:17:00,UNVR,RG,4760,1,D,SQ,ZP,F
10:16:37,UNVR,RG,4760,1,D,SQ,OD,D
10:16:30,UNVR,RG,4760,8,D,SQ,ZP,F
10:16:30,UNVR,RG,4760,1,D,LG,ZP,F
10:16:30,UNVR,RG,4760,5,F,CC,ZP,F
10:16:30,UNVR,RG,4760,2,D,KK,ZP,F
10:16:30,UNVR,RG,4760,3,D,YP,ZP,F
10:16:30,UNVR,RG,4760,1,D,CC,ZP,F
10:16:30,UNVR,RG,4760,9,D,YP,ZP,F
10:16:04,UNVR,RG,4760,1,D,YP,CC,D
10:15:47,UNVR,RG,4760,1,D,SQ,PD,D
10:15:43,UNVR,RG,4760,4,D,SQ,ZP,F
10:15:43,UNVR,RG,4760,10,D,YP,ZP,F
10:15:43,UNVR,RG,4760,10,D,YP,ZP,F
10:15:43,UNVR,RG,4760,1,D,GR,ZP,F
10:15:43,UNVR,RG,4760,1,D,XL,ZP,F
10:15:43,UNVR,RG,4760,32,F,RX,ZP,F
10:15:39,UNVR,RG,4760,1,F,RX,OD,D
10:15:17,UNVR,RG,4760,28,F,RX,ZP,F
10:15:17,UNVR,RG,4760,59,F,RX,ZP,F
10:15:00,UNVR,RG,4770,14,F,BK,BK,F
10:14:57,UNVR,RG,4760,73,F,RX,ZP,F
10:14:51,UNVR,RG,4760,28,F,RX,ZP,F
10:14:39,UNVR,RG,4760,1,F,RX,OD,D
10:14:30,UNVR,RG,4760,2,F,RX,BB,F
10:14:27,UNVR,RG,4760,75,F,RX,ZP,F
10:14:17,UNVR,RG,4760,1,F,RX,ZP,F
10:14:17,UNVR,RG,4760,1,D,YP,ZP,F
10:14:17,UNVR,RG,4760,10,D,XC,ZP,F
10:14:17,UNVR,RG,4760,10,D,YP,ZP,F
10:14:17,UNVR,RG,4760,2,F,AK,ZP,F
10:14:17,UNVR,RG,4760,5,D,GR,ZP,F
10:14:17,UNVR,RG,4760,7,D,GR,YP,D
10:14:00,UNVR,RG,4760,15,D,NI,ZP,F
10:14:00,UNVR,RG,4760,2,F,AK,ZP,F
10:14:00,UNVR,RG,4760,5,D,YP,ZP,F
10:14:00,UNVR,RG,4760,1,D,PD,ZP,F
10:14:00,UNVR,RG,4760,2,D,NI,ZP,F
10:14:00,UNVR,RG,4760,3,D,AG,ZP,F
10:14:00,UNVR,RG,4760,10,D,NI,ZP,F
10:14:00,UNVR,RG,4760,3,D,CC,ZP,F
10:14:00,UNVR,RG,4760,1,D,YP,ZP,F
10:14:00,UNVR,RG,4760,10,D,YP,ZP,F
10:14:00,UNVR,RG,4760,2,D,YP,ZP,F
10:14:00,UNVR,RG,4760,1,D,YP,ZP,F
10:14:00,UNVR,RG,4760,3,D,XL,ZP,F
10:14:00,UNVR,RG,4760,10,D,GR,ZP,F
10:13:39,UNVR,RG,4760,1,D,GR,OD,D
10:13:30,UNVR,RG,4760,20,D,GR,ZP,F
10:13:26,UNVR,RG,4770,10,D,YP,BK,F
10:13:26,UNVR,RG,4760,6,D,GR,PD,D
10:12:45,UNVR,RG,4760,20,D,GR,ZP,F
10:12:39,UNVR,RG,4760,1,D,GR,OD,D
10:12:12,UNVR,RG,4760,19,D,GR,ZP,F
10:12:12,UNVR,RG,4770,98,D,PD,BK,F
10:12:12,UNVR,RG,4770,19,D,PD,ZP,F
10:12:12,UNVR,RG,4770,1,D,PD,ZP,F
10:12:12,UNVR,RG,4770,6,D,PD,CC,D
10:11:57,UNVR,RG,4760,18,D,GR,ZP,F
10:11:57,UNVR,RG,4760,8,D,GR,SQ,D
10:11:39,UNVR,RG,4760,1,D,GR,OD,D
10:11:25,UNVR,RG,4760,19,D,GR,ZP,F
10:11:00,UNVR,RG,4760,18,D,GR,ZP,F
10:10:52,UNVR,RG,4760,1,D,GR,XC,D
10:10:39,UNVR,RG,4760,1,D,GR,OD,D
10:10:37,UNVR,RG,4770,1,D,NI,CC,D
10:10:35,UNVR,RG,4770,2,D,PD,CC,D
10:09:41,UNVR,RG,4760,1,D,GR,OD,D
10:09:13,UNVR,RG,4770,1,D,AI,CC,D
10:09:13,UNVR,RG,4770,3,D,AI,AK,F
10:09:13,UNVR,RG,4770,3,D,AI,AK,F
10:09:13,UNVR,RG,4770,2,D,AI,ZP,F
10:09:13,UNVR,RG,4770,18,D,AI,ZP,F
10:09:13,UNVR,RG,4770,13,D,AI,CS,F
10:09:08,UNVR,RG,4760,20,D,GR,DR,D
10:08:58,UNVR,RG,4770,3,F,ZP,CS,F
10:08:57,UNVR,RG,4770,5,D,XC,CS,F
10:08:39,UNVR,RG,4760,1,D,GR,OD,D
10:08:17,UNVR,RG,4770,1,D,CC,SQ,D
10:08:17,UNVR,RG,4770,22,F,BK,SQ,D
10:08:09,UNVR,RG,4770,3,F,BK,XL,D
10:08:00,UNVR,RG,4770,7,F,BK,XC,D
10:08:00,UNVR,RG,4770,5,F,ZP,XC,D
10:07:22,UNVR,RG,4770,1,F,ZP,PD,D
10:07:11,UNVR,RG,4770,4,F,ZP,BB,F
10:07:07,UNVR,RG,4780,23,D,PD,CP,D
10:07:06,UNVR,RG,4770,35,D,PD,CS,F
10:07:06,UNVR,RG,4770,1,D,PD,OD,D
10:07:06,UNVR,RG,4770,34,D,PD,CS,F
10:07:06,UNVR,RG,4770,5,D,PD,GR,D
10:07:06,UNVR,RG,4770,3,D,PD,AK,F
10:07:06,UNVR,RG,4770,19,D,PD,ZP,F
10:07:06,UNVR,RG,4770,1,D,PD,ZP,F
10:07:06,UNVR,RG,4770,3,D,PD,ZP,F
10:07:06,UNVR,RG,4770,1,D,PD,YP,D
10:06:39,UNVR,RG,4760,1,D,GR,OD,D
10:06:36,UNVR,RG,4770,1,D,LG,DP,F
10:06:15,UNVR,RG,4770,1,D,NI,ZP,F
10:05:59,UNVR,RG,4770,7,D,CC,CS,F
10:05:59,UNVR,RG,4770,28,D,CC,CS,F
10:05:59,UNVR,RG,4770,19,D,CC,CS,F
10:05:59,UNVR,RG,4770,140,D,CC,ZP,F
10:05:59,UNVR,RG,4770,140,D,CC,ZP,F
10:05:59,UNVR,RG,4770,45,D,CC,ZP,F
10:05:59,UNVR,RG,4770,1,D,CC,ZP,F
10:05:59,UNVR,RG,4770,1,D,CC,ZP,F
10:05:59,UNVR,RG,4770,24,D,CC,CS,F
10:05:59,UNVR,RG,4770,3,D,CC,AK,F
10:05:59,UNVR,RG,4770,2,D,CC,AK,F
10:05:52,UNVR,RG,4770,4,D,XL,AK,F
10:05:52,UNVR,RG,4770,3,D,XL,ZP,F
10:05:52,UNVR,RG,4770,8,D,XL,ZP,F
10:05:43,UNVR,RG,4760,18,D,GR,ZP,F
10:05:39,UNVR,RG,4760,1,D,GR,OD,D
10:05:34,UNVR,RG,4760,14,D,GR,XC,D
10:05:12,UNVR,RG,4760,1,D,GR,ZP,F
10:05:12,UNVR,RG,4760,2,F,AK,ZP,F
10:05:12,UNVR,RG,4760,1,D,OD,ZP,F
10:05:12,UNVR,RG,4760,1,D,LG,ZP,F
10:05:12,UNVR,RG,4760,14,D,GR,ZP,F
10:05:12,UNVR,RG,4760,18,D,GR,YU,F
10:05:07,UNVR,RG,4760,19,D,GR,ZP,F
10:05:03,UNVR,RG,4760,19,D,GR,ZP,F
10:04:56,UNVR,RG,4760,37,D,GR,ZP,F
10:04:55,UNVR,RG,4760,18,D,GR,ZP,F
10:04:55,UNVR,RG,4760,3,D,GR,GR,D
10:04:39,UNVR,RG,4760,1,D,GR,OD,D
10:04:35,UNVR,RG,4760,20,D,GR,XC,D
10:04:29,UNVR,RG,4760,20,D,GR,CC,D
10:04:25,UNVR,RG,4760,15,D,GR,NI,D
10:04:00,UNVR,RG,4760,19,D,GR,ZP,F
10:03:41,UNVR,RG,4760,1,D,GR,OD,D
10:03:36,UNVR,RG,4760,1,D,GR,XC,D
10:03:16,UNVR,RG,4760,5,D,GR,GR,D
10:03:12,UNVR,RG,4760,18,D,GR,ZP,F
10:03:07,UNVR,RG,4760,19,D,GR,ZP,F
10:03:01,UNVR,RG,4760,5,D,GR,CC,D
10:03:00,UNVR,RG,4760,18,D,GR,ZP,F
10:02:45,UNVR,RG,4760,30,D,GR,ZP,F
10:02:45,UNVR,RG,4760,99,F,RX,ZP,F
10:02:42,UNVR,RG,4760,46,F,RX,ZP,F
10:02:15,UNVR,RG,4760,135,F,RX,ZP,F
10:02:15,UNVR,RG,4770,11,D,PD,ZP,F
10:02:15,UNVR,RG,4770,27,D,PD,ZP,F
10:02:15,UNVR,RG,4770,8,D,PD,BB,F
10:02:15,UNVR,RG,4770,19,D,PD,ZP,F
10:02:15,UNVR,RG,4770,28,D,PD,ZP,F
10:02:15,UNVR,RG,4770,31,D,PD,CS,F
10:01:50,UNVR,RG,4760,20,F,RX,ZP,F
10:01:50,UNVR,RG,4760,1,D,OD,ZP,F
10:01:50,UNVR,RG,4760,9,D,XC,ZP,F
10:01:50,UNVR,RG,4760,8,D,YP,ZP,F
10:01:41,UNVR,RG,4760,1,D,YP,OD,D
10:01:07,UNVR,RG,4770,50,D,YP,SQ,D
10:01:07,UNVR,RG,4770,1,D,YP,SQ,D
10:01:07,UNVR,RG,4770,8,D,YP,SQ,D
10:01:07,UNVR,RG,4770,17,D,PD,SQ,D
10:01:00,UNVR,RG,4770,1,D,PD,XC,D
10:00:59,UNVR,RG,4770,2,D,PD,ZP,F
10:00:58,UNVR,RG,4770,19,D,PD,ZP,F
10:00:14,UNVR,RG,4770,13,D,PD,ZP,F
10:00:14,UNVR,RG,4770,5,F,BK,ZP,F
10:00:14,UNVR,RG,4770,10,F,BK,DR,D
10:00:14,UNVR,RG,4770,70,F,RX,DR,D
10:00:00,UNVR,RG,4780,4,D,YB,CP,D
10:00:00,UNVR,RG,4770,19,F,RX,ZP,F
09:59:51,UNVR,RG,4780,10,D,XL,CP,D
09:59:15,UNVR,RG,4770,2,F,RX,NI,D
09:58:58,UNVR,RG,4770,22,F,RX,CS,F
09:58:58,UNVR,RG,4770,21,F,RX,CS,F
09:58:58,UNVR,RG,4770,15,F,RX,CS,F
09:58:58,UNVR,RG,4770,1,F,RX,ZP,F
09:58:58,UNVR,RG,4770,1,F,RX,BB,F
09:58:58,UNVR,RG,4770,1,F,RX,ZP,F
09:58:58,UNVR,RG,4770,2,F,RX,AK,F
09:58:58,UNVR,RG,4770,19,F,RX,ZP,F
09:58:58,UNVR,RG,4770,19,F,RX,ZP,F
09:58:58,UNVR,RG,4770,48,F,RX,AK,F
09:58:58,UNVR,RG,4770,25,F,RX,CS,F
09:58:58,UNVR,RG,4770,19,F,RX,ZP,F
09:58:58,UNVR,RG,4770,19,F,RX,ZP,F
09:58:58,UNVR,RG,4770,197,F,RX,YP,D
09:58:55,UNVR,RG,4760,10,D,YP,DR,D
09:58:45,UNVR,RG,4760,18,D,YP,ZP,F
09:58:17,UNVR,RG,4770,2,D,CC,YP,D
09:57:37,UNVR,RG,4770,1,F,BK,DP,F
09:57:24,UNVR,RG,4770,4,F,BK,PD,D
09:57:13,UNVR,RG,4780,16,D,PD,CP,D
09:57:13,UNVR,RG,4780,40,D,PD,CS,F
09:57:13,UNVR,RG,4780,19,D,PD,ZP,F
09:57:13,UNVR,RG,4780,18,D,PD,ZP,F
09:57:13,UNVR,RG,4780,1,D,PD,ZP,F
09:57:13,UNVR,RG,4780,5,D,PD,LG,D
09:57:13,UNVR,RG,4780,1,D,PD,ZP,F
09:57:13,UNVR,RG,4780,19,D,PD,ZP,F
09:57:13,UNVR,RG,4780,5,D,PD,CS,F
09:57:10,UNVR,RG,4770,8,F,BK,XC,D
09:57:10,UNVR,RG,4770,1,D,CC,XC,D
09:57:10,UNVR,RG,4770,2,F,AK,XC,D
09:57:10,UNVR,RG,4770,1,D,CC,XC,D
09:57:10,UNVR,RG,4770,2,F,BK,XC,D
09:57:10,UNVR,RG,4770,12,F,BK,ZP,F
09:57:10,UNVR,RG,4770,1,D,CP,ZP,F
09:57:10,UNVR,RG,4770,1,D,YP,ZP,F
09:57:10,UNVR,RG,4770,5,D,YP,ZP,F
09:57:05,UNVR,RG,4770,1,D,YP,PD,D
09:56:35,UNVR,RG,4770,4,D,YP,FS,D
09:56:35,UNVR,RG,4770,1,F,ZP,FS,D
09:56:35,UNVR,RG,4770,75,D,AZ,FS,D
09:56:35,UNVR,RG,4770,13,F,BK,FS,D
09:56:35,UNVR,RG,4770,1,D,YP,FS,D
09:56:35,UNVR,RG,4770,50,D,AZ,FS,D
09:56:35,UNVR,RG,4770,1,D,YP,FS,D
09:56:35,UNVR,RG,4770,105,F,RX,FS,D
09:56:09,UNVR,RG,4770,2,F,RX,XL,D
09:56:06,UNVR,RG,4780,1,D,CC,GR,D
09:55:55,UNVR,RG,4780,1,D,YP,GR,D
09:55:49,UNVR,RG,4780,1,D,CC,GR,D
09:55:05,UNVR,RG,4780,2,D,PD,GR,D
09:54:13,UNVR,RG,4780,24,D,EP,CS,F
09:54:13,UNVR,RG,4780,1,D,EP,ZP,F
09:54:13,UNVR,RG,4780,19,D,EP,ZP,F
09:54:13,UNVR,RG,4780,7,D,EP,BB,F
09:54:13,UNVR,RG,4780,163,D,EP,BK,F
09:54:13,UNVR,RG,4780,20,D,EP,CS,F
09:54:13,UNVR,RG,4780,16,D,EP,YP,D
09:54:09,UNVR,RG,4780,4,D,KK,YP,D
09:54:09,UNVR,RG,4780,2,D,KK,GR,D
09:54:09,UNVR,RG,4780,1,D,KK,YP,D
09:54:09,UNVR,RG,4780,3,D,KK,AK,F
09:53:49,UNVR,RG,4770,35,F,RX,CS,F
09:53:49,UNVR,RG,4770,2,F,RX,AK,F
09:53:49,UNVR,RG,4770,1,F,RX,CC,F
09:53:49,UNVR,RG,4770,1,F,RX,ZP,F
09:53:49,UNVR,RG,4770,18,F,RX,ZP,F
09:53:49,UNVR,RG,4770,5,F,RX,GR,D
09:53:49,UNVR,RG,4770,1,F,RX,YP,D
09:53:49,UNVR,RG,4770,46,F,RX,ZP,F
09:53:49,UNVR,RG,4770,36,F,RX,CS,F
09:53:49,UNVR,RG,4770,1,F,RX,ZP,F
09:53:49,UNVR,RG,4770,164,F,RX,BK,F
09:53:49,UNVR,RG,4770,1,F,RX,ZP,F
09:53:49,UNVR,RG,4770,5,F,RX,LG,D
09:53:49,UNVR,RG,4770,2,F,RX,AK,F
09:53:49,UNVR,RG,4770,2,F,RX,AK,F
09:53:49,UNVR,RG,4770,73,F,RX,BK,F
09:53:46,UNVR,RG,4770,91,D,EP,BK,F
09:53:46,UNVR,RG,4770,9,D,EP,BB,F
09:53:38,UNVR,RG,4760,13,D,YP,ZP,F
09:53:38,UNVR,RG,4760,2,D,YP,ZP,F
09:53:38,UNVR,RG,4760,4,D,YP,ZP,F
09:53:16,UNVR,RG,4760,1,D,YP,ZP,F
09:53:16,UNVR,RG,4760,1,D,YP,ZP,F
09:53:16,UNVR,RG,4760,16,D,AZ,ZP,F
09:53:10,UNVR,RG,4760,19,D,AZ,ZP,F
09:53:03,UNVR,RG,4760,54,D,AZ,YP,D
09:53:02,UNVR,RG,4760,11,D,AZ,ZP,F
09:53:02,UNVR,RG,4760,2,D,YP,ZP,F
09:53:02,UNVR,RG,4760,5,D,NI,ZP,F
09:52:20,UNVR,RG,4760,1,D,IF,DP,F
09:52:19,UNVR,RG,4760,18,F,AK,CS,F
09:52:19,UNVR,RG,4760,6,F,AK,CS,F
09:52:19,UNVR,RG,4760,5,F,AK,LG,D
09:52:19,UNVR,RG,4760,5,F,AK,GR,D
09:52:19,UNVR,RG,4760,105,F,AK,KK,D
09:52:19,UNVR,RG,4760,2,F,AK,AK,F
09:52:19,UNVR,RG,4760,4,F,AK,BK,F
09:52:19,UNVR,RG,4760,160,F,BK,BK,F
09:52:19,UNVR,RG,4760,9,F,BK,ZP,F
09:52:19,UNVR,RG,4760,30,F,BK,ZP,F
09:52:19,UNVR,RG,4760,7,F,BK,ZP,F
09:52:19,UNVR,RG,4760,8,F,BK,CS,F
09:52:19,UNVR,RG,4760,9,F,BK,ZP,F
09:52:19,UNVR,RG,4760,3,D,OD,ZP,F
09:52:14,UNVR,RG,4760,7,D,PD,ZP,F
09:52:14,UNVR,RG,4760,67,D,PD,ZP,F
09:52:14,UNVR,RG,4760,50,D,PD,KK,D
09:52:08,UNVR,RG,4750,50,D,CP,ZP,F
09:52:00,UNVR,RG,4750,19,D,CP,ZP,F
09:51:44,UNVR,RG,4760,2,D,XC,KK,D
09:51:35,UNVR,RG,4760,5,D,LG,KK,D
09:51:31,UNVR,RG,4750,37,D,CP,ZP,F
09:51:29,UNVR,RG,4750,4,D,CP,ZP,F
09:51:29,UNVR,RG,4750,16,D,YJ,ZP,F
09:51:21,UNVR,RG,4750,3,D,YJ,NI,D
09:51:21,UNVR,RG,4750,1,D,YJ,IF,D
09:51:18,UNVR,RG,4760,1,D,XC,KK,D
09:51:09,UNVR,RG,4760,100,D,KK,KK,D
