Time,Stock,Brd,Price,Qty,BT,BC,SC,ST
15:14:30,UNVR,RG,4060,100,D,CC,YP,D
15:14:22,UNVR,RG,4060,7,D,CC,YP,D
15:13:43,UNVR,RG,4060,25,D,CC,AZ,D
15:13:32,UNVR,RG,4060,100,D,CC,PD,D
15:12:46,UNVR,RG,4060,10,D,CC,IF,D
15:10:50,UNVR,RG,4060,3,D,CC,XC,D
15:09:35,UNVR,RG,4060,5,D,CC,YP,D
15:09:22,UNVR,RG,4060,5,D,CC,RG,D
15:08:44,UNVR,RG,4060,20,D,CC,FS,D
15:08:02,UNVR,RG,4060,7,D,CC,PD,D
15:08:00,UNVR,RG,4060,5,D,CC,PD,D
15:07:36,UNVR,RG,4060,5,D,CC,PD,D
15:06:50,UNVR,RG,4060,40,D,CC,DH,D
15:06:50,UNVR,RG,4060,4,D,CC,PD,D
15:06:50,UNVR,RG,4060,2,D,CC,PD,D
15:06:50,UNVR,RG,4060,50,D,CC,GR,D
15:06:50,UNVR,RG,4060,1,D,CC,CC,D
15:06:50,UNVR,RG,4060,1,D,CC,KK,D
15:06:50,UNVR,RG,4060,50,D,CC,GR,D
15:06:50,UNVR,RG,4060,20,D,CC,NI,D
15:06:50,UNVR,RG,4060,6,D,CC,YP,D
15:06:50,UNVR,RG,4060,410,D,CC,CC,D
15:06:50,UNVR,RG,4060,30,D,CC,KK,D
15:06:50,UNVR,RG,4060,25,D,CC,YP,D
15:06:50,UNVR,RG,4060,3,D,CC,XA,D
15:06:50,UNVR,RG,4060,57,D,CC,YP,D
15:06:50,UNVR,RG,4060,1,D,EP,YP,D
15:06:48,UNVR,RG,4060,5,D,NI,YP,D
15:06:47,UNVR,RG,4060,1,D,XL,YP,D
15:06:17,UNVR,RG,4060,110,D,PD,YP,D
15:06:14,UNVR,RG,4060,500,D,KK,YP,D
15:06:13,UNVR,RG,4060,5,D,XC,YP,D
15:06:07,UNVR,RG,4060,25,D,AZ,YP,D
15:06:06,UNVR,RG,4060,500,F,ZP,YP,D
15:05:52,UNVR,RG,4060,3,D,DR,YP,D
15:05:49,UNVR,RG,4060,5,D,YP,YP,D
15:05:27,UNVR,RG,4060,25,D,AZ,YP,D
15:04:41,UNVR,RG,4060,2,D,XC,YP,D
15:04:40,UNVR,RG,4060,5,D,DH,YP,D
15:04:36,UNVR,RG,4060,67,D,YP,YP,D
15:04:36,UNVR,RG,4060,10,D,YP,AT,D
15:04:36,UNVR,RG,4060,423,D,YP,YP,D
15:04:35,UNVR,RG,4060,1,D,NI,YP,D
15:04:19,UNVR,RG,4060,1,D,YP,YP,D
15:04:06,UNVR,RG,4060,3,D,XC,YP,D
15:03:51,UNVR,RG,4060,2,D,CP,YP,D
15:03:51,UNVR,RG,4060,3,D,CP,YP,D
15:03:47,UNVR,RG,4060,10,D,LG,YP,D
15:03:46,UNVR,RG,4060,1,D,DR,YP,D
15:03:41,UNVR,RG,4060,40,D,RS,YP,D
15:03:40,UNVR,RG,4060,5,D,YP,YP,D
15:03:36,UNVR,RG,4060,1,D,CC,YP,D
15:03:27,UNVR,RG,4060,130,D,AZ,YP,D
15:03:18,UNVR,RG,4060,1,D,XC,YP,D
15:03:11,UNVR,RG,4060,1,D,DR,YP,D
15:03:06,UNVR,RG,4060,1,D,NI,YP,D
15:02:50,UNVR,RG,4060,1,D,PD,YP,D
15:02:11,UNVR,RG,4060,6,D,XC,YP,D
15:02:11,UNVR,RG,4060,5,D,XC,YP,D
15:01:30,UNVR,RG,4060,1,D,LS,YP,D
15:01:23,UNVR,RG,4060,2,D,XC,YP,D
15:01:04,UNVR,RG,4060,5,D,NI,YP,D
15:01:00,UNVR,RG,4060,2,D,PD,YP,D
15:01:00,UNVR,RG,4060,3,D,PD,YP,D
15:00:00,UNVR,RG,4060,12,D,YP,YP,D
15:00:00,UNVR,RG,4060,1,D,PD,YP,D
15:00:00,UNVR,RG,4060,3,D,TP,YP,D
15:00:00,UNVR,RG,4060,100,D,KK,YP,D
15:00:00,UNVR,RG,4060,1,D,PD,YP,D
15:00:00,UNVR,RG,4060,3,D,TP,YP,D
15:00:00,UNVR,RG,4060,1,D,DR,YP,D
15:00:00,UNVR,RG,4060,15,D,OD,YP,D
15:00:00,UNVR,RG,4060,1,D,YP,YP,D
15:00:00,UNVR,RG,4060,100,D,NI,YP,D
15:00:00,UNVR,RG,4060,5,D,NI,YP,D
15:00:00,UNVR,RG,4060,10,D,XC,YP,D
15:00:00,UNVR,RG,4060,1,D,YP,YP,D
15:00:00,UNVR,RG,4060,1,D,PD,YP,D
15:00:00,UNVR,RG,4060,10,D,XC,YP,D
15:00:00,UNVR,RG,4060,1,D,NI,YP,D
15:00:00,UNVR,RG,4060,1,D,MG,YP,D
15:00:00,UNVR,RG,4060,1,D,PD,YP,D
15:00:00,UNVR,RG,4060,10,D,DH,YP,D
15:00:00,UNVR,RG,4060,5,D,SQ,YP,D
15:00:00,UNVR,RG,4060,5,D,SQ,CC,D
15:00:00,UNVR,RG,4060,20,D,SQ,DX,D
15:00:00,UNVR,RG,4060,300,D,SQ,EP,D
15:00:00,UNVR,RG,4060,125,D,SQ,FZ,D
15:00:00,UNVR,RG,4060,27,D,SQ,AZ,D
15:00:00,UNVR,RG,4060,2,D,SQ,HP,D
15:00:00,UNVR,RG,4060,30,D,SQ,YP,D
15:00:00,UNVR,RG,4060,150,D,SQ,NI,D
15:00:00,UNVR,RG,4060,502,D,SQ,CD,D
15:00:00,UNVR,RG,4060,334,D,SQ,BK,F
15:00:00,UNVR,RG,4060,2,D,YP,BK,F
15:00:00,UNVR,RG,4060,3,D,DR,BK,F
15:00:00,UNVR,RG,4060,1,D,PD,BK,F
15:00:00,UNVR,RG,4060,50,D,YP,BK,F
15:00:00,UNVR,RG,4060,100,D,SQ,BK,F
15:00:00,UNVR,RG,4060,5,D,PD,BK,F
15:00:00,UNVR,RG,4060,25,D,XC,BK,F
15:00:00,UNVR,RG,4060,5,D,XC,BK,F
15:00:00,UNVR,RG,4060,2,D,SQ,BK,F
15:00:00,UNVR,RG,4060,1,D,HP,BK,F
15:00:00,UNVR,RG,4060,61,D,GR,BK,F
15:00:00,UNVR,RG,4060,5,D,PD,BK,F
15:00:00,UNVR,RG,4060,2,D,NI,BK,F
15:00:00,UNVR,RG,4060,3,D,AH,BK,F
15:00:00,UNVR,RG,4060,5,D,YP,BK,F
15:00:00,UNVR,RG,4060,3,D,PD,BK,F
15:00:00,UNVR,RG,4060,10,D,PD,BK,F
15:00:00,UNVR,RG,4060,1,D,YP,BK,F
15:00:00,UNVR,RG,4060,63,D,CC,BK,F
15:00:00,UNVR,RG,4060,1,D,NI,BK,F
15:00:00,UNVR,RG,4060,1,D,NI,BK,F
15:00:00,UNVR,RG,4060,100,D,YP,BK,F
15:00:00,UNVR,RG,4060,2,D,PD,BK,F
15:00:00,UNVR,RG,4060,20,D,MK,BK,F
15:00:00,UNVR,RG,4060,2,D,SQ,BK,F
15:00:00,UNVR,RG,4060,2,D,CC,BK,F
15:00:00,UNVR,RG,4060,60,D,EP,BK,F
15:00:00,UNVR,RG,4060,1,D,HP,BK,F
15:00:00,UNVR,RG,4060,1,D,PD,BK,F
15:00:00,UNVR,RG,4060,1,D,YP,BK,F
15:00:00,UNVR,RG,4060,1,D,GR,BK,F
15:00:00,UNVR,RG,4060,1,D,XC,BK,F
15:00:00,UNVR,RG,4060,32,D,DX,BK,F
15:00:00,UNVR,RG,4060,5,D,PD,BK,F
15:00:00,UNVR,RG,4060,5,D,YJ,BK,F
15:00:00,UNVR,RG,4060,5,D,EP,BK,F
15:00:00,UNVR,RG,4060,21,D,EP,ZP,F
15:00:00,UNVR,RG,4060,7,D,SQ,ZP,F
15:00:00,UNVR,RG,4060,3,D,NI,ZP,F
15:00:00,UNVR,RG,4060,2,D,PD,ZP,F
15:00:00,UNVR,RG,4060,5,D,NI,ZP,F
15:00:00,UNVR,RG,4060,1,D,DH,ZP,F
15:00:00,UNVR,RG,4060,2,D,KK,ZP,F
15:00:00,UNVR,RG,4060,2,D,YP,ZP,F
15:00:00,UNVR,RG,4060,3,D,NI,ZP,F
15:00:00,UNVR,RG,4060,7,D,SQ,ZP,F
15:00:00,UNVR,RG,4060,10,D,DR,ZP,F
15:00:00,UNVR,RG,4060,25,D,XL,ZP,F
15:00:00,UNVR,RG,4060,10,D,CC,ZP,F
15:00:00,UNVR,RG,4060,1,D,PD,ZP,F
15:00:00,UNVR,RG,4060,2,D,NI,ZP,F
15:00:00,UNVR,RG,4060,5,D,DR,ZP,F
15:00:00,UNVR,RG,4060,2,D,NI,ZP,F
15:00:00,UNVR,RG,4060,1,D,CC,ZP,F
15:00:00,UNVR,RG,4060,5,D,DR,ZP,F
15:00:00,UNVR,RG,4060,1,D,NI,ZP,F
15:00:00,UNVR,RG,4060,50,D,YP,ZP,F
15:00:00,UNVR,RG,4060,3,D,PD,ZP,F
15:00:00,UNVR,RG,4060,8,D,EP,ZP,F
15:00:00,UNVR,RG,4060,1,D,LG,ZP,F
15:00:00,UNVR,RG,4060,19,D,NI,ZP,F
15:00:00,UNVR,RG,4060,11,D,NI,DX,F
15:00:00,UNVR,RG,4060,6,D,PD,DX,F
15:00:00,UNVR,RG,4060,16,D,PD,AK,F
15:00:00,UNVR,RG,4060,3,D,PD,KK,D
15:00:00,UNVR,RG,4060,1,D,YP,KK,D
15:00:00,UNVR,RG,4060,6,D,YP,AK,F
15:00:00,UNVR,RG,4060,3,D,YP,PD,D
15:00:00,UNVR,RG,4060,1,D,PD,PD,D
15:00:00,UNVR,RG,4060,24,D,YP,PD,D
15:00:00,UNVR,RG,4060,1,D,XC,PD,D
15:00:00,UNVR,RG,4060,3,D,KK,PD,D
15:00:00,UNVR,RG,4060,1,D,PD,PD,D
15:00:00,UNVR,RG,4060,266,F,ZP,PD,D
15:00:00,UNVR,RG,4060,66,F,ZP,PD,D
15:00:00,UNVR,RG,4060,253,F,ZP,PD,D
15:00:00,UNVR,RG,4060,527,F,ZP,PD,D
15:00:00,UNVR,RG,4060,138,F,AK,PD,D
15:00:00,UNVR,RG,4060,1111,F,AK,PD,D
15:00:00,UNVR,RG,4060,97,F,AK,PD,D
15:00:00,UNVR,RG,4060,338,F,YU,PD,D
15:00:00,UNVR,RG,4060,399,F,YU,PD,D
15:00:00,UNVR,RG,4060,2466,F,YU,PD,D
15:00:00,UNVR,RG,4060,161,F,YU,YU,D
14:49:58,UNVR,RG,4070,3,F,ZP,YP,D
14:49:56,UNVR,RG,4070,1,D,KZ,YP,D
14:49:55,UNVR,RG,4070,7,F,ZP,YP,D
14:49:54,UNVR,RG,4070,10,F,ZP,YP,D
14:49:54,UNVR,RG,4060,1,D,DX,XC,D
14:49:51,UNVR,RG,4070,5,D,PD,YP,D
14:49:51,UNVR,RG,4070,1,D,NI,YP,D
14:49:41,UNVR,RG,4070,1,D,KZ,YP,D
14:49:41,UNVR,RG,4070,17,F,ZP,YP,D
14:49:30,UNVR,RG,4060,2,D,DX,AK,F
14:49:30,UNVR,RG,4060,1,D,DX,AK,F
14:49:27,UNVR,RG,4070,1,D,KZ,YP,D
14:49:27,UNVR,RG,4070,23,F,ZP,YP,D
14:49:15,UNVR,RG,4060,14,D,DX,DX,F
14:49:15,UNVR,RG,4060,4,D,XC,DX,F
14:49:12,UNVR,RG,4070,1,D,YU,YP,D
14:49:12,UNVR,RG,4070,2,D,BB,YP,D
14:49:10,UNVR,RG,4060,1,D,XC,AK,F
14:49:08,UNVR,RG,4070,1,D,BB,YP,D
14:49:00,UNVR,RG,4060,15,D,XC,AK,F
14:49:00,UNVR,RG,4060,5,D,XC,AK,F
14:49:00,UNVR,RG,4060,2,D,KZ,AK,F
14:49:00,UNVR,RG,4060,1,D,KZ,AK,F
14:49:00,UNVR,RG,4060,1,D,CC,AK,F
14:49:00,UNVR,RG,4060,1,D,CC,AK,F
14:49:00,UNVR,RG,4060,2,D,CC,AK,F
14:49:00,UNVR,RG,4060,1,D,CC,AK,F
14:49:00,UNVR,RG,4060,1,D,CC,AK,F
14:48:53,UNVR,RG,4070,2,D,NI,YP,D
14:48:53,UNVR,RG,4070,2,D,NI,XC,D
14:48:53,UNVR,RG,4060,1,D,CC,GR,D
14:48:38,UNVR,RG,4070,1,D,BB,XC,D
14:48:32,UNVR,RG,4070,1,D,KZ,XC,D
14:48:31,UNVR,RG,4070,10,F,ZP,XC,D
14:48:31,UNVR,RG,4070,4,F,ZP,XC,D
14:48:31,UNVR,RG,4070,1,F,ZP,XC,D
14:48:31,UNVR,RG,4070,1,F,ZP,CC,D
14:48:19,UNVR,RG,4070,4,D,KZ,CC,D
14:48:17,UNVR,RG,4070,1,D,KZ,CC,D
14:48:16,UNVR,RG,4070,1,D,CP,CC,D
14:48:16,UNVR,RG,4070,2,D,CP,CC,D
14:48:16,UNVR,RG,4070,1,D,CP,XC,D
14:48:16,UNVR,RG,4070,2,D,CP,XC,D
14:48:16,UNVR,RG,4070,2,D,CP,XC,D
14:48:16,UNVR,RG,4070,1,D,CP,PD,D
14:48:16,UNVR,RG,4070,2,D,CP,PD,D
14:48:16,UNVR,RG,4070,20,D,CP,SQ,D
14:48:16,UNVR,RG,4070,10,D,CP,DX,D
14:48:16,UNVR,RG,4070,7,D,CP,SQ,D
14:48:16,UNVR,RG,4070,4,D,CP,PD,D
14:48:16,UNVR,RG,4070,2,D,CP,KK,D
14:48:16,UNVR,RG,4070,10,D,CP,OD,D
14:48:16,UNVR,RG,4070,10,D,CP,PD,D
14:48:16,UNVR,RG,4070,5,D,CP,YP,D
14:48:16,UNVR,RG,4070,14,D,CP,CC,D
14:48:16,UNVR,RG,4070,7,D,CP,NI,D
14:48:09,UNVR,RG,4060,6,D,CC,GR,D
14:48:08,UNVR,RG,4070,1,D,BB,NI,D
14:48:08,UNVR,RG,4060,1,D,CC,NI,D
14:48:05,UNVR,RG,4070,2,D,KZ,NI,D
14:48:05,UNVR,RG,4070,2,D,KZ,HP,D
14:47:48,UNVR,RG,4060,10,D,CC,KK,D
14:47:32,UNVR,RG,4060,81,D,CC,SQ,D
14:47:32,UNVR,RG,4060,1,D,YP,SQ,D
14:47:32,UNVR,RG,4060,1,D,KZ,SQ,D
14:47:32,UNVR,RG,4060,2,D,PD,SQ,D
14:47:32,UNVR,RG,4060,11,D,YP,SQ,D
14:47:32,UNVR,RG,4060,5,D,XC,SQ,D
14:47:32,UNVR,RG,4060,2,D,YP,SQ,D
14:47:32,UNVR,RG,4060,1,D,NI,SQ,D
14:47:32,UNVR,RG,4060,14,D,KZ,SQ,D
14:47:32,UNVR,RG,4060,123,D,YP,SQ,D
14:47:32,UNVR,RG,4060,93,F,YU,SQ,D
14:47:32,UNVR,RG,4060,1,D,KZ,SQ,D
14:47:32,UNVR,RG,4060,35,D,KK,SQ,D
14:47:32,UNVR,RG,4060,1,D,XL,SQ,D
14:47:32,UNVR,RG,4060,10,D,KZ,SQ,D
14:47:32,UNVR,RG,4060,6,D,AT,SQ,D
14:47:32,UNVR,RG,4060,11,F,ZP,SQ,D
14:47:32,UNVR,RG,4060,10,D,GR,SQ,D
14:47:32,UNVR,RG,4060,92,D,CC,SQ,D
14:47:32,UNVR,RG,4070,5,D,KK,HP,D
14:47:28,UNVR,RG,4070,1,D,YP,HP,D
14:47:26,UNVR,RG,4060,58,D,CC,SQ,D
14:47:26,UNVR,RG,4060,2,D,BB,SQ,D
14:47:26,UNVR,RG,4060,10,D,KZ,SQ,D
14:47:21,UNVR,RG,4060,50,D,KZ,SQ,D
14:47:17,UNVR,RG,4060,20,D,KZ,MK,D
14:47:17,UNVR,RG,4060,19,D,KZ,MK,D
14:47:17,UNVR,RG,4060,1,F,ZP,MK,D
14:47:09,UNVR,RG,4070,1,D,XC,HP,D
14:47:04,UNVR,RG,4070,2,D,KZ,HP,D
14:46:54,UNVR,RG,4070,1,D,KZ,HP,D
14:46:54,UNVR,RG,4070,1,D,KZ,HP,D
14:46:49,UNVR,RG,4070,20,D,KZ,HP,D
14:46:49,UNVR,RG,4070,3,D,KZ,HP,D
14:46:49,UNVR,RG,4070,2,D,KZ,HP,D
14:46:42,UNVR,RG,4070,1,D,NI,HP,D
14:46:39,UNVR,RG,4070,1,D,BB,HP,D
14:46:25,UNVR,RG,4070,1,D,NI,HP,D
14:46:21,UNVR,RG,4070,40,F,YU,HP,D
14:46:17,UNVR,RG,4060,6,F,ZP,EP,D
14:46:08,UNVR,RG,4060,1,F,ZP,KK,D
14:45:54,UNVR,RG,4070,1,D,XC,HP,D
14:45:38,UNVR,RG,4070,1,D,NI,HP,D
14:45:30,UNVR,RG,4070,1,D,XC,HP,D
14:45:24,UNVR,RG,4070,40,F,YU,HP,D
14:45:11,UNVR,RG,4060,10,F,ZP,CC,D
14:45:06,UNVR,RG,4060,10,F,ZP,CC,D
14:45:06,UNVR,RG,4060,4,D,BB,CC,D
14:45:06,UNVR,RG,4060,1,D,KZ,CC,D
14:45:06,UNVR,RG,4060,2,D,KZ,CC,D
14:45:06,UNVR,RG,4060,12,D,KZ,CC,D
14:45:03,UNVR,RG,4060,1,D,KZ,AK,F
14:45:02,UNVR,RG,4060,29,F,ZP,AK,F
14:45:02,UNVR,RG,4060,3,F,ZP,KK,D
14:45:02,UNVR,RG,4060,1,F,ZP,CC,D
14:45:02,UNVR,RG,4060,100,F,ZP,SQ,D
14:45:02,UNVR,RG,4060,170,F,ZP,SQ,D
14:45:02,UNVR,RG,4060,600,F,ZP,SQ,D
14:45:02,UNVR,RG,4060,5,F,ZP,PD,D
14:45:02,UNVR,RG,4060,32,F,ZP,AK,F
14:45:02,UNVR,RG,4060,40,F,ZP,DH,D
14:45:02,UNVR,RG,4060,21,F,ZP,AK,F
14:45:02,UNVR,RG,4060,173,F,ZP,BK,F
14:45:02,UNVR,RG,4060,1,F,ZP,PD,D
14:45:02,UNVR,RG,4060,200,F,ZP,YU,D
14:45:02,UNVR,RG,4060,10,F,ZP,YP,D
14:45:02,UNVR,RG,4060,500,F,ZP,YP,D
14:45:02,UNVR,RG,4060,27,F,ZP,AK,F
14:45:02,UNVR,RG,4060,88,F,ZP,SQ,D
14:44:59,UNVR,RG,4050,101,D,GR,DR,D
14:44:54,UNVR,RG,4050,25,D,GR,DX,D
14:44:46,UNVR,RG,4060,1,D,PC,SQ,D
14:44:45,UNVR,RG,4050,4,D,GR,AK,F
14:44:25,UNVR,RG,4050,2,D,GR,XL,D
14:44:23,UNVR,RG,4050,28,D,GR,DX,D
14:44:20,UNVR,RG,4050,2,D,GR,XC,D
14:44:06,UNVR,RG,4050,3,D,GR,AK,F
14:43:20,UNVR,RG,4050,3,D,GR,AI,D
14:42:58,UNVR,RG,4060,10,D,YP,SQ,D
14:42:50,UNVR,RG,4060,40,F,YU,SQ,D
14:42:45,UNVR,RG,4060,10,D,XL,SQ,D
14:42:44,UNVR,RG,4060,1,D,BQ,SQ,D
14:42:44,UNVR,RG,4060,10,D,CC,SQ,D
14:42:42,UNVR,RG,4060,2,D,NI,SQ,D
14:42:23,UNVR,RG,4060,2,D,PD,SQ,D
14:42:22,UNVR,RG,4050,36,D,GR,SQ,D
14:42:22,UNVR,RG,4060,136,D,YP,SQ,D
14:42:22,UNVR,RG,4060,1,D,YP,PD,D
14:42:22,UNVR,RG,4060,63,D,YP,SQ,D
14:42:21,UNVR,RG,4050,20,D,GR,CC,D
14:42:14,UNVR,RG,4050,10,D,GR,PD,D
14:42:08,UNVR,RG,4050,155,D,GR,GR,D
14:42:08,UNVR,RG,4050,3,D,CC,GR,D
14:42:08,UNVR,RG,4050,1,D,NI,GR,D
14:42:08,UNVR,RG,4050,3,D,CC,GR,D
14:42:08,UNVR,RG,4050,1,D,PD,GR,D
14:42:08,UNVR,RG,4050,1,D,YP,GR,D
14:42:08,UNVR,RG,4050,16,D,PD,GR,D
14:42:08,UNVR,RG,4050,1,D,TP,GR,D
14:42:08,UNVR,RG,4050,1,D,BB,GR,D
14:42:08,UNVR,RG,4050,18,F,ZP,GR,D
14:42:06,UNVR,RG,4060,5,D,NI,SQ,D
14:41:47,UNVR,RG,4060,1,D,XL,SQ,D
14:41:39,UNVR,RG,4060,10,D,DH,SQ,D
14:41:32,UNVR,RG,4060,2,D,YU,SQ,D
14:41:30,UNVR,RG,4050,21,F,ZP,DX,D
14:41:30,UNVR,RG,4050,79,F,ZP,AK,F
14:41:30,UNVR,RG,4050,6,D,TP,AK,F
14:41:30,UNVR,RG,4050,1,D,YP,AK,F
14:41:30,UNVR,RG,4050,2,D,NI,AK,F
14:41:30,UNVR,RG,4050,1,D,PD,AK,F
14:41:30,UNVR,RG,4050,1,D,ZP,AK,F
14:41:30,UNVR,RG,4050,1,D,NI,AK,F
14:41:30,UNVR,RG,4050,2,D,PD,AK,F
14:41:30,UNVR,RG,4050,1,D,NI,AK,F
14:41:30,UNVR,RG,4050,10,D,PD,AK,F
14:41:30,UNVR,RG,4050,1,D,CC,AK,F
14:41:30,UNVR,RG,4050,5,D,KK,AK,F
14:41:30,UNVR,RG,4050,1,D,XC,AK,F
14:41:30,UNVR,RG,4050,1,D,PD,AK,F
14:41:30,UNVR,RG,4050,1,D,XC,AK,F
14:41:30,UNVR,RG,4050,1,D,XC,AK,F
14:41:30,UNVR,RG,4050,2,D,XC,AK,F
14:41:30,UNVR,RG,4050,1,D,KK,AK,F
14:41:30,UNVR,RG,4050,10,D,CC,AK,F
14:41:30,UNVR,RG,4050,3,D,SQ,AK,F
14:41:30,UNVR,RG,4050,10,D,GR,AK,F
14:41:30,UNVR,RG,4050,10,F,ZP,AK,F
14:41:30,UNVR,RG,4050,1,D,PD,AK,F
14:41:30,UNVR,RG,4050,5,D,CC,AK,F
14:41:30,UNVR,RG,4050,20,D,XC,AK,F
14:41:30,UNVR,RG,4050,2,D,KK,AK,F
14:41:30,UNVR,RG,4050,1,D,NI,AK,F
14:41:30,UNVR,RG,4050,43,D,IF,AK,F
14:41:23,UNVR,RG,4060,1,D,BB,SQ,D
14:41:20,UNVR,RG,4060,10,D,CC,SQ,D
14:41:15,UNVR,RG,4060,2,D,CC,SQ,D
14:40:48,UNVR,RG,4060,5,D,NI,SQ,D
14:40:46,UNVR,RG,4060,1,D,NI,SQ,D
14:40:42,UNVR,RG,4060,5,D,PD,SQ,D
14:40:37,UNVR,RG,4060,2,D,BB,SQ,D
14:40:27,UNVR,RG,4050,17,D,IF,LG,D
14:40:15,UNVR,RG,4060,5,D,DH,SQ,D
14:40:09,UNVR,RG,4060,1,D,YP,SQ,D
14:40:08,UNVR,RG,4050,40,D,IF,YP,D
14:40:08,UNVR,RG,4050,1,D,NI,YP,D
14:40:08,UNVR,RG,4050,5,D,EP,YP,D
14:40:08,UNVR,RG,4050,1,D,NI,YP,D
14:40:08,UNVR,RG,4050,1,D,XC,YP,D
14:40:08,UNVR,RG,4050,3,D,XC,YP,D
14:40:08,UNVR,RG,4050,29,D,NI,YP,D
14:39:49,UNVR,RG,4060,37,D,KZ,SQ,D
14:39:49,UNVR,RG,4060,5,D,KZ,AK,F
14:39:49,UNVR,RG,4060,5,D,KZ,AK,F
14:39:49,UNVR,RG,4060,32,D,KZ,BK,F
14:39:44,UNVR,RG,4060,1,D,BB,BK,F
14:39:35,UNVR,RG,4060,3,F,YU,BK,F
14:39:35,UNVR,RG,4060,37,F,YU,AK,F
14:39:30,UNVR,RG,4050,4,D,NI,XL,D
14:39:27,UNVR,RG,4050,1,D,NI,PD,D
14:39:24,UNVR,RG,4060,2,D,KZ,AK,F
14:39:19,UNVR,RG,4060,1,D,KZ,AK,F
14:39:10,UNVR,RG,4050,289,D,NI,CC,D
14:39:08,UNVR,RG,4060,5,D,XC,CC,D
14:38:59,UNVR,RG,4060,1,D,KZ,CC,D
14:38:58,UNVR,RG,4060,1,D,BB,CC,D
14:38:56,UNVR,RG,4050,55,D,NI,CC,D
14:38:53,UNVR,RG,4050,10,D,NI,CC,D
14:38:52,UNVR,RG,4050,25,D,NI,NI,D
14:38:49,UNVR,RG,4050,155,D,NI,CC,D
14:38:49,UNVR,RG,4050,33,D,NI,DR,D
14:38:45,UNVR,RG,4050,1,D,NI,NI,D
14:38:43,UNVR,RG,4050,155,D,NI,CC,D
14:38:35,UNVR,RG,4050,125,D,NI,CC,D
14:38:30,UNVR,RG,4050,22,D,NI,DX,D
14:38:24,UNVR,RG,4060,5,D,XL,CC,D
14:38:17,UNVR,RG,4050,67,D,NI,CC,D
14:38:10,UNVR,RG,4060,1,D,BB,CC,D
14:38:06,UNVR,RG,4050,29,D,NI,CC,D
14:38:06,UNVR,RG,4050,1,D,YP,CC,D
14:38:06,UNVR,RG,4050,5,D,KK,CC,D
14:38:06,UNVR,RG,4050,2,D,CC,CC,D
14:38:06,UNVR,RG,4050,1,D,XC,CC,D
14:38:06,UNVR,RG,4050,10,D,CC,CC,D
14:38:06,UNVR,RG,4050,1,D,XC,CC,D
14:38:06,UNVR,RG,4050,2,D,KK,CC,D
14:38:02,UNVR,RG,4060,50,D,DH,CC,D
14:38:00,UNVR,RG,4050,18,D,KK,CC,D
14:38:00,UNVR,RG,4050,10,D,NI,CC,D
14:38:00,UNVR,RG,4050,1,D,PD,CC,D
14:38:00,UNVR,RG,4050,1,D,DX,CC,D
14:38:00,UNVR,RG,4050,2,D,PD,CC,D
14:38:00,UNVR,RG,4050,25,D,CC,CC,D
14:37:59,UNVR,RG,4060,3,D,NI,CC,D
14:37:59,UNVR,RG,4060,1,D,KZ,CC,D
14:37:53,UNVR,RG,4050,37,D,CC,CC,D
14:37:46,UNVR,RG,4050,8,D,CC,CC,D
14:37:46,UNVR,RG,4050,1,D,DH,CC,D
14:37:46,UNVR,RG,4050,1,D,OD,CC,D
14:37:46,UNVR,RG,4050,1,D,XL,CC,D
14:37:46,UNVR,RG,4050,5,D,LG,CC,D
14:37:46,UNVR,RG,4050,1,D,NI,CC,D
14:37:46,UNVR,RG,4050,2,D,XC,CC,D
14:37:46,UNVR,RG,4050,5,D,YP,CC,D
14:37:46,UNVR,RG,4050,2,D,CC,CC,D
14:37:46,UNVR,RG,4050,1,D,NI,CC,D
14:37:46,UNVR,RG,4050,1,D,XC,CC,D
14:37:46,UNVR,RG,4050,1,D,XL,CC,D
14:37:46,UNVR,RG,4050,10,D,XC,CC,D
14:37:46,UNVR,RG,4050,1,D,YP,CC,D
14:37:46,UNVR,RG,4050,50,D,SQ,CC,D
14:37:46,UNVR,RG,4050,1,D,YP,CC,D
14:37:46,UNVR,RG,4050,4,D,CC,CC,D
14:37:34,UNVR,RG,4060,3,D,KZ,CC,D
14:37:34,UNVR,RG,4060,6,D,KZ,SQ,D
14:37:29,UNVR,RG,4050,4,D,CC,XC,D
14:37:22,UNVR,RG,4060,1,D,BB,SQ,D
14:37:20,UNVR,RG,4050,1,D,CC,CC,D
14:37:07,UNVR,RG,4060,1,D,NI,SQ,D
14:37:06,UNVR,RG,4060,1,D,XC,SQ,D
14:37:01,UNVR,RG,4060,4,D,XL,SQ,D
14:36:58,UNVR,RG,4060,40,F,YU,SQ,D
14:36:42,UNVR,RG,4050,1,D,CC,KK,D
14:36:37,UNVR,RG,4060,1,D,BB,SQ,D
14:36:35,UNVR,RG,4050,7,D,SQ,CC,D
14:36:16,UNVR,RG,4050,12,D,SQ,PD,D
14:36:04,UNVR,RG,4050,5,D,SQ,CC,D
14:36:03,UNVR,RG,4050,1,D,SQ,PD,D
14:36:03,UNVR,RG,4050,50,D,SQ,PD,D
14:36:03,UNVR,RG,4050,4,D,PD,PD,D
14:36:03,UNVR,RG,4050,1,D,CC,PD,D
14:36:03,UNVR,RG,4050,2,D,PD,PD,D
14:36:03,UNVR,RG,4050,1,D,SQ,PD,D
14:36:03,UNVR,RG,4050,13,D,PD,PD,D
14:36:03,UNVR,RG,4050,2,D,DH,PD,D
14:36:03,UNVR,RG,4050,2,D,PD,PD,D
14:36:03,UNVR,RG,4050,2,D,XC,PD,D
14:36:03,UNVR,RG,4050,12,D,CC,PD,D
14:36:00,UNVR,RG,4050,8,D,CC,AG,D
14:36:00,UNVR,RG,4050,1,D,TP,AG,D
14:36:00,UNVR,RG,4050,2,D,XC,AG,D
14:36:00,UNVR,RG,4050,180,D,KK,AG,D
14:36:00,UNVR,RG,4050,10,D,DH,AG,D
14:36:00,UNVR,RG,4050,1,D,PD,AG,D
14:36:00,UNVR,RG,4050,1,D,KZ,AG,D
14:36:00,UNVR,RG,4050,1,D,YP,AG,D
14:36:00,UNVR,RG,4050,1,D,XC,AG,D
14:36:00,UNVR,RG,4050,12,D,KZ,AG,D
14:36:00,UNVR,RG,4050,250,D,KK,AG,D
14:36:00,UNVR,RG,4050,10,D,PD,AG,D
14:36:00,UNVR,RG,4050,2,D,YP,AG,D
14:36:00,UNVR,RG,4050,24,D,CC,AG,D
14:36:00,UNVR,RG,4050,1,D,NI,AG,D
14:36:00,UNVR,RG,4050,1,D,YP,AG,D
14:36:00,UNVR,RG,4050,7,D,KZ,AG,D
14:36:00,UNVR,RG,4050,300,D,DR,AG,D
14:36:00,UNVR,RG,4050,1,D,PD,AG,D
14:36:00,UNVR,RG,4050,1,D,CC,AG,D
14:36:00,UNVR,RG,4050,1,D,XL,AG,D
14:36:00,UNVR,RG,4050,10,D,PD,AG,D
14:36:00,UNVR,RG,4050,1,D,KK,AG,D
14:36:00,UNVR,RG,4050,1,D,XC,AG,D
14:36:00,UNVR,RG,4050,1,D,KZ,AG,D
14:36:00,UNVR,RG,4050,1,D,DR,AG,D
14:36:00,UNVR,RG,4050,5,D,KZ,AG,D
14:36:00,UNVR,RG,4050,100,D,DH,AG,D
14:36:00,UNVR,RG,4050,10,D,KZ,AG,D
14:36:00,UNVR,RG,4050,10,D,PD,AG,D
14:36:00,UNVR,RG,4050,1,D,GR,AG,D
14:36:00,UNVR,RG,4050,1,D,DR,AG,D
14:36:00,UNVR,RG,4050,4,D,KZ,AG,D
14:36:00,UNVR,RG,4050,100,D,DR,AG,D
14:36:00,UNVR,RG,4050,2,D,DH,AG,D
14:36:00,UNVR,RG,4050,1,D,EP,AG,D
14:36:00,UNVR,RG,4050,1,D,LG,AG,D
14:36:00,UNVR,RG,4050,1,D,KK,AG,D
14:36:00,UNVR,RG,4050,3,D,XC,AG,D
14:36:00,UNVR,RG,4050,2,D,KZ,AG,D
14:36:00,UNVR,RG,4050,2,D,CC,AG,D
14:36:00,UNVR,RG,4050,2,D,CP,AG,D
14:36:00,UNVR,RG,4050,1,D,XC,AG,D
14:36:00,UNVR,RG,4050,2,D,YP,AG,D
14:36:00,UNVR,RG,4050,1,D,KZ,AG,D
14:36:00,UNVR,RG,4050,2,D,ZP,AG,D
14:36:00,UNVR,RG,4050,2,D,CC,AG,D
14:36:00,UNVR,RG,4050,1,D,KK,AG,D
14:36:00,UNVR,RG,4050,5,D,YP,AG,D
14:36:00,UNVR,RG,4050,2,D,PD,AG,D
14:36:00,UNVR,RG,4050,1,D,PD,AG,D
14:36:00,UNVR,RG,4050,1,D,NI,AG,D
14:36:00,UNVR,RG,4050,1,D,YP,AG,D
14:36:00,UNVR,RG,4050,5,D,OD,AG,D
14:36:00,UNVR,RG,4050,1,D,PD,AG,D
14:36:00,UNVR,RG,4050,20,D,CC,AG,D
14:36:00,UNVR,RG,4050,10,D,PD,AG,D
14:36:00,UNVR,RG,4050,10,D,CC,AG,D
14:36:00,UNVR,RG,4050,1,D,DR,AG,D
14:36:00,UNVR,RG,4050,5,D,DH,AG,D
14:36:00,UNVR,RG,4050,1,D,XC,AG,D
14:36:00,UNVR,RG,4050,1,D,XC,AG,D
14:36:00,UNVR,RG,4050,1,D,XC,AG,D
14:36:00,UNVR,RG,4050,1,D,XC,AG,D
14:36:00,UNVR,RG,4050,112,D,YP,AG,D
14:36:00,UNVR,RG,4050,20,D,OD,AG,D
14:36:00,UNVR,RG,4050,6,D,XC,AG,D
14:36:00,UNVR,RG,4050,10,D,PD,AG,D
14:36:00,UNVR,RG,4050,1,D,CC,AG,D
14:36:00,UNVR,RG,4050,5,D,XC,AG,D
14:36:00,UNVR,RG,4050,1,D,XC,AG,D
14:36:00,UNVR,RG,4050,1,D,NI,AG,D
14:36:00,UNVR,RG,4050,5,D,YP,AG,D
14:36:00,UNVR,RG,4050,1,D,PD,AG,D
14:36:00,UNVR,RG,4050,3,D,YP,AG,D
14:36:00,UNVR,RG,4050,1,D,XC,AG,D
14:36:00,UNVR,RG,4050,100,D,PD,AG,D
14:36:00,UNVR,RG,4050,5,D,CC,AG,D
14:36:00,UNVR,RG,4050,10,D,CP,AG,D
14:36:00,UNVR,RG,4050,1,D,YP,AG,D
14:36:00,UNVR,RG,4050,1,D,YP,AG,D
14:36:00,UNVR,RG,4050,1,D,XC,AG,D
14:36:00,UNVR,RG,4050,20,D,PD,AG,D
14:36:00,UNVR,RG,4050,3,D,XA,AG,D
14:36:00,UNVR,RG,4050,10,D,YP,AG,D
14:36:00,UNVR,RG,4050,3,D,NI,AG,D
14:36:00,UNVR,RG,4050,10,D,NI,AG,D
14:36:00,UNVR,RG,4050,2,D,DR,AG,D
14:36:00,UNVR,RG,4050,5,D,PD,AG,D
14:36:00,UNVR,RG,4050,1,D,NI,AG,D
14:36:00,UNVR,RG,4050,5,D,YP,AG,D
14:36:00,UNVR,RG,4050,1,D,YP,AG,D
14:36:00,UNVR,RG,4050,1,D,KK,AG,D
14:36:00,UNVR,RG,4050,1,D,PD,AG,D
14:36:00,UNVR,RG,4050,1,D,PD,AG,D
14:36:00,UNVR,RG,4050,1,D,PD,AG,D
14:36:00,UNVR,RG,4050,5,D,YP,AG,D
14:36:00,UNVR,RG,4050,20,D,PD,AG,D
14:36:00,UNVR,RG,4050,5,D,KK,AG,D
14:36:00,UNVR,RG,4050,2,D,PD,AG,D
14:36:00,UNVR,RG,4050,1,D,CC,AG,D
14:36:00,UNVR,RG,4050,2,D,KK,AG,D
14:36:00,UNVR,RG,4050,1,D,NI,AG,D
14:36:00,UNVR,RG,4050,10,D,DH,AG,D
14:36:00,UNVR,RG,4050,1,D,XC,AG,D
14:36:00,UNVR,RG,4050,3,D,NI,AG,D
14:36:00,UNVR,RG,4050,2,D,XC,AG,D
14:36:00,UNVR,RG,4050,1,D,CC,AG,D
14:36:00,UNVR,RG,4050,100,D,PD,AG,D
14:36:00,UNVR,RG,4050,1,D,XL,AG,D
14:36:00,UNVR,RG,4050,20,D,YP,AG,D
14:36:00,UNVR,RG,4050,10,D,NI,AG,D
14:36:00,UNVR,RG,4050,2,D,KK,AG,D
14:36:00,UNVR,RG,4050,10,D,PD,AG,D
14:36:00,UNVR,RG,4050,1,D,XC,AG,D
14:36:00,UNVR,RG,4050,10,D,NI,AG,D
14:36:00,UNVR,RG,4050,1,D,XC,AG,D
14:36:00,UNVR,RG,4050,1,D,PD,AG,D
14:36:00,UNVR,RG,4050,1,D,PD,AG,D
14:36:00,UNVR,RG,4050,1,D,XC,AG,D
14:36:00,UNVR,RG,4050,1,D,XC,AG,D
14:36:00,UNVR,RG,4050,1,D,PD,AG,D
14:36:00,UNVR,RG,4050,5,D,SQ,AG,D
14:36:00,UNVR,RG,4050,1,D,NI,AG,D
14:36:00,UNVR,RG,4050,2,D,XC,AG,D
14:36:00,UNVR,RG,4050,1,D,PD,AG,D
14:36:00,UNVR,RG,4050,1,D,XC,AG,D
14:36:00,UNVR,RG,4050,2,D,XC,AG,D
14:36:00,UNVR,RG,4050,1,D,HP,AG,D
14:36:00,UNVR,RG,4050,5,D,XC,AG,D
14:36:00,UNVR,RG,4050,1,D,NI,AG,D
14:36:00,UNVR,RG,4050,10,D,SQ,AG,D
14:36:00,UNVR,RG,4050,25,D,PD,AG,D
14:36:00,UNVR,RG,4050,2,D,YP,AG,D
14:36:00,UNVR,RG,4050,10,D,GR,AG,D
14:36:00,UNVR,RG,4050,10,D,XL,AG,D
14:36:00,UNVR,RG,4050,100,D,BS,AG,D
14:36:00,UNVR,RG,4050,1,D,XC,AG,D
14:36:00,UNVR,RG,4050,1,D,PD,AG,D
14:36:00,UNVR,RG,4050,2,D,CC,AG,D
14:36:00,UNVR,RG,4050,60,D,NI,AG,D
14:36:00,UNVR,RG,4050,1,D,PD,AG,D
14:36:00,UNVR,RG,4050,3,D,XC,AG,D
14:36:00,UNVR,RG,4050,2,D,YP,AG,D
14:36:00,UNVR,RG,4050,3,D,YP,AG,D
14:36:00,UNVR,RG,4050,1,D,CC,AG,D
14:36:00,UNVR,RG,4050,100,D,CC,AG,D
14:36:00,UNVR,RG,4050,1,D,CC,AG,D
14:36:00,UNVR,RG,4050,1,D,CC,AG,D
14:36:00,UNVR,RG,4050,2,D,XC,AG,D
14:36:00,UNVR,RG,4050,2,D,XC,AG,D
14:36:00,UNVR,RG,4050,2,D,TF,AG,D
14:36:00,UNVR,RG,4050,20,D,YP,AG,D
14:36:00,UNVR,RG,4050,1,D,NI,AG,D
14:36:00,UNVR,RG,4050,1,D,XC,AG,D
14:36:00,UNVR,RG,4050,5,D,XC,AG,D
14:36:00,UNVR,RG,4050,1,D,KK,AG,D
14:36:00,UNVR,RG,4050,190,D,YP,AG,D
14:36:00,UNVR,RG,4050,2,D,NI,AG,D
14:36:00,UNVR,RG,4050,1,D,CC,AG,D
14:36:00,UNVR,RG,4050,1,D,DR,AG,D
14:36:00,UNVR,RG,4050,1,D,CC,AG,D
14:36:00,UNVR,RG,4050,100,D,DH,AG,D
14:36:00,UNVR,RG,4050,4,D,TP,AG,D
14:36:00,UNVR,RG,4050,1,D,CC,AG,D
14:36:00,UNVR,RG,4050,2,D,CC,AG,D
14:36:00,UNVR,RG,4050,10,D,NI,AG,D
14:36:00,UNVR,RG,4050,1,D,YP,AG,D
14:36:00,UNVR,RG,4050,20,D,YP,AG,D
14:36:00,UNVR,RG,4050,1,D,YP,AG,D
14:36:00,UNVR,RG,4050,1,D,YP,AG,D
14:36:00,UNVR,RG,4050,1,D,YP,AG,D
14:36:00,UNVR,RG,4050,10,D,YP,AG,D
14:36:00,UNVR,RG,4050,3,D,YP,AG,D
14:36:00,UNVR,RG,4050,10,F,YP,AG,D
14:36:00,UNVR,RG,4050,4,D,YP,AG,D
14:36:00,UNVR,RG,4050,5,D,YP,AG,D
14:36:00,UNVR,RG,4050,1,D,YP,AG,D
14:36:00,UNVR,RG,4050,20,D,CC,AG,D
14:36:00,UNVR,RG,4050,10,D,CC,AG,D
14:36:00,UNVR,RG,4050,2,D,CC,AG,D
14:36:00,UNVR,RG,4050,1,D,XC,AG,D
14:36:00,UNVR,RG,4050,1,D,XC,AG,D
14:36:00,UNVR,RG,4050,1,D,XC,AG,D
14:35:57,UNVR,RG,4060,1,D,PD,SQ,D
14:35:51,UNVR,RG,4050,1,D,XC,DX,D
14:35:51,UNVR,RG,4050,1,D,XC,DX,D
14:35:51,UNVR,RG,4050,5,D,XC,DX,D
14:35:50,UNVR,RG,4060,1,D,BB,SQ,D
14:35:41,UNVR,RG,4050,15,D,XC,EP,D
14:35:41,UNVR,RG,4050,10,D,XC,EP,D
14:35:41,UNVR,RG,4050,25,D,CC,EP,D
14:35:41,UNVR,RG,4050,1,D,XC,EP,D
14:35:41,UNVR,RG,4050,20,D,CC,EP,D
14:35:41,UNVR,RG,4050,42,D,XL,EP,D
14:35:26,UNVR,RG,4050,10,D,XL,DX,D
14:35:26,UNVR,RG,4050,1,D,XC,DX,D
14:35:26,UNVR,RG,4050,1,D,XC,DX,D
14:35:26,UNVR,RG,4050,3,D,XL,DX,D
14:35:26,UNVR,RG,4050,2,D,XC,DX,D
14:35:26,UNVR,RG,4050,7,D,XC,DX,D
14:35:26,UNVR,RG,4050,2,D,PD,DX,D
14:35:18,UNVR,RG,4050,3,D,TP,XL,D
14:35:08,UNVR,RG,4050,82,D,TP,AG,D
14:35:08,UNVR,RG,4050,33,D,OD,AG,D
14:35:08,UNVR,RG,4050,25,D,CC,AG,D
14:35:08,UNVR,RG,4050,10,D,PD,AG,D
14:35:08,UNVR,RG,4050,1,D,PD,AG,D
14:35:08,UNVR,RG,4050,5,D,KK,AG,D
14:35:08,UNVR,RG,4050,10,D,PD,AG,D
14:35:08,UNVR,RG,4050,8,D,SQ,AG,D
14:35:08,UNVR,RG,4050,1,D,KK,AG,D
14:35:08,UNVR,RG,4050,1,D,KK,AG,D
14:35:08,UNVR,RG,4050,1,D,PD,AG,D
14:35:08,UNVR,RG,4050,3,D,XL,AG,D
14:35:08,UNVR,RG,4050,1,D,XL,AG,D
14:35:08,UNVR,RG,4050,1,D,PD,AG,D
14:35:08,UNVR,RG,4050,1,D,PD,AG,D
14:35:08,UNVR,RG,4050,50,D,GR,AG,D
14:35:08,UNVR,RG,4050,6,D,DX,AG,D
14:35:08,UNVR,RG,4050,1,D,AZ,AG,D
14:35:08,UNVR,RG,4050,1,D,DR,AG,D
14:35:08,UNVR,RG,4050,1,D,CP,AG,D
14:35:08,UNVR,RG,4050,1,D,PD,AG,D
14:35:08,UNVR,RG,4050,1,D,PD,AG,D
14:35:08,UNVR,RG,4050,1,D,PD,AG,D
14:35:08,UNVR,RG,4050,1,D,PD,AG,D
14:35:08,UNVR,RG,4050,3,D,PD,AG,D
14:35:08,UNVR,RG,4050,1,D,PD,AG,D
14:35:08,UNVR,RG,4050,1,D,PD,AG,D
14:35:08,UNVR,RG,4050,1,D,PD,AG,D
14:35:08,UNVR,RG,4050,2,D,PD,AG,D
14:35:08,UNVR,RG,4050,1,D,PD,AG,D
14:35:08,UNVR,RG,4050,2,D,PD,AG,D
14:35:08,UNVR,RG,4050,1,D,DR,AG,D
14:35:08,UNVR,RG,4050,5,D,PD,AG,D
14:35:08,UNVR,RG,4050,1,D,DR,AG,D
14:35:08,UNVR,RG,4050,15,D,DH,AG,D
14:35:08,UNVR,RG,4050,1,D,PD,AG,D
14:35:08,UNVR,RG,4050,7,D,GR,AG,D
14:35:08,UNVR,RG,4050,1,D,GR,AG,D
14:35:08,UNVR,RG,4050,1,D,KK,AG,D
14:35:08,UNVR,RG,4050,2,D,EP,AG,D
14:35:08,UNVR,RG,4050,2,D,EP,AG,D
14:35:08,UNVR,RG,4050,1,D,PD,AG,D
14:35:08,UNVR,RG,4050,25,D,CP,AG,D
14:35:08,UNVR,RG,4050,5,D,SQ,AG,D
14:35:08,UNVR,RG,4050,247,D,MI,AG,D
14:35:08,UNVR,RG,4050,1,D,XC,AG,D
14:35:08,UNVR,RG,4050,10,D,EP,AG,D
14:35:08,UNVR,RG,4050,1,D,PD,AG,D
14:35:08,UNVR,RG,4050,1,D,XC,AG,D
14:35:08,UNVR,RG,4050,1,D,CC,AG,D
14:35:08,UNVR,RG,4050,9,D,XC,AG,D
14:35:08,UNVR,RG,4050,5,D,YP,AG,D
14:35:08,UNVR,RG,4050,13,D,XC,AG,D
14:35:08,UNVR,RG,4050,100,D,PD,AG,D
14:35:08,UNVR,RG,4050,1,D,XL,AG,D
14:35:08,UNVR,RG,4050,2,D,CC,AG,D
14:35:08,UNVR,RG,4050,1,D,XC,AG,D
14:35:08,UNVR,RG,4050,1,D,YP,AG,D
14:35:08,UNVR,RG,4050,100,D,YB,AG,D
14:35:08,UNVR,RG,4050,4,D,GR,AG,D
14:35:08,UNVR,RG,4050,2,D,YP,AG,D
14:35:08,UNVR,RG,4050,2,D,CC,AG,D
14:35:08,UNVR,RG,4050,1,D,YP,AG,D
14:35:08,UNVR,RG,4050,5,D,PD,AG,D
14:35:08,UNVR,RG,4050,1,D,XC,AG,D
14:35:08,UNVR,RG,4050,3,D,YP,AG,D
14:35:08,UNVR,RG,4050,1,D,YP,AG,D
14:35:08,UNVR,RG,4050,3,D,PD,AG,D
14:35:08,UNVR,RG,4050,10,D,YP,AG,D
14:35:08,UNVR,RG,4050,10,D,KK,AG,D
14:35:08,UNVR,RG,4050,1,D,PD,AG,D
14:35:08,UNVR,RG,4050,3,D,KK,AG,D
14:35:08,UNVR,RG,4050,1,D,XC,AG,D
14:35:08,UNVR,RG,4050,2,D,PD,AG,D
14:35:08,UNVR,RG,4050,20,D,YP,AG,D
14:35:08,UNVR,RG,4050,2,D,RB,AG,D
14:35:08,UNVR,RG,4050,14,D,NI,AG,D
14:35:08,UNVR,RG,4050,5,D,EP,AG,D
14:35:08,UNVR,RG,4050,1,D,XC,AG,D
14:35:08,UNVR,RG,4050,50,D,YP,AG,D
14:35:08,UNVR,RG,4050,5,D,XC,AG,D
14:35:08,UNVR,RG,4050,1,D,PD,AG,D
14:35:08,UNVR,RG,4050,10,D,PD,AG,D
14:35:08,UNVR,RG,4050,2,D,EP,AG,D
14:35:08,UNVR,RG,4050,26,D,NI,AG,D
14:35:08,UNVR,RG,4050,8,D,CC,AG,D
14:35:08,UNVR,RG,4050,5,D,YP,AG,D
14:35:08,UNVR,RG,4050,1,D,CC,AG,D
14:35:08,UNVR,RG,4050,3,D,XC,AG,D
14:35:08,UNVR,RG,4050,3,D,XC,AG,D
14:35:08,UNVR,RG,4050,1,D,PD,AG,D
14:35:08,UNVR,RG,4050,1,D,XC,AG,D
14:35:08,UNVR,RG,4050,5,D,PD,AG,D
14:35:08,UNVR,RG,4050,5,D,BQ,AG,D
14:35:08,UNVR,RG,4050,10,D,CC,AG,D
14:35:08,UNVR,RG,4050,1,D,DH,AG,D
14:35:08,UNVR,RG,4050,1,D,PD,AG,D
14:35:08,UNVR,RG,4050,10,D,YP,AG,D
14:35:08,UNVR,RG,4050,8,D,YP,AG,D
14:35:08,UNVR,RG,4050,1,D,CC,AG,D
14:35:08,UNVR,RG,4050,1,D,YP,AG,D
14:35:08,UNVR,RG,4050,1,D,YP,AG,D
14:35:08,UNVR,RG,4050,2,D,NI,AG,D
14:35:08,UNVR,RG,4050,17,F,ZP,AG,D
14:35:08,UNVR,RG,4050,11,D,CC,AG,D
14:35:08,UNVR,RG,4050,5,D,DR,AG,D
14:35:08,UNVR,RG,4050,1,D,XC,AG,D
14:35:08,UNVR,RG,4050,5,D,PD,AG,D
14:35:08,UNVR,RG,4050,1,D,PD,AG,D
14:35:08,UNVR,RG,4050,3,D,XC,AG,D
14:35:08,UNVR,RG,4050,5,D,YP,AG,D
14:35:08,UNVR,RG,4050,20,D,NI,AG,D
14:35:08,UNVR,RG,4050,50,D,KK,AG,D
14:35:08,UNVR,RG,4050,10,D,DH,AG,D
14:35:08,UNVR,RG,4050,10,D,GR,AG,D
14:35:08,UNVR,RG,4050,1,D,KK,AG,D
14:35:08,UNVR,RG,4050,1,D,PD,AG,D
14:35:08,UNVR,RG,4050,2,D,XC,AG,D
14:35:08,UNVR,RG,4050,3,D,NI,AG,D
14:35:08,UNVR,RG,4050,5,D,PD,AG,D
14:35:08,UNVR,RG,4050,2,D,XC,AG,D
14:35:08,UNVR,RG,4050,10,D,NI,AG,D
14:35:08,UNVR,RG,4050,3,D,XC,AG,D
14:35:08,UNVR,RG,4050,1,D,XC,AG,D
14:35:08,UNVR,RG,4050,5,D,YP,AG,D
14:35:08,UNVR,RG,4050,20,D,YP,AG,D
14:35:08,UNVR,RG,4050,12,D,DH,AG,D
14:35:08,UNVR,RG,4050,2,D,CC,AG,D
14:35:08,UNVR,RG,4050,9,D,AT,AG,D
14:35:08,UNVR,RG,4050,400,D,NI,AG,D
14:35:08,UNVR,RG,4050,12,D,NI,AG,D
14:35:08,UNVR,RG,4050,5,D,PD,AG,D
14:35:08,UNVR,RG,4050,5,D,XC,AG,D
14:35:08,UNVR,RG,4050,3,D,CC,AG,D
14:35:08,UNVR,RG,4050,311,D,KZ,AG,D
14:35:08,UNVR,RG,4050,5,D,OD,AG,D
14:35:08,UNVR,RG,4050,1,D,PD,AG,D
14:35:08,UNVR,RG,4050,1,D,CC,AG,D
14:35:08,UNVR,RG,4050,2,D,YP,AG,D
14:35:08,UNVR,RG,4050,10,D,CC,AG,D
14:35:08,UNVR,RG,4050,25,D,YP,AG,D
14:35:08,UNVR,RG,4050,13,D,XL,AG,D
14:35:08,UNVR,RG,4050,50,D,YP,AG,D
14:35:08,UNVR,RG,4050,5,D,YP,AG,D
14:35:08,UNVR,RG,4050,3,D,PD,AG,D
14:35:08,UNVR,RG,4050,10,D,XC,AG,D
14:35:08,UNVR,RG,4050,5,D,YP,AG,D
14:35:08,UNVR,RG,4050,1,D,XL,AG,D
14:35:08,UNVR,RG,4050,1,D,KK,AG,D
14:35:08,UNVR,RG,4050,10,D,DR,AG,D
14:35:08,UNVR,RG,4050,5,D,YP,AG,D
14:35:08,UNVR,RG,4050,1,D,PD,AG,D
14:35:08,UNVR,RG,4050,25,D,YP,AG,D
14:35:08,UNVR,RG,4050,1,D,ZP,AG,D
14:35:08,UNVR,RG,4050,4,D,PD,AG,D
14:35:08,UNVR,RG,4050,10,D,YP,AG,D
14:35:08,UNVR,RG,4050,5,D,YP,AG,D
14:35:08,UNVR,RG,4050,30,D,YP,AG,D
14:35:08,UNVR,RG,4050,5,D,XC,AG,D
14:35:08,UNVR,RG,4050,1,D,NI,AG,D
14:35:08,UNVR,RG,4050,1,D,KK,AG,D
14:35:08,UNVR,RG,4050,30,D,CC,AG,D
14:35:08,UNVR,RG,4050,100,F,KK,AG,D
14:35:08,UNVR,RG,4050,1,D,AT,AG,D
14:35:08,UNVR,RG,4050,12,D,NI,AG,D
14:35:08,UNVR,RG,4050,15,D,YP,AG,D
14:35:08,UNVR,RG,4050,5,D,PD,AG,D
14:35:08,UNVR,RG,4050,1,D,AZ,AG,D
14:35:08,UNVR,RG,4050,1,D,YP,AG,D
14:35:08,UNVR,RG,4050,1,D,PD,AG,D
14:35:08,UNVR,RG,4050,10,D,GR,AG,D
14:35:08,UNVR,RG,4050,1,D,CC,AG,D
14:35:08,UNVR,RG,4050,2,D,XC,AG,D
14:35:08,UNVR,RG,4050,1,D,XC,AG,D
14:35:08,UNVR,RG,4050,1,D,SQ,AG,D
14:35:08,UNVR,RG,4050,7,D,XC,AG,D
14:35:08,UNVR,RG,4050,63,D,GR,AG,D
14:35:03,UNVR,RG,4060,1,D,BB,SQ,D
14:34:45,UNVR,RG,4060,2,D,PD,SQ,D
14:34:37,UNVR,RG,4050,2,D,GR,XC,D
14:34:34,UNVR,RG,4050,135,D,GR,DR,D
14:34:34,UNVR,RG,4050,34,D,CC,DR,D
14:34:32,UNVR,RG,4050,1,D,CC,XC,D
14:34:21,UNVR,RG,4060,7,D,NI,SQ,D
14:34:17,UNVR,RG,4060,20,D,YP,SQ,D
14:34:12,UNVR,RG,4060,4,D,XC,SQ,D
14:34:08,UNVR,RG,4060,1,D,BB,SQ,D
14:34:07,UNVR,RG,4050,7,D,CC,AT,D
14:33:58,UNVR,RG,4060,1,D,PD,SQ,D
14:33:56,UNVR,RG,4060,6,D,PD,SQ,D
14:33:26,UNVR,RG,4060,1,D,XC,SQ,D
14:33:18,UNVR,RG,4060,2,D,BB,SQ,D
14:33:17,UNVR,RG,4060,1,D,CC,SQ,D
14:32:54,UNVR,RG,4060,5,D,CC,SQ,D
14:32:32,UNVR,RG,4050,8,D,CC,DX,D
14:32:32,UNVR,RG,4050,5,D,YU,DX,D
14:32:32,UNVR,RG,4050,1,D,PD,DX,D
14:32:32,UNVR,RG,4050,4,D,XC,DX,D
14:32:32,UNVR,RG,4050,10,D,CC,DX,D
14:32:32,UNVR,RG,4050,1,D,XC,DX,D
14:32:32,UNVR,RG,4060,1,D,PD,SQ,D
14:32:29,UNVR,RG,4060,1,D,BB,SQ,D
14:32:28,UNVR,RG,4050,2,D,PD,AK,F
14:32:28,UNVR,RG,4050,15,D,DR,AK,F
14:32:28,UNVR,RG,4050,100,D,OD,AK,F
14:32:28,UNVR,RG,4050,100,D,YU,AK,F
14:32:28,UNVR,RG,4050,1,D,PD,AK,F
14:32:28,UNVR,RG,4050,3,D,PD,AK,F
14:32:28,UNVR,RG,4050,10,D,YP,AK,F
14:32:28,UNVR,RG,4050,50,D,SQ,AK,F
14:32:28,UNVR,RG,4050,1,D,NI,AK,F
14:32:28,UNVR,RG,4050,5,D,YP,AK,F
14:32:28,UNVR,RG,4050,6,D,NI,AK,F
14:32:28,UNVR,RG,4050,2,D,YP,AK,F
14:32:28,UNVR,RG,4050,1,D,YP,AK,F
14:32:28,UNVR,RG,4050,10,D,YP,AK,F
14:32:28,UNVR,RG,4050,1,D,XC,AK,F
14:32:28,UNVR,RG,4050,1,D,NI,AK,F
14:32:28,UNVR,RG,4050,5,D,XC,AK,F
14:32:28,UNVR,RG,4050,1,D,XC,AK,F
14:32:28,UNVR,RG,4050,1,D,DR,AK,F
14:32:28,UNVR,RG,4050,1,D,XC,AK,F
14:32:28,UNVR,RG,4050,1,D,NI,AK,F
14:32:28,UNVR,RG,4050,20,D,YP,AK,F
14:32:28,UNVR,RG,4050,4,D,KK,AK,F
14:32:28,UNVR,RG,4050,2,D,OD,AK,F
14:32:28,UNVR,RG,4050,5,D,EP,AK,F
14:32:28,UNVR,RG,4050,9,D,YP,AK,F
14:32:28,UNVR,RG,4050,1,D,CC,AK,F
14:32:28,UNVR,RG,4050,1,D,TP,AK,F
14:32:28,UNVR,RG,4050,1,D,NI,AK,F
14:32:28,UNVR,RG,4050,1,D,DR,AK,F
14:32:28,UNVR,RG,4050,10,D,NI,AK,F
14:32:28,UNVR,RG,4050,27,D,RF,AK,F
14:32:28,UNVR,RG,4050,20,D,YP,AK,F
14:32:28,UNVR,RG,4050,2,D,XC,AK,F
14:32:28,UNVR,RG,4050,1,D,YU,AK,F
14:32:28,UNVR,RG,4050,5,D,HP,AK,F
14:32:28,UNVR,RG,4050,4,D,CC,AK,F
14:32:28,UNVR,RG,4050,10,D,NI,AK,F
14:32:28,UNVR,RG,4050,5,D,PD,AK,F
14:32:28,UNVR,RG,4050,4,D,SQ,AK,F
14:32:28,UNVR,RG,4050,11,D,PD,AK,F
14:32:28,UNVR,RG,4050,1,D,KK,AK,F
14:32:28,UNVR,RG,4050,1,D,XC,AK,F
14:32:28,UNVR,RG,4050,1,D,YP,AK,F
14:32:28,UNVR,RG,4050,1,D,YP,AK,F
14:32:28,UNVR,RG,4050,5,D,TP,AK,F
14:32:28,UNVR,RG,4050,1,D,DR,AK,F
14:32:28,UNVR,RG,4050,1,D,PD,AK,F
14:32:28,UNVR,RG,4050,20,D,PC,AK,F
14:32:28,UNVR,RG,4050,3,D,AZ,AK,F
14:32:28,UNVR,RG,4050,3,D,CC,AK,F
14:32:28,UNVR,RG,4050,1,D,PD,AK,F
14:32:28,UNVR,RG,4050,2,D,EP,AK,F
14:32:28,UNVR,RG,4050,5,D,DH,AK,F
14:32:28,UNVR,RG,4050,3,D,KK,AK,F
14:32:28,UNVR,RG,4050,1,D,KK,AK,F
14:32:28,UNVR,RG,4050,10,D,DR,AK,F
14:32:28,UNVR,RG,4050,30,D,KK,AK,F
14:32:28,UNVR,RG,4050,1,D,XC,AK,F
14:32:28,UNVR,RG,4050,13,D,CC,AK,F
14:32:28,UNVR,RG,4050,1,D,XL,AK,F
14:32:28,UNVR,RG,4050,1,D,YP,AK,F
14:32:28,UNVR,RG,4050,1,D,PD,AK,F
14:32:28,UNVR,RG,4050,5,D,YP,AK,F
14:32:28,UNVR,RG,4050,1,D,KK,AK,F
14:32:28,UNVR,RG,4050,10,D,NI,AK,F
14:32:28,UNVR,RG,4050,1,D,YP,AK,F
14:32:28,UNVR,RG,4050,7,D,XL,AK,F
14:32:28,UNVR,RG,4050,50,D,AI,AK,F
14:32:28,UNVR,RG,4050,5,D,NI,AK,F
14:32:28,UNVR,RG,4050,5,D,EP,AK,F
14:32:28,UNVR,RG,4050,1,D,XC,AK,F
14:32:28,UNVR,RG,4050,3,D,YP,AK,F
14:32:28,UNVR,RG,4050,10,D,PD,AK,F
14:32:28,UNVR,RG,4050,10,D,NI,AK,F
14:32:28,UNVR,RG,4050,3,D,PD,AK,F
14:32:28,UNVR,RG,4050,1,D,DR,AK,F
14:32:28,UNVR,RG,4050,2,D,NI,AK,F
14:32:28,UNVR,RG,4050,18,D,CC,AK,F
14:32:28,UNVR,RG,4050,2,D,DR,AK,F
14:32:28,UNVR,RG,4050,100,D,GR,AK,F
14:32:28,UNVR,RG,4050,10,D,SQ,AK,F
14:32:28,UNVR,RG,4050,40,D,GR,AK,F
14:32:28,UNVR,RG,4050,4,D,XC,AK,F
14:32:28,UNVR,RG,4050,1,D,XC,AK,F
14:32:28,UNVR,RG,4050,1,D,YU,AK,F
14:32:28,UNVR,RG,4050,5,D,NI,AK,F
14:32:28,UNVR,RG,4050,5,D,PD,AK,F
14:32:28,UNVR,RG,4050,1,D,EP,AK,F
14:32:28,UNVR,RG,4050,20,D,HP,AK,F
14:32:28,UNVR,RG,4050,10,D,CC,AK,F
14:32:28,UNVR,RG,4050,4,D,CC,AK,F
14:32:28,UNVR,RG,4050,2,D,XC,AK,F
14:32:28,UNVR,RG,4050,3,D,YP,AK,F
14:32:28,UNVR,RG,4050,1,D,YP,AK,F
14:32:28,UNVR,RG,4050,60,D,CC,AK,F
14:32:28,UNVR,RG,4050,2,D,XC,AK,F
14:32:28,UNVR,RG,4050,10,D,OD,AK,F
14:32:28,UNVR,RG,4050,1,D,PD,AK,F
14:32:28,UNVR,RG,4050,1,D,DH,AK,F
14:32:28,UNVR,RG,4050,2,D,YP,AK,F
14:32:28,UNVR,RG,4050,5,D,CC,AK,F
14:32:28,UNVR,RG,4050,10,D,LG,AK,F
14:32:28,UNVR,RG,4050,2,D,NI,AK,F
14:32:28,UNVR,RG,4050,1,D,XC,AK,F
14:32:28,UNVR,RG,4050,1,D,XC,AK,F
14:32:28,UNVR,RG,4050,1,D,PD,AK,F
14:32:28,UNVR,RG,4050,1,D,KK,AK,F
14:32:28,UNVR,RG,4050,25,D,CC,AK,F
14:32:28,UNVR,RG,4050,1,D,YP,AK,F
14:32:28,UNVR,RG,4050,5,D,HP,AK,F
14:32:28,UNVR,RG,4050,1,D,PD,AK,F
14:32:28,UNVR,RG,4050,100,D,XC,AK,F
14:32:28,UNVR,RG,4050,2,D,EP,AK,F
14:32:28,UNVR,RG,4050,1,D,NI,AK,F
14:32:28,UNVR,RG,4050,1,D,PD,AK,F
14:32:28,UNVR,RG,4050,1,D,DR,AK,F
14:32:28,UNVR,RG,4050,10,D,YB,AK,F
14:32:28,UNVR,RG,4050,1,D,XC,AK,F
14:32:28,UNVR,RG,4050,1,D,PD,AK,F
14:32:28,UNVR,RG,4050,1,D,SQ,AK,F
14:32:28,UNVR,RG,4050,5,F,YP,AK,F
14:32:28,UNVR,RG,4050,1,D,XC,AK,F
14:32:28,UNVR,RG,4050,3,D,CC,AK,F
14:32:28,UNVR,RG,4050,1,D,PD,AK,F
14:32:28,UNVR,RG,4050,2,D,CC,AK,F
14:32:28,UNVR,RG,4050,2,D,EP,AK,F
14:32:28,UNVR,RG,4050,5,D,PD,AK,F
14:32:28,UNVR,RG,4050,2,D,XC,AK,F
14:32:28,UNVR,RG,4050,5,D,GR,AK,F
14:32:28,UNVR,RG,4050,3,D,XC,AK,F
14:32:28,UNVR,RG,4050,1,D,NI,AK,F
14:32:28,UNVR,RG,4050,2,D,YP,AK,F
14:32:28,UNVR,RG,4050,10,D,IF,AK,F
14:32:28,UNVR,RG,4050,25,D,PD,AK,F
14:32:28,UNVR,RG,4050,8,D,PD,AK,F
14:32:28,UNVR,RG,4050,10,D,NI,AK,F
14:32:28,UNVR,RG,4050,1,D,PD,AK,F
14:32:28,UNVR,RG,4050,8,D,NI,AK,F
14:32:28,UNVR,RG,4050,2,D,CC,AK,F
14:32:28,UNVR,RG,4050,10,D,EP,AK,F
14:32:28,UNVR,RG,4050,2,D,NI,AK,F
14:32:28,UNVR,RG,4050,50,D,RS,AK,F
14:32:28,UNVR,RG,4050,3,D,PD,AK,F
14:32:28,UNVR,RG,4050,3,D,CC,AK,F
14:32:28,UNVR,RG,4050,1,D,DH,AK,F
14:32:28,UNVR,RG,4050,1,D,YP,AK,F
14:32:28,UNVR,RG,4050,1,D,PD,AK,F
14:32:28,UNVR,RG,4050,1,D,YP,AK,F
14:32:28,UNVR,RG,4050,1,D,XC,AK,F
14:32:28,UNVR,RG,4050,100,D,YP,AK,F
14:32:28,UNVR,RG,4050,2,D,EP,AK,F
14:32:28,UNVR,RG,4050,1,D,CC,AK,F
14:32:28,UNVR,RG,4050,2,D,XA,AK,F
14:32:28,UNVR,RG,4050,10,D,OD,AK,F
14:32:28,UNVR,RG,4050,5,D,EP,AK,F
14:32:28,UNVR,RG,4050,2,D,NI,AK,F
14:32:28,UNVR,RG,4050,50,D,YP,AK,F
14:32:28,UNVR,RG,4050,1,D,PD,AK,F
14:32:28,UNVR,RG,4050,2,D,PD,AK,F
14:32:28,UNVR,RG,4050,2,D,GR,AK,F
14:32:19,UNVR,RG,4060,1,D,KZ,SQ,D
14:32:12,UNVR,RG,4060,10,D,XC,SQ,D
14:32:12,UNVR,RG,4060,1,D,EP,SQ,D
14:31:58,UNVR,RG,4060,5,F,YP,SQ,D
14:31:39,UNVR,RG,4060,11,D,PD,SQ,D
14:31:34,UNVR,RG,4060,1,D,BB,SQ,D
14:31:29,UNVR,RG,4060,1,D,KZ,SQ,D
14:31:24,UNVR,RG,4060,2,D,KZ,SQ,D
14:31:19,UNVR,RG,4060,1,D,KZ,SQ,D
14:31:15,UNVR,RG,4060,1,D,GR,SQ,D
14:31:09,UNVR,RG,4060,2,D,YP,SQ,D
14:31:06,UNVR,RG,4060,5,D,PD,SQ,D
14:31:00,UNVR,RG,4060,50,D,YP,SQ,D
14:30:56,UNVR,RG,4060,3,D,PD,SQ,D
14:30:36,UNVR,RG,4050,4,D,GR,CC,D
14:30:29,UNVR,RG,4060,2,D,CC,SQ,D
14:30:04,UNVR,RG,4060,11,D,KZ,SQ,D
14:29:45,UNVR,RG,4060,5,D,SQ,SQ,D
14:29:42,UNVR,RG,4060,1,D,DX,SQ,D
14:29:42,UNVR,RG,4060,192,F,YU,SQ,D
14:29:41,UNVR,RG,4060,1,D,KZ,SQ,D
14:29:41,UNVR,RG,4060,1,D,PD,SQ,D
14:29:41,UNVR,RG,4060,24,D,SQ,SQ,D
14:29:41,UNVR,RG,4060,2,D,KZ,SQ,D
14:29:41,UNVR,RG,4060,1,D,PD,SQ,D
14:29:41,UNVR,RG,4060,25,D,YP,SQ,D
14:29:41,UNVR,RG,4060,1,D,KZ,SQ,D
14:29:41,UNVR,RG,4060,1,D,KZ,SQ,D
14:29:41,UNVR,RG,4060,1,D,KZ,SQ,D
14:29:41,UNVR,RG,4060,10,D,KZ,SQ,D
14:29:41,UNVR,RG,4060,3,D,KZ,SQ,D
14:29:41,UNVR,RG,4060,4,D,KZ,SQ,D
14:29:41,UNVR,RG,4060,10,F,ZP,SQ,D
14:29:41,UNVR,RG,4060,2,D,YP,SQ,D
14:29:18,UNVR,RG,4060,13,D,YP,AK,F
14:29:18,UNVR,RG,4060,9,D,YP,DX,F
14:29:18,UNVR,RG,4060,88,D,YP,AK,F
14:29:17,UNVR,RG,4060,2,D,PD,AK,F
14:29:12,UNVR,RG,4060,50,D,YU,AK,F
14:28:58,UNVR,RG,4060,1,D,XC,AK,F
14:28:55,UNVR,RG,4050,44,D,GR,AK,F
14:28:55,UNVR,RG,4050,136,D,OD,AK,F
14:28:54,UNVR,RG,4060,1,D,KZ,AK,F
14:28:54,UNVR,RG,4060,1,D,KZ,AK,F
14:28:52,UNVR,RG,4060,7,D,XC,AK,F
14:28:52,UNVR,RG,4060,6,D,XC,AK,F
14:28:52,UNVR,RG,4060,4,D,XC,AK,F
14:28:52,UNVR,RG,4060,13,D,XC,DX,D
14:28:50,UNVR,RG,4050,1,D,OD,PD,D
14:28:46,UNVR,RG,4060,10,D,CC,DX,D
14:28:45,UNVR,RG,4060,2,D,NI,DR,D
14:28:43,UNVR,RG,4060,10,D,XC,DR,D
14:28:26,UNVR,RG,4060,1,D,XC,DR,D
14:28:21,UNVR,RG,4060,2,D,CC,DR,D
14:28:21,UNVR,RG,4060,5,D,PD,DR,D
14:28:21,UNVR,RG,4060,6,D,BB,DR,D
14:28:21,UNVR,RG,4060,1,D,XC,DR,D
14:28:21,UNVR,RG,4060,15,D,PD,DR,D
14:28:21,UNVR,RG,4060,1,D,XC,DR,D
14:28:21,UNVR,RG,4060,5,D,CC,DR,D
14:28:21,UNVR,RG,4060,1,D,KZ,DR,D
14:28:21,UNVR,RG,4060,13,D,PD,DR,D
14:28:21,UNVR,RG,4060,1,D,KZ,DR,D
14:28:21,UNVR,RG,4060,10,D,CC,DR,D
14:28:21,UNVR,RG,4060,1,D,KZ,DR,D
14:28:21,UNVR,RG,4060,20,D,OD,DR,D
14:28:21,UNVR,RG,4060,5,D,CC,DR,D
14:28:21,UNVR,RG,4060,1,D,KZ,DR,D
14:28:03,UNVR,RG,4060,1,D,KZ,AK,F
14:28:03,UNVR,RG,4060,21,F,ZP,AK,F
14:28:03,UNVR,RG,4060,1,D,KZ,AK,F
14:28:03,UNVR,RG,4060,15,D,YP,AK,F
14:28:03,UNVR,RG,4060,9,D,KZ,AK,F
14:28:03,UNVR,RG,4060,2,D,PD,AK,F
14:28:03,UNVR,RG,4060,160,D,CC,AK,F
14:28:03,UNVR,RG,4060,20,D,YP,AK,F
14:28:03,UNVR,RG,4060,5,D,CC,AK,F
14:28:03,UNVR,RG,4060,1,D,XC,AK,F
14:28:03,UNVR,RG,4060,1,D,YP,AK,F
14:28:03,UNVR,RG,4060,1,D,YP,AK,F
14:28:03,UNVR,RG,4060,1,D,BB,AK,F
14:28:03,UNVR,RG,4060,1,D,DX,AK,F
14:28:03,UNVR,RG,4060,1,D,SQ,AK,F
14:28:03,UNVR,RG,4060,1,D,KZ,AK,F
14:28:03,UNVR,RG,4060,3,D,CC,AK,F
14:28:03,UNVR,RG,4060,6,D,YP,AK,F
14:27:39,UNVR,RG,4070,1,D,YP,HP,D
14:26:58,UNVR,RG,4060,4,D,YP,KI,D
14:26:58,UNVR,RG,4060,1,D,EP,KI,D
14:26:58,UNVR,RG,4060,2,D,KZ,KI,D
14:26:58,UNVR,RG,4060,27,D,XC,KI,D
14:26:58,UNVR,RG,4060,1,D,KK,KI,D
14:26:58,UNVR,RG,4060,5,D,LG,KI,D
14:26:49,UNVR,RG,4060,5,D,LG,ZP,D
14:26:49,UNVR,RG,4060,1,D,TP,ZP,D
14:26:49,UNVR,RG,4060,1,F,YP,ZP,D
14:26:49,UNVR,RG,4060,5,D,YP,ZP,D
14:26:49,UNVR,RG,4060,1,D,BB,ZP,D
14:26:49,UNVR,RG,4060,5,D,YP,ZP,D
14:26:49,UNVR,RG,4060,2,D,KZ,ZP,D
14:26:49,UNVR,RG,4060,10,D,CC,ZP,D
14:26:49,UNVR,RG,4060,10,D,CC,ZP,D
14:26:49,UNVR,RG,4060,5,D,YP,ZP,D
14:26:49,UNVR,RG,4060,2,D,YP,ZP,D
14:26:46,UNVR,RG,4060,3,D,YP,DX,D
14:26:46,UNVR,RG,4060,5,D,YP,DX,D
14:26:46,UNVR,RG,4060,5,D,CC,DX,D
14:26:46,UNVR,RG,4060,1,D,KZ,DX,D
14:26:46,UNVR,RG,4060,7,F,ZP,DX,D
14:26:46,UNVR,RG,4060,2,D,YB,DX,D
14:26:46,UNVR,RG,4060,1,D,YP,DX,D
14:26:46,UNVR,RG,4060,1,D,LG,DX,D
14:26:46,UNVR,RG,4060,1,D,DR,DX,D
14:26:46,UNVR,RG,4060,3,D,CC,DX,D
14:26:17,UNVR,RG,4070,1,D,BB,HP,D
14:26:00,UNVR,RG,4060,1,D,CC,CC,D
14:25:55,UNVR,RG,4060,1,D,CC,PD,D
14:25:55,UNVR,RG,4060,1,D,CC,PD,D
14:25:55,UNVR,RG,4060,10,D,CC,PD,D
14:25:55,UNVR,RG,4060,5,D,KK,PD,D
14:25:55,UNVR,RG,4060,2,D,YB,PD,D
14:25:55,UNVR,RG,4060,2,D,MU,PD,D
14:25:55,UNVR,RG,4060,13,D,KZ,PD,D
14:25:55,UNVR,RG,4060,1,D,BB,PD,D
14:25:55,UNVR,RG,4060,1,D,DR,PD,D
14:25:55,UNVR,RG,4060,3,D,AT,PD,D
14:25:55,UNVR,RG,4060,1,D,AG,PD,D
14:24:31,UNVR,RG,4060,49,D,AG,AK,F
14:24:31,UNVR,RG,4060,2,D,KZ,AK,F
14:24:31,UNVR,RG,4060,200,D,PD,AK,F
14:24:31,UNVR,RG,4060,1,D,KZ,AK,F
14:24:31,UNVR,RG,4060,15,D,NI,AK,F
14:24:31,UNVR,RG,4060,1,D,DR,AK,F
14:24:31,UNVR,RG,4060,2,D,PD,AK,F
14:24:31,UNVR,RG,4060,13,D,KZ,AK,F
14:24:31,UNVR,RG,4060,5,D,KZ,AK,F
14:24:31,UNVR,RG,4060,9,D,KZ,AK,F
14:24:31,UNVR,RG,4060,3,F,ZP,AK,F
14:24:14,UNVR,RG,4070,2,D,BB,HP,D
14:24:04,UNVR,RG,4060,7,F,ZP,SQ,D
14:24:04,UNVR,RG,4060,1,D,BB,SQ,D
14:24:04,UNVR,RG,4060,192,D,YP,SQ,D
14:23:59,UNVR,RG,4060,2,D,YP,MU,D
14:23:56,UNVR,RG,4060,50,D,YP,SQ,D
14:23:09,UNVR,RG,4060,1,D,YP,NI,D
14:23:09,UNVR,RG,4060,50,D,YP,CC,D
14:23:09,UNVR,RG,4060,26,D,YP,DX,D
14:23:09,UNVR,RG,4060,5,D,YP,AK,F
14:23:09,UNVR,RG,4060,4,D,YP,YP,D
14:23:09,UNVR,RG,4060,5,D,YP,PD,D
14:23:09,UNVR,RG,4060,7,D,YP,AK,F
14:23:09,UNVR,RG,4060,158,D,YP,SQ,D
14:23:04,UNVR,RG,4060,1,D,KZ,SQ,D
14:23:01,UNVR,RG,4060,2,D,XC,SQ,D
14:22:49,UNVR,RG,4060,1,D,KZ,SQ,D
14:22:44,UNVR,RG,4060,1,D,KZ,SQ,D
14:22:40,UNVR,RG,4060,25,D,MG,SQ,D
14:22:36,UNVR,RG,4060,5,D,YP,SQ,D
14:22:28,UNVR,RG,4060,3,D,BB,SQ,D
14:22:26,UNVR,RG,4060,4,D,YP,SQ,D
14:22:26,UNVR,RG,4060,1,D,YP,CC,D
14:22:19,UNVR,RG,4060,17,F,ZP,CC,D
14:22:09,UNVR,RG,4060,1,D,KZ,CC,D
14:21:49,UNVR,RG,4060,5,D,CC,CC,D
14:21:45,UNVR,RG,4060,23,D,DH,CC,D
14:21:44,UNVR,RG,4060,1,D,GR,CC,D
14:21:26,UNVR,RG,4050,1,D,OD,YP,D
14:21:13,UNVR,RG,4050,2,D,OD,PD,D
14:20:49,UNVR,RG,4060,1,D,KZ,CC,D
14:20:39,UNVR,RG,4060,1,D,KZ,CC,D
14:20:26,UNVR,RG,4060,3,D,BB,SQ,D
14:20:18,UNVR,RG,4060,24,F,ZP,SQ,D
14:20:14,UNVR,RG,4060,3,D,KZ,SQ,D
14:19:54,UNVR,RG,4060,1,D,KZ,SQ,D
14:19:52,UNVR,RG,4060,25,D,MG,SQ,D
14:19:47,UNVR,RG,4060,1,D,DH,SQ,D
14:19:39,UNVR,RG,4060,3,D,KZ,SQ,D
14:19:39,UNVR,RG,4060,2,D,KZ,SQ,D
14:19:31,UNVR,RG,4060,38,D,PD,SQ,D
14:19:31,UNVR,RG,4060,2,D,PD,HP,D
14:19:20,UNVR,RG,4060,1,D,PD,HP,D
14:19:13,UNVR,RG,4060,47,D,AO,HP,D
14:19:13,UNVR,RG,4060,50,D,AO,SQ,D
14:19:13,UNVR,RG,4060,3,D,AO,CC,D
14:19:00,UNVR,RG,4060,7,D,DH,CC,D
14:19:00,UNVR,RG,4060,3,D,DH,DX,D
14:18:59,UNVR,RG,4060,1,D,KZ,DX,D
14:18:54,UNVR,RG,4060,1,D,KZ,DX,D
14:18:39,UNVR,RG,4060,1,D,KZ,DX,D
14:18:36,UNVR,RG,4060,5,D,YP,DX,D
14:18:33,UNVR,RG,4060,9,D,XC,DX,D
14:18:29,UNVR,RG,4060,1,D,XC,DX,D
14:18:28,UNVR,RG,4060,1,D,CC,DX,D
14:18:28,UNVR,RG,4060,3,D,CC,XC,D
14:18:28,UNVR,RG,4060,4,D,CC,AK,F
14:18:28,UNVR,RG,4060,2,D,CC,AK,F
14:18:22,UNVR,RG,4060,1,D,BB,AK,F
14:18:16,UNVR,RG,4060,25,D,SQ,AK,F
14:18:01,UNVR,RG,4060,1,D,XC,AK,F
14:17:45,UNVR,RG,4060,1,D,OD,AK,F
14:17:44,UNVR,RG,4060,1,D,KZ,AK,F
14:17:44,UNVR,RG,4060,1,D,DH,AK,F
14:17:34,UNVR,RG,4060,5,D,SQ,AK,F
14:17:27,UNVR,RG,4060,1,D,XC,AK,F
14:17:21,UNVR,RG,4060,2,D,CC,AK,F
14:17:21,UNVR,RG,4060,2,D,YP,AK,F
14:17:21,UNVR,RG,4060,3,D,KZ,AK,F
14:17:21,UNVR,RG,4060,1,D,DH,AK,F
14:17:21,UNVR,RG,4060,5,D,XC,AK,F
14:17:21,UNVR,RG,4060,13,D,KZ,AK,F
14:17:21,UNVR,RG,4060,2,D,KZ,AK,F
14:17:21,UNVR,RG,4060,5,D,YP,AK,F
14:17:21,UNVR,RG,4060,23,F,ZP,AK,F
14:17:21,UNVR,RG,4060,106,D,NI,AK,F
14:17:18,UNVR,RG,4060,100,D,NI,BK,F
14:17:17,UNVR,RG,4060,9,D,NI,PD,D
14:16:56,UNVR,RG,4070,12,D,DR,HP,D
14:16:54,UNVR,RG,4060,5,D,NI,XC,D
14:16:48,UNVR,RG,4060,21,D,NI,DX,D
14:16:48,UNVR,RG,4060,1,D,NI,XC,D
14:16:48,UNVR,RG,4060,10,D,NI,KK,D
14:16:48,UNVR,RG,4060,5,D,NI,AK,F
14:16:48,UNVR,RG,4060,1,D,NI,NI,D
14:16:48,UNVR,RG,4060,12,D,NI,DX,F
14:16:48,UNVR,RG,4060,30,D,NI,AK,F
14:16:44,UNVR,RG,4060,1,D,KZ,AK,F
14:16:42,UNVR,RG,4060,1,D,DH,AK,F
14:16:32,UNVR,RG,4060,10,D,YP,AK,F
14:16:29,UNVR,RG,4060,1,D,DH,AK,F
14:16:29,UNVR,RG,4060,2,D,KZ,AK,F
14:16:29,UNVR,RG,4060,1,D,KZ,AK,F
14:16:19,UNVR,RG,4060,20,D,CC,AK,F
14:16:06,UNVR,RG,4060,25,D,CC,AK,F
14:16:03,UNVR,RG,4060,50,D,DH,AK,F
14:16:00,UNVR,RG,4060,9,D,KZ,AK,F
14:16:00,UNVR,RG,4060,2,D,KZ,AK,F
14:16:00,UNVR,RG,4060,4,D,NI,AK,F
14:16:00,UNVR,RG,4060,2,D,CC,AK,F
14:16:00,UNVR,RG,4060,1,D,BB,AK,F
14:16:00,UNVR,RG,4060,1,D,XL,AK,F
14:16:00,UNVR,RG,4060,1,D,XC,AK,F
14:16:00,UNVR,RG,4060,1,D,KZ,AK,F
14:16:00,UNVR,RG,4060,4,D,KZ,AK,F
14:15:51,UNVR,RG,4060,8,D,KZ,AK,F
14:15:51,UNVR,RG,4060,1,D,DH,AK,F
14:15:51,UNVR,RG,4060,1,D,KZ,AK,F
14:15:51,UNVR,RG,4060,24,F,ZP,AK,F
14:15:51,UNVR,RG,4060,1,D,KZ,AK,F
14:15:51,UNVR,RG,4060,165,D,OD,AK,F
14:15:37,UNVR,RG,4070,1,D,XL,HP,D
14:15:36,UNVR,RG,4060,174,D,OD,GR,D
14:15:22,UNVR,RG,4070,1,D,BB,HP,D
14:15:06,UNVR,RG,4060,5,D,OD,PD,D
14:14:14,UNVR,RG,4060,21,D,OD,XC,D
14:13:58,UNVR,RG,4060,7,D,OD,KK,D
14:13:58,UNVR,RG,4060,5,D,OD,AK,F
14:13:58,UNVR,RG,4060,5,D,OD,AK,F
14:13:58,UNVR,RG,4060,18,D,OD,DX,D
14:13:49,UNVR,RG,4060,1,D,KZ,DX,D
14:13:44,UNVR,RG,4060,9,D,KZ,DX,D
14:13:44,UNVR,RG,4060,1,D,KZ,DX,D
14:13:26,UNVR,RG,4050,28,D,OD,YP,D
14:13:18,UNVR,RG,4060,19,F,YU,BK,F
14:13:18,UNVR,RG,4060,172,F,YU,SQ,D
14:13:17,UNVR,RG,4060,1,D,HP,SQ,D
14:13:17,UNVR,RG,4060,1,D,KZ,SQ,D
14:13:17,UNVR,RG,4060,26,F,ZP,SQ,D
14:13:15,UNVR,RG,4060,2,F,ZP,AK,F
14:13:15,UNVR,RG,4060,1,D,BB,AK,F
14:13:15,UNVR,RG,4060,1,D,KZ,AK,F
14:13:15,UNVR,RG,4060,10,D,PD,AK,F
14:13:15,UNVR,RG,4060,10,D,PD,AK,F
14:13:15,UNVR,RG,4060,1,D,PC,AK,F
14:13:15,UNVR,RG,4060,1,D,HP,AK,F
14:13:15,UNVR,RG,4060,1,D,DH,AK,F
14:13:15,UNVR,RG,4060,2,D,YP,AK,F
14:13:15,UNVR,RG,4060,1,D,XC,AK,F
14:13:15,UNVR,RG,4060,2,D,KZ,AK,F
14:13:15,UNVR,RG,4060,1,D,YP,AK,F
14:12:22,UNVR,RG,4070,1,D,PD,HP,D
14:11:55,UNVR,RG,4060,6,D,YP,CC,D
14:11:51,UNVR,RG,4050,24,D,OD,DX,D
14:11:49,UNVR,RG,4060,1,D,DH,CC,D
14:11:37,UNVR,RG,4060,1,D,PD,CC,D
14:11:35,UNVR,RG,4060,1,D,XC,CC,D
14:11:30,UNVR,RG,4060,2,D,CC,CC,D
14:11:29,UNVR,RG,4060,11,F,ZP,CC,D
14:11:29,UNVR,RG,4060,1,D,XC,CC,D
14:11:28,UNVR,RG,4060,1,D,KZ,CC,D
14:11:28,UNVR,RG,4060,1,D,PD,CC,D
14:11:28,UNVR,RG,4060,5,D,KK,CC,D
14:11:28,UNVR,RG,4060,2,D,PD,CC,D
14:11:28,UNVR,RG,4060,1,D,KZ,CC,D
14:11:28,UNVR,RG,4060,1,D,KZ,CC,D
14:11:28,UNVR,RG,4060,3,D,KZ,CC,D
14:11:28,UNVR,RG,4060,2,D,NI,CC,D
14:11:28,UNVR,RG,4060,1,D,KZ,CC,D
14:11:28,UNVR,RG,4060,1,D,DH,CC,D
14:11:28,UNVR,RG,4060,1,D,KZ,CC,D
14:11:28,UNVR,RG,4060,8,D,NI,CC,D
14:10:45,UNVR,RG,4060,1,D,NI,XC,D
14:10:26,UNVR,RG,4060,1,D,NI,DX,F
14:10:18,UNVR,RG,4060,10,D,PD,DX,F
14:10:16,UNVR,RG,4060,56,D,CC,BK,F
14:10:16,UNVR,RG,4060,17,D,CC,AK,F
14:10:16,UNVR,RG,4060,5,D,CC,AK,F
14:10:16,UNVR,RG,4060,22,D,CC,CC,D
14:10:12,UNVR,RG,4060,6,D,EP,CC,D
14:10:12,UNVR,RG,4060,1,D,XC,CC,D
14:10:12,UNVR,RG,4060,1,D,YP,CC,D
14:10:12,UNVR,RG,4060,1,D,PD,CC,D
14:10:12,UNVR,RG,4060,1,D,DH,CC,D
14:10:12,UNVR,RG,4060,1,D,RO,CC,D
14:10:12,UNVR,RG,4060,5,D,NI,CC,D
14:10:12,UNVR,RG,4060,1,D,KZ,CC,D
14:10:12,UNVR,RG,4060,1,D,KZ,CC,D
14:10:07,UNVR,RG,4060,1,D,KZ,PD,D
14:09:04,UNVR,RG,4060,26,F,YU,SQ,D
14:09:03,UNVR,RG,4060,2,D,KZ,SQ,D
14:09:03,UNVR,RG,4060,42,D,CC,SQ,D
14:09:00,UNVR,RG,4060,6,F,YU,AK,F
14:09:00,UNVR,RG,4060,5,F,YU,AK,F
14:09:00,UNVR,RG,4050,13,D,OD,DX,D
14:08:59,UNVR,RG,4060,2,D,PD,DX,D
14:08:59,UNVR,RG,4060,2,D,XC,DX,D
14:08:59,UNVR,RG,4060,1,D,YP,DX,D
14:08:59,UNVR,RG,4060,1,D,KZ,DX,D
14:08:59,UNVR,RG,4060,5,D,BQ,DX,D
14:08:59,UNVR,RG,4060,1,D,KZ,DX,D
14:08:59,UNVR,RG,4060,1,D,KZ,DX,D
14:08:59,UNVR,RG,4060,1,D,YP,DX,D
14:08:59,UNVR,RG,4060,2,D,PD,DX,D
14:08:58,UNVR,RG,4060,3,D,PD,SQ,D
14:08:58,UNVR,RG,4060,1,D,NI,SQ,D
14:08:58,UNVR,RG,4060,1,D,KZ,SQ,D
14:08:58,UNVR,RG,4060,16,F,ZP,SQ,D
14:08:58,UNVR,RG,4060,5,D,YP,SQ,D
14:08:58,UNVR,RG,4060,1,D,KZ,SQ,D
14:08:58,UNVR,RG,4060,5,D,CC,SQ,D
14:08:58,UNVR,RG,4060,5,D,CC,SQ,D
14:08:58,UNVR,RG,4060,2,D,DH,SQ,D
14:08:58,UNVR,RG,4060,4,D,NI,SQ,D
14:08:58,UNVR,RG,4060,5,D,XC,SQ,D
14:08:58,UNVR,RG,4060,1,D,KZ,SQ,D
14:08:58,UNVR,RG,4060,1,D,KZ,SQ,D
14:08:53,UNVR,RG,4060,1,D,YP,GR,D
14:08:53,UNVR,RG,4060,19,D,XC,GR,D
14:08:37,UNVR,RG,4060,1,D,XC,LG,D
14:08:31,UNVR,RG,4070,1,D,NI,HP,D
14:08:03,UNVR,RG,4070,1,D,NI,HP,D
14:07:50,UNVR,RG,4070,7,D,PD,HP,D
14:07:50,UNVR,RG,4070,20,D,YP,HP,D
14:07:05,UNVR,RG,4070,1,D,PD,HP,D
14:07:03,UNVR,RG,4070,2,D,PD,HP,D
14:06:26,UNVR,RG,4070,2,D,XL,HP,D
14:06:21,UNVR,RG,4070,20,D,XC,HP,D
14:06:16,UNVR,RG,4070,1,D,YP,HP,D
14:06:11,UNVR,RG,4060,1,D,PD,BK,F
14:06:11,UNVR,RG,4060,3,D,CC,BK,F
14:06:11,UNVR,RG,4060,1,D,KK,BK,F
14:06:11,UNVR,RG,4060,2,D,KZ,BK,F
14:06:11,UNVR,RG,4060,10,D,PD,BK,F
14:06:11,UNVR,RG,4060,10,D,CC,BK,F
14:06:11,UNVR,RG,4060,1,D,XC,BK,F
14:06:11,UNVR,RG,4060,2,D,DH,BK,F
14:06:11,UNVR,RG,4060,1,D,YP,BK,F
14:06:11,UNVR,RG,4060,1,D,KZ,BK,F
14:06:11,UNVR,RG,4060,21,F,ZP,BK,F
14:06:11,UNVR,RG,4060,1,D,KZ,BK,F
14:06:11,UNVR,RG,4060,1,D,XC,BK,F
14:06:11,UNVR,RG,4060,1,D,CC,BK,F
14:06:11,UNVR,RG,4060,2,D,NI,BK,F
14:06:11,UNVR,RG,4060,3,D,KZ,BK,F
14:06:11,UNVR,RG,4060,39,D,YP,BK,F
14:06:06,UNVR,RG,4060,21,D,YP,DX,D
14:05:26,UNVR,RG,4060,4,D,YP,PD,D
14:05:22,UNVR,RG,4060,10,D,YP,CC,D
14:05:14,UNVR,RG,4060,10,D,YP,EP,D
14:04:33,UNVR,RG,4060,4,D,YP,XC,D
14:04:33,UNVR,RG,4060,1,D,CC,XC,D
14:04:33,UNVR,RG,4060,5,D,CC,XC,D
14:04:33,UNVR,RG,4060,1,D,KZ,XC,D
14:04:33,UNVR,RG,4060,1,D,KZ,XC,D
14:04:33,UNVR,RG,4060,10,D,XC,XC,D
14:04:33,UNVR,RG,4060,8,D,DH,XC,D
14:04:33,UNVR,RG,4060,1,D,XC,XC,D
14:04:33,UNVR,RG,4060,1,D,KZ,XC,D
14:04:33,UNVR,RG,4060,10,D,LG,XC,D
14:04:33,UNVR,RG,4060,2,D,DH,XC,D
14:04:33,UNVR,RG,4060,1,D,KZ,XC,D
14:04:33,UNVR,RG,4060,1,D,NI,XC,D
14:04:33,UNVR,RG,4060,2,D,PD,XC,D
14:04:33,UNVR,RG,4060,1,D,KZ,XC,D
14:04:33,UNVR,RG,4060,1,D,NI,XC,D
14:03:30,UNVR,RG,4070,30,D,XC,HP,D
14:02:50,UNVR,RG,4060,4,D,NI,CC,D
14:02:50,UNVR,RG,4060,1,D,AT,CC,D
14:02:50,UNVR,RG,4060,1,D,CC,CC,D
14:02:50,UNVR,RG,4060,1,D,KZ,CC,D
14:02:50,UNVR,RG,4060,3,D,BB,CC,D
14:02:46,UNVR,RG,4060,10,D,PD,IF,D
14:02:42,UNVR,RG,4060,1,D,PD,AT,D
14:02:28,UNVR,RG,4060,4,D,PD,PD,D
14:02:20,UNVR,RG,4060,1,D,DH,PD,D
14:02:20,UNVR,RG,4060,1,D,BB,PD,D
14:02:20,UNVR,RG,4060,1,D,KZ,PD,D
14:02:20,UNVR,RG,4060,3,D,PD,PD,D
14:01:59,UNVR,RG,4060,1,D,CC,NI,D
14:01:55,UNVR,RG,4060,13,D,BB,NI,D
14:01:55,UNVR,RG,4060,1,D,PD,NI,D
14:01:46,UNVR,RG,4060,2,D,CC,IF,D
14:01:46,UNVR,RG,4060,1,D,DR,IF,D
14:01:46,UNVR,RG,4060,2,D,KZ,IF,D
14:01:46,UNVR,RG,4060,20,D,PD,IF,D
14:01:46,UNVR,RG,4060,2,D,PD,IF,D
14:01:46,UNVR,RG,4060,1,D,SQ,IF,D
14:01:46,UNVR,RG,4060,1,D,PD,IF,D
14:01:46,UNVR,RG,4060,1,D,YP,IF,D
14:01:46,UNVR,RG,4060,8,D,BB,IF,D
14:01:46,UNVR,RG,4060,2,D,KZ,IF,D
14:01:43,UNVR,RG,4070,1,D,PD,HP,D
14:01:42,UNVR,RG,4070,1,D,XC,HP,D
14:00:59,UNVR,RG,4060,8,D,KZ,DX,F
14:00:59,UNVR,RG,4060,5,F,ZP,DX,F
14:00:52,UNVR,RG,4060,1,F,ZP,XL,D
14:00:49,UNVR,RG,4060,7,F,ZP,CC,D
14:00:49,UNVR,RG,4060,1,D,KZ,CC,D
14:00:49,UNVR,RG,4060,2,D,PD,CC,D
14:00:37,UNVR,RG,4060,25,D,PD,DX,D
14:00:37,UNVR,RG,4060,3,D,PD,YU,D
14:00:37,UNVR,RG,4060,2,D,PD,YP,D
14:00:37,UNVR,RG,4060,1,D,PD,NI,D
14:00:37,UNVR,RG,4060,5,D,PD,LG,D
14:00:37,UNVR,RG,4060,5,D,PD,AK,F
14:00:37,UNVR,RG,4060,8,D,PD,AK,F
14:00:20,UNVR,RG,4060,3,D,XC,AK,F
14:00:14,UNVR,RG,4050,24,D,OD,DX,D
14:00:00,UNVR,RG,4050,21,D,OD,AK,F
14:00:00,UNVR,RG,4050,10,D,YP,AK,F
14:00:00,UNVR,RG,4050,1,D,YP,AK,F
14:00:00,UNVR,RG,4050,15,D,YP,AK,F
14:00:00,UNVR,RG,4050,1,D,YP,AK,F
14:00:00,UNVR,RG,4050,1,D,YP,AK,F
14:00:00,UNVR,RG,4050,5,D,SQ,AK,F
14:00:00,UNVR,RG,4050,2,D,YP,AK,F
14:00:00,UNVR,RG,4050,5,D,YP,AK,F
14:00:00,UNVR,RG,4050,25,D,CC,AK,F
14:00:00,UNVR,RG,4050,1,D,PD,AK,F
14:00:00,UNVR,RG,4050,3,D,CC,AK,F
14:00:00,UNVR,RG,4050,19,D,CC,AK,F
14:00:00,UNVR,RG,4050,3,D,PD,AK,F
14:00:00,UNVR,RG,4050,1,D,YP,AK,F
14:00:00,UNVR,RG,4050,3,D,DH,AK,F
14:00:00,UNVR,RG,4050,1,D,DH,AK,F
14:00:00,UNVR,RG,4050,5,D,PD,AK,F
14:00:00,UNVR,RG,4050,1,D,DH,AK,F
14:00:00,UNVR,RG,4050,1,D,YP,AK,F
14:00:00,UNVR,RG,4050,1,D,XC,AK,F
13:59:56,UNVR,RG,4050,2,D,PD,NI,D
13:59:55,UNVR,RG,4060,1,D,NI,AK,F
13:59:55,UNVR,RG,4060,1,D,NI,PD,D
13:59:39,UNVR,RG,4060,1,D,KZ,PD,D
13:59:36,UNVR,RG,4060,1,D,XC,PD,D
13:59:36,UNVR,RG,4060,1,D,XC,SQ,D
13:59:29,UNVR,RG,4060,1,D,KZ,SQ,D
13:59:18,UNVR,RG,4060,1,D,PD,SQ,D
13:59:14,UNVR,RG,4060,1,D,KZ,SQ,D
13:59:13,UNVR,RG,4060,20,D,PD,SQ,D
13:59:05,UNVR,RG,4060,5,D,XC,SQ,D
13:58:58,UNVR,RG,4060,15,D,YP,SQ,D
13:58:54,UNVR,RG,4060,1,D,KZ,SQ,D
13:58:50,UNVR,RG,4060,10,D,YP,SQ,D
13:58:47,UNVR,RG,4060,8,D,XC,SQ,D
13:58:29,UNVR,RG,4060,1,D,KZ,SQ,D
13:58:17,UNVR,RG,4050,3,D,PD,EP,D
13:58:17,UNVR,RG,4050,1,D,PD,EP,D
13:58:17,UNVR,RG,4050,1,D,YP,EP,D
13:58:14,UNVR,RG,4060,6,D,XC,SQ,D
13:58:14,UNVR,RG,4060,4,D,XC,SQ,D
13:58:07,UNVR,RG,4060,3,D,PD,SQ,D
13:58:07,UNVR,RG,4060,1,D,PD,SQ,D
13:58:06,UNVR,RG,4060,2,D,CC,SQ,D
13:58:04,UNVR,RG,4060,10,D,YP,SQ,D
13:58:04,UNVR,RG,4060,1,D,KZ,SQ,D
13:57:54,UNVR,RG,4060,2,D,KZ,SQ,D
13:57:49,UNVR,RG,4060,1,D,KZ,SQ,D
13:57:39,UNVR,RG,4060,14,F,ZP,SQ,D
13:57:34,UNVR,RG,4060,1,D,KZ,SQ,D
13:57:29,UNVR,RG,4060,11,D,YP,SQ,D
13:57:29,UNVR,RG,4060,14,D,YP,XC,D
13:57:29,UNVR,RG,4060,3,D,KZ,XC,D
13:57:29,UNVR,RG,4060,1,D,KZ,XC,D
13:57:28,UNVR,RG,4060,10,D,CC,XC,D
13:57:20,UNVR,RG,4060,2,D,XA,XC,D
13:57:20,UNVR,RG,4060,1,D,XA,PC,D
13:57:17,UNVR,RG,4060,1,D,XA,PC,D
13:57:12,UNVR,RG,4060,5,D,XA,AK,F
13:57:12,UNVR,RG,4060,6,D,XA,AK,F
13:57:12,UNVR,RG,4060,2,D,XA,PD,D
13:57:12,UNVR,RG,4060,11,D,XA,XC,D
13:57:12,UNVR,RG,4060,3,D,XA,CC,D
13:57:12,UNVR,RG,4060,1,D,XA,XC,D
13:57:12,UNVR,RG,4060,2,D,XA,DX,D
13:57:10,UNVR,RG,4050,26,D,YP,DX,D
13:57:06,UNVR,RG,4060,1,D,PD,DX,D
13:57:06,UNVR,RG,4050,1,D,YP,AK,F
13:57:05,UNVR,RG,4060,22,D,CC,DX,D
13:57:05,UNVR,RG,4060,28,D,CC,AK,F
13:57:03,UNVR,RG,4060,1,D,XC,YP,D
13:56:59,UNVR,RG,4060,1,D,KZ,YP,D
13:56:58,UNVR,RG,4060,5,D,PD,YP,D
13:56:56,UNVR,RG,4060,10,D,PD,YP,D
13:56:39,UNVR,RG,4060,1,D,KZ,YP,D
13:56:37,UNVR,RG,4060,2,D,SQ,YP,D
13:56:27,UNVR,RG,4050,1,D,YP,PD,D
13:56:25,UNVR,RG,4060,2,D,YU,YP,D
13:56:23,UNVR,RG,4060,15,D,CC,YP,D
13:56:19,UNVR,RG,4060,1,D,KZ,YP,D
13:56:17,UNVR,RG,4060,5,D,NI,YP,D
13:56:12,UNVR,RG,4050,1,D,YP,CC,D
13:56:09,UNVR,RG,4060,1,D,KZ,YP,D
13:56:04,UNVR,RG,4060,1,D,KZ,YP,D
13:55:55,UNVR,RG,4060,15,D,KK,YP,D
13:55:54,UNVR,RG,4060,1,D,KZ,YP,D
13:55:52,UNVR,RG,4060,5,D,CC,YP,D
13:55:49,UNVR,RG,4060,2,D,KZ,YP,D
13:55:49,UNVR,RG,4060,2,D,KZ,YP,D
13:55:49,UNVR,RG,4060,1,D,KZ,YP,D
13:55:49,UNVR,RG,4060,2,D,KZ,YP,D
13:55:43,UNVR,RG,4060,50,D,CC,YP,D
13:55:42,UNVR,RG,4060,5,D,DX,YP,D
13:55:29,UNVR,RG,4060,10,D,CC,YP,D
13:55:27,UNVR,RG,4060,1,D,YP,YP,D
13:55:27,UNVR,RG,4060,1,D,NI,YP,D
13:55:23,UNVR,RG,4060,36,F,ZP,YP,D
13:55:06,UNVR,RG,4060,2,D,XC,YP,D
13:54:56,UNVR,RG,4060,5,D,NI,YP,D
13:54:19,UNVR,RG,4050,26,D,YP,DX,D
13:53:39,UNVR,RG,4050,1,D,YP,PC,D
13:53:31,UNVR,RG,4050,2,D,YP,XC,D
13:53:29,UNVR,RG,4060,10,D,OD,YP,D
13:53:07,UNVR,RG,4060,15,D,PD,YP,D
13:52:54,UNVR,RG,4060,10,D,YP,YP,D
13:52:40,UNVR,RG,4060,1,D,XC,YP,D
13:52:20,UNVR,RG,4060,4,D,PD,YP,D
13:52:20,UNVR,RG,4050,21,D,YP,CC,D
13:52:14,UNVR,RG,4060,1,D,KZ,YP,D
13:52:04,UNVR,RG,4060,1,D,KZ,YP,D
13:51:51,UNVR,RG,4060,5,D,NI,YP,D
13:51:36,UNVR,RG,4060,2,D,XC,YP,D
13:51:29,UNVR,RG,4050,17,D,YP,DX,D
13:51:09,UNVR,RG,4060,2,D,KZ,YP,D
13:50:56,UNVR,RG,4060,1,D,XC,YP,D
13:50:49,UNVR,RG,4060,1,D,KZ,YP,D
13:50:48,UNVR,RG,4060,23,D,XC,YP,D
13:50:48,UNVR,RG,4060,7,D,XC,SQ,D
13:50:47,UNVR,RG,4060,3,D,CC,SQ,D
13:50:47,UNVR,RG,4060,2,D,CC,AK,F
13:50:34,UNVR,RG,4060,1,D,KZ,AK,F
13:50:23,UNVR,RG,4060,3,F,ZP,AK,F
13:50:23,UNVR,RG,4060,2,D,LG,XC,D
13:50:19,UNVR,RG,4060,1,D,KZ,XC,D
13:50:19,UNVR,RG,4060,1,D,KZ,XC,D
13:50:15,UNVR,RG,4060,1,D,YP,XC,D
13:50:14,UNVR,RG,4060,1,D,KZ,AK,F
13:50:14,UNVR,RG,4060,1,D,KZ,AK,F
13:50:14,UNVR,RG,4060,1,D,KZ,AK,F
13:50:13,UNVR,RG,4060,9,D,XC,AK,F
13:50:12,UNVR,RG,4060,4,D,YP,AK,F
13:50:12,UNVR,RG,4060,1,D,YP,XC,D
13:50:12,UNVR,RG,4060,3,D,YP,PD,D
13:50:12,UNVR,RG,4060,2,D,YP,YP,D
13:49:42,UNVR,RG,4060,1,F,ZP,YP,D
13:49:42,UNVR,RG,4060,25,F,ZP,ZP,D
13:49:42,UNVR,RG,4060,24,F,ZP,DX,F
13:49:42,UNVR,RG,4060,20,F,ZP,SQ,D
13:49:32,UNVR,RG,4060,2,D,CC,SQ,D
13:49:28,UNVR,RG,4060,5,D,XA,SQ,D
13:49:26,UNVR,RG,4060,2,D,PD,SQ,D
13:49:25,UNVR,RG,4050,18,D,YP,AK,F
13:49:24,UNVR,RG,4060,1,D,YP,SQ,D
13:49:23,UNVR,RG,4050,13,D,YP,XC,D
13:49:11,UNVR,RG,4060,1,D,PD,SQ,D
13:48:42,UNVR,RG,4050,7,D,YP,DX,D
13:48:18,UNVR,RG,4060,2,D,CC,SQ,D
13:48:14,UNVR,RG,4060,1,D,KZ,SQ,D
13:48:07,UNVR,RG,4060,1,D,XC,SQ,D
13:47:56,UNVR,RG,4060,5,D,YP,SQ,D
13:47:50,UNVR,RG,4060,5,D,KK,SQ,D
13:47:49,UNVR,RG,4060,1,D,YP,SQ,D
13:47:34,UNVR,RG,4060,4,D,CC,SQ,D
13:47:28,UNVR,RG,4060,5,D,PD,SQ,D
13:47:17,UNVR,RG,4060,2,D,KK,SQ,D
13:47:12,UNVR,RG,4050,1,D,YP,YB,D
13:46:49,UNVR,RG,4060,6,D,KZ,SQ,D
13:46:34,UNVR,RG,4060,1,D,XA,SQ,D
13:46:29,UNVR,RG,4060,1,D,KZ,SQ,D
13:46:29,UNVR,RG,4060,1,D,KZ,SQ,D
13:46:27,UNVR,RG,4060,5,D,YP,SQ,D
13:46:15,UNVR,RG,4060,6,D,XA,SQ,D
13:46:12,UNVR,RG,4060,3,D,NI,SQ,D
13:46:02,UNVR,RG,4060,3,D,NI,SQ,D
13:45:54,UNVR,RG,4060,5,D,CC,SQ,D
13:45:53,UNVR,RG,4060,1,D,NI,SQ,D
13:45:22,UNVR,RG,4060,1,D,KK,SQ,D
13:45:12,UNVR,RG,4050,2,D,YP,XC,D
13:44:05,UNVR,RG,4050,1,D,YP,CC,D
13:44:02,UNVR,RG,4060,3,D,KK,SQ,D
13:43:53,UNVR,RG,4050,112,D,YP,YP,D
13:43:44,UNVR,RG,4060,1,D,CC,SQ,D
13:43:34,UNVR,RG,4060,1,D,KZ,SQ,D
13:43:17,UNVR,RG,4060,1,D,NI,SQ,D
13:43:12,UNVR,RG,4060,20,D,GR,SQ,D
13:43:09,UNVR,RG,4060,1,D,KZ,SQ,D
13:42:46,UNVR,RG,4050,1,D,YP,AK,F
13:42:45,UNVR,RG,4060,3,D,CP,SQ,D
13:42:45,UNVR,RG,4060,5,D,CP,AK,F
13:42:45,UNVR,RG,4060,17,D,CP,AK,F
13:42:34,UNVR,RG,4060,7,D,KZ,AK,F
13:42:14,UNVR,RG,4060,1,D,KZ,AK,F
13:42:14,UNVR,RG,4060,1,D,KZ,AK,F
13:42:12,UNVR,RG,4060,1,D,YP,AK,F
13:42:09,UNVR,RG,4060,1,D,KZ,AK,F
13:42:09,UNVR,RG,4060,1,D,KZ,AK,F
13:42:05,UNVR,RG,4060,4,D,PD,AK,F
13:42:05,UNVR,RG,4060,6,D,PD,PD,D
13:41:45,UNVR,RG,4060,1,D,PD,PD,D
13:41:40,UNVR,RG,4060,1,D,DR,PD,D
13:41:38,UNVR,RG,4050,3,D,YP,XC,D
13:41:29,UNVR,RG,4060,4,D,KZ,PD,D
13:41:29,UNVR,RG,4060,2,D,KZ,PD,D
13:41:29,UNVR,RG,4060,1,D,KZ,PD,D
13:41:28,UNVR,RG,4060,1,D,PD,PD,D
13:41:27,UNVR,RG,4050,2,D,YP,NI,D
13:41:27,UNVR,RG,4050,2,D,YP,NI,D
13:41:24,UNVR,RG,4060,1,D,NI,PD,D
13:41:17,UNVR,RG,4050,1,D,YP,PD,D
13:41:10,UNVR,RG,4060,1,D,EP,PD,D
13:41:08,UNVR,RG,4060,7,D,PD,PD,D
13:41:08,UNVR,RG,4060,5,D,PD,AK,F
13:41:08,UNVR,RG,4060,2,D,PD,NI,D
13:41:08,UNVR,RG,4060,37,D,PD,AK,F
13:41:08,UNVR,RG,4060,9,D,PD,YP,D
13:41:08,UNVR,RG,4060,1,D,ZP,YP,D
13:41:06,UNVR,RG,4050,74,D,YP,PD,D
13:41:01,UNVR,RG,4060,5,D,XC,DX,F
13:40:52,UNVR,RG,4060,3,D,XC,DX,F
13:40:47,UNVR,RG,4060,1,D,DR,DX,F
13:40:40,UNVR,RG,4060,3,D,XL,DX,F
13:40:35,UNVR,RG,4060,1,D,AN,DX,F
13:40:26,UNVR,RG,4050,2,D,YP,PD,D
13:40:24,UNVR,RG,4060,1,D,EP,DX,F
13:40:23,UNVR,RG,4050,19,D,YP,YP,D
13:40:23,UNVR,RG,4060,3,D,LS,DX,F
13:40:12,UNVR,RG,4060,1,D,PD,BK,F
13:39:49,UNVR,RG,4050,2,D,YP,NI,D
13:39:33,UNVR,RG,4050,129,D,YP,KK,D
13:39:13,UNVR,RG,4050,1,D,YP,OD,D
13:39:04,UNVR,RG,4060,5,D,KZ,BK,F
13:38:59,UNVR,RG,4060,2,D,KZ,BK,F
13:38:59,UNVR,RG,4060,1,D,KZ,BK,F
13:38:57,UNVR,RG,4050,1,D,YP,OD,D
13:38:56,UNVR,RG,4060,2,D,XC,BK,F
13:38:55,UNVR,RG,4060,2,D,PD,BK,F
13:38:51,UNVR,RG,4060,6,D,XC,BK,F
13:38:16,UNVR,RG,4060,7,D,XL,BK,F
13:37:33,UNVR,RG,4060,5,D,KK,BK,F
13:37:31,UNVR,RG,4060,1,D,NI,BK,F
13:37:22,UNVR,RG,4060,29,F,ZP,BK,F
13:36:41,UNVR,RG,4060,1,D,PD,BK,F
13:36:27,UNVR,RG,4050,12,D,YP,YP,D
13:36:27,UNVR,RG,4050,1,D,YP,YP,D
13:36:27,UNVR,RG,4050,1,D,EP,YP,D
13:36:27,UNVR,RG,4050,8,D,EP,YP,D
13:36:27,UNVR,RG,4050,14,D,XC,YP,D
13:36:27,UNVR,RG,4050,10,D,XC,YP,D
13:36:27,UNVR,RG,4050,1,D,XC,YP,D
13:36:27,UNVR,RG,4050,1,D,XL,YP,D
13:36:27,UNVR,RG,4050,1,D,XC,YP,D
13:36:27,UNVR,RG,4050,1,D,XC,YP,D
13:36:27,UNVR,RG,4050,5,D,PD,YP,D
13:36:27,UNVR,RG,4050,1,D,XA,YP,D
13:36:27,UNVR,RG,4050,5,D,DR,YP,D
13:36:27,UNVR,RG,4050,30,D,DR,YP,D
13:36:27,UNVR,RG,4050,3,D,CP,YP,D
13:36:27,UNVR,RG,4050,6,D,HP,YP,D
13:36:23,UNVR,RG,4060,5,D,PD,BK,F
13:36:16,UNVR,RG,4050,1,D,HP,NI,D
13:36:15,UNVR,RG,4050,1,D,HP,PD,D
13:36:14,UNVR,RG,4060,1,D,KZ,BK,F
13:35:52,UNVR,RG,4060,1,D,XC,BK,F
13:35:50,UNVR,RG,4060,8,D,SQ,BK,F
13:35:44,UNVR,RG,4060,3,D,XC,BK,F
13:35:39,UNVR,RG,4060,1,D,KZ,BK,F
13:35:34,UNVR,RG,4060,1,D,KZ,BK,F
13:35:19,UNVR,RG,4060,5,D,PD,BK,F
13:35:14,UNVR,RG,4060,1,D,KZ,BK,F
13:35:12,UNVR,RG,4060,15,D,YP,BK,F
13:35:12,UNVR,RG,4060,10,D,NI,BK,F
13:35:09,UNVR,RG,4060,2,D,KZ,BK,F
13:35:09,UNVR,RG,4060,1,D,KZ,BK,F
13:35:04,UNVR,RG,4060,1,D,KZ,BK,F
13:35:04,UNVR,RG,4060,2,D,KZ,BK,F
13:35:04,UNVR,RG,4060,3,D,KZ,BK,F
13:34:50,UNVR,RG,4060,1,D,PD,BK,F
13:34:48,UNVR,RG,4060,1,D,DX,BK,F
13:34:34,UNVR,RG,4060,1,D,YP,BK,F
13:34:32,UNVR,RG,4050,1,D,HP,PD,D
13:34:08,UNVR,RG,4060,4,D,YP,BK,F
13:34:08,UNVR,RG,4060,1,D,YP,BK,F
13:33:53,UNVR,RG,4060,1,D,YP,BK,F
13:33:52,UNVR,RG,4060,1,D,XC,BK,F
13:33:39,UNVR,RG,4060,1,D,YP,BK,F
13:33:25,UNVR,RG,4060,59,D,DH,BK,F
13:33:25,UNVR,RG,4060,6,D,DH,AK,F
13:33:25,UNVR,RG,4060,35,D,DH,AK,F
13:33:16,UNVR,RG,4050,1,D,HP,YP,D
13:33:16,UNVR,RG,4050,1,D,YU,YP,D
13:33:16,UNVR,RG,4050,1,D,PD,YP,D
13:33:16,UNVR,RG,4050,5,D,XA,PD,D
13:32:40,UNVR,RG,4060,2,D,CC,AK,F
13:32:39,UNVR,RG,4060,2,D,KK,AK,F
13:32:38,UNVR,RG,4060,5,D,PD,AK,F
13:32:36,UNVR,RG,4060,1,D,CP,AK,F
13:32:36,UNVR,RG,4060,4,D,CP,AK,F
13:32:34,UNVR,RG,4060,1,D,EP,AK,F
13:32:29,UNVR,RG,4060,37,D,PD,BK,F
13:32:29,UNVR,RG,4060,22,D,PD,YP,D
13:32:25,UNVR,RG,4060,3,D,PD,YP,D
13:32:20,UNVR,RG,4060,1,D,OD,YP,D
13:32:20,UNVR,RG,4060,1,D,NI,YP,D
13:32:20,UNVR,RG,4060,1,D,XC,YP,D
13:32:20,UNVR,RG,4060,1,D,YP,YP,D
13:32:20,UNVR,RG,4060,2,D,KZ,YP,D
13:32:20,UNVR,RG,4060,1,D,XC,YP,D
13:32:20,UNVR,RG,4060,12,D,KZ,YP,D
13:32:20,UNVR,RG,4060,1,D,PD,YP,D
13:32:20,UNVR,RG,4060,15,D,XL,YP,D
13:32:00,UNVR,RG,4060,6,D,XL,YP,D
13:31:47,UNVR,RG,4060,19,D,XL,DX,F
13:31:44,UNVR,RG,4070,2,D,XC,HP,D
13:31:42,UNVR,RG,4070,1,D,XC,HP,D
13:31:21,UNVR,RG,4060,5,D,XL,AK,F
13:31:21,UNVR,RG,4060,2,D,XC,AK,F
13:31:21,UNVR,RG,4060,196,F,YU,AK,F
13:31:21,UNVR,RG,4060,61,D,KZ,AK,F
13:31:21,UNVR,RG,4060,10,D,YP,AK,F
13:31:21,UNVR,RG,4060,1,D,YP,AK,F
13:31:21,UNVR,RG,4060,3,D,YP,AK,F
13:31:21,UNVR,RG,4060,2,D,YP,AK,F
13:31:21,UNVR,RG,4060,25,D,YP,AK,F
13:31:21,UNVR,RG,4060,1,D,YP,AK,F
13:31:21,UNVR,RG,4060,30,D,YP,AK,F
13:31:21,UNVR,RG,4060,5,D,YP,AK,F
13:31:21,UNVR,RG,4060,10,D,CC,AK,F
13:31:21,UNVR,RG,4060,2,D,CC,AK,F
13:31:21,UNVR,RG,4060,10,D,CC,AK,F
13:31:21,UNVR,RG,4060,1,D,XC,AK,F
13:31:21,UNVR,RG,4060,1,D,XC,AK,F
13:31:21,UNVR,RG,4060,5,D,XC,AK,F
13:31:21,UNVR,RG,4060,5,F,KK,AK,F
13:31:21,UNVR,RG,4060,1,D,XC,AK,F
13:31:21,UNVR,RG,4060,2,D,XC,AK,F
13:31:21,UNVR,RG,4060,1,D,LG,AK,F
13:31:21,UNVR,RG,4060,3,D,PD,AK,F
13:31:21,UNVR,RG,4060,1,D,CC,AK,F
13:31:21,UNVR,RG,4060,1,D,XC,AK,F
13:31:21,UNVR,RG,4060,2,D,XC,AK,F
13:31:21,UNVR,RG,4060,1,D,XC,AK,F
13:31:21,UNVR,RG,4060,1,D,XL,AK,F
13:31:21,UNVR,RG,4060,2,D,XL,AK,F
13:31:21,UNVR,RG,4060,10,D,SQ,AK,F
13:31:21,UNVR,RG,4060,2,D,PD,AK,F
13:31:21,UNVR,RG,4060,5,D,CC,AK,F
13:31:21,UNVR,RG,4060,25,D,CC,AK,F
13:31:21,UNVR,RG,4060,1,D,PD,AK,F
13:31:21,UNVR,RG,4060,2,D,PD,AK,F
13:31:21,UNVR,RG,4060,8,D,DH,AK,F
13:31:21,UNVR,RG,4060,1,D,CC,AK,F
13:31:21,UNVR,RG,4060,2,D,PD,AK,F
13:31:21,UNVR,RG,4060,5,D,PD,AK,F
13:31:21,UNVR,RG,4060,1,D,PD,AK,F
13:31:21,UNVR,RG,4060,9,D,PD,AK,F
13:31:21,UNVR,RG,4060,34,D,BB,AK,F
13:31:21,UNVR,RG,4060,1,D,PD,AK,F
13:31:21,UNVR,RG,4060,1,D,PD,AK,F
13:31:21,UNVR,RG,4060,20,D,SQ,AK,F
13:31:21,UNVR,RG,4060,5,D,PD,AK,F
13:31:21,UNVR,RG,4060,5,D,SQ,AK,F
13:31:21,UNVR,RG,4060,1,D,PD,AK,F
13:31:21,UNVR,RG,4060,1,D,XL,AK,F
13:31:21,UNVR,RG,4060,1,D,DH,AK,F
13:31:21,UNVR,RG,4060,1,D,DR,AK,F
13:31:21,UNVR,RG,4060,3,D,DR,AK,F
13:31:21,UNVR,RG,4060,6,D,PD,AK,F
13:31:21,UNVR,RG,4060,2,D,PD,AK,F
13:31:21,UNVR,RG,4060,5,D,PD,AK,F
13:31:21,UNVR,RG,4060,5,D,DX,AK,F
13:31:21,UNVR,RG,4060,200,D,GR,AK,F
13:31:21,UNVR,RG,4060,1,D,SQ,AK,F
13:31:21,UNVR,RG,4060,1,F,ZP,AK,F
13:31:21,UNVR,RG,4060,1,D,PD,AK,F
13:31:21,UNVR,RG,4060,5,D,PD,AK,F
13:31:21,UNVR,RG,4060,10,D,PD,AK,F
13:31:21,UNVR,RG,4060,5,D,PD,AK,F
13:31:21,UNVR,RG,4060,2,D,PD,AK,F
13:31:21,UNVR,RG,4060,3,D,KK,AK,F
13:31:21,UNVR,RG,4060,3,D,PD,AK,F
13:31:21,UNVR,RG,4060,1,D,PD,AK,F
13:31:21,UNVR,RG,4060,2,D,PD,AK,F
13:31:21,UNVR,RG,4060,5,D,PD,AK,F
13:31:21,UNVR,RG,4060,20,D,SQ,AK,F
13:31:21,UNVR,RG,4060,25,D,LG,AK,F
13:31:21,UNVR,RG,4060,10,D,KK,AK,F
13:31:21,UNVR,RG,4060,3,D,KK,AK,F
13:31:21,UNVR,RG,4060,1,D,GR,AK,F
13:31:21,UNVR,RG,4060,1,D,AZ,AK,F
13:31:21,UNVR,RG,4060,1,D,EP,AK,F
13:31:21,UNVR,RG,4060,1,D,HP,AK,F
13:31:21,UNVR,RG,4060,5,D,DR,AK,F
13:31:21,UNVR,RG,4060,122,D,GR,AK,F
13:31:21,UNVR,RG,4060,5,D,DR,AK,F
13:31:21,UNVR,RG,4060,1,D,DR,AK,F
13:31:21,UNVR,RG,4060,1,D,PD,AK,F
13:31:21,UNVR,RG,4060,1,D,PD,AK,F
13:31:21,UNVR,RG,4060,200,D,SQ,AK,F
13:31:21,UNVR,RG,4060,10,D,LG,AK,F
13:31:21,UNVR,RG,4060,1,D,DR,AK,F
13:31:21,UNVR,RG,4060,5,D,YP,AK,F
13:31:21,UNVR,RG,4060,1,D,PD,AK,F
13:31:21,UNVR,RG,4060,1,D,DX,AK,F
13:31:21,UNVR,RG,4060,1,D,PD,AK,F
13:31:21,UNVR,RG,4060,1,D,NI,AK,F
13:31:21,UNVR,RG,4060,10,D,DR,AK,F
13:31:21,UNVR,RG,4060,236,D,XC,AK,F
13:31:21,UNVR,RG,4060,1,D,YP,AK,F
13:31:21,UNVR,RG,4060,1,D,CC,AK,F
13:31:21,UNVR,RG,4060,17,D,LG,AK,F
13:31:21,UNVR,RG,4060,24,D,PD,AK,F
13:31:21,UNVR,RG,4060,1,D,OD,AK,F
13:31:21,UNVR,RG,4060,300,D,XC,AK,F
13:31:21,UNVR,RG,4060,43,D,KZ,AK,F
13:31:21,UNVR,RG,4060,1,D,PD,AK,F
13:31:21,UNVR,RG,4060,10,D,NI,AK,F
13:31:21,UNVR,RG,4060,10,D,NI,AK,F
13:31:21,UNVR,RG,4060,10,D,XC,AK,F
13:31:21,UNVR,RG,4060,10,D,YP,AK,F
13:31:21,UNVR,RG,4060,1,D,YP,AK,F
13:31:21,UNVR,RG,4060,1,D,XC,AK,F
13:31:21,UNVR,RG,4060,1,D,PD,AK,F
13:31:21,UNVR,RG,4060,10,D,LG,AK,F
13:31:21,UNVR,RG,4060,100,D,OD,AK,F
13:31:21,UNVR,RG,4060,1,D,NI,AK,F
13:31:21,UNVR,RG,4060,5,D,XC,AK,F
13:31:21,UNVR,RG,4060,1,D,XC,AK,F
13:31:21,UNVR,RG,4060,5,D,KK,AK,F
13:31:21,UNVR,RG,4060,1,D,YP,AK,F
13:31:21,UNVR,RG,4060,1,D,XC,AK,F
13:31:21,UNVR,RG,4060,1,D,YP,AK,F
13:31:21,UNVR,RG,4060,2,D,XC,AK,F
13:31:21,UNVR,RG,4060,1,D,XL,AK,F
13:31:21,UNVR,RG,4060,3,D,YP,AK,F
13:31:21,UNVR,RG,4060,11,D,CC,AK,F
13:31:21,UNVR,RG,4060,3,D,CC,AK,F
13:31:21,UNVR,RG,4060,2,D,XC,AK,F
13:31:21,UNVR,RG,4060,1,D,EP,AK,F
13:31:21,UNVR,RG,4060,8,D,AI,AK,F
13:31:21,UNVR,RG,4060,8,D,AI,AK,F
13:31:21,UNVR,RG,4060,4,D,PD,AK,F
13:31:21,UNVR,RG,4060,8,D,AI,AK,F
13:31:21,UNVR,RG,4060,5,D,BQ,AK,F
13:31:21,UNVR,RG,4060,2,D,SQ,AK,F
13:31:21,UNVR,RG,4060,1,D,YP,AK,F
13:31:21,UNVR,RG,4060,1,D,YP,AK,F
13:31:21,UNVR,RG,4060,1,D,XC,AK,F
13:31:21,UNVR,RG,4060,1,D,XC,AK,F
13:31:21,UNVR,RG,4060,10,D,NI,AK,F
13:31:21,UNVR,RG,4060,20,D,PD,AK,F
13:31:21,UNVR,RG,4060,1,D,CC,AK,F
13:31:21,UNVR,RG,4060,1,D,XC,AK,F
13:31:21,UNVR,RG,4060,21,D,YP,AK,F
13:31:21,UNVR,RG,4060,5,D,YP,AK,F
13:31:21,UNVR,RG,4060,10,D,DH,AK,F
13:31:21,UNVR,RG,4060,1,D,NI,AK,F
13:31:21,UNVR,RG,4060,43,F,ZP,AK,F
13:31:21,UNVR,RG,4060,3,D,PD,AK,F
13:31:21,UNVR,RG,4060,1,D,RB,AK,F
13:31:21,UNVR,RG,4060,1,D,KK,AK,F
13:31:21,UNVR,RG,4060,10,D,OD,AK,F
13:31:21,UNVR,RG,4060,1,D,YP,AK,F
13:31:21,UNVR,RG,4060,2,D,PD,AK,F
13:31:21,UNVR,RG,4060,8,D,LG,AK,F
13:31:21,UNVR,RG,4060,2,D,XL,AK,F
13:31:21,UNVR,RG,4060,10,D,XC,AK,F
13:31:21,UNVR,RG,4060,1,D,XC,AK,F
13:31:21,UNVR,RG,4060,3,D,PD,AK,F
13:31:21,UNVR,RG,4060,60,D,LG,AK,F
13:31:21,UNVR,RG,4060,2,D,PD,AK,F
13:31:21,UNVR,RG,4060,5,D,KZ,AK,F
13:31:21,UNVR,RG,4060,100,D,YP,AK,F
13:31:21,UNVR,RG,4060,1,D,CC,AK,F
13:31:21,UNVR,RG,4060,1,D,KZ,AK,F
13:31:21,UNVR,RG,4060,10,D,NI,AK,F
13:31:21,UNVR,RG,4060,1,D,KZ,AK,F
13:31:21,UNVR,RG,4060,5,D,YP,AK,F
13:31:21,UNVR,RG,4060,2,D,AI,AK,F
13:31:21,UNVR,RG,4060,1,D,YP,AK,F
13:31:21,UNVR,RG,4060,2,D,PD,AK,F
13:31:21,UNVR,RG,4060,1,D,PD,AK,F
13:31:21,UNVR,RG,4060,1,D,KZ,AK,F
13:31:21,UNVR,RG,4060,1,D,XC,AK,F
13:31:21,UNVR,RG,4060,1,D,KK,AK,F
13:31:21,UNVR,RG,4060,4,D,KZ,AK,F
13:31:21,UNVR,RG,4060,10,D,CC,AK,F
13:31:21,UNVR,RG,4060,100,D,DR,AK,F
13:31:21,UNVR,RG,4060,10,D,YP,AK,F
13:31:21,UNVR,RG,4060,2,D,PD,AK,F
13:31:21,UNVR,RG,4060,1,D,KZ,AK,F
13:31:21,UNVR,RG,4060,6,D,PD,AK,F
13:31:21,UNVR,RG,4060,2,D,XL,AK,F
13:31:21,UNVR,RG,4060,5,D,PD,AK,F
13:31:21,UNVR,RG,4060,18,D,KZ,AK,F
13:31:21,UNVR,RG,4060,300,D,YP,AK,F
13:31:21,UNVR,RG,4060,3,D,YP,AK,F
13:31:21,UNVR,RG,4060,52,D,KZ,AK,F
13:31:21,UNVR,RG,4060,20,D,FZ,AK,F
13:31:21,UNVR,RG,4060,1,D,DR,AK,F
13:31:21,UNVR,RG,4060,1000,D,NI,AK,F
13:31:21,UNVR,RG,4060,1,D,XC,AK,F
13:31:21,UNVR,RG,4060,1,D,YP,AK,F
13:31:21,UNVR,RG,4060,3,D,PD,AK,F
13:31:21,UNVR,RG,4060,2,D,KK,AK,F
13:31:21,UNVR,RG,4060,5,D,KZ,AK,F
13:31:15,UNVR,RG,4070,4,D,DH,HP,D
13:31:04,UNVR,RG,4070,1,D,KZ,HP,D
13:30:44,UNVR,RG,4070,1,D,KZ,HP,D
13:30:39,UNVR,RG,4070,1,D,KZ,HP,D
13:30:39,UNVR,RG,4070,10,F,ZP,HP,D
13:30:39,UNVR,RG,4070,2,F,ZP,XC,D
13:30:39,UNVR,RG,4070,6,F,ZP,SQ,D
13:30:21,UNVR,RG,4070,20,D,YU,SQ,D
13:30:15,UNVR,RG,4070,1,D,YP,SQ,D
13:30:15,UNVR,RG,4070,10,D,YP,SQ,D
13:30:15,UNVR,RG,4070,1,D,YP,SQ,D
13:30:15,UNVR,RG,4070,12,D,YP,SQ,D
13:30:15,UNVR,RG,4070,4,D,YP,PD,D
13:30:15,UNVR,RG,4070,9,D,YP,NI,D
13:30:15,UNVR,RG,4070,43,D,YP,NI,D
13:30:15,UNVR,RG,4070,7,D,YP,CC,D
13:30:15,UNVR,RG,4070,1,D,YP,CC,D
13:30:15,UNVR,RG,4070,2,D,YP,CC,D
13:30:14,UNVR,RG,4070,3,D,NI,DH,D
13:30:14,UNVR,RG,4070,2,F,NI,DH,D
13:30:14,UNVR,RG,4070,1,F,NI,NI,D
13:30:14,UNVR,RG,4070,1,D,YP,NI,D
13:30:14,UNVR,RG,4070,5,D,YP,NI,D
13:30:12,UNVR,RG,4070,10,F,YP,NI,D
13:30:12,UNVR,RG,4070,2,D,YP,NI,D
13:30:12,UNVR,RG,4070,10,D,YP,NI,D
13:30:11,UNVR,RG,4060,15,D,KZ,YP,D
13:30:11,UNVR,RG,4070,29,D,KZ,NI,D
13:30:09,UNVR,RG,4070,1,D,CC,NI,D
13:30:09,UNVR,RG,4070,1,D,CC,NI,D
13:30:08,UNVR,RG,4070,40,F,KK,NI,D
13:30:08,UNVR,RG,4070,10,F,KK,NI,D
13:30:08,UNVR,RG,4070,9,F,KK,PD,D
13:30:08,UNVR,RG,4070,18,F,KK,AK,F
13:30:08,UNVR,RG,4070,20,F,KK,DX,D
13:30:08,UNVR,RG,4070,1,F,KK,PD,D
13:30:08,UNVR,RG,4070,2,F,KK,AK,F
13:30:08,UNVR,RG,4070,1,D,CC,AK,F
13:30:08,UNVR,RG,4070,5,D,CC,AK,F
13:30:07,UNVR,RG,4070,1,D,XC,AK,F
13:30:07,UNVR,RG,4070,10,D,XC,AK,F
13:30:07,UNVR,RG,4070,1,D,XC,AK,F
13:30:07,UNVR,RG,4070,1,D,XC,AK,F
13:30:07,UNVR,RG,4060,13,D,KZ,AK,F
13:30:07,UNVR,RG,4070,1,D,XC,AK,F
13:30:07,UNVR,RG,4070,4,D,XC,AK,F
13:30:07,UNVR,RG,4070,10,D,XC,AK,F
13:30:06,UNVR,RG,4070,4,D,XC,AK,F
13:30:06,UNVR,RG,4070,1,D,XC,AK,F
13:30:06,UNVR,RG,4070,10,D,CC,AK,F
13:30:06,UNVR,RG,4070,1,D,PD,AK,F
13:30:06,UNVR,RG,4070,1,D,PD,AK,F
13:30:06,UNVR,RG,4070,1,D,PD,AK,F
13:30:05,UNVR,RG,4060,67,D,KZ,AK,F
13:30:05,UNVR,RG,4060,1,D,NI,AK,F
13:30:05,UNVR,RG,4060,1,D,XC,AK,F
13:30:05,UNVR,RG,4060,2,D,YP,AK,F
13:30:05,UNVR,RG,4060,10,D,CC,AK,F
13:30:05,UNVR,RG,4060,10,D,XC,AK,F
13:30:05,UNVR,RG,4060,10,D,KK,AK,F
13:30:05,UNVR,RG,4060,4,D,YP,AK,F
13:30:05,UNVR,RG,4070,1,D,XC,AK,F
13:30:05,UNVR,RG,4070,9,D,XC,AK,F
13:30:05,UNVR,RG,4070,1,D,XC,AK,F
13:30:05,UNVR,RG,4070,1,D,XC,AK,F
13:30:05,UNVR,RG,4070,10,D,XL,AK,F
13:30:05,UNVR,RG,4070,1,D,XC,AK,F
13:30:05,UNVR,RG,4070,2,D,XL,AK,F
13:30:05,UNVR,RG,4070,3,D,XC,AK,F
13:30:04,UNVR,RG,4070,1,D,XC,AK,F
13:30:04,UNVR,RG,4070,1,D,XC,AK,F
13:30:04,UNVR,RG,4070,18,F,ZP,AK,F
13:30:04,UNVR,RG,4060,6,D,YP,KK,D
13:30:04,UNVR,RG,4060,5,D,DX,KK,D
13:30:04,UNVR,RG,4060,5,D,AH,KK,D
13:30:04,UNVR,RG,4060,10,D,YU,KK,D
13:30:04,UNVR,RG,4060,3,D,CP,KK,D
13:30:04,UNVR,RG,4060,13,D,PD,KK,D
13:30:04,UNVR,RG,4060,1,D,PD,KK,D
13:30:04,UNVR,RG,4060,1,D,KZ,KK,D
13:30:04,UNVR,RG,4060,1,D,XC,KK,D
13:30:04,UNVR,RG,4060,10,D,DH,KK,D
13:30:04,UNVR,RG,4060,10,D,CC,KK,D
13:30:04,UNVR,RG,4060,15,D,CC,PD,D
13:30:04,UNVR,RG,4070,1,D,PD,AK,F
13:30:04,UNVR,RG,4070,9,D,KZ,AK,F
13:30:04,UNVR,RG,4070,10,D,PD,AK,F
13:30:03,UNVR,RG,4070,1,D,CC,AK,F
13:30:03,UNVR,RG,4070,1,D,PD,AK,F
13:30:03,UNVR,RG,4070,1,D,DH,AK,F
13:30:03,UNVR,RG,4070,1,D,XL,AK,F
13:30:03,UNVR,RG,4070,2,D,PD,AK,F
13:30:03,UNVR,RG,4060,1,D,CC,AK,F
13:30:03,UNVR,RG,4070,1,D,XL,AK,F
13:30:03,UNVR,RG,4070,1,D,PD,AK,F
13:30:03,UNVR,RG,4070,10,D,PD,AK,F
13:30:03,UNVR,RG,4070,50,D,PD,AK,F
13:30:03,UNVR,RG,4070,3,D,KK,AK,F
13:30:03,UNVR,RG,4070,2,D,KK,AK,F
13:30:03,UNVR,RG,4070,17,D,DH,AK,F
13:30:03,UNVR,RG,4070,3,D,SQ,AK,F
13:30:03,UNVR,RG,4070,5,D,PD,AK,F
13:30:03,UNVR,RG,4070,1,D,PD,AK,F
13:30:03,UNVR,RG,4070,2,D,SQ,AK,F
13:30:03,UNVR,RG,4060,5,D,CC,SQ,D
13:30:03,UNVR,RG,4070,1,D,SQ,AK,F
13:30:03,UNVR,RG,4070,2,D,KK,AK,F
13:30:03,UNVR,RG,4070,10,D,DH,AK,F
13:30:03,UNVR,RG,4070,10,D,DH,AK,F
13:30:02,UNVR,RG,4060,10,D,CC,SQ,D
13:30:02,UNVR,RG,4070,3,D,AZ,AK,F
13:30:02,UNVR,RG,4070,1,D,PD,AK,F
13:30:02,UNVR,RG,4070,2,D,IP,AK,F
13:30:02,UNVR,RG,4060,1,D,CC,PD,D
13:30:02,UNVR,RG,4070,1,D,PD,AK,F
13:30:02,UNVR,RG,4060,2,D,CC,PD,D
13:30:02,UNVR,RG,4070,1,D,PD,AK,F
13:30:02,UNVR,RG,4070,11,D,PD,AK,F
13:30:02,UNVR,RG,4070,2,D,KK,AK,F
13:30:01,UNVR,RG,4070,10,D,PD,AK,F
13:30:01,UNVR,RG,4070,1,D,PD,AK,F
13:30:01,UNVR,RG,4060,10,D,CC,PD,D
13:30:01,UNVR,RG,4070,43,D,IF,AK,F
13:30:01,UNVR,RG,4070,1,D,IF,XC,D
13:30:01,UNVR,RG,4070,2,D,IF,KK,D
13:30:01,UNVR,RG,4070,4,D,IF,PD,D
13:30:01,UNVR,RG,4070,3,D,DH,PD,D
13:30:01,UNVR,RG,4070,3,D,DH,XL,D
13:30:01,UNVR,RG,4070,2,D,DH,AT,D
13:30:01,UNVR,RG,4070,5,D,DH,YP,D
13:30:01,UNVR,RG,4070,5,D,DH,PD,D
13:30:01,UNVR,RG,4070,2,D,DH,DX,F
13:30:01,UNVR,RG,4060,1,D,CC,PD,D
13:30:01,UNVR,RG,4070,5,D,AZ,DX,F
13:30:01,UNVR,RG,4070,1,D,HP,DX,F
13:30:01,UNVR,RG,4070,5,D,EP,DX,F
13:30:01,UNVR,RG,4060,7,D,CC,KK,D
13:30:01,UNVR,RG,4070,1,D,EP,DX,F
13:30:01,UNVR,RG,4070,1,D,GR,DX,F
13:30:01,UNVR,RG,4070,9,D,GR,AG,F
13:30:01,UNVR,RG,4070,1,D,HP,AG,F
13:30:01,UNVR,RG,4070,1,D,PD,AG,F
13:30:00,UNVR,RG,4070,2,D,AH,AG,F
11:29:59,UNVR,RG,4070,2,D,KZ,AG,F
11:29:53,UNVR,RG,4060,1,D,CC,CC,D
11:29:52,UNVR,RG,4060,2,D,CC,PD,D
11:29:47,UNVR,RG,4060,3,D,CC,YP,D
11:29:39,UNVR,RG,4060,1,D,CC,AK,F
11:29:39,UNVR,RG,4060,1,D,CC,AK,F
11:29:37,UNVR,RG,4070,5,D,XL,AG,F
11:29:37,UNVR,RG,4070,20,D,XL,GR,D
11:29:35,UNVR,RG,4060,7,D,CC,AK,F
11:29:35,UNVR,RG,4060,1,D,CC,AK,F
11:29:34,UNVR,RG,4070,1,D,KZ,GR,D
11:29:30,UNVR,RG,4060,2,D,CC,AK,F
11:29:30,UNVR,RG,4070,3,D,XL,GR,D
11:29:24,UNVR,RG,4060,1,D,CC,AK,F
11:29:15,UNVR,RG,4060,4,D,CC,AK,F
11:29:15,UNVR,RG,4060,2,D,CC,AK,F
11:29:08,UNVR,RG,4070,10,D,PD,GR,D
11:28:59,UNVR,RG,4070,1,D,IF,GR,D
11:28:55,UNVR,RG,4060,1,D,CC,XC,D
11:28:33,UNVR,RG,4070,2,D,KZ,GR,D
11:28:33,UNVR,RG,4070,1,D,DR,GR,D
11:28:28,UNVR,RG,4070,2,D,KZ,GR,D
11:28:25,UNVR,RG,4070,1,D,DR,GR,D
11:28:19,UNVR,RG,4070,3,D,KZ,GR,D
11:28:19,UNVR,RG,4070,5,D,KZ,GR,D
11:28:14,UNVR,RG,4070,3,D,KZ,GR,D
11:28:14,UNVR,RG,4070,1,D,KZ,GR,D
11:28:14,UNVR,RG,4070,5,D,KZ,GR,D
11:28:14,UNVR,RG,4070,4,D,KZ,GR,D
11:28:14,UNVR,RG,4070,1,D,KZ,GR,D
11:28:10,UNVR,RG,4070,2,D,GR,GR,D
11:28:09,UNVR,RG,4070,62,F,ZP,GR,D
11:28:04,UNVR,RG,4070,73,D,CC,GR,D
11:28:04,UNVR,RG,4070,17,D,CC,AK,F
11:28:01,UNVR,RG,4070,3,D,KK,AK,F
11:27:52,UNVR,RG,4070,8,D,CC,AK,F
11:27:52,UNVR,RG,4070,15,D,CC,DX,F
11:27:52,UNVR,RG,4070,1,D,CC,BK,F
11:27:52,UNVR,RG,4070,80,D,CC,BK,F
11:27:45,UNVR,RG,4070,100,D,CC,BK,F
11:27:35,UNVR,RG,4070,1,D,XC,BK,F
11:27:25,UNVR,RG,4070,1,D,DR,BK,F
11:27:17,UNVR,RG,4060,1,D,CC,XL,D
11:27:05,UNVR,RG,4060,30,D,CC,BK,F
11:27:05,UNVR,RG,4060,10,D,CC,KK,D
11:26:54,UNVR,RG,4060,14,D,CC,AK,F
11:26:46,UNVR,RG,4070,1,D,PD,BK,F
11:26:39,UNVR,RG,4060,2,D,CC,AK,F
11:26:18,UNVR,RG,4070,3,D,AZ,BK,F
11:26:14,UNVR,RG,4060,10,D,CC,CC,D
11:26:00,UNVR,RG,4060,25,D,CC,AK,F
11:25:59,UNVR,RG,4070,3,D,BB,BK,F
11:25:55,UNVR,RG,4060,3,D,CC,NI,D
11:25:24,UNVR,RG,4060,6,D,CC,AK,F
11:25:00,UNVR,RG,4060,12,D,CC,AK,F
11:24:43,UNVR,RG,4060,30,D,CC,YP,D
11:24:20,UNVR,RG,4070,1,D,DH,BK,F
11:24:17,UNVR,RG,4070,1,D,PD,BK,F
11:24:02,UNVR,RG,4070,1,D,XC,BK,F
11:23:57,UNVR,RG,4070,5,D,KK,BK,F
11:23:22,UNVR,RG,4060,12,D,CC,AK,F
11:23:20,UNVR,RG,4070,2,D,PD,BK,F
11:23:15,UNVR,RG,4060,7,D,CC,AK,F
11:23:15,UNVR,RG,4060,1,D,XC,AK,F
11:23:15,UNVR,RG,4060,1,D,KZ,AK,F
11:23:15,UNVR,RG,4060,15,D,KK,AK,F
11:22:24,UNVR,RG,4070,10,D,CC,BK,F
11:22:21,UNVR,RG,4070,4,D,KK,BK,F
11:22:12,UNVR,RG,4070,15,D,NI,BK,F
11:22:12,UNVR,RG,4060,5,D,KK,CC,D
11:21:45,UNVR,RG,4070,3,D,YP,BK,F
11:21:41,UNVR,RG,4070,5,D,BB,BK,F
11:21:34,UNVR,RG,4060,5,D,KK,CC,D
11:21:34,UNVR,RG,4060,1,D,YP,CC,D
11:21:34,UNVR,RG,4060,6,D,KK,CC,D
11:21:15,UNVR,RG,4060,14,D,KK,AK,F
11:21:15,UNVR,RG,4060,10,D,XC,AK,F
11:21:00,UNVR,RG,4060,5,D,YP,PD,D
11:21:00,UNVR,RG,4060,1,D,YP,PD,D
11:21:00,UNVR,RG,4060,5,D,CP,PD,D
11:21:00,UNVR,RG,4060,1,D,CC,PD,D
11:20:06,UNVR,RG,4070,1,D,YP,BK,F
11:19:45,UNVR,RG,4060,1,D,YU,AK,F
11:19:45,UNVR,RG,4060,19,D,YP,AK,F
11:18:44,UNVR,RG,4070,1,D,PD,BK,F
11:18:00,UNVR,RG,4070,1,D,XC,BK,F
11:17:51,UNVR,RG,4060,22,D,YP,AK,F
11:17:50,UNVR,RG,4060,25,D,YP,AK,F
11:17:44,UNVR,RG,4070,1,D,NI,BK,F
11:17:34,UNVR,RG,4070,5,D,YP,BK,F
11:17:28,UNVR,RG,4060,4,D,YP,XC,D
11:17:06,UNVR,RG,4070,1,D,CC,BK,F
11:17:05,UNVR,RG,4060,30,D,YP,SQ,D
11:17:05,UNVR,RG,4060,1,D,XC,SQ,D
11:17:05,UNVR,RG,4060,19,D,XC,SQ,D
11:17:01,UNVR,RG,4070,1,D,XC,BK,F
11:16:33,UNVR,RG,4070,1,D,PD,BK,F
11:16:14,UNVR,RG,4070,2,D,XC,BK,F
11:16:10,UNVR,RG,4070,1,D,EP,BK,F
11:15:15,UNVR,RG,4070,1,D,PD,BK,F
11:15:04,UNVR,RG,4070,10,D,CC,BK,F
11:14:47,UNVR,RG,4070,6,D,PD,BK,F
11:14:30,UNVR,RG,4060,1,D,XC,PD,D
11:14:30,UNVR,RG,4060,1,D,DR,PD,D
11:14:30,UNVR,RG,4060,2,D,XC,PD,D
11:14:22,UNVR,RG,4070,2,D,PD,BK,F
11:14:20,UNVR,RG,4060,1,D,XC,LG,D
11:14:20,UNVR,RG,4060,1,D,XC,LG,D
11:14:20,UNVR,RG,4060,1,D,YP,LG,D
11:14:20,UNVR,RG,4060,1,D,PD,LG,D
11:14:20,UNVR,RG,4060,3,D,BB,LG,D
11:14:20,UNVR,RG,4060,1,D,KK,LG,D
11:14:20,UNVR,RG,4060,5,D,YP,LG,D
11:14:06,UNVR,RG,4060,9,D,YP,YP,D
11:13:59,UNVR,RG,4060,5,D,YP,YP,D
11:13:50,UNVR,RG,4060,34,D,YP,AK,F
11:13:39,UNVR,RG,4070,1,D,AT,BK,F
11:13:37,UNVR,RG,4070,10,D,NI,BK,F
11:13:23,UNVR,RG,4070,20,D,DX,BK,F
11:12:44,UNVR,RG,4070,1,D,XC,BK,F
11:12:42,UNVR,RG,4070,4,D,SQ,BK,F
11:12:13,UNVR,RG,4070,4,D,XL,BK,F
11:12:11,UNVR,RG,4060,1,D,YP,PD,D
11:11:52,UNVR,RG,4070,2,D,AT,BK,F
11:11:50,UNVR,RG,4070,3,D,PD,BK,F
11:11:50,UNVR,RG,4070,2,D,XC,BK,F
11:11:42,UNVR,RG,4070,1,D,XC,BK,F
11:11:38,UNVR,RG,4070,10,D,OD,BK,F
11:11:28,UNVR,RG,4070,5,D,PD,BK,F
11:11:07,UNVR,RG,4070,1,D,NI,BK,F
11:11:01,UNVR,RG,4070,1,D,DR,BK,F
11:10:53,UNVR,RG,4060,19,D,YP,CC,D
11:10:53,UNVR,RG,4060,1,D,NI,CC,D
11:10:50,UNVR,RG,4070,1,D,DR,BK,F
11:10:37,UNVR,RG,4060,15,F,ZP,PD,D
11:10:37,UNVR,RG,4060,10,D,XC,PD,D
11:10:37,UNVR,RG,4060,7,D,KK,PD,D
11:10:37,UNVR,RG,4060,1,D,CC,PD,D
11:10:33,UNVR,RG,4070,1,D,DR,AK,F
11:10:20,UNVR,RG,4070,1,D,XC,AK,F
11:10:14,UNVR,RG,4070,2,D,YP,AK,F
11:10:09,UNVR,RG,4060,14,D,CC,AK,F
11:10:09,UNVR,RG,4060,1,D,XC,AK,F
11:10:09,UNVR,RG,4060,7,D,SQ,AK,F
11:10:00,UNVR,RG,4060,3,D,SQ,OD,D
11:10:00,UNVR,RG,4060,2,D,PD,OD,D
11:09:41,UNVR,RG,4070,1,D,DR,AK,F
11:09:23,UNVR,RG,4070,2,D,KZ,AK,F
11:09:17,UNVR,RG,4070,2,D,PD,AK,F
11:09:09,UNVR,RG,4070,11,D,NI,AK,F
11:09:09,UNVR,RG,4070,5,D,KZ,AK,F
11:09:08,UNVR,RG,4070,1,D,KZ,AK,F
11:09:06,UNVR,RG,4070,200,D,SS,AK,F
11:08:51,UNVR,RG,4070,10,D,NI,AK,F
11:08:45,UNVR,RG,4070,1,D,XL,AK,F
11:08:21,UNVR,RG,4070,1,D,CC,AK,F
11:08:15,UNVR,RG,4070,1,D,XC,AK,F
11:08:04,UNVR,RG,4070,19,D,XC,AK,F
11:08:03,UNVR,RG,4060,2,D,PD,KK,D
11:08:03,UNVR,RG,4060,1,D,XC,KK,D
11:08:03,UNVR,RG,4060,1,D,GR,KK,D
11:08:03,UNVR,RG,4060,10,D,CC,KK,D
11:08:03,UNVR,RG,4060,5,D,PD,KK,D
11:08:03,UNVR,RG,4060,1,D,PD,KK,D
11:08:03,UNVR,RG,4060,1,D,CC,KK,D
11:08:03,UNVR,RG,4060,1,D,YP,KK,D
11:08:03,UNVR,RG,4060,1,D,CC,KK,D
11:08:03,UNVR,RG,4060,1,D,KZ,KK,D
11:08:00,UNVR,RG,4060,40,D,KZ,AK,F
11:08:00,UNVR,RG,4060,10,D,YP,AK,F
11:08:00,UNVR,RG,4060,1,D,KK,AK,F
11:06:56,UNVR,RG,4070,1,D,NI,AK,F
11:06:21,UNVR,RG,4070,20,D,YP,AK,F
11:05:51,UNVR,RG,4070,79,D,DR,AK,F
11:05:51,UNVR,RG,4070,4,D,DR,AK,F
11:05:51,UNVR,RG,4070,17,D,DR,YU,F
11:05:45,UNVR,RG,4060,2,D,YP,AK,F
11:05:45,UNVR,RG,4060,1,D,NI,AK,F
11:05:45,UNVR,RG,4060,1,D,PD,AK,F
11:05:45,UNVR,RG,4060,1,D,NI,AK,F
11:05:45,UNVR,RG,4060,1,D,PD,AK,F
11:05:45,UNVR,RG,4060,2,D,NI,AK,F
11:05:45,UNVR,RG,4060,1,D,CC,AK,F
11:05:45,UNVR,RG,4060,1,D,XC,AK,F
11:05:45,UNVR,RG,4060,5,D,YP,AK,F
11:05:45,UNVR,RG,4060,1,D,XC,AK,F
11:05:45,UNVR,RG,4060,9,D,CC,AK,F
11:05:43,UNVR,RG,4070,42,D,KZ,YU,F
11:05:39,UNVR,RG,4070,16,D,KZ,YU,F
11:05:39,UNVR,RG,4070,1,D,KZ,YU,F
11:05:35,UNVR,RG,4070,2,D,PD,YU,F
11:05:19,UNVR,RG,4070,1,D,KZ,YU,F
11:05:10,UNVR,RG,4070,4,D,XC,YU,F
11:04:56,UNVR,RG,4070,3,D,YP,YU,F
11:04:41,UNVR,RG,4070,4,D,XC,YU,F
11:04:13,UNVR,RG,4070,1,D,PD,YU,F
11:04:03,UNVR,RG,4070,5,D,CP,YU,F
11:04:03,UNVR,RG,4060,1,D,CC,AK,F
11:04:03,UNVR,RG,4060,1,D,LG,AK,F
11:04:03,UNVR,RG,4060,1,D,DH,CC,D
11:04:03,UNVR,RG,4060,9,D,GR,CC,D
11:03:59,UNVR,RG,4070,2,D,KZ,YU,F
11:03:53,UNVR,RG,4060,3,D,GR,LG,D
11:03:51,UNVR,RG,4060,1,D,GR,PD,D
11:03:40,UNVR,RG,4060,1,D,GR,PD,D
11:03:10,UNVR,RG,4060,1,D,GR,AK,F
11:03:05,UNVR,RG,4070,1,D,PD,YU,F
11:03:00,UNVR,RG,4070,2,D,PD,YU,F
11:02:58,UNVR,RG,4070,2,D,KZ,YU,F
11:02:43,UNVR,RG,4070,1,D,DR,YU,F
11:02:40,UNVR,RG,4060,4,D,GR,AK,F
11:02:39,UNVR,RG,4060,22,D,GR,AK,F
11:02:16,UNVR,RG,4070,1,D,PD,YU,F
11:02:12,UNVR,RG,4070,5,D,NI,YU,F
11:01:30,UNVR,RG,4060,1,D,GR,AK,F
11:01:30,UNVR,RG,4060,8,D,GR,PC,D
11:01:30,UNVR,RG,4060,1,D,XA,PC,D
11:01:04,UNVR,RG,4060,1,D,XA,OD,D
11:00:13,UNVR,RG,4070,1,D,DR,YU,F
10:59:33,UNVR,RG,4060,2,D,XA,AK,F
10:59:31,UNVR,RG,4060,1,D,XA,CC,D
10:59:31,UNVR,RG,4060,1,D,XL,CC,D
10:59:31,UNVR,RG,4060,5,D,YP,CC,D
10:59:31,UNVR,RG,4060,10,D,YP,CC,D
10:59:31,UNVR,RG,4060,1,D,CC,CC,D
10:59:31,UNVR,RG,4060,2,D,KK,CC,D
10:58:57,UNVR,RG,4060,1,D,KK,AK,F
10:58:56,UNVR,RG,4070,1,D,DR,YU,F
10:58:42,UNVR,RG,4060,7,D,KK,AK,F
10:58:42,UNVR,RG,4060,4,D,KK,AK,F
10:58:41,UNVR,RG,4060,11,D,KK,SS,D
10:58:41,UNVR,RG,4060,5,D,LG,SS,D
10:58:41,UNVR,RG,4060,1,D,YP,SS,D
10:58:41,UNVR,RG,4060,25,D,CP,SS,D
10:58:41,UNVR,RG,4060,10,D,XC,SS,D
10:58:41,UNVR,RG,4060,5,D,GR,SS,D
10:58:41,UNVR,RG,4060,5,D,CC,SS,D
10:58:41,UNVR,RG,4060,1,D,XC,SS,D
10:58:41,UNVR,RG,4060,5,D,PD,SS,D
10:58:41,UNVR,RG,4060,3,D,CC,SS,D
10:58:41,UNVR,RG,4060,1,D,PD,SS,D
10:58:41,UNVR,RG,4060,23,D,CC,SS,D
10:58:40,UNVR,RG,4060,1,D,CC,AK,F
10:58:40,UNVR,RG,4060,5,D,CC,BK,F
10:58:39,UNVR,RG,4060,11,D,CC,AK,F
10:58:39,UNVR,RG,4060,2,D,CC,AK,F
10:58:38,UNVR,RG,4060,83,D,CC,YP,F
10:58:38,UNVR,RG,4060,1,D,XC,YP,F
10:58:38,UNVR,RG,4060,2,D,XL,YP,F
10:58:38,UNVR,RG,4060,2,D,SQ,YP,F
10:58:38,UNVR,RG,4060,1,D,PD,YP,F
10:58:38,UNVR,RG,4060,1,D,KK,YP,F
10:58:38,UNVR,RG,4060,16,D,YU,YP,F
10:58:37,UNVR,RG,4060,4,D,YU,BK,F
10:58:36,UNVR,RG,4060,9,D,YU,AK,F
10:58:35,UNVR,RG,4060,71,D,YU,AK,F
10:58:21,UNVR,RG,4070,1,D,XC,YU,F
10:57:57,UNVR,RG,4060,1,D,YP,AK,F
10:57:56,UNVR,RG,4070,8,D,PD,YU,F
10:57:51,UNVR,RG,4060,1,D,YP,AK,F
10:57:50,UNVR,RG,4060,1,D,YP,LG,D
10:57:50,UNVR,RG,4060,2,D,YP,PD,D
10:57:20,UNVR,RG,4060,1,D,YP,LG,D
10:56:49,UNVR,RG,4060,4,D,YP,AK,F
10:56:49,UNVR,RG,4060,2,D,LG,AK,F
10:56:49,UNVR,RG,4060,1,D,SQ,AK,F
10:56:49,UNVR,RG,4060,1,D,NI,AK,F
10:56:49,UNVR,RG,4060,1,D,XC,AK,F
10:56:48,UNVR,RG,4060,9,D,XC,IU,D
10:56:48,UNVR,RG,4060,10,D,YP,IU,D
10:56:48,UNVR,RG,4060,40,D,EP,IU,D
10:56:48,UNVR,RG,4060,1,D,KK,IU,D
10:56:48,UNVR,RG,4060,1,D,RG,IU,D
10:56:48,UNVR,RG,4060,14,D,NI,IU,D
10:56:44,UNVR,RG,4060,5,D,NI,AK,F
10:56:43,UNVR,RG,4060,1,D,NI,AK,F
10:56:43,UNVR,RG,4060,1,D,YP,AK,F
10:56:43,UNVR,RG,4060,2,D,SQ,AK,F
10:56:43,UNVR,RG,4060,2,D,PD,AK,F
10:56:43,UNVR,RG,4060,1,D,PD,AK,F
10:56:43,UNVR,RG,4060,10,D,GR,AK,F
10:56:43,UNVR,RG,4060,5,D,XC,AK,F
10:56:43,UNVR,RG,4060,5,D,DH,AK,F
10:56:43,UNVR,RG,4060,10,D,XL,AK,F
10:56:43,UNVR,RG,4060,2,D,PD,AK,F
10:56:43,UNVR,RG,4060,1,D,PD,AK,F
10:56:43,UNVR,RG,4060,5,D,EP,AK,F
10:56:43,UNVR,RG,4060,1,D,YP,AK,F
10:56:43,UNVR,RG,4060,1,D,DR,AK,F
10:56:43,UNVR,RG,4060,5,D,XC,AK,F
10:56:43,UNVR,RG,4060,16,D,EP,AK,F
10:56:42,UNVR,RG,4060,22,D,EP,YP,D
10:56:42,UNVR,RG,4060,3,D,XC,YP,D
10:56:42,UNVR,RG,4060,1,D,NI,YP,D
10:56:42,UNVR,RG,4060,1,D,XC,YP,D
10:56:42,UNVR,RG,4060,5,D,HP,YP,D
10:56:42,UNVR,RG,4060,2,D,PD,YP,D
10:56:42,UNVR,RG,4060,1,D,XC,YP,D
10:56:42,UNVR,RG,4060,1,D,NI,YP,D
10:56:42,UNVR,RG,4060,10,D,CC,YP,D
10:56:42,UNVR,RG,4060,106,D,YP,YP,D
10:56:42,UNVR,RG,4060,1,D,DR,YP,D
10:56:42,UNVR,RG,4060,3,D,XC,YP,D
10:56:42,UNVR,RG,4060,1,D,KK,YP,D
10:56:42,UNVR,RG,4060,1,D,CC,YP,D
10:56:42,UNVR,RG,4060,5,D,YP,YP,D
10:56:42,UNVR,RG,4060,2,D,CC,YP,D
10:56:42,UNVR,RG,4060,1,D,CC,YP,D
10:56:42,UNVR,RG,4060,1,D,YP,YP,D
10:56:42,UNVR,RG,4060,10,D,KK,YP,D
10:56:42,UNVR,RG,4060,2,D,CC,YP,D
10:56:42,UNVR,RG,4060,2,D,PD,YP,D
10:56:42,UNVR,RG,4060,1,D,DR,YP,D
10:56:42,UNVR,RG,4060,1,D,KK,YP,D
10:56:42,UNVR,RG,4060,1,D,XC,YP,D
10:56:42,UNVR,RG,4060,1,D,PD,YP,D
10:56:42,UNVR,RG,4060,4,D,YP,YP,D
10:56:42,UNVR,RG,4060,2,D,YP,YP,D
10:56:42,UNVR,RG,4060,1,D,XC,YP,D
10:56:42,UNVR,RG,4060,1,D,NI,YP,D
10:56:42,UNVR,RG,4060,5,D,KK,YP,D
10:56:42,UNVR,RG,4060,2,D,PD,YP,D
10:56:42,UNVR,RG,4060,4,D,YP,YP,D
10:56:42,UNVR,RG,4060,1,D,PD,YP,D
10:56:42,UNVR,RG,4060,1,D,PD,YP,D
10:56:42,UNVR,RG,4060,50,D,SQ,YP,D
10:56:42,UNVR,RG,4060,5,D,CC,YP,D
10:56:42,UNVR,RG,4060,5,D,PD,YP,D
10:56:42,UNVR,RG,4060,10,D,CC,YP,D
10:56:42,UNVR,RG,4060,3,D,NI,YP,D
10:56:42,UNVR,RG,4060,2,D,PD,YP,D
10:56:42,UNVR,RG,4060,200,D,LS,YP,D
10:56:42,UNVR,RG,4060,42,D,PD,YP,D
10:56:30,UNVR,RG,4060,3,D,PD,AT,D
10:56:25,UNVR,RG,4060,40,D,PD,KK,D
10:56:15,UNVR,RG,4060,14,D,PD,AK,F
10:56:15,UNVR,RG,4060,1,D,EP,AK,F
10:56:15,UNVR,RG,4060,2,D,DH,AK,F
10:56:15,UNVR,RG,4060,9,D,ES,AK,F
10:56:05,UNVR,RG,4060,2,D,ES,AK,F
10:56:05,UNVR,RG,4060,10,D,ES,CC,D
10:56:00,UNVR,RG,4060,13,D,ES,AK,F
10:55:59,UNVR,RG,4070,108,D,KZ,YU,F
10:55:58,UNVR,RG,4070,1,D,KZ,YU,F
10:55:56,UNVR,RG,4060,7,D,ES,AK,F
10:55:54,UNVR,RG,4060,57,D,ES,BK,F
10:55:54,UNVR,RG,4060,128,D,ES,AK,F
10:55:53,UNVR,RG,4060,1000,D,ES,PD,D
10:55:48,UNVR,RG,4060,22,D,ES,AI,D
10:55:39,UNVR,RG,4060,10,D,ES,PD,D
10:55:38,UNVR,RG,4060,42,D,ES,AK,F
10:55:38,UNVR,RG,4060,1,D,YP,AK,F
10:55:38,UNVR,RG,4060,4,D,AT,AK,F
10:55:38,UNVR,RG,4060,5,D,XC,AK,F
10:55:38,UNVR,RG,4060,7,D,XC,GR,D
10:55:38,UNVR,RG,4060,1,D,LG,GR,D
10:55:38,UNVR,RG,4060,2,D,CC,GR,D
10:55:38,UNVR,RG,4060,2,D,PD,GR,D
10:55:38,UNVR,RG,4060,1,D,EP,GR,D
10:55:38,UNVR,RG,4060,1,D,KK,GR,D
10:55:38,UNVR,RG,4060,2,D,RB,GR,D
10:55:38,UNVR,RG,4060,8,D,NI,GR,D
10:55:38,UNVR,RG,4060,100,D,YP,GR,D
10:55:38,UNVR,RG,4060,1,D,NI,GR,D
10:55:38,UNVR,RG,4060,2,D,PD,GR,D
10:55:38,UNVR,RG,4060,1,D,PD,GR,D
10:55:38,UNVR,RG,4060,1,D,PD,GR,D
10:55:38,UNVR,RG,4060,25,D,PD,GR,D
10:55:38,UNVR,RG,4060,1,D,LG,GR,D
10:55:38,UNVR,RG,4060,1,D,YP,GR,D
10:55:38,UNVR,RG,4060,1,D,YP,GR,D
10:55:38,UNVR,RG,4060,1,D,YP,GR,D
10:55:38,UNVR,RG,4060,42,D,CC,GR,D
10:55:18,UNVR,RG,4060,22,D,CC,BK,F
10:55:18,UNVR,RG,4060,361,D,CC,AK,F
10:55:17,UNVR,RG,4060,80,D,CC,AK,F
10:55:17,UNVR,RG,4060,2,D,YP,AK,F
10:55:17,UNVR,RG,4060,20,D,SQ,AK,F
10:55:17,UNVR,RG,4060,1,D,CC,AK,F
10:55:17,UNVR,RG,4060,1,D,KK,AK,F
10:55:17,UNVR,RG,4060,1,D,PD,AK,F
10:55:17,UNVR,RG,4060,1,D,YP,AK,F
10:55:17,UNVR,RG,4060,1,D,PD,AK,F
10:55:17,UNVR,RG,4060,1,D,PD,AK,F
10:55:17,UNVR,RG,4060,10,D,SH,AK,F
10:55:17,UNVR,RG,4060,10,D,PD,AK,F
10:55:17,UNVR,RG,4060,7,D,PD,AK,F
10:55:17,UNVR,RG,4060,1,D,XC,AK,F
10:55:17,UNVR,RG,4060,65,D,DX,AK,F
10:55:17,UNVR,RG,4060,2,D,HP,AK,F
10:55:17,UNVR,RG,4060,1,D,PD,AK,F
10:55:17,UNVR,RG,4070,1,D,SQ,YU,F
10:55:17,UNVR,RG,4070,8,D,BB,YU,F
10:55:17,UNVR,RG,4070,9,D,KZ,YU,F
10:55:17,UNVR,RG,4070,195,F,YU,YU,F
10:55:17,UNVR,RG,4070,1,D,KK,YU,F
10:55:17,UNVR,RG,4070,1,D,CC,YU,F
10:55:17,UNVR,RG,4070,10,D,YU,YU,F
10:55:17,UNVR,RG,4070,10,D,CC,YU,F
10:55:17,UNVR,RG,4070,1,D,XC,YU,F
10:55:17,UNVR,RG,4070,1,D,YU,YU,F
10:55:17,UNVR,RG,4070,2,D,YP,YU,F
10:55:17,UNVR,RG,4070,1,D,XC,YU,F
10:55:17,UNVR,RG,4070,10,D,XC,YU,F
10:55:17,UNVR,RG,4070,1,D,YP,YU,F
10:55:17,UNVR,RG,4070,1,D,AZ,YU,F
10:55:17,UNVR,RG,4070,1,D,PD,YU,F
10:55:17,UNVR,RG,4070,1,D,RB,YU,F
10:55:17,UNVR,RG,4070,1,D,YP,YU,F
10:55:17,UNVR,RG,4070,5,D,AT,YU,F
10:55:17,UNVR,RG,4070,1,D,XC,YU,F
10:55:17,UNVR,RG,4070,3,D,XC,YU,F
10:55:17,UNVR,RG,4070,1,D,XC,YU,F
10:55:17,UNVR,RG,4070,20,D,AN,YU,F
10:55:17,UNVR,RG,4070,1,D,KK,YU,F
10:55:17,UNVR,RG,4070,12,D,EP,YU,F
10:55:17,UNVR,RG,4070,1,D,DH,YU,F
10:55:17,UNVR,RG,4070,5,D,PD,YU,F
10:55:17,UNVR,RG,4070,1,D,PD,YU,F
10:55:17,UNVR,RG,4070,23,D,NI,YU,F
10:55:17,UNVR,RG,4070,1,D,CC,YU,F
10:55:17,UNVR,RG,4070,1,D,CC,YU,F
10:55:17,UNVR,RG,4070,5,F,KK,YU,F
10:55:17,UNVR,RG,4070,1,D,NI,YU,F
10:55:17,UNVR,RG,4070,10,D,CC,YU,F
10:55:17,UNVR,RG,4070,50,D,OD,YU,F
10:55:17,UNVR,RG,4070,230,D,KZ,YU,F
10:55:17,UNVR,RG,4070,1,D,YP,YU,F
10:55:17,UNVR,RG,4070,5,D,OD,YU,F
10:55:17,UNVR,RG,4070,7,D,XL,YU,F
10:55:17,UNVR,RG,4070,2,D,XC,YU,F
10:55:17,UNVR,RG,4070,1,D,XC,YU,F
10:55:17,UNVR,RG,4070,1,D,XL,YU,F
10:55:17,UNVR,RG,4070,1,D,KK,YU,F
10:55:17,UNVR,RG,4070,21,D,CC,YU,F
10:55:17,UNVR,RG,4070,1,D,XC,YU,F
10:55:17,UNVR,RG,4070,100,D,GR,YU,F
10:55:17,UNVR,RG,4070,1,D,GR,YU,F
10:55:17,UNVR,RG,4070,1,D,XC,YU,F
10:55:17,UNVR,RG,4070,1,D,YU,YU,F
10:55:17,UNVR,RG,4070,50,D,CC,YU,F
10:55:17,UNVR,RG,4070,10,D,YP,YU,F
10:55:17,UNVR,RG,4070,2,D,DR,YU,F
10:55:17,UNVR,RG,4070,20,D,YP,YU,F
10:55:17,UNVR,RG,4070,1,D,CC,YU,F
10:55:17,UNVR,RG,4070,2,D,PD,YU,F
10:55:17,UNVR,RG,4070,5,D,PD,YU,F
10:55:17,UNVR,RG,4070,3,D,XC,YU,F
10:55:17,UNVR,RG,4070,2,D,CC,YU,F
10:55:17,UNVR,RG,4070,1,D,XC,YU,F
10:55:17,UNVR,RG,4070,5,D,NI,YU,F
10:55:17,UNVR,RG,4070,200,D,YP,YU,F
10:55:17,UNVR,RG,4070,2,D,KK,YU,F
10:55:17,UNVR,RG,4070,5,D,YP,YU,F
10:55:17,UNVR,RG,4070,500,D,NI,YU,F
10:55:17,UNVR,RG,4070,5,D,CC,YU,F
10:55:17,UNVR,RG,4070,1,D,XL,YU,F
10:55:17,UNVR,RG,4070,1,D,DX,YU,F
10:55:17,UNVR,RG,4070,10,D,DR,YU,F
10:55:17,UNVR,RG,4070,5,D,YP,YU,F
10:55:17,UNVR,RG,4070,123,D,YP,YU,F
10:55:17,UNVR,RG,4070,1,D,XC,YU,F
10:55:17,UNVR,RG,4070,8,D,AI,YU,F
10:55:17,UNVR,RG,4070,1,D,NI,YU,F
10:55:17,UNVR,RG,4070,500,D,YP,YU,F
10:55:17,UNVR,RG,4070,10,D,YP,YU,F
10:55:17,UNVR,RG,4070,23,F,ZP,YU,F
10:55:17,UNVR,RG,4070,1,D,XL,YU,F
10:55:17,UNVR,RG,4070,685,D,SQ,YU,F
10:55:17,UNVR,RG,4070,1,D,DR,YU,F
10:55:17,UNVR,RG,4070,80,D,YU,YU,F
10:55:17,UNVR,RG,4070,1,D,XC,YU,F
10:55:17,UNVR,RG,4070,90,D,NI,YU,F
10:55:17,UNVR,RG,4070,1,D,YP,YU,F
10:55:17,UNVR,RG,4070,1,D,YP,YU,F
10:55:17,UNVR,RG,4070,1,D,PD,YU,F
10:55:17,UNVR,RG,4070,2,D,DR,YU,F
10:55:17,UNVR,RG,4070,1,D,PD,YU,F
10:55:17,UNVR,RG,4070,1,D,NI,YU,F
10:55:17,UNVR,RG,4070,1,D,XC,YU,F
10:55:17,UNVR,RG,4070,1,D,PD,YU,F
10:55:17,UNVR,RG,4070,1,D,AT,YU,F
10:55:17,UNVR,RG,4070,1,D,XC,YU,F
10:55:17,UNVR,RG,4070,3,D,AT,YU,F
10:55:17,UNVR,RG,4070,5,D,YP,YU,F
10:55:17,UNVR,RG,4070,25,D,XC,YU,F
10:55:17,UNVR,RG,4070,1,D,KK,YU,F
10:55:17,UNVR,RG,4070,1,D,XC,YU,F
10:55:17,UNVR,RG,4070,71,F,ZP,YU,F
10:55:17,UNVR,RG,4070,1,D,XC,YU,F
10:55:17,UNVR,RG,4070,1,D,XC,YU,F
10:55:17,UNVR,RG,4070,1,D,PD,YU,F
10:55:17,UNVR,RG,4070,100,D,CC,YU,F
10:55:17,UNVR,RG,4070,7,D,BB,YU,F
10:55:17,UNVR,RG,4070,10,D,DH,YU,F
10:55:17,UNVR,RG,4070,2,D,XC,YU,F
10:55:17,UNVR,RG,4070,1,D,XC,YU,F
10:55:17,UNVR,RG,4070,25,D,CC,YU,F
10:55:17,UNVR,RG,4070,2,D,XC,YU,F
10:55:17,UNVR,RG,4070,4,D,XC,YU,F
10:55:17,UNVR,RG,4070,1,D,PD,YU,F
10:55:17,UNVR,RG,4070,2,D,XC,YU,F
10:55:17,UNVR,RG,4070,1,D,HP,YU,F
10:55:17,UNVR,RG,4070,5,F,ZP,YU,F
10:55:17,UNVR,RG,4070,3,D,NI,YU,F
10:55:17,UNVR,RG,4070,1,D,YP,YU,F
10:55:17,UNVR,RG,4070,1,D,PD,YU,F
10:55:17,UNVR,RG,4070,45,D,DR,YU,F
10:55:17,UNVR,RG,4070,1317,D,SQ,YU,F
10:55:10,UNVR,RG,4070,2,D,SQ,AK,F
10:55:09,UNVR,RG,4070,21,D,SQ,AK,F
10:54:40,UNVR,RG,4070,2,D,SQ,AK,F
10:54:40,UNVR,RG,4080,17,D,KZ,YP,D
10:54:38,UNVR,RG,4080,1,D,KZ,YP,D
10:54:36,UNVR,RG,4070,4,D,SQ,AK,F
10:54:36,UNVR,RG,4070,30,D,SQ,BK,F
10:54:36,UNVR,RG,4070,1,D,SQ,LG,D
10:54:35,UNVR,RG,4070,31,D,SQ,AK,F
10:54:34,UNVR,RG,4070,250,D,SQ,TF,D
10:54:22,UNVR,RG,4070,1,D,SQ,AK,F
10:54:21,UNVR,RG,4080,4,D,KZ,YP,D
10:54:18,UNVR,RG,4080,1,D,KZ,YP,D
10:54:18,UNVR,RG,4070,9,D,SQ,AK,F
10:54:18,UNVR,RG,4070,74,D,SQ,PD,D
10:54:18,UNVR,RG,4080,1,D,XC,YP,D
10:53:56,UNVR,RG,4070,1,D,SQ,LG,D
10:53:54,UNVR,RG,4070,1,D,SQ,AK,F
10:53:53,UNVR,RG,4070,3,D,SQ,XC,D
10:53:51,UNVR,RG,4070,1,D,SQ,AK,F
10:53:51,UNVR,RG,4070,14,D,SQ,PD,D
10:53:42,UNVR,RG,4070,1,D,SQ,AK,F
10:53:41,UNVR,RG,4080,5,D,BB,YP,D
10:53:27,UNVR,RG,4070,1,D,SQ,AK,F
10:53:26,UNVR,RG,4080,5,D,KZ,YP,D
10:53:24,UNVR,RG,4080,1,D,KZ,YP,D
10:53:23,UNVR,RG,4070,10,D,SQ,AK,F
10:53:23,UNVR,RG,4070,80,D,SQ,PD,D
10:53:21,UNVR,RG,4070,1,D,SQ,LG,D
10:53:00,UNVR,RG,4070,1,D,SQ,CC,D
10:52:45,UNVR,RG,4070,1,D,SQ,LG,D
10:52:45,UNVR,RG,4080,2,D,XC,YP,D
10:52:29,UNVR,RG,4080,1,D,KZ,YP,D
10:52:28,UNVR,RG,4070,2,D,SQ,AK,F
10:52:28,UNVR,RG,4070,15,D,SQ,XL,D
10:52:26,UNVR,RG,4070,1,D,SQ,AK,F
10:52:25,UNVR,RG,4070,10,D,SQ,AT,D
10:52:14,UNVR,RG,4070,1,D,SQ,AK,F
10:52:14,UNVR,RG,4070,1,D,SQ,LG,D
10:52:13,UNVR,RG,4080,1,D,KZ,YP,D
10:52:10,UNVR,RG,4070,7,D,SQ,YP,D
10:51:48,UNVR,RG,4070,1,D,SQ,AK,F
10:51:47,UNVR,RG,4070,1,D,SQ,XC,D
10:51:40,UNVR,RG,4070,1,D,SQ,LG,D
10:51:18,UNVR,RG,4070,2,D,SQ,AK,F
10:51:16,UNVR,RG,4070,1,D,SQ,LG,D
10:51:05,UNVR,RG,4080,20,D,GR,YP,D
10:50:53,UNVR,RG,4070,1,D,SQ,LG,D
10:50:45,UNVR,RG,4070,1,D,SQ,AK,F
10:50:44,UNVR,RG,4080,4,D,KZ,YP,D
10:50:41,UNVR,RG,4080,1,D,CC,YP,D
10:50:41,UNVR,RG,4070,22,D,SQ,AK,F
10:50:40,UNVR,RG,4070,50,D,SQ,NI,D
10:50:37,UNVR,RG,4070,3,D,SQ,YP,D
10:50:29,UNVR,RG,4080,1,D,KZ,YP,D
10:50:28,UNVR,RG,4080,8,D,PD,YP,D
10:50:23,UNVR,RG,4080,3,D,KK,YP,D
10:50:18,UNVR,RG,4080,5,D,YP,YP,D
10:49:54,UNVR,RG,4080,1,D,KZ,YP,D
10:49:53,UNVR,RG,4080,11,D,NI,YP,D
10:49:39,UNVR,RG,4080,1,D,XC,YP,D
10:48:25,UNVR,RG,4070,8,D,SQ,CC,D
10:48:23,UNVR,RG,4070,2,D,SQ,XC,D
10:48:22,UNVR,RG,4070,1,D,SQ,NI,D
10:48:19,UNVR,RG,4070,4,D,SQ,YP,D
10:47:49,UNVR,RG,4070,1,D,SQ,IF,D
10:47:39,UNVR,RG,4080,5,D,PD,YP,D
10:47:37,UNVR,RG,4080,2,D,CC,YP,D
10:47:34,UNVR,RG,4080,16,F,ZP,YP,D
10:47:34,UNVR,RG,4080,20,F,ZP,AK,F
10:47:34,UNVR,RG,4080,20,F,ZP,DX,F
10:47:34,UNVR,RG,4080,28,F,ZP,AK,F
10:47:33,UNVR,RG,4080,31,D,KZ,AK,F
10:47:33,UNVR,RG,4080,97,D,KZ,BK,F
10:47:33,UNVR,RG,4080,1,D,KZ,AK,F
10:47:33,UNVR,RG,4080,367,D,KZ,BK,F
10:47:33,UNVR,RG,4080,304,D,KZ,BK,F
10:47:26,UNVR,RG,4080,2,D,XC,BK,F
10:47:08,UNVR,RG,4080,100,D,GR,BK,F
10:46:25,UNVR,RG,4080,5,D,PD,BK,F
10:45:53,UNVR,RG,4070,2,D,SQ,YP,D
10:45:52,UNVR,RG,4080,4,D,DR,BK,F
10:45:20,UNVR,RG,4070,5,D,SQ,AK,F
10:45:20,UNVR,RG,4070,31,D,YU,AK,F
10:45:02,UNVR,RG,4080,1,D,XC,BK,F
10:44:35,UNVR,RG,4080,2,D,XC,BK,F
10:44:24,UNVR,RG,4070,37,D,YU,BK,F
10:44:24,UNVR,RG,4070,32,D,YU,AH,D
10:44:24,UNVR,RG,4070,70,D,YP,AH,D
10:44:24,UNVR,RG,4070,5,D,EP,AH,D
10:44:24,UNVR,RG,4070,1,D,NI,AH,D
10:44:24,UNVR,RG,4070,12,D,YP,AH,D
10:44:16,UNVR,RG,4070,1,D,PD,AT,D
10:44:16,UNVR,RG,4070,1,D,PD,AT,D
10:44:16,UNVR,RG,4070,6,D,XC,AT,D
10:44:16,UNVR,RG,4070,2,D,YP,AT,D
10:43:48,UNVR,RG,4080,20,D,YP,BK,F
10:43:21,UNVR,RG,4080,1,D,NI,BK,F
10:42:33,UNVR,RG,4070,3,D,YP,AK,F
10:42:33,UNVR,RG,4070,16,D,CC,AK,F
10:42:32,UNVR,RG,4070,1,D,CC,XC,D
10:42:28,UNVR,RG,4070,1,D,CC,DR,D
10:42:28,UNVR,RG,4070,40,D,YP,DR,D
10:42:28,UNVR,RG,4070,1,D,YP,DR,D
10:42:28,UNVR,RG,4070,1,D,PD,DR,D
10:42:28,UNVR,RG,4070,7,D,KK,DR,D
10:42:28,UNVR,RG,4070,10,D,GR,DR,D
10:42:02,UNVR,RG,4080,4,D,DH,BK,F
10:41:20,UNVR,RG,4070,1,D,KK,AK,F
10:41:20,UNVR,RG,4070,10,D,YP,AK,F
10:41:20,UNVR,RG,4070,2,D,LG,AK,F
10:41:20,UNVR,RG,4070,1,D,XC,AK,F
10:41:20,UNVR,RG,4070,5,D,YP,AK,F
10:41:20,UNVR,RG,4070,4,D,PD,AK,F
10:41:20,UNVR,RG,4070,25,D,CC,AK,F
10:41:20,UNVR,RG,4070,15,D,XL,AK,F
10:41:20,UNVR,RG,4070,14,D,SQ,AK,F
10:41:20,UNVR,RG,4070,43,D,SQ,AK,F
10:41:20,UNVR,RG,4070,3,D,XC,AK,F
10:41:20,UNVR,RG,4070,8,D,YP,AK,F
10:41:20,UNVR,RG,4070,1,D,YP,AK,F
10:41:20,UNVR,RG,4070,1,D,XC,AK,F
10:41:20,UNVR,RG,4070,1,D,PD,AK,F
10:41:20,UNVR,RG,4070,10,D,YP,AK,F
10:41:20,UNVR,RG,4070,1,D,XC,AK,F
10:41:20,UNVR,RG,4070,9,D,YP,AK,F
10:41:18,UNVR,RG,4070,15,D,YP,CC,D
10:41:10,UNVR,RG,4080,1,D,NI,BK,F
10:41:09,UNVR,RG,4070,1,D,YP,AK,F
10:41:08,UNVR,RG,4070,8,D,YP,XC,D
10:40:38,UNVR,RG,4070,1,D,YP,YP,D
10:40:20,UNVR,RG,4070,5,D,YP,AK,F
10:40:20,UNVR,RG,4070,40,D,YP,AK,F
10:40:18,UNVR,RG,4070,1,D,YP,YP,D
10:40:11,UNVR,RG,4070,4,D,YP,AK,F
10:40:09,UNVR,RG,4070,16,D,YP,YP,D
10:40:09,UNVR,RG,4070,3,F,ZP,YP,D
10:40:09,UNVR,RG,4070,2,D,PD,YP,D
10:40:09,UNVR,RG,4070,3,D,YP,YP,D
10:40:09,UNVR,RG,4070,6,D,NI,YP,D
10:40:04,UNVR,RG,4070,3,D,NI,AK,F
10:40:03,UNVR,RG,4070,1,D,NI,XC,D
10:40:03,UNVR,RG,4070,1,D,OD,XC,D
10:40:03,UNVR,RG,4070,3,D,YP,XC,D
10:40:03,UNVR,RG,4070,1,D,PD,XC,D
10:40:03,UNVR,RG,4070,5,D,HP,XC,D
10:40:03,UNVR,RG,4070,1,D,PD,XC,D
10:40:03,UNVR,RG,4070,1,D,NI,XC,D
10:40:03,UNVR,RG,4070,10,D,CC,XC,D
10:40:03,UNVR,RG,4070,3,D,AG,XC,D
10:40:00,UNVR,RG,4070,5,D,AG,YP,D
10:39:23,UNVR,RG,4070,1,D,AG,CC,D
10:39:00,UNVR,RG,4080,1,D,XC,BK,F
10:38:59,UNVR,RG,4080,2,D,DR,BK,F
10:38:47,UNVR,RG,4080,2,D,XC,BK,F
10:38:38,UNVR,RG,4080,1,D,EP,BK,F
10:38:28,UNVR,RG,4080,1,D,PC,BK,F
10:38:28,UNVR,RG,4080,4,D,EP,BK,F
10:37:57,UNVR,RG,4070,1,D,AG,XC,D
10:37:32,UNVR,RG,4080,5,D,NI,BK,F
10:37:32,UNVR,RG,4080,2,D,NI,AK,F
10:37:25,UNVR,RG,4070,4,D,AG,PD,D
10:36:32,UNVR,RG,4080,1,D,KK,AK,F
10:36:29,UNVR,RG,4070,1,D,AG,AK,F
10:36:29,UNVR,RG,4070,1,D,KK,AK,F
10:36:29,UNVR,RG,4070,2,D,XC,AK,F
10:36:29,UNVR,RG,4070,5,D,DR,AK,F
10:36:29,UNVR,RG,4070,4,D,YP,AK,F
10:36:29,UNVR,RG,4070,1,D,PD,AK,F
10:36:29,UNVR,RG,4070,1,D,CC,AK,F
10:36:29,UNVR,RG,4070,10,D,XL,AK,F
10:36:29,UNVR,RG,4070,1,D,YP,AK,F
10:36:29,UNVR,RG,4070,7,D,NI,AK,F
10:36:29,UNVR,RG,4070,1,D,XC,AK,F
10:36:29,UNVR,RG,4070,10,D,CC,AK,F
10:36:29,UNVR,RG,4070,25,D,OK,AK,F
10:36:29,UNVR,RG,4070,15,D,KK,AK,F
10:36:28,UNVR,RG,4070,21,D,KK,BK,F
10:36:28,UNVR,RG,4070,1,D,PD,BK,F
10:36:28,UNVR,RG,4070,1,D,PD,BK,F
10:36:28,UNVR,RG,4070,1,D,YP,BK,F
10:36:28,UNVR,RG,4070,1,D,YP,BK,F
10:36:28,UNVR,RG,4070,9,D,CC,BK,F
10:36:28,UNVR,RG,4070,12,D,PD,BK,F
10:36:28,UNVR,RG,4070,1,D,XC,BK,F
10:36:28,UNVR,RG,4070,2,D,SQ,BK,F
10:36:28,UNVR,RG,4070,2,F,SQ,BK,F
10:36:28,UNVR,RG,4070,1,D,XC,BK,F
10:36:28,UNVR,RG,4070,3,D,NI,BK,F
10:36:28,UNVR,RG,4070,1,D,SQ,BK,F
10:36:28,UNVR,RG,4070,1,D,PD,BK,F
10:36:28,UNVR,RG,4070,1,D,XC,BK,F
10:36:28,UNVR,RG,4070,1,D,PD,BK,F
10:36:28,UNVR,RG,4070,3,D,NI,BK,F
10:36:28,UNVR,RG,4070,3,D,YP,BK,F
10:36:28,UNVR,RG,4070,1,D,GR,BK,F
10:36:28,UNVR,RG,4070,25,D,YP,BK,F
10:36:28,UNVR,RG,4070,1,D,CC,BK,F
10:36:28,UNVR,RG,4070,1,D,NI,BK,F
10:36:28,UNVR,RG,4070,1,D,PD,BK,F
10:36:28,UNVR,RG,4070,1,D,CC,BK,F
10:36:28,UNVR,RG,4070,1,D,KK,BK,F
10:36:28,UNVR,RG,4070,2,D,PD,BK,F
10:36:28,UNVR,RG,4070,50,D,AG,BK,F
10:36:28,UNVR,RG,4070,1,D,EP,BK,F
10:36:28,UNVR,RG,4070,2,D,PD,BK,F
10:36:28,UNVR,RG,4070,10,D,PD,BK,F
10:36:28,UNVR,RG,4070,1,D,KK,BK,F
10:36:28,UNVR,RG,4070,25,D,XC,BK,F
10:36:28,UNVR,RG,4070,5,D,XC,BK,F
10:36:28,UNVR,RG,4070,10,D,NI,BK,F
10:36:28,UNVR,RG,4070,1,D,YP,BK,F
10:36:28,UNVR,RG,4070,297,D,EP,BK,F
10:36:27,UNVR,RG,4070,3,D,EP,XC,D
10:36:27,UNVR,RG,4070,5,D,PD,XC,D
10:36:27,UNVR,RG,4070,1,D,AZ,XC,D
10:36:27,UNVR,RG,4070,1,D,KK,XC,D
10:36:15,UNVR,RG,4070,1,D,KK,NI,D
10:36:13,UNVR,RG,4070,13,D,KK,AK,F
10:36:13,UNVR,RG,4070,1,D,PD,AK,F
10:36:13,UNVR,RG,4070,21,D,HP,AK,F
10:36:12,UNVR,RG,4070,2,D,HP,CC,D
10:36:12,UNVR,RG,4080,1,D,XC,AK,F
10:35:52,UNVR,RG,4070,33,D,HP,XC,D
10:35:43,UNVR,RG,4070,2,D,HP,OD,D
10:35:00,UNVR,RG,4070,2,D,HP,KK,D
10:34:59,UNVR,RG,4070,94,D,HP,XA,D
10:34:59,UNVR,RG,4070,3,D,HP,XA,D
10:34:58,UNVR,RG,4070,3,D,HP,CC,D
10:34:58,UNVR,RG,4070,90,D,HP,AK,F
10:34:58,UNVR,RG,4070,3,D,XC,AK,F
10:34:58,UNVR,RG,4070,5,D,NI,AK,F
10:34:58,UNVR,RG,4070,1,D,RB,AK,F
10:34:58,UNVR,RG,4070,5,D,CC,AK,F
10:34:58,UNVR,RG,4070,10,D,CC,AK,F
10:34:58,UNVR,RG,4070,1,D,PD,AK,F
10:34:58,UNVR,RG,4070,1,D,NI,AK,F
10:34:58,UNVR,RG,4070,1,D,XC,AK,F
10:34:58,UNVR,RG,4070,1,D,YP,AK,F
10:34:58,UNVR,RG,4070,20,D,CC,AK,F
10:34:58,UNVR,RG,4070,1,D,KK,AK,F
10:34:58,UNVR,RG,4070,1,D,YP,AK,F
10:34:58,UNVR,RG,4070,5,D,DH,AK,F
10:34:58,UNVR,RG,4070,10,D,PD,AK,F
10:34:58,UNVR,RG,4070,1,D,PD,AK,F
10:34:58,UNVR,RG,4070,1,D,PD,AK,F
10:34:57,UNVR,RG,4080,150,F,YU,BK,F
10:34:57,UNVR,RG,4080,45,F,YU,PD,D
10:34:56,UNVR,RG,4080,1,D,XC,PD,D
10:34:56,UNVR,RG,4080,5,D,XC,PD,D
10:34:56,UNVR,RG,4080,40,D,GR,PD,D
10:34:56,UNVR,RG,4080,1,D,CC,PD,D
10:34:56,UNVR,RG,4080,2,D,YP,PD,D
10:34:56,UNVR,RG,4080,1,D,GR,PD,D
10:34:56,UNVR,RG,4080,11,D,CC,PD,D
10:34:56,UNVR,RG,4080,14,D,XC,PD,D
10:34:56,UNVR,RG,4080,1,D,LG,PD,D
10:34:56,UNVR,RG,4080,2,D,PD,PD,D
10:34:56,UNVR,RG,4080,250,D,DX,PD,D
10:34:56,UNVR,RG,4080,1,D,PD,PD,D
10:34:56,UNVR,RG,4080,1,D,CC,PD,D
10:34:56,UNVR,RG,4080,15,D,BB,PD,D
10:34:56,UNVR,RG,4080,1,D,CC,PD,D
10:34:56,UNVR,RG,4080,1,D,CC,PD,D
10:34:56,UNVR,RG,4080,1,D,PD,PD,D
10:34:56,UNVR,RG,4080,20,D,LG,PD,D
10:34:56,UNVR,RG,4080,1,D,CC,PD,D
10:34:56,UNVR,RG,4080,1,D,DH,PD,D
10:34:56,UNVR,RG,4080,2,D,XC,PD,D
10:34:56,UNVR,RG,4080,5,D,YP,PD,D
10:34:56,UNVR,RG,4080,1,D,XC,PD,D
10:34:56,UNVR,RG,4080,1,D,XC,PD,D
10:34:56,UNVR,RG,4080,303,D,SQ,PD,D
10:34:56,UNVR,RG,4080,1,D,XC,PD,D
10:34:56,UNVR,RG,4080,23,F,ZP,PD,D
10:34:56,UNVR,RG,4080,1,D,NI,PD,D
10:34:56,UNVR,RG,4080,2,D,YP,PD,D
10:34:56,UNVR,RG,4080,1,D,PD,PD,D
10:34:56,UNVR,RG,4080,59,F,ZP,PD,D
10:34:56,UNVR,RG,4080,10,F,ZP,PD,D
10:34:56,UNVR,RG,4080,1,D,CC,PD,D
10:34:56,UNVR,RG,4080,1,D,XC,PD,D
10:34:56,UNVR,RG,4080,1,D,PD,PD,D
10:34:56,UNVR,RG,4080,22,D,NI,PD,D
10:34:56,UNVR,RG,4080,1,D,PD,PD,D
