Time,Stock,Brd,Price,Qty,BT,BC,SC,ST
15:13:29,KRAS,RG,530,10,D,IP,PD,D
15:13:10,KRAS,RG,530,5,D,IP,AT,D
15:12:57,KRAS,RG,530,50,D,IP,LS,D
15:12:47,KRAS,RG,530,200,D,IP,CC,D
15:12:45,KRAS,RG,530,20,D,IP,YP,D
15:12:34,KRAS,RG,530,1,D,IP,XC,D
15:12:29,KRAS,RG,530,100,D,IP,YP,D
15:12:28,KRAS,RG,530,90,D,IP,YP,D
15:12:13,KRAS,RG,530,5,D,IP,AZ,D
15:11:59,KRAS,RG,530,50,D,IP,YP,D
15:11:51,KRAS,RG,530,350,D,IP,CD,D
15:11:11,KRAS,RG,530,40,D,IP,CC,D
15:11:06,KRAS,RG,530,30,D,IP,DH,D
15:10:56,KRAS,RG,530,30,D,IP,GR,D
15:09:50,KRAS,RG,530,50,D,KK,LS,D
15:09:50,KRAS,RG,530,100,D,KK,ES,D
15:09:50,KRAS,RG,530,28,D,KK,EP,D
15:09:50,KRAS,RG,530,1,D,KK,DX,D
15:09:50,KRAS,RG,530,30,D,KK,CC,D
15:09:50,KRAS,RG,530,200,D,KK,YP,D
15:09:50,KRAS,RG,530,500,D,KK,DR,D
15:09:50,KRAS,RG,530,11,D,KK,YP,D
15:09:50,KRAS,RG,530,1000,D,KK,PD,D
15:09:50,KRAS,RG,530,10,D,KK,YP,D
15:09:50,KRAS,RG,530,60,D,KK,YP,D
15:09:50,KRAS,RG,530,5,D,KK,XC,D
15:09:50,KRAS,RG,530,3,D,KK,XC,D
15:09:50,KRAS,RG,530,10,D,KK,XC,D
15:09:50,KRAS,RG,530,1,D,KK,XC,D
15:09:50,KRAS,RG,530,222,D,KK,PD,D
15:09:50,KRAS,RG,530,1,D,KK,XC,D
15:09:50,KRAS,RG,530,33,D,KK,PD,D
15:09:50,KRAS,RG,530,500,D,KK,YU,D
15:09:50,KRAS,RG,530,1000,D,KK,GR,D
15:09:50,KRAS,RG,530,22,D,KK,YP,D
15:09:50,KRAS,RG,530,50,D,KK,YP,D
15:09:50,KRAS,RG,530,260,D,KK,YP,D
15:09:50,KRAS,RG,530,100,D,KK,YP,D
15:09:50,KRAS,RG,530,30,D,KK,PD,D
15:09:50,KRAS,RG,530,200,D,KK,CC,D
15:09:50,KRAS,RG,530,1,D,KK,KK,D
15:09:50,KRAS,RG,530,55,D,KK,YP,D
15:09:50,KRAS,RG,530,202,D,KK,CC,D
15:09:50,KRAS,RG,530,50,D,KK,OD,D
15:09:50,KRAS,RG,530,10,D,KK,XC,D
15:09:50,KRAS,RG,530,90,D,KK,YP,D
15:09:50,KRAS,RG,530,110,D,KK,YP,D
15:09:50,KRAS,RG,530,175,D,KK,YP,D
15:09:50,KRAS,RG,530,125,D,KK,YP,D
15:09:50,KRAS,RG,530,11,D,KK,GR,D
15:09:33,KRAS,RG,530,5,D,YB,GR,D
15:09:24,KRAS,RG,530,100,D,TP,GR,D
15:09:21,KRAS,RG,530,100,D,NI,GR,D
15:08:37,KRAS,RG,530,200,D,LS,GR,D
15:08:13,KRAS,RG,530,40,D,YP,GR,D
15:08:06,KRAS,RG,530,44,D,LG,GR,D
15:08:06,KRAS,RG,530,5,D,LG,YP,D
15:08:06,KRAS,RG,530,200,D,LG,YP,D
15:08:06,KRAS,RG,530,100,D,LG,KK,D
15:08:06,KRAS,RG,530,10,D,LG,PD,D
15:08:06,KRAS,RG,530,150,D,LG,YP,D
15:08:06,KRAS,RG,530,2,D,LG,YP,D
15:08:06,KRAS,RG,530,50,D,LG,YP,D
15:08:06,KRAS,RG,530,50,D,LG,YP,D
15:08:06,KRAS,RG,530,389,D,LG,CC,D
15:08:06,KRAS,RG,530,40,D,YP,CC,D
15:06:50,KRAS,RG,530,5,D,XC,CC,D
15:06:43,KRAS,RG,530,16,D,DR,CC,D
15:06:43,KRAS,RG,530,84,D,DR,AO,D
15:06:08,KRAS,RG,530,16,D,PD,AO,D
15:06:08,KRAS,RG,530,4,D,PD,YP,D
15:05:56,KRAS,RG,530,20,D,PD,YP,D
15:05:03,KRAS,RG,530,16,D,YP,YP,D
15:05:03,KRAS,RG,530,44,D,YP,SQ,D
15:05:02,KRAS,RG,530,2,D,YP,SQ,D
15:05:02,KRAS,RG,530,75,D,YP,SQ,D
15:05:02,KRAS,RG,530,179,D,YP,SQ,D
15:05:02,KRAS,RG,530,2,D,YP,GR,D
15:05:02,KRAS,RG,530,7,D,YP,AT,D
15:05:02,KRAS,RG,530,38,D,PD,AT,D
15:05:02,KRAS,RG,530,12,D,PD,OK,D
15:05:01,KRAS,RG,530,1,D,XC,OK,D
15:05:01,KRAS,RG,530,26,D,XC,OK,D
15:05:00,KRAS,RG,530,5,D,DH,OK,D
15:05:00,KRAS,RG,530,100,D,KK,OK,D
15:00:00,KRAS,RG,530,75,D,CC,OK,D
15:00:00,KRAS,RG,530,281,D,GR,OK,D
15:00:00,KRAS,RG,530,31,D,GR,XC,D
15:00:00,KRAS,RG,530,150,D,GR,YU,D
15:00:00,KRAS,RG,530,10,D,GR,PD,D
15:00:00,KRAS,RG,530,31,D,GR,XC,D
15:00:00,KRAS,RG,530,497,D,GR,YP,D
15:00:00,KRAS,RG,530,3,D,DR,YP,D
15:00:00,KRAS,RG,530,47,D,DR,GR,D
15:00:00,KRAS,RG,530,12,D,AZ,GR,D
15:00:00,KRAS,RG,530,10,D,YP,GR,D
15:00:00,KRAS,RG,530,88,D,YP,GR,D
15:00:00,KRAS,RG,530,10,D,YP,GR,D
15:00:00,KRAS,RG,530,50,D,AZ,GR,D
15:00:00,KRAS,RG,530,100,D,DH,GR,D
15:00:00,KRAS,RG,530,25,D,XC,GR,D
15:00:00,KRAS,RG,530,20,D,DX,GR,D
15:00:00,KRAS,RG,530,15,D,XC,GR,D
15:00:00,KRAS,RG,530,20,D,PD,GR,D
15:00:00,KRAS,RG,530,15,D,CC,GR,D
15:00:00,KRAS,RG,530,88,D,AI,GR,D
15:00:00,KRAS,RG,530,182,D,AI,YP,D
15:00:00,KRAS,RG,530,150,D,AI,KK,D
15:00:00,KRAS,RG,530,255,D,AI,OD,D
15:00:00,KRAS,RG,530,17,D,AI,RG,D
15:00:00,KRAS,RG,530,25,D,AI,KK,D
15:00:00,KRAS,RG,530,20,D,AI,CC,D
15:00:00,KRAS,RG,530,500,D,AI,YP,D
15:00:00,KRAS,RG,530,27,D,AI,YP,D
15:00:00,KRAS,RG,530,6,D,AI,KK,D
15:00:00,KRAS,RG,530,200,D,AI,OD,D
15:00:00,KRAS,RG,530,10,D,AI,BQ,D
15:00:00,KRAS,RG,530,115,D,AI,XC,D
15:00:00,KRAS,RG,530,150,D,AI,YJ,D
15:00:00,KRAS,RG,530,1000,D,AI,HP,D
15:00:00,KRAS,RG,530,246,D,AI,PD,D
15:00:00,KRAS,RG,530,9,D,AI,YP,D
15:00:00,KRAS,RG,530,1,D,PD,YP,D
15:00:00,KRAS,RG,530,6,D,PD,YP,D
15:00:00,KRAS,RG,530,2,D,NI,YP,D
15:00:00,KRAS,RG,530,2,D,EP,YP,D
15:00:00,KRAS,RG,530,2,D,EP,OD,D
15:00:00,KRAS,RG,530,50,D,EP,CC,D
15:00:00,KRAS,RG,530,11,D,EP,PD,D
15:00:00,KRAS,RG,530,25,D,DR,PD,D
15:00:00,KRAS,RG,530,1,D,YP,PD,D
15:00:00,KRAS,RG,530,13,D,CC,PD,D
15:00:00,KRAS,RG,530,17,D,CC,KK,D
15:00:00,KRAS,RG,530,63,D,CC,KK,D
15:00:00,KRAS,RG,530,57,D,DR,KK,D
15:00:00,KRAS,RG,530,200,D,DR,AT,D
15:00:00,KRAS,RG,530,500,D,DR,EP,D
15:00:00,KRAS,RG,530,100,D,DR,AI,D
15:00:00,KRAS,RG,530,25,D,DR,YP,D
15:00:00,KRAS,RG,530,50,D,DR,RO,D
15:00:00,KRAS,RG,530,60,D,DR,KK,D
15:00:00,KRAS,RG,530,8,D,DR,DH,D
15:00:00,KRAS,RG,530,1,D,DH,DH,D
15:00:00,KRAS,RG,530,2,D,PD,DH,D
15:00:00,KRAS,RG,530,10,D,PD,DH,D
15:00:00,KRAS,RG,530,1,D,PD,DH,D
15:00:00,KRAS,RG,530,10,D,EP,DH,D
15:00:00,KRAS,RG,530,8,D,NI,DH,D
15:00:00,KRAS,RG,530,17,D,NI,NI,D
15:00:00,KRAS,RG,530,400,D,YP,NI,D
15:00:00,KRAS,RG,530,50,D,CC,NI,D
15:00:00,KRAS,RG,530,25,D,GR,NI,D
15:00:00,KRAS,RG,530,5,D,KK,NI,D
15:00:00,KRAS,RG,530,1,D,CC,NI,D
15:00:00,KRAS,RG,530,1,D,YP,NI,D
15:00:00,KRAS,RG,530,200,D,SQ,NI,D
15:00:00,KRAS,RG,530,30,D,AZ,NI,D
15:00:00,KRAS,RG,530,4,D,KK,NI,D
15:00:00,KRAS,RG,530,17,D,NI,NI,D
15:00:00,KRAS,RG,530,21,D,NI,IP,D
15:00:00,KRAS,RG,530,10,D,YP,IP,D
15:00:00,KRAS,RG,530,40,D,CC,IP,D
15:00:00,KRAS,RG,530,15,D,EP,IP,D
15:00:00,KRAS,RG,530,5,D,AZ,IP,D
15:00:00,KRAS,RG,530,9,D,PD,IP,D
15:00:00,KRAS,RG,530,41,D,PD,MG,D
15:00:00,KRAS,RG,530,10,D,PD,MG,D
15:00:00,KRAS,RG,530,149,D,KK,MG,D
15:00:00,KRAS,RG,530,57,D,KK,BR,D
15:00:00,KRAS,RG,530,233,D,YP,BR,D
15:00:00,KRAS,RG,530,200,D,YP,BR,D
15:00:00,KRAS,RG,530,10,D,YP,BR,D
15:00:00,KRAS,RG,530,200,D,YJ,BR,D
15:00:00,KRAS,RG,530,6,D,YP,BR,D
15:00:00,KRAS,RG,530,25,D,YU,BR,D
15:00:00,KRAS,RG,530,80,D,YP,BR,D
15:00:00,KRAS,RG,530,30,D,ZP,BR,D
15:00:00,KRAS,RG,530,35,D,CC,BR,D
15:00:00,KRAS,RG,530,10,D,KK,BR,D
15:00:00,KRAS,RG,530,14,D,CC,BR,D
15:00:00,KRAS,RG,530,100,D,OD,BR,D
14:49:58,KRAS,RG,530,1,D,DR,PD,D
14:49:49,KRAS,RG,530,13,D,CC,PD,D
14:49:49,KRAS,RG,530,20,D,CC,AO,D
14:49:49,KRAS,RG,530,1,D,CC,XC,D
14:49:49,KRAS,RG,530,1466,D,CC,DR,D
14:49:39,KRAS,RG,530,15,D,NI,DR,D
14:49:36,KRAS,RG,530,3,D,CC,DR,D
14:49:35,KRAS,RG,530,1,D,PD,DR,D
14:49:25,KRAS,RG,530,50,D,GR,DR,D
14:49:14,KRAS,RG,525,100,D,AT,CC,D
14:49:00,KRAS,RG,530,5,D,NI,DR,D
14:48:52,KRAS,RG,525,1000,D,AT,CC,D
14:48:44,KRAS,RG,525,10,D,AT,EP,D
14:48:41,KRAS,RG,530,30,D,YP,DR,D
14:48:32,KRAS,RG,525,2,D,AT,DH,D
14:48:17,KRAS,RG,530,19,D,PD,DR,D
14:48:17,KRAS,RG,530,181,D,PD,NI,D
14:48:14,KRAS,RG,525,1,D,AT,YP,D
14:47:51,KRAS,RG,530,49,D,XC,NI,D
14:47:51,KRAS,RG,530,20,D,XC,PD,D
14:47:51,KRAS,RG,530,6,D,XC,KK,D
14:47:51,KRAS,RG,530,200,D,NI,KK,D
14:47:44,KRAS,RG,530,294,D,CC,KK,D
14:47:44,KRAS,RG,530,500,D,CC,YP,D
14:47:44,KRAS,RG,530,11,D,CC,LG,D
14:47:44,KRAS,RG,530,195,D,CC,ZP,D
14:47:38,KRAS,RG,530,18,D,XC,ZP,D
14:47:36,KRAS,RG,525,498,D,AT,EP,D
14:47:36,KRAS,RG,525,2,D,PD,EP,D
14:47:20,KRAS,RG,525,8,D,PD,SQ,D
14:47:20,KRAS,RG,525,888,D,YP,SQ,D
14:47:20,KRAS,RG,525,3,D,CC,SQ,D
14:47:20,KRAS,RG,525,10,D,DR,SQ,D
14:47:20,KRAS,RG,525,44,D,XC,SQ,D
14:47:20,KRAS,RG,525,30,D,DR,SQ,D
14:47:20,KRAS,RG,525,176,D,IF,SQ,D
14:47:20,KRAS,RG,525,250,D,CP,SQ,D
14:47:20,KRAS,RG,525,40,D,PD,SQ,D
14:47:20,KRAS,RG,525,50,D,YP,SQ,D
14:47:20,KRAS,RG,525,10,D,IP,SQ,D
14:47:20,KRAS,RG,525,7,D,PD,SQ,D
14:47:20,KRAS,RG,525,1,D,AZ,SQ,D
14:47:20,KRAS,RG,525,5,D,XC,SQ,D
14:47:20,KRAS,RG,525,350,D,YP,SQ,D
14:47:20,KRAS,RG,525,50,D,YP,SQ,D
14:47:20,KRAS,RG,525,1,D,XA,SQ,D
14:47:20,KRAS,RG,525,5,D,PD,SQ,D
14:47:20,KRAS,RG,525,40,D,OD,SQ,D
14:47:20,KRAS,RG,525,10,D,OD,SQ,D
14:47:20,KRAS,RG,525,5,D,CC,SQ,D
14:47:20,KRAS,RG,525,3,D,SQ,SQ,D
14:47:20,KRAS,RG,525,10,D,CC,SQ,D
14:47:20,KRAS,RG,525,20,D,SQ,SQ,D
14:47:20,KRAS,RG,525,75,D,CC,SQ,D
14:47:20,KRAS,RG,525,2,D,EP,SQ,D
14:47:20,KRAS,RG,525,2,D,XC,SQ,D
14:47:20,KRAS,RG,525,15,D,GR,SQ,D
14:47:20,KRAS,RG,525,2,D,SQ,SQ,D
14:47:20,KRAS,RG,525,3,D,PD,SQ,D
14:47:20,KRAS,RG,525,10,D,XC,SQ,D
14:47:20,KRAS,RG,525,10,D,FS,SQ,D
14:47:20,KRAS,RG,525,251,D,EP,SQ,D
14:47:20,KRAS,RG,525,2,D,XC,SQ,D
14:47:20,KRAS,RG,525,1,D,CC,SQ,D
14:47:20,KRAS,RG,525,1,D,YP,SQ,D
14:47:20,KRAS,RG,525,7,D,DH,SQ,D
14:47:20,KRAS,RG,525,400,D,NI,SQ,D
14:47:20,KRAS,RG,525,3,D,CC,SQ,D
14:47:20,KRAS,RG,525,50,D,SQ,SQ,D
14:47:20,KRAS,RG,525,4,D,PD,SQ,D
14:47:20,KRAS,RG,525,2,D,CC,SQ,D
14:47:20,KRAS,RG,525,1,D,PD,SQ,D
14:47:20,KRAS,RG,525,50,D,FS,SQ,D
14:47:20,KRAS,RG,525,64,D,PD,SQ,D
14:47:20,KRAS,RG,525,1,D,PD,SQ,D
14:47:20,KRAS,RG,525,50,D,PD,SQ,D
14:47:20,KRAS,RG,525,400,D,YP,SQ,D
14:47:20,KRAS,RG,525,50,D,AR,SQ,D
14:47:20,KRAS,RG,525,5,D,CC,SQ,D
14:47:20,KRAS,RG,525,3,D,NI,SQ,D
14:47:20,KRAS,RG,525,5,D,CC,SQ,D
14:47:20,KRAS,RG,525,10,D,DH,SQ,D
14:47:20,KRAS,RG,525,10,D,YP,SQ,D
14:47:20,KRAS,RG,525,10,D,AT,SQ,D
14:47:20,KRAS,RG,525,10,D,NI,SQ,D
14:47:20,KRAS,RG,525,2,D,YP,SQ,D
14:47:20,KRAS,RG,525,100,D,XC,SQ,D
14:47:20,KRAS,RG,525,27,D,YP,SQ,D
14:47:20,KRAS,RG,525,10,D,XC,SQ,D
14:47:20,KRAS,RG,525,5,D,DR,SQ,D
14:47:20,KRAS,RG,525,900,D,DH,SQ,D
14:47:20,KRAS,RG,525,4,D,XC,SQ,D
14:47:20,KRAS,RG,525,100,D,EP,SQ,D
14:47:20,KRAS,RG,525,2,D,KK,SQ,D
14:47:20,KRAS,RG,525,47,D,YP,SQ,D
14:47:20,KRAS,RG,525,1,D,PD,SQ,D
14:47:20,KRAS,RG,525,20,D,PD,SQ,D
14:47:20,KRAS,RG,525,50,D,PD,SQ,D
14:47:20,KRAS,RG,525,100,D,NI,SQ,D
14:47:20,KRAS,RG,525,100,D,NI,SQ,D
14:47:20,KRAS,RG,525,95,D,YP,SQ,D
14:47:20,KRAS,RG,525,50,D,YP,SQ,D
14:47:20,KRAS,RG,525,20,D,DR,SQ,D
14:47:20,KRAS,RG,525,10,D,PD,SQ,D
14:47:20,KRAS,RG,525,38,D,PD,SQ,D
14:47:20,KRAS,RG,525,6,D,PD,SQ,D
14:47:20,KRAS,RG,525,8,D,XC,SQ,D
14:47:20,KRAS,RG,525,100,D,GR,SQ,D
14:47:20,KRAS,RG,525,20,D,PD,SQ,D
14:47:20,KRAS,RG,525,10,D,YP,SQ,D
14:47:20,KRAS,RG,525,20,D,PD,SQ,D
14:47:20,KRAS,RG,525,10,D,PD,SQ,D
14:47:20,KRAS,RG,525,1000,D,HP,SQ,D
14:47:20,KRAS,RG,525,10,D,GR,SQ,D
14:47:20,KRAS,RG,525,1000,D,PD,SQ,D
14:47:20,KRAS,RG,525,6,D,XC,SQ,D
14:47:20,KRAS,RG,525,10,D,XC,SQ,D
14:47:20,KRAS,RG,525,94,D,IP,SQ,D
14:47:09,KRAS,RG,530,1,D,YP,ZP,D
14:47:06,KRAS,RG,525,18,D,IP,CC,D
14:46:55,KRAS,RG,530,100,D,KK,ZP,D
14:46:53,KRAS,RG,530,1,D,YP,ZP,D
14:46:46,KRAS,RG,525,100,D,IP,ZP,D
14:46:40,KRAS,RG,530,185,D,PD,ZP,D
14:46:40,KRAS,RG,530,20,D,PD,YP,D
14:46:40,KRAS,RG,530,8,D,PD,KK,D
14:46:40,KRAS,RG,530,1,D,PD,YP,D
14:46:40,KRAS,RG,530,2,D,PD,PD,D
14:46:40,KRAS,RG,530,84,D,PD,BK,F
14:46:37,KRAS,RG,525,2,D,IP,XC,D
14:46:37,KRAS,RG,530,1,D,YP,BK,F
14:46:36,KRAS,RG,530,118,D,YP,BK,F
14:46:23,KRAS,RG,530,1,D,YP,BK,F
14:46:20,KRAS,RG,530,20,D,DX,BK,F
14:46:18,KRAS,RG,530,1,D,YP,BK,F
14:46:13,KRAS,RG,530,1,D,KK,BK,F
14:46:05,KRAS,RG,530,10,D,DR,BK,F
14:46:05,KRAS,RG,530,240,D,DR,AT,D
14:46:04,KRAS,RG,530,1,D,YP,AT,D
14:45:58,KRAS,RG,530,1,D,YP,AT,D
14:45:41,KRAS,RG,530,20,D,PC,AT,D
14:45:37,KRAS,RG,530,20,D,KK,AT,D
14:45:36,KRAS,RG,530,218,D,YU,AT,D
14:45:36,KRAS,RG,530,40,D,YU,YP,D
14:45:36,KRAS,RG,530,62,D,YU,EP,D
14:45:36,KRAS,RG,530,50,D,YU,KK,D
14:45:36,KRAS,RG,530,1,D,YU,KK,D
14:45:36,KRAS,RG,530,102,D,YU,BK,F
14:45:36,KRAS,RG,530,150,D,YU,YJ,D
14:45:36,KRAS,RG,530,25,D,YU,NI,D
14:45:36,KRAS,RG,530,1352,D,YU,LS,D
14:45:27,KRAS,RG,530,7,D,NI,LS,D
14:45:20,KRAS,RG,530,25,D,YB,LS,D
14:45:05,KRAS,RG,530,1,D,XC,LS,D
14:44:57,KRAS,RG,530,25,D,KK,LS,D
14:44:55,KRAS,RG,525,598,D,IP,DX,D
14:44:55,KRAS,RG,525,188,D,IP,DX,D
14:44:55,KRAS,RG,525,30,D,XC,DX,D
14:44:55,KRAS,RG,525,100,D,TP,DX,D
14:44:55,KRAS,RG,525,109,D,KK,DX,D
14:44:54,KRAS,RG,525,751,D,KK,DX,D
14:44:43,KRAS,RG,530,100,D,OD,LS,D
14:44:43,KRAS,RG,530,10,D,FS,LS,D
14:44:43,KRAS,RG,530,25,D,KK,LS,D
14:44:43,KRAS,RG,530,2,D,KK,LS,D
14:44:43,KRAS,RG,530,10,D,CC,LS,D
14:44:43,KRAS,RG,530,50,D,PD,LS,D
14:44:43,KRAS,RG,530,500,D,ZP,LS,D
14:44:43,KRAS,RG,530,4,D,YP,LS,D
14:44:43,KRAS,RG,530,148,D,SQ,LS,D
14:44:43,KRAS,RG,530,10,D,PC,LS,D
14:44:43,KRAS,RG,530,65,D,SQ,LS,D
14:44:43,KRAS,RG,530,20,D,GR,LS,D
14:44:43,KRAS,RG,530,25,D,YP,LS,D
14:44:43,KRAS,RG,530,2,D,PD,LS,D
14:44:43,KRAS,RG,530,3,D,XC,LS,D
14:44:43,KRAS,RG,530,20,D,YP,LS,D
14:44:43,KRAS,RG,530,2596,D,AT,LS,D
14:44:40,KRAS,RG,530,188,D,AT,CC,D
14:44:31,KRAS,RG,530,965,D,AT,SQ,D
14:44:26,KRAS,RG,530,500,D,AT,ZP,D
14:44:26,KRAS,RG,535,10,D,TP,CC,D
14:44:24,KRAS,RG,535,1,D,CP,CC,D
14:44:23,KRAS,RG,530,480,D,AT,DX,D
14:44:23,KRAS,RG,530,629,D,AT,DX,D
14:44:23,KRAS,RG,530,433,D,AT,DX,D
14:44:22,KRAS,RG,535,80,D,XC,CC,D
14:44:10,KRAS,RG,535,2,D,CC,CC,D
14:43:33,KRAS,RG,535,111,D,CC,CC,D
14:43:33,KRAS,RG,535,6,D,CC,GR,D
14:43:30,KRAS,RG,535,9,D,NI,GR,D
14:43:30,KRAS,RG,535,10,D,NI,CC,D
14:43:30,KRAS,RG,535,1,D,NI,MG,D
14:43:18,KRAS,RG,535,39,D,CC,MG,D
14:43:18,KRAS,RG,535,25,D,CC,MG,D
14:43:18,KRAS,RG,535,135,D,CC,MG,D
14:43:18,KRAS,RG,535,100,D,CC,YP,D
14:43:18,KRAS,RG,535,211,D,CC,YP,D
14:43:18,KRAS,RG,535,262,D,CC,IF,D
14:43:18,KRAS,RG,535,94,D,CC,YP,D
14:43:18,KRAS,RG,535,95,D,CC,YP,D
14:43:18,KRAS,RG,535,25,D,CC,KK,D
14:43:18,KRAS,RG,535,5,D,CC,XC,D
14:43:18,KRAS,RG,535,9,D,CC,PD,D
14:43:17,KRAS,RG,535,1,D,XC,PD,D
14:43:08,KRAS,RG,535,1,D,CC,PD,D
14:43:08,KRAS,RG,535,3,D,CC,NI,D
14:43:08,KRAS,RG,535,3,D,CC,XC,D
14:43:08,KRAS,RG,535,3,D,CC,YP,D
14:43:08,KRAS,RG,535,30,D,CC,CC,D
14:43:08,KRAS,RG,535,25,D,CC,DR,D
14:43:08,KRAS,RG,535,1,D,CC,PD,D
14:43:08,KRAS,RG,535,933,D,CC,ZP,D
14:43:03,KRAS,RG,530,50,D,AT,KK,D
14:42:54,KRAS,RG,535,20,D,EP,ZP,D
14:42:42,KRAS,RG,535,47,D,YB,ZP,D
14:42:42,KRAS,RG,535,3,D,YB,XC,D
14:42:38,KRAS,RG,535,16,D,DX,PD,D
14:42:34,KRAS,RG,535,34,D,CC,PD,D
14:42:34,KRAS,RG,535,1,D,CC,XC,D
14:42:34,KRAS,RG,535,5,D,CC,LG,D
14:42:22,KRAS,RG,535,95,D,XC,LG,D
14:42:22,KRAS,RG,535,4,D,XC,KK,D
14:42:22,KRAS,RG,535,5,D,XC,KK,D
14:42:22,KRAS,RG,535,14,D,XC,XC,D
14:42:22,KRAS,RG,535,1,D,XC,EP,D
14:42:22,KRAS,RG,535,5,D,XC,IF,D
14:42:20,KRAS,RG,530,90,D,AT,EP,D
14:42:18,KRAS,RG,530,75,D,AT,YP,D
14:42:14,KRAS,RG,535,10,D,CC,IF,D
14:42:08,KRAS,RG,530,5,D,AT,KK,D
14:41:58,KRAS,RG,535,2,D,XC,IF,D
14:41:01,KRAS,RG,535,1,D,XA,IF,D
14:40:52,KRAS,RG,530,4,D,AT,XC,D
14:40:52,KRAS,RG,530,100,D,AT,YP,D
14:40:52,KRAS,RG,530,40,D,AT,TF,D
14:40:52,KRAS,RG,530,250,D,AT,KK,D
14:40:52,KRAS,RG,530,20,D,AT,YP,D
14:40:52,KRAS,RG,530,7,D,AT,PD,D
14:40:52,KRAS,RG,530,10,D,AT,NI,D
14:40:52,KRAS,RG,530,557,D,AT,DX,D
14:40:52,KRAS,RG,530,435,D,AT,DX,D
14:40:52,KRAS,RG,530,3,D,AT,KK,D
14:40:52,KRAS,RG,530,514,D,AT,DX,D
14:40:52,KRAS,RG,530,1000,D,AT,YP,D
14:40:52,KRAS,RG,530,100,D,AT,YP,D
14:40:52,KRAS,RG,530,50,D,AT,CC,D
14:40:52,KRAS,RG,530,3,D,AT,DH,D
14:40:52,KRAS,RG,530,400,D,AT,RS,D
14:40:52,KRAS,RG,530,500,D,AT,OK,D
14:40:52,KRAS,RG,530,662,D,AT,YP,D
14:40:52,KRAS,RG,530,30,D,AT,CP,D
14:40:52,KRAS,RG,530,10,D,AT,DR,D
14:40:52,KRAS,RG,530,29,D,AT,YP,D
14:40:52,KRAS,RG,530,10,D,AT,PC,D
14:40:52,KRAS,RG,530,35,D,AT,PD,D
14:40:52,KRAS,RG,530,50,D,AT,YP,D
14:40:52,KRAS,RG,530,1,D,AT,XC,D
14:40:52,KRAS,RG,530,1,D,AT,XC,D
14:40:52,KRAS,RG,530,15,D,AT,PD,D
14:40:52,KRAS,RG,530,2,D,AT,CC,D
14:40:52,KRAS,RG,530,1,D,AT,XC,D
14:40:52,KRAS,RG,530,1,D,AT,XC,D
14:40:52,KRAS,RG,530,298,D,AT,CC,D
14:40:52,KRAS,RG,530,10,D,AT,XC,D
14:40:52,KRAS,RG,530,34,D,AT,PD,D
14:40:52,KRAS,RG,530,1,D,AT,XC,D
14:40:52,KRAS,RG,530,50,D,AT,YP,D
14:40:52,KRAS,RG,530,200,D,AT,FS,D
14:40:52,KRAS,RG,530,1,D,AT,XA,D
14:40:52,KRAS,RG,530,85,D,AT,CC,D
14:40:52,KRAS,RG,530,204,D,AT,YP,D
14:40:52,KRAS,RG,530,1,D,AT,CC,D
14:40:52,KRAS,RG,530,2,D,AT,XC,D
14:40:52,KRAS,RG,530,20,D,AT,DR,D
14:40:52,KRAS,RG,530,1000,D,AT,YP,D
14:40:52,KRAS,RG,530,25,D,AT,EP,D
14:40:52,KRAS,RG,530,200,D,AT,NI,D
14:40:52,KRAS,RG,530,1,D,AT,PD,D
14:40:52,KRAS,RG,530,5000,D,AT,AO,D
14:40:52,KRAS,RG,530,1,D,AT,PD,D
14:40:52,KRAS,RG,530,13,D,AT,PD,D
14:40:52,KRAS,RG,530,54,D,AT,CC,D
14:40:52,KRAS,RG,530,10,D,AT,NI,D
14:40:52,KRAS,RG,530,1939,D,AT,CP,D
14:40:41,KRAS,RG,525,3,D,KK,CC,D
14:40:34,KRAS,RG,525,2,D,KK,XC,D
14:40:25,KRAS,RG,530,41,D,XC,CP,D
14:40:23,KRAS,RG,525,30,D,KK,CC,D
14:40:22,KRAS,RG,525,500,D,KK,ZP,D
14:40:15,KRAS,RG,525,9,D,KK,YP,D
14:40:07,KRAS,RG,525,272,D,KK,CC,D
14:39:40,KRAS,RG,525,1,D,KK,YP,D
14:39:26,KRAS,RG,525,2,D,KK,SQ,D
14:39:25,KRAS,RG,525,50,D,KK,CC,D
14:39:24,KRAS,RG,530,4,D,XC,CP,D
14:39:19,KRAS,RG,525,13,D,KK,PD,D
14:39:13,KRAS,RG,525,50,D,KK,CC,D
14:39:11,KRAS,RG,525,10,D,KK,PD,D
14:38:55,KRAS,RG,525,759,D,KK,DX,D
14:38:54,KRAS,RG,525,448,D,KK,DX,D
14:38:50,KRAS,RG,525,29,D,KK,NI,D
14:38:47,KRAS,RG,525,628,D,KK,DX,D
14:38:46,KRAS,RG,525,2,D,KK,XC,D
14:38:43,KRAS,RG,525,7,D,KK,KK,D
14:38:37,KRAS,RG,525,1325,D,KK,EP,D
14:38:37,KRAS,RG,525,575,D,NI,EP,D
14:38:37,KRAS,RG,525,500,D,KK,EP,D
14:38:37,KRAS,RG,525,10,D,ID,EP,D
14:38:37,KRAS,RG,525,35,D,YB,EP,D
14:38:37,KRAS,RG,525,1,D,CC,EP,D
14:38:37,KRAS,RG,525,200,D,DH,EP,D
14:38:37,KRAS,RG,525,25,D,SQ,EP,D
14:38:37,KRAS,RG,525,2,D,XC,EP,D
14:38:37,KRAS,RG,525,100,D,YP,EP,D
14:38:37,KRAS,RG,525,10,D,PD,EP,D
14:38:37,KRAS,RG,525,49,D,PD,EP,D
14:38:37,KRAS,RG,525,2,D,PD,EP,D
14:38:37,KRAS,RG,525,3,D,XC,EP,D
14:38:37,KRAS,RG,525,14,D,XC,EP,D
14:38:37,KRAS,RG,525,30,D,GR,EP,D
14:38:37,KRAS,RG,525,1,D,LG,EP,D
14:38:37,KRAS,RG,525,1,D,XC,EP,D
14:38:37,KRAS,RG,525,5,D,PD,EP,D
14:38:37,KRAS,RG,525,2,D,LG,EP,D
14:38:37,KRAS,RG,525,162,D,KK,EP,D
14:38:37,KRAS,RG,525,20,D,DH,EP,D
14:38:37,KRAS,RG,525,21,D,BQ,EP,D
14:38:37,KRAS,RG,525,250,D,DH,EP,D
14:38:37,KRAS,RG,525,20,D,NI,EP,D
14:38:37,KRAS,RG,525,10,D,CC,EP,D
14:38:37,KRAS,RG,525,100,D,YP,EP,D
14:38:37,KRAS,RG,525,8,D,NI,EP,D
14:38:37,KRAS,RG,525,1,D,XC,EP,D
14:38:37,KRAS,RG,525,25,D,PD,EP,D
14:38:37,KRAS,RG,525,2000,D,YU,EP,D
14:38:37,KRAS,RG,525,500,D,CC,EP,D
14:38:37,KRAS,RG,525,3,D,NI,EP,D
14:38:37,KRAS,RG,525,3,D,CC,EP,D
14:38:37,KRAS,RG,525,10,D,XC,EP,D
14:38:37,KRAS,RG,525,1,D,NI,EP,D
14:38:37,KRAS,RG,525,10,D,XC,EP,D
14:38:37,KRAS,RG,525,300,D,CC,EP,D
14:38:37,KRAS,RG,525,2,D,XC,EP,D
14:38:37,KRAS,RG,525,20,D,PC,EP,D
14:38:37,KRAS,RG,525,20,D,DH,EP,D
14:38:37,KRAS,RG,525,2,D,YP,EP,D
14:38:37,KRAS,RG,525,100,D,XC,EP,D
14:38:37,KRAS,RG,525,10,D,PD,EP,D
14:38:37,KRAS,RG,525,5,D,XC,EP,D
14:38:37,KRAS,RG,525,6,D,YP,EP,D
14:38:37,KRAS,RG,525,2,D,XC,EP,D
14:38:37,KRAS,RG,525,1,D,CC,EP,D
14:38:37,KRAS,RG,525,100,D,KK,EP,D
14:38:37,KRAS,RG,525,10,D,PD,EP,D
14:38:37,KRAS,RG,525,1,D,YP,EP,D
14:38:37,KRAS,RG,525,10,D,PD,EP,D
14:38:37,KRAS,RG,525,500,D,SQ,EP,D
14:38:37,KRAS,RG,525,10,D,PD,EP,D
14:38:37,KRAS,RG,525,10,D,PD,EP,D
14:38:37,KRAS,RG,525,10,D,PD,EP,D
14:38:37,KRAS,RG,525,1,D,NI,EP,D
14:38:37,KRAS,RG,525,100,D,CC,EP,D
14:38:37,KRAS,RG,525,5,D,SQ,EP,D
14:38:37,KRAS,RG,525,2,D,NI,EP,D
14:38:37,KRAS,RG,525,1,D,XC,EP,D
14:38:37,KRAS,RG,525,1,D,XC,EP,D
14:38:37,KRAS,RG,525,1,D,XA,EP,D
14:38:37,KRAS,RG,525,5,D,CC,EP,D
14:38:37,KRAS,RG,525,50,D,YP,EP,D
14:38:37,KRAS,RG,525,19,D,PD,EP,D
14:38:37,KRAS,RG,525,20,D,CC,EP,D
14:38:37,KRAS,RG,525,5,D,AT,EP,D
14:38:37,KRAS,RG,525,1,D,YP,EP,D
14:38:37,KRAS,RG,525,48,D,NI,EP,D
14:38:37,KRAS,RG,525,20,D,OD,EP,D
14:38:37,KRAS,RG,525,50,D,YP,EP,D
14:38:37,KRAS,RG,525,1,D,GR,EP,D
14:38:37,KRAS,RG,525,17,D,YP,EP,D
14:38:16,KRAS,RG,530,1,D,YP,CP,D
14:38:13,KRAS,RG,530,5,D,CC,CP,D
14:38:04,KRAS,RG,530,10,D,PD,CP,D
14:37:54,KRAS,RG,530,2,D,NI,CP,D
14:37:50,KRAS,RG,530,7,D,XC,CP,D
14:37:42,KRAS,RG,525,10,D,YP,YP,D
14:37:40,KRAS,RG,530,1000,D,CC,CP,D
14:37:37,KRAS,RG,525,73,D,YP,KK,D
14:37:37,KRAS,RG,525,127,D,CP,KK,D
14:37:33,KRAS,RG,530,25,D,PD,CP,D
14:37:30,KRAS,RG,525,200,D,CP,KK,D
14:37:26,KRAS,RG,525,173,D,CP,DR,D
14:37:26,KRAS,RG,525,27,D,SQ,DR,D
14:37:21,KRAS,RG,530,50,D,YU,CP,D
14:37:13,KRAS,RG,525,20,D,SQ,CC,D
14:37:03,KRAS,RG,525,3,D,SQ,IF,D
14:36:59,KRAS,RG,525,40,D,SQ,CC,D
14:36:58,KRAS,RG,530,10,D,PD,CP,D
14:36:54,KRAS,RG,525,50,D,SQ,DH,D
14:36:49,KRAS,RG,525,1,D,SQ,PD,D
14:36:13,KRAS,RG,525,9,D,SQ,KK,D
14:36:13,KRAS,RG,525,12,D,NI,KK,D
14:36:13,KRAS,RG,525,7,D,NI,DX,D
14:36:13,KRAS,RG,525,1,D,OD,DX,D
14:36:13,KRAS,RG,525,614,D,YP,DX,D
14:36:12,KRAS,RG,525,382,D,YP,DX,D
14:36:12,KRAS,RG,525,131,D,PD,DX,D
14:36:08,KRAS,RG,525,19,D,PD,DX,D
14:36:08,KRAS,RG,525,457,D,CP,DX,D
14:35:57,KRAS,RG,525,543,D,CP,KK,D
14:35:57,KRAS,RG,525,100,D,CP,KK,D
14:35:57,KRAS,RG,525,100,D,XA,KK,D
14:35:57,KRAS,RG,525,5,D,NI,KK,D
14:35:57,KRAS,RG,525,10,D,NI,KK,D
14:35:57,KRAS,RG,525,2,D,CC,KK,D
14:35:57,KRAS,RG,525,50,D,IP,KK,D
14:35:57,KRAS,RG,525,190,D,YP,KK,D
14:35:01,KRAS,RG,525,1,D,YP,NI,D
14:34:50,KRAS,RG,525,2,D,YP,KK,D
14:34:49,KRAS,RG,525,5,D,YP,EP,D
14:34:49,KRAS,RG,525,100,D,YP,NI,D
14:34:16,KRAS,RG,525,2,D,YP,PD,D
14:34:06,KRAS,RG,525,50,D,YP,YP,D
14:34:04,KRAS,RG,530,21,D,CC,CP,D
14:34:00,KRAS,RG,530,1,D,XC,CP,D
14:33:37,KRAS,RG,525,18,D,YP,DH,D
14:33:36,KRAS,RG,525,100,D,YP,KK,D
14:33:22,KRAS,RG,525,532,D,YP,DX,D
14:33:22,KRAS,RG,525,5,D,PD,DX,D
14:33:22,KRAS,RG,525,1,D,BQ,DX,D
14:33:22,KRAS,RG,525,5,D,GR,DX,D
14:33:22,KRAS,RG,525,10,D,EP,DX,D
14:33:22,KRAS,RG,525,1,D,YP,DX,D
14:33:22,KRAS,RG,525,199,D,YP,DX,D
14:33:22,KRAS,RG,525,25,D,NI,DX,D
14:33:22,KRAS,RG,525,10,D,NI,DX,D
14:33:22,KRAS,RG,525,311,D,CP,DX,D
14:33:20,KRAS,RG,525,398,D,CP,DX,D
14:32:42,KRAS,RG,530,25,D,LG,CP,D
14:32:27,KRAS,RG,530,4,D,PC,CP,D
14:32:22,KRAS,RG,525,1,D,CP,KK,D
14:32:16,KRAS,RG,530,5,D,PD,CP,D
14:32:16,KRAS,RG,525,1,D,CP,XC,D
14:31:56,KRAS,RG,530,50,D,AR,CP,D
14:31:07,KRAS,RG,525,25,D,CP,CC,D
14:31:04,KRAS,RG,525,100,D,CP,YP,D
14:30:42,KRAS,RG,525,31,D,CP,DX,D
14:30:39,KRAS,RG,525,607,D,CP,DX,D
14:30:35,KRAS,RG,525,2,D,CP,XC,D
14:30:34,KRAS,RG,525,718,D,CP,DX,D
14:30:33,KRAS,RG,525,396,D,CP,DX,D
14:30:27,KRAS,RG,530,1,D,LG,DX,D
14:30:18,KRAS,RG,530,4,D,CC,DX,D
14:29:36,KRAS,RG,530,10,D,NI,DX,D
14:29:33,KRAS,RG,530,200,D,XC,DX,D
14:29:33,KRAS,RG,530,8,D,CC,DX,D
14:29:30,KRAS,RG,530,20,D,XC,DX,D
14:29:18,KRAS,RG,530,2,D,XC,DX,D
14:29:14,KRAS,RG,525,1,D,CP,CC,D
14:29:10,KRAS,RG,530,1,D,CC,DX,D
14:29:07,KRAS,RG,530,1,D,YP,DX,D
14:29:07,KRAS,RG,525,30,D,CP,YP,D
14:28:54,KRAS,RG,530,37,D,CC,DX,D
14:28:53,KRAS,RG,525,14,D,CP,XC,D
14:28:44,KRAS,RG,525,2,D,CP,XC,D
14:28:42,KRAS,RG,530,10,D,PD,DX,D
14:28:41,KRAS,RG,530,1,D,PD,DX,D
14:28:35,KRAS,RG,525,10,D,CP,PD,D
14:28:14,KRAS,RG,525,500,D,CP,MG,D
14:28:05,KRAS,RG,530,17,D,XC,DX,D
14:27:59,KRAS,RG,525,1,D,CP,XC,D
14:27:51,KRAS,RG,525,410,D,CP,DX,D
14:27:51,KRAS,RG,525,30,D,CP,NI,D
14:27:50,KRAS,RG,525,694,D,CP,DX,D
14:27:31,KRAS,RG,530,5,D,YP,DX,D
14:27:19,KRAS,RG,530,22,D,NI,DX,D
14:27:05,KRAS,RG,530,200,D,GR,DX,D
14:27:00,KRAS,RG,530,10,D,NI,DX,D
14:26:43,KRAS,RG,530,5,D,NI,DX,D
14:26:36,KRAS,RG,525,507,D,CP,CC,D
14:25:40,KRAS,RG,530,7,D,LG,DX,D
14:25:38,KRAS,RG,525,1,D,CP,EP,D
14:25:13,KRAS,RG,530,20,D,XC,BK,F
14:25:01,KRAS,RG,525,175,D,CP,DX,D
14:25:01,KRAS,RG,530,100,D,NI,DX,D
14:25:01,KRAS,RG,530,2,D,XC,DX,D
14:25:01,KRAS,RG,530,2,D,AT,DX,D
14:25:01,KRAS,RG,530,139,D,DR,DX,D
14:25:00,KRAS,RG,530,361,D,DR,DX,D
14:25:00,KRAS,RG,530,1,D,XC,DX,D
14:25:00,KRAS,RG,530,10,D,ZP,DX,D
14:25:00,KRAS,RG,530,1,D,YP,DX,D
14:25:00,KRAS,RG,530,25,D,YP,DX,D
14:25:00,KRAS,RG,530,9,D,XC,DX,D
14:25:00,KRAS,RG,530,20,D,PD,DX,D
14:25:00,KRAS,RG,530,10,D,PD,DX,D
14:25:00,KRAS,RG,530,197,D,YP,DX,D
14:24:57,KRAS,RG,530,3,D,YP,DX,D
14:24:57,KRAS,RG,530,10,D,PC,DX,D
14:24:57,KRAS,RG,530,157,D,PD,DX,D
14:24:57,KRAS,RG,530,8,D,PD,DX,D
14:24:57,KRAS,RG,530,200,D,PD,DX,D
14:24:57,KRAS,RG,530,9,D,YP,DX,D
14:24:57,KRAS,RG,530,100,D,GR,DX,D
14:24:57,KRAS,RG,530,84,D,TP,DX,D
14:24:51,KRAS,RG,530,16,D,TP,NI,D
14:24:51,KRAS,RG,530,3,D,KK,NI,D
14:24:51,KRAS,RG,530,2,D,CC,NI,D
14:24:51,KRAS,RG,530,29,D,YU,NI,D
14:24:43,KRAS,RG,530,500,D,YU,YP,D
14:24:40,KRAS,RG,530,1,D,YU,CP,D
14:24:23,KRAS,RG,535,1,D,XA,IF,D
14:24:09,KRAS,RG,530,1,D,YU,NI,D
14:23:58,KRAS,RG,530,10,D,YU,CC,D
14:23:38,KRAS,RG,535,1,D,XA,IF,D
14:23:36,KRAS,RG,530,200,D,YU,MG,D
14:23:03,KRAS,RG,535,2,D,XC,IF,D
14:22:29,KRAS,RG,535,1,D,XA,IF,D
14:22:28,KRAS,RG,530,5,D,YU,DH,D
14:22:01,KRAS,RG,530,15,D,YU,YP,D
14:21:57,KRAS,RG,535,1,D,XA,IF,D
14:21:55,KRAS,RG,530,223,D,YU,PD,D
14:21:45,KRAS,RG,535,1,D,XA,IF,D
14:21:42,KRAS,RG,530,16,D,YU,KK,D
14:21:42,KRAS,RG,530,20,D,GR,KK,D
14:21:42,KRAS,RG,530,195,D,CC,KK,D
14:21:42,KRAS,RG,530,19,D,SQ,KK,D
14:21:25,KRAS,RG,530,20,D,SQ,PD,D
14:21:20,KRAS,RG,530,1,D,SQ,HP,D
14:21:20,KRAS,RG,530,2,D,KK,HP,D
14:21:20,KRAS,RG,530,100,D,KK,HP,D
14:21:20,KRAS,RG,530,27,D,CC,HP,D
14:21:06,KRAS,RG,530,1847,D,XA,YU,D
14:21:06,KRAS,RG,530,1000,D,YB,YU,D
14:21:06,KRAS,RG,530,1,D,XA,YU,D
14:21:06,KRAS,RG,530,152,D,MG,YU,D
14:20:55,KRAS,RG,530,226,D,MG,YP,D
14:20:54,KRAS,RG,530,3,D,MG,XC,D
14:20:51,KRAS,RG,530,4,D,MG,PD,D
14:20:24,KRAS,RG,530,15,D,MG,YP,D
14:20:17,KRAS,RG,530,200,D,MG,YP,D
14:20:04,KRAS,RG,530,3,D,MG,YP,D
14:20:04,KRAS,RG,530,562,D,MG,DX,D
14:20:04,KRAS,RG,530,514,D,MG,DX,D
14:20:04,KRAS,RG,530,321,D,MG,DX,D
14:20:02,KRAS,RG,530,150,D,SQ,DX,D
14:19:51,KRAS,RG,530,9,D,YU,DX,D
14:19:51,KRAS,RG,530,25,D,YU,CC,D
14:19:51,KRAS,RG,530,15,D,YU,PD,D
14:19:51,KRAS,RG,530,5,D,YU,PD,D
14:19:51,KRAS,RG,530,5,D,YU,KK,D
14:19:51,KRAS,RG,530,66,D,YU,XC,D
14:19:51,KRAS,RG,530,10,D,YU,DH,D
14:19:51,KRAS,RG,530,1,D,YU,YP,D
14:19:51,KRAS,RG,530,20,D,YU,XC,D
14:19:51,KRAS,RG,530,3,D,YU,XC,D
14:19:51,KRAS,RG,530,30,D,YU,NI,D
14:19:51,KRAS,RG,530,5,D,YU,XC,D
14:19:51,KRAS,RG,530,333,D,YU,KK,D
14:19:51,KRAS,RG,530,5,D,YU,DH,D
14:19:51,KRAS,RG,530,1000,D,YU,YP,D
14:19:51,KRAS,RG,530,6,D,YU,DH,D
14:19:51,KRAS,RG,530,30,D,YU,PD,D
14:19:51,KRAS,RG,530,400,D,YU,GR,D
14:19:51,KRAS,RG,530,5,D,YU,XA,D
14:19:51,KRAS,RG,530,10,D,YU,GR,D
14:19:51,KRAS,RG,530,1,D,YU,NI,D
14:19:51,KRAS,RG,530,40,D,YU,YP,D
14:19:51,KRAS,RG,530,763,D,YU,YP,D
14:19:51,KRAS,RG,530,2,D,YU,PD,D
14:19:51,KRAS,RG,530,30,D,YU,NI,D
14:19:51,KRAS,RG,530,100,D,YU,GR,D
14:19:51,KRAS,RG,530,25,D,YU,YP,D
14:19:51,KRAS,RG,530,50,D,YU,GR,D
14:19:51,KRAS,RG,530,10,D,YU,CC,D
14:19:51,KRAS,RG,530,25,D,YU,XC,D
14:19:51,KRAS,RG,530,6,D,YU,NI,D
14:19:51,KRAS,RG,530,15,D,YU,YP,D
14:19:51,KRAS,RG,530,5,D,YU,PD,D
14:19:51,KRAS,RG,530,19,D,YU,DH,D
14:19:51,KRAS,RG,530,1000,D,YU,CP,D
14:19:51,KRAS,RG,530,5,D,YU,XC,D
14:19:51,KRAS,RG,530,100,D,YU,CP,D
14:19:51,KRAS,RG,530,100,D,YU,CP,D
14:19:51,KRAS,RG,530,10,D,YU,CC,D
14:19:51,KRAS,RG,530,100,D,YU,YP,D
14:19:51,KRAS,RG,530,370,D,YU,YP,D
14:19:51,KRAS,RG,530,16,D,YU,CC,D
14:19:51,KRAS,RG,530,1,D,YU,XC,D
14:19:51,KRAS,RG,530,25,D,YU,XC,D
14:19:51,KRAS,RG,530,55,D,YU,YP,D
14:19:51,KRAS,RG,530,20,D,YU,SQ,D
14:19:51,KRAS,RG,530,200,D,YU,GR,D
14:19:51,KRAS,RG,530,95,D,YU,CP,D
14:19:51,KRAS,RG,530,1,D,YU,XC,D
14:19:51,KRAS,RG,530,24,D,YU,YP,D
14:19:51,KRAS,RG,530,10,D,YU,YP,D
14:19:51,KRAS,RG,530,719,D,YU,AT,D
14:19:51,KRAS,RG,530,25,D,YU,YP,D
14:19:51,KRAS,RG,530,146,D,YU,YP,D
14:19:51,KRAS,RG,530,40,D,YU,YP,D
14:19:51,KRAS,RG,530,30,D,YU,LG,D
14:19:51,KRAS,RG,530,50,D,YU,PD,D
14:19:51,KRAS,RG,530,10,D,YU,YP,D
14:19:51,KRAS,RG,530,5,D,YU,XC,D
14:19:51,KRAS,RG,530,50,D,YU,KK,D
14:19:51,KRAS,RG,530,2,D,YU,XC,D
14:19:51,KRAS,RG,530,100,D,YU,SQ,D
14:19:51,KRAS,RG,530,20,D,YU,PD,D
14:19:51,KRAS,RG,530,31,D,YU,YP,D
14:19:51,KRAS,RG,530,100,D,YU,AZ,D
14:19:51,KRAS,RG,530,60,D,YU,YP,D
14:19:51,KRAS,RG,530,65,D,YU,YP,D
14:19:51,KRAS,RG,530,15,D,YU,XC,D
14:19:51,KRAS,RG,530,75,D,YU,YP,D
14:19:51,KRAS,RG,530,1000,D,YU,YP,D
14:19:51,KRAS,RG,530,10,D,YU,XC,D
14:19:51,KRAS,RG,530,2,D,YU,YP,D
14:19:51,KRAS,RG,530,150,D,YU,KK,D
14:19:51,KRAS,RG,530,239,D,YU,PD,D
14:19:51,KRAS,RG,530,19,D,YU,ZP,D
14:19:51,KRAS,RG,530,75,D,YU,PC,D
14:19:51,KRAS,RG,530,50,D,YU,YU,D
14:19:51,KRAS,RG,530,1,D,YU,XA,D
14:19:51,KRAS,RG,530,10,D,YU,DR,D
14:19:51,KRAS,RG,530,100,D,YU,AZ,D
14:19:51,KRAS,RG,530,50,D,YU,PD,D
14:19:51,KRAS,RG,530,100,D,YU,OD,D
14:19:51,KRAS,RG,530,13,D,YU,NI,D
14:19:51,KRAS,RG,530,25,D,YU,CC,D
14:19:51,KRAS,RG,530,200,D,YU,XC,D
14:19:51,KRAS,RG,530,100,D,YU,GR,D
14:19:51,KRAS,RG,530,350,D,YU,KK,D
14:19:51,KRAS,RG,530,72,D,YU,CC,D
14:19:51,KRAS,RG,530,45,D,YU,PD,D
14:19:51,KRAS,RG,530,200,D,YU,PD,D
14:19:51,KRAS,RG,530,2,D,YU,XC,D
14:19:51,KRAS,RG,530,400,D,YU,CC,D
14:19:51,KRAS,RG,530,3,D,YU,XC,D
14:19:51,KRAS,RG,530,35,D,YU,NI,D
14:19:45,KRAS,RG,525,5,D,CP,XC,D
14:19:33,KRAS,RG,525,30,D,CP,DX,D
14:19:33,KRAS,RG,525,50,D,YP,DX,D
14:19:33,KRAS,RG,525,20,D,PD,DX,D
14:19:33,KRAS,RG,525,100,D,LG,DX,D
14:19:33,KRAS,RG,525,399,D,PD,DX,D
14:19:31,KRAS,RG,525,514,D,PD,DX,D
14:19:31,KRAS,RG,525,87,D,PD,DX,D
14:19:31,KRAS,RG,525,1,D,XC,DX,D
14:19:31,KRAS,RG,525,200,D,NI,DX,D
14:19:31,KRAS,RG,525,19,D,PD,DX,D
14:19:31,KRAS,RG,525,20,D,KK,DX,D
14:19:31,KRAS,RG,525,1,D,XC,DX,D
14:19:31,KRAS,RG,525,100,D,AO,DX,D
14:19:31,KRAS,RG,525,50,D,YP,DX,D
14:19:31,KRAS,RG,525,2,D,XC,DX,D
14:19:31,KRAS,RG,525,1,D,DH,DX,D
14:19:31,KRAS,RG,525,20,D,XC,DX,D
14:19:26,KRAS,RG,525,47,D,XC,BS,D
14:19:26,KRAS,RG,525,1,D,XC,BS,D
14:19:26,KRAS,RG,525,2,D,AT,BS,D
14:18:49,KRAS,RG,525,3,D,AT,YP,D
14:18:49,KRAS,RG,525,7,D,AZ,YP,D
14:18:31,KRAS,RG,525,1,D,AZ,KK,D
14:18:29,KRAS,RG,525,17,D,AZ,DR,D
14:18:29,KRAS,RG,525,3,D,ZP,DR,D
14:18:12,KRAS,RG,530,10,D,NI,NI,D
14:18:12,KRAS,RG,525,10,D,ZP,CC,D
14:18:06,KRAS,RG,525,50,D,ZP,CC,D
14:17:50,KRAS,RG,525,10,D,ZP,KK,D
14:17:43,KRAS,RG,525,50,D,ZP,CC,D
14:17:33,KRAS,RG,525,32,D,ZP,IF,D
14:17:15,KRAS,RG,525,20,D,ZP,PD,D
14:17:13,KRAS,RG,525,30,D,ZP,CC,D
14:17:05,KRAS,RG,525,30,D,ZP,YP,D
14:17:04,KRAS,RG,525,25,D,ZP,YP,D
14:16:53,KRAS,RG,525,711,D,ZP,DX,D
14:16:47,KRAS,RG,525,623,D,ZP,DX,D
14:16:45,KRAS,RG,525,444,D,ZP,DX,D
14:16:37,KRAS,RG,530,1,D,NI,NI,D
14:16:21,KRAS,RG,525,2,D,ZP,PD,D
14:15:56,KRAS,RG,525,81,D,ZP,YP,D
14:15:50,KRAS,RG,530,1,D,KK,NI,D
14:15:33,KRAS,RG,530,3,D,YP,NI,D
14:15:33,KRAS,RG,530,10,D,YP,PD,D
14:15:33,KRAS,RG,530,17,D,YP,CC,D
14:15:33,KRAS,RG,525,5,D,ZP,SQ,D
14:15:23,KRAS,RG,530,30,D,PD,CC,D
14:14:41,KRAS,RG,530,10,D,SQ,CC,D
14:14:41,KRAS,RG,530,5,D,XC,CC,D
14:14:17,KRAS,RG,530,3,D,YP,CC,D
14:14:11,KRAS,RG,530,3,D,PD,CC,D
14:14:03,KRAS,RG,525,761,D,ZP,DX,D
14:14:01,KRAS,RG,525,595,D,ZP,DX,D
14:14:00,KRAS,RG,525,368,D,ZP,DX,D
14:13:27,KRAS,RG,530,500,D,YP,CC,D
14:13:16,KRAS,RG,525,54,D,ZP,PD,D
14:12:46,KRAS,RG,525,406,D,ZP,CC,D
14:12:45,KRAS,RG,525,25,D,ZP,CC,D
14:12:42,KRAS,RG,525,133,D,ZP,OD,D
14:12:20,KRAS,RG,525,20,D,ZP,EP,D
14:11:46,KRAS,RG,525,1,D,ZP,XC,D
14:11:40,KRAS,RG,525,1,D,ZP,XC,D
14:11:36,KRAS,RG,525,5,D,ZP,CC,D
14:11:15,KRAS,RG,525,505,D,ZP,DX,D
14:11:15,KRAS,RG,525,14,D,SQ,DX,D
14:11:12,KRAS,RG,525,571,D,SQ,DX,D
14:11:07,KRAS,RG,525,380,D,SQ,DX,D
14:11:07,KRAS,RG,525,37,D,CC,DX,D
14:10:38,KRAS,RG,530,10,D,OD,CC,D
14:10:34,KRAS,RG,530,100,D,YP,CC,D
14:10:30,KRAS,RG,530,50,D,PD,CC,D
14:09:48,KRAS,RG,525,8,D,CC,XC,D
14:09:39,KRAS,RG,525,1,D,CC,XC,D
14:09:19,KRAS,RG,525,10,D,CC,SQ,D
14:09:14,KRAS,RG,530,20,D,OD,CC,D
14:09:05,KRAS,RG,530,5,D,CC,CC,D
14:09:03,KRAS,RG,525,1,D,CC,XC,D
14:08:43,KRAS,RG,525,25,D,CC,YP,D
14:08:31,KRAS,RG,525,603,D,CC,DX,D
14:08:24,KRAS,RG,525,315,D,CC,DX,D
14:08:24,KRAS,RG,525,1,D,PD,DX,D
14:08:24,KRAS,RG,525,10,D,PD,DX,D
14:08:24,KRAS,RG,525,25,D,CC,DX,D
14:08:24,KRAS,RG,525,5,D,AT,DX,D
14:08:24,KRAS,RG,525,10,D,XC,DX,D
14:08:24,KRAS,RG,525,127,D,CC,DX,D
14:08:20,KRAS,RG,525,73,D,CC,DX,D
14:08:20,KRAS,RG,525,80,D,EP,DX,D
14:08:20,KRAS,RG,525,100,D,YP,DX,D
14:08:20,KRAS,RG,525,10,D,YP,DX,D
14:08:20,KRAS,RG,525,50,D,LS,DX,D
14:08:20,KRAS,RG,525,42,D,AT,DX,D
14:08:20,KRAS,RG,525,5,D,CC,DX,D
14:08:20,KRAS,RG,525,40,D,YP,DX,D
14:08:20,KRAS,RG,525,4,D,YP,DX,D
14:08:03,KRAS,RG,525,92,D,YP,AZ,D
14:08:03,KRAS,RG,525,5,D,SQ,AZ,D
14:08:03,KRAS,RG,525,3,D,DR,AZ,D
14:07:36,KRAS,RG,530,47,D,NI,CC,D
14:07:36,KRAS,RG,530,2,D,NI,ZP,F
14:07:36,KRAS,RG,530,2,D,NI,LG,D
14:07:36,KRAS,RG,530,2,D,NI,CC,D
14:07:36,KRAS,RG,530,147,D,NI,CC,D
14:07:09,KRAS,RG,525,3,D,DR,YP,D
14:06:47,KRAS,RG,525,6,D,DR,YP,D
14:06:47,KRAS,RG,525,58,D,DR,DR,D
14:06:47,KRAS,RG,525,1,D,NI,DR,D
14:06:47,KRAS,RG,525,10,D,EP,DR,D
14:06:47,KRAS,RG,525,64,D,EP,DR,D
14:06:41,KRAS,RG,530,30,D,KK,CC,D
14:06:38,KRAS,RG,525,1,D,EP,KK,D
14:06:26,KRAS,RG,525,35,D,EP,PD,D
14:06:26,KRAS,RG,525,165,D,KK,PD,D
14:06:21,KRAS,RG,530,3,D,YP,CC,D
14:06:08,KRAS,RG,525,19,D,KK,XC,D
14:06:08,KRAS,RG,525,10,D,KK,CC,D
14:06:04,KRAS,RG,530,2,D,YU,CC,D
14:05:56,KRAS,RG,525,106,D,KK,OD,D
14:05:56,KRAS,RG,525,39,D,KK,OD,D
14:05:53,KRAS,RG,525,10,D,KK,YP,D
14:05:49,KRAS,RG,525,650,D,KK,YP,D
14:05:43,KRAS,RG,525,301,D,KK,DX,D
14:05:43,KRAS,RG,525,250,D,CC,DX,D
14:05:43,KRAS,RG,525,1,D,CC,DX,D
14:05:43,KRAS,RG,525,15,D,YP,DX,D
14:05:43,KRAS,RG,525,5,D,OD,DX,D
14:05:43,KRAS,RG,525,1,D,PD,DX,D
14:05:43,KRAS,RG,525,5,D,AT,DX,D
14:05:43,KRAS,RG,525,5,D,GR,DX,D
14:05:43,KRAS,RG,525,157,D,DX,DX,D
14:05:41,KRAS,RG,525,506,D,DX,DX,D
14:05:40,KRAS,RG,525,337,D,DX,DX,D
14:05:40,KRAS,RG,525,1,D,XC,DX,D
14:05:40,KRAS,RG,525,20,D,PD,DX,D
14:05:40,KRAS,RG,525,15,D,AZ,DX,D
14:05:40,KRAS,RG,525,5,D,XC,DX,D
14:05:40,KRAS,RG,525,131,D,CC,DX,D
14:05:13,KRAS,RG,530,14,D,NI,CC,D
14:05:02,KRAS,RG,525,25,D,CC,DR,D
14:04:16,KRAS,RG,530,54,D,DH,CC,D
14:04:16,KRAS,RG,530,25,D,DH,YP,D
14:04:16,KRAS,RG,530,71,D,DH,CC,D
14:04:14,KRAS,RG,525,44,D,CC,YP,D
14:04:14,KRAS,RG,525,50,D,YP,YP,D
14:04:14,KRAS,RG,525,1497,D,AO,YP,D
14:04:05,KRAS,RG,525,18,D,AO,PD,D
14:03:57,KRAS,RG,525,485,D,AO,BQ,D
14:03:49,KRAS,RG,525,2,D,AO,XC,D
14:03:49,KRAS,RG,525,1,D,AO,XC,D
14:03:42,KRAS,RG,530,29,D,PD,CC,D
14:03:42,KRAS,RG,530,10,D,PD,SQ,D
14:03:36,KRAS,RG,525,3,D,AO,CC,D
14:03:10,KRAS,RG,530,5,D,YP,SQ,D
14:03:03,KRAS,RG,525,659,D,AO,DX,D
14:03:00,KRAS,RG,525,502,D,AO,DX,D
14:03:00,KRAS,RG,525,642,D,AO,DX,D
14:02:24,KRAS,RG,530,5,D,YU,SQ,D
14:02:16,KRAS,RG,525,10,D,AO,XC,D
14:02:12,KRAS,RG,530,1,D,YU,SQ,D
14:02:06,KRAS,RG,525,449,D,AO,KK,D
14:01:27,KRAS,RG,530,2,D,KK,SQ,D
14:00:37,KRAS,RG,530,5,D,CC,SQ,D
14:00:16,KRAS,RG,525,627,D,AO,DX,D
14:00:11,KRAS,RG,525,105,D,AO,DX,D
14:00:11,KRAS,RG,525,1,D,YP,DX,D
14:00:11,KRAS,RG,525,1,D,XC,DX,D
14:00:11,KRAS,RG,525,16,D,NI,DX,D
14:00:11,KRAS,RG,525,10,D,YU,DX,D
14:00:11,KRAS,RG,525,1,D,KK,DX,D
14:00:11,KRAS,RG,525,40,D,CP,DX,D
14:00:11,KRAS,RG,525,25,D,CC,DX,D
14:00:11,KRAS,RG,525,4,D,PD,DX,D
14:00:11,KRAS,RG,525,175,D,NI,DX,D
14:00:11,KRAS,RG,525,2,D,YP,DX,D
14:00:11,KRAS,RG,525,20,D,CC,DX,D
14:00:11,KRAS,RG,525,20,D,YP,DX,D
14:00:11,KRAS,RG,525,50,D,CC,DX,D
14:00:11,KRAS,RG,525,1,D,NI,DX,D
14:00:11,KRAS,RG,525,73,D,NI,DX,D
14:00:11,KRAS,RG,525,27,D,NI,DX,D
14:00:11,KRAS,RG,525,3,D,YP,DX,D
14:00:11,KRAS,RG,525,5,D,YP,DX,D
14:00:11,KRAS,RG,525,100,D,EP,DX,D
14:00:11,KRAS,RG,525,20,D,YP,DX,D
14:00:11,KRAS,RG,525,5,D,NI,DX,D
14:00:11,KRAS,RG,525,5,D,YP,DX,D
14:00:11,KRAS,RG,525,61,D,YP,DX,D
14:00:11,KRAS,RG,525,5,D,NI,DX,D
14:00:11,KRAS,RG,525,40,D,NI,DX,D
14:00:11,KRAS,RG,525,100,D,YP,DX,D
14:00:03,KRAS,RG,525,1,D,CC,XC,D
13:59:53,KRAS,RG,525,1,D,CC,KK,D
13:59:53,KRAS,RG,525,20,D,PD,KK,D
13:59:53,KRAS,RG,525,79,D,YP,KK,D
13:59:46,KRAS,RG,525,1,D,YP,EP,D
13:59:35,KRAS,RG,525,20,D,YP,YP,D
13:59:35,KRAS,RG,525,500,D,SQ,YP,D
13:59:35,KRAS,RG,525,1,D,CC,YP,D
13:59:35,KRAS,RG,525,1,D,XC,YP,D
13:59:35,KRAS,RG,525,25,D,SQ,YP,D
13:59:35,KRAS,RG,525,3,D,PD,YP,D
13:59:35,KRAS,RG,525,20,D,NI,YP,D
13:59:35,KRAS,RG,525,1,D,XC,YP,D
13:59:35,KRAS,RG,525,50,D,YP,YP,D
13:59:35,KRAS,RG,525,3,D,PD,YP,D
13:59:35,KRAS,RG,525,4,D,NI,YP,D
13:59:35,KRAS,RG,525,1,D,XA,YP,D
13:59:35,KRAS,RG,525,371,D,YP,YP,D
13:59:28,KRAS,RG,525,1,D,YP,XC,D
13:59:21,KRAS,RG,525,5,D,YP,XC,D
13:59:15,KRAS,RG,530,15,D,AZ,SQ,D
13:58:34,KRAS,RG,525,1,D,YP,XC,D
13:58:29,KRAS,RG,525,3,D,YP,PD,D
13:58:17,KRAS,RG,525,119,D,YP,YP,D
13:58:17,KRAS,RG,525,4,D,XC,YP,D
13:58:17,KRAS,RG,525,1,D,DR,YP,D
13:58:17,KRAS,RG,525,25,D,YP,YP,D
13:58:17,KRAS,RG,525,5,D,XA,YP,D
13:58:17,KRAS,RG,525,50,D,YP,YP,D
13:58:17,KRAS,RG,525,1,D,YP,YP,D
13:58:17,KRAS,RG,525,35,D,PD,YP,D
13:58:17,KRAS,RG,525,50,D,CP,YP,D
13:58:17,KRAS,RG,525,710,D,YP,YP,D
13:58:17,KRAS,RG,525,288,D,YP,EP,D
13:58:17,KRAS,RG,525,10,D,KK,EP,D
13:58:17,KRAS,RG,525,10,D,YP,EP,D
13:58:17,KRAS,RG,525,10,D,YP,EP,D
13:58:17,KRAS,RG,525,55,D,OD,EP,D
13:58:17,KRAS,RG,525,250,D,EP,EP,D
13:58:17,KRAS,RG,525,3,D,KK,EP,D
13:58:17,KRAS,RG,525,10,D,OD,EP,D
13:58:17,KRAS,RG,525,364,D,CC,EP,D
13:58:16,KRAS,RG,525,1,D,CC,KK,D
13:58:00,KRAS,RG,525,33,D,CC,DR,D
13:57:48,KRAS,RG,525,3,D,CC,KK,D
13:57:36,KRAS,RG,525,99,D,CC,YP,D
13:57:36,KRAS,RG,525,1,D,AG,YP,D
13:57:31,KRAS,RG,525,394,D,AG,DX,D
13:57:28,KRAS,RG,525,532,D,AG,DX,D
13:57:21,KRAS,RG,525,73,D,AG,DX,D
13:57:21,KRAS,RG,525,100,D,KK,DX,D
13:57:21,KRAS,RG,525,50,D,YP,DX,D
13:57:21,KRAS,RG,525,1,D,LG,DX,D
13:57:21,KRAS,RG,525,9,D,XC,DX,D
13:57:21,KRAS,RG,525,50,D,SQ,DX,D
13:57:21,KRAS,RG,525,1,D,YB,DX,D
13:57:21,KRAS,RG,525,1,D,NI,DX,D
13:57:21,KRAS,RG,525,25,D,CP,DX,D
13:57:21,KRAS,RG,525,39,D,PD,DX,D
13:57:21,KRAS,RG,525,10,D,YP,DX,D
13:57:21,KRAS,RG,525,257,D,YP,DX,D
13:56:59,KRAS,RG,525,8,D,YP,XC,D
13:56:29,KRAS,RG,525,1,D,YP,XC,D
13:55:55,KRAS,RG,525,4,D,YP,CC,D
13:55:39,KRAS,RG,525,20,D,YP,CC,D
13:55:38,KRAS,RG,525,10,D,YP,CC,D
13:55:32,KRAS,RG,525,5,D,YP,CC,D
13:55:30,KRAS,RG,525,55,D,YP,PD,D
13:55:18,KRAS,RG,525,5,D,YP,CC,D
13:55:13,KRAS,RG,525,300,D,YP,CC,D
13:54:42,KRAS,RG,525,336,D,YP,DX,D
13:54:42,KRAS,RG,525,73,D,ZP,DX,D
13:54:42,KRAS,RG,525,427,D,ZP,DX,D
13:54:42,KRAS,RG,525,1,D,PD,DX,D
13:54:42,KRAS,RG,525,5,D,PD,DX,D
13:54:42,KRAS,RG,525,325,D,CP,DX,D
13:54:39,KRAS,RG,525,507,D,CP,DX,D
13:54:07,KRAS,RG,525,17,D,CP,EP,D
13:54:04,KRAS,RG,525,1,D,CP,XC,D
13:53:30,KRAS,RG,525,4,D,CP,XC,D
13:53:15,KRAS,RG,530,1,D,YB,SQ,D
13:52:31,KRAS,RG,525,5,D,CP,DR,D
13:52:31,KRAS,RG,530,2,D,PD,SQ,D
13:52:30,KRAS,RG,530,1,D,CC,SQ,D
13:52:04,KRAS,RG,530,3,D,YU,SQ,D
13:52:04,KRAS,RG,530,20,D,YU,YP,D
13:52:04,KRAS,RG,530,5,D,YU,CC,D
13:52:04,KRAS,RG,530,50,D,YU,YP,D
13:52:04,KRAS,RG,530,25,D,YU,PD,D
13:52:04,KRAS,RG,530,11,D,YU,XC,D
13:52:04,KRAS,RG,530,1,D,YU,XC,D
13:52:04,KRAS,RG,530,100,D,YU,CC,D
13:52:04,KRAS,RG,530,20,D,YU,CC,D
13:52:04,KRAS,RG,530,5,D,YU,YP,F
13:52:04,KRAS,RG,530,5,D,YU,YP,D
13:52:04,KRAS,RG,530,200,D,YU,YB,D
13:52:04,KRAS,RG,530,1,D,YU,PD,D
13:52:04,KRAS,RG,530,2,D,YU,XC,D
13:52:04,KRAS,RG,530,1,D,YU,XC,D
13:52:04,KRAS,RG,530,25,D,YU,SQ,D
13:52:04,KRAS,RG,530,37,D,YU,KK,D
13:52:04,KRAS,RG,530,1,D,YU,CP,D
13:52:04,KRAS,RG,530,589,D,YU,DX,D
13:52:04,KRAS,RG,530,685,D,YU,DX,D
13:52:04,KRAS,RG,530,214,D,YU,DX,D
13:51:57,KRAS,RG,525,681,D,CP,DX,D
13:51:53,KRAS,RG,525,537,D,CP,DX,D
13:51:52,KRAS,RG,525,493,D,CP,DX,D
13:51:49,KRAS,RG,525,15,D,CP,NI,D
13:51:42,KRAS,RG,525,5,D,CP,XC,D
13:51:31,KRAS,RG,525,17,D,CP,XC,D
13:51:25,KRAS,RG,530,286,D,YU,DX,D
13:51:25,KRAS,RG,530,1,D,YU,KK,D
13:51:25,KRAS,RG,530,10,D,YU,DH,D
13:51:25,KRAS,RG,530,6,D,YU,YP,D
13:51:25,KRAS,RG,530,5,D,YU,XC,D
13:51:25,KRAS,RG,530,37,D,YU,YP,D
13:51:25,KRAS,RG,530,100,D,YU,YP,D
13:51:25,KRAS,RG,530,7,D,YU,YP,D
13:51:25,KRAS,RG,530,1548,D,YU,CP,D
13:51:18,KRAS,RG,525,5,D,CP,EP,D
13:50:58,KRAS,RG,525,1,D,CP,KK,D
13:50:56,KRAS,RG,525,2,D,CP,CC,D
13:50:42,KRAS,RG,525,31,D,CP,PD,D
13:50:40,KRAS,RG,525,1,D,CP,CC,D
13:50:37,KRAS,RG,525,18,D,CP,CC,D
13:50:36,KRAS,RG,525,20,D,CP,CC,D
13:50:23,KRAS,RG,525,29,D,CP,PD,D
13:50:11,KRAS,RG,525,4,D,CP,PD,D
13:50:07,KRAS,RG,525,50,D,CP,LG,D
13:50:06,KRAS,RG,525,300,D,CP,CC,D
13:49:47,KRAS,RG,525,1,D,CP,PD,D
13:49:35,KRAS,RG,525,100,D,CP,YB,D
13:49:24,KRAS,RG,530,1,D,YP,CP,D
13:49:05,KRAS,RG,525,31,D,CP,DH,D
13:49:05,KRAS,RG,525,40,D,OD,DH,D
13:49:05,KRAS,RG,525,29,D,PD,DH,D
13:49:05,KRAS,RG,525,96,D,PD,DX,D
13:49:05,KRAS,RG,525,100,D,CC,DX,D
13:49:05,KRAS,RG,525,10,D,AZ,DX,D
13:49:05,KRAS,RG,525,465,D,DR,DX,D
13:49:03,KRAS,RG,525,581,D,DR,DX,D
13:49:01,KRAS,RG,525,461,D,DR,DX,D
13:48:16,KRAS,RG,525,5,D,DR,KK,D
13:48:00,KRAS,RG,525,4,D,DR,DH,D
13:47:51,KRAS,RG,525,5,D,DR,PD,D
13:47:51,KRAS,RG,525,500,D,DR,GR,D
13:47:46,KRAS,RG,525,10,D,DR,NI,D
13:47:38,KRAS,RG,525,30,D,DR,SQ,D
13:47:36,KRAS,RG,525,49,D,DR,PD,D
13:47:25,KRAS,RG,525,300,D,DR,GR,D
13:47:13,KRAS,RG,525,100,D,DR,NI,D
13:47:12,KRAS,RG,525,15,D,DR,YP,D
13:47:03,KRAS,RG,525,6,D,DR,PD,D
13:46:56,KRAS,RG,525,92,D,DR,YB,D
13:46:41,KRAS,RG,525,200,D,DR,CC,D
13:46:40,KRAS,RG,525,120,D,DR,OD,D
13:46:29,KRAS,RG,525,35,D,DR,CC,D
13:46:28,KRAS,RG,525,84,D,DR,DH,D
13:46:25,KRAS,RG,525,568,D,DR,DX,D
13:46:22,KRAS,RG,525,10,D,DR,XC,D
13:46:18,KRAS,RG,525,391,D,DR,DX,D
13:46:18,KRAS,RG,525,200,D,DR,CC,D
13:46:17,KRAS,RG,525,544,D,DR,DX,D
13:46:15,KRAS,RG,525,1,D,DR,XC,D
13:45:58,KRAS,RG,525,224,D,DR,NI,D
13:45:58,KRAS,RG,525,10,D,OD,NI,D
13:45:58,KRAS,RG,525,3,D,YP,NI,D
13:45:58,KRAS,RG,525,20,D,OD,NI,D
13:45:58,KRAS,RG,525,10,D,NI,NI,D
13:45:58,KRAS,RG,525,68,D,CC,NI,D
13:45:58,KRAS,RG,525,200,D,CC,NI,D
13:45:58,KRAS,RG,525,21,D,CC,NI,D
13:45:58,KRAS,RG,525,1,D,YP,NI,D
13:45:58,KRAS,RG,525,200,D,YP,NI,D
13:45:58,KRAS,RG,525,10,D,XC,NI,D
13:45:58,KRAS,RG,525,5,D,YP,NI,D
13:45:58,KRAS,RG,525,10,D,AT,NI,D
13:45:58,KRAS,RG,525,5,D,DR,NI,D
13:45:58,KRAS,RG,525,100,D,NI,NI,D
13:45:58,KRAS,RG,525,10,D,CC,NI,D
13:45:58,KRAS,RG,525,100,D,EP,NI,D
13:45:58,KRAS,RG,525,356,D,YP,NI,D
13:45:58,KRAS,RG,525,1,D,CC,NI,D
13:45:58,KRAS,RG,525,1,D,YP,NI,D
13:45:58,KRAS,RG,525,9,D,ZP,NI,D
13:45:55,KRAS,RG,525,73,D,ZP,YP,D
13:45:53,KRAS,RG,525,418,D,ZP,CC,D
13:45:53,KRAS,RG,525,25,D,CC,CC,D
13:45:53,KRAS,RG,525,30,D,PD,CC,D
13:45:53,KRAS,RG,525,10,D,SQ,CC,D
13:45:53,KRAS,RG,525,1,D,XA,CC,D
13:45:53,KRAS,RG,525,16,D,YP,CC,D
13:45:45,KRAS,RG,525,45,D,YP,PD,D
13:45:34,KRAS,RG,525,50,D,YP,CC,D
13:45:21,KRAS,RG,525,10,D,YP,CC,D
13:45:06,KRAS,RG,525,100,D,YP,YP,D
13:45:05,KRAS,RG,525,4,D,YP,XC,D
13:44:50,KRAS,RG,525,3,D,YP,XC,D
13:44:50,KRAS,RG,530,19,D,CC,CP,D
13:44:33,KRAS,RG,525,500,D,YP,CC,D
13:44:32,KRAS,RG,525,272,D,YP,YP,D
13:44:32,KRAS,RG,525,2,D,CC,YP,D
13:44:32,KRAS,RG,525,3,D,CC,YP,D
13:44:32,KRAS,RG,525,19,D,AI,YP,D
13:44:20,KRAS,RG,525,50,D,AI,PD,D
13:44:18,KRAS,RG,525,50,D,AI,NI,D
13:44:10,KRAS,RG,525,100,D,AI,KK,D
13:44:02,KRAS,RG,525,500,D,AI,CC,D
13:43:52,KRAS,RG,525,30,D,AI,NI,D
13:43:46,KRAS,RG,525,15,D,AI,YP,D
13:43:39,KRAS,RG,525,1,D,AI,PD,D
13:43:39,KRAS,RG,525,613,D,AI,DX,D
13:43:38,KRAS,RG,525,448,D,AI,DX,D
13:43:36,KRAS,RG,525,500,D,AI,YP,D
13:43:36,KRAS,RG,525,499,D,AI,DX,D
13:43:27,KRAS,RG,525,20,D,AI,PD,D
13:43:11,KRAS,RG,525,155,D,AI,CC,D
13:43:11,KRAS,RG,525,150,D,KK,CC,D
13:43:11,KRAS,RG,525,195,D,PD,CC,D
13:42:52,KRAS,RG,525,2,D,PD,PD,D
13:42:45,KRAS,RG,525,100,D,PD,KK,D
13:42:33,KRAS,RG,525,26,D,PD,XC,D
13:42:18,KRAS,RG,525,11,D,PD,KK,D
13:42:18,KRAS,RG,525,30,D,CC,KK,D
13:42:18,KRAS,RG,525,10,D,CC,KK,D
13:42:18,KRAS,RG,525,49,D,OD,KK,D
13:42:06,KRAS,RG,525,4,D,OD,XC,D
13:41:43,KRAS,RG,525,27,D,OD,DR,D
13:41:30,KRAS,RG,525,120,D,OD,SQ,D
13:41:30,KRAS,RG,525,180,D,AO,SQ,D
13:41:22,KRAS,RG,525,20,D,AO,PD,D
13:41:19,KRAS,RG,525,1,D,AO,NI,D
13:41:09,KRAS,RG,525,2,D,AO,PD,D
13:41:07,KRAS,RG,525,5,D,AO,XC,D
13:40:57,KRAS,RG,525,10,D,AO,SQ,D
13:40:54,KRAS,RG,525,32,D,AO,DX,D
13:40:54,KRAS,RG,525,5,D,SQ,DX,D
13:40:54,KRAS,RG,525,25,D,GR,DX,D
13:40:54,KRAS,RG,525,10,D,CC,DX,D
13:40:54,KRAS,RG,525,20,D,PD,DX,D
13:40:54,KRAS,RG,525,2,D,DH,DX,D
13:40:54,KRAS,RG,525,10,D,CC,DX,D
13:40:54,KRAS,RG,525,10,D,DR,DX,D
13:40:54,KRAS,RG,525,2,D,XC,DX,D
13:40:54,KRAS,RG,525,76,D,EP,DX,D
13:40:54,KRAS,RG,525,1,D,XC,DX,D
13:40:54,KRAS,RG,525,5,D,YP,DX,D
13:40:54,KRAS,RG,525,5,D,OD,DX,D
13:40:54,KRAS,RG,525,20,D,YP,DX,D
13:40:54,KRAS,RG,525,50,D,YP,DX,D
13:40:54,KRAS,RG,525,113,D,KK,DX,D
13:40:54,KRAS,RG,525,25,D,YP,DX,D
13:40:54,KRAS,RG,525,9,D,XC,DX,D
13:40:54,KRAS,RG,525,25,D,CC,DX,D
13:40:54,KRAS,RG,525,5,D,YP,DX,D
13:40:54,KRAS,RG,525,3,D,PD,DX,D
13:40:53,KRAS,RG,525,7,D,PD,PD,D
13:40:51,KRAS,RG,525,15,D,PD,DR,D
13:40:51,KRAS,RG,525,3,D,YU,DR,D
13:40:51,KRAS,RG,525,15,D,PD,DR,D
13:40:51,KRAS,RG,525,267,D,AO,DR,D
13:40:48,KRAS,RG,525,539,D,AO,DX,D
13:40:48,KRAS,RG,525,194,D,AO,DX,D
13:40:48,KRAS,RG,525,100,D,CP,DX,D
13:40:48,KRAS,RG,525,10,D,CC,DX,D
13:40:48,KRAS,RG,525,378,D,GR,DX,D
13:40:41,KRAS,RG,525,100,D,GR,YP,D
13:40:35,KRAS,RG,525,10,D,GR,SQ,D
13:40:34,KRAS,RG,525,3,D,GR,YP,D
13:40:33,KRAS,RG,525,185,D,GR,AI,D
13:40:29,KRAS,RG,525,157,D,GR,NI,D
13:40:24,KRAS,RG,525,30,D,GR,KK,D
13:40:21,KRAS,RG,525,100,D,GR,YP,D
13:40:04,KRAS,RG,525,37,D,GR,NI,D
13:40:04,KRAS,RG,525,5,D,YP,NI,D
13:40:04,KRAS,RG,525,208,D,FZ,NI,D
13:39:43,KRAS,RG,525,3,D,FZ,XC,D
13:39:07,KRAS,RG,525,10,D,FZ,SQ,D
13:38:48,KRAS,RG,525,200,D,FZ,CC,D
13:38:47,KRAS,RG,525,579,D,FZ,CC,D
13:38:47,KRAS,RG,525,121,D,ZP,CC,D
13:38:21,KRAS,RG,525,10,D,ZP,KK,D
13:38:13,KRAS,RG,525,3,D,ZP,XC,D
13:38:09,KRAS,RG,525,565,D,ZP,DX,D
13:38:03,KRAS,RG,525,477,D,ZP,DX,D
13:38:03,KRAS,RG,525,726,D,ZP,DX,D
13:37:58,KRAS,RG,525,5,D,ZP,GR,D
13:37:57,KRAS,RG,525,30,D,ZP,YP,D
13:37:43,KRAS,RG,525,700,D,ZP,YP,D
13:37:43,KRAS,RG,525,2000,D,ZP,YU,D
13:37:41,KRAS,RG,525,10,D,ZP,PD,D
13:37:37,KRAS,RG,525,2,D,ZP,PD,D
13:37:37,KRAS,RG,525,86,D,ZP,KK,D
13:37:29,KRAS,RG,525,3,D,ZP,KK,D
13:37:23,KRAS,RG,530,1,D,DH,CP,D
13:37:15,KRAS,RG,525,30,D,ZP,YP,D
13:36:57,KRAS,RG,525,20,D,ZP,CP,D
13:36:57,KRAS,RG,525,212,D,ZP,CC,D
13:36:57,KRAS,RG,525,188,D,XC,CC,D
13:36:38,KRAS,RG,525,1,D,XC,SQ,D
13:36:29,KRAS,RG,525,20,D,XC,PD,D
13:36:22,KRAS,RG,530,15,D,PD,CP,D
13:36:16,KRAS,RG,530,1,D,YU,CP,D
13:36:10,KRAS,RG,525,10,D,XC,CC,D
13:36:06,KRAS,RG,525,81,D,XC,YP,D
13:36:06,KRAS,RG,525,1,D,XC,YP,D
13:36:06,KRAS,RG,525,50,D,XC,YP,D
13:36:06,KRAS,RG,525,50,D,YP,YP,D
13:36:06,KRAS,RG,525,318,D,YU,YP,D
13:36:00,KRAS,RG,525,2,D,YU,NI,D
13:35:59,KRAS,RG,525,132,D,YU,DH,D
13:35:59,KRAS,RG,525,48,D,YU,YP,D
13:35:59,KRAS,RG,525,2,D,ZP,YP,D
13:35:59,KRAS,RG,525,10,D,PD,YP,D
13:35:59,KRAS,RG,525,1,D,DH,YP,D
13:35:59,KRAS,RG,525,1,D,XC,YP,D
13:35:59,KRAS,RG,525,2,D,XC,YP,D
13:35:59,KRAS,RG,525,1,D,PD,YP,D
13:35:59,KRAS,RG,525,20,D,OD,YP,D
13:35:59,KRAS,RG,525,10,D,CC,YP,D
13:35:59,KRAS,RG,525,3,D,EP,YP,D
13:35:59,KRAS,RG,525,15,D,NI,YP,D
13:35:59,KRAS,RG,525,10,D,PD,YP,D
13:35:59,KRAS,RG,525,16,D,PC,YP,D
13:35:59,KRAS,RG,525,61,D,EP,YP,D
13:35:51,KRAS,RG,525,20,D,EP,CC,D
13:35:49,KRAS,RG,525,10,D,EP,PD,D
13:35:48,KRAS,RG,525,50,D,EP,YP,D
13:35:48,KRAS,RG,525,10,D,EP,KK,D
13:35:46,KRAS,RG,525,10,D,EP,NI,D
13:35:45,KRAS,RG,525,10,D,EP,YP,D
13:35:40,KRAS,RG,525,50,D,EP,EP,D
13:35:40,KRAS,RG,525,20,D,EP,CC,D
13:35:38,KRAS,RG,525,2,D,EP,XC,D
13:35:35,KRAS,RG,525,157,D,EP,XC,D
13:35:35,KRAS,RG,525,1,D,XC,XC,D
13:35:35,KRAS,RG,525,5,D,PD,XC,D
13:35:35,KRAS,RG,525,20,D,NI,XC,D
13:35:35,KRAS,RG,525,10,D,CC,XC,D
13:35:35,KRAS,RG,525,5,D,PD,XC,D
13:35:35,KRAS,RG,525,50,D,SQ,XC,D
13:35:35,KRAS,RG,525,4,D,LS,XC,D
13:35:35,KRAS,RG,525,5,D,NI,XC,D
13:35:35,KRAS,RG,525,1,D,LG,XC,D
13:35:35,KRAS,RG,525,10,D,YP,XC,D
13:35:35,KRAS,RG,525,10,D,CC,XC,D
13:35:35,KRAS,RG,525,300,D,CC,XC,D
13:35:35,KRAS,RG,525,1,D,CC,XC,D
13:35:35,KRAS,RG,525,2,D,PD,XC,D
13:35:35,KRAS,RG,525,1,D,PD,XC,D
13:35:35,KRAS,RG,525,1,D,PD,XC,D
13:35:35,KRAS,RG,525,1,D,PD,XC,D
13:35:35,KRAS,RG,525,10,D,PD,XC,D
13:35:35,KRAS,RG,525,25,D,YP,XC,D
13:35:35,KRAS,RG,525,2,D,OD,XC,D
13:35:35,KRAS,RG,525,1,D,OD,XC,D
13:35:35,KRAS,RG,525,1,D,XC,XC,D
13:35:35,KRAS,RG,525,1,D,XC,XC,D
13:35:35,KRAS,RG,525,1,D,KK,XC,D
13:35:29,KRAS,RG,525,4,D,KK,CP,D
13:35:29,KRAS,RG,525,10,D,PC,CP,D
13:35:29,KRAS,RG,525,100,D,KK,CP,D
13:35:29,KRAS,RG,525,100,D,PD,CP,D
13:35:29,KRAS,RG,525,18,D,DH,CP,D
13:35:29,KRAS,RG,525,75,D,PD,CP,D
13:35:29,KRAS,RG,525,100,D,DR,CP,D
13:35:29,KRAS,RG,525,300,D,YB,CP,D
13:35:29,KRAS,RG,525,3,D,PD,CP,D
13:35:29,KRAS,RG,525,50,D,YB,CP,D
13:35:29,KRAS,RG,525,10,D,TF,CP,D
13:35:29,KRAS,RG,525,1,D,XA,CP,D
13:35:29,KRAS,RG,525,200,D,SS,CP,D
13:35:29,KRAS,RG,525,29,D,TP,CP,D
13:35:28,KRAS,RG,525,471,D,TP,CP,D
13:35:28,KRAS,RG,525,2,D,KK,CP,D
13:35:28,KRAS,RG,525,20,D,PD,CP,D
13:35:28,KRAS,RG,525,150,D,NI,CP,D
13:35:28,KRAS,RG,525,100,D,PD,CP,D
13:35:28,KRAS,RG,525,25,D,DH,CP,D
13:35:28,KRAS,RG,525,50,D,NI,CP,D
13:35:28,KRAS,RG,525,182,D,OD,CP,D
13:35:25,KRAS,RG,525,100,D,OD,YP,D
13:35:24,KRAS,RG,525,218,D,OD,DX,D
13:35:24,KRAS,RG,525,1,D,XC,DX,D
13:35:24,KRAS,RG,525,200,D,PD,DX,D
13:35:24,KRAS,RG,525,3,D,PD,DX,D
13:35:24,KRAS,RG,525,100,D,OD,DX,D
13:35:24,KRAS,RG,525,50,D,PD,DX,D
13:35:24,KRAS,RG,525,5,D,PD,DX,D
13:35:24,KRAS,RG,525,30,D,CC,DX,D
13:35:24,KRAS,RG,525,10,D,PC,DX,D
13:35:24,KRAS,RG,525,13,D,CC,DX,D
13:35:22,KRAS,RG,525,187,D,CC,DX,D
13:35:22,KRAS,RG,525,278,D,FZ,DX,D
13:35:22,KRAS,RG,525,635,D,FZ,DX,D
13:35:10,KRAS,RG,525,2,D,FZ,SQ,D
13:35:07,KRAS,RG,530,100,D,YP,CP,D
13:35:01,KRAS,RG,525,85,D,FZ,YP,D
13:35:01,KRAS,RG,525,10,D,XC,YP,D
13:35:01,KRAS,RG,525,10,D,YP,YP,D
13:35:01,KRAS,RG,525,25,D,CC,YP,D
13:35:01,KRAS,RG,525,1,D,AZ,YP,D
13:35:01,KRAS,RG,525,20,D,YP,YP,D
13:35:01,KRAS,RG,525,30,D,AZ,YP,D
13:34:58,KRAS,RG,525,50,D,AZ,CC,D
13:34:33,KRAS,RG,525,125,D,AZ,CP,D
13:34:33,KRAS,RG,525,300,D,TP,CP,D
13:34:33,KRAS,RG,525,10,D,PD,CP,D
13:34:33,KRAS,RG,525,100,D,OD,CP,D
13:34:33,KRAS,RG,525,15,D,NI,CP,D
13:34:33,KRAS,RG,525,25,D,PD,CP,D
13:34:33,KRAS,RG,525,10,D,KK,CP,D
13:34:33,KRAS,RG,525,3,D,YP,CP,D
13:34:33,KRAS,RG,525,100,D,YP,CP,D
13:34:33,KRAS,RG,525,1,D,DH,CP,D
13:34:33,KRAS,RG,525,1,D,XC,CP,D
13:34:33,KRAS,RG,525,10,D,PD,CP,D
13:34:33,KRAS,RG,525,1,D,DH,CP,D
13:34:33,KRAS,RG,525,1,D,NI,CP,D
13:34:33,KRAS,RG,525,3,D,CC,CP,D
13:34:33,KRAS,RG,525,100,D,PD,CP,D
13:34:33,KRAS,RG,525,20,D,XC,CP,D
13:34:33,KRAS,RG,525,20,D,OD,CP,D
13:34:33,KRAS,RG,525,135,D,PD,CP,D
13:34:33,KRAS,RG,525,15,D,PD,AG,D
13:34:33,KRAS,RG,525,55,D,CD,AG,D
13:34:30,KRAS,RG,525,95,D,CD,AT,D
13:34:30,KRAS,RG,525,40,D,NI,AT,D
13:34:30,KRAS,RG,525,200,D,YP,AT,D
13:34:30,KRAS,RG,525,30,D,XC,AT,D
13:34:30,KRAS,RG,525,10,D,ZP,AT,D
13:34:30,KRAS,RG,525,10,D,GR,AT,D
13:34:30,KRAS,RG,525,50,D,YP,AT,D
13:34:30,KRAS,RG,525,10,D,ZP,AT,D
13:34:30,KRAS,RG,525,1,D,NI,AT,D
13:34:30,KRAS,RG,525,5,D,CC,AT,D
13:34:30,KRAS,RG,525,25,D,YP,AT,D
13:34:30,KRAS,RG,525,20,D,PD,AT,D
13:34:30,KRAS,RG,525,200,D,YP,AT,D
13:34:30,KRAS,RG,525,2,D,DX,AT,D
13:34:30,KRAS,RG,525,1,D,XC,AT,D
13:34:30,KRAS,RG,525,50,D,PD,AT,D
13:34:30,KRAS,RG,525,20,D,EP,AT,D
13:34:30,KRAS,RG,525,25,D,NI,AT,D
13:34:30,KRAS,RG,525,15,D,PD,AT,D
13:34:30,KRAS,RG,525,100,D,KK,AT,D
13:34:30,KRAS,RG,525,1,D,PD,AT,D
13:34:30,KRAS,RG,525,90,D,YP,AT,D
13:34:25,KRAS,RG,525,10,D,YP,PD,D
13:34:25,KRAS,RG,525,100,D,NI,PD,D
13:34:25,KRAS,RG,525,250,D,KK,PD,D
13:34:25,KRAS,RG,525,1,D,XC,PD,D
13:34:25,KRAS,RG,525,39,D,YP,PD,D
13:34:21,KRAS,RG,525,1473,D,YP,YP,D
13:34:21,KRAS,RG,525,20,D,DH,YP,D
13:34:21,KRAS,RG,525,10,D,PD,YP,D
13:34:21,KRAS,RG,525,25,D,SQ,YP,D
13:34:21,KRAS,RG,525,7,D,NI,YP,D
13:34:21,KRAS,RG,525,10,D,CC,YP,D
13:34:21,KRAS,RG,525,1,D,PD,YP,D
13:34:21,KRAS,RG,525,30,D,NI,YP,D
13:34:21,KRAS,RG,525,1,D,XC,YP,D
13:34:21,KRAS,RG,525,10,D,PD,YP,D
13:34:21,KRAS,RG,525,50,D,PD,YP,D
13:34:21,KRAS,RG,525,50,D,GR,YP,D
13:34:21,KRAS,RG,525,150,D,CC,YP,D
13:34:21,KRAS,RG,525,5,D,AZ,YP,D
13:34:21,KRAS,RG,525,5,D,CC,YP,D
13:34:21,KRAS,RG,525,383,D,DR,YP,D
13:34:17,KRAS,RG,525,2,D,DR,YP,D
13:34:13,KRAS,RG,525,100,D,DR,CC,D
13:34:11,KRAS,RG,525,15,D,DR,OD,D
13:34:11,KRAS,RG,525,170,D,LG,OD,D
13:33:53,KRAS,RG,525,5,D,LG,XC,D
13:33:49,KRAS,RG,525,10,D,LG,XC,D
13:33:47,KRAS,RG,525,43,D,LG,DH,D
13:33:29,KRAS,RG,525,25,D,LG,CC,D
13:33:26,KRAS,RG,525,72,D,LG,PD,D
13:33:26,KRAS,RG,525,100,D,PD,PD,D
13:33:26,KRAS,RG,525,5,D,PD,PD,D
13:33:26,KRAS,RG,525,20,D,DH,PD,D
13:33:26,KRAS,RG,525,1,D,XC,PD,D
13:33:26,KRAS,RG,525,36,D,NI,PD,D
13:33:18,KRAS,RG,525,20,D,NI,YP,D
13:33:18,KRAS,RG,525,380,D,PD,YP,D
13:33:09,KRAS,RG,525,50,D,PD,YP,D
13:32:45,KRAS,RG,525,70,D,PD,DX,D
13:32:45,KRAS,RG,525,5,D,YP,DX,D
13:32:45,KRAS,RG,525,1,D,DH,DX,D
13:32:45,KRAS,RG,525,1,D,PD,DX,D
13:32:45,KRAS,RG,525,1,D,PD,DX,D
13:32:45,KRAS,RG,525,4,D,XC,DX,D
13:32:45,KRAS,RG,525,25,D,CC,DX,D
13:32:45,KRAS,RG,525,1,D,XC,DX,D
13:32:45,KRAS,RG,525,2,D,RG,DX,D
13:32:45,KRAS,RG,525,5,D,NI,DX,D
13:32:45,KRAS,RG,525,10,D,PD,DX,D
13:32:45,KRAS,RG,525,100,D,KK,DX,D
13:32:45,KRAS,RG,525,100,D,YP,DX,D
13:32:45,KRAS,RG,525,5,D,PD,DX,D
13:32:45,KRAS,RG,525,44,D,GR,DX,D
13:32:45,KRAS,RG,525,146,D,GR,DX,D
13:32:45,KRAS,RG,525,25,D,XC,DX,D
13:32:45,KRAS,RG,525,3,D,YP,DX,D
13:32:45,KRAS,RG,525,57,D,XC,DX,D
13:32:45,KRAS,RG,525,8,D,PD,DX,D
13:32:45,KRAS,RG,525,233,D,XC,DX,D
13:32:45,KRAS,RG,525,1,D,GR,DX,D
13:32:45,KRAS,RG,525,5,D,PD,DX,D
13:32:45,KRAS,RG,525,50,D,PD,DX,D
13:32:45,KRAS,RG,525,1,D,PD,DX,D
13:32:45,KRAS,RG,525,5,D,CC,DX,D
13:32:45,KRAS,RG,525,1,D,XC,DX,D
13:32:45,KRAS,RG,525,10,D,CC,DX,D
13:32:45,KRAS,RG,525,20,D,PD,DX,D
13:32:45,KRAS,RG,525,50,D,KK,DX,D
13:32:45,KRAS,RG,525,20,D,DH,DX,D
13:32:45,KRAS,RG,525,9,D,KK,DX,D
13:32:41,KRAS,RG,525,51,D,KK,DX,D
13:32:41,KRAS,RG,525,50,D,OD,DX,D
13:32:41,KRAS,RG,525,38,D,NI,DX,D
13:32:41,KRAS,RG,525,2,D,GR,DX,D
13:32:41,KRAS,RG,525,5,D,OD,DX,D
13:32:41,KRAS,RG,525,1,D,CC,DX,D
13:32:41,KRAS,RG,525,2,D,KK,DX,D
13:32:41,KRAS,RG,525,378,D,CC,DX,D
13:32:33,KRAS,RG,525,22,D,CC,YP,D
13:32:33,KRAS,RG,525,1,D,XC,YP,D
13:32:33,KRAS,RG,525,6,D,YP,YP,D
13:32:26,KRAS,RG,525,20,D,YP,NI,D
13:32:24,KRAS,RG,525,1,D,YP,DR,D
13:32:22,KRAS,RG,530,5,D,CC,CP,D
13:32:22,KRAS,RG,525,40,D,YP,PD,D
13:32:05,KRAS,RG,530,25,D,YP,CP,D
13:32:03,KRAS,RG,525,5,D,YP,CC,D
13:31:54,KRAS,RG,525,92,D,YP,NI,D
13:31:54,KRAS,RG,525,30,D,YP,XC,D
13:31:47,KRAS,RG,530,10,D,PD,CP,D
13:31:44,KRAS,RG,530,1,D,YB,CP,D
13:31:37,KRAS,RG,525,10,D,YP,CC,D
13:31:31,KRAS,RG,525,9,D,YP,CC,D
13:31:16,KRAS,RG,525,1,D,YP,CC,D
13:31:14,KRAS,RG,525,6,D,YP,XC,D
13:30:55,KRAS,RG,525,50,D,YP,YP,D
13:30:45,KRAS,RG,530,18,D,NI,CP,D
13:30:21,KRAS,RG,530,4,D,LS,CP,D
13:30:20,KRAS,RG,530,5,D,PD,CP,D
13:30:19,KRAS,RG,525,200,D,YP,YP,D
13:30:17,KRAS,RG,530,10,D,NI,CP,D
13:30:10,KRAS,RG,530,100,D,CC,CP,D
13:30:09,KRAS,RG,525,11,D,YP,PD,D
13:30:09,KRAS,RG,530,1,D,XC,CP,D
13:30:08,KRAS,RG,530,3,D,YP,CP,D
13:30:08,KRAS,RG,530,3,D,PD,CP,D
13:30:08,KRAS,RG,530,2,D,CC,CP,D
13:30:07,KRAS,RG,530,2,D,XC,CP,D
13:30:07,KRAS,RG,530,27,D,PD,CP,D
13:30:07,KRAS,RG,530,5,D,PD,CP,D
13:30:07,KRAS,RG,530,20,D,XC,CP,D
13:30:07,KRAS,RG,530,1,D,XC,CP,D
13:30:07,KRAS,RG,530,5,D,PD,CP,D
13:30:07,KRAS,RG,525,6,D,YP,EP,D
13:30:06,KRAS,RG,530,8,D,PD,CP,D
13:30:06,KRAS,RG,530,29,D,SQ,CP,D
13:30:06,KRAS,RG,530,1,D,PD,CP,D
13:30:06,KRAS,RG,530,10,D,YP,CP,D
13:30:05,KRAS,RG,530,20,D,PD,CP,D
13:30:05,KRAS,RG,530,380,D,PD,CC,D
13:30:05,KRAS,RG,530,100,D,CC,CC,D
13:30:05,KRAS,RG,530,5,D,XC,CC,D
13:30:05,KRAS,RG,530,15,D,PD,CC,D
13:30:05,KRAS,RG,530,100,D,PD,CC,D
13:30:05,KRAS,RG,530,5,D,PD,KK,D
13:30:05,KRAS,RG,530,30,D,PD,YP,D
13:30:05,KRAS,RG,530,10,D,SQ,YP,D
13:30:05,KRAS,RG,525,13,D,YP,YP,D
13:30:05,KRAS,RG,525,1,D,PD,YP,D
13:30:05,KRAS,RG,525,67,D,DH,YP,D
13:30:05,KRAS,RG,525,1,D,DH,YP,D
13:30:05,KRAS,RG,525,10,D,SQ,YP,D
13:30:05,KRAS,RG,525,10,D,NI,YP,D
13:30:05,KRAS,RG,525,100,D,XA,YP,D
13:30:05,KRAS,RG,525,1,D,XC,YP,D
13:30:05,KRAS,RG,525,10,D,YP,YP,D
13:30:05,KRAS,RG,525,25,D,YP,YP,D
13:30:05,KRAS,RG,525,12,D,DH,YP,D
13:30:05,KRAS,RG,525,5,D,YP,YP,D
13:30:05,KRAS,RG,525,100,D,YP,YP,D
13:30:05,KRAS,RG,525,12,D,PD,YP,D
13:30:05,KRAS,RG,525,7,D,XC,YP,D
13:30:05,KRAS,RG,525,100,D,OD,YP,D
13:30:05,KRAS,RG,525,10,D,PD,YP,D
13:30:05,KRAS,RG,525,1,D,XC,YP,D
13:30:05,KRAS,RG,525,15,D,HP,YP,D
13:30:05,KRAS,RG,530,5,D,YP,YP,D
13:30:05,KRAS,RG,530,5,D,XC,YP,D
13:30:05,KRAS,RG,525,3,D,HP,DH,D
13:30:04,KRAS,RG,530,1,D,DH,YP,D
13:30:04,KRAS,RG,530,5,D,PD,YP,D
13:30:04,KRAS,RG,530,1,D,PD,YP,D
13:30:04,KRAS,RG,530,10,D,YB,YP,D
13:30:04,KRAS,RG,530,10,D,YU,YP,D
13:30:04,KRAS,RG,525,57,D,HP,ZP,D
13:30:04,KRAS,RG,525,5,D,XC,ZP,D
13:30:04,KRAS,RG,525,3,D,CC,ZP,D
13:30:04,KRAS,RG,525,10,D,YB,ZP,D
13:30:04,KRAS,RG,525,10,D,YB,ZP,D
13:30:04,KRAS,RG,525,100,D,CP,ZP,D
13:30:04,KRAS,RG,525,9,D,NI,ZP,D
13:30:04,KRAS,RG,525,5,D,DR,ZP,D
13:30:04,KRAS,RG,525,1,D,PD,ZP,D
13:30:03,KRAS,RG,530,1,D,XC,YP,D
13:30:03,KRAS,RG,525,4,D,PD,XC,D
13:30:03,KRAS,RG,525,3,D,XC,XC,D
13:30:03,KRAS,RG,525,1,D,PD,XC,D
13:30:03,KRAS,RG,525,2,D,RG,XC,D
13:30:03,KRAS,RG,525,8,D,RG,PD,D
13:30:03,KRAS,RG,525,3,D,XC,PD,D
13:30:03,KRAS,RG,525,100,D,PD,PD,D
13:30:03,KRAS,RG,525,10,D,PD,PD,D
13:30:03,KRAS,RG,525,2,D,XC,PD,D
13:30:03,KRAS,RG,525,5,D,CC,PD,D
13:30:03,KRAS,RG,525,5,D,PD,PD,D
13:30:03,KRAS,RG,525,1,D,HP,PD,D
13:30:03,KRAS,RG,525,3,D,PD,PD,D
13:30:03,KRAS,RG,525,1,D,XC,PD,D
13:30:03,KRAS,RG,525,10,D,PD,PD,D
13:30:03,KRAS,RG,525,20,D,XC,PD,D
13:30:03,KRAS,RG,525,10,D,DH,PD,D
13:30:03,KRAS,RG,525,5,D,XC,PD,D
13:30:03,KRAS,RG,525,2,D,NI,PD,D
13:30:03,KRAS,RG,525,6,D,NI,PD,D
13:30:03,KRAS,RG,525,5,D,CC,PD,D
13:30:03,KRAS,RG,525,85,D,CC,PD,D
13:30:03,KRAS,RG,530,10,D,XC,YP,D
13:30:03,KRAS,RG,530,1,D,GR,YP,D
13:30:03,KRAS,RG,530,11,D,EP,YP,D
13:30:03,KRAS,RG,530,15,D,EP,SQ,D
13:30:03,KRAS,RG,530,72,D,EP,YP,D
13:30:03,KRAS,RG,530,20,D,EP,PD,D
13:30:03,KRAS,RG,530,10,D,EP,PD,D
13:30:03,KRAS,RG,530,1,D,EP,XC,D
13:30:03,KRAS,RG,530,71,D,EP,AT,D
13:30:03,KRAS,RG,530,20,D,EP,AT,D
13:30:03,KRAS,RG,525,5,D,CC,XC,D
13:30:03,KRAS,RG,525,5,D,CC,AZ,D
13:30:03,KRAS,RG,525,1,D,XC,AZ,D
13:30:03,KRAS,RG,525,10,D,AT,AZ,D
13:30:03,KRAS,RG,525,2,D,KK,AZ,D
13:30:03,KRAS,RG,525,7,D,YP,AZ,D
13:30:02,KRAS,RG,525,193,D,YP,DR,D
13:30:02,KRAS,RG,525,40,D,CC,DR,D
13:30:02,KRAS,RG,525,100,D,YP,DR,D
13:30:02,KRAS,RG,525,20,D,YU,DR,D
13:30:02,KRAS,RG,525,1,D,PD,DR,D
13:30:02,KRAS,RG,525,20,D,DR,DR,D
13:30:02,KRAS,RG,525,20,D,EP,DR,D
13:30:02,KRAS,RG,525,1,D,XC,DR,D
13:30:02,KRAS,RG,525,10,D,CC,DR,D
13:30:02,KRAS,RG,525,10,D,YP,DR,D
13:30:02,KRAS,RG,525,10,D,DH,DR,D
13:30:02,KRAS,RG,525,10,D,XC,DR,D
13:30:02,KRAS,RG,525,5,D,CC,DR,D
13:30:02,KRAS,RG,525,5,D,YP,DR,D
13:30:02,KRAS,RG,525,2,D,XC,DR,D
13:30:02,KRAS,RG,525,20,D,DH,DR,D
13:30:02,KRAS,RG,525,2,D,XC,DR,D
13:30:02,KRAS,RG,525,10,D,YP,DR,D
13:30:02,KRAS,RG,525,1,D,YP,DR,D
13:30:02,KRAS,RG,525,10,D,NI,DR,D
13:30:02,KRAS,RG,525,50,D,DH,DR,D
13:30:02,KRAS,RG,525,30,D,PD,DR,D
13:30:02,KRAS,RG,525,23,D,NI,DR,D
13:30:02,KRAS,RG,525,10,D,PD,DR,D
13:30:02,KRAS,RG,525,5,D,CC,DR,D
13:30:02,KRAS,RG,525,100,D,CC,DR,D
13:30:02,KRAS,RG,525,50,D,YP,DR,D
13:30:02,KRAS,RG,525,2,D,DH,DR,D
13:30:02,KRAS,RG,525,5,D,CC,DR,D
13:30:02,KRAS,RG,525,100,D,AT,DR,D
13:30:02,KRAS,RG,525,1,D,XC,DR,D
13:30:02,KRAS,RG,525,134,D,OD,DR,D
11:29:58,KRAS,RG,530,20,D,PD,AT,D
11:29:42,KRAS,RG,525,116,D,OD,DX,D
11:29:42,KRAS,RG,525,39,D,DH,DX,D
11:29:42,KRAS,RG,525,10,D,YP,DX,D
11:29:42,KRAS,RG,525,1,D,NI,DX,D
11:29:42,KRAS,RG,525,1,D,CC,DX,D
11:29:42,KRAS,RG,525,20,D,GR,DX,D
11:29:42,KRAS,RG,525,2,D,XC,DX,D
11:29:42,KRAS,RG,525,50,D,YP,DX,D
11:29:42,KRAS,RG,525,1,D,PD,DX,D
11:29:42,KRAS,RG,525,10,D,KK,DX,D
11:29:42,KRAS,RG,525,1,D,XA,DX,D
11:29:42,KRAS,RG,525,215,D,LS,DX,D
11:29:33,KRAS,RG,525,15,D,LS,PD,D
11:29:32,KRAS,RG,525,628,D,LS,DX,D
11:29:30,KRAS,RG,525,142,D,LS,DX,D
11:29:30,KRAS,RG,525,200,D,PD,DX,D
11:29:30,KRAS,RG,525,1,D,KK,DX,D
11:29:30,KRAS,RG,525,5,D,NI,DX,D
11:29:30,KRAS,RG,525,20,D,NI,DX,D
11:29:30,KRAS,RG,525,8,D,SQ,DX,D
11:29:24,KRAS,RG,525,1,D,PD,XC,D
11:29:12,KRAS,RG,530,25,D,XC,AT,D
11:28:55,KRAS,RG,530,10,D,DH,AT,D
11:28:30,KRAS,RG,530,1,D,NI,AT,D
11:28:16,KRAS,RG,525,1,D,PD,KK,D
11:28:16,KRAS,RG,525,9,D,YP,KK,D
11:27:50,KRAS,RG,525,16,D,YP,XC,D
11:27:50,KRAS,RG,525,11,D,CC,XC,D
11:27:49,KRAS,RG,530,1000,D,YP,AT,D
11:27:41,KRAS,RG,530,2,D,PD,AT,D
11:27:33,KRAS,RG,530,2,D,PD,AT,D
11:27:05,KRAS,RG,525,189,D,CC,DX,D
11:27:05,KRAS,RG,525,1,D,OD,DX,D
11:27:05,KRAS,RG,525,50,D,KK,DX,D
11:27:05,KRAS,RG,525,25,D,PD,DX,D
11:27:05,KRAS,RG,525,10,D,OD,DX,D
11:27:05,KRAS,RG,525,2,D,XC,DX,D
11:27:05,KRAS,RG,525,25,D,PD,DX,D
11:27:05,KRAS,RG,525,1,D,CC,DX,D
11:27:05,KRAS,RG,525,5,D,CC,DX,D
11:27:05,KRAS,RG,525,20,D,XC,DX,D
11:27:05,KRAS,RG,525,283,D,DH,DX,D
11:26:52,KRAS,RG,525,1,D,DH,CC,D
11:26:49,KRAS,RG,525,216,D,DH,DX,D
11:26:49,KRAS,RG,525,20,D,YP,DX,D
11:26:49,KRAS,RG,525,1,D,XC,DX,D
11:26:49,KRAS,RG,525,20,D,PD,DX,D
11:26:49,KRAS,RG,525,10,D,CC,DX,D
11:26:49,KRAS,RG,525,10,D,YP,DX,D
11:26:49,KRAS,RG,525,5,D,XC,DX,D
11:26:49,KRAS,RG,525,2,D,XC,DX,D
11:26:49,KRAS,RG,525,100,D,YP,DX,D
11:26:49,KRAS,RG,525,37,D,YP,DX,D
11:26:49,KRAS,RG,525,1,D,NI,DX,D
11:26:49,KRAS,RG,525,9,D,PD,DX,D
11:26:49,KRAS,RG,525,3,D,YP,DX,D
11:26:49,KRAS,RG,525,5,D,CC,DX,D
11:26:49,KRAS,RG,525,10,D,PD,DX,D
11:26:49,KRAS,RG,525,1,D,NI,DX,D
11:26:49,KRAS,RG,525,134,D,XC,DX,D
11:26:45,KRAS,RG,525,20,D,XC,CC,D
11:26:44,KRAS,RG,530,10,D,XC,AT,D
11:26:44,KRAS,RG,525,485,D,XC,DX,D
11:26:43,KRAS,RG,525,2,D,XC,KK,D
11:26:12,KRAS,RG,530,15,D,XC,AT,D
11:26:08,KRAS,RG,530,1824,D,GR,AT,D
11:26:08,KRAS,RG,530,15,D,GR,ZP,F
11:26:08,KRAS,RG,530,161,D,GR,CP,D
11:25:44,KRAS,RG,530,2,D,YP,CP,D
11:25:33,KRAS,RG,525,25,D,XC,CC,D
11:25:29,KRAS,RG,525,20,D,XC,YP,D
11:25:02,KRAS,RG,525,35,D,XC,PD,D
11:24:48,KRAS,RG,525,23,D,XC,XC,D
11:24:32,KRAS,RG,530,1,D,NI,CP,D
11:24:27,KRAS,RG,530,300,D,NI,CP,D
11:24:26,KRAS,RG,525,576,D,XC,DX,D
11:24:14,KRAS,RG,525,746,D,XC,DX,D
11:24:06,KRAS,RG,530,2,D,CC,CP,D
11:24:04,KRAS,RG,525,289,D,XC,DX,D
11:24:04,KRAS,RG,525,2,D,NI,DX,D
11:24:04,KRAS,RG,525,2,D,KK,DX,D
11:24:04,KRAS,RG,525,1,D,CC,DX,D
11:24:04,KRAS,RG,525,25,D,OD,DX,D
11:24:04,KRAS,RG,525,158,D,SQ,DX,D
11:24:01,KRAS,RG,525,40,D,SQ,KK,D
11:23:40,KRAS,RG,525,5,D,SQ,RS,D
11:23:34,KRAS,RG,530,2,D,NI,CP,D
11:23:08,KRAS,RG,525,30,D,SQ,PD,D
11:23:08,KRAS,RG,530,2,D,XC,CP,D
11:22:58,KRAS,RG,530,1,D,XC,CP,D
11:22:32,KRAS,RG,530,10,D,DR,CP,D
11:22:32,KRAS,RG,530,1,D,XC,CP,D
11:22:27,KRAS,RG,530,15,D,NI,CP,D
11:22:27,KRAS,RG,530,167,D,LG,CP,D
11:22:27,KRAS,RG,530,40,D,SQ,CP,D
11:22:27,KRAS,RG,530,1,D,XC,CP,D
11:22:27,KRAS,RG,530,117,D,CC,CP,D
11:22:27,KRAS,RG,530,50,D,NI,CP,D
11:22:27,KRAS,RG,530,5,D,XC,CP,D
11:22:27,KRAS,RG,530,1,D,XC,CP,D
11:22:27,KRAS,RG,530,6,D,PD,CP,D
11:22:27,KRAS,RG,530,38,D,CC,CP,D
11:22:27,KRAS,RG,530,78,D,AT,CP,D
11:22:19,KRAS,RG,530,90,D,AT,CC,D
11:22:18,KRAS,RG,530,332,D,AT,YB,D
11:22:18,KRAS,RG,530,100,D,NI,YB,D
11:22:18,KRAS,RG,530,30,D,SQ,YB,D
11:22:18,KRAS,RG,530,100,D,DH,YB,D
11:22:18,KRAS,RG,530,18,D,SQ,YB,D
11:22:18,KRAS,RG,530,7,D,YP,YB,D
11:22:18,KRAS,RG,530,200,D,KK,YB,D
11:22:18,KRAS,RG,530,213,D,YU,YB,D
11:21:59,KRAS,RG,530,100,D,YU,EP,D
11:21:42,KRAS,RG,530,187,D,YU,DX,D
11:21:42,KRAS,RG,530,2,D,KK,DX,D
11:21:42,KRAS,RG,530,200,D,NI,DX,D
11:21:42,KRAS,RG,530,10,D,YP,DX,D
11:21:42,KRAS,RG,530,1,D,XC,DX,D
11:21:42,KRAS,RG,530,4,D,PD,DX,D
11:21:42,KRAS,RG,530,10,D,PD,DX,D
11:21:42,KRAS,RG,530,20,D,LG,DX,D
11:21:42,KRAS,RG,530,2,D,SQ,DX,D
11:21:42,KRAS,RG,530,60,D,YP,DX,D
11:21:34,KRAS,RG,530,4,D,YP,PD,D
11:21:34,KRAS,RG,530,136,D,YP,DX,D
11:21:34,KRAS,RG,530,35,D,PD,DX,D
11:21:34,KRAS,RG,530,60,D,YP,DX,D
11:21:34,KRAS,RG,530,10,D,XC,DX,D
11:21:34,KRAS,RG,530,22,D,PD,DX,D
11:21:34,KRAS,RG,530,50,F,XA,DX,D
11:21:34,KRAS,RG,530,50,D,OD,DX,D
11:21:34,KRAS,RG,530,8,D,NI,DX,D
11:21:34,KRAS,RG,530,50,D,YP,DX,D
11:21:34,KRAS,RG,530,150,D,YP,DX,D
11:21:34,KRAS,RG,530,5,D,YP,DX,D
11:21:34,KRAS,RG,530,134,D,GR,DX,D
11:21:31,KRAS,RG,530,370,D,GR,DX,D
11:21:29,KRAS,RG,530,20,D,GR,CC,D
11:21:21,KRAS,RG,530,1,D,GR,PD,D
11:21:17,KRAS,RG,530,3,D,GR,XC,D
11:21:13,KRAS,RG,530,1,D,GR,PD,D
11:20:35,KRAS,RG,530,20,D,GR,DH,D
11:20:20,KRAS,RG,530,600,D,GR,CC,D
11:20:13,KRAS,RG,530,108,D,GR,CC,D
11:20:04,KRAS,RG,530,3,D,GR,CC,D
11:20:04,KRAS,RG,530,6,D,GR,XC,D
11:20:04,KRAS,RG,530,3,D,GR,PD,D
11:19:54,KRAS,RG,530,4,D,GR,XC,D
11:19:41,KRAS,RG,530,11,D,GR,CC,D
11:19:34,KRAS,RG,530,2,D,GR,PD,D
11:19:00,KRAS,RG,530,478,D,GR,DX,D
11:18:56,KRAS,RG,530,380,D,GR,DX,D
11:18:51,KRAS,RG,530,25,D,GR,YB,D
11:18:48,KRAS,RG,530,231,D,GR,DX,D
11:18:48,KRAS,RG,530,404,D,YP,DX,D
11:18:14,KRAS,RG,530,15,D,YP,BQ,D
11:17:42,KRAS,RG,535,120,D,PD,IF,D
11:17:28,KRAS,RG,530,15,D,YP,YP,D
11:16:23,KRAS,RG,530,25,D,YP,LG,D
11:16:23,KRAS,RG,530,141,D,YP,YP,D
11:16:23,KRAS,RG,530,400,D,YP,DX,D
11:16:23,KRAS,RG,530,60,D,XC,DX,D
11:16:23,KRAS,RG,530,5,D,CC,DX,D
11:16:23,KRAS,RG,530,51,D,LG,DX,D
11:16:14,KRAS,RG,530,453,D,LG,DX,D
11:16:12,KRAS,RG,530,587,D,LG,DX,D
11:15:52,KRAS,RG,530,3,D,LG,KK,D
11:15:42,KRAS,RG,530,10,D,LG,YP,D
11:15:26,KRAS,RG,530,5,D,LG,CC,D
11:15:18,KRAS,RG,530,20,D,LG,CC,D
11:14:26,KRAS,RG,530,9,D,LG,XC,D
11:14:25,KRAS,RG,530,3,D,LG,XC,D
11:14:13,KRAS,RG,530,24,D,LG,CC,D
11:14:10,KRAS,RG,530,100,D,LG,CC,D
11:14:06,KRAS,RG,530,72,D,LG,XC,D
11:14:03,KRAS,RG,530,100,D,LG,CC,D
11:13:41,KRAS,RG,530,649,D,LG,DX,D
11:13:31,KRAS,RG,530,5,D,LG,CC,D
11:13:29,KRAS,RG,530,2,D,LG,OD,D
11:13:28,KRAS,RG,530,557,D,LG,DX,D
11:13:28,KRAS,RG,530,510,D,LG,DX,D
11:12:12,KRAS,RG,530,10,D,LG,YB,D
11:11:59,KRAS,RG,535,1,D,YP,IF,D
11:11:49,KRAS,RG,530,1,D,LG,YP,D
11:11:45,KRAS,RG,535,10,D,KK,IF,D
11:11:15,KRAS,RG,530,1,D,LG,XC,D
11:11:05,KRAS,RG,530,30,D,LG,KK,D
11:10:50,KRAS,RG,535,1,D,IP,IF,D
11:10:46,KRAS,RG,530,30,D,LG,KK,D
11:10:33,KRAS,RG,530,30,D,LG,KK,D
11:10:25,KRAS,RG,530,10,D,LG,CC,F
11:10:25,KRAS,RG,530,1000,D,LG,CP,D
11:10:25,KRAS,RG,530,50,D,LG,YP,D
11:10:25,KRAS,RG,530,487,D,LG,DX,D
11:10:25,KRAS,RG,530,191,D,LG,DX,D
11:10:24,KRAS,RG,530,25,D,YP,DX,D
11:10:17,KRAS,RG,530,492,D,NI,DX,D
11:10:17,KRAS,RG,530,9,D,NI,PD,D
11:10:17,KRAS,RG,530,30,D,NI,YP,D
11:10:17,KRAS,RG,530,469,D,NI,DX,D
11:10:00,KRAS,RG,530,1,D,NI,DX,D
11:09:40,KRAS,RG,530,10,D,PD,DX,D
11:09:38,KRAS,RG,530,10,D,LG,DX,D
11:09:31,KRAS,RG,530,121,D,YU,DX,D
11:09:31,KRAS,RG,530,29,D,YU,CP,D
11:09:23,KRAS,RG,530,100,D,KK,CP,D
11:09:20,KRAS,RG,530,25,D,PD,CP,D
11:09:16,KRAS,RG,530,1000,D,AT,CP,D
11:09:08,KRAS,RG,530,5,D,GR,CP,D
11:08:52,KRAS,RG,530,150,D,YP,CP,D
11:08:39,KRAS,RG,530,7,D,PD,CP,D
11:08:37,KRAS,RG,530,1,D,XC,CP,D
11:08:37,KRAS,RG,530,1,D,XC,CP,D
11:08:37,KRAS,RG,530,682,D,YB,CP,D
11:08:31,KRAS,RG,530,20,D,YB,DR,D
11:08:31,KRAS,RG,530,10,D,YB,CP,D
11:08:27,KRAS,RG,530,68,D,YB,BK,F
11:08:27,KRAS,RG,530,25,D,YB,PD,D
11:08:26,KRAS,RG,530,1000,D,YB,EP,D
11:08:20,KRAS,RG,530,40,D,YB,DR,D
11:08:02,KRAS,RG,530,50,D,YB,GR,D
11:08:02,KRAS,RG,530,1,D,YB,XC,D
11:08:02,KRAS,RG,530,1,D,YB,PD,D
11:08:02,KRAS,RG,530,5,D,YB,PD,D
11:08:02,KRAS,RG,530,1,D,YB,XC,D
11:08:02,KRAS,RG,530,15,D,YB,PD,D
11:08:02,KRAS,RG,530,1,D,YB,XC,D
11:08:02,KRAS,RG,530,30,D,YB,PD,D
11:08:02,KRAS,RG,530,561,D,YB,DX,D
11:08:02,KRAS,RG,530,150,D,YB,NI,D
11:08:02,KRAS,RG,530,712,D,YB,DX,D
11:08:02,KRAS,RG,530,20,D,YB,PD,D
11:08:02,KRAS,RG,530,100,D,YB,CC,D
11:08:02,KRAS,RG,530,414,D,YB,DX,D
11:08:02,KRAS,RG,530,1,D,YB,XC,D
11:08:02,KRAS,RG,530,50,D,YB,XC,D
11:08:02,KRAS,RG,530,22,D,YB,CC,D
11:08:02,KRAS,RG,530,30,D,YB,YP,D
11:08:02,KRAS,RG,530,13,D,YB,PD,D
11:08:02,KRAS,RG,530,25,D,YB,YP,D
11:08:02,KRAS,RG,530,30,D,YB,GR,D
11:08:02,KRAS,RG,530,25,D,YB,CC,D
11:08:02,KRAS,RG,530,20,D,YB,CC,D
11:08:02,KRAS,RG,530,80,D,YB,DH,D
11:08:02,KRAS,RG,530,3,D,YB,EP,D
11:08:02,KRAS,RG,530,1000,D,YB,CP,D
11:08:02,KRAS,RG,530,1,D,YB,DR,D
11:08:02,KRAS,RG,530,170,D,YB,DR,D
11:08:02,KRAS,RG,530,20,D,YB,CC,D
11:08:02,KRAS,RG,530,50,D,YB,CC,D
11:08:02,KRAS,RG,530,25,D,YB,SQ,D
11:08:02,KRAS,RG,530,20,D,YB,PD,D
11:08:02,KRAS,RG,530,784,D,YB,CP,D
11:08:02,KRAS,RG,530,2,D,YB,PD,D
11:08:02,KRAS,RG,530,4,D,YB,XC,D
11:08:02,KRAS,RG,530,10,D,YB,PD,D
11:08:02,KRAS,RG,530,50,D,YB,YP,D
11:08:02,KRAS,RG,530,15,D,YB,KK,D
11:08:02,KRAS,RG,530,15,D,YB,CC,F
11:08:02,KRAS,RG,530,50,D,YB,PD,D
11:08:02,KRAS,RG,530,2,D,YB,YP,D
11:08:02,KRAS,RG,530,89,D,YB,CP,D
11:08:02,KRAS,RG,530,20,D,YB,CC,D
11:08:02,KRAS,RG,530,25,D,YB,CC,D
11:08:02,KRAS,RG,530,10,D,YB,PD,D
11:08:02,KRAS,RG,530,15,D,YB,XC,D
11:08:02,KRAS,RG,530,5,D,YB,YU,D
11:08:02,KRAS,RG,530,100,D,YB,DR,D
11:08:02,KRAS,RG,530,1000,D,YB,YB,D
11:08:02,KRAS,RG,530,50,D,YB,IP,D
11:08:02,KRAS,RG,530,114,D,YB,HP,D
11:08:02,KRAS,RG,530,2000,D,YB,PD,D
11:08:02,KRAS,RG,530,149,D,YB,HP,D
11:07:59,KRAS,RG,525,7,D,SQ,NI,D
11:07:29,KRAS,RG,530,55,D,PD,HP,D
11:07:16,KRAS,RG,530,100,D,AZ,HP,D
11:06:31,KRAS,RG,530,11,D,XC,HP,D
11:06:16,KRAS,RG,525,15,D,SQ,YP,D
11:06:15,KRAS,RG,525,131,D,SQ,YP,D
11:06:07,KRAS,RG,525,10,D,SQ,OD,D
11:06:02,KRAS,RG,530,2,D,XC,HP,D
11:05:51,KRAS,RG,530,566,D,DR,HP,D
11:05:51,KRAS,RG,525,68,D,SQ,XC,D
11:05:49,KRAS,RG,525,95,D,SQ,KK,D
11:05:45,KRAS,RG,525,469,D,SQ,DX,D
11:05:34,KRAS,RG,525,30,D,SQ,CC,D
11:05:32,KRAS,RG,525,6,D,SQ,KK,D
11:05:27,KRAS,RG,525,15,D,SQ,YP,D
11:05:26,KRAS,RG,525,18,D,SQ,YP,F
11:05:25,KRAS,RG,525,722,D,SQ,DX,D
11:05:24,KRAS,RG,525,392,D,SQ,DX,D
11:05:15,KRAS,RG,525,925,D,SQ,NI,D
11:05:09,KRAS,RG,525,50,D,SQ,YU,D
11:04:59,KRAS,RG,525,3,D,SQ,CC,D
11:04:52,KRAS,RG,525,100,D,SQ,GR,D
11:04:51,KRAS,RG,525,20,D,SQ,YP,D
11:04:45,KRAS,RG,530,1,D,IP,HP,D
11:04:44,KRAS,RG,525,2,D,SQ,XC,D
11:04:43,KRAS,RG,525,4,D,SQ,GR,D
11:04:31,KRAS,RG,525,10,D,SQ,OD,D
11:04:28,KRAS,RG,530,200,D,DR,HP,D
11:04:23,KRAS,RG,530,50,D,AZ,HP,D
11:04:08,KRAS,RG,530,1,D,AG,HP,D
11:04:02,KRAS,RG,525,1000,D,SQ,KK,D
11:04:02,KRAS,RG,525,10,D,SQ,CC,D
11:03:56,KRAS,RG,525,60,D,SQ,PD,D
11:03:47,KRAS,RG,525,1,D,SQ,SQ,D
11:03:43,KRAS,RG,530,1,D,IP,HP,D
11:03:32,KRAS,RG,525,10,D,SQ,YP,D
11:03:30,KRAS,RG,525,25,D,SQ,CC,D
11:03:29,KRAS,RG,525,60,D,SQ,CC,D
11:03:15,KRAS,RG,525,50,D,SQ,YP,D
11:03:11,KRAS,RG,525,40,D,SQ,CC,D
11:03:11,KRAS,RG,525,41,D,SQ,XC,D
11:03:08,KRAS,RG,525,1,D,SQ,NI,D
11:03:00,KRAS,RG,525,556,D,SQ,DX,D
11:02:55,KRAS,RG,525,438,D,SQ,DX,D
11:02:53,KRAS,RG,525,14,D,SQ,XC,D
11:02:52,KRAS,RG,525,369,D,SQ,DX,D
11:02:52,KRAS,RG,525,20,D,NI,DX,D
11:02:52,KRAS,RG,525,10,D,YP,DX,D
11:02:52,KRAS,RG,525,2,D,DH,DX,D
11:02:52,KRAS,RG,525,15,D,LG,DX,D
11:02:52,KRAS,RG,525,54,D,KK,DX,D
11:02:52,KRAS,RG,525,9,D,PD,DX,D
11:02:52,KRAS,RG,525,100,D,YP,DX,D
11:02:52,KRAS,RG,525,3,D,PD,DX,D
11:02:50,KRAS,RG,525,12,D,PD,OD,D
11:02:50,KRAS,RG,525,8,D,YP,OD,D
11:02:47,KRAS,RG,525,12,D,YP,XC,D
11:02:47,KRAS,RG,525,3,D,PD,XC,D
11:02:47,KRAS,RG,525,105,D,YJ,XC,D
11:02:43,KRAS,RG,525,380,D,YJ,DX,D
11:02:31,KRAS,RG,525,40,D,YJ,PD,D
11:02:31,KRAS,RG,525,475,D,YJ,CC,D
11:02:31,KRAS,RG,525,6,D,YP,CC,D
11:02:31,KRAS,RG,525,200,D,YP,CC,D
11:02:31,KRAS,RG,525,191,D,PD,CC,D
11:02:31,KRAS,RG,525,190,D,CP,CC,D
11:02:31,KRAS,RG,525,4,D,CC,CC,D
11:02:31,KRAS,RG,525,100,D,TP,CC,D
11:02:31,KRAS,RG,525,19,D,YP,CC,D
11:02:31,KRAS,RG,525,50,D,KK,CC,D
11:02:31,KRAS,RG,525,200,D,GR,CC,D
11:02:31,KRAS,RG,525,1,D,YP,CC,D
11:02:31,KRAS,RG,525,2,D,YP,CC,D
11:02:31,KRAS,RG,525,10,D,OD,CC,D
11:02:31,KRAS,RG,525,1,D,XC,CC,D
11:02:31,KRAS,RG,525,10,D,CC,CC,D
11:02:31,KRAS,RG,525,15,D,YP,CC,D
11:02:31,KRAS,RG,525,25,D,KK,CC,D
11:02:31,KRAS,RG,525,1000,D,ZP,CC,D
11:02:31,KRAS,RG,525,20,D,NI,CC,D
11:02:31,KRAS,RG,525,50,D,XC,CC,D
11:02:31,KRAS,RG,525,1,D,YP,CC,D
11:02:31,KRAS,RG,525,5,D,CC,CC,D
11:02:31,KRAS,RG,525,500,D,SQ,CC,D
11:02:31,KRAS,RG,525,192,D,OD,CC,D
11:02:31,KRAS,RG,525,300,D,CP,CC,D
11:02:31,KRAS,RG,525,30,D,KK,CC,D
11:02:31,KRAS,RG,525,403,D,YU,CC,D
11:02:22,KRAS,RG,525,11,D,YU,CC,D
11:02:22,KRAS,RG,525,10,D,YU,PD,D
11:02:10,KRAS,RG,525,10,D,YU,CC,D
11:01:53,KRAS,RG,525,10,D,YU,PD,D
11:01:40,KRAS,RG,525,100,D,YU,XC,D
11:01:27,KRAS,RG,525,40,D,YU,NI,D
11:01:19,KRAS,RG,525,299,D,YU,YP,D
11:01:09,KRAS,RG,525,72,D,YU,CC,D
11:00:56,KRAS,RG,525,1,D,YU,XC,D
11:00:54,KRAS,RG,530,25,D,NI,DX,D
11:00:50,KRAS,RG,525,25,D,YU,AT,D
11:00:39,KRAS,RG,525,110,D,YU,YP,D
11:00:39,KRAS,RG,530,3,D,CC,DX,D
11:00:35,KRAS,RG,525,40,D,YU,KK,D
11:00:25,KRAS,RG,525,623,D,YU,DX,D
11:00:24,KRAS,RG,525,246,D,YU,KK,D
11:00:24,KRAS,RG,525,20,D,DH,KK,D
11:00:24,KRAS,RG,525,30,D,SQ,KK,D
11:00:24,KRAS,RG,525,5,D,PC,KK,D
11:00:24,KRAS,RG,525,3,D,KK,KK,D
11:00:24,KRAS,RG,525,50,D,NI,KK,D
11:00:24,KRAS,RG,525,51,D,PD,KK,D
11:00:24,KRAS,RG,525,2,D,YP,KK,D
11:00:24,KRAS,RG,525,5,D,YP,KK,D
11:00:24,KRAS,RG,525,5,D,CC,KK,D
11:00:24,KRAS,RG,525,1011,D,YP,KK,D
11:00:18,KRAS,RG,525,25,D,YP,EP,D
11:00:04,KRAS,RG,525,513,D,YP,DX,D
10:59:51,KRAS,RG,525,29,D,YP,EP,D
10:59:42,KRAS,RG,530,135,D,NI,DX,D
10:59:42,KRAS,RG,530,15,D,NI,XC,D
10:59:35,KRAS,RG,530,1,D,DH,XC,D
10:59:25,KRAS,RG,530,28,D,NI,XC,D
10:59:25,KRAS,RG,530,15,D,NI,CC,F
10:59:25,KRAS,RG,530,13,D,NI,YP,D
10:59:24,KRAS,RG,525,50,D,YP,CC,D
10:59:24,KRAS,RG,525,20,D,YP,YP,D
10:58:50,KRAS,RG,525,352,D,YP,KK,D
10:58:50,KRAS,RG,525,200,D,YU,KK,D
10:58:50,KRAS,RG,525,30,D,DH,KK,D
10:58:50,KRAS,RG,525,225,D,EP,KK,D
10:58:50,KRAS,RG,525,20,D,DR,KK,D
10:58:50,KRAS,RG,525,20,D,YP,KK,D
10:58:50,KRAS,RG,525,10,D,CC,KK,D
10:58:50,KRAS,RG,525,5,D,YP,KK,D
10:58:50,KRAS,RG,525,1,D,XC,KK,D
10:58:50,KRAS,RG,525,100,D,CP,KK,D
10:58:50,KRAS,RG,525,437,D,IP,KK,D
10:58:33,KRAS,RG,525,1000,D,IP,PD,D
10:58:32,KRAS,RG,525,1,D,IP,XC,D
10:58:11,KRAS,RG,525,100,D,IP,YP,D
10:58:11,KRAS,RG,525,1,D,IP,XC,D
10:58:06,KRAS,RG,525,387,D,IP,SQ,D
10:57:56,KRAS,RG,525,15,D,IP,EP,D
10:57:42,KRAS,RG,525,750,D,IP,NI,D
10:57:38,KRAS,RG,525,309,D,IP,DX,D
10:57:38,KRAS,RG,525,10,D,PD,DX,D
10:57:38,KRAS,RG,525,100,D,XA,DX,D
10:57:38,KRAS,RG,525,2,D,CC,DX,D
10:57:38,KRAS,RG,525,114,D,HP,DX,D
10:57:30,KRAS,RG,525,461,D,HP,DX,D
10:57:24,KRAS,RG,530,51,D,NI,BK,F
10:57:24,KRAS,RG,530,22,D,NI,CC,F
10:57:24,KRAS,RG,530,27,D,NI,CC,D
10:57:22,KRAS,RG,525,675,D,HP,DX,D
10:57:22,KRAS,RG,525,50,D,YP,DX,D
10:57:22,KRAS,RG,525,1,D,PD,DX,D
10:57:22,KRAS,RG,525,6,D,CC,DX,D
10:57:10,KRAS,RG,530,50,D,EP,CC,D
10:57:05,KRAS,RG,525,2,D,CC,KK,D
10:56:46,KRAS,RG,530,1,D,CC,CC,D
10:56:46,KRAS,RG,530,10,D,PD,CC,D
10:56:46,KRAS,RG,530,50,D,XC,CC,D
10:56:46,KRAS,RG,530,25,D,NI,CC,D
10:56:46,KRAS,RG,530,238,D,YP,CC,D
10:56:31,KRAS,RG,530,19,D,YP,PD,D
10:56:13,KRAS,RG,530,100,D,YP,YJ,D
10:56:09,KRAS,RG,530,1,D,YP,KK,D
10:55:50,KRAS,RG,530,142,D,YP,KK,D
10:55:50,KRAS,RG,530,114,D,CP,KK,D
10:55:49,KRAS,RG,530,15,D,CP,YU,D
10:55:45,KRAS,RG,530,13,D,CP,NI,D
10:55:38,KRAS,RG,530,58,D,CP,YJ,D
10:55:38,KRAS,RG,530,5,D,PD,YJ,D
10:55:38,KRAS,RG,530,5,D,CC,YJ,D
10:55:38,KRAS,RG,530,50,D,YP,YJ,D
10:55:38,KRAS,RG,530,100,D,SQ,YJ,D
10:55:38,KRAS,RG,530,382,D,YP,YJ,D
10:55:29,KRAS,RG,530,12,D,YP,YP,D
10:55:22,KRAS,RG,530,13,D,YP,LG,D
10:55:19,KRAS,RG,530,7,D,YP,XC,D
10:54:59,KRAS,RG,530,110,D,YP,DH,D
10:54:59,KRAS,RG,530,1,D,YP,XC,D
10:54:52,KRAS,RG,530,93,D,YP,DX,D
10:54:52,KRAS,RG,530,25,D,YP,DX,D
10:54:52,KRAS,RG,530,345,D,PD,DX,D
10:54:47,KRAS,RG,530,649,D,PD,DX,D
10:54:45,KRAS,RG,530,6,D,PD,DX,D
10:54:45,KRAS,RG,530,20,D,OD,DX,D
10:54:45,KRAS,RG,530,5,D,DH,DX,D
10:54:45,KRAS,RG,530,100,D,YP,DX,D
10:54:45,KRAS,RG,530,1,D,PD,DX,D
10:54:45,KRAS,RG,530,2,D,XC,DX,D
10:54:45,KRAS,RG,530,200,D,PD,DX,D
10:54:45,KRAS,RG,530,10,D,PD,DX,D
10:54:45,KRAS,RG,530,6,D,HP,DX,D
10:54:45,KRAS,RG,530,85,D,CC,DX,D
10:54:44,KRAS,RG,530,500,D,CC,YP,D
10:54:42,KRAS,RG,530,1,D,CC,KK,D
10:54:35,KRAS,RG,530,201,D,CC,CC,D
10:54:14,KRAS,RG,530,18,D,CC,NI,D
10:53:47,KRAS,RG,530,9,D,CC,KK,D
10:53:36,KRAS,RG,530,20,D,CC,AZ,D
10:53:05,KRAS,RG,530,10,D,CC,DH,D
10:53:01,KRAS,RG,535,10,D,YP,IF,D
10:52:56,KRAS,RG,530,10,D,CC,CC,D
10:52:45,KRAS,RG,530,1,D,CC,XC,D
10:52:25,KRAS,RG,530,13,D,CC,EP,D
10:52:18,KRAS,RG,530,3,D,CC,CC,D
10:52:16,KRAS,RG,530,2,D,CC,XC,D
10:52:14,KRAS,RG,530,254,D,CC,DX,D
10:52:14,KRAS,RG,530,2,D,YB,DX,D
10:52:14,KRAS,RG,530,5,D,YP,DX,D
10:52:14,KRAS,RG,530,3,D,LG,DX,D
10:52:14,KRAS,RG,530,8,D,PD,DX,D
10:52:14,KRAS,RG,530,322,D,XC,DX,D
10:52:10,KRAS,RG,530,128,D,XC,DX,D
10:52:10,KRAS,RG,530,9,D,XC,DX,D
10:52:10,KRAS,RG,530,409,D,EL,DX,D
10:52:10,KRAS,RG,530,133,D,EL,XC,D
10:52:05,KRAS,RG,530,1,D,EL,XC,D
10:52:04,KRAS,RG,530,394,D,EL,DX,D
10:52:03,KRAS,RG,530,38,D,EL,DH,D
10:51:50,KRAS,RG,530,5,D,EL,CC,D
10:51:42,KRAS,RG,530,1,D,EL,CC,D
10:51:35,KRAS,RG,530,19,D,EL,EP,D
10:51:35,KRAS,RG,530,1,D,YP,EP,D
10:51:30,KRAS,RG,535,4,D,HP,IF,D
10:51:20,KRAS,RG,530,49,D,YP,HP,D
10:51:20,KRAS,RG,530,1,D,PD,HP,D
10:51:20,KRAS,RG,530,10,D,KK,HP,D
10:51:20,KRAS,RG,530,40,D,MG,HP,D
10:51:06,KRAS,RG,530,25,D,MG,YP,D
10:50:53,KRAS,RG,530,25,D,MG,YP,D
10:50:49,KRAS,RG,530,1,D,MG,LG,D
10:50:45,KRAS,RG,530,1,D,MG,XC,D
10:50:43,KRAS,RG,530,5,D,MG,PD,D
10:50:43,KRAS,RG,530,103,D,MG,YP,D
10:50:43,KRAS,RG,530,1,D,PD,YP,D
10:50:43,KRAS,RG,530,20,D,PD,YP,D
10:50:43,KRAS,RG,530,1,D,CC,YP,D
10:50:43,KRAS,RG,530,50,D,KK,YP,D
10:50:43,KRAS,RG,530,100,D,KK,YP,D
10:50:43,KRAS,RG,530,5,D,SQ,YP,D
10:50:43,KRAS,RG,530,1,D,XC,YP,D
10:50:43,KRAS,RG,530,200,D,KK,YP,D
10:50:43,KRAS,RG,530,2,D,DX,YP,D
10:50:43,KRAS,RG,530,1,D,XC,YP,D
10:50:43,KRAS,RG,530,6,D,EP,YP,D
10:50:43,KRAS,RG,530,5,D,YP,YP,D
10:50:43,KRAS,RG,530,500,D,CC,YP,D
10:50:43,KRAS,RG,530,2,D,XC,YP,D
10:50:43,KRAS,RG,530,20,D,CC,YP,D
10:50:43,KRAS,RG,530,1,D,PD,YP,D
10:50:43,KRAS,RG,530,200,D,YB,YP,D
10:50:43,KRAS,RG,530,80,D,NI,YP,D
10:50:43,KRAS,RG,530,200,D,PD,YP,D
10:50:43,KRAS,RG,530,20,D,YP,YP,D
10:50:43,KRAS,RG,530,1,D,XC,YP,D
10:50:43,KRAS,RG,530,1,D,XC,YP,D
10:50:43,KRAS,RG,530,1,D,YP,YP,D
10:50:43,KRAS,RG,530,39,D,PD,YP,D
10:50:43,KRAS,RG,530,25,D,YP,YP,D
10:50:43,KRAS,RG,530,5,D,CC,YP,D
10:50:43,KRAS,RG,530,3116,D,MG,YP,D
10:50:42,KRAS,RG,530,4,D,MG,NI,D
10:50:35,KRAS,RG,530,200,D,MG,AZ,D
10:50:14,KRAS,RG,530,100,D,MG,PD,D
10:50:12,KRAS,RG,530,10,D,MG,YP,D
10:50:02,KRAS,RG,530,1570,D,MG,MG,D
10:50:02,KRAS,RG,530,30,D,YP,MG,D
10:50:02,KRAS,RG,530,38,D,YP,MG,D
10:50:02,KRAS,RG,530,51,D,PD,MG,D
10:50:02,KRAS,RG,530,300,D,CC,MG,D
10:50:02,KRAS,RG,530,20,D,PD,MG,D
10:50:02,KRAS,RG,530,104,D,CC,MG,D
10:50:02,KRAS,RG,530,2,D,NI,MG,D
10:50:02,KRAS,RG,530,1,D,LG,MG,D
10:50:02,KRAS,RG,530,5,D,CC,MG,D
10:50:02,KRAS,RG,530,50,D,DR,MG,D
10:50:02,KRAS,RG,530,10,D,YP,MG,D
10:50:02,KRAS,RG,530,5,D,YP,MG,D
10:50:02,KRAS,RG,530,50,D,PD,MG,D
10:50:02,KRAS,RG,530,10,D,YP,MG,D
10:50:02,KRAS,RG,530,10,D,CC,MG,D
10:50:02,KRAS,RG,530,100,D,CC,MG,D
10:50:02,KRAS,RG,530,6,D,XC,MG,D
10:50:02,KRAS,RG,530,10,D,XC,MG,D
10:50:02,KRAS,RG,530,50,D,YP,MG,D
10:50:02,KRAS,RG,530,10,D,CC,MG,D
10:50:02,KRAS,RG,530,100,D,PD,MG,D
10:50:02,KRAS,RG,530,239,D,PD,MG,D
10:50:02,KRAS,RG,530,10,D,YP,MG,D
10:50:02,KRAS,RG,530,1,D,YP,MG,D
10:50:02,KRAS,RG,530,2,D,YB,MG,D
10:50:02,KRAS,RG,530,1,D,YB,MG,D
10:50:02,KRAS,RG,530,5,D,DX,MG,D
10:50:02,KRAS,RG,530,2,D,KK,MG,D
10:50:02,KRAS,RG,530,1,D,NI,MG,D
10:50:02,KRAS,RG,530,2,D,XC,MG,D
10:50:02,KRAS,RG,530,2,D,PD,MG,D
10:50:02,KRAS,RG,530,8,D,NI,MG,D
10:50:02,KRAS,RG,530,1,D,XC,MG,D
10:50:02,KRAS,RG,530,10,D,CC,MG,D
10:50:02,KRAS,RG,530,10,D,YU,MG,D
10:50:02,KRAS,RG,530,10,D,CC,MG,D
10:50:02,KRAS,RG,530,10,D,YP,MG,D
10:50:02,KRAS,RG,530,49,D,NI,MG,D
10:50:02,KRAS,RG,530,10,D,PC,MG,D
10:50:02,KRAS,RG,530,40,D,XC,MG,D
10:50:02,KRAS,RG,530,10,D,KK,MG,D
10:50:02,KRAS,RG,530,1,D,KK,MG,D
10:50:02,KRAS,RG,530,140,D,XC,MG,D
10:50:02,KRAS,RG,530,5,D,YP,MG,D
10:50:02,KRAS,RG,530,3,D,YP,MG,D
10:50:02,KRAS,RG,530,500,D,KK,MG,D
10:50:02,KRAS,RG,530,49,D,XC,MG,D
10:50:02,KRAS,RG,530,50,D,CC,MG,D
10:50:02,KRAS,RG,530,1000,D,KK,MG,D
10:50:02,KRAS,RG,530,297,D,EL,MG,D
10:49:59,KRAS,RG,530,1,D,EL,CC,D
10:49:44,KRAS,RG,530,25,D,EL,XC,D
10:49:41,KRAS,RG,530,177,D,EL,DX,D
10:49:41,KRAS,RG,530,25,D,YP,DX,D
10:49:41,KRAS,RG,530,10,D,LG,DX,D
10:49:41,KRAS,RG,530,25,D,LG,DX,D
10:49:41,KRAS,RG,530,50,D,PD,DX,D
10:49:41,KRAS,RG,530,75,D,HP,DX,D
10:49:41,KRAS,RG,530,40,D,PD,DX,D
10:49:41,KRAS,RG,530,50,D,OD,DX,D
10:49:41,KRAS,RG,530,128,D,XC,DX,D
10:49:39,KRAS,RG,530,3,D,XC,YP,D
10:49:31,KRAS,RG,530,46,D,XC,DX,D
10:49:31,KRAS,RG,530,20,D,PD,DX,D
10:49:31,KRAS,RG,530,10,D,PD,DX,D
10:49:31,KRAS,RG,530,10,D,CC,DX,D
10:49:31,KRAS,RG,530,3,D,CC,DX,D
10:49:31,KRAS,RG,530,10,D,YB,DX,D
10:49:31,KRAS,RG,530,10,D,YB,DX,D
10:49:31,KRAS,RG,530,10,D,XC,DX,D
10:49:31,KRAS,RG,530,100,D,CP,DX,D
10:49:31,KRAS,RG,530,5,D,NI,DX,D
10:49:31,KRAS,RG,530,30,D,LG,DX,D
10:49:31,KRAS,RG,530,6,D,NI,DX,D
10:49:31,KRAS,RG,530,10,D,PD,DX,D
10:49:31,KRAS,RG,530,20,D,CC,DX,D
10:49:31,KRAS,RG,530,25,D,DX,DX,D
10:49:31,KRAS,RG,530,2,D,XC,DX,D
10:49:31,KRAS,RG,530,50,D,OD,DX,D
10:49:31,KRAS,RG,530,10,D,CC,DX,D
10:49:31,KRAS,RG,530,50,D,TP,DX,D
10:49:31,KRAS,RG,530,3,D,CC,DX,D
10:49:31,KRAS,RG,530,57,D,EP,DX,D
10:49:28,KRAS,RG,530,1,D,EP,YP,D
10:49:23,KRAS,RG,530,13,D,EP,DX,D
10:49:23,KRAS,RG,530,50,D,OD,DX,D
10:49:23,KRAS,RG,530,1,D,KK,DX,D
10:49:23,KRAS,RG,530,50,D,NI,DX,D
10:49:23,KRAS,RG,530,1,D,NI,DX,D
10:49:23,KRAS,RG,530,5,D,CC,DX,D
10:49:23,KRAS,RG,530,200,D,CC,DX,D
10:49:23,KRAS,RG,530,100,D,YP,DX,D
10:49:23,KRAS,RG,530,100,D,CC,DX,D
10:49:23,KRAS,RG,530,5,D,XC,DX,D
10:49:23,KRAS,RG,530,100,D,YP,DX,D
10:49:23,KRAS,RG,530,3,D,XC,DX,D
10:49:23,KRAS,RG,530,2,D,NI,DX,D
10:49:23,KRAS,RG,530,5,D,KK,DX,D
10:49:23,KRAS,RG,530,10,D,YP,DX,D
10:49:23,KRAS,RG,530,10,D,NI,DX,D
10:49:23,KRAS,RG,530,111,D,YP,DX,D
10:48:55,KRAS,RG,535,29,D,YP,IF,D
10:48:55,KRAS,RG,535,15,D,YP,CC,D
10:48:55,KRAS,RG,535,6,D,YP,CC,D
10:48:49,KRAS,RG,535,9,D,DH,CC,D
10:48:49,KRAS,RG,535,1,D,DH,XC,D
10:48:49,KRAS,RG,535,240,D,DH,HP,D
10:48:12,KRAS,RG,535,1,D,NI,HP,D
10:48:00,KRAS,RG,530,89,D,YP,XC,D
10:48:00,KRAS,RG,530,40,D,YP,XC,D
10:48:00,KRAS,RG,530,5,D,YP,XC,D
10:47:34,KRAS,RG,530,95,D,YP,CC,D
10:47:34,KRAS,RG,530,5,D,PD,CC,D
10:47:27,KRAS,RG,530,1,D,KK,NI,D
10:47:14,KRAS,RG,530,20,D,KK,YP,D
10:47:01,KRAS,RG,530,229,D,KK,DX,D
10:47:01,KRAS,RG,530,10,D,PD,DX,D
10:47:01,KRAS,RG,530,5,D,CC,DX,D
10:47:01,KRAS,RG,530,200,D,PD,DX,D
10:47:01,KRAS,RG,530,10,D,PD,DX,D
10:47:01,KRAS,RG,530,1,D,DH,DX,D
10:47:01,KRAS,RG,530,23,D,PD,DX,D
10:46:49,KRAS,RG,530,1,D,PD,XC,D
10:46:47,KRAS,RG,530,236,D,PD,DX,D
10:46:47,KRAS,RG,530,185,D,YP,DX,D
10:46:43,KRAS,RG,530,100,D,YP,PD,D
10:46:42,KRAS,RG,530,715,D,YP,DX,D
10:46:42,KRAS,RG,530,8,D,CC,DX,D
10:46:36,KRAS,RG,530,1,D,CC,XC,D
10:46:28,KRAS,RG,530,1,D,CC,DH,D
10:46:25,KRAS,RG,530,5,D,CC,CC,D
10:46:25,KRAS,RG,530,3,D,NI,CC,D
10:46:25,KRAS,RG,530,3,D,DR,CC,D
10:46:21,KRAS,RG,530,1,D,DR,XC,D
10:46:17,KRAS,RG,535,200,D,CC,HP,D
10:45:26,KRAS,RG,530,20,D,DR,YB,D
10:45:00,KRAS,RG,530,100,D,DR,EP,D
10:44:41,KRAS,RG,530,200,D,DR,CC,D
10:44:34,KRAS,RG,535,2,D,YP,HP,D
10:44:16,KRAS,RG,530,605,D,DR,DX,D
10:44:02,KRAS,RG,530,547,D,DR,DX,D
10:44:01,KRAS,RG,530,24,D,DR,DX,D
10:44:01,KRAS,RG,530,100,D,AT,DX,D
10:44:01,KRAS,RG,530,20,D,DH,DX,D
10:44:01,KRAS,RG,530,5,D,NI,DX,D
10:44:01,KRAS,RG,530,242,D,MG,DX,D
10:43:57,KRAS,RG,530,5,D,MG,PD,D
10:43:56,KRAS,RG,535,8,D,PD,HP,D
10:43:38,KRAS,RG,530,15,D,MG,YP,D
10:43:19,KRAS,RG,530,10,D,MG,YU,D
10:43:17,KRAS,RG,530,10,D,MG,XC,D
10:43:11,KRAS,RG,530,1,D,MG,DH,D
10:43:01,KRAS,RG,530,50,D,MG,NI,D
10:43:00,KRAS,RG,530,14,D,MG,OD,D
10:42:58,KRAS,RG,530,8,D,MG,NI,D
10:42:42,KRAS,RG,530,5,D,MG,YP,D
10:42:36,KRAS,RG,530,2000,D,MG,YP,D
10:42:27,KRAS,RG,535,1,D,CC,HP,D
10:41:50,KRAS,RG,535,48,D,KK,HP,D
10:41:50,KRAS,RG,535,10,D,KK,PD,D
10:41:50,KRAS,RG,535,192,D,KK,HP,D
10:41:40,KRAS,RG,530,50,D,MG,YP,D
10:41:37,KRAS,RG,530,639,D,MG,DX,D
10:41:27,KRAS,RG,530,382,D,MG,DX,D
10:41:18,KRAS,RG,530,16,D,MG,NI,D
10:41:15,KRAS,RG,530,609,D,MG,DX,D
10:41:10,KRAS,RG,530,20,D,MG,OD,D
10:40:37,KRAS,RG,535,10,D,XC,HP,D
10:40:34,KRAS,RG,530,40,D,MG,XC,D
10:40:33,KRAS,RG,535,250,D,MG,HP,D
10:40:21,KRAS,RG,535,10,D,XC,HP,D
10:40:04,KRAS,RG,530,15,D,MG,XC,D
10:40:04,KRAS,RG,535,1,D,AZ,HP,D
10:39:56,KRAS,RG,530,125,D,MG,NI,D
10:39:37,KRAS,RG,535,1,D,DH,HP,D
10:39:15,KRAS,RG,535,1,D,XC,HP,D
10:39:15,KRAS,RG,535,1,D,EP,HP,D
10:39:12,KRAS,RG,535,1,D,PD,HP,D
10:39:06,KRAS,RG,535,5,D,PD,HP,D
10:39:05,KRAS,RG,530,79,D,MG,PD,D
10:39:00,KRAS,RG,535,5,D,PD,HP,D
10:39:00,KRAS,RG,535,10,D,PD,HP,D
10:38:57,KRAS,RG,530,459,D,MG,DX,D
10:38:48,KRAS,RG,530,206,D,MG,DX,D
10:38:48,KRAS,RG,530,308,D,IP,DX,D
10:38:38,KRAS,RG,530,596,D,IP,DX,D
10:38:28,KRAS,RG,530,50,D,IP,DH,D
10:38:26,KRAS,RG,530,10,D,IP,CC,D
10:38:20,KRAS,RG,530,1,D,IP,EP,D
10:38:19,KRAS,RG,530,65,D,IP,YP,D
10:38:16,KRAS,RG,530,12,D,IP,XC,D
10:38:07,KRAS,RG,530,65,D,IP,DX,D
10:38:01,KRAS,RG,535,13,D,YP,HP,D
10:38:01,KRAS,RG,535,15,D,YP,CC,D
10:38:01,KRAS,RG,535,1,D,YP,XC,D
10:38:01,KRAS,RG,535,21,D,YP,KK,D
10:37:47,KRAS,RG,530,10,D,IP,XC,D
10:37:46,KRAS,RG,535,1,D,YB,KK,D
10:37:45,KRAS,RG,535,10,D,PD,KK,D
10:37:43,KRAS,RG,530,5,D,IP,PD,D
10:37:42,KRAS,RG,530,2,D,IP,PD,D
10:37:29,KRAS,RG,530,5,D,IP,YP,D
10:37:00,KRAS,RG,530,16,D,IP,PD,D
10:36:56,KRAS,RG,535,2,D,YB,KK,D
10:36:49,KRAS,RG,530,4,D,IP,CC,D
10:36:45,KRAS,RG,530,5,D,IP,PD,D
10:36:44,KRAS,RG,530,20,D,IP,XC,D
10:36:42,KRAS,RG,535,2,D,YB,KK,D
10:36:42,KRAS,RG,530,100,D,IP,GR,D
10:36:20,KRAS,RG,530,550,D,IP,DX,D
10:36:12,KRAS,RG,530,30,D,IP,NI,D
10:36:08,KRAS,RG,535,1,D,YB,KK,D
10:36:01,KRAS,RG,530,761,D,IP,DX,D
10:36:00,KRAS,RG,530,385,D,IP,DX,D
10:36:00,KRAS,RG,530,10,D,PD,DX,D
10:36:00,KRAS,RG,530,5,D,EP,DX,D
10:36:00,KRAS,RG,530,2,D,YP,DX,D
10:36:00,KRAS,RG,530,39,D,YP,DX,D
10:35:56,KRAS,RG,530,6,D,YP,SQ,D
10:35:52,KRAS,RG,530,1,D,YP,PD,D
10:35:04,KRAS,RG,530,3,D,YP,PD,D
10:34:58,KRAS,RG,530,51,D,YP,YP,D
10:34:58,KRAS,RG,530,20,D,NI,YP,D
10:34:58,KRAS,RG,530,16,D,SQ,YP,D
10:34:39,KRAS,RG,530,7,D,SQ,XC,D
10:34:37,KRAS,RG,530,10,D,SQ,CC,D
10:34:35,KRAS,RG,530,28,D,SQ,PD,D
10:33:54,KRAS,RG,530,50,D,SQ,PD,D
10:33:50,KRAS,RG,530,18,D,SQ,CC,D
10:33:40,KRAS,RG,530,600,D,SQ,DX,D
10:33:36,KRAS,RG,530,4,D,SQ,XC,D
10:33:30,KRAS,RG,530,2,D,SQ,XC,D
10:33:26,KRAS,RG,530,645,D,SQ,DX,D
10:33:17,KRAS,RG,530,476,D,SQ,DX,D
10:32:36,KRAS,RG,530,5,D,SQ,XC,D
10:32:19,KRAS,RG,530,10,D,SQ,GR,D
10:31:49,KRAS,RG,530,4,D,SQ,XC,D
10:31:45,KRAS,RG,530,24,D,SQ,XC,D
10:31:40,KRAS,RG,530,50,D,SQ,YP,D
10:31:37,KRAS,RG,530,4,D,SQ,KK,D
10:31:15,KRAS,RG,530,47,D,SQ,AT,D
10:31:15,KRAS,RG,530,103,D,OD,AT,D
10:31:14,KRAS,RG,530,1,D,OD,XC,D
10:31:05,KRAS,RG,530,7,D,OD,XC,D
10:31:03,KRAS,RG,530,10,D,OD,RG,D
10:30:55,KRAS,RG,530,579,D,OD,DX,D
10:30:53,KRAS,RG,530,3,D,OD,DH,D
10:30:42,KRAS,RG,530,619,D,OD,DX,D
10:30:36,KRAS,RG,530,369,D,OD,DX,D
10:30:34,KRAS,RG,530,16,D,OD,PD,D
10:30:33,KRAS,RG,530,93,D,OD,ZP,D
10:30:33,KRAS,RG,530,7,D,YP,ZP,D
10:30:26,KRAS,RG,530,5,D,YP,PD,D
10:30:03,KRAS,RG,530,13,D,YP,YP,D
10:29:39,KRAS,RG,535,8,D,KK,KK,D
10:29:18,KRAS,RG,535,90,D,DR,KK,D
10:29:18,KRAS,RG,535,60,D,DR,DX,D
10:28:21,KRAS,RG,535,1,D,PD,DX,D
10:28:20,KRAS,RG,530,496,D,YP,DX,D
10:27:39,KRAS,RG,535,2,D,DH,DX,D
10:27:21,KRAS,RG,535,1,D,PD,DX,D
10:27:07,KRAS,RG,535,40,D,KK,DX,D
10:26:54,KRAS,RG,535,50,D,EP,DX,D
10:26:47,KRAS,RG,535,20,D,YB,DX,D
10:26:43,KRAS,RG,535,235,D,NI,DX,D
10:26:43,KRAS,RG,535,763,D,NI,DX,D
10:26:43,KRAS,RG,535,146,D,NI,KK,D
10:26:43,KRAS,RG,535,31,D,NI,YP,D
10:26:43,KRAS,RG,535,825,D,NI,BK,F
10:26:33,KRAS,RG,535,3,D,RG,BK,F
10:26:24,KRAS,RG,535,20,D,HP,BK,F
10:26:01,KRAS,RG,535,164,D,PD,BK,F
10:26:01,KRAS,RG,535,25,D,PD,CC,F
10:26:01,KRAS,RG,535,11,D,PD,YP,D
10:25:53,KRAS,RG,530,100,D,YP,LG,D
10:25:40,KRAS,RG,535,10,D,NI,YP,D
10:25:34,KRAS,RG,530,383,D,YP,DX,D
10:25:34,KRAS,RG,530,135,D,KK,DX,D
10:25:20,KRAS,RG,530,146,D,KK,DX,D
10:25:20,KRAS,RG,530,10,D,YU,DX,D
10:25:20,KRAS,RG,530,25,D,DR,DX,D
10:25:20,KRAS,RG,530,1,D,OD,DX,D
10:25:20,KRAS,RG,530,25,D,PD,DX,D
10:25:20,KRAS,RG,530,298,D,KI,DX,D
10:25:18,KRAS,RG,530,202,D,KI,DX,D
10:25:18,KRAS,RG,530,420,D,YP,DX,D
10:25:17,KRAS,RG,535,1,D,NI,YP,D
10:24:58,KRAS,RG,535,8,D,PD,YP,D
10:24:53,KRAS,RG,535,20,D,PD,CC,F
10:24:53,KRAS,RG,535,6,D,PD,XC,D
10:24:47,KRAS,RG,535,2,D,YP,BK,F
10:24:47,KRAS,RG,535,15,D,YP,BK,F
10:24:47,KRAS,RG,535,4,D,NI,BK,F
10:24:47,KRAS,RG,535,200,D,NI,BK,F
10:24:47,KRAS,RG,535,3,D,PD,BK,F
10:24:47,KRAS,RG,535,9,D,NI,BK,F
10:24:47,KRAS,RG,535,10,D,YP,BK,F
10:24:47,KRAS,RG,535,50,D,ZP,BK,F
10:24:47,KRAS,RG,535,1,D,YP,BK,F
10:24:47,KRAS,RG,535,3,D,XC,BK,F
10:24:47,KRAS,RG,535,3,D,NI,BK,F
10:24:47,KRAS,RG,535,200,D,PD,BK,F
10:24:47,KRAS,RG,535,1000,D,SQ,BK,F
10:24:47,KRAS,RG,535,20,D,DH,BK,F
10:24:47,KRAS,RG,535,100,D,ES,BK,F
10:24:47,KRAS,RG,535,30,D,CC,BK,F
10:24:47,KRAS,RG,535,10,D,NI,BK,F
10:24:47,KRAS,RG,535,18,D,YP,BK,F
10:24:47,KRAS,RG,535,1,D,KK,BK,F
10:24:47,KRAS,RG,535,2,D,PD,BK,F
10:24:47,KRAS,RG,535,1,D,KK,BK,F
10:24:47,KRAS,RG,535,695,D,YP,BK,F
10:24:44,KRAS,RG,535,5,D,YP,PD,D
10:24:44,KRAS,RG,535,1,D,PD,PD,D
10:24:44,KRAS,RG,535,6,D,YP,PD,D
10:24:42,KRAS,RG,535,42,D,YP,CC,D
10:24:38,KRAS,RG,535,20,D,YP,PD,D
10:24:33,KRAS,RG,535,32,D,YP,YJ,D
10:24:33,KRAS,RG,535,5,D,YP,YJ,D
10:24:33,KRAS,RG,535,135,D,XC,YJ,D
10:24:33,KRAS,RG,535,10,D,XC,YJ,D
10:24:33,KRAS,RG,535,15,D,YP,YJ,D
10:24:33,KRAS,RG,535,15,D,OD,YJ,D
10:24:33,KRAS,RG,535,20,D,DH,YJ,D
10:24:33,KRAS,RG,535,5,D,DH,YJ,D
10:24:33,KRAS,RG,535,263,D,PD,YJ,D
10:24:30,KRAS,RG,535,37,D,PD,YP,D
10:24:30,KRAS,RG,535,1,D,DX,YP,D
10:24:30,KRAS,RG,535,30,D,PD,YP,D
10:24:30,KRAS,RG,535,29,D,XC,YP,D
10:24:30,KRAS,RG,535,139,D,CD,YP,D
10:24:16,KRAS,RG,535,4,D,CD,PD,D
10:24:14,KRAS,RG,540,10,D,YP,CP,D
10:24:13,KRAS,RG,535,257,D,CD,YP,D
10:24:13,KRAS,RG,535,243,D,YP,YP,D
10:24:13,KRAS,RG,535,23,D,YP,XC,D
10:23:52,KRAS,RG,535,15,D,YP,PD,D
10:23:51,KRAS,RG,535,2,D,YP,LG,D
10:23:50,KRAS,RG,535,3,D,YP,KK,D
10:23:34,KRAS,RG,535,10,D,YP,KK,D
10:23:34,KRAS,RG,535,5,D,CC,KK,D
10:23:29,KRAS,RG,535,150,D,CC,CC,D
10:23:10,KRAS,RG,535,45,D,CC,DR,D
10:23:10,KRAS,RG,535,5,D,CC,DR,D
10:23:10,KRAS,RG,535,42,D,DH,DR,D
10:23:01,KRAS,RG,535,90,D,DH,DX,D
10:23:01,KRAS,RG,535,423,D,NI,DX,D
10:22:42,KRAS,RG,535,456,D,NI,DX,D
10:22:38,KRAS,RG,535,581,D,NI,DX,D
10:22:33,KRAS,RG,535,20,D,NI,YP,D
10:22:28,KRAS,RG,535,10,D,NI,PD,D
10:22:19,KRAS,RG,535,100,D,NI,EP,D
10:21:50,KRAS,RG,535,2,D,NI,PD,D
10:21:50,KRAS,RG,535,4,D,NI,XC,D
10:21:44,KRAS,RG,540,4,D,HP,CP,D
10:21:31,KRAS,RG,535,3,D,NI,LG,D
10:21:24,KRAS,RG,540,1,D,HP,CP,D
10:21:17,KRAS,RG,535,1,D,NI,YP,D
10:21:05,KRAS,RG,535,1,D,NI,OD,D
10:21:01,KRAS,RG,535,399,D,NI,PD,D
10:21:01,KRAS,RG,535,1,D,NI,PD,D
10:21:01,KRAS,RG,535,50,D,AT,PD,D
10:20:56,KRAS,RG,535,10,D,AT,DR,D
10:20:54,KRAS,RG,535,30,D,AT,SQ,D
10:20:36,KRAS,RG,535,1,D,AT,XC,D
10:20:36,KRAS,RG,535,9,D,AT,YP,D
10:20:36,KRAS,RG,535,20,D,YU,YP,D
10:20:36,KRAS,RG,535,49,D,YP,YP,D
10:20:26,KRAS,RG,535,151,D,YP,DX,D
10:20:26,KRAS,RG,535,50,D,XA,DX,D
10:20:26,KRAS,RG,535,200,D,CP,DX,D
10:20:26,KRAS,RG,535,2,D,PD,DX,D
10:20:26,KRAS,RG,535,217,D,LS,DX,D
10:20:00,KRAS,RG,535,618,D,LS,DX,D
10:20:00,KRAS,RG,535,20,D,LS,XC,D
10:19:59,KRAS,RG,535,404,D,LS,DX,D
10:19:56,KRAS,RG,535,15,D,LS,KK,D
10:19:34,KRAS,RG,535,10,D,LS,PD,D
10:18:24,KRAS,RG,535,50,D,LS,NI,D
10:18:19,KRAS,RG,535,7,D,LS,XC,D
10:18:15,KRAS,RG,535,58,D,LS,YP,D
10:18:03,KRAS,RG,535,88,D,LS,SQ,D
10:17:58,KRAS,RG,535,2,D,LS,PD,D
10:17:57,KRAS,RG,535,200,D,LS,NI,D
10:17:46,KRAS,RG,535,200,D,LS,GR,D
10:17:43,KRAS,RG,535,515,D,LS,DX,D
10:17:23,KRAS,RG,535,1,D,LS,XC,D
10:17:14,KRAS,RG,535,666,D,LS,DX,D
10:17:14,KRAS,RG,535,504,D,LS,DX,D
10:17:01,KRAS,RG,540,1,D,IP,CP,D
10:16:47,KRAS,RG,535,10,D,LS,PD,D
10:16:43,KRAS,RG,535,19,D,LS,NI,D
10:16:18,KRAS,RG,535,1,D,LS,PD,D
10:16:08,KRAS,RG,535,2,D,LS,XC,D
10:15:50,KRAS,RG,535,1,D,LS,YB,D
10:15:39,KRAS,RG,535,110,D,LS,YP,D
10:15:32,KRAS,RG,535,1282,D,LS,PD,D
10:15:32,KRAS,RG,535,2,D,PD,PD,D
10:15:32,KRAS,RG,535,10,D,CC,PD,D
10:15:32,KRAS,RG,535,70,D,YP,PD,D
10:15:32,KRAS,RG,535,436,D,PD,PD,D
10:15:29,KRAS,RG,535,64,D,PD,EP,D
10:15:29,KRAS,RG,535,845,D,MG,EP,D
10:15:28,KRAS,RG,535,500,D,MG,CP,D
10:15:22,KRAS,RG,535,100,D,MG,DR,D
10:15:07,KRAS,RG,535,2,D,MG,XC,D
10:14:58,KRAS,RG,535,25,D,MG,EP,D
10:14:57,KRAS,RG,535,517,D,MG,DX,D
10:14:55,KRAS,RG,535,4,D,MG,XC,D
10:14:28,KRAS,RG,535,3,D,MG,XC,D
10:14:24,KRAS,RG,540,5,D,YU,CP,D
10:14:13,KRAS,RG,540,25,D,CC,CP,D
10:14:00,KRAS,RG,540,1,D,IP,CP,D
10:13:58,KRAS,RG,535,4,D,MG,CC,D
10:13:58,KRAS,RG,535,46,D,YP,CC,D
10:13:43,KRAS,RG,535,3,D,YP,DH,D
10:13:29,KRAS,RG,535,1,D,YP,PD,D
10:13:29,KRAS,RG,535,5,D,YP,IP,D
10:13:02,KRAS,RG,535,1,D,YP,AZ,D
10:12:51,KRAS,RG,540,1,D,IP,CP,D
10:12:44,KRAS,RG,535,2,D,YP,XC,D
10:12:38,KRAS,RG,535,15,D,YP,XC,D
10:12:34,KRAS,RG,535,2,D,YP,DH,D
10:12:25,KRAS,RG,535,439,D,YP,DX,D
10:12:25,KRAS,RG,535,1,D,YP,PD,D
10:12:25,KRAS,RG,535,40,D,YP,SQ,D
10:12:25,KRAS,RG,535,717,D,YP,DX,D
10:12:25,KRAS,RG,535,20,D,YP,CC,D
10:12:25,KRAS,RG,535,5,D,YP,LG,D
10:12:25,KRAS,RG,535,200,D,YP,YU,D
10:12:25,KRAS,RG,535,10,D,YP,OD,D
10:12:25,KRAS,RG,535,50,D,YP,NI,D
10:12:25,KRAS,RG,535,1,D,YP,NI,D
10:12:25,KRAS,RG,535,10,D,YP,EP,D
10:12:25,KRAS,RG,535,83,D,YP,GR,D
10:12:25,KRAS,RG,535,36,D,YP,XC,D
10:12:25,KRAS,RG,535,35,D,YP,CC,D
10:12:25,KRAS,RG,535,200,D,YP,YP,D
10:12:25,KRAS,RG,535,50,D,YP,PD,D
10:12:25,KRAS,RG,535,464,D,YP,CC,D
10:12:25,KRAS,RG,535,1,D,YP,PD,D
10:12:25,KRAS,RG,535,200,D,YP,YP,D
10:12:25,KRAS,RG,535,100,D,YP,YU,D
10:12:25,KRAS,RG,535,5,D,YP,DH,D
10:12:25,KRAS,RG,535,1,D,YP,PD,D
10:12:25,KRAS,RG,535,5,D,YP,KK,D
10:12:25,KRAS,RG,535,50,D,YP,SQ,D
10:12:25,KRAS,RG,535,1,D,YP,XC,D
10:12:25,KRAS,RG,535,100,D,YP,CC,F
10:12:25,KRAS,RG,535,5,D,YP,PD,D
10:12:25,KRAS,RG,535,450,D,YP,YP,D
10:12:25,KRAS,RG,535,5,D,YP,XC,D
10:12:25,KRAS,RG,535,25,D,YP,YP,D
10:12:25,KRAS,RG,535,50,D,YP,YP,D
10:12:25,KRAS,RG,535,50,D,YP,NI,D
10:12:25,KRAS,RG,535,10,D,YP,YP,D
10:12:25,KRAS,RG,535,50,D,YP,NI,D
10:12:25,KRAS,RG,535,10,D,YP,ZP,D
10:12:25,KRAS,RG,535,1,D,YP,DH,D
10:12:25,KRAS,RG,535,10,D,YP,CC,D
10:12:25,KRAS,RG,535,100,D,YP,YP,D
10:12:25,KRAS,RG,535,8,D,YP,XC,D
10:12:25,KRAS,RG,535,20,D,YP,DH,D
10:12:25,KRAS,RG,535,210,D,YP,DR,D
10:12:25,KRAS,RG,535,150,D,YP,YP,D
10:12:25,KRAS,RG,535,39,D,YP,YP,D
10:12:25,KRAS,RG,535,100,D,YP,YP,D
10:12:25,KRAS,RG,535,200,D,YP,MG,D
10:12:25,KRAS,RG,535,500,D,YP,DR,D
10:12:25,KRAS,RG,535,108,D,YP,HP,D
10:12:24,KRAS,RG,535,10,D,PD,HP,D
10:12:23,KRAS,RG,530,296,D,YP,DX,D
10:12:23,KRAS,RG,530,20,D,NI,DX,D
10:12:23,KRAS,RG,530,10,D,YP,DX,D
10:12:23,KRAS,RG,530,5,D,CC,DX,D
10:12:23,KRAS,RG,530,299,F,BK,DX,D
10:12:22,KRAS,RG,535,50,D,XA,HP,D
10:12:21,KRAS,RG,535,95,D,CC,HP,D
10:12:18,KRAS,RG,535,737,D,YB,HP,D
10:12:18,KRAS,RG,535,100,D,YB,YP,D
10:12:18,KRAS,RG,535,65,D,YB,YP,D
10:12:18,KRAS,RG,535,4,D,YB,RG,D
10:12:18,KRAS,RG,535,8,D,YB,YB,D
10:12:18,KRAS,RG,535,7,D,YB,PD,D
10:12:18,KRAS,RG,535,100,D,YB,KK,D
10:12:18,KRAS,RG,535,3,D,YB,PD,D
10:12:18,KRAS,RG,535,45,D,YB,EP,D
10:12:18,KRAS,RG,535,1100,D,YB,YP,D
10:12:18,KRAS,RG,535,1,D,YB,XC,D
10:12:18,KRAS,RG,535,830,D,YB,YP,D
10:12:10,KRAS,RG,535,5,D,EP,YP,D
10:12:05,KRAS,RG,535,50,D,YP,YP,D
10:12:04,KRAS,RG,535,1000,D,PD,YP,D
10:12:01,KRAS,RG,535,6,D,XC,YP,D
10:11:57,KRAS,RG,530,385,F,BK,DX,D
10:11:55,KRAS,RG,535,9,D,CC,YP,D
10:11:53,KRAS,RG,530,730,F,BK,DX,D
10:11:51,KRAS,RG,535,1,D,DH,YP,D
10:11:26,KRAS,RG,535,100,D,YP,YP,D
10:11:22,KRAS,RG,535,2,D,DH,YP,D
10:11:14,KRAS,RG,535,20,D,DR,YP,D
10:10:59,KRAS,RG,535,2,D,KK,YP,D
10:10:53,KRAS,RG,535,150,D,YP,YP,D
10:10:53,KRAS,RG,530,40,F,BK,PD,D
10:10:43,KRAS,RG,535,25,D,TP,YP,D
10:10:33,KRAS,RG,535,2,D,NI,YP,D
10:10:29,KRAS,RG,535,15,D,CC,YP,D
10:10:20,KRAS,RG,535,100,D,OD,YP,D
10:10:16,KRAS,RG,535,20,D,PD,YP,D
10:10:16,KRAS,RG,530,10,F,BK,EP,D
10:10:13,KRAS,RG,535,10,D,PD,YP,D
10:09:52,KRAS,RG,535,1,D,NI,YP,D
10:09:42,KRAS,RG,530,629,F,BK,DX,D
10:09:39,KRAS,RG,530,2,F,BK,NI,D
10:09:30,KRAS,RG,530,30,F,BK,PC,D
10:09:30,KRAS,RG,530,1,F,BK,XC,D
10:09:28,KRAS,RG,530,3,F,BK,DH,D
10:09:25,KRAS,RG,535,200,D,PD,YP,D
10:09:17,KRAS,RG,530,316,F,BK,DX,D
10:09:17,KRAS,RG,530,100,D,ZP,DX,D
10:09:17,KRAS,RG,530,198,D,GR,DX,D
10:09:16,KRAS,RG,530,35,D,GR,XC,D
10:09:13,KRAS,RG,530,470,D,GR,LG,D
10:09:12,KRAS,RG,530,420,D,GR,DX,D
10:09:10,KRAS,RG,530,777,D,GR,PD,D
10:08:48,KRAS,RG,530,1,D,GR,XC,D
10:08:48,KRAS,RG,530,1,D,GR,XC,D
10:08:24,KRAS,RG,530,30,D,GR,NI,D
10:08:08,KRAS,RG,530,68,D,GR,CC,D
10:08:08,KRAS,RG,530,13,D,EP,CC,D
10:08:08,KRAS,RG,530,7,D,KK,CC,D
10:08:08,KRAS,RG,530,1,D,CC,CC,D
10:08:08,KRAS,RG,530,5,D,YP,CC,D
10:08:08,KRAS,RG,530,5,D,YP,CC,D
10:08:08,KRAS,RG,530,5,D,PD,CC,D
10:08:08,KRAS,RG,530,96,D,EP,CC,D
10:08:02,KRAS,RG,530,10,D,EP,DR,D
10:08:02,KRAS,RG,530,94,D,EP,KK,D
10:08:02,KRAS,RG,530,10,D,YP,KK,D
10:08:02,KRAS,RG,530,200,D,PD,KK,D
10:08:02,KRAS,RG,530,100,D,YP,KK,D
10:08:02,KRAS,RG,530,96,D,YJ,KK,D
10:07:58,KRAS,RG,530,104,D,YJ,DR,D
10:07:58,KRAS,RG,530,10,D,PD,DR,D
10:07:58,KRAS,RG,530,390,D,IN,DR,D
10:07:49,KRAS,RG,530,2,D,IN,XC,D
10:07:48,KRAS,RG,530,5,D,IN,NI,D
10:07:48,KRAS,RG,535,4,D,KK,YP,D
10:07:22,KRAS,RG,530,5,D,IN,AT,D
10:07:17,KRAS,RG,530,5,D,IN,AT,D
10:07:12,KRAS,RG,530,3,D,IN,XC,D
10:06:54,KRAS,RG,530,1,D,IN,XC,D
10:06:53,KRAS,RG,530,23,D,IN,XC,D
10:06:52,KRAS,RG,530,5,D,IN,LG,D
10:06:40,KRAS,RG,530,500,D,IN,YP,D
10:06:25,KRAS,RG,530,1061,D,IN,YP,D
10:06:25,KRAS,RG,530,15,D,KK,YP,D
10:06:25,KRAS,RG,530,1,D,PD,YP,D
10:06:25,KRAS,RG,530,20,D,DR,YP,D
10:06:25,KRAS,RG,530,288,D,CC,YP,D
10:06:25,KRAS,RG,530,190,D,YP,YP,D
10:06:25,KRAS,RG,530,39,D,DH,YP,D
10:06:25,KRAS,RG,530,23,D,CP,YP,D
10:06:12,KRAS,RG,535,10,D,YB,YP,D
10:06:08,KRAS,RG,535,2,D,DH,YP,D
10:06:00,KRAS,RG,530,5,D,CP,AT,D
10:05:57,KRAS,RG,530,172,D,CP,YP,D
10:05:57,KRAS,RG,530,38,D,DR,YP,D
10:05:55,KRAS,RG,530,12,D,DR,XC,D
10:05:52,KRAS,RG,530,450,D,DR,YP,D
10:05:52,KRAS,RG,530,4,D,XC,YP,D
10:05:52,KRAS,RG,530,500,D,NI,YP,D
10:05:52,KRAS,RG,530,20,D,YU,YP,D
10:05:52,KRAS,RG,530,1000,D,AI,YP,D
10:05:52,KRAS,RG,530,1,D,PD,YP,D
10:05:52,KRAS,RG,530,40,D,PD,YP,D
10:05:52,KRAS,RG,530,1023,D,YP,YP,D
10:05:49,KRAS,RG,530,5,D,YP,YP,D
10:05:47,KRAS,RG,530,20,D,YP,YP,D
10:05:46,KRAS,RG,530,50,D,YP,GR,D
10:05:46,KRAS,RG,530,10,D,YP,PD,D
10:05:46,KRAS,RG,530,1,D,YP,PD,D
10:05:46,KRAS,RG,530,25,D,YP,YP,D
10:05:46,KRAS,RG,530,1,D,YP,CC,D
10:05:46,KRAS,RG,530,258,D,YP,BK,F
10:05:46,KRAS,RG,530,1,D,YP,XC,D
10:05:46,KRAS,RG,530,120,D,YP,PD,D
10:05:46,KRAS,RG,530,30,D,YP,CC,D
10:05:46,KRAS,RG,530,300,D,YP,XC,D
10:05:46,KRAS,RG,530,50,D,YP,PD,D
10:05:46,KRAS,RG,530,10,D,YP,NI,D
10:05:46,KRAS,RG,530,12,D,YP,XC,D
10:05:46,KRAS,RG,530,3,D,YP,XC,D
10:05:46,KRAS,RG,530,30,D,YP,YB,D
10:05:46,KRAS,RG,530,1,D,YP,KK,D
10:05:46,KRAS,RG,530,50,D,YP,CC,D
10:05:45,KRAS,RG,530,100,D,PD,CC,D
10:05:44,KRAS,RG,530,1,D,XC,CC,D
10:05:42,KRAS,RG,530,3,D,XA,CC,D
10:05:41,KRAS,RG,530,30,D,YP,CC,D
10:05:39,KRAS,RG,530,50,D,DR,CC,D
10:05:39,KRAS,RG,530,8,D,NI,CC,D
10:05:37,KRAS,RG,530,200,D,PD,CC,D
10:05:36,KRAS,RG,530,20,D,EP,CC,D
10:05:34,KRAS,RG,530,100,D,PD,CC,D
10:05:30,KRAS,RG,530,20,D,DH,CC,D
10:05:28,KRAS,RG,530,5,D,YP,CC,D
10:05:28,KRAS,RG,530,50,D,DR,CC,D
10:05:23,KRAS,RG,530,463,D,YP,CC,D
10:05:23,KRAS,RG,530,140,D,YP,YU,D
10:05:23,KRAS,RG,530,525,D,YP,DX,D
10:05:23,KRAS,RG,530,150,D,YP,XC,D
10:05:23,KRAS,RG,530,100,D,YP,GR,D
10:05:23,KRAS,RG,530,122,D,YP,DX,D
10:05:22,KRAS,RG,525,92,D,CC,CD,D
10:05:22,KRAS,RG,525,5,D,PD,CD,D
10:05:22,KRAS,RG,525,100,D,PD,CD,D
10:05:22,KRAS,RG,525,22,D,CC,CD,D
10:05:22,KRAS,RG,525,100,D,DH,CD,D
10:05:22,KRAS,RG,525,50,D,PD,CD,D
10:05:22,KRAS,RG,525,50,D,PD,CD,D
10:05:22,KRAS,RG,525,5,D,YP,CD,D
10:05:22,KRAS,RG,525,50,D,RO,CD,D
10:05:22,KRAS,RG,525,38,D,PD,CD,D
10:05:20,KRAS,RG,530,376,D,ZP,DX,D
10:05:20,KRAS,RG,530,2,D,ZP,KK,D
10:05:20,KRAS,RG,530,593,D,ZP,DX,D
10:05:20,KRAS,RG,530,29,D,ZP,PD,D
10:05:16,KRAS,RG,525,12,D,PD,XC,D
10:05:16,KRAS,RG,530,21,D,DR,PD,D
10:05:16,KRAS,RG,530,100,D,DR,PD,D
10:05:16,KRAS,RG,530,29,D,DR,CC,D
10:05:15,KRAS,RG,530,20,D,CC,CC,D
10:05:13,KRAS,RG,525,51,D,PD,BQ,D
10:05:11,KRAS,RG,525,100,D,PD,KK,D
10:04:58,KRAS,RG,525,20,D,PD,NI,D
10:04:55,KRAS,RG,530,1,D,CD,CC,D
10:04:55,KRAS,RG,530,20,D,CC,CC,D
10:04:50,KRAS,RG,530,1,D,XC,CC,D
10:04:48,KRAS,RG,530,5,D,AZ,CC,D
10:04:47,KRAS,RG,530,5,D,XC,CC,D
10:04:45,KRAS,RG,525,6,D,PD,PD,D
10:04:44,KRAS,RG,525,10,D,PD,XC,D
10:04:44,KRAS,RG,530,3,D,YP,CC,D
10:04:41,KRAS,RG,530,2,D,YP,CC,D
10:04:40,KRAS,RG,530,1,D,YP,CC,D
10:04:39,KRAS,RG,525,4,D,PD,XC,D
10:04:39,KRAS,RG,530,1,D,YP,CC,D
10:04:30,KRAS,RG,525,10,D,PD,YP,D
10:04:30,KRAS,RG,530,2,D,YP,CC,D
10:04:28,KRAS,RG,530,10,D,CC,CC,D
10:04:18,KRAS,RG,525,2,D,PD,XC,D
10:04:03,KRAS,RG,530,52,D,YP,BK,F
10:04:03,KRAS,RG,530,48,D,YP,HP,D
10:03:57,KRAS,RG,525,379,D,PD,DX,D
10:03:57,KRAS,RG,530,54,D,CC,HP,D
10:03:54,KRAS,RG,530,146,D,CC,DX,D
10:03:54,KRAS,RG,530,619,D,YJ,DX,D
10:03:52,KRAS,RG,530,49,D,YJ,BQ,D
10:03:52,KRAS,RG,530,50,D,YJ,PD,D
10:03:52,KRAS,RG,530,10,D,YJ,NI,D
10:03:52,KRAS,RG,530,272,D,YJ,YP,D
10:03:51,KRAS,RG,530,5,D,YP,YP,D
10:03:48,KRAS,RG,530,5,D,YP,YP,D
10:03:46,KRAS,RG,530,20,D,DH,YP,D
10:03:42,KRAS,RG,530,3,D,DH,YP,D
10:03:42,KRAS,RG,530,10,D,NI,YP,D
10:03:42,KRAS,RG,530,100,D,OD,YP,D
10:03:42,KRAS,RG,530,100,D,MG,YP,D
10:03:42,KRAS,RG,530,5,D,YP,YP,D
10:03:42,KRAS,RG,530,8,D,XC,YP,D
10:03:42,KRAS,RG,530,250,D,YP,YP,D
10:03:42,KRAS,RG,530,100,D,YP,YP,D
10:03:42,KRAS,RG,530,25,D,PD,YP,D
10:03:42,KRAS,RG,530,5,D,CC,YP,D
10:03:42,KRAS,RG,530,100,D,YP,YP,D
10:03:42,KRAS,RG,530,5,D,KK,YP,D
10:03:42,KRAS,RG,530,25,D,CC,YP,D
10:03:42,KRAS,RG,530,100,D,YP,YP,D
10:03:42,KRAS,RG,530,5,D,KK,YP,D
10:03:42,KRAS,RG,530,20,D,GR,YP,D
10:03:42,KRAS,RG,530,300,D,YJ,YP,D
10:03:42,KRAS,RG,530,926,D,YP,YP,D
10:03:41,KRAS,RG,530,77,D,YP,CC,D
10:03:41,KRAS,RG,530,173,D,YJ,CC,D
10:03:33,KRAS,RG,530,300,D,YJ,YB,D
10:03:31,KRAS,RG,530,200,D,YJ,CC,D
10:03:16,KRAS,RG,530,300,D,YJ,CC,D
10:03:13,KRAS,RG,530,27,D,YJ,AI,D
10:03:13,KRAS,RG,530,35,D,NI,AI,D
10:03:13,KRAS,RG,530,200,D,YP,AI,D
10:03:13,KRAS,RG,530,25,D,CC,AI,D
10:03:13,KRAS,RG,530,50,D,YP,AI,D
10:03:13,KRAS,RG,530,1000,D,YB,AI,D
10:03:13,KRAS,RG,530,15,D,YP,AI,D
10:03:13,KRAS,RG,530,83,D,GR,AI,D
10:03:13,KRAS,RG,530,565,D,ZP,AI,D
10:03:11,KRAS,RG,535,3,D,CC,YP,D
10:03:07,KRAS,RG,535,20,D,NI,YP,D
10:02:58,KRAS,RG,530,400,D,ZP,YP,D
10:02:54,KRAS,RG,530,25,D,ZP,XC,D
10:02:52,KRAS,RG,530,50,D,ZP,NI,D
10:02:48,KRAS,RG,530,4,D,ZP,XC,D
10:02:45,KRAS,RG,530,8,D,ZP,DH,D
10:02:40,KRAS,RG,530,400,D,ZP,YP,D
10:02:30,KRAS,RG,530,10,D,ZP,SQ,D
10:02:30,KRAS,RG,530,6,D,ZP,YP,D
10:02:24,KRAS,RG,530,11,D,ZP,XC,D
10:02:23,KRAS,RG,530,9,D,ZP,EP,D
10:02:19,KRAS,RG,530,2,D,ZP,XC,D
