Time,Stock,Brd,Price,Qty,BT,BC,SC,ST
15:14:53,TLKM,RG,3780,100,D,MG,PD,D
15:14:48,TLKM,RG,3780,1,D,MG,XC,D
15:14:37,TLKM,RG,3780,10,D,MG,XC,D
15:14:23,TLKM,RG,3780,100,D,MG,CC,D
15:13:40,TLKM,RG,3780,1,D,MG,XC,D
15:13:14,TLKM,RG,3780,50,D,MG,DX,D
15:13:07,TLKM,RG,3780,9,D,MG,PD,D
15:13:05,TLKM,RG,3780,1,D,MG,XC,D
15:12:47,TLKM,RG,3780,1,D,MG,CC,D
15:12:39,TLKM,RG,3780,3624,D,MG,LG,D
15:12:39,TLKM,RG,3780,30,D,YP,LG,D
15:12:39,TLKM,RG,3780,250,D,YJ,LG,D
15:12:39,TLKM,RG,3780,96,D,MG,LG,D
15:12:30,TLKM,RG,3780,354,D,MG,LG,D
15:12:29,TLKM,RG,3780,2,D,XC,LG,D
15:12:16,TLKM,RG,3780,3,D,CC,LG,D
15:12:04,TLKM,RG,3780,20,D,TP,LG,D
15:12:04,TLKM,RG,3780,12,D,XC,LG,D
15:12:04,TLKM,RG,3780,5,D,EP,LG,D
15:12:04,TLKM,RG,3780,20,D,XC,LG,D
15:12:04,TLKM,RG,3780,10,D,NI,LG,D
15:12:04,TLKM,RG,3780,20,D,YP,LG,D
15:12:04,TLKM,RG,3780,200,D,PD,LG,D
15:12:04,TLKM,RG,3780,30,D,GR,LG,D
15:12:04,TLKM,RG,3780,20,D,CC,LG,D
15:12:04,TLKM,RG,3780,50,D,PD,LG,D
15:12:04,TLKM,RG,3780,2,D,PD,LG,D
15:12:04,TLKM,RG,3780,30,D,KK,LG,D
15:12:04,TLKM,RG,3780,1,D,PD,LG,D
15:12:04,TLKM,RG,3780,1,D,XC,LG,D
15:12:04,TLKM,RG,3780,1,D,XC,LG,D
15:12:04,TLKM,RG,3780,1,D,PD,LG,D
15:12:04,TLKM,RG,3780,1,D,XC,LG,D
15:12:04,TLKM,RG,3780,1,D,XC,LG,D
15:12:04,TLKM,RG,3780,10,D,LG,LG,D
15:12:04,TLKM,RG,3780,1,D,XC,LG,D
15:12:04,TLKM,RG,3780,1,D,YP,LG,D
15:12:04,TLKM,RG,3780,3,D,XC,LG,D
15:12:04,TLKM,RG,3780,25,D,YP,LG,D
15:12:04,TLKM,RG,3780,10,D,OD,LG,D
15:12:04,TLKM,RG,3780,1,D,XC,LG,D
15:12:04,TLKM,RG,3780,1,D,XC,LG,D
15:12:04,TLKM,RG,3780,4,D,LG,LG,D
15:12:04,TLKM,RG,3780,12,D,XC,LG,D
15:12:04,TLKM,RG,3780,2,D,PD,LG,D
15:12:04,TLKM,RG,3780,100,D,YP,LG,D
15:12:04,TLKM,RG,3780,2,D,PD,LG,D
15:12:04,TLKM,RG,3780,1,D,XC,LG,D
15:12:04,TLKM,RG,3780,1,D,XC,LG,D
15:12:04,TLKM,RG,3780,3,D,PD,LG,D
15:12:04,TLKM,RG,3780,10,D,XC,LG,D
15:12:04,TLKM,RG,3780,1,D,XC,LG,D
15:12:04,TLKM,RG,3780,1,D,XC,LG,D
15:12:04,TLKM,RG,3780,3,D,XC,LG,D
15:12:04,TLKM,RG,3780,3,D,XC,LG,D
15:12:04,TLKM,RG,3780,3,D,XC,LG,D
15:12:04,TLKM,RG,3780,3,D,DR,LG,D
15:12:04,TLKM,RG,3780,1,D,XC,LG,D
15:12:04,TLKM,RG,3780,1,D,PD,LG,D
15:12:04,TLKM,RG,3780,8,D,CC,LG,D
15:12:04,TLKM,RG,3780,2,D,XC,LG,D
15:12:04,TLKM,RG,3780,1,D,XC,LG,D
15:12:04,TLKM,RG,3780,1,D,XL,LG,D
15:12:04,TLKM,RG,3780,1,D,XC,LG,D
15:11:53,TLKM,RG,3780,1,D,CC,DH,D
15:11:53,TLKM,RG,3780,1,D,CC,DH,D
15:11:53,TLKM,RG,3780,1,D,CC,DH,D
15:11:53,TLKM,RG,3780,1,D,CC,DH,D
15:11:53,TLKM,RG,3780,1,D,CC,DH,D
15:11:53,TLKM,RG,3780,1,D,CC,DH,D
15:11:53,TLKM,RG,3780,1,D,CC,DH,D
15:11:53,TLKM,RG,3780,1,D,CC,DH,D
15:11:53,TLKM,RG,3780,1,D,CC,DH,D
15:11:53,TLKM,RG,3780,1,D,CC,DH,D
15:11:53,TLKM,RG,3780,1,D,CC,DH,D
15:11:53,TLKM,RG,3780,1,D,CC,DH,D
15:11:53,TLKM,RG,3780,1,D,CC,DH,D
15:11:53,TLKM,RG,3780,1,D,CC,DH,D
15:11:53,TLKM,RG,3780,1,D,CC,DH,D
15:11:53,TLKM,RG,3780,1,D,CC,DH,D
15:11:53,TLKM,RG,3780,1,D,CC,DH,D
15:11:53,TLKM,RG,3780,1,D,CC,DH,D
15:11:53,TLKM,RG,3780,1,D,CC,DH,D
15:11:53,TLKM,RG,3780,1,D,CC,DH,D
15:11:36,TLKM,RG,3780,27,D,CC,YJ,D
15:11:36,TLKM,RG,3780,1,D,XC,YJ,D
15:11:36,TLKM,RG,3780,1,D,PD,YJ,D
15:11:36,TLKM,RG,3780,20,D,XC,YJ,D
15:11:36,TLKM,RG,3780,1,D,CC,YJ,D
15:11:36,TLKM,RG,3780,10,D,DH,YJ,D
15:11:36,TLKM,RG,3780,3,D,KK,YJ,D
15:11:36,TLKM,RG,3780,2,D,XC,YJ,D
15:11:36,TLKM,RG,3780,1,D,XC,YJ,D
15:11:36,TLKM,RG,3780,1,D,CC,YJ,D
15:11:36,TLKM,RG,3780,1,D,PD,YJ,D
15:11:36,TLKM,RG,3780,50,D,NI,YJ,D
15:11:36,TLKM,RG,3780,10,D,YP,YJ,D
15:11:36,TLKM,RG,3780,1,D,XC,YJ,D
15:11:36,TLKM,RG,3780,108,D,CP,YJ,D
15:11:36,TLKM,RG,3780,1,D,XC,YJ,D
15:11:36,TLKM,RG,3780,25,D,YP,YJ,D
15:11:36,TLKM,RG,3780,4,D,AT,YJ,D
15:11:36,TLKM,RG,3780,80,D,YP,YJ,D
15:11:36,TLKM,RG,3780,50,D,YP,YJ,D
15:11:36,TLKM,RG,3780,10,D,YP,YJ,D
15:11:36,TLKM,RG,3780,5,D,AI,YJ,D
15:11:36,TLKM,RG,3780,30,D,PD,YJ,D
15:11:36,TLKM,RG,3780,58,D,PD,YJ,D
15:11:18,TLKM,RG,3780,857,D,PD,LG,D
15:11:18,TLKM,RG,3780,100,D,SQ,LG,D
15:11:18,TLKM,RG,3780,1,D,PD,LG,D
15:11:18,TLKM,RG,3780,1,D,PD,LG,D
15:11:18,TLKM,RG,3780,10,D,ID,LG,D
15:11:18,TLKM,RG,3780,10,D,XC,LG,D
15:11:18,TLKM,RG,3780,1,D,XC,LG,D
15:11:18,TLKM,RG,3780,4,D,XC,LG,D
15:11:18,TLKM,RG,3780,10,D,XC,LG,D
15:11:18,TLKM,RG,3780,1,D,XC,LG,D
15:11:18,TLKM,RG,3780,1,D,XC,LG,D
15:11:18,TLKM,RG,3780,1,D,CC,LG,D
15:11:18,TLKM,RG,3780,40,D,XC,LG,D
15:11:18,TLKM,RG,3780,10,D,XC,LG,D
15:11:18,TLKM,RG,3780,27,D,PD,LG,D
15:11:18,TLKM,RG,3780,17,D,XC,LG,D
15:11:18,TLKM,RG,3780,9,D,XC,LG,D
15:11:09,TLKM,RG,3780,5,D,XC,HP,D
15:11:09,TLKM,RG,3780,1,D,XC,HP,D
15:11:09,TLKM,RG,3780,39,D,XC,HP,D
15:11:04,TLKM,RG,3780,1,D,XC,XC,D
15:11:03,TLKM,RG,3780,1,D,XC,YP,D
15:10:51,TLKM,RG,3780,1,D,XC,YP,D
15:10:33,TLKM,RG,3780,58,D,XC,CC,D
15:10:33,TLKM,RG,3780,1,D,XC,CC,D
15:10:33,TLKM,RG,3780,20,D,XC,CC,D
15:10:33,TLKM,RG,3780,3,D,XC,CC,D
15:10:33,TLKM,RG,3780,10,D,XC,CC,D
15:10:33,TLKM,RG,3780,1,D,XC,CC,D
15:10:33,TLKM,RG,3780,1,D,XC,CC,D
15:10:33,TLKM,RG,3780,1,D,XL,CC,D
15:10:33,TLKM,RG,3780,1,D,PD,CC,D
15:10:33,TLKM,RG,3780,3,D,PD,CC,D
15:10:33,TLKM,RG,3780,1,D,OD,CC,D
15:10:32,TLKM,RG,3780,1,D,OD,YP,D
15:10:30,TLKM,RG,3780,1,D,OD,PD,D
15:10:27,TLKM,RG,3780,2,D,OD,YJ,D
15:10:27,TLKM,RG,3780,2,D,XC,YJ,D
15:10:27,TLKM,RG,3780,5,D,PD,YJ,D
15:10:27,TLKM,RG,3780,50,D,XC,YJ,D
15:10:27,TLKM,RG,3780,20,D,YP,YJ,D
15:10:27,TLKM,RG,3780,1,D,XC,YJ,D
15:10:27,TLKM,RG,3780,10,D,DR,YJ,D
15:10:27,TLKM,RG,3780,1,D,PD,YJ,D
15:10:27,TLKM,RG,3780,9,D,KK,YJ,D
15:10:08,TLKM,RG,3780,1,D,XC,YP,D
15:10:02,TLKM,RG,3780,12,F,CS,GR,D
15:10:02,TLKM,RG,3780,8,D,PD,GR,D
15:08:16,TLKM,RG,3780,2,F,CS,PD,D
15:07:21,TLKM,RG,3780,1,F,CS,EP,D
15:06:40,TLKM,RG,3780,14,F,CS,YP,D
15:06:36,TLKM,RG,3780,12,F,CS,XC,D
15:06:13,TLKM,RG,3780,2,F,CS,XC,D
15:05:20,TLKM,RG,3780,2,F,CS,CC,D
15:05:10,TLKM,RG,3780,260,F,CS,YJ,D
15:05:04,TLKM,RG,3780,300,F,CS,YP,D
15:05:04,TLKM,RG,3780,20,F,CS,CC,D
15:05:02,TLKM,RG,3780,176,F,CS,CC,D
15:05:02,TLKM,RG,3780,5,F,CS,KK,D
15:05:02,TLKM,RG,3780,8,F,CS,DH,D
15:05:02,TLKM,RG,3780,15,F,CS,DH,D
15:05:02,TLKM,RG,3780,100,F,CS,PF,D
15:05:01,TLKM,RG,3780,5,F,CS,XC,D
15:05:01,TLKM,RG,3780,38,F,CS,CC,D
15:05:01,TLKM,RG,3780,1,F,CS,XC,D
15:05:01,TLKM,RG,3780,1,F,CS,XC,D
15:05:00,TLKM,RG,3780,17,F,CS,YB,D
15:05:00,TLKM,RG,3780,10,F,CS,KK,D
15:05:00,TLKM,RG,3780,200,F,CS,YJ,D
15:00:00,TLKM,RG,3780,31,F,CS,KK,D
15:00:00,TLKM,RG,3780,30,F,CS,NI,D
15:00:00,TLKM,RG,3780,1,F,CS,KK,D
15:00:00,TLKM,RG,3780,2,F,CS,PD,D
15:00:00,TLKM,RG,3780,2,F,CS,XA,D
15:00:00,TLKM,RG,3780,6,F,CS,NI,D
15:00:00,TLKM,RG,3780,2,F,CS,NI,D
15:00:00,TLKM,RG,3780,2,F,CS,XC,D
15:00:00,TLKM,RG,3780,3,F,CS,CC,D
15:00:00,TLKM,RG,3780,10,F,CS,AG,F
15:00:00,TLKM,RG,3780,1,F,CS,YP,D
15:00:00,TLKM,RG,3780,100,F,CS,YU,D
15:00:00,TLKM,RG,3780,200,F,CS,ZP,D
15:00:00,TLKM,RG,3780,3,F,CS,NI,D
15:00:00,TLKM,RG,3780,1,F,CS,SQ,D
15:00:00,TLKM,RG,3780,2,F,CS,PD,D
15:00:00,TLKM,RG,3780,4,F,CS,MG,D
15:00:00,TLKM,RG,3780,1,F,CS,EP,D
15:00:00,TLKM,RG,3780,1,F,CS,CC,D
15:00:00,TLKM,RG,3780,6,F,CS,CC,D
15:00:00,TLKM,RG,3780,5,F,CS,NI,D
15:00:00,TLKM,RG,3780,24,F,CS,CC,D
15:00:00,TLKM,RG,3780,10,F,CS,CC,D
15:00:00,TLKM,RG,3780,4,F,CS,NI,D
15:00:00,TLKM,RG,3780,1,F,CS,YP,D
15:00:00,TLKM,RG,3780,8,F,CS,XC,D
15:00:00,TLKM,RG,3780,1,F,CS,XC,D
15:00:00,TLKM,RG,3780,10,F,CS,CC,D
15:00:00,TLKM,RG,3780,5,F,CS,CC,D
15:00:00,TLKM,RG,3780,1,F,CS,PD,D
15:00:00,TLKM,RG,3780,1,F,CS,PD,D
15:00:00,TLKM,RG,3780,150,F,CS,CC,D
15:00:00,TLKM,RG,3780,40,F,CS,YP,D
15:00:00,TLKM,RG,3780,5,F,CS,CC,D
15:00:00,TLKM,RG,3780,78,F,CS,LS,D
15:00:00,TLKM,RG,3780,10,F,CS,CP,D
15:00:00,TLKM,RG,3780,387,F,CS,PD,D
15:00:00,TLKM,RG,3780,298,F,CS,PD,D
15:00:00,TLKM,RG,3780,2138,F,CS,YJ,D
15:00:00,TLKM,RG,3780,1,D,NI,YJ,D
15:00:00,TLKM,RG,3780,3,D,YP,YJ,D
15:00:00,TLKM,RG,3780,2,D,XC,YJ,D
15:00:00,TLKM,RG,3780,5,D,GR,YJ,D
15:00:00,TLKM,RG,3780,1,D,DR,YJ,D
15:00:00,TLKM,RG,3780,6,D,XC,YJ,D
15:00:00,TLKM,RG,3780,2000,D,DX,YJ,D
15:00:00,TLKM,RG,3780,2,D,XC,YJ,D
15:00:00,TLKM,RG,3780,3,D,PD,YJ,D
15:00:00,TLKM,RG,3780,2,D,XC,YJ,D
15:00:00,TLKM,RG,3780,4,D,YP,YJ,D
15:00:00,TLKM,RG,3780,1,D,KK,YJ,D
15:00:00,TLKM,RG,3780,500,D,NI,YJ,D
15:00:00,TLKM,RG,3780,3,D,XC,YJ,D
15:00:00,TLKM,RG,3780,2,D,XC,YJ,D
15:00:00,TLKM,RG,3780,2,D,NI,YJ,D
15:00:00,TLKM,RG,3780,300,D,SQ,YJ,D
15:00:00,TLKM,RG,3780,16,D,EP,YJ,D
15:00:00,TLKM,RG,3780,20,D,YP,YJ,D
15:00:00,TLKM,RG,3780,5,D,YP,YJ,D
15:00:00,TLKM,RG,3780,5,D,XC,YJ,D
15:00:00,TLKM,RG,3780,2,D,YP,YJ,D
15:00:00,TLKM,RG,3780,5,D,DX,YJ,D
15:00:00,TLKM,RG,3780,1,D,XC,YJ,D
15:00:00,TLKM,RG,3780,50,D,SQ,YJ,D
15:00:00,TLKM,RG,3780,4,D,XC,YJ,D
15:00:00,TLKM,RG,3780,1,D,PD,YJ,D
15:00:00,TLKM,RG,3780,1,D,XL,YJ,D
15:00:00,TLKM,RG,3780,10,D,XC,YJ,D
15:00:00,TLKM,RG,3780,10,D,NI,YJ,D
15:00:00,TLKM,RG,3780,30,D,XC,YJ,D
15:00:00,TLKM,RG,3780,2,D,XC,YJ,D
15:00:00,TLKM,RG,3780,1,D,YP,YJ,D
15:00:00,TLKM,RG,3780,3,D,XC,YJ,D
15:00:00,TLKM,RG,3780,7,D,XC,YJ,D
15:00:00,TLKM,RG,3780,50,D,YP,YJ,D
15:00:00,TLKM,RG,3780,10,D,XC,YJ,D
15:00:00,TLKM,RG,3780,5,D,YP,YJ,D
15:00:00,TLKM,RG,3780,3,D,EP,YJ,D
15:00:00,TLKM,RG,3780,1,D,NI,YJ,D
15:00:00,TLKM,RG,3780,4,D,XC,YJ,D
15:00:00,TLKM,RG,3780,1,D,PD,YJ,D
15:00:00,TLKM,RG,3780,5,D,XC,YJ,D
15:00:00,TLKM,RG,3780,3,D,XC,YJ,D
15:00:00,TLKM,RG,3780,5,D,XC,YJ,D
15:00:00,TLKM,RG,3780,2,D,YP,YJ,D
15:00:00,TLKM,RG,3780,5,D,PD,YJ,D
15:00:00,TLKM,RG,3780,1,D,PD,YJ,D
15:00:00,TLKM,RG,3780,5,D,CC,YJ,D
15:00:00,TLKM,RG,3780,10,D,NI,YJ,D
15:00:00,TLKM,RG,3780,1,D,YP,YJ,D
15:00:00,TLKM,RG,3780,4,D,XC,YJ,D
15:00:00,TLKM,RG,3780,5,D,PD,YJ,D
15:00:00,TLKM,RG,3780,2,D,PD,YJ,D
15:00:00,TLKM,RG,3780,5,D,CC,YJ,D
15:00:00,TLKM,RG,3780,3,D,YP,YJ,D
15:00:00,TLKM,RG,3780,100,D,PD,YJ,D
15:00:00,TLKM,RG,3780,1,D,XC,YJ,D
15:00:00,TLKM,RG,3780,2,D,PD,YJ,D
15:00:00,TLKM,RG,3780,3,D,XC,YJ,D
15:00:00,TLKM,RG,3780,300,D,GR,YJ,D
15:00:00,TLKM,RG,3780,5,D,NI,YJ,D
15:00:00,TLKM,RG,3780,1,D,YP,YJ,D
15:00:00,TLKM,RG,3780,100,D,YP,YJ,D
15:00:00,TLKM,RG,3780,5,D,CC,YJ,D
15:00:00,TLKM,RG,3780,1,D,PD,YJ,D
15:00:00,TLKM,RG,3780,1,D,XC,YJ,D
15:00:00,TLKM,RG,3780,5,D,EP,YJ,D
15:00:00,TLKM,RG,3780,6,D,XC,YJ,D
15:00:00,TLKM,RG,3780,1,D,PD,YJ,D
15:00:00,TLKM,RG,3780,1,D,PD,YJ,D
15:00:00,TLKM,RG,3780,50,D,CC,YJ,D
15:00:00,TLKM,RG,3780,1,D,YU,YJ,D
15:00:00,TLKM,RG,3780,8,D,XC,YJ,D
15:00:00,TLKM,RG,3780,130,D,SQ,YJ,D
15:00:00,TLKM,RG,3780,5,D,XC,YJ,D
15:00:00,TLKM,RG,3780,1,D,XC,YJ,D
15:00:00,TLKM,RG,3780,1,D,XC,YJ,D
15:00:00,TLKM,RG,3780,3,D,XC,YJ,D
15:00:00,TLKM,RG,3780,3,D,XC,YJ,D
15:00:00,TLKM,RG,3780,1,D,PD,YJ,D
15:00:00,TLKM,RG,3780,1,D,PD,YJ,D
15:00:00,TLKM,RG,3780,2,D,XC,YJ,D
15:00:00,TLKM,RG,3780,1,D,XC,YJ,D
15:00:00,TLKM,RG,3780,140,D,PD,YJ,D
15:00:00,TLKM,RG,3780,3,D,CC,YJ,D
15:00:00,TLKM,RG,3780,5,D,DR,YJ,D
15:00:00,TLKM,RG,3780,5,D,EP,YJ,D
15:00:00,TLKM,RG,3780,2,D,XL,YJ,D
15:00:00,TLKM,RG,3780,150,D,PD,YJ,D
15:00:00,TLKM,RG,3780,15,D,EP,YJ,D
15:00:00,TLKM,RG,3780,10,D,SQ,YJ,D
15:00:00,TLKM,RG,3780,3,D,XC,YJ,D
15:00:00,TLKM,RG,3780,9,D,YU,YJ,D
15:00:00,TLKM,RG,3780,10,D,YU,CC,D
15:00:00,TLKM,RG,3780,21,D,YU,YP,D
15:00:00,TLKM,RG,3780,1,D,XC,YP,D
15:00:00,TLKM,RG,3780,3,D,XC,YP,D
15:00:00,TLKM,RG,3780,1,D,XC,YP,D
15:00:00,TLKM,RG,3780,1,D,XC,YP,D
15:00:00,TLKM,RG,3780,3,D,CC,YP,D
15:00:00,TLKM,RG,3780,20,D,XC,YP,D
15:00:00,TLKM,RG,3780,55,D,XC,YP,D
15:00:00,TLKM,RG,3780,75,D,XC,YB,D
15:00:00,TLKM,RG,3780,5,D,DR,YB,D
15:00:00,TLKM,RG,3780,5,D,PD,YB,D
15:00:00,TLKM,RG,3780,239,F,ZP,YB,D
15:00:00,TLKM,RG,3780,20,D,XC,YB,D
15:00:00,TLKM,RG,3780,26,D,PD,YB,D
15:00:00,TLKM,RG,3780,3,D,XC,YB,D
15:00:00,TLKM,RG,3780,1,D,XC,YB,D
15:00:00,TLKM,RG,3780,100,D,PD,YB,D
15:00:00,TLKM,RG,3780,1,D,XC,YB,D
15:00:00,TLKM,RG,3780,1,D,XC,YB,D
15:00:00,TLKM,RG,3780,6,D,YP,YB,D
15:00:00,TLKM,RG,3780,1,D,XC,YB,D
15:00:00,TLKM,RG,3780,517,F,ZP,YB,D
15:00:00,TLKM,RG,3780,5,F,ZP,PD,D
15:00:00,TLKM,RG,3780,5,F,ZP,DH,D
15:00:00,TLKM,RG,3780,1000,F,ZP,YU,D
15:00:00,TLKM,RG,3780,1,F,ZP,PD,D
15:00:00,TLKM,RG,3780,20,F,ZP,SQ,D
15:00:00,TLKM,RG,3780,20,F,ZP,TP,D
15:00:00,TLKM,RG,3780,8,F,ZP,CC,D
15:00:00,TLKM,RG,3780,30,F,ZP,YU,D
15:00:00,TLKM,RG,3780,10,F,ZP,NI,D
15:00:00,TLKM,RG,3780,790,F,ZP,MG,D
15:00:00,TLKM,RG,3780,3,D,CC,MG,D
15:00:00,TLKM,RG,3780,5,D,YP,MG,D
15:00:00,TLKM,RG,3780,1,D,CC,MG,D
15:00:00,TLKM,RG,3780,2,D,YP,MG,D
15:00:00,TLKM,RG,3780,1199,F,CS,MG,D
15:00:00,TLKM,RG,3780,50,F,CS,PD,D
15:00:00,TLKM,RG,3780,514,F,CS,AK,F
15:00:00,TLKM,RG,3780,161,F,CS,AK,F
15:00:00,TLKM,RG,3780,332,F,CS,AK,F
15:00:00,TLKM,RG,3780,1,F,CS,AK,F
15:00:00,TLKM,RG,3780,50,F,CS,YP,D
15:00:00,TLKM,RG,3780,1000,F,CS,MG,D
15:00:00,TLKM,RG,3780,1047,F,CS,MG,D
15:00:00,TLKM,RG,3780,4,D,DH,MG,D
15:00:00,TLKM,RG,3780,5,D,DR,MG,D
15:00:00,TLKM,RG,3780,25,D,GR,MG,D
15:00:00,TLKM,RG,3780,12,D,PD,MG,D
15:00:00,TLKM,RG,3780,1,D,DR,MG,D
15:00:00,TLKM,RG,3780,13,D,NI,MG,D
15:00:00,TLKM,RG,3780,20,D,XC,MG,D
15:00:00,TLKM,RG,3780,15,D,KK,MG,D
15:00:00,TLKM,RG,3780,1,D,XC,MG,D
15:00:00,TLKM,RG,3780,2,D,PD,MG,D
15:00:00,TLKM,RG,3780,1,D,YP,MG,D
15:00:00,TLKM,RG,3780,1,D,RG,MG,D
15:00:00,TLKM,RG,3780,1,D,PD,MG,D
15:00:00,TLKM,RG,3780,5,D,PD,MG,D
15:00:00,TLKM,RG,3780,4,D,CC,MG,D
15:00:00,TLKM,RG,3780,2,D,XC,MG,D
15:00:00,TLKM,RG,3780,200,D,YP,MG,D
15:00:00,TLKM,RG,3780,141,D,GR,MG,D
15:00:00,TLKM,RG,3780,4792,D,GR,YU,F
15:00:00,TLKM,RG,3780,1268,D,GR,ZP,F
15:00:00,TLKM,RG,3780,4275,D,GR,ZP,F
15:00:00,TLKM,RG,3780,3182,D,GR,ZP,F
15:00:00,TLKM,RG,3780,3261,D,GR,CS,F
15:00:00,TLKM,RG,3780,18,D,GR,AK,F
15:00:00,TLKM,RG,3780,1,D,GR,AK,F
15:00:00,TLKM,RG,3780,41,D,GR,AK,F
15:00:00,TLKM,RG,3780,663,D,GR,AK,F
15:00:00,TLKM,RG,3780,1350,D,DH,AK,F
15:00:00,TLKM,RG,3780,1074,D,DH,ZP,F
15:00:00,TLKM,RG,3780,122,D,DH,CG,D
15:00:00,TLKM,RG,3780,1327,D,DH,DX,F
15:00:00,TLKM,RG,3780,527,D,DH,LG,D
15:00:00,TLKM,RG,3780,1500,D,DH,KZ,D
15:00:00,TLKM,RG,3780,554,D,DH,FS,F
15:00:00,TLKM,RG,3780,3000,D,DH,DR,D
15:00:00,TLKM,RG,3780,349,D,DH,AK,F
15:00:00,TLKM,RG,3780,50,D,DH,AK,F
15:00:00,TLKM,RG,3780,28,D,DH,AK,F
15:00:00,TLKM,RG,3780,57,D,DH,AK,F
15:00:00,TLKM,RG,3780,31,D,DH,AK,F
15:00:00,TLKM,RG,3780,242,D,DH,AK,F
15:00:00,TLKM,RG,3780,1457,D,DH,AK,F
15:00:00,TLKM,RG,3780,224,D,DH,ZP,F
15:00:00,TLKM,RG,3780,653,D,DH,DR,D
15:00:00,TLKM,RG,3780,64,D,DH,AK,F
15:00:00,TLKM,RG,3780,1,D,DH,AK,F
15:00:00,TLKM,RG,3780,1,D,DH,AK,F
15:00:00,TLKM,RG,3780,1,D,DH,AK,F
15:00:00,TLKM,RG,3780,1,D,DH,AK,F
15:00:00,TLKM,RG,3780,1,D,DH,AK,F
15:00:00,TLKM,RG,3780,131,D,DH,AK,F
15:00:00,TLKM,RG,3780,71,D,DH,AK,F
15:00:00,TLKM,RG,3780,564,D,DH,AK,F
15:00:00,TLKM,RG,3780,4317,D,DH,KZ,D
15:00:00,TLKM,RG,3780,20,D,YP,KZ,D
15:00:00,TLKM,RG,3780,100,D,YP,KZ,D
15:00:00,TLKM,RG,3780,297,D,ID,KZ,D
15:00:00,TLKM,RG,3780,133,D,ID,KZ,D
15:00:00,TLKM,RG,3780,2998,F,BK,KZ,D
15:00:00,TLKM,RG,3780,194,F,BK,KZ,F
15:00:00,TLKM,RG,3780,813,F,BK,AK,F
15:00:00,TLKM,RG,3780,115,F,BK,AK,F
15:00:00,TLKM,RG,3780,1155,F,BK,KZ,F
15:00:00,TLKM,RG,3780,1123,F,BK,KZ,F
15:00:00,TLKM,RG,3780,955,F,BK,ZP,F
15:00:00,TLKM,RG,3780,14,D,EP,ZP,F
15:00:00,TLKM,RG,3780,2,F,ZP,ZP,F
15:00:00,TLKM,RG,3780,28,F,ZP,ZP,F
15:00:00,TLKM,RG,3780,1294,F,ZP,ZP,F
15:00:00,TLKM,RG,3780,3034,F,ZP,YU,D
15:00:00,TLKM,RG,3780,938,F,ZP,YU,D
15:00:00,TLKM,RG,3780,138,F,ZP,YU,D
15:00:00,TLKM,RG,3780,525,F,BK,YU,D
15:00:00,TLKM,RG,3780,367,F,BK,YU,D
15:00:00,TLKM,RG,3780,6226,F,CS,YU,D
15:00:00,TLKM,RG,3780,2889,F,CS,YU,D
15:00:00,TLKM,RG,3780,1468,F,CS,YU,D
15:00:00,TLKM,RG,3780,603,F,DX,YU,D
15:00:00,TLKM,RG,3780,12378,F,DX,YU,D
15:00:00,TLKM,RG,3780,564,F,DX,YU,D
15:00:00,TLKM,RG,3780,1185,F,AK,YU,D
15:00:00,TLKM,RG,3780,1066,F,AK,YU,D
15:00:00,TLKM,RG,3780,1327,F,ZP,YU,D
15:00:00,TLKM,RG,3780,2170,F,RX,YU,D
15:00:00,TLKM,RG,3780,8190,F,KZ,YU,D
15:00:00,TLKM,RG,3780,5632,F,KZ,YU,D
15:00:00,TLKM,RG,3780,5,F,KZ,YU,D
15:00:00,TLKM,RG,3780,16383,F,YU,YU,D
15:00:00,TLKM,RG,3780,11,F,CC,YU,D
15:00:00,TLKM,RG,3780,343,D,PD,YU,D
15:00:00,TLKM,RG,3780,707,D,PD,YU,D
15:00:00,TLKM,RG,3780,39,D,PD,YU,D
14:49:59,TLKM,RG,3780,5,F,KZ,YJ,D
14:49:59,TLKM,RG,3780,17,F,ZP,YJ,D
14:49:59,TLKM,RG,3770,1,D,CP,AK,F
14:49:59,TLKM,RG,3770,1,D,CP,AK,F
14:49:59,TLKM,RG,3770,1,D,CP,AK,F
14:49:58,TLKM,RG,3780,7,F,ZP,YJ,D
14:49:58,TLKM,RG,3780,15,D,CC,YJ,D
14:49:58,TLKM,RG,3780,1,F,KZ,YJ,D
14:49:58,TLKM,RG,3770,2,D,CP,AK,F
14:49:58,TLKM,RG,3770,2,D,CP,AK,F
14:49:58,TLKM,RG,3770,1,D,CP,AK,F
14:49:58,TLKM,RG,3770,3,D,CP,AK,F
14:49:58,TLKM,RG,3770,1,D,CP,AK,F
14:49:58,TLKM,RG,3770,1,D,CP,AK,F
14:49:58,TLKM,RG,3770,1,D,CP,AK,F
14:49:58,TLKM,RG,3770,1,D,CP,AK,F
14:49:58,TLKM,RG,3770,1,D,CP,AK,F
14:49:58,TLKM,RG,3770,42,D,CP,ZP,F
14:49:57,TLKM,RG,3780,2,F,KZ,YJ,D
14:49:57,TLKM,RG,3770,2,D,CP,AK,F
14:49:57,TLKM,RG,3780,5,F,ZP,YJ,D
14:49:57,TLKM,RG,3770,1,D,CP,AK,F
14:49:57,TLKM,RG,3780,2,F,KZ,YJ,D
14:49:56,TLKM,RG,3780,21,F,KZ,YJ,D
14:49:56,TLKM,RG,3780,1500,D,MG,YJ,D
14:49:56,TLKM,RG,3780,23,F,ZP,YJ,D
14:49:56,TLKM,RG,3770,31,D,CP,DX,F
14:49:56,TLKM,RG,3770,13,F,ZP,DX,F
14:49:55,TLKM,RG,3780,4,F,KZ,YJ,D
14:49:55,TLKM,RG,3780,1,F,ZP,YJ,D
14:49:55,TLKM,RG,3770,6,F,ZP,AK,F
14:49:55,TLKM,RG,3770,1,F,ZP,AK,F
14:49:54,TLKM,RG,3770,193,F,ZP,NI,D
14:49:54,TLKM,RG,3770,1000,D,YP,NI,D
14:49:54,TLKM,RG,3770,2,D,XC,NI,D
14:49:54,TLKM,RG,3770,200,D,CP,NI,D
14:49:54,TLKM,RG,3770,2,D,CC,NI,D
14:49:54,TLKM,RG,3770,5,D,YP,NI,D
14:49:54,TLKM,RG,3770,1,D,YP,NI,D
14:49:54,TLKM,RG,3770,1,D,XC,NI,D
14:49:54,TLKM,RG,3770,6,D,XC,NI,D
14:49:54,TLKM,RG,3770,5,D,LG,NI,D
14:49:54,TLKM,RG,3770,2,D,YP,NI,D
14:49:54,TLKM,RG,3770,1,D,YP,NI,D
14:49:54,TLKM,RG,3770,39,D,XC,NI,D
14:49:54,TLKM,RG,3770,181,F,BK,NI,D
14:49:54,TLKM,RG,3770,2,D,SQ,NI,D
14:49:54,TLKM,RG,3770,1,D,XC,NI,D
14:49:54,TLKM,RG,3770,39,D,YB,NI,D
14:49:54,TLKM,RG,3770,2,D,PD,NI,D
14:49:54,TLKM,RG,3770,24,D,KK,NI,D
14:49:54,TLKM,RG,3770,1,D,CC,NI,D
14:49:54,TLKM,RG,3770,3,D,XC,NI,D
14:49:54,TLKM,RG,3770,1,D,XC,NI,D
14:49:54,TLKM,RG,3770,3,D,AT,NI,D
14:49:54,TLKM,RG,3770,10,D,YP,NI,D
14:49:54,TLKM,RG,3770,1,D,PD,NI,D
14:49:54,TLKM,RG,3770,2,D,XC,NI,D
14:49:54,TLKM,RG,3770,3,D,XC,NI,D
14:49:54,TLKM,RG,3770,5,D,YP,NI,D
14:49:54,TLKM,RG,3770,65,D,CC,NI,D
14:49:54,TLKM,RG,3770,1,D,CP,NI,D
14:49:54,TLKM,RG,3770,5,D,CC,NI,D
14:49:54,TLKM,RG,3770,4,F,DH,NI,D
14:49:54,TLKM,RG,3770,1,D,PD,NI,D
14:49:54,TLKM,RG,3770,4,D,NI,NI,D
14:49:54,TLKM,RG,3770,1,D,PD,NI,D
14:49:54,TLKM,RG,3770,50,D,CC,NI,D
14:49:54,TLKM,RG,3770,10,D,YP,NI,D
14:49:54,TLKM,RG,3770,1,D,KK,NI,D
14:49:54,TLKM,RG,3770,10,D,CC,NI,D
14:49:54,TLKM,RG,3770,10,D,YP,NI,D
14:49:54,TLKM,RG,3770,4,D,PD,NI,D
14:49:54,TLKM,RG,3770,299,D,YB,NI,D
14:49:54,TLKM,RG,3780,1,F,KZ,YJ,D
14:49:54,TLKM,RG,3780,23,F,ZP,YJ,D
14:49:54,TLKM,RG,3780,94,F,BK,YJ,D
14:49:54,TLKM,RG,3780,4,F,ZP,YJ,D
14:49:54,TLKM,RG,3770,1,D,YB,AK,F
14:49:54,TLKM,RG,3770,36,D,YB,ZP,F
14:49:53,TLKM,RG,3780,2,F,KZ,YJ,D
14:49:53,TLKM,RG,3770,4,D,YB,AK,F
14:49:53,TLKM,RG,3770,2,D,YB,AK,F
14:49:53,TLKM,RG,3780,1,F,ZP,YJ,D
14:49:53,TLKM,RG,3770,1,D,YB,AK,F
14:49:52,TLKM,RG,3780,2,F,ZP,YJ,D
14:49:52,TLKM,RG,3780,12,F,KZ,YJ,D
14:49:52,TLKM,RG,3780,7,F,ZP,YJ,D
14:49:51,TLKM,RG,3780,8,F,KZ,YJ,D
14:49:51,TLKM,RG,3780,63,F,ZP,YJ,D
14:49:51,TLKM,RG,3780,1,D,PD,YJ,D
14:49:51,TLKM,RG,3770,1,D,YB,AK,F
14:49:51,TLKM,RG,3770,116,D,YB,ZP,F
14:49:50,TLKM,RG,3780,2,F,KZ,YJ,D
14:49:50,TLKM,RG,3780,79,F,BK,YJ,D
14:49:49,TLKM,RG,3780,1,F,KZ,YJ,D
14:49:48,TLKM,RG,3780,13,F,KZ,YJ,D
14:49:48,TLKM,RG,3780,1,F,ZP,YJ,D
14:49:48,TLKM,RG,3780,2,D,PD,YJ,D
14:49:48,TLKM,RG,3770,1,D,YB,AK,F
14:49:48,TLKM,RG,3770,1,D,YB,AK,F
14:49:48,TLKM,RG,3780,22,F,CS,YJ,D
14:49:47,TLKM,RG,3780,1,F,KZ,YJ,D
14:49:47,TLKM,RG,3780,1,F,ZP,YJ,D
14:49:46,TLKM,RG,3780,65,F,BK,YJ,D
14:49:46,TLKM,RG,3770,38,D,YB,CS,F
14:49:46,TLKM,RG,3770,12,D,YU,CS,F
14:49:46,TLKM,RG,3770,11,D,YU,CS,F
14:49:46,TLKM,RG,3770,1,D,YU,AK,F
14:49:46,TLKM,RG,3770,1,D,YU,AK,F
14:49:46,TLKM,RG,3770,1,D,YU,AK,F
14:49:45,TLKM,RG,3780,17,F,KZ,YJ,D
14:49:45,TLKM,RG,3780,2,F,ZP,YJ,D
14:49:45,TLKM,RG,3770,1,D,YU,AK,F
14:49:44,TLKM,RG,3780,1,F,ZP,YJ,D
14:49:44,TLKM,RG,3780,12,F,KZ,YJ,D
14:49:44,TLKM,RG,3770,17,D,YU,AK,F
14:49:44,TLKM,RG,3780,5,D,NI,YJ,D
14:49:44,TLKM,RG,3780,112,F,BK,YJ,D
14:49:44,TLKM,RG,3780,1,F,CC,YJ,D
14:49:44,TLKM,RG,3770,1,D,YU,PD,D
14:49:43,TLKM,RG,3780,1,F,KZ,YJ,D
14:49:43,TLKM,RG,3780,62,F,ZP,YJ,D
14:49:43,TLKM,RG,3770,30,D,YU,AK,F
14:49:43,TLKM,RG,3770,10,D,YU,AK,F
14:49:43,TLKM,RG,3770,6,D,YU,AK,F
14:49:43,TLKM,RG,3770,3,D,YU,AK,F
14:49:42,TLKM,RG,3780,21,F,KZ,YJ,D
14:49:42,TLKM,RG,3780,1,F,ZP,YJ,D
14:49:41,TLKM,RG,3780,2,F,ZP,YJ,D
14:49:41,TLKM,RG,3780,15,F,KZ,YJ,D
14:49:40,TLKM,RG,3770,177,D,YU,ZP,F
14:49:40,TLKM,RG,3780,1,F,ZP,YJ,D
14:49:40,TLKM,RG,3780,3,F,KZ,YJ,D
14:49:39,TLKM,RG,3780,126,F,KZ,YJ,D
14:49:39,TLKM,RG,3780,11,F,ZP,YJ,D
14:49:39,TLKM,RG,3780,1,D,CC,YJ,D
14:49:39,TLKM,RG,3780,125,F,BK,YJ,D
14:49:38,TLKM,RG,3780,18,F,KZ,YJ,D
14:49:38,TLKM,RG,3780,2,F,ZP,YJ,D
14:49:38,TLKM,RG,3770,229,D,YU,CC,D
14:49:38,TLKM,RG,3770,3,D,YP,CC,D
14:49:38,TLKM,RG,3770,20,D,TP,CC,D
14:49:38,TLKM,RG,3770,1,D,CC,CC,D
14:49:38,TLKM,RG,3770,65,F,ZP,CC,D
14:49:38,TLKM,RG,3770,1,D,BQ,CC,D
14:49:38,TLKM,RG,3770,100,D,YP,CC,D
14:49:38,TLKM,RG,3770,200,D,CC,CC,D
14:49:38,TLKM,RG,3770,1,D,PD,CC,D
14:49:38,TLKM,RG,3770,10,D,PD,CC,D
14:49:38,TLKM,RG,3770,1,D,CC,CC,D
14:49:38,TLKM,RG,3770,1,D,EP,CC,D
14:49:38,TLKM,RG,3770,1,D,NI,CC,D
14:49:38,TLKM,RG,3770,1,D,YP,CC,D
14:49:38,TLKM,RG,3770,2,D,NI,CC,D
14:49:38,TLKM,RG,3770,11,D,DR,CC,D
14:49:38,TLKM,RG,3770,2,D,DR,CC,D
14:49:38,TLKM,RG,3770,1,D,PD,CC,D
14:49:38,TLKM,RG,3770,5,D,PD,CC,D
14:49:38,TLKM,RG,3770,345,D,MG,CC,D
14:49:38,TLKM,RG,3780,80,F,CS,YJ,D
14:49:37,TLKM,RG,3780,1,F,KZ,YJ,D
14:49:37,TLKM,RG,3770,150,D,MG,HP,D
14:49:37,TLKM,RG,3770,4,D,MG,PD,D
14:49:36,TLKM,RG,3780,5,F,KZ,YJ,D
14:49:35,TLKM,RG,3780,2,F,ZP,YJ,D
14:49:35,TLKM,RG,3780,11,F,KZ,YJ,D
14:49:35,TLKM,RG,3780,43,F,BK,YJ,D
14:49:34,TLKM,RG,3780,4,F,KZ,YJ,D
14:49:34,TLKM,RG,3770,45,D,MG,KZ,F
14:49:33,TLKM,RG,3770,46,D,MG,RX,D
14:49:33,TLKM,RG,3780,35,F,DX,YJ,D
14:49:32,TLKM,RG,3780,11,F,KZ,YJ,D
14:49:32,TLKM,RG,3780,1,F,ZP,YJ,D
14:49:31,TLKM,RG,3780,1,F,KZ,YJ,D
14:49:31,TLKM,RG,3780,1,F,ZP,YJ,D
14:49:31,TLKM,RG,3780,52,F,DX,YJ,D
14:49:31,TLKM,RG,3780,42,F,CS,YJ,D
14:49:30,TLKM,RG,3780,2,D,KK,YJ,D
14:49:30,TLKM,RG,3780,44,F,KZ,YJ,D
14:49:30,TLKM,RG,3770,1,D,MG,AK,F
14:49:29,TLKM,RG,3780,5,F,KZ,YJ,D
14:49:29,TLKM,RG,3770,45,D,MG,AK,F
14:49:29,TLKM,RG,3770,5,D,MG,AK,F
14:49:29,TLKM,RG,3780,43,F,BK,YJ,D
14:49:28,TLKM,RG,3780,2,F,ZP,YJ,D
14:49:27,TLKM,RG,3780,15,F,KZ,YJ,D
14:49:27,TLKM,RG,3780,121,F,CS,YJ,D
14:49:26,TLKM,RG,3780,2,F,ZP,YJ,D
14:49:26,TLKM,RG,3780,23,F,KZ,YJ,D
14:49:25,TLKM,RG,3780,4,F,KZ,YJ,D
14:49:25,TLKM,RG,3780,1,F,ZP,YJ,D
14:49:25,TLKM,RG,3770,130,D,MG,ZP,F
14:49:25,TLKM,RG,3780,55,F,ZP,YJ,D
14:49:24,TLKM,RG,3780,70,F,KZ,YJ,D
14:49:24,TLKM,RG,3780,39,F,BK,YJ,D
14:49:23,TLKM,RG,3780,8,F,KZ,YJ,D
14:49:23,TLKM,RG,3770,64,D,MG,KZ,F
14:49:21,TLKM,RG,3770,1,D,MG,XC,D
14:49:21,TLKM,RG,3780,1,F,ZP,YJ,D
14:49:19,TLKM,RG,3780,6,F,KZ,YJ,D
14:49:19,TLKM,RG,3780,46,F,BK,YJ,D
14:49:18,TLKM,RG,3780,1,F,KZ,YJ,D
14:49:17,TLKM,RG,3780,5,F,ZP,YJ,D
14:49:17,TLKM,RG,3780,36,F,KZ,YJ,D
14:49:16,TLKM,RG,3780,1,F,ZP,YJ,D
14:49:16,TLKM,RG,3780,3,F,KZ,YJ,D
14:49:16,TLKM,RG,3780,36,F,CS,YJ,D
14:49:16,TLKM,RG,3780,42,F,BK,YJ,D
14:49:16,TLKM,RG,3780,149,F,AK,YJ,D
14:49:16,TLKM,RG,3780,3,D,YU,YJ,D
14:49:16,TLKM,RG,3770,14,D,MG,AK,F
14:49:15,TLKM,RG,3770,9,D,MG,AK,F
14:49:15,TLKM,RG,3780,8,F,ZP,YJ,D
14:49:15,TLKM,RG,3780,34,F,KZ,YJ,D
14:49:15,TLKM,RG,3780,32,F,KZ,BQ,D
14:49:15,TLKM,RG,3780,11,F,KZ,AK,F
14:49:15,TLKM,RG,3780,3,F,KZ,LG,D
14:49:15,TLKM,RG,3780,1,F,KZ,AK,F
14:49:15,TLKM,RG,3780,4,F,KZ,AK,F
14:49:15,TLKM,RG,3780,7,F,KZ,XC,D
14:49:15,TLKM,RG,3780,5,F,KZ,NI,D
14:49:15,TLKM,RG,3780,10,F,KZ,EP,D
14:49:15,TLKM,RG,3780,2,F,KZ,XC,D
14:49:15,TLKM,RG,3780,20,F,KZ,XC,D
14:49:15,TLKM,RG,3780,2,F,KZ,PD,D
14:49:15,TLKM,RG,3780,1,F,KZ,XC,D
14:49:15,TLKM,RG,3780,11,F,KZ,CS,F
14:49:15,TLKM,RG,3770,58,D,MG,BB,D
14:49:15,TLKM,RG,3770,1,D,MG,AK,F
14:49:15,TLKM,RG,3770,1,D,MG,AK,F
14:49:14,TLKM,RG,3780,50,F,KZ,CS,F
14:49:14,TLKM,RG,3770,184,D,MG,BB,D
14:49:13,TLKM,RG,3770,203,D,MG,ZP,F
14:49:13,TLKM,RG,3780,5,F,KZ,CS,F
14:49:13,TLKM,RG,3770,96,D,MG,AK,F
14:49:13,TLKM,RG,3780,3,F,ZP,CS,F
14:49:13,TLKM,RG,3770,10,D,MG,AK,F
14:49:12,TLKM,RG,3770,239,D,MG,BB,D
14:49:12,TLKM,RG,3780,15,F,CS,CS,F
14:49:12,TLKM,RG,3780,32,F,CS,CS,F
14:49:12,TLKM,RG,3780,19,F,CS,CS,F
14:49:12,TLKM,RG,3780,3,F,CS,AK,F
14:49:12,TLKM,RG,3780,21,F,KZ,AK,F
14:49:12,TLKM,RG,3770,21,D,MG,BB,D
14:49:11,TLKM,RG,3770,14,D,MG,BB,D
14:49:11,TLKM,RG,3780,14,F,KZ,AK,F
14:49:11,TLKM,RG,3770,1,D,MG,PD,D
14:49:11,TLKM,RG,3780,1,D,XC,AK,F
14:49:10,TLKM,RG,3770,12,D,MG,BB,D
14:49:10,TLKM,RG,3770,132,D,MG,BB,D
14:49:10,TLKM,RG,3770,17,D,MG,AK,F
14:49:10,TLKM,RG,3780,15,F,ZP,AK,F
14:49:10,TLKM,RG,3780,5,F,KZ,AK,F
14:49:10,TLKM,RG,3770,8,D,MG,AK,F
14:49:10,TLKM,RG,3770,7,D,MG,BB,D
14:49:10,TLKM,RG,3770,90,D,MG,BB,D
14:49:09,TLKM,RG,3780,10,D,YU,BB,D
14:49:09,TLKM,RG,3780,17,F,KZ,BB,D
14:49:08,TLKM,RG,3780,1,D,BB,BB,D
14:49:08,TLKM,RG,3780,41,F,DX,BB,D
14:49:08,TLKM,RG,3780,5,F,KZ,BB,D
14:49:08,TLKM,RG,3770,1,D,MG,BB,D
14:49:07,TLKM,RG,3780,16,F,KZ,BB,D
14:49:07,TLKM,RG,3770,46,D,MG,CS,F
14:49:07,TLKM,RG,3770,2,D,XC,CS,F
14:49:07,TLKM,RG,3770,2,D,XC,CS,F
14:49:07,TLKM,RG,3770,61,D,XC,CS,F
14:49:07,TLKM,RG,3770,2,D,CC,CS,F
14:49:07,TLKM,RG,3770,3,D,PD,CS,F
14:49:07,TLKM,RG,3770,5,D,PD,CS,F
14:49:07,TLKM,RG,3770,43,D,YP,CS,F
14:49:06,TLKM,RG,3770,7,D,YP,BB,D
14:49:06,TLKM,RG,3770,2,D,XC,BB,D
14:49:06,TLKM,RG,3770,1,D,PD,BB,D
14:49:06,TLKM,RG,3770,6,D,CC,BB,D
14:49:06,TLKM,RG,3780,127,F,CS,BB,D
14:49:05,TLKM,RG,3780,1,F,KZ,BB,D
14:49:04,TLKM,RG,3780,3,F,ZP,BB,D
14:49:04,TLKM,RG,3780,5,F,ZP,CC,D
14:49:04,TLKM,RG,3780,4,F,ZP,BB,D
14:49:04,TLKM,RG,3770,2,D,CC,BB,D
14:49:03,TLKM,RG,3780,1,F,KZ,BB,D
14:49:02,TLKM,RG,3770,2,D,CC,BB,D
14:49:02,TLKM,RG,3780,6,F,KZ,BB,D
14:49:01,TLKM,RG,3780,17,F,KZ,BB,D
14:49:01,TLKM,RG,3770,19,D,CC,AK,F
14:49:01,TLKM,RG,3780,2,D,XC,BB,D
14:49:00,TLKM,RG,3770,1,D,CC,AK,F
14:49:00,TLKM,RG,3780,1,F,KZ,BB,D
14:49:00,TLKM,RG,3770,10,D,CC,AK,F
14:49:00,TLKM,RG,3770,6,D,CC,AK,F
14:49:00,TLKM,RG,3770,12,D,CC,AK,F
14:49:00,TLKM,RG,3770,2,D,CC,AK,F
14:49:00,TLKM,RG,3770,2,D,CC,AK,F
14:49:00,TLKM,RG,3770,47,D,CC,AK,F
14:49:00,TLKM,RG,3770,1,D,CC,AK,F
14:49:00,TLKM,RG,3770,2,D,PD,AK,F
14:49:00,TLKM,RG,3770,1,D,PD,AK,F
14:49:00,TLKM,RG,3770,5,D,YP,AK,F
14:49:00,TLKM,RG,3770,1,D,NI,AK,F
14:49:00,TLKM,RG,3770,19,D,CC,AK,F
14:49:00,TLKM,RG,3770,6,D,CC,AK,F
14:49:00,TLKM,RG,3770,38,D,YP,AK,F
14:49:00,TLKM,RG,3770,10,D,YP,AK,F
14:49:00,TLKM,RG,3770,4,D,YP,AK,F
14:49:00,TLKM,RG,3770,4,D,YP,AK,F
14:48:59,TLKM,RG,3780,28,F,KZ,BB,D
14:48:59,TLKM,RG,3770,10,D,YP,AK,F
14:48:59,TLKM,RG,3770,1,D,YP,AK,F
14:48:59,TLKM,RG,3770,1,D,YP,AK,F
14:48:58,TLKM,RG,3780,1,F,KZ,BB,D
14:48:58,TLKM,RG,3770,3,D,YP,BB,D
14:48:58,TLKM,RG,3770,4,D,YP,AK,F
14:48:57,TLKM,RG,3780,6,F,KZ,BB,D
14:48:56,TLKM,RG,3780,1,F,KZ,BB,D
14:48:56,TLKM,RG,3770,25,D,YP,YP,D
14:48:56,TLKM,RG,3770,5,D,YP,YP,D
14:48:56,TLKM,RG,3770,2,D,XC,YP,D
14:48:56,TLKM,RG,3770,8,D,PD,YP,D
14:48:56,TLKM,RG,3770,1,D,PD,AK,F
14:48:55,TLKM,RG,3780,35,F,KZ,BB,D
14:48:55,TLKM,RG,3770,1,D,PD,AK,F
14:48:54,TLKM,RG,3780,22,F,KZ,BB,D
14:48:54,TLKM,RG,3770,10,D,PD,KZ,F
14:48:54,TLKM,RG,3770,8,D,YP,KZ,F
14:48:53,TLKM,RG,3780,19,F,KZ,BB,D
14:48:53,TLKM,RG,3770,2,D,YP,ZP,F
14:48:53,TLKM,RG,3770,20,D,NI,ZP,F
14:48:53,TLKM,RG,3770,40,D,YP,ZP,F
14:48:53,TLKM,RG,3770,3,D,KK,ZP,F
14:48:53,TLKM,RG,3770,1,D,XC,ZP,F
14:48:53,TLKM,RG,3770,5,D,CC,ZP,F
14:48:53,TLKM,RG,3770,30,D,YP,ZP,F
14:48:53,TLKM,RG,3770,1,D,XC,ZP,F
14:48:53,TLKM,RG,3770,1,D,XC,ZP,F
14:48:53,TLKM,RG,3770,1,D,XC,ZP,F
14:48:53,TLKM,RG,3770,8,D,PD,ZP,F
14:48:53,TLKM,RG,3770,1,D,XC,ZP,F
14:48:53,TLKM,RG,3770,5,D,PD,ZP,F
14:48:53,TLKM,RG,3770,144,D,YB,ZP,F
14:48:53,TLKM,RG,3780,3,F,ZP,BB,D
14:48:53,TLKM,RG,3770,60,D,YB,BB,D
14:48:53,TLKM,RG,3770,1,D,YB,ZP,F
14:48:52,TLKM,RG,3770,99,D,YB,ZP,F
14:48:52,TLKM,RG,3770,40,D,YB,ZP,F
14:48:52,TLKM,RG,3780,5,F,KZ,BB,D
14:48:52,TLKM,RG,3770,101,D,YB,ZP,F
14:48:52,TLKM,RG,3770,7,D,YB,CC,D
14:48:52,TLKM,RG,3770,48,D,YB,ZP,F
14:48:52,TLKM,RG,3770,1,D,XC,ZP,F
14:48:52,TLKM,RG,3770,1,D,YP,ZP,F
14:48:52,TLKM,RG,3770,3,D,XC,ZP,F
14:48:52,TLKM,RG,3770,2,D,PD,ZP,F
14:48:52,TLKM,RG,3770,6,D,XC,ZP,F
14:48:52,TLKM,RG,3770,1,F,CC,ZP,F
14:48:52,TLKM,RG,3770,1,D,XC,ZP,F
14:48:52,TLKM,RG,3770,40,F,ZP,ZP,F
14:48:48,TLKM,RG,3770,1,F,ZP,BB,D
14:48:46,TLKM,RG,3780,3,F,KZ,BB,D
14:48:46,TLKM,RG,3780,1,D,PD,BB,D
14:48:46,TLKM,RG,3770,1,F,ZP,ZP,F
14:48:45,TLKM,RG,3780,1,F,KZ,BB,D
14:48:45,TLKM,RG,3770,12,F,ZP,AK,F
14:48:45,TLKM,RG,3770,1,F,ZP,AK,F
14:48:45,TLKM,RG,3770,10,F,ZP,ZP,F
14:48:45,TLKM,RG,3780,9,F,ZP,BB,D
14:48:45,TLKM,RG,3770,1,F,ZP,ZP,F
14:48:44,TLKM,RG,3780,6,F,KZ,BB,D
14:48:44,TLKM,RG,3770,50,F,ZP,YP,D
14:48:43,TLKM,RG,3770,2,F,ZP,BB,D
14:48:42,TLKM,RG,3780,4,F,KZ,BB,D
14:48:42,TLKM,RG,3770,3,F,ZP,AK,F
14:48:41,TLKM,RG,3770,32,F,ZP,BB,D
14:48:41,TLKM,RG,3780,5,D,AZ,BB,D
14:48:36,TLKM,RG,3780,11,F,KZ,BB,D
14:48:35,TLKM,RG,3770,63,F,ZP,BB,D
14:48:35,TLKM,RG,3780,7,F,KZ,BB,D
14:48:34,TLKM,RG,3780,105,F,KZ,BB,D
14:48:34,TLKM,RG,3780,7,F,KZ,BB,D
14:48:33,TLKM,RG,3780,5,F,KZ,BB,D
14:48:33,TLKM,RG,3770,30,F,ZP,BB,D
14:48:33,TLKM,RG,3770,10,F,ZP,NI,D
14:48:33,TLKM,RG,3780,17,F,CS,BB,D
14:48:33,TLKM,RG,3780,98,F,CS,OD,D
14:48:33,TLKM,RG,3770,207,F,ZP,KZ,F
14:48:33,TLKM,RG,3770,1,D,XC,KZ,F
14:48:33,TLKM,RG,3770,1,D,XC,KZ,F
14:48:33,TLKM,RG,3770,119,F,CS,KZ,F
14:48:33,TLKM,RG,3770,1,D,CC,KZ,F
14:48:33,TLKM,RG,3770,1,D,PD,KZ,F
14:48:33,TLKM,RG,3770,114,D,EP,KZ,F
14:48:33,TLKM,RG,3770,2,D,PD,KZ,F
14:48:33,TLKM,RG,3770,15,D,PD,KZ,F
14:48:33,TLKM,RG,3770,1,D,NI,KZ,F
14:48:33,TLKM,RG,3770,30,D,CC,KZ,F
14:48:33,TLKM,RG,3770,12,F,CS,KZ,F
14:48:33,TLKM,RG,3770,1,F,BK,KZ,F
14:48:32,TLKM,RG,3780,12,F,KZ,OD,D
14:48:30,TLKM,RG,3780,3,D,PD,OD,D
14:48:30,TLKM,RG,3780,8,F,KZ,OD,D
14:48:30,TLKM,RG,3780,5,F,KZ,OD,D
14:48:29,TLKM,RG,3770,2,F,BK,BB,D
14:48:29,TLKM,RG,3770,3,F,BK,AK,F
14:48:27,TLKM,RG,3780,1,F,CC,OD,D
14:48:27,TLKM,RG,3780,7,F,KZ,OD,D
14:48:27,TLKM,RG,3770,58,F,BK,BB,D
14:48:27,TLKM,RG,3780,39,F,DX,OD,D
14:48:27,TLKM,RG,3780,11,F,KZ,OD,D
14:48:24,TLKM,RG,3770,8,F,BK,BB,D
14:48:24,TLKM,RG,3780,4,F,KZ,OD,D
14:48:23,TLKM,RG,3770,177,F,BK,CS,F
14:48:23,TLKM,RG,3770,66,F,BK,CS,F
14:48:23,TLKM,RG,3770,35,F,BK,BB,D
14:48:23,TLKM,RG,3780,207,F,ZP,OD,D
14:48:23,TLKM,RG,3780,41,F,ZP,AK,F
14:48:23,TLKM,RG,3780,52,F,ZP,AK,F
14:48:23,TLKM,RG,3780,5,F,ZP,AK,F
14:48:23,TLKM,RG,3780,25,F,ZP,AK,F
14:48:21,TLKM,RG,3770,7,F,BK,DR,D
14:48:21,TLKM,RG,3770,10,F,BK,DR,D
14:48:21,TLKM,RG,3770,3,F,BK,BB,D
14:48:21,TLKM,RG,3770,6,F,BK,DR,D
14:48:21,TLKM,RG,3780,5,F,KZ,AK,F
14:48:20,TLKM,RG,3780,1,F,KZ,AK,F
14:48:20,TLKM,RG,3780,47,D,PD,AK,F
14:48:20,TLKM,RG,3780,76,D,PD,AK,F
14:48:20,TLKM,RG,3780,21,D,PD,AK,F
14:48:20,TLKM,RG,3780,5,D,PD,AK,F
14:48:19,TLKM,RG,3780,25,F,KZ,AK,F
14:48:16,TLKM,RG,3770,50,F,BK,BB,D
14:48:15,TLKM,RG,3770,35,F,BK,BB,D
14:48:15,TLKM,RG,3770,38,F,BK,AK,F
14:48:15,TLKM,RG,3770,7,F,BK,BB,D
14:48:15,TLKM,RG,3780,5,F,KZ,AK,F
14:48:15,TLKM,RG,3780,40,F,CS,AK,F
14:48:15,TLKM,RG,3780,22,F,CS,AK,F
14:48:15,TLKM,RG,3780,9,F,CS,ZP,F
14:48:15,TLKM,RG,3780,8,D,NI,ZP,F
14:48:15,TLKM,RG,3780,9,D,NI,AK,F
14:48:15,TLKM,RG,3780,3,D,NI,AK,F
14:48:12,TLKM,RG,3770,3,F,BK,DR,D
14:48:12,TLKM,RG,3770,5,F,BK,DR,D
14:48:12,TLKM,RG,3770,2,F,BK,DR,D
14:48:11,TLKM,RG,3770,5,F,BK,DR,D
14:48:11,TLKM,RG,3770,8,F,BK,DR,D
14:48:11,TLKM,RG,3770,4,F,BK,AK,F
14:48:11,TLKM,RG,3770,4,F,BK,DR,D
14:48:09,TLKM,RG,3780,2,F,KZ,AK,F
14:48:09,TLKM,RG,3780,1,F,KZ,AK,F
14:48:09,TLKM,RG,3780,7,F,KZ,BB,D
14:48:09,TLKM,RG,3780,22,F,KZ,ZP,F
14:48:09,TLKM,RG,3770,9,F,BK,BB,D
14:48:07,TLKM,RG,3770,85,F,BK,BB,D
14:48:06,TLKM,RG,3770,16,F,BK,BB,D
14:48:06,TLKM,RG,3780,24,F,KZ,ZP,F
14:48:06,TLKM,RG,3770,7,F,BK,BB,D
14:48:06,TLKM,RG,3770,172,F,BK,BB,D
14:48:05,TLKM,RG,3780,217,F,KZ,ZP,F
14:48:05,TLKM,RG,3780,78,F,CS,ZP,F
14:48:03,TLKM,RG,3770,7,F,BK,AK,F
14:48:01,TLKM,RG,3770,90,F,BK,AK,F
14:48:01,TLKM,RG,3770,916,F,BK,PD,D
14:48:01,TLKM,RG,3770,73,F,BK,AK,F
14:48:00,TLKM,RG,3770,29,F,BK,AK,F
14:48:00,TLKM,RG,3770,74,F,BK,AK,F
14:48:00,TLKM,RG,3770,11,F,BK,AK,F
14:47:56,TLKM,RG,3770,36,F,BK,BB,D
14:47:56,TLKM,RG,3770,4,F,BK,AK,F
14:47:56,TLKM,RG,3770,7,F,BK,AK,F
14:47:55,TLKM,RG,3780,39,F,DX,ZP,F
14:47:54,TLKM,RG,3780,74,F,CS,ZP,F
14:47:49,TLKM,RG,3770,101,F,BK,BB,D
14:47:49,TLKM,RG,3770,5,F,KZ,BB,D
14:47:49,TLKM,RG,3770,106,F,KZ,BB,D
14:47:47,TLKM,RG,3780,1,D,PD,ZP,F
14:47:46,TLKM,RG,3780,1,F,KZ,ZP,F
14:47:46,TLKM,RG,3770,14,F,KZ,AK,F
14:47:46,TLKM,RG,3770,16,F,ZP,AK,F
14:47:46,TLKM,RG,3780,1,F,KZ,ZP,F
14:47:45,TLKM,RG,3780,52,F,BK,ZP,F
14:47:45,TLKM,RG,3780,9,F,BK,OD,D
14:47:45,TLKM,RG,3780,1,D,XC,OD,D
14:47:44,TLKM,RG,3780,8,F,KZ,OD,D
14:47:44,TLKM,RG,3780,4,F,KZ,OD,D
14:47:44,TLKM,RG,3780,3,F,KZ,OD,D
14:47:44,TLKM,RG,3780,8,F,KZ,OD,D
14:47:43,TLKM,RG,3780,82,F,CS,OD,D
14:47:43,TLKM,RG,3770,2,F,ZP,XC,D
14:47:43,TLKM,RG,3770,25,F,ZP,AK,F
14:47:41,TLKM,RG,3780,18,F,ZP,OD,D
14:47:41,TLKM,RG,3780,72,F,BK,OD,D
14:47:38,TLKM,RG,3770,5,F,ZP,AK,F
14:47:38,TLKM,RG,3770,17,F,ZP,AK,F
14:47:37,TLKM,RG,3780,1,F,KZ,OD,D
14:47:37,TLKM,RG,3780,68,F,BK,OD,D
14:47:37,TLKM,RG,3780,1,F,KZ,OD,D
14:47:37,TLKM,RG,3780,1,F,KZ,OD,D
14:47:37,TLKM,RG,3780,296,F,KZ,OD,D
14:47:37,TLKM,RG,3780,39,F,DX,OD,D
14:47:32,TLKM,RG,3780,68,F,CS,OD,D
14:47:32,TLKM,RG,3780,153,F,ZP,OD,D
14:47:32,TLKM,RG,3770,78,F,ZP,BB,D
14:47:32,TLKM,RG,3770,1,F,KZ,BB,D
14:47:32,TLKM,RG,3770,142,F,AK,BB,D
14:47:32,TLKM,RG,3770,33,F,ZP,BB,D
14:47:32,TLKM,RG,3770,3,D,GR,BB,D
14:47:32,TLKM,RG,3770,5,D,KK,BB,D
14:47:32,TLKM,RG,3770,10,D,NI,BB,D
14:47:32,TLKM,RG,3770,5,D,CC,BB,D
14:47:32,TLKM,RG,3770,1,D,XC,BB,D
14:47:32,TLKM,RG,3770,1,D,XC,BB,D
14:47:32,TLKM,RG,3770,5,D,KK,BB,D
14:47:32,TLKM,RG,3770,100,D,SQ,BB,D
14:47:32,TLKM,RG,3770,1,D,NI,BB,D
14:47:32,TLKM,RG,3770,334,D,CC,BB,D
14:47:32,TLKM,RG,3770,4,D,PD,BB,D
14:47:32,TLKM,RG,3770,40,F,AK,BB,D
14:47:32,TLKM,RG,3770,9,D,XC,BB,D
14:47:32,TLKM,RG,3770,1,D,GR,BB,D
14:47:32,TLKM,RG,3770,334,D,YU,BB,D
14:47:30,TLKM,RG,3770,10,D,YU,AK,F
14:47:29,TLKM,RG,3780,13,F,ZP,OD,D
14:47:29,TLKM,RG,3770,4,D,YU,PD,D
14:47:28,TLKM,RG,3770,152,D,YU,ZP,F
14:47:28,TLKM,RG,3770,1,D,HP,ZP,F
14:47:28,TLKM,RG,3770,1,D,XC,ZP,F
14:47:28,TLKM,RG,3770,3,D,PD,ZP,F
14:47:28,TLKM,RG,3770,2,D,YP,ZP,F
14:47:28,TLKM,RG,3770,2,D,XC,ZP,F
14:47:28,TLKM,RG,3770,1,D,XC,ZP,F
14:47:28,TLKM,RG,3770,1,D,PD,ZP,F
14:47:28,TLKM,RG,3770,5,D,SQ,ZP,F
14:47:28,TLKM,RG,3770,2,D,XC,ZP,F
14:47:28,TLKM,RG,3770,72,D,GR,ZP,F
14:47:28,TLKM,RG,3770,28,D,GR,PD,D
14:47:28,TLKM,RG,3770,15,D,PD,PD,D
14:47:28,TLKM,RG,3770,3,D,XC,PD,D
14:47:28,TLKM,RG,3770,3,D,CC,PD,D
14:47:28,TLKM,RG,3770,150,D,DH,PD,D
14:47:28,TLKM,RG,3770,2,D,PD,PD,D
14:47:28,TLKM,RG,3770,1,D,PD,PD,D
14:47:28,TLKM,RG,3770,1,D,XC,PD,D
14:47:28,TLKM,RG,3770,1,D,XC,PD,D
14:47:28,TLKM,RG,3770,8,D,XC,PD,D
14:47:28,TLKM,RG,3770,10,D,OD,PD,D
14:47:28,TLKM,RG,3770,1,D,NI,PD,D
14:47:28,TLKM,RG,3770,5,D,NI,PD,D
14:47:28,TLKM,RG,3770,1,D,AZ,PD,D
14:47:28,TLKM,RG,3770,4,D,XC,PD,D
14:47:28,TLKM,RG,3770,10,D,XC,PD,D
14:47:28,TLKM,RG,3770,10,D,YP,PD,D
14:47:28,TLKM,RG,3770,10,D,XC,PD,D
14:47:28,TLKM,RG,3770,7,D,YP,PD,D
14:47:28,TLKM,RG,3770,2,D,OD,PD,D
14:47:28,TLKM,RG,3770,10,D,NI,PD,D
14:47:28,TLKM,RG,3770,1,D,DH,PD,D
14:47:28,TLKM,RG,3770,2,D,YP,PD,D
14:47:28,TLKM,RG,3770,5,D,HP,PD,D
14:47:28,TLKM,RG,3770,10,D,PD,PD,D
14:47:28,TLKM,RG,3770,2,D,PD,PD,D
14:47:28,TLKM,RG,3770,3,D,YP,PD,D
14:47:28,TLKM,RG,3770,1,D,XC,PD,D
14:47:28,TLKM,RG,3770,1,D,GR,PD,D
14:47:28,TLKM,RG,3770,5,D,XC,PD,D
14:47:28,TLKM,RG,3770,1,D,CC,PD,D
14:47:28,TLKM,RG,3770,13,D,XC,PD,D
14:47:28,TLKM,RG,3770,30,D,CC,PD,D
14:47:28,TLKM,RG,3770,1,D,CC,PD,D
14:47:28,TLKM,RG,3770,40,D,NI,PD,D
14:47:28,TLKM,RG,3770,3,D,YP,PD,D
14:47:28,TLKM,RG,3770,4,D,NI,PD,D
14:47:28,TLKM,RG,3770,1,D,PD,PD,D
14:47:28,TLKM,RG,3770,300,D,PD,PD,D
14:47:28,TLKM,RG,3770,1,D,AT,PD,D
14:47:28,TLKM,RG,3770,1,D,PD,PD,D
14:47:28,TLKM,RG,3770,1,D,DH,PD,D
14:47:28,TLKM,RG,3770,2,D,XC,PD,D
14:47:28,TLKM,RG,3770,10,D,YP,PD,D
14:47:28,TLKM,RG,3770,20,D,YP,PD,D
14:47:28,TLKM,RG,3770,1,D,PD,PD,D
14:47:28,TLKM,RG,3770,10,D,PD,PD,D
14:47:28,TLKM,RG,3770,66,D,KK,PD,D
14:47:28,TLKM,RG,3770,6,D,SQ,PD,D
14:47:28,TLKM,RG,3770,1,D,XC,PD,D
14:47:28,TLKM,RG,3770,3,D,DX,PD,D
14:47:28,TLKM,RG,3770,1,D,KK,PD,D
14:47:28,TLKM,RG,3770,2,D,XC,PD,D
14:47:28,TLKM,RG,3770,2,D,KK,PD,D
14:47:28,TLKM,RG,3770,5,D,YB,PD,D
14:47:28,TLKM,RG,3770,10,D,KK,PD,D
14:47:28,TLKM,RG,3770,1,D,CC,PD,D
14:47:28,TLKM,RG,3770,5,D,XC,PD,D
14:47:28,TLKM,RG,3770,2,D,OD,PD,D
14:47:28,TLKM,RG,3770,2,D,XC,PD,D
14:47:28,TLKM,RG,3770,1,D,PD,PD,D
14:47:28,TLKM,RG,3770,2,D,DH,PD,D
14:47:28,TLKM,RG,3770,20,D,YP,PD,D
14:47:28,TLKM,RG,3770,2,D,OD,PD,D
14:47:28,TLKM,RG,3770,3,D,XC,PD,D
14:47:28,TLKM,RG,3770,2,D,YP,PD,D
14:47:28,TLKM,RG,3770,5,D,YP,PD,D
14:47:28,TLKM,RG,3770,2,D,YP,PD,D
14:47:28,TLKM,RG,3770,1,D,PD,PD,D
14:47:28,TLKM,RG,3770,21,D,HP,PD,D
14:47:26,TLKM,RG,3780,5,D,XC,OD,D
14:47:24,TLKM,RG,3770,8,D,HP,BB,D
14:47:22,TLKM,RG,3780,67,F,CS,OD,D
14:47:21,TLKM,RG,3780,10,D,LG,OD,D
14:47:20,TLKM,RG,3770,2,D,HP,DR,D
14:47:19,TLKM,RG,3780,1,D,XC,OD,D
14:47:17,TLKM,RG,3770,5,D,HP,AK,F
14:47:16,TLKM,RG,3780,17,F,ZP,OD,D
14:47:15,TLKM,RG,3780,15,D,PD,OD,D
14:47:15,TLKM,RG,3770,79,D,HP,AK,F
14:47:13,TLKM,RG,3780,75,F,CS,OD,D
14:47:10,TLKM,RG,3770,44,D,HP,BB,D
14:47:08,TLKM,RG,3770,13,D,HP,EP,D
14:47:07,TLKM,RG,3780,272,F,ZP,OD,D
14:47:06,TLKM,RG,3770,128,D,HP,ZP,F
14:47:06,TLKM,RG,3770,2,D,XC,ZP,F
14:47:06,TLKM,RG,3770,5,D,CC,ZP,F
14:47:06,TLKM,RG,3770,3,D,XC,ZP,F
14:47:06,TLKM,RG,3770,2,D,XC,ZP,F
14:47:06,TLKM,RG,3770,5,D,XC,ZP,F
14:47:06,TLKM,RG,3770,5,D,XA,ZP,F
14:47:06,TLKM,RG,3770,1,D,XC,ZP,F
14:47:06,TLKM,RG,3770,20,D,CC,ZP,F
14:47:06,TLKM,RG,3770,15,D,CC,ZP,F
14:47:06,TLKM,RG,3770,10,D,PD,ZP,F
14:47:06,TLKM,RG,3770,63,D,DR,ZP,F
14:47:06,TLKM,RG,3780,13,F,ZP,OD,D
14:47:05,TLKM,RG,3770,37,D,DR,PD,D
14:47:05,TLKM,RG,3770,3,D,CP,PD,D
14:47:05,TLKM,RG,3770,10,D,EP,PD,D
14:47:05,TLKM,RG,3770,5,D,GR,PD,D
14:47:05,TLKM,RG,3770,1,D,YP,PD,D
14:47:05,TLKM,RG,3770,1,D,CC,PD,D
14:47:05,TLKM,RG,3770,1,D,XC,PD,D
14:47:05,TLKM,RG,3770,2,D,PD,PD,D
14:47:05,TLKM,RG,3770,6,D,PD,PD,D
14:47:05,TLKM,RG,3770,5,D,PD,PD,D
14:47:05,TLKM,RG,3770,3,D,KK,PD,D
14:47:05,TLKM,RG,3770,5,D,PD,PD,D
14:47:05,TLKM,RG,3770,1,D,PD,PD,D
14:47:05,TLKM,RG,3770,20,D,NI,PD,D
14:47:05,TLKM,RG,3770,50,D,KK,PD,D
14:47:05,TLKM,RG,3770,25,D,DR,PD,D
14:47:05,TLKM,RG,3770,3,D,KK,PD,D
14:47:05,TLKM,RG,3770,5,D,KK,PD,D
14:47:05,TLKM,RG,3770,3,D,AZ,PD,D
14:47:05,TLKM,RG,3770,6,D,PD,PD,D
14:47:05,TLKM,RG,3770,13,D,CC,PD,D
14:47:05,TLKM,RG,3770,1,D,SQ,PD,D
14:47:05,TLKM,RG,3770,1,D,XC,PD,D
14:47:05,TLKM,RG,3770,10,D,CC,PD,D
14:47:05,TLKM,RG,3770,3,D,DR,PD,D
14:47:05,TLKM,RG,3770,1,D,XC,PD,D
14:47:05,TLKM,RG,3770,2,D,CC,PD,D
14:47:05,TLKM,RG,3770,2,D,PD,PD,D
14:47:05,TLKM,RG,3770,1,D,XC,PD,D
14:47:05,TLKM,RG,3770,1,D,PD,PD,D
14:47:05,TLKM,RG,3770,3,D,PD,PD,D
14:47:05,TLKM,RG,3770,2,D,YP,PD,D
14:47:05,TLKM,RG,3770,5,D,PD,PD,D
14:47:05,TLKM,RG,3770,2,D,XC,PD,D
14:47:05,TLKM,RG,3770,2,D,PD,PD,D
14:47:05,TLKM,RG,3770,2,D,PD,PD,D
14:47:05,TLKM,RG,3770,1,D,XC,PD,D
14:47:05,TLKM,RG,3770,10,D,XC,PD,D
14:47:05,TLKM,RG,3770,5,D,PD,PD,D
14:47:05,TLKM,RG,3770,25,D,CC,PD,D
14:47:05,TLKM,RG,3770,1,D,YP,PD,D
14:47:05,TLKM,RG,3770,1,D,EP,PD,D
14:47:05,TLKM,RG,3770,1,D,PD,PD,D
14:47:05,TLKM,RG,3770,1,D,XC,PD,D
14:47:05,TLKM,RG,3770,100,D,CC,PD,D
14:47:05,TLKM,RG,3770,2,D,PD,PD,D
14:47:05,TLKM,RG,3770,1,D,PD,PD,D
14:47:05,TLKM,RG,3770,1,D,PD,PD,D
14:47:05,TLKM,RG,3770,2,D,NI,PD,D
14:47:05,TLKM,RG,3770,3,D,XC,PD,D
14:47:05,TLKM,RG,3770,5,D,EP,PD,D
14:47:05,TLKM,RG,3770,1,D,SQ,PD,D
14:47:05,TLKM,RG,3770,1,D,PD,PD,D
14:47:05,TLKM,RG,3770,2,D,XA,PD,D
14:47:05,TLKM,RG,3770,1,D,XC,PD,D
14:47:05,TLKM,RG,3770,2,D,CC,PD,D
14:47:05,TLKM,RG,3770,5,D,YP,PD,D
14:47:05,TLKM,RG,3770,1,D,PD,PD,D
14:47:05,TLKM,RG,3770,2,D,XC,PD,D
14:47:05,TLKM,RG,3770,2,D,KK,PD,D
14:47:05,TLKM,RG,3770,13,D,CC,PD,D
14:47:05,TLKM,RG,3770,1,D,KK,PD,D
14:47:05,TLKM,RG,3770,1,D,PD,PD,D
14:47:05,TLKM,RG,3770,1,D,XC,PD,D
14:47:05,TLKM,RG,3770,1,D,XC,PD,D
14:47:05,TLKM,RG,3770,3,D,NI,PD,D
14:47:05,TLKM,RG,3770,1,D,PD,PD,D
14:47:05,TLKM,RG,3770,5,D,PD,PD,D
14:47:05,TLKM,RG,3770,30,D,XC,PD,D
14:47:05,TLKM,RG,3770,10,D,OD,PD,D
14:47:05,TLKM,RG,3770,3,D,NI,PD,D
14:47:05,TLKM,RG,3770,1,D,PD,PD,D
14:47:05,TLKM,RG,3770,2,D,XC,PD,D
14:47:05,TLKM,RG,3770,1,D,PD,PD,D
14:47:05,TLKM,RG,3770,50,D,PD,PD,D
14:47:05,TLKM,RG,3770,10,D,YP,PD,D
14:47:05,TLKM,RG,3770,1,D,AT,PD,D
14:47:05,TLKM,RG,3770,5,D,YP,PD,D
14:47:05,TLKM,RG,3770,9,D,NI,PD,D
14:47:05,TLKM,RG,3770,2,D,XC,PD,D
14:47:05,TLKM,RG,3770,10,D,NI,PD,D
14:47:05,TLKM,RG,3770,1,D,NI,PD,D
14:47:05,TLKM,RG,3770,1,D,XC,PD,D
14:47:05,TLKM,RG,3770,1,D,GR,PD,D
14:47:05,TLKM,RG,3770,25,D,GR,PD,D
14:47:05,TLKM,RG,3770,2,D,YP,PD,D
14:47:05,TLKM,RG,3770,5,D,RF,PD,D
14:47:05,TLKM,RG,3770,10,D,PD,PD,D
14:47:05,TLKM,RG,3770,2,D,XC,PD,D
14:47:05,TLKM,RG,3770,1,D,PD,PD,D
14:47:05,TLKM,RG,3770,1,D,PD,PD,D
14:47:05,TLKM,RG,3770,1,D,YP,PD,D
14:47:05,TLKM,RG,3770,50,D,AZ,PD,D
14:47:05,TLKM,RG,3770,100,D,PD,PD,D
14:47:05,TLKM,RG,3770,9,D,PD,PD,D
14:47:05,TLKM,RG,3770,10,D,XC,PD,D
14:47:05,TLKM,RG,3770,1,D,CC,PD,D
14:47:05,TLKM,RG,3770,30,D,PD,PD,D
14:47:05,TLKM,RG,3770,2,D,PD,PD,D
14:47:05,TLKM,RG,3770,50,D,PD,PD,D
14:47:05,TLKM,RG,3770,10,D,NI,PD,D
14:47:05,TLKM,RG,3770,1,D,XC,PD,D
14:47:05,TLKM,RG,3770,2,D,CC,PD,D
14:47:05,TLKM,RG,3770,1,D,XC,PD,D
14:47:05,TLKM,RG,3770,20,D,PD,PD,D
14:47:04,TLKM,RG,3770,3,D,XC,BB,D
14:47:04,TLKM,RG,3770,1,D,PD,BB,D
14:47:04,TLKM,RG,3770,2,D,XC,BB,D
14:47:04,TLKM,RG,3770,1,D,XC,BB,D
14:47:04,TLKM,RG,3770,10,D,SQ,BB,D
14:47:04,TLKM,RG,3770,1,D,XC,BB,D
14:47:04,TLKM,RG,3770,1,D,XC,BB,D
14:47:04,TLKM,RG,3770,5,D,CC,BB,D
14:47:04,TLKM,RG,3770,10,D,PD,BB,D
14:47:04,TLKM,RG,3770,10,D,CC,BB,D
14:47:04,TLKM,RG,3770,1,D,XC,BB,D
14:47:04,TLKM,RG,3770,912,D,MG,BB,D
14:47:03,TLKM,RG,3780,1,D,NI,OD,D
14:47:02,TLKM,RG,3780,78,F,CS,OD,D
14:47:00,TLKM,RG,3780,2,D,XC,OD,D
14:46:56,TLKM,RG,3770,6,D,MG,AK,F
14:46:56,TLKM,RG,3780,1,D,NI,OD,D
14:46:55,TLKM,RG,3780,3,F,ZP,OD,D
14:46:55,TLKM,RG,3780,3,D,CC,OD,D
14:46:52,TLKM,RG,3780,146,F,CS,OD,D
14:46:50,TLKM,RG,3780,76,F,BK,OD,D
14:46:48,TLKM,RG,3770,3,D,MG,XC,D
14:46:47,TLKM,RG,3770,16,D,MG,CC,D
14:46:46,TLKM,RG,3780,2,D,SQ,OD,D
14:46:46,TLKM,RG,3780,14,F,ZP,OD,D
14:46:44,TLKM,RG,3780,155,F,BK,OD,D
14:46:43,TLKM,RG,3780,15,D,PD,OD,D
14:46:43,TLKM,RG,3780,15,D,PD,CS,F
14:46:41,TLKM,RG,3780,7,D,XA,CS,F
14:46:40,TLKM,RG,3770,13,D,MG,AK,F
14:46:40,TLKM,RG,3770,44,D,MG,BB,D
14:46:39,TLKM,RG,3780,40,D,PD,CS,F
14:46:39,TLKM,RG,3780,5,D,YP,CS,F
14:46:39,TLKM,RG,3780,407,D,YP,ZP,F
14:46:39,TLKM,RG,3780,187,D,YP,CS,F
14:46:39,TLKM,RG,3780,127,D,YP,CS,F
14:46:39,TLKM,RG,3780,20,D,YP,ZP,F
14:46:39,TLKM,RG,3780,10,D,YP,CC,D
14:46:39,TLKM,RG,3780,5,D,YP,NI,D
14:46:39,TLKM,RG,3780,239,D,YP,DX,F
14:46:38,TLKM,RG,3780,41,F,BK,DX,F
14:46:36,TLKM,RG,3770,6,D,MG,ZP,F
14:46:36,TLKM,RG,3770,5,D,PD,ZP,F
14:46:36,TLKM,RG,3770,5,D,KK,ZP,F
14:46:36,TLKM,RG,3770,40,D,YP,ZP,F
14:46:36,TLKM,RG,3770,5,D,PD,ZP,F
14:46:36,TLKM,RG,3770,2,D,PD,ZP,F
14:46:36,TLKM,RG,3770,2,D,PD,ZP,F
14:46:36,TLKM,RG,3770,30,D,NI,ZP,F
14:46:36,TLKM,RG,3770,15,D,GR,ZP,F
14:46:36,TLKM,RG,3770,10,D,GR,ZP,F
14:46:36,TLKM,RG,3770,1,D,PD,ZP,F
14:46:36,TLKM,RG,3770,1,D,XC,ZP,F
14:46:36,TLKM,RG,3770,25,D,KK,ZP,F
14:46:36,TLKM,RG,3770,15,D,PD,ZP,F
14:46:36,TLKM,RG,3770,2,D,XC,ZP,F
14:46:36,TLKM,RG,3770,1,D,AZ,ZP,F
14:46:36,TLKM,RG,3770,5,D,YP,ZP,F
14:46:36,TLKM,RG,3770,76,D,YP,ZP,F
14:46:32,TLKM,RG,3780,1,D,YP,DX,F
14:46:31,TLKM,RG,3780,55,F,CS,DX,F
14:46:31,TLKM,RG,3780,1,F,CS,NI,D
14:46:31,TLKM,RG,3780,47,F,CS,BB,D
14:46:30,TLKM,RG,3770,2,D,YP,PD,D
14:46:28,TLKM,RG,3780,61,F,BK,BB,D
14:46:23,TLKM,RG,3770,2,D,YP,YP,D
14:46:22,TLKM,RG,3780,19,F,BK,BB,D
14:46:22,TLKM,RG,3780,1,F,BK,BB,D
14:46:22,TLKM,RG,3780,21,F,BK,ZP,F
14:46:22,TLKM,RG,3780,12,F,BK,ZP,F
14:46:22,TLKM,RG,3780,12,F,BK,KZ,F
14:46:22,TLKM,RG,3780,2,F,BK,KZ,F
14:46:20,TLKM,RG,3780,5,D,GR,KZ,F
14:46:20,TLKM,RG,3770,20,D,YP,BB,D
14:46:20,TLKM,RG,3770,10,D,YP,BB,D
14:46:20,TLKM,RG,3770,5,D,KK,BB,D
14:46:20,TLKM,RG,3770,30,D,NI,BB,D
14:46:20,TLKM,RG,3770,5,D,PD,BB,D
14:46:20,TLKM,RG,3770,1,D,XC,BB,D
14:46:20,TLKM,RG,3770,1,D,KK,BB,D
14:46:20,TLKM,RG,3770,10,D,XC,BB,D
14:46:20,TLKM,RG,3770,2,D,PD,BB,D
14:46:20,TLKM,RG,3770,1,D,XC,BB,D
14:46:20,TLKM,RG,3770,1,D,PD,BB,D
14:46:20,TLKM,RG,3770,2,D,PD,BB,D
14:46:20,TLKM,RG,3770,10,D,YP,BB,D
14:46:20,TLKM,RG,3770,3,D,XC,BB,D
14:46:20,TLKM,RG,3770,150,D,AR,BB,D
14:46:20,TLKM,RG,3770,1,D,PD,BB,D
14:46:20,TLKM,RG,3770,1,D,XC,BB,D
14:46:20,TLKM,RG,3770,5,D,SQ,BB,D
14:46:20,TLKM,RG,3770,20,D,XC,BB,D
14:46:20,TLKM,RG,3770,1,D,XC,BB,D
14:46:20,TLKM,RG,3770,3,D,XC,BB,D
14:46:20,TLKM,RG,3770,3,D,XC,BB,D
14:46:20,TLKM,RG,3770,1,D,PD,BB,D
14:46:20,TLKM,RG,3770,10,D,NI,BB,D
14:46:20,TLKM,RG,3770,13,D,PD,BB,D
14:46:20,TLKM,RG,3770,1,D,XC,BB,D
14:46:20,TLKM,RG,3770,1,D,KK,BB,D
14:46:20,TLKM,RG,3770,1,D,NI,BB,D
14:46:20,TLKM,RG,3770,2,D,PD,BB,D
14:46:20,TLKM,RG,3770,50,D,NI,BB,D
14:46:20,TLKM,RG,3770,5,D,DH,BB,D
14:46:20,TLKM,RG,3770,2,D,NI,BB,D
14:46:20,TLKM,RG,3770,10,D,YB,BB,D
14:46:20,TLKM,RG,3770,20,D,PD,BB,D
14:46:20,TLKM,RG,3770,2,F,ZP,BB,D
14:46:20,TLKM,RG,3770,21,D,YP,BB,D
14:46:20,TLKM,RG,3770,1,D,XC,BB,D
14:46:20,TLKM,RG,3770,1,D,XC,BB,D
14:46:20,TLKM,RG,3770,1,D,XC,BB,D
14:46:20,TLKM,RG,3770,20,D,PD,BB,D
14:46:20,TLKM,RG,3770,1,D,OD,BB,D
14:46:20,TLKM,RG,3770,8,D,XC,BB,D
14:46:20,TLKM,RG,3770,5,D,PD,BB,D
14:46:20,TLKM,RG,3770,5,D,PD,BB,D
14:46:20,TLKM,RG,3770,14,D,PD,BB,D
14:46:20,TLKM,RG,3780,1,D,DR,KZ,F
14:46:20,TLKM,RG,3780,9,D,DR,KZ,F
14:46:18,TLKM,RG,3780,25,D,CC,KZ,F
14:46:15,TLKM,RG,3780,10,D,CC,KZ,F
14:46:14,TLKM,RG,3780,5,F,ZP,KZ,F
14:46:14,TLKM,RG,3780,9,F,ZP,ZP,F
14:46:14,TLKM,RG,3780,9,F,ZP,ZP,F
14:46:13,TLKM,RG,3780,1,D,XC,ZP,F
14:46:13,TLKM,RG,3780,13,F,ZP,ZP,F
14:46:13,TLKM,RG,3780,25,F,ZP,ZP,F
14:46:13,TLKM,RG,3780,18,F,ZP,BB,D
14:46:13,TLKM,RG,3780,9,F,ZP,CS,F
14:46:13,TLKM,RG,3780,100,F,ZP,ZP,F
14:46:11,TLKM,RG,3780,3,D,XC,ZP,F
14:46:10,TLKM,RG,3770,1,D,PD,YP,D
14:46:08,TLKM,RG,3770,10,D,PD,AK,F
14:46:08,TLKM,RG,3770,1,D,PD,AK,F
14:46:08,TLKM,RG,3770,2,D,PD,AK,F
14:46:08,TLKM,RG,3770,2,D,PD,AK,F
14:46:08,TLKM,RG,3780,8,D,DR,ZP,F
14:46:07,TLKM,RG,3780,2,D,PD,BB,D
14:46:07,TLKM,RG,3780,1,D,PD,BB,D
14:46:05,TLKM,RG,3770,2,D,PD,ZP,F
14:46:05,TLKM,RG,3770,1,D,PD,ZP,F
14:46:05,TLKM,RG,3770,1,D,PD,ZP,F
14:46:05,TLKM,RG,3770,1,D,PD,ZP,F
14:46:05,TLKM,RG,3770,6,D,DH,ZP,F
14:46:05,TLKM,RG,3770,2,D,PD,ZP,F
14:46:05,TLKM,RG,3770,26,D,PD,ZP,F
14:46:05,TLKM,RG,3770,10,D,SQ,ZP,F
14:46:05,TLKM,RG,3770,2,D,SQ,ZP,F
14:46:05,TLKM,RG,3770,2,D,EP,ZP,F
14:46:05,TLKM,RG,3770,5,D,PD,ZP,F
14:46:05,TLKM,RG,3770,2,D,PD,ZP,F
14:46:05,TLKM,RG,3770,100,D,SQ,ZP,F
14:46:05,TLKM,RG,3770,3,D,PD,ZP,F
14:46:05,TLKM,RG,3770,1,D,XC,ZP,F
14:46:05,TLKM,RG,3770,5,D,PD,ZP,F
14:46:05,TLKM,RG,3770,10,D,PD,ZP,F
14:46:05,TLKM,RG,3770,10,D,KK,ZP,F
14:46:05,TLKM,RG,3770,1,D,PD,ZP,F
14:46:05,TLKM,RG,3770,30,D,YP,ZP,F
14:46:05,TLKM,RG,3770,1,D,PD,ZP,F
14:46:05,TLKM,RG,3770,30,D,CC,ZP,F
14:46:05,TLKM,RG,3770,1,D,CC,ZP,F
14:46:05,TLKM,RG,3770,2,D,PD,ZP,F
14:46:05,TLKM,RG,3770,50,D,XC,ZP,F
14:46:05,TLKM,RG,3770,10,D,XC,ZP,F
14:46:05,TLKM,RG,3770,10,D,DX,ZP,F
14:46:05,TLKM,RG,3770,1,D,EP,ZP,F
14:46:05,TLKM,RG,3770,1,D,YP,ZP,F
14:46:05,TLKM,RG,3770,2,D,DR,ZP,F
14:46:05,TLKM,RG,3770,1,D,XC,ZP,F
14:46:05,TLKM,RG,3770,2,D,CC,ZP,F
14:46:05,TLKM,RG,3770,2,D,PD,ZP,F
14:46:05,TLKM,RG,3770,2,D,KK,ZP,F
14:46:05,TLKM,RG,3770,1,D,SQ,ZP,F
14:46:05,TLKM,RG,3770,62,D,YP,ZP,F
14:46:03,TLKM,RG,3770,938,D,YP,BB,D
14:46:03,TLKM,RG,3770,5,D,NI,BB,D
14:46:03,TLKM,RG,3770,10,D,PD,BB,D
14:46:03,TLKM,RG,3770,10,D,PD,BB,D
14:46:03,TLKM,RG,3770,10,D,NI,BB,D
14:46:03,TLKM,RG,3770,3,D,CC,BB,D
14:46:03,TLKM,RG,3770,1,D,XC,BB,D
14:46:03,TLKM,RG,3770,1,D,CC,BB,D
14:46:03,TLKM,RG,3770,10,D,CC,BB,D
14:46:03,TLKM,RG,3770,5,D,YP,BB,D
14:46:03,TLKM,RG,3770,2,D,CC,BB,D
14:46:03,TLKM,RG,3770,30,D,DR,BB,D
14:46:03,TLKM,RG,3770,5,D,XC,BB,D
14:46:03,TLKM,RG,3770,50,D,CC,BB,D
14:46:03,TLKM,RG,3770,3,D,PD,BB,D
14:46:03,TLKM,RG,3770,1,D,PD,BB,D
14:46:03,TLKM,RG,3770,9,D,DR,BB,D
14:46:03,TLKM,RG,3770,1,D,XC,BB,D
14:46:03,TLKM,RG,3770,1,D,PD,BB,D
14:46:03,TLKM,RG,3770,4,D,YB,BB,D
14:46:03,TLKM,RG,3770,5,D,PD,BB,D
14:46:03,TLKM,RG,3770,20,D,SQ,BB,D
14:46:03,TLKM,RG,3770,3,D,YP,BB,D
14:46:03,TLKM,RG,3770,20,D,DH,BB,D
14:46:03,TLKM,RG,3770,15,D,CC,BB,D
14:46:03,TLKM,RG,3770,2,D,PD,BB,D
14:46:03,TLKM,RG,3770,15,D,SQ,BB,D
14:46:03,TLKM,RG,3770,1,D,XC,BB,D
14:46:03,TLKM,RG,3770,13,D,GR,BB,D
14:46:03,TLKM,RG,3770,100,D,PD,BB,D
14:46:03,TLKM,RG,3770,10,D,PD,BB,D
14:46:03,TLKM,RG,3770,8,D,XC,BB,D
14:46:03,TLKM,RG,3770,25,D,BQ,BB,D
14:46:03,TLKM,RG,3770,1,D,KK,BB,D
14:46:03,TLKM,RG,3770,1,D,YP,BB,D
14:46:03,TLKM,RG,3770,5,D,PD,BB,D
14:46:03,TLKM,RG,3770,1,D,DH,BB,D
14:46:03,TLKM,RG,3770,180,D,PD,BB,D
14:46:03,TLKM,RG,3770,1,D,PD,BB,D
14:46:03,TLKM,RG,3770,2,D,YP,BB,D
14:46:03,TLKM,RG,3770,1,D,XC,BB,D
14:46:03,TLKM,RG,3770,18,D,PD,BB,D
14:46:03,TLKM,RG,3770,1,F,CC,BB,D
14:46:03,TLKM,RG,3770,2,D,CC,BB,D
14:46:03,TLKM,RG,3770,1,D,PD,BB,D
14:46:03,TLKM,RG,3770,10,D,KK,BB,D
14:46:03,TLKM,RG,3770,5,D,YP,BB,D
14:46:03,TLKM,RG,3770,54,D,PD,BB,D
14:46:03,TLKM,RG,3770,5,D,SQ,BB,D
14:46:03,TLKM,RG,3770,100,D,PD,BB,D
14:46:03,TLKM,RG,3770,2,D,NI,BB,D
14:46:03,TLKM,RG,3770,1,D,PD,BB,D
14:46:03,TLKM,RG,3770,50,D,TP,BB,D
14:46:03,TLKM,RG,3770,10,D,PD,BB,D
14:46:03,TLKM,RG,3770,1,D,KK,BB,D
14:46:03,TLKM,RG,3770,3,D,KK,BB,D
14:46:03,TLKM,RG,3770,1,D,PD,BB,D
14:46:02,TLKM,RG,3780,1,F,ZP,BB,D
14:46:01,TLKM,RG,3770,4,D,PD,PD,D
14:45:58,TLKM,RG,3780,2,D,CC,BB,D
14:45:58,TLKM,RG,3780,1,D,CC,LG,D
14:45:58,TLKM,RG,3780,11,D,CC,LG,D
14:45:57,TLKM,RG,3780,1,D,CC,LG,D
14:45:56,TLKM,RG,3770,3,D,PD,AK,F
14:45:55,TLKM,RG,3780,1,F,ZP,LG,D
14:45:54,TLKM,RG,3780,9,D,XC,LG,D
14:45:49,TLKM,RG,3780,5,D,YP,LG,D
14:45:44,TLKM,RG,3780,15,D,CC,LG,D
14:45:42,TLKM,RG,3780,3,D,PD,LG,D
14:45:39,TLKM,RG,3780,41,F,ZP,LG,D
14:45:39,TLKM,RG,3780,11,F,ZP,LG,D
14:45:36,TLKM,RG,3780,5,D,AZ,LG,D
14:45:35,TLKM,RG,3770,17,D,PD,PD,D
14:45:35,TLKM,RG,3770,200,D,PD,PD,D
14:45:35,TLKM,RG,3770,2,D,XA,PD,D
14:45:35,TLKM,RG,3770,3,D,XC,PD,D
14:45:35,TLKM,RG,3770,259,D,PD,PD,D
14:45:35,TLKM,RG,3770,18,D,CC,PD,D
14:45:35,TLKM,RG,3770,2,D,XC,PD,D
14:45:35,TLKM,RG,3770,2,D,PD,PD,D
14:45:35,TLKM,RG,3770,10,D,CC,PD,D
14:45:35,TLKM,RG,3770,50,D,XC,PD,D
14:45:35,TLKM,RG,3770,1,D,CC,PD,D
14:45:35,TLKM,RG,3770,26,D,CC,PD,D
14:45:35,TLKM,RG,3770,1,D,YP,PD,D
14:45:35,TLKM,RG,3770,1,D,CC,PD,D
14:45:35,TLKM,RG,3770,1,D,XC,PD,D
14:45:35,TLKM,RG,3770,1,D,PD,PD,D
14:45:35,TLKM,RG,3770,1,D,PD,PD,D
14:45:35,TLKM,RG,3770,10,D,CC,PD,D
14:45:35,TLKM,RG,3770,1,D,PD,PD,D
14:45:35,TLKM,RG,3770,250,D,AI,PD,D
14:45:35,TLKM,RG,3770,59,D,AI,PD,D
14:45:34,TLKM,RG,3770,57,D,AI,CS,F
14:45:34,TLKM,RG,3780,19,F,DX,LG,D
14:45:34,TLKM,RG,3780,23,F,DX,LG,D
14:45:34,TLKM,RG,3780,79,F,CS,LG,D
14:45:34,TLKM,RG,3780,10,F,CS,KZ,F
14:45:34,TLKM,RG,3780,3,F,CS,KZ,F
14:45:34,TLKM,RG,3780,7,F,CS,KZ,F
14:45:34,TLKM,RG,3780,7,F,CS,KZ,F
14:45:34,TLKM,RG,3780,41,F,KZ,LG,D
14:45:34,TLKM,RG,3780,17,F,KZ,LG,D
14:45:34,TLKM,RG,3780,48,F,KZ,KZ,F
14:45:34,TLKM,RG,3780,24,F,KZ,LG,D
14:45:34,TLKM,RG,3780,106,F,KZ,LG,D
14:45:33,TLKM,RG,3780,32,F,KZ,LG,D
14:45:33,TLKM,RG,3780,34,F,KZ,LG,D
14:45:33,TLKM,RG,3780,17,F,KZ,LG,D
14:45:33,TLKM,RG,3780,60,F,KZ,LG,D
14:45:33,TLKM,RG,3780,42,F,KZ,LG,D
14:45:33,TLKM,RG,3780,207,F,KZ,LG,D
14:45:33,TLKM,RG,3780,10,F,KZ,NI,D
14:45:33,TLKM,RG,3780,20,F,KZ,LG,D
14:45:33,TLKM,RG,3780,141,F,KZ,LG,D
14:45:33,TLKM,RG,3780,51,F,KZ,LG,D
14:45:33,TLKM,RG,3780,16,F,KZ,LG,D
14:45:33,TLKM,RG,3780,5,F,KZ,LG,D
14:45:33,TLKM,RG,3780,25,F,AK,LG,D
14:45:33,TLKM,RG,3780,17,F,AK,LG,D
14:45:32,TLKM,RG,3780,5,F,AK,LG,D
14:45:32,TLKM,RG,3780,3,D,PD,LG,D
14:45:32,TLKM,RG,3780,5,D,PD,LG,D
14:45:32,TLKM,RG,3780,5,D,XC,LG,D
14:45:32,TLKM,RG,3780,60,D,YP,LG,D
14:45:32,TLKM,RG,3780,28,F,ZP,LG,D
14:45:32,TLKM,RG,3780,31,F,ZP,LG,D
14:45:32,TLKM,RG,3780,1,D,CC,LG,D
14:45:32,TLKM,RG,3780,15,D,PD,LG,D
14:45:32,TLKM,RG,3780,13,F,ZP,LG,D
14:45:32,TLKM,RG,3780,53,F,ZP,LG,D
14:45:32,TLKM,RG,3780,1,D,SQ,LG,D
14:45:32,TLKM,RG,3780,1,F,CC,LG,D
14:45:32,TLKM,RG,3780,1,D,DR,LG,D
14:45:32,TLKM,RG,3780,1,D,YP,LG,D
14:45:32,TLKM,RG,3780,3,D,XC,LG,D
14:45:32,TLKM,RG,3780,2,D,SQ,LG,D
14:45:32,TLKM,RG,3780,3,D,SQ,LG,D
14:45:32,TLKM,RG,3780,2,D,XC,LG,D
14:45:32,TLKM,RG,3780,3,D,CC,LG,D
14:45:32,TLKM,RG,3780,1,D,PD,LG,D
14:45:32,TLKM,RG,3780,12,D,XC,LG,D
14:45:32,TLKM,RG,3780,19,D,CC,LG,D
14:45:32,TLKM,RG,3780,58,D,CC,LG,D
14:45:32,TLKM,RG,3780,2,D,CC,LG,D
14:45:32,TLKM,RG,3780,13,D,DR,LG,D
14:45:32,TLKM,RG,3780,4,D,CC,LG,D
14:45:32,TLKM,RG,3780,25,D,SQ,LG,D
14:45:32,TLKM,RG,3780,60,F,DX,LG,D
14:45:32,TLKM,RG,3780,27,F,DX,LG,D
14:45:32,TLKM,RG,3780,209,F,DX,LG,D
14:45:32,TLKM,RG,3780,19,F,DX,LG,D
14:45:32,TLKM,RG,3780,2,D,DR,LG,D
14:45:32,TLKM,RG,3780,43,D,OD,LG,D
14:45:32,TLKM,RG,3780,27,D,OD,LG,D
14:45:32,TLKM,RG,3780,15,D,OD,LG,D
14:45:32,TLKM,RG,3780,45,D,OD,LG,D
14:45:32,TLKM,RG,3780,32,D,OD,LG,D
14:45:31,TLKM,RG,3780,138,D,OD,LG,D
14:45:31,TLKM,RG,3780,1,D,PD,LG,D
14:45:31,TLKM,RG,3780,10,D,CC,LG,D
14:45:31,TLKM,RG,3780,1,D,DR,LG,D
14:45:31,TLKM,RG,3780,7,F,DX,LG,D
14:45:31,TLKM,RG,3780,51,F,DX,LG,D
14:45:31,TLKM,RG,3780,5,D,KK,LG,D
14:45:31,TLKM,RG,3780,10,D,CC,LG,D
14:45:31,TLKM,RG,3780,8,D,XC,LG,D
14:45:31,TLKM,RG,3780,2,D,XC,LG,D
14:45:31,TLKM,RG,3780,2,D,XC,LG,D
14:45:31,TLKM,RG,3780,65,F,DX,LG,D
14:45:31,TLKM,RG,3780,126,F,DX,LG,D
14:45:31,TLKM,RG,3780,239,F,DX,LG,D
14:45:31,TLKM,RG,3780,1,D,XC,LG,D
14:45:31,TLKM,RG,3780,119,D,PD,LG,D
14:45:31,TLKM,RG,3780,21,D,PD,ZP,F
14:45:31,TLKM,RG,3780,61,D,PD,ZP,F
14:45:31,TLKM,RG,3780,37,D,PD,ZP,F
14:45:31,TLKM,RG,3780,143,D,PD,LG,D
14:45:31,TLKM,RG,3780,4,D,PD,LG,D
14:45:31,TLKM,RG,3780,13,D,PD,LG,D
14:45:31,TLKM,RG,3780,1,F,CC,LG,D
14:45:31,TLKM,RG,3780,51,F,CS,LG,D
14:45:31,TLKM,RG,3780,36,F,CS,LG,D
14:45:31,TLKM,RG,3780,7,D,PD,LG,D
14:45:31,TLKM,RG,3780,2,D,NI,LG,D
14:45:31,TLKM,RG,3780,1,D,EP,LG,D
14:45:31,TLKM,RG,3780,20,D,PD,LG,D
14:45:31,TLKM,RG,3780,1,D,YP,LG,D
14:45:31,TLKM,RG,3780,1,D,NI,LG,D
14:45:31,TLKM,RG,3780,15,F,DX,LG,D
14:45:31,TLKM,RG,3780,372,F,DX,LG,D
14:45:31,TLKM,RG,3780,9,F,DX,LG,D
14:45:31,TLKM,RG,3780,9,D,PD,LG,D
14:45:31,TLKM,RG,3780,2,D,PD,LG,D
14:45:31,TLKM,RG,3780,2,D,YP,LG,D
14:45:31,TLKM,RG,3780,41,F,AK,LG,D
14:45:31,TLKM,RG,3780,2,D,KK,LG,D
14:45:31,TLKM,RG,3780,4,D,NI,LG,D
14:45:31,TLKM,RG,3780,7,D,XC,LG,D
14:45:31,TLKM,RG,3780,2,D,YP,LG,D
14:45:31,TLKM,RG,3780,1,D,NI,LG,D
14:45:31,TLKM,RG,3780,6,F,KZ,LG,D
14:45:31,TLKM,RG,3780,29,F,KZ,LG,D
14:45:31,TLKM,RG,3780,81,F,KZ,LG,D
14:45:31,TLKM,RG,3780,10,D,PD,LG,D
14:45:31,TLKM,RG,3780,28,F,KZ,LG,D
14:45:31,TLKM,RG,3780,14,F,KZ,LG,D
14:45:31,TLKM,RG,3780,47,F,KZ,LG,D
14:45:30,TLKM,RG,3780,175,F,KZ,LG,D
14:45:30,TLKM,RG,3780,4,F,KZ,LG,D
14:45:30,TLKM,RG,3780,2,F,KZ,LG,D
14:45:30,TLKM,RG,3780,1,F,KZ,LG,D
14:45:30,TLKM,RG,3780,29,D,YP,LG,D
14:45:30,TLKM,RG,3790,27,F,DX,AK,F
14:45:30,TLKM,RG,3790,11,F,DX,AK,F
14:45:30,TLKM,RG,3790,1,F,DX,AK,F
14:45:30,TLKM,RG,3780,147,D,YP,LG,D
14:45:30,TLKM,RG,3780,546,D,YP,LG,D
14:45:30,TLKM,RG,3780,177,F,DX,LG,D
14:45:30,TLKM,RG,3780,77,F,DX,LG,D
14:45:30,TLKM,RG,3780,153,F,DX,LG,D
14:45:30,TLKM,RG,3780,25,D,BQ,LG,D
14:45:30,TLKM,RG,3780,310,D,YB,LG,D
14:45:30,TLKM,RG,3780,181,D,YB,LG,D
14:45:30,TLKM,RG,3780,9,D,YB,LG,D
14:45:30,TLKM,RG,3780,48,D,YP,LG,D
14:45:30,TLKM,RG,3780,84,D,YP,LG,D
14:45:30,TLKM,RG,3780,1,D,PD,LG,D
14:45:30,TLKM,RG,3780,17,F,CS,LG,D
14:45:30,TLKM,RG,3780,47,F,CS,LG,D
14:45:30,TLKM,RG,3780,16,F,AK,LG,D
14:45:30,TLKM,RG,3780,25,F,AK,LG,D
14:45:30,TLKM,RG,3780,71,F,ZP,LG,D
14:45:30,TLKM,RG,3780,162,F,CS,LG,D
14:45:30,TLKM,RG,3780,90,F,ZP,LG,D
14:45:30,TLKM,RG,3780,26,F,ZP,LG,D
14:45:29,TLKM,RG,3780,208,F,ZP,LG,D
14:45:29,TLKM,RG,3780,1,F,KZ,LG,D
14:45:29,TLKM,RG,3780,66,F,KZ,LG,D
14:45:29,TLKM,RG,3780,161,D,GR,LG,D
14:45:29,TLKM,RG,3780,143,D,GR,LG,D
14:45:29,TLKM,RG,3780,573,D,GR,LG,D
14:45:29,TLKM,RG,3780,100,D,GR,LG,D
14:45:29,TLKM,RG,3780,736,D,GR,LG,D
14:45:29,TLKM,RG,3780,227,D,GR,LG,D
14:45:29,TLKM,RG,3780,101,D,GR,LG,D
14:45:29,TLKM,RG,3780,55,D,GR,LG,D
14:45:29,TLKM,RG,3780,160,D,GR,LG,D
14:45:29,TLKM,RG,3780,115,D,GR,LG,D
14:45:29,TLKM,RG,3780,24,D,GR,LG,D
14:45:28,TLKM,RG,3780,22,D,GR,LG,D
14:45:28,TLKM,RG,3780,19,D,GR,LG,D
14:45:28,TLKM,RG,3780,55,D,GR,LG,D
14:45:28,TLKM,RG,3780,22,D,GR,LG,D
14:45:28,TLKM,RG,3780,10,D,GR,LG,D
14:45:28,TLKM,RG,3780,13,D,GR,LG,D
14:45:28,TLKM,RG,3780,57,D,GR,LG,D
14:45:28,TLKM,RG,3780,17,D,GR,LG,D
14:45:28,TLKM,RG,3780,18,D,GR,LG,D
14:45:28,TLKM,RG,3780,9,D,GR,LG,D
14:45:28,TLKM,RG,3780,32,D,GR,LG,D
14:45:28,TLKM,RG,3780,22,D,GR,LG,D
14:45:28,TLKM,RG,3780,112,D,GR,LG,D
14:45:28,TLKM,RG,3780,11,D,GR,LG,D
14:45:28,TLKM,RG,3780,75,D,GR,LG,D
14:45:28,TLKM,RG,3780,28,D,GR,LG,D
14:45:27,TLKM,RG,3780,8,D,GR,LG,D
14:45:27,TLKM,RG,3780,15,D,GR,LG,D
14:45:27,TLKM,RG,3780,9,D,GR,LG,D
14:45:27,TLKM,RG,3780,50,D,GR,LG,D
14:45:27,TLKM,RG,3790,4,F,BK,AK,F
14:45:27,TLKM,RG,3780,28,D,GR,LG,D
14:45:27,TLKM,RG,3780,30,D,GR,LG,D
14:45:27,TLKM,RG,3780,19,D,GR,LG,D
14:45:27,TLKM,RG,3780,77,D,GR,LG,D
14:45:27,TLKM,RG,3780,13,D,GR,LG,D
14:45:27,TLKM,RG,3780,100,D,GR,LG,D
14:45:27,TLKM,RG,3780,30,D,GR,LG,D
14:45:27,TLKM,RG,3780,13,D,GR,LG,D
14:45:26,TLKM,RG,3780,7,D,GR,LG,D
14:45:26,TLKM,RG,3780,21,D,GR,LG,D
14:45:26,TLKM,RG,3780,15,D,GR,LG,D
14:45:26,TLKM,RG,3780,23,D,GR,LG,D
14:45:26,TLKM,RG,3780,21,D,GR,LG,D
14:45:26,TLKM,RG,3780,18,D,GR,LG,D
14:45:26,TLKM,RG,3780,53,D,GR,LG,D
14:45:26,TLKM,RG,3780,21,D,GR,LG,D
14:45:26,TLKM,RG,3780,9,D,GR,LG,D
14:45:26,TLKM,RG,3780,12,D,GR,LG,D
14:45:26,TLKM,RG,3780,54,D,GR,LG,D
14:45:26,TLKM,RG,3780,16,D,GR,LG,D
14:45:25,TLKM,RG,3780,17,D,GR,LG,D
14:45:25,TLKM,RG,3780,9,D,GR,LG,D
14:45:25,TLKM,RG,3780,30,D,GR,LG,D
14:45:25,TLKM,RG,3780,21,D,GR,LG,D
14:45:25,TLKM,RG,3780,107,D,GR,LG,D
14:45:25,TLKM,RG,3780,11,D,GR,LG,D
14:45:25,TLKM,RG,3780,72,D,GR,LG,D
14:45:25,TLKM,RG,3780,26,D,GR,LG,D
14:45:25,TLKM,RG,3780,8,D,GR,LG,D
14:45:25,TLKM,RG,3780,15,D,GR,LG,D
14:45:25,TLKM,RG,3780,9,D,GR,LG,D
14:45:25,TLKM,RG,3790,3,F,ZP,AK,F
14:45:25,TLKM,RG,3790,8,F,ZP,AK,F
14:45:25,TLKM,RG,3790,2,F,ZP,CS,F
14:45:25,TLKM,RG,3780,54,D,GR,LG,D
14:45:25,TLKM,RG,3780,30,D,GR,LG,D
14:45:24,TLKM,RG,3780,32,D,GR,LG,D
14:45:24,TLKM,RG,3780,658,D,GR,ZP,F
14:45:23,TLKM,RG,3790,400,D,OD,CS,F
14:45:23,TLKM,RG,3790,150,D,OD,CC,D
14:45:23,TLKM,RG,3790,46,D,OD,DX,F
14:45:23,TLKM,RG,3790,2,D,OD,PD,D
14:45:23,TLKM,RG,3790,5,D,OD,CP,D
14:45:23,TLKM,RG,3790,68,D,OD,DX,F
14:45:23,TLKM,RG,3790,329,D,OD,BB,D
14:45:22,TLKM,RG,3790,2,F,BK,BB,D
14:45:21,TLKM,RG,3790,5,D,XC,BB,D
14:45:18,TLKM,RG,3790,1,F,ZP,BB,D
14:45:17,TLKM,RG,3790,247,F,CS,BB,D
14:45:17,TLKM,RG,3790,2,F,BK,BB,D
14:45:15,TLKM,RG,3780,19,D,GR,AK,F
14:45:12,TLKM,RG,3780,33,D,GR,DR,D
14:45:10,TLKM,RG,3790,37,D,XC,BB,D
14:45:08,TLKM,RG,3790,1,F,ZP,BB,D
14:45:03,TLKM,RG,3780,1,D,GR,XC,D
14:45:02,TLKM,RG,3790,1,F,ZP,BB,D
14:45:00,TLKM,RG,3780,11,D,GR,AK,F
14:44:56,TLKM,RG,3780,2,D,GR,AK,F
14:44:55,TLKM,RG,3780,15,D,GR,DX,D
14:44:50,TLKM,RG,3780,20,D,GR,EP,D
14:44:46,TLKM,RG,3790,22,D,XC,BB,D
14:44:44,TLKM,RG,3790,2,F,ZP,BB,D
14:44:40,TLKM,RG,3790,2,F,BK,BB,D
14:44:38,TLKM,RG,3790,227,F,CS,BB,D
14:44:38,TLKM,RG,3790,9,F,ZP,BB,D
14:44:33,TLKM,RG,3790,7,F,BK,BB,D
14:44:32,TLKM,RG,3790,864,D,YU,BB,D
14:44:31,TLKM,RG,3790,9,F,ZP,BB,D
14:44:30,TLKM,RG,3790,3,F,BK,BB,D
14:44:27,TLKM,RG,3780,916,D,GR,PD,D
14:44:25,TLKM,RG,3790,1,F,ZP,BB,D
14:44:24,TLKM,RG,3780,1,D,GR,AK,F
14:44:23,TLKM,RG,3780,16,D,GR,DX,D
14:44:23,TLKM,RG,3780,6,D,GR,OD,D
14:44:23,TLKM,RG,3780,1,D,GR,PD,D
14:44:23,TLKM,RG,3790,27,D,XC,BB,D
14:44:20,TLKM,RG,3790,5,D,CC,BB,D
14:44:12,TLKM,RG,3780,5,D,GR,NI,D
14:44:05,TLKM,RG,3790,8,F,ZP,BB,D
14:44:05,TLKM,RG,3780,5,D,GR,YP,D
14:43:59,TLKM,RG,3780,505,D,GR,ZP,F
14:43:57,TLKM,RG,3790,262,F,CS,BB,D
14:43:50,TLKM,RG,3780,20,D,GR,CC,D
14:43:48,TLKM,RG,3790,1,D,XC,BB,D
14:43:40,TLKM,RG,3780,7,D,GR,PD,D
14:43:36,TLKM,RG,3780,9,D,GR,YP,D
14:43:26,TLKM,RG,3780,5,D,GR,NI,D
14:43:23,TLKM,RG,3790,1,F,ZP,BB,D
14:43:16,TLKM,RG,3790,1,D,YP,BB,D
14:43:15,TLKM,RG,3780,30,D,GR,DR,D
14:43:09,TLKM,RG,3790,154,F,ZP,BB,D
14:43:06,TLKM,RG,3780,4,D,GR,CC,D
14:42:57,TLKM,RG,3780,50,D,GR,YU,D
14:42:51,TLKM,RG,3780,71,D,GR,AK,F
14:42:51,TLKM,RG,3780,19,D,GR,AK,F
14:42:51,TLKM,RG,3780,8,D,GR,AK,F
14:42:51,TLKM,RG,3780,79,D,GR,AK,F
14:42:51,TLKM,RG,3780,17,D,GR,AK,F
14:42:51,TLKM,RG,3780,1,D,GR,AK,F
14:42:50,TLKM,RG,3780,409,D,GR,BB,D
14:42:50,TLKM,RG,3780,98,D,GR,BB,D
14:42:50,TLKM,RG,3780,65,D,GR,AK,F
14:42:50,TLKM,RG,3780,12,D,GR,AK,F
14:42:50,TLKM,RG,3780,8,D,GR,AK,F
14:42:50,TLKM,RG,3780,406,D,GR,AK,F
14:42:50,TLKM,RG,3780,94,D,GR,AK,F
14:42:50,TLKM,RG,3780,26,D,GR,AK,F
14:42:50,TLKM,RG,3780,4,D,GR,AK,F
14:42:50,TLKM,RG,3780,67,D,GR,AK,F
14:42:50,TLKM,RG,3780,1,D,GR,AK,F
14:42:50,TLKM,RG,3780,17,D,GR,AK,F
14:42:50,TLKM,RG,3780,1,D,GR,BB,D
14:42:50,TLKM,RG,3780,89,D,GR,AK,F
14:42:50,TLKM,RG,3780,70,D,GR,AK,F
14:42:50,TLKM,RG,3780,11,D,GR,AK,F
14:42:50,TLKM,RG,3780,9,D,GR,AK,F
14:42:50,TLKM,RG,3780,241,D,GR,AK,F
14:42:50,TLKM,RG,3780,157,D,GR,AK,F
14:42:50,TLKM,RG,3780,17,D,GR,AK,F
14:42:50,TLKM,RG,3780,15,D,GR,AK,F
14:42:50,TLKM,RG,3780,1,D,GR,AK,F
14:42:50,TLKM,RG,3780,5,D,GR,NI,D
14:42:50,TLKM,RG,3780,3,D,GR,AZ,D
14:42:50,TLKM,RG,3780,175,D,GR,RX,D
14:42:50,TLKM,RG,3780,10,D,GR,AK,F
14:42:50,TLKM,RG,3780,403,D,GR,ZP,F
14:42:50,TLKM,RG,3780,6,D,GR,BB,D
14:42:50,TLKM,RG,3780,60,D,GR,ZP,F
14:42:50,TLKM,RG,3780,147,D,GR,ZP,F
14:42:50,TLKM,RG,3780,86,D,GR,BB,D
14:42:50,TLKM,RG,3780,51,D,GR,BB,D
14:42:50,TLKM,RG,3780,16,D,GR,BB,D
14:42:50,TLKM,RG,3780,13,D,GR,ZP,F
14:42:50,TLKM,RG,3780,653,D,GR,AK,F
14:42:45,TLKM,RG,3770,7,D,AI,AK,F
14:42:43,TLKM,RG,3780,20,D,PD,AK,F
14:42:43,TLKM,RG,3780,42,D,XC,AK,F
14:42:41,TLKM,RG,3770,377,D,AI,BB,D
14:42:41,TLKM,RG,3770,1,D,XC,BB,D
14:42:41,TLKM,RG,3770,14,D,CC,BB,D
14:42:41,TLKM,RG,3770,10,D,CC,BB,D
14:42:41,TLKM,RG,3770,1,D,KK,BB,D
14:42:41,TLKM,RG,3770,20,D,KK,BB,D
14:42:41,TLKM,RG,3770,4,D,XC,BB,D
14:42:41,TLKM,RG,3770,1,D,PD,BB,D
14:42:41,TLKM,RG,3770,1,D,CC,BB,D
14:42:41,TLKM,RG,3770,1,D,PD,BB,D
14:42:41,TLKM,RG,3770,25,D,EP,BB,D
14:42:41,TLKM,RG,3770,1,D,XC,BB,D
14:42:41,TLKM,RG,3770,10,D,PD,BB,D
14:42:41,TLKM,RG,3770,1,D,PD,BB,D
14:42:41,TLKM,RG,3770,10,D,PD,BB,D
14:42:41,TLKM,RG,3770,1,D,LG,BB,D
14:42:41,TLKM,RG,3770,2,D,PD,BB,D
14:42:41,TLKM,RG,3770,1,D,PD,BB,D
14:42:41,TLKM,RG,3770,3,D,EP,BB,D
14:42:41,TLKM,RG,3770,10,D,PD,BB,D
14:42:41,TLKM,RG,3770,10,D,KK,BB,D
14:42:41,TLKM,RG,3770,4,D,AZ,BB,D
14:42:41,TLKM,RG,3770,9,D,DH,BB,D
14:42:41,TLKM,RG,3770,1,D,XC,BB,D
14:42:41,TLKM,RG,3770,1,D,YP,BB,D
14:42:41,TLKM,RG,3770,2,D,YP,BB,D
14:42:41,TLKM,RG,3770,1,D,YP,BB,D
14:42:41,TLKM,RG,3770,1,D,XC,BB,D
14:42:41,TLKM,RG,3770,5,D,XC,BB,D
14:42:41,TLKM,RG,3770,1,D,DR,BB,D
14:42:41,TLKM,RG,3770,1,D,PD,BB,D
14:42:41,TLKM,RG,3770,5,D,IP,BB,D
14:42:41,TLKM,RG,3770,10,D,AR,BB,D
14:42:41,TLKM,RG,3770,50,D,CC,BB,D
14:42:41,TLKM,RG,3770,1,D,EP,BB,D
14:42:41,TLKM,RG,3770,30,D,PD,BB,D
14:42:41,TLKM,RG,3770,10,D,PD,BB,D
14:42:41,TLKM,RG,3770,2,D,PD,BB,D
14:42:41,TLKM,RG,3770,10,D,GR,BB,D
14:42:41,TLKM,RG,3770,50,D,YP,BB,D
14:42:41,TLKM,RG,3770,1,D,KK,BB,D
14:42:41,TLKM,RG,3770,50,D,TP,BB,D
14:42:41,TLKM,RG,3770,1,D,PD,BB,D
14:42:41,TLKM,RG,3770,1,D,PD,BB,D
14:42:41,TLKM,RG,3770,5,D,PD,BB,D
14:42:41,TLKM,RG,3770,2,D,XC,BB,D
14:42:41,TLKM,RG,3770,10,D,GR,BB,D
14:42:41,TLKM,RG,3770,5,D,XC,BB,D
14:42:41,TLKM,RG,3770,50,D,CC,BB,D
14:42:41,TLKM,RG,3770,2,D,CC,BB,D
14:42:41,TLKM,RG,3770,50,D,NI,BB,D
14:42:41,TLKM,RG,3770,1,D,XC,BB,D
14:42:41,TLKM,RG,3770,20,D,XC,BB,D
14:42:41,TLKM,RG,3770,5,D,CC,BB,D
14:42:41,TLKM,RG,3770,10,D,NI,BB,D
14:42:41,TLKM,RG,3770,1,D,CC,BB,D
14:42:41,TLKM,RG,3770,1,D,YP,BB,D
14:42:41,TLKM,RG,3770,1,D,XC,BB,D
14:42:41,TLKM,RG,3770,3,D,XC,BB,D
14:42:41,TLKM,RG,3770,2,D,YP,BB,D
14:42:41,TLKM,RG,3770,2,D,YP,BB,D
14:42:41,TLKM,RG,3770,150,D,CC,BB,D
14:42:41,TLKM,RG,3770,3,D,CC,BB,D
14:42:41,TLKM,RG,3770,25,D,LS,BB,D
14:42:41,TLKM,RG,3770,25,D,LS,BB,D
14:42:41,TLKM,RG,3770,25,D,LS,BB,D
14:42:41,TLKM,RG,3770,50,D,YP,BB,D
14:42:41,TLKM,RG,3770,5,D,DX,BB,D
14:42:41,TLKM,RG,3770,1,D,NI,BB,D
14:42:41,TLKM,RG,3770,1,D,NI,BB,D
14:42:41,TLKM,RG,3770,10,D,NI,BB,D
14:42:41,TLKM,RG,3770,10,D,CC,BB,D
14:42:41,TLKM,RG,3770,15,D,CC,BB,D
14:42:41,TLKM,RG,3770,2,D,NI,BB,D
14:42:41,TLKM,RG,3770,2,F,AG,BB,D
14:42:41,TLKM,RG,3770,1,D,XC,BB,D
14:42:41,TLKM,RG,3770,1,D,XC,BB,D
14:42:41,TLKM,RG,3770,1,D,XC,BB,D
14:42:41,TLKM,RG,3770,100,D,XC,BB,D
14:42:41,TLKM,RG,3770,1,D,OD,BB,D
14:42:41,TLKM,RG,3770,5,D,IP,BB,D
14:42:41,TLKM,RG,3770,1,D,LS,BB,D
14:42:41,TLKM,RG,3770,3,F,ZP,BB,D
14:42:41,TLKM,RG,3770,1,D,AT,BB,D
14:42:41,TLKM,RG,3770,30,D,YP,BB,D
14:42:41,TLKM,RG,3770,1,D,YP,BB,D
14:42:41,TLKM,RG,3770,5,D,PD,BB,D
14:42:41,TLKM,RG,3770,2,D,PD,BB,D
14:42:41,TLKM,RG,3770,2,D,XA,BB,D
14:42:41,TLKM,RG,3770,1,D,NI,BB,D
14:42:41,TLKM,RG,3770,25,D,YP,BB,D
14:42:41,TLKM,RG,3770,3,D,CC,BB,D
14:42:41,TLKM,RG,3770,1,D,YP,BB,D
14:42:41,TLKM,RG,3770,5,D,CC,BB,D
14:42:41,TLKM,RG,3770,10,D,YU,BB,D
14:42:41,TLKM,RG,3770,10,D,YP,BB,D
14:42:41,TLKM,RG,3770,10,D,YP,BB,D
14:42:41,TLKM,RG,3770,1,D,PD,BB,D
14:42:41,TLKM,RG,3770,10,D,CC,BB,D
14:42:41,TLKM,RG,3770,500,D,GR,BB,D
14:42:41,TLKM,RG,3770,6,D,PD,BB,D
14:42:41,TLKM,RG,3770,3,D,CC,BB,D
14:42:41,TLKM,RG,3770,10,D,CC,BB,D
14:42:41,TLKM,RG,3770,1,D,PD,BB,D
14:42:41,TLKM,RG,3770,1,D,PD,BB,D
14:42:41,TLKM,RG,3770,5,D,PD,BB,D
14:42:41,TLKM,RG,3770,171,F,GR,BB,D
14:42:38,TLKM,RG,3770,10,F,GR,AK,F
14:42:37,TLKM,RG,3770,403,F,GR,BB,D
14:42:37,TLKM,RG,3770,26,F,GR,YP,D
14:42:37,TLKM,RG,3780,93,F,ZP,CS,F
14:42:37,TLKM,RG,3780,19,F,ZP,CS,F
14:42:37,TLKM,RG,3780,99,F,ZP,DR,D
14:42:37,TLKM,RG,3780,71,F,ZP,DR,D
14:42:37,TLKM,RG,3780,88,F,ZP,DR,D
14:42:36,TLKM,RG,3770,1,F,GR,DR,D
14:42:36,TLKM,RG,3780,1,D,DH,DR,D
14:42:36,TLKM,RG,3770,388,F,GR,BB,D
14:42:35,TLKM,RG,3780,50,D,AZ,BB,D
14:42:35,TLKM,RG,3780,397,F,DX,BB,D
14:42:35,TLKM,RG,3780,1,D,PD,BB,D
14:42:35,TLKM,RG,3780,7,F,ZP,BB,D
14:42:35,TLKM,RG,3780,1,D,PD,BB,D
14:42:35,TLKM,RG,3780,100,D,PD,BB,D
14:42:35,TLKM,RG,3780,81,F,CS,BB,D
14:42:35,TLKM,RG,3780,36,F,DX,BB,D
14:42:35,TLKM,RG,3780,1,D,PD,BB,D
14:42:35,TLKM,RG,3780,17,F,ZP,BB,D
14:42:35,TLKM,RG,3780,1,D,XC,BB,D
14:42:35,TLKM,RG,3780,5,D,YP,BB,D
14:42:35,TLKM,RG,3780,1,D,XC,BB,D
14:42:35,TLKM,RG,3780,1,D,XC,BB,D
14:42:35,TLKM,RG,3780,4,D,PD,BB,D
14:42:35,TLKM,RG,3780,359,F,DX,BB,D
14:42:35,TLKM,RG,3780,4,D,PD,BB,D
14:42:35,TLKM,RG,3780,60,F,KZ,BB,D
14:42:33,TLKM,RG,3780,48,F,KZ,BB,D
14:42:31,TLKM,RG,3780,120,F,KZ,BB,D
14:42:31,TLKM,RG,3780,1,D,XC,BB,D
14:42:31,TLKM,RG,3780,5,D,PD,BB,D
14:42:31,TLKM,RG,3780,1,D,XC,BB,D
14:42:31,TLKM,RG,3780,1,F,KZ,BB,D
14:42:31,TLKM,RG,3780,426,F,KZ,BB,D
14:42:31,TLKM,RG,3780,30,F,DX,BB,D
14:42:29,TLKM,RG,3780,19,F,DX,CS,F
14:42:29,TLKM,RG,3780,63,F,DX,CS,F
14:42:25,TLKM,RG,3780,100,F,DX,YP,D
14:42:23,TLKM,RG,3780,220,F,DX,ZP,F
14:42:23,TLKM,RG,3780,49,F,CS,ZP,F
14:42:21,TLKM,RG,3780,25,F,CS,PD,D
14:42:21,TLKM,RG,3780,313,F,CS,PD,D
14:42:21,TLKM,RG,3780,1,D,PD,PD,D
14:42:21,TLKM,RG,3780,43,F,ZP,PD,D
14:42:21,TLKM,RG,3780,30,D,CC,PD,D
14:42:21,TLKM,RG,3780,60,F,DX,PD,D
14:42:21,TLKM,RG,3780,163,F,ZP,PD,D
14:42:21,TLKM,RG,3780,44,F,AK,PD,D
14:42:21,TLKM,RG,3780,61,F,AK,PD,D
14:42:21,TLKM,RG,3780,60,D,DH,PD,D
14:42:21,TLKM,RG,3780,1,D,AZ,PD,D
14:42:21,TLKM,RG,3780,114,D,PD,PD,D
14:42:21,TLKM,RG,3780,1,D,PD,AK,F
14:42:21,TLKM,RG,3780,20,D,PD,PD,D
14:42:20,TLKM,RG,3780,38,D,PD,DX,F
14:42:17,TLKM,RG,3780,1,D,PD,XC,D
14:42:15,TLKM,RG,3780,13,D,PD,AK,F
14:42:11,TLKM,RG,3780,30,D,PD,DR,D
14:42:08,TLKM,RG,3780,20,D,PD,YP,D
14:42:01,TLKM,RG,3780,47,D,PD,CS,F
14:42:01,TLKM,RG,3780,15,D,PD,CS,F
14:42:01,TLKM,RG,3780,1,F,CC,CS,F
14:42:01,TLKM,RG,3780,114,D,PD,CS,F
14:42:01,TLKM,RG,3780,86,D,PD,AK,F
14:42:01,TLKM,RG,3780,1,D,PD,AK,F
14:42:01,TLKM,RG,3780,24,D,YU,AK,F
14:42:00,TLKM,RG,3780,86,D,YU,AK,F
14:42:00,TLKM,RG,3780,48,D,YU,ZP,F
14:42:00,TLKM,RG,3780,31,D,YU,ZP,F
14:42:00,TLKM,RG,3780,1,D,YU,AK,F
14:42:00,TLKM,RG,3780,185,D,YU,YU,D
14:42:00,TLKM,RG,3780,1,D,GR,YU,D
14:42:00,TLKM,RG,3780,30,D,DX,YU,D
14:42:00,TLKM,RG,3780,4,D,YP,YU,D
14:42:00,TLKM,RG,3780,2,F,KZ,YU,D
14:42:00,TLKM,RG,3780,5,D,KK,YU,D
14:42:00,TLKM,RG,3780,415,D,BB,YU,D
14:42:00,TLKM,RG,3780,608,F,DX,YU,D
14:42:00,TLKM,RG,3780,10,F,DX,NI,D
14:41:59,TLKM,RG,3780,500,F,DX,PD,D
14:41:59,TLKM,RG,3780,10,D,CC,PD,D
14:41:59,TLKM,RG,3780,406,F,KZ,PD,D
14:41:48,TLKM,RG,3790,1,D,NI,BB,D
14:41:46,TLKM,RG,3780,20,F,KZ,YP,D
14:41:45,TLKM,RG,3780,13,F,KZ,AK,F
14:41:45,TLKM,RG,3780,14,F,KZ,AK,F
14:41:45,TLKM,RG,3780,6,F,KZ,AK,F
14:41:41,TLKM,RG,3780,41,F,KZ,DR,D
14:41:41,TLKM,RG,3780,13,F,KZ,DX,D
14:41:39,TLKM,RG,3780,102,F,KZ,KZ,F
14:41:39,TLKM,RG,3780,2,F,KZ,KZ,F
14:41:39,TLKM,RG,3780,16,F,KZ,KZ,F
14:41:37,TLKM,RG,3780,36,F,KZ,RX,D
14:41:37,TLKM,RG,3780,350,F,KZ,YP,D
14:41:35,TLKM,RG,3790,1,D,XC,BB,D
14:41:35,TLKM,RG,3780,122,F,KZ,ZP,F
14:41:35,TLKM,RG,3780,258,F,KZ,ZP,F
14:41:34,TLKM,RG,3780,361,F,KZ,KZ,F
14:41:34,TLKM,RG,3780,266,F,CS,KZ,F
14:41:34,TLKM,RG,3780,32,F,CS,KZ,F
14:41:34,TLKM,RG,3780,8,D,XC,KZ,F
14:41:34,TLKM,RG,3780,8,D,NI,KZ,F
14:41:34,TLKM,RG,3780,1,D,XC,KZ,F
14:41:34,TLKM,RG,3780,10,D,XC,KZ,F
14:41:34,TLKM,RG,3780,1,D,XC,KZ,F
14:41:34,TLKM,RG,3780,1,D,XC,KZ,F
14:41:34,TLKM,RG,3780,23,D,LG,KZ,F
14:41:34,TLKM,RG,3780,27,D,LG,KZ,F
14:41:34,TLKM,RG,3780,1,D,XC,KZ,F
14:41:34,TLKM,RG,3780,2,D,DH,KZ,F
14:41:34,TLKM,RG,3780,1,D,CC,KZ,F
14:41:34,TLKM,RG,3780,1,D,YP,KZ,F
14:41:34,TLKM,RG,3780,186,F,ZP,KZ,F
14:41:34,TLKM,RG,3780,15,D,XC,KZ,F
14:41:34,TLKM,RG,3780,5,D,CC,KZ,F
14:41:34,TLKM,RG,3780,274,D,PD,KZ,F
14:41:32,TLKM,RG,3780,15,D,PD,EP,D
14:41:32,TLKM,RG,3780,111,D,PD,BB,D
14:41:32,TLKM,RG,3780,2,D,DH,BB,D
14:41:32,TLKM,RG,3780,2,D,XC,BB,D
14:41:32,TLKM,RG,3780,3,D,PD,BB,D
14:41:32,TLKM,RG,3780,1,D,XC,BB,D
14:41:32,TLKM,RG,3780,2,D,XC,BB,D
14:41:32,TLKM,RG,3780,3,D,XC,BB,D
14:41:32,TLKM,RG,3780,2,D,XC,BB,D
14:41:32,TLKM,RG,3780,1,D,NI,BB,D
14:41:32,TLKM,RG,3780,2,D,NI,BB,D
14:41:32,TLKM,RG,3780,255,F,CS,BB,D
14:41:31,TLKM,RG,3780,7,F,CS,XC,D
14:41:31,TLKM,RG,3780,27,F,CS,YU,D
14:41:31,TLKM,RG,3780,2,D,GR,YU,D
14:41:31,TLKM,RG,3780,1,D,XC,YU,D
14:41:31,TLKM,RG,3780,390,D,YU,YU,D
14:41:31,TLKM,RG,3780,5,D,OD,YU,D
14:41:31,TLKM,RG,3780,5,D,EP,YU,D
14:41:31,TLKM,RG,3780,48,F,AK,YU,D
14:41:31,TLKM,RG,3780,32,D,XC,YU,D
14:41:31,TLKM,RG,3780,1,D,XC,YU,D
14:41:31,TLKM,RG,3780,10,D,NI,YU,D
14:41:31,TLKM,RG,3780,23,D,PD,YU,D
14:41:31,TLKM,RG,3780,67,F,CS,YU,D
14:41:31,TLKM,RG,3780,1,D,XC,YU,D
14:41:31,TLKM,RG,3780,10,D,CC,YU,D
14:41:31,TLKM,RG,3780,10,D,CC,YU,D
14:41:31,TLKM,RG,3780,141,F,ZP,YU,D
14:41:31,TLKM,RG,3780,1223,F,DX,YU,D
14:41:31,TLKM,RG,3780,1,D,XC,YU,D
14:41:31,TLKM,RG,3780,1,D,XC,YU,D
14:41:31,TLKM,RG,3780,5,D,PD,YU,D
14:41:31,TLKM,RG,3780,37,F,AK,YU,D
14:41:31,TLKM,RG,3780,2,D,YP,YU,D
14:41:31,TLKM,RG,3780,262,F,CS,YU,D
14:41:31,TLKM,RG,3780,1,D,XC,YU,D
14:41:31,TLKM,RG,3780,323,F,CS,YU,D
14:41:31,TLKM,RG,3780,8,D,XC,YU,D
14:41:31,TLKM,RG,3780,10,D,KK,YU,D
14:41:31,TLKM,RG,3780,2,D,DH,YU,D
14:41:31,TLKM,RG,3780,143,F,KZ,YU,D
14:41:31,TLKM,RG,3780,10,D,PD,YU,D
14:41:31,TLKM,RG,3780,208,F,CS,YU,D
14:41:31,TLKM,RG,3780,1,F,CC,YU,D
14:41:31,TLKM,RG,3780,1,D,XC,YU,D
14:41:31,TLKM,RG,3780,4,D,XC,YU,D
14:41:31,TLKM,RG,3780,3,D,HP,YU,D
14:41:31,TLKM,RG,3780,7,D,PD,YU,D
14:41:31,TLKM,RG,3780,2,D,AT,YU,D
14:41:31,TLKM,RG,3780,70,D,EP,YU,D
14:41:31,TLKM,RG,3780,1,D,KK,YU,D
14:41:31,TLKM,RG,3780,1,D,XC,YU,D
14:41:31,TLKM,RG,3780,1,D,DH,YU,D
14:41:31,TLKM,RG,3780,400,D,PD,YU,D
14:41:31,TLKM,RG,3780,2,F,CS,YU,D
14:41:31,TLKM,RG,3780,2,D,XC,YU,D
14:41:31,TLKM,RG,3780,100,D,YP,YU,D
14:41:31,TLKM,RG,3780,1,D,XC,YU,D
14:41:31,TLKM,RG,3780,100,D,DH,YU,D
14:41:31,TLKM,RG,3780,2,D,XC,YU,D
14:41:31,TLKM,RG,3780,148,F,CS,YU,D
14:41:31,TLKM,RG,3780,3,D,XC,YU,D
14:41:31,TLKM,RG,3780,3,F,CS,YU,D
14:41:31,TLKM,RG,3780,26,F,KZ,YU,D
14:41:31,TLKM,RG,3780,2,D,PD,YU,D
14:41:31,TLKM,RG,3780,20,D,CC,YU,D
14:41:31,TLKM,RG,3780,2,D,PD,YU,D
14:41:31,TLKM,RG,3780,30,D,GR,YU,D
14:41:31,TLKM,RG,3780,476,D,YU,YU,D
14:41:31,TLKM,RG,3780,171,F,CS,YU,D
14:41:31,TLKM,RG,3780,45,D,XC,YU,D
14:41:31,TLKM,RG,3780,174,F,KZ,YU,D
14:41:31,TLKM,RG,3780,3,D,PD,YU,D
14:41:31,TLKM,RG,3780,56,F,KZ,YU,D
14:41:31,TLKM,RG,3780,1,D,GR,YU,D
14:41:31,TLKM,RG,3780,279,F,ZP,YU,D
14:41:31,TLKM,RG,3780,1,D,PD,YU,D
14:41:31,TLKM,RG,3780,572,F,KZ,YU,D
14:41:31,TLKM,RG,3780,189,D,PD,YU,D
14:41:31,TLKM,RG,3780,10,D,PD,YU,D
14:41:31,TLKM,RG,3780,30,D,PD,YU,D
14:41:31,TLKM,RG,3780,42,F,DX,YU,D
14:41:31,TLKM,RG,3780,72,F,AK,YU,D
14:41:31,TLKM,RG,3780,1,D,PD,YU,D
14:41:31,TLKM,RG,3780,224,F,CS,YU,D
14:41:31,TLKM,RG,3780,1,D,CC,YU,D
14:41:31,TLKM,RG,3780,400,D,PD,YU,D
14:41:31,TLKM,RG,3780,282,F,CS,YU,D
14:41:31,TLKM,RG,3780,2,D,CC,YU,D
14:41:31,TLKM,RG,3780,10,D,PD,YU,D
14:41:31,TLKM,RG,3780,1,D,KK,YU,D
14:41:31,TLKM,RG,3780,13,D,NI,YU,D
14:41:31,TLKM,RG,3780,1,D,CC,YU,D
14:41:31,TLKM,RG,3780,217,F,DX,YU,D
14:41:31,TLKM,RG,3780,68,F,DX,ZP,F
14:41:31,TLKM,RG,3780,179,F,KZ,ZP,F
14:41:31,TLKM,RG,3780,50,D,OD,ZP,F
14:41:31,TLKM,RG,3780,5,D,PD,ZP,F
14:41:31,TLKM,RG,3780,6,D,NI,ZP,F
14:41:22,TLKM,RG,3790,14,F,DX,YU,D
14:41:22,TLKM,RG,3790,24,F,DX,AK,F
14:41:22,TLKM,RG,3780,8,D,NI,NI,D
14:41:22,TLKM,RG,3780,1,D,CC,NI,D
14:41:22,TLKM,RG,3780,1,D,LG,NI,D
14:41:17,TLKM,RG,3780,16,D,LG,ZP,F
14:41:12,TLKM,RG,3780,13,D,LG,AK,F
14:41:10,TLKM,RG,3780,10,D,LG,PD,D
14:41:03,TLKM,RG,3780,60,D,LG,YP,D
14:41:03,TLKM,RG,3780,5,D,NI,YP,D
14:41:03,TLKM,RG,3780,10,D,GR,YP,D
14:41:03,TLKM,RG,3780,211,F,DX,YP,D
14:41:01,TLKM,RG,3780,48,F,DX,CS,F
14:41:01,TLKM,RG,3780,2,D,XC,CS,F
14:41:01,TLKM,RG,3780,336,F,KZ,CS,F
14:41:01,TLKM,RG,3790,48,F,KZ,AK,F
14:41:01,TLKM,RG,3790,9,F,KZ,AK,F
14:41:01,TLKM,RG,3790,12,F,KZ,AK,F
14:41:01,TLKM,RG,3790,1,F,KZ,AK,F
14:41:01,TLKM,RG,3790,73,F,KZ,ZP,F
14:41:00,TLKM,RG,3780,31,F,KZ,YU,D
14:41:00,TLKM,RG,3780,1,D,XC,YU,D
14:41:00,TLKM,RG,3780,5,D,PD,YU,D
14:41:00,TLKM,RG,3780,5,D,NI,YU,D
14:41:00,TLKM,RG,3780,2,D,PD,YU,D
14:41:00,TLKM,RG,3780,1,D,XC,YU,D
14:41:00,TLKM,RG,3780,1,D,PD,YU,D
14:41:00,TLKM,RG,3780,3,D,YP,YU,D
14:41:00,TLKM,RG,3780,237,F,DX,YU,D
14:41:00,TLKM,RG,3780,1,D,PD,YU,D
14:41:00,TLKM,RG,3780,1,D,PD,YU,D
14:41:00,TLKM,RG,3780,8,D,NI,YU,D
14:41:00,TLKM,RG,3780,1954,D,BB,YU,D
14:41:00,TLKM,RG,3780,191,D,BB,YU,D
14:41:00,TLKM,RG,3780,8,D,NI,YU,D
14:41:00,TLKM,RG,3780,150,F,KZ,YU,D
14:41:00,TLKM,RG,3780,1,D,PD,YU,D
14:41:00,TLKM,RG,3780,319,F,DX,YU,D
14:41:00,TLKM,RG,3780,325,F,CS,YU,D
14:41:00,TLKM,RG,3780,2,D,YP,YU,D
14:41:00,TLKM,RG,3780,3,D,XC,YU,D
14:41:00,TLKM,RG,3780,1,D,NI,YU,D
14:41:00,TLKM,RG,3780,5,D,DR,YU,D
14:41:00,TLKM,RG,3780,1,D,PD,YU,D
14:41:00,TLKM,RG,3780,389,F,DX,YU,D
14:41:00,TLKM,RG,3780,186,F,ZP,YU,D
14:41:00,TLKM,RG,3780,4,D,XC,YU,D
14:41:00,TLKM,RG,3780,5,D,CC,YU,D
14:41:00,TLKM,RG,3780,378,F,CS,YU,D
14:41:00,TLKM,RG,3780,13,D,CC,YU,D
14:41:00,TLKM,RG,3780,24,F,ZP,YU,D
14:41:00,TLKM,RG,3780,5,D,XC,YU,D
14:41:00,TLKM,RG,3780,259,F,CS,YU,D
14:41:00,TLKM,RG,3780,4,D,XC,YU,D
14:41:00,TLKM,RG,3780,1,D,PD,YU,D
14:41:00,TLKM,RG,3780,1,D,XC,YU,D
14:41:00,TLKM,RG,3780,1,D,XC,YU,D
14:41:00,TLKM,RG,3780,471,F,DX,YU,D
14:41:00,TLKM,RG,3780,1716,F,DX,YU,D
14:41:00,TLKM,RG,3780,14,F,DX,AK,F
14:41:00,TLKM,RG,3780,18,F,DX,ZP,F
14:40:55,TLKM,RG,3780,46,F,DX,YP,D
14:40:52,TLKM,RG,3780,1,F,DX,AK,F
14:40:51,TLKM,RG,3780,5,F,DX,AZ,D
14:40:46,TLKM,RG,3780,319,F,DX,AK,F
14:40:44,TLKM,RG,3780,16,F,DX,ZP,F
14:40:42,TLKM,RG,3780,222,F,DX,OD,D
14:40:42,TLKM,RG,3780,10,D,YP,OD,D
14:40:42,TLKM,RG,3780,2,D,NI,OD,D
14:40:42,TLKM,RG,3780,1,D,DH,OD,D
14:40:42,TLKM,RG,3780,1,D,GR,OD,D
14:40:42,TLKM,RG,3780,1,D,XC,OD,D
14:40:42,TLKM,RG,3780,3,D,XC,OD,D
14:40:42,TLKM,RG,3780,20,D,NI,OD,D
14:40:42,TLKM,RG,3780,10,D,PD,OD,D
14:40:42,TLKM,RG,3780,2,D,PD,OD,D
14:40:42,TLKM,RG,3780,4,D,NI,OD,D
14:40:42,TLKM,RG,3780,119,D,YU,OD,D
14:40:41,TLKM,RG,3790,3,D,XC,ZP,F
14:40:39,TLKM,RG,3780,348,D,YU,OD,D
14:40:39,TLKM,RG,3780,100,D,KK,OD,D
14:40:39,TLKM,RG,3780,1,F,CC,OD,D
14:40:39,TLKM,RG,3780,15,D,PD,OD,D
14:40:39,TLKM,RG,3780,763,F,DX,OD,D
14:40:39,TLKM,RG,3780,3,D,YP,OD,D
14:40:39,TLKM,RG,3780,396,D,YP,OD,D
14:40:39,TLKM,RG,3780,190,D,PD,OD,D
14:40:37,TLKM,RG,3790,42,F,DX,ZP,F
14:40:32,TLKM,RG,3790,189,D,PD,ZP,F
14:40:32,TLKM,RG,3790,10,D,PD,ZP,F
14:40:30,TLKM,RG,3780,110,D,PD,AK,F
14:40:30,TLKM,RG,3780,1,D,XC,AK,F
14:40:30,TLKM,RG,3780,5,D,NI,AK,F
14:40:30,TLKM,RG,3780,1,D,XC,AK,F
14:40:30,TLKM,RG,3780,1,D,PD,AK,F
14:40:30,TLKM,RG,3780,80,F,ZP,AK,F
14:40:30,TLKM,RG,3780,26,F,ZP,AK,F
14:40:30,TLKM,RG,3780,1,F,ZP,AK,F
14:40:29,TLKM,RG,3780,4,F,ZP,DH,D
14:40:25,TLKM,RG,3780,130,F,ZP,AK,F
14:40:25,TLKM,RG,3780,10,D,AT,AK,F
14:40:25,TLKM,RG,3780,1406,D,BB,AK,F
14:40:25,TLKM,RG,3780,92,D,BB,AK,F
14:40:25,TLKM,RG,3780,19,D,BB,ZP,F
14:40:24,TLKM,RG,3780,288,D,BB,ZP,F
14:40:21,TLKM,RG,3790,4,F,AK,ZP,F
14:40:21,TLKM,RG,3790,24,F,AK,DX,F
14:40:20,TLKM,RG,3780,44,D,BB,ZP,F
14:40:15,TLKM,RG,3780,7,D,BB,AK,F
14:40:10,TLKM,RG,3780,15,D,BB,ZP,F
14:40:04,TLKM,RG,3780,38,D,BB,ZP,F
14:40:00,TLKM,RG,3780,19,D,BB,AK,F
14:40:00,TLKM,RG,3780,1,D,BB,AK,F
14:39:59,TLKM,RG,3790,1,D,XC,DX,F
14:39:56,TLKM,RG,3780,3,D,BB,YP,D
14:39:52,TLKM,RG,3780,15,D,BB,ZP,F
14:39:48,TLKM,RG,3780,38,D,BB,ZP,F
14:39:47,TLKM,RG,3790,3,D,PD,DX,F
14:39:45,TLKM,RG,3780,14,D,BB,AK,F
14:39:44,TLKM,RG,3780,1,D,BB,AK,F
14:39:42,TLKM,RG,3780,4,D,BB,PD,D
14:39:36,TLKM,RG,3780,11,D,BB,AK,F
14:39:35,TLKM,RG,3790,5,D,YP,DX,F
14:39:35,TLKM,RG,3780,15,D,BB,ZP,F
14:39:29,TLKM,RG,3790,29,F,DX,DX,F
14:39:29,TLKM,RG,3790,12,F,DX,RX,D
14:39:28,TLKM,RG,3780,8,D,BB,ZP,F
14:39:28,TLKM,RG,3780,5,D,PD,ZP,F
14:39:28,TLKM,RG,3780,20,F,AK,ZP,F
14:39:16,TLKM,RG,3780,20,F,AK,AK,F
14:39:14,TLKM,RG,3780,14,F,AK,YP,D
14:39:14,TLKM,RG,3780,1,D,PD,YP,D
14:39:14,TLKM,RG,3780,1,D,XC,YP,D
14:39:14,TLKM,RG,3780,4,D,YP,YP,D
14:39:14,TLKM,RG,3780,1,D,YP,AK,F
14:39:14,TLKM,RG,3780,9,D,YP,ZP,F
14:39:14,TLKM,RG,3780,6,D,NI,ZP,F
14:39:14,TLKM,RG,3780,1,D,XC,ZP,F
14:39:14,TLKM,RG,3780,1,D,XC,ZP,F
14:39:14,TLKM,RG,3780,1,D,NI,ZP,F
14:39:14,TLKM,RG,3780,5,D,PD,ZP,F
14:39:14,TLKM,RG,3780,20,F,CS,ZP,F
14:39:13,TLKM,RG,3780,25,F,CS,KK,D
14:39:13,TLKM,RG,3790,1,F,KZ,RX,D
14:39:07,TLKM,RG,3780,12,F,CS,DX,D
14:39:07,TLKM,RG,3780,2,F,CS,BB,D
14:39:05,TLKM,RG,3780,3,F,CS,PD,D
14:38:57,TLKM,RG,3780,15,F,CS,ZP,F
14:38:57,TLKM,RG,3780,16,F,CS,AK,F
14:38:55,TLKM,RG,3780,27,F,CS,ZP,F
14:38:51,TLKM,RG,3790,1,D,PD,RX,D
14:38:45,TLKM,RG,3780,1,F,CS,AK,F
14:38:41,TLKM,RG,3780,32,F,CS,ZP,F
14:38:38,TLKM,RG,3780,12,F,CS,ZP,F
14:38:30,TLKM,RG,3780,7,F,CS,AK,F
14:38:24,TLKM,RG,3780,73,F,CS,AK,F
14:38:24,TLKM,RG,3780,29,D,YP,AK,F
14:38:22,TLKM,RG,3780,12,D,YP,ZP,F
14:38:22,TLKM,RG,3780,9,D,YP,ZP,F
14:38:22,TLKM,RG,3780,4,D,XC,ZP,F
14:38:22,TLKM,RG,3780,1,D,XC,ZP,F
14:38:22,TLKM,RG,3780,1,D,DH,ZP,F
14:38:22,TLKM,RG,3780,6,D,DR,ZP,F
14:38:22,TLKM,RG,3780,1,D,XC,ZP,F
14:38:22,TLKM,RG,3780,3,D,XC,ZP,F
14:38:22,TLKM,RG,3780,4,F,CS,ZP,F
14:38:15,TLKM,RG,3780,1,F,CS,AK,F
14:38:08,TLKM,RG,3780,2,F,CS,XC,D
14:38:06,TLKM,RG,3780,14,F,CS,ZP,F
14:38:05,TLKM,RG,3780,30,F,CS,ZP,F
14:38:04,TLKM,RG,3780,158,F,CS,KZ,F
14:38:04,TLKM,RG,3780,312,F,ZP,KZ,F
14:38:04,TLKM,RG,3780,37,F,ZP,KZ,F
14:38:04,TLKM,RG,3780,1,D,GR,KZ,F
14:38:04,TLKM,RG,3780,24,F,CS,KZ,F
14:38:04,TLKM,RG,3780,169,F,CS,KZ,F
14:38:04,TLKM,RG,3780,11,D,CC,KZ,F
14:38:04,TLKM,RG,3780,5,D,PD,KZ,F
14:38:04,TLKM,RG,3780,4,D,KK,KZ,F
14:38:04,TLKM,RG,3780,2,D,CC,KZ,F
14:38:04,TLKM,RG,3780,10,D,XC,KZ,F
14:38:04,TLKM,RG,3780,173,D,PD,KZ,F
14:38:02,TLKM,RG,3780,127,D,PD,OD,D
14:38:02,TLKM,RG,3780,2,D,XC,OD,D
14:38:02,TLKM,RG,3780,1,F,CC,OD,D
14:38:02,TLKM,RG,3780,30,D,GR,OD,D
14:38:02,TLKM,RG,3780,187,F,CS,OD,D
14:38:02,TLKM,RG,3780,10,D,PD,OD,D
14:38:02,TLKM,RG,3780,25,D,YP,OD,D
14:38:02,TLKM,RG,3780,3,F,AG,OD,D
14:38:02,TLKM,RG,3780,10,D,CC,OD,D
14:38:02,TLKM,RG,3780,3,D,CC,PD,D
14:38:02,TLKM,RG,3780,1,D,NI,PD,D
14:38:02,TLKM,RG,3780,1,D,CC,PD,D
14:38:00,TLKM,RG,3780,9,D,CC,AK,F
14:38:00,TLKM,RG,3780,1,D,PD,AK,F
14:38:00,TLKM,RG,3780,2,D,XC,AK,F
14:38:00,TLKM,RG,3780,6,D,XC,AK,F
14:38:00,TLKM,RG,3780,2,D,PD,AK,F
14:38:00,TLKM,RG,3780,9,F,ZP,AK,F
14:37:58,TLKM,RG,3780,406,F,ZP,OD,D
14:37:49,TLKM,RG,3780,56,F,ZP,OD,D
14:37:49,TLKM,RG,3780,25,D,YP,OD,D
14:37:49,TLKM,RG,3780,1,F,CC,OD,D
14:37:49,TLKM,RG,3780,1,D,PD,OD,D
14:37:49,TLKM,RG,3780,2,D,XC,OD,D
14:37:49,TLKM,RG,3780,39,F,DX,OD,D
14:37:49,TLKM,RG,3780,1048,F,KZ,OD,D
14:37:49,TLKM,RG,3780,60,F,DX,OD,D
14:37:49,TLKM,RG,3780,35,F,AK,OD,D
14:37:49,TLKM,RG,3780,24,F,AK,OD,D
14:37:49,TLKM,RG,3780,366,F,CS,OD,D
14:37:49,TLKM,RG,3780,159,F,CS,OD,D
14:37:48,TLKM,RG,3780,12,F,CS,ZP,F
14:37:47,TLKM,RG,3780,27,F,CS,ZP,F
14:37:46,TLKM,RG,3780,906,F,CS,OD,D
14:37:46,TLKM,RG,3780,461,D,YU,OD,D
14:37:46,TLKM,RG,3780,5,D,YB,OD,D
14:37:46,TLKM,RG,3780,1,D,XC,OD,D
14:37:46,TLKM,RG,3780,1,D,XC,OD,D
14:37:46,TLKM,RG,3780,100,D,KK,OD,D
14:37:46,TLKM,RG,3780,1,D,CC,OD,D
14:37:46,TLKM,RG,3780,20,D,PD,OD,D
14:37:46,TLKM,RG,3780,23,F,KZ,OD,D
14:37:46,TLKM,RG,3780,11,F,KZ,OD,D
14:37:46,TLKM,RG,3780,45,F,KZ,OD,D
14:37:46,TLKM,RG,3780,2,D,PD,OD,D
14:37:46,TLKM,RG,3780,6,D,XC,OD,D
14:37:46,TLKM,RG,3780,2,D,CC,OD,D
14:37:46,TLKM,RG,3780,232,F,CS,OD,D
14:37:45,TLKM,RG,3780,13,F,CS,AK,F
14:37:45,TLKM,RG,3780,1,F,CS,AK,F
14:37:45,TLKM,RG,3780,6,F,CS,SQ,D
14:37:45,TLKM,RG,3780,20,D,PD,SQ,D
14:37:45,TLKM,RG,3780,2,D,YP,SQ,D
14:37:45,TLKM,RG,3780,1,D,XC,SQ,D
14:37:45,TLKM,RG,3780,1,D,YP,SQ,D
14:37:45,TLKM,RG,3780,2,F,KZ,SQ,D
14:37:32,TLKM,RG,3780,13,F,KZ,ZP,F
14:37:30,TLKM,RG,3780,24,F,KZ,ZP,F
14:37:25,TLKM,RG,3790,2,F,KZ,RX,D
14:37:16,TLKM,RG,3780,4,F,KZ,ZP,F
14:37:15,TLKM,RG,3780,1,F,KZ,AK,F
14:37:11,TLKM,RG,3780,25,F,KZ,ZP,F
14:37:11,TLKM,RG,3780,4,F,DX,ZP,F
14:36:55,TLKM,RG,3790,2,F,KZ,RX,D
14:36:54,TLKM,RG,3780,14,F,DX,AK,F
14:36:53,TLKM,RG,3780,28,F,DX,ZP,F
14:36:53,TLKM,RG,3790,89,F,AK,RX,D
14:36:53,TLKM,RG,3790,18,F,AK,DX,F
14:36:53,TLKM,RG,3790,5,D,CC,DX,F
14:36:45,TLKM,RG,3780,1,F,DX,AK,F
14:36:40,TLKM,RG,3790,57,D,YU,DX,F
14:36:40,TLKM,RG,3790,435,D,YU,AK,F
14:36:40,TLKM,RG,3790,83,D,YU,DX,F
14:36:40,TLKM,RG,3790,43,D,YU,PD,D
14:36:40,TLKM,RG,3790,14,D,YU,PD,D
14:36:40,TLKM,RG,3790,10,D,YU,PD,D
14:36:40,TLKM,RG,3790,10,D,YU,YP,D
14:36:40,TLKM,RG,3790,29,D,YU,PD,D
14:36:40,TLKM,RG,3790,23,D,YU,ZP,F
14:36:40,TLKM,RG,3790,82,D,YU,DX,F
14:36:40,TLKM,RG,3790,52,D,YU,CC,D
14:36:38,TLKM,RG,3780,33,F,DX,ZP,F
14:36:32,TLKM,RG,3790,41,F,DX,CC,D
14:36:29,TLKM,RG,3780,16,F,DX,DX,D
14:36:26,TLKM,RG,3790,7,D,GR,CC,D
14:36:26,TLKM,RG,3790,13,D,GR,PD,D
14:36:24,TLKM,RG,3790,1,D,XC,PD,D
14:36:22,TLKM,RG,3780,1,F,DX,AK,F
14:36:21,TLKM,RG,3780,29,F,DX,ZP,F
14:36:13,TLKM,RG,3780,1,F,DX,PD,D
14:36:12,TLKM,RG,3780,4,F,DX,YP,D
14:36:12,TLKM,RG,3780,22,F,DX,AK,F
14:36:12,TLKM,RG,3780,6,F,DX,AK,F
14:36:11,TLKM,RG,3790,1,F,KZ,PD,D
14:36:11,TLKM,RG,3790,9,F,KZ,AK,F
14:36:11,TLKM,RG,3790,1,F,KZ,PD,D
14:36:11,TLKM,RG,3790,5,F,KZ,XC,D
14:36:11,TLKM,RG,3790,12,F,KZ,ZP,F
14:36:11,TLKM,RG,3790,20,F,KZ,ZP,F
14:36:11,TLKM,RG,3790,1610,F,KZ,YU,D
14:36:11,TLKM,RG,3790,10,F,KZ,YU,D
14:36:10,TLKM,RG,3790,1,D,PD,YU,D
14:36:06,TLKM,RG,3790,2,D,CP,YU,D
14:36:05,TLKM,RG,3780,34,F,DX,ZP,F
14:36:05,TLKM,RG,3780,8,F,DX,ZP,F
14:36:05,TLKM,RG,3780,5,D,CC,ZP,F
14:36:05,TLKM,RG,3780,2,D,XC,ZP,F
14:36:05,TLKM,RG,3780,1,D,CC,ZP,F
14:36:05,TLKM,RG,3780,1,D,XC,ZP,F
14:36:04,TLKM,RG,3790,3,D,YU,YU,D
14:36:04,TLKM,RG,3780,1,D,XC,KZ,F
14:36:04,TLKM,RG,3780,60,D,OD,KZ,F
14:36:04,TLKM,RG,3780,2,D,NI,KZ,F
14:36:04,TLKM,RG,3780,2,D,PD,KZ,F
14:36:04,TLKM,RG,3780,14,D,PD,KZ,F
14:36:04,TLKM,RG,3780,5,D,CC,KZ,F
14:36:04,TLKM,RG,3780,239,F,CS,KZ,F
14:36:04,TLKM,RG,3780,206,F,CS,KZ,F
14:36:01,TLKM,RG,3780,5,F,CS,YP,D
14:36:00,TLKM,RG,3780,526,F,CS,YU,D
14:36:00,TLKM,RG,3780,5,D,PC,YU,D
14:36:00,TLKM,RG,3780,1,D,CC,YU,D
14:36:00,TLKM,RG,3780,2,D,XC,YU,D
14:36:00,TLKM,RG,3780,1,D,XC,YU,D
14:36:00,TLKM,RG,3780,10,D,XC,YU,D
14:36:00,TLKM,RG,3780,20,D,SQ,YU,D
14:36:00,TLKM,RG,3780,5,D,PD,YU,D
14:36:00,TLKM,RG,3780,834,F,CS,YU,D
14:36:00,TLKM,RG,3780,1,D,CC,YU,D
14:36:00,TLKM,RG,3780,10,D,NI,YU,D
14:36:00,TLKM,RG,3780,40,D,EP,YU,D
14:36:00,TLKM,RG,3780,165,F,DX,YU,D
14:36:00,TLKM,RG,3780,118,F,DX,YP,D
14:36:00,TLKM,RG,3780,186,F,DX,YU,D
14:36:00,TLKM,RG,3780,15,D,SQ,YU,D
14:36:00,TLKM,RG,3780,1,D,CC,YU,D
14:36:00,TLKM,RG,3780,3,D,PD,YU,D
14:36:00,TLKM,RG,3780,1,D,XC,YU,D
14:36:00,TLKM,RG,3780,97,F,CS,YU,D
14:36:00,TLKM,RG,3780,10,D,GR,YU,D
14:36:00,TLKM,RG,3780,5,D,NI,YU,D
14:36:00,TLKM,RG,3780,5,D,PD,YU,D
14:36:00,TLKM,RG,3780,1,D,XC,YU,D
14:36:00,TLKM,RG,3780,1,D,YP,YU,D
14:36:00,TLKM,RG,3780,10,D,PD,YU,D
14:36:00,TLKM,RG,3780,1,D,XC,YU,D
14:36:00,TLKM,RG,3780,1,D,XC,YU,D
14:36:00,TLKM,RG,3780,10,D,KK,YU,D
14:36:00,TLKM,RG,3780,1,D,PD,YU,D
14:36:00,TLKM,RG,3780,23,D,CC,YU,D
14:36:00,TLKM,RG,3780,284,F,CS,YU,D
14:36:00,TLKM,RG,3780,4729,D,BB,YU,D
14:36:00,TLKM,RG,3780,464,D,BB,BB,D
14:36:00,TLKM,RG,3780,1,D,BB,AK,F
14:35:49,TLKM,RG,3780,36,D,BB,ZP,F
14:35:47,TLKM,RG,3780,13,D,BB,ZP,F
14:35:46,TLKM,RG,3790,94,D,PD,YU,D
14:35:46,TLKM,RG,3790,5,D,PD,YU,D
14:35:34,TLKM,RG,3780,30,D,BB,ZP,F
14:35:34,TLKM,RG,3780,440,D,BB,KZ,F
14:35:30,TLKM,RG,3780,1,D,BB,AK,F
14:35:29,TLKM,RG,3780,17,D,BB,ZP,F
14:35:19,TLKM,RG,3780,40,D,BB,KZ,F
14:35:19,TLKM,RG,3780,1,D,OD,KZ,F
14:35:19,TLKM,RG,3780,36,F,DX,KZ,F
14:35:18,TLKM,RG,3780,1,F,DX,YP,D
14:35:15,TLKM,RG,3780,36,F,DX,ZP,F
14:35:09,TLKM,RG,3780,16,F,DX,ZP,F
14:35:04,TLKM,RG,3780,1,F,DX,AK,F
14:35:03,TLKM,RG,3780,48,F,DX,RX,D
14:35:03,TLKM,RG,3790,38,F,DX,YU,D
14:34:59,TLKM,RG,3780,28,F,DX,ZP,F
14:34:58,TLKM,RG,3780,1,F,DX,YP,D
14:34:56,TLKM,RG,3780,364,F,DX,PD,D
14:34:56,TLKM,RG,3780,1,D,OD,PD,D
14:34:56,TLKM,RG,3780,27,D,CC,PD,D
14:34:56,TLKM,RG,3780,1,D,XC,PD,D
14:34:56,TLKM,RG,3780,20,D,NI,PD,D
14:34:56,TLKM,RG,3780,3,D,KK,PD,D
14:34:56,TLKM,RG,3780,1,D,XC,PD,D
14:34:56,TLKM,RG,3780,1,D,XC,PD,D
14:34:56,TLKM,RG,3780,1,D,YP,PD,D
14:34:56,TLKM,RG,3780,2,D,XC,PD,D
14:34:56,TLKM,RG,3780,5,D,PD,PD,D
14:34:56,TLKM,RG,3780,2,D,YP,PD,D
14:34:56,TLKM,RG,3780,2,D,PD,PD,D
14:34:56,TLKM,RG,3780,486,F,DX,PD,D
14:34:50,TLKM,RG,3780,28,F,DX,ZP,F
14:34:50,TLKM,RG,3790,69,F,AK,YU,D
14:34:50,TLKM,RG,3780,1,F,DX,PD,D
14:34:49,TLKM,RG,3780,26,F,DX,CC,D
14:34:43,TLKM,RG,3780,1,F,DX,AK,F
14:34:43,TLKM,RG,3780,12,F,DX,ZP,F
14:34:43,TLKM,RG,3780,2,F,CC,ZP,F
14:34:43,TLKM,RG,3780,2,D,PD,ZP,F
14:34:43,TLKM,RG,3780,6,D,YP,ZP,F
14:34:43,TLKM,RG,3780,2,D,YP,ZP,F
14:34:43,TLKM,RG,3780,3,D,XC,ZP,F
14:34:43,TLKM,RG,3780,1,D,PD,ZP,F
14:34:43,TLKM,RG,3780,8,F,DX,ZP,F
14:34:42,TLKM,RG,3780,11,F,DX,BB,D
14:34:35,TLKM,RG,3780,87,F,DX,BB,D
14:34:34,TLKM,RG,3780,5,F,DX,PD,D
14:34:33,TLKM,RG,3780,12,F,DX,ZP,F
14:34:32,TLKM,RG,3780,1,F,DX,LG,D
14:34:28,TLKM,RG,3780,31,F,DX,ZP,F
14:34:27,TLKM,RG,3780,1,F,DX,LG,D
14:34:22,TLKM,RG,3780,1,F,DX,LG,D
14:34:16,TLKM,RG,3780,1,F,DX,LG,D
14:34:16,TLKM,RG,3780,1,F,DX,XC,D
14:34:15,TLKM,RG,3780,17,F,DX,ZP,F
14:34:12,TLKM,RG,3780,1,F,DX,LG,D
14:34:11,TLKM,RG,3790,2,D,NI,YU,D
14:34:11,TLKM,RG,3780,30,F,DX,ZP,F
14:34:08,TLKM,RG,3780,1,F,DX,LG,D
14:34:04,TLKM,RG,3790,38,F,DX,YU,D
14:34:01,TLKM,RG,3780,1,F,DX,LG,D
14:33:58,TLKM,RG,3780,1,F,DX,LG,D
14:33:55,TLKM,RG,3780,33,F,DX,ZP,F
14:33:55,TLKM,RG,3780,14,F,DX,ZP,F
14:33:54,TLKM,RG,3780,1,F,DX,LG,D
14:33:50,TLKM,RG,3780,2,F,DX,AK,F
14:33:49,TLKM,RG,3780,1,F,DX,LG,D
14:33:44,TLKM,RG,3780,1,F,DX,LG,D
14:33:43,TLKM,RG,3790,1,D,EP,YU,D
14:33:42,TLKM,RG,3780,15,F,DX,DX,D
14:33:40,TLKM,RG,3780,1,F,DX,LG,D
14:33:37,TLKM,RG,3780,59,F,DX,AK,F
14:33:36,TLKM,RG,3780,1,F,DX,LG,D
14:33:35,TLKM,RG,3790,3,D,PD,YU,D
14:33:35,TLKM,RG,3780,36,F,DX,ZP,F
14:33:33,TLKM,RG,3780,16,F,DX,ZP,F
14:33:30,TLKM,RG,3780,1,F,DX,LG,D
14:33:28,TLKM,RG,3780,267,F,DX,OD,D
14:33:28,TLKM,RG,3780,10,D,PD,OD,D
14:33:28,TLKM,RG,3780,4,D,DH,OD,D
14:33:28,TLKM,RG,3780,1,D,DR,OD,D
14:33:28,TLKM,RG,3780,46,F,DX,OD,D
14:33:28,TLKM,RG,3780,50,D,KK,OD,D
14:33:28,TLKM,RG,3780,3,D,PD,OD,D
14:33:28,TLKM,RG,3780,14,D,YP,OD,D
14:33:28,TLKM,RG,3790,40,F,DX,YU,D
14:33:17,TLKM,RG,3780,13,D,YP,ZP,F
14:33:17,TLKM,RG,3780,1,D,PD,ZP,F
14:33:16,TLKM,RG,3780,1,D,PD,XC,D
14:33:16,TLKM,RG,3780,1,D,PD,XC,D
14:33:16,TLKM,RG,3780,2,D,CC,XC,D
14:33:16,TLKM,RG,3780,2,D,XC,XC,D
14:33:16,TLKM,RG,3780,1,D,XC,ZP,F
14:33:16,TLKM,RG,3780,1,D,PD,ZP,F
14:33:16,TLKM,RG,3780,2,D,XC,ZP,F
14:33:16,TLKM,RG,3780,1,D,XC,ZP,F
14:33:16,TLKM,RG,3780,34,F,DX,ZP,F
14:33:15,TLKM,RG,3780,10,F,DX,OD,D
14:33:15,TLKM,RG,3780,1,D,XC,OD,D
14:33:15,TLKM,RG,3780,1805,F,DX,OD,D
14:33:07,TLKM,RG,3780,42,F,DX,RX,D
14:33:06,TLKM,RG,3780,30,F,DX,YP,D
14:33:05,TLKM,RG,3790,50,D,XC,YU,D
14:33:00,TLKM,RG,3780,1285,F,DX,YU,D
14:33:00,TLKM,RG,3780,14,F,DX,ZP,F
14:33:00,TLKM,RG,3780,186,F,DX,YU,D
14:33:00,TLKM,RG,3780,5,D,LS,YU,D
14:33:00,TLKM,RG,3780,200,D,AR,YU,D
14:33:00,TLKM,RG,3780,10,D,YP,YU,D
14:33:00,TLKM,RG,3780,191,F,ZP,YU,D
14:33:00,TLKM,RG,3780,1,D,PD,YU,D
14:33:00,TLKM,RG,3780,5,D,NI,YU,D
14:33:00,TLKM,RG,3780,316,F,CS,YU,D
14:33:00,TLKM,RG,3780,26,F,AK,YU,D
14:33:00,TLKM,RG,3780,1,D,XC,YU,D
14:33:00,TLKM,RG,3780,189,D,PD,YU,D
14:33:00,TLKM,RG,3780,10,D,PD,YU,D
14:33:00,TLKM,RG,3780,40,F,DX,YU,D
14:33:00,TLKM,RG,3780,97,F,ZP,YU,D
14:33:00,TLKM,RG,3780,3,D,PD,YU,D
14:33:00,TLKM,RG,3780,1,D,SQ,YU,D
14:33:00,TLKM,RG,3780,137,D,PD,YU,D
14:33:00,TLKM,RG,3780,1,D,SQ,YU,D
14:33:00,TLKM,RG,3780,2,D,XC,YU,D
14:33:00,TLKM,RG,3780,1,D,SQ,YU,D
14:33:00,TLKM,RG,3780,2,D,KK,YU,D
14:33:00,TLKM,RG,3780,1,D,YP,YU,D
14:33:00,TLKM,RG,3780,1,D,XC,YU,D
14:33:00,TLKM,RG,3780,10,D,GR,YU,D
14:33:00,TLKM,RG,3780,25,D,NI,YU,D
14:33:00,TLKM,RG,3780,65,F,DX,YU,D
14:33:00,TLKM,RG,3780,1,D,PD,YU,D
14:33:00,TLKM,RG,3780,13,D,CC,YU,D
14:33:00,TLKM,RG,3780,5,D,XL,YU,D
14:33:00,TLKM,RG,3780,2,D,XC,YU,D
14:33:00,TLKM,RG,3780,4,D,PD,YU,D
14:33:00,TLKM,RG,3780,3,D,XC,YU,D
14:33:00,TLKM,RG,3780,1,F,KZ,YU,D
14:33:00,TLKM,RG,3780,1,D,PD,YU,D
14:33:00,TLKM,RG,3780,1,D,YP,YU,D
14:33:00,TLKM,RG,3780,20,D,DH,YU,D
14:33:00,TLKM,RG,3780,25,D,OD,YU,D
14:33:00,TLKM,RG,3780,65,F,CS,YU,D
14:33:00,TLKM,RG,3780,2,D,CC,YU,D
14:33:00,TLKM,RG,3780,1,D,AT,YU,D
14:33:00,TLKM,RG,3780,1,D,XC,YU,D
14:33:00,TLKM,RG,3780,1,F,CC,YU,D
14:33:00,TLKM,RG,3780,1,D,XC,YU,D
14:33:00,TLKM,RG,3780,1,D,XC,YU,D
14:33:00,TLKM,RG,3780,5,D,CC,YU,D
14:33:00,TLKM,RG,3780,1,D,XC,YU,D
14:33:00,TLKM,RG,3780,1,F,CC,YU,D
14:33:00,TLKM,RG,3780,1,D,IF,YU,D
14:33:00,TLKM,RG,3780,1,D,XC,YU,D
14:33:00,TLKM,RG,3780,3,D,XC,YU,D
14:33:00,TLKM,RG,3780,1,D,HP,YU,D
14:33:00,TLKM,RG,3780,3,D,XC,YU,D
14:33:00,TLKM,RG,3780,88,F,DX,YU,D
14:33:00,TLKM,RG,3780,3,D,XC,YU,D
14:33:00,TLKM,RG,3780,10,D,PD,YU,D
14:33:00,TLKM,RG,3780,1,D,PD,YU,D
14:33:00,TLKM,RG,3780,1,D,PD,YU,D
14:33:00,TLKM,RG,3780,10,D,XC,YU,D
14:33:00,TLKM,RG,3780,11,D,XC,YU,D
14:33:00,TLKM,RG,3780,10,D,XC,YU,D
14:33:00,TLKM,RG,3780,1,D,XC,YU,D
14:33:00,TLKM,RG,3780,5,D,KK,YU,D
14:33:00,TLKM,RG,3780,2,D,NI,YU,D
14:33:00,TLKM,RG,3780,1,D,XC,YU,D
14:33:00,TLKM,RG,3780,200,F,CS,YU,D
14:33:00,TLKM,RG,3780,2,D,NI,YU,D
14:33:00,TLKM,RG,3780,1,D,XC,YU,D
14:33:00,TLKM,RG,3780,1,D,SQ,YU,D
14:33:00,TLKM,RG,3780,8,F,ZP,YU,D
14:33:00,TLKM,RG,3780,2,F,CC,YU,D
14:33:00,TLKM,RG,3780,467,D,YU,YU,D
14:33:00,TLKM,RG,3780,4,D,CC,YU,D
14:33:00,TLKM,RG,3780,1,F,KZ,YU,D
14:33:00,TLKM,RG,3780,100,D,NI,YU,D
14:33:00,TLKM,RG,3780,4,F,DH,YU,D
14:33:00,TLKM,RG,3780,1,D,PD,YU,D
14:33:00,TLKM,RG,3780,1,D,XC,YU,D
14:33:00,TLKM,RG,3780,10,D,GR,YU,D
14:33:00,TLKM,RG,3780,2766,D,BB,YU,D
14:32:56,TLKM,RG,3790,204,F,DX,YU,D
14:32:56,TLKM,RG,3780,30,D,BB,ZP,F
14:32:52,TLKM,RG,3790,1,F,ZP,YU,D
14:32:43,TLKM,RG,3780,30,D,BB,NI,D
14:32:43,TLKM,RG,3790,1,D,NI,YU,D
14:32:40,TLKM,RG,3780,16,D,BB,ZP,F
14:32:39,TLKM,RG,3790,11,F,ZP,YU,D
14:32:37,TLKM,RG,3780,3,D,BB,AK,F
14:32:37,TLKM,RG,3780,32,D,BB,ZP,F
14:32:36,TLKM,RG,3780,3,D,BB,DR,D
14:32:32,TLKM,RG,3790,73,D,YP,YU,D
14:32:31,TLKM,RG,3790,1,D,XC,YU,D
14:32:30,TLKM,RG,3790,297,F,DX,YU,D
14:32:30,TLKM,RG,3790,749,D,YU,YU,D
14:32:30,TLKM,RG,3790,24,D,YU,CS,F
14:32:28,TLKM,RG,3790,1,F,ZP,CS,F
14:32:28,TLKM,RG,3780,1,D,BB,XC,D
14:32:23,TLKM,RG,3790,1,D,NI,CS,F
14:32:22,TLKM,RG,3780,17,D,BB,ZP,F
14:32:21,TLKM,RG,3790,40,F,DX,CS,F
14:32:20,TLKM,RG,3790,1,F,ZP,CS,F
14:32:19,TLKM,RG,3780,20,D,BB,ZP,F
14:32:18,TLKM,RG,3790,1,D,XC,CS,F
14:32:13,TLKM,RG,3790,1,F,ZP,CS,F
14:32:10,TLKM,RG,3790,1,D,XC,CS,F
14:32:07,TLKM,RG,3780,1,D,BB,EP,D
14:32:04,TLKM,RG,3780,16,D,BB,ZP,F
14:32:03,TLKM,RG,3790,3,F,ZP,CS,F
14:31:56,TLKM,RG,3790,52,F,DX,CS,F
14:31:56,TLKM,RG,3790,45,F,DX,ZP,F
14:31:56,TLKM,RG,3790,106,F,DX,DX,F
14:31:51,TLKM,RG,3790,1,F,ZP,DX,F
14:31:50,TLKM,RG,3780,1,D,BB,KK,D
14:31:49,TLKM,RG,3790,1,D,CC,DX,F
14:31:48,TLKM,RG,3780,18,D,BB,ZP,F
14:31:46,TLKM,RG,3780,15,D,BB,ZP,F
14:31:45,TLKM,RG,3790,1,F,ZP,DX,F
14:31:36,TLKM,RG,3780,3,D,BB,DR,D
14:31:35,TLKM,RG,3790,3,F,ZP,DX,F
14:31:30,TLKM,RG,3790,3,F,DX,NI,D
14:31:30,TLKM,RG,3790,2,F,DX,XC,D
14:31:30,TLKM,RG,3790,223,F,DX,BB,D
14:31:30,TLKM,RG,3780,2,D,BB,AK,F
14:31:28,TLKM,RG,3790,2,F,ZP,BB,D
14:31:15,TLKM,RG,3780,10,D,BB,PD,D
14:31:14,TLKM,RG,3790,4,F,ZP,BB,D
14:31:03,TLKM,RG,3790,1,D,XC,BB,D
14:31:03,TLKM,RG,3790,73,F,DX,BB,D
14:31:03,TLKM,RG,3790,35,F,DX,BB,D
14:31:03,TLKM,RG,3790,5,F,DX,NI,D
14:31:03,TLKM,RG,3790,22,F,DX,ZP,F
14:31:03,TLKM,RG,3790,127,F,DX,BB,D
14:31:03,TLKM,RG,3790,2,F,DX,AK,F
14:31:01,TLKM,RG,3790,1,D,CC,AK,F
14:31:01,TLKM,RG,3790,4,F,ZP,AK,F
14:31:00,TLKM,RG,3780,13,D,BB,DX,D
14:30:53,TLKM,RG,3780,2,D,BB,CC,D
14:30:48,TLKM,RG,3790,2,F,ZP,AK,F
14:30:45,TLKM,RG,3790,30,D,CC,AK,F
14:30:44,TLKM,RG,3780,395,D,BB,OD,D
14:30:44,TLKM,RG,3780,6,D,BB,CC,D
14:30:39,TLKM,RG,3780,1,D,BB,AK,F
14:30:37,TLKM,RG,3790,17,F,ZP,AK,F
14:30:36,TLKM,RG,3780,2,D,BB,YP,D
14:30:35,TLKM,RG,3790,1,D,PD,AK,F
14:30:35,TLKM,RG,3790,4,D,PD,AK,F
14:30:35,TLKM,RG,3790,75,D,PD,AK,F
14:30:35,TLKM,RG,3790,6,D,PD,AK,F
14:30:35,TLKM,RG,3790,8,D,PD,AK,F
14:30:35,TLKM,RG,3790,4,D,PD,AK,F
14:30:35,TLKM,RG,3790,1,D,PD,AK,F
14:30:33,TLKM,RG,3790,70,F,DX,AK,F
14:30:33,TLKM,RG,3790,10,F,DX,AK,F
14:30:33,TLKM,RG,3790,3,F,DX,AK,F
14:30:33,TLKM,RG,3790,109,F,DX,AK,F
14:30:32,TLKM,RG,3790,2,F,ZP,AK,F
14:30:32,TLKM,RG,3780,1310,D,BB,OD,D
14:30:32,TLKM,RG,3780,5,D,YP,OD,D
14:30:32,TLKM,RG,3780,328,F,CS,OD,D
14:30:32,TLKM,RG,3780,10,D,YP,OD,D
14:30:32,TLKM,RG,3780,121,F,ZP,OD,D
14:30:32,TLKM,RG,3780,42,F,ZP,OD,D
14:30:21,TLKM,RG,3790,2,D,YP,AK,F
14:30:21,TLKM,RG,3790,2,D,PD,AK,F
14:30:20,TLKM,RG,3790,2,F,ZP,AK,F
14:30:20,TLKM,RG,3780,31,F,ZP,AK,F
14:30:19,TLKM,RG,3790,47,D,NI,AK,F
14:30:19,TLKM,RG,3790,10,D,NI,AK,F
14:30:19,TLKM,RG,3790,56,D,NI,AK,F
14:30:19,TLKM,RG,3790,1,D,NI,NI,D
14:30:19,TLKM,RG,3790,86,D,NI,ZP,F
14:30:09,TLKM,RG,3790,4,F,ZP,ZP,F
14:30:09,TLKM,RG,3790,13,F,ZP,CS,F
14:30:08,TLKM,RG,3790,205,F,DX,CS,F
14:30:02,TLKM,RG,3780,509,F,ZP,YU,D
14:30:02,TLKM,RG,3780,2,D,XC,YU,D
14:30:02,TLKM,RG,3780,1,D,YP,YU,D
14:30:02,TLKM,RG,3780,1,D,XC,YU,D
14:30:02,TLKM,RG,3780,10,D,XC,YU,D
14:30:02,TLKM,RG,3780,1,D,PD,YU,D
14:30:02,TLKM,RG,3780,1,F,CC,YU,D
14:30:02,TLKM,RG,3780,3,D,XC,YU,D
14:30:02,TLKM,RG,3780,1,D,LG,YU,D
14:30:02,TLKM,RG,3780,3,D,PD,YU,D
14:30:02,TLKM,RG,3780,1,D,XC,YU,D
14:30:02,TLKM,RG,3780,78,F,DX,YU,D
14:30:02,TLKM,RG,3780,1,D,XC,YU,D
14:30:02,TLKM,RG,3780,1,D,NI,YU,D
14:30:02,TLKM,RG,3780,52,F,DX,YU,D
14:30:02,TLKM,RG,3780,5,D,SQ,YU,D
14:30:02,TLKM,RG,3780,2,D,XC,YU,D
14:30:02,TLKM,RG,3780,10,D,YP,YU,D
14:30:02,TLKM,RG,3780,8,D,PD,YU,D
14:30:02,TLKM,RG,3780,257,F,CS,YU,D
14:30:02,TLKM,RG,3780,1,D,YP,YU,D
14:30:02,TLKM,RG,3780,1,D,XC,YU,D
14:30:02,TLKM,RG,3780,1,D,XC,YU,D
14:30:02,TLKM,RG,3780,368,D,YU,YU,D
14:30:02,TLKM,RG,3780,1,D,DR,YU,D
14:30:02,TLKM,RG,3780,10,D,NI,YU,D
14:30:02,TLKM,RG,3780,1,D,YP,YU,D
14:30:02,TLKM,RG,3780,1,D,XC,YU,D
14:30:02,TLKM,RG,3780,1,D,XC,YU,D
14:30:02,TLKM,RG,3780,799,F,CS,YU,D
14:30:02,TLKM,RG,3780,1,D,XC,YU,D
14:30:02,TLKM,RG,3780,16,D,XC,YU,D
14:30:02,TLKM,RG,3780,30,D,OD,YU,D
14:30:02,TLKM,RG,3780,1,F,KZ,YU,D
14:30:02,TLKM,RG,3780,1,D,KK,YU,D
14:30:02,TLKM,RG,3780,8,F,KZ,YU,D
14:30:02,TLKM,RG,3780,1,F,CC,YU,D
14:30:02,TLKM,RG,3780,10,D,YP,YU,D
14:30:02,TLKM,RG,3780,1,D,PD,YU,D
14:30:02,TLKM,RG,3780,1,D,XC,YU,D
14:30:02,TLKM,RG,3780,1,D,PD,YU,D
14:30:02,TLKM,RG,3780,27,D,XC,YU,D
14:30:02,TLKM,RG,3780,1,D,XC,YU,D
14:30:02,TLKM,RG,3780,5,D,CC,YU,D
14:30:02,TLKM,RG,3780,191,F,CS,YU,D
14:30:02,TLKM,RG,3780,10,D,PD,YU,D
14:30:02,TLKM,RG,3780,20,D,NI,YU,D
14:30:02,TLKM,RG,3780,40,D,CC,YU,D
14:30:02,TLKM,RG,3780,15,D,EP,YU,D
14:30:02,TLKM,RG,3780,1,D,XC,YU,D
14:30:02,TLKM,RG,3780,25,D,CC,YU,D
14:30:02,TLKM,RG,3780,10,D,OD,YU,D
14:30:02,TLKM,RG,3780,3,D,XA,YU,D
14:30:02,TLKM,RG,3780,1,D,OD,YU,D
14:30:02,TLKM,RG,3780,2,D,NI,YU,D
14:30:02,TLKM,RG,3780,23,D,YP,YU,D
14:30:02,TLKM,RG,3780,79,F,DX,YU,D
14:30:02,TLKM,RG,3780,97,D,CC,YU,D
14:30:02,TLKM,RG,3780,33,D,CC,YU,D
14:30:02,TLKM,RG,3780,1,D,NI,YU,D
14:30:02,TLKM,RG,3780,1,D,PD,YU,D
14:30:02,TLKM,RG,3780,2,D,XA,YU,D
14:30:02,TLKM,RG,3780,1,D,XC,YU,D
14:30:02,TLKM,RG,3780,1,D,CC,YU,D
14:30:02,TLKM,RG,3780,2,D,GR,YU,D
14:30:02,TLKM,RG,3780,1,D,XC,YU,D
14:30:02,TLKM,RG,3780,1,D,XC,YU,D
14:30:02,TLKM,RG,3780,1,D,GR,YU,D
14:30:02,TLKM,RG,3780,20,D,PD,YU,D
14:30:02,TLKM,RG,3780,71,F,CS,YU,D
14:30:02,TLKM,RG,3780,10,D,NI,YU,D
14:30:02,TLKM,RG,3780,1,D,XC,YU,D
14:30:02,TLKM,RG,3780,2,D,XC,YU,D
14:30:02,TLKM,RG,3780,55,D,CC,YU,D
14:30:02,TLKM,RG,3780,3,D,PD,YU,D
14:30:02,TLKM,RG,3780,8,D,CC,YU,D
14:30:02,TLKM,RG,3780,2,D,XC,YU,D
14:30:02,TLKM,RG,3780,1,D,XC,YU,D
14:30:02,TLKM,RG,3780,6,D,XC,YU,D
14:30:02,TLKM,RG,3780,2,D,PD,YU,D
14:30:02,TLKM,RG,3780,3,D,XC,YU,D
14:30:02,TLKM,RG,3780,1,F,CC,YU,D
14:30:02,TLKM,RG,3780,1,D,PD,YU,D
14:30:02,TLKM,RG,3780,1,D,XC,YU,D
14:30:02,TLKM,RG,3780,150,F,CS,YU,D
14:30:02,TLKM,RG,3780,14,D,NI,YU,D
14:30:02,TLKM,RG,3780,5,D,PD,YU,D
14:30:02,TLKM,RG,3780,5,D,SQ,YU,D
14:30:02,TLKM,RG,3780,1,D,XC,YU,D
14:30:02,TLKM,RG,3780,10,D,CC,YU,D
14:30:02,TLKM,RG,3780,20,D,KK,YU,D
14:30:02,TLKM,RG,3780,20,D,XC,YU,D
14:30:02,TLKM,RG,3780,2,D,PD,YU,D
14:30:02,TLKM,RG,3780,1,D,YP,YU,D
14:30:02,TLKM,RG,3780,3,D,XC,YU,D
14:30:02,TLKM,RG,3780,2,D,CC,YU,D
14:30:02,TLKM,RG,3780,10,D,CC,YU,D
14:30:02,TLKM,RG,3780,2,D,OD,YU,D
14:30:02,TLKM,RG,3780,100,D,DR,YU,D
14:30:02,TLKM,RG,3780,5,D,XC,YU,D
14:30:02,TLKM,RG,3780,1,D,DR,YU,D
14:30:02,TLKM,RG,3780,5,D,XC,YU,D
14:30:02,TLKM,RG,3780,1,D,PD,YU,D
14:30:02,TLKM,RG,3780,244,F,CS,YU,D
14:30:02,TLKM,RG,3780,30,D,NI,YU,D
14:30:02,TLKM,RG,3780,71,F,DX,YU,D
14:30:02,TLKM,RG,3780,30,F,AK,YU,D
14:30:02,TLKM,RG,3780,481,F,CS,YU,D
14:30:02,TLKM,RG,3780,196,F,CS,YU,D
14:30:02,TLKM,RG,3780,184,F,CS,YU,D
14:30:02,TLKM,RG,3780,1190,D,YP,YU,D
14:30:02,TLKM,RG,3780,3,D,XC,YU,D
14:30:02,TLKM,RG,3780,3,D,PD,YU,D
14:30:02,TLKM,RG,3780,1,D,XC,YU,D
14:30:02,TLKM,RG,3780,1,D,XC,YU,D
14:30:02,TLKM,RG,3780,631,F,CS,YU,D
14:30:02,TLKM,RG,3780,12,D,AT,YU,D
14:30:02,TLKM,RG,3780,430,F,CS,YU,D
14:30:02,TLKM,RG,3780,2,D,PD,YU,D
14:30:02,TLKM,RG,3780,10,D,OD,YU,D
14:30:02,TLKM,RG,3780,5,D,PD,YU,D
14:30:02,TLKM,RG,3780,1,D,YP,YU,D
14:30:02,TLKM,RG,3780,10,D,PD,YU,D
14:30:02,TLKM,RG,3780,10,D,XC,YU,D
14:30:02,TLKM,RG,3780,1,F,CC,YU,D
14:30:02,TLKM,RG,3780,31,F,AK,YU,D
14:30:02,TLKM,RG,3780,5,D,XC,YU,D
14:30:02,TLKM,RG,3780,382,F,CS,YU,D
14:30:02,TLKM,RG,3780,1,D,XC,YU,D
14:30:02,TLKM,RG,3780,58,F,CS,YU,D
14:30:00,TLKM,RG,3790,2,D,KK,CS,F
14:30:00,TLKM,RG,3790,1,D,KK,CS,F
14:29:59,TLKM,RG,3790,1,F,CC,CS,F
14:29:51,TLKM,RG,3790,1,D,XC,CS,F
14:29:47,TLKM,RG,3790,6,D,XC,CS,F
14:29:45,TLKM,RG,3790,115,D,PD,CS,F
14:29:45,TLKM,RG,3790,6,D,PD,CS,F
14:29:42,TLKM,RG,3790,20,F,DX,CS,F
14:29:42,TLKM,RG,3790,62,F,DX,ZP,F
14:29:42,TLKM,RG,3790,1,F,DX,AK,F
14:29:42,TLKM,RG,3790,9,F,DX,AK,F
14:29:42,TLKM,RG,3790,178,F,DX,AK,F
14:29:40,TLKM,RG,3790,300,D,PD,AK,F
14:29:39,TLKM,RG,3780,14,F,CS,ZP,F
14:29:38,TLKM,RG,3790,39,F,DX,AK,F
14:29:34,TLKM,RG,3790,6,F,KZ,AK,F
14:29:34,TLKM,RG,3790,9,F,KZ,DX,F
14:29:28,TLKM,RG,3790,110,F,KZ,DX,F
14:29:28,TLKM,RG,3790,52,F,KZ,ZP,F
14:29:28,TLKM,RG,3790,632,F,KZ,BB,D
14:29:28,TLKM,RG,3790,216,F,KZ,BB,D
14:29:28,TLKM,RG,3790,64,F,KZ,BB,D
14:29:28,TLKM,RG,3790,10,D,DR,BB,D
14:29:26,TLKM,RG,3780,1,F,CS,DR,D
14:29:24,TLKM,RG,3780,13,F,CS,ZP,F
14:29:23,TLKM,RG,3790,83,F,AK,BB,D
14:29:15,TLKM,RG,3790,137,F,CS,BB,D
14:29:15,TLKM,RG,3790,215,F,CS,BB,D
14:29:15,TLKM,RG,3780,1,F,CS,AK,F
14:29:08,TLKM,RG,3790,172,F,DX,BB,D
14:29:08,TLKM,RG,3790,3,D,CC,BB,D
14:29:05,TLKM,RG,3780,10,F,CS,ZP,F
14:29:01,TLKM,RG,3780,1,F,CS,XC,D
14:28:58,TLKM,RG,3790,356,F,KZ,BB,D
14:28:49,TLKM,RG,3780,13,F,CS,ZP,F
14:28:48,TLKM,RG,3780,14,F,CS,YP,D
14:28:39,TLKM,RG,3780,2,F,CS,YP,D
14:28:36,TLKM,RG,3780,13,F,CS,XC,D
14:28:34,TLKM,RG,3790,39,F,DX,BB,D
14:28:34,TLKM,RG,3790,300,D,PD,BB,D
14:28:33,TLKM,RG,3780,13,F,CS,ZP,F
14:28:32,TLKM,RG,3780,9,F,CS,YP,D
14:28:30,TLKM,RG,3780,1,F,CS,AK,F
14:28:21,TLKM,RG,3790,10,F,KZ,BB,D
14:28:20,TLKM,RG,3780,12,F,CS,DX,D
14:28:18,TLKM,RG,3780,10,F,CS,ZP,F
14:28:18,TLKM,RG,3790,200,D,CP,BB,D
14:28:07,TLKM,RG,3790,1,F,CC,BB,D
