Time,Stock,Brd,Price,Qty,BT,BC,SC,ST
15:14:26,TLKM,RG,3660,100,F,AK,CP,D
15:14:24,TLKM,RG,3660,95,F,AK,YP,D
15:14:24,TLKM,RG,3660,105,F,AK,YP,D
15:14:16,TLKM,RG,3660,2,F,AK,NI,D
15:14:12,TLKM,RG,3660,1,F,AK,CC,D
15:13:46,TLKM,RG,3660,1390,F,AK,OD,D
15:13:45,TLKM,RG,3660,408,F,AK,OD,D
15:13:45,TLKM,RG,3660,1362,F,AK,OD,D
15:13:45,TLKM,RG,3660,10,D,PD,OD,D
15:13:45,TLKM,RG,3660,10,D,CC,OD,D
15:13:45,TLKM,RG,3660,10,D,EP,OD,D
15:13:45,TLKM,RG,3660,13,D,LG,OD,D
15:13:45,TLKM,RG,3660,1,D,PD,OD,D
15:13:45,TLKM,RG,3660,1,D,XC,OD,D
15:13:45,TLKM,RG,3660,8,D,YP,OD,D
15:13:45,TLKM,RG,3660,10,D,PD,OD,D
15:13:45,TLKM,RG,3660,1,D,PD,OD,D
15:13:45,TLKM,RG,3660,1,D,XC,OD,D
15:13:45,TLKM,RG,3660,1,D,PD,OD,D
15:13:45,TLKM,RG,3660,30,D,PD,OD,D
15:13:45,TLKM,RG,3660,3,D,NI,OD,D
15:13:45,TLKM,RG,3660,7,D,XC,OD,D
15:13:45,TLKM,RG,3660,6,D,AT,OD,D
15:13:45,TLKM,RG,3660,20,D,CC,OD,D
15:13:45,TLKM,RG,3660,1,D,XC,OD,D
15:13:45,TLKM,RG,3660,15,D,XC,OD,D
15:13:45,TLKM,RG,3660,3,D,XC,OD,D
15:13:45,TLKM,RG,3660,2,D,XC,OD,D
15:13:45,TLKM,RG,3660,2,D,YP,OD,D
15:13:45,TLKM,RG,3660,1,D,EP,OD,D
15:13:45,TLKM,RG,3660,167,F,AK,OD,D
15:13:45,TLKM,RG,3660,1500,F,AK,OD,D
15:13:45,TLKM,RG,3660,1,D,XC,OD,D
15:13:45,TLKM,RG,3660,1,D,XC,OD,D
15:13:45,TLKM,RG,3660,14,D,XC,OD,D
15:13:45,TLKM,RG,3660,1,D,OD,OD,D
15:13:45,TLKM,RG,3660,357,F,AK,OD,D
15:13:45,TLKM,RG,3660,2500,F,AK,OD,D
15:13:45,TLKM,RG,3660,1,F,AK,OD,D
15:13:45,TLKM,RG,3660,2,F,AK,OD,D
15:13:45,TLKM,RG,3660,10,D,PD,OD,D
15:13:45,TLKM,RG,3660,1272,F,AK,OD,D
15:13:45,TLKM,RG,3660,5,D,AZ,OD,D
15:13:45,TLKM,RG,3660,853,F,AK,OD,D
15:13:30,TLKM,RG,3660,15,F,AK,DR,D
15:13:12,TLKM,RG,3660,5,F,AK,YP,D
15:13:01,TLKM,RG,3660,1,F,AK,CC,D
15:12:55,TLKM,RG,3660,1,F,AK,CC,D
15:12:39,TLKM,RG,3660,1,F,AK,YP,D
15:12:35,TLKM,RG,3660,50,F,AK,XC,D
15:12:31,TLKM,RG,3660,2,F,AK,PD,D
15:12:30,TLKM,RG,3660,2,F,AK,PD,D
15:12:28,TLKM,RG,3660,10,F,AK,NI,D
15:12:13,TLKM,RG,3660,6,F,AK,XC,D
15:12:05,TLKM,RG,3660,50,F,AK,RS,D
15:12:03,TLKM,RG,3660,1,F,AK,XC,D
15:11:55,TLKM,RG,3660,11,F,AK,EP,D
15:11:55,TLKM,RG,3660,25,F,AK,YP,D
15:11:26,TLKM,RG,3660,100,F,AK,PF,D
15:11:20,TLKM,RG,3660,100,F,AK,ZP,D
15:11:17,TLKM,RG,3660,10,F,AK,XC,D
15:11:08,TLKM,RG,3660,1,F,AK,XC,D
15:10:58,TLKM,RG,3660,2,F,AK,XA,D
15:10:50,TLKM,RG,3660,5,F,AK,YP,D
15:10:49,TLKM,RG,3660,10,F,AK,PD,D
15:10:42,TLKM,RG,3660,23,F,AK,CC,D
15:10:41,TLKM,RG,3660,10,F,AK,SQ,D
15:10:37,TLKM,RG,3660,2,F,AK,EL,D
15:10:06,TLKM,RG,3660,1,F,AK,XC,D
15:10:05,TLKM,RG,3660,50,F,AK,PD,D
15:09:30,TLKM,RG,3660,1,F,AK,GR,D
15:09:12,TLKM,RG,3660,9,F,AK,CC,D
15:08:59,TLKM,RG,3660,3,F,AK,XC,D
15:08:38,TLKM,RG,3660,100,F,AK,TP,D
15:08:37,TLKM,RG,3660,126,F,AK,OD,D
15:08:29,TLKM,RG,3660,1,F,AK,XC,D
15:08:04,TLKM,RG,3660,1,F,AK,PD,D
15:07:42,TLKM,RG,3660,44,F,AK,YP,D
15:07:21,TLKM,RG,3660,5,F,AK,MI,D
15:07:05,TLKM,RG,3660,1,F,AK,NI,D
15:06:51,TLKM,RG,3660,20,F,AK,YP,D
15:06:45,TLKM,RG,3660,18,F,AK,XC,D
15:06:43,TLKM,RG,3660,2,F,AK,SQ,D
15:06:33,TLKM,RG,3660,20,F,AK,AI,D
15:06:21,TLKM,RG,3660,79,F,AK,XC,D
15:06:21,TLKM,RG,3660,21,F,AK,XC,D
15:06:06,TLKM,RG,3660,3,F,AK,YP,D
15:05:54,TLKM,RG,3660,9,F,AK,YP,D
15:05:54,TLKM,RG,3660,56,F,AK,YP,D
15:05:53,TLKM,RG,3660,1,F,AK,PD,D
15:05:30,TLKM,RG,3660,10,F,AK,YP,D
15:05:13,TLKM,RG,3660,39,F,AK,KZ,D
15:05:13,TLKM,RG,3660,109,F,AK,KZ,D
15:05:12,TLKM,RG,3660,109,F,AK,KZ,D
15:05:12,TLKM,RG,3660,109,F,AK,KZ,D
15:05:12,TLKM,RG,3660,294,F,AK,KZ,D
15:05:12,TLKM,RG,3660,100,F,AK,CC,D
15:05:12,TLKM,RG,3660,2,F,AK,CC,D
15:05:12,TLKM,RG,3660,1,F,AK,YP,D
15:05:12,TLKM,RG,3660,10,F,AK,YP,D
15:05:12,TLKM,RG,3660,27,F,AK,YP,D
15:05:12,TLKM,RG,3660,5,F,AK,XC,D
15:05:12,TLKM,RG,3660,2,F,AK,XC,D
15:05:12,TLKM,RG,3660,3,F,AK,EP,D
15:05:12,TLKM,RG,3660,2,F,AK,SQ,D
15:05:12,TLKM,RG,3660,11,F,AK,CC,D
15:05:12,TLKM,RG,3660,4,F,AK,CC,D
15:05:12,TLKM,RG,3660,73,F,AK,NI,D
15:05:12,TLKM,RG,3660,534,F,AK,NI,D
15:05:11,TLKM,RG,3660,534,F,AK,NI,D
15:05:11,TLKM,RG,3660,534,F,AK,NI,D
15:05:11,TLKM,RG,3660,534,F,AK,NI,D
15:05:11,TLKM,RG,3660,5,D,AZ,NI,D
15:05:10,TLKM,RG,3660,534,F,AK,NI,D
15:05:10,TLKM,RG,3660,534,F,AK,NI,D
15:05:10,TLKM,RG,3660,534,F,AK,NI,D
15:05:10,TLKM,RG,3660,534,F,AK,NI,D
15:05:09,TLKM,RG,3660,534,F,AK,NI,D
15:05:09,TLKM,RG,3660,230,F,AK,NI,D
15:05:09,TLKM,RG,3660,534,F,AK,NI,D
15:05:09,TLKM,RG,3660,534,F,AK,NI,D
15:05:09,TLKM,RG,3660,534,F,AK,NI,D
15:05:09,TLKM,RG,3660,534,F,AK,NI,D
15:05:08,TLKM,RG,3660,534,F,AK,NI,D
15:05:08,TLKM,RG,3660,534,F,AK,NI,D
15:05:08,TLKM,RG,3660,534,F,AK,NI,D
15:05:08,TLKM,RG,3660,534,F,AK,NI,D
15:05:08,TLKM,RG,3660,534,F,AK,NI,D
15:05:08,TLKM,RG,3660,534,F,AK,NI,D
15:05:08,TLKM,RG,3660,534,F,AK,NI,D
15:05:08,TLKM,RG,3660,534,F,AK,NI,D
15:05:07,TLKM,RG,3660,534,F,AK,NI,D
15:05:07,TLKM,RG,3660,534,F,AK,NI,D
15:05:07,TLKM,RG,3660,534,F,AK,NI,D
15:05:07,TLKM,RG,3660,534,F,AK,NI,D
15:05:07,TLKM,RG,3660,534,F,AK,NI,D
15:05:07,TLKM,RG,3660,534,F,AK,NI,D
15:05:06,TLKM,RG,3660,534,F,AK,NI,D
15:05:06,TLKM,RG,3660,534,F,AK,NI,D
15:05:06,TLKM,RG,3660,534,F,AK,NI,D
15:05:06,TLKM,RG,3660,534,F,AK,NI,D
15:05:06,TLKM,RG,3660,534,F,AK,NI,D
15:05:06,TLKM,RG,3660,534,F,AK,NI,D
15:05:05,TLKM,RG,3660,534,F,AK,NI,D
15:05:05,TLKM,RG,3660,534,F,AK,NI,D
15:05:04,TLKM,RG,3660,1002,F,AK,NI,D
15:05:04,TLKM,RG,3660,4,F,AK,XC,D
15:05:04,TLKM,RG,3660,6,F,AK,PD,D
15:05:04,TLKM,RG,3660,1000,F,AK,YB,D
15:05:04,TLKM,RG,3660,1000,F,AK,YB,D
15:05:04,TLKM,RG,3660,70,F,AK,YU,D
15:05:04,TLKM,RG,3660,1664,F,AK,CS,F
15:05:04,TLKM,RG,3660,2436,F,AK,CS,F
15:05:04,TLKM,RG,3660,2436,F,AK,CS,F
15:05:04,TLKM,RG,3660,2436,F,AK,CS,F
15:05:04,TLKM,RG,3660,2436,F,AK,CS,F
15:05:04,TLKM,RG,3660,2436,F,AK,CS,F
15:05:04,TLKM,RG,3660,2436,F,AK,CS,F
15:05:04,TLKM,RG,3660,2436,F,AK,CS,F
15:05:04,TLKM,RG,3660,2436,F,AK,CS,F
15:05:04,TLKM,RG,3660,2436,F,AK,CS,F
15:05:04,TLKM,RG,3660,2436,F,AK,CS,F
15:05:04,TLKM,RG,3660,2436,F,AK,CS,F
15:05:04,TLKM,RG,3660,2436,F,AK,CS,F
15:05:04,TLKM,RG,3660,2436,F,AK,CS,F
15:05:04,TLKM,RG,3660,2436,F,AK,CS,F
15:05:04,TLKM,RG,3660,2226,F,AK,CS,F
15:05:02,TLKM,RG,3660,10,D,CC,CS,F
15:05:02,TLKM,RG,3660,10,D,YP,CS,F
15:05:02,TLKM,RG,3660,20,D,YP,CS,F
15:05:02,TLKM,RG,3660,170,D,LG,CS,F
15:05:02,TLKM,RG,3660,500,D,LG,YJ,D
15:05:02,TLKM,RG,3660,10,D,LG,YP,D
15:05:02,TLKM,RG,3660,3,D,LG,NI,D
15:05:02,TLKM,RG,3660,1,D,LG,YP,D
15:05:02,TLKM,RG,3660,2,D,LG,SQ,D
15:05:02,TLKM,RG,3660,1,D,LG,PD,D
15:05:02,TLKM,RG,3660,2,D,LG,CC,D
15:05:02,TLKM,RG,3660,5,D,LG,CC,D
15:05:02,TLKM,RG,3660,30,D,LG,CC,D
15:05:02,TLKM,RG,3660,27,D,LG,PD,D
15:05:02,TLKM,RG,3660,100,D,LG,YU,D
15:05:02,TLKM,RG,3660,2149,D,LG,RX,F
15:05:02,TLKM,RG,3660,1,D,PD,RX,F
15:05:02,TLKM,RG,3660,4,D,PD,RX,F
15:05:01,TLKM,RG,3660,1,D,XC,RX,F
15:05:00,TLKM,RG,3660,1,D,XC,RX,F
15:05:00,TLKM,RG,3660,25,D,EP,RX,F
15:05:00,TLKM,RG,3660,10,D,EP,RX,F
15:00:00,TLKM,RG,3660,1,D,XC,RX,F
15:00:00,TLKM,RG,3660,1,D,XC,RX,F
15:00:00,TLKM,RG,3660,10,D,YP,RX,F
15:00:00,TLKM,RG,3660,20,D,YP,RX,F
15:00:00,TLKM,RG,3660,2,D,YB,RX,F
15:00:00,TLKM,RG,3660,4,D,PD,RX,F
15:00:00,TLKM,RG,3660,1,D,NI,RX,F
15:00:00,TLKM,RG,3660,4,D,XC,RX,F
15:00:00,TLKM,RG,3660,7,D,XC,RX,F
15:00:00,TLKM,RG,3660,1,D,YP,RX,F
15:00:00,TLKM,RG,3660,5,D,PD,RX,F
15:00:00,TLKM,RG,3660,1,D,KK,RX,F
15:00:00,TLKM,RG,3660,1,D,PD,RX,F
15:00:00,TLKM,RG,3660,68,D,TP,RX,F
15:00:00,TLKM,RG,3660,1,D,YP,RX,F
15:00:00,TLKM,RG,3660,10,D,DH,RX,F
15:00:00,TLKM,RG,3660,11,D,XC,RX,F
15:00:00,TLKM,RG,3660,1,D,PD,RX,F
15:00:00,TLKM,RG,3660,5,D,PD,RX,F
15:00:00,TLKM,RG,3660,2655,F,AK,RX,F
15:00:00,TLKM,RG,3660,500,F,AK,YB,D
15:00:00,TLKM,RG,3660,114,F,AK,YP,D
15:00:00,TLKM,RG,3660,1,F,AK,YP,D
15:00:00,TLKM,RG,3660,1,F,AK,YU,D
15:00:00,TLKM,RG,3660,120,F,AK,YP,D
15:00:00,TLKM,RG,3660,10,F,AK,CC,D
15:00:00,TLKM,RG,3660,1,F,AK,PD,D
15:00:00,TLKM,RG,3660,2,F,AK,OD,D
15:00:00,TLKM,RG,3660,15,F,AK,PD,D
15:00:00,TLKM,RG,3660,10,F,AK,CC,D
15:00:00,TLKM,RG,3660,1,F,AK,XC,D
15:00:00,TLKM,RG,3660,50,F,AK,CC,F
15:00:00,TLKM,RG,3660,3,F,AK,YP,D
15:00:00,TLKM,RG,3660,5,F,AK,PD,D
15:00:00,TLKM,RG,3660,111,F,AK,NI,D
15:00:00,TLKM,RG,3660,1,F,AK,XC,D
15:00:00,TLKM,RG,3660,6,F,AK,XC,D
15:00:00,TLKM,RG,3660,20,F,AK,CC,D
15:00:00,TLKM,RG,3660,15,F,AK,YP,D
15:00:00,TLKM,RG,3660,15,F,AK,CC,D
15:00:00,TLKM,RG,3660,7,F,AK,PD,D
15:00:00,TLKM,RG,3660,25,F,AK,TP,D
15:00:00,TLKM,RG,3660,1,F,AK,PD,D
15:00:00,TLKM,RG,3660,1,F,AK,SQ,D
15:00:00,TLKM,RG,3660,2,F,AK,AG,D
15:00:00,TLKM,RG,3660,800,F,AK,PD,D
15:00:00,TLKM,RG,3660,100,F,AK,YP,D
15:00:00,TLKM,RG,3660,50,F,AK,TP,D
15:00:00,TLKM,RG,3660,1,F,AK,XC,D
15:00:00,TLKM,RG,3660,1,F,AK,YP,D
15:00:00,TLKM,RG,3660,3,F,AK,XC,D
15:00:00,TLKM,RG,3660,3051,F,AK,YP,D
15:00:00,TLKM,RG,3660,394,F,AK,DX,D
15:00:00,TLKM,RG,3660,100,F,AK,OD,D
15:00:00,TLKM,RG,3660,50,F,AK,CP,D
15:00:00,TLKM,RG,3660,1,F,AK,DR,D
15:00:00,TLKM,RG,3660,3,F,AK,PD,D
15:00:00,TLKM,RG,3660,10,F,AK,YP,D
15:00:00,TLKM,RG,3660,100,F,AK,RF,D
15:00:00,TLKM,RG,3660,1,F,AK,KK,D
15:00:00,TLKM,RG,3660,50,F,AK,PD,D
15:00:00,TLKM,RG,3660,1,F,AK,KK,D
15:00:00,TLKM,RG,3660,5,F,AK,KK,D
15:00:00,TLKM,RG,3660,1,F,AK,NI,D
15:00:00,TLKM,RG,3660,1,F,AK,YP,D
15:00:00,TLKM,RG,3660,5,F,AK,CC,D
15:00:00,TLKM,RG,3660,5,F,AK,PD,D
15:00:00,TLKM,RG,3660,25,F,AK,TP,D
15:00:00,TLKM,RG,3660,1454,F,AK,YU,D
15:00:00,TLKM,RG,3660,33,F,AK,OD,D
15:00:00,TLKM,RG,3660,100,F,AK,KK,D
15:00:00,TLKM,RG,3660,4,F,AK,PD,D
15:00:00,TLKM,RG,3660,1,F,AK,OD,F
15:00:00,TLKM,RG,3660,1,F,AK,XC,D
15:00:00,TLKM,RG,3660,500,F,AK,YJ,D
15:00:00,TLKM,RG,3660,1,F,AK,YP,D
15:00:00,TLKM,RG,3660,3,F,AK,PD,D
15:00:00,TLKM,RG,3660,4,F,AK,YP,D
15:00:00,TLKM,RG,3660,3,F,AK,XC,D
15:00:00,TLKM,RG,3660,1,F,AK,XC,D
15:00:00,TLKM,RG,3660,10,F,AK,PD,D
15:00:00,TLKM,RG,3660,1,F,AK,PD,D
15:00:00,TLKM,RG,3660,1,F,AK,YP,D
15:00:00,TLKM,RG,3660,38,F,AK,PD,D
15:00:00,TLKM,RG,3660,50,F,AK,CC,D
15:00:00,TLKM,RG,3660,4,F,AK,AT,D
15:00:00,TLKM,RG,3660,1,F,AK,YP,D
15:00:00,TLKM,RG,3660,1000,F,AK,CC,D
15:00:00,TLKM,RG,3660,3,F,AK,KK,D
15:00:00,TLKM,RG,3660,2,F,AK,XC,D
15:00:00,TLKM,RG,3660,2,F,AK,PD,D
15:00:00,TLKM,RG,3660,10,F,AK,AI,D
15:00:00,TLKM,RG,3660,10,F,AK,CC,D
15:00:00,TLKM,RG,3660,20,F,AK,OD,D
15:00:00,TLKM,RG,3660,1,F,AK,EP,D
15:00:00,TLKM,RG,3660,2,F,AK,EL,D
15:00:00,TLKM,RG,3660,20,F,AK,YP,D
15:00:00,TLKM,RG,3660,1,F,AK,XC,D
15:00:00,TLKM,RG,3660,200,F,AK,DR,D
15:00:00,TLKM,RG,3660,1,F,AK,XC,D
15:00:00,TLKM,RG,3660,100,F,AK,LG,D
15:00:00,TLKM,RG,3660,1,F,AK,KK,D
15:00:00,TLKM,RG,3660,1,F,AK,XC,D
15:00:00,TLKM,RG,3660,3,F,AK,XC,D
15:00:00,TLKM,RG,3660,1,F,AK,YP,D
15:00:00,TLKM,RG,3660,50,F,AK,YP,D
15:00:00,TLKM,RG,3660,3,F,AK,XC,D
15:00:00,TLKM,RG,3660,1,F,AK,XC,D
15:00:00,TLKM,RG,3660,3908,F,AK,RX,F
15:00:00,TLKM,RG,3660,1,D,DR,RX,F
15:00:00,TLKM,RG,3660,1,D,RG,RX,F
15:00:00,TLKM,RG,3660,290,D,GR,RX,F
15:00:00,TLKM,RG,3660,1,D,YP,RX,F
15:00:00,TLKM,RG,3660,799,F,ZP,RX,F
15:00:00,TLKM,RG,3660,1,F,ZP,CC,D
15:00:00,TLKM,RG,3660,14,F,ZP,SQ,D
15:00:00,TLKM,RG,3660,9,F,ZP,LG,D
15:00:00,TLKM,RG,3660,40,F,ZP,PC,D
15:00:00,TLKM,RG,3660,1,F,ZP,XC,D
15:00:00,TLKM,RG,3660,1,F,ZP,YP,D
15:00:00,TLKM,RG,3660,100,F,ZP,YP,D
15:00:00,TLKM,RG,3660,1,F,ZP,CC,D
15:00:00,TLKM,RG,3660,3,F,ZP,HP,D
15:00:00,TLKM,RG,3660,5000,F,ZP,RX,F
15:00:00,TLKM,RG,3660,200,F,ZP,AZ,D
15:00:00,TLKM,RG,3660,100,F,ZP,EP,D
15:00:00,TLKM,RG,3660,2185,F,ZP,RX,F
15:00:00,TLKM,RG,3660,1940,D,DX,RX,F
15:00:00,TLKM,RG,3660,850,F,BK,RX,F
15:00:00,TLKM,RG,3660,5025,F,BK,RX,F
15:00:00,TLKM,RG,3660,500,F,BK,YP,D
15:00:00,TLKM,RG,3660,5,F,BK,KK,D
15:00:00,TLKM,RG,3660,5,F,BK,KK,D
15:00:00,TLKM,RG,3660,1,F,BK,YP,D
15:00:00,TLKM,RG,3660,1000,F,BK,MG,D
15:00:00,TLKM,RG,3660,1000,F,BK,MG,D
15:00:00,TLKM,RG,3660,50,F,BK,MG,D
15:00:00,TLKM,RG,3660,4551,F,BK,BK,F
15:00:00,TLKM,RG,3660,4,F,BK,EP,D
15:00:00,TLKM,RG,3660,673,F,BK,ZP,F
15:00:00,TLKM,RG,3660,3386,F,KZ,ZP,F
15:00:00,TLKM,RG,3660,13,F,KZ,AK,F
15:00:00,TLKM,RG,3660,9269,F,BK,AK,F
15:00:00,TLKM,RG,3660,8530,F,BK,BK,F
15:00:00,TLKM,RG,3660,358,F,BK,CS,F
15:00:00,TLKM,RG,3660,761,F,BK,YP,D
15:00:00,TLKM,RG,3660,1190,F,BK,AK,F
15:00:00,TLKM,RG,3660,12271,F,CG,AK,F
15:00:00,TLKM,RG,3660,1296,F,CS,AK,F
15:00:00,TLKM,RG,3660,3985,F,BB,AK,F
15:00:00,TLKM,RG,3660,58,F,BB,AK,F
15:00:00,TLKM,RG,3660,46,F,BB,AK,F
15:00:00,TLKM,RG,3660,6,F,BB,AK,F
15:00:00,TLKM,RG,3660,364,F,BB,DR,D
15:00:00,TLKM,RG,3660,2000,F,BB,CC,D
15:00:00,TLKM,RG,3660,1337,F,BB,YU,F
15:00:00,TLKM,RG,3660,1,F,BB,AK,F
15:00:00,TLKM,RG,3660,133,F,BB,AK,F
15:00:00,TLKM,RG,3660,108,F,BB,AK,F
15:00:00,TLKM,RG,3660,13,F,BB,AK,F
15:00:00,TLKM,RG,3660,448,F,BB,RX,F
15:00:00,TLKM,RG,3660,6213,F,BB,YU,D
15:00:00,TLKM,RG,3660,60,F,AK,YU,D
15:00:00,TLKM,RG,3660,1124,F,AK,YU,D
15:00:00,TLKM,RG,3660,2459,F,AK,YU,D
15:00:00,TLKM,RG,3660,313,D,AK,YU,D
15:00:00,TLKM,RG,3660,2362,F,AK,YU,D
15:00:00,TLKM,RG,3660,651,F,AK,YU,D
15:00:00,TLKM,RG,3660,428,F,AK,LG,D
15:00:00,TLKM,RG,3660,140,F,AK,LG,D
15:00:00,TLKM,RG,3660,1,F,AK,LG,D
15:00:00,TLKM,RG,3660,5,F,AK,LG,D
15:00:00,TLKM,RG,3660,2,F,AK,LG,D
15:00:00,TLKM,RG,3660,230,D,YU,LG,D
15:00:00,TLKM,RG,3660,243,D,CC,LG,D
14:49:59,TLKM,RG,3650,1,F,AK,XC,D
14:49:59,TLKM,RG,3650,1,F,AK,AK,F
14:49:59,TLKM,RG,3650,1,F,AK,AK,F
14:49:59,TLKM,RG,3660,6,F,AK,YU,D
14:49:59,TLKM,RG,3660,7,F,AK,YU,D
14:49:59,TLKM,RG,3660,8,F,AK,YU,D
14:49:59,TLKM,RG,3650,1,F,AK,AK,F
14:49:59,TLKM,RG,3660,3,F,AK,YU,D
14:49:59,TLKM,RG,3650,1,F,AK,AK,F
14:49:58,TLKM,RG,3660,15,F,AK,YU,D
14:49:58,TLKM,RG,3660,9,F,AK,YU,D
14:49:58,TLKM,RG,3660,5,F,AK,YU,D
14:49:58,TLKM,RG,3660,6,F,AK,YU,D
14:49:51,TLKM,RG,3650,1,F,AK,EP,D
14:49:49,TLKM,RG,3650,40,F,AK,AK,F
14:49:49,TLKM,RG,3660,96,F,AK,YU,D
14:49:49,TLKM,RG,3660,22,F,AK,YU,D
14:49:49,TLKM,RG,3660,13,F,AK,YU,D
14:49:47,TLKM,RG,3650,5,F,AK,CC,D
14:49:41,TLKM,RG,3650,2,F,AK,XC,D
14:49:39,TLKM,RG,3650,2,F,AK,PD,D
14:49:39,TLKM,RG,3660,37,F,DX,YU,D
14:49:38,TLKM,RG,3650,5,F,AK,SQ,D
14:49:37,TLKM,RG,3650,1,F,AK,AK,F
14:49:37,TLKM,RG,3650,1,F,AK,AK,F
14:49:37,TLKM,RG,3650,90,F,AK,BK,F
14:49:37,TLKM,RG,3650,1,F,AK,PD,D
14:49:37,TLKM,RG,3650,2,F,AK,PD,D
14:49:37,TLKM,RG,3650,1,F,AK,DH,D
14:49:37,TLKM,RG,3650,2,F,AK,AK,F
14:49:37,TLKM,RG,3650,1,F,AK,YP,D
14:49:37,TLKM,RG,3650,13,F,AK,PD,D
14:49:37,TLKM,RG,3650,10,F,AK,CC,D
14:49:37,TLKM,RG,3650,2,F,AK,AK,F
14:49:37,TLKM,RG,3650,58,F,AK,BK,F
14:49:37,TLKM,RG,3650,1378,F,AK,RX,D
14:49:36,TLKM,RG,3650,82,D,XC,RX,D
14:49:35,TLKM,RG,3650,9,F,AK,RX,D
14:49:34,TLKM,RG,3650,1,F,AK,RX,D
14:49:33,TLKM,RG,3650,10,D,YP,RX,D
14:49:30,TLKM,RG,3650,1,F,AK,RX,D
14:49:30,TLKM,RG,3650,585,F,BK,RX,D
14:49:30,TLKM,RG,3650,133,F,AK,RX,D
14:49:30,TLKM,RG,3650,29,F,AK,RX,D
14:49:29,TLKM,RG,3650,5,D,YP,RX,D
14:49:29,TLKM,RG,3650,50,D,MG,RX,D
14:49:27,TLKM,RG,3650,717,D,MG,RX,D
14:49:27,TLKM,RG,3650,20,D,MG,YP,D
14:49:27,TLKM,RG,3650,25,D,MG,NI,D
14:49:27,TLKM,RG,3650,3,D,MG,AK,F
14:49:27,TLKM,RG,3650,3,D,MG,AK,F
14:49:27,TLKM,RG,3650,89,D,MG,BK,F
14:49:27,TLKM,RG,3650,2,D,MG,XC,D
14:49:27,TLKM,RG,3650,141,D,MG,NI,D
14:49:26,TLKM,RG,3650,109,F,AK,NI,D
14:49:26,TLKM,RG,3650,90,F,AK,YJ,D
14:49:26,TLKM,RG,3650,45,F,AK,YJ,D
14:49:25,TLKM,RG,3650,10,D,YP,YJ,D
14:49:21,TLKM,RG,3650,76,F,BK,YJ,D
14:49:20,TLKM,RG,3640,1,F,BB,YP,D
14:49:20,TLKM,RG,3650,2,D,XC,YJ,D
14:49:20,TLKM,RG,3650,100,D,OD,YJ,D
14:49:19,TLKM,RG,3640,36,F,BB,BK,F
14:49:16,TLKM,RG,3650,177,F,BK,YJ,D
14:49:16,TLKM,RG,3650,2,F,BK,OD,D
14:49:16,TLKM,RG,3650,139,F,BK,RX,D
14:49:16,TLKM,RG,3640,20,F,BB,BB,D
14:49:15,TLKM,RG,3650,6,F,AK,RX,D
14:49:14,TLKM,RG,3640,10,F,BB,BB,D
14:49:14,TLKM,RG,3640,17,F,BB,BB,D
14:49:11,TLKM,RG,3650,113,F,AK,RX,D
14:49:11,TLKM,RG,3650,67,F,AK,RX,D
14:49:11,TLKM,RG,3640,5,F,BB,BB,D
14:49:10,TLKM,RG,3650,2,F,AK,RX,D
14:49:09,TLKM,RG,3640,36,F,BB,BK,F
14:49:04,TLKM,RG,3650,13,D,PD,RX,D
14:49:03,TLKM,RG,3650,1000,D,ZP,RX,D
14:49:00,TLKM,RG,3650,10,F,AK,RX,D
14:49:00,TLKM,RG,3650,80,F,AK,RX,D
14:49:00,TLKM,RG,3650,46,F,AK,RX,D
14:49:00,TLKM,RG,3650,524,F,BK,RX,D
14:49:00,TLKM,RG,3650,314,F,BK,AK,F
14:49:00,TLKM,RG,3650,3,F,BK,BB,D
14:49:00,TLKM,RG,3650,20,F,BK,PD,D
14:49:00,TLKM,RG,3650,5,F,BK,KK,D
14:49:00,TLKM,RG,3650,1,F,BK,KK,D
14:49:00,TLKM,RG,3650,5,F,BK,AK,F
14:49:00,TLKM,RG,3650,1,F,BK,AK,F
14:49:00,TLKM,RG,3650,6,F,BK,AK,F
14:49:00,TLKM,RG,3650,100,F,BK,DR,D
14:48:57,TLKM,RG,3640,77,F,BB,AK,F
14:48:56,TLKM,RG,3650,80,F,BK,DR,D
14:48:54,TLKM,RG,3650,1,D,PD,DR,D
14:48:53,TLKM,RG,3640,1,F,BB,YP,D
14:48:51,TLKM,RG,3650,126,F,BK,DR,D
14:48:49,TLKM,RG,3640,85,F,BB,YU,D
14:48:46,TLKM,RG,3640,10,F,BB,CC,D
14:48:44,TLKM,RG,3640,51,F,BB,AK,F
14:48:42,TLKM,RG,3650,3,F,AK,DR,D
14:48:41,TLKM,RG,3650,98,F,BK,DR,D
14:48:37,TLKM,RG,3640,337,F,BB,AK,F
14:48:36,TLKM,RG,3650,92,F,BK,DR,D
14:48:36,TLKM,RG,3650,1,F,BK,XC,D
14:48:36,TLKM,RG,3650,4,F,BK,CC,D
14:48:33,TLKM,RG,3650,2,D,XC,DH,D
14:48:32,TLKM,RG,3650,12,F,DX,DH,D
14:48:32,TLKM,RG,3650,2,F,DX,YP,D
14:48:32,TLKM,RG,3650,5,F,DX,EP,D
14:48:32,TLKM,RG,3650,2,F,DX,BB,D
14:48:32,TLKM,RG,3650,20,F,DX,AK,F
14:48:30,TLKM,RG,3650,6,F,AK,AK,F
14:48:29,TLKM,RG,3650,1,D,PD,AK,F
14:48:28,TLKM,RG,3650,1,D,NI,AK,F
14:48:28,TLKM,RG,3650,111,F,BK,AK,F
14:48:28,TLKM,RG,3650,7,F,BK,PD,D
14:48:28,TLKM,RG,3650,18,F,BK,BK,F
14:48:23,TLKM,RG,3650,5,D,PD,BK,F
14:48:21,TLKM,RG,3650,14,D,XC,BK,F
14:48:20,TLKM,RG,3650,96,F,BK,BK,F
14:48:19,TLKM,RG,3650,5,D,PD,BK,F
14:48:19,TLKM,RG,3650,3,D,PD,BK,F
14:48:18,TLKM,RG,3650,1,D,YU,BK,F
14:48:16,TLKM,RG,3650,1,D,XC,BK,F
14:48:15,TLKM,RG,3650,2,D,YP,BK,F
14:48:15,TLKM,RG,3650,126,F,BK,BK,F
14:48:15,TLKM,RG,3650,10,D,YP,BK,F
14:48:08,TLKM,RG,3650,3,D,XC,BK,F
14:48:01,TLKM,RG,3650,10,D,LG,BK,F
14:48:01,TLKM,RG,3650,2,D,SQ,BK,F
14:48:00,TLKM,RG,3640,1,F,BB,KZ,D
14:47:58,TLKM,RG,3650,20,D,LG,BK,F
14:47:55,TLKM,RG,3650,2,F,DP,BK,F
14:47:54,TLKM,RG,3650,1,D,PD,BK,F
14:47:47,TLKM,RG,3650,80,F,DP,BK,F
14:47:40,TLKM,RG,3650,120,D,CS,BK,F
14:47:40,TLKM,RG,3650,8,D,CS,BK,F
14:47:40,TLKM,RG,3650,5,D,CS,AK,F
14:47:32,TLKM,RG,3650,41,F,DP,AK,F
14:47:30,TLKM,RG,3650,48,F,DP,AK,F
14:47:30,TLKM,RG,3650,1,D,CS,AK,F
14:47:29,TLKM,RG,3650,40,F,DX,AK,F
14:47:29,TLKM,RG,3650,1,D,XC,AK,F
14:47:29,TLKM,RG,3650,24,D,CS,AK,F
14:47:27,TLKM,RG,3650,1,D,XC,AK,F
14:47:26,TLKM,RG,3640,150,F,BB,XC,D
14:47:22,TLKM,RG,3650,1,D,XC,AK,F
14:47:19,TLKM,RG,3640,122,F,BB,LG,D
14:47:19,TLKM,RG,3640,5,D,KK,LG,D
14:47:19,TLKM,RG,3640,6,F,AK,LG,D
14:47:19,TLKM,RG,3640,84,F,AK,LG,D
14:47:19,TLKM,RG,3640,82,D,CS,LG,D
14:47:19,TLKM,RG,3640,500,D,HD,LG,D
14:47:19,TLKM,RG,3640,39,D,CS,LG,D
14:47:19,TLKM,RG,3640,362,F,BB,LG,D
14:47:19,TLKM,RG,3650,10,D,CS,AK,F
14:47:17,TLKM,RG,3650,99,F,AK,AK,F
14:47:17,TLKM,RG,3650,2,F,AK,YP,D
14:47:17,TLKM,RG,3650,200,F,AK,ES,D
14:47:17,TLKM,RG,3650,10,F,AK,CC,D
14:47:17,TLKM,RG,3650,10,F,AK,YP,D
14:47:17,TLKM,RG,3650,50,F,AK,PD,D
14:47:17,TLKM,RG,3650,1000,F,AK,DR,D
14:47:17,TLKM,RG,3650,49,F,AK,AK,F
14:47:17,TLKM,RG,3650,102,F,AK,BK,F
14:47:17,TLKM,RG,3650,64,F,AK,PD,D
14:47:17,TLKM,RG,3650,5,F,AK,YP,D
14:47:17,TLKM,RG,3650,1,F,AK,PD,D
14:47:17,TLKM,RG,3650,419,F,AK,BK,F
14:47:17,TLKM,RG,3650,249,F,AK,YJ,D
14:47:17,TLKM,RG,3650,4,F,AK,NI,D
14:47:17,TLKM,RG,3650,356,F,AK,BK,F
14:47:17,TLKM,RG,3650,10,F,AK,AK,F
14:47:17,TLKM,RG,3650,147,F,AK,RX,F
14:47:17,TLKM,RG,3650,8,F,AK,AK,F
14:47:17,TLKM,RG,3650,949,F,AK,BK,F
14:47:17,TLKM,RG,3650,200,F,AK,AZ,D
14:47:17,TLKM,RG,3650,396,F,AK,BK,F
14:47:17,TLKM,RG,3650,13271,F,AK,OD,D
14:47:17,TLKM,RG,3650,40,D,CS,OD,D
14:47:17,TLKM,RG,3650,55,D,CS,OD,D
14:47:15,TLKM,RG,3650,5,D,KK,OD,D
14:47:09,TLKM,RG,3640,40,F,BB,BK,F
14:47:09,TLKM,RG,3650,160,D,CS,OD,D
14:47:08,TLKM,RG,3650,10,D,CS,OD,D
14:47:08,TLKM,RG,3650,5,D,XC,OD,D
14:47:05,TLKM,RG,3650,1,D,PD,OD,D
14:47:04,TLKM,RG,3650,1,D,XC,OD,D
14:46:51,TLKM,RG,3650,1,D,ZP,OD,D
14:46:47,TLKM,RG,3650,183,D,CS,OD,D
14:46:43,TLKM,RG,3640,56,F,BB,BK,F
14:46:40,TLKM,RG,3640,4,F,BB,YP,D
14:46:40,TLKM,RG,3650,5,D,EP,OD,D
14:46:30,TLKM,RG,3640,50,F,BB,XC,D
14:46:28,TLKM,RG,3650,7,D,XC,OD,D
14:46:27,TLKM,RG,3640,44,F,BB,BK,F
14:46:26,TLKM,RG,3640,200,F,BB,DR,D
14:46:14,TLKM,RG,3640,1,F,BB,PD,D
14:46:14,TLKM,RG,3650,1,D,YU,OD,D
14:46:03,TLKM,RG,3650,14,D,XC,OD,D
14:46:03,TLKM,RG,3640,2,F,BB,XC,D
14:45:59,TLKM,RG,3640,38,F,BB,BK,F
14:45:57,TLKM,RG,3640,68,F,BB,BK,F
14:45:53,TLKM,RG,3640,238,F,BB,BK,F
14:45:49,TLKM,RG,3650,5,D,LG,OD,D
14:45:47,TLKM,RG,3640,1052,F,BB,BK,F
14:45:44,TLKM,RG,3650,759,F,AK,OD,D
14:45:44,TLKM,RG,3650,57,D,CS,OD,D
14:45:44,TLKM,RG,3650,112,F,AK,OD,D
14:45:44,TLKM,RG,3650,300,D,SQ,OD,D
14:45:44,TLKM,RG,3650,42,D,CS,OD,D
14:45:44,TLKM,RG,3650,2295,F,BK,OD,D
14:45:44,TLKM,RG,3650,37,D,CS,OD,D
14:45:44,TLKM,RG,3650,202,D,CS,OD,D
14:45:44,TLKM,RG,3650,2432,F,CS,OD,D
14:45:42,TLKM,RG,3660,3,D,CC,YU,D
14:45:41,TLKM,RG,3660,125,F,BK,YU,D
14:45:41,TLKM,RG,3650,4,F,CS,YU,D
14:45:39,TLKM,RG,3660,72,F,BK,YU,D
14:45:38,TLKM,RG,3650,50,F,CS,CC,D
14:45:37,TLKM,RG,3660,1,D,CS,YU,D
14:45:37,TLKM,RG,3650,1,F,CS,PD,D
14:45:36,TLKM,RG,3660,118,D,CS,YU,D
14:45:36,TLKM,RG,3660,14,D,CS,DR,D
14:45:36,TLKM,RG,3650,1,D,CS,PD,D
14:45:36,TLKM,RG,3650,1079,F,AK,BK,F
14:45:36,TLKM,RG,3650,1,F,AK,AK,F
14:45:36,TLKM,RG,3650,1515,F,AK,BK,F
14:45:36,TLKM,RG,3650,79,F,AK,BB,D
14:45:36,TLKM,RG,3650,115,F,AK,BB,D
14:45:36,TLKM,RG,3650,1,F,AK,CS,F
14:45:36,TLKM,RG,3650,7,F,AK,CS,F
14:45:36,TLKM,RG,3650,2982,F,AK,RX,D
14:45:31,TLKM,RG,3640,59,F,BB,BK,F
14:45:22,TLKM,RG,3650,10,D,CC,RX,D
14:45:21,TLKM,RG,3650,10,D,NI,RX,D
14:45:19,TLKM,RG,3650,30,D,CC,RX,D
14:45:19,TLKM,RG,3650,149,D,CS,RX,D
14:45:18,TLKM,RG,3650,51,F,DX,RX,D
14:45:18,TLKM,RG,3650,2,D,CS,RX,D
14:45:18,TLKM,RG,3650,1,D,CS,RX,D
14:45:18,TLKM,RG,3650,47,D,CS,RX,D
14:45:17,TLKM,RG,3650,53,F,DX,RX,D
14:45:17,TLKM,RG,3650,12,D,CS,RX,D
14:45:17,TLKM,RG,3650,19,D,XC,RX,D
14:45:15,TLKM,RG,3650,1,D,XC,KK,D
14:44:58,TLKM,RG,3650,10,D,CS,BB,D
14:44:54,TLKM,RG,3650,1,D,CS,YP,D
14:44:52,TLKM,RG,3650,1,D,CS,DX,D
14:44:52,TLKM,RG,3650,9,F,AK,DX,D
14:44:52,TLKM,RG,3650,100,F,AK,NI,D
14:44:52,TLKM,RG,3650,9,F,AK,XC,D
14:44:52,TLKM,RG,3650,15,F,AK,PD,D
14:44:52,TLKM,RG,3650,1,F,AK,XC,D
14:44:52,TLKM,RG,3650,30,F,AK,PD,D
14:44:52,TLKM,RG,3650,2,F,AK,OD,D
14:44:52,TLKM,RG,3650,5,F,AK,NI,D
14:44:52,TLKM,RG,3650,5,F,AK,CC,D
14:44:52,TLKM,RG,3650,4,F,AK,XC,D
14:44:52,TLKM,RG,3650,2,F,AK,CC,D
14:44:52,TLKM,RG,3650,63,F,AK,CS,F
14:44:52,TLKM,RG,3650,17,F,AK,AK,F
14:44:52,TLKM,RG,3650,14,F,AK,AK,F
14:44:52,TLKM,RG,3650,7,F,AK,BB,D
14:44:52,TLKM,RG,3650,266,F,AK,BK,F
14:44:52,TLKM,RG,3650,40,F,AK,XC,D
14:44:52,TLKM,RG,3650,25,F,AK,DX,D
14:44:52,TLKM,RG,3650,50,F,AK,CP,D
14:44:52,TLKM,RG,3650,5000,F,AK,RX,D
14:44:52,TLKM,RG,3650,492,F,AK,BB,D
14:44:52,TLKM,RG,3650,305,F,AK,YJ,D
14:44:52,TLKM,RG,3650,5,F,AK,YP,D
14:44:52,TLKM,RG,3650,500,F,AK,YU,D
14:44:52,TLKM,RG,3650,893,F,AK,BK,F
14:44:52,TLKM,RG,3640,61,F,BB,BK,F
14:44:44,TLKM,RG,3650,226,D,CS,BK,F
14:44:43,TLKM,RG,3640,225,F,BB,CC,D
14:44:43,TLKM,RG,3640,1,D,PD,CC,D
14:44:43,TLKM,RG,3640,23,D,KK,CC,D
14:44:43,TLKM,RG,3640,751,F,BK,CC,D
14:44:41,TLKM,RG,3650,191,F,AK,BK,F
14:44:41,TLKM,RG,3650,10,F,AK,KK,D
14:44:41,TLKM,RG,3650,1,F,AK,YP,D
14:44:41,TLKM,RG,3650,1,F,AK,XC,D
14:44:41,TLKM,RG,3650,1,F,AK,NI,D
14:44:41,TLKM,RG,3650,200,F,AK,GR,D
14:44:41,TLKM,RG,3650,20,F,AK,GR,D
14:44:41,TLKM,RG,3650,1,F,AK,PD,D
14:44:41,TLKM,RG,3650,3,F,AK,YP,D
14:44:41,TLKM,RG,3650,5,F,AK,GR,D
14:44:41,TLKM,RG,3650,2,F,AK,XC,D
14:44:41,TLKM,RG,3650,82,F,AK,NI,D
14:44:38,TLKM,RG,3650,18,F,BK,NI,D
14:44:38,TLKM,RG,3650,1,F,BK,DX,D
14:44:38,TLKM,RG,3650,25,F,BK,TP,D
14:44:38,TLKM,RG,3650,1,F,BK,SQ,D
14:44:38,TLKM,RG,3650,6,F,BK,YP,D
14:44:38,TLKM,RG,3650,15,F,BK,KK,D
14:44:38,TLKM,RG,3650,2,F,BK,YP,D
14:44:38,TLKM,RG,3650,74,F,BK,OD,D
14:44:28,TLKM,RG,3650,26,F,BK,OD,D
14:44:28,TLKM,RG,3650,101,F,BK,NI,D
14:44:26,TLKM,RG,3650,62,F,BK,NI,D
14:44:25,TLKM,RG,3640,13,F,BK,DX,D
14:44:24,TLKM,RG,3640,2,F,BK,XC,D
14:44:19,TLKM,RG,3640,1,F,BK,XC,D
14:44:18,TLKM,RG,3650,10,D,YP,NI,D
14:44:17,TLKM,RG,3640,1,F,BK,XC,D
14:44:16,TLKM,RG,3650,27,F,BK,NI,D
14:44:16,TLKM,RG,3650,1,F,BK,KK,D
14:44:16,TLKM,RG,3650,11,F,BK,PD,D
14:44:16,TLKM,RG,3650,1,F,BK,XC,D
14:44:16,TLKM,RG,3650,1,F,BK,XC,D
14:44:16,TLKM,RG,3650,1,F,BK,PD,D
14:44:16,TLKM,RG,3650,2,F,BK,SQ,D
14:44:16,TLKM,RG,3650,5,F,BK,XC,D
14:44:16,TLKM,RG,3650,78,F,BK,BK,F
14:44:11,TLKM,RG,3650,42,F,DX,BK,F
14:44:10,TLKM,RG,3650,10,D,YP,BK,F
14:44:05,TLKM,RG,3650,79,D,CS,BK,F
14:44:05,TLKM,RG,3650,10,D,CS,YP,D
14:44:05,TLKM,RG,3650,5,D,CS,DH,D
14:44:05,TLKM,RG,3650,30,D,CS,CC,D
14:44:05,TLKM,RG,3650,4,D,CS,XC,D
14:44:05,TLKM,RG,3650,11,D,CS,XC,D
14:44:05,TLKM,RG,3650,5,D,CS,NI,D
14:44:05,TLKM,RG,3650,2,D,CS,XC,D
14:44:05,TLKM,RG,3650,1,D,CS,PD,D
14:44:05,TLKM,RG,3650,1,D,CS,DR,D
14:44:05,TLKM,RG,3650,1,D,CS,KK,D
14:44:05,TLKM,RG,3650,1,D,CS,DH,D
14:44:05,TLKM,RG,3650,4,D,CS,XC,D
14:44:05,TLKM,RG,3650,2,D,CS,XC,D
14:44:05,TLKM,RG,3650,1,D,CS,XC,D
14:44:05,TLKM,RG,3650,5,D,CS,PD,D
14:44:05,TLKM,RG,3650,1,D,CS,XC,D
14:44:05,TLKM,RG,3650,1,D,CS,XC,D
14:44:05,TLKM,RG,3650,50,D,CS,CC,D
14:44:05,TLKM,RG,3650,1,D,CS,CC,D
14:44:05,TLKM,RG,3650,1,D,CS,AT,D
14:44:05,TLKM,RG,3650,2,D,CS,YP,D
14:44:05,TLKM,RG,3650,100,D,CS,YP,D
14:44:05,TLKM,RG,3650,5,D,CS,YP,D
14:44:05,TLKM,RG,3650,22,D,CS,PD,D
14:44:05,TLKM,RG,3650,15,D,CS,NI,D
14:44:05,TLKM,RG,3650,3,D,CS,YP,D
14:44:05,TLKM,RG,3650,1,D,CS,NI,D
14:44:05,TLKM,RG,3650,15,D,CS,KK,D
14:44:05,TLKM,RG,3650,2,D,CS,PD,D
14:44:05,TLKM,RG,3650,1,D,CS,XC,D
14:44:05,TLKM,RG,3650,4,D,CS,XC,D
14:44:05,TLKM,RG,3650,1,D,CS,PD,D
14:44:05,TLKM,RG,3650,10,D,CS,AI,D
14:44:05,TLKM,RG,3650,2,D,CS,PD,D
14:44:05,TLKM,RG,3650,10,D,CS,YP,D
14:44:05,TLKM,RG,3650,3,D,CS,CC,D
14:44:05,TLKM,RG,3650,1,D,CS,KK,D
14:44:05,TLKM,RG,3650,1,D,CS,KK,D
14:44:05,TLKM,RG,3650,1,D,CS,NI,D
14:44:05,TLKM,RG,3650,1,D,CS,YP,D
14:44:05,TLKM,RG,3650,1,D,CS,RX,D
14:44:03,TLKM,RG,3640,1,F,BK,XC,D
14:44:01,TLKM,RG,3640,10,F,BK,PD,D
14:44:00,TLKM,RG,3650,69,F,AK,RX,D
14:43:58,TLKM,RG,3640,46,F,BK,BK,F
14:43:52,TLKM,RG,3640,50,F,BK,BK,F
14:43:48,TLKM,RG,3640,223,F,BK,BK,F
14:43:46,TLKM,RG,3640,20,F,BK,PD,D
14:43:45,TLKM,RG,3650,981,F,AK,RX,D
14:43:43,TLKM,RG,3650,117,F,BK,RX,D
14:43:41,TLKM,RG,3650,211,F,AK,RX,D
14:43:35,TLKM,RG,3650,1,D,PD,RX,D
14:43:31,TLKM,RG,3650,82,F,BK,RX,D
14:43:25,TLKM,RG,3650,90,F,BK,RX,D
14:43:20,TLKM,RG,3650,102,F,BK,RX,D
14:43:19,TLKM,RG,3640,15,F,BK,LG,D
14:43:18,TLKM,RG,3650,2,D,PD,RX,D
14:43:15,TLKM,RG,3650,88,F,AK,RX,D
14:43:14,TLKM,RG,3650,58,F,BK,RX,D
14:43:07,TLKM,RG,3650,79,F,BK,RX,D
14:42:58,TLKM,RG,3650,83,F,BK,RX,D
14:42:54,TLKM,RG,3650,36,F,BK,RX,D
14:42:54,TLKM,RG,3650,1,F,BK,YP,D
14:42:54,TLKM,RG,3650,1,F,BK,PD,D
14:42:54,TLKM,RG,3650,20,F,BK,GR,D
14:42:54,TLKM,RG,3650,2,F,BK,TP,D
14:42:52,TLKM,RG,3650,23,D,CS,TP,D
14:42:52,TLKM,RG,3650,9,D,CS,YP,D
14:42:52,TLKM,RG,3650,508,D,CS,RX,D
14:42:51,TLKM,RG,3650,48,F,BK,RX,D
14:42:49,TLKM,RG,3650,1,D,XC,RX,D
14:42:47,TLKM,RG,3650,1,D,XC,RX,D
14:42:42,TLKM,RG,3650,53,F,BK,RX,D
14:42:38,TLKM,RG,3650,51,F,BK,RX,D
14:42:32,TLKM,RG,3650,93,F,BK,RX,D
14:42:30,TLKM,RG,3650,106,F,AK,RX,D
14:42:29,TLKM,RG,3650,20,F,AK,RX,D
14:42:28,TLKM,RG,3650,55,F,BK,RX,D
14:42:20,TLKM,RG,3640,6,F,BK,YU,D
14:42:20,TLKM,RG,3640,2,F,BK,YU,D
14:42:20,TLKM,RG,3650,369,F,AK,RX,D
14:42:18,TLKM,RG,3650,95,F,BK,RX,D
14:42:11,TLKM,RG,3650,61,F,BK,RX,D
14:42:11,TLKM,RG,3650,1,D,XC,RX,D
14:42:04,TLKM,RG,3650,75,F,BK,RX,D
14:42:03,TLKM,RG,3650,5,D,KK,RX,D
14:41:59,TLKM,RG,3650,50,F,BK,RX,D
14:41:55,TLKM,RG,3650,1,D,OD,RX,D
14:41:54,TLKM,RG,3650,1,D,PC,RX,D
14:41:54,TLKM,RG,3650,88,F,BK,RX,D
14:41:48,TLKM,RG,3650,38,F,BK,RX,D
14:41:44,TLKM,RG,3650,76,F,BK,RX,D
14:41:43,TLKM,RG,3640,13,F,BK,CC,D
14:41:43,TLKM,RG,3640,55,F,DX,CC,D
14:41:43,TLKM,RG,3640,432,F,DP,CC,D
14:41:37,TLKM,RG,3650,39,F,BK,RX,D
14:41:34,TLKM,RG,3640,177,F,DP,YU,D
14:41:33,TLKM,RG,3650,43,F,BK,RX,D
14:41:33,TLKM,RG,3640,162,F,DP,YU,D
14:41:29,TLKM,RG,3650,47,F,BK,RX,D
14:41:25,TLKM,RG,3650,45,F,BK,RX,D
14:41:23,TLKM,RG,3650,30,F,BK,RX,D
14:41:23,TLKM,RG,3650,10,F,BK,DR,D
14:41:23,TLKM,RG,3650,4,F,BK,PD,D
14:41:22,TLKM,RG,3640,59,F,DP,NI,D
14:41:21,TLKM,RG,3640,1,F,DP,BB,D
14:41:18,TLKM,RG,3640,211,F,BK,BK,F
14:41:18,TLKM,RG,3640,61,F,BK,RX,F
14:41:18,TLKM,RG,3640,146,F,BK,YU,D
14:41:18,TLKM,RG,3640,139,F,BK,YU,D
14:41:18,TLKM,RG,3640,7,F,BK,YU,D
14:41:18,TLKM,RG,3640,2,F,BK,YU,D
14:41:18,TLKM,RG,3640,6,F,BK,BB,D
14:41:18,TLKM,RG,3640,4,F,BK,XC,D
14:41:18,TLKM,RG,3640,5,F,BK,PD,D
14:41:18,TLKM,RG,3640,2,F,BK,AK,F
14:41:18,TLKM,RG,3640,1,F,BK,PD,D
14:41:18,TLKM,RG,3640,10,F,BK,DX,D
14:41:18,TLKM,RG,3640,9,F,BK,DX,D
14:41:18,TLKM,RG,3640,39,F,BK,CS,F
14:41:18,TLKM,RG,3640,1,F,BK,XC,D
14:41:18,TLKM,RG,3640,2,F,BK,PD,D
14:41:18,TLKM,RG,3640,20,F,BK,PD,D
14:41:18,TLKM,RG,3640,3,F,BK,PD,D
14:41:18,TLKM,RG,3640,7,F,BK,YU,D
14:41:18,TLKM,RG,3640,1,F,BK,YU,D
14:41:18,TLKM,RG,3640,10,F,BK,NI,D
14:41:18,TLKM,RG,3640,43,F,BK,CS,F
14:41:18,TLKM,RG,3640,1,F,BK,YP,D
14:41:18,TLKM,RG,3640,7,F,BK,YU,D
14:41:18,TLKM,RG,3640,2,F,BK,YU,D
14:41:18,TLKM,RG,3640,29,F,BK,CC,D
14:41:18,TLKM,RG,3640,211,F,BK,BK,F
14:41:18,TLKM,RG,3640,2,F,BK,XC,D
14:41:18,TLKM,RG,3640,155,F,BK,YU,D
14:41:18,TLKM,RG,3640,168,F,BK,YU,D
14:41:18,TLKM,RG,3640,1,F,BK,XC,D
14:41:18,TLKM,RG,3640,1,F,BK,XC,D
14:41:18,TLKM,RG,3640,8,F,BK,PD,D
14:41:18,TLKM,RG,3640,15,F,BK,AK,F
14:41:18,TLKM,RG,3640,50,F,BK,AK,F
14:41:18,TLKM,RG,3640,2,F,BK,CC,D
14:41:18,TLKM,RG,3640,148,F,BK,RX,F
14:41:17,TLKM,RG,3640,6,F,BK,RX,F
14:41:17,TLKM,RG,3640,56,F,BK,BK,F
14:41:17,TLKM,RG,3640,309,D,CS,BK,F
14:41:16,TLKM,RG,3640,57,F,AK,BK,F
14:41:16,TLKM,RG,3640,5000,F,AK,RX,D
14:41:16,TLKM,RG,3640,20,F,AK,AK,F
14:41:16,TLKM,RG,3640,2,F,AK,KK,D
14:41:16,TLKM,RG,3640,40,F,AK,AK,F
14:41:16,TLKM,RG,3640,5,F,AK,AK,F
14:41:16,TLKM,RG,3640,750,F,AK,HP,D
14:41:16,TLKM,RG,3640,749,F,AK,BK,F
14:41:16,TLKM,RG,3640,1,F,AK,XC,D
14:41:16,TLKM,RG,3640,111,F,AK,BB,D
14:41:16,TLKM,RG,3640,1948,F,AK,BK,F
14:41:13,TLKM,RG,3640,37,F,BK,BK,F
14:41:10,TLKM,RG,3630,6,F,BB,PD,D
14:41:09,TLKM,RG,3640,38,F,BK,BK,F
14:41:05,TLKM,RG,3640,54,F,BK,BK,F
14:41:04,TLKM,RG,3640,1,D,CC,BK,F
14:41:01,TLKM,RG,3640,58,F,BK,BK,F
14:41:01,TLKM,RG,3630,153,F,BB,BK,F
14:40:58,TLKM,RG,3640,68,F,BK,BK,F
14:40:56,TLKM,RG,3640,2,D,NI,BK,F
14:40:55,TLKM,RG,3640,1,D,CC,BK,F
14:40:53,TLKM,RG,3640,69,F,BK,BK,F
14:40:52,TLKM,RG,3640,1,D,PD,BK,F
14:40:49,TLKM,RG,3630,300,F,BB,SQ,D
14:40:49,TLKM,RG,3630,81,F,BB,BK,F
14:40:48,TLKM,RG,3640,76,F,BK,BK,F
14:40:45,TLKM,RG,3640,7,D,CC,BK,F
14:40:43,TLKM,RG,3640,40,F,BK,BK,F
14:40:43,TLKM,RG,3640,3,F,BK,CS,F
14:40:41,TLKM,RG,3630,70,F,BB,BK,F
14:40:41,TLKM,RG,3640,1,D,PD,CS,F
14:40:41,TLKM,RG,3640,2,D,PD,BB,D
14:40:40,TLKM,RG,3640,51,F,BK,AK,F
14:40:37,TLKM,RG,3640,1,D,PD,AK,F
14:40:36,TLKM,RG,3640,65,F,BK,AK,F
14:40:32,TLKM,RG,3640,78,F,BK,AK,F
14:40:30,TLKM,RG,3630,9,F,BB,BB,D
14:40:28,TLKM,RG,3630,20,F,BB,YP,D
14:40:28,TLKM,RG,3640,31,D,XC,AK,F
14:40:27,TLKM,RG,3630,103,F,BB,BK,F
14:40:26,TLKM,RG,3640,75,F,BK,AK,F
14:40:23,TLKM,RG,3640,475,D,CS,AK,F
14:40:21,TLKM,RG,3640,44,F,BK,AK,F
14:40:18,TLKM,RG,3640,41,F,BK,AK,F
14:40:16,TLKM,RG,3630,108,F,BB,YP,D
14:40:16,TLKM,RG,3630,15,F,BB,YP,D
14:40:13,TLKM,RG,3640,51,F,BK,AK,F
14:40:12,TLKM,RG,3630,121,F,BB,BK,F
14:40:11,TLKM,RG,3640,36,F,BK,AK,F
14:40:08,TLKM,RG,3640,49,F,BK,AK,F
14:40:08,TLKM,RG,3640,40,F,DX,AK,F
14:40:07,TLKM,RG,3640,4,D,PD,AK,F
14:40:05,TLKM,RG,3640,60,F,BK,AK,F
14:40:04,TLKM,RG,3630,98,F,BB,BK,F
14:40:01,TLKM,RG,3630,339,F,BB,YU,D
14:40:01,TLKM,RG,3630,305,F,BB,YU,D
14:40:01,TLKM,RG,3630,3,F,BB,YU,D
14:40:00,TLKM,RG,3630,14,F,BB,YU,D
14:39:59,TLKM,RG,3640,62,F,BK,AK,F
14:39:57,TLKM,RG,3640,10,D,CP,AK,F
14:39:56,TLKM,RG,3640,37,F,BK,AK,F
14:39:53,TLKM,RG,3640,38,F,BK,AK,F
14:39:49,TLKM,RG,3640,47,F,BK,AK,F
14:39:46,TLKM,RG,3640,59,F,BK,AK,F
14:39:43,TLKM,RG,3630,9,F,BB,BB,D
14:39:43,TLKM,RG,3630,130,F,BB,BK,F
14:39:38,TLKM,RG,3640,1,D,XC,AK,F
14:39:38,TLKM,RG,3640,3,D,XC,AK,F
14:39:25,TLKM,RG,3640,2,D,XC,AK,F
14:39:21,TLKM,RG,3630,189,F,BB,BK,F
14:39:16,TLKM,RG,3630,44,F,BB,RX,F
14:39:16,TLKM,RG,3630,3,F,BB,XC,D
14:39:15,TLKM,RG,3630,13,F,BB,DX,D
14:39:09,TLKM,RG,3630,1323,F,BB,YP,D
14:39:09,TLKM,RG,3630,1,D,XC,YP,D
14:39:09,TLKM,RG,3630,2,D,NI,YP,D
14:39:09,TLKM,RG,3630,127,D,PD,YP,D
14:39:09,TLKM,RG,3630,43,D,PD,YP,D
14:39:09,TLKM,RG,3630,238,D,PD,YP,D
14:39:09,TLKM,RG,3630,79,D,PD,YP,D
14:39:09,TLKM,RG,3630,2,D,XC,YP,D
14:39:09,TLKM,RG,3630,2,D,XC,YP,D
14:39:09,TLKM,RG,3630,14,D,YP,YP,D
14:39:09,TLKM,RG,3630,50,D,PD,YP,D
14:39:09,TLKM,RG,3630,10,D,LG,YP,D
14:39:09,TLKM,RG,3630,50,D,YP,YP,D
14:39:09,TLKM,RG,3630,10,D,DR,YP,D
14:39:09,TLKM,RG,3630,2,D,XC,YP,D
14:39:09,TLKM,RG,3630,250,F,ZP,YP,D
14:39:09,TLKM,RG,3630,1,D,XC,YP,D
14:39:09,TLKM,RG,3630,100,D,PD,YP,D
14:39:09,TLKM,RG,3630,2,D,PD,YP,D
14:39:09,TLKM,RG,3630,5,D,KK,YP,D
14:39:09,TLKM,RG,3630,20,D,YP,YP,D
14:39:09,TLKM,RG,3630,10,D,PD,YP,D
14:39:09,TLKM,RG,3630,1,D,PD,YP,D
14:39:09,TLKM,RG,3630,1,D,AT,YP,D
14:39:09,TLKM,RG,3630,157,F,AK,YP,D
14:39:08,TLKM,RG,3640,341,F,DP,AK,F
14:39:05,TLKM,RG,3630,40,F,AK,CC,D
14:39:01,TLKM,RG,3630,181,F,AK,BK,F
14:38:59,TLKM,RG,3630,5,F,AK,KK,D
14:38:54,TLKM,RG,3640,1,D,XC,AK,F
14:38:51,TLKM,RG,3630,20,F,AK,YP,D
14:38:51,TLKM,RG,3640,1,D,YB,AK,F
14:38:51,TLKM,RG,3630,9,F,AK,BB,D
14:38:49,TLKM,RG,3640,6,D,YP,AK,F
14:38:38,TLKM,RG,3640,475,D,CS,AK,F
14:38:15,TLKM,RG,3640,1,D,XC,AK,F
14:38:07,TLKM,RG,3640,40,F,DX,AK,F
14:38:01,TLKM,RG,3640,60,D,SQ,AK,F
14:38:00,TLKM,RG,3630,10,F,AK,BB,D
14:37:50,TLKM,RG,3630,6,F,AK,CC,D
14:37:50,TLKM,RG,3630,144,F,AK,CC,D
14:37:35,TLKM,RG,3630,1,F,AK,XC,D
14:37:30,TLKM,RG,3630,291,F,AK,YU,D
14:37:30,TLKM,RG,3630,136,F,AK,YU,D
14:37:30,TLKM,RG,3630,1,D,AZ,YU,D
14:37:30,TLKM,RG,3630,1,D,PD,YU,D
14:37:30,TLKM,RG,3630,1,D,PD,YU,D
14:37:30,TLKM,RG,3630,7,D,CC,YU,D
14:37:30,TLKM,RG,3630,7,D,SQ,YU,D
14:37:30,TLKM,RG,3630,10,D,CC,YU,D
14:37:30,TLKM,RG,3630,10,D,YP,YU,D
14:37:30,TLKM,RG,3630,1,D,PD,YU,D
14:37:30,TLKM,RG,3630,3,D,XC,YU,D
14:37:30,TLKM,RG,3630,25,D,CC,YU,D
14:37:30,TLKM,RG,3630,4,D,XC,YU,D
14:37:30,TLKM,RG,3630,1,D,XC,YU,D
14:37:30,TLKM,RG,3630,27,D,YP,YU,D
14:37:30,TLKM,RG,3630,1,D,XC,YU,D
14:37:30,TLKM,RG,3630,10,D,YP,YU,D
14:37:30,TLKM,RG,3630,7,D,XC,YU,D
14:37:30,TLKM,RG,3630,5,D,CC,YU,D
14:37:30,TLKM,RG,3630,5,D,XC,YU,D
14:37:30,TLKM,RG,3630,10,D,NI,YU,D
14:37:30,TLKM,RG,3630,1,D,YP,YU,D
14:37:28,TLKM,RG,3640,3,D,CC,AK,F
14:37:25,TLKM,RG,3640,919,F,AK,AK,F
14:37:24,TLKM,RG,3640,1,D,PD,AK,F
14:37:09,TLKM,RG,3630,3,D,XC,BB,D
14:37:09,TLKM,RG,3630,2,D,NI,BB,D
14:37:09,TLKM,RG,3630,1,D,SQ,BB,D
14:37:09,TLKM,RG,3630,1,D,XC,BB,D
14:37:09,TLKM,RG,3630,1,D,CS,BB,D
14:37:00,TLKM,RG,3640,2,D,XC,AK,F
14:36:50,TLKM,RG,3640,10,D,CC,AK,F
14:36:42,TLKM,RG,3640,10,D,YP,AK,F
14:36:38,TLKM,RG,3640,1,D,YU,AK,F
14:36:37,TLKM,RG,3640,10,D,CC,AK,F
14:36:35,TLKM,RG,3630,12,D,CS,DX,D
14:36:29,TLKM,RG,3640,500,D,AR,AK,F
14:36:23,TLKM,RG,3630,3,D,CS,BB,D
14:36:23,TLKM,RG,3630,7,D,SQ,BB,D
14:36:03,TLKM,RG,3630,5,D,SQ,XC,D
14:35:27,TLKM,RG,3630,10,D,SQ,BB,D
14:35:10,TLKM,RG,3630,10,D,SQ,NI,D
14:34:54,TLKM,RG,3630,5,D,SQ,XA,D
14:34:53,TLKM,RG,3630,7,D,SQ,OD,D
14:34:40,TLKM,RG,3640,1,D,PD,AK,F
14:34:38,TLKM,RG,3640,1,D,CC,AK,F
14:34:33,TLKM,RG,3630,1,D,SQ,BB,D
14:34:30,TLKM,RG,3630,5,D,SQ,GR,D
14:34:29,TLKM,RG,3640,33,D,KK,AK,F
14:34:27,TLKM,RG,3640,5,D,PD,AK,F
14:34:26,TLKM,RG,3640,15,D,GR,AK,F
14:34:19,TLKM,RG,3630,1,D,XC,AK,F
14:34:19,TLKM,RG,3630,2,D,XC,AK,F
14:34:19,TLKM,RG,3630,228,F,CS,AK,F
14:34:19,TLKM,RG,3630,100,D,YP,AK,F
14:34:19,TLKM,RG,3630,50,D,AZ,AK,F
14:34:19,TLKM,RG,3630,10,D,KK,AK,F
14:34:19,TLKM,RG,3630,41,D,PD,AK,F
14:34:19,TLKM,RG,3630,1,D,YP,AK,F
14:34:19,TLKM,RG,3630,292,D,CS,AK,F
14:34:19,TLKM,RG,3630,3,D,CC,AK,F
14:34:19,TLKM,RG,3630,30,D,YP,AK,F
14:34:19,TLKM,RG,3630,13,D,CC,AK,F
14:34:19,TLKM,RG,3630,4,D,XC,AK,F
14:34:19,TLKM,RG,3630,10,D,XC,AK,F
14:34:19,TLKM,RG,3630,158,D,CS,AK,F
14:34:19,TLKM,RG,3630,10,D,YP,AK,F
14:34:19,TLKM,RG,3630,13,D,PD,AK,F
14:34:19,TLKM,RG,3630,180,D,CS,AK,F
14:34:19,TLKM,RG,3630,10,D,XC,AK,F
14:34:19,TLKM,RG,3630,1,D,XC,AK,F
14:34:19,TLKM,RG,3630,231,F,CS,AK,F
14:34:19,TLKM,RG,3630,273,D,XC,AK,F
14:34:19,TLKM,RG,3630,5,D,XC,AK,F
14:34:19,TLKM,RG,3630,144,D,CS,AK,F
14:34:19,TLKM,RG,3630,1,D,NI,AK,F
14:34:19,TLKM,RG,3630,3,D,XC,AK,F
14:34:19,TLKM,RG,3630,15,F,AK,AK,F
14:34:19,TLKM,RG,3630,372,F,AK,AK,F
14:34:19,TLKM,RG,3630,255,F,CS,AK,F
14:34:19,TLKM,RG,3630,1,D,PD,AK,F
14:34:19,TLKM,RG,3630,130,F,AK,AK,F
14:34:19,TLKM,RG,3630,710,F,AK,AK,F
14:34:17,TLKM,RG,3640,6,D,CS,YU,D
14:34:17,TLKM,RG,3640,2,D,CS,YU,D
14:34:07,TLKM,RG,3650,3,D,CC,PD,D
14:34:04,TLKM,RG,3630,7,F,AK,KK,D
14:34:03,TLKM,RG,3640,1,D,XC,PD,D
14:33:53,TLKM,RG,3630,11,F,AK,BB,D
14:33:53,TLKM,RG,3640,18,D,DR,BB,D
14:33:51,TLKM,RG,3640,2,D,DR,NI,D
14:33:47,TLKM,RG,3640,1,D,PD,AK,F
14:33:47,TLKM,RG,3640,1,D,NI,AK,F
14:33:47,TLKM,RG,3640,1,D,XC,AK,F
14:33:47,TLKM,RG,3640,54,F,DX,AK,F
14:33:47,TLKM,RG,3640,672,F,DP,AK,F
14:33:47,TLKM,RG,3640,2,D,CS,AK,F
14:33:47,TLKM,RG,3640,16,F,BB,AK,F
14:33:36,TLKM,RG,3640,15,F,BB,PD,D
14:33:36,TLKM,RG,3640,13,F,BB,BB,D
14:33:36,TLKM,RG,3640,37,F,BB,CS,F
14:33:36,TLKM,RG,3640,3,F,BB,CS,F
14:33:36,TLKM,RG,3640,1,F,BB,CS,F
14:33:36,TLKM,RG,3640,10,F,BB,CS,F
14:33:35,TLKM,RG,3640,28,F,BB,BB,D
14:33:35,TLKM,RG,3640,25,F,BB,PD,D
14:33:35,TLKM,RG,3640,48,F,BB,BB,D
14:33:35,TLKM,RG,3640,2283,F,BB,BK,F
14:33:35,TLKM,RG,3640,7,F,BB,CS,F
14:33:35,TLKM,RG,3640,1,F,BB,XC,D
14:33:35,TLKM,RG,3640,1,F,BB,YP,D
14:33:35,TLKM,RG,3640,11,F,BB,OD,D
14:33:35,TLKM,RG,3640,1,F,BB,NI,D
14:33:31,TLKM,RG,3630,8,F,AK,YP,D
14:33:24,TLKM,RG,3640,7,D,CS,YP,D
14:33:23,TLKM,RG,3640,11,D,YP,YP,D
14:33:22,TLKM,RG,3640,13,D,CS,YP,D
14:33:21,TLKM,RG,3640,8,D,YP,YP,D
14:33:18,TLKM,RG,3640,73,D,CS,YP,D
14:33:18,TLKM,RG,3640,21,D,CS,CS,F
14:33:18,TLKM,RG,3640,8,D,CS,BB,D
14:33:18,TLKM,RG,3640,8,D,CS,BB,D
14:33:18,TLKM,RG,3640,9,D,CS,AK,F
14:33:16,TLKM,RG,3640,1,D,XC,AK,F
14:33:02,TLKM,RG,3640,18,D,OD,AK,F
14:33:02,TLKM,RG,3640,2,D,OD,AK,F
14:32:57,TLKM,RG,3640,34,D,CS,AK,F
14:32:56,TLKM,RG,3640,10,F,BB,OD,D
14:32:56,TLKM,RG,3640,11,F,BB,OD,D
14:32:56,TLKM,RG,3640,11,F,BB,DX,D
14:32:56,TLKM,RG,3640,1,F,BB,YP,D
14:32:56,TLKM,RG,3640,1,F,BB,XC,D
14:32:56,TLKM,RG,3640,2,F,BB,PD,D
14:32:56,TLKM,RG,3640,10,F,BB,AT,D
14:32:56,TLKM,RG,3640,15,F,BB,PD,D
14:32:56,TLKM,RG,3640,1,F,BB,PD,D
14:32:56,TLKM,RG,3640,1,F,BB,BQ,D
14:32:56,TLKM,RG,3640,3,F,BB,PD,D
14:32:56,TLKM,RG,3640,10,F,BB,NI,D
14:32:56,TLKM,RG,3640,10,F,BB,CC,D
14:32:56,TLKM,RG,3640,100,F,BB,LG,D
14:32:56,TLKM,RG,3640,1,F,BB,PD,D
14:32:56,TLKM,RG,3640,1,F,BB,EP,D
14:32:56,TLKM,RG,3640,1,F,BB,KK,D
14:32:56,TLKM,RG,3640,121,F,BB,BK,F
14:32:56,TLKM,RG,3640,5,F,BB,CC,D
14:32:56,TLKM,RG,3640,132,F,BB,RX,F
14:32:56,TLKM,RG,3640,1,F,BB,YP,D
14:32:56,TLKM,RG,3640,1,F,BB,YP,D
14:32:56,TLKM,RG,3640,20,F,BB,YP,D
14:32:56,TLKM,RG,3640,15,F,BB,CC,D
14:32:56,TLKM,RG,3640,40,F,BB,CS,F
14:32:56,TLKM,RG,3640,299,F,BB,BK,F
14:32:56,TLKM,RG,3640,1,F,BB,OD,D
14:32:56,TLKM,RG,3640,1,F,BB,PD,D
14:32:56,TLKM,RG,3640,284,F,BB,BK,F
14:32:56,TLKM,RG,3640,1,F,BB,PD,D
14:32:56,TLKM,RG,3640,6,F,BB,YP,D
14:32:56,TLKM,RG,3640,279,F,BB,BK,F
14:32:56,TLKM,RG,3640,10,F,BB,DX,D
14:32:56,TLKM,RG,3640,3,F,BB,CS,F
14:32:56,TLKM,RG,3640,2,F,BB,OD,D
14:32:56,TLKM,RG,3640,4,F,BB,PD,D
14:32:56,TLKM,RG,3640,12,F,BB,PD,D
14:32:56,TLKM,RG,3640,277,F,BB,BK,F
14:32:56,TLKM,RG,3640,1,F,BB,XC,D
14:32:56,TLKM,RG,3640,22,F,BB,CS,F
14:32:56,TLKM,RG,3640,271,F,BB,BK,F
14:32:56,TLKM,RG,3640,10,F,BB,PD,D
14:32:56,TLKM,RG,3640,13,F,BB,AK,F
14:32:56,TLKM,RG,3640,2,F,BB,AK,F
14:32:56,TLKM,RG,3640,18,F,BB,AK,F
14:32:56,TLKM,RG,3640,10,F,BB,CC,D
14:32:56,TLKM,RG,3640,4,F,BB,XC,D
14:32:56,TLKM,RG,3640,72,F,BB,RX,F
14:32:56,TLKM,RG,3640,5,F,BB,YP,D
14:32:56,TLKM,RG,3640,273,F,BB,BK,F
14:32:56,TLKM,RG,3640,4,F,BB,PD,D
14:32:56,TLKM,RG,3640,1,F,BB,PD,D
14:32:56,TLKM,RG,3640,260,F,BB,BK,F
14:32:56,TLKM,RG,3640,160,F,BB,YU,D
14:32:56,TLKM,RG,3640,6,F,BB,YU,D
14:32:56,TLKM,RG,3640,135,F,BB,YU,D
14:32:56,TLKM,RG,3640,2,F,BB,YU,D
14:32:56,TLKM,RG,3640,3,F,BB,CC,D
14:32:56,TLKM,RG,3640,1,F,BB,PD,D
14:32:56,TLKM,RG,3640,37,F,BB,CS,F
14:32:56,TLKM,RG,3640,5,F,BB,XC,D
14:32:56,TLKM,RG,3640,1,F,BB,YP,D
14:32:56,TLKM,RG,3640,5,F,BB,SQ,D
14:32:56,TLKM,RG,3640,257,F,BB,BK,F
14:32:56,TLKM,RG,3640,1,F,BB,DX,D
14:32:56,TLKM,RG,3640,148,F,BB,YU,D
14:32:56,TLKM,RG,3640,2,F,BB,YU,D
14:32:56,TLKM,RG,3640,7,F,BB,YU,D
14:32:56,TLKM,RG,3640,137,F,BB,YU,D
14:32:56,TLKM,RG,3640,302,F,BB,BK,F
14:32:56,TLKM,RG,3640,823,F,BB,AK,F
14:32:56,TLKM,RG,3640,3,F,BB,YP,D
14:32:56,TLKM,RG,3640,3,F,BB,XC,D
14:32:56,TLKM,RG,3640,3,F,BB,BB,D
14:32:56,TLKM,RG,3640,2,F,BB,XC,D
14:32:56,TLKM,RG,3640,14,F,BB,BB,D
14:32:56,TLKM,RG,3640,1,F,BB,DX,D
14:32:56,TLKM,RG,3640,2,F,BB,XC,D
14:32:56,TLKM,RG,3640,2,F,BB,YP,D
14:32:56,TLKM,RG,3640,3,F,BB,XC,D
14:32:56,TLKM,RG,3640,10,F,BB,AK,F
14:32:56,TLKM,RG,3640,12,F,BB,AK,F
14:32:56,TLKM,RG,3640,1,F,BB,AK,F
14:32:56,TLKM,RG,3640,25,F,BB,TP,D
14:32:56,TLKM,RG,3640,250,F,BB,HP,D
14:32:56,TLKM,RG,3640,1,F,BB,PD,D
14:32:56,TLKM,RG,3640,1,F,BB,DX,D
14:32:56,TLKM,RG,3640,500,F,BB,CC,D
14:32:56,TLKM,RG,3640,1,F,BB,DX,D
14:32:56,TLKM,RG,3640,30,F,BB,ZP,D
14:32:56,TLKM,RG,3640,200,F,BB,CC,D
14:32:56,TLKM,RG,3640,1,F,BB,CC,D
14:32:56,TLKM,RG,3640,15,F,BB,PD,D
14:32:56,TLKM,RG,3640,200,F,BB,AI,D
14:32:56,TLKM,RG,3640,155,F,BB,NI,D
14:32:56,TLKM,RG,3640,40,F,BB,CC,D
14:32:56,TLKM,RG,3640,2,F,BB,PD,D
14:32:56,TLKM,RG,3640,500,F,BB,HP,D
14:32:56,TLKM,RG,3640,2336,F,BB,RX,D
14:32:51,TLKM,RG,3630,13,F,AK,YU,D
14:32:51,TLKM,RG,3630,3,F,AK,YU,D
14:32:49,TLKM,RG,3630,1,F,AK,RG,D
14:32:38,TLKM,RG,3640,40,F,DX,RX,D
14:32:33,TLKM,RG,3640,581,D,CS,RX,D
14:32:30,TLKM,RG,3630,304,F,AK,YU,D
14:32:30,TLKM,RG,3630,285,F,AK,YU,D
14:32:27,TLKM,RG,3630,5,F,AK,XC,D
14:32:24,TLKM,RG,3630,333,F,AK,BK,F
14:32:14,TLKM,RG,3640,2,D,XC,RX,D
14:32:09,TLKM,RG,3630,9,F,AK,OD,D
14:32:04,TLKM,RG,3630,1,F,AK,XC,D
14:31:58,TLKM,RG,3640,38,F,AK,RX,D
14:31:56,TLKM,RG,3640,557,F,AK,RX,D
14:31:43,TLKM,RG,3630,268,F,AK,BK,F
14:31:39,TLKM,RG,3630,30,F,AK,BB,D
14:31:37,TLKM,RG,3640,20,D,YP,RX,D
14:31:33,TLKM,RG,3630,11,F,AK,DX,D
14:31:30,TLKM,RG,3630,93,F,AK,BB,D
14:31:30,TLKM,RG,3630,4,F,AK,AK,F
14:31:27,TLKM,RG,3630,7,F,AK,XC,D
14:31:24,TLKM,RG,3630,30,F,AK,KK,D
14:31:24,TLKM,RG,3630,145,F,AK,BK,F
14:31:10,TLKM,RG,3630,1,F,AK,PD,D
14:31:09,TLKM,RG,3630,10,F,AK,OD,D
14:30:51,TLKM,RG,3630,189,F,AK,BK,F
14:30:37,TLKM,RG,3640,2,D,XC,RX,D
14:30:35,TLKM,RG,3640,10,D,KK,RX,D
14:30:31,TLKM,RG,3640,5,D,SQ,RX,D
14:30:16,TLKM,RG,3640,1,D,PD,RX,D
14:30:05,TLKM,RG,3630,10,F,AK,OD,D
14:30:03,TLKM,RG,3640,349,F,AK,RX,D
14:30:02,TLKM,RG,3630,348,F,AK,BK,F
14:30:01,TLKM,RG,3630,13,F,AK,YU,D
14:30:01,TLKM,RG,3630,151,F,AK,YU,D
14:30:01,TLKM,RG,3630,1,D,EP,YU,D
14:30:01,TLKM,RG,3630,98,D,CS,YU,D
14:30:01,TLKM,RG,3630,1,D,XC,YU,D
14:30:01,TLKM,RG,3630,20,D,DH,YU,D
14:30:01,TLKM,RG,3630,42,F,DX,YU,D
14:30:01,TLKM,RG,3630,3,F,DX,YU,D
14:30:01,TLKM,RG,3630,5,F,DX,YU,D
14:30:01,TLKM,RG,3630,1,D,XC,YU,D
14:30:01,TLKM,RG,3630,1,D,XC,YU,D
14:30:01,TLKM,RG,3630,314,F,BB,YU,D
14:30:00,TLKM,RG,3640,4,D,KK,RX,D
14:30:00,TLKM,RG,3640,1,D,KK,RX,D
14:30:00,TLKM,RG,3640,1,D,KK,RX,D
14:30:00,TLKM,RG,3640,1,D,KK,RX,D
14:30:00,TLKM,RG,3640,1,D,KK,RX,D
14:29:53,TLKM,RG,3640,1,D,PD,RX,D
14:29:38,TLKM,RG,3640,252,F,DP,RX,D
14:29:18,TLKM,RG,3630,96,F,BB,BB,D
14:29:05,TLKM,RG,3630,357,F,BB,BK,F
14:29:03,TLKM,RG,3630,10,F,BB,OD,D
14:29:02,TLKM,RG,3640,526,D,CS,RX,D
14:28:56,TLKM,RG,3630,10,F,BB,DX,D
14:28:52,TLKM,RG,3640,40,D,XC,RX,D
14:28:51,TLKM,RG,3630,1,F,BB,EP,D
14:28:49,TLKM,RG,3630,30,F,BB,BB,D
14:28:45,TLKM,RG,3630,140,F,BB,BK,F
14:28:40,TLKM,RG,3640,3,D,NI,RX,D
14:28:30,TLKM,RG,3630,500,F,BB,CC,D
14:28:26,TLKM,RG,3630,31,F,BB,AK,F
14:28:26,TLKM,RG,3630,38,F,BB,AK,F
14:28:25,TLKM,RG,3640,4,D,PD,RX,D
14:28:18,TLKM,RG,3640,225,F,AK,RX,D
14:28:18,TLKM,RG,3640,78,F,AK,BK,F
14:28:17,TLKM,RG,3630,11,F,BB,CC,D
14:28:14,TLKM,RG,3630,500,F,BB,CC,D
14:28:03,TLKM,RG,3630,9,F,BB,OD,D
14:27:43,TLKM,RG,3630,1,F,BB,SQ,D
14:27:41,TLKM,RG,3640,41,F,DX,BK,F
14:27:37,TLKM,RG,3630,3,F,BB,AK,F
14:27:35,TLKM,RG,3630,5,F,BB,CC,D
14:27:32,TLKM,RG,3630,5,F,BB,YP,D
14:27:21,TLKM,RG,3630,1,F,BB,XC,D
14:27:07,TLKM,RG,3630,20,F,BB,PD,D
14:27:06,TLKM,RG,3630,1,F,BB,NI,D
14:27:05,TLKM,RG,3630,12,F,BB,OD,D
14:27:00,TLKM,RG,3630,96,F,BB,BB,D
14:26:53,TLKM,RG,3630,10,F,BB,NI,D
14:26:49,TLKM,RG,3630,10,F,BB,XC,D
14:26:46,TLKM,RG,3630,5,F,BB,DH,D
14:26:45,TLKM,RG,3630,546,F,BB,YP,D
14:26:45,TLKM,RG,3640,20,F,AK,BK,F
14:26:45,TLKM,RG,3630,100,F,BB,AI,D
14:26:30,TLKM,RG,3640,109,F,AK,BK,F
14:26:20,TLKM,RG,3630,11,F,BB,DX,D
14:26:20,TLKM,RG,3630,1,F,BB,NI,D
14:26:06,TLKM,RG,3630,30,F,BB,BB,D
14:26:05,TLKM,RG,3630,11,F,BB,OD,D
14:26:01,TLKM,RG,3640,1,D,XC,BK,F
14:26:00,TLKM,RG,3630,271,F,BB,YU,D
14:26:00,TLKM,RG,3630,307,F,BB,YU,D
14:26:00,TLKM,RG,3630,14,F,BB,YU,D
14:26:00,TLKM,RG,3630,4,F,BB,YU,D
14:25:52,TLKM,RG,3640,5,D,PD,BK,F
14:25:30,TLKM,RG,3630,2,F,BB,PD,D
14:25:26,TLKM,RG,3640,108,F,AK,BK,F
14:25:26,TLKM,RG,3640,195,F,AK,BK,F
14:25:25,TLKM,RG,3640,2,D,PD,BK,F
14:25:06,TLKM,RG,3640,122,F,AK,BK,F
14:25:05,TLKM,RG,3630,9,F,BB,OD,D
14:24:58,TLKM,RG,3640,1,D,YP,BK,F
14:24:42,TLKM,RG,3630,92,F,BB,BB,D
14:24:42,TLKM,RG,3640,3,D,XC,BK,F
14:24:42,TLKM,RG,3630,1,F,BB,CP,D
14:24:28,TLKM,RG,3640,8,D,SQ,BK,F
14:24:03,TLKM,RG,3630,12,F,BB,OD,D
14:24:00,TLKM,RG,3630,50,F,BB,YP,D
14:23:51,TLKM,RG,3630,11,F,BB,DX,D
14:23:45,TLKM,RG,3640,50,D,YP,BK,F
14:23:40,TLKM,RG,3640,4,D,XC,BK,F
14:23:37,TLKM,RG,3630,1,F,BB,EP,D
14:23:34,TLKM,RG,3630,100,F,BB,IF,D
14:23:26,TLKM,RG,3630,4,F,BB,PD,D
14:23:25,TLKM,RG,3640,1,D,XC,BK,F
14:23:22,TLKM,RG,3630,29,F,BB,BB,D
14:23:21,TLKM,RG,3630,1000,F,BB,CC,D
14:23:06,TLKM,RG,3640,99,D,XL,BK,F
14:23:01,TLKM,RG,3630,10,F,BB,OD,D
14:22:58,TLKM,RG,3630,168,F,BB,SQ,D
14:22:58,TLKM,RG,3630,32,F,CS,SQ,D
14:22:56,TLKM,RG,3630,1,F,CS,DX,D
14:22:43,TLKM,RG,3630,72,F,CS,GR,D
14:22:31,TLKM,RG,3630,10,F,CS,DX,D
14:22:30,TLKM,RG,3630,103,F,CS,BB,D
14:22:15,TLKM,RG,3630,1,D,XC,AK,F
14:22:15,TLKM,RG,3630,10,D,DX,AK,F
14:22:15,TLKM,RG,3630,289,F,CS,AK,F
14:22:15,TLKM,RG,3630,1351,F,AK,AK,F
14:22:14,TLKM,RG,3630,930,F,AK,AK,F
14:22:14,TLKM,RG,3630,2,D,YP,AK,F
14:22:14,TLKM,RG,3630,11,D,CS,AK,F
14:22:14,TLKM,RG,3630,43,D,CS,AK,F
14:22:14,TLKM,RG,3630,13,D,XC,AK,F
14:22:14,TLKM,RG,3630,3,D,PD,AK,F
14:22:14,TLKM,RG,3630,1,D,XC,AK,F
14:22:14,TLKM,RG,3630,250,F,ZP,AK,F
14:22:14,TLKM,RG,3630,1,D,XC,AK,F
14:22:14,TLKM,RG,3630,1,D,XC,AK,F
14:22:14,TLKM,RG,3630,1,D,PD,AK,F
14:22:14,TLKM,RG,3630,5,D,XC,AK,F
14:22:14,TLKM,RG,3630,3,D,NI,AK,F
14:22:14,TLKM,RG,3630,10,D,AZ,AK,F
14:22:14,TLKM,RG,3630,264,D,CS,AK,F
14:22:14,TLKM,RG,3630,5,D,XC,AK,F
14:22:14,TLKM,RG,3630,5,D,CC,AK,F
14:22:14,TLKM,RG,3630,3,D,CC,AK,F
14:22:14,TLKM,RG,3630,1,D,XC,AK,F
14:22:14,TLKM,RG,3630,5,D,YP,AK,F
14:22:14,TLKM,RG,3630,2,D,XC,AK,F
14:22:14,TLKM,RG,3630,1,D,XC,AK,F
14:22:14,TLKM,RG,3630,2,D,XC,AK,F
14:22:14,TLKM,RG,3630,2,D,PD,AK,F
14:22:14,TLKM,RG,3630,5,D,XC,AK,F
14:22:14,TLKM,RG,3630,1,D,NI,AK,F
14:22:14,TLKM,RG,3630,76,F,AK,AK,F
14:22:14,TLKM,RG,3630,1,D,PD,AK,F
14:22:14,TLKM,RG,3630,34,D,CS,AK,F
14:22:14,TLKM,RG,3630,7,F,AK,AK,F
14:22:14,TLKM,RG,3630,109,F,AK,AK,F
14:22:14,TLKM,RG,3630,3,D,CS,AK,F
14:22:14,TLKM,RG,3630,550,D,EP,AK,F
14:22:14,TLKM,RG,3630,1,D,XC,AK,F
14:22:14,TLKM,RG,3630,3,D,XC,AK,F
14:22:14,TLKM,RG,3630,10,D,PD,AK,F
14:22:14,TLKM,RG,3630,127,D,PD,AK,F
14:22:14,TLKM,RG,3630,9,D,PD,AK,F
14:22:13,TLKM,RG,3630,34,D,PD,AK,F
14:22:13,TLKM,RG,3630,50,D,CC,AK,F
14:22:13,TLKM,RG,3630,277,F,CS,AK,F
14:22:13,TLKM,RG,3630,312,D,CS,AK,F
14:22:13,TLKM,RG,3630,100,D,AT,AK,F
14:22:13,TLKM,RG,3630,100,D,CC,AK,F
14:22:13,TLKM,RG,3630,5,D,NI,AK,F
14:22:13,TLKM,RG,3630,1,D,XC,AK,F
14:22:13,TLKM,RG,3630,1,D,XC,AK,F
14:22:13,TLKM,RG,3630,10,D,XC,AK,F
14:22:13,TLKM,RG,3630,12,D,YP,AK,F
14:22:13,TLKM,RG,3630,1,D,XC,AK,F
14:22:13,TLKM,RG,3630,2,D,XC,AK,F
14:22:13,TLKM,RG,3630,1,D,XC,AK,F
14:22:13,TLKM,RG,3630,1,D,XC,AK,F
14:22:13,TLKM,RG,3630,2,D,XC,AK,F
14:22:13,TLKM,RG,3630,3,D,CC,AK,F
14:22:13,TLKM,RG,3630,1,D,YP,AK,F
14:22:13,TLKM,RG,3630,12,D,EP,AK,F
14:22:13,TLKM,RG,3630,2,D,PD,AK,F
14:22:13,TLKM,RG,3630,1,D,XC,AK,F
14:22:13,TLKM,RG,3630,534,F,DP,AK,F
14:22:13,TLKM,RG,3630,2,D,YB,AK,F
14:22:13,TLKM,RG,3630,149,D,CS,AK,F
14:22:13,TLKM,RG,3630,7,D,YU,AK,F
14:22:13,TLKM,RG,3630,10,D,PD,AK,F
14:22:13,TLKM,RG,3630,10,D,PD,AK,F
14:22:13,TLKM,RG,3630,5,D,YP,AK,F
14:22:13,TLKM,RG,3630,15,D,PD,AK,F
14:22:13,TLKM,RG,3630,276,D,XC,AK,F
14:22:13,TLKM,RG,3630,1,D,CC,AK,F
14:22:13,TLKM,RG,3630,20,D,YP,AK,F
14:22:13,TLKM,RG,3630,56,D,PD,AK,F
14:22:13,TLKM,RG,3630,5,D,KK,AK,F
14:22:13,TLKM,RG,3630,10,D,GR,AK,F
14:22:13,TLKM,RG,3630,200,D,YP,AK,F
14:22:13,TLKM,RG,3630,10,D,YP,AK,F
14:22:13,TLKM,RG,3630,50,D,KK,AK,F
14:22:13,TLKM,RG,3630,3,D,CC,AK,F
14:22:13,TLKM,RG,3630,4,D,XL,AK,F
14:22:13,TLKM,RG,3630,205,F,AK,AK,F
14:22:03,TLKM,RG,3630,1,F,AK,XC,D
14:22:01,TLKM,RG,3630,2241,F,AK,AK,F
14:22:01,TLKM,RG,3630,200,D,AZ,AK,F
14:22:01,TLKM,RG,3630,53,F,DX,AK,F
14:22:01,TLKM,RG,3630,6,D,CS,AK,F
14:22:00,TLKM,RG,3630,9,D,CS,OD,D
14:22:00,TLKM,RG,3630,3,D,CS,YU,D
14:22:00,TLKM,RG,3630,8,D,CS,YU,D
14:22:00,TLKM,RG,3630,204,D,CS,YU,D
14:22:00,TLKM,RG,3630,83,D,DR,YU,D
14:22:00,TLKM,RG,3630,14,D,DR,YU,D
14:22:00,TLKM,RG,3630,316,D,DR,YU,D
14:21:57,TLKM,RG,3640,1,D,YU,BK,F
14:21:47,TLKM,RG,3630,15,D,DR,GR,D
14:21:45,TLKM,RG,3630,7,D,DR,KK,D
14:21:31,TLKM,RG,3640,1,D,YU,BK,F
14:21:26,TLKM,RG,3630,1,D,DR,XC,D
14:21:24,TLKM,RG,3640,5,D,XC,BK,F
14:21:14,TLKM,RG,3630,13,D,DR,DX,D
14:21:02,TLKM,RG,3630,8,D,DR,OD,D
14:21:00,TLKM,RG,3630,2,D,DR,YP,D
14:21:00,TLKM,RG,3630,27,D,DR,NI,D
14:21:00,TLKM,RG,3640,39,F,DX,BK,F
14:20:56,TLKM,RG,3640,207,F,DP,BK,F
14:20:46,TLKM,RG,3630,10,D,DR,CP,D
14:20:41,TLKM,RG,3630,14,D,DR,BB,D
14:20:30,TLKM,RG,3630,1,D,DR,XC,D
14:20:14,TLKM,RG,3630,20,D,DR,PD,D
14:20:12,TLKM,RG,3640,1,D,PD,BK,F
14:20:04,TLKM,RG,3630,9,D,DR,PD,D
14:20:03,TLKM,RG,3630,99,D,DR,BB,D
14:20:02,TLKM,RG,3630,11,D,DR,OD,D
14:20:02,TLKM,RG,3640,1,D,XC,BK,F
14:20:00,TLKM,RG,3630,38,D,DR,KK,D
14:19:59,TLKM,RG,3630,10,D,DR,PD,D
14:19:40,TLKM,RG,3630,15,D,DR,NI,D
14:19:18,TLKM,RG,3630,65,D,DR,NI,D
14:19:17,TLKM,RG,3640,1,D,XC,BK,F
14:19:15,TLKM,RG,3640,28,F,AK,BK,F
14:19:02,TLKM,RG,3640,41,F,DX,BK,F
14:19:01,TLKM,RG,3630,18,D,DR,EP,D
14:19:00,TLKM,RG,3630,11,D,DR,OD,D
14:18:50,TLKM,RG,3640,60,D,YU,BK,F
14:18:37,TLKM,RG,3630,11,D,DR,DX,D
14:18:37,TLKM,RG,3630,4,D,DR,LG,D
14:18:30,TLKM,RG,3630,1,D,DR,CC,D
14:18:29,TLKM,RG,3630,3,D,DR,DH,D
14:18:14,TLKM,RG,3630,27,D,DR,XC,D
14:18:03,TLKM,RG,3630,10,D,DR,OD,D
14:17:47,TLKM,RG,3630,70,D,DR,PD,D
14:17:42,TLKM,RG,3630,5,D,DR,NI,D
14:17:41,TLKM,RG,3630,33,D,DR,BB,D
14:17:12,TLKM,RG,3640,1,D,XC,BK,F
14:17:09,TLKM,RG,3640,2,D,XC,BK,F
14:17:06,TLKM,RG,3640,10,D,XC,BK,F
14:17:00,TLKM,RG,3630,11,D,DR,OD,D
14:16:59,TLKM,RG,3630,30,D,DR,PD,D
14:16:43,TLKM,RG,3640,1,D,XC,BK,F
14:16:42,TLKM,RG,3630,50,D,DR,YB,D
14:16:42,TLKM,RG,3640,1,D,OD,BK,F
14:16:38,TLKM,RG,3640,15,D,PD,BK,F
14:16:29,TLKM,RG,3640,1,D,XC,BK,F
14:16:27,TLKM,RG,3640,2,D,CC,BK,F
14:16:08,TLKM,RG,3640,137,D,YP,BK,F
14:16:00,TLKM,RG,3630,9,D,DR,OD,D
14:15:51,TLKM,RG,3630,1,D,DR,EP,D
14:15:45,TLKM,RG,3630,30,D,DR,CP,D
14:15:45,TLKM,RG,3630,1,D,DR,XC,D
14:15:33,TLKM,RG,3640,1,D,XC,BK,F
14:15:27,TLKM,RG,3630,4,D,DR,BB,D
14:15:22,TLKM,RG,3630,3,D,DR,XC,D
14:15:05,TLKM,RG,3630,4,D,DR,PD,D
14:15:00,TLKM,RG,3630,22,D,DR,CS,F
14:15:00,TLKM,RG,3630,15,D,DR,CS,F
14:15:00,TLKM,RG,3630,32,D,DR,CS,F
14:15:00,TLKM,RG,3630,17,D,DR,CS,F
14:15:00,TLKM,RG,3630,40,D,DR,CP,D
14:15:00,TLKM,RG,3630,58,D,DR,RX,F
14:15:00,TLKM,RG,3630,1,D,DR,XC,D
14:15:00,TLKM,RG,3630,277,D,DR,BK,F
14:15:00,TLKM,RG,3630,7,D,DR,OD,D
14:15:00,TLKM,RG,3630,168,D,DR,YU,D
14:15:00,TLKM,RG,3630,1,D,DR,YU,D
14:15:00,TLKM,RG,3630,6,D,DR,YU,D
14:15:00,TLKM,RG,3630,153,D,DR,YU,D
14:15:00,TLKM,RG,3630,11,D,DR,DX,D
14:15:00,TLKM,RG,3630,271,D,DR,BK,F
14:15:00,TLKM,RG,3630,1,D,DR,DX,D
14:15:00,TLKM,RG,3630,68,D,DR,YP,D
14:15:00,TLKM,RG,3630,2,D,DR,NI,D
14:15:00,TLKM,RG,3630,50,D,DR,CC,D
14:15:00,TLKM,RG,3630,138,D,DR,YU,D
14:15:00,TLKM,RG,3630,151,D,DR,YU,D
14:15:00,TLKM,RG,3630,7,D,DR,YU,D
14:15:00,TLKM,RG,3630,2,D,DR,YU,D
14:15:00,TLKM,RG,3630,261,D,DR,BK,F
14:15:00,TLKM,RG,3630,5,D,DR,CC,D
14:15:00,TLKM,RG,3630,3,D,DR,PD,D
14:15:00,TLKM,RG,3630,264,D,DR,BK,F
14:15:00,TLKM,RG,3630,10,D,DR,PD,D
14:15:00,TLKM,RG,3630,1,D,DR,XC,D
14:15:00,TLKM,RG,3630,1,D,DR,DX,D
14:15:00,TLKM,RG,3630,6,D,DR,YU,D
14:15:00,TLKM,RG,3630,1,D,DR,YU,D
14:15:00,TLKM,RG,3630,162,D,DR,YU,D
14:15:00,TLKM,RG,3630,170,D,DR,YU,D
14:15:00,TLKM,RG,3630,1,D,DR,XC,D
14:15:00,TLKM,RG,3630,7,D,DR,NI,D
14:15:00,TLKM,RG,3630,32,D,DR,BB,D
14:15:00,TLKM,RG,3630,6,D,DR,CS,F
14:15:00,TLKM,RG,3630,11,D,DR,CS,F
14:15:00,TLKM,RG,3630,6,D,DR,CS,F
14:15:00,TLKM,RG,3630,15,D,DR,CS,F
14:15:00,TLKM,RG,3630,2,D,DR,CS,F
14:15:00,TLKM,RG,3630,2,D,DR,PD,D
14:15:00,TLKM,RG,3630,2,D,DR,ZP,D
14:15:00,TLKM,RG,3630,9,D,DR,AK,F
14:15:00,TLKM,RG,3630,1,D,DR,AK,F
14:15:00,TLKM,RG,3630,38,D,DR,AK,F
14:15:00,TLKM,RG,3630,1372,D,DR,CS,F
14:14:54,TLKM,RG,3630,53,D,YP,CS,F
14:14:54,TLKM,RG,3630,47,D,YP,BK,F
14:14:48,TLKM,RG,3630,484,F,AK,BK,F
14:14:47,TLKM,RG,3620,2,D,DR,XC,D
14:14:36,TLKM,RG,3620,32,D,DR,BB,D
14:14:36,TLKM,RG,3620,2,D,DR,PD,D
14:14:26,TLKM,RG,3620,35,D,DR,SQ,D
14:14:20,TLKM,RG,3630,40,D,PD,BK,F
14:14:20,TLKM,RG,3620,1,D,DR,EP,D
14:14:12,TLKM,RG,3620,27,D,DR,PD,D
14:14:09,TLKM,RG,3630,6,D,XC,BK,F
14:14:04,TLKM,RG,3630,1,D,GR,BK,F
14:13:57,TLKM,RG,3620,8,D,DR,OD,D
14:13:50,TLKM,RG,3620,32,D,DR,BB,D
14:13:35,TLKM,RG,3620,1,D,DR,XC,D
14:13:32,TLKM,RG,3630,2,D,CC,BK,F
14:13:32,TLKM,RG,3620,15,D,DR,CC,D
14:13:32,TLKM,RG,3620,11,D,DR,DX,D
14:13:15,TLKM,RG,3620,6,D,DR,PD,D
14:13:03,TLKM,RG,3620,35,D,DR,BB,D
14:12:57,TLKM,RG,3620,3,D,DR,OD,D
14:12:57,TLKM,RG,3620,4,D,TP,OD,D
14:12:47,TLKM,RG,3620,1,D,TP,CC,D
14:12:40,TLKM,RG,3620,22,D,TP,RF,D
14:12:40,TLKM,RG,3620,78,F,BB,RF,D
14:12:28,TLKM,RG,3630,1,D,NI,BK,F
14:12:21,TLKM,RG,3630,10,D,PD,BK,F
14:12:18,TLKM,RG,3620,1,F,BB,XC,D
14:12:13,TLKM,RG,3620,38,F,BB,BB,D
14:12:10,TLKM,RG,3630,1,D,XC,BK,F
14:11:59,TLKM,RG,3630,180,D,NI,BK,F
14:11:59,TLKM,RG,3630,7,D,NI,CS,F
14:11:59,TLKM,RG,3630,8,D,NI,CS,F
14:11:59,TLKM,RG,3630,105,D,NI,YU,D
14:11:58,TLKM,RG,3620,8,F,BB,OD,D
14:11:53,TLKM,RG,3620,1,F,BB,XC,D
14:11:45,TLKM,RG,3620,254,F,BB,CC,D
14:11:45,TLKM,RG,3620,9,D,XC,CC,D
14:11:45,TLKM,RG,3620,10,D,EP,CC,D
14:11:45,TLKM,RG,3620,2,D,XC,CC,D
14:11:45,TLKM,RG,3620,3,D,NI,CC,D
14:11:45,TLKM,RG,3620,5,D,YP,CC,D
14:11:45,TLKM,RG,3620,100,D,YP,CC,D
14:11:45,TLKM,RG,3620,5,D,YP,CC,D
14:11:45,TLKM,RG,3620,287,D,CS,CC,D
14:11:45,TLKM,RG,3620,2,D,CC,CC,D
14:11:45,TLKM,RG,3620,5,D,KK,CC,D
14:11:45,TLKM,RG,3620,1,D,YU,CC,D
14:11:45,TLKM,RG,3620,2,D,PD,CC,D
14:11:45,TLKM,RG,3620,1,D,XL,CC,D
14:11:45,TLKM,RG,3620,13,D,IF,CC,D
14:11:45,TLKM,RG,3620,191,F,BB,CC,D
14:11:45,TLKM,RG,3620,3,D,XC,CC,D
14:11:45,TLKM,RG,3620,3,D,XC,CC,D
14:11:45,TLKM,RG,3620,3,D,CC,CC,D
14:11:45,TLKM,RG,3620,15,D,PD,CC,D
14:11:45,TLKM,RG,3620,53,D,ZP,CC,D
14:11:45,TLKM,RG,3620,100,D,AI,CC,D
14:11:45,TLKM,RG,3620,5,D,PD,CC,D
14:11:45,TLKM,RG,3620,29,D,XC,CC,D
14:11:45,TLKM,RG,3620,100,D,SQ,CC,D
14:11:45,TLKM,RG,3620,15,D,EP,CC,D
14:11:45,TLKM,RG,3620,1,D,NI,CC,D
14:11:45,TLKM,RG,3620,1,D,GR,CC,D
14:11:45,TLKM,RG,3620,100,D,PD,CC,D
14:11:45,TLKM,RG,3620,70,D,CP,CC,D
14:11:45,TLKM,RG,3620,1,D,YP,CC,D
14:11:45,TLKM,RG,3620,25,D,YP,CC,D
14:11:45,TLKM,RG,3620,86,F,BB,CC,D
14:11:19,TLKM,RG,3620,38,F,BB,BB,D
14:11:18,TLKM,RG,3620,494,F,BB,LG,D
14:11:18,TLKM,RG,3620,1,D,NI,LG,D
14:11:18,TLKM,RG,3620,20,D,CC,LG,D
14:11:18,TLKM,RG,3620,10,D,CC,LG,D
14:11:18,TLKM,RG,3620,43,D,PD,LG,D
14:11:18,TLKM,RG,3620,127,D,PD,LG,D
14:11:18,TLKM,RG,3620,5,D,XC,LG,D
14:11:18,TLKM,RG,3620,10,D,CC,LG,D
14:11:18,TLKM,RG,3620,100,D,CC,LG,D
14:11:18,TLKM,RG,3620,10,D,OD,LG,D
14:11:18,TLKM,RG,3620,49,F,DX,LG,D
14:11:18,TLKM,RG,3620,2,D,CC,LG,D
14:11:18,TLKM,RG,3620,20,D,CS,LG,D
14:11:03,TLKM,RG,3620,1,D,CS,XC,D
14:11:00,TLKM,RG,3620,7,D,CS,OD,D
14:11:00,TLKM,RG,3630,10,D,XC,YU,D
14:11:00,TLKM,RG,3620,17,D,CS,PD,D
14:10:59,TLKM,RG,3620,12,D,CS,DX,D
14:10:56,TLKM,RG,3620,135,D,CS,EP,D
14:10:56,TLKM,RG,3620,1,D,XC,EP,D
14:10:56,TLKM,RG,3620,1,D,YB,EP,D
14:10:56,TLKM,RG,3620,7,D,CP,EP,D
14:10:49,TLKM,RG,3620,25,D,CP,KK,D
14:10:48,TLKM,RG,3630,33,D,PD,YU,D
14:10:48,TLKM,RG,3630,104,D,PD,YU,D
14:10:48,TLKM,RG,3620,2,D,CP,PD,D
14:10:46,TLKM,RG,3620,18,D,CP,PD,D
14:10:46,TLKM,RG,3620,4,D,CP,ZP,D
14:10:43,TLKM,RG,3620,2,D,CP,XC,D
14:10:41,TLKM,RG,3620,1,D,CP,CC,D
14:10:40,TLKM,RG,3620,8,D,CP,ZP,D
14:10:35,TLKM,RG,3620,33,D,CP,KI,D
14:10:35,TLKM,RG,3620,100,D,YP,KI,D
14:10:35,TLKM,RG,3620,25,D,CC,KI,D
14:10:35,TLKM,RG,3620,9,D,EP,KI,D
14:10:35,TLKM,RG,3620,5,D,KK,KI,D
14:10:35,TLKM,RG,3620,2,D,CC,KI,D
14:10:35,TLKM,RG,3620,10,D,CC,KI,D
14:10:35,TLKM,RG,3620,94,F,BB,KI,D
14:10:35,TLKM,RG,3620,19,D,GR,KI,D
14:10:35,TLKM,RG,3620,1,D,XC,KI,D
14:10:35,TLKM,RG,3620,2,D,XC,KI,D
14:10:35,TLKM,RG,3620,100,D,AT,KI,D
14:10:35,TLKM,RG,3620,5,D,XC,KI,D
14:10:35,TLKM,RG,3620,100,D,YU,KI,D
14:10:35,TLKM,RG,3620,3,D,PD,KI,D
14:10:35,TLKM,RG,3620,1,D,YJ,KI,D
14:10:35,TLKM,RG,3620,500,D,YU,KI,D
14:10:35,TLKM,RG,3620,25,D,PD,KI,D
14:10:35,TLKM,RG,3620,2,D,YP,KI,D
14:10:35,TLKM,RG,3620,5,D,PD,KI,D
14:10:35,TLKM,RG,3620,10,D,CC,KI,D
14:10:35,TLKM,RG,3620,413,D,YP,KI,D
14:10:31,TLKM,RG,3630,6,D,YP,YU,D
14:10:29,TLKM,RG,3620,10,D,YP,YP,D
14:10:25,TLKM,RG,3620,32,D,YP,BB,D
14:10:25,TLKM,RG,3620,2,D,YP,AT,D
14:10:19,TLKM,RG,3620,3,D,YP,YP,D
14:10:02,TLKM,RG,3620,9,D,YP,OD,D
14:09:51,TLKM,RG,3620,31,D,YP,LG,D
14:09:51,TLKM,RG,3620,29,D,OD,LG,D
14:09:47,TLKM,RG,3620,1,D,OD,GR,D
14:09:41,TLKM,RG,3620,4,D,YP,CC,D
14:09:39,TLKM,RG,3620,16,D,YP,BB,D
14:09:39,TLKM,RG,3620,4,D,CS,BB,D
14:09:39,TLKM,RG,3620,10,D,NI,BB,D
14:09:39,TLKM,RG,3620,4,D,CC,BB,D
14:09:37,TLKM,RG,3620,1,D,CC,PD,D
14:09:37,TLKM,RG,3620,9,D,YP,PD,D
14:08:54,TLKM,RG,3620,5,D,YP,XC,D
14:08:52,TLKM,RG,3620,10,D,YP,BQ,D
14:08:52,TLKM,RG,3620,2,D,YP,CC,D
14:08:50,TLKM,RG,3620,5,D,YP,BB,D
14:08:48,TLKM,RG,3620,20,D,YP,NI,D
14:08:40,TLKM,RG,3620,1,D,YP,YP,D
14:08:38,TLKM,RG,3620,1,D,YP,XC,D
14:08:36,TLKM,RG,3620,3,D,YP,CS,F
14:08:36,TLKM,RG,3620,19,D,YP,CS,F
14:08:36,TLKM,RG,3620,35,D,YP,BB,D
14:08:36,TLKM,RG,3620,4,D,YP,CS,F
14:08:36,TLKM,RG,3620,15,D,YP,CS,F
14:08:36,TLKM,RG,3620,4,D,YP,CS,F
14:08:36,TLKM,RG,3620,55,D,YP,CC,D
14:08:36,TLKM,RG,3620,56,D,YP,YP,D
14:08:36,TLKM,RG,3620,5,D,YP,XC,D
14:08:36,TLKM,RG,3620,1,D,YP,DX,D
14:08:34,TLKM,RG,3620,144,F,AK,RX,F
14:08:34,TLKM,RG,3620,175,F,AK,YU,D
14:08:34,TLKM,RG,3620,141,F,AK,YU,D
14:08:34,TLKM,RG,3620,37,F,AK,BK,F
14:08:34,TLKM,RG,3620,3,F,AK,CC,D
14:08:34,TLKM,RG,3620,29,F,AK,LG,D
14:08:34,TLKM,RG,3620,7,F,AK,OD,D
14:08:34,TLKM,RG,3620,270,F,AK,BB,D
14:08:34,TLKM,RG,3620,3,F,AK,CS,F
14:08:34,TLKM,RG,3620,14,F,AK,CS,F
14:08:34,TLKM,RG,3620,9,F,AK,AK,F
14:08:34,TLKM,RG,3620,33,F,AK,AK,F
14:08:34,TLKM,RG,3620,1,F,AK,AK,F
14:08:34,TLKM,RG,3620,4,F,AK,AK,F
14:08:34,TLKM,RG,3620,69,F,AK,BB,D
14:08:34,TLKM,RG,3620,12,F,AK,AK,F
14:08:34,TLKM,RG,3620,12,F,AK,AK,F
14:08:34,TLKM,RG,3620,1,F,AK,YU,D
14:08:34,TLKM,RG,3620,7,F,AK,YU,D
14:08:34,TLKM,RG,3620,854,F,AK,BK,F
14:08:31,TLKM,RG,3620,25,D,PD,BK,F
14:08:29,TLKM,RG,3620,5,D,XC,BK,F
14:08:28,TLKM,RG,3610,10,D,NI,DX,D
14:08:24,TLKM,RG,3620,9,F,AK,BK,F
14:08:21,TLKM,RG,3620,3,D,CC,BK,F
14:08:21,TLKM,RG,3620,10,D,CC,BK,F
14:08:17,TLKM,RG,3620,10,D,CC,BK,F
14:08:17,TLKM,RG,3620,5,D,YP,BK,F
14:08:15,TLKM,RG,3620,1,D,PD,BK,F
14:08:07,TLKM,RG,3620,5,D,XC,BK,F
14:08:06,TLKM,RG,3610,48,D,NI,BK,F
14:08:06,TLKM,RG,3610,21,D,PD,BK,F
14:08:04,TLKM,RG,3610,4,D,PD,BK,F
14:08:04,TLKM,RG,3610,20,D,SQ,BK,F
14:08:04,TLKM,RG,3610,3,D,BQ,BK,F
14:08:04,TLKM,RG,3610,5,D,DH,BK,F
14:08:04,TLKM,RG,3610,15,D,DH,BK,F
14:08:04,TLKM,RG,3610,97,D,NI,BK,F
14:08:03,TLKM,RG,3620,5,D,XC,BK,F
14:08:00,TLKM,RG,3620,1,F,AK,BK,F
14:08:00,TLKM,RG,3620,2766,F,AK,BK,F
14:08:00,TLKM,RG,3620,11,F,AK,CS,F
14:08:00,TLKM,RG,3620,1166,F,AK,BK,F
14:08:00,TLKM,RG,3620,4900,F,AK,AK,F
14:08:00,TLKM,RG,3620,8,F,AK,OD,D
14:08:00,TLKM,RG,3620,2,F,AK,YU,D
14:08:00,TLKM,RG,3620,7,F,AK,YU,D
14:08:00,TLKM,RG,3620,1950,F,AK,RX,D
14:07:59,TLKM,RG,3610,3,D,NI,BK,F
14:07:59,TLKM,RG,3610,2,D,PD,BK,F
14:07:59,TLKM,RG,3610,5,D,GR,BK,F
14:07:59,TLKM,RG,3610,33,D,YP,BK,F
14:07:59,TLKM,RG,3610,10,D,NI,BK,F
14:07:59,TLKM,RG,3610,1,D,YP,BK,F
14:07:59,TLKM,RG,3610,2,D,CC,BK,F
14:07:59,TLKM,RG,3610,20,D,YP,BK,F
14:07:59,TLKM,RG,3610,20,D,GR,BK,F
14:07:59,TLKM,RG,3610,10,D,CC,BK,F
14:07:59,TLKM,RG,3610,78,D,PD,BK,F
14:07:59,TLKM,RG,3620,1,D,XC,RX,D
14:07:56,TLKM,RG,3610,75,D,PD,CC,D
14:07:56,TLKM,RG,3620,2,D,PD,RX,D
14:07:56,TLKM,RG,3610,10,D,PD,PD,D
14:07:56,TLKM,RG,3610,40,D,PD,PD,D
14:07:55,TLKM,RG,3610,797,D,PD,BK,F
14:07:55,TLKM,RG,3610,1,D,PD,BK,F
14:07:55,TLKM,RG,3610,3,D,KK,BK,F
14:07:55,TLKM,RG,3610,1,D,PD,BK,F
14:07:55,TLKM,RG,3610,1,D,PD,BK,F
14:07:55,TLKM,RG,3610,10,D,PD,BK,F
14:07:55,TLKM,RG,3610,2,D,XC,BK,F
14:07:55,TLKM,RG,3610,10,D,PD,BK,F
14:07:55,TLKM,RG,3610,3,D,XL,BK,F
14:07:55,TLKM,RG,3610,100,D,TP,BK,F
14:07:55,TLKM,RG,3610,2,D,KK,BK,F
14:07:55,TLKM,RG,3620,411,F,BB,RX,D
14:07:54,TLKM,RG,3620,94,F,BB,RX,D
14:07:54,TLKM,RG,3620,20,D,YP,RX,D
14:07:54,TLKM,RG,3620,5,D,XC,RX,D
14:07:54,TLKM,RG,3620,50,D,YP,RX,D
14:07:54,TLKM,RG,3620,2,D,XC,RX,D
14:07:54,TLKM,RG,3620,530,F,BB,RX,D
14:07:54,TLKM,RG,3620,50,D,CC,RX,D
14:07:54,TLKM,RG,3620,1,D,PD,RX,D
14:07:54,TLKM,RG,3620,20,D,YP,RX,D
14:07:54,TLKM,RG,3620,1,D,XC,RX,D
14:07:54,TLKM,RG,3620,306,D,CS,RX,D
14:07:54,TLKM,RG,3620,3339,F,AK,RX,D
14:07:54,TLKM,RG,3620,2,D,XC,RX,D
14:07:54,TLKM,RG,3620,4,D,XC,RX,D
14:07:54,TLKM,RG,3620,10,D,LG,RX,D
14:07:54,TLKM,RG,3620,2,D,NI,RX,D
14:07:54,TLKM,RG,3620,1,D,XC,RX,D
14:07:54,TLKM,RG,3620,500,D,RF,RX,D
14:07:54,TLKM,RG,3620,10,D,PD,RX,D
14:07:54,TLKM,RG,3620,5,D,XC,RX,D
14:07:54,TLKM,RG,3620,1,D,XC,RX,D
14:07:54,TLKM,RG,3620,1,D,XC,RX,D
14:07:54,TLKM,RG,3620,20,D,YP,RX,D
14:07:54,TLKM,RG,3620,4,D,KK,RX,D
14:07:54,TLKM,RG,3620,200,D,YP,RX,D
14:07:54,TLKM,RG,3620,1,D,NI,RX,D
14:07:54,TLKM,RG,3620,2,D,PD,RX,D
14:07:54,TLKM,RG,3620,2,D,PD,RX,D
14:07:54,TLKM,RG,3620,2453,F,BB,RX,D
14:07:53,TLKM,RG,3620,5,F,BB,NI,D
14:07:46,TLKM,RG,3620,53,F,BB,BK,F
14:07:43,TLKM,RG,3620,2,F,BB,XC,D
14:07:42,TLKM,RG,3620,62,F,BB,BB,D
14:07:41,TLKM,RG,3630,60,F,DP,YU,D
14:07:41,TLKM,RG,3630,166,F,DP,YU,D
14:07:41,TLKM,RG,3630,7,F,DP,YU,D
14:07:41,TLKM,RG,3630,74,F,DP,YU,D
14:07:36,TLKM,RG,3620,5,F,BB,NI,D
14:07:31,TLKM,RG,3630,1,D,XC,YU,D
14:07:20,TLKM,RG,3620,41,F,BB,BK,F
14:07:16,TLKM,RG,3620,83,F,BB,BK,F
14:07:15,TLKM,RG,3630,1,D,XC,YU,D
14:07:15,TLKM,RG,3620,1,F,BB,YP,D
14:07:14,TLKM,RG,3620,50,F,BB,YP,D
14:07:14,TLKM,RG,3620,4,F,BB,CC,D
14:07:13,TLKM,RG,3620,608,F,BB,BK,F
14:07:10,TLKM,RG,3620,428,F,BB,AK,F
14:07:10,TLKM,RG,3620,259,F,AK,AK,F
14:07:10,TLKM,RG,3620,5,D,SQ,AK,F
14:07:10,TLKM,RG,3620,1,D,NI,AK,F
14:07:10,TLKM,RG,3620,5,D,SQ,AK,F
14:07:10,TLKM,RG,3620,1,D,XC,AK,F
14:07:10,TLKM,RG,3620,3,D,PD,AK,F
14:07:10,TLKM,RG,3620,20,D,KK,AK,F
14:07:10,TLKM,RG,3620,5,D,NI,AK,F
14:07:10,TLKM,RG,3620,2,D,YP,AK,F
14:07:10,TLKM,RG,3620,2,D,YP,AK,F
14:07:10,TLKM,RG,3620,20,D,CP,AK,F
14:07:10,TLKM,RG,3620,2,D,YP,AK,F
14:07:10,TLKM,RG,3620,2,D,YP,AK,F
14:07:10,TLKM,RG,3620,3,D,YP,AK,F
14:07:10,TLKM,RG,3620,25,D,DR,AK,F
14:07:10,TLKM,RG,3620,1,D,KK,AK,F
14:07:10,TLKM,RG,3620,1,D,PD,AK,F
14:07:10,TLKM,RG,3620,20,D,PD,AK,F
14:07:10,TLKM,RG,3620,2,D,XC,AK,F
14:07:10,TLKM,RG,3620,1,D,PD,AK,F
14:07:10,TLKM,RG,3620,829,F,BB,AK,F
14:07:10,TLKM,RG,3620,10,D,SQ,AK,F
14:07:10,TLKM,RG,3620,1,D,KK,AK,F
14:07:10,TLKM,RG,3620,20,D,LS,AK,F
14:07:10,TLKM,RG,3620,10,D,XC,AK,F
14:07:10,TLKM,RG,3620,2,D,NI,AK,F
14:07:10,TLKM,RG,3620,1,D,XC,AK,F
14:07:10,TLKM,RG,3620,5,D,YP,AK,F
14:07:10,TLKM,RG,3620,1,D,XC,AK,F
14:07:10,TLKM,RG,3620,1,D,CC,AK,F
14:07:10,TLKM,RG,3620,1,D,NI,AK,F
14:07:10,TLKM,RG,3620,1,D,DH,AK,F
14:07:10,TLKM,RG,3620,3,D,CC,AK,F
14:07:10,TLKM,RG,3620,3,D,YP,AK,F
14:07:10,TLKM,RG,3620,670,F,AK,AK,F
14:07:10,TLKM,RG,3620,1,D,XC,AK,F
14:07:10,TLKM,RG,3620,100,D,AZ,AK,F
14:07:10,TLKM,RG,3620,100,D,XC,AK,F
14:07:10,TLKM,RG,3620,10,D,GR,AK,F
14:07:10,TLKM,RG,3620,1,D,PD,AK,F
14:07:10,TLKM,RG,3620,10,D,CC,AK,F
14:07:10,TLKM,RG,3620,1,D,YP,AK,F
14:07:10,TLKM,RG,3620,1,D,NI,AK,F
14:07:10,TLKM,RG,3620,1000,D,CC,AK,F
14:07:10,TLKM,RG,3620,2,D,YP,AK,F
14:07:10,TLKM,RG,3620,1,D,IF,AK,F
14:07:10,TLKM,RG,3620,2,D,PD,AK,F
14:07:10,TLKM,RG,3620,20,D,YP,AK,F
14:07:10,TLKM,RG,3620,3,D,NI,AK,F
14:07:10,TLKM,RG,3620,55,D,PD,AK,F
14:07:10,TLKM,RG,3620,25,D,YP,AK,F
14:07:10,TLKM,RG,3620,100,D,SQ,AK,F
14:07:10,TLKM,RG,3620,500,D,YB,AK,F
14:07:10,TLKM,RG,3620,1,D,YP,AK,F
14:07:10,TLKM,RG,3620,1,D,XC,AK,F
14:07:10,TLKM,RG,3620,1,D,CC,AK,F
14:07:10,TLKM,RG,3620,2,D,CC,AK,F
14:07:10,TLKM,RG,3620,10,D,XA,AK,F
14:07:10,TLKM,RG,3620,5,D,EP,AK,F
14:07:10,TLKM,RG,3620,6,D,IF,AK,F
14:07:10,TLKM,RG,3620,25,D,GR,AK,F
14:07:10,TLKM,RG,3620,1,D,XC,AK,F
14:07:10,TLKM,RG,3620,1,D,PD,AK,F
14:07:10,TLKM,RG,3620,1,D,KK,AK,F
14:07:10,TLKM,RG,3620,1,D,XC,AK,F
14:07:10,TLKM,RG,3620,1,D,XL,AK,F
14:07:10,TLKM,RG,3620,3,D,PD,AK,F
14:07:10,TLKM,RG,3620,3,D,PD,AK,F
14:07:10,TLKM,RG,3620,3,D,NI,AK,F
14:07:10,TLKM,RG,3620,3,D,PD,AK,F
14:07:10,TLKM,RG,3620,10,D,YP,AK,F
14:07:10,TLKM,RG,3620,8,D,NI,AK,F
14:07:10,TLKM,RG,3620,1,D,DH,AK,F
14:07:10,TLKM,RG,3620,1,D,PD,AK,F
14:07:10,TLKM,RG,3620,5,D,CC,AK,F
14:07:10,TLKM,RG,3620,300,D,DH,AK,F
14:07:10,TLKM,RG,3620,25,D,DR,AK,F
14:07:10,TLKM,RG,3620,10,D,YP,AK,F
14:07:10,TLKM,RG,3620,10,D,DH,AK,F
14:07:10,TLKM,RG,3620,136,D,YP,AK,F
14:07:10,TLKM,RG,3620,10,D,LG,AK,F
14:07:10,TLKM,RG,3620,10,D,ZP,AK,F
14:07:10,TLKM,RG,3620,1,D,PD,AK,F
14:07:10,TLKM,RG,3620,3,D,PD,AK,F
14:07:10,TLKM,RG,3620,10,D,KK,AK,F
14:07:10,TLKM,RG,3620,1,D,YP,AK,F
14:07:10,TLKM,RG,3620,10,D,CC,AK,F
14:07:10,TLKM,RG,3620,5,D,PD,AK,F
14:07:10,TLKM,RG,3620,56,D,YP,AK,F
14:07:10,TLKM,RG,3620,22,D,CC,AK,F
14:07:09,TLKM,RG,3620,3,D,CC,BK,F
14:07:09,TLKM,RG,3620,35,D,YP,BK,F
14:07:06,TLKM,RG,3620,106,D,YP,CC,D
14:07:06,TLKM,RG,3620,44,D,YP,BK,F
14:07:04,TLKM,RG,3630,1,D,XC,YU,D
14:07:02,TLKM,RG,3620,8,D,YP,OD,D
14:07:02,TLKM,RG,3630,3,D,YP,YU,D
14:07:02,TLKM,RG,3620,318,D,YP,BK,F
14:06:57,TLKM,RG,3630,50,D,EP,YU,D
14:06:57,TLKM,RG,3620,3,D,YP,EP,D
14:06:57,TLKM,RG,3620,1,D,YP,CC,D
14:06:56,TLKM,RG,3620,8,D,YP,PD,D
14:06:56,TLKM,RG,3620,29,D,YP,BK,F
14:06:56,TLKM,RG,3620,10,D,YP,BK,F
14:06:56,TLKM,RG,3620,1,D,PD,BK,F
14:06:56,TLKM,RG,3620,3,D,NI,BK,F
14:06:56,TLKM,RG,3620,1,D,XC,BK,F
14:06:56,TLKM,RG,3620,1,D,PD,BK,F
14:06:56,TLKM,RG,3620,2,D,YP,BK,F
14:06:56,TLKM,RG,3620,1,D,LG,BK,F
14:06:56,TLKM,RG,3620,5,D,DH,BK,F
14:06:56,TLKM,RG,3620,1,D,KK,BK,F
14:06:56,TLKM,RG,3620,30,D,YP,BK,F
14:06:56,TLKM,RG,3620,1,D,PD,BK,F
14:06:56,TLKM,RG,3620,5,D,YP,BK,F
14:06:56,TLKM,RG,3620,5,D,XC,BK,F
14:06:56,TLKM,RG,3620,1,D,KK,BK,F
14:06:56,TLKM,RG,3620,25,D,XC,BK,F
14:06:56,TLKM,RG,3620,3,D,PD,BK,F
14:06:56,TLKM,RG,3620,2,D,XC,BK,F
14:06:56,TLKM,RG,3620,5,D,CP,BK,F
14:06:56,TLKM,RG,3620,3,D,PD,BK,F
14:06:56,TLKM,RG,3620,1,D,PD,BK,F
14:06:56,TLKM,RG,3620,10,D,XC,BK,F
14:06:56,TLKM,RG,3620,800,D,PD,BK,F
14:06:56,TLKM,RG,3620,1,D,CC,BK,F
14:06:56,TLKM,RG,3620,4,D,YP,BK,F
14:06:56,TLKM,RG,3620,2,D,XC,BK,F
14:06:56,TLKM,RG,3620,1,D,EP,BK,F
14:06:56,TLKM,RG,3620,10,D,KK,BK,F
14:06:56,TLKM,RG,3620,1,D,CC,BK,F
14:06:56,TLKM,RG,3620,15,D,DR,BK,F
14:06:56,TLKM,RG,3620,1,D,PD,BK,F
14:06:56,TLKM,RG,3620,2,D,XC,BK,F
14:06:56,TLKM,RG,3620,100,D,YP,BK,F
14:06:56,TLKM,RG,3620,10,D,DH,BK,F
14:06:56,TLKM,RG,3620,10,D,AZ,BK,F
14:06:56,TLKM,RG,3620,1,D,YP,BK,F
14:06:56,TLKM,RG,3620,2,D,CC,BK,F
14:06:56,TLKM,RG,3620,62,D,PD,BK,F
14:06:56,TLKM,RG,3620,77,D,PD,BK,F
14:06:56,TLKM,RG,3620,20,D,YP,BK,F
14:06:56,TLKM,RG,3620,10,D,CC,BK,F
14:06:56,TLKM,RG,3620,10,D,AI,BK,F
14:06:56,TLKM,RG,3620,31,D,PD,BK,F
14:06:56,TLKM,RG,3620,10,D,PD,BK,F
14:06:56,TLKM,RG,3620,3,D,KK,BK,F
14:06:56,TLKM,RG,3620,28,D,SQ,BK,F
14:06:56,TLKM,RG,3620,20,D,PD,BK,F
14:06:56,TLKM,RG,3620,761,D,PD,BK,F
14:06:56,TLKM,RG,3620,3,D,PD,BK,F
14:06:56,TLKM,RG,3620,50,D,PD,BK,F
14:06:56,TLKM,RG,3620,1,D,GR,BK,F
14:06:56,TLKM,RG,3620,14,D,KK,BK,F
14:06:56,TLKM,RG,3620,119,D,KK,BK,F
14:06:56,TLKM,RG,3620,36,D,HP,BK,F
14:06:56,TLKM,RG,3620,82,D,TP,BK,F
14:06:56,TLKM,RG,3620,18,D,TP,RX,F
14:06:56,TLKM,RG,3620,25,D,IP,RX,F
14:06:53,TLKM,RG,3630,3,D,XC,YU,D
14:06:53,TLKM,RG,3630,2,D,XC,YU,D
14:06:53,TLKM,RG,3630,40,F,DX,BK,F
14:06:53,TLKM,RG,3630,1229,F,BB,BK,F
14:06:53,TLKM,RG,3630,7,F,BB,YU,D
14:06:53,TLKM,RG,3630,1,F,BB,YU,D
14:06:53,TLKM,RG,3630,1302,F,BB,AK,F
14:06:52,TLKM,RG,3630,1000,F,BB,PD,D
14:06:52,TLKM,RG,3630,2,D,NI,BK,F
14:06:52,TLKM,RG,3630,12,F,AK,BK,F
14:06:52,TLKM,RG,3630,222,F,AK,BK,F
14:06:52,TLKM,RG,3630,85,F,AK,BK,F
14:06:52,TLKM,RG,3630,135,F,AK,BK,F
14:06:52,TLKM,RG,3630,94,F,AK,BK,F
14:06:52,TLKM,RG,3630,7,F,AK,BK,F
14:06:52,TLKM,RG,3630,1000,D,MG,BK,F
14:06:52,TLKM,RG,3630,1,D,PD,BK,F
14:06:52,TLKM,RG,3630,30,D,CC,BK,F
14:06:52,TLKM,RG,3630,1,D,XC,BK,F
14:06:52,TLKM,RG,3630,9,D,XC,BK,F
14:06:52,TLKM,RG,3630,27,D,CC,BK,F
14:06:52,TLKM,RG,3630,1,D,PD,BK,F
14:06:52,TLKM,RG,3630,3,D,XC,BK,F
14:06:52,TLKM,RG,3630,30,D,NI,BK,F
14:06:52,TLKM,RG,3630,5,D,PD,BK,F
14:06:52,TLKM,RG,3630,2,D,CC,BK,F
14:06:52,TLKM,RG,3630,2,D,PD,BK,F
14:06:52,TLKM,RG,3630,3,D,NI,BK,F
14:06:52,TLKM,RG,3630,1,D,XC,BK,F
14:06:52,TLKM,RG,3630,2,D,EP,BK,F
14:06:52,TLKM,RG,3630,1,D,PD,BK,F
14:06:52,TLKM,RG,3630,7,D,XC,BK,F
14:06:52,TLKM,RG,3630,746,F,DP,BK,F
14:06:52,TLKM,RG,3630,25,D,CC,BK,F
14:06:52,TLKM,RG,3630,5,D,XC,BK,F
14:06:52,TLKM,RG,3630,1,D,NI,BK,F
14:06:52,TLKM,RG,3630,5,D,YP,BK,F
14:06:52,TLKM,RG,3630,14,D,XC,BK,F
14:06:52,TLKM,RG,3630,1,D,XC,BK,F
14:06:52,TLKM,RG,3630,2,D,XC,BK,F
14:06:52,TLKM,RG,3630,1,D,PD,BK,F
14:06:52,TLKM,RG,3630,285,D,CS,BK,F
14:06:52,TLKM,RG,3630,2,D,DR,BK,F
14:06:52,TLKM,RG,3630,1,D,PD,BK,F
14:06:52,TLKM,RG,3630,1,D,XC,BK,F
14:06:52,TLKM,RG,3630,3,D,PD,BK,F
14:06:52,TLKM,RG,3630,3,D,ZP,BK,F
14:06:52,TLKM,RG,3630,5,D,YP,BK,F
14:06:52,TLKM,RG,3630,1,D,XC,BK,F
14:06:52,TLKM,RG,3630,15,D,PD,BK,F
14:06:52,TLKM,RG,3630,1,D,KK,BK,F
14:06:52,TLKM,RG,3630,1,D,XC,BK,F
14:06:52,TLKM,RG,3630,10,D,XA,BK,F
14:06:52,TLKM,RG,3630,2,D,XC,BK,F
14:06:52,TLKM,RG,3630,1,D,XC,BK,F
14:06:52,TLKM,RG,3630,6,D,XC,BK,F
14:06:52,TLKM,RG,3630,1,D,XC,BK,F
14:06:52,TLKM,RG,3630,3,D,XC,BK,F
14:06:52,TLKM,RG,3630,5,D,XC,BK,F
14:06:52,TLKM,RG,3630,2,D,PD,BK,F
14:06:52,TLKM,RG,3630,1,D,XC,BK,F
14:06:52,TLKM,RG,3630,1,D,DH,BK,F
14:06:52,TLKM,RG,3630,5,D,PD,BK,F
14:06:52,TLKM,RG,3630,2,D,XC,BK,F
14:06:52,TLKM,RG,3630,1,D,XC,BK,F
14:06:52,TLKM,RG,3630,1,D,DH,BK,F
14:06:52,TLKM,RG,3630,5,D,SQ,BK,F
14:06:52,TLKM,RG,3630,303,D,CS,BK,F
14:06:52,TLKM,RG,3630,10,D,YP,BK,F
14:06:52,TLKM,RG,3630,1,D,XC,BK,F
14:06:52,TLKM,RG,3630,5,D,XC,BK,F
14:06:52,TLKM,RG,3630,5,D,CC,BK,F
14:06:52,TLKM,RG,3630,14,D,PD,BK,F
14:06:52,TLKM,RG,3630,10,D,XC,BK,F
14:06:52,TLKM,RG,3630,5,D,XC,BK,F
14:06:52,TLKM,RG,3630,1,D,KK,BK,F
14:06:52,TLKM,RG,3630,44,D,CC,BK,F
14:06:52,TLKM,RG,3630,76,D,CC,AK,F
14:06:52,TLKM,RG,3630,2,D,XC,AK,F
14:06:52,TLKM,RG,3630,1,D,XC,AK,F
14:06:52,TLKM,RG,3630,139,D,CS,AK,F
14:06:52,TLKM,RG,3630,41,F,DX,AK,F
14:06:52,TLKM,RG,3630,10,D,PD,AK,F
14:06:52,TLKM,RG,3630,9,D,XC,AK,F
14:06:52,TLKM,RG,3630,229,D,CS,AK,F
14:06:52,TLKM,RG,3630,1,D,PD,AK,F
14:06:52,TLKM,RG,3630,10,D,CC,AK,F
14:06:52,TLKM,RG,3630,10,D,CC,AK,F
14:06:52,TLKM,RG,3630,1,D,XC,AK,F
14:06:52,TLKM,RG,3630,10,D,EP,AK,F
14:06:52,TLKM,RG,3630,10,D,XC,AK,F
14:06:52,TLKM,RG,3630,1,D,XC,AK,F
14:06:52,TLKM,RG,3630,25,D,TP,AK,F
14:06:52,TLKM,RG,3630,1,D,GR,AK,F
14:06:52,TLKM,RG,3630,1,D,PD,AK,F
14:06:52,TLKM,RG,3630,50,D,CC,AK,F
14:06:52,TLKM,RG,3630,1,D,PD,AK,F
14:06:52,TLKM,RG,3630,30,D,SQ,AK,F
14:06:52,TLKM,RG,3630,1,D,PD,AK,F
14:06:52,TLKM,RG,3630,7,D,EP,AK,F
14:06:52,TLKM,RG,3630,1,D,XC,AK,F
14:06:52,TLKM,RG,3630,4,D,XC,AK,F
14:06:52,TLKM,RG,3630,2,D,NI,AK,F
14:06:52,TLKM,RG,3630,1,D,XC,AK,F
14:06:52,TLKM,RG,3630,5,D,XC,AK,F
14:06:52,TLKM,RG,3630,5,D,CC,AK,F
14:06:52,TLKM,RG,3630,5,D,CC,AK,F
14:06:52,TLKM,RG,3630,8,D,YP,AK,F
14:06:52,TLKM,RG,3630,3,D,CC,AK,F
14:06:52,TLKM,RG,3630,1339,F,BB,AK,F
14:06:52,TLKM,RG,3630,5,D,PD,AK,F
14:06:52,TLKM,RG,3630,10,D,HP,AK,F
14:06:52,TLKM,RG,3630,13,D,YP,AK,F
14:06:50,TLKM,RG,3630,87,D,YP,RX,D
14:06:50,TLKM,RG,3630,2,D,XA,RX,D
14:06:50,TLKM,RG,3630,1,D,CC,RX,D
14:06:50,TLKM,RG,3630,7,D,PD,RX,D
14:06:50,TLKM,RG,3630,10,D,DH,RX,D
14:06:50,TLKM,RG,3630,858,F,AK,RX,D
14:06:50,TLKM,RG,3630,200,D,YP,RX,D
14:06:50,TLKM,RG,3630,1361,F,BB,RX,D
14:06:50,TLKM,RG,3630,10,D,XC,RX,D
14:06:50,TLKM,RG,3630,1,D,YP,RX,D
14:06:50,TLKM,RG,3630,5,D,XC,RX,D
14:06:50,TLKM,RG,3630,1,D,XC,RX,D
14:06:50,TLKM,RG,3630,19,D,PD,RX,D
14:06:50,TLKM,RG,3630,1,D,PD,RX,D
14:06:50,TLKM,RG,3630,10,D,CC,RX,D
14:06:50,TLKM,RG,3630,6,D,NI,RX,D
14:06:50,TLKM,RG,3630,5,D,YP,RX,D
14:06:50,TLKM,RG,3630,30,D,NI,RX,D
14:06:50,TLKM,RG,3630,2,D,XC,RX,D
14:06:50,TLKM,RG,3630,2,D,YP,RX,D
14:06:50,TLKM,RG,3630,1,D,XC,RX,D
14:06:50,TLKM,RG,3630,5,D,XC,RX,D
14:06:50,TLKM,RG,3630,2,D,NI,RX,D
14:06:50,TLKM,RG,3630,1,D,YP,RX,D
14:06:50,TLKM,RG,3630,1,D,CC,RX,D
14:06:50,TLKM,RG,3630,20,D,PD,RX,D
14:06:50,TLKM,RG,3630,1,D,PD,RX,D
14:06:50,TLKM,RG,3630,10,D,PD,RX,D
14:06:50,TLKM,RG,3630,5,D,XC,RX,D
14:06:50,TLKM,RG,3630,2,D,XC,RX,D
14:06:50,TLKM,RG,3630,1,D,CP,RX,D
14:06:50,TLKM,RG,3630,8,D,XC,RX,D
14:06:50,TLKM,RG,3630,1,D,PD,RX,D
14:06:50,TLKM,RG,3630,1,D,XC,RX,D
14:06:50,TLKM,RG,3630,4,D,NI,RX,D
14:06:50,TLKM,RG,3630,40,D,KK,RX,D
14:06:50,TLKM,RG,3630,5,D,DH,RX,D
14:06:50,TLKM,RG,3630,1,D,YJ,RX,D
14:06:50,TLKM,RG,3630,2,D,XC,RX,D
14:06:50,TLKM,RG,3630,5,D,YB,RX,D
14:06:50,TLKM,RG,3630,10,D,PD,RX,D
14:06:50,TLKM,RG,3630,2,D,PD,RX,D
14:06:50,TLKM,RG,3630,1,D,PD,RX,D
14:06:50,TLKM,RG,3630,2,D,XC,RX,D
14:06:50,TLKM,RG,3630,3,D,YP,RX,D
14:06:50,TLKM,RG,3630,30,D,DR,RX,D
14:06:50,TLKM,RG,3630,1,D,PD,RX,D
14:06:50,TLKM,RG,3630,10,D,KK,RX,D
14:06:50,TLKM,RG,3630,1,D,KK,RX,D
14:06:50,TLKM,RG,3630,2,D,PD,RX,D
14:06:50,TLKM,RG,3630,1,D,XC,RX,D
14:06:50,TLKM,RG,3630,5,D,PD,RX,D
14:06:50,TLKM,RG,3630,1,D,GR,RX,D
14:06:50,TLKM,RG,3630,10,D,CC,RX,D
14:06:50,TLKM,RG,3630,1,D,PD,RX,D
14:06:50,TLKM,RG,3630,1,D,XC,RX,D
14:06:50,TLKM,RG,3630,3,D,CC,RX,D
14:06:50,TLKM,RG,3630,2,D,PD,RX,D
14:06:50,TLKM,RG,3630,300,D,HP,RX,D
14:06:50,TLKM,RG,3630,1,D,XC,RX,D
14:06:50,TLKM,RG,3630,5,D,YP,RX,D
14:06:50,TLKM,RG,3630,5,D,NI,RX,D
14:06:50,TLKM,RG,3630,1,D,PD,RX,D
14:06:50,TLKM,RG,3630,21,D,XC,RX,D
14:06:50,TLKM,RG,3630,8,D,XC,RX,D
14:06:50,TLKM,RG,3630,2,D,NI,RX,D
14:06:50,TLKM,RG,3630,712,F,BB,RX,D
14:06:50,TLKM,RG,3630,1,D,PD,RX,D
14:06:50,TLKM,RG,3630,50,D,EP,RX,D
14:06:50,TLKM,RG,3630,1,D,XC,RX,D
14:06:50,TLKM,RG,3630,10,D,AZ,RX,D
14:06:50,TLKM,RG,3630,10,D,KK,RX,D
14:06:50,TLKM,RG,3630,14,D,NI,RX,D
14:06:50,TLKM,RG,3630,10,D,XC,RX,D
14:06:50,TLKM,RG,3630,1,D,PD,RX,D
14:06:50,TLKM,RG,3630,2,D,PD,RX,D
14:06:50,TLKM,RG,3630,624,F,BB,RX,D
14:06:50,TLKM,RG,3630,13,D,XC,RX,D
14:06:50,TLKM,RG,3630,13,D,CC,RX,D
14:06:50,TLKM,RG,3630,4,D,YP,RX,D
14:06:50,TLKM,RG,3630,35,D,GR,RX,D
14:06:50,TLKM,RG,3630,15,D,LG,RX,D
14:06:50,TLKM,RG,3630,1,D,CC,RX,D
14:06:50,TLKM,RG,3630,2,D,PD,RX,D
14:06:50,TLKM,RG,3630,17,D,XC,RX,D
14:06:50,TLKM,RG,3630,20,D,GR,RX,D
14:06:50,TLKM,RG,3630,1,D,XC,RX,D
14:06:50,TLKM,RG,3630,2865,F,AK,RX,D
14:06:50,TLKM,RG,3630,1,D,XC,RX,D
14:06:50,TLKM,RG,3630,5,D,YP,RX,D
14:06:50,TLKM,RG,3630,5,D,CC,RX,D
14:06:50,TLKM,RG,3630,1,D,XC,RX,D
14:06:50,TLKM,RG,3630,3,D,PD,RX,D
14:06:50,TLKM,RG,3630,1,D,YP,RX,D
14:06:50,TLKM,RG,3630,1,D,YP,RX,D
14:06:50,TLKM,RG,3630,10,D,XC,RX,D
14:06:50,TLKM,RG,3630,10,D,CC,RX,D
14:06:50,TLKM,RG,3630,46,D,EP,RX,D
14:06:50,TLKM,RG,3630,5,D,PD,RX,D
14:06:50,TLKM,RG,3630,2,D,EP,RX,D
14:06:50,TLKM,RG,3630,10,D,CC,RX,D
14:06:50,TLKM,RG,3630,1,D,PD,RX,D
14:06:50,TLKM,RG,3630,2,D,YP,RX,D
14:06:50,TLKM,RG,3630,6,D,YP,RX,D
14:06:50,TLKM,RG,3630,5,D,NI,RX,D
14:06:50,TLKM,RG,3630,1,D,YP,RX,D
14:06:50,TLKM,RG,3630,7,F,AK,RX,D
14:06:50,TLKM,RG,3630,127,F,AK,RX,D
14:06:50,TLKM,RG,3630,78,F,AK,RX,D
14:06:50,TLKM,RG,3630,1,D,XC,RX,D
14:06:50,TLKM,RG,3630,1,D,PD,RX,D
14:06:50,TLKM,RG,3630,10,D,CC,RX,D
14:06:50,TLKM,RG,3630,1,D,XC,RX,D
14:06:50,TLKM,RG,3630,5,D,EP,RX,D
14:06:50,TLKM,RG,3630,20,D,LG,RX,D
14:06:50,TLKM,RG,3630,10,D,XC,RX,D
14:06:50,TLKM,RG,3630,50,D,PD,RX,D
14:06:50,TLKM,RG,3630,1,D,XC,RX,D
14:06:50,TLKM,RG,3630,250,D,AR,RX,D
14:06:50,TLKM,RG,3630,15,D,XC,RX,D
14:06:50,TLKM,RG,3630,2,D,NI,RX,D
14:06:50,TLKM,RG,3630,2,D,PD,RX,D
14:06:50,TLKM,RG,3630,100,D,YP,RX,D
14:06:50,TLKM,RG,3630,1,D,PD,RX,D
14:06:50,TLKM,RG,3630,5,D,PD,RX,D
14:06:50,TLKM,RG,3630,607,F,BB,RX,D
14:06:50,TLKM,RG,3630,1,D,PD,RX,D
14:06:50,TLKM,RG,3630,102,F,AK,RX,D
14:06:50,TLKM,RG,3630,1,D,XC,RX,D
14:06:50,TLKM,RG,3630,1,D,CC,RX,D
14:06:50,TLKM,RG,3630,14,D,XC,RX,D
14:06:50,TLKM,RG,3630,1,F,AK,RX,D
14:06:50,TLKM,RG,3630,114,F,AK,RX,D
14:06:50,TLKM,RG,3630,600,F,AK,RX,D
14:06:50,TLKM,RG,3630,174,F,AK,RX,D
14:06:50,TLKM,RG,3630,502,F,AK,BK,F
14:06:50,TLKM,RG,3630,1,D,PD,BK,F
14:06:50,TLKM,RG,3630,7,F,AK,BK,F
14:06:50,TLKM,RG,3630,2,D,XC,BK,F
14:06:50,TLKM,RG,3630,90,F,AK,BK,F
14:06:50,TLKM,RG,3630,2,D,YP,BK,F
14:06:50,TLKM,RG,3630,1,D,PD,BK,F
14:06:50,TLKM,RG,3630,8,F,AK,BK,F
14:06:50,TLKM,RG,3630,27,F,BB,BK,F
14:06:48,TLKM,RG,3630,289,F,BB,BK,F
14:06:48,TLKM,RG,3630,93,F,AK,BK,F
14:06:48,TLKM,RG,3630,2157,F,AK,BK,F
14:06:48,TLKM,RG,3630,1,D,NI,BK,F
14:06:48,TLKM,RG,3630,116,F,AK,BK,F
14:06:48,TLKM,RG,3630,6,F,AK,BK,F
14:06:48,TLKM,RG,3630,5,D,XC,BK,F
14:06:48,TLKM,RG,3630,1,D,PD,BK,F
14:06:48,TLKM,RG,3630,1,D,YP,BK,F
14:06:48,TLKM,RG,3630,25,D,YP,BK,F
14:06:48,TLKM,RG,3630,5,D,XC,BK,F
14:06:48,TLKM,RG,3630,5,D,YP,BK,F
14:06:48,TLKM,RG,3630,10,D,OD,BK,F
14:06:48,TLKM,RG,3630,2286,F,AK,BK,F
14:06:48,TLKM,RG,3640,39,F,DX,BK,F
14:06:47,TLKM,RG,3630,79,F,AK,BK,F
14:06:46,TLKM,RG,3630,1,F,AK,XC,D
14:06:44,TLKM,RG,3630,631,F,AK,BK,F
14:06:42,TLKM,RG,3630,168,F,AK,BK,F
14:06:42,TLKM,RG,3630,3,D,XC,BK,F
14:06:42,TLKM,RG,3630,1,D,YJ,BK,F
14:06:42,TLKM,RG,3630,1,D,NI,BK,F
14:06:42,TLKM,RG,3630,3742,F,AK,BK,F
14:06:42,TLKM,RG,3630,1,D,PD,BK,F
14:06:42,TLKM,RG,3630,1,D,YP,BK,F
14:06:42,TLKM,RG,3630,2,D,YP,BK,F
14:06:42,TLKM,RG,3630,1,D,YP,BK,F
14:06:42,TLKM,RG,3630,2,D,XC,BK,F
14:06:42,TLKM,RG,3630,1,D,XC,BK,F
14:06:42,TLKM,RG,3630,7,D,XC,BK,F
14:06:42,TLKM,RG,3630,1,D,IF,BK,F
14:06:42,TLKM,RG,3630,3,D,XC,BK,F
14:06:42,TLKM,RG,3630,50,D,XC,BK,F
14:06:42,TLKM,RG,3630,3,D,PD,BK,F
14:06:42,TLKM,RG,3630,1,D,PD,BK,F
14:06:42,TLKM,RG,3630,1,D,PD,BK,F
14:06:42,TLKM,RG,3630,5,D,PD,BK,F
14:06:42,TLKM,RG,3630,1,D,PD,BK,F
14:06:42,TLKM,RG,3630,1,D,PD,BK,F
14:06:42,TLKM,RG,3630,5,D,PD,BK,F
14:06:42,TLKM,RG,3630,1,D,CC,BK,F
14:06:42,TLKM,RG,3630,1,D,PD,BK,F
14:06:42,TLKM,RG,3630,1,D,PD,BK,F
14:06:42,TLKM,RG,3630,1,D,PD,BK,F
14:06:42,TLKM,RG,3630,100,D,KK,BK,F
14:06:42,TLKM,RG,3630,1,D,DH,BK,F
14:06:42,TLKM,RG,3630,2,D,PD,BK,F
14:06:42,TLKM,RG,3630,3,D,PD,BK,F
14:06:42,TLKM,RG,3630,2,D,PD,BK,F
14:06:42,TLKM,RG,3630,5,D,DR,BK,F
14:06:42,TLKM,RG,3630,2,D,PD,BK,F
14:06:42,TLKM,RG,3630,4,D,SQ,BK,F
14:06:42,TLKM,RG,3630,1,D,YB,BK,F
14:06:42,TLKM,RG,3630,4,D,XC,BK,F
14:06:42,TLKM,RG,3630,10,D,XC,BK,F
14:06:42,TLKM,RG,3630,2,D,GR,BK,F
14:06:42,TLKM,RG,3630,5,D,EP,BK,F
14:06:42,TLKM,RG,3630,2,D,XC,BK,F
14:06:42,TLKM,RG,3630,1,D,XC,BK,F
14:06:42,TLKM,RG,3630,851,F,ZP,BK,F
14:06:41,TLKM,RG,3630,69,F,ZP,BK,F
14:06:40,TLKM,RG,3630,80,F,ZP,YU,D
14:06:40,TLKM,RG,3630,1,D,PD,YU,D
14:06:40,TLKM,RG,3630,1,D,LG,YU,D
14:06:40,TLKM,RG,3630,1,D,KK,YU,D
14:06:40,TLKM,RG,3630,3,D,XC,YU,D
14:06:40,TLKM,RG,3630,1,D,DH,YU,D
14:06:40,TLKM,RG,3630,1,D,DH,YU,D
14:06:40,TLKM,RG,3630,5,D,PD,YU,D
14:06:40,TLKM,RG,3630,1,D,PD,YU,D
14:06:40,TLKM,RG,3630,2,D,XC,YU,D
14:06:40,TLKM,RG,3630,1,D,PD,YU,D
14:06:40,TLKM,RG,3630,50,D,GR,YU,D
14:06:40,TLKM,RG,3630,2,D,PD,YU,D
14:06:40,TLKM,RG,3630,1,D,NI,YU,D
14:06:40,TLKM,RG,3630,146,F,ZP,YU,D
14:06:40,TLKM,RG,3630,290,F,ZP,YU,D
14:06:36,TLKM,RG,3630,1,F,ZP,DH,D
14:06:27,TLKM,RG,3630,15,F,ZP,CC,D
14:06:19,TLKM,RG,3630,54,F,ZP,BK,F
14:06:17,TLKM,RG,3630,325,F,ZP,DX,D
14:06:14,TLKM,RG,3630,62,F,ZP,BB,D
14:06:14,TLKM,RG,3630,31,F,ZP,RX,F
14:06:11,TLKM,RG,3630,1,F,ZP,AI,D
14:06:04,TLKM,RG,3640,4,D,XC,BK,F
14:06:00,TLKM,RG,3630,9,F,ZP,OD,D
14:05:59,TLKM,RG,3630,66,F,ZP,XC,D
14:05:52,TLKM,RG,3630,70,F,ZP,BK,F
14:05:50,TLKM,RG,3640,1,D,XC,BK,F
14:05:50,TLKM,RG,3630,10,F,ZP,DX,D
14:05:49,TLKM,RG,3630,500,F,ZP,CC,D
14:05:42,TLKM,RG,3640,1,D,PD,BK,F
14:05:41,TLKM,RG,3630,42,F,ZP,BK,F
14:05:39,TLKM,RG,3640,127,D,PD,BK,F
14:05:36,TLKM,RG,3640,43,D,PD,BK,F
14:05:15,TLKM,RG,3630,43,F,ZP,BK,F
14:05:14,TLKM,RG,3640,351,D,CS,BK,F
14:05:05,TLKM,RG,3630,1,F,ZP,NI,D
14:04:58,TLKM,RG,3630,6,F,ZP,OD,D
14:04:56,TLKM,RG,3640,1,D,NI,BK,F
14:04:55,TLKM,RG,3640,10,D,RF,BK,F
14:04:51,TLKM,RG,3640,1,D,LG,BK,F
14:04:50,TLKM,RG,3630,1,F,ZP,XC,D
14:04:45,TLKM,RG,3630,61,F,ZP,BB,D
14:04:41,TLKM,RG,3640,10,F,DP,BK,F
14:04:40,TLKM,RG,3630,1,F,ZP,XC,D
14:04:27,TLKM,RG,3630,2,F,ZP,PD,D
14:04:23,TLKM,RG,3630,2,F,ZP,CC,D
14:04:14,TLKM,RG,3630,10,F,ZP,XC,D
14:04:00,TLKM,RG,3630,9,F,ZP,OD,D
14:04:00,TLKM,RG,3630,13,F,ZP,YU,D
14:04:00,TLKM,RG,3630,4,F,ZP,YU,D
14:03:57,TLKM,RG,3630,56,F,ZP,BK,F
14:03:54,TLKM,RG,3640,239,F,AK,BK,F
14:03:53,TLKM,RG,3630,41,F,ZP,BK,F
14:03:49,TLKM,RG,3640,466,F,AK,BK,F
14:03:39,TLKM,RG,3640,1,D,XC,BK,F
14:03:29,TLKM,RG,3640,15,D,NI,BK,F
14:03:29,TLKM,RG,3640,5,D,NI,CS,F
14:03:28,TLKM,RG,3630,54,F,ZP,BK,F
14:03:28,TLKM,RG,3630,6,F,ZP,CC,D
14:03:25,TLKM,RG,3630,57,F,ZP,BK,F
14:03:23,TLKM,RG,3630,12,F,ZP,XC,D
14:03:22,TLKM,RG,3640,3,D,SC,CS,F
14:03:22,TLKM,RG,3640,7,D,SC,AK,F
14:03:20,TLKM,RG,3630,311,F,ZP,YU,D
14:03:20,TLKM,RG,3630,148,F,ZP,YU,D
14:03:20,TLKM,RG,3630,20,D,PD,YU,D
14:03:20,TLKM,RG,3630,9,D,XC,YU,D
14:03:20,TLKM,RG,3630,4,D,CC,YU,D
14:03:20,TLKM,RG,3630,1,D,PD,YU,D
14:03:20,TLKM,RG,3630,1,D,PD,YU,D
14:03:20,TLKM,RG,3630,4,D,PD,YU,D
14:03:20,TLKM,RG,3630,5,D,NI,YU,D
14:03:20,TLKM,RG,3630,100,D,CC,YU,D
14:03:20,TLKM,RG,3630,9,D,YP,YU,D
14:03:20,TLKM,RG,3630,2,D,YP,BK,F
14:03:20,TLKM,RG,3630,34,D,XL,BK,F
14:03:20,TLKM,RG,3640,33,F,AK,AK,F
14:03:18,TLKM,RG,3630,6,D,XL,BB,D
14:03:18,TLKM,RG,3630,1,D,KK,BB,D
14:03:18,TLKM,RG,3630,10,D,CC,BB,D
14:03:18,TLKM,RG,3630,1,D,PD,BB,D
14:03:18,TLKM,RG,3630,2,D,PD,BB,D
14:03:18,TLKM,RG,3630,10,D,XC,BB,D
14:03:18,TLKM,RG,3630,9,D,XC,BB,D
14:03:18,TLKM,RG,3630,4,D,CC,BB,D
14:03:18,TLKM,RG,3630,10,D,XC,BB,D
14:03:18,TLKM,RG,3630,8,D,CC,BB,D
14:03:18,TLKM,RG,3630,1,D,YP,BB,D
14:03:18,TLKM,RG,3630,1,D,XC,BB,D
14:03:18,TLKM,RG,3630,1,D,YP,BB,D
14:03:15,TLKM,RG,3630,3,D,CC,DX,D
14:03:15,TLKM,RG,3630,2,D,XC,DX,D
14:03:15,TLKM,RG,3630,1,D,PD,DX,D
14:03:15,TLKM,RG,3630,1,D,OD,DX,D
14:03:15,TLKM,RG,3630,1,D,XC,DX,D
14:03:15,TLKM,RG,3630,4,D,XC,DX,D
14:02:58,TLKM,RG,3630,8,D,XC,OD,D
14:02:56,TLKM,RG,3630,3,D,XC,CC,D
14:02:56,TLKM,RG,3630,2,D,PD,CC,D
14:02:45,TLKM,RG,3630,1,D,YP,TP,D
14:02:45,TLKM,RG,3630,1,D,NI,TP,D
14:02:45,TLKM,RG,3630,1,D,PD,TP,D
14:02:45,TLKM,RG,3630,5,D,YP,TP,D
14:02:45,TLKM,RG,3630,1,D,YP,XC,D
14:02:44,TLKM,RG,3640,9,D,XL,AK,F
14:02:42,TLKM,RG,3630,14,D,YP,BK,F
14:02:42,TLKM,RG,3630,7,D,YP,BK,F
14:02:42,TLKM,RG,3630,2,D,PD,BK,F
14:02:42,TLKM,RG,3630,30,D,DH,BK,F
14:02:42,TLKM,RG,3640,330,D,CS,AK,F
14:02:36,TLKM,RG,3630,10,D,DH,CC,D
14:02:20,TLKM,RG,3630,10,D,DH,EP,D
14:02:20,TLKM,RG,3630,2,D,XC,EP,D
14:02:20,TLKM,RG,3630,1,D,PD,EP,D
14:02:20,TLKM,RG,3630,5,D,KK,EP,D
14:02:20,TLKM,RG,3630,1,D,YP,EP,D
14:02:20,TLKM,RG,3630,25,D,YP,EP,D
14:02:20,TLKM,RG,3630,91,D,ZP,EP,D
14:02:18,TLKM,RG,3640,2,D,XC,AK,F
14:02:10,TLKM,RG,3640,10,D,DR,AK,F
14:02:03,TLKM,RG,3630,42,D,ZP,BK,F
14:01:59,TLKM,RG,3630,4,D,ZP,AI,D
14:01:59,TLKM,RG,3630,196,D,AR,AI,D
14:01:56,TLKM,RG,3630,8,D,AR,OD,D
14:01:53,TLKM,RG,3640,3,D,NI,AK,F
14:01:46,TLKM,RG,3630,59,D,AR,BB,D
14:01:42,TLKM,RG,3630,2,D,AR,NI,D
14:01:37,TLKM,RG,3640,5,D,XC,AK,F
14:01:36,TLKM,RG,3630,6,D,AR,PD,D
14:01:35,TLKM,RG,3630,1,D,AR,XC,D
14:01:32,TLKM,RG,3630,7,D,AR,EP,D
14:01:28,TLKM,RG,3630,2,D,AR,XC,D
14:01:22,TLKM,RG,3630,5,D,AR,CC,D
14:01:07,TLKM,RG,3630,1,D,AR,BB,D
14:01:04,TLKM,RG,3640,1,D,XC,AK,F
14:01:03,TLKM,RG,3640,5,D,XC,AK,F
14:00:51,TLKM,RG,3640,50,D,NI,AK,F
14:00:50,TLKM,RG,3630,2,D,AR,PD,D
14:00:41,TLKM,RG,3630,13,D,AR,DX,D
14:00:39,TLKM,RG,3640,10,D,CC,AK,F
14:00:29,TLKM,RG,3640,1,D,PD,AK,F
14:00:26,TLKM,RG,3640,2,D,PD,AK,F
14:00:25,TLKM,RG,3640,12,D,XC,AK,F
14:00:25,TLKM,RG,3640,3,D,XC,OD,D
14:00:22,TLKM,RG,3630,42,D,AR,BK,F
14:00:22,TLKM,RG,3630,60,D,AR,BB,D
14:00:16,TLKM,RG,3640,5,D,XC,OD,D
14:00:15,TLKM,RG,3630,56,D,AR,BK,F
14:00:10,TLKM,RG,3640,1,D,EP,BK,F
14:00:09,TLKM,RG,3640,1,D,XC,AK,F
14:00:09,TLKM,RG,3640,44,F,DX,AK,F
14:00:09,TLKM,RG,3640,43,D,CS,AK,F
14:00:09,TLKM,RG,3640,407,F,BB,AK,F
14:00:06,TLKM,RG,3640,52,F,BB,BK,F
14:00:04,TLKM,RG,3640,101,F,BB,BK,F
14:00:03,TLKM,RG,3650,12,F,DP,PD,D
14:00:03,TLKM,RG,3650,1,F,DP,XC,D
14:00:03,TLKM,RG,3650,1,F,DP,XC,D
14:00:03,TLKM,RG,3650,36,F,DP,PD,D
14:00:03,TLKM,RG,3650,37,F,DP,YU,D
14:00:03,TLKM,RG,3640,10,F,BB,PD,D
14:00:03,TLKM,RG,3640,10,F,BB,PD,D
14:00:01,TLKM,RG,3640,30,D,XC,AK,F
14:00:01,TLKM,RG,3640,5,D,YP,AK,F
14:00:01,TLKM,RG,3640,835,D,CC,AK,F
14:00:00,TLKM,RG,3640,165,D,CC,BK,F
14:00:00,TLKM,RG,3640,1,D,PD,BK,F
14:00:00,TLKM,RG,3640,5,D,KK,BK,F
14:00:00,TLKM,RG,3640,8,D,XC,BK,F
14:00:00,TLKM,RG,3640,1,D,PD,BK,F
14:00:00,TLKM,RG,3640,1,D,XC,BK,F
14:00:00,TLKM,RG,3640,2,D,YP,BK,F
14:00:00,TLKM,RG,3640,1,D,XC,BK,F
14:00:00,TLKM,RG,3640,2,D,XC,BK,F
14:00:00,TLKM,RG,3640,2,D,XC,BK,F
14:00:00,TLKM,RG,3640,1,D,XC,BK,F
14:00:00,TLKM,RG,3640,1,D,PD,BK,F
14:00:00,TLKM,RG,3640,9,D,YP,BK,F
14:00:00,TLKM,RG,3640,2,D,SQ,BK,F
14:00:00,TLKM,RG,3640,2,D,XC,BK,F
14:00:00,TLKM,RG,3640,371,F,BB,BK,F
14:00:00,TLKM,RG,3640,5,D,PD,BK,F
14:00:00,TLKM,RG,3640,15,D,EP,BK,F
14:00:00,TLKM,RG,3640,335,F,AK,BK,F
14:00:00,TLKM,RG,3640,1,D,XC,BK,F
14:00:00,TLKM,RG,3640,1,D,GR,BK,F
14:00:00,TLKM,RG,3640,100,D,CC,BK,F
14:00:00,TLKM,RG,3640,2,D,NI,BK,F
14:00:00,TLKM,RG,3640,2,D,CC,BK,F
14:00:00,TLKM,RG,3640,160,F,BB,BK,F
14:00:00,TLKM,RG,3640,161,F,BB,BK,F
14:00:00,TLKM,RG,3640,1,D,PD,BK,F
14:00:00,TLKM,RG,3640,1,D,XC,BK,F
14:00:00,TLKM,RG,3640,50,D,YP,BK,F
14:00:00,TLKM,RG,3640,3,D,CC,BK,F
14:00:00,TLKM,RG,3640,3,D,XC,BK,F
14:00:00,TLKM,RG,3640,5,D,NI,BK,F
14:00:00,TLKM,RG,3640,20,D,OD,BK,F
14:00:00,TLKM,RG,3640,57,D,CC,BK,F
14:00:00,TLKM,RG,3640,3,D,YP,BK,F
14:00:00,TLKM,RG,3640,10,D,NI,BK,F
14:00:00,TLKM,RG,3640,10,D,PD,BK,F
14:00:00,TLKM,RG,3640,10,D,CC,BK,F
14:00:00,TLKM,RG,3640,5,D,PD,BK,F
14:00:00,TLKM,RG,3640,350,F,GR,BK,F
14:00:00,TLKM,RG,3640,5,D,GR,BK,F
14:00:00,TLKM,RG,3640,2,D,PD,BK,F
14:00:00,TLKM,RG,3640,15,D,YP,BK,F
14:00:00,TLKM,RG,3640,1,D,EP,BK,F
14:00:00,TLKM,RG,3640,100,D,YU,BK,F
14:00:00,TLKM,RG,3640,1,D,YP,BK,F
14:00:00,TLKM,RG,3640,1,D,XC,BK,F
14:00:00,TLKM,RG,3640,5,D,KK,BK,F
14:00:00,TLKM,RG,3640,5,D,YB,BK,F
14:00:00,TLKM,RG,3640,2,D,XC,BK,F
14:00:00,TLKM,RG,3640,20,D,EP,BK,F
14:00:00,TLKM,RG,3640,1,D,CC,BK,F
14:00:00,TLKM,RG,3640,1,D,XC,BK,F
14:00:00,TLKM,RG,3640,150,D,IH,BK,F
14:00:00,TLKM,RG,3640,1,D,PD,BK,F
14:00:00,TLKM,RG,3640,5,D,NI,BK,F
14:00:00,TLKM,RG,3640,1,D,PD,BK,F
14:00:00,TLKM,RG,3640,28,D,BK,BK,F
14:00:00,TLKM,RG,3640,42,D,BK,BK,F
14:00:00,TLKM,RG,3640,43,F,DX,BK,F
14:00:00,TLKM,RG,3640,25,D,PD,BK,F
14:00:00,TLKM,RG,3640,162,F,BB,BK,F
14:00:00,TLKM,RG,3650,1,D,NI,YU,D
13:59:59,TLKM,RG,3640,9,F,BB,OD,D
13:59:58,TLKM,RG,3650,1,D,NI,YU,D
13:59:34,TLKM,RG,3650,128,F,AK,YU,D
13:59:34,TLKM,RG,3650,137,F,AK,YU,D
13:59:34,TLKM,RG,3650,1,F,AK,YU,D
13:59:34,TLKM,RG,3650,6,F,AK,YU,D
13:59:34,TLKM,RG,3650,12,F,AK,NI,D
13:59:34,TLKM,RG,3650,4,F,AK,PD,D
13:59:34,TLKM,RG,3650,16,F,AK,OD,D
13:59:18,TLKM,RG,3640,1,F,BB,XC,D
13:58:57,TLKM,RG,3640,6,F,BB,OD,D
13:58:56,TLKM,RG,3650,1,D,PD,OD,D
13:58:56,TLKM,RG,3640,67,F,BB,BB,D
13:58:54,TLKM,RG,3640,1,F,BB,XC,D
13:58:53,TLKM,RG,3640,13,F,BB,SQ,D
13:58:46,TLKM,RG,3640,1,F,BB,XC,D
13:58:24,TLKM,RG,3640,10,F,BB,PD,D
13:58:11,TLKM,RG,3640,5,F,BB,XC,D
13:58:04,TLKM,RG,3640,17,F,BB,PD,D
13:58:04,TLKM,RG,3640,10,F,BB,YP,D
13:58:02,TLKM,RG,3640,10,F,BB,DX,D
13:58:01,TLKM,RG,3640,15,F,BB,CC,D
13:57:57,TLKM,RG,3640,7,F,BB,OD,D
13:57:48,TLKM,RG,3650,8,D,SQ,OD,D
13:57:46,TLKM,RG,3640,30,F,BB,CC,D
13:57:39,TLKM,RG,3640,6,F,BB,MI,D
13:57:35,TLKM,RG,3640,60,F,BB,BK,F
13:57:34,TLKM,RG,3650,465,F,AK,OD,D
13:57:34,TLKM,RG,3650,4,F,AK,CS,F
13:57:33,TLKM,RG,3640,63,F,BB,BK,F
13:57:30,TLKM,RG,3640,299,F,BB,YU,D
13:57:30,TLKM,RG,3640,3,F,BB,YU,D
13:57:30,TLKM,RG,3640,14,F,BB,YU,D
13:57:26,TLKM,RG,3650,5,D,GR,CS,F
13:57:20,TLKM,RG,3640,63,F,BB,BB,D
13:57:10,TLKM,RG,3640,10,F,BB,ZP,D
13:57:07,TLKM,RG,3640,1,F,BB,PD,D
13:56:59,TLKM,RG,3640,8,F,BB,OD,D
13:56:58,TLKM,RG,3640,1,F,BB,GR,D
13:56:57,TLKM,RG,3640,5,F,BB,YP,D
13:56:55,TLKM,RG,3640,58,F,BB,BK,F
13:56:54,TLKM,RG,3650,197,F,AK,CS,F
13:56:52,TLKM,RG,3640,2,F,BB,SQ,D
13:56:46,TLKM,RG,3640,1,F,BB,HP,D
13:56:40,TLKM,RG,3640,1,F,BB,XC,D
13:56:35,TLKM,RG,3640,3,F,BB,YP,D
13:56:30,TLKM,RG,3640,4,F,BB,CC,D
13:56:24,TLKM,RG,3640,40,F,BB,BK,F
13:56:23,TLKM,RG,3640,8,F,BB,GR,D
13:56:22,TLKM,RG,3640,10,F,BB,PD,D
13:56:18,TLKM,RG,3650,1,D,XC,CS,F
13:56:14,TLKM,RG,3640,2,F,BB,XC,D
13:56:02,TLKM,RG,3640,1,F,BB,XC,D
13:56:01,TLKM,RG,3640,7,F,BB,OD,D
13:55:55,TLKM,RG,3640,5,F,BB,NI,D
13:55:50,TLKM,RG,3640,62,F,BB,BB,D
13:55:48,TLKM,RG,3640,1,F,BB,GR,D
13:55:47,TLKM,RG,3640,5,F,BB,YP,D
13:55:32,TLKM,RG,3650,3,D,XC,CS,F
13:55:30,TLKM,RG,3640,10,F,BB,DX,D
13:55:25,TLKM,RG,3650,27,F,AK,CS,F
13:55:25,TLKM,RG,3650,18,F,AK,YU,D
13:55:24,TLKM,RG,3640,11,F,BB,NI,D
13:55:22,TLKM,RG,3650,1,D,XC,YU,D
13:55:15,TLKM,RG,3650,20,D,YP,YU,D
13:55:13,TLKM,RG,3640,38,F,BB,BK,F
13:55:11,TLKM,RG,3650,5,D,YP,YU,D
13:55:08,TLKM,RG,3650,92,F,DP,YU,D
13:55:04,TLKM,RG,3640,47,F,BB,BK,F
13:55:01,TLKM,RG,3640,8,F,BB,OD,D
13:55:00,TLKM,RG,3640,309,F,BB,YU,D
13:54:56,TLKM,RG,3640,34,F,BB,BK,F
13:54:54,TLKM,RG,3650,1,D,PD,YU,D
13:54:52,TLKM,RG,3650,24,F,AK,YU,D
13:54:52,TLKM,RG,3650,147,F,AK,YU,D
13:54:52,TLKM,RG,3650,2,F,AK,YU,D
13:54:52,TLKM,RG,3650,4,F,AK,YU,D
13:54:51,TLKM,RG,3640,10,F,BB,PD,D
13:54:21,TLKM,RG,3640,60,F,BB,BB,D
13:54:14,TLKM,RG,3640,15,F,BB,YP,D
13:54:07,TLKM,RG,3640,5,F,BB,YP,D
13:54:07,TLKM,RG,3650,3,D,XC,YU,D
13:54:01,TLKM,RG,3640,47,F,BB,BK,F
13:54:01,TLKM,RG,3640,8,F,BB,OD,D
13:53:56,TLKM,RG,3640,62,F,BB,BK,F
13:53:54,TLKM,RG,3640,157,D,BK,AK,F
13:53:53,TLKM,RG,3640,355,D,BK,BK,F
13:53:53,TLKM,RG,3640,408,D,BK,BK,F
13:53:53,TLKM,RG,3640,2,D,XC,BK,F
13:53:53,TLKM,RG,3640,40,D,CC,BK,F
13:53:53,TLKM,RG,3640,1,D,CC,BK,F
13:53:53,TLKM,RG,3640,5,D,PD,BK,F
13:53:53,TLKM,RG,3640,1,D,NI,BK,F
13:53:53,TLKM,RG,3640,10,D,XC,BK,F
13:53:53,TLKM,RG,3640,5,D,XC,BK,F
13:53:53,TLKM,RG,3640,240,F,BB,BK,F
13:53:53,TLKM,RG,3640,5,D,XC,BK,F
13:53:53,TLKM,RG,3640,394,D,DX,BK,F
13:53:53,TLKM,RG,3640,1,D,CC,BK,F
13:53:53,TLKM,RG,3640,20,D,XC,BK,F
13:53:53,TLKM,RG,3640,1,D,XC,BK,F
13:53:53,TLKM,RG,3640,1,D,SQ,BK,F
13:53:53,TLKM,RG,3640,5,D,CC,BK,F
13:53:53,TLKM,RG,3640,25,D,YP,BK,F
13:53:53,TLKM,RG,3640,1,D,XC,BK,F
13:53:53,TLKM,RG,3640,1,D,XC,BK,F
13:53:53,TLKM,RG,3640,2,D,ZP,BK,F
13:53:53,TLKM,RG,3640,100,D,NI,BK,F
13:53:53,TLKM,RG,3640,2,D,XC,BK,F
13:53:53,TLKM,RG,3640,1,D,YP,BK,F
13:53:53,TLKM,RG,3640,5,D,YP,BK,F
13:53:53,TLKM,RG,3640,1,D,PD,BK,F
13:53:53,TLKM,RG,3640,10,D,XC,BK,F
13:53:53,TLKM,RG,3640,1,D,DR,BK,F
13:53:53,TLKM,RG,3640,427,F,BB,BK,F
13:53:53,TLKM,RG,3640,45,F,DX,BK,F
13:53:53,TLKM,RG,3640,1,D,PD,BK,F
13:53:53,TLKM,RG,3640,300,D,YP,BK,F
13:53:53,TLKM,RG,3640,2,D,XC,BK,F
13:53:53,TLKM,RG,3640,82,D,YP,BK,F
13:53:38,TLKM,RG,3650,2,D,XC,PD,D
13:53:31,TLKM,RG,3640,17,D,YP,MG,D
13:53:31,TLKM,RG,3640,7,D,XA,MG,D
13:53:31,TLKM,RG,3640,1,D,XC,MG,D
13:53:31,TLKM,RG,3640,75,F,DP,MG,D
13:52:59,TLKM,RG,3640,9,F,DP,OD,D
13:52:55,TLKM,RG,3640,65,F,DP,BB,D
13:52:43,TLKM,RG,3650,1,D,NI,PD,D
13:52:27,TLKM,RG,3650,1,D,XC,PD,D
13:52:12,TLKM,RG,3640,9,F,DP,YP,D
13:52:03,TLKM,RG,3640,3,F,DP,KK,D
13:51:57,TLKM,RG,3640,6,F,DP,OD,D
13:51:49,TLKM,RG,3640,4,F,DP,KK,D
13:51:29,TLKM,RG,3640,6,F,DP,PD,D
13:51:22,TLKM,RG,3640,5,F,DP,BB,D
13:51:21,TLKM,RG,3650,15,D,CC,PD,D
13:51:16,TLKM,RG,3640,20,F,DP,CC,D
13:51:10,TLKM,RG,3640,478,F,DP,AK,F
13:51:10,TLKM,RG,3640,44,F,DX,AK,F
13:51:10,TLKM,RG,3640,1978,F,BB,AK,F
13:51:08,TLKM,RG,3640,20,F,BB,YB,D
13:51:05,TLKM,RG,3640,50,F,BB,LG,D
13:51:01,TLKM,RG,3640,1,F,BB,KK,D
13:50:57,TLKM,RG,3650,1,D,XC,PD,D
13:50:56,TLKM,RG,3640,5,F,BB,XC,D
13:50:38,TLKM,RG,3640,621,F,BB,BK,F
13:50:38,TLKM,RG,3640,1879,F,AK,BK,F
13:50:37,TLKM,RG,3640,2100,F,AK,BK,F
13:50:37,TLKM,RG,3640,3,F,AK,BB,D
13:50:36,TLKM,RG,3640,3,F,AK,BB,D
13:50:36,TLKM,RG,3640,12,F,AK,AK,F
13:50:36,TLKM,RG,3640,1,F,AK,AK,F
13:50:36,TLKM,RG,3640,9,F,AK,AK,F
13:50:36,TLKM,RG,3640,1,F,AK,AK,F
13:50:36,TLKM,RG,3640,11,F,AK,AK,F
13:50:36,TLKM,RG,3640,11,F,AK,DX,D
13:50:36,TLKM,RG,3640,1,F,AK,YP,D
13:50:36,TLKM,RG,3640,1,F,AK,EP,D
13:50:36,TLKM,RG,3640,1,F,AK,YP,D
13:50:36,TLKM,RG,3640,40,F,AK,AK,F
13:50:36,TLKM,RG,3640,50,F,AK,AK,F
13:50:36,TLKM,RG,3640,7,F,AK,AK,F
13:50:36,TLKM,RG,3640,1000,F,AK,CC,D
13:50:36,TLKM,RG,3640,87,F,AK,RX,F
13:50:36,TLKM,RG,3640,2100,F,AK,BK,F
13:50:36,TLKM,RG,3640,20,F,AK,NI,D
13:50:36,TLKM,RG,3640,9,F,AK,OD,D
13:50:36,TLKM,RG,3640,289,F,AK,BK,F
13:50:36,TLKM,RG,3640,3000,F,AK,RX,D
13:50:36,TLKM,RG,3640,172,F,AK,YU,D
13:50:36,TLKM,RG,3640,146,F,AK,YU,D
13:50:36,TLKM,RG,3640,100,F,AK,CC,D
13:50:36,TLKM,RG,3640,173,F,AK,BK,F
13:50:36,TLKM,RG,3640,7,F,AK,YP,D
13:50:36,TLKM,RG,3640,20,F,AK,BB,D
13:50:36,TLKM,RG,3640,2,F,AK,KK,D
13:50:36,TLKM,RG,3640,3,F,AK,AT,D
13:50:36,TLKM,RG,3640,10,F,AK,ZP,D
13:50:36,TLKM,RG,3640,15,F,AK,DR,D
13:50:36,TLKM,RG,3640,1,F,AK,OD,D
13:50:36,TLKM,RG,3640,4,F,AK,XC,D
13:50:36,TLKM,RG,3640,10,F,AK,PD,D
13:50:36,TLKM,RG,3640,46,F,AK,BB,D
13:50:36,TLKM,RG,3640,190,F,AK,BK,F
13:50:36,TLKM,RG,3640,2682,F,AK,AK,F
13:50:36,TLKM,RG,3640,266,F,AK,BK,F
13:50:36,TLKM,RG,3640,1765,F,AK,CS,F
13:50:36,TLKM,RG,3640,43,F,AK,CS,F
13:50:36,TLKM,RG,3640,5,F,AK,CC,D
13:50:36,TLKM,RG,3640,1,F,AK,DR,D
13:50:36,TLKM,RG,3640,6,F,AK,CC,D
13:50:36,TLKM,RG,3640,48,F,AK,RX,F
13:50:36,TLKM,RG,3640,178,F,AK,BK,F
13:50:36,TLKM,RG,3640,21,F,AK,AK,F
13:50:36,TLKM,RG,3640,1,F,AK,AK,F
13:50:36,TLKM,RG,3640,28,F,AK,AK,F
13:50:36,TLKM,RG,3640,2,F,AK,XC,D
13:50:36,TLKM,RG,3640,182,F,AK,BK,F
13:50:36,TLKM,RG,3640,18,F,AK,CC,D
13:50:30,TLKM,RG,3630,15,D,AR,CC,D
13:50:23,TLKM,RG,3640,25,D,YP,CC,D
13:50:21,TLKM,RG,3630,13,D,AR,DX,D
13:50:18,TLKM,RG,3640,75,D,CC,CC,D
13:50:07,TLKM,RG,3640,82,F,AK,CC,D
13:50:07,TLKM,RG,3640,1,F,AK,CC,D
13:50:07,TLKM,RG,3640,150,F,AK,CC,D
13:50:07,TLKM,RG,3640,10,F,AK,GR,D
13:50:07,TLKM,RG,3640,288,F,AK,BK,F
13:50:07,TLKM,RG,3640,772,F,AK,AK,F
13:50:07,TLKM,RG,3640,2,D,XC,AK,F
13:50:07,TLKM,RG,3640,2,D,PD,AK,F
13:50:06,TLKM,RG,3630,57,D,AR,BK,F
13:50:06,TLKM,RG,3630,5,D,PD,BK,F
13:50:06,TLKM,RG,3630,1,D,CC,BK,F
13:50:06,TLKM,RG,3630,7,D,SQ,BK,F
13:50:06,TLKM,RG,3630,1,D,DX,BK,F
13:50:06,TLKM,RG,3630,1,D,XC,BK,F
13:50:06,TLKM,RG,3630,4,D,CC,BK,F
13:50:06,TLKM,RG,3630,10,D,CC,BK,F
13:50:06,TLKM,RG,3630,1,D,XC,BK,F
13:50:06,TLKM,RG,3630,60,D,CC,BK,F
13:50:06,TLKM,RG,3630,2,D,CC,BK,F
13:50:06,TLKM,RG,3630,1,D,PD,BK,F
13:50:06,TLKM,RG,3630,1,D,XC,BK,F
13:50:06,TLKM,RG,3630,1,D,PD,BK,F
13:50:06,TLKM,RG,3630,3,D,CC,BK,F
13:50:06,TLKM,RG,3630,1,D,YP,BK,F
13:50:06,TLKM,RG,3630,1,D,XC,BK,F
13:50:06,TLKM,RG,3630,1,D,PD,BK,F
13:50:06,TLKM,RG,3630,2,D,CC,BK,F
13:50:06,TLKM,RG,3630,1,D,XC,BK,F
13:50:06,TLKM,RG,3630,17,D,SQ,BK,F
13:50:06,TLKM,RG,3630,3,D,DX,BK,F
13:50:06,TLKM,RG,3630,10,D,CC,BK,F
13:50:06,TLKM,RG,3630,5,D,CC,BK,F
13:50:06,TLKM,RG,3630,1,D,EP,BK,F
13:50:06,TLKM,RG,3630,3,D,CC,BK,F
13:50:06,TLKM,RG,3630,10,D,YP,BK,F
13:50:06,TLKM,RG,3630,5,D,PD,BK,F
13:50:06,TLKM,RG,3630,1,D,SQ,BK,F
13:50:06,TLKM,RG,3630,1,D,XC,BK,F
13:50:06,TLKM,RG,3630,4,D,XC,BK,F
13:50:06,TLKM,RG,3630,1,D,KK,BK,F
13:50:06,TLKM,RG,3630,650,D,PD,BK,F
13:50:06,TLKM,RG,3630,3,D,PD,BK,F
13:50:06,TLKM,RG,3630,10,D,CC,BK,F
13:50:06,TLKM,RG,3630,2,D,XC,BK,F
13:50:06,TLKM,RG,3630,70,D,DH,BK,F
13:50:06,TLKM,RG,3630,5,D,YP,BK,F
13:50:06,TLKM,RG,3630,1538,D,MG,BK,F
13:50:04,TLKM,RG,3640,1000,F,AK,AK,F
13:50:01,TLKM,RG,3630,13,D,MG,YU,D
13:50:01,TLKM,RG,3630,3,D,MG,YU,D
13:50:00,TLKM,RG,3640,6,D,NI,AK,F
13:49:58,TLKM,RG,3630,7,D,MG,OD,D
13:49:50,TLKM,RG,3640,16,D,EP,AK,F
13:49:41,TLKM,RG,3640,1,D,GR,AK,F
13:49:29,TLKM,RG,3640,1,D,XC,AK,F
13:49:27,TLKM,RG,3640,5,D,XC,AK,F
13:49:25,TLKM,RG,3630,3,D,MG,XC,D
13:49:24,TLKM,RG,3640,2,D,NI,AK,F
13:49:22,TLKM,RG,3640,18,D,CC,AK,F
13:49:21,TLKM,RG,3640,6,D,XL,AK,F
13:49:19,TLKM,RG,3640,2,D,YP,AK,F
13:49:09,TLKM,RG,3640,3,D,NI,AK,F
13:49:01,TLKM,RG,3640,5,D,YP,AK,F
13:49:01,TLKM,RG,3640,21,D,YP,AK,F
13:49:00,TLKM,RG,3630,8,D,MG,OD,D
13:48:38,TLKM,RG,3640,358,F,AK,AK,F
13:48:38,TLKM,RG,3640,1,F,AK,KK,D
13:48:38,TLKM,RG,3640,10,F,AK,NI,D
13:48:38,TLKM,RG,3640,45,F,AK,RX,F
13:48:38,TLKM,RG,3640,3,F,AK,PD,D
13:48:38,TLKM,RG,3640,1,F,AK,NI,D
13:48:38,TLKM,RG,3640,20,F,AK,DX,D
13:48:37,TLKM,RG,3640,2,D,NI,DR,D
13:48:28,TLKM,RG,3640,1,D,XC,DR,D
13:48:24,TLKM,RG,3640,1,D,XC,BK,F
13:48:23,TLKM,RG,3640,3,D,AT,BK,F
13:48:21,TLKM,RG,3640,185,F,AK,BK,F
13:48:21,TLKM,RG,3640,33,F,AK,CS,F
13:48:21,TLKM,RG,3640,2,F,AK,PD,D
13:48:21,TLKM,RG,3640,1,F,AK,XC,D
13:48:21,TLKM,RG,3640,3,F,AK,XC,D
13:48:21,TLKM,RG,3640,198,F,AK,BK,F
13:48:21,TLKM,RG,3640,5,F,AK,PD,D
13:48:21,TLKM,RG,3640,5,F,AK,BB,D
13:48:21,TLKM,RG,3640,1,F,AK,YP,D
13:48:21,TLKM,RG,3640,1,F,AK,YP,D
13:48:21,TLKM,RG,3640,10,F,AK,NI,D
13:48:21,TLKM,RG,3640,1,F,AK,PD,D
13:48:21,TLKM,RG,3640,10,F,AK,AT,D
13:48:21,TLKM,RG,3640,26,F,AK,CC,D
13:48:20,TLKM,RG,3630,260,D,MG,YU,D
13:48:20,TLKM,RG,3630,168,D,MG,YU,D
13:48:20,TLKM,RG,3630,1,D,SQ,YU,D
13:48:20,TLKM,RG,3630,1,D,PD,YU,D
13:48:20,TLKM,RG,3630,5,D,CC,YU,D
13:48:20,TLKM,RG,3630,2,D,PD,YU,D
13:48:20,TLKM,RG,3630,1,D,OD,YU,D
13:48:20,TLKM,RG,3630,5,D,CC,YU,D
13:48:20,TLKM,RG,3630,2,D,KK,YU,D
13:48:20,TLKM,RG,3630,1,D,YP,YU,D
13:48:20,TLKM,RG,3630,2,D,YP,YU,D
13:48:20,TLKM,RG,3630,1,D,PD,YU,D
13:48:20,TLKM,RG,3630,1,D,XC,YU,D
13:48:20,TLKM,RG,3630,5,D,XC,YU,D
13:48:20,TLKM,RG,3630,4,D,XC,YU,D
13:48:20,TLKM,RG,3630,50,D,YP,YU,D
13:48:20,TLKM,RG,3630,5,D,DH,YU,D
13:48:20,TLKM,RG,3630,50,D,NI,YU,D
13:48:19,TLKM,RG,3630,4,D,NI,EP,D
13:48:13,TLKM,RG,3640,10,D,CC,CC,D
13:48:02,TLKM,RG,3640,1,D,TP,CC,D
13:48:02,TLKM,RG,3630,9,D,NI,OD,D
13:47:58,TLKM,RG,3640,10,D,PD,CC,D
13:47:51,TLKM,RG,3640,50,D,YP,CC,D
13:47:49,TLKM,RG,3630,11,D,NI,DX,D
13:47:33,TLKM,RG,3630,10,D,NI,YP,D
13:47:33,TLKM,RG,3630,19,D,NI,BB,D
13:47:24,TLKM,RG,3630,5,D,NI,PD,D
13:47:10,TLKM,RG,3630,12,D,NI,PD,D
13:47:09,TLKM,RG,3630,20,D,NI,KK,D
13:47:07,TLKM,RG,3640,1,D,CC,CC,D
13:47:02,TLKM,RG,3630,7,D,NI,OD,D
13:46:54,TLKM,RG,3630,2,D,NI,XC,D
13:46:29,TLKM,RG,3630,3,D,NI,XC,D
13:46:27,TLKM,RG,3630,1,D,NI,NI,D
13:46:04,TLKM,RG,3630,9,D,NI,OD,D
13:46:01,TLKM,RG,3640,5,D,CC,CC,D
13:46:00,TLKM,RG,3630,13,D,NI,YU,D
13:46:00,TLKM,RG,3630,4,D,NI,YU,D
13:45:59,TLKM,RG,3640,1,D,PD,CC,D
13:45:59,TLKM,RG,3640,3,D,XL,CC,D
13:45:58,TLKM,RG,3640,3,D,XC,CC,D
13:45:50,TLKM,RG,3640,9,D,CC,CC,D
13:45:47,TLKM,RG,3640,10,D,YP,CC,D
13:45:45,TLKM,RG,3630,16,D,NI,CC,D
13:45:43,TLKM,RG,3640,10,D,YU,CC,D
13:45:41,TLKM,RG,3640,43,F,AK,CC,D
13:45:40,TLKM,RG,3630,100,D,NI,DX,D
13:45:33,TLKM,RG,3630,6,D,NI,CC,D
13:45:30,TLKM,RG,3640,10,D,NI,CC,D
13:45:25,TLKM,RG,3640,308,D,YP,CC,D
13:45:25,TLKM,RG,3640,182,D,YP,BK,F
13:45:17,TLKM,RG,3630,11,D,NI,DX,D
13:45:10,TLKM,RG,3640,1,D,XC,BK,F
13:45:02,TLKM,RG,3640,2,D,YP,BK,F
13:45:02,TLKM,RG,3640,21,F,AK,BK,F
13:45:02,TLKM,RG,3640,1,F,AK,YP,D
13:45:02,TLKM,RG,3640,10,F,AK,YP,D
13:45:02,TLKM,RG,3640,6,F,AK,XC,D
13:45:02,TLKM,RG,3640,467,F,AK,AK,F
13:45:02,TLKM,RG,3630,8,D,NI,OD,D
13:45:00,TLKM,RG,3630,335,D,NI,YU,D
13:45:00,TLKM,RG,3630,323,D,NI,YU,D
13:44:50,TLKM,RG,3640,1,D,XC,AK,F
13:44:48,TLKM,RG,3640,10,D,SQ,AK,F
13:44:46,TLKM,RG,3640,4,F,DH,AK,F
13:44:38,TLKM,RG,3640,5,D,CC,AK,F
13:44:33,TLKM,RG,3630,210,D,NI,CC,D
13:44:33,TLKM,RG,3640,1,D,CC,AK,F
13:44:33,TLKM,RG,3640,637,F,AK,AK,F
13:44:32,TLKM,RG,3640,10,D,CC,AK,F
13:44:21,TLKM,RG,3640,249,F,AK,AK,F
13:44:21,TLKM,RG,3640,3,F,AK,EP,D
13:44:21,TLKM,RG,3640,1,F,AK,YP,D
13:44:21,TLKM,RG,3640,118,F,AK,BK,F
13:44:21,TLKM,RG,3640,3,F,AK,XC,D
13:44:21,TLKM,RG,3640,147,F,AK,BK,F
13:44:20,TLKM,RG,3640,500,D,AF,BK,F
13:44:19,TLKM,RG,3630,1,D,NI,KK,D
13:44:02,TLKM,RG,3630,10,D,NI,PD,D
13:43:58,TLKM,RG,3630,8,D,NI,OD,D
13:43:53,TLKM,RG,3630,1,D,NI,XC,D
13:43:52,TLKM,RG,3630,7,D,NI,XC,D
13:43:42,TLKM,RG,3630,1,D,NI,XC,D
13:43:34,TLKM,RG,3630,4,D,NI,DH,D
13:43:27,TLKM,RG,3640,2,D,YU,BK,F
13:43:20,TLKM,RG,3630,1,D,NI,XC,D
13:43:08,TLKM,RG,3640,1,D,XC,BK,F
13:43:08,TLKM,RG,3630,1,D,NI,NI,D
13:43:07,TLKM,RG,3640,3,D,XC,BK,F
13:43:06,TLKM,RG,3640,1,D,XC,BK,F
13:42:57,TLKM,RG,3640,127,D,PD,BK,F
13:42:56,TLKM,RG,3630,7,D,NI,OD,D
13:42:52,TLKM,RG,3640,43,D,PD,BK,F
13:42:50,TLKM,RG,3640,1,D,XC,BK,F
13:42:45,TLKM,RG,3640,43,D,PD,BK,F
13:42:43,TLKM,RG,3630,13,D,NI,DX,D
13:42:42,TLKM,RG,3640,5,D,XC,BK,F
13:42:38,TLKM,RG,3640,3,D,YP,BK,F
13:42:33,TLKM,RG,3640,35,D,EP,BK,F
