Time,Stock,Brd,Price,Qty,BT,BC,SC,ST
15:14:20,TLKM,RG,4080,10,F,KZ,DR,D
15:13:57,TLKM,RG,4080,1,F,KZ,XC,D
15:13:54,TLKM,RG,4080,10,F,KZ,KK,D
15:12:51,TLKM,RG,4080,1,F,KZ,PD,D
15:12:17,TLKM,RG,4080,1,F,KZ,PD,D
15:12:09,TLKM,RG,4080,50,F,KZ,GR,D
15:11:47,TLKM,RG,4080,17,F,KZ,XC,D
15:11:21,TLKM,RG,4080,2,F,KZ,XC,D
15:10:19,TLKM,RG,4080,1,F,KZ,XC,D
15:09:25,TLKM,RG,4080,1,F,KZ,XC,D
15:09:14,TLKM,RG,4080,475,F,KZ,TP,D
15:08:52,TLKM,RG,4080,245,F,KZ,YP,D
15:08:47,TLKM,RG,4080,1,F,KZ,XC,D
15:07:55,TLKM,RG,4080,950,F,KZ,AG,F
15:07:55,TLKM,RG,4080,67,F,KZ,YP,D
15:07:38,TLKM,RG,4080,54,F,KZ,XC,D
15:07:18,TLKM,RG,4080,400,F,KZ,KK,D
15:06:18,TLKM,RG,4080,25,F,KZ,OD,D
15:05:56,TLKM,RG,4080,25,F,KZ,OD,D
15:05:56,TLKM,RG,4080,1,F,KZ,XC,D
15:05:51,TLKM,RG,4080,10,F,KZ,YP,D
15:05:51,TLKM,RG,4080,15,F,KZ,CC,D
15:05:51,TLKM,RG,4080,100,F,KZ,OD,D
15:05:51,TLKM,RG,4080,5,F,KZ,PD,D
15:05:51,TLKM,RG,4080,1,F,KZ,XC,D
15:05:51,TLKM,RG,4080,125,F,KZ,YP,D
15:05:51,TLKM,RG,4080,1,F,KZ,XC,D
15:05:51,TLKM,RG,4080,250,F,KZ,TP,D
15:05:51,TLKM,RG,4080,40,F,KZ,YU,D
15:05:51,TLKM,RG,4080,3,F,KZ,YP,D
15:05:51,TLKM,RG,4080,25,F,KZ,YP,D
15:05:51,TLKM,RG,4080,8,F,KZ,CP,D
15:05:51,TLKM,RG,4080,290,F,KZ,YP,D
15:05:51,TLKM,RG,4080,3000,F,KZ,AO,D
15:05:51,TLKM,RG,4080,8,F,KZ,PD,D
15:05:51,TLKM,RG,4080,3,F,KZ,KK,D
15:05:51,TLKM,RG,4080,125,F,KZ,XC,D
15:05:51,TLKM,RG,4080,259,F,KZ,XC,D
15:05:51,TLKM,RG,4080,25,F,KZ,YP,D
15:05:51,TLKM,RG,4080,2500,F,KZ,RX,F
15:05:51,TLKM,RG,4080,1,F,KZ,PD,D
15:05:51,TLKM,RG,4080,2,F,KZ,DR,D
15:05:51,TLKM,RG,4080,1365,F,KZ,KI,D
15:05:42,TLKM,RG,4080,13,D,XC,KI,D
15:04:49,TLKM,RG,4080,1,D,YP,KI,D
15:04:40,TLKM,RG,4080,3,D,XC,KI,D
15:04:22,TLKM,RG,4080,457,D,YU,KI,D
15:04:10,TLKM,RG,4080,1,D,CC,KI,D
15:03:46,TLKM,RG,4080,1,D,XC,KI,D
15:03:35,TLKM,RG,4080,2,D,YP,KI,D
15:03:14,TLKM,RG,4080,10,D,KK,KI,D
15:03:06,TLKM,RG,4080,1,D,XC,KI,D
15:03:02,TLKM,RG,4080,1,D,YP,KI,D
15:02:54,TLKM,RG,4080,1,D,XC,KI,D
15:02:53,TLKM,RG,4080,2,D,YP,KI,D
15:02:45,TLKM,RG,4080,1,D,XC,KI,D
15:02:37,TLKM,RG,4080,2,D,YP,KI,D
15:02:36,TLKM,RG,4080,20,D,DX,KI,D
15:01:53,TLKM,RG,4080,10,D,KK,KI,D
15:01:42,TLKM,RG,4080,609,D,DR,KI,D
15:01:42,TLKM,RG,4080,391,D,DR,KI,D
15:01:05,TLKM,RG,4080,1000,D,DR,KI,D
15:01:04,TLKM,RG,4080,2,D,AT,KI,D
15:00:00,TLKM,RG,4080,20,D,YP,KI,D
15:00:00,TLKM,RG,4080,87,F,CS,KI,D
15:00:00,TLKM,RG,4080,2,F,CS,PD,D
15:00:00,TLKM,RG,4080,8,F,CS,CC,D
15:00:00,TLKM,RG,4080,1,F,CS,YP,D
15:00:00,TLKM,RG,4080,2345,F,CS,YP,D
15:00:00,TLKM,RG,4080,2443,F,CS,YP,D
15:00:00,TLKM,RG,4080,712,F,CS,YP,D
15:00:00,TLKM,RG,4080,3,F,CS,YB,D
15:00:00,TLKM,RG,4080,2,F,CS,CP,D
15:00:00,TLKM,RG,4080,11,F,CS,NI,D
15:00:00,TLKM,RG,4080,1715,F,CS,GR,D
15:00:00,TLKM,RG,4080,2443,F,CS,GR,D
15:00:00,TLKM,RG,4080,2443,F,CS,GR,D
15:00:00,TLKM,RG,4080,2443,F,CS,GR,D
15:00:00,TLKM,RG,4080,2443,F,CS,GR,D
15:00:00,TLKM,RG,4080,2443,F,CS,GR,D
15:00:00,TLKM,RG,4080,24,D,YP,GR,D
15:00:00,TLKM,RG,4080,100,D,YB,GR,D
15:00:00,TLKM,RG,4080,200,D,YB,GR,D
15:00:00,TLKM,RG,4080,10,D,PD,GR,D
15:00:00,TLKM,RG,4080,4,D,PD,GR,D
15:00:00,TLKM,RG,4080,1,D,PD,GR,D
15:00:00,TLKM,RG,4080,1,D,PD,GR,D
15:00:00,TLKM,RG,4080,1,D,YP,GR,D
15:00:00,TLKM,RG,4080,5,D,NI,GR,D
15:00:00,TLKM,RG,4080,4,D,YP,GR,D
15:00:00,TLKM,RG,4080,5,D,NI,GR,D
15:00:00,TLKM,RG,4080,10,D,YP,GR,D
15:00:00,TLKM,RG,4080,5,D,NI,GR,D
15:00:00,TLKM,RG,4080,1512,F,CS,GR,D
15:00:00,TLKM,RG,4080,2437,F,CS,GR,D
15:00:00,TLKM,RG,4080,2437,F,CS,GR,D
15:00:00,TLKM,RG,4080,10,D,YP,GR,D
15:00:00,TLKM,RG,4080,5,D,XC,GR,D
15:00:00,TLKM,RG,4080,5,D,AT,GR,D
15:00:00,TLKM,RG,4080,1,D,YP,GR,D
15:00:00,TLKM,RG,4080,2,D,XC,GR,D
15:00:00,TLKM,RG,4080,1,D,XC,GR,D
15:00:00,TLKM,RG,4080,1,D,PD,GR,D
15:00:00,TLKM,RG,4080,4,D,YP,GR,D
15:00:00,TLKM,RG,4080,1,D,XC,GR,D
15:00:00,TLKM,RG,4080,10,D,XL,GR,D
15:00:00,TLKM,RG,4080,1,D,XC,GR,D
15:00:00,TLKM,RG,4080,1,D,PD,GR,D
15:00:00,TLKM,RG,4080,5,D,PD,GR,D
15:00:00,TLKM,RG,4080,1,D,PD,GR,D
15:00:00,TLKM,RG,4080,12,D,KK,GR,D
15:00:00,TLKM,RG,4080,2,D,XC,GR,D
15:00:00,TLKM,RG,4080,1,D,NI,GR,D
15:00:00,TLKM,RG,4080,50,D,LG,GR,D
15:00:00,TLKM,RG,4080,5,D,PD,GR,D
15:00:00,TLKM,RG,4080,1,D,AG,GR,D
15:00:00,TLKM,RG,4080,6946,F,BK,GR,D
15:00:00,TLKM,RG,4080,5,D,MG,GR,D
15:00:00,TLKM,RG,4080,8500,D,DR,GR,D
15:00:00,TLKM,RG,4080,6500,D,DR,GR,D
15:00:00,TLKM,RG,4080,1,D,YP,GR,D
15:00:00,TLKM,RG,4080,2,D,CC,GR,D
15:00:00,TLKM,RG,4080,3,D,CC,GR,D
15:00:00,TLKM,RG,4080,1,D,AT,GR,D
15:00:00,TLKM,RG,4080,410,D,ID,GR,D
15:00:00,TLKM,RG,4080,1,D,GR,GR,D
15:00:00,TLKM,RG,4080,2,D,YP,GR,D
15:00:00,TLKM,RG,4080,6214,F,BK,GR,D
15:00:00,TLKM,RG,4080,1120,F,BK,YP,D
15:00:00,TLKM,RG,4080,1520,F,ZP,YP,D
15:00:00,TLKM,RG,4080,1,F,ZP,YP,D
15:00:00,TLKM,RG,4080,1359,F,ZP,YP,D
15:00:00,TLKM,RG,4080,1000,F,ZP,MG,D
15:00:00,TLKM,RG,4080,2756,F,ZP,RX,F
15:00:00,TLKM,RG,4080,374,F,ZP,RX,F
15:00:00,TLKM,RG,4080,773,D,YU,RX,F
15:00:00,TLKM,RG,4080,2798,F,KZ,RX,F
15:00:00,TLKM,RG,4080,3299,F,KZ,RX,F
15:00:00,TLKM,RG,4080,20,F,KZ,TP,D
15:00:00,TLKM,RG,4080,358,F,KZ,ZP,F
15:00:00,TLKM,RG,4080,3104,F,KZ,ZP,F
15:00:00,TLKM,RG,4080,5001,F,KZ,ZP,F
15:00:00,TLKM,RG,4080,1703,F,KZ,ZP,F
15:00:00,TLKM,RG,4080,1212,F,KZ,AK,F
15:00:00,TLKM,RG,4080,806,F,KZ,OD,D
15:00:00,TLKM,RG,4080,273,F,KZ,PD,D
15:00:00,TLKM,RG,4080,3188,F,KZ,PD,D
15:00:00,TLKM,RG,4080,5343,F,KZ,PD,D
15:00:00,TLKM,RG,4080,3088,F,KZ,PD,D
15:00:00,TLKM,RG,4080,266,F,KZ,PD,D
15:00:00,TLKM,RG,4080,1844,F,BK,PD,D
15:00:00,TLKM,RG,4080,682,F,BK,BK,F
15:00:00,TLKM,RG,4080,504,F,BK,BK,F
15:00:00,TLKM,RG,4080,152,F,BK,BK,F
15:00:00,TLKM,RG,4080,197,F,ZP,BK,F
15:00:00,TLKM,RG,4080,1003,F,ZP,CS,F
15:00:00,TLKM,RG,4080,57,F,DX,CS,F
15:00:00,TLKM,RG,4080,10838,F,AK,CS,F
15:00:00,TLKM,RG,4080,5372,F,AK,KZ,D
15:00:00,TLKM,RG,4080,303,F,AK,KZ,D
15:00:00,TLKM,RG,4080,240,F,AK,KZ,D
15:00:00,TLKM,RG,4080,85,F,AK,KZ,D
15:00:00,TLKM,RG,4080,54,F,AK,KZ,F
15:00:00,TLKM,RG,4080,13,F,AK,KZ,F
15:00:00,TLKM,RG,4080,425,F,AK,KZ,F
15:00:00,TLKM,RG,4080,98,F,AK,AK,F
15:00:00,TLKM,RG,4080,27,F,AK,AK,F
15:00:00,TLKM,RG,4080,5,F,AK,RX,F
15:00:00,TLKM,RG,4080,269,F,AK,RX,F
15:00:00,TLKM,RG,4080,30,F,AK,RX,F
15:00:00,TLKM,RG,4080,325,F,AK,RX,F
15:00:00,TLKM,RG,4080,369,F,AK,RX,F
15:00:00,TLKM,RG,4080,315,F,AK,RX,F
15:00:00,TLKM,RG,4080,22,F,AK,RX,F
15:00:00,TLKM,RG,4080,171,F,AK,RX,F
15:00:00,TLKM,RG,4080,388,F,AK,RX,F
15:00:00,TLKM,RG,4080,2479,F,YU,RX,F
15:00:00,TLKM,RG,4080,29,F,ZP,RX,F
15:00:00,TLKM,RG,4080,900,F,ZP,RX,F
15:00:00,TLKM,RG,4080,3,F,ZP,RX,F
15:00:00,TLKM,RG,4080,75,F,ZP,RX,F
15:00:00,TLKM,RG,4080,68,F,ZP,RX,F
15:00:00,TLKM,RG,4080,659,F,ZP,RX,F
15:00:00,TLKM,RG,4080,1998,F,ZP,RX,F
15:00:00,TLKM,RG,4080,880,F,ZP,RX,F
15:00:00,TLKM,RG,4080,3067,F,ZP,RX,F
15:00:00,TLKM,RG,4080,488,F,YU,RX,F
15:00:00,TLKM,RG,4080,4183,F,YU,RX,F
15:00:00,TLKM,RG,4080,439,F,YU,AK,F
15:00:00,TLKM,RG,4080,1421,F,YU,YU,F
15:00:00,TLKM,RG,4080,6071,D,YU,YU,F
15:00:00,TLKM,RG,4080,3465,F,YU,YU,F
15:00:00,TLKM,RG,4080,1238,F,YU,RX,F
15:00:00,TLKM,RG,4080,51,F,YU,RX,F
15:00:00,TLKM,RG,4080,361,F,YU,RX,F
15:00:00,TLKM,RG,4080,190,F,YU,RX,F
15:00:00,TLKM,RG,4080,2215,F,YU,RX,F
15:00:00,TLKM,RG,4080,168,F,YU,RX,F
15:00:00,TLKM,RG,4080,168,F,YU,RX,F
15:00:00,TLKM,RG,4080,168,F,YU,RX,F
15:00:00,TLKM,RG,4080,1000,D,RX,RX,F
15:00:00,TLKM,RG,4080,237,D,DR,RX,F
15:00:00,TLKM,RG,4080,385,D,SQ,RX,F
14:49:59,TLKM,RG,4090,1,F,AK,AZ,D
14:49:59,TLKM,RG,4090,1,F,AK,AZ,D
14:49:58,TLKM,RG,4080,6,F,BK,AK,F
14:49:58,TLKM,RG,4090,1,F,AK,AZ,D
14:49:58,TLKM,RG,4090,1,F,AK,AZ,D
14:49:58,TLKM,RG,4090,1,F,AK,AZ,D
14:49:58,TLKM,RG,4080,1,F,BK,AK,F
14:49:58,TLKM,RG,4090,1,F,AK,AZ,D
14:49:58,TLKM,RG,4090,1,F,AK,AZ,D
14:49:58,TLKM,RG,4090,1,F,AK,AZ,D
14:49:57,TLKM,RG,4090,1,F,ZP,AZ,D
14:49:57,TLKM,RG,4090,54,F,BK,AZ,D
14:49:54,TLKM,RG,4090,68,F,BK,AZ,D
14:49:52,TLKM,RG,4090,9,F,ZP,AZ,D
14:49:52,TLKM,RG,4080,3,F,ZP,AK,F
14:49:52,TLKM,RG,4080,1,F,ZP,AK,F
14:49:52,TLKM,RG,4090,2,F,ZP,AZ,D
14:49:52,TLKM,RG,4090,5,F,AK,AZ,D
14:49:51,TLKM,RG,4090,18,F,AK,AZ,D
14:49:51,TLKM,RG,4090,3,F,AK,AZ,D
14:49:51,TLKM,RG,4090,2,F,AK,AZ,D
14:49:51,TLKM,RG,4090,1,F,AK,AZ,D
14:49:51,TLKM,RG,4090,1,F,AK,AZ,D
14:49:51,TLKM,RG,4090,1,D,AG,AZ,D
14:49:50,TLKM,RG,4090,15,F,AK,AZ,D
14:49:50,TLKM,RG,4090,3,F,AK,AZ,D
14:49:50,TLKM,RG,4090,2,F,AK,AZ,D
14:49:49,TLKM,RG,4090,164,F,BK,AZ,D
14:49:49,TLKM,RG,4090,2,D,SQ,AZ,D
14:49:49,TLKM,RG,4080,1,F,ZP,RX,F
14:49:47,TLKM,RG,4080,3,F,ZP,AK,F
14:49:46,TLKM,RG,4090,1,F,KZ,AZ,D
14:49:46,TLKM,RG,4090,11,F,ZP,AZ,D
14:49:46,TLKM,RG,4090,581,F,KZ,AZ,D
14:49:45,TLKM,RG,4090,7,F,AK,AZ,D
14:49:45,TLKM,RG,4090,1,F,AK,AZ,D
14:49:45,TLKM,RG,4090,5,F,AK,AZ,D
14:49:45,TLKM,RG,4090,15,F,AK,AZ,D
14:49:45,TLKM,RG,4090,3,F,AK,AZ,D
14:49:44,TLKM,RG,4090,3,D,XC,AZ,D
14:49:39,TLKM,RG,4090,4,F,ZP,AZ,D
14:49:37,TLKM,RG,4090,1,F,AK,AZ,D
14:49:36,TLKM,RG,4090,50,F,BK,AZ,D
14:49:32,TLKM,RG,4090,55,F,BK,AZ,D
14:49:32,TLKM,RG,4080,185,F,BK,RX,F
14:49:31,TLKM,RG,4090,1,F,KZ,AZ,D
14:49:30,TLKM,RG,4090,211,F,YU,AZ,D
14:49:30,TLKM,RG,4090,30,F,AK,AZ,D
14:49:30,TLKM,RG,4090,10,F,AK,AZ,D
14:49:30,TLKM,RG,4090,407,F,YU,AZ,D
14:49:30,TLKM,RG,4090,1,F,AK,AZ,D
14:49:30,TLKM,RG,4090,25,F,AK,AZ,D
14:49:30,TLKM,RG,4090,8,F,AK,AZ,D
14:49:30,TLKM,RG,4090,8,F,AK,AZ,D
14:49:27,TLKM,RG,4090,55,F,BK,AZ,D
14:49:22,TLKM,RG,4090,97,F,BK,AZ,D
14:49:21,TLKM,RG,4090,1,F,KZ,AZ,D
14:49:21,TLKM,RG,4080,63,F,BK,RX,F
14:49:21,TLKM,RG,4080,12,F,ZP,RX,F
14:49:19,TLKM,RG,4080,3,F,ZP,RX,F
14:49:18,TLKM,RG,4090,2,F,KZ,AZ,D
14:49:17,TLKM,RG,4080,4,F,ZP,SQ,D
14:49:17,TLKM,RG,4080,3,F,KZ,SQ,D
14:49:17,TLKM,RG,4090,55,F,BK,AZ,D
14:49:16,TLKM,RG,4090,1,F,KZ,AZ,D
14:49:16,TLKM,RG,4090,348,D,MG,AZ,D
14:49:16,TLKM,RG,4090,360,D,MG,YP,D
14:49:16,TLKM,RG,4090,25,D,MG,YP,D
14:49:16,TLKM,RG,4090,267,D,MG,CS,F
14:49:16,TLKM,RG,4090,503,F,KZ,CS,F
14:49:14,TLKM,RG,4090,55,F,BK,CS,F
14:49:12,TLKM,RG,4080,10,F,BK,RX,D
14:49:09,TLKM,RG,4070,18,D,YU,ZP,F
14:49:09,TLKM,RG,4080,10,F,ZP,RX,D
14:49:09,TLKM,RG,4080,25,F,ZP,YP,D
14:49:09,TLKM,RG,4080,1,F,ZP,XC,D
14:49:09,TLKM,RG,4080,10,F,ZP,KK,D
14:49:09,TLKM,RG,4080,9,F,ZP,KK,D
14:49:09,TLKM,RG,4080,15,F,ZP,ZP,F
14:49:09,TLKM,RG,4080,21,F,ZP,AK,F
14:49:09,TLKM,RG,4080,15,F,ZP,RX,D
14:49:09,TLKM,RG,4080,354,F,ZP,RX,F
14:49:09,TLKM,RG,4080,87,F,ZP,RX,F
14:49:09,TLKM,RG,4080,37,F,ZP,AK,F
14:49:09,TLKM,RG,4080,173,F,ZP,CS,F
14:49:09,TLKM,RG,4080,1,D,PD,CS,F
14:49:08,TLKM,RG,4070,181,D,YU,RX,F
14:49:08,TLKM,RG,4080,1,F,ZP,CS,F
14:49:08,TLKM,RG,4080,18,F,DX,CS,F
14:49:08,TLKM,RG,4080,2,F,ZP,CS,F
14:49:06,TLKM,RG,4070,19,D,YU,RX,F
14:49:02,TLKM,RG,4070,33,D,YU,BK,F
14:49:02,TLKM,RG,4070,57,D,YU,AK,F
14:49:01,TLKM,RG,4080,4,D,YP,CS,F
14:49:00,TLKM,RG,4070,10,D,YU,AK,F
14:49:00,TLKM,RG,4070,5,D,YU,AK,F
14:49:00,TLKM,RG,4070,2,D,YU,AK,F
14:49:00,TLKM,RG,4070,1,D,YU,AK,F
14:49:00,TLKM,RG,4080,54,F,AK,CS,F
14:49:00,TLKM,RG,4080,27,F,AK,CS,F
14:49:00,TLKM,RG,4080,12,F,AK,CS,F
14:49:00,TLKM,RG,4080,9,F,AK,CS,F
14:49:00,TLKM,RG,4070,27,D,YU,AK,F
14:49:00,TLKM,RG,4070,12,D,YU,AK,F
14:49:00,TLKM,RG,4070,6,D,YU,AK,F
14:49:00,TLKM,RG,4070,2,D,YU,AK,F
14:49:00,TLKM,RG,4070,1,D,YU,AK,F
14:49:00,TLKM,RG,4080,1,F,AK,CS,F
14:49:00,TLKM,RG,4070,2,D,YU,AK,F
14:48:59,TLKM,RG,4080,70,F,ZP,CS,F
14:48:59,TLKM,RG,4080,1,F,ZP,CS,F
14:48:58,TLKM,RG,4070,218,D,YU,RX,F
14:48:56,TLKM,RG,4070,11,D,YU,RX,F
14:48:49,TLKM,RG,4080,53,F,ZP,CS,F
14:48:48,TLKM,RG,4070,184,D,YU,RX,F
14:48:48,TLKM,RG,4070,4,D,YU,YP,D
14:48:48,TLKM,RG,4070,18,D,YU,AK,F
14:48:48,TLKM,RG,4070,38,D,YU,AK,F
14:48:47,TLKM,RG,4080,1,D,CC,CS,F
14:48:46,TLKM,RG,4080,1,F,KZ,CS,F
14:48:46,TLKM,RG,4070,84,D,YU,ZP,F
14:48:46,TLKM,RG,4080,414,F,KZ,CS,F
14:48:43,TLKM,RG,4080,50,D,LG,CS,F
14:48:42,TLKM,RG,4080,100,F,ZP,CS,F
14:48:41,TLKM,RG,4070,63,D,YU,ZP,F
14:48:41,TLKM,RG,4080,1,F,KZ,CS,F
14:48:39,TLKM,RG,4070,243,D,YU,RX,F
14:48:33,TLKM,RG,4080,1,F,KZ,CS,F
14:48:30,TLKM,RG,4070,500,D,YU,YU,F
14:48:29,TLKM,RG,4070,179,D,YU,RX,F
14:48:28,TLKM,RG,4080,87,F,ZP,CS,F
14:48:27,TLKM,RG,4070,6,D,YU,XA,D
14:48:27,TLKM,RG,4070,1,D,YU,RX,F
14:48:25,TLKM,RG,4080,100,D,BQ,CS,F
14:48:25,TLKM,RG,4080,100,D,SQ,CS,F
14:48:22,TLKM,RG,4070,16,D,YU,RX,D
14:48:21,TLKM,RG,4080,1,F,KZ,CS,F
14:48:19,TLKM,RG,4070,164,D,YU,RX,F
14:48:17,TLKM,RG,4070,1,D,YU,RX,F
14:48:16,TLKM,RG,4080,44,F,ZP,CS,F
14:48:16,TLKM,RG,4080,98,F,KZ,CS,F
14:48:12,TLKM,RG,4080,1,F,KZ,CS,F
14:48:10,TLKM,RG,4080,2,D,YP,CS,F
14:48:10,TLKM,RG,4080,73,F,ZP,CS,F
14:48:10,TLKM,RG,4070,308,D,YU,RX,F
14:48:10,TLKM,RG,4080,1,D,PD,CS,F
14:48:06,TLKM,RG,4080,39,F,KZ,CS,F
14:48:05,TLKM,RG,4080,6,D,XC,CS,F
14:48:02,TLKM,RG,4080,2,F,KZ,CS,F
14:48:02,TLKM,RG,4070,129,D,YU,RX,F
14:48:02,TLKM,RG,4070,1,D,PD,RX,F
14:48:02,TLKM,RG,4070,2,D,XC,RX,F
14:48:02,TLKM,RG,4070,1,D,XC,RX,F
14:48:02,TLKM,RG,4070,1,D,XC,RX,F
14:48:02,TLKM,RG,4070,5,D,XC,RX,F
14:48:01,TLKM,RG,4080,10,D,PD,CS,F
14:48:01,TLKM,RG,4080,932,F,KZ,CS,F
14:48:01,TLKM,RG,4080,52,F,KZ,BK,F
14:48:01,TLKM,RG,4080,48,F,KZ,AK,F
14:48:01,TLKM,RG,4080,31,F,KZ,ZP,F
14:48:00,TLKM,RG,4080,1,F,KZ,ZP,F
14:48:00,TLKM,RG,4080,1,F,KZ,ZP,F
14:48:00,TLKM,RG,4080,2,F,KZ,ZP,F
14:48:00,TLKM,RG,4070,2,D,XC,RX,F
14:48:00,TLKM,RG,4070,1,D,XC,YU,F
14:47:59,TLKM,RG,4080,10,F,ZP,ZP,F
14:47:53,TLKM,RG,4080,5,D,NI,ZP,F
14:47:52,TLKM,RG,4070,29,D,XC,RX,F
14:47:52,TLKM,RG,4070,20,D,SQ,RX,F
14:47:52,TLKM,RG,4070,3,D,SQ,RX,F
14:47:52,TLKM,RG,4070,25,D,SQ,RX,F
14:47:52,TLKM,RG,4070,1,D,YP,RX,F
14:47:52,TLKM,RG,4070,2,D,YP,RX,F
14:47:52,TLKM,RG,4070,25,D,TP,RX,F
14:47:52,TLKM,RG,4070,2,D,PD,RX,F
14:47:52,TLKM,RG,4070,24,D,YP,RX,F
14:47:52,TLKM,RG,4070,26,D,XC,RX,F
14:47:47,TLKM,RG,4070,3,D,XC,CS,D
14:47:41,TLKM,RG,4070,120,D,XC,RX,F
14:47:41,TLKM,RG,4070,1,D,DR,RX,F
14:47:41,TLKM,RG,4070,5,D,PD,RX,F
14:47:41,TLKM,RG,4070,6,F,GR,RX,F
14:47:38,TLKM,RG,4070,16,F,GR,RX,D
14:47:37,TLKM,RG,4070,2,F,GR,XC,D
14:47:36,TLKM,RG,4070,4,F,GR,CS,D
14:47:32,TLKM,RG,4080,5,D,YU,CS,D
14:47:32,TLKM,RG,4080,5,D,YU,SQ,D
14:47:31,TLKM,RG,4070,117,F,GR,RX,F
14:47:29,TLKM,RG,4070,5,F,GR,RX,F
14:47:26,TLKM,RG,4080,3,D,XC,AZ,D
14:47:26,TLKM,RG,4070,5,F,GR,CS,D
14:47:25,TLKM,RG,4070,54,F,GR,BK,F
14:47:22,TLKM,RG,4070,249,F,GR,RX,F
14:47:20,TLKM,RG,4070,9,F,GR,CS,D
14:47:20,TLKM,RG,4070,16,F,GR,RX,F
14:47:15,TLKM,RG,4080,601,D,RX,AZ,D
14:47:15,TLKM,RG,4080,24,D,PD,AZ,D
14:47:12,TLKM,RG,4070,17,F,GR,RX,F
14:47:12,TLKM,RG,4070,20,D,TP,RX,F
14:47:12,TLKM,RG,4070,5,D,TP,RX,F
14:47:12,TLKM,RG,4070,1,D,PD,RX,F
14:47:12,TLKM,RG,4070,5,D,PD,RX,F
14:47:12,TLKM,RG,4070,4,D,CC,RX,F
14:47:12,TLKM,RG,4070,1,D,GR,RX,F
14:47:12,TLKM,RG,4070,110,D,XC,RX,F
14:47:12,TLKM,RG,4070,125,D,XC,RX,F
14:47:12,TLKM,RG,4070,25,D,TP,RX,F
14:47:12,TLKM,RG,4070,1,D,PD,RX,F
14:47:12,TLKM,RG,4070,5,D,XC,RX,F
14:47:12,TLKM,RG,4070,2,D,CC,RX,F
14:47:12,TLKM,RG,4080,1,D,YU,AZ,D
14:47:11,TLKM,RG,4080,70,F,ZP,AZ,D
14:47:10,TLKM,RG,4080,53,F,ZP,AZ,D
14:47:09,TLKM,RG,4080,181,F,AK,AZ,D
14:47:09,TLKM,RG,4070,3,D,CC,CS,D
14:47:09,TLKM,RG,4080,24,F,AK,AZ,D
14:47:09,TLKM,RG,4080,701,F,BK,AZ,D
14:47:09,TLKM,RG,4080,42,F,BK,AZ,D
14:47:09,TLKM,RG,4080,32,F,ZP,AZ,D
14:47:09,TLKM,RG,4080,2,F,YP,AZ,D
14:47:09,TLKM,RG,4080,1,F,KZ,AZ,D
14:47:09,TLKM,RG,4080,34,F,ZP,AZ,D
14:47:09,TLKM,RG,4080,9,F,AK,AZ,D
14:47:09,TLKM,RG,4080,1,F,AK,AZ,D
14:47:09,TLKM,RG,4080,21,F,ZP,AZ,D
14:47:09,TLKM,RG,4080,66,F,AK,AZ,D
14:47:09,TLKM,RG,4080,48,F,AK,AK,F
14:47:06,TLKM,RG,4080,4,F,AK,CS,D
14:47:06,TLKM,RG,4090,1,D,CC,CS,F
14:47:03,TLKM,RG,4080,617,F,AK,RX,F
14:47:02,TLKM,RG,4080,1,F,AK,EP,D
14:47:02,TLKM,RG,4080,402,F,AK,CC,F
14:47:02,TLKM,RG,4080,42,F,ZP,CC,F
14:47:02,TLKM,RG,4080,7,D,YP,CC,F
14:47:02,TLKM,RG,4080,6,F,KZ,CC,F
14:47:02,TLKM,RG,4080,138,F,ZP,CC,F
14:47:02,TLKM,RG,4080,1858,F,KZ,CC,F
14:47:02,TLKM,RG,4080,1,F,KZ,CC,F
14:47:02,TLKM,RG,4080,679,F,BK,CC,F
14:47:01,TLKM,RG,4080,6,F,BK,CS,D
14:47:01,TLKM,RG,4080,7,F,BK,ZP,F
14:47:01,TLKM,RG,4080,1,D,XC,ZP,F
14:47:01,TLKM,RG,4080,1,F,KZ,ZP,F
14:47:01,TLKM,RG,4080,1,F,KZ,ZP,F
14:47:01,TLKM,RG,4080,63,F,ZP,ZP,F
14:47:01,TLKM,RG,4080,67,F,ZP,RX,F
14:47:01,TLKM,RG,4080,1,F,KZ,RX,F
14:47:01,TLKM,RG,4080,3,F,ZP,RX,F
14:47:01,TLKM,RG,4080,51,F,AK,RX,F
14:47:01,TLKM,RG,4080,17,F,ZP,RX,F
14:47:00,TLKM,RG,4080,6,F,ZP,AK,D
14:47:00,TLKM,RG,4080,11,F,ZP,AK,D
14:47:00,TLKM,RG,4080,57,F,ZP,AK,D
14:47:00,TLKM,RG,4080,1,F,ZP,AK,D
14:46:57,TLKM,RG,4080,5,F,ZP,AK,D
14:46:57,TLKM,RG,4080,3,F,ZP,AK,D
14:46:57,TLKM,RG,4080,10,F,ZP,XC,D
14:46:57,TLKM,RG,4080,2,F,ZP,AK,D
14:46:55,TLKM,RG,4080,16,F,ZP,DP,F
14:46:55,TLKM,RG,4080,12,F,AK,DP,F
14:46:54,TLKM,RG,4080,1,F,AK,AK,D
14:46:52,TLKM,RG,4080,5,F,AK,CS,D
14:46:50,TLKM,RG,4080,317,F,AK,RX,F
14:46:48,TLKM,RG,4080,25,F,AK,DP,F
14:46:48,TLKM,RG,4090,1163,F,KZ,CS,F
14:46:46,TLKM,RG,4080,16,F,AK,RX,D
14:46:44,TLKM,RG,4080,111,F,AK,RX,F
14:46:44,TLKM,RG,4080,25,F,YU,RX,F
14:46:42,TLKM,RG,4080,1,F,YU,RX,F
14:46:39,TLKM,RG,4090,1,D,XC,CS,F
14:46:34,TLKM,RG,4080,186,F,YU,RX,F
14:46:34,TLKM,RG,4080,1,D,XC,RX,F
14:46:34,TLKM,RG,4080,60,D,SQ,RX,F
14:46:34,TLKM,RG,4080,2,D,CC,RX,F
14:46:34,TLKM,RG,4080,1,D,PD,RX,F
14:46:34,TLKM,RG,4080,2,D,XC,RX,F
14:46:34,TLKM,RG,4080,5,D,YP,RX,F
14:46:34,TLKM,RG,4080,2,D,XC,RX,F
14:46:34,TLKM,RG,4080,2,D,XC,RX,F
14:46:34,TLKM,RG,4080,1,D,LS,RX,F
14:46:34,TLKM,RG,4080,1,D,NI,RX,F
14:46:34,TLKM,RG,4080,200,D,XA,RX,F
14:46:34,TLKM,RG,4080,20,D,LG,RX,F
14:46:34,TLKM,RG,4080,7,D,PD,RX,F
14:46:34,TLKM,RG,4080,5,D,YB,RX,F
14:46:34,TLKM,RG,4080,1,D,XC,RX,F
14:46:34,TLKM,RG,4080,10,D,PD,RX,F
14:46:34,TLKM,RG,4080,2,F,NI,RX,F
14:46:34,TLKM,RG,4080,150,D,PD,RX,F
14:46:34,TLKM,RG,4080,10,D,XC,RX,F
14:46:34,TLKM,RG,4080,5,D,NI,RX,F
14:46:34,TLKM,RG,4080,1,D,XC,RX,F
14:46:34,TLKM,RG,4080,1,D,KK,RX,F
14:46:34,TLKM,RG,4080,30,D,PD,RX,F
14:46:34,TLKM,RG,4080,5,D,PD,RX,F
14:46:34,TLKM,RG,4080,2,D,XC,RX,F
14:46:34,TLKM,RG,4080,1,D,XC,RX,F
14:46:34,TLKM,RG,4080,1,D,EP,RX,F
14:46:34,TLKM,RG,4080,1,D,XC,RX,F
14:46:34,TLKM,RG,4080,5,D,XL,RX,F
14:46:34,TLKM,RG,4080,5,D,PD,RX,F
14:46:34,TLKM,RG,4080,1,D,XC,RX,F
14:46:34,TLKM,RG,4080,1,D,XC,RX,F
14:46:34,TLKM,RG,4080,5,D,YP,RX,F
14:46:34,TLKM,RG,4080,1,D,XC,RX,F
14:46:34,TLKM,RG,4080,1,D,PD,RX,F
14:46:34,TLKM,RG,4080,1,D,PD,RX,F
14:46:34,TLKM,RG,4080,1,D,XC,RX,F
14:46:34,TLKM,RG,4080,6,D,NI,RX,F
14:46:34,TLKM,RG,4080,10,F,NI,RX,F
14:46:34,TLKM,RG,4080,1,D,XA,RX,F
14:46:34,TLKM,RG,4080,852,D,RX,RX,F
14:46:32,TLKM,RG,4090,500,D,YP,CS,F
14:46:32,TLKM,RG,4080,130,D,RX,RX,F
14:46:30,TLKM,RG,4080,18,D,RX,DP,F
14:46:30,TLKM,RG,4080,5,D,PD,DP,F
14:46:30,TLKM,RG,4080,1,D,XC,DP,F
14:46:30,TLKM,RG,4080,1,D,CC,DP,F
14:46:30,TLKM,RG,4080,1,D,YP,DP,F
14:46:30,TLKM,RG,4080,1,D,XC,DP,F
14:46:30,TLKM,RG,4080,2,D,YP,DP,F
14:46:30,TLKM,RG,4080,3,D,PD,DP,F
14:46:29,TLKM,RG,4090,4,F,AK,AK,F
14:46:29,TLKM,RG,4090,138,F,ZP,AK,F
14:46:29,TLKM,RG,4090,12,F,AK,AK,F
14:46:29,TLKM,RG,4090,541,F,AK,AK,F
14:46:29,TLKM,RG,4090,117,F,ZP,AK,F
14:46:29,TLKM,RG,4090,838,F,AK,AK,F
14:46:28,TLKM,RG,4090,932,F,AK,CC,F
14:46:28,TLKM,RG,4090,51,F,AK,CC,F
14:46:28,TLKM,RG,4090,1,D,XC,CC,F
14:46:28,TLKM,RG,4090,261,F,ZP,CC,F
14:46:28,TLKM,RG,4090,13,F,AK,CC,F
14:46:28,TLKM,RG,4090,36,F,KZ,CC,F
14:46:28,TLKM,RG,4090,10,F,CC,CC,F
14:46:28,TLKM,RG,4090,95,F,ZP,CC,F
14:46:28,TLKM,RG,4090,48,F,KZ,CC,F
14:46:28,TLKM,RG,4090,20,F,KZ,CC,F
14:46:28,TLKM,RG,4090,43,F,AK,CC,F
14:46:28,TLKM,RG,4090,24,F,AK,CC,F
14:46:28,TLKM,RG,4090,116,F,AK,CC,F
14:46:28,TLKM,RG,4090,1,D,RX,CC,F
14:46:28,TLKM,RG,4090,42,D,RX,AK,F
14:46:28,TLKM,RG,4090,1,D,DR,AK,F
14:46:28,TLKM,RG,4090,327,F,KZ,AK,F
14:46:28,TLKM,RG,4090,2,D,XC,AK,F
14:46:28,TLKM,RG,4090,27,F,ZP,AK,F
14:46:28,TLKM,RG,4090,217,F,KZ,AK,F
14:46:28,TLKM,RG,4090,134,F,KZ,AK,F
14:46:28,TLKM,RG,4090,1,D,AT,AK,F
14:46:28,TLKM,RG,4090,1,D,NI,AK,F
14:46:28,TLKM,RG,4090,74,F,KZ,AK,F
14:46:28,TLKM,RG,4090,1,D,PD,AK,F
14:46:28,TLKM,RG,4090,143,D,DR,AK,F
14:46:28,TLKM,RG,4090,369,F,KZ,AK,F
14:46:27,TLKM,RG,4090,51,F,KZ,BK,F
14:46:27,TLKM,RG,4090,519,F,KZ,AK,F
14:46:27,TLKM,RG,4090,2,D,NI,AK,F
14:46:27,TLKM,RG,4090,15,D,AZ,AK,F
14:46:27,TLKM,RG,4090,4,D,XC,AK,F
14:46:27,TLKM,RG,4090,1,D,PD,AK,F
14:46:27,TLKM,RG,4090,10,D,YP,AK,F
14:46:27,TLKM,RG,4090,1,D,PD,AK,F
14:46:27,TLKM,RG,4090,1,D,XC,AK,F
14:46:27,TLKM,RG,4090,78,F,YU,AK,F
14:46:27,TLKM,RG,4090,163,D,RX,AK,F
14:46:27,TLKM,RG,4090,1,F,KZ,AK,F
14:46:27,TLKM,RG,4090,50,F,ZP,AK,F
14:46:27,TLKM,RG,4090,1000,D,RX,AK,F
14:46:27,TLKM,RG,4090,35,F,AK,AK,F
14:46:27,TLKM,RG,4090,5,D,YP,AK,F
14:46:27,TLKM,RG,4090,1,F,KZ,AK,F
14:46:27,TLKM,RG,4090,1,F,KZ,AK,F
14:46:27,TLKM,RG,4090,93,F,AK,AK,F
14:46:27,TLKM,RG,4090,3,F,KZ,AK,F
14:46:27,TLKM,RG,4090,28,F,KZ,AK,F
14:46:27,TLKM,RG,4090,8,F,KZ,AK,F
14:46:27,TLKM,RG,4090,150,D,RX,AK,F
14:46:27,TLKM,RG,4090,114,F,YU,AK,F
14:46:27,TLKM,RG,4090,7,F,ZP,AK,F
14:46:27,TLKM,RG,4090,10,F,ZP,AK,F
14:46:27,TLKM,RG,4090,200,D,PD,AK,F
14:46:27,TLKM,RG,4090,1,D,XC,AK,F
14:46:27,TLKM,RG,4090,100,D,PD,AK,F
14:46:27,TLKM,RG,4090,1,D,CC,AK,F
14:46:27,TLKM,RG,4090,101,F,YU,AK,F
14:46:27,TLKM,RG,4090,5,D,NI,AK,F
14:46:27,TLKM,RG,4090,168,F,ZP,AK,F
14:46:27,TLKM,RG,4090,1,D,XC,AK,F
14:46:27,TLKM,RG,4090,1,D,PD,AK,F
14:46:27,TLKM,RG,4090,5,D,XL,AK,F
14:46:27,TLKM,RG,4090,1318,F,KZ,AK,F
14:46:27,TLKM,RG,4090,70,F,KZ,PD,D
14:46:26,TLKM,RG,4090,3003,F,KZ,RX,F
14:46:24,TLKM,RG,4090,16,F,KZ,RX,F
14:46:18,TLKM,RG,4090,90,F,KZ,YP,D
14:46:15,TLKM,RG,4100,282,F,AK,AZ,D
14:46:15,TLKM,RG,4100,1,F,AK,SQ,D
14:46:15,TLKM,RG,4100,8,F,AK,AZ,D
14:46:15,TLKM,RG,4100,60,F,AK,AK,F
14:46:15,TLKM,RG,4100,347,F,AK,ZP,F
14:46:15,TLKM,RG,4100,40,F,AK,DX,D
14:46:15,TLKM,RG,4100,40,F,AK,PD,D
14:46:15,TLKM,RG,4100,251,F,AK,RX,F
14:46:15,TLKM,RG,4100,3,F,AK,PD,D
14:46:15,TLKM,RG,4100,22,F,AK,AK,F
14:46:15,TLKM,RG,4100,8,F,AK,CC,D
14:46:15,TLKM,RG,4100,2,F,AK,PD,D
14:46:15,TLKM,RG,4100,491,F,AK,KZ,F
14:46:15,TLKM,RG,4100,1403,F,AK,CS,F
14:46:15,TLKM,RG,4100,74,F,AK,AK,D
14:46:15,TLKM,RG,4100,42,F,AK,RX,F
14:46:15,TLKM,RG,4100,9,F,AK,BK,F
14:46:15,TLKM,RG,4100,1,F,AK,XC,D
14:46:15,TLKM,RG,4100,9,F,AK,AK,F
14:46:15,TLKM,RG,4100,38,F,AK,RX,F
14:46:15,TLKM,RG,4100,4,F,AK,NI,D
14:46:15,TLKM,RG,4100,7,F,AK,PD,D
14:46:15,TLKM,RG,4100,39,F,AK,RX,F
14:46:15,TLKM,RG,4100,63,F,AK,AK,F
14:46:15,TLKM,RG,4100,2301,F,AK,BK,F
14:46:14,TLKM,RG,4090,203,F,KZ,AK,F
14:46:14,TLKM,RG,4090,405,F,KZ,RX,F
14:46:14,TLKM,RG,4090,1,D,SQ,RX,F
14:46:14,TLKM,RG,4090,82,F,AK,RX,F
14:46:14,TLKM,RG,4090,4,D,XC,RX,F
14:46:14,TLKM,RG,4090,315,F,ZP,RX,F
14:46:14,TLKM,RG,4090,5912,F,BK,RX,F
14:46:14,TLKM,RG,4090,54,F,AK,RX,F
14:46:14,TLKM,RG,4090,857,F,AK,RX,F
14:46:14,TLKM,RG,4090,150,F,YU,RX,F
14:46:14,TLKM,RG,4090,262,F,ZP,RX,F
14:46:14,TLKM,RG,4090,1481,F,KZ,RX,F
14:46:14,TLKM,RG,4090,4,F,AK,RX,F
14:46:14,TLKM,RG,4090,154,F,AK,RX,F
14:46:14,TLKM,RG,4090,12,F,AK,RX,F
14:46:14,TLKM,RG,4090,167,F,AK,RX,F
14:46:14,TLKM,RG,4090,100,F,AK,RX,F
14:46:14,TLKM,RG,4090,469,F,AK,RX,F
14:46:14,TLKM,RG,4090,230,F,ZP,RX,F
14:46:14,TLKM,RG,4090,7,F,KZ,RX,F
14:46:14,TLKM,RG,4090,278,F,ZP,RX,F
14:46:14,TLKM,RG,4090,419,F,ZP,RX,F
14:46:14,TLKM,RG,4090,2000,D,CC,RX,F
14:46:14,TLKM,RG,4090,468,F,ZP,RX,F
14:46:14,TLKM,RG,4090,114,F,ZP,RX,F
14:46:14,TLKM,RG,4090,4000,D,CC,RX,F
14:46:14,TLKM,RG,4090,10,D,KK,RX,F
14:46:14,TLKM,RG,4090,113,F,ZP,RX,F
14:46:14,TLKM,RG,4090,21,F,KZ,RX,F
14:46:14,TLKM,RG,4090,709,F,ZP,RX,F
14:46:14,TLKM,RG,4090,1,F,KZ,RX,F
14:46:14,TLKM,RG,4090,1,F,KZ,RX,F
14:46:14,TLKM,RG,4090,1681,F,KZ,RX,F
14:46:13,TLKM,RG,4100,18,F,ZP,BK,F
14:46:12,TLKM,RG,4100,562,F,ZP,BK,F
14:46:12,TLKM,RG,4100,9,F,ZP,AK,F
14:46:08,TLKM,RG,4090,1,F,KZ,DR,D
14:46:06,TLKM,RG,4100,6,F,ZP,AK,F
14:46:05,TLKM,RG,4100,8,D,YU,AK,F
14:46:05,TLKM,RG,4090,40,F,KZ,AK,D
14:46:05,TLKM,RG,4100,42,F,BK,AK,F
14:46:04,TLKM,RG,4100,40,D,YU,AK,F
14:46:04,TLKM,RG,4100,46,D,RX,AK,F
14:46:03,TLKM,RG,4100,1,D,PD,AK,F
14:46:02,TLKM,RG,4100,13,F,ZP,AK,F
14:46:00,TLKM,RG,4100,90,F,YU,AK,F
14:46:00,TLKM,RG,4100,157,F,YU,BK,F
14:45:54,TLKM,RG,4090,16,F,KZ,AK,D
14:45:53,TLKM,RG,4090,10,F,KZ,AZ,D
14:45:52,TLKM,RG,4100,83,D,RX,BK,F
14:45:45,TLKM,RG,4100,11,F,ZP,RX,F
14:45:45,TLKM,RG,4100,74,F,AK,RX,F
14:45:45,TLKM,RG,4100,144,F,AK,RX,F
14:45:45,TLKM,RG,4100,85,F,AK,RX,F
14:45:43,TLKM,RG,4100,7,D,BQ,RX,F
14:45:41,TLKM,RG,4100,40,D,RX,RX,F
14:45:39,TLKM,RG,4100,2,F,AK,RX,F
14:45:37,TLKM,RG,4100,12,D,BQ,RX,F
14:45:32,TLKM,RG,4100,1,D,TF,RX,F
14:45:31,TLKM,RG,4100,76,F,ZP,RX,F
14:45:31,TLKM,RG,4100,542,F,AK,RX,F
14:45:31,TLKM,RG,4100,31,F,AK,BQ,D
14:45:31,TLKM,RG,4100,1,F,AK,CC,D
14:45:31,TLKM,RG,4100,19,F,AK,BQ,D
14:45:31,TLKM,RG,4100,134,F,AK,RX,F
14:45:31,TLKM,RG,4100,40,F,AK,RX,D
14:45:31,TLKM,RG,4100,50,F,AK,NI,D
14:45:31,TLKM,RG,4100,183,F,AK,YU,F
14:45:31,TLKM,RG,4100,35,F,AK,YP,D
14:45:31,TLKM,RG,4100,2,F,AK,OD,D
14:45:31,TLKM,RG,4100,15,F,AK,XC,D
14:45:31,TLKM,RG,4100,19,F,AK,CS,D
14:45:31,TLKM,RG,4100,50,F,AK,KK,D
14:45:31,TLKM,RG,4100,164,F,AK,YU,F
14:45:31,TLKM,RG,4100,31,F,AK,BQ,D
14:45:31,TLKM,RG,4100,19,F,AK,BQ,D
14:45:31,TLKM,RG,4100,398,F,AK,RX,F
14:45:31,TLKM,RG,4100,12,F,AK,XC,D
14:45:31,TLKM,RG,4100,54,F,AK,AK,D
14:45:31,TLKM,RG,4100,44,F,AK,CS,D
14:45:31,TLKM,RG,4100,5,F,AK,YP,D
14:45:31,TLKM,RG,4100,117,F,AK,RX,F
14:45:30,TLKM,RG,4100,40,F,ZP,RX,F
14:45:29,TLKM,RG,4090,50,F,KZ,RX,F
14:45:29,TLKM,RG,4090,36,F,CC,RX,F
14:45:29,TLKM,RG,4090,972,F,BK,RX,F
14:45:26,TLKM,RG,4100,49,F,BK,RX,F
14:45:25,TLKM,RG,4100,7,F,ZP,RX,F
14:45:25,TLKM,RG,4090,102,F,BK,ZP,F
14:45:25,TLKM,RG,4100,18,F,ZP,RX,F
14:45:23,TLKM,RG,4100,1,D,XC,RX,F
14:45:22,TLKM,RG,4100,82,D,RX,RX,F
14:45:20,TLKM,RG,4090,5,F,BK,YB,D
14:45:19,TLKM,RG,4100,6,F,ZP,RX,F
14:45:18,TLKM,RG,4090,54,F,BK,BK,F
14:45:17,TLKM,RG,4090,18,F,BK,SQ,D
14:45:16,TLKM,RG,4090,27,F,BK,AK,D
14:45:15,TLKM,RG,4100,1,D,XC,RX,F
14:45:15,TLKM,RG,4100,14,F,AK,RX,F
14:45:15,TLKM,RG,4100,24,F,AK,PD,D
14:45:15,TLKM,RG,4100,8,F,AK,LS,D
14:45:15,TLKM,RG,4100,25,F,AK,LS,D
14:45:08,TLKM,RG,4100,31,F,ZP,LS,D
14:45:07,TLKM,RG,4100,186,F,ZP,LS,D
14:45:07,TLKM,RG,4100,323,F,ZP,RX,F
14:45:07,TLKM,RG,4100,1,F,ZP,PD,D
14:45:07,TLKM,RG,4100,210,F,ZP,AZ,D
14:45:05,TLKM,RG,4090,10,F,BK,AZ,D
14:45:05,TLKM,RG,4090,1,F,BK,PD,D
14:45:02,TLKM,RG,4100,101,D,RX,AZ,D
14:45:01,TLKM,RG,4100,41,F,ZP,AZ,D
14:45:00,TLKM,RG,4100,40,F,ZP,AZ,D
14:45:00,TLKM,RG,4100,72,F,AK,AZ,D
14:45:00,TLKM,RG,4090,507,F,BK,YU,F
14:45:00,TLKM,RG,4100,468,F,YU,AZ,D
14:45:00,TLKM,RG,4100,3,F,AK,AZ,D
14:45:00,TLKM,RG,4100,738,F,AK,AZ,D
14:44:56,TLKM,RG,4090,2,F,BK,RX,F
14:44:54,TLKM,RG,4090,9,F,BK,RX,F
14:44:53,TLKM,RG,4100,6,F,ZP,AZ,D
14:44:53,TLKM,RG,4090,3,F,BK,RX,F
14:44:52,TLKM,RG,4090,29,F,BK,CS,D
14:44:51,TLKM,RG,4100,7,F,ZP,AZ,D
14:44:50,TLKM,RG,4090,7,F,BK,RX,F
14:44:48,TLKM,RG,4100,11,F,ZP,AZ,D
14:44:47,TLKM,RG,4100,7,F,ZP,AZ,D
14:44:47,TLKM,RG,4090,290,F,BK,RX,F
14:44:47,TLKM,RG,4100,5,D,NI,AZ,D
14:44:45,TLKM,RG,4100,9,F,ZP,AZ,D
14:44:45,TLKM,RG,4100,36,F,AK,AZ,D
14:44:45,TLKM,RG,4100,20,F,AK,AZ,D
14:44:44,TLKM,RG,4100,23,D,SQ,AZ,D
14:44:44,TLKM,RG,4090,10,F,BK,YP,D
14:44:44,TLKM,RG,4100,56,D,RX,AZ,D
14:44:42,TLKM,RG,4100,12,F,ZP,AZ,D
14:44:42,TLKM,RG,4100,46,F,BK,AZ,D
14:44:38,TLKM,RG,4100,7,D,CC,AZ,D
14:44:37,TLKM,RG,4100,11,F,ZP,AZ,D
14:44:32,TLKM,RG,4100,25,F,ZP,AZ,D
14:44:31,TLKM,RG,4090,500,F,BK,YJ,D
14:44:30,TLKM,RG,4100,2,F,AK,AZ,D
14:44:29,TLKM,RG,4100,11,F,ZP,AZ,D
14:44:29,TLKM,RG,4090,18,F,BK,RX,D
14:44:25,TLKM,RG,4100,7,F,ZP,AZ,D
14:44:25,TLKM,RG,4100,56,D,RX,AZ,D
14:44:22,TLKM,RG,4100,11,F,ZP,AZ,D
14:44:16,TLKM,RG,4100,8,F,ZP,AZ,D
14:44:13,TLKM,RG,4090,2,F,BK,RX,F
14:44:12,TLKM,RG,4100,7,F,ZP,AZ,D
14:44:10,TLKM,RG,4090,2,F,BK,RX,F
14:44:09,TLKM,RG,4090,4,F,BK,RX,F
14:44:09,TLKM,RG,4100,7,F,ZP,AZ,D
14:44:06,TLKM,RG,4090,16,F,BK,RX,F
14:44:06,TLKM,RG,4100,10,F,ZP,AZ,D
14:44:05,TLKM,RG,4100,50,D,RX,AZ,D
14:44:05,TLKM,RG,4090,13,F,BK,RX,F
14:44:05,TLKM,RG,4090,29,F,BK,AK,D
14:44:03,TLKM,RG,4100,9,F,ZP,AZ,D
14:44:02,TLKM,RG,4090,80,F,BK,RX,F
14:44:01,TLKM,RG,4100,16,F,ZP,AZ,D
14:44:01,TLKM,RG,4100,14,F,ZP,AZ,D
14:44:00,TLKM,RG,4090,110,F,BK,RX,F
14:44:00,TLKM,RG,4100,201,F,YU,AZ,D
14:44:00,TLKM,RG,4100,8,F,ZP,AZ,D
14:44:00,TLKM,RG,4100,129,F,AK,AZ,D
14:44:00,TLKM,RG,4100,1,F,AK,CC,D
14:44:00,TLKM,RG,4100,100,F,AK,GR,D
14:44:00,TLKM,RG,4100,102,F,AK,RX,F
14:43:59,TLKM,RG,4090,21,F,BK,RX,F
14:43:57,TLKM,RG,4100,4,D,XC,RX,F
14:43:57,TLKM,RG,4100,47,F,ZP,RX,F
14:43:56,TLKM,RG,4100,10,F,ZP,RX,F
14:43:56,TLKM,RG,4090,1042,F,BK,RX,F
14:43:56,TLKM,RG,4100,31,F,KZ,RX,F
14:43:53,TLKM,RG,4090,2,F,BK,PD,D
14:43:52,TLKM,RG,4090,38,F,BK,CS,D
14:43:51,TLKM,RG,4100,11,F,ZP,RX,F
14:43:51,TLKM,RG,4100,90,F,KZ,RX,F
14:43:49,TLKM,RG,4100,87,F,ZP,RX,F
14:43:49,TLKM,RG,4100,41,F,ZP,RX,F
14:43:48,TLKM,RG,4100,1051,F,AK,RX,F
14:43:48,TLKM,RG,4100,1,F,AK,AZ,D
14:43:48,TLKM,RG,4100,1,F,AK,NI,D
14:43:48,TLKM,RG,4100,1,F,AK,XC,D
14:43:48,TLKM,RG,4100,779,F,AK,CS,F
14:43:48,TLKM,RG,4100,62,D,RX,CS,F
14:43:48,TLKM,RG,4100,11,F,ZP,CS,F
14:43:47,TLKM,RG,4100,914,F,ZP,CS,F
14:43:47,TLKM,RG,4100,7,F,ZP,CS,F
14:43:46,TLKM,RG,4090,213,F,BK,RX,F
14:43:45,TLKM,RG,4100,72,F,AK,CS,F
14:43:43,TLKM,RG,4100,8,F,ZP,CS,F
14:43:42,TLKM,RG,4100,56,F,BK,CS,F
14:43:40,TLKM,RG,4100,10,F,ZP,CS,F
14:43:40,TLKM,RG,4100,3,D,AT,CS,F
14:43:38,TLKM,RG,4090,1,F,BK,XC,D
14:43:35,TLKM,RG,4100,7,F,ZP,CS,F
14:43:35,TLKM,RG,4090,32,F,BK,AK,D
14:43:31,TLKM,RG,4100,10,F,ZP,CS,F
14:43:30,TLKM,RG,4100,3,F,AK,CS,F
14:43:30,TLKM,RG,4100,72,F,AK,CS,F
14:43:30,TLKM,RG,4100,41,F,AK,CS,F
14:43:28,TLKM,RG,4100,6,F,ZP,CS,F
14:43:27,TLKM,RG,4100,59,D,RX,CS,F
14:43:26,TLKM,RG,4100,7,F,ZP,CS,F
14:43:22,TLKM,RG,4100,3,D,PD,CS,F
14:43:22,TLKM,RG,4100,11,F,ZP,CS,F
14:43:17,TLKM,RG,4100,10,F,ZP,CS,F
14:43:16,TLKM,RG,4100,8,F,ZP,CS,F
14:43:16,TLKM,RG,4100,165,F,KZ,CS,F
14:43:16,TLKM,RG,4100,8,F,KZ,PD,D
14:43:16,TLKM,RG,4100,3,F,KZ,NI,D
14:43:16,TLKM,RG,4100,43,F,KZ,RX,F
14:43:13,TLKM,RG,4090,2,F,BK,RX,F
14:43:11,TLKM,RG,4100,7,F,ZP,RX,F
14:43:10,TLKM,RG,4090,25,F,BK,RX,F
14:43:08,TLKM,RG,4100,9,F,ZP,RX,F
14:43:07,TLKM,RG,4090,1,F,BK,RX,F
14:43:07,TLKM,RG,4100,50,D,RX,RX,F
14:43:06,TLKM,RG,4090,16,F,BK,RX,F
14:43:05,TLKM,RG,4100,19,F,ZP,RX,F
14:43:03,TLKM,RG,4090,261,F,BK,RX,F
14:43:02,TLKM,RG,4100,47,F,ZP,RX,F
14:43:01,TLKM,RG,4090,107,F,BK,RX,F
14:43:00,TLKM,RG,4090,407,F,BK,YU,F
14:43:00,TLKM,RG,4100,87,F,YU,RX,F
14:43:00,TLKM,RG,4100,1,F,YU,NI,D
14:43:00,TLKM,RG,4100,12,F,YU,XC,D
14:43:00,TLKM,RG,4100,229,F,YU,RX,F
14:43:00,TLKM,RG,4100,47,F,YU,ZP,F
14:43:00,TLKM,RG,4100,2,F,AK,ZP,F
14:42:59,TLKM,RG,4100,18,F,ZP,ZP,F
14:42:58,TLKM,RG,4100,218,F,AK,ZP,F
14:42:58,TLKM,RG,4100,36,F,AK,AK,D
14:42:58,TLKM,RG,4100,1,F,AK,YP,D
14:42:58,TLKM,RG,4100,1,F,AK,XC,D
14:42:58,TLKM,RG,4100,10,F,AK,PD,D
14:42:58,TLKM,RG,4100,35,F,AK,NI,D
14:42:57,TLKM,RG,4100,1,F,CS,NI,D
14:42:52,TLKM,RG,4090,15,F,BK,RX,F
14:42:50,TLKM,RG,4100,1,D,RX,NI,D
14:42:50,TLKM,RG,4100,1,D,RX,AK,F
14:42:50,TLKM,RG,4100,21,D,RX,AK,F
14:42:50,TLKM,RG,4100,23,D,RX,BK,F
14:42:49,TLKM,RG,4090,25,F,BK,RX,F
14:42:47,TLKM,RG,4100,7,F,ZP,BK,F
14:42:47,TLKM,RG,4100,21,F,BK,BK,F
14:42:47,TLKM,RG,4100,27,F,BK,RX,F
14:42:46,TLKM,RG,4100,19,F,KZ,RX,F
14:42:46,TLKM,RG,4090,115,F,BK,RX,F
14:42:44,TLKM,RG,4090,11,F,BK,RX,F
14:42:41,TLKM,RG,4090,25,F,BK,OD,D
14:42:39,TLKM,RG,4100,12,D,DR,RX,F
14:42:34,TLKM,RG,4100,7,F,ZP,RX,F
14:42:33,TLKM,RG,4100,40,D,RX,RX,F
14:42:33,TLKM,RG,4100,2,D,RX,NI,D
14:42:33,TLKM,RG,4100,5,D,RX,XC,D
14:42:33,TLKM,RG,4100,15,D,RX,RX,F
14:42:32,TLKM,RG,4090,47,F,BK,RX,F
14:42:32,TLKM,RG,4100,6,F,ZP,RX,F
14:42:31,TLKM,RG,4090,45,F,BK,CS,D
14:42:30,TLKM,RG,4090,50,F,BK,CC,D
14:42:29,TLKM,RG,4090,14,F,BK,DP,F
14:42:25,TLKM,RG,4090,28,F,BK,RX,F
14:42:20,TLKM,RG,4090,67,F,BK,AK,D
14:42:17,TLKM,RG,4100,15,F,ZP,RX,F
14:42:16,TLKM,RG,4100,22,F,ZP,RX,F
14:42:16,TLKM,RG,4100,128,F,KZ,RX,F
14:42:16,TLKM,RG,4100,46,F,KZ,RX,F
14:42:16,TLKM,RG,4100,15,F,KZ,XC,D
14:42:15,TLKM,RG,4100,2,D,KK,XC,D
14:42:15,TLKM,RG,4100,1,D,KK,AI,D
14:42:15,TLKM,RG,4100,85,F,AK,AI,D
14:42:12,TLKM,RG,4100,54,D,RX,AI,D
14:42:05,TLKM,RG,4100,17,F,ZP,AI,D
14:42:04,TLKM,RG,4100,143,F,ZP,AI,D
14:42:04,TLKM,RG,4100,3,F,ZP,PD,D
14:42:04,TLKM,RG,4100,1,F,ZP,XC,D
14:42:04,TLKM,RG,4100,3,F,ZP,XC,D
14:42:04,TLKM,RG,4100,209,F,ZP,AZ,D
14:42:01,TLKM,RG,4100,16,F,ZP,AZ,D
14:42:00,TLKM,RG,4100,183,F,YU,AZ,D
14:42:00,TLKM,RG,4100,51,F,AK,AZ,D
14:41:59,TLKM,RG,4090,65,F,BK,CC,D
14:41:57,TLKM,RG,4100,8,F,ZP,AZ,D
14:41:47,TLKM,RG,4100,6,F,ZP,AZ,D
14:41:46,TLKM,RG,4100,53,F,KZ,AZ,D
14:41:44,TLKM,RG,4100,2,D,KK,AZ,D
14:41:42,TLKM,RG,4100,6,F,ZP,AZ,D
14:41:35,TLKM,RG,4100,6,F,ZP,AZ,D
14:41:34,TLKM,RG,4090,12,F,BK,PD,D
14:41:34,TLKM,RG,4100,7,F,ZP,AZ,D
14:41:33,TLKM,RG,4090,25,F,BK,YU,D
14:41:33,TLKM,RG,4090,55,F,BK,YU,D
14:41:28,TLKM,RG,4100,20,D,YU,AZ,D
14:41:27,TLKM,RG,4100,7,F,ZP,AZ,D
14:41:26,TLKM,RG,4100,4,D,YU,AZ,D
14:41:26,TLKM,RG,4100,58,D,RX,AZ,D
14:41:22,TLKM,RG,4100,12,F,ZP,AZ,D
14:41:21,TLKM,RG,4100,128,F,KZ,AZ,D
14:41:15,TLKM,RG,4100,7,F,ZP,AZ,D
14:41:14,TLKM,RG,4100,3,D,YU,AZ,D
14:41:10,TLKM,RG,4100,6,D,YP,AZ,D
14:41:07,TLKM,RG,4100,10,F,ZP,AZ,D
14:41:04,TLKM,RG,4100,138,D,RX,AZ,D
14:41:04,TLKM,RG,4100,6,F,ZP,AZ,D
14:41:01,TLKM,RG,4100,320,F,YU,AZ,D
14:40:57,TLKM,RG,4100,10,D,YP,AZ,D
14:40:56,TLKM,RG,4100,12,D,BQ,AZ,D
14:40:51,TLKM,RG,4100,611,F,KZ,AZ,D
14:40:39,TLKM,RG,4090,5,F,BK,OD,D
14:40:38,TLKM,RG,4100,4,D,XC,AZ,D
14:40:32,TLKM,RG,4100,12,F,ZP,AZ,D
14:40:30,TLKM,RG,4100,8,F,KZ,AZ,D
14:40:30,TLKM,RG,4100,161,F,AK,AZ,D
14:40:29,TLKM,RG,4100,300,D,PD,AZ,D
14:40:23,TLKM,RG,4100,8,F,ZP,AZ,D
14:40:23,TLKM,RG,4100,85,F,ZP,AZ,D
14:40:22,TLKM,RG,4100,23,F,ZP,AZ,D
14:40:22,TLKM,RG,4100,1,F,ZP,XC,D
14:40:22,TLKM,RG,4100,51,F,ZP,BK,F
14:40:22,TLKM,RG,4100,38,F,ZP,SS,D
14:40:22,TLKM,RG,4100,162,F,AK,SS,D
14:40:22,TLKM,RG,4100,100,F,AK,CP,D
14:40:22,TLKM,RG,4100,5,F,AK,PD,D
14:40:22,TLKM,RG,4100,31,F,AK,BQ,D
14:40:22,TLKM,RG,4100,19,F,AK,BQ,D
14:40:22,TLKM,RG,4100,154,F,AK,AK,F
14:40:22,TLKM,RG,4100,10,F,AK,NI,D
14:40:22,TLKM,RG,4100,1,F,AK,KK,D
14:40:22,TLKM,RG,4100,11,F,AK,CS,D
14:40:22,TLKM,RG,4100,72,F,AK,YP,D
14:40:22,TLKM,RG,4100,1,F,AK,AT,D
14:40:22,TLKM,RG,4100,111,F,AK,AK,F
14:40:22,TLKM,RG,4100,10,F,AK,SQ,D
14:40:22,TLKM,RG,4100,279,F,AK,RX,F
14:40:22,TLKM,RG,4100,40,F,AK,AK,F
14:40:22,TLKM,RG,4100,23,F,AK,CS,D
14:40:22,TLKM,RG,4100,36,F,AK,AK,D
14:40:22,TLKM,RG,4100,67,F,AK,BK,F
14:40:22,TLKM,RG,4100,31,F,AK,BQ,D
14:40:22,TLKM,RG,4100,10,F,AK,GR,D
14:40:22,TLKM,RG,4100,564,F,AK,CS,F
14:40:21,TLKM,RG,4100,1926,F,KZ,CS,F
14:40:21,TLKM,RG,4100,216,F,KZ,RX,F
14:40:21,TLKM,RG,4100,19,F,KZ,BQ,D
14:40:21,TLKM,RG,4100,317,F,KZ,AK,F
14:40:21,TLKM,RG,4100,65,F,KZ,YP,D
14:40:20,TLKM,RG,4090,10,F,BK,PD,D
14:40:19,TLKM,RG,4090,482,F,BK,KZ,F
14:40:19,TLKM,RG,4090,9,F,BK,KZ,F
14:40:18,TLKM,RG,4090,1,F,BK,YP,D
14:40:05,TLKM,RG,4100,5,F,ZP,YP,D
14:40:05,TLKM,RG,4100,1,F,ZP,RX,F
14:40:04,TLKM,RG,4100,30,F,ZP,RX,F
14:40:03,TLKM,RG,4100,17,F,ZP,RX,F
14:40:03,TLKM,RG,4100,108,F,ZP,BK,F
14:40:03,TLKM,RG,4100,48,F,ZP,BK,F
14:40:02,TLKM,RG,4100,4,F,AK,BK,F
14:40:02,TLKM,RG,4100,664,F,AK,BK,F
14:40:02,TLKM,RG,4100,7,F,ZP,BK,F
14:40:02,TLKM,RG,4100,790,F,ZP,BK,F
14:40:02,TLKM,RG,4100,273,F,ZP,AZ,D
14:39:57,TLKM,RG,4100,13,F,ZP,AZ,D
14:39:55,TLKM,RG,4100,6,F,ZP,AZ,D
14:39:54,TLKM,RG,4100,11,F,ZP,AZ,D
14:39:52,TLKM,RG,4100,71,F,ZP,AZ,D
14:39:52,TLKM,RG,4100,11,F,ZP,AZ,D
14:39:51,TLKM,RG,4100,1482,F,KZ,AZ,D
14:39:50,TLKM,RG,4090,10,F,BK,XC,D
14:39:50,TLKM,RG,4100,14,F,ZP,AZ,D
14:39:48,TLKM,RG,4100,45,F,KZ,AZ,D
14:39:47,TLKM,RG,4100,14,F,ZP,AZ,D
14:39:45,TLKM,RG,4100,6,F,ZP,AZ,D
14:39:44,TLKM,RG,4100,8,F,ZP,AZ,D
14:39:42,TLKM,RG,4100,18,F,ZP,AZ,D
14:39:39,TLKM,RG,4100,12,F,ZP,AZ,D
14:39:38,TLKM,RG,4100,6,F,ZP,AZ,D
14:39:38,TLKM,RG,4100,99,F,ZP,AZ,D
14:39:37,TLKM,RG,4100,3,F,KZ,AZ,D
14:39:37,TLKM,RG,4100,1,F,KZ,AZ,D
14:39:37,TLKM,RG,4100,77,F,ZP,AZ,D
14:39:37,TLKM,RG,4100,1,F,KZ,AZ,D
14:39:37,TLKM,RG,4100,26,F,KZ,AZ,D
14:39:37,TLKM,RG,4100,1,F,KZ,AZ,D
14:39:37,TLKM,RG,4100,3,F,KZ,AZ,D
14:39:36,TLKM,RG,4100,327,F,KZ,AZ,D
14:39:36,TLKM,RG,4100,456,F,KZ,YU,F
14:39:36,TLKM,RG,4100,68,F,KZ,RX,D
14:39:36,TLKM,RG,4100,29,F,KZ,CS,D
14:39:36,TLKM,RG,4100,3,F,KZ,CC,D
14:39:36,TLKM,RG,4100,53,F,KZ,BK,F
14:39:36,TLKM,RG,4100,1,F,KZ,PD,D
14:39:36,TLKM,RG,4100,1,F,KZ,CC,D
14:39:36,TLKM,RG,4100,70,F,KZ,ZP,F
14:39:36,TLKM,RG,4100,14,F,KZ,YP,D
14:39:36,TLKM,RG,4100,82,F,KZ,PD,D
14:39:36,TLKM,RG,4100,6,F,KZ,PD,D
14:39:36,TLKM,RG,4100,597,F,KZ,RX,F
14:39:36,TLKM,RG,4100,47,F,KZ,AK,D
14:39:36,TLKM,RG,4100,171,F,KZ,BK,F
14:39:36,TLKM,RG,4100,263,F,KZ,BK,F
14:39:36,TLKM,RG,4100,170,F,KZ,BK,F
14:39:36,TLKM,RG,4100,902,F,KZ,BK,F
14:39:35,TLKM,RG,4100,12,F,ZP,BK,F
14:39:34,TLKM,RG,4100,68,F,ZP,BK,F
14:39:34,TLKM,RG,4100,62,F,ZP,BK,F
14:39:33,TLKM,RG,4100,12,F,ZP,BK,F
14:39:32,TLKM,RG,4100,1219,F,AK,BK,F
14:39:32,TLKM,RG,4100,371,F,ZP,BK,F
14:39:32,TLKM,RG,4100,853,F,ZP,CS,F
14:39:32,TLKM,RG,4100,14,F,ZP,CS,F
14:39:31,TLKM,RG,4100,22,D,MG,CS,F
14:39:30,TLKM,RG,4100,53,D,YU,CS,F
14:39:30,TLKM,RG,4100,7,F,ZP,CS,F
14:39:29,TLKM,RG,4090,2,F,BK,XC,D
14:39:27,TLKM,RG,4100,26,F,ZP,CS,F
14:39:23,TLKM,RG,4100,6,F,ZP,CS,F
14:39:22,TLKM,RG,4100,19,F,ZP,CS,F
14:39:20,TLKM,RG,4100,141,F,ZP,CS,F
14:39:20,TLKM,RG,4100,8,F,ZP,CS,F
14:39:19,TLKM,RG,4100,1341,D,RX,CS,F
14:39:19,TLKM,RG,4100,20,D,RX,AK,F
14:39:19,TLKM,RG,4100,83,D,RX,AK,F
14:39:19,TLKM,RG,4100,56,D,RX,CS,F
14:39:19,TLKM,RG,4100,923,D,RX,CS,F
14:39:19,TLKM,RG,4100,50,D,RX,OD,D
14:39:19,TLKM,RG,4100,1,D,RX,SQ,D
14:39:19,TLKM,RG,4100,1,D,RX,XC,D
14:39:19,TLKM,RG,4100,2,D,RX,KK,D
14:39:19,TLKM,RG,4100,23,D,RX,RX,F
14:39:17,TLKM,RG,4100,21,F,ZP,RX,F
14:39:14,TLKM,RG,4100,8,F,ZP,RX,F
14:39:12,TLKM,RG,4100,22,F,ZP,RX,F
14:39:09,TLKM,RG,4100,7,F,ZP,RX,F
14:39:08,TLKM,RG,4100,6,F,ZP,RX,F
14:39:07,TLKM,RG,4100,21,F,ZP,RX,F
14:39:06,TLKM,RG,4100,18,F,ZP,RX,F
14:39:06,TLKM,RG,4100,153,F,KZ,RX,F
14:39:06,TLKM,RG,4100,204,F,KZ,CS,F
14:39:03,TLKM,RG,4100,6,F,ZP,CS,F
14:39:02,TLKM,RG,4100,7,F,ZP,CS,F
14:39:02,TLKM,RG,4100,16,F,ZP,CS,F
14:39:00,TLKM,RG,4100,221,F,YU,CS,F
14:38:56,TLKM,RG,4100,8,F,ZP,CS,F
14:38:55,TLKM,RG,4100,166,F,ZP,CS,F
14:38:54,TLKM,RG,4100,992,F,AK,CS,F
14:38:54,TLKM,RG,4100,17,F,AK,YU,D
14:38:54,TLKM,RG,4100,48,F,AK,PD,D
14:38:54,TLKM,RG,4100,9,F,AK,YU,D
14:38:54,TLKM,RG,4100,60,F,AK,RX,F
14:38:53,TLKM,RG,4100,2000,D,RX,RX,F
14:38:46,TLKM,RG,4100,19,F,ZP,RX,F
14:38:45,TLKM,RG,4090,1,F,BK,XC,D
14:38:45,TLKM,RG,4100,473,F,AK,RX,F
14:38:45,TLKM,RG,4100,47,F,AK,BK,F
14:38:45,TLKM,RG,4100,5,F,AK,PD,D
14:38:45,TLKM,RG,4100,170,F,AK,ZP,F
14:38:45,TLKM,RG,4100,5,F,AK,CC,D
14:38:45,TLKM,RG,4100,200,F,AK,XC,D
14:38:45,TLKM,RG,4100,25,F,AK,NI,D
14:38:45,TLKM,RG,4100,52,F,AK,AK,D
14:38:45,TLKM,RG,4100,20,F,AK,BQ,D
14:38:45,TLKM,RG,4100,6,F,AK,AI,D
14:38:45,TLKM,RG,4100,3,F,AK,PD,D
14:38:45,TLKM,RG,4100,1,F,AK,XC,D
14:38:45,TLKM,RG,4100,5,F,AK,KK,D
14:38:45,TLKM,RG,4100,5,F,AK,PD,D
14:38:45,TLKM,RG,4100,1,F,AK,IF,D
14:38:45,TLKM,RG,4100,2,F,AK,CC,D
14:38:45,TLKM,RG,4100,56,F,AK,CP,D
14:38:36,TLKM,RG,4100,12,F,AK,CP,D
14:38:35,TLKM,RG,4090,59,F,BK,AK,D
14:38:31,TLKM,RG,4100,359,F,KZ,CP,D
14:38:30,TLKM,RG,4090,15,F,BK,DP,F
14:38:26,TLKM,RG,4100,133,F,AK,CP,D
14:38:26,TLKM,RG,4100,76,F,AK,CP,D
14:38:25,TLKM,RG,4090,38,F,BK,CS,D
14:38:02,TLKM,RG,4100,16,F,ZP,CP,D
14:38:01,TLKM,RG,4100,13,F,ZP,CP,D
14:38:01,TLKM,RG,4100,6,F,ZP,CP,D
14:38:01,TLKM,RG,4100,320,F,KZ,CP,D
14:38:00,TLKM,RG,4090,20,F,BK,YU,F
14:38:00,TLKM,RG,4090,30,F,ZP,YU,F
14:38:00,TLKM,RG,4090,117,F,ZP,YU,F
14:38:00,TLKM,RG,4090,72,F,ZP,YU,F
14:37:59,TLKM,RG,4100,70,F,AK,CP,D
14:37:57,TLKM,RG,4100,12,F,ZP,CP,D
14:37:50,TLKM,RG,4100,51,F,ZP,CP,D
14:37:50,TLKM,RG,4100,913,F,AK,CP,D
14:37:49,TLKM,RG,4100,6,F,ZP,CP,D
14:37:49,TLKM,RG,4090,40,F,ZP,AK,D
14:37:47,TLKM,RG,4100,9,F,ZP,CP,D
14:37:40,TLKM,RG,4100,6,F,ZP,CP,D
14:37:39,TLKM,RG,4090,20,F,ZP,CC,D
14:37:38,TLKM,RG,4100,1,D,CC,CP,D
14:37:37,TLKM,RG,4100,7,F,ZP,CP,D
14:37:32,TLKM,RG,4100,8,F,ZP,CP,D
14:37:28,TLKM,RG,4090,4,F,ZP,PD,D
14:37:27,TLKM,RG,4100,6,F,ZP,CP,D
14:37:22,TLKM,RG,4100,10,F,ZP,CP,D
14:37:21,TLKM,RG,4100,46,F,BK,CP,D
14:37:17,TLKM,RG,4100,7,F,ZP,CP,D
14:37:12,TLKM,RG,4100,8,F,ZP,CP,D
14:37:07,TLKM,RG,4100,9,F,ZP,CP,D
14:37:01,TLKM,RG,4100,8,F,ZP,CP,D
14:37:00,TLKM,RG,4100,45,F,AK,CP,D
14:37:00,TLKM,RG,4100,25,F,AK,CP,D
14:36:52,TLKM,RG,4090,1,F,ZP,XC,D
14:36:41,TLKM,RG,4100,1,D,XC,CP,D
14:36:26,TLKM,RG,4100,6,F,ZP,CP,D
14:36:25,TLKM,RG,4100,83,F,ZP,CP,D
14:36:24,TLKM,RG,4100,1376,F,ZP,CP,D
14:36:21,TLKM,RG,4100,69,F,AK,CP,D
14:36:10,TLKM,RG,4090,50,F,ZP,NI,D
14:36:02,TLKM,RG,4100,1,D,XC,CP,D
14:36:00,TLKM,RG,4090,66,F,ZP,DP,F
14:36:00,TLKM,RG,4090,33,F,YU,DP,F
14:36:00,TLKM,RG,4100,328,F,YU,CP,D
14:36:00,TLKM,RG,4100,536,F,YU,CP,D
14:36:00,TLKM,RG,4100,3,D,YU,CP,D
14:36:00,TLKM,RG,4090,77,F,YU,YU,F
14:36:00,TLKM,RG,4090,138,F,YU,YU,F
14:36:00,TLKM,RG,4090,19,F,YU,YU,F
14:35:56,TLKM,RG,4100,21,D,YU,CP,D
14:35:47,TLKM,RG,4090,1,F,YU,YP,D
14:35:45,TLKM,RG,4100,10,D,YP,CP,D
14:35:43,TLKM,RG,4100,2,D,YP,CP,D
14:35:42,TLKM,RG,4100,50,F,BK,CP,D
14:35:40,TLKM,RG,4100,34,D,YU,CP,D
14:35:40,TLKM,RG,4100,1,D,PD,CP,D
14:35:40,TLKM,RG,4100,1,D,PD,CP,D
14:35:22,TLKM,RG,4100,10,F,ZP,CP,D
14:35:20,TLKM,RG,4100,7,F,ZP,CP,D
14:35:18,TLKM,RG,4100,111,F,ZP,CP,D
14:35:17,TLKM,RG,4090,45,F,YU,BK,D
14:35:17,TLKM,RG,4100,73,F,ZP,CP,D
14:35:17,TLKM,RG,4100,134,F,ZP,BK,F
14:35:16,TLKM,RG,4100,1142,F,AK,BK,F
14:35:16,TLKM,RG,4100,6,F,AK,NI,D
14:35:16,TLKM,RG,4100,5,F,AK,CC,D
14:35:16,TLKM,RG,4100,5,F,AK,KK,D
14:35:16,TLKM,RG,4100,5,F,AK,NI,D
14:35:16,TLKM,RG,4100,10,F,AK,GR,D
14:35:16,TLKM,RG,4100,20,F,AK,PD,D
14:35:16,TLKM,RG,4100,2,F,AK,GR,D
14:35:16,TLKM,RG,4100,1,F,AK,PD,D
14:35:16,TLKM,RG,4100,22,F,AK,AK,F
14:35:16,TLKM,RG,4100,1,F,AK,XC,D
14:35:16,TLKM,RG,4100,4,F,AK,XC,D
14:35:16,TLKM,RG,4100,62,F,AK,XC,D
14:35:16,TLKM,RG,4100,5,F,AK,CC,D
14:35:16,TLKM,RG,4100,1,F,AK,XC,D
14:35:16,TLKM,RG,4100,200,F,AK,YP,D
14:35:16,TLKM,RG,4100,50,F,AK,CC,D
14:35:16,TLKM,RG,4100,5,F,AK,YP,D
14:35:16,TLKM,RG,4100,1,F,AK,PD,D
14:35:16,TLKM,RG,4100,5,F,AK,KK,D
14:35:16,TLKM,RG,4100,38,F,AK,XC,D
14:35:16,TLKM,RG,4100,60,F,AK,SQ,D
14:35:16,TLKM,RG,4100,127,F,AK,BK,F
14:35:16,TLKM,RG,4100,117,F,ZP,BK,F
14:35:16,TLKM,RG,4100,819,F,ZP,BK,F
14:35:16,TLKM,RG,4100,1,F,ZP,DH,D
14:35:16,TLKM,RG,4100,16,F,ZP,PD,D
14:35:16,TLKM,RG,4100,11,F,ZP,XC,D
14:35:16,TLKM,RG,4100,1,F,ZP,PD,D
14:35:16,TLKM,RG,4100,100,F,ZP,YP,D
14:35:16,TLKM,RG,4100,2,F,ZP,YU,D
14:35:16,TLKM,RG,4100,8,F,ZP,YU,D
14:35:16,TLKM,RG,4100,1,F,ZP,NI,D
14:35:16,TLKM,RG,4100,1,F,ZP,PD,D
14:35:16,TLKM,RG,4100,1000,F,ZP,XA,D
14:35:16,TLKM,RG,4100,25,F,ZP,SQ,D
14:35:16,TLKM,RG,4100,3,F,ZP,CC,D
14:35:16,TLKM,RG,4100,1,F,ZP,KK,D
14:35:16,TLKM,RG,4100,18,F,ZP,AK,D
14:35:16,TLKM,RG,4100,10,F,ZP,BQ,D
14:35:16,TLKM,RG,4100,4,F,ZP,KK,D
14:35:16,TLKM,RG,4100,1,F,ZP,XC,D
14:35:16,TLKM,RG,4100,10,F,ZP,BQ,D
14:35:16,TLKM,RG,4100,1,F,ZP,CD,D
14:35:16,TLKM,RG,4100,200,F,ZP,OD,D
14:35:16,TLKM,RG,4100,5,F,ZP,GR,D
14:35:16,TLKM,RG,4100,1,F,ZP,XC,D
14:35:16,TLKM,RG,4100,30,F,ZP,CC,D
14:35:16,TLKM,RG,4100,45,F,ZP,KK,D
14:35:16,TLKM,RG,4100,451,F,ZP,BK,F
14:35:15,TLKM,RG,4100,1042,F,ZP,BK,F
14:35:15,TLKM,RG,4100,1,F,ZP,PD,D
14:35:15,TLKM,RG,4100,31,F,ZP,BQ,D
14:35:15,TLKM,RG,4100,19,F,ZP,BQ,D
14:35:15,TLKM,RG,4100,1,F,ZP,XC,D
14:35:15,TLKM,RG,4100,5,F,ZP,PD,D
14:35:15,TLKM,RG,4100,5,F,ZP,NI,D
14:35:15,TLKM,RG,4100,25,F,ZP,YP,D
14:35:15,TLKM,RG,4100,10,F,ZP,YP,D
14:35:15,TLKM,RG,4100,2363,F,ZP,BK,F
14:35:15,TLKM,RG,4100,22,F,ZP,BQ,D
14:35:15,TLKM,RG,4100,14,F,ZP,BQ,D
14:35:15,TLKM,RG,4100,1,F,ZP,AZ,D
14:35:15,TLKM,RG,4100,124,F,ZP,BK,F
14:35:13,TLKM,RG,4100,43,F,ZP,BK,F
14:34:57,TLKM,RG,4100,24,F,ZP,BK,F
14:34:48,TLKM,RG,4100,12,F,ZP,BK,F
14:34:44,TLKM,RG,4100,9,F,ZP,BK,F
14:34:43,TLKM,RG,4100,57,F,AK,BK,F
14:34:42,TLKM,RG,4100,23,F,ZP,BK,F
14:34:42,TLKM,RG,4090,3,F,YU,ZP,D
14:34:34,TLKM,RG,4100,20,F,ZP,BK,F
14:34:27,TLKM,RG,4100,18,F,ZP,BK,F
14:34:21,TLKM,RG,4100,7,F,ZP,BK,F
14:34:20,TLKM,RG,4100,17,F,ZP,BK,F
14:34:19,TLKM,RG,4090,45,F,YU,CC,D
14:34:19,TLKM,RG,4090,5,F,YU,CC,D
14:34:14,TLKM,RG,4100,13,F,ZP,BK,F
14:34:10,TLKM,RG,4100,6,F,ZP,BK,F
14:34:09,TLKM,RG,4100,7,F,ZP,BK,F
14:34:09,TLKM,RG,4100,33,F,KZ,BK,F
14:34:08,TLKM,RG,4100,9,F,ZP,BK,F
14:34:08,TLKM,RG,4090,93,F,YU,OD,D
14:34:07,TLKM,RG,4100,46,F,BK,BK,F
14:34:06,TLKM,RG,4100,6,F,ZP,BK,F
14:34:05,TLKM,RG,4100,35,F,ZP,BK,F
14:34:04,TLKM,RG,4090,20,F,YU,NI,D
14:34:04,TLKM,RG,4100,169,F,ZP,BK,F
14:34:03,TLKM,RG,4090,1,F,YU,XC,D
14:34:02,TLKM,RG,4100,671,F,AK,BK,F
14:34:02,TLKM,RG,4090,3,F,AK,CS,D
14:34:01,TLKM,RG,4090,3,F,AK,CS,D
14:34:01,TLKM,RG,4090,38,F,ZP,CS,D
14:34:01,TLKM,RG,4090,48,D,CC,CS,F
14:34:01,TLKM,RG,4090,387,D,CC,RX,F
14:34:01,TLKM,RG,4090,84,D,CC,ZP,F
14:34:01,TLKM,RG,4090,600,D,CC,BK,D
14:34:01,TLKM,RG,4090,15,D,CC,XC,D
14:34:01,TLKM,RG,4090,5,D,CC,DR,D
14:34:01,TLKM,RG,4090,100,D,CC,YU,D
14:34:01,TLKM,RG,4090,66,D,CC,RX,F
14:34:01,TLKM,RG,4090,20,D,CC,PD,D
14:34:01,TLKM,RG,4090,211,D,CC,YU,F
14:34:01,TLKM,RG,4090,56,D,CC,BK,F
14:34:01,TLKM,RG,4090,90,D,CC,AK,F
14:34:01,TLKM,RG,4090,61,D,CC,RX,F
14:34:01,TLKM,RG,4090,35,D,CC,AK,F
14:34:01,TLKM,RG,4090,103,D,CC,AK,F
14:34:01,TLKM,RG,4090,20,D,CC,AK,F
14:34:01,TLKM,RG,4090,45,D,CC,AK,D
14:34:01,TLKM,RG,4090,10,D,CC,CC,D
14:34:01,TLKM,RG,4090,25,D,CC,AK,D
14:34:01,TLKM,RG,4090,19,D,CC,RX,F
14:34:00,TLKM,RG,4090,95,F,YU,RX,F
14:34:00,TLKM,RG,4090,48,F,YU,CS,D
14:34:00,TLKM,RG,4090,14,F,YU,YU,F
14:34:00,TLKM,RG,4080,18,F,CC,YU,F
14:34:00,TLKM,RG,4080,1,D,YP,YU,F
14:34:00,TLKM,RG,4080,22,F,ZP,YU,F
14:34:00,TLKM,RG,4080,1,D,PD,YU,F
14:34:00,TLKM,RG,4080,288,F,ZP,YU,F
14:33:58,TLKM,RG,4090,44,F,ZP,YU,F
14:33:57,TLKM,RG,4090,112,F,AK,YU,F
14:33:57,TLKM,RG,4090,426,F,AK,RX,F
14:33:57,TLKM,RG,4090,66,F,AK,CS,F
14:33:57,TLKM,RG,4090,130,F,ZP,CS,F
14:33:56,TLKM,RG,4090,1450,D,CC,CS,F
14:33:56,TLKM,RG,4090,201,D,CC,DP,F
14:33:56,TLKM,RG,4090,25,D,CC,OD,D
14:33:56,TLKM,RG,4090,10,D,CC,PD,D
14:33:56,TLKM,RG,4090,9,D,CC,YU,D
14:33:56,TLKM,RG,4090,18,D,CC,YU,D
14:33:56,TLKM,RG,4090,1,D,CC,KK,D
14:33:56,TLKM,RG,4090,29,D,CC,ZP,F
14:33:56,TLKM,RG,4090,1,D,CC,PD,D
14:33:56,TLKM,RG,4090,256,D,CC,CC,D
14:33:47,TLKM,RG,4090,1,F,CS,CC,D
14:33:41,TLKM,RG,4090,17,F,ZP,CC,D
14:33:41,TLKM,RG,4090,129,F,KZ,CC,D
14:33:41,TLKM,RG,4090,29,F,KZ,AK,F
14:33:41,TLKM,RG,4090,50,F,KZ,AK,F
14:33:41,TLKM,RG,4090,6,F,KZ,AK,F
14:33:37,TLKM,RG,4090,50,F,ZP,AK,F
14:33:36,TLKM,RG,4090,84,F,AK,AK,F
14:33:36,TLKM,RG,4090,507,F,AK,RX,F
14:33:36,TLKM,RG,4090,96,F,AK,RX,F
14:33:36,TLKM,RG,4090,86,F,ZP,RX,F
14:33:36,TLKM,RG,4090,33,F,ZP,RX,F
14:33:36,TLKM,RG,4090,300,F,KZ,RX,F
14:33:36,TLKM,RG,4090,68,F,KZ,BK,D
14:33:36,TLKM,RG,4090,856,F,KZ,BK,D
14:33:36,TLKM,RG,4090,350,F,KZ,RX,F
14:33:36,TLKM,RG,4090,310,F,KZ,AK,F
14:33:36,TLKM,RG,4090,43,F,KZ,BK,D
14:33:20,TLKM,RG,4090,1,D,PD,BK,D
14:33:19,TLKM,RG,4090,1,D,PD,BK,D
14:33:15,TLKM,RG,4090,46,F,AK,BK,D
14:33:00,TLKM,RG,4090,349,F,YU,BK,D
14:32:45,TLKM,RG,4090,12,D,BQ,BK,D
14:32:43,TLKM,RG,4090,10,D,DR,BK,D
14:32:34,TLKM,RG,4090,5,D,YB,BK,D
14:32:31,TLKM,RG,4090,33,F,KZ,BK,D
14:32:28,TLKM,RG,4090,16,F,KZ,BK,D
14:32:28,TLKM,RG,4090,31,F,KZ,BK,D
14:32:24,TLKM,RG,4090,70,F,ZP,BK,D
14:32:22,TLKM,RG,4090,264,F,AK,BK,D
14:32:22,TLKM,RG,4090,794,F,AK,AK,F
14:32:22,TLKM,RG,4090,1,F,AK,OD,D
14:32:22,TLKM,RG,4090,9,F,AK,YP,D
14:32:22,TLKM,RG,4090,1,F,ZP,YP,D
14:32:22,TLKM,RG,4090,226,F,ZP,KZ,F
14:32:22,TLKM,RG,4090,2,F,KZ,KZ,F
14:32:21,TLKM,RG,4090,263,D,CC,KZ,F
14:32:21,TLKM,RG,4090,468,D,CC,RX,F
14:32:21,TLKM,RG,4090,52,D,CC,RX,F
14:32:21,TLKM,RG,4090,52,D,CC,BK,F
14:32:21,TLKM,RG,4090,1,D,CC,CC,D
14:32:21,TLKM,RG,4090,104,D,CC,RX,F
14:32:21,TLKM,RG,4090,33,D,CC,CC,D
14:32:21,TLKM,RG,4090,117,D,CC,AK,F
14:32:21,TLKM,RG,4090,327,D,CC,AK,F
14:32:21,TLKM,RG,4090,1006,D,CC,BK,D
14:32:21,TLKM,RG,4090,39,D,CC,AK,F
14:32:21,TLKM,RG,4090,31,D,CC,AK,D
14:32:21,TLKM,RG,4090,503,D,CC,ZP,F
14:32:21,TLKM,RG,4090,1004,D,CC,RX,F
14:32:20,TLKM,RG,4090,7,F,ZP,RX,F
14:32:20,TLKM,RG,4090,2,F,KZ,RX,F
14:32:20,TLKM,RG,4090,9,F,KZ,RX,F
14:32:19,TLKM,RG,4090,71,F,AK,RX,F
14:32:19,TLKM,RG,4090,41,F,AK,RX,F
14:32:19,TLKM,RG,4090,18,F,ZP,RX,F
14:32:19,TLKM,RG,4090,1,F,KZ,RX,F
14:32:19,TLKM,RG,4090,1,F,KZ,RX,F
14:32:19,TLKM,RG,4090,18,F,KZ,RX,F
14:32:19,TLKM,RG,4090,1,F,KZ,RX,F
14:32:18,TLKM,RG,4090,270,F,AK,RX,F
14:32:18,TLKM,RG,4090,43,F,ZP,RX,F
14:32:18,TLKM,RG,4090,33,F,ZP,RX,F
14:32:17,TLKM,RG,4090,405,D,CC,RX,F
14:32:17,TLKM,RG,4090,9,D,CC,XC,D
14:32:17,TLKM,RG,4090,18,D,CC,AK,D
14:32:17,TLKM,RG,4090,568,D,CC,CS,F
14:32:10,TLKM,RG,4090,55,F,BK,CS,F
14:32:10,TLKM,RG,4090,7,F,ZP,CS,F
14:32:09,TLKM,RG,4090,1,D,YP,CS,F
14:32:07,TLKM,RG,4090,240,F,AK,CS,F
14:32:07,TLKM,RG,4090,10,F,ZP,CS,F
14:32:06,TLKM,RG,4090,8,F,AK,CS,F
14:32:06,TLKM,RG,4090,293,F,KZ,CS,F
14:32:06,TLKM,RG,4090,20,F,KZ,YU,D
14:32:06,TLKM,RG,4090,8,F,KZ,YU,D
14:32:06,TLKM,RG,4090,1,F,KZ,PD,D
14:32:06,TLKM,RG,4090,63,F,KZ,RX,F
14:32:02,TLKM,RG,4090,10,F,ZP,RX,F
14:32:00,TLKM,RG,4090,181,F,YU,RX,F
14:31:57,TLKM,RG,4090,11,F,ZP,RX,F
14:31:50,TLKM,RG,4090,6,F,ZP,RX,F
14:31:49,TLKM,RG,4090,24,D,XC,RX,F
14:31:47,TLKM,RG,4090,11,F,ZP,RX,F
14:31:39,TLKM,RG,4090,12,F,ZP,RX,F
14:31:38,TLKM,RG,4090,1,D,PD,RX,F
14:31:33,TLKM,RG,4090,71,F,ZP,RX,F
14:31:32,TLKM,RG,4090,231,F,ZP,RX,F
14:31:32,TLKM,RG,4090,220,F,AK,RX,F
14:31:32,TLKM,RG,4090,1,F,AK,PD,D
14:31:32,TLKM,RG,4090,211,F,AK,YU,F
14:31:32,TLKM,RG,4090,1,F,AK,AZ,D
14:31:32,TLKM,RG,4090,5,F,AK,XC,D
14:31:32,TLKM,RG,4090,542,F,AK,CS,F
14:31:31,TLKM,RG,4090,1041,F,KZ,CS,F
14:31:31,TLKM,RG,4090,243,F,KZ,AK,F
14:31:31,TLKM,RG,4090,150,F,KZ,YU,F
14:31:31,TLKM,RG,4090,1,F,KZ,PD,D
14:31:31,TLKM,RG,4090,51,F,KZ,BK,F
14:31:31,TLKM,RG,4090,2412,F,KZ,RX,F
14:31:28,TLKM,RG,4090,17,F,AK,RX,F
14:31:27,TLKM,RG,4090,15,F,ZP,RX,F
14:31:17,TLKM,RG,4090,17,F,ZP,RX,F
14:31:08,TLKM,RG,4080,1,F,ZP,XC,D
14:31:05,TLKM,RG,4090,7,F,ZP,RX,F
14:31:04,TLKM,RG,4090,17,F,DX,RX,F
14:31:04,TLKM,RG,4090,10,F,ZP,RX,F
14:31:03,TLKM,RG,4090,36,F,AK,RX,F
14:31:02,TLKM,RG,4080,107,F,ZP,AK,D
14:31:01,TLKM,RG,4090,15,F,ZP,RX,F
14:30:52,TLKM,RG,4090,19,F,ZP,RX,F
14:30:43,TLKM,RG,4090,9,F,AK,RX,F
14:30:42,TLKM,RG,4090,17,F,ZP,RX,F
14:30:35,TLKM,RG,4090,1,D,PD,RX,F
14:30:33,TLKM,RG,4090,6,F,ZP,RX,F
14:30:32,TLKM,RG,4090,5,D,YU,RX,F
14:30:31,TLKM,RG,4090,18,F,AK,RX,F
14:30:31,TLKM,RG,4090,6,F,ZP,RX,F
14:30:30,TLKM,RG,4090,63,F,AK,RX,F
14:30:30,TLKM,RG,4090,7,F,ZP,RX,F
14:30:29,TLKM,RG,4090,5,F,AK,RX,F
14:30:28,TLKM,RG,4090,22,D,YU,RX,F
14:30:28,TLKM,RG,4090,5,F,AK,RX,F
14:30:27,TLKM,RG,4090,11,F,ZP,RX,F
14:30:22,TLKM,RG,4090,10,F,ZP,RX,F
14:30:22,TLKM,RG,4090,13,F,AK,RX,F
14:30:21,TLKM,RG,4090,49,F,BK,RX,F
14:30:20,TLKM,RG,4090,5,F,AK,RX,F
14:30:19,TLKM,RG,4090,13,F,ZP,RX,F
14:30:18,TLKM,RG,4090,9,F,ZP,RX,F
14:30:13,TLKM,RG,4090,4,F,AK,RX,F
14:30:13,TLKM,RG,4090,1,D,PD,RX,F
14:30:12,TLKM,RG,4090,14,F,ZP,RX,F
14:30:12,TLKM,RG,4090,1,F,ZP,OD,D
14:30:06,TLKM,RG,4090,2,F,AK,OD,D
14:30:05,TLKM,RG,4090,7,F,ZP,OD,D
14:30:04,TLKM,RG,4090,1,F,AK,OD,D
14:30:02,TLKM,RG,4090,6,F,ZP,OD,D
14:30:02,TLKM,RG,4090,5,F,ZP,OD,D
14:30:02,TLKM,RG,4090,1,F,ZP,XC,D
14:30:02,TLKM,RG,4090,13,F,ZP,CS,D
14:30:02,TLKM,RG,4090,3,F,ZP,PD,D
14:30:01,TLKM,RG,4090,2,F,AK,PD,D
14:30:01,TLKM,RG,4090,10,F,AK,EP,D
14:30:01,TLKM,RG,4090,19,F,AK,CS,D
14:30:01,TLKM,RG,4090,39,F,AK,YU,F
14:30:00,TLKM,RG,4090,111,F,YU,YU,F
14:30:00,TLKM,RG,4090,2,F,YU,YP,D
14:30:00,TLKM,RG,4090,3,F,YU,PD,D
14:30:00,TLKM,RG,4090,3,F,YU,YP,D
14:30:00,TLKM,RG,4090,52,F,YU,BK,F
14:30:00,TLKM,RG,4090,24,F,YU,CS,D
14:30:00,TLKM,RG,4090,1,F,YU,CC,D
14:30:00,TLKM,RG,4090,24,F,YU,RX,D
14:30:00,TLKM,RG,4090,11,F,YU,AK,F
14:30:00,TLKM,RG,4090,36,F,YU,AK,F
14:30:00,TLKM,RG,4090,49,F,YU,AK,F
14:30:00,TLKM,RG,4090,2,F,AK,AK,F
14:29:59,TLKM,RG,4090,12,D,BQ,AK,F
14:29:57,TLKM,RG,4090,6,F,ZP,AK,F
14:29:56,TLKM,RG,4090,30,F,ZP,AK,F
14:29:56,TLKM,RG,4090,1,F,ZP,NI,D
14:29:56,TLKM,RG,4090,95,F,ZP,AH,D
14:29:55,TLKM,RG,4090,2,D,XC,AH,D
14:29:52,TLKM,RG,4090,303,D,CC,AH,D
14:29:52,TLKM,RG,4090,5,D,CC,CP,D
14:29:52,TLKM,RG,4090,1692,D,CC,CS,F
14:29:49,TLKM,RG,4090,9,F,ZP,CS,F
14:29:48,TLKM,RG,4090,158,F,ZP,CS,F
14:29:47,TLKM,RG,4090,631,D,CC,CS,F
14:29:47,TLKM,RG,4090,377,D,CC,BK,D
14:29:47,TLKM,RG,4090,1492,D,CC,CS,F
14:29:46,TLKM,RG,4080,1,F,ZP,PD,D
14:29:43,TLKM,RG,4090,13,F,ZP,CS,F
14:29:42,TLKM,RG,4090,87,F,AK,CS,F
14:29:42,TLKM,RG,4090,50,F,AK,CS,F
14:29:42,TLKM,RG,4090,64,F,ZP,CS,F
14:29:41,TLKM,RG,4090,33,F,ZP,CS,F
14:29:41,TLKM,RG,4090,751,D,CC,CS,F
14:29:41,TLKM,RG,4090,249,D,CC,ZP,F
14:29:38,TLKM,RG,4090,40,F,ZP,ZP,F
14:29:38,TLKM,RG,4090,409,D,RX,ZP,F
14:29:38,TLKM,RG,4090,91,D,RX,CS,F
14:29:37,TLKM,RG,4090,1069,D,CC,CS,F
14:29:37,TLKM,RG,4090,2,D,CC,NI,D
14:29:37,TLKM,RG,4090,29,D,CC,BK,F
14:29:37,TLKM,RG,4090,400,D,CC,RX,F
14:29:33,TLKM,RG,4090,32,F,ZP,RX,F
14:29:33,TLKM,RG,4090,1000,D,CC,RX,F
14:29:30,TLKM,RG,4090,604,D,RX,RX,F
14:29:30,TLKM,RG,4090,1,D,RX,XC,D
14:29:30,TLKM,RG,4090,2,D,RX,SQ,D
14:29:30,TLKM,RG,4090,5,D,RX,XC,D
14:29:30,TLKM,RG,4090,57,D,RX,AK,F
14:29:30,TLKM,RG,4090,10,D,RX,YB,D
14:29:30,TLKM,RG,4090,29,D,RX,AK,F
14:29:30,TLKM,RG,4090,43,D,RX,RX,D
14:29:30,TLKM,RG,4090,86,D,RX,AK,F
14:29:30,TLKM,RG,4090,12,D,RX,AK,F
14:29:30,TLKM,RG,4090,1,D,RX,CC,D
14:29:30,TLKM,RG,4090,1,D,RX,YP,D
14:29:30,TLKM,RG,4090,1,D,RX,PD,D
14:29:30,TLKM,RG,4090,80,D,RX,XC,D
14:29:30,TLKM,RG,4090,103,D,RX,AK,F
14:29:30,TLKM,RG,4090,4,D,RX,XC,D
14:29:30,TLKM,RG,4090,4,D,RX,YP,D
14:29:30,TLKM,RG,4090,332,D,RX,CS,F
14:29:30,TLKM,RG,4090,15,D,RX,BQ,D
14:29:30,TLKM,RG,4090,29,D,RX,BK,F
14:29:30,TLKM,RG,4090,81,D,RX,CC,D
14:29:30,TLKM,RG,4090,84,D,CC,CC,D
14:29:30,TLKM,RG,4090,1,D,CC,PD,D
14:29:30,TLKM,RG,4090,100,D,CC,OD,D
14:29:30,TLKM,RG,4090,13,D,CC,AK,D
14:29:30,TLKM,RG,4090,61,D,CC,BK,F
14:29:30,TLKM,RG,4090,741,D,CC,BK,D
14:29:28,TLKM,RG,4080,39,F,ZP,CS,D
14:29:19,TLKM,RG,4080,72,F,ZP,LG,D
14:29:16,TLKM,RG,4090,1,D,PD,BK,D
14:29:12,TLKM,RG,4080,1,F,ZP,EP,D
14:29:11,TLKM,RG,4080,5,F,ZP,DX,D
14:29:07,TLKM,RG,4080,108,F,ZP,RX,F
14:29:01,TLKM,RG,4090,2737,F,KZ,BK,D
14:29:01,TLKM,RG,4090,175,F,KZ,BK,D
14:29:00,TLKM,RG,4090,181,F,YU,BK,D
14:29:00,TLKM,RG,4080,172,F,ZP,YU,F
14:28:20,TLKM,RG,4080,5,F,ZP,XC,D
14:28:18,TLKM,RG,4090,5,D,YB,BK,D
14:28:15,TLKM,RG,4080,147,F,ZP,YU,D
14:28:15,TLKM,RG,4090,79,F,AK,BK,D
14:28:03,TLKM,RG,4080,61,F,ZP,BK,D
14:28:00,TLKM,RG,4090,316,F,YU,BK,D
14:28:00,TLKM,RG,4080,208,F,ZP,YU,F
14:27:33,TLKM,RG,4080,61,F,ZP,BK,D
14:27:29,TLKM,RG,4080,1131,F,ZP,BK,D
14:27:28,TLKM,RG,4090,2913,D,AZ,BK,D
14:27:28,TLKM,RG,4090,1117,D,AZ,CS,F
14:27:28,TLKM,RG,4090,2490,D,AZ,CS,F
14:27:28,TLKM,RG,4090,9,D,AZ,AK,F
14:27:28,TLKM,RG,4090,20,D,AZ,YU,D
14:27:28,TLKM,RG,4090,5,D,AZ,SQ,D
14:27:28,TLKM,RG,4090,22,D,AZ,AK,F
14:27:28,TLKM,RG,4090,1,D,AZ,PD,D
14:27:28,TLKM,RG,4090,848,D,AZ,CS,F
14:27:28,TLKM,RG,4090,62,D,AZ,AK,F
14:27:28,TLKM,RG,4090,16,D,AZ,AK,D
14:27:28,TLKM,RG,4090,92,D,AZ,ZP,F
14:27:28,TLKM,RG,4090,21,D,AZ,AK,D
14:27:28,TLKM,RG,4090,1,D,AZ,BQ,D
14:27:28,TLKM,RG,4090,22,D,AZ,AK,D
14:27:28,TLKM,RG,4090,1,D,AZ,XC,D
14:27:28,TLKM,RG,4090,10,D,AZ,BQ,D
14:27:28,TLKM,RG,4090,53,D,AZ,RX,F
14:27:28,TLKM,RG,4090,8,D,AZ,YU,D
14:27:28,TLKM,RG,4090,8,D,AZ,RX,F
14:27:28,TLKM,RG,4090,36,D,AZ,RX,F
14:27:28,TLKM,RG,4090,31,D,AZ,RX,F
14:27:28,TLKM,RG,4090,10,D,AZ,NI,D
14:27:28,TLKM,RG,4090,700,D,AZ,CS,F
14:27:28,TLKM,RG,4090,10,D,AZ,CC,D
14:27:28,TLKM,RG,4090,54,D,AZ,BK,F
14:27:28,TLKM,RG,4090,50,D,AZ,NI,D
14:27:28,TLKM,RG,4090,9,D,AZ,RX,F
14:27:28,TLKM,RG,4090,1,D,AZ,XC,D
14:27:28,TLKM,RG,4090,4,D,AZ,XC,D
14:27:28,TLKM,RG,4090,1,D,AZ,RX,F
14:27:28,TLKM,RG,4090,300,D,AZ,AH,D
14:27:28,TLKM,RG,4090,144,D,AZ,CS,F
14:27:28,TLKM,RG,4090,171,D,AZ,CS,F
14:27:28,TLKM,RG,4090,181,D,AZ,CS,F
14:27:28,TLKM,RG,4090,10,D,AZ,AT,D
14:27:28,TLKM,RG,4090,256,D,AZ,DP,F
14:27:28,TLKM,RG,4090,36,D,AZ,RX,D
14:27:28,TLKM,RG,4090,52,D,AZ,BK,F
14:27:28,TLKM,RG,4090,25,D,AZ,RX,F
14:27:15,TLKM,RG,4090,12,F,ZP,RX,F
14:27:06,TLKM,RG,4080,38,F,ZP,CS,D
14:26:45,TLKM,RG,4080,52,F,ZP,BK,D
14:26:43,TLKM,RG,4090,2,D,XC,RX,F
14:26:42,TLKM,RG,4080,46,F,ZP,BK,D
14:26:41,TLKM,RG,4090,50,D,YP,RX,F
14:26:32,TLKM,RG,4080,49,F,ZP,BK,D
14:26:31,TLKM,RG,4080,54,F,ZP,BK,D
14:26:30,TLKM,RG,4080,75,F,ZP,AK,D
14:26:29,TLKM,RG,4080,196,F,ZP,KZ,F
14:26:29,TLKM,RG,4080,51,F,BK,KZ,F
14:26:29,TLKM,RG,4080,18,D,YU,KZ,F
14:26:29,TLKM,RG,4080,93,F,YU,KZ,F
14:26:29,TLKM,RG,4080,3,D,CC,KZ,F
14:26:29,TLKM,RG,4080,120,F,ZP,KZ,F
14:26:29,TLKM,RG,4080,1,D,YP,KZ,F
14:26:29,TLKM,RG,4080,9,F,ZP,KZ,F
14:26:22,TLKM,RG,4090,50,F,BK,RX,F
14:26:18,TLKM,RG,4090,4,D,YU,RX,F
14:26:09,TLKM,RG,4080,49,F,ZP,BK,D
14:26:06,TLKM,RG,4080,54,F,ZP,BK,D
14:26:04,TLKM,RG,4080,13,F,ZP,BK,D
14:26:04,TLKM,RG,4080,3,D,YU,BK,D
14:26:04,TLKM,RG,4080,10,D,YU,BK,D
14:26:04,TLKM,RG,4080,21,F,AK,BK,D
14:26:02,TLKM,RG,4080,35,F,AK,BK,D
14:26:02,TLKM,RG,4080,2,F,AK,BK,D
14:26:02,TLKM,RG,4080,14,F,AK,BK,D
14:26:02,TLKM,RG,4080,1,F,AK,NI,D
14:26:00,TLKM,RG,4090,8,F,YU,RX,F
14:26:00,TLKM,RG,4090,66,F,YU,CS,F
14:26:00,TLKM,RG,4090,174,F,YU,CS,F
14:26:00,TLKM,RG,4080,97,F,AK,YU,F
14:26:00,TLKM,RG,4080,51,F,AK,YU,F
14:26:00,TLKM,RG,4080,30,F,AK,YU,F
14:26:00,TLKM,RG,4080,53,F,ZP,YU,F
14:25:59,TLKM,RG,4080,3,F,ZP,XC,D
14:25:57,TLKM,RG,4080,46,F,ZP,BK,F
14:25:55,TLKM,RG,4080,15,F,ZP,XA,D
14:25:54,TLKM,RG,4090,34,D,YU,CS,F
14:25:53,TLKM,RG,4090,12,F,ZP,CS,F
14:25:53,TLKM,RG,4090,96,F,ZP,CS,F
14:25:44,TLKM,RG,4080,1,F,ZP,YP,D
14:25:44,TLKM,RG,4080,1,F,ZP,YP,D
14:25:44,TLKM,RG,4080,1,F,ZP,YP,D
14:25:43,TLKM,RG,4080,1,F,ZP,YP,D
14:25:43,TLKM,RG,4080,1,F,ZP,YP,D
14:25:43,TLKM,RG,4080,1,F,ZP,YP,D
14:25:38,TLKM,RG,4080,54,F,ZP,BK,D
14:25:36,TLKM,RG,4080,15,F,ZP,BK,D
14:25:36,TLKM,RG,4080,1,D,XC,BK,D
14:25:36,TLKM,RG,4080,5,D,CC,BK,D
14:25:36,TLKM,RG,4080,5,D,PD,BK,D
14:25:36,TLKM,RG,4080,6,F,ZP,BK,D
14:25:36,TLKM,RG,4080,19,F,AK,BK,D
14:25:32,TLKM,RG,4080,285,F,AK,DP,F
14:25:25,TLKM,RG,4080,30,F,AK,RX,D
14:25:17,TLKM,RG,4080,1,F,AK,CP,D
14:24:54,TLKM,RG,4080,22,F,AK,CC,D
14:24:50,TLKM,RG,4080,31,F,AK,CS,D
14:24:48,TLKM,RG,4080,55,F,AK,BK,D
14:24:48,TLKM,RG,4080,53,F,AK,BK,D
14:24:47,TLKM,RG,4090,2,D,PD,CS,F
14:24:46,TLKM,RG,4080,250,F,AK,CC,D
14:24:43,TLKM,RG,4090,1,F,CS,CS,F
14:24:34,TLKM,RG,4080,9,F,AK,LG,D
14:24:23,TLKM,RG,4090,48,F,BK,CS,F
14:24:15,TLKM,RG,4090,26,F,AK,CS,F
14:24:15,TLKM,RG,4090,20,F,AK,CS,F
14:24:10,TLKM,RG,4080,37,F,AK,YU,D
14:24:10,TLKM,RG,4090,2,D,KK,CS,F
14:24:07,TLKM,RG,4080,17,F,AK,YU,D
14:24:03,TLKM,RG,4080,47,F,AK,BK,D
14:24:02,TLKM,RG,4080,56,F,AK,BK,D
14:24:00,TLKM,RG,4080,87,F,AK,AK,D
14:24:00,TLKM,RG,4090,43,F,YU,CS,F
14:24:00,TLKM,RG,4090,138,F,YU,CS,F
14:24:00,TLKM,RG,4080,171,F,AK,YU,F
14:23:50,TLKM,RG,4080,1,F,AK,XC,D
14:23:47,TLKM,RG,4080,55,F,AK,BK,D
14:23:47,TLKM,RG,4080,46,F,AK,BK,D
14:23:46,TLKM,RG,4080,250,F,AK,CC,D
14:23:34,TLKM,RG,4080,30,F,AK,CC,D
14:23:33,TLKM,RG,4090,6,D,YP,CS,F
14:23:32,TLKM,RG,4080,1,F,AK,XC,D
14:23:16,TLKM,RG,4080,55,F,AK,BK,F
14:23:05,TLKM,RG,4080,55,F,AK,BK,D
14:23:05,TLKM,RG,4080,48,F,AK,BK,D
14:23:00,TLKM,RG,4090,201,F,YU,CS,F
14:23:00,TLKM,RG,4090,92,F,YU,CS,F
14:23:00,TLKM,RG,4090,41,F,YU,CS,F
14:22:59,TLKM,RG,4080,8,F,AK,NI,D
14:22:50,TLKM,RG,4080,2,F,AK,PD,D
14:22:43,TLKM,RG,4080,30,F,AK,CS,D
14:22:34,TLKM,RG,4080,54,F,AK,BK,D
14:22:31,TLKM,RG,4080,48,F,AK,BK,D
14:22:30,TLKM,RG,4080,348,F,AK,AK,F
14:22:21,TLKM,RG,4080,1,F,AK,OD,D
14:22:18,TLKM,RG,4090,18,D,YU,CS,F
14:22:18,TLKM,RG,4090,2,D,YU,NI,D
14:22:17,TLKM,RG,4080,2,F,AK,PD,D
14:22:14,TLKM,RG,4090,3,D,YU,NI,D
14:22:14,TLKM,RG,4090,1,D,YU,AO,D
14:22:08,TLKM,RG,4080,46,F,AK,BK,D
14:22:07,TLKM,RG,4080,48,F,AK,BK,D
14:22:06,TLKM,RG,4090,9,F,AK,AO,D
14:22:06,TLKM,RG,4090,5,F,AK,DX,D
14:22:06,TLKM,RG,4090,5,F,AK,NI,D
14:22:06,TLKM,RG,4090,34,F,AK,RX,F
14:22:05,TLKM,RG,4080,23,F,AK,RX,D
14:22:01,TLKM,RG,4080,1,F,AK,XC,D
14:21:44,TLKM,RG,4080,1,F,AK,XC,D
14:21:27,TLKM,RG,4080,16,F,AK,RX,D
14:21:21,TLKM,RG,4080,48,F,AK,BK,D
14:21:21,TLKM,RG,4080,76,F,AK,NI,D
14:21:18,TLKM,RG,4080,53,F,AK,BK,D
14:21:17,TLKM,RG,4080,97,F,AK,BK,D
14:21:17,TLKM,RG,4080,75,F,AK,PD,D
14:21:15,TLKM,RG,4080,87,F,AK,BK,D
14:21:15,TLKM,RG,4080,69,F,AK,AK,D
14:21:14,TLKM,RG,4080,511,F,AK,KZ,D
14:21:14,TLKM,RG,4080,2,D,XC,KZ,D
14:21:14,TLKM,RG,4080,8,F,KZ,KZ,D
14:21:14,TLKM,RG,4080,4,F,KZ,KZ,D
14:21:14,TLKM,RG,4080,1,D,NI,KZ,D
14:21:14,TLKM,RG,4080,12,D,BQ,KZ,D
14:21:14,TLKM,RG,4080,2,D,XC,KZ,D
14:21:14,TLKM,RG,4080,89,F,ZP,KZ,D
14:21:14,TLKM,RG,4080,1,D,PD,KZ,D
14:21:14,TLKM,RG,4080,8,F,KZ,KZ,D
14:21:14,TLKM,RG,4080,6,F,KZ,KZ,D
14:21:14,TLKM,RG,4080,10,D,KK,KZ,D
14:21:14,TLKM,RG,4080,109,F,AK,KZ,D
14:21:14,TLKM,RG,4080,381,D,RX,KZ,D
14:21:05,TLKM,RG,4080,48,D,RX,BK,D
14:21:01,TLKM,RG,4080,55,D,RX,BK,D
14:21:00,TLKM,RG,4090,205,F,YU,RX,F
14:20:51,TLKM,RG,4090,25,D,NI,RX,F
14:20:46,TLKM,RG,4080,4,D,RX,CC,D
14:20:38,TLKM,RG,4080,32,D,RX,CS,D
14:20:18,TLKM,RG,4080,56,D,RX,BK,D
14:20:14,TLKM,RG,4080,56,D,RX,BK,D
14:20:13,TLKM,RG,4080,80,D,RX,BK,D
14:20:11,TLKM,RG,4080,72,D,RX,BK,D
14:20:09,TLKM,RG,4080,216,D,RX,BK,D
14:20:09,TLKM,RG,4080,1,D,SQ,BK,D
14:20:09,TLKM,RG,4080,10,D,KK,BK,D
14:20:09,TLKM,RG,4080,95,D,CC,BK,D
14:20:09,TLKM,RG,4080,317,D,CC,BK,D
14:20:08,TLKM,RG,4080,1088,D,CC,CS,F
14:20:08,TLKM,RG,4080,500,D,AZ,CS,F
14:20:08,TLKM,RG,4080,80,F,ZP,CS,F
14:20:08,TLKM,RG,4080,1407,D,CC,CS,F
14:20:00,TLKM,RG,4090,61,F,AK,RX,F
14:19:59,TLKM,RG,4080,1,D,CC,XC,D
14:19:48,TLKM,RG,4090,1,D,XA,RX,F
14:19:45,TLKM,RG,4080,54,D,CC,BK,D
14:19:43,TLKM,RG,4080,49,D,CC,BK,D
14:19:41,TLKM,RG,4080,14,D,CC,DP,F
14:19:39,TLKM,RG,4080,306,D,CC,DP,F
14:19:39,TLKM,RG,4080,16,D,CC,RX,D
14:19:31,TLKM,RG,4080,53,D,CC,BK,D
14:19:31,TLKM,RG,4080,51,D,CC,BK,D
14:19:29,TLKM,RG,4080,49,D,CC,KZ,F
14:19:29,TLKM,RG,4080,2,D,NI,KZ,F
14:19:29,TLKM,RG,4080,1,D,CC,KZ,F
14:19:29,TLKM,RG,4080,440,F,AK,KZ,F
14:19:28,TLKM,RG,4080,5,F,AK,XC,D
14:19:28,TLKM,RG,4080,2,D,LG,XC,D
14:19:24,TLKM,RG,4080,1,D,LG,XC,D
14:19:05,TLKM,RG,4080,22,D,LG,AK,D
14:19:05,TLKM,RG,4080,38,D,CC,AK,D
14:18:47,TLKM,RG,4090,1,D,NI,RX,F
14:18:35,TLKM,RG,4080,10,D,CC,PD,D
14:18:25,TLKM,RG,4090,5,D,CC,RX,F
14:18:24,TLKM,RG,4080,5,D,CC,HP,D
14:18:23,TLKM,RG,4080,20,D,CC,DR,D
14:18:04,TLKM,RG,4080,13,D,CC,NI,D
14:17:54,TLKM,RG,4080,1,D,CC,SQ,D
14:17:42,TLKM,RG,4080,53,D,CC,BK,D
14:17:39,TLKM,RG,4080,49,D,CC,BK,D
14:17:36,TLKM,RG,4080,67,D,CC,BK,D
14:17:33,TLKM,RG,4080,51,D,CC,BK,D
14:17:31,TLKM,RG,4080,138,D,CC,BK,D
14:17:30,TLKM,RG,4080,200,D,CC,BK,D
14:17:30,TLKM,RG,4090,209,F,AK,RX,F
14:17:30,TLKM,RG,4090,121,F,AK,RX,F
14:17:29,TLKM,RG,4080,355,D,CC,KZ,D
14:17:29,TLKM,RG,4080,10,D,XC,KZ,D
14:17:29,TLKM,RG,4080,161,F,ZP,KZ,D
14:17:29,TLKM,RG,4080,2,F,KZ,KZ,D
14:17:29,TLKM,RG,4080,2,D,NI,KZ,D
14:17:29,TLKM,RG,4080,62,F,ZP,KZ,D
14:17:29,TLKM,RG,4080,89,F,YU,KZ,D
14:17:29,TLKM,RG,4080,1,D,XC,KZ,D
14:17:29,TLKM,RG,4080,52,F,BK,KZ,D
14:17:29,TLKM,RG,4080,9,F,ZP,KZ,D
14:17:29,TLKM,RG,4080,13,F,KZ,KZ,D
14:17:29,TLKM,RG,4080,3,D,YP,KZ,D
14:17:29,TLKM,RG,4080,95,D,AZ,KZ,D
14:17:28,TLKM,RG,4080,156,D,AZ,BK,D
14:17:28,TLKM,RG,4080,249,D,AZ,BK,D
14:17:28,TLKM,RG,4080,6,D,XC,BK,D
14:17:28,TLKM,RG,4080,10,D,YP,BK,D
14:17:28,TLKM,RG,4080,1,D,PD,BK,D
14:17:28,TLKM,RG,4080,4,F,KZ,BK,D
14:17:28,TLKM,RG,4080,1,D,XC,BK,D
14:17:28,TLKM,RG,4080,86,F,YU,BK,D
14:17:28,TLKM,RG,4080,6,D,BQ,BK,D
14:17:28,TLKM,RG,4080,52,F,BK,BK,D
14:17:28,TLKM,RG,4080,66,F,ZP,BK,D
14:17:28,TLKM,RG,4080,2,D,XC,BK,D
14:17:28,TLKM,RG,4080,73,F,ZP,BK,D
14:17:28,TLKM,RG,4080,3,D,YU,BK,D
14:17:28,TLKM,RG,4080,1,D,XC,BK,D
14:17:28,TLKM,RG,4080,11,D,YU,BK,D
14:17:28,TLKM,RG,4080,85,D,RX,BK,D
14:17:26,TLKM,RG,4080,6,D,RX,DH,D
14:17:25,TLKM,RG,4080,38,D,RX,YU,D
14:17:25,TLKM,RG,4080,600,D,RX,BK,D
14:17:24,TLKM,RG,4080,37,D,RX,AK,D
14:17:22,TLKM,RG,4090,285,F,AK,RX,F
14:17:22,TLKM,RG,4090,64,F,AK,BK,F
14:17:22,TLKM,RG,4090,1,F,AK,PD,D
14:17:22,TLKM,RG,4090,1,F,AK,PD,D
14:17:22,TLKM,RG,4090,10,F,AK,YP,D
14:17:22,TLKM,RG,4090,77,F,AK,PD,D
14:17:22,TLKM,RG,4090,4066,F,AK,PD,D
14:17:22,TLKM,RG,4090,74,F,AK,PD,D
14:17:22,TLKM,RG,4090,68,F,AK,AK,F
14:17:22,TLKM,RG,4090,187,F,AK,AK,F
14:17:22,TLKM,RG,4090,167,F,AK,AK,F
14:17:18,TLKM,RG,4080,16,D,RX,YU,D
14:17:06,TLKM,RG,4080,53,D,RX,BK,D
14:17:04,TLKM,RG,4080,54,D,RX,BK,F
14:17:02,TLKM,RG,4080,90,D,RX,SQ,D
14:17:01,TLKM,RG,4080,21,D,RX,BK,D
14:17:01,TLKM,RG,4080,18,D,YU,BK,D
14:17:01,TLKM,RG,4080,15,F,ZP,BK,D
14:17:00,TLKM,RG,4090,220,F,YU,AK,F
14:16:49,TLKM,RG,4080,1,F,ZP,XC,D
14:16:43,TLKM,RG,4080,10,F,ZP,KK,D
14:16:13,TLKM,RG,4090,50,F,BK,AK,F
14:16:12,TLKM,RG,4090,2,D,PD,AK,F
14:16:07,TLKM,RG,4080,47,F,ZP,BK,D
14:16:02,TLKM,RG,4090,39,D,YU,AK,F
14:16:01,TLKM,RG,4080,21,F,ZP,AK,D
14:16:01,TLKM,RG,4080,30,F,ZP,AK,D
14:16:00,TLKM,RG,4080,43,F,ZP,AK,F
14:16:00,TLKM,RG,4080,2,F,KZ,AK,F
14:16:00,TLKM,RG,4080,10,F,ZP,AK,F
14:15:49,TLKM,RG,4080,2,F,ZP,SQ,D
14:15:38,TLKM,RG,4080,1,F,ZP,PD,D
14:15:12,TLKM,RG,4080,2,F,ZP,PD,D
14:15:11,TLKM,RG,4080,5,F,ZP,PD,D
14:15:08,TLKM,RG,4080,2,F,ZP,XC,D
14:15:04,TLKM,RG,4080,49,F,ZP,BK,D
14:15:04,TLKM,RG,4080,56,F,ZP,BK,D
14:15:00,TLKM,RG,4080,4,F,ZP,BK,D
14:15:00,TLKM,RG,4080,23,F,AK,BK,D
14:15:00,TLKM,RG,4080,2,F,AK,BK,D
14:15:00,TLKM,RG,4080,23,F,AK,BK,D
14:15:00,TLKM,RG,4080,6,F,AK,AK,F
14:15:00,TLKM,RG,4080,17,F,AK,AK,F
14:15:00,TLKM,RG,4080,94,F,ZP,AK,F
14:15:00,TLKM,RG,4080,31,F,YU,AK,F
14:15:00,TLKM,RG,4090,43,F,YU,AK,F
14:15:00,TLKM,RG,4090,118,F,YU,AK,F
14:15:00,TLKM,RG,4090,61,F,YU,ZP,F
14:14:56,TLKM,RG,4080,3,F,YU,YP,D
14:14:10,TLKM,RG,4080,46,F,YU,BK,F
14:14:10,TLKM,RG,4080,1,F,KZ,BK,F
14:14:10,TLKM,RG,4080,6,F,KZ,BK,F
14:14:08,TLKM,RG,4080,1,F,KZ,RX,D
14:14:08,TLKM,RG,4080,19,F,AK,RX,D
14:14:00,TLKM,RG,4080,52,F,AK,AK,D
14:13:58,TLKM,RG,4090,19,D,YU,ZP,F
14:13:53,TLKM,RG,4090,3,D,YU,ZP,F
14:13:51,TLKM,RG,4090,16,F,AK,ZP,F
14:13:26,TLKM,RG,4080,52,F,AK,BK,D
14:13:25,TLKM,RG,4090,2,D,PD,ZP,F
14:13:25,TLKM,RG,4080,190,F,AK,BK,D
14:13:25,TLKM,RG,4080,60,D,CC,BK,D
14:13:21,TLKM,RG,4090,31,F,AK,ZP,F
14:13:21,TLKM,RG,4090,123,F,AK,RX,F
14:13:17,TLKM,RG,4080,200,D,CC,BK,D
14:13:09,TLKM,RG,4080,150,D,CC,BK,D
14:13:00,TLKM,RG,4080,11,D,CC,AK,F
14:13:00,TLKM,RG,4090,271,F,YU,RX,F
14:12:59,TLKM,RG,4080,12,D,CC,CC,D
14:12:52,TLKM,RG,4080,1,D,CC,XC,D
14:12:48,TLKM,RG,4080,5,D,CC,XC,D
14:12:48,TLKM,RG,4080,1,D,CC,CC,D
14:12:39,TLKM,RG,4080,25,D,CC,OD,D
14:12:36,TLKM,RG,4080,20,D,CC,NI,D
14:12:33,TLKM,RG,4080,49,D,CC,BK,D
14:12:31,TLKM,RG,4080,56,D,CC,BK,D
14:12:30,TLKM,RG,4080,55,D,CC,BK,D
14:12:29,TLKM,RG,4080,491,D,CC,KZ,F
14:12:02,TLKM,RG,4080,49,D,CC,BK,D
14:12:00,TLKM,RG,4090,257,F,YU,RX,F
14:11:53,TLKM,RG,4080,49,D,CC,BK,D
14:11:50,TLKM,RG,4080,69,D,CC,AK,D
14:11:31,TLKM,RG,4090,23,D,YP,RX,F
14:11:30,TLKM,RG,4080,61,D,CC,CC,D
14:11:23,TLKM,RG,4090,40,D,NI,RX,F
14:11:10,TLKM,RG,4080,56,D,CC,BK,F
14:10:54,TLKM,RG,4080,1,D,CC,XC,D
14:10:51,TLKM,RG,4080,1,D,CC,PD,D
14:10:47,TLKM,RG,4080,22,D,CC,RX,D
14:10:44,TLKM,RG,4080,2,D,CC,XC,D
14:10:42,TLKM,RG,4080,50,D,CC,BK,D
14:10:40,TLKM,RG,4080,4,D,CC,BK,D
14:10:40,TLKM,RG,4080,5,D,PD,BK,D
14:10:40,TLKM,RG,4080,4,F,ZP,BK,D
14:10:40,TLKM,RG,4080,1,D,NI,BK,D
14:10:40,TLKM,RG,4080,1,F,CS,BK,D
14:10:40,TLKM,RG,4080,12,D,PD,BK,D
14:10:40,TLKM,RG,4080,24,F,ZP,BK,D
14:10:39,TLKM,RG,4080,7,F,ZP,BK,D
14:10:39,TLKM,RG,4080,9,D,YU,BK,D
14:10:39,TLKM,RG,4080,1,D,YU,BK,D
14:10:39,TLKM,RG,4080,5,D,KK,BK,D
14:10:39,TLKM,RG,4080,30,F,BK,BK,D
14:10:37,TLKM,RG,4080,23,F,BK,YU,D
14:10:37,TLKM,RG,4080,11,D,AZ,YU,D
14:10:36,TLKM,RG,4080,55,D,AZ,BK,D
14:10:35,TLKM,RG,4080,279,D,AZ,BK,D
14:10:33,TLKM,RG,4080,2,D,AZ,LG,D
14:10:32,TLKM,RG,4080,153,D,AZ,BK,D
14:10:32,TLKM,RG,4080,50,D,PD,BK,D
14:10:32,TLKM,RG,4080,17,D,RX,BK,D
14:10:30,TLKM,RG,4080,18,D,RX,YU,D
14:10:29,TLKM,RG,4080,965,D,RX,CS,F
14:10:29,TLKM,RG,4080,1451,F,ZP,CS,F
14:10:07,TLKM,RG,4080,1,F,ZP,PD,D
14:10:00,TLKM,RG,4080,55,F,ZP,BK,D
14:09:57,TLKM,RG,4090,48,F,BK,RX,F
14:09:35,TLKM,RG,4080,63,F,ZP,AK,D
14:09:03,TLKM,RG,4080,46,F,ZP,BK,D
14:09:00,TLKM,RG,4090,228,F,YU,RX,F
14:08:47,TLKM,RG,4080,1,F,ZP,XC,D
14:08:42,TLKM,RG,4080,48,F,ZP,BK,D
14:08:40,TLKM,RG,4090,100,D,YU,RX,F
14:08:39,TLKM,RG,4080,3,F,ZP,PD,D
14:08:36,TLKM,RG,4080,49,F,ZP,BK,F
14:08:36,TLKM,RG,4080,48,F,ZP,BK,D
14:08:33,TLKM,RG,4080,1,F,ZP,XC,D
14:08:32,TLKM,RG,4080,51,F,ZP,BK,D
14:08:30,TLKM,RG,4080,56,F,ZP,BK,D
14:08:27,TLKM,RG,4080,7,F,ZP,BK,D
14:08:27,TLKM,RG,4080,45,F,AK,BK,D
14:08:27,TLKM,RG,4080,2,F,AK,BK,D
14:08:27,TLKM,RG,4080,6,D,BQ,BK,D
14:08:27,TLKM,RG,4080,18,D,YU,BK,D
14:08:27,TLKM,RG,4080,137,F,AK,BK,D
14:08:26,TLKM,RG,4080,69,F,AK,BK,D
14:08:26,TLKM,RG,4080,87,F,YU,BK,D
14:08:26,TLKM,RG,4080,32,F,AK,BK,D
14:08:26,TLKM,RG,4080,5,F,AK,BK,D
14:08:24,TLKM,RG,4090,1917,F,ZP,RX,F
14:08:14,TLKM,RG,4080,14,F,AK,BK,D
14:08:14,TLKM,RG,4080,33,F,ZP,BK,D
14:08:13,TLKM,RG,4080,1,F,ZP,PD,D
14:08:11,TLKM,RG,4080,48,F,ZP,BK,D
14:08:09,TLKM,RG,4080,100,F,ZP,YP,D
14:08:09,TLKM,RG,4080,25,F,ZP,KZ,D
14:08:09,TLKM,RG,4080,118,F,AK,KZ,D
14:08:09,TLKM,RG,4080,559,F,AK,KZ,D
14:07:59,TLKM,RG,4080,5,F,AK,XC,D
14:07:55,TLKM,RG,4080,9,F,AK,NI,D
14:07:53,TLKM,RG,4080,1,F,AK,PD,D
14:07:29,TLKM,RG,4080,1,F,AK,PD,D
14:07:20,TLKM,RG,4080,51,F,AK,AK,D
14:07:15,TLKM,RG,4090,1,D,PD,RX,F
14:07:15,TLKM,RG,4080,33,F,AK,AK,F
14:07:08,TLKM,RG,4080,1,F,AK,CC,D
14:07:04,TLKM,RG,4080,80,F,AK,YP,D
14:06:56,TLKM,RG,4090,78,F,AK,RX,F
14:06:54,TLKM,RG,4090,51,F,BK,RX,F
14:06:47,TLKM,RG,4080,1,F,AK,PD,D
14:06:33,TLKM,RG,4080,49,F,AK,BK,D
14:06:31,TLKM,RG,4080,1,F,AK,EP,D
14:06:30,TLKM,RG,4080,90,F,AK,AK,F
14:06:20,TLKM,RG,4080,50,F,AK,BK,D
14:06:17,TLKM,RG,4080,54,F,AK,BK,D
14:06:17,TLKM,RG,4090,1,D,XC,RX,F
14:06:16,TLKM,RG,4090,33,D,YU,RX,F
14:06:15,TLKM,RG,4080,575,F,AK,AK,F
14:06:09,TLKM,RG,4090,2,D,DH,RX,F
14:06:02,TLKM,RG,4080,53,F,AK,BK,D
14:06:00,TLKM,RG,4090,173,F,YU,RX,F
14:05:52,TLKM,RG,4080,53,F,AK,BK,F
14:05:51,TLKM,RG,4090,2,D,YP,RX,F
14:05:50,TLKM,RG,4090,3,D,YU,RX,F
14:05:48,TLKM,RG,4090,21,D,YU,RX,F
14:05:43,TLKM,RG,4080,56,F,AK,BK,D
14:05:42,TLKM,RG,4080,28,F,AK,AK,D
14:05:41,TLKM,RG,4080,2,F,AK,RO,D
14:05:41,TLKM,RG,4080,48,F,AK,RO,D
14:05:31,TLKM,RG,4080,47,F,AK,BK,D
14:05:31,TLKM,RG,4080,48,F,AK,BK,D
14:05:30,TLKM,RG,4080,20,F,AK,AK,F
14:05:29,TLKM,RG,4080,238,F,AK,KZ,F
14:05:29,TLKM,RG,4080,11,F,KZ,KZ,F
14:05:29,TLKM,RG,4080,62,F,ZP,KZ,F
14:05:29,TLKM,RG,4080,180,D,AZ,KZ,F
14:05:22,TLKM,RG,4080,54,D,AZ,BK,D
14:05:19,TLKM,RG,4090,71,F,AK,RX,F
14:05:18,TLKM,RG,4090,123,F,AK,RX,F
14:05:01,TLKM,RG,4080,53,D,AZ,BK,D
14:04:58,TLKM,RG,4080,13,D,AZ,CC,D
14:04:58,TLKM,RG,4080,12,D,CC,CC,D
14:04:35,TLKM,RG,4080,23,D,CC,AK,D
14:04:18,TLKM,RG,4090,20,D,NI,RX,F
14:04:15,TLKM,RG,4090,38,F,AK,RX,F
14:04:15,TLKM,RG,4080,31,D,CC,AK,F
14:04:14,TLKM,RG,4080,1,D,CC,XC,D
14:04:13,TLKM,RG,4080,4,D,CC,PD,D
14:04:11,TLKM,RG,4080,49,D,CC,BK,D
14:04:05,TLKM,RG,4080,59,D,CC,BK,D
14:04:05,TLKM,RG,4080,48,D,CC,BK,D
14:04:01,TLKM,RG,4080,202,D,CC,BK,D
14:04:00,TLKM,RG,4090,180,F,YU,RX,F
14:03:59,TLKM,RG,4080,167,D,CC,BK,D
14:03:56,TLKM,RG,4090,1938,F,ZP,RX,F
14:03:56,TLKM,RG,4090,51,F,BK,RX,F
14:03:54,TLKM,RG,4080,17,D,CC,YU,D
14:03:49,TLKM,RG,4080,48,D,CC,BK,D
14:03:48,TLKM,RG,4080,48,D,CC,BK,D
14:03:47,TLKM,RG,4080,38,D,CC,YU,D
14:03:47,TLKM,RG,4080,4,D,CC,NI,D
14:03:45,TLKM,RG,4080,85,D,CC,AK,F
14:03:45,TLKM,RG,4080,109,D,CC,AK,F
14:03:39,TLKM,RG,4080,5,D,CC,RG,D
14:03:35,TLKM,RG,4080,17,D,CC,AK,D
14:03:34,TLKM,RG,4090,6,D,NI,RX,F
14:03:27,TLKM,RG,4080,33,D,CC,BK,F
14:03:27,TLKM,RG,4080,15,F,YU,BK,F
14:03:26,TLKM,RG,4090,2,D,NI,RX,F
14:03:21,TLKM,RG,4080,1,F,YU,XC,D
14:03:09,TLKM,RG,4080,1,F,YU,XC,D
14:03:03,TLKM,RG,4080,1,F,YU,SQ,D
14:02:58,TLKM,RG,4080,1,F,YU,XC,D
14:02:54,TLKM,RG,4090,2,D,YU,RX,F
14:02:35,TLKM,RG,4080,17,F,YU,AK,D
14:02:23,TLKM,RG,4090,1,D,PD,RX,F
14:02:04,TLKM,RG,4080,2,F,YU,PD,D
14:02:00,TLKM,RG,4080,1,F,YU,XC,D
14:01:50,TLKM,RG,4080,13,F,YU,AK,D
14:01:36,TLKM,RG,4090,49,F,AK,RX,F
14:01:22,TLKM,RG,4090,1,D,XC,RX,F
14:01:21,TLKM,RG,4080,43,F,YU,RX,F
14:01:20,TLKM,RG,4090,1,D,AT,RX,F
14:01:15,TLKM,RG,4080,10,F,YU,AK,F
14:01:13,TLKM,RG,4080,15,F,YU,BK,D
14:01:13,TLKM,RG,4080,1,D,TP,BK,D
14:01:13,TLKM,RG,4080,10,D,YU,BK,D
14:01:13,TLKM,RG,4080,7,F,KZ,BK,D
14:01:13,TLKM,RG,4080,2,D,YU,BK,D
14:01:13,TLKM,RG,4080,13,F,ZP,BK,D
14:01:12,TLKM,RG,4080,53,F,ZP,BK,D
14:01:11,TLKM,RG,4080,18,F,ZP,CP,D
14:01:11,TLKM,RG,4080,1,D,XC,CP,D
14:01:11,TLKM,RG,4080,34,F,AK,CP,D
14:01:05,TLKM,RG,4080,13,F,AK,AK,D
14:01:03,TLKM,RG,4080,1,F,AK,CP,D
14:01:01,TLKM,RG,4090,1,D,XC,RX,F
14:00:53,TLKM,RG,4080,10,F,AK,SQ,D
14:00:35,TLKM,RG,4080,14,F,AK,AK,D
14:00:22,TLKM,RG,4080,48,F,AK,ZP,F
14:00:17,TLKM,RG,4080,2,F,AK,NI,D
14:00:15,TLKM,RG,4080,42,F,AK,AK,F
13:59:58,TLKM,RG,4080,2,F,AK,CC,D
13:59:53,TLKM,RG,4090,2,D,YU,RX,F
13:59:49,TLKM,RG,4080,5,F,AK,AG,D
13:59:40,TLKM,RG,4080,43,F,AK,RX,F
13:59:38,TLKM,RG,4080,10,F,AK,RX,F
13:59:33,TLKM,RG,4080,56,F,AK,BK,D
13:59:30,TLKM,RG,4080,6,F,AK,AK,F
13:59:30,TLKM,RG,4080,11,D,YU,AK,F
13:59:30,TLKM,RG,4080,1,D,PD,AK,F
13:59:30,TLKM,RG,4080,103,D,AZ,AK,F
13:59:29,TLKM,RG,4080,52,D,AZ,BK,D
13:59:29,TLKM,RG,4080,50,D,AZ,BK,D
13:59:28,TLKM,RG,4080,59,D,AZ,RX,F
13:59:27,TLKM,RG,4080,48,D,AZ,BK,D
13:59:25,TLKM,RG,4090,144,F,ZP,RX,F
13:59:25,TLKM,RG,4090,37,F,ZP,RX,D
13:59:25,TLKM,RG,4090,53,F,ZP,BK,F
13:59:25,TLKM,RG,4090,23,F,ZP,CS,F
13:59:25,TLKM,RG,4090,335,F,ZP,AK,F
13:59:25,TLKM,RG,4090,127,F,ZP,CS,F
13:59:25,TLKM,RG,4090,35,F,ZP,CS,F
13:59:25,TLKM,RG,4090,146,F,ZP,CS,F
13:59:25,TLKM,RG,4090,106,F,ZP,CS,F
13:59:25,TLKM,RG,4090,65,F,ZP,CS,F
13:59:25,TLKM,RG,4090,190,F,ZP,CS,F
13:59:25,TLKM,RG,4090,139,F,ZP,CS,F
13:59:22,TLKM,RG,4080,25,D,AZ,RX,D
13:59:17,TLKM,RG,4080,3,D,AZ,RX,F
13:59:17,TLKM,RG,4080,1,D,PD,RX,F
13:59:17,TLKM,RG,4080,39,F,ZP,RX,F
13:59:17,TLKM,RG,4080,147,F,ZP,RX,F
13:59:17,TLKM,RG,4080,6,D,BQ,RX,F
13:59:17,TLKM,RG,4080,1,F,KZ,RX,F
13:59:17,TLKM,RG,4080,429,D,RX,RX,F
13:59:16,TLKM,RG,4080,473,D,RX,BK,D
13:59:16,TLKM,RG,4080,98,D,RX,CS,F
13:59:16,TLKM,RG,4080,118,F,ZP,CS,F
13:59:16,TLKM,RG,4080,1000,D,CC,CS,F
13:59:16,TLKM,RG,4080,53,F,AK,CS,F
13:59:16,TLKM,RG,4080,3,F,KZ,CS,F
13:59:16,TLKM,RG,4080,2,F,AK,CS,F
13:59:16,TLKM,RG,4080,32,F,AK,CS,F
13:59:16,TLKM,RG,4080,19,F,AK,CS,F
13:59:16,TLKM,RG,4080,56,F,BK,CS,F
13:59:16,TLKM,RG,4080,78,F,YU,CS,F
13:59:16,TLKM,RG,4080,196,F,ZP,CS,F
13:59:16,TLKM,RG,4080,59,D,CC,CS,F
13:59:15,TLKM,RG,4080,23,D,CC,AK,D
13:59:15,TLKM,RG,4080,206,D,CC,AK,F
13:59:14,TLKM,RG,4080,1413,D,CC,KZ,D
13:59:14,TLKM,RG,4080,105,D,CC,ZP,F
13:58:52,TLKM,RG,4080,8,D,CC,GR,D
13:58:51,TLKM,RG,4080,78,D,CC,RX,F
13:58:39,TLKM,RG,4080,491,D,CC,KZ,F
13:58:33,TLKM,RG,4080,1,D,CC,PD,D
13:58:11,TLKM,RG,4080,61,D,CC,RX,F
13:58:09,TLKM,RG,4080,14,D,CC,RX,F
13:58:05,TLKM,RG,4080,21,D,CC,AK,D
13:58:04,TLKM,RG,4080,20,D,CC,BK,F
13:58:04,TLKM,RG,4080,8,F,ZP,BK,F
13:58:04,TLKM,RG,4080,28,F,YU,BK,F
13:58:00,TLKM,RG,4090,205,F,YU,CS,F
13:57:49,TLKM,RG,4080,10,F,YU,XC,D
13:57:30,TLKM,RG,4080,15,F,YU,AK,F
13:57:14,TLKM,RG,4080,1,F,YU,KK,D
13:57:01,TLKM,RG,4080,18,F,YU,YU,D
13:56:57,TLKM,RG,4080,109,F,YU,DP,F
13:56:50,TLKM,RG,4080,26,F,YU,AK,D
13:56:50,TLKM,RG,4080,9,F,ZP,AK,D
13:56:32,TLKM,RG,4080,1,F,ZP,YP,D
13:56:10,TLKM,RG,4080,18,F,ZP,RX,F
13:56:08,TLKM,RG,4080,1,F,ZP,RX,F
13:56:08,TLKM,RG,4080,2,D,PD,RX,F
13:56:08,TLKM,RG,4080,25,F,ZP,RX,F
13:56:08,TLKM,RG,4080,20,F,ZP,RX,F
13:56:08,TLKM,RG,4080,94,F,AK,RX,F
13:56:08,TLKM,RG,4080,49,F,ZP,RX,F
13:56:05,TLKM,RG,4080,107,F,ZP,XA,D
13:56:05,TLKM,RG,4080,36,F,AK,XA,D
13:56:05,TLKM,RG,4080,245,F,BK,XA,D
13:56:05,TLKM,RG,4080,376,F,AK,XA,D
13:56:05,TLKM,RG,4080,101,F,AK,XA,D
13:56:05,TLKM,RG,4080,135,F,ZP,XA,D
13:56:00,TLKM,RG,4090,56,F,AK,CS,F
13:56:00,TLKM,RG,4090,4,F,AK,CS,F
13:56:00,TLKM,RG,4090,14,F,AK,YU,D
13:55:48,TLKM,RG,4080,10,F,ZP,CP,D
13:55:37,TLKM,RG,4080,52,F,ZP,BK,F
13:55:37,TLKM,RG,4080,3,F,ZP,NI,D
13:55:21,TLKM,RG,4080,41,F,ZP,ZP,F
13:55:19,TLKM,RG,4080,1,F,ZP,XC,D
13:55:08,TLKM,RG,4080,16,F,ZP,RX,D
13:55:07,TLKM,RG,4080,3,F,ZP,SQ,D
13:55:00,TLKM,RG,4080,9,F,ZP,AK,F
13:55:00,TLKM,RG,4080,28,F,ZP,AK,F
13:54:56,TLKM,RG,4080,5,F,ZP,YP,D
13:54:51,TLKM,RG,4080,39,F,ZP,XC,D
13:54:47,TLKM,RG,4080,4,F,ZP,CC,D
13:54:34,TLKM,RG,4080,3,F,ZP,XC,D
13:54:20,TLKM,RG,4080,10,F,ZP,YP,D
13:54:20,TLKM,RG,4080,15,F,ZP,PD,D
13:54:18,TLKM,RG,4080,2,F,ZP,YP,D
13:54:03,TLKM,RG,4080,43,F,ZP,RX,F
13:54:00,TLKM,RG,4080,77,F,ZP,AK,F
13:53:52,TLKM,RG,4080,62,F,ZP,ZP,F
13:53:52,TLKM,RG,4080,1,F,ZP,XC,D
13:53:47,TLKM,RG,4080,36,F,ZP,YU,D
13:53:43,TLKM,RG,4080,17,F,ZP,GR,D
13:53:43,TLKM,RG,4080,3,F,BK,GR,D
13:53:42,TLKM,RG,4080,5,F,BK,PD,D
13:53:32,TLKM,RG,4080,5,F,BK,YP,D
13:53:30,TLKM,RG,4090,1,D,PD,YU,D
13:53:29,TLKM,RG,4080,41,F,BK,BK,F
13:53:29,TLKM,RG,4080,5,F,ZP,BK,F
13:53:29,TLKM,RG,4080,1,F,KZ,BK,F
13:53:28,TLKM,RG,4080,1,F,KZ,BQ,D
13:53:28,TLKM,RG,4080,9,D,YU,BQ,D
13:53:25,TLKM,RG,4080,5,D,YU,CC,D
13:53:24,TLKM,RG,4080,5,D,YU,RX,F
13:53:24,TLKM,RG,4080,2,D,XC,RX,F
13:53:24,TLKM,RG,4080,296,F,AK,RX,F
13:53:24,TLKM,RG,4080,49,F,ZP,RX,F
13:53:24,TLKM,RG,4080,11,D,YU,RX,F
13:53:24,TLKM,RG,4080,1,D,PD,RX,F
13:53:24,TLKM,RG,4080,10,D,XC,RX,F
13:53:24,TLKM,RG,4080,2,D,PD,RX,F
13:53:24,TLKM,RG,4080,5,D,YP,RX,F
13:53:24,TLKM,RG,4080,20,D,YP,RX,F
13:53:24,TLKM,RG,4080,2,D,YU,RX,F
13:53:14,TLKM,RG,4080,11,D,YU,AK,F
13:53:14,TLKM,RG,4080,1,D,PD,AK,F
13:53:14,TLKM,RG,4080,5,D,XC,AK,F
13:53:14,TLKM,RG,4080,1,D,XC,AK,F
13:53:14,TLKM,RG,4080,3,D,PD,AK,F
13:53:14,TLKM,RG,4080,55,F,ZP,AK,F
13:53:14,TLKM,RG,4080,241,F,BK,AK,F
13:53:14,TLKM,RG,4080,55,F,BK,YB,D
13:53:14,TLKM,RG,4080,525,F,ZP,YB,D
13:53:14,TLKM,RG,4080,115,F,AK,YB,D
13:53:14,TLKM,RG,4080,53,F,AK,YB,D
13:53:14,TLKM,RG,4080,31,F,AK,YB,D
13:53:14,TLKM,RG,4080,18,F,AK,YB,D
13:53:14,TLKM,RG,4080,3,F,AK,YB,D
13:53:14,TLKM,RG,4080,30,F,AK,YB,D
13:53:14,TLKM,RG,4080,984,F,AK,YB,D
13:53:14,TLKM,RG,4080,386,F,AK,YB,D
13:53:06,TLKM,RG,4080,18,F,AK,XC,D
13:53:00,TLKM,RG,4080,5,F,AK,YP,D
13:52:55,TLKM,RG,4080,50,F,AK,RX,F
13:52:55,TLKM,RG,4080,1,D,YP,RX,F
13:52:55,TLKM,RG,4080,1,D,XC,RX,F
13:52:55,TLKM,RG,4080,6,D,BQ,RX,F
13:52:55,TLKM,RG,4080,2,D,NI,RX,F
13:52:55,TLKM,RG,4080,5,F,ZP,RX,F
13:52:55,TLKM,RG,4080,46,F,BK,RX,F
13:52:55,TLKM,RG,4080,1,D,XC,RX,F
13:52:55,TLKM,RG,4080,124,F,ZP,RX,F
13:52:54,TLKM,RG,4080,5,F,ZP,YP,D
13:52:47,TLKM,RG,4080,954,F,ZP,CS,F
13:52:47,TLKM,RG,4080,16,D,YU,CS,F
13:52:47,TLKM,RG,4080,1,D,XC,CS,F
13:52:47,TLKM,RG,4080,10,D,YU,CS,F
13:52:47,TLKM,RG,4080,1,F,KZ,CS,F
13:52:47,TLKM,RG,4080,1,D,YU,CS,F
13:52:47,TLKM,RG,4080,74,F,YU,CS,F
13:52:47,TLKM,RG,4080,5,D,XC,CS,F
13:52:47,TLKM,RG,4080,61,F,AK,CS,F
13:52:46,TLKM,RG,4080,68,F,AK,ZP,F
13:52:45,TLKM,RG,4080,138,F,AK,PD,D
13:52:45,TLKM,RG,4080,2,F,KZ,PD,D
13:52:45,TLKM,RG,4080,110,D,CC,PD,D
13:52:38,TLKM,RG,4080,18,D,CC,PD,D
13:52:34,TLKM,RG,4080,21,D,CC,SQ,D
13:52:23,TLKM,RG,4080,99,D,CC,RX,F
13:52:22,TLKM,RG,4090,1,D,XC,YU,D
13:52:18,TLKM,RG,4080,5,D,CC,YP,D
13:52:15,TLKM,RG,4090,3,D,SQ,YU,D
13:52:15,TLKM,RG,4090,9,D,SQ,YU,D
13:52:15,TLKM,RG,4090,8,D,SQ,PD,D
13:52:15,TLKM,RG,4080,500,D,CC,CC,D
13:52:15,TLKM,RG,4080,23,D,CC,AK,F
13:52:13,TLKM,RG,4080,19,D,CC,RX,D
13:52:09,TLKM,RG,4080,2,D,CC,YP,D
13:52:04,TLKM,RG,4080,1,D,CC,YP,D
13:52:03,TLKM,RG,4080,2,D,CC,YP,D
13:51:53,TLKM,RG,4090,33,D,XL,PD,D
13:51:52,TLKM,RG,4080,1,D,CC,KK,D
13:51:46,TLKM,RG,4080,1,D,CC,YP,D
13:51:45,TLKM,RG,4080,12,D,CC,AK,F
13:51:41,TLKM,RG,4080,90,D,CC,RX,F
13:51:39,TLKM,RG,4080,96,D,CC,KZ,F
13:51:39,TLKM,RG,4080,2,D,XC,KZ,F
13:51:39,TLKM,RG,4080,2,D,XC,KZ,F
13:51:39,TLKM,RG,4080,5,D,GR,KZ,F
13:51:39,TLKM,RG,4080,386,D,CC,KZ,F
13:51:38,TLKM,RG,4080,1,D,CC,YP,D
13:51:31,TLKM,RG,4080,1,D,CC,YP,D
13:51:30,TLKM,RG,4080,1,D,CC,OD,D
13:51:20,TLKM,RG,4080,1,D,CC,YP,D
13:51:17,TLKM,RG,4080,1,D,CC,XC,D
13:51:15,TLKM,RG,4080,71,D,CC,AK,F
13:51:10,TLKM,RG,4080,38,D,CC,RX,F
13:51:10,TLKM,RG,4080,4,D,YU,RX,F
13:51:08,TLKM,RG,4080,1,D,YU,YP,D
13:51:00,TLKM,RG,4090,141,F,YU,PD,D
13:51:00,TLKM,RG,4090,33,F,YU,PD,D
13:51:00,TLKM,RG,4080,11,D,YU,BK,F
13:51:00,TLKM,RG,4080,9,D,YU,BK,F
13:51:00,TLKM,RG,4080,1,D,CC,BK,F
13:51:00,TLKM,RG,4080,3,D,YU,BK,F
13:51:00,TLKM,RG,4080,29,F,YU,BK,F
13:50:53,TLKM,RG,4080,2,F,YU,PD,D
13:50:46,TLKM,RG,4080,35,F,YU,PD,D
13:50:46,TLKM,RG,4080,1,F,YU,YP,D
13:50:44,TLKM,RG,4080,25,F,YU,RX,F
13:50:44,TLKM,RG,4080,3,D,PD,RX,F
13:50:44,TLKM,RG,4080,7,F,ZP,RX,F
13:50:44,TLKM,RG,4080,105,F,BK,RX,F
13:50:43,TLKM,RG,4080,10,F,BK,NI,D
13:50:42,TLKM,RG,4080,335,F,BK,RX,F
13:50:41,TLKM,RG,4080,1,F,BK,YP,D
13:50:40,TLKM,RG,4080,20,F,BK,LG,D
13:50:39,TLKM,RG,4080,1,F,BK,NI,D
13:50:39,TLKM,RG,4080,58,F,BK,ZP,F
13:50:39,TLKM,RG,4080,105,F,BK,KZ,D
13:50:39,TLKM,RG,4080,99,F,YU,KZ,D
13:50:39,TLKM,RG,4080,2,D,KK,KZ,D
13:50:39,TLKM,RG,4080,6,D,XC,KZ,D
13:50:39,TLKM,RG,4080,1,D,PD,KZ,D
13:50:39,TLKM,RG,4080,1,D,YU,KZ,D
13:50:39,TLKM,RG,4080,39,F,AK,KZ,D
13:50:39,TLKM,RG,4080,22,F,AK,KZ,D
13:50:39,TLKM,RG,4080,3,D,XC,KZ,D
13:50:39,TLKM,RG,4080,2,D,XC,KZ,D
13:50:39,TLKM,RG,4080,2,F,AK,KZ,D
13:50:39,TLKM,RG,4080,31,F,AK,KZ,D
13:50:39,TLKM,RG,4080,14,D,XC,KZ,D
13:50:39,TLKM,RG,4080,33,F,ZP,KZ,D
13:50:39,TLKM,RG,4080,9,D,YU,KZ,D
13:50:39,TLKM,RG,4080,1,D,XC,KZ,D
13:50:39,TLKM,RG,4080,1,D,YU,KZ,D
13:50:39,TLKM,RG,4080,738,F,ZP,KZ,D
13:50:39,TLKM,RG,4080,84,F,BK,KZ,D
13:50:39,TLKM,RG,4080,148,F,AK,KZ,D
13:50:39,TLKM,RG,4080,416,F,AK,KZ,D
13:50:39,TLKM,RG,4080,7,F,AK,KZ,D
13:50:39,TLKM,RG,4080,54,F,AK,KZ,D
13:50:35,TLKM,RG,4090,8,D,NI,PD,D
13:50:35,TLKM,RG,4080,1,F,AK,YP,D
13:50:35,TLKM,RG,4080,71,F,AK,AK,D
13:50:35,TLKM,RG,4080,999,F,AK,DR,D
13:50:35,TLKM,RG,4080,1,D,BQ,DR,D
13:50:31,TLKM,RG,4080,1,D,BQ,PD,D
13:50:30,TLKM,RG,4080,1,D,BQ,YP,D
13:50:15,TLKM,RG,4080,1,D,BQ,XC,D
13:50:09,TLKM,RG,4080,8,D,BQ,RX,F
13:50:09,TLKM,RG,4080,62,F,YU,RX,F
13:50:07,TLKM,RG,4080,2,F,YU,CP,D
13:50:00,TLKM,RG,4090,339,F,YU,PD,D
13:49:53,TLKM,RG,4080,4,F,YU,YP,D
13:49:52,TLKM,RG,4090,26,F,ZP,PD,D
13:49:45,TLKM,RG,4080,27,F,YU,AK,F
13:49:35,TLKM,RG,4080,1,F,YU,YP,D
13:49:35,TLKM,RG,4080,9,F,YU,XC,D
13:49:35,TLKM,RG,4080,5,F,ZP,XC,D
13:49:35,TLKM,RG,4080,6,F,ZP,XC,D
13:49:31,TLKM,RG,4080,25,F,ZP,NI,D
13:49:20,TLKM,RG,4080,331,F,ZP,RX,F
13:49:12,TLKM,RG,4080,198,F,ZP,ZP,F
13:49:11,TLKM,RG,4080,306,F,ZP,CS,F
13:49:11,TLKM,RG,4080,3,F,KZ,CS,F
13:49:11,TLKM,RG,4080,1,D,YP,CS,F
13:49:11,TLKM,RG,4080,1573,F,AK,CS,F
13:49:03,TLKM,RG,4080,1,F,AK,PD,D
13:49:00,TLKM,RG,4080,107,F,AK,RX,F
13:48:51,TLKM,RG,4080,602,F,AK,AK,F
13:48:50,TLKM,RG,4080,16,F,AK,RX,D
13:48:38,TLKM,RG,4080,52,F,AK,BK,F
13:48:11,TLKM,RG,4090,2,D,PD,PD,D
13:47:59,TLKM,RG,4080,1,F,AK,XC,D
13:47:50,TLKM,RG,4080,148,F,AK,RX,F
13:47:50,TLKM,RG,4080,2,F,KZ,RX,F
13:47:50,TLKM,RG,4080,1,D,XC,RX,F
13:47:50,TLKM,RG,4080,13,D,RX,RX,F
13:47:47,TLKM,RG,4090,868,F,ZP,PD,D
13:47:30,TLKM,RG,4080,10,D,RX,AK,F
13:47:30,TLKM,RG,4080,29,D,RX,AK,F
13:47:30,TLKM,RG,4080,128,D,RX,AK,F
13:47:23,TLKM,RG,4080,38,D,RX,RX,F
13:47:21,TLKM,RG,4080,2,D,RX,RX,F
13:47:14,TLKM,RG,4090,10,D,PD,PD,D
13:47:00,TLKM,RG,4090,166,F,YU,PD,D
13:46:55,TLKM,RG,4080,35,D,RX,YU,D
13:46:52,TLKM,RG,4080,17,D,RX,YU,D
13:46:50,TLKM,RG,4080,20,D,RX,CC,D
13:46:49,TLKM,RG,4080,44,D,RX,RX,F
13:46:46,TLKM,RG,4080,164,D,RX,YP,D
13:46:46,TLKM,RG,4080,1,D,YP,YP,D
13:46:46,TLKM,RG,4080,116,D,CC,YP,D
13:46:30,TLKM,RG,4080,68,D,CC,RX,F
13:46:28,TLKM,RG,4080,4,D,CC,RX,F
13:46:25,TLKM,RG,4080,16,D,CC,RX,D
13:46:18,TLKM,RG,4080,5,D,CC,XC,D
13:46:15,TLKM,RG,4080,1,D,CC,RX,F
13:46:14,TLKM,RG,4080,5,D,CC,YP,D
13:46:11,TLKM,RG,4080,1,D,CC,RX,F
13:46:03,TLKM,RG,4080,5,D,CC,XC,D
13:45:51,TLKM,RG,4080,67,D,CC,RX,F
13:45:46,TLKM,RG,4090,807,F,ZP,PD,D
13:45:45,TLKM,RG,4080,10,D,CC,AK,F
13:45:44,TLKM,RG,4080,20,D,CC,EP,D
13:45:43,TLKM,RG,4090,2,D,PD,PD,D
13:45:32,TLKM,RG,4080,2,D,CC,BQ,D
13:45:04,TLKM,RG,4090,1,D,XC,PD,D
13:45:00,TLKM,RG,4080,3,D,CC,PD,D
13:44:48,TLKM,RG,4080,10,D,CC,PD,D
13:44:41,TLKM,RG,4080,86,D,CC,RX,F
13:44:39,TLKM,RG,4080,1,D,CC,RX,F
13:44:39,TLKM,RG,4080,491,D,CC,KZ,F
13:44:10,TLKM,RG,4090,1,D,YP,PD,D
13:43:49,TLKM,RG,4080,3,D,CC,XC,D
13:43:43,TLKM,RG,4080,53,D,CC,AK,F
13:43:41,TLKM,RG,4080,33,D,CC,RX,F
13:43:41,TLKM,RG,4080,1,D,XC,RX,F
13:43:41,TLKM,RG,4080,1,D,CC,RX,F
13:43:41,TLKM,RG,4080,1,D,CC,RX,F
13:43:41,TLKM,RG,4080,1,D,CC,RX,F
13:43:41,TLKM,RG,4080,25,D,PD,RX,F
13:43:41,TLKM,RG,4080,1,D,PD,RX,F
13:43:41,TLKM,RG,4080,1,D,PD,RX,F
13:43:41,TLKM,RG,4080,100,D,DX,RX,F
13:43:41,TLKM,RG,4080,2,D,EP,RX,F
13:43:41,TLKM,RG,4080,1,D,XA,RX,F
13:43:41,TLKM,RG,4080,1,D,PD,RX,F
13:43:41,TLKM,RG,4080,5,D,PD,RX,F
13:43:41,TLKM,RG,4080,1,D,PD,RX,F
13:43:41,TLKM,RG,4080,1,D,XC,RX,F
13:43:41,TLKM,RG,4080,8,D,CC,RX,F
13:43:41,TLKM,RG,4080,1,D,XC,RX,F
13:43:41,TLKM,RG,4080,4,D,PD,RX,F
13:43:41,TLKM,RG,4080,11,D,PD,RX,F
13:43:41,TLKM,RG,4080,3,D,YP,RX,F
13:43:41,TLKM,RG,4080,5,D,PD,RX,F
13:43:41,TLKM,RG,4080,1,D,PD,RX,F
13:43:41,TLKM,RG,4080,5,D,TP,RX,F
13:43:41,TLKM,RG,4080,200,D,YB,RX,F
13:43:41,TLKM,RG,4080,5,D,TP,RX,F
13:43:41,TLKM,RG,4080,10,D,XA,RX,F
13:43:41,TLKM,RG,4080,1,D,YP,RX,F
13:43:41,TLKM,RG,4080,4,D,CC,RX,F
13:43:41,TLKM,RG,4080,1,D,XC,RX,F
13:43:41,TLKM,RG,4080,10,D,SQ,RX,F
13:43:41,TLKM,RG,4080,1,D,GR,RX,F
13:43:41,TLKM,RG,4080,25,D,YB,RX,F
13:43:41,TLKM,RG,4080,1,F,EP,RX,F
13:43:41,TLKM,RG,4080,1,D,GR,RX,F
13:43:41,TLKM,RG,4080,402,D,AZ,RX,F
13:43:38,TLKM,RG,4080,20,D,AZ,PD,D
13:43:32,TLKM,RG,4080,378,D,AZ,RX,F
13:43:32,TLKM,RG,4080,10,D,EP,RX,F
13:43:32,TLKM,RG,4080,1,D,XC,RX,F
13:43:31,TLKM,RG,4080,1,D,XC,RX,F
13:43:30,TLKM,RG,4090,561,F,ZP,PD,D
13:43:30,TLKM,RG,4090,1,D,XC,PD,D
13:43:30,TLKM,RG,4090,129,F,AK,PD,D
13:43:30,TLKM,RG,4090,1075,F,AK,PD,D
13:43:29,TLKM,RG,4090,412,F,BK,PD,D
13:43:29,TLKM,RG,4090,60,F,BK,PD,D
13:43:29,TLKM,RG,4090,1,D,XC,PD,D
13:43:29,TLKM,RG,4090,2,D,PD,PD,D
13:43:29,TLKM,RG,4090,20,D,YU,PD,D
13:43:29,TLKM,RG,4090,1145,D,RX,PD,D
13:43:29,TLKM,RG,4090,6,D,BQ,PD,D
13:43:29,TLKM,RG,4090,22,F,ZP,PD,D
13:43:29,TLKM,RG,4090,5,F,KZ,PD,D
13:43:29,TLKM,RG,4090,2,F,KZ,PD,D
13:43:29,TLKM,RG,4090,3,D,XL,PD,D
13:43:29,TLKM,RG,4090,2,D,XC,PD,D
13:43:29,TLKM,RG,4090,1,F,KZ,PD,D
13:43:29,TLKM,RG,4090,21,F,AK,PD,D
13:43:29,TLKM,RG,4090,949,F,ZP,PD,D
13:43:29,TLKM,RG,4090,105,F,AK,PD,D
13:43:29,TLKM,RG,4090,37,F,AK,PD,D
13:43:29,TLKM,RG,4090,72,F,AK,PD,D
13:43:29,TLKM,RG,4090,11,F,CC,PD,D
13:43:29,TLKM,RG,4090,246,F,AK,PD,D
13:43:29,TLKM,RG,4090,785,F,ZP,PD,D
13:43:29,TLKM,RG,4090,36,F,AK,PD,D
13:43:29,TLKM,RG,4090,1,F,KZ,PD,D
13:43:29,TLKM,RG,4090,1,F,KZ,PD,D
13:43:29,TLKM,RG,4090,2,F,KZ,PD,D
13:43:29,TLKM,RG,4090,4,F,KZ,PD,D
13:43:29,TLKM,RG,4090,2,F,KZ,PD,D
13:43:29,TLKM,RG,4090,471,F,AK,PD,D
13:43:29,TLKM,RG,4090,1,D,KK,PD,D
13:43:29,TLKM,RG,4090,99,F,YU,PD,D
13:43:29,TLKM,RG,4090,86,F,YU,PD,D
13:43:29,TLKM,RG,4090,3,F,ZP,PD,D
13:43:29,TLKM,RG,4090,998,F,AK,PD,D
13:43:29,TLKM,RG,4090,177,F,AK,PD,D
13:43:29,TLKM,RG,4090,1,F,AK,NI,D
13:43:25,TLKM,RG,4090,5,F,AK,YP,D
13:43:21,TLKM,RG,4090,253,F,AK,PD,D
13:43:12,TLKM,RG,4090,30,F,AK,PD,D
13:43:03,TLKM,RG,4090,100,F,AK,YP,D
13:43:02,TLKM,RG,4090,196,F,AK,RX,F
13:42:54,TLKM,RG,4090,740,F,AK,KZ,D
13:42:54,TLKM,RG,4090,6,F,KZ,KZ,D
13:42:54,TLKM,RG,4090,1,D,XC,KZ,D
13:42:54,TLKM,RG,4090,1,D,XC,KZ,D
13:42:54,TLKM,RG,4090,1,F,KZ,KZ,D
13:42:54,TLKM,RG,4090,1,D,NI,KZ,D
13:42:54,TLKM,RG,4090,2,D,PD,KZ,D
13:42:54,TLKM,RG,4090,483,D,CC,KZ,D
13:42:51,TLKM,RG,4090,44,D,CC,RX,F
13:42:48,TLKM,RG,4090,250,D,CC,NI,D
13:42:48,TLKM,RG,4090,16,D,CC,RX,D
13:42:44,TLKM,RG,4090,2,D,CC,PD,D
13:42:42,TLKM,RG,4100,2,D,PD,BK,F
13:42:40,TLKM,RG,4090,205,D,CC,RX,F
13:42:40,TLKM,RG,4090,14,D,RX,RX,F
13:42:35,TLKM,RG,4100,573,F,AK,BK,F
13:42:35,TLKM,RG,4100,420,F,AK,PD,D
13:42:35,TLKM,RG,4100,93,F,AK,BK,F
13:42:35,TLKM,RG,4100,238,F,AK,DP,F
13:42:35,TLKM,RG,4100,57,F,AK,ZP,F
13:42:34,TLKM,RG,4090,486,D,RX,RX,F
13:42:34,TLKM,RG,4090,1,D,CC,RX,F
13:42:34,TLKM,RG,4090,3,D,CC,RX,F
13:42:34,TLKM,RG,4090,13,D,CC,RX,F
13:42:34,TLKM,RG,4090,6,D,XC,RX,F
13:42:34,TLKM,RG,4090,2,D,PD,RX,F
13:42:34,TLKM,RG,4090,1,D,SQ,RX,F
13:42:34,TLKM,RG,4090,4,D,XL,RX,F
13:42:34,TLKM,RG,4090,8,D,PD,RX,F
13:42:34,TLKM,RG,4090,1,D,PD,RX,F
13:42:34,TLKM,RG,4090,20,D,PD,RX,F
13:42:34,TLKM,RG,4090,3,D,PD,RX,F
13:42:34,TLKM,RG,4090,2,D,YP,RX,F
13:42:34,TLKM,RG,4090,8,D,PD,RX,F
13:42:34,TLKM,RG,4090,1,D,XC,RX,F
13:42:34,TLKM,RG,4090,122,D,YP,RX,F
13:42:34,TLKM,RG,4090,2,D,PD,RX,F
13:42:34,TLKM,RG,4090,10,D,YP,RX,F
13:42:34,TLKM,RG,4090,10,D,YP,RX,F
13:42:34,TLKM,RG,4090,25,D,LG,RX,F
13:42:34,TLKM,RG,4090,1,D,YP,RX,F
13:42:34,TLKM,RG,4090,1,D,DR,RX,F
13:42:34,TLKM,RG,4090,1,D,CC,RX,F
13:42:34,TLKM,RG,4090,1,D,PD,RX,F
13:42:34,TLKM,RG,4090,1,D,YP,RX,F
13:42:34,TLKM,RG,4090,1,D,DR,RX,F
13:42:34,TLKM,RG,4090,5,D,PD,RX,F
13:42:34,TLKM,RG,4090,2,D,YP,RX,F
13:42:34,TLKM,RG,4090,10,D,CC,RX,F
13:42:34,TLKM,RG,4090,1,D,PD,RX,F
13:42:34,TLKM,RG,4090,15,D,CC,RX,F
13:42:34,TLKM,RG,4090,1398,D,AZ,RX,F
13:42:34,TLKM,RG,4090,10,D,YP,RX,F
13:42:34,TLKM,RG,4090,2,F,ZP,RX,F
13:42:34,TLKM,RG,4090,314,F,AK,RX,F
13:42:34,TLKM,RG,4090,35,D,CC,RX,F
13:42:32,TLKM,RG,4100,1,D,XC,ZP,F
13:42:32,TLKM,RG,4100,3,F,KZ,CS,F
13:42:32,TLKM,RG,4100,19,F,AK,CS,F
13:42:31,TLKM,RG,4100,239,F,ZP,CS,F
13:42:31,TLKM,RG,4100,5,F,CS,CS,F
13:42:31,TLKM,RG,4100,500,F,CS,XC,D
13:42:31,TLKM,RG,4100,272,F,CS,PD,D
13:42:31,TLKM,RG,4100,1560,F,CS,PD,D
13:42:31,TLKM,RG,4100,28,F,AK,PD,D
13:42:31,TLKM,RG,4100,811,F,AK,PD,D
13:42:31,TLKM,RG,4100,937,F,AK,PD,D
13:42:31,TLKM,RG,4100,1338,F,ZP,PD,D
13:42:31,TLKM,RG,4100,7,F,KZ,PD,D
13:42:31,TLKM,RG,4100,19,F,ZP,PD,D
13:42:31,TLKM,RG,4100,2349,F,CS,PD,D
13:42:31,TLKM,RG,4100,1,F,CS,PD,D
13:42:31,TLKM,RG,4100,2161,F,AK,PD,D
13:42:31,TLKM,RG,4100,1000,D,RX,PD,D
13:42:31,TLKM,RG,4100,2,F,AK,PD,D
13:42:31,TLKM,RG,4100,104,F,YU,PD,D
13:42:31,TLKM,RG,4100,2,F,KZ,PD,D
13:42:31,TLKM,RG,4100,11,D,YU,PD,D
13:42:31,TLKM,RG,4100,3,D,YU,PD,D
13:42:31,TLKM,RG,4100,316,F,AK,PD,D
13:42:31,TLKM,RG,4100,15,F,ZP,PD,D
13:42:31,TLKM,RG,4100,2,F,KZ,PD,D
13:42:31,TLKM,RG,4100,194,F,ZP,PD,D
13:42:31,TLKM,RG,4100,2000,D,CC,PD,D
13:42:31,TLKM,RG,4100,25,F,AK,PD,D
13:42:31,TLKM,RG,4100,42,F,AK,PD,D
13:42:31,TLKM,RG,4100,4,F,ZP,PD,D
13:42:31,TLKM,RG,4100,480,F,BK,PD,D
13:42:31,TLKM,RG,4100,126,F,ZP,PD,D
13:42:31,TLKM,RG,4100,61,F,AK,PD,D
13:42:31,TLKM,RG,4100,2,D,DH,PD,D
13:42:31,TLKM,RG,4100,94,F,ZP,PD,D
13:42:31,TLKM,RG,4100,126,F,ZP,PD,D
13:42:31,TLKM,RG,4100,72,F,ZP,PD,D
13:42:31,TLKM,RG,4100,14,F,AK,PD,D
13:42:31,TLKM,RG,4100,2,D,XC,PD,D
13:42:31,TLKM,RG,4100,78,F,ZP,PD,D
13:42:31,TLKM,RG,4100,18,D,YU,PD,D
13:42:31,TLKM,RG,4100,6,D,XC,PD,D
13:42:31,TLKM,RG,4100,113,F,YU,PD,D
13:42:31,TLKM,RG,4100,220,F,YU,PD,D
13:42:31,TLKM,RG,4100,5,D,XC,PD,D
13:42:31,TLKM,RG,4100,85,F,ZP,PD,D
13:42:31,TLKM,RG,4100,7,F,AK,PD,D
13:42:31,TLKM,RG,4100,21,F,ZP,PD,D
13:42:31,TLKM,RG,4100,193,F,ZP,PD,D
13:42:31,TLKM,RG,4100,31,F,AK,PD,D
13:42:31,TLKM,RG,4100,41,F,AK,PD,D
13:42:22,TLKM,RG,4100,131,F,AK,NI,D
13:42:15,TLKM,RG,4100,4,F,AK,YP,D
13:42:15,TLKM,RG,4100,1,F,AK,XC,D
13:42:15,TLKM,RG,4100,790,F,AK,RX,F
13:42:12,TLKM,RG,4100,126,F,AK,AK,F
13:42:10,TLKM,RG,4100,4,F,AK,YP,D
13:42:09,TLKM,RG,4100,1519,F,AK,CS,F
13:42:09,TLKM,RG,4100,895,F,AK,KZ,D
13:42:09,TLKM,RG,4100,19,F,AK,KZ,D
13:42:09,TLKM,RG,4100,2,F,AK,KZ,D
13:42:09,TLKM,RG,4100,34,F,AK,KZ,D
13:42:09,TLKM,RG,4100,1335,F,ZP,KZ,D
13:42:09,TLKM,RG,4100,58,F,ZP,KZ,D
13:42:09,TLKM,RG,4100,1,D,XC,KZ,D
13:42:09,TLKM,RG,4100,61,D,CC,KZ,D
13:42:09,TLKM,RG,4100,147,F,YU,KZ,D
13:42:09,TLKM,RG,4100,53,F,ZP,KZ,D
13:42:09,TLKM,RG,4100,3,D,YP,KZ,D
13:42:09,TLKM,RG,4100,11,D,YU,KZ,D
13:42:09,TLKM,RG,4100,2,D,YU,KZ,D
13:42:09,TLKM,RG,4100,3,D,NI,KZ,D
13:42:09,TLKM,RG,4100,1,D,NI,KZ,D
13:42:09,TLKM,RG,4100,15,F,KZ,KZ,D
13:42:09,TLKM,RG,4100,115,F,ZP,KZ,D
13:42:09,TLKM,RG,4100,12,F,KZ,KZ,D
13:42:09,TLKM,RG,4100,1,D,XC,KZ,D
13:42:09,TLKM,RG,4100,6,D,BQ,KZ,D
13:42:09,TLKM,RG,4100,26,F,KZ,KZ,D
13:42:09,TLKM,RG,4100,172,F,AK,KZ,D
13:42:07,TLKM,RG,4100,182,F,AK,BK,F
13:42:04,TLKM,RG,4110,3,D,YU,CS,F
13:42:04,TLKM,RG,4110,10,D,YU,DX,D
13:42:04,TLKM,RG,4110,1,D,YU,XC,D
13:42:04,TLKM,RG,4110,2,D,YU,XC,D
13:42:04,TLKM,RG,4110,131,D,YU,SQ,D
13:42:01,TLKM,RG,4100,62,F,AK,RX,F
13:42:01,TLKM,RG,4100,26,F,AK,CC,D
13:41:54,TLKM,RG,4100,5,F,AK,CC,D
13:41:51,TLKM,RG,4100,1,F,AK,DX,D
13:41:50,TLKM,RG,4100,384,F,AK,ZP,F
13:41:50,TLKM,RG,4100,55,F,AK,RX,F
13:41:48,TLKM,RG,4100,48,F,AK,BK,F
13:41:42,TLKM,RG,4100,54,F,AK,PD,D
13:41:35,TLKM,RG,4100,15,F,AK,AZ,D
13:41:34,TLKM,RG,4100,222,F,AK,BK,F
13:41:30,TLKM,RG,4100,8,F,AK,CC,D
13:41:26,TLKM,RG,4100,2,F,AK,AI,D
13:41:20,TLKM,RG,4100,233,F,AK,RX,F
13:41:19,TLKM,RG,4110,1,D,XL,SQ,D
13:41:17,TLKM,RG,4100,100,F,AK,YP,D
13:41:15,TLKM,RG,4100,250,F,AK,SQ,D
13:41:15,TLKM,RG,4100,98,F,AK,BK,F
13:41:14,TLKM,RG,4100,8,F,AK,XC,D
13:41:12,TLKM,RG,4100,1000,F,AK,HD,D
13:41:12,TLKM,RG,4100,8,F,AK,NI,D
13:41:11,TLKM,RG,4100,48,F,AK,RX,F
13:41:03,TLKM,RG,4100,100,F,AK,SQ,D
13:41:01,TLKM,RG,4100,1,F,AK,PD,D
13:41:00,TLKM,RG,4110,201,F,YU,SQ,D
13:40:55,TLKM,RG,4100,29,F,AK,RX,F
13:40:53,TLKM,RG,4100,26,F,AK,RX,F
13:40:52,TLKM,RG,4100,146,F,AK,BK,F
13:40:47,TLKM,RG,4100,21,F,AK,PD,D
13:40:46,TLKM,RG,4100,16,F,AK,RX,D
13:40:42,TLKM,RG,4100,22,F,AK,BQ,D
13:40:38,TLKM,RG,4100,14,F,AK,BQ,D
13:40:38,TLKM,RG,4100,1,F,AK,XC,D
13:40:37,TLKM,RG,4100,5,F,AK,EP,D
13:40:37,TLKM,RG,4100,2,F,AK,NI,D
13:40:34,TLKM,RG,4100,122,F,AK,BK,F
13:40:34,TLKM,RG,4100,12,F,AK,RX,F
13:40:32,TLKM,RG,4100,25,F,AK,MK,D
13:40:32,TLKM,RG,4100,43,F,AK,RX,F
13:40:32,TLKM,RG,4100,20,F,ZP,RX,F
13:40:32,TLKM,RG,4100,2,F,AK,RX,F
13:40:32,TLKM,RG,4100,17,D,YU,RX,F
13:40:32,TLKM,RG,4100,22,F,AK,RX,F
13:40:32,TLKM,RG,4100,10,F,AK,RX,F
13:40:31,TLKM,RG,4100,1,F,AK,AZ,D
13:40:30,TLKM,RG,4100,4,F,AK,YP,D
13:40:25,TLKM,RG,4100,21,F,AK,IF,D
13:40:25,TLKM,RG,4100,54,D,CC,IF,D
13:40:25,TLKM,RG,4100,85,D,CC,BK,F
13:40:24,TLKM,RG,4100,25,D,CC,YP,D
13:40:24,TLKM,RG,4100,22,D,CC,BQ,D
13:40:21,TLKM,RG,4100,377,D,CC,BK,F
13:40:19,TLKM,RG,4100,14,D,CC,BQ,D
13:40:17,TLKM,RG,4100,50,D,CC,YP,D
13:40:15,TLKM,RG,4100,100,D,CC,BK,F
13:40:15,TLKM,RG,4100,15,D,CC,AZ,D
13:40:15,TLKM,RG,4100,371,D,CC,RX,F
13:40:14,TLKM,RG,4100,1,D,CC,XC,D
13:40:13,TLKM,RG,4100,150,D,CC,PD,D
13:40:13,TLKM,RG,4100,150,D,CC,YU,D
13:40:11,TLKM,RG,4100,78,D,CC,DP,F
13:40:11,TLKM,RG,4100,17,D,CC,YU,D
13:40:10,TLKM,RG,4100,20,D,CC,DH,D
13:40:09,TLKM,RG,4100,971,D,CC,KZ,D
13:40:09,TLKM,RG,4100,3,D,XC,KZ,D
13:40:09,TLKM,RG,4100,9,D,AG,KZ,D
13:40:09,TLKM,RG,4100,40,D,PD,KZ,D
13:40:09,TLKM,RG,4100,55,F,AK,KZ,D
13:40:09,TLKM,RG,4100,3,F,KZ,KZ,D
13:40:09,TLKM,RG,4100,354,F,AK,KZ,D
13:40:09,TLKM,RG,4100,3,D,YU,KZ,D
13:40:09,TLKM,RG,4100,10,D,YU,KZ,D
13:40:09,TLKM,RG,4100,426,D,CC,KZ,D
13:40:08,TLKM,RG,4100,41,D,CC,YU,D
13:40:06,TLKM,RG,4100,3,D,CC,AK,F
13:40:04,TLKM,RG,4100,501,D,CC,RX,F
13:40:03,TLKM,RG,4100,600,D,CC,CC,D
13:40:02,TLKM,RG,4100,20,D,CC,PD,D
13:40:02,TLKM,RG,4100,20,D,CC,DH,D
13:40:01,TLKM,RG,4100,1389,D,CC,HD,D
13:40:01,TLKM,RG,4100,191,F,AK,HD,D
13:40:01,TLKM,RG,4100,420,F,ZP,HD,D
13:40:00,TLKM,RG,4100,5,F,ZP,AK,F
13:40:00,TLKM,RG,4100,5,F,ZP,AK,F
13:39:57,TLKM,RG,4100,47,F,ZP,AK,F
13:39:57,TLKM,RG,4100,49,F,ZP,AK,F
13:39:57,TLKM,RG,4100,380,D,CC,AK,F
13:39:57,TLKM,RG,4100,29,D,CC,AK,F
13:39:56,TLKM,RG,4100,63,D,CC,RX,F
13:39:51,TLKM,RG,4100,157,D,CC,BK,F
13:39:50,TLKM,RG,4100,170,D,CC,AK,F
13:39:50,TLKM,RG,4100,59,D,CC,AK,F
13:39:49,TLKM,RG,4100,5,D,CC,XC,D
13:39:41,TLKM,RG,4100,5,D,CC,PD,D
13:39:37,TLKM,RG,4100,519,D,CC,RX,F
13:39:36,TLKM,RG,4100,152,D,CC,AK,F
13:39:36,TLKM,RG,4100,161,D,CC,AK,F
13:39:36,TLKM,RG,4100,66,D,CC,AK,F
13:39:35,TLKM,RG,4100,21,D,CC,RX,F
13:39:34,TLKM,RG,4100,120,D,CC,BK,F
13:39:27,TLKM,RG,4100,154,D,CC,RX,F
13:39:26,TLKM,RG,4100,250,D,CC,YB,D
13:39:22,TLKM,RG,4100,48,D,CC,BK,F
13:39:20,TLKM,RG,4100,141,D,CC,BK,F
13:39:20,TLKM,RG,4100,36,F,ZP,BK,F
13:39:19,TLKM,RG,4100,249,F,ZP,AK,F
13:39:19,TLKM,RG,4100,149,F,ZP,AK,F
13:39:18,TLKM,RG,4100,104,F,ZP,YU,D
13:39:18,TLKM,RG,4100,17,F,ZP,YU,D
13:39:18,TLKM,RG,4100,5,D,CC,YU,D
13:39:18,TLKM,RG,4100,51,F,AK,YU,D
13:39:18,TLKM,RG,4100,679,F,AK,YU,D
13:39:18,TLKM,RG,4100,2,D,PD,YU,D
13:39:18,TLKM,RG,4100,26,F,CC,YU,D
13:39:18,TLKM,RG,4100,23,F,AK,YU,D
13:39:18,TLKM,RG,4100,1,F,KZ,YU,D
13:39:18,TLKM,RG,4100,3,F,AK,YU,D
13:39:18,TLKM,RG,4100,40,F,AK,YU,D
13:39:18,TLKM,RG,4100,3,F,ZP,YU,D
13:39:18,TLKM,RG,4100,26,F,KZ,YU,D
13:39:18,TLKM,RG,4100,90,F,ZP,YU,D
13:39:18,TLKM,RG,4100,1930,F,CS,YU,D
13:39:18,TLKM,RG,4100,45,F,CS,RX,F
13:39:14,TLKM,RG,4100,53,F,CS,AK,F
13:39:13,TLKM,RG,4100,3,F,CS,XC,D
13:39:13,TLKM,RG,4100,31,F,CS,AK,F
13:39:13,TLKM,RG,4100,155,F,CS,BK,F
13:39:12,TLKM,RG,4100,29,F,CS,AK,F
13:39:12,TLKM,RG,4100,78,F,CS,RX,F
13:39:12,TLKM,RG,4100,15,F,CS,AZ,D
13:39:11,TLKM,RG,4100,30,F,CS,AK,F
13:39:11,TLKM,RG,4110,88,D,DH,SQ,D
13:39:10,TLKM,RG,4100,74,F,CS,BK,F
13:39:10,TLKM,RG,4100,18,F,CS,AK,F
13:39:10,TLKM,RG,4100,16,F,CS,RX,F
13:39:09,TLKM,RG,4100,10,F,CS,YP,D
13:39:09,TLKM,RG,4100,1,D,XC,YP,D
13:39:09,TLKM,RG,4100,19,D,YU,YP,D
13:39:09,TLKM,RG,4100,22,F,ZP,YP,D
13:39:08,TLKM,RG,4100,6,F,ZP,AK,F
13:39:07,TLKM,RG,4100,13,F,ZP,AK,F
13:39:07,TLKM,RG,4100,10,F,ZP,YP,D
13:39:07,TLKM,RG,4110,9,D,PD,SQ,D
13:39:06,TLKM,RG,4100,40,F,ZP,PD,D
13:39:05,TLKM,RG,4100,4,F,ZP,AK,F
13:39:04,TLKM,RG,4100,10,F,ZP,CC,D
13:39:02,TLKM,RG,4100,18,F,ZP,AK,F
13:39:01,TLKM,RG,4100,25,F,ZP,YP,D
13:38:56,TLKM,RG,4100,20,F,ZP,EP,D
13:38:54,TLKM,RG,4100,10,F,ZP,EP,D
13:38:51,TLKM,RG,4100,26,F,ZP,AK,F
13:38:50,TLKM,RG,4100,10,F,ZP,YP,D
13:38:46,TLKM,RG,4100,122,F,ZP,AK,F
13:38:45,TLKM,RG,4100,1,F,ZP,YP,D
13:38:43,TLKM,RG,4100,39,F,ZP,RX,F
13:38:41,TLKM,RG,4100,73,F,ZP,RX,F
13:38:41,TLKM,RG,4100,15,F,ZP,AT,D
13:38:39,TLKM,RG,4100,10,F,ZP,GR,D
13:38:38,TLKM,RG,4100,197,F,ZP,BK,F
13:38:37,TLKM,RG,4100,100,F,ZP,SQ,D
13:38:36,TLKM,RG,4100,107,F,ZP,AK,F
13:38:32,TLKM,RG,4100,70,F,ZP,AK,F
13:38:32,TLKM,RG,4100,3,F,AK,AK,F
13:38:32,TLKM,RG,4100,28,F,AK,AK,F
13:38:32,TLKM,RG,4100,48,F,AK,AK,F
13:38:32,TLKM,RG,4100,44,F,AK,AK,F
13:38:32,TLKM,RG,4100,85,F,ZP,AK,F
13:38:31,TLKM,RG,4100,43,F,BK,RX,F
13:38:22,TLKM,RG,4100,49,F,BK,AK,F
13:38:21,TLKM,RG,4100,73,F,BK,AK,F
13:38:21,TLKM,RG,4100,136,F,BK,AK,F
13:38:21,TLKM,RG,4100,1,D,PD,AK,F
13:38:21,TLKM,RG,4100,2,D,YU,AK,F
13:38:21,TLKM,RG,4100,8,D,YU,AK,F
13:38:19,TLKM,RG,4100,2,D,YU,RX,F
13:38:19,TLKM,RG,4100,1,D,XC,RX,F
13:38:19,TLKM,RG,4100,4,F,KZ,RX,F
13:38:19,TLKM,RG,4100,50,D,CC,RX,F
13:38:19,TLKM,RG,4100,55,F,AK,RX,F
13:38:18,TLKM,RG,4100,16,F,AK,BK,F
13:38:18,TLKM,RG,4100,137,F,YU,BK,F
13:38:18,TLKM,RG,4100,20,F,YU,BK,F
13:38:15,TLKM,RG,4100,248,F,YU,MU,D
13:38:15,TLKM,RG,4100,100,D,CC,MU,D
13:38:15,TLKM,RG,4100,1,D,XC,MU,D
13:38:15,TLKM,RG,4100,6,D,BQ,MU,D
13:38:15,TLKM,RG,4100,145,F,ZP,MU,D
13:38:08,TLKM,RG,4110,5,D,KK,SQ,D
13:38:07,TLKM,RG,4100,16,F,ZP,RX,D
13:38:06,TLKM,RG,4100,16,F,ZP,AK,F
13:38:01,TLKM,RG,4100,45,F,ZP,RX,F
13:38:00,TLKM,RG,4100,32,F,ZP,AK,F
13:38:00,TLKM,RG,4100,29,F,YU,AK,F
13:38:00,TLKM,RG,4100,4,F,YU,PD,D
13:37:59,TLKM,RG,4100,39,F,YU,RX,F
13:37:51,TLKM,RG,4100,79,F,YU,AK,F
13:37:51,TLKM,RG,4100,42,F,YU,AK,F
13:37:51,TLKM,RG,4100,102,F,YU,AK,F
13:37:44,TLKM,RG,4100,162,F,YU,BK,F
13:37:41,TLKM,RG,4100,74,F,YU,BK,F
13:37:40,TLKM,RG,4100,36,F,YU,RX,F
13:37:40,TLKM,RG,4100,48,D,RX,RX,F
13:37:39,TLKM,RG,4100,452,D,RX,KZ,F
13:37:39,TLKM,RG,4100,8,F,KZ,KZ,F
13:37:39,TLKM,RG,4100,32,F,ZP,KZ,F
13:37:37,TLKM,RG,4100,1,F,ZP,AK,F
13:37:36,TLKM,RG,4100,30,F,ZP,AK,F
13:37:35,TLKM,RG,4110,2,F,ZP,SQ,D
13:37:26,TLKM,RG,4100,2,F,ZP,GR,D
13:37:23,TLKM,RG,4100,1,F,ZP,XC,D
13:37:21,TLKM,RG,4100,2,F,ZP,XL,D
13:37:18,TLKM,RG,4100,1,F,ZP,XC,D
13:37:13,TLKM,RG,4100,73,F,AK,RX,F
13:37:11,TLKM,RG,4100,1,F,AK,XC,D
13:37:11,TLKM,RG,4100,1,F,AK,RX,F
13:37:08,TLKM,RG,4100,10,F,AK,GR,D
13:37:07,TLKM,RG,4100,1,F,AK,XC,D
13:37:04,TLKM,RG,4100,112,F,AK,AK,F
13:37:03,TLKM,RG,4100,140,F,AK,BK,F
13:37:00,TLKM,RG,4110,184,F,YU,SQ,D
13:36:57,TLKM,RG,4110,1,D,XL,SQ,D
13:36:52,TLKM,RG,4100,10,F,AK,OD,D
13:36:42,TLKM,RG,4100,1,F,AK,XC,D
13:36:24,TLKM,RG,4100,1,F,AK,XC,D
13:36:23,TLKM,RG,4100,39,F,AK,RX,F
13:36:21,TLKM,RG,4100,1,F,AK,RX,F
13:36:20,TLKM,RG,4100,10,F,AK,PD,D
13:36:18,TLKM,RG,4100,3,F,AK,XC,D
13:36:02,TLKM,RG,4100,3,F,AK,CC,D
13:36:01,TLKM,RG,4100,7,F,AK,YP,D
13:36:00,TLKM,RG,4110,211,F,YU,SQ,D
13:35:59,TLKM,RG,4100,139,F,AK,BK,F
13:35:46,TLKM,RG,4100,2,F,AK,XC,D
13:35:46,TLKM,RG,4100,1,F,AK,NI,D
13:35:40,TLKM,RG,4110,10,D,PD,SQ,D
13:35:37,TLKM,RG,4100,176,F,AK,BK,F
13:35:22,TLKM,RG,4100,16,F,AK,RX,D
13:35:19,TLKM,RG,4100,281,F,AK,ZP,D
13:35:19,TLKM,RG,4100,219,F,AK,ZP,D
13:35:13,TLKM,RG,4100,65,F,AK,BK,F
13:35:13,TLKM,RG,4100,10,F,ZP,BK,F
13:35:13,TLKM,RG,4100,15,F,KZ,BK,F
13:35:13,TLKM,RG,4100,50,F,ZP,BK,F
13:35:13,TLKM,RG,4100,1,F,ZP,XC,D
13:35:13,TLKM,RG,4100,183,F,ZP,DP,F
13:35:12,TLKM,RG,4100,2,F,ZP,XC,D
13:35:11,TLKM,RG,4100,538,F,ZP,BK,F
13:35:10,TLKM,RG,4100,40,F,ZP,YU,D
13:35:10,TLKM,RG,4100,1,F,KZ,YU,D
13:35:10,TLKM,RG,4100,1,D,XC,YU,D
13:35:10,TLKM,RG,4100,1,D,XC,YU,D
13:35:10,TLKM,RG,4100,1,D,XC,YU,D
13:35:10,TLKM,RG,4100,1,D,XC,YU,D
13:35:10,TLKM,RG,4100,10,F,AK,YU,D
13:35:08,TLKM,RG,4100,3,F,AK,AT,D
13:35:04,TLKM,RG,4100,40,F,AK,YP,D
13:35:04,TLKM,RG,4100,10,F,AK,YP,D
13:35:00,TLKM,RG,4100,50,F,AK,LG,D
13:34:51,TLKM,RG,4100,127,F,AK,BK,F
13:34:51,TLKM,RG,4100,19,F,AK,BK,F
13:34:48,TLKM,RG,4100,1,F,AK,XA,D
13:34:47,TLKM,RG,4110,1,D,XC,SQ,D
13:34:40,TLKM,RG,4100,14,F,AK,BK,F
13:34:40,TLKM,RG,4100,4,F,AK,BK,F
13:34:40,TLKM,RG,4100,49,F,AK,BK,F
13:34:33,TLKM,RG,4100,100,F,AK,EP,D
13:34:27,TLKM,RG,4100,1,F,AK,XC,D
13:34:25,TLKM,RG,4100,1,F,AK,KK,D
13:34:22,TLKM,RG,4100,108,F,AK,BK,F
13:34:09,TLKM,RG,4100,4,F,AK,NI,D
13:34:09,TLKM,RG,4100,1,F,AK,XC,D
