Time,Stock,Brd,Price,Qty,BT,BC,SC,ST
15:14:18,TLKM,RG,4110,1,D,RO,AK,F
15:14:17,TLKM,RG,4110,4,D,RO,XC,D
15:13:10,TLKM,RG,4110,14,D,RO,AK,F
15:13:09,TLKM,RG,4110,78,D,RO,XC,D
15:11:12,TLKM,RG,4110,3,D,RO,AK,F
15:11:11,TLKM,RG,4110,17,D,RO,YP,D
15:10:04,TLKM,RG,4110,1,D,RO,XC,D
15:09:43,TLKM,RG,4110,1,D,RO,AK,F
15:09:41,TLKM,RG,4110,5,D,RO,XC,D
15:08:43,TLKM,RG,4110,1,D,RO,XC,D
15:06:49,TLKM,RG,4110,1,D,RO,AK,F
15:06:48,TLKM,RG,4110,3,D,RO,YP,D
15:06:12,TLKM,RG,4110,22,D,RO,AK,F
15:06:12,TLKM,RG,4110,125,D,RO,YU,D
15:05:30,TLKM,RG,4110,1,D,RO,XC,D
15:03:41,TLKM,RG,4110,1,D,RO,AK,F
15:03:40,TLKM,RG,4110,5,D,RO,XC,D
15:03:00,TLKM,RG,4110,1,D,RO,AK,F
15:02:59,TLKM,RG,4110,10,D,RO,EP,D
15:02:40,TLKM,RG,4110,15,D,RO,AK,F
15:02:39,TLKM,RG,4110,78,D,RO,PD,D
15:02:39,TLKM,RG,4110,3,D,RO,EP,D
15:01:57,TLKM,RG,4110,1,D,RO,AK,F
15:01:56,TLKM,RG,4110,6,D,RO,PD,D
15:01:03,TLKM,RG,4110,3,D,RO,AT,D
15:00:00,TLKM,RG,4110,25,D,RO,YP,D
15:00:00,TLKM,RG,4110,759,D,RO,LG,D
15:00:00,TLKM,RG,4110,6,D,YP,LG,D
15:00:00,TLKM,RG,4110,15,D,GR,LG,D
15:00:00,TLKM,RG,4110,30,D,GR,LG,D
15:00:00,TLKM,RG,4110,115,D,YU,LG,D
15:00:00,TLKM,RG,4110,64,D,YU,YU,D
15:00:00,TLKM,RG,4110,30,D,YU,YP,D
15:00:00,TLKM,RG,4110,1,D,YU,YP,D
15:00:00,TLKM,RG,4110,1790,D,YU,YU,F
15:00:00,TLKM,RG,4110,10,D,PD,YU,F
15:00:00,TLKM,RG,4110,1,D,YP,YU,F
15:00:00,TLKM,RG,4110,1,D,XC,YU,F
15:00:00,TLKM,RG,4110,352,D,YP,YU,F
15:00:00,TLKM,RG,4110,4,D,PD,YU,F
15:00:00,TLKM,RG,4110,1,D,CC,YU,F
15:00:00,TLKM,RG,4110,4,D,NI,YU,F
15:00:00,TLKM,RG,4110,25,D,PD,YU,F
15:00:00,TLKM,RG,4110,1,D,YP,YU,F
15:00:00,TLKM,RG,4110,300,D,PG,YU,F
15:00:00,TLKM,RG,4110,50,D,YB,YU,F
15:00:00,TLKM,RG,4110,50,D,YP,YU,F
15:00:00,TLKM,RG,4110,50,D,YB,YU,F
15:00:00,TLKM,RG,4110,1,D,PD,YU,F
15:00:00,TLKM,RG,4110,2,D,XC,YU,F
15:00:00,TLKM,RG,4110,1,D,XC,YU,F
15:00:00,TLKM,RG,4110,8,D,NI,YU,F
15:00:00,TLKM,RG,4110,400,D,YB,YU,F
15:00:00,TLKM,RG,4110,500,D,YB,YU,F
15:00:00,TLKM,RG,4110,500,D,YB,YU,F
15:00:00,TLKM,RG,4110,4,D,XC,YU,F
15:00:00,TLKM,RG,4110,2,D,PD,YU,F
15:00:00,TLKM,RG,4110,20,D,YP,YU,F
15:00:00,TLKM,RG,4110,20,D,YP,YU,F
15:00:00,TLKM,RG,4110,2,D,XC,YU,F
15:00:00,TLKM,RG,4110,4,D,SQ,YU,F
15:00:00,TLKM,RG,4110,5,D,YP,YU,F
15:00:00,TLKM,RG,4110,2,D,PD,YU,F
15:00:00,TLKM,RG,4110,5,D,YP,YU,F
15:00:00,TLKM,RG,4110,885,D,BK,YU,F
15:00:00,TLKM,RG,4110,1,D,BK,CC,D
15:00:00,TLKM,RG,4110,500,D,BK,MG,D
15:00:00,TLKM,RG,4110,410,D,BK,BK,F
15:00:00,TLKM,RG,4110,2,D,NI,BK,F
15:00:00,TLKM,RG,4110,2,D,PD,BK,F
15:00:00,TLKM,RG,4110,1,D,XC,BK,F
15:00:00,TLKM,RG,4110,3,D,XC,BK,F
15:00:00,TLKM,RG,4110,13,D,DH,BK,F
15:00:00,TLKM,RG,4110,2,D,XC,BK,F
15:00:00,TLKM,RG,4110,10,D,YP,BK,F
15:00:00,TLKM,RG,4110,1,D,PD,BK,F
15:00:00,TLKM,RG,4110,1,D,EP,BK,F
15:00:00,TLKM,RG,4110,3587,D,SQ,BK,F
15:00:00,TLKM,RG,4110,96,D,SQ,AK,F
15:00:00,TLKM,RG,4110,224,D,SQ,AK,F
15:00:00,TLKM,RG,4110,6093,D,SQ,AK,F
15:00:00,TLKM,RG,4110,5,D,YP,AK,F
15:00:00,TLKM,RG,4110,1,D,PD,AK,F
15:00:00,TLKM,RG,4110,2,D,CC,AK,F
15:00:00,TLKM,RG,4110,5,D,PD,AK,F
15:00:00,TLKM,RG,4110,1000,D,BK,AK,F
15:00:00,TLKM,RG,4110,14,D,XC,AK,F
15:00:00,TLKM,RG,4110,1,D,SQ,AK,F
15:00:00,TLKM,RG,4110,1,D,CC,AK,F
15:00:00,TLKM,RG,4110,1,D,PD,AK,F
15:00:00,TLKM,RG,4110,89,D,BK,AK,F
15:00:00,TLKM,RG,4110,158,D,BK,YU,F
15:00:00,TLKM,RG,4110,709,D,BK,AK,F
15:00:00,TLKM,RG,4110,12,D,KK,AK,F
15:00:00,TLKM,RG,4110,2,D,EP,AK,F
15:00:00,TLKM,RG,4110,1,D,NI,AK,F
15:00:00,TLKM,RG,4110,1,D,XC,AK,F
15:00:00,TLKM,RG,4110,2,D,NI,AK,F
15:00:00,TLKM,RG,4110,10,D,DX,AK,F
15:00:00,TLKM,RG,4110,324,D,PD,AK,F
15:00:00,TLKM,RG,4110,112,D,PD,AK,F
15:00:00,TLKM,RG,4110,1,D,PD,AK,F
15:00:00,TLKM,RG,4110,5,D,PD,AK,F
15:00:00,TLKM,RG,4110,1,D,PD,AK,F
15:00:00,TLKM,RG,4110,72,D,PD,AK,F
15:00:00,TLKM,RG,4110,30,D,PD,AK,F
15:00:00,TLKM,RG,4110,11,D,PD,AK,F
15:00:00,TLKM,RG,4110,89,D,PD,YP,D
15:00:00,TLKM,RG,4110,3,D,DH,YP,D
15:00:00,TLKM,RG,4110,2,D,XC,YP,D
15:00:00,TLKM,RG,4110,3,D,CC,YP,D
15:00:00,TLKM,RG,4110,200,D,YP,YP,D
15:00:00,TLKM,RG,4110,7,D,PD,YP,D
15:00:00,TLKM,RG,4110,205,D,ID,YP,D
15:00:00,TLKM,RG,4110,52,D,YU,YP,D
15:00:00,TLKM,RG,4110,163,D,YU,AK,F
15:00:00,TLKM,RG,4110,73,D,YU,AK,F
15:00:00,TLKM,RG,4110,34,F,AK,AK,F
15:00:00,TLKM,RG,4110,776,F,AK,AK,F
15:00:00,TLKM,RG,4110,82,F,AK,AK,F
15:00:00,TLKM,RG,4110,154,F,AK,AK,F
15:00:00,TLKM,RG,4110,56,F,AK,AK,F
15:00:00,TLKM,RG,4110,103,F,AK,AK,F
15:00:00,TLKM,RG,4110,419,F,AK,AK,F
15:00:00,TLKM,RG,4110,1,F,AK,AK,F
15:00:00,TLKM,RG,4110,78,F,AK,AK,F
15:00:00,TLKM,RG,4110,213,D,DX,AK,F
15:00:00,TLKM,RG,4110,34,D,DX,AK,F
15:00:00,TLKM,RG,4110,200,D,DX,CC,D
15:00:00,TLKM,RG,4110,54,D,DX,AK,F
15:00:00,TLKM,RG,4110,282,D,DX,KK,D
15:00:00,TLKM,RG,4110,70,D,DX,AK,F
15:00:00,TLKM,RG,4110,27,D,DX,AK,F
15:00:00,TLKM,RG,4110,88,D,DX,AK,F
15:00:00,TLKM,RG,4110,336,D,BQ,AK,F
15:00:00,TLKM,RG,4110,156,D,BQ,AK,F
15:00:00,TLKM,RG,4110,88,D,BQ,AK,F
15:00:00,TLKM,RG,4110,40,D,BQ,AK,F
14:49:55,TLKM,RG,4120,23,D,BK,AK,F
14:49:54,TLKM,RG,4120,21,D,BK,BK,F
14:49:54,TLKM,RG,4120,3,D,PD,BK,F
14:49:54,TLKM,RG,4120,1,D,XL,BK,F
14:49:54,TLKM,RG,4120,5,D,NI,BK,F
14:49:54,TLKM,RG,4120,2,D,YP,BK,F
14:49:54,TLKM,RG,4120,5,D,KK,BK,F
14:49:54,TLKM,RG,4120,1,D,XC,BK,F
14:49:54,TLKM,RG,4120,94,D,BK,BK,F
14:49:52,TLKM,RG,4120,1,D,BK,AK,F
14:49:51,TLKM,RG,4120,5,D,BK,AK,F
14:49:51,TLKM,RG,4120,2,D,BK,AK,F
14:49:51,TLKM,RG,4120,1,D,BK,AK,F
14:49:51,TLKM,RG,4120,29,D,BK,AK,F
14:49:50,TLKM,RG,4120,54,D,BK,AK,F
14:49:50,TLKM,RG,4120,111,D,BK,BK,F
14:49:46,TLKM,RG,4120,9,D,BK,AK,F
14:49:45,TLKM,RG,4120,49,D,BK,BK,F
14:49:45,TLKM,RG,4120,2,D,BK,AK,F
14:49:43,TLKM,RG,4120,1,D,BK,AK,F
14:49:42,TLKM,RG,4120,1,D,BK,AK,F
14:49:42,TLKM,RG,4120,10,D,BK,AK,F
14:49:41,TLKM,RG,4120,59,D,BK,AK,F
14:49:39,TLKM,RG,4130,1,D,PD,YU,D
14:49:36,TLKM,RG,4120,11,D,BK,AK,F
14:49:35,TLKM,RG,4130,10,D,DR,AK,F
14:49:35,TLKM,RG,4130,5,D,SQ,AK,F
14:49:35,TLKM,RG,4130,1,D,PD,AK,F
14:49:35,TLKM,RG,4130,5,D,PD,AK,F
14:49:34,TLKM,RG,4140,183,D,RX,DR,D
14:49:31,TLKM,RG,4130,23,D,BK,AK,F
14:49:30,TLKM,RG,4140,55,D,RX,DR,D
14:49:30,TLKM,RG,4140,5,F,AK,DR,D
14:49:30,TLKM,RG,4140,3,F,AK,DR,D
14:49:30,TLKM,RG,4130,65,D,BK,AK,F
14:49:29,TLKM,RG,4130,6,D,BK,AK,F
14:49:28,TLKM,RG,4130,36,D,BK,YU,F
14:49:27,TLKM,RG,4130,1,D,BK,AK,F
14:49:26,TLKM,RG,4130,1,D,BK,YU,D
14:49:24,TLKM,RG,4130,1,D,BK,XC,D
14:49:23,TLKM,RG,4130,9,D,BK,AK,F
14:49:22,TLKM,RG,4130,2,D,BK,YP,D
14:49:22,TLKM,RG,4130,50,D,BK,CC,D
14:49:21,TLKM,RG,4130,8,D,BK,AK,F
14:49:20,TLKM,RG,4140,48,D,RX,DR,D
14:49:20,TLKM,RG,4130,2,D,BK,AK,F
14:49:20,TLKM,RG,4130,26,D,BK,AK,F
14:49:19,TLKM,RG,4130,100,D,BK,YP,D
14:49:18,TLKM,RG,4130,59,D,BK,AK,F
14:49:15,TLKM,RG,4130,3,D,BK,AK,F
14:49:14,TLKM,RG,4130,17,D,BK,BB,D
14:49:14,TLKM,RG,4130,1,D,BK,AK,F
14:49:13,TLKM,RG,4130,12,D,BK,AK,F
14:49:13,TLKM,RG,4130,1,D,BK,PD,D
14:49:12,TLKM,RG,4140,50,D,RX,DR,D
14:49:12,TLKM,RG,4130,5,D,BK,CP,D
14:49:12,TLKM,RG,4130,13,D,BK,BB,D
14:49:11,TLKM,RG,4140,2,F,AK,DR,D
14:49:11,TLKM,RG,4140,1,F,AK,DR,D
14:49:11,TLKM,RG,4130,3,D,BK,AK,F
14:49:11,TLKM,RG,4140,1,F,AK,DR,D
14:49:10,TLKM,RG,4140,1,D,SQ,DR,D
14:49:09,TLKM,RG,4140,14,D,BB,DR,D
14:49:08,TLKM,RG,4130,88,D,BK,AK,F
14:49:07,TLKM,RG,4130,3,D,BK,AK,F
14:49:07,TLKM,RG,4130,500,D,BK,YU,D
14:49:06,TLKM,RG,4140,14,D,BB,DR,D
14:49:03,TLKM,RG,4130,11,D,BK,AK,F
14:49:02,TLKM,RG,4130,14,D,BK,AK,F
14:49:02,TLKM,RG,4130,15,D,BK,AT,D
14:49:02,TLKM,RG,4130,48,D,BK,AK,F
14:49:01,TLKM,RG,4130,1,D,BK,RX,D
14:49:01,TLKM,RG,4130,5,D,BK,RX,D
14:49:01,TLKM,RG,4130,42,D,BK,AK,F
14:49:01,TLKM,RG,4130,6,D,BK,BB,D
14:49:01,TLKM,RG,4130,27,D,BK,YP,D
14:49:01,TLKM,RG,4120,1,D,BK,AK,F
14:49:00,TLKM,RG,4120,2,D,BK,AK,F
14:49:00,TLKM,RG,4120,1,D,BK,AK,F
14:49:00,TLKM,RG,4120,1,D,BK,AK,F
14:49:00,TLKM,RG,4120,1,D,BK,AK,F
14:48:54,TLKM,RG,4120,1,D,BK,AK,F
14:48:53,TLKM,RG,4130,6,D,BK,YP,D
14:48:53,TLKM,RG,4130,39,D,BK,AK,F
14:48:52,TLKM,RG,4130,139,D,BK,AK,F
14:48:52,TLKM,RG,4130,7,D,BB,AK,F
14:48:52,TLKM,RG,4130,76,D,RX,AK,F
14:48:48,TLKM,RG,4130,9,D,RX,AK,F
14:48:47,TLKM,RG,4130,36,D,RX,AK,F
14:48:47,TLKM,RG,4130,11,D,BK,AK,F
14:48:46,TLKM,RG,4130,9,D,BK,AK,F
14:48:45,TLKM,RG,4140,55,D,RX,DR,D
14:48:40,TLKM,RG,4130,8,D,BK,AK,F
14:48:39,TLKM,RG,4130,45,D,BK,AK,F
14:48:37,TLKM,RG,4130,15,D,BK,AK,F
14:48:36,TLKM,RG,4130,1,D,BK,AK,F
14:48:36,TLKM,RG,4140,84,D,RX,DR,D
14:48:36,TLKM,RG,4140,1,D,RX,XC,D
14:48:35,TLKM,RG,4130,1,D,BK,AK,F
14:48:35,TLKM,RG,4130,2,D,BK,AK,F
14:48:35,TLKM,RG,4130,4,D,BK,AK,F
14:48:35,TLKM,RG,4130,3,D,BK,AK,F
14:48:34,TLKM,RG,4130,6,D,BK,AK,F
14:48:34,TLKM,RG,4130,13,D,BK,AK,F
14:48:31,TLKM,RG,4130,286,D,BK,AK,F
14:48:31,TLKM,RG,4130,1578,D,BK,CC,F
14:48:31,TLKM,RG,4130,146,D,BK,AK,F
14:48:31,TLKM,RG,4130,30,D,BK,BB,D
14:48:31,TLKM,RG,4130,842,D,BK,CS,F
14:48:28,TLKM,RG,4120,43,D,BK,AK,F
14:48:27,TLKM,RG,4120,301,D,BK,AK,F
14:48:27,TLKM,RG,4130,242,F,AI,CS,F
14:48:26,TLKM,RG,4130,26,D,BB,CS,F
14:48:26,TLKM,RG,4130,53,D,RX,CS,F
14:48:26,TLKM,RG,4130,104,D,AK,CS,F
14:48:26,TLKM,RG,4130,1500,D,AK,AK,F
14:48:26,TLKM,RG,4130,7,D,AK,AK,F
14:48:26,TLKM,RG,4130,9,D,AK,AK,F
14:48:26,TLKM,RG,4130,8,D,AK,AK,F
14:48:26,TLKM,RG,4130,219,D,AK,AK,F
14:48:25,TLKM,RG,4130,3,D,AK,XC,D
14:48:25,TLKM,RG,4130,5,D,AK,AK,F
14:48:25,TLKM,RG,4130,203,D,AK,AK,F
14:48:25,TLKM,RG,4130,10,D,AK,AI,D
14:48:25,TLKM,RG,4130,1500,D,AK,AK,F
14:48:25,TLKM,RG,4130,1,D,AK,OD,D
14:48:25,TLKM,RG,4130,8,D,AK,ZP,D
14:48:25,TLKM,RG,4130,11,D,AK,AK,F
14:48:25,TLKM,RG,4130,2,D,AK,PD,D
14:48:25,TLKM,RG,4130,9,D,AK,AK,F
14:48:25,TLKM,RG,4130,1240,D,AK,CS,F
14:48:25,TLKM,RG,4130,25,D,AK,NI,D
14:48:25,TLKM,RG,4130,25,D,AK,AK,F
14:48:25,TLKM,RG,4130,10,D,AK,XC,D
14:48:25,TLKM,RG,4130,9,D,AK,AK,F
14:48:25,TLKM,RG,4130,11,D,AK,AK,F
14:48:25,TLKM,RG,4130,1000,D,AK,FS,D
14:48:25,TLKM,RG,4130,3,D,AK,RX,D
14:48:25,TLKM,RG,4130,10,D,AK,RX,D
14:48:25,TLKM,RG,4130,14,D,AK,XC,D
14:48:25,TLKM,RG,4130,16,D,AK,SQ,D
14:48:25,TLKM,RG,4130,2,D,AK,AT,D
14:48:25,TLKM,RG,4130,100,D,AK,PD,D
14:48:25,TLKM,RG,4130,25,D,AK,OD,D
14:48:25,TLKM,RG,4130,17,D,AK,BB,D
14:48:25,TLKM,RG,4130,29,D,AK,XC,D
14:48:25,TLKM,RG,4130,14,D,AK,AK,F
14:48:25,TLKM,RG,4130,61,D,AK,AK,F
14:48:25,TLKM,RG,4130,20,D,AK,CC,F
14:48:25,TLKM,RG,4130,825,D,AK,AK,F
14:48:25,TLKM,RG,4130,2945,D,AK,CC,F
14:48:22,TLKM,RG,4120,1,D,BK,ZP,D
14:48:22,TLKM,RG,4120,1,D,BK,AK,F
14:48:21,TLKM,RG,4120,98,D,BK,AK,F
14:48:21,TLKM,RG,4120,8,D,BK,ZP,D
14:48:20,TLKM,RG,4120,54,D,BK,AK,F
14:48:20,TLKM,RG,4120,1,D,BK,AK,F
14:48:20,TLKM,RG,4120,47,D,BK,YU,D
14:48:20,TLKM,RG,4120,17,D,BB,YU,D
14:48:20,TLKM,RG,4120,436,D,AK,YU,D
14:48:19,TLKM,RG,4120,15,D,AK,AK,F
14:48:19,TLKM,RG,4120,4,D,AK,BB,D
14:48:18,TLKM,RG,4130,3,D,BB,CC,F
14:48:17,TLKM,RG,4130,85,D,RX,CC,F
14:48:17,TLKM,RG,4120,2,D,AK,AK,F
14:48:15,TLKM,RG,4130,11,D,RX,CC,F
14:48:15,TLKM,RG,4120,1,D,AK,AK,F
14:48:14,TLKM,RG,4130,4,D,BB,CC,F
14:48:13,TLKM,RG,4120,1,D,AK,AK,F
14:48:12,TLKM,RG,4120,9,D,AK,AK,F
14:48:12,TLKM,RG,4120,5,D,AK,BB,D
14:48:11,TLKM,RG,4120,48,D,AK,AK,F
14:48:11,TLKM,RG,4120,5,D,AK,CC,D
14:48:09,TLKM,RG,4120,2,D,AK,AK,F
14:48:08,TLKM,RG,4120,10,D,AK,AK,F
14:48:06,TLKM,RG,4130,3,D,BB,CC,F
14:48:03,TLKM,RG,4120,13,D,AK,AK,F
14:48:02,TLKM,RG,4120,71,D,AK,AK,F
14:48:02,TLKM,RG,4120,6,D,AK,AK,F
14:48:01,TLKM,RG,4120,24,D,AK,BB,D
14:48:01,TLKM,RG,4130,12,D,BB,CC,F
14:47:51,TLKM,RG,4120,43,D,AK,AK,F
14:47:50,TLKM,RG,4120,244,D,AK,AK,F
14:47:42,TLKM,RG,4120,9,D,AK,AK,F
14:47:40,TLKM,RG,4120,47,D,AK,AK,F
14:47:39,TLKM,RG,4120,3,D,AK,AK,F
14:47:38,TLKM,RG,4120,5,D,AK,RX,D
14:47:38,TLKM,RG,4120,2,D,AK,AK,F
14:47:37,TLKM,RG,4130,14,D,BB,CC,F
14:47:37,TLKM,RG,4120,11,D,AK,AK,F
14:47:36,TLKM,RG,4120,2,D,AK,RX,D
14:47:35,TLKM,RG,4120,5,D,AK,AK,F
14:47:34,TLKM,RG,4120,25,D,AK,AK,F
14:47:33,TLKM,RG,4120,9,D,AK,AK,F
14:47:32,TLKM,RG,4120,53,D,AK,AK,F
14:47:25,TLKM,RG,4120,88,D,AK,AK,F
14:47:24,TLKM,RG,4120,500,D,AK,EP,D
14:47:24,TLKM,RG,4120,9,D,AK,AK,F
14:47:23,TLKM,RG,4120,47,D,AK,AK,F
14:47:19,TLKM,RG,4120,5,D,AK,AK,F
14:47:18,TLKM,RG,4120,32,D,AK,BB,D
14:47:16,TLKM,RG,4120,1,D,AK,RX,D
14:47:16,TLKM,RG,4120,11,D,AK,AK,F
14:47:14,TLKM,RG,4120,60,D,AK,AK,F
14:47:14,TLKM,RG,4120,1,D,AK,RX,D
14:47:06,TLKM,RG,4120,2,D,AK,AK,F
14:47:05,TLKM,RG,4120,13,D,AK,AK,F
14:47:05,TLKM,RG,4120,10,D,AK,AK,F
14:47:04,TLKM,RG,4120,53,D,AK,AK,F
14:46:57,TLKM,RG,4120,58,D,AK,AK,F
14:46:57,TLKM,RG,4120,3,D,NI,AK,F
14:46:57,TLKM,RG,4120,1,D,DX,AK,F
14:46:57,TLKM,RG,4120,3,D,BK,AK,F
14:46:56,TLKM,RG,4120,16,D,BK,AK,F
14:46:55,TLKM,RG,4120,369,D,BK,AK,F
14:46:55,TLKM,RG,4120,16,D,BK,AK,F
14:46:55,TLKM,RG,4120,92,D,BK,ZP,F
14:46:54,TLKM,RG,4120,92,D,BK,ZP,F
14:46:54,TLKM,RG,4120,4,D,BK,AK,F
14:46:53,TLKM,RG,4120,17,D,BK,AK,F
14:46:53,TLKM,RG,4120,20,D,BK,ZP,F
14:46:51,TLKM,RG,4130,7,D,DP,CC,F
14:46:51,TLKM,RG,4120,92,D,BK,ZP,F
14:46:44,TLKM,RG,4120,1,D,BK,AK,F
14:46:42,TLKM,RG,4130,1,D,DP,CC,F
14:46:42,TLKM,RG,4120,1,D,BK,AK,F
14:46:41,TLKM,RG,4130,7,D,DP,CC,F
14:46:40,TLKM,RG,4120,1,D,BK,AK,F
14:46:38,TLKM,RG,4120,7,D,BK,RX,D
14:46:36,TLKM,RG,4120,11,D,BK,AK,F
14:46:35,TLKM,RG,4120,8,D,BK,AK,F
14:46:34,TLKM,RG,4120,64,D,BK,ZP,F
14:46:33,TLKM,RG,4120,2,D,BK,RX,D
14:46:33,TLKM,RG,4120,39,D,BK,ZP,F
14:46:32,TLKM,RG,4120,70,D,BK,AK,F
14:46:31,TLKM,RG,4120,75,D,BK,YP,D
14:46:31,TLKM,RG,4120,1,D,DP,YP,D
14:46:31,TLKM,RG,4120,8,D,DP,YP,D
14:46:31,TLKM,RG,4120,11,D,XL,YP,D
14:46:31,TLKM,RG,4120,18,D,BB,YP,D
14:46:31,TLKM,RG,4120,96,D,RX,YP,D
14:46:31,TLKM,RG,4120,1,D,YP,YP,D
14:46:31,TLKM,RG,4120,10,F,AK,YP,D
14:46:31,TLKM,RG,4120,10,D,ZP,YP,D
14:46:31,TLKM,RG,4120,1,D,XC,YP,D
14:46:31,TLKM,RG,4120,2,D,PD,YP,D
14:46:31,TLKM,RG,4120,1,D,DH,YP,D
14:46:31,TLKM,RG,4120,166,D,RX,YP,D
14:46:30,TLKM,RG,4120,2,D,RX,AK,F
14:46:30,TLKM,RG,4120,9,D,RX,AK,F
14:46:25,TLKM,RG,4120,9,D,RX,AK,F
14:46:23,TLKM,RG,4120,54,D,RX,AK,F
14:46:23,TLKM,RG,4120,5,D,RX,AK,F
14:46:22,TLKM,RG,4120,28,D,RX,BB,D
14:46:15,TLKM,RG,4120,11,D,RX,AK,F
14:46:14,TLKM,RG,4120,59,D,RX,AK,F
14:46:10,TLKM,RG,4120,2,D,RX,AK,F
14:46:09,TLKM,RG,4120,13,D,RX,SQ,D
14:46:06,TLKM,RG,4120,19,D,RX,AK,F
14:46:04,TLKM,RG,4120,34,D,RX,AK,F
14:46:04,TLKM,RG,4120,1,D,XC,AK,F
14:46:04,TLKM,RG,4120,11,D,CC,AK,F
14:46:04,TLKM,RG,4120,1,D,XC,AK,F
14:46:04,TLKM,RG,4120,12,D,BK,AK,F
14:46:04,TLKM,RG,4120,50,D,BK,AK,F
14:46:04,TLKM,RG,4120,28,D,BK,AK,F
14:46:03,TLKM,RG,4120,30,D,BK,ZP,F
14:46:02,TLKM,RG,4120,125,D,BK,ZP,F
14:46:02,TLKM,RG,4120,27,D,BK,AK,F
14:46:01,TLKM,RG,4120,155,D,BK,ZP,F
14:46:00,TLKM,RG,4120,1,D,BK,AK,F
14:46:00,TLKM,RG,4120,3,D,BK,AK,F
14:45:59,TLKM,RG,4120,25,D,BK,YP,D
14:45:57,TLKM,RG,4120,53,D,BK,AK,F
14:45:55,TLKM,RG,4130,301,D,BK,CC,F
14:45:55,TLKM,RG,4120,339,D,BK,AK,F
14:45:54,TLKM,RG,4120,107,D,BK,AK,F
14:45:53,TLKM,RG,4120,45,D,BK,AK,F
14:45:53,TLKM,RG,4120,1000,D,BK,AK,F
14:45:53,TLKM,RG,4120,4,D,SQ,AK,F
14:45:53,TLKM,RG,4120,1,D,PD,AK,F
14:45:53,TLKM,RG,4120,1,D,PD,AK,F
14:45:53,TLKM,RG,4120,10,D,PD,AK,F
14:45:53,TLKM,RG,4120,336,D,RX,AK,F
14:45:53,TLKM,RG,4120,20,D,LG,AK,F
14:45:53,TLKM,RG,4120,28,D,BB,AK,F
14:45:53,TLKM,RG,4120,474,D,AK,AK,F
14:45:53,TLKM,RG,4120,606,D,AK,CC,D
14:45:52,TLKM,RG,4120,9,D,AK,AK,F
14:45:51,TLKM,RG,4130,53,D,RX,CC,F
14:45:51,TLKM,RG,4120,9,D,AK,AK,F
14:45:50,TLKM,RG,4130,40,D,BK,CC,F
14:45:50,TLKM,RG,4130,10,D,GR,CC,F
14:45:48,TLKM,RG,4120,7,D,AK,AK,F
14:45:47,TLKM,RG,4120,5,D,AK,AK,F
14:45:47,TLKM,RG,4130,41,D,BK,CC,F
14:45:46,TLKM,RG,4130,24,D,BB,CC,F
14:45:45,TLKM,RG,4120,16,D,AK,AK,F
14:45:44,TLKM,RG,4120,18,D,AK,AK,F
14:45:43,TLKM,RG,4120,94,D,AK,ZP,F
14:45:43,TLKM,RG,4130,59,D,RX,CC,F
14:45:43,TLKM,RG,4120,43,D,AK,ZP,F
14:45:35,TLKM,RG,4120,12,D,AK,AK,F
14:45:34,TLKM,RG,4130,66,D,RX,CC,F
14:45:34,TLKM,RG,4120,5,D,AK,AK,F
14:45:32,TLKM,RG,4120,29,D,AK,BB,D
14:45:29,TLKM,RG,4120,3,D,AK,AK,F
14:45:28,TLKM,RG,4120,15,D,AK,YP,D
14:45:25,TLKM,RG,4120,9,D,AK,AK,F
14:45:24,TLKM,RG,4130,52,D,RX,CC,F
14:45:17,TLKM,RG,4120,9,D,AK,AK,F
14:45:16,TLKM,RG,4130,52,D,RX,CC,F
14:45:10,TLKM,RG,4120,8,D,AK,AK,F
14:45:09,TLKM,RG,4130,47,D,BK,CC,F
14:45:09,TLKM,RG,4120,10,D,AK,AK,F
14:45:07,TLKM,RG,4130,53,D,RX,CC,F
14:45:00,TLKM,RG,4120,12,D,AK,AK,F
14:44:59,TLKM,RG,4130,42,D,RX,CC,F
14:44:59,TLKM,RG,4130,26,D,BB,CC,F
14:44:51,TLKM,RG,4120,6,D,AK,AK,F
14:44:49,TLKM,RG,4130,38,D,RX,CC,F
14:44:42,TLKM,RG,4120,14,D,AK,AK,F
14:44:41,TLKM,RG,4120,4,D,AK,AK,F
14:44:40,TLKM,RG,4130,75,D,RX,CC,F
14:44:40,TLKM,RG,4120,27,D,AK,BB,D
14:44:32,TLKM,RG,4120,1,D,AK,AK,F
14:44:30,TLKM,RG,4120,125,D,AK,AK,F
14:44:30,TLKM,RG,4130,1,D,CC,CC,F
14:44:30,TLKM,RG,4130,710,D,CC,CC,F
14:44:26,TLKM,RG,4120,5,D,AK,AK,F
14:44:25,TLKM,RG,4120,31,D,AK,AK,F
14:44:24,TLKM,RG,4120,15,D,AK,AK,F
14:44:22,TLKM,RG,4130,26,D,RX,CC,F
14:44:22,TLKM,RG,4130,4,D,RX,YP,D
14:44:22,TLKM,RG,4130,42,D,RX,YU,D
14:44:22,TLKM,RG,4130,10,D,NI,YU,D
14:44:12,TLKM,RG,4120,4,D,AK,AK,F
14:44:11,TLKM,RG,4130,26,D,BB,YU,D
14:44:11,TLKM,RG,4120,1,D,AK,AK,F
14:44:09,TLKM,RG,4120,2,D,AK,NI,D
14:44:06,TLKM,RG,4120,7,D,AK,AK,F
14:44:05,TLKM,RG,4130,22,D,RX,YU,D
14:44:05,TLKM,RG,4130,20,D,RX,ZP,F
14:44:00,TLKM,RG,4120,1,D,AK,XC,D
14:43:55,TLKM,RG,4120,10,D,AK,AK,F
14:43:55,TLKM,RG,4130,55,D,RX,ZP,F
14:43:53,TLKM,RG,4120,5,D,AK,AK,F
14:43:52,TLKM,RG,4120,24,D,AK,AK,F
14:43:52,TLKM,RG,4120,26,D,AK,BB,D
14:43:52,TLKM,RG,4130,8,D,PD,ZP,F
14:43:51,TLKM,RG,4130,129,D,CC,ZP,F
14:43:24,TLKM,RG,4120,3,D,AK,ZP,D
14:43:22,TLKM,RG,4120,5,D,AK,AK,F
14:43:22,TLKM,RG,4130,28,D,BB,ZP,F
14:43:20,TLKM,RG,4120,13,D,AK,AK,F
14:43:19,TLKM,RG,4120,70,D,AK,PD,D
14:43:06,TLKM,RG,4130,1,D,PD,ZP,F
14:43:06,TLKM,RG,4120,2,D,AK,BB,D
14:42:44,TLKM,RG,4130,2,D,PD,ZP,F
14:42:36,TLKM,RG,4120,1,D,AK,AK,F
14:42:35,TLKM,RG,4130,1,D,CC,ZP,F
14:42:32,TLKM,RG,4120,26,D,AK,AK,F
14:42:32,TLKM,RG,4130,46,F,BK,ZP,F
14:42:31,TLKM,RG,4120,104,D,AK,AK,F
14:42:30,TLKM,RG,4120,11,D,AK,AK,F
14:42:30,TLKM,RG,4130,1,D,CC,ZP,F
14:42:29,TLKM,RG,4130,9,D,BB,ZP,F
14:42:29,TLKM,RG,4130,50,D,BB,ZP,F
14:42:23,TLKM,RG,4120,18,D,AK,AK,F
14:42:22,TLKM,RG,4120,101,D,AK,AK,F
14:42:17,TLKM,RG,4120,9,D,AK,AK,F
14:42:16,TLKM,RG,4130,50,F,BK,ZP,F
14:42:16,TLKM,RG,4120,2,D,AK,DR,D
14:42:15,TLKM,RG,4120,83,D,AK,AK,F
14:42:14,TLKM,RG,4130,100,F,BK,ZP,F
14:42:14,TLKM,RG,4130,3,F,BK,AT,D
14:42:14,TLKM,RG,4130,4,F,BK,XC,D
14:42:14,TLKM,RG,4130,1,F,BK,PD,D
14:42:14,TLKM,RG,4130,50,F,BK,OD,D
14:42:14,TLKM,RG,4130,10,F,BK,LS,D
14:42:14,TLKM,RG,4130,3,F,BK,XC,D
14:42:14,TLKM,RG,4130,1,F,BK,PD,D
14:42:14,TLKM,RG,4130,1,F,BK,YP,D
14:42:14,TLKM,RG,4130,1,F,BK,CC,D
14:42:14,TLKM,RG,4130,5,F,BK,XA,D
14:42:14,TLKM,RG,4130,5,F,BK,DH,D
14:42:14,TLKM,RG,4130,1,F,BK,XC,D
14:42:14,TLKM,RG,4130,1,F,BK,XC,D
14:42:14,TLKM,RG,4130,3,F,BK,XC,D
14:42:14,TLKM,RG,4130,2,F,BK,YP,D
14:42:14,TLKM,RG,4130,100,F,BK,PD,D
14:42:14,TLKM,RG,4130,2,F,BK,NI,D
14:42:14,TLKM,RG,4130,6,F,BK,XC,D
14:42:14,TLKM,RG,4120,19,D,AK,AK,F
14:42:14,TLKM,RG,4120,63,D,AK,AK,F
14:42:14,TLKM,RG,4120,110,D,AK,AK,F
14:42:13,TLKM,RG,4120,53,D,AK,AK,F
14:42:13,TLKM,RG,4120,8,D,AK,AK,F
14:42:13,TLKM,RG,4120,502,D,AK,AK,F
14:42:13,TLKM,RG,4120,6,D,AK,AK,F
14:42:13,TLKM,RG,4120,15,D,AK,AK,F
14:42:13,TLKM,RG,4120,46,D,AK,AK,F
14:42:13,TLKM,RG,4120,6,D,AK,AK,F
14:42:13,TLKM,RG,4120,63,D,AK,ZP,F
14:42:13,TLKM,RG,4120,63,D,AK,AK,F
14:42:13,TLKM,RG,4120,440,D,AK,DR,D
14:42:13,TLKM,RG,4120,58,D,AK,ZP,F
14:42:13,TLKM,RG,4120,62,D,AK,ZP,F
14:42:13,TLKM,RG,4120,3,D,AK,PD,D
14:42:13,TLKM,RG,4120,405,D,AK,AK,F
14:42:13,TLKM,RG,4120,21,D,AK,CC,F
14:42:13,TLKM,RG,4120,1217,D,AK,CS,F
14:42:13,TLKM,RG,4120,1203,D,AK,CS,F
14:42:13,TLKM,RG,4120,100,D,AK,ZP,F
14:42:13,TLKM,RG,4120,150,D,AK,ZP,F
14:42:13,TLKM,RG,4120,150,D,AK,ZP,F
14:42:13,TLKM,RG,4120,150,D,AK,ZP,F
14:42:13,TLKM,RG,4120,100,D,AK,SQ,D
14:42:13,TLKM,RG,4120,219,D,AK,CC,D
14:42:13,TLKM,RG,4120,147,D,AK,AK,F
14:42:13,TLKM,RG,4120,412,D,AK,AK,F
14:42:13,TLKM,RG,4120,77,D,AK,AK,F
14:42:13,TLKM,RG,4120,7,D,AK,AK,F
14:42:13,TLKM,RG,4120,240,D,AK,CC,F
14:42:13,TLKM,RG,4120,42,D,AK,BB,D
14:42:13,TLKM,RG,4120,1694,D,AK,AK,F
14:42:09,TLKM,RG,4110,1,D,BK,AK,F
14:42:08,TLKM,RG,4110,5,D,BK,XA,D
14:41:48,TLKM,RG,4110,74,D,BK,AK,F
14:41:48,TLKM,RG,4110,420,D,BK,BB,D
14:41:38,TLKM,RG,4110,23,D,BK,AK,F
14:41:37,TLKM,RG,4110,133,D,BK,KK,D
14:41:20,TLKM,RG,4110,24,D,BK,AK,F
14:41:19,TLKM,RG,4110,8,D,BK,BB,D
14:41:19,TLKM,RG,4110,27,D,BK,AK,F
14:41:19,TLKM,RG,4110,101,D,BK,ZP,F
14:41:19,TLKM,RG,4100,440,D,DR,AK,F
14:41:19,TLKM,RG,4100,3,D,XC,AK,F
14:41:19,TLKM,RG,4100,2,D,PD,AK,F
14:41:19,TLKM,RG,4100,25,D,YU,AK,F
14:41:19,TLKM,RG,4100,3,D,NI,AK,F
14:41:19,TLKM,RG,4100,1,D,SQ,AK,F
14:41:19,TLKM,RG,4100,3,D,NI,AK,F
14:41:19,TLKM,RG,4100,55,D,XC,AK,F
14:41:18,TLKM,RG,4110,16,D,BB,AK,F
14:41:18,TLKM,RG,4110,151,D,BK,AK,F
14:41:17,TLKM,RG,4110,4,D,BK,RX,D
14:41:17,TLKM,RG,4110,22,D,BK,RX,D
14:41:17,TLKM,RG,4110,237,D,BK,CS,F
14:41:17,TLKM,RG,4110,827,D,BK,ZP,F
14:41:17,TLKM,RG,4110,93,D,BK,ZP,D
14:41:17,TLKM,RG,4110,20,D,BK,BB,D
14:41:17,TLKM,RG,4110,1462,D,BK,AK,F
14:41:17,TLKM,RG,4110,184,D,BK,CS,F
14:41:11,TLKM,RG,4100,4,D,XC,AK,F
14:41:11,TLKM,RG,4100,15,D,YP,AK,F
14:41:11,TLKM,RG,4100,2,D,KK,AK,F
14:41:11,TLKM,RG,4100,1,D,PD,AK,F
14:41:11,TLKM,RG,4100,2,D,PD,AK,F
14:41:11,TLKM,RG,4100,1,D,YP,AK,F
14:41:11,TLKM,RG,4100,1,D,YP,AK,F
14:41:11,TLKM,RG,4100,1,D,PD,AK,F
14:41:11,TLKM,RG,4100,5,D,LG,AK,F
14:41:11,TLKM,RG,4100,1,D,CC,AK,F
14:41:11,TLKM,RG,4100,1,D,XC,AK,F
14:41:11,TLKM,RG,4100,46,D,NI,AK,F
14:41:11,TLKM,RG,4100,1,D,PD,AK,F
14:41:11,TLKM,RG,4100,500,D,GR,AK,F
14:41:11,TLKM,RG,4100,1,D,PD,AK,F
14:41:11,TLKM,RG,4100,25,D,PD,AK,F
14:41:11,TLKM,RG,4100,3,D,XC,AK,F
14:41:11,TLKM,RG,4100,2,D,YP,AK,F
14:41:11,TLKM,RG,4100,3,D,XC,AK,F
14:41:11,TLKM,RG,4100,5,D,OD,AK,F
14:41:11,TLKM,RG,4100,1,D,PD,AK,F
14:41:11,TLKM,RG,4100,25,D,YB,AK,F
14:41:11,TLKM,RG,4100,7,D,PD,AK,F
14:41:11,TLKM,RG,4100,26,D,PD,AK,F
14:41:11,TLKM,RG,4100,25,D,CC,AK,F
14:41:11,TLKM,RG,4100,5,D,XC,AK,F
14:41:11,TLKM,RG,4100,500,D,CC,AK,F
14:41:11,TLKM,RG,4100,10,D,PD,AK,F
14:41:11,TLKM,RG,4100,20,D,CC,AK,F
14:41:11,TLKM,RG,4100,5,D,XC,AK,F
14:41:11,TLKM,RG,4100,13,D,PD,AK,F
14:41:11,TLKM,RG,4100,1,D,XL,AK,F
14:41:11,TLKM,RG,4100,1,D,GR,AK,F
14:41:11,TLKM,RG,4100,5,D,DH,AK,F
14:41:11,TLKM,RG,4100,50,D,YP,AK,F
14:41:11,TLKM,RG,4100,8,D,XC,AK,F
14:41:11,TLKM,RG,4100,25,D,PD,AK,F
14:41:11,TLKM,RG,4100,2,D,YP,AK,F
14:41:11,TLKM,RG,4100,1,D,XC,AK,F
14:41:11,TLKM,RG,4100,2,D,XC,AK,F
14:41:11,TLKM,RG,4100,60,D,XC,AK,F
14:41:11,TLKM,RG,4100,2,D,CC,AK,F
14:41:11,TLKM,RG,4100,5,D,YP,AK,F
14:41:11,TLKM,RG,4100,2,D,KK,AK,F
14:41:11,TLKM,RG,4100,1,D,XC,AK,F
14:41:11,TLKM,RG,4100,10,D,XC,AK,F
14:41:11,TLKM,RG,4100,1,D,XC,AK,F
14:41:11,TLKM,RG,4100,24,D,YP,AK,F
14:41:11,TLKM,RG,4100,1,D,XC,AK,F
14:41:11,TLKM,RG,4100,2,D,YP,AK,F
14:41:11,TLKM,RG,4100,5,D,PD,AK,F
14:41:11,TLKM,RG,4100,10,D,OD,AK,F
14:41:11,TLKM,RG,4100,1,D,XL,AK,F
14:41:11,TLKM,RG,4100,1,D,NI,AK,F
14:41:11,TLKM,RG,4100,10,D,PD,AK,F
14:41:11,TLKM,RG,4100,1,D,PD,AK,F
14:41:11,TLKM,RG,4100,1,D,XC,AK,F
14:41:11,TLKM,RG,4100,1,D,XC,AK,F
14:41:11,TLKM,RG,4100,5,D,XL,AK,F
14:41:11,TLKM,RG,4100,3,D,PD,AK,F
14:41:11,TLKM,RG,4100,3,D,PD,AK,F
14:41:11,TLKM,RG,4100,287,D,OD,AK,F
14:41:10,TLKM,RG,4110,120,D,BK,ZP,F
14:41:10,TLKM,RG,4110,80,F,BK,ZP,F
14:41:09,TLKM,RG,4110,56,F,BK,ZP,D
14:41:09,TLKM,RG,4110,5,F,BK,CC,D
14:41:09,TLKM,RG,4110,850,F,BK,GR,D
14:41:09,TLKM,RG,4110,5,D,PD,GR,D
14:41:09,TLKM,RG,4110,10,D,YP,GR,D
14:41:09,TLKM,RG,4110,100,D,BK,GR,D
14:41:09,TLKM,RG,4110,114,D,CC,GR,D
14:41:09,TLKM,RG,4110,3,D,XC,GR,D
14:41:09,TLKM,RG,4110,1,D,PD,GR,D
14:41:09,TLKM,RG,4110,1,D,YP,GR,D
14:41:09,TLKM,RG,4110,10,D,CC,GR,D
14:41:09,TLKM,RG,4110,30,F,BK,GR,D
14:41:09,TLKM,RG,4110,85,D,BK,GR,D
14:41:09,TLKM,RG,4110,2,D,NI,GR,D
14:41:09,TLKM,RG,4110,632,D,RX,GR,D
14:41:09,TLKM,RG,4110,20,D,CC,GR,D
14:41:09,TLKM,RG,4110,1,D,XC,GR,D
14:41:09,TLKM,RG,4110,50,D,BK,GR,D
14:41:09,TLKM,RG,4110,1,D,KK,GR,D
14:41:09,TLKM,RG,4110,3,D,XC,GR,D
14:41:09,TLKM,RG,4110,33,D,BB,GR,D
14:41:09,TLKM,RG,4110,766,D,CC,GR,D
14:41:09,TLKM,RG,4110,2,D,PD,GR,D
14:41:09,TLKM,RG,4110,5,D,NI,GR,D
14:41:09,TLKM,RG,4110,5,D,CC,GR,D
14:41:09,TLKM,RG,4110,2,D,PD,GR,D
14:41:09,TLKM,RG,4110,370,D,CC,GR,D
14:41:09,TLKM,RG,4110,5,D,XC,GR,D
14:41:09,TLKM,RG,4110,25,D,YP,GR,D
14:41:09,TLKM,RG,4110,2,D,NI,GR,D
14:41:09,TLKM,RG,4110,5,D,BQ,GR,D
14:41:09,TLKM,RG,4110,3,D,CC,GR,D
14:41:09,TLKM,RG,4110,1,D,PD,GR,D
14:41:09,TLKM,RG,4110,10,F,AK,GR,D
14:41:09,TLKM,RG,4110,1,D,NI,GR,D
14:41:09,TLKM,RG,4110,3,D,XC,GR,D
14:41:09,TLKM,RG,4110,1,D,XC,GR,D
14:41:09,TLKM,RG,4110,10,D,XC,GR,D
14:41:09,TLKM,RG,4110,7,D,AT,GR,D
14:41:09,TLKM,RG,4110,2,D,OD,GR,D
14:41:09,TLKM,RG,4110,2,D,XL,GR,D
14:41:09,TLKM,RG,4110,2000,D,BK,GR,D
14:41:09,TLKM,RG,4110,321,D,CC,GR,D
14:41:09,TLKM,RG,4110,11,D,YP,GR,D
14:41:09,TLKM,RG,4110,2,D,NI,GR,D
14:41:09,TLKM,RG,4110,97,D,CC,GR,D
14:41:09,TLKM,RG,4110,162,D,CC,GR,D
14:41:09,TLKM,RG,4110,25,D,SQ,GR,D
14:41:09,TLKM,RG,4110,1,D,PD,GR,D
14:41:09,TLKM,RG,4110,1000,D,BK,GR,D
14:41:09,TLKM,RG,4110,10,D,AI,GR,D
14:41:09,TLKM,RG,4110,5,D,XC,GR,D
14:41:09,TLKM,RG,4110,1,D,PD,GR,D
14:41:09,TLKM,RG,4110,10,D,YP,GR,D
14:41:09,TLKM,RG,4110,1,D,SQ,GR,D
14:41:09,TLKM,RG,4110,2,D,XC,GR,D
14:41:09,TLKM,RG,4110,2000,D,BK,GR,D
14:41:09,TLKM,RG,4110,25,D,XC,GR,D
14:41:09,TLKM,RG,4110,2,D,YP,GR,D
14:41:09,TLKM,RG,4110,1000,D,BK,GR,D
14:41:09,TLKM,RG,4110,15,D,BK,GR,D
14:41:03,TLKM,RG,4120,3,F,BK,AK,F
14:41:01,TLKM,RG,4110,51,D,BK,AK,F
14:41:00,TLKM,RG,4120,1,D,YP,AK,F
14:41:00,TLKM,RG,4120,285,D,CC,AK,F
14:40:57,TLKM,RG,4120,1,D,XC,AK,F
14:40:56,TLKM,RG,4110,19,D,BK,AK,F
14:40:55,TLKM,RG,4110,13,D,BK,AK,F
14:40:55,TLKM,RG,4110,109,D,BK,ZP,F
14:40:54,TLKM,RG,4120,73,F,AI,AK,F
14:40:40,TLKM,RG,4110,19,D,BK,AK,F
14:40:39,TLKM,RG,4110,2,D,BK,AK,F
14:40:39,TLKM,RG,4110,107,D,BK,ZP,F
14:40:38,TLKM,RG,4110,10,D,BK,OD,D
14:40:37,TLKM,RG,4110,5,D,BK,AK,F
14:40:36,TLKM,RG,4120,27,D,BB,AK,F
14:40:28,TLKM,RG,4110,2,D,BK,RX,D
14:40:21,TLKM,RG,4110,12,D,BK,AK,F
14:40:20,TLKM,RG,4110,69,D,BK,ZP,F
14:40:17,TLKM,RG,4110,10,D,BK,AK,F
14:40:16,TLKM,RG,4110,1,D,BK,XC,D
14:40:16,TLKM,RG,4110,37,D,BK,YP,D
14:40:16,TLKM,RG,4110,20,D,BK,YP,D
14:40:01,TLKM,RG,4110,12,D,BK,AK,F
14:40:00,TLKM,RG,4110,65,D,BK,ZP,F
14:39:59,TLKM,RG,4110,1,D,BK,NI,D
14:39:46,TLKM,RG,4110,12,D,BK,AK,F
14:39:45,TLKM,RG,4120,71,F,AK,AK,F
14:39:43,TLKM,RG,4110,11,D,BK,AK,F
14:39:42,TLKM,RG,4110,58,D,BK,ZP,F
14:39:35,TLKM,RG,4110,4,D,BK,AK,F
14:39:34,TLKM,RG,4110,26,D,BK,PD,D
14:39:29,TLKM,RG,4110,5,D,BK,AK,F
14:39:28,TLKM,RG,4110,26,D,BK,AK,F
14:39:28,TLKM,RG,4110,1,D,BK,AK,F
14:39:28,TLKM,RG,4110,2,D,BK,RX,D
14:39:27,TLKM,RG,4110,7,D,BK,RX,D
14:39:22,TLKM,RG,4110,9,D,BK,AK,F
14:39:21,TLKM,RG,4110,46,D,BK,ZP,F
14:38:54,TLKM,RG,4110,1,D,BK,NI,D
14:38:36,TLKM,RG,4120,3,D,DP,AK,F
14:38:23,TLKM,RG,4110,1,D,BK,AK,F
14:38:22,TLKM,RG,4110,4,D,BK,XC,D
14:38:16,TLKM,RG,4110,5,D,BK,AK,F
14:38:15,TLKM,RG,4120,30,D,BB,AK,F
14:38:14,TLKM,RG,4110,1,D,BK,AK,F
14:38:13,TLKM,RG,4120,2,D,XL,AK,F
14:38:08,TLKM,RG,4110,11,D,BK,AK,F
14:38:06,TLKM,RG,4110,9,D,BK,BB,D
14:38:06,TLKM,RG,4110,57,D,BK,NI,D
14:37:46,TLKM,RG,4110,5,D,BK,AK,F
14:37:45,TLKM,RG,4110,25,D,BK,AK,F
14:37:18,TLKM,RG,4120,2,D,BB,AK,F
14:37:16,TLKM,RG,4110,3,D,BK,AK,F
14:37:15,TLKM,RG,4120,13,F,AK,AK,F
14:37:15,TLKM,RG,4120,1,F,AK,XC,D
14:37:10,TLKM,RG,4110,92,D,BK,AK,F
14:37:10,TLKM,RG,4110,110,D,BK,AK,F
14:37:10,TLKM,RG,4110,200,D,YJ,AK,F
14:37:09,TLKM,RG,4120,40,D,RX,AK,F
14:37:08,TLKM,RG,4120,4,D,XC,ZP,F
14:37:08,TLKM,RG,4120,1,D,PD,ZP,F
14:37:08,TLKM,RG,4120,1,D,NI,ZP,F
14:37:07,TLKM,RG,4120,1000,D,BK,AK,F
14:37:07,TLKM,RG,4120,74,D,RX,AK,F
14:37:07,TLKM,RG,4120,1,D,XC,AK,F
14:37:07,TLKM,RG,4120,5,D,TP,AK,F
14:37:07,TLKM,RG,4120,85,D,BK,AK,F
14:37:07,TLKM,RG,4120,4,D,XC,AK,F
14:37:07,TLKM,RG,4120,356,D,CC,AK,F
14:37:07,TLKM,RG,4120,204,D,RX,AK,F
14:37:07,TLKM,RG,4120,1,D,XC,AK,F
14:37:07,TLKM,RG,4120,1,D,NI,AK,F
14:37:07,TLKM,RG,4120,25,D,LG,AK,F
14:37:07,TLKM,RG,4120,80,D,BK,AK,F
14:37:07,TLKM,RG,4120,15,D,XC,AK,F
14:37:07,TLKM,RG,4120,2,D,NI,AK,F
14:37:07,TLKM,RG,4120,2,D,NI,AK,F
14:37:07,TLKM,RG,4120,1,D,PD,AK,F
14:37:07,TLKM,RG,4120,1,D,NI,AK,F
14:37:07,TLKM,RG,4120,360,D,RX,AK,F
14:37:07,TLKM,RG,4120,25,D,CC,AK,F
14:37:07,TLKM,RG,4120,1,D,AT,AK,F
14:37:07,TLKM,RG,4120,2,D,YP,AK,F
14:37:07,TLKM,RG,4120,27,D,BB,AK,F
14:37:07,TLKM,RG,4120,49,D,BK,AK,F
14:37:07,TLKM,RG,4120,179,D,DP,AK,F
14:37:01,TLKM,RG,4120,2,D,DP,AK,F
14:37:00,TLKM,RG,4120,6,D,DP,YP,D
14:37:00,TLKM,RG,4120,6,D,CC,YP,D
14:36:54,TLKM,RG,4120,1,D,CC,XC,D
14:36:49,TLKM,RG,4120,90,D,CC,AK,F
14:36:48,TLKM,RG,4120,510,D,CC,GR,D
14:36:48,TLKM,RG,4120,11,D,CC,AK,F
14:36:46,TLKM,RG,4130,3,D,RX,AK,F
14:36:46,TLKM,RG,4130,1,D,RX,RX,D
14:36:46,TLKM,RG,4130,6,D,RX,RX,D
14:36:46,TLKM,RG,4130,53,D,RX,CS,F
14:36:35,TLKM,RG,4120,10,D,CC,AK,F
14:36:34,TLKM,RG,4130,53,D,BK,CS,F
14:36:29,TLKM,RG,4120,19,D,CC,AK,F
14:36:27,TLKM,RG,4130,108,D,RX,CS,F
14:36:27,TLKM,RG,4120,4,D,CC,AK,F
14:36:25,TLKM,RG,4130,25,D,BB,CS,F
14:36:24,TLKM,RG,4130,2,D,XL,CS,F
14:36:02,TLKM,RG,4120,1,D,CC,AK,F
14:36:00,TLKM,RG,4120,1,D,CC,YP,D
14:35:59,TLKM,RG,4120,9,D,CC,AK,F
14:35:57,TLKM,RG,4130,51,D,BK,CS,F
14:35:56,TLKM,RG,4120,3,D,CC,AK,F
14:35:55,TLKM,RG,4120,20,D,CC,AK,F
14:35:55,TLKM,RG,4120,12,D,CC,AK,F
14:35:54,TLKM,RG,4130,69,D,RX,CS,F
14:35:49,TLKM,RG,4120,1,D,CC,XC,D
14:35:49,TLKM,RG,4120,1,D,CC,AK,F
14:35:48,TLKM,RG,4130,1,D,PD,CS,F
14:35:38,TLKM,RG,4120,4,D,CC,AK,F
14:35:36,TLKM,RG,4130,27,D,BB,CS,F
14:35:34,TLKM,RG,4120,21,D,CC,AK,F
14:35:33,TLKM,RG,4130,60,D,AI,CS,F
14:35:33,TLKM,RG,4130,56,D,RX,CS,F
14:35:30,TLKM,RG,4120,1,D,CC,AK,F
14:35:29,TLKM,RG,4120,4,D,CC,YP,D
14:35:24,TLKM,RG,4120,2,D,CC,AK,F
14:35:22,TLKM,RG,4120,15,D,CC,PD,D
14:35:18,TLKM,RG,4120,1,D,CC,AK,F
14:35:17,TLKM,RG,4120,9,D,CC,AK,F
14:35:16,TLKM,RG,4120,3,D,CC,PD,D
14:35:15,TLKM,RG,4130,55,D,RX,CS,F
14:35:12,TLKM,RG,4120,10,D,CC,AK,F
14:35:10,TLKM,RG,4130,54,D,BK,CS,F
14:35:00,TLKM,RG,4120,8,D,CC,AK,F
14:34:59,TLKM,RG,4120,5,D,CC,BQ,D
14:34:58,TLKM,RG,4130,39,D,RX,CS,F
14:34:47,TLKM,RG,4120,4,D,CC,AK,F
14:34:46,TLKM,RG,4130,27,D,BB,CS,F
14:34:42,TLKM,RG,4120,8,D,CC,AK,F
14:34:40,TLKM,RG,4130,41,D,RX,CS,F
14:34:30,TLKM,RG,4120,3,D,CC,PD,D
14:34:28,TLKM,RG,4120,3,D,CC,AK,F
14:34:27,TLKM,RG,4120,9,D,CC,AK,F
14:34:27,TLKM,RG,4120,14,D,CC,YP,D
14:34:26,TLKM,RG,4130,53,D,BK,CS,F
14:34:24,TLKM,RG,4120,3,D,CC,AK,F
14:34:23,TLKM,RG,4120,17,D,CC,AK,F
14:34:23,TLKM,RG,4120,7,D,CC,AK,F
14:34:21,TLKM,RG,4130,39,D,RX,CS,F
14:34:04,TLKM,RG,4120,7,D,CC,AK,F
14:34:03,TLKM,RG,4130,39,D,RX,CS,F
14:33:57,TLKM,RG,4120,4,D,CC,AK,F
14:33:56,TLKM,RG,4130,26,D,BB,CS,F
14:33:45,TLKM,RG,4120,1,D,CC,AK,F
14:33:45,TLKM,RG,4120,8,D,CC,AK,F
14:33:45,TLKM,RG,4120,1,D,CC,XC,D
14:33:44,TLKM,RG,4130,49,D,RX,CS,F
14:33:44,TLKM,RG,4120,1,D,CC,AK,F
14:33:43,TLKM,RG,4130,2,D,PD,CS,F
14:33:22,TLKM,RG,4120,8,D,CC,AK,F
14:33:21,TLKM,RG,4120,2,D,CC,AK,F
14:33:21,TLKM,RG,4130,45,D,RX,CS,F
14:33:20,TLKM,RG,4120,15,D,CC,XC,D
14:33:13,TLKM,RG,4120,1,D,CC,AK,F
14:33:12,TLKM,RG,4130,6,D,PD,CS,F
14:33:07,TLKM,RG,4120,5,D,CC,AK,F
14:33:06,TLKM,RG,4130,29,D,BB,CS,F
14:33:00,TLKM,RG,4120,121,D,CC,AK,F
14:33:00,TLKM,RG,4120,26,D,CC,AK,F
14:33:00,TLKM,RG,4120,14,D,CC,AK,F
14:33:00,TLKM,RG,4130,242,D,CC,CS,F
14:33:00,TLKM,RG,4130,1,D,CC,XC,D
14:33:00,TLKM,RG,4130,50,D,CC,YP,D
14:33:00,TLKM,RG,4130,242,D,CC,YP,D
14:33:00,TLKM,RG,4130,1,D,CC,XC,D
14:33:00,TLKM,RG,4130,5,D,CC,YU,D
14:33:00,TLKM,RG,4130,1,D,CC,YP,D
14:33:00,TLKM,RG,4130,5,D,CC,YU,D
14:33:00,TLKM,RG,4130,9,D,CC,CC,D
14:33:00,TLKM,RG,4130,10,D,CC,CC,D
14:33:00,TLKM,RG,4130,10,D,CC,CC,D
14:33:00,TLKM,RG,4130,124,D,CC,BB,D
14:33:00,TLKM,RG,4130,10,D,CC,PD,D
14:33:00,TLKM,RG,4130,2,D,CC,XC,D
14:33:00,TLKM,RG,4130,1,D,CC,PC,D
14:33:00,TLKM,RG,4130,2,D,CC,XC,D
14:33:00,TLKM,RG,4130,1,D,CC,XC,D
14:33:00,TLKM,RG,4130,1,D,CC,NI,D
14:33:00,TLKM,RG,4130,1,D,CC,XC,D
14:33:00,TLKM,RG,4130,11,D,CC,EP,D
14:33:00,TLKM,RG,4130,20,D,CC,SQ,D
14:33:00,TLKM,RG,4130,1,D,CC,NI,D
14:33:00,TLKM,RG,4130,10,D,CC,XC,D
14:33:00,TLKM,RG,4130,18,D,CC,AK,F
14:33:00,TLKM,RG,4130,3,D,CC,CC,D
14:33:00,TLKM,RG,4130,38,D,CC,AK,F
14:32:52,TLKM,RG,4120,1,D,CC,AK,F
14:32:51,TLKM,RG,4130,1,D,XC,AK,F
14:32:41,TLKM,RG,4130,3,D,PD,AK,F
14:32:27,TLKM,RG,4120,2,D,CC,AK,F
14:32:27,TLKM,RG,4120,13,D,CC,EP,D
14:32:16,TLKM,RG,4120,2,D,CC,AK,F
14:32:15,TLKM,RG,4120,7,D,CC,XL,D
14:32:12,TLKM,RG,4120,9,D,CC,AK,F
14:32:12,TLKM,RG,4130,10,D,BB,AK,F
14:32:12,TLKM,RG,4130,12,D,BB,KK,D
14:32:12,TLKM,RG,4130,29,D,BB,AK,F
14:32:00,TLKM,RG,4120,56,D,CC,AK,F
14:32:00,TLKM,RG,4130,14,D,CC,AK,F
14:32:00,TLKM,RG,4130,1,D,CC,YP,D
14:32:00,TLKM,RG,4130,305,D,CC,DR,D
14:31:58,TLKM,RG,4120,34,D,CC,AK,F
14:31:57,TLKM,RG,4130,195,D,RX,DR,D
14:31:49,TLKM,RG,4120,65,D,CC,AK,F
14:31:48,TLKM,RG,4120,112,D,CC,AK,F
14:31:48,TLKM,RG,4120,158,D,BK,AK,F
14:31:48,TLKM,RG,4120,98,D,BB,AK,F
14:31:47,TLKM,RG,4120,2,D,BB,AK,F
14:31:46,TLKM,RG,4120,10,D,BB,CC,D
14:31:46,TLKM,RG,4120,3,D,BB,AK,F
14:31:45,TLKM,RG,4120,11,D,BB,XC,D
14:31:45,TLKM,RG,4120,3,D,BK,XC,D
14:31:36,TLKM,RG,4120,8,D,BK,AK,F
14:31:35,TLKM,RG,4120,49,D,BK,CC,D
14:31:34,TLKM,RG,4120,13,D,BK,AK,F
14:31:33,TLKM,RG,4120,74,D,BK,ZP,D
14:31:33,TLKM,RG,4120,13,D,BK,AK,F
14:31:32,TLKM,RG,4120,71,D,BK,ZP,D
14:31:32,TLKM,RG,4120,382,D,BK,AK,F
14:31:31,TLKM,RG,4120,894,D,BK,ZP,F
14:31:31,TLKM,RG,4120,1,D,BK,NI,D
14:31:31,TLKM,RG,4120,209,D,BK,AK,F
14:31:31,TLKM,RG,4120,582,D,BK,AK,F
14:31:31,TLKM,RG,4120,461,D,BK,AK,F
14:31:31,TLKM,RG,4120,2,D,BK,RX,D
14:31:31,TLKM,RG,4120,11,D,BK,RX,D
14:31:31,TLKM,RG,4120,22,D,BK,EP,D
14:31:31,TLKM,RG,4120,150,D,BK,YU,D
14:31:31,TLKM,RG,4120,72,D,BK,ZP,D
14:31:31,TLKM,RG,4120,20,D,BK,PD,D
14:31:31,TLKM,RG,4120,25,D,BK,SQ,D
14:31:31,TLKM,RG,4120,1,D,BK,RX,D
14:31:31,TLKM,RG,4120,40,D,BK,ZP,F
14:31:31,TLKM,RG,4120,4,D,BK,XC,D
14:31:31,TLKM,RG,4120,5,D,BK,CC,D
14:31:31,TLKM,RG,4120,35,D,BK,ZP,F
14:31:31,TLKM,RG,4120,38,D,BK,ZP,F
14:31:31,TLKM,RG,4120,33,D,BK,YU,F
14:31:31,TLKM,RG,4120,10,D,BK,IF,D
14:31:31,TLKM,RG,4120,2320,D,BK,AK,F
14:31:31,TLKM,RG,4120,6,D,BK,CC,D
14:31:31,TLKM,RG,4120,6,D,BK,AK,F
14:31:31,TLKM,RG,4120,29,D,BK,AT,D
14:31:31,TLKM,RG,4120,230,D,BK,CC,D
14:31:31,TLKM,RG,4120,1,D,BK,YU,D
14:31:31,TLKM,RG,4120,76,D,BK,BB,D
14:31:31,TLKM,RG,4120,50,D,BK,GR,D
14:31:31,TLKM,RG,4120,2,D,BK,XC,D
14:31:31,TLKM,RG,4120,10,D,BK,CC,D
14:31:31,TLKM,RG,4120,35,D,BK,ZP,F
14:31:31,TLKM,RG,4120,7,D,BK,AK,F
14:31:29,TLKM,RG,4120,43,D,RX,AK,F
14:31:28,TLKM,RG,4120,1,D,PD,AK,F
14:31:20,TLKM,RG,4120,53,D,BK,AK,F
14:31:09,TLKM,RG,4120,44,D,RX,AK,F
14:31:03,TLKM,RG,4120,3,D,DP,AK,F
14:31:03,TLKM,RG,4120,187,D,DP,AK,F
14:30:49,TLKM,RG,4120,65,D,RX,AK,F
14:30:39,TLKM,RG,4110,16,D,BB,AK,F
14:30:38,TLKM,RG,4120,47,D,BK,AK,F
14:30:18,TLKM,RG,4120,56,D,RX,AK,F
14:30:09,TLKM,RG,4120,8,D,PD,AK,F
14:30:08,TLKM,RG,4120,1,D,PD,AK,F
14:30:06,TLKM,RG,4120,1,D,XC,AK,F
14:29:54,TLKM,RG,4120,1,D,YP,AK,F
14:29:51,TLKM,RG,4120,53,D,RX,AK,F
14:29:24,TLKM,RG,4110,1,D,BB,AK,F
14:29:23,TLKM,RG,4120,5,D,RX,AK,F
14:29:23,TLKM,RG,4120,6,D,RX,CC,D
14:29:23,TLKM,RG,4120,30,D,RX,CC,D
14:29:12,TLKM,RG,4110,9,D,BB,AK,F
14:29:11,TLKM,RG,4120,10,D,SQ,CC,D
14:29:11,TLKM,RG,4120,5,D,SQ,CC,D
14:29:11,TLKM,RG,4120,3,D,SQ,NI,D
14:29:11,TLKM,RG,4120,7,D,SQ,XC,D
14:29:11,TLKM,RG,4120,6,D,SQ,NI,D
14:29:11,TLKM,RG,4120,1,D,SQ,YU,D
14:29:11,TLKM,RG,4120,18,D,SQ,AK,F
14:29:03,TLKM,RG,4110,9,D,BB,AK,F
14:29:02,TLKM,RG,4120,2,D,RX,AK,F
14:29:02,TLKM,RG,4120,21,D,RX,AK,F
14:29:02,TLKM,RG,4120,26,D,RX,AK,F
14:28:54,TLKM,RG,4110,2,D,BB,AK,F
14:28:53,TLKM,RG,4110,14,D,BB,AK,F
14:28:53,TLKM,RG,4110,1,D,BB,AK,F
14:28:52,TLKM,RG,4110,3,D,BB,PD,D
14:28:50,TLKM,RG,4110,1,D,BB,AK,F
14:28:49,TLKM,RG,4120,5,D,DH,AK,F
14:28:37,TLKM,RG,4110,9,D,BB,AK,F
14:28:36,TLKM,RG,4110,1,D,BB,AK,F
14:28:35,TLKM,RG,4120,26,D,RX,AK,F
14:28:35,TLKM,RG,4120,28,D,RX,AK,F
14:28:35,TLKM,RG,4110,1,D,BB,YP,D
14:28:25,TLKM,RG,4120,5,D,AT,AK,F
14:28:19,TLKM,RG,4110,1,D,BB,AK,F
14:28:17,TLKM,RG,4120,1,D,SQ,AK,F
14:28:15,TLKM,RG,4110,3,D,BB,AK,F
14:28:14,TLKM,RG,4110,20,D,BB,YP,D
14:28:08,TLKM,RG,4110,30,D,BB,AK,F
14:28:07,TLKM,RG,4120,26,D,RX,AK,F
14:28:07,TLKM,RG,4120,46,D,RX,AK,F
14:28:07,TLKM,RG,4120,47,D,RX,AK,F
14:28:07,TLKM,RG,4120,48,D,RX,CS,F
14:28:07,TLKM,RG,4110,1,D,BB,AK,F
14:28:06,TLKM,RG,4120,8,D,YP,CS,F
14:28:05,TLKM,RG,4110,8,D,BB,AK,F
14:28:04,TLKM,RG,4120,47,D,BK,CS,F
14:28:01,TLKM,RG,4110,133,D,BB,AK,F
14:28:01,TLKM,RG,4110,9,D,CC,AK,F
14:28:00,TLKM,RG,4120,803,D,CC,CS,F
14:27:58,TLKM,RG,4110,18,D,CC,AK,F
14:27:56,TLKM,RG,4110,100,D,CC,EP,D
14:27:15,TLKM,RG,4110,2,D,CC,AK,F
14:27:14,TLKM,RG,4110,15,D,CC,AK,F
14:27:13,TLKM,RG,4120,1,D,PD,CS,F
14:27:10,TLKM,RG,4110,8,D,CC,AK,F
14:27:09,TLKM,RG,4110,41,D,CC,XC,D
14:26:40,TLKM,RG,4110,9,D,CC,AK,F
14:26:39,TLKM,RG,4120,53,D,RX,CS,F
14:26:20,TLKM,RG,4110,1,D,CC,AK,F
14:26:19,TLKM,RG,4120,6,D,PD,CS,F
14:26:12,TLKM,RG,4110,55,D,CC,AK,F
14:26:11,TLKM,RG,4120,313,D,RX,CS,F
14:26:08,TLKM,RG,4110,1,D,CC,AK,F
14:26:06,TLKM,RG,4120,2,D,YP,CS,F
14:25:52,TLKM,RG,4110,4,D,CC,CD,D
14:25:49,TLKM,RG,4110,5,D,CC,AK,F
14:25:47,TLKM,RG,4110,25,D,CC,HP,D
14:25:19,TLKM,RG,4110,1,D,CC,AK,F
14:25:18,TLKM,RG,4110,1,D,CC,AK,F
14:25:17,TLKM,RG,4110,6,D,CC,XC,D
14:25:16,TLKM,RG,4110,5,D,CC,PD,D
14:25:16,TLKM,RG,4110,3,D,CC,AK,F
14:25:15,TLKM,RG,4110,21,D,CC,AK,F
14:25:11,TLKM,RG,4110,1,D,CC,AK,F
14:25:10,TLKM,RG,4110,2,D,CC,XC,D
14:24:54,TLKM,RG,4110,1,D,CC,OD,D
14:24:37,TLKM,RG,4110,1,D,CC,EP,D
14:24:26,TLKM,RG,4110,11,D,CC,AK,F
14:24:24,TLKM,RG,4110,61,D,CC,OD,D
14:24:23,TLKM,RG,4110,2,D,CC,AK,F
14:24:21,TLKM,RG,4110,12,D,CC,ZP,D
14:24:13,TLKM,RG,4110,16,D,CC,AK,F
14:24:12,TLKM,RG,4120,90,F,BK,CS,F
14:24:11,TLKM,RG,4110,10,D,CC,AK,F
14:24:10,TLKM,RG,4120,55,F,BK,CS,F
14:24:08,TLKM,RG,4110,52,D,CC,AK,F
14:24:06,TLKM,RG,4120,298,F,BK,CS,F
14:24:04,TLKM,RG,4110,26,D,CC,AK,F
14:24:04,TLKM,RG,4110,242,D,CC,AK,F
14:24:04,TLKM,RG,4110,7,D,DP,AK,F
14:24:04,TLKM,RG,4110,78,D,BB,AK,F
14:24:03,TLKM,RG,4110,145,D,BK,AK,F
14:24:03,TLKM,RG,4110,1,D,BK,XC,D
14:24:03,TLKM,RG,4110,190,D,BK,ZP,F
14:24:03,TLKM,RG,4110,121,D,BK,PD,D
14:24:03,TLKM,RG,4110,6,D,BK,RX,D
14:24:03,TLKM,RG,4110,29,D,BK,ZP,F
14:24:03,TLKM,RG,4110,38,D,BK,ZP,F
14:24:03,TLKM,RG,4110,34,D,BK,ZP,F
14:24:03,TLKM,RG,4110,98,D,BK,BB,D
14:24:03,TLKM,RG,4110,1338,D,BK,CC,F
14:24:00,TLKM,RG,4100,7,D,OD,AK,F
14:23:59,TLKM,RG,4110,40,D,PD,CC,F
14:23:49,TLKM,RG,4110,1,D,XC,CC,F
14:23:45,TLKM,RG,4100,57,D,OD,AK,F
14:23:45,TLKM,RG,4110,290,D,PD,CC,F
14:23:45,TLKM,RG,4110,26,D,PD,CC,F
14:23:45,TLKM,RG,4110,4,D,PD,ZP,F
14:23:36,TLKM,RG,4100,1,D,OD,AK,F
14:23:34,TLKM,RG,4110,5,D,PD,ZP,F
14:23:28,TLKM,RG,4100,1,D,OD,PD,D
14:23:23,TLKM,RG,4110,1,D,XC,ZP,F
14:23:20,TLKM,RG,4100,1,D,OD,AK,F
14:23:19,TLKM,RG,4100,3,D,OD,AT,D
14:23:13,TLKM,RG,4100,1,D,OD,AK,F
14:23:12,TLKM,RG,4110,10,D,PD,ZP,F
14:23:09,TLKM,RG,4100,1,D,OD,AK,F
14:23:07,TLKM,RG,4110,6,D,CC,ZP,F
14:23:05,TLKM,RG,4100,1,D,OD,AK,F
14:23:04,TLKM,RG,4110,1,D,DP,ZP,F
14:23:03,TLKM,RG,4100,1,D,OD,AK,F
14:23:02,TLKM,RG,4110,5,D,PD,ZP,F
14:23:02,TLKM,RG,4110,3,D,PD,ZP,D
14:22:26,TLKM,RG,4100,1,D,OD,PD,D
14:22:23,TLKM,RG,4110,1,D,YU,ZP,D
14:22:20,TLKM,RG,4100,1,D,OD,AK,F
14:22:19,TLKM,RG,4110,1,D,XC,ZP,D
14:22:05,TLKM,RG,4100,1,D,OD,AK,F
14:22:05,TLKM,RG,4110,10,D,OD,ZP,D
14:21:54,TLKM,RG,4100,5,D,OD,AK,F
14:21:54,TLKM,RG,4110,25,D,OD,ZP,D
14:21:51,TLKM,RG,4110,1,D,XC,ZP,D
14:21:46,TLKM,RG,4100,2,D,OD,AK,F
14:21:45,TLKM,RG,4100,14,D,OD,ZP,D
14:21:44,TLKM,RG,4100,2,D,OD,AK,F
14:21:43,TLKM,RG,4110,10,D,CC,ZP,D
14:21:40,TLKM,RG,4100,13,D,OD,AK,F
14:21:39,TLKM,RG,4110,53,D,NI,ZP,D
14:21:39,TLKM,RG,4110,37,D,NI,ZP,F
14:21:39,TLKM,RG,4110,49,D,NI,AK,F
14:21:39,TLKM,RG,4110,124,D,NI,AK,F
14:21:39,TLKM,RG,4110,94,D,NI,AK,F
14:21:39,TLKM,RG,4110,6,D,NI,AK,F
14:21:39,TLKM,RG,4110,135,D,NI,AK,F
14:21:39,TLKM,RG,4110,476,D,NI,CC,D
14:21:32,TLKM,RG,4100,179,D,OD,AK,F
14:21:32,TLKM,RG,4110,12,D,SQ,CC,D
14:21:31,TLKM,RG,4110,302,D,BK,CC,D
14:21:31,TLKM,RG,4110,226,D,BK,CC,D
14:21:31,TLKM,RG,4110,5,D,BK,RX,D
14:21:31,TLKM,RG,4110,15,D,BK,RX,D
14:21:31,TLKM,RG,4110,452,D,BK,CC,F
14:21:25,TLKM,RG,4100,5,D,OD,AK,F
14:21:24,TLKM,RG,4100,794,D,OD,AK,F
14:21:24,TLKM,RG,4100,30,D,OD,CC,D
14:21:23,TLKM,RG,4110,2055,D,BK,CC,F
14:21:23,TLKM,RG,4110,12,D,BK,CC,F
14:21:23,TLKM,RG,4110,119,D,BK,YU,F
14:21:23,TLKM,RG,4110,69,D,BK,ZP,D
14:21:23,TLKM,RG,4110,1220,D,BK,ZP,F
14:21:23,TLKM,RG,4110,82,D,BK,BB,D
14:21:23,TLKM,RG,4110,11,D,BK,ZP,F
14:21:23,TLKM,RG,4110,932,D,BK,AK,F
14:21:14,TLKM,RG,4100,1,D,OD,KK,D
14:21:11,TLKM,RG,4100,6,D,OD,AK,F
14:21:10,TLKM,RG,4100,34,D,OD,ZP,F
14:20:53,TLKM,RG,4100,8,D,OD,AK,F
14:20:52,TLKM,RG,4100,42,D,OD,ZP,F
14:20:50,TLKM,RG,4100,17,D,OD,AK,F
14:20:49,TLKM,RG,4110,100,D,PD,AK,F
14:20:48,TLKM,RG,4100,11,D,OD,AK,F
14:20:47,TLKM,RG,4110,61,D,XA,AK,F
14:20:39,TLKM,RG,4100,1,D,OD,AK,F
14:20:38,TLKM,RG,4100,2,D,OD,RX,D
14:20:33,TLKM,RG,4100,7,D,OD,AK,F
14:20:32,TLKM,RG,4100,43,D,OD,ZP,F
14:20:16,TLKM,RG,4100,4,D,OD,AK,F
14:20:15,TLKM,RG,4100,21,D,OD,AK,F
14:20:13,TLKM,RG,4100,5,D,OD,AK,F
14:20:12,TLKM,RG,4100,30,D,OD,ZP,F
14:20:09,TLKM,RG,4100,21,D,OD,AK,F
14:20:08,TLKM,RG,4100,119,D,OD,YP,D
14:19:58,TLKM,RG,4100,6,D,OD,AK,F
14:19:57,TLKM,RG,4100,34,D,OD,ZP,F
14:19:57,TLKM,RG,4100,35,D,OD,AK,F
14:19:56,TLKM,RG,4110,200,D,PD,AK,F
14:19:48,TLKM,RG,4100,1,D,OD,AK,F
14:19:47,TLKM,RG,4110,2,D,XL,AK,F
14:19:42,TLKM,RG,4100,7,D,OD,AK,F
14:19:41,TLKM,RG,4100,3,D,OD,AK,F
14:19:41,TLKM,RG,4100,42,D,OD,ZP,F
14:19:40,TLKM,RG,4100,14,D,OD,DH,D
14:19:22,TLKM,RG,4100,6,D,OD,AK,F
14:19:21,TLKM,RG,4100,38,D,OD,ZP,F
14:19:19,TLKM,RG,4100,2,D,OD,AK,F
14:19:18,TLKM,RG,4100,8,D,OD,YP,D
14:19:16,TLKM,RG,4100,474,D,OD,AK,F
14:19:16,TLKM,RG,4100,51,D,BK,AK,F
14:19:16,TLKM,RG,4100,3,D,XC,AK,F
14:19:16,TLKM,RG,4100,2,D,XC,AK,F
14:19:16,TLKM,RG,4100,8,D,XC,AK,F
14:19:16,TLKM,RG,4100,1,D,PD,AK,F
14:19:16,TLKM,RG,4100,2,D,AZ,AK,F
14:19:16,TLKM,RG,4100,1,D,YP,AK,F
14:19:16,TLKM,RG,4100,4,D,PD,AK,F
14:19:15,TLKM,RG,4110,7,F,AK,AK,F
14:19:15,TLKM,RG,4110,2,D,XC,AK,F
14:19:15,TLKM,RG,4110,22,D,BK,AK,F
14:19:15,TLKM,RG,4110,749,D,BK,AK,F
14:19:15,TLKM,RG,4110,195,D,BK,AK,F
14:19:15,TLKM,RG,4110,34,D,BK,AK,F
14:19:15,TLKM,RG,4110,10,D,XC,AK,F
14:19:15,TLKM,RG,4110,1,D,PD,AK,F
14:19:15,TLKM,RG,4110,5,D,PD,AK,F
14:19:15,TLKM,RG,4110,2,D,SQ,AK,F
14:19:15,TLKM,RG,4110,1,D,YP,AK,F
14:19:15,TLKM,RG,4110,5,D,XC,AK,F
14:19:15,TLKM,RG,4110,199,D,BK,AK,F
14:19:14,TLKM,RG,4110,801,D,BK,GR,D
14:19:14,TLKM,RG,4110,3,D,YP,GR,D
14:19:14,TLKM,RG,4110,1,D,PD,GR,D
14:19:14,TLKM,RG,4110,4,D,XC,GR,D
14:19:14,TLKM,RG,4110,2,D,XC,GR,D
14:19:14,TLKM,RG,4110,180,D,BK,GR,D
14:19:14,TLKM,RG,4110,3,D,XC,GR,D
14:19:14,TLKM,RG,4110,3,D,XC,GR,D
14:19:14,TLKM,RG,4110,200,D,PD,GR,D
14:19:14,TLKM,RG,4110,462,D,RX,GR,D
14:19:14,TLKM,RG,4110,1000,D,BK,GR,D
14:19:14,TLKM,RG,4110,7,D,NI,GR,D
14:19:14,TLKM,RG,4110,826,D,CC,GR,D
14:19:14,TLKM,RG,4110,13,D,NI,GR,D
14:19:14,TLKM,RG,4110,176,D,BK,GR,D
14:19:14,TLKM,RG,4110,5,D,AT,GR,D
14:19:14,TLKM,RG,4110,15,D,XC,GR,D
14:19:14,TLKM,RG,4110,342,D,CC,GR,D
14:19:14,TLKM,RG,4110,173,D,BK,GR,D
14:19:14,TLKM,RG,4110,5,F,DR,GR,D
14:19:14,TLKM,RG,4110,1,D,XC,GR,D
14:19:14,TLKM,RG,4110,175,D,BK,GR,D
14:19:14,TLKM,RG,4110,337,D,RX,GR,D
14:19:14,TLKM,RG,4110,2,D,XC,GR,D
14:19:14,TLKM,RG,4110,3,D,XC,GR,D
14:19:14,TLKM,RG,4110,3,D,YP,GR,D
14:19:14,TLKM,RG,4110,47,D,YP,GR,D
14:19:14,TLKM,RG,4110,6,D,XC,GR,D
14:19:14,TLKM,RG,4110,1,D,YP,GR,D
14:19:14,TLKM,RG,4110,1,D,XC,GR,D
14:19:14,TLKM,RG,4110,3,D,PD,GR,D
14:19:14,TLKM,RG,4110,2,D,OD,GR,D
14:19:14,TLKM,RG,4110,158,D,BK,GR,D
14:19:14,TLKM,RG,4110,25,D,LG,GR,D
14:19:14,TLKM,RG,4110,100,D,PD,GR,D
14:19:14,TLKM,RG,4110,7,D,XC,GR,D
14:19:14,TLKM,RG,4110,3,D,XC,GR,D
14:19:14,TLKM,RG,4110,156,D,BK,GR,D
14:19:14,TLKM,RG,4110,2,D,XC,GR,D
14:19:14,TLKM,RG,4110,1,D,PD,GR,D
14:19:14,TLKM,RG,4110,1,D,XC,GR,D
14:19:14,TLKM,RG,4110,1,D,PD,GR,D
14:19:14,TLKM,RG,4110,2,D,XC,GR,D
14:19:14,TLKM,RG,4110,152,D,BK,GR,D
14:19:14,TLKM,RG,4110,1,D,XC,GR,D
14:19:14,TLKM,RG,4110,1,D,XC,GR,D
14:19:14,TLKM,RG,4110,20,D,DH,GR,D
14:19:14,TLKM,RG,4110,100,D,PD,GR,D
14:19:14,TLKM,RG,4110,2,D,XC,GR,D
14:19:14,TLKM,RG,4110,6,D,XC,GR,D
14:19:14,TLKM,RG,4110,147,D,BK,GR,D
14:19:14,TLKM,RG,4110,1,D,CC,GR,D
14:19:14,TLKM,RG,4110,1,D,AT,GR,D
14:19:14,TLKM,RG,4110,1,D,YP,GR,D
14:19:14,TLKM,RG,4110,50,D,BK,GR,D
14:19:14,TLKM,RG,4110,16,D,BB,GR,D
14:19:14,TLKM,RG,4110,1,D,PD,GR,D
14:19:14,TLKM,RG,4110,3,D,PD,GR,D
14:19:14,TLKM,RG,4110,10,D,CC,GR,D
14:19:14,TLKM,RG,4110,6,D,XC,GR,D
14:19:14,TLKM,RG,4110,3000,D,BK,GR,D
14:19:14,TLKM,RG,4110,1,D,XC,GR,D
14:19:14,TLKM,RG,4110,2,D,XC,GR,D
14:19:14,TLKM,RG,4110,10,D,YP,GR,D
14:19:14,TLKM,RG,4110,25,D,PD,GR,D
14:19:14,TLKM,RG,4110,17,D,XC,GR,D
14:19:14,TLKM,RG,4110,2,D,PD,GR,D
14:19:14,TLKM,RG,4110,5,D,CC,GR,D
14:19:14,TLKM,RG,4110,3,D,PD,GR,D
14:19:14,TLKM,RG,4110,5,F,AK,GR,D
14:19:14,TLKM,RG,4110,5,D,PD,GR,D
14:19:14,TLKM,RG,4110,1017,D,IF,GR,D
14:19:13,TLKM,RG,4110,23,D,IF,AK,F
14:19:12,TLKM,RG,4110,27,D,IF,AK,F
14:19:12,TLKM,RG,4120,129,D,BB,AK,F
14:19:12,TLKM,RG,4110,1,D,IF,NI,D
14:19:11,TLKM,RG,4110,106,D,IF,BB,D
14:19:11,TLKM,RG,4120,50,D,RX,AK,F
14:19:09,TLKM,RG,4120,1,D,PD,AK,F
14:19:03,TLKM,RG,4110,9,D,IF,AK,F
14:19:02,TLKM,RG,4110,51,D,IF,ZP,F
14:18:56,TLKM,RG,4110,2,D,IF,AK,F
14:18:55,TLKM,RG,4110,10,D,IF,GR,D
14:18:51,TLKM,RG,4110,22,D,IF,AK,F
14:18:50,TLKM,RG,4110,125,D,IF,CC,D
14:18:47,TLKM,RG,4110,7,D,IF,AK,F
14:18:46,TLKM,RG,4110,1,D,IF,AK,F
14:18:46,TLKM,RG,4110,41,D,IF,ZP,F
14:18:45,TLKM,RG,4110,1,D,IF,CC,D
14:18:41,TLKM,RG,4110,12,D,IF,AK,F
14:18:40,TLKM,RG,4120,70,D,RX,AK,F
14:18:38,TLKM,RG,4110,24,D,IF,AK,F
14:18:37,TLKM,RG,4120,134,D,BK,AK,F
14:18:28,TLKM,RG,4110,8,D,IF,AK,F
14:18:27,TLKM,RG,4110,47,D,IF,ZP,F
14:18:26,TLKM,RG,4110,2,D,IF,AK,F
14:18:25,TLKM,RG,4120,11,D,PD,AK,F
14:18:11,TLKM,RG,4110,1,D,IF,AK,F
14:18:10,TLKM,RG,4110,8,D,IF,RX,D
14:18:09,TLKM,RG,4110,8,D,IF,AK,F
14:18:07,TLKM,RG,4110,43,D,IF,ZP,F
14:17:57,TLKM,RG,4110,8,D,IF,AK,F
14:17:55,TLKM,RG,4120,48,D,RX,AK,F
14:17:52,TLKM,RG,4110,2,D,IF,AK,F
14:17:50,TLKM,RG,4120,12,D,DP,AK,F
14:17:49,TLKM,RG,4110,7,D,IF,AK,F
14:17:48,TLKM,RG,4120,1,D,XC,AK,F
14:17:47,TLKM,RG,4110,38,D,IF,ZP,F
14:17:43,TLKM,RG,4110,1,D,IF,GR,D
14:17:40,TLKM,RG,4110,22,D,IF,AK,F
14:17:38,TLKM,RG,4120,124,D,BK,AK,F
14:17:29,TLKM,RG,4110,5,D,IF,AK,F
14:17:28,TLKM,RG,4110,29,D,IF,ZP,F
14:17:26,TLKM,RG,4110,7,D,IF,AK,F
14:17:25,TLKM,RG,4120,38,D,RX,AK,F
14:17:14,TLKM,RG,4110,6,D,IF,AK,F
14:17:12,TLKM,RG,4110,35,D,IF,ZP,F
14:17:05,TLKM,RG,4110,1,D,IF,AK,F
14:17:03,TLKM,RG,4120,5,D,NI,AK,F
14:17:02,TLKM,RG,4110,7,D,IF,AK,F
14:17:01,TLKM,RG,4110,7,D,IF,AK,F
14:17:01,TLKM,RG,4120,38,D,RX,AK,F
14:17:00,TLKM,RG,4120,41,F,AK,AK,F
14:16:59,TLKM,RG,4110,1,D,IF,PD,D
14:16:56,TLKM,RG,4110,5,D,IF,AK,F
14:16:54,TLKM,RG,4120,28,D,NI,AK,F
14:16:54,TLKM,RG,4110,6,D,IF,AK,F
14:16:53,TLKM,RG,4110,21,D,IF,AK,F
14:16:52,TLKM,RG,4110,32,D,IF,ZP,F
14:16:51,TLKM,RG,4120,118,D,BK,AK,F
14:16:42,TLKM,RG,4120,2,D,SQ,AK,F
14:16:39,TLKM,RG,4110,2,D,IF,YP,D
14:16:39,TLKM,RG,4110,1,D,IF,AK,F
14:16:38,TLKM,RG,4110,5,D,IF,PD,D
14:16:34,TLKM,RG,4110,6,D,IF,AK,F
14:16:32,TLKM,RG,4110,32,D,IF,ZP,F
14:16:16,TLKM,RG,4110,4,D,IF,AK,F
14:16:14,TLKM,RG,4110,24,D,IF,ZP,F
14:16:05,TLKM,RG,4110,19,D,IF,AK,F
14:16:04,TLKM,RG,4110,105,D,IF,BB,D
14:16:03,TLKM,RG,4120,2,D,AG,AK,F
14:16:02,TLKM,RG,4120,1,D,YP,AK,F
14:15:58,TLKM,RG,4110,6,D,IF,AK,F
14:15:57,TLKM,RG,4110,24,D,IF,AK,F
14:15:56,TLKM,RG,4110,35,D,IF,ZP,F
14:15:56,TLKM,RG,4120,132,D,BK,AK,F
14:15:39,TLKM,RG,4110,5,D,IF,AK,F
14:15:37,TLKM,RG,4110,30,D,IF,ZP,F
14:15:33,TLKM,RG,4110,10,D,IF,AK,F
14:15:32,TLKM,RG,4120,56,D,BK,AK,F
14:15:21,TLKM,RG,4110,7,D,IF,AK,F
14:15:20,TLKM,RG,4110,40,D,IF,CC,D
14:15:19,TLKM,RG,4110,6,D,IF,AK,F
14:15:17,TLKM,RG,4110,33,D,IF,ZP,F
14:15:10,TLKM,RG,4110,9,D,IF,AK,F
14:15:08,TLKM,RG,4120,54,D,BK,AK,F
14:15:04,TLKM,RG,4110,7,D,IF,AK,F
14:15:02,TLKM,RG,4110,36,D,IF,ZP,F
14:14:50,TLKM,RG,4110,3,D,IF,PD,D
14:14:44,TLKM,RG,4110,6,D,IF,AK,F
14:14:42,TLKM,RG,4110,33,D,IF,ZP,F
14:14:39,TLKM,RG,4110,9,D,IF,AK,F
14:14:38,TLKM,RG,4110,50,D,IF,ZP,D
14:14:25,TLKM,RG,4110,36,D,IF,AK,F
14:14:24,TLKM,RG,4110,5,D,IF,AK,F
14:14:23,TLKM,RG,4120,112,D,BK,AK,F
14:14:23,TLKM,RG,4120,90,D,OD,AK,F
14:14:22,TLKM,RG,4110,31,D,IF,ZP,F
14:14:07,TLKM,RG,4120,1,D,XL,AK,F
14:14:04,TLKM,RG,4110,5,D,IF,AK,F
14:14:02,TLKM,RG,4110,28,D,IF,ZP,F
14:14:01,TLKM,RG,4110,2,D,IF,NI,D
14:13:58,TLKM,RG,4110,11,D,IF,AK,F
14:13:56,TLKM,RG,4120,57,D,BK,AK,F
14:13:53,TLKM,RG,4110,4,D,IF,AK,F
14:13:52,TLKM,RG,4120,25,D,AG,AK,F
14:13:48,TLKM,RG,4110,6,D,IF,AK,F
14:13:46,TLKM,RG,4110,32,D,IF,ZP,F
14:13:46,TLKM,RG,4110,1,D,IF,AK,F
14:13:45,TLKM,RG,4120,6,F,AK,AK,F
14:13:37,TLKM,RG,4110,1,D,IF,PD,D
14:13:32,TLKM,RG,4110,2,D,IF,XC,D
14:13:29,TLKM,RG,4110,9,D,IF,AK,F
14:13:27,TLKM,RG,4110,51,D,IF,ZP,F
14:13:12,TLKM,RG,4110,6,D,IF,AK,F
14:13:10,TLKM,RG,4110,32,D,IF,ZP,F
14:13:07,TLKM,RG,4120,3,D,PD,AK,F
14:12:58,TLKM,RG,4110,2,D,IF,AK,F
14:12:57,TLKM,RG,4110,10,D,IF,CC,D
14:12:57,TLKM,RG,4110,20,D,IF,AK,F
14:12:55,TLKM,RG,4110,110,D,IF,BB,D
14:12:54,TLKM,RG,4110,5,D,IF,AK,F
14:12:52,TLKM,RG,4110,30,D,IF,ZP,F
14:12:46,TLKM,RG,4120,1,D,CC,AK,F
14:12:38,TLKM,RG,4120,1,D,CC,AK,F
14:12:36,TLKM,RG,4110,8,D,IF,AK,F
14:12:35,TLKM,RG,4110,4,D,IF,AK,F
14:12:34,TLKM,RG,4110,44,D,IF,ZP,F
14:12:33,TLKM,RG,4110,21,D,IF,LG,D
14:12:18,TLKM,RG,4110,7,D,IF,AK,F
14:12:17,TLKM,RG,4110,39,D,IF,ZP,F
14:12:12,TLKM,RG,4110,2,D,IF,AK,F
14:12:12,TLKM,RG,4120,1,D,DP,AK,F
14:12:11,TLKM,RG,4120,14,D,DP,AK,F
14:12:06,TLKM,RG,4110,4,D,IF,AK,F
14:12:05,TLKM,RG,4110,23,D,IF,ZP,D
14:12:04,TLKM,RG,4110,16,D,IF,AK,F
14:12:03,TLKM,RG,4110,89,D,IF,ZP,D
14:11:58,TLKM,RG,4110,8,D,IF,AK,F
14:11:57,TLKM,RG,4110,43,D,IF,ZP,F
14:11:38,TLKM,RG,4110,7,D,IF,AK,F
14:11:37,TLKM,RG,4110,44,D,IF,ZP,F
14:11:18,TLKM,RG,4110,8,D,IF,AK,F
14:11:17,TLKM,RG,4110,44,D,IF,ZP,F
14:11:06,TLKM,RG,4120,1,D,XC,AK,F
14:10:58,TLKM,RG,4110,7,D,IF,AK,F
14:10:57,TLKM,RG,4110,39,D,IF,ZP,F
14:10:44,TLKM,RG,4110,2,D,IF,CC,D
14:10:38,TLKM,RG,4110,6,D,IF,AK,F
14:10:37,TLKM,RG,4110,34,D,IF,ZP,F
14:10:30,TLKM,RG,4110,9,D,IF,AK,F
14:10:29,TLKM,RG,4110,50,D,IF,YP,D
14:10:24,TLKM,RG,4110,1,D,IF,NI,D
14:10:18,TLKM,RG,4110,6,D,IF,AK,F
14:10:17,TLKM,RG,4110,32,D,IF,ZP,F
14:10:01,TLKM,RG,4110,7,D,IF,AK,F
14:10:00,TLKM,RG,4110,39,D,IF,ZP,F
14:09:42,TLKM,RG,4110,8,D,IF,AK,F
14:09:41,TLKM,RG,4110,18,D,IF,AK,F
14:09:41,TLKM,RG,4110,44,D,IF,ZP,F
14:09:40,TLKM,RG,4110,103,D,IF,BB,D
14:09:33,TLKM,RG,4110,1,D,IF,PD,D
14:09:27,TLKM,RG,4110,5,D,IF,AK,F
14:09:26,TLKM,RG,4120,25,D,LG,AK,F
14:09:23,TLKM,RG,4110,6,D,IF,AK,F
14:09:22,TLKM,RG,4110,39,D,IF,ZP,F
14:09:08,TLKM,RG,4110,1,D,IF,AK,F
14:09:07,TLKM,RG,4120,1,D,PD,AK,F
14:09:02,TLKM,RG,4110,5,D,IF,AK,F
14:09:01,TLKM,RG,4110,30,D,IF,ZP,F
14:08:53,TLKM,RG,4110,1,D,IF,AK,F
14:08:52,TLKM,RG,4110,7,D,IF,NI,D
14:08:43,TLKM,RG,4110,6,D,IF,AK,F
14:08:42,TLKM,RG,4110,32,D,IF,ZP,F
14:08:37,TLKM,RG,4110,15,D,IF,AK,F
14:08:36,TLKM,RG,4120,5,D,PD,AK,F
14:08:36,TLKM,RG,4110,81,D,IF,YP,D
14:08:27,TLKM,RG,4110,14,D,IF,AK,F
14:08:26,TLKM,RG,4110,80,D,IF,YP,D
14:08:23,TLKM,RG,4110,5,D,IF,AK,F
14:08:22,TLKM,RG,4110,30,D,IF,ZP,F
14:08:05,TLKM,RG,4110,6,D,IF,AK,F
14:08:04,TLKM,RG,4110,34,D,IF,ZP,F
14:07:48,TLKM,RG,4110,6,D,IF,AK,F
14:07:47,TLKM,RG,4110,33,D,IF,ZP,F
14:07:37,TLKM,RG,4120,1,D,XC,AK,F
14:07:28,TLKM,RG,4110,5,D,IF,AK,F
14:07:27,TLKM,RG,4110,26,D,IF,ZP,F
14:07:09,TLKM,RG,4110,5,D,IF,AK,F
14:07:07,TLKM,RG,4110,31,D,IF,ZP,F
14:06:53,TLKM,RG,4110,1,D,IF,AK,F
14:06:52,TLKM,RG,4110,6,D,IF,AK,F
14:06:52,TLKM,RG,4120,1,D,PD,AK,F
14:06:51,TLKM,RG,4110,1,D,IF,AK,F
14:06:51,TLKM,RG,4110,39,D,IF,ZP,F
14:06:50,TLKM,RG,4120,1,D,CC,AK,F
14:06:40,TLKM,RG,4120,3,D,NI,AK,F
14:06:37,TLKM,RG,4110,19,D,IF,AK,F
14:06:36,TLKM,RG,4110,108,D,IF,BB,D
14:06:33,TLKM,RG,4110,1,D,IF,AK,F
14:06:32,TLKM,RG,4110,3,D,IF,ZP,F
14:06:31,TLKM,RG,4120,4,D,XC,AK,F
14:06:21,TLKM,RG,4110,1,D,IF,AK,F
14:06:19,TLKM,RG,4110,5,D,IF,HP,D
14:06:19,TLKM,RG,4110,1,D,IF,AK,F
14:06:17,TLKM,RG,4120,3,D,CC,AK,F
14:06:02,TLKM,RG,4110,2,D,IF,AK,F
14:06:01,TLKM,RG,4120,10,D,OD,AK,F
14:05:44,TLKM,RG,4120,1,D,XC,AK,F
14:05:22,TLKM,RG,4110,9,D,IF,AK,F
14:05:21,TLKM,RG,4110,50,D,IF,CC,D
14:05:18,TLKM,RG,4110,2,D,IF,AT,D
14:05:00,TLKM,RG,4110,2,D,IF,AK,F
14:04:59,TLKM,RG,4110,9,D,IF,CC,D
14:04:35,TLKM,RG,4110,2,D,IF,AK,F
14:04:33,TLKM,RG,4110,11,D,IF,ZP,D
14:04:11,TLKM,RG,4110,1702,D,IF,AK,F
14:04:09,TLKM,RG,4120,158,D,BB,ZP,F
14:04:09,TLKM,RG,4120,6,F,AK,ZP,F
14:04:09,TLKM,RG,4120,577,D,RX,AK,F
14:04:09,TLKM,RG,4120,1,D,XC,AK,F
14:04:09,TLKM,RG,4120,156,D,BK,AK,F
14:04:09,TLKM,RG,4120,3,D,XC,AK,F
14:04:09,TLKM,RG,4120,1,D,KK,AK,F
14:04:09,TLKM,RG,4120,2,D,PD,AK,F
14:04:09,TLKM,RG,4120,10,D,CC,AK,F
14:04:09,TLKM,RG,4120,5,D,SQ,AK,F
14:04:09,TLKM,RG,4120,159,D,BK,AK,F
14:04:09,TLKM,RG,4120,5,D,SQ,AK,F
14:04:09,TLKM,RG,4120,1,D,PD,AK,F
14:04:09,TLKM,RG,4120,9,D,DP,AK,F
14:04:09,TLKM,RG,4120,66,D,DP,AK,F
14:04:08,TLKM,RG,4120,228,D,DP,GR,D
14:04:08,TLKM,RG,4120,156,D,BK,GR,D
14:04:08,TLKM,RG,4120,1000,D,BK,GR,D
14:04:08,TLKM,RG,4120,1,D,XC,GR,D
14:04:08,TLKM,RG,4120,2,D,PD,GR,D
14:04:08,TLKM,RG,4120,20,D,NI,GR,D
14:04:08,TLKM,RG,4120,48,D,NI,GR,D
14:04:08,TLKM,RG,4120,190,D,BB,GR,D
14:04:08,TLKM,RG,4120,62,D,RX,GR,D
14:04:08,TLKM,RG,4120,264,D,BK,GR,D
14:04:08,TLKM,RG,4120,2148,D,BK,GR,D
14:04:08,TLKM,RG,4120,1,D,PD,GR,D
14:04:08,TLKM,RG,4120,1,D,XC,GR,D
14:04:08,TLKM,RG,4120,1,D,XC,GR,D
14:04:08,TLKM,RG,4120,221,D,RX,GR,D
14:04:08,TLKM,RG,4120,5,F,AK,GR,D
14:04:08,TLKM,RG,4120,197,D,BK,GR,D
14:04:08,TLKM,RG,4120,2,D,CC,GR,D
14:04:08,TLKM,RG,4120,5,D,OD,GR,D
14:04:08,TLKM,RG,4120,312,D,BK,GR,D
14:04:08,TLKM,RG,4120,5000,F,YU,GR,D
14:04:08,TLKM,RG,4120,1,D,XC,GR,D
14:04:08,TLKM,RG,4120,3,D,YP,GR,D
14:03:51,TLKM,RG,4130,108,D,BK,AK,F
14:03:43,TLKM,RG,4130,1,D,CC,AK,F
14:03:24,TLKM,RG,4130,39,D,RX,AK,F
14:03:23,TLKM,RG,4120,7,D,YP,BB,D
14:03:23,TLKM,RG,4120,1,D,GR,BB,D
14:03:23,TLKM,RG,4120,1,D,YB,BB,D
14:03:23,TLKM,RG,4120,100,D,RX,BB,D
14:03:15,TLKM,RG,4130,7,F,AK,AK,F
14:02:55,TLKM,RG,4130,108,D,BK,AK,F
14:02:23,TLKM,RG,4120,8,D,RX,AK,F
14:02:21,TLKM,RG,4120,52,D,RX,ZP,D
14:02:07,TLKM,RG,4130,1,D,PD,AK,F
14:01:42,TLKM,RG,4120,8,D,RX,AK,F
14:01:40,TLKM,RG,4120,45,D,RX,YP,D
14:00:31,TLKM,RG,4120,2,D,RX,AK,F
14:00:30,TLKM,RG,4120,15,D,RX,XL,D
14:00:10,TLKM,RG,4120,9,D,RX,AK,F
14:00:09,TLKM,RG,4120,47,D,RX,BB,D
14:00:02,TLKM,RG,4120,4,D,RX,XC,D
13:59:35,TLKM,RG,4120,45,D,RX,AK,F
13:59:35,TLKM,RG,4120,360,D,BK,AK,F
13:59:34,TLKM,RG,4130,31,D,BK,AK,F
13:59:34,TLKM,RG,4130,24,D,BK,ZP,F
13:59:34,TLKM,RG,4130,1108,D,BK,AK,F
13:59:34,TLKM,RG,4130,1000,D,BK,DR,D
13:59:34,TLKM,RG,4130,337,D,BK,HP,D
13:59:25,TLKM,RG,4120,1,D,BK,PD,D
13:59:11,TLKM,RG,4120,3,D,BK,AK,F
13:59:11,TLKM,RG,4120,5,D,BB,AK,F
13:59:10,TLKM,RG,4130,46,D,RX,HP,D
13:59:02,TLKM,RG,4120,20,D,BB,AK,F
13:59:01,TLKM,RG,4130,109,D,BK,HP,D
13:58:31,TLKM,RG,4120,8,D,BB,AK,F
13:58:31,TLKM,RG,4130,8,D,RX,HP,D
13:58:31,TLKM,RG,4130,5,D,RX,CC,D
13:58:31,TLKM,RG,4130,1,D,RX,XC,D
13:58:31,TLKM,RG,4130,2,D,RX,XC,D
13:58:31,TLKM,RG,4130,25,D,RX,AI,D
13:58:31,TLKM,RG,4130,1,D,RX,YP,D
13:58:31,TLKM,RG,4130,7,D,RX,PD,D
13:58:01,TLKM,RG,4120,19,D,BB,AK,F
13:58:00,TLKM,RG,4130,1,D,BK,OD,D
13:58:00,TLKM,RG,4130,20,D,BK,CC,D
13:58:00,TLKM,RG,4130,82,D,BK,HP,D
13:57:54,TLKM,RG,4120,2,D,BB,AK,F
13:57:53,TLKM,RG,4120,15,D,BB,XC,D
13:57:53,TLKM,RG,4120,1,D,BB,YP,D
13:57:50,TLKM,RG,4120,8,D,BB,AK,F
13:57:49,TLKM,RG,4130,46,D,RX,HP,D
13:57:22,TLKM,RG,4120,3,D,BB,AK,F
13:57:21,TLKM,RG,4130,16,F,AK,HP,D
13:57:20,TLKM,RG,4120,14,D,BB,AK,F
13:57:19,TLKM,RG,4130,76,D,BK,HP,D
13:57:15,TLKM,RG,4120,2,D,BB,XC,D
13:57:11,TLKM,RG,4120,8,D,BB,AK,F
13:57:10,TLKM,RG,4130,43,D,RX,HP,D
13:56:54,TLKM,RG,4120,1,D,BB,CC,D
13:56:43,TLKM,RG,4120,2,D,BB,AK,F
13:56:42,TLKM,RG,4120,10,D,BB,CC,D
13:56:34,TLKM,RG,4120,7,D,BB,AK,F
13:56:33,TLKM,RG,4130,41,D,RX,HP,D
13:56:32,TLKM,RG,4120,16,D,BB,AK,F
13:56:30,TLKM,RG,4130,89,D,BK,HP,D
13:56:19,TLKM,RG,4130,3,D,XC,HP,D
13:56:17,TLKM,RG,4120,1,D,BB,LG,D
13:55:59,TLKM,RG,4120,12,D,BB,AK,F
13:55:58,TLKM,RG,4120,25,D,BB,CC,D
13:55:58,TLKM,RG,4130,43,D,RX,HP,D
13:55:29,TLKM,RG,4120,18,D,BB,AK,F
13:55:28,TLKM,RG,4130,61,D,OD,HP,D
13:55:28,TLKM,RG,4130,39,D,OD,CC,D
13:55:24,TLKM,RG,4120,3,D,BB,AK,F
13:55:23,TLKM,RG,4120,8,D,BB,AK,F
13:55:23,TLKM,RG,4120,20,D,BB,CC,D
13:55:22,TLKM,RG,4130,11,D,RX,CC,D
13:55:22,TLKM,RG,4130,5,D,RX,CC,D
13:55:22,TLKM,RG,4130,3,D,RX,XC,D
13:55:22,TLKM,RG,4130,2,D,RX,XC,D
13:55:22,TLKM,RG,4130,2,D,RX,CC,D
13:55:22,TLKM,RG,4130,2,D,RX,XC,D
13:55:22,TLKM,RG,4130,3,D,RX,XC,D
13:55:22,TLKM,RG,4130,1,D,RX,XC,D
13:55:22,TLKM,RG,4130,10,D,RX,XC,D
13:55:22,TLKM,RG,4130,2,D,RX,XC,D
13:55:22,TLKM,RG,4130,1,D,RX,XC,D
13:54:49,TLKM,RG,4120,7,D,BB,AK,F
13:54:48,TLKM,RG,4130,1,D,XC,XC,D
13:54:48,TLKM,RG,4130,3,D,RX,XC,D
13:54:48,TLKM,RG,4130,2,D,RX,XC,D
13:54:48,TLKM,RG,4130,1,D,RX,XC,D
13:54:48,TLKM,RG,4130,1,D,RX,XC,D
13:54:48,TLKM,RG,4130,1,D,RX,XC,D
13:54:48,TLKM,RG,4130,10,D,RX,PD,D
13:54:48,TLKM,RG,4130,10,D,RX,YP,D
13:54:48,TLKM,RG,4130,11,D,RX,YP,D
13:54:48,TLKM,RG,4120,1,D,BB,XC,D
13:54:35,TLKM,RG,4120,2,D,BB,AK,F
13:54:34,TLKM,RG,4120,1,D,BB,XC,D
13:54:34,TLKM,RG,4120,12,D,BB,YP,D
13:54:23,TLKM,RG,4120,1,D,BB,AK,F
13:54:22,TLKM,RG,4120,2,D,BB,XC,D
13:54:10,TLKM,RG,4120,2,D,BB,YP,D
13:53:55,TLKM,RG,4120,1,D,BB,AK,F
13:53:53,TLKM,RG,4130,3,D,XC,YP,D
13:53:18,TLKM,RG,4130,1,D,PD,YP,D
13:52:51,TLKM,RG,4120,10,D,BB,AK,F
13:52:50,TLKM,RG,4130,5,F,BK,YP,D
13:52:50,TLKM,RG,4130,6,F,BK,LG,D
13:52:50,TLKM,RG,4130,2,F,BK,CC,D
13:52:50,TLKM,RG,4130,2,F,BK,PD,D
13:52:50,TLKM,RG,4130,3,F,BK,PD,D
13:52:50,TLKM,RG,4130,1,F,BK,PD,D
13:52:50,TLKM,RG,4130,10,F,BK,YP,D
13:52:50,TLKM,RG,4130,2,F,BK,KK,D
13:52:50,TLKM,RG,4130,2,F,BK,PD,D
13:52:50,TLKM,RG,4130,1,F,BK,AT,D
13:52:50,TLKM,RG,4130,1,F,BK,EP,D
13:52:50,TLKM,RG,4130,1,F,BK,PD,D
13:52:50,TLKM,RG,4130,12,F,BK,DR,D
13:52:50,TLKM,RG,4130,3,F,BK,PD,D
13:52:50,TLKM,RG,4130,5,F,BK,PD,D
13:52:50,TLKM,RG,4130,1,F,BK,DX,D
13:52:48,TLKM,RG,4130,1,D,XC,DX,D
13:52:45,TLKM,RG,4120,23,D,BB,AK,F
13:52:43,TLKM,RG,4120,130,D,BB,GR,D
13:52:33,TLKM,RG,4120,14,D,BB,AK,F
13:52:32,TLKM,RG,4130,78,F,BK,DX,D
13:52:28,TLKM,RG,4120,50,D,BB,AK,F
13:52:27,TLKM,RG,4130,10,F,BK,DX,D
13:52:27,TLKM,RG,4130,54,F,BK,PD,D
13:52:27,TLKM,RG,4130,10,F,BK,PD,D
13:52:27,TLKM,RG,4130,2,F,BK,PD,D
13:52:27,TLKM,RG,4130,2,F,BK,PC,D
13:52:27,TLKM,RG,4130,2,F,BK,PD,D
13:52:27,TLKM,RG,4130,10,F,BK,GR,D
13:52:27,TLKM,RG,4130,100,F,BK,BS,D
13:52:27,TLKM,RG,4130,10,F,BK,YP,D
13:52:27,TLKM,RG,4130,1,F,BK,KK,D
13:52:27,TLKM,RG,4130,3,F,BK,CP,D
13:52:27,TLKM,RG,4130,1,F,BK,XC,D
13:52:27,TLKM,RG,4130,2,F,BK,AT,D
13:52:27,TLKM,RG,4130,1,F,BK,PD,D
13:52:27,TLKM,RG,4130,10,F,BK,PD,D
13:52:27,TLKM,RG,4130,2,F,BK,XC,D
13:52:27,TLKM,RG,4130,1,F,BK,PD,D
13:52:27,TLKM,RG,4130,58,F,BK,XL,D
13:52:27,TLKM,RG,4130,2,F,BK,KK,D
13:52:27,TLKM,RG,4130,5,F,BK,NI,D
13:52:26,TLKM,RG,4120,36,D,BB,AK,F
13:52:26,TLKM,RG,4120,94,D,AK,AK,F
13:52:25,TLKM,RG,4120,163,D,AK,AK,F
13:52:24,TLKM,RG,4120,736,D,AK,AK,F
13:52:24,TLKM,RG,4120,39,D,AK,CC,F
13:52:24,TLKM,RG,4120,831,D,AK,CC,F
13:52:24,TLKM,RG,4120,24,D,AK,ZP,F
13:52:24,TLKM,RG,4120,2,D,AK,XC,D
13:52:24,TLKM,RG,4120,111,D,AK,DR,D
13:52:17,TLKM,RG,4110,15,D,IF,PD,D
13:52:16,TLKM,RG,4120,1,D,NI,DR,D
13:52:13,TLKM,RG,4120,48,F,BK,DR,D
13:52:10,TLKM,RG,4120,89,F,BK,DR,D
13:52:08,TLKM,RG,4120,3,D,CC,DR,D
13:52:06,TLKM,RG,4120,146,D,YU,DR,D
13:52:06,TLKM,RG,4120,1,D,YU,XC,D
13:52:06,TLKM,RG,4120,26,D,YU,ZP,F
13:52:06,TLKM,RG,4120,50,D,YU,CC,F
13:52:06,TLKM,RG,4120,111,D,YU,AK,F
13:52:06,TLKM,RG,4120,166,D,YU,CS,F
13:52:04,TLKM,RG,4110,16,D,IF,AK,F
13:52:03,TLKM,RG,4120,92,F,BK,CS,F
13:52:01,TLKM,RG,4110,88,D,IF,AK,F
13:52:00,TLKM,RG,4120,500,D,YU,CS,F
13:51:59,TLKM,RG,4110,1,D,IF,AK,F
13:51:57,TLKM,RG,4120,5,D,PD,CS,F
13:51:51,TLKM,RG,4110,9,D,IF,AK,F
13:51:49,TLKM,RG,4120,51,F,BK,CS,F
13:51:45,TLKM,RG,4110,19,D,IF,AK,F
13:51:44,TLKM,RG,4120,103,F,BK,CS,F
13:51:43,TLKM,RG,4110,5,D,IF,YP,D
13:51:43,TLKM,RG,4110,98,D,IF,AK,F
13:51:41,TLKM,RG,4120,556,F,BK,CS,F
13:51:40,TLKM,RG,4110,528,D,IF,AK,F
13:51:39,TLKM,RG,4120,469,F,BK,CS,F
13:51:39,TLKM,RG,4120,4,F,BK,PD,D
13:51:39,TLKM,RG,4120,26,F,BK,YU,F
13:51:39,TLKM,RG,4120,1,F,BK,PD,D
13:51:39,TLKM,RG,4120,10,F,BK,CC,D
13:51:39,TLKM,RG,4120,20,F,BK,EP,D
13:51:39,TLKM,RG,4120,26,F,BK,ZP,F
13:51:39,TLKM,RG,4120,30,F,BK,YU,F
13:51:39,TLKM,RG,4120,100,F,BK,ZP,F
13:51:39,TLKM,RG,4120,5,F,BK,PD,D
13:51:39,TLKM,RG,4120,1029,F,BK,CS,F
13:51:39,TLKM,RG,4120,10,F,BK,YP,D
13:51:39,TLKM,RG,4120,1259,F,BK,CS,F
13:51:37,TLKM,RG,4110,16,D,IF,AK,F
13:51:36,TLKM,RG,4110,148,D,IF,AK,F
13:51:35,TLKM,RG,4110,89,D,IF,ZP,D
13:51:35,TLKM,RG,4110,5,D,IF,AK,F
13:51:34,TLKM,RG,4110,838,D,IF,CS,F
13:51:34,TLKM,RG,4110,661,D,IF,AK,F
13:51:34,TLKM,RG,4110,29,D,IF,AK,F
13:51:34,TLKM,RG,4110,650,D,IF,ZP,F
13:51:34,TLKM,RG,4110,173,D,IF,BB,D
13:51:34,TLKM,RG,4110,77,D,IF,AK,F
13:51:34,TLKM,RG,4110,24,D,IF,XC,D
13:51:34,TLKM,RG,4110,13,D,IF,XL,D
13:51:34,TLKM,RG,4110,56,D,IF,AK,F
13:51:34,TLKM,RG,4110,28,D,IF,NI,D
13:51:34,TLKM,RG,4110,15,D,IF,AZ,D
13:51:34,TLKM,RG,4110,67,D,IF,ZP,D
13:51:34,TLKM,RG,4110,12,D,IF,XC,D
13:51:34,TLKM,RG,4110,30,D,IF,YU,F
13:51:34,TLKM,RG,4110,1270,D,IF,CS,F
13:51:34,TLKM,RG,4110,2431,D,IF,AK,F
13:51:34,TLKM,RG,4110,1249,D,IF,CS,F
13:51:34,TLKM,RG,4110,1051,D,IF,AK,F
13:51:34,TLKM,RG,4110,21,D,IF,AK,F
13:51:34,TLKM,RG,4110,113,D,IF,ZP,F
13:51:34,TLKM,RG,4110,1,D,IF,XC,D
13:51:34,TLKM,RG,4110,4,D,IF,PD,D
13:51:34,TLKM,RG,4110,10,D,IF,LG,D
13:51:34,TLKM,RG,4110,1,D,IF,XC,D
13:51:34,TLKM,RG,4110,13,D,IF,ZP,F
13:51:34,TLKM,RG,4110,32,D,IF,YU,F
13:51:34,TLKM,RG,4110,3,D,IF,RX,D
13:51:34,TLKM,RG,4110,14,D,IF,RX,D
13:51:34,TLKM,RG,4110,86,D,IF,ZP,D
13:51:34,TLKM,RG,4110,14,D,IF,ZP,F
13:51:34,TLKM,RG,4110,31,D,IF,AK,F
13:51:34,TLKM,RG,4110,8,D,IF,YP,D
13:51:34,TLKM,RG,4110,43,D,IF,YU,F
13:51:34,TLKM,RG,4110,6,D,IF,RX,D
13:51:34,TLKM,RG,4110,19,D,IF,RX,D
13:51:34,TLKM,RG,4110,164,D,IF,AK,F
13:51:34,TLKM,RG,4110,41,D,IF,AK,F
13:51:34,TLKM,RG,4110,49,D,IF,AK,F
13:51:34,TLKM,RG,4110,423,D,IF,AK,F
13:51:34,TLKM,RG,4110,371,D,IF,AK,F
13:51:34,TLKM,RG,4110,1315,D,IF,CS,F
13:51:34,TLKM,RG,4110,1319,D,IF,CS,F
13:51:34,TLKM,RG,4110,9623,D,IF,BK,F
13:51:34,TLKM,RG,4110,100,D,IF,CC,F
13:51:34,TLKM,RG,4110,349,D,IF,ZP,F
13:51:34,TLKM,RG,4100,1,D,AK,AK,F
13:51:32,TLKM,RG,4110,5,D,KK,ZP,F
13:51:23,TLKM,RG,4110,3,D,PD,ZP,F
13:51:23,TLKM,RG,4110,1,D,YU,ZP,F
13:51:20,TLKM,RG,4100,1,D,AK,AK,F
13:51:18,TLKM,RG,4100,2,D,PD,RX,D
13:51:15,TLKM,RG,4100,1,D,PD,XC,D
13:50:38,TLKM,RG,4100,4,D,PD,RB,D
13:50:25,TLKM,RG,4100,3,D,PD,AK,F
13:50:23,TLKM,RG,4110,17,D,YP,ZP,F
13:50:19,TLKM,RG,4100,1,D,PD,AK,F
13:50:18,TLKM,RG,4100,5,D,PD,GR,D
13:49:49,TLKM,RG,4100,3,D,PD,AK,F
13:49:49,TLKM,RG,4100,15,D,PD,OD,D
13:49:48,TLKM,RG,4110,1,D,YP,ZP,F
13:49:45,TLKM,RG,4110,1,D,XC,ZP,F
13:49:40,TLKM,RG,4100,1,D,PD,AK,F
13:49:39,TLKM,RG,4110,1,D,OD,ZP,F
13:49:36,TLKM,RG,4110,5,D,XC,ZP,F
13:49:31,TLKM,RG,4100,15,D,PD,AK,F
13:49:30,TLKM,RG,4100,10,D,PD,AK,F
13:49:30,TLKM,RG,4100,20,D,MG,AK,F
13:49:30,TLKM,RG,4100,1,D,XC,AK,F
13:49:30,TLKM,RG,4100,4,D,CC,AK,F
13:49:30,TLKM,RG,4100,1,D,XC,AK,F
13:49:30,TLKM,RG,4100,44,D,PD,AK,F
13:49:09,TLKM,RG,4100,1,D,PD,AK,F
13:49:09,TLKM,RG,4100,1,D,XC,AK,F
13:49:09,TLKM,RG,4100,1,D,XC,AK,F
13:49:08,TLKM,RG,4110,20,D,MG,ZP,F
13:48:53,TLKM,RG,4100,1,D,XC,AK,F
13:48:52,TLKM,RG,4110,4,D,XC,ZP,F
13:48:36,TLKM,RG,4110,1,D,XC,ZP,F
13:48:30,TLKM,RG,4110,1,D,NI,ZP,F
13:48:24,TLKM,RG,4100,1,D,XC,AK,F
13:48:23,TLKM,RG,4110,5,D,XC,ZP,F
13:48:22,TLKM,RG,4100,5,D,XC,AK,F
13:48:21,TLKM,RG,4100,1,D,XC,PD,D
13:48:21,TLKM,RG,4100,1,D,XC,LG,D
13:48:21,TLKM,RG,4100,24,D,AK,LG,D
13:48:01,TLKM,RG,4110,3,D,XC,ZP,F
13:47:49,TLKM,RG,4100,2,D,AK,AK,F
13:47:48,TLKM,RG,4100,10,D,AK,LG,D
13:47:46,TLKM,RG,4100,11,D,AK,AK,F
13:47:45,TLKM,RG,4100,1,D,AK,AK,F
13:47:45,TLKM,RG,4100,63,D,AK,AK,F
13:47:44,TLKM,RG,4110,5,D,PD,ZP,F
13:47:43,TLKM,RG,4110,2,D,XC,ZP,F
13:47:38,TLKM,RG,4100,1,D,AK,XC,D
13:47:33,TLKM,RG,4100,2,D,AK,AK,F
13:47:32,TLKM,RG,4100,8,D,AK,OD,D
13:47:31,TLKM,RG,4100,10,D,AK,AK,F
13:47:30,TLKM,RG,4100,60,D,AK,AK,F
13:47:12,TLKM,RG,4100,1,D,AK,AK,F
13:47:11,TLKM,RG,4100,3,D,AK,XL,D
13:46:36,TLKM,RG,4100,2,D,AK,AK,F
13:46:35,TLKM,RG,4100,12,D,AK,XC,D
13:46:33,TLKM,RG,4100,1,D,AK,AK,F
13:46:32,TLKM,RG,4100,5,D,AK,IF,D
13:46:31,TLKM,RG,4100,9,D,AK,AK,F
13:46:30,TLKM,RG,4100,49,D,AK,AK,F
13:46:27,TLKM,RG,4100,14,D,AK,AK,F
13:46:26,TLKM,RG,4110,80,D,BB,ZP,F
13:46:03,TLKM,RG,4100,1,D,AK,AK,F
13:46:02,TLKM,RG,4110,9,D,XC,ZP,F
13:46:00,TLKM,RG,4100,1,D,AK,AK,F
13:45:59,TLKM,RG,4110,2,D,XC,ZP,F
13:45:44,TLKM,RG,4110,2,D,PD,ZP,F
13:45:36,TLKM,RG,4100,2,D,AK,RX,D
13:45:31,TLKM,RG,4100,2,D,AK,AK,F
13:45:30,TLKM,RG,4100,10,D,AK,RX,D
13:45:26,TLKM,RG,4100,46,D,AK,AK,F
13:45:26,TLKM,RG,4100,10,D,YP,AK,F
13:45:26,TLKM,RG,4100,25,D,PD,AK,F
13:45:26,TLKM,RG,4100,1,D,XC,AK,F
13:45:25,TLKM,RG,4100,5,D,XC,AK,F
13:45:25,TLKM,RG,4100,1,D,CC,AK,F
13:45:25,TLKM,RG,4100,42,D,NI,AK,F
13:45:25,TLKM,RG,4100,11,D,YU,AK,F
13:45:25,TLKM,RG,4100,11,D,XC,AK,F
13:45:25,TLKM,RG,4100,7,D,PD,AK,F
13:45:25,TLKM,RG,4100,3,D,YP,AK,F
13:45:25,TLKM,RG,4100,2,D,PD,AK,F
13:45:25,TLKM,RG,4100,2,D,CP,AK,F
13:45:25,TLKM,RG,4100,1,D,XC,AK,F
13:45:25,TLKM,RG,4100,10,D,XC,AK,F
13:45:25,TLKM,RG,4100,2,D,XL,AK,F
13:45:25,TLKM,RG,4100,5,D,YP,AK,F
13:45:25,TLKM,RG,4100,5,D,YP,AK,F
13:45:25,TLKM,RG,4100,1,D,PD,AK,F
13:45:25,TLKM,RG,4100,1,D,XC,AK,F
13:45:25,TLKM,RG,4100,1,D,NI,AK,F
13:45:25,TLKM,RG,4100,100,D,LG,AK,F
13:45:25,TLKM,RG,4100,1,D,YP,AK,F
13:45:25,TLKM,RG,4100,1,D,XC,AK,F
13:45:25,TLKM,RG,4100,25,D,AI,AK,F
13:45:25,TLKM,RG,4100,6,D,YP,AK,F
13:45:25,TLKM,RG,4100,1,D,XC,AK,F
13:45:25,TLKM,RG,4100,2,D,PD,AK,F
13:45:25,TLKM,RG,4100,4,D,YP,AK,F
13:45:25,TLKM,RG,4100,2,D,YP,AK,F
13:45:25,TLKM,RG,4100,20,D,BQ,AK,F
13:45:25,TLKM,RG,4100,50,D,YP,AK,F
13:45:25,TLKM,RG,4100,1,D,XC,AK,F
13:45:25,TLKM,RG,4100,1,D,DH,AK,F
13:45:25,TLKM,RG,4100,2,D,XC,AK,F
13:45:25,TLKM,RG,4100,1,D,XC,AK,F
13:45:25,TLKM,RG,4100,1,D,XC,AK,F
13:45:25,TLKM,RG,4100,3,D,CC,AK,F
13:45:25,TLKM,RG,4100,50,D,YP,AK,F
13:45:25,TLKM,RG,4100,2,D,NI,AK,F
13:45:25,TLKM,RG,4100,30,D,BQ,AK,F
13:45:25,TLKM,RG,4100,1,D,CC,AK,F
13:45:25,TLKM,RG,4100,1,D,XC,AK,F
13:45:25,TLKM,RG,4100,6,D,XL,AK,F
13:45:25,TLKM,RG,4100,10,D,XC,AK,F
13:45:25,TLKM,RG,4100,3,D,XC,AK,F
13:45:25,TLKM,RG,4100,10,D,XC,AK,F
13:45:25,TLKM,RG,4100,1,D,XC,AK,F
13:45:25,TLKM,RG,4100,1,D,PD,AK,F
13:45:25,TLKM,RG,4100,2,D,OD,AK,F
13:45:25,TLKM,RG,4100,2,D,NI,AK,F
13:45:25,TLKM,RG,4100,5,D,XC,AK,F
13:45:25,TLKM,RG,4100,1,D,XC,AK,F
13:45:25,TLKM,RG,4100,5,D,PD,AK,F
13:45:25,TLKM,RG,4100,32,D,AT,AK,F
13:45:25,TLKM,RG,4100,3,D,KK,AK,F
13:45:25,TLKM,RG,4100,1,D,CC,AK,F
13:45:25,TLKM,RG,4100,1,D,XC,AK,F
13:45:25,TLKM,RG,4100,20,D,CC,AK,F
13:45:25,TLKM,RG,4100,168,D,BK,AK,F
13:45:25,TLKM,RG,4100,15,D,XC,AK,F
13:45:25,TLKM,RG,4100,1,D,AT,AK,F
13:45:25,TLKM,RG,4100,15,D,DR,AK,F
13:45:25,TLKM,RG,4100,1,D,XC,AK,F
13:45:25,TLKM,RG,4100,19,D,XC,AK,F
13:45:25,TLKM,RG,4100,15,D,PD,AK,F
13:45:25,TLKM,RG,4100,1,D,PD,AK,F
13:45:25,TLKM,RG,4100,1,D,PD,AK,F
13:45:25,TLKM,RG,4100,3,D,XC,AK,F
13:45:25,TLKM,RG,4100,2,D,XC,AK,F
13:45:25,TLKM,RG,4100,5,D,KK,AK,F
13:45:25,TLKM,RG,4100,2,D,XC,AK,F
13:45:25,TLKM,RG,4100,9,D,DP,AK,F
13:45:25,TLKM,RG,4100,247,D,DP,AK,F
13:45:25,TLKM,RG,4100,165,D,BK,AK,F
13:45:25,TLKM,RG,4100,46,D,XC,AK,F
13:45:25,TLKM,RG,4100,100,D,KK,AK,F
13:45:25,TLKM,RG,4100,14,D,XC,AK,F
13:45:25,TLKM,RG,4100,1,D,XL,AK,F
13:45:25,TLKM,RG,4100,3,D,PD,AK,F
13:45:25,TLKM,RG,4100,1,D,PD,AK,F
13:45:25,TLKM,RG,4100,2,D,DR,AK,F
13:45:25,TLKM,RG,4100,52,D,XC,AK,F
13:45:25,TLKM,RG,4100,4,D,PD,AK,F
13:45:25,TLKM,RG,4100,332,D,RX,AK,F
13:45:25,TLKM,RG,4100,206,D,RX,AK,F
13:45:25,TLKM,RG,4100,259,D,RX,AK,F
13:45:24,TLKM,RG,4100,1,D,RX,ZP,D
13:45:24,TLKM,RG,4100,22,D,RX,GR,D
13:45:24,TLKM,RG,4100,178,D,BK,GR,D
13:45:24,TLKM,RG,4100,20,D,SQ,GR,D
13:45:24,TLKM,RG,4100,12,D,PD,GR,D
13:45:24,TLKM,RG,4100,3,D,YU,GR,D
13:45:24,TLKM,RG,4100,500,D,YB,GR,D
13:45:24,TLKM,RG,4100,5,D,XL,GR,D
13:45:24,TLKM,RG,4100,5,D,YU,GR,D
13:45:24,TLKM,RG,4100,5,D,SQ,GR,D
13:45:24,TLKM,RG,4100,1,D,XC,GR,D
13:45:24,TLKM,RG,4100,176,D,BK,GR,D
13:45:24,TLKM,RG,4100,1,D,YP,GR,D
13:45:24,TLKM,RG,4100,2,D,XC,GR,D
13:45:24,TLKM,RG,4100,8,D,XC,GR,D
13:45:24,TLKM,RG,4100,1,D,XC,GR,D
13:45:24,TLKM,RG,4100,10,D,OD,GR,D
13:45:24,TLKM,RG,4100,1,D,YP,GR,D
13:45:24,TLKM,RG,4100,18,D,BB,GR,D
13:45:24,TLKM,RG,4100,1,D,SQ,GR,D
13:45:24,TLKM,RG,4100,1,D,YP,GR,D
13:45:24,TLKM,RG,4100,1,D,PD,GR,D
13:45:24,TLKM,RG,4100,5,D,PD,GR,D
13:45:24,TLKM,RG,4100,1,D,NI,GR,D
13:45:24,TLKM,RG,4100,1,D,XC,GR,D
13:45:24,TLKM,RG,4100,1,D,XC,GR,D
13:45:24,TLKM,RG,4100,185,D,BK,GR,D
13:45:24,TLKM,RG,4100,5,D,IF,GR,D
13:45:24,TLKM,RG,4100,5,D,PD,GR,D
13:45:24,TLKM,RG,4100,2,D,XC,GR,D
13:45:24,TLKM,RG,4100,973,F,BK,GR,D
13:45:24,TLKM,RG,4100,243,D,RX,GR,D
13:45:24,TLKM,RG,4100,10,D,SQ,GR,D
13:45:24,TLKM,RG,4100,1,D,KK,GR,D
13:45:24,TLKM,RG,4100,1,D,GR,GR,D
13:45:24,TLKM,RG,4100,5,D,XC,GR,D
13:45:24,TLKM,RG,4100,1,D,YP,GR,D
13:45:24,TLKM,RG,4100,5,D,YP,GR,D
13:45:24,TLKM,RG,4100,20,D,BQ,GR,D
13:45:24,TLKM,RG,4100,4,D,NI,GR,D
13:45:24,TLKM,RG,4100,1,D,PD,GR,D
13:45:24,TLKM,RG,4100,8,F,AK,GR,D
13:45:24,TLKM,RG,4100,121,D,OD,GR,D
13:45:24,TLKM,RG,4100,1,D,XC,GR,D
13:45:24,TLKM,RG,4100,1,D,PD,GR,D
13:45:24,TLKM,RG,4100,1,D,PD,GR,D
13:45:24,TLKM,RG,4100,1,D,XC,GR,D
13:45:24,TLKM,RG,4100,10,D,YP,GR,D
13:45:24,TLKM,RG,4100,8,F,AK,GR,D
13:45:24,TLKM,RG,4100,6,D,PD,GR,D
13:45:24,TLKM,RG,4100,1,D,PD,GR,D
13:45:24,TLKM,RG,4100,1653,F,BK,GR,D
13:45:24,TLKM,RG,4100,1000,D,GR,GR,D
13:45:24,TLKM,RG,4100,10,D,CC,GR,D
13:45:24,TLKM,RG,4100,1,D,XC,GR,D
13:45:24,TLKM,RG,4100,1,D,XC,GR,D
13:45:24,TLKM,RG,4100,1,D,XC,GR,D
13:45:24,TLKM,RG,4100,1,D,XC,GR,D
13:45:24,TLKM,RG,4100,2,D,YP,GR,D
13:45:24,TLKM,RG,4100,1,D,XC,GR,D
13:45:24,TLKM,RG,4100,11,D,XC,GR,D
13:45:24,TLKM,RG,4100,1,D,XC,GR,D
13:45:24,TLKM,RG,4100,3,D,XC,GR,D
13:45:24,TLKM,RG,4100,3,D,PD,GR,D
13:45:24,TLKM,RG,4100,5,D,YP,GR,D
13:45:24,TLKM,RG,4100,5,D,CC,GR,D
13:45:24,TLKM,RG,4100,20,D,YP,GR,D
13:45:24,TLKM,RG,4100,1,D,YP,GR,D
13:45:24,TLKM,RG,4100,3,D,YP,GR,D
13:45:24,TLKM,RG,4100,1,D,YP,GR,D
13:45:24,TLKM,RG,4100,2,D,CC,GR,D
13:45:24,TLKM,RG,4100,7,D,CC,GR,D
13:45:24,TLKM,RG,4100,1,D,PD,GR,D
13:45:24,TLKM,RG,4100,5,D,CC,GR,D
13:45:24,TLKM,RG,4100,5,D,ZP,GR,D
13:45:24,TLKM,RG,4100,7,D,KK,GR,D
13:45:24,TLKM,RG,4100,1,D,XL,GR,D
13:45:24,TLKM,RG,4100,2,D,PD,GR,D
13:45:24,TLKM,RG,4100,1,D,YP,GR,D
13:45:24,TLKM,RG,4100,15,D,PD,GR,D
13:45:24,TLKM,RG,4100,8,D,CC,GR,D
13:45:24,TLKM,RG,4100,4,D,CP,GR,D
13:45:24,TLKM,RG,4100,1,D,PD,GR,D
13:45:24,TLKM,RG,4100,1,D,PD,GR,D
13:45:24,TLKM,RG,4100,5,D,PD,GR,D
13:45:24,TLKM,RG,4100,1,D,PD,GR,D
13:45:24,TLKM,RG,4100,10,D,AZ,GR,D
13:45:24,TLKM,RG,4100,10,D,PD,GR,D
13:45:24,TLKM,RG,4100,5,D,PD,GR,D
13:45:24,TLKM,RG,4100,10,D,XC,GR,D
13:45:24,TLKM,RG,4100,1,D,PD,GR,D
13:45:24,TLKM,RG,4100,5,D,CP,GR,D
13:45:24,TLKM,RG,4100,1,D,XC,GR,D
13:45:24,TLKM,RG,4100,15,D,CC,GR,D
13:45:24,TLKM,RG,4100,1,D,NI,GR,D
13:45:24,TLKM,RG,4100,1,D,PD,GR,D
13:45:24,TLKM,RG,4100,20,D,CC,GR,D
13:45:24,TLKM,RG,4100,1,D,PD,GR,D
13:45:24,TLKM,RG,4100,1,D,XC,GR,D
13:45:24,TLKM,RG,4100,3,D,XC,GR,D
13:45:24,TLKM,RG,4100,50,D,OD,GR,D
13:45:24,TLKM,RG,4100,37,D,YP,GR,D
13:45:24,TLKM,RG,4100,1,D,XC,GR,D
13:45:24,TLKM,RG,4100,1,D,CC,GR,D
13:45:24,TLKM,RG,4100,1,D,XC,GR,D
13:45:24,TLKM,RG,4100,1,D,XC,GR,D
13:45:24,TLKM,RG,4100,100,D,YB,GR,D
13:45:24,TLKM,RG,4100,4,D,PC,GR,D
13:45:24,TLKM,RG,4100,3,D,AT,GR,D
13:45:24,TLKM,RG,4100,2,D,XC,GR,D
13:45:24,TLKM,RG,4100,1,D,PD,GR,D
13:45:24,TLKM,RG,4100,10,D,IF,GR,D
13:45:24,TLKM,RG,4100,1,D,PD,GR,D
13:45:24,TLKM,RG,4100,2,D,NI,GR,D
13:45:24,TLKM,RG,4100,1,D,XL,GR,D
13:45:24,TLKM,RG,4100,2,D,AT,GR,D
13:45:24,TLKM,RG,4100,281,D,BK,GR,D
13:45:24,TLKM,RG,4100,2,D,XC,GR,D
13:45:24,TLKM,RG,4100,1,D,XC,GR,D
13:45:24,TLKM,RG,4100,100,D,PD,GR,D
13:45:24,TLKM,RG,4100,20,D,PD,GR,D
13:45:24,TLKM,RG,4100,2,D,PD,GR,D
13:45:24,TLKM,RG,4100,1,D,PD,GR,D
13:45:24,TLKM,RG,4100,2,D,PD,GR,D
13:45:24,TLKM,RG,4100,9,D,YP,GR,D
13:45:24,TLKM,RG,4100,5,D,PD,GR,D
13:45:24,TLKM,RG,4100,5,D,CC,GR,D
13:45:24,TLKM,RG,4100,1,D,XC,GR,D
13:45:24,TLKM,RG,4100,15,D,XC,GR,D
13:45:24,TLKM,RG,4100,2,D,PD,GR,D
13:45:24,TLKM,RG,4100,1,D,XL,GR,D
13:45:24,TLKM,RG,4100,1,D,XC,GR,D
13:45:24,TLKM,RG,4100,210,D,PG,GR,D
13:45:24,TLKM,RG,4100,7,D,XC,GR,D
13:45:24,TLKM,RG,4100,2,D,PD,GR,D
13:45:24,TLKM,RG,4100,4,D,CC,GR,D
13:45:24,TLKM,RG,4100,50,D,YP,GR,D
13:45:24,TLKM,RG,4100,50,D,DX,GR,D
13:45:24,TLKM,RG,4100,1,D,XC,GR,D
13:45:24,TLKM,RG,4100,1,D,PD,GR,D
13:45:24,TLKM,RG,4100,3,D,PD,GR,D
13:45:24,TLKM,RG,4100,25,D,YP,GR,D
13:45:24,TLKM,RG,4100,5,D,KK,GR,D
13:45:24,TLKM,RG,4100,1,D,KK,GR,D
13:45:24,TLKM,RG,4100,100,D,PD,GR,D
13:45:24,TLKM,RG,4100,4,D,PD,GR,D
13:45:24,TLKM,RG,4100,5,D,SQ,GR,D
13:45:24,TLKM,RG,4100,6,D,YP,GR,D
13:45:24,TLKM,RG,4100,24,D,XA,GR,D
13:45:24,TLKM,RG,4100,1,D,NI,GR,D
13:45:24,TLKM,RG,4100,1,D,NI,GR,D
13:45:24,TLKM,RG,4100,2,D,SQ,GR,D
13:45:24,TLKM,RG,4100,20,D,NI,GR,D
13:45:24,TLKM,RG,4100,3,D,XC,GR,D
13:45:24,TLKM,RG,4100,50,D,YP,GR,D
13:45:24,TLKM,RG,4100,5,D,PD,GR,D
13:45:24,TLKM,RG,4100,1,D,XC,GR,D
13:45:24,TLKM,RG,4100,10,D,XC,GR,D
13:45:24,TLKM,RG,4100,1,D,PD,GR,D
13:45:24,TLKM,RG,4100,10,D,CC,GR,D
13:45:24,TLKM,RG,4100,1,D,PD,GR,D
13:45:24,TLKM,RG,4100,2,D,PD,GR,D
13:45:24,TLKM,RG,4100,12,F,KZ,GR,D
13:45:24,TLKM,RG,4100,5,D,PD,GR,D
13:45:24,TLKM,RG,4100,1,D,NI,GR,D
13:45:24,TLKM,RG,4100,10,D,PD,GR,D
13:45:24,TLKM,RG,4100,1,D,PD,GR,D
13:45:24,TLKM,RG,4100,2,D,KK,GR,D
13:45:24,TLKM,RG,4100,2,D,YP,GR,D
13:45:24,TLKM,RG,4100,15,D,PD,GR,D
13:45:24,TLKM,RG,4100,2,D,XC,GR,D
13:45:24,TLKM,RG,4100,10,D,DX,GR,D
13:45:24,TLKM,RG,4100,50,D,GR,GR,D
13:45:24,TLKM,RG,4100,2,D,CC,GR,D
13:45:24,TLKM,RG,4100,1,D,XC,GR,D
13:45:24,TLKM,RG,4100,1,D,XC,GR,D
13:45:24,TLKM,RG,4100,1,D,XC,GR,D
13:45:24,TLKM,RG,4100,1,D,NI,GR,D
13:45:24,TLKM,RG,4100,8,D,XC,GR,D
13:45:24,TLKM,RG,4100,1,D,LG,GR,D
13:45:24,TLKM,RG,4100,10,D,LG,GR,D
13:45:24,TLKM,RG,4100,1,D,YP,GR,D
13:45:24,TLKM,RG,4100,4,D,AI,GR,D
13:45:24,TLKM,RG,4100,200,D,PD,GR,D
13:45:24,TLKM,RG,4100,10,D,TP,GR,D
13:45:24,TLKM,RG,4100,200,D,XC,GR,D
13:45:24,TLKM,RG,4100,1,D,PD,GR,D
13:45:24,TLKM,RG,4100,2,D,PD,GR,D
13:45:24,TLKM,RG,4100,10,D,DH,GR,D
13:45:24,TLKM,RG,4100,2,D,SQ,GR,D
13:45:24,TLKM,RG,4100,2,D,XC,GR,D
13:45:24,TLKM,RG,4100,1,D,YP,GR,D
13:45:24,TLKM,RG,4100,6,D,XC,GR,D
13:45:24,TLKM,RG,4100,10,D,TP,GR,D
13:45:24,TLKM,RG,4100,5,D,XC,GR,D
13:45:24,TLKM,RG,4100,5,D,CC,GR,D
13:45:24,TLKM,RG,4100,1,D,YP,GR,D
13:45:24,TLKM,RG,4100,1,D,PD,GR,D
13:45:24,TLKM,RG,4100,1,D,PD,GR,D
13:45:24,TLKM,RG,4100,1,D,XC,GR,D
13:45:24,TLKM,RG,4100,1,D,KK,GR,D
13:45:24,TLKM,RG,4100,1,D,XC,GR,D
13:45:24,TLKM,RG,4100,30,D,XC,GR,D
13:45:24,TLKM,RG,4100,1,D,PD,GR,D
13:45:24,TLKM,RG,4100,4,D,XC,GR,D
13:45:24,TLKM,RG,4100,7,D,XC,GR,D
13:45:24,TLKM,RG,4100,4,D,XL,GR,D
13:45:24,TLKM,RG,4100,20,D,CC,GR,D
13:45:24,TLKM,RG,4100,20,D,AZ,GR,D
13:45:24,TLKM,RG,4100,5,D,YP,GR,D
13:45:24,TLKM,RG,4100,1,D,LG,GR,D
13:45:24,TLKM,RG,4100,3,D,DH,GR,D
13:45:24,TLKM,RG,4100,4,D,PD,GR,D
13:45:24,TLKM,RG,4100,20,D,CC,GR,D
13:45:24,TLKM,RG,4100,5,D,PD,GR,D
13:45:24,TLKM,RG,4100,1,D,XC,GR,D
13:45:24,TLKM,RG,4100,3,D,CC,GR,D
13:45:24,TLKM,RG,4100,2,D,AZ,GR,D
13:45:24,TLKM,RG,4100,1,D,PD,GR,D
13:45:24,TLKM,RG,4100,12,D,YP,GR,D
13:45:24,TLKM,RG,4100,50,D,YP,GR,D
13:45:24,TLKM,RG,4100,2,D,YP,GR,D
13:45:24,TLKM,RG,4100,1,D,NI,GR,D
13:45:24,TLKM,RG,4100,10,D,EP,GR,D
13:45:24,TLKM,RG,4100,1,D,YP,GR,D
13:45:24,TLKM,RG,4100,2,D,CC,GR,D
13:45:24,TLKM,RG,4100,1,D,XC,GR,D
13:45:24,TLKM,RG,4100,1,D,XC,GR,D
13:45:24,TLKM,RG,4100,1,D,KK,GR,D
13:45:24,TLKM,RG,4100,20,D,CC,GR,D
13:45:24,TLKM,RG,4100,35,D,KK,GR,D
13:45:24,TLKM,RG,4100,1,D,XC,GR,D
13:45:24,TLKM,RG,4100,2,D,NI,GR,D
13:45:24,TLKM,RG,4100,3,D,PD,GR,D
13:45:24,TLKM,RG,4100,1,D,XC,GR,D
13:45:24,TLKM,RG,4100,65,D,YP,GR,D
13:45:24,TLKM,RG,4100,1,D,XC,GR,D
13:45:24,TLKM,RG,4100,1,D,KK,GR,D
13:45:24,TLKM,RG,4100,55,D,PD,GR,D
13:45:24,TLKM,RG,4100,23,D,YP,GR,D
13:45:24,TLKM,RG,4100,2,D,PD,GR,D
13:45:24,TLKM,RG,4100,2,D,YU,GR,D
13:45:24,TLKM,RG,4100,2,D,NI,GR,D
13:45:24,TLKM,RG,4100,25,D,KK,GR,D
13:45:24,TLKM,RG,4100,15,D,PD,GR,D
13:45:24,TLKM,RG,4100,100,D,YP,GR,D
13:45:24,TLKM,RG,4100,1,D,XC,GR,D
13:45:24,TLKM,RG,4100,1,D,EP,GR,D
13:45:24,TLKM,RG,4100,1,D,PD,GR,D
13:45:24,TLKM,RG,4100,2,D,CC,GR,D
13:45:24,TLKM,RG,4100,3,D,PD,GR,D
13:45:24,TLKM,RG,4100,2,D,XC,GR,D
13:45:24,TLKM,RG,4100,20,D,CC,GR,D
13:45:24,TLKM,RG,4100,1,D,AT,GR,D
13:45:24,TLKM,RG,4100,1,D,XC,GR,D
13:45:24,TLKM,RG,4100,10,D,CC,GR,D
13:45:24,TLKM,RG,4100,10,D,YP,GR,D
13:45:24,TLKM,RG,4100,10,D,AI,GR,D
13:45:24,TLKM,RG,4100,2,D,PD,GR,D
13:45:24,TLKM,RG,4100,20,D,CC,GR,D
13:45:24,TLKM,RG,4100,6,D,XC,GR,D
13:45:24,TLKM,RG,4100,2,D,XC,GR,D
13:45:24,TLKM,RG,4100,1,D,XC,GR,D
13:45:24,TLKM,RG,4100,13,D,DH,GR,D
13:45:24,TLKM,RG,4100,5,D,PD,GR,D
13:45:24,TLKM,RG,4100,1,D,PD,GR,D
13:45:24,TLKM,RG,4100,1,D,YP,GR,D
13:45:24,TLKM,RG,4100,2,D,PD,GR,D
13:45:24,TLKM,RG,4100,1,D,NI,GR,D
13:45:24,TLKM,RG,4100,1,D,XC,GR,D
13:45:24,TLKM,RG,4100,10,D,YP,GR,D
13:45:24,TLKM,RG,4100,1,D,XC,GR,D
13:45:24,TLKM,RG,4100,1,D,PD,GR,D
13:45:24,TLKM,RG,4100,1,D,SQ,GR,D
13:45:24,TLKM,RG,4100,1,D,PD,GR,D
13:45:24,TLKM,RG,4100,4,D,XC,GR,D
13:45:24,TLKM,RG,4100,2,D,XC,GR,D
13:45:24,TLKM,RG,4100,1,D,NI,GR,D
13:45:24,TLKM,RG,4100,10,D,PD,GR,D
13:45:24,TLKM,RG,4100,40,D,YP,GR,D
13:45:24,TLKM,RG,4100,5,D,XC,GR,D
13:45:24,TLKM,RG,4100,1,D,XC,GR,D
13:45:24,TLKM,RG,4100,5,D,PD,GR,D
13:45:24,TLKM,RG,4100,1,D,PD,GR,D
13:45:24,TLKM,RG,4100,5,D,PD,GR,D
13:45:24,TLKM,RG,4100,1,D,PD,GR,D
13:45:24,TLKM,RG,4100,2,D,DX,GR,D
13:45:24,TLKM,RG,4100,10,D,PD,GR,D
13:45:24,TLKM,RG,4100,1,D,PD,GR,D
13:45:24,TLKM,RG,4100,50,D,YB,GR,D
13:45:24,TLKM,RG,4100,7,D,NI,GR,D
13:45:24,TLKM,RG,4100,2,D,YP,GR,D
13:45:24,TLKM,RG,4100,2,D,PD,GR,D
13:45:24,TLKM,RG,4100,2,D,CC,GR,D
13:45:24,TLKM,RG,4100,1,D,XC,GR,D
13:45:24,TLKM,RG,4100,1,D,NI,GR,D
13:45:24,TLKM,RG,4100,1,D,GR,GR,D
13:45:24,TLKM,RG,4100,1,D,KK,GR,D
13:45:24,TLKM,RG,4100,4,D,PD,GR,D
13:45:24,TLKM,RG,4100,5,D,XC,GR,D
13:45:24,TLKM,RG,4100,49,D,NI,GR,D
13:45:24,TLKM,RG,4100,5,D,GR,GR,D
13:45:24,TLKM,RG,4100,1,D,PD,GR,D
13:45:24,TLKM,RG,4100,10,D,YP,GR,D
13:45:24,TLKM,RG,4100,10,D,PD,GR,D
13:45:24,TLKM,RG,4100,25,D,IF,GR,D
13:45:24,TLKM,RG,4100,5,D,SQ,GR,D
13:45:24,TLKM,RG,4100,20,D,PD,GR,D
13:45:24,TLKM,RG,4100,4,D,NI,GR,D
13:45:24,TLKM,RG,4100,150,D,PD,GR,D
13:45:24,TLKM,RG,4100,5,D,YP,GR,D
13:45:24,TLKM,RG,4100,1,D,CC,GR,D
13:45:24,TLKM,RG,4100,2,D,XC,GR,D
13:45:24,TLKM,RG,4100,1,D,SQ,GR,D
13:45:24,TLKM,RG,4100,1,D,OD,GR,D
13:45:24,TLKM,RG,4100,25,D,YP,GR,D
13:45:24,TLKM,RG,4100,50,D,DR,GR,D
13:45:24,TLKM,RG,4100,25,D,YP,GR,D
13:45:24,TLKM,RG,4100,5,D,NI,GR,D
13:45:24,TLKM,RG,4100,100,D,XC,GR,D
13:45:24,TLKM,RG,4100,8,D,XC,GR,D
13:45:24,TLKM,RG,4100,100,D,II,GR,D
13:45:24,TLKM,RG,4100,2,D,PD,GR,D
13:45:24,TLKM,RG,4100,10,D,NI,GR,D
13:45:24,TLKM,RG,4100,30,D,SQ,GR,D
13:45:24,TLKM,RG,4100,7,D,GR,GR,D
13:45:24,TLKM,RG,4100,5,D,KK,GR,D
13:45:24,TLKM,RG,4100,10,D,IF,GR,D
13:45:24,TLKM,RG,4100,5,D,YP,GR,D
13:45:24,TLKM,RG,4100,10,D,LG,GR,D
13:45:24,TLKM,RG,4100,925,D,LG,GR,D
13:45:24,TLKM,RG,4100,2,D,YP,GR,D
13:45:24,TLKM,RG,4100,1,D,YP,GR,D
13:45:24,TLKM,RG,4100,3,D,PD,GR,D
13:45:24,TLKM,RG,4100,1,D,PD,GR,D
13:45:24,TLKM,RG,4100,54,D,CC,GR,D
13:45:23,TLKM,RG,4100,1,D,CC,AK,F
13:45:22,TLKM,RG,4110,5,D,GR,ZP,F
13:45:14,TLKM,RG,4100,1,D,CC,AK,F
13:45:13,TLKM,RG,4110,5,D,GR,ZP,F
13:45:10,TLKM,RG,4110,1,D,PD,ZP,F
13:45:06,TLKM,RG,4110,1,D,PD,ZP,F
13:45:02,TLKM,RG,4100,15,D,CC,AK,F
13:45:01,TLKM,RG,4110,88,F,BK,ZP,F
13:45:01,TLKM,RG,4100,12,D,CC,AK,F
13:45:00,TLKM,RG,4100,35,D,CC,AK,F
13:45:00,TLKM,RG,4110,66,D,BK,ZP,F
13:44:59,TLKM,RG,4110,144,D,LG,ZP,F
13:44:59,TLKM,RG,4110,56,D,LG,ZP,D
13:44:46,TLKM,RG,4100,10,D,CC,AK,F
13:44:45,TLKM,RG,4110,10,D,NI,ZP,D
13:44:44,TLKM,RG,4100,22,D,CC,YP,D
13:44:44,TLKM,RG,4100,10,D,KK,YP,D
13:44:44,TLKM,RG,4100,10,D,AT,YP,D
13:44:41,TLKM,RG,4100,1,D,AT,AK,F
13:44:40,TLKM,RG,4110,7,D,YP,ZP,D
13:44:37,TLKM,RG,4100,1,D,AT,AK,F
13:44:36,TLKM,RG,4100,8,D,AT,XC,D
13:44:19,TLKM,RG,4100,5,D,AT,AK,F
13:44:19,TLKM,RG,4100,10,D,SQ,AK,F
13:44:18,TLKM,RG,4110,30,D,BK,ZP,D
13:44:18,TLKM,RG,4110,56,D,BK,ZP,F
13:44:17,TLKM,RG,4100,1,D,SQ,AK,F
13:44:16,TLKM,RG,4100,5,D,SQ,NI,D
13:43:56,TLKM,RG,4100,2,D,SQ,AK,F
13:43:55,TLKM,RG,4110,10,D,PD,ZP,F
13:43:47,TLKM,RG,4110,1,D,YU,ZP,F
13:43:43,TLKM,RG,4100,2,D,SQ,AK,F
13:43:43,TLKM,RG,4100,13,D,SQ,AK,F
13:43:42,TLKM,RG,4110,1,D,XC,ZP,F
13:43:42,TLKM,RG,4110,85,F,BK,ZP,F
13:43:41,TLKM,RG,4100,12,D,SQ,AK,F
13:43:41,TLKM,RG,4100,4,D,CC,AK,F
13:43:39,TLKM,RG,4110,86,D,BK,ZP,F
13:43:36,TLKM,RG,4110,3,D,PD,ZP,F
13:43:36,TLKM,RG,4110,2,D,CP,ZP,F
13:43:24,TLKM,RG,4100,4,D,CC,AK,F
13:43:24,TLKM,RG,4100,10,D,LG,AK,F
13:43:24,TLKM,RG,4100,3,D,ID,AK,F
13:43:23,TLKM,RG,4110,89,D,BB,ZP,F
13:43:23,TLKM,RG,4110,5,D,BB,AK,F
13:43:17,TLKM,RG,4100,5,D,ID,AK,F
13:43:15,TLKM,RG,4100,29,D,ID,ZP,F
13:43:15,TLKM,RG,4110,1,D,XC,AK,F
13:43:10,TLKM,RG,4100,13,D,ID,AK,F
13:43:09,TLKM,RG,4110,71,D,BK,AK,F
13:43:02,TLKM,RG,4100,2,D,ID,NI,D
13:43:02,TLKM,RG,4100,18,D,ID,AK,F
13:43:01,TLKM,RG,4100,14,D,ID,CC,D
13:43:01,TLKM,RG,4110,89,F,BK,AK,F
13:43:00,TLKM,RG,4100,6,D,ID,AK,F
13:42:59,TLKM,RG,4100,4,D,ID,ZP,D
13:42:59,TLKM,RG,4100,6,D,ID,AK,F
13:42:59,TLKM,RG,4100,1,D,PD,AK,F
13:42:59,TLKM,RG,4100,7,D,PD,AK,F
13:42:58,TLKM,RG,4100,17,D,PD,ZP,F
13:42:58,TLKM,RG,4100,1,D,PD,ZP,F
13:42:58,TLKM,RG,4100,1,D,PD,ZP,F
13:42:58,TLKM,RG,4100,3,D,PD,ZP,F
13:42:58,TLKM,RG,4100,8,D,GR,ZP,F
13:42:57,TLKM,RG,4100,52,D,GR,ZP,D
13:42:57,TLKM,RG,4100,7,D,PD,ZP,D
13:42:57,TLKM,RG,4100,20,D,PD,ZP,D
13:42:57,TLKM,RG,4100,1,D,PD,ZP,D
13:42:41,TLKM,RG,4100,1,D,PD,AK,F
13:42:41,TLKM,RG,4100,1,D,KK,AK,F
13:42:41,TLKM,RG,4100,2,D,XC,AK,F
13:42:41,TLKM,RG,4100,2,D,CC,AK,F
13:42:40,TLKM,RG,4100,12,D,CC,AK,F
13:42:39,TLKM,RG,4100,29,D,CC,ZP,F
13:42:39,TLKM,RG,4110,71,D,BK,AK,F
13:42:23,TLKM,RG,4100,4,D,CC,AK,F
13:42:21,TLKM,RG,4100,22,D,CC,ZP,F
13:42:20,TLKM,RG,4100,1,D,CC,XC,D
13:42:15,TLKM,RG,4100,11,D,CC,AK,F
13:42:14,TLKM,RG,4100,1,D,CC,AK,F
13:42:14,TLKM,RG,4110,63,D,BK,AK,F
13:42:13,TLKM,RG,4100,3,D,CC,RX,D
13:42:08,TLKM,RG,4100,2,D,CC,AK,F
13:42:06,TLKM,RG,4100,11,D,CC,RX,D
13:42:05,TLKM,RG,4100,2,D,CC,AK,F
13:42:05,TLKM,RG,4100,7,D,XC,AK,F
13:42:04,TLKM,RG,4100,3,D,XC,AK,F
13:42:04,TLKM,RG,4100,2,D,DR,AK,F
13:42:04,TLKM,RG,4110,51,F,BK,AK,F
13:42:02,TLKM,RG,4100,27,D,DR,ZP,F
13:41:53,TLKM,RG,4100,8,D,DR,AK,F
13:41:51,TLKM,RG,4110,50,D,BK,AK,F
13:41:42,TLKM,RG,4100,4,D,DR,AK,F
13:41:40,TLKM,RG,4100,20,D,DR,ZP,F
13:41:32,TLKM,RG,4110,1,D,XC,AK,F
13:41:27,TLKM,RG,4100,9,D,DR,AK,F
13:41:25,TLKM,RG,4110,53,F,BK,AK,F
13:41:25,TLKM,RG,4100,1,D,DR,AK,F
13:41:23,TLKM,RG,4100,13,D,DR,AK,F
13:41:23,TLKM,RG,4100,4,D,DR,AK,F
13:41:22,TLKM,RG,4110,75,D,BK,AK,F
13:41:22,TLKM,RG,4100,9,D,DR,AK,F
13:41:21,TLKM,RG,4100,23,D,DR,ZP,F
13:41:21,TLKM,RG,4110,55,F,BK,AK,F
13:41:18,TLKM,RG,4100,26,D,DR,AK,F
13:41:16,TLKM,RG,4110,147,F,BK,AK,F
13:41:16,TLKM,RG,4100,177,D,DR,AK,F
13:41:14,TLKM,RG,4110,451,D,RX,AK,F
13:41:14,TLKM,RG,4110,549,D,RX,YU,F
13:41:10,TLKM,RG,4110,2,D,XC,YU,F
13:41:08,TLKM,RG,4100,8,D,DR,AK,F
13:41:07,TLKM,RG,4110,10,D,PD,YU,F
13:41:06,TLKM,RG,4100,32,D,DR,ZP,F
13:41:05,TLKM,RG,4110,1,D,XC,YU,F
13:41:04,TLKM,RG,4100,3,D,DR,AK,F
13:41:03,TLKM,RG,4110,45,D,RX,YU,F
13:41:00,TLKM,RG,4110,60,D,BK,YU,F
13:40:50,TLKM,RG,4110,3,D,CC,YU,F
13:40:48,TLKM,RG,4100,30,D,DR,ZP,F
13:40:35,TLKM,RG,4110,3,D,XC,YU,F
13:40:34,TLKM,RG,4110,74,D,BK,YU,F
13:40:32,TLKM,RG,4100,35,D,DR,ZP,F
13:40:28,TLKM,RG,4110,92,F,BK,YU,F
13:40:26,TLKM,RG,4100,220,D,DR,YP,D
13:40:26,TLKM,RG,4110,25,D,BB,YU,F
13:40:10,TLKM,RG,4100,30,D,DR,ZP,F
13:40:05,TLKM,RG,4110,73,D,BK,YU,F
13:39:59,TLKM,RG,4110,10,D,AZ,YU,F
13:39:52,TLKM,RG,4100,32,D,DR,ZP,F
13:39:47,TLKM,RG,4110,52,F,BK,YU,F
13:39:44,TLKM,RG,4100,2,D,DR,AZ,D
13:39:35,TLKM,RG,4100,6,D,DR,PD,D
13:39:32,TLKM,RG,4100,28,D,DR,ZP,F
13:39:17,TLKM,RG,4100,30,D,DR,ZP,F
13:39:13,TLKM,RG,4100,1,D,DR,DR,D
13:39:10,TLKM,RG,4100,46,D,DR,YP,D
13:39:08,TLKM,RG,4100,5,D,DR,CC,D
13:39:01,TLKM,RG,4100,36,D,DR,ZP,F
13:38:42,TLKM,RG,4100,28,D,DR,ZP,F
13:38:22,TLKM,RG,4100,39,D,DR,ZP,F
13:38:07,TLKM,RG,4100,29,D,DR,ZP,F
13:37:51,TLKM,RG,4110,2,D,NI,YU,F
13:37:49,TLKM,RG,4100,25,D,DR,ZP,F
13:37:34,TLKM,RG,4100,12,D,DR,ZP,F
13:37:34,TLKM,RG,4100,2,D,XC,ZP,F
13:37:34,TLKM,RG,4100,12,D,DX,ZP,F
13:37:33,TLKM,RG,4110,1,D,XC,YU,F
13:37:23,TLKM,RG,4110,5,D,XC,YU,F
13:37:21,TLKM,RG,4110,1,D,GR,YU,F
13:37:16,TLKM,RG,4110,2,D,XC,YU,F
13:37:15,TLKM,RG,4100,26,D,DX,ZP,F
13:37:01,TLKM,RG,4110,24,D,XC,YU,F
13:36:55,TLKM,RG,4100,22,D,DX,ZP,F
13:36:55,TLKM,RG,4100,1,D,KK,ZP,F
13:36:55,TLKM,RG,4100,1,D,KK,ZP,F
13:36:47,TLKM,RG,4110,1,D,XA,YU,F
13:36:43,TLKM,RG,4100,7,D,KK,ZP,D
13:36:43,TLKM,RG,4100,96,D,DR,ZP,D
13:36:42,TLKM,RG,4100,9,D,DR,ZP,D
13:36:37,TLKM,RG,4100,22,D,DR,ZP,F
13:36:24,TLKM,RG,4100,11,D,DR,ZP,D
13:36:17,TLKM,RG,4100,22,D,DR,ZP,F
13:36:02,TLKM,RG,4100,25,D,DR,ZP,F
13:36:01,TLKM,RG,4110,1,D,CC,YU,F
13:35:47,TLKM,RG,4100,23,D,DR,ZP,F
13:35:41,TLKM,RG,4110,2,D,PD,YU,F
13:35:28,TLKM,RG,4100,21,D,DR,ZP,F
13:35:25,TLKM,RG,4100,117,D,DR,ZP,D
13:35:19,TLKM,RG,4100,7,D,DR,RX,D
13:35:16,TLKM,RG,4100,10,D,DR,XC,D
13:35:12,TLKM,RG,4100,28,D,DR,ZP,F
13:35:07,TLKM,RG,4110,5,D,XC,YU,F
13:35:05,TLKM,RG,4110,11,D,PD,YU,F
13:34:55,TLKM,RG,4100,2,D,DR,RX,D
13:34:52,TLKM,RG,4100,25,D,DR,ZP,F
13:34:37,TLKM,RG,4100,22,D,DR,ZP,F
13:34:26,TLKM,RG,4100,3,D,DR,KK,D
13:34:25,TLKM,RG,4100,10,D,DR,YP,D
13:34:25,TLKM,RG,4110,22,D,YP,YU,F
13:34:24,TLKM,RG,4100,20,D,DR,PD,D
13:34:24,TLKM,RG,4100,27,D,DR,PD,D
13:34:24,TLKM,RG,4100,1,D,TF,PD,D
13:34:24,TLKM,RG,4100,72,D,TP,PD,D
13:34:24,TLKM,RG,4100,28,D,TP,ZP,F
13:34:22,TLKM,RG,4110,15,D,SQ,YU,F
13:34:22,TLKM,RG,4110,214,D,BK,YU,F
13:34:22,TLKM,RG,4110,10,D,XC,YU,F
13:34:22,TLKM,RG,4110,2,D,XC,YU,F
13:34:22,TLKM,RG,4110,15,D,BB,YU,F
13:34:22,TLKM,RG,4110,6,D,XC,YU,F
13:34:22,TLKM,RG,4110,5,D,XC,YU,F
13:34:22,TLKM,RG,4110,1,D,XC,YU,F
13:34:22,TLKM,RG,4110,220,D,BK,YU,F
13:34:22,TLKM,RG,4110,77,D,XC,YU,F
13:34:22,TLKM,RG,4110,10,D,PD,YU,F
13:34:22,TLKM,RG,4110,100,D,PD,YU,F
13:34:22,TLKM,RG,4110,2,D,CC,YU,F
13:34:22,TLKM,RG,4110,339,D,RX,YU,F
13:34:22,TLKM,RG,4110,5,D,YP,YU,F
13:34:22,TLKM,RG,4110,58,D,KK,YU,F
13:34:22,TLKM,RG,4110,1,D,XC,YU,F
13:34:22,TLKM,RG,4110,1,D,XC,YU,F
13:34:22,TLKM,RG,4110,231,D,BK,YU,F
13:34:22,TLKM,RG,4110,2,D,XC,YU,F
13:34:22,TLKM,RG,4110,500,D,GR,YU,F
13:34:22,TLKM,RG,4110,1,D,XC,YU,F
13:34:22,TLKM,RG,4110,200,D,YP,YU,F
13:34:22,TLKM,RG,4110,2,D,XC,YU,F
13:34:22,TLKM,RG,4110,200,D,CC,YU,F
13:34:22,TLKM,RG,4110,1,D,NI,YU,F
13:34:22,TLKM,RG,4110,4,D,NI,YU,F
13:34:22,TLKM,RG,4110,517,F,BK,YU,F
13:34:22,TLKM,RG,4110,1,D,PD,YU,F
13:34:22,TLKM,RG,4110,1,D,XC,YU,F
13:34:22,TLKM,RG,4110,13,D,XC,YU,F
13:34:22,TLKM,RG,4110,28,D,XC,YU,F
13:34:22,TLKM,RG,4110,300,D,XC,YU,F
13:34:22,TLKM,RG,4110,4,D,XC,YU,F
13:34:22,TLKM,RG,4110,20,D,YP,YU,F
13:34:22,TLKM,RG,4110,1,D,YP,YU,F
13:34:22,TLKM,RG,4110,364,D,YP,YU,F
13:34:22,TLKM,RG,4110,3,D,PD,YU,F
13:34:22,TLKM,RG,4110,20,D,LG,YU,F
13:34:22,TLKM,RG,4110,2,D,PD,YU,F
13:34:22,TLKM,RG,4110,5,D,KK,YU,F
13:34:22,TLKM,RG,4110,1,D,XL,YU,F
13:34:22,TLKM,RG,4110,1,D,YP,YU,F
13:34:22,TLKM,RG,4110,1,D,AT,YU,F
13:34:22,TLKM,RG,4110,2,D,PD,YU,F
13:34:22,TLKM,RG,4110,1,D,YP,YU,F
13:34:22,TLKM,RG,4110,3,D,PD,YU,F
13:34:22,TLKM,RG,4110,1,D,PD,YU,F
13:34:22,TLKM,RG,4110,5,D,PD,YU,F
13:34:22,TLKM,RG,4110,25,D,AZ,YU,F
13:34:22,TLKM,RG,4110,383,D,YB,YU,F
13:34:09,TLKM,RG,4120,5,D,XC,AK,F
13:34:04,TLKM,RG,4120,1,D,XC,AK,F
13:34:03,TLKM,RG,4110,5,D,YB,NI,D
13:34:02,TLKM,RG,4110,24,D,YB,ZP,F
13:33:42,TLKM,RG,4110,26,D,YB,ZP,F
13:33:26,TLKM,RG,4110,30,D,YB,ZP,F
13:33:19,TLKM,RG,4120,5,D,XC,AK,F
13:33:08,TLKM,RG,4110,2,D,YB,AT,D
13:33:07,TLKM,RG,4110,30,D,YB,ZP,F
13:33:05,TLKM,RG,4120,1,D,HP,AK,F
13:32:47,TLKM,RG,4110,30,D,BB,ZP,F
13:32:32,TLKM,RG,4110,23,D,BB,ZP,F
13:32:13,TLKM,RG,4110,31,D,BB,ZP,F
13:32:13,TLKM,RG,4120,8,D,PD,AK,F
13:32:05,TLKM,RG,4110,7,D,BB,PD,D
13:31:58,TLKM,RG,4110,25,D,BB,AK,F
13:31:58,TLKM,RG,4110,2,D,NI,AK,F
13:31:58,TLKM,RG,4110,20,D,PD,AK,F
13:31:58,TLKM,RG,4110,5,D,XC,AK,F
13:31:58,TLKM,RG,4110,4,D,PD,AK,F
13:31:58,TLKM,RG,4110,2,D,XC,AK,F
13:31:58,TLKM,RG,4110,1,D,PD,AK,F
13:31:58,TLKM,RG,4110,1,D,PD,AK,F
13:31:58,TLKM,RG,4110,8,D,XC,AK,F
13:31:58,TLKM,RG,4110,1,D,XC,AK,F
13:31:58,TLKM,RG,4110,1,D,YP,AK,F
13:31:58,TLKM,RG,4110,9,D,SQ,AK,F
13:31:58,TLKM,RG,4110,2,D,OD,AK,F
13:31:58,TLKM,RG,4110,1,D,KK,AK,F
13:31:58,TLKM,RG,4110,1,D,DH,AK,F
13:31:58,TLKM,RG,4110,3,D,XC,AK,F
13:31:58,TLKM,RG,4110,100,D,PC,AK,F
13:31:58,TLKM,RG,4110,1,D,NI,AK,F
13:31:58,TLKM,RG,4110,314,D,BK,AK,F
13:31:58,TLKM,RG,4110,1,D,CC,AK,F
13:31:58,TLKM,RG,4110,10,D,PD,AK,F
13:31:58,TLKM,RG,4110,100,D,PD,AK,F
13:31:58,TLKM,RG,4110,2,D,XC,AK,F
13:31:58,TLKM,RG,4110,100,D,NI,AK,F
13:31:58,TLKM,RG,4110,1,D,XC,AK,F
13:31:58,TLKM,RG,4110,4,D,PD,AK,F
13:31:58,TLKM,RG,4110,2,D,XC,AK,F
13:31:58,TLKM,RG,4110,20,D,CC,AK,F
13:31:58,TLKM,RG,4110,1,D,PD,AK,F
13:31:58,TLKM,RG,4110,100,D,DR,AK,F
13:31:58,TLKM,RG,4110,10,D,AR,AK,F
13:31:58,TLKM,RG,4110,5,D,YP,AK,F
13:31:58,TLKM,RG,4110,1,D,YP,AK,F
13:31:58,TLKM,RG,4110,1,D,XC,AK,F
13:31:58,TLKM,RG,4110,2,D,CC,AK,F
13:31:58,TLKM,RG,4110,1,D,YP,AK,F
13:31:58,TLKM,RG,4110,1,D,PD,AK,F
13:31:58,TLKM,RG,4110,2,D,PD,AK,F
13:31:58,TLKM,RG,4110,1,D,NI,AK,F
13:31:58,TLKM,RG,4110,1,D,XC,AK,F
13:31:58,TLKM,RG,4110,20,D,CC,AK,F
13:31:58,TLKM,RG,4110,2,D,XC,AK,F
13:31:58,TLKM,RG,4110,5,D,NI,AK,F
13:31:58,TLKM,RG,4110,1,D,PD,AK,F
13:31:58,TLKM,RG,4110,2,D,PD,AK,F
13:31:58,TLKM,RG,4110,100,D,CC,AK,F
13:31:58,TLKM,RG,4110,2,D,CC,AK,F
13:31:58,TLKM,RG,4110,10,D,YP,AK,F
13:31:58,TLKM,RG,4110,5,D,YP,AK,F
13:31:58,TLKM,RG,4110,5,D,CC,AK,F
13:31:58,TLKM,RG,4110,4,D,XC,AK,F
13:31:58,TLKM,RG,4110,10,D,CC,AK,F
13:31:58,TLKM,RG,4110,1,D,PD,AK,F
13:31:58,TLKM,RG,4110,20,D,CC,AK,F
13:31:58,TLKM,RG,4110,1,D,PD,AK,F
13:31:58,TLKM,RG,4110,20,D,KK,AK,F
13:31:58,TLKM,RG,4110,2,D,PD,AK,F
13:31:58,TLKM,RG,4110,2,D,KK,AK,F
13:31:58,TLKM,RG,4110,3,D,XC,AK,F
13:31:58,TLKM,RG,4110,1,D,XC,AK,F
13:31:58,TLKM,RG,4110,1,D,XC,AK,F
13:31:58,TLKM,RG,4110,26,D,DH,AK,F
13:31:57,TLKM,RG,4110,32,D,DH,ZP,F
13:31:37,TLKM,RG,4110,8,D,DH,ZP,F
13:31:37,TLKM,RG,4110,20,D,KK,ZP,F
13:31:24,TLKM,RG,4120,10,D,XC,AK,F
13:31:22,TLKM,RG,4120,2,D,XC,AK,F
13:30:26,TLKM,RG,4120,3,D,DP,AK,F
13:30:26,TLKM,RG,4120,83,D,DP,AK,F
13:30:26,TLKM,RG,4120,5,D,DP,ZP,F
13:30:22,TLKM,RG,4120,1,D,PD,ZP,F
13:30:16,TLKM,RG,4120,10,D,PD,ZP,F
13:30:15,TLKM,RG,4110,30,D,KK,AK,F
13:30:15,TLKM,RG,4110,2,D,PD,AK,F
13:30:15,TLKM,RG,4110,5,D,CC,AK,F
13:30:15,TLKM,RG,4110,5,D,CC,AK,F
13:30:15,TLKM,RG,4110,1,D,XC,AK,F
13:30:15,TLKM,RG,4110,5,D,NI,AK,F
13:30:15,TLKM,RG,4110,10,D,SQ,AK,F
13:30:15,TLKM,RG,4110,5,D,YP,AK,F
13:30:15,TLKM,RG,4110,1,D,MK,AK,F
13:30:15,TLKM,RG,4110,100,D,DX,AK,F
13:30:15,TLKM,RG,4110,5,D,CC,AK,F
13:30:15,TLKM,RG,4110,1,D,XC,AK,F
13:30:15,TLKM,RG,4110,1,D,CC,AK,F
13:30:15,TLKM,RG,4110,7,D,NI,AK,F
13:30:15,TLKM,RG,4110,1,D,XC,AK,F
13:30:15,TLKM,RG,4110,1,D,XC,AK,F
13:30:15,TLKM,RG,4110,20,D,YP,AK,F
13:30:15,TLKM,RG,4110,20,D,CC,AK,F
13:30:15,TLKM,RG,4110,1,F,AI,AK,F
13:30:15,TLKM,RG,4110,20,D,YP,AK,F
13:30:15,TLKM,RG,4110,10,D,NI,AK,F
13:30:15,TLKM,RG,4110,3,D,XC,AK,F
13:30:15,TLKM,RG,4110,1,D,CC,AK,F
13:30:15,TLKM,RG,4110,10,D,PD,AK,F
13:30:15,TLKM,RG,4110,1,D,YP,AK,F
13:30:15,TLKM,RG,4110,2,D,CC,AK,F
13:30:15,TLKM,RG,4110,1,D,LG,AK,F
13:30:15,TLKM,RG,4110,5,D,XC,AK,F
13:30:15,TLKM,RG,4110,30,D,DH,AK,F
13:30:15,TLKM,RG,4110,7,D,NI,AK,F
13:30:15,TLKM,RG,4110,1,D,YP,AK,F
13:30:15,TLKM,RG,4110,1,D,XC,AK,F
13:30:15,TLKM,RG,4110,1,D,YP,AK,F
13:30:15,TLKM,RG,4110,20,D,XC,AK,F
13:30:15,TLKM,RG,4110,10,D,YP,AK,F
13:30:15,TLKM,RG,4110,1,D,XC,AK,F
13:30:15,TLKM,RG,4110,1,D,NI,AK,F
13:30:15,TLKM,RG,4110,25,D,DR,AK,F
13:30:15,TLKM,RG,4110,10,D,CC,AK,F
13:30:15,TLKM,RG,4110,1,D,PD,AK,F
13:30:15,TLKM,RG,4110,1,D,PD,AK,F
13:30:15,TLKM,RG,4110,2,D,PD,AK,F
13:30:15,TLKM,RG,4110,1,D,KK,AK,F
13:30:15,TLKM,RG,4110,10,D,YP,AK,F
13:30:15,TLKM,RG,4110,1,D,YP,AK,F
13:30:15,TLKM,RG,4110,2,D,NI,AK,F
13:30:15,TLKM,RG,4110,1,D,YP,AK,F
13:30:15,TLKM,RG,4110,20,D,YP,AK,F
13:30:15,TLKM,RG,4110,1,D,PD,AK,F
13:30:15,TLKM,RG,4110,1,D,PD,AK,F
13:30:15,TLKM,RG,4110,1,D,PD,AK,F
13:30:15,TLKM,RG,4110,1,D,PD,AK,F
13:30:15,TLKM,RG,4110,2,D,NI,AK,F
13:30:15,TLKM,RG,4110,5,D,XA,AK,F
13:30:15,TLKM,RG,4110,5,D,DR,AK,F
13:30:15,TLKM,RG,4110,1,D,XC,AK,F
13:30:15,TLKM,RG,4110,1,D,XC,AK,F
13:30:15,TLKM,RG,4110,1,D,XC,AK,F
13:30:15,TLKM,RG,4110,20,D,CC,AK,F
13:30:15,TLKM,RG,4110,11,D,XC,AK,F
13:30:15,TLKM,RG,4110,1,D,EP,AK,F
13:30:15,TLKM,RG,4110,10,D,YJ,AK,F
13:30:15,TLKM,RG,4120,6,F,ZP,ZP,F
13:30:14,TLKM,RG,4110,490,D,YJ,AK,F
13:30:14,TLKM,RG,4110,9,D,DX,AK,F
13:30:14,TLKM,RG,4110,41,D,CC,AK,F
13:30:14,TLKM,RG,4110,10,D,YP,AK,F
13:30:14,TLKM,RG,4110,27,D,CC,AK,F
13:30:14,TLKM,RG,4110,5,D,NI,AK,F
13:30:14,TLKM,RG,4110,4,D,CC,AK,F
13:30:14,TLKM,RG,4110,5,D,PD,AK,F
13:30:14,TLKM,RG,4110,1,D,CC,AK,F
13:30:14,TLKM,RG,4110,6,D,NI,AK,F
13:30:14,TLKM,RG,4110,1,D,XC,AK,F
13:30:14,TLKM,RG,4110,150,D,KK,AK,F
13:30:14,TLKM,RG,4110,13,D,CC,AK,F
13:30:14,TLKM,RG,4110,400,D,YP,AK,F
13:30:14,TLKM,RG,4110,25,D,TP,AK,F
13:30:14,TLKM,RG,4110,1,D,PD,AK,F
13:30:14,TLKM,RG,4110,5,D,PD,AK,F
13:30:14,TLKM,RG,4110,7,D,YP,AK,F
13:30:13,TLKM,RG,4120,7,D,NI,ZP,F
13:30:11,TLKM,RG,4110,10,D,YP,RX,D
13:30:11,TLKM,RG,4120,93,F,BK,AK,F
13:30:10,TLKM,RG,4120,72,D,OD,AK,F
13:30:10,TLKM,RG,4110,2,D,YP,RX,D
13:30:10,TLKM,RG,4110,1,D,YP,AK,F
13:30:10,TLKM,RG,4110,4,D,PD,AK,F
13:30:10,TLKM,RG,4110,1,D,XC,AK,F
13:30:10,TLKM,RG,4110,2,D,DX,AK,F
13:30:10,TLKM,RG,4110,10,D,PD,AK,F
13:30:10,TLKM,RG,4110,3,D,XC,AK,F
13:30:10,TLKM,RG,4110,1,D,PD,AK,F
13:30:10,TLKM,RG,4110,1,D,PD,AK,F
13:30:10,TLKM,RG,4110,1,D,PD,AK,F
13:30:10,TLKM,RG,4110,9,D,NI,AK,F
13:30:09,TLKM,RG,4120,2,D,XC,AK,F
13:30:09,TLKM,RG,4110,1,D,NI,PD,D
13:30:09,TLKM,RG,4110,1,D,NI,PD,D
13:30:09,TLKM,RG,4110,2,D,YP,PD,D
13:30:09,TLKM,RG,4110,10,D,YP,PD,D
13:30:09,TLKM,RG,4110,5,D,YP,PD,D
13:30:09,TLKM,RG,4110,29,D,MG,PD,D
13:30:09,TLKM,RG,4120,5,D,CC,AK,F
13:30:09,TLKM,RG,4120,24,D,XC,AK,F
13:30:09,TLKM,RG,4120,1,D,XC,AK,F
13:30:09,TLKM,RG,4120,1,D,XC,AK,F
13:30:09,TLKM,RG,4120,1,D,XC,AK,F
13:30:09,TLKM,RG,4120,3,D,XC,AK,F
13:30:09,TLKM,RG,4120,1,D,XC,AK,F
13:30:09,TLKM,RG,4120,1,D,XC,AK,F
13:30:08,TLKM,RG,4120,1,D,XC,AK,F
13:30:08,TLKM,RG,4120,1,D,XC,AK,F
13:30:08,TLKM,RG,4120,2,D,XC,AK,F
13:30:08,TLKM,RG,4120,2,D,XC,AK,F
13:30:08,TLKM,RG,4110,2,D,MG,XC,D
13:30:08,TLKM,RG,4120,1,D,XC,AK,F
13:30:08,TLKM,RG,4120,1,D,XC,AK,F
13:30:08,TLKM,RG,4120,1,D,XC,AK,F
13:30:08,TLKM,RG,4110,121,D,MG,AK,F
13:30:08,TLKM,RG,4110,64,D,MG,AK,F
13:30:08,TLKM,RG,4120,2,D,CC,AK,F
13:30:08,TLKM,RG,4120,2,D,CC,AK,F
13:30:08,TLKM,RG,4120,1,D,XC,AK,F
13:30:08,TLKM,RG,4120,10,D,XC,AK,F
13:30:08,TLKM,RG,4120,5,D,XC,AK,F
13:30:08,TLKM,RG,4120,1,D,XC,AK,F
13:30:08,TLKM,RG,4120,5,D,XC,AK,F
13:30:07,TLKM,RG,4120,1,D,XC,AK,F
13:30:07,TLKM,RG,4120,2,D,YP,AK,F
13:30:07,TLKM,RG,4120,1,D,XC,AK,F
13:30:07,TLKM,RG,4120,2,D,XC,AK,F
13:30:07,TLKM,RG,4120,1,D,XC,AK,F
13:30:07,TLKM,RG,4120,24,D,XC,AK,F
13:30:07,TLKM,RG,4120,1,D,XC,AK,F
13:30:07,TLKM,RG,4120,2,D,XC,AK,F
13:30:07,TLKM,RG,4120,3,D,XC,AK,F
13:30:07,TLKM,RG,4120,1,D,XC,AK,F
13:30:07,TLKM,RG,4120,1,D,XC,AK,F
13:30:07,TLKM,RG,4120,1,D,XC,AK,F
13:30:07,TLKM,RG,4120,5,D,XC,AK,F
13:30:07,TLKM,RG,4120,6,D,XC,AK,F
13:30:07,TLKM,RG,4120,5,D,XC,AK,F
13:30:06,TLKM,RG,4120,100,D,XC,AK,F
13:30:06,TLKM,RG,4120,10,D,XC,AK,F
13:30:06,TLKM,RG,4120,2,D,XC,AK,F
13:30:06,TLKM,RG,4120,3,D,XC,AK,F
13:30:06,TLKM,RG,4120,4,D,XC,AK,F
13:30:06,TLKM,RG,4120,1,D,XC,AK,F
13:30:06,TLKM,RG,4120,3,D,XC,AK,F
13:30:06,TLKM,RG,4120,1,D,XC,AK,F
13:30:06,TLKM,RG,4120,2,D,XC,AK,F
13:30:06,TLKM,RG,4120,3,D,PD,AK,F
13:30:06,TLKM,RG,4120,60,D,CC,AK,F
13:30:06,TLKM,RG,4120,2,D,XC,AK,F
13:30:06,TLKM,RG,4120,2,D,PD,AK,F
13:30:06,TLKM,RG,4120,500,D,PD,AK,F
13:30:06,TLKM,RG,4120,1,D,PD,AK,F
13:30:06,TLKM,RG,4120,2,F,PD,AK,F
13:30:06,TLKM,RG,4120,1,D,PD,AK,F
13:30:06,TLKM,RG,4120,1,D,PD,AK,F
13:30:06,TLKM,RG,4110,284,D,MG,AK,F
13:30:06,TLKM,RG,4110,300,D,KK,AK,F
13:30:06,TLKM,RG,4110,300,D,KK,AK,F
13:30:06,TLKM,RG,4110,1,D,XC,AK,F
13:30:06,TLKM,RG,4110,1,D,XC,AK,F
13:30:06,TLKM,RG,4110,250,D,YB,AK,F
13:30:06,TLKM,RG,4110,30,D,YP,AK,F
13:30:06,TLKM,RG,4110,2,D,YP,AK,F
13:30:06,TLKM,RG,4110,613,D,HP,AK,F
13:30:06,TLKM,RG,4120,1,D,YP,AK,F
13:30:05,TLKM,RG,4120,360,D,YP,AK,F
13:30:05,TLKM,RG,4120,3,D,OD,AK,F
13:30:05,TLKM,RG,4120,10,D,XL,AK,F
13:30:05,TLKM,RG,4130,3,D,YP,ZP,F
13:30:05,TLKM,RG,4120,2,D,YP,PD,D
13:30:05,TLKM,RG,4120,1,D,PD,PD,D
13:30:04,TLKM,RG,4120,2,D,LG,PD,D
13:30:04,TLKM,RG,4120,1,D,PD,PD,D
13:30:04,TLKM,RG,4120,1,D,PD,PD,D
13:30:04,TLKM,RG,4120,1,D,YP,PD,D
13:30:04,TLKM,RG,4120,1,D,PD,PD,D
13:30:04,TLKM,RG,4120,1,D,LG,PD,D
13:30:04,TLKM,RG,4120,10,D,PD,PD,D
13:30:04,TLKM,RG,4120,2,D,CC,AT,D
13:30:04,TLKM,RG,4120,1,D,PD,AT,D
13:30:04,TLKM,RG,4120,2,D,GR,AT,D
13:30:04,TLKM,RG,4130,30,D,PD,ZP,F
13:30:04,TLKM,RG,4130,2,D,XL,ZP,F
13:30:04,TLKM,RG,4130,5,D,XL,ZP,F
13:30:04,TLKM,RG,4130,1,D,PD,ZP,F
13:30:04,TLKM,RG,4110,387,D,HP,GR,D
13:30:04,TLKM,RG,4110,100,D,NI,GR,D
13:30:04,TLKM,RG,4110,2,D,XC,GR,D
13:30:04,TLKM,RG,4110,1,D,YP,GR,D
13:30:04,TLKM,RG,4110,1,D,YP,GR,D
13:30:04,TLKM,RG,4110,2,D,YP,GR,D
13:30:04,TLKM,RG,4110,2,D,CC,GR,D
13:30:04,TLKM,RG,4110,1,D,YP,GR,D
13:30:04,TLKM,RG,4110,3,D,GR,GR,D
13:30:04,TLKM,RG,4110,1,D,PD,GR,D
13:30:04,TLKM,RG,4110,35,D,SQ,GR,D
13:30:04,TLKM,RG,4110,7,D,YP,GR,D
13:30:04,TLKM,RG,4110,1000,D,YU,GR,D
13:30:04,TLKM,RG,4110,100,D,PD,GR,D
13:30:04,TLKM,RG,4110,1,D,PD,GR,D
13:30:04,TLKM,RG,4110,10,D,PD,GR,D
13:30:04,TLKM,RG,4110,2,D,CC,GR,D
13:30:04,TLKM,RG,4110,1,D,CC,GR,D
13:30:04,TLKM,RG,4110,2,D,PD,GR,D
13:30:04,TLKM,RG,4110,500,D,PD,GR,D
13:30:04,TLKM,RG,4110,25,D,AT,GR,D
13:30:04,TLKM,RG,4110,1,D,EP,GR,D
13:30:04,TLKM,RG,4110,1,D,PD,GR,D
13:30:04,TLKM,RG,4110,1,D,EP,GR,D
13:30:04,TLKM,RG,4110,4,D,PD,GR,D
13:30:04,TLKM,RG,4110,50,D,ZP,GR,D
13:30:04,TLKM,RG,4110,100,D,TP,GR,D
13:30:04,TLKM,RG,4110,1,D,TF,GR,D
13:30:04,TLKM,RG,4110,1000,D,FS,GR,D
13:30:04,TLKM,RG,4120,4,D,PD,GR,D
13:30:04,TLKM,RG,4120,10,D,PD,GR,D
13:30:04,TLKM,RG,4120,5,D,YP,GR,D
13:30:04,TLKM,RG,4120,1,D,XL,GR,D
13:30:04,TLKM,RG,4120,1,D,PD,GR,D
13:30:04,TLKM,RG,4120,10,F,AK,GR,D
13:30:04,TLKM,RG,4120,2,D,DP,GR,D
13:30:04,TLKM,RG,4120,63,D,DP,GR,D
13:30:04,TLKM,RG,4120,390,F,BK,GR,D
13:30:04,TLKM,RG,4120,1,D,PD,GR,D
13:30:04,TLKM,RG,4120,15,D,PD,GR,D
13:30:04,TLKM,RG,4120,88,D,YP,GR,D
13:30:04,TLKM,RG,4120,15,D,PD,GR,D
13:30:04,TLKM,RG,4120,1,D,PD,GR,D
13:30:04,TLKM,RG,4120,1,D,GR,GR,D
13:30:04,TLKM,RG,4120,313,D,CC,GR,D
13:30:04,TLKM,RG,4120,100,D,PD,GR,D
13:30:04,TLKM,RG,4120,10,D,PD,GR,D
13:30:04,TLKM,RG,4120,3,D,PD,GR,D
13:30:04,TLKM,RG,4120,500,D,YB,GR,D
13:30:04,TLKM,RG,4120,1,D,PD,GR,D
13:30:04,TLKM,RG,4120,5,D,DH,GR,D
13:30:04,TLKM,RG,4120,3,D,XC,GR,D
13:30:04,TLKM,RG,4120,1,D,NI,GR,D
13:30:04,TLKM,RG,4120,214,D,XC,GR,D
13:30:04,TLKM,RG,4120,25,D,PD,GR,D
13:30:04,TLKM,RG,4120,1,D,XL,GR,D
13:30:04,TLKM,RG,4120,2,D,XC,GR,D
13:30:04,TLKM,RG,4120,2,D,CC,GR,D
13:30:04,TLKM,RG,4120,9,D,YP,GR,D
13:30:04,TLKM,RG,4120,13,D,PD,GR,D
13:30:04,TLKM,RG,4120,11,D,YP,GR,D
13:30:04,TLKM,RG,4120,1,D,XC,GR,D
13:30:04,TLKM,RG,4120,2,D,XC,GR,D
13:30:04,TLKM,RG,4120,1,D,NI,GR,D
13:30:04,TLKM,RG,4120,1,D,XC,GR,D
13:30:04,TLKM,RG,4120,183,D,CC,GR,D
13:30:04,TLKM,RG,4120,50,D,XC,GR,D
13:30:04,TLKM,RG,4120,1,D,NI,GR,D
13:30:04,TLKM,RG,4120,1,D,XC,GR,D
13:30:04,TLKM,RG,4120,40,D,PD,GR,D
13:30:04,TLKM,RG,4120,1,D,PD,GR,D
13:30:04,TLKM,RG,4120,1,D,XC,GR,D
13:30:04,TLKM,RG,4120,1,D,XC,GR,D
13:30:04,TLKM,RG,4120,3,D,PD,GR,D
13:30:04,TLKM,RG,4120,480,D,CC,GR,D
13:30:04,TLKM,RG,4120,1,D,XC,GR,D
13:30:04,TLKM,RG,4120,1,D,XC,GR,D
13:30:04,TLKM,RG,4120,1,D,XC,GR,D
13:30:04,TLKM,RG,4120,368,D,RX,GR,D
13:30:04,TLKM,RG,4120,10,D,XC,GR,D
13:30:04,TLKM,RG,4120,5,D,SQ,GR,D
13:30:04,TLKM,RG,4120,1,D,XL,GR,D
13:30:04,TLKM,RG,4120,80,D,YB,GR,D
13:30:04,TLKM,RG,4120,5,D,PD,GR,D
13:30:04,TLKM,RG,4120,3,D,NI,GR,D
13:30:04,TLKM,RG,4120,10,D,LG,GR,D
13:30:04,TLKM,RG,4120,1,D,PD,GR,D
13:30:04,TLKM,RG,4120,8,D,YP,GR,D
13:30:04,TLKM,RG,4120,1,D,XC,GR,D
13:30:04,TLKM,RG,4120,10,D,SQ,GR,D
13:30:04,TLKM,RG,4120,4,D,CC,GR,D
13:30:04,TLKM,RG,4120,1,D,PD,GR,D
13:30:04,TLKM,RG,4120,500,D,YJ,GR,D
13:30:04,TLKM,RG,4120,168,D,CC,GR,D
13:30:04,TLKM,RG,4120,3,D,PD,GR,D
13:30:04,TLKM,RG,4120,2,D,PD,GR,D
13:30:04,TLKM,RG,4120,1,D,NI,GR,D
13:30:04,TLKM,RG,4120,2,D,NI,GR,D
13:30:04,TLKM,RG,4120,261,D,RX,GR,D
13:30:04,TLKM,RG,4120,4,D,XL,GR,D
13:30:04,TLKM,RG,4120,599,D,CC,GR,D
13:30:04,TLKM,RG,4120,1,D,SQ,GR,D
13:30:04,TLKM,RG,4120,1,D,XC,GR,D
13:30:04,TLKM,RG,4120,1,D,XC,GR,D
13:30:04,TLKM,RG,4120,2,D,XC,GR,D
13:30:04,TLKM,RG,4120,5,D,PD,GR,D
13:30:04,TLKM,RG,4120,24,D,XC,GR,D
13:30:04,TLKM,RG,4120,1,D,XC,GR,D
13:30:04,TLKM,RG,4120,1,D,YU,GR,D
13:30:04,TLKM,RG,4120,5,D,KK,GR,D
