Time,Stock,Brd,Price,Qty,BT,BC,SC,ST
15:14:59,TLKM,RG,3370,1,D,CC,XC,D
15:14:36,TLKM,RG,3370,76,D,CC,PD,D
15:14:36,TLKM,RG,3370,24,D,PD,PD,D
15:14:27,TLKM,RG,3370,2,D,PD,YP,D
15:14:27,TLKM,RG,3370,2,D,PD,YP,D
15:14:27,TLKM,RG,3370,1,D,PD,YP,D
15:13:50,TLKM,RG,3370,2,D,PD,YJ,D
15:13:29,TLKM,RG,3370,1,D,PD,SQ,D
15:13:20,TLKM,RG,3370,1,D,PD,PD,D
15:11:58,TLKM,RG,3370,1,D,PD,XC,D
15:11:19,TLKM,RG,3370,5,D,PD,XC,D
15:10:42,TLKM,RG,3370,5,D,PD,CC,D
15:10:37,TLKM,RG,3370,1,D,PD,PD,D
15:10:24,TLKM,RG,3370,6,D,PD,PD,D
15:10:22,TLKM,RG,3370,12,D,PD,YP,D
15:10:22,TLKM,RG,3370,8,D,YU,YP,D
15:10:18,TLKM,RG,3370,2,F,CS,CC,D
15:10:12,TLKM,RG,3370,60,F,CS,PD,D
15:09:44,TLKM,RG,3370,1,F,CS,DH,D
15:09:14,TLKM,RG,3370,25,F,CS,CC,D
15:08:38,TLKM,RG,3370,1,F,CS,XC,D
15:08:20,TLKM,RG,3370,2,F,CS,PD,D
15:08:12,TLKM,RG,3370,1,F,CS,CC,D
15:08:01,TLKM,RG,3370,6,F,CS,XC,D
15:07:32,TLKM,RG,3370,1,F,CS,XC,D
15:07:24,TLKM,RG,3370,24,F,CS,XC,D
15:07:22,TLKM,RG,3370,90,F,CS,PD,D
15:07:17,TLKM,RG,3370,1,F,CS,KK,D
15:06:51,TLKM,RG,3370,10,F,CS,CC,D
15:06:38,TLKM,RG,3370,15,F,CS,CC,D
15:06:37,TLKM,RG,3370,1,F,CS,PD,D
15:06:17,TLKM,RG,3370,1,F,CS,PD,D
15:06:09,TLKM,RG,3370,30,F,CS,YU,D
15:05:44,TLKM,RG,3370,2,F,CS,XC,D
15:05:35,TLKM,RG,3370,5,F,CS,PD,D
15:05:22,TLKM,RG,3370,1,F,CS,CD,D
15:05:03,TLKM,RG,3370,1,F,CS,YP,D
15:05:03,TLKM,RG,3370,30,F,CS,YP,D
15:05:03,TLKM,RG,3370,40,F,CS,YP,D
15:05:02,TLKM,RG,3370,2,F,CS,NI,D
15:05:02,TLKM,RG,3370,20,F,CS,LG,D
15:05:02,TLKM,RG,3370,113,F,CS,CC,D
15:05:02,TLKM,RG,3370,50,F,CS,CC,D
15:05:02,TLKM,RG,3370,15,F,CS,CC,D
15:05:01,TLKM,RG,3370,4,F,CS,CC,D
15:05:01,TLKM,RG,3370,3,F,CS,EP,D
15:05:01,TLKM,RG,3370,1,F,CS,PD,D
15:05:01,TLKM,RG,3370,1,F,CS,XC,D
15:05:00,TLKM,RG,3370,5,F,CS,XC,D
15:05:00,TLKM,RG,3370,1,F,CS,XC,D
15:05:00,TLKM,RG,3370,1,F,CS,XC,D
15:05:00,TLKM,RG,3370,500,F,CS,GR,D
15:05:00,TLKM,RG,3370,50,F,CS,KK,D
15:05:00,TLKM,RG,3370,80,F,CS,PD,D
15:05:00,TLKM,RG,3370,31,F,CS,PD,D
15:05:00,TLKM,RG,3370,30,F,CS,IP,D
15:05:00,TLKM,RG,3370,921,F,CS,DR,D
15:05:00,TLKM,RG,3370,1079,F,CS,DR,D
15:05:00,TLKM,RG,3370,500,F,CS,DR,D
15:00:00,TLKM,RG,3370,5,F,CS,PD,D
15:00:00,TLKM,RG,3370,26,F,CS,NI,D
15:00:00,TLKM,RG,3370,30,F,CS,KK,D
15:00:00,TLKM,RG,3370,55,F,CS,PD,D
15:00:00,TLKM,RG,3370,10,F,CS,PD,D
15:00:00,TLKM,RG,3370,2,F,CS,XC,D
15:00:00,TLKM,RG,3370,2,F,CS,XC,D
15:00:00,TLKM,RG,3370,15,F,CS,KK,D
15:00:00,TLKM,RG,3370,75,F,CS,YP,D
15:00:00,TLKM,RG,3370,1,F,CS,CC,D
15:00:00,TLKM,RG,3370,33,F,CS,NI,D
15:00:00,TLKM,RG,3370,3,F,CS,CC,D
15:00:00,TLKM,RG,3370,63,F,CS,YP,D
15:00:00,TLKM,RG,3370,5,F,CS,CC,D
15:00:00,TLKM,RG,3370,149,F,CS,DR,D
15:00:00,TLKM,RG,3370,1,F,CS,SQ,D
15:00:00,TLKM,RG,3370,1,F,CS,PD,D
15:00:00,TLKM,RG,3370,1,F,CS,CP,D
15:00:00,TLKM,RG,3370,1,F,CS,NI,D
15:00:00,TLKM,RG,3370,1,F,CS,XC,D
15:00:00,TLKM,RG,3370,1,F,CS,XC,D
15:00:00,TLKM,RG,3370,3,F,CS,DH,D
15:00:00,TLKM,RG,3370,20,F,CS,KK,D
15:00:00,TLKM,RG,3370,300,F,CS,YU,D
15:00:00,TLKM,RG,3370,15,F,CS,SQ,D
15:00:00,TLKM,RG,3370,43,F,CS,KK,D
15:00:00,TLKM,RG,3370,10,D,EP,KK,D
15:00:00,TLKM,RG,3370,7,F,RX,KK,D
15:00:00,TLKM,RG,3370,400,F,RX,YJ,D
15:00:00,TLKM,RG,3370,1396,F,RX,MG,D
15:00:00,TLKM,RG,3370,7,F,RX,PD,D
15:00:00,TLKM,RG,3370,25,F,RX,YJ,D
15:00:00,TLKM,RG,3370,500,F,RX,CC,D
15:00:00,TLKM,RG,3370,10,F,RX,KK,D
15:00:00,TLKM,RG,3370,155,F,RX,PD,D
15:00:00,TLKM,RG,3370,50,D,YP,PD,D
15:00:00,TLKM,RG,3370,1,D,NI,PD,D
15:00:00,TLKM,RG,3370,10,D,CC,PD,D
15:00:00,TLKM,RG,3370,1,D,PD,PD,D
15:00:00,TLKM,RG,3370,75,D,NI,PD,D
15:00:00,TLKM,RG,3370,1,D,YP,PD,D
15:00:00,TLKM,RG,3370,15,D,NI,PD,D
15:00:00,TLKM,RG,3370,2,D,NI,PD,D
15:00:00,TLKM,RG,3370,1,D,PD,PD,D
15:00:00,TLKM,RG,3370,111,D,KK,PD,D
15:00:00,TLKM,RG,3370,400,D,LG,PD,D
15:00:00,TLKM,RG,3370,2,D,PD,PD,D
15:00:00,TLKM,RG,3370,2,D,PD,PD,D
15:00:00,TLKM,RG,3370,82,D,LG,PD,D
15:00:00,TLKM,RG,3370,16,D,DR,PD,D
15:00:00,TLKM,RG,3370,25,D,YU,PD,D
15:00:00,TLKM,RG,3370,5,D,PD,PD,D
15:00:00,TLKM,RG,3370,207,F,BK,PD,D
15:00:00,TLKM,RG,3370,1,F,BK,YP,D
15:00:00,TLKM,RG,3370,1000,F,BK,MG,D
15:00:00,TLKM,RG,3370,1253,F,BK,DX,F
15:00:00,TLKM,RG,3370,2007,F,YU,DX,F
15:00:00,TLKM,RG,3370,722,F,YU,ZP,F
15:00:00,TLKM,RG,3370,4920,F,YU,CG,F
15:00:00,TLKM,RG,3370,34968,F,YU,CG,F
15:00:00,TLKM,RG,3370,368,F,YU,CG,D
15:00:00,TLKM,RG,3370,30,F,YU,CG,D
15:00:00,TLKM,RG,3370,947,F,YU,BK,F
15:00:00,TLKM,RG,3370,3525,F,YU,BK,F
15:00:00,TLKM,RG,3370,24,F,YU,CS,F
15:00:00,TLKM,RG,3370,7344,F,YU,CS,F
15:00:00,TLKM,RG,3370,2794,F,YU,DX,F
15:00:00,TLKM,RG,3370,239,F,ZP,DX,F
15:00:00,TLKM,RG,3370,181,F,ZP,AK,F
15:00:00,TLKM,RG,3370,3695,F,ZP,AK,F
15:00:00,TLKM,RG,3370,53,F,ZP,AK,F
15:00:00,TLKM,RG,3370,1635,F,AK,AK,F
15:00:00,TLKM,RG,3370,1258,F,AK,AK,F
15:00:00,TLKM,RG,3370,3137,F,AK,AK,F
15:00:00,TLKM,RG,3370,620,F,AK,AK,F
15:00:00,TLKM,RG,3370,3869,F,AK,AK,F
15:00:00,TLKM,RG,3370,8512,F,AK,AK,F
15:00:00,TLKM,RG,3370,528,F,AK,ZP,F
15:00:00,TLKM,RG,3370,264,F,BK,ZP,F
15:00:00,TLKM,RG,3370,146,F,BK,ZP,F
15:00:00,TLKM,RG,3370,1004,F,YU,ZP,F
15:00:00,TLKM,RG,3370,1290,F,YU,BB,F
15:00:00,TLKM,RG,3370,1640,F,AK,BB,F
15:00:00,TLKM,RG,3370,33,F,AK,BB,F
15:00:00,TLKM,RG,3370,77,F,AK,BB,F
15:00:00,TLKM,RG,3370,46,D,DH,BB,F
15:00:00,TLKM,RG,3370,2019,D,KZ,BB,F
15:00:00,TLKM,RG,3370,681,D,KZ,ZP,D
15:00:00,TLKM,RG,3370,1533,D,KZ,ZP,D
15:00:00,TLKM,RG,3370,59,D,NI,ZP,D
15:00:00,TLKM,RG,3370,13,D,DR,ZP,D
15:00:00,TLKM,RG,3370,229,D,DR,ZP,D
15:00:00,TLKM,RG,3370,161,F,ZP,ZP,D
14:49:59,TLKM,RG,3360,19,D,MG,AK,F
14:49:59,TLKM,RG,3380,1,F,AK,OD,D
14:49:59,TLKM,RG,3380,2,F,AK,OD,D
14:49:59,TLKM,RG,3380,5,F,AK,XC,D
14:49:59,TLKM,RG,3380,1,F,AK,XC,D
14:49:59,TLKM,RG,3380,1,F,AK,XC,D
14:49:59,TLKM,RG,3380,4,F,AK,YP,D
14:49:58,TLKM,RG,3360,2,D,MG,AK,F
14:49:58,TLKM,RG,3370,4,F,AK,AK,F
14:49:58,TLKM,RG,3360,20,D,MG,AK,F
14:49:58,TLKM,RG,3370,15,D,KK,AK,F
14:49:57,TLKM,RG,3380,5,F,AK,YP,D
14:49:57,TLKM,RG,3380,16,F,AK,OD,D
14:49:57,TLKM,RG,3380,1,F,AK,OD,D
14:49:57,TLKM,RG,3380,30,F,AK,CC,D
14:49:57,TLKM,RG,3380,9,F,AK,XC,D
14:49:57,TLKM,RG,3380,1,F,AK,XC,D
14:49:57,TLKM,RG,3380,10,F,AK,PD,D
14:49:57,TLKM,RG,3380,1,F,AK,XC,D
14:49:57,TLKM,RG,3370,11,F,AK,AK,F
14:49:57,TLKM,RG,3380,1,F,AK,KK,D
14:49:57,TLKM,RG,3380,1,F,AK,IP,D
14:49:57,TLKM,RG,3380,2,F,AK,CC,D
14:49:57,TLKM,RG,3380,4,F,AK,KK,D
14:49:57,TLKM,RG,3380,4,F,BK,KK,D
14:49:57,TLKM,RG,3380,4,F,BK,XC,D
14:49:57,TLKM,RG,3380,1,F,BK,PD,D
14:49:57,TLKM,RG,3380,1,F,BK,CC,D
14:49:57,TLKM,RG,3380,15,F,BK,PD,D
14:49:57,TLKM,RG,3380,29,F,BK,KK,D
14:49:57,TLKM,RG,3380,1,F,ZP,KK,D
14:49:55,TLKM,RG,3370,10,F,AK,PD,D
14:49:55,TLKM,RG,3370,14,F,AK,AK,F
14:49:54,TLKM,RG,3370,64,F,BK,AK,F
14:49:49,TLKM,RG,3360,278,D,MG,AK,F
14:49:49,TLKM,RG,3360,46,D,MG,AK,F
14:49:49,TLKM,RG,3370,34,F,BK,AK,F
14:49:48,TLKM,RG,3360,12,D,MG,ZP,F
14:49:48,TLKM,RG,3360,16,D,MG,ZP,F
14:49:46,TLKM,RG,3360,99,D,MG,DX,F
14:49:45,TLKM,RG,3370,1,F,ZP,AK,F
14:49:45,TLKM,RG,3370,8,D,PD,AK,F
14:49:45,TLKM,RG,3370,2,D,PD,AK,F
14:49:45,TLKM,RG,3370,67,D,IF,AK,F
14:49:43,TLKM,RG,3380,43,F,BK,DX,F
14:49:43,TLKM,RG,3380,61,F,AK,DX,F
14:49:43,TLKM,RG,3380,11,F,AK,ZP,F
14:49:42,TLKM,RG,3370,5,D,IF,OD,D
14:49:41,TLKM,RG,3380,2,F,ZP,ZP,F
14:49:41,TLKM,RG,3370,3,D,IF,DX,F
14:49:40,TLKM,RG,3370,1,D,IF,PD,D
14:49:40,TLKM,RG,3370,9,D,IF,DX,F
14:49:40,TLKM,RG,3370,65,D,IF,KK,D
14:49:40,TLKM,RG,3370,10,D,IF,PD,D
14:49:40,TLKM,RG,3370,4,D,IF,CP,D
14:49:40,TLKM,RG,3370,500,D,IF,AG,D
14:49:40,TLKM,RG,3370,2,D,IF,PD,D
14:49:40,TLKM,RG,3370,110,D,IF,YP,D
14:49:40,TLKM,RG,3370,7,D,IF,PD,D
14:49:40,TLKM,RG,3370,10,D,IF,CC,D
14:49:40,TLKM,RG,3370,10,D,IF,CC,D
14:49:40,TLKM,RG,3370,10,D,IF,LS,D
14:49:40,TLKM,RG,3370,15,D,IF,XC,D
14:49:40,TLKM,RG,3370,10,D,IF,PD,D
14:49:40,TLKM,RG,3370,6,D,IF,YP,D
14:49:40,TLKM,RG,3370,50,D,IF,AZ,D
14:49:40,TLKM,RG,3370,1,D,IF,XC,D
14:49:40,TLKM,RG,3370,10,D,IF,EP,D
14:49:40,TLKM,RG,3370,40,D,IF,YP,D
14:49:40,TLKM,RG,3370,5,D,IF,PD,D
14:49:40,TLKM,RG,3370,50,D,IF,YP,D
14:49:38,TLKM,RG,3370,75,F,AK,CC,D
14:49:36,TLKM,RG,3370,37,F,BK,CC,D
14:49:31,TLKM,RG,3370,60,F,BK,CC,D
14:49:30,TLKM,RG,3370,46,F,YU,CC,D
14:49:30,TLKM,RG,3370,7,F,AK,CC,D
14:49:30,TLKM,RG,3370,1,F,AK,CC,D
14:49:29,TLKM,RG,3370,27,F,AK,CC,D
14:49:29,TLKM,RG,3370,1,F,AK,DH,D
14:49:29,TLKM,RG,3370,100,F,AK,EP,D
14:49:29,TLKM,RG,3370,9,F,AK,AG,D
14:49:29,TLKM,RG,3370,2,F,AK,MG,D
14:49:29,TLKM,RG,3370,60,F,AK,CC,D
14:49:29,TLKM,RG,3370,5,F,AK,OD,D
14:49:29,TLKM,RG,3370,300,F,AK,CP,D
14:49:29,TLKM,RG,3370,1,F,AK,XC,D
14:49:29,TLKM,RG,3370,15,F,AK,SQ,D
14:49:29,TLKM,RG,3370,3,F,AK,DH,D
14:49:29,TLKM,RG,3370,2,F,AK,PD,D
14:49:29,TLKM,RG,3370,20,F,AK,NI,D
14:49:29,TLKM,RG,3370,5,F,AK,CC,D
14:49:29,TLKM,RG,3370,1,F,AK,PD,D
14:49:29,TLKM,RG,3370,1,F,AK,XC,D
14:49:29,TLKM,RG,3370,1,F,AK,PD,D
14:49:29,TLKM,RG,3370,1,F,AK,XC,D
14:49:29,TLKM,RG,3370,207,F,AK,AK,F
14:49:29,TLKM,RG,3370,10,F,AK,YP,D
14:49:29,TLKM,RG,3370,1,F,AK,PD,D
14:49:29,TLKM,RG,3370,30,F,AK,XC,D
14:49:29,TLKM,RG,3370,10,F,AK,EP,D
14:49:29,TLKM,RG,3370,1,F,AK,CC,D
14:49:29,TLKM,RG,3370,4,F,AK,AT,D
14:49:29,TLKM,RG,3370,1,F,AK,XC,D
14:49:29,TLKM,RG,3370,2,F,AK,PD,D
14:49:29,TLKM,RG,3370,1,F,AK,YP,D
14:49:29,TLKM,RG,3370,3,F,AK,NI,D
14:49:29,TLKM,RG,3370,5,F,AK,NI,D
14:49:29,TLKM,RG,3370,2,F,AK,XC,D
14:49:29,TLKM,RG,3370,8,F,AK,XC,D
14:49:29,TLKM,RG,3370,6,F,AK,CC,D
14:49:29,TLKM,RG,3370,10,F,AK,YP,D
14:49:29,TLKM,RG,3370,11,F,AK,DX,F
14:49:28,TLKM,RG,3370,125,F,AK,DX,F
14:49:27,TLKM,RG,3370,1,F,ZP,DX,F
14:49:20,TLKM,RG,3370,55,F,AK,DX,F
14:49:18,TLKM,RG,3370,1,F,YU,DX,F
14:49:18,TLKM,RG,3370,12,F,YU,YP,D
14:49:18,TLKM,RG,3370,1,F,YU,PD,D
14:49:18,TLKM,RG,3370,64,F,YU,XC,D
14:49:16,TLKM,RG,3370,2,F,ZP,XC,D
14:49:15,TLKM,RG,3370,1,F,AK,XC,D
14:49:15,TLKM,RG,3370,38,F,BK,XC,D
14:49:13,TLKM,RG,3360,94,D,MG,ZP,F
14:49:13,TLKM,RG,3370,77,D,YP,XC,D
14:49:12,TLKM,RG,3360,1,D,MG,PD,D
14:49:11,TLKM,RG,3370,1,F,ZP,XC,D
14:49:10,TLKM,RG,3370,123,F,BK,XC,D
14:49:10,TLKM,RG,3370,2,F,BK,CC,D
14:49:10,TLKM,RG,3370,2,F,BK,CC,D
14:49:10,TLKM,RG,3370,13,F,BK,ZP,F
14:49:08,TLKM,RG,3360,9,D,MG,DX,F
14:49:08,TLKM,RG,3360,3,D,MG,DX,F
14:49:08,TLKM,RG,3360,238,D,MG,AK,F
14:49:08,TLKM,RG,3360,294,D,MG,CG,F
14:49:08,TLKM,RG,3360,265,D,MG,CG,F
14:49:08,TLKM,RG,3360,51,F,AK,CG,F
14:49:07,TLKM,RG,3360,34,F,BK,CG,F
14:49:07,TLKM,RG,3360,948,F,BK,CG,F
14:49:07,TLKM,RG,3360,18,F,BK,ZP,F
14:49:06,TLKM,RG,3360,54,D,DX,ZP,F
14:49:06,TLKM,RG,3360,346,D,DX,CG,F
14:49:06,TLKM,RG,3360,35,F,BK,CG,F
14:49:04,TLKM,RG,3360,26,F,BK,CG,F
14:49:02,TLKM,RG,3350,27,D,IF,BK,F
14:49:02,TLKM,RG,3360,1,D,BQ,CG,F
14:49:02,TLKM,RG,3360,40,F,BK,CG,F
14:49:02,TLKM,RG,3360,426,F,BK,AK,F
14:49:00,TLKM,RG,3360,4,F,AK,AK,F
14:49:00,TLKM,RG,3360,356,F,BK,AK,F
14:49:00,TLKM,RG,3360,504,F,BK,DX,F
14:49:00,TLKM,RG,3360,2,F,BK,XC,D
14:49:00,TLKM,RG,3360,21,F,BK,DX,F
14:49:00,TLKM,RG,3360,117,F,BK,YP,D
14:49:00,TLKM,RG,3350,4,D,IF,AK,F
14:49:00,TLKM,RG,3350,2,D,IF,AK,F
14:49:00,TLKM,RG,3350,99,D,IF,AK,F
14:49:00,TLKM,RG,3350,2,D,IF,AK,F
14:48:59,TLKM,RG,3350,90,D,IF,AK,F
14:48:59,TLKM,RG,3360,123,F,BK,YP,D
14:48:59,TLKM,RG,3360,8,F,BK,SQ,D
14:48:59,TLKM,RG,3360,344,F,BK,CG,F
14:48:59,TLKM,RG,3360,36,F,BK,DX,F
14:48:59,TLKM,RG,3360,8,F,BK,AK,F
14:48:59,TLKM,RG,3360,1,F,BK,XC,D
14:48:59,TLKM,RG,3360,35,F,BK,BK,F
14:48:59,TLKM,RG,3360,72,F,BK,ZP,F
14:48:59,TLKM,RG,3360,368,F,BK,CG,F
14:48:59,TLKM,RG,3360,5,F,BK,DX,F
14:48:58,TLKM,RG,3360,421,D,MG,DX,F
14:48:58,TLKM,RG,3360,579,D,MG,AK,F
14:48:58,TLKM,RG,3360,139,F,BK,AK,F
14:48:58,TLKM,RG,3360,7,F,BK,DX,F
14:48:58,TLKM,RG,3360,30,F,BK,YP,D
14:48:58,TLKM,RG,3360,1,F,BK,XC,D
14:48:58,TLKM,RG,3360,823,F,BK,CG,F
14:48:58,TLKM,RG,3360,1,D,XC,CG,F
14:48:57,TLKM,RG,3360,474,F,AK,CG,F
14:48:57,TLKM,RG,3360,29,F,AK,ZP,F
14:48:57,TLKM,RG,3360,68,F,AK,ZP,F
14:48:57,TLKM,RG,3360,108,F,AK,AK,F
14:48:57,TLKM,RG,3360,6,F,ZP,AK,F
14:48:56,TLKM,RG,3360,60,F,AK,AK,F
14:48:56,TLKM,RG,3350,2029,D,IF,AK,F
14:48:56,TLKM,RG,3350,3,D,CC,AK,F
14:48:56,TLKM,RG,3350,214,D,AZ,AK,F
14:48:55,TLKM,RG,3350,256,D,AZ,CG,F
14:48:55,TLKM,RG,3350,19,D,AZ,ZP,F
14:48:55,TLKM,RG,3350,443,D,AZ,YP,D
14:48:54,TLKM,RG,3360,1,D,NI,AK,F
14:48:48,TLKM,RG,3360,35,F,BK,AK,F
14:48:45,TLKM,RG,3360,3,F,AK,AK,F
14:48:45,TLKM,RG,3360,9,F,AK,AK,F
14:48:45,TLKM,RG,3360,18,F,AK,DX,F
14:48:45,TLKM,RG,3360,1,F,AK,DR,D
14:48:45,TLKM,RG,3360,20,F,AK,AT,D
14:48:45,TLKM,RG,3360,248,F,AK,CG,F
14:48:44,TLKM,RG,3350,19,D,AZ,ZP,F
14:48:42,TLKM,RG,3360,51,F,AK,CG,F
14:48:41,TLKM,RG,3360,10,D,PD,CG,F
14:48:39,TLKM,RG,3360,56,F,BK,CG,F
14:48:38,TLKM,RG,3350,346,D,AZ,CG,F
14:48:36,TLKM,RG,3350,7,D,AZ,YP,D
14:48:34,TLKM,RG,3360,3,F,ZP,CG,F
14:48:33,TLKM,RG,3360,2,F,AK,CG,F
14:48:33,TLKM,RG,3350,11,D,AZ,ZP,F
14:48:32,TLKM,RG,3350,10,D,AZ,XC,D
14:48:30,TLKM,RG,3360,78,F,AK,CG,F
14:48:28,TLKM,RG,3350,13,D,AZ,ZP,F
14:48:20,TLKM,RG,3350,19,D,AZ,ZP,F
14:48:13,TLKM,RG,3360,39,F,BK,CG,F
14:48:12,TLKM,RG,3360,51,F,AK,CG,F
14:48:11,TLKM,RG,3360,137,F,BK,CG,F
14:48:09,TLKM,RG,3350,20,D,AZ,ZP,F
14:48:06,TLKM,RG,3350,1558,D,AZ,AK,F
14:48:05,TLKM,RG,3350,5,D,AZ,DH,D
14:48:03,TLKM,RG,3350,15,D,AZ,XC,D
14:48:01,TLKM,RG,3360,83,F,AK,CG,F
14:48:00,TLKM,RG,3350,1507,D,AZ,AK,F
14:47:59,TLKM,RG,3350,23,D,AZ,PD,D
14:47:56,TLKM,RG,3350,2,D,AZ,EP,D
14:47:55,TLKM,RG,3350,141,D,AZ,ZP,F
14:47:50,TLKM,RG,3360,14,D,PD,CG,F
14:47:47,TLKM,RG,3360,20,D,DR,CG,F
14:47:45,TLKM,RG,3360,100,D,YP,CG,F
14:47:43,TLKM,RG,3360,35,D,YU,CG,F
14:47:41,TLKM,RG,3360,51,F,AK,CG,F
14:47:30,TLKM,RG,3360,79,F,AK,CG,F
14:47:29,TLKM,RG,3350,4,D,AZ,NI,D
14:47:27,TLKM,RG,3360,20,D,KK,CG,F
14:47:26,TLKM,RG,3350,323,D,AZ,AK,F
14:47:11,TLKM,RG,3360,83,F,AK,CG,F
14:47:08,TLKM,RG,3360,1298,F,RX,CG,F
14:47:08,TLKM,RG,3360,220,F,RX,DX,F
14:47:08,TLKM,RG,3360,717,F,RX,AK,F
14:47:08,TLKM,RG,3360,243,F,RX,AK,F
14:47:08,TLKM,RG,3360,22,F,RX,ZP,F
14:46:58,TLKM,RG,3350,17,D,AZ,AK,F
14:46:57,TLKM,RG,3350,226,D,AZ,ZP,F
14:46:52,TLKM,RG,3360,196,F,AK,ZP,F
14:46:52,TLKM,RG,3360,4,F,AK,NI,D
14:46:52,TLKM,RG,3360,32,F,AK,BK,F
14:46:49,TLKM,RG,3360,66,F,CS,BK,F
14:46:49,TLKM,RG,3360,12,F,CS,CC,F
14:46:49,TLKM,RG,3360,20,F,CS,DX,F
14:46:49,TLKM,RG,3360,26,F,CS,DX,F
14:46:49,TLKM,RG,3360,21,F,CS,DX,F
14:46:49,TLKM,RG,3360,125,F,CS,DX,F
14:46:49,TLKM,RG,3360,445,F,CS,DX,F
14:46:49,TLKM,RG,3360,425,F,CS,DX,F
14:46:49,TLKM,RG,3360,399,F,CS,DX,F
14:46:49,TLKM,RG,3360,238,F,CS,DX,F
14:46:49,TLKM,RG,3360,341,F,CS,DX,F
14:46:49,TLKM,RG,3360,4,F,CS,ZP,F
14:46:49,TLKM,RG,3360,71,F,CS,ZP,F
14:46:49,TLKM,RG,3360,78,F,CS,ZP,F
14:46:49,TLKM,RG,3360,68,F,CS,ZP,F
14:46:49,TLKM,RG,3360,79,F,CS,ZP,F
14:46:49,TLKM,RG,3360,72,F,CS,ZP,F
14:46:49,TLKM,RG,3360,12,F,CS,ZP,F
14:46:49,TLKM,RG,3360,2458,F,CS,CG,F
14:46:49,TLKM,RG,3360,20,F,CS,CC,D
14:46:48,TLKM,RG,3350,512,D,AZ,CG,F
14:46:43,TLKM,RG,3350,38,D,AZ,BK,F
14:46:38,TLKM,RG,3350,964,D,AZ,AK,F
14:46:37,TLKM,RG,3360,5,D,PD,CC,D
14:46:37,TLKM,RG,3350,77,D,AZ,ZP,F
14:46:32,TLKM,RG,3350,76,D,AZ,CG,F
14:46:31,TLKM,RG,3350,323,D,AZ,CG,F
14:46:22,TLKM,RG,3350,312,D,AZ,DX,F
14:46:22,TLKM,RG,3350,2,D,SQ,DX,F
14:46:22,TLKM,RG,3350,18,D,HP,DX,F
14:46:22,TLKM,RG,3350,4,D,CC,DX,F
14:46:22,TLKM,RG,3350,4,D,NI,DX,F
14:46:14,TLKM,RG,3360,25,D,NI,CC,D
14:46:13,TLKM,RG,3350,1,D,NI,YP,D
14:46:13,TLKM,RG,3350,1,D,KK,YP,D
14:46:13,TLKM,RG,3350,2,D,LG,YP,D
14:46:13,TLKM,RG,3350,6,D,YP,YP,D
14:46:11,TLKM,RG,3360,3,D,CD,CC,D
14:46:11,TLKM,RG,3360,1,D,PD,CC,D
14:46:08,TLKM,RG,3350,19,D,YP,BK,F
14:46:08,TLKM,RG,3350,1,D,NI,BK,F
14:46:08,TLKM,RG,3350,2,D,CC,BK,F
14:46:08,TLKM,RG,3350,1,D,PD,BK,F
14:46:08,TLKM,RG,3350,10,D,XC,BK,F
14:46:08,TLKM,RG,3350,1,D,XC,BK,F
14:46:08,TLKM,RG,3350,3,D,XC,BK,F
14:46:03,TLKM,RG,3360,1,D,XC,CC,D
14:46:02,TLKM,RG,3360,45,F,AK,CC,D
14:46:00,TLKM,RG,3360,66,F,AK,AK,F
14:46:00,TLKM,RG,3360,23,F,AK,DX,F
14:45:59,TLKM,RG,3360,1,F,AK,CG,F
14:45:59,TLKM,RG,3360,5,D,YP,CG,F
14:45:59,TLKM,RG,3360,20,D,DH,CG,F
14:45:59,TLKM,RG,3360,8,D,PD,CG,F
14:45:59,TLKM,RG,3360,1,D,XC,CG,F
14:45:59,TLKM,RG,3360,125,F,BK,CG,F
14:45:59,TLKM,RG,3360,2,D,NI,CG,F
14:45:59,TLKM,RG,3360,7,F,AK,CG,F
14:45:59,TLKM,RG,3360,612,F,AK,CG,F
14:45:58,TLKM,RG,3360,1,F,AK,CC,D
14:45:58,TLKM,RG,3360,264,F,AK,CG,F
14:45:58,TLKM,RG,3360,64,F,YU,CG,F
14:45:58,TLKM,RG,3360,92,D,PD,CG,F
14:45:58,TLKM,RG,3360,36,F,BK,CG,F
14:45:58,TLKM,RG,3360,130,F,AK,CG,F
14:45:56,TLKM,RG,3360,1,F,AK,PD,D
14:45:45,TLKM,RG,3360,181,F,AK,AK,F
14:45:45,TLKM,RG,3360,4,F,ZP,AK,F
14:45:45,TLKM,RG,3360,50,D,CC,AK,F
14:45:45,TLKM,RG,3360,589,D,AI,AK,F
14:45:44,TLKM,RG,3360,361,D,AI,YP,D
14:45:44,TLKM,RG,3360,1,D,CC,YP,D
14:45:44,TLKM,RG,3360,7,F,AK,YP,D
14:45:44,TLKM,RG,3360,226,F,AK,YP,D
14:45:44,TLKM,RG,3360,77,F,AK,ZP,F
14:45:44,TLKM,RG,3360,338,F,AK,DX,F
14:45:40,TLKM,RG,3360,216,F,AK,CG,F
14:45:40,TLKM,RG,3360,25,D,YU,CG,F
14:45:40,TLKM,RG,3360,43,F,YU,CG,F
14:45:40,TLKM,RG,3360,266,D,AI,CG,F
14:45:36,TLKM,RG,3360,5,D,AI,XC,D
14:45:30,TLKM,RG,3360,36,D,AI,AK,F
14:45:28,TLKM,RG,3360,431,D,AI,ZP,F
14:45:28,TLKM,RG,3360,14,D,AI,XC,D
14:45:28,TLKM,RG,3360,248,D,AI,ZP,F
14:45:28,TLKM,RG,3360,36,D,YP,ZP,F
14:45:28,TLKM,RG,3360,3,F,ZP,ZP,F
14:45:28,TLKM,RG,3360,64,F,YU,ZP,F
14:45:27,TLKM,RG,3360,9,F,YU,YP,D
14:45:27,TLKM,RG,3360,27,F,BK,YP,D
14:45:27,TLKM,RG,3360,413,F,AK,YP,D
14:45:27,TLKM,RG,3360,49,F,YU,YP,D
14:45:27,TLKM,RG,3360,2,D,AI,YP,D
14:45:23,TLKM,RG,3360,580,D,AI,CG,F
14:45:23,TLKM,RG,3360,39,D,AI,BK,F
14:45:19,TLKM,RG,3360,1,D,AI,XC,D
14:45:09,TLKM,RG,3360,295,D,AI,DX,F
14:45:05,TLKM,RG,3360,83,D,AI,CG,F
14:45:05,TLKM,RG,3360,305,F,BK,CG,F
14:44:56,TLKM,RG,3360,1,F,BK,GR,D
14:44:55,TLKM,RG,3360,7,F,BK,DX,D
14:44:54,TLKM,RG,3370,3,D,EP,CG,F
14:44:54,TLKM,RG,3360,10,F,BK,YP,D
14:44:50,TLKM,RG,3360,410,F,BK,CG,F
14:44:50,TLKM,RG,3360,23,F,BK,DX,F
14:44:49,TLKM,RG,3360,1,F,BK,CC,D
14:44:48,TLKM,RG,3360,74,F,BK,ZP,F
14:44:48,TLKM,RG,3360,34,F,BK,BK,F
14:44:46,TLKM,RG,3360,1,F,BK,DX,F
14:44:35,TLKM,RG,3360,407,F,BK,CG,F
14:44:30,TLKM,RG,3360,6,F,BK,DX,D
14:44:29,TLKM,RG,3370,4,D,PD,CG,F
14:44:26,TLKM,RG,3360,2,F,BK,PD,D
14:44:25,TLKM,RG,3360,3,F,BK,DH,D
14:44:23,TLKM,RG,3360,2,F,BK,XC,D
14:44:20,TLKM,RG,3360,524,F,BK,CG,F
14:44:15,TLKM,RG,3360,906,F,BK,AK,F
14:44:15,TLKM,RG,3360,25,D,YP,AK,F
14:44:15,TLKM,RG,3360,5,F,ZP,AK,F
14:44:15,TLKM,RG,3360,65,F,YU,AK,F
14:44:15,TLKM,RG,3360,1,D,PD,AK,F
14:44:15,TLKM,RG,3360,3,D,CC,AK,F
14:44:15,TLKM,RG,3360,3,D,PD,AK,F
14:44:15,TLKM,RG,3360,2,D,PD,AK,F
14:44:15,TLKM,RG,3360,48,F,YU,AK,F
14:44:15,TLKM,RG,3360,2,D,PD,AK,F
14:44:15,TLKM,RG,3360,38,F,BK,AK,F
14:44:15,TLKM,RG,3360,2,D,EP,AK,F
14:44:15,TLKM,RG,3360,3,D,XC,AK,F
14:44:15,TLKM,RG,3360,28,F,AK,AK,F
14:44:15,TLKM,RG,3360,56,F,AK,AK,F
14:44:06,TLKM,RG,3360,40,F,AK,BK,F
14:44:00,TLKM,RG,3360,450,F,AK,CG,F
14:43:55,TLKM,RG,3360,5,F,AK,OD,D
14:43:55,TLKM,RG,3360,1,F,AK,CC,D
14:43:53,TLKM,RG,3360,368,F,AK,IP,D
14:43:53,TLKM,RG,3360,32,F,YU,IP,D
14:43:48,TLKM,RG,3360,4,F,YU,XC,D
14:43:47,TLKM,RG,3360,40,F,YU,ES,D
14:43:47,TLKM,RG,3360,23,D,YP,ES,D
14:43:47,TLKM,RG,3360,79,F,YU,ES,D
14:43:47,TLKM,RG,3360,59,D,DH,ES,D
14:43:47,TLKM,RG,3360,5,D,CP,ES,D
14:43:47,TLKM,RG,3360,6,D,PD,ES,D
14:43:47,TLKM,RG,3360,3,D,PD,ES,D
14:43:47,TLKM,RG,3360,36,F,YU,ES,D
14:43:47,TLKM,RG,3360,249,F,BK,ES,D
14:43:46,TLKM,RG,3360,3,F,BK,PD,D
14:43:43,TLKM,RG,3360,100,F,BK,YP,D
14:43:40,TLKM,RG,3360,450,F,BK,CG,F
14:43:37,TLKM,RG,3360,35,F,BK,DR,D
14:43:35,TLKM,RG,3360,20,F,BK,EP,D
14:43:31,TLKM,RG,3360,5,F,BK,PD,D
14:43:29,TLKM,RG,3360,25,F,BK,YP,D
14:43:26,TLKM,RG,3360,73,F,BK,ZP,F
14:43:25,TLKM,RG,3360,36,F,BK,BK,F
14:43:20,TLKM,RG,3360,449,F,BK,CG,F
14:43:13,TLKM,RG,3360,126,F,BK,YP,D
14:43:13,TLKM,RG,3360,3,D,XC,YP,D
14:43:13,TLKM,RG,3360,21,F,YU,YP,D
14:43:11,TLKM,RG,3360,1,F,YU,CC,D
14:43:00,TLKM,RG,3360,21,F,YU,YP,D
14:43:00,TLKM,RG,3360,1,D,XC,YP,D
14:43:00,TLKM,RG,3360,100,D,SH,YP,D
14:43:00,TLKM,RG,3360,15,D,YP,YP,D
14:43:00,TLKM,RG,3360,1,D,XC,YP,D
14:43:00,TLKM,RG,3360,52,F,YU,YP,D
14:43:00,TLKM,RG,3360,20,D,YP,YP,D
14:43:00,TLKM,RG,3360,15,D,YP,YP,D
14:43:00,TLKM,RG,3360,5,D,YP,NI,D
14:43:00,TLKM,RG,3360,15,D,XC,NI,D
14:43:00,TLKM,RG,3360,10,F,YU,NI,D
14:43:00,TLKM,RG,3360,250,F,YU,CG,F
14:43:00,TLKM,RG,3360,50,F,YU,CG,F
14:43:00,TLKM,RG,3360,10,D,XC,CG,F
14:43:00,TLKM,RG,3360,38,F,BK,CG,F
14:43:00,TLKM,RG,3360,18,F,AK,CG,F
14:43:00,TLKM,RG,3360,15,F,AK,CG,F
14:42:59,TLKM,RG,3370,13,D,YU,CG,F
14:42:59,TLKM,RG,3370,3,D,YU,CG,F
14:42:50,TLKM,RG,3360,7,F,AK,DX,D
14:42:50,TLKM,RG,3360,980,F,AK,AK,F
14:42:49,TLKM,RG,3360,10,F,AK,ZP,D
14:42:45,TLKM,RG,3360,9,F,AK,BK,F
14:42:45,TLKM,RG,3360,1,D,DX,BK,F
14:42:45,TLKM,RG,3360,8,D,NI,BK,F
14:42:45,TLKM,RG,3360,15,D,YU,BK,F
14:42:45,TLKM,RG,3360,2,D,YP,BK,F
14:42:43,TLKM,RG,3370,2,D,DH,CG,F
14:42:41,TLKM,RG,3370,16,D,YU,CG,F
14:42:41,TLKM,RG,3370,2,D,YP,CG,F
14:42:40,TLKM,RG,3360,20,D,YP,CG,F
14:42:40,TLKM,RG,3360,12,F,ZP,CG,F
14:42:40,TLKM,RG,3360,50,D,YP,CG,F
14:42:40,TLKM,RG,3360,37,F,BK,CG,F
14:42:40,TLKM,RG,3360,32,D,YP,CG,F
14:42:40,TLKM,RG,3360,179,F,AK,CG,F
14:42:32,TLKM,RG,3370,1,D,XC,CG,F
14:42:26,TLKM,RG,3360,15,F,AK,PD,D
14:42:24,TLKM,RG,3370,16,D,YU,CG,F
14:42:22,TLKM,RG,3360,347,F,AK,CG,F
14:42:21,TLKM,RG,3360,18,F,AK,PD,D
14:42:13,TLKM,RG,3370,3,D,YU,CG,F
14:42:13,TLKM,RG,3370,12,D,YU,CG,F
14:42:05,TLKM,RG,3360,367,F,AK,CG,F
14:42:04,TLKM,RG,3360,3,F,AK,CC,D
14:42:00,TLKM,RG,3360,1,F,AK,NI,D
14:41:48,TLKM,RG,3360,32,F,AK,YP,D
14:41:45,TLKM,RG,3360,329,F,AK,CG,F
14:41:39,TLKM,RG,3360,1,F,AK,CC,D
14:41:30,TLKM,RG,3360,181,F,AK,YU,F
14:41:27,TLKM,RG,3360,294,F,AK,CG,F
14:41:26,TLKM,RG,3360,2,F,AK,NI,D
14:41:26,TLKM,RG,3360,100,F,AK,EP,D
14:41:20,TLKM,RG,3360,4,F,AK,PD,D
14:41:19,TLKM,RG,3360,75,F,AK,AK,F
14:41:19,TLKM,RG,3360,6,D,YU,AK,F
14:41:19,TLKM,RG,3360,5,D,XC,AK,F
14:41:19,TLKM,RG,3360,35,D,YU,AK,F
14:41:19,TLKM,RG,3360,2,D,CC,AK,F
14:41:19,TLKM,RG,3360,200,D,RX,AK,F
14:41:19,TLKM,RG,3360,25,D,YU,AK,F
14:41:19,TLKM,RG,3360,10,D,EP,AK,F
14:41:19,TLKM,RG,3360,3,D,XC,AK,F
14:41:19,TLKM,RG,3360,5,D,CC,AK,F
14:41:19,TLKM,RG,3360,3,D,XC,AK,F
14:41:19,TLKM,RG,3360,20,D,SQ,AK,F
14:41:19,TLKM,RG,3360,1,D,CC,AK,F
14:41:19,TLKM,RG,3360,38,F,BK,AK,F
14:41:19,TLKM,RG,3360,624,F,BK,AK,F
14:41:18,TLKM,RG,3370,6,D,YU,CG,F
14:41:14,TLKM,RG,3360,15,F,BK,CC,D
14:41:12,TLKM,RG,3370,34,F,BK,CG,F
14:41:08,TLKM,RG,3370,6,D,YU,CG,F
14:41:08,TLKM,RG,3360,303,F,BK,CG,F
14:41:04,TLKM,RG,3360,7,F,BK,DX,D
14:41:00,TLKM,RG,3360,92,F,BK,YU,F
14:40:58,TLKM,RG,3370,7,D,YU,CG,F
14:40:52,TLKM,RG,3360,345,F,BK,CG,F
14:40:51,TLKM,RG,3360,2,F,BK,KK,D
14:40:50,TLKM,RG,3360,5,F,BK,DR,D
14:40:45,TLKM,RG,3370,7,D,YU,CG,F
14:40:40,TLKM,RG,3360,2,F,BK,XC,D
14:40:35,TLKM,RG,3360,314,F,BK,CG,F
14:40:33,TLKM,RG,3370,6,D,YU,CG,F
14:40:28,TLKM,RG,3370,3,D,XC,CG,F
14:40:24,TLKM,RG,3370,6,D,YU,CG,F
14:40:17,TLKM,RG,3360,204,F,BK,CG,F
14:40:17,TLKM,RG,3360,160,F,ZP,CG,F
14:40:14,TLKM,RG,3360,1,F,ZP,XC,D
14:40:13,TLKM,RG,3370,6,D,YU,CG,F
14:40:11,TLKM,RG,3360,1,F,ZP,CC,D
14:40:03,TLKM,RG,3370,6,D,YU,CG,F
14:40:01,TLKM,RG,3370,15,D,DP,CG,F
14:40:00,TLKM,RG,3360,71,F,ZP,YU,F
14:39:57,TLKM,RG,3360,298,F,ZP,CG,F
14:39:56,TLKM,RG,3360,40,F,ZP,PD,D
14:39:53,TLKM,RG,3370,6,D,YU,CG,F
14:39:39,TLKM,RG,3360,46,F,ZP,AK,F
14:39:39,TLKM,RG,3360,1,D,XC,AK,F
14:39:39,TLKM,RG,3360,2,D,DR,AK,F
14:39:39,TLKM,RG,3360,250,D,YP,AK,F
14:39:39,TLKM,RG,3360,10,D,DR,AK,F
14:39:39,TLKM,RG,3360,25,D,SQ,AK,F
14:39:39,TLKM,RG,3360,25,D,DR,AK,F
14:39:39,TLKM,RG,3360,5,F,YU,AK,F
14:39:39,TLKM,RG,3360,3,D,YU,AK,F
14:39:39,TLKM,RG,3360,1,D,PD,AK,F
14:39:39,TLKM,RG,3360,1,D,PD,AK,F
14:39:39,TLKM,RG,3360,4,F,YU,AK,F
14:39:39,TLKM,RG,3360,2,D,PD,AK,F
14:39:39,TLKM,RG,3360,6,D,YP,AK,F
14:39:39,TLKM,RG,3360,11,D,CC,AK,F
14:39:39,TLKM,RG,3360,6,F,YU,AK,F
14:39:39,TLKM,RG,3360,1,D,NI,AK,F
14:39:39,TLKM,RG,3360,450,D,IT,AK,F
14:39:39,TLKM,RG,3360,50,D,IT,CG,F
14:39:39,TLKM,RG,3360,2,F,YU,CG,F
14:39:39,TLKM,RG,3360,18,F,ZP,CG,F
14:39:39,TLKM,RG,3360,1,D,DX,CG,F
14:39:39,TLKM,RG,3360,1,D,PD,CG,F
14:39:39,TLKM,RG,3360,4,D,DR,CG,F
14:39:39,TLKM,RG,3360,2,F,YU,CG,F
14:39:39,TLKM,RG,3360,7,F,AK,CG,F
14:39:39,TLKM,RG,3360,119,F,AK,CG,F
14:39:38,TLKM,RG,3370,6,D,YU,CG,F
14:39:31,TLKM,RG,3370,92,D,YU,CG,F
14:39:29,TLKM,RG,3370,7,D,YU,CG,F
14:39:28,TLKM,RG,3360,1,F,AK,YP,D
14:39:21,TLKM,RG,3360,7,F,AK,DX,D
14:39:20,TLKM,RG,3360,226,F,AK,CG,F
14:39:17,TLKM,RG,3370,6,D,YU,CG,F
14:39:08,TLKM,RG,3370,7,D,YU,CG,F
14:39:00,TLKM,RG,3370,101,D,YU,CG,F
14:39:00,TLKM,RG,3370,3,D,YU,CC,D
14:39:00,TLKM,RG,3370,2,D,YP,CC,D
14:39:00,TLKM,RG,3360,236,F,AK,CG,F
14:38:57,TLKM,RG,3370,25,D,PD,CC,D
14:38:57,TLKM,RG,3370,1,D,PD,TF,D
14:38:57,TLKM,RG,3370,257,D,PD,DX,F
14:38:57,TLKM,RG,3370,41,D,PD,DX,F
14:38:57,TLKM,RG,3370,27,D,PD,DX,F
14:38:57,TLKM,RG,3370,71,D,PD,KK,D
14:38:57,TLKM,RG,3370,10,D,PD,DX,D
14:38:57,TLKM,RG,3370,96,D,PD,ZP,F
14:38:57,TLKM,RG,3370,2,D,PD,XC,D
14:38:57,TLKM,RG,3370,257,D,PD,DX,F
14:38:57,TLKM,RG,3370,39,D,PD,BK,F
14:38:57,TLKM,RG,3370,1,D,PD,XC,D
14:38:57,TLKM,RG,3370,10,D,PD,YB,D
14:38:57,TLKM,RG,3370,5,D,PD,PD,D
14:38:57,TLKM,RG,3370,158,D,PD,DX,F
14:38:55,TLKM,RG,3370,7,D,YU,DX,F
14:38:44,TLKM,RG,3370,6,D,YU,DX,F
14:38:44,TLKM,RG,3360,265,F,AK,CG,F
14:38:42,TLKM,RG,3370,43,D,DP,DX,F
14:38:37,TLKM,RG,3360,1,F,AK,CC,D
14:38:33,TLKM,RG,3370,6,D,YU,DX,F
14:38:25,TLKM,RG,3360,230,F,AK,CG,F
14:38:23,TLKM,RG,3370,7,D,YU,DX,F
14:38:11,TLKM,RG,3360,25,F,AK,YP,D
14:38:11,TLKM,RG,3360,349,F,AK,AK,F
14:38:11,TLKM,RG,3360,6,D,PD,AK,F
14:38:11,TLKM,RG,3360,37,F,BK,AK,F
14:38:11,TLKM,RG,3360,1,F,YU,AK,F
14:38:11,TLKM,RG,3360,1,D,EP,AK,F
14:38:11,TLKM,RG,3360,36,F,YU,AK,F
14:38:11,TLKM,RG,3360,317,F,AK,AK,F
14:38:11,TLKM,RG,3370,30,F,AK,DX,F
14:38:11,TLKM,RG,3370,150,F,AK,DX,F
14:38:11,TLKM,RG,3370,1,F,AK,SQ,D
14:38:11,TLKM,RG,3370,2,F,AK,PD,D
14:38:11,TLKM,RG,3370,42,F,AK,BK,F
14:38:11,TLKM,RG,3370,5,F,AK,XC,D
14:38:11,TLKM,RG,3370,275,F,AK,DX,F
14:38:11,TLKM,RG,3370,1,F,AK,YP,D
14:38:11,TLKM,RG,3370,1,F,AK,PD,D
14:38:11,TLKM,RG,3370,74,F,AK,ZP,F
14:38:11,TLKM,RG,3370,20,F,AK,SC,D
14:38:11,TLKM,RG,3370,43,F,AK,BK,F
14:38:11,TLKM,RG,3370,160,F,AK,DX,F
14:38:11,TLKM,RG,3370,374,F,AK,DX,F
14:38:11,TLKM,RG,3370,23,F,AK,DX,F
14:38:11,TLKM,RG,3370,154,F,AK,AK,F
14:38:11,TLKM,RG,3370,38,F,AK,BK,F
14:38:11,TLKM,RG,3370,2000,F,AK,FZ,D
14:38:11,TLKM,RG,3370,274,F,AK,DX,F
14:38:11,TLKM,RG,3370,5,F,AK,PD,D
14:38:11,TLKM,RG,3370,40,F,AK,BK,F
14:38:11,TLKM,RG,3370,61,F,AK,ZP,F
14:38:11,TLKM,RG,3370,3,F,AK,ZP,F
14:38:11,TLKM,RG,3370,354,F,AK,DX,F
14:38:11,TLKM,RG,3370,30,F,AK,XC,D
14:38:11,TLKM,RG,3370,38,F,AK,BK,F
14:38:11,TLKM,RG,3370,26,F,AK,PD,D
14:38:11,TLKM,RG,3370,217,F,AK,DX,F
14:38:11,TLKM,RG,3370,6,D,YU,DX,F
14:38:09,TLKM,RG,3360,193,F,AK,CG,F
14:38:00,TLKM,RG,3360,75,F,AK,YU,F
14:37:56,TLKM,RG,3360,5,F,AK,PD,D
14:37:55,TLKM,RG,3360,255,F,AK,CG,F
14:37:51,TLKM,RG,3360,4,F,AK,DX,F
14:37:51,TLKM,RG,3360,68,F,AK,DX,F
14:37:51,TLKM,RG,3360,98,D,YP,DX,F
14:37:49,TLKM,RG,3360,15,D,YP,CC,D
14:37:41,TLKM,RG,3370,15,D,YP,DX,F
14:37:40,TLKM,RG,3360,37,D,YP,KK,D
14:37:40,TLKM,RG,3360,8,D,CC,KK,D
14:37:39,TLKM,RG,3360,92,D,CC,CG,F
14:37:39,TLKM,RG,3360,1,D,DX,CG,F
14:37:39,TLKM,RG,3360,7,D,YU,CG,F
14:37:39,TLKM,RG,3360,75,D,PD,CG,F
14:37:39,TLKM,RG,3360,1,D,XC,CG,F
14:37:39,TLKM,RG,3360,130,D,CC,CG,F
14:37:33,TLKM,RG,3360,38,D,CC,BK,F
14:37:28,TLKM,RG,3370,37,F,AK,DX,F
14:37:27,TLKM,RG,3360,4,D,CC,KK,D
14:37:20,TLKM,RG,3360,243,D,CC,CG,F
14:37:09,TLKM,RG,3360,1,D,CC,CC,D
14:37:05,TLKM,RG,3360,84,D,CC,CG,F
14:37:05,TLKM,RG,3360,34,D,YU,CG,F
14:37:05,TLKM,RG,3360,1,D,PD,CG,F
14:37:05,TLKM,RG,3360,1,D,XC,CG,F
14:37:05,TLKM,RG,3360,39,F,BK,CG,F
14:37:05,TLKM,RG,3360,3,D,YP,CG,F
14:37:05,TLKM,RG,3360,4,D,CC,CG,F
14:37:05,TLKM,RG,3360,1,D,XC,CG,F
14:37:05,TLKM,RG,3360,50,D,YP,CG,F
14:37:05,TLKM,RG,3360,1,D,PD,CG,F
14:37:05,TLKM,RG,3360,3,D,XC,CG,F
14:37:05,TLKM,RG,3360,50,D,CC,CG,F
14:37:05,TLKM,RG,3360,1,D,KK,CG,F
14:37:05,TLKM,RG,3360,5,D,PD,CG,F
14:37:05,TLKM,RG,3360,1,D,YP,CG,F
14:37:05,TLKM,RG,3360,2,D,XC,CG,F
14:37:05,TLKM,RG,3360,1,D,PD,CG,F
14:37:05,TLKM,RG,3360,2,D,PD,CG,F
14:37:05,TLKM,RG,3360,1,D,PD,CG,F
14:37:05,TLKM,RG,3360,2,D,CC,CG,F
14:37:05,TLKM,RG,3360,4,F,YU,CG,F
14:36:59,TLKM,RG,3360,166,F,YU,DX,F
14:36:52,TLKM,RG,3360,34,F,YU,BK,F
14:36:52,TLKM,RG,3370,6,D,YU,DX,F
14:36:46,TLKM,RG,3370,1,D,SQ,DX,F
14:36:45,TLKM,RG,3360,193,F,YU,CG,F
14:36:43,TLKM,RG,3370,6,D,YU,DX,F
14:36:33,TLKM,RG,3370,6,D,YU,DX,F
14:36:32,TLKM,RG,3370,8,D,YP,DX,F
14:36:32,TLKM,RG,3370,2,D,YP,NI,D
14:36:30,TLKM,RG,3360,308,F,YU,CG,F
14:36:30,TLKM,RG,3370,3,D,DX,DX,F
14:36:29,TLKM,RG,3370,10,D,LS,DX,F
14:36:23,TLKM,RG,3370,6,D,YU,DX,F
14:36:22,TLKM,RG,3370,5,D,YP,DX,F
14:36:12,TLKM,RG,3370,6,D,YU,BK,F
14:36:12,TLKM,RG,3370,1,D,YP,BK,F
14:36:08,TLKM,RG,3360,187,F,YU,CG,F
14:36:08,TLKM,RG,3360,10,D,XC,CG,F
14:36:08,TLKM,RG,3360,1,D,OD,CG,F
14:36:08,TLKM,RG,3360,2,D,XC,CG,F
14:36:08,TLKM,RG,3360,25,D,YU,CG,F
14:36:08,TLKM,RG,3360,1,D,NI,CG,F
14:36:08,TLKM,RG,3360,66,D,YP,CG,F
14:36:02,TLKM,RG,3370,6,D,YU,BK,F
14:36:00,TLKM,RG,3360,34,D,YP,YU,F
14:36:00,TLKM,RG,3360,25,D,YU,YU,F
14:36:00,TLKM,RG,3360,3,F,ZP,YU,F
14:36:00,TLKM,RG,3360,1,D,YP,YU,F
14:36:00,TLKM,RG,3360,21,F,BK,YU,F
14:35:52,TLKM,RG,3370,6,D,YU,BK,F
14:35:51,TLKM,RG,3370,19,F,YU,BK,F
14:35:51,TLKM,RG,3370,36,F,YU,ZP,F
14:35:49,TLKM,RG,3360,82,F,BK,CG,F
14:35:49,TLKM,RG,3360,192,F,ZP,CG,F
14:35:41,TLKM,RG,3370,6,D,YU,ZP,F
14:35:37,TLKM,RG,3360,1,F,ZP,CC,D
14:35:33,TLKM,RG,3360,10,F,ZP,YU,D
14:35:32,TLKM,RG,3370,6,D,YU,ZP,F
14:35:32,TLKM,RG,3360,91,F,ZP,CG,F
14:35:32,TLKM,RG,3360,24,D,YP,CG,F
14:35:32,TLKM,RG,3360,3,D,XC,CG,F
14:35:32,TLKM,RG,3360,1,D,XC,CG,F
14:35:32,TLKM,RG,3360,1,D,PD,CG,F
14:35:32,TLKM,RG,3360,9,D,XC,CG,F
14:35:32,TLKM,RG,3360,30,D,EP,CG,F
14:35:32,TLKM,RG,3360,38,F,BK,CG,F
14:35:32,TLKM,RG,3360,1,D,PD,CG,F
14:35:32,TLKM,RG,3360,1,D,XC,CG,F
14:35:32,TLKM,RG,3360,2,D,YP,CG,F
14:35:32,TLKM,RG,3360,87,D,YU,CG,F
14:35:32,TLKM,RG,3360,23,D,YU,DX,F
14:35:27,TLKM,RG,3370,10,D,CC,ZP,F
14:35:24,TLKM,RG,3360,7,D,YU,KK,D
14:35:23,TLKM,RG,3370,6,D,YU,ZP,F
14:35:22,TLKM,RG,3360,41,D,YU,BK,F
14:35:15,TLKM,RG,3360,652,D,YU,AK,F
14:35:14,TLKM,RG,3360,190,D,YU,CG,F
14:35:14,TLKM,RG,3360,1,D,XC,CG,F
14:35:14,TLKM,RG,3360,109,D,YJ,CG,F
14:35:13,TLKM,RG,3370,42,F,YU,ZP,F
14:35:13,TLKM,RG,3370,13,F,YU,DX,F
14:35:12,TLKM,RG,3370,6,D,YU,DX,F
14:35:11,TLKM,RG,3360,2,D,YJ,DX,F
14:35:10,TLKM,RG,3370,238,F,ZP,DX,F
14:35:09,TLKM,RG,3360,1,D,YJ,CC,D
14:35:08,TLKM,RG,3360,1,D,YJ,XC,D
14:35:07,TLKM,RG,3360,3,D,YJ,KK,D
14:35:05,TLKM,RG,3370,1,D,CC,DX,F
14:35:02,TLKM,RG,3370,6,D,YU,DX,F
14:35:01,TLKM,RG,3370,31,F,BK,DX,F
14:35:01,TLKM,RG,3370,5,F,BK,XC,D
14:34:59,TLKM,RG,3360,2,D,YJ,XC,D
14:34:57,TLKM,RG,3370,2,D,YU,XC,D
14:34:57,TLKM,RG,3370,4,D,YU,NI,D
14:34:57,TLKM,RG,3370,2,D,YU,PD,D
14:34:57,TLKM,RG,3370,1,D,YU,NI,D
14:34:55,TLKM,RG,3360,277,D,YJ,CG,F
14:34:42,TLKM,RG,3360,5,D,YJ,BK,F
14:34:42,TLKM,RG,3360,1,D,PD,BK,F
14:34:42,TLKM,RG,3360,1,D,XC,BK,F
14:34:42,TLKM,RG,3360,1,D,PD,BK,F
14:34:42,TLKM,RG,3360,26,D,CC,BK,F
14:34:42,TLKM,RG,3370,1,D,PD,NI,D
14:34:39,TLKM,RG,3360,4,D,CC,DX,F
14:34:39,TLKM,RG,3360,1,D,PD,DX,F
14:34:39,TLKM,RG,3360,3,D,CC,DX,F
14:34:39,TLKM,RG,3360,28,D,HP,DX,F
14:34:39,TLKM,RG,3360,3,D,XC,DX,F
14:34:39,TLKM,RG,3360,1,D,YP,DX,F
14:34:39,TLKM,RG,3360,3,D,CC,DX,F
14:34:39,TLKM,RG,3360,115,D,EP,DX,F
14:34:37,TLKM,RG,3360,263,D,EP,CG,F
14:34:36,TLKM,RG,3370,6,D,YU,NI,D
14:34:28,TLKM,RG,3370,2,D,YU,NI,D
14:34:28,TLKM,RG,3370,1,D,YU,XC,D
14:34:28,TLKM,RG,3370,3,D,YU,DX,F
14:34:22,TLKM,RG,3360,1,D,EP,CC,D
14:34:20,TLKM,RG,3360,121,D,EP,CG,F
14:34:20,TLKM,RG,3360,1,D,YP,CG,F
14:34:20,TLKM,RG,3360,1,D,YP,CG,F
14:34:20,TLKM,RG,3360,50,D,NI,CG,F
14:34:20,TLKM,RG,3360,136,D,RX,CG,F
14:34:17,TLKM,RG,3370,6,D,YU,DX,F
14:34:16,TLKM,RG,3360,173,D,RX,DX,F
14:34:09,TLKM,RG,3370,7,D,YU,DX,F
14:34:09,TLKM,RG,3360,1,D,RX,CC,D
14:34:02,TLKM,RG,3360,40,D,RX,ZP,F
14:34:02,TLKM,RG,3360,33,D,YU,ZP,F
14:34:00,TLKM,RG,3360,18,D,YU,CG,F
14:34:00,TLKM,RG,3360,5,D,YP,CG,F
14:34:00,TLKM,RG,3360,10,D,SQ,CG,F
14:34:00,TLKM,RG,3360,10,D,PD,CG,F
14:34:00,TLKM,RG,3360,1,D,PD,CG,F
14:34:00,TLKM,RG,3360,10,D,EP,CG,F
14:34:00,TLKM,RG,3360,18,D,DP,CG,F
14:34:00,TLKM,RG,3360,94,D,DP,YU,F
14:33:55,TLKM,RG,3370,6,D,YU,DX,F
14:33:55,TLKM,RG,3360,1,D,DP,XC,D
14:33:52,TLKM,RG,3360,39,D,DP,BK,F
14:33:48,TLKM,RG,3360,1,D,DP,XC,D
14:33:48,TLKM,RG,3360,1,D,DP,YP,D
14:33:46,TLKM,RG,3360,169,D,DP,DX,F
14:33:46,TLKM,RG,3360,1,D,YP,DX,F
14:33:46,TLKM,RG,3360,2,F,YU,DX,F
14:33:45,TLKM,RG,3370,7,D,YU,DX,F
14:33:41,TLKM,RG,3360,1,F,YU,XC,D
14:33:34,TLKM,RG,3370,6,D,YU,DX,F
14:33:33,TLKM,RG,3360,1,F,YU,XC,D
14:33:27,TLKM,RG,3360,1,D,LG,XC,D
14:33:27,TLKM,RG,3360,19,D,LG,PD,D
14:33:27,TLKM,RG,3360,1,D,CC,PD,D
14:33:23,TLKM,RG,3370,6,D,YU,DX,F
14:33:23,TLKM,RG,3360,23,D,CC,DX,F
14:33:22,TLKM,RG,3370,40,F,BK,DX,F
14:33:21,TLKM,RG,3370,55,F,YU,DX,F
14:33:19,TLKM,RG,3370,84,D,DP,DX,F
14:33:16,TLKM,RG,3360,155,D,CC,DX,F
14:33:13,TLKM,RG,3370,6,D,YU,DX,F
14:33:05,TLKM,RG,3370,7,D,YU,DX,F
14:33:05,TLKM,RG,3360,38,D,CC,BK,F
14:32:53,TLKM,RG,3370,7,D,YU,DX,F
14:32:52,TLKM,RG,3360,79,D,CC,DX,F
14:32:52,TLKM,RG,3360,88,D,AG,DX,F
14:32:39,TLKM,RG,3370,6,D,YU,DX,F
14:32:38,TLKM,RG,3360,1,D,AG,CC,D
14:32:32,TLKM,RG,3370,7,D,YU,DX,F
14:32:32,TLKM,RG,3370,5,D,YP,DX,F
14:32:32,TLKM,RG,3360,1,D,AG,KK,D
14:32:24,TLKM,RG,3360,10,D,AG,BK,F
14:32:24,TLKM,RG,3360,1,D,XC,BK,F
14:32:24,TLKM,RG,3360,3,D,YP,BK,F
14:32:24,TLKM,RG,3360,5,D,AZ,BK,F
14:32:24,TLKM,RG,3360,2,D,CC,BK,F
14:32:24,TLKM,RG,3360,1,D,NI,BK,F
14:32:24,TLKM,RG,3360,15,D,IF,BK,F
14:32:23,TLKM,RG,3360,1,D,XC,DX,F
14:32:23,TLKM,RG,3360,5,D,IP,DX,F
14:32:23,TLKM,RG,3360,17,D,NI,DX,F
14:32:23,TLKM,RG,3360,12,D,PD,DX,F
14:32:23,TLKM,RG,3360,25,D,PD,DX,F
14:32:23,TLKM,RG,3360,22,D,YP,DX,F
14:32:23,TLKM,RG,3360,15,D,YP,DX,F
14:32:23,TLKM,RG,3360,1,D,DR,DX,F
14:32:23,TLKM,RG,3360,1,D,PD,DX,F
14:32:23,TLKM,RG,3360,65,D,GR,DX,F
14:32:22,TLKM,RG,3370,4,D,YP,DX,F
14:32:21,TLKM,RG,3360,190,D,GR,AK,F
14:32:20,TLKM,RG,3360,1,D,GR,PD,D
14:32:18,TLKM,RG,3370,6,D,YU,DX,F
14:32:09,TLKM,RG,3360,3,D,GR,EP,D
14:32:08,TLKM,RG,3370,6,D,YU,DX,F
14:32:00,TLKM,RG,3360,41,D,GR,YU,F
14:32:00,TLKM,RG,3360,1,D,XC,YU,F
14:32:00,TLKM,RG,3360,5,D,CC,YU,F
14:32:00,TLKM,RG,3360,35,D,YB,YU,F
14:31:59,TLKM,RG,3370,6,D,YU,DX,F
14:31:54,TLKM,RG,3360,65,D,YB,DX,F
14:31:54,TLKM,RG,3360,1,D,XC,DX,F
14:31:54,TLKM,RG,3360,3,F,ZP,DX,F
14:31:54,TLKM,RG,3360,10,D,YP,DX,F
14:31:54,TLKM,RG,3360,1,D,XC,DX,F
14:31:54,TLKM,RG,3360,2,D,XC,DX,F
14:31:54,TLKM,RG,3360,1,D,CC,DX,F
14:31:54,TLKM,RG,3360,20,D,LG,DX,F
14:31:54,TLKM,RG,3360,49,D,YU,DX,F
14:31:48,TLKM,RG,3370,7,D,YU,DX,F
14:31:48,TLKM,RG,3360,140,D,YU,YP,D
14:31:41,TLKM,RG,3360,35,D,YU,BK,F
14:31:36,TLKM,RG,3370,6,D,YU,DX,F
14:31:36,TLKM,RG,3360,23,D,YU,DX,F
14:31:28,TLKM,RG,3360,154,D,YU,DX,F
14:31:26,TLKM,RG,3370,3,D,YP,DX,F
14:31:26,TLKM,RG,3370,7,D,YU,DX,F
14:31:14,TLKM,RG,3370,6,D,YU,DX,F
14:31:13,TLKM,RG,3360,50,D,YU,KK,D
14:31:10,TLKM,RG,3360,1,D,YU,CC,D
14:31:06,TLKM,RG,3370,1,D,KK,DX,F
14:31:06,TLKM,RG,3370,7,D,YU,DX,F
14:31:06,TLKM,RG,3370,1,D,KK,DX,F
14:30:59,TLKM,RG,3360,48,D,YU,DX,F
14:30:59,TLKM,RG,3360,1,D,PD,DX,F
14:30:59,TLKM,RG,3360,50,D,AI,DX,F
14:30:59,TLKM,RG,3360,1,D,XC,DX,F
14:30:59,TLKM,RG,3360,1,D,PD,DX,F
14:30:59,TLKM,RG,3360,10,D,AZ,DX,F
14:30:59,TLKM,RG,3360,1,D,PD,DX,F
14:30:59,TLKM,RG,3360,28,F,BK,DX,F
14:30:59,TLKM,RG,3360,7,F,AK,DX,F
14:30:59,TLKM,RG,3360,16,F,AK,DX,F
14:30:57,TLKM,RG,3370,1,D,PD,DX,F
14:30:55,TLKM,RG,3370,1,D,NI,DX,F
14:30:54,TLKM,RG,3360,35,F,AK,BK,F
14:30:52,TLKM,RG,3370,7,D,YU,DX,F
14:30:44,TLKM,RG,3370,25,D,IF,DX,F
14:30:43,TLKM,RG,3370,7,D,YU,DX,F
14:30:43,TLKM,RG,3370,36,F,BK,DX,F
14:30:29,TLKM,RG,3370,6,D,YU,DX,F
14:30:19,TLKM,RG,3370,6,D,YU,DX,F
14:30:13,TLKM,RG,3370,54,F,YU,DX,F
14:30:13,TLKM,RG,3360,36,F,AK,BK,F
14:30:09,TLKM,RG,3370,6,D,YU,DX,F
14:30:00,TLKM,RG,3370,1,D,KK,DX,F
14:30:00,TLKM,RG,3360,82,F,AK,YU,F
14:29:58,TLKM,RG,3370,6,D,YU,DX,F
14:29:57,TLKM,RG,3370,150,F,ZP,DX,F
14:29:57,TLKM,RG,3370,2,F,ZP,XC,D
14:29:57,TLKM,RG,3370,92,F,ZP,AK,F
14:29:43,TLKM,RG,3370,7,D,YU,AK,F
14:29:42,TLKM,RG,3360,6,F,AK,PD,D
14:29:42,TLKM,RG,3360,177,F,AK,DX,F
14:29:37,TLKM,RG,3360,1,F,AK,CC,D
14:29:32,TLKM,RG,3370,1,D,PD,AK,F
14:29:26,TLKM,RG,3360,34,F,AK,BK,F
14:29:25,TLKM,RG,3360,11,F,AK,YP,D
14:29:25,TLKM,RG,3370,7,D,YU,AK,F
14:29:13,TLKM,RG,3360,156,F,AK,DX,F
14:29:10,TLKM,RG,3370,92,D,YU,AK,F
14:29:09,TLKM,RG,3360,200,F,AK,PD,D
14:29:08,TLKM,RG,3370,6,D,YU,AK,F
14:28:55,TLKM,RG,3370,5,D,DP,AK,F
14:28:54,TLKM,RG,3370,27,D,DP,AK,F
14:28:54,TLKM,RG,3370,325,D,DP,ZP,F
14:28:54,TLKM,RG,3360,20,F,AK,TF,D
14:28:52,TLKM,RG,3370,6,D,YU,ZP,F
14:28:48,TLKM,RG,3360,116,F,AK,DX,F
14:28:48,TLKM,RG,3360,10,D,YP,DX,F
14:28:48,TLKM,RG,3360,1,D,YB,DX,F
14:28:48,TLKM,RG,3360,41,D,CC,DX,F
14:28:48,TLKM,RG,3360,30,D,CC,YP,D
14:28:48,TLKM,RG,3360,38,F,BK,YP,D
14:28:48,TLKM,RG,3360,5,F,YU,YP,D
14:28:48,TLKM,RG,3360,3,D,XC,YP,D
14:28:48,TLKM,RG,3360,24,F,AK,YP,D
14:28:43,TLKM,RG,3360,31,F,AK,SQ,D
14:28:41,TLKM,RG,3360,38,F,AK,BK,F
14:28:36,TLKM,RG,3370,6,D,YU,ZP,F
14:28:33,TLKM,RG,3370,1,D,XC,ZP,F
14:28:22,TLKM,RG,3360,158,F,AK,DX,F
14:28:21,TLKM,RG,3370,6,D,YU,ZP,F
14:28:14,TLKM,RG,3360,40,F,AK,HP,D
14:28:07,TLKM,RG,3360,1,F,AK,CC,D
14:28:05,TLKM,RG,3370,6,D,YU,ZP,F
14:28:00,TLKM,RG,3360,78,F,AK,YU,F
14:27:57,TLKM,RG,3360,151,F,AK,DX,F
14:27:51,TLKM,RG,3370,6,D,YU,ZP,F
14:27:45,TLKM,RG,3370,1099,F,AK,ZP,F
14:27:45,TLKM,RG,3370,821,F,AK,AK,F
14:27:44,TLKM,RG,3370,1,F,BK,AK,F
14:27:44,TLKM,RG,3370,33,F,BK,BK,F
14:27:33,TLKM,RG,3360,127,F,AK,DX,F
14:27:33,TLKM,RG,3370,4,D,YU,BK,F
14:27:33,TLKM,RG,3370,2,D,YU,DX,F
14:27:32,TLKM,RG,3360,100,F,AK,CP,D
14:27:30,TLKM,RG,3360,1,F,AK,XC,D
14:26:47,TLKM,RG,3360,3,F,AK,PD,D
14:26:35,TLKM,RG,3360,1,F,AK,CC,D
14:26:35,TLKM,RG,3370,1,D,XC,DX,F
14:26:15,TLKM,RG,3370,37,F,BK,DX,F
14:26:12,TLKM,RG,3360,5,F,AK,YP,D
14:26:00,TLKM,RG,3360,77,F,AK,YU,F
14:25:53,TLKM,RG,3360,2,F,AK,NI,D
14:25:52,TLKM,RG,3360,5,F,AK,YB,D
14:25:31,TLKM,RG,3360,1,F,AK,XC,D
14:25:18,TLKM,RG,3370,1,D,DH,DX,F
14:25:02,TLKM,RG,3360,1,F,AK,CC,D
14:24:46,TLKM,RG,3370,1,D,NI,DX,F
14:24:36,TLKM,RG,3360,1,F,AK,EP,D
14:24:34,TLKM,RG,3370,166,F,ZP,DX,F
14:24:17,TLKM,RG,3360,26,F,AK,XC,D
14:24:00,TLKM,RG,3360,94,F,AK,YU,F
14:23:46,TLKM,RG,3360,300,F,AK,CC,D
14:23:32,TLKM,RG,3360,1,F,AK,CC,D
14:23:15,TLKM,RG,3370,20,F,AK,DX,F
14:23:15,TLKM,RG,3370,4,F,AK,XC,D
14:23:03,TLKM,RG,3360,2,F,AK,XC,D
14:22:59,TLKM,RG,3360,10,D,XC,YP,D
14:22:59,TLKM,RG,3360,10,D,NI,YP,D
14:22:59,TLKM,RG,3360,18,F,YU,YP,D
14:22:59,TLKM,RG,3360,50,D,YP,YP,D
14:22:59,TLKM,RG,3360,1,D,CC,YP,D
14:22:59,TLKM,RG,3360,2,D,CC,YP,D
14:22:59,TLKM,RG,3360,25,D,YU,YP,D
14:22:59,TLKM,RG,3360,17,D,CC,YP,D
14:22:59,TLKM,RG,3360,2,D,XC,YP,D
14:22:59,TLKM,RG,3360,30,D,EP,YP,D
14:22:59,TLKM,RG,3360,41,F,BK,YP,D
14:22:59,TLKM,RG,3360,1,D,XC,YP,D
14:22:59,TLKM,RG,3360,18,D,YU,YP,D
14:22:53,TLKM,RG,3370,32,F,BK,XC,D
14:22:53,TLKM,RG,3370,1,F,BK,XC,D
14:22:53,TLKM,RG,3370,1,F,BK,XC,D
14:22:53,TLKM,RG,3370,5,F,BK,BK,F
14:22:29,TLKM,RG,3370,33,D,YU,BK,F
14:22:29,TLKM,RG,3370,67,D,YU,KK,D
14:22:17,TLKM,RG,3370,20,D,AZ,KK,D
14:22:06,TLKM,RG,3360,1,D,YU,CC,D
14:22:02,TLKM,RG,3360,1,D,YU,CC,D
14:21:47,TLKM,RG,3370,1,D,YP,KK,D
14:21:38,TLKM,RG,3370,1,D,XC,KK,D
14:21:24,TLKM,RG,3370,40,D,GR,KK,D
14:21:20,TLKM,RG,3370,2,D,NI,KK,D
14:21:18,TLKM,RG,3370,39,F,BK,KK,D
14:20:38,TLKM,RG,3370,10,D,YP,KK,D
14:20:33,TLKM,RG,3370,2,D,XC,KK,D
14:20:32,TLKM,RG,3360,1,D,YU,CC,D
14:20:19,TLKM,RG,3370,1,D,NI,KK,D
14:20:18,TLKM,RG,3370,1,D,XC,KK,D
14:20:11,TLKM,RG,3360,3,D,YU,NI,D
14:20:02,TLKM,RG,3370,4,D,XC,KK,D
14:20:00,TLKM,RG,3360,6,D,YU,YU,F
14:20:00,TLKM,RG,3360,76,F,ZP,YU,F
14:19:49,TLKM,RG,3370,35,F,BK,KK,D
14:19:16,TLKM,RG,3370,77,F,ZP,KK,D
14:19:16,TLKM,RG,3370,66,F,ZP,DX,F
14:19:14,TLKM,RG,3370,100,D,DH,DX,F
14:19:11,TLKM,RG,3370,1,D,PD,DX,F
14:19:00,TLKM,RG,3370,96,D,DP,DX,F
14:18:58,TLKM,RG,3360,1,F,ZP,CC,D
14:18:47,TLKM,RG,3360,9,F,ZP,NI,D
14:18:32,TLKM,RG,3370,13,D,YP,DX,F
14:18:32,TLKM,RG,3370,24,D,YP,ZP,F
14:18:25,TLKM,RG,3370,46,D,RX,ZP,F
14:18:25,TLKM,RG,3370,20,D,RX,YP,D
14:18:25,TLKM,RG,3370,2,D,RX,AK,F
14:18:22,TLKM,RG,3370,35,F,BK,AK,F
14:18:14,TLKM,RG,3370,32,D,RX,AK,F
14:18:14,TLKM,RG,3370,3,D,RX,PD,D
14:18:14,TLKM,RG,3370,3,D,RX,DX,D
14:18:14,TLKM,RG,3370,162,D,RX,DX,F
14:18:06,TLKM,RG,3370,49,D,RX,DX,F
14:18:06,TLKM,RG,3370,251,D,RX,DX,F
14:18:00,TLKM,RG,3360,91,F,ZP,YU,F
14:17:58,TLKM,RG,3370,19,F,ZP,DX,F
14:17:57,TLKM,RG,3370,93,F,AK,DX,F
14:17:57,TLKM,RG,3370,70,F,AK,ZP,F
14:17:57,TLKM,RG,3370,5,F,AK,EP,D
14:17:57,TLKM,RG,3370,1512,F,AK,ZP,F
14:17:57,TLKM,RG,3370,6,F,AK,YP,D
14:17:57,TLKM,RG,3370,4,F,AK,DX,D
14:17:57,TLKM,RG,3370,1,F,AK,YP,D
14:17:57,TLKM,RG,3370,30,F,AK,PD,D
14:17:57,TLKM,RG,3370,72,F,AK,ZP,F
14:17:57,TLKM,RG,3370,336,F,AK,DX,F
14:17:57,TLKM,RG,3370,119,F,AK,YP,D
14:17:57,TLKM,RG,3370,25,F,AK,KK,D
14:17:57,TLKM,RG,3370,24,F,AK,DX,F
14:17:57,TLKM,RG,3370,83,F,AK,ZP,F
14:17:57,TLKM,RG,3370,49,F,AK,XC,D
14:17:57,TLKM,RG,3370,3,F,AK,DX,D
14:17:57,TLKM,RG,3370,45,F,AK,BK,F
14:17:57,TLKM,RG,3370,85,F,AK,ZP,F
14:17:57,TLKM,RG,3370,10,F,AK,EP,D
14:17:57,TLKM,RG,3370,29,F,AK,DX,F
14:17:57,TLKM,RG,3370,71,F,AK,AK,F
14:17:57,TLKM,RG,3370,1,F,AK,TF,D
14:17:57,TLKM,RG,3370,411,F,AK,DX,F
14:17:57,TLKM,RG,3370,49,F,AK,BK,F
14:17:57,TLKM,RG,3370,3,F,AK,PD,D
14:17:57,TLKM,RG,3370,81,F,AK,ZP,F
14:17:57,TLKM,RG,3370,397,F,AK,DX,F
14:17:57,TLKM,RG,3370,7,F,AK,DX,D
14:17:57,TLKM,RG,3370,450,F,AK,AK,F
14:17:52,TLKM,RG,3370,424,F,AK,AK,F
14:17:52,TLKM,RG,3370,54,F,AK,BK,F
14:17:52,TLKM,RG,3370,18,F,AK,DX,F
14:17:52,TLKM,RG,3370,467,F,AK,DX,F
14:17:52,TLKM,RG,3370,8,F,AK,YB,D
14:17:52,TLKM,RG,3370,1,F,AK,KK,D
14:17:52,TLKM,RG,3370,179,F,AK,DX,F
14:17:52,TLKM,RG,3370,90,F,AK,ZP,F
14:17:52,TLKM,RG,3370,1,F,AK,XC,D
14:17:52,TLKM,RG,3370,52,F,AK,BK,F
14:17:52,TLKM,RG,3370,312,F,AK,DX,F
14:17:52,TLKM,RG,3370,1,F,AK,SQ,D
14:17:52,TLKM,RG,3370,22,F,AK,DX,F
14:17:52,TLKM,RG,3370,1,F,AK,PD,D
14:17:52,TLKM,RG,3370,5,F,AK,XC,D
14:17:52,TLKM,RG,3370,330,F,AK,DX,F
14:17:52,TLKM,RG,3370,2,F,AK,NI,D
14:17:52,TLKM,RG,3370,408,F,AK,ZP,F
14:17:51,TLKM,RG,3370,3,D,CC,ZP,F
14:17:28,TLKM,RG,3360,1,F,ZP,CC,D
14:16:57,TLKM,RG,3370,34,F,BK,ZP,F
14:16:55,TLKM,RG,3360,3,F,ZP,CC,D
14:16:55,TLKM,RG,3360,9,D,YU,CC,D
14:16:52,TLKM,RG,3370,3,D,DH,ZP,F
14:16:10,TLKM,RG,3370,31,D,YU,ZP,F
14:16:10,TLKM,RG,3370,1,D,YU,XC,D
14:16:10,TLKM,RG,3370,75,D,YU,ZP,F
14:16:00,TLKM,RG,3360,1,D,YU,CC,D
14:15:45,TLKM,RG,3370,2,F,AK,ZP,F
14:15:45,TLKM,RG,3370,10,F,AK,LG,D
14:15:45,TLKM,RG,3370,59,F,AK,BK,F
14:15:45,TLKM,RG,3370,3,F,AK,DX,D
14:15:45,TLKM,RG,3370,115,F,AK,AK,F
14:15:45,TLKM,RG,3370,338,F,AK,DX,F
14:15:45,TLKM,RG,3370,83,F,AK,ZP,F
14:15:45,TLKM,RG,3370,62,F,AK,BK,F
14:15:45,TLKM,RG,3370,128,F,AK,DX,F
14:15:33,TLKM,RG,3370,17,F,AK,DX,F
14:15:31,TLKM,RG,3370,35,F,BK,DX,F
14:15:27,TLKM,RG,3360,7,D,YU,CC,D
14:15:06,TLKM,RG,3360,1,D,YU,XC,D
14:14:56,TLKM,RG,3360,4,D,YU,AK,F
14:14:55,TLKM,RG,3360,39,D,YU,BK,F
14:14:53,TLKM,RG,3360,1,D,YU,XC,D
14:14:52,TLKM,RG,3360,14,D,YU,AK,F
14:14:52,TLKM,RG,3360,24,D,YU,DX,F
14:14:52,TLKM,RG,3360,1,F,ZP,DX,F
14:14:52,TLKM,RG,3360,20,D,SQ,DX,F
14:14:52,TLKM,RG,3360,1,D,XC,DX,F
14:14:52,TLKM,RG,3360,89,D,YP,DX,F
14:14:30,TLKM,RG,3360,1,D,YP,CC,D
14:14:22,TLKM,RG,3370,1,D,XC,DX,F
14:14:22,TLKM,RG,3360,1,D,YP,DH,D
14:14:05,TLKM,RG,3360,3,D,YP,AK,F
14:14:05,TLKM,RG,3370,35,F,BK,DX,F
14:14:00,TLKM,RG,3360,28,D,YP,AK,F
14:14:00,TLKM,RG,3360,84,D,YP,YU,F
14:13:55,TLKM,RG,3360,1,D,YP,PD,D
14:13:51,TLKM,RG,3370,140,D,DP,DX,F
14:13:51,TLKM,RG,3370,1,D,DP,EP,D
14:13:51,TLKM,RG,3370,26,D,DP,DX,F
14:13:51,TLKM,RG,3370,4,D,DP,DX,D
14:13:51,TLKM,RG,3370,28,D,DP,AK,F
14:13:50,TLKM,RG,3360,24,D,YP,AK,F
14:13:49,TLKM,RG,3370,49,F,ZP,AK,F
14:13:49,TLKM,RG,3370,189,F,ZP,YP,D
14:13:45,TLKM,RG,3360,3,D,YP,AK,F
14:13:44,TLKM,RG,3360,35,D,YP,BK,F
14:13:33,TLKM,RG,3360,2,D,YP,AK,F
14:13:33,TLKM,RG,3360,3,D,YP,AK,F
14:13:32,TLKM,RG,3360,14,D,YP,AK,F
14:13:32,TLKM,RG,3360,48,D,YP,PD,D
14:13:32,TLKM,RG,3370,1,D,XC,YP,D
14:13:32,TLKM,RG,3360,139,D,YP,DX,F
14:13:31,TLKM,RG,3360,2,D,YP,AK,F
14:13:30,TLKM,RG,3360,23,D,YP,DX,F
14:13:00,TLKM,RG,3360,1,D,YP,CC,D
14:13:00,TLKM,RG,3360,10,D,YP,AK,F
14:12:58,TLKM,RG,3360,100,D,YP,PD,D
14:12:52,TLKM,RG,3360,15,D,YP,AK,F
14:12:52,TLKM,RG,3360,153,D,YP,DX,F
14:12:46,TLKM,RG,3360,1,D,YP,AK,F
14:12:45,TLKM,RG,3360,9,D,YP,XC,D
14:12:38,TLKM,RG,3360,4,D,YP,AK,F
14:12:37,TLKM,RG,3370,35,F,BK,YP,D
14:12:28,TLKM,RG,3360,3,D,YP,AK,F
14:12:28,TLKM,RG,3360,36,D,YP,BK,F
14:12:08,TLKM,RG,3360,15,D,YP,AK,F
14:12:07,TLKM,RG,3360,150,D,YP,DX,F
14:12:00,TLKM,RG,3360,3,D,YP,AK,F
14:12:00,TLKM,RG,3360,4,D,DH,AK,F
14:12:00,TLKM,RG,3360,28,D,DH,YU,F
14:12:00,TLKM,RG,3360,10,D,CC,YU,F
14:12:00,TLKM,RG,3360,5,D,BQ,YU,F
14:12:00,TLKM,RG,3360,28,D,CP,YU,F
14:11:41,TLKM,RG,3360,48,D,CP,AK,F
14:11:40,TLKM,RG,3360,24,D,CP,ZP,F
14:11:40,TLKM,RG,3360,1,D,SQ,ZP,F
14:11:40,TLKM,RG,3360,10,F,AK,ZP,F
14:11:40,TLKM,RG,3360,451,F,AK,ZP,F
14:11:32,TLKM,RG,3360,1,F,AK,CC,D
14:11:24,TLKM,RG,3360,16,F,AK,AK,F
14:11:23,TLKM,RG,3360,158,F,AK,DX,F
14:11:20,TLKM,RG,3360,4,F,AK,AK,F
14:11:20,TLKM,RG,3360,41,F,AK,YP,D
14:11:11,TLKM,RG,3370,1,D,YP,YP,D
14:11:08,TLKM,RG,3360,4,F,AK,AK,F
14:11:07,TLKM,RG,3360,39,F,AK,BK,F
14:11:07,TLKM,RG,3360,3,F,AK,AK,F
14:11:06,TLKM,RG,3370,36,F,BK,YP,D
14:10:36,TLKM,RG,3360,16,F,AK,AK,F
14:10:35,TLKM,RG,3360,156,F,AK,DX,F
14:10:30,TLKM,RG,3360,22,F,AK,AK,F
14:10:29,TLKM,RG,3360,65,F,AK,YP,D
14:10:29,TLKM,RG,3360,1,D,PD,YP,D
14:10:29,TLKM,RG,3360,159,D,YU,YP,D
14:10:04,TLKM,RG,3360,1,D,YU,CC,D
14:09:56,TLKM,RG,3360,18,D,YU,AK,F
14:09:55,TLKM,RG,3360,180,D,YU,DX,F
14:09:52,TLKM,RG,3360,4,D,YU,XC,D
14:09:47,TLKM,RG,3360,7,D,YU,AK,F
14:09:46,TLKM,RG,3360,36,D,YU,BK,F
14:09:46,TLKM,RG,3370,34,F,BK,YP,D
14:09:43,TLKM,RG,3360,3,D,YU,AK,F
14:09:42,TLKM,RG,3360,23,D,YU,DX,F
14:09:36,TLKM,RG,3370,1,D,YP,YP,D
14:09:32,TLKM,RG,3370,1,D,XC,YP,D
14:09:31,TLKM,RG,3360,18,D,YU,AK,F
14:09:30,TLKM,RG,3360,81,D,YU,DX,F
14:09:30,TLKM,RG,3360,100,D,HP,DX,F
14:09:30,TLKM,RG,3360,1,D,GR,DX,F
14:09:07,TLKM,RG,3360,18,D,GR,AK,F
14:09:06,TLKM,RG,3360,81,D,GR,DX,F
14:09:06,TLKM,RG,3360,1,D,TF,DX,F
14:09:06,TLKM,RG,3360,1,D,PD,DX,F
14:09:06,TLKM,RG,3360,105,D,YP,DX,F
14:08:52,TLKM,RG,3360,1,D,YP,CC,D
14:08:41,TLKM,RG,3360,42,D,YP,AK,F
14:08:40,TLKM,RG,3360,181,D,YP,DX,F
14:08:35,TLKM,RG,3370,242,F,ZP,YP,D
14:08:33,TLKM,RG,3360,1,D,YP,AK,F
14:08:31,TLKM,RG,3360,3,D,YP,DX,D
14:08:30,TLKM,RG,3360,1,D,YP,CC,D
14:08:23,TLKM,RG,3360,5,D,YP,AK,F
14:08:22,TLKM,RG,3360,39,D,YP,BK,F
14:08:21,TLKM,RG,3370,10,D,YP,YP,D
14:08:20,TLKM,RG,3360,3,D,YP,AK,F
14:08:19,TLKM,RG,3370,34,F,BK,YP,D
14:08:18,TLKM,RG,3360,17,D,YP,AK,F
14:08:16,TLKM,RG,3360,102,D,YP,DX,F
14:08:16,TLKM,RG,3360,1,D,XC,DX,F
14:08:16,TLKM,RG,3360,3,D,PD,DX,F
14:08:16,TLKM,RG,3360,5,D,DH,DX,F
14:08:16,TLKM,RG,3360,50,D,IP,DX,F
14:08:16,TLKM,RG,3360,16,D,DR,DX,F
14:08:01,TLKM,RG,3360,8,D,DR,AK,F
14:08:00,TLKM,RG,3360,26,D,DR,YU,F
14:08:00,TLKM,RG,3360,9,D,XC,YU,F
14:08:00,TLKM,RG,3360,44,D,RX,YU,F
14:07:53,TLKM,RG,3360,17,D,RX,AK,F
14:07:52,TLKM,RG,3360,139,D,RX,DX,F
14:07:52,TLKM,RG,3360,6,D,YP,DX,F
14:07:52,TLKM,RG,3360,3,D,NI,DX,F
14:07:52,TLKM,RG,3360,23,D,CC,DX,F
14:07:28,TLKM,RG,3360,11,D,CC,AK,F
14:07:28,TLKM,RG,3360,10,D,CC,AK,F
14:07:27,TLKM,RG,3360,6,D,CC,DX,F
14:07:27,TLKM,RG,3360,8,D,CC,DX,F
14:07:27,TLKM,RG,3360,10,D,CC,DX,F
14:07:27,TLKM,RG,3360,1,D,XC,DX,F
14:07:27,TLKM,RG,3360,3,D,XC,DX,F
14:07:27,TLKM,RG,3360,1,D,XC,DX,F
14:07:27,TLKM,RG,3360,1,D,CC,DX,F
14:07:27,TLKM,RG,3360,1,D,PD,DX,F
14:07:27,TLKM,RG,3360,1,D,XC,DX,F
14:07:27,TLKM,RG,3360,2,D,XC,DX,F
14:07:27,TLKM,RG,3360,1,D,PD,DX,F
14:07:27,TLKM,RG,3360,2,D,PD,DX,F
14:07:27,TLKM,RG,3360,1,D,PD,DX,F
14:07:27,TLKM,RG,3360,1,D,PD,DX,F
14:07:27,TLKM,RG,3360,2,D,PD,DX,F
14:07:27,TLKM,RG,3360,1,D,PD,DX,F
14:07:27,TLKM,RG,3360,1,D,PD,DX,F
14:07:27,TLKM,RG,3360,10,D,LG,DX,F
14:07:27,TLKM,RG,3360,1,D,PD,DX,F
14:07:27,TLKM,RG,3360,5,D,KK,DX,F
14:07:27,TLKM,RG,3360,1,D,EP,DX,F
14:07:27,TLKM,RG,3360,1,D,NI,DX,F
14:07:27,TLKM,RG,3360,1,D,XC,DX,F
14:07:27,TLKM,RG,3360,1,D,PD,DX,F
14:07:27,TLKM,RG,3360,1,D,DR,DX,F
14:07:27,TLKM,RG,3360,1,D,XC,DX,F
14:07:27,TLKM,RG,3360,1,D,XC,DX,F
14:07:27,TLKM,RG,3360,3,D,XC,DX,F
14:07:27,TLKM,RG,3360,1,D,XC,DX,F
14:07:27,TLKM,RG,3360,30,D,LG,DX,F
14:07:27,TLKM,RG,3360,2,D,PD,DX,F
14:07:27,TLKM,RG,3360,8,D,DR,DX,F
14:07:27,TLKM,RG,3360,1,D,PD,DX,F
14:07:27,TLKM,RG,3360,1,D,PD,DX,F
14:07:27,TLKM,RG,3360,48,D,YU,DX,F
14:07:27,TLKM,RG,3360,10,D,XC,DX,F
14:07:27,TLKM,RG,3360,1,D,XC,DX,F
14:07:27,TLKM,RG,3360,3,D,XC,DX,F
14:07:27,TLKM,RG,3360,1,D,NI,DX,F
14:07:27,TLKM,RG,3360,3,D,XC,DX,F
14:07:19,TLKM,RG,3360,26,D,XC,YB,D
14:07:18,TLKM,RG,3360,1,D,XC,KI,D
14:07:12,TLKM,RG,3360,3,D,XC,PD,D
14:07:04,TLKM,RG,3360,65,D,XC,AK,F
14:07:04,TLKM,RG,3360,50,D,NI,AK,F
14:07:04,TLKM,RG,3360,100,D,LG,AK,F
14:07:04,TLKM,RG,3360,2,D,PD,AK,F
14:07:04,TLKM,RG,3360,2,D,DX,AK,F
14:07:04,TLKM,RG,3360,1,D,YP,AK,F
14:07:04,TLKM,RG,3360,2,D,DH,AK,F
14:07:03,TLKM,RG,3360,1,D,DH,DX,F
14:07:03,TLKM,RG,3360,2,D,XC,DX,F
14:07:03,TLKM,RG,3360,2,D,XC,DX,F
14:07:03,TLKM,RG,3360,1,D,XC,DX,F
14:07:03,TLKM,RG,3360,1,D,AT,DX,F
14:07:03,TLKM,RG,3360,1,D,PD,DX,F
14:07:03,TLKM,RG,3360,100,D,YP,DX,F
14:07:03,TLKM,RG,3360,1,D,PD,DX,F
14:07:03,TLKM,RG,3360,4,D,YP,DX,F
14:07:03,TLKM,RG,3360,1,D,YP,DX,F
14:07:03,TLKM,RG,3360,1,D,PD,DX,F
14:07:03,TLKM,RG,3360,1,D,PD,DX,F
14:07:03,TLKM,RG,3360,1,D,PD,DX,F
14:07:03,TLKM,RG,3360,1,D,PD,DX,F
14:07:03,TLKM,RG,3360,27,D,PD,DX,F
14:07:03,TLKM,RG,3360,1,D,PD,DX,F
14:07:03,TLKM,RG,3360,5,D,EP,DX,F
14:07:03,TLKM,RG,3360,3,D,CC,DX,F
14:07:03,TLKM,RG,3360,20,D,CC,DX,F
14:07:03,TLKM,RG,3360,1,D,YB,DX,F
14:06:56,TLKM,RG,3360,1,D,YB,CC,D
14:06:50,TLKM,RG,3370,36,F,BK,YP,D
14:06:46,TLKM,RG,3370,2035,F,AK,YP,D
14:06:23,TLKM,RG,3360,6,D,YB,AK,F
14:06:23,TLKM,RG,3360,12,D,YB,NI,D
14:06:23,TLKM,RG,3360,1,D,CC,NI,D
14:06:23,TLKM,RG,3360,11,D,NI,NI,D
14:06:23,TLKM,RG,3360,36,D,XC,NI,D
14:06:04,TLKM,RG,3360,9,D,XC,AK,F
14:06:03,TLKM,RG,3370,89,D,YU,YP,D
14:06:01,TLKM,RG,3360,1,D,XC,AK,F
14:06:01,TLKM,RG,3360,4,D,XC,AK,F
14:06:01,TLKM,RG,3360,4,D,XC,AK,F
14:06:01,TLKM,RG,3370,17,F,AK,YP,D
14:06:00,TLKM,RG,3360,2,D,XC,YU,F
14:06:00,TLKM,RG,3360,1,D,XC,YU,F
14:06:00,TLKM,RG,3360,10,D,DR,YU,F
14:06:00,TLKM,RG,3360,1,D,XC,YU,F
14:06:00,TLKM,RG,3360,1,D,XC,YU,F
14:06:00,TLKM,RG,3360,31,D,SQ,YU,F
14:06:00,TLKM,RG,3360,1,D,XC,YU,F
14:06:00,TLKM,RG,3360,7,D,YP,YU,F
14:06:00,TLKM,RG,3360,10,D,EP,YU,F
14:06:00,TLKM,RG,3360,1,D,XC,YU,F
14:06:00,TLKM,RG,3360,2,D,PD,YU,F
14:06:00,TLKM,RG,3360,10,D,PD,YU,F
14:06:00,TLKM,RG,3360,1,D,XC,YU,F
14:06:00,TLKM,RG,3360,1,D,XC,YU,F
14:05:57,TLKM,RG,3370,1,D,YP,YP,D
14:05:38,TLKM,RG,3370,1,D,YU,YP,D
14:05:29,TLKM,RG,3360,2,D,PD,AK,F
14:05:29,TLKM,RG,3360,1,D,XC,AK,F
14:05:29,TLKM,RG,3360,1,D,XC,AK,F
14:05:29,TLKM,RG,3360,2,D,CC,AK,F
14:05:29,TLKM,RG,3360,2,D,NI,AK,F
14:05:28,TLKM,RG,3360,1,D,NI,CC,D
14:05:24,TLKM,RG,3360,3,D,NI,YP,D
14:05:13,TLKM,RG,3370,39,F,BK,YP,D
14:05:08,TLKM,RG,3370,29,D,DP,YP,D
14:05:05,TLKM,RG,3360,10,D,NI,PD,D
14:04:56,TLKM,RG,3360,35,D,NI,GR,D
14:04:52,TLKM,RG,3360,1,D,NI,NI,D
14:04:02,TLKM,RG,3360,1,D,NI,CC,D
14:04:00,TLKM,RG,3360,47,D,NI,YU,F
14:04:00,TLKM,RG,3360,47,D,DR,YU,F
14:03:53,TLKM,RG,3360,2,D,DR,XC,D
14:03:48,TLKM,RG,3370,34,F,BK,YP,D
14:03:30,TLKM,RG,3360,1,D,DR,XC,D
14:03:30,TLKM,RG,3360,1,D,PD,XC,D
14:03:16,TLKM,RG,3370,135,F,ZP,YP,D
14:03:16,TLKM,RG,3370,105,F,ZP,DX,F
14:02:52,TLKM,RG,3370,1,D,XC,DX,F
14:02:34,TLKM,RG,3360,1,D,PD,CC,D
14:02:29,TLKM,RG,3370,7,D,XC,DX,F
14:02:11,TLKM,RG,3370,25,D,DP,DX,F
14:02:09,TLKM,RG,3370,40,F,BK,DX,F
14:01:50,TLKM,RG,3360,1,D,XC,XC,D
14:01:50,TLKM,RG,3360,2,D,PD,XC,D
14:01:50,TLKM,RG,3360,1,D,PD,XC,D
14:01:50,TLKM,RG,3360,1,D,PD,XC,D
14:01:50,TLKM,RG,3360,1,D,PD,XC,D
14:01:16,TLKM,RG,3360,1,D,YP,XC,D
14:01:16,TLKM,RG,3360,5,D,CC,XC,D
14:01:10,TLKM,RG,3360,5,D,CC,PD,D
14:01:04,TLKM,RG,3360,1,D,XC,CC,D
14:01:02,TLKM,RG,3360,1,D,XC,XC,D
14:01:00,TLKM,RG,3360,1,D,PD,YU,F
14:01:00,TLKM,RG,3360,1,D,XC,YU,F
14:01:00,TLKM,RG,3360,1,D,XC,YU,F
14:01:00,TLKM,RG,3360,2,D,XC,YU,F
14:01:00,TLKM,RG,3360,1,D,PD,YU,F
14:01:00,TLKM,RG,3360,33,D,XC,YU,F
14:01:00,TLKM,RG,3360,1,D,DH,YU,F
14:01:00,TLKM,RG,3360,1,D,PD,YU,F
14:01:00,TLKM,RG,3360,50,D,NI,YU,F
14:01:00,TLKM,RG,3360,2,D,ZP,YU,F
14:00:47,TLKM,RG,3370,10,D,YP,DX,F
14:00:45,TLKM,RG,3370,34,F,BK,DX,F
14:00:43,TLKM,RG,3360,2,D,ZP,XC,D
14:00:43,TLKM,RG,3360,5,D,KK,XC,D
14:00:43,TLKM,RG,3360,1,D,YP,XC,D
14:00:43,TLKM,RG,3360,8,D,CC,XC,D
14:00:39,TLKM,RG,3370,3,F,BK,DX,F
14:00:39,TLKM,RG,3370,1,D,XC,DX,F
14:00:30,TLKM,RG,3370,24,F,BK,DX,F
14:00:27,TLKM,RG,3370,24,D,CP,DX,F
14:00:27,TLKM,RG,3370,80,D,CP,DX,F
14:00:27,TLKM,RG,3370,228,D,CP,DX,F
14:00:27,TLKM,RG,3370,76,D,CP,DX,F
14:00:27,TLKM,RG,3370,22,D,CP,DX,F
14:00:27,TLKM,RG,3370,71,D,CP,CC,D
14:00:27,TLKM,RG,3370,177,D,CP,BK,F
14:00:27,TLKM,RG,3370,134,D,CP,AK,F
14:00:27,TLKM,RG,3370,372,D,CP,AK,F
14:00:27,TLKM,RG,3370,581,D,CP,ZP,F
14:00:27,TLKM,RG,3370,26,D,CP,DX,F
14:00:27,TLKM,RG,3370,6,D,CP,DX,F
14:00:27,TLKM,RG,3370,19,D,CP,DX,F
14:00:27,TLKM,RG,3370,26,D,CP,DX,F
14:00:27,TLKM,RG,3370,243,D,CP,AK,F
14:00:27,TLKM,RG,3370,198,D,CP,AK,F
14:00:27,TLKM,RG,3370,122,D,CP,DX,F
14:00:27,TLKM,RG,3370,216,D,CP,DX,F
14:00:27,TLKM,RG,3370,37,D,CP,DX,F
14:00:27,TLKM,RG,3370,186,D,CP,DX,F
14:00:27,TLKM,RG,3370,102,D,CP,DX,F
14:00:27,TLKM,RG,3370,193,D,CP,DX,F
14:00:27,TLKM,RG,3370,87,D,CP,DX,F
14:00:27,TLKM,RG,3370,51,D,CP,DX,F
14:00:27,TLKM,RG,3370,160,D,CP,DX,F
14:00:27,TLKM,RG,3370,43,D,CP,DX,F
14:00:27,TLKM,RG,3370,198,D,CP,DX,F
14:00:27,TLKM,RG,3370,35,D,CP,DX,F
14:00:27,TLKM,RG,3370,5,D,CP,DX,F
14:00:27,TLKM,RG,3370,75,D,CP,DX,F
14:00:27,TLKM,RG,3370,1,D,CP,DX,F
14:00:27,TLKM,RG,3370,26,D,CP,DX,F
14:00:27,TLKM,RG,3370,180,D,CP,DX,F
14:00:22,TLKM,RG,3370,100,D,KK,DX,F
14:00:09,TLKM,RG,3370,49,F,YU,DX,F
14:00:09,TLKM,RG,3370,6,F,YU,DX,F
14:00:07,TLKM,RG,3370,39,D,CP,DX,F
14:00:07,TLKM,RG,3370,8,D,CP,DX,F
14:00:07,TLKM,RG,3370,16,D,CP,DX,F
14:00:07,TLKM,RG,3370,12,D,CP,DX,F
14:00:07,TLKM,RG,3370,4,D,CP,DX,F
14:00:07,TLKM,RG,3370,11,D,CP,DX,F
14:00:07,TLKM,RG,3370,8,D,CP,DX,F
14:00:07,TLKM,RG,3370,13,D,CP,DX,F
14:00:07,TLKM,RG,3370,7,D,CP,DX,F
14:00:07,TLKM,RG,3370,11,D,CP,DX,F
14:00:07,TLKM,RG,3370,4,D,CP,DX,F
14:00:07,TLKM,RG,3370,9,D,CP,DX,F
14:00:07,TLKM,RG,3370,2,D,CP,DX,F
14:00:07,TLKM,RG,3370,10,D,CP,DX,F
14:00:07,TLKM,RG,3370,9,D,CP,DX,F
14:00:07,TLKM,RG,3370,1,D,CP,DX,F
14:00:07,TLKM,RG,3370,7,D,CP,DX,F
14:00:07,TLKM,RG,3370,8,D,CP,DX,F
14:00:07,TLKM,RG,3370,6,D,CP,DX,F
14:00:07,TLKM,RG,3370,9,D,CP,DX,F
14:00:00,TLKM,RG,3360,7,D,CC,YU,F
14:00:00,TLKM,RG,3360,1,D,PD,YU,F
14:00:00,TLKM,RG,3360,15,D,YP,YU,F
14:00:00,TLKM,RG,3360,1,D,PD,YU,F
14:00:00,TLKM,RG,3360,1,D,PD,YU,F
14:00:00,TLKM,RG,3360,1,D,GR,YU,F
14:00:00,TLKM,RG,3360,5,D,XC,YU,F
14:00:00,TLKM,RG,3360,1,D,EP,YU,F
14:00:00,TLKM,RG,3360,1,D,PD,YU,F
14:00:00,TLKM,RG,3360,1,D,PD,YU,F
14:00:00,TLKM,RG,3360,39,D,PC,YU,F
13:59:45,TLKM,RG,3370,79,D,YU,DX,F
13:59:45,TLKM,RG,3370,26,D,YU,DX,F
13:59:45,TLKM,RG,3360,17,D,PC,DX,F
13:59:45,TLKM,RG,3360,4,D,PC,DX,F
13:59:36,TLKM,RG,3360,1,D,PC,CC,D
13:59:28,TLKM,RG,3360,1,D,PC,XC,D
13:59:26,TLKM,RG,3360,3,D,PC,XC,D
13:59:14,TLKM,RG,3360,35,D,PC,YP,D
13:59:14,TLKM,RG,3360,20,D,LG,YP,D
13:59:14,TLKM,RG,3360,1,D,XC,YP,D
13:59:14,TLKM,RG,3360,1,D,NI,YP,D
13:59:14,TLKM,RG,3360,20,D,PD,YP,D
13:59:14,TLKM,RG,3360,2,D,XC,YP,D
13:59:14,TLKM,RG,3360,10,D,YB,YP,D
13:59:14,TLKM,RG,3360,1,D,XC,YP,D
13:59:14,TLKM,RG,3360,1,D,NI,YP,D
13:59:14,TLKM,RG,3360,4,D,PD,YP,D
13:59:14,TLKM,RG,3360,1,D,LG,YP,D
13:59:14,TLKM,RG,3360,6,D,YP,YP,D
13:59:14,TLKM,RG,3360,2,D,XC,YP,D
13:59:14,TLKM,RG,3360,2,D,XC,YP,D
13:59:14,TLKM,RG,3360,4,D,SQ,YP,D
13:59:14,TLKM,RG,3360,20,D,YU,YP,D
13:59:14,TLKM,RG,3360,3,D,YP,YP,D
13:59:14,TLKM,RG,3360,2,D,PD,YP,D
13:59:14,TLKM,RG,3360,10,D,YP,YP,D
13:59:14,TLKM,RG,3360,1,D,XC,YP,D
13:59:14,TLKM,RG,3360,4,D,AT,YP,D
13:59:14,TLKM,RG,3360,2,D,CC,YP,D
13:59:14,TLKM,RG,3360,1,D,PD,YP,D
13:59:14,TLKM,RG,3360,72,D,CC,YP,D
13:59:13,TLKM,RG,3360,28,D,CC,DX,F
13:59:13,TLKM,RG,3360,1,D,XC,DX,F
13:59:13,TLKM,RG,3360,75,D,NI,DX,F
13:59:13,TLKM,RG,3360,3,D,DH,DX,F
13:59:13,TLKM,RG,3360,1,D,XC,DX,F
13:59:13,TLKM,RG,3360,50,D,TP,DX,F
13:59:13,TLKM,RG,3360,1,D,XC,DX,F
13:59:13,TLKM,RG,3360,5,D,XC,DX,F
13:59:13,TLKM,RG,3360,15,D,XC,DX,F
13:59:13,TLKM,RG,3360,10,D,DX,DX,F
13:59:13,TLKM,RG,3360,3,D,NI,DX,F
13:59:13,TLKM,RG,3360,124,D,RX,DX,F
13:59:09,TLKM,RG,3370,38,F,BK,DX,F
13:58:43,TLKM,RG,3360,23,D,RX,DX,F
13:58:29,TLKM,RG,3370,2,D,CC,DX,F
13:58:18,TLKM,RG,3370,9,D,PD,DX,F
13:58:06,TLKM,RG,3370,1,D,PD,DX,F
13:58:02,TLKM,RG,3360,1,D,RX,CC,D
13:58:00,TLKM,RG,3370,186,F,ZP,DX,F
13:57:43,TLKM,RG,3360,52,D,RX,NI,D
13:57:43,TLKM,RG,3360,10,D,DH,NI,D
13:57:43,TLKM,RG,3360,10,D,NI,NI,D
13:57:43,TLKM,RG,3360,2,D,AI,NI,D
13:57:43,TLKM,RG,3360,3,D,NI,NI,D
13:57:43,TLKM,RG,3360,70,D,SQ,NI,D
13:57:42,TLKM,RG,3360,30,D,SQ,DX,F
13:57:42,TLKM,RG,3360,3,D,PD,DX,F
13:57:42,TLKM,RG,3360,1,D,PD,DX,F
13:57:42,TLKM,RG,3360,20,D,YP,DX,F
13:57:42,TLKM,RG,3360,5,D,PD,DX,F
13:57:42,TLKM,RG,3360,7,D,YP,DX,F
13:57:42,TLKM,RG,3360,1,D,NI,DX,F
13:57:42,TLKM,RG,3360,1,D,XC,DX,F
13:57:42,TLKM,RG,3360,5,D,NI,DX,F
13:57:42,TLKM,RG,3360,3,D,CC,DX,F
13:57:42,TLKM,RG,3360,1,D,XC,DX,F
13:57:42,TLKM,RG,3360,5,D,BQ,DX,F
13:57:42,TLKM,RG,3360,3,D,BQ,DX,F
13:57:42,TLKM,RG,3360,1,D,XC,DX,F
13:57:42,TLKM,RG,3360,1,D,PD,DX,F
13:57:42,TLKM,RG,3360,2,D,XC,DX,F
13:57:42,TLKM,RG,3360,1,D,XC,DX,F
13:57:42,TLKM,RG,3360,1,D,PD,DX,F
13:57:42,TLKM,RG,3360,5,D,XC,DX,F
13:57:42,TLKM,RG,3360,10,D,SQ,DX,F
13:57:42,TLKM,RG,3360,2,D,XC,DX,F
13:57:42,TLKM,RG,3360,1,D,PD,DX,F
13:57:42,TLKM,RG,3360,4,D,CC,DX,F
13:57:42,TLKM,RG,3360,10,D,YP,DX,F
13:57:42,TLKM,RG,3360,1,D,PD,DX,F
13:57:42,TLKM,RG,3360,1,D,OD,DX,F
13:57:42,TLKM,RG,3360,1,D,PD,DX,F
13:57:42,TLKM,RG,3360,2,D,XC,DX,F
13:57:42,TLKM,RG,3360,2,D,PD,DX,F
13:57:42,TLKM,RG,3360,35,D,DH,DX,F
13:57:42,TLKM,RG,3360,10,D,CC,DX,F
13:57:42,TLKM,RG,3360,2,D,XC,DX,F
13:57:42,TLKM,RG,3360,4,D,CC,DX,F
13:57:42,TLKM,RG,3360,1,D,YP,DX,F
13:57:42,TLKM,RG,3360,1,D,KK,DX,F
13:57:42,TLKM,RG,3360,1,D,PD,DX,F
13:57:42,TLKM,RG,3360,2,D,CC,DX,F
13:57:42,TLKM,RG,3360,1,D,PD,DX,F
13:57:42,TLKM,RG,3360,10,D,PD,DX,F
13:57:42,TLKM,RG,3360,10,D,YP,DX,F
13:57:42,TLKM,RG,3360,10,D,PD,DX,F
13:57:42,TLKM,RG,3360,1,D,PD,DX,F
13:57:42,TLKM,RG,3360,10,D,PD,DX,F
13:57:42,TLKM,RG,3360,2,D,YP,DX,F
13:57:42,TLKM,RG,3360,1,D,KK,DX,F
13:57:42,TLKM,RG,3360,2,D,XC,DX,F
13:57:42,TLKM,RG,3360,1,D,XC,DX,F
13:57:42,TLKM,RG,3360,5,D,PD,DX,F
13:57:42,TLKM,RG,3360,1,D,HP,DX,F
13:57:42,TLKM,RG,3360,1,D,PD,DX,F
13:57:42,TLKM,RG,3360,50,D,NI,DX,F
13:57:42,TLKM,RG,3360,5,D,XC,DX,F
13:57:42,TLKM,RG,3360,1,D,DR,DX,F
13:57:42,TLKM,RG,3360,50,D,OD,DX,F
13:57:42,TLKM,RG,3360,1,D,XC,DX,F
13:57:42,TLKM,RG,3360,1,D,XC,DX,F
13:57:42,TLKM,RG,3360,2,D,NI,DX,F
13:57:42,TLKM,RG,3360,1,D,YP,DX,F
13:57:42,TLKM,RG,3360,1,D,NI,DX,F
13:57:42,TLKM,RG,3360,2,D,XC,DX,F
13:57:42,TLKM,RG,3360,9,D,YP,DX,F
13:57:42,TLKM,RG,3360,5,D,PD,DX,F
13:57:03,TLKM,RG,3360,5,D,PD,PD,D
13:57:03,TLKM,RG,3360,1,D,DR,PD,D
13:56:54,TLKM,RG,3370,1,D,SQ,DX,F
13:56:34,TLKM,RG,3370,1,D,SQ,DX,F
13:56:19,TLKM,RG,3370,15,D,PD,DX,F
13:56:17,TLKM,RG,3360,1,D,PD,NI,D
13:56:17,TLKM,RG,3360,2,D,KK,NI,D
13:56:02,TLKM,RG,3370,7,F,AK,DX,F
13:56:02,TLKM,RG,3370,371,F,AK,DX,F
13:56:02,TLKM,RG,3370,97,F,AK,ZP,F
13:56:02,TLKM,RG,3370,206,F,AK,ZP,F
13:56:02,TLKM,RG,3370,1,F,AK,CC,D
13:56:02,TLKM,RG,3370,31,F,AK,YP,D
13:56:01,TLKM,RG,3370,7,F,YU,YP,D
13:56:00,TLKM,RG,3370,2,D,SQ,YP,D
13:56:00,TLKM,RG,3370,1,D,EP,YP,D
13:56:00,TLKM,RG,3370,1,D,XC,YP,D
13:56:00,TLKM,RG,3370,1,D,HP,YP,D
13:56:00,TLKM,RG,3370,88,D,YU,YP,D
13:56:00,TLKM,RG,3370,1,D,CC,YP,D
13:56:00,TLKM,RG,3370,1,D,PD,YP,D
13:56:00,TLKM,RG,3370,10,D,YP,YP,D
13:56:00,TLKM,RG,3370,10,D,YP,YP,D
13:56:00,TLKM,RG,3370,40,F,BK,YP,D
13:56:00,TLKM,RG,3370,2,F,YU,YP,D
13:56:00,TLKM,RG,3370,38,F,YU,YP,D
13:56:00,TLKM,RG,3370,5,D,PD,YP,D
13:56:00,TLKM,RG,3370,62,D,RX,YP,D
13:56:00,TLKM,RG,3370,76,D,RX,YU,F
13:55:56,TLKM,RG,3370,1,D,RX,XC,D
13:55:54,TLKM,RG,3380,3,D,PD,AK,F
13:55:51,TLKM,RG,3370,1,D,RX,XC,D
13:55:35,TLKM,RG,3370,1,D,RX,XC,D
13:55:02,TLKM,RG,3370,1,D,RX,CC,D
13:54:47,TLKM,RG,3370,25,D,RX,YP,D
13:54:41,TLKM,RG,3370,10,D,RX,YP,D
13:54:31,TLKM,RG,3370,10,D,RX,EP,D
13:54:25,TLKM,RG,3370,13,D,RX,DX,F
13:54:25,TLKM,RG,3370,2,D,XC,DX,F
13:54:25,TLKM,RG,3370,17,F,YU,DX,F
13:54:25,TLKM,RG,3370,11,F,YU,DX,F
13:54:25,TLKM,RG,3370,252,D,DP,DX,F
13:54:25,TLKM,RG,3370,10,D,EP,DX,F
13:54:25,TLKM,RG,3370,38,F,BK,DX,F
13:54:25,TLKM,RG,3370,10,D,OD,DX,F
13:54:11,TLKM,RG,3370,3,D,OD,XC,D
13:54:03,TLKM,RG,3370,10,D,OD,YP,D
13:54:00,TLKM,RG,3370,7,D,OD,YU,F
13:54:00,TLKM,RG,3370,5,D,KK,YU,F
13:54:00,TLKM,RG,3370,1,D,PD,YU,F
13:54:00,TLKM,RG,3370,1,D,XC,YU,F
13:54:00,TLKM,RG,3370,50,F,ZP,YU,F
13:54:00,TLKM,RG,3370,8,D,YP,YU,F
13:54:00,TLKM,RG,3370,1,D,CC,YU,F
13:54:00,TLKM,RG,3370,1,D,YP,YU,F
13:54:00,TLKM,RG,3370,5,D,DH,YU,F
13:54:00,TLKM,RG,3370,1,D,PD,YU,F
13:53:53,TLKM,RG,3370,10,D,DR,YP,D
13:53:43,TLKM,RG,3370,40,D,DR,CC,D
13:53:43,TLKM,RG,3370,60,D,CP,CC,D
13:53:32,TLKM,RG,3370,1,D,CP,CC,D
13:53:20,TLKM,RG,3370,139,D,CP,LG,D
13:53:20,TLKM,RG,3370,200,D,CD,LG,D
13:53:20,TLKM,RG,3370,3,D,BQ,LG,D
13:53:20,TLKM,RG,3370,34,F,BK,LG,D
13:53:20,TLKM,RG,3370,50,D,YP,LG,D
13:53:20,TLKM,RG,3370,252,D,DP,LG,D
13:53:20,TLKM,RG,3370,10,D,CC,LG,D
13:53:20,TLKM,RG,3370,20,D,YP,LG,D
13:53:20,TLKM,RG,3370,30,F,YU,LG,D
13:53:20,TLKM,RG,3370,1,D,DH,LG,D
13:53:20,TLKM,RG,3370,200,D,RX,LG,D
13:53:20,TLKM,RG,3370,20,D,CC,LG,D
13:53:20,TLKM,RG,3370,41,F,YU,LG,D
13:53:02,TLKM,RG,3380,4,D,PD,AK,F
13:53:00,TLKM,RG,3380,100,D,YU,AK,F
13:52:55,TLKM,RG,3380,1,D,PD,AK,F
13:52:31,TLKM,RG,3380,3,D,CC,AK,F
13:52:19,TLKM,RG,3370,5,F,YU,PD,D
13:52:15,TLKM,RG,3370,10,F,YU,LG,D
13:52:04,TLKM,RG,3370,1,F,YU,CC,D
13:51:45,TLKM,RG,3380,1,D,CC,AK,F
13:51:41,TLKM,RG,3370,2,F,YU,XC,D
13:51:41,TLKM,RG,3370,2,D,KK,XC,D
13:51:31,TLKM,RG,3380,1,D,NI,AK,F
13:51:21,TLKM,RG,3370,3,D,KK,NI,D
13:51:21,TLKM,RG,3370,29,F,ZP,NI,D
13:51:15,TLKM,RG,3370,1,F,ZP,IP,D
13:50:42,TLKM,RG,3370,1,F,ZP,PD,D
13:50:34,TLKM,RG,3370,1,F,ZP,CC,D
13:49:46,TLKM,RG,3370,1,F,ZP,XC,D
13:49:40,TLKM,RG,3370,3,F,ZP,CC,D
13:49:22,TLKM,RG,3370,3,F,ZP,XC,D
13:49:06,TLKM,RG,3370,1,F,ZP,CC,D
13:49:00,TLKM,RG,3370,10,F,ZP,YP,D
13:49:00,TLKM,RG,3370,2,F,CC,YP,D
13:49:00,TLKM,RG,3370,1,D,SQ,YP,D
13:49:00,TLKM,RG,3370,4,D,CC,YP,D
13:49:00,TLKM,RG,3370,15,D,IF,YP,D
13:49:00,TLKM,RG,3370,1,D,AT,YP,D
13:49:00,TLKM,RG,3370,1,F,YU,YP,D
13:49:00,TLKM,RG,3370,2,D,NI,YP,D
13:49:00,TLKM,RG,3370,6,F,AK,YP,D
13:49:00,TLKM,RG,3370,4,D,CP,YP,D
13:49:00,TLKM,RG,3370,20,D,LG,YP,D
13:49:00,TLKM,RG,3370,3,D,XC,YP,D
13:49:00,TLKM,RG,3370,1,D,YP,YP,D
13:49:00,TLKM,RG,3370,6,D,CC,YP,D
13:49:00,TLKM,RG,3370,10,D,YP,YP,D
13:49:00,TLKM,RG,3370,5,D,YP,YP,D
13:49:00,TLKM,RG,3370,10,D,OD,YP,D
13:49:00,TLKM,RG,3370,10,D,CC,YP,D
13:49:00,TLKM,RG,3370,4,D,XC,YP,D
13:49:00,TLKM,RG,3370,60,D,XC,YP,D
13:49:00,TLKM,RG,3370,2,D,PD,YP,D
13:49:00,TLKM,RG,3370,1,D,XC,YP,D
13:49:00,TLKM,RG,3370,1,D,PD,YP,D
13:49:00,TLKM,RG,3370,21,D,YU,YP,D
13:48:56,TLKM,RG,3370,4,D,YU,YP,D
13:48:56,TLKM,RG,3370,1,D,XC,YP,D
13:48:56,TLKM,RG,3370,45,D,DR,YP,D
13:48:53,TLKM,RG,3370,5,D,DR,EP,D
13:48:53,TLKM,RG,3370,1,D,PD,EP,D
13:48:50,TLKM,RG,3370,1,D,PD,YP,D
13:48:50,TLKM,RG,3370,10,D,NI,YP,D
13:48:50,TLKM,RG,3370,50,D,CC,YP,D
13:48:50,TLKM,RG,3370,2,D,YB,YP,D
13:48:50,TLKM,RG,3370,20,D,AT,YP,D
13:48:50,TLKM,RG,3370,5,D,CC,YP,D
13:48:50,TLKM,RG,3370,49,F,CS,YP,D
13:48:13,TLKM,RG,3370,1000,F,CS,HD,D
13:48:12,TLKM,RG,3370,1,F,CS,XC,D
13:47:51,TLKM,RG,3370,100,F,CS,CC,D
13:47:43,TLKM,RG,3370,118,F,CS,KZ,F
13:47:42,TLKM,RG,3370,1114,F,CS,KZ,F
13:47:41,TLKM,RG,3380,10,D,CC,KZ,F
13:47:38,TLKM,RG,3380,1,D,PD,KZ,F
13:47:38,TLKM,RG,3370,75,F,CS,YU,F
13:47:37,TLKM,RG,3370,32,F,CS,KZ,F
13:47:36,TLKM,RG,3370,1,F,CS,CC,D
13:47:34,TLKM,RG,3380,12,F,YU,KZ,F
13:47:33,TLKM,RG,3390,4194,F,AK,CP,D
13:47:33,TLKM,RG,3390,3,F,AK,XC,D
13:47:33,TLKM,RG,3390,100,F,AK,YP,D
13:47:33,TLKM,RG,3390,50,F,AK,YB,D
13:47:33,TLKM,RG,3390,20,F,AK,CC,D
13:47:33,TLKM,RG,3390,225,F,AK,YP,D
13:47:33,TLKM,RG,3390,5,F,AK,PD,D
13:47:33,TLKM,RG,3390,10,F,AK,CC,D
13:47:33,TLKM,RG,3390,1,F,AK,NI,D
13:47:33,TLKM,RG,3390,57,F,AK,ZP,F
13:47:33,TLKM,RG,3390,20,F,AK,CC,D
13:47:33,TLKM,RG,3390,1,F,AK,XC,D
13:47:33,TLKM,RG,3390,2,F,AK,PD,D
13:47:33,TLKM,RG,3390,287,F,AK,DX,F
13:47:33,TLKM,RG,3390,1,F,AK,DH,D
13:47:33,TLKM,RG,3390,300,F,AK,GR,D
13:47:33,TLKM,RG,3390,3,F,AK,KK,D
13:47:33,TLKM,RG,3390,7,F,AK,PD,D
13:47:33,TLKM,RG,3390,10,F,AK,DR,D
13:47:33,TLKM,RG,3390,20,F,AK,CC,D
13:47:33,TLKM,RG,3390,1,F,AK,NI,D
13:47:33,TLKM,RG,3390,2,F,AK,PD,D
13:47:33,TLKM,RG,3390,3,F,AK,YP,D
13:47:33,TLKM,RG,3390,1,F,AK,PD,D
13:47:33,TLKM,RG,3390,2,F,AK,XC,D
13:47:33,TLKM,RG,3390,387,F,AK,DX,F
13:47:33,TLKM,RG,3390,1,F,AK,LG,D
13:47:33,TLKM,RG,3390,1,F,AK,XC,D
13:47:33,TLKM,RG,3390,1,F,AK,KK,D
13:47:33,TLKM,RG,3390,25,F,AK,DX,F
13:47:33,TLKM,RG,3390,78,F,AK,ZP,F
13:47:33,TLKM,RG,3390,42,F,AK,BK,F
13:47:33,TLKM,RG,3390,5,F,AK,SQ,D
13:47:33,TLKM,RG,3390,5,F,AK,XC,D
13:47:33,TLKM,RG,3390,2,F,AK,DH,D
13:47:33,TLKM,RG,3390,1,F,AK,PD,D
13:47:33,TLKM,RG,3390,10,F,AK,DH,D
13:47:33,TLKM,RG,3390,2,F,AK,DX,D
13:47:33,TLKM,RG,3390,1,F,AK,PD,D
13:47:33,TLKM,RG,3390,383,F,AK,DX,F
13:47:33,TLKM,RG,3390,100,F,AK,OD,D
13:47:33,TLKM,RG,3390,72,F,AK,AK,F
13:47:33,TLKM,RG,3390,5,F,AK,GR,D
13:47:33,TLKM,RG,3390,10,F,AK,SQ,D
13:47:33,TLKM,RG,3390,63,F,AK,XC,D
13:47:33,TLKM,RG,3390,1,F,AK,XC,D
13:47:33,TLKM,RG,3390,53,F,AK,BK,F
13:47:33,TLKM,RG,3390,25,F,AK,YP,D
13:47:33,TLKM,RG,3390,4,F,AK,CC,D
13:47:33,TLKM,RG,3390,2,F,AK,PD,D
13:47:33,TLKM,RG,3390,21,F,AK,KZ,F
13:47:33,TLKM,RG,3380,1390,F,AK,NI,D
13:47:33,TLKM,RG,3380,2490,F,CS,NI,D
13:47:33,TLKM,RG,3380,80,F,AK,NI,D
13:47:33,TLKM,RG,3380,772,F,AK,NI,D
13:47:33,TLKM,RG,3380,1,D,PD,NI,D
13:47:33,TLKM,RG,3380,1,D,XC,NI,D
13:47:33,TLKM,RG,3380,43,D,YU,NI,D
13:47:33,TLKM,RG,3380,1,D,PD,NI,D
13:47:33,TLKM,RG,3380,1,D,XC,NI,D
13:47:33,TLKM,RG,3380,221,F,BK,NI,D
13:47:33,TLKM,RG,3380,390,F,BK,NI,D
13:47:33,TLKM,RG,3380,100,D,ZP,NI,D
13:47:33,TLKM,RG,3380,1,D,XC,NI,D
13:47:33,TLKM,RG,3380,3,D,XC,NI,D
13:47:33,TLKM,RG,3380,2490,F,CS,NI,D
13:47:33,TLKM,RG,3380,50,D,CC,NI,D
13:47:33,TLKM,RG,3380,1736,F,AK,NI,D
13:47:33,TLKM,RG,3380,488,F,BK,NI,D
13:47:33,TLKM,RG,3380,2490,F,CS,NI,D
13:47:33,TLKM,RG,3380,2490,F,CS,NI,D
13:47:33,TLKM,RG,3380,2490,F,CS,NI,D
13:47:33,TLKM,RG,3380,373,F,AK,NI,D
13:47:33,TLKM,RG,3380,50,D,CC,NI,D
13:47:33,TLKM,RG,3380,299,F,BK,NI,D
13:47:33,TLKM,RG,3380,25,F,YU,NI,D
13:47:33,TLKM,RG,3380,1195,F,YU,NI,D
13:47:33,TLKM,RG,3380,2,D,XC,NI,D
13:47:33,TLKM,RG,3380,1,D,XC,NI,D
13:47:33,TLKM,RG,3380,100,D,CC,NI,D
13:47:33,TLKM,RG,3380,5,D,YP,NI,D
13:47:33,TLKM,RG,3380,20,D,PD,NI,D
13:47:33,TLKM,RG,3380,19,D,DH,NI,D
13:47:33,TLKM,RG,3380,10,D,SQ,NI,D
13:47:33,TLKM,RG,3380,20,D,LG,NI,D
13:47:33,TLKM,RG,3380,20,D,YP,NI,D
13:47:33,TLKM,RG,3380,2,D,YP,NI,D
13:47:33,TLKM,RG,3380,15,F,BK,NI,D
13:47:33,TLKM,RG,3380,1,D,PD,NI,D
13:47:33,TLKM,RG,3380,2,D,NI,NI,D
13:47:33,TLKM,RG,3380,147,D,NI,NI,D
13:47:33,TLKM,RG,3380,500,D,SQ,NI,D
13:47:33,TLKM,RG,3380,41,F,ZP,NI,D
13:47:33,TLKM,RG,3380,27,D,CC,NI,D
13:47:33,TLKM,RG,3380,38,F,BK,NI,D
13:47:33,TLKM,RG,3380,1,F,ZP,NI,D
13:47:33,TLKM,RG,3380,10,D,SQ,NI,D
13:47:33,TLKM,RG,3380,852,F,AK,NI,D
13:47:33,TLKM,RG,3380,7,F,AK,NI,D
13:47:33,TLKM,RG,3380,1,D,CC,NI,D
13:47:33,TLKM,RG,3380,8,F,ZP,NI,D
13:47:33,TLKM,RG,3380,37,F,BK,NI,D
13:47:33,TLKM,RG,3380,10,F,CC,NI,D
13:47:33,TLKM,RG,3380,1,D,PD,NI,D
13:47:33,TLKM,RG,3380,49,D,XC,NI,D
13:47:33,TLKM,RG,3380,6,D,YP,NI,D
13:47:33,TLKM,RG,3380,431,F,BK,NI,D
13:47:33,TLKM,RG,3380,7415,F,AK,NI,D
13:47:33,TLKM,RG,3380,5,D,XC,NI,D
13:47:33,TLKM,RG,3380,1,D,NI,NI,D
13:47:33,TLKM,RG,3380,840,F,AK,NI,D
13:47:33,TLKM,RG,3380,1210,F,AK,NI,D
13:47:33,TLKM,RG,3380,856,F,AK,NI,D
13:47:33,TLKM,RG,3380,7,F,AK,NI,D
13:47:33,TLKM,RG,3380,10,F,AK,NI,D
13:47:33,TLKM,RG,3380,7,F,AK,NI,D
13:47:33,TLKM,RG,3380,11,D,YP,NI,D
13:47:33,TLKM,RG,3380,1479,F,BK,NI,D
13:47:33,TLKM,RG,3380,64,F,BK,NI,D
13:47:33,TLKM,RG,3380,2490,F,CS,NI,D
13:47:33,TLKM,RG,3380,16,F,ZP,NI,D
13:47:33,TLKM,RG,3380,460,F,AK,NI,D
13:47:33,TLKM,RG,3380,2,F,AK,NI,D
13:47:33,TLKM,RG,3380,70,F,AK,NI,D
13:47:33,TLKM,RG,3380,16809,F,BK,NI,D
13:47:33,TLKM,RG,3380,540,F,AK,NI,D
13:47:33,TLKM,RG,3380,12,F,AK,NI,D
13:47:33,TLKM,RG,3380,247,F,AK,NI,D
13:47:33,TLKM,RG,3380,10,F,AK,NI,D
13:47:33,TLKM,RG,3380,386,F,AK,NI,D
13:47:24,TLKM,RG,3380,2,F,AK,XA,D
13:47:15,TLKM,RG,3380,30,F,AK,NI,D
13:47:03,TLKM,RG,3380,1,F,AK,XC,D
13:47:00,TLKM,RG,3390,3,D,PD,KZ,F
13:46:57,TLKM,RG,3390,8,D,XC,KZ,F
13:46:50,TLKM,RG,3390,1,D,NI,KZ,F
13:46:39,TLKM,RG,3380,2,F,AK,XC,D
13:46:39,TLKM,RG,3390,34,F,BK,KZ,F
13:46:35,TLKM,RG,3390,50,F,ZP,KZ,F
13:46:28,TLKM,RG,3380,1,F,AK,DH,D
13:46:22,TLKM,RG,3380,16,F,AK,YP,D
13:46:09,TLKM,RG,3390,2,D,PD,KZ,F
13:46:08,TLKM,RG,3380,1,F,AK,CC,D
13:45:29,TLKM,RG,3390,28,F,ZP,KZ,F
13:45:29,TLKM,RG,3390,20,F,ZP,KZ,F
13:45:15,TLKM,RG,3390,15,F,BK,KZ,F
13:45:15,TLKM,RG,3390,19,F,BK,XC,D
13:45:14,TLKM,RG,3390,59,F,BK,XC,D
13:45:14,TLKM,RG,3390,1,F,BK,NI,D
13:45:14,TLKM,RG,3390,112,F,BK,KZ,F
13:45:10,TLKM,RG,3390,170,F,BK,KZ,F
13:45:09,TLKM,RG,3390,984,F,CS,KZ,F
13:45:09,TLKM,RG,3390,62,F,CS,ZP,F
13:45:09,TLKM,RG,3390,3,F,CS,KZ,F
13:45:09,TLKM,RG,3390,1,F,CS,XC,D
13:45:09,TLKM,RG,3390,562,F,CS,DX,F
13:45:09,TLKM,RG,3390,22,F,CS,NI,D
13:45:09,TLKM,RG,3390,1,F,CS,XC,D
13:45:09,TLKM,RG,3390,2,F,CS,XC,D
13:45:09,TLKM,RG,3390,853,F,CS,KZ,F
13:45:06,TLKM,RG,3390,444,F,BK,KZ,F
13:45:05,TLKM,RG,3390,405,F,AK,KZ,F
13:45:04,TLKM,RG,3390,9,F,ZP,KZ,F
13:45:02,TLKM,RG,3390,171,F,AK,KZ,F
13:45:02,TLKM,RG,3390,10,F,AK,YJ,D
13:45:02,TLKM,RG,3390,141,F,AK,KZ,F
13:45:02,TLKM,RG,3390,164,F,AK,KZ,F
13:45:02,TLKM,RG,3390,1,F,AK,KK,D
13:45:02,TLKM,RG,3390,2,F,AK,DX,D
13:45:02,TLKM,RG,3390,1,F,AK,YP,D
13:45:02,TLKM,RG,3390,50,F,AK,PD,D
13:45:02,TLKM,RG,3390,278,F,AK,DX,F
13:45:02,TLKM,RG,3390,12,F,AK,XC,D
13:45:02,TLKM,RG,3390,5,F,AK,NI,D
13:45:02,TLKM,RG,3390,352,F,AK,DX,F
13:45:02,TLKM,RG,3390,1000,F,AK,YP,D
13:45:02,TLKM,RG,3390,60,F,AK,KZ,F
13:45:02,TLKM,RG,3390,24,F,AK,DX,F
13:45:02,TLKM,RG,3390,30,F,AK,PD,D
13:45:02,TLKM,RG,3390,10,F,AK,PD,D
13:45:02,TLKM,RG,3390,27,F,AK,KZ,F
13:45:02,TLKM,RG,3390,318,F,AK,DX,F
13:45:02,TLKM,RG,3390,121,F,AK,KZ,F
13:45:02,TLKM,RG,3390,450,F,AK,KZ,F
13:45:02,TLKM,RG,3390,1,F,AK,YP,D
13:45:02,TLKM,RG,3390,1,F,AK,AK,F
13:45:02,TLKM,RG,3390,2,F,AK,XC,D
13:45:02,TLKM,RG,3390,4954,F,AK,AK,F
13:45:02,TLKM,RG,3390,3,F,AK,KZ,F
13:45:02,TLKM,RG,3390,12,F,AK,IP,D
13:45:02,TLKM,RG,3390,30,F,AK,PD,D
13:45:02,TLKM,RG,3390,1,F,AK,PD,D
13:45:02,TLKM,RG,3390,44,F,AK,DX,F
13:45:02,TLKM,RG,3390,4,F,AK,XC,D
13:45:02,TLKM,RG,3390,10,F,AK,DH,D
13:45:02,TLKM,RG,3390,7,F,AK,XC,D
13:45:02,TLKM,RG,3390,16,F,AK,CC,D
13:45:02,TLKM,RG,3390,5000,F,AK,NI,D
13:45:02,TLKM,RG,3390,25,F,AK,KK,D
13:45:02,TLKM,RG,3390,35,F,AK,XC,D
13:45:02,TLKM,RG,3390,7,F,AK,ZP,F
13:45:02,TLKM,RG,3390,20,F,AK,PD,D
13:45:02,TLKM,RG,3390,2,F,AK,YP,D
13:45:02,TLKM,RG,3390,4,F,AK,YP,D
13:45:02,TLKM,RG,3390,8,F,AK,YP,D
13:45:02,TLKM,RG,3390,1,F,AK,YP,D
13:45:02,TLKM,RG,3390,4,F,AK,YP,D
13:45:02,TLKM,RG,3390,50,F,AK,CC,D
13:45:02,TLKM,RG,3390,1,F,AK,XC,D
13:45:02,TLKM,RG,3390,5,F,AK,XC,D
13:45:02,TLKM,RG,3390,1,F,AK,XC,D
13:45:02,TLKM,RG,3390,8,F,AK,XC,D
13:45:02,TLKM,RG,3390,93,F,AK,XC,D
13:45:02,TLKM,RG,3390,3,F,AK,XC,D
13:45:02,TLKM,RG,3390,10,F,AK,PD,D
13:45:02,TLKM,RG,3390,30,F,AK,PD,D
13:45:02,TLKM,RG,3390,16,F,AK,CC,D
13:45:02,TLKM,RG,3390,10,F,AK,PD,D
13:45:02,TLKM,RG,3390,50,F,AK,PD,D
13:45:02,TLKM,RG,3390,10,F,AK,AT,D
13:45:02,TLKM,RG,3390,5,F,AK,PD,D
13:45:02,TLKM,RG,3390,30,F,AK,KK,D
13:45:02,TLKM,RG,3390,1,F,AK,KK,D
13:45:02,TLKM,RG,3390,10,F,AK,PD,D
13:45:02,TLKM,RG,3390,3,F,AK,XC,D
13:45:02,TLKM,RG,3390,100,F,AK,YP,D
13:45:02,TLKM,RG,3390,15,F,AK,XC,D
13:45:02,TLKM,RG,3390,2,F,AK,KK,D
13:45:02,TLKM,RG,3390,6,F,AK,XC,D
13:45:02,TLKM,RG,3390,115,F,AK,BK,F
13:45:02,TLKM,RG,3390,20,F,AK,CC,D
13:45:02,TLKM,RG,3390,2,F,AK,KK,D
13:45:02,TLKM,RG,3390,1000,F,AK,CC,D
13:45:02,TLKM,RG,3390,1,F,AK,XC,D
13:45:02,TLKM,RG,3390,1,F,AK,XC,D
13:45:02,TLKM,RG,3390,3,F,AK,XC,D
13:45:02,TLKM,RG,3390,5,F,AK,YP,D
13:45:02,TLKM,RG,3390,1,F,AK,LS,D
13:45:02,TLKM,RG,3390,40,F,AK,OD,D
13:45:02,TLKM,RG,3390,1,F,AK,LS,D
13:45:02,TLKM,RG,3390,1,F,AK,LS,D
13:45:02,TLKM,RG,3390,1,F,AK,YP,D
13:45:02,TLKM,RG,3390,59,F,AK,HP,D
13:45:02,TLKM,RG,3390,160,F,AK,YP,D
13:45:02,TLKM,RG,3390,3,F,AK,CC,D
13:45:02,TLKM,RG,3390,200,F,AK,OD,D
13:45:02,TLKM,RG,3390,1000,F,AK,CC,D
13:45:02,TLKM,RG,3390,3,F,AK,PD,D
13:45:02,TLKM,RG,3390,16,F,AK,PD,D
13:45:02,TLKM,RG,3390,7,F,AK,PD,D
13:45:02,TLKM,RG,3390,1,F,AK,XC,D
13:45:02,TLKM,RG,3390,21,F,AK,NI,D
13:45:02,TLKM,RG,3390,1,F,AK,TF,D
13:45:02,TLKM,RG,3390,15,F,AK,XC,D
13:45:02,TLKM,RG,3390,60,F,AK,OD,D
13:45:02,TLKM,RG,3390,20,F,AK,PD,D
13:45:02,TLKM,RG,3390,5,F,AK,XC,D
13:45:02,TLKM,RG,3390,5,F,AK,XC,D
13:45:02,TLKM,RG,3390,8,F,AK,PD,D
13:45:02,TLKM,RG,3390,14,F,AK,NI,D
13:45:02,TLKM,RG,3390,250,F,AK,CC,D
13:45:02,TLKM,RG,3390,30,F,AK,PD,D
13:45:02,TLKM,RG,3390,32,F,AK,DH,D
13:45:02,TLKM,RG,3390,5,F,AK,YP,D
13:45:02,TLKM,RG,3390,155,F,AK,YP,D
13:45:02,TLKM,RG,3390,13,F,AK,XC,D
13:45:02,TLKM,RG,3390,9,F,AK,XC,D
13:45:02,TLKM,RG,3390,20,F,AK,LS,D
13:45:02,TLKM,RG,3390,1,F,AK,LS,D
13:45:02,TLKM,RG,3390,2,F,AK,XC,D
13:45:02,TLKM,RG,3390,1,F,AK,NI,D
13:45:02,TLKM,RG,3390,1,F,AK,YB,D
13:45:02,TLKM,RG,3390,1,F,AK,KK,D
13:45:02,TLKM,RG,3390,12,F,AK,PD,D
13:45:02,TLKM,RG,3390,6,F,AK,XC,D
13:45:02,TLKM,RG,3390,20,F,AK,DH,D
13:45:02,TLKM,RG,3390,10,F,AK,NI,D
13:45:02,TLKM,RG,3390,2,F,AK,DH,D
13:45:02,TLKM,RG,3390,40,F,AK,LG,D
13:45:02,TLKM,RG,3390,300,F,AK,DR,D
13:45:02,TLKM,RG,3390,50,F,AK,YP,D
13:45:02,TLKM,RG,3390,5,F,AK,DH,D
13:45:02,TLKM,RG,3390,25,F,AK,HP,D
13:45:02,TLKM,RG,3390,5,F,AK,SQ,D
13:45:02,TLKM,RG,3390,1,F,AK,PD,D
13:45:02,TLKM,RG,3390,20,F,AK,CC,D
13:45:02,TLKM,RG,3390,10,F,AK,PD,D
13:45:02,TLKM,RG,3390,3,F,AK,DR,D
13:45:02,TLKM,RG,3390,1,F,AK,KK,D
13:45:02,TLKM,RG,3390,3,F,AK,SQ,D
13:45:02,TLKM,RG,3390,2,F,AK,NI,D
13:45:02,TLKM,RG,3390,10,F,AK,EP,D
13:45:02,TLKM,RG,3390,14,F,AK,PD,D
13:45:02,TLKM,RG,3390,39,F,AK,NI,D
13:45:02,TLKM,RG,3390,10,F,AK,YP,D
13:45:02,TLKM,RG,3390,50,F,AK,XC,D
13:45:02,TLKM,RG,3390,2,F,AK,YP,D
13:45:02,TLKM,RG,3390,2,F,AK,KK,D
13:45:02,TLKM,RG,3390,2,F,AK,PD,D
13:45:02,TLKM,RG,3390,1,F,AK,YP,D
13:45:02,TLKM,RG,3390,2,F,AK,PD,D
13:45:02,TLKM,RG,3390,3,F,AK,DH,D
13:45:02,TLKM,RG,3390,10,F,AK,LG,D
13:45:02,TLKM,RG,3390,2,F,AK,DH,D
13:45:02,TLKM,RG,3390,50,F,AK,CC,D
13:45:02,TLKM,RG,3390,10,F,AK,CC,D
13:45:02,TLKM,RG,3390,5,F,AK,XC,D
13:45:02,TLKM,RG,3390,8505,F,AK,LS,D
13:44:51,TLKM,RG,3380,37,F,AK,IP,D
13:44:51,TLKM,RG,3380,13,F,AK,IP,D
13:44:50,TLKM,RG,3390,1,D,KK,LS,D
13:44:46,TLKM,RG,3380,1,F,AK,PD,D
13:44:42,TLKM,RG,3380,3,F,AK,XC,D
13:44:38,TLKM,RG,3380,1,F,AK,CC,D
13:44:27,TLKM,RG,3380,2,F,AK,XC,D
13:44:25,TLKM,RG,3390,52,F,ZP,LS,D
13:44:25,TLKM,RG,3380,5,F,AK,HP,D
13:44:23,TLKM,RG,3390,31,D,DP,LS,D
13:44:10,TLKM,RG,3380,5,F,AK,CC,D
13:44:08,TLKM,RG,3380,4,F,AK,XC,D
13:44:06,TLKM,RG,3380,1,F,AK,PD,D
13:44:04,TLKM,RG,3380,1,F,AK,XC,D
13:44:02,TLKM,RG,3390,1,D,XC,LS,D
13:43:55,TLKM,RG,3380,750,F,AK,YP,D
13:43:51,TLKM,RG,3390,34,F,BK,LS,D
13:43:32,TLKM,RG,3380,1,F,AK,XC,D
13:43:25,TLKM,RG,3380,1,F,AK,PD,D
13:43:22,TLKM,RG,3380,115,F,AK,YP,D
13:43:22,TLKM,RG,3380,110,F,BK,YP,D
13:43:21,TLKM,RG,3390,1,D,PD,LS,D
13:43:20,TLKM,RG,3390,15,D,CC,LS,D
13:43:18,TLKM,RG,3390,47,F,ZP,LS,D
13:43:17,TLKM,RG,3380,2,F,BK,XC,D
13:43:16,TLKM,RG,3390,2,D,NI,LS,D
13:43:11,TLKM,RG,3390,103,D,YU,LS,D
13:43:07,TLKM,RG,3380,7,F,BK,NI,D
13:42:51,TLKM,RG,3380,6,F,BK,PD,D
13:42:35,TLKM,RG,3390,1,D,YP,LS,D
13:42:28,TLKM,RG,3390,20,D,LG,LS,D
13:42:23,TLKM,RG,3390,36,F,BK,LS,D
13:42:22,TLKM,RG,3390,1,D,XC,LS,D
13:42:19,TLKM,RG,3390,1,D,CC,LS,D
13:42:17,TLKM,RG,3390,1,D,YP,LS,D
13:42:15,TLKM,RG,3390,6,F,ZP,LS,D
13:42:05,TLKM,RG,3390,1,D,XC,LS,D
13:42:04,TLKM,RG,3380,1,F,BK,DH,D
13:41:44,TLKM,RG,3380,1,F,BK,CC,D
13:41:42,TLKM,RG,3390,1,D,XC,LS,D
13:41:37,TLKM,RG,3390,11,D,CC,LS,D
13:41:28,TLKM,RG,3390,1,D,PD,LS,D
13:41:01,TLKM,RG,3390,5,D,TF,LS,D
13:40:58,TLKM,RG,3390,1,D,PD,LS,D
13:40:57,TLKM,RG,3380,10,F,BK,PD,D
13:40:54,TLKM,RG,3380,15,F,BK,NI,D
13:40:46,TLKM,RG,3390,3,D,NI,LS,D
13:40:33,TLKM,RG,3390,2,D,CC,LS,D
13:40:32,TLKM,RG,3380,4,F,BK,XC,D
13:40:24,TLKM,RG,3380,1,F,BK,KK,D
13:40:22,TLKM,RG,3380,150,F,BK,CC,D
13:40:19,TLKM,RG,3380,1,F,BK,XC,D
13:40:17,TLKM,RG,3380,1,F,BK,NI,D
13:40:16,TLKM,RG,3380,1,F,BK,CC,D
13:39:51,TLKM,RG,3380,30,F,BK,GR,D
13:39:48,TLKM,RG,3380,10,F,BK,GR,D
13:39:43,TLKM,RG,3390,30,D,DP,LS,D
13:39:43,TLKM,RG,3380,1,F,BK,XC,D
13:39:36,TLKM,RG,3380,20,F,BK,NI,D
13:39:04,TLKM,RG,3380,5,F,BK,XC,D
13:38:49,TLKM,RG,3380,8,F,BK,YP,D
13:38:46,TLKM,RG,3380,1,F,BK,CC,D
13:38:27,TLKM,RG,3380,1,F,BK,CC,D
13:38:23,TLKM,RG,3380,3,F,BK,NI,D
13:38:19,TLKM,RG,3380,100,F,BK,AI,D
13:38:17,TLKM,RG,3390,25,D,YU,LS,D
13:38:16,TLKM,RG,3390,3,D,PD,LS,D
13:38:10,TLKM,RG,3390,45,F,BK,LS,D
13:38:08,TLKM,RG,3390,10,D,XC,LS,D
13:38:06,TLKM,RG,3390,325,F,BK,LS,D
13:38:03,TLKM,RG,3380,1,F,BK,XC,D
13:38:03,TLKM,RG,3390,679,F,CS,LS,D
13:38:03,TLKM,RG,3390,2,F,CS,NI,D
13:38:03,TLKM,RG,3390,10,F,CS,NI,D
13:38:03,TLKM,RG,3390,19,F,CS,YP,D
13:38:03,TLKM,RG,3390,2,F,CS,PD,D
13:38:03,TLKM,RG,3390,50,F,CS,AT,D
13:38:03,TLKM,RG,3390,500,F,CS,CD,D
13:38:03,TLKM,RG,3390,30,F,CS,SQ,D
13:38:03,TLKM,RG,3390,2,F,CS,KZ,F
13:38:03,TLKM,RG,3390,10,F,CS,PD,D
13:38:03,TLKM,RG,3390,1,F,CS,KZ,F
13:38:03,TLKM,RG,3390,7,F,CS,KZ,F
13:38:03,TLKM,RG,3390,9,F,CS,YP,D
13:38:03,TLKM,RG,3390,10,F,CS,PD,D
13:38:03,TLKM,RG,3390,1,F,CS,PD,D
13:38:03,TLKM,RG,3390,12,F,CS,KZ,F
13:38:03,TLKM,RG,3390,22,F,CS,KZ,F
13:38:03,TLKM,RG,3390,122,F,CS,IF,D
13:38:03,TLKM,RG,3390,13,F,CS,KZ,F
13:38:03,TLKM,RG,3390,2,F,CS,KZ,F
13:38:03,TLKM,RG,3390,8,F,CS,NI,D
13:38:03,TLKM,RG,3390,1,F,CS,YP,D
13:38:03,TLKM,RG,3390,4,F,CS,KZ,F
13:38:03,TLKM,RG,3390,10,F,CS,KZ,F
13:38:03,TLKM,RG,3390,21,F,CS,XC,D
13:38:03,TLKM,RG,3390,943,F,CS,KZ,F
13:38:02,TLKM,RG,3390,518,F,BK,KZ,F
13:37:59,TLKM,RG,3380,761,F,BK,FZ,D
13:37:59,TLKM,RG,3380,91,F,BK,FZ,D
13:37:59,TLKM,RG,3380,181,F,ZP,FZ,D
13:37:59,TLKM,RG,3380,2490,F,CS,FZ,D
13:37:59,TLKM,RG,3380,167,F,AK,FZ,D
13:37:59,TLKM,RG,3380,623,D,DP,FZ,D
13:37:59,TLKM,RG,3380,14,F,AK,FZ,D
13:37:59,TLKM,RG,3380,1,F,ZP,FZ,D
13:37:59,TLKM,RG,3380,32,F,YU,FZ,D
13:37:59,TLKM,RG,3380,5,F,CC,FZ,D
13:37:59,TLKM,RG,3380,635,F,YU,FZ,D
13:37:53,TLKM,RG,3380,1,F,YU,PD,D
13:37:48,TLKM,RG,3380,100,F,YU,CC,D
13:37:42,TLKM,RG,3380,1,F,YU,YP,D
13:37:42,TLKM,RG,3380,14,F,YU,NI,D
13:37:40,TLKM,RG,3390,49,F,BK,KZ,F
13:37:38,TLKM,RG,3390,211,F,ZP,KZ,F
13:37:32,TLKM,RG,3380,2,F,YU,XC,D
13:37:29,TLKM,RG,3390,72,F,BK,KZ,F
13:37:29,TLKM,RG,3390,44,D,AZ,KZ,F
13:37:25,TLKM,RG,3390,23,F,BK,KZ,F
13:37:25,TLKM,RG,3390,25,F,BK,DR,D
13:37:25,TLKM,RG,3390,2,F,BK,XC,D
13:37:25,TLKM,RG,3390,5,F,BK,CC,D
13:37:25,TLKM,RG,3390,12,F,BK,AG,D
13:37:24,TLKM,RG,3380,443,F,YU,SQ,D
13:37:13,TLKM,RG,3390,1,F,BK,NI,D
13:37:13,TLKM,RG,3390,34,F,BK,XC,D
13:37:13,TLKM,RG,3390,1,F,BK,YP,D
13:37:11,TLKM,RG,3390,65,F,BK,YP,D
13:37:09,TLKM,RG,3390,34,F,BK,YP,D
13:37:09,TLKM,RG,3390,30,F,BK,YP,D
13:37:09,TLKM,RG,3390,32,F,BK,YP,D
13:37:06,TLKM,RG,3390,18,F,BK,YP,D
13:37:06,TLKM,RG,3390,5,F,BK,YU,D
13:37:06,TLKM,RG,3390,500,F,BK,IT,D
13:37:06,TLKM,RG,3390,172,F,BK,YB,D
13:37:06,TLKM,RG,3390,195,F,BK,YB,D
13:37:04,TLKM,RG,3380,7,F,YU,XC,D
13:37:02,TLKM,RG,3390,102,F,ZP,YB,D
13:37:01,TLKM,RG,3390,31,F,BK,YB,D
13:37:01,TLKM,RG,3390,1,F,BK,SQ,D
13:37:01,TLKM,RG,3390,7,F,BK,SQ,D
13:37:01,TLKM,RG,3390,1,F,BK,XC,D
13:37:01,TLKM,RG,3390,3,F,AK,XC,D
13:37:01,TLKM,RG,3390,23,F,AK,XC,D
13:37:01,TLKM,RG,3390,2,F,AK,PD,D
13:37:01,TLKM,RG,3390,10,F,AK,PD,D
13:37:01,TLKM,RG,3390,1,F,AK,NI,D
13:37:01,TLKM,RG,3390,100,F,AK,CC,D
13:37:01,TLKM,RG,3390,25,F,AK,YP,D
13:37:01,TLKM,RG,3390,100,F,AK,YP,D
13:37:01,TLKM,RG,3390,1000,F,AK,YP,D
13:37:01,TLKM,RG,3390,500,F,AK,YP,D
13:37:01,TLKM,RG,3390,368,F,AK,YP,D
13:37:01,TLKM,RG,3390,100,F,AK,YP,D
13:37:01,TLKM,RG,3390,5,F,AK,YP,D
13:37:01,TLKM,RG,3390,53,F,AK,CC,D
13:37:01,TLKM,RG,3390,1,F,AK,YP,D
13:37:01,TLKM,RG,3390,10,F,AK,YP,D
13:37:01,TLKM,RG,3390,1,F,AK,YP,D
13:37:01,TLKM,RG,3390,10,F,AK,PD,D
13:37:01,TLKM,RG,3390,5,F,AK,CC,D
13:37:01,TLKM,RG,3390,2,F,AK,DH,D
13:37:01,TLKM,RG,3390,2,F,AK,DH,D
13:37:01,TLKM,RG,3390,50,F,AK,CC,D
13:37:01,TLKM,RG,3390,200,F,AK,CP,D
13:37:01,TLKM,RG,3390,1,F,AK,YP,D
13:37:01,TLKM,RG,3390,1,F,AK,PD,D
13:37:01,TLKM,RG,3390,10,F,AK,PD,D
13:37:01,TLKM,RG,3390,5,F,AK,PD,D
13:37:01,TLKM,RG,3390,4,F,AK,PD,D
13:37:01,TLKM,RG,3390,560,F,AK,CC,D
13:37:01,TLKM,RG,3390,1,F,AK,XC,D
13:37:01,TLKM,RG,3390,50,F,AK,OK,D
13:37:01,TLKM,RG,3390,5,F,AK,PD,D
13:37:01,TLKM,RG,3390,5,F,AK,PD,D
13:37:01,TLKM,RG,3390,1,F,AK,PD,D
13:37:01,TLKM,RG,3390,27,F,AK,XC,D
13:37:01,TLKM,RG,3390,2,F,AK,YU,D
13:37:01,TLKM,RG,3390,100,F,AK,CP,D
13:37:01,TLKM,RG,3390,50,F,AK,TP,D
13:37:01,TLKM,RG,3390,50,F,AK,CP,D
13:37:01,TLKM,RG,3390,1,F,AK,TP,D
13:37:01,TLKM,RG,3390,500,F,AK,ES,D
13:37:01,TLKM,RG,3390,100,F,AK,TP,D
13:37:01,TLKM,RG,3390,956,F,AK,MG,D
13:37:01,TLKM,RG,3380,1,F,YU,PD,D
13:37:01,TLKM,RG,3380,933,F,YU,KZ,F
13:37:01,TLKM,RG,3380,662,F,YU,KZ,F
13:37:01,TLKM,RG,3380,12,F,ZP,KZ,F
13:37:01,TLKM,RG,3380,14,F,AK,KZ,F
13:37:01,TLKM,RG,3380,19,D,DP,KZ,F
13:37:00,TLKM,RG,3390,44,F,BK,MG,D
13:36:57,TLKM,RG,3380,25,F,BK,AK,F
13:36:54,TLKM,RG,3380,11,F,BK,AK,F
13:36:54,TLKM,RG,3380,111,F,BK,AK,F
13:36:54,TLKM,RG,3380,90,F,BK,KZ,F
13:36:51,TLKM,RG,3380,136,F,BK,KZ,F
13:36:50,TLKM,RG,3380,14,F,CS,KZ,F
13:36:50,TLKM,RG,3380,650,F,CS,KZ,F
13:36:50,TLKM,RG,3380,15,F,CS,KZ,F
13:36:50,TLKM,RG,3380,1,F,CS,XC,D
13:36:50,TLKM,RG,3380,58,F,CS,AK,F
13:36:50,TLKM,RG,3380,1179,F,CS,AK,F
13:36:50,TLKM,RG,3380,33,F,CS,DX,F
13:36:48,TLKM,RG,3380,39,F,BK,DX,F
13:36:45,TLKM,RG,3380,92,F,BK,DX,F
13:36:43,TLKM,RG,3380,116,F,BK,DX,F
13:36:42,TLKM,RG,3380,68,F,YU,DX,F
13:36:41,TLKM,RG,3380,5,F,BK,DX,F
13:36:41,TLKM,RG,3380,932,F,BK,KZ,F
13:36:41,TLKM,RG,3380,67,F,YU,KZ,F
13:36:40,TLKM,RG,3380,181,F,BK,KZ,F
13:36:40,TLKM,RG,3380,5,F,BK,XC,D
13:36:40,TLKM,RG,3380,2,F,BK,YP,D
13:36:40,TLKM,RG,3380,5,F,BK,HP,D
13:36:40,TLKM,RG,3380,88,F,BK,ZP,F
13:36:40,TLKM,RG,3380,5,F,BK,PD,D
13:36:40,TLKM,RG,3380,1,F,BK,CC,D
13:36:40,TLKM,RG,3380,1,F,BK,KZ,F
13:36:40,TLKM,RG,3380,3,F,BK,XC,D
13:36:40,TLKM,RG,3380,360,F,BK,DX,F
13:36:39,TLKM,RG,3380,104,D,YU,DX,F
13:36:39,TLKM,RG,3380,28,F,YU,DX,F
13:36:39,TLKM,RG,3380,3,F,YU,DX,D
13:36:39,TLKM,RG,3380,25,F,YU,DX,F
13:36:39,TLKM,RG,3380,12,F,YU,XC,D
13:36:39,TLKM,RG,3380,1,F,YU,XC,D
13:36:39,TLKM,RG,3380,5,F,YU,NI,D
13:36:38,TLKM,RG,3380,7,F,BK,NI,D
13:36:38,TLKM,RG,3380,5,F,BK,PD,D
13:36:38,TLKM,RG,3380,1,F,BK,NI,D
13:36:38,TLKM,RG,3380,13,F,BK,NI,D
13:36:38,TLKM,RG,3380,1,F,BK,YP,D
13:36:38,TLKM,RG,3380,1,F,BK,XC,D
13:36:38,TLKM,RG,3380,836,F,BK,KZ,F
13:36:38,TLKM,RG,3380,2,F,BK,PD,D
13:36:38,TLKM,RG,3380,390,F,BK,DX,F
13:36:38,TLKM,RG,3380,74,F,BK,ZP,F
13:36:38,TLKM,RG,3380,12,F,BK,YU,D
13:36:38,TLKM,RG,3380,116,F,BK,DX,F
13:36:38,TLKM,RG,3380,140,F,AK,DX,F
13:36:38,TLKM,RG,3380,93,F,AK,AK,F
13:36:38,TLKM,RG,3380,1,F,AK,XC,D
13:36:38,TLKM,RG,3380,2,F,AK,KZ,F
13:36:38,TLKM,RG,3380,200,F,AK,XC,D
13:36:38,TLKM,RG,3380,1,F,AK,PD,D
13:36:38,TLKM,RG,3380,397,F,AK,DX,F
13:36:38,TLKM,RG,3380,18,F,AK,CC,D
13:36:38,TLKM,RG,3380,34,F,AK,BK,F
13:36:38,TLKM,RG,3380,1519,F,AK,KZ,F
13:36:38,TLKM,RG,3380,2,F,AK,CC,D
13:36:38,TLKM,RG,3380,1,F,AK,KZ,F
13:36:38,TLKM,RG,3380,4,F,AK,KZ,F
13:36:38,TLKM,RG,3380,86,F,AK,ZP,F
13:36:38,TLKM,RG,3380,1,F,AK,KK,D
13:36:38,TLKM,RG,3380,1,F,AK,PD,D
13:36:38,TLKM,RG,3380,2,F,AK,KK,D
13:36:38,TLKM,RG,3380,26,F,AK,DX,F
13:36:38,TLKM,RG,3380,396,F,AK,DX,F
13:36:38,TLKM,RG,3380,6,F,AK,XC,D
13:36:38,TLKM,RG,3380,20,F,AK,PD,D
13:36:38,TLKM,RG,3380,265,F,AK,DX,F
13:36:38,TLKM,RG,3380,30,F,AK,AG,D
13:36:38,TLKM,RG,3380,39,F,AK,BK,F
13:36:38,TLKM,RG,3380,1,F,AK,OD,D
13:36:38,TLKM,RG,3380,27,F,AK,DR,D
13:36:38,TLKM,RG,3380,3,F,AK,KZ,F
13:36:38,TLKM,RG,3380,392,F,AK,DX,F
13:36:38,TLKM,RG,3380,194,F,AK,DX,F
13:36:38,TLKM,RG,3380,1,F,AK,KZ,F
13:36:38,TLKM,RG,3380,3,F,AK,AK,F
13:36:38,TLKM,RG,3380,18,F,AK,KZ,F
13:36:38,TLKM,RG,3380,8,F,AK,AK,F
13:36:38,TLKM,RG,3380,47,F,AK,KZ,F
13:36:38,TLKM,RG,3380,1,F,AK,KK,D
13:36:38,TLKM,RG,3380,1021,F,AK,AK,F
13:36:38,TLKM,RG,3380,954,F,AK,AK,F
13:36:37,TLKM,RG,3380,430,F,BK,AK,F
13:36:37,TLKM,RG,3380,1170,F,AK,AK,F
13:36:37,TLKM,RG,3380,208,F,AK,ZP,F
13:36:37,TLKM,RG,3380,1,F,AK,YP,D
13:36:37,TLKM,RG,3380,38,F,AK,YP,D
13:36:37,TLKM,RG,3380,10,F,AK,YP,D
13:36:37,TLKM,RG,3380,30,F,AK,YP,D
13:36:37,TLKM,RG,3380,500,F,AK,YP,D
13:36:37,TLKM,RG,3380,1,F,AK,YP,D
13:36:37,TLKM,RG,3380,100,F,AK,YP,D
13:36:37,TLKM,RG,3380,2,F,AK,XC,D
13:36:37,TLKM,RG,3380,1,F,AK,XC,D
13:36:37,TLKM,RG,3380,1,F,AK,XC,D
13:36:37,TLKM,RG,3380,4,F,AK,XC,D
13:36:37,TLKM,RG,3380,6,F,AK,XC,D
13:36:37,TLKM,RG,3380,10,F,AK,PD,D
13:36:37,TLKM,RG,3380,6,F,AK,PD,D
13:36:37,TLKM,RG,3380,15,F,AK,XC,D
13:36:37,TLKM,RG,3380,1,F,AK,XC,D
13:36:37,TLKM,RG,3380,3,F,AK,XC,D
13:36:37,TLKM,RG,3380,1,F,AK,PD,D
13:36:37,TLKM,RG,3380,8,F,AK,PD,D
13:36:37,TLKM,RG,3380,1,F,AK,PD,D
13:36:37,TLKM,RG,3380,36,F,AK,CC,D
13:36:37,TLKM,RG,3380,20,F,AK,CC,D
13:36:37,TLKM,RG,3380,1,F,AK,PD,D
13:36:37,TLKM,RG,3380,10,F,AK,PD,D
13:36:37,TLKM,RG,3380,10,F,AK,PD,D
13:36:37,TLKM,RG,3380,43,F,AK,BK,F
13:36:37,TLKM,RG,3380,1,F,AK,PD,D
13:36:37,TLKM,RG,3380,2,F,AK,PD,D
13:36:37,TLKM,RG,3380,2,F,AK,PD,D
13:36:37,TLKM,RG,3380,3,F,AK,DH,D
13:36:37,TLKM,RG,3380,40,F,AK,PD,D
13:36:37,TLKM,RG,3380,5,F,AK,PD,D
13:36:37,TLKM,RG,3380,26,F,AK,KK,D
13:36:37,TLKM,RG,3380,21,F,AK,PD,D
13:36:37,TLKM,RG,3380,1,F,AK,PD,D
13:36:37,TLKM,RG,3380,992,F,AK,ZP,F
13:36:37,TLKM,RG,3380,2,F,AK,KK,D
13:36:37,TLKM,RG,3380,50,F,AK,KK,D
13:36:37,TLKM,RG,3380,15,F,AK,HP,D
13:36:37,TLKM,RG,3380,1,F,AK,PD,D
13:36:37,TLKM,RG,3380,1,F,AK,PD,D
13:36:37,TLKM,RG,3380,40,F,AK,PD,D
13:36:37,TLKM,RG,3380,179,F,AK,DX,F
13:36:37,TLKM,RG,3380,1,F,AK,PD,D
13:36:37,TLKM,RG,3380,3,F,AK,XC,D
13:36:37,TLKM,RG,3380,1,F,AK,XC,D
13:36:37,TLKM,RG,3380,4,F,AK,DX,F
13:36:37,TLKM,RG,3380,15,F,AK,PD,D
13:36:37,TLKM,RG,3380,15,F,AK,XC,D
13:36:37,TLKM,RG,3380,5,F,AK,PD,D
13:36:37,TLKM,RG,3380,10,F,AK,XC,D
13:36:37,TLKM,RG,3380,97,F,AK,BK,F
13:36:37,TLKM,RG,3380,295,F,AK,NI,D
13:36:37,TLKM,RG,3380,10,F,AK,XC,D
13:36:37,TLKM,RG,3380,200,F,AK,PD,D
13:36:37,TLKM,RG,3380,5,F,AK,XC,D
13:36:37,TLKM,RG,3380,10,F,AK,BQ,D
13:36:37,TLKM,RG,3380,1,F,AK,YP,D
13:36:37,TLKM,RG,3380,200,F,AK,YP,D
13:36:37,TLKM,RG,3380,3,F,AK,NI,D
13:36:37,TLKM,RG,3380,55,F,AK,PD,D
13:36:37,TLKM,RG,3380,100,F,AK,TP,D
13:36:37,TLKM,RG,3380,18,F,AK,XC,D
13:36:37,TLKM,RG,3380,1,F,AK,XC,D
13:36:37,TLKM,RG,3380,11,F,AK,XC,D
13:36:37,TLKM,RG,3380,6,F,AK,PD,D
13:36:37,TLKM,RG,3380,2,F,AK,CC,D
13:36:37,TLKM,RG,3380,9,F,AK,CC,D
13:36:37,TLKM,RG,3380,3,F,AK,PD,D
13:36:37,TLKM,RG,3380,60,F,AK,PD,D
13:36:37,TLKM,RG,3380,5,F,AK,PD,D
13:36:37,TLKM,RG,3380,237,F,AK,NI,D
13:36:36,TLKM,RG,3380,10,F,ZP,NI,D
13:36:35,TLKM,RG,3380,4753,F,AK,NI,D
13:36:35,TLKM,RG,3380,2,F,AK,PD,D
13:36:35,TLKM,RG,3380,1,F,AK,PD,D
13:36:35,TLKM,RG,3380,2,F,AK,PD,D
13:36:35,TLKM,RG,3380,2,F,AK,PD,D
13:36:35,TLKM,RG,3380,50,F,AK,PD,D
13:36:35,TLKM,RG,3380,100,F,AK,AT,D
13:36:35,TLKM,RG,3380,3,F,AK,PD,D
13:36:35,TLKM,RG,3380,3,F,AK,KK,D
13:36:35,TLKM,RG,3380,500,F,AK,XA,D
13:36:35,TLKM,RG,3380,5,F,AK,XC,D
13:36:35,TLKM,RG,3380,1,F,AK,XC,D
13:36:35,TLKM,RG,3380,3,F,AK,OD,D
13:36:35,TLKM,RG,3380,5,F,AK,CC,F
13:36:35,TLKM,RG,3380,6,F,AK,PD,D
13:36:35,TLKM,RG,3380,1,F,AK,XC,D
13:36:35,TLKM,RG,3380,1,F,AK,TF,D
13:36:35,TLKM,RG,3380,20,F,AK,OD,D
13:36:35,TLKM,RG,3380,54,F,AK,XC,D
13:36:35,TLKM,RG,3380,1,F,AK,KK,D
13:36:35,TLKM,RG,3380,2,F,AK,DX,F
13:36:35,TLKM,RG,3380,43,F,AK,YP,D
13:36:35,TLKM,RG,3380,2,F,AK,PD,D
13:36:35,TLKM,RG,3380,15,F,AK,AT,D
13:36:35,TLKM,RG,3380,1,F,AK,PD,D
13:36:35,TLKM,RG,3380,5,F,AK,XC,D
13:36:35,TLKM,RG,3380,1,F,AK,PD,D
13:36:35,TLKM,RG,3380,850,F,AK,LG,D
13:36:35,TLKM,RG,3380,2,F,AK,CP,D
13:36:35,TLKM,RG,3380,30,F,AK,YP,D
13:36:35,TLKM,RG,3380,50,F,AK,KK,D
13:36:35,TLKM,RG,3380,1,F,AK,LG,D
13:36:35,TLKM,RG,3380,10,F,AK,PD,D
13:36:35,TLKM,RG,3380,1,F,AK,XC,D
13:36:35,TLKM,RG,3380,3,F,AK,NI,D
13:36:35,TLKM,RG,3380,125,F,AK,YP,D
13:36:35,TLKM,RG,3380,80,F,AK,CD,D
13:36:35,TLKM,RG,3380,2,F,AK,DX,F
13:36:35,TLKM,RG,3380,40,F,AK,YP,D
13:36:35,TLKM,RG,3380,4,F,AK,PD,D
13:36:35,TLKM,RG,3380,2,F,AK,YP,D
13:36:35,TLKM,RG,3380,30,F,AK,OD,D
13:36:35,TLKM,RG,3380,1000,F,AK,YP,D
13:36:35,TLKM,RG,3380,1,F,AK,KK,D
13:36:35,TLKM,RG,3380,2,F,AK,KZ,F
13:36:35,TLKM,RG,3380,12,F,AK,XC,D
13:36:35,TLKM,RG,3380,2,F,AK,KZ,F
13:36:35,TLKM,RG,3380,10,F,AK,PD,D
13:36:35,TLKM,RG,3380,1,F,AK,KZ,F
13:36:35,TLKM,RG,3380,1,F,AK,AT,D
13:36:35,TLKM,RG,3380,29,F,AK,KZ,F
13:36:35,TLKM,RG,3380,25,F,AK,YP,D
13:36:35,TLKM,RG,3380,1,F,AK,KK,D
13:36:35,TLKM,RG,3380,6,F,AK,KZ,F
13:36:35,TLKM,RG,3380,45,F,AK,CC,D
13:36:35,TLKM,RG,3380,3,F,AK,KZ,F
13:36:35,TLKM,RG,3380,15,F,AK,XA,D
13:36:35,TLKM,RG,3380,3,F,AK,KZ,F
13:36:35,TLKM,RG,3380,45,F,AK,PD,D
13:36:35,TLKM,RG,3380,1,F,AK,PD,D
13:36:35,TLKM,RG,3380,15,F,AK,NI,D
13:36:35,TLKM,RG,3380,1,F,AK,XC,D
13:36:35,TLKM,RG,3380,177,F,AK,KZ,F
13:36:35,TLKM,RG,3380,1000,F,AK,YP,D
13:36:35,TLKM,RG,3380,498,F,AK,KZ,F
13:36:35,TLKM,RG,3380,295,F,AK,SQ,D
13:36:34,TLKM,RG,3380,947,F,BK,SQ,D
13:36:22,TLKM,RG,3380,133,F,BK,SQ,D
13:36:22,TLKM,RG,3380,625,F,BK,SQ,D
13:36:22,TLKM,RG,3380,1,F,BK,PD,D
13:36:22,TLKM,RG,3380,5,F,BK,PD,D
13:36:22,TLKM,RG,3380,90,F,BK,GR,D
13:36:22,TLKM,RG,3380,1,F,BK,XC,D
13:36:22,TLKM,RG,3380,1,F,BK,EP,D
13:36:22,TLKM,RG,3380,2,F,BK,XC,D
13:36:22,TLKM,RG,3380,3,F,BK,CC,D
13:36:22,TLKM,RG,3380,1,F,BK,XC,D
13:36:22,TLKM,RG,3380,57,F,BK,ZP,F
13:36:22,TLKM,RG,3380,27,F,BK,PD,D
13:36:22,TLKM,RG,3380,3,F,BK,SQ,D
13:36:22,TLKM,RG,3380,3,F,BK,PD,D
13:36:22,TLKM,RG,3380,2,F,BK,XC,D
13:36:22,TLKM,RG,3380,5,F,BK,YP,D
13:36:22,TLKM,RG,3380,2,F,BK,YP,D
13:36:22,TLKM,RG,3380,12,F,BK,NI,D
13:36:22,TLKM,RG,3380,1,F,BK,YP,D
13:36:22,TLKM,RG,3380,3,F,BK,ZP,F
13:36:22,TLKM,RG,3380,1,F,BK,XC,D
13:36:22,TLKM,RG,3380,60,F,BK,PD,D
13:36:22,TLKM,RG,3380,3,F,BK,PD,D
13:36:22,TLKM,RG,3380,1,F,BK,OD,D
13:36:10,TLKM,RG,3370,1,F,BK,PD,D
13:35:54,TLKM,RG,3380,1,D,XC,OD,D
13:35:48,TLKM,RG,3380,1,D,YP,OD,D
13:35:48,TLKM,RG,3370,1,F,BK,CC,D
13:35:36,TLKM,RG,3380,3,D,CC,OD,D
13:35:26,TLKM,RG,3380,38,F,BK,OD,D
13:35:24,TLKM,RG,3380,11,D,CC,OD,D
13:35:22,TLKM,RG,3370,3,F,BK,XC,D
13:34:58,TLKM,RG,3370,2,F,BK,DX,D
13:34:53,TLKM,RG,3380,25,D,YU,OD,D
13:34:52,TLKM,RG,3380,6,D,XC,OD,D
13:34:49,TLKM,RG,3380,2,D,CC,OD,D
13:34:46,TLKM,RG,3380,20,D,EP,OD,D
13:34:26,TLKM,RG,3380,56,F,BK,OD,D
13:34:24,TLKM,RG,3380,126,F,BK,OD,D
13:34:24,TLKM,RG,3380,1,F,BK,XC,D
13:34:24,TLKM,RG,3380,1,F,BK,YP,D
13:34:24,TLKM,RG,3380,1,F,BK,XC,D
13:34:24,TLKM,RG,3380,11,F,BK,YP,D
13:34:24,TLKM,RG,3380,1,F,BK,XC,D
13:34:24,TLKM,RG,3380,100,F,BK,CD,D
13:34:24,TLKM,RG,3380,10,F,BK,DH,D
13:34:24,TLKM,RG,3380,43,F,BK,XC,D
13:34:24,TLKM,RG,3380,1,F,BK,PD,D
13:34:24,TLKM,RG,3380,1,F,BK,XC,D
13:34:24,TLKM,RG,3380,300,F,BK,CC,D
13:34:24,TLKM,RG,3380,192,F,BK,LG,D
13:34:15,TLKM,RG,3380,50,F,BK,LG,D
13:34:14,TLKM,RG,3380,758,F,CS,LG,D
13:34:14,TLKM,RG,3380,2,F,CS,DR,D
13:34:14,TLKM,RG,3380,10,F,CS,YP,D
13:34:14,TLKM,RG,3380,1,F,CS,XC,D
13:34:14,TLKM,RG,3380,2,F,CS,DH,D
13:34:14,TLKM,RG,3380,1692,F,CS,KZ,F
13:34:14,TLKM,RG,3380,1,F,CS,NI,D
13:34:14,TLKM,RG,3380,24,F,CS,NI,D
13:34:14,TLKM,RG,3370,1,F,BK,CC,D
13:34:12,TLKM,RG,3380,12,D,DH,NI,D
13:34:08,TLKM,RG,3380,170,F,BK,NI,D
13:34:04,TLKM,RG,3380,34,F,BK,NI,D
13:34:02,TLKM,RG,3380,1,D,XC,NI,D
13:33:48,TLKM,RG,3380,143,F,BK,NI,D
13:33:39,TLKM,RG,3380,429,F,BK,NI,D
13:33:30,TLKM,RG,3380,87,F,BK,NI,D
13:33:30,TLKM,RG,3380,5,F,BK,PD,D
13:33:30,TLKM,RG,3380,2,F,BK,XC,D
13:33:30,TLKM,RG,3380,5,F,BK,DH,D
13:33:30,TLKM,RG,3380,50,F,BK,IP,D
13:33:30,TLKM,RG,3380,100,F,BK,PO,D
13:33:30,TLKM,RG,3380,1,F,BK,SQ,D
13:33:30,TLKM,RG,3380,50,F,BK,CC,D
13:33:30,TLKM,RG,3380,1,F,BK,YP,D
13:33:30,TLKM,RG,3380,3,F,BK,PD,D
13:33:30,TLKM,RG,3380,65,F,BK,CC,D
13:33:30,TLKM,RG,3380,25,F,BK,YP,D
13:33:30,TLKM,RG,3380,36,F,BK,YP,D
13:33:30,TLKM,RG,3380,3,F,BK,NI,D
13:33:30,TLKM,RG,3380,100,F,BK,YP,D
13:33:30,TLKM,RG,3380,5,F,BK,YP,D
13:33:30,TLKM,RG,3380,1,F,BK,YP,D
13:33:30,TLKM,RG,3380,2,F,BK,PD,D
13:33:30,TLKM,RG,3380,25,F,BK,PD,D
13:33:30,TLKM,RG,3380,2,F,BK,DH,D
13:33:30,TLKM,RG,3380,1,F,BK,GR,D
13:33:30,TLKM,RG,3380,1,F,BK,YP,D
13:33:30,TLKM,RG,3380,1,F,BK,YP,D
13:33:30,TLKM,RG,3380,5,F,BK,PD,D
13:33:30,TLKM,RG,3380,1,F,BK,PD,D
13:33:30,TLKM,RG,3380,1,F,BK,XC,D
13:33:30,TLKM,RG,3380,5,F,BK,PD,D
13:33:30,TLKM,RG,3380,100,F,BK,KK,D
13:33:30,TLKM,RG,3380,647,F,BK,YU,D
13:33:17,TLKM,RG,3370,17,F,BK,CC,D
13:33:17,TLKM,RG,3370,9,F,AK,CC,D
13:32:44,TLKM,RG,3370,1,F,AK,CC,D
13:32:23,TLKM,RG,3370,1,F,AK,XC,D
13:32:22,TLKM,RG,3370,4,F,AK,NI,D
13:32:22,TLKM,RG,3370,26,F,YU,NI,D
13:32:01,TLKM,RG,3370,5,F,YU,XC,D
13:31:48,TLKM,RG,3380,1,D,XC,YU,D
13:31:12,TLKM,RG,3380,20,D,KK,YU,D
13:31:06,TLKM,RG,3380,1,D,NI,YU,D
13:30:53,TLKM,RG,3380,2,D,XC,YU,D
13:30:47,TLKM,RG,3380,1,D,XC,YU,D
13:30:32,TLKM,RG,3380,134,F,BK,YU,D
13:30:28,TLKM,RG,3370,1,F,YU,PD,D
13:30:27,TLKM,RG,3380,194,F,BK,YU,D
13:30:27,TLKM,RG,3380,1,F,BK,TP,D
13:30:27,TLKM,RG,3380,1,F,BK,TP,D
13:30:27,TLKM,RG,3380,2,F,BK,YU,D
13:30:27,TLKM,RG,3380,50,F,BK,TP,D
13:30:27,TLKM,RG,3380,100,F,BK,TP,D
13:30:25,TLKM,RG,3370,214,F,YU,AK,F
13:30:23,TLKM,RG,3370,1316,F,AK,DX,F
13:30:23,TLKM,RG,3370,7,F,BK,AK,F
13:30:22,TLKM,RG,3370,8,F,AK,YP,D
13:30:22,TLKM,RG,3370,2,F,AK,YP,D
13:30:22,TLKM,RG,3370,9,F,AK,YP,D
13:30:22,TLKM,RG,3370,6,F,AK,YP,D
13:30:22,TLKM,RG,3370,17,F,AK,YP,D
13:30:22,TLKM,RG,3370,947,F,AK,AK,F
13:30:22,TLKM,RG,3370,1,F,AK,YP,D
13:30:22,TLKM,RG,3370,958,F,AK,YP,D
13:30:20,TLKM,RG,3370,1,D,YP,YP,D
13:30:20,TLKM,RG,3370,2,D,YP,YP,D
13:30:20,TLKM,RG,3370,7,D,YP,YP,D
13:30:19,TLKM,RG,3370,32,F,AK,YP,D
13:30:19,TLKM,RG,3370,1,F,AK,YP,D
13:30:19,TLKM,RG,3370,65,F,AK,YP,D
13:30:19,TLKM,RG,3370,136,F,AK,KZ,F
13:30:19,TLKM,RG,3370,4,F,AK,YP,D
13:30:19,TLKM,RG,3370,353,F,AK,AK,F
13:30:19,TLKM,RG,3370,5,F,AK,OD,D
13:30:19,TLKM,RG,3370,702,F,AK,KZ,F
13:30:19,TLKM,RG,3370,10,F,AK,CC,D
13:30:19,TLKM,RG,3370,1,F,AK,XC,D
13:30:19,TLKM,RG,3370,1,F,AK,XC,D
13:30:19,TLKM,RG,3370,3,F,AK,XC,D
13:30:19,TLKM,RG,3370,1,F,AK,XC,D
13:30:19,TLKM,RG,3370,1,F,AK,XC,D
13:30:19,TLKM,RG,3370,1,F,AK,XC,D
13:30:19,TLKM,RG,3370,7,F,AK,XC,D
13:30:19,TLKM,RG,3370,86,F,AK,KZ,F
13:30:19,TLKM,RG,3370,1,F,AK,PD,D
13:30:19,TLKM,RG,3370,5,F,AK,XC,D
13:30:19,TLKM,RG,3370,1,F,AK,XC,D
13:30:19,TLKM,RG,3370,1,F,AK,PD,D
13:30:19,TLKM,RG,3370,2,F,AK,CC,D
13:30:19,TLKM,RG,3370,3,F,AK,XC,D
13:30:19,TLKM,RG,3370,2,F,AK,XC,D
13:30:19,TLKM,RG,3370,3,F,AK,XC,D
13:30:19,TLKM,RG,3370,1,F,AK,XC,D
13:30:19,TLKM,RG,3370,3,F,AK,XC,D
13:30:19,TLKM,RG,3370,6,F,AK,XC,D
13:30:19,TLKM,RG,3370,20,F,AK,CC,D
13:30:19,TLKM,RG,3370,2,F,AK,XC,D
13:30:19,TLKM,RG,3370,3,F,AK,XC,D
13:30:19,TLKM,RG,3370,2,F,AK,XC,D
13:30:19,TLKM,RG,3370,1,F,AK,XC,D
13:30:19,TLKM,RG,3370,62,F,AK,XC,D
13:30:19,TLKM,RG,3370,1,F,AK,XC,D
13:30:19,TLKM,RG,3370,22,F,AK,XC,D
13:30:19,TLKM,RG,3370,7,F,AK,XC,D
13:30:19,TLKM,RG,3370,1,F,AK,XC,D
13:30:19,TLKM,RG,3370,5,F,AK,PD,D
13:30:19,TLKM,RG,3370,1,F,AK,PD,D
13:30:19,TLKM,RG,3370,2,F,AK,PD,D
13:30:19,TLKM,RG,3370,32,F,AK,CC,D
13:30:19,TLKM,RG,3370,1,F,AK,PD,D
13:30:19,TLKM,RG,3370,1,F,AK,PD,D
13:30:19,TLKM,RG,3370,1,F,AK,PD,D
13:30:19,TLKM,RG,3370,1,F,AK,PD,D
13:30:19,TLKM,RG,3370,1,F,AK,PD,D
13:30:19,TLKM,RG,3370,10,F,AK,KK,D
13:30:19,TLKM,RG,3370,1,F,AK,KK,D
13:30:19,TLKM,RG,3370,2,F,AK,PD,D
13:30:19,TLKM,RG,3370,1,F,AK,PD,D
13:30:19,TLKM,RG,3370,1,F,AK,PD,D
13:30:19,TLKM,RG,3370,20,F,AK,PD,D
13:30:19,TLKM,RG,3370,1,F,AK,CC,D
13:30:19,TLKM,RG,3370,3,F,AK,PD,D
13:30:19,TLKM,RG,3370,5,F,AK,PD,D
13:30:19,TLKM,RG,3370,20,F,AK,PD,D
13:30:19,TLKM,RG,3370,22,F,AK,DH,D
13:30:19,TLKM,RG,3370,1,F,AK,DH,D
13:30:19,TLKM,RG,3370,20,F,AK,DH,D
13:30:19,TLKM,RG,3370,10,F,AK,PD,D
13:30:19,TLKM,RG,3370,2,F,AK,PD,D
13:30:19,TLKM,RG,3370,2,F,AK,CC,D
13:30:19,TLKM,RG,3370,1,F,AK,EP,D
13:30:19,TLKM,RG,3370,10,F,AK,DH,D
13:30:19,TLKM,RG,3370,15,F,AK,CC,D
13:30:19,TLKM,RG,3370,1,F,AK,DH,D
13:30:19,TLKM,RG,3370,20,F,AK,DH,D
13:30:19,TLKM,RG,3370,10,F,AK,SQ,D
13:30:19,TLKM,RG,3370,3,F,AK,PD,D
13:30:19,TLKM,RG,3370,1,F,AK,PD,D
13:30:19,TLKM,RG,3370,215,F,AK,DX,F
13:30:19,TLKM,RG,3370,98,F,BK,DX,F
13:30:19,TLKM,RG,3360,1,F,BK,YP,D
13:30:18,TLKM,RG,3360,1,F,BK,YP,D
13:30:18,TLKM,RG,3370,1,D,YP,DX,F
13:30:17,TLKM,RG,3370,1,D,YP,DX,F
13:30:17,TLKM,RG,3370,962,F,AK,DX,F
13:30:17,TLKM,RG,3370,7,F,AK,PD,D
13:30:17,TLKM,RG,3370,3,F,AK,DX,D
13:30:17,TLKM,RG,3370,6,F,AK,PD,D
13:30:17,TLKM,RG,3370,2,F,AK,PD,D
13:30:17,TLKM,RG,3370,6,F,AK,PD,D
13:30:17,TLKM,RG,3370,1078,F,AK,ZP,F
13:30:16,TLKM,RG,3360,35,F,BK,DX,F
13:30:16,TLKM,RG,3370,6,D,YP,ZP,F
13:30:16,TLKM,RG,3370,22,D,NI,ZP,F
13:30:16,TLKM,RG,3370,10,D,NI,PD,D
13:30:16,TLKM,RG,3370,2,D,NI,PD,D
13:30:16,TLKM,RG,3370,11,D,NI,KK,D
13:30:15,TLKM,RG,3370,489,F,AK,KK,D
13:30:15,TLKM,RG,3370,48,F,AK,OD,D
13:30:15,TLKM,RG,3370,20,F,AK,GR,D
13:30:15,TLKM,RG,3370,8,F,AK,YB,D
13:30:15,TLKM,RG,3370,1,F,AK,RO,D
13:30:15,TLKM,RG,3370,10,F,AK,EP,D
13:30:15,TLKM,RG,3370,64,F,AK,AK,F
13:30:15,TLKM,RG,3370,303,F,AK,KZ,F
13:30:15,TLKM,RG,3370,18,F,AK,KZ,F
13:30:13,TLKM,RG,3370,125,D,OD,KZ,F
13:30:13,TLKM,RG,3370,23,D,OD,AK,F
13:30:13,TLKM,RG,3370,99,F,BK,AK,F
13:30:13,TLKM,RG,3370,3,D,CC,AK,F
13:30:12,TLKM,RG,3370,390,F,GW,AK,F
13:30:11,TLKM,RG,3370,1,D,PD,AK,F
13:30:11,TLKM,RG,3370,88,D,YU,AK,F
13:30:11,TLKM,RG,3370,1,D,XC,AK,F
13:30:11,TLKM,RG,3370,1,D,XC,AK,F
13:30:11,TLKM,RG,3370,1,D,XC,AK,F
13:30:11,TLKM,RG,3370,1,D,XC,AK,F
13:30:11,TLKM,RG,3370,1,D,XC,AK,F
13:30:11,TLKM,RG,3360,1,F,BK,XC,D
13:30:11,TLKM,RG,3370,2,D,XC,AK,F
13:30:10,TLKM,RG,3370,2,D,XC,AK,F
13:30:10,TLKM,RG,3370,1,D,XC,AK,F
13:30:10,TLKM,RG,3370,1,D,XC,AK,F
13:30:10,TLKM,RG,3370,3,D,PD,AK,F
13:30:10,TLKM,RG,3370,6,D,PD,AK,F
13:30:10,TLKM,RG,3370,1,D,PD,AK,F
13:30:10,TLKM,RG,3370,1,D,PD,AK,F
13:30:10,TLKM,RG,3370,18,D,CC,AK,F
13:30:09,TLKM,RG,3370,1,D,XC,AK,F
13:30:09,TLKM,RG,3370,1,D,XC,AK,F
13:30:09,TLKM,RG,3370,5,D,XC,AK,F
13:30:09,TLKM,RG,3370,1,D,XC,AK,F
13:30:09,TLKM,RG,3360,1,D,PD,XC,D
13:30:09,TLKM,RG,3360,1,F,AK,XC,D
13:30:09,TLKM,RG,3370,20,F,KK,AK,F
13:30:09,TLKM,RG,3370,11,D,CC,AK,F
13:30:09,TLKM,RG,3360,3,F,AK,XC,D
13:30:09,TLKM,RG,3370,100,D,CC,AK,F
13:30:09,TLKM,RG,3360,1,F,AK,XC,D
13:30:09,TLKM,RG,3370,1,D,XC,AK,F
13:30:09,TLKM,RG,3370,1,D,XC,AK,F
13:30:09,TLKM,RG,3370,1,D,XC,AK,F
13:30:09,TLKM,RG,3370,1,D,XC,AK,F
13:30:09,TLKM,RG,3370,10,D,XC,AK,F
13:30:08,TLKM,RG,3370,2,D,XC,AK,F
13:30:08,TLKM,RG,3370,26,D,XC,AK,F
13:30:08,TLKM,RG,3370,76,D,XC,AK,F
13:30:08,TLKM,RG,3360,2,F,AK,PD,D
13:30:08,TLKM,RG,3370,1,D,PD,AK,F
13:30:08,TLKM,RG,3370,7,D,PD,AK,F
13:30:08,TLKM,RG,3370,10,D,PD,AK,F
13:30:08,TLKM,RG,3370,1,F,ZP,AK,F
13:30:08,TLKM,RG,3370,1,D,PD,AK,F
13:30:08,TLKM,RG,3370,1,D,PD,AK,F
13:30:08,TLKM,RG,3370,1,D,PD,AK,F
13:30:08,TLKM,RG,3370,1,D,PD,AK,F
13:30:07,TLKM,RG,3370,15,D,CC,AK,F
13:30:07,TLKM,RG,3370,4,D,CC,AK,F
13:30:07,TLKM,RG,3370,5,D,CC,AK,F
13:30:06,TLKM,RG,3370,1,D,PD,AK,F
13:30:06,TLKM,RG,3370,2,D,PD,AK,F
13:30:06,TLKM,RG,3370,1,D,PD,AK,F
13:30:06,TLKM,RG,3370,1,D,PD,AK,F
13:30:06,TLKM,RG,3370,2,D,PD,AK,F
13:30:05,TLKM,RG,3370,1,D,PD,AK,F
13:30:05,TLKM,RG,3360,2,F,AK,PD,D
13:30:05,TLKM,RG,3370,1,D,PD,AK,F
13:30:05,TLKM,RG,3370,5,D,DH,AK,F
13:30:05,TLKM,RG,3370,1,D,DH,AK,F
13:30:05,TLKM,RG,3370,1,D,PD,AK,F
13:30:05,TLKM,RG,3360,1,F,AK,PD,D
13:30:05,TLKM,RG,3370,3,D,PD,AK,F
13:30:05,TLKM,RG,3370,1,D,CC,AK,F
13:30:05,TLKM,RG,3370,2,D,PD,AK,F
13:30:04,TLKM,RG,3370,15,D,PD,AK,F
13:30:04,TLKM,RG,3370,1,D,AZ,AK,F
13:30:04,TLKM,RG,3370,1,D,PD,AK,F
13:30:04,TLKM,RG,3370,1,D,PD,AK,F
13:30:04,TLKM,RG,3370,20,D,PD,AK,F
13:30:03,TLKM,RG,3370,1,D,PD,AK,F
13:30:03,TLKM,RG,3370,1,D,PD,AK,F
13:30:03,TLKM,RG,3370,1,D,PD,AK,F
13:30:03,TLKM,RG,3360,8,F,AK,KK,D
13:30:03,TLKM,RG,3370,100,D,KK,AK,F
13:30:03,TLKM,RG,3370,1,D,HP,AK,F
13:30:03,TLKM,RG,3370,1,D,PD,AK,F
13:30:03,TLKM,RG,3370,2,D,PD,AK,F
13:30:03,TLKM,RG,3370,5,D,PD,AK,F
13:30:03,TLKM,RG,3370,4,D,EP,AK,F
13:30:03,TLKM,RG,3370,1,D,KK,AK,F
13:30:02,TLKM,RG,3370,25,D,IF,AK,F
13:30:02,TLKM,RG,3360,1,F,AK,SQ,D
11:29:59,TLKM,RG,3370,4,F,AK,AK,F
11:29:58,TLKM,RG,3370,7,F,AK,AK,F
11:29:56,TLKM,RG,3370,91,F,BK,AK,F
11:29:56,TLKM,RG,3370,73,F,BK,ZP,F
11:29:56,TLKM,RG,3370,1,F,BK,XC,D
11:29:56,TLKM,RG,3370,3,F,BK,YP,D
11:29:56,TLKM,RG,3370,15,F,BK,XC,D
11:29:56,TLKM,RG,3370,3,F,BK,KZ,F
11:29:56,TLKM,RG,3370,43,F,BK,KZ,F
11:29:56,TLKM,RG,3370,44,F,BK,KZ,F
11:29:52,TLKM,RG,3370,231,F,AK,DX,F
11:29:52,TLKM,RG,3370,10,F,AK,KZ,F
11:29:52,TLKM,RG,3370,1,F,AK,XC,D
11:29:52,TLKM,RG,3370,455,F,AK,KZ,F
11:29:52,TLKM,RG,3370,2,F,AK,CC,D
11:29:52,TLKM,RG,3370,250,F,AK,HD,D
11:29:52,TLKM,RG,3370,2,F,AK,DX,D
