Time,Stock,Brd,Price,Qty,BT,BC,SC,ST
15:14:44,PTBA,RG,2680,10,D,YP,YU,D
15:12:31,PTBA,RG,2680,10,D,YP,YU,D
15:12:21,PTBA,RG,2680,60,D,PD,YU,D
15:10:42,PTBA,RG,2680,248,D,CC,YU,D
15:10:42,PTBA,RG,2680,5,D,CC,YP,D
15:10:42,PTBA,RG,2680,120,D,CC,XC,D
15:10:42,PTBA,RG,2680,40,D,CC,YP,D
15:10:42,PTBA,RG,2680,59,D,CC,YP,D
15:10:42,PTBA,RG,2680,2,D,CC,YP,D
15:10:42,PTBA,RG,2680,26,D,CC,YP,D
15:10:23,PTBA,RG,2680,24,D,PD,YP,D
15:10:23,PTBA,RG,2680,76,D,PD,YP,D
15:06:37,PTBA,RG,2680,24,D,YU,YP,D
15:06:37,PTBA,RG,2680,16,D,YU,BQ,D
15:06:16,PTBA,RG,2680,1,D,PD,BQ,D
15:06:09,PTBA,RG,2680,1,D,PD,BQ,D
15:06:06,PTBA,RG,2680,5,D,EP,BQ,D
15:05:39,PTBA,RG,2680,27,D,YU,BQ,D
15:05:39,PTBA,RG,2680,2,D,YU,XC,D
15:05:39,PTBA,RG,2680,310,D,YU,KK,D
15:05:02,PTBA,RG,2680,18,D,CC,KK,D
15:05:02,PTBA,RG,2680,100,D,CC,KK,D
15:05:02,PTBA,RG,2680,50,D,YP,KK,D
15:05:02,PTBA,RG,2680,1,D,YP,KK,D
15:05:01,PTBA,RG,2680,2,D,YP,KK,D
15:05:01,PTBA,RG,2680,3,D,XC,KK,D
15:05:01,PTBA,RG,2680,10,D,PD,KK,D
15:05:01,PTBA,RG,2680,6,D,YU,KK,D
15:05:01,PTBA,RG,2680,8,D,YU,XC,D
15:05:00,PTBA,RG,2680,10,D,YU,DH,D
15:05:00,PTBA,RG,2680,1,D,YU,YU,D
15:05:00,PTBA,RG,2680,170,D,YU,KK,D
15:05:00,PTBA,RG,2680,100,D,YU,ZR,D
15:05:00,PTBA,RG,2680,500,D,YU,GR,D
15:05:00,PTBA,RG,2680,20,D,YU,NI,D
15:05:00,PTBA,RG,2680,9,D,YU,CC,D
15:05:00,PTBA,RG,2680,60,D,YU,CC,D
15:05:00,PTBA,RG,2680,1000,D,YU,KK,D
15:05:00,PTBA,RG,2680,100,D,YU,YP,D
15:05:00,PTBA,RG,2680,16,D,YU,KK,D
15:00:00,PTBA,RG,2680,77,D,CC,PD,D
15:00:00,PTBA,RG,2680,1,D,CC,XC,D
15:00:00,PTBA,RG,2680,4,D,CC,XC,D
15:00:00,PTBA,RG,2680,6,D,CC,PD,D
15:00:00,PTBA,RG,2680,15,D,CC,OD,D
15:00:00,PTBA,RG,2680,20,D,CC,DH,D
15:00:00,PTBA,RG,2680,1,D,CC,YP,D
15:00:00,PTBA,RG,2680,1,D,CC,PD,D
15:00:00,PTBA,RG,2680,20,D,CC,PD,D
15:00:00,PTBA,RG,2680,5,D,CC,YP,D
15:00:00,PTBA,RG,2680,1,D,CC,PD,D
15:00:00,PTBA,RG,2680,19,D,CC,YP,D
15:00:00,PTBA,RG,2680,1,D,CC,XC,D
15:00:00,PTBA,RG,2680,2,D,CC,NI,D
15:00:00,PTBA,RG,2680,5,D,CC,PD,D
15:00:00,PTBA,RG,2680,15,D,CC,YP,D
15:00:00,PTBA,RG,2680,11,D,CC,OD,D
15:00:00,PTBA,RG,2680,189,D,YP,OD,D
15:00:00,PTBA,RG,2680,4,D,YP,DH,D
15:00:00,PTBA,RG,2680,500,D,YP,YP,D
15:00:00,PTBA,RG,2680,50,D,YP,YP,D
15:00:00,PTBA,RG,2680,10,D,YP,YP,D
15:00:00,PTBA,RG,2680,40,D,YP,PD,D
15:00:00,PTBA,RG,2680,5,D,YP,XC,D
15:00:00,PTBA,RG,2680,20,D,YP,PD,D
15:00:00,PTBA,RG,2680,20,D,YP,PD,D
15:00:00,PTBA,RG,2680,5,D,YP,EP,D
15:00:00,PTBA,RG,2680,27,D,YP,YP,D
15:00:00,PTBA,RG,2680,1,D,YP,XL,D
15:00:00,PTBA,RG,2680,5,D,YP,EP,D
15:00:00,PTBA,RG,2680,2,D,YP,CC,D
15:00:00,PTBA,RG,2680,5,D,YP,PD,D
15:00:00,PTBA,RG,2680,4,D,YP,PD,D
15:00:00,PTBA,RG,2680,4,D,YP,XC,D
15:00:00,PTBA,RG,2680,23,D,YP,YP,D
15:00:00,PTBA,RG,2680,30,D,YP,DR,D
15:00:00,PTBA,RG,2680,20,D,YP,YP,D
15:00:00,PTBA,RG,2680,1,D,YP,NI,D
15:00:00,PTBA,RG,2680,14,D,YP,NI,D
15:00:00,PTBA,RG,2680,4,D,YP,PD,D
15:00:00,PTBA,RG,2680,1,D,YP,PD,D
15:00:00,PTBA,RG,2680,16,D,YP,YU,D
15:00:00,PTBA,RG,2680,5,D,PD,YU,D
15:00:00,PTBA,RG,2680,7,D,BQ,YU,D
15:00:00,PTBA,RG,2680,72,F,ZP,YU,D
15:00:00,PTBA,RG,2680,17,F,ZP,YP,D
15:00:00,PTBA,RG,2680,7,F,ZP,XC,D
15:00:00,PTBA,RG,2680,1,F,ZP,PD,D
15:00:00,PTBA,RG,2680,10,F,ZP,CC,D
15:00:00,PTBA,RG,2680,2,F,ZP,CC,D
15:00:00,PTBA,RG,2680,2,F,ZP,YB,D
15:00:00,PTBA,RG,2680,2,F,ZP,XC,D
15:00:00,PTBA,RG,2680,2,F,ZP,NI,D
15:00:00,PTBA,RG,2680,1,F,ZP,KK,D
15:00:00,PTBA,RG,2680,1,F,ZP,DR,D
15:00:00,PTBA,RG,2680,5,F,ZP,XC,D
15:00:00,PTBA,RG,2680,55,F,ZP,KK,D
15:00:00,PTBA,RG,2680,349,F,ZP,YP,D
15:00:00,PTBA,RG,2680,151,F,BK,YP,D
15:00:00,PTBA,RG,2680,5,F,BK,PD,D
15:00:00,PTBA,RG,2680,2,F,BK,GR,D
15:00:00,PTBA,RG,2680,20,F,BK,CC,D
15:00:00,PTBA,RG,2680,5,F,BK,YP,D
15:00:00,PTBA,RG,2680,8,F,BK,PD,D
15:00:00,PTBA,RG,2680,8,F,BK,KK,D
15:00:00,PTBA,RG,2680,49,F,BK,CC,D
15:00:00,PTBA,RG,2680,151,F,ZP,CC,D
15:00:00,PTBA,RG,2680,25,F,ZP,YP,D
15:00:00,PTBA,RG,2680,438,F,ZP,YJ,D
15:00:00,PTBA,RG,2680,1,F,ZP,PD,D
15:00:00,PTBA,RG,2680,1,F,ZP,OD,D
15:00:00,PTBA,RG,2680,10,F,ZP,NI,D
15:00:00,PTBA,RG,2680,50,F,ZP,BQ,D
15:00:00,PTBA,RG,2680,1000,F,ZP,KK,D
15:00:00,PTBA,RG,2680,100,F,ZP,OD,D
15:00:00,PTBA,RG,2680,10,F,ZP,YP,D
15:00:00,PTBA,RG,2680,2,F,ZP,CC,D
15:00:00,PTBA,RG,2680,100,F,ZP,XC,D
15:00:00,PTBA,RG,2680,5,F,ZP,PD,D
15:00:00,PTBA,RG,2680,3,F,ZP,YP,D
15:00:00,PTBA,RG,2680,1,F,ZP,XC,D
15:00:00,PTBA,RG,2680,200,F,ZP,PD,D
15:00:00,PTBA,RG,2680,2,F,ZP,XC,D
15:00:00,PTBA,RG,2680,2,F,ZP,CC,D
15:00:00,PTBA,RG,2680,5,F,ZP,PD,D
15:00:00,PTBA,RG,2680,20,F,ZP,NI,D
15:00:00,PTBA,RG,2680,10,F,ZP,NI,D
15:00:00,PTBA,RG,2680,19,F,ZP,DH,D
15:00:00,PTBA,RG,2680,1,F,ZP,PD,D
15:00:00,PTBA,RG,2680,58,F,ZP,PD,D
15:00:00,PTBA,RG,2680,2,F,ZP,YP,D
15:00:00,PTBA,RG,2680,1,F,ZP,PD,D
15:00:00,PTBA,RG,2680,200,F,ZP,XC,D
15:00:00,PTBA,RG,2680,7,F,ZP,PD,D
15:00:00,PTBA,RG,2680,6,F,ZP,PD,D
15:00:00,PTBA,RG,2680,1,F,ZP,YP,D
15:00:00,PTBA,RG,2680,3,F,ZP,CC,D
15:00:00,PTBA,RG,2680,34,F,ZP,NI,D
15:00:00,PTBA,RG,2680,10,F,ZP,DR,D
15:00:00,PTBA,RG,2680,200,F,ZP,AG,D
15:00:00,PTBA,RG,2680,1,F,ZP,PD,D
15:00:00,PTBA,RG,2680,2,F,ZP,AT,D
15:00:00,PTBA,RG,2680,36,F,ZP,MG,D
15:00:00,PTBA,RG,2680,36,F,ZP,MG,D
15:00:00,PTBA,RG,2680,2,F,ZP,YP,D
15:00:00,PTBA,RG,2680,1,F,ZP,YP,D
15:00:00,PTBA,RG,2680,100,F,ZP,YP,D
15:00:00,PTBA,RG,2680,177,F,ZP,AK,F
15:00:00,PTBA,RG,2680,28,F,AK,AK,F
15:00:00,PTBA,RG,2680,27,F,AK,AK,F
15:00:00,PTBA,RG,2680,10,D,RX,AK,F
15:00:00,PTBA,RG,2680,15,D,RX,GR,D
15:00:00,PTBA,RG,2680,10,D,RX,GR,D
14:49:59,PTBA,RG,2670,1,F,AK,PD,D
14:49:59,PTBA,RG,2670,1,F,AK,PD,D
14:49:59,PTBA,RG,2670,1,F,AK,PD,D
14:49:58,PTBA,RG,2670,1,D,PD,PD,D
14:49:32,PTBA,RG,2660,50,D,YP,YP,D
14:49:30,PTBA,RG,2670,5,F,AK,BK,F
14:49:30,PTBA,RG,2670,1,F,AK,BK,F
14:49:30,PTBA,RG,2670,1,F,AK,BK,F
14:49:30,PTBA,RG,2670,1007,F,ZP,BK,F
14:49:24,PTBA,RG,2660,1,D,YP,NI,D
14:49:18,PTBA,RG,2670,2,D,PD,BK,F
14:49:15,PTBA,RG,2660,8,D,YP,DR,D
14:49:15,PTBA,RG,2660,10,D,PD,DR,D
14:49:15,PTBA,RG,2660,31,D,KK,DR,D
14:49:15,PTBA,RG,2660,1,D,PD,DR,D
14:49:15,PTBA,RG,2660,2,D,YP,DR,D
14:49:15,PTBA,RG,2660,50,D,CC,DR,D
14:49:15,PTBA,RG,2660,28,D,NI,DR,D
14:49:15,PTBA,RG,2670,2,F,AK,BK,F
14:49:15,PTBA,RG,2670,1,F,AK,BK,F
14:49:04,PTBA,RG,2660,18,D,NI,DH,D
14:49:04,PTBA,RG,2660,1,D,NI,NI,D
14:48:59,PTBA,RG,2660,3,D,NI,AK,F
14:48:59,PTBA,RG,2660,9,D,PD,AK,F
14:48:59,PTBA,RG,2660,1,D,PD,AK,F
14:48:58,PTBA,RG,2660,1,D,DX,EP,D
14:48:46,PTBA,RG,2660,2,D,DX,DR,D
14:48:46,PTBA,RG,2660,438,D,PD,DR,D
14:48:45,PTBA,RG,2660,1,D,PD,AK,F
14:48:40,PTBA,RG,2670,8,F,AK,BK,F
14:48:39,PTBA,RG,2660,3,D,PD,PD,D
14:48:28,PTBA,RG,2660,117,D,PD,AK,F
14:48:27,PTBA,RG,2660,110,D,PD,YP,D
14:48:27,PTBA,RG,2670,22,F,BK,BK,F
14:48:27,PTBA,RG,2670,5,F,BK,PD,D
14:48:26,PTBA,RG,2660,10,D,PD,KK,D
14:48:23,PTBA,RG,2660,7,D,PD,AK,F
14:48:23,PTBA,RG,2660,1,D,PD,AK,F
14:48:22,PTBA,RG,2660,40,D,PD,YP,D
14:48:11,PTBA,RG,2660,5,D,PD,AK,F
14:48:10,PTBA,RG,2660,100,D,PD,PD,D
14:47:58,PTBA,RG,2660,100,D,PD,OD,D
14:47:53,PTBA,RG,2660,10,D,PD,YP,D
14:47:51,PTBA,RG,2660,7,D,PD,CC,D
14:47:49,PTBA,RG,2670,3,F,AK,PD,D
14:47:48,PTBA,RG,2660,51,D,PD,EP,D
14:47:48,PTBA,RG,2660,11,D,YP,EP,D
14:47:33,PTBA,RG,2660,8,D,YP,YP,D
14:47:31,PTBA,RG,2660,1,D,YP,NI,D
14:47:17,PTBA,RG,2660,2,D,YP,GR,D
14:47:15,PTBA,RG,2660,6,D,YP,YP,D
14:47:07,PTBA,RG,2660,72,D,YP,PD,D
14:47:07,PTBA,RG,2660,20,D,CC,PD,D
14:47:07,PTBA,RG,2660,1,D,NI,PD,D
14:47:07,PTBA,RG,2660,5,D,XC,PD,D
14:47:07,PTBA,RG,2660,1,D,NI,PD,D
14:47:07,PTBA,RG,2660,1,D,CC,PD,D
14:47:06,PTBA,RG,2660,9,D,CC,AK,F
14:47:06,PTBA,RG,2660,2,D,PD,AK,F
14:47:06,PTBA,RG,2660,3,D,PD,AK,F
14:47:06,PTBA,RG,2660,24,D,PD,AK,F
14:47:06,PTBA,RG,2660,1,D,XC,AK,F
14:47:06,PTBA,RG,2660,2,D,XC,AK,F
14:47:06,PTBA,RG,2660,30,D,YP,AK,F
14:47:06,PTBA,RG,2660,3,D,CC,AK,F
14:47:06,PTBA,RG,2660,18,D,NI,AK,F
14:47:00,PTBA,RG,2670,9,F,AK,PD,D
14:46:49,PTBA,RG,2660,2,D,NI,DR,D
14:46:48,PTBA,RG,2660,57,D,NI,EP,D
14:46:48,PTBA,RG,2660,7,D,OD,EP,D
14:46:48,PTBA,RG,2660,1,D,SQ,EP,D
14:46:48,PTBA,RG,2660,1,D,XC,EP,D
14:46:48,PTBA,RG,2660,1,D,PD,EP,D
14:46:48,PTBA,RG,2660,1,D,YP,EP,D
14:46:48,PTBA,RG,2660,1,D,PD,EP,D
14:46:48,PTBA,RG,2660,1,F,AK,EP,D
14:46:48,PTBA,RG,2660,1,D,LG,EP,D
14:46:48,PTBA,RG,2660,15,D,YP,EP,D
14:46:48,PTBA,RG,2660,1,D,XC,EP,D
14:46:48,PTBA,RG,2660,5,D,HP,EP,D
14:46:48,PTBA,RG,2660,108,D,YP,EP,D
14:46:31,PTBA,RG,2660,60,D,YP,YP,D
14:46:31,PTBA,RG,2660,3,D,CC,YP,D
14:46:31,PTBA,RG,2660,2,D,XA,YP,D
14:46:31,PTBA,RG,2660,1,F,AK,YP,D
14:46:31,PTBA,RG,2660,15,F,BK,YP,D
14:46:31,PTBA,RG,2660,179,F,ZP,YP,D
14:46:23,PTBA,RG,2660,1,F,ZP,NI,D
14:46:19,PTBA,RG,2670,15,D,NI,PD,D
14:45:58,PTBA,RG,2670,1,F,CS,PD,D
14:45:44,PTBA,RG,2670,6,F,AK,PD,D
14:45:42,PTBA,RG,2670,5,F,BK,PD,D
14:45:42,PTBA,RG,2670,5,F,BK,KK,D
14:45:42,PTBA,RG,2670,19,F,BK,KK,D
14:45:34,PTBA,RG,2660,800,F,ZP,CC,D
14:45:33,PTBA,RG,2670,8,D,PD,KK,D
14:45:24,PTBA,RG,2670,160,D,NI,KK,D
14:44:56,PTBA,RG,2670,813,D,OD,KK,D
14:44:56,PTBA,RG,2670,63,D,OD,CC,F
14:44:56,PTBA,RG,2670,5,D,OD,PD,D
14:44:56,PTBA,RG,2670,500,D,OD,AI,D
14:44:56,PTBA,RG,2670,5,D,OD,YP,D
14:44:56,PTBA,RG,2670,399,D,OD,CC,D
14:44:56,PTBA,RG,2670,5,D,OD,YP,D
14:44:56,PTBA,RG,2670,300,D,OD,CC,D
14:44:56,PTBA,RG,2670,6,D,OD,CC,D
14:44:56,PTBA,RG,2670,6,D,OD,CC,D
14:44:56,PTBA,RG,2660,184,F,ZP,AK,F
14:44:56,PTBA,RG,2660,1,D,PD,AK,F
14:44:56,PTBA,RG,2660,5,D,PD,AK,F
14:44:56,PTBA,RG,2660,50,D,DR,AK,F
14:44:56,PTBA,RG,2660,306,D,KK,AK,F
14:44:45,PTBA,RG,2660,50,D,KK,AK,F
14:44:31,PTBA,RG,2670,10,D,CC,CC,D
14:44:30,PTBA,RG,2670,8,F,AK,CC,D
14:44:23,PTBA,RG,2660,164,D,KK,YP,D
14:44:01,PTBA,RG,2660,1,D,KK,PD,D
14:43:57,PTBA,RG,2670,27,F,BK,CC,D
14:43:50,PTBA,RG,2660,36,D,KK,CC,D
14:43:30,PTBA,RG,2660,13,D,KK,AK,F
14:43:30,PTBA,RG,2670,5,F,AK,CC,D
14:43:03,PTBA,RG,2670,18,D,DR,CC,D
14:42:58,PTBA,RG,2660,15,D,KK,CC,D
14:42:47,PTBA,RG,2670,1,D,XC,CC,D
14:42:41,PTBA,RG,2660,10,D,KK,YP,D
14:42:41,PTBA,RG,2660,7,D,KK,CC,D
14:42:30,PTBA,RG,2660,39,D,KK,CC,D
14:42:28,PTBA,RG,2670,6,F,AK,CC,D
14:42:27,PTBA,RG,2660,1,D,KK,OD,D
14:42:17,PTBA,RG,2670,25,F,BK,CC,D
14:42:08,PTBA,RG,2670,2,F,CS,CC,D
14:42:08,PTBA,RG,2670,1,F,CS,CC,D
14:41:49,PTBA,RG,2670,15,D,NI,CC,D
14:41:38,PTBA,RG,2670,100,D,PD,CC,D
14:41:37,PTBA,RG,2660,20,D,KK,CC,D
14:41:30,PTBA,RG,2670,98,D,CC,CC,D
14:41:30,PTBA,RG,2670,4,F,AK,CC,D
14:41:23,PTBA,RG,2660,190,D,KK,YP,D
14:41:20,PTBA,RG,2660,37,D,KK,CC,D
14:41:19,PTBA,RG,2660,13,D,KK,NI,D
14:41:07,PTBA,RG,2670,10,D,OD,CC,D
14:40:59,PTBA,RG,2670,1,D,YP,CC,D
14:40:44,PTBA,RG,2670,36,D,CC,CC,D
14:40:27,PTBA,RG,2670,5,F,AK,CC,D
14:40:26,PTBA,RG,2670,16,F,BK,CC,D
14:40:26,PTBA,RG,2670,8,F,BK,XC,D
14:40:26,PTBA,RG,2670,3,F,BK,YP,D
14:40:16,PTBA,RG,2660,2,D,KK,YP,D
14:40:14,PTBA,RG,2660,37,D,KK,CC,D
14:39:48,PTBA,RG,2670,1,D,PD,YP,D
14:39:41,PTBA,RG,2670,3,F,AK,YP,D
14:39:40,PTBA,RG,2670,4,D,HP,YP,D
14:39:08,PTBA,RG,2660,39,D,KK,CC,D
14:38:58,PTBA,RG,2670,3,F,AK,YP,D
14:38:57,PTBA,RG,2660,1,D,KK,KK,D
14:38:50,PTBA,RG,2670,10,D,YP,YP,D
14:38:36,PTBA,RG,2660,31,D,KK,OD,D
14:38:22,PTBA,RG,2670,10,D,YP,YP,D
14:38:21,PTBA,RG,2670,3,F,AK,YP,D
14:38:20,PTBA,RG,2670,10,D,PD,YP,D
14:38:16,PTBA,RG,2660,8,D,KK,DH,D
14:38:11,PTBA,RG,2670,3,D,XC,YP,D
14:37:59,PTBA,RG,2660,35,D,KK,CC,D
14:37:59,PTBA,RG,2670,3,D,CC,YP,D
14:37:58,PTBA,RG,2670,2,D,PD,YP,D
14:37:45,PTBA,RG,2670,2,F,AK,YP,D
14:37:26,PTBA,RG,2660,60,D,KK,OD,D
14:37:15,PTBA,RG,2670,2,F,AK,YP,D
14:36:59,PTBA,RG,2660,10,D,KK,YP,D
14:36:57,PTBA,RG,2660,11,D,KK,KK,D
14:36:52,PTBA,RG,2660,100,D,KK,YP,D
14:36:51,PTBA,RG,2660,73,D,KK,YP,D
14:36:51,PTBA,RG,2660,27,D,XC,YP,D
14:36:49,PTBA,RG,2660,36,D,XC,CC,D
14:36:38,PTBA,RG,2660,37,D,XC,CC,D
14:36:38,PTBA,RG,2660,1,F,AK,CC,D
14:36:38,PTBA,RG,2660,1,D,PD,CC,D
14:36:38,PTBA,RG,2660,2,D,YP,CC,D
14:36:38,PTBA,RG,2660,10,D,SH,CC,D
14:36:38,PTBA,RG,2660,1,D,NI,CC,D
14:36:38,PTBA,RG,2660,10,D,YP,CC,D
14:36:38,PTBA,RG,2660,100,D,SQ,CC,D
14:36:38,PTBA,RG,2660,10,D,DR,CC,D
14:36:38,PTBA,RG,2660,1,D,PD,CC,D
14:36:38,PTBA,RG,2660,1,D,PD,CC,D
14:36:38,PTBA,RG,2660,5,D,KK,CC,D
14:36:38,PTBA,RG,2660,1,F,CS,CC,D
14:36:38,PTBA,RG,2660,5,D,XC,CC,D
14:36:38,PTBA,RG,2660,2,D,XC,CC,D
14:36:38,PTBA,RG,2660,5,D,XC,CC,D
14:36:38,PTBA,RG,2660,50,D,YP,CC,D
14:36:38,PTBA,RG,2660,2,D,OD,CC,D
14:36:38,PTBA,RG,2660,5,D,GR,CC,D
14:36:38,PTBA,RG,2660,1,D,YP,CC,D
14:36:38,PTBA,RG,2660,150,D,YJ,CC,D
14:36:30,PTBA,RG,2670,2,F,AK,YP,D
14:36:09,PTBA,RG,2660,1,D,YJ,YP,D
14:35:56,PTBA,RG,2670,89,D,NI,YP,D
14:35:56,PTBA,RG,2670,9,D,NI,PD,D
14:35:56,PTBA,RG,2670,2,D,NI,NI,D
14:35:56,PTBA,RG,2670,1,D,NI,NI,D
14:35:56,PTBA,RG,2670,6,D,NI,YP,D
14:35:56,PTBA,RG,2670,5,D,NI,CC,D
14:35:56,PTBA,RG,2670,3,D,NI,GR,D
14:35:56,PTBA,RG,2670,10,D,NI,AT,D
14:35:56,PTBA,RG,2670,15,D,NI,PD,D
14:35:56,PTBA,RG,2670,10,D,NI,CC,D
14:35:56,PTBA,RG,2670,25,D,NI,PD,D
14:35:56,PTBA,RG,2670,2,D,NI,XC,D
14:35:56,PTBA,RG,2670,4,D,NI,XC,D
14:35:56,PTBA,RG,2670,7,D,NI,PD,D
14:35:48,PTBA,RG,2670,3,D,YP,PD,D
14:35:45,PTBA,RG,2670,2,F,AK,KK,D
14:35:43,PTBA,RG,2660,37,D,YJ,CC,D
14:35:29,PTBA,RG,2670,2,D,BQ,KK,D
14:35:15,PTBA,RG,2670,2,F,AK,KK,D
14:34:52,PTBA,RG,2670,1,F,AK,KK,D
14:34:51,PTBA,RG,2670,10,D,HP,KK,D
14:34:37,PTBA,RG,2660,34,D,YJ,CC,D
14:34:33,PTBA,RG,2670,10,D,XC,KK,D
14:34:30,PTBA,RG,2670,1,F,AK,KK,D
14:34:24,PTBA,RG,2670,7,D,PD,KK,D
14:34:15,PTBA,RG,2670,1,F,AK,KK,D
14:34:00,PTBA,RG,2660,8,D,YJ,PD,D
14:33:45,PTBA,RG,2670,1,F,AK,KK,D
14:33:30,PTBA,RG,2660,36,D,YJ,CC,D
14:33:26,PTBA,RG,2670,1,F,AK,KK,D
14:33:24,PTBA,RG,2660,26,D,YJ,SQ,D
14:33:13,PTBA,RG,2670,5,D,GR,KK,D
14:33:10,PTBA,RG,2660,208,D,YJ,AK,F
14:33:10,PTBA,RG,2660,10,D,YP,AK,F
14:33:10,PTBA,RG,2660,1,F,AK,AK,F
14:33:10,PTBA,RG,2660,100,D,PD,AK,F
14:33:10,PTBA,RG,2660,10,D,CC,AK,F
14:33:10,PTBA,RG,2660,10,D,PD,AK,F
14:33:10,PTBA,RG,2660,5,D,TP,AK,F
14:33:10,PTBA,RG,2660,2,D,NI,AK,F
14:33:10,PTBA,RG,2660,50,D,YJ,AK,F
14:33:10,PTBA,RG,2660,5,D,PD,AK,F
14:33:10,PTBA,RG,2660,333,F,ZP,AK,F
14:33:10,PTBA,RG,2660,91,F,BK,AK,F
14:33:10,PTBA,RG,2660,175,F,ZP,AK,F
14:33:00,PTBA,RG,2670,1,F,AK,KK,D
14:32:58,PTBA,RG,2670,2,D,YP,KK,D
14:32:40,PTBA,RG,2660,64,F,ZP,AZ,D
14:32:25,PTBA,RG,2670,1,D,NI,KK,D
14:32:22,PTBA,RG,2660,37,F,ZP,CC,D
14:32:17,PTBA,RG,2660,10,F,ZP,PD,D
14:32:15,PTBA,RG,2670,2,F,AK,KK,D
14:32:13,PTBA,RG,2670,2,D,CC,KK,D
14:31:45,PTBA,RG,2670,1,F,AK,KK,D
14:31:40,PTBA,RG,2660,100,F,ZP,SQ,D
14:31:30,PTBA,RG,2670,1,F,AK,KK,D
14:31:15,PTBA,RG,2670,1,F,AK,KK,D
14:31:13,PTBA,RG,2660,19,F,ZP,CC,D
14:31:13,PTBA,RG,2660,1,F,CS,CC,D
14:31:13,PTBA,RG,2660,11,D,YP,CC,D
14:31:09,PTBA,RG,2670,27,F,BK,KK,D
14:31:07,PTBA,RG,2660,1,D,YP,XC,D
14:31:04,PTBA,RG,2660,1,D,YP,XC,D
14:31:01,PTBA,RG,2670,2,D,XC,KK,D
14:31:00,PTBA,RG,2670,1,F,AK,KK,D
14:30:45,PTBA,RG,2670,1,F,AK,KK,D
14:30:30,PTBA,RG,2670,1,F,AK,KK,D
14:30:07,PTBA,RG,2660,37,D,YP,CC,D
14:30:00,PTBA,RG,2670,1,F,AK,KK,D
14:29:52,PTBA,RG,2670,10,D,XC,KK,D
14:29:45,PTBA,RG,2670,1,F,AK,KK,D
14:29:30,PTBA,RG,2670,1,F,AK,KK,D
14:29:15,PTBA,RG,2670,1,F,AK,KK,D
14:29:02,PTBA,RG,2670,76,D,NI,KK,D
14:29:00,PTBA,RG,2670,25,F,BK,KK,D
14:29:00,PTBA,RG,2670,1,F,AK,KK,D
14:28:51,PTBA,RG,2670,56,F,BK,KK,D
14:28:50,PTBA,RG,2670,742,F,ZP,KK,D
14:28:50,PTBA,RG,2670,151,F,ZP,CC,D
14:28:49,PTBA,RG,2660,717,D,YP,CS,F
14:28:49,PTBA,RG,2660,12,D,YP,AK,F
14:28:49,PTBA,RG,2660,35,D,YP,CC,D
14:28:49,PTBA,RG,2660,14,D,YP,CC,F
14:28:49,PTBA,RG,2660,18,D,YP,AK,F
14:28:49,PTBA,RG,2660,627,D,YP,AK,F
14:28:49,PTBA,RG,2660,705,D,YP,CS,F
14:28:49,PTBA,RG,2660,1000,D,YP,CC,D
14:28:49,PTBA,RG,2660,6,D,YP,PD,D
14:28:49,PTBA,RG,2660,1700,D,YP,DH,D
14:28:49,PTBA,RG,2660,4,D,YP,CC,D
14:28:49,PTBA,RG,2660,15,D,YP,CC,D
14:28:49,PTBA,RG,2660,10,D,YP,KK,D
14:28:49,PTBA,RG,2660,25,D,YP,PD,D
14:28:49,PTBA,RG,2660,23,D,YP,PD,D
14:28:49,PTBA,RG,2660,5,D,YP,PD,D
14:28:49,PTBA,RG,2660,7,D,YP,XL,D
14:28:49,PTBA,RG,2660,2,D,YP,YP,D
14:28:49,PTBA,RG,2660,25,D,YP,DX,D
14:28:45,PTBA,RG,2660,1,F,AK,DX,D
14:28:42,PTBA,RG,2650,5,D,YU,KK,D
14:28:33,PTBA,RG,2650,10,D,YU,PD,D
14:28:30,PTBA,RG,2660,1,F,AK,DX,D
14:28:15,PTBA,RG,2660,55,D,DH,DX,D
14:28:13,PTBA,RG,2660,1,F,AK,DX,D
14:28:12,PTBA,RG,2650,10,D,YU,GR,D
14:28:02,PTBA,RG,2660,1,D,CC,DX,D
14:27:55,PTBA,RG,2660,16,D,OD,DX,D
14:27:55,PTBA,RG,2660,20,D,OD,CC,F
14:27:55,PTBA,RG,2660,10,D,OD,CC,D
14:27:55,PTBA,RG,2660,25,D,OD,DR,D
14:27:55,PTBA,RG,2660,16,D,OD,DR,D
14:27:55,PTBA,RG,2660,3,D,OD,PD,D
14:27:55,PTBA,RG,2660,1,D,OD,IP,D
14:27:55,PTBA,RG,2660,6,D,OD,DR,D
14:27:55,PTBA,RG,2660,101,D,OD,DR,D
14:27:55,PTBA,RG,2660,1,D,OD,NI,D
14:27:55,PTBA,RG,2660,100,D,OD,EP,D
14:27:55,PTBA,RG,2660,43,D,OD,CC,D
14:27:55,PTBA,RG,2660,1,D,OD,YP,D
14:27:55,PTBA,RG,2660,164,D,OD,AK,F
14:27:55,PTBA,RG,2660,5,D,OD,YP,D
14:27:55,PTBA,RG,2660,20,D,OD,CC,D
14:27:55,PTBA,RG,2660,50,D,OD,DH,D
14:27:55,PTBA,RG,2660,5,D,OD,IF,D
14:27:55,PTBA,RG,2660,50,D,OD,DR,D
14:27:55,PTBA,RG,2660,1,D,OD,PD,D
14:27:55,PTBA,RG,2660,10,D,OD,PD,D
14:27:55,PTBA,RG,2660,60,D,OD,XC,D
14:27:55,PTBA,RG,2660,3,D,OD,PD,D
14:27:55,PTBA,RG,2660,40,D,OD,NI,D
14:27:55,PTBA,RG,2660,5,D,OD,AG,D
14:27:55,PTBA,RG,2660,1,D,OD,NI,D
14:27:55,PTBA,RG,2660,20,D,OD,PD,D
14:27:55,PTBA,RG,2660,1,D,OD,YP,D
14:27:55,PTBA,RG,2660,1,D,OD,PD,D
14:27:55,PTBA,RG,2660,100,D,OD,FZ,D
14:27:55,PTBA,RG,2660,15,D,OD,AK,F
14:27:55,PTBA,RG,2660,106,D,OD,CC,D
14:27:53,PTBA,RG,2650,29,D,YU,CC,D
14:27:51,PTBA,RG,2660,5,D,KK,CC,D
14:27:50,PTBA,RG,2660,1,D,NI,CC,D
14:27:45,PTBA,RG,2660,1,F,AK,CC,D
14:27:29,PTBA,RG,2660,10,D,XC,CC,D
14:27:24,PTBA,RG,2660,1,F,AK,CC,D
14:27:23,PTBA,RG,2660,1,D,NI,CC,D
14:27:15,PTBA,RG,2660,1,F,AK,CC,D
14:26:59,PTBA,RG,2660,1,F,AK,CC,D
14:26:58,PTBA,RG,2660,2,D,PD,CC,D
14:26:54,PTBA,RG,2660,10,D,CC,CC,D
14:26:50,PTBA,RG,2660,1,D,PD,CC,D
14:26:49,PTBA,RG,2650,32,D,YU,CC,D
14:26:49,PTBA,RG,2660,7,D,YP,CC,D
14:26:45,PTBA,RG,2660,2,D,YP,CC,D
14:26:45,PTBA,RG,2660,1,F,AK,CC,D
14:26:27,PTBA,RG,2660,1,F,AK,CC,D
14:26:26,PTBA,RG,2660,1,D,NI,CC,D
14:26:15,PTBA,RG,2660,1,F,AK,CC,D
14:26:10,PTBA,RG,2660,30,D,YP,CC,D
14:26:08,PTBA,RG,2660,217,D,OD,CC,D
14:26:08,PTBA,RG,2660,45,D,OD,AK,F
14:26:08,PTBA,RG,2660,238,D,OD,YP,F
14:26:06,PTBA,RG,2660,26,F,BK,YP,F
14:25:50,PTBA,RG,2660,10,D,XC,YP,F
14:25:45,PTBA,RG,2660,2,F,AK,YP,F
14:25:43,PTBA,RG,2650,35,D,YU,CC,D
14:25:30,PTBA,RG,2660,1,F,AK,YP,F
14:25:20,PTBA,RG,2660,100,D,PD,YP,F
14:25:19,PTBA,RG,2660,5,D,NI,YP,F
14:25:16,PTBA,RG,2660,15,D,YP,YP,F
14:25:14,PTBA,RG,2660,1,D,DH,YP,F
14:25:14,PTBA,RG,2660,1,F,AK,YP,F
14:25:14,PTBA,RG,2660,1,D,PD,YP,F
14:25:13,PTBA,RG,2660,1,D,PD,YP,F
14:25:08,PTBA,RG,2660,5,D,HP,YP,F
14:25:00,PTBA,RG,2660,1,F,AK,YP,F
14:24:48,PTBA,RG,2660,10,D,CC,YP,F
14:24:45,PTBA,RG,2660,1,F,AK,YP,F
14:24:38,PTBA,RG,2660,2,D,NI,YP,F
14:24:37,PTBA,RG,2650,37,D,YU,CC,D
14:24:30,PTBA,RG,2660,1,F,AK,YP,F
14:24:09,PTBA,RG,2660,1,F,CS,YP,F
14:24:04,PTBA,RG,2660,2,F,AK,YP,F
14:24:02,PTBA,RG,2660,1,D,XC,YP,F
14:23:30,PTBA,RG,2650,31,D,YU,AK,F
14:23:30,PTBA,RG,2660,2,F,AK,YP,F
14:23:29,PTBA,RG,2650,36,D,YU,CC,D
14:23:19,PTBA,RG,2660,10,D,CC,YP,F
14:23:15,PTBA,RG,2660,2,D,LG,YP,F
14:23:14,PTBA,RG,2660,1,D,PD,YP,F
14:23:08,PTBA,RG,2660,100,D,YP,YP,F
14:23:00,PTBA,RG,2660,3,F,AK,YP,F
14:22:44,PTBA,RG,2650,1,D,YU,PD,D
14:22:34,PTBA,RG,2660,1,D,XC,YP,F
14:22:30,PTBA,RG,2660,19,D,HP,YP,F
14:22:25,PTBA,RG,2660,6,D,PD,YP,F
14:22:23,PTBA,RG,2650,37,D,YU,CC,D
14:22:17,PTBA,RG,2660,60,D,YP,YP,F
14:22:16,PTBA,RG,2660,1,D,YP,YP,F
14:22:15,PTBA,RG,2660,3,F,AK,YP,F
14:22:04,PTBA,RG,2660,100,D,XC,YP,F
14:21:28,PTBA,RG,2660,5,D,PD,YP,F
14:21:17,PTBA,RG,2650,33,D,YU,CC,D
14:21:09,PTBA,RG,2660,2,D,XC,YP,F
14:21:06,PTBA,RG,2660,1,D,NI,YP,F
14:20:55,PTBA,RG,2660,6,D,YP,YP,F
14:20:46,PTBA,RG,2660,38,D,NI,YP,F
14:20:21,PTBA,RG,2660,1,D,KK,YP,F
14:20:15,PTBA,RG,2660,1,F,AK,YP,F
14:20:09,PTBA,RG,2650,34,D,YU,CC,D
14:20:09,PTBA,RG,2650,13,D,YU,XL,D
14:20:01,PTBA,RG,2660,27,F,BK,YP,F
14:19:58,PTBA,RG,2660,13,D,CC,YP,F
14:19:36,PTBA,RG,2660,1,F,CS,YP,F
14:19:22,PTBA,RG,2660,7,D,CC,YP,F
14:19:18,PTBA,RG,2660,1,D,PD,YP,F
14:19:03,PTBA,RG,2650,37,D,YU,CC,D
14:18:51,PTBA,RG,2660,30,D,YP,YP,F
14:18:30,PTBA,RG,2660,2,D,XC,YP,F
14:18:24,PTBA,RG,2660,2,D,YP,YP,F
14:18:13,PTBA,RG,2660,1,D,YP,YP,F
14:18:12,PTBA,RG,2660,500,D,OD,YP,F
14:18:05,PTBA,RG,2660,1,D,CC,YP,F
14:18:00,PTBA,RG,2650,14,D,YU,AK,F
14:17:57,PTBA,RG,2650,35,D,YU,CC,D
14:17:50,PTBA,RG,2660,1,D,XL,YP,F
14:17:45,PTBA,RG,2660,6,D,DH,YP,F
14:17:32,PTBA,RG,2660,23,D,CC,YP,F
14:17:26,PTBA,RG,2660,1,D,PD,YP,F
14:17:18,PTBA,RG,2660,8,D,CC,YP,F
14:16:58,PTBA,RG,2660,3,D,CC,YP,F
14:16:53,PTBA,RG,2650,34,D,YU,CC,D
14:16:36,PTBA,RG,2650,10,D,YU,YP,D
14:16:30,PTBA,RG,2660,1,D,XC,YP,F
14:16:24,PTBA,RG,2660,24,F,BK,YP,F
14:16:12,PTBA,RG,2650,5,D,YU,YP,D
14:16:06,PTBA,RG,2650,2,D,YU,YP,D
14:15:56,PTBA,RG,2650,8,D,YU,YP,D
14:15:47,PTBA,RG,2650,35,D,YU,CC,D
14:15:45,PTBA,RG,2660,10,D,GR,YP,F
14:15:45,PTBA,RG,2650,13,D,YU,AK,F
14:15:39,PTBA,RG,2650,5,D,YU,XC,D
14:15:25,PTBA,RG,2660,40,D,PD,YP,F
14:15:18,PTBA,RG,2650,20,D,YU,CC,D
14:15:04,PTBA,RG,2650,18,D,YU,XC,D
14:14:58,PTBA,RG,2660,1,F,CS,YP,F
14:14:56,PTBA,RG,2650,5,D,YU,AT,D
14:14:52,PTBA,RG,2660,10,D,GR,YP,F
14:14:47,PTBA,RG,2660,56,D,PD,YP,F
14:14:39,PTBA,RG,2650,34,D,YU,CC,D
14:14:32,PTBA,RG,2660,500,D,GR,YP,F
14:14:02,PTBA,RG,2650,5,D,YU,XC,D
14:13:54,PTBA,RG,2660,1,D,YP,YP,F
14:13:45,PTBA,RG,2650,13,D,YU,AK,F
14:13:35,PTBA,RG,2650,25,D,YU,CC,D
14:13:35,PTBA,RG,2650,5,D,CC,CC,D
14:13:35,PTBA,RG,2650,2,D,SQ,CC,D
14:13:25,PTBA,RG,2650,11,D,SQ,YP,D
14:12:52,PTBA,RG,2650,2,D,SQ,NI,D
14:12:48,PTBA,RG,2660,29,F,BK,YP,F
14:12:31,PTBA,RG,2650,10,D,SQ,CC,D
14:12:31,PTBA,RG,2650,1,D,XC,CC,D
14:12:31,PTBA,RG,2650,10,D,YP,CC,D
14:12:31,PTBA,RG,2650,2,D,CP,CC,D
14:12:31,PTBA,RG,2650,2,D,CC,CC,D
14:12:31,PTBA,RG,2650,3,D,PD,CC,D
14:12:31,PTBA,RG,2650,1,D,PD,CC,D
14:12:31,PTBA,RG,2650,4,D,DH,CC,D
14:12:18,PTBA,RG,2660,30,D,CC,YP,F
14:11:53,PTBA,RG,2660,1,D,PD,YP,F
14:11:26,PTBA,RG,2650,13,D,DH,AK,F
14:11:25,PTBA,RG,2650,3,D,DH,CC,D
14:11:25,PTBA,RG,2650,1,D,YP,CC,D
14:11:25,PTBA,RG,2650,1,D,PD,CC,D
14:11:25,PTBA,RG,2650,10,D,CC,CC,D
14:11:25,PTBA,RG,2650,10,D,YP,CC,D
14:11:25,PTBA,RG,2650,1,D,XC,CC,D
14:11:25,PTBA,RG,2650,7,D,GR,CC,D
14:11:17,PTBA,RG,2650,3,D,GR,PD,D
14:10:34,PTBA,RG,2650,5,D,GR,PD,D
14:10:27,PTBA,RG,2660,1,F,CS,YP,F
14:10:21,PTBA,RG,2650,15,D,GR,CC,D
14:10:21,PTBA,RG,2650,5,D,GR,CC,D
14:10:21,PTBA,RG,2650,14,D,PD,CC,D
14:10:07,PTBA,RG,2660,27,F,BK,YP,F
14:09:53,PTBA,RG,2650,6,D,PD,PD,D
14:09:53,PTBA,RG,2650,4,D,NI,PD,D
14:09:17,PTBA,RG,2650,33,D,NI,CC,D
14:09:10,PTBA,RG,2660,1,D,NI,YP,F
14:09:09,PTBA,RG,2650,21,D,NI,DH,D
14:09:05,PTBA,RG,2660,5,D,XC,YP,F
14:08:55,PTBA,RG,2660,6,D,CC,YP,F
14:08:48,PTBA,RG,2660,20,D,YP,YP,F
14:08:38,PTBA,RG,2660,3,D,NI,YP,F
14:08:36,PTBA,RG,2660,5,D,GR,YP,F
14:08:30,PTBA,RG,2650,16,D,NI,NI,D
14:08:11,PTBA,RG,2650,33,D,NI,CC,D
14:08:10,PTBA,RG,2660,9,D,PD,YP,F
14:08:09,PTBA,RG,2650,17,D,NI,AK,F
14:08:08,PTBA,RG,2660,2,D,NI,YP,F
14:07:52,PTBA,RG,2660,24,F,BK,YP,F
14:07:52,PTBA,RG,2650,1,D,NI,IP,D
14:07:51,PTBA,RG,2650,2,D,XC,PD,D
14:07:51,PTBA,RG,2650,3,D,YP,PD,D
14:07:50,PTBA,RG,2660,8,D,NI,YP,F
14:07:34,PTBA,RG,2660,1,D,YP,YP,F
14:07:24,PTBA,RG,2660,20,D,YP,YP,F
14:07:12,PTBA,RG,2660,6,D,YP,YP,F
14:07:09,PTBA,RG,2660,7,D,XC,YP,F
14:07:05,PTBA,RG,2650,7,D,YP,CC,D
14:07:05,PTBA,RG,2650,23,D,CC,CC,D
14:06:42,PTBA,RG,2660,2,D,CC,YP,F
14:06:40,PTBA,RG,2660,8,D,NI,YP,F
14:06:32,PTBA,RG,2660,10,D,XC,YP,F
14:06:17,PTBA,RG,2660,5,D,PD,YP,F
14:06:06,PTBA,RG,2660,10,D,PD,YP,F
14:06:01,PTBA,RG,2650,6,D,CC,CC,D
14:06:01,PTBA,RG,2650,5,D,CC,CC,D
14:06:01,PTBA,RG,2650,5,D,CC,CC,D
14:06:01,PTBA,RG,2650,21,D,YP,CC,D
14:06:01,PTBA,RG,2650,4,D,AZ,CC,D
14:05:59,PTBA,RG,2660,8,D,NI,YP,F
14:05:41,PTBA,RG,2650,6,D,AZ,XC,D
14:05:41,PTBA,RG,2650,54,D,YP,XC,D
14:05:35,PTBA,RG,2660,8,D,NI,YP,F
14:05:28,PTBA,RG,2660,27,F,BK,YP,F
14:05:14,PTBA,RG,2660,2,D,YP,YP,F
14:05:13,PTBA,RG,2660,8,D,NI,YP,F
14:05:10,PTBA,RG,2660,5,D,PD,YP,F
14:05:09,PTBA,RG,2660,25,D,SQ,YP,F
14:05:03,PTBA,RG,2660,1,F,CS,YP,F
14:05:02,PTBA,RG,2660,483,F,ZP,YP,F
14:04:58,PTBA,RG,2660,8,D,NI,YP,F
14:04:55,PTBA,RG,2650,31,D,YP,CC,D
14:04:44,PTBA,RG,2660,1,D,PD,YP,F
14:04:28,PTBA,RG,2660,500,D,GR,YP,F
14:04:24,PTBA,RG,2660,2,D,XC,YP,F
14:04:08,PTBA,RG,2660,8,D,NI,YP,F
14:04:07,PTBA,RG,2660,1,D,DH,YP,F
14:04:04,PTBA,RG,2660,37,D,YP,YP,F
14:03:51,PTBA,RG,2660,21,D,AZ,YP,F
14:03:49,PTBA,RG,2650,15,D,YP,CC,D
14:03:49,PTBA,RG,2650,23,D,DH,CC,D
14:03:45,PTBA,RG,2650,11,D,DH,AK,F
14:03:15,PTBA,RG,2660,100,D,EP,YP,F
14:03:01,PTBA,RG,2660,1,D,XC,YP,F
14:02:59,PTBA,RG,2660,24,D,PD,YP,F
14:02:58,PTBA,RG,2660,100,D,EP,YP,F
14:02:50,PTBA,RG,2660,1,D,DR,YP,F
14:02:39,PTBA,RG,2650,33,D,DH,CC,D
14:02:31,PTBA,RG,2650,10,D,DH,YP,D
14:02:25,PTBA,RG,2660,20,D,HP,YP,F
14:02:24,PTBA,RG,2660,100,D,CD,YP,F
14:02:23,PTBA,RG,2660,100,D,EP,YP,F
14:02:17,PTBA,RG,2660,512,F,ZP,YP,F
14:01:58,PTBA,RG,2650,20,D,DH,YP,D
14:01:33,PTBA,RG,2650,3,D,DH,CC,D
14:01:33,PTBA,RG,2650,25,F,BK,CC,D
14:01:33,PTBA,RG,2650,8,D,PD,CC,D
14:01:29,PTBA,RG,2650,1,D,PD,AT,D
14:01:13,PTBA,RG,2650,1,D,PD,EP,D
14:01:13,PTBA,RG,2650,3,D,YP,EP,D
14:01:13,PTBA,RG,2650,2,D,CC,EP,D
14:01:13,PTBA,RG,2650,1,D,DH,EP,D
14:01:13,PTBA,RG,2650,1,D,YP,EP,D
14:01:13,PTBA,RG,2650,1,D,XC,EP,D
14:01:13,PTBA,RG,2650,20,D,SQ,EP,D
14:01:13,PTBA,RG,2650,226,D,NI,EP,D
14:01:13,PTBA,RG,2650,1,D,XC,EP,D
14:01:13,PTBA,RG,2650,2,D,NI,EP,D
14:01:13,PTBA,RG,2650,15,D,OD,EP,D
14:01:13,PTBA,RG,2650,1,D,PD,EP,D
14:01:13,PTBA,RG,2650,10,D,KK,EP,D
14:01:13,PTBA,RG,2650,1,D,YP,EP,D
14:01:13,PTBA,RG,2650,1,D,CC,EP,D
14:01:13,PTBA,RG,2650,20,D,DH,EP,D
14:01:13,PTBA,RG,2650,10,D,YP,EP,D
14:01:13,PTBA,RG,2650,10,D,YP,EP,D
14:01:13,PTBA,RG,2650,10,D,KK,EP,D
14:01:13,PTBA,RG,2650,20,D,YP,EP,D
14:01:13,PTBA,RG,2650,3,D,YP,EP,D
14:01:13,PTBA,RG,2650,2,D,NI,EP,D
14:01:13,PTBA,RG,2650,1,D,PD,EP,D
14:01:13,PTBA,RG,2650,6,D,CC,EP,D
14:01:13,PTBA,RG,2650,10,D,YP,EP,D
14:01:13,PTBA,RG,2650,10,D,SQ,EP,D
14:01:13,PTBA,RG,2650,50,D,DH,EP,D
14:01:13,PTBA,RG,2650,5,D,NI,EP,D
14:01:13,PTBA,RG,2650,3,D,XC,EP,D
14:01:13,PTBA,RG,2650,1,D,KK,EP,D
14:01:13,PTBA,RG,2650,40,D,YP,EP,D
14:01:13,PTBA,RG,2650,2,D,XL,EP,D
14:01:13,PTBA,RG,2650,2,D,KK,EP,D
14:01:13,PTBA,RG,2650,5,D,YP,EP,D
14:01:13,PTBA,RG,2650,6,D,XL,EP,D
14:01:13,PTBA,RG,2650,20,D,CC,EP,D
14:01:13,PTBA,RG,2650,5,D,PD,EP,D
14:01:13,PTBA,RG,2650,5,D,NI,EP,D
14:01:13,PTBA,RG,2650,5,D,CC,EP,D
14:01:13,PTBA,RG,2650,2,D,AZ,EP,D
14:01:13,PTBA,RG,2650,50,D,NI,EP,D
14:01:13,PTBA,RG,2650,5,D,IP,EP,D
14:01:13,PTBA,RG,2650,2,D,PD,EP,D
14:01:13,PTBA,RG,2650,5,D,SQ,EP,D
14:01:13,PTBA,RG,2650,10,D,KK,EP,D
14:01:13,PTBA,RG,2650,2,D,PD,EP,D
14:01:13,PTBA,RG,2650,1,D,KK,EP,D
14:01:13,PTBA,RG,2650,4,D,PD,EP,D
14:01:13,PTBA,RG,2650,1,D,XC,EP,D
14:01:13,PTBA,RG,2650,1,D,PD,EP,D
14:01:13,PTBA,RG,2650,50,D,YU,EP,D
14:01:13,PTBA,RG,2650,2,D,NI,EP,D
14:01:13,PTBA,RG,2650,10,D,PD,EP,D
14:01:13,PTBA,RG,2650,20,D,YP,EP,D
14:01:13,PTBA,RG,2650,15,D,PD,EP,D
14:01:13,PTBA,RG,2650,3,D,XL,EP,D
14:01:13,PTBA,RG,2650,1,D,YP,EP,D
14:01:13,PTBA,RG,2650,5,D,SQ,EP,D
14:01:13,PTBA,RG,2650,1,D,YP,EP,D
14:01:13,PTBA,RG,2650,5,D,MU,EP,D
14:01:13,PTBA,RG,2650,1,D,OD,EP,D
14:01:13,PTBA,RG,2650,1,D,YP,EP,D
14:01:13,PTBA,RG,2650,1,D,NI,EP,D
14:01:13,PTBA,RG,2650,2,D,YP,EP,D
14:01:13,PTBA,RG,2650,20,D,PD,EP,D
14:01:13,PTBA,RG,2650,20,D,XC,EP,D
14:01:13,PTBA,RG,2650,1,D,YP,EP,D
14:01:13,PTBA,RG,2650,2,D,XC,EP,D
14:01:13,PTBA,RG,2650,10,D,CC,EP,D
14:01:13,PTBA,RG,2650,100,D,DR,EP,D
14:01:13,PTBA,RG,2650,10,D,SQ,EP,D
14:01:13,PTBA,RG,2650,5,D,YP,EP,D
14:01:13,PTBA,RG,2650,10,D,CC,EP,D
14:01:13,PTBA,RG,2650,1,D,XC,EP,D
14:01:13,PTBA,RG,2650,1,D,YP,EP,D
14:01:13,PTBA,RG,2650,20,D,DH,EP,D
14:01:13,PTBA,RG,2650,1,D,EP,EP,D
14:01:13,PTBA,RG,2650,1,D,GR,EP,D
14:01:13,PTBA,RG,2650,20,D,YP,EP,D
14:01:13,PTBA,RG,2650,1,D,KK,EP,D
14:01:13,PTBA,RG,2650,1,D,NI,EP,D
14:01:13,PTBA,RG,2650,377,D,YP,EP,D
14:01:13,PTBA,RG,2650,1,D,EP,EP,D
14:01:13,PTBA,RG,2650,10,D,PD,EP,D
14:01:13,PTBA,RG,2650,5,D,IP,EP,D
14:01:13,PTBA,RG,2650,1,D,CC,EP,D
14:01:13,PTBA,RG,2650,5,D,OD,EP,D
14:01:13,PTBA,RG,2650,2,D,GR,EP,D
14:01:13,PTBA,RG,2650,1,D,YP,EP,D
14:01:13,PTBA,RG,2650,10,D,XC,EP,D
14:01:13,PTBA,RG,2650,60,D,NI,EP,D
14:01:13,PTBA,RG,2650,100,D,XC,EP,D
14:01:13,PTBA,RG,2650,1,D,NI,EP,D
14:01:13,PTBA,RG,2650,10,D,YP,EP,D
14:01:13,PTBA,RG,2650,200,D,KK,EP,D
14:01:13,PTBA,RG,2650,1,D,PD,EP,D
14:01:13,PTBA,RG,2650,30,D,PD,EP,D
14:01:13,PTBA,RG,2650,1,D,YP,EP,D
14:01:13,PTBA,RG,2650,10,D,TF,EP,D
14:01:13,PTBA,RG,2650,2,D,PD,EP,D
14:01:13,PTBA,RG,2650,2,D,XC,EP,D
14:01:13,PTBA,RG,2650,1,D,YP,EP,D
14:01:13,PTBA,RG,2650,5,D,NI,EP,D
14:01:13,PTBA,RG,2650,20,D,CC,EP,D
14:01:13,PTBA,RG,2650,5,D,PD,EP,D
14:01:13,PTBA,RG,2650,5,D,YP,EP,D
14:01:13,PTBA,RG,2650,10,D,CC,EP,D
14:01:13,PTBA,RG,2650,5,D,YP,EP,D
14:01:13,PTBA,RG,2650,20,D,YP,EP,D
14:01:13,PTBA,RG,2650,2,D,XC,EP,D
14:01:13,PTBA,RG,2650,1,D,XC,EP,D
14:01:13,PTBA,RG,2650,5,D,GR,EP,D
14:01:13,PTBA,RG,2650,6,D,YP,EP,D
14:01:13,PTBA,RG,2650,20,D,YP,EP,D
14:01:13,PTBA,RG,2650,20,D,YP,EP,D
14:01:13,PTBA,RG,2650,15,D,NI,EP,D
14:01:13,PTBA,RG,2650,1,D,NI,EP,D
14:01:13,PTBA,RG,2650,45,D,YP,EP,D
14:01:13,PTBA,RG,2650,15,D,AZ,EP,D
14:01:13,PTBA,RG,2650,5,D,YP,EP,D
14:01:13,PTBA,RG,2650,22,D,DR,EP,D
14:01:13,PTBA,RG,2650,5,D,PD,EP,D
14:01:13,PTBA,RG,2650,130,D,NI,EP,D
14:01:13,PTBA,RG,2650,8,D,NI,EP,D
14:01:13,PTBA,RG,2650,1,D,YP,EP,D
14:01:13,PTBA,RG,2650,1,D,YP,EP,D
14:01:13,PTBA,RG,2650,1,D,NI,EP,D
14:01:13,PTBA,RG,2650,50,D,YP,EP,D
14:01:13,PTBA,RG,2650,1,D,NI,EP,D
14:01:13,PTBA,RG,2650,3,D,DR,EP,D
14:01:13,PTBA,RG,2650,100,D,KK,EP,D
14:01:13,PTBA,RG,2650,20,D,LS,EP,D
14:01:13,PTBA,RG,2650,20,D,CC,EP,D
14:01:13,PTBA,RG,2650,1,D,YP,EP,D
14:01:13,PTBA,RG,2650,1,D,PD,EP,D
14:01:13,PTBA,RG,2650,1,D,OD,EP,D
14:01:13,PTBA,RG,2650,150,D,YP,EP,D
14:01:13,PTBA,RG,2650,2,D,YP,EP,D
14:01:13,PTBA,RG,2650,30,D,CC,EP,D
14:01:13,PTBA,RG,2650,250,D,CC,EP,D
14:01:13,PTBA,RG,2650,1,D,IF,EP,D
14:01:13,PTBA,RG,2650,5,D,CC,EP,D
14:01:13,PTBA,RG,2650,2,D,YP,EP,D
14:01:13,PTBA,RG,2650,100,D,SQ,EP,D
14:01:13,PTBA,RG,2650,1,D,DH,EP,D
14:01:13,PTBA,RG,2650,10,D,GR,EP,D
14:01:13,PTBA,RG,2650,1,D,XC,EP,D
14:01:13,PTBA,RG,2650,10,D,XC,EP,D
14:01:13,PTBA,RG,2650,5,D,PD,EP,D
14:01:13,PTBA,RG,2650,1000,D,PG,EP,D
14:01:13,PTBA,RG,2650,10,D,PD,EP,D
14:01:13,PTBA,RG,2650,2,D,EP,EP,D
14:01:13,PTBA,RG,2650,1,D,SQ,EP,D
14:01:13,PTBA,RG,2650,1,D,PD,EP,D
14:01:13,PTBA,RG,2650,10,D,PD,EP,D
14:01:13,PTBA,RG,2650,20,D,PD,EP,D
14:01:13,PTBA,RG,2650,1,D,DH,EP,D
14:01:13,PTBA,RG,2650,50,D,DR,EP,D
14:01:13,PTBA,RG,2650,1,D,DR,EP,D
14:01:13,PTBA,RG,2650,5,D,PD,EP,D
14:01:13,PTBA,RG,2650,1,D,PD,EP,D
14:01:13,PTBA,RG,2650,1,D,CC,EP,D
14:01:13,PTBA,RG,2650,1,D,PD,EP,D
14:01:13,PTBA,RG,2650,3,D,PD,EP,D
14:01:13,PTBA,RG,2650,5,D,PD,EP,D
14:01:13,PTBA,RG,2650,10,D,PD,EP,D
14:01:13,PTBA,RG,2650,10,D,PD,EP,D
14:01:13,PTBA,RG,2650,50,D,YP,EP,D
14:01:13,PTBA,RG,2650,8,D,DH,EP,D
14:01:00,PTBA,RG,2650,2,D,DH,AK,F
14:01:00,PTBA,RG,2650,10,D,KK,AK,F
14:00:57,PTBA,RG,2660,1,D,XC,YP,F
14:00:29,PTBA,RG,2660,5,D,NI,YP,F
14:00:27,PTBA,RG,2650,32,D,KK,CC,D
13:59:50,PTBA,RG,2660,1,D,DH,YP,F
13:59:41,PTBA,RG,2660,1,D,PD,YP,F
13:59:32,PTBA,RG,2660,29,F,BK,YP,F
13:59:19,PTBA,RG,2650,33,D,KK,CC,D
13:59:18,PTBA,RG,2660,1,D,KK,YP,F
13:58:51,PTBA,RG,2660,1,D,YP,YP,F
13:58:26,PTBA,RG,2660,8,D,PD,YP,F
13:58:17,PTBA,RG,2660,10,D,YP,YP,F
13:58:13,PTBA,RG,2650,25,D,KK,CC,D
13:58:13,PTBA,RG,2650,4,D,PD,CC,D
13:58:13,PTBA,RG,2650,4,D,PD,CC,D
13:58:06,PTBA,RG,2660,7,D,PD,YP,F
13:58:04,PTBA,RG,2660,6,D,XC,YP,F
13:58:00,PTBA,RG,2650,1,D,PD,AK,F
13:58:00,PTBA,RG,2650,1,D,XL,AK,F
13:58:00,PTBA,RG,2650,11,D,YP,AK,F
13:57:48,PTBA,RG,2660,19,D,YP,YP,F
13:57:47,PTBA,RG,2660,10,D,AI,YP,F
13:57:41,PTBA,RG,2660,1,D,XC,YP,F
13:57:37,PTBA,RG,2660,5,D,CC,YP,F
13:57:09,PTBA,RG,2660,95,D,CC,YP,F
13:57:07,PTBA,RG,2650,9,D,YP,CC,D
13:57:07,PTBA,RG,2650,1,D,KK,CC,D
13:57:07,PTBA,RG,2650,28,D,XA,CC,D
13:57:07,PTBA,RG,2660,300,D,NI,YP,F
13:57:01,PTBA,RG,2660,2,D,YP,YP,F
13:56:45,PTBA,RG,2660,1,D,XC,YP,F
13:56:42,PTBA,RG,2660,459,F,ZP,YP,F
13:56:41,PTBA,RG,2660,1,D,PD,YP,F
13:56:32,PTBA,RG,2660,1,D,CC,YP,F
13:56:30,PTBA,RG,2660,3,D,NI,YP,F
13:56:13,PTBA,RG,2660,2000,D,GR,YP,F
13:55:59,PTBA,RG,2650,2,D,XA,CC,D
13:55:59,PTBA,RG,2650,32,D,CP,CC,D
13:55:36,PTBA,RG,2660,1,D,XC,YP,F
13:55:23,PTBA,RG,2660,25,F,BK,YP,F
13:55:11,PTBA,RG,2650,2,D,CP,YP,D
13:55:10,PTBA,RG,2660,50,D,CC,YP,F
13:55:05,PTBA,RG,2650,10,D,CP,PD,D
13:54:58,PTBA,RG,2660,30,D,EP,YP,F
13:54:57,PTBA,RG,2660,1,D,PD,YP,F
13:54:53,PTBA,RG,2650,32,D,CP,CC,D
13:54:34,PTBA,RG,2660,10,D,GR,YP,F
13:54:26,PTBA,RG,2650,2,D,CP,AT,D
13:54:16,PTBA,RG,2650,50,D,CP,DX,D
13:54:12,PTBA,RG,2660,37,D,NI,YP,F
13:54:11,PTBA,RG,2660,15,D,KK,YP,F
13:54:07,PTBA,RG,2660,10,D,YP,YP,F
13:54:05,PTBA,RG,2660,1,D,XC,YP,F
13:53:57,PTBA,RG,2650,2,D,CP,PD,D
13:53:50,PTBA,RG,2650,3,D,CP,YP,D
13:53:47,PTBA,RG,2650,32,D,CP,CC,D
13:53:32,PTBA,RG,2660,2,D,KK,YP,F
13:53:24,PTBA,RG,2660,2,D,CC,YP,F
13:53:21,PTBA,RG,2660,3,D,GR,YP,F
13:53:08,PTBA,RG,2660,10,D,CC,YP,F
13:52:56,PTBA,RG,2660,10,D,NI,YP,F
13:52:44,PTBA,RG,2660,386,F,ZP,YP,F
13:52:42,PTBA,RG,2660,2040,D,NI,YP,F
13:52:42,PTBA,RG,2660,10,D,NI,XL,D
13:52:42,PTBA,RG,2660,3,D,NI,DR,D
13:52:42,PTBA,RG,2660,8,D,NI,YP,D
13:52:42,PTBA,RG,2660,10,D,NI,KK,D
13:52:42,PTBA,RG,2660,10,D,NI,TF,D
13:52:42,PTBA,RG,2660,50,D,NI,SQ,D
13:52:42,PTBA,RG,2660,1,D,NI,KK,D
13:52:42,PTBA,RG,2660,10,D,NI,AK,F
13:52:42,PTBA,RG,2660,20,D,NI,PD,D
13:52:42,PTBA,RG,2660,6,D,NI,BK,F
13:52:42,PTBA,RG,2660,891,D,NI,BK,F
13:52:42,PTBA,RG,2660,11,D,NI,AK,F
13:52:42,PTBA,RG,2660,113,D,NI,AK,F
13:52:42,PTBA,RG,2660,817,D,NI,YP,D
13:52:39,PTBA,RG,2650,37,D,CP,CC,D
13:52:17,PTBA,RG,2650,10,D,CP,PD,D
13:51:57,PTBA,RG,2660,18,D,NI,YP,D
13:51:49,PTBA,RG,2650,1,D,CP,YP,D
13:51:40,PTBA,RG,2660,8,D,EP,YP,D
13:51:35,PTBA,RG,2650,37,D,CP,CC,D
13:51:20,PTBA,RG,2650,30,D,CP,XC,D
13:51:08,PTBA,RG,2660,250,D,EP,YP,D
13:50:41,PTBA,RG,2650,1,D,CP,CC,D
13:50:34,PTBA,RG,2650,100,D,CP,TP,D
13:50:27,PTBA,RG,2650,33,D,CP,CC,D
13:50:24,PTBA,RG,2650,34,D,CP,DR,D
13:50:15,PTBA,RG,2650,50,D,CP,PD,D
13:49:23,PTBA,RG,2650,31,D,CP,CC,D
13:49:22,PTBA,RG,2660,10,D,PD,YP,D
13:48:56,PTBA,RG,2650,20,D,CP,SQ,D
13:48:41,PTBA,RG,2660,28,F,BK,YP,D
13:48:18,PTBA,RG,2650,23,D,CP,PD,D
13:48:12,PTBA,RG,2660,1,D,PD,YP,D
13:48:03,PTBA,RG,2650,50,D,CP,IF,D
13:48:00,PTBA,RG,2650,11,D,CP,AK,F
13:47:29,PTBA,RG,2650,352,D,CP,AK,F
13:47:19,PTBA,RG,2660,5,D,EP,YP,D
13:47:18,PTBA,RG,2660,2,D,CC,YP,D
13:46:48,PTBA,RG,2660,80,D,EP,YP,D
13:46:42,PTBA,RG,2650,1,D,CP,EP,D
13:46:33,PTBA,RG,2660,25,D,PD,YP,D
13:45:19,PTBA,RG,2650,1,D,CP,YP,D
13:45:00,PTBA,RG,2650,13,D,CP,YP,D
13:45:00,PTBA,RG,2650,2,D,HP,YP,D
13:44:58,PTBA,RG,2650,70,D,HP,DR,D
13:44:32,PTBA,RG,2650,5,D,HP,KK,D
13:44:11,PTBA,RG,2650,4,D,HP,KK,D
13:43:49,PTBA,RG,2660,1,D,YP,YP,D
13:43:36,PTBA,RG,2660,3,D,PD,YP,D
13:43:35,PTBA,RG,2660,87,D,EP,YP,D
13:43:22,PTBA,RG,2660,2,D,AT,YP,D
13:42:29,PTBA,RG,2660,1,D,AZ,YP,D
13:41:59,PTBA,RG,2660,48,D,EP,YP,D
13:41:45,PTBA,RG,2660,5,D,YP,YP,D
13:41:24,PTBA,RG,2660,4,D,GR,YP,D
13:41:09,PTBA,RG,2660,37,D,ZP,YP,D
13:41:07,PTBA,RG,2660,1,D,YP,YP,D
13:41:00,PTBA,RG,2660,10,D,DH,YP,D
13:40:58,PTBA,RG,2650,38,D,HP,LG,D
13:40:41,PTBA,RG,2660,1,D,YP,YP,D
13:40:18,PTBA,RG,2660,40,D,NI,YP,D
13:40:15,PTBA,RG,2660,100,D,TF,YP,D
13:39:55,PTBA,RG,2660,20,D,YP,YP,D
13:39:37,PTBA,RG,2660,100,D,OD,YP,D
13:39:35,PTBA,RG,2660,1,F,CS,YP,D
13:39:35,PTBA,RG,2660,5,D,YP,YP,D
13:39:35,PTBA,RG,2660,5,D,NI,YP,D
13:39:35,PTBA,RG,2660,50,D,YP,YP,D
13:39:35,PTBA,RG,2660,1,D,AT,YP,D
13:39:35,PTBA,RG,2660,10,D,NI,YP,D
13:39:35,PTBA,RG,2660,27,F,BK,YP,D
13:39:35,PTBA,RG,2660,1,D,PD,YP,D
13:39:35,PTBA,RG,2660,10,D,CC,YP,D
13:39:35,PTBA,RG,2660,20,D,KK,YP,D
13:39:35,PTBA,RG,2660,10,D,NI,YP,D
13:39:35,PTBA,RG,2660,3,D,YP,YP,D
13:39:35,PTBA,RG,2660,10,D,PD,YP,D
13:39:35,PTBA,RG,2660,1,D,PD,YP,D
13:39:35,PTBA,RG,2660,9,D,PD,YP,D
13:39:35,PTBA,RG,2660,6,D,XC,YP,D
13:39:35,PTBA,RG,2660,60,D,PD,YP,D
13:39:35,PTBA,RG,2660,32,F,BK,YP,D
13:39:35,PTBA,RG,2660,1,F,CS,YP,D
13:39:35,PTBA,RG,2660,34,D,KK,YP,D
13:39:25,PTBA,RG,2660,6,D,KK,YP,D
13:39:17,PTBA,RG,2660,5,D,KK,YP,D
13:39:05,PTBA,RG,2660,15,D,KK,YP,D
13:39:02,PTBA,RG,2660,45,D,KK,CC,D
13:38:37,PTBA,RG,2660,10,D,KK,PD,D
13:38:31,PTBA,RG,2660,4,D,KK,YP,D
13:38:23,PTBA,RG,2660,1,D,KK,CC,D
13:37:26,PTBA,RG,2660,41,D,KK,CC,D
13:35:38,PTBA,RG,2660,10,D,KK,DR,D
13:35:38,PTBA,RG,2660,4,D,KK,LG,D
13:35:38,PTBA,RG,2660,5,D,KK,PD,D
13:35:38,PTBA,RG,2660,4,D,KK,OD,D
13:35:38,PTBA,RG,2660,85,D,KK,CC,D
13:35:38,PTBA,RG,2660,39,D,KK,CC,D
13:35:38,PTBA,RG,2660,20,D,KK,PD,D
13:35:38,PTBA,RG,2660,10,D,KK,CC,D
13:35:38,PTBA,RG,2660,5,D,KK,BK,F
13:35:38,PTBA,RG,2660,2,D,KK,YP,D
13:35:38,PTBA,RG,2660,50,D,KK,PD,D
13:35:38,PTBA,RG,2660,1,D,KK,KK,D
13:35:38,PTBA,RG,2660,104,D,KK,AK,F
13:35:21,PTBA,RG,2660,50,D,DH,AK,F
13:35:21,PTBA,RG,2660,5,D,NI,AK,F
13:35:06,PTBA,RG,2660,37,D,LS,AK,F
13:35:04,PTBA,RG,2660,72,D,EP,AK,F
13:35:04,PTBA,RG,2660,1,D,EP,AT,D
13:35:04,PTBA,RG,2660,24,D,EP,YP,D
13:35:02,PTBA,RG,2660,6,D,YP,YP,D
13:35:02,PTBA,RG,2660,120,D,YP,YP,D
13:35:02,PTBA,RG,2660,1,D,YP,XC,D
13:35:02,PTBA,RG,2660,3,D,YP,CC,D
13:35:02,PTBA,RG,2660,35,D,YP,CC,D
13:35:02,PTBA,RG,2660,6,D,YP,XC,D
13:35:02,PTBA,RG,2660,5,D,YP,XC,D
13:35:02,PTBA,RG,2660,1,D,YP,XC,D
13:35:02,PTBA,RG,2660,4,D,YP,XC,D
13:35:02,PTBA,RG,2660,1,D,YP,YP,D
13:35:02,PTBA,RG,2660,18,D,YP,YP,D
13:33:52,PTBA,RG,2660,1,D,XC,YP,D
13:33:49,PTBA,RG,2660,1,D,CC,YP,D
13:33:49,PTBA,RG,2660,4,D,CC,XC,D
13:33:49,PTBA,RG,2660,20,D,CC,KK,D
13:33:49,PTBA,RG,2660,1,D,CC,YP,D
13:33:49,PTBA,RG,2660,3,D,CC,PD,D
13:33:49,PTBA,RG,2660,1,D,CC,PD,D
13:33:49,PTBA,RG,2660,11,D,CC,PD,D
13:33:49,PTBA,RG,2660,59,D,CC,AZ,D
13:33:38,PTBA,RG,2660,1,D,XC,AZ,D
13:33:21,PTBA,RG,2660,10,D,DR,AZ,D
13:33:16,PTBA,RG,2660,133,D,CC,AZ,D
13:32:47,PTBA,RG,2660,1,D,CC,AZ,D
13:32:34,PTBA,RG,2660,1,D,YP,AZ,D
13:30:39,PTBA,RG,2660,1,D,CC,AZ,D
13:30:15,PTBA,RG,2650,27,D,HP,AK,F
13:30:14,PTBA,RG,2660,1,D,YP,AZ,D
13:30:12,PTBA,RG,2660,5,D,CC,AZ,D
13:30:12,PTBA,RG,2660,5,D,YP,AZ,D
13:30:11,PTBA,RG,2660,7,D,YP,AZ,D
13:30:11,PTBA,RG,2660,1,D,YP,AZ,D
13:30:10,PTBA,RG,2660,1,D,YP,AZ,D
13:30:10,PTBA,RG,2660,10,D,YP,AZ,D
13:30:10,PTBA,RG,2660,10,D,YP,AZ,D
13:30:09,PTBA,RG,2660,50,D,CC,AZ,D
13:30:09,PTBA,RG,2660,1,D,LG,AZ,D
13:30:09,PTBA,RG,2660,1,D,XC,AZ,D
13:30:08,PTBA,RG,2660,1,D,YP,AZ,D
13:30:08,PTBA,RG,2660,5,D,PD,AZ,D
13:30:08,PTBA,RG,2660,1,D,YP,AZ,D
13:30:08,PTBA,RG,2660,5,D,YP,AZ,D
13:30:07,PTBA,RG,2660,10,D,YP,AZ,D
13:30:07,PTBA,RG,2660,1,D,XC,AZ,D
13:30:07,PTBA,RG,2660,4,D,XC,AZ,D
13:30:07,PTBA,RG,2660,1,D,PD,AZ,D
13:30:07,PTBA,RG,2660,2,D,XC,AZ,D
13:30:07,PTBA,RG,2660,1,D,PD,AZ,D
13:30:07,PTBA,RG,2660,10,D,PD,AZ,D
13:30:06,PTBA,RG,2660,6,D,XC,AZ,D
13:30:06,PTBA,RG,2660,1,D,XC,AZ,D
13:30:06,PTBA,RG,2660,10,D,CC,AZ,D
13:30:06,PTBA,RG,2660,1,D,GR,AZ,D
13:30:06,PTBA,RG,2660,5,D,YP,AZ,D
13:30:06,PTBA,RG,2660,10,D,PD,AZ,D
13:30:06,PTBA,RG,2660,1,D,PD,AZ,D
13:30:05,PTBA,RG,2660,4,D,PD,AZ,D
13:30:05,PTBA,RG,2660,2,D,YP,AZ,D
13:30:05,PTBA,RG,2660,10,D,DH,AZ,D
13:30:05,PTBA,RG,2660,5,D,ZP,AZ,D
13:30:05,PTBA,RG,2660,17,D,KK,AZ,D
13:30:05,PTBA,RG,2660,199,D,PD,AZ,D
13:30:05,PTBA,RG,2660,1,D,PD,AZ,D
13:30:05,PTBA,RG,2660,1,D,PD,AZ,D
13:30:05,PTBA,RG,2660,1,D,PD,AZ,D
13:30:05,PTBA,RG,2660,3,D,SQ,AZ,D
13:30:05,PTBA,RG,2660,3,D,DX,AZ,D
13:30:05,PTBA,RG,2660,20,D,XL,AZ,D
13:30:05,PTBA,RG,2660,10,D,PD,AZ,D
13:30:05,PTBA,RG,2660,200,D,CC,AZ,D
13:30:05,PTBA,RG,2660,4,D,PD,AZ,D
13:30:05,PTBA,RG,2660,1,D,PD,AZ,D
13:30:05,PTBA,RG,2660,2,D,PD,AZ,D
13:30:05,PTBA,RG,2660,20,D,KK,AZ,D
13:30:05,PTBA,RG,2660,16,D,KK,AZ,D
13:30:05,PTBA,RG,2660,1,D,DH,AZ,D
13:30:05,PTBA,RG,2660,1,D,ZP,AZ,D
13:30:05,PTBA,RG,2660,1,D,PD,AZ,D
13:30:05,PTBA,RG,2660,2,D,PD,AZ,D
13:30:05,PTBA,RG,2660,5,D,EP,AZ,D
13:30:05,PTBA,RG,2660,8,D,PD,AZ,D
13:30:05,PTBA,RG,2660,1,D,PD,AZ,D
13:30:05,PTBA,RG,2660,1,D,PD,AZ,D
13:30:05,PTBA,RG,2660,100,D,DH,AZ,D
13:30:05,PTBA,RG,2660,2,D,YP,AZ,D
13:30:05,PTBA,RG,2660,1,D,XC,AZ,D
13:30:05,PTBA,RG,2660,50,D,YP,AZ,D
13:30:05,PTBA,RG,2660,1000,D,GR,AZ,D
13:30:05,PTBA,RG,2660,10,D,YP,AZ,D
13:30:05,PTBA,RG,2660,15,F,BK,AZ,D
13:30:04,PTBA,RG,2660,2,F,BK,CC,D
13:30:04,PTBA,RG,2660,1,F,BK,PD,D
13:30:04,PTBA,RG,2660,10,F,BK,DH,D
13:30:04,PTBA,RG,2670,5,D,PD,CC,D
13:30:04,PTBA,RG,2660,3,F,ZP,GR,D
13:30:02,PTBA,RG,2660,7,F,ZP,DH,D
13:30:02,PTBA,RG,2660,2,F,ZP,PD,D
13:30:02,PTBA,RG,2660,1,F,ZP,YB,D
13:30:02,PTBA,RG,2660,1,F,ZP,PD,D
11:29:57,PTBA,RG,2660,6,F,ZP,CC,D
11:29:45,PTBA,RG,2660,1,F,ZP,AK,F
11:29:30,PTBA,RG,2660,1,F,ZP,AK,F
11:29:30,PTBA,RG,2670,40,D,HP,CC,D
11:29:29,PTBA,RG,2660,42,F,ZP,CC,D
11:29:02,PTBA,RG,2670,70,D,PD,CC,D
11:28:59,PTBA,RG,2670,1,D,PD,CC,D
11:28:58,PTBA,RG,2670,11,F,BK,CC,D
11:28:58,PTBA,RG,2670,6,F,BK,SQ,D
11:28:58,PTBA,RG,2670,10,F,BK,PD,D
11:28:12,PTBA,RG,2660,3,F,ZP,XC,D
11:28:04,PTBA,RG,2660,5,F,ZP,NI,D
11:27:45,PTBA,RG,2660,8,F,ZP,AK,F
11:27:31,PTBA,RG,2660,100,F,ZP,NI,D
11:27:31,PTBA,RG,2660,1,F,CS,NI,D
11:27:31,PTBA,RG,2660,49,D,OD,NI,D
11:27:27,PTBA,RG,2660,1,D,OD,CC,F
11:27:15,PTBA,RG,2650,2,D,HP,AK,F
11:27:11,PTBA,RG,2650,26,D,HP,PD,D
11:27:08,PTBA,RG,2660,10,D,YP,CC,F
11:27:06,PTBA,RG,2660,1,D,DH,CC,F
11:26:51,PTBA,RG,2660,62,D,YP,CC,F
11:26:51,PTBA,RG,2660,38,D,YP,DH,D
11:26:49,PTBA,RG,2660,2,D,PD,DH,D
11:26:48,PTBA,RG,2660,2,D,YP,DH,D
11:26:47,PTBA,RG,2660,2,D,AT,DH,D
11:26:36,PTBA,RG,2660,25,D,SQ,DH,D
11:26:34,PTBA,RG,2660,182,F,ZP,DH,D
11:26:25,PTBA,RG,2660,299,D,YP,DH,D
11:26:25,PTBA,RG,2660,2,D,YP,AK,F
11:26:25,PTBA,RG,2660,13,D,YP,XC,D
11:26:25,PTBA,RG,2660,4,D,YP,PD,D
11:26:25,PTBA,RG,2660,7,D,YP,CC,F
11:26:25,PTBA,RG,2660,1,D,YP,PD,D
11:26:25,PTBA,RG,2660,174,D,YP,BK,F
11:26:23,PTBA,RG,2660,20,D,AT,BK,F
11:26:21,PTBA,RG,2660,100,D,SQ,BK,F
11:26:19,PTBA,RG,2660,5,D,KK,BK,F
11:26:09,PTBA,RG,2660,26,F,BK,BK,F
11:26:00,PTBA,RG,2660,183,F,ZP,BK,F
11:25:47,PTBA,RG,2660,10,D,PD,BK,F
11:25:29,PTBA,RG,2660,20,D,PD,BK,F
11:25:29,PTBA,RG,2660,100,D,CC,BK,F
11:25:24,PTBA,RG,2660,514,D,YP,BK,F
11:25:08,PTBA,RG,2660,1,D,KK,BK,F
11:24:40,PTBA,RG,2660,124,D,YP,BK,F
11:24:40,PTBA,RG,2660,184,D,YP,AK,F
11:24:30,PTBA,RG,2650,7,D,HP,AK,F
11:24:19,PTBA,RG,2660,7,D,PD,AK,F
11:24:15,PTBA,RG,2660,5,D,PD,AK,F
11:24:11,PTBA,RG,2660,20,D,TF,AK,F
11:24:09,PTBA,RG,2660,100,D,TP,AK,F
11:24:07,PTBA,RG,2660,5,D,PD,AK,F
11:23:47,PTBA,RG,2660,10,D,SQ,AK,F
11:23:44,PTBA,RG,2660,325,D,CC,AK,F
11:23:32,PTBA,RG,2660,4,D,DR,AK,F
11:23:26,PTBA,RG,2660,18,D,KK,AK,F
11:23:26,PTBA,RG,2660,12,D,KK,BK,F
11:23:26,PTBA,RG,2660,9,D,YP,BK,F
11:23:15,PTBA,RG,2660,1,D,YP,BK,F
11:22:47,PTBA,RG,2660,8,D,YP,BK,F
11:22:38,PTBA,RG,2660,1,D,YP,BK,F
11:22:17,PTBA,RG,2660,42,D,YP,BK,F
11:22:16,PTBA,RG,2660,191,F,ZP,BK,F
11:22:14,PTBA,RG,2660,76,D,PD,BK,F
11:22:04,PTBA,RG,2660,10,D,DR,BK,F
11:21:58,PTBA,RG,2660,93,D,YP,BK,F
11:21:42,PTBA,RG,2660,7,D,XA,CC,F
11:20:47,PTBA,RG,2660,13,D,KK,CC,F
11:20:23,PTBA,RG,2650,42,D,HP,BK,F
11:20:20,PTBA,RG,2650,10,D,HP,NI,D
11:20:20,PTBA,RG,2650,10,D,HP,PD,D
11:20:20,PTBA,RG,2660,20,D,PD,CC,F
11:20:19,PTBA,RG,2650,10,D,HP,CC,D
11:20:19,PTBA,RG,2650,247,D,HP,BK,F
11:20:19,PTBA,RG,2650,1,D,PD,BK,F
11:20:16,PTBA,RG,2660,4,D,NI,AK,F
11:20:15,PTBA,RG,2660,1,F,CS,BK,F
11:20:15,PTBA,RG,2660,1,F,CS,BK,F
11:20:15,PTBA,RG,2660,1,F,CS,BK,F
11:20:14,PTBA,RG,2660,4,D,PD,AK,F
11:20:14,PTBA,RG,2660,1,D,YB,AK,F
11:20:14,PTBA,RG,2660,1,D,PD,AK,F
11:20:14,PTBA,RG,2660,1,D,LG,AK,F
11:20:14,PTBA,RG,2660,1,D,PD,AK,F
11:20:14,PTBA,RG,2660,25,D,NI,AK,F
11:20:14,PTBA,RG,2660,5,D,XC,AK,F
11:20:14,PTBA,RG,2660,1,D,KK,AK,F
11:20:14,PTBA,RG,2660,11,D,PD,AK,F
11:20:14,PTBA,RG,2660,1,D,PD,AK,F
11:20:14,PTBA,RG,2660,20,D,NI,AK,F
11:20:14,PTBA,RG,2660,1,D,KK,AK,F
11:20:14,PTBA,RG,2660,3,D,CC,AK,F
11:20:14,PTBA,RG,2660,10,D,PD,AK,F
11:20:14,PTBA,RG,2660,5,D,OD,AK,F
11:20:14,PTBA,RG,2660,1,D,PD,AK,F
11:20:14,PTBA,RG,2660,2,D,AT,AK,F
11:20:14,PTBA,RG,2660,15,D,SQ,AK,F
11:20:14,PTBA,RG,2660,1,D,OD,AK,F
11:20:14,PTBA,RG,2660,5,D,PD,AK,F
11:20:14,PTBA,RG,2660,2,D,KK,AK,F
11:20:14,PTBA,RG,2660,3,D,PD,AK,F
11:20:14,PTBA,RG,2660,27,F,BK,AK,F
11:20:14,PTBA,RG,2660,10,D,PD,AK,F
11:20:14,PTBA,RG,2660,6,D,XC,AK,F
11:20:14,PTBA,RG,2660,50,D,CC,AK,F
11:20:14,PTBA,RG,2660,3,D,CC,AK,F
11:20:14,PTBA,RG,2660,5,D,NI,AK,F
11:20:14,PTBA,RG,2660,124,F,ZP,AK,F
11:20:14,PTBA,RG,2660,4,D,PD,AK,F
11:20:14,PTBA,RG,2660,81,D,YP,AK,F
11:20:14,PTBA,RG,2660,1,D,PD,AK,F
11:20:14,PTBA,RG,2660,1,D,XC,AK,F
11:20:14,PTBA,RG,2660,5,D,NI,AK,F
11:20:14,PTBA,RG,2660,1,D,YP,AK,F
11:20:14,PTBA,RG,2660,1,D,CC,AK,F
11:20:14,PTBA,RG,2660,5,D,YP,AK,F
11:20:14,PTBA,RG,2660,1,D,KK,AK,F
11:20:14,PTBA,RG,2660,36,D,XL,AK,F
11:20:14,PTBA,RG,2660,1,D,KK,AK,F
11:20:14,PTBA,RG,2660,4,D,DH,AK,F
11:20:14,PTBA,RG,2660,33,D,PD,AK,F
11:20:14,PTBA,RG,2660,5,D,YP,AK,F
11:20:14,PTBA,RG,2660,2,D,YP,AK,F
11:20:14,PTBA,RG,2660,34,D,CC,AK,F
11:20:14,PTBA,RG,2660,4,D,YP,AK,F
11:20:14,PTBA,RG,2660,60,D,EP,AK,F
11:20:14,PTBA,RG,2660,116,F,ZP,AK,F
11:20:14,PTBA,RG,2660,2,D,PD,AK,F
11:20:14,PTBA,RG,2660,1,D,NI,AK,F
11:20:14,PTBA,RG,2660,1,F,CS,AK,F
11:20:14,PTBA,RG,2660,20,D,KK,AK,F
11:20:14,PTBA,RG,2660,9,D,PD,AK,F
11:20:14,PTBA,RG,2660,6,F,BK,AK,F
11:20:14,PTBA,RG,2660,1,D,XC,AK,F
11:20:14,PTBA,RG,2660,1,D,NI,AK,F
11:20:14,PTBA,RG,2660,2,D,PD,AK,F
11:20:14,PTBA,RG,2660,3,D,GR,AK,F
11:20:14,PTBA,RG,2660,10,D,PD,AK,F
11:20:14,PTBA,RG,2660,50,D,KK,AK,F
11:20:14,PTBA,RG,2660,5,D,YP,AK,F
11:20:14,PTBA,RG,2660,50,D,SQ,AK,F
11:20:14,PTBA,RG,2660,30,D,EP,AK,F
11:20:14,PTBA,RG,2660,10,D,PD,AK,F
11:20:14,PTBA,RG,2660,10,D,YP,AK,F
11:20:14,PTBA,RG,2660,1,D,DH,AK,F
11:20:14,PTBA,RG,2660,4,D,KK,AK,F
11:20:14,PTBA,RG,2660,1,D,NI,AK,F
11:20:14,PTBA,RG,2660,1,D,XC,AK,F
11:20:14,PTBA,RG,2660,10,D,PD,AK,F
11:20:14,PTBA,RG,2660,4,D,SQ,AK,F
11:20:14,PTBA,RG,2660,5,D,YP,AK,F
11:20:14,PTBA,RG,2660,350,D,CC,AK,F
11:20:14,PTBA,RG,2660,4,D,XC,AK,F
11:20:14,PTBA,RG,2660,10,D,CC,AK,F
11:20:14,PTBA,RG,2660,5,D,AT,AK,F
11:20:14,PTBA,RG,2660,3,D,KK,AK,F
11:20:14,PTBA,RG,2660,10,D,CC,AK,F
11:20:14,PTBA,RG,2660,2,D,PD,AK,F
11:20:14,PTBA,RG,2660,60,D,ZP,AK,F
11:20:14,PTBA,RG,2660,5,D,GR,AK,F
11:20:14,PTBA,RG,2660,28,D,XC,AK,F
11:20:14,PTBA,RG,2660,1,D,KK,AK,F
11:20:14,PTBA,RG,2660,18,D,YB,AK,F
11:20:14,PTBA,RG,2660,1,D,PD,AK,F
11:20:14,PTBA,RG,2660,1,D,XC,AK,F
11:20:14,PTBA,RG,2660,1,D,XC,AK,F
11:20:14,PTBA,RG,2660,500,D,OD,AK,F
11:20:14,PTBA,RG,2660,1,D,YP,AK,F
11:20:14,PTBA,RG,2660,1,F,CS,AK,F
11:20:14,PTBA,RG,2660,2,D,YP,AK,F
11:20:14,PTBA,RG,2660,4,D,XL,AK,F
11:20:14,PTBA,RG,2660,20,D,XC,AK,F
11:20:14,PTBA,RG,2660,10,D,PD,AK,F
11:20:14,PTBA,RG,2660,38,D,PD,AK,F
11:20:14,PTBA,RG,2660,1,D,XC,AK,F
11:20:14,PTBA,RG,2660,8,D,KK,AK,F
11:20:14,PTBA,RG,2660,2,D,PD,AK,F
11:20:14,PTBA,RG,2660,2,D,YP,AK,F
11:20:14,PTBA,RG,2660,18,D,YB,AK,F
11:20:14,PTBA,RG,2660,1,D,NI,AK,F
11:20:14,PTBA,RG,2660,1,D,PD,AK,F
11:20:14,PTBA,RG,2660,1,D,XC,AK,F
11:20:14,PTBA,RG,2660,2,D,DR,AK,F
11:20:14,PTBA,RG,2660,1,D,XC,AK,F
11:20:14,PTBA,RG,2660,1,D,AT,AK,F
11:20:14,PTBA,RG,2660,1,D,DH,AK,F
11:20:14,PTBA,RG,2660,2,D,EP,AK,F
11:20:14,PTBA,RG,2660,1,D,NI,AK,F
11:20:14,PTBA,RG,2660,2,D,YP,AK,F
11:20:14,PTBA,RG,2660,2,D,NI,AK,F
11:20:14,PTBA,RG,2660,100,D,DH,AK,F
11:20:14,PTBA,RG,2660,5,D,PD,AK,F
11:20:14,PTBA,RG,2660,3,D,PD,AK,F
11:20:14,PTBA,RG,2660,1,D,YP,AK,F
11:20:14,PTBA,RG,2660,5,D,GR,AK,F
11:20:14,PTBA,RG,2660,2,D,YP,AK,F
11:20:14,PTBA,RG,2660,4,D,PD,AK,F
11:20:14,PTBA,RG,2660,1,D,XC,AK,F
11:20:14,PTBA,RG,2660,11,D,YP,AK,F
11:20:14,PTBA,RG,2660,1,D,PD,AK,F
11:20:14,PTBA,RG,2660,10,D,CC,AK,F
11:20:14,PTBA,RG,2660,200,D,OD,AK,F
11:20:14,PTBA,RG,2660,1,D,XC,AK,F
11:20:14,PTBA,RG,2660,2,D,YP,AK,F
11:20:14,PTBA,RG,2660,10,D,NI,AK,F
11:20:14,PTBA,RG,2660,2,D,XC,AK,F
11:20:14,PTBA,RG,2660,40,D,XL,AK,F
11:20:14,PTBA,RG,2660,1,D,AT,AK,F
11:20:14,PTBA,RG,2660,20,D,DR,AK,F
11:20:14,PTBA,RG,2660,2,D,PD,AK,F
11:20:14,PTBA,RG,2660,3,D,YP,AK,F
11:20:14,PTBA,RG,2660,1,D,ZP,AK,F
11:20:14,PTBA,RG,2660,10,D,YP,AK,F
11:20:14,PTBA,RG,2660,2,D,NI,AK,F
11:20:14,PTBA,RG,2660,37,D,PD,AK,F
11:20:14,PTBA,RG,2660,20,D,XC,AK,F
11:20:14,PTBA,RG,2660,10,D,YP,AK,F
11:20:14,PTBA,RG,2660,100,D,YP,AK,F
11:20:14,PTBA,RG,2660,2,D,GR,AK,F
11:20:13,PTBA,RG,2670,53,F,ZP,BK,F
11:20:13,PTBA,RG,2670,10,F,ZP,NI,D
11:20:13,PTBA,RG,2670,144,F,ZP,AK,F
11:20:12,PTBA,RG,2660,1,D,GR,AK,F
11:20:12,PTBA,RG,2660,999,D,YU,AK,F
11:19:43,PTBA,RG,2670,17,F,ZP,AK,F
11:19:43,PTBA,RG,2670,10,F,ZP,NI,D
11:19:43,PTBA,RG,2670,150,F,ZP,CC,D
11:19:43,PTBA,RG,2670,1,F,ZP,XC,D
11:19:43,PTBA,RG,2670,13,F,ZP,AK,F
11:19:43,PTBA,RG,2670,2,F,ZP,DH,D
11:19:43,PTBA,RG,2670,42,F,ZP,YP,D
11:19:42,PTBA,RG,2660,1,D,YU,AK,F
11:19:42,PTBA,RG,2660,1,D,PD,AK,F
11:19:42,PTBA,RG,2660,3,D,PD,AK,F
11:19:42,PTBA,RG,2660,1,D,XC,AK,F
11:19:42,PTBA,RG,2660,2,D,CC,AK,F
11:19:42,PTBA,RG,2660,10,D,KK,AK,F
11:19:42,PTBA,RG,2660,1,D,NI,AK,F
11:19:42,PTBA,RG,2660,100,D,XC,AK,F
11:19:42,PTBA,RG,2660,10,D,DH,AK,F
11:19:42,PTBA,RG,2660,1,D,PD,AK,F
11:19:42,PTBA,RG,2660,75,D,CC,AK,F
11:19:42,PTBA,RG,2660,1,D,EP,AK,F
11:19:42,PTBA,RG,2660,10,D,CC,AK,F
11:19:42,PTBA,RG,2660,10,D,XC,AK,F
11:19:42,PTBA,RG,2660,150,D,AT,AK,F
11:19:42,PTBA,RG,2660,10,D,YP,AK,F
11:19:42,PTBA,RG,2660,614,D,PD,AK,F
11:19:42,PTBA,RG,2660,6,D,PD,AK,F
11:19:40,PTBA,RG,2670,1,D,XC,YP,D
11:19:29,PTBA,RG,2670,8,D,XC,YP,D
11:19:04,PTBA,RG,2670,5,D,YP,YP,D
11:18:55,PTBA,RG,2670,244,F,ZP,YP,D
11:18:55,PTBA,RG,2670,60,F,ZP,AK,F
11:18:54,PTBA,RG,2670,438,D,YP,AK,F
11:18:41,PTBA,RG,2660,326,D,PD,PD,D
11:18:29,PTBA,RG,2660,50,D,PD,YP,D
11:18:20,PTBA,RG,2660,4,D,PD,NI,D
11:18:20,PTBA,RG,2660,5,D,CC,NI,D
11:18:20,PTBA,RG,2660,1,D,XL,NI,D
11:17:42,PTBA,RG,2670,5,D,YP,AK,F
11:17:32,PTBA,RG,2670,3,D,XC,AK,F
11:17:32,PTBA,RG,2660,2,D,PD,PD,D
11:17:32,PTBA,RG,2660,5,D,YP,PD,D
11:17:30,PTBA,RG,2670,2,D,YP,AK,F
11:17:24,PTBA,RG,2670,10,D,PD,AK,F
11:16:52,PTBA,RG,2670,2,D,PD,AK,F
11:16:52,PTBA,RG,2660,10,D,YP,NI,D
11:16:47,PTBA,RG,2670,32,D,EP,AK,F
11:16:05,PTBA,RG,2660,10,D,YP,NI,D
11:15:23,PTBA,RG,2670,18,F,BK,AK,F
11:15:23,PTBA,RG,2670,10,F,BK,BK,F
11:15:21,PTBA,RG,2660,1,D,YP,XL,D
11:14:57,PTBA,RG,2670,79,D,KK,BK,F
11:14:57,PTBA,RG,2670,60,D,KK,YU,D
11:14:57,PTBA,RG,2670,13,D,KK,PD,D
11:14:57,PTBA,RG,2670,300,D,KK,CC,D
11:14:57,PTBA,RG,2670,5,D,KK,EP,D
11:14:57,PTBA,RG,2670,60,D,KK,YP,D
11:14:57,PTBA,RG,2670,269,D,KK,CS,F
11:14:57,PTBA,RG,2670,61,D,KK,BK,F
11:14:57,PTBA,RG,2670,1,D,KK,NI,D
11:14:57,PTBA,RG,2670,91,D,KK,AK,F
11:14:57,PTBA,RG,2670,310,D,KK,KK,D
11:14:43,PTBA,RG,2670,141,F,ZP,KK,D
11:14:20,PTBA,RG,2670,5,D,PD,KK,D
11:14:18,PTBA,RG,2670,142,F,ZP,KK,D
11:14:09,PTBA,RG,2670,402,D,KK,KK,D
11:14:09,PTBA,RG,2670,2,D,KK,AK,F
11:13:16,PTBA,RG,2670,5,D,KK,AK,F
11:13:16,PTBA,RG,2670,355,D,KK,AK,F
11:13:16,PTBA,RG,2670,58,D,KK,DX,D
11:12:59,PTBA,RG,2660,4,D,YP,KK,D
11:12:59,PTBA,RG,2660,4,D,XC,KK,D
11:12:27,PTBA,RG,2660,3,D,XC,DH,D
11:12:25,PTBA,RG,2670,16,D,YP,DX,D
11:12:15,PTBA,RG,2670,40,D,PD,DX,D
11:11:26,PTBA,RG,2670,4,D,NI,DX,D
11:11:10,PTBA,RG,2670,8,D,XC,DX,D
11:11:10,PTBA,RG,2660,3,D,XC,PD,D
11:11:10,PTBA,RG,2660,1,D,XC,PD,D
11:11:06,PTBA,RG,2670,10,D,NI,DX,D
11:10:46,PTBA,RG,2660,2,D,DH,CC,D
11:10:46,PTBA,RG,2660,9,D,YP,CC,D
11:10:46,PTBA,RG,2660,11,F,BK,CC,D
11:10:46,PTBA,RG,2660,1,D,DR,CC,D
11:10:46,PTBA,RG,2660,1,D,PD,CC,D
11:10:46,PTBA,RG,2660,1,D,XC,CC,D
11:10:46,PTBA,RG,2660,1,D,YP,CC,D
11:10:46,PTBA,RG,2660,1,D,PD,CC,D
11:10:46,PTBA,RG,2660,1,D,YP,CC,D
11:10:46,PTBA,RG,2660,4,D,YP,CC,D
11:10:46,PTBA,RG,2660,23,D,PD,CC,D
11:10:21,PTBA,RG,2660,3,D,PD,XC,D
11:10:13,PTBA,RG,2660,19,D,PD,KK,D
11:09:55,PTBA,RG,2660,1,D,PD,XC,D
11:09:53,PTBA,RG,2660,3,D,PD,NI,D
11:09:50,PTBA,RG,2670,64,D,CC,DX,D
11:09:50,PTBA,RG,2670,10,D,CC,CC,D
11:09:50,PTBA,RG,2670,50,D,CC,CC,F
11:09:50,PTBA,RG,2670,270,D,CC,CS,F
11:09:50,PTBA,RG,2670,8,D,CC,AK,F
11:09:50,PTBA,RG,2670,500,D,CC,CC,D
11:09:50,PTBA,RG,2670,2,D,CC,CC,D
11:09:50,PTBA,RG,2670,1,D,CC,YP,D
11:09:50,PTBA,RG,2670,32,D,CC,CS,F
11:09:28,PTBA,RG,2660,5,D,PD,EP,D
11:09:28,PTBA,RG,2670,7,D,XC,CS,F
11:09:15,PTBA,RG,2670,10,D,YP,CS,F
11:08:38,PTBA,RG,2660,22,D,PD,CC,D
11:08:38,PTBA,RG,2660,1,D,XC,CC,D
11:08:38,PTBA,RG,2660,32,D,TF,CC,D
11:08:26,PTBA,RG,2670,2,D,YP,CS,F
11:08:10,PTBA,RG,2670,241,D,EP,CS,F
11:08:10,PTBA,RG,2670,9,D,EP,BK,F
11:08:02,PTBA,RG,2670,1,D,YP,BK,F
11:07:05,PTBA,RG,2670,39,D,EP,BK,F
11:06:58,PTBA,RG,2660,7,D,TF,YP,D
11:06:28,PTBA,RG,2660,11,D,TF,CC,D
11:06:28,PTBA,RG,2660,27,F,BK,CC,D
11:06:28,PTBA,RG,2660,13,D,PD,CC,D
11:06:23,PTBA,RG,2660,7,D,PD,KK,D
11:06:23,PTBA,RG,2660,2,D,NI,KK,D
11:06:23,PTBA,RG,2660,16,D,PD,KK,D
11:05:54,PTBA,RG,2660,9,D,PD,DR,D
11:05:54,PTBA,RG,2660,1,D,PD,DR,D
11:05:54,PTBA,RG,2660,10,D,YU,DR,D
11:04:26,PTBA,RG,2660,20,D,YU,CC,D
11:04:26,PTBA,RG,2660,1,D,KK,CC,D
11:04:26,PTBA,RG,2660,1,D,KK,CC,D
11:04:26,PTBA,RG,2660,1,D,XC,CC,D
11:04:26,PTBA,RG,2660,10,D,DH,CC,D
11:04:26,PTBA,RG,2660,1,D,XC,CC,D
11:04:26,PTBA,RG,2660,10,D,CP,CC,D
11:04:26,PTBA,RG,2660,1,F,CS,CC,D
11:04:26,PTBA,RG,2660,1,D,XC,CC,D
11:04:26,PTBA,RG,2660,1,D,CC,CC,D
11:04:02,PTBA,RG,2670,26,F,BK,BK,F
11:03:57,PTBA,RG,2670,2,D,YP,BK,F
11:03:46,PTBA,RG,2670,40,D,PD,BK,F
11:03:44,PTBA,RG,2670,45,D,EP,BK,F
11:02:55,PTBA,RG,2660,4,D,CC,XC,D
11:02:55,PTBA,RG,2660,1,D,XC,XC,D
11:02:55,PTBA,RG,2660,2,D,XC,XC,D
11:02:55,PTBA,RG,2660,9,F,ZP,XC,D
11:02:36,PTBA,RG,2660,11,F,ZP,PD,D
11:02:19,PTBA,RG,2660,3,F,ZP,EP,D
11:02:17,PTBA,RG,2670,50,D,YP,BK,F
11:02:13,PTBA,RG,2660,43,F,ZP,NI,D
11:02:13,PTBA,RG,2660,1,D,YP,NI,D
11:02:13,PTBA,RG,2660,3,D,CC,NI,D
11:02:13,PTBA,RG,2660,5,D,KK,NI,D
11:02:13,PTBA,RG,2660,5,D,NI,NI,D
11:02:13,PTBA,RG,2660,2,D,YP,NI,D
11:02:13,PTBA,RG,2660,5,D,KK,NI,D
11:02:13,PTBA,RG,2660,1,D,OD,NI,D
11:02:13,PTBA,RG,2660,5,D,PD,NI,D
11:02:13,PTBA,RG,2660,4,D,CC,NI,D
11:02:13,PTBA,RG,2660,1,F,CS,NI,D
11:02:13,PTBA,RG,2660,5,D,NI,NI,D
11:02:13,PTBA,RG,2660,93,F,ZP,NI,D
11:02:13,PTBA,RG,2660,40,D,YP,NI,D
11:02:13,PTBA,RG,2660,21,D,DH,NI,D
11:02:13,PTBA,RG,2660,2,D,AZ,NI,D
11:02:13,PTBA,RG,2660,20,D,PD,NI,D
11:02:13,PTBA,RG,2660,4,D,XC,NI,D
11:02:13,PTBA,RG,2660,4,D,YP,NI,D
11:02:13,PTBA,RG,2660,1,D,PD,NI,D
11:02:13,PTBA,RG,2660,6,D,CC,NI,D
11:02:13,PTBA,RG,2660,3,D,KK,NI,D
11:02:13,PTBA,RG,2660,5,D,XC,NI,D
11:02:13,PTBA,RG,2660,30,D,PD,NI,D
11:02:13,PTBA,RG,2660,1,D,PD,NI,D
11:02:13,PTBA,RG,2660,10,D,DH,NI,D
11:02:13,PTBA,RG,2660,31,D,YP,NI,D
11:02:10,PTBA,RG,2670,1,D,XC,BK,F
11:02:05,PTBA,RG,2670,1,D,YP,BK,F
11:02:01,PTBA,RG,2670,10,D,KK,BK,F
11:01:58,PTBA,RG,2660,1,D,YP,PD,D
11:01:49,PTBA,RG,2670,250,D,EP,BK,F
11:01:47,PTBA,RG,2670,1,D,YP,BK,F
11:00:49,PTBA,RG,2660,1,D,YP,XC,D
11:00:08,PTBA,RG,2660,17,D,YP,PD,D
11:00:08,PTBA,RG,2660,18,D,YP,PD,D
11:00:08,PTBA,RG,2660,15,D,LG,PD,D
11:00:00,PTBA,RG,2670,219,D,KK,BK,F
11:00:00,PTBA,RG,2670,169,D,KK,AK,F
10:58:55,PTBA,RG,2660,12,D,LG,PD,D
10:58:49,PTBA,RG,2670,113,F,ZP,AK,F
10:58:48,PTBA,RG,2670,100,D,EP,AK,F
10:58:02,PTBA,RG,2670,78,F,ZP,AK,F
10:58:02,PTBA,RG,2670,39,F,ZP,AK,F
10:58:00,PTBA,RG,2670,110,F,ZP,AK,F
10:57:54,PTBA,RG,2670,1,D,PD,AK,F
10:57:37,PTBA,RG,2670,4,D,XL,AK,F
10:57:34,PTBA,RG,2670,1,D,YP,AK,F
10:57:34,PTBA,RG,2670,9,D,YP,AK,F
10:56:44,PTBA,RG,2670,28,F,BK,CC,D
10:56:39,PTBA,RG,2670,237,F,ZP,CC,D
10:56:39,PTBA,RG,2670,5,F,ZP,EP,D
10:56:39,PTBA,RG,2670,4,F,ZP,PD,D
10:56:39,PTBA,RG,2670,33,F,ZP,AK,F
10:56:39,PTBA,RG,2670,3,D,XL,AK,F
10:56:39,PTBA,RG,2670,1,D,XL,AG,D
10:56:33,PTBA,RG,2670,100,D,YP,AG,D
10:56:04,PTBA,RG,2660,34,D,LG,YB,D
10:55:58,PTBA,RG,2670,82,D,YP,AG,D
10:55:24,PTBA,RG,2670,2,F,CS,AG,D
10:55:23,PTBA,RG,2670,647,D,YP,AG,D
10:55:23,PTBA,RG,2670,1,D,YP,XC,D
10:55:23,PTBA,RG,2670,4,D,YP,BK,F
10:55:23,PTBA,RG,2670,2,D,YP,CC,D
10:55:23,PTBA,RG,2670,4,D,YP,PD,D
10:55:23,PTBA,RG,2670,387,D,YP,AK,F
10:55:23,PTBA,RG,2670,4,D,YP,BK,F
10:55:23,PTBA,RG,2670,20,D,YP,CC,F
10:55:23,PTBA,RG,2670,1000,D,YP,KK,D
10:55:23,PTBA,RG,2670,15,D,YP,PD,D
10:55:23,PTBA,RG,2670,20,D,YP,MU,D
10:55:23,PTBA,RG,2670,12,D,YP,PD,D
10:55:23,PTBA,RG,2670,198,D,YP,AK,F
10:55:23,PTBA,RG,2670,3,D,YP,NI,D
10:55:23,PTBA,RG,2670,1,D,YP,DH,D
10:55:23,PTBA,RG,2670,41,D,YP,BK,F
10:55:23,PTBA,RG,2670,34,D,YP,YP,D
10:55:23,PTBA,RG,2670,10,D,YP,NI,D
10:55:23,PTBA,RG,2670,36,D,YP,OD,D
10:55:23,PTBA,RG,2670,15,D,YP,GR,D
10:55:23,PTBA,RG,2670,7,D,YP,AK,F
10:55:23,PTBA,RG,2670,39,D,YP,CC,D
10:55:07,PTBA,RG,2660,1,D,LG,SQ,D
10:53:51,PTBA,RG,2660,34,D,LG,AT,D
10:53:30,PTBA,RG,2660,14,D,LG,AK,F
10:53:08,PTBA,RG,2660,5,D,LG,EP,D
10:52:31,PTBA,RG,2660,5,D,LG,SQ,D
10:52:25,PTBA,RG,2670,10,D,YP,CC,D
10:52:07,PTBA,RG,2670,20,D,YP,CC,D
10:51:00,PTBA,RG,2660,8,D,LG,AK,F
10:49:55,PTBA,RG,2660,226,D,LG,KK,D
10:48:27,PTBA,RG,2670,1,D,NI,CC,D
10:47:31,PTBA,RG,2670,25,F,BK,CC,D
10:47:28,PTBA,RG,2670,1,D,PD,CC,D
10:47:25,PTBA,RG,2670,2,D,XC,CC,D
10:47:00,PTBA,RG,2670,2,F,ZP,CC,D
10:47:00,PTBA,RG,2670,150,F,ZP,CC,D
10:47:00,PTBA,RG,2670,5,F,ZP,PD,D
10:46:43,PTBA,RG,2670,1,D,PD,PD,D
10:46:23,PTBA,RG,2670,1,D,KK,PD,D
10:46:20,PTBA,RG,2670,2,D,PD,PD,D
10:46:11,PTBA,RG,2670,2,D,DR,PD,D
10:46:07,PTBA,RG,2670,5,D,DH,PD,D
10:46:05,PTBA,RG,2670,4,D,CC,PD,D
10:45:59,PTBA,RG,2670,5,D,SQ,PD,D
10:45:49,PTBA,RG,2670,1,D,CC,PD,D
10:45:19,PTBA,RG,2670,14,D,PC,PD,D
10:45:19,PTBA,RG,2670,47,D,PC,BK,F
10:45:19,PTBA,RG,2670,1,D,PC,XC,D
10:45:19,PTBA,RG,2670,38,D,PC,YP,D
10:44:46,PTBA,RG,2670,65,D,EP,YP,D
10:44:17,PTBA,RG,2660,2,D,LG,NI,D
10:43:51,PTBA,RG,2670,1,D,EP,YP,D
10:43:07,PTBA,RG,2670,15,D,SQ,YP,D
10:42:59,PTBA,RG,2670,1,D,PD,YP,D
10:42:52,PTBA,RG,2670,10,D,SQ,YP,D
10:42:49,PTBA,RG,2660,1,D,LG,DH,D
10:42:35,PTBA,RG,2670,1,F,CS,YP,D
10:42:29,PTBA,RG,2670,1,D,EP,YP,D
10:42:26,PTBA,RG,2660,1,D,LG,DH,D
10:42:23,PTBA,RG,2660,10,D,LG,NI,D
10:42:03,PTBA,RG,2670,2,D,PD,YP,D
10:41:40,PTBA,RG,2670,8,D,XC,YP,D
10:41:18,PTBA,RG,2670,2,D,DR,YP,D
10:41:17,PTBA,RG,2660,4,D,LG,CC,D
10:41:10,PTBA,RG,2660,10,D,LG,NI,D
10:40:48,PTBA,RG,2660,1,D,LG,XC,D
10:40:33,PTBA,RG,2670,30,F,BK,YP,D
10:40:33,PTBA,RG,2660,20,D,LG,NI,D
10:40:23,PTBA,RG,2670,1,D,PD,YP,D
10:39:46,PTBA,RG,2660,10,D,LG,NI,D
10:38:39,PTBA,RG,2660,100,D,LG,PD,D
10:38:07,PTBA,RG,2670,1,D,YP,YP,D
10:38:07,PTBA,RG,2670,5,D,NI,YP,D
10:37:51,PTBA,RG,2670,4,D,PD,YP,D
10:37:21,PTBA,RG,2670,15,D,YP,YP,D
10:37:21,PTBA,RG,2670,35,D,YP,PD,D
10:35:52,PTBA,RG,2670,10,D,PD,PD,D
10:35:40,PTBA,RG,2670,37,F,ZP,PD,D
10:35:40,PTBA,RG,2670,3,F,ZP,PD,D
10:35:40,PTBA,RG,2670,15,F,ZP,YP,D
10:35:40,PTBA,RG,2670,26,F,ZP,AK,F
10:35:40,PTBA,RG,2670,11,F,ZP,NI,D
10:35:40,PTBA,RG,2670,336,D,XL,AK,F
10:35:40,PTBA,RG,2670,1,D,XL,XC,D
10:35:40,PTBA,RG,2670,5,D,XL,NI,D
10:35:40,PTBA,RG,2670,4,D,XL,XC,D
10:35:40,PTBA,RG,2670,2,D,XL,YP,D
10:35:40,PTBA,RG,2670,2,D,XL,AK,F
10:35:28,PTBA,RG,2670,11,F,BK,AK,F
10:35:28,PTBA,RG,2670,6,F,BK,XC,D
10:35:28,PTBA,RG,2670,5,F,BK,DR,D
10:35:28,PTBA,RG,2670,2,F,BK,SS,D
10:35:00,PTBA,RG,2670,93,F,ZP,SS,D
10:34:49,PTBA,RG,2670,5,D,PD,SS,D
10:34:39,PTBA,RG,2670,3,D,PD,PD,D
10:34:39,PTBA,RG,2670,4,D,PD,OD,D
10:34:39,PTBA,RG,2670,3,D,PD,CC,F
10:34:30,PTBA,RG,2670,10,D,PD,CC,F
10:34:22,PTBA,RG,2660,58,D,LG,CC,D
10:34:14,PTBA,RG,2670,10,D,PD,CC,F
10:34:00,PTBA,RG,2660,1,D,LG,PD,D
10:33:52,PTBA,RG,2670,6,D,HP,CC,F
10:33:52,PTBA,RG,2670,24,D,HP,CS,F
10:33:35,PTBA,RG,2670,200,D,YP,CS,F
10:32:48,PTBA,RG,2670,33,D,OD,CS,F
10:32:48,PTBA,RG,2670,2,F,CS,CS,F
10:32:30,PTBA,RG,2670,33,F,ZP,CS,F
10:32:30,PTBA,RG,2670,11,F,ZP,AK,F
10:32:30,PTBA,RG,2670,25,F,ZP,OD,D
10:32:30,PTBA,RG,2670,5,F,ZP,BQ,D
10:32:30,PTBA,RG,2670,25,F,ZP,NI,D
10:32:30,PTBA,RG,2670,12,F,ZP,PD,D
10:32:30,PTBA,RG,2670,1,F,ZP,PD,D
10:32:30,PTBA,RG,2670,1,F,ZP,NI,D
10:32:30,PTBA,RG,2670,10,F,ZP,YP,D
10:32:30,PTBA,RG,2670,11,F,ZP,CC,D
10:32:04,PTBA,RG,2670,34,D,EP,CC,D
10:32:00,PTBA,RG,2670,145,F,ZP,CC,D
10:31:46,PTBA,RG,2670,10,D,OD,CC,D
10:31:46,PTBA,RG,2670,24,D,OD,AK,F
10:31:32,PTBA,RG,2660,70,D,LG,CC,D
10:31:31,PTBA,RG,2660,9,D,LG,AK,F
10:31:10,PTBA,RG,2670,9,D,EP,AK,F
10:31:07,PTBA,RG,2670,1,D,DH,AK,F
10:30:46,PTBA,RG,2670,30,D,OD,AK,F
10:30:39,PTBA,RG,2670,11,D,AT,AK,F
10:30:34,PTBA,RG,2660,130,D,LG,XC,D
10:30:29,PTBA,RG,2670,1,D,YP,AK,F
10:30:18,PTBA,RG,2670,5,D,GR,AK,F
10:30:16,PTBA,RG,2660,4,D,LG,PD,D
10:29:55,PTBA,RG,2670,4,D,PD,AK,F
10:29:50,PTBA,RG,2660,2,D,LG,PD,D
10:29:46,PTBA,RG,2670,24,D,OD,AK,F
10:29:30,PTBA,RG,2660,9,D,LG,AK,F
10:28:48,PTBA,RG,2670,33,D,OD,AK,F
10:28:44,PTBA,RG,2670,28,F,BK,AK,F
10:28:38,PTBA,RG,2670,5,D,DR,AK,F
10:28:32,PTBA,RG,2660,65,D,LG,CC,D
10:27:52,PTBA,RG,2660,33,D,LG,CC,D
10:27:50,PTBA,RG,2670,29,D,OD,AK,F
10:27:27,PTBA,RG,2670,4,D,XC,AK,F
10:27:20,PTBA,RG,2660,17,D,LG,PD,D
10:26:54,PTBA,RG,2670,33,D,OD,AK,F
10:26:37,PTBA,RG,2660,104,D,LG,NI,D
10:25:56,PTBA,RG,2670,1,D,PD,AK,F
10:25:54,PTBA,RG,2670,27,D,OD,AK,F
10:25:49,PTBA,RG,2660,1,D,LG,NI,D
10:25:36,PTBA,RG,2660,56,D,LG,CC,D
10:24:57,PTBA,RG,2670,143,D,ZP,AK,F
10:24:57,PTBA,RG,2670,58,D,ZP,YP,D
10:24:56,PTBA,RG,2670,33,D,OD,YP,D
10:24:19,PTBA,RG,2670,250,D,EP,YP,D
10:23:56,PTBA,RG,2670,29,D,OD,YP,D
10:23:32,PTBA,RG,2670,26,F,BK,YP,D
10:23:29,PTBA,RG,2660,100,D,LG,IF,D
10:23:24,PTBA,RG,2660,5,D,LG,EP,D
10:23:10,PTBA,RG,2670,1,D,PD,YP,D
10:22:59,PTBA,RG,2670,1,D,XC,YP,D
10:22:58,PTBA,RG,2670,31,D,OD,YP,D
10:22:51,PTBA,RG,2670,2,D,NI,YP,D
10:21:56,PTBA,RG,2670,28,D,OD,YP,D
10:21:51,PTBA,RG,2660,300,D,LG,DX,D
10:21:47,PTBA,RG,2670,1,D,PD,YP,D
10:21:20,PTBA,RG,2660,1,D,LG,YP,D
10:21:09,PTBA,RG,2670,1,D,NI,YP,D
10:21:00,PTBA,RG,2670,30,D,OD,YP,D
10:20:51,PTBA,RG,2670,19,D,YP,YP,D
10:20:51,PTBA,RG,2670,1,D,YP,YP,D
10:20:20,PTBA,RG,2670,1,D,DR,YP,D
10:20:00,PTBA,RG,2670,2,D,OD,YP,D
10:20:00,PTBA,RG,2670,24,D,OD,NI,D
10:20:00,PTBA,RG,2670,5,D,OD,AK,F
10:20:00,PTBA,RG,2660,2,D,LG,NI,D
10:19:09,PTBA,RG,2670,5,D,PD,AK,F
10:19:07,PTBA,RG,2670,2,F,CS,AK,F
10:19:05,PTBA,RG,2670,26,F,BK,YP,D
10:19:03,PTBA,RG,2670,1,D,PD,YP,D
10:19:00,PTBA,RG,2670,31,D,OD,YP,D
10:18:46,PTBA,RG,2670,90,D,DH,YP,D
10:18:44,PTBA,RG,2670,173,F,ZP,YP,D
10:18:44,PTBA,RG,2670,9,F,ZP,XL,D
10:18:43,PTBA,RG,2660,318,D,LG,XL,D
10:18:41,PTBA,RG,2670,10,D,YP,XL,D
10:18:02,PTBA,RG,2670,6,D,OD,XL,D
10:18:02,PTBA,RG,2670,25,D,OD,YP,D
10:18:01,PTBA,RG,2670,1,D,XC,YP,D
10:17:54,PTBA,RG,2670,4,D,PD,YP,D
10:17:49,PTBA,RG,2670,1,D,AT,YP,D
10:17:10,PTBA,RG,2670,34,D,EP,YP,D
10:17:10,PTBA,RG,2670,10,D,EP,PD,D
10:17:10,PTBA,RG,2670,30,D,EP,CC,F
10:17:10,PTBA,RG,2670,1,D,EP,PD,D
10:17:10,PTBA,RG,2670,25,D,EP,NI,D
10:17:06,PTBA,RG,2670,1,D,CC,NI,D
10:17:06,PTBA,RG,2670,100,D,CC,CC,D
10:17:06,PTBA,RG,2670,2,D,CC,PD,D
10:17:06,PTBA,RG,2670,3,D,CC,AT,D
10:17:06,PTBA,RG,2670,90,D,CC,PD,D
10:17:06,PTBA,RG,2670,1,D,CC,DR,D
10:17:06,PTBA,RG,2670,10,D,CC,DR,D
10:17:06,PTBA,RG,2670,12,D,CC,PD,D
10:17:06,PTBA,RG,2670,1,D,CC,XC,D
10:17:06,PTBA,RG,2670,80,D,CC,OD,D
10:17:00,PTBA,RG,2670,20,D,OD,OD,D
10:17:00,PTBA,RG,2670,9,D,OD,AK,F
10:16:48,PTBA,RG,2670,11,D,YP,AK,F
10:16:48,PTBA,RG,2670,82,D,YP,YP,D
10:16:31,PTBA,RG,2660,1,D,LG,PD,D
10:16:27,PTBA,RG,2670,2,D,CC,YP,D
10:16:13,PTBA,RG,2670,10,D,AT,YP,D
10:16:00,PTBA,RG,2670,31,D,OD,YP,D
10:15:52,PTBA,RG,2670,3,D,NI,YP,D
10:15:44,PTBA,RG,2670,20,D,KK,YP,D
10:15:00,PTBA,RG,2670,39,D,OD,YP,D
10:14:40,PTBA,RG,2660,5,D,LG,BQ,D
10:14:39,PTBA,RG,2660,99,D,LG,NI,D
10:14:22,PTBA,RG,2660,1,D,LG,NI,D
10:14:21,PTBA,RG,2660,28,D,LG,XC,D
10:14:19,PTBA,RG,2670,131,F,ZP,YP,D
10:14:18,PTBA,RG,2660,5,D,LG,YP,D
10:14:00,PTBA,RG,2670,127,F,ZP,YP,D
10:13:58,PTBA,RG,2670,32,D,OD,YP,D
10:13:56,PTBA,RG,2670,28,F,BK,YP,D
10:12:59,PTBA,RG,2670,4,D,NI,YP,D
10:12:58,PTBA,RG,2670,40,D,OD,YP,D
10:12:46,PTBA,RG,2660,29,D,LG,AK,F
10:12:36,PTBA,RG,2660,34,D,LG,YU,F
10:12:36,PTBA,RG,2660,17,D,KK,YU,F
10:12:35,PTBA,RG,2670,100,D,DX,YP,D
10:12:30,PTBA,RG,2660,153,D,KK,GR,D
10:12:30,PTBA,RG,2660,3,D,YP,GR,D
10:12:30,PTBA,RG,2660,8,D,NI,GR,D
10:12:30,PTBA,RG,2660,10,D,KK,GR,D
10:12:30,PTBA,RG,2660,50,D,DH,GR,D
10:12:30,PTBA,RG,2660,5,D,YP,GR,D
10:12:30,PTBA,RG,2660,12,D,YP,GR,D
10:12:30,PTBA,RG,2660,3,D,PD,GR,D
10:12:30,PTBA,RG,2660,200,D,OD,GR,D
10:12:30,PTBA,RG,2660,100,D,YP,GR,D
10:12:30,PTBA,RG,2660,5,D,DX,GR,D
10:12:30,PTBA,RG,2660,2,D,PD,GR,D
10:12:30,PTBA,RG,2660,20,D,GR,GR,D
10:12:30,PTBA,RG,2660,2,D,PD,GR,D
10:12:30,PTBA,RG,2660,2,D,PD,GR,D
10:12:30,PTBA,RG,2660,3,D,YP,GR,D
10:12:30,PTBA,RG,2660,5,D,PD,GR,D
10:12:30,PTBA,RG,2660,25,D,IF,GR,D
10:12:30,PTBA,RG,2660,5,D,PD,GR,D
10:12:30,PTBA,RG,2660,1,D,XC,GR,D
10:12:30,PTBA,RG,2660,2,D,XC,GR,D
10:12:30,PTBA,RG,2660,1,D,YP,GR,D
10:12:30,PTBA,RG,2660,40,D,EP,GR,D
10:12:30,PTBA,RG,2660,6,D,NI,GR,D
10:12:30,PTBA,RG,2660,3,D,NI,GR,D
10:12:30,PTBA,RG,2660,100,D,OD,GR,D
10:12:30,PTBA,RG,2660,1,D,XC,GR,D
10:12:30,PTBA,RG,2660,1,D,AG,GR,D
10:12:30,PTBA,RG,2660,2,D,PD,GR,D
10:12:30,PTBA,RG,2660,69,D,PD,GR,D
10:12:30,PTBA,RG,2660,49,D,DH,GR,D
10:12:24,PTBA,RG,2660,1,D,DH,YU,F
10:12:18,PTBA,RG,2670,5,D,CC,YP,D
10:12:03,PTBA,RG,2660,6,D,DH,YU,F
10:12:00,PTBA,RG,2670,36,D,OD,YP,D
10:11:15,PTBA,RG,2660,2,D,DH,YU,F
10:11:13,PTBA,RG,2670,10,D,PD,YP,D
10:11:04,PTBA,RG,2660,5,D,DH,YU,F
10:10:58,PTBA,RG,2670,32,D,OD,YP,D
10:10:48,PTBA,RG,2670,1,D,CD,YP,D
10:10:07,PTBA,RG,2670,1,D,PD,YP,D
10:10:00,PTBA,RG,2670,35,D,OD,YP,D
10:10:00,PTBA,RG,2670,5,D,PD,YP,D
10:09:51,PTBA,RG,2670,26,F,BK,YP,D
10:09:30,PTBA,RG,2660,12,D,DH,AK,F
10:09:08,PTBA,RG,2670,75,D,CC,YP,D
10:08:59,PTBA,RG,2670,38,D,OD,YP,D
10:08:58,PTBA,RG,2670,50,D,CC,YP,D
10:08:09,PTBA,RG,2660,18,D,DH,SQ,D
10:08:01,PTBA,RG,2670,37,D,OD,YP,D
10:07:37,PTBA,RG,2660,1,D,DH,NI,D
10:06:57,PTBA,RG,2670,36,D,OD,AK,F
10:06:47,PTBA,RG,2670,26,F,BK,AK,F
10:06:41,PTBA,RG,2660,6,D,DH,XC,D
10:06:41,PTBA,RG,2660,2,D,KK,XC,D
10:06:41,PTBA,RG,2660,3,D,KK,NI,D
10:06:41,PTBA,RG,2660,5,D,GR,NI,D
10:06:41,PTBA,RG,2660,20,D,NI,NI,D
10:06:41,PTBA,RG,2660,15,D,YP,NI,D
10:06:41,PTBA,RG,2660,2,D,PD,NI,D
10:06:41,PTBA,RG,2660,10,D,MU,NI,D
10:06:41,PTBA,RG,2660,1,D,XL,NI,D
10:06:41,PTBA,RG,2660,1,D,YP,NI,D
10:06:41,PTBA,RG,2660,10,D,PD,NI,D
10:06:41,PTBA,RG,2660,2,D,XL,NI,D
10:06:41,PTBA,RG,2660,6,D,SQ,NI,D
10:06:25,PTBA,RG,2660,2,D,SQ,PD,D
10:06:02,PTBA,RG,2660,2,D,SQ,PD,D
10:06:02,PTBA,RG,2660,31,D,YP,PD,D
10:06:00,PTBA,RG,2670,148,F,ZP,AK,F
10:05:59,PTBA,RG,2670,33,D,OD,AK,F
10:05:49,PTBA,RG,2660,69,D,YP,XL,D
10:05:49,PTBA,RG,2660,25,D,TP,XL,D
10:05:49,PTBA,RG,2660,6,D,PD,XL,D
10:05:10,PTBA,RG,2670,2,D,CC,AK,F
10:05:01,PTBA,RG,2670,41,D,OD,AK,F
10:04:37,PTBA,RG,2670,1,D,PD,AK,F
10:04:06,PTBA,RG,2660,1,D,PD,PD,D
10:04:03,PTBA,RG,2670,30,D,OD,AK,F
10:03:37,PTBA,RG,2660,13,D,PD,DR,D
10:03:37,PTBA,RG,2660,1,D,PD,DR,D
10:03:37,PTBA,RG,2660,5,D,PD,DR,D
10:03:37,PTBA,RG,2660,10,D,PD,DR,D
10:03:37,PTBA,RG,2660,2,D,PD,DR,D
10:03:37,PTBA,RG,2660,1,D,PD,DR,D
10:03:37,PTBA,RG,2660,3,D,YP,DR,D
10:03:37,PTBA,RG,2660,2,D,AT,DR,D
10:03:37,PTBA,RG,2660,73,D,YP,DR,D
10:03:06,PTBA,RG,2660,3,D,YP,KK,D
10:03:05,PTBA,RG,2670,36,D,OD,AK,F
10:02:07,PTBA,RG,2670,31,D,OD,AK,F
10:02:07,PTBA,RG,2670,2,D,OD,BK,F
10:02:05,PTBA,RG,2660,3,D,YP,BS,D
10:01:16,PTBA,RG,2670,2,D,CC,BK,F
10:01:15,PTBA,RG,2670,2,D,PD,BK,F
10:01:10,PTBA,RG,2670,39,D,OD,BK,F
10:01:03,PTBA,RG,2670,5,D,XC,BK,F
10:00:39,PTBA,RG,2670,1,D,PD,BK,F
10:00:22,PTBA,RG,2670,6,D,XC,BK,F
10:00:19,PTBA,RG,2660,90,D,YP,KK,D
10:00:11,PTBA,RG,2670,1,D,XC,BK,F
10:00:11,PTBA,RG,2660,16,D,YP,CC,D
10:00:09,PTBA,RG,2670,32,D,OD,BK,F
9:59:23,PTBA,RG,2670,2,D,SQ,BK,F
9:59:22,PTBA,RG,2660,27,D,YP,XL,D
9:59:11,PTBA,RG,2670,39,D,OD,BK,F
9:58:35,PTBA,RG,2660,2,D,YP,XC,D
9:58:28,PTBA,RG,2660,25,D,YP,AK,F
9:58:27,PTBA,RG,2660,1,D,YP,KK,D
9:58:18,PTBA,RG,2660,1,D,YP,XC,D
9:58:13,PTBA,RG,2670,34,D,OD,BK,F
9:57:35,PTBA,RG,2660,3,D,YP,YB,D
9:57:13,PTBA,RG,2670,30,D,OD,BK,F
9:57:07,PTBA,RG,2660,1,D,YP,XC,D
9:57:01,PTBA,RG,2670,1,D,XC,BK,F
9:56:18,PTBA,RG,2670,1,D,NI,BK,F
9:56:14,PTBA,RG,2670,39,D,OD,BK,F
9:56:10,PTBA,RG,2660,5,D,YP,YP,D
9:56:06,PTBA,RG,2660,32,D,DH,YP,D
9:56:02,PTBA,RG,2660,4,D,DH,CC,D
9:56:02,PTBA,RG,2660,1,F,EP,CC,D
9:56:02,PTBA,RG,2660,9,D,XL,CC,D
9:56:02,PTBA,RG,2660,2,D,PD,CC,D
9:56:02,PTBA,RG,2660,10,D,PD,CC,D
9:56:02,PTBA,RG,2660,74,D,DR,CC,D
9:56:00,PTBA,RG,2660,1,D,DR,AK,F
9:56:00,PTBA,RG,2660,2,D,CP,AK,F
9:56:00,PTBA,RG,2660,5,D,PD,AK,F
9:56:00,PTBA,RG,2660,3,D,XC,AK,F
9:55:50,PTBA,RG,2660,4,D,XC,LG,D
9:55:50,PTBA,RG,2660,1,D,YP,LG,D
9:55:50,PTBA,RG,2660,1,D,PD,LG,D
9:55:50,PTBA,RG,2660,3,D,YP,LG,D
9:55:50,PTBA,RG,2660,3,D,CC,LG,D
9:55:44,PTBA,RG,2660,2,D,CC,XC,D
9:55:24,PTBA,RG,2660,5,D,CC,XC,D
9:55:24,PTBA,RG,2660,1,D,XC,XC,D
9:55:24,PTBA,RG,2660,1,D,NI,XC,D
9:55:24,PTBA,RG,2660,1,D,XC,XC,D
9:55:24,PTBA,RG,2660,1,D,YP,XC,D
9:55:24,PTBA,RG,2660,1,D,NI,XC,D
9:55:12,PTBA,RG,2670,36,D,OD,BK,F
9:55:10,PTBA,RG,2660,1,D,NI,YP,D
9:55:10,PTBA,RG,2660,1,D,NI,NI,D
9:55:10,PTBA,RG,2660,3,D,YP,NI,D
9:54:44,PTBA,RG,2660,3,D,YP,PD,D
9:54:43,PTBA,RG,2660,2,D,YP,PD,D
9:54:16,PTBA,RG,2670,64,F,ZP,BK,F
9:54:10,PTBA,RG,2670,40,D,OD,BK,F
9:54:02,PTBA,RG,2660,1,D,YP,PD,D
9:53:59,PTBA,RG,2660,1,D,YP,YP,D
9:53:59,PTBA,RG,2660,5,D,DX,YP,D
9:53:59,PTBA,RG,2660,2,D,XC,YP,D
9:53:59,PTBA,RG,2660,1,D,GR,YP,D
9:53:59,PTBA,RG,2660,1,D,EP,YP,D
9:53:59,PTBA,RG,2660,1,D,YP,YP,D
9:53:59,PTBA,RG,2660,440,D,PD,YP,D
9:53:55,PTBA,RG,2660,7,D,PD,PD,D
9:53:44,PTBA,RG,2670,3,D,NI,BK,F
9:53:43,PTBA,RG,2670,20,D,CC,BK,F
9:53:36,PTBA,RG,2670,1,D,CC,BK,F
9:53:23,PTBA,RG,2670,3,D,PD,BK,F
9:53:08,PTBA,RG,2670,36,D,OD,BK,F
9:53:00,PTBA,RG,2660,15,D,PD,AK,F
9:52:06,PTBA,RG,2670,37,D,OD,BK,F
9:51:04,PTBA,RG,2670,35,D,OD,BK,F
9:50:33,PTBA,RG,2660,4,D,PD,XC,D
9:50:20,PTBA,RG,2660,34,D,PD,CC,D
9:50:20,PTBA,RG,2660,4,D,PD,CC,D
9:50:20,PTBA,RG,2660,5,D,CC,CC,D
9:50:20,PTBA,RG,2660,10,D,PD,CC,D
9:50:20,PTBA,RG,2660,1,D,XL,CC,D
9:50:20,PTBA,RG,2660,1,D,PD,CC,D
9:50:20,PTBA,RG,2660,10,D,YP,CC,D
9:50:20,PTBA,RG,2660,4,D,DH,CC,D
9:50:04,PTBA,RG,2670,36,D,OD,BK,F
9:49:46,PTBA,RG,2660,1,D,DH,AK,F
9:49:46,PTBA,RG,2660,6,D,YP,AK,F
9:49:46,PTBA,RG,2660,4,D,NI,AK,F
9:49:46,PTBA,RG,2660,5,D,OD,AK,F
9:49:02,PTBA,RG,2670,35,D,OD,BK,F
9:48:43,PTBA,RG,2660,1,D,OD,PD,D
9:48:43,PTBA,RG,2660,1,D,KK,PD,D
9:48:43,PTBA,RG,2660,5,D,KK,PD,D
9:48:25,PTBA,RG,2670,11,D,XC,BK,F
9:48:25,PTBA,RG,2670,1,D,XC,KK,D
9:47:58,PTBA,RG,2670,8,D,NI,KK,D
9:47:58,PTBA,RG,2670,6,D,CC,KK,D
9:47:58,PTBA,RG,2670,1,D,DH,KK,D
9:47:58,PTBA,RG,2670,8,D,NI,KK,D
9:47:58,PTBA,RG,2670,34,D,OD,KK,D
9:47:58,PTBA,RG,2670,1,D,CC,KK,D
9:47:58,PTBA,RG,2670,2,D,XC,KK,D
9:47:58,PTBA,RG,2670,4,D,NI,KK,D
9:47:27,PTBA,RG,2670,4,D,NI,CC,D
9:47:27,PTBA,RG,2670,1,D,EP,CC,D
9:47:06,PTBA,RG,2680,27,D,OD,YJ,D
9:46:45,PTBA,RG,2670,5,D,OD,SQ,D
9:46:25,PTBA,RG,2670,3,D,OD,CC,D
9:46:25,PTBA,RG,2670,8,D,NI,CC,D
9:46:25,PTBA,RG,2670,10,D,NI,CC,D
9:46:25,PTBA,RG,2670,10,D,PD,CC,D
9:46:25,PTBA,RG,2670,1,F,CS,CC,D
9:46:25,PTBA,RG,2670,10,D,CC,CC,D
9:46:25,PTBA,RG,2670,4,D,BQ,CC,D
9:46:25,PTBA,RG,2670,41,D,XL,CC,D
9:46:25,PTBA,RG,2670,13,D,EP,CC,D
9:46:22,PTBA,RG,2670,17,D,EP,YP,D
9:46:15,PTBA,RG,2670,13,D,EP,AK,F
9:46:08,PTBA,RG,2680,35,D,OD,YJ,D
9:45:40,PTBA,RG,2670,29,D,EP,YP,D
9:45:40,PTBA,RG,2670,8,D,NI,YP,D
9:45:40,PTBA,RG,2670,214,F,ZP,YP,D
9:45:40,PTBA,RG,2670,1,D,XC,YP,D
9:45:40,PTBA,RG,2670,183,F,ZP,YP,D
9:45:10,PTBA,RG,2670,3,F,ZP,XC,D
9:44:37,PTBA,RG,2670,25,F,ZP,PD,D
9:44:37,PTBA,RG,2670,8,D,NI,PD,D
9:44:37,PTBA,RG,2670,1,D,YP,PD,D
9:44:37,PTBA,RG,2670,2,D,NI,PD,D
9:44:37,PTBA,RG,2670,27,D,OD,PD,D
9:44:37,PTBA,RG,2670,1,D,XC,PD,D
9:44:37,PTBA,RG,2670,11,F,ZP,PD,D
9:44:32,PTBA,RG,2670,14,F,ZP,KK,D
9:44:19,PTBA,RG,2670,4,F,ZP,XC,D
9:44:11,PTBA,RG,2670,84,F,ZP,GR,D
9:44:04,PTBA,RG,2670,4,F,ZP,XC,D
9:43:52,PTBA,RG,2670,6,F,ZP,EP,D
9:43:52,PTBA,RG,2670,30,D,PD,EP,D
9:43:39,PTBA,RG,2670,20,D,PD,EP,D
9:43:39,PTBA,RG,2670,10,D,OD,EP,D
9:43:34,PTBA,RG,2670,14,D,OD,YP,D
9:43:34,PTBA,RG,2670,1,D,BQ,YP,D
9:42:53,PTBA,RG,2670,1,D,NI,BQ,D
9:42:47,PTBA,RG,2680,1,D,EP,CC,D
9:42:43,PTBA,RG,2670,36,D,DR,AK,F
9:42:42,PTBA,RG,2670,964,D,DR,KK,D
9:42:42,PTBA,RG,2670,36,D,YP,KK,D
9:42:42,PTBA,RG,2670,10,D,YP,AK,F
9:42:42,PTBA,RG,2670,356,F,CS,AK,F
9:42:42,PTBA,RG,2670,134,D,EP,AK,F
9:42:36,PTBA,RG,2680,1,D,HD,CC,D
9:42:31,PTBA,RG,2670,20,D,EP,NI,D
9:42:30,PTBA,RG,2670,24,D,EP,CC,D
9:42:30,PTBA,RG,2670,5,D,YP,CC,D
9:42:30,PTBA,RG,2670,21,D,OD,CC,D
9:42:30,PTBA,RG,2670,50,F,ZP,CC,D
9:42:29,PTBA,RG,2670,1,F,ZP,XC,D
9:42:26,PTBA,RG,2670,10,F,ZP,PD,D
9:42:23,PTBA,RG,2670,50,F,ZP,YP,D
9:42:20,PTBA,RG,2670,12,F,ZP,KK,D
9:42:18,PTBA,RG,2670,155,F,ZP,AK,F
9:42:18,PTBA,RG,2670,266,F,ZP,AK,F
9:42:18,PTBA,RG,2670,79,D,LG,AK,F
9:42:16,PTBA,RG,2670,500,D,LG,AK,F
9:42:16,PTBA,RG,2670,175,D,LG,YP,D
9:42:16,PTBA,RG,2670,4,D,LG,XC,D
9:42:16,PTBA,RG,2670,132,D,LG,BK,F
9:42:16,PTBA,RG,2670,110,D,LG,BK,F
9:42:12,PTBA,RG,2670,1,D,NI,BK,F
9:42:10,PTBA,RG,2670,26,D,OD,BK,F
9:42:02,PTBA,RG,2670,141,F,ZP,BK,F
9:42:02,PTBA,RG,2660,1,D,XL,XL,D
9:42:00,PTBA,RG,2670,137,F,ZP,BK,F
9:41:59,PTBA,RG,2670,10,D,NI,BK,F
9:41:40,PTBA,RG,2670,38,F,ZP,BK,F
9:41:40,PTBA,RG,2670,31,F,ZP,CC,F
9:41:40,PTBA,RG,2670,195,F,ZP,AK,F
9:41:35,PTBA,RG,2660,31,D,XL,DH,D
9:41:35,PTBA,RG,2660,5,D,ZP,DH,D
9:41:35,PTBA,RG,2660,2,D,YP,DH,D
9:41:35,PTBA,RG,2660,1,D,XC,DH,D
9:41:35,PTBA,RG,2660,10,D,CC,DH,D
9:41:35,PTBA,RG,2660,1,D,PD,DH,D
9:41:34,PTBA,RG,2660,5,D,PD,PD,D
9:41:29,PTBA,RG,2660,43,D,PD,BK,F
9:41:24,PTBA,RG,2660,34,D,PD,BK,F
9:41:19,PTBA,RG,2660,17,D,PD,BK,F
9:41:19,PTBA,RG,2660,1,D,SQ,BK,F
9:41:19,PTBA,RG,2660,2,D,LG,BK,F
9:41:19,PTBA,RG,2660,10,D,YP,BK,F
9:41:19,PTBA,RG,2660,37,D,XC,BK,F
9:41:19,PTBA,RG,2660,1,D,YP,BK,F
9:41:19,PTBA,RG,2660,100,D,YU,BK,F
9:41:19,PTBA,RG,2660,1,D,PD,BK,F
9:41:19,PTBA,RG,2660,2,D,PD,BK,F
9:41:19,PTBA,RG,2660,19,D,CC,BK,F
9:41:19,PTBA,RG,2660,1,D,YP,BK,F
9:41:19,PTBA,RG,2660,1,D,DH,BK,F
9:41:19,PTBA,RG,2660,1,D,OD,BK,F
9:41:19,PTBA,RG,2660,10,D,CC,BK,F
9:41:16,PTBA,RG,2660,1,D,YP,BK,F
9:41:16,PTBA,RG,2660,1,D,BQ,BK,F
9:41:16,PTBA,RG,2660,5,D,YP,BK,F
9:41:16,PTBA,RG,2660,1,D,XC,BK,F
9:41:16,PTBA,RG,2660,38,D,XA,BK,F
9:41:16,PTBA,RG,2660,40,D,SQ,BK,F
9:41:16,PTBA,RG,2660,1,D,KK,BK,F
9:41:16,PTBA,RG,2660,2,D,CC,BK,F
9:41:16,PTBA,RG,2660,1,D,XC,BK,F
9:41:16,PTBA,RG,2660,1,D,XC,BK,F
9:41:16,PTBA,RG,2660,20,D,YP,BK,F
9:41:16,PTBA,RG,2660,10,D,YP,BK,F
9:41:16,PTBA,RG,2660,4,D,CC,BK,F
9:41:16,PTBA,RG,2660,50,D,AZ,BK,F
9:41:16,PTBA,RG,2660,1,D,YP,BK,F
9:41:16,PTBA,RG,2660,10,D,OD,BK,F
9:41:16,PTBA,RG,2660,10,D,CC,BK,F
9:41:16,PTBA,RG,2660,10,D,YP,BK,F
9:41:16,PTBA,RG,2660,20,D,NI,BK,F
9:41:16,PTBA,RG,2660,3,D,YP,BK,F
9:41:16,PTBA,RG,2660,500,D,KK,BK,F
9:41:16,PTBA,RG,2660,120,D,XC,BK,F
9:41:16,PTBA,RG,2660,10,D,CC,BK,F
9:41:16,PTBA,RG,2660,3,D,NI,BK,F
9:41:16,PTBA,RG,2660,50,D,PD,BK,F
9:41:16,PTBA,RG,2660,25,D,NI,BK,F
9:41:16,PTBA,RG,2670,279,F,ZP,AK,F
9:41:15,PTBA,RG,2660,25,D,NI,AK,F
9:41:15,PTBA,RG,2660,1,D,XC,AK,F
9:41:15,PTBA,RG,2660,2,D,PD,AK,F
9:41:15,PTBA,RG,2660,222,D,YU,AK,F
9:41:14,PTBA,RG,2670,1,F,CS,BK,F
9:41:14,PTBA,RG,2670,5,D,SQ,BK,F
9:41:14,PTBA,RG,2670,1,D,XC,BK,F
9:41:14,PTBA,RG,2670,1,D,PD,BK,F
9:41:14,PTBA,RG,2670,2,D,KK,BK,F
9:41:14,PTBA,RG,2670,3,D,YP,BK,F
9:41:14,PTBA,RG,2670,9,D,XL,BK,F
9:41:14,PTBA,RG,2670,3,D,EP,BK,F
9:41:14,PTBA,RG,2670,10,D,PD,BK,F
9:41:14,PTBA,RG,2670,2,D,YP,BK,F
9:41:14,PTBA,RG,2670,10,D,SQ,BK,F
9:41:14,PTBA,RG,2670,6,D,XC,BK,F
9:41:14,PTBA,RG,2670,20,D,YP,BK,F
9:41:14,PTBA,RG,2670,182,F,ZP,BK,F
9:41:14,PTBA,RG,2670,1,F,CS,BK,F
9:41:14,PTBA,RG,2670,20,D,NI,BK,F
9:41:14,PTBA,RG,2670,1,D,CC,BK,F
9:41:14,PTBA,RG,2670,20,D,NI,BK,F
9:41:14,PTBA,RG,2670,10,D,YP,BK,F
9:41:14,PTBA,RG,2670,3,D,YP,BK,F
9:41:14,PTBA,RG,2670,20,D,CC,BK,F
9:41:14,PTBA,RG,2670,1,D,DH,BK,F
9:41:14,PTBA,RG,2670,1,D,YP,BK,F
9:41:14,PTBA,RG,2670,25,D,PD,BK,F
9:41:14,PTBA,RG,2670,1,F,CS,BK,F
9:41:14,PTBA,RG,2670,1,D,YP,BK,F
9:41:14,PTBA,RG,2670,1,D,LG,BK,F
9:41:14,PTBA,RG,2670,30,D,EP,BK,F
9:41:14,PTBA,RG,2670,2,D,XC,BK,F
9:41:14,PTBA,RG,2670,500,D,PD,BK,F
9:41:14,PTBA,RG,2670,20,D,GR,BK,F
9:41:14,PTBA,RG,2670,1,D,PD,BK,F
9:41:14,PTBA,RG,2670,1,D,NI,BK,F
9:41:14,PTBA,RG,2670,39,D,XL,BK,F
9:41:14,PTBA,RG,2670,20,D,CC,BK,F
9:41:14,PTBA,RG,2670,1,D,AG,BK,F
9:41:14,PTBA,RG,2670,10,D,NI,BK,F
9:41:14,PTBA,RG,2670,1,D,YP,BK,F
9:41:14,PTBA,RG,2670,2,D,YP,BK,F
9:41:14,PTBA,RG,2670,18,D,NI,BK,F
9:41:14,PTBA,RG,2670,1,D,XC,BK,F
9:41:14,PTBA,RG,2670,1,D,XC,BK,F
9:41:14,PTBA,RG,2670,37,D,XA,BK,F
9:41:14,PTBA,RG,2670,4434,D,CP,BK,F
9:41:14,PTBA,RG,2670,250,D,CP,AK,F
9:41:13,PTBA,RG,2670,250,D,CP,AK,F
9:41:12,PTBA,RG,2670,66,D,CP,AK,F
9:41:12,PTBA,RG,2670,184,D,CC,AK,F
9:41:11,PTBA,RG,2670,250,D,CC,AK,F
9:41:10,PTBA,RG,2670,66,D,CC,AK,F
9:41:10,PTBA,RG,2670,100,D,DH,AK,F
9:41:10,PTBA,RG,2670,18,D,XC,AK,F
9:41:10,PTBA,RG,2670,5,D,GR,AK,F
9:41:10,PTBA,RG,2670,50,D,DH,AK,F
9:41:10,PTBA,RG,2670,3,D,PD,AK,F
9:41:10,PTBA,RG,2670,1,D,IF,AK,F
9:41:10,PTBA,RG,2670,2,D,XC,AK,F
9:41:10,PTBA,RG,2670,5,D,OD,AK,F
9:41:10,PTBA,RG,2680,24,D,OD,AK,F
9:40:10,PTBA,RG,2680,21,D,OD,AK,F
9:40:03,PTBA,RG,2670,2,D,OD,NI,D
9:39:58,PTBA,RG,2670,25,D,OD,PD,D
9:39:46,PTBA,RG,2680,4,D,XC,AK,F
9:39:44,PTBA,RG,2670,45,D,OD,FZ,D
9:39:12,PTBA,RG,2680,29,D,OD,AK,F
9:38:42,PTBA,RG,2680,5,D,XC,AK,F
9:38:10,PTBA,RG,2680,20,D,OD,AK,F
9:37:37,PTBA,RG,2680,5,D,CC,AK,F
9:37:10,PTBA,RG,2680,27,D,OD,AK,F
9:37:01,PTBA,RG,2670,4,D,OD,CC,D
9:36:45,PTBA,RG,2680,1,D,YP,AK,F
9:36:30,PTBA,RG,2670,10,D,OD,GR,D
9:36:20,PTBA,RG,2680,10,D,PD,AK,F
9:36:08,PTBA,RG,2680,21,D,OD,AK,F
9:35:46,PTBA,RG,2680,3,D,PD,AK,F
9:35:24,PTBA,RG,2680,5,D,KK,AK,F
9:35:08,PTBA,RG,2680,22,D,OD,AK,F
9:35:01,PTBA,RG,2670,2,D,OD,AI,D
9:34:57,PTBA,RG,2670,3,D,OD,PD,D
9:34:56,PTBA,RG,2680,5,D,CC,AK,F
9:34:10,PTBA,RG,2680,10,D,KK,AK,F
9:34:08,PTBA,RG,2680,7,D,OD,AK,F
9:34:08,PTBA,RG,2680,17,D,OD,BK,F
9:34:07,PTBA,RG,2680,2,D,XC,BK,F
9:33:58,PTBA,RG,2680,2,D,XL,YP,D
9:33:51,PTBA,RG,2680,10,D,XC,YP,D
9:33:08,PTBA,RG,2680,23,D,OD,YP,D
9:32:57,PTBA,RG,2680,1,D,NI,YP,D
9:32:52,PTBA,RG,2680,1,D,CC,YP,D
9:32:42,PTBA,RG,2680,2,D,XC,YP,D
9:32:24,PTBA,RG,2680,10,D,XC,YP,D
9:32:05,PTBA,RG,2680,25,D,OD,YP,D
9:31:50,PTBA,RG,2680,1,D,RG,YP,D
9:31:48,PTBA,RG,2680,40,D,YP,YP,D
9:31:37,PTBA,RG,2680,10,D,YP,YP,D
9:31:31,PTBA,RG,2680,3,D,XC,YP,D
9:31:16,PTBA,RG,2680,1,D,XC,YP,D
9:31:03,PTBA,RG,2680,25,D,OD,YP,D
9:31:00,PTBA,RG,2680,36,D,DH,YP,D
9:30:53,PTBA,RG,2680,25,D,PD,YP,D
9:30:51,PTBA,RG,2680,20,D,GR,YP,D
9:30:33,PTBA,RG,2680,2,D,YP,YP,D
9:30:29,PTBA,RG,2680,1,D,NI,YP,D
9:30:07,PTBA,RG,2680,5,D,PD,YP,D
9:30:01,PTBA,RG,2680,23,D,OD,YP,D
9:29:46,PTBA,RG,2680,3,D,EP,YP,D
9:29:25,PTBA,RG,2680,30,D,EP,YP,D
9:29:23,PTBA,RG,2680,1,D,XC,YP,D
9:29:19,PTBA,RG,2680,1,D,CC,YP,D
9:29:06,PTBA,RG,2680,40,D,GR,YP,D
9:28:54,PTBA,RG,2680,1,D,KK,YP,D
9:28:35,PTBA,RG,2680,5,D,YP,YP,D
9:28:35,PTBA,RG,2680,1,F,CS,YP,D
9:28:34,PTBA,RG,2680,1,F,CS,YP,D
9:28:34,PTBA,RG,2680,5,D,SQ,YP,D
9:28:34,PTBA,RG,2680,4,D,NI,YP,D
9:28:34,PTBA,RG,2680,6,D,XC,YP,D
9:28:34,PTBA,RG,2680,10,D,CC,YP,D
9:28:34,PTBA,RG,2680,20,D,OD,YP,D
9:28:34,PTBA,RG,2680,60,D,NI,YP,D
9:28:34,PTBA,RG,2680,10,D,YP,YP,D
9:28:34,PTBA,RG,2680,1,F,CS,YP,D
9:28:34,PTBA,RG,2680,1,D,XC,YP,D
9:28:34,PTBA,RG,2680,25,D,GR,YP,D
9:28:34,PTBA,RG,2680,9,D,SQ,YP,D
9:28:31,PTBA,RG,2680,6,D,SQ,PD,D
9:28:31,PTBA,RG,2680,14,F,ZP,PD,D
9:28:10,PTBA,RG,2680,1,F,ZP,XC,D
9:28:08,PTBA,RG,2680,239,F,ZP,AK,F
9:28:08,PTBA,RG,2680,257,F,ZP,AK,F
9:28:01,PTBA,RG,2690,26,D,OD,YP,D
9:26:56,PTBA,RG,2690,1,D,HD,YP,D
9:26:44,PTBA,RG,2680,276,F,AK,AK,F
9:26:44,PTBA,RG,2680,4,F,ZP,AK,F
9:26:44,PTBA,RG,2680,251,F,ZP,AK,F
9:26:43,PTBA,RG,2680,26,D,OD,AK,F
9:26:43,PTBA,RG,2680,3,D,YP,AK,F
9:26:43,PTBA,RG,2680,10,F,AK,CC,D
9:26:43,PTBA,RG,2680,1,F,AK,NI,D
9:26:43,PTBA,RG,2680,50,F,AK,CC,F
9:26:43,PTBA,RG,2680,60,F,AK,PD,D
9:26:43,PTBA,RG,2680,16,F,AK,YP,D
9:26:43,PTBA,RG,2680,17,F,AK,AK,F
9:26:43,PTBA,RG,2680,10,F,AK,YP,D
9:26:43,PTBA,RG,2680,100,F,AK,DR,D
9:26:43,PTBA,RG,2680,100,F,AK,PD,D
9:26:43,PTBA,RG,2680,18,F,AK,AK,F
9:26:43,PTBA,RG,2680,3,F,AK,PD,D
9:26:43,PTBA,RG,2680,19,F,AK,BK,F
9:26:43,PTBA,RG,2680,7,F,AK,YP,D
9:26:43,PTBA,RG,2680,1,F,AK,CC,D
9:26:43,PTBA,RG,2680,19,F,AK,DH,D
9:26:43,PTBA,RG,2680,1,F,AK,BQ,D
9:26:43,PTBA,RG,2680,30,F,AK,CC,D
9:26:43,PTBA,RG,2680,10,F,AK,SQ,D
9:26:43,PTBA,RG,2680,1,F,AK,XC,D
9:26:43,PTBA,RG,2680,21,F,AK,PD,D
9:26:43,PTBA,RG,2680,300,F,AK,CC,D
9:26:43,PTBA,RG,2680,15,F,AK,YP,D
9:26:43,PTBA,RG,2680,50,F,AK,EP,D
9:26:43,PTBA,RG,2680,44,F,AK,PD,D
9:26:43,PTBA,RG,2680,5,F,AK,PD,D
9:26:43,PTBA,RG,2680,4,F,AK,YP,D
9:26:43,PTBA,RG,2680,60,F,AK,YP,D
9:26:43,PTBA,RG,2680,37,F,AK,YB,D
9:26:43,PTBA,RG,2680,43,D,YP,YB,D
9:26:43,PTBA,RG,2680,22,D,YP,AK,F
9:26:41,PTBA,RG,2680,8,D,PD,AK,F
9:26:29,PTBA,RG,2680,2,D,YP,AK,F
9:26:12,PTBA,RG,2680,3,D,PD,AK,F
9:26:01,PTBA,RG,2680,1,D,XC,AK,F
9:25:55,PTBA,RG,2680,23,D,OD,AK,F
9:25:55,PTBA,RG,2670,20,D,OD,YB,D
9:25:34,PTBA,RG,2670,100,D,OD,SS,D
9:25:19,PTBA,RG,2680,2,D,PD,AK,F
9:25:06,PTBA,RG,2680,1,D,YP,AK,F
9:24:59,PTBA,RG,2680,24,D,OD,AK,F
9:24:20,PTBA,RG,2670,25,D,OD,YP,D
9:24:18,PTBA,RG,2680,1,D,HD,AK,F
9:23:58,PTBA,RG,2670,35,D,OD,BK,F
9:23:57,PTBA,RG,2680,19,D,OD,AK,F
9:23:52,PTBA,RG,2670,18,D,OD,XC,D
9:23:46,PTBA,RG,2680,1,D,PD,AK,F
9:23:43,PTBA,RG,2670,60,D,OD,PD,D
9:23:38,PTBA,RG,2670,32,D,OD,BK,F
9:23:35,PTBA,RG,2670,164,D,OD,BK,F
9:23:35,PTBA,RG,2670,10,D,XC,BK,F
9:23:35,PTBA,RG,2670,23,D,YP,BK,F
9:23:33,PTBA,RG,2670,77,D,YP,AK,F
9:23:33,PTBA,RG,2670,150,D,YP,AK,F
9:23:33,PTBA,RG,2670,20,D,NI,AK,F
9:23:33,PTBA,RG,2670,5,D,PD,AK,F
9:23:33,PTBA,RG,2670,1,D,XC,AK,F
9:23:33,PTBA,RG,2670,5,D,XC,AK,F
9:23:33,PTBA,RG,2670,1,D,DH,AK,F
9:23:33,PTBA,RG,2670,1,D,NI,AK,F
9:23:33,PTBA,RG,2670,20,D,YP,AK,F
9:23:33,PTBA,RG,2670,1,D,PD,AK,F
9:23:33,PTBA,RG,2670,1,D,BQ,AK,F
9:23:33,PTBA,RG,2670,100,D,PD,AK,F
9:23:33,PTBA,RG,2670,99,D,MI,AK,F
9:23:33,PTBA,RG,2670,10,D,CC,AK,F
9:23:33,PTBA,RG,2670,1,D,XL,AK,F
9:23:33,PTBA,RG,2670,1,F,CS,AK,F
9:23:33,PTBA,RG,2670,7,D,LG,AK,F
9:23:32,PTBA,RG,2670,143,D,LG,AK,F
9:23:32,PTBA,RG,2670,1,D,XC,AK,F
9:23:32,PTBA,RG,2670,193,F,ZP,AK,F
9:23:32,PTBA,RG,2670,8,D,YP,AK,F
9:23:32,PTBA,RG,2670,20,D,PD,AK,F
9:23:32,PTBA,RG,2670,1,D,LG,AK,F
9:23:32,PTBA,RG,2670,1,D,PD,AK,F
9:23:32,PTBA,RG,2670,133,D,SQ,AK,F
9:23:31,PTBA,RG,2680,1,D,XC,AK,F
9:23:31,PTBA,RG,2670,500,D,SQ,AK,F
9:23:31,PTBA,RG,2680,259,F,ZP,AK,F
9:23:30,PTBA,RG,2670,367,D,SQ,AK,F
9:23:30,PTBA,RG,2670,100,D,PD,AK,F
9:23:30,PTBA,RG,2670,1,D,CC,AK,F
9:23:30,PTBA,RG,2670,32,D,PD,AK,F
9:23:29,PTBA,RG,2670,91,D,PD,AK,F
9:23:29,PTBA,RG,2670,409,D,RF,AK,F
9:23:29,PTBA,RG,2680,1000,D,DR,AK,F
9:23:13,PTBA,RG,2680,4,D,CC,AK,F
9:23:12,PTBA,RG,2680,500,D,OD,AK,F
9:22:59,PTBA,RG,2680,23,D,OD,AK,F
9:22:58,PTBA,RG,2670,20,D,RF,PD,D
9:22:48,PTBA,RG,2670,20,D,RF,NI,D
9:22:32,PTBA,RG,2670,10,D,RF,XC,D
9:22:31,PTBA,RG,2670,1,D,RF,XC,D
9:22:28,PTBA,RG,2670,5,D,RF,YP,D
9:22:08,PTBA,RG,2670,10,D,RF,GR,D
9:22:07,PTBA,RG,2670,5,D,RF,PD,D
9:22:00,PTBA,RG,2680,24,D,OD,AK,F
9:21:41,PTBA,RG,2670,7,D,RF,GR,D
9:21:32,PTBA,RG,2670,5,D,RF,XC,D
9:20:57,PTBA,RG,2680,23,D,OD,AK,F
9:20:41,PTBA,RG,2670,8,D,RF,YP,D
9:20:41,PTBA,RG,2670,3,D,PD,YP,D
9:20:38,PTBA,RG,2670,20,D,PD,YP,D
9:20:22,PTBA,RG,2670,26,D,PD,YP,D
9:20:22,PTBA,RG,2670,1,D,YP,YP,D
9:20:22,PTBA,RG,2670,1,D,CC,YP,D
9:20:22,PTBA,RG,2670,132,F,ZP,YP,D
9:20:02,PTBA,RG,2670,3,F,ZP,YP,D
9:20:00,PTBA,RG,2680,22,D,OD,AK,F
9:19:32,PTBA,RG,2670,71,F,ZP,KK,D
9:19:32,PTBA,RG,2670,1,F,CS,KK,D
9:19:25,PTBA,RG,2680,4,D,YP,AK,F
9:19:22,PTBA,RG,2680,10,D,YP,AK,F
9:19:08,PTBA,RG,2680,323,D,DR,AK,F
9:19:08,PTBA,RG,2680,77,D,DR,OD,D
9:18:59,PTBA,RG,2680,22,D,OD,OD,D
9:18:48,PTBA,RG,2680,1,D,CC,OD,D
9:18:48,PTBA,RG,2680,9,D,CC,NI,D
9:18:46,PTBA,RG,2680,1,D,XL,NI,D
9:18:46,PTBA,RG,2680,6,D,XL,YP,D
9:18:01,PTBA,RG,2680,18,D,OD,YP,D
9:17:57,PTBA,RG,2670,5,D,OD,AZ,D
9:17:54,PTBA,RG,2680,1,D,XC,YP,D
9:17:39,PTBA,RG,2680,1,D,HD,YP,D
9:17:32,PTBA,RG,2670,400,F,BK,AK,F
9:17:32,PTBA,RG,2670,19,F,BK,AK,F
9:17:31,PTBA,RG,2670,1,F,CS,AK,F
9:17:31,PTBA,RG,2670,5,F,AK,NI,D
9:17:31,PTBA,RG,2670,20,F,AK,AK,F
9:17:31,PTBA,RG,2670,1,F,AK,PD,D
9:17:31,PTBA,RG,2670,33,F,AK,PD,D
9:17:31,PTBA,RG,2670,11,F,AK,YP,D
9:17:31,PTBA,RG,2670,2,F,AK,XC,D
9:17:31,PTBA,RG,2670,27,F,AK,BK,F
9:17:31,PTBA,RG,2670,7,F,AK,NI,D
9:17:31,PTBA,RG,2670,362,F,AK,CS,F
9:17:31,PTBA,RG,2670,1,F,AK,XC,D
9:17:31,PTBA,RG,2670,200,F,AK,YP,D
9:17:31,PTBA,RG,2670,2,F,AK,BQ,D
9:17:31,PTBA,RG,2670,1,F,AK,XC,D
9:17:31,PTBA,RG,2670,2,F,AK,NI,D
9:17:31,PTBA,RG,2670,9,F,AK,PD,D
9:17:31,PTBA,RG,2670,5,F,AK,KK,D
9:17:31,PTBA,RG,2670,5,F,AK,CC,F
9:17:31,PTBA,RG,2670,10,F,AK,PD,D
9:17:31,PTBA,RG,2670,40,F,AK,PD,D
9:17:31,PTBA,RG,2670,190,F,AK,AK,F
9:17:30,PTBA,RG,2670,1,F,CS,AK,F
9:17:25,PTBA,RG,2670,1,D,NI,AK,F
9:17:19,PTBA,RG,2670,208,D,EP,AK,F
9:17:19,PTBA,RG,2670,22,D,EP,AK,F
9:17:19,PTBA,RG,2670,5,D,EP,PD,D
9:17:19,PTBA,RG,2670,15,D,EP,CC,D
9:17:17,PTBA,RG,2660,20,D,YU,CC,D
9:17:11,PTBA,RG,2670,1,D,XC,CC,D
9:17:08,PTBA,RG,2670,10,D,CC,CC,D
9:17:08,PTBA,RG,2670,9,D,PD,CC,D
9:17:01,PTBA,RG,2670,2,D,XC,CC,D
9:17:00,PTBA,RG,2670,23,D,OD,CC,D
9:16:37,PTBA,RG,2670,10,D,YP,CC,D
9:16:20,PTBA,RG,2670,1,D,XC,CC,D
9:16:17,PTBA,RG,2670,129,D,PD,CC,D
9:16:17,PTBA,RG,2670,121,D,PD,KK,D
9:16:06,PTBA,RG,2670,1,D,YP,KK,D
9:16:00,PTBA,RG,2670,50,D,NI,KK,D
9:15:59,PTBA,RG,2660,20,D,YU,AZ,D
9:15:57,PTBA,RG,2670,25,D,OD,KK,D
9:15:26,PTBA,RG,2670,10,D,PD,KK,D
9:15:00,PTBA,RG,2670,4,D,XA,KK,D
9:14:55,PTBA,RG,2670,41,D,OD,KK,D
9:14:53,PTBA,RG,2660,2,D,YU,YP,D
9:14:43,PTBA,RG,2670,1,D,EP,KK,D
9:14:25,PTBA,RG,2670,30,D,CC,KK,D
9:14:23,PTBA,RG,2670,1,D,YP,KK,D
9:14:15,PTBA,RG,2660,6,D,YU,KK,D
9:14:13,PTBA,RG,2670,6,D,XL,KK,D
9:13:55,PTBA,RG,2670,39,D,OD,KK,D
9:13:44,PTBA,RG,2670,230,D,YP,KK,D
9:13:34,PTBA,RG,2670,1,D,YP,KK,D
9:13:29,PTBA,RG,2670,1,D,YP,KK,D
9:13:28,PTBA,RG,2670,11,D,XC,KK,D
9:13:24,PTBA,RG,2670,4,D,YP,KK,D
9:13:18,PTBA,RG,2670,13,D,YP,KK,D
9:13:15,PTBA,RG,2660,16,D,YU,PD,D
9:13:11,PTBA,RG,2670,45,D,YP,KK,D
9:13:11,PTBA,RG,2670,10,D,SQ,KK,D
9:12:53,PTBA,RG,2670,38,D,OD,KK,D
9:12:50,PTBA,RG,2660,15,D,YU,YP,D
9:12:43,PTBA,RG,2670,2,D,DR,KK,D
9:12:42,PTBA,RG,2670,14,D,CC,KK,D
9:12:34,PTBA,RG,2670,1,D,PD,KK,D
9:12:30,PTBA,RG,2670,1,D,YP,KK,D
9:12:14,PTBA,RG,2670,2,D,DH,KK,D
9:12:13,PTBA,RG,2670,5,D,HP,KK,D
9:12:10,PTBA,RG,2670,1,D,XL,KK,D
9:11:51,PTBA,RG,2670,44,D,OD,KK,D
9:11:25,PTBA,RG,2670,10,D,YP,KK,D
9:11:09,PTBA,RG,2660,1,D,YU,YP,D
9:11:00,PTBA,RG,2670,10,D,XC,KK,D
9:10:53,PTBA,RG,2670,32,D,OD,KK,D
9:10:49,PTBA,RG,2670,3,D,KK,KK,D
9:10:34,PTBA,RG,2660,2,D,YU,YP,D
9:10:32,PTBA,RG,2670,1,D,PD,KK,D
9:10:30,PTBA,RG,2660,167,D,YU,EP,D
9:10:30,PTBA,RG,2660,20,D,YP,EP,D
9:10:30,PTBA,RG,2660,91,D,PD,EP,D
9:10:15,PTBA,RG,2670,2,D,CC,KK,D
9:10:05,PTBA,RG,2660,2,D,PD,SQ,D
9:09:55,PTBA,RG,2670,37,D,OD,KK,D
9:09:42,PTBA,RG,2660,10,D,PD,NI,D
9:09:23,PTBA,RG,2670,16,D,YP,KK,D
9:09:20,PTBA,RG,2660,1,D,PD,PD,D
9:09:19,PTBA,RG,2670,2,D,YP,KK,D
9:09:06,PTBA,RG,2670,10,D,YB,KK,D
9:08:56,PTBA,RG,2670,5,D,YP,KK,D
9:08:51,PTBA,RG,2670,19,D,XC,KK,D
9:08:51,PTBA,RG,2670,1,D,PD,KK,D
9:08:51,PTBA,RG,2670,30,D,PD,KK,D
9:08:51,PTBA,RG,2670,38,D,OD,KK,D
9:08:51,PTBA,RG,2670,32,D,BQ,KK,D
9:08:51,PTBA,RG,2670,3,D,BQ,PD,D
9:08:40,PTBA,RG,2670,10,D,BQ,KK,D
9:08:39,PTBA,RG,2670,183,D,BQ,YP,D
9:08:39,PTBA,RG,2670,70,D,BQ,AK,F
9:08:39,PTBA,RG,2670,2,D,BQ,XC,D
9:08:39,PTBA,RG,2670,100,D,BQ,NI,D
9:08:39,PTBA,RG,2670,3300,D,BQ,CC,F
9:08:39,PTBA,RG,2670,401,D,BQ,CC,D
9:08:39,PTBA,RG,2670,320,D,BQ,BK,F
9:08:39,PTBA,RG,2670,579,D,BQ,CC,F
9:08:32,PTBA,RG,2660,46,D,PD,YP,D
9:08:32,PTBA,RG,2660,5,D,KK,YP,D
9:08:27,PTBA,RG,2660,45,D,KK,YP,D
9:08:27,PTBA,RG,2660,2,D,XC,YP,D
9:08:27,PTBA,RG,2660,1,D,NI,YP,D
9:08:27,PTBA,RG,2660,1,D,XC,YP,D
9:08:27,PTBA,RG,2660,1,D,XC,YP,D
9:08:27,PTBA,RG,2660,30,D,YP,YP,D
9:08:27,PTBA,RG,2660,10,D,CC,YP,D
9:08:27,PTBA,RG,2660,3,D,YP,YP,D
9:08:27,PTBA,RG,2660,2,D,YP,YP,D
9:08:27,PTBA,RG,2660,1,D,KK,YP,D
9:08:27,PTBA,RG,2660,5,D,AG,YP,D
9:08:27,PTBA,RG,2660,20,D,CC,YP,D
9:08:27,PTBA,RG,2660,50,D,YP,YP,D
9:08:27,PTBA,RG,2660,3,D,NI,YP,D
9:08:27,PTBA,RG,2660,50,D,CC,YP,D
9:08:27,PTBA,RG,2660,7,D,XC,YP,D
9:08:12,PTBA,RG,2670,2,D,EP,CC,F
9:08:04,PTBA,RG,2670,10,D,AZ,CC,F
9:07:39,PTBA,RG,2670,1,D,NI,CC,F
9:07:37,PTBA,RG,2660,2,D,XC,XC,D
9:07:31,PTBA,RG,2660,1,D,XC,NI,D
9:07:30,PTBA,RG,2660,10,D,XC,NI,D
9:07:29,PTBA,RG,2670,1,D,NI,CC,F
9:07:09,PTBA,RG,2660,5,D,XC,SQ,D
9:07:03,PTBA,RG,2660,85,D,XC,PD,D
9:06:59,PTBA,RG,2660,10,D,XC,YB,D
9:06:47,PTBA,RG,2660,3,D,PD,XC,D
9:06:47,PTBA,RG,2660,30,D,PD,XC,D
9:06:42,PTBA,RG,2670,1,D,CC,CC,F
9:06:42,PTBA,RG,2660,10,D,PD,SQ,D
9:06:32,PTBA,RG,2660,50,D,PD,PD,D
9:06:23,PTBA,RG,2670,100,F,AK,AK,F
9:06:22,PTBA,RG,2670,11,F,AK,XC,D
9:06:22,PTBA,RG,2670,24,F,AK,AK,F
9:06:22,PTBA,RG,2670,30,F,AK,PD,D
9:06:22,PTBA,RG,2670,100,F,AK,OD,D
9:06:22,PTBA,RG,2670,5,F,AK,AZ,D
9:06:22,PTBA,RG,2670,100,F,AK,YP,D
9:06:22,PTBA,RG,2670,197,F,AK,CC,F
9:06:22,PTBA,RG,2670,24,F,AK,AK,F
9:06:22,PTBA,RG,2670,30,F,AK,AK,F
9:06:22,PTBA,RG,2670,5,F,AK,EP,D
9:06:08,PTBA,RG,2670,4,D,XC,EP,D
9:06:02,PTBA,RG,2660,26,D,PD,CC,D
9:06:01,PTBA,RG,2660,15,D,PD,EP,D
9:05:57,PTBA,RG,2670,1,D,PD,EP,D
9:05:54,PTBA,RG,2660,69,D,PD,YB,D
9:05:54,PTBA,RG,2660,1,D,AG,YB,D
9:05:54,PTBA,RG,2660,2,D,YP,YB,D
9:05:35,PTBA,RG,2660,3,D,YP,PD,D
9:05:35,PTBA,RG,2660,100,D,NI,PD,D
9:05:35,PTBA,RG,2660,23,D,GR,PD,D
9:05:20,PTBA,RG,2660,27,D,GR,PD,D
9:05:20,PTBA,RG,2660,200,D,PD,PD,D
9:05:20,PTBA,RG,2660,20,D,NI,PD,D
9:05:20,PTBA,RG,2660,1,D,PD,PD,D
9:05:20,PTBA,RG,2660,1,D,OD,PD,D
9:05:20,PTBA,RG,2660,19,D,NI,PD,D
9:05:20,PTBA,RG,2660,2,D,YP,PD,D
9:05:20,PTBA,RG,2660,20,D,CC,PD,D
9:05:20,PTBA,RG,2660,1,D,YP,PD,D
9:05:20,PTBA,RG,2660,6,D,YP,PD,D
9:05:20,PTBA,RG,2660,6,D,YP,PD,D
9:05:20,PTBA,RG,2660,1,D,PD,PD,D
9:05:20,PTBA,RG,2660,10,D,PD,PD,D
9:05:20,PTBA,RG,2660,10,D,GR,PD,D
9:05:20,PTBA,RG,2660,42,D,PG,PD,D
9:05:20,PTBA,RG,2660,28,D,PG,EP,D
9:05:20,PTBA,RG,2660,430,D,PG,EP,D
9:05:20,PTBA,RG,2660,1,D,YB,EP,D
9:05:20,PTBA,RG,2660,10,D,PD,EP,D
9:05:20,PTBA,RG,2660,1,D,PD,EP,D
9:05:20,PTBA,RG,2660,10,D,PD,EP,D
9:05:20,PTBA,RG,2660,2,D,PD,EP,D
9:05:20,PTBA,RG,2660,20,D,PD,EP,D
9:05:20,PTBA,RG,2660,1,D,PD,EP,D
9:05:20,PTBA,RG,2660,1,D,PD,EP,D
9:05:20,PTBA,RG,2660,3,D,DH,EP,D
9:05:20,PTBA,RG,2660,3,D,PD,EP,D
9:05:20,PTBA,RG,2660,10,D,DX,EP,D
9:05:20,PTBA,RG,2660,20,D,KK,EP,D
9:05:20,PTBA,RG,2660,3,D,CP,EP,D
9:05:20,PTBA,RG,2660,1,D,YB,EP,D
9:05:20,PTBA,RG,2660,1,D,PD,EP,D
9:05:20,PTBA,RG,2660,39,D,TP,EP,D
9:05:19,PTBA,RG,2670,45,D,YP,EP,D
9:05:15,PTBA,RG,2670,15,D,PD,EP,D
9:05:03,PTBA,RG,2670,30,D,PD,EP,D
9:05:03,PTBA,RG,2670,2,D,PD,EP,D
9:05:00,PTBA,RG,2660,2,D,TP,NI,D
9:05:00,PTBA,RG,2660,9,D,TP,CC,D
9:05:00,PTBA,RG,2660,1,D,XC,CC,D
9:04:57,PTBA,RG,2670,3,D,YP,EP,D
9:04:47,PTBA,RG,2670,3,D,XC,EP,D
9:04:37,PTBA,RG,2670,1,D,XC,EP,D
9:04:34,PTBA,RG,2670,8,D,NI,BK,F
9:04:34,PTBA,RG,2670,25,D,KK,BK,F
9:04:34,PTBA,RG,2670,21,D,CC,BK,F
9:04:34,PTBA,RG,2670,2,D,YP,BK,F
9:04:34,PTBA,RG,2670,3,D,YP,BK,F
9:04:34,PTBA,RG,2670,10,D,SQ,BK,F
9:04:34,PTBA,RG,2670,11,D,EP,BK,F
9:04:34,PTBA,RG,2670,3,D,XC,BK,F
9:04:34,PTBA,RG,2670,1,D,XC,BK,F
9:04:34,PTBA,RG,2670,2,D,KK,BK,F
9:04:33,PTBA,RG,2670,8,D,KK,EP,D
9:04:33,PTBA,RG,2670,15,D,CC,EP,D
9:04:33,PTBA,RG,2670,5,D,YP,EP,D
9:04:33,PTBA,RG,2670,2,D,XA,EP,D
9:04:33,PTBA,RG,2670,3,D,PD,EP,D
9:04:33,PTBA,RG,2670,2,D,XA,EP,D
9:04:33,PTBA,RG,2670,8,D,NI,EP,D
9:04:33,PTBA,RG,2670,10,D,NI,EP,D
9:04:33,PTBA,RG,2670,1,D,XC,EP,D
9:04:33,PTBA,RG,2670,9,D,EP,EP,D
9:04:33,PTBA,RG,2670,100,D,YP,EP,D
9:04:33,PTBA,RG,2670,10,D,XC,EP,D
9:04:33,PTBA,RG,2670,1,D,PD,EP,D
9:04:33,PTBA,RG,2670,11,D,YP,EP,D
9:04:33,PTBA,RG,2670,1,D,YP,EP,D
9:04:33,PTBA,RG,2670,93,D,MI,EP,D
9:04:23,PTBA,RG,2680,2,D,YP,AK,F
9:04:18,PTBA,RG,2670,2,D,MI,XC,D
9:04:15,PTBA,RG,2670,20,D,MI,XC,D
9:04:11,PTBA,RG,2670,3,D,MI,CC,D
9:04:10,PTBA,RG,2670,6,D,MI,YB,D
9:04:05,PTBA,RG,2670,376,D,MI,GR,D
9:04:05,PTBA,RG,2670,5,D,PD,GR,D
9:04:05,PTBA,RG,2670,30,D,YP,GR,D
9:04:05,PTBA,RG,2670,1,D,PD,GR,D
9:04:05,PTBA,RG,2670,10,D,CC,GR,D
9:04:05,PTBA,RG,2670,3,D,CC,GR,D
9:04:05,PTBA,RG,2670,1,D,CC,GR,D
9:04:05,PTBA,RG,2670,1,D,PD,GR,D
9:04:05,PTBA,RG,2670,1,D,DH,GR,D
9:04:05,PTBA,RG,2670,10,D,GR,GR,D
9:04:05,PTBA,RG,2670,4,D,XC,GR,D
9:04:05,PTBA,RG,2670,10,D,PD,GR,D
9:04:05,PTBA,RG,2670,5,D,PD,GR,D
9:04:05,PTBA,RG,2670,440,D,PG,GR,D
9:03:57,PTBA,RG,2670,48,D,PG,YP,D
9:03:57,PTBA,RG,2670,2,D,YU,YP,D
9:03:57,PTBA,RG,2670,1,D,YU,CC,D
9:03:46,PTBA,RG,2670,2,D,PD,XC,D
9:03:30,PTBA,RG,2680,11,D,EP,AK,F
9:03:27,PTBA,RG,2670,8,D,PD,AT,D
9:03:27,PTBA,RG,2670,15,D,PD,AT,D
9:03:27,PTBA,RG,2670,2,D,DR,AT,D
9:03:27,PTBA,RG,2670,1,D,PD,AT,D
9:03:27,PTBA,RG,2670,15,D,PD,AT,D
9:03:27,PTBA,RG,2670,1,D,PD,AT,D
9:03:27,PTBA,RG,2670,20,D,XL,AT,D
9:03:27,PTBA,RG,2670,10,D,PD,AT,D
9:03:27,PTBA,RG,2670,1,D,PD,AT,D
9:03:27,PTBA,RG,2670,2,D,PD,AT,D
9:03:27,PTBA,RG,2670,1,D,PD,AT,D
9:03:27,PTBA,RG,2670,1,D,AZ,AT,D
9:03:27,PTBA,RG,2670,10,D,PD,AT,D
9:03:27,PTBA,RG,2670,1,D,KK,AT,D
9:03:27,PTBA,RG,2670,10,D,DX,AT,D
9:03:27,PTBA,RG,2670,1,D,XC,AT,D
9:03:27,PTBA,RG,2670,1,D,PD,AT,D
9:02:49,PTBA,RG,2680,50,D,XC,AK,F
9:02:41,PTBA,RG,2680,4,D,YP,AK,F
9:02:41,PTBA,RG,2680,1,D,YP,CC,D
9:02:35,PTBA,RG,2680,8,D,NI,CC,D
9:02:30,PTBA,RG,2680,1,D,AG,CC,D
9:02:26,PTBA,RG,2680,19,D,YP,AK,F
9:02:25,PTBA,RG,2680,11,D,YP,CC,D
9:02:25,PTBA,RG,2680,20,D,CC,CC,D
9:02:25,PTBA,RG,2680,1,D,PD,CC,D
9:02:25,PTBA,RG,2680,10,D,CC,CC,D
9:02:25,PTBA,RG,2680,7,D,CC,CC,D
9:02:25,PTBA,RG,2680,5,D,NI,CC,D
9:02:25,PTBA,RG,2680,27,D,NI,CC,D
9:02:25,PTBA,RG,2680,5,D,XL,CC,D
9:02:25,PTBA,RG,2680,14,D,YP,CC,D
9:02:25,PTBA,RG,2680,6,D,YP,PD,D
9:02:25,PTBA,RG,2680,1,D,YP,PD,D
9:02:25,PTBA,RG,2680,1,D,NI,PD,D
9:02:25,PTBA,RG,2680,2,D,XC,PD,D
9:02:25,PTBA,RG,2680,1,D,XC,PD,D
9:02:25,PTBA,RG,2680,16,D,XL,PD,D
9:02:25,PTBA,RG,2680,1,D,AT,PD,D
9:02:25,PTBA,RG,2680,2,D,EP,PD,D
9:02:25,PTBA,RG,2680,18,D,EP,AK,F
9:02:25,PTBA,RG,2680,3,D,EP,AK,F
9:02:25,PTBA,RG,2680,19,D,KK,AK,F
9:02:25,PTBA,RG,2680,1,D,PD,AK,F
9:02:25,PTBA,RG,2680,30,D,YP,AK,F
9:02:25,PTBA,RG,2680,1,D,YP,AK,F
9:02:25,PTBA,RG,2680,21,D,YP,AK,F
9:02:12,PTBA,RG,2680,5,D,YP,XC,D
9:02:01,PTBA,RG,2690,4,D,CC,YP,D
9:01:48,PTBA,RG,2680,12,D,YP,CC,D
9:01:48,PTBA,RG,2680,1,D,YP,CC,D
9:01:48,PTBA,RG,2680,10,D,CC,CC,D
9:01:48,PTBA,RG,2680,2,D,CC,CC,D
9:01:48,PTBA,RG,2680,2,D,XC,CC,D
9:01:48,PTBA,RG,2680,37,D,PD,CC,D
9:01:48,PTBA,RG,2680,5,D,PD,CC,D
9:01:48,PTBA,RG,2680,31,D,PD,CC,D
9:01:42,PTBA,RG,2680,9,D,PD,PD,D
9:01:41,PTBA,RG,2680,111,D,PD,YP,D
9:01:41,PTBA,RG,2680,10,D,AT,YP,D
9:01:41,PTBA,RG,2680,6,D,GR,YP,D
9:01:41,PTBA,RG,2680,10,D,PD,YP,D
9:01:41,PTBA,RG,2680,11,D,KK,YP,D
9:01:41,PTBA,RG,2680,2,D,KK,YP,D
9:01:41,PTBA,RG,2680,1,D,PD,YP,D
9:01:41,PTBA,RG,2680,1,D,BQ,YP,D
9:01:41,PTBA,RG,2680,4,D,XL,YP,D
9:01:41,PTBA,RG,2680,18,D,SQ,YP,D
9:01:41,PTBA,RG,2680,10,D,GR,YP,D
9:01:41,PTBA,RG,2680,1,D,XL,YP,D
9:01:41,PTBA,RG,2680,8,D,EP,YP,D
9:01:41,PTBA,RG,2680,4,D,XC,YP,D
9:01:41,PTBA,RG,2680,5,D,DX,YP,D
9:01:41,PTBA,RG,2680,1,D,YB,YP,D
9:01:41,PTBA,RG,2680,1,D,EP,YP,D
9:01:41,PTBA,RG,2680,1,D,YB,YP,D
9:01:41,PTBA,RG,2680,100,D,EP,YP,D
9:01:37,PTBA,RG,2690,5,D,YP,YP,D
9:01:35,PTBA,RG,2690,5,D,NI,YP,D
9:01:22,PTBA,RG,2690,1,D,EP,YP,D
9:01:20,PTBA,RG,2690,1,D,CC,YP,D
9:01:15,PTBA,RG,2690,4,D,YP,YP,D
9:01:12,PTBA,RG,2690,20,D,YP,YP,D
9:01:10,PTBA,RG,2690,20,D,YP,YP,D
9:01:10,PTBA,RG,2690,487,D,DR,YP,D
9:01:09,PTBA,RG,2690,20,D,DR,CC,F
9:01:09,PTBA,RG,2690,10,D,DR,SQ,D
9:01:09,PTBA,RG,2690,24,D,DR,BK,F
9:01:09,PTBA,RG,2690,15,D,DR,ID,D
9:01:09,PTBA,RG,2690,444,D,DR,KK,D
9:01:04,PTBA,RG,2690,1,D,EP,KK,D
9:00:52,PTBA,RG,2690,1,D,DR,KK,D
9:00:35,PTBA,RG,2690,1,D,CC,KK,D
9:00:35,PTBA,RG,2690,10,D,CC,KK,D
9:00:35,PTBA,RG,2690,2,D,AT,KK,D
9:00:35,PTBA,RG,2690,10,D,KK,KK,D
9:00:35,PTBA,RG,2690,10,D,CC,KK,D
9:00:35,PTBA,RG,2690,2,D,YP,KK,D
9:00:35,PTBA,RG,2690,1019,D,DR,KK,D
9:00:32,PTBA,RG,2690,2,D,DR,CC,D
9:00:32,PTBA,RG,2690,25,D,DR,CC,D
9:00:31,PTBA,RG,2690,599,D,DR,MI,D
9:00:16,PTBA,RG,2690,130,D,DR,AK,F
9:00:15,PTBA,RG,2690,35,D,DR,KK,D
9:00:14,PTBA,RG,2690,1,D,DR,PD,D
9:00:14,PTBA,RG,2690,10,D,DR,KK,D
9:00:13,PTBA,RG,2690,3,D,DR,NI,D
9:00:11,PTBA,RG,2690,95,D,DR,CC,D
9:00:10,PTBA,RG,2690,11,D,DR,XC,D
9:00:09,PTBA,RG,2690,71,D,DR,PD,D
9:00:09,PTBA,RG,2690,15,D,DR,SQ,D
9:00:08,PTBA,RG,2690,900,D,DR,YP,D
9:00:07,PTBA,RG,2690,10,D,DR,RG,D
9:00:06,PTBA,RG,2690,14,D,DR,YP,D
9:00:06,PTBA,RG,2690,1,D,DR,YP,D
9:00:04,PTBA,RG,2690,350,D,DR,GR,D
9:00:04,PTBA,RG,2690,709,D,DR,KK,D
9:00:02,PTBA,RG,2690,10,D,EP,KK,D
9:00:01,PTBA,RG,2690,10,D,EP,KK,D
9:00:00,PTBA,RG,2690,50,D,EP,KK,D
8:55:00,PTBA,RG,2690,15,D,GR,KK,D
8:55:00,PTBA,RG,2690,10,D,PD,KK,D
8:55:00,PTBA,RG,2690,10,D,CC,KK,D
8:55:00,PTBA,RG,2690,147,D,CC,KK,D
8:55:00,PTBA,RG,2690,24,D,PD,KK,D
8:55:00,PTBA,RG,2690,1,D,XC,KK,D
8:55:00,PTBA,RG,2690,10,D,GR,KK,D
8:55:00,PTBA,RG,2690,4,D,YP,KK,D
8:55:00,PTBA,RG,2690,7,D,CC,YP,D
8:55:00,PTBA,RG,2690,2,D,XC,YP,D
8:55:00,PTBA,RG,2690,10,D,YP,YP,D
8:55:00,PTBA,RG,2690,1,F,ZP,YP,D
8:55:00,PTBA,RG,2690,2,F,ZP,YP,D
8:55:00,PTBA,RG,2690,10,F,ZP,SQ,D
8:55:00,PTBA,RG,2690,8,F,ZP,PD,D
8:55:00,PTBA,RG,2690,6,F,ZP,PD,D
8:55:00,PTBA,RG,2690,10,F,ZP,KK,D
8:55:00,PTBA,RG,2690,7,F,ZP,XC,D
8:55:00,PTBA,RG,2690,5,F,ZP,GR,D
8:55:00,PTBA,RG,2690,5,F,ZP,PD,D
8:55:00,PTBA,RG,2690,1,F,ZP,PD,D
8:55:00,PTBA,RG,2690,25,F,ZP,PD,D
8:55:00,PTBA,RG,2690,32,F,ZP,PD,D
8:55:00,PTBA,RG,2690,17,F,ZP,PD,D
8:55:00,PTBA,RG,2690,1,F,ZP,XL,D
8:55:00,PTBA,RG,2690,1,F,ZP,XL,D
8:55:00,PTBA,RG,2690,10,F,ZP,CC,D
8:55:00,PTBA,RG,2690,1,F,ZP,XL,D
8:55:00,PTBA,RG,2690,12,F,ZP,OD,D
8:55:00,PTBA,RG,2690,8,F,ZP,CC,D
8:55:00,PTBA,RG,2690,38,F,ZP,XL,D
8:55:00,PTBA,RG,2690,35,F,ZP,XL,D
8:55:00,PTBA,RG,2690,1,F,ZP,AZ,D