Time,Stock,Brd,Price,Qty,BT,BC,SC,ST
15:14:07,PTBA,RG,2600,50,D,AT,HP,D
15:13:47,PTBA,RG,2600,20,D,AT,NI,D
15:13:42,PTBA,RG,2600,328,D,AT,YJ,D
15:13:42,PTBA,RG,2600,5,D,AT,CC,D
15:13:42,PTBA,RG,2600,15,D,AT,OD,D
15:13:42,PTBA,RG,2600,434,D,AT,DH,D
15:13:40,PTBA,RG,2600,180,D,AT,DH,D
15:13:10,PTBA,RG,2600,9,D,KK,DH,D
15:12:31,PTBA,RG,2600,1,D,CC,DH,D
15:12:26,PTBA,RG,2600,30,D,CC,DH,D
15:12:25,PTBA,RG,2600,499,D,CC,DH,D
15:12:09,PTBA,RG,2600,3,D,KK,DH,D
15:12:04,PTBA,RG,2600,10,D,CC,DH,D
15:10:14,PTBA,RG,2600,1,D,XC,DH,D
15:10:04,PTBA,RG,2600,1,D,XL,DH,D
15:10:04,PTBA,RG,2600,1,D,YP,DH,D
15:10:04,PTBA,RG,2600,1,D,YP,DH,D
15:10:04,PTBA,RG,2600,1,D,YP,DH,D
15:10:04,PTBA,RG,2600,1,D,PD,DH,D
15:10:04,PTBA,RG,2600,1,D,YB,DH,D
15:10:04,PTBA,RG,2600,3,D,YP,DH,D
15:10:04,PTBA,RG,2600,10,D,IF,DH,D
15:10:04,PTBA,RG,2600,1,D,YP,DH,D
15:10:04,PTBA,RG,2600,20,D,YP,DH,D
15:10:04,PTBA,RG,2600,1,D,YP,DH,D
15:10:04,PTBA,RG,2600,12,D,CC,DH,D
15:10:04,PTBA,RG,2600,10,D,XC,DH,D
15:10:04,PTBA,RG,2600,1,D,DH,DH,D
15:10:04,PTBA,RG,2600,7,D,CC,DH,D
15:10:04,PTBA,RG,2600,1,D,SQ,DH,D
15:10:04,PTBA,RG,2600,2,D,XC,DH,D
15:10:04,PTBA,RG,2600,10,D,GR,DH,D
15:10:04,PTBA,RG,2600,169,F,CS,DH,D
15:10:04,PTBA,RG,2600,3,D,NI,DH,D
15:10:04,PTBA,RG,2600,1,D,NI,DH,D
15:10:04,PTBA,RG,2600,1,D,NI,DH,D
15:08:59,PTBA,RG,2600,208,F,CS,YP,D
15:08:40,PTBA,RG,2600,1,F,CS,XC,D
15:07:12,PTBA,RG,2600,600,F,CS,YP,D
15:06:29,PTBA,RG,2600,2,F,CS,XC,D
15:06:16,PTBA,RG,2600,50,F,CS,DX,D
15:05:01,PTBA,RG,2600,1,F,CS,XC,D
15:05:00,PTBA,RG,2600,1,F,CS,PD,D
15:05:00,PTBA,RG,2600,2,F,CS,YB,D
15:05:00,PTBA,RG,2600,1493,F,CS,DR,D
15:05:00,PTBA,RG,2600,1007,F,CS,DR,D
15:00:00,PTBA,RG,2600,188,F,CS,BK,F
15:00:00,PTBA,RG,2600,50,F,CS,CC,D
15:00:00,PTBA,RG,2600,50,F,CS,YP,D
15:00:00,PTBA,RG,2600,1,F,CS,YP,D
15:00:00,PTBA,RG,2600,1,F,CS,DR,D
15:00:00,PTBA,RG,2600,5,F,CS,DH,D
15:00:00,PTBA,RG,2600,168,F,CS,DH,D
15:00:00,PTBA,RG,2600,10,F,CS,OD,D
15:00:00,PTBA,RG,2600,70,F,CS,SQ,D
15:00:00,PTBA,RG,2600,1,F,CS,NI,D
15:00:00,PTBA,RG,2600,30,F,CS,PD,D
15:00:00,PTBA,RG,2600,30,F,CS,OD,D
15:00:00,PTBA,RG,2600,1,F,CS,SQ,D
15:00:00,PTBA,RG,2600,20,F,CS,NI,D
15:00:00,PTBA,RG,2600,40,F,CS,CC,D
15:00:00,PTBA,RG,2600,1,F,CS,OD,D
15:00:00,PTBA,RG,2600,2,F,CS,CC,D
15:00:00,PTBA,RG,2600,160,F,CS,PD,D
15:00:00,PTBA,RG,2600,2,F,CS,PD,D
15:00:00,PTBA,RG,2600,30,F,CS,CC,D
15:00:00,PTBA,RG,2600,10,F,CS,YU,D
15:00:00,PTBA,RG,2600,200,F,CS,CC,D
15:00:00,PTBA,RG,2600,10,F,CS,YP,D
15:00:00,PTBA,RG,2600,50,F,CS,YP,D
15:00:00,PTBA,RG,2600,4,F,CS,CC,D
15:00:00,PTBA,RG,2600,4,F,CS,CC,D
15:00:00,PTBA,RG,2600,290,F,CS,KK,D
15:00:00,PTBA,RG,2600,10,D,OD,KK,D
15:00:00,PTBA,RG,2600,1,D,PD,KK,D
15:00:00,PTBA,RG,2600,4,D,XC,KK,D
15:00:00,PTBA,RG,2600,4,D,PD,KK,D
15:00:00,PTBA,RG,2600,2,D,YP,KK,D
15:00:00,PTBA,RG,2600,10,D,XC,KK,D
15:00:00,PTBA,RG,2600,5,D,YP,KK,D
15:00:00,PTBA,RG,2600,2,D,YP,KK,D
15:00:00,PTBA,RG,2600,5,D,IF,KK,D
15:00:00,PTBA,RG,2600,95,D,YP,KK,D
15:00:00,PTBA,RG,2600,1,D,PD,KK,D
15:00:00,PTBA,RG,2600,5,D,YP,KK,D
15:00:00,PTBA,RG,2600,5,D,KK,KK,D
15:00:00,PTBA,RG,2600,34,D,CC,KK,D
15:00:00,PTBA,RG,2600,2,D,PD,KK,D
15:00:00,PTBA,RG,2600,2,D,YP,KK,D
15:00:00,PTBA,RG,2600,10,D,XC,KK,D
15:00:00,PTBA,RG,2600,8,D,XC,KK,D
15:00:00,PTBA,RG,2600,1,D,NI,KK,D
15:00:00,PTBA,RG,2600,104,D,OD,KK,D
15:00:00,PTBA,RG,2600,96,D,OD,BK,F
15:00:00,PTBA,RG,2600,234,D,OD,BK,F
15:00:00,PTBA,RG,2600,4,D,NI,BK,F
15:00:00,PTBA,RG,2600,5,D,YP,BK,F
15:00:00,PTBA,RG,2600,1,D,NI,BK,F
15:00:00,PTBA,RG,2600,50,D,YB,BK,F
15:00:00,PTBA,RG,2600,2,D,NI,BK,F
15:00:00,PTBA,RG,2600,46,D,YB,BK,F
15:00:00,PTBA,RG,2600,4,D,YB,CC,D
15:00:00,PTBA,RG,2600,15,D,YB,YP,D
15:00:00,PTBA,RG,2600,35,D,YB,AG,D
15:00:00,PTBA,RG,2600,800,D,YP,AG,D
15:00:00,PTBA,RG,2600,15,D,YP,PD,D
15:00:00,PTBA,RG,2600,5,D,YP,EP,D
15:00:00,PTBA,RG,2600,10,D,YP,YU,D
15:00:00,PTBA,RG,2600,20,D,YP,YP,D
15:00:00,PTBA,RG,2600,5,D,YP,NI,D
15:00:00,PTBA,RG,2600,2,D,YP,DR,D
15:00:00,PTBA,RG,2600,343,D,YP,PD,D
15:00:00,PTBA,RG,2600,2,D,XC,PD,D
15:00:00,PTBA,RG,2600,2,D,XC,PD,D
15:00:00,PTBA,RG,2600,88,D,KK,PD,D
15:00:00,PTBA,RG,2600,15,D,PD,PD,D
15:00:00,PTBA,RG,2600,150,D,YP,PD,D
15:00:00,PTBA,RG,2600,198,D,YP,XC,D
15:00:00,PTBA,RG,2600,55,D,YP,CC,D
15:00:00,PTBA,RG,2600,26,D,YP,BQ,D
15:00:00,PTBA,RG,2600,313,D,YP,KI,D
15:00:00,PTBA,RG,2600,1000,D,YP,DR,D
15:00:00,PTBA,RG,2600,41,D,YP,YP,D
15:00:00,PTBA,RG,2600,20,D,YP,CC,D
15:00:00,PTBA,RG,2600,8,D,YP,PD,D
15:00:00,PTBA,RG,2600,30,D,YP,CD,D
15:00:00,PTBA,RG,2600,1,D,YP,YP,D
15:00:00,PTBA,RG,2600,2,D,YP,YP,D
15:00:00,PTBA,RG,2600,334,D,YP,AK,F
15:00:00,PTBA,RG,2600,1,D,YP,BK,F
15:00:00,PTBA,RG,2600,72,D,YP,CS,F
15:00:00,PTBA,RG,2600,26,D,YP,CS,F
15:00:00,PTBA,RG,2600,302,D,YP,OD,D
15:00:00,PTBA,RG,2600,16,D,YP,OD,D
15:00:00,PTBA,RG,2600,405,D,YP,AK,F
15:00:00,PTBA,RG,2600,2,D,PD,AK,F
15:00:00,PTBA,RG,2600,1632,F,BK,AK,F
15:00:00,PTBA,RG,2600,1543,F,KZ,AK,F
15:00:00,PTBA,RG,2600,614,D,PD,AK,F
15:00:00,PTBA,RG,2600,88,D,BB,AK,F
15:00:00,PTBA,RG,2600,61,F,AK,AK,F
15:00:00,PTBA,RG,2600,51,F,AK,AK,F
15:00:00,PTBA,RG,2600,225,D,BB,AK,F
15:00:00,PTBA,RG,2600,1,F,AK,AK,F
15:00:00,PTBA,RG,2600,1,F,AK,AK,F
15:00:00,PTBA,RG,2600,1,F,AK,AK,F
15:00:00,PTBA,RG,2600,360,D,OD,AK,F
15:00:00,PTBA,RG,2600,219,D,YU,AK,F
15:00:00,PTBA,RG,2600,20,D,YU,AK,F
15:00:00,PTBA,RG,2600,42,D,YU,AK,F
15:00:00,PTBA,RG,2600,144,D,KZ,AK,F
15:00:00,PTBA,RG,2600,335,D,KZ,AK,F
15:00:00,PTBA,RG,2600,8,D,LG,AK,F
15:00:00,PTBA,RG,2600,9,D,LG,AK,F
15:00:00,PTBA,RG,2600,42,D,LG,AK,F
14:49:57,PTBA,RG,2600,1,D,PD,KK,D
14:49:53,PTBA,RG,2600,1,D,EP,KK,D
14:49:51,PTBA,RG,2600,25,F,BK,KK,D
14:49:47,PTBA,RG,2590,101,F,CC,YP,D
14:49:47,PTBA,RG,2600,32,F,BK,KK,D
14:49:45,PTBA,RG,2600,202,F,KZ,KK,D
14:49:44,PTBA,RG,2600,139,F,BK,KK,D
14:49:40,PTBA,RG,2590,5,F,KZ,NI,D
14:49:40,PTBA,RG,2590,240,F,KZ,AK,F
14:49:40,PTBA,RG,2590,160,F,KZ,BK,F
14:49:40,PTBA,RG,2590,550,F,KZ,NI,D
14:49:37,PTBA,RG,2590,24,F,BK,NI,D
14:49:37,PTBA,RG,2590,121,D,YP,NI,D
14:49:34,PTBA,RG,2590,114,F,BK,NI,D
14:49:33,PTBA,RG,2590,1000,F,BK,NI,D
14:49:32,PTBA,RG,2590,22,F,BK,NI,D
14:49:30,PTBA,RG,2590,1,D,BQ,NI,D
14:49:29,PTBA,RG,2590,481,F,BK,NI,D
14:49:27,PTBA,RG,2590,100,D,DR,NI,D
14:49:26,PTBA,RG,2590,1,F,AK,NI,D
14:49:26,PTBA,RG,2590,17,D,YP,NI,D
14:49:26,PTBA,RG,2590,10,D,PD,NI,D
14:49:26,PTBA,RG,2590,32,F,BK,NI,D
14:49:26,PTBA,RG,2590,5,D,YP,NI,D
14:49:26,PTBA,RG,2590,10,D,NI,NI,D
14:49:26,PTBA,RG,2590,7,D,GR,NI,D
14:49:26,PTBA,RG,2590,2,D,PD,NI,D
14:49:26,PTBA,RG,2590,5,D,NI,NI,D
14:49:26,PTBA,RG,2590,78,F,BK,NI,D
14:49:26,PTBA,RG,2590,20,D,YP,NI,D
14:49:26,PTBA,RG,2590,10,D,PD,NI,D
14:49:26,PTBA,RG,2590,1,D,PD,NI,D
14:49:26,PTBA,RG,2590,50,D,DH,NI,D
14:49:26,PTBA,RG,2590,2,D,KK,NI,D
14:49:26,PTBA,RG,2590,25,D,YP,NI,D
14:49:26,PTBA,RG,2590,177,D,XC,NI,D
14:49:26,PTBA,RG,2590,1,D,YB,NI,D
14:49:26,PTBA,RG,2590,1,D,KK,NI,D
14:49:26,PTBA,RG,2590,1,D,YP,NI,D
14:49:26,PTBA,RG,2590,10,D,PD,NI,D
14:49:26,PTBA,RG,2590,50,D,YJ,NI,D
14:49:26,PTBA,RG,2590,19,D,KK,NI,D
14:49:26,PTBA,RG,2590,5,D,AG,NI,D
14:49:26,PTBA,RG,2590,9,F,AK,NI,D
14:49:26,PTBA,RG,2590,100,D,PD,NI,D
14:49:26,PTBA,RG,2590,595,D,AG,NI,D
14:49:26,PTBA,RG,2590,235,D,AG,NI,D
14:49:26,PTBA,RG,2590,1,D,XC,NI,D
14:49:26,PTBA,RG,2590,4,D,YP,NI,D
14:49:26,PTBA,RG,2590,50,D,YU,NI,D
14:49:26,PTBA,RG,2590,6,D,YP,NI,D
14:49:26,PTBA,RG,2590,100,D,YP,NI,D
14:49:26,PTBA,RG,2590,10,D,SQ,NI,D
14:49:26,PTBA,RG,2590,1,D,GR,NI,D
14:49:26,PTBA,RG,2590,5,D,XL,NI,D
14:49:26,PTBA,RG,2590,1,D,PD,NI,D
14:49:26,PTBA,RG,2590,1866,D,YJ,NI,D
14:49:26,PTBA,RG,2590,77,D,YJ,YP,D
14:49:24,PTBA,RG,2590,1082,D,YJ,AK,F
14:49:18,PTBA,RG,2590,1,D,YJ,PD,D
14:49:15,PTBA,RG,2600,6,F,AK,AK,F
14:49:11,PTBA,RG,2600,3,F,AK,AK,F
14:49:11,PTBA,RG,2600,2,F,AK,AK,F
14:49:10,PTBA,RG,2600,1,F,KZ,AK,F
14:49:00,PTBA,RG,2600,1,F,AK,AK,F
14:48:56,PTBA,RG,2590,8,D,YJ,PD,D
14:48:54,PTBA,RG,2600,1,D,PD,AK,F
14:48:40,PTBA,RG,2600,216,F,KZ,AK,F
14:48:35,PTBA,RG,2590,20,D,YJ,OD,D
14:48:28,PTBA,RG,2600,9,D,YU,AK,F
14:48:18,PTBA,RG,2590,346,D,YJ,AK,F
14:48:18,PTBA,RG,2590,844,F,CS,AK,F
14:48:18,PTBA,RG,2600,4,D,NI,AK,F
14:48:10,PTBA,RG,2600,44,F,KZ,AK,F
14:48:08,PTBA,RG,2600,18,D,ZP,AK,F
14:48:08,PTBA,RG,2600,1,D,ZP,BK,F
14:48:08,PTBA,RG,2600,6,D,ZP,CS,F
14:48:08,PTBA,RG,2600,5,D,ZP,CS,F
14:48:08,PTBA,RG,2600,81,D,ZP,AK,F
14:48:00,PTBA,RG,2590,138,F,CS,AK,F
14:48:00,PTBA,RG,2600,130,F,KZ,AK,F
14:47:57,PTBA,RG,2600,1,D,LG,AK,F
14:47:46,PTBA,RG,2600,1,D,PD,AK,F
14:47:26,PTBA,RG,2590,2,F,CS,KK,D
14:47:13,PTBA,RG,2600,1,D,PD,AK,F
14:47:09,PTBA,RG,2600,10,D,CC,AK,F
14:47:09,PTBA,RG,2600,2,F,KZ,AK,F
14:47:09,PTBA,RG,2600,10,D,YP,AK,F
14:47:09,PTBA,RG,2600,338,F,KZ,AK,F
14:47:09,PTBA,RG,2600,164,F,KZ,AK,F
14:47:09,PTBA,RG,2600,220,D,PD,AK,F
14:47:05,PTBA,RG,2610,687,D,CC,KI,D
14:47:05,PTBA,RG,2610,12,D,CC,OD,D
14:47:05,PTBA,RG,2610,1,D,CC,PD,D
14:47:05,PTBA,RG,2610,5,D,CC,NI,D
14:47:05,PTBA,RG,2610,2,D,CC,PD,D
14:47:05,PTBA,RG,2610,13,D,CC,YJ,D
14:47:04,PTBA,RG,2600,280,D,PD,DR,D
14:47:04,PTBA,RG,2600,26,D,LG,DR,D
14:47:04,PTBA,RG,2600,4,D,LG,DR,D
14:47:04,PTBA,RG,2600,5,D,SQ,DR,D
14:47:04,PTBA,RG,2600,8,D,LG,DR,D
14:47:04,PTBA,RG,2600,2,D,LG,DR,D
14:47:04,PTBA,RG,2600,175,D,YP,DR,D
14:47:02,PTBA,RG,2600,2,D,YP,YP,D
14:46:57,PTBA,RG,2600,15,D,YP,TP,D
14:46:57,PTBA,RG,2600,4,D,YP,TP,D
14:46:57,PTBA,RG,2600,1,D,PD,TP,D
14:46:53,PTBA,RG,2600,2,D,PD,CC,D
14:46:53,PTBA,RG,2600,10,D,XC,CC,D
14:46:53,PTBA,RG,2600,1,D,PD,CC,D
14:46:53,PTBA,RG,2600,2,D,XC,CC,D
14:46:53,PTBA,RG,2600,1,F,AK,CC,D
14:46:53,PTBA,RG,2600,17,F,AK,CC,D
14:46:53,PTBA,RG,2600,67,F,KZ,CC,D
14:46:36,PTBA,RG,2600,350,F,KZ,SQ,D
14:46:24,PTBA,RG,2600,1,F,KZ,CC,D
14:46:19,PTBA,RG,2600,250,F,KZ,SQ,D
14:46:16,PTBA,RG,2600,68,F,KZ,AK,F
14:46:16,PTBA,RG,2600,15,F,KZ,AK,F
14:46:16,PTBA,RG,2600,45,F,KZ,AK,F
14:46:15,PTBA,RG,2600,20,F,KZ,PD,D
14:46:09,PTBA,RG,2600,684,F,KZ,AK,F
14:46:01,PTBA,RG,2610,7,D,IF,YJ,D
14:46:01,PTBA,RG,2610,2,D,IF,YB,D
14:45:54,PTBA,RG,2600,5,F,KZ,YP,D
14:45:48,PTBA,RG,2600,1,F,KZ,PD,D
14:45:44,PTBA,RG,2600,77,F,KZ,PD,D
14:45:42,PTBA,RG,2600,50,F,KZ,PD,D
14:45:37,PTBA,RG,2610,8,D,GR,YB,D
14:45:37,PTBA,RG,2610,318,D,GR,YJ,D
14:45:27,PTBA,RG,2600,51,F,KZ,GR,D
14:45:20,PTBA,RG,2600,10,F,KZ,GR,D
14:45:15,PTBA,RG,2600,1,F,KZ,SQ,D
14:44:58,PTBA,RG,2610,1,D,EP,YJ,D
14:44:47,PTBA,RG,2610,3,D,PD,YJ,D
14:44:21,PTBA,RG,2600,25,F,KZ,CC,D
14:44:20,PTBA,RG,2600,9,F,KZ,XC,D
14:44:15,PTBA,RG,2600,213,F,KZ,BK,F
14:44:15,PTBA,RG,2600,12,F,KZ,AK,F
14:44:15,PTBA,RG,2600,395,F,KZ,AK,F
14:44:15,PTBA,RG,2600,50,F,KZ,YU,D
14:44:15,PTBA,RG,2600,10,F,KZ,PD,D
14:44:15,PTBA,RG,2600,1,F,KZ,YP,D
14:44:15,PTBA,RG,2600,4,F,KZ,XC,D
14:44:15,PTBA,RG,2600,5,F,KZ,EP,D
14:44:15,PTBA,RG,2600,200,F,KZ,OD,D
14:44:15,PTBA,RG,2600,15,F,KZ,PD,D
14:44:15,PTBA,RG,2600,40,F,KZ,CC,D
14:44:15,PTBA,RG,2600,11,F,KZ,AK,F
14:44:15,PTBA,RG,2600,10,F,KZ,AK,F
14:44:15,PTBA,RG,2600,11,F,KZ,AK,F
14:44:15,PTBA,RG,2600,200,F,KZ,DR,D
14:44:05,PTBA,RG,2600,20,D,PD,SQ,D
14:44:00,PTBA,RG,2600,825,F,BK,SQ,D
14:43:58,PTBA,RG,2600,10000,F,BK,SQ,D
14:43:56,PTBA,RG,2600,2490,F,CS,SQ,D
14:43:55,PTBA,RG,2590,13,F,AK,CS,F
14:43:55,PTBA,RG,2590,1,F,AK,CS,F
14:43:55,PTBA,RG,2590,4,F,AK,CS,F
14:43:55,PTBA,RG,2590,15,F,BK,DR,D
14:43:55,PTBA,RG,2590,1,F,BK,CS,F
14:43:55,PTBA,RG,2590,1,F,BK,CS,F
14:43:55,PTBA,RG,2590,8,F,BK,CS,F
14:43:55,PTBA,RG,2590,10,F,BK,CC,D
14:43:55,PTBA,RG,2590,35,F,BK,YP,D
14:43:55,PTBA,RG,2590,6,F,BK,CS,F
14:43:55,PTBA,RG,2590,9,F,BK,CS,F
14:43:55,PTBA,RG,2590,10,F,BK,CS,F
14:43:55,PTBA,RG,2590,16,F,BK,AK,F
14:43:55,PTBA,RG,2590,3,F,BK,YP,D
14:43:54,PTBA,RG,2590,33,D,GR,YP,D
14:43:54,PTBA,RG,2590,473,D,GR,KK,D
14:43:54,PTBA,RG,2590,24,D,GR,AK,F
14:43:54,PTBA,RG,2590,4,D,GR,CS,F
14:43:54,PTBA,RG,2590,2145,D,GR,BK,F
14:43:54,PTBA,RG,2590,20,D,GR,EP,D
14:43:54,PTBA,RG,2590,1,D,GR,PD,D
14:43:54,PTBA,RG,2590,300,D,GR,AK,F
14:43:43,PTBA,RG,2590,70,D,PD,AK,F
14:43:43,PTBA,RG,2590,2,D,PD,BK,F
14:43:43,PTBA,RG,2590,3,D,PD,CS,F
14:43:43,PTBA,RG,2590,102,D,PD,AK,F
14:43:43,PTBA,RG,2590,4,D,PD,CS,F
14:43:43,PTBA,RG,2590,8,D,PD,CS,F
14:43:43,PTBA,RG,2590,1,D,PD,CS,F
14:43:43,PTBA,RG,2590,2,D,PD,CS,F
14:43:43,PTBA,RG,2590,308,D,PD,ES,D
14:43:33,PTBA,RG,2590,500,D,YP,ES,D
14:43:30,PTBA,RG,2580,1,D,XA,NI,D
14:43:21,PTBA,RG,2590,100,D,YU,ES,D
14:43:09,PTBA,RG,2580,309,D,XA,AK,F
14:43:09,PTBA,RG,2580,8,D,GR,AK,F
14:42:57,PTBA,RG,2590,71,D,PD,ES,D
14:42:56,PTBA,RG,2590,3,D,PD,ES,D
14:42:50,PTBA,RG,2590,1,D,XC,ES,D
14:42:50,PTBA,RG,2590,219,F,BK,ES,D
14:42:50,PTBA,RG,2590,20,D,OD,ES,D
14:42:50,PTBA,RG,2590,24,F,KZ,ES,D
14:42:50,PTBA,RG,2590,25,D,YP,ES,D
14:42:50,PTBA,RG,2590,10,D,YP,ES,D
14:42:50,PTBA,RG,2590,50,D,ZP,ES,D
14:42:50,PTBA,RG,2590,9,F,KZ,ES,D
14:42:50,PTBA,RG,2590,50,D,CC,ES,D
14:42:50,PTBA,RG,2590,96,F,KZ,ES,D
14:42:50,PTBA,RG,2590,500,D,KK,ES,D
14:42:50,PTBA,RG,2590,184,F,KZ,ES,D
14:42:50,PTBA,RG,2590,1044,F,BK,ES,D
14:42:50,PTBA,RG,2590,1,F,AK,ES,D
14:42:50,PTBA,RG,2590,4,F,KZ,ES,D
14:42:50,PTBA,RG,2590,2,D,DH,ES,D
14:42:50,PTBA,RG,2590,1,D,PD,ES,D
14:42:50,PTBA,RG,2590,1,D,YP,ES,D
14:42:50,PTBA,RG,2590,1,D,PD,ES,D
14:42:50,PTBA,RG,2590,12,F,AK,ES,D
14:42:50,PTBA,RG,2590,10,D,PD,ES,D
14:42:50,PTBA,RG,2590,1,D,XC,ES,D
14:42:50,PTBA,RG,2590,10,D,PD,ES,D
14:42:50,PTBA,RG,2590,5,D,PD,ES,D
14:42:50,PTBA,RG,2590,8,D,YP,ES,D
14:42:50,PTBA,RG,2590,2,D,NI,ES,D
14:42:50,PTBA,RG,2590,3,D,YP,ES,D
14:42:50,PTBA,RG,2590,100,D,SQ,ES,D
14:42:50,PTBA,RG,2590,1,D,NI,ES,D
14:42:50,PTBA,RG,2590,150,D,KK,ES,D
14:42:50,PTBA,RG,2590,1,D,NI,ES,D
14:42:50,PTBA,RG,2590,21,D,LG,ES,D
14:42:50,PTBA,RG,2590,4,D,LG,ES,D
14:42:50,PTBA,RG,2590,1,D,XC,ES,D
14:42:50,PTBA,RG,2590,1,D,DX,ES,D
14:42:50,PTBA,RG,2590,10,D,KK,ES,D
14:42:50,PTBA,RG,2590,856,F,CS,ES,D
14:42:50,PTBA,RG,2590,1,D,NI,ES,D
14:42:50,PTBA,RG,2590,1,D,PD,ES,D
14:42:50,PTBA,RG,2590,5,D,YP,ES,D
14:42:50,PTBA,RG,2590,100,D,CC,ES,D
14:42:50,PTBA,RG,2590,3,D,LG,ES,D
14:42:50,PTBA,RG,2590,30,D,KK,ES,D
14:42:50,PTBA,RG,2590,10,D,YP,ES,D
14:42:50,PTBA,RG,2590,1,D,YP,ES,D
14:42:50,PTBA,RG,2590,50,D,YP,ES,D
14:42:50,PTBA,RG,2590,1,D,EP,ES,D
14:42:50,PTBA,RG,2590,1,D,PC,ES,D
14:42:50,PTBA,RG,2590,1,D,PD,ES,D
14:42:50,PTBA,RG,2590,1,D,XC,ES,D
14:42:50,PTBA,RG,2590,4,D,KK,ES,D
14:42:50,PTBA,RG,2590,10,D,XC,ES,D
14:42:50,PTBA,RG,2590,5,D,PD,ES,D
14:42:50,PTBA,RG,2590,177,D,XC,ES,D
14:42:50,PTBA,RG,2590,1,D,YP,ES,D
14:42:50,PTBA,RG,2590,50,D,KK,ES,D
14:42:50,PTBA,RG,2590,50,D,YB,ES,D
14:42:50,PTBA,RG,2590,10,D,YP,ES,D
14:42:50,PTBA,RG,2590,5,D,DH,ES,D
14:42:50,PTBA,RG,2590,1,D,KK,ES,D
14:42:50,PTBA,RG,2590,1,D,YP,ES,D
14:42:50,PTBA,RG,2590,114,F,KZ,ES,D
14:42:50,PTBA,RG,2590,560,F,KZ,ES,D
14:42:50,PTBA,RG,2590,1,D,PD,ES,D
14:42:50,PTBA,RG,2590,2,D,PD,ES,D
14:42:50,PTBA,RG,2590,100,D,PD,ES,D
14:42:50,PTBA,RG,2590,1,D,PD,ES,D
14:42:50,PTBA,RG,2590,1000,D,YP,ES,D
14:42:50,PTBA,RG,2590,1,D,XC,ES,D
14:42:50,PTBA,RG,2590,1,D,XC,ES,D
14:42:50,PTBA,RG,2590,3,D,XC,ES,D
14:42:50,PTBA,RG,2590,30,D,YP,ES,D
14:42:50,PTBA,RG,2590,4,D,PD,ES,D
14:42:50,PTBA,RG,2590,5,D,KK,ES,D
14:42:50,PTBA,RG,2590,30,D,PD,ES,D
14:42:50,PTBA,RG,2590,3,D,DH,ES,D
14:42:50,PTBA,RG,2590,1,D,PD,ES,D
14:42:50,PTBA,RG,2590,1,D,XC,ES,D
14:42:50,PTBA,RG,2590,5,D,AZ,ES,D
14:42:50,PTBA,RG,2590,1,D,AZ,ES,D
14:42:50,PTBA,RG,2590,75,D,YB,ES,D
14:42:50,PTBA,RG,2590,10,D,DR,ES,D
14:42:50,PTBA,RG,2590,9,D,XC,ES,D
14:42:50,PTBA,RG,2590,10,D,XC,ES,D
14:42:50,PTBA,RG,2590,20,D,YP,ES,D
14:42:50,PTBA,RG,2590,10,D,XC,ES,D
14:42:50,PTBA,RG,2590,1,D,DR,ES,D
14:42:50,PTBA,RG,2590,14,D,XL,ES,D
14:42:50,PTBA,RG,2590,2,D,CC,ES,D
14:42:50,PTBA,RG,2590,1,D,YP,ES,D
14:42:50,PTBA,RG,2590,5,D,YP,ES,D
14:42:50,PTBA,RG,2590,3,D,XC,ES,D
14:42:50,PTBA,RG,2590,2,D,NI,ES,D
14:42:50,PTBA,RG,2590,1,D,PD,ES,D
14:42:50,PTBA,RG,2590,2,D,CC,ES,D
14:42:50,PTBA,RG,2590,10,D,LG,ES,D
14:42:50,PTBA,RG,2590,5,D,PD,ES,D
14:42:50,PTBA,RG,2590,18,D,XA,ES,D
14:42:33,PTBA,RG,2590,8,D,XA,YP,D
14:42:32,PTBA,RG,2590,5,D,XA,CS,F
14:42:32,PTBA,RG,2590,15,D,XA,XC,D
14:42:31,PTBA,RG,2600,2,D,XC,SQ,D
14:42:29,PTBA,RG,2590,8,D,XA,YP,D
14:42:29,PTBA,RG,2600,50,D,CC,SQ,D
14:42:02,PTBA,RG,2590,1,D,XA,NI,D
14:41:25,PTBA,RG,2590,145,D,XA,PD,D
14:41:25,PTBA,RG,2590,55,D,XA,PD,D
14:41:20,PTBA,RG,2600,105,D,YB,SQ,D
14:41:09,PTBA,RG,2590,145,D,XA,AK,F
14:41:09,PTBA,RG,2590,1,D,PD,AK,F
14:41:09,PTBA,RG,2590,2,D,CC,AK,F
14:41:09,PTBA,RG,2590,100,D,YP,AK,F
14:41:09,PTBA,RG,2590,1,D,XC,AK,F
14:41:09,PTBA,RG,2590,2,D,CC,AK,F
14:41:09,PTBA,RG,2590,1,D,PD,AK,F
14:41:09,PTBA,RG,2590,5,D,YP,AK,F
14:41:09,PTBA,RG,2590,1,D,YB,AK,F
14:41:09,PTBA,RG,2590,1,D,PD,AK,F
14:41:09,PTBA,RG,2590,5,D,YP,AK,F
14:41:09,PTBA,RG,2590,5,D,XC,AK,F
14:41:09,PTBA,RG,2590,1,D,YP,AK,F
14:41:09,PTBA,RG,2590,13,D,CC,AK,F
14:41:09,PTBA,RG,2590,30,D,GR,AK,F
14:41:09,PTBA,RG,2590,5,D,PD,AK,F
14:41:09,PTBA,RG,2590,1,D,PD,AK,F
14:41:09,PTBA,RG,2590,1,D,SQ,AK,F
14:41:09,PTBA,RG,2590,43,D,NI,AK,F
14:41:08,PTBA,RG,2600,38,D,YP,SQ,D
14:41:04,PTBA,RG,2600,1,D,XC,SQ,D
14:41:02,PTBA,RG,2590,7,D,NI,SQ,D
14:41:02,PTBA,RG,2590,3,D,NI,SQ,D
14:40:27,PTBA,RG,2600,1,F,KZ,SQ,D
14:40:27,PTBA,RG,2600,1,D,YP,SQ,D
14:40:27,PTBA,RG,2600,1,D,PD,SQ,D
14:40:27,PTBA,RG,2600,188,F,KZ,SQ,D
14:40:27,PTBA,RG,2600,9,D,YP,SQ,D
14:40:27,PTBA,RG,2600,1000,D,YJ,SQ,D
14:40:27,PTBA,RG,2600,56,F,AK,SQ,D
14:40:27,PTBA,RG,2600,88,F,KZ,SQ,D
14:40:27,PTBA,RG,2600,52,D,PD,SQ,D
14:40:16,PTBA,RG,2610,18,D,PD,YJ,D
14:40:08,PTBA,RG,2610,8,D,XC,YJ,D
14:39:55,PTBA,RG,2600,102,D,PD,AK,F
14:39:50,PTBA,RG,2600,30,D,PD,DR,D
14:39:38,PTBA,RG,2600,3,D,PD,YU,D
14:39:34,PTBA,RG,2600,313,D,PD,ES,D
14:39:34,PTBA,RG,2600,39,F,KZ,ES,D
14:39:34,PTBA,RG,2600,8,D,XC,ES,D
14:39:34,PTBA,RG,2600,10,D,PD,ES,D
14:39:34,PTBA,RG,2600,1,F,KZ,ES,D
14:39:34,PTBA,RG,2600,1,D,YP,ES,D
14:39:34,PTBA,RG,2600,2,D,PD,ES,D
14:39:34,PTBA,RG,2600,113,F,KZ,ES,D
14:39:34,PTBA,RG,2600,1,D,KK,ES,D
14:39:34,PTBA,RG,2600,250,D,DR,ES,D
14:39:34,PTBA,RG,2600,10,D,PD,ES,D
14:39:34,PTBA,RG,2600,1,D,KK,ES,D
14:39:34,PTBA,RG,2600,50,D,DH,ES,D
14:39:34,PTBA,RG,2600,100,D,CC,ES,D
14:39:34,PTBA,RG,2600,100,D,CC,ES,D
14:39:34,PTBA,RG,2600,372,F,KZ,ES,D
14:39:34,PTBA,RG,2600,2,F,AK,ES,D
14:39:34,PTBA,RG,2600,12,F,AK,ES,D
14:39:34,PTBA,RG,2600,2,D,PD,ES,D
14:39:34,PTBA,RG,2600,1,D,CC,ES,D
14:39:34,PTBA,RG,2600,1500,D,YJ,ES,D
14:39:34,PTBA,RG,2600,20,D,OD,ES,D
14:39:34,PTBA,RG,2600,1,D,PD,ES,D
14:39:34,PTBA,RG,2600,10,D,DR,ES,D
14:39:34,PTBA,RG,2600,81,F,KZ,ES,D
14:39:33,PTBA,RG,2600,1,F,KZ,YU,D
14:38:56,PTBA,RG,2610,1,D,XC,YJ,D
14:38:53,PTBA,RG,2600,20,F,KZ,NI,D
14:38:51,PTBA,RG,2610,1,D,YP,YJ,D
14:38:38,PTBA,RG,2610,204,D,XA,YJ,D
14:38:26,PTBA,RG,2600,5,F,KZ,NI,D
14:38:24,PTBA,RG,2600,16,F,KZ,PD,D
14:38:08,PTBA,RG,2600,3,F,KZ,PD,D
14:37:56,PTBA,RG,2600,15,F,KZ,PD,D
14:37:56,PTBA,RG,2600,20,F,KZ,KK,D
14:37:37,PTBA,RG,2600,5,F,KZ,YP,D
14:36:38,PTBA,RG,2600,11,F,CC,NI,D
14:36:38,PTBA,RG,2600,9,D,KK,NI,D
14:36:15,PTBA,RG,2600,1,D,KK,CC,D
14:36:15,PTBA,RG,2600,1,D,BQ,CC,D
14:36:15,PTBA,RG,2600,1,D,KK,CC,D
14:35:57,PTBA,RG,2600,1,D,KK,YP,D
14:35:57,PTBA,RG,2600,1,F,CC,YP,D
14:35:57,PTBA,RG,2600,58,F,CS,YP,D
14:35:55,PTBA,RG,2600,19,F,CS,XC,D
14:35:42,PTBA,RG,2600,8,F,CS,CS,F
14:35:42,PTBA,RG,2600,3,F,CS,CS,F
14:35:42,PTBA,RG,2600,6,F,CS,CS,F
14:35:42,PTBA,RG,2600,84,F,CS,AK,F
14:35:42,PTBA,RG,2600,10,F,CS,CS,F
14:35:42,PTBA,RG,2600,14,F,CS,CS,F
14:35:42,PTBA,RG,2600,679,F,CS,PD,D
14:35:41,PTBA,RG,2600,145,F,KZ,PD,D
14:35:41,PTBA,RG,2600,10,D,KK,PD,D
14:35:41,PTBA,RG,2600,12,D,KK,PD,D
14:35:41,PTBA,RG,2600,20,D,PD,PD,D
14:35:41,PTBA,RG,2600,190,F,KZ,PD,D
14:35:41,PTBA,RG,2600,5,D,CC,PD,D
14:35:41,PTBA,RG,2600,232,F,KZ,PD,D
14:35:41,PTBA,RG,2600,13,F,AK,PD,D
14:35:41,PTBA,RG,2600,2000,D,EP,PD,D
14:35:41,PTBA,RG,2600,1,D,HP,PD,D
14:35:41,PTBA,RG,2600,3,D,PD,PD,D
14:35:41,PTBA,RG,2600,2,D,NI,PD,D
14:35:41,PTBA,RG,2600,10,D,OD,PD,D
14:35:41,PTBA,RG,2600,111,F,KZ,PD,D
14:35:41,PTBA,RG,2600,10,D,PD,PD,D
14:35:41,PTBA,RG,2600,500,D,CP,PD,D
14:35:41,PTBA,RG,2600,1,F,AK,PD,D
14:35:41,PTBA,RG,2600,898,F,CS,PD,D
14:35:41,PTBA,RG,2600,20,D,NI,PD,D
14:35:41,PTBA,RG,2600,3,D,PD,PD,D
14:35:41,PTBA,RG,2600,2,F,CC,PD,D
14:35:41,PTBA,RG,2600,13,F,AK,PD,D
14:35:41,PTBA,RG,2600,2,D,XC,PD,D
14:35:10,PTBA,RG,2610,250,D,GR,YJ,D
14:35:07,PTBA,RG,2610,18,D,PD,YJ,D
14:35:04,PTBA,RG,2600,23,F,KZ,EP,D
14:34:45,PTBA,RG,2600,2,F,KZ,HP,D
14:34:27,PTBA,RG,2600,6,F,KZ,YP,D
14:34:06,PTBA,RG,2600,1,F,KZ,NI,D
14:33:56,PTBA,RG,2600,37,F,KZ,PD,D
14:33:29,PTBA,RG,2600,1,F,KZ,CC,D
14:33:22,PTBA,RG,2600,10,F,KZ,NI,D
14:33:19,PTBA,RG,2600,20,F,KZ,CC,D
14:33:17,PTBA,RG,2610,50,D,YP,YJ,D
14:33:09,PTBA,RG,2610,10,D,PD,YJ,D
14:33:06,PTBA,RG,2600,225,F,KZ,AK,F
14:33:05,PTBA,RG,2600,112,F,KZ,ES,D
14:33:05,PTBA,RG,2600,1,F,AK,ES,D
14:33:05,PTBA,RG,2600,1488,D,YP,ES,D
14:33:05,PTBA,RG,2600,980,F,BK,ES,D
14:33:05,PTBA,RG,2600,419,D,CP,ES,D
14:32:59,PTBA,RG,2610,50,D,YP,YJ,D
14:32:57,PTBA,RG,2600,1,D,CP,CC,D
14:32:51,PTBA,RG,2600,23,D,CP,XC,D
14:32:32,PTBA,RG,2600,57,D,CP,GR,D
14:32:32,PTBA,RG,2600,16,F,KZ,GR,D
14:32:32,PTBA,RG,2600,2,D,XC,GR,D
14:32:32,PTBA,RG,2600,177,F,KZ,GR,D
14:32:32,PTBA,RG,2600,1,F,AK,GR,D
14:32:32,PTBA,RG,2600,33,F,AK,GR,D
14:32:32,PTBA,RG,2600,714,F,CS,GR,D
14:32:25,PTBA,RG,2600,4,F,CS,NI,D
14:31:43,PTBA,RG,2600,8,F,CS,XC,D
14:31:42,PTBA,RG,2610,131,D,FS,YJ,D
14:31:42,PTBA,RG,2610,1,D,FS,BK,F
14:31:20,PTBA,RG,2610,1,D,PD,NI,D
14:31:20,PTBA,RG,2610,1,D,PD,ZP,D
14:31:08,PTBA,RG,2610,20,D,YP,ZP,D
14:30:38,PTBA,RG,2610,19,D,CC,ZP,D
14:30:37,PTBA,RG,2600,20,F,CS,YJ,D
14:30:32,PTBA,RG,2600,1,F,CS,YB,D
14:30:23,PTBA,RG,2610,68,D,PD,ZP,D
14:30:18,PTBA,RG,2600,4,F,CS,YP,D
14:30:18,PTBA,RG,2600,20,F,CS,YJ,D
14:30:10,PTBA,RG,2610,18,D,PD,ZP,D
14:30:06,PTBA,RG,2600,14,F,CS,NI,D
14:30:01,PTBA,RG,2600,1,F,CS,YP,D
14:30:00,PTBA,RG,2610,1,D,KK,ZP,D
14:29:50,PTBA,RG,2600,1,F,CS,CS,F
14:29:50,PTBA,RG,2600,2,F,CS,CS,F
14:29:50,PTBA,RG,2600,3,F,CS,CS,F
14:29:50,PTBA,RG,2600,2,F,CS,CS,F
14:29:50,PTBA,RG,2600,16,F,CS,CS,F
14:29:50,PTBA,RG,2600,106,F,CS,ES,D
14:29:50,PTBA,RG,2600,1,F,AK,ES,D
14:29:50,PTBA,RG,2600,1,F,AK,ES,D
14:29:50,PTBA,RG,2600,16,F,AK,ES,D
14:29:50,PTBA,RG,2600,35,F,AK,ES,D
14:29:49,PTBA,RG,2600,2,F,KZ,ES,D
14:29:49,PTBA,RG,2600,1,D,YP,ES,D
14:29:49,PTBA,RG,2600,2,D,NI,ES,D
14:29:49,PTBA,RG,2600,5,F,KZ,ES,D
14:29:49,PTBA,RG,2600,16,D,YP,ES,D
14:29:49,PTBA,RG,2600,6,F,KZ,ES,D
14:29:49,PTBA,RG,2600,36,F,KZ,ES,D
14:29:49,PTBA,RG,2600,200,D,LG,ES,D
14:29:49,PTBA,RG,2600,4,D,GR,ES,D
14:29:49,PTBA,RG,2600,1,D,XC,ES,D
14:29:49,PTBA,RG,2600,50,D,YP,ES,D
14:29:49,PTBA,RG,2600,25,D,YJ,ES,D
14:29:49,PTBA,RG,2600,214,F,KZ,ES,D
14:29:49,PTBA,RG,2600,100,D,DH,ES,D
14:29:49,PTBA,RG,2600,1,F,AK,ES,D
14:29:49,PTBA,RG,2600,14,F,AK,ES,D
14:29:49,PTBA,RG,2600,10,D,PD,ES,D
14:29:49,PTBA,RG,2600,178,F,KZ,ES,D
14:29:49,PTBA,RG,2600,913,F,CS,ES,D
14:29:49,PTBA,RG,2600,401,F,KZ,ES,D
14:29:49,PTBA,RG,2600,69,F,KZ,ES,D
14:29:49,PTBA,RG,2600,1,F,AK,ES,D
14:29:49,PTBA,RG,2600,13,F,AK,ES,D
14:29:49,PTBA,RG,2600,837,F,AK,ES,D
14:29:49,PTBA,RG,2600,742,F,CS,ES,D
14:29:30,PTBA,RG,2610,1,F,AK,ZP,D
14:29:16,PTBA,RG,2610,2,D,NI,ZP,D
14:29:14,PTBA,RG,2600,1,F,CS,PD,D
14:29:09,PTBA,RG,2610,2,D,YP,ZP,D
14:28:57,PTBA,RG,2600,166,F,CS,XC,D
14:28:57,PTBA,RG,2600,32,F,KZ,XC,D
14:28:38,PTBA,RG,2610,12,D,GR,ZP,D
14:28:24,PTBA,RG,2600,9,F,KZ,YP,D
14:28:17,PTBA,RG,2610,8,D,XC,ZP,D
14:28:03,PTBA,RG,2610,3,D,PD,ZP,D
14:28:00,PTBA,RG,2610,13,F,KZ,ZP,D
14:27:21,PTBA,RG,2610,1,D,PD,ZP,D
14:26:30,PTBA,RG,2610,1,D,PD,ZP,D
14:26:30,PTBA,RG,2610,12,F,AK,ZP,D
14:26:25,PTBA,RG,2600,4,F,KZ,CS,F
14:26:25,PTBA,RG,2600,5,F,KZ,CS,F
14:26:25,PTBA,RG,2600,3,F,KZ,CS,F
14:26:25,PTBA,RG,2600,11,F,KZ,AK,F
14:26:25,PTBA,RG,2600,168,F,KZ,AK,F
14:26:24,PTBA,RG,2600,9,F,BK,AK,F
14:26:24,PTBA,RG,2600,10,F,BK,CS,F
14:26:24,PTBA,RG,2600,500,F,BK,TP,D
14:26:24,PTBA,RG,2600,3,F,BK,CS,F
14:26:24,PTBA,RG,2600,4,F,BK,XC,D
14:26:24,PTBA,RG,2600,4,F,BK,DR,D
14:26:24,PTBA,RG,2600,5,F,BK,CS,F
14:26:24,PTBA,RG,2600,400,F,BK,PD,D
14:26:24,PTBA,RG,2600,5,F,BK,HP,D
14:26:24,PTBA,RG,2600,4,F,BK,CC,D
14:26:24,PTBA,RG,2600,1,F,BK,CS,F
14:26:24,PTBA,RG,2600,3,F,BK,CS,F
14:26:24,PTBA,RG,2600,1,F,BK,GR,D
14:26:24,PTBA,RG,2600,1,F,BK,CS,F
14:26:24,PTBA,RG,2600,9,F,BK,CS,F
14:26:24,PTBA,RG,2600,1,F,BK,YU,D
14:26:24,PTBA,RG,2600,10,F,BK,XC,D
14:26:24,PTBA,RG,2600,1,F,BK,BK,F
14:26:24,PTBA,RG,2600,1,F,BK,OD,D
14:26:24,PTBA,RG,2600,35,F,BK,CC,D
14:26:24,PTBA,RG,2600,3,F,BK,CS,F
14:26:24,PTBA,RG,2600,6,F,BK,CS,F
14:26:24,PTBA,RG,2600,5,F,BK,YP,D
14:26:24,PTBA,RG,2600,2,F,BK,YP,D
14:26:24,PTBA,RG,2600,1,F,BK,YU,D
14:26:24,PTBA,RG,2600,8,F,BK,CS,F
14:26:24,PTBA,RG,2600,10,F,BK,NI,D
14:26:24,PTBA,RG,2600,6,F,BK,CS,F
14:26:24,PTBA,RG,2600,1,F,BK,CS,F
14:26:24,PTBA,RG,2600,13,F,BK,AK,F
14:26:24,PTBA,RG,2600,669,F,BK,BK,F
14:26:23,PTBA,RG,2600,137,F,KZ,BK,F
14:26:23,PTBA,RG,2600,16,F,KZ,AK,F
14:26:23,PTBA,RG,2600,98,F,KZ,AK,F
14:26:23,PTBA,RG,2600,1,F,KZ,BK,F
14:26:23,PTBA,RG,2600,6,F,KZ,CS,F
14:26:23,PTBA,RG,2600,1742,F,KZ,BK,F
14:26:00,PTBA,RG,2590,2,D,NI,CC,D
14:26:00,PTBA,RG,2590,1,D,YP,CC,D
14:26:00,PTBA,RG,2590,5,D,PD,CC,D
14:26:00,PTBA,RG,2590,10,D,PD,CC,D
14:26:00,PTBA,RG,2590,82,D,DH,CC,D
14:25:20,PTBA,RG,2600,249,D,YJ,BK,F
14:25:11,PTBA,RG,2600,19,D,PD,BK,F
14:24:55,PTBA,RG,2590,1,D,DH,GR,D
14:24:21,PTBA,RG,2590,4,D,DH,DR,D
14:24:17,PTBA,RG,2600,10,D,CC,BK,F
14:24:09,PTBA,RG,2600,5,D,CC,BK,F
14:23:58,PTBA,RG,2600,1,D,NI,BK,F
14:23:52,PTBA,RG,2600,15,D,CC,BK,F
14:23:18,PTBA,RG,2600,3,D,PD,BK,F
14:23:16,PTBA,RG,2600,2,D,NI,BK,F
14:23:01,PTBA,RG,2600,1,D,PD,BK,F
14:22:49,PTBA,RG,2590,13,D,DH,YP,D
14:22:49,PTBA,RG,2590,4,D,PD,YP,D
14:22:49,PTBA,RG,2590,10,D,OD,YP,D
14:22:49,PTBA,RG,2590,4,D,KK,YP,D
14:22:49,PTBA,RG,2590,169,D,AI,YP,D
14:22:47,PTBA,RG,2590,31,D,AI,PD,D
14:22:47,PTBA,RG,2590,4,D,YP,PD,D
14:22:47,PTBA,RG,2590,5,D,PD,PD,D
14:22:47,PTBA,RG,2590,20,D,CC,PD,D
14:22:47,PTBA,RG,2590,1,D,YP,PD,D
14:22:47,PTBA,RG,2590,39,D,LG,PD,D
14:22:28,PTBA,RG,2590,5,D,LG,PD,D
14:22:23,PTBA,RG,2600,50,D,YP,BK,F
14:22:15,PTBA,RG,2600,20,D,YP,BK,F
14:22:06,PTBA,RG,2600,46,D,NI,BK,F
14:21:53,PTBA,RG,2590,7,D,LG,YB,D
14:21:53,PTBA,RG,2590,1,D,XC,YB,D
14:21:53,PTBA,RG,2590,4,D,DX,YB,D
14:21:53,PTBA,RG,2590,30,D,DR,YB,D
14:21:53,PTBA,RG,2590,18,D,CC,YB,D
14:21:53,PTBA,RG,2590,10,D,PD,YB,D
14:21:53,PTBA,RG,2590,35,D,MK,YB,D
14:21:53,PTBA,RG,2590,10,D,YP,YB,D
14:21:53,PTBA,RG,2590,350,D,KK,YB,D
14:21:33,PTBA,RG,2600,68,D,PD,BK,F
14:21:32,PTBA,RG,2600,15,D,SQ,BK,F
14:21:06,PTBA,RG,2600,50,D,CC,BK,F
14:21:03,PTBA,RG,2590,6,D,KK,PD,D
14:20:57,PTBA,RG,2600,5,D,PD,BK,F
14:20:53,PTBA,RG,2600,23,D,XC,BK,F
14:20:50,PTBA,RG,2600,1,D,XC,BK,F
14:20:45,PTBA,RG,2600,1,D,YP,BK,F
14:20:33,PTBA,RG,2600,2,D,XC,BK,F
14:20:33,PTBA,RG,2600,2,D,PD,BK,F
14:20:29,PTBA,RG,2600,1,D,PD,BK,F
14:20:25,PTBA,RG,2600,10,D,NI,BK,F
14:20:16,PTBA,RG,2590,3,D,KK,XC,D
14:20:15,PTBA,RG,2600,2,D,PD,BK,F
14:20:10,PTBA,RG,2600,18,D,PD,BK,F
14:20:05,PTBA,RG,2590,54,D,KK,LG,D
14:20:05,PTBA,RG,2600,16,D,NI,BK,F
14:20:05,PTBA,RG,2600,2,D,NI,CS,F
14:20:05,PTBA,RG,2600,1,D,NI,YU,D
14:20:05,PTBA,RG,2600,1,D,NI,YU,D
14:19:51,PTBA,RG,2590,60,D,KK,PD,D
14:19:48,PTBA,RG,2600,1,D,YP,YU,D
14:19:45,PTBA,RG,2600,1,D,YP,YU,D
14:18:54,PTBA,RG,2600,25,D,YJ,AK,F
14:18:54,PTBA,RG,2600,2,F,CC,AK,F
14:18:54,PTBA,RG,2600,14,F,AK,AK,F
14:18:39,PTBA,RG,2600,1,F,AK,BK,F
14:18:39,PTBA,RG,2600,10,F,KZ,BK,F
14:18:39,PTBA,RG,2600,5,D,PD,BK,F
14:18:39,PTBA,RG,2600,50,D,YP,BK,F
14:18:39,PTBA,RG,2600,20,D,XC,BK,F
14:18:39,PTBA,RG,2600,4,D,KK,BK,F
14:18:39,PTBA,RG,2600,80,D,CC,BK,F
14:18:39,PTBA,RG,2600,155,D,XC,BK,F
14:18:39,PTBA,RG,2600,6,D,CC,BK,F
14:18:39,PTBA,RG,2600,247,D,XC,BK,F
14:18:38,PTBA,RG,2600,109,D,XC,ES,D
14:18:38,PTBA,RG,2600,5,D,PD,ES,D
14:18:38,PTBA,RG,2600,50,D,YP,ES,D
14:18:38,PTBA,RG,2600,8,D,YP,ES,D
14:18:38,PTBA,RG,2600,5,D,PD,ES,D
14:18:38,PTBA,RG,2600,10,D,YP,ES,D
14:18:38,PTBA,RG,2600,2,D,PD,ES,D
14:18:38,PTBA,RG,2600,1,D,XC,ES,D
14:18:38,PTBA,RG,2600,20,D,PD,ES,D
14:18:38,PTBA,RG,2600,50,D,YJ,ES,D
14:18:38,PTBA,RG,2600,100,D,KK,ES,D
14:18:38,PTBA,RG,2600,1,D,PD,ES,D
14:18:38,PTBA,RG,2600,1,D,NI,ES,D
14:18:38,PTBA,RG,2600,5,D,PD,ES,D
14:18:38,PTBA,RG,2600,1,D,YP,ES,D
14:18:38,PTBA,RG,2600,84,D,LG,ES,D
14:18:38,PTBA,RG,2600,15,D,LG,ES,D
14:18:38,PTBA,RG,2600,1,D,AZ,ES,D
14:18:38,PTBA,RG,2600,5,D,GR,ES,D
14:18:38,PTBA,RG,2600,5,D,PD,ES,D
14:18:38,PTBA,RG,2600,4,D,KK,ES,D
14:18:38,PTBA,RG,2600,1,D,PD,ES,D
14:18:38,PTBA,RG,2600,20,D,DH,ES,D
14:18:38,PTBA,RG,2600,10,D,YP,ES,D
14:18:38,PTBA,RG,2600,1,D,NI,ES,D
14:18:38,PTBA,RG,2600,2,D,XA,ES,D
14:18:38,PTBA,RG,2600,5,D,DH,ES,D
14:18:38,PTBA,RG,2600,10,D,YU,ES,D
14:18:38,PTBA,RG,2600,6,D,CC,ES,D
14:18:38,PTBA,RG,2600,5,D,YP,ES,D
14:18:38,PTBA,RG,2600,5,D,GR,ES,D
14:18:38,PTBA,RG,2600,4,D,XC,ES,D
14:18:38,PTBA,RG,2600,1,D,PD,ES,D
14:18:38,PTBA,RG,2600,10,D,CC,ES,D
14:18:38,PTBA,RG,2600,1,D,XC,ES,D
14:18:38,PTBA,RG,2600,649,F,CS,ES,D
14:18:38,PTBA,RG,2600,1,D,XL,ES,D
14:18:38,PTBA,RG,2600,1,D,PD,ES,D
14:18:38,PTBA,RG,2600,10,D,YP,ES,D
14:18:38,PTBA,RG,2600,200,F,AK,ES,D
14:18:38,PTBA,RG,2600,4,D,XC,ES,D
14:18:38,PTBA,RG,2600,5,D,YP,ES,D
14:18:38,PTBA,RG,2600,1,D,YP,ES,D
14:18:38,PTBA,RG,2600,20,D,YB,ES,D
14:18:38,PTBA,RG,2600,10,D,LG,ES,D
14:18:38,PTBA,RG,2600,5,D,PD,ES,D
14:18:38,PTBA,RG,2600,1,D,XC,ES,D
14:18:38,PTBA,RG,2600,3,D,LG,ES,D
14:18:38,PTBA,RG,2600,200,D,CC,ES,D
14:18:38,PTBA,RG,2600,7,D,EP,ES,D
14:18:38,PTBA,RG,2600,2,D,PD,ES,D
14:18:38,PTBA,RG,2600,1,D,AZ,ES,D
14:18:38,PTBA,RG,2600,1,D,XC,ES,D
14:18:38,PTBA,RG,2600,1,D,EP,ES,D
14:18:38,PTBA,RG,2600,1,D,PD,ES,D
14:18:38,PTBA,RG,2600,5,D,AT,ES,D
14:18:38,PTBA,RG,2600,16,F,AK,ES,D
14:18:38,PTBA,RG,2600,1,F,AK,ES,D
14:18:38,PTBA,RG,2600,100,D,YP,ES,D
14:18:38,PTBA,RG,2600,1,D,XC,ES,D
14:18:38,PTBA,RG,2600,10,D,PD,ES,D
14:18:38,PTBA,RG,2600,10,D,XC,ES,D
14:18:38,PTBA,RG,2600,10,D,YP,ES,D
14:18:38,PTBA,RG,2600,1,D,DH,ES,D
14:18:38,PTBA,RG,2600,3,D,PD,ES,D
14:18:38,PTBA,RG,2600,535,F,KZ,ES,D
14:18:38,PTBA,RG,2600,500,D,OD,ES,D
14:18:38,PTBA,RG,2600,3,D,YP,ES,D
14:18:38,PTBA,RG,2600,20,D,NI,ES,D
14:18:38,PTBA,RG,2600,5,D,CC,ES,D
14:18:38,PTBA,RG,2600,3,D,NI,ES,D
14:18:38,PTBA,RG,2600,1,D,XC,ES,D
14:18:38,PTBA,RG,2600,1,F,AK,ES,D
14:18:38,PTBA,RG,2600,10,F,AK,ES,D
14:18:38,PTBA,RG,2600,1,D,CC,ES,D
14:18:38,PTBA,RG,2600,4,D,XC,ES,D
14:18:38,PTBA,RG,2600,40,D,OD,ES,D
14:18:38,PTBA,RG,2600,1,D,XC,ES,D
14:18:38,PTBA,RG,2600,2,D,PD,ES,D
14:18:38,PTBA,RG,2600,1,D,PD,ES,D
14:18:38,PTBA,RG,2600,14,D,PD,ES,D
14:18:38,PTBA,RG,2600,16,D,PD,ES,D
14:18:38,PTBA,RG,2600,15,D,PD,KK,D
14:18:22,PTBA,RG,2610,1,D,XC,ZP,D
14:18:22,PTBA,RG,2610,40,D,YP,ZP,D
14:18:14,PTBA,RG,2610,49,F,KZ,ZP,D
14:18:14,PTBA,RG,2610,1,D,XC,ZP,D
14:17:57,PTBA,RG,2610,1,D,PD,AK,F
14:17:57,PTBA,RG,2610,2,D,PD,AK,F
14:17:57,PTBA,RG,2610,188,D,ZP,AK,F
14:17:56,PTBA,RG,2610,85,D,ZP,NI,D
14:17:56,PTBA,RG,2610,1,F,KZ,NI,D
14:17:56,PTBA,RG,2610,1,D,NI,NI,D
14:17:56,PTBA,RG,2610,1,F,CC,NI,D
14:17:56,PTBA,RG,2610,1,D,XC,NI,D
14:17:56,PTBA,RG,2610,11,F,KZ,NI,D
14:17:56,PTBA,RG,2610,1,F,KZ,YP,D
14:17:54,PTBA,RG,2610,2,F,KZ,YP,D
14:17:52,PTBA,RG,2610,5,F,KZ,PD,D
14:17:29,PTBA,RG,2610,39,F,KZ,PD,D
14:17:14,PTBA,RG,2610,6,F,KZ,YP,D
14:17:14,PTBA,RG,2610,2,D,YU,YP,D
14:16:58,PTBA,RG,2610,8,D,YU,YP,D
14:16:48,PTBA,RG,2600,236,D,PD,CD,D
14:16:48,PTBA,RG,2610,10,D,XC,CD,D
14:16:48,PTBA,RG,2610,4,D,NI,CD,D
14:16:45,PTBA,RG,2610,3,D,NI,CC,D
14:16:33,PTBA,RG,2610,100,D,SQ,AK,F
14:16:33,PTBA,RG,2610,35,F,KZ,AK,F
14:16:33,PTBA,RG,2610,12,D,XC,AK,F
14:16:32,PTBA,RG,2610,6,D,XC,ZP,D
14:16:32,PTBA,RG,2610,1,D,EP,ZP,D
14:16:32,PTBA,RG,2610,10,D,CC,ZP,D
14:16:32,PTBA,RG,2610,3,D,YP,ZP,D
14:16:32,PTBA,RG,2610,50,D,EP,ZP,D
14:16:32,PTBA,RG,2610,5,D,PD,ZP,D
14:16:32,PTBA,RG,2610,100,D,YJ,ZP,D
14:16:32,PTBA,RG,2610,10,D,DR,ZP,D
14:16:32,PTBA,RG,2610,20,F,KZ,ZP,D
14:16:32,PTBA,RG,2610,68,D,DH,ZP,D
14:16:28,PTBA,RG,2610,8,D,DH,YP,D
14:15:28,PTBA,RG,2610,1,D,DH,PD,D
14:15:05,PTBA,RG,2620,16,D,PD,KK,D
14:15:05,PTBA,RG,2620,2,D,PD,YP,D
14:14:26,PTBA,RG,2610,5,D,DH,NI,D
14:14:21,PTBA,RG,2610,2,D,DH,CC,D
14:13:46,PTBA,RG,2610,16,D,DH,SQ,D
14:13:46,PTBA,RG,2610,30,F,KZ,SQ,D
14:13:46,PTBA,RG,2610,14,D,LG,SQ,D
14:13:46,PTBA,RG,2610,3,D,LG,SQ,D
14:13:46,PTBA,RG,2610,7,D,YP,SQ,D
14:13:46,PTBA,RG,2610,1,D,YB,SQ,D
14:13:46,PTBA,RG,2610,6,D,PD,SQ,D
14:13:46,PTBA,RG,2610,4,D,YP,SQ,D
14:13:46,PTBA,RG,2610,1,D,XC,SQ,D
14:13:46,PTBA,RG,2610,50,D,XC,SQ,D
14:13:46,PTBA,RG,2610,1,F,AK,SQ,D
14:13:46,PTBA,RG,2610,19,F,AK,SQ,D
14:13:46,PTBA,RG,2610,6,D,YP,SQ,D
14:13:46,PTBA,RG,2610,50,D,YP,SQ,D
14:13:46,PTBA,RG,2610,5,D,YJ,SQ,D
14:13:46,PTBA,RG,2610,61,F,KZ,SQ,D
14:13:46,PTBA,RG,2610,3,F,KZ,SQ,D
14:13:46,PTBA,RG,2610,9,F,KZ,SQ,D
14:13:46,PTBA,RG,2610,87,F,KZ,SQ,D
14:13:46,PTBA,RG,2610,5,F,KZ,CC,D
14:13:41,PTBA,RG,2610,4,F,KZ,CC,D
14:13:15,PTBA,RG,2610,4,F,KZ,CC,D
14:13:11,PTBA,RG,2610,1,F,KZ,DH,D
14:13:01,PTBA,RG,2610,465,F,KZ,SQ,D
14:13:01,PTBA,RG,2610,806,F,AK,SQ,D
14:13:01,PTBA,RG,2610,729,F,CS,SQ,D
14:13:00,PTBA,RG,2620,1,F,KZ,YP,D
14:13:00,PTBA,RG,2620,2,F,KZ,YP,D
14:13:00,PTBA,RG,2620,5,F,KZ,SQ,D
14:13:00,PTBA,RG,2620,11,F,KZ,CC,D
14:13:00,PTBA,RG,2620,2,F,KZ,CC,D
14:13:00,PTBA,RG,2620,1,F,KZ,YU,D
14:13:00,PTBA,RG,2620,1,F,KZ,NI,D
14:13:00,PTBA,RG,2620,2,F,KZ,CC,D
14:13:00,PTBA,RG,2620,8,F,KZ,CC,D
14:13:00,PTBA,RG,2620,3,F,KZ,XC,D
14:13:00,PTBA,RG,2620,20,F,KZ,NI,D
14:13:00,PTBA,RG,2620,1,F,KZ,XC,D
14:13:00,PTBA,RG,2620,2,F,KZ,LG,D
14:13:00,PTBA,RG,2620,50,F,KZ,YP,D
14:13:00,PTBA,RG,2620,150,F,KZ,AZ,D
14:13:00,PTBA,RG,2620,50,F,KZ,PD,D
14:13:00,PTBA,RG,2620,60,F,KZ,YP,D
14:13:00,PTBA,RG,2620,5,F,KZ,YP,D
14:13:00,PTBA,RG,2620,6,F,KZ,CC,D
14:12:58,PTBA,RG,2620,2,F,AK,CC,D
14:12:58,PTBA,RG,2620,12,F,AK,CC,D
14:12:58,PTBA,RG,2620,1,F,AK,XC,D
14:12:58,PTBA,RG,2620,1,F,AK,YU,D
14:12:58,PTBA,RG,2620,1,F,AK,YP,D
14:12:58,PTBA,RG,2620,10,F,AK,YP,D
14:12:58,PTBA,RG,2620,5,F,AK,PD,D
14:12:57,PTBA,RG,2620,10,D,NI,PD,D
14:12:35,PTBA,RG,2620,10,D,BQ,PD,D
14:12:35,PTBA,RG,2620,16,D,BQ,AG,D
14:12:28,PTBA,RG,2620,2,D,XC,AG,D
14:11:22,PTBA,RG,2610,5,F,CS,YP,D
14:11:10,PTBA,RG,2620,5,F,KZ,AG,D
14:11:00,PTBA,RG,2620,20,D,CC,AG,D
14:10:09,PTBA,RG,2620,17,D,PD,AG,D
14:10:09,PTBA,RG,2620,1,D,PD,AG,D
14:09:58,PTBA,RG,2610,10,F,AK,CS,F
14:09:58,PTBA,RG,2610,6,F,AK,CS,F
14:09:58,PTBA,RG,2610,1,F,AK,CS,F
14:09:58,PTBA,RG,2610,31,F,AK,AK,F
14:09:58,PTBA,RG,2610,264,D,YP,AK,F
14:09:58,PTBA,RG,2610,5,D,YP,CS,F
14:09:57,PTBA,RG,2610,14,D,YP,CS,F
14:09:57,PTBA,RG,2610,2,D,YP,CS,F
14:09:57,PTBA,RG,2610,41,D,YP,AK,F
14:09:57,PTBA,RG,2610,35,D,YP,XC,D
14:09:57,PTBA,RG,2610,250,D,YP,PP,D
14:09:57,PTBA,RG,2610,1,D,YP,PD,D
14:09:57,PTBA,RG,2610,33,D,YP,PD,D
14:09:57,PTBA,RG,2610,1,D,YP,BK,F
14:09:57,PTBA,RG,2610,1,D,YP,YU,D
14:09:57,PTBA,RG,2610,138,D,YP,BK,F
14:09:57,PTBA,RG,2610,1,D,YP,XC,D
14:09:57,PTBA,RG,2610,1,D,YP,YP,D
14:09:57,PTBA,RG,2610,5,D,YP,YP,D
14:09:57,PTBA,RG,2610,10,D,YP,SQ,D
14:09:57,PTBA,RG,2610,2,D,YP,YP,D
14:09:57,PTBA,RG,2610,245,D,YP,DR,D
14:09:57,PTBA,RG,2610,150,D,YP,AZ,D
14:09:57,PTBA,RG,2610,90,D,YP,CC,D
14:09:57,PTBA,RG,2610,2,D,YP,CC,D
14:09:57,PTBA,RG,2610,9,D,YP,CS,F
14:09:57,PTBA,RG,2610,1,D,YP,NI,D
14:09:57,PTBA,RG,2610,15,D,YP,SQ,D
14:09:57,PTBA,RG,2610,380,D,YP,YP,D
14:09:57,PTBA,RG,2610,8,D,YP,AK,F
14:09:57,PTBA,RG,2610,4,D,YP,CS,F
14:09:57,PTBA,RG,2610,1,D,YP,BK,F
14:09:57,PTBA,RG,2610,510,D,YP,AK,F
14:09:57,PTBA,RG,2610,52,D,YP,HP,D
14:09:57,PTBA,RG,2610,6,D,YP,CC,D
14:09:57,PTBA,RG,2610,12,D,YP,NI,D
14:09:57,PTBA,RG,2610,6,D,YP,YP,D
14:09:57,PTBA,RG,2610,1,D,YP,CS,F
14:09:57,PTBA,RG,2610,7,D,YP,CS,F
14:09:57,PTBA,RG,2610,10,D,YP,CS,F
14:09:57,PTBA,RG,2610,4,D,YP,CC,D
14:09:57,PTBA,RG,2610,5,D,YP,PD,D
14:09:57,PTBA,RG,2610,3,D,YP,OD,D
14:09:57,PTBA,RG,2610,6,D,YP,CS,F
14:09:57,PTBA,RG,2610,6,D,YP,CS,F
14:09:57,PTBA,RG,2610,10,D,YP,PD,D
14:09:57,PTBA,RG,2610,1,D,YP,SQ,D
14:09:57,PTBA,RG,2610,1,D,YP,CS,F
14:09:57,PTBA,RG,2610,1,D,YP,CS,F
14:09:57,PTBA,RG,2610,643,D,YP,YU,D
14:09:57,PTBA,RG,2610,7,D,YP,AK,F
14:09:40,PTBA,RG,2610,2,F,KZ,AK,F
14:09:40,PTBA,RG,2610,28,F,KZ,CC,D
14:09:37,PTBA,RG,2610,8,D,XC,CC,D
14:09:10,PTBA,RG,2610,165,F,KZ,CC,D
14:09:09,PTBA,RG,2610,1,D,XC,CC,D
14:09:00,PTBA,RG,2600,100,D,PD,PD,D
14:08:47,PTBA,RG,2610,5,D,XC,CC,D
14:08:44,PTBA,RG,2600,4,D,PD,PD,D
14:08:37,PTBA,RG,2600,20,D,PD,MK,D
14:08:32,PTBA,RG,2610,42,D,LG,CC,D
14:08:32,PTBA,RG,2610,7,D,LG,CC,D
14:08:23,PTBA,RG,2600,5,D,PD,KK,D
14:08:11,PTBA,RG,2600,10,D,PD,CS,F
14:08:09,PTBA,RG,2600,1,D,PD,NI,D
14:07:46,PTBA,RG,2600,3,D,PD,NI,D
14:07:40,PTBA,RG,2610,2,F,KZ,CC,D
14:07:28,PTBA,RG,2610,44,F,AK,CC,D
14:07:10,PTBA,RG,2600,81,D,PD,YP,D
14:06:54,PTBA,RG,2600,1,D,PD,PD,D
14:06:45,PTBA,RG,2610,2,F,AK,CC,D
14:06:28,PTBA,RG,2600,8,D,PD,DR,D
14:06:28,PTBA,RG,2600,92,D,DH,DR,D
14:06:27,PTBA,RG,2600,28,D,DH,AK,F
14:06:26,PTBA,RG,2610,53,D,DH,CC,D
14:06:26,PTBA,RG,2610,22,D,DH,BK,F
14:06:09,PTBA,RG,2610,75,D,DH,BK,F
14:05:56,PTBA,RG,2600,2,D,DH,NI,D
14:05:50,PTBA,RG,2610,100,D,AG,BK,F
14:05:48,PTBA,RG,2610,9,D,YP,BK,F
14:05:28,PTBA,RG,2610,1,D,YP,BK,F
14:05:23,PTBA,RG,2600,22,D,DH,NI,D
14:05:15,PTBA,RG,2610,18,D,PD,BK,F
14:04:54,PTBA,RG,2600,156,D,DH,DR,D
14:04:54,PTBA,RG,2600,1,D,PD,DR,D
14:04:54,PTBA,RG,2600,37,D,OD,DR,D
14:04:46,PTBA,RG,2600,29,D,OD,CS,F
14:04:45,PTBA,RG,2600,8,D,OD,AK,F
14:04:44,PTBA,RG,2600,1,D,OD,YU,D
14:04:33,PTBA,RG,2610,6,D,YU,BK,F
14:04:30,PTBA,RG,2610,1,F,AK,BK,F
14:04:24,PTBA,RG,2610,10,D,GR,BK,F
14:03:42,PTBA,RG,2610,5,D,GR,BK,F
14:03:23,PTBA,RG,2610,3,D,PD,BK,F
14:03:00,PTBA,RG,2610,5,D,CC,BK,F
14:03:00,PTBA,RG,2600,7,D,OD,AK,F
14:02:56,PTBA,RG,2610,2,D,KK,BK,F
14:02:53,PTBA,RG,2600,6,D,OD,PD,D
14:02:53,PTBA,RG,2600,2,D,PD,PD,D
14:02:53,PTBA,RG,2600,10,D,PD,PD,D
14:02:53,PTBA,RG,2600,12,D,LG,PD,D
14:02:30,PTBA,RG,2610,1,F,AK,BK,F
14:02:24,PTBA,RG,2600,3,D,LG,CC,D
14:02:24,PTBA,RG,2600,2,D,LG,CC,D
14:02:24,PTBA,RG,2600,1,D,PD,CC,D
14:02:24,PTBA,RG,2600,1,D,IF,CC,D
14:02:24,PTBA,RG,2600,1,D,YP,CC,D
14:02:24,PTBA,RG,2600,5,D,KK,CC,D
14:02:24,PTBA,RG,2600,10,D,KK,CC,D
14:02:24,PTBA,RG,2600,3,D,YP,CC,D
14:02:24,PTBA,RG,2600,3,D,KK,CC,D
14:02:24,PTBA,RG,2600,32,D,CC,CC,D
14:02:24,PTBA,RG,2600,10,D,NI,CC,D
14:02:24,PTBA,RG,2600,20,D,YP,CC,D
14:02:24,PTBA,RG,2600,9,D,CC,CC,D
14:02:17,PTBA,RG,2600,1,D,CC,PD,D
14:02:17,PTBA,RG,2600,2,D,GR,PD,D
14:01:58,PTBA,RG,2600,2,D,GR,YU,D
14:01:56,PTBA,RG,2600,16,D,GR,CC,D
14:01:56,PTBA,RG,2600,10,D,PD,CC,D
14:01:56,PTBA,RG,2600,8,D,YP,CC,D
14:01:54,PTBA,RG,2610,2,D,CC,BK,F
14:01:29,PTBA,RG,2600,3,D,YP,YP,D
14:01:28,PTBA,RG,2610,36,F,AK,BK,F
14:01:16,PTBA,RG,2600,10,D,YP,CS,F
14:01:16,PTBA,RG,2600,4,D,YP,DR,D
14:01:16,PTBA,RG,2600,3,D,KK,DR,D
14:01:16,PTBA,RG,2600,1,D,XC,DR,D
14:01:16,PTBA,RG,2600,1,D,NI,DR,D
14:01:16,PTBA,RG,2600,50,D,AZ,DR,D
14:01:16,PTBA,RG,2600,1,D,PD,DR,D
14:01:16,PTBA,RG,2600,1,D,PD,DR,D
14:01:16,PTBA,RG,2600,2,D,AZ,DR,D
14:01:16,PTBA,RG,2600,15,D,DU,DR,D
14:01:16,PTBA,RG,2600,50,D,SQ,DR,D
14:01:16,PTBA,RG,2600,5,D,NI,DR,D
14:01:16,PTBA,RG,2600,2,D,NI,DR,D
14:01:16,PTBA,RG,2600,2,D,AT,DR,D
14:01:16,PTBA,RG,2600,2,D,DR,DR,D
14:01:16,PTBA,RG,2600,20,D,ZP,DR,D
14:01:16,PTBA,RG,2600,39,D,XC,DR,D
14:01:16,PTBA,RG,2600,20,D,AZ,DR,D
14:01:16,PTBA,RG,2600,2,D,PD,DR,D
14:01:16,PTBA,RG,2600,3,D,PD,DR,D
14:01:16,PTBA,RG,2600,3,D,PD,DR,D
14:01:16,PTBA,RG,2600,1,D,EP,DR,D
14:01:16,PTBA,RG,2600,10,D,GR,DR,D
14:01:16,PTBA,RG,2600,1,D,YP,DR,D
14:01:16,PTBA,RG,2600,10,D,OD,DR,D
14:01:16,PTBA,RG,2600,62,D,PD,DR,D
14:01:16,PTBA,RG,2600,10,D,XL,DR,D
14:01:16,PTBA,RG,2600,5,D,TP,DR,D
14:01:16,PTBA,RG,2600,1,D,YB,DR,D
14:01:16,PTBA,RG,2600,4,D,CC,DR,D
14:01:16,PTBA,RG,2600,1,D,DH,DR,D
14:01:16,PTBA,RG,2600,5,D,XC,DR,D
14:01:16,PTBA,RG,2600,5,D,YP,DR,D
14:01:16,PTBA,RG,2600,10,D,CC,DR,D
14:01:16,PTBA,RG,2600,10,D,YB,DR,D
14:01:16,PTBA,RG,2600,2,D,PD,DR,D
14:01:16,PTBA,RG,2600,2,D,YP,DR,D
14:01:16,PTBA,RG,2600,10,D,YB,DR,D
14:01:16,PTBA,RG,2600,5,D,YP,DR,D
14:01:16,PTBA,RG,2600,5,D,HP,DR,D
14:00:33,PTBA,RG,2610,18,D,PD,BK,F
14:00:15,PTBA,RG,2610,5,D,GR,BK,F
13:59:55,PTBA,RG,2610,1,F,AK,BK,F
13:59:53,PTBA,RG,2610,68,D,PD,BK,F
13:59:08,PTBA,RG,2600,25,D,HP,YP,D
13:59:07,PTBA,RG,2600,20,D,HP,SQ,D
13:59:07,PTBA,RG,2600,1,D,PD,SQ,D
13:59:07,PTBA,RG,2600,1,D,YP,SQ,D
13:59:07,PTBA,RG,2600,7,D,PD,SQ,D
13:59:07,PTBA,RG,2600,4,D,CC,SQ,D
13:59:07,PTBA,RG,2600,1,D,KK,SQ,D
13:59:07,PTBA,RG,2600,1,D,PD,SQ,D
13:59:07,PTBA,RG,2600,38,D,YP,SQ,D
13:59:07,PTBA,RG,2600,1,D,PD,SQ,D
13:59:07,PTBA,RG,2600,1,D,PD,SQ,D
13:59:07,PTBA,RG,2600,5,D,YP,SQ,D
13:59:07,PTBA,RG,2600,1,D,YP,SQ,D
13:59:07,PTBA,RG,2600,10,D,YP,SQ,D
13:59:07,PTBA,RG,2600,5,D,NI,SQ,D
13:59:07,PTBA,RG,2600,50,D,EP,SQ,D
13:59:07,PTBA,RG,2600,115,D,GR,SQ,D
13:58:58,PTBA,RG,2600,2,D,GR,AT,D
13:58:47,PTBA,RG,2600,100,D,GR,DR,D
13:58:43,PTBA,RG,2600,10,D,GR,PC,D
13:58:00,PTBA,RG,2600,8,D,GR,AK,F
13:57:58,PTBA,RG,2600,1,D,GR,CC,D
13:57:49,PTBA,RG,2600,30,D,GR,CS,F
13:57:20,PTBA,RG,2600,3,D,GR,XC,D
13:57:15,PTBA,RG,2610,10,D,YP,BK,F
13:56:50,PTBA,RG,2610,1,F,KZ,BK,F
13:56:50,PTBA,RG,2610,5,F,KZ,BK,F
13:56:50,PTBA,RG,2610,11,F,KZ,BK,F
13:56:50,PTBA,RG,2610,2,F,KZ,BK,F
13:56:50,PTBA,RG,2610,5,F,KZ,CS,F
13:56:50,PTBA,RG,2610,17,F,KZ,AK,F
13:56:45,PTBA,RG,2610,47,F,KZ,AK,F
13:56:43,PTBA,RG,2610,4,D,KK,AK,F
13:56:39,PTBA,RG,2610,43,D,LG,AK,F
13:56:39,PTBA,RG,2610,8,D,LG,AK,F
13:55:45,PTBA,RG,2610,1,F,AK,AK,F
13:55:32,PTBA,RG,2600,1,D,GR,XC,D
13:55:20,PTBA,RG,2610,1,D,LG,AK,F
13:55:15,PTBA,RG,2600,1,D,GR,PC,D
13:55:14,PTBA,RG,2610,13,D,PD,AK,F
13:55:14,PTBA,RG,2610,2,D,PD,CS,F
13:55:14,PTBA,RG,2610,3,D,PD,CS,F
13:55:13,PTBA,RG,2600,10,D,GR,NI,D
13:55:12,PTBA,RG,2600,2,D,GR,XC,D
13:54:53,PTBA,RG,2600,5,D,GR,NI,D
13:54:34,PTBA,RG,2600,3,D,GR,CC,D
13:54:30,PTBA,RG,2600,1,D,GR,PD,D
13:54:22,PTBA,RG,2600,1,D,GR,NI,D
13:53:36,PTBA,RG,2600,2,D,GR,PD,D
13:53:26,PTBA,RG,2600,65,D,GR,DR,D
13:52:55,PTBA,RG,2600,10,D,GR,BQ,D
13:52:51,PTBA,RG,2600,1,D,GR,BK,F
13:52:08,PTBA,RG,2600,79,D,GR,YP,D
13:52:08,PTBA,RG,2600,1,D,YP,YP,D
13:52:08,PTBA,RG,2600,10,D,YB,YP,D
13:52:08,PTBA,RG,2600,5,D,AT,YP,D
13:52:08,PTBA,RG,2600,100,D,YP,YP,D
13:52:08,PTBA,RG,2600,1,D,PD,YP,D
13:52:08,PTBA,RG,2600,44,D,CC,YP,D
13:51:05,PTBA,RG,2600,56,D,CC,EP,D
13:51:05,PTBA,RG,2600,1,D,YB,EP,D
13:51:05,PTBA,RG,2600,5,D,PD,EP,D
13:51:05,PTBA,RG,2600,19,D,OD,EP,D
13:51:05,PTBA,RG,2600,1,D,XC,EP,D
13:51:05,PTBA,RG,2600,15,D,CC,EP,D
13:51:05,PTBA,RG,2600,3,D,PD,EP,D
13:51:03,PTBA,RG,2600,2,D,PD,YU,D
13:50:58,PTBA,RG,2610,1,D,YB,YP,D
13:50:30,PTBA,RG,2610,1,D,PD,YP,D
13:50:16,PTBA,RG,2610,18,D,PD,YP,D
13:49:48,PTBA,RG,2610,1,D,XC,YP,D
13:49:40,PTBA,RG,2610,1,D,YB,YP,D
13:49:27,PTBA,RG,2610,1,D,PD,YP,D
13:49:26,PTBA,RG,2610,82,F,KZ,YP,D
13:49:26,PTBA,RG,2610,417,F,CS,YP,D
13:49:22,PTBA,RG,2610,1,F,CS,XC,D
13:49:17,PTBA,RG,2610,10,F,CS,CC,D
13:49:02,PTBA,RG,2610,16,F,CS,AK,F
13:49:00,PTBA,RG,2610,4,F,CS,CS,F
13:48:59,PTBA,RG,2610,15,F,CS,AK,F
13:48:59,PTBA,RG,2610,25,F,KZ,AK,F
13:48:59,PTBA,RG,2610,5,D,YP,AK,F
13:48:59,PTBA,RG,2610,37,F,KZ,AK,F
13:48:59,PTBA,RG,2610,13,D,GR,AK,F
13:48:59,PTBA,RG,2610,8,D,GR,CS,F
13:48:59,PTBA,RG,2610,229,D,GR,CC,D
13:48:59,PTBA,RG,2610,4,F,KZ,CC,D
13:48:59,PTBA,RG,2610,1,D,XC,CC,D
13:48:59,PTBA,RG,2610,20,D,NI,CC,D
13:48:59,PTBA,RG,2610,5,F,KZ,CC,D
13:48:59,PTBA,RG,2610,212,F,KZ,CC,D
13:48:59,PTBA,RG,2610,2,D,AZ,CC,D
13:48:59,PTBA,RG,2610,5,D,YP,CC,D
13:48:59,PTBA,RG,2610,26,D,LG,CC,D
13:48:59,PTBA,RG,2610,4,D,LG,CC,D
13:48:59,PTBA,RG,2610,230,D,YB,CC,D
13:48:59,PTBA,RG,2610,1,D,PD,CC,D
13:48:59,PTBA,RG,2610,11,D,XL,CC,D
13:48:51,PTBA,RG,2610,5,D,XL,XC,D
13:48:16,PTBA,RG,2610,18,D,XL,KK,D
13:48:16,PTBA,RG,2610,1,D,XC,KK,D
13:48:16,PTBA,RG,2610,1,D,PD,KK,D
13:48:16,PTBA,RG,2610,12,F,AK,KK,D
13:48:16,PTBA,RG,2610,1,F,AK,KK,D
13:48:16,PTBA,RG,2610,27,D,PD,KK,D
13:48:16,PTBA,RG,2610,89,D,YP,KK,D
13:48:05,PTBA,RG,2610,2,D,YP,SQ,D
13:48:03,PTBA,RG,2610,8,D,YP,CS,F
13:48:03,PTBA,RG,2610,100,D,YP,HP,D
13:47:54,PTBA,RG,2610,39,D,YP,YP,D
13:47:40,PTBA,RG,2610,2,D,YP,PD,D
13:47:27,PTBA,RG,2610,1,D,YP,PD,D
13:46:58,PTBA,RG,2610,22,D,YP,CS,F
13:46:57,PTBA,RG,2610,224,D,YP,LG,D
13:46:48,PTBA,RG,2610,1,D,YP,CC,D
13:46:39,PTBA,RG,2610,30,D,YP,KK,D
13:46:25,PTBA,RG,2610,185,D,YP,XC,D
13:45:59,PTBA,RG,2610,2,D,YP,MK,D
13:45:43,PTBA,RG,2620,70,F,AK,AG,D
13:45:10,PTBA,RG,2620,18,D,PD,AG,D
13:45:09,PTBA,RG,2610,185,D,YP,PD,D
13:44:47,PTBA,RG,2610,1,D,YP,CC,D
13:44:43,PTBA,RG,2610,1,D,YP,DH,D
13:44:43,PTBA,RG,2610,70,D,YP,YP,D
13:44:30,PTBA,RG,2610,9,D,YP,AK,F
13:43:58,PTBA,RG,2610,29,D,YP,PD,D
13:43:58,PTBA,RG,2610,1,F,AK,PD,D
13:43:58,PTBA,RG,2610,12,F,AK,PD,D
13:43:58,PTBA,RG,2610,2,D,YP,PD,D
13:43:58,PTBA,RG,2610,1,D,NI,PD,D
13:43:58,PTBA,RG,2610,3,D,CC,PD,D
13:43:58,PTBA,RG,2610,2,D,XC,PD,D
13:43:58,PTBA,RG,2610,1,D,PD,PD,D
13:43:58,PTBA,RG,2610,2,D,XC,PD,D
13:43:58,PTBA,RG,2610,1,D,PD,PD,D
13:43:58,PTBA,RG,2610,2,D,XC,PD,D
13:43:58,PTBA,RG,2610,1,D,DH,PD,D
13:43:58,PTBA,RG,2610,10,D,KK,PD,D
13:43:58,PTBA,RG,2610,1,D,XL,PD,D
13:43:58,PTBA,RG,2610,32,F,CS,PD,D
13:43:34,PTBA,RG,2620,3,D,NI,AG,D
13:43:20,PTBA,RG,2620,5,D,ZP,AG,D
13:43:12,PTBA,RG,2620,1,D,NI,AG,D
13:42:15,PTBA,RG,2610,2,F,CS,LG,D
13:42:13,PTBA,RG,2610,350,F,CS,EP,D
13:42:00,PTBA,RG,2620,2,F,AK,AG,D
13:41:39,PTBA,RG,2620,2,D,XC,AG,D
13:40:58,PTBA,RG,2610,20,F,CS,LG,D
13:40:46,PTBA,RG,2610,30,F,CS,PD,D
13:40:31,PTBA,RG,2610,5,F,CS,GR,D
13:40:09,PTBA,RG,2620,48,D,PD,AG,D
13:40:09,PTBA,RG,2620,20,D,PD,AG,D
13:40:07,PTBA,RG,2610,2,F,CS,YP,D
13:40:06,PTBA,RG,2620,18,D,PD,AG,D
13:40:02,PTBA,RG,2610,57,F,CS,YP,D
13:40:02,PTBA,RG,2610,14,D,PD,YP,D
13:40:02,PTBA,RG,2610,2,D,KK,YP,D
13:40:02,PTBA,RG,2610,1,D,PD,YP,D
13:40:02,PTBA,RG,2610,1,D,CC,YP,D
13:40:02,PTBA,RG,2610,1,D,OD,YP,D
13:40:02,PTBA,RG,2610,24,D,EP,YP,D
13:39:38,PTBA,RG,2620,30,D,XC,AG,D
13:39:19,PTBA,RG,2620,1,D,XC,AG,D
13:39:14,PTBA,RG,2610,10,D,EP,PD,D
13:38:56,PTBA,RG,2610,8,D,EP,CD,D
13:38:20,PTBA,RG,2610,1,D,EP,XC,D
13:38:16,PTBA,RG,2620,80,D,YP,AG,D
13:38:13,PTBA,RG,2620,12,D,NI,AG,D
13:38:01,PTBA,RG,2620,39,D,CC,AG,D
13:38:01,PTBA,RG,2620,1,D,CC,YU,D
13:38:01,PTBA,RG,2620,5,D,CC,YP,D
13:38:01,PTBA,RG,2620,40,D,CC,XL,D
13:38:01,PTBA,RG,2620,50,D,CC,PD,D
13:38:01,PTBA,RG,2620,10,D,CC,PD,D
13:38:01,PTBA,RG,2620,1,D,CC,PD,D
13:38:01,PTBA,RG,2620,2,D,CC,PD,D
13:38:01,PTBA,RG,2620,196,D,CC,BK,F
13:38:01,PTBA,RG,2620,8,D,CC,YB,D
13:38:01,PTBA,RG,2620,20,D,CC,PD,D
13:38:01,PTBA,RG,2620,1,D,CC,GR,D
13:38:01,PTBA,RG,2620,50,D,CC,CD,D
13:38:01,PTBA,RG,2620,6,D,CC,OD,D
13:38:01,PTBA,RG,2620,25,D,CC,YP,D
13:38:01,PTBA,RG,2620,164,D,CC,NI,D
13:38:01,PTBA,RG,2620,4,D,CC,XC,D
13:38:01,PTBA,RG,2620,22,D,CC,KK,D
13:38:01,PTBA,RG,2620,3,D,CC,NI,D
13:38:01,PTBA,RG,2620,2,D,CC,YP,D
13:38:01,PTBA,RG,2620,20,D,CC,CC,D
13:38:01,PTBA,RG,2620,6,D,CC,CS,F
13:38:01,PTBA,RG,2620,10,D,CC,OD,D
13:38:01,PTBA,RG,2620,35,D,CC,TP,D
13:37:54,PTBA,RG,2610,60,D,EP,PD,D
13:36:43,PTBA,RG,2610,4,D,EP,NI,D
13:36:37,PTBA,RG,2610,9,D,EP,PD,D
13:36:37,PTBA,RG,2610,2,D,EP,PD,D
13:36:37,PTBA,RG,2620,1,D,PD,TP,D
13:35:54,PTBA,RG,2620,7,D,PD,TP,D
13:35:51,PTBA,RG,2610,2,D,EP,YB,D
13:35:39,PTBA,RG,2620,2,D,PD,TP,D
13:35:21,PTBA,RG,2610,41,D,EP,PD,D
13:35:20,PTBA,RG,2620,18,D,PD,TP,D
13:35:15,PTBA,RG,2610,89,D,EP,KK,D
13:35:15,PTBA,RG,2610,15,D,EP,KK,D
13:35:15,PTBA,RG,2610,4,D,YB,KK,D
13:35:15,PTBA,RG,2610,14,D,YB,KK,D
13:34:38,PTBA,RG,2610,1,D,YB,NI,D
13:34:31,PTBA,RG,2620,2,D,PD,TP,D
13:33:07,PTBA,RG,2610,3,D,YB,CC,D
13:33:07,PTBA,RG,2610,35,D,YB,YP,D
13:33:05,PTBA,RG,2610,6,D,YB,XC,D
13:32:47,PTBA,RG,2610,4,D,YB,XC,D
13:32:43,PTBA,RG,2610,1,D,YB,XC,D
13:31:56,PTBA,RG,2620,11,D,YB,TP,D
13:31:50,PTBA,RG,2610,12,D,YB,CC,D
13:31:28,PTBA,RG,2610,1,D,YB,DR,D
13:31:01,PTBA,RG,2620,16,D,PD,TP,D
13:30:48,PTBA,RG,2620,20,D,PD,TP,D
13:30:15,PTBA,RG,2620,1,F,AK,TP,D
13:30:15,PTBA,RG,2610,8,D,YB,NI,D
13:30:14,PTBA,RG,2620,31,F,AK,TP,D
13:30:14,PTBA,RG,2610,20,D,YB,CC,D
13:30:11,PTBA,RG,2610,10,D,YB,CC,D
13:30:10,PTBA,RG,2610,32,D,YB,YP,D
13:30:10,PTBA,RG,2620,12,D,YP,TP,D
13:30:10,PTBA,RG,2610,10,D,YB,CC,D
13:30:10,PTBA,RG,2610,85,D,YB,CC,D
13:30:09,PTBA,RG,2610,10,D,YB,XC,D
13:30:09,PTBA,RG,2620,19,D,XC,TP,D
13:30:09,PTBA,RG,2610,4,D,YB,XC,D
13:30:09,PTBA,RG,2610,10,D,YB,YP,D
13:30:07,PTBA,RG,2620,2,D,PD,TP,D
13:30:07,PTBA,RG,2610,3,D,YB,PD,D
13:30:07,PTBA,RG,2620,10,D,PD,TP,D
13:30:07,PTBA,RG,2610,231,D,YB,AG,D
13:30:07,PTBA,RG,2610,178,F,KZ,AG,D
13:30:07,PTBA,RG,2610,6,F,KZ,PD,D
13:30:07,PTBA,RG,2610,10,F,KZ,XC,D
13:30:07,PTBA,RG,2610,10,F,KZ,PD,D
13:30:07,PTBA,RG,2610,1,F,KZ,XC,D
13:30:06,PTBA,RG,2620,49,D,PD,TP,D
13:30:06,PTBA,RG,2610,1,F,KZ,YP,D
13:30:06,PTBA,RG,2610,20,F,KZ,KK,D
13:30:06,PTBA,RG,2610,3,F,KZ,XC,D
13:30:06,PTBA,RG,2610,1,F,KZ,PD,D
13:30:06,PTBA,RG,2610,20,F,KZ,KK,D
13:30:05,PTBA,RG,2610,4,F,KZ,YP,D
13:30:05,PTBA,RG,2610,1,F,KZ,DH,D
13:30:05,PTBA,RG,2610,1,F,KZ,PD,D
13:30:05,PTBA,RG,2610,2,F,KZ,PD,D
13:30:05,PTBA,RG,2620,100,D,EP,TP,D
13:30:04,PTBA,RG,2610,30,F,KZ,CC,D
13:30:04,PTBA,RG,2610,10,F,KZ,HP,D
13:30:04,PTBA,RG,2610,20,F,KZ,PD,D
13:30:03,PTBA,RG,2610,12,F,KZ,YP,D
13:30:03,PTBA,RG,2620,1,D,PD,TP,D
13:30:03,PTBA,RG,2610,20,F,KZ,PD,D
13:30:03,PTBA,RG,2610,1,F,KZ,SQ,D
13:30:03,PTBA,RG,2610,20,F,KZ,AZ,D
13:30:02,PTBA,RG,2620,138,D,KK,TP,D
11:29:58,PTBA,RG,2610,90,F,KZ,KK,D
11:29:42,PTBA,RG,2620,2,F,AK,TP,D
11:29:28,PTBA,RG,2610,1,F,KZ,CS,F
11:29:28,PTBA,RG,2610,1,F,KZ,CS,F
11:29:28,PTBA,RG,2610,3,F,KZ,CS,F
11:29:28,PTBA,RG,2610,1,F,KZ,YU,D
11:29:28,PTBA,RG,2610,1,F,KZ,CS,F
11:29:28,PTBA,RG,2610,4,F,KZ,CS,F
11:29:28,PTBA,RG,2610,293,F,KZ,AK,F
11:29:28,PTBA,RG,2610,1,F,KZ,YU,D
11:29:28,PTBA,RG,2610,1,F,KZ,YU,D
11:29:28,PTBA,RG,2610,14,F,KZ,CS,F
11:29:28,PTBA,RG,2610,219,F,KZ,YP,D
11:29:27,PTBA,RG,2610,2,F,AK,YP,D
11:29:21,PTBA,RG,2610,2,F,KZ,YP,D
11:29:21,PTBA,RG,2610,5,D,PD,YP,D
11:29:21,PTBA,RG,2610,5,D,BQ,YP,D
11:29:21,PTBA,RG,2610,19,F,KZ,YP,D
11:29:21,PTBA,RG,2610,10,D,CC,YP,D
11:29:21,PTBA,RG,2610,4,D,NI,YP,D
11:29:21,PTBA,RG,2610,10,D,NI,YP,D
11:29:21,PTBA,RG,2610,3,D,LG,YP,D
11:29:21,PTBA,RG,2610,281,F,CS,YP,D
11:29:21,PTBA,RG,2610,70,F,KZ,YP,D
11:29:21,PTBA,RG,2610,100,D,AG,YP,D
11:29:21,PTBA,RG,2610,1,D,XC,YP,D
11:29:21,PTBA,RG,2610,1,D,CC,YP,D
11:29:21,PTBA,RG,2610,6,F,KZ,YP,D
11:29:21,PTBA,RG,2610,1,D,XL,YP,D
11:29:21,PTBA,RG,2610,2,D,YP,YP,D
11:29:21,PTBA,RG,2610,1,D,NI,YP,D
11:29:21,PTBA,RG,2610,2,D,KK,YP,D
11:29:21,PTBA,RG,2610,11,D,CC,YP,D
11:29:21,PTBA,RG,2610,180,D,KK,YP,D
11:29:21,PTBA,RG,2610,3,D,PD,YP,D
11:29:21,PTBA,RG,2610,1,D,YP,YP,D
11:29:21,PTBA,RG,2610,20,D,YP,YP,D
11:29:21,PTBA,RG,2610,25,D,YP,YP,D
11:29:21,PTBA,RG,2610,16,F,KZ,YP,D
11:29:19,PTBA,RG,2620,1,F,AK,TP,D
11:29:18,PTBA,RG,2610,12,F,KZ,XC,D
11:29:14,PTBA,RG,2620,22,F,KZ,TP,D
11:29:14,PTBA,RG,2620,1,F,KZ,YU,D
11:29:14,PTBA,RG,2620,1,F,KZ,AZ,D
11:29:14,PTBA,RG,2620,2,F,KZ,NI,D
11:29:14,PTBA,RG,2620,1,F,KZ,YU,D
11:29:14,PTBA,RG,2620,2,F,KZ,PD,D
11:29:14,PTBA,RG,2620,2,F,KZ,XC,D
11:29:14,PTBA,RG,2620,41,F,KZ,XL,D
11:29:14,PTBA,RG,2620,2,F,KZ,CC,D
11:29:14,PTBA,RG,2620,2,F,KZ,CC,D
11:29:14,PTBA,RG,2620,2,F,KZ,CC,D
11:29:14,PTBA,RG,2620,20,F,KZ,YP,D
11:29:14,PTBA,RG,2620,11,F,KZ,AZ,D
11:29:14,PTBA,RG,2620,2,F,KZ,GR,D
11:29:14,PTBA,RG,2620,10,F,KZ,XC,D
11:29:14,PTBA,RG,2620,5,F,KZ,NI,D
11:29:14,PTBA,RG,2620,5,F,KZ,YP,D
11:29:14,PTBA,RG,2620,50,F,KZ,YJ,D
11:29:14,PTBA,RG,2620,1,F,KZ,YP,D
11:29:14,PTBA,RG,2620,2,F,KZ,YP,D
11:29:14,PTBA,RG,2620,20,F,KZ,YP,D
11:29:14,PTBA,RG,2620,10,F,KZ,YP,D
11:29:14,PTBA,RG,2620,3,F,KZ,CC,D
11:29:14,PTBA,RG,2620,5,F,KZ,BQ,D
11:29:14,PTBA,RG,2620,2,F,KZ,SQ,D
11:29:14,PTBA,RG,2620,1,F,KZ,XC,D
11:29:14,PTBA,RG,2620,4,F,KZ,CC,D
11:29:14,PTBA,RG,2620,5,F,KZ,CC,D
11:29:14,PTBA,RG,2620,1,F,KZ,PD,D
11:29:14,PTBA,RG,2620,1,F,KZ,BK,F
11:29:14,PTBA,RG,2620,1,F,KZ,GR,D
11:29:14,PTBA,RG,2620,14,F,KZ,YP,D
11:29:14,PTBA,RG,2620,12,F,KZ,XC,D
11:29:14,PTBA,RG,2620,3,F,KZ,KK,D
11:29:14,PTBA,RG,2620,55,F,KZ,IP,D
11:29:14,PTBA,RG,2620,3,F,KZ,CC,D
11:29:14,PTBA,RG,2620,2,F,KZ,CC,D
11:29:14,PTBA,RG,2620,1,F,KZ,CS,F
11:29:14,PTBA,RG,2620,9,F,KZ,CS,F
11:29:14,PTBA,RG,2620,2,F,KZ,CS,F
11:29:14,PTBA,RG,2620,1,F,KZ,CS,F
11:29:14,PTBA,RG,2620,1,F,KZ,CS,F
11:29:14,PTBA,RG,2620,3,F,KZ,CS,F
11:29:14,PTBA,RG,2620,30,F,KZ,KK,D
11:29:14,PTBA,RG,2620,4,F,KZ,CC,D
11:29:14,PTBA,RG,2620,2,F,KZ,KK,D
11:29:14,PTBA,RG,2620,50,F,KZ,KK,D
11:29:14,PTBA,RG,2620,1,F,KZ,SQ,D
11:29:14,PTBA,RG,2620,60,F,KZ,KK,D
11:29:14,PTBA,RG,2620,2,F,KZ,GR,D
11:29:14,PTBA,RG,2620,1,F,KZ,XC,D
11:29:14,PTBA,RG,2620,2,F,KZ,KK,D
11:29:14,PTBA,RG,2620,30,F,KZ,CC,D
11:29:14,PTBA,RG,2620,1,F,KZ,YU,D
11:29:14,PTBA,RG,2620,7,F,KZ,CS,F
11:29:14,PTBA,RG,2620,10,F,KZ,KK,D
11:29:14,PTBA,RG,2620,3,F,KZ,XC,D
11:29:14,PTBA,RG,2620,2,F,KZ,EP,D
11:29:14,PTBA,RG,2620,4,F,KZ,CS,F
11:29:14,PTBA,RG,2620,4,F,KZ,CC,D
11:29:14,PTBA,RG,2620,10,F,KZ,PD,D
11:29:14,PTBA,RG,2620,61,F,KZ,AK,F
11:29:14,PTBA,RG,2620,294,F,KZ,BK,F
11:29:14,PTBA,RG,2620,10,F,KZ,CC,D
11:29:14,PTBA,RG,2620,1,F,KZ,BK,F
11:29:14,PTBA,RG,2620,1,F,KZ,CS,F
11:29:14,PTBA,RG,2620,3,F,KZ,CS,F
11:29:14,PTBA,RG,2620,64,F,KZ,BK,F
11:29:12,PTBA,RG,2620,1,F,AK,BK,F
11:29:06,PTBA,RG,2610,6,F,KZ,AK,F
11:28:45,PTBA,RG,2610,4,F,KZ,XC,D
11:28:36,PTBA,RG,2610,2,F,KZ,AK,F
11:28:21,PTBA,RG,2610,22,F,KZ,XC,D
11:28:20,PTBA,RG,2610,5,F,KZ,YB,D
11:28:19,PTBA,RG,2610,15,F,KZ,KK,D
11:28:18,PTBA,RG,2610,1,F,KZ,XC,D
11:27:53,PTBA,RG,2610,1,F,KZ,XL,D
11:27:40,PTBA,RG,2610,22,F,KZ,KK,D
11:27:37,PTBA,RG,2610,16,F,KZ,CS,F
11:27:37,PTBA,RG,2610,6,F,KZ,CS,F
11:27:35,PTBA,RG,2610,15,F,KZ,KK,D
11:27:22,PTBA,RG,2610,1,F,KZ,BK,F
11:27:22,PTBA,RG,2620,1,F,AK,BK,F
11:27:17,PTBA,RG,2610,25,F,KZ,NI,D
11:27:14,PTBA,RG,2610,5,F,KZ,YP,D
11:27:14,PTBA,RG,2610,20,F,KZ,PD,D
11:27:14,PTBA,RG,2610,30,D,YP,PD,D
11:27:14,PTBA,RG,2610,10,D,AZ,PD,D
11:27:14,PTBA,RG,2610,10,D,CC,PD,D
11:27:14,PTBA,RG,2610,1,D,XC,PD,D
11:27:14,PTBA,RG,2610,5,F,AK,PD,D
11:27:14,PTBA,RG,2610,1,D,CC,PD,D
11:27:14,PTBA,RG,2610,9,F,AK,PD,D
11:27:14,PTBA,RG,2610,1,D,KK,PD,D
11:27:14,PTBA,RG,2610,2,D,XC,PD,D
11:27:14,PTBA,RG,2610,9,D,YP,PD,D
11:27:14,PTBA,RG,2610,1,D,PD,PD,D
11:27:14,PTBA,RG,2610,1,D,XC,PD,D
11:27:14,PTBA,RG,2610,677,D,EP,PD,D
11:27:01,PTBA,RG,2610,1,D,EP,KK,D
11:26:54,PTBA,RG,2610,20,D,EP,XC,D
11:26:51,PTBA,RG,2610,6,D,EP,AK,F
11:26:47,PTBA,RG,2610,2,D,EP,YP,D
11:26:43,PTBA,RG,2620,2,D,XC,BK,F
11:25:53,PTBA,RG,2620,1,D,YB,BK,F
11:25:36,PTBA,RG,2610,4,D,EP,AK,F
11:25:22,PTBA,RG,2610,100,D,EP,DH,D
11:25:22,PTBA,RG,2610,50,D,EP,AZ,D
11:25:20,PTBA,RG,2610,5,D,EP,CC,D
11:25:16,PTBA,RG,2610,1,D,EP,KK,D
11:24:39,PTBA,RG,2610,8,D,EP,CC,D
11:24:27,PTBA,RG,2620,1,D,KK,BK,F
11:24:15,PTBA,RG,2620,6,F,AK,BK,F
11:24:14,PTBA,RG,2620,1,D,SQ,BK,F
11:24:09,PTBA,RG,2610,3,D,EP,PD,D
11:24:07,PTBA,RG,2620,1,F,AK,BK,F
11:23:59,PTBA,RG,2610,3,D,EP,KK,D
11:23:39,PTBA,RG,2610,100,D,EP,SQ,D
11:23:11,PTBA,RG,2620,18,D,PD,BK,F
11:22:55,PTBA,RG,2610,9,D,EP,CS,F
11:22:41,PTBA,RG,2620,3,D,KK,BK,F
11:22:39,PTBA,RG,2610,4,D,EP,XC,D
11:22:38,PTBA,RG,2610,7,D,EP,YP,D
11:22:38,PTBA,RG,2610,10,D,PD,YP,D
11:22:38,PTBA,RG,2610,3,D,OD,YP,D
11:22:38,PTBA,RG,2610,1,D,NI,YP,D
11:22:38,PTBA,RG,2610,20,D,AZ,YP,D
11:22:38,PTBA,RG,2610,9,D,LG,YP,D
11:22:29,PTBA,RG,2610,25,D,LG,CS,F
11:22:26,PTBA,RG,2610,2,D,LG,CC,D
11:22:04,PTBA,RG,2610,1,D,LG,YP,D
11:21:17,PTBA,RG,2620,1,D,PD,BK,F
11:21:07,PTBA,RG,2620,1,F,AK,BK,F
11:21:00,PTBA,RG,2620,18,F,AK,BK,F
11:20:48,PTBA,RG,2610,31,D,LG,XC,D
11:20:48,PTBA,RG,2610,12,D,LG,XC,D
11:20:48,PTBA,RG,2610,5,D,KK,XC,D
11:20:48,PTBA,RG,2610,3,D,DH,XC,D
11:20:48,PTBA,RG,2610,9,D,DH,XC,D
11:20:43,PTBA,RG,2610,1,D,DH,NI,D
11:20:11,PTBA,RG,2610,100,F,KZ,CC,D
11:20:02,PTBA,RG,2610,1,F,KZ,CC,D
11:19:51,PTBA,RG,2610,17,F,KZ,AK,F
11:19:35,PTBA,RG,2610,5,F,KZ,YP,D
11:19:14,PTBA,RG,2610,2,F,KZ,YU,D
11:19:08,PTBA,RG,2620,43,D,LG,BK,F
11:19:07,PTBA,RG,2620,7,D,LG,BK,F
11:19:06,PTBA,RG,2620,10,F,AK,BK,F
11:19:04,PTBA,RG,2610,2,F,KZ,XC,D
11:18:52,PTBA,RG,2620,18,D,PD,BK,F
11:18:33,PTBA,RG,2610,146,F,KZ,KK,D
11:18:33,PTBA,RG,2610,64,D,YP,KK,D
11:18:29,PTBA,RG,2610,10,D,YP,YP,D
11:18:23,PTBA,RG,2610,4,D,YP,CC,D
11:18:04,PTBA,RG,2610,1,D,YP,BK,F
11:17:52,PTBA,RG,2620,1,F,AK,BK,F
11:17:45,PTBA,RG,2620,7,F,AK,BK,F
11:17:41,PTBA,RG,2620,15,D,CC,BK,F
11:16:46,PTBA,RG,2620,1,D,NI,BK,F
11:16:44,PTBA,RG,2620,1,D,KK,BK,F
11:16:15,PTBA,RG,2620,7,F,AK,BK,F
11:16:14,PTBA,RG,2620,17,D,LG,BK,F
11:16:14,PTBA,RG,2620,3,D,LG,BK,F
11:16:10,PTBA,RG,2620,1,D,SQ,BK,F
11:16:09,PTBA,RG,2610,4,D,YP,CC,D
11:15:52,PTBA,RG,2610,217,D,YP,XC,D
11:15:52,PTBA,RG,2610,3,D,CC,XC,D
11:15:52,PTBA,RG,2610,1,D,PD,XC,D
11:15:52,PTBA,RG,2610,3,D,YU,XC,D
11:15:52,PTBA,RG,2610,3,D,NI,XC,D
11:15:52,PTBA,RG,2610,1,D,PD,XC,D
11:15:52,PTBA,RG,2610,1,D,PD,XC,D
11:15:52,PTBA,RG,2610,2,D,PD,XC,D
11:15:52,PTBA,RG,2610,66,D,OD,XC,D
11:15:50,PTBA,RG,2620,3,D,KK,BK,F
11:15:48,PTBA,RG,2610,20,D,OD,YP,D
11:15:43,PTBA,RG,2610,14,D,OD,PD,D
11:15:43,PTBA,RG,2610,1,D,NI,PD,D
11:15:38,PTBA,RG,2610,2,D,NI,YJ,D
11:15:38,PTBA,RG,2610,2,D,DR,YJ,D
11:15:38,PTBA,RG,2610,10,D,NI,YJ,D
11:15:38,PTBA,RG,2610,16,D,YU,YJ,D
11:15:36,PTBA,RG,2620,3,D,PD,BK,F
11:15:18,PTBA,RG,2610,5,D,YU,BQ,D
11:15:00,PTBA,RG,2620,1,D,SQ,BK,F
11:14:49,PTBA,RG,2610,12,D,YU,CS,F
11:14:29,PTBA,RG,2610,100,D,YU,KK,D
11:14:08,PTBA,RG,2620,9,F,AK,BK,F
11:14:07,PTBA,RG,2610,33,D,YU,CS,F
11:14:01,PTBA,RG,2610,5,D,YU,NI,D
11:13:55,PTBA,RG,2620,7,D,PD,BK,F
11:13:52,PTBA,RG,2620,1,F,AK,BK,F
11:13:31,PTBA,RG,2620,5,D,PD,BK,F
11:13:21,PTBA,RG,2610,1,D,YU,GR,D
11:13:15,PTBA,RG,2610,4,D,YU,XC,D
11:13:09,PTBA,RG,2620,18,D,PD,BK,F
11:13:03,PTBA,RG,2620,1,D,SQ,BK,F
11:12:52,PTBA,RG,2610,11,D,YU,CC,D
11:12:34,PTBA,RG,2610,30,D,YU,KK,D
11:12:15,PTBA,RG,2610,1,D,YU,NI,D
11:11:56,PTBA,RG,2620,12,D,SQ,BK,F
11:11:27,PTBA,RG,2620,1,D,YP,BK,F
11:10:50,PTBA,RG,2620,5,D,PD,BK,F
11:10:44,PTBA,RG,2620,14,F,AK,BK,F
11:10:43,PTBA,RG,2610,150,D,YU,CC,D
11:10:20,PTBA,RG,2610,1,D,YU,YP,D
11:09:48,PTBA,RG,2610,13,D,YU,SQ,D
11:09:42,PTBA,RG,2610,5,D,YU,CC,D
11:09:39,PTBA,RG,2610,7,D,YU,PD,D
11:09:29,PTBA,RG,2610,2,D,YU,YU,D
11:09:26,PTBA,RG,2610,2,D,YU,PD,D
11:08:43,PTBA,RG,2610,4,D,YU,PD,D
11:08:40,PTBA,RG,2620,10,F,KZ,BK,F
11:08:40,PTBA,RG,2620,18,F,KZ,BK,F
11:08:35,PTBA,RG,2610,1,D,YU,SQ,D
11:08:26,PTBA,RG,2610,10,D,YU,CC,D
11:08:22,PTBA,RG,2610,1,D,YU,MK,D
11:08:20,PTBA,RG,2620,18,D,PD,BK,F
11:08:03,PTBA,RG,2610,1,D,YU,MK,D
11:07:54,PTBA,RG,2610,1,D,YU,GR,D
11:07:25,PTBA,RG,2610,5,D,YU,PD,D
11:06:46,PTBA,RG,2610,1,D,YU,NI,D
11:05:47,PTBA,RG,2610,9,D,YU,OD,D
11:05:23,PTBA,RG,2620,100,D,DR,BK,F
11:05:10,PTBA,RG,2610,10,D,YU,PD,D
11:05:09,PTBA,RG,2610,100,D,YU,EP,D
11:04:53,PTBA,RG,2610,50,D,YU,YP,D
11:04:43,PTBA,RG,2610,2,D,YU,PD,D
11:04:20,PTBA,RG,2610,5,D,YU,PD,D
11:04:19,PTBA,RG,2610,40,D,YU,AZ,D
11:04:01,PTBA,RG,2610,5,D,YU,PD,D
11:03:11,PTBA,RG,2620,17,D,PD,BK,F
11:03:11,PTBA,RG,2620,1,D,PD,YU,D
11:02:54,PTBA,RG,2620,2,F,KZ,AK,F
11:02:54,PTBA,RG,2620,4,D,CC,AK,F
11:02:54,PTBA,RG,2620,10,D,CC,AK,F
11:02:54,PTBA,RG,2620,7,F,KZ,AK,F
11:02:54,PTBA,RG,2620,26,D,LG,AK,F
11:02:54,PTBA,RG,2620,4,D,LG,AK,F
11:02:54,PTBA,RG,2620,3,D,PD,AK,F
11:02:54,PTBA,RG,2620,8,D,YB,AK,F
11:02:54,PTBA,RG,2620,2,D,CC,AK,F
11:02:54,PTBA,RG,2620,1,D,YP,AK,F
11:02:54,PTBA,RG,2620,2,D,XC,AK,F
11:02:54,PTBA,RG,2620,246,F,KZ,AK,F
11:02:51,PTBA,RG,2620,1,F,KZ,PD,D
11:02:32,PTBA,RG,2620,223,F,KZ,AK,F
11:02:31,PTBA,RG,2630,22,D,YP,YP,D
11:02:22,PTBA,RG,2620,5,F,KZ,KK,D
11:02:17,PTBA,RG,2620,3,F,KZ,PD,D
11:02:17,PTBA,RG,2620,6,F,KZ,CC,D
11:02:14,PTBA,RG,2620,27,F,KZ,AZ,D
11:02:14,PTBA,RG,2620,1,D,PD,AZ,D
11:02:14,PTBA,RG,2620,22,D,YP,AZ,D
11:02:12,PTBA,RG,2620,21,D,YP,PD,D
11:02:10,PTBA,RG,2620,4,D,YP,PD,D
11:02:09,PTBA,RG,2620,3,D,YP,CS,F
11:02:09,PTBA,RG,2620,2,D,YP,CS,F
11:02:09,PTBA,RG,2620,1,F,AK,CS,F
11:02:09,PTBA,RG,2620,9,F,AK,CS,F
11:02:09,PTBA,RG,2620,6,F,AK,CS,F
11:02:06,PTBA,RG,2620,10,D,YJ,YP,D
11:01:52,PTBA,RG,2620,298,D,YJ,HP,D
11:01:49,PTBA,RG,2620,5,D,YJ,CC,D
11:01:38,PTBA,RG,2620,1,D,YJ,PD,D
11:01:30,PTBA,RG,2630,2,D,PD,YP,D
11:01:26,PTBA,RG,2620,250,D,YJ,DR,D
11:01:14,PTBA,RG,2620,8,D,YJ,OD,D
11:01:10,PTBA,RG,2620,194,D,YJ,OD,D
11:01:08,PTBA,RG,2620,1,D,YJ,OD,D
11:00:50,PTBA,RG,2620,2,D,YJ,CC,D
11:00:18,PTBA,RG,2620,1,D,YJ,YP,D
11:00:13,PTBA,RG,2620,5,D,YJ,CC,D
11:00:08,PTBA,RG,2620,4,D,YJ,CC,D
10:59:55,PTBA,RG,2620,2,D,YJ,CC,D
10:59:38,PTBA,RG,2620,282,D,YJ,PD,D
10:59:38,PTBA,RG,2620,30,D,KK,PD,D
10:59:38,PTBA,RG,2620,150,D,DR,PD,D
10:59:38,PTBA,RG,2620,45,D,PD,PD,D
10:59:38,PTBA,RG,2620,50,F,CC,PD,D
10:59:38,PTBA,RG,2620,46,D,YP,PD,D
10:58:16,PTBA,RG,2630,18,D,PD,YP,D
10:57:49,PTBA,RG,2620,5,D,YP,YP,D
10:57:40,PTBA,RG,2620,1,D,YP,XC,D
10:56:47,PTBA,RG,2620,4,D,YP,CC,D
10:56:10,PTBA,RG,2620,40,D,YP,PD,D
10:56:10,PTBA,RG,2620,4,D,YP,CC,D
10:55:45,PTBA,RG,2620,3,D,YP,DH,D
10:55:34,PTBA,RG,2620,40,D,YP,CC,D
10:55:24,PTBA,RG,2620,1,D,YP,PD,D
10:55:24,PTBA,RG,2620,1,D,CC,PD,D
10:55:24,PTBA,RG,2620,1,D,OD,PD,D
10:55:09,PTBA,RG,2620,1,D,OD,DR,D
10:55:09,PTBA,RG,2620,64,D,YU,DR,D
10:53:10,PTBA,RG,2630,18,D,PD,YP,D
10:53:06,PTBA,RG,2630,9,F,AK,YP,D
10:53:06,PTBA,RG,2630,1,F,AK,YP,D
10:53:06,PTBA,RG,2630,2,D,XC,YP,D
10:53:06,PTBA,RG,2630,13,D,CD,YP,D
10:53:06,PTBA,RG,2630,2,D,YB,YP,D
10:53:06,PTBA,RG,2630,10,F,AK,YP,D
10:53:06,PTBA,RG,2630,1,F,AK,YP,D
10:53:06,PTBA,RG,2630,2262,F,KZ,YP,D
10:53:06,PTBA,RG,2630,1,D,NI,YP,D
10:53:06,PTBA,RG,2630,50,D,YU,YP,D
10:53:06,PTBA,RG,2630,20,F,CC,YP,D
10:53:06,PTBA,RG,2630,6,D,XC,YP,D
10:53:06,PTBA,RG,2630,1,D,PD,YP,D
10:53:06,PTBA,RG,2630,1,D,CC,YP,D
10:53:06,PTBA,RG,2630,10,D,NI,YP,D
10:53:06,PTBA,RG,2630,574,F,CS,YP,D
10:52:50,PTBA,RG,2630,50,F,CS,YP,D
10:51:53,PTBA,RG,2630,100,F,CS,AZ,D
10:51:27,PTBA,RG,2640,1,D,XC,SQ,D
10:51:24,PTBA,RG,2630,3,F,CS,YP,D
10:50:45,PTBA,RG,2630,3,F,CS,NI,D
10:50:27,PTBA,RG,2630,1,F,CS,CC,D
10:50:26,PTBA,RG,2640,77,D,YP,SQ,D
10:50:13,PTBA,RG,2630,10,F,CS,NI,D
10:50:01,PTBA,RG,2640,3,D,YP,CS,F
10:50:01,PTBA,RG,2640,3,D,YP,XC,D
10:49:41,PTBA,RG,2650,42,F,BK,LS,D
10:49:38,PTBA,RG,2640,3,F,BK,XC,D
10:49:34,PTBA,RG,2640,1,F,BK,YU,D
10:49:33,PTBA,RG,2630,10,F,CS,AT,D
10:49:31,PTBA,RG,2640,117,F,BK,BK,F
10:49:27,PTBA,RG,2640,20,F,AK,NI,D
10:49:27,PTBA,RG,2640,7,F,AK,YP,D
10:49:27,PTBA,RG,2640,12,F,AK,CS,F
10:49:27,PTBA,RG,2640,50,F,AK,KK,D
10:49:27,PTBA,RG,2640,118,F,AK,CP,D
10:49:26,PTBA,RG,2640,82,F,BK,CP,D
10:49:26,PTBA,RG,2640,22,F,BK,KK,D
10:49:26,PTBA,RG,2640,6,F,BK,AK,F
10:49:26,PTBA,RG,2640,2,F,BK,YU,D
10:49:26,PTBA,RG,2640,12,F,BK,CS,F
10:49:26,PTBA,RG,2640,10,F,BK,YP,D
10:49:26,PTBA,RG,2640,5,F,BK,KK,D
10:49:26,PTBA,RG,2640,2,F,BK,YB,D
10:49:26,PTBA,RG,2640,10,F,BK,CS,F
10:49:26,PTBA,RG,2640,250,F,BK,YP,D
10:49:26,PTBA,RG,2640,70,F,BK,YP,D
10:49:26,PTBA,RG,2640,24,F,BK,YP,D
10:49:22,PTBA,RG,2640,176,D,YU,YP,D
10:49:22,PTBA,RG,2640,10,D,YU,YP,D
10:49:22,PTBA,RG,2640,1,D,YU,CS,F
10:49:22,PTBA,RG,2640,5,D,YU,CS,F
10:49:22,PTBA,RG,2640,5,D,YU,AZ,D
10:49:22,PTBA,RG,2640,1,D,YU,XC,D
10:49:22,PTBA,RG,2640,75,D,YU,YJ,D
10:49:22,PTBA,RG,2640,1,D,YU,XA,D
10:49:22,PTBA,RG,2640,2,D,YU,CC,D
10:49:22,PTBA,RG,2640,30,D,YU,PD,D
10:49:22,PTBA,RG,2640,100,D,YU,CP,D
10:49:22,PTBA,RG,2640,1,D,YU,SQ,D
10:49:22,PTBA,RG,2640,5,D,YU,PD,D
10:49:22,PTBA,RG,2640,15,D,YU,KK,D
10:49:22,PTBA,RG,2640,20,D,YU,CC,D
10:49:22,PTBA,RG,2640,1,D,YU,CC,D
10:49:22,PTBA,RG,2640,6,D,YU,XC,D
10:49:22,PTBA,RG,2640,10,D,YU,PD,D
10:49:22,PTBA,RG,2640,50,D,YU,OD,D
10:49:22,PTBA,RG,2640,300,D,YU,YP,D
10:49:22,PTBA,RG,2640,10,D,YU,NI,D
10:49:22,PTBA,RG,2640,10,D,YU,YP,D
10:49:22,PTBA,RG,2640,50,D,YU,AZ,D
10:49:22,PTBA,RG,2640,2,D,YU,PD,D
10:49:22,PTBA,RG,2640,2,D,YU,XC,D
10:49:22,PTBA,RG,2640,1,D,YU,XC,D
10:49:22,PTBA,RG,2640,75,D,YU,LS,D
10:49:22,PTBA,RG,2640,5,D,YU,YP,D
10:49:22,PTBA,RG,2640,5,D,YU,PD,D
10:49:22,PTBA,RG,2640,2,D,YU,NI,D
10:49:22,PTBA,RG,2640,10,D,YU,PD,D
10:49:22,PTBA,RG,2640,1500,D,YU,YJ,D
10:49:22,PTBA,RG,2640,1,D,YU,AN,D
10:49:22,PTBA,RG,2640,10,D,YU,CC,D
10:49:22,PTBA,RG,2640,9,D,YU,XC,D
10:49:22,PTBA,RG,2640,10,D,YU,GR,D
10:49:22,PTBA,RG,2640,1,D,YU,EP,D
10:49:22,PTBA,RG,2640,10,D,YU,XC,D
10:49:22,PTBA,RG,2640,2,D,YU,CC,D
10:49:22,PTBA,RG,2640,2,D,YU,CC,D
10:49:22,PTBA,RG,2640,2,D,YU,SQ,D
10:49:22,PTBA,RG,2640,10,D,YU,PD,D
10:49:22,PTBA,RG,2640,1,D,YU,XC,D
10:49:22,PTBA,RG,2640,2,D,YU,XC,D
10:49:22,PTBA,RG,2640,10,D,YU,PD,D
10:49:22,PTBA,RG,2640,10,D,YU,PD,D
10:49:22,PTBA,RG,2640,10,D,YU,PD,D
10:49:22,PTBA,RG,2640,60,D,YU,YP,D
10:49:22,PTBA,RG,2640,100,D,YU,PD,D
10:49:22,PTBA,RG,2640,13,D,YU,YP,D
10:49:22,PTBA,RG,2640,5,D,YU,SQ,D
10:49:22,PTBA,RG,2640,10,D,YU,KK,D
10:49:22,PTBA,RG,2640,35,D,YU,KK,D
10:49:22,PTBA,RG,2640,1,D,YU,NI,D
10:49:22,PTBA,RG,2640,30,D,YU,YP,D
10:49:22,PTBA,RG,2640,46,D,YU,DH,D
10:49:22,PTBA,RG,2640,4,D,YU,NI,D
10:49:22,PTBA,RG,2640,2,D,YU,CC,D
10:49:22,PTBA,RG,2640,5,D,YU,YP,D
10:49:22,PTBA,RG,2640,113,D,YU,YP,D
10:48:58,PTBA,RG,2630,1,F,CS,YB,D
10:48:58,PTBA,RG,2630,1,F,CS,YP,D
10:48:53,PTBA,RG,2630,1,F,CS,KK,D
10:48:53,PTBA,RG,2630,2,F,CS,KK,D
10:48:48,PTBA,RG,2630,4,F,CS,XC,D
10:48:34,PTBA,RG,2640,5,D,NI,YP,D
10:48:13,PTBA,RG,2640,18,D,PD,YP,D
10:48:04,PTBA,RG,2630,10,F,CS,NI,D
10:47:39,PTBA,RG,2630,2,F,CS,KK,D
10:47:10,PTBA,RG,2640,4,F,BK,YP,D
10:47:10,PTBA,RG,2640,20,F,BK,XC,D
10:47:10,PTBA,RG,2640,1,F,BK,PD,D
10:47:07,PTBA,RG,2640,1,F,BK,PD,D
10:47:07,PTBA,RG,2640,10,F,BK,YP,D
10:47:07,PTBA,RG,2640,10,F,BK,YP,D
10:47:07,PTBA,RG,2640,24,F,BK,TP,D
10:47:02,PTBA,RG,2640,176,F,BK,TP,D
10:47:02,PTBA,RG,2640,20,F,BK,XL,D
10:47:02,PTBA,RG,2640,1,F,BK,YP,D
10:47:02,PTBA,RG,2640,2,F,BK,CC,D
10:47:02,PTBA,RG,2640,20,F,BK,LG,D
10:47:02,PTBA,RG,2640,2,F,BK,CC,D
10:47:02,PTBA,RG,2640,42,F,BK,YP,D
10:47:02,PTBA,RG,2630,5,F,BK,YP,D
10:47:00,PTBA,RG,2640,8,D,CC,YP,D
10:47:00,PTBA,RG,2640,50,D,CC,PD,D
10:47:00,PTBA,RG,2640,2,D,CC,CC,D
10:47:00,PTBA,RG,2640,1180,D,CC,YP,D
10:47:00,PTBA,RG,2630,15,D,CC,XL,D
10:47:00,PTBA,RG,2630,4,D,CC,CC,D
10:47:00,PTBA,RG,2630,5,D,CC,YP,D
10:47:00,PTBA,RG,2630,4,D,CC,CC,D
10:47:00,PTBA,RG,2630,5,D,CC,DR,D
10:47:00,PTBA,RG,2630,10,D,CC,KK,D
10:47:00,PTBA,RG,2630,10,D,CC,CC,D
10:47:00,PTBA,RG,2630,50,D,CC,YP,D
10:47:00,PTBA,RG,2630,1,D,CC,YU,D
10:47:00,PTBA,RG,2630,5,D,CC,AZ,D
10:47:00,PTBA,RG,2630,5,D,CC,NI,D
10:47:00,PTBA,RG,2630,7,D,CC,YP,D
10:47:00,PTBA,RG,2630,75,D,CC,YP,D
10:47:00,PTBA,RG,2630,4,D,CC,DR,D
10:46:57,PTBA,RG,2630,6,F,BK,DR,D
10:46:57,PTBA,RG,2630,4,F,BK,CC,D
10:46:57,PTBA,RG,2630,156,F,BK,SQ,D
10:46:54,PTBA,RG,2620,6,F,AK,XC,D
10:46:54,PTBA,RG,2620,138,F,AK,BK,F
10:46:54,PTBA,RG,2620,10,F,AK,AK,F
10:46:54,PTBA,RG,2620,6,F,AK,AK,F
10:46:54,PTBA,RG,2620,101,F,AK,AK,F
10:46:54,PTBA,RG,2620,975,F,AK,FZ,D
10:46:54,PTBA,RG,2620,1192,D,YU,FZ,D
10:46:31,PTBA,RG,2620,1,F,AK,FZ,D
10:46:31,PTBA,RG,2620,11,F,AK,FZ,D
10:46:30,PTBA,RG,2620,32,F,KZ,FZ,D
10:46:30,PTBA,RG,2620,9,F,BK,FZ,D
10:46:30,PTBA,RG,2620,40,F,BK,FZ,D
10:46:30,PTBA,RG,2620,1553,D,YP,FZ,D
10:46:30,PTBA,RG,2620,100,D,CC,FZ,D
10:46:30,PTBA,RG,2620,1,D,CC,FZ,D
10:46:30,PTBA,RG,2620,250,D,NI,FZ,D
10:46:30,PTBA,RG,2620,21,D,LG,FZ,D
10:46:30,PTBA,RG,2620,4,D,LG,FZ,D
10:46:30,PTBA,RG,2620,1,D,PD,FZ,D
10:46:30,PTBA,RG,2620,2,D,PD,FZ,D
10:46:30,PTBA,RG,2620,50,D,YP,FZ,D
10:46:30,PTBA,RG,2620,3,D,NI,FZ,D
10:46:30,PTBA,RG,2620,21,D,LG,FZ,D
10:46:30,PTBA,RG,2620,4,D,LG,FZ,D
10:46:30,PTBA,RG,2620,15,D,PD,FZ,D
10:46:30,PTBA,RG,2620,20,D,XC,FZ,D
10:46:30,PTBA,RG,2620,2,D,AT,FZ,D
10:46:30,PTBA,RG,2620,12,D,KK,FZ,D
10:46:30,PTBA,RG,2620,10,D,NI,FZ,D
10:46:30,PTBA,RG,2620,20,D,KK,FZ,D
10:46:30,PTBA,RG,2620,1,F,AK,FZ,D
10:46:30,PTBA,RG,2620,22,F,AK,FZ,D
10:46:30,PTBA,RG,2620,14,F,AK,FZ,D
10:46:30,PTBA,RG,2620,500,D,PD,FZ,D
10:46:30,PTBA,RG,2620,1,F,AK,FZ,D
10:46:30,PTBA,RG,2620,50,D,DR,FZ,D
10:46:30,PTBA,RG,2620,200,D,CC,FZ,D
10:46:30,PTBA,RG,2620,1863,D,YP,FZ,D
10:45:48,PTBA,RG,2620,17,D,YP,YP,D
10:45:41,PTBA,RG,2630,5,D,PD,SQ,D
10:45:24,PTBA,RG,2620,20,D,YP,YP,D
10:44:56,PTBA,RG,2620,100,D,YP,PD,D
10:44:41,PTBA,RG,2630,26,F,AK,SQ,D
10:44:40,PTBA,RG,2630,2,F,KZ,SQ,D
10:44:32,PTBA,RG,2630,10,D,XC,SQ,D
10:44:20,PTBA,RG,2630,22,F,KZ,SQ,D
10:44:15,PTBA,RG,2630,20,F,KZ,SQ,D
10:44:14,PTBA,RG,2630,100,D,DR,SQ,D
10:44:07,PTBA,RG,2630,4,D,PD,SQ,D
10:43:50,PTBA,RG,2630,1,F,AK,SQ,D
10:43:48,PTBA,RG,2630,4,D,HP,SQ,D
10:43:48,PTBA,RG,2630,96,D,HP,YP,D
10:43:28,PTBA,RG,2630,2,D,YP,YP,D
10:43:28,PTBA,RG,2630,15,D,DR,YP,D
10:43:15,PTBA,RG,2630,18,D,PD,YP,D
10:42:58,PTBA,RG,2630,4,F,KZ,YP,D
10:42:58,PTBA,RG,2630,20,F,CC,YP,D
10:42:58,PTBA,RG,2630,1,F,KZ,YP,D
10:42:58,PTBA,RG,2630,9,F,BK,YP,D
10:42:58,PTBA,RG,2630,4,F,KZ,YP,D
10:42:58,PTBA,RG,2630,4,D,XC,YP,D
10:42:58,PTBA,RG,2630,15,D,XL,YP,D
10:42:58,PTBA,RG,2630,1,D,CC,YP,D
10:42:58,PTBA,RG,2630,11,F,KZ,YP,D
10:42:49,PTBA,RG,2630,8,F,KZ,KK,D
10:42:49,PTBA,RG,2630,14,D,DR,KK,D
10:42:46,PTBA,RG,2630,86,D,DR,SQ,D
10:42:46,PTBA,RG,2630,1,D,XC,SQ,D
10:42:46,PTBA,RG,2630,8,F,CC,SQ,D
10:42:46,PTBA,RG,2630,4,F,KZ,SQ,D
10:42:46,PTBA,RG,2630,1,D,PD,SQ,D
10:42:46,PTBA,RG,2630,159,F,KZ,SQ,D
10:42:46,PTBA,RG,2630,13,F,KZ,SQ,D
10:42:46,PTBA,RG,2630,104,F,KZ,SQ,D
10:42:46,PTBA,RG,2630,24,F,KZ,SQ,D
10:42:37,PTBA,RG,2630,375,F,KZ,YP,D
10:42:28,PTBA,RG,2630,4,F,KZ,KK,D
10:41:35,PTBA,RG,2630,5,F,KZ,XC,D
10:41:24,PTBA,RG,2630,1,F,KZ,PD,D
10:41:22,PTBA,RG,2640,20,D,NI,YP,D
10:41:14,PTBA,RG,2640,1,D,EP,YP,D
10:40:57,PTBA,RG,2630,50,F,KZ,YP,D
10:40:54,PTBA,RG,2630,3,F,KZ,CC,D
10:40:43,PTBA,RG,2630,6,F,KZ,XC,D
10:40:08,PTBA,RG,2630,1,F,KZ,DH,D
10:40:04,PTBA,RG,2630,16,F,KZ,KK,D
10:39:55,PTBA,RG,2630,25,F,KZ,DR,D
10:39:55,PTBA,RG,2630,8,F,KZ,AK,F
10:39:52,PTBA,RG,2630,128,F,BK,PD,D
10:39:52,PTBA,RG,2630,1,F,BK,YU,D
10:39:52,PTBA,RG,2630,139,F,BK,BK,F
10:39:52,PTBA,RG,2630,186,F,BK,AK,F
10:39:52,PTBA,RG,2630,6,F,BK,AK,F
10:39:52,PTBA,RG,2630,50,F,BK,YP,D
10:39:52,PTBA,RG,2630,2,F,BK,NI,D
10:39:52,PTBA,RG,2630,7,F,BK,AK,F
10:39:52,PTBA,RG,2630,19,F,BK,XL,D
10:39:52,PTBA,RG,2630,5,F,BK,AZ,D
10:39:52,PTBA,RG,2630,1,F,BK,YU,D
10:39:52,PTBA,RG,2630,15,F,BK,PD,D
10:39:52,PTBA,RG,2630,1,F,BK,IP,D
10:39:52,PTBA,RG,2630,1,F,BK,SQ,D
10:39:52,PTBA,RG,2630,20,F,BK,KK,D
10:39:52,PTBA,RG,2630,9,F,BK,AK,F
10:39:52,PTBA,RG,2630,1,F,BK,YU,D
10:39:52,PTBA,RG,2630,10,F,BK,PD,D
10:39:52,PTBA,RG,2630,4,F,BK,CC,D
10:39:52,PTBA,RG,2630,1,F,BK,NI,D
10:39:51,PTBA,RG,2630,1,D,NI,XC,D
10:39:51,PTBA,RG,2630,149,D,NI,YP,D
10:39:37,PTBA,RG,2630,1,F,AK,YP,D
10:39:21,PTBA,RG,2630,100,D,SQ,YP,D
10:39:21,PTBA,RG,2630,2,D,SQ,XC,D
10:39:21,PTBA,RG,2630,2,D,SQ,NI,D
10:39:21,PTBA,RG,2630,1,D,SQ,YU,D
10:39:21,PTBA,RG,2630,2,D,SQ,LG,D
10:39:21,PTBA,RG,2630,1,D,SQ,XC,D
10:39:21,PTBA,RG,2630,4,D,SQ,XC,D
10:39:21,PTBA,RG,2630,106,D,SQ,AK,F
10:39:21,PTBA,RG,2630,8,D,SQ,AZ,D
10:39:21,PTBA,RG,2630,2,D,SQ,PD,D
10:39:21,PTBA,RG,2630,11,D,SQ,AK,F
10:39:21,PTBA,RG,2630,50,D,SQ,NI,D
10:39:21,PTBA,RG,2630,5,D,SQ,XC,D
10:39:21,PTBA,RG,2630,422,D,SQ,SQ,D
10:39:21,PTBA,RG,2630,4,D,SQ,CC,D
10:39:21,PTBA,RG,2630,7,D,SQ,XL,D
10:39:21,PTBA,RG,2630,620,D,SQ,YJ,D
10:39:12,PTBA,RG,2630,33,D,LG,YJ,D
10:39:12,PTBA,RG,2630,6,D,LG,YJ,D
10:39:05,PTBA,RG,2630,2,F,KZ,YJ,D
10:38:49,PTBA,RG,2630,1,D,PD,YJ,D
10:38:36,PTBA,RG,2630,8,D,XC,YJ,D
10:38:29,PTBA,RG,2620,1,F,KZ,CC,D
10:38:09,PTBA,RG,2630,18,D,PD,YJ,D
10:38:01,PTBA,RG,2630,150,D,DR,YJ,D
10:38:00,PTBA,RG,2630,28,F,AK,YJ,D
10:37:50,PTBA,RG,2630,26,F,KZ,YJ,D
10:37:47,PTBA,RG,2630,208,D,YU,YJ,D
10:37:47,PTBA,RG,2630,1,D,YU,YU,D
10:37:47,PTBA,RG,2630,5,D,YU,YP,D
10:37:47,PTBA,RG,2630,4,D,YU,OD,D
10:37:47,PTBA,RG,2630,10,D,YU,CC,D
10:37:47,PTBA,RG,2630,4,D,YU,CC,D
10:37:47,PTBA,RG,2630,2,D,YU,YP,D
10:37:47,PTBA,RG,2630,4,D,YU,CC,D
10:37:47,PTBA,RG,2630,4,D,YU,CC,D
10:37:47,PTBA,RG,2630,8,D,YU,AK,F
10:37:47,PTBA,RG,2630,200,D,YU,CC,D
10:37:47,PTBA,RG,2630,100,D,YU,CP,D
10:37:09,PTBA,RG,2630,50,D,CC,CP,D
10:36:52,PTBA,RG,2630,5,D,CC,CP,D
10:36:25,PTBA,RG,2630,1,D,YP,CP,D
10:35:49,PTBA,RG,2630,100,D,GR,CP,D
10:35:49,PTBA,RG,2630,30,D,EP,CP,D
10:35:05,PTBA,RG,2620,4,F,KZ,CC,D
10:34:48,PTBA,RG,2620,1,F,KZ,AZ,D
10:34:43,PTBA,RG,2630,16,F,AK,CP,D
10:34:42,PTBA,RG,2620,2,F,KZ,KK,D
10:34:22,PTBA,RG,2620,5,F,BK,EP,D
10:34:20,PTBA,RG,2620,20,F,BK,XC,D
10:34:14,PTBA,RG,2620,67,F,BK,YP,D
10:33:24,PTBA,RG,2620,6,F,BK,YP,D
10:33:10,PTBA,RG,2630,18,D,PD,CP,D
10:32:37,PTBA,RG,2630,2,F,AK,CP,D
10:32:24,PTBA,RG,2630,6,D,KK,CP,D
10:32:09,PTBA,RG,2630,2,D,PD,CP,D
10:32:04,PTBA,RG,2620,13,F,BK,YP,D
10:32:00,PTBA,RG,2630,11,F,AK,CP,D
10:31:21,PTBA,RG,2630,16,D,XC,CP,D
10:30:23,PTBA,RG,2630,3,D,PD,CP,D
10:30:06,PTBA,RG,2620,4,F,BK,NI,D
10:30:00,PTBA,RG,2630,12,F,AK,CP,D
10:29:30,PTBA,RG,2620,9,F,BK,YP,D
10:29:14,PTBA,RG,2620,1,F,BK,XC,D
10:29:07,PTBA,RG,2620,20,F,BK,XC,D
10:28:42,PTBA,RG,2620,3,F,BK,YP,D
10:28:27,PTBA,RG,2630,100,D,YP,CP,D
10:28:09,PTBA,RG,2630,18,D,PD,CP,D
10:27:57,PTBA,RG,2620,110,F,BK,NI,D
10:27:39,PTBA,RG,2630,4,D,PD,CP,D
10:26:05,PTBA,RG,2630,6,F,BK,CP,D
10:26:05,PTBA,RG,2630,8,F,BK,AK,F
10:26:03,PTBA,RG,2620,8,F,AK,AK,F
10:26:03,PTBA,RG,2620,1,F,AK,YU,D
10:26:03,PTBA,RG,2620,10,F,AK,AK,F
10:26:03,PTBA,RG,2620,536,F,AK,GR,D
10:26:01,PTBA,RG,2620,1000,F,BK,GR,D
10:26:00,PTBA,RG,2620,114,F,BK,GR,D
10:26:00,PTBA,RG,2620,100,F,BK,SQ,D
10:26:00,PTBA,RG,2620,4,F,BK,CC,D
10:26:00,PTBA,RG,2620,30,F,BK,XC,D
10:26:00,PTBA,RG,2620,1,F,BK,YU,D
10:26:00,PTBA,RG,2620,1,F,BK,BQ,D
10:26:00,PTBA,RG,2620,4,F,BK,XC,D
10:26:00,PTBA,RG,2620,2,F,BK,SQ,D
10:26:00,PTBA,RG,2620,1,F,BK,PD,D
10:26:00,PTBA,RG,2620,204,F,BK,BK,F
10:26:00,PTBA,RG,2620,73,F,BK,AK,F
10:26:00,PTBA,RG,2620,50,F,BK,PD,D
10:26:00,PTBA,RG,2620,8,F,BK,AK,F
10:26:00,PTBA,RG,2620,100,F,BK,YB,D
10:26:00,PTBA,RG,2620,308,F,BK,BK,F
10:26:00,PTBA,RG,2620,951,F,BK,BK,F
10:26:00,PTBA,RG,2620,1,F,BK,YU,D
10:26:00,PTBA,RG,2620,48,F,BK,DR,D
10:25:59,PTBA,RG,2620,9,D,AI,DR,D
10:25:46,PTBA,RG,2610,15,F,BK,ES,D
10:25:12,PTBA,RG,2610,20,F,BK,DH,D
10:25:11,PTBA,RG,2610,150,F,BK,OD,D
10:24:53,PTBA,RG,2610,37,F,BK,SQ,D
10:24:53,PTBA,RG,2610,1,D,PD,SQ,D
10:24:53,PTBA,RG,2610,50,D,LG,SQ,D
10:24:53,PTBA,RG,2610,1,D,PD,SQ,D
10:24:53,PTBA,RG,2610,5,D,CC,SQ,D
10:24:53,PTBA,RG,2610,5,D,KK,SQ,D
10:24:53,PTBA,RG,2610,3,D,KK,SQ,D
10:24:53,PTBA,RG,2610,10,D,RO,SQ,D
10:24:53,PTBA,RG,2610,25,D,PD,SQ,D
10:24:53,PTBA,RG,2610,50,D,YP,SQ,D
10:24:53,PTBA,RG,2610,10,D,CC,SQ,D
10:24:53,PTBA,RG,2610,20,D,YP,SQ,D
10:24:53,PTBA,RG,2610,30,D,YP,SQ,D
10:24:53,PTBA,RG,2610,20,D,EP,SQ,D
10:24:53,PTBA,RG,2610,1,D,YP,SQ,D
10:24:53,PTBA,RG,2610,20,D,YP,SQ,D
10:24:53,PTBA,RG,2610,1,D,KK,SQ,D
10:24:53,PTBA,RG,2610,5,D,KK,SQ,D
10:24:53,PTBA,RG,2610,25,D,YP,SQ,D
10:24:53,PTBA,RG,2610,5,D,CC,SQ,D
10:24:53,PTBA,RG,2610,1,D,PD,SQ,D
10:24:53,PTBA,RG,2610,1,D,YP,SQ,D
10:24:53,PTBA,RG,2610,5,D,DH,SQ,D
10:24:53,PTBA,RG,2610,46,D,SQ,SQ,D
10:24:16,PTBA,RG,2620,2,D,XC,DR,D
10:23:58,PTBA,RG,2610,104,D,SQ,YP,D
10:23:58,PTBA,RG,2610,26,D,LG,YP,D
10:23:58,PTBA,RG,2610,4,D,LG,YP,D
10:23:58,PTBA,RG,2610,1,D,NI,YP,D
10:23:58,PTBA,RG,2610,25,D,IP,YP,D
10:23:58,PTBA,RG,2610,2,D,NI,YP,D
10:23:58,PTBA,RG,2610,200,D,DH,YP,D
10:23:58,PTBA,RG,2610,3,D,CC,YP,D
10:23:58,PTBA,RG,2610,335,F,KZ,YP,D
10:23:58,PTBA,RG,2610,4,F,KZ,CC,D
10:23:36,PTBA,RG,2610,1,F,KZ,NI,D
10:23:09,PTBA,RG,2620,19,D,PD,DR,D
10:22:51,PTBA,RG,2610,20,F,KZ,CD,D
10:22:26,PTBA,RG,2610,4,F,KZ,CC,D
10:22:12,PTBA,RG,2610,1,F,KZ,YP,D
10:22:08,PTBA,RG,2610,2,F,KZ,YP,D
10:22:07,PTBA,RG,2610,114,F,KZ,CC,D
10:22:07,PTBA,RG,2610,86,F,KZ,CC,D
10:22:05,PTBA,RG,2610,1,F,KZ,XC,D
10:21:22,PTBA,RG,2610,3,F,KZ,CC,D
10:21:20,PTBA,RG,2620,80,D,YP,DR,D
10:21:06,PTBA,RG,2610,1,F,KZ,YP,D
10:20:53,PTBA,RG,2610,20,F,KZ,PD,D
10:20:40,PTBA,RG,2610,20,F,KZ,PD,D
10:20:01,PTBA,RG,2620,10,D,GR,DR,D
10:20:01,PTBA,RG,2620,4,D,PD,DR,D
10:20:01,PTBA,RG,2620,1,D,NI,DR,D
10:20:01,PTBA,RG,2620,1,F,KZ,DR,D
10:20:01,PTBA,RG,2620,1,D,PD,DR,D
10:20:01,PTBA,RG,2620,1,D,PD,DR,D
10:20:01,PTBA,RG,2620,1,F,KZ,DR,D
10:20:01,PTBA,RG,2620,5,D,NI,DR,D
10:20:01,PTBA,RG,2620,2,F,KZ,DR,D
10:20:01,PTBA,RG,2620,1,D,NI,DR,D
10:20:01,PTBA,RG,2620,4,F,KZ,DR,D
10:20:01,PTBA,RG,2620,5,D,HP,DR,D
10:20:01,PTBA,RG,2620,146,F,KZ,DR,D
10:19:56,PTBA,RG,2620,1,F,KZ,YP,D
10:19:55,PTBA,RG,2620,57,F,KZ,YP,D
10:19:55,PTBA,RG,2620,2,D,PD,YP,D
10:19:55,PTBA,RG,2620,1,D,NI,YP,D
10:19:55,PTBA,RG,2620,6,D,EP,YP,D
10:19:55,PTBA,RG,2620,1,D,CC,YP,D
10:19:55,PTBA,RG,2620,14,F,AK,YP,D
10:19:55,PTBA,RG,2620,10,D,KK,YP,D
10:19:55,PTBA,RG,2620,200,D,YP,YP,D
10:19:55,PTBA,RG,2620,15,D,YB,YP,D
10:19:55,PTBA,RG,2620,19,D,YP,YP,D
10:19:55,PTBA,RG,2620,200,D,KI,YP,D
10:19:55,PTBA,RG,2620,3,D,YP,YP,D
10:19:55,PTBA,RG,2620,4,D,YP,CC,D
10:19:53,PTBA,RG,2620,3,D,YP,YP,D
10:19:53,PTBA,RG,2620,1,D,YP,YP,D
10:19:53,PTBA,RG,2620,15,D,PD,YP,D
10:19:49,PTBA,RG,2620,10,D,PD,YP,D
10:19:47,PTBA,RG,2620,20,D,PD,CC,D
10:19:47,PTBA,RG,2620,2,D,PD,XC,D
10:19:37,PTBA,RG,2620,3,D,PD,NI,D
10:19:37,PTBA,RG,2620,1,D,XC,NI,D
10:19:28,PTBA,RG,2620,4,D,XC,CC,D
10:19:27,PTBA,RG,2630,3,D,XC,BK,F
10:19:23,PTBA,RG,2620,2,D,XC,BK,F
10:19:22,PTBA,RG,2620,3,D,XC,EP,D
10:19:22,PTBA,RG,2620,2,D,CC,EP,D
10:19:22,PTBA,RG,2620,25,D,YP,EP,D
10:19:21,PTBA,RG,2630,2,D,PD,BK,F
10:19:14,PTBA,RG,2620,5,D,OD,YP,D
10:19:10,PTBA,RG,2620,5,D,OD,YP,D
10:19:10,PTBA,RG,2620,1,D,YP,YP,D
10:19:03,PTBA,RG,2620,3,D,KK,YP,D
10:19:03,PTBA,RG,2620,2,D,TP,YP,D
10:18:57,PTBA,RG,2620,8,D,TP,YP,D
10:18:57,PTBA,RG,2620,32,D,PD,YP,D
10:18:52,PTBA,RG,2620,8,D,PD,EP,D
10:18:52,PTBA,RG,2620,12,D,LG,EP,D
10:18:52,PTBA,RG,2620,4,D,LG,CC,D
10:18:45,PTBA,RG,2620,1,D,LG,PD,D
10:18:45,PTBA,RG,2620,3,D,LG,PD,D
10:18:45,PTBA,RG,2620,1,D,XC,PD,D
10:18:45,PTBA,RG,2620,3,D,EP,PD,D
10:18:45,PTBA,RG,2620,1,D,YB,PD,D
10:18:45,PTBA,RG,2620,41,D,YU,PD,D
10:18:41,PTBA,RG,2630,2,D,PD,BK,F
10:18:33,PTBA,RG,2620,209,D,YU,NI,D
10:18:33,PTBA,RG,2620,7,D,NI,NI,D
10:18:33,PTBA,RG,2620,7,D,XC,NI,D
10:18:33,PTBA,RG,2620,5,D,CC,NI,D
10:18:33,PTBA,RG,2620,972,D,MI,NI,D
10:18:19,PTBA,RG,2630,5,D,IF,BK,F
10:18:09,PTBA,RG,2630,18,D,PD,BK,F
10:18:08,PTBA,RG,2620,26,D,MI,NI,D
10:18:01,PTBA,RG,2630,2,D,PD,BK,F
10:17:59,PTBA,RG,2630,1,D,YP,BK,F
10:17:57,PTBA,RG,2630,1,D,XC,BK,F
10:17:46,PTBA,RG,2630,1,D,DH,BK,F
10:17:39,PTBA,RG,2630,2,D,XC,BK,F
10:17:39,PTBA,RG,2630,1,D,XC,YU,D
10:17:21,PTBA,RG,2630,1,D,PD,YU,D
10:17:21,PTBA,RG,2630,1,D,PD,YU,D
10:16:33,PTBA,RG,2630,10,D,CC,BK,F
10:16:33,PTBA,RG,2630,2,D,EP,BK,F
10:16:33,PTBA,RG,2630,1,D,PD,BK,F
10:16:33,PTBA,RG,2630,2,D,NI,BK,F
10:16:33,PTBA,RG,2630,4,D,CC,BK,F
10:16:33,PTBA,RG,2630,1,D,CC,BK,F
10:16:33,PTBA,RG,2630,28,D,XC,BK,F
10:16:33,PTBA,RG,2630,6,D,EP,BK,F
10:16:33,PTBA,RG,2630,6,F,KZ,BK,F
10:16:33,PTBA,RG,2630,2,D,YP,BK,F
10:16:33,PTBA,RG,2630,2,D,CC,BK,F
10:16:33,PTBA,RG,2630,2,D,YP,BK,F
10:16:33,PTBA,RG,2630,5,D,PD,BK,F
10:16:33,PTBA,RG,2630,1,F,AK,BK,F
10:16:33,PTBA,RG,2630,11,F,AK,BK,F
10:16:33,PTBA,RG,2630,2,D,PD,BK,F
10:16:33,PTBA,RG,2630,181,F,KZ,BK,F
10:16:32,PTBA,RG,2630,384,F,KZ,AK,F
10:16:32,PTBA,RG,2630,3,D,NI,AK,F
10:16:32,PTBA,RG,2630,2,D,BQ,AK,F
10:16:32,PTBA,RG,2630,25,D,YP,AK,F
10:16:32,PTBA,RG,2630,26,D,LG,AK,F
10:16:32,PTBA,RG,2630,4,D,LG,AK,F
10:16:32,PTBA,RG,2630,10,D,OD,AK,F
10:16:32,PTBA,RG,2630,10,D,KK,AK,F
10:16:32,PTBA,RG,2630,4,D,YP,AK,F
10:16:32,PTBA,RG,2640,2,D,PD,YP,D
10:16:32,PTBA,RG,2630,8,D,YP,CP,D
10:16:32,PTBA,RG,2630,19,D,YP,CP,D
10:16:32,PTBA,RG,2630,3,D,KK,CP,D
10:16:32,PTBA,RG,2630,100,D,YU,CP,D
10:16:32,PTBA,RG,2630,1,D,YP,CP,D
10:16:32,PTBA,RG,2630,232,D,DH,CP,D
10:16:32,PTBA,RG,2630,10,D,PD,CP,D
10:16:32,PTBA,RG,2630,120,F,KZ,CP,D
10:16:32,PTBA,RG,2630,7,D,YU,CP,D
10:16:31,PTBA,RG,2630,20,D,YU,DR,D
10:16:21,PTBA,RG,2630,25,D,YU,SQ,D
10:16:20,PTBA,RG,2630,25,D,YU,SQ,D
10:16:15,PTBA,RG,2630,3,D,YU,CC,D
10:16:01,PTBA,RG,2640,2,D,PD,YP,D
10:15:35,PTBA,RG,2640,2,D,PD,YP,D
10:15:21,PTBA,RG,2640,2,D,PD,YP,D
10:15:19,PTBA,RG,2630,70,D,YU,DR,D
10:15:19,PTBA,RG,2630,343,F,CS,DR,D
10:15:19,PTBA,RG,2630,2,D,XC,DR,D
10:15:19,PTBA,RG,2630,85,D,YP,DR,D
10:15:11,PTBA,RG,2640,1,D,NI,YP,D
10:15:10,PTBA,RG,2630,5,D,YP,YU,D
10:14:53,PTBA,RG,2630,1,D,YP,AN,D
10:14:51,PTBA,RG,2630,1,D,YP,XC,D
10:14:45,PTBA,RG,2630,8,D,YP,DR,D
10:14:45,PTBA,RG,2630,1,D,KK,DR,D
10:14:45,PTBA,RG,2630,1,D,NI,DR,D
10:14:41,PTBA,RG,2640,2,D,PD,YP,D
10:14:10,PTBA,RG,2630,50,D,YP,LG,D
10:14:01,PTBA,RG,2640,2,D,PD,YP,D
10:13:21,PTBA,RG,2640,2,D,PD,YP,D
10:13:08,PTBA,RG,2640,18,D,PD,YP,D
10:12:41,PTBA,RG,2640,2,D,PD,YP,D
10:12:29,PTBA,RG,2640,5,D,KK,YP,D
10:12:22,PTBA,RG,2640,1,D,NI,YP,D
10:12:03,PTBA,RG,2630,10,D,YP,XC,D
10:12:01,PTBA,RG,2640,2,D,PD,YP,D
10:11:48,PTBA,RG,2640,1,D,CC,YP,D
10:11:39,PTBA,RG,2640,11,D,SQ,YP,D
10:11:32,PTBA,RG,2630,30,D,YP,KK,D
10:11:26,PTBA,RG,2640,5,D,CC,YP,D
10:11:23,PTBA,RG,2640,20,D,PD,YP,D
10:11:21,PTBA,RG,2640,2,D,PD,YP,D
10:11:09,PTBA,RG,2640,1,D,XC,YP,D
10:10:41,PTBA,RG,2640,2,D,PD,YP,D
10:10:32,PTBA,RG,2640,5,D,PD,YP,D
10:10:30,PTBA,RG,2630,50,D,YP,IH,D
10:10:03,PTBA,RG,2630,2,D,YP,YU,D
10:10:01,PTBA,RG,2640,2,D,PD,YP,D
10:09:57,PTBA,RG,2640,1,D,CC,YP,D
10:09:21,PTBA,RG,2640,2,D,PD,YP,D
10:09:07,PTBA,RG,2630,50,D,YP,CC,D
10:08:59,PTBA,RG,2640,1,D,NI,YP,D
10:08:56,PTBA,RG,2630,11,D,YP,PD,D
10:08:47,PTBA,RG,2630,2,D,YP,CC,D
10:08:35,PTBA,RG,2630,25,D,YP,PD,D
10:08:32,PTBA,RG,2640,2,D,PD,YP,D
10:08:18,PTBA,RG,2640,100,D,YP,YP,D
10:08:17,PTBA,RG,2640,20,D,CC,YP,D
10:08:14,PTBA,RG,2640,18,D,PD,YP,D
10:08:10,PTBA,RG,2640,1,D,XC,YP,D
10:08:10,PTBA,RG,2640,15,D,YB,YP,D
10:08:10,PTBA,RG,2640,1,F,AK,YP,D
10:08:10,PTBA,RG,2640,12,F,AK,YP,D
10:08:10,PTBA,RG,2640,5,D,PD,YP,D
10:08:10,PTBA,RG,2640,2,D,BQ,YP,D
10:08:10,PTBA,RG,2640,10,D,CC,YP,D
10:08:10,PTBA,RG,2640,27,D,PD,YP,D
10:08:10,PTBA,RG,2640,1,D,XC,YP,D
10:08:10,PTBA,RG,2640,6,D,KK,YP,D
10:08:10,PTBA,RG,2640,5,D,YP,YP,D
10:08:10,PTBA,RG,2640,20,D,CC,YP,D
10:08:10,PTBA,RG,2640,3,D,OD,YP,D
10:08:10,PTBA,RG,2640,11,F,AK,YP,D
10:08:10,PTBA,RG,2640,1,D,DR,YP,D
10:08:10,PTBA,RG,2640,5,D,OD,YP,D
10:08:10,PTBA,RG,2640,1,F,AK,YP,D
10:08:10,PTBA,RG,2640,6,D,XC,YP,D
10:08:10,PTBA,RG,2640,72,F,KZ,YP,D
10:08:10,PTBA,RG,2640,11,D,YP,YP,D
10:08:10,PTBA,RG,2640,1,D,YB,YP,D
10:08:10,PTBA,RG,2640,5,D,YP,YP,D
10:08:10,PTBA,RG,2640,12,F,AK,YP,D
10:08:10,PTBA,RG,2640,3,D,XC,YP,D
10:08:10,PTBA,RG,2640,100,D,YP,YP,D
10:08:10,PTBA,RG,2640,4,D,NI,YP,D
10:08:10,PTBA,RG,2640,60,F,BK,YP,D
10:08:10,PTBA,RG,2640,10,D,KK,YP,D
10:08:10,PTBA,RG,2640,329,F,CS,YP,D
10:08:10,PTBA,RG,2640,2,D,KK,YP,D
10:08:10,PTBA,RG,2640,3,D,PD,YP,D
10:08:10,PTBA,RG,2640,50,D,XA,YP,D
10:08:10,PTBA,RG,2640,2,D,CC,YP,D
10:08:10,PTBA,RG,2640,100,D,PD,YP,D
10:08:10,PTBA,RG,2640,1,F,AK,YP,D
10:08:10,PTBA,RG,2640,25,D,PD,YP,D
10:08:10,PTBA,RG,2640,1,D,YP,YP,D
10:08:10,PTBA,RG,2640,125,D,YP,YP,D
10:08:10,PTBA,RG,2640,50,F,CC,YP,D
10:08:10,PTBA,RG,2640,10,D,PD,YP,D
10:08:10,PTBA,RG,2640,3,D,YP,YP,D
10:08:10,PTBA,RG,2640,1,D,YP,YP,D
10:08:10,PTBA,RG,2640,1,D,XC,YP,D
10:08:10,PTBA,RG,2640,8,D,XL,YP,D
10:08:10,PTBA,RG,2640,3,D,PD,YP,D
10:08:10,PTBA,RG,2640,2,D,YB,YP,D
10:08:10,PTBA,RG,2640,2,D,KK,YP,D
10:08:10,PTBA,RG,2640,17,D,LG,YP,D
10:08:10,PTBA,RG,2640,3,D,LG,YP,D
10:08:10,PTBA,RG,2640,855,F,KZ,YP,D
10:08:10,PTBA,RG,2640,2,D,PD,YP,D
10:08:10,PTBA,RG,2640,20,D,CC,YP,D
10:08:10,PTBA,RG,2640,769,D,DR,YP,D
10:08:09,PTBA,RG,2640,5,D,DR,YP,D
10:08:05,PTBA,RG,2650,3,F,KZ,LS,D
10:08:04,PTBA,RG,2640,2,D,DR,CC,D
10:08:02,PTBA,RG,2650,2,D,PD,LS,D
10:08:02,PTBA,RG,2650,2,D,PD,XC,D
10:08:02,PTBA,RG,2650,30,D,PD,YP,D
10:08:02,PTBA,RG,2650,10,D,PD,PD,D
10:08:02,PTBA,RG,2650,10,D,PD,EP,D
10:08:02,PTBA,RG,2650,1,D,PD,CC,D
10:08:02,PTBA,RG,2650,10,D,PD,PD,D
10:08:02,PTBA,RG,2650,35,D,PD,PD,D
10:08:01,PTBA,RG,2650,2,D,PD,PD,D
10:07:55,PTBA,RG,2640,10,D,DR,CC,D
10:07:33,PTBA,RG,2640,2,D,DR,PD,D
10:07:28,PTBA,RG,2640,50,D,DR,NI,D
10:07:22,PTBA,RG,2650,35,D,CC,PD,D
10:07:21,PTBA,RG,2650,2,D,PD,PD,D
10:06:41,PTBA,RG,2650,2,D,PD,PD,D
10:06:34,PTBA,RG,2640,19,D,DR,DH,D
10:06:02,PTBA,RG,2640,100,D,DR,YP,D
10:06:01,PTBA,RG,2650,2,D,PD,PD,D
10:05:54,PTBA,RG,2640,10,D,DR,PD,D
10:05:40,PTBA,RG,2650,2,D,PD,PD,D
10:05:28,PTBA,RG,2640,33,D,DR,KK,D
10:05:28,PTBA,RG,2640,67,D,PD,KK,D
10:05:21,PTBA,RG,2650,2,D,PD,PD,D
10:05:18,PTBA,RG,2650,10,D,KK,PD,D
10:05:02,PTBA,RG,2650,10,D,PD,PD,D
10:04:57,PTBA,RG,2640,28,D,PD,XL,D
10:04:57,PTBA,RG,2640,4,D,AZ,XL,D
10:04:57,PTBA,RG,2640,156,D,YU,XL,D
10:04:55,PTBA,RG,2650,100,D,GR,PD,D
10:04:41,PTBA,RG,2650,2,D,PD,PD,D
10:04:38,PTBA,RG,2650,1,D,PD,PD,D
10:04:33,PTBA,RG,2640,3,D,YU,NI,D
10:04:21,PTBA,RG,2650,1,D,PD,PD,D
10:04:03,PTBA,RG,2650,250,D,SQ,PD,D
10:04:01,PTBA,RG,2650,2,D,PD,PD,D
10:03:53,PTBA,RG,2650,200,D,CC,PD,D
10:03:50,PTBA,RG,2650,18,D,PD,PD,D
10:03:50,PTBA,RG,2650,35,D,YP,PD,D
10:03:28,PTBA,RG,2650,3,D,OD,PD,D
10:03:21,PTBA,RG,2650,2,D,PD,PD,D
10:03:10,PTBA,RG,2650,2,D,CC,PD,D
10:03:07,PTBA,RG,2640,9,D,YU,XC,D
10:02:46,PTBA,RG,2650,15,D,GR,PD,D
10:02:41,PTBA,RG,2650,2,D,PD,PD,D
10:02:37,PTBA,RG,2650,11,D,YP,PD,D
10:02:31,PTBA,RG,2640,14,D,YU,NI,D
10:02:29,PTBA,RG,2650,5,D,KK,PD,D
10:02:27,PTBA,RG,2650,50,D,YP,PD,D
10:02:25,PTBA,RG,2650,1,D,NI,PD,D
10:02:25,PTBA,RG,2640,12,D,YU,XC,D
10:02:05,PTBA,RG,2640,61,D,YU,PD,D
10:02:01,PTBA,RG,2650,2,D,PD,PD,D
10:01:58,PTBA,RG,2640,60,D,YU,YP,D
10:01:48,PTBA,RG,2640,5,D,YU,DH,D
10:01:45,PTBA,RG,2650,50,D,NI,PD,D
10:01:32,PTBA,RG,2650,2,D,PD,PD,D
10:01:21,PTBA,RG,2650,2,D,PD,PD,D
10:01:19,PTBA,RG,2640,10,D,YU,CC,D
10:01:14,PTBA,RG,2650,10,D,KK,PD,D
10:01:06,PTBA,RG,2650,10,D,PD,PD,D
10:01:01,PTBA,RG,2640,3,D,YU,KK,D
10:00:51,PTBA,RG,2640,10,D,YU,XC,D
10:00:51,PTBA,RG,2650,1,D,EP,PD,D
10:00:50,PTBA,RG,2640,2,D,YU,XC,D
10:00:45,PTBA,RG,2650,5,D,YP,PD,D
10:00:44,PTBA,RG,2650,50,D,XA,PD,D
10:00:41,PTBA,RG,2650,2,D,PD,PD,D
10:00:34,PTBA,RG,2650,2,D,YP,PD,D
10:00:24,PTBA,RG,2640,1,D,YU,YP,D
10:00:20,PTBA,RG,2650,16,D,YP,PD,D
10:00:15,PTBA,RG,2650,43,F,AK,PD,D
10:00:14,PTBA,RG,2650,3,D,YP,PD,D
10:00:14,PTBA,RG,2650,50,D,YP,YP,D
10:00:14,PTBA,RG,2650,2,D,YP,CC,D
10:00:14,PTBA,RG,2650,100,D,YP,YP,D
10:00:14,PTBA,RG,2650,5,D,YP,DH,D
10:00:14,PTBA,RG,2650,1,D,YP,PD,D
10:00:14,PTBA,RG,2650,5,D,YP,PD,D
10:00:14,PTBA,RG,2650,11,D,YP,SH,D
10:00:11,PTBA,RG,2650,100,D,YP,SH,D
10:00:11,PTBA,RG,2650,5,D,PD,SH,D
10:00:09,PTBA,RG,2640,5,D,YU,YP,D
10:00:06,PTBA,RG,2650,2,F,AK,SH,D
10:00:05,PTBA,RG,2650,50,D,DR,SH,D
10:00:05,PTBA,RG,2640,29,D,YU,CC,D
10:00:02,PTBA,RG,2640,9,D,YU,PD,D
10:00:01,PTBA,RG,2650,2,D,PD,SH,D
10:00:01,PTBA,RG,2640,5,D,YU,AN,D
9:59:57,PTBA,RG,2640,12,D,YU,XC,D
9:59:43,PTBA,RG,2640,1,D,YU,YP,D
9:59:41,PTBA,RG,2650,10,D,AI,SH,D
9:59:30,PTBA,RG,2650,10,D,SQ,SH,D
9:59:30,PTBA,RG,2640,1,D,YU,XC,D
9:59:29,PTBA,RG,2640,1,D,YU,DR,D
9:59:27,PTBA,RG,2650,1,D,YP,SH,D
9:59:21,PTBA,RG,2650,2,D,PD,SH,D
9:58:49,PTBA,RG,2650,1,D,PD,SH,D
9:58:46,PTBA,RG,2650,1,D,YP,SH,D
9:58:41,PTBA,RG,2650,2,D,PD,SH,D
9:58:37,PTBA,RG,2640,7,D,YU,PD,D
9:58:36,PTBA,RG,2650,50,D,YP,SH,D
9:58:29,PTBA,RG,2640,200,D,YU,KK,D
9:58:16,PTBA,RG,2650,18,D,PD,SH,D
9:58:15,PTBA,RG,2650,4,D,YP,SH,D
9:58:04,PTBA,RG,2650,2,D,CC,SH,D
9:58:01,PTBA,RG,2650,2,D,PD,SH,D
9:57:53,PTBA,RG,2650,5,D,YU,SH,D
9:57:46,PTBA,RG,2650,5,D,PD,SH,D
9:57:42,PTBA,RG,2650,50,D,DR,SH,D
9:57:21,PTBA,RG,2650,2,D,PD,SH,D
9:57:09,PTBA,RG,2650,1,D,KK,SH,D
9:56:48,PTBA,RG,2650,2,D,PD,SH,D
9:56:48,PTBA,RG,2640,2,D,YU,YP,D
9:56:41,PTBA,RG,2640,2,D,YU,HP,D
9:56:41,PTBA,RG,2650,2,D,PD,SH,D
9:56:38,PTBA,RG,2650,1,D,XC,SH,D
9:56:19,PTBA,RG,2650,75,D,YP,SH,D
9:56:06,PTBA,RG,2650,2,D,KK,SH,D
9:56:06,PTBA,RG,2650,4,D,YP,SH,D
9:56:01,PTBA,RG,2650,35,D,YP,SH,D
9:56:01,PTBA,RG,2650,2,D,PD,SH,D
9:56:00,PTBA,RG,2640,1,D,YU,PD,D
9:55:50,PTBA,RG,2640,39,D,YU,XC,D
9:55:37,PTBA,RG,2650,1,D,PD,SH,D
9:55:37,PTBA,RG,2640,100,D,YU,NI,D
9:55:34,PTBA,RG,2650,20,D,PD,SH,D
9:55:32,PTBA,RG,2640,10,D,YU,CC,D
9:55:16,PTBA,RG,2640,1,D,YU,PD,D
9:55:07,PTBA,RG,2640,229,D,YU,NI,D
9:55:07,PTBA,RG,2640,35,D,EP,NI,D
9:55:07,PTBA,RG,2640,2,F,KZ,NI,D
9:55:07,PTBA,RG,2640,2,F,KZ,NI,D
9:55:07,PTBA,RG,2640,4,F,KZ,NI,D
9:55:07,PTBA,RG,2640,247,F,KZ,NI,D
9:55:07,PTBA,RG,2640,8,F,KZ,NI,D
9:55:07,PTBA,RG,2640,132,F,KZ,NI,D
9:55:07,PTBA,RG,2640,1,F,KZ,NI,D
9:55:07,PTBA,RG,2640,18,F,KZ,NI,D
9:55:07,PTBA,RG,2640,20,F,CC,NI,D
9:55:07,PTBA,RG,2640,2,D,PD,NI,D
9:54:58,PTBA,RG,2640,20,D,YJ,XC,D
9:54:57,PTBA,RG,2640,10,D,YJ,PD,D
9:54:52,PTBA,RG,2640,100,D,YJ,HP,D
9:54:52,PTBA,RG,2650,20,D,YB,SH,D
9:54:52,PTBA,RG,2650,1,D,YB,YB,D
9:54:52,PTBA,RG,2650,5,D,YB,PD,D
9:54:52,PTBA,RG,2650,1,D,YB,XC,D
9:54:52,PTBA,RG,2650,30,D,YB,IP,D
9:54:52,PTBA,RG,2640,10,D,YJ,YP,D
9:54:51,PTBA,RG,2640,2,D,YJ,NI,D
9:54:46,PTBA,RG,2640,5,D,YJ,DR,D
9:54:42,PTBA,RG,2640,3,D,YJ,YP,D
9:54:41,PTBA,RG,2650,2,D,PD,IP,D
9:54:32,PTBA,RG,2640,75,D,YJ,YB,D
9:54:32,PTBA,RG,2640,2,D,YJ,KK,D
9:54:28,PTBA,RG,2640,5,D,YJ,YP,D
9:54:22,PTBA,RG,2640,10,D,YJ,GR,D
9:54:22,PTBA,RG,2640,7,D,YJ,AK,F
9:54:22,PTBA,RG,2640,10,D,YJ,PD,D
9:54:22,PTBA,RG,2640,100,D,YJ,DR,D
9:54:22,PTBA,RG,2640,41,D,YJ,YP,D
9:54:22,PTBA,RG,2640,20,D,YJ,XC,D
9:54:22,PTBA,RG,2640,10,D,YJ,PD,D
9:54:22,PTBA,RG,2640,100,D,YJ,LG,D
9:54:22,PTBA,RG,2640,5,D,YJ,KK,D
9:54:22,PTBA,RG,2640,20,D,YJ,CC,D
9:54:22,PTBA,RG,2640,31,D,YJ,XC,D
9:54:22,PTBA,RG,2640,3,D,YJ,YP,D
9:54:22,PTBA,RG,2640,46,D,YJ,PD,D
9:54:22,PTBA,RG,2640,1,D,YJ,CC,D
9:54:22,PTBA,RG,2640,5,D,YJ,YP,D
9:54:22,PTBA,RG,2640,300,D,YJ,CC,D
9:54:22,PTBA,RG,2640,1,D,YJ,PD,D
9:54:22,PTBA,RG,2640,50,D,YJ,HP,D
9:54:22,PTBA,RG,2640,25,D,YJ,NI,D
9:54:22,PTBA,RG,2640,10,D,YJ,PD,D
9:54:22,PTBA,RG,2640,2,D,YJ,YP,D
9:54:22,PTBA,RG,2640,20,D,YJ,PD,D
9:54:22,PTBA,RG,2640,100,D,YJ,YP,D
9:54:22,PTBA,RG,2640,40,D,YJ,XC,D
9:54:22,PTBA,RG,2640,38,D,YJ,XL,D
9:54:22,PTBA,RG,2640,1,D,YJ,PD,D
9:54:22,PTBA,RG,2640,4,D,YJ,XC,D
9:54:22,PTBA,RG,2640,1,D,YJ,XC,D
9:54:22,PTBA,RG,2640,10,D,YJ,PD,D
9:54:22,PTBA,RG,2640,10,D,YJ,PD,D
9:54:22,PTBA,RG,2640,50,D,YJ,KK,D
9:54:22,PTBA,RG,2640,2,D,YJ,CC,D
9:54:22,PTBA,RG,2640,3,D,YJ,NI,D
9:54:22,PTBA,RG,2640,15,D,YJ,XL,D
9:54:22,PTBA,RG,2640,4,D,YJ,CC,D
9:54:22,PTBA,RG,2640,250,D,YJ,YP,D
9:54:22,PTBA,RG,2640,1,D,YJ,YP,D
9:54:22,PTBA,RG,2640,1,D,YJ,XA,D
9:54:22,PTBA,RG,2640,2,D,YJ,CC,D
9:54:22,PTBA,RG,2640,2,D,YJ,OD,D
9:54:22,PTBA,RG,2640,1,D,YJ,XC,D
9:54:22,PTBA,RG,2640,10,D,YJ,YP,D
9:54:22,PTBA,RG,2640,5,D,YJ,YP,D
9:54:22,PTBA,RG,2640,1,D,YJ,XC,D
9:54:22,PTBA,RG,2640,20,D,YJ,PD,D
9:54:22,PTBA,RG,2640,5,D,YJ,YP,D
9:54:22,PTBA,RG,2640,200,D,YJ,PD,D
9:54:22,PTBA,RG,2640,775,D,YJ,MI,D
9:54:07,PTBA,RG,2630,1,D,YP,XC,D
9:54:01,PTBA,RG,2640,2,D,PD,MI,D
9:53:23,PTBA,RG,2630,86,D,YP,CC,D
9:53:21,PTBA,RG,2640,2,D,PD,MI,D
9:53:10,PTBA,RG,2640,18,D,PD,MI,D
9:52:41,PTBA,RG,2640,2,D,PD,MI,D
9:52:38,PTBA,RG,2630,3,D,YP,CC,D
9:52:27,PTBA,RG,2630,1,D,YP,PD,D
9:52:17,PTBA,RG,2630,10,D,YP,NI,D
9:52:14,PTBA,RG,2640,40,D,CC,MI,D
9:52:10,PTBA,RG,2640,1,D,NI,MI,D
9:52:01,PTBA,RG,2640,2,D,PD,MI,D
9:51:21,PTBA,RG,2640,2,D,PD,MI,D
9:50:41,PTBA,RG,2630,164,D,YP,AK,F
9:50:41,PTBA,RG,2630,7,D,YP,AK,F
9:50:41,PTBA,RG,2630,1,D,YP,YU,D
9:50:41,PTBA,RG,2630,3,D,YP,YP,D
9:50:41,PTBA,RG,2630,10,D,YP,XC,D
9:50:41,PTBA,RG,2630,1,D,YP,YU,D
9:50:41,PTBA,RG,2630,5,D,YP,CC,D
9:50:41,PTBA,RG,2630,3,D,YP,YP,D
9:50:41,PTBA,RG,2630,1,D,YP,NI,D
9:50:41,PTBA,RG,2630,3,D,YP,CC,D
9:50:41,PTBA,RG,2630,3,D,YP,XC,D
9:50:41,PTBA,RG,2630,10,D,YP,YP,D
9:50:41,PTBA,RG,2630,5,D,YP,YB,D
9:50:41,PTBA,RG,2630,6,D,YP,AK,F
9:50:41,PTBA,RG,2630,4,D,YP,YB,D
9:50:41,PTBA,RG,2630,200,D,YP,IF,D
9:50:41,PTBA,RG,2630,100,D,YP,XA,D
9:50:41,PTBA,RG,2630,100,D,YP,XA,D
9:50:41,PTBA,RG,2630,100,D,YP,XA,D
9:50:41,PTBA,RG,2630,100,D,YP,XA,D
9:50:41,PTBA,RG,2630,91,D,YP,AK,F
9:50:41,PTBA,RG,2630,213,D,YP,CS,F
9:50:41,PTBA,RG,2630,2,D,PD,CS,F
9:50:35,PTBA,RG,2630,6,F,KZ,CS,F
9:50:35,PTBA,RG,2630,5,F,KZ,CS,F
9:50:35,PTBA,RG,2630,2,F,KZ,CS,F
9:50:33,PTBA,RG,2630,44,D,KK,CS,F
9:50:33,PTBA,RG,2630,25,D,KK,TP,D
9:50:33,PTBA,RG,2630,10,D,KK,PD,D
9:50:33,PTBA,RG,2630,121,D,KK,PD,D
9:50:18,PTBA,RG,2630,2,D,XC,PD,D
9:50:01,PTBA,RG,2630,2,D,PD,PD,D
9:49:54,PTBA,RG,2630,2,D,YP,PD,D
9:49:21,PTBA,RG,2630,2,D,PD,PD,D
9:49:20,PTBA,RG,2630,10,D,PD,PD,D
9:49:10,PTBA,RG,2630,5,D,CC,PD,D
9:48:41,PTBA,RG,2630,2,D,PD,PD,D
9:48:36,PTBA,RG,2630,25,D,YP,PD,D
9:48:10,PTBA,RG,2630,18,D,PD,PD,D
9:48:01,PTBA,RG,2630,2,D,PD,PD,D
9:47:54,PTBA,RG,2620,1,D,MI,ZP,D
9:47:42,PTBA,RG,2630,9,D,HP,PD,D
9:47:42,PTBA,RG,2630,10,D,HP,XC,D
9:47:42,PTBA,RG,2630,1,D,HP,YU,D
9:47:24,PTBA,RG,2620,1,D,MI,CC,D
9:47:24,PTBA,RG,2620,1,D,GR,CC,D
9:47:21,PTBA,RG,2630,2,D,PD,YU,D
9:46:41,PTBA,RG,2630,1,D,PD,XC,D
9:46:41,PTBA,RG,2630,1,D,PD,YP,D
9:46:12,PTBA,RG,2630,6,D,KK,YP,D
9:46:12,PTBA,RG,2630,1,D,KK,YU,D
9:46:12,PTBA,RG,2630,3,D,KK,PD,D
9:46:02,PTBA,RG,2630,1,D,YP,PD,D
9:46:01,PTBA,RG,2630,2,D,PD,PD,D
9:45:54,PTBA,RG,2630,1,D,PD,PD,D
9:45:27,PTBA,RG,2630,1,D,PD,PD,D
9:45:07,PTBA,RG,2630,2,F,KZ,PD,D
9:45:07,PTBA,RG,2630,4,D,OD,PD,D
9:45:07,PTBA,RG,2630,4,F,KZ,PD,D
9:45:07,PTBA,RG,2630,24,D,YP,PD,D
9:45:07,PTBA,RG,2630,55,F,KZ,PD,D
9:45:07,PTBA,RG,2630,20,D,LG,PD,D
9:45:07,PTBA,RG,2630,18,F,KZ,PD,D
9:45:07,PTBA,RG,2630,2,D,PD,PD,D
9:45:07,PTBA,RG,2630,63,D,CP,PD,D
9:44:48,PTBA,RG,2630,15,D,CP,PD,D
9:44:41,PTBA,RG,2640,2,D,PD,MI,D
9:44:36,PTBA,RG,2630,2,D,CP,AT,D
9:44:25,PTBA,RG,2630,5,D,CP,YP,D
9:44:08,PTBA,RG,2630,2,D,CP,XC,D
9:44:08,PTBA,RG,2630,2,D,CP,CC,D
9:44:08,PTBA,RG,2630,50,D,CP,LG,D
9:44:08,PTBA,RG,2630,5,D,CP,YP,D
9:44:08,PTBA,RG,2630,20,D,CP,NI,D
9:44:08,PTBA,RG,2630,4,D,CP,CC,D
9:44:08,PTBA,RG,2630,16,D,CP,XC,D
9:44:08,PTBA,RG,2630,2,D,CP,DR,D
9:44:08,PTBA,RG,2630,14,D,CP,PD,D
9:44:00,PTBA,RG,2630,35,D,NI,PD,D
9:44:00,PTBA,RG,2630,65,D,NI,GR,D
9:43:50,PTBA,RG,2630,1,D,CC,GR,D
9:43:35,PTBA,RG,2630,1,D,YP,GR,D
9:43:26,PTBA,RG,2630,30,D,YJ,GR,D
9:43:22,PTBA,RG,2630,2,D,PD,GR,D
9:43:22,PTBA,RG,2630,1,D,PD,GR,D
9:43:22,PTBA,RG,2630,38,D,YP,GR,D
9:43:22,PTBA,RG,2630,4,F,KZ,GR,D
9:43:22,PTBA,RG,2630,25,F,KZ,DR,D
9:43:12,PTBA,RG,2630,8,F,KZ,PD,D
9:43:12,PTBA,RG,2630,2,D,PD,PD,D
9:43:12,PTBA,RG,2630,190,D,XC,PD,D
9:43:11,PTBA,RG,2630,1,D,XC,XC,D
9:43:05,PTBA,RG,2640,18,D,PD,MI,D
9:43:04,PTBA,RG,2630,2,D,XC,CC,D
9:42:47,PTBA,RG,2630,3,D,XC,XL,D
9:42:47,PTBA,RG,2630,5,D,XC,YP,D
9:42:47,PTBA,RG,2630,1,D,XC,XC,D
9:42:47,PTBA,RG,2630,2,D,XC,KK,D
9:42:47,PTBA,RG,2630,1,D,XC,PD,D
9:42:26,PTBA,RG,2630,1,D,PD,PD,D
9:42:24,PTBA,RG,2630,1,D,PD,PD,D
9:42:24,PTBA,RG,2630,9,F,KZ,PD,D
9:42:24,PTBA,RG,2630,2,D,CC,PD,D
9:42:24,PTBA,RG,2630,16,D,LG,PD,D
9:42:24,PTBA,RG,2630,3,D,LG,PD,D
9:42:24,PTBA,RG,2630,18,D,XC,PD,D
9:42:24,PTBA,RG,2630,1,D,YB,PD,D
9:42:24,PTBA,RG,2630,70,F,KZ,PD,D
9:42:21,PTBA,RG,2630,50,F,KZ,PD,D
9:42:18,PTBA,RG,2630,150,F,KZ,NI,D
9:42:12,PTBA,RG,2630,2,F,KZ,CC,D
9:42:11,PTBA,RG,2630,10,F,KZ,TP,D
9:42:11,PTBA,RG,2630,60,F,KZ,TP,D
9:41:26,PTBA,RG,2630,41,F,KZ,XC,D
9:41:26,PTBA,RG,2630,2,F,KZ,XC,D
9:41:26,PTBA,RG,2630,5,F,KZ,XC,D
9:41:26,PTBA,RG,2630,2,D,PD,XC,D
9:41:26,PTBA,RG,2630,24,D,YP,XC,D
9:41:21,PTBA,RG,2630,1,D,YP,CC,D
9:41:21,PTBA,RG,2630,2,D,YP,XC,D
9:41:21,PTBA,RG,2630,5,D,YP,PD,D
9:41:21,PTBA,RG,2630,2,D,YP,YP,D
9:41:21,PTBA,RG,2630,10,D,YP,CC,D
9:41:21,PTBA,RG,2630,1,D,YP,YP,D
9:41:21,PTBA,RG,2630,90,D,YP,PD,D
9:41:21,PTBA,RG,2630,1,D,YP,YU,D
9:41:21,PTBA,RG,2630,20,D,YP,YP,D
9:41:21,PTBA,RG,2630,5,D,YP,KK,D
9:41:21,PTBA,RG,2630,2,D,YP,YP,D
9:41:21,PTBA,RG,2630,100,D,YP,YP,D
9:41:21,PTBA,RG,2630,1,D,YP,YP,D
9:41:21,PTBA,RG,2630,5,D,YP,DX,D
9:41:21,PTBA,RG,2630,10,D,YP,NI,D
9:41:21,PTBA,RG,2630,228,D,YP,CS,F
9:41:21,PTBA,RG,2630,2,D,PD,CS,F
9:41:19,PTBA,RG,2630,20,D,PD,CS,F
9:40:48,PTBA,RG,2630,2,D,PD,CS,F
9:40:44,PTBA,RG,2630,21,D,YP,CS,F
9:40:44,PTBA,RG,2630,2,D,YP,CC,D
9:40:44,PTBA,RG,2630,27,D,YP,OD,D
9:40:41,PTBA,RG,2630,2,D,PD,OD,D
9:40:19,PTBA,RG,2630,2,D,OD,OD,D
9:40:14,PTBA,RG,2620,2,D,GR,PD,D
9:40:02,PTBA,RG,2630,3,D,CC,OD,D
9:40:01,PTBA,RG,2630,2,D,PD,OD,D
9:39:49,PTBA,RG,2630,10,D,YP,OD,D
9:39:43,PTBA,RG,2630,18,D,YP,OD,D
9:39:43,PTBA,RG,2630,15,D,YP,YP,D
9:39:43,PTBA,RG,2630,10,D,YP,AK,F
9:39:43,PTBA,RG,2630,10,D,YP,YP,D
9:39:43,PTBA,RG,2630,139,D,YP,BK,F
9:39:43,PTBA,RG,2630,336,D,YP,AZ,D
9:39:35,PTBA,RG,2630,35,D,XC,AZ,D
9:39:35,PTBA,RG,2630,1,D,CC,AZ,D
9:39:18,PTBA,RG,2630,1,D,PC,AZ,D
9:39:17,PTBA,RG,2630,1,D,XA,AZ,D
9:39:11,PTBA,RG,2630,2,D,YP,AZ,D
9:39:08,PTBA,RG,2630,50,D,OD,AZ,D
9:39:06,PTBA,RG,2630,100,D,PD,AZ,D
9:39:02,PTBA,RG,2630,1,D,YP,AZ,D
9:38:57,PTBA,RG,2630,18,D,PD,AZ,D
9:38:56,PTBA,RG,2630,75,D,PD,AZ,D
9:38:56,PTBA,RG,2630,2,D,PD,AZ,D
9:38:56,PTBA,RG,2630,5,D,CC,AZ,D
9:38:56,PTBA,RG,2630,145,F,KZ,AZ,D
9:38:56,PTBA,RG,2630,480,F,KZ,AZ,D
9:38:56,PTBA,RG,2630,2,D,NI,AZ,D
9:38:56,PTBA,RG,2630,25,F,CC,AZ,D
9:38:56,PTBA,RG,2630,200,D,LG,AZ,D
9:38:56,PTBA,RG,2630,3,D,XC,AZ,D
9:38:56,PTBA,RG,2630,518,F,CS,AZ,D
9:38:54,PTBA,RG,2630,32,F,CS,AK,F
9:38:54,PTBA,RG,2630,149,F,BK,AK,F
9:38:52,PTBA,RG,2630,1,F,BK,DH,D
9:38:50,PTBA,RG,2630,5,F,BK,CC,D
9:38:47,PTBA,RG,2630,1,F,BK,PD,D
9:38:47,PTBA,RG,2630,10,F,BK,PD,D
9:38:38,PTBA,RG,2640,1,D,YP,MI,D
9:38:37,PTBA,RG,2640,135,D,XC,MI,D
9:38:37,PTBA,RG,2640,5,D,XC,XA,D
9:38:37,PTBA,RG,2640,3,D,XC,PD,D
9:38:37,PTBA,RG,2640,7,D,XC,YJ,D
9:38:23,PTBA,RG,2640,93,D,NI,YJ,D
9:38:23,PTBA,RG,2640,10,D,NI,YP,D
9:38:23,PTBA,RG,2640,3,D,NI,YP,D
9:38:23,PTBA,RG,2640,20,D,NI,GR,D
9:38:23,PTBA,RG,2640,224,D,NI,OD,D
9:38:14,PTBA,RG,2640,10,D,YP,OD,D
9:38:07,PTBA,RG,2640,240,F,BK,AK,F
9:38:06,PTBA,RG,2640,8,F,BK,OD,D
9:38:06,PTBA,RG,2640,2,D,PD,OD,D
9:38:06,PTBA,RG,2640,1115,F,KZ,AK,F
9:38:05,PTBA,RG,2640,10,F,KZ,YP,D
9:38:00,PTBA,RG,2640,1,F,KZ,AK,F
9:37:59,PTBA,RG,2640,40,D,YP,AK,F
9:37:59,PTBA,RG,2640,433,F,BK,AK,F
9:37:59,PTBA,RG,2640,20,F,BK,NI,D
9:37:59,PTBA,RG,2640,2,D,PD,NI,D
9:37:58,PTBA,RG,2640,125,D,YP,AK,F
9:37:58,PTBA,RG,2650,68,F,BK,IP,D
9:37:58,PTBA,RG,2650,25,F,BK,XL,D
9:37:58,PTBA,RG,2650,25,F,BK,IP,D
9:37:58,PTBA,RG,2650,1,F,BK,PD,D
9:37:57,PTBA,RG,2640,50,D,YP,PD,D
9:37:57,PTBA,RG,2640,2,D,YP,YP,D
9:37:57,PTBA,RG,2640,123,D,YP,PD,D
9:37:55,PTBA,RG,2630,5,F,KZ,SQ,D
9:37:55,PTBA,RG,2640,152,F,KZ,PD,D
9:37:55,PTBA,RG,2640,6,F,KZ,PD,D
9:37:55,PTBA,RG,2640,90,F,KZ,PD,D
9:37:53,PTBA,RG,2640,129,F,BK,PD,D
9:37:53,PTBA,RG,2640,5,F,BK,GR,D
9:37:53,PTBA,RG,2640,100,F,BK,DH,D
9:37:53,PTBA,RG,2640,5,F,BK,PD,D
9:37:53,PTBA,RG,2640,2,F,BK,CC,D
9:37:53,PTBA,RG,2640,3,F,BK,KK,D
9:37:53,PTBA,RG,2640,10,F,BK,YP,D
9:37:50,PTBA,RG,2640,90,D,NI,YP,D
9:37:50,PTBA,RG,2640,10,D,NI,PD,D
9:37:50,PTBA,RG,2640,527,D,NI,KK,D
9:37:50,PTBA,RG,2640,1,D,NI,GR,D
9:37:50,PTBA,RG,2640,24,D,NI,YP,D
9:37:50,PTBA,RG,2640,87,D,NI,PD,D
9:37:50,PTBA,RG,2640,50,D,NI,YP,D
9:37:50,PTBA,RG,2640,5,D,NI,PD,D
9:37:50,PTBA,RG,2640,1,D,NI,NI,D
9:37:50,PTBA,RG,2640,2,D,NI,CC,D
9:37:50,PTBA,RG,2640,10,D,NI,YP,D
9:37:50,PTBA,RG,2640,1,D,NI,YP,D
9:37:50,PTBA,RG,2640,50,D,NI,LG,D
9:37:50,PTBA,RG,2640,10,D,NI,DX,D
9:37:50,PTBA,RG,2640,1,D,NI,KK,D
9:37:50,PTBA,RG,2640,62,D,NI,CC,D
9:37:50,PTBA,RG,2640,40,D,NI,YP,D
9:37:50,PTBA,RG,2640,2,D,NI,CC,D
9:37:50,PTBA,RG,2640,50,D,NI,LS,D
9:37:50,PTBA,RG,2640,10,D,NI,YP,D
9:37:50,PTBA,RG,2640,20,D,NI,CC,D
9:37:50,PTBA,RG,2640,3,D,NI,XC,D
9:37:50,PTBA,RG,2640,444,D,NI,YP,D
9:37:34,PTBA,RG,2630,1,F,KZ,NI,D
9:37:33,PTBA,RG,2630,70,F,KZ,XC,D
9:37:32,PTBA,RG,2630,1,F,KZ,XA,D
9:37:27,PTBA,RG,2630,20,F,KZ,XC,D
9:37:21,PTBA,RG,2640,2,D,PD,YP,D
9:37:17,PTBA,RG,2640,34,F,BK,YP,D
9:37:13,PTBA,RG,2640,20,D,OD,YP,D
9:37:13,PTBA,RG,2640,30,D,OD,YP,D
9:37:07,PTBA,RG,2630,8,F,KZ,XC,D
9:37:06,PTBA,RG,2640,20,F,BK,YP,D
9:37:06,PTBA,RG,2640,1,F,BK,PD,D
9:37:06,PTBA,RG,2640,12,F,BK,CC,D
9:37:06,PTBA,RG,2640,1,F,BK,YB,D
9:37:06,PTBA,RG,2640,1,F,BK,YB,D
9:37:03,PTBA,RG,2630,45,F,KZ,CC,D
9:37:03,PTBA,RG,2640,49,F,BK,YB,D
9:37:03,PTBA,RG,2640,7,F,BK,YB,D
9:37:03,PTBA,RG,2640,1,F,BK,PD,D
9:37:03,PTBA,RG,2640,20,F,BK,YJ,D
9:37:03,PTBA,RG,2640,1,F,BK,XC,D
9:37:00,PTBA,RG,2630,5,F,KZ,KK,D
9:37:00,PTBA,RG,2630,50,F,KZ,YP,D
9:37:00,PTBA,RG,2630,2,F,KZ,CC,D
9:37:00,PTBA,RG,2630,10,F,KZ,PD,D
9:37:00,PTBA,RG,2630,2,F,KZ,CC,D
9:37:00,PTBA,RG,2630,10,F,KZ,PD,D
9:37:00,PTBA,RG,2630,10,F,KZ,PD,D
9:37:00,PTBA,RG,2630,5,F,KZ,PD,D
9:37:00,PTBA,RG,2630,15,F,KZ,DR,D
9:37:00,PTBA,RG,2630,2,F,KZ,PD,D
9:37:00,PTBA,RG,2630,250,F,KZ,OD,D
9:37:00,PTBA,RG,2630,4,F,KZ,XC,D
9:37:00,PTBA,RG,2630,5,F,KZ,PD,D
9:37:00,PTBA,RG,2630,6,F,KZ,NI,D
9:37:00,PTBA,RG,2630,1,F,KZ,PD,D
9:37:00,PTBA,RG,2630,20,F,KZ,XC,D
9:37:00,PTBA,RG,2630,10,F,KZ,YP,D
9:37:00,PTBA,RG,2630,6,F,KZ,DX,D
9:36:58,PTBA,RG,2630,4,F,BK,DX,D
9:36:58,PTBA,RG,2630,2,F,BK,CC,D
9:36:58,PTBA,RG,2630,34,F,BK,DR,D
9:36:57,PTBA,RG,2630,1,D,YP,DR,D
9:36:55,PTBA,RG,2630,55,F,KZ,DR,D
9:36:55,PTBA,RG,2630,2,F,KZ,CC,D
9:36:55,PTBA,RG,2630,10,F,KZ,YP,D
9:36:55,PTBA,RG,2630,172,F,KZ,AO,D
9:36:54,PTBA,RG,2630,49,F,BK,AO,D
9:36:50,PTBA,RG,2630,90,F,KZ,AO,D
9:36:50,PTBA,RG,2630,122,F,BK,AO,D
9:36:44,PTBA,RG,2630,267,F,BK,AO,D
9:36:44,PTBA,RG,2630,10,F,BK,CC,D
9:36:44,PTBA,RG,2630,4,F,BK,YP,D
9:36:44,PTBA,RG,2630,30,F,BK,YP,D
9:36:44,PTBA,RG,2630,350,F,BK,GR,D
9:36:44,PTBA,RG,2630,30,F,BK,GR,D
9:36:44,PTBA,RG,2630,1,F,BK,YB,D
9:36:44,PTBA,RG,2630,2,F,BK,PD,D
9:36:44,PTBA,RG,2630,1,F,BK,PD,D
9:36:44,PTBA,RG,2630,1,F,BK,PD,D
9:36:42,PTBA,RG,2620,143,F,AK,BK,F
9:36:42,PTBA,RG,2620,10,F,AK,PD,D
9:36:42,PTBA,RG,2620,2,F,AK,CC,D
9:36:42,PTBA,RG,2620,5,F,AK,PD,D
9:36:42,PTBA,RG,2620,4,F,AK,NI,D
9:36:42,PTBA,RG,2620,5,F,AK,XC,D
9:36:42,PTBA,RG,2620,10,F,AK,PD,D
9:36:42,PTBA,RG,2620,2,F,AK,CC,D
9:36:42,PTBA,RG,2620,4,F,AK,YP,D
9:36:42,PTBA,RG,2620,125,F,AK,OD,D
9:36:42,PTBA,RG,2620,1411,F,AK,YJ,D
9:36:42,PTBA,RG,2620,1,F,AK,DH,D
9:36:42,PTBA,RG,2620,413,F,AK,LG,D
9:36:41,PTBA,RG,2620,312,F,AK,LG,D
9:36:41,PTBA,RG,2620,12,F,AK,PD,D
9:36:41,PTBA,RG,2620,5,F,AK,PD,D
9:36:41,PTBA,RG,2620,50,F,AK,YU,D
9:36:41,PTBA,RG,2620,100,F,AK,PD,D
9:36:41,PTBA,RG,2620,3,F,AK,NI,D
9:36:41,PTBA,RG,2620,7,F,AK,DH,D
9:36:41,PTBA,RG,2620,3,F,AK,KK,D
9:36:41,PTBA,RG,2620,2,F,AK,NI,D
9:36:41,PTBA,RG,2620,6,F,AK,YP,D
9:36:41,PTBA,RG,2620,2,D,PD,YP,D
