Time,Stock,Brd,Price,Qty,BT,BC,SC,ST
15:14:04,PTBA,RG,2710,114,D,YJ,KK,D
15:14:04,PTBA,RG,2710,10,D,PD,KK,D
15:14:04,PTBA,RG,2710,50,D,YP,KK,D
15:14:04,PTBA,RG,2710,26,D,YP,KK,D
15:13:43,PTBA,RG,2710,1,D,YP,XC,D
15:13:37,PTBA,RG,2710,1,D,YP,EP,D
15:13:36,PTBA,RG,2710,2,D,YP,XL,D
15:13:36,PTBA,RG,2710,5,D,SQ,XL,D
15:13:36,PTBA,RG,2710,29,D,OD,XL,D
15:13:12,PTBA,RG,2710,10,D,OD,CC,D
15:13:10,PTBA,RG,2710,11,D,OD,KK,D
15:13:10,PTBA,RG,2710,1,D,CC,KK,D
15:13:10,PTBA,RG,2710,9,D,SQ,KK,D
15:11:40,PTBA,RG,2710,10,D,SQ,YP,D
15:11:27,PTBA,RG,2710,4,D,SQ,PD,D
15:11:18,PTBA,RG,2710,2,D,SQ,XL,D
15:11:05,PTBA,RG,2710,6,D,SQ,AZ,D
15:11:05,PTBA,RG,2710,2,D,SQ,XL,D
15:11:05,PTBA,RG,2710,500,D,SQ,AZ,D
15:11:05,PTBA,RG,2710,166,D,SQ,YJ,D
15:11:05,PTBA,RG,2710,15,D,SQ,DR,D
15:11:05,PTBA,RG,2710,20,D,SQ,EP,D
15:11:05,PTBA,RG,2710,1,D,SQ,XC,D
15:11:05,PTBA,RG,2710,1432,D,SQ,YP,D
15:11:05,PTBA,RG,2710,2,D,SQ,YB,D
15:11:05,PTBA,RG,2710,2,D,SQ,YP,D
15:11:05,PTBA,RG,2710,500,D,SQ,DR,D
15:11:05,PTBA,RG,2710,100,D,SQ,KK,D
15:11:05,PTBA,RG,2710,32,D,SQ,BB,D
15:11:05,PTBA,RG,2710,60,D,SQ,PD,D
15:11:05,PTBA,RG,2710,15,D,SQ,MK,D
15:11:05,PTBA,RG,2710,1,D,SQ,OD,D
15:11:05,PTBA,RG,2710,50,D,SQ,YP,D
15:11:05,PTBA,RG,2710,35,D,SQ,KK,D
15:11:05,PTBA,RG,2710,36,D,SQ,CC,D
15:10:54,PTBA,RG,2710,350,D,EP,CC,D
15:10:53,PTBA,RG,2710,1,D,NI,CC,D
15:10:43,PTBA,RG,2710,15,D,NI,CC,D
15:10:33,PTBA,RG,2710,598,D,DR,CC,D
15:10:33,PTBA,RG,2710,7,D,DR,NI,D
15:10:33,PTBA,RG,2710,23,D,DR,CC,D
15:10:33,PTBA,RG,2710,2,D,DR,CP,D
15:10:33,PTBA,RG,2710,20,D,DR,IF,D
15:10:33,PTBA,RG,2710,5,D,DR,CC,D
15:10:33,PTBA,RG,2710,2,D,DR,XC,D
15:10:33,PTBA,RG,2710,20,D,DR,GR,D
15:10:33,PTBA,RG,2710,4,D,DR,IF,D
15:10:33,PTBA,RG,2710,1,D,DR,XC,D
15:10:33,PTBA,RG,2710,20,D,DR,KK,D
15:10:33,PTBA,RG,2710,28,D,DR,XC,D
15:10:33,PTBA,RG,2710,180,D,DR,PD,D
15:10:33,PTBA,RG,2710,5,D,DR,EP,D
15:10:33,PTBA,RG,2710,35,D,DR,CC,D
15:10:33,PTBA,RG,2710,50,D,DR,YU,D
15:10:32,PTBA,RG,2710,200,D,YP,YU,D
15:10:29,PTBA,RG,2710,1,D,NI,YU,D
15:10:20,PTBA,RG,2710,5,D,LG,YU,D
15:09:36,PTBA,RG,2710,1,D,YB,YU,D
15:09:35,PTBA,RG,2710,1,D,GR,YU,D
15:09:33,PTBA,RG,2710,10,D,YP,YU,D
15:09:33,PTBA,RG,2710,10,D,YP,YU,D
15:09:30,PTBA,RG,2710,99,D,PD,YU,D
15:09:19,PTBA,RG,2710,19,D,CC,YU,D
15:08:48,PTBA,RG,2710,20,D,YP,YU,D
15:08:41,PTBA,RG,2710,5,D,NI,YU,D
15:08:40,PTBA,RG,2710,10,D,XC,YU,D
15:08:39,PTBA,RG,2710,5,D,NI,YU,D
15:08:35,PTBA,RG,2710,1,D,NI,YU,D
15:08:33,PTBA,RG,2710,17,D,YP,YU,D
15:08:28,PTBA,RG,2710,1,D,NI,YU,D
15:08:22,PTBA,RG,2710,1,D,NI,YU,D
15:08:14,PTBA,RG,2710,5,D,NI,YU,D
15:07:49,PTBA,RG,2710,1,D,NI,YU,D
15:07:42,PTBA,RG,2710,1,D,PD,YU,D
15:07:39,PTBA,RG,2710,1,D,NI,YU,D
15:07:33,PTBA,RG,2710,4,D,NI,YU,D
15:07:30,PTBA,RG,2710,1,D,NI,YU,D
15:07:29,PTBA,RG,2710,3,D,YP,YU,D
15:07:23,PTBA,RG,2710,1,D,NI,YU,D
15:07:18,PTBA,RG,2710,1,D,NI,YU,D
15:07:16,PTBA,RG,2710,1,D,NI,YU,D
15:07:11,PTBA,RG,2710,1,D,ZP,YU,D
15:07:02,PTBA,RG,2710,1,D,CC,YU,D
15:06:55,PTBA,RG,2710,1,D,NI,YU,D
15:06:52,PTBA,RG,2710,15,D,YP,YU,D
15:06:49,PTBA,RG,2710,1,D,NI,YU,D
15:06:43,PTBA,RG,2710,1,D,NI,YU,D
15:06:40,PTBA,RG,2710,522,D,YP,YU,D
15:06:37,PTBA,RG,2710,1,D,NI,YU,D
15:06:31,PTBA,RG,2710,2,D,NI,YU,D
15:06:16,PTBA,RG,2710,2,D,NI,YU,D
15:06:09,PTBA,RG,2710,3,D,YP,YU,D
15:06:09,PTBA,RG,2710,166,D,YP,YU,D
15:06:08,PTBA,RG,2710,1,D,NI,YU,D
15:06:05,PTBA,RG,2710,10,D,YB,YU,D
15:06:03,PTBA,RG,2710,1,D,YB,YU,D
15:06:03,PTBA,RG,2710,5,D,XC,YU,D
15:05:52,PTBA,RG,2710,10,D,NI,YU,D
15:05:44,PTBA,RG,2710,1,D,NI,YU,D
15:05:29,PTBA,RG,2710,8,D,YP,YU,D
15:05:04,PTBA,RG,2710,500,D,EP,YU,D
15:05:03,PTBA,RG,2710,15,D,PD,YU,D
15:04:48,PTBA,RG,2710,100,D,YP,YU,D
15:04:42,PTBA,RG,2710,2,D,NI,YU,D
15:04:40,PTBA,RG,2710,5,D,EP,YU,D
15:04:35,PTBA,RG,2710,8,D,XC,YU,D
15:04:29,PTBA,RG,2710,20,D,YP,YU,D
15:04:25,PTBA,RG,2710,10,D,XC,YU,D
15:04:22,PTBA,RG,2710,2,D,XC,YU,D
15:04:21,PTBA,RG,2710,5,D,CC,YU,D
15:04:19,PTBA,RG,2710,28,D,XC,YU,D
15:04:18,PTBA,RG,2710,1,D,AZ,YU,D
15:04:17,PTBA,RG,2710,1,D,NI,YU,D
15:04:10,PTBA,RG,2710,1,D,NI,YU,D
15:04:05,PTBA,RG,2710,25,D,SQ,YU,D
15:04:03,PTBA,RG,2710,1,D,NI,YU,D
15:03:55,PTBA,RG,2710,1,D,NI,YU,D
15:03:49,PTBA,RG,2710,1,D,NI,YU,D
15:03:49,PTBA,RG,2710,1617,D,MG,YU,D
15:03:49,PTBA,RG,2710,34,D,MG,YP,D
15:03:49,PTBA,RG,2710,100,D,MG,OD,D
15:03:49,PTBA,RG,2710,5,D,MG,YB,D
15:03:49,PTBA,RG,2710,100,D,MG,YP,D
15:03:49,PTBA,RG,2710,2,D,MG,XC,D
15:03:49,PTBA,RG,2710,10,D,MG,GR,D
15:03:49,PTBA,RG,2710,15,D,MG,YB,D
15:03:49,PTBA,RG,2710,10,D,MG,YP,D
15:03:49,PTBA,RG,2710,10,D,MG,KK,D
15:03:49,PTBA,RG,2710,10,D,MG,KK,D
15:03:49,PTBA,RG,2710,18,D,MG,XL,D
15:03:49,PTBA,RG,2710,69,D,MG,CC,D
15:03:42,PTBA,RG,2710,1,D,NI,CC,D
15:03:39,PTBA,RG,2710,1,D,SQ,CC,D
15:03:35,PTBA,RG,2710,1,D,NI,CC,D
15:03:29,PTBA,RG,2710,1,D,NI,CC,D
15:03:23,PTBA,RG,2710,1,D,NI,CC,D
15:03:16,PTBA,RG,2710,1,D,NI,CC,D
15:03:14,PTBA,RG,2710,1,D,NI,CC,D
15:03:08,PTBA,RG,2710,1,D,NI,CC,D
15:03:05,PTBA,RG,2710,7,D,CC,CC,D
15:02:55,PTBA,RG,2710,2,D,NI,CC,D
15:02:55,PTBA,RG,2710,8,D,CC,CC,D
15:02:53,PTBA,RG,2710,20,D,ZR,CC,D
15:02:48,PTBA,RG,2710,1,D,KK,CC,D
15:02:47,PTBA,RG,2710,37,D,YP,CC,D
15:02:47,PTBA,RG,2710,1,D,YP,OD,D
15:02:47,PTBA,RG,2710,52,D,YP,DR,D
15:02:39,PTBA,RG,2710,1,D,XC,DR,D
15:02:33,PTBA,RG,2710,1,D,YP,DR,D
15:02:27,PTBA,RG,2710,35,D,PD,DR,D
15:02:05,PTBA,RG,2710,100,D,KK,DR,D
15:02:03,PTBA,RG,2710,1,D,XC,DR,D
15:01:56,PTBA,RG,2710,6,D,PD,DR,D
15:01:33,PTBA,RG,2710,1,D,YP,DR,D
15:01:33,PTBA,RG,2710,10,D,CC,DR,D
15:01:26,PTBA,RG,2710,5,D,YP,DR,D
15:01:26,PTBA,RG,2710,5,D,KK,DR,D
15:01:23,PTBA,RG,2710,1,D,YB,DR,D
15:01:22,PTBA,RG,2710,20,D,PD,DR,D
15:01:18,PTBA,RG,2710,25,D,SQ,DR,D
15:01:08,PTBA,RG,2710,200,D,PD,DR,D
15:01:08,PTBA,RG,2710,1,D,PD,DR,D
15:01:01,PTBA,RG,2710,20,D,PD,DR,D
15:01:00,PTBA,RG,2710,5,D,KK,DR,D
15:01:00,PTBA,RG,2710,50,D,DH,DR,D
15:01:00,PTBA,RG,2710,2,D,PD,DR,D
15:00:00,PTBA,RG,2710,689,F,CS,DR,D
15:00:00,PTBA,RG,2710,25,D,CP,DR,D
15:00:00,PTBA,RG,2710,200,D,DH,DR,D
15:00:00,PTBA,RG,2710,50,D,NI,DR,D
15:00:00,PTBA,RG,2710,1,D,YP,DR,D
15:00:00,PTBA,RG,2710,20,D,PD,DR,D
15:00:00,PTBA,RG,2710,32,D,NI,DR,D
15:00:00,PTBA,RG,2710,20,D,YP,DR,D
15:00:00,PTBA,RG,2710,3,D,YU,DR,D
15:00:00,PTBA,RG,2710,10,D,YP,DR,D
15:00:00,PTBA,RG,2710,50,D,YP,DR,D
15:00:00,PTBA,RG,2710,16,D,YP,DR,D
15:00:00,PTBA,RG,2710,50,D,YP,YP,D
15:00:00,PTBA,RG,2710,2,D,YP,KK,D
15:00:00,PTBA,RG,2710,20,D,YP,CC,D
15:00:00,PTBA,RG,2710,3,D,YP,CC,D
15:00:00,PTBA,RG,2710,77,D,YP,DH,D
15:00:00,PTBA,RG,2710,82,D,YP,PD,D
15:00:00,PTBA,RG,2710,3,D,KK,PD,D
15:00:00,PTBA,RG,2710,10,D,OD,PD,D
15:00:00,PTBA,RG,2710,1,D,XC,PD,D
15:00:00,PTBA,RG,2710,1,D,XC,PD,D
15:00:00,PTBA,RG,2710,2,D,AZ,PD,D
15:00:00,PTBA,RG,2710,5,D,AZ,GR,D
15:00:00,PTBA,RG,2710,10,D,AZ,IF,D
15:00:00,PTBA,RG,2710,3,D,AZ,GR,D
15:00:00,PTBA,RG,2710,25,D,AZ,EP,D
15:00:00,PTBA,RG,2710,93,D,AZ,MG,D
15:00:00,PTBA,RG,2710,1,D,AT,MG,D
15:00:00,PTBA,RG,2710,3,D,PD,MG,D
15:00:00,PTBA,RG,2710,2,D,YP,MG,D
15:00:00,PTBA,RG,2710,20,D,AT,MG,D
15:00:00,PTBA,RG,2710,2,D,PD,MG,D
15:00:00,PTBA,RG,2710,1,D,YP,MG,D
15:00:00,PTBA,RG,2710,10,D,AZ,MG,D
15:00:00,PTBA,RG,2710,25,D,YP,MG,D
15:00:00,PTBA,RG,2710,10,D,XL,MG,D
15:00:00,PTBA,RG,2710,2,D,YB,MG,D
15:00:00,PTBA,RG,2710,10,D,YU,MG,D
15:00:00,PTBA,RG,2710,200,D,DH,MG,D
15:00:00,PTBA,RG,2710,5,D,PD,MG,D
15:00:00,PTBA,RG,2710,1,D,CC,MG,D
15:00:00,PTBA,RG,2710,2,D,PD,MG,D
15:00:00,PTBA,RG,2710,30,D,PD,MG,D
15:00:00,PTBA,RG,2710,10,D,NI,MG,D
15:00:00,PTBA,RG,2710,3,D,XC,MG,D
15:00:00,PTBA,RG,2710,5,D,PD,MG,D
15:00:00,PTBA,RG,2710,8,D,KK,MG,D
15:00:00,PTBA,RG,2710,1000,D,YU,MG,D
15:00:00,PTBA,RG,2710,4,D,XC,MG,D
15:00:00,PTBA,RG,2710,2,D,LG,MG,D
15:00:00,PTBA,RG,2710,1,D,NI,MG,D
15:00:00,PTBA,RG,2710,1,D,BQ,MG,D
15:00:00,PTBA,RG,2710,30,D,SQ,MG,D
15:00:00,PTBA,RG,2710,10,D,NI,MG,D
15:00:00,PTBA,RG,2710,10,D,AI,MG,D
15:00:00,PTBA,RG,2710,1,D,NI,MG,D
15:00:00,PTBA,RG,2710,30,D,CP,MG,D
15:00:00,PTBA,RG,2710,1,D,NI,MG,D
15:00:00,PTBA,RG,2710,3,D,PD,MG,D
15:00:00,PTBA,RG,2710,5,D,PD,MG,D
15:00:00,PTBA,RG,2710,5,D,OD,MG,D
15:00:00,PTBA,RG,2710,3,D,CC,MG,D
15:00:00,PTBA,RG,2710,15,D,AI,MG,D
15:00:00,PTBA,RG,2710,20,D,YP,MG,D
15:00:00,PTBA,RG,2710,2,D,DH,MG,D
15:00:00,PTBA,RG,2710,84,D,KK,MG,D
15:00:00,PTBA,RG,2710,1,D,YP,MG,D
15:00:00,PTBA,RG,2710,1,D,CC,MG,D
15:00:00,PTBA,RG,2710,828,D,AF,MG,D
15:00:00,PTBA,RG,2710,104,D,AF,YP,D
15:00:00,PTBA,RG,2710,50,D,AF,YP,D
15:00:00,PTBA,RG,2710,10,D,AF,YP,D
15:00:00,PTBA,RG,2710,1,D,AF,YB,D
15:00:00,PTBA,RG,2710,1,D,AF,AI,D
15:00:00,PTBA,RG,2710,6,D,AF,YP,D
15:00:00,PTBA,RG,2710,4,D,SQ,YP,D
15:00:00,PTBA,RG,2710,1,D,SQ,YP,D
15:00:00,PTBA,RG,2710,9,D,SQ,KK,D
15:00:00,PTBA,RG,2710,986,D,SQ,EP,D
15:00:00,PTBA,RG,2710,4,D,XC,EP,D
15:00:00,PTBA,RG,2710,69,D,PD,EP,D
15:00:00,PTBA,RG,2710,15,D,KK,EP,D
15:00:00,PTBA,RG,2710,278,D,NI,EP,D
15:00:00,PTBA,RG,2710,13,D,KK,EP,D
15:00:00,PTBA,RG,2710,10,D,IU,EP,D
15:00:00,PTBA,RG,2710,1,D,NI,EP,D
15:00:00,PTBA,RG,2710,20,D,YP,EP,D
15:00:00,PTBA,RG,2710,25,D,YP,EP,D
15:00:00,PTBA,RG,2710,75,D,PD,EP,D
15:00:00,PTBA,RG,2710,10,D,AZ,EP,D
15:00:00,PTBA,RG,2710,5,D,PD,EP,D
15:00:00,PTBA,RG,2710,100,F,YP,EP,D
15:00:00,PTBA,RG,2710,5,D,AZ,EP,D
15:00:00,PTBA,RG,2710,1,D,PD,EP,D
15:00:00,PTBA,RG,2710,10,D,YP,EP,D
15:00:00,PTBA,RG,2710,11,D,CC,EP,D
15:00:00,PTBA,RG,2710,5,D,XC,EP,D
15:00:00,PTBA,RG,2710,5,D,YB,EP,D
15:00:00,PTBA,RG,2710,36,D,NI,EP,D
15:00:00,PTBA,RG,2710,1,D,YB,EP,D
15:00:00,PTBA,RG,2710,100,D,YP,EP,D
15:00:00,PTBA,RG,2710,25,D,YP,EP,D
15:00:00,PTBA,RG,2710,1,D,PD,EP,D
15:00:00,PTBA,RG,2710,3,D,CC,EP,D
15:00:00,PTBA,RG,2710,3,D,PD,EP,D
15:00:00,PTBA,RG,2710,10,D,YP,EP,D
15:00:00,PTBA,RG,2710,50,D,CC,EP,D
15:00:00,PTBA,RG,2710,8,D,NI,EP,D
15:00:00,PTBA,RG,2710,10,D,AZ,EP,D
15:00:00,PTBA,RG,2710,25,D,IU,EP,D
15:00:00,PTBA,RG,2710,2,D,AI,EP,D
15:00:00,PTBA,RG,2710,20,D,KK,EP,D
15:00:00,PTBA,RG,2710,10,D,PD,EP,D
15:00:00,PTBA,RG,2710,30,D,EP,EP,D
15:00:00,PTBA,RG,2710,738,D,YP,EP,D
15:00:00,PTBA,RG,2710,13,D,CC,EP,D
15:00:00,PTBA,RG,2710,1000,D,TP,EP,D
15:00:00,PTBA,RG,2710,267,F,BK,EP,D
15:00:00,PTBA,RG,2710,6,F,BK,XC,D
15:00:00,PTBA,RG,2710,24,F,BK,DH,D
15:00:00,PTBA,RG,2710,2,F,BK,PD,D
15:00:00,PTBA,RG,2710,2,F,BK,YP,D
15:00:00,PTBA,RG,2710,200,F,BK,CC,D
15:00:00,PTBA,RG,2710,14,F,BK,XC,D
15:00:00,PTBA,RG,2710,1,F,BK,XC,D
15:00:00,PTBA,RG,2710,1,F,BK,PD,D
15:00:00,PTBA,RG,2710,1,F,BK,XC,D
15:00:00,PTBA,RG,2710,200,F,BK,YP,D
15:00:00,PTBA,RG,2710,909,F,BK,OD,D
15:00:00,PTBA,RG,2710,20,F,BK,YP,D
15:00:00,PTBA,RG,2710,66,F,BK,BK,F
15:00:00,PTBA,RG,2710,3,F,ZP,BK,F
15:00:00,PTBA,RG,2710,173,F,ZP,BK,F
15:00:00,PTBA,RG,2710,288,F,ZP,BK,F
15:00:00,PTBA,RG,2710,10,F,ZP,CC,D
15:00:00,PTBA,RG,2710,3,F,ZP,YB,D
15:00:00,PTBA,RG,2710,500,F,ZP,YB,D
15:00:00,PTBA,RG,2710,10,F,ZP,YP,D
15:00:00,PTBA,RG,2710,7,F,ZP,YP,D
15:00:00,PTBA,RG,2710,12,F,ZP,HP,D
15:00:00,PTBA,RG,2710,20,F,ZP,OD,D
15:00:00,PTBA,RG,2710,13,F,ZP,YP,D
15:00:00,PTBA,RG,2710,10,F,ZP,ZR,D
15:00:00,PTBA,RG,2710,3,F,ZP,YP,D
15:00:00,PTBA,RG,2710,1,F,ZP,PD,D
15:00:00,PTBA,RG,2710,54,F,ZP,CC,D
15:00:00,PTBA,RG,2710,50,F,ZP,YP,D
15:00:00,PTBA,RG,2710,1,F,ZP,XC,D
15:00:00,PTBA,RG,2710,5,F,ZP,DR,D
15:00:00,PTBA,RG,2710,650,F,ZP,PD,D
15:00:00,PTBA,RG,2710,1000,F,ZP,YU,D
15:00:00,PTBA,RG,2710,20,F,ZP,DX,D
15:00:00,PTBA,RG,2710,200,F,ZP,YJ,D
15:00:00,PTBA,RG,2710,80,F,ZP,YP,D
15:00:00,PTBA,RG,2710,10,F,ZP,YP,D
15:00:00,PTBA,RG,2710,25,F,ZP,YU,D
15:00:00,PTBA,RG,2710,100,F,ZP,CC,D
15:00:00,PTBA,RG,2710,6,F,ZP,YP,D
15:00:00,PTBA,RG,2710,237,F,ZP,DR,D
15:00:00,PTBA,RG,2710,995,F,ZP,KK,D
15:00:00,PTBA,RG,2710,1500,F,ZP,KK,D
15:00:00,PTBA,RG,2710,1,F,ZP,KK,D
15:00:00,PTBA,RG,2710,7,F,ZP,AZ,D
15:00:00,PTBA,RG,2710,11,F,ZP,CC,D
15:00:00,PTBA,RG,2710,648,F,ZP,AG,D
15:00:00,PTBA,RG,2710,8,F,ZP,HP,D
15:00:00,PTBA,RG,2710,1,F,ZP,GR,D
15:00:00,PTBA,RG,2710,388,F,ZP,IU,D
15:00:00,PTBA,RG,2710,150,F,ZP,YP,D
15:00:00,PTBA,RG,2710,10,F,ZP,YP,D
15:00:00,PTBA,RG,2710,155,F,ZP,CD,D
15:00:00,PTBA,RG,2710,50,F,ZP,YJ,D
15:00:00,PTBA,RG,2710,145,F,ZP,GR,D
15:00:00,PTBA,RG,2710,363,F,BK,GR,D
15:00:00,PTBA,RG,2710,92,F,YU,GR,D
15:00:00,PTBA,RG,2710,28,F,YU,XA,D
15:00:00,PTBA,RG,2710,146,F,YU,EP,D
15:00:00,PTBA,RG,2710,20,F,YU,GI,D
15:00:00,PTBA,RG,2710,5,F,YU,GR,D
15:00:00,PTBA,RG,2710,289,F,YU,YB,D
15:00:00,PTBA,RG,2710,473,F,YU,PD,D
15:00:00,PTBA,RG,2710,20,F,YU,AK,F
15:00:00,PTBA,RG,2710,21,F,AK,AK,F
15:00:00,PTBA,RG,2710,7,F,AK,AK,F
15:00:00,PTBA,RG,2710,1,F,AK,AK,F
15:00:00,PTBA,RG,2710,1,F,AK,AK,F
15:00:00,PTBA,RG,2710,15,F,AK,AK,F
15:00:00,PTBA,RG,2710,13,D,YU,AK,F
15:00:00,PTBA,RG,2710,38,D,YU,AK,F
15:00:00,PTBA,RG,2710,27,D,LG,AK,F
15:00:00,PTBA,RG,2710,1,D,LG,AK,F
15:00:00,PTBA,RG,2710,1,D,LG,AK,F
14:49:59,PTBA,RG,2710,21,D,CC,OD,D
14:49:59,PTBA,RG,2710,10,D,CC,GR,D
14:49:59,PTBA,RG,2710,9,D,CC,YP,D
14:49:59,PTBA,RG,2710,10,D,CC,XC,D
14:49:59,PTBA,RG,2700,48,D,YP,CC,D
14:49:57,PTBA,RG,2710,8,F,ZP,CS,F
14:49:57,PTBA,RG,2710,9,F,BK,CS,F
14:49:56,PTBA,RG,2710,1,F,AK,CS,F
14:49:55,PTBA,RG,2700,1,D,YP,AK,F
14:49:53,PTBA,RG,2710,12,F,BK,CS,F
14:49:53,PTBA,RG,2710,15,F,ZP,CS,F
14:49:52,PTBA,RG,2710,80,D,SQ,CS,F
14:49:50,PTBA,RG,2700,2,D,YP,PD,D
14:49:50,PTBA,RG,2710,2,F,ZP,CS,F
14:49:48,PTBA,RG,2710,12,F,BK,CS,F
14:49:47,PTBA,RG,2710,23,F,ZP,CS,F
14:49:46,PTBA,RG,2710,2,D,XC,CS,F
14:49:45,PTBA,RG,2700,13,D,YP,AK,F
14:49:45,PTBA,RG,2710,3,F,AK,CS,F
14:49:45,PTBA,RG,2710,2,F,AK,CS,F
14:49:44,PTBA,RG,2710,100,D,PD,CS,F
14:49:40,PTBA,RG,2700,10,D,YP,OD,D
14:49:40,PTBA,RG,2710,6,F,ZP,CS,F
14:49:39,PTBA,RG,2710,5,D,NI,CS,F
14:49:36,PTBA,RG,2700,2,D,YP,AK,F
14:49:30,PTBA,RG,2700,5,D,YP,AK,F
14:49:27,PTBA,RG,2700,15,D,YP,XA,D
14:49:27,PTBA,RG,2710,32,F,ZP,CS,F
14:49:26,PTBA,RG,2710,1,F,AK,CS,F
14:49:26,PTBA,RG,2700,2,D,YP,AK,F
14:49:26,PTBA,RG,2710,1,F,AK,CS,F
14:49:25,PTBA,RG,2710,11,F,BK,CS,F
14:49:21,PTBA,RG,2710,17,F,BK,CS,F
14:49:20,PTBA,RG,2710,161,D,YP,CS,F
14:49:20,PTBA,RG,2710,208,D,YP,KK,D
14:49:20,PTBA,RG,2700,100,D,YP,ES,D
14:49:17,PTBA,RG,2710,10,D,CC,KK,D
14:49:15,PTBA,RG,2710,11,F,BK,KK,D
14:49:13,PTBA,RG,2710,5,D,PD,KK,D
14:49:12,PTBA,RG,2700,50,D,YP,IU,D
14:49:11,PTBA,RG,2700,100,D,YP,KK,D
14:49:11,PTBA,RG,2700,10,D,YP,CC,D
14:49:11,PTBA,RG,2700,10,D,HP,CC,D
14:49:11,PTBA,RG,2700,20,D,GR,CC,D
14:49:11,PTBA,RG,2700,50,D,NI,CC,D
14:49:11,PTBA,RG,2700,4,D,XC,CC,D
14:49:11,PTBA,RG,2700,1,D,YP,CC,D
14:49:11,PTBA,RG,2700,10,D,XL,CC,D
14:49:11,PTBA,RG,2700,10,D,YP,CC,D
14:49:11,PTBA,RG,2700,2,D,AZ,CC,D
14:49:11,PTBA,RG,2700,2,D,YP,CC,D
14:49:11,PTBA,RG,2700,3,D,PD,CC,D
14:49:11,PTBA,RG,2700,1,D,KK,CC,D
14:49:11,PTBA,RG,2700,2,D,XC,CC,D
14:49:11,PTBA,RG,2700,5,D,PD,CC,D
14:49:11,PTBA,RG,2700,1,D,PD,CC,D
14:49:11,PTBA,RG,2700,19,D,LS,CC,D
14:49:05,PTBA,RG,2710,10,D,KK,KK,D
14:49:05,PTBA,RG,2700,11,D,LS,SQ,D
14:49:05,PTBA,RG,2700,20,D,CP,SQ,D
14:49:05,PTBA,RG,2700,19,D,AZ,SQ,D
14:49:04,PTBA,RG,2710,1,D,PC,KK,D
14:49:00,PTBA,RG,2700,18,D,AZ,AK,F
14:49:00,PTBA,RG,2700,3,D,CC,AK,F
14:48:54,PTBA,RG,2710,5,D,EP,KK,D
14:48:50,PTBA,RG,2700,7,D,CC,EP,D
14:48:50,PTBA,RG,2700,3,D,PD,EP,D
14:48:50,PTBA,RG,2700,7,D,GR,EP,D
14:48:48,PTBA,RG,2710,150,D,NI,KK,D
14:48:45,PTBA,RG,2700,7,D,GR,AK,F
14:48:45,PTBA,RG,2710,17,F,ZP,KK,D
14:48:44,PTBA,RG,2710,1,D,YP,KK,D
14:48:42,PTBA,RG,2710,5,D,PD,KK,D
14:48:40,PTBA,RG,2710,10,D,YP,KK,D
14:48:39,PTBA,RG,2710,100,D,SQ,KK,D
14:48:35,PTBA,RG,2710,50,D,CC,KK,D
14:48:30,PTBA,RG,2710,2,D,YP,KK,D
14:48:29,PTBA,RG,2700,36,D,GR,YP,D
14:48:29,PTBA,RG,2700,3,D,AZ,YP,D
14:48:29,PTBA,RG,2700,1,D,YP,YP,D
14:48:29,PTBA,RG,2700,10,D,YP,YP,D
14:48:24,PTBA,RG,2700,1,D,YP,NI,D
14:48:24,PTBA,RG,2710,10,D,YP,KK,D
14:48:22,PTBA,RG,2710,5,D,YP,KK,D
14:48:22,PTBA,RG,2710,15,D,YP,CC,F
14:48:17,PTBA,RG,2700,1,D,YP,YP,D
14:48:17,PTBA,RG,2700,300,D,YP,YP,D
14:48:17,PTBA,RG,2700,1,D,YP,YP,D
14:48:17,PTBA,RG,2700,2,D,DH,YP,D
14:48:17,PTBA,RG,2700,96,D,YP,YP,D
14:48:17,PTBA,RG,2700,4,D,YP,AZ,D
14:48:17,PTBA,RG,2700,4,D,CC,AZ,D
14:48:17,PTBA,RG,2700,1,D,YP,AZ,D
14:48:17,PTBA,RG,2700,1,D,PD,AZ,D
14:48:14,PTBA,RG,2700,9,D,PD,ZP,D
14:48:14,PTBA,RG,2700,8,D,PD,ZP,D
14:48:14,PTBA,RG,2700,23,D,CC,ZP,D
14:48:13,PTBA,RG,2700,2,D,CC,XC,D
14:48:09,PTBA,RG,2700,13,D,CC,PD,D
14:48:08,PTBA,RG,2710,21,D,YP,CC,F
14:48:05,PTBA,RG,2700,4,D,CC,YP,D
14:47:57,PTBA,RG,2710,1,D,BQ,CC,F
14:47:55,PTBA,RG,2710,107,D,YP,CC,F
14:47:52,PTBA,RG,2710,58,D,CC,CC,F
14:47:52,PTBA,RG,2710,5,D,CC,CC,D
14:47:52,PTBA,RG,2710,37,D,CC,PD,D
14:47:51,PTBA,RG,2710,50,D,BQ,PD,D
14:47:50,PTBA,RG,2710,10,D,NI,PD,D
14:47:48,PTBA,RG,2710,113,D,YP,PD,D
14:47:48,PTBA,RG,2710,2,D,YP,GR,D
14:47:48,PTBA,RG,2710,85,D,YP,PD,D
14:47:42,PTBA,RG,2710,5,D,YP,PD,D
14:47:36,PTBA,RG,2710,10,D,YP,PD,D
14:47:28,PTBA,RG,2710,40,D,MK,PD,D
14:47:28,PTBA,RG,2710,230,D,MK,YP,D
14:47:26,PTBA,RG,2710,730,D,MK,PD,D
14:47:26,PTBA,RG,2710,1,D,DR,PD,D
14:47:26,PTBA,RG,2710,3,D,YP,PD,D
14:47:26,PTBA,RG,2710,10,D,XC,PD,D
14:47:26,PTBA,RG,2710,5,F,AK,PD,D
14:47:26,PTBA,RG,2710,7,D,XC,PD,D
14:47:26,PTBA,RG,2710,200,D,EP,PD,D
14:47:26,PTBA,RG,2710,1,D,PD,PD,D
14:47:26,PTBA,RG,2710,1,D,XC,PD,D
14:47:26,PTBA,RG,2710,2000,D,YP,PD,D
14:47:26,PTBA,RG,2710,53,F,ZP,PD,D
14:47:26,PTBA,RG,2710,10,D,AZ,PD,D
14:47:26,PTBA,RG,2710,200,D,YP,PD,D
14:47:26,PTBA,RG,2710,1,D,XC,PD,D
14:47:26,PTBA,RG,2710,500,D,YP,PD,D
14:47:26,PTBA,RG,2710,1,D,YP,PD,D
14:47:26,PTBA,RG,2710,277,D,YP,PD,D
14:47:25,PTBA,RG,2710,1,D,YP,PD,D
14:47:23,PTBA,RG,2710,4,D,YP,IF,D
14:47:23,PTBA,RG,2710,20,D,YP,EP,D
14:47:21,PTBA,RG,2720,1,D,DR,YU,D
14:47:20,PTBA,RG,2710,10,D,YP,PD,D
14:47:19,PTBA,RG,2710,20,D,YP,CC,D
14:47:19,PTBA,RG,2710,168,D,YP,AK,F
14:47:19,PTBA,RG,2710,10,D,PD,AK,F
14:47:19,PTBA,RG,2710,4,D,AZ,AK,F
14:47:19,PTBA,RG,2710,369,D,OD,AK,F
14:47:19,PTBA,RG,2710,100,D,CC,AK,F
14:47:19,PTBA,RG,2710,3,D,PD,AK,F
14:47:19,PTBA,RG,2710,2,D,PD,AK,F
14:47:19,PTBA,RG,2710,4,D,YP,AK,F
14:47:19,PTBA,RG,2710,250,D,PD,AK,F
14:47:19,PTBA,RG,2710,5,D,CC,AK,F
14:47:19,PTBA,RG,2710,1000,D,YP,AK,F
14:47:19,PTBA,RG,2710,111,D,XA,AK,F
14:47:19,PTBA,RG,2710,9,F,AK,AK,F
14:47:19,PTBA,RG,2710,1,D,XC,AK,F
14:47:19,PTBA,RG,2710,2,D,PD,AK,F
14:47:19,PTBA,RG,2710,50,D,NI,AK,F
14:47:19,PTBA,RG,2710,2,D,YP,AK,F
14:47:19,PTBA,RG,2710,50,D,PD,AK,F
14:47:19,PTBA,RG,2710,25,D,SQ,AK,F
14:47:19,PTBA,RG,2710,5,D,YP,AK,F
14:47:19,PTBA,RG,2710,4,D,PD,AK,F
14:47:19,PTBA,RG,2710,3,D,IF,AK,F
14:47:19,PTBA,RG,2710,1,D,YB,AK,F
14:47:19,PTBA,RG,2710,62,F,ZP,AK,F
14:47:19,PTBA,RG,2710,260,D,PG,AK,F
14:47:19,PTBA,RG,2710,20,D,PG,NI,D
14:47:18,PTBA,RG,2710,4,D,PG,XC,D
14:47:17,PTBA,RG,2710,1055,D,PG,AK,F
14:47:17,PTBA,RG,2710,10,D,XC,AK,F
14:47:17,PTBA,RG,2710,61,D,PD,AK,F
14:47:17,PTBA,RG,2710,50,D,SQ,AK,F
14:47:17,PTBA,RG,2710,1,D,YP,AK,F
14:47:17,PTBA,RG,2710,20,D,PD,AK,F
14:47:17,PTBA,RG,2710,20,D,IF,AK,F
14:47:17,PTBA,RG,2710,50,D,CC,AK,F
14:47:17,PTBA,RG,2710,100,D,YP,AK,F
14:47:17,PTBA,RG,2710,20,D,AG,AK,F
14:47:17,PTBA,RG,2710,1113,D,MG,AK,F
14:47:16,PTBA,RG,2710,1,D,MG,PD,D
14:47:13,PTBA,RG,2710,200,D,MG,PD,D
14:47:12,PTBA,RG,2710,20,D,MG,KK,D
14:47:12,PTBA,RG,2720,30,D,GR,YU,D
14:47:09,PTBA,RG,2710,21,D,MG,XC,D
14:47:09,PTBA,RG,2710,6,D,MG,XC,D
14:47:08,PTBA,RG,2720,24,D,KI,YU,D
14:47:07,PTBA,RG,2710,10,D,MG,PD,D
14:47:05,PTBA,RG,2720,55,D,NI,YU,D
14:46:59,PTBA,RG,2710,35,D,MG,YP,D
14:46:53,PTBA,RG,2720,20,D,GI,YU,D
14:46:40,PTBA,RG,2720,40,D,GR,YU,D
14:46:36,PTBA,RG,2710,50,D,MG,PD,D
14:46:36,PTBA,RG,2710,4,D,MG,YP,D
14:46:11,PTBA,RG,2720,3,D,CC,YU,D
14:46:11,PTBA,RG,2720,5,D,AG,YU,D
14:45:56,PTBA,RG,2720,10,D,AG,YU,D
14:45:44,PTBA,RG,2710,35,D,MG,EP,D
14:45:43,PTBA,RG,2720,1,D,PD,YU,D
14:45:39,PTBA,RG,2720,1,D,XC,YU,D
14:45:37,PTBA,RG,2710,15,D,MG,YP,D
14:45:37,PTBA,RG,2710,10,D,MG,YP,D
14:45:33,PTBA,RG,2720,4,D,CC,YU,D
14:45:33,PTBA,RG,2720,2,D,CC,YU,D
14:45:28,PTBA,RG,2720,1,D,SQ,YU,D
14:45:26,PTBA,RG,2710,150,D,MG,YP,D
14:45:24,PTBA,RG,2710,50,D,MG,YP,D
14:45:19,PTBA,RG,2720,1,D,XC,YU,D
14:45:14,PTBA,RG,2710,100,D,MG,PD,D
14:45:12,PTBA,RG,2710,167,D,MG,YP,D
14:45:12,PTBA,RG,2710,139,D,MG,XC,D
14:45:09,PTBA,RG,2710,100,D,MG,IU,D
14:45:07,PTBA,RG,2710,17,D,MG,YP,D
14:45:03,PTBA,RG,2710,1,D,MG,DR,D
14:44:57,PTBA,RG,2710,3,D,MG,XC,D
14:44:51,PTBA,RG,2710,1,D,MG,PD,D
14:44:43,PTBA,RG,2720,2,D,DR,YU,D
14:44:42,PTBA,RG,2710,20,D,MG,YP,D
14:44:42,PTBA,RG,2720,235,D,AG,YU,D
14:44:36,PTBA,RG,2710,6,D,MG,XC,D
14:44:33,PTBA,RG,2710,20,D,MG,CC,D
14:44:26,PTBA,RG,2710,100,D,MG,PD,D
14:44:18,PTBA,RG,2720,25,D,DH,YU,D
14:43:59,PTBA,RG,2720,5,D,ZP,YU,D
14:43:56,PTBA,RG,2710,10,D,MG,YP,D
14:43:45,PTBA,RG,2720,5,D,PD,YU,D
14:43:43,PTBA,RG,2710,5,D,MG,PD,D
14:43:22,PTBA,RG,2710,19,D,MG,YP,D
14:43:13,PTBA,RG,2710,72,D,MG,HP,D
14:43:13,PTBA,RG,2710,15,F,ZP,HP,D
14:43:13,PTBA,RG,2710,2,D,CC,HP,D
14:43:13,PTBA,RG,2710,711,D,YJ,HP,D
14:43:07,PTBA,RG,2720,5,D,PD,YU,D
14:42:48,PTBA,RG,2720,1,D,HP,YU,D
14:42:43,PTBA,RG,2710,20,D,YJ,XC,D
14:42:41,PTBA,RG,2710,39,D,YJ,YP,D
14:42:31,PTBA,RG,2710,7,D,YJ,PD,D
14:42:30,PTBA,RG,2720,2,D,DR,YU,D
14:42:22,PTBA,RG,2710,10,D,YJ,YP,D
14:42:20,PTBA,RG,2720,51,F,BK,YU,D
14:42:17,PTBA,RG,2720,64,F,BK,YU,D
14:42:15,PTBA,RG,2710,3,D,YJ,XC,D
14:42:14,PTBA,RG,2710,18,D,YJ,XC,D
14:42:14,PTBA,RG,2710,1,D,XC,XC,D
14:42:14,PTBA,RG,2710,1,D,YB,XC,D
14:42:14,PTBA,RG,2710,3,D,DR,XC,D
14:42:14,PTBA,RG,2710,1,D,CC,XC,D
14:42:13,PTBA,RG,2720,381,F,BK,YU,D
14:42:10,PTBA,RG,2710,1,D,AZ,AK,F
14:42:08,PTBA,RG,2710,54,F,BK,AK,F
14:42:08,PTBA,RG,2710,1,F,AK,AK,F
14:42:08,PTBA,RG,2710,6,F,AK,XC,D
14:42:08,PTBA,RG,2710,25,F,AK,XC,D
14:42:08,PTBA,RG,2710,100,F,AK,DR,D
14:42:08,PTBA,RG,2710,5,F,AK,CC,D
14:42:08,PTBA,RG,2710,1069,F,AK,CS,F
14:42:08,PTBA,RG,2710,269,F,AK,CS,F
14:42:08,PTBA,RG,2710,17,F,AK,AK,F
14:42:08,PTBA,RG,2710,78,F,AK,AK,F
14:42:08,PTBA,RG,2710,115,F,AK,OD,D
14:42:08,PTBA,RG,2710,5,F,AK,KK,D
14:42:08,PTBA,RG,2710,1,F,AK,PD,D
14:42:08,PTBA,RG,2710,285,F,AK,CS,F
14:42:08,PTBA,RG,2710,10,F,AK,CC,D
14:42:08,PTBA,RG,2710,60,F,AK,NI,D
14:42:08,PTBA,RG,2710,400,F,AK,CC,D
14:42:06,PTBA,RG,2710,100,D,YP,CC,D
14:42:05,PTBA,RG,2710,153,F,BK,BK,F
14:42:03,PTBA,RG,2710,2,D,NI,BK,F
14:42:02,PTBA,RG,2710,1000,D,YP,BK,F
14:41:58,PTBA,RG,2710,1,D,NI,BK,F
14:41:56,PTBA,RG,2710,2,D,YB,BK,F
14:41:47,PTBA,RG,2710,5,D,ZP,BK,F
14:41:45,PTBA,RG,2710,5,D,XC,BK,F
14:41:42,PTBA,RG,2710,26,D,EP,BK,F
14:41:37,PTBA,RG,2710,1,D,NI,BK,F
14:41:37,PTBA,RG,2710,21,D,NI,BK,F
14:41:35,PTBA,RG,2710,5,D,YU,BK,F
14:41:34,PTBA,RG,2710,10,D,DR,BK,F
14:41:26,PTBA,RG,2710,18,D,XL,BK,F
14:41:24,PTBA,RG,2710,15,D,YP,BK,F
14:41:19,PTBA,RG,2710,72,D,YP,BK,F
14:41:19,PTBA,RG,2710,13,D,YP,AK,F
14:41:19,PTBA,RG,2710,281,D,YP,CS,F
14:41:19,PTBA,RG,2710,634,D,YP,CS,F
14:41:18,PTBA,RG,2710,40,D,YP,CS,F
14:41:13,PTBA,RG,2710,50,D,IU,CS,F
14:41:13,PTBA,RG,2710,100,D,YP,CS,F
14:41:11,PTBA,RG,2710,18,D,YP,CS,F
14:41:10,PTBA,RG,2710,100,D,YP,CS,F
14:41:07,PTBA,RG,2710,45,D,YP,CS,F
14:41:07,PTBA,RG,2710,12,D,YP,AK,F
14:41:07,PTBA,RG,2710,20,D,YP,AK,F
14:41:07,PTBA,RG,2710,165,D,YP,CC,F
14:41:06,PTBA,RG,2710,100,D,XL,CC,F
14:40:57,PTBA,RG,2710,2,D,XC,CC,F
14:40:57,PTBA,RG,2710,66,D,GR,CC,F
14:40:56,PTBA,RG,2710,1,D,XC,CC,F
14:40:53,PTBA,RG,2710,3,D,IF,CC,F
14:40:49,PTBA,RG,2710,163,D,GR,CC,F
14:40:49,PTBA,RG,2710,10,D,GR,CP,D
14:40:49,PTBA,RG,2710,227,D,GR,AK,F
14:40:44,PTBA,RG,2710,5,D,CC,AK,F
14:40:42,PTBA,RG,2710,20,D,YP,AK,F
14:40:38,PTBA,RG,2710,100,D,KK,AK,F
14:40:37,PTBA,RG,2710,130,D,YU,AK,F
14:40:37,PTBA,RG,2700,58,D,CC,PD,D
14:40:37,PTBA,RG,2700,17,D,CC,PD,D
14:40:35,PTBA,RG,2710,4,D,YP,AK,F
14:40:30,PTBA,RG,2710,100,D,SQ,AK,F
14:40:29,PTBA,RG,2710,1,D,YP,AK,F
14:40:28,PTBA,RG,2710,1,D,PD,AK,F
14:40:28,PTBA,RG,2710,500,D,YP,AK,F
14:40:26,PTBA,RG,2710,25,D,YP,AK,F
14:40:25,PTBA,RG,2710,4,D,HP,AK,F
14:40:23,PTBA,RG,2710,1,D,XC,AK,F
14:40:16,PTBA,RG,2700,50,D,CC,YP,D
14:40:09,PTBA,RG,2710,500,D,YP,AK,F
14:40:08,PTBA,RG,2710,1,D,YP,AK,F
14:40:07,PTBA,RG,2710,1,D,YP,AK,F
14:40:00,PTBA,RG,2700,7,D,CC,PD,D
14:39:59,PTBA,RG,2700,1,D,CC,XC,D
14:39:54,PTBA,RG,2710,620,D,YP,AK,F
14:39:54,PTBA,RG,2710,380,D,YP,YU,D
14:39:53,PTBA,RG,2700,10,D,CC,PD,D
14:39:50,PTBA,RG,2710,1,D,PD,YU,D
14:39:48,PTBA,RG,2700,40,D,CC,XC,D
14:39:48,PTBA,RG,2700,5,D,CC,XC,D
14:39:47,PTBA,RG,2700,20,D,CC,KK,D
14:39:47,PTBA,RG,2700,3,D,YP,KK,D
14:39:47,PTBA,RG,2700,8,D,CC,KK,D
14:39:47,PTBA,RG,2700,50,D,TP,KK,D
14:39:47,PTBA,RG,2700,100,D,GR,KK,D
14:39:47,PTBA,RG,2700,197,D,SQ,KK,D
14:39:47,PTBA,RG,2700,3,D,SQ,KK,D
14:39:47,PTBA,RG,2700,7,D,YP,KK,D
14:39:46,PTBA,RG,2700,8,D,YP,YP,D
14:39:46,PTBA,RG,2700,3,D,CC,YP,D
14:39:46,PTBA,RG,2700,1,D,EP,YP,D
14:39:46,PTBA,RG,2700,50,D,EP,YP,D
14:39:46,PTBA,RG,2700,38,D,EP,YP,D
14:39:46,PTBA,RG,2700,11,D,EP,GR,D
14:39:46,PTBA,RG,2700,1,D,EP,YP,D
14:39:46,PTBA,RG,2700,1,D,PD,YP,D
14:39:46,PTBA,RG,2700,15,D,PD,YP,D
14:39:46,PTBA,RG,2700,10,D,PD,YP,D
14:39:46,PTBA,RG,2700,20,D,KK,YP,D
14:39:46,PTBA,RG,2700,6,D,ZP,YP,D
14:39:46,PTBA,RG,2700,44,D,ZP,YP,D
14:39:46,PTBA,RG,2700,100,D,AZ,YP,D
14:39:46,PTBA,RG,2700,10,D,XA,YP,D
14:39:46,PTBA,RG,2700,20,D,DR,YP,D
14:39:46,PTBA,RG,2700,10,D,AG,YP,D
14:39:46,PTBA,RG,2700,5,D,DR,YP,D
14:39:46,PTBA,RG,2700,61,D,XA,YP,D
14:39:46,PTBA,RG,2700,30,D,XA,YP,D
14:39:46,PTBA,RG,2700,9,D,XA,XA,D
14:39:46,PTBA,RG,2700,1,D,YB,XA,D
14:39:46,PTBA,RG,2700,1,D,YB,XA,D
14:39:46,PTBA,RG,2700,2,D,PD,XA,D
14:39:46,PTBA,RG,2700,3,D,PD,XA,D
14:39:46,PTBA,RG,2700,4,D,YB,XA,D
14:39:46,PTBA,RG,2700,10,D,YB,YP,D
14:39:46,PTBA,RG,2700,5,D,YB,CC,D
14:39:46,PTBA,RG,2700,1,D,YB,AT,D
14:39:46,PTBA,RG,2700,5,D,YB,CC,D
14:39:46,PTBA,RG,2700,50,D,YB,MG,D
14:39:46,PTBA,RG,2700,8,D,YB,CC,D
14:39:45,PTBA,RG,2700,17,D,YB,CC,D
14:39:45,PTBA,RG,2700,1,D,XA,CC,D
14:39:45,PTBA,RG,2700,10,D,AI,CC,D
14:39:45,PTBA,RG,2700,5,D,YU,CC,D
14:39:45,PTBA,RG,2700,1,D,PD,CC,D
14:39:45,PTBA,RG,2700,16,D,YB,CC,D
14:39:45,PTBA,RG,2700,10,D,YB,CC,D
14:39:45,PTBA,RG,2700,5,D,YB,ZP,D
14:39:45,PTBA,RG,2700,8,D,YB,PD,D
14:39:45,PTBA,RG,2700,1,D,YB,PD,D
14:39:45,PTBA,RG,2700,9,D,YJ,PD,D
14:39:45,PTBA,RG,2700,7,D,YJ,PD,D
14:39:45,PTBA,RG,2700,10,D,YJ,PD,D
14:39:45,PTBA,RG,2700,7,D,YJ,HP,D
14:39:45,PTBA,RG,2700,67,D,YJ,AK,F
14:39:44,PTBA,RG,2710,3,D,NI,YU,D
14:39:43,PTBA,RG,2710,50,D,DR,YU,D
14:39:42,PTBA,RG,2710,4,D,XC,YU,D
14:39:37,PTBA,RG,2710,7,D,HP,YU,D
14:39:35,PTBA,RG,2710,1,D,CC,YU,D
14:39:30,PTBA,RG,2710,1,D,YP,YU,D
14:39:30,PTBA,RG,2710,10,D,YP,YU,D
14:39:26,PTBA,RG,2710,50,D,IU,YU,D
14:39:25,PTBA,RG,2710,2,D,PD,YU,D
14:39:24,PTBA,RG,2710,180,D,YU,YU,D
14:39:23,PTBA,RG,2710,1000,D,YP,YU,D
14:39:19,PTBA,RG,2710,1,D,XC,YU,D
14:39:10,PTBA,RG,2710,1,D,CC,YU,D
14:39:09,PTBA,RG,2710,1,D,PD,YU,D
14:39:03,PTBA,RG,2710,1,D,KK,YU,D
14:38:54,PTBA,RG,2710,10,D,SQ,YU,D
14:38:54,PTBA,RG,2710,50,D,KK,YU,D
14:38:54,PTBA,RG,2710,50,D,DR,YU,D
14:38:51,PTBA,RG,2710,1,D,PD,YU,D
14:38:48,PTBA,RG,2710,1,D,PD,YU,D
14:38:47,PTBA,RG,2710,3,D,SQ,YU,D
14:38:46,PTBA,RG,2710,30,D,GR,YU,D
14:38:41,PTBA,RG,2710,5,D,PD,YU,D
14:38:41,PTBA,RG,2710,29,D,YB,YU,D
14:38:41,PTBA,RG,2710,101,F,ZP,YU,D
14:38:41,PTBA,RG,2710,1,D,YP,YU,D
14:38:41,PTBA,RG,2710,2,D,CC,YU,D
14:38:41,PTBA,RG,2710,20,D,CC,YU,D
14:38:41,PTBA,RG,2710,1,D,XC,YU,D
14:38:41,PTBA,RG,2710,3,D,XC,YU,D
14:38:41,PTBA,RG,2710,100,D,ZP,YU,D
14:38:41,PTBA,RG,2710,100,D,YP,YU,D
14:38:41,PTBA,RG,2710,2,D,CC,YU,D
14:38:41,PTBA,RG,2710,100,D,NI,YU,D
14:38:41,PTBA,RG,2710,1,D,YP,YU,D
14:38:41,PTBA,RG,2710,10,D,KK,YU,D
14:38:41,PTBA,RG,2710,10,D,PD,YU,D
14:38:41,PTBA,RG,2710,3,D,YP,YU,D
14:38:41,PTBA,RG,2710,31,F,AK,YU,D
14:38:41,PTBA,RG,2710,300,D,AR,YU,D
14:38:41,PTBA,RG,2710,50,D,CC,YU,D
14:38:41,PTBA,RG,2710,99,F,ZP,YU,D
14:38:41,PTBA,RG,2710,5,D,NI,YU,D
14:38:41,PTBA,RG,2710,150,D,GR,YU,D
14:38:41,PTBA,RG,2710,2,D,XL,YU,D
14:38:41,PTBA,RG,2710,3,D,XC,YU,D
14:38:41,PTBA,RG,2710,6,F,AK,YU,D
14:38:41,PTBA,RG,2710,1,D,DH,YU,D
14:38:41,PTBA,RG,2710,44,D,AT,YU,D
14:38:41,PTBA,RG,2710,5,D,KK,YU,D
14:38:41,PTBA,RG,2710,2,D,YP,YU,D
14:38:41,PTBA,RG,2710,100,D,PD,YU,D
14:38:41,PTBA,RG,2710,4,D,NI,YU,D
14:38:41,PTBA,RG,2710,1890,F,BK,YU,D
14:38:41,PTBA,RG,2710,111,D,YP,YU,D
14:38:41,PTBA,RG,2710,61,F,ZP,YU,D
14:38:41,PTBA,RG,2710,50,D,YP,YU,D
14:38:41,PTBA,RG,2710,33,F,ZP,YU,D
14:38:41,PTBA,RG,2710,200,D,ZP,YU,D
14:38:41,PTBA,RG,2710,100,D,IF,YU,D
14:38:41,PTBA,RG,2710,50,D,AG,YU,D
14:38:41,PTBA,RG,2710,20,D,YP,YU,D
14:38:41,PTBA,RG,2710,46,F,ZP,YU,D
14:38:41,PTBA,RG,2710,5,D,YP,YU,D
14:38:41,PTBA,RG,2710,4,D,AT,YU,D
14:38:41,PTBA,RG,2710,4,D,CC,YU,D
14:38:41,PTBA,RG,2710,5,D,GR,YU,D
14:38:41,PTBA,RG,2710,4,D,PD,YU,D
14:38:41,PTBA,RG,2710,19,F,ZP,YU,D
14:38:41,PTBA,RG,2710,25,D,KK,YU,D
14:38:41,PTBA,RG,2710,100,D,NI,YU,D
14:38:41,PTBA,RG,2710,7,D,CC,YU,D
14:38:41,PTBA,RG,2710,20,F,ZP,YU,D
14:38:41,PTBA,RG,2710,2,D,PD,YU,D
14:38:41,PTBA,RG,2710,2,D,YP,YU,D
14:38:41,PTBA,RG,2710,37,D,YP,YU,D
14:38:41,PTBA,RG,2710,69,F,ZP,YU,D
14:38:41,PTBA,RG,2710,5,D,YP,YU,D
14:38:41,PTBA,RG,2710,1,D,PC,YU,D
14:38:41,PTBA,RG,2710,2,D,YP,YU,D
14:38:41,PTBA,RG,2710,30,D,SQ,YU,D
14:38:41,PTBA,RG,2710,10,D,YP,YU,D
14:38:41,PTBA,RG,2710,2,D,CC,YU,D
14:38:41,PTBA,RG,2710,2,D,YP,YU,D
14:38:41,PTBA,RG,2710,4,D,NI,YU,D
14:38:41,PTBA,RG,2710,2,D,PD,YU,D
14:38:41,PTBA,RG,2710,1,D,PD,YU,D
14:38:41,PTBA,RG,2710,2,D,PD,YU,D
14:38:41,PTBA,RG,2710,1,D,PD,YU,D
14:38:41,PTBA,RG,2710,3,D,XC,YU,D
14:38:41,PTBA,RG,2710,10,D,PD,YU,D
14:38:41,PTBA,RG,2710,1,D,YP,YU,D
14:38:41,PTBA,RG,2710,20,D,OD,YU,D
14:38:41,PTBA,RG,2710,25,D,YP,YU,D
14:38:41,PTBA,RG,2710,1500,D,KK,YU,D
14:38:41,PTBA,RG,2710,5,D,YP,YU,D
14:38:41,PTBA,RG,2710,10,D,SQ,YU,D
14:38:41,PTBA,RG,2710,1,D,YP,YU,D
14:38:41,PTBA,RG,2710,1,D,XC,YU,D
14:38:41,PTBA,RG,2710,10,D,PD,YU,D
14:38:41,PTBA,RG,2710,3,D,PD,YU,D
14:38:41,PTBA,RG,2710,10,D,GR,YU,D
14:38:41,PTBA,RG,2710,3,D,PD,YU,D
14:38:41,PTBA,RG,2710,7,D,XC,YU,D
14:38:41,PTBA,RG,2710,1,D,PD,YU,D
14:38:41,PTBA,RG,2710,1,D,XC,YU,D
14:38:41,PTBA,RG,2710,9,D,HP,YU,D
14:38:41,PTBA,RG,2710,1,D,NI,YU,D
14:38:41,PTBA,RG,2710,1,D,XC,YU,D
14:38:41,PTBA,RG,2710,5,D,DX,YU,D
14:38:41,PTBA,RG,2710,36,D,XC,YU,D
14:38:41,PTBA,RG,2710,20,D,EP,YU,D
14:38:41,PTBA,RG,2710,4,D,CC,YU,D
14:38:41,PTBA,RG,2710,1000,D,YP,YU,D
14:38:41,PTBA,RG,2710,11,D,NI,YU,D
14:38:41,PTBA,RG,2710,5,D,LG,YU,D
14:38:41,PTBA,RG,2710,39,D,XC,YU,D
14:38:41,PTBA,RG,2710,50,D,KK,YU,D
14:38:41,PTBA,RG,2710,5,F,ZP,YU,D
14:38:41,PTBA,RG,2710,3,D,XC,YU,D
14:38:41,PTBA,RG,2710,7,D,YP,YU,D
14:38:41,PTBA,RG,2710,50,D,YP,YU,D
14:38:41,PTBA,RG,2710,1,D,YP,YU,D
14:38:41,PTBA,RG,2710,1,D,XC,YU,D
14:38:41,PTBA,RG,2710,1,D,XL,YU,D
14:38:41,PTBA,RG,2710,2,D,PD,YU,D
14:38:41,PTBA,RG,2710,2,D,PD,YU,D
14:38:41,PTBA,RG,2710,1,D,GR,YU,D
14:38:41,PTBA,RG,2710,8,D,DX,YU,D
14:38:41,PTBA,RG,2710,2,D,PD,YU,D
14:38:41,PTBA,RG,2710,5,D,PD,YU,D
14:38:41,PTBA,RG,2710,11,D,SQ,YU,D
14:38:41,PTBA,RG,2710,1,D,BQ,YU,D
14:38:41,PTBA,RG,2710,10,D,PD,YU,D
14:38:41,PTBA,RG,2710,1,F,AG,YU,D
14:38:41,PTBA,RG,2710,2,D,PD,YU,D
14:38:41,PTBA,RG,2710,10,D,PD,YU,D
14:38:41,PTBA,RG,2710,14,D,YB,YU,D
14:38:41,PTBA,RG,2710,1,D,PD,YU,D
14:38:41,PTBA,RG,2710,10,D,YP,YU,D
14:38:41,PTBA,RG,2710,2,D,YP,YU,D
14:38:41,PTBA,RG,2710,2,D,XC,YU,D
14:38:41,PTBA,RG,2710,50,D,PD,YU,D
14:38:41,PTBA,RG,2710,10,D,SQ,YU,D
14:38:41,PTBA,RG,2710,2,D,LS,YU,D
14:38:41,PTBA,RG,2710,16,D,CC,YU,D
14:38:41,PTBA,RG,2710,1,D,YP,YU,D
14:38:41,PTBA,RG,2710,3,D,HP,YU,D
14:38:41,PTBA,RG,2710,2,D,XC,YU,D
14:38:41,PTBA,RG,2710,2,D,PD,YU,D
14:38:41,PTBA,RG,2710,45,D,XC,YU,D
14:38:41,PTBA,RG,2710,1,D,CC,YU,D
14:38:41,PTBA,RG,2710,50,D,TP,YU,D
14:38:41,PTBA,RG,2710,5,D,DX,YU,D
14:38:41,PTBA,RG,2710,1,D,YP,YU,D
14:38:41,PTBA,RG,2710,25,D,SQ,YU,D
14:38:41,PTBA,RG,2710,1,D,KK,YU,D
14:38:41,PTBA,RG,2710,2,D,PD,YU,D
14:38:41,PTBA,RG,2710,1,D,YB,YU,D
14:38:41,PTBA,RG,2710,1,D,PD,YU,D
14:38:41,PTBA,RG,2710,1,D,PD,YU,D
14:38:41,PTBA,RG,2710,2,D,DH,YU,D
14:38:41,PTBA,RG,2710,18,D,PD,YU,D
14:38:41,PTBA,RG,2710,10,D,AG,YU,D
14:38:41,PTBA,RG,2710,1,D,YP,YU,D
14:38:41,PTBA,RG,2710,3,D,AZ,YU,D
14:38:41,PTBA,RG,2710,15,D,PD,YU,D
14:38:41,PTBA,RG,2710,3,D,YP,YU,D
14:38:41,PTBA,RG,2710,10,D,ZP,YU,D
14:38:41,PTBA,RG,2710,1,D,YB,YU,D
14:38:41,PTBA,RG,2710,1,D,CC,YU,D
14:38:41,PTBA,RG,2710,4,D,KK,YU,D
14:38:41,PTBA,RG,2710,5,D,CC,YU,D
14:38:41,PTBA,RG,2710,5,D,CP,YU,D
14:38:41,PTBA,RG,2710,100,D,KK,YU,D
14:38:41,PTBA,RG,2710,1,D,YB,YU,D
14:38:41,PTBA,RG,2710,54,D,XC,YU,D
14:38:41,PTBA,RG,2710,1,D,PD,YU,D
14:38:41,PTBA,RG,2710,10,D,NI,YU,D
14:38:41,PTBA,RG,2710,3,D,PD,YU,D
14:38:41,PTBA,RG,2710,2,D,PD,YU,D
14:38:41,PTBA,RG,2710,1,D,XC,YU,D
14:38:41,PTBA,RG,2710,1,D,NI,YU,D
14:38:41,PTBA,RG,2710,100,D,PD,YU,D
14:38:41,PTBA,RG,2710,25,D,DX,YU,D
14:38:41,PTBA,RG,2710,50,D,AT,YU,D
14:38:41,PTBA,RG,2710,40,D,CC,YU,D
14:38:41,PTBA,RG,2710,20,D,YP,YU,D
14:38:41,PTBA,RG,2710,1,D,PD,YU,D
14:38:41,PTBA,RG,2710,10,D,DR,YU,D
14:38:41,PTBA,RG,2710,5,D,YP,YU,D
14:38:41,PTBA,RG,2710,8,D,NI,YU,D
14:38:41,PTBA,RG,2710,20,D,PD,YU,D
14:38:41,PTBA,RG,2710,5,D,HP,YU,D
14:38:41,PTBA,RG,2710,3,D,XC,YU,D
14:38:41,PTBA,RG,2710,1,D,OD,YU,D
14:38:41,PTBA,RG,2710,20,D,YP,YU,D
14:38:41,PTBA,RG,2710,50,D,CC,YU,D
14:38:41,PTBA,RG,2710,2,D,XC,YU,D
14:38:41,PTBA,RG,2710,50,D,DX,YU,D
14:38:41,PTBA,RG,2710,200,D,YP,YU,D
14:38:41,PTBA,RG,2710,50,D,YP,YU,D
14:38:41,PTBA,RG,2710,8,D,AZ,YU,D
14:38:41,PTBA,RG,2710,1,D,NI,YU,D
14:38:41,PTBA,RG,2710,1,D,YP,YU,D
14:38:41,PTBA,RG,2710,3,D,CC,YU,D
14:38:41,PTBA,RG,2710,10,D,CC,YU,D
14:38:41,PTBA,RG,2710,5,D,PD,YU,D
14:38:41,PTBA,RG,2710,1,D,XC,YU,D
14:38:41,PTBA,RG,2710,1,D,YB,YU,D
14:38:41,PTBA,RG,2710,20,D,NI,YU,D
14:38:41,PTBA,RG,2710,2,D,DH,YU,D
14:38:41,PTBA,RG,2710,10,D,YP,YU,D
14:38:41,PTBA,RG,2710,10,D,AZ,YU,D
14:38:41,PTBA,RG,2710,2,D,CC,YU,D
14:38:41,PTBA,RG,2710,5,D,YP,YU,D
14:38:41,PTBA,RG,2710,10,D,PD,YU,D
14:38:41,PTBA,RG,2710,5,D,EP,YU,D
14:38:41,PTBA,RG,2710,100,D,YP,YU,D
14:38:41,PTBA,RG,2710,1000,D,HP,YU,D
14:38:41,PTBA,RG,2710,2,D,NI,YU,D
14:38:41,PTBA,RG,2710,30,D,GR,YU,D
14:38:41,PTBA,RG,2710,8,D,HP,YU,D
14:38:41,PTBA,RG,2710,35,D,AZ,YU,D
14:38:41,PTBA,RG,2710,5,D,CC,YU,D
14:38:41,PTBA,RG,2710,5,D,KK,YU,D
14:38:41,PTBA,RG,2710,200,D,EP,YU,D
14:38:41,PTBA,RG,2710,1,D,YP,YU,D
14:38:41,PTBA,RG,2710,1,D,YP,YU,D
14:38:41,PTBA,RG,2710,5,D,SQ,YU,D
14:38:41,PTBA,RG,2710,15,D,YP,YU,D
14:38:41,PTBA,RG,2710,10,D,YP,YU,D
14:38:41,PTBA,RG,2710,10,D,DR,YU,D
14:38:41,PTBA,RG,2710,5,D,PD,YU,D
14:38:41,PTBA,RG,2710,5,D,YP,YU,D
14:38:41,PTBA,RG,2710,2500,D,IP,YU,D
14:38:41,PTBA,RG,2710,50,D,PD,YU,D
14:38:41,PTBA,RG,2710,3,D,YP,YU,D
14:38:41,PTBA,RG,2710,1,D,PD,YU,D
14:38:41,PTBA,RG,2710,74,D,EP,YU,D
14:38:41,PTBA,RG,2710,1,D,CC,YU,D
14:38:41,PTBA,RG,2710,100,D,PD,YU,D
14:38:41,PTBA,RG,2710,10,D,YP,YU,D
14:38:41,PTBA,RG,2710,1,D,CC,YU,D
14:38:41,PTBA,RG,2710,5,D,XC,YU,D
14:38:41,PTBA,RG,2710,1,D,KK,YU,D
14:38:41,PTBA,RG,2710,155,D,YP,YU,D
14:38:41,PTBA,RG,2710,13,D,XC,YU,D
14:38:41,PTBA,RG,2710,50,D,NI,YU,D
14:38:41,PTBA,RG,2710,1,D,OD,YU,D
14:38:41,PTBA,RG,2710,1,D,YP,YU,D
14:38:41,PTBA,RG,2710,5,D,DR,YU,D
14:38:41,PTBA,RG,2710,3,D,SQ,YU,D
14:38:41,PTBA,RG,2710,50,D,AG,YU,D
14:38:41,PTBA,RG,2710,5,D,EP,YU,D
14:38:41,PTBA,RG,2710,80,D,KK,YU,D
14:38:41,PTBA,RG,2710,200,D,XC,YU,D
14:38:41,PTBA,RG,2710,3,D,YP,YU,D
14:38:41,PTBA,RG,2710,3,D,PD,YU,D
14:38:41,PTBA,RG,2710,50,D,YP,YU,D
14:38:41,PTBA,RG,2710,1,D,KK,YU,D
14:38:41,PTBA,RG,2710,13,D,PD,YU,D
14:38:41,PTBA,RG,2710,10,D,YB,YU,D
14:38:41,PTBA,RG,2710,1,D,XA,YU,D
14:38:41,PTBA,RG,2710,2,D,NI,YU,D
14:38:41,PTBA,RG,2710,1,D,PD,YU,D
14:38:41,PTBA,RG,2710,30,D,KK,YU,D
14:38:41,PTBA,RG,2710,40,D,DH,YU,D
14:38:41,PTBA,RG,2710,1,D,PD,YU,D
14:38:41,PTBA,RG,2710,20,D,OD,YU,D
14:38:41,PTBA,RG,2710,1388,D,YP,YU,D
14:38:41,PTBA,RG,2720,5,D,PD,YU,D
14:38:27,PTBA,RG,2710,19,D,YP,AK,F
14:38:26,PTBA,RG,2720,2,D,PD,YU,D
14:38:19,PTBA,RG,2720,2,D,PD,YU,D
14:38:19,PTBA,RG,2720,1,D,YP,YU,D
14:38:14,PTBA,RG,2720,5,D,PD,YU,D
14:38:09,PTBA,RG,2720,30,D,CP,YU,D
14:38:04,PTBA,RG,2720,3,D,CC,YU,D
14:37:56,PTBA,RG,2720,3,D,YP,YU,D
14:37:55,PTBA,RG,2720,5,D,XC,YU,D
14:37:52,PTBA,RG,2720,3,D,XC,YU,D
14:37:44,PTBA,RG,2720,1,D,CC,YU,D
14:37:43,PTBA,RG,2710,1,D,YP,XC,D
14:37:37,PTBA,RG,2710,30,D,YP,PD,D
14:37:26,PTBA,RG,2710,20,D,YP,CC,D
14:37:22,PTBA,RG,2720,3,D,DR,YU,D
14:37:08,PTBA,RG,2710,4,D,YP,CC,D
14:37:06,PTBA,RG,2710,150,D,YP,PD,D
14:37:00,PTBA,RG,2710,120,D,YP,YP,D
14:36:57,PTBA,RG,2710,100,D,YP,IU,D
14:36:56,PTBA,RG,2720,5,D,PD,YU,D
14:36:53,PTBA,RG,2720,1,D,XL,YU,D
14:36:53,PTBA,RG,2720,200,D,YP,YU,D
14:36:46,PTBA,RG,2710,2,D,YP,IF,D
14:36:44,PTBA,RG,2720,1,D,CC,YU,D
14:36:42,PTBA,RG,2710,10,D,YP,CP,D
14:36:37,PTBA,RG,2710,12,D,YP,PD,D
14:36:32,PTBA,RG,2710,35,D,YP,KK,D
14:36:25,PTBA,RG,2710,12,D,YP,XC,D
14:36:25,PTBA,RG,2710,97,D,YP,YP,D
14:36:25,PTBA,RG,2710,10,D,AZ,YP,D
14:36:25,PTBA,RG,2710,1,D,YP,YP,D
14:36:25,PTBA,RG,2710,1,D,DH,YP,D
14:36:25,PTBA,RG,2710,1,D,OD,YP,D
14:36:25,PTBA,RG,2710,1,D,YP,YP,D
14:36:25,PTBA,RG,2710,1,D,YP,YP,D
14:36:25,PTBA,RG,2710,8,D,YP,YP,D
14:36:25,PTBA,RG,2710,10,D,PD,YP,D
14:36:25,PTBA,RG,2710,50,D,GR,YP,D
14:36:25,PTBA,RG,2710,48,D,CC,YP,D
14:36:22,PTBA,RG,2710,2,D,CC,YP,D
14:36:22,PTBA,RG,2710,50,D,CC,YP,D
14:36:22,PTBA,RG,2710,5,D,CC,YP,D
14:36:21,PTBA,RG,2710,4,D,CC,AT,D
14:36:21,PTBA,RG,2710,1,D,CC,DR,D
14:36:21,PTBA,RG,2710,1,D,CC,BQ,D
14:36:21,PTBA,RG,2710,5,D,CC,PD,D
14:36:20,PTBA,RG,2710,44,D,CC,DH,D
14:36:20,PTBA,RG,2710,1,D,YB,DH,D
14:36:20,PTBA,RG,2710,10,D,YP,DH,D
14:36:20,PTBA,RG,2710,4,D,EP,DH,D
14:36:20,PTBA,RG,2710,2,D,PD,DH,D
14:36:20,PTBA,RG,2710,1,D,PD,DH,D
14:36:20,PTBA,RG,2710,2,D,EP,DH,D
14:36:20,PTBA,RG,2710,1,D,PD,DH,D
14:36:20,PTBA,RG,2710,1,D,XC,DH,D
14:36:20,PTBA,RG,2710,2,D,XC,DH,D
14:36:20,PTBA,RG,2710,25,D,DR,DH,D
14:36:20,PTBA,RG,2710,1,D,EP,DH,D
14:36:20,PTBA,RG,2710,10,D,XA,DH,D
14:36:20,PTBA,RG,2710,50,D,XA,DH,D
14:36:20,PTBA,RG,2710,1,D,PD,DH,D
14:36:20,PTBA,RG,2710,40,D,YB,DH,D
14:35:59,PTBA,RG,2720,100,D,SQ,YU,D
14:35:49,PTBA,RG,2720,1,D,XL,YU,D
14:35:45,PTBA,RG,2720,1,D,YP,YU,D
14:35:42,PTBA,RG,2720,20,D,MI,YU,D
14:35:31,PTBA,RG,2720,8,F,AK,YU,D
14:35:31,PTBA,RG,2720,1,D,KK,YU,D
14:35:31,PTBA,RG,2720,1,D,CC,YU,D
14:35:31,PTBA,RG,2720,59,F,ZP,YU,D
14:35:31,PTBA,RG,2720,115,F,ZP,YU,D
14:35:31,PTBA,RG,2720,1,D,NI,YU,D
14:35:31,PTBA,RG,2720,109,D,XC,YU,D
14:35:31,PTBA,RG,2720,368,D,YP,YU,D
14:35:31,PTBA,RG,2720,4,D,PD,YU,D
14:35:31,PTBA,RG,2720,100,D,PD,YU,D
14:35:31,PTBA,RG,2720,50,D,AG,YU,D
14:35:31,PTBA,RG,2720,100,D,PD,YU,D
14:35:31,PTBA,RG,2720,1,D,PD,YU,D
14:35:31,PTBA,RG,2720,102,F,ZP,YU,D
14:35:31,PTBA,RG,2720,2,D,XL,YU,D
14:35:31,PTBA,RG,2720,1000,D,YU,YU,D
14:35:31,PTBA,RG,2720,100,D,NI,YU,D
14:35:31,PTBA,RG,2720,1,D,XC,YU,D
14:35:31,PTBA,RG,2720,8,D,PD,YU,D
14:35:31,PTBA,RG,2720,7,D,DR,YU,D
14:35:31,PTBA,RG,2720,98,F,ZP,YU,D
14:35:31,PTBA,RG,2720,25,D,NI,YU,D
14:35:31,PTBA,RG,2720,3,D,YP,YU,D
14:35:31,PTBA,RG,2720,1,D,PC,YU,D
14:35:31,PTBA,RG,2720,5,D,PD,YU,D
14:35:31,PTBA,RG,2720,98,F,ZP,YU,D
14:35:31,PTBA,RG,2720,2,D,CC,YU,D
14:35:31,PTBA,RG,2720,10,D,GR,YU,D
14:35:31,PTBA,RG,2720,130,D,PD,YU,D
14:35:31,PTBA,RG,2720,1,D,PD,YU,D
14:35:31,PTBA,RG,2720,277,F,CS,YU,D
14:35:31,PTBA,RG,2720,100,F,ZP,YU,D
14:35:31,PTBA,RG,2720,300,D,PD,YU,D
14:35:31,PTBA,RG,2720,50,D,DR,YU,D
14:35:31,PTBA,RG,2720,100,D,YP,YU,D
14:35:31,PTBA,RG,2720,103,F,ZP,YU,D
14:35:31,PTBA,RG,2720,200,D,HD,YU,D
14:35:31,PTBA,RG,2720,2,D,KK,YU,D
14:35:31,PTBA,RG,2720,20,D,YP,YU,D
14:35:31,PTBA,RG,2720,8,F,AK,YU,D
14:35:31,PTBA,RG,2720,99,F,ZP,YU,D
14:35:31,PTBA,RG,2720,1,D,XC,YU,D
14:35:31,PTBA,RG,2720,1,D,YP,YU,D
14:35:31,PTBA,RG,2720,10,D,IU,YU,D
14:35:31,PTBA,RG,2720,100,F,ZP,YU,D
14:35:31,PTBA,RG,2720,50,D,PD,YU,D
14:35:31,PTBA,RG,2720,1,D,XC,YU,D
14:35:31,PTBA,RG,2720,3,D,YP,YU,D
14:35:31,PTBA,RG,2720,286,F,CS,YU,D
14:35:31,PTBA,RG,2720,1,D,YP,YU,D
14:35:31,PTBA,RG,2720,5,D,CC,YU,D
14:35:31,PTBA,RG,2720,150,D,XC,YU,D
14:35:31,PTBA,RG,2720,1,D,XL,YU,D
14:35:31,PTBA,RG,2720,98,F,ZP,YU,D
14:35:31,PTBA,RG,2720,16,F,AK,YU,D
14:35:31,PTBA,RG,2720,232,F,ZP,YU,D
14:35:31,PTBA,RG,2720,2,D,PD,YU,D
14:35:31,PTBA,RG,2720,4,D,XL,YU,D
14:35:31,PTBA,RG,2720,5,D,YP,YU,D
14:35:31,PTBA,RG,2720,5,D,YP,YU,D
14:35:31,PTBA,RG,2720,12,D,XC,YU,D
14:35:31,PTBA,RG,2720,285,F,ZP,YU,D
14:35:31,PTBA,RG,2720,1,D,DH,YU,D
14:35:31,PTBA,RG,2720,5,F,AK,YU,D
14:35:31,PTBA,RG,2720,1,D,PC,YU,D
14:35:31,PTBA,RG,2720,1,D,XC,YU,D
14:35:31,PTBA,RG,2720,7,D,XC,YU,D
14:35:31,PTBA,RG,2720,75,D,PD,YU,D
14:35:31,PTBA,RG,2720,10,D,YP,YU,D
14:35:31,PTBA,RG,2720,2,D,YP,YU,D
14:35:31,PTBA,RG,2720,10,D,ZP,YU,D
14:35:31,PTBA,RG,2720,64,D,YP,YU,D
14:35:31,PTBA,RG,2720,2,D,YP,YU,D
14:35:31,PTBA,RG,2720,111,D,YU,YU,D
14:35:31,PTBA,RG,2720,128,D,KK,YU,D
14:35:31,PTBA,RG,2720,1,D,YB,YU,D
14:35:31,PTBA,RG,2720,5,D,YP,YU,D
14:35:31,PTBA,RG,2720,1,D,PD,YU,D
14:35:31,PTBA,RG,2720,1,D,DX,YU,D
14:35:31,PTBA,RG,2720,5,D,CC,YU,D
14:35:31,PTBA,RG,2720,5,D,XC,YU,D
14:35:31,PTBA,RG,2720,50,D,TP,YU,D
14:35:31,PTBA,RG,2720,1,D,XC,YU,D
14:35:31,PTBA,RG,2720,1,D,YP,YU,D
14:35:31,PTBA,RG,2720,500,D,HP,YU,D
14:35:31,PTBA,RG,2720,2350,D,TP,YU,D
14:35:31,PTBA,RG,2720,1,D,XC,YU,D
14:35:31,PTBA,RG,2720,3,D,EP,YU,D
14:35:31,PTBA,RG,2720,100,D,PD,YU,D
14:35:31,PTBA,RG,2720,100,D,DH,YU,D
14:35:31,PTBA,RG,2720,2,D,YP,YU,D
14:35:31,PTBA,RG,2720,100,D,CC,YU,D
14:35:31,PTBA,RG,2720,4,D,NI,YU,D
14:35:31,PTBA,RG,2720,1,D,PD,YU,D
14:35:31,PTBA,RG,2720,1,D,PD,YU,D
14:35:31,PTBA,RG,2720,2,D,PD,YU,D
14:35:31,PTBA,RG,2720,45,D,XC,YU,D
14:35:31,PTBA,RG,2720,80,D,CC,YU,D
14:35:31,PTBA,RG,2720,1,D,EP,YU,D
14:35:31,PTBA,RG,2720,100,D,YU,YU,D
14:35:31,PTBA,RG,2720,50,D,CC,YU,D
14:35:31,PTBA,RG,2720,500,D,YP,YU,D
14:35:31,PTBA,RG,2720,40,D,AG,YU,D
14:35:31,PTBA,RG,2720,100,D,PD,YU,D
14:35:31,PTBA,RG,2720,100,D,PD,YU,D
14:35:31,PTBA,RG,2720,5,D,XC,YU,D
14:35:31,PTBA,RG,2720,50,D,YP,YU,D
14:35:31,PTBA,RG,2720,20,D,CC,YU,D
14:35:31,PTBA,RG,2720,5,D,CC,YU,D
14:35:31,PTBA,RG,2720,1,D,XC,YU,D
14:35:31,PTBA,RG,2720,5,D,YP,YU,D
14:35:31,PTBA,RG,2720,100,D,YP,YU,D
14:35:31,PTBA,RG,2720,10,D,PD,YU,D
14:35:31,PTBA,RG,2720,3,D,CC,YU,D
14:35:31,PTBA,RG,2720,185,D,XA,YU,D
14:35:31,PTBA,RG,2720,1,D,PD,YU,D
14:35:31,PTBA,RG,2720,1,D,PD,YU,D
14:35:31,PTBA,RG,2720,5,D,SQ,YU,D
14:35:31,PTBA,RG,2720,2,D,EP,YU,D
14:35:31,PTBA,RG,2720,2,D,PD,YU,D
14:35:31,PTBA,RG,2720,1,D,PD,YU,D
14:35:31,PTBA,RG,2720,964,D,YP,YU,D
14:35:28,PTBA,RG,2730,4,D,CP,AK,F
14:35:19,PTBA,RG,2730,1,D,XC,AK,F
14:35:01,PTBA,RG,2730,4,D,DR,AK,F
14:35:00,PTBA,RG,2730,4,D,EP,AK,F
14:34:52,PTBA,RG,2730,3,D,CC,AK,F
14:34:45,PTBA,RG,2730,7,F,AK,AK,F
14:34:42,PTBA,RG,2730,4,D,PD,AK,F
14:34:34,PTBA,RG,2730,450,D,YP,AK,F
14:34:34,PTBA,RG,2730,35,D,YP,CP,D
14:34:34,PTBA,RG,2730,1,D,YP,CC,D
14:34:34,PTBA,RG,2730,3,D,YP,GR,D
14:34:34,PTBA,RG,2730,11,D,YP,CC,D
14:34:27,PTBA,RG,2730,3,D,AZ,CC,D
14:34:24,PTBA,RG,2730,11,D,YP,CC,D
14:34:24,PTBA,RG,2730,1,D,YP,NI,D
14:34:24,PTBA,RG,2730,20,D,YP,YB,D
14:34:24,PTBA,RG,2730,3,D,YP,CC,D
14:34:24,PTBA,RG,2730,150,D,YP,DR,D
14:34:24,PTBA,RG,2730,10,D,YP,CC,D
14:34:24,PTBA,RG,2730,133,D,YP,BK,F
14:34:24,PTBA,RG,2730,10,D,YP,DR,D
14:34:24,PTBA,RG,2730,10,D,YP,YP,D
14:34:24,PTBA,RG,2730,100,D,YP,YP,D
14:34:24,PTBA,RG,2730,13,D,YP,AK,F
14:34:24,PTBA,RG,2730,25,D,YP,AK,F
14:34:24,PTBA,RG,2730,14,D,YP,AK,F
14:34:09,PTBA,RG,2720,20,D,YP,IF,D
14:34:08,PTBA,RG,2730,1,D,XC,AK,F
14:33:32,PTBA,RG,2730,2,D,CC,BK,F
14:33:30,PTBA,RG,2730,5,D,YP,BK,F
14:33:22,PTBA,RG,2720,4,D,YP,XC,D
14:33:22,PTBA,RG,2720,12,D,YP,CC,D
14:33:22,PTBA,RG,2720,10,D,YP,CC,D
14:33:22,PTBA,RG,2720,18,D,YP,CC,D
14:33:21,PTBA,RG,2720,7,D,YP,OD,D
14:33:21,PTBA,RG,2720,3,D,XC,OD,D
14:33:21,PTBA,RG,2720,1,D,PD,OD,D
14:33:21,PTBA,RG,2720,5,D,MG,OD,D
14:33:21,PTBA,RG,2720,100,D,PD,OD,D
14:33:21,PTBA,RG,2720,2,D,XC,OD,D
14:33:21,PTBA,RG,2720,5,D,PD,OD,D
14:33:21,PTBA,RG,2720,100,D,SQ,OD,D
14:33:21,PTBA,RG,2720,1,D,HP,OD,D
14:33:21,PTBA,RG,2720,1,D,PD,OD,D
14:33:21,PTBA,RG,2720,5,D,YP,OD,D
14:33:21,PTBA,RG,2720,1,D,OD,OD,D
14:33:21,PTBA,RG,2720,37,D,SQ,OD,D
14:33:21,PTBA,RG,2720,2000,D,HP,OD,D
14:33:21,PTBA,RG,2720,5,D,YP,OD,D
14:33:21,PTBA,RG,2720,2,D,EP,OD,D
14:33:21,PTBA,RG,2720,1,D,XC,OD,D
14:33:21,PTBA,RG,2720,10,D,AT,OD,D
14:33:21,PTBA,RG,2720,1,D,XC,OD,D
14:33:21,PTBA,RG,2720,2,D,XC,OD,D
14:33:21,PTBA,RG,2720,100,D,OD,OD,D
14:33:21,PTBA,RG,2720,10,D,NI,OD,D
14:33:21,PTBA,RG,2720,8,D,NI,OD,D
14:33:21,PTBA,RG,2720,1,D,PD,OD,D
14:33:21,PTBA,RG,2720,10,F,KK,OD,D
14:33:21,PTBA,RG,2720,10,D,GR,OD,D
14:33:21,PTBA,RG,2720,10,D,SQ,OD,D
14:33:21,PTBA,RG,2720,18,D,PD,OD,D
14:33:21,PTBA,RG,2720,5,D,YB,OD,D
14:33:21,PTBA,RG,2720,5,D,NI,OD,D
14:33:21,PTBA,RG,2720,5,D,YP,OD,D
14:33:21,PTBA,RG,2720,20,D,YP,OD,D
14:33:21,PTBA,RG,2720,5,D,XC,OD,D
14:33:21,PTBA,RG,2720,184,D,XL,OD,D
14:33:21,PTBA,RG,2720,150,D,NI,OD,D
14:33:21,PTBA,RG,2720,12,D,YP,OD,D
14:33:21,PTBA,RG,2720,10,D,NI,OD,D
14:33:21,PTBA,RG,2720,4,D,XC,OD,D
14:33:21,PTBA,RG,2720,17,F,ZP,OD,D
14:33:21,PTBA,RG,2720,127,D,YJ,OD,D
14:33:20,PTBA,RG,2730,113,D,XC,BK,F
14:33:20,PTBA,RG,2730,291,D,XC,CC,F
14:33:09,PTBA,RG,2730,1,D,PD,CC,F
14:32:54,PTBA,RG,2730,1,D,CC,CC,F
14:32:49,PTBA,RG,2730,1,D,XC,CC,F
14:32:22,PTBA,RG,2730,36,F,ZP,CC,F
14:32:19,PTBA,RG,2730,2,D,PD,CC,F
14:32:02,PTBA,RG,2730,1,D,XC,CC,F
14:31:19,PTBA,RG,2730,2,D,XC,CC,F
14:31:14,PTBA,RG,2720,3,D,YJ,PD,D
14:31:13,PTBA,RG,2720,3,D,YJ,YP,D
14:30:26,PTBA,RG,2720,19,D,YJ,AK,F
14:30:25,PTBA,RG,2730,4,F,ZP,CC,F
14:30:15,PTBA,RG,2730,10,D,XC,CC,F
14:30:13,PTBA,RG,2720,1,D,YJ,AK,F
14:30:12,PTBA,RG,2720,50,D,YJ,PD,D
14:30:11,PTBA,RG,2730,53,F,ZP,CC,F
14:30:09,PTBA,RG,2730,10,D,AI,CC,F
14:29:55,PTBA,RG,2720,1,D,YJ,PD,D
14:29:27,PTBA,RG,2720,1,D,YJ,NI,D
14:29:12,PTBA,RG,2720,39,D,YJ,PD,D
14:28:53,PTBA,RG,2730,3,D,XC,CC,F
14:28:52,PTBA,RG,2730,10,D,PD,CC,F
14:28:39,PTBA,RG,2730,3,D,YP,CC,F
14:28:24,PTBA,RG,2730,200,D,AT,CC,F
14:28:16,PTBA,RG,2730,2,D,EP,CC,F
14:28:11,PTBA,RG,2730,70,D,NI,CC,F
14:28:11,PTBA,RG,2730,100,D,NI,CC,F
14:28:11,PTBA,RG,2730,130,D,NI,AK,F
14:28:11,PTBA,RG,2720,7,D,YJ,CD,D
14:28:10,PTBA,RG,2730,5,D,DR,AK,F
14:28:06,PTBA,RG,2720,22,D,YJ,AK,F
14:27:18,PTBA,RG,2730,1,D,YP,AK,F
14:27:12,PTBA,RG,2730,100,D,YP,AK,F
14:27:05,PTBA,RG,2730,2,D,YP,AK,F
14:27:02,PTBA,RG,2730,47,F,ZP,AK,F
14:26:59,PTBA,RG,2730,2,D,YP,AK,F
14:26:58,PTBA,RG,2720,1,D,YJ,YP,D
14:26:54,PTBA,RG,2730,10,D,IU,AK,F
14:26:53,PTBA,RG,2720,2,D,YJ,GR,D
14:26:50,PTBA,RG,2730,583,D,EP,AK,F
14:26:50,PTBA,RG,2730,146,D,EP,BK,F
14:26:50,PTBA,RG,2730,71,D,EP,PD,D
14:26:30,PTBA,RG,2720,17,D,YJ,AK,F
14:26:04,PTBA,RG,2720,2,D,YJ,PD,D
14:25:59,PTBA,RG,2720,1,D,YJ,ZP,D
14:25:39,PTBA,RG,2720,50,D,YJ,YU,D
14:25:31,PTBA,RG,2730,21,D,XL,PD,D
14:25:29,PTBA,RG,2720,30,D,YJ,EP,D
14:25:22,PTBA,RG,2730,12,D,XC,PD,D
14:25:09,PTBA,RG,2720,857,D,YJ,BK,F
14:25:08,PTBA,RG,2730,4,F,AK,PD,D
14:25:08,PTBA,RG,2730,4,F,AK,PD,D
14:25:08,PTBA,RG,2730,4,D,XL,PD,D
14:25:08,PTBA,RG,2730,4,D,XL,PD,D
14:25:08,PTBA,RG,2730,8,D,DR,PD,D
14:25:08,PTBA,RG,2730,5,D,YP,PD,D
14:25:08,PTBA,RG,2730,4,D,CC,PD,D
14:25:08,PTBA,RG,2730,100,F,ZP,PD,D
14:25:08,PTBA,RG,2730,120,D,DR,PD,D
14:25:08,PTBA,RG,2730,1,D,PD,PD,D
14:25:08,PTBA,RG,2730,99,F,ZP,PD,D
14:25:08,PTBA,RG,2730,3,D,YP,PD,D
14:25:08,PTBA,RG,2730,50,D,YP,PD,D
14:25:08,PTBA,RG,2730,98,F,ZP,PD,D
14:25:08,PTBA,RG,2730,50,D,SQ,PD,D
14:25:08,PTBA,RG,2730,8,D,CC,PD,D
14:25:08,PTBA,RG,2730,1,D,YP,PD,D
14:25:08,PTBA,RG,2730,497,F,ZP,PD,D
14:25:08,PTBA,RG,2730,3,D,YP,PD,D
14:25:08,PTBA,RG,2730,500,D,OD,PD,D
14:25:08,PTBA,RG,2730,10,D,YP,PD,D
14:25:08,PTBA,RG,2730,10,D,YP,PD,D
14:25:08,PTBA,RG,2730,5,D,YP,PD,D
14:25:08,PTBA,RG,2730,5,D,NI,PD,D
14:25:08,PTBA,RG,2730,10,D,YP,PD,D
14:25:08,PTBA,RG,2730,3,D,CC,PD,D
14:25:08,PTBA,RG,2730,1,D,PC,PD,D
14:25:08,PTBA,RG,2730,1,D,NI,PD,D
14:25:08,PTBA,RG,2730,5,D,NI,PD,D
14:25:08,PTBA,RG,2730,111,D,NI,PD,D
14:25:08,PTBA,RG,2730,6,D,PD,PD,D
14:25:08,PTBA,RG,2730,7,F,AK,PD,D
14:25:08,PTBA,RG,2730,5,F,AK,PD,D
14:25:08,PTBA,RG,2730,50,D,PD,PD,D
14:25:08,PTBA,RG,2730,39,D,YU,PD,D
14:25:08,PTBA,RG,2730,5,D,DR,PD,D
14:25:08,PTBA,RG,2730,2,D,YP,PD,D
14:25:08,PTBA,RG,2730,10,D,EP,PD,D
14:25:08,PTBA,RG,2730,2,D,YP,PD,D
14:25:08,PTBA,RG,2730,1,D,XC,PD,D
14:25:08,PTBA,RG,2730,14,D,CC,PD,D
14:25:08,PTBA,RG,2730,3,D,YP,PD,D
14:25:08,PTBA,RG,2730,5,D,DR,PD,D
14:25:08,PTBA,RG,2730,10,D,DX,PD,D
14:25:08,PTBA,RG,2730,200,D,KI,PD,D
14:25:08,PTBA,RG,2730,6,D,XC,PD,D
14:25:08,PTBA,RG,2730,64,D,YP,PD,D
14:25:08,PTBA,RG,2730,38,D,XA,PD,D
14:25:08,PTBA,RG,2730,200,D,ZP,PD,D
14:25:08,PTBA,RG,2730,25,D,YP,PD,D
14:25:08,PTBA,RG,2730,2,D,PD,PD,D
14:25:08,PTBA,RG,2730,3,D,PD,PD,D
14:25:08,PTBA,RG,2730,1,D,DX,PD,D
14:25:08,PTBA,RG,2730,50,D,CC,PD,D
14:25:08,PTBA,RG,2730,6,D,XC,PD,D
14:25:08,PTBA,RG,2730,8,F,AK,PD,D
14:25:08,PTBA,RG,2730,500,D,YP,PD,D
14:25:08,PTBA,RG,2730,2,D,YP,PD,D
14:25:08,PTBA,RG,2730,1000,D,YU,PD,D
14:25:08,PTBA,RG,2730,10,D,PD,PD,D
14:25:08,PTBA,RG,2730,1,D,YP,PD,D
14:25:08,PTBA,RG,2730,122,F,ZP,PD,D
14:25:08,PTBA,RG,2730,366,D,LG,PD,D
14:25:08,PTBA,RG,2730,3,D,YP,PD,D
14:25:08,PTBA,RG,2730,2,D,YP,PD,D
14:25:08,PTBA,RG,2730,4,D,KK,PD,D
14:25:08,PTBA,RG,2730,1,D,NI,PD,D
14:25:08,PTBA,RG,2730,5,D,YP,PD,D
14:25:08,PTBA,RG,2730,2,D,NI,PD,D
14:25:08,PTBA,RG,2730,500,D,KK,PD,D
14:25:08,PTBA,RG,2730,3,D,YP,PD,D
14:25:08,PTBA,RG,2730,389,D,YP,PD,D
14:25:03,PTBA,RG,2730,176,D,YP,BK,F
14:24:55,PTBA,RG,2730,102,D,YP,BK,F
14:24:35,PTBA,RG,2730,15,D,YP,CC,D
14:24:27,PTBA,RG,2730,20,D,YP,LG,D
14:24:01,PTBA,RG,2730,75,D,YP,DR,D
14:23:26,PTBA,RG,2740,1,D,PD,YJ,D
14:23:18,PTBA,RG,2740,5,D,YP,YJ,D
14:23:00,PTBA,RG,2730,18,D,YP,AK,F
14:22:41,PTBA,RG,2730,20,D,YP,PD,D
14:22:24,PTBA,RG,2740,4,D,PD,YJ,D
14:22:10,PTBA,RG,2740,3,D,DR,YJ,D
14:21:45,PTBA,RG,2730,10,D,YP,AK,F
14:21:44,PTBA,RG,2740,10,D,HP,YJ,D
14:21:25,PTBA,RG,2740,3,D,NI,YJ,D
14:21:25,PTBA,RG,2740,10,D,IF,YJ,D
14:21:15,PTBA,RG,2740,25,D,PD,YJ,D
14:21:14,PTBA,RG,2740,19,D,GR,YJ,D
14:21:12,PTBA,RG,2740,3,D,XL,YJ,D
14:20:17,PTBA,RG,2740,2,D,XC,YJ,D
14:20:15,PTBA,RG,2730,11,D,YP,AK,F
14:20:04,PTBA,RG,2730,1,D,YP,GR,D
14:19:54,PTBA,RG,2730,11,D,YP,XC,D
14:19:25,PTBA,RG,2740,5,D,DR,YJ,D
14:19:22,PTBA,RG,2730,1,D,YP,CC,D
14:19:08,PTBA,RG,2730,1,D,YP,XC,D
14:19:04,PTBA,RG,2730,10,D,YP,OD,D
14:18:21,PTBA,RG,2730,35,D,YP,YP,D
14:18:16,PTBA,RG,2730,22,D,YP,XC,D
14:18:10,PTBA,RG,2730,10,D,YP,YP,D
14:18:07,PTBA,RG,2730,38,D,YP,CC,D
14:18:00,PTBA,RG,2730,16,D,YP,AK,F
14:17:50,PTBA,RG,2730,19,D,YP,CC,D
14:17:50,PTBA,RG,2730,10,D,OD,CC,D
14:17:50,PTBA,RG,2730,3,D,CC,CC,D
14:17:50,PTBA,RG,2730,18,D,BQ,CC,D
14:17:34,PTBA,RG,2730,132,D,BQ,AK,F
14:17:34,PTBA,RG,2730,150,D,BQ,AK,F
14:17:34,PTBA,RG,2730,218,D,BQ,AK,F
14:17:33,PTBA,RG,2730,7,D,BQ,AK,F
14:17:33,PTBA,RG,2730,300,D,BQ,AK,F
14:17:33,PTBA,RG,2730,193,D,BQ,AK,F
14:17:27,PTBA,RG,2730,107,D,BQ,AK,F
14:17:27,PTBA,RG,2730,300,D,BQ,AK,F
14:17:27,PTBA,RG,2730,93,D,BQ,AK,F
14:17:26,PTBA,RG,2730,3,D,BQ,EP,D
14:17:22,PTBA,RG,2730,54,D,BQ,AK,F
14:17:22,PTBA,RG,2730,300,D,BQ,AK,F
14:17:22,PTBA,RG,2730,146,D,BQ,AK,F
14:17:17,PTBA,RG,2730,4,D,BQ,CC,D
14:17:17,PTBA,RG,2730,46,D,BQ,CC,D
14:17:07,PTBA,RG,2730,254,D,BQ,CC,D
14:17:07,PTBA,RG,2730,300,D,BQ,CC,D
14:17:07,PTBA,RG,2730,300,D,BQ,CC,D
14:17:07,PTBA,RG,2730,20,D,NI,CC,D
14:17:07,PTBA,RG,2730,5,D,YP,CC,D
14:17:07,PTBA,RG,2730,5,D,DR,CC,D
14:17:07,PTBA,RG,2730,8,F,AK,CC,D
14:17:07,PTBA,RG,2730,6,F,AK,CC,D
14:17:07,PTBA,RG,2730,192,D,YP,CC,D
14:16:44,PTBA,RG,2740,3,D,NI,YJ,D
14:16:00,PTBA,RG,2740,9,D,PD,YJ,D
14:15:57,PTBA,RG,2730,10,D,YP,YP,D
14:15:52,PTBA,RG,2740,9,D,XL,YJ,D
14:15:48,PTBA,RG,2740,2,D,NI,YJ,D
14:15:45,PTBA,RG,2740,9,F,AK,YJ,D
14:15:43,PTBA,RG,2740,4,D,NI,YJ,D
14:15:42,PTBA,RG,2740,10,D,YP,YJ,D
14:15:24,PTBA,RG,2740,33,F,ZP,YJ,D
14:15:24,PTBA,RG,2740,1,F,ZP,PD,D
14:15:24,PTBA,RG,2740,31,F,ZP,CC,F
14:15:21,PTBA,RG,2740,2,D,PD,CC,F
14:15:21,PTBA,RG,2740,2,D,YP,CC,F
14:15:18,PTBA,RG,2740,50,D,CC,CC,F
14:15:12,PTBA,RG,2740,2,D,PD,CC,F
14:15:04,PTBA,RG,2740,6,D,DR,CC,F
14:14:46,PTBA,RG,2740,1,D,XL,CC,F
14:14:15,PTBA,RG,2740,5,F,AK,CC,F
14:14:00,PTBA,RG,2740,11,D,PD,CC,F
14:13:49,PTBA,RG,2730,1,D,YP,XC,D
14:13:45,PTBA,RG,2730,29,D,YP,AK,F
14:13:37,PTBA,RG,2730,6,D,YP,YP,D
14:13:20,PTBA,RG,2730,250,D,YP,CC,D
14:13:19,PTBA,RG,2730,7,D,YP,YB,D
14:13:16,PTBA,RG,2730,1,D,YP,XC,D
14:13:09,PTBA,RG,2740,13,D,YP,CC,F
14:12:57,PTBA,RG,2740,1,D,DR,CC,F
14:12:55,PTBA,RG,2740,7,D,DR,CC,F
14:12:32,PTBA,RG,2740,25,D,PD,CC,F
14:12:18,PTBA,RG,2740,188,D,ZP,CC,F
14:12:18,PTBA,RG,2740,12,D,ZP,CS,F
14:12:09,PTBA,RG,2740,1,D,YP,CS,F
14:11:59,PTBA,RG,2740,1,D,YP,CS,F
14:11:52,PTBA,RG,2740,20,D,NI,CS,F
14:11:35,PTBA,RG,2740,319,D,YP,CS,F
14:11:35,PTBA,RG,2740,3,D,YP,XC,D
14:11:35,PTBA,RG,2740,1,D,YP,CC,D
14:11:35,PTBA,RG,2740,4,D,YP,YP,D
14:11:35,PTBA,RG,2740,1,D,YP,KK,D
14:11:35,PTBA,RG,2740,1,D,YP,PD,D
14:11:35,PTBA,RG,2740,50,D,YP,CC,D
14:11:35,PTBA,RG,2740,10,D,YP,XC,D
14:11:35,PTBA,RG,2740,37,D,YP,YP,D
14:11:35,PTBA,RG,2740,50,D,YP,YJ,D
14:11:35,PTBA,RG,2740,10,D,YP,PD,D
14:11:35,PTBA,RG,2740,14,D,YP,AK,F
14:11:11,PTBA,RG,2730,2,D,YP,YP,D
14:10:59,PTBA,RG,2740,239,D,AZ,AK,F
14:10:59,PTBA,RG,2740,200,D,AZ,YP,D
14:10:59,PTBA,RG,2740,61,D,AZ,AZ,D
14:10:58,PTBA,RG,2740,20,D,EP,AZ,D
14:10:57,PTBA,RG,2740,2,D,CC,AZ,D
14:10:33,PTBA,RG,2740,1,D,CC,AZ,D
14:10:17,PTBA,RG,2740,48,F,ZP,AZ,D
14:10:16,PTBA,RG,2740,29,D,KK,AZ,D
14:09:38,PTBA,RG,2740,39,D,KK,AZ,D
14:09:38,PTBA,RG,2740,1,D,KK,CC,D
14:09:38,PTBA,RG,2740,310,D,KK,OD,D
14:09:35,PTBA,RG,2740,10,D,SQ,OD,D
14:09:30,PTBA,RG,2740,7,F,AK,OD,D
14:09:26,PTBA,RG,2730,2,D,YP,NI,D
14:09:26,PTBA,RG,2730,1,D,CC,NI,D
14:09:14,PTBA,RG,2740,10,D,IF,OD,D
14:08:49,PTBA,RG,2740,1,D,AI,OD,D
14:08:23,PTBA,RG,2730,5,D,CC,NI,D
14:08:13,PTBA,RG,2740,6,D,CC,OD,D
14:07:45,PTBA,RG,2740,6,F,AK,OD,D
14:07:31,PTBA,RG,2740,138,F,ZP,OD,D
14:07:29,PTBA,RG,2740,2,D,DR,OD,D
14:07:29,PTBA,RG,2740,310,D,SQ,OD,D
14:07:29,PTBA,RG,2740,32,D,SQ,XC,D
14:07:29,PTBA,RG,2740,5,D,SQ,CC,D
14:07:29,PTBA,RG,2740,1,D,SQ,NI,D
14:07:29,PTBA,RG,2740,9,D,SQ,AK,F
14:07:29,PTBA,RG,2740,15,D,SQ,YP,D
14:07:29,PTBA,RG,2740,1,D,SQ,XC,D
14:07:29,PTBA,RG,2740,1,D,SQ,XC,D
14:07:29,PTBA,RG,2740,1,D,SQ,XC,D
14:07:29,PTBA,RG,2740,792,D,SQ,CS,F
14:07:29,PTBA,RG,2740,1,D,SQ,CC,D
14:07:29,PTBA,RG,2740,394,D,SQ,CS,F
14:07:29,PTBA,RG,2740,10,D,SQ,AT,D
14:07:29,PTBA,RG,2740,3,D,SQ,AZ,D
14:07:29,PTBA,RG,2740,20,D,SQ,PD,D
14:07:29,PTBA,RG,2740,100,D,SQ,YP,D
14:07:29,PTBA,RG,2740,2,D,SQ,LS,D
14:07:29,PTBA,RG,2740,4,D,SQ,KK,D
14:07:29,PTBA,RG,2740,100,D,SQ,YP,D
14:07:29,PTBA,RG,2740,100,D,SQ,YP,D
14:07:29,PTBA,RG,2740,20,D,SQ,NI,D
14:07:29,PTBA,RG,2740,1,D,SQ,YP,D
14:07:29,PTBA,RG,2740,78,D,SQ,YP,D
14:07:19,PTBA,RG,2740,10,D,XC,YP,D
14:07:09,PTBA,RG,2740,3,D,DR,YP,D
14:06:16,PTBA,RG,2740,3,D,PD,YP,D
14:06:15,PTBA,RG,2740,6,F,AK,YP,D
14:05:18,PTBA,RG,2740,1,D,XC,DR,D
14:05:07,PTBA,RG,2740,5,D,DR,DR,D
14:04:45,PTBA,RG,2730,1,D,CC,AK,F
14:04:37,PTBA,RG,2730,8,D,DR,PD,D
14:04:37,PTBA,RG,2730,2,D,DR,PD,D
14:04:37,PTBA,RG,2730,1,D,DR,SQ,D
14:04:35,PTBA,RG,2740,7,D,AT,DR,D
14:04:35,PTBA,RG,2740,8,D,AT,XC,D
14:04:34,PTBA,RG,2740,8,D,CC,XC,D
14:04:34,PTBA,RG,2740,1,D,CC,NI,D
14:04:34,PTBA,RG,2740,3,D,CC,NI,D
14:04:34,PTBA,RG,2740,188,D,CC,OD,D
14:04:05,PTBA,RG,2740,7,F,AK,OD,D
14:03:50,PTBA,RG,2730,7,D,DR,PD,D
14:03:46,PTBA,RG,2730,10,D,DR,PD,D
14:03:45,PTBA,RG,2730,8,D,DR,XA,D
14:02:57,PTBA,RG,2730,1,D,DR,DH,D
14:01:28,PTBA,RG,2730,100,D,DR,YP,D
14:01:13,PTBA,RG,2740,20,D,OD,OD,D
14:01:12,PTBA,RG,2740,2,D,LG,OD,D
14:00:51,PTBA,RG,2740,1,D,XC,OD,D
14:00:45,PTBA,RG,2730,16,D,DR,PD,D
14:00:32,PTBA,RG,2730,1,D,DR,NI,D
14:00:19,PTBA,RG,2730,4,D,DR,PD,D
14:00:19,PTBA,RG,2730,3,D,DR,XC,D
14:00:19,PTBA,RG,2730,152,D,DR,DR,D
14:00:19,PTBA,RG,2730,31,D,DR,AK,F
14:00:19,PTBA,RG,2730,9,D,DR,CC,D
14:00:19,PTBA,RG,2730,150,D,DR,CC,F
14:00:19,PTBA,RG,2730,13,D,DR,AK,F
14:00:19,PTBA,RG,2730,1,D,DR,NI,D
14:00:19,PTBA,RG,2730,100,D,DR,KI,D
14:00:19,PTBA,RG,2730,20,D,DR,KK,D
14:00:19,PTBA,RG,2730,20,D,DR,CC,D
14:00:19,PTBA,RG,2730,50,D,DR,CC,D
14:00:19,PTBA,RG,2730,1,D,DR,CC,F
14:00:19,PTBA,RG,2730,10,D,DR,YP,D
14:00:19,PTBA,RG,2730,50,D,DR,YP,D
14:00:19,PTBA,RG,2730,15,D,DR,OD,D
14:00:19,PTBA,RG,2730,1000,D,DR,AG,D
14:00:19,PTBA,RG,2730,225,D,DR,AK,F
14:00:01,PTBA,RG,2730,50,D,CC,AK,F
13:59:51,PTBA,RG,2730,2,D,TF,AK,F
13:59:32,PTBA,RG,2730,63,D,DR,AK,F
13:59:32,PTBA,RG,2730,16,D,DR,AK,F
13:59:32,PTBA,RG,2730,10,D,DR,KK,D
13:59:32,PTBA,RG,2730,91,D,DR,YP,D
13:59:28,PTBA,RG,2730,9,F,ZP,YP,D
13:59:28,PTBA,RG,2730,16,F,ZP,XC,D
13:59:28,PTBA,RG,2730,9,F,ZP,YB,D
13:59:03,PTBA,RG,2730,36,D,NI,YB,D
13:59:03,PTBA,RG,2730,8,D,NI,KK,D
13:59:03,PTBA,RG,2730,4,D,NI,DH,D
13:59:03,PTBA,RG,2730,20,D,NI,YP,D
13:59:03,PTBA,RG,2730,14,D,NI,AK,F
13:59:03,PTBA,RG,2730,100,D,NI,CS,F
13:58:50,PTBA,RG,2720,7,D,YJ,AZ,D
13:58:43,PTBA,RG,2730,2,D,DR,CS,F
13:58:37,PTBA,RG,2730,12,D,CC,CS,F
13:58:19,PTBA,RG,2730,30,D,CC,CS,F
13:58:18,PTBA,RG,2730,24,D,XL,CS,F
13:58:10,PTBA,RG,2720,12,D,YJ,XC,D
13:58:09,PTBA,RG,2720,18,D,YJ,DR,D
13:57:55,PTBA,RG,2730,1,D,NI,CS,F
13:57:54,PTBA,RG,2730,10,D,DR,CS,F
13:57:27,PTBA,RG,2730,69,F,ZP,CS,F
13:57:19,PTBA,RG,2730,1,D,PD,CS,F
13:57:17,PTBA,RG,2730,2,D,CC,CS,F
13:56:27,PTBA,RG,2730,33,D,PD,CS,F
13:56:27,PTBA,RG,2730,42,D,PD,YP,D
13:56:01,PTBA,RG,2730,6,D,DR,YP,D
13:55:43,PTBA,RG,2720,17,D,YJ,NI,D
13:55:36,PTBA,RG,2720,36,D,YJ,AZ,D
13:55:19,PTBA,RG,2720,287,D,YJ,OD,D
13:55:17,PTBA,RG,2730,1,D,CC,YP,D
13:54:31,PTBA,RG,2730,1,D,XC,YP,D
13:54:31,PTBA,RG,2730,40,F,ZP,YP,D
13:54:14,PTBA,RG,2730,10,D,GR,YP,D
13:54:07,PTBA,RG,2730,50,D,YP,CC,F
13:54:06,PTBA,RG,2720,240,D,YJ,AK,F
13:54:06,PTBA,RG,2720,5,F,AK,AK,F
13:54:06,PTBA,RG,2720,2,D,YP,AK,F
13:54:06,PTBA,RG,2720,2,D,DR,AK,F
13:54:06,PTBA,RG,2720,251,D,YP,AK,F
13:54:05,PTBA,RG,2730,813,D,YU,BK,F
13:54:05,PTBA,RG,2730,252,D,YU,CC,F
13:54:05,PTBA,RG,2730,59,D,YU,AK,F
13:54:05,PTBA,RG,2730,10,D,YU,XC,D
13:54:05,PTBA,RG,2730,288,D,YU,CS,F
13:54:05,PTBA,RG,2730,4,D,YU,KK,D
13:54:05,PTBA,RG,2730,20,D,YU,PD,D
13:54:05,PTBA,RG,2730,15,D,YU,KK,D
13:54:05,PTBA,RG,2730,2,D,YU,DR,D
13:54:05,PTBA,RG,2730,1,D,YU,GR,D
13:54:05,PTBA,RG,2730,17,D,YU,NI,D
13:54:05,PTBA,RG,2730,349,D,YU,AK,F
13:54:00,PTBA,RG,2720,16,D,YP,AK,F
13:53:36,PTBA,RG,2730,3,D,AH,AK,F
13:53:00,PTBA,RG,2730,30,D,PD,AK,F
13:52:33,PTBA,RG,2730,10,D,YP,AK,F
13:51:45,PTBA,RG,2720,16,D,YP,AK,F
13:51:40,PTBA,RG,2730,1,D,PD,AK,F
13:51:12,PTBA,RG,2730,1,D,PD,AK,F
13:51:11,PTBA,RG,2720,1,D,YP,YP,D
13:50:58,PTBA,RG,2730,4,D,DR,AK,F
13:50:26,PTBA,RG,2730,1,D,PD,AK,F
13:49:43,PTBA,RG,2730,35,D,PD,AK,F
13:49:39,PTBA,RG,2720,2,D,YP,YP,D
13:49:18,PTBA,RG,2720,21,D,YP,PD,D
13:49:00,PTBA,RG,2720,16,D,YP,AK,F
13:48:37,PTBA,RG,2730,489,D,KK,AK,F
13:48:33,PTBA,RG,2730,7,D,DR,AK,F
13:48:33,PTBA,RG,2730,3,D,DR,PD,D
13:48:13,PTBA,RG,2730,5,D,DR,PD,D
13:47:59,PTBA,RG,2720,100,D,YP,YP,D
13:47:58,PTBA,RG,2720,1,D,YP,XC,D
13:47:49,PTBA,RG,2720,9,D,YP,PD,D
13:47:47,PTBA,RG,2720,67,D,YP,IH,D
13:47:47,PTBA,RG,2720,283,D,YP,IH,D
13:47:37,PTBA,RG,2720,1,D,YP,PD,D
13:47:34,PTBA,RG,2720,149,D,YP,DR,D
13:47:33,PTBA,RG,2720,1,D,YP,XC,D
13:47:02,PTBA,RG,2720,66,D,YP,SQ,D
13:47:02,PTBA,RG,2720,50,D,IU,SQ,D
13:46:53,PTBA,RG,2720,2,D,IU,OD,D
13:46:26,PTBA,RG,2720,70,D,IU,YB,D
13:46:05,PTBA,RG,2720,1,D,IU,XC,D
13:45:57,PTBA,RG,2720,3,D,IU,AI,D
13:45:54,PTBA,RG,2720,374,D,IU,EP,D
13:45:54,PTBA,RG,2720,2,D,XC,EP,D
13:45:54,PTBA,RG,2720,1,D,YP,EP,D
13:45:54,PTBA,RG,2720,2,D,XC,EP,D
13:45:54,PTBA,RG,2720,20,D,PD,EP,D
13:45:54,PTBA,RG,2720,10,D,CC,EP,D
13:45:54,PTBA,RG,2720,20,D,CP,EP,D
13:45:54,PTBA,RG,2720,50,D,NI,EP,D
13:45:54,PTBA,RG,2720,367,D,YP,EP,D
13:45:54,PTBA,RG,2720,87,F,ZP,EP,D
13:45:54,PTBA,RG,2720,5,F,AK,EP,D
13:45:54,PTBA,RG,2720,5,F,AK,EP,D
13:45:54,PTBA,RG,2720,8,F,AK,EP,D
13:45:54,PTBA,RG,2720,100,D,YJ,EP,D
13:45:54,PTBA,RG,2720,100,D,YP,EP,D
13:45:54,PTBA,RG,2720,1,D,XC,EP,D
13:45:54,PTBA,RG,2720,1,D,YP,EP,D
13:45:54,PTBA,RG,2720,20,D,DH,EP,D
13:45:54,PTBA,RG,2720,7,D,XC,EP,D
13:45:54,PTBA,RG,2720,100,D,YU,EP,D
13:45:54,PTBA,RG,2720,1,D,CC,EP,D
13:45:54,PTBA,RG,2720,3,D,YP,EP,D
13:45:54,PTBA,RG,2720,184,D,XL,EP,D
13:45:54,PTBA,RG,2720,5,D,DX,EP,D
13:45:54,PTBA,RG,2720,20,D,YP,EP,D
13:45:54,PTBA,RG,2720,10,D,DR,EP,D
13:45:54,PTBA,RG,2720,250,D,XC,EP,D
13:45:54,PTBA,RG,2720,1,D,YB,EP,D
13:45:54,PTBA,RG,2720,50,D,YP,EP,D
13:45:54,PTBA,RG,2720,1000,D,YP,EP,D
13:45:54,PTBA,RG,2720,2,D,DR,EP,D
13:45:54,PTBA,RG,2720,5,D,KK,EP,D
13:45:54,PTBA,RG,2720,100,D,CC,EP,D
13:45:54,PTBA,RG,2720,5,D,YP,EP,D
13:45:54,PTBA,RG,2720,3,D,YP,EP,D
13:45:54,PTBA,RG,2720,2,D,PD,EP,D
13:45:54,PTBA,RG,2720,18,D,XC,EP,D
13:45:54,PTBA,RG,2720,5,D,YP,EP,D
13:45:54,PTBA,RG,2720,10,D,DR,EP,D
13:45:54,PTBA,RG,2720,50,D,NI,EP,D
13:45:54,PTBA,RG,2720,5,D,YP,EP,D
13:45:54,PTBA,RG,2720,3,D,CC,EP,D
13:45:54,PTBA,RG,2720,1,D,NI,EP,D
13:45:54,PTBA,RG,2720,5,D,NI,EP,D
13:45:54,PTBA,RG,2720,30,D,MG,EP,D
13:45:54,PTBA,RG,2720,100,D,GR,EP,D
13:45:54,PTBA,RG,2720,1763,D,TP,EP,D
13:45:35,PTBA,RG,2720,15,D,TP,EP,D
13:45:30,PTBA,RG,2730,10,D,YP,PD,D
13:45:28,PTBA,RG,2720,4,D,TP,PD,D
13:45:27,PTBA,RG,2730,100,D,YP,PD,D
13:45:22,PTBA,RG,2720,10,D,TP,CC,D
13:45:21,PTBA,RG,2730,2,D,PD,PD,D
13:45:17,PTBA,RG,2730,4,D,PD,PD,D
13:45:16,PTBA,RG,2730,46,D,IU,PD,D
13:45:16,PTBA,RG,2730,1,D,IU,YP,D
13:45:16,PTBA,RG,2730,18,D,IU,EP,D
13:45:16,PTBA,RG,2730,20,D,IU,NI,D
13:45:16,PTBA,RG,2730,17,D,IU,OD,D
13:45:16,PTBA,RG,2730,10,D,IU,PD,D
13:45:16,PTBA,RG,2730,13,D,IU,NI,D
13:45:16,PTBA,RG,2730,4,D,IU,KK,D
13:45:16,PTBA,RG,2730,14,D,IU,CC,F
13:45:16,PTBA,RG,2730,12,D,IU,AK,F
13:45:16,PTBA,RG,2730,345,D,IU,BK,F
13:45:15,PTBA,RG,2720,20,D,TP,PD,D
13:45:08,PTBA,RG,2730,5,D,GR,BK,F
13:44:56,PTBA,RG,2730,30,D,PD,BK,F
13:44:45,PTBA,RG,2720,9,D,TP,AK,F
13:44:33,PTBA,RG,2730,5,D,GR,BK,F
13:44:15,PTBA,RG,2730,5,D,GR,BK,F
13:44:13,PTBA,RG,2730,1,D,NI,BK,F
13:44:02,PTBA,RG,2720,10,D,TP,DH,D
13:44:02,PTBA,RG,2730,1,D,XC,BK,F
13:43:42,PTBA,RG,2720,769,D,TP,YP,D
13:43:42,PTBA,RG,2720,5,F,AK,YP,D
13:43:42,PTBA,RG,2720,1,D,NI,YP,D
13:43:42,PTBA,RG,2720,5,D,LG,YP,D
13:43:42,PTBA,RG,2720,1,D,BQ,YP,D
13:43:42,PTBA,RG,2720,3,D,CC,YP,D
13:43:42,PTBA,RG,2720,30,D,YP,YP,D
13:43:42,PTBA,RG,2720,5,D,KK,YP,D
13:43:42,PTBA,RG,2720,50,D,AG,YP,D
13:43:42,PTBA,RG,2720,6,F,AK,YP,D
13:43:42,PTBA,RG,2720,10,D,OD,YP,D
13:43:42,PTBA,RG,2720,1,D,PD,YP,D
13:43:42,PTBA,RG,2720,30,D,GR,YP,D
13:43:42,PTBA,RG,2720,10,D,YP,YP,D
13:43:42,PTBA,RG,2720,18,D,NI,YP,D
13:43:42,PTBA,RG,2720,800,D,OD,YP,D
13:43:42,PTBA,RG,2720,2,D,KK,YP,D
13:43:42,PTBA,RG,2720,50,D,KK,YP,D
13:43:42,PTBA,RG,2720,616,D,YP,YP,D
13:43:42,PTBA,RG,2720,50,D,DR,YP,D
13:43:42,PTBA,RG,2720,50,D,PD,YP,D
13:43:42,PTBA,RG,2720,2,D,KK,YP,D
13:43:42,PTBA,RG,2720,5,D,XC,YP,D
13:43:42,PTBA,RG,2720,5,D,XC,YP,D
13:43:42,PTBA,RG,2720,1,D,XC,YP,D
13:43:42,PTBA,RG,2720,14,D,NI,YP,D
13:43:42,PTBA,RG,2720,4,D,XC,YP,D
13:43:42,PTBA,RG,2720,2,D,XC,YP,D
13:43:42,PTBA,RG,2720,2,D,XC,YP,D
13:43:42,PTBA,RG,2720,86,F,ZP,YP,D
13:43:42,PTBA,RG,2720,5,D,YP,YP,D
13:43:42,PTBA,RG,2720,2,D,YP,YP,D
13:43:42,PTBA,RG,2720,20,D,YP,YP,D
13:43:42,PTBA,RG,2720,1,D,YP,YP,D
13:43:42,PTBA,RG,2720,7,D,YP,YP,D
13:43:42,PTBA,RG,2720,10,D,YP,YP,D
13:43:42,PTBA,RG,2720,60,D,YP,YP,D
13:43:42,PTBA,RG,2720,7,D,YP,YP,D
13:43:42,PTBA,RG,2720,7,D,CC,YP,D
13:43:42,PTBA,RG,2720,4,D,CC,YP,D
13:43:42,PTBA,RG,2720,3,D,CC,YP,D
13:43:42,PTBA,RG,2720,1,D,CC,YP,D
13:43:42,PTBA,RG,2720,9,D,XC,YP,D
13:43:42,PTBA,RG,2720,5,D,XC,YP,D
13:43:42,PTBA,RG,2720,2,D,XC,YP,D
13:43:42,PTBA,RG,2720,1,D,XC,YP,D
13:43:42,PTBA,RG,2720,1,D,XC,YP,D
13:43:42,PTBA,RG,2720,7,F,AK,YP,D
13:43:42,PTBA,RG,2720,4,D,PD,YP,D
13:43:42,PTBA,RG,2720,85,D,PD,YP,D
13:43:42,PTBA,RG,2720,10,D,CC,YP,D
13:43:42,PTBA,RG,2720,1,D,DH,YP,D
13:43:42,PTBA,RG,2720,1,D,PD,YP,D
13:43:42,PTBA,RG,2720,1,D,PD,YP,D
13:43:42,PTBA,RG,2720,1,D,PD,YP,D
13:43:42,PTBA,RG,2720,1,D,PD,YP,D
13:43:42,PTBA,RG,2720,1,D,PD,YP,D
13:43:42,PTBA,RG,2720,1,D,PD,YP,D
13:43:42,PTBA,RG,2720,4,D,PD,YP,D
13:43:42,PTBA,RG,2720,2,D,GR,YP,D
13:43:42,PTBA,RG,2720,8,D,DX,YP,D
13:43:42,PTBA,RG,2720,30,D,CC,YP,D
13:43:42,PTBA,RG,2720,1,D,PD,YP,D
13:43:42,PTBA,RG,2720,1,D,PD,YP,D
13:43:42,PTBA,RG,2720,1,D,AT,YP,D
13:43:42,PTBA,RG,2720,1,D,PD,YP,D
13:43:42,PTBA,RG,2720,1,D,PD,YP,D
13:43:42,PTBA,RG,2720,3,D,KK,YP,D
13:43:42,PTBA,RG,2720,2,D,PD,YP,D
13:43:42,PTBA,RG,2720,10,D,AT,YP,D
13:43:42,PTBA,RG,2720,4,D,DH,YP,D
13:43:42,PTBA,RG,2720,18,D,AZ,YP,D
13:43:42,PTBA,RG,2720,56,D,PD,YP,D
13:43:42,PTBA,RG,2720,1,D,SQ,YP,D
13:43:42,PTBA,RG,2720,10,D,YU,YP,D
13:43:42,PTBA,RG,2720,100,D,PD,YP,D
13:43:42,PTBA,RG,2720,5,D,EP,YP,D
13:43:42,PTBA,RG,2720,5,D,EP,YP,D
13:43:42,PTBA,RG,2720,2,D,IF,YP,D
13:43:42,PTBA,RG,2720,1,D,EP,YP,D
13:43:42,PTBA,RG,2720,5,D,AI,YP,D
13:43:42,PTBA,RG,2720,8,D,MK,YP,D
13:43:42,PTBA,RG,2720,1,D,YB,YP,D
13:43:42,PTBA,RG,2720,3,D,XC,YP,D
13:43:42,PTBA,RG,2720,1,D,XC,YP,D
13:43:42,PTBA,RG,2720,100,D,CC,YP,D
13:43:42,PTBA,RG,2720,1,D,CC,YP,D
13:43:42,PTBA,RG,2720,10,D,CC,YP,D
13:43:42,PTBA,RG,2720,30,D,XC,YP,D
13:43:42,PTBA,RG,2720,2,D,YU,YP,D
13:43:42,PTBA,RG,2720,5,D,PD,YP,D
13:43:42,PTBA,RG,2720,3,F,AG,YP,D
13:43:42,PTBA,RG,2720,20,D,CC,YP,D
13:43:42,PTBA,RG,2720,40,D,YP,YP,D
13:43:42,PTBA,RG,2720,70,D,PD,YP,D
13:43:42,PTBA,RG,2720,36,D,XL,YP,D
13:43:42,PTBA,RG,2720,54,D,AG,YP,D
13:43:42,PTBA,RG,2720,2,D,NI,YP,D
13:43:42,PTBA,RG,2720,1,D,BQ,YP,D
13:43:42,PTBA,RG,2720,20,D,YP,YP,D
13:43:42,PTBA,RG,2720,20,D,CC,YP,D
13:43:42,PTBA,RG,2720,20,D,PD,YP,D
13:43:42,PTBA,RG,2720,10,D,XC,YP,D
13:43:42,PTBA,RG,2720,2,D,DX,YP,D
13:43:42,PTBA,RG,2720,1,D,SQ,YP,D
13:43:42,PTBA,RG,2720,4,D,SQ,YP,D
13:43:42,PTBA,RG,2720,1,D,XC,YP,D
13:43:42,PTBA,RG,2720,4,D,YP,YP,D
13:43:42,PTBA,RG,2720,1,D,PD,YP,D
13:43:42,PTBA,RG,2720,10,D,PD,YP,D
13:43:42,PTBA,RG,2720,89,D,EP,YP,D
13:43:31,PTBA,RG,2730,2,D,DR,BK,F
13:43:28,PTBA,RG,2720,11,D,EP,HP,D
13:43:28,PTBA,RG,2720,10,D,PD,HP,D
13:43:28,PTBA,RG,2720,8,D,PD,HP,D
13:43:03,PTBA,RG,2730,10,D,XL,BK,F
13:42:54,PTBA,RG,2730,1,D,DR,BK,F
13:42:51,PTBA,RG,2730,20,D,TF,BK,F
13:42:47,PTBA,RG,2720,7,D,PD,NI,D
13:42:47,PTBA,RG,2720,2,D,YP,NI,D
13:42:47,PTBA,RG,2720,10,D,YP,NI,D
13:42:47,PTBA,RG,2720,8,D,CC,NI,D
13:42:47,PTBA,RG,2720,3,D,IF,NI,D
13:42:23,PTBA,RG,2720,1,D,IF,CC,D
13:42:22,PTBA,RG,2730,1,D,CC,BK,F
13:42:07,PTBA,RG,2730,100,D,AT,BK,F
13:41:49,PTBA,RG,2730,10,D,KK,BK,F
13:41:15,PTBA,RG,2730,3,D,KK,BK,F
13:41:06,PTBA,RG,2730,100,D,YP,BK,F
13:40:51,PTBA,RG,2730,3,D,YP,BK,F
13:40:47,PTBA,RG,2730,10,D,DR,BK,F
13:40:44,PTBA,RG,2730,5,D,LG,BK,F
13:40:31,PTBA,RG,2720,1,D,IF,AK,F
13:40:30,PTBA,RG,2730,6,D,IF,BK,F
13:40:25,PTBA,RG,2730,7,D,DR,BK,F
13:40:21,PTBA,RG,2730,12,F,ZP,BK,F
13:40:17,PTBA,RG,2730,1,D,PD,BK,F
13:40:14,PTBA,RG,2730,10,D,AZ,BK,F
13:40:12,PTBA,RG,2730,50,D,PD,BK,F
13:40:06,PTBA,RG,2720,4,D,IF,NI,D
13:39:56,PTBA,RG,2730,26,D,YP,BK,F
13:39:56,PTBA,RG,2730,1,D,YP,NI,D
13:39:56,PTBA,RG,2730,14,D,YP,AK,F
13:39:56,PTBA,RG,2730,9,D,YP,CC,F
13:39:29,PTBA,RG,2730,70,D,YP,CC,F
13:39:21,PTBA,RG,2730,5,D,PD,CC,F
13:39:18,PTBA,RG,2720,20,D,IF,SQ,D
13:39:11,PTBA,RG,2730,179,F,ZP,CC,F
13:39:09,PTBA,RG,2730,37,D,YP,CC,F
13:39:09,PTBA,RG,2730,63,D,YP,AK,F
13:38:44,PTBA,RG,2720,8,D,IF,XC,D
13:38:44,PTBA,RG,2730,1,D,YB,AK,F
13:38:22,PTBA,RG,2720,2,D,IF,PD,D
13:38:20,PTBA,RG,2730,3,D,YP,AK,F
13:38:17,PTBA,RG,2730,10,D,EP,AK,F
13:38:11,PTBA,RG,2730,100,D,NI,AK,F
13:38:06,PTBA,RG,2720,1,D,IF,XC,D
13:38:02,PTBA,RG,2730,100,D,NI,AK,F
13:37:50,PTBA,RG,2720,1,D,IF,YP,D
13:37:38,PTBA,RG,2720,1,D,IF,XC,D
13:37:35,PTBA,RG,2730,20,D,AZ,AK,F
13:37:34,PTBA,RG,2730,11,D,PD,AK,F
13:36:43,PTBA,RG,2720,258,D,IF,KK,D
13:36:43,PTBA,RG,2720,10,D,PD,KK,D
13:36:43,PTBA,RG,2720,2,D,CC,KK,D
13:36:43,PTBA,RG,2720,1,D,AZ,KK,D
13:36:43,PTBA,RG,2720,4,D,CC,KK,D
13:36:43,PTBA,RG,2720,119,D,YP,KK,D
13:36:43,PTBA,RG,2720,1,D,NI,KK,D
13:36:43,PTBA,RG,2720,5,D,XC,KK,D
13:36:43,PTBA,RG,2720,1,D,PD,KK,D
13:36:43,PTBA,RG,2720,1,D,PD,KK,D
13:36:43,PTBA,RG,2720,2,D,YP,KK,D
13:36:43,PTBA,RG,2720,1,D,YP,KK,D
13:36:43,PTBA,RG,2720,10,D,YB,KK,D
13:36:43,PTBA,RG,2720,1,D,PD,KK,D
13:36:43,PTBA,RG,2720,5,D,NI,KK,D
13:36:43,PTBA,RG,2720,4,D,XC,KK,D
13:36:43,PTBA,RG,2720,375,D,XA,KK,D
13:36:11,PTBA,RG,2720,46,D,XA,EP,D
13:35:45,PTBA,RG,2730,2,D,CC,AK,F
13:35:35,PTBA,RG,2730,100,D,AG,AK,F
13:35:18,PTBA,RG,2720,40,D,XA,EP,D
13:35:18,PTBA,RG,2730,2,D,DR,AK,F
13:34:59,PTBA,RG,2730,20,D,EP,AK,F
13:34:58,PTBA,RG,2720,183,D,XA,YP,D
13:34:04,PTBA,RG,2730,20,D,CC,AK,F
13:33:55,PTBA,RG,2730,2,D,NI,AK,F
13:33:41,PTBA,RG,2730,25,D,PD,AK,F
13:33:17,PTBA,RG,2730,350,D,RB,AK,F
13:33:08,PTBA,RG,2730,1,D,DR,AK,F
13:33:08,PTBA,RG,2730,2,D,DR,PD,D
13:33:08,PTBA,RG,2730,2,D,DR,KK,D
13:33:03,PTBA,RG,2730,3,D,NI,KK,D
13:32:37,PTBA,RG,2730,2,D,DR,BK,F
13:32:21,PTBA,RG,2730,177,D,IF,BK,F
13:32:21,PTBA,RG,2730,18,D,IF,AK,F
13:32:21,PTBA,RG,2730,55,D,IF,BK,F
13:32:21,PTBA,RG,2730,3,D,YP,BK,F
13:32:18,PTBA,RG,2730,100,D,NI,BK,F
13:32:14,PTBA,RG,2720,2,D,XA,NI,D
13:32:01,PTBA,RG,2720,49,D,XA,YP,D
13:32:01,PTBA,RG,2730,11,D,PD,BK,F
13:31:17,PTBA,RG,2730,31,D,XC,BK,F
13:31:17,PTBA,RG,2730,46,D,XC,BK,F
13:30:59,PTBA,RG,2730,1,D,PD,BK,F
13:30:44,PTBA,RG,2720,10,D,XA,CC,D
13:30:43,PTBA,RG,2730,5,D,YP,BK,F
13:30:34,PTBA,RG,2730,4,D,XC,BK,F
13:30:30,PTBA,RG,2720,38,D,XA,BK,F
13:30:25,PTBA,RG,2720,41,D,XA,BK,F
13:30:19,PTBA,RG,2720,201,D,XA,BK,F
13:30:17,PTBA,RG,2720,15,D,XA,BK,F
13:30:17,PTBA,RG,2720,25,D,PD,BK,F
13:30:17,PTBA,RG,2720,1,D,PD,BK,F
13:30:17,PTBA,RG,2720,2,D,HP,BK,F
13:30:17,PTBA,RG,2720,1,D,XC,BK,F
13:30:17,PTBA,RG,2720,2,D,NI,BK,F
13:30:17,PTBA,RG,2720,2,D,XL,BK,F
13:30:17,PTBA,RG,2720,4,D,PD,BK,F
13:30:17,PTBA,RG,2720,400,D,YP,BK,F
13:30:17,PTBA,RG,2720,1,D,XC,BK,F
13:30:17,PTBA,RG,2720,5,D,PD,BK,F
13:30:17,PTBA,RG,2720,1,D,XC,BK,F
13:30:17,PTBA,RG,2720,10,D,CC,BK,F
13:30:17,PTBA,RG,2720,3,D,YP,BK,F
13:30:17,PTBA,RG,2720,2,D,YP,BK,F
13:30:17,PTBA,RG,2720,1,D,YB,BK,F
13:30:17,PTBA,RG,2720,1,D,XC,BK,F
13:30:17,PTBA,RG,2720,1,D,XC,BK,F
13:30:17,PTBA,RG,2720,1,D,OD,BK,F
13:30:17,PTBA,RG,2720,1,D,PD,BK,F
13:30:17,PTBA,RG,2720,20,D,CC,BK,F
13:30:17,PTBA,RG,2720,1,D,CC,BK,F
13:30:17,PTBA,RG,2720,27,D,PD,BK,F
13:30:17,PTBA,RG,2720,12,D,AZ,BK,F
13:30:17,PTBA,RG,2720,50,D,TP,BK,F
13:30:17,PTBA,RG,2720,5,D,DX,BK,F
13:30:17,PTBA,RG,2720,20,D,NI,BK,F
13:30:17,PTBA,RG,2720,20,D,YP,BK,F
13:30:17,PTBA,RG,2720,1,D,YP,BK,F
13:30:17,PTBA,RG,2720,1,D,YP,BK,F
13:30:17,PTBA,RG,2720,4,D,PD,BK,F
13:30:17,PTBA,RG,2720,1,D,YB,BK,F
13:30:17,PTBA,RG,2720,1,D,XC,BK,F
13:30:17,PTBA,RG,2720,2,D,NI,BK,F
13:30:17,PTBA,RG,2720,2,D,XL,BK,F
13:30:17,PTBA,RG,2720,22,D,DR,BK,F
13:30:17,PTBA,RG,2720,1,D,PD,BK,F
13:30:17,PTBA,RG,2720,10,D,PD,BK,F
13:30:17,PTBA,RG,2720,1,D,PD,BK,F
13:30:17,PTBA,RG,2720,5,D,TF,BK,F
13:30:17,PTBA,RG,2720,1,D,PD,BK,F
13:30:17,PTBA,RG,2720,1,D,NI,BK,F
13:30:17,PTBA,RG,2720,12,D,PD,BK,F
13:30:17,PTBA,RG,2720,397,D,YP,BK,F
13:30:16,PTBA,RG,2720,18,D,YP,XC,D
13:30:16,PTBA,RG,2720,2,D,YP,XC,D
13:30:14,PTBA,RG,2720,15,D,YP,XC,D
13:30:13,PTBA,RG,2720,5,D,YP,YP,D
13:30:13,PTBA,RG,2720,563,D,YP,YP,D
13:30:13,PTBA,RG,2720,10,D,AG,YP,D
13:30:13,PTBA,RG,2720,100,D,KK,YP,D
13:30:13,PTBA,RG,2720,100,D,PD,YP,D
13:30:13,PTBA,RG,2720,30,D,GR,YP,D
13:30:13,PTBA,RG,2720,1,D,XC,YP,D
13:30:13,PTBA,RG,2720,100,D,DR,YP,D
13:30:13,PTBA,RG,2720,70,D,PD,YP,D
13:30:13,PTBA,RG,2720,1,D,YB,YP,D
13:30:13,PTBA,RG,2720,1,D,DH,YP,D
13:30:13,PTBA,RG,2720,1877,D,GR,YP,D
13:30:13,PTBA,RG,2720,200,D,YJ,YP,D
13:30:13,PTBA,RG,2720,20,D,NI,YP,D
13:30:13,PTBA,RG,2720,10,D,ZP,YP,D
13:30:13,PTBA,RG,2720,11,D,AZ,YP,D
13:30:13,PTBA,RG,2720,50,D,YB,YP,D
13:30:13,PTBA,RG,2720,2,D,PD,YP,D
13:30:13,PTBA,RG,2720,4,D,KK,YP,D
13:30:13,PTBA,RG,2720,3,D,KK,YP,D
13:30:13,PTBA,RG,2720,100,D,NI,YP,D
13:30:13,PTBA,RG,2720,2,D,PD,YP,D
13:30:13,PTBA,RG,2720,100,D,XL,YP,D
13:30:13,PTBA,RG,2720,300,D,GR,YP,D
13:30:13,PTBA,RG,2720,1,D,CC,YP,D
13:30:13,PTBA,RG,2720,10,D,NI,YP,D
13:30:13,PTBA,RG,2720,10,D,SQ,YP,D
13:30:13,PTBA,RG,2720,1,D,YP,YP,D
13:30:13,PTBA,RG,2720,250,D,OD,YP,D
13:30:13,PTBA,RG,2720,1,D,PD,YP,D
13:30:13,PTBA,RG,2720,100,D,XL,YP,D
13:30:13,PTBA,RG,2720,6,D,DH,YP,D
13:30:13,PTBA,RG,2720,3,D,NI,YP,D
13:30:13,PTBA,RG,2720,1,D,XC,YP,D
13:30:13,PTBA,RG,2720,5,D,PD,YP,D
13:30:13,PTBA,RG,2720,1,D,XC,YP,D
13:30:13,PTBA,RG,2720,5,D,YP,YP,D
13:30:13,PTBA,RG,2720,20,D,DH,YP,D
13:30:13,PTBA,RG,2720,2,D,PD,YP,D
13:30:13,PTBA,RG,2720,1,D,CC,YP,D
13:30:13,PTBA,RG,2720,1,D,YB,YP,D
13:30:13,PTBA,RG,2720,2,D,OD,YP,D
13:30:13,PTBA,RG,2720,50,D,YU,YP,D
13:30:13,PTBA,RG,2720,30,D,PD,YP,D
13:30:13,PTBA,RG,2720,1,D,PD,YP,D
13:30:13,PTBA,RG,2720,5,D,PD,YP,D
13:30:13,PTBA,RG,2720,18,D,XC,YP,D
13:30:13,PTBA,RG,2720,50,D,GR,YP,D
13:30:13,PTBA,RG,2720,5,D,XC,YP,D
13:30:13,PTBA,RG,2720,2,D,PD,YP,D
13:30:13,PTBA,RG,2720,2,D,LG,YP,D
13:30:13,PTBA,RG,2720,30,D,PD,YP,D
13:30:13,PTBA,RG,2720,1,D,CC,YP,D
13:30:13,PTBA,RG,2720,5,D,CC,YP,D
13:30:13,PTBA,RG,2720,15,D,PD,YP,D
13:30:13,PTBA,RG,2720,2,D,CC,YP,D
13:30:13,PTBA,RG,2720,2,D,YP,YP,D
13:30:13,PTBA,RG,2720,100,D,PD,YP,D
13:30:13,PTBA,RG,2720,10,D,PD,YP,D
13:30:13,PTBA,RG,2720,185,D,XA,YP,D
13:30:13,PTBA,RG,2720,1,D,PD,YP,D
13:30:13,PTBA,RG,2720,10,D,DR,YP,D
13:30:13,PTBA,RG,2720,2,D,YP,YP,D
13:30:13,PTBA,RG,2720,50,D,YU,YP,D
13:30:13,PTBA,RG,2720,400,D,AR,YP,D
13:30:13,PTBA,RG,2720,6,D,XC,YP,D
13:30:13,PTBA,RG,2720,1,D,OD,YP,D
13:30:13,PTBA,RG,2720,6,D,XC,YP,D
13:30:13,PTBA,RG,2720,50,D,YP,YP,D
13:30:13,PTBA,RG,2720,10,D,YP,YP,D
13:30:13,PTBA,RG,2720,9,D,YP,YP,D
13:30:13,PTBA,RG,2720,200,D,YP,YP,D
13:30:13,PTBA,RG,2720,2,D,OD,YP,D
13:30:13,PTBA,RG,2720,50,D,KK,YP,D
13:30:13,PTBA,RG,2720,20,D,YP,YP,D
13:30:13,PTBA,RG,2720,5,D,NI,YP,D
13:30:13,PTBA,RG,2720,1,D,YB,YP,D
13:30:13,PTBA,RG,2720,1,D,YP,YP,D
13:30:13,PTBA,RG,2720,1,D,XC,YP,D
13:30:13,PTBA,RG,2720,1,D,YB,YP,D
13:30:13,PTBA,RG,2720,2,F,ZP,YP,D
13:30:13,PTBA,RG,2720,15,D,KK,YP,D
13:30:13,PTBA,RG,2720,2,D,CC,YP,D
13:30:13,PTBA,RG,2720,18,D,KK,YP,D
13:30:13,PTBA,RG,2720,1000,D,CC,YP,D
13:30:13,PTBA,RG,2720,100,D,CC,YP,D
13:30:13,PTBA,RG,2720,35,D,YP,YP,D
13:30:13,PTBA,RG,2720,2,D,CC,YP,D
13:30:13,PTBA,RG,2720,5,D,YP,YP,D
13:30:13,PTBA,RG,2720,5,D,YP,YP,D
13:30:13,PTBA,RG,2720,1,D,PD,YP,D
13:30:13,PTBA,RG,2720,3,D,XC,YP,D
13:30:13,PTBA,RG,2720,2,D,PD,YP,D
13:30:13,PTBA,RG,2720,10,D,YP,YP,D
13:30:13,PTBA,RG,2720,1,D,PD,YP,D
13:30:13,PTBA,RG,2720,5,D,YP,YP,D
13:30:13,PTBA,RG,2720,30,D,PD,YP,D
13:30:13,PTBA,RG,2720,2,D,PD,YP,D
13:30:13,PTBA,RG,2720,15,D,AZ,YP,D
13:30:13,PTBA,RG,2720,5,D,YP,YP,D
13:30:13,PTBA,RG,2720,1,D,PD,YP,D
13:30:13,PTBA,RG,2720,5,D,YP,YP,D
13:30:13,PTBA,RG,2720,200,D,EP,YP,D
13:30:13,PTBA,RG,2720,35,D,PD,YP,D
13:30:13,PTBA,RG,2720,1,D,YP,YP,D
13:30:13,PTBA,RG,2720,1,D,YP,YP,D
13:30:13,PTBA,RG,2720,5,D,NI,YP,D
13:30:13,PTBA,RG,2720,10,D,DR,YP,D
13:30:13,PTBA,RG,2720,19,D,XC,YP,D
13:30:13,PTBA,RG,2720,25,D,YP,YP,D
13:30:13,PTBA,RG,2720,300,D,PD,YP,D
13:30:13,PTBA,RG,2720,10,D,YP,YP,D
13:30:13,PTBA,RG,2720,4,D,PD,YP,D
13:30:13,PTBA,RG,2720,50,D,OD,YP,D
13:30:13,PTBA,RG,2720,5,D,PD,YP,D
13:30:13,PTBA,RG,2720,25,D,KK,YP,D
13:30:13,PTBA,RG,2720,11,D,YP,YP,D
13:30:13,PTBA,RG,2720,100,D,KK,YP,D
13:30:13,PTBA,RG,2720,2,D,PD,YP,D
13:30:13,PTBA,RG,2720,10,D,YP,YP,D
13:30:13,PTBA,RG,2720,100,D,YP,YP,D
13:30:13,PTBA,RG,2720,1,D,YU,YP,D
13:30:13,PTBA,RG,2720,5,D,AZ,YP,D
13:30:13,PTBA,RG,2720,3,D,CC,YP,D
13:30:13,PTBA,RG,2720,1,D,PD,YP,D
13:30:13,PTBA,RG,2720,3,D,YP,YP,D
13:30:13,PTBA,RG,2720,5,D,EP,YP,D
13:30:13,PTBA,RG,2720,5,D,YP,YP,D
13:30:13,PTBA,RG,2720,15,D,YP,YP,D
13:30:13,PTBA,RG,2720,1,D,YP,YP,D
13:30:13,PTBA,RG,2720,4,D,CC,YP,D
13:30:13,PTBA,RG,2720,10,D,YP,YP,D
13:30:13,PTBA,RG,2720,42,D,XC,YP,D
13:30:13,PTBA,RG,2720,10,D,YP,YP,D
13:30:13,PTBA,RG,2720,35,D,GR,YP,D
13:30:13,PTBA,RG,2720,68,D,YP,YP,D
13:30:13,PTBA,RG,2720,35,D,YP,YP,D
13:30:13,PTBA,RG,2730,2,D,YP,BK,F
13:30:13,PTBA,RG,2730,1,D,YP,BK,F
13:30:13,PTBA,RG,2720,5,D,YP,YP,D
13:30:12,PTBA,RG,2730,60,D,YP,BK,F
13:30:12,PTBA,RG,2730,40,D,YP,YP,D
13:30:12,PTBA,RG,2720,30,D,YP,YP,D
13:30:12,PTBA,RG,2730,9,D,DR,YP,D
13:30:12,PTBA,RG,2730,1,D,CC,YP,D
13:30:07,PTBA,RG,2720,16,D,YP,AK,F
13:30:07,PTBA,RG,2730,1,D,XC,AK,F
13:30:07,PTBA,RG,2730,2,D,XC,AK,F
13:30:07,PTBA,RG,2730,18,D,XC,AK,F
13:30:07,PTBA,RG,2730,6,D,OD,AK,F
13:30:06,PTBA,RG,2730,5,D,OD,XC,D
13:30:06,PTBA,RG,2730,2,D,OD,XC,D
13:30:06,PTBA,RG,2730,10,D,OD,XC,D
13:30:05,PTBA,RG,2730,10,D,OD,XL,D
13:30:05,PTBA,RG,2730,8,D,OD,XL,D
13:30:05,PTBA,RG,2730,1,D,XL,XL,D
13:30:05,PTBA,RG,2730,1,D,XL,XL,D
13:30:05,PTBA,RG,2740,12,F,AK,OD,D
13:30:05,PTBA,RG,2730,5,F,AK,PD,D
13:30:04,PTBA,RG,2720,1,D,YP,PD,D
13:30:04,PTBA,RG,2720,28,D,YP,PD,D
13:30:04,PTBA,RG,2720,1,D,YP,PD,D
13:30:04,PTBA,RG,2720,1,D,YP,DH,D
13:30:04,PTBA,RG,2720,3,D,YP,DH,D
13:30:04,PTBA,RG,2730,1,D,CC,DH,D
13:30:04,PTBA,RG,2730,1,D,CC,CC,D
13:30:04,PTBA,RG,2720,2,D,YP,KK,D
13:30:03,PTBA,RG,2720,1,D,YP,CC,D
13:30:03,PTBA,RG,2720,6,D,YP,PD,D
13:30:03,PTBA,RG,2720,13,D,YP,GR,D
13:30:03,PTBA,RG,2720,1,D,PD,GR,D
13:30:03,PTBA,RG,2720,1,D,PD,GR,D
13:30:03,PTBA,RG,2720,5,D,YP,GR,D
13:30:03,PTBA,RG,2720,1,D,OD,GR,D
13:30:03,PTBA,RG,2720,92,D,BQ,GR,D
13:30:03,PTBA,RG,2730,587,D,GR,GR,D
13:30:03,PTBA,RG,2730,2,D,GR,GR,D
13:30:03,PTBA,RG,2730,4,D,GR,GR,D
13:30:03,PTBA,RG,2730,407,D,GR,CS,F
13:30:03,PTBA,RG,2730,35,D,AG,CS,F
13:30:03,PTBA,RG,2730,5,D,DX,CS,F
13:30:03,PTBA,RG,2730,100,D,PD,CS,F
13:30:03,PTBA,RG,2730,8,F,ZP,CS,F
13:30:03,PTBA,RG,2730,2,D,DH,CS,F
13:30:03,PTBA,RG,2730,1,D,PD,CS,F
13:30:03,PTBA,RG,2730,1,D,PD,CS,F
13:30:03,PTBA,RG,2730,10,D,CC,CS,F
13:30:03,PTBA,RG,2730,223,D,AZ,CS,F
13:30:02,PTBA,RG,2730,1,D,AZ,PD,D
13:30:02,PTBA,RG,2730,7,D,AZ,PD,D
13:30:02,PTBA,RG,2730,2,D,AZ,PD,D
13:30:02,PTBA,RG,2730,17,D,AZ,YB,D
13:30:02,PTBA,RG,2730,3,D,EP,YB,D
13:30:02,PTBA,RG,2730,2,D,EP,PD,D
13:30:02,PTBA,RG,2730,1,D,PD,PD,D
13:30:02,PTBA,RG,2730,1,D,PD,PD,D
13:30:02,PTBA,RG,2730,16,D,DH,PD,D
13:30:02,PTBA,RG,2740,20,D,PD,OD,D
13:30:01,PTBA,RG,2730,9,D,DH,KK,D
13:30:01,PTBA,RG,2730,98,D,DH,SQ,D
13:30:01,PTBA,RG,2730,3,D,DH,SQ,D
13:30:01,PTBA,RG,2730,10,D,DH,AT,D
13:30:01,PTBA,RG,2730,30,D,DH,PD,D
13:30:01,PTBA,RG,2730,1,D,DH,YP,D
13:30:01,PTBA,RG,2730,33,D,DH,KK,D
13:30:01,PTBA,RG,2720,1,D,BQ,PD,D
13:30:01,PTBA,RG,2730,10,D,AZ,KK,D
13:30:01,PTBA,RG,2720,35,D,BQ,ZP,D
13:30:01,PTBA,RG,2720,1,D,BQ,AZ,D
13:30:01,PTBA,RG,2730,57,D,KI,KK,D
13:30:01,PTBA,RG,2730,3,D,KI,YP,D
13:30:01,PTBA,RG,2730,10,D,AI,YP,D
13:30:01,PTBA,RG,2730,3,D,IF,YP,D
13:30:01,PTBA,RG,2720,71,D,BQ,DR,D
13:30:01,PTBA,RG,2720,15,D,KK,DR,D
13:30:01,PTBA,RG,2720,3,D,KK,PD,D
13:30:01,PTBA,RG,2730,15,D,EP,YP,D
13:30:01,PTBA,RG,2720,15,D,KK,IF,D
13:30:01,PTBA,RG,2730,110,D,EP,YP,D
13:30:01,PTBA,RG,2730,1,D,PD,YP,D
11:29:53,PTBA,RG,2720,1,D,KK,AK,F
11:29:53,PTBA,RG,2730,20,D,PD,YP,D
11:29:50,PTBA,RG,2730,1,D,PD,YP,D
11:29:50,PTBA,RG,2730,3,F,ZP,YP,D
11:29:45,PTBA,RG,2730,1,F,AK,YP,D
11:29:38,PTBA,RG,2730,33,F,ZP,YP,D
11:29:38,PTBA,RG,2730,1,F,ZP,EP,D
11:29:37,PTBA,RG,2730,49,D,CP,EP,D
11:29:37,PTBA,RG,2730,1,D,CP,YP,D
11:29:37,PTBA,RG,2730,24,D,CP,AZ,D
11:29:37,PTBA,RG,2730,260,D,CP,AK,F
11:29:37,PTBA,RG,2730,1,D,CP,AT,D
11:29:37,PTBA,RG,2730,1,D,CP,PD,D
11:29:37,PTBA,RG,2730,60,D,CP,PD,D
11:29:37,PTBA,RG,2730,497,D,CP,CC,D
11:29:37,PTBA,RG,2730,5,D,CP,PD,D
11:29:37,PTBA,RG,2730,3,D,CP,YP,D
11:29:37,PTBA,RG,2730,972,D,CP,CS,F
11:29:37,PTBA,RG,2730,127,D,CP,YJ,D
11:29:34,PTBA,RG,2720,5,D,KK,NI,D
11:29:13,PTBA,RG,2720,1,D,KK,XC,D
11:29:09,PTBA,RG,2720,10,D,KK,AK,F
11:29:08,PTBA,RG,2720,1,D,KK,AK,F
11:28:53,PTBA,RG,2720,2,D,KK,AK,F
11:28:53,PTBA,RG,2720,1,D,KK,AK,F
11:28:47,PTBA,RG,2720,11,D,KK,PD,D
11:28:45,PTBA,RG,2730,4,F,AK,YJ,D
11:28:44,PTBA,RG,2730,25,D,KK,YJ,D
11:28:30,PTBA,RG,2730,1,F,AK,YJ,D
11:28:24,PTBA,RG,2720,15,D,KK,PD,D
11:28:24,PTBA,RG,2720,10,D,KK,PD,D
11:28:15,PTBA,RG,2730,5,D,OD,YJ,D
11:28:07,PTBA,RG,2730,1,D,XC,YJ,D
11:27:54,PTBA,RG,2730,10,D,YP,YJ,D
11:27:53,PTBA,RG,2720,12,D,KK,AK,F
11:27:53,PTBA,RG,2720,3,D,KK,AK,F
11:27:53,PTBA,RG,2730,8,D,DX,YJ,D
11:27:45,PTBA,RG,2730,4,F,AK,YJ,D
11:27:30,PTBA,RG,2730,59,F,ZP,YJ,D
11:27:15,PTBA,RG,2730,1,F,AK,YJ,D
11:27:10,PTBA,RG,2720,7,D,KK,EP,D
11:27:08,PTBA,RG,2720,6,D,KK,AK,F
11:27:00,PTBA,RG,2730,1,F,AK,YJ,D
11:26:46,PTBA,RG,2730,1,D,CC,YJ,D
11:26:45,PTBA,RG,2730,5,D,CC,YJ,D
11:26:08,PTBA,RG,2730,50,D,EP,YJ,D
11:25:51,PTBA,RG,2730,1,D,PD,YJ,D
11:25:38,PTBA,RG,2720,13,D,KK,AK,F
11:25:19,PTBA,RG,2720,1,D,KK,XC,D
11:25:13,PTBA,RG,2730,10,D,YP,YJ,D
11:25:08,PTBA,RG,2720,10,D,KK,XC,D
11:25:07,PTBA,RG,2730,10,D,YP,YJ,D
11:25:00,PTBA,RG,2730,8,D,XL,YJ,D
11:25:00,PTBA,RG,2720,1,D,KK,PD,D
11:24:51,PTBA,RG,2720,22,D,KK,PD,D
11:24:45,PTBA,RG,2730,6,F,AK,YJ,D
11:24:28,PTBA,RG,2730,1,D,YP,YJ,D
11:24:23,PTBA,RG,2720,13,D,KK,AK,F
11:24:02,PTBA,RG,2730,250,D,EP,YJ,D
11:24:00,PTBA,RG,2730,3,F,AK,YJ,D
11:23:50,PTBA,RG,2720,2,D,KK,YP,D
11:23:50,PTBA,RG,2720,2,D,NI,YP,D
11:23:50,PTBA,RG,2720,11,D,YP,YP,D
11:23:31,PTBA,RG,2730,20,D,KK,YJ,D
11:23:27,PTBA,RG,2730,50,D,XC,YJ,D
11:23:26,PTBA,RG,2730,1,D,XC,YJ,D
11:23:15,PTBA,RG,2730,7,D,DR,YJ,D
11:23:13,PTBA,RG,2720,1,D,YP,OD,D
11:23:08,PTBA,RG,2730,1,D,PD,YJ,D
11:23:01,PTBA,RG,2720,5,D,YP,CC,D
11:22:57,PTBA,RG,2720,10,D,YP,CC,D
11:22:47,PTBA,RG,2730,200,D,IU,YJ,D
11:22:43,PTBA,RG,2730,50,D,PD,YJ,D
11:22:41,PTBA,RG,2730,1,D,NI,YJ,D
11:22:18,PTBA,RG,2730,79,D,ZP,YJ,D
11:22:18,PTBA,RG,2730,2,D,ZP,LS,D
11:22:18,PTBA,RG,2730,4,D,ZP,CC,D
11:22:18,PTBA,RG,2730,10,D,ZP,AK,F
11:22:18,PTBA,RG,2730,205,D,ZP,BK,F
11:22:07,PTBA,RG,2720,1,D,YP,PD,D
11:21:53,PTBA,RG,2720,18,D,YP,AK,F
11:21:32,PTBA,RG,2730,34,F,ZP,BK,F
11:21:22,PTBA,RG,2730,1,D,BQ,BK,F
11:21:14,PTBA,RG,2730,312,D,ZP,BK,F
11:21:14,PTBA,RG,2730,188,D,ZP,AG,D
11:20:59,PTBA,RG,2730,1,D,PD,AG,D
11:20:47,PTBA,RG,2730,1,D,NI,AG,D
11:20:32,PTBA,RG,2730,10,D,PD,AG,D
11:20:13,PTBA,RG,2720,40,D,YP,YP,D
11:20:09,PTBA,RG,2720,1,D,YP,XC,D
11:19:42,PTBA,RG,2720,1,D,YP,XC,D
11:19:32,PTBA,RG,2730,37,D,XC,AG,D
11:19:30,PTBA,RG,2730,1,D,PD,AG,D
11:19:27,PTBA,RG,2720,16,D,YP,CC,D
11:19:27,PTBA,RG,2720,2,D,EP,CC,D
11:19:27,PTBA,RG,2720,2,D,YP,CC,D
11:19:10,PTBA,RG,2720,60,D,YP,NI,D
11:18:53,PTBA,RG,2720,20,D,YP,AK,F
11:18:28,PTBA,RG,2730,10,D,YP,AG,D
11:18:28,PTBA,RG,2730,50,D,PD,AG,D
11:18:28,PTBA,RG,2730,2,D,PD,AG,D
11:18:28,PTBA,RG,2730,200,D,EP,AG,D
11:18:28,PTBA,RG,2730,5,D,OD,AG,D
11:18:28,PTBA,RG,2730,10,D,OD,AG,D
11:18:28,PTBA,RG,2730,10,D,SQ,AG,D
11:18:28,PTBA,RG,2730,17,D,DH,AG,D
11:18:28,PTBA,RG,2730,250,D,EP,AG,D
11:18:28,PTBA,RG,2730,37,D,SQ,AG,D
11:18:28,PTBA,RG,2730,10,D,AT,AG,D
11:18:28,PTBA,RG,2730,100,D,IU,AG,D
11:18:28,PTBA,RG,2730,5,D,SQ,AG,D
11:18:28,PTBA,RG,2730,10,D,NI,AG,D
11:18:28,PTBA,RG,2730,25,D,YP,AG,D
11:18:28,PTBA,RG,2730,2,D,GR,AG,D
11:18:28,PTBA,RG,2730,4,D,IF,AG,D
11:18:28,PTBA,RG,2730,1,D,DH,AG,D
11:18:28,PTBA,RG,2730,2,D,DH,AG,D
11:18:28,PTBA,RG,2730,12,D,PD,AG,D
11:18:12,PTBA,RG,2730,4,D,PD,XC,D
11:18:12,PTBA,RG,2730,4,D,IF,XC,D
11:18:12,PTBA,RG,2730,2,D,CC,XC,D
11:18:12,PTBA,RG,2730,1,D,SQ,XC,D
11:18:12,PTBA,RG,2730,9,D,PD,XC,D
11:18:01,PTBA,RG,2730,1,D,PD,CC,D
11:18:01,PTBA,RG,2730,3,D,KK,CC,D
11:18:01,PTBA,RG,2730,5,D,KK,CC,D
11:18:01,PTBA,RG,2730,1,D,NI,CC,D
11:17:47,PTBA,RG,2730,5,D,NI,YP,D
11:17:47,PTBA,RG,2730,7,D,XC,YP,D
11:17:47,PTBA,RG,2730,4,D,PD,YP,D
11:17:47,PTBA,RG,2730,2,D,PD,YP,D
11:17:47,PTBA,RG,2730,1,D,YP,YP,D
11:17:47,PTBA,RG,2730,1,D,NI,YP,D
11:17:45,PTBA,RG,2730,1,D,NI,YP,D
11:17:40,PTBA,RG,2730,29,D,NI,BK,F
11:17:39,PTBA,RG,2730,10,D,NI,YP,D
11:17:37,PTBA,RG,2730,4,D,NI,GR,D
11:17:37,PTBA,RG,2730,7,D,XC,GR,D
11:17:37,PTBA,RG,2730,50,D,DH,GR,D
11:17:37,PTBA,RG,2730,10,D,CC,GR,D
11:17:37,PTBA,RG,2730,1,D,YP,GR,D
11:17:37,PTBA,RG,2730,25,D,YP,GR,D
11:17:37,PTBA,RG,2730,10,D,YP,GR,D
11:17:37,PTBA,RG,2730,10,D,NI,GR,D
11:17:37,PTBA,RG,2730,20,D,YP,GR,D
11:17:37,PTBA,RG,2730,1,D,YP,GR,D
11:17:37,PTBA,RG,2730,2,D,YP,GR,D
11:17:37,PTBA,RG,2730,10,D,YU,GR,D
11:17:37,PTBA,RG,2730,1,D,CC,GR,D
11:17:37,PTBA,RG,2730,2,D,NI,GR,D
11:17:37,PTBA,RG,2730,89,F,ZP,GR,D
11:17:37,PTBA,RG,2730,3,D,YP,GR,D
11:17:37,PTBA,RG,2730,11,D,YU,GR,D
11:17:37,PTBA,RG,2730,10,D,PD,GR,D
11:17:37,PTBA,RG,2730,1,D,PD,GR,D
11:17:37,PTBA,RG,2730,10,D,PD,GR,D
11:17:37,PTBA,RG,2730,6,F,AK,GR,D
11:17:37,PTBA,RG,2730,25,D,SQ,GR,D
11:17:37,PTBA,RG,2730,20,D,CC,GR,D
11:17:37,PTBA,RG,2730,50,D,YP,GR,D
11:17:37,PTBA,RG,2730,1,D,GR,GR,D
11:17:37,PTBA,RG,2730,2,D,YB,GR,D
11:17:37,PTBA,RG,2730,1,D,NI,GR,D
11:17:37,PTBA,RG,2730,10,D,XC,GR,D
11:17:37,PTBA,RG,2730,8,D,XC,GR,D
11:17:06,PTBA,RG,2730,2,D,XC,BK,F
11:17:06,PTBA,RG,2730,1,D,PD,BK,F
11:17:06,PTBA,RG,2730,44,D,CC,BK,F
11:17:05,PTBA,RG,2730,6,D,CC,IU,D
11:17:05,PTBA,RG,2730,1,D,OD,IU,D
11:17:05,PTBA,RG,2730,1,D,CC,IU,D
11:17:05,PTBA,RG,2730,37,D,NI,IU,D
11:17:05,PTBA,RG,2730,3,D,XC,IU,D
11:17:05,PTBA,RG,2730,1,D,XC,IU,D
11:17:05,PTBA,RG,2730,2,D,PD,IU,D
11:17:05,PTBA,RG,2730,30,D,YP,IU,D
11:17:05,PTBA,RG,2730,3,D,PD,IU,D
11:17:05,PTBA,RG,2730,16,D,YP,IU,D
11:17:05,PTBA,RG,2730,6,D,YP,YP,D
11:17:00,PTBA,RG,2730,27,D,YP,BK,F
11:16:58,PTBA,RG,2730,200,D,YP,BK,F
11:16:55,PTBA,RG,2730,500,D,YP,AK,F
11:16:54,PTBA,RG,2730,251,D,YP,YJ,D
11:16:54,PTBA,RG,2730,5,D,XC,YJ,D
11:16:54,PTBA,RG,2730,1,D,YB,YJ,D
11:16:54,PTBA,RG,2730,10,D,PD,YJ,D
11:16:54,PTBA,RG,2730,6,F,AK,YJ,D
11:16:54,PTBA,RG,2730,1,D,OD,YJ,D
11:16:54,PTBA,RG,2730,1,D,OD,YJ,D
11:16:54,PTBA,RG,2730,3,D,DX,YJ,D
11:16:54,PTBA,RG,2730,1,D,PD,YJ,D
11:16:54,PTBA,RG,2730,122,D,PD,YJ,D
11:16:54,PTBA,RG,2730,10,D,YU,YJ,D
11:16:54,PTBA,RG,2730,1,D,PD,YJ,D
11:16:54,PTBA,RG,2730,5,D,YP,YJ,D
11:16:54,PTBA,RG,2730,20,D,SQ,YJ,D
11:16:54,PTBA,RG,2730,4,D,YP,YJ,D
11:16:54,PTBA,RG,2730,5,D,CC,YJ,D
11:16:54,PTBA,RG,2730,30,D,SQ,YJ,D
11:16:54,PTBA,RG,2730,1,D,YP,YJ,D
11:16:54,PTBA,RG,2730,1,D,CC,YJ,D
11:16:54,PTBA,RG,2730,1,D,YP,YJ,D
11:16:54,PTBA,RG,2730,250,D,DR,YJ,D
11:16:54,PTBA,RG,2730,5,D,PD,YJ,D
11:16:54,PTBA,RG,2730,1,D,EP,YJ,D
11:16:54,PTBA,RG,2730,2,D,CC,YJ,D
11:16:54,PTBA,RG,2730,20,D,YP,YJ,D
11:16:54,PTBA,RG,2730,1,D,YP,YJ,D
11:16:54,PTBA,RG,2730,5,D,NI,YJ,D
11:16:54,PTBA,RG,2730,1,D,YP,YJ,D
11:16:54,PTBA,RG,2730,3,D,CC,YJ,D
11:16:54,PTBA,RG,2730,10,D,NI,YJ,D
11:16:54,PTBA,RG,2730,5,F,AK,YJ,D
11:16:54,PTBA,RG,2730,548,D,YU,YJ,D
11:16:40,PTBA,RG,2740,14,D,PD,OD,D
11:16:39,PTBA,RG,2740,1,D,CC,OD,D
11:16:32,PTBA,RG,2730,12,D,YU,XC,D
11:16:31,PTBA,RG,2740,1,D,PD,OD,D
11:16:30,PTBA,RG,2740,6,F,AK,OD,D
11:15:42,PTBA,RG,2730,28,D,YU,BK,F
11:15:42,PTBA,RG,2740,1,D,XC,OD,D
11:15:37,PTBA,RG,2730,62,D,YU,BK,F
11:15:34,PTBA,RG,2730,500,D,YU,AK,F
11:15:33,PTBA,RG,2730,31,D,YU,BK,F
11:15:30,PTBA,RG,2730,500,D,YU,YP,D
11:15:15,PTBA,RG,2740,4,F,AK,OD,D
11:15:08,PTBA,RG,2730,3,D,YU,CC,D
11:14:51,PTBA,RG,2730,1,D,YU,XC,D
11:14:30,PTBA,RG,2730,1,D,YU,YP,D
11:14:15,PTBA,RG,2740,4,F,AK,OD,D
11:13:34,PTBA,RG,2740,2,D,PD,OD,D
11:12:44,PTBA,RG,2730,6,D,YU,YP,D
11:12:30,PTBA,RG,2730,1,D,YU,AK,F
11:12:26,PTBA,RG,2730,2,D,YU,PD,D
11:12:20,PTBA,RG,2730,88,D,YU,XC,D
11:12:15,PTBA,RG,2740,6,F,AK,OD,D
11:11:37,PTBA,RG,2740,191,F,ZP,OD,D
11:11:37,PTBA,RG,2740,500,D,IU,OD,D
11:11:36,PTBA,RG,2740,3,D,NI,OD,D
11:11:34,PTBA,RG,2740,17,D,YP,OD,D
11:11:34,PTBA,RG,2740,3,D,YP,DX,D
11:11:12,PTBA,RG,2740,2,D,YP,DX,D
11:11:12,PTBA,RG,2740,3,D,YP,CC,F
11:11:05,PTBA,RG,2740,97,D,IU,CC,F
11:11:05,PTBA,RG,2740,25,D,IU,HP,D
11:11:05,PTBA,RG,2740,27,D,IU,YB,D
11:11:05,PTBA,RG,2740,2,D,IU,PD,D
11:11:05,PTBA,RG,2740,100,D,IU,KK,D
11:11:05,PTBA,RG,2740,14,D,IU,AK,F
11:11:05,PTBA,RG,2740,31,D,IU,AK,F
11:11:05,PTBA,RG,2740,140,D,IU,BK,F
11:11:05,PTBA,RG,2740,64,D,IU,BK,F
11:10:36,PTBA,RG,2740,40,D,CC,BK,F
11:10:31,PTBA,RG,2740,3,D,OD,BK,F
11:10:25,PTBA,RG,2740,15,D,DH,BK,F
11:10:23,PTBA,RG,2730,13,D,YU,AK,F
11:10:15,PTBA,RG,2740,5,F,AK,BK,F
11:09:36,PTBA,RG,2740,500,D,IU,BK,F
11:09:17,PTBA,RG,2740,110,D,YP,BK,F
11:09:08,PTBA,RG,2730,11,D,YU,AK,F
11:09:00,PTBA,RG,2740,50,D,EP,BK,F
11:08:33,PTBA,RG,2740,6,D,DR,BK,F
11:08:30,PTBA,RG,2740,2,D,OD,BK,F
11:08:05,PTBA,RG,2740,86,D,KK,BK,F
11:08:02,PTBA,RG,2740,1,D,PD,BK,F
11:08:00,PTBA,RG,2740,1,D,XC,BK,F
11:07:41,PTBA,RG,2740,4,D,YP,BK,F
11:07:19,PTBA,RG,2740,100,D,DR,BK,F
11:07:02,PTBA,RG,2730,18,D,YU,AK,F
11:07:01,PTBA,RG,2740,1,D,NI,BK,F
11:06:40,PTBA,RG,2740,9,F,AK,BK,F
11:06:38,PTBA,RG,2740,1,D,XC,BK,F
11:06:29,PTBA,RG,2740,108,D,KK,BK,F
11:06:04,PTBA,RG,2740,6,D,CC,BK,F
11:05:45,PTBA,RG,2740,5,D,CC,BK,F
11:05:45,PTBA,RG,2740,1,D,XL,BK,F
11:05:39,PTBA,RG,2740,5,D,YU,BK,F
11:05:23,PTBA,RG,2730,12,D,YU,AK,F
11:05:09,PTBA,RG,2740,2,D,PD,BK,F
11:04:45,PTBA,RG,2730,6,D,YU,KK,D
11:04:15,PTBA,RG,2740,8,D,SQ,BK,F
11:04:14,PTBA,RG,2730,10,D,YU,KK,D
11:03:38,PTBA,RG,2730,14,D,YU,AK,F
11:03:10,PTBA,RG,2740,10,D,YP,BK,F
11:03:07,PTBA,RG,2740,5,D,XC,BK,F
11:02:52,PTBA,RG,2740,1,D,XC,BK,F
11:02:45,PTBA,RG,2740,7,F,AK,BK,F
11:02:14,PTBA,RG,2740,10,D,YP,BK,F
11:01:31,PTBA,RG,2740,143,D,PD,BK,F
11:01:08,PTBA,RG,2730,15,D,YU,AK,F
10:59:54,PTBA,RG,2730,10,D,YU,PD,D
10:59:46,PTBA,RG,2740,20,D,PD,BK,F
10:59:25,PTBA,RG,2740,1,D,XC,BK,F
10:59:09,PTBA,RG,2740,21,F,ZP,BK,F
10:59:09,PTBA,RG,2740,2,F,ZP,YP,D
10:59:08,PTBA,RG,2740,1,D,YP,YP,D
10:59:08,PTBA,RG,2740,1,D,YP,YP,D
10:59:08,PTBA,RG,2740,3,D,CC,YP,D
10:59:08,PTBA,RG,2740,2,D,NI,YP,D
10:59:08,PTBA,RG,2740,2,D,PD,YP,D
10:58:46,PTBA,RG,2740,48,D,PD,YP,D
10:58:46,PTBA,RG,2740,2,D,DR,YP,D
10:58:38,PTBA,RG,2740,2,D,DR,YP,D
10:58:37,PTBA,RG,2750,1,D,PD,AK,F
10:58:37,PTBA,RG,2740,3,D,DR,PD,D
10:58:20,PTBA,RG,2750,3,D,YP,AK,F
10:58:19,PTBA,RG,2740,7,D,DR,YP,D
10:58:19,PTBA,RG,2740,28,F,ZP,YP,D
10:58:19,PTBA,RG,2740,4,D,CC,YP,D
10:58:19,PTBA,RG,2740,3,D,CC,YP,D
10:58:19,PTBA,RG,2740,4,D,CC,YP,D
10:58:19,PTBA,RG,2740,2,D,CC,YP,D
10:58:19,PTBA,RG,2740,352,D,YP,YP,D
10:58:11,PTBA,RG,2750,1,D,NI,AK,F
10:57:52,PTBA,RG,2750,50,D,SQ,AK,F
10:57:48,PTBA,RG,2740,7,D,YP,YP,D
10:57:00,PTBA,RG,2750,2,D,CC,AK,F
10:56:30,PTBA,RG,2740,1,D,YP,PD,D
10:56:30,PTBA,RG,2740,5,D,YP,KK,D
10:56:30,PTBA,RG,2740,100,D,YP,PD,D
10:56:30,PTBA,RG,2740,35,D,YP,SQ,D
10:56:12,PTBA,RG,2740,65,D,AG,SQ,D
10:56:12,PTBA,RG,2740,50,D,AG,KK,D
10:56:12,PTBA,RG,2740,2,D,AG,XL,D
10:56:12,PTBA,RG,2740,3,D,AG,PD,D
10:56:12,PTBA,RG,2730,3,D,YU,XC,D
10:56:09,PTBA,RG,2740,1,D,YP,PD,D
10:56:00,PTBA,RG,2740,5,D,CC,PD,D
10:55:49,PTBA,RG,2740,7,D,DR,PD,D
10:55:47,PTBA,RG,2740,1,D,XC,PD,D
10:55:35,PTBA,RG,2740,8,D,NI,PD,D
10:55:35,PTBA,RG,2740,42,D,NI,BK,F
10:55:35,PTBA,RG,2740,3,D,AI,BK,F
10:55:32,PTBA,RG,2740,33,D,NI,BK,F
10:55:32,PTBA,RG,2740,6,D,NI,XC,D
10:55:32,PTBA,RG,2740,11,D,NI,AK,F
10:55:29,PTBA,RG,2740,50,D,NI,BK,F
10:55:26,PTBA,RG,2740,50,D,NI,AK,F
10:55:24,PTBA,RG,2740,19,F,ZP,AK,F
10:55:20,PTBA,RG,2740,1,D,CC,AK,F
10:55:06,PTBA,RG,2740,100,D,KK,AK,F
10:55:02,PTBA,RG,2740,25,D,MI,AK,F
10:54:52,PTBA,RG,2740,2,D,XC,AK,F
10:54:38,PTBA,RG,2740,1,D,CC,AK,F
10:54:30,PTBA,RG,2740,19,D,CC,AK,F
10:54:29,PTBA,RG,2740,34,D,AG,AK,F
10:54:29,PTBA,RG,2740,15,D,AG,AK,F
10:54:29,PTBA,RG,2740,14,D,AG,PD,D
10:54:29,PTBA,RG,2740,10,D,AG,CC,D
10:54:29,PTBA,RG,2740,3,D,AG,YP,D
10:54:29,PTBA,RG,2740,4,D,AG,PD,D
10:54:29,PTBA,RG,2740,50,D,AG,CS,F
10:54:26,PTBA,RG,2740,54,F,ZP,CS,F
10:53:05,PTBA,RG,2740,2,D,PD,CS,F
10:53:04,PTBA,RG,2740,1,D,XC,CS,F
10:52:52,PTBA,RG,2740,10,D,AZ,CS,F
10:52:42,PTBA,RG,2740,10,D,YP,CS,F
10:52:30,PTBA,RG,2740,23,F,AK,CS,F
10:51:31,PTBA,RG,2730,20,D,YU,YP,D
10:51:20,PTBA,RG,2730,29,D,YU,YP,D
10:50:46,PTBA,RG,2730,8,D,YU,PD,D
10:50:35,PTBA,RG,2730,1,D,YU,XC,D
10:50:23,PTBA,RG,2740,78,F,ZP,CS,F
10:50:15,PTBA,RG,2740,58,D,CC,CS,F
10:50:15,PTBA,RG,2740,7,D,CC,BK,F
10:50:02,PTBA,RG,2740,7,D,AG,BK,F
10:50:02,PTBA,RG,2730,1,D,YU,PD,D
10:49:31,PTBA,RG,2740,10,D,AG,BK,F
10:49:20,PTBA,RG,2740,4,D,CC,BK,F
10:49:16,PTBA,RG,2740,71,D,YP,BK,F
10:49:16,PTBA,RG,2740,30,D,YP,KK,D
10:49:16,PTBA,RG,2740,5,D,YP,PD,D
10:49:16,PTBA,RG,2740,7,D,YP,EP,D
10:49:16,PTBA,RG,2740,100,D,YP,PD,D
10:49:16,PTBA,RG,2740,50,D,YP,CC,F
10:49:16,PTBA,RG,2740,4,D,YP,AT,D
10:49:16,PTBA,RG,2740,1,D,YP,XC,D
10:49:16,PTBA,RG,2740,12,D,YP,AK,F
10:49:16,PTBA,RG,2740,196,D,YP,EP,D
10:49:16,PTBA,RG,2740,24,D,YP,CC,D
10:49:04,PTBA,RG,2740,26,D,NI,CC,D
10:49:04,PTBA,RG,2740,5,D,NI,DH,D
10:49:04,PTBA,RG,2740,5,D,NI,CC,D
10:49:04,PTBA,RG,2740,14,D,NI,AK,F
10:48:52,PTBA,RG,2740,4,D,NI,NI,D
10:48:52,PTBA,RG,2740,2,D,NI,PD,D
10:48:52,PTBA,RG,2740,44,D,NI,CC,F
10:48:52,PTBA,RG,2740,50,D,HP,CC,F
10:48:42,PTBA,RG,2740,50,D,NI,CC,F
10:48:38,PTBA,RG,2730,31,D,YU,AK,F
10:48:13,PTBA,RG,2730,4,D,YU,PD,D
10:48:07,PTBA,RG,2740,1,D,YP,CC,F
10:47:56,PTBA,RG,2740,1,D,PD,CC,F
10:47:51,PTBA,RG,2740,18,D,EP,CC,F
10:47:30,PTBA,RG,2740,25,D,CC,CC,F
10:47:29,PTBA,RG,2730,1,D,YU,PD,D
10:47:23,PTBA,RG,2730,3,D,YU,PD,D
10:47:18,PTBA,RG,2740,2,D,PD,CC,F
10:47:03,PTBA,RG,2740,20,D,AG,CC,F
10:46:53,PTBA,RG,2740,1,D,YP,CC,F
10:46:45,PTBA,RG,2730,1,D,YU,AK,F
10:46:45,PTBA,RG,2740,92,D,YP,CC,F
10:46:45,PTBA,RG,2740,308,D,YP,CS,F
10:46:18,PTBA,RG,2740,7,D,YP,CS,F
10:46:04,PTBA,RG,2740,10,D,YP,CS,F
10:45:05,PTBA,RG,2740,37,D,YP,CS,F
10:44:55,PTBA,RG,2730,6,D,YU,KK,D
10:44:55,PTBA,RG,2730,29,F,ZP,KK,D
10:44:54,PTBA,RG,2740,1,D,YB,CS,F
10:44:26,PTBA,RG,2740,110,D,PD,CS,F
10:43:33,PTBA,RG,2730,2,F,ZP,YP,D
10:43:11,PTBA,RG,2730,1,F,ZP,YP,D
10:41:54,PTBA,RG,2730,23,F,ZP,YP,D
10:41:54,PTBA,RG,2730,322,D,PG,YP,D
10:41:54,PTBA,RG,2730,5,F,AK,YP,D
10:41:54,PTBA,RG,2730,100,D,CC,YP,D
10:41:54,PTBA,RG,2730,400,D,GR,YP,D
10:41:54,PTBA,RG,2730,10,D,CC,YP,D
10:41:54,PTBA,RG,2730,6,D,XC,YP,D
10:41:54,PTBA,RG,2730,319,D,YP,YP,D
10:41:52,PTBA,RG,2730,89,D,YP,YP,D
10:41:46,PTBA,RG,2730,100,D,YP,KK,D
10:40:25,PTBA,RG,2740,51,F,ZP,CS,F
10:40:24,PTBA,RG,2730,185,D,YP,IP,D
10:40:15,PTBA,RG,2740,22,F,AK,CS,F
10:39:45,PTBA,RG,2730,5,D,YP,PD,D
10:38:59,PTBA,RG,2730,1,D,YP,AZ,D
10:38:31,PTBA,RG,2740,2,D,PD,CS,F
10:38:19,PTBA,RG,2730,5,D,YP,YP,D
10:38:17,PTBA,RG,2740,10,D,OD,CS,F
10:37:23,PTBA,RG,2740,40,D,XC,CS,F
10:37:22,PTBA,RG,2740,1,D,PD,CS,F
10:37:18,PTBA,RG,2740,1,D,CC,CS,F
10:37:16,PTBA,RG,2740,64,F,ZP,CS,F
10:37:05,PTBA,RG,2740,3,D,CC,CS,F
10:36:59,PTBA,RG,2740,1,D,YP,CS,F
10:36:56,PTBA,RG,2740,50,D,PD,CS,F
10:36:36,PTBA,RG,2740,5,D,PD,CS,F
10:36:17,PTBA,RG,2740,100,D,YP,CS,F
10:36:11,PTBA,RG,2740,100,D,YP,CS,F
10:36:06,PTBA,RG,2740,10,D,YP,CS,F
10:35:33,PTBA,RG,2730,2,D,YP,OD,D
10:35:13,PTBA,RG,2730,3,D,YP,PD,D
10:35:12,PTBA,RG,2730,5,D,YP,OD,D
10:35:06,PTBA,RG,2740,1,D,XC,CS,F
10:34:53,PTBA,RG,2730,46,D,YP,AK,F
10:34:29,PTBA,RG,2740,5,D,NI,CS,F
10:33:54,PTBA,RG,2740,1,D,YP,AK,F
10:33:51,PTBA,RG,2740,4,D,YB,AK,F
10:33:51,PTBA,RG,2740,3,D,YB,PD,D
10:33:51,PTBA,RG,2740,3,D,YB,BK,F
10:33:47,PTBA,RG,2740,20,D,KK,BK,F
10:33:27,PTBA,RG,2730,50,D,YP,PD,D
10:33:25,PTBA,RG,2730,4,D,YP,PD,D
10:33:24,PTBA,RG,2740,24,F,ZP,BK,F
10:33:24,PTBA,RG,2740,455,D,LG,BK,F
10:33:24,PTBA,RG,2740,30,D,LG,YP,D
10:33:24,PTBA,RG,2740,19,D,LG,AK,F
10:33:24,PTBA,RG,2740,120,D,LG,OD,D
10:33:24,PTBA,RG,2740,50,D,LG,YP,D
10:33:24,PTBA,RG,2740,1,D,LG,PD,D
10:33:24,PTBA,RG,2740,84,D,LG,CC,D
10:33:24,PTBA,RG,2740,50,D,LG,YP,D
10:33:24,PTBA,RG,2740,16,D,LG,AK,F
10:33:24,PTBA,RG,2740,100,D,LG,FS,D
10:33:24,PTBA,RG,2740,213,D,LG,NI,D
10:33:24,PTBA,RG,2740,1,D,LG,CC,D
10:33:24,PTBA,RG,2740,301,D,LG,CS,F
10:33:24,PTBA,RG,2740,10,D,LG,YB,D
10:33:24,PTBA,RG,2740,288,D,LG,BK,F
10:33:24,PTBA,RG,2740,30,D,LG,SQ,D
10:33:24,PTBA,RG,2740,500,D,LG,IF,D
10:33:24,PTBA,RG,2740,17,D,LG,CC,D
10:33:24,PTBA,RG,2740,10,D,LG,LG,D
10:33:24,PTBA,RG,2740,25,D,LG,CC,D
10:33:24,PTBA,RG,2740,500,D,LG,PD,D
10:33:24,PTBA,RG,2740,300,D,LG,CS,F
10:33:24,PTBA,RG,2740,10,D,LG,YB,D
10:33:24,PTBA,RG,2740,298,D,LG,CS,F
10:33:24,PTBA,RG,2740,1,D,LG,NI,D
10:33:24,PTBA,RG,2740,10,D,LG,YP,D
10:33:24,PTBA,RG,2740,105,D,LG,YP,D
10:33:24,PTBA,RG,2740,127,D,LG,NI,D
10:33:24,PTBA,RG,2740,449,D,LG,CS,F
10:33:24,PTBA,RG,2740,333,D,LG,BK,F
10:33:24,PTBA,RG,2740,330,D,LG,AK,F
10:33:24,PTBA,RG,2740,10,D,LG,XC,D
10:33:24,PTBA,RG,2740,10,D,LG,KK,D
10:33:24,PTBA,RG,2740,197,D,LG,BK,F
10:32:39,PTBA,RG,2730,10,D,YP,NI,D
10:32:08,PTBA,RG,2730,32,D,YP,BK,F
10:32:02,PTBA,RG,2730,64,D,YP,BK,F
10:31:57,PTBA,RG,2730,80,D,YP,AK,F
10:31:57,PTBA,RG,2730,1,D,PD,AK,F
10:31:57,PTBA,RG,2730,20,D,HP,AK,F
10:31:57,PTBA,RG,2730,130,D,YP,AK,F
10:31:57,PTBA,RG,2730,4,D,HP,AK,F
10:31:57,PTBA,RG,2730,4,D,CC,AK,F
10:31:57,PTBA,RG,2730,2,D,CC,AK,F
10:31:57,PTBA,RG,2730,1,D,PD,AK,F
10:31:57,PTBA,RG,2730,20,D,DR,AK,F
10:31:57,PTBA,RG,2730,148,D,CC,AK,F
10:31:57,PTBA,RG,2730,330,D,LG,AK,F
10:31:57,PTBA,RG,2730,10,D,CC,AK,F
10:31:57,PTBA,RG,2730,56,F,ZP,AK,F
10:31:57,PTBA,RG,2730,6,D,XC,AK,F
10:31:57,PTBA,RG,2730,4,D,CC,AK,F
10:31:57,PTBA,RG,2730,25,D,YB,AK,F
10:31:57,PTBA,RG,2730,50,D,CC,AK,F
10:31:57,PTBA,RG,2730,10,D,KK,AK,F
10:31:57,PTBA,RG,2730,3,D,KK,AK,F
10:31:57,PTBA,RG,2730,60,D,KK,AK,F
10:31:57,PTBA,RG,2730,36,D,DR,AK,F
10:31:39,PTBA,RG,2730,2,D,DR,CC,D
10:31:28,PTBA,RG,2730,1,D,DR,GR,D
10:31:16,PTBA,RG,2730,1,D,DR,PD,D
10:30:41,PTBA,RG,2730,10,D,DR,YP,D
10:30:41,PTBA,RG,2730,1,D,PD,YP,D
10:30:41,PTBA,RG,2730,1,D,XL,YP,D
10:30:41,PTBA,RG,2730,10,D,TF,YP,D
10:30:41,PTBA,RG,2730,1,D,XC,YP,D
10:30:41,PTBA,RG,2730,27,D,YP,YP,D
10:30:39,PTBA,RG,2740,1,D,PD,BK,F
10:30:31,PTBA,RG,2730,11,D,YP,PD,D
10:29:51,PTBA,RG,2730,4,D,YP,XC,D
10:29:31,PTBA,RG,2730,13,D,YP,KK,D
10:29:27,PTBA,RG,2730,45,D,YP,IF,D
10:29:27,PTBA,RG,2730,30,D,YU,IF,D
10:29:27,PTBA,RG,2730,5,D,CC,IF,D
10:29:27,PTBA,RG,2730,100,D,KK,IF,D
10:29:27,PTBA,RG,2730,200,D,TF,IF,D
10:29:27,PTBA,RG,2730,5,D,YP,IF,D
10:29:27,PTBA,RG,2730,5,D,YP,IF,D
10:29:27,PTBA,RG,2730,6,F,AK,IF,D
10:29:27,PTBA,RG,2730,6,F,AK,IF,D
10:29:27,PTBA,RG,2730,5,D,AG,IF,D
10:29:27,PTBA,RG,2730,1,D,DH,IF,D
10:29:27,PTBA,RG,2730,1,D,PD,IF,D
10:29:27,PTBA,RG,2730,4,D,PD,IF,D
10:29:27,PTBA,RG,2730,15,D,YP,IF,D
10:29:27,PTBA,RG,2730,72,D,YP,IF,D
10:29:06,PTBA,RG,2730,128,D,YP,BQ,D
10:29:06,PTBA,RG,2730,100,D,PD,BQ,D
10:29:06,PTBA,RG,2730,15,F,ZP,BQ,D
10:29:06,PTBA,RG,2730,190,D,SQ,BQ,D
10:28:56,PTBA,RG,2740,3,D,KK,BK,F
10:28:33,PTBA,RG,2730,240,D,SQ,CC,D
10:27:57,PTBA,RG,2730,20,D,SQ,PD,D
10:27:56,PTBA,RG,2740,10,D,TF,BK,F
10:27:51,PTBA,RG,2730,5,D,SQ,OD,D
10:27:47,PTBA,RG,2730,1,D,SQ,XC,D
10:27:41,PTBA,RG,2730,10,D,SQ,DH,D
10:27:27,PTBA,RG,2730,10,D,SQ,YB,D
10:27:21,PTBA,RG,2730,10,D,SQ,YB,D
10:27:04,PTBA,RG,2730,6,D,SQ,PD,D
10:27:04,PTBA,RG,2730,5,D,SQ,NI,D
10:26:56,PTBA,RG,2730,10,D,SQ,YB,D
10:26:49,PTBA,RG,2730,37,D,SQ,AK,F
10:26:49,PTBA,RG,2730,24,D,SQ,AK,F
10:26:49,PTBA,RG,2730,50,D,SQ,CC,F
10:26:49,PTBA,RG,2730,27,D,SQ,AK,F
10:26:49,PTBA,RG,2730,4,D,SQ,GR,D
10:26:49,PTBA,RG,2730,6,D,SQ,YP,D
10:26:49,PTBA,RG,2730,18,D,SQ,PD,D
10:26:49,PTBA,RG,2730,100,D,SQ,SQ,D
10:26:49,PTBA,RG,2730,190,D,SQ,OD,D
10:26:49,PTBA,RG,2730,10,D,SQ,EP,D
10:26:49,PTBA,RG,2730,45,D,SQ,XC,D
10:26:49,PTBA,RG,2730,379,D,SQ,BK,F
10:26:49,PTBA,RG,2730,400,D,SQ,NI,D
10:26:49,PTBA,RG,2730,3,D,SQ,XC,D
10:26:49,PTBA,RG,2730,24,D,SQ,CC,D
10:26:49,PTBA,RG,2730,2,D,SQ,XC,D
10:26:49,PTBA,RG,2730,17,D,SQ,AK,F
10:26:49,PTBA,RG,2730,459,D,SQ,CS,F
10:26:49,PTBA,RG,2730,535,D,SQ,BK,F
10:26:49,PTBA,RG,2730,45,D,SQ,CC,D
10:26:49,PTBA,RG,2730,500,D,SQ,YB,D
10:26:49,PTBA,RG,2730,118,D,SQ,AK,F
10:26:42,PTBA,RG,2730,10,D,AG,AK,F
10:26:41,PTBA,RG,2730,109,F,ZP,AK,F
10:26:40,PTBA,RG,2730,33,D,MG,AK,F
10:26:40,PTBA,RG,2730,16,D,MG,AK,F
10:26:40,PTBA,RG,2730,20,D,MG,IF,D
10:26:40,PTBA,RG,2730,777,D,MG,BK,F
10:26:40,PTBA,RG,2730,90,D,MG,CC,F
10:26:40,PTBA,RG,2730,7,D,MG,YP,D
10:26:40,PTBA,RG,2730,57,D,MG,PD,D
10:26:28,PTBA,RG,2730,1,D,YP,PD,D
10:26:15,PTBA,RG,2720,15,D,YP,YB,D
10:26:15,PTBA,RG,2720,1,D,YP,XC,D
10:26:04,PTBA,RG,2720,2,D,YP,AK,F
10:26:04,PTBA,RG,2720,1,D,XA,AK,F
10:26:04,PTBA,RG,2720,3,D,NI,AK,F
10:26:04,PTBA,RG,2720,15,D,YP,AK,F
10:25:55,PTBA,RG,2730,5,D,YP,PD,D
10:25:52,PTBA,RG,2720,25,D,YP,EP,D
10:25:37,PTBA,RG,2720,30,D,YP,CC,D
10:25:33,PTBA,RG,2720,2,D,PD,XL,D
10:25:16,PTBA,RG,2720,25,D,PD,KK,D
10:24:56,PTBA,RG,2720,5,D,PD,TP,D
10:24:46,PTBA,RG,2720,41,D,PD,BK,F
10:24:46,PTBA,RG,2720,1,D,PD,XC,D
10:24:44,PTBA,RG,2730,5,D,NI,PD,D
10:24:40,PTBA,RG,2730,5,D,YP,PD,D
10:24:27,PTBA,RG,2720,1,D,PD,XC,D
10:24:11,PTBA,RG,2720,10,D,PD,CC,D
10:24:07,PTBA,RG,2720,15,D,PD,OD,D
10:24:07,PTBA,RG,2720,15,D,YP,OD,D
10:24:05,PTBA,RG,2720,10,D,YP,CC,D
10:23:53,PTBA,RG,2720,10,D,YP,XC,D
10:23:45,PTBA,RG,2720,12,D,YP,PD,D
10:23:44,PTBA,RG,2730,10,D,EP,PD,D
10:23:42,PTBA,RG,2720,5,D,YP,NI,D
10:23:06,PTBA,RG,2720,2,D,YP,XC,D
10:22:47,PTBA,RG,2720,5,D,YP,NI,D
10:22:32,PTBA,RG,2720,25,D,YP,BK,F
10:22:31,PTBA,RG,2720,3,D,YP,PD,D
10:22:30,PTBA,RG,2720,1,D,YP,AK,F
10:22:27,PTBA,RG,2730,10,D,EP,PD,D
10:22:13,PTBA,RG,2730,1,D,YP,PD,D
10:22:11,PTBA,RG,2720,1,D,YP,NI,D
10:22:09,PTBA,RG,2720,1,D,YP,PD,D
10:22:04,PTBA,RG,2720,2,D,YP,AZ,D
10:22:03,PTBA,RG,2720,2,D,YP,LS,D
10:21:46,PTBA,RG,2720,13,D,YP,YP,D
10:21:44,PTBA,RG,2720,74,D,YP,YP,D
10:21:28,PTBA,RG,2720,27,D,YP,BK,F
10:21:27,PTBA,RG,2720,20,D,YP,DH,D
10:21:10,PTBA,RG,2720,5,D,YP,YB,D
10:20:44,PTBA,RG,2720,8,D,YP,PC,D
10:20:38,PTBA,RG,2720,75,D,YP,YP,D
10:20:10,PTBA,RG,2720,1,D,YP,CC,D
10:20:08,PTBA,RG,2730,5,D,IF,PD,D
10:20:06,PTBA,RG,2730,1,D,XC,PD,D
10:19:58,PTBA,RG,2730,2,D,KK,PD,D
10:19:50,PTBA,RG,2720,26,D,YP,BK,F
10:19:48,PTBA,RG,2730,5,D,PD,PD,D
10:19:35,PTBA,RG,2730,1,D,XC,PD,D
10:19:34,PTBA,RG,2730,1,D,PD,PD,D
10:19:25,PTBA,RG,2730,1,D,NI,PD,D
10:19:12,PTBA,RG,2720,1,D,YP,PD,D
10:19:11,PTBA,RG,2730,1,D,PD,PD,D
10:18:40,PTBA,RG,2720,27,D,YP,BK,F
10:18:40,PTBA,RG,2730,100,D,EP,PD,D
10:18:39,PTBA,RG,2720,24,D,YP,CC,D
10:18:35,PTBA,RG,2720,29,D,YP,BK,F
10:18:32,PTBA,RG,2720,103,D,YP,BK,F
10:18:31,PTBA,RG,2720,50,D,YP,KI,D
10:18:27,PTBA,RG,2720,500,D,YP,KI,D
10:18:21,PTBA,RG,2730,1,D,XC,PD,D
10:18:20,PTBA,RG,2720,150,D,YP,MG,D
10:18:14,PTBA,RG,2730,18,D,XL,PD,D
10:18:10,PTBA,RG,2720,44,D,YP,BK,F
