Time,Stock,Brd,Price,Qty,BT,BC,SC,ST
15:14:46,PTBA,RG,2130,50,D,YP,YP,D
15:14:40,PTBA,RG,2130,100,D,YP,YP,D
15:14:30,PTBA,RG,2130,200,D,YP,YP,D
15:14:21,PTBA,RG,2130,1500,D,YP,YP,D
15:13:09,PTBA,RG,2130,500,D,YP,YP,D
15:13:01,PTBA,RG,2130,275,D,YP,DR,D
15:12:43,PTBA,RG,2130,246,D,YP,YP,D
15:12:32,PTBA,RG,2130,1,D,YP,XC,D
15:12:13,PTBA,RG,2130,2650,D,YP,YP,D
15:12:13,PTBA,RG,2130,2,D,XC,YP,D
15:12:13,PTBA,RG,2130,3,D,PD,YP,D
15:12:13,PTBA,RG,2130,3,D,PD,YP,D
15:12:13,PTBA,RG,2130,811,D,PD,YP,D
15:12:13,PTBA,RG,2130,2,D,KK,YP,D
15:12:13,PTBA,RG,2130,5,D,YP,YP,D
15:12:13,PTBA,RG,2130,3,D,CC,YP,D
15:12:13,PTBA,RG,2130,2,D,CC,YP,D
15:12:13,PTBA,RG,2130,5,D,OD,YP,D
15:12:13,PTBA,RG,2130,100,D,YP,YP,D
15:12:13,PTBA,RG,2130,1,D,GR,YP,D
15:12:13,PTBA,RG,2130,1413,F,NI,YP,D
15:11:33,PTBA,RG,2130,100,F,NI,LG,D
15:11:22,PTBA,RG,2130,10,F,NI,DR,D
15:11:18,PTBA,RG,2130,300,F,NI,SQ,D
15:10:58,PTBA,RG,2130,1,F,NI,PD,D
15:10:41,PTBA,RG,2130,50,F,NI,DH,D
15:10:26,PTBA,RG,2130,2,F,NI,PD,D
15:10:06,PTBA,RG,2130,10,F,NI,YP,D
15:09:52,PTBA,RG,2130,22,F,NI,YP,D
15:09:52,PTBA,RG,2130,1,D,KK,YP,D
15:09:52,PTBA,RG,2130,1,D,PD,YP,D
15:09:52,PTBA,RG,2130,10,D,SQ,YP,D
15:09:52,PTBA,RG,2130,10,D,NI,YP,D
15:09:52,PTBA,RG,2130,10,D,PD,YP,D
15:09:52,PTBA,RG,2130,2,D,XC,YP,D
15:09:52,PTBA,RG,2130,100,D,YP,YP,D
15:09:52,PTBA,RG,2130,1,D,XC,YP,D
15:09:52,PTBA,RG,2130,5,D,DH,YP,D
15:09:52,PTBA,RG,2130,10,D,PD,YP,D
15:09:52,PTBA,RG,2130,9,D,YP,YP,D
15:09:52,PTBA,RG,2130,2,D,PD,YP,D
15:09:52,PTBA,RG,2130,1,D,XC,YP,D
15:09:52,PTBA,RG,2130,1,D,XC,YP,D
15:09:52,PTBA,RG,2130,2,D,NI,YP,D
15:09:52,PTBA,RG,2130,33,D,EP,YP,D
15:08:44,PTBA,RG,2130,17,D,EP,YJ,D
15:08:44,PTBA,RG,2130,10,D,OD,YJ,D
15:08:44,PTBA,RG,2130,5,D,PD,YJ,D
15:08:44,PTBA,RG,2130,50,D,YP,YJ,D
15:08:44,PTBA,RG,2130,1,D,YP,YJ,D
15:08:44,PTBA,RG,2130,3,D,BQ,YJ,D
15:08:44,PTBA,RG,2130,2,D,PD,YJ,D
15:08:44,PTBA,RG,2130,12,D,YP,YJ,D
15:08:34,PTBA,RG,2130,3,D,YP,PD,D
15:08:28,PTBA,RG,2130,5,D,YP,XC,D
15:08:28,PTBA,RG,2130,2,D,PD,XC,D
15:08:20,PTBA,RG,2130,2,D,CC,PD,D
15:08:16,PTBA,RG,2130,3,D,CC,PD,D
15:08:16,PTBA,RG,2130,3,D,HD,PD,D
15:07:09,PTBA,RG,2130,3,D,HD,PD,D
15:06:51,PTBA,RG,2130,25,D,HD,LG,D
15:06:31,PTBA,RG,2130,25,D,HD,LG,D
15:06:07,PTBA,RG,2130,10,D,HD,AT,D
15:06:06,PTBA,RG,2130,2,D,HD,CC,D
15:05:43,PTBA,RG,2130,100,D,HD,LG,D
15:05:42,PTBA,RG,2130,115,D,HD,PD,D
15:05:33,PTBA,RG,2130,3,D,HD,YU,D
15:05:26,PTBA,RG,2130,50,D,HD,DR,D
15:05:15,PTBA,RG,2130,5,D,HD,DR,D
15:05:06,PTBA,RG,2130,200,D,HD,LG,D
15:05:04,PTBA,RG,2130,50,D,HD,PD,D
15:05:02,PTBA,RG,2130,5,D,HD,XC,D
15:05:02,PTBA,RG,2130,1,D,HD,RG,D
15:05:02,PTBA,RG,2130,5,D,HD,EP,D
15:05:01,PTBA,RG,2130,10,D,HD,EP,D
15:05:01,PTBA,RG,2130,1176,D,HD,YP,D
15:05:01,PTBA,RG,2130,30,D,HD,YP,D
15:05:01,PTBA,RG,2130,1,D,HD,XC,D
15:05:00,PTBA,RG,2130,5,D,HD,DR,D
15:05:00,PTBA,RG,2130,2,D,HD,PD,D
15:05:00,PTBA,RG,2130,40,D,HD,DR,D
15:05:00,PTBA,RG,2130,6,D,HD,DR,D
15:05:00,PTBA,RG,2130,17,D,HD,DR,D
15:00:00,PTBA,RG,2130,40,D,HD,SQ,D
15:00:00,PTBA,RG,2130,5,D,HD,AI,D
15:00:00,PTBA,RG,2130,9,D,HD,YP,D
15:00:00,PTBA,RG,2130,2,D,HD,YP,D
15:00:00,PTBA,RG,2130,1,D,HD,PD,D
15:00:00,PTBA,RG,2130,4,D,HD,DR,D
15:00:00,PTBA,RG,2130,24,D,HD,YP,D
15:00:00,PTBA,RG,2130,6,D,HD,YP,D
15:00:00,PTBA,RG,2130,1,D,HD,PD,D
15:00:00,PTBA,RG,2130,100,D,HD,KI,D
15:00:00,PTBA,RG,2130,20,D,HD,OD,D
15:00:00,PTBA,RG,2130,2,D,HD,PD,D
15:00:00,PTBA,RG,2130,3,D,HD,PD,D
15:00:00,PTBA,RG,2130,20,D,HD,GR,D
15:00:00,PTBA,RG,2130,6,D,HD,KK,D
15:00:00,PTBA,RG,2130,10,D,HD,YP,D
15:00:00,PTBA,RG,2130,150,D,HD,SH,D
15:00:00,PTBA,RG,2130,5,D,HD,TP,D
15:00:00,PTBA,RG,2130,5,D,HD,KK,D
15:00:00,PTBA,RG,2130,1,D,HD,YP,D
15:00:00,PTBA,RG,2130,25,D,HD,YU,D
15:00:00,PTBA,RG,2130,380,D,HD,CP,D
15:00:00,PTBA,RG,2130,43,D,CC,CP,D
15:00:00,PTBA,RG,2130,20,D,KK,CP,D
15:00:00,PTBA,RG,2130,1,D,CC,CP,D
15:00:00,PTBA,RG,2130,2,D,XC,CP,D
15:00:00,PTBA,RG,2130,54,D,YP,CP,D
15:00:00,PTBA,RG,2130,5,D,YP,CC,D
15:00:00,PTBA,RG,2130,8,D,YP,YP,D
15:00:00,PTBA,RG,2130,33,D,YP,CC,D
15:00:00,PTBA,RG,2130,2,D,KK,CC,D
15:00:00,PTBA,RG,2130,100,D,YP,CC,D
15:00:00,PTBA,RG,2130,10,D,CC,CC,D
15:00:00,PTBA,RG,2130,20,D,NI,CC,D
15:00:00,PTBA,RG,2130,3,D,YP,CC,D
15:00:00,PTBA,RG,2130,10,D,GR,CC,D
15:00:00,PTBA,RG,2130,42,D,OD,CC,D
15:00:00,PTBA,RG,2130,428,D,OD,ZP,F
15:00:00,PTBA,RG,2130,1,D,NI,ZP,F
15:00:00,PTBA,RG,2130,5,D,CC,ZP,F
15:00:00,PTBA,RG,2130,1,D,DH,ZP,F
15:00:00,PTBA,RG,2130,1,D,PD,ZP,F
15:00:00,PTBA,RG,2130,5,D,OD,ZP,F
15:00:00,PTBA,RG,2130,1,D,PD,ZP,F
15:00:00,PTBA,RG,2130,1,D,PD,ZP,F
15:00:00,PTBA,RG,2130,1,D,GR,ZP,F
15:00:00,PTBA,RG,2130,9,D,NI,ZP,F
15:00:00,PTBA,RG,2130,1,D,PD,ZP,F
15:00:00,PTBA,RG,2130,3,D,NI,ZP,F
15:00:00,PTBA,RG,2130,1,D,DH,ZP,F
15:00:00,PTBA,RG,2130,10,D,NI,ZP,F
15:00:00,PTBA,RG,2130,1,D,CC,ZP,F
15:00:00,PTBA,RG,2130,2,D,YP,ZP,F
15:00:00,PTBA,RG,2130,1,D,BQ,ZP,F
15:00:00,PTBA,RG,2130,450,D,OD,ZP,F
15:00:00,PTBA,RG,2130,1,D,OD,ZP,F
15:00:00,PTBA,RG,2130,5,D,YP,ZP,F
15:00:00,PTBA,RG,2130,10,D,DR,ZP,F
15:00:00,PTBA,RG,2130,15,D,EP,ZP,F
15:00:00,PTBA,RG,2130,25,D,OD,ZP,F
15:00:00,PTBA,RG,2130,5,D,NI,ZP,F
15:00:00,PTBA,RG,2130,3,D,NI,ZP,F
15:00:00,PTBA,RG,2130,5,D,KK,ZP,F
15:00:00,PTBA,RG,2130,4,D,YP,ZP,F
15:00:00,PTBA,RG,2130,15,D,YP,ZP,F
15:00:00,PTBA,RG,2130,1,D,YP,ZP,F
15:00:00,PTBA,RG,2130,50,D,SQ,ZP,F
15:00:00,PTBA,RG,2130,45,D,PD,ZP,F
15:00:00,PTBA,RG,2130,15,D,GR,ZP,F
15:00:00,PTBA,RG,2130,90,D,PD,ZP,F
15:00:00,PTBA,RG,2130,768,F,ZP,ZP,F
15:00:00,PTBA,RG,2130,36,F,ZP,KZ,D
15:00:00,PTBA,RG,2130,63,D,FS,KZ,D
15:00:00,PTBA,RG,2130,8,D,FS,PD,D
14:49:57,PTBA,RG,2140,2,D,NI,YU,D
14:49:51,PTBA,RG,2130,1,D,HD,ZP,F
14:49:48,PTBA,RG,2130,5,D,HD,EP,D
14:49:44,PTBA,RG,2130,5,D,HD,SQ,D
14:49:34,PTBA,RG,2130,10,D,HD,ZP,F
14:49:30,PTBA,RG,2140,100,D,AZ,YU,D
14:49:30,PTBA,RG,2130,183,D,HD,ZP,F
14:49:23,PTBA,RG,2140,10,D,NI,YU,D
14:49:23,PTBA,RG,2140,130,D,CS,YU,D
14:49:23,PTBA,RG,2140,95,D,CS,CC,D
14:49:22,PTBA,RG,2140,10,D,CS,YP,D
14:49:21,PTBA,RG,2140,50,D,CS,CC,D
14:49:19,PTBA,RG,2140,1,D,CS,PD,D
14:49:13,PTBA,RG,2140,10,D,CS,XC,D
14:49:11,PTBA,RG,2140,500,D,CS,PD,D
14:49:10,PTBA,RG,2140,5,D,CS,YP,D
14:49:10,PTBA,RG,2140,3,D,CS,XC,D
14:49:08,PTBA,RG,2140,1,D,CS,PD,D
14:49:01,PTBA,RG,2140,52,D,CS,ZP,F
14:49:01,PTBA,RG,2140,165,D,CS,ZP,F
14:49:01,PTBA,RG,2140,191,D,CS,RX,D
14:49:00,PTBA,RG,2140,10,D,CS,ZP,F
14:49:00,PTBA,RG,2140,106,D,CS,ZP,F
14:49:00,PTBA,RG,2140,4,D,CS,PD,D
14:49:00,PTBA,RG,2140,20,D,CS,CC,D
14:49:00,PTBA,RG,2140,485,D,CS,AI,D
14:49:00,PTBA,RG,2140,15,D,CS,PD,D
14:49:00,PTBA,RG,2140,251,D,CS,YP,D
14:49:00,PTBA,RG,2140,100,D,CS,ZP,F
14:49:00,PTBA,RG,2140,2,D,CS,YP,D
14:49:00,PTBA,RG,2140,10,D,CS,YP,F
14:49:00,PTBA,RG,2140,100,D,CS,YP,D
14:49:00,PTBA,RG,2140,1,D,CS,NI,D
14:49:00,PTBA,RG,2140,10,D,CS,NI,D
14:49:00,PTBA,RG,2140,50,D,CS,SQ,D
14:49:00,PTBA,RG,2140,10,D,CS,YP,D
14:49:00,PTBA,RG,2140,25,D,CS,SQ,D
14:49:00,PTBA,RG,2140,352,D,CS,YP,D
14:49:00,PTBA,RG,2140,14,D,CS,RX,D
14:49:00,PTBA,RG,2140,222,D,CS,CS,F
14:49:00,PTBA,RG,2130,6,D,HD,AK,D
14:49:00,PTBA,RG,2130,177,D,HD,AK,D
14:49:00,PTBA,RG,2130,1,D,HD,AK,D
14:49:00,PTBA,RG,2130,10,D,HD,AK,D
14:49:00,PTBA,RG,2130,1,D,HD,AK,D
14:48:59,PTBA,RG,2130,57,D,HD,ZP,F
14:48:59,PTBA,RG,2130,39,D,HD,RX,D
14:48:50,PTBA,RG,2130,2,D,HD,AK,D
14:48:50,PTBA,RG,2130,1,D,HD,AK,D
14:48:50,PTBA,RG,2130,31,D,HD,RX,D
14:48:46,PTBA,RG,2140,50,F,YP,CS,F
14:48:45,PTBA,RG,2130,67,D,HD,AK,D
14:48:44,PTBA,RG,2130,9,D,HD,AK,D
14:48:44,PTBA,RG,2140,2,D,XC,CS,F
14:48:41,PTBA,RG,2130,59,D,HD,RX,D
14:48:38,PTBA,RG,2140,50,D,EP,CS,F
14:48:35,PTBA,RG,2130,1,D,HD,AK,D
14:48:35,PTBA,RG,2130,41,D,HD,AK,D
14:48:35,PTBA,RG,2130,33,D,HD,AK,D
14:48:35,PTBA,RG,2130,16,D,HD,AK,D
14:48:30,PTBA,RG,2140,25,D,YP,CS,F
14:48:30,PTBA,RG,2140,1,D,YP,XC,D
14:48:30,PTBA,RG,2140,40,D,YP,YP,D
14:48:30,PTBA,RG,2140,9,D,YP,ZP,F
14:48:30,PTBA,RG,2140,25,D,YP,YU,D
14:48:23,PTBA,RG,2130,50,D,HD,RX,D
14:48:22,PTBA,RG,2140,60,D,XA,YU,D
14:48:20,PTBA,RG,2130,1,D,HD,AK,D
14:48:09,PTBA,RG,2140,1,D,PD,YU,D
14:48:08,PTBA,RG,2130,29,D,HD,RX,D
14:48:07,PTBA,RG,2140,1,D,EP,YU,D
14:48:01,PTBA,RG,2140,5,D,PD,YU,D
14:47:58,PTBA,RG,2130,38,D,HD,RX,D
14:47:54,PTBA,RG,2130,130,D,HD,ZP,F
14:47:54,PTBA,RG,2140,1,D,DR,YU,D
14:47:48,PTBA,RG,2140,5,D,YP,YU,D
14:47:48,PTBA,RG,2140,1,D,DH,YU,D
14:47:48,PTBA,RG,2140,111,D,EP,YU,D
14:47:48,PTBA,RG,2140,1777,D,CS,YU,D
14:47:48,PTBA,RG,2140,3,D,DH,YU,D
14:47:48,PTBA,RG,2140,300,D,YP,YU,D
14:47:48,PTBA,RG,2140,1,D,YP,YU,D
14:47:48,PTBA,RG,2140,10,D,GR,YU,D
14:47:48,PTBA,RG,2140,1,D,DH,YU,D
14:47:48,PTBA,RG,2140,14,D,NI,YU,D
14:47:48,PTBA,RG,2140,100,D,GR,YU,D
14:47:48,PTBA,RG,2140,100,D,XA,YU,D
14:47:48,PTBA,RG,2140,484,D,CS,YU,D
14:47:47,PTBA,RG,2140,23,D,CS,RX,D
14:47:44,PTBA,RG,2140,2,D,CS,YP,D
14:47:41,PTBA,RG,2140,2,D,CS,GR,D
14:47:39,PTBA,RG,2140,8,D,CS,YP,F
14:47:31,PTBA,RG,2140,5,D,CS,YP,D
14:47:28,PTBA,RG,2140,500,D,CS,YP,D
14:47:20,PTBA,RG,2140,5,D,CS,CP,D
14:47:20,PTBA,RG,2140,5,D,CS,YP,D
14:47:16,PTBA,RG,2140,200,D,CS,DR,D
14:47:08,PTBA,RG,2140,2,D,CS,YP,D
14:47:00,PTBA,RG,2140,100,D,CS,OD,D
14:47:00,PTBA,RG,2140,10,D,CS,NI,D
14:47:00,PTBA,RG,2140,25,D,CS,DR,D
14:47:00,PTBA,RG,2140,25,D,CS,SQ,D
14:47:00,PTBA,RG,2140,100,D,CS,SQ,D
14:47:00,PTBA,RG,2140,6,D,CS,CC,D
14:47:00,PTBA,RG,2140,126,D,CS,ZP,F
14:47:00,PTBA,RG,2140,200,D,CS,DH,D
14:47:00,PTBA,RG,2140,374,D,CS,CS,F
14:47:00,PTBA,RG,2140,178,D,CS,RX,D
14:47:00,PTBA,RG,2140,1,D,CS,AK,D
14:47:00,PTBA,RG,2140,1,D,CS,AK,D
14:47:00,PTBA,RG,2140,41,D,CS,AK,D
14:47:00,PTBA,RG,2140,112,D,CS,AK,D
14:47:00,PTBA,RG,2140,4,D,CS,PD,D
14:47:00,PTBA,RG,2140,172,D,CS,YP,D
14:47:00,PTBA,RG,2140,5,D,CS,CC,D
14:47:00,PTBA,RG,2140,50,D,CS,OD,D
14:47:00,PTBA,RG,2140,2,D,CS,NI,D
14:47:00,PTBA,RG,2140,1,D,CS,AK,D
14:47:00,PTBA,RG,2140,41,D,CS,AK,D
14:47:00,PTBA,RG,2140,82,D,CS,YP,D
14:46:52,PTBA,RG,2130,95,D,HD,RX,D
14:46:45,PTBA,RG,2140,10,D,GR,YP,D
14:46:24,PTBA,RG,2130,26,D,HD,RX,D
14:46:21,PTBA,RG,2140,7,D,NI,YP,D
14:46:14,PTBA,RG,2130,1,D,HD,CC,D
14:46:10,PTBA,RG,2140,1,D,NI,YP,D
14:46:03,PTBA,RG,2140,900,D,CS,YP,D
14:46:03,PTBA,RG,2140,5,D,CS,PD,D
14:46:03,PTBA,RG,2140,318,D,CS,ZP,F
14:45:52,PTBA,RG,2130,43,D,HD,ZP,F
14:45:49,PTBA,RG,2140,14,D,XA,ZP,F
14:45:49,PTBA,RG,2140,23,D,XA,YP,D
14:45:49,PTBA,RG,2140,84,D,XA,RX,D
14:45:49,PTBA,RG,2140,23,D,XA,NI,D
14:45:49,PTBA,RG,2140,15,D,XA,CC,D
14:45:49,PTBA,RG,2140,50,D,XA,YP,D
14:45:49,PTBA,RG,2140,5,D,XA,GR,D
14:45:49,PTBA,RG,2140,119,D,XA,SQ,D
14:45:49,PTBA,RG,2140,45,D,XA,CC,D
14:45:41,PTBA,RG,2140,55,D,CS,CC,D
14:45:41,PTBA,RG,2140,100,D,CS,YP,D
14:45:41,PTBA,RG,2140,200,D,CS,GR,D
14:45:41,PTBA,RG,2140,10,D,CS,DH,D
14:45:41,PTBA,RG,2140,3,D,CS,LG,D
14:45:41,PTBA,RG,2140,10,D,CS,XC,D
14:45:41,PTBA,RG,2140,300,D,CS,SQ,D
14:45:41,PTBA,RG,2140,10,D,CS,PD,D
14:45:41,PTBA,RG,2140,15,D,CS,YP,D
14:45:41,PTBA,RG,2140,5,D,CS,KK,D
14:45:41,PTBA,RG,2140,50,D,CS,CC,D
14:45:41,PTBA,RG,2140,56,D,CS,PD,D
14:45:41,PTBA,RG,2140,12,D,CS,SQ,D
14:45:41,PTBA,RG,2140,10,D,CS,SQ,D
14:45:41,PTBA,RG,2140,1,D,CS,PD,D
14:45:41,PTBA,RG,2140,1000,D,CS,KK,D
14:45:41,PTBA,RG,2140,153,D,CS,RX,D
14:45:41,PTBA,RG,2140,50,D,CS,CC,D
14:45:41,PTBA,RG,2140,2,D,CS,XC,D
14:45:41,PTBA,RG,2140,93,D,CS,YP,D
14:45:41,PTBA,RG,2140,200,D,CS,YP,D
14:45:41,PTBA,RG,2140,40,D,CS,GR,D
14:45:41,PTBA,RG,2140,362,D,CS,CS,F
14:45:41,PTBA,RG,2140,23,D,CS,DX,D
14:45:41,PTBA,RG,2140,2,D,CS,AK,D
14:45:41,PTBA,RG,2140,1,D,CS,AK,D
14:45:41,PTBA,RG,2140,146,D,CS,AK,D
14:45:41,PTBA,RG,2140,81,D,CS,AK,D
14:45:41,PTBA,RG,2140,10,D,CS,EP,D
14:45:40,PTBA,RG,2130,1,D,HD,PD,D
14:45:35,PTBA,RG,2130,1,D,HD,AK,D
14:45:05,PTBA,RG,2130,32,D,HD,RX,D
14:44:59,PTBA,RG,2130,130,D,HD,ZP,F
14:44:55,PTBA,RG,2130,1500,D,HD,ZP,F
14:44:55,PTBA,RG,2130,8,D,HD,ZP,F
14:44:52,PTBA,RG,2130,67,D,HD,NI,D
14:44:50,PTBA,RG,2130,1,D,HD,AK,D
14:44:50,PTBA,RG,2130,99,D,HD,AK,D
14:44:45,PTBA,RG,2130,28,D,HD,RX,D
14:44:44,PTBA,RG,2140,10,D,KK,EP,D
14:44:39,PTBA,RG,2130,6,D,HD,PD,D
14:44:36,PTBA,RG,2140,2,D,PD,BS,D
14:44:36,PTBA,RG,2140,1,D,PD,XA,D
14:44:34,PTBA,RG,2130,22,D,HD,RX,D
14:44:16,PTBA,RG,2140,1,D,NI,XA,D
14:44:12,PTBA,RG,2140,3,D,EP,XA,D
14:43:54,PTBA,RG,2140,5,D,EP,ZP,F
14:43:52,PTBA,RG,2140,15,D,NI,ZP,F
14:43:51,PTBA,RG,2130,18,D,HD,RX,D
14:43:46,PTBA,RG,2130,8,D,HD,PD,D
14:43:41,PTBA,RG,2140,10,D,PD,ZP,F
14:43:32,PTBA,RG,2130,21,D,HD,RX,D
14:43:21,PTBA,RG,2130,182,D,HD,ZP,F
14:43:21,PTBA,RG,2130,1,D,PD,ZP,F
14:43:21,PTBA,RG,2130,104,D,CS,ZP,F
14:43:18,PTBA,RG,2130,1896,D,CS,ZP,F
14:43:18,PTBA,RG,2130,1104,D,CS,ZP,F
14:43:18,PTBA,RG,2130,34,D,CS,ZP,F
14:43:10,PTBA,RG,2130,46,D,CS,RX,D
14:43:06,PTBA,RG,2130,1,D,CS,PD,D
14:43:00,PTBA,RG,2130,388,D,CS,ZP,F
14:42:59,PTBA,RG,2130,300,D,CS,ZP,F
14:42:58,PTBA,RG,2130,5,D,CS,PD,D
14:42:57,PTBA,RG,2140,5,D,EP,ZP,F
14:42:54,PTBA,RG,2140,156,D,GR,ZP,F
14:42:54,PTBA,RG,2140,144,D,GR,BQ,D
14:42:52,PTBA,RG,2140,1222,D,CS,BQ,D
14:42:52,PTBA,RG,2140,1778,D,CS,BQ,D
14:42:49,PTBA,RG,2130,402,D,CS,ZP,F
14:42:48,PTBA,RG,2140,1,D,PD,BQ,D
14:42:44,PTBA,RG,2140,1222,D,CS,BQ,D
14:42:44,PTBA,RG,2140,1229,D,CS,BQ,D
14:42:40,PTBA,RG,2140,152,D,CS,BK,F
14:42:40,PTBA,RG,2140,214,D,CS,CC,F
14:42:40,PTBA,RG,2140,178,D,CS,XA,D
14:42:40,PTBA,RG,2140,5,D,CS,DR,D
14:42:36,PTBA,RG,2140,341,D,CS,BK,F
14:42:36,PTBA,RG,2140,420,D,CS,ZP,F
14:42:34,PTBA,RG,2140,461,D,CS,BK,F
14:42:34,PTBA,RG,2140,539,D,CS,BK,F
14:42:34,PTBA,RG,2140,1000,D,CS,BK,F
14:42:33,PTBA,RG,2140,239,D,CS,BK,F
14:42:33,PTBA,RG,2140,761,D,YP,BK,F
14:42:33,PTBA,RG,2140,5,D,YP,CP,D
14:42:31,PTBA,RG,2140,14,D,YP,ZP,F
14:42:30,PTBA,RG,2140,420,D,YP,BQ,D
14:42:30,PTBA,RG,2140,1,D,PD,BQ,D
14:42:30,PTBA,RG,2140,5,D,OD,BQ,D
14:42:30,PTBA,RG,2140,2,D,PD,BQ,D
14:42:30,PTBA,RG,2140,2,D,BQ,BQ,D
14:42:30,PTBA,RG,2140,1296,D,CS,BQ,D
14:42:30,PTBA,RG,2140,838,D,CS,BQ,D
14:42:25,PTBA,RG,2140,120,D,CS,OD,D
14:42:25,PTBA,RG,2140,10,D,CS,YP,D
14:42:21,PTBA,RG,2140,2,D,CS,ZP,F
14:42:15,PTBA,RG,2140,4,D,CS,ZP,F
14:42:08,PTBA,RG,2140,5,D,CS,ZP,F
14:42:07,PTBA,RG,2140,11,D,CS,DR,D
14:42:01,PTBA,RG,2140,30,D,CS,KK,D
14:42:01,PTBA,RG,2140,2,D,CS,XC,D
14:42:00,PTBA,RG,2140,10,D,CS,ZP,F
14:41:59,PTBA,RG,2140,2,D,CS,YB,D
14:41:55,PTBA,RG,2140,5,D,CS,PD,D
14:41:54,PTBA,RG,2140,50,D,CS,YP,D
14:41:51,PTBA,RG,2140,5,D,CS,YP,D
14:41:50,PTBA,RG,2140,12,D,CS,ZP,F
14:41:39,PTBA,RG,2140,100,D,CS,GR,D
14:41:38,PTBA,RG,2140,48,D,CS,ZP,F
14:41:34,PTBA,RG,2140,1,D,CS,YU,D
14:41:31,PTBA,RG,2140,500,D,CS,CP,D
14:41:31,PTBA,RG,2140,1,D,CS,YU,D
14:41:30,PTBA,RG,2140,420,D,CS,ZP,F
14:41:19,PTBA,RG,2140,1,D,CS,DR,D
14:41:19,PTBA,RG,2140,470,D,CS,YP,D
14:41:18,PTBA,RG,2140,1,D,CS,YP,D
14:41:15,PTBA,RG,2140,11,D,CS,ZP,F
14:41:14,PTBA,RG,2140,2,D,CS,PD,D
14:41:07,PTBA,RG,2140,28,D,CS,ZP,F
14:41:07,PTBA,RG,2140,19,D,CS,KK,D
14:41:02,PTBA,RG,2140,200,D,CS,YP,D
14:40:56,PTBA,RG,2140,101,D,CS,ZP,F
14:40:52,PTBA,RG,2140,62,D,CS,ZP,F
14:40:52,PTBA,RG,2140,633,D,CS,GR,D
14:40:51,PTBA,RG,2140,367,D,YP,GR,D
14:40:47,PTBA,RG,2140,1,D,YP,NI,D
14:40:46,PTBA,RG,2140,11,D,YP,ZP,F
14:40:46,PTBA,RG,2140,1,D,YP,XC,D
14:40:46,PTBA,RG,2140,120,D,YP,OD,D
14:40:45,PTBA,RG,2140,3,D,PD,OD,D
14:40:45,PTBA,RG,2140,98,D,XA,OD,D
14:40:45,PTBA,RG,2140,4,D,CS,OD,D
14:40:44,PTBA,RG,2140,1000,D,CS,BK,F
14:40:43,PTBA,RG,2140,255,D,CS,ZP,F
14:40:41,PTBA,RG,2140,25,D,CS,YP,D
14:40:41,PTBA,RG,2140,300,D,CS,PD,D
14:40:40,PTBA,RG,2140,1008,D,CS,AK,F
14:40:40,PTBA,RG,2140,2052,D,CS,AK,F
14:40:39,PTBA,RG,2140,4,D,CS,PD,D
14:40:39,PTBA,RG,2150,1,D,HD,XC,D
14:40:35,PTBA,RG,2140,231,D,CS,ZP,F
14:40:23,PTBA,RG,2140,74,D,CS,AK,D
14:40:23,PTBA,RG,2140,2,D,CS,AK,D
14:40:23,PTBA,RG,2140,10,D,CS,DR,D
14:40:23,PTBA,RG,2140,40,D,CS,KK,D
14:40:23,PTBA,RG,2140,1,D,CS,HP,D
14:40:23,PTBA,RG,2140,30,D,CS,SQ,D
14:40:23,PTBA,RG,2140,2,D,CS,YU,D
14:40:23,PTBA,RG,2140,1,D,CS,YU,D
14:40:23,PTBA,RG,2140,15,D,CS,YP,D
14:40:23,PTBA,RG,2140,6,D,CS,YP,D
14:40:23,PTBA,RG,2140,2,D,CS,KK,D
14:40:23,PTBA,RG,2140,100,D,CS,DH,D
14:40:23,PTBA,RG,2140,60,D,CS,RX,D
14:40:23,PTBA,RG,2140,2,D,CS,PD,D
14:40:23,PTBA,RG,2140,10,D,CS,NI,D
14:40:23,PTBA,RG,2140,5,D,CS,OD,D
14:40:23,PTBA,RG,2140,1,D,CS,PD,D
14:40:23,PTBA,RG,2140,5,D,CS,DR,D
14:40:23,PTBA,RG,2140,1,D,CS,YU,D
14:40:23,PTBA,RG,2140,93,D,CS,RX,D
14:40:23,PTBA,RG,2140,64,D,CS,AK,D
14:40:23,PTBA,RG,2140,127,D,CS,ZP,F
14:40:23,PTBA,RG,2140,73,D,CS,AK,D
14:40:23,PTBA,RG,2140,5,D,CS,PD,D
14:40:23,PTBA,RG,2140,1,D,CS,AK,D
14:40:23,PTBA,RG,2140,87,D,CS,AK,D
14:40:23,PTBA,RG,2140,5,D,CS,XC,D
14:40:23,PTBA,RG,2140,1,D,CS,PD,D
14:40:23,PTBA,RG,2140,381,D,CS,CS,F
14:40:23,PTBA,RG,2140,100,D,CS,YP,D
14:40:23,PTBA,RG,2140,2,D,CS,AK,D
14:40:23,PTBA,RG,2140,5,D,CS,XC,D
14:40:23,PTBA,RG,2140,1,D,CS,YP,D
14:40:23,PTBA,RG,2140,5,D,CS,XC,D
14:40:23,PTBA,RG,2140,10,D,CS,DH,D
14:40:23,PTBA,RG,2140,2,D,CS,CC,D
14:40:23,PTBA,RG,2140,20,D,CS,KK,D
14:40:23,PTBA,RG,2140,1,D,CS,AT,D
14:40:23,PTBA,RG,2140,1,D,CS,PD,D
14:40:23,PTBA,RG,2140,100,D,CS,YP,D
14:40:23,PTBA,RG,2140,54,D,CS,GR,D
14:40:23,PTBA,RG,2140,1,D,CS,YP,D
14:40:23,PTBA,RG,2140,20,D,CS,GR,D
14:40:23,PTBA,RG,2140,748,D,CS,PD,D
14:40:23,PTBA,RG,2140,2,D,CS,AG,F
14:40:23,PTBA,RG,2140,60,D,CS,PD,D
14:40:23,PTBA,RG,2140,300,D,CS,NI,D
14:40:23,PTBA,RG,2140,1,D,CS,PD,D
14:40:23,PTBA,RG,2140,1,D,CS,AK,D
14:40:23,PTBA,RG,2140,4,D,CS,NI,D
14:40:23,PTBA,RG,2140,20,D,CS,CC,D
14:40:23,PTBA,RG,2140,1,D,CS,PD,D
14:40:23,PTBA,RG,2140,20,D,CS,PD,D
14:40:23,PTBA,RG,2140,66,D,CS,AK,D
14:40:23,PTBA,RG,2140,1,D,CS,AK,D
14:40:23,PTBA,RG,2140,30,D,CS,CC,D
14:40:23,PTBA,RG,2140,20,D,CS,YP,D
14:40:23,PTBA,RG,2140,4,D,CS,XC,D
14:40:23,PTBA,RG,2140,5,D,CS,KK,D
14:40:23,PTBA,RG,2140,1,D,CS,YP,D
14:40:23,PTBA,RG,2140,2,D,CS,YP,D
14:40:23,PTBA,RG,2140,5,D,CS,NI,D
14:40:23,PTBA,RG,2140,20,D,CS,GR,D
14:40:23,PTBA,RG,2140,20,D,CS,YP,D
14:40:23,PTBA,RG,2140,100,D,CS,DR,D
14:40:23,PTBA,RG,2140,50,D,CS,BS,D
14:40:23,PTBA,RG,2140,5,D,CS,PD,D
14:40:23,PTBA,RG,2140,1,D,CS,PD,D
14:40:23,PTBA,RG,2140,1,D,CS,YP,D
14:40:23,PTBA,RG,2140,1,D,CS,DH,D
14:40:23,PTBA,RG,2140,1,D,CS,DR,D
14:40:23,PTBA,RG,2140,100,D,CS,LS,D
14:40:23,PTBA,RG,2140,1,D,CS,DR,D
14:40:23,PTBA,RG,2140,7,D,CS,PD,D
14:40:23,PTBA,RG,2140,1,D,CS,NI,D
14:40:23,PTBA,RG,2140,1,D,CS,YP,D
14:40:23,PTBA,RG,2140,5,D,CS,CC,D
14:40:23,PTBA,RG,2140,1,D,CS,PD,D
14:40:23,PTBA,RG,2140,72,D,CS,KK,D
14:40:23,PTBA,RG,2140,1,D,CS,XA,D
14:40:23,PTBA,RG,2140,100,D,CS,KK,D
14:40:23,PTBA,RG,2140,150,D,CS,DR,D
14:40:23,PTBA,RG,2140,1,D,CS,PD,D
14:40:23,PTBA,RG,2140,2,D,CS,YP,D
14:40:23,PTBA,RG,2140,5,D,CS,NI,D
14:40:23,PTBA,RG,2140,1,D,CS,XC,D
14:40:23,PTBA,RG,2140,1657,D,CS,GR,D
14:40:22,PTBA,RG,2130,43,D,CS,ZP,F
14:40:22,PTBA,RG,2130,1,D,CS,DR,D
14:40:20,PTBA,RG,2130,60,D,CS,AK,D
14:40:16,PTBA,RG,2130,17,D,CS,RX,D
14:40:14,PTBA,RG,2140,343,D,CS,GR,D
14:40:14,PTBA,RG,2140,1,D,CS,PD,D
14:40:14,PTBA,RG,2140,6,D,CS,XC,D
14:40:14,PTBA,RG,2140,10,D,CS,EP,D
14:40:14,PTBA,RG,2140,5,D,CS,PD,D
14:40:14,PTBA,RG,2140,1,D,CS,DR,D
14:40:14,PTBA,RG,2140,305,D,CS,DR,D
14:40:13,PTBA,RG,2140,5,D,KK,DR,D
14:40:10,PTBA,RG,2140,10,D,YP,DR,D
14:40:08,PTBA,RG,2140,31,D,CS,DR,D
14:40:06,PTBA,RG,2140,20,D,CC,DR,D
14:40:05,PTBA,RG,2130,1,D,CS,AK,D
14:40:05,PTBA,RG,2130,46,D,CS,AK,D
14:39:58,PTBA,RG,2140,29,D,CS,DR,D
14:39:57,PTBA,RG,2130,1,D,CS,XC,D
14:39:50,PTBA,RG,2130,1,D,CS,AK,D
14:39:48,PTBA,RG,2140,25,D,CS,DR,D
14:39:43,PTBA,RG,2130,23,D,CS,NI,D
14:39:41,PTBA,RG,2130,1,D,CS,NI,D
14:39:40,PTBA,RG,2140,34,D,CS,DR,D
14:39:33,PTBA,RG,2130,1,D,CS,DH,D
14:39:28,PTBA,RG,2140,41,D,CS,DR,D
14:39:28,PTBA,RG,2140,1,D,CS,PD,D
14:39:28,PTBA,RG,2140,10,D,CS,PD,D
14:39:28,PTBA,RG,2140,8,D,CS,DH,D
14:39:20,PTBA,RG,2130,1,D,CS,AK,D
14:39:15,PTBA,RG,2130,20,D,CS,RX,D
14:39:08,PTBA,RG,2140,2,D,CS,DH,D
14:39:08,PTBA,RG,2140,10,D,CS,DH,D
14:39:08,PTBA,RG,2140,5,D,CS,PD,D
14:39:08,PTBA,RG,2140,6,D,CS,XA,D
14:39:08,PTBA,RG,2140,1,D,CS,PD,D
14:39:08,PTBA,RG,2140,1,D,CS,PD,D
14:39:08,PTBA,RG,2140,8,D,CS,NI,D
14:39:08,PTBA,RG,2140,1,D,CS,XC,D
14:39:08,PTBA,RG,2140,15,D,CS,PD,D
14:39:08,PTBA,RG,2140,6,D,CS,KK,D
14:39:08,PTBA,RG,2140,5,D,CS,CC,D
14:39:08,PTBA,RG,2140,3,D,CS,YP,D
14:39:08,PTBA,RG,2140,2,D,CS,CC,D
14:38:54,PTBA,RG,2130,1,D,CS,PD,D
14:38:50,PTBA,RG,2130,1,D,CS,AK,D
14:38:46,PTBA,RG,2130,6,D,CS,CC,D
14:38:45,PTBA,RG,2130,43,D,CS,DH,D
14:38:44,PTBA,RG,2130,5,D,CS,YP,D
14:38:43,PTBA,RG,2130,5,D,CS,CC,D
14:38:29,PTBA,RG,2130,50,D,CS,YP,D
14:38:14,PTBA,RG,2130,2,D,CS,DR,D
14:38:14,PTBA,RG,2130,19,D,CS,ZP,F
14:38:14,PTBA,RG,2130,200,D,CS,YJ,D
14:37:54,PTBA,RG,2130,20,D,PD,AK,F
14:37:54,PTBA,RG,2130,5,D,YP,AK,F
14:37:54,PTBA,RG,2130,58,D,CS,AK,F
14:37:54,PTBA,RG,2130,2,D,CS,AK,F
14:37:54,PTBA,RG,2130,319,D,CS,AK,F
14:37:53,PTBA,RG,2140,1,D,HD,CC,D
14:37:45,PTBA,RG,2130,19,D,CS,ZP,F
14:37:38,PTBA,RG,2130,5,D,CS,XC,D
14:37:38,PTBA,RG,2130,853,D,CS,CC,F
14:37:37,PTBA,RG,2130,30,D,CS,CC,D
14:37:37,PTBA,RG,2130,1,D,CS,EP,D
14:37:37,PTBA,RG,2130,10,D,CS,PD,D
14:37:37,PTBA,RG,2130,183,D,CS,CC,F
14:37:37,PTBA,RG,2130,27,D,CS,ZP,F
14:37:37,PTBA,RG,2130,1,D,CS,YU,D
14:37:37,PTBA,RG,2130,26,D,CS,NI,D
14:37:37,PTBA,RG,2130,25,D,CS,KK,D
14:37:37,PTBA,RG,2130,113,D,CS,RX,D
14:37:37,PTBA,RG,2130,3,D,CS,PD,D
14:37:37,PTBA,RG,2130,23,D,CS,PD,D
14:37:37,PTBA,RG,2130,1,D,CS,PD,D
14:37:37,PTBA,RG,2130,8,D,CS,ZP,F
14:37:36,PTBA,RG,2130,19,D,CS,ZP,F
14:37:36,PTBA,RG,2120,20,D,CS,RX,D
14:37:28,PTBA,RG,2130,5,D,PD,ZP,F
14:37:26,PTBA,RG,2130,17,D,CS,ZP,F
14:37:23,PTBA,RG,2130,20,D,CC,ZP,F
14:37:19,PTBA,RG,2120,10,D,CS,ZP,F
14:37:17,PTBA,RG,2130,19,D,CS,ZP,F
14:37:08,PTBA,RG,2120,33,D,CS,PD,D
14:37:07,PTBA,RG,2130,18,D,CS,ZP,F
14:37:07,PTBA,RG,2130,894,D,CS,ZP,F
14:37:07,PTBA,RG,2130,1,D,CS,YU,D
14:37:07,PTBA,RG,2130,356,D,CS,CS,F
14:37:07,PTBA,RG,2130,3,D,CS,PD,D
14:37:07,PTBA,RG,2130,4,D,CS,DR,D
14:37:07,PTBA,RG,2130,2,D,CS,YU,D
14:37:07,PTBA,RG,2130,2,D,CS,PD,D
14:37:07,PTBA,RG,2130,36,D,CS,ZP,F
14:37:07,PTBA,RG,2130,23,D,CS,DX,D
14:37:07,PTBA,RG,2130,2,D,CS,NI,D
14:37:07,PTBA,RG,2130,1,D,CS,PD,D
14:37:07,PTBA,RG,2130,85,D,CS,AK,D
14:37:07,PTBA,RG,2130,1,D,CS,AK,D
14:37:07,PTBA,RG,2130,30,D,CS,KK,D
14:37:07,PTBA,RG,2130,60,D,CS,ES,D
14:37:01,PTBA,RG,2120,6,D,CS,CC,D
14:36:57,PTBA,RG,2130,18,D,CS,ES,D
14:36:47,PTBA,RG,2130,19,D,CS,ES,D
14:36:41,PTBA,RG,2120,39,D,CS,ZP,F
14:36:41,PTBA,RG,2120,50,D,PD,ZP,F
14:36:41,PTBA,RG,2120,10,D,YP,ZP,F
14:36:41,PTBA,RG,2120,139,D,YP,ZP,F
14:36:39,PTBA,RG,2130,1,D,PD,ES,D
14:36:36,PTBA,RG,2130,19,D,CS,ES,D
14:36:27,PTBA,RG,2130,17,D,CS,ES,D
14:36:20,PTBA,RG,2130,10,D,YP,ES,D
14:36:17,PTBA,RG,2130,21,D,CS,ES,D
14:36:06,PTBA,RG,2130,17,D,CS,ES,D
14:35:56,PTBA,RG,2130,18,D,CS,ES,D
14:35:56,PTBA,RG,2130,1,D,CS,AK,D
14:35:56,PTBA,RG,2130,1,D,CS,AK,D
14:35:45,PTBA,RG,2130,8,D,CS,AK,D
14:35:35,PTBA,RG,2130,7,D,CS,AK,D
14:35:30,PTBA,RG,2130,6,D,CS,AK,D
14:35:29,PTBA,RG,2130,66,D,CS,AK,D
14:35:29,PTBA,RG,2130,2078,D,CS,HD,D
14:35:29,PTBA,RG,2130,1,D,CS,PD,D
14:35:29,PTBA,RG,2130,7,D,CS,ZP,F
14:35:11,PTBA,RG,2130,11,D,XC,ZP,F
14:35:04,PTBA,RG,2130,1,D,YP,ZP,F
14:34:43,PTBA,RG,2130,13,D,CS,ZP,F
14:34:43,PTBA,RG,2130,328,D,CS,ZP,F
14:34:33,PTBA,RG,2120,50,D,YP,CC,D
14:34:27,PTBA,RG,2120,10,D,YP,ZP,F
14:34:25,PTBA,RG,2130,50,D,YP,ZP,F
14:34:25,PTBA,RG,2130,122,D,AR,ZP,F
14:34:25,PTBA,RG,2130,44,D,AR,ZP,F
14:34:24,PTBA,RG,2130,3,D,AR,CC,D
14:34:23,PTBA,RG,2140,1,D,HD,CC,D
14:34:18,PTBA,RG,2130,2,D,AR,YU,D
14:34:18,PTBA,RG,2130,50,D,AR,YP,D
14:34:18,PTBA,RG,2130,2,D,AR,YP,D
14:34:18,PTBA,RG,2130,100,D,AR,XC,D
14:34:18,PTBA,RG,2130,34,D,AR,KK,D
14:34:18,PTBA,RG,2130,9,D,AR,ZP,F
14:34:18,PTBA,RG,2130,2,D,AR,AK,D
14:34:18,PTBA,RG,2130,75,D,AR,AK,D
14:34:18,PTBA,RG,2130,1,D,AR,AK,D
14:34:18,PTBA,RG,2130,56,D,AR,AK,D
14:34:09,PTBA,RG,2130,20,D,NI,AK,D
14:34:08,PTBA,RG,2130,10,D,DH,AK,D
14:34:01,PTBA,RG,2130,3,D,XC,AK,D
14:33:58,PTBA,RG,2130,1,D,PD,AK,D
14:33:46,PTBA,RG,2130,1,D,XA,AK,D
14:33:37,PTBA,RG,2130,1,D,CS,PD,D
14:33:37,PTBA,RG,2130,5,D,CS,XC,D
14:33:37,PTBA,RG,2130,1,D,CS,YU,D
14:33:37,PTBA,RG,2130,1,D,CS,AK,D
14:33:37,PTBA,RG,2130,89,D,CS,AK,D
14:33:37,PTBA,RG,2130,7,D,CS,PD,D
14:33:37,PTBA,RG,2130,10,D,CS,XC,D
14:33:37,PTBA,RG,2130,294,D,CS,ZP,F
14:33:37,PTBA,RG,2130,10,D,CS,YP,D
14:33:37,PTBA,RG,2130,500,D,CS,RX,D
14:33:37,PTBA,RG,2130,13,D,CS,CC,D
14:33:37,PTBA,RG,2130,5,D,CS,XC,D
14:33:37,PTBA,RG,2130,2,D,CS,PD,D
14:33:37,PTBA,RG,2130,2,D,CS,XC,D
14:33:37,PTBA,RG,2130,376,D,CS,CS,F
14:33:37,PTBA,RG,2130,5,D,CS,NI,D
14:33:37,PTBA,RG,2130,2,D,CS,CC,D
14:33:37,PTBA,RG,2130,26,D,CS,YP,D
14:33:37,PTBA,RG,2130,1,D,CS,DH,D
14:33:37,PTBA,RG,2130,250,D,CS,PD,D
14:33:37,PTBA,RG,2130,30,D,CS,CC,D
14:33:37,PTBA,RG,2130,23,D,CS,NI,D
14:33:37,PTBA,RG,2130,200,D,CS,KK,D
14:33:37,PTBA,RG,2130,25,D,CS,NI,D
14:33:37,PTBA,RG,2130,900,D,CS,YP,D
14:33:37,PTBA,RG,2130,100,D,CS,DH,D
14:33:37,PTBA,RG,2130,5,D,CS,LG,D
14:33:37,PTBA,RG,2130,10,D,CS,PD,D
14:33:37,PTBA,RG,2130,20,D,CS,GR,D
14:33:37,PTBA,RG,2130,1,D,CS,CC,D
14:33:37,PTBA,RG,2130,10,D,CS,NI,D
14:33:37,PTBA,RG,2130,75,D,CS,XC,D
14:33:37,PTBA,RG,2130,10,D,CS,DR,D
14:33:37,PTBA,RG,2130,1,D,CS,YU,D
14:33:37,PTBA,RG,2130,6,D,CS,NI,D
14:33:37,PTBA,RG,2130,2,D,CS,YP,D
14:33:37,PTBA,RG,2130,20,D,CS,YP,D
14:33:37,PTBA,RG,2130,1,D,CS,AK,D
14:33:37,PTBA,RG,2130,85,D,CS,AK,D
14:33:37,PTBA,RG,2130,1,D,CS,CC,D
14:33:37,PTBA,RG,2130,1,D,CS,YU,D
14:33:37,PTBA,RG,2130,3,D,CS,PD,D
14:33:37,PTBA,RG,2130,40,D,CS,EP,D
14:33:37,PTBA,RG,2130,1,D,CS,PD,D
14:33:37,PTBA,RG,2130,1,D,CS,YU,D
14:33:37,PTBA,RG,2130,2,D,CS,XC,D
14:33:37,PTBA,RG,2130,1,D,CS,PD,D
14:33:37,PTBA,RG,2130,137,D,CS,GR,D
14:33:37,PTBA,RG,2130,1,D,CS,XC,D
14:33:37,PTBA,RG,2130,1,D,CS,YU,D
14:33:37,PTBA,RG,2130,1,D,CS,OD,D
14:33:37,PTBA,RG,2130,3,D,CS,DH,D
14:33:37,PTBA,RG,2130,15,D,CS,YP,D
14:33:37,PTBA,RG,2130,16,D,CS,PD,D
14:33:20,PTBA,RG,2120,84,D,YP,AK,D
14:33:20,PTBA,RG,2120,2,D,YP,YU,D
14:33:12,PTBA,RG,2120,20,D,YP,PD,D
14:33:05,PTBA,RG,2120,1,D,YP,AK,D
14:32:38,PTBA,RG,2120,3,D,YP,PD,D
14:32:20,PTBA,RG,2120,125,D,YP,AK,D
14:32:20,PTBA,RG,2130,2,D,YP,PD,D
14:32:05,PTBA,RG,2120,2,D,YP,AK,D
14:31:34,PTBA,RG,2120,109,D,YP,KK,D
14:31:25,PTBA,RG,2120,2,D,YP,YU,D
14:31:17,PTBA,RG,2130,2,D,PD,PD,D
14:31:17,PTBA,RG,2130,3,D,PD,CC,D
14:31:11,PTBA,RG,2130,17,D,XA,CC,D
14:31:11,PTBA,RG,2130,1,D,XA,CS,F
14:31:11,PTBA,RG,2130,45,D,PD,CS,F
14:30:53,PTBA,RG,2130,2,D,XC,CS,F
14:30:46,PTBA,RG,2120,3,D,YP,AK,D
14:30:46,PTBA,RG,2120,186,D,YP,AK,D
14:30:44,PTBA,RG,2130,5,D,NI,CS,F
14:30:34,PTBA,RG,2130,30,D,XA,CS,F
14:30:21,PTBA,RG,2130,5,D,NI,CS,F
14:30:12,PTBA,RG,2130,20,D,PD,CS,F
14:30:02,PTBA,RG,2120,9,D,YP,YP,D
14:29:57,PTBA,RG,2120,1,D,YP,YP,D
14:29:57,PTBA,RG,2130,1,D,XC,CS,F
14:29:46,PTBA,RG,2120,1,D,YP,XC,D
14:29:23,PTBA,RG,2120,5,D,YP,KK,D
14:28:50,PTBA,RG,2120,3,D,YP,AK,D
14:28:50,PTBA,RG,2120,180,D,YP,AK,D
14:28:37,PTBA,RG,2120,57,D,YP,YP,D
14:28:34,PTBA,RG,2120,3,D,YP,YU,D
14:28:25,PTBA,RG,2120,28,D,YP,PD,D
14:27:55,PTBA,RG,2120,10,D,YP,GR,D
14:27:47,PTBA,RG,2130,2,D,CC,CS,F
14:27:28,PTBA,RG,2130,1,D,CC,CS,F
14:27:27,PTBA,RG,2130,1,D,XC,CS,F
14:27:26,PTBA,RG,2130,1,D,PD,CS,F
14:27:14,PTBA,RG,2130,15,D,PD,CS,F
14:27:05,PTBA,RG,2130,20,D,DH,CS,F
14:27:03,PTBA,RG,2120,3967,D,YP,ZP,D
14:27:03,PTBA,RG,2120,1,D,PD,ZP,D
14:27:03,PTBA,RG,2120,5,D,PD,ZP,D
14:27:03,PTBA,RG,2120,40,D,SQ,ZP,D
14:27:03,PTBA,RG,2120,10,D,PD,ZP,D
14:27:03,PTBA,RG,2120,13,D,CC,ZP,D
14:27:03,PTBA,RG,2120,65,D,YP,ZP,D
14:27:03,PTBA,RG,2120,5,D,PD,ZP,D
14:27:03,PTBA,RG,2120,3000,D,CS,ZP,D
14:27:03,PTBA,RG,2120,5,D,PD,ZP,D
14:27:03,PTBA,RG,2120,1,D,PD,ZP,D
14:27:03,PTBA,RG,2120,3,D,PD,ZP,D
14:27:03,PTBA,RG,2120,5,D,PD,ZP,D
14:27:03,PTBA,RG,2120,4880,D,PD,ZP,D
14:26:48,PTBA,RG,2130,5,D,DH,CS,F
14:26:41,PTBA,RG,2130,1,D,XC,CS,F
14:26:28,PTBA,RG,2130,2,D,YP,CS,F
14:26:24,PTBA,RG,2130,10,D,NI,CS,F
14:26:24,PTBA,RG,2120,1,D,PD,NI,D
14:26:19,PTBA,RG,2130,1,D,EP,CS,F
14:26:09,PTBA,RG,2120,1,D,PD,PD,D
14:25:46,PTBA,RG,2130,1,D,EP,CS,F
14:25:43,PTBA,RG,2130,1,D,YP,CS,F
14:25:31,PTBA,RG,2130,1,D,EP,CS,F
14:24:54,PTBA,RG,2120,1,D,PD,PD,D
14:24:54,PTBA,RG,2130,10,D,DR,CS,F
14:24:44,PTBA,RG,2130,3,D,XC,CS,F
14:24:40,PTBA,RG,2130,10,D,PD,CS,F
14:24:27,PTBA,RG,2130,5,D,XC,CS,F
14:24:24,PTBA,RG,2130,2,D,KK,CS,F
14:24:12,PTBA,RG,2130,50,D,TP,CS,F
14:23:58,PTBA,RG,2130,107,D,GR,CS,F
14:23:58,PTBA,RG,2130,2,D,GR,YP,D
14:23:58,PTBA,RG,2130,10,D,GR,PD,D
14:23:58,PTBA,RG,2130,31,D,GR,DH,D
14:23:29,PTBA,RG,2130,69,D,SQ,DH,D
14:23:29,PTBA,RG,2130,10,D,SQ,PD,D
14:23:29,PTBA,RG,2130,3,D,SQ,SQ,D
14:23:29,PTBA,RG,2130,1,D,SQ,YU,D
14:23:29,PTBA,RG,2130,2,D,SQ,XC,D
14:23:29,PTBA,RG,2130,15,D,SQ,CC,D
14:23:29,PTBA,RG,2130,5,D,PD,CC,D
14:23:29,PTBA,RG,2130,1,D,PD,YU,D
14:23:26,PTBA,RG,2130,1,D,PD,YP,D
14:23:24,PTBA,RG,2130,5,D,BQ,YP,D
14:23:17,PTBA,RG,2130,5,D,PD,PD,D
14:23:10,PTBA,RG,2120,100,D,PD,OD,D
14:23:02,PTBA,RG,2130,10,D,YP,PD,D
14:23:02,PTBA,RG,2130,50,D,PD,PD,D
14:22:55,PTBA,RG,2130,187,D,YP,PD,D
14:22:55,PTBA,RG,2130,20,D,YP,YP,D
14:22:55,PTBA,RG,2130,357,D,YP,CC,D
14:22:49,PTBA,RG,2130,143,D,PD,CC,D
14:22:49,PTBA,RG,2130,10,D,PD,YP,D
14:22:49,PTBA,RG,2130,7,D,PD,CC,D
14:22:49,PTBA,RG,2130,20,D,PD,GR,D
14:22:49,PTBA,RG,2130,20,D,PD,NI,D
14:22:49,PTBA,RG,2130,2,D,PD,DR,D
14:22:49,PTBA,RG,2130,10,D,PD,CC,D
14:22:49,PTBA,RG,2130,1,D,PD,YP,D
14:22:49,PTBA,RG,2130,2255,D,PD,YJ,D
14:22:49,PTBA,RG,2130,25,D,PD,LG,D
14:22:49,PTBA,RG,2130,1,D,PD,PD,D
14:22:49,PTBA,RG,2130,800,D,PD,PD,D
14:22:49,PTBA,RG,2130,6,D,PD,DR,D
14:22:49,PTBA,RG,2130,50,D,PD,NI,D
14:22:49,PTBA,RG,2130,5,D,PD,PD,D
14:22:49,PTBA,RG,2130,20,D,PD,GR,D
14:22:49,PTBA,RG,2130,5,D,PD,XC,D
14:22:49,PTBA,RG,2130,5,D,PD,PD,D
14:22:49,PTBA,RG,2130,1,D,PD,NI,D
14:22:49,PTBA,RG,2130,1,D,PD,PD,D
14:22:49,PTBA,RG,2130,1,D,PD,YP,D
14:22:49,PTBA,RG,2130,8,D,PD,XC,D
14:22:49,PTBA,RG,2130,24,D,PD,LS,D
14:22:49,PTBA,RG,2130,1,D,PD,PD,D
14:22:49,PTBA,RG,2130,20,D,PD,YP,D
14:22:49,PTBA,RG,2130,1,D,PD,YP,D
14:22:49,PTBA,RG,2130,17,D,PD,SQ,D
14:22:49,PTBA,RG,2130,1000,D,PD,RX,D
14:22:49,PTBA,RG,2130,100,D,PD,PD,D
14:22:49,PTBA,RG,2130,50,D,PD,CC,D
14:22:49,PTBA,RG,2130,17,D,PD,PD,D
14:22:49,PTBA,RG,2130,100,D,PD,YP,D
14:22:49,PTBA,RG,2130,33,D,PD,PD,D
14:22:49,PTBA,RG,2130,1,D,PD,DR,D
14:22:49,PTBA,RG,2130,4,D,PD,DR,D
14:22:49,PTBA,RG,2130,1,D,PD,XC,D
14:22:49,PTBA,RG,2130,20,D,PD,PD,D
14:22:49,PTBA,RG,2130,8,D,PD,EP,D
14:22:49,PTBA,RG,2130,1,D,PD,PD,D
14:22:49,PTBA,RG,2130,5,D,PD,CC,D
14:22:49,PTBA,RG,2130,40,D,PD,YP,D
14:22:49,PTBA,RG,2130,25,D,PD,LG,D
14:22:49,PTBA,RG,2130,2,D,PD,DR,D
14:22:49,PTBA,RG,2130,3,D,PD,SQ,D
14:22:49,PTBA,RG,2130,50,D,PD,NI,D
14:22:49,PTBA,RG,2130,10,D,PD,NI,D
14:22:49,PTBA,RG,2130,9,D,PD,PD,D
14:22:49,PTBA,RG,2130,1,D,PD,NI,D
14:22:49,PTBA,RG,2130,1,D,PD,PD,D
14:22:49,PTBA,RG,2130,3,D,PD,KK,D
14:22:49,PTBA,RG,2130,10,D,PD,DH,D
14:22:49,PTBA,RG,2130,47,D,PD,PD,D
14:22:46,PTBA,RG,2120,8,D,PD,YP,D
14:22:39,PTBA,RG,2130,1,D,HD,PD,D
14:22:23,PTBA,RG,2120,9,D,PD,AK,D
14:22:23,PTBA,RG,2120,37,D,MK,AK,D
14:22:23,PTBA,RG,2120,1,D,MK,AK,D
14:22:23,PTBA,RG,2120,64,D,MK,AK,D
14:22:23,PTBA,RG,2120,58,D,MK,AK,D
14:22:23,PTBA,RG,2120,1,D,MK,AK,D
14:22:23,PTBA,RG,2120,1,D,MK,AK,D
14:22:23,PTBA,RG,2120,1,D,MK,YP,D
14:22:23,PTBA,RG,2120,30,D,MK,CC,D
14:22:23,PTBA,RG,2120,5,D,MK,YP,D
14:22:23,PTBA,RG,2120,20,D,MK,YP,D
14:22:23,PTBA,RG,2120,50,D,MK,YP,D
14:22:23,PTBA,RG,2120,1,D,MK,YU,D
14:22:23,PTBA,RG,2120,140,D,MK,NI,D
14:22:23,PTBA,RG,2120,9,D,MK,KK,D
14:22:23,PTBA,RG,2120,1,D,MK,PD,D
14:22:23,PTBA,RG,2120,1,D,MK,NI,D
14:22:23,PTBA,RG,2120,1,D,MK,DR,D
14:22:23,PTBA,RG,2120,1300,D,MK,YP,D
14:22:23,PTBA,RG,2120,10,D,MK,KK,D
14:22:23,PTBA,RG,2120,10,D,MK,PD,D
14:22:23,PTBA,RG,2120,1000,D,MK,YP,D
14:22:23,PTBA,RG,2120,10,D,MK,CC,D
14:22:23,PTBA,RG,2120,50,D,MK,YB,D
14:22:23,PTBA,RG,2120,2,D,MK,AT,D
14:22:23,PTBA,RG,2120,5,D,MK,PD,D
14:22:23,PTBA,RG,2120,5,D,MK,NI,D
14:22:23,PTBA,RG,2120,393,D,MK,CS,F
14:22:23,PTBA,RG,2120,1,D,MK,DH,D
14:22:23,PTBA,RG,2120,50,D,MK,PD,D
14:22:23,PTBA,RG,2120,5,D,MK,IP,D
14:22:23,PTBA,RG,2120,50,D,MK,YP,D
14:22:23,PTBA,RG,2120,344,D,MK,CS,F
14:22:23,PTBA,RG,2120,1,D,MK,YU,D
14:22:23,PTBA,RG,2120,93,D,MK,AK,D
14:22:23,PTBA,RG,2120,1,D,MK,AK,D
14:22:23,PTBA,RG,2120,1000,D,MK,RX,D
14:22:23,PTBA,RG,2120,75,D,MK,AK,D
14:22:23,PTBA,RG,2120,1,D,MK,YU,D
14:22:23,PTBA,RG,2120,60,D,MK,NI,D
14:22:23,PTBA,RG,2120,5,D,MK,PD,D
14:22:23,PTBA,RG,2120,5,D,MK,DR,D
14:22:23,PTBA,RG,2120,2,D,MK,PD,D
14:22:23,PTBA,RG,2120,1,D,MK,AK,D
14:22:23,PTBA,RG,2120,46,D,MK,AK,D
14:22:23,PTBA,RG,2120,54,D,MK,MG,D
14:22:21,PTBA,RG,2120,2,D,YP,MG,D
14:22:14,PTBA,RG,2120,944,D,CS,MG,D
14:22:14,PTBA,RG,2120,1,D,CS,YU,D
14:22:14,PTBA,RG,2120,49,D,CS,AK,D
14:22:14,PTBA,RG,2120,1,D,CS,AK,D
14:22:14,PTBA,RG,2120,398,D,CS,CS,F
14:22:14,PTBA,RG,2120,42,D,CS,PD,D
14:22:14,PTBA,RG,2120,1,D,CS,AK,D
14:22:14,PTBA,RG,2120,10,D,CS,NI,D
14:22:14,PTBA,RG,2120,1,D,CS,YP,D
14:22:14,PTBA,RG,2120,1,D,CS,YU,D
14:22:14,PTBA,RG,2120,20,D,CS,GR,D
14:22:14,PTBA,RG,2120,3,D,CS,NI,D
14:22:14,PTBA,RG,2120,2,D,CS,PD,D
14:22:14,PTBA,RG,2120,2395,D,CS,YP,D
14:22:13,PTBA,RG,2120,2,D,YP,YP,D
14:21:51,PTBA,RG,2120,1,D,EP,YP,D
14:21:26,PTBA,RG,2110,3,D,KK,YU,D
14:21:05,PTBA,RG,2110,1,D,KK,AK,D
14:21:05,PTBA,RG,2110,52,D,KK,AK,D
14:20:51,PTBA,RG,2120,23,D,YP,YP,D
14:20:30,PTBA,RG,2120,5,D,PD,YP,D
14:20:20,PTBA,RG,2110,1,D,KK,AK,D
14:20:20,PTBA,RG,2110,51,D,KK,AK,D
14:19:47,PTBA,RG,2110,5,D,KK,YP,D
14:19:40,PTBA,RG,2110,10,D,KK,CC,D
14:19:35,PTBA,RG,2110,48,D,PD,AK,D
14:19:20,PTBA,RG,2110,1,D,PD,AK,D
14:19:16,PTBA,RG,2110,2,D,PD,YP,D
14:19:06,PTBA,RG,2110,100,D,PD,OD,D
14:18:50,PTBA,RG,2110,47,D,PD,AK,D
14:18:37,PTBA,RG,2110,7,D,PD,YP,D
14:18:35,PTBA,RG,2110,1,D,PD,AK,D
14:18:29,PTBA,RG,2120,5,D,CC,YP,D
14:18:14,PTBA,RG,2110,50,D,PD,AK,D
14:18:13,PTBA,RG,2110,4,D,PD,CC,D
14:18:08,PTBA,RG,2110,3,D,PD,AT,D
14:18:00,PTBA,RG,2110,2,D,PD,YU,D
14:17:56,PTBA,RG,2120,7,D,YP,YP,D
14:17:50,PTBA,RG,2110,1,D,PD,AK,D
14:17:35,PTBA,RG,2110,51,D,PD,AK,D
14:17:25,PTBA,RG,2110,5,D,PD,YP,D
14:17:16,PTBA,RG,2110,1,D,PD,LG,D
14:17:11,PTBA,RG,2110,300,D,PD,IN,D
14:17:02,PTBA,RG,2120,1,D,EP,YP,D
14:16:53,PTBA,RG,2110,4,D,PD,XC,D
14:16:50,PTBA,RG,2110,1,D,PD,AK,D
14:16:40,PTBA,RG,2110,2,D,PD,YU,D
14:16:40,PTBA,RG,2110,5,D,PD,XC,D
14:16:35,PTBA,RG,2110,61,D,PD,AK,D
14:16:20,PTBA,RG,2110,10,D,PD,XC,D
14:16:14,PTBA,RG,2110,150,D,PD,LG,D
14:16:05,PTBA,RG,2110,1,D,PD,AK,D
14:15:50,PTBA,RG,2110,56,D,PD,AK,D
14:15:38,PTBA,RG,2110,15,D,PD,PD,D
14:15:23,PTBA,RG,2110,5,D,PD,CC,D
14:15:20,PTBA,RG,2110,1,D,PD,AK,D
14:15:20,PTBA,RG,2110,49,D,PD,AK,D
14:15:10,PTBA,RG,2110,1,D,PD,PD,D
14:15:03,PTBA,RG,2120,30,D,GR,YP,D
14:14:35,PTBA,RG,2110,1,D,PD,AK,D
14:14:35,PTBA,RG,2110,55,D,PD,AK,D
14:14:04,PTBA,RG,2120,1,D,YP,YP,D
14:14:00,PTBA,RG,2110,2,D,PD,YU,D
14:13:50,PTBA,RG,2110,1,D,PD,AK,D
14:13:50,PTBA,RG,2110,62,D,PD,AK,D
14:12:50,PTBA,RG,2110,1,D,PD,AK,D
14:12:35,PTBA,RG,2110,66,D,PD,AK,D
14:12:05,PTBA,RG,2110,1,D,PD,AK,D
14:11:50,PTBA,RG,2110,3,D,PD,NI,D
14:11:17,PTBA,RG,2110,2,D,PD,PD,D
14:11:13,PTBA,RG,2110,50,D,PD,YP,D
14:11:13,PTBA,RG,2110,1,D,PD,YU,D
14:11:13,PTBA,RG,2110,1,D,PD,AK,D
14:11:13,PTBA,RG,2110,58,D,PD,AK,D
14:11:13,PTBA,RG,2110,944,D,PD,RX,D
14:11:13,PTBA,RG,2110,40,D,PD,AO,D
14:11:13,PTBA,RG,2110,40,D,PD,AO,D
14:11:13,PTBA,RG,2110,2,D,PD,AN,D
14:11:13,PTBA,RG,2110,60,D,PD,SQ,D
14:11:13,PTBA,RG,2110,50,D,PD,DR,D
14:11:13,PTBA,RG,2110,48,D,PD,CC,F
14:11:13,PTBA,RG,2110,5,D,PD,PD,D
14:11:13,PTBA,RG,2110,1,D,PD,NI,D
14:11:13,PTBA,RG,2110,131,D,PD,ZP,F
14:11:13,PTBA,RG,2110,391,D,PD,PD,D
14:11:06,PTBA,RG,2110,20,D,OD,PD,D
14:11:05,PTBA,RG,2100,19,D,NI,AK,D
14:11:05,PTBA,RG,2100,25,D,CC,AK,D
14:11:05,PTBA,RG,2100,16,D,SQ,AK,D
14:10:49,PTBA,RG,2100,8,D,SQ,NI,D
14:10:49,PTBA,RG,2100,3,D,PD,NI,D
14:10:49,PTBA,RG,2100,2,D,SQ,NI,D
14:10:49,PTBA,RG,2100,2,D,PD,NI,D
14:10:49,PTBA,RG,2100,2,D,PD,NI,D
14:10:49,PTBA,RG,2100,1,D,YP,NI,D
14:10:49,PTBA,RG,2100,5,D,PD,NI,D
14:10:49,PTBA,RG,2100,6,D,CC,NI,D
14:10:49,PTBA,RG,2100,1,D,KK,NI,D
14:10:33,PTBA,RG,2100,1,D,KK,AK,D
14:10:31,PTBA,RG,2110,12,D,NI,PD,D
14:10:20,PTBA,RG,2100,13,D,KK,AK,D
14:10:20,PTBA,RG,2100,1,D,YP,AK,D
14:10:20,PTBA,RG,2100,10,D,YP,AK,D
14:10:20,PTBA,RG,2100,23,D,NI,AK,D
14:10:20,PTBA,RG,2100,1,D,YP,AK,D
14:10:20,PTBA,RG,2100,4,D,CC,AK,D
14:10:20,PTBA,RG,2100,1,D,PD,AK,D
14:10:20,PTBA,RG,2100,5,D,PD,AK,D
14:10:20,PTBA,RG,2100,1,D,KK,AK,D
14:10:20,PTBA,RG,2100,2,D,DH,AK,D
14:10:20,PTBA,RG,2100,1,D,GR,AK,D
14:10:20,PTBA,RG,2100,2,D,YP,AK,D
14:10:20,PTBA,RG,2100,7,D,PD,AK,D
14:10:06,PTBA,RG,2110,6,D,DR,PD,D
14:10:01,PTBA,RG,2100,3,D,PD,YU,D
14:09:56,PTBA,RG,2110,40,D,NI,PD,D
14:09:50,PTBA,RG,2100,1,D,PD,AK,D
14:09:18,PTBA,RG,2100,69,D,PD,AK,D
14:09:16,PTBA,RG,2110,200,D,KK,PD,D
14:09:10,PTBA,RG,2110,200,D,GR,PD,D
14:09:05,PTBA,RG,2100,1,D,PD,AK,D
14:09:00,PTBA,RG,2110,1,D,YP,PD,D
14:08:40,PTBA,RG,2100,40,D,PD,ZP,F
14:08:40,PTBA,RG,2100,5,D,XA,ZP,F
14:08:40,PTBA,RG,2100,5,D,DR,ZP,F
14:08:40,PTBA,RG,2100,10,D,YP,ZP,F
14:08:40,PTBA,RG,2100,10,D,NI,ZP,F
14:08:40,PTBA,RG,2100,5,D,PD,ZP,F
14:08:40,PTBA,RG,2100,2,D,CC,ZP,F
14:08:40,PTBA,RG,2100,1,D,PD,ZP,F
14:08:40,PTBA,RG,2100,10,D,GR,ZP,F
14:08:40,PTBA,RG,2100,1,D,PD,ZP,F
14:08:40,PTBA,RG,2100,1,D,PD,ZP,F
14:08:40,PTBA,RG,2100,1,D,PD,ZP,F
14:08:35,PTBA,RG,2110,1,D,CC,PD,D
14:08:29,PTBA,RG,2100,1,D,PD,ZP,F
14:08:29,PTBA,RG,2100,50,D,PD,ZP,F
14:08:29,PTBA,RG,2100,10,D,YP,ZP,F
14:08:29,PTBA,RG,2100,3,D,PD,ZP,F
14:08:29,PTBA,RG,2100,5,D,NI,ZP,F
14:08:29,PTBA,RG,2100,1,D,XC,ZP,F
14:08:29,PTBA,RG,2100,50,D,YP,ZP,F
14:08:29,PTBA,RG,2100,1,D,YP,ZP,F
14:08:29,PTBA,RG,2100,1,D,YP,ZP,F
14:08:29,PTBA,RG,2100,1,D,PD,ZP,F
14:08:29,PTBA,RG,2100,1,D,NI,ZP,F
14:08:29,PTBA,RG,2100,1,D,XC,ZP,F
14:08:29,PTBA,RG,2100,2,D,AN,ZP,F
14:08:29,PTBA,RG,2100,5,D,OD,ZP,F
14:08:29,PTBA,RG,2100,97,D,DH,ZP,F
14:08:29,PTBA,RG,2100,203,D,DH,ZP,F
14:08:29,PTBA,RG,2100,5,D,CC,ZP,F
14:08:29,PTBA,RG,2100,15,D,YP,ZP,F
14:08:29,PTBA,RG,2100,2,D,XC,ZP,F
14:08:29,PTBA,RG,2100,1,D,PD,ZP,F
14:08:29,PTBA,RG,2100,10,D,DH,ZP,F
14:08:29,PTBA,RG,2100,10,D,PD,ZP,F
14:08:29,PTBA,RG,2100,1,D,GR,ZP,F
14:08:29,PTBA,RG,2100,2,D,CC,ZP,F
14:08:29,PTBA,RG,2100,1,D,PD,ZP,F
14:08:29,PTBA,RG,2100,3,D,CC,ZP,F
14:08:29,PTBA,RG,2100,200,D,PD,ZP,F
14:08:29,PTBA,RG,2100,1,D,PD,ZP,F
14:08:29,PTBA,RG,2100,4,D,XA,ZP,F
14:08:29,PTBA,RG,2100,5,D,PD,ZP,F
14:08:29,PTBA,RG,2100,1,D,PD,ZP,F
14:08:29,PTBA,RG,2100,1,D,YP,ZP,F
14:08:29,PTBA,RG,2100,1,D,AT,ZP,F
14:08:29,PTBA,RG,2100,100,D,YP,ZP,F
14:08:29,PTBA,RG,2100,10,D,DH,ZP,F
14:08:29,PTBA,RG,2100,5,D,NI,ZP,F
14:08:29,PTBA,RG,2100,10,D,PD,ZP,F
14:08:29,PTBA,RG,2100,4,D,PD,ZP,F
14:08:29,PTBA,RG,2100,22,D,YP,ZP,F
14:08:29,PTBA,RG,2100,1,D,YP,ZP,F
14:08:29,PTBA,RG,2100,10,D,DH,ZP,F
14:08:29,PTBA,RG,2100,5,D,XC,ZP,F
14:08:29,PTBA,RG,2100,10,D,NI,ZP,F
14:08:29,PTBA,RG,2100,2,D,PD,ZP,F
14:08:29,PTBA,RG,2100,3,D,DH,ZP,F
14:08:29,PTBA,RG,2100,52,D,MG,ZP,F
14:08:20,PTBA,RG,2110,5,D,CC,PD,D
14:08:19,PTBA,RG,2100,11,D,MG,ZP,F
14:08:06,PTBA,RG,2100,3,D,MG,ZP,F
14:08:05,PTBA,RG,2100,66,D,MG,AK,D
14:08:00,PTBA,RG,2100,7,D,MG,ZP,F
14:07:50,PTBA,RG,2100,1,D,MG,AK,D
14:07:49,PTBA,RG,2100,4,D,MG,ZP,F
14:07:43,PTBA,RG,2100,5,D,MG,ZP,F
14:07:38,PTBA,RG,2110,2,D,PD,PD,D
14:07:37,PTBA,RG,2100,81,D,MG,ZP,F
14:07:37,PTBA,RG,2100,5,D,GR,ZP,F
14:07:37,PTBA,RG,2100,1,D,PD,ZP,F
14:07:37,PTBA,RG,2100,2,D,NI,ZP,F
14:07:37,PTBA,RG,2100,1,D,KK,ZP,F
14:07:37,PTBA,RG,2100,75,D,ZP,ZP,F
14:07:37,PTBA,RG,2110,1,D,XC,PD,D
14:07:34,PTBA,RG,2110,1,D,NI,PD,D
14:07:30,PTBA,RG,2110,120,D,NI,PD,D
14:07:30,PTBA,RG,2110,346,D,NI,BK,F
14:07:30,PTBA,RG,2110,50,D,DR,BK,F
14:07:30,PTBA,RG,2110,1,D,PD,BK,F
14:07:30,PTBA,RG,2110,35,D,AT,BK,F
14:07:30,PTBA,RG,2110,2,D,DX,BK,F
14:07:30,PTBA,RG,2110,65,D,YU,BK,F
14:07:30,PTBA,RG,2110,10,D,YP,BK,F
14:07:30,PTBA,RG,2110,2,D,XC,BK,F
14:07:30,PTBA,RG,2110,50,D,MG,BK,F
14:07:30,PTBA,RG,2110,1,D,PD,BK,F
14:07:30,PTBA,RG,2110,29,D,PD,BK,F
14:07:30,PTBA,RG,2110,25,D,CC,BK,F
14:07:30,PTBA,RG,2110,10,D,GR,BK,F
14:07:30,PTBA,RG,2110,374,D,CP,BK,F
14:07:29,PTBA,RG,2110,620,D,CP,DR,D
14:07:27,PTBA,RG,2110,6,D,CP,ZP,F
14:07:27,PTBA,RG,2110,1,D,DH,ZP,F
14:07:27,PTBA,RG,2110,1,D,YP,ZP,F
14:07:27,PTBA,RG,2110,1,D,EP,ZP,F
14:07:27,PTBA,RG,2110,3,D,YP,ZP,F
14:07:27,PTBA,RG,2110,1,D,NI,ZP,F
14:07:27,PTBA,RG,2110,1,D,PD,ZP,F
14:07:22,PTBA,RG,2110,1,D,YJ,NI,D
14:07:17,PTBA,RG,2110,97,D,YJ,YP,D
14:07:11,PTBA,RG,2110,4,D,YJ,ZP,F
14:07:07,PTBA,RG,2110,3,D,YJ,ZP,F
14:06:57,PTBA,RG,2110,84,D,YJ,ZP,F
14:06:53,PTBA,RG,2110,967,D,YJ,AK,F
14:06:53,PTBA,RG,2110,1,D,YJ,AK,D
14:06:52,PTBA,RG,2110,94,D,YJ,ZP,F
14:06:46,PTBA,RG,2110,10,D,YJ,LG,D
14:06:41,PTBA,RG,2110,20,D,YJ,PD,D
14:06:37,PTBA,RG,2110,974,D,YJ,AK,F
14:06:37,PTBA,RG,2110,2,D,PD,AK,F
14:06:37,PTBA,RG,2110,10,D,PD,AK,F
14:06:37,PTBA,RG,2110,14,D,CC,AK,F
14:06:36,PTBA,RG,2110,1,D,CC,ZP,F
14:06:35,PTBA,RG,2110,59,D,CC,YP,D
14:06:24,PTBA,RG,2110,2,D,CC,ZP,F
14:06:18,PTBA,RG,2110,5,D,CC,DR,D
14:06:11,PTBA,RG,2110,2,D,CC,ZP,F
14:06:02,PTBA,RG,2120,1,D,NI,YP,D
14:06:00,PTBA,RG,2110,9,D,CC,ZP,F
14:06:00,PTBA,RG,2110,2,D,CC,YU,D
14:05:54,PTBA,RG,2110,76,D,CC,AK,D
14:05:54,PTBA,RG,2110,48,D,YP,AK,D
14:05:53,PTBA,RG,2110,1,D,YP,ZP,F
14:05:47,PTBA,RG,2110,2,D,YP,ZP,F
14:05:47,PTBA,RG,2110,10,D,YP,NI,D
14:05:37,PTBA,RG,2110,1,D,YP,ZP,F
14:05:36,PTBA,RG,2120,1,D,XC,YP,D
14:05:27,PTBA,RG,2110,4,D,YP,ZP,F
14:05:08,PTBA,RG,2110,28,D,YP,PD,D
14:05:05,PTBA,RG,2110,2,D,YP,AK,D
14:05:04,PTBA,RG,2110,4,D,YP,ZP,F
14:04:27,PTBA,RG,2110,1,D,YP,ZP,F
14:04:16,PTBA,RG,2120,43,D,YB,YP,D
14:04:16,PTBA,RG,2120,7,D,YB,AK,D
14:04:03,PTBA,RG,2110,35,D,YP,DR,D
14:03:50,PTBA,RG,2110,1,D,YP,AK,D
14:03:15,PTBA,RG,2110,10,D,YP,EP,D
14:02:50,PTBA,RG,2110,1,D,YP,AK,D
14:02:50,PTBA,RG,2110,164,D,YP,AK,D
14:02:14,PTBA,RG,2110,1,D,YP,YU,D
14:02:14,PTBA,RG,2110,8,D,YP,ZP,F
14:02:14,PTBA,RG,2110,1,D,YP,XC,D
14:02:14,PTBA,RG,2110,178,D,YP,CS,F
14:02:08,PTBA,RG,2110,5,D,YP,CS,F
14:02:07,PTBA,RG,2110,217,D,OD,CS,F
14:02:07,PTBA,RG,2110,8,D,OD,DH,D
14:01:53,PTBA,RG,2100,1,D,CC,KK,D
14:01:52,PTBA,RG,2100,3,D,CC,NI,D
14:01:35,PTBA,RG,2100,1,D,CC,AK,D
14:01:12,PTBA,RG,2110,7,D,KK,DH,D
14:01:12,PTBA,RG,2110,2,D,KK,YU,D
14:01:12,PTBA,RG,2110,1,D,KK,YU,D
14:01:04,PTBA,RG,2110,2,D,BQ,CC,F
14:00:58,PTBA,RG,2110,100,D,SQ,CC,F
14:00:50,PTBA,RG,2110,100,D,PD,CC,F
14:00:32,PTBA,RG,2110,1,D,YP,CC,F
14:00:07,PTBA,RG,2110,50,D,MG,CC,F
14:00:03,PTBA,RG,2110,2,D,XC,CC,F
13:59:59,PTBA,RG,2110,10,D,YP,CC,F
13:59:58,PTBA,RG,2110,32,D,CC,CC,F
13:59:58,PTBA,RG,2110,13,D,CC,XC,D
13:59:58,PTBA,RG,2110,5,D,CC,CC,D
13:59:49,PTBA,RG,2110,5,D,NI,CC,D
13:59:42,PTBA,RG,2110,1,D,YP,PD,D
13:59:37,PTBA,RG,2110,1,D,EP,CC,F
13:59:37,PTBA,RG,2110,20,D,EP,CC,F
13:59:31,PTBA,RG,2110,1,D,EP,CC,F
13:59:25,PTBA,RG,2110,4,D,YP,CC,F
13:59:24,PTBA,RG,2110,1,D,PD,CC,F
13:59:21,PTBA,RG,2110,10,D,EP,ZP,D
13:59:11,PTBA,RG,2110,1,D,EP,ZP,D
13:59:09,PTBA,RG,2110,1,D,YP,ZP,D
13:59:07,PTBA,RG,2110,50,D,YP,ZP,D
13:59:02,PTBA,RG,2100,2,D,CC,PD,D
13:58:58,PTBA,RG,2110,1,D,YP,ZP,D
13:58:57,PTBA,RG,2110,50,D,YP,ZP,D
13:58:51,PTBA,RG,2110,1,D,YP,ZP,D
13:58:44,PTBA,RG,2110,9,D,DR,ZP,D
13:58:42,PTBA,RG,2110,2,D,YP,ZP,D
13:58:36,PTBA,RG,2110,1,D,PD,ZP,D
13:58:32,PTBA,RG,2110,5,D,CC,ZP,D
13:58:27,PTBA,RG,2110,34,D,KK,ZP,D
13:58:24,PTBA,RG,2110,1,D,XC,ZP,D
13:58:13,PTBA,RG,2110,50,D,YP,ZP,D
13:57:59,PTBA,RG,2110,25,D,YP,ZP,D
13:57:57,PTBA,RG,2110,10,D,PD,ZP,D
13:57:57,PTBA,RG,2110,200,D,KK,ZP,D
13:57:57,PTBA,RG,2110,100,D,NI,ZP,D
13:57:57,PTBA,RG,2110,200,D,DR,ZP,D
13:57:57,PTBA,RG,2110,1,D,PD,ZP,D
13:57:57,PTBA,RG,2110,10,D,PD,ZP,D
13:57:57,PTBA,RG,2110,25,D,NI,ZP,D
13:57:57,PTBA,RG,2110,3,D,YP,ZP,D
13:57:57,PTBA,RG,2110,50,D,CC,ZP,D
13:57:57,PTBA,RG,2110,2,D,YP,ZP,D
13:57:57,PTBA,RG,2110,2,D,YP,ZP,D
13:57:57,PTBA,RG,2110,1,D,PD,ZP,D
13:57:57,PTBA,RG,2110,55,D,NI,ZP,D
13:57:57,PTBA,RG,2110,2,D,PD,ZP,D
13:57:57,PTBA,RG,2110,98,D,PD,ZP,D
13:57:50,PTBA,RG,2120,45,D,NI,AK,D
13:57:29,PTBA,RG,2120,9,D,XC,AK,D
13:57:16,PTBA,RG,2120,3,D,LS,AK,D
13:57:16,PTBA,RG,2120,5,D,LS,XC,D
13:57:16,PTBA,RG,2120,1,D,LS,AK,D
13:57:16,PTBA,RG,2120,1,D,LS,YU,D
13:57:16,PTBA,RG,2120,2,D,LS,YU,D
13:57:16,PTBA,RG,2120,60,D,LS,AK,D
13:56:53,PTBA,RG,2110,22,D,PD,LS,D
13:56:53,PTBA,RG,2110,50,D,YP,LS,D
13:56:26,PTBA,RG,2110,2,F,AK,XC,D
13:56:26,PTBA,RG,2110,5,F,AK,XC,D
13:56:26,PTBA,RG,2110,1,F,AK,YU,D
13:56:26,PTBA,RG,2110,1,F,AK,YU,D
13:56:26,PTBA,RG,2110,1,F,AK,XC,D
13:56:26,PTBA,RG,2110,20,F,AK,NI,D
13:56:26,PTBA,RG,2110,19,F,AK,CC,D
13:56:26,PTBA,RG,2110,1,F,AK,AK,D
13:56:26,PTBA,RG,2110,60,F,AK,AK,D
13:56:26,PTBA,RG,2110,100,F,AK,YP,D
13:56:26,PTBA,RG,2110,1000,F,AK,RX,D
13:56:26,PTBA,RG,2110,25,F,AK,DR,D
13:56:26,PTBA,RG,2110,1,F,AK,AK,D
13:56:26,PTBA,RG,2110,67,F,AK,AK,D
13:56:26,PTBA,RG,2110,53,F,AK,AK,D
13:56:26,PTBA,RG,2110,186,F,AK,CC,F
13:56:26,PTBA,RG,2110,332,F,AK,BK,F
13:56:26,PTBA,RG,2110,1,F,AK,XC,D
13:56:26,PTBA,RG,2110,1,F,AK,AK,D
13:56:26,PTBA,RG,2110,1588,F,AK,YB,D
13:56:21,PTBA,RG,2100,1,D,CC,AK,D
13:56:20,PTBA,RG,2100,12,D,CC,AK,D
13:56:20,PTBA,RG,2100,5,D,PD,AK,D
13:56:20,PTBA,RG,2100,42,D,YP,AK,D
13:56:03,PTBA,RG,2100,10,D,YP,CC,D
13:55:59,PTBA,RG,2110,5,D,SQ,YB,D
13:55:59,PTBA,RG,2110,352,D,YP,YB,D
13:55:55,PTBA,RG,2110,10,D,PD,YB,D
13:55:51,PTBA,RG,2110,1,D,EP,YB,D
13:55:39,PTBA,RG,2110,200,D,YP,YB,D
13:55:34,PTBA,RG,2100,1,D,YP,AK,D
13:55:33,PTBA,RG,2100,1,D,YP,PD,D
13:55:05,PTBA,RG,2100,46,D,YP,AK,D
13:55:05,PTBA,RG,2100,47,D,YP,AK,D
13:55:04,PTBA,RG,2110,500,D,EP,YB,D
13:54:56,PTBA,RG,2100,12,D,YP,XC,D
13:54:47,PTBA,RG,2100,33,D,YP,DR,D
13:54:41,PTBA,RG,2110,25,D,YU,YB,D
13:54:26,PTBA,RG,2110,5,D,PD,YB,D
13:54:01,PTBA,RG,2110,49,D,YP,YB,D
13:54:01,PTBA,RG,2110,1,D,CC,YB,D
13:53:50,PTBA,RG,2100,8,D,YP,YP,D
13:53:50,PTBA,RG,2100,9,D,YP,YP,D
13:53:28,PTBA,RG,2100,30,D,YP,TP,D
13:53:18,PTBA,RG,2110,2,D,YP,YB,D
13:53:10,PTBA,RG,2100,1,D,YP,YP,D
13:53:10,PTBA,RG,2100,1,D,YP,YP,D
13:53:10,PTBA,RG,2100,9,D,YP,YP,D
13:53:10,PTBA,RG,2100,6,D,GR,YP,D
13:53:10,PTBA,RG,2100,15,D,GR,YP,D
13:53:10,PTBA,RG,2100,15,D,GR,YP,D
13:53:10,PTBA,RG,2100,1,D,GR,YP,D
13:53:10,PTBA,RG,2100,15,D,GR,YP,D
13:53:10,PTBA,RG,2100,15,D,GR,YP,D
13:53:10,PTBA,RG,2100,14,D,GR,YP,D
13:53:10,PTBA,RG,2100,15,D,GR,YP,D
13:53:10,PTBA,RG,2100,1,D,GR,YP,D
13:53:10,PTBA,RG,2100,15,D,GR,YP,D
13:53:07,PTBA,RG,2110,1,D,YP,YB,D
13:52:55,PTBA,RG,2100,5,D,GR,YP,D
13:52:54,PTBA,RG,2100,20,D,GR,CC,D
13:52:46,PTBA,RG,2110,1,D,YP,YB,D
13:52:44,PTBA,RG,2110,1,D,CC,YB,D
13:52:38,PTBA,RG,2110,1,D,YP,YB,D
13:52:38,PTBA,RG,2110,5,D,EP,YB,D
13:52:38,PTBA,RG,2110,1,D,YP,YB,D
13:52:38,PTBA,RG,2110,1,D,NI,YB,D
13:52:38,PTBA,RG,2110,3,D,SQ,YB,D
13:52:38,PTBA,RG,2110,1,D,PD,YB,D
13:52:38,PTBA,RG,2110,1,D,XC,YB,D
13:52:38,PTBA,RG,2110,20,D,PD,YB,D
13:52:38,PTBA,RG,2110,1,D,XC,YB,D
13:52:38,PTBA,RG,2110,29,D,XC,YB,D
13:52:38,PTBA,RG,2110,10,D,NI,YB,D
13:52:38,PTBA,RG,2110,1,D,PD,YB,D
13:52:38,PTBA,RG,2110,5,D,DR,YB,D
13:52:38,PTBA,RG,2110,1,D,PD,YB,D
13:52:38,PTBA,RG,2110,5,D,PD,YB,D
13:52:38,PTBA,RG,2110,25,D,DR,YB,D
13:52:38,PTBA,RG,2110,50,D,CC,YB,D
13:52:38,PTBA,RG,2110,10,D,NI,YB,D
13:52:38,PTBA,RG,2110,5,D,PD,YB,D
13:52:38,PTBA,RG,2110,10,D,NI,YB,D
13:52:38,PTBA,RG,2110,3,D,YP,YB,D
13:52:38,PTBA,RG,2110,10,D,KK,YB,D
13:52:38,PTBA,RG,2110,10,D,DH,YB,D
13:52:38,PTBA,RG,2110,1,D,CC,YB,D
13:52:38,PTBA,RG,2110,5,D,PD,YB,D
13:52:38,PTBA,RG,2110,4,D,DH,YB,D
13:52:38,PTBA,RG,2110,1,D,AZ,YB,D
13:52:38,PTBA,RG,2110,2,D,KK,YB,D
13:52:38,PTBA,RG,2110,10,D,GR,YB,D
13:52:38,PTBA,RG,2110,5,D,PD,YB,D
13:52:38,PTBA,RG,2110,1,D,LG,YB,D
13:52:38,PTBA,RG,2110,1,D,PD,YB,D
13:52:38,PTBA,RG,2110,2,D,YP,YB,D
13:52:38,PTBA,RG,2110,10,D,NI,YB,D
13:52:38,PTBA,RG,2110,10,D,NI,YB,D
13:52:38,PTBA,RG,2110,10,D,XC,YB,D
13:52:38,PTBA,RG,2110,1,D,XC,YB,D
13:52:38,PTBA,RG,2110,10,D,AZ,YB,D
13:52:38,PTBA,RG,2110,1,D,PD,YB,D
13:52:38,PTBA,RG,2110,5,D,CC,YB,D
13:52:38,PTBA,RG,2110,15,D,YP,YB,D
13:52:38,PTBA,RG,2110,3,D,AT,YB,D
13:52:38,PTBA,RG,2110,1,D,NI,YB,D
13:52:38,PTBA,RG,2110,7,D,KK,YB,D
13:52:38,PTBA,RG,2110,3,D,PD,YB,D
13:52:38,PTBA,RG,2110,1,D,PD,YB,D
13:52:38,PTBA,RG,2110,20,D,PD,YB,D
13:52:38,PTBA,RG,2110,2,D,PD,YB,D
13:52:38,PTBA,RG,2110,1,D,PD,YB,D
13:52:38,PTBA,RG,2110,100,D,PD,YB,D
13:52:38,PTBA,RG,2110,50,D,OD,YB,D
13:52:38,PTBA,RG,2110,10,D,YP,YB,D
13:52:38,PTBA,RG,2110,1,D,XC,YB,D
13:52:38,PTBA,RG,2110,1,D,DR,YB,D
13:52:38,PTBA,RG,2110,50,D,CP,YB,D
13:52:38,PTBA,RG,2110,1,D,DR,YB,D
13:52:38,PTBA,RG,2110,500,D,CC,YB,D
13:52:38,PTBA,RG,2110,3,D,NI,YB,D
13:52:38,PTBA,RG,2110,1,D,YP,YB,D
13:52:38,PTBA,RG,2110,1,D,YP,YB,D
13:52:38,PTBA,RG,2110,25,D,YP,YB,D
13:52:38,PTBA,RG,2110,94,D,YP,YB,D
13:52:38,PTBA,RG,2110,50,D,YP,YB,D
13:52:38,PTBA,RG,2110,5,D,YP,YB,D
13:52:38,PTBA,RG,2110,5,D,YP,YB,D
13:52:38,PTBA,RG,2110,5,D,YP,YB,D
13:52:38,PTBA,RG,2110,36,D,YP,YB,D
13:52:33,PTBA,RG,2110,114,D,YP,AK,F
13:52:33,PTBA,RG,2110,2,D,YP,AK,F
13:52:33,PTBA,RG,2110,20,D,LG,AK,F
13:52:33,PTBA,RG,2110,2,D,PD,AK,F
13:52:33,PTBA,RG,2110,1,D,PD,AK,F
13:52:33,PTBA,RG,2110,10,D,DX,AK,F
13:52:33,PTBA,RG,2110,1,D,XC,AK,F
13:52:33,PTBA,RG,2110,1,D,PD,AK,F
13:52:33,PTBA,RG,2110,48,D,PD,AK,F
13:52:33,PTBA,RG,2110,1,D,CC,AK,F
13:52:33,PTBA,RG,2110,1,D,XC,AK,F
13:52:33,PTBA,RG,2110,2,D,PD,AK,F
13:52:33,PTBA,RG,2110,4,D,XC,AK,F
13:52:33,PTBA,RG,2110,100,D,SQ,AK,F
13:52:33,PTBA,RG,2110,100,D,PD,AK,F
13:52:33,PTBA,RG,2110,6,D,KK,AK,F
13:52:33,PTBA,RG,2110,5,D,DH,AK,F
13:52:33,PTBA,RG,2110,10,D,DR,AK,F
13:52:33,PTBA,RG,2110,10,D,PD,AK,F
13:52:33,PTBA,RG,2110,1,D,DH,AK,F
13:52:33,PTBA,RG,2110,1,D,DH,AK,F
13:52:33,PTBA,RG,2110,2,D,PD,AK,F
13:52:33,PTBA,RG,2110,191,D,PD,AK,F
13:52:33,PTBA,RG,2110,10,D,PD,AK,F
13:52:33,PTBA,RG,2110,10,D,PD,AK,F
13:52:33,PTBA,RG,2110,2,D,PD,AK,F
13:52:33,PTBA,RG,2110,8,D,PD,AK,F
13:52:33,PTBA,RG,2110,1,D,PD,AK,F
13:52:33,PTBA,RG,2110,1,D,PD,AK,F
13:52:33,PTBA,RG,2110,1,D,EP,AK,F
13:52:33,PTBA,RG,2110,5,D,GR,AK,F
13:52:33,PTBA,RG,2110,5,D,PD,AK,F
13:52:33,PTBA,RG,2110,2,D,PD,AK,F
13:52:33,PTBA,RG,2110,1,D,PD,AK,F
13:52:33,PTBA,RG,2110,1,D,PD,AK,F
13:52:33,PTBA,RG,2110,3,D,PD,AK,F
13:52:33,PTBA,RG,2110,317,D,DR,AK,F
13:52:32,PTBA,RG,2110,183,D,DR,AK,F
13:52:32,PTBA,RG,2110,5,D,EP,AK,F
13:52:32,PTBA,RG,2110,800,D,CP,AK,F
13:52:32,PTBA,RG,2110,10,D,YP,AK,F
13:52:32,PTBA,RG,2110,2,D,LG,AK,F
13:52:31,PTBA,RG,2110,198,D,LG,AK,F
13:52:31,PTBA,RG,2110,80,D,YP,AK,F
13:52:31,PTBA,RG,2110,16,D,YP,AK,F
13:52:31,PTBA,RG,2110,29,D,NI,AK,F
13:52:31,PTBA,RG,2110,10,D,PD,AK,F
13:52:31,PTBA,RG,2110,1,D,YP,AK,F
13:52:31,PTBA,RG,2110,1,D,PD,AK,F
13:52:31,PTBA,RG,2110,1,D,XC,AK,F
13:52:31,PTBA,RG,2110,182,D,EP,AK,F
13:52:31,PTBA,RG,2110,5,D,GR,AK,F
13:52:31,PTBA,RG,2110,5,D,AN,AK,F
13:52:31,PTBA,RG,2110,10,D,YP,AK,F
13:52:31,PTBA,RG,2110,100,D,YP,AK,F
13:52:31,PTBA,RG,2110,5,D,NI,AK,F
13:52:31,PTBA,RG,2110,1,D,PD,AK,F
13:52:31,PTBA,RG,2110,10,D,YP,AK,F
13:52:31,PTBA,RG,2110,28,D,KK,AK,F
13:52:31,PTBA,RG,2110,25,D,YP,AK,F
13:52:31,PTBA,RG,2110,15,D,GR,AK,F
13:52:31,PTBA,RG,2110,100,D,SQ,AK,F
13:52:31,PTBA,RG,2110,1,D,GR,AK,F
13:52:31,PTBA,RG,2110,11,D,PD,AK,F
13:52:31,PTBA,RG,2110,1,D,PD,AK,F
13:52:31,PTBA,RG,2110,5,D,YP,AK,F
13:52:31,PTBA,RG,2110,1,F,AG,AK,F
13:52:31,PTBA,RG,2110,1,D,YP,AK,F
13:52:31,PTBA,RG,2110,3,F,AG,AK,F
13:52:31,PTBA,RG,2110,20,D,YP,AK,F
13:52:31,PTBA,RG,2110,1,D,KK,AK,F
13:52:31,PTBA,RG,2110,1,D,PD,AK,F
13:52:31,PTBA,RG,2110,10,D,PD,AK,F
13:52:31,PTBA,RG,2110,1,D,PD,AK,F
13:52:31,PTBA,RG,2110,1,D,YP,AK,F
13:52:31,PTBA,RG,2110,1,D,YP,AK,F
13:52:31,PTBA,RG,2110,15,D,ZP,AK,F
13:52:31,PTBA,RG,2110,102,D,DH,AK,F
13:52:31,PTBA,RG,2110,3,D,DH,AK,F
13:52:30,PTBA,RG,2110,2,D,DH,EP,D
13:52:30,PTBA,RG,2110,1,D,PD,EP,D
13:52:25,PTBA,RG,2110,1,D,PD,GR,D
13:52:25,PTBA,RG,2110,14,D,YP,GR,D
13:52:19,PTBA,RG,2110,1,D,YP,XC,D
13:51:55,PTBA,RG,2110,65,D,DH,AK,F
13:51:55,PTBA,RG,2120,47,D,YP,YB,D
13:51:28,PTBA,RG,2120,2,D,XC,YB,D
13:50:16,PTBA,RG,2120,5,D,KK,YB,D
13:50:02,PTBA,RG,2120,20,D,DR,YB,D
13:49:59,PTBA,RG,2120,1,D,NI,YB,D
13:49:45,PTBA,RG,2120,620,D,DR,YB,D
13:49:45,PTBA,RG,2120,1,D,XC,YB,D
13:49:45,PTBA,RG,2120,50,D,YP,YB,D
13:49:45,PTBA,RG,2120,200,D,NI,YB,D
13:49:45,PTBA,RG,2120,3,D,YP,YB,D
13:49:45,PTBA,RG,2120,32,D,YP,YB,D
13:49:31,PTBA,RG,2130,1,D,XC,PD,D
13:49:21,PTBA,RG,2120,30,D,YP,PD,D
13:49:15,PTBA,RG,2120,1,D,YP,AK,D
13:49:15,PTBA,RG,2120,61,D,YP,AK,D
13:49:15,PTBA,RG,2120,1000,D,YP,RX,D
13:49:15,PTBA,RG,2120,17,D,YP,PD,D
13:49:15,PTBA,RG,2120,3,D,YP,AK,D
13:49:15,PTBA,RG,2120,190,D,YP,AK,D
13:49:15,PTBA,RG,2120,30,D,YP,PD,D
13:49:15,PTBA,RG,2120,5,D,YP,DR,D
13:49:15,PTBA,RG,2120,4,D,YP,CC,D
13:49:15,PTBA,RG,2120,15,D,YP,CC,D
13:49:15,PTBA,RG,2120,19,D,YP,XC,D
13:49:15,PTBA,RG,2120,5,D,YP,PD,D
13:49:15,PTBA,RG,2120,3,D,YP,PD,D
13:49:15,PTBA,RG,2120,24,D,YP,CC,F
13:49:15,PTBA,RG,2120,1,D,YP,PD,D
13:49:15,PTBA,RG,2120,20,D,YP,PD,D
13:49:15,PTBA,RG,2120,1,D,YP,XC,D
13:49:15,PTBA,RG,2120,200,D,YP,CC,D
13:49:15,PTBA,RG,2120,6,D,YP,YP,D
13:49:15,PTBA,RG,2120,1,D,YP,YU,D
13:49:15,PTBA,RG,2120,5,D,YP,YP,D
13:49:15,PTBA,RG,2120,1,D,YP,YP,D
13:49:15,PTBA,RG,2120,256,D,YP,PD,D
13:49:15,PTBA,RG,2120,20,D,YP,AZ,D
13:49:15,PTBA,RG,2120,1,D,YP,YU,D
13:49:15,PTBA,RG,2120,100,D,YP,DR,D
13:49:15,PTBA,RG,2120,1,D,YP,YU,D
13:49:15,PTBA,RG,2120,1,D,YP,YU,D
13:49:15,PTBA,RG,2120,87,D,YP,ZP,F
13:49:15,PTBA,RG,2120,5361,D,YP,YB,D
13:49:11,PTBA,RG,2110,35,D,DH,DR,D
13:49:11,PTBA,RG,2110,65,D,YP,DR,D
13:49:09,PTBA,RG,2110,1,D,YP,XC,D
13:48:55,PTBA,RG,2120,1,D,NI,YB,D
13:48:48,PTBA,RG,2120,1,D,PD,YB,D
13:48:46,PTBA,RG,2120,5,D,GR,YB,D
13:48:29,PTBA,RG,2120,19,D,PD,YB,D
13:48:20,PTBA,RG,2110,2,D,YP,AK,D
13:48:05,PTBA,RG,2110,1,D,YP,AK,D
13:47:41,PTBA,RG,2120,2,D,NI,YB,D
13:47:30,PTBA,RG,2110,3,D,YP,YU,D
13:47:13,PTBA,RG,2120,77,D,YP,YB,D
13:46:27,PTBA,RG,2120,1,D,DR,YB,D
13:46:21,PTBA,RG,2120,50,D,YP,YB,D
13:46:08,PTBA,RG,2120,1,D,XC,YB,D
13:46:05,PTBA,RG,2120,20,D,EP,YB,D
13:45:59,PTBA,RG,2120,1,D,YP,YB,D
13:45:40,PTBA,RG,2120,1,D,XC,YB,D
13:45:39,PTBA,RG,2120,1,D,NI,YB,D
13:45:29,PTBA,RG,2110,5,D,YP,XC,D
13:45:20,PTBA,RG,2110,6,D,YP,XC,D
13:45:00,PTBA,RG,2110,2,D,YP,YU,D
13:44:05,PTBA,RG,2110,10,D,YP,XC,D
13:43:44,PTBA,RG,2110,5,D,YP,CC,D
13:43:44,PTBA,RG,2110,14,D,CP,CC,D
13:43:29,PTBA,RG,2110,4,D,CP,DH,D
13:43:14,PTBA,RG,2110,14,D,CP,PD,D
13:42:48,PTBA,RG,2120,1,D,XC,YB,D
13:42:30,PTBA,RG,2110,2,D,CP,YU,D
13:42:18,PTBA,RG,2110,2,D,CP,PD,D
13:42:09,PTBA,RG,2110,2,D,CP,GR,D
13:41:59,PTBA,RG,2110,1,D,CP,NI,D
13:40:40,PTBA,RG,2110,1,D,CP,DH,D
13:40:37,PTBA,RG,2110,3,D,CP,EP,D
13:39:52,PTBA,RG,2120,5,D,NI,YB,D
13:39:14,PTBA,RG,2120,1,D,PD,YB,D
13:38:55,PTBA,RG,2110,14,D,CP,IF,D
13:38:43,PTBA,RG,2120,5,D,PD,YB,D
13:38:34,PTBA,RG,2110,3,D,CP,YU,D
13:35:30,PTBA,RG,2120,5,D,GR,YB,D
13:35:05,PTBA,RG,2120,1,D,PD,YB,D
13:34:30,PTBA,RG,2110,120,D,CP,BK,F
13:34:30,PTBA,RG,2110,50,D,PD,BK,F
13:34:30,PTBA,RG,2110,1,D,PD,BK,F
13:34:30,PTBA,RG,2110,2,D,KK,BK,F
13:34:30,PTBA,RG,2110,20,D,PD,BK,F
13:34:30,PTBA,RG,2110,53,D,PD,BK,F
13:34:30,PTBA,RG,2110,1,D,KK,BK,F
13:34:30,PTBA,RG,2110,10,D,PD,BK,F
13:34:30,PTBA,RG,2110,1,D,XA,BK,F
13:34:30,PTBA,RG,2110,6,D,CC,BK,F
13:34:30,PTBA,RG,2110,13,D,CC,AK,F
13:34:30,PTBA,RG,2110,2,D,PD,AK,F
13:34:30,PTBA,RG,2110,25,D,YP,AK,F
13:34:28,PTBA,RG,2110,175,D,YP,NI,D
13:34:28,PTBA,RG,2110,15,D,PD,NI,D
13:34:28,PTBA,RG,2110,2,D,YP,NI,D
13:34:28,PTBA,RG,2110,158,D,YJ,NI,D
13:34:19,PTBA,RG,2110,20,D,YJ,PD,D
13:34:07,PTBA,RG,2120,2,D,PD,YB,D
13:34:01,PTBA,RG,2120,10,D,YP,YB,D
13:33:50,PTBA,RG,2120,322,D,YP,YB,D
13:33:48,PTBA,RG,2120,1,D,DR,YB,D
13:33:46,PTBA,RG,2120,4,D,CC,YB,D
13:33:43,PTBA,RG,2120,100,D,LS,YB,D
13:33:43,PTBA,RG,2120,3,D,PD,YB,D
13:33:43,PTBA,RG,2120,1,D,YP,YB,D
13:33:43,PTBA,RG,2120,100,D,NI,YB,D
13:33:43,PTBA,RG,2120,1181,D,BQ,YB,D
13:33:27,PTBA,RG,2130,1,D,HD,PD,D
13:33:12,PTBA,RG,2120,1,D,BQ,YU,D
13:33:12,PTBA,RG,2120,1,D,BQ,YU,D
13:33:12,PTBA,RG,2120,1,D,BQ,YP,D
13:33:12,PTBA,RG,2120,1,D,BQ,YP,D
13:33:12,PTBA,RG,2120,1,D,BQ,OD,D
13:33:12,PTBA,RG,2120,12,D,BQ,PD,D
13:33:12,PTBA,RG,2120,2,D,BQ,PD,D
13:33:12,PTBA,RG,2120,576,D,BQ,CS,F
13:33:12,PTBA,RG,2120,2,D,BQ,PD,D
13:33:12,PTBA,RG,2120,2,D,BQ,PD,D
13:33:12,PTBA,RG,2120,25,D,BQ,CC,D
13:33:12,PTBA,RG,2120,10,D,BQ,EP,D
13:33:12,PTBA,RG,2120,500,D,BQ,RX,D
13:33:12,PTBA,RG,2120,10,D,BQ,XC,D
13:33:12,PTBA,RG,2120,1,D,BQ,YU,D
13:33:12,PTBA,RG,2120,1,D,BQ,YU,D
13:33:12,PTBA,RG,2120,1,D,BQ,YU,D
13:33:12,PTBA,RG,2120,1,D,BQ,YU,D
13:33:12,PTBA,RG,2120,52,D,BQ,ZP,F
13:33:12,PTBA,RG,2120,2447,D,BQ,YB,D
13:32:51,PTBA,RG,2120,1,D,DR,YB,D
13:32:16,PTBA,RG,2120,14,D,XC,YB,D
13:31:28,PTBA,RG,2110,2,D,YJ,YU,D
13:31:17,PTBA,RG,2110,2,D,YJ,PD,D
13:31:06,PTBA,RG,2120,1,D,XC,YB,D
13:31:02,PTBA,RG,2120,7,D,PD,YB,D
13:30:59,PTBA,RG,2120,1,D,YP,YB,D
13:30:40,PTBA,RG,2110,30,D,YJ,NI,D
13:30:27,PTBA,RG,2110,50,D,YJ,CC,D
13:30:13,PTBA,RG,2120,2,D,YP,YB,D
13:30:13,PTBA,RG,2110,1,D,YJ,YP,D
13:30:13,PTBA,RG,2110,5,D,YJ,YP,D
13:30:11,PTBA,RG,2110,2,D,YJ,YP,D
13:30:11,PTBA,RG,2110,5,D,YJ,CC,D
13:30:10,PTBA,RG,2120,2,D,PD,YB,D
13:30:10,PTBA,RG,2110,2,D,YJ,YU,D
13:30:08,PTBA,RG,2110,1,D,YJ,PD,D
13:30:08,PTBA,RG,2110,2,D,YJ,CC,D
13:30:08,PTBA,RG,2110,1,D,PD,CC,D
13:30:08,PTBA,RG,2110,6,D,YB,CC,D
13:30:07,PTBA,RG,2110,1,D,YB,PD,D
13:30:05,PTBA,RG,2110,1,D,YB,PD,D
13:30:05,PTBA,RG,2110,2,D,YB,PD,D
13:30:05,PTBA,RG,2110,2,D,PD,PD,D
13:30:05,PTBA,RG,2110,1,D,PD,PD,D
13:30:04,PTBA,RG,2110,1,D,PD,XC,D
13:30:04,PTBA,RG,2110,1,D,PD,XC,D
13:30:04,PTBA,RG,2110,4,D,EP,XC,D
13:30:04,PTBA,RG,2110,3,D,EP,KK,D
13:30:03,PTBA,RG,2110,3,D,EP,AZ,D
13:30:03,PTBA,RG,2110,2,D,OD,AZ,D
13:30:03,PTBA,RG,2120,1,D,PD,YB,D
13:30:02,PTBA,RG,2110,1,D,OD,KK,D
13:30:02,PTBA,RG,2110,1,D,XC,KK,D
13:30:02,PTBA,RG,2110,1,D,XC,KK,D
13:30:02,PTBA,RG,2110,1,D,NI,KK,D
13:30:02,PTBA,RG,2110,1,D,XC,KK,D
13:30:02,PTBA,RG,2110,1,D,KK,KK,D
13:30:02,PTBA,RG,2110,5,D,CC,KK,D
13:30:02,PTBA,RG,2110,7,D,XC,KK,D
13:30:02,PTBA,RG,2110,4,D,YP,KK,D
13:30:02,PTBA,RG,2110,7,D,YP,EP,D
11:29:49,PTBA,RG,2110,1,D,YP,ZP,F
11:29:36,PTBA,RG,2120,1,D,DR,YB,D
11:29:24,PTBA,RG,2110,1,D,YP,ZP,F
11:29:17,PTBA,RG,2120,3,D,DR,YB,D
11:29:14,PTBA,RG,2110,5,D,YP,ZP,F
11:29:03,PTBA,RG,2110,2,D,YP,ZP,F
11:29:02,PTBA,RG,2120,200,D,GR,YB,D
11:28:47,PTBA,RG,2110,3,D,YP,ZP,F
11:28:47,PTBA,RG,2120,11,D,DR,YB,D
11:28:22,PTBA,RG,2110,3,D,YP,ZP,F
11:28:21,PTBA,RG,2110,24,D,YP,IF,D
11:28:21,PTBA,RG,2110,25,D,SQ,IF,D
11:28:21,PTBA,RG,2110,25,D,GR,IF,D
11:28:21,PTBA,RG,2110,5,D,NI,IF,D
11:28:21,PTBA,RG,2110,5,D,NI,IF,D
11:28:21,PTBA,RG,2110,10,D,CC,IF,D
11:28:21,PTBA,RG,2110,1,D,YP,IF,D
11:28:12,PTBA,RG,2110,1,D,YP,ZP,F
11:28:11,PTBA,RG,2110,3,D,YP,DH,D
11:28:11,PTBA,RG,2110,10,D,YP,DH,D
11:28:11,PTBA,RG,2110,2,D,PD,DH,D
11:28:11,PTBA,RG,2110,1,D,PD,DH,D
11:28:11,PTBA,RG,2110,10,D,OD,DH,D
11:28:11,PTBA,RG,2110,2,D,PD,DH,D
11:28:11,PTBA,RG,2110,5,D,PD,DH,D
11:28:11,PTBA,RG,2110,91,D,KK,DH,D
11:27:58,PTBA,RG,2110,1,D,KK,ZP,F
11:27:44,PTBA,RG,2110,10,D,KK,ZP,F
11:27:26,PTBA,RG,2110,9,D,KK,ZP,F
11:27:16,PTBA,RG,2110,38,D,KK,ZP,F
11:26:51,PTBA,RG,2110,20,D,KK,YP,D
11:26:43,PTBA,RG,2110,31,D,KK,ZP,F
11:26:43,PTBA,RG,2110,1,D,NI,ZP,F
11:26:43,PTBA,RG,2110,6,D,NI,ZP,F
11:26:20,PTBA,RG,2120,1,D,NI,YB,D
11:26:16,PTBA,RG,2110,15,D,NI,ZP,F
11:26:04,PTBA,RG,2110,9,D,NI,ZP,F
11:26:04,PTBA,RG,2110,4,D,DR,ZP,F
11:25:57,PTBA,RG,2110,7,D,DR,XC,D
11:25:50,PTBA,RG,2110,11,D,DR,ZP,F
11:25:49,PTBA,RG,2110,7,D,DR,ZP,F
11:25:36,PTBA,RG,2110,13,D,DR,ZP,F
11:25:26,PTBA,RG,2110,15,D,DR,ZP,F
11:25:24,PTBA,RG,2110,73,D,DR,CC,D
11:25:22,PTBA,RG,2110,25,D,DR,CC,D
11:25:17,PTBA,RG,2110,25,D,DR,ZP,F
11:25:01,PTBA,RG,2110,13,D,DR,ZP,F
11:25:00,PTBA,RG,2110,2,D,DR,YU,D
11:24:44,PTBA,RG,2110,8,D,DR,ZP,F
11:24:37,PTBA,RG,2110,2,D,DR,ZP,F
11:24:36,PTBA,RG,2110,95,D,DR,YP,D
11:24:36,PTBA,RG,2110,1,D,OD,YP,D
11:24:36,PTBA,RG,2110,47,D,YB,YP,D
11:24:36,PTBA,RG,2110,5,D,XC,YP,D
11:24:29,PTBA,RG,2110,1,D,PD,ZP,F
11:24:29,PTBA,RG,2110,3,D,YP,ZP,F
11:24:28,PTBA,RG,2110,3,D,YP,XC,D
11:24:19,PTBA,RG,2110,4,D,YP,ZP,F
11:24:10,PTBA,RG,2120,45,D,DH,YB,D
11:24:02,PTBA,RG,2110,3,D,YP,ZP,F
11:24:00,PTBA,RG,2110,6,D,YP,YP,D
11:23:58,PTBA,RG,2110,6,D,YP,CC,D
11:23:58,PTBA,RG,2110,64,D,NI,CC,D
11:23:52,PTBA,RG,2110,1,D,XC,NI,D
11:23:52,PTBA,RG,2110,1,D,YP,NI,D
11:23:52,PTBA,RG,2110,1,D,KK,NI,D
11:23:52,PTBA,RG,2110,2,D,YP,NI,D
11:23:52,PTBA,RG,2110,20,D,CP,NI,D
11:23:52,PTBA,RG,2110,1,D,KK,NI,D
11:23:52,PTBA,RG,2110,2,D,KK,NI,D
11:23:52,PTBA,RG,2110,2,D,NI,NI,D
11:23:39,PTBA,RG,2110,1,D,NI,ZP,F
11:23:38,PTBA,RG,2110,13,D,NI,YP,D
11:23:31,PTBA,RG,2110,1,D,NI,ZP,F
11:23:31,PTBA,RG,2110,7,D,NI,PD,D
11:23:25,PTBA,RG,2110,1,D,NI,ZP,F
11:23:25,PTBA,RG,2110,1,D,NI,ZP,F
11:23:25,PTBA,RG,2120,72,D,LS,YB,D
11:23:15,PTBA,RG,2110,3,D,NI,PD,D
11:23:15,PTBA,RG,2110,1,D,YP,PD,D
11:23:08,PTBA,RG,2110,9,D,YP,KK,D
11:23:08,PTBA,RG,2110,1,D,NI,KK,D
11:23:08,PTBA,RG,2110,1,D,KK,KK,D
11:23:08,PTBA,RG,2110,1,D,PD,KK,D
11:23:08,PTBA,RG,2110,2,D,XC,KK,D
11:23:08,PTBA,RG,2110,1,D,YP,KK,D
11:23:08,PTBA,RG,2110,10,D,DH,KK,D
11:23:08,PTBA,RG,2110,15,D,NI,KK,D
11:23:08,PTBA,RG,2110,5,D,CC,KK,D
11:23:08,PTBA,RG,2110,1,D,YP,KK,D
11:23:08,PTBA,RG,2110,1,D,YP,KK,D
11:23:07,PTBA,RG,2110,4,D,YP,ZP,F
11:23:07,PTBA,RG,2110,10,D,XC,ZP,F
11:23:02,PTBA,RG,2120,1,D,XC,YB,D
11:23:02,PTBA,RG,2120,1,D,PD,YB,D
11:23:02,PTBA,RG,2120,50,D,XC,YB,D
11:23:02,PTBA,RG,2120,2,D,DH,YB,D
11:23:02,PTBA,RG,2120,10,D,PD,YB,D
11:23:02,PTBA,RG,2120,1,D,PD,YB,D
11:23:02,PTBA,RG,2120,2,D,PD,YB,D
11:23:02,PTBA,RG,2120,5,D,KK,YB,D
11:23:02,PTBA,RG,2120,95,D,SQ,YB,D
11:23:02,PTBA,RG,2120,15,D,GR,YB,D
11:23:02,PTBA,RG,2120,1,D,NI,YB,D
11:23:02,PTBA,RG,2120,100,D,CC,YB,D
11:23:02,PTBA,RG,2120,1,D,XC,YB,D
11:23:02,PTBA,RG,2120,10,D,XC,YB,D
11:23:02,PTBA,RG,2120,2,D,PD,YB,D
11:23:02,PTBA,RG,2120,50,D,YP,YB,D
11:23:02,PTBA,RG,2120,3,D,PD,YB,D
11:23:02,PTBA,RG,2120,10,D,YP,YB,D
11:23:02,PTBA,RG,2120,4,D,OD,YB,D
11:23:02,PTBA,RG,2120,1,D,KK,YB,D
11:23:02,PTBA,RG,2120,10,D,PD,YB,D
11:23:02,PTBA,RG,2120,100,D,IF,YB,D
11:23:02,PTBA,RG,2120,50,D,YP,YB,D
11:23:02,PTBA,RG,2120,1,D,PD,YB,D
11:23:02,PTBA,RG,2120,1,D,XC,YB,D
11:23:02,PTBA,RG,2120,10,D,DR,YB,D
11:23:02,PTBA,RG,2120,20,D,YP,YB,D
11:23:02,PTBA,RG,2120,10,D,GR,YB,D
11:23:02,PTBA,RG,2120,2,D,DH,YB,D
11:23:02,PTBA,RG,2120,5,D,DH,YB,D
11:23:02,PTBA,RG,2120,2,D,PD,YB,D
11:23:02,PTBA,RG,2120,3000,D,HD,YB,D
11:23:02,PTBA,RG,2120,5,D,PD,YB,D
11:23:02,PTBA,RG,2120,5,D,PD,YB,D
11:23:02,PTBA,RG,2120,5,D,AT,YB,D
11:23:02,PTBA,RG,2120,1,D,YP,YB,D
11:23:02,PTBA,RG,2120,1,D,GR,YB,D
11:23:02,PTBA,RG,2120,1,D,XA,YB,D
11:23:02,PTBA,RG,2120,24,D,PD,YB,D
11:23:02,PTBA,RG,2120,3,D,YP,YB,D
11:23:02,PTBA,RG,2120,5,D,DH,YB,D
11:23:02,PTBA,RG,2120,2,D,XC,YB,D
11:23:02,PTBA,RG,2120,2,D,YP,YB,D
11:23:02,PTBA,RG,2120,10,D,PD,YB,D
11:23:02,PTBA,RG,2120,7,D,SQ,YB,D
11:23:02,PTBA,RG,2120,5,D,KK,YB,D
11:23:02,PTBA,RG,2120,1,D,PD,YB,D
11:23:02,PTBA,RG,2120,1,D,PD,YB,D
11:23:02,PTBA,RG,2120,20,D,KK,YB,D
11:23:02,PTBA,RG,2120,10,D,YB,YB,D
11:23:02,PTBA,RG,2120,25,D,IP,YB,D
11:23:02,PTBA,RG,2120,2,D,XC,YB,D
11:23:02,PTBA,RG,2120,1,D,XC,YB,D
11:23:02,PTBA,RG,2120,10,D,PD,YB,D
11:23:02,PTBA,RG,2120,5,D,DR,YB,D
11:23:02,PTBA,RG,2120,1,D,YP,YB,D
11:23:02,PTBA,RG,2120,200,D,DH,YB,D
11:23:02,PTBA,RG,2120,4,D,CC,YB,D
11:23:02,PTBA,RG,2120,25,D,CC,YB,D
11:23:02,PTBA,RG,2120,7,D,YB,YB,D
11:23:02,PTBA,RG,2120,18,D,EP,YB,D
11:23:02,PTBA,RG,2120,710,D,FS,YB,D
11:23:01,PTBA,RG,2130,4,D,DH,CC,D
11:22:55,PTBA,RG,2130,1,D,PD,CC,D
11:22:36,PTBA,RG,2120,71,D,FS,LS,D
11:22:29,PTBA,RG,2120,5,D,FS,PD,D
11:21:43,PTBA,RG,2120,40,D,FS,CP,D
11:21:04,PTBA,RG,2120,19,D,FS,PD,D
11:21:01,PTBA,RG,2130,47,D,LS,CC,D
11:20:00,PTBA,RG,2120,2,D,FS,YU,D
11:19:12,PTBA,RG,2130,2,D,XC,CC,D
11:19:02,PTBA,RG,2130,1,D,PD,CC,D
11:18:39,PTBA,RG,2120,1,D,FS,NI,D
11:17:44,PTBA,RG,2120,120,D,FS,PD,D
11:17:36,PTBA,RG,2120,20,D,FS,KK,D
11:17:05,PTBA,RG,2120,10,D,FS,PD,D
11:16:58,PTBA,RG,2120,1,D,FS,NI,D
11:16:40,PTBA,RG,2120,1,D,FS,YU,D
11:16:40,PTBA,RG,2120,2,D,PD,YU,D
11:16:38,PTBA,RG,2120,9,D,PD,KK,D
11:16:38,PTBA,RG,2120,16,D,PD,KK,D
11:15:59,PTBA,RG,2120,4,D,PD,CC,D
11:15:59,PTBA,RG,2120,1,D,NI,CC,D
11:15:59,PTBA,RG,2120,1,D,YU,CC,D
11:15:59,PTBA,RG,2120,2,D,PD,CC,D
11:15:59,PTBA,RG,2120,5,D,YP,CC,D
11:15:59,PTBA,RG,2120,1,D,YP,CC,D
11:15:59,PTBA,RG,2120,10,D,YP,CC,D
11:15:59,PTBA,RG,2120,6,D,PD,CC,D
11:15:52,PTBA,RG,2120,4,D,PD,DX,D
11:15:52,PTBA,RG,2120,71,D,DR,DX,D
11:15:48,PTBA,RG,2120,1,D,DR,SQ,D
11:15:03,PTBA,RG,2120,50,D,DR,YP,D
11:14:15,PTBA,RG,2130,1,D,EP,CC,D
11:13:50,PTBA,RG,2120,10,D,DR,CC,D
11:13:40,PTBA,RG,2120,30,D,DR,NI,D
11:13:36,PTBA,RG,2130,2,D,IF,CC,D
11:11:34,PTBA,RG,2130,10,D,YP,CC,D
11:10:28,PTBA,RG,2130,1,D,XC,CC,D
11:10:13,PTBA,RG,2130,10,D,YP,CC,D
11:10:07,PTBA,RG,2130,1,D,EP,CC,D
11:10:01,PTBA,RG,2120,2,D,DR,YU,D
11:09:39,PTBA,RG,2120,3,D,DR,NI,D
11:08:45,PTBA,RG,2120,23,D,DR,YP,D
11:08:25,PTBA,RG,2130,15,D,CC,CC,D
11:08:06,PTBA,RG,2130,35,D,DR,CC,D
11:07:59,PTBA,RG,2120,10,D,DR,TP,D
11:07:59,PTBA,RG,2120,2,D,PD,TP,D
11:07:59,PTBA,RG,2120,2,D,DR,TP,D
11:07:59,PTBA,RG,2120,16,D,NI,TP,D
11:07:34,PTBA,RG,2120,4,D,NI,PD,D
11:07:32,PTBA,RG,2120,2,D,NI,CD,D
11:07:28,PTBA,RG,2130,3,D,XC,CC,D
11:07:10,PTBA,RG,2120,1,D,NI,SQ,D
11:06:55,PTBA,RG,2130,1,D,CC,CC,D
11:06:48,PTBA,RG,2130,3,D,CC,CC,D
11:06:38,PTBA,RG,2130,1,D,CC,CC,D
11:06:28,PTBA,RG,2130,13,D,YP,CC,D
11:06:18,PTBA,RG,2130,10,D,KK,CC,D
11:05:52,PTBA,RG,2130,1,D,YP,CC,D
11:05:00,PTBA,RG,2120,2,D,NI,YU,D
11:04:19,PTBA,RG,2120,3,D,YP,PD,D
11:04:19,PTBA,RG,2120,2,D,XC,PD,D
11:03:20,PTBA,RG,2120,3,D,YP,YU,D
11:03:03,PTBA,RG,2130,2,D,PD,CC,D
11:02:57,PTBA,RG,2130,5,D,YU,CC,D
11:02:46,PTBA,RG,2130,1,D,LG,CC,D
11:02:41,PTBA,RG,2130,29,D,CC,CC,D
11:02:34,PTBA,RG,2130,1,D,EP,CC,D
11:02:34,PTBA,RG,2130,1,D,EP,CC,D
11:02:34,PTBA,RG,2130,1,D,EP,CC,D
11:02:34,PTBA,RG,2130,1,D,EP,CC,D
11:02:34,PTBA,RG,2130,1,D,EP,CC,D
11:02:23,PTBA,RG,2130,1,D,EP,CC,D
11:02:23,PTBA,RG,2130,1,D,EP,CC,D
11:02:23,PTBA,RG,2130,1,D,EP,CC,D
11:02:23,PTBA,RG,2130,1,D,EP,CC,D
11:02:23,PTBA,RG,2130,1,D,EP,CC,D
11:02:21,PTBA,RG,2130,1,D,PD,CC,D
11:02:14,PTBA,RG,2130,1,D,EP,CC,D
11:02:14,PTBA,RG,2130,1,D,EP,CC,D
11:02:14,PTBA,RG,2130,1,D,EP,CC,D
11:02:14,PTBA,RG,2130,1,D,EP,CC,D
11:02:14,PTBA,RG,2130,1,D,EP,CC,D
11:02:03,PTBA,RG,2130,1,D,EP,CC,D
11:02:03,PTBA,RG,2130,1,D,EP,CC,D
11:02:03,PTBA,RG,2130,1,D,EP,CC,D
11:02:03,PTBA,RG,2130,1,D,EP,CC,D
11:02:03,PTBA,RG,2130,1,D,EP,CC,D
11:01:18,PTBA,RG,2130,1,D,EP,CC,D
11:01:15,PTBA,RG,2120,6,D,YP,OD,D
11:01:15,PTBA,RG,2120,16,D,CP,OD,D
11:01:14,PTBA,RG,2120,4,D,CP,OD,D
11:01:14,PTBA,RG,2120,7,D,YP,OD,D
11:01:13,PTBA,RG,2120,3,D,YP,OD,D
11:01:13,PTBA,RG,2120,19,D,YP,OD,D
11:01:13,PTBA,RG,2120,13,D,YP,OD,D
11:01:01,PTBA,RG,2130,100,D,KK,CC,D
11:00:55,PTBA,RG,2130,1,D,YP,CC,D
11:00:36,PTBA,RG,2130,8,D,XC,CC,D
11:00:36,PTBA,RG,2130,10,D,DR,CC,D
11:00:36,PTBA,RG,2130,3,D,YP,CC,D
11:00:36,PTBA,RG,2130,1,D,YP,CC,D
11:00:36,PTBA,RG,2130,1,D,PD,CC,D
11:00:36,PTBA,RG,2130,2,D,PD,CC,D
11:00:36,PTBA,RG,2130,9,D,PD,CC,D
11:00:36,PTBA,RG,2130,2,D,DH,CC,D
11:00:36,PTBA,RG,2130,170,D,YP,CC,D
11:00:27,PTBA,RG,2130,5,D,YP,XC,D
11:00:20,PTBA,RG,2130,19,D,YP,GR,D
11:00:18,PTBA,RG,2130,4,D,YP,XC,D
11:00:13,PTBA,RG,2130,10,D,YP,AG,D
10:59:50,PTBA,RG,2130,58,D,YP,YU,D
10:59:50,PTBA,RG,2130,1,D,KK,YU,D
10:59:50,PTBA,RG,2130,100,D,YP,YU,D
10:59:50,PTBA,RG,2130,10,D,NI,YU,D
10:59:50,PTBA,RG,2130,79,D,YP,YU,D
10:59:50,PTBA,RG,2130,1,D,PD,YU,D
10:59:50,PTBA,RG,2130,1,D,PD,YU,D
10:59:50,PTBA,RG,2130,50,D,YP,YU,D
10:59:50,PTBA,RG,2130,1,D,PD,YU,D
10:59:50,PTBA,RG,2130,5,D,PD,YU,D
10:59:50,PTBA,RG,2130,2,D,XC,YU,D
10:59:50,PTBA,RG,2130,50,D,CC,YU,D
10:59:50,PTBA,RG,2130,6,D,AZ,YU,D
10:59:50,PTBA,RG,2130,2,D,PD,YU,D
10:59:50,PTBA,RG,2130,3,D,PD,YU,D
10:59:50,PTBA,RG,2130,1000,D,NI,YU,D
10:59:50,PTBA,RG,2130,631,D,BQ,YU,D
10:57:36,PTBA,RG,2140,1,D,YP,YB,D
10:57:34,PTBA,RG,2130,10,D,BQ,PD,D
10:57:14,PTBA,RG,2130,3,D,BQ,KK,D
10:56:54,PTBA,RG,2140,20,D,LG,YB,D
10:56:51,PTBA,RG,2130,10,D,BQ,CC,D
10:56:44,PTBA,RG,2140,1,D,XC,YB,D
10:56:40,PTBA,RG,2130,2,D,BQ,YU,D
10:56:33,PTBA,RG,2140,1,D,XC,YB,D
10:56:03,PTBA,RG,2140,194,D,AT,YB,D
10:56:03,PTBA,RG,2140,1,D,AT,PD,D
10:56:03,PTBA,RG,2140,5,D,AT,PD,D
10:56:03,PTBA,RG,2140,1,D,AT,YP,D
10:56:03,PTBA,RG,2140,20,D,AT,FS,D
10:56:03,PTBA,RG,2140,1,D,AT,PD,D
10:56:03,PTBA,RG,2140,38,D,AT,CC,D
10:55:44,PTBA,RG,2130,5,D,BQ,BQ,D
10:55:25,PTBA,RG,2130,10,D,BQ,NI,D
10:55:17,PTBA,RG,2140,5,D,YP,CC,D
10:55:15,PTBA,RG,2130,25,D,BQ,YP,D
10:55:14,PTBA,RG,2130,1,D,BQ,PD,D
10:54:34,PTBA,RG,2130,71,D,BQ,YP,D
10:54:34,PTBA,RG,2130,131,D,YP,YP,D
10:54:25,PTBA,RG,2130,35,D,YP,CC,D
10:54:00,PTBA,RG,2130,1,D,YP,CC,D
10:53:30,PTBA,RG,2130,2,D,YP,EP,D
10:53:29,PTBA,RG,2130,1,D,YP,XC,D
10:53:18,PTBA,RG,2130,1,D,YP,PD,D
10:53:16,PTBA,RG,2130,2,D,YP,KK,D
10:51:50,PTBA,RG,2130,727,D,YP,YP,D
10:51:50,PTBA,RG,2130,5,D,NI,YP,D
10:51:50,PTBA,RG,2130,18,D,NI,YP,D
10:51:33,PTBA,RG,2130,15,D,NI,ZP,D
10:50:46,PTBA,RG,2130,9,D,NI,PD,D
10:50:42,PTBA,RG,2130,73,D,NI,YP,D
10:50:37,PTBA,RG,2130,5,D,NI,YP,D
10:50:23,PTBA,RG,2130,2,D,NI,CC,D
10:49:35,PTBA,RG,2140,1,D,XC,CC,D
10:49:16,PTBA,RG,2140,4,D,PD,CC,D
10:48:31,PTBA,RG,2130,20,D,NI,YP,D
10:48:31,PTBA,RG,2130,19,D,NI,ZP,F
10:48:31,PTBA,RG,2130,20,D,NI,DR,D
10:48:31,PTBA,RG,2130,50,D,NI,YP,D
10:48:31,PTBA,RG,2130,5,D,NI,NI,D
10:48:31,PTBA,RG,2130,1,D,NI,YU,D
10:48:31,PTBA,RG,2130,471,D,NI,CS,F
10:48:31,PTBA,RG,2130,292,D,NI,CS,F
10:48:21,PTBA,RG,2130,93,D,IF,CS,F
10:48:17,PTBA,RG,2130,25,D,DR,CS,F
10:48:05,PTBA,RG,2130,36,D,DH,CS,F
10:48:05,PTBA,RG,2130,1,D,DH,YU,D
10:48:05,PTBA,RG,2130,1,D,DH,YU,D
10:48:05,PTBA,RG,2130,1,D,DH,ZP,F
10:48:05,PTBA,RG,2130,61,D,DH,SQ,D
10:47:45,PTBA,RG,2130,1,D,XC,SQ,D
10:47:24,PTBA,RG,2130,1,D,XC,SQ,D
10:47:05,PTBA,RG,2130,1,D,NI,SQ,D
10:47:02,PTBA,RG,2120,10,D,YP,CC,D
10:46:49,PTBA,RG,2120,15,D,YP,YP,D
10:46:40,PTBA,RG,2120,3,D,YP,YU,D
10:46:38,PTBA,RG,2120,15,D,YP,XC,D
10:46:34,PTBA,RG,2120,3,D,YP,XC,D
10:46:29,PTBA,RG,2130,9,D,NI,SQ,D
10:46:28,PTBA,RG,2120,6,D,YP,CC,D
10:46:26,PTBA,RG,2130,1,D,PD,SQ,D
10:46:13,PTBA,RG,2120,1,D,YP,DH,D
10:45:15,PTBA,RG,2120,4,D,YP,PD,D
10:45:06,PTBA,RG,2120,11,D,YP,CC,D
10:45:06,PTBA,RG,2120,4,D,NI,CC,D
10:44:57,PTBA,RG,2120,6,D,NI,KK,D
10:44:44,PTBA,RG,2130,2,D,NI,SQ,D
10:43:51,PTBA,RG,2130,4,D,DH,SQ,D
10:43:51,PTBA,RG,2130,5,D,PD,SQ,D
10:43:51,PTBA,RG,2130,10,D,DR,SQ,D
10:43:51,PTBA,RG,2130,10,D,NI,SQ,D
10:43:51,PTBA,RG,2130,50,D,DH,SQ,D
10:43:51,PTBA,RG,2130,2,D,NI,SQ,D
10:43:51,PTBA,RG,2130,1,D,XC,SQ,D
10:43:51,PTBA,RG,2130,1,D,NI,SQ,D
10:43:51,PTBA,RG,2130,10,D,PD,SQ,D
10:43:51,PTBA,RG,2130,5,D,PD,SQ,D
10:43:51,PTBA,RG,2130,7,D,DH,SQ,D
10:43:51,PTBA,RG,2130,1,D,PD,SQ,D
10:43:51,PTBA,RG,2130,5,D,DH,SQ,D
10:43:51,PTBA,RG,2130,1,D,DR,SQ,D
10:43:51,PTBA,RG,2130,25,D,CC,SQ,D
10:43:51,PTBA,RG,2130,10,D,CC,SQ,D
10:43:51,PTBA,RG,2130,5,D,AZ,SQ,D
10:43:51,PTBA,RG,2130,24,D,PD,SQ,D
10:43:51,PTBA,RG,2130,4,D,YP,SQ,D
10:43:51,PTBA,RG,2130,5,D,XC,SQ,D
10:43:51,PTBA,RG,2130,2,D,YP,SQ,D
10:43:51,PTBA,RG,2130,10,D,YP,SQ,D
10:43:51,PTBA,RG,2130,1,D,YB,SQ,D
10:43:51,PTBA,RG,2130,15,D,NI,SQ,D
10:43:51,PTBA,RG,2130,1,D,PD,SQ,D
10:43:51,PTBA,RG,2130,10,D,YB,SQ,D
10:43:51,PTBA,RG,2130,39,D,PD,SQ,D
10:43:51,PTBA,RG,2130,50,D,XC,SQ,D
10:43:51,PTBA,RG,2130,5,D,PD,SQ,D
10:43:51,PTBA,RG,2130,2,D,DH,SQ,D
10:43:51,PTBA,RG,2130,1,D,XC,SQ,D
10:43:51,PTBA,RG,2130,1,D,NI,SQ,D
10:43:51,PTBA,RG,2130,15,D,GR,SQ,D
10:43:51,PTBA,RG,2130,30,D,YP,SQ,D
10:43:51,PTBA,RG,2130,1,D,PD,SQ,D
10:43:51,PTBA,RG,2130,1,D,YP,SQ,D
10:43:51,PTBA,RG,2130,3,D,CC,SQ,D
10:43:51,PTBA,RG,2130,200,D,DR,SQ,D
10:43:51,PTBA,RG,2130,5,D,PD,SQ,D
10:43:51,PTBA,RG,2130,10,D,PD,SQ,D
10:43:51,PTBA,RG,2130,100,D,YP,SQ,D
10:43:51,PTBA,RG,2130,11,D,PD,SQ,D
10:43:51,PTBA,RG,2130,1,D,XC,SQ,D
10:43:51,PTBA,RG,2130,1,D,PD,SQ,D
10:43:51,PTBA,RG,2130,100,D,YP,SQ,D
10:43:51,PTBA,RG,2130,50,D,CP,SQ,D
10:43:51,PTBA,RG,2130,1,D,YP,SQ,D
10:43:51,PTBA,RG,2130,40,D,AO,SQ,D
10:43:51,PTBA,RG,2130,33,D,AO,SQ,D
10:43:48,PTBA,RG,2130,7,D,AO,NI,D
10:43:48,PTBA,RG,2130,2,D,PD,NI,D
10:43:48,PTBA,RG,2130,6,D,NI,NI,D
10:43:48,PTBA,RG,2130,10,D,PD,NI,D
10:43:48,PTBA,RG,2130,25,D,PD,NI,D
10:43:48,PTBA,RG,2130,50,D,PD,NI,D
10:43:35,PTBA,RG,2130,50,D,PD,EP,D
10:43:35,PTBA,RG,2130,25,D,EP,EP,D
10:43:28,PTBA,RG,2130,9,D,YP,YP,D
10:43:23,PTBA,RG,2130,17,D,YP,CC,D
10:43:20,PTBA,RG,2130,1000,D,YP,SQ,D
10:42:47,PTBA,RG,2140,2,D,PD,CC,D
10:42:07,PTBA,RG,2140,1,D,XC,CC,D
10:41:21,PTBA,RG,2140,1,D,YB,CC,D
10:41:07,PTBA,RG,2140,1,D,NI,CC,D
10:40:21,PTBA,RG,2140,47,D,YP,CC,D
10:40:21,PTBA,RG,2140,1,D,YP,YU,D
10:40:21,PTBA,RG,2140,1,D,YP,PD,D
10:40:21,PTBA,RG,2140,1,D,YP,PD,D
10:40:03,PTBA,RG,2130,20,D,YP,PD,D
10:39:38,PTBA,RG,2130,2,D,YP,YP,D
10:39:09,PTBA,RG,2130,25,D,YP,XC,D
10:38:35,PTBA,RG,2130,1,D,YP,XC,D
10:37:23,PTBA,RG,2140,9,D,YP,PD,D
10:37:23,PTBA,RG,2140,1,D,YP,ZP,F
10:36:52,PTBA,RG,2140,61,D,PD,CC,F
10:36:35,PTBA,RG,2140,1,D,CC,CC,F
10:36:28,PTBA,RG,2140,1,D,YP,CC,F
10:36:23,PTBA,RG,2140,16,D,YP,CC,F
10:36:20,PTBA,RG,2140,85,D,YP,CC,F
10:36:20,PTBA,RG,2140,1,D,YP,CC,D
10:36:20,PTBA,RG,2140,1,D,YP,ZP,F
10:36:20,PTBA,RG,2140,10,D,YP,PD,D
10:36:20,PTBA,RG,2140,1,D,YP,PD,D
10:36:20,PTBA,RG,2140,50,D,YP,YP,D
10:36:20,PTBA,RG,2140,24,D,YP,XA,D
10:36:13,PTBA,RG,2140,6,D,YP,XA,D
10:36:13,PTBA,RG,2140,10,D,YP,YU,D
10:36:13,PTBA,RG,2140,12,D,YP,YP,D
10:36:13,PTBA,RG,2140,37,D,YP,ZP,F
10:36:13,PTBA,RG,2140,1,D,YP,YU,D
10:36:13,PTBA,RG,2140,20,D,YP,SQ,D
10:36:13,PTBA,RG,2140,1,D,YP,PD,D
10:36:13,PTBA,RG,2140,3,D,YP,XC,D
10:36:13,PTBA,RG,2140,125,D,YP,NI,D
10:36:13,PTBA,RG,2140,1,D,YP,IF,D
10:36:13,PTBA,RG,2140,1000,D,YP,RX,D
10:36:13,PTBA,RG,2140,8,D,YP,NI,D
10:36:13,PTBA,RG,2140,100,D,YP,HD,D
10:36:13,PTBA,RG,2140,1,D,YP,XC,D
10:36:13,PTBA,RG,2140,20,D,YP,DR,D
10:36:13,PTBA,RG,2140,10,D,YP,NI,D
10:36:13,PTBA,RG,2140,487,D,YP,ZP,D
10:36:11,PTBA,RG,2140,1,D,YP,ZP,D
10:35:53,PTBA,RG,2140,12,D,EP,ZP,D
10:35:53,PTBA,RG,2140,8,D,EP,NI,D
10:35:36,PTBA,RG,2130,3,D,YP,KK,D
10:35:28,PTBA,RG,2140,2,D,PD,NI,D
10:35:28,PTBA,RG,2140,1,D,PD,XC,D
10:35:18,PTBA,RG,2140,20,D,EP,XA,D
10:34:48,PTBA,RG,2140,2,D,PD,YU,D
10:34:48,PTBA,RG,2140,1,D,PD,YU,D
10:34:48,PTBA,RG,2140,7,D,PD,FS,D
10:34:17,PTBA,RG,2140,2,D,YP,FS,D
10:33:29,PTBA,RG,2140,7,D,KK,FS,D
10:33:28,PTBA,RG,2130,36,D,YP,EP,D
10:33:23,PTBA,RG,2140,1,D,XC,FS,D
10:33:20,PTBA,RG,2130,3,D,YP,PD,D
10:33:20,PTBA,RG,2130,3,D,YP,YU,D
10:32:44,PTBA,RG,2140,30,D,PD,FS,D
10:32:44,PTBA,RG,2140,14,D,NI,FS,D
10:32:44,PTBA,RG,2140,3,D,XC,FS,D
10:32:44,PTBA,RG,2140,3,D,LG,FS,D
10:32:44,PTBA,RG,2140,5,D,DH,FS,D
10:32:44,PTBA,RG,2140,3,D,PD,FS,D
10:32:44,PTBA,RG,2140,50,D,OD,FS,D
10:32:44,PTBA,RG,2140,111,D,EP,FS,D
10:32:44,PTBA,RG,2140,1,D,NI,FS,D
10:32:44,PTBA,RG,2140,10,D,CC,FS,D
10:32:44,PTBA,RG,2140,1,D,XC,FS,D
10:32:44,PTBA,RG,2140,2,D,KK,FS,D
10:32:40,PTBA,RG,2140,3,D,KK,YP,D
10:32:37,PTBA,RG,2140,5,D,KK,NI,D
10:32:28,PTBA,RG,2140,18,D,KK,YP,D
10:32:21,PTBA,RG,2140,2,D,KK,PD,D
10:32:17,PTBA,RG,2140,7,D,KK,DR,D
10:32:17,PTBA,RG,2140,10,D,KK,YP,D
10:32:17,PTBA,RG,2140,140,D,CC,YP,D
10:32:13,PTBA,RG,2140,860,D,CC,CP,D
10:32:13,PTBA,RG,2140,2,D,PD,CP,D
10:32:13,PTBA,RG,2140,1,D,YP,CP,D
10:32:13,PTBA,RG,2140,6,D,XC,CP,D
10:32:13,PTBA,RG,2140,50,D,YP,CP,D
10:32:13,PTBA,RG,2140,19,D,AT,CP,D
10:32:13,PTBA,RG,2140,24,D,PD,CP,D
10:32:13,PTBA,RG,2140,1,D,XC,CP,D
10:32:13,PTBA,RG,2140,5,D,YP,CP,D
10:32:13,PTBA,RG,2140,33,D,PD,CP,D
10:32:13,PTBA,RG,2140,21,D,YP,CP,D
10:32:13,PTBA,RG,2140,12,D,KK,CP,D
10:32:13,PTBA,RG,2140,30,D,CC,CP,D
10:32:13,PTBA,RG,2140,2,D,YP,CP,D
10:32:13,PTBA,RG,2140,25,D,AT,CP,D
10:32:13,PTBA,RG,2140,23,D,YP,CP,D
10:32:13,PTBA,RG,2140,2,D,PD,CP,D
10:32:13,PTBA,RG,2140,50,D,YB,CP,D
10:32:13,PTBA,RG,2140,20,D,AT,CP,D
10:32:13,PTBA,RG,2140,5,D,YP,CP,D
10:32:13,PTBA,RG,2140,50,D,PD,CP,D
10:32:13,PTBA,RG,2140,10,D,SQ,CP,D
10:32:13,PTBA,RG,2140,10,D,PD,CP,D
10:32:13,PTBA,RG,2140,10,D,YP,CP,D
10:32:13,PTBA,RG,2140,1,D,PD,CP,D
10:32:13,PTBA,RG,2140,2,D,XC,CP,D
10:32:13,PTBA,RG,2140,1,D,PD,CP,D
10:32:13,PTBA,RG,2140,2,D,DX,CP,D
10:32:13,PTBA,RG,2140,1,D,PD,CP,D
10:32:13,PTBA,RG,2140,2,D,NI,CP,D
10:32:13,PTBA,RG,2140,1,D,PD,CP,D
10:32:13,PTBA,RG,2140,3,D,YP,CP,D
10:32:13,PTBA,RG,2140,1,D,PD,CP,D
10:32:13,PTBA,RG,2140,1,D,DX,CP,D
10:32:13,PTBA,RG,2140,1,D,PD,CP,D
10:32:13,PTBA,RG,2140,200,D,YP,CP,D
10:32:13,PTBA,RG,2140,3,D,CC,CP,D
10:32:13,PTBA,RG,2140,3,D,NI,CP,D
10:32:13,PTBA,RG,2140,47,D,XC,CP,D
10:32:13,PTBA,RG,2140,10,D,KK,CP,D
10:32:13,PTBA,RG,2140,45,D,PD,CP,D
10:32:13,PTBA,RG,2140,1,D,XC,CP,D
10:32:13,PTBA,RG,2140,1,D,AT,CP,D
10:32:13,PTBA,RG,2140,3,D,XA,CP,D
10:32:13,PTBA,RG,2140,84,D,CC,CP,D
10:32:13,PTBA,RG,2140,2,F,TP,CP,D
10:32:13,PTBA,RG,2140,1,D,YP,CP,D
10:32:13,PTBA,RG,2140,100,D,YJ,CP,D
10:32:13,PTBA,RG,2140,1,D,CC,CP,D
10:32:13,PTBA,RG,2140,2,D,CC,CP,D
10:32:13,PTBA,RG,2140,1,D,NI,CP,D
10:32:13,PTBA,RG,2140,80,D,EP,CP,D
10:32:13,PTBA,RG,2140,1,D,XC,CP,D
10:32:13,PTBA,RG,2140,1,D,XC,CP,D
10:32:13,PTBA,RG,2140,5,D,LG,CP,D
10:32:13,PTBA,RG,2140,10,D,YB,CP,D
10:32:13,PTBA,RG,2140,5,D,CC,CP,D
10:32:13,PTBA,RG,2140,10,D,CC,CP,D
10:32:13,PTBA,RG,2140,97,D,LG,CP,D
10:31:46,PTBA,RG,2140,1,D,LG,KK,D
10:31:34,PTBA,RG,2140,102,D,LG,CD,D
10:31:34,PTBA,RG,2140,2,D,PD,CD,D
10:31:34,PTBA,RG,2140,382,D,CD,CD,D
10:31:29,PTBA,RG,2150,10,D,PD,ZP,F
10:31:23,PTBA,RG,2150,5,D,DH,ZP,F
10:31:12,PTBA,RG,2140,5,D,CD,CC,D
10:31:08,PTBA,RG,2140,63,D,CD,ZP,F
10:31:08,PTBA,RG,2140,40,D,CD,KK,D
10:30:56,PTBA,RG,2140,4,D,CD,CC,D
10:30:54,PTBA,RG,2140,5,D,CD,NI,D
10:30:53,PTBA,RG,2140,6,D,CD,ZP,F
10:30:53,PTBA,RG,2140,1524,D,CD,GR,D
10:30:51,PTBA,RG,2140,139,D,CD,DR,D
10:30:47,PTBA,RG,2140,2,D,CD,PD,D
10:30:43,PTBA,RG,2140,5,D,CD,XC,D
10:30:41,PTBA,RG,2140,1,D,CD,XC,D
10:30:37,PTBA,RG,2140,1,D,CD,ZP,F
10:30:27,PTBA,RG,2140,1,D,CD,ZP,F
10:30:26,PTBA,RG,2140,10,D,CD,KK,D
10:30:00,PTBA,RG,2140,2,D,CD,YU,D
10:30:00,PTBA,RG,2140,6,D,CD,AT,D
10:29:43,PTBA,RG,2140,10,D,CD,SQ,D
10:29:42,PTBA,RG,2140,1,D,CD,ZP,F
10:29:30,PTBA,RG,2150,3,D,DH,GR,D
10:29:30,PTBA,RG,2140,1,D,CD,ZP,F
10:29:12,PTBA,RG,2140,1,D,CD,XC,D
10:29:10,PTBA,RG,2150,1,D,DH,GR,D
10:29:07,PTBA,RG,2150,5,D,PD,GR,D
10:29:06,PTBA,RG,2140,2,D,CD,ZP,F
10:29:05,PTBA,RG,2150,20,D,OD,GR,D
10:28:57,PTBA,RG,2150,50,D,PD,GR,D
10:28:53,PTBA,RG,2140,4,D,CD,NI,D
10:28:48,PTBA,RG,2140,1,D,CD,ZP,F
10:28:40,PTBA,RG,2140,5,D,CD,CC,D
10:28:30,PTBA,RG,2140,1,D,CD,ZP,F
10:28:29,PTBA,RG,2140,20,D,CD,AZ,D
10:28:25,PTBA,RG,2150,2,D,EP,GR,D
10:28:18,PTBA,RG,2140,10,D,CD,YP,D
10:28:17,PTBA,RG,2140,1,D,CD,ZP,F
10:28:09,PTBA,RG,2150,1,D,NI,GR,D
10:28:08,PTBA,RG,2140,5,D,CD,XC,D
10:27:58,PTBA,RG,2150,1,D,PD,GR,D
10:27:50,PTBA,RG,2140,1,D,CD,YP,D
10:27:44,PTBA,RG,2140,1,D,CD,NI,D
10:27:27,PTBA,RG,2140,1,D,CD,ZP,F
10:27:20,PTBA,RG,2140,5,D,CD,NI,D
10:27:14,PTBA,RG,2140,1,D,CD,ZP,F
10:27:07,PTBA,RG,2140,17,D,CD,YP,D
10:26:49,PTBA,RG,2150,1,D,NI,GR,D
10:26:45,PTBA,RG,2150,4,D,EP,GR,D
10:26:40,PTBA,RG,2140,2,D,CD,YU,D
10:26:33,PTBA,RG,2140,1,D,CD,ZP,F
10:26:17,PTBA,RG,2150,2,D,XC,GR,D
10:26:03,PTBA,RG,2150,5,D,AZ,GR,D
10:25:52,PTBA,RG,2140,1,D,CD,PD,D
10:25:37,PTBA,RG,2140,5,D,CD,ZP,F
10:25:37,PTBA,RG,2140,1,D,CD,XC,D
10:25:25,PTBA,RG,2140,100,D,CD,CC,D
10:25:22,PTBA,RG,2140,1,D,CD,ZP,F
10:25:04,PTBA,RG,2140,30,D,CD,KK,D
10:24:53,PTBA,RG,2140,1,D,CD,ZP,F
10:24:32,PTBA,RG,2150,1,D,PD,GR,D
10:24:23,PTBA,RG,2150,1,D,CC,GR,D
10:24:17,PTBA,RG,2150,1,D,EP,GR,D
10:24:17,PTBA,RG,2150,1,D,EP,GR,D
10:24:17,PTBA,RG,2150,1,D,EP,GR,D
10:24:17,PTBA,RG,2150,1,D,EP,GR,D
10:24:17,PTBA,RG,2150,1,D,EP,GR,D
10:24:11,PTBA,RG,2140,1,D,CD,ZP,F
10:23:36,PTBA,RG,2140,1,D,CD,ZP,F
10:23:36,PTBA,RG,2150,12,D,KK,GR,D
10:23:33,PTBA,RG,2150,1,D,PD,GR,D
10:23:30,PTBA,RG,2150,2,D,DH,GR,D
10:23:19,PTBA,RG,2150,1,D,PD,GR,D
10:23:11,PTBA,RG,2140,4,D,CD,ZP,F
10:23:05,PTBA,RG,2140,25,D,CD,ZP,D
10:22:57,PTBA,RG,2150,23,D,YP,GR,D
10:22:54,PTBA,RG,2140,2,D,CD,NI,D
10:22:53,PTBA,RG,2140,41,D,CD,NI,D
10:22:53,PTBA,RG,2140,3,D,PD,NI,D
10:22:46,PTBA,RG,2140,5,D,PD,ZP,F
10:22:44,PTBA,RG,2140,3,D,PD,YP,D
10:22:44,PTBA,RG,2140,98,D,YU,YP,D
10:22:16,PTBA,RG,2140,1,D,YU,ZP,F
10:22:08,PTBA,RG,2140,15,D,YU,CC,D
10:21:46,PTBA,RG,2140,1,D,YU,ZP,F
10:21:46,PTBA,RG,2150,1,D,NI,GR,D
10:21:39,PTBA,RG,2150,9,D,TP,GR,D
10:21:29,PTBA,RG,2150,2,D,PD,GR,D
10:21:06,PTBA,RG,2140,1,D,YU,ZP,F
10:20:44,PTBA,RG,2150,2,D,EP,GR,D
10:20:35,PTBA,RG,2150,5,D,KK,GR,D
10:20:30,PTBA,RG,2150,3,D,YP,GR,D
10:20:24,PTBA,RG,2140,1,D,YU,ZP,F
10:20:24,PTBA,RG,2150,2,D,DH,GR,D
10:20:19,PTBA,RG,2150,7,D,CC,GR,D
10:20:06,PTBA,RG,2150,1,D,XC,GR,D
10:20:03,PTBA,RG,2140,1,D,YU,NI,D
10:20:01,PTBA,RG,2140,3,D,YU,YU,D
10:19:55,PTBA,RG,2140,1,D,YU,ZP,F
10:19:50,PTBA,RG,2150,1,D,XC,GR,D
10:19:47,PTBA,RG,2150,1,D,PD,GR,D
10:19:42,PTBA,RG,2140,3,D,YU,ZP,F
10:19:31,PTBA,RG,2150,10,D,CC,GR,D
10:19:23,PTBA,RG,2140,30,D,YU,CC,D
10:19:23,PTBA,RG,2140,10,D,YU,PD,D
10:18:37,PTBA,RG,2140,3,D,YU,NI,D
10:18:29,PTBA,RG,2140,1,D,YU,ZP,F
10:18:24,PTBA,RG,2150,1,D,YP,GR,D
10:18:20,PTBA,RG,2150,1,D,XC,GR,D
10:18:06,PTBA,RG,2150,1,D,PD,GR,D
10:18:05,PTBA,RG,2140,1,D,YU,PD,D
10:17:54,PTBA,RG,2140,4,D,YU,ZP,F
10:17:53,PTBA,RG,2140,2,D,YU,NI,D
10:17:49,PTBA,RG,2140,87,D,YU,CC,D
10:17:37,PTBA,RG,2140,21,D,YU,ZP,F
10:17:33,PTBA,RG,2140,500,D,YU,AG,D
10:16:58,PTBA,RG,2140,1,D,YU,ZP,F
10:16:50,PTBA,RG,2140,1,D,YU,ZP,F
10:16:49,PTBA,RG,2140,1,D,YU,PD,D
10:16:41,PTBA,RG,2150,8,D,CC,GR,D
10:16:41,PTBA,RG,2140,14,D,YU,PD,D
10:16:40,PTBA,RG,2140,2,D,YU,CC,D
10:16:38,PTBA,RG,2140,1,D,YU,ZP,F
10:16:31,PTBA,RG,2140,20,D,YU,PD,D
10:16:29,PTBA,RG,2140,5,D,YU,NI,D
10:16:24,PTBA,RG,2140,1,D,YU,ZP,F
10:16:19,PTBA,RG,2140,1,D,YU,XC,D
10:16:17,PTBA,RG,2140,5,D,YU,TP,D
10:16:09,PTBA,RG,2140,10,D,YU,XC,D
10:15:58,PTBA,RG,2140,1,D,YU,ZP,F
10:15:54,PTBA,RG,2150,1,D,YP,GR,D
10:15:46,PTBA,RG,2150,1,D,PD,GR,D
10:15:40,PTBA,RG,2140,3,D,YU,ZP,F
10:15:31,PTBA,RG,2140,10,D,YU,NI,D
10:15:31,PTBA,RG,2140,1,D,YU,ZP,F
10:15:30,PTBA,RG,2140,65,D,YU,HP,D
10:15:15,PTBA,RG,2140,3,D,YU,PD,D
10:15:10,PTBA,RG,2140,10,D,YU,DR,D
10:15:06,PTBA,RG,2140,1,D,YU,ZP,F
10:15:05,PTBA,RG,2140,1,D,YU,DR,D
10:15:05,PTBA,RG,2140,1,D,YU,PD,D
10:14:47,PTBA,RG,2140,1,D,YU,ZP,F
10:14:34,PTBA,RG,2150,1,D,CC,GR,D
10:14:33,PTBA,RG,2140,25,D,YU,YP,D
10:14:16,PTBA,RG,2140,5,D,YU,ZP,F
10:14:03,PTBA,RG,2150,100,D,YJ,GR,D
10:14:00,PTBA,RG,2140,5,D,YU,NI,D
10:13:47,PTBA,RG,2140,4,D,YU,XC,D
10:13:46,PTBA,RG,2140,1,D,YU,ZP,F
10:13:34,PTBA,RG,2140,1,D,YU,ZP,F
10:13:30,PTBA,RG,2140,1,D,YU,PD,D
10:13:29,PTBA,RG,2150,5,D,YU,GR,D
10:13:27,PTBA,RG,2140,1,D,YU,PD,D
10:13:27,PTBA,RG,2140,1,D,YU,XC,D
10:13:10,PTBA,RG,2140,29,D,YU,ZP,F
10:13:08,PTBA,RG,2150,2,D,PD,GR,D
10:13:08,PTBA,RG,2150,2,F,TP,GR,D
10:13:08,PTBA,RG,2150,24,D,SQ,GR,D
10:13:08,PTBA,RG,2150,30,D,CC,GR,D
10:13:08,PTBA,RG,2150,1,D,YP,GR,D
10:13:08,PTBA,RG,2150,20,D,CC,GR,D
10:13:08,PTBA,RG,2150,1,D,YP,GR,D
10:13:08,PTBA,RG,2150,5,D,DR,GR,D
10:13:08,PTBA,RG,2150,1,D,CC,GR,D
10:13:08,PTBA,RG,2150,586,D,CC,GR,D
10:13:02,PTBA,RG,2160,1,D,DH,YU,D
10:13:02,PTBA,RG,2150,1,D,CC,PD,D
10:13:01,PTBA,RG,2150,12,D,CC,ZP,F
10:13:01,PTBA,RG,2150,25,D,CC,GR,D
10:12:58,PTBA,RG,2150,300,D,CC,CC,D
10:12:54,PTBA,RG,2150,8,D,CC,ZP,F
10:12:50,PTBA,RG,2150,49,D,CC,CC,D
10:12:49,PTBA,RG,2150,34,D,CC,YP,D
10:12:45,PTBA,RG,2150,100,D,CC,EP,D
10:12:41,PTBA,RG,2150,3,D,CC,CC,D
10:12:40,PTBA,RG,2150,1,D,CC,PD,D
10:12:31,PTBA,RG,2150,2,D,CC,ZP,F
10:12:27,PTBA,RG,2160,2,D,HD,YU,D
10:12:27,PTBA,RG,2160,4,D,HD,YU,D
10:12:27,PTBA,RG,2160,3,D,HD,YU,D
10:12:27,PTBA,RG,2160,2,D,HD,YU,D
10:12:27,PTBA,RG,2160,3,D,HD,YU,D
10:12:27,PTBA,RG,2160,2,D,HD,YU,D
10:12:27,PTBA,RG,2160,2,D,HD,YU,D
10:12:27,PTBA,RG,2160,2,D,HD,YU,D
10:12:27,PTBA,RG,2160,2,D,HD,YU,D
10:12:27,PTBA,RG,2160,2,D,HD,YU,D
10:12:27,PTBA,RG,2160,2,D,HD,YU,D
10:12:27,PTBA,RG,2160,1,D,HD,YU,D
10:12:27,PTBA,RG,2160,1,D,HD,YU,D
10:12:27,PTBA,RG,2160,1,D,HD,YU,D
10:12:27,PTBA,RG,2160,1,D,HD,YU,D
10:12:27,PTBA,RG,2160,1,D,HD,YU,D
10:12:27,PTBA,RG,2160,1,D,HD,YU,D
10:12:27,PTBA,RG,2160,1,D,HD,YU,D
10:12:27,PTBA,RG,2160,1,D,HD,YU,D
10:12:27,PTBA,RG,2160,1,D,HD,YU,D
10:12:27,PTBA,RG,2160,1,D,HD,YU,D
10:12:27,PTBA,RG,2160,1,D,HD,YU,D
10:12:27,PTBA,RG,2160,1,D,HD,YU,D
10:12:27,PTBA,RG,2160,1,D,HD,YU,D
10:12:27,PTBA,RG,2160,1,D,HD,YU,D
10:12:27,PTBA,RG,2160,2,D,HD,YU,D
10:12:27,PTBA,RG,2160,2,D,HD,YU,D
10:12:27,PTBA,RG,2160,2,D,HD,YU,D
10:12:27,PTBA,RG,2160,2,D,HD,YU,D
10:12:27,PTBA,RG,2160,2,D,HD,YU,D
10:12:26,PTBA,RG,2150,2,D,CC,YP,D
10:12:25,PTBA,RG,2160,1,D,NI,YU,D
10:12:23,PTBA,RG,2160,1,D,PD,YU,D
10:12:15,PTBA,RG,2150,1,D,CC,ZP,F
10:12:05,PTBA,RG,2150,5,D,CC,PD,D
10:11:59,PTBA,RG,2150,1,D,CC,XC,D
10:11:58,PTBA,RG,2150,1,D,CC,ZP,F
10:11:51,PTBA,RG,2150,2,D,CC,ZP,F
10:11:43,PTBA,RG,2150,2,D,CC,XC,D
10:11:42,PTBA,RG,2160,4,D,PD,YU,D
10:11:38,PTBA,RG,2150,60,D,CC,YP,D
10:11:38,PTBA,RG,2150,3,D,CC,ZP,F
10:11:36,PTBA,RG,2150,5,D,CC,DH,D
10:11:34,PTBA,RG,2150,1,D,CC,ZP,F
10:11:34,PTBA,RG,2160,50,D,NI,YU,D
10:11:24,PTBA,RG,2150,5,D,CC,XC,D
10:11:21,PTBA,RG,2150,1,D,CC,ZP,F
10:11:20,PTBA,RG,2150,5,D,CC,NI,D
10:11:07,PTBA,RG,2150,10,D,CC,CC,D
10:11:01,PTBA,RG,2150,4,D,CC,CC,D
10:10:57,PTBA,RG,2150,6,D,CC,ZP,F
10:10:54,PTBA,RG,2160,150,D,YP,YU,D
10:10:46,PTBA,RG,2150,1,D,CC,LG,D
10:10:45,PTBA,RG,2150,9,D,CC,ZP,F
10:10:40,PTBA,RG,2150,1,D,CC,AT,D
10:10:38,PTBA,RG,2150,10,D,CC,YP,D
10:10:37,PTBA,RG,2150,203,D,CC,GR,D
10:10:37,PTBA,RG,2150,5,D,CC,ZP,F
10:10:30,PTBA,RG,2150,1,D,CC,LG,D
10:10:29,PTBA,RG,2150,35,D,CC,DH,D
10:10:29,PTBA,RG,2150,2,D,DR,DH,D
10:10:29,PTBA,RG,2150,3,D,NI,DH,D
10:10:29,PTBA,RG,2150,4,D,NI,DH,D
10:10:29,PTBA,RG,2150,56,D,EP,DH,D
10:10:25,PTBA,RG,2150,3,D,EP,YP,D
10:10:23,PTBA,RG,2150,61,D,EP,ZP,F
10:10:22,PTBA,RG,2150,1000,D,EP,TP,D
10:10:18,PTBA,RG,2150,5,D,EP,YP,D
10:10:17,PTBA,RG,2150,7,D,EP,ZP,F
10:10:16,PTBA,RG,2150,500,D,EP,YP,D
10:10:14,PTBA,RG,2150,25,D,EP,YP,D
10:10:13,PTBA,RG,2150,120,D,EP,PD,D
10:10:12,PTBA,RG,2150,5,D,EP,ZP,F
10:10:12,PTBA,RG,2150,5,D,EP,KK,D
10:10:10,PTBA,RG,2150,1,D,EP,XC,D
10:10:05,PTBA,RG,2150,125,D,EP,CC,D
10:09:57,PTBA,RG,2150,152,D,EP,ZP,F
10:09:53,PTBA,RG,2150,5,D,EP,YP,D
10:09:53,PTBA,RG,2150,25,D,EP,ZP,F
10:09:53,PTBA,RG,2150,2,D,EP,XC,D
10:09:53,PTBA,RG,2150,10,D,EP,CC,D
10:09:53,PTBA,RG,2150,5,D,EP,XC,D
10:09:53,PTBA,RG,2150,31,D,EP,PD,D
10:09:53,PTBA,RG,2150,5,D,EP,CC,D
10:09:53,PTBA,RG,2150,5,D,EP,EP,D
10:09:53,PTBA,RG,2150,4,D,EP,KK,D
10:09:53,PTBA,RG,2150,1,D,EP,XC,D
10:09:53,PTBA,RG,2150,5,D,EP,PD,D
10:09:53,PTBA,RG,2150,10,D,EP,YU,D
10:09:53,PTBA,RG,2150,5,D,EP,OD,D
10:09:53,PTBA,RG,2150,20,D,EP,DR,D
10:09:53,PTBA,RG,2150,1,D,EP,PD,D
10:09:53,PTBA,RG,2150,1,D,EP,XC,D
10:09:53,PTBA,RG,2150,20,D,EP,EP,D
10:09:53,PTBA,RG,2150,5,D,EP,CC,D
10:09:53,PTBA,RG,2150,10,D,EP,DR,D
10:09:53,PTBA,RG,2150,5,D,EP,DR,D
10:09:53,PTBA,RG,2150,5,D,EP,YP,D
10:09:53,PTBA,RG,2150,1,D,EP,SQ,D
10:09:53,PTBA,RG,2150,2,D,EP,KK,D
10:09:53,PTBA,RG,2150,5,D,EP,XC,D
10:09:53,PTBA,RG,2150,5,D,EP,YP,D
10:09:53,PTBA,RG,2150,2,D,EP,XC,D
10:09:53,PTBA,RG,2150,24,D,EP,CC,D
10:09:53,PTBA,RG,2150,1,D,EP,KK,D
10:09:53,PTBA,RG,2150,20,D,EP,EP,D
10:09:53,PTBA,RG,2150,200,D,EP,XA,D
10:09:53,PTBA,RG,2150,15,D,EP,NI,D
10:09:53,PTBA,RG,2150,25,D,EP,YP,D
10:09:53,PTBA,RG,2150,1,D,EP,XC,D
10:09:53,PTBA,RG,2150,10,D,EP,PD,D
10:09:53,PTBA,RG,2150,3,D,EP,EP,D
10:09:53,PTBA,RG,2150,10,D,EP,NI,D
10:09:53,PTBA,RG,2150,53,D,EP,ZP,F
10:09:53,PTBA,RG,2150,4378,D,EP,BQ,D
10:09:52,PTBA,RG,2140,1,D,YU,XC,D
10:09:50,PTBA,RG,2150,20,D,LG,BQ,D
10:09:33,PTBA,RG,2140,11,D,YU,YP,D
10:09:29,PTBA,RG,2150,100,D,HP,BQ,D
10:09:25,PTBA,RG,2150,20,D,XA,BQ,D
10:09:19,PTBA,RG,2150,20,D,YP,BQ,D
10:09:12,PTBA,RG,2150,5,D,PD,BQ,D
10:09:07,PTBA,RG,2150,15,D,CC,BQ,D
10:09:06,PTBA,RG,2150,4,D,DH,BQ,D
10:09:00,PTBA,RG,2150,3,D,XC,BQ,D
10:08:52,PTBA,RG,2150,20,D,DX,BQ,D
10:08:52,PTBA,RG,2150,100,D,YP,BQ,D
10:08:51,PTBA,RG,2150,10,D,YP,BQ,D
10:08:44,PTBA,RG,2150,4,D,CC,BQ,D
10:08:43,PTBA,RG,2150,94,D,LS,BQ,D
10:08:42,PTBA,RG,2140,4,D,YU,DH,D
10:08:40,PTBA,RG,2140,10,D,YU,EP,D
10:08:32,PTBA,RG,2150,1,D,YP,BQ,D
10:08:29,PTBA,RG,2150,1,D,XC,BQ,D
10:08:24,PTBA,RG,2150,6,D,CC,BQ,D
10:08:24,PTBA,RG,2150,1,D,YP,BQ,D
10:08:12,PTBA,RG,2150,19,D,PD,BQ,D
10:08:10,PTBA,RG,2140,100,D,YU,YP,D
10:08:08,PTBA,RG,2150,1,D,CC,BQ,D
10:08:01,PTBA,RG,2150,5,D,CC,BQ,D
10:07:57,PTBA,RG,2150,2,D,PD,BQ,D
10:07:55,PTBA,RG,2140,1,D,YU,SQ,D
10:07:28,PTBA,RG,2150,5,D,PD,BQ,D
10:07:04,PTBA,RG,2140,20,D,YU,XC,D
10:07:02,PTBA,RG,2140,149,D,YU,SQ,D
10:07:02,PTBA,RG,2140,5,D,YU,EP,D
10:07:02,PTBA,RG,2140,1,D,YU,YU,D
10:07:02,PTBA,RG,2140,20,D,YU,KK,D
10:07:02,PTBA,RG,2140,2,D,YU,CC,D
10:07:02,PTBA,RG,2140,3,D,YU,PD,D
10:07:02,PTBA,RG,2140,1,D,YU,PD,D
10:07:02,PTBA,RG,2140,80,D,YU,YP,D
10:07:02,PTBA,RG,2140,1,D,YU,PD,D
10:07:02,PTBA,RG,2140,10,D,YU,NI,D
10:07:02,PTBA,RG,2140,5,D,YU,AZ,D
10:07:02,PTBA,RG,2140,2,D,YU,PD,D
10:07:02,PTBA,RG,2140,36,D,YU,ZP,F
10:07:02,PTBA,RG,2140,522,D,YU,RX,D
10:06:52,PTBA,RG,2130,18,D,YP,ZP,F
10:06:38,PTBA,RG,2140,12,D,XC,RX,D
10:06:34,PTBA,RG,2130,12,D,YP,ZP,F
10:06:33,PTBA,RG,2140,300,D,PD,RX,D
10:06:25,PTBA,RG,2140,5,D,NI,RX,D
10:06:23,PTBA,RG,2140,2,D,AT,RX,D
10:06:22,PTBA,RG,2140,1,D,XC,RX,D
10:06:20,PTBA,RG,2140,3,D,CC,RX,D
10:06:19,PTBA,RG,2140,4,D,PD,RX,D
10:06:19,PTBA,RG,2140,10,D,DH,RX,D
10:06:17,PTBA,RG,2140,4,D,PD,RX,D
10:06:14,PTBA,RG,2140,10,D,YB,RX,D
10:06:09,PTBA,RG,2140,1,D,YP,RX,D
10:06:08,PTBA,RG,2140,10,D,PD,RX,D
10:06:08,PTBA,RG,2140,116,D,PD,RX,D
10:06:05,PTBA,RG,2140,1,D,PD,PD,D
10:05:59,PTBA,RG,2140,1,D,YP,PD,D
10:05:57,PTBA,RG,2150,50,D,NI,BQ,D
10:05:56,PTBA,RG,2140,192,D,YJ,BK,F
10:05:55,PTBA,RG,2140,18,D,YJ,ZP,F
10:05:55,PTBA,RG,2140,18,D,YJ,ZP,F
10:05:54,PTBA,RG,2140,1,D,YJ,YU,D
10:05:54,PTBA,RG,2140,5,D,YJ,YP,D
10:05:54,PTBA,RG,2140,454,D,YJ,YU,D
10:05:54,PTBA,RG,2140,2,D,XC,YU,D
10:05:54,PTBA,RG,2140,35,D,YP,YU,D
10:05:54,PTBA,RG,2140,1,D,XC,YU,D
10:05:54,PTBA,RG,2140,3,D,PD,YU,D
10:05:54,PTBA,RG,2140,100,D,YP,YU,D
10:05:54,PTBA,RG,2140,200,D,DX,YU,D
10:05:54,PTBA,RG,2140,1,D,PD,YU,D
10:05:54,PTBA,RG,2140,1,D,XC,YU,D
10:05:54,PTBA,RG,2140,5,D,YP,YU,D
10:05:54,PTBA,RG,2140,157,D,XA,YU,D
10:05:54,PTBA,RG,2140,5,D,PD,YU,D
10:05:54,PTBA,RG,2140,2,D,PD,YU,D
10:05:54,PTBA,RG,2140,1,D,XC,YU,D
10:05:54,PTBA,RG,2140,3,D,PD,YU,D
10:05:54,PTBA,RG,2140,15,D,YP,YU,D
10:05:54,PTBA,RG,2140,15,D,YP,YU,D
10:05:53,PTBA,RG,2140,10,D,YP,KK,D
10:05:52,PTBA,RG,2140,5,D,YP,SQ,D
10:05:52,PTBA,RG,2140,5,D,NI,SQ,D
10:05:52,PTBA,RG,2140,140,D,DH,SQ,D
10:05:51,PTBA,RG,2140,50,D,DH,YP,D
10:05:50,PTBA,RG,2140,2,D,DH,GR,D
10:05:50,PTBA,RG,2140,8,D,DH,AG,D
10:05:50,PTBA,RG,2140,12,D,YP,AG,D
10:05:48,PTBA,RG,2140,3,D,YP,PD,D
10:05:48,PTBA,RG,2140,15,D,YP,PD,D
10:05:48,PTBA,RG,2140,1,D,YP,PD,D
10:05:39,PTBA,RG,2140,1,D,DH,XC,D
10:05:35,PTBA,RG,2140,10,D,DH,NI,D
10:05:28,PTBA,RG,2140,1,D,DH,PD,D
10:05:24,PTBA,RG,2140,1,D,DH,XC,D
10:05:24,PTBA,RG,2140,6,D,DH,ZP,F
10:05:23,PTBA,RG,2150,10,D,PD,BQ,D
10:05:21,PTBA,RG,2140,1,D,DH,HP,D
10:05:12,PTBA,RG,2140,35,D,DH,DR,D
10:05:12,PTBA,RG,2140,200,D,DR,ZP,F
10:05:12,PTBA,RG,2140,202,D,DR,ZP,F
10:05:11,PTBA,RG,2150,101,D,YP,BQ,D
10:05:08,PTBA,RG,2150,1,D,EP,BQ,D
10:05:08,PTBA,RG,2150,1,D,EP,BQ,D
10:05:08,PTBA,RG,2150,1,D,EP,BQ,D
10:05:08,PTBA,RG,2150,1,D,EP,BQ,D
10:05:08,PTBA,RG,2150,1,D,EP,BQ,D
10:05:03,PTBA,RG,2150,1,D,XC,BK,F
10:05:03,PTBA,RG,2150,1,D,YP,BK,F
10:05:03,PTBA,RG,2150,10,D,PD,BK,F
10:05:03,PTBA,RG,2150,5,D,YP,BK,F
10:05:03,PTBA,RG,2150,10,D,YP,BK,F
10:05:03,PTBA,RG,2150,25,D,CC,BK,F
10:05:03,PTBA,RG,2150,5,D,PD,BK,F
10:05:03,PTBA,RG,2150,20,D,PD,BK,F
10:05:03,PTBA,RG,2150,3,D,PD,BK,F
10:05:03,PTBA,RG,2150,1,D,XC,BK,F
10:05:03,PTBA,RG,2150,1,D,XC,BK,F
10:05:03,PTBA,RG,2150,5,D,PD,BK,F
10:05:03,PTBA,RG,2150,10,D,PD,BK,F
10:05:03,PTBA,RG,2150,1,D,XC,BK,F
10:05:03,PTBA,RG,2150,1,D,YP,BK,F
10:05:03,PTBA,RG,2150,150,D,YP,BK,F
10:05:03,PTBA,RG,2150,15,D,YP,BK,F
10:05:03,PTBA,RG,2150,1,D,PD,BK,F
10:05:03,PTBA,RG,2150,1600,D,YP,BK,F
10:05:03,PTBA,RG,2150,15,D,YP,BK,F
10:05:03,PTBA,RG,2150,25,D,SQ,BK,F
10:05:03,PTBA,RG,2150,3,D,NI,BK,F
10:05:03,PTBA,RG,2150,5000,D,ZP,BK,F
10:05:03,PTBA,RG,2150,50,D,XC,BK,F
10:05:03,PTBA,RG,2150,1,D,KK,BK,F
10:05:03,PTBA,RG,2150,1818,D,YB,BK,F
10:05:03,PTBA,RG,2150,1000,D,YB,MK,D
10:05:02,PTBA,RG,2150,1,D,YB,ZP,F
10:04:57,PTBA,RG,2160,15,D,GR,YU,D
10:04:56,PTBA,RG,2160,4,D,PD,YU,D
10:04:54,PTBA,RG,2150,5,D,YB,ZP,F
10:04:53,PTBA,RG,2160,5,D,KK,YU,D
10:04:50,PTBA,RG,2160,120,D,PD,YU,D
10:04:46,PTBA,RG,2160,1,D,EP,YU,D
10:04:46,PTBA,RG,2160,1,D,EP,YU,D
10:04:46,PTBA,RG,2160,1,D,EP,YU,D
10:04:46,PTBA,RG,2160,1,D,EP,YU,D
10:04:46,PTBA,RG,2160,1,D,EP,YU,D
10:04:41,PTBA,RG,2160,1,D,YP,YU,D
10:04:38,PTBA,RG,2160,1,D,YP,YU,D
10:04:37,PTBA,RG,2150,1,D,YB,ZP,F
10:04:31,PTBA,RG,2160,1,D,EP,YU,D
10:04:31,PTBA,RG,2160,1,D,EP,YU,D
10:04:31,PTBA,RG,2160,1,D,EP,YU,D
10:04:31,PTBA,RG,2160,1,D,EP,YU,D
10:04:31,PTBA,RG,2160,1,D,EP,YU,D
10:04:29,PTBA,RG,2160,2,D,PD,YU,D
10:04:23,PTBA,RG,2150,3,D,YB,ZP,F
10:04:17,PTBA,RG,2160,1,D,EP,YU,D
10:04:16,PTBA,RG,2150,115,D,YB,ZP,F
10:04:15,PTBA,RG,2160,50,D,DX,YU,D
10:04:13,PTBA,RG,2160,37,D,CP,YU,D
10:04:13,PTBA,RG,2160,1,D,YP,YU,D
10:04:13,PTBA,RG,2160,1,D,YP,YU,D
10:04:12,PTBA,RG,2160,1,D,YP,YU,D
10:04:10,PTBA,RG,2160,715,D,CD,YU,D
10:04:10,PTBA,RG,2160,18,D,CD,CP,D
10:04:10,PTBA,RG,2160,1767,D,CD,IN,D
10:04:09,PTBA,RG,2160,3,D,XC,IN,D
10:04:08,PTBA,RG,2160,3,D,DR,IN,D
10:04:07,PTBA,RG,2160,200,D,PD,IN,D
10:04:07,PTBA,RG,2160,11,D,EP,IN,D
10:04:06,PTBA,RG,2160,1,D,YP,IN,D
10:04:06,PTBA,RG,2160,1,D,YP,IN,D
10:04:06,PTBA,RG,2160,14,D,PD,IN,D
10:04:06,PTBA,RG,2160,9,D,PD,CC,D
10:04:06,PTBA,RG,2160,1,D,YP,CC,D
10:04:05,PTBA,RG,2160,1,D,YP,CC,D
10:04:05,PTBA,RG,2160,1,D,YP,CC,D
10:04:04,PTBA,RG,2160,5,D,YP,CC,D
10:04:04,PTBA,RG,2160,30,D,KK,CC,D
10:04:04,PTBA,RG,2160,2,D,YP,CC,D
10:04:04,PTBA,RG,2160,1,D,YP,CC,D
10:04:04,PTBA,RG,2150,10,D,YB,ZP,F
10:04:03,PTBA,RG,2160,1,D,YP,NI,D
10:04:03,PTBA,RG,2150,1,D,YB,ZP,F
10:04:03,PTBA,RG,2160,1,D,YP,NI,D
10:04:02,PTBA,RG,2160,1,D,YP,ZP,F
10:04:02,PTBA,RG,2160,1,D,YP,ZP,F
10:04:02,PTBA,RG,2160,1,D,YP,ZP,F
10:04:02,PTBA,RG,2160,1,D,YP,ZP,F
10:04:01,PTBA,RG,2160,2,F,AK,XC,D
10:04:01,PTBA,RG,2160,117,F,AK,ZP,F
10:04:01,PTBA,RG,2160,31,F,AK,ZP,F
10:04:01,PTBA,RG,2160,1,F,AK,EP,D
10:04:01,PTBA,RG,2160,1,F,AK,NI,D
10:04:01,PTBA,RG,2160,5,F,AK,PD,D
10:04:01,PTBA,RG,2160,520,F,AK,CS,F
10:04:01,PTBA,RG,2160,15,F,AK,CC,D
10:04:01,PTBA,RG,2160,1,F,AK,XC,D
10:04:01,PTBA,RG,2160,50,F,AK,TP,D
10:04:01,PTBA,RG,2160,50,F,AK,GR,D
10:04:01,PTBA,RG,2160,25,F,AK,OD,D
10:04:01,PTBA,RG,2160,17,F,AK,GR,D
10:04:01,PTBA,RG,2160,1,F,AK,GR,D
10:04:01,PTBA,RG,2160,99,F,AK,ZP,D
10:04:01,PTBA,RG,2160,1,D,YP,ZP,D
10:04:01,PTBA,RG,2160,1,D,NI,ZP,D
10:04:00,PTBA,RG,2160,1,D,YP,ZP,D
10:04:00,PTBA,RG,2160,1,D,PD,ZP,D
10:03:59,PTBA,RG,2160,10,D,YP,ZP,D
10:03:59,PTBA,RG,2160,2,D,YP,ZP,D
10:03:58,PTBA,RG,2160,1,D,YP,ZP,D
10:03:57,PTBA,RG,2160,18,D,YP,ZP,D
10:03:56,PTBA,RG,2160,866,F,AK,ZP,D
10:03:56,PTBA,RG,2160,134,F,AK,PD,D
10:03:55,PTBA,RG,2160,2,D,YP,PD,D
10:03:55,PTBA,RG,2160,2,D,YP,PD,D
10:03:55,PTBA,RG,2160,5,D,AI,PD,D
10:03:54,PTBA,RG,2160,2,D,YP,PD,D
10:03:53,PTBA,RG,2160,5,F,AK,PD,D
10:03:53,PTBA,RG,2160,7,F,AK,PD,D
10:03:53,PTBA,RG,2160,20,F,AK,YP,D
10:03:53,PTBA,RG,2160,20,F,AK,PD,D
10:03:53,PTBA,RG,2160,10,F,AK,SQ,D
10:03:53,PTBA,RG,2160,10,F,AK,PD,D
10:03:53,PTBA,RG,2160,1,F,AK,YU,D
10:03:53,PTBA,RG,2160,2,F,AK,PD,D
10:03:53,PTBA,RG,2160,1,F,AK,XC,D
10:03:53,PTBA,RG,2160,1,F,AK,NI,D
10:03:53,PTBA,RG,2160,2,F,AK,CC,D
10:03:53,PTBA,RG,2160,2,F,AK,PD,D
10:03:53,PTBA,RG,2160,50,F,AK,CC,D
10:03:53,PTBA,RG,2160,580,F,AK,BQ,D
10:03:53,PTBA,RG,2160,100,F,AK,CC,D
10:03:53,PTBA,RG,2160,50,F,AK,GR,D
10:03:53,PTBA,RG,2160,139,F,AK,BQ,D
10:03:52,PTBA,RG,2160,861,F,AK,BQ,D
10:03:52,PTBA,RG,2160,2,F,AK,CC,D
10:03:52,PTBA,RG,2160,100,F,AK,DH,D
10:03:52,PTBA,RG,2160,2,F,AK,AZ,D
10:03:52,PTBA,RG,2160,1,F,AK,EP,D
10:03:52,PTBA,RG,2160,1,F,AK,ZP,F
10:03:52,PTBA,RG,2160,33,F,AK,YJ,D
10:03:51,PTBA,RG,2160,50,D,YP,YJ,D
10:03:49,PTBA,RG,2160,100,D,CC,YJ,D
10:03:49,PTBA,RG,2150,1,D,YB,ZP,F
10:03:46,PTBA,RG,2160,1,D,XC,YJ,D
10:03:45,PTBA,RG,2150,7,D,YB,SQ,D
10:03:44,PTBA,RG,2160,2,D,AZ,YJ,D
10:03:44,PTBA,RG,2160,1,D,PD,YJ,D
10:03:36,PTBA,RG,2160,1,D,EP,YJ,D
10:03:35,PTBA,RG,2150,4,D,YB,ZP,F
10:03:33,PTBA,RG,2150,7,D,YB,YP,D
10:03:31,PTBA,RG,2150,10,D,YB,GR,D
10:03:29,PTBA,RG,2160,50,D,CC,YJ,D
10:03:29,PTBA,RG,2150,1,D,YB,ZP,F
10:03:28,PTBA,RG,2160,25,D,PD,YJ,D
10:03:26,PTBA,RG,2160,24,D,YP,YJ,D
10:03:24,PTBA,RG,2150,13,D,YB,ZP,F
10:03:17,PTBA,RG,2150,20,D,YB,PD,D
10:03:16,PTBA,RG,2160,290,D,YP,YJ,D
10:03:14,PTBA,RG,2160,1,D,XC,YJ,D
10:03:12,PTBA,RG,2150,5,D,YB,ZP,F
10:03:07,PTBA,RG,2160,5,D,YB,YJ,D
10:03:05,PTBA,RG,2160,100,D,YP,YJ,D
10:03:04,PTBA,RG,2150,25,D,YB,ZP,F
10:03:03,PTBA,RG,2160,5,D,OD,YJ,D
10:03:03,PTBA,RG,2160,10,D,OD,ZP,D
10:03:03,PTBA,RG,2160,45,D,OD,DH,D
10:03:01,PTBA,RG,2160,2,D,PD,DH,D
10:03:01,PTBA,RG,2160,2,D,PD,MG,D
10:03:01,PTBA,RG,2160,139,D,DR,MG,D
10:02:59,PTBA,RG,2160,3,D,YP,MG,D
10:02:58,PTBA,RG,2160,856,D,YP,MG,D
10:02:58,PTBA,RG,2160,30,D,YP,EP,D
10:02:58,PTBA,RG,2160,6,D,YP,AN,D
10:02:58,PTBA,RG,2160,1,D,YP,YP,D
10:02:58,PTBA,RG,2160,10,D,YP,NI,D
10:02:58,PTBA,RG,2160,3,D,YP,CC,D
10:02:58,PTBA,RG,2160,1,D,YP,XC,D
10:02:58,PTBA,RG,2160,25,D,YP,ZP,F
10:02:58,PTBA,RG,2160,1,D,YP,CC,D
10:02:58,PTBA,RG,2160,73,D,YP,MK,D
10:02:51,PTBA,RG,2160,5,D,NI,MK,D
10:02:51,PTBA,RG,2160,20,D,PD,MK,D
10:02:50,PTBA,RG,2150,1,D,YB,PD,D
10:02:50,PTBA,RG,2150,197,D,YB,ZP,F
10:02:50,PTBA,RG,2160,15,D,TP,MK,D
10:02:45,PTBA,RG,2160,250,D,MG,MK,D
10:02:44,PTBA,RG,2160,10,D,YP,MK,D
10:02:44,PTBA,RG,2160,3,D,PD,MK,D
10:02:44,PTBA,RG,2160,10,D,YP,MK,D
10:02:44,PTBA,RG,2160,200,D,ES,MK,D
10:02:44,PTBA,RG,2160,4414,D,YP,MK,D
10:02:44,PTBA,RG,2170,3,D,KK,YB,D
10:02:44,PTBA,RG,2160,1,D,YP,YP,D
10:02:42,PTBA,RG,2160,1,D,YP,PD,D
10:02:40,PTBA,RG,2160,1,D,YP,YP,D
10:02:34,PTBA,RG,2160,145,D,YP,ZP,F
10:02:34,PTBA,RG,2160,1,D,YP,XC,D
10:02:34,PTBA,RG,2160,1,D,YP,XC,D
10:02:34,PTBA,RG,2160,3,D,YP,ZP,F
10:02:34,PTBA,RG,2160,5,D,YP,XC,D
10:02:34,PTBA,RG,2160,1,D,YP,PD,D
10:02:34,PTBA,RG,2160,4,D,YP,XC,D
10:02:34,PTBA,RG,2160,10,D,YP,YP,D
10:02:34,PTBA,RG,2160,8,D,YP,DR,D
10:02:34,PTBA,RG,2160,50,D,YP,PD,D
10:02:34,PTBA,RG,2160,18,D,YP,CC,D
10:02:34,PTBA,RG,2160,93,D,YP,CC,D
10:02:34,PTBA,RG,2160,50,D,YP,CC,D
10:02:34,PTBA,RG,2160,5,D,YP,CC,D
10:02:34,PTBA,RG,2160,10,D,YP,PD,D
10:02:34,PTBA,RG,2160,50,D,YP,YP,D
10:02:34,PTBA,RG,2160,129,D,YP,YP,D
10:02:33,PTBA,RG,2160,171,D,IN,YP,D
10:02:33,PTBA,RG,2160,10,D,IN,NI,D
10:02:33,PTBA,RG,2160,5,D,IN,XC,D
10:02:33,PTBA,RG,2160,2,D,IN,LG,D
10:02:33,PTBA,RG,2160,10,D,IN,DX,D
10:02:33,PTBA,RG,2160,1,D,IN,PD,D
10:02:33,PTBA,RG,2160,7,D,IN,YP,D
10:02:33,PTBA,RG,2160,25,D,IN,KK,D
10:02:33,PTBA,RG,2160,1,D,IN,CC,D
10:02:33,PTBA,RG,2160,1,D,IN,DH,D
10:02:33,PTBA,RG,2160,30,D,IN,CC,D
10:02:33,PTBA,RG,2160,5,D,IN,AG,F
10:02:33,PTBA,RG,2160,25,D,IN,YP,D
10:02:33,PTBA,RG,2160,2,D,IN,PD,D
10:02:33,PTBA,RG,2160,5,D,IN,HP,D
10:02:33,PTBA,RG,2160,10,D,IN,CC,D
10:02:33,PTBA,RG,2160,5,D,IN,TP,D
10:02:33,PTBA,RG,2160,3,D,IN,XC,D
10:02:33,PTBA,RG,2160,5,D,IN,XC,D
10:02:33,PTBA,RG,2160,4,D,IN,DH,D
10:02:33,PTBA,RG,2160,5,D,IN,XC,D
10:02:33,PTBA,RG,2160,30,D,IN,YP,D
10:02:33,PTBA,RG,2160,10,D,IN,PD,D
10:02:33,PTBA,RG,2160,3,D,IN,NI,D
10:02:33,PTBA,RG,2160,3,D,IN,PD,D
10:02:33,PTBA,RG,2160,4,D,IN,YU,D
10:02:33,PTBA,RG,2160,20,D,IN,PD,D
10:02:33,PTBA,RG,2160,233,D,IN,XA,D
10:02:33,PTBA,RG,2160,1,D,IN,PD,D
10:02:33,PTBA,RG,2160,600,D,IN,SQ,D
10:02:33,PTBA,RG,2160,13,D,IN,YP,D
10:02:33,PTBA,RG,2160,2,D,IN,PD,D
10:02:33,PTBA,RG,2160,1,D,IN,NI,D
10:02:33,PTBA,RG,2160,2,D,IN,OD,D
10:02:33,PTBA,RG,2160,9,D,IN,PD,D
10:02:33,PTBA,RG,2160,2,D,IN,YP,D
10:02:33,PTBA,RG,2160,4,D,IN,PD,D
10:02:33,PTBA,RG,2160,60,D,IN,NI,D
10:02:33,PTBA,RG,2160,3,D,IN,YP,D
10:02:33,PTBA,RG,2160,9,D,IN,YP,D
10:02:33,PTBA,RG,2160,50,D,IN,XC,D
10:02:33,PTBA,RG,2160,609,D,IN,YP,D
10:02:32,PTBA,RG,2160,1,D,PD,YP,D
10:02:32,PTBA,RG,2160,100,D,YP,YP,D
10:02:29,PTBA,RG,2160,191,D,PD,YP,D
10:02:29,PTBA,RG,2160,10,D,PD,AZ,D
10:02:29,PTBA,RG,2160,5,D,PD,NI,D
10:02:29,PTBA,RG,2160,134,D,PD,DR,D
10:02:29,PTBA,RG,2160,1,D,PD,PD,D
10:02:29,PTBA,RG,2160,1,D,PD,PD,D
10:02:29,PTBA,RG,2160,5,D,PD,EP,D
10:02:29,PTBA,RG,2160,9,D,PD,PD,D
10:02:29,PTBA,RG,2160,15,D,PD,PD,D
10:02:29,PTBA,RG,2160,5,D,PD,PD,D
10:02:29,PTBA,RG,2160,2,D,PD,CC,D
10:02:29,PTBA,RG,2160,18,D,PD,YP,D
10:02:29,PTBA,RG,2160,100,D,PD,YP,D
10:02:29,PTBA,RG,2160,1,D,PD,YP,D
10:02:29,PTBA,RG,2160,1,D,PD,YP,D
10:02:29,PTBA,RG,2160,3,D,PD,LG,D
10:02:29,PTBA,RG,2160,1,D,PD,YP,D
10:02:29,PTBA,RG,2160,1,D,PD,AZ,D
10:02:29,PTBA,RG,2160,199,D,PD,KK,D
10:02:29,PTBA,RG,2160,15,D,PD,PD,D
10:02:29,PTBA,RG,2160,25,D,PD,PD,D
10:02:29,PTBA,RG,2160,3,D,PD,AZ,D
10:02:29,PTBA,RG,2160,52,D,PD,DH,D
10:02:29,PTBA,RG,2160,5,D,PD,DH,D
10:02:29,PTBA,RG,2160,20,D,PD,PD,D
10:02:29,PTBA,RG,2160,3,D,PD,PD,D
10:02:29,PTBA,RG,2160,2,D,PD,PD,D
10:02:29,PTBA,RG,2160,5,D,PD,PD,D
10:02:29,PTBA,RG,2160,8,D,PD,YP,D
10:02:29,PTBA,RG,2160,5,D,PD,PD,D
10:02:29,PTBA,RG,2160,2,D,PD,XC,D
10:02:29,PTBA,RG,2160,2,D,PD,XC,D
10:02:29,PTBA,RG,2160,3,D,PD,KK,D
10:02:29,PTBA,RG,2160,1,D,PD,YB,D
10:02:29,PTBA,RG,2160,2,D,PD,IP,D
10:02:29,PTBA,RG,2160,2,D,PD,GR,D
10:02:29,PTBA,RG,2160,2,D,PD,PD,D
10:02:29,PTBA,RG,2160,79,D,PD,CP,D
10:02:27,PTBA,RG,2160,20,D,KK,CP,D
10:02:26,PTBA,RG,2150,20,D,YB,AN,D
10:02:26,PTBA,RG,2150,625,D,YB,ZP,F
10:02:19,PTBA,RG,2150,10,D,YB,NI,D
10:02:19,PTBA,RG,2150,4,D,YB,AT,D
10:02:19,PTBA,RG,2150,5,D,YB,AT,D
10:02:18,PTBA,RG,2150,2937,D,YB,AK,F
10:02:18,PTBA,RG,2150,3,D,YB,CC,D
10:02:18,PTBA,RG,2150,5,D,YB,XC,D
10:02:18,PTBA,RG,2150,10,D,YB,XC,D
10:02:17,PTBA,RG,2150,10,D,YB,HP,D
