Time,Stock,Brd,Price,Qty,BT,BC,SC,ST
15:14:14,PTBA,RG,2540,2,D,NI,YJ,D
15:12:28,PTBA,RG,2540,1,D,EP,YJ,D
15:11:49,PTBA,RG,2540,1,D,XC,YJ,D
15:11:31,PTBA,RG,2540,10,D,KK,YJ,D
15:11:02,PTBA,RG,2540,10,D,KK,YJ,D
15:10:58,PTBA,RG,2540,3,D,XL,YJ,D
15:10:38,PTBA,RG,2540,1,D,PD,YJ,D
15:10:03,PTBA,RG,2540,1,D,DH,YJ,D
15:08:19,PTBA,RG,2540,1,D,CC,YJ,D
15:07:25,PTBA,RG,2540,5,D,CC,YJ,D
15:06:48,PTBA,RG,2540,10,D,GR,YJ,D
15:06:42,PTBA,RG,2540,1,D,XC,YJ,D
15:05:15,PTBA,RG,2540,3,D,YP,YJ,D
15:05:03,PTBA,RG,2540,4,D,SQ,YJ,D
15:05:00,PTBA,RG,2540,40,D,YU,YJ,D
15:05:00,PTBA,RG,2540,1,D,KK,YJ,D
15:00:00,PTBA,RG,2540,5,D,PD,YJ,D
15:00:00,PTBA,RG,2540,2,D,NI,YJ,D
15:00:00,PTBA,RG,2540,1,D,PD,YJ,D
15:00:00,PTBA,RG,2540,5,D,CC,YJ,D
15:00:00,PTBA,RG,2540,10,D,YP,YJ,D
15:00:00,PTBA,RG,2540,7,D,YP,YJ,D
15:00:00,PTBA,RG,2540,1,D,YP,DR,D
15:00:00,PTBA,RG,2540,1,D,YP,GR,D
15:00:00,PTBA,RG,2540,1,D,YP,XC,D
15:00:00,PTBA,RG,2540,10,D,YP,OD,D
15:00:00,PTBA,RG,2540,13,D,YP,KK,D
15:00:00,PTBA,RG,2540,10,D,YP,YP,D
15:00:00,PTBA,RG,2540,10,D,YP,YP,D
15:00:00,PTBA,RG,2540,100,D,YP,YP,D
15:00:00,PTBA,RG,2540,8,D,YP,XL,D
15:00:00,PTBA,RG,2540,200,D,YP,OD,D
15:00:00,PTBA,RG,2540,5,D,YP,LG,D
15:00:00,PTBA,RG,2540,4,D,YP,EP,D
15:00:00,PTBA,RG,2540,15,D,YP,PD,D
15:00:00,PTBA,RG,2540,1500,D,YP,YJ,D
15:00:00,PTBA,RG,2540,2,D,YP,NI,D
15:00:00,PTBA,RG,2540,3,D,YP,NI,D
15:00:00,PTBA,RG,2540,10,D,YP,XC,D
15:00:00,PTBA,RG,2540,20,D,YP,PD,D
15:00:00,PTBA,RG,2540,4,D,YP,EP,D
15:00:00,PTBA,RG,2540,3,D,YP,PD,D
15:00:00,PTBA,RG,2540,299,D,YP,YP,D
15:00:00,PTBA,RG,2540,3,D,YP,XL,D
15:00:00,PTBA,RG,2540,1,D,YP,YP,D
15:00:00,PTBA,RG,2540,50,D,YP,XC,D
15:00:00,PTBA,RG,2540,50,D,YP,OK,D
15:00:00,PTBA,RG,2540,20,D,YP,NI,D
15:00:00,PTBA,RG,2540,1,D,YP,AK,F
15:00:00,PTBA,RG,2540,10,D,YP,PD,D
15:00:00,PTBA,RG,2540,1,D,YP,XC,D
15:00:00,PTBA,RG,2540,638,D,YP,YJ,D
15:00:00,PTBA,RG,2540,2,D,YP,YJ,D
15:00:00,PTBA,RG,2540,10,D,XC,YJ,D
15:00:00,PTBA,RG,2540,25,D,XC,YJ,D
15:00:00,PTBA,RG,2540,200,D,AG,YJ,D
15:00:00,PTBA,RG,2540,9,D,EP,YJ,D
15:00:00,PTBA,RG,2540,3,D,PD,YJ,D
15:00:00,PTBA,RG,2540,120,D,YP,YJ,D
15:00:00,PTBA,RG,2540,1,D,XC,YJ,D
15:00:00,PTBA,RG,2540,74,D,PD,YJ,D
15:00:00,PTBA,RG,2540,207,F,BK,YJ,D
15:00:00,PTBA,RG,2540,22,F,BK,PD,D
15:00:00,PTBA,RG,2540,1500,F,BK,KK,D
15:00:00,PTBA,RG,2540,9,F,BK,YP,D
15:00:00,PTBA,RG,2540,1,F,BK,YP,D
15:00:00,PTBA,RG,2540,2,F,BK,PD,D
15:00:00,PTBA,RG,2540,4,F,BK,CC,F
15:00:00,PTBA,RG,2540,10,F,BK,SQ,D
15:00:00,PTBA,RG,2540,20,F,BK,PD,D
15:00:00,PTBA,RG,2540,2,F,BK,PD,D
15:00:00,PTBA,RG,2540,8,F,BK,KK,D
15:00:00,PTBA,RG,2540,40,F,BK,PD,D
15:00:00,PTBA,RG,2540,4,F,BK,XC,D
15:00:00,PTBA,RG,2540,33,F,BK,PD,D
15:00:00,PTBA,RG,2540,2,F,AK,PD,D
15:00:00,PTBA,RG,2540,1,F,AK,PD,D
15:00:00,PTBA,RG,2540,1,F,AK,PD,D
15:00:00,PTBA,RG,2540,113,D,CC,PD,D
15:00:00,PTBA,RG,2540,5,D,CC,YP,D
15:00:00,PTBA,RG,2540,41,D,OD,YP,D
15:00:00,PTBA,RG,2540,11,D,OD,YU,D
15:00:00,PTBA,RG,2540,44,D,OD,PD,D
15:00:00,PTBA,RG,2540,56,D,KZ,PD,D
15:00:00,PTBA,RG,2540,14,D,KZ,SQ,D
15:00:00,PTBA,RG,2540,3,D,KZ,XL,D
15:00:00,PTBA,RG,2540,4,D,KZ,NI,D
15:00:00,PTBA,RG,2540,52,D,KZ,ZP,D
15:00:00,PTBA,RG,2540,67,D,LG,ZP,D
15:00:00,PTBA,RG,2540,40,D,LG,YU,D
15:00:00,PTBA,RG,2540,10,D,LG,YP,D
15:00:00,PTBA,RG,2540,45,D,LG,GR,D
15:00:00,PTBA,RG,2540,24,D,LG,CC,D
15:00:00,PTBA,RG,2540,671,D,LG,CP,D
15:00:00,PTBA,RG,2540,7,D,LG,CC,D
15:00:00,PTBA,RG,2540,1362,D,LG,BK,F
15:00:00,PTBA,RG,2540,774,D,DR,BK,F
15:00:00,PTBA,RG,2540,77,D,DR,AK,F
15:00:00,PTBA,RG,2540,58,D,DR,CS,F
15:00:00,PTBA,RG,2540,24,D,DR,CS,F
15:00:00,PTBA,RG,2540,66,D,DR,CS,F
15:00:00,PTBA,RG,2540,25,D,DR,GR,D
15:00:00,PTBA,RG,2540,1,D,DR,YU,F
15:00:00,PTBA,RG,2540,221,D,DR,DR,D
15:00:00,PTBA,RG,2540,21,D,DR,AK,F
15:00:00,PTBA,RG,2540,237,D,DR,BB,F
15:00:00,PTBA,RG,2540,1,D,DR,AK,F
15:00:00,PTBA,RG,2540,17,D,DR,AK,F
15:00:00,PTBA,RG,2540,10,D,DR,PD,D
14:49:56,PTBA,RG,2520,4,D,AG,OD,D
14:49:56,PTBA,RG,2520,10,D,TP,OD,D
14:49:56,PTBA,RG,2520,4,D,YP,OD,D
14:49:56,PTBA,RG,2530,1,D,LG,YP,D
14:49:48,PTBA,RG,2530,2,D,YP,YP,D
14:49:30,PTBA,RG,2530,1,D,PD,YP,D
14:49:27,PTBA,RG,2530,2,D,XC,YP,D
14:49:25,PTBA,RG,2530,2,D,XC,YP,D
14:49:16,PTBA,RG,2530,1,D,DH,YP,D
14:49:15,PTBA,RG,2520,1,D,YP,AK,F
14:49:15,PTBA,RG,2520,5,F,BK,AK,F
14:49:05,PTBA,RG,2520,28,F,BK,BB,F
14:49:05,PTBA,RG,2520,60,F,BK,BB,F
14:49:00,PTBA,RG,2530,1,F,AK,YP,D
14:48:59,PTBA,RG,2520,2,F,BK,AK,F
14:48:59,PTBA,RG,2520,1,F,BK,AK,F
14:48:59,PTBA,RG,2520,1,F,BK,AK,F
14:48:51,PTBA,RG,2520,19,F,BK,BB,F
14:48:50,PTBA,RG,2520,2,F,BK,CC,D
14:48:30,PTBA,RG,2520,9,F,BK,BB,F
14:48:30,PTBA,RG,2520,1,F,BK,AK,F
14:48:21,PTBA,RG,2520,13,F,BK,BB,F
14:48:20,PTBA,RG,2520,20,F,BK,LG,D
14:48:08,PTBA,RG,2520,2,F,BK,PD,D
14:48:03,PTBA,RG,2520,27,F,BK,BB,F
14:47:45,PTBA,RG,2520,2,F,BK,AK,F
14:47:45,PTBA,RG,2530,1,F,AK,YP,D
14:47:45,PTBA,RG,2520,11,F,BK,AK,F
14:47:38,PTBA,RG,2530,2,D,PD,YP,D
14:47:33,PTBA,RG,2520,27,F,BK,BB,F
14:47:30,PTBA,RG,2520,3,F,BK,AK,F
14:47:24,PTBA,RG,2530,1,D,DH,YP,D
14:47:02,PTBA,RG,2520,29,F,BK,BB,F
14:46:50,PTBA,RG,2530,5,D,XC,YP,D
14:46:47,PTBA,RG,2530,1,D,YP,AK,F
14:46:47,PTBA,RG,2530,2,D,YP,AK,F
14:46:39,PTBA,RG,2530,1,D,KK,AK,F
14:46:28,PTBA,RG,2520,34,F,BK,BB,F
14:46:18,PTBA,RG,2520,12,F,BK,EP,D
14:46:15,PTBA,RG,2520,1,F,BK,AK,F
14:46:04,PTBA,RG,2530,2,D,PD,AK,F
14:46:04,PTBA,RG,2530,4,D,PD,YP,D
14:45:50,PTBA,RG,2520,16,F,BK,BB,F
14:45:45,PTBA,RG,2520,6,F,BK,AK,F
14:45:23,PTBA,RG,2520,1,F,BK,AK,F
14:45:21,PTBA,RG,2530,1,D,KK,YP,D
14:45:06,PTBA,RG,2520,507,F,BK,GR,D
14:45:06,PTBA,RG,2520,575,F,BK,GR,D
14:45:06,PTBA,RG,2520,100,D,YP,GR,D
14:45:06,PTBA,RG,2520,160,D,GR,GR,D
14:45:05,PTBA,RG,2530,48,F,BK,GR,D
14:45:03,PTBA,RG,2520,5,D,GR,CS,F
14:45:02,PTBA,RG,2520,27,D,GR,BB,F
14:45:02,PTBA,RG,2520,146,D,GR,AK,F
14:45:02,PTBA,RG,2520,2,D,GR,CS,F
14:45:02,PTBA,RG,2520,1,D,GR,CS,F
14:45:02,PTBA,RG,2520,25,D,GR,CS,F
14:45:02,PTBA,RG,2520,10,D,GR,XC,D
14:45:02,PTBA,RG,2520,124,D,GR,DR,D
14:45:01,PTBA,RG,2520,1,D,DH,DR,D
14:45:01,PTBA,RG,2510,11,D,OD,BB,F
14:44:57,PTBA,RG,2520,875,F,AK,DR,D
14:44:57,PTBA,RG,2520,5,F,AK,CC,F
14:44:57,PTBA,RG,2520,24,F,AK,BB,F
14:44:57,PTBA,RG,2520,10,F,AK,CS,F
14:44:57,PTBA,RG,2520,9,F,AK,CS,F
14:44:57,PTBA,RG,2520,16,F,AK,CS,F
14:44:57,PTBA,RG,2520,61,F,AK,AK,F
14:44:57,PTBA,RG,2520,11,D,YP,AK,F
14:44:56,PTBA,RG,2520,1,D,PD,AK,F
14:44:45,PTBA,RG,2520,2,F,AK,AK,F
14:44:43,PTBA,RG,2520,7,D,YP,AK,F
14:44:34,PTBA,RG,2520,1,D,PD,AK,F
14:44:21,PTBA,RG,2510,1,D,OD,BB,F
14:44:15,PTBA,RG,2520,23,D,GR,AK,F
14:44:15,PTBA,RG,2520,477,D,GR,DR,D
14:44:10,PTBA,RG,2520,23,D,YP,DR,D
14:44:10,PTBA,RG,2520,3,D,YP,NI,D
14:44:10,PTBA,RG,2520,4,D,YP,PD,D
14:44:07,PTBA,RG,2520,36,D,CC,PD,D
14:44:07,PTBA,RG,2520,100,D,CC,ZP,D
14:44:07,PTBA,RG,2520,10,D,CC,CC,D
14:44:07,PTBA,RG,2520,40,D,CC,DH,D
14:44:07,PTBA,RG,2520,14,D,CC,BB,F
14:43:58,PTBA,RG,2520,20,D,PD,BB,F
14:43:54,PTBA,RG,2520,2,D,NI,BB,F
14:43:54,PTBA,RG,2520,1,D,NI,CS,F
14:43:54,PTBA,RG,2520,2,D,NI,CS,F
14:43:54,PTBA,RG,2520,1,D,NI,CS,F
14:43:54,PTBA,RG,2520,4,D,NI,CS,F
14:43:42,PTBA,RG,2520,11,D,CC,CS,F
14:43:42,PTBA,RG,2520,2,D,CC,CS,F
14:43:42,PTBA,RG,2520,3,D,CC,CS,F
14:43:42,PTBA,RG,2520,3,D,CC,CS,F
14:43:42,PTBA,RG,2520,1,D,CC,CS,F
14:43:42,PTBA,RG,2510,22,D,OD,DR,D
14:43:42,PTBA,RG,2510,36,D,OD,BB,F
14:43:39,PTBA,RG,2520,1,D,XC,CS,F
14:43:31,PTBA,RG,2520,1,D,NI,CS,F
14:43:26,PTBA,RG,2520,1,D,DR,CS,F
14:43:21,PTBA,RG,2510,1,D,OD,XC,D
14:43:18,PTBA,RG,2520,7,D,CC,CS,F
14:43:18,PTBA,RG,2520,3,D,CC,CS,F
14:43:14,PTBA,RG,2520,4,D,AG,CS,F
14:43:14,PTBA,RG,2520,1,D,AG,AT,D
14:43:11,PTBA,RG,2520,10,D,PD,AT,D
14:43:11,PTBA,RG,2520,40,D,PD,DR,D
14:43:10,PTBA,RG,2510,2,D,OD,YP,D
14:43:10,PTBA,RG,2510,6,D,XL,YP,D
14:43:10,PTBA,RG,2510,1,D,XL,YP,D
14:43:10,PTBA,RG,2510,1,D,XL,YP,D
14:43:06,PTBA,RG,2520,10,D,CC,DR,D
14:43:04,PTBA,RG,2510,2,D,XL,BB,F
14:43:04,PTBA,RG,2510,10,D,PD,BB,F
14:43:04,PTBA,RG,2510,1,D,PD,BB,F
14:43:04,PTBA,RG,2510,4,D,PD,BB,F
14:43:04,PTBA,RG,2510,5,D,PD,BB,F
14:43:04,PTBA,RG,2510,5,D,PD,BB,F
14:43:04,PTBA,RG,2510,19,D,PD,BB,F
14:43:00,PTBA,RG,2520,2,D,YP,DR,D
14:42:54,PTBA,RG,2520,5,D,YP,DR,D
14:42:45,PTBA,RG,2520,1,F,AK,DR,D
14:42:40,PTBA,RG,2520,100,D,CC,DR,D
14:42:27,PTBA,RG,2520,5,D,BR,DR,D
14:42:25,PTBA,RG,2520,5,D,CC,DR,D
14:42:17,PTBA,RG,2510,43,D,PD,BB,F
14:42:14,PTBA,RG,2510,1,D,PD,CC,D
14:42:13,PTBA,RG,2520,2,D,YP,DR,D
14:42:12,PTBA,RG,2510,12,D,PD,XC,D
14:42:12,PTBA,RG,2510,3,D,AZ,XC,D
14:42:12,PTBA,RG,2510,1,D,KK,XC,D
14:42:12,PTBA,RG,2510,4,D,GR,XC,D
14:41:44,PTBA,RG,2510,1,D,GR,YP,D
14:41:44,PTBA,RG,2510,19,D,DH,YP,D
14:41:40,PTBA,RG,2520,3,D,XC,DR,D
14:41:31,PTBA,RG,2510,45,D,DH,BB,F
14:41:28,PTBA,RG,2520,50,D,KK,DR,D
14:41:28,PTBA,RG,2520,1,D,NI,DR,D
14:41:18,PTBA,RG,2520,50,D,YP,DR,D
14:41:05,PTBA,RG,2520,212,F,YP,DR,D
14:40:58,PTBA,RG,2520,5,D,CC,DR,D
14:40:51,PTBA,RG,2510,30,D,DH,DH,D
14:40:47,PTBA,RG,2510,6,D,DH,YU,D
14:40:47,PTBA,RG,2510,3,D,PD,YU,D
14:40:47,PTBA,RG,2510,1,D,PD,YU,D
14:40:43,PTBA,RG,2510,7,D,DH,BB,F
14:40:43,PTBA,RG,2510,2,D,DH,BB,F
14:40:43,PTBA,RG,2510,5,D,EP,BB,F
14:40:43,PTBA,RG,2510,2,D,CP,BB,F
14:40:43,PTBA,RG,2510,1,D,PD,BB,F
14:40:43,PTBA,RG,2510,1,D,PD,BB,F
14:40:43,PTBA,RG,2510,20,D,DH,BB,F
14:40:43,PTBA,RG,2510,10,D,KK,BB,F
14:40:43,PTBA,RG,2510,5,D,AZ,BB,F
14:40:37,PTBA,RG,2520,1,D,LG,DR,D
14:40:32,PTBA,RG,2520,2,D,CC,DR,D
14:40:27,PTBA,RG,2510,1,D,PD,PD,D
14:40:12,PTBA,RG,2520,6,D,KK,DR,D
14:40:12,PTBA,RG,2520,74,D,KK,CC,F
14:39:59,PTBA,RG,2510,1,D,AZ,PC,D
14:39:49,PTBA,RG,2510,7,D,AZ,BB,F
14:39:49,PTBA,RG,2510,5,D,AZ,BB,F
14:39:49,PTBA,RG,2510,10,D,AZ,BB,F
14:39:49,PTBA,RG,2510,1,D,SQ,BB,F
14:38:59,PTBA,RG,2520,10,D,SQ,CC,F
14:38:59,PTBA,RG,2520,70,D,YB,CC,F
14:38:59,PTBA,RG,2520,48,D,YB,OD,D
14:38:59,PTBA,RG,2520,40,D,YB,BB,F
14:38:59,PTBA,RG,2520,1,D,YB,CS,F
14:38:59,PTBA,RG,2520,12,D,YB,CS,F
14:38:59,PTBA,RG,2520,8,D,YB,CS,F
14:38:59,PTBA,RG,2520,8,D,YB,CS,F
14:38:59,PTBA,RG,2520,2,D,YB,CS,F
14:38:59,PTBA,RG,2520,1,D,YB,CS,F
14:38:59,PTBA,RG,2520,10,D,YB,GR,D
14:38:51,PTBA,RG,2520,1,D,NI,GR,D
14:38:50,PTBA,RG,2510,6,D,SQ,YB,D
14:38:48,PTBA,RG,2510,33,D,SQ,BB,F
14:38:48,PTBA,RG,2510,1,D,PD,BB,F
14:38:48,PTBA,RG,2510,10,D,TP,BB,F
14:38:48,PTBA,RG,2510,25,D,PD,BB,F
14:38:48,PTBA,RG,2510,5,D,HP,BB,F
14:38:48,PTBA,RG,2510,1,D,PD,BB,F
14:38:48,PTBA,RG,2510,1,D,PD,BB,F
14:38:48,PTBA,RG,2510,1,D,EP,BB,F
14:38:48,PTBA,RG,2510,3,D,OD,BB,F
14:38:47,PTBA,RG,2520,14,D,SQ,GR,D
14:38:29,PTBA,RG,2510,6,D,OD,AK,F
14:38:29,PTBA,RG,2510,30,D,OD,AK,F
14:38:13,PTBA,RG,2520,30,D,NI,GR,D
14:38:03,PTBA,RG,2520,100,D,YP,GR,D
14:37:52,PTBA,RG,2520,75,D,NI,GR,D
14:37:51,PTBA,RG,2520,100,D,YP,GR,D
14:37:51,PTBA,RG,2520,10,D,XC,GR,D
14:37:51,PTBA,RG,2520,43,F,BK,GR,D
14:37:51,PTBA,RG,2520,100,D,NI,GR,D
14:37:51,PTBA,RG,2520,1,D,XC,GR,D
14:37:51,PTBA,RG,2520,1,D,PD,GR,D
14:37:51,PTBA,RG,2520,10,D,GR,GR,D
14:37:51,PTBA,RG,2520,5,D,PD,GR,D
14:37:26,PTBA,RG,2520,72,D,PD,BB,F
14:37:24,PTBA,RG,2520,23,D,PD,CC,D
14:37:24,PTBA,RG,2520,1,D,YJ,CC,D
14:37:24,PTBA,RG,2520,26,F,BK,CC,D
14:36:10,PTBA,RG,2520,20,F,BK,BB,F
14:36:10,PTBA,RG,2520,1,D,PD,BB,F
14:36:10,PTBA,RG,2520,5,D,CC,BB,F
14:36:10,PTBA,RG,2520,10,D,TP,BB,F
14:36:10,PTBA,RG,2520,10,D,CC,BB,F
14:36:10,PTBA,RG,2520,1,D,YP,BB,F
14:36:10,PTBA,RG,2520,39,D,BR,BB,F
14:36:07,PTBA,RG,2520,4,D,BR,XC,D
14:35:59,PTBA,RG,2520,40,D,BR,OD,D
14:35:44,PTBA,RG,2520,7,D,BR,CC,D
14:35:41,PTBA,RG,2520,85,D,BR,GR,D
14:35:37,PTBA,RG,2520,5,D,BR,YB,D
14:34:45,PTBA,RG,2520,15,D,BR,CC,D
14:34:45,PTBA,RG,2520,5,D,KK,CC,D
14:34:41,PTBA,RG,2520,10,D,KK,CC,D
14:34:41,PTBA,RG,2520,9,D,KK,BB,F
14:34:41,PTBA,RG,2520,94,F,BK,BB,F
14:34:35,PTBA,RG,2520,1,F,BK,PD,D
14:34:28,PTBA,RG,2520,3,F,BK,DR,D
14:34:24,PTBA,RG,2520,5,F,BK,NI,D
14:34:23,PTBA,RG,2520,2,F,BK,PC,D
14:33:53,PTBA,RG,2520,28,F,BK,DH,D
14:33:53,PTBA,RG,2520,211,D,OD,DH,D
14:33:36,PTBA,RG,2520,25,D,OD,LG,D
14:33:10,PTBA,RG,2520,10,D,OD,YP,D
14:33:07,PTBA,RG,2520,100,D,OD,PD,D
14:33:06,PTBA,RG,2520,3,D,OD,CS,F
14:33:06,PTBA,RG,2520,3,D,OD,CS,F
14:33:06,PTBA,RG,2520,3,D,OD,CS,F
14:33:06,PTBA,RG,2520,3,D,OD,BS,D
14:32:57,PTBA,RG,2510,11,D,OD,BB,F
14:32:57,PTBA,RG,2510,10,D,EP,BB,F
14:32:57,PTBA,RG,2510,1,D,CP,BB,F
14:32:57,PTBA,RG,2510,5,D,PD,BB,F
14:32:57,PTBA,RG,2510,1,D,EP,BB,F
14:32:57,PTBA,RG,2510,5,D,XC,BB,F
14:32:57,PTBA,RG,2510,10,D,NI,BB,F
14:32:57,PTBA,RG,2510,37,D,SQ,BB,F
14:32:56,PTBA,RG,2520,2,D,KK,BB,F
14:32:56,PTBA,RG,2520,20,D,PD,BB,F
14:32:56,PTBA,RG,2520,1,D,NI,BB,F
14:32:56,PTBA,RG,2520,1,D,KK,BB,F
14:32:04,PTBA,RG,2520,1,D,KK,PD,D
14:31:52,PTBA,RG,2510,13,D,SQ,YP,D
14:31:52,PTBA,RG,2510,1,D,KK,YP,D
14:31:52,PTBA,RG,2510,1,D,PD,YP,D
14:31:52,PTBA,RG,2510,1,D,YP,YP,D
14:31:52,PTBA,RG,2510,1,D,PD,YP,D
14:31:52,PTBA,RG,2510,1,D,YP,YP,D
14:31:52,PTBA,RG,2510,10,D,CC,YP,D
14:31:52,PTBA,RG,2510,1,D,YP,YP,D
14:31:14,PTBA,RG,2510,4,D,YP,YP,D
14:31:14,PTBA,RG,2510,1,D,NI,YP,D
14:31:06,PTBA,RG,2510,4,D,NI,BB,F
14:31:06,PTBA,RG,2510,1,D,PD,BB,F
14:31:06,PTBA,RG,2510,107,D,XC,BB,F
14:30:51,PTBA,RG,2520,9,F,BK,PD,D
14:30:51,PTBA,RG,2520,1,F,AK,PD,D
14:30:44,PTBA,RG,2520,140,F,AK,AK,F
14:30:43,PTBA,RG,2520,511,F,AK,YP,D
14:30:43,PTBA,RG,2520,5,D,CC,YP,D
14:30:43,PTBA,RG,2520,5,D,YP,YP,D
14:30:43,PTBA,RG,2520,75,D,NI,YP,D
14:30:43,PTBA,RG,2520,5,D,CC,YP,D
14:30:43,PTBA,RG,2520,2,D,CC,YP,D
14:30:43,PTBA,RG,2520,28,D,OD,YP,D
14:30:43,PTBA,RG,2520,100,D,NI,YP,D
14:30:43,PTBA,RG,2520,10,D,CC,YP,D
14:30:43,PTBA,RG,2520,20,D,CC,YP,D
14:30:43,PTBA,RG,2520,1,D,PD,YP,D
14:30:43,PTBA,RG,2520,50,D,CC,YP,D
14:30:43,PTBA,RG,2520,50,D,CC,YP,D
14:30:43,PTBA,RG,2520,10,F,NI,YP,D
14:30:43,PTBA,RG,2520,1,F,AK,YP,D
14:30:43,PTBA,RG,2520,15,D,PD,YP,D
14:30:43,PTBA,RG,2520,50,D,NI,YP,D
14:30:43,PTBA,RG,2520,403,F,BK,YP,D
14:30:43,PTBA,RG,2520,266,F,CS,YP,D
14:30:12,PTBA,RG,2520,28,F,CS,DR,D
14:30:12,PTBA,RG,2520,1,D,PD,DR,D
14:30:12,PTBA,RG,2520,69,D,EP,DR,D
14:28:25,PTBA,RG,2520,4,D,EP,XC,D
14:28:09,PTBA,RG,2520,1,D,EP,CS,F
14:28:09,PTBA,RG,2520,4,D,EP,CS,F
14:28:09,PTBA,RG,2520,3,D,EP,CS,F
14:28:09,PTBA,RG,2520,2,D,EP,CS,F
14:28:09,PTBA,RG,2520,2,D,EP,CS,F
14:28:09,PTBA,RG,2520,11,D,EP,CS,F
14:28:09,PTBA,RG,2520,1,D,EP,CS,F
14:28:09,PTBA,RG,2520,1,D,EP,CS,F
14:28:09,PTBA,RG,2520,23,D,EP,NI,D
14:28:09,PTBA,RG,2520,2,D,EP,CS,F
14:28:09,PTBA,RG,2520,2,D,EP,CS,F
14:28:09,PTBA,RG,2520,1,D,EP,CS,F
14:28:09,PTBA,RG,2520,124,D,EP,BB,F
14:28:06,PTBA,RG,2520,1,D,PD,BB,F
14:28:00,PTBA,RG,2520,1,D,NI,CC,F
14:27:55,PTBA,RG,2510,77,D,XC,XC,D
14:27:55,PTBA,RG,2510,5,D,OD,XC,D
14:27:55,PTBA,RG,2510,5,D,PD,XC,D
14:27:55,PTBA,RG,2510,5,D,PD,XC,D
14:27:55,PTBA,RG,2510,4,D,NI,XC,D
14:27:45,PTBA,RG,2520,20,D,KK,CC,F
14:27:42,PTBA,RG,2520,25,D,CC,CC,F
14:27:30,PTBA,RG,2520,1,D,NI,CC,F
14:27:16,PTBA,RG,2520,3,D,KK,CC,F
14:27:06,PTBA,RG,2520,3,D,TP,CS,F
14:27:06,PTBA,RG,2520,2,D,TP,CS,F
14:27:06,PTBA,RG,2520,2,D,TP,CS,F
14:27:06,PTBA,RG,2520,3,D,TP,BB,F
14:27:05,PTBA,RG,2510,1,D,NI,BB,F
14:27:05,PTBA,RG,2510,1,D,XL,BB,F
14:27:05,PTBA,RG,2510,20,D,YP,BB,F
14:27:05,PTBA,RG,2510,1,D,NI,BB,F
14:27:05,PTBA,RG,2510,1,D,PD,BB,F
14:27:05,PTBA,RG,2510,3,D,OD,BB,F
14:27:05,PTBA,RG,2510,19,D,XC,BB,F
14:27:05,PTBA,RG,2510,10,D,CC,BB,F
14:27:05,PTBA,RG,2510,8,D,XC,BB,F
14:27:05,PTBA,RG,2510,3,D,SQ,BB,F
14:27:05,PTBA,RG,2510,2,D,AZ,BB,F
14:27:05,PTBA,RG,2510,6,D,YP,BB,F
14:27:05,PTBA,RG,2510,5,D,NI,BB,F
14:27:05,PTBA,RG,2510,10,D,LG,BB,F
14:27:05,PTBA,RG,2510,65,D,YP,BB,F
14:27:04,PTBA,RG,2520,1,D,PD,BB,F
14:27:04,PTBA,RG,2520,70,D,EP,BB,F
14:27:04,PTBA,RG,2520,180,D,EP,CC,F
14:27:02,PTBA,RG,2520,5,D,KK,CC,F
14:27:02,PTBA,RG,2520,1,D,PD,CC,F
14:26:45,PTBA,RG,2520,50,D,PD,CC,F
14:26:39,PTBA,RG,2520,5,D,KK,CC,F
14:26:38,PTBA,RG,2520,30,D,KK,CC,F
14:26:31,PTBA,RG,2520,4,D,DR,CC,F
14:26:27,PTBA,RG,2520,3,D,KK,CC,F
14:26:23,PTBA,RG,2520,1,D,KK,CC,F
14:26:04,PTBA,RG,2510,1,D,YP,XC,D
14:26:02,PTBA,RG,2520,10,D,PD,CC,F
14:25:52,PTBA,RG,2520,1,D,PD,CC,F
14:25:49,PTBA,RG,2520,1,D,PD,CC,F
14:25:33,PTBA,RG,2520,25,D,PD,CC,F
14:25:33,PTBA,RG,2520,2,D,PD,CS,F
14:25:33,PTBA,RG,2520,6,D,PD,CS,F
14:25:23,PTBA,RG,2520,4,D,YP,CS,F
14:25:23,PTBA,RG,2520,2,D,YP,CS,F
14:25:23,PTBA,RG,2520,4,D,YP,BB,F
14:24:56,PTBA,RG,2520,22,D,KK,PD,D
14:24:50,PTBA,RG,2520,10,D,YP,PD,D
14:24:50,PTBA,RG,2520,1,D,XC,PD,D
14:24:50,PTBA,RG,2520,1,D,SQ,PD,D
14:24:40,PTBA,RG,2520,4,D,SQ,BB,F
14:24:40,PTBA,RG,2520,10,D,IF,BB,F
14:24:40,PTBA,RG,2520,10,D,CC,BB,F
14:24:40,PTBA,RG,2520,12,D,PD,BB,F
14:24:40,PTBA,RG,2520,1,D,YP,BB,F
14:24:40,PTBA,RG,2520,728,F,BK,BB,F
14:24:40,PTBA,RG,2520,50,D,CC,BB,F
14:24:40,PTBA,RG,2520,57,D,YU,BB,F
14:24:40,PTBA,RG,2530,1,D,KK,GR,D
14:24:24,PTBA,RG,2520,1,D,YU,XC,D
14:23:45,PTBA,RG,2520,2,D,YU,CS,F
14:23:45,PTBA,RG,2520,1,D,YU,CS,F
14:23:45,PTBA,RG,2520,3,D,YU,CS,F
14:23:44,PTBA,RG,2520,7,D,YU,CS,F
14:23:44,PTBA,RG,2520,758,D,YU,CC,F
14:23:44,PTBA,RG,2520,7,D,YU,CS,F
14:23:44,PTBA,RG,2520,4,D,YU,CS,F
14:23:40,PTBA,RG,2520,12,D,YJ,PD,D
14:23:40,PTBA,RG,2520,250,D,YJ,DR,D
14:23:40,PTBA,RG,2520,3,D,YJ,CS,F
14:23:40,PTBA,RG,2520,12,D,YJ,CS,F
14:23:40,PTBA,RG,2520,5,D,YJ,CS,F
14:23:40,PTBA,RG,2520,699,D,YJ,BB,F
14:23:40,PTBA,RG,2520,4,D,YJ,CS,F
14:23:40,PTBA,RG,2520,2,D,YJ,PD,D
14:23:40,PTBA,RG,2520,10,D,YJ,CC,F
14:23:40,PTBA,RG,2520,1,D,YJ,AK,F
14:23:40,PTBA,RG,2520,6,D,YJ,AK,F
14:23:40,PTBA,RG,2520,296,D,YJ,BK,F
14:23:33,PTBA,RG,2520,6,D,DR,BK,F
14:23:18,PTBA,RG,2520,1,D,XL,BK,F
14:23:13,PTBA,RG,2520,200,D,CC,BK,F
14:23:04,PTBA,RG,2520,200,D,PD,BK,F
14:23:04,PTBA,RG,2520,300,D,PD,DR,D
14:22:51,PTBA,RG,2520,10,D,TP,DR,D
14:22:49,PTBA,RG,2520,3,D,CC,DR,D
14:22:23,PTBA,RG,2520,10,D,NI,DR,D
14:21:48,PTBA,RG,2520,5,D,EP,DR,D
14:21:45,PTBA,RG,2520,172,D,YP,DR,D
14:21:45,PTBA,RG,2520,5,D,YP,CS,F
14:21:16,PTBA,RG,2520,1,D,XC,CS,F
14:21:05,PTBA,RG,2520,1,D,XC,CS,F
14:21:03,PTBA,RG,2520,1,D,XC,CS,F
14:20:54,PTBA,RG,2520,6,D,PD,CS,F
14:20:54,PTBA,RG,2520,1,D,PD,CS,F
14:20:54,PTBA,RG,2520,5,D,PD,CS,F
14:20:54,PTBA,RG,2520,5,D,PD,CS,F
14:20:54,PTBA,RG,2520,6,D,PD,BB,F
14:20:54,PTBA,RG,2520,27,D,PD,GR,D
14:20:36,PTBA,RG,2520,4,D,EP,GR,D
14:20:22,PTBA,RG,2520,5,D,XC,GR,D
14:20:18,PTBA,RG,2510,34,D,YP,BK,F
14:20:18,PTBA,RG,2510,4,D,PD,BK,F
14:20:18,PTBA,RG,2520,2,D,XC,GR,D
14:20:15,PTBA,RG,2510,296,D,PD,BB,F
14:20:15,PTBA,RG,2510,2,D,XC,BB,F
14:20:15,PTBA,RG,2510,5,D,YP,BB,F
14:20:15,PTBA,RG,2510,5,D,XC,BB,F
14:20:15,PTBA,RG,2510,1,D,NI,BB,F
14:20:15,PTBA,RG,2510,68,D,YP,BB,F
14:20:14,PTBA,RG,2510,29,D,YP,BK,F
14:20:10,PTBA,RG,2520,1,D,PD,GR,D
14:20:07,PTBA,RG,2520,1,D,NI,GR,D
14:20:07,PTBA,RG,2520,1,D,PD,GR,D
14:20:07,PTBA,RG,2520,4,D,PD,GR,D
14:20:07,PTBA,RG,2520,8,D,PD,GR,D
14:20:07,PTBA,RG,2520,2,D,CC,GR,D
14:20:07,PTBA,RG,2520,100,D,XC,GR,D
14:20:07,PTBA,RG,2520,2,D,DR,GR,D
14:20:07,PTBA,RG,2520,4,D,NI,GR,D
14:20:07,PTBA,RG,2520,50,D,KK,GR,D
14:20:07,PTBA,RG,2520,3,D,SQ,GR,D
14:20:07,PTBA,RG,2520,1,F,AK,GR,D
14:20:07,PTBA,RG,2520,1,D,XC,GR,D
14:20:07,PTBA,RG,2520,30,D,CC,GR,D
14:20:07,PTBA,RG,2520,2,D,NI,GR,D
14:20:07,PTBA,RG,2520,1,D,PC,GR,D
14:20:07,PTBA,RG,2520,2,D,YP,GR,D
14:20:07,PTBA,RG,2520,1,D,PD,GR,D
14:20:07,PTBA,RG,2520,50,D,XL,GR,D
14:20:07,PTBA,RG,2520,1,D,CC,GR,D
14:20:07,PTBA,RG,2520,1,D,YP,GR,D
14:20:07,PTBA,RG,2520,25,D,YP,GR,D
14:20:07,PTBA,RG,2520,1,D,CC,GR,D
14:20:07,PTBA,RG,2520,1,F,AK,GR,D
14:20:07,PTBA,RG,2520,101,D,CC,GR,D
14:20:07,PTBA,RG,2520,5,D,YP,GR,D
14:20:07,PTBA,RG,2520,2,D,PD,GR,D
14:20:07,PTBA,RG,2520,2,D,AN,GR,D
14:20:07,PTBA,RG,2520,100,D,CC,GR,D
14:20:07,PTBA,RG,2520,20,D,YP,GR,D
14:20:07,PTBA,RG,2520,10,D,CC,GR,D
14:20:07,PTBA,RG,2520,1,D,NI,GR,D
14:20:07,PTBA,RG,2520,1,D,KK,GR,D
14:20:07,PTBA,RG,2520,1,D,XC,GR,D
14:20:07,PTBA,RG,2520,50,D,GR,GR,D
14:20:07,PTBA,RG,2520,200,D,PD,GR,D
14:20:07,PTBA,RG,2520,1,D,PD,GR,D
14:20:07,PTBA,RG,2520,5,D,PD,GR,D
14:20:07,PTBA,RG,2520,1,D,DR,GR,D
14:20:07,PTBA,RG,2520,5,D,PD,GR,D
14:20:07,PTBA,RG,2520,1,D,PD,GR,D
14:20:07,PTBA,RG,2520,1,F,AK,GR,D
14:20:07,PTBA,RG,2520,75,D,NI,GR,D
14:20:07,PTBA,RG,2520,5,D,PD,GR,D
14:20:07,PTBA,RG,2520,150,D,YP,GR,D
14:20:07,PTBA,RG,2520,1,D,DR,GR,D
14:20:07,PTBA,RG,2520,200,D,GR,GR,D
14:20:07,PTBA,RG,2520,2,D,PD,GR,D
14:20:07,PTBA,RG,2520,75,D,NI,GR,D
14:20:07,PTBA,RG,2520,8,D,XC,GR,D
14:20:07,PTBA,RG,2520,10,D,MK,GR,D
14:20:07,PTBA,RG,2520,2,D,PD,GR,D
14:20:07,PTBA,RG,2520,1,D,PD,GR,D
14:20:07,PTBA,RG,2520,1,D,PD,GR,D
14:20:07,PTBA,RG,2520,10,D,XC,GR,D
14:20:07,PTBA,RG,2520,1,D,XC,GR,D
14:20:07,PTBA,RG,2520,1,D,PD,GR,D
14:20:07,PTBA,RG,2520,100,D,YP,GR,D
14:20:07,PTBA,RG,2520,5,D,ZP,GR,D
14:20:07,PTBA,RG,2520,1,D,DR,GR,D
14:20:07,PTBA,RG,2520,2,D,PD,GR,D
14:20:07,PTBA,RG,2520,20,D,OD,GR,D
14:20:07,PTBA,RG,2520,2,D,XC,GR,D
14:20:07,PTBA,RG,2520,5,D,EP,GR,D
14:20:07,PTBA,RG,2520,1,D,OD,GR,D
14:20:07,PTBA,RG,2520,100,D,CC,GR,D
14:20:07,PTBA,RG,2520,1,D,CC,GR,D
14:20:07,PTBA,RG,2520,10,D,KK,GR,D
14:20:07,PTBA,RG,2520,395,F,BK,GR,D
14:20:07,PTBA,RG,2520,1,D,YP,GR,D
14:20:07,PTBA,RG,2520,5,D,GR,GR,D
14:20:07,PTBA,RG,2520,20,D,CC,GR,D
14:20:07,PTBA,RG,2520,10,D,YU,GR,D
14:20:07,PTBA,RG,2520,50,D,CC,GR,D
14:20:07,PTBA,RG,2520,15,D,YP,GR,D
14:20:07,PTBA,RG,2520,1,D,XL,GR,D
14:20:07,PTBA,RG,2520,54,D,SQ,GR,D
14:20:07,PTBA,RG,2520,298,F,CS,GR,D
14:20:07,PTBA,RG,2520,24,D,YP,GR,D
14:19:18,PTBA,RG,2530,609,F,CS,GR,D
14:19:16,PTBA,RG,2530,14,F,CS,CS,F
14:19:16,PTBA,RG,2530,4,F,CS,CS,F
14:19:16,PTBA,RG,2530,1,F,CS,CS,F
14:19:16,PTBA,RG,2530,5,F,CS,CS,F
14:19:16,PTBA,RG,2530,1,F,CS,CS,F
14:19:16,PTBA,RG,2530,1,F,CS,CS,F
14:19:16,PTBA,RG,2530,5,F,CS,CS,F
14:19:16,PTBA,RG,2530,2,F,CS,CS,F
14:19:16,PTBA,RG,2530,4,F,CS,CS,F
14:19:16,PTBA,RG,2530,6,F,CS,CS,F
14:19:16,PTBA,RG,2530,5,F,CS,CS,F
14:19:16,PTBA,RG,2530,1,F,CS,CS,F
14:19:16,PTBA,RG,2530,3,F,CS,CS,F
14:19:16,PTBA,RG,2530,2,F,CS,CS,F
14:19:13,PTBA,RG,2530,1022,F,BK,AK,F
14:19:13,PTBA,RG,2540,329,F,BK,CP,D
14:19:13,PTBA,RG,2540,10,F,BK,AZ,D
14:19:13,PTBA,RG,2540,15,F,BK,SQ,D
14:19:13,PTBA,RG,2540,10,F,BK,PD,D
14:19:13,PTBA,RG,2540,1,F,BK,XC,D
14:19:13,PTBA,RG,2540,6,F,BK,PD,D
14:19:13,PTBA,RG,2540,250,F,BK,DR,D
14:19:13,PTBA,RG,2540,1,F,BK,YP,D
14:19:13,PTBA,RG,2540,32,F,BK,DR,D
14:19:13,PTBA,RG,2540,4,F,BK,XC,D
14:19:12,PTBA,RG,2530,1109,F,AK,AK,F
14:19:11,PTBA,RG,2530,149,F,AK,AK,F
14:19:11,PTBA,RG,2530,16,F,AK,AK,F
14:19:11,PTBA,RG,2530,548,D,ES,AK,F
14:19:11,PTBA,RG,2530,99,D,ES,AK,F
14:19:10,PTBA,RG,2530,16,D,ES,CS,F
14:19:10,PTBA,RG,2530,15,D,ES,CS,F
14:19:10,PTBA,RG,2530,2,D,ES,CS,F
14:19:10,PTBA,RG,2530,5,D,ES,AK,F
14:19:10,PTBA,RG,2530,5,D,ES,AK,F
14:19:10,PTBA,RG,2530,1,D,ES,AK,F
14:19:10,PTBA,RG,2530,9,D,ES,CS,F
14:19:10,PTBA,RG,2530,7,D,ES,CS,F
14:19:10,PTBA,RG,2530,6,D,ES,CS,F
14:19:10,PTBA,RG,2530,60,D,ES,YP,D
14:19:10,PTBA,RG,2530,100,D,ES,OD,D
14:19:10,PTBA,RG,2530,42,D,ES,XL,D
14:19:10,PTBA,RG,2530,2,D,ES,XC,D
14:19:10,PTBA,RG,2530,123,D,ES,BK,F
14:19:10,PTBA,RG,2530,1,D,ES,KK,D
14:19:10,PTBA,RG,2530,10,D,ES,KK,D
14:19:10,PTBA,RG,2530,42,D,ES,BK,F
14:19:10,PTBA,RG,2530,4,D,ES,EP,D
14:19:10,PTBA,RG,2530,37,D,ES,BK,F
14:19:10,PTBA,RG,2530,1,D,ES,AK,F
14:19:10,PTBA,RG,2530,5,D,ES,AK,F
14:19:10,PTBA,RG,2530,75,D,ES,AK,F
14:19:10,PTBA,RG,2530,500,D,ES,DR,D
14:19:10,PTBA,RG,2530,10,D,ES,YP,D
14:19:10,PTBA,RG,2530,1,D,ES,XC,D
14:19:10,PTBA,RG,2530,5,D,ES,CS,F
14:19:10,PTBA,RG,2530,5,D,ES,CS,F
14:19:10,PTBA,RG,2530,650,D,ES,YP,D
14:19:10,PTBA,RG,2530,1,D,ES,XC,D
14:19:10,PTBA,RG,2530,10,D,ES,CC,F
14:19:10,PTBA,RG,2530,4,D,ES,CS,F
14:19:10,PTBA,RG,2530,4,D,ES,CS,F
14:19:10,PTBA,RG,2530,900,D,ES,YU,D
14:19:10,PTBA,RG,2530,35,D,ES,DR,D
14:19:10,PTBA,RG,2530,2,D,ES,YU,D
14:19:10,PTBA,RG,2530,10,D,ES,SQ,D
14:19:10,PTBA,RG,2530,10,D,ES,CS,F
14:19:10,PTBA,RG,2530,500,D,ES,OD,D
14:19:10,PTBA,RG,2530,5,D,ES,CS,F
14:19:10,PTBA,RG,2530,1,D,ES,PD,D
14:19:10,PTBA,RG,2530,7,D,ES,PD,D
14:19:10,PTBA,RG,2530,1,D,ES,PD,D
14:19:10,PTBA,RG,2530,250,D,ES,DR,D
14:19:10,PTBA,RG,2530,13,D,ES,CS,F
14:19:10,PTBA,RG,2530,17,D,ES,CS,F
14:19:10,PTBA,RG,2530,30,D,ES,GR,D
14:19:10,PTBA,RG,2530,1,D,ES,DH,D
14:19:10,PTBA,RG,2530,34,D,ES,BK,F
14:19:10,PTBA,RG,2530,3,D,ES,CS,F
14:19:10,PTBA,RG,2530,15,D,ES,AK,F
14:19:10,PTBA,RG,2530,4,D,ES,AK,F
14:19:10,PTBA,RG,2530,6,D,ES,CS,F
14:19:10,PTBA,RG,2530,350,D,ES,NI,D
14:19:10,PTBA,RG,2530,2,D,ES,XL,D
14:19:10,PTBA,RG,2530,40,D,ES,XC,D
14:19:10,PTBA,RG,2530,5,D,ES,YP,D
14:19:10,PTBA,RG,2530,2,D,ES,YP,D
14:19:10,PTBA,RG,2530,256,D,ES,BB,F
14:19:10,PTBA,RG,2530,96,D,ES,YP,D
14:18:45,PTBA,RG,2520,1,D,YP,AK,F
14:18:42,PTBA,RG,2530,1,D,KK,YP,D
14:16:48,PTBA,RG,2520,1,D,YP,DH,D
14:16:39,PTBA,RG,2530,20,D,CC,YP,D
14:16:30,PTBA,RG,2520,1,D,YP,AK,F
14:16:30,PTBA,RG,2520,7,D,YP,AK,F
14:16:21,PTBA,RG,2530,1,D,SQ,YP,D
14:15:40,PTBA,RG,2520,20,D,YP,YP,D
14:15:13,PTBA,RG,2530,1,D,KK,YP,D
14:15:00,PTBA,RG,2520,1,D,YP,AK,F
14:14:39,PTBA,RG,2520,1,D,YP,NI,D
14:14:24,PTBA,RG,2520,10,D,YP,EP,D
14:13:30,PTBA,RG,2520,1,D,YP,AK,F
14:13:10,PTBA,RG,2530,1,D,SQ,YP,D
14:13:05,PTBA,RG,2530,2,D,PC,YP,D
14:12:57,PTBA,RG,2530,1,D,PC,YP,D
14:11:48,PTBA,RG,2530,2,D,RG,YP,D
14:11:00,PTBA,RG,2520,33,D,YP,CC,D
14:11:00,PTBA,RG,2520,1,F,AK,CC,D
14:11:00,PTBA,RG,2520,1,F,AK,CC,D
14:11:00,PTBA,RG,2520,2,D,CC,CC,D
14:10:47,PTBA,RG,2530,25,D,XC,YP,D
14:10:35,PTBA,RG,2520,10,D,CC,PD,D
14:09:29,PTBA,RG,2520,20,D,CC,YP,D
14:09:14,PTBA,RG,2520,19,D,CC,AK,F
14:08:50,PTBA,RG,2520,10,D,CC,SQ,D
14:08:45,PTBA,RG,2530,1,F,AK,DR,D
14:08:44,PTBA,RG,2530,10,D,CC,DR,D
14:07:59,PTBA,RG,2530,57,F,BK,DR,D
14:07:54,PTBA,RG,2530,182,D,YP,DR,D
14:07:54,PTBA,RG,2530,36,D,YP,PD,D
14:07:54,PTBA,RG,2530,685,D,YP,NI,D
14:07:54,PTBA,RG,2530,50,D,YP,DR,D
14:07:54,PTBA,RG,2530,76,D,YP,YP,D
14:07:54,PTBA,RG,2530,156,D,YP,DR,D
14:07:41,PTBA,RG,2530,25,D,SQ,DR,D
14:07:31,PTBA,RG,2520,3,D,CC,AK,F
14:07:29,PTBA,RG,2520,11,D,CC,GR,D
14:06:39,PTBA,RG,2530,4,D,PD,DR,D
14:06:27,PTBA,RG,2520,8,D,CC,AZ,D
14:06:27,PTBA,RG,2520,3,D,PD,AZ,D
14:05:58,PTBA,RG,2520,2,D,PD,XC,D
14:04:56,PTBA,RG,2520,5,D,PD,CC,D
14:04:19,PTBA,RG,2530,16,D,PD,DR,D
14:04:07,PTBA,RG,2530,159,D,YP,DR,D
14:03:58,PTBA,RG,2530,1,D,PD,DR,D
14:03:17,PTBA,RG,2530,39,D,DH,DR,D
14:03:00,PTBA,RG,2530,1,F,AK,DR,D
14:02:51,PTBA,RG,2530,1,D,AZ,DR,D
14:02:48,PTBA,RG,2530,8,D,PD,DR,D
14:01:55,PTBA,RG,2530,1,D,XC,DR,D
14:01:10,PTBA,RG,2530,1,D,PD,DR,D
14:00:51,PTBA,RG,2520,68,D,PD,EP,D
14:00:03,PTBA,RG,2520,20,D,PD,PD,D
13:59:35,PTBA,RG,2520,40,D,PD,NI,D
13:59:09,PTBA,RG,2520,5,D,PD,NI,D
13:58:28,PTBA,RG,2530,3,D,PD,DR,D
13:58:00,PTBA,RG,2530,1,F,AK,DR,D
13:57:29,PTBA,RG,2530,3,D,XC,DR,D
13:56:52,PTBA,RG,2530,20,D,OD,DR,D
13:56:40,PTBA,RG,2520,5,D,PD,XL,D
13:56:31,PTBA,RG,2520,352,D,PD,MI,D
13:56:31,PTBA,RG,2520,641,F,BK,MI,D
13:56:31,PTBA,RG,2520,1419,D,YJ,MI,D
13:56:31,PTBA,RG,2520,82,F,AK,MI,D
13:56:31,PTBA,RG,2520,34,F,AK,MI,D
13:56:31,PTBA,RG,2520,1372,D,GR,MI,D
13:56:20,PTBA,RG,2530,1,D,KK,DR,D
13:56:18,PTBA,RG,2520,4,D,GR,XC,D
13:55:54,PTBA,RG,2520,5,D,GR,GR,D
13:55:13,PTBA,RG,2520,5,D,GR,NI,D
13:54:58,PTBA,RG,2520,1,D,GR,PD,D
13:54:31,PTBA,RG,2530,10,D,CC,DR,D
13:54:24,PTBA,RG,2520,5,D,GR,PD,D
13:54:16,PTBA,RG,2530,50,D,KK,DR,D
13:53:59,PTBA,RG,2530,41,F,BK,YJ,D
13:53:55,PTBA,RG,2530,1,D,PD,YJ,D
13:53:55,PTBA,RG,2530,616,F,BK,YJ,D
13:53:55,PTBA,RG,2530,15,F,BK,EP,D
13:53:53,PTBA,RG,2520,5,D,GR,CS,F
13:53:53,PTBA,RG,2520,10,D,GR,CS,F
13:53:53,PTBA,RG,2520,7,D,GR,CS,F
13:53:53,PTBA,RG,2520,4,D,GR,CS,F
13:53:53,PTBA,RG,2520,5,D,GR,CS,F
13:53:53,PTBA,RG,2520,3,D,GR,CS,F
13:53:53,PTBA,RG,2520,4,D,GR,AK,F
13:53:53,PTBA,RG,2520,1,D,GR,AK,F
13:53:53,PTBA,RG,2520,12,D,GR,CS,F
13:53:53,PTBA,RG,2520,3,D,GR,CS,F
13:53:53,PTBA,RG,2520,13,D,GR,CS,F
13:53:53,PTBA,RG,2520,9,D,GR,CS,F
13:53:52,PTBA,RG,2520,2,D,GR,CS,F
13:53:52,PTBA,RG,2520,17,D,GR,CS,F
13:53:52,PTBA,RG,2520,5,D,GR,AK,F
13:53:52,PTBA,RG,2520,1,D,GR,AK,F
13:53:52,PTBA,RG,2520,11,D,GR,CS,F
13:53:52,PTBA,RG,2520,10,D,GR,NI,D
13:53:52,PTBA,RG,2520,14,D,GR,CS,F
13:53:52,PTBA,RG,2520,4,D,GR,CS,F
13:53:52,PTBA,RG,2520,3,D,GR,CS,F
13:53:52,PTBA,RG,2520,3,D,GR,CS,F
13:53:52,PTBA,RG,2520,16,D,GR,CS,F
13:53:52,PTBA,RG,2520,2,D,GR,PD,D
13:53:52,PTBA,RG,2520,5,D,GR,PD,D
13:53:52,PTBA,RG,2520,20,D,GR,CC,D
13:53:52,PTBA,RG,2520,1,D,GR,XC,D
13:53:52,PTBA,RG,2520,23,D,GR,YU,F
13:53:52,PTBA,RG,2520,50,D,GR,CC,D
13:53:52,PTBA,RG,2520,3,D,GR,PD,D
13:53:52,PTBA,RG,2520,24,D,GR,XC,D
13:53:52,PTBA,RG,2520,40,D,GR,CC,D
13:53:52,PTBA,RG,2520,1,D,GR,XC,D
13:53:52,PTBA,RG,2520,8,D,GR,KK,D
13:53:52,PTBA,RG,2520,30,D,GR,CP,D
13:53:52,PTBA,RG,2520,5,D,GR,PD,D
13:53:52,PTBA,RG,2520,7,D,GR,NI,D
13:53:52,PTBA,RG,2520,5,D,GR,AK,F
13:53:52,PTBA,RG,2520,1,D,GR,AK,F
13:53:52,PTBA,RG,2520,337,D,GR,BK,F
13:53:52,PTBA,RG,2520,1,D,GR,NI,D
13:53:52,PTBA,RG,2520,7,D,GR,CS,F
13:53:52,PTBA,RG,2520,500,D,GR,DR,D
13:53:52,PTBA,RG,2520,100,D,GR,SQ,D
13:53:52,PTBA,RG,2520,4,D,GR,AK,F
13:53:52,PTBA,RG,2520,10,D,GR,NI,D
13:53:52,PTBA,RG,2520,1,D,GR,AK,F
13:53:52,PTBA,RG,2520,120,D,GR,AT,D
13:53:52,PTBA,RG,2520,20,D,GR,CC,F
13:53:52,PTBA,RG,2520,2,D,GR,CS,F
13:53:52,PTBA,RG,2520,7,D,GR,CS,F
13:53:52,PTBA,RG,2520,50,D,GR,YP,D
13:53:52,PTBA,RG,2520,249,D,GR,AK,F
13:53:52,PTBA,RG,2520,450,D,GR,YP,D
13:53:52,PTBA,RG,2520,500,D,GR,YP,D
13:53:52,PTBA,RG,2520,3,D,GR,YP,D
13:53:52,PTBA,RG,2520,1,D,GR,AK,F
13:53:52,PTBA,RG,2520,5,D,GR,AK,F
13:53:52,PTBA,RG,2520,31,D,GR,XC,D
13:53:52,PTBA,RG,2520,1,D,GR,GR,D
13:53:52,PTBA,RG,2520,60,D,GR,PD,D
13:53:52,PTBA,RG,2520,5,D,GR,PD,D
13:53:52,PTBA,RG,2520,8,D,GR,DH,D
13:53:52,PTBA,RG,2520,5,D,GR,PD,D
13:53:52,PTBA,RG,2520,438,D,GR,BB,F
13:53:52,PTBA,RG,2520,10,D,GR,CC,D
13:53:52,PTBA,RG,2520,2,D,GR,CP,D
13:53:52,PTBA,RG,2520,13,D,GR,CC,D
13:53:52,PTBA,RG,2520,7,D,GR,CS,F
13:53:52,PTBA,RG,2520,4,D,GR,CS,F
13:53:52,PTBA,RG,2520,1,D,GR,OD,D
13:53:52,PTBA,RG,2520,1,D,GR,XC,D
13:53:52,PTBA,RG,2520,2,D,GR,YP,D
13:53:52,PTBA,RG,2520,1,D,GR,XC,D
13:53:52,PTBA,RG,2520,10,D,GR,SQ,D
13:53:52,PTBA,RG,2520,255,D,GR,CC,D
13:53:42,PTBA,RG,2510,160,D,YP,CC,D
13:52:59,PTBA,RG,2520,2,D,YP,CC,D
13:52:30,PTBA,RG,2520,1,F,AK,CC,D
13:52:29,PTBA,RG,2520,35,F,BK,CC,D
13:52:25,PTBA,RG,2520,37,F,BK,CC,D
13:52:23,PTBA,RG,2520,670,D,PD,CC,D
13:52:23,PTBA,RG,2520,5,D,PD,NI,D
13:52:23,PTBA,RG,2520,25,D,PD,PD,D
13:52:23,PTBA,RG,2520,150,D,PD,KI,D
13:52:23,PTBA,RG,2520,1,D,PD,XC,D
13:52:23,PTBA,RG,2520,1,D,PD,PD,D
13:52:23,PTBA,RG,2520,4,D,PD,DH,D
13:52:23,PTBA,RG,2520,4,D,PD,EP,D
13:52:23,PTBA,RG,2520,1,D,PD,CS,F
13:52:23,PTBA,RG,2520,2,D,PD,CS,F
13:52:23,PTBA,RG,2520,1,D,PD,CS,F
13:52:23,PTBA,RG,2520,2,D,PD,CS,F
13:52:23,PTBA,RG,2520,5,D,PD,CS,F
13:52:23,PTBA,RG,2520,37,D,PD,YP,D
13:52:23,PTBA,RG,2520,2,D,PD,CS,F
13:52:23,PTBA,RG,2520,1,D,PD,CS,F
13:52:23,PTBA,RG,2520,89,D,PD,YU,D
13:52:07,PTBA,RG,2520,4,D,NI,YU,D
13:52:01,PTBA,RG,2510,43,D,YP,SQ,D
13:52:01,PTBA,RG,2510,10,D,PD,SQ,D
13:52:01,PTBA,RG,2510,2,D,DX,SQ,D
13:52:01,PTBA,RG,2510,3,D,DR,SQ,D
13:52:01,PTBA,RG,2510,86,D,OD,SQ,D
13:51:52,PTBA,RG,2520,1,D,YP,YU,D
13:51:52,PTBA,RG,2520,1,D,DH,YU,D
13:51:48,PTBA,RG,2520,2,D,PD,YU,D
13:51:05,PTBA,RG,2520,1,D,KK,YU,D
13:50:53,PTBA,RG,2510,9,D,OD,KK,D
13:50:52,PTBA,RG,2510,3,D,OD,CC,D
13:50:40,PTBA,RG,2510,2,D,OD,CC,D
13:50:40,PTBA,RG,2510,40,D,CC,CC,D
13:50:40,PTBA,RG,2510,1,D,XC,CC,D
13:50:40,PTBA,RG,2510,3,D,PD,CC,D
13:50:40,PTBA,RG,2510,5,D,XC,CC,D
13:50:40,PTBA,RG,2510,100,D,NI,CC,D
13:50:40,PTBA,RG,2510,2,D,XC,CC,D
13:50:40,PTBA,RG,2510,5,D,KK,CC,D
13:50:40,PTBA,RG,2510,842,D,GR,CC,D
13:50:27,PTBA,RG,2510,1,D,GR,XC,D
13:50:25,PTBA,RG,2520,2,D,AT,YU,D
13:50:22,PTBA,RG,2510,15,D,GR,CC,D
13:50:09,PTBA,RG,2510,21,D,GR,AI,D
13:49:43,PTBA,RG,2520,1,D,NI,YU,D
13:49:31,PTBA,RG,2510,67,D,GR,CS,F
13:49:31,PTBA,RG,2510,50,D,GR,CC,D
13:48:56,PTBA,RG,2510,4,D,GR,AZ,D
13:48:56,PTBA,RG,2510,6,D,PD,AZ,D
13:48:51,PTBA,RG,2520,2,D,NI,YU,D
13:48:43,PTBA,RG,2510,4,D,PD,CS,F
13:48:43,PTBA,RG,2510,3,D,PD,CS,F
13:48:43,PTBA,RG,2510,2,D,XC,CS,F
13:48:43,PTBA,RG,2510,10,D,GR,CS,F
13:47:29,PTBA,RG,2510,13,D,GR,AK,F
13:47:16,PTBA,RG,2510,5,D,GR,XC,D
13:47:11,PTBA,RG,2520,204,D,YP,YU,D
13:47:05,PTBA,RG,2510,2,D,GR,PD,D
13:47:05,PTBA,RG,2510,1,D,XC,PD,D
13:47:05,PTBA,RG,2510,2,D,PD,PD,D
13:47:05,PTBA,RG,2510,3,D,NI,PD,D
13:46:52,PTBA,RG,2520,10,D,YP,YU,D
13:46:40,PTBA,RG,2510,2,D,NI,AK,F
13:46:38,PTBA,RG,2510,1,D,NI,XC,D
13:46:31,PTBA,RG,2520,4,D,PD,YU,D
13:46:23,PTBA,RG,2520,1,D,PD,YU,D
13:46:16,PTBA,RG,2520,50,D,NI,YU,D
13:46:10,PTBA,RG,2520,1,D,PD,YU,D
13:46:02,PTBA,RG,2510,2,D,NI,CS,F
13:46:02,PTBA,RG,2510,30,D,YP,CS,F
13:46:02,PTBA,RG,2510,1,D,DH,CS,F
13:46:02,PTBA,RG,2510,2,D,DR,CS,F
13:46:02,PTBA,RG,2510,5,D,PD,CS,F
13:46:02,PTBA,RG,2510,1,D,CC,CS,F
13:46:02,PTBA,RG,2510,9,D,AZ,CS,F
13:45:56,PTBA,RG,2520,8,D,XC,YU,D
13:45:45,PTBA,RG,2520,1,F,AK,YU,D
13:45:38,PTBA,RG,2520,1,D,YP,YU,D
13:45:28,PTBA,RG,2520,125,D,NI,YU,D
13:45:12,PTBA,RG,2520,2,D,PD,YU,D
13:45:02,PTBA,RG,2520,1,D,XC,YU,D
13:44:40,PTBA,RG,2520,5,D,PD,YU,D
13:43:48,PTBA,RG,2510,71,D,AZ,AG,D
13:43:48,PTBA,RG,2510,16,D,PD,AG,D
13:43:48,PTBA,RG,2510,1,D,CC,AG,D
13:43:48,PTBA,RG,2510,1,D,YP,AG,D
13:43:48,PTBA,RG,2510,5,D,YP,AG,D
13:43:48,PTBA,RG,2510,6,D,PD,AG,D
13:43:25,PTBA,RG,2510,4,D,PD,DR,D
13:43:25,PTBA,RG,2510,100,D,YP,DR,D
13:43:25,PTBA,RG,2510,5,D,KK,DR,D
13:43:25,PTBA,RG,2510,50,D,SQ,DR,D
13:43:25,PTBA,RG,2510,20,D,TP,DR,D
13:43:25,PTBA,RG,2510,5,D,EP,DR,D
13:43:25,PTBA,RG,2510,1,D,YP,DR,D
13:43:25,PTBA,RG,2510,50,D,DX,DR,D
13:43:25,PTBA,RG,2510,15,D,BQ,DR,D
13:43:02,PTBA,RG,2510,5,D,BQ,YP,D
13:43:02,PTBA,RG,2510,15,D,YP,YP,D
13:43:02,PTBA,RG,2510,5,D,PD,YP,D
13:43:02,PTBA,RG,2510,5,D,YP,YP,D
13:42:08,PTBA,RG,2510,1,D,YP,CC,D
13:41:35,PTBA,RG,2510,2,D,YP,CC,D
13:40:38,PTBA,RG,2510,2,D,YP,AZ,D
13:40:38,PTBA,RG,2510,1,D,XC,AZ,D
13:40:38,PTBA,RG,2510,5,D,GR,AZ,D
13:40:38,PTBA,RG,2510,1,D,NI,AZ,D
13:40:38,PTBA,RG,2510,1,D,XC,AZ,D
13:40:38,PTBA,RG,2510,2,D,NI,AZ,D
13:40:38,PTBA,RG,2510,62,D,AZ,AZ,D
13:40:28,PTBA,RG,2520,1,D,PD,YU,D
13:40:24,PTBA,RG,2520,40,D,NI,YU,D
13:40:23,PTBA,RG,2510,338,D,AZ,PD,D
13:40:23,PTBA,RG,2510,5,D,PD,PD,D
13:40:23,PTBA,RG,2510,10,D,NI,PD,D
13:40:23,PTBA,RG,2510,5,D,NI,PD,D
13:40:23,PTBA,RG,2510,1,D,XC,PD,D
13:40:23,PTBA,RG,2510,10,D,PD,PD,D
13:40:23,PTBA,RG,2510,25,D,KK,PD,D
13:40:23,PTBA,RG,2510,10,D,SQ,PD,D
13:40:23,PTBA,RG,2510,1,D,XC,PD,D
13:40:23,PTBA,RG,2510,1,D,CC,PD,D
13:40:23,PTBA,RG,2510,94,D,SQ,PD,D
13:40:23,PTBA,RG,2510,2,D,OD,PD,D
13:40:23,PTBA,RG,2510,1,D,EP,PD,D
13:40:23,PTBA,RG,2510,3,D,AZ,PD,D
13:40:23,PTBA,RG,2510,5,D,YP,PD,D
13:40:23,PTBA,RG,2510,1,D,YP,PD,D
13:40:23,PTBA,RG,2510,3,D,XL,PD,D
13:40:23,PTBA,RG,2510,2,D,XL,PD,D
13:40:23,PTBA,RG,2510,20,D,NI,PD,D
13:40:23,PTBA,RG,2510,23,D,YU,PD,D
13:40:19,PTBA,RG,2520,25,D,GR,YU,D
13:40:01,PTBA,RG,2520,1,D,PD,YU,D
13:39:57,PTBA,RG,2520,5,D,PD,YU,D
13:39:37,PTBA,RG,2510,20,D,YU,NI,D
13:39:21,PTBA,RG,2520,5,D,PD,YU,D
13:38:44,PTBA,RG,2510,7,D,YU,YP,D
13:38:44,PTBA,RG,2510,5,D,TF,YP,D
13:38:44,PTBA,RG,2510,1,D,DR,YP,D
13:38:44,PTBA,RG,2510,1,D,XC,YP,D
13:38:44,PTBA,RG,2510,1,D,DR,YP,D
13:38:44,PTBA,RG,2510,4,D,XC,YP,D
13:38:44,PTBA,RG,2510,4,D,PD,YP,D
13:38:44,PTBA,RG,2510,6,D,DH,YP,D
13:38:44,PTBA,RG,2510,4,D,DR,YP,D
13:38:44,PTBA,RG,2510,2,D,DH,YP,D
13:38:44,PTBA,RG,2510,10,D,XC,YP,D
13:38:44,PTBA,RG,2510,1,D,NI,YP,D
13:38:44,PTBA,RG,2510,1,D,XC,YP,D
13:38:44,PTBA,RG,2510,1,D,XC,YP,D
13:38:44,PTBA,RG,2510,2,D,PD,YP,D
13:38:24,PTBA,RG,2520,1,D,PD,YU,D
13:38:05,PTBA,RG,2510,2,D,PD,YP,D
13:38:05,PTBA,RG,2510,1,D,NI,YP,D
13:38:05,PTBA,RG,2510,5,D,YP,YP,D
13:38:05,PTBA,RG,2510,92,D,PD,YP,D
13:38:02,PTBA,RG,2520,1,D,XC,YU,D
13:37:48,PTBA,RG,2520,10,D,CC,YU,D
13:37:48,PTBA,RG,2520,1,D,KK,YU,D
13:37:31,PTBA,RG,2520,50,D,YP,YU,D
13:36:49,PTBA,RG,2520,4,D,NI,YU,D
13:36:48,PTBA,RG,2520,2,D,NI,YU,D
13:36:41,PTBA,RG,2520,100,D,SQ,YU,D
13:36:30,PTBA,RG,2510,1,D,PD,CC,D
13:36:17,PTBA,RG,2520,4,D,YP,YU,D
13:36:04,PTBA,RG,2520,1,D,XC,YU,D
13:35:55,PTBA,RG,2520,2,D,XC,YU,D
13:35:11,PTBA,RG,2520,7,D,XC,YU,D
13:35:00,PTBA,RG,2520,7,D,NI,YU,D
13:34:47,PTBA,RG,2520,20,D,XC,YU,D
13:34:07,PTBA,RG,2520,5,D,EP,YU,D
13:33:43,PTBA,RG,2510,5,D,PD,PD,D
13:33:38,PTBA,RG,2510,1,D,PD,AK,F
13:33:38,PTBA,RG,2510,2,D,NI,AK,F
13:33:38,PTBA,RG,2510,10,D,PD,AK,F
13:33:38,PTBA,RG,2510,75,D,NI,AK,F
13:33:38,PTBA,RG,2510,2,D,CC,AK,F
13:33:38,PTBA,RG,2510,2,D,ZP,AK,F
13:33:38,PTBA,RG,2510,2,D,PD,AK,F
13:33:38,PTBA,RG,2510,2,D,XC,AK,F
13:33:38,PTBA,RG,2510,25,D,AT,AK,F
13:33:38,PTBA,RG,2510,50,D,YP,AK,F
13:33:38,PTBA,RG,2510,10,D,YP,AK,F
13:33:38,PTBA,RG,2510,50,D,YP,AK,F
13:33:38,PTBA,RG,2510,21,D,PD,AK,F
13:33:38,PTBA,RG,2510,30,D,OD,AK,F
13:33:21,PTBA,RG,2510,18,D,OD,CS,F
13:33:19,PTBA,RG,2520,12,D,XC,YU,D
13:33:07,PTBA,RG,2520,2,D,PD,YU,D
13:33:05,PTBA,RG,2520,2,D,PD,YU,D
13:32:51,PTBA,RG,2520,1,D,YP,YU,D
13:32:42,PTBA,RG,2520,4,D,PD,YU,D
13:32:40,PTBA,RG,2520,3,D,NI,YU,D
13:32:14,PTBA,RG,2520,80,D,CC,YU,D
13:31:54,PTBA,RG,2510,2,D,OD,PD,D
13:31:54,PTBA,RG,2510,1,D,XC,PD,D
13:31:31,PTBA,RG,2510,10,D,YP,XC,D
13:31:31,PTBA,RG,2510,2,D,KK,XC,D
13:31:21,PTBA,RG,2510,48,D,KK,CS,F
13:30:18,PTBA,RG,2510,1,D,KK,YP,D
13:30:16,PTBA,RG,2520,1,F,AK,YU,D
13:30:15,PTBA,RG,2520,15,D,YP,YU,D
13:30:15,PTBA,RG,2510,199,D,KK,YP,D
13:30:15,PTBA,RG,2510,1,D,YP,YP,D
13:30:15,PTBA,RG,2510,1,D,XC,YP,D
13:30:15,PTBA,RG,2510,25,D,SQ,YP,D
13:30:15,PTBA,RG,2510,20,D,NI,YP,D
13:30:15,PTBA,RG,2510,10,D,CC,YP,D
13:30:15,PTBA,RG,2510,2,D,XC,YP,D
13:30:15,PTBA,RG,2510,1,D,KK,YP,D
13:30:15,PTBA,RG,2510,5,D,YP,YP,D
13:30:15,PTBA,RG,2510,40,D,PD,YP,D
13:30:15,PTBA,RG,2510,8,D,CC,YP,D
13:30:15,PTBA,RG,2510,100,D,NI,YP,D
13:30:15,PTBA,RG,2510,2,D,NI,YP,D
13:30:15,PTBA,RG,2510,1,D,XC,YP,D
13:30:15,PTBA,RG,2510,10,D,PD,YP,D
13:30:15,PTBA,RG,2510,5,D,NI,YP,D
13:30:15,PTBA,RG,2510,10,D,SQ,YP,D
13:30:15,PTBA,RG,2510,3,D,YP,YP,D
13:30:15,PTBA,RG,2510,1,D,XC,YP,D
13:30:15,PTBA,RG,2510,2,D,CC,YP,D
13:30:15,PTBA,RG,2510,1,D,XC,YP,D
13:30:15,PTBA,RG,2510,1,D,PD,YP,D
13:30:15,PTBA,RG,2510,25,D,SQ,YP,D
13:30:15,PTBA,RG,2510,20,D,KK,YP,D
13:30:15,PTBA,RG,2510,1,D,XL,YP,D
13:30:15,PTBA,RG,2510,1,D,YP,YP,D
13:30:15,PTBA,RG,2510,18,D,DR,YP,D
13:30:14,PTBA,RG,2510,2,D,DR,AK,F
13:30:14,PTBA,RG,2510,5,D,DR,AK,F
13:30:14,PTBA,RG,2510,5,D,NI,AK,F
13:30:14,PTBA,RG,2510,1,D,CC,AK,F
13:30:14,PTBA,RG,2520,1,D,YP,YU,D
13:30:13,PTBA,RG,2510,20,D,CC,YP,D
13:30:12,PTBA,RG,2510,1,D,CC,XC,D
13:30:12,PTBA,RG,2510,3,D,CC,XC,D
13:30:12,PTBA,RG,2510,10,D,CC,CC,D
13:30:12,PTBA,RG,2520,1,D,CC,YU,D
13:30:09,PTBA,RG,2510,1,D,CC,XC,D
13:30:09,PTBA,RG,2520,3,D,XC,YU,D
13:30:09,PTBA,RG,2520,2,D,CC,YU,D
13:30:09,PTBA,RG,2510,2,D,CC,XC,D
13:30:08,PTBA,RG,2510,462,D,CC,CC,D
13:30:08,PTBA,RG,2510,50,D,CP,CC,D
13:30:08,PTBA,RG,2510,30,D,PD,CC,D
13:30:08,PTBA,RG,2510,1,D,PD,CC,D
13:30:08,PTBA,RG,2510,5,D,YP,CC,D
13:30:08,PTBA,RG,2510,5,D,PD,CC,D
13:30:08,PTBA,RG,2510,2,D,XC,CC,D
13:30:08,PTBA,RG,2510,5,D,PD,CC,D
13:30:08,PTBA,RG,2510,5,D,XC,CC,D
13:30:08,PTBA,RG,2510,3,D,NI,CC,D
13:30:08,PTBA,RG,2510,1,D,YP,CC,D
13:30:08,PTBA,RG,2510,2,D,YP,CC,D
13:30:08,PTBA,RG,2510,1,D,XC,CC,D
13:30:08,PTBA,RG,2510,2,D,PD,CC,D
13:30:08,PTBA,RG,2510,2,D,TP,CC,D
13:30:08,PTBA,RG,2510,40,D,CC,CC,D
13:30:08,PTBA,RG,2510,20,D,SQ,CC,D
13:30:08,PTBA,RG,2510,2,D,GR,CC,D
13:30:08,PTBA,RG,2510,2,D,PD,CC,D
13:30:08,PTBA,RG,2510,20,D,YP,CC,D
13:30:08,PTBA,RG,2510,1,D,NI,CC,D
13:30:08,PTBA,RG,2510,10,D,XC,CC,D
13:30:08,PTBA,RG,2510,100,D,YP,CC,D
13:30:08,PTBA,RG,2510,25,D,CC,CC,D
13:30:08,PTBA,RG,2510,34,D,YP,CC,D
13:30:08,PTBA,RG,2510,1,D,YP,XC,D
13:30:07,PTBA,RG,2510,5,D,YP,XC,D
13:30:07,PTBA,RG,2520,1,D,PD,YU,D
13:30:07,PTBA,RG,2510,2,D,YP,XC,D
13:30:07,PTBA,RG,2510,2,D,YP,XC,D
13:30:07,PTBA,RG,2510,3,D,YP,XC,D
13:30:07,PTBA,RG,2520,4,D,PD,YU,D
13:30:07,PTBA,RG,2520,19,D,BQ,YU,D
13:30:07,PTBA,RG,2510,10,D,YP,CC,D
13:30:06,PTBA,RG,2520,1,D,SQ,YU,D
13:30:05,PTBA,RG,2510,40,D,YP,PD,D
13:30:05,PTBA,RG,2520,1,D,PD,YU,D
13:30:05,PTBA,RG,2520,5,D,PD,YU,D
13:30:05,PTBA,RG,2510,5,D,YP,CC,D
13:30:05,PTBA,RG,2510,1,D,YP,KK,D
13:30:05,PTBA,RG,2510,100,D,YP,DR,D
13:30:05,PTBA,RG,2510,1,D,YP,AZ,D
13:30:04,PTBA,RG,2510,10,D,YP,LG,D
13:30:04,PTBA,RG,2510,3,D,YP,PD,D
13:30:03,PTBA,RG,2520,2,D,PD,YU,D
13:30:03,PTBA,RG,2510,3,D,YP,PD,D
13:30:03,PTBA,RG,2510,30,D,YP,DH,D
13:30:03,PTBA,RG,2510,4,D,AZ,PD,D
13:30:03,PTBA,RG,2510,20,D,PD,PD,D
13:30:03,PTBA,RG,2510,4,D,XC,PD,D
13:30:03,PTBA,RG,2510,5,D,PD,PD,D
13:30:03,PTBA,RG,2510,10,D,OD,PD,D
13:30:03,PTBA,RG,2510,237,D,EP,PD,D
13:30:03,PTBA,RG,2510,7,D,EP,KK,D
13:30:03,PTBA,RG,2520,20,D,PD,YU,D
13:30:03,PTBA,RG,2510,256,D,EP,SQ,D
13:30:03,PTBA,RG,2510,1,D,PC,SQ,D
13:30:03,PTBA,RG,2510,10,D,NI,SQ,D
13:30:03,PTBA,RG,2510,100,D,PD,SQ,D
13:30:03,PTBA,RG,2510,10,D,NI,SQ,D
13:30:03,PTBA,RG,2510,1,D,XC,SQ,D
13:30:03,PTBA,RG,2510,5,D,KK,SQ,D
13:30:03,PTBA,RG,2510,1,D,XC,SQ,D
13:30:03,PTBA,RG,2510,2,D,YP,SQ,D
13:30:03,PTBA,RG,2510,5,D,DH,SQ,D
13:30:03,PTBA,RG,2510,5,D,YP,SQ,D
13:30:03,PTBA,RG,2510,4,D,PD,SQ,D
13:30:03,PTBA,RG,2520,2,D,KK,YU,D
13:30:03,PTBA,RG,2520,7,D,PD,YU,D
13:30:03,PTBA,RG,2520,3,D,PD,YU,D
13:30:03,PTBA,RG,2520,1,D,PD,CS,F
13:30:02,PTBA,RG,2520,3,D,CP,CS,F
13:30:02,PTBA,RG,2520,1,D,CP,CS,F
13:30:02,PTBA,RG,2520,1,D,PD,CS,F
11:29:57,PTBA,RG,2510,1,D,PD,XC,D
11:29:46,PTBA,RG,2510,1,D,PD,AK,F
11:29:37,PTBA,RG,2520,1,D,NI,AK,F
11:29:37,PTBA,RG,2520,9,D,NI,BB,F
11:29:13,PTBA,RG,2510,1,D,PD,AK,F
11:28:56,PTBA,RG,2510,3,D,PD,BB,F
11:28:53,PTBA,RG,2510,1,D,SQ,XC,D
11:28:53,PTBA,RG,2510,2,D,YP,XC,D
11:28:53,PTBA,RG,2510,1,D,PD,XC,D
11:28:49,PTBA,RG,2510,1,D,PD,OD,D
11:28:49,PTBA,RG,2510,11,D,YP,OD,D
11:28:49,PTBA,RG,2510,30,D,SQ,OD,D
11:28:49,PTBA,RG,2510,2,D,YP,OD,D
11:28:49,PTBA,RG,2510,1,D,DR,OD,D
11:28:49,PTBA,RG,2510,39,D,CC,OD,D
11:28:49,PTBA,RG,2510,10,D,NI,OD,D
11:28:49,PTBA,RG,2510,10,D,CC,OD,D
11:28:49,PTBA,RG,2510,5,D,PD,OD,D
11:28:49,PTBA,RG,2510,2,D,XC,OD,D
11:28:49,PTBA,RG,2510,139,D,YP,OD,D
11:28:45,PTBA,RG,2520,5,D,PD,BB,F
11:28:00,PTBA,RG,2510,4,D,YP,AK,F
11:27:59,PTBA,RG,2510,100,D,YP,CC,D
11:27:55,PTBA,RG,2520,5,D,PD,BK,F
11:27:35,PTBA,RG,2510,60,D,YP,CP,D
11:27:30,PTBA,RG,2510,1,D,YP,AK,F
11:27:29,PTBA,RG,2510,1,D,YP,XC,D
11:27:28,PTBA,RG,2510,14,D,YP,BB,F
11:27:14,PTBA,RG,2510,5,D,YP,PD,D
11:27:01,PTBA,RG,2510,250,D,YP,DR,D
11:26:55,PTBA,RG,2510,250,D,YP,DR,D
11:26:47,PTBA,RG,2510,45,D,YP,PD,D
11:26:41,PTBA,RG,2510,1131,D,YP,SQ,D
11:26:41,PTBA,RG,2510,10,D,OD,SQ,D
11:26:41,PTBA,RG,2510,40,D,PD,SQ,D
11:26:41,PTBA,RG,2510,10,D,PD,SQ,D
11:26:41,PTBA,RG,2510,5,D,CC,SQ,D
11:26:41,PTBA,RG,2510,10,D,LG,SQ,D
11:26:41,PTBA,RG,2510,40,D,XC,SQ,D
11:26:41,PTBA,RG,2510,20,D,PD,SQ,D
11:26:41,PTBA,RG,2510,1,D,DH,SQ,D
11:26:41,PTBA,RG,2510,5,D,YP,SQ,D
11:26:41,PTBA,RG,2510,1,D,AG,SQ,D
11:26:41,PTBA,RG,2510,20,D,DH,SQ,D
11:26:41,PTBA,RG,2510,10,D,HP,SQ,D
11:26:41,PTBA,RG,2510,3,D,YP,SQ,D
11:26:41,PTBA,RG,2510,20,D,KK,SQ,D
11:26:41,PTBA,RG,2510,1,D,XC,SQ,D
11:26:41,PTBA,RG,2510,4,D,XC,SQ,D
11:26:41,PTBA,RG,2510,1,D,XL,SQ,D
11:26:41,PTBA,RG,2510,1,D,YP,SQ,D
11:26:41,PTBA,RG,2510,40,D,CC,SQ,D
11:26:41,PTBA,RG,2510,50,D,OD,SQ,D
11:26:41,PTBA,RG,2510,577,F,BK,SQ,D
11:26:35,PTBA,RG,2510,823,F,BK,SQ,D
11:26:35,PTBA,RG,2510,10,D,AZ,SQ,D
11:26:35,PTBA,RG,2510,1,D,XL,SQ,D
11:26:35,PTBA,RG,2510,8,D,XC,SQ,D
11:26:35,PTBA,RG,2510,40,D,YP,SQ,D
11:26:35,PTBA,RG,2510,5,D,PD,SQ,D
11:26:35,PTBA,RG,2510,10,D,SQ,SQ,D
11:26:35,PTBA,RG,2510,1,D,NI,SQ,D
11:26:35,PTBA,RG,2510,10,D,SQ,SQ,D
11:26:35,PTBA,RG,2510,10,D,GR,SQ,D
11:26:35,PTBA,RG,2510,2,D,CC,SQ,D
11:26:35,PTBA,RG,2510,3,D,PD,SQ,D
11:26:35,PTBA,RG,2510,46,D,SQ,SQ,D
11:26:35,PTBA,RG,2510,100,D,NI,SQ,D
11:26:35,PTBA,RG,2510,1,D,NI,SQ,D
11:26:35,PTBA,RG,2510,5,D,PD,SQ,D
11:26:35,PTBA,RG,2510,10,D,CC,SQ,D
11:26:35,PTBA,RG,2510,1,D,PC,SQ,D
11:26:35,PTBA,RG,2510,1,D,PD,SQ,D
11:26:35,PTBA,RG,2510,10,D,LG,SQ,D
11:26:35,PTBA,RG,2510,29,D,PD,SQ,D
11:26:35,PTBA,RG,2510,1,D,PD,SQ,D
11:26:35,PTBA,RG,2510,5,D,KK,SQ,D
11:26:35,PTBA,RG,2510,1,D,YB,SQ,D
11:26:35,PTBA,RG,2510,2,D,NI,SQ,D
11:26:35,PTBA,RG,2510,1,D,PD,SQ,D
11:26:35,PTBA,RG,2510,2,D,PD,SQ,D
11:26:35,PTBA,RG,2510,10,D,YP,SQ,D
11:26:35,PTBA,RG,2510,1,D,PD,SQ,D
11:26:35,PTBA,RG,2510,1,D,YB,SQ,D
11:26:35,PTBA,RG,2510,10,D,KK,SQ,D
11:26:35,PTBA,RG,2510,1,D,AZ,SQ,D
11:26:35,PTBA,RG,2510,1,D,PD,SQ,D
11:26:35,PTBA,RG,2510,1,D,PD,SQ,D
11:26:35,PTBA,RG,2510,10,D,AT,SQ,D
11:26:35,PTBA,RG,2510,3,D,YP,SQ,D
11:26:35,PTBA,RG,2510,1,D,PD,SQ,D
11:26:35,PTBA,RG,2510,2,D,AZ,SQ,D
11:26:35,PTBA,RG,2510,2,D,KK,SQ,D
11:26:35,PTBA,RG,2510,5,D,PD,SQ,D
11:26:35,PTBA,RG,2510,2,D,PD,SQ,D
11:26:35,PTBA,RG,2510,1,D,NI,SQ,D
11:26:35,PTBA,RG,2510,10,D,NI,SQ,D
11:26:35,PTBA,RG,2510,20,D,XA,SQ,D
11:26:35,PTBA,RG,2510,22,D,DH,SQ,D
11:26:35,PTBA,RG,2510,5,D,YP,SQ,D
11:26:35,PTBA,RG,2510,500,D,KK,SQ,D
11:26:35,PTBA,RG,2510,254,D,XC,SQ,D
11:26:34,PTBA,RG,2520,10,D,PD,BK,F
11:26:15,PTBA,RG,2520,2,D,CC,BK,F
11:26:07,PTBA,RG,2520,10,D,KK,BK,F
11:26:00,PTBA,RG,2510,3,D,XC,AK,F
11:25:55,PTBA,RG,2520,68,F,BK,BK,F
11:25:45,PTBA,RG,2510,1,D,XC,CC,D
11:25:42,PTBA,RG,2520,3,D,YP,BK,F
11:25:34,PTBA,RG,2520,106,F,BK,BK,F
11:25:31,PTBA,RG,2510,47,D,XC,CS,F
11:25:31,PTBA,RG,2510,2,D,PD,CS,F
11:25:31,PTBA,RG,2510,1,D,NI,CS,F
11:25:31,PTBA,RG,2510,1,D,PD,CS,F
11:25:31,PTBA,RG,2510,2,D,PD,CS,F
11:25:31,PTBA,RG,2510,5,D,PD,CS,F
11:25:31,PTBA,RG,2510,5,D,CC,CS,F
11:25:31,PTBA,RG,2510,4,D,AZ,CS,F
11:25:30,PTBA,RG,2510,1,D,AZ,AK,F
11:25:29,PTBA,RG,2520,10,D,PD,BK,F
11:25:27,PTBA,RG,2520,5,D,LG,BK,F
11:25:22,PTBA,RG,2520,3,D,PD,BK,F
11:25:15,PTBA,RG,2510,1,D,AZ,AK,F
11:24:56,PTBA,RG,2520,54,F,BK,BK,F
11:24:36,PTBA,RG,2520,111,F,BK,BK,F
11:24:30,PTBA,RG,2510,19,D,AZ,BB,F
11:24:30,PTBA,RG,2510,1,D,NI,BB,F
11:24:30,PTBA,RG,2510,1,D,YP,BB,F
11:24:30,PTBA,RG,2510,1,D,PD,BB,F
11:24:30,PTBA,RG,2510,3,D,DR,BB,F
11:24:30,PTBA,RG,2510,11,D,PD,BB,F
11:24:30,PTBA,RG,2510,10,D,YP,BB,F
11:24:30,PTBA,RG,2510,1,D,PD,BB,F
11:24:30,PTBA,RG,2510,4,D,PD,BB,F
11:24:30,PTBA,RG,2510,5,D,PD,BB,F
11:24:30,PTBA,RG,2510,20,D,YB,BB,F
11:24:30,PTBA,RG,2510,100,D,PD,BB,F
11:24:30,PTBA,RG,2510,1,D,PD,BB,F
11:24:30,PTBA,RG,2510,1,D,YP,BB,F
11:24:30,PTBA,RG,2510,39,D,YP,BB,F
11:24:30,PTBA,RG,2510,1,D,AZ,BB,F
11:24:30,PTBA,RG,2510,1,D,XL,BB,F
11:24:30,PTBA,RG,2510,27,D,YP,BB,F
11:24:30,PTBA,RG,2510,5,D,YP,BB,F
11:24:30,PTBA,RG,2510,10,D,LG,BB,F
11:24:30,PTBA,RG,2510,3,D,PD,BB,F
11:24:30,PTBA,RG,2510,3,D,DR,BB,F
11:24:30,PTBA,RG,2510,1,D,DH,BB,F
11:24:30,PTBA,RG,2510,4,D,PD,BB,F
11:24:30,PTBA,RG,2510,3,D,PD,BB,F
11:24:00,PTBA,RG,2510,1,D,PD,XC,D
11:23:54,PTBA,RG,2520,2,D,NI,BK,F
11:23:51,PTBA,RG,2520,1,D,XC,BK,F
11:23:45,PTBA,RG,2520,1,F,AK,BK,F
11:23:41,PTBA,RG,2520,138,F,BK,BK,F
11:23:39,PTBA,RG,2520,5,D,NI,BK,F
11:23:39,PTBA,RG,2520,59,F,BK,BK,F
11:23:20,PTBA,RG,2510,1,D,PD,YU,D
11:23:00,PTBA,RG,2510,1,D,YP,AK,F
11:22:58,PTBA,RG,2510,10,D,YP,CC,D
11:22:46,PTBA,RG,2520,20,D,PD,BK,F
11:22:15,PTBA,RG,2510,7,D,YP,AK,F
11:22:13,PTBA,RG,2520,1,D,XC,BK,F
11:21:15,PTBA,RG,2510,2,D,YP,AK,F
11:21:12,PTBA,RG,2510,4,D,YP,XC,D
11:20:45,PTBA,RG,2510,1,D,YP,AK,F
11:20:32,PTBA,RG,2520,166,F,BK,BK,F
11:20:28,PTBA,RG,2520,1000,D,CC,BK,F
11:20:03,PTBA,RG,2520,1,D,XC,BK,F
11:19:59,PTBA,RG,2520,1,D,YP,BK,F
11:19:30,PTBA,RG,2520,1,F,AK,BK,F
11:19:18,PTBA,RG,2520,5,D,YP,BK,F
11:19:04,PTBA,RG,2510,21,D,YP,PD,D
11:19:00,PTBA,RG,2510,6,D,YP,AK,F
11:19:00,PTBA,RG,2510,1,D,YP,AK,F
11:18:38,PTBA,RG,2510,11,D,YP,BB,F
11:18:38,PTBA,RG,2510,10,D,XC,BB,F
11:18:38,PTBA,RG,2510,1,D,PD,BB,F
11:18:38,PTBA,RG,2510,1,D,KK,BB,F
11:18:38,PTBA,RG,2510,5,D,DH,BB,F
11:18:38,PTBA,RG,2510,1,D,PD,BB,F
11:18:38,PTBA,RG,2510,583,D,YP,BB,F
11:18:00,PTBA,RG,2510,3,D,YP,AK,F
11:17:49,PTBA,RG,2510,14,D,YP,PD,D
11:17:49,PTBA,RG,2510,186,D,BQ,PD,D
11:17:30,PTBA,RG,2510,2,D,BQ,PD,D
11:17:30,PTBA,RG,2510,1,D,BQ,AK,F
11:17:16,PTBA,RG,2510,5,D,BQ,PD,D
11:17:14,PTBA,RG,2510,63,D,BQ,DR,D
11:17:03,PTBA,RG,2510,250,D,BQ,DR,D
11:17:01,PTBA,RG,2520,1,D,YP,BK,F
11:16:54,PTBA,RG,2520,10,D,PD,BK,F
11:16:24,PTBA,RG,2520,1,D,CC,BK,F
11:16:23,PTBA,RG,2510,513,D,BQ,YU,D
11:16:23,PTBA,RG,2510,2,D,YP,YU,D
11:16:23,PTBA,RG,2510,1,D,AT,YU,D
11:16:23,PTBA,RG,2510,200,D,KK,YU,D
11:16:23,PTBA,RG,2510,2,D,YP,YU,D
11:16:23,PTBA,RG,2510,1,D,YP,YU,D
11:16:23,PTBA,RG,2510,10,D,YP,YU,D
11:16:23,PTBA,RG,2510,8,D,GR,YU,D
11:16:23,PTBA,RG,2510,100,D,YP,YU,D
11:16:23,PTBA,RG,2510,10,D,GR,YU,D
11:16:23,PTBA,RG,2510,20,D,CC,YU,D
11:16:23,PTBA,RG,2510,200,D,CC,YU,D
11:16:23,PTBA,RG,2510,1,D,NI,YU,D
11:16:23,PTBA,RG,2510,1,D,PD,YU,D
11:16:23,PTBA,RG,2510,2,D,XC,YU,D
11:16:23,PTBA,RG,2510,10,D,PD,YU,D
11:16:23,PTBA,RG,2510,500,D,CC,YU,D
11:16:23,PTBA,RG,2510,20,D,DH,YU,D
11:16:23,PTBA,RG,2510,3,D,PD,YU,D
11:16:23,PTBA,RG,2510,10,D,DR,YU,D
11:16:23,PTBA,RG,2510,3,D,DX,YU,D
11:16:23,PTBA,RG,2510,20,D,YU,YU,D
11:16:23,PTBA,RG,2510,1,D,PD,YU,D
11:16:23,PTBA,RG,2510,5,D,PD,YU,D
11:16:23,PTBA,RG,2510,20,D,AI,YU,D
11:16:23,PTBA,RG,2510,2,D,NI,YU,D
11:16:23,PTBA,RG,2510,100,D,YP,YU,D
11:16:23,PTBA,RG,2510,5,D,CC,YU,D
11:16:23,PTBA,RG,2510,5,D,YP,YU,D
11:16:23,PTBA,RG,2510,1,D,YP,YU,D
11:16:23,PTBA,RG,2510,25,D,YP,YU,D
11:16:23,PTBA,RG,2510,100,D,CC,YU,D
11:16:23,PTBA,RG,2510,500,D,YP,YU,D
11:16:23,PTBA,RG,2510,1,D,LG,YU,D
11:16:23,PTBA,RG,2510,1,D,PD,YU,D
11:16:23,PTBA,RG,2510,2,D,YP,YU,D
11:16:23,PTBA,RG,2510,100,D,SQ,YU,D
11:16:23,PTBA,RG,2510,18,D,CC,YU,D
11:16:23,PTBA,RG,2510,3,D,IF,YU,D
11:16:23,PTBA,RG,2510,1,D,KK,YU,D
11:16:23,PTBA,RG,2510,2,D,CC,YU,D
11:16:23,PTBA,RG,2510,3,D,LG,YU,D
11:16:23,PTBA,RG,2510,42,D,KK,YU,D
11:16:10,PTBA,RG,2520,1,D,CC,BK,F
11:16:00,PTBA,RG,2520,1,D,CC,BK,F
11:15:55,PTBA,RG,2510,4,D,KK,AK,F
11:15:54,PTBA,RG,2510,48,D,KK,CS,F
11:15:48,PTBA,RG,2520,1,D,CC,BK,F
11:15:39,PTBA,RG,2520,5,D,CC,BK,F
11:15:34,PTBA,RG,2510,18,D,KK,CS,F
11:15:30,PTBA,RG,2520,1,F,AK,BK,F
11:13:33,PTBA,RG,2520,199,D,CC,BK,F
11:13:30,PTBA,RG,2510,1,D,KK,AK,F
11:13:21,PTBA,RG,2510,3,D,KK,PD,D
11:13:11,PTBA,RG,2520,2,D,XC,BK,F
11:13:10,PTBA,RG,2520,1,D,NI,BK,F
11:12:41,PTBA,RG,2510,1,D,KK,PD,D
11:12:15,PTBA,RG,2510,5,D,KK,AK,F
11:11:55,PTBA,RG,2510,78,D,KK,DR,D
11:11:55,PTBA,RG,2510,1,D,PD,DR,D
11:11:55,PTBA,RG,2510,1,D,KK,DR,D
11:11:55,PTBA,RG,2510,5,D,GR,DR,D
11:11:55,PTBA,RG,2510,1,D,PD,DR,D
11:11:55,PTBA,RG,2510,15,D,KK,DR,D
11:11:55,PTBA,RG,2510,1,D,PD,DR,D
11:11:55,PTBA,RG,2510,10,D,PD,DR,D
11:11:55,PTBA,RG,2510,10,D,PD,DR,D
11:11:55,PTBA,RG,2510,1,D,PD,DR,D
11:11:55,PTBA,RG,2510,25,D,GR,DR,D
11:11:55,PTBA,RG,2510,10,D,CC,DR,D
11:11:55,PTBA,RG,2510,10,D,AZ,DR,D
11:11:55,PTBA,RG,2510,2,D,AT,DR,D
11:11:55,PTBA,RG,2510,200,D,CP,DR,D
11:11:55,PTBA,RG,2510,20,D,YU,DR,D
11:11:55,PTBA,RG,2510,110,D,KK,DR,D
11:11:50,PTBA,RG,2520,2,D,XC,BK,F
11:11:43,PTBA,RG,2510,1,D,KK,XC,D
11:11:37,PTBA,RG,2510,4,D,KK,XC,D
11:11:34,PTBA,RG,2510,12,D,KK,CC,D
11:11:00,PTBA,RG,2510,1,D,KK,AK,F
11:10:53,PTBA,RG,2520,1,D,YP,BK,F
11:10:48,PTBA,RG,2520,35,D,OD,BK,F
11:10:48,PTBA,RG,2520,3,D,OD,CS,F
11:10:48,PTBA,RG,2520,3,D,OD,CS,F
11:10:48,PTBA,RG,2520,7,D,OD,CS,F
11:10:48,PTBA,RG,2520,1,D,OD,CS,F
11:10:48,PTBA,RG,2520,10,D,OD,CS,F
11:10:48,PTBA,RG,2520,141,D,OD,PD,D
11:10:36,PTBA,RG,2520,2,D,XC,PD,D
11:10:15,PTBA,RG,2510,4,D,KK,AK,F
11:09:52,PTBA,RG,2520,2,D,CC,PD,D
11:09:44,PTBA,RG,2520,5,D,PD,PD,D
11:09:08,PTBA,RG,2510,250,D,KK,DR,D
11:08:46,PTBA,RG,2510,250,D,KK,DR,D
11:08:16,PTBA,RG,2520,1,D,PD,PD,D
11:08:04,PTBA,RG,2520,5,D,SQ,PD,D
11:07:41,PTBA,RG,2510,1,D,KK,AK,F
11:07:40,PTBA,RG,2520,3,D,YP,PD,D
11:07:24,PTBA,RG,2520,1,D,PD,PD,D
11:07:02,PTBA,RG,2520,1,D,YP,PD,D
11:06:55,PTBA,RG,2520,1,D,NI,PD,D
11:06:54,PTBA,RG,2510,253,D,KK,BB,F
11:06:36,PTBA,RG,2520,20,D,PD,PD,D
11:06:34,PTBA,RG,2510,20,D,KK,EP,D
11:06:22,PTBA,RG,2520,1,D,PD,PD,D
11:06:20,PTBA,RG,2520,50,D,KK,PD,D
11:06:15,PTBA,RG,2520,40,D,XL,PD,D
11:05:44,PTBA,RG,2520,27,D,XC,PD,D
11:05:34,PTBA,RG,2520,1,D,CC,PD,D
11:05:22,PTBA,RG,2520,1,D,PD,PD,D
11:05:15,PTBA,RG,2520,1,D,KK,PD,D
11:05:12,PTBA,RG,2520,1,D,SQ,PD,D
11:05:10,PTBA,RG,2520,1,D,XC,PD,D
11:05:08,PTBA,RG,2510,7,D,KK,AK,F
11:05:07,PTBA,RG,2520,3,D,XC,PD,D
11:04:58,PTBA,RG,2520,2,D,YB,PD,D
11:04:22,PTBA,RG,2520,1,D,PD,PD,D
11:04:08,PTBA,RG,2520,9,D,XC,PD,D
11:03:56,PTBA,RG,2520,20,D,CC,PD,D
11:03:53,PTBA,RG,2520,1,D,NI,PD,D
11:03:20,PTBA,RG,2520,1,D,CC,PD,D
11:02:00,PTBA,RG,2510,1,D,KK,AK,F
11:01:11,PTBA,RG,2510,2,D,KK,OD,D
11:01:09,PTBA,RG,2510,470,D,KK,OD,D
11:01:05,PTBA,RG,2520,3,D,YP,PD,D
11:00:26,PTBA,RG,2520,10,D,YP,PD,D
11:00:09,PTBA,RG,2510,3,D,KK,NI,D
11:00:07,PTBA,RG,2520,1,D,YP,PD,D
11:00:01,PTBA,RG,2520,10,D,GR,PD,D
10:59:53,PTBA,RG,2520,10,D,YP,PD,D
10:59:38,PTBA,RG,2510,10,D,KK,CC,D
10:59:29,PTBA,RG,2520,20,D,YP,PD,D
10:59:28,PTBA,RG,2520,1,D,AZ,PD,D
10:59:25,PTBA,RG,2520,1,D,PD,PD,D
10:59:23,PTBA,RG,2520,5,D,YP,PD,D
10:59:17,PTBA,RG,2520,1,D,XC,PD,D
10:59:10,PTBA,RG,2520,5,D,YP,PD,D
10:59:10,PTBA,RG,2520,56,D,XC,PD,D
10:59:00,PTBA,RG,2510,5,D,KK,AK,F
10:58:26,PTBA,RG,2520,1,D,NI,PD,D
10:58:06,PTBA,RG,2510,7,D,KK,PD,D
10:57:52,PTBA,RG,2520,1,D,CC,PD,D
10:57:46,PTBA,RG,2520,5,D,NI,PD,D
10:57:30,PTBA,RG,2510,4,D,KK,AK,F
10:57:17,PTBA,RG,2520,1,D,CC,PD,D
10:56:50,PTBA,RG,2510,1,D,KK,PD,D
10:56:48,PTBA,RG,2520,2,D,CC,PD,D
10:56:45,PTBA,RG,2520,10,D,YP,PD,D
10:56:34,PTBA,RG,2520,10,D,YP,PD,D
10:56:30,PTBA,RG,2510,2,D,KK,AK,F
10:56:28,PTBA,RG,2510,1,D,KK,PD,D
10:56:15,PTBA,RG,2520,1,D,NI,PD,D
10:56:05,PTBA,RG,2520,2,D,PD,PD,D
10:55:51,PTBA,RG,2510,20,D,KK,KK,D
10:55:00,PTBA,RG,2510,20,D,KK,KK,D
10:54:43,PTBA,RG,2510,1,D,KK,AK,F
10:54:30,PTBA,RG,2520,2,D,YP,PD,D
10:54:02,PTBA,RG,2510,39,D,KK,BK,F
10:53:58,PTBA,RG,2510,1,D,KK,CS,F
10:53:57,PTBA,RG,2520,4,D,YP,BK,F
10:53:57,PTBA,RG,2520,1,D,YP,CS,F
10:53:57,PTBA,RG,2520,1,D,PD,CS,F
10:53:57,PTBA,RG,2520,3,D,NI,CS,F
10:53:56,PTBA,RG,2520,2,D,NI,PD,D
10:53:56,PTBA,RG,2520,1,D,XC,PD,D
10:53:56,PTBA,RG,2520,3,D,XC,PD,D
10:53:56,PTBA,RG,2520,10,D,PD,PD,D
10:53:56,PTBA,RG,2520,10,D,YP,PD,D
10:53:56,PTBA,RG,2520,10,D,YP,PD,D
10:53:56,PTBA,RG,2520,1,D,XC,PD,D
10:53:56,PTBA,RG,2520,5,D,AZ,PD,D
10:53:56,PTBA,RG,2520,4,D,XL,PD,D
10:53:56,PTBA,RG,2520,15,D,PD,PD,D
10:53:56,PTBA,RG,2520,1,F,AK,PD,D
10:53:56,PTBA,RG,2520,1,D,XC,PD,D
10:53:56,PTBA,RG,2520,1,D,DH,PD,D
10:53:56,PTBA,RG,2520,5,D,DH,PD,D
10:53:56,PTBA,RG,2520,1,D,PD,PD,D
10:53:56,PTBA,RG,2520,5,D,NI,PD,D
10:53:56,PTBA,RG,2520,2,D,XC,PD,D
10:53:56,PTBA,RG,2520,2,D,OD,PD,D
10:53:56,PTBA,RG,2520,2,D,PD,PD,D
10:53:56,PTBA,RG,2520,5,D,YP,PD,D
10:53:56,PTBA,RG,2520,1,D,PD,PD,D
10:53:56,PTBA,RG,2520,1,D,XC,PD,D
10:53:56,PTBA,RG,2520,50,D,CC,PD,D
10:53:56,PTBA,RG,2520,1,D,XC,PD,D
10:53:56,PTBA,RG,2520,2,D,KK,PD,D
10:53:56,PTBA,RG,2520,2,D,YP,PD,D
10:53:56,PTBA,RG,2520,5,D,YP,PD,D
10:53:56,PTBA,RG,2520,10,D,KK,PD,D
10:53:56,PTBA,RG,2520,1,D,PD,PD,D
10:53:56,PTBA,RG,2520,20,D,XC,PD,D
10:53:56,PTBA,RG,2520,10,D,PD,PD,D
10:53:56,PTBA,RG,2520,5,D,NI,PD,D
10:53:56,PTBA,RG,2520,4,D,NI,PD,D
10:53:56,PTBA,RG,2520,5,D,PD,PD,D
10:53:56,PTBA,RG,2520,2,D,NI,PD,D
10:53:56,PTBA,RG,2520,1,D,YP,PD,D
10:53:56,PTBA,RG,2520,75,D,NI,PD,D
10:53:56,PTBA,RG,2520,1,D,YP,PD,D
10:53:56,PTBA,RG,2520,2,D,SQ,PD,D
10:53:56,PTBA,RG,2520,25,D,DR,PD,D
10:53:56,PTBA,RG,2520,2,D,YP,PD,D
10:53:56,PTBA,RG,2520,5,D,NI,PD,D
10:53:56,PTBA,RG,2520,5,D,NI,PD,D
10:53:56,PTBA,RG,2520,1,D,PD,PD,D
10:53:56,PTBA,RG,2520,8,D,YP,PD,D
10:53:56,PTBA,RG,2520,5,D,XL,PD,D
10:53:56,PTBA,RG,2520,1,D,PD,PD,D
10:53:56,PTBA,RG,2520,2,D,XC,PD,D
10:53:56,PTBA,RG,2520,40,D,YP,PD,D
10:53:56,PTBA,RG,2520,1,D,PD,PD,D
10:53:56,PTBA,RG,2520,5,D,YP,PD,D
10:53:56,PTBA,RG,2520,5,D,PD,PD,D
10:53:56,PTBA,RG,2520,1,D,PD,PD,D
10:53:56,PTBA,RG,2520,10,D,PD,PD,D
10:53:56,PTBA,RG,2520,2,D,NI,PD,D
10:53:56,PTBA,RG,2520,1,D,XC,PD,D
10:53:56,PTBA,RG,2520,5,D,EP,PD,D
10:53:56,PTBA,RG,2520,1,D,YP,PD,D
10:53:56,PTBA,RG,2520,100,D,YP,PD,D
10:53:56,PTBA,RG,2520,1,D,GR,PD,D
10:53:56,PTBA,RG,2520,3,D,IF,PD,D
10:53:56,PTBA,RG,2520,1,D,TP,PD,D
10:53:56,PTBA,RG,2520,2,D,TP,PD,D
10:53:56,PTBA,RG,2520,1,D,XC,PD,D
10:53:56,PTBA,RG,2520,1,D,GR,PD,D
10:53:56,PTBA,RG,2520,9,D,PD,PD,D
10:53:56,PTBA,RG,2520,100,D,GR,PD,D
10:53:56,PTBA,RG,2520,10,D,YP,PD,D
10:53:56,PTBA,RG,2520,1,D,XC,PD,D
10:53:56,PTBA,RG,2520,1,D,XC,PD,D
10:53:56,PTBA,RG,2520,10,D,YP,PD,D
10:53:56,PTBA,RG,2520,20,D,PD,PD,D
10:53:56,PTBA,RG,2520,1,D,XC,PD,D
10:53:56,PTBA,RG,2520,250,D,YP,PD,D
10:53:56,PTBA,RG,2520,1,D,YP,PD,D
10:53:56,PTBA,RG,2520,10,D,OD,PD,D
10:53:56,PTBA,RG,2520,1,D,AT,PD,D
10:53:56,PTBA,RG,2520,5,D,KK,PD,D
10:53:56,PTBA,RG,2520,1,D,SQ,PD,D
10:53:56,PTBA,RG,2520,1,D,PD,PD,D
10:53:56,PTBA,RG,2520,5,D,NI,PD,D
10:53:56,PTBA,RG,2520,56,F,BK,PD,D
10:53:49,PTBA,RG,2520,42,F,BK,BK,F
10:53:43,PTBA,RG,2520,212,F,BK,BK,F
10:53:43,PTBA,RG,2520,49,D,EP,BK,F
10:53:42,PTBA,RG,2520,116,D,EP,AK,F
10:53:42,PTBA,RG,2520,24,D,EP,CS,F
10:53:42,PTBA,RG,2520,7,D,EP,CS,F
10:53:41,PTBA,RG,2520,304,D,EP,BK,F
10:53:41,PTBA,RG,2520,10,D,OD,BK,F
10:53:41,PTBA,RG,2520,2,D,PD,BK,F
10:53:41,PTBA,RG,2520,1,D,SQ,BK,F
10:53:41,PTBA,RG,2520,250,D,YP,BK,F
10:53:41,PTBA,RG,2520,2,D,XC,BK,F
10:53:41,PTBA,RG,2520,6,D,PD,BK,F
10:53:41,PTBA,RG,2520,66,D,YP,BK,F
10:53:41,PTBA,RG,2520,1,D,CC,BK,F
10:53:41,PTBA,RG,2520,1,D,PD,BK,F
10:53:41,PTBA,RG,2520,1,D,PD,BK,F
10:53:41,PTBA,RG,2520,102,D,YP,BK,F
10:53:41,PTBA,RG,2520,10,D,PD,BK,F
10:53:41,PTBA,RG,2520,1,D,YP,BK,F
10:53:41,PTBA,RG,2520,4,D,XC,BK,F
10:53:41,PTBA,RG,2520,1,D,YP,BK,F
10:53:41,PTBA,RG,2520,20,D,SQ,BK,F
10:53:41,PTBA,RG,2520,1,D,PD,BK,F
10:53:41,PTBA,RG,2520,1,D,PD,BK,F
10:53:41,PTBA,RG,2520,6,D,XC,BK,F
10:53:41,PTBA,RG,2520,1,D,YP,BK,F
10:53:41,PTBA,RG,2520,8,D,XC,BK,F
10:53:41,PTBA,RG,2520,2,D,PD,BK,F
10:53:41,PTBA,RG,2520,1,D,DR,BK,F
10:53:41,PTBA,RG,2520,2,D,PD,BK,F
10:53:41,PTBA,RG,2520,2,D,PD,BK,F
10:53:41,PTBA,RG,2520,1,D,XC,BK,F
10:53:41,PTBA,RG,2520,40,D,LG,BK,F
10:53:41,PTBA,RG,2520,5,D,PD,BK,F
10:53:41,PTBA,RG,2520,10,D,DR,BK,F
10:53:41,PTBA,RG,2520,1,D,PD,BK,F
10:53:41,PTBA,RG,2520,26,D,AI,BK,F
10:53:41,PTBA,RG,2520,2,D,YP,BK,F
10:53:41,PTBA,RG,2520,1,D,PD,BK,F
10:53:41,PTBA,RG,2520,10,D,NI,BK,F
10:53:41,PTBA,RG,2520,1,D,PD,BK,F
10:53:41,PTBA,RG,2520,5,D,HP,BK,F
10:53:41,PTBA,RG,2520,6,D,XC,BK,F
10:53:41,PTBA,RG,2520,500,D,CC,BK,F
10:53:41,PTBA,RG,2520,1,D,CC,BK,F
10:53:41,PTBA,RG,2520,5,D,NI,BK,F
10:53:41,PTBA,RG,2520,4,D,PD,BK,F
10:53:41,PTBA,RG,2520,10,D,PD,BK,F
10:53:41,PTBA,RG,2520,5,D,PD,BK,F
10:53:41,PTBA,RG,2520,341,F,CS,BK,F
10:53:41,PTBA,RG,2520,5,D,YP,BK,F
10:53:41,PTBA,RG,2520,1,D,SQ,BK,F
10:53:41,PTBA,RG,2520,3,D,PD,BK,F
10:53:41,PTBA,RG,2520,5,D,YP,BK,F
10:53:41,PTBA,RG,2520,4,D,PD,BK,F
10:53:41,PTBA,RG,2520,1,D,SQ,BK,F
10:53:41,PTBA,RG,2520,2,D,XC,BK,F
10:53:41,PTBA,RG,2520,4,D,EP,BK,F
10:53:41,PTBA,RG,2520,695,D,XC,BK,F
10:53:40,PTBA,RG,2520,363,D,XC,BK,F
10:53:40,PTBA,RG,2520,1,D,XC,BK,F
10:53:40,PTBA,RG,2520,5,D,XC,BK,F
10:53:40,PTBA,RG,2520,2,D,CC,BK,F
10:53:40,PTBA,RG,2520,2,D,AZ,BK,F
10:53:40,PTBA,RG,2520,20,D,AZ,BK,F
10:53:40,PTBA,RG,2520,1,D,YP,BK,F
10:53:40,PTBA,RG,2520,2,D,PD,BK,F
10:53:40,PTBA,RG,2520,2,D,KK,BK,F
10:53:40,PTBA,RG,2520,1,D,PD,BK,F
10:53:40,PTBA,RG,2520,20,D,DH,BK,F
10:53:40,PTBA,RG,2520,1,D,DR,BK,F
10:53:40,PTBA,RG,2520,5,D,PD,BK,F
10:53:40,PTBA,RG,2520,14,D,NI,BK,F
10:53:40,PTBA,RG,2520,1,D,CC,BK,F
10:53:40,PTBA,RG,2520,90,D,NI,BK,F
10:53:40,PTBA,RG,2520,1,D,XC,BK,F
10:53:40,PTBA,RG,2520,25,D,YP,BK,F
10:53:40,PTBA,RG,2520,1,D,PD,BK,F
10:53:40,PTBA,RG,2520,1,D,CC,BK,F
10:53:40,PTBA,RG,2520,5,D,XC,BK,F
10:53:40,PTBA,RG,2520,30,D,NI,BK,F
10:53:40,PTBA,RG,2520,1,D,XL,BK,F
10:53:40,PTBA,RG,2520,1,D,XC,BK,F
10:53:40,PTBA,RG,2520,14,D,XA,BK,F
10:53:40,PTBA,RG,2520,1,D,KK,BK,F
10:53:40,PTBA,RG,2520,25,D,YP,BK,F
10:53:40,PTBA,RG,2520,50,D,OD,BK,F
10:53:40,PTBA,RG,2520,2,D,XC,BK,F
10:53:40,PTBA,RG,2520,1356,F,BK,BK,F
10:53:40,PTBA,RG,2520,10,D,CC,BK,F
10:53:40,PTBA,RG,2520,1,D,XC,BK,F
10:53:40,PTBA,RG,2520,1,D,XC,BK,F
10:53:40,PTBA,RG,2520,5,D,NI,BK,F
10:53:40,PTBA,RG,2520,3,D,XC,BK,F
10:53:40,PTBA,RG,2520,10,D,NI,BK,F
10:53:40,PTBA,RG,2520,5,D,NI,BK,F
10:53:40,PTBA,RG,2520,2,D,PD,BK,F
10:53:40,PTBA,RG,2520,2,D,CC,BK,F
10:53:40,PTBA,RG,2520,1,D,DH,BK,F
10:53:40,PTBA,RG,2520,5,D,YP,BK,F
10:53:40,PTBA,RG,2520,5,D,PD,BK,F
10:53:40,PTBA,RG,2520,4,D,NI,BK,F
10:53:40,PTBA,RG,2520,7,D,YP,BK,F
10:53:40,PTBA,RG,2520,1,D,CC,BK,F
10:53:40,PTBA,RG,2520,1,D,NI,BK,F
10:53:40,PTBA,RG,2520,2,D,PD,BK,F
10:53:40,PTBA,RG,2520,1,D,NI,BK,F
10:53:40,PTBA,RG,2520,1,D,XL,BK,F
10:53:40,PTBA,RG,2520,1,D,PD,BK,F
10:53:40,PTBA,RG,2520,10,D,CC,BK,F
10:53:40,PTBA,RG,2520,10,D,PD,BK,F
10:53:40,PTBA,RG,2520,1,D,YP,BK,F
10:53:40,PTBA,RG,2520,9,D,GR,BK,F
10:53:40,PTBA,RG,2520,9,D,YP,BK,F
10:53:40,PTBA,RG,2520,1,D,XC,BK,F
10:53:40,PTBA,RG,2520,50,D,PD,BK,F
10:53:40,PTBA,RG,2520,2,D,XC,BK,F
10:53:40,PTBA,RG,2520,1,D,CP,BK,F
10:53:40,PTBA,RG,2520,10,D,YP,BK,F
10:53:40,PTBA,RG,2520,286,D,NI,BK,F
10:53:39,PTBA,RG,2520,54,D,NI,BK,F
10:53:37,PTBA,RG,2520,1,D,PD,EP,D
10:53:37,PTBA,RG,2520,1,D,XC,EP,D
10:53:37,PTBA,RG,2520,5,D,LG,EP,D
10:53:37,PTBA,RG,2520,2,D,YP,EP,D
10:53:37,PTBA,RG,2520,1,D,NI,EP,D
10:53:37,PTBA,RG,2520,5,D,KK,EP,D
10:53:37,PTBA,RG,2520,10,D,KK,EP,D
10:53:37,PTBA,RG,2520,12,D,AZ,EP,D
10:53:37,PTBA,RG,2520,1,D,XC,EP,D
10:53:37,PTBA,RG,2520,1,D,PD,EP,D
10:53:37,PTBA,RG,2520,1,D,YB,EP,D
10:53:37,PTBA,RG,2520,10,D,PD,EP,D
10:53:37,PTBA,RG,2520,1,D,PD,EP,D
10:53:37,PTBA,RG,2520,7,D,DH,EP,D
10:53:37,PTBA,RG,2520,1,D,DH,EP,D
10:53:37,PTBA,RG,2520,2,D,PD,EP,D
10:53:37,PTBA,RG,2520,1,D,YP,EP,D
10:53:37,PTBA,RG,2520,1,D,PD,EP,D
10:53:37,PTBA,RG,2520,1,D,PD,EP,D
10:53:37,PTBA,RG,2520,5,D,PD,EP,D
10:53:37,PTBA,RG,2520,1,D,XC,EP,D
10:53:37,PTBA,RG,2520,20,D,NI,EP,D
10:53:37,PTBA,RG,2520,1,D,KK,EP,D
10:53:37,PTBA,RG,2520,15,D,YP,EP,D
10:53:37,PTBA,RG,2520,1,D,PD,EP,D
10:53:37,PTBA,RG,2520,5,D,XL,EP,D
10:53:37,PTBA,RG,2520,5,D,AT,EP,D
10:53:37,PTBA,RG,2520,30,D,NI,EP,D
10:53:37,PTBA,RG,2520,3,D,CC,EP,D
10:53:37,PTBA,RG,2520,5,D,DH,EP,D
10:53:37,PTBA,RG,2520,1,D,XC,EP,D
10:53:37,PTBA,RG,2520,5,D,PD,EP,D
10:53:37,PTBA,RG,2520,1,D,YP,EP,D
10:53:37,PTBA,RG,2520,5,D,YP,EP,D
10:53:37,PTBA,RG,2520,1,F,AK,EP,D
10:53:37,PTBA,RG,2520,1007,D,NI,EP,D
10:53:18,PTBA,RG,2520,3,D,NI,CC,D
10:53:17,PTBA,RG,2520,5,D,NI,YU,D
10:53:08,PTBA,RG,2520,10,D,NI,AZ,D
10:53:07,PTBA,RG,2520,2,D,NI,XC,D
10:52:48,PTBA,RG,2520,1,D,NI,EP,D
10:52:47,PTBA,RG,2530,5,F,BK,EP,D
10:52:47,PTBA,RG,2530,10,F,BK,PD,D
10:52:47,PTBA,RG,2530,7,F,BK,KK,D
10:52:47,PTBA,RG,2530,1,F,BK,XC,D
10:52:47,PTBA,RG,2530,1,F,BK,XC,D
10:52:47,PTBA,RG,2530,58,F,BK,BK,F
10:52:41,PTBA,RG,2530,103,F,BK,BK,F
10:52:41,PTBA,RG,2530,19,F,BK,AK,F
10:52:36,PTBA,RG,2520,972,D,NI,YP,D
10:52:36,PTBA,RG,2520,5,D,CC,YP,D
10:52:36,PTBA,RG,2520,23,D,AZ,YP,D
10:52:17,PTBA,RG,2520,2,D,AZ,CC,D
10:52:10,PTBA,RG,2520,5,D,PD,XC,D
10:52:10,PTBA,RG,2520,1,D,DX,XC,D
10:52:09,PTBA,RG,2520,2,D,DX,CS,F
10:52:09,PTBA,RG,2520,10,D,YP,CS,F
10:52:09,PTBA,RG,2520,10,D,PD,CS,F
10:52:09,PTBA,RG,2520,1,D,PD,CS,F
10:52:09,PTBA,RG,2520,1,D,YP,CS,F
10:52:09,PTBA,RG,2520,25,D,CC,CS,F
10:52:09,PTBA,RG,2520,1,D,YP,CS,F
10:52:09,PTBA,RG,2520,2,D,XC,CS,F
10:52:09,PTBA,RG,2520,4,D,YP,CS,F
10:51:58,PTBA,RG,2520,1,D,YP,AK,F
10:51:20,PTBA,RG,2530,7,D,PD,AK,F
10:51:14,PTBA,RG,2520,5,D,YP,EP,D
10:51:14,PTBA,RG,2520,2,D,YP,EP,D
10:51:14,PTBA,RG,2520,10,D,PD,EP,D
10:51:14,PTBA,RG,2520,2,D,XC,EP,D
10:51:14,PTBA,RG,2520,2,D,PD,EP,D
10:51:14,PTBA,RG,2520,1,D,SQ,EP,D
10:51:14,PTBA,RG,2520,1,D,PD,EP,D
10:51:14,PTBA,RG,2520,1,F,AK,EP,D
10:51:14,PTBA,RG,2520,1,D,XC,EP,D
10:51:14,PTBA,RG,2520,3,D,PD,EP,D
10:51:14,PTBA,RG,2520,21,D,ZP,EP,D
10:50:47,PTBA,RG,2530,5,D,YP,AK,F
10:49:53,PTBA,RG,2520,4,D,ZP,PD,D
10:49:53,PTBA,RG,2520,1,F,AK,PD,D
10:49:53,PTBA,RG,2520,1,D,KK,PD,D
10:49:53,PTBA,RG,2520,3,D,XL,PD,D
10:49:49,PTBA,RG,2530,29,F,BK,AK,F
10:49:44,PTBA,RG,2530,10,D,YP,AK,F
10:49:40,PTBA,RG,2530,10,D,SQ,AK,F
10:49:37,PTBA,RG,2530,1,D,XC,AK,F
10:49:36,PTBA,RG,2530,10,D,DR,AK,F
10:49:32,PTBA,RG,2530,5,D,YP,AK,F
10:49:31,PTBA,RG,2530,10,D,SQ,AK,F
10:49:22,PTBA,RG,2530,6,D,NI,AK,F
10:48:55,PTBA,RG,2530,10,D,YP,AK,F
10:48:43,PTBA,RG,2530,5,D,XC,AK,F
10:48:28,PTBA,RG,2530,5,D,YP,AK,F
10:48:05,PTBA,RG,2530,1,D,YP,AK,F
10:48:05,PTBA,RG,2530,9,D,YP,AK,F
10:47:50,PTBA,RG,2530,8,D,SQ,AK,F
10:47:50,PTBA,RG,2530,1,D,SQ,AK,F
10:47:50,PTBA,RG,2530,1,D,SQ,PD,D
10:47:13,PTBA,RG,2530,1,D,KK,PD,D
10:47:13,PTBA,RG,2530,4,D,KK,PD,D
10:47:13,PTBA,RG,2530,2,D,KK,YP,D
10:47:13,PTBA,RG,2530,1,D,KK,NI,D
10:47:13,PTBA,RG,2530,2,D,KK,PD,D
10:46:59,PTBA,RG,2530,1,D,XC,PD,D
10:46:50,PTBA,RG,2530,2,D,YP,PD,D
10:46:34,PTBA,RG,2530,2,D,YP,PD,D
10:46:34,PTBA,RG,2530,1,D,YP,YU,D
10:46:28,PTBA,RG,2530,1,D,YP,YU,D
10:45:49,PTBA,RG,2520,3,D,XL,PD,D
10:45:43,PTBA,RG,2520,7,D,XL,CC,D
10:45:43,PTBA,RG,2520,4,D,PD,CC,D
10:45:43,PTBA,RG,2520,30,D,YP,CC,D
10:44:36,PTBA,RG,2520,1,D,YP,PD,D
10:44:36,PTBA,RG,2530,1,D,PD,PD,D
10:44:36,PTBA,RG,2530,4,D,XC,PD,D
10:44:15,PTBA,RG,2530,1,F,AK,PD,D
10:44:02,PTBA,RG,2530,17,F,BK,PD,D
10:44:02,PTBA,RG,2530,7,F,BK,XC,D
10:44:02,PTBA,RG,2530,6,F,BK,CS,F
10:44:02,PTBA,RG,2530,20,F,BK,DR,D
10:44:00,PTBA,RG,2520,6,D,YP,AK,F
10:43:58,PTBA,RG,2520,500,D,YP,YB,D
10:43:50,PTBA,RG,2530,72,F,BK,DR,D
10:43:49,PTBA,RG,2520,500,D,YP,YB,D
10:43:48,PTBA,RG,2530,1,D,KK,DR,D
10:43:47,PTBA,RG,2530,32,F,BK,DR,D
10:43:46,PTBA,RG,2520,7,D,YP,PD,D
10:43:39,PTBA,RG,2530,125,F,BK,DR,D
10:43:39,PTBA,RG,2530,10,F,BK,PD,D
10:43:39,PTBA,RG,2530,22,F,BK,BB,F
10:43:39,PTBA,RG,2530,5,F,BK,CS,F
10:43:39,PTBA,RG,2530,3,F,BK,CS,F
10:43:39,PTBA,RG,2530,3,F,BK,CS,F
10:43:39,PTBA,RG,2530,8,F,BK,NI,D
10:43:39,PTBA,RG,2530,3,F,BK,CS,F
10:43:39,PTBA,RG,2530,2,F,BK,CS,F
10:43:39,PTBA,RG,2530,3,F,BK,CS,F
10:43:39,PTBA,RG,2530,1,F,BK,CS,F
10:43:39,PTBA,RG,2530,79,F,BK,PD,D
10:43:37,PTBA,RG,2520,288,D,YP,YB,D
10:43:37,PTBA,RG,2520,1,D,PD,YB,D
10:43:37,PTBA,RG,2520,19,D,YB,YB,D
10:43:37,PTBA,RG,2520,1,D,PD,YB,D
10:43:37,PTBA,RG,2520,100,D,AI,YB,D
10:43:37,PTBA,RG,2520,2,D,XL,YB,D
10:43:37,PTBA,RG,2520,10,D,PD,YB,D
10:43:37,PTBA,RG,2520,5,D,XA,YB,D
10:43:37,PTBA,RG,2520,2,D,XC,YB,D
10:43:37,PTBA,RG,2520,12,D,PD,YB,D
10:43:37,PTBA,RG,2520,600,D,YP,YB,D
10:43:37,PTBA,RG,2520,960,D,ZP,YB,D
10:43:21,PTBA,RG,2520,40,D,ZP,BB,F
10:43:21,PTBA,RG,2520,2,D,YP,BB,F
10:43:21,PTBA,RG,2520,100,D,KK,BB,F
10:43:21,PTBA,RG,2520,5,D,YP,BB,F
10:43:21,PTBA,RG,2520,1,D,AT,BB,F
10:43:21,PTBA,RG,2520,10,D,PD,BB,F
10:43:21,PTBA,RG,2520,1,D,YP,BB,F
10:43:21,PTBA,RG,2520,4,D,XL,BB,F
10:43:21,PTBA,RG,2520,15,D,NI,BB,F
10:43:21,PTBA,RG,2520,10,D,CC,BB,F
10:43:21,PTBA,RG,2520,8,D,CC,BB,F
10:43:21,PTBA,RG,2520,20,D,PD,BB,F
10:43:21,PTBA,RG,2520,2,D,KK,BB,F
10:43:21,PTBA,RG,2520,10,D,XC,BB,F
10:43:21,PTBA,RG,2520,2,D,KK,BB,F
10:43:21,PTBA,RG,2520,25,D,NI,BB,F
10:43:21,PTBA,RG,2520,12,D,LG,BB,F
10:42:46,PTBA,RG,2520,21,D,LG,CS,F
10:42:46,PTBA,RG,2520,17,D,LG,CS,F
10:42:46,PTBA,RG,2520,5,D,XC,CS,F
10:42:46,PTBA,RG,2520,20,D,NI,CS,F
10:42:46,PTBA,RG,2520,1,D,XC,CS,F
10:42:46,PTBA,RG,2520,8,D,MI,CS,F
10:42:03,PTBA,RG,2530,2,D,KK,PD,D
10:41:59,PTBA,RG,2520,1,D,MI,CC,D
10:41:33,PTBA,RG,2530,1,D,YP,PD,D
10:41:15,PTBA,RG,2520,5,D,MI,AK,F
10:41:13,PTBA,RG,2530,1,D,EP,PD,D
10:41:00,PTBA,RG,2520,1,D,MI,AZ,D
10:40:49,PTBA,RG,2520,1,D,MI,YP,D
10:40:41,PTBA,RG,2520,3,D,MI,YP,D
10:40:34,PTBA,RG,2530,1,D,YP,PD,D
10:39:58,PTBA,RG,2520,23,D,MI,PD,D
10:39:33,PTBA,RG,2530,2,D,YP,PD,D
10:39:15,PTBA,RG,2530,1,F,AK,PD,D
10:39:13,PTBA,RG,2520,25,D,MI,DR,D
10:38:41,PTBA,RG,2520,5,D,MI,AK,F
10:38:39,PTBA,RG,2530,10,D,CC,PD,D
10:37:52,PTBA,RG,2530,2,D,KK,PD,D
10:37:46,PTBA,RG,2530,10,D,XC,PD,D
10:36:44,PTBA,RG,2530,60,D,AT,PD,D
10:36:43,PTBA,RG,2520,4,D,MI,AK,F
10:36:13,PTBA,RG,2530,5,D,YP,PD,D
10:36:04,PTBA,RG,2530,109,D,EP,PD,D
10:35:55,PTBA,RG,2520,1,D,MI,XC,D
10:35:32,PTBA,RG,2530,6,D,CC,PD,D
10:35:31,PTBA,RG,2530,3,D,PD,PD,D
10:35:25,PTBA,RG,2520,2,D,MI,NI,D
10:34:44,PTBA,RG,2520,12,D,MI,CC,D
10:34:30,PTBA,RG,2520,8,D,MI,AK,F
10:34:15,PTBA,RG,2530,1,F,AK,PD,D
10:34:10,PTBA,RG,2520,1,D,MI,CC,D
10:34:10,PTBA,RG,2530,1,D,NI,PD,D
10:34:02,PTBA,RG,2530,3,D,YP,PD,D
10:33:07,PTBA,RG,2520,19,D,MI,BB,F
10:32:23,PTBA,RG,2530,5,D,PD,PD,D
10:31:56,PTBA,RG,2530,40,D,NI,PD,D
10:31:55,PTBA,RG,2530,40,D,CC,PD,D
10:31:35,PTBA,RG,2520,2,D,MI,YU,D
10:31:09,PTBA,RG,2530,2,D,YP,PD,D
10:31:06,PTBA,RG,2530,2,D,CC,PD,D
10:30:58,PTBA,RG,2530,100,D,YP,PD,D
10:30:40,PTBA,RG,2530,1,D,PD,PD,D
10:29:45,PTBA,RG,2530,1,D,PD,PD,D
10:29:30,PTBA,RG,2530,1,F,AK,PD,D
10:29:17,PTBA,RG,2520,6,D,MI,CC,D
10:28:29,PTBA,RG,2520,1,D,MI,PD,D
10:28:07,PTBA,RG,2530,1,D,XC,PD,D
10:26:33,PTBA,RG,2530,5,D,EP,PD,D
10:25:30,PTBA,RG,2520,4,D,MI,AK,F
10:25:24,PTBA,RG,2530,3,D,PD,PD,D
10:25:19,PTBA,RG,2520,1,D,MI,OD,D
10:25:04,PTBA,RG,2530,2,D,CC,PD,D
10:25:04,PTBA,RG,2530,8,D,CC,DR,D
10:24:49,PTBA,RG,2530,1,D,NI,PD,D
10:24:49,PTBA,RG,2530,3,D,NI,CS,F
10:24:49,PTBA,RG,2530,3,D,NI,CS,F
10:24:49,PTBA,RG,2530,193,D,NI,YU,D
10:24:02,PTBA,RG,2530,200,D,CC,YU,D
10:23:47,PTBA,RG,2530,7,D,DR,YU,D
10:23:47,PTBA,RG,2530,1,D,DR,CS,F
10:23:47,PTBA,RG,2530,1,D,DR,CS,F
10:23:47,PTBA,RG,2530,4,D,DR,CS,F
10:23:47,PTBA,RG,2530,6,D,DR,CS,F
10:23:47,PTBA,RG,2530,5,D,DR,SQ,D
10:23:47,PTBA,RG,2530,2,D,DR,CS,F
10:23:47,PTBA,RG,2530,24,D,DR,BB,F
10:23:46,PTBA,RG,2530,10,D,YP,BB,F
10:23:43,PTBA,RG,2530,100,D,EP,BB,F
10:23:15,PTBA,RG,2520,20,D,MI,AK,F
10:22:58,PTBA,RG,2520,1,D,MI,AK,F
10:22:45,PTBA,RG,2530,1,F,AK,BK,F
10:22:45,PTBA,RG,2520,150,D,MI,BB,F
10:22:44,PTBA,RG,2530,27,D,EP,BK,F
10:22:44,PTBA,RG,2530,445,D,EP,BK,F
10:22:44,PTBA,RG,2530,5,D,EP,PD,D
10:22:44,PTBA,RG,2530,23,D,EP,PD,D
10:22:22,PTBA,RG,2530,1,D,PD,PD,D
10:22:13,PTBA,RG,2530,1,D,OD,PD,D
10:22:12,PTBA,RG,2530,3,D,PD,PD,D
10:22:10,PTBA,RG,2530,1,D,SQ,PD,D
10:21:33,PTBA,RG,2530,1,D,SQ,PD,D
10:21:27,PTBA,RG,2530,3,D,NI,PD,D
10:21:26,PTBA,RG,2530,1,D,XL,PD,D
10:21:03,PTBA,RG,2530,20,D,YU,PD,D
10:20:55,PTBA,RG,2530,2,D,SQ,PD,D
10:20:52,PTBA,RG,2520,1,D,MI,PD,D
10:20:44,PTBA,RG,2530,1,D,DR,PD,D
10:20:33,PTBA,RG,2530,4,D,XC,PD,D
10:20:31,PTBA,RG,2530,1,D,PD,PD,D
10:20:12,PTBA,RG,2530,11,D,XC,PD,D
10:20:09,PTBA,RG,2530,1,D,KK,PD,D
10:19:58,PTBA,RG,2530,1,D,KK,PD,D
10:19:44,PTBA,RG,2530,5,D,AZ,PD,D
10:19:44,PTBA,RG,2530,3,D,AZ,CS,F
10:19:44,PTBA,RG,2530,3,D,AZ,CS,F
10:19:44,PTBA,RG,2530,5,D,AZ,CS,F
10:19:44,PTBA,RG,2530,4,D,AZ,AK,F
10:19:43,PTBA,RG,2530,1,D,BQ,AK,F
10:18:41,PTBA,RG,2530,10,D,NI,PD,D
10:18:30,PTBA,RG,2520,1,D,MI,CS,F
10:18:30,PTBA,RG,2530,1,D,XC,CS,F
10:18:30,PTBA,RG,2530,1,D,XC,AK,F
10:18:25,PTBA,RG,2520,20,D,MI,NI,D
10:18:17,PTBA,RG,2520,2,D,MI,CS,F
10:18:17,PTBA,RG,2530,4,D,PD,CS,F
10:18:16,PTBA,RG,2540,1,D,PD,DR,D
10:18:15,PTBA,RG,2540,5,D,CC,DR,D
10:18:12,PTBA,RG,2520,2,D,MI,OD,D
10:17:46,PTBA,RG,2520,260,D,MI,KK,D
10:17:33,PTBA,RG,2520,5,D,MI,XC,D
10:17:32,PTBA,RG,2520,1,D,MI,CS,F
10:17:32,PTBA,RG,2530,1,D,KK,CS,F
10:17:15,PTBA,RG,2520,1,D,MI,CS,F
10:17:15,PTBA,RG,2530,1,F,AK,CS,F
10:17:03,PTBA,RG,2520,62,D,MI,BB,F
10:17:02,PTBA,RG,2530,1,D,YP,BB,F
10:17:02,PTBA,RG,2530,2,D,XL,BB,F
10:17:02,PTBA,RG,2530,2,D,CC,BB,F
10:17:02,PTBA,RG,2530,25,F,BK,BB,F
10:17:02,PTBA,RG,2530,2,D,CC,BB,F
10:17:02,PTBA,RG,2530,50,D,YP,BB,F
10:17:02,PTBA,RG,2530,1,D,CC,BB,F
10:17:02,PTBA,RG,2530,4,D,NI,BB,F
10:16:50,PTBA,RG,2530,3,D,NI,CS,F
10:16:34,PTBA,RG,2530,2,D,NI,XC,D
10:16:23,PTBA,RG,2530,1,D,NI,YP,D
10:16:13,PTBA,RG,2540,53,D,YU,DR,D
10:15:54,PTBA,RG,2530,1,D,NI,CS,F
10:15:53,PTBA,RG,2530,9,D,NI,SQ,D
10:15:53,PTBA,RG,2530,5,D,KK,SQ,D
10:15:53,PTBA,RG,2530,1,D,NI,SQ,D
10:15:53,PTBA,RG,2530,9,D,YP,SQ,D
10:15:53,PTBA,RG,2530,26,D,KK,SQ,D
10:15:45,PTBA,RG,2530,4,D,KK,TP,D
10:15:45,PTBA,RG,2530,6,F,BK,TP,D
10:15:34,PTBA,RG,2530,2,F,BK,CS,F
10:15:06,PTBA,RG,2540,1,D,PD,DR,D
10:14:48,PTBA,RG,2530,2,F,BK,CS,F
10:14:22,PTBA,RG,2530,15,F,BK,EP,D
10:14:22,PTBA,RG,2530,1,D,XL,EP,D
10:14:13,PTBA,RG,2530,2,D,YP,CS,F
10:13:18,PTBA,RG,2530,1,D,YP,XC,D
10:13:10,PTBA,RG,2530,2,D,YP,CS,F
10:13:06,PTBA,RG,2540,1,D,XC,DR,D
10:12:40,PTBA,RG,2530,3,D,YP,CS,F
10:12:40,PTBA,RG,2530,42,D,YP,DR,D
10:12:40,PTBA,RG,2530,1,D,XC,DR,D
10:12:40,PTBA,RG,2530,50,D,PD,DR,D
10:12:40,PTBA,RG,2530,5,D,PD,DR,D
10:12:40,PTBA,RG,2530,1,D,KK,DR,D
10:12:40,PTBA,RG,2530,1,D,XL,DR,D
10:12:40,PTBA,RG,2530,106,F,BK,DR,D
10:12:40,PTBA,RG,2530,1,D,XC,DR,D
10:12:40,PTBA,RG,2530,10,D,NI,DR,D
10:12:40,PTBA,RG,2530,50,D,NI,DR,D
10:12:40,PTBA,RG,2530,20,D,XC,DR,D
10:12:40,PTBA,RG,2530,1,D,PD,DR,D
10:12:40,PTBA,RG,2530,1,D,NI,DR,D
10:12:40,PTBA,RG,2530,40,D,PD,DR,D
10:12:40,PTBA,RG,2530,75,D,CD,DR,D
10:12:40,PTBA,RG,2530,96,D,CC,DR,D
10:12:18,PTBA,RG,2530,4,D,CC,XA,D
10:12:18,PTBA,RG,2530,2,D,DH,XA,D
10:11:30,PTBA,RG,2540,1,F,AK,DR,D
10:11:19,PTBA,RG,2530,13,D,YP,CS,F
10:11:18,PTBA,RG,2530,151,D,YP,BB,F
10:10:48,PTBA,RG,2530,1,D,YP,OD,D
10:10:05,PTBA,RG,2530,4,D,YP,YP,D
10:10:05,PTBA,RG,2530,1,D,YP,DH,D
10:10:05,PTBA,RG,2530,7,D,YP,LG,D
10:09:30,PTBA,RG,2530,10,D,YP,NI,D
10:08:53,PTBA,RG,2530,81,D,YP,KK,D
10:08:53,PTBA,RG,2530,6,D,NI,KK,D
10:08:53,PTBA,RG,2530,36,F,BK,KK,D
10:08:53,PTBA,RG,2530,2,D,DX,KK,D
10:08:53,PTBA,RG,2530,1,D,YP,KK,D
10:08:53,PTBA,RG,2530,10,D,YP,KK,D
10:08:53,PTBA,RG,2530,1,D,PD,KK,D
10:08:53,PTBA,RG,2530,33,D,PD,KK,D
10:08:16,PTBA,RG,2530,7,D,PD,YP,D
10:08:16,PTBA,RG,2530,1,D,CC,YP,D
10:08:16,PTBA,RG,2530,1,D,YP,YP,D
10:08:09,PTBA,RG,2540,3,D,PD,DR,D
10:07:44,PTBA,RG,2530,9,D,YP,KK,D
10:07:44,PTBA,RG,2530,1,D,XC,KK,D
10:07:09,PTBA,RG,2530,8,D,XC,NI,D
10:07:09,PTBA,RG,2530,1,D,YP,NI,D
10:07:09,PTBA,RG,2530,1,D,KK,NI,D
10:05:51,PTBA,RG,2530,5,D,KK,YP,D
10:05:46,PTBA,RG,2530,24,D,KK,AI,D
10:05:46,PTBA,RG,2530,3,D,XC,AI,D
10:05:46,PTBA,RG,2530,13,D,YP,AI,D
10:05:43,PTBA,RG,2530,85,D,YP,PD,D
10:05:43,PTBA,RG,2530,1,D,NI,PD,D
10:05:43,PTBA,RG,2530,14,D,YP,PD,D
10:05:32,PTBA,RG,2530,136,D,YP,BB,F
10:05:32,PTBA,RG,2530,8,D,XC,BB,F
10:05:32,PTBA,RG,2530,5,D,AT,BB,F
10:05:32,PTBA,RG,2530,59,F,BK,BB,F
10:04:58,PTBA,RG,2530,40,F,BK,PD,D
10:04:30,PTBA,RG,2540,1,F,AK,DR,D
10:04:30,PTBA,RG,2530,45,F,BK,DH,D
10:03:59,PTBA,RG,2540,8,D,PD,DR,D
10:03:30,PTBA,RG,2530,10,F,BK,DH,D
10:03:11,PTBA,RG,2530,35,F,BK,PD,D
10:02:49,PTBA,RG,2530,4,F,BK,PD,D
10:02:47,PTBA,RG,2530,309,F,BK,BK,F
10:02:47,PTBA,RG,2530,691,D,OD,BK,F
10:02:46,PTBA,RG,2530,85,D,OD,DH,D
10:02:26,PTBA,RG,2530,5,D,OD,DH,D
10:01:52,PTBA,RG,2530,1,D,OD,PD,D
10:01:14,PTBA,RG,2530,5,D,OD,DH,D
10:00:58,PTBA,RG,2530,1,D,OD,PD,D
10:00:55,PTBA,RG,2540,1,D,XC,DR,D
10:00:01,PTBA,RG,2540,12,F,BK,DR,D
10:00:01,PTBA,RG,2540,19,F,BK,DR,D
9:59:57,PTBA,RG,2540,81,F,BK,DR,D
9:59:57,PTBA,RG,2540,2,F,BK,DH,D
9:59:57,PTBA,RG,2540,61,F,BK,AZ,D
9:59:57,PTBA,RG,2540,2,F,BK,PD,D
9:59:57,PTBA,RG,2540,5,F,BK,NI,D
9:59:57,PTBA,RG,2540,5,F,BK,NI,D
9:59:57,PTBA,RG,2540,3,F,BK,NI,D
9:59:54,PTBA,RG,2530,1,D,OD,NI,D
9:59:53,PTBA,RG,2530,13,D,OD,CS,F
9:59:53,PTBA,RG,2530,5,D,OD,CS,F
9:59:53,PTBA,RG,2530,5,D,OD,CS,F
9:59:53,PTBA,RG,2530,2,D,OD,CS,F
9:59:53,PTBA,RG,2530,1,D,OD,CS,F
9:59:53,PTBA,RG,2530,6,D,OD,CS,F
9:59:53,PTBA,RG,2530,5,D,OD,CS,F
9:59:53,PTBA,RG,2530,7,D,OD,CS,F
9:59:53,PTBA,RG,2530,14,D,OD,CS,F
9:59:53,PTBA,RG,2530,5,D,OD,CS,F
9:59:53,PTBA,RG,2530,6,D,OD,CS,F
9:59:53,PTBA,RG,2530,8,D,OD,CS,F
9:59:53,PTBA,RG,2530,3,D,OD,CS,F
9:59:53,PTBA,RG,2530,13,D,OD,CS,F
9:59:52,PTBA,RG,2530,172,D,OD,BB,F
9:59:52,PTBA,RG,2530,2,D,OD,AK,F
9:59:52,PTBA,RG,2530,10,D,OD,CS,F
9:59:52,PTBA,RG,2530,3,D,OD,CS,F
9:59:52,PTBA,RG,2530,10,D,OD,CS,F
9:59:52,PTBA,RG,2530,3,D,OD,CS,F
9:59:52,PTBA,RG,2530,30,D,OD,CC,F
9:59:52,PTBA,RG,2530,2,D,OD,CS,F
9:59:52,PTBA,RG,2530,1,D,OD,CS,F
9:59:52,PTBA,RG,2530,5,D,OD,AK,F
9:59:52,PTBA,RG,2530,13,D,OD,CS,F
9:59:52,PTBA,RG,2530,589,D,OD,CP,D
9:59:40,PTBA,RG,2530,108,D,KK,CP,D
9:59:37,PTBA,RG,2530,13,D,DR,CP,D
9:59:06,PTBA,RG,2530,28,F,BK,CP,D
9:59:04,PTBA,RG,2530,5,D,YP,CP,D
9:59:02,PTBA,RG,2530,170,F,BK,CP,D
9:59:01,PTBA,RG,2530,87,D,AG,CP,D
9:59:01,PTBA,RG,2530,320,D,AG,BB,F
9:59:01,PTBA,RG,2530,10,D,AG,CC,D
9:59:01,PTBA,RG,2530,7,D,AG,CS,F
9:59:01,PTBA,RG,2530,1,D,AG,CS,F
9:59:01,PTBA,RG,2530,6,D,AG,CS,F
9:59:01,PTBA,RG,2530,20,D,AG,EP,D
9:59:01,PTBA,RG,2530,300,D,AG,PD,D
9:59:01,PTBA,RG,2530,3,D,AG,PD,D
9:59:01,PTBA,RG,2530,20,D,AG,CC,D
9:59:01,PTBA,RG,2530,7,D,AG,PD,D
9:59:01,PTBA,RG,2530,379,D,AG,PD,D
9:59:01,PTBA,RG,2530,3,D,AG,AK,F
9:59:01,PTBA,RG,2530,500,D,AG,FZ,D
9:59:01,PTBA,RG,2530,6,D,AG,XC,D
9:59:01,PTBA,RG,2530,250,D,AG,DR,D
9:59:01,PTBA,RG,2530,4,D,AG,AK,F
9:59:01,PTBA,RG,2530,1,D,AG,AK,F
9:59:01,PTBA,RG,2530,76,D,AG,DR,D
9:59:00,PTBA,RG,2530,1,F,AK,DR,D
9:58:36,PTBA,RG,2530,1,D,XC,DR,D
9:58:35,PTBA,RG,2530,1,D,NI,DR,D
9:58:34,PTBA,RG,2520,8,D,MI,DH,D
9:58:12,PTBA,RG,2520,78,D,MI,PD,D
9:58:04,PTBA,RG,2520,3,D,MI,PD,D
9:57:53,PTBA,RG,2520,10,D,MI,XC,D
9:57:42,PTBA,RG,2520,2,D,MI,YP,D
9:57:42,PTBA,RG,2530,40,D,NI,DR,D
9:57:30,PTBA,RG,2520,1,D,MI,AK,F
9:57:26,PTBA,RG,2530,100,D,YP,DR,D
9:57:24,PTBA,RG,2530,1,D,NI,DR,D
9:56:29,PTBA,RG,2530,1,D,PD,DR,D
9:56:26,PTBA,RG,2520,20,D,MI,PD,D
9:56:09,PTBA,RG,2520,20,D,MI,PD,D
9:55:51,PTBA,RG,2520,10,D,MI,PD,D
9:55:43,PTBA,RG,2520,1,D,MI,AK,F
9:55:15,PTBA,RG,2520,32,D,MI,AK,F
9:55:15,PTBA,RG,2530,1,F,AK,DR,D
9:54:49,PTBA,RG,2530,6,D,PD,DR,D
9:54:47,PTBA,RG,2530,22,D,DH,DR,D
9:54:47,PTBA,RG,2530,10,D,DH,CC,F
9:54:47,PTBA,RG,2530,17,D,DH,BB,F
9:54:47,PTBA,RG,2530,1,D,DH,CS,F
9:54:47,PTBA,RG,2530,5,D,DH,CS,F
9:54:23,PTBA,RG,2520,4,D,MI,XC,D
9:54:15,PTBA,RG,2520,1,D,MI,DH,D
9:54:12,PTBA,RG,2530,1,D,PD,CS,F
9:53:53,PTBA,RG,2520,1,D,MI,AK,F
9:53:53,PTBA,RG,2520,1,D,MI,XC,D
9:53:31,PTBA,RG,2520,13,D,MI,EP,D
9:53:30,PTBA,RG,2520,5,D,MI,AK,F
9:52:55,PTBA,RG,2520,3,D,MI,NI,D
9:52:00,PTBA,RG,2520,4,D,MI,AK,F
9:51:58,PTBA,RG,2520,1,D,MI,AK,F
9:51:50,PTBA,RG,2530,1,D,PD,CS,F
9:51:50,PTBA,RG,2530,3,D,PD,CS,F
9:51:40,PTBA,RG,2530,2,D,PD,CS,F
9:51:11,PTBA,RG,2530,2,D,XC,CS,F
9:51:07,PTBA,RG,2530,1,D,NI,CS,F
9:51:07,PTBA,RG,2530,7,D,NI,PD,D
9:50:38,PTBA,RG,2530,5,D,XC,PD,D
9:50:19,PTBA,RG,2530,1,D,EP,PD,D
9:50:15,PTBA,RG,2520,4,D,MI,AK,F
9:50:07,PTBA,RG,2530,4,D,AT,PD,D
9:49:52,PTBA,RG,2530,1,D,YP,PD,D
9:49:46,PTBA,RG,2530,1,D,NI,PD,D
9:49:13,PTBA,RG,2530,2,D,PD,PD,D
9:49:09,PTBA,RG,2530,3,D,PD,PD,D
9:49:09,PTBA,RG,2530,3,D,CC,PD,D
9:48:49,PTBA,RG,2530,30,D,PD,PD,D
9:48:31,PTBA,RG,2520,19,D,MI,XC,D
9:48:18,PTBA,RG,2520,2,D,MI,PD,D
9:47:34,PTBA,RG,2520,1,D,MI,PD,D
9:47:33,PTBA,RG,2530,7,D,XC,PD,D
9:47:32,PTBA,RG,2520,62,D,MI,CC,D
9:47:30,PTBA,RG,2530,4,D,PD,PD,D
9:47:26,PTBA,RG,2530,10,D,NI,PD,D
9:46:51,PTBA,RG,2530,10,D,KK,PD,D
9:46:23,PTBA,RG,2530,1,D,PD,PD,D
9:46:13,PTBA,RG,2520,8,D,MI,PD,D
9:46:10,PTBA,RG,2520,5,D,MI,CC,D
9:46:09,PTBA,RG,2520,1,D,MI,CC,D
9:45:59,PTBA,RG,2520,12,D,MI,YP,D
9:45:53,PTBA,RG,2520,9,D,MI,BK,F
9:45:53,PTBA,RG,2520,1,D,PD,BK,F
9:45:53,PTBA,RG,2520,19,D,SQ,BK,F
9:45:52,PTBA,RG,2520,6,D,SQ,KK,D
9:45:52,PTBA,RG,2520,20,D,KK,KK,D
9:45:52,PTBA,RG,2520,1,D,GR,KK,D
9:45:52,PTBA,RG,2520,4,D,YP,KK,D
9:45:52,PTBA,RG,2520,69,D,YP,KK,D
9:45:42,PTBA,RG,2520,25,D,YP,IU,D
9:45:35,PTBA,RG,2520,6,D,YP,BK,F
9:45:35,PTBA,RG,2520,1,D,PD,BK,F
9:45:35,PTBA,RG,2520,22,D,PD,BK,F
9:45:30,PTBA,RG,2520,1,D,CC,AK,F
9:45:30,PTBA,RG,2520,2,D,SQ,AK,F
9:45:29,PTBA,RG,2520,8,D,SQ,BK,F
9:45:29,PTBA,RG,2520,1,D,CC,BK,F
9:45:29,PTBA,RG,2520,12,D,LG,BK,F
9:45:29,PTBA,RG,2520,2,D,LG,BK,F
9:45:29,PTBA,RG,2520,2,D,PD,BK,F
9:45:29,PTBA,RG,2520,10,D,PD,BK,F
9:45:29,PTBA,RG,2520,10,D,AZ,BK,F
9:45:29,PTBA,RG,2520,19,D,YP,BK,F
9:45:26,PTBA,RG,2530,10,D,PD,PD,D
9:45:25,PTBA,RG,2530,1,D,KK,PD,D
9:45:25,PTBA,RG,2520,21,D,YP,BK,F
9:45:25,PTBA,RG,2520,10,D,PD,BK,F
9:45:25,PTBA,RG,2520,2,D,PD,BK,F
9:45:25,PTBA,RG,2520,1,D,PD,BK,F
9:45:25,PTBA,RG,2520,20,D,PD,BK,F
9:45:25,PTBA,RG,2520,4,D,PD,BK,F
9:45:25,PTBA,RG,2520,1,D,PD,BK,F
9:45:25,PTBA,RG,2520,2,D,XC,BK,F
9:45:25,PTBA,RG,2520,2,D,ZP,BK,F
9:45:25,PTBA,RG,2520,10,D,XC,BK,F
9:45:25,PTBA,RG,2520,1,D,KK,BK,F
9:45:25,PTBA,RG,2520,200,D,DR,BK,F
9:45:25,PTBA,RG,2520,50,D,PD,BK,F
9:45:23,PTBA,RG,2530,2,D,PD,AK,F
9:45:23,PTBA,RG,2530,1,D,PD,AK,F
9:45:23,PTBA,RG,2530,5,D,GR,AK,F
9:45:23,PTBA,RG,2530,2,D,PD,AK,F
9:45:23,PTBA,RG,2530,6,D,XC,AK,F
9:45:23,PTBA,RG,2530,10,D,CC,AK,F
9:45:23,PTBA,RG,2530,1,D,OD,AK,F
9:45:23,PTBA,RG,2530,38,D,LG,AK,F
9:45:23,PTBA,RG,2530,7,D,GR,AK,F
9:45:23,PTBA,RG,2530,20,D,PD,AK,F
9:45:23,PTBA,RG,2530,1,D,OD,AK,F
9:45:23,PTBA,RG,2530,1,D,XL,AK,F
9:45:23,PTBA,RG,2530,1,D,PD,AK,F
9:45:23,PTBA,RG,2530,1,D,CP,AK,F
9:45:23,PTBA,RG,2530,1,D,XC,AK,F
9:45:23,PTBA,RG,2530,50,D,YP,AK,F
9:45:23,PTBA,RG,2530,374,F,CS,AK,F
9:45:23,PTBA,RG,2530,1,D,PD,AK,F
9:45:23,PTBA,RG,2530,1,D,YP,AK,F
9:45:23,PTBA,RG,2530,2,D,XC,AK,F
9:45:23,PTBA,RG,2530,10,D,AZ,AK,F
9:45:23,PTBA,RG,2530,1,D,PD,AK,F
9:45:23,PTBA,RG,2530,5,D,XC,AK,F
9:45:23,PTBA,RG,2530,11,D,YP,AK,F
9:45:23,PTBA,RG,2530,1,D,XC,AK,F
9:45:23,PTBA,RG,2530,3,D,DX,AK,F
9:45:23,PTBA,RG,2530,1,D,PD,AK,F
9:45:23,PTBA,RG,2530,1,D,PD,AK,F
9:45:23,PTBA,RG,2530,9,D,YP,AK,F
9:45:23,PTBA,RG,2530,10,D,NI,AK,F
9:45:23,PTBA,RG,2530,3,D,KK,AK,F
9:45:23,PTBA,RG,2530,5,D,LG,AK,F
9:45:23,PTBA,RG,2530,1,D,PD,AK,F
9:45:23,PTBA,RG,2530,10,D,CC,AK,F
9:45:23,PTBA,RG,2530,5,D,PD,AK,F
9:45:23,PTBA,RG,2530,9,D,PD,AK,F
9:45:23,PTBA,RG,2530,1,D,XC,AK,F
9:45:23,PTBA,RG,2530,1,D,YB,AK,F
9:45:23,PTBA,RG,2530,1,D,XC,AK,F
9:45:23,PTBA,RG,2530,2,D,SQ,AK,F
9:45:23,PTBA,RG,2530,1,D,PD,AK,F
9:45:23,PTBA,RG,2530,18,D,KK,AK,F
9:45:23,PTBA,RG,2530,20,D,DR,AK,F
9:45:23,PTBA,RG,2530,3,D,YP,AK,F
9:45:23,PTBA,RG,2530,1,D,XC,AK,F
9:45:23,PTBA,RG,2530,1,D,KK,AK,F
9:45:23,PTBA,RG,2530,20,D,NI,AK,F
9:45:23,PTBA,RG,2530,10,D,PD,AK,F
9:45:23,PTBA,RG,2530,5,D,PD,AK,F
9:45:23,PTBA,RG,2530,5,D,PD,AK,F
9:45:23,PTBA,RG,2530,100,D,YP,AK,F
9:45:23,PTBA,RG,2530,1,D,PD,AK,F
9:45:23,PTBA,RG,2530,200,D,SQ,AK,F
9:45:23,PTBA,RG,2530,6,D,YB,AK,F
9:45:23,PTBA,RG,2530,2,D,DX,AK,F
9:45:23,PTBA,RG,2530,2,D,LG,AK,F
9:45:23,PTBA,RG,2530,40,D,CC,AK,F
9:45:23,PTBA,RG,2530,2,D,PD,AK,F
9:45:23,PTBA,RG,2530,33,D,YP,AK,F
9:45:22,PTBA,RG,2530,67,D,YP,BK,F
9:45:22,PTBA,RG,2530,25,D,PD,BK,F
9:45:22,PTBA,RG,2530,1,D,CC,BK,F
9:45:22,PTBA,RG,2530,1,D,PD,BK,F
9:45:22,PTBA,RG,2530,80,D,XC,BK,F
9:45:22,PTBA,RG,2530,1,D,XL,BK,F
9:45:22,PTBA,RG,2530,1,D,PD,BK,F
9:45:22,PTBA,RG,2530,1,D,KK,BK,F
9:45:22,PTBA,RG,2530,1,D,OD,BK,F
9:45:22,PTBA,RG,2530,66,D,AZ,BK,F
9:45:22,PTBA,RG,2530,20,D,SQ,BK,F
9:45:22,PTBA,RG,2530,5,D,OD,BK,F
9:45:22,PTBA,RG,2530,2,D,PD,BK,F
9:45:22,PTBA,RG,2530,20,D,KK,BK,F
9:45:22,PTBA,RG,2530,1,D,XA,BK,F
9:45:22,PTBA,RG,2530,10,D,OD,BK,F
9:45:22,PTBA,RG,2530,1,D,XA,BK,F
9:45:22,PTBA,RG,2530,10,D,PD,BK,F
9:45:22,PTBA,RG,2530,5,D,DR,BK,F
9:45:22,PTBA,RG,2530,50,D,NI,BK,F
9:45:22,PTBA,RG,2530,3,D,CC,BK,F
9:45:22,PTBA,RG,2530,3,D,SQ,BK,F
9:45:22,PTBA,RG,2530,1,D,XL,BK,F
9:45:22,PTBA,RG,2530,10,D,CC,BK,F
9:45:22,PTBA,RG,2530,100,D,TP,BK,F
9:45:22,PTBA,RG,2530,5,D,PD,BK,F
9:45:22,PTBA,RG,2530,2,D,EP,BK,F
9:45:22,PTBA,RG,2530,10,D,CC,BK,F
9:45:22,PTBA,RG,2530,1,D,SQ,BK,F
9:45:22,PTBA,RG,2530,5,D,CC,BK,F
9:45:22,PTBA,RG,2530,2,D,PD,BK,F
9:45:22,PTBA,RG,2530,9,D,XC,BK,F
9:45:22,PTBA,RG,2530,16,D,PD,BK,F
9:45:22,PTBA,RG,2530,98,D,DH,BK,F
9:45:22,PTBA,RG,2530,50,D,CC,BK,F
9:45:22,PTBA,RG,2530,5,D,OD,BK,F
9:45:22,PTBA,RG,2530,1,D,PD,BK,F
9:45:22,PTBA,RG,2530,25,D,KK,BK,F
9:45:22,PTBA,RG,2530,31,D,OD,BK,F
9:45:22,PTBA,RG,2530,1,D,PD,BK,F
9:45:22,PTBA,RG,2530,3,D,YP,BK,F
9:45:22,PTBA,RG,2530,1,D,GR,BK,F
9:45:22,PTBA,RG,2530,10,D,NI,BK,F
9:45:22,PTBA,RG,2530,3,D,DX,BK,F
9:45:22,PTBA,RG,2530,10,D,YP,BK,F
9:45:22,PTBA,RG,2530,1,D,YP,BK,F
9:45:22,PTBA,RG,2530,1,F,AK,BK,F
9:45:22,PTBA,RG,2530,225,D,DR,BK,F
9:45:21,PTBA,RG,2530,275,D,DR,BK,F
9:45:21,PTBA,RG,2530,3,D,DR,BK,F
9:45:21,PTBA,RG,2530,1,D,XC,BK,F
9:45:21,PTBA,RG,2530,1,D,YP,BK,F
9:45:21,PTBA,RG,2530,2,D,KK,BK,F
9:45:21,PTBA,RG,2530,1,D,CC,BK,F
9:45:21,PTBA,RG,2530,2,D,OD,BK,F
9:45:21,PTBA,RG,2530,4,D,AZ,BK,F
9:45:21,PTBA,RG,2530,50,D,DH,BK,F
9:45:21,PTBA,RG,2530,5,D,PD,BK,F
9:45:21,PTBA,RG,2530,1,D,YP,BK,F
9:45:21,PTBA,RG,2530,1,D,KK,BK,F
9:45:21,PTBA,RG,2530,1,D,CC,BK,F
9:45:21,PTBA,RG,2530,1,D,ZP,BK,F
9:45:21,PTBA,RG,2530,21,D,CC,BK,F
9:45:21,PTBA,RG,2530,1,D,YP,BK,F
9:45:21,PTBA,RG,2530,1,D,NI,BK,F
9:45:21,PTBA,RG,2530,5,D,YP,BK,F
9:45:21,PTBA,RG,2530,79,D,YP,BK,F
9:45:21,PTBA,RG,2530,1,D,PD,BK,F
9:45:21,PTBA,RG,2530,2,D,KK,BK,F
9:45:21,PTBA,RG,2530,10,D,PD,BK,F
9:45:21,PTBA,RG,2530,2,D,ZP,BK,F
9:45:21,PTBA,RG,2530,3,D,LG,BK,F
9:45:21,PTBA,RG,2530,1,D,XC,BK,F
9:45:21,PTBA,RG,2530,36,D,XC,BK,F
9:45:21,PTBA,RG,2530,30,D,AZ,BK,F
9:45:21,PTBA,RG,2530,25,D,PD,BK,F
9:45:21,PTBA,RG,2530,3,D,XC,BK,F
9:45:21,PTBA,RG,2530,2,D,PD,BK,F
9:45:21,PTBA,RG,2530,40,D,NI,BK,F
9:45:21,PTBA,RG,2530,4,D,CC,BK,F
9:45:21,PTBA,RG,2530,1,D,YP,BK,F
9:45:21,PTBA,RG,2530,1,D,YP,BK,F
9:45:21,PTBA,RG,2530,1,D,YP,BK,F
9:45:21,PTBA,RG,2530,4,D,XC,BK,F
9:45:21,PTBA,RG,2530,10,D,OD,BK,F
9:45:21,PTBA,RG,2530,10,D,CC,BK,F
9:45:21,PTBA,RG,2530,2,D,XC,BK,F
9:45:21,PTBA,RG,2530,1,D,PD,BK,F
9:45:21,PTBA,RG,2530,1,D,XL,BK,F
9:45:21,PTBA,RG,2530,1,D,PD,BK,F
9:45:21,PTBA,RG,2530,1,D,PD,BK,F
9:45:21,PTBA,RG,2530,1,D,PD,BK,F
9:45:21,PTBA,RG,2530,1,D,YP,BK,F
9:45:21,PTBA,RG,2530,1,D,PD,BK,F
9:45:21,PTBA,RG,2530,1,F,AK,BK,F
9:45:21,PTBA,RG,2530,349,D,YP,BK,F
9:45:10,PTBA,RG,2530,7,D,YP,PD,D
9:45:00,PTBA,RG,2540,1,D,PD,BK,F
9:44:44,PTBA,RG,2540,3,D,GR,BK,F
9:44:43,PTBA,RG,2530,1,D,YP,NI,D
9:44:36,PTBA,RG,2530,8,D,YP,PD,D
9:44:20,PTBA,RG,2540,25,F,BK,BK,F
9:44:15,PTBA,RG,2530,14,D,YP,AK,F
9:44:05,PTBA,RG,2530,7,D,YP,PD,D
9:44:02,PTBA,RG,2530,100,D,YP,PD,D
9:44:00,PTBA,RG,2530,1,D,YP,AK,F
9:43:59,PTBA,RG,2540,1,F,AK,BK,F
9:43:40,PTBA,RG,2540,2,D,CC,BK,F
9:43:33,PTBA,RG,2530,8,D,YP,PD,D
9:43:26,PTBA,RG,2530,8,D,YP,BQ,D
9:43:15,PTBA,RG,2530,4,D,YP,AK,F
9:43:06,PTBA,RG,2540,2,D,CC,BK,F
9:43:05,PTBA,RG,2540,1,D,YP,BK,F
9:42:30,PTBA,RG,2530,1,D,YP,AK,F
9:42:10,PTBA,RG,2540,1,D,NI,BK,F
9:41:45,PTBA,RG,2530,5,D,YP,AK,F
9:41:34,PTBA,RG,2530,2,D,YP,DH,D
9:41:11,PTBA,RG,2530,1,D,YP,AK,F
9:41:10,PTBA,RG,2540,10,D,PD,BK,F
9:41:05,PTBA,RG,2540,29,F,BK,BK,F
9:41:01,PTBA,RG,2530,10,D,YP,PD,D
9:41:00,PTBA,RG,2540,38,F,BK,BK,F
9:41:00,PTBA,RG,2540,3,F,BK,KK,D
9:40:56,PTBA,RG,2540,98,D,ZP,KK,D
9:40:56,PTBA,RG,2540,256,D,ZP,AK,F
9:40:56,PTBA,RG,2540,1,D,ZP,NI,D
9:40:56,PTBA,RG,2540,45,D,ZP,KK,D
9:40:34,PTBA,RG,2530,41,D,YP,CS,F
9:40:33,PTBA,RG,2540,5,F,BK,KK,D
9:40:33,PTBA,RG,2540,35,F,BK,BK,F
9:40:32,PTBA,RG,2530,33,D,YP,CC,D
9:40:32,PTBA,RG,2530,1,D,XC,CC,D
9:40:32,PTBA,RG,2530,168,D,ZP,CC,D
9:40:25,PTBA,RG,2530,5,D,ZP,XC,D
9:40:22,PTBA,RG,2540,34,F,BK,BK,F
9:40:17,PTBA,RG,2540,165,F,BK,BK,F
9:40:16,PTBA,RG,2540,96,D,DR,BK,F
9:40:16,PTBA,RG,2540,10,D,DR,KK,D
9:40:16,PTBA,RG,2540,4,D,DR,PD,D
9:40:16,PTBA,RG,2540,91,D,DR,BK,F
9:40:16,PTBA,RG,2540,25,D,DR,AI,D
9:40:16,PTBA,RG,2540,1,D,DR,XC,D
9:40:16,PTBA,RG,2540,1,D,DR,NI,D
9:40:16,PTBA,RG,2540,110,D,DR,CC,D
9:40:16,PTBA,RG,2540,165,D,DR,BB,F
9:40:16,PTBA,RG,2540,3,D,DR,XC,D
9:40:16,PTBA,RG,2540,7,D,DR,PD,D
9:40:16,PTBA,RG,2540,117,D,DR,XC,D
9:40:16,PTBA,RG,2540,1,D,DR,DH,D
9:40:16,PTBA,RG,2540,20,D,DR,RB,D
9:40:16,PTBA,RG,2540,5,D,DR,DR,D
9:40:16,PTBA,RG,2540,3,D,DR,PD,D
9:40:16,PTBA,RG,2540,1,D,DR,YP,D
9:40:16,PTBA,RG,2540,6,D,DR,PD,D
9:40:16,PTBA,RG,2540,334,D,DR,CC,D
9:40:00,PTBA,RG,2530,7,D,ZP,AK,F
9:39:29,PTBA,RG,2530,10,D,ZP,YP,D
9:39:27,PTBA,RG,2540,1,D,PD,CC,D
9:39:26,PTBA,RG,2530,2,D,ZP,KK,D
9:39:17,PTBA,RG,2540,42,F,BK,CC,D
9:39:16,PTBA,RG,2530,370,D,ZP,AK,F
9:39:07,PTBA,RG,2540,1,D,KK,CC,D
9:39:06,PTBA,RG,2530,5,D,ZP,CC,D
9:38:51,PTBA,RG,2530,2,D,ZP,EP,D
9:38:50,PTBA,RG,2540,31,F,BK,CC,D
9:38:50,PTBA,RG,2540,9,F,BK,YP,D
9:38:48,PTBA,RG,2540,20,D,KK,YP,D
9:38:47,PTBA,RG,2530,70,D,ZP,CC,D
9:38:42,PTBA,RG,2540,2,F,AK,YP,D
9:38:41,PTBA,RG,2540,69,D,EP,YP,D
9:38:41,PTBA,RG,2540,31,D,EP,GR,D
9:38:41,PTBA,RG,2540,1,D,NI,GR,D
9:38:28,PTBA,RG,2530,2,D,ZP,AK,F
9:38:15,PTBA,RG,2530,6,D,ZP,AK,F
9:38:06,PTBA,RG,2530,4,D,ZP,NI,D
9:37:47,PTBA,RG,2540,36,F,BK,GR,D
9:37:43,PTBA,RG,2530,14,D,ZP,XC,D
9:37:23,PTBA,RG,2530,1,D,ZP,PD,D
9:37:10,PTBA,RG,2530,3,D,ZP,XC,D
9:36:17,PTBA,RG,2530,5,D,ZP,XC,D
9:36:15,PTBA,RG,2530,7,D,ZP,AK,F
9:35:35,PTBA,RG,2540,27,F,BK,GR,D
9:35:31,PTBA,RG,2530,243,D,ZP,BB,F
9:35:07,PTBA,RG,2530,6,D,ZP,PD,D
9:35:01,PTBA,RG,2540,1,D,PD,GR,D
9:34:46,PTBA,RG,2540,4,D,YP,GR,D
9:34:46,PTBA,RG,2540,5,D,YP,CC,D
9:34:46,PTBA,RG,2540,15,D,YP,DR,D
9:34:42,PTBA,RG,2540,3,D,AT,DR,D
9:34:38,PTBA,RG,2540,1,D,XC,DR,D
9:34:36,PTBA,RG,2530,6,D,ZP,PD,D
9:34:35,PTBA,RG,2540,29,F,BK,DR,D
9:34:32,PTBA,RG,2530,64,D,ZP,YP,D
9:34:32,PTBA,RG,2530,2,D,PD,YP,D
9:34:32,PTBA,RG,2530,2,D,SH,YP,D
9:34:32,PTBA,RG,2530,1,D,XC,YP,D
9:34:32,PTBA,RG,2530,2,D,YP,YP,D
9:34:32,PTBA,RG,2530,1,D,CC,YP,D
9:34:32,PTBA,RG,2530,3,D,PD,YP,D
9:34:15,PTBA,RG,2540,1,D,PD,DR,D
9:33:55,PTBA,RG,2540,1,D,YP,DR,D
9:33:25,PTBA,RG,2540,1,D,CC,DR,D
9:32:59,PTBA,RG,2540,4,D,CC,DR,D
9:32:48,PTBA,RG,2540,104,D,NI,DR,D
9:32:34,PTBA,RG,2540,20,D,CC,DR,D
9:32:18,PTBA,RG,2540,100,D,EP,DR,D
9:32:11,PTBA,RG,2540,2,D,EP,DR,D
9:31:44,PTBA,RG,2540,2,F,AK,DR,D
9:31:11,PTBA,RG,2540,196,D,YP,DR,D
9:31:10,PTBA,RG,2540,1,D,NI,DR,D
9:30:45,PTBA,RG,2540,1,D,PD,DR,D
9:30:25,PTBA,RG,2540,2,D,YP,DR,D
9:30:05,PTBA,RG,2540,1,D,PD,DR,D
9:30:01,PTBA,RG,2530,7,D,PD,LG,D
9:30:01,PTBA,RG,2530,1,D,AZ,LG,D
9:30:01,PTBA,RG,2530,1,D,YP,LG,D
9:30:01,PTBA,RG,2530,6,D,CC,LG,D
9:29:36,PTBA,RG,2540,5,D,GR,DR,D
9:28:57,PTBA,RG,2540,1,D,CC,DR,D
9:28:45,PTBA,RG,2540,10,D,AZ,DR,D
9:28:45,PTBA,RG,2540,50,D,AZ,KK,D
9:28:45,PTBA,RG,2540,4,D,AZ,CC,D
9:28:45,PTBA,RG,2540,15,D,AZ,CC,D
9:28:45,PTBA,RG,2540,2,D,AZ,AK,F
9:28:45,PTBA,RG,2540,2,D,AZ,AK,F
9:28:45,PTBA,RG,2540,11,D,AZ,AK,F
9:28:45,PTBA,RG,2540,4,D,AZ,AK,F
9:28:29,PTBA,RG,2530,2,D,CC,XC,D
9:28:24,PTBA,RG,2530,1,D,CC,CS,F
9:28:24,PTBA,RG,2530,1,D,YP,CS,F
9:28:24,PTBA,RG,2530,5,D,NI,CS,F
9:28:24,PTBA,RG,2530,3,D,KK,CS,F
9:28:24,PTBA,RG,2530,1,D,CC,CS,F
9:28:24,PTBA,RG,2530,5,D,YP,CS,F
9:28:24,PTBA,RG,2530,15,D,YP,CS,F
9:28:24,PTBA,RG,2530,1,F,AK,CS,F
9:28:24,PTBA,RG,2530,7,D,AT,CS,F
9:28:24,PTBA,RG,2530,3,D,PD,CS,F
9:28:24,PTBA,RG,2530,1,D,NI,CS,F
9:28:24,PTBA,RG,2530,1,D,CP,CS,F
9:28:24,PTBA,RG,2530,1,D,XC,CS,F
9:28:24,PTBA,RG,2530,3,D,CC,CS,F
9:28:04,PTBA,RG,2530,1,D,CC,XC,D
9:27:59,PTBA,RG,2530,1,D,CC,PD,D
9:27:59,PTBA,RG,2530,99,D,CC,PD,D
9:27:40,PTBA,RG,2530,42,D,CC,NI,D
9:27:40,PTBA,RG,2530,59,D,CC,KK,D
9:27:40,PTBA,RG,2530,1,D,CP,KK,D
9:27:40,PTBA,RG,2530,1,D,PD,KK,D
9:27:40,PTBA,RG,2530,3,D,XC,KK,D
9:27:40,PTBA,RG,2530,25,D,YP,KK,D
9:27:40,PTBA,RG,2530,11,D,CP,KK,D
9:27:31,PTBA,RG,2530,11,D,CP,AK,F
9:27:14,PTBA,RG,2530,2,D,CP,XC,D
9:27:03,PTBA,RG,2530,2,D,CP,NI,D
9:27:02,PTBA,RG,2530,15,D,CP,XC,D
9:26:12,PTBA,RG,2540,2,D,PD,AK,F
9:25:46,PTBA,RG,2530,24,D,CP,YP,D
9:25:42,PTBA,RG,2530,30,D,CP,DR,D
9:25:31,PTBA,RG,2530,8,D,CP,CC,D
9:25:01,PTBA,RG,2530,1,D,CP,XL,D
9:24:54,PTBA,RG,2530,1,D,CP,OD,D
9:24:54,PTBA,RG,2540,1,D,XC,AK,F
9:24:42,PTBA,RG,2540,3,D,NI,AK,F
9:24:42,PTBA,RG,2540,2,D,NI,CS,F
9:24:42,PTBA,RG,2540,5,D,NI,AK,F
9:24:30,PTBA,RG,2530,1,D,CP,XC,D
9:24:24,PTBA,RG,2540,1,D,XC,AK,F
9:24:20,PTBA,RG,2530,3,D,CP,PD,D
9:24:19,PTBA,RG,2540,1,D,XA,AK,F
9:24:14,PTBA,RG,2540,1,D,CC,AK,F
9:23:45,PTBA,RG,2540,10,D,YP,AK,F
9:23:42,PTBA,RG,2530,1,D,CP,PD,D
9:23:15,PTBA,RG,2530,10,D,CP,AK,F
9:23:06,PTBA,RG,2540,1,D,XA,AK,F
9:22:56,PTBA,RG,2540,5,D,IF,AK,F
9:22:39,PTBA,RG,2530,25,D,CP,XC,D
9:22:28,PTBA,RG,2540,50,D,TP,AK,F
9:22:28,PTBA,RG,2530,7,D,CP,AK,F
9:21:37,PTBA,RG,2530,20,D,CP,XC,D
9:21:33,PTBA,RG,2540,1,D,YP,AK,F
9:21:22,PTBA,RG,2530,9,D,CP,PD,D
9:21:13,PTBA,RG,2540,1,D,XC,AK,F
9:21:11,PTBA,RG,2530,2,D,CP,PD,D
9:21:11,PTBA,RG,2540,10,D,XC,AK,F
9:20:59,PTBA,RG,2540,1,D,XC,AK,F
9:20:41,PTBA,RG,2540,1,D,PC,AK,F
9:20:27,PTBA,RG,2530,20,D,CP,EP,D
9:20:19,PTBA,RG,2540,1,D,XL,BB,F
9:19:46,PTBA,RG,2540,2,D,YP,BB,F
9:19:32,PTBA,RG,2530,1,D,CP,XC,D
9:19:23,PTBA,RG,2540,17,D,PD,BB,F
9:19:22,PTBA,RG,2540,2,D,XC,BB,F
9:19:01,PTBA,RG,2530,10,D,CP,EP,D
9:18:26,PTBA,RG,2530,2,D,CP,PD,D
9:18:26,PTBA,RG,2540,10,D,YP,BB,F
9:18:19,PTBA,RG,2540,2,D,PD,BB,F
9:18:15,PTBA,RG,2530,10,D,CP,EP,D
9:18:12,PTBA,RG,2530,1,D,CP,XC,D
9:17:54,PTBA,RG,2540,3,D,CC,BB,F
9:17:06,PTBA,RG,2540,1,D,XC,BB,F
9:17:01,PTBA,RG,2540,100,D,EP,BB,F
9:16:47,PTBA,RG,2530,1,D,CP,XC,D
9:16:39,PTBA,RG,2530,3,D,CP,PD,D
9:16:28,PTBA,RG,2530,134,D,CP,BB,F
9:15:49,PTBA,RG,2530,26,D,CP,CC,D
9:15:03,PTBA,RG,2540,1,D,DR,BB,F
9:14:38,PTBA,RG,2530,4,D,CP,CC,D
9:14:38,PTBA,RG,2530,100,D,CP,IF,D
9:14:22,PTBA,RG,2530,5,D,CP,NI,D
9:14:22,PTBA,RG,2530,3,D,CC,NI,D
9:13:55,PTBA,RG,2530,300,D,CC,IF,D
9:13:46,PTBA,RG,2530,50,D,CC,CC,D
9:13:21,PTBA,RG,2530,147,D,CC,IF,D
9:13:21,PTBA,RG,2530,5,D,CC,IF,D
9:13:21,PTBA,RG,2530,120,D,CC,IF,D
9:13:21,PTBA,RG,2530,10,D,PD,IF,D
9:13:21,PTBA,RG,2530,1,D,AT,IF,D
9:13:21,PTBA,RG,2530,1,D,PD,IF,D
9:13:21,PTBA,RG,2530,1,D,YP,IF,D
9:13:21,PTBA,RG,2530,15,D,EP,IF,D
9:12:57,PTBA,RG,2540,3,D,PD,YJ,D
9:12:49,PTBA,RG,2530,5,D,EP,CC,D
9:12:18,PTBA,RG,2540,10,D,CC,YJ,D
9:12:13,PTBA,RG,2540,1,D,XL,YJ,D
9:12:06,PTBA,RG,2540,6,D,XA,YJ,D
9:11:55,PTBA,RG,2530,8,D,EP,PD,D
9:11:48,PTBA,RG,2540,1,D,CC,YJ,D
9:11:46,PTBA,RG,2540,1,D,YP,YJ,D
9:11:46,PTBA,RG,2540,1,D,YP,YJ,D
9:11:42,PTBA,RG,2540,1,D,CC,YJ,D
9:11:23,PTBA,RG,2540,7,D,NI,YJ,D
9:11:23,PTBA,RG,2540,10,D,EP,YJ,D
9:11:23,PTBA,RG,2540,1,D,YP,YJ,D
9:11:23,PTBA,RG,2540,1,D,YP,YJ,D
9:11:23,PTBA,RG,2540,20,D,KK,YJ,D
9:11:23,PTBA,RG,2540,20,D,NI,YJ,D
9:11:23,PTBA,RG,2540,1,D,YP,YJ,D
9:11:23,PTBA,RG,2540,1,D,YP,YJ,D
9:11:23,PTBA,RG,2540,9,D,KK,YJ,D
9:11:23,PTBA,RG,2540,4,D,NI,YJ,D
9:11:23,PTBA,RG,2540,5,D,KK,YJ,D
9:11:23,PTBA,RG,2540,4,D,PD,YJ,D
9:11:23,PTBA,RG,2540,1,D,PD,YJ,D
9:11:23,PTBA,RG,2540,10,D,XL,YJ,D
9:11:23,PTBA,RG,2540,10,D,KK,YJ,D
9:11:23,PTBA,RG,2540,1,D,CC,YJ,D
9:11:23,PTBA,RG,2540,20,D,PD,YJ,D
9:11:23,PTBA,RG,2540,2,D,XC,YJ,D
9:11:23,PTBA,RG,2540,1,D,OD,YJ,D
9:11:23,PTBA,RG,2540,3,D,KK,YJ,D
9:11:23,PTBA,RG,2540,1,F,AK,YJ,D
9:11:23,PTBA,RG,2540,77,F,AK,YJ,D
9:11:18,PTBA,RG,2540,47,F,AK,BB,F
9:11:02,PTBA,RG,2540,300,F,AK,IF,D
9:10:50,PTBA,RG,2540,1,F,AK,SQ,D
9:10:47,PTBA,RG,2540,1,F,AK,XC,D
9:10:46,PTBA,RG,2540,15,F,AK,YP,D
9:10:39,PTBA,RG,2540,69,F,AK,CD,D
9:10:39,PTBA,RG,2540,31,D,YP,CD,D
9:10:07,PTBA,RG,2540,10,D,YP,EP,D
9:10:00,PTBA,RG,2550,24,D,CC,YP,D
9:10:00,PTBA,RG,2550,1,D,CC,YU,D
9:09:53,PTBA,RG,2540,25,D,YP,YJ,D
9:09:35,PTBA,RG,2540,100,D,YP,YP,D
9:09:21,PTBA,RG,2540,16,D,YP,PD,D
9:08:53,PTBA,RG,2540,5,D,YP,YP,D
9:08:36,PTBA,RG,2540,18,D,YP,XC,D
9:08:30,PTBA,RG,2540,6,D,YP,PD,D
9:08:08,PTBA,RG,2540,5,D,YP,PD,D
9:07:39,PTBA,RG,2550,1,D,DR,YU,D
9:07:36,PTBA,RG,2550,1,D,PD,YU,D
9:07:25,PTBA,RG,2540,40,D,YP,CC,D
9:07:22,PTBA,RG,2540,5,D,YP,YP,D
9:07:19,PTBA,RG,2550,2,D,PD,YU,D
9:07:07,PTBA,RG,2540,20,D,YP,PD,D
9:06:58,PTBA,RG,2540,1,D,YP,XC,D
9:06:34,PTBA,RG,2540,15,D,YP,DR,D
9:06:16,PTBA,RG,2540,14,D,YP,BB,F
9:05:48,PTBA,RG,2540,14,D,YP,PD,D
9:05:42,PTBA,RG,2540,16,D,YP,CS,F
9:05:42,PTBA,RG,2540,27,D,YP,CS,F
9:05:42,PTBA,RG,2540,22,D,YP,CS,F
9:05:42,PTBA,RG,2540,11,D,YP,CS,F
9:05:42,PTBA,RG,2540,11,D,YP,CS,F
9:05:41,PTBA,RG,2540,15,D,YP,PD,D
9:05:41,PTBA,RG,2540,50,D,YP,YP,D
9:05:41,PTBA,RG,2540,100,D,YP,CC,D
9:05:41,PTBA,RG,2540,7,D,YP,NI,D
9:05:41,PTBA,RG,2540,10,D,YP,KK,D
9:05:41,PTBA,RG,2540,5,D,YP,YP,D
9:05:41,PTBA,RG,2540,2,D,YP,CC,D
9:05:41,PTBA,RG,2540,10,D,YP,PD,D
9:05:41,PTBA,RG,2540,100,D,YP,NI,D
9:05:41,PTBA,RG,2540,12,D,YP,CC,F
9:05:41,PTBA,RG,2540,33,D,YP,BB,F
9:05:41,PTBA,RG,2540,153,D,YP,BK,F
9:05:41,PTBA,RG,2540,15,D,YP,CS,F
9:05:41,PTBA,RG,2540,76,D,YP,DR,D
9:04:46,PTBA,RG,2530,4,D,EP,YP,D
9:04:28,PTBA,RG,2530,14,D,EP,BB,F
9:04:23,PTBA,RG,2540,5,D,KK,DR,D
9:04:10,PTBA,RG,2540,100,D,NI,DR,D
9:04:06,PTBA,RG,2540,8,D,AT,DR,D
9:04:00,PTBA,RG,2530,5,D,EP,PD,D
9:03:34,PTBA,RG,2540,10,D,SQ,DR,D
9:03:34,PTBA,RG,2540,1,D,OD,DR,D
9:03:34,PTBA,RG,2540,3,D,KK,DR,D
9:03:34,PTBA,RG,2540,20,D,YP,DR,D
9:03:34,PTBA,RG,2540,1,D,YP,DR,D
9:03:34,PTBA,RG,2540,2,D,PD,DR,D
9:03:34,PTBA,RG,2540,1,D,CC,DR,D
9:03:34,PTBA,RG,2540,1,F,AK,DR,D
9:03:34,PTBA,RG,2540,10,D,CC,DR,D
9:03:34,PTBA,RG,2540,5,F,AK,DR,D
9:03:34,PTBA,RG,2540,57,D,CP,DR,D
9:03:28,PTBA,RG,2540,5,D,CP,NI,D
9:03:27,PTBA,RG,2540,49,D,CP,BK,F
9:03:25,PTBA,RG,2540,6,D,CP,CS,F
9:03:25,PTBA,RG,2540,200,D,CP,DR,D
9:03:23,PTBA,RG,2540,49,D,CP,BK,F
9:03:23,PTBA,RG,2540,6,D,CP,PD,D
9:03:21,PTBA,RG,2540,130,D,CP,BK,F
9:03:18,PTBA,RG,2540,1844,D,CP,AK,F
9:03:17,PTBA,RG,2540,820,D,CP,PD,D
9:03:17,PTBA,RG,2550,1,D,PD,YU,D
9:03:10,PTBA,RG,2550,1,D,XC,YU,D
9:03:06,PTBA,RG,2540,1,D,CP,XC,D
9:02:56,PTBA,RG,2540,1,D,CP,XC,D
9:02:30,PTBA,RG,2540,12,D,CP,SQ,D
9:01:56,PTBA,RG,2540,2,D,CP,CC,D
9:01:56,PTBA,RG,2540,17,D,CP,CS,F
9:01:56,PTBA,RG,2540,100,D,CP,DR,D
9:01:56,PTBA,RG,2540,20,D,CP,CC,D
9:01:56,PTBA,RG,2540,2,D,CP,CC,D
9:01:56,PTBA,RG,2540,219,D,CP,AK,F
9:01:56,PTBA,RG,2540,50,D,CP,KK,D
9:01:56,PTBA,RG,2540,12,D,CP,YP,D
9:01:56,PTBA,RG,2540,162,D,CP,NI,D
9:01:56,PTBA,RG,2540,29,D,CP,BK,F
9:01:56,PTBA,RG,2540,22,D,CP,BB,F
9:01:56,PTBA,RG,2540,185,D,CP,IF,D
9:01:54,PTBA,RG,2540,2,D,PD,IF,D
9:01:52,PTBA,RG,2530,4,D,EP,BB,F
9:01:47,PTBA,RG,2540,10,D,YP,IF,D
9:01:43,PTBA,RG,2530,6,D,EP,BB,F
9:01:43,PTBA,RG,2530,14,D,EP,EP,D
9:01:43,PTBA,RG,2530,5,D,GR,EP,D
9:01:43,PTBA,RG,2530,15,D,GR,EP,D
9:01:43,PTBA,RG,2530,9,D,PD,EP,D
9:01:30,PTBA,RG,2530,1,D,PD,BB,F
9:01:30,PTBA,RG,2530,1,D,PD,BB,F
9:01:30,PTBA,RG,2530,1,D,GR,BB,F
9:01:20,PTBA,RG,2530,4,D,GR,BB,F
9:01:20,PTBA,RG,2530,1,D,PD,BB,F
9:01:15,PTBA,RG,2530,4,D,PD,AK,F
9:01:15,PTBA,RG,2530,1,D,XC,AK,F
9:01:15,PTBA,RG,2530,4,D,PD,AK,F
9:01:15,PTBA,RG,2530,1,D,PD,AK,F
9:01:15,PTBA,RG,2530,2,D,XC,AK,F
9:01:15,PTBA,RG,2530,47,D,CP,AK,F
9:01:09,PTBA,RG,2530,10,D,CP,BB,F
9:01:09,PTBA,RG,2530,2,D,XC,BB,F
9:01:01,PTBA,RG,2540,3,D,NI,IF,D
9:01:01,PTBA,RG,2540,17,D,NI,BK,F
9:00:55,PTBA,RG,2540,69,D,PD,BK,F
9:00:55,PTBA,RG,2540,4,D,PD,CS,F
9:00:55,PTBA,RG,2540,6,D,PD,CS,F
9:00:55,PTBA,RG,2540,3,D,PD,BB,F
9:00:55,PTBA,RG,2540,18,D,PD,SQ,D
9:00:55,PTBA,RG,2540,4,D,DH,SQ,D
9:00:45,PTBA,RG,2540,3,D,XC,SQ,D
9:00:20,PTBA,RG,2540,3,D,XC,CS,F
9:00:19,PTBA,RG,2550,2,D,XC,YU,D
9:00:19,PTBA,RG,2540,2,D,XC,AK,F
9:00:19,PTBA,RG,2540,7,D,GR,AK,F
9:00:19,PTBA,RG,2540,1,D,PD,AK,F
9:00:19,PTBA,RG,2540,100,D,OD,AK,F
9:00:19,PTBA,RG,2540,1,D,LG,AK,F
9:00:19,PTBA,RG,2540,52,D,DH,AK,F
9:00:15,PTBA,RG,2550,1,D,GR,YU,D
9:00:13,PTBA,RG,2540,11,D,DH,AK,F
9:00:11,PTBA,RG,2550,1,D,AT,YU,D
9:00:11,PTBA,RG,2550,2,D,AT,DR,D
9:00:02,PTBA,RG,2550,47,D,ZP,DR,D
9:00:02,PTBA,RG,2550,40,D,ZP,CC,D
9:00:02,PTBA,RG,2550,13,D,ZP,CC,D
9:00:02,PTBA,RG,2540,36,D,DH,DR,D
9:00:02,PTBA,RG,2540,1,D,PD,DR,D
9:00:02,PTBA,RG,2540,1,D,PD,DR,D
9:00:02,PTBA,RG,2540,10,D,PD,DR,D
9:00:02,PTBA,RG,2540,10,D,PD,DR,D
9:00:02,PTBA,RG,2540,4,D,DR,DR,D
9:00:02,PTBA,RG,2540,2,D,DR,DR,D
9:00:02,PTBA,RG,2540,8,D,XC,DR,D
9:00:02,PTBA,RG,2540,1,D,XC,DR,D
9:00:02,PTBA,RG,2540,1,D,XC,DR,D
9:00:02,PTBA,RG,2540,1,D,XC,DR,D
9:00:01,PTBA,RG,2550,3,D,AI,CC,D
8:55:00,PTBA,RG,2550,19,D,DR,CC,D
8:55:00,PTBA,RG,2550,31,D,DR,YP,D
8:55:00,PTBA,RG,2550,5,D,GR,YP,D
8:55:00,PTBA,RG,2550,4,D,SQ,YP,D
8:55:00,PTBA,RG,2550,60,D,YP,YP,D
8:55:00,PTBA,RG,2550,5,D,YP,YP,D
8:55:00,PTBA,RG,2550,35,D,YP,CC,D
8:55:00,PTBA,RG,2550,10,D,YP,CC,D
8:55:00,PTBA,RG,2550,200,D,YP,CC,D
8:55:00,PTBA,RG,2550,2,D,YP,CC,D
8:55:00,PTBA,RG,2550,25,D,YP,CC,D
8:55:00,PTBA,RG,2550,2,D,YP,CC,D
8:55:00,PTBA,RG,2550,10,D,CC,CC,D
8:55:00,PTBA,RG,2550,5,D,CC,CC,D
8:55:00,PTBA,RG,2550,20,D,GR,CC,D
8:55:00,PTBA,RG,2550,1,D,XL,CC,D
8:55:00,PTBA,RG,2550,1,D,PD,CC,D
8:55:00,PTBA,RG,2550,2,D,PD,CC,D
8:55:00,PTBA,RG,2550,20,D,KK,CC,D
8:55:00,PTBA,RG,2550,37,D,TP,CC,D
8:55:00,PTBA,RG,2550,1,D,CC,CC,D
8:55:00,PTBA,RG,2550,8,D,XC,CC,D
8:55:00,PTBA,RG,2550,1,D,PD,CC,D
8:55:00,PTBA,RG,2550,1,D,PD,CC,D
8:55:00,PTBA,RG,2550,10,D,XL,CC,D
8:55:00,PTBA,RG,2550,16,D,PD,CC,D
8:55:00,PTBA,RG,2550,20,D,PD,CC,D
8:55:00,PTBA,RG,2550,20,D,XL,CC,D
8:55:00,PTBA,RG,2550,16,D,PD,CC,D
8:55:00,PTBA,RG,2550,1,D,XL,CC,D
8:55:00,PTBA,RG,2550,1,D,XL,CC,D
8:55:00,PTBA,RG,2550,5,D,XC,CC,D
8:55:00,PTBA,RG,2550,4,D,PD,CC,D
8:55:00,PTBA,RG,2550,1,D,XC,CC,D
8:55:00,PTBA,RG,2550,10,D,GR,CC,D
8:55:00,PTBA,RG,2550,10,D,GR,CC,D
8:55:00,PTBA,RG,2550,5,D,XC,CC,D
8:55:00,PTBA,RG,2550,7,D,XC,PD,D
8:55:00,PTBA,RG,2550,3,D,XC,PD,D
8:55:00,PTBA,RG,2550,4,D,XC,PD,D
8:55:00,PTBA,RG,2550,1,D,XC,PD,D
8:55:00,PTBA,RG,2550,5,D,DH,PD,D
8:55:00,PTBA,RG,2550,3,D,DH,PD,D
8:55:00,PTBA,RG,2550,2,D,DH,PD,D
8:55:00,PTBA,RG,2550,2,D,YP,PD,D
8:55:00,PTBA,RG,2550,1,D,YP,PD,D
8:55:00,PTBA,RG,2550,2,D,YP,XC,D
8:55:00,PTBA,RG,2550,300,D,YP,YU,D
8:55:00,PTBA,RG,2550,90,D,YP,DX,D
8:55:00,PTBA,RG,2550,2,D,CC,DX,D
8:55:00,PTBA,RG,2550,1,D,XC,DX,D
8:55:00,PTBA,RG,2550,7,D,PD,DX,D
8:55:00,PTBA,RG,2550,1,D,PD,XL,D
8:55:00,PTBA,RG,2550,4,D,PD,XC,D
8:55:00,PTBA,RG,2550,5,D,ZP,XC,D
8:55:00,PTBA,RG,2550,5,D,ZP,AK,F
8:55:00,PTBA,RG,2550,1,F,AK,AK,F