Time,Stock,Brd,Price,Qty,BT,BC,SC,ST
15:14:23,PTBA,RG,2550,22,D,PD,DH,D
15:14:23,PTBA,RG,2550,62,D,PD,LG,D
15:14:06,PTBA,RG,2550,38,D,YP,LG,D
15:14:06,PTBA,RG,2550,5,D,YP,HP,D
15:14:06,PTBA,RG,2550,1010,D,YP,KK,D
15:14:06,PTBA,RG,2550,3,D,YP,KK,D
15:14:06,PTBA,RG,2550,2,D,YP,DR,D
15:14:06,PTBA,RG,2550,50,D,YP,IF,D
15:14:06,PTBA,RG,2550,50,D,YP,MK,D
15:14:06,PTBA,RG,2550,400,D,YP,YP,D
15:14:06,PTBA,RG,2550,51,D,YP,YP,D
15:14:06,PTBA,RG,2550,2,D,YP,GR,D
15:14:06,PTBA,RG,2550,389,D,YP,GR,D
15:13:54,PTBA,RG,2550,2,D,YP,GR,D
15:13:52,PTBA,RG,2550,2,D,YP,GR,D
15:13:23,PTBA,RG,2550,41,D,AZ,GR,D
15:12:17,PTBA,RG,2550,400,D,YU,GR,D
15:12:05,PTBA,RG,2550,3,D,YP,GR,D
15:11:29,PTBA,RG,2550,10,D,KK,GR,D
15:10:49,PTBA,RG,2550,1,D,YP,GR,D
15:10:46,PTBA,RG,2550,1,D,KK,GR,D
15:09:40,PTBA,RG,2550,1,D,PD,GR,D
15:09:07,PTBA,RG,2550,2,D,XC,GR,D
15:07:13,PTBA,RG,2550,648,D,CP,GR,D
15:07:13,PTBA,RG,2550,352,D,CP,YJ,D
15:06:37,PTBA,RG,2550,15,D,CC,YJ,D
15:06:22,PTBA,RG,2550,3,D,PD,YJ,D
15:05:59,PTBA,RG,2550,1,D,YP,YJ,D
15:05:19,PTBA,RG,2550,20,D,CC,YJ,D
15:05:09,PTBA,RG,2550,1,D,NI,YJ,D
15:05:02,PTBA,RG,2550,2,D,YP,YJ,D
15:05:02,PTBA,RG,2550,30,D,YP,YJ,D
15:05:02,PTBA,RG,2550,174,D,PD,YJ,D
15:05:01,PTBA,RG,2550,10,D,YP,YJ,D
15:05:00,PTBA,RG,2550,28,D,EP,YJ,D
15:05:00,PTBA,RG,2550,20,D,XA,YJ,D
15:05:00,PTBA,RG,2550,200,D,XA,YJ,D
15:00:00,PTBA,RG,2550,100,D,DR,YJ,D
15:00:00,PTBA,RG,2550,8,D,DR,YJ,D
15:00:00,PTBA,RG,2550,1536,D,CC,YJ,D
15:00:00,PTBA,RG,2550,1,D,CC,PD,D
15:00:00,PTBA,RG,2550,5,D,CC,PD,D
15:00:00,PTBA,RG,2550,1,D,CC,XC,D
15:00:00,PTBA,RG,2550,1,D,CC,DR,D
15:00:00,PTBA,RG,2550,100,D,CC,YP,D
15:00:00,PTBA,RG,2550,56,D,CC,OD,D
15:00:00,PTBA,RG,2550,44,D,YP,OD,D
15:00:00,PTBA,RG,2550,10,D,YP,DH,D
15:00:00,PTBA,RG,2550,200,D,YP,NI,D
15:00:00,PTBA,RG,2550,1,D,YP,PD,D
15:00:00,PTBA,RG,2550,3,D,YP,NI,D
15:00:00,PTBA,RG,2550,200,D,YP,YP,D
15:00:00,PTBA,RG,2550,100,D,YP,PD,D
15:00:00,PTBA,RG,2550,25,D,YP,AI,D
15:00:00,PTBA,RG,2550,203,D,YP,BK,F
15:00:00,PTBA,RG,2550,1000,D,YP,MG,D
15:00:00,PTBA,RG,2550,5,D,YP,DR,D
15:00:00,PTBA,RG,2550,1,D,YP,DR,D
15:00:00,PTBA,RG,2550,11,D,YP,XC,D
15:00:00,PTBA,RG,2550,400,D,YP,GR,D
15:00:00,PTBA,RG,2550,797,D,YP,DR,D
15:00:00,PTBA,RG,2550,1,D,NI,DR,D
15:00:00,PTBA,RG,2550,5,D,YP,DR,D
15:00:00,PTBA,RG,2550,1,D,OD,DR,D
15:00:00,PTBA,RG,2550,4,D,DH,DR,D
15:00:00,PTBA,RG,2550,170,D,YP,DR,D
15:00:00,PTBA,RG,2550,60,D,YP,DR,D
15:00:00,PTBA,RG,2550,748,F,ZP,DR,D
15:00:00,PTBA,RG,2550,327,F,AK,DR,D
15:00:00,PTBA,RG,2550,887,F,ZP,DR,D
15:00:00,PTBA,RG,2550,2620,F,ZP,DR,D
15:00:00,PTBA,RG,2550,400,F,ZP,DR,D
15:00:00,PTBA,RG,2550,10,F,ZP,CC,D
15:00:00,PTBA,RG,2550,2,F,ZP,XC,D
15:00:00,PTBA,RG,2550,3,F,ZP,CP,D
15:00:00,PTBA,RG,2550,30,F,ZP,YP,D
15:00:00,PTBA,RG,2550,500,F,ZP,DR,D
15:00:00,PTBA,RG,2550,754,F,ZP,CP,D
15:00:00,PTBA,RG,2550,246,F,ZP,CP,D
15:00:00,PTBA,RG,2550,5,F,ZP,CP,D
15:00:00,PTBA,RG,2550,5,F,ZP,IF,D
15:00:00,PTBA,RG,2550,500,F,ZP,DR,D
15:00:00,PTBA,RG,2550,31,F,ZP,YP,D
15:00:00,PTBA,RG,2550,20,F,ZP,PD,D
15:00:00,PTBA,RG,2550,4,F,ZP,NI,D
15:00:00,PTBA,RG,2550,5,F,ZP,NI,D
15:00:00,PTBA,RG,2550,1,F,ZP,XC,D
15:00:00,PTBA,RG,2550,35,F,ZP,EP,D
15:00:00,PTBA,RG,2550,10,F,ZP,NI,D
15:00:00,PTBA,RG,2550,40,F,ZP,YP,D
15:00:00,PTBA,RG,2550,474,F,ZP,BK,F
15:00:00,PTBA,RG,2550,9,F,ZP,GR,D
15:00:00,PTBA,RG,2550,2,F,ZP,YP,D
15:00:00,PTBA,RG,2550,10,F,ZP,CC,D
15:00:00,PTBA,RG,2550,200,F,ZP,DR,D
15:00:00,PTBA,RG,2550,5,F,ZP,SQ,D
15:00:00,PTBA,RG,2550,50,F,ZP,YP,D
15:00:00,PTBA,RG,2550,107,F,ZP,KK,D
15:00:00,PTBA,RG,2550,3,F,ZP,LG,D
15:00:00,PTBA,RG,2550,15,F,ZP,CC,D
15:00:00,PTBA,RG,2550,39,F,ZP,CC,D
15:00:00,PTBA,RG,2550,18,F,BK,CC,D
15:00:00,PTBA,RG,2550,2,F,AK,CC,D
15:00:00,PTBA,RG,2550,1,F,AK,CC,D
15:00:00,PTBA,RG,2550,1,F,AK,CC,D
15:00:00,PTBA,RG,2550,4,D,CC,CC,D
15:00:00,PTBA,RG,2550,1,D,CC,CC,D
15:00:00,PTBA,RG,2550,5,D,CC,CC,D
15:00:00,PTBA,RG,2550,50,D,CC,KK,D
15:00:00,PTBA,RG,2550,30,D,CC,PD,D
15:00:00,PTBA,RG,2550,8,D,CC,PD,D
15:00:00,PTBA,RG,2550,10,D,CC,TF,D
15:00:00,PTBA,RG,2550,1,D,CC,DR,D
15:00:00,PTBA,RG,2550,75,D,CC,KK,D
15:00:00,PTBA,RG,2550,30,D,CC,SQ,D
15:00:00,PTBA,RG,2550,1000,D,CC,EP,D
15:00:00,PTBA,RG,2550,100,D,CC,AG,D
15:00:00,PTBA,RG,2550,8,D,CC,YP,D
15:00:00,PTBA,RG,2550,10,D,CC,YP,D
15:00:00,PTBA,RG,2550,37,D,CC,YP,D
15:00:00,PTBA,RG,2550,40,D,CC,DR,D
15:00:00,PTBA,RG,2550,70,D,CC,PD,D
15:00:00,PTBA,RG,2550,8,D,CC,YU,D
15:00:00,PTBA,RG,2550,7,D,CC,GR,D
15:00:00,PTBA,RG,2550,1,D,CC,BK,F
15:00:00,PTBA,RG,2550,69,D,CC,ZP,F
15:00:00,PTBA,RG,2550,37,D,CC,CS,F
15:00:00,PTBA,RG,2550,144,D,CC,CS,F
15:00:00,PTBA,RG,2550,18,D,CC,CS,F
15:00:00,PTBA,RG,2550,288,D,CC,AK,F
15:00:00,PTBA,RG,2550,235,D,CC,AK,F
15:00:00,PTBA,RG,2550,145,D,CC,DP,D
14:49:57,PTBA,RG,2530,6,D,CC,AK,F
14:49:57,PTBA,RG,2530,4,D,CC,AK,F
14:49:57,PTBA,RG,2530,2,D,CC,AK,F
14:49:57,PTBA,RG,2530,2,D,CC,AK,F
14:49:56,PTBA,RG,2530,4,D,CC,EP,D
14:49:49,PTBA,RG,2540,100,D,CC,BK,F
14:49:47,PTBA,RG,2530,1,D,CC,CS,F
14:49:46,PTBA,RG,2540,20,D,PD,BK,F
14:49:38,PTBA,RG,2540,150,D,EP,BK,F
14:49:38,PTBA,RG,2530,43,D,CC,PD,D
14:49:37,PTBA,RG,2530,9,D,CC,CS,F
14:49:37,PTBA,RG,2530,5,D,PD,CS,F
14:49:37,PTBA,RG,2530,1,D,CC,CS,F
14:49:37,PTBA,RG,2530,1,D,CC,CS,F
14:49:37,PTBA,RG,2530,1,D,YP,CS,F
14:49:37,PTBA,RG,2530,1,D,YP,CS,F
14:49:33,PTBA,RG,2530,2,D,YP,YP,D
14:49:33,PTBA,RG,2530,1,D,YP,YP,D
14:49:33,PTBA,RG,2530,97,D,CP,YP,D
14:49:30,PTBA,RG,2530,3,D,CP,AK,F
14:49:30,PTBA,RG,2530,10,D,YP,AK,F
14:49:30,PTBA,RG,2530,5,D,CC,AK,F
14:49:30,PTBA,RG,2530,4,D,PD,AK,F
14:49:30,PTBA,RG,2530,5,D,YP,AK,F
14:49:30,PTBA,RG,2530,25,D,CC,AK,F
14:49:30,PTBA,RG,2530,11,D,CC,AK,F
14:49:24,PTBA,RG,2530,24,D,CC,NI,D
14:49:24,PTBA,RG,2530,1,D,YP,NI,D
14:49:24,PTBA,RG,2530,50,D,IP,NI,D
14:49:24,PTBA,RG,2530,1,D,PD,NI,D
14:49:06,PTBA,RG,2530,5,D,CC,CS,F
14:49:06,PTBA,RG,2530,1,D,YP,CS,F
14:49:05,PTBA,RG,2530,19,D,YP,CS,F
14:49:05,PTBA,RG,2530,1,D,PD,CS,F
14:49:05,PTBA,RG,2530,1,D,CC,CS,F
14:49:05,PTBA,RG,2530,1,D,AG,CS,F
14:49:05,PTBA,RG,2530,10,D,CC,CS,F
14:49:04,PTBA,RG,2540,100,D,EP,BK,F
14:48:53,PTBA,RG,2540,45,F,ZP,BK,F
14:48:53,PTBA,RG,2540,79,F,ZP,AK,F
14:48:53,PTBA,RG,2540,15,F,ZP,CC,F
14:48:53,PTBA,RG,2540,481,F,ZP,CS,F
14:48:53,PTBA,RG,2540,1,F,ZP,BK,F
14:48:53,PTBA,RG,2540,1,F,ZP,CS,F
14:48:53,PTBA,RG,2540,2,F,ZP,CS,F
14:48:53,PTBA,RG,2540,402,F,ZP,CS,F
14:48:53,PTBA,RG,2540,497,F,ZP,CS,F
14:48:52,PTBA,RG,2530,29,D,CC,ZP,F
14:48:46,PTBA,RG,2530,2,D,CC,CS,F
14:48:46,PTBA,RG,2530,2,D,CC,CS,F
14:48:45,PTBA,RG,2540,131,F,AK,CS,F
14:48:45,PTBA,RG,2530,5,D,CC,ZP,F
14:48:45,PTBA,RG,2540,1,F,AK,CS,F
14:48:44,PTBA,RG,2530,2,D,CC,AK,F
14:48:44,PTBA,RG,2530,5,D,DH,AK,F
14:48:44,PTBA,RG,2530,5,D,SQ,AK,F
14:48:44,PTBA,RG,2530,1,D,LG,AK,F
14:48:44,PTBA,RG,2530,5,F,NI,AK,F
14:48:43,PTBA,RG,2540,404,F,ZP,CS,F
14:48:41,PTBA,RG,2530,5,F,NI,XC,D
14:48:41,PTBA,RG,2530,15,D,HP,XC,D
14:48:32,PTBA,RG,2530,7,D,HP,CS,F
14:48:32,PTBA,RG,2530,18,D,HP,CS,F
14:48:30,PTBA,RG,2530,32,D,HP,AK,F
14:48:29,PTBA,RG,2530,4,D,HP,ZP,F
14:48:27,PTBA,RG,2540,462,F,ZP,CS,F
14:48:25,PTBA,RG,2540,5,D,YP,CS,F
14:48:16,PTBA,RG,2540,1000,D,GR,CS,F
14:48:15,PTBA,RG,2540,500,D,EP,CS,F
14:48:12,PTBA,RG,2530,4,D,HP,ZP,F
14:48:10,PTBA,RG,2540,4,D,DH,CS,F
14:48:10,PTBA,RG,2540,5,D,PD,CS,F
14:48:09,PTBA,RG,2540,85,F,ZP,CS,F
14:48:08,PTBA,RG,2540,266,F,ZP,CS,F
14:47:53,PTBA,RG,2530,4,D,HP,ZP,F
14:47:51,PTBA,RG,2540,10,D,XL,CS,F
14:47:48,PTBA,RG,2540,422,F,ZP,CS,F
14:47:45,PTBA,RG,2530,6,D,HP,CS,F
14:47:45,PTBA,RG,2530,1,D,HP,CS,F
14:47:45,PTBA,RG,2530,5,D,HP,CS,F
14:47:41,PTBA,RG,2530,5,D,HP,CS,F
14:47:41,PTBA,RG,2530,4,D,HP,CS,F
14:47:41,PTBA,RG,2530,20,D,HP,CS,F
14:47:40,PTBA,RG,2540,60,F,AK,CS,F
14:47:38,PTBA,RG,2530,5,D,HP,ZP,F
14:47:37,PTBA,RG,2530,1,D,HP,ZP,F
14:47:33,PTBA,RG,2540,48,F,ZP,CS,F
14:47:32,PTBA,RG,2540,422,F,ZP,CS,F
14:47:19,PTBA,RG,2530,5,D,HP,PD,D
14:47:17,PTBA,RG,2530,1,D,HP,ZP,F
14:47:16,PTBA,RG,2530,3,D,HP,ZP,F
14:47:13,PTBA,RG,2540,400,F,ZP,CS,F
14:47:04,PTBA,RG,2530,4,D,HP,CS,F
14:47:04,PTBA,RG,2530,1,D,HP,CS,F
14:47:04,PTBA,RG,2530,2,D,HP,CS,F
14:47:02,PTBA,RG,2540,1,D,CC,CS,F
14:47:01,PTBA,RG,2530,1,D,HP,ZP,F
14:47:00,PTBA,RG,2530,4,D,HP,ZP,F
14:46:57,PTBA,RG,2540,109,F,ZP,CS,F
14:46:56,PTBA,RG,2540,316,F,ZP,CS,F
14:46:51,PTBA,RG,2540,25,D,IU,CS,F
14:46:43,PTBA,RG,2530,2,D,HP,ZP,F
14:46:42,PTBA,RG,2530,2,D,HP,ZP,F
14:46:41,PTBA,RG,2540,265,F,AK,CS,F
14:46:37,PTBA,RG,2540,353,F,ZP,CS,F
14:46:28,PTBA,RG,2540,10,D,YP,CS,F
14:46:28,PTBA,RG,2530,5,D,HP,ZP,F
14:46:27,PTBA,RG,2530,1,D,HP,ZP,F
14:46:22,PTBA,RG,2540,463,F,ZP,CS,F
14:46:21,PTBA,RG,2530,10,D,HP,KK,D
14:46:08,PTBA,RG,2530,2,D,HP,ZP,F
14:46:07,PTBA,RG,2530,3,D,HP,ZP,F
14:46:03,PTBA,RG,2540,380,F,ZP,CS,F
14:45:47,PTBA,RG,2530,4,D,HP,ZP,F
14:45:43,PTBA,RG,2540,381,F,ZP,CS,F
14:45:43,PTBA,RG,2530,2,D,HP,EP,D
14:45:39,PTBA,RG,2540,5,D,YP,CS,F
14:45:30,PTBA,RG,2530,17,D,HP,AK,F
14:45:30,PTBA,RG,2530,1,D,XC,AK,F
14:45:30,PTBA,RG,2530,1,D,PD,AK,F
14:45:30,PTBA,RG,2530,3,D,DX,AK,F
14:45:30,PTBA,RG,2530,100,D,HP,AK,F
14:45:30,PTBA,RG,2530,4,D,YP,AK,F
14:45:30,PTBA,RG,2530,100,D,KK,AK,F
14:45:30,PTBA,RG,2530,2,D,KK,AK,F
14:45:30,PTBA,RG,2530,1,D,PD,AK,F
14:45:30,PTBA,RG,2530,30,D,CC,AK,F
14:45:30,PTBA,RG,2530,3,D,PD,AK,F
14:45:30,PTBA,RG,2530,1,D,KK,AK,F
14:45:30,PTBA,RG,2530,1,D,YB,AK,F
14:45:30,PTBA,RG,2530,1,D,XC,AK,F
14:45:30,PTBA,RG,2530,3,D,XC,AK,F
14:45:30,PTBA,RG,2530,1,D,SQ,AK,F
14:45:30,PTBA,RG,2530,53,D,YP,AK,F
14:45:28,PTBA,RG,2540,289,F,ZP,CS,F
14:45:27,PTBA,RG,2530,5,D,YP,ZP,F
14:45:09,PTBA,RG,2530,20,D,YP,XL,D
14:45:08,PTBA,RG,2540,204,F,ZP,CS,F
14:45:07,PTBA,RG,2530,4,D,YP,ZP,F
14:44:47,PTBA,RG,2530,4,D,YP,ZP,F
14:44:27,PTBA,RG,2530,4,D,YP,ZP,F
14:44:15,PTBA,RG,2530,93,D,YP,AK,F
14:44:14,PTBA,RG,2530,1,D,YP,XC,D
14:44:11,PTBA,RG,2530,5,D,YP,PD,D
14:44:07,PTBA,RG,2530,4,D,YP,ZP,F
14:43:58,PTBA,RG,2540,50,D,KK,CS,F
14:43:54,PTBA,RG,2540,16,D,YP,CS,F
14:43:51,PTBA,RG,2530,2,D,YP,KK,D
14:43:42,PTBA,RG,2530,4,D,YP,ZP,F
14:43:16,PTBA,RG,2530,1,D,YP,ZP,F
14:43:16,PTBA,RG,2530,1,D,XC,ZP,F
14:43:16,PTBA,RG,2530,1,D,XL,ZP,F
14:43:16,PTBA,RG,2530,1,D,PD,ZP,F
14:43:02,PTBA,RG,2530,15,D,PD,KK,D
14:42:51,PTBA,RG,2530,4,D,PD,ZP,F
14:42:12,PTBA,RG,2540,5,D,CC,CS,F
14:42:05,PTBA,RG,2540,265,F,ZP,CS,F
14:42:05,PTBA,RG,2540,76,F,AK,CS,F
14:42:05,PTBA,RG,2540,1,F,AK,CS,F
14:42:05,PTBA,RG,2540,310,F,CS,CS,F
14:42:05,PTBA,RG,2540,75,D,CC,CS,F
14:42:05,PTBA,RG,2540,6,D,PD,CS,F
14:42:05,PTBA,RG,2540,2,D,XC,CS,F
14:42:05,PTBA,RG,2540,1000,D,PD,CS,F
14:42:05,PTBA,RG,2540,2,D,SQ,CS,F
14:42:05,PTBA,RG,2540,199,D,YP,CS,F
14:42:05,PTBA,RG,2540,3,D,XC,CS,F
14:42:05,PTBA,RG,2540,200,D,NI,CS,F
14:42:05,PTBA,RG,2540,200,D,PD,CS,F
14:42:05,PTBA,RG,2540,1,D,XC,CS,F
14:42:05,PTBA,RG,2540,20,D,SQ,CS,F
14:42:05,PTBA,RG,2540,8,D,NI,CS,F
14:42:05,PTBA,RG,2540,1,D,DR,CS,F
14:42:05,PTBA,RG,2540,347,F,ZP,CS,F
14:42:05,PTBA,RG,2540,3,D,PD,CS,F
14:42:05,PTBA,RG,2540,3,D,DR,CS,F
14:42:05,PTBA,RG,2540,281,F,CS,CS,F
14:42:05,PTBA,RG,2540,357,F,ZP,CS,F
14:42:05,PTBA,RG,2540,5,D,BQ,CS,F
14:42:05,PTBA,RG,2540,1,D,YP,CS,F
14:42:05,PTBA,RG,2540,2,D,NI,CS,F
14:42:05,PTBA,RG,2540,346,F,ZP,CS,F
14:42:05,PTBA,RG,2540,1331,F,ZP,CS,F
14:42:05,PTBA,RG,2540,1,D,XC,CS,F
14:42:05,PTBA,RG,2540,1,D,XC,CS,F
14:42:05,PTBA,RG,2540,2,D,XC,CS,F
14:42:05,PTBA,RG,2540,2,D,XC,CS,F
14:42:05,PTBA,RG,2540,1,D,YU,CS,F
14:42:05,PTBA,RG,2540,1,D,DR,CS,F
14:42:05,PTBA,RG,2540,3,D,NI,CS,F
14:42:05,PTBA,RG,2540,1,D,LG,CS,F
14:42:05,PTBA,RG,2540,1,D,XC,CS,F
14:42:05,PTBA,RG,2540,10,D,XC,CS,F
14:42:05,PTBA,RG,2540,5,D,DH,CS,F
14:42:05,PTBA,RG,2540,1,D,KK,CS,F
14:42:05,PTBA,RG,2540,13,D,ZP,CS,F
14:42:05,PTBA,RG,2540,1960,D,YU,CS,F
14:42:05,PTBA,RG,2540,70,D,CC,CS,F
14:42:05,PTBA,RG,2540,4,D,YP,CS,F
14:42:05,PTBA,RG,2540,1,D,PD,CS,F
14:42:05,PTBA,RG,2540,1,D,OD,CS,F
14:42:05,PTBA,RG,2540,4,D,XC,CS,F
14:42:05,PTBA,RG,2540,50,D,YP,CS,F
14:42:05,PTBA,RG,2540,5,D,NI,CS,F
14:42:05,PTBA,RG,2540,5,D,YP,CS,F
14:42:05,PTBA,RG,2540,2,D,PD,CS,F
14:42:05,PTBA,RG,2540,10,D,PD,CS,F
14:42:05,PTBA,RG,2540,12,D,PD,CS,F
14:42:05,PTBA,RG,2540,197,D,EP,CS,F
14:42:05,PTBA,RG,2540,4,D,XC,CS,F
14:42:05,PTBA,RG,2540,2000,D,SQ,CS,F
14:42:05,PTBA,RG,2540,1,D,YP,CS,F
14:42:05,PTBA,RG,2540,5,D,YP,CS,F
14:42:05,PTBA,RG,2540,40,D,YB,CS,F
14:42:05,PTBA,RG,2540,1,D,XC,CS,F
14:42:05,PTBA,RG,2540,1,D,XC,CS,F
14:42:05,PTBA,RG,2540,1,D,YP,CS,F
14:42:05,PTBA,RG,2540,10,D,YP,CS,F
14:42:05,PTBA,RG,2540,1,D,XC,CS,F
14:42:05,PTBA,RG,2540,5,D,PD,CS,F
14:42:05,PTBA,RG,2540,1,F,AK,CS,F
14:42:05,PTBA,RG,2540,12,D,XC,CS,F
14:42:05,PTBA,RG,2540,60,D,YP,CS,F
14:42:05,PTBA,RG,2540,3,D,SQ,CS,F
14:42:05,PTBA,RG,2540,1,D,PD,CS,F
14:42:05,PTBA,RG,2540,30,D,KK,CS,F
14:42:05,PTBA,RG,2540,1,D,YP,CS,F
14:42:05,PTBA,RG,2540,5,D,CC,CS,F
14:42:05,PTBA,RG,2540,1,D,CC,CS,F
14:42:05,PTBA,RG,2540,10,D,CP,CS,F
14:42:05,PTBA,RG,2540,9,D,NI,CS,F
14:42:05,PTBA,RG,2540,100,D,CC,CS,F
14:42:05,PTBA,RG,2540,1,D,GR,CS,F
14:42:05,PTBA,RG,2540,1,F,AK,CS,F
14:42:05,PTBA,RG,2540,3,D,AT,CS,F
14:42:05,PTBA,RG,2540,100,D,CC,CS,F
14:42:05,PTBA,RG,2540,1,D,DH,CS,F
14:42:05,PTBA,RG,2540,1,D,CC,CS,F
14:42:05,PTBA,RG,2540,1,F,AK,CS,F
14:42:05,PTBA,RG,2540,60,D,AZ,CS,F
14:42:05,PTBA,RG,2540,2,D,PD,CS,F
14:42:05,PTBA,RG,2540,2,D,PD,CS,F
14:42:05,PTBA,RG,2540,6,D,XL,CS,F
14:42:05,PTBA,RG,2540,1,D,DR,CS,F
14:42:05,PTBA,RG,2540,1,D,PD,CS,F
14:42:05,PTBA,RG,2540,2,D,DR,CS,F
14:42:05,PTBA,RG,2540,1,D,YP,CS,F
14:42:05,PTBA,RG,2540,196,F,AK,CS,F
14:42:05,PTBA,RG,2540,10,D,NI,CS,F
14:42:05,PTBA,RG,2540,5,D,CC,CS,F
14:42:05,PTBA,RG,2540,10,D,YP,CS,F
14:42:05,PTBA,RG,2540,79,D,XL,CS,F
14:42:05,PTBA,RG,2540,100,D,XA,CS,F
14:42:05,PTBA,RG,2540,10,D,YP,CS,F
14:42:05,PTBA,RG,2540,10,D,PD,CS,F
14:42:05,PTBA,RG,2540,1,D,PD,CS,F
14:42:05,PTBA,RG,2540,1,D,PD,CS,F
14:42:05,PTBA,RG,2540,5,D,XC,CS,F
14:42:05,PTBA,RG,2540,2,D,PD,CS,F
14:42:05,PTBA,RG,2540,7,D,KK,CS,F
14:42:05,PTBA,RG,2540,10,D,CC,CS,F
14:42:05,PTBA,RG,2540,2,D,PD,CS,F
14:42:05,PTBA,RG,2540,10,D,DH,CS,F
14:42:05,PTBA,RG,2540,30,D,CC,CS,F
14:42:05,PTBA,RG,2540,5,D,TF,CS,F
14:42:05,PTBA,RG,2540,9,D,CC,CS,F
14:42:05,PTBA,RG,2540,50,D,YB,CS,F
14:42:05,PTBA,RG,2540,5,D,GR,CS,F
14:42:05,PTBA,RG,2540,2,D,NI,CS,F
14:42:05,PTBA,RG,2540,20,D,YP,CS,F
14:42:05,PTBA,RG,2540,1,D,PD,CS,F
14:42:05,PTBA,RG,2540,1,D,CC,CS,F
14:42:05,PTBA,RG,2540,1,D,PD,CS,F
14:42:05,PTBA,RG,2540,2,D,XL,CS,F
14:42:05,PTBA,RG,2540,1,D,PD,CS,F
14:42:05,PTBA,RG,2540,5,D,KK,CS,F
14:42:05,PTBA,RG,2540,4,D,XC,CS,F
14:42:05,PTBA,RG,2540,1,D,YP,CS,F
14:42:05,PTBA,RG,2540,10,D,NI,CS,F
14:42:05,PTBA,RG,2540,10,D,SQ,CS,F
14:42:05,PTBA,RG,2540,1,D,AG,CS,F
14:42:05,PTBA,RG,2540,10,D,XC,CS,F
14:42:05,PTBA,RG,2540,2,D,PD,CS,F
14:42:05,PTBA,RG,2540,1,D,XC,CS,F
14:42:05,PTBA,RG,2540,30,D,NI,CS,F
14:42:05,PTBA,RG,2540,30,D,PD,CS,F
14:42:05,PTBA,RG,2540,10,D,CC,CS,F
14:42:05,PTBA,RG,2540,5,D,PD,CS,F
14:42:05,PTBA,RG,2540,1,D,YP,CS,F
14:42:05,PTBA,RG,2540,50,D,YP,CS,F
14:42:05,PTBA,RG,2540,1,D,YP,CS,F
14:42:05,PTBA,RG,2540,4,D,YP,CS,F
14:42:05,PTBA,RG,2540,50,D,YP,CS,F
14:42:05,PTBA,RG,2540,6,D,CC,CS,F
14:42:05,PTBA,RG,2540,10,D,CC,CS,F
14:42:05,PTBA,RG,2540,5,D,PD,CS,F
14:42:05,PTBA,RG,2540,1,D,XC,CS,F
14:42:05,PTBA,RG,2540,1,D,XC,CS,F
14:42:05,PTBA,RG,2540,10,D,CC,CS,F
14:42:05,PTBA,RG,2540,1,D,XC,CS,F
14:42:05,PTBA,RG,2540,10,D,PD,CS,F
14:42:05,PTBA,RG,2540,4,D,XC,CS,F
14:42:05,PTBA,RG,2540,1,D,XC,CS,F
14:42:05,PTBA,RG,2540,2,D,PD,CS,F
14:42:05,PTBA,RG,2540,10,D,OD,CS,F
14:42:05,PTBA,RG,2540,4,D,PD,CS,F
14:42:05,PTBA,RG,2540,10,D,DR,CS,F
14:42:05,PTBA,RG,2540,5,D,PD,CS,F
14:42:05,PTBA,RG,2540,40,D,CC,CS,F
14:42:05,PTBA,RG,2540,10,D,CC,CS,F
14:42:05,PTBA,RG,2540,3,D,PD,CS,F
14:42:05,PTBA,RG,2540,6,D,XC,CS,F
14:42:05,PTBA,RG,2540,20,D,PD,CS,F
14:42:05,PTBA,RG,2540,10,D,XC,CS,F
14:42:05,PTBA,RG,2540,40,D,CC,CS,F
14:42:05,PTBA,RG,2540,1,D,XC,CS,F
14:42:05,PTBA,RG,2540,3,D,XC,CS,F
14:42:05,PTBA,RG,2540,1,D,DR,CS,F
14:42:05,PTBA,RG,2540,300,D,PD,CS,F
14:42:05,PTBA,RG,2540,1,D,XC,CS,F
14:42:05,PTBA,RG,2540,1,D,PD,CS,F
14:42:05,PTBA,RG,2540,5,D,PD,CS,F
14:42:05,PTBA,RG,2540,1,D,XL,CS,F
14:42:05,PTBA,RG,2540,3,D,PD,CS,F
14:42:05,PTBA,RG,2540,1,D,PD,CS,F
14:42:05,PTBA,RG,2540,2,D,PD,CS,F
14:42:05,PTBA,RG,2540,676,F,CS,CS,F
14:42:05,PTBA,RG,2540,1,D,GR,CS,F
14:42:05,PTBA,RG,2540,2,D,OD,CS,F
14:42:05,PTBA,RG,2540,3,D,PD,CS,F
14:42:05,PTBA,RG,2540,1,D,PD,CS,F
14:42:05,PTBA,RG,2540,20,D,PD,CS,F
14:42:05,PTBA,RG,2540,5,D,PD,CS,F
14:42:05,PTBA,RG,2540,5,D,GR,CS,F
14:42:05,PTBA,RG,2540,2,D,AZ,CS,F
14:42:05,PTBA,RG,2540,468,D,TP,CS,F
14:42:05,PTBA,RG,2540,1,D,DX,CS,F
14:42:05,PTBA,RG,2540,10,D,CC,CS,F
14:42:05,PTBA,RG,2540,50,D,DH,CS,F
14:42:05,PTBA,RG,2540,1,D,DH,CS,F
14:42:05,PTBA,RG,2540,2,D,PD,CS,F
14:42:05,PTBA,RG,2540,1,D,AZ,CS,F
14:42:05,PTBA,RG,2540,1,D,OD,CS,F
14:42:05,PTBA,RG,2540,6,D,XC,CS,F
14:42:05,PTBA,RG,2540,20,D,CC,CS,F
14:42:05,PTBA,RG,2540,50,D,PD,CS,F
14:42:05,PTBA,RG,2540,4,D,XC,CS,F
14:42:05,PTBA,RG,2540,5,D,YP,CS,F
14:42:05,PTBA,RG,2540,7,D,CC,CS,F
14:42:05,PTBA,RG,2540,3,D,XC,CS,F
14:42:05,PTBA,RG,2540,1,D,PD,CS,F
14:42:05,PTBA,RG,2540,2,D,XL,CS,F
14:42:05,PTBA,RG,2540,80,D,YP,CS,F
14:42:05,PTBA,RG,2540,5,D,PD,CS,F
14:42:05,PTBA,RG,2540,30,D,CC,CS,F
14:42:05,PTBA,RG,2540,5,D,PD,CS,F
14:42:05,PTBA,RG,2540,2,D,CC,CS,F
14:42:05,PTBA,RG,2540,10,D,TF,CS,F
14:42:05,PTBA,RG,2540,1,D,PD,CS,F
14:42:05,PTBA,RG,2540,1,D,PD,CS,F
14:42:05,PTBA,RG,2540,1,D,PD,CS,F
14:42:05,PTBA,RG,2540,10,D,CC,CS,F
14:42:05,PTBA,RG,2540,100,D,YU,CS,F
14:42:05,PTBA,RG,2540,10,D,PD,CS,F
14:42:05,PTBA,RG,2540,1,D,NI,CS,F
14:42:05,PTBA,RG,2540,1,D,SQ,CS,F
14:42:05,PTBA,RG,2540,1,D,XL,CS,F
14:42:05,PTBA,RG,2540,10,D,XC,CS,F
14:42:05,PTBA,RG,2540,1,D,CC,CS,F
14:42:05,PTBA,RG,2540,5,D,PD,CS,F
14:42:05,PTBA,RG,2540,19,D,KK,CS,F
14:42:05,PTBA,RG,2540,2,D,XC,CS,F
14:42:05,PTBA,RG,2540,17,D,AZ,CS,F
14:42:03,PTBA,RG,2550,33,D,DH,BK,F
14:41:53,PTBA,RG,2550,243,F,ZP,BK,F
14:41:33,PTBA,RG,2550,244,F,ZP,BK,F
14:41:13,PTBA,RG,2550,258,F,ZP,BK,F
14:41:07,PTBA,RG,2540,1,D,AZ,XC,D
14:41:03,PTBA,RG,2540,6,D,AZ,CC,D
14:41:03,PTBA,RG,2540,21,D,SQ,CC,D
14:41:02,PTBA,RG,2550,2,D,YU,BK,F
14:41:02,PTBA,RG,2550,25,D,PD,BK,F
14:41:00,PTBA,RG,2550,100,D,CC,BK,F
14:40:54,PTBA,RG,2550,252,F,ZP,BK,F
14:40:54,PTBA,RG,2550,100,D,IF,BK,F
14:40:52,PTBA,RG,2540,17,D,SQ,DR,D
14:40:52,PTBA,RG,2540,10,D,PD,DR,D
14:40:52,PTBA,RG,2540,30,D,PD,DR,D
14:40:52,PTBA,RG,2540,4,D,XC,DR,D
14:40:52,PTBA,RG,2540,10,D,PD,DR,D
14:40:52,PTBA,RG,2540,29,D,CC,DR,D
14:40:46,PTBA,RG,2550,30,D,CC,BK,F
14:40:38,PTBA,RG,2550,261,F,ZP,BK,F
14:40:25,PTBA,RG,2540,200,D,CC,DR,D
14:40:22,PTBA,RG,2550,159,F,ZP,BK,F
14:40:22,PTBA,RG,2550,7,F,ZP,CC,F
14:40:22,PTBA,RG,2550,58,F,ZP,CS,F
14:40:21,PTBA,RG,2540,10,D,CC,EP,D
14:40:16,PTBA,RG,2540,8,D,CC,DH,D
14:40:07,PTBA,RG,2550,8,D,NI,CS,F
14:40:05,PTBA,RG,2550,94,F,ZP,CS,F
14:40:05,PTBA,RG,2550,6,F,ZP,ZP,F
14:40:05,PTBA,RG,2550,89,F,ZP,CS,F
14:40:05,PTBA,RG,2550,6,F,ZP,AK,F
14:40:05,PTBA,RG,2550,20,D,XL,AK,F
14:40:00,PTBA,RG,2550,55,D,DH,AK,F
14:40:00,PTBA,RG,2550,45,D,DH,CS,F
14:39:48,PTBA,RG,2550,20,D,BQ,CS,F
14:39:47,PTBA,RG,2550,97,F,ZP,CS,F
14:39:47,PTBA,RG,2550,10,F,ZP,CS,F
14:39:47,PTBA,RG,2550,30,F,ZP,DR,D
14:39:47,PTBA,RG,2550,16,F,ZP,CS,F
14:39:47,PTBA,RG,2550,5,F,ZP,XC,D
14:39:47,PTBA,RG,2550,68,F,ZP,KK,D
14:39:42,PTBA,RG,2550,15,D,YU,KK,D
14:39:38,PTBA,RG,2550,10,D,XL,KK,D
14:39:28,PTBA,RG,2550,5,D,HP,KK,D
14:39:27,PTBA,RG,2550,2,F,ZP,KK,D
14:39:27,PTBA,RG,2550,1,F,ZP,XC,D
14:39:27,PTBA,RG,2550,12,F,ZP,CS,F
14:39:27,PTBA,RG,2550,154,F,ZP,YB,D
14:39:26,PTBA,RG,2550,46,D,YU,YB,D
14:39:26,PTBA,RG,2550,4,D,YU,OD,D
14:39:23,PTBA,RG,2550,8,D,NI,OD,D
14:39:08,PTBA,RG,2550,88,F,ZP,OD,D
14:39:08,PTBA,RG,2550,116,F,ZP,PD,D
14:38:57,PTBA,RG,2540,1,D,CC,XC,D
14:38:54,PTBA,RG,2540,1,D,CC,XL,D
14:38:48,PTBA,RG,2550,74,F,ZP,PD,D
14:38:48,PTBA,RG,2550,10,F,ZP,YP,D
14:38:48,PTBA,RG,2550,23,F,ZP,NI,D
14:38:48,PTBA,RG,2550,29,F,ZP,CS,F
14:38:48,PTBA,RG,2550,2,F,ZP,CS,F
14:38:48,PTBA,RG,2550,12,F,ZP,YP,D
14:38:35,PTBA,RG,2550,3,D,CC,YP,D
14:38:35,PTBA,RG,2550,2,D,CC,CS,F
14:38:28,PTBA,RG,2550,1,F,ZP,CS,F
14:38:28,PTBA,RG,2550,7,F,ZP,ZP,F
14:38:28,PTBA,RG,2550,1,F,ZP,YU,D
14:38:28,PTBA,RG,2550,180,F,ZP,IF,D
14:38:09,PTBA,RG,2550,200,F,ZP,IF,D
14:38:08,PTBA,RG,2550,2,D,YU,IF,D
14:38:06,PTBA,RG,2550,35,D,EP,IF,D
14:37:56,PTBA,RG,2550,8,D,NI,IF,D
14:37:53,PTBA,RG,2550,75,F,ZP,IF,D
14:37:53,PTBA,RG,2550,25,F,ZP,KK,D
14:37:53,PTBA,RG,2550,3,F,ZP,CS,F
14:37:53,PTBA,RG,2550,10,F,ZP,PD,D
14:37:53,PTBA,RG,2550,16,F,ZP,OD,D
14:37:53,PTBA,RG,2550,50,F,ZP,YP,D
14:37:53,PTBA,RG,2550,31,F,ZP,PD,D
14:37:44,PTBA,RG,2550,69,D,IF,PD,D
14:37:44,PTBA,RG,2550,7,D,IF,ZP,F
14:37:44,PTBA,RG,2550,24,D,IF,CC,D
14:37:40,PTBA,RG,2550,1,D,SQ,CC,D
14:37:37,PTBA,RG,2550,5,F,ZP,CC,D
14:37:37,PTBA,RG,2550,42,F,ZP,CS,F
14:37:37,PTBA,RG,2550,7,F,ZP,CS,F
14:37:37,PTBA,RG,2550,2,F,ZP,CS,F
14:37:37,PTBA,RG,2550,88,F,ZP,AK,F
14:37:37,PTBA,RG,2550,2,F,ZP,YP,D
14:37:37,PTBA,RG,2550,6,F,ZP,ZP,F
14:37:37,PTBA,RG,2550,13,F,ZP,CS,F
14:37:36,PTBA,RG,2540,22,D,CC,EP,D
14:37:30,PTBA,RG,2550,2,F,AK,CS,F
14:37:16,PTBA,RG,2550,16,F,ZP,CS,F
14:37:16,PTBA,RG,2550,1,F,ZP,XC,D
14:37:16,PTBA,RG,2550,20,F,ZP,CC,D
14:37:16,PTBA,RG,2550,5,F,ZP,XC,D
14:37:16,PTBA,RG,2550,10,F,ZP,SQ,D
14:37:16,PTBA,RG,2550,50,F,ZP,LG,D
14:37:16,PTBA,RG,2550,20,F,ZP,NI,D
14:37:16,PTBA,RG,2550,10,F,ZP,YB,D
14:37:16,PTBA,RG,2550,1,F,ZP,CS,F
14:37:16,PTBA,RG,2550,5,F,ZP,CS,F
14:37:16,PTBA,RG,2550,1,F,ZP,CS,F
14:37:16,PTBA,RG,2550,59,F,ZP,IF,D
14:37:11,PTBA,RG,2540,1,D,CC,XC,D
14:36:58,PTBA,RG,2550,213,F,ZP,IF,D
14:36:57,PTBA,RG,2550,1,D,PC,IF,D
14:36:38,PTBA,RG,2550,27,F,ZP,IF,D
14:36:38,PTBA,RG,2550,70,F,ZP,CC,D
14:36:38,PTBA,RG,2550,10,F,ZP,NI,D
14:36:38,PTBA,RG,2550,2,F,ZP,CS,F
14:36:38,PTBA,RG,2550,3,F,ZP,CS,F
14:36:38,PTBA,RG,2550,103,F,ZP,CC,D
14:36:23,PTBA,RG,2550,1,D,KK,CC,D
14:36:18,PTBA,RG,2550,211,F,ZP,CC,D
14:36:15,PTBA,RG,2540,20,D,CC,PD,D
14:36:00,PTBA,RG,2550,1178,D,YJ,CC,D
14:36:00,PTBA,RG,2550,72,D,YJ,BK,F
14:36:00,PTBA,RG,2550,1,D,YJ,BK,F
14:36:00,PTBA,RG,2550,1,D,YJ,YP,D
14:36:00,PTBA,RG,2550,5,D,YJ,PD,D
14:36:00,PTBA,RG,2550,50,D,YJ,XC,D
14:36:00,PTBA,RG,2550,200,D,YJ,IF,D
14:36:00,PTBA,RG,2550,34,D,YJ,AZ,D
14:36:00,PTBA,RG,2550,1,D,YJ,HP,D
14:36:00,PTBA,RG,2550,1,D,YJ,DH,D
14:36:00,PTBA,RG,2550,100,D,YJ,CC,D
14:36:00,PTBA,RG,2550,1,D,YJ,NI,D
14:36:00,PTBA,RG,2550,80,D,YJ,PD,D
14:36:00,PTBA,RG,2550,40,D,YJ,NI,D
14:36:00,PTBA,RG,2550,8,D,YJ,CC,F
14:36:00,PTBA,RG,2550,81,D,YJ,AK,F
14:36:00,PTBA,RG,2550,28,D,YJ,ZP,F
14:36:00,PTBA,RG,2550,144,D,YJ,BK,F
14:36:00,PTBA,RG,2550,10,D,YJ,OD,D
14:36:00,PTBA,RG,2550,20,D,YJ,YP,D
14:36:00,PTBA,RG,2550,33,D,YJ,XC,D
14:36:00,PTBA,RG,2550,16,D,YJ,CS,F
14:36:00,PTBA,RG,2550,5,D,YJ,CS,F
14:36:00,PTBA,RG,2550,597,D,YJ,CC,D
14:36:00,PTBA,RG,2550,1,D,YJ,BK,F
14:36:00,PTBA,RG,2550,10,D,YJ,LG,D
14:36:00,PTBA,RG,2550,22,D,YJ,PD,D
14:36:00,PTBA,RG,2550,200,D,YJ,IF,D
14:36:00,PTBA,RG,2550,5,D,YJ,NI,D
14:36:00,PTBA,RG,2550,1,D,YJ,PD,D
14:36:00,PTBA,RG,2550,3,D,YJ,CS,F
14:36:00,PTBA,RG,2550,1,D,YJ,KK,D
14:36:00,PTBA,RG,2550,250,D,YJ,CC,D
14:36:00,PTBA,RG,2550,50,D,YJ,CP,D
14:36:00,PTBA,RG,2550,251,D,YJ,CC,D
14:35:59,PTBA,RG,2550,903,F,AK,CC,D
14:35:58,PTBA,RG,2540,2,D,CC,XC,D
14:35:58,PTBA,RG,2550,83,F,ZP,CC,D
14:35:37,PTBA,RG,2540,4,D,CC,ZP,F
14:35:19,PTBA,RG,2540,9,D,CC,CC,D
14:35:08,PTBA,RG,2540,25,D,CC,BK,F
14:35:04,PTBA,RG,2540,78,D,CC,BK,F
14:35:01,PTBA,RG,2540,4,D,CC,ZP,F
14:35:00,PTBA,RG,2540,371,D,CC,BK,F
14:34:59,PTBA,RG,2550,18,D,OD,CC,D
14:34:59,PTBA,RG,2540,901,D,CC,CS,F
14:34:58,PTBA,RG,2540,8,D,CC,CS,F
14:34:58,PTBA,RG,2540,60,D,CC,CS,F
14:34:58,PTBA,RG,2540,1091,D,CC,CS,F
14:34:42,PTBA,RG,2540,850,D,CC,IF,D
14:34:37,PTBA,RG,2550,1,D,AT,CC,D
14:34:32,PTBA,RG,2540,1,D,CC,XC,D
14:34:27,PTBA,RG,2540,4,D,CC,ZP,F
14:33:52,PTBA,RG,2540,5,D,CC,ZP,F
14:33:25,PTBA,RG,2540,21,D,CC,XC,D
14:33:23,PTBA,RG,2550,31,F,ZP,CC,D
14:33:22,PTBA,RG,2540,26,D,CC,KK,D
14:33:12,PTBA,RG,2540,1,D,CC,ZP,F
14:32:44,PTBA,RG,2540,5,D,CC,NI,D
14:32:43,PTBA,RG,2540,20,D,CC,CC,D
14:32:22,PTBA,RG,2540,2,D,CC,XC,D
14:32:01,PTBA,RG,2540,1,D,CC,PD,D
14:31:45,PTBA,RG,2550,1,F,AK,CC,D
14:31:26,PTBA,RG,2550,29,D,YP,CC,D
14:31:16,PTBA,RG,2550,1,D,YU,CC,D
14:30:38,PTBA,RG,2550,74,F,ZP,CC,D
14:30:32,PTBA,RG,2540,1,D,CC,XC,D
14:30:22,PTBA,RG,2540,40,D,CC,BK,F
14:30:18,PTBA,RG,2550,108,F,ZP,CC,D
14:30:18,PTBA,RG,2550,6,F,ZP,NI,D
14:30:18,PTBA,RG,2550,144,F,ZP,AK,F
14:30:10,PTBA,RG,2540,40,D,CC,BK,F
14:30:07,PTBA,RG,2540,138,D,CC,SQ,D
14:30:07,PTBA,RG,2540,2,D,PD,SQ,D
14:30:04,PTBA,RG,2550,1,D,PD,AK,F
14:30:02,PTBA,RG,2540,6,D,PD,BK,F
14:30:02,PTBA,RG,2540,5,D,PD,BK,F
14:30:02,PTBA,RG,2540,1,D,PD,BK,F
14:30:02,PTBA,RG,2540,28,D,YP,BK,F
14:30:00,PTBA,RG,2540,12,D,YP,BK,F
14:30:00,PTBA,RG,2540,1,D,PD,BK,F
14:30:00,PTBA,RG,2540,1,D,PD,BK,F
14:30:00,PTBA,RG,2540,5,D,PD,BK,F
14:30:00,PTBA,RG,2540,1,D,YP,BK,F
14:30:00,PTBA,RG,2540,1,D,PD,BK,F
14:30:00,PTBA,RG,2540,79,D,PD,BK,F
14:29:58,PTBA,RG,2550,10,F,ZP,AK,F
14:29:58,PTBA,RG,2550,5,F,ZP,PD,D
14:29:58,PTBA,RG,2550,7,F,ZP,CS,F
14:29:58,PTBA,RG,2550,5,F,ZP,PD,D
14:29:58,PTBA,RG,2550,2,F,ZP,CS,F
14:29:58,PTBA,RG,2550,25,F,ZP,CC,D
14:29:58,PTBA,RG,2550,1,F,ZP,CS,F
14:29:58,PTBA,RG,2550,1,F,ZP,SQ,D
14:29:58,PTBA,RG,2550,1,F,ZP,CS,F
14:29:58,PTBA,RG,2550,657,F,ZP,YP,D
14:29:51,PTBA,RG,2540,21,D,PD,BK,F
14:29:51,PTBA,RG,2540,7,D,KK,BK,F
14:29:48,PTBA,RG,2540,3,D,KK,BK,F
14:29:48,PTBA,RG,2540,1,D,LG,BK,F
14:29:48,PTBA,RG,2540,10,D,SQ,BK,F
14:29:48,PTBA,RG,2540,55,D,AI,BK,F
14:29:46,PTBA,RG,2540,141,D,AI,YP,D
14:29:46,PTBA,RG,2540,1,D,CC,YP,D
14:29:46,PTBA,RG,2540,3,D,NI,YP,D
14:29:46,PTBA,RG,2540,1,D,NI,YP,D
14:29:46,PTBA,RG,2540,1,D,PD,YP,D
14:29:46,PTBA,RG,2540,245,D,YU,YP,D
14:29:45,PTBA,RG,2540,46,D,YU,BK,F
14:29:42,PTBA,RG,2540,295,D,YU,BK,F
14:29:40,PTBA,RG,2550,635,D,LG,YP,D
14:29:40,PTBA,RG,2550,30,D,LG,CC,D
14:29:40,PTBA,RG,2550,300,D,LG,TF,D
14:29:40,PTBA,RG,2550,1,D,LG,CS,F
14:29:40,PTBA,RG,2550,3,D,LG,CS,F
14:29:40,PTBA,RG,2550,79,D,LG,MK,D
14:29:40,PTBA,RG,2550,50,D,LG,YP,D
14:29:40,PTBA,RG,2550,1,D,LG,CC,D
14:29:40,PTBA,RG,2550,20,D,LG,PD,D
14:29:40,PTBA,RG,2550,2,D,LG,NI,D
14:29:40,PTBA,RG,2550,3,D,LG,CS,F
14:29:40,PTBA,RG,2550,2,D,LG,CS,F
14:29:40,PTBA,RG,2550,14,D,LG,PD,D
14:29:40,PTBA,RG,2550,15,D,LG,CS,F
14:29:40,PTBA,RG,2550,180,D,LG,YP,D
14:29:40,PTBA,RG,2550,4,D,LG,ZP,F
14:29:40,PTBA,RG,2550,1,D,LG,CS,F
14:29:40,PTBA,RG,2550,1,D,LG,BK,F
14:29:40,PTBA,RG,2550,2,D,LG,CS,F
14:29:40,PTBA,RG,2550,7,D,LG,CS,F
14:29:40,PTBA,RG,2550,11,D,LG,CS,F
14:29:40,PTBA,RG,2550,1,D,LG,CS,F
14:29:40,PTBA,RG,2550,1,D,LG,YU,D
14:29:40,PTBA,RG,2550,131,D,LG,AK,F
14:29:40,PTBA,RG,2550,100,D,LG,IF,D
14:29:40,PTBA,RG,2550,10,D,LG,YP,D
14:29:40,PTBA,RG,2550,1,D,LG,CS,F
14:29:40,PTBA,RG,2550,2,D,LG,CS,F
14:29:40,PTBA,RG,2550,7,D,LG,ZP,F
14:29:40,PTBA,RG,2550,1,D,LG,NI,D
14:29:40,PTBA,RG,2550,68,D,LG,PD,D
14:29:40,PTBA,RG,2550,5,D,LG,CS,F
14:29:40,PTBA,RG,2550,3,D,LG,CS,F
14:29:40,PTBA,RG,2550,100,D,LG,DH,D
14:29:40,PTBA,RG,2550,177,D,LG,YP,D
14:29:40,PTBA,RG,2550,8,D,LG,ZP,F
14:29:40,PTBA,RG,2550,24,D,LG,CS,F
14:29:37,PTBA,RG,2550,31,F,ZP,CS,F
14:29:36,PTBA,RG,2540,4,D,YU,ZP,F
14:29:30,PTBA,RG,2550,2,D,DR,CS,F
14:29:30,PTBA,RG,2540,78,D,YU,AK,F
14:29:18,PTBA,RG,2550,1,D,NI,CS,F
14:28:57,PTBA,RG,2550,5,F,ZP,CS,F
14:28:57,PTBA,RG,2550,33,F,ZP,CS,F
14:28:57,PTBA,RG,2540,5,D,YU,ZP,F
14:28:37,PTBA,RG,2550,38,D,DH,CS,F
14:28:37,PTBA,RG,2550,1,D,DH,CS,F
14:28:37,PTBA,RG,2550,11,D,DH,CS,F
14:28:35,PTBA,RG,2550,6,F,ZP,CS,F
14:28:35,PTBA,RG,2550,2,F,ZP,CS,F
14:28:35,PTBA,RG,2550,96,F,ZP,BQ,D
14:28:30,PTBA,RG,2540,4,D,YU,ZP,F
14:28:17,PTBA,RG,2540,323,D,YU,IF,D
14:28:17,PTBA,RG,2540,1,D,XC,IF,D
14:28:17,PTBA,RG,2540,1,D,NI,IF,D
14:28:17,PTBA,RG,2540,1,D,XC,IF,D
14:28:17,PTBA,RG,2540,5,D,CC,IF,D
14:28:17,PTBA,RG,2540,1,D,NI,IF,D
14:28:17,PTBA,RG,2540,18,D,CC,IF,D
14:28:15,PTBA,RG,2550,32,F,ZP,BQ,D
14:28:15,PTBA,RG,2550,1,F,AK,BQ,D
14:28:14,PTBA,RG,2540,2,D,CC,CS,F
14:28:14,PTBA,RG,2540,4,D,CC,CS,F
14:28:14,PTBA,RG,2540,1,D,PD,CS,F
14:28:14,PTBA,RG,2540,3,D,PD,CS,F
14:28:14,PTBA,RG,2540,10,D,PD,CS,F
14:28:14,PTBA,RG,2540,1,D,XC,CS,F
14:28:14,PTBA,RG,2540,3,D,PD,CS,F
14:28:14,PTBA,RG,2540,2,D,PD,CS,F
14:28:14,PTBA,RG,2540,3,D,XC,CS,F
14:28:14,PTBA,RG,2540,2,D,YJ,CS,F
14:28:14,PTBA,RG,2540,20,D,CC,CS,F
14:28:14,PTBA,RG,2540,62,D,AZ,CS,F
14:28:14,PTBA,RG,2540,11,D,YB,CS,F
14:28:07,PTBA,RG,2540,4,D,YB,ZP,F
14:27:42,PTBA,RG,2550,31,F,ZP,BQ,D
14:27:41,PTBA,RG,2550,5,D,PD,BQ,D
14:27:41,PTBA,RG,2540,4,D,YB,NI,D
14:27:41,PTBA,RG,2540,2,D,AT,NI,D
14:27:41,PTBA,RG,2540,25,D,PD,NI,D
14:27:41,PTBA,RG,2540,1,D,PD,NI,D
14:27:41,PTBA,RG,2540,1,D,PD,NI,D
14:27:41,PTBA,RG,2540,17,D,FZ,NI,D
14:27:35,PTBA,RG,2550,2,D,PD,BQ,D
14:27:34,PTBA,RG,2550,7,D,YP,BQ,D
14:27:27,PTBA,RG,2540,4,D,FZ,ZP,F
14:27:08,PTBA,RG,2540,11,D,FZ,CS,F
14:26:48,PTBA,RG,2550,51,F,ZP,BQ,D
14:26:47,PTBA,RG,2540,4,D,FZ,ZP,F
14:26:36,PTBA,RG,2540,23,D,FZ,CS,F
14:26:31,PTBA,RG,2550,68,F,ZP,BQ,D
14:26:30,PTBA,RG,2540,113,D,FZ,AK,F
14:26:29,PTBA,RG,2540,178,D,FZ,PD,D
14:26:25,PTBA,RG,2540,49,D,FZ,GR,D
14:26:25,PTBA,RG,2550,5,D,GR,BQ,D
14:26:20,PTBA,RG,2540,10,D,FZ,NI,D
14:26:04,PTBA,RG,2550,33,F,ZP,BQ,D
14:26:03,PTBA,RG,2540,75,D,FZ,NI,D
14:26:02,PTBA,RG,2540,4,D,FZ,ZP,F
14:25:46,PTBA,RG,2540,1,D,FZ,YU,D
14:25:27,PTBA,RG,2540,10,D,FZ,CP,D
14:25:16,PTBA,RG,2540,4,D,FZ,ZP,F
14:25:12,PTBA,RG,2550,5,D,CC,BQ,D
14:24:58,PTBA,RG,2550,3,D,NI,BQ,D
14:24:37,PTBA,RG,2550,34,F,ZP,BQ,D
14:24:36,PTBA,RG,2540,4,D,FZ,ZP,F
14:24:34,PTBA,RG,2550,55,D,YP,BQ,D
14:24:34,PTBA,RG,2540,1,D,FZ,BK,F
14:24:00,PTBA,RG,2550,1,F,AK,BQ,D
14:23:57,PTBA,RG,2540,4,D,FZ,ZP,F
14:23:36,PTBA,RG,2540,2,D,FZ,XC,D
14:23:18,PTBA,RG,2550,74,F,ZP,BQ,D
14:23:17,PTBA,RG,2540,4,D,FZ,ZP,F
14:23:16,PTBA,RG,2540,99,D,FZ,AK,F
14:22:32,PTBA,RG,2540,4,D,FZ,ZP,F
14:22:13,PTBA,RG,2550,4,D,YP,BQ,D
14:22:04,PTBA,RG,2550,2,D,PD,BQ,D
14:22:01,PTBA,RG,2540,1,D,FZ,YP,D
14:21:53,PTBA,RG,2550,25,D,GR,BQ,D
14:21:47,PTBA,RG,2540,4,D,FZ,ZP,F
14:21:24,PTBA,RG,2550,18,D,YP,BQ,D
14:21:03,PTBA,RG,2540,4,D,FZ,ZP,F
14:21:00,PTBA,RG,2550,20,D,SQ,BQ,D
14:20:51,PTBA,RG,2550,4,D,XC,BQ,D
14:20:49,PTBA,RG,2540,1,D,FZ,NI,D
14:20:46,PTBA,RG,2550,1,D,CC,BQ,D
14:20:27,PTBA,RG,2540,4,D,FZ,ZP,F
14:19:51,PTBA,RG,2540,4,D,FZ,ZP,F
14:19:31,PTBA,RG,2540,10,D,FZ,DR,D
14:19:17,PTBA,RG,2540,4,D,FZ,ZP,F
14:19:13,PTBA,RG,2550,111,F,ZP,BQ,D
14:19:09,PTBA,RG,2540,347,D,FZ,NI,D
14:19:09,PTBA,RG,2540,5,D,YP,NI,D
14:19:09,PTBA,RG,2540,52,D,CC,NI,D
14:18:48,PTBA,RG,2550,39,F,ZP,BQ,D
14:18:44,PTBA,RG,2550,55,D,DH,BQ,D
14:18:37,PTBA,RG,2540,1,D,CC,ZP,F
14:18:28,PTBA,RG,2550,104,F,ZP,BQ,D
14:18:23,PTBA,RG,2540,416,D,CC,ZP,D
14:18:12,PTBA,RG,2550,20,D,XC,BQ,D
14:17:56,PTBA,RG,2550,2,D,NI,BQ,D
14:17:09,PTBA,RG,2550,82,F,AK,BQ,D
14:17:09,PTBA,RG,2550,76,F,AK,CS,F
14:17:09,PTBA,RG,2550,33,F,AK,CS,F
14:17:09,PTBA,RG,2550,22,F,AK,CS,F
14:17:09,PTBA,RG,2550,3,F,AK,YP,D
14:17:09,PTBA,RG,2550,1,F,AK,YP,D
14:17:09,PTBA,RG,2550,15,F,AK,NI,D
14:17:09,PTBA,RG,2550,135,F,AK,CS,F
14:17:09,PTBA,RG,2550,1,F,AK,YP,D
14:17:09,PTBA,RG,2550,3,F,AK,CC,D
14:17:09,PTBA,RG,2550,7,F,AK,ZP,F
14:17:09,PTBA,RG,2550,169,F,AK,CS,F
14:17:09,PTBA,RG,2550,85,F,AK,AK,F
14:17:09,PTBA,RG,2550,3,F,AK,CC,D
14:17:09,PTBA,RG,2550,281,F,AK,OD,D
14:17:07,PTBA,RG,2540,4,D,CC,ZP,F
14:17:06,PTBA,RG,2550,219,F,AO,OD,D
14:17:06,PTBA,RG,2550,31,F,AO,CS,F
14:16:43,PTBA,RG,2550,1,F,AK,CS,F
14:16:42,PTBA,RG,2550,3,D,PD,CS,F
14:16:17,PTBA,RG,2540,4,D,CC,ZP,F
14:16:11,PTBA,RG,2540,12,D,CC,CS,F
14:16:11,PTBA,RG,2540,23,D,CC,CS,F
14:16:09,PTBA,RG,2540,5,D,CC,PD,D
14:16:00,PTBA,RG,2540,15,D,CC,CC,D
14:15:45,PTBA,RG,2540,84,D,CC,AK,F
14:15:32,PTBA,RG,2540,5,D,CC,ZP,F
14:14:47,PTBA,RG,2540,4,D,CC,ZP,F
14:14:16,PTBA,RG,2550,9,D,CC,CS,F
14:14:10,PTBA,RG,2550,1,D,XC,CS,F
14:14:01,PTBA,RG,2540,4,D,CC,ZP,F
14:14:00,PTBA,RG,2540,77,D,CC,AK,F
14:13:37,PTBA,RG,2550,1,D,XC,CS,F
14:13:27,PTBA,RG,2550,1,D,XC,CS,F
14:13:12,PTBA,RG,2540,4,D,CC,ZP,F
14:13:06,PTBA,RG,2550,3,D,PD,CS,F
14:13:01,PTBA,RG,2550,1,D,XC,CS,F
14:12:52,PTBA,RG,2550,2,D,XC,CS,F
14:12:27,PTBA,RG,2540,4,D,CC,ZP,F
14:12:11,PTBA,RG,2550,4,D,XC,CS,F
14:11:45,PTBA,RG,2540,82,D,CC,AK,F
14:11:42,PTBA,RG,2540,4,D,CC,ZP,F
14:11:39,PTBA,RG,2550,6,D,XC,CS,F
14:11:21,PTBA,RG,2550,2,D,DH,CS,F
14:11:13,PTBA,RG,2550,4,D,PD,CS,F
14:11:05,PTBA,RG,2540,5,D,CC,CC,D
14:10:57,PTBA,RG,2540,4,D,CC,ZP,F
14:10:31,PTBA,RG,2550,15,D,YP,CS,F
14:10:31,PTBA,RG,2550,85,D,YP,CS,F
14:10:17,PTBA,RG,2550,250,F,AO,BK,F
14:10:17,PTBA,RG,2540,4,D,CC,ZP,F
14:09:56,PTBA,RG,2540,1,D,CC,XC,D
14:09:37,PTBA,RG,2550,1,D,XC,BK,F
14:09:32,PTBA,RG,2540,2,D,CC,ZP,F
14:09:02,PTBA,RG,2550,1,D,XC,BK,F
14:08:57,PTBA,RG,2550,1,D,XC,BK,F
14:08:54,PTBA,RG,2550,5,D,PD,BK,F
14:08:49,PTBA,RG,2550,1,D,XC,BK,F
14:08:49,PTBA,RG,2550,7,D,PD,BK,F
14:08:15,PTBA,RG,2540,2,D,CC,PD,D
14:08:10,PTBA,RG,2540,10,D,CC,PD,D
14:07:24,PTBA,RG,2540,10,D,CC,CC,D
14:07:21,PTBA,RG,2550,10,D,PD,BK,F
14:07:12,PTBA,RG,2540,1,D,CC,PD,D
14:06:59,PTBA,RG,2540,168,D,CC,AK,F
14:06:58,PTBA,RG,2550,1,D,XC,BK,F
14:06:32,PTBA,RG,2550,15,D,PD,BK,F
14:06:32,PTBA,RG,2550,4,D,PD,YP,D
14:06:32,PTBA,RG,2550,471,D,PD,XL,D
14:06:32,PTBA,RG,2550,6,D,PD,CS,F
14:06:32,PTBA,RG,2550,10,D,PD,YP,D
14:05:56,PTBA,RG,2550,10,D,PD,YP,D
14:05:24,PTBA,RG,2550,2,D,DH,YP,D
14:05:22,PTBA,RG,2550,5,D,PD,YP,D
14:05:06,PTBA,RG,2550,1,D,PD,YP,D
14:04:43,PTBA,RG,2540,1,D,CC,IP,D
14:04:32,PTBA,RG,2550,54,D,PD,YP,D
14:03:55,PTBA,RG,2550,60,D,DH,YP,D
14:03:37,PTBA,RG,2540,500,D,CC,KK,D
14:03:34,PTBA,RG,2550,1,D,CC,YP,D
14:03:12,PTBA,RG,2550,7,D,YU,YP,D
14:03:12,PTBA,RG,2550,31,D,YU,CS,F
14:03:12,PTBA,RG,2550,1,D,YU,BK,F
14:03:12,PTBA,RG,2550,31,D,YU,ZP,F
14:03:12,PTBA,RG,2550,32,D,YU,CS,F
14:03:12,PTBA,RG,2550,5,D,YU,CS,F
14:03:12,PTBA,RG,2550,2,D,YU,CS,F
14:03:12,PTBA,RG,2550,2,D,YU,CS,F
14:03:12,PTBA,RG,2550,1,D,YU,CS,F
14:03:12,PTBA,RG,2550,9,D,YU,CS,F
14:03:12,PTBA,RG,2550,1,D,YU,CS,F
14:03:12,PTBA,RG,2550,1,D,YU,CS,F
14:03:12,PTBA,RG,2550,5,D,YU,CS,F
14:03:12,PTBA,RG,2550,2,D,YU,CS,F
14:03:12,PTBA,RG,2550,70,D,YU,IF,D
14:03:09,PTBA,RG,2540,4,D,CC,ZP,F
14:02:31,PTBA,RG,2540,2,D,CC,ZP,F
14:02:15,PTBA,RG,2540,93,D,CC,AK,F
14:01:47,PTBA,RG,2550,2,D,KK,IF,D
14:00:34,PTBA,RG,2550,5,D,PD,IF,D
13:59:20,PTBA,RG,2550,1,D,CC,IF,D
13:59:01,PTBA,RG,2550,1,D,CC,IF,D
13:58:49,PTBA,RG,2550,1,D,XC,IF,D
13:57:27,PTBA,RG,2550,3,D,KK,IF,D
13:57:27,PTBA,RG,2550,67,F,ZP,IF,D
13:57:17,PTBA,RG,2550,5,F,ZP,DR,D
13:57:15,PTBA,RG,2550,30,F,ZP,CC,D
13:57:14,PTBA,RG,2550,10,F,ZP,CC,D
13:57:12,PTBA,RG,2550,220,F,ZP,BK,F
13:57:12,PTBA,RG,2550,18,D,XC,BK,F
13:57:12,PTBA,RG,2550,10,D,YP,BK,F
13:57:12,PTBA,RG,2550,10,D,XC,BK,F
13:57:12,PTBA,RG,2550,311,F,ZP,BK,F
13:57:12,PTBA,RG,2550,220,F,ZP,CS,F
13:57:11,PTBA,RG,2550,295,F,ZP,KK,D
13:57:11,PTBA,RG,2550,330,F,ZP,KK,D
13:57:11,PTBA,RG,2550,40,D,PD,KK,D
13:57:11,PTBA,RG,2550,5,D,CC,KK,D
13:57:11,PTBA,RG,2550,1,F,AK,KK,D
13:57:11,PTBA,RG,2550,10,D,YP,KK,D
13:57:11,PTBA,RG,2550,5,D,XC,KK,D
13:57:11,PTBA,RG,2550,10,D,YP,KK,D
13:57:11,PTBA,RG,2550,200,D,CC,KK,D
13:57:11,PTBA,RG,2550,2,D,DR,KK,D
13:57:11,PTBA,RG,2550,25,D,NI,KK,D
13:57:11,PTBA,RG,2550,2,D,YP,KK,D
13:57:11,PTBA,RG,2550,10,D,SQ,KK,D
13:57:11,PTBA,RG,2550,1,D,AT,KK,D
13:57:11,PTBA,RG,2550,2,D,NI,KK,D
13:57:11,PTBA,RG,2550,57,F,ZP,KK,D
13:57:11,PTBA,RG,2550,5,D,YP,KK,D
13:57:07,PTBA,RG,2550,10,D,YP,SQ,D
13:57:02,PTBA,RG,2550,20,D,YP,CC,D
13:56:54,PTBA,RG,2550,1,D,YP,DR,D
13:56:46,PTBA,RG,2550,1,D,YP,DR,D
13:56:38,PTBA,RG,2550,4,D,YP,ZP,F
13:56:37,PTBA,RG,2550,190,D,YP,ZP,D
13:56:35,PTBA,RG,2550,200,D,YP,IF,D
13:56:30,PTBA,RG,2550,1,D,YP,DR,D
13:56:20,PTBA,RG,2550,1,D,YP,DR,D
13:56:14,PTBA,RG,2550,1,D,YP,DR,D
13:56:11,PTBA,RG,2550,26,D,YP,ZP,F
13:56:10,PTBA,RG,2550,29,D,YP,BK,F
13:56:09,PTBA,RG,2550,1000,D,YP,YP,D
13:56:09,PTBA,RG,2550,511,D,YP,CS,F
13:56:09,PTBA,RG,2550,1,D,PD,CS,F
13:56:09,PTBA,RG,2550,10,D,AZ,CS,F
13:56:09,PTBA,RG,2550,1,D,PD,CS,F
13:56:09,PTBA,RG,2550,25,D,NI,CS,F
13:56:09,PTBA,RG,2550,3,D,EP,CS,F
13:56:09,PTBA,RG,2550,2,D,NI,CS,F
13:56:09,PTBA,RG,2550,8,D,YP,CS,F
13:56:09,PTBA,RG,2550,20,D,XL,CS,F
13:56:09,PTBA,RG,2550,279,F,AK,CS,F
13:56:09,PTBA,RG,2550,25,D,NI,CS,F
13:56:09,PTBA,RG,2550,75,D,YP,CS,F
13:56:09,PTBA,RG,2550,10,D,YP,CS,F
13:56:09,PTBA,RG,2550,16,D,XC,CS,F
13:56:09,PTBA,RG,2550,189,F,CS,CS,F
13:56:08,PTBA,RG,2550,138,F,CS,YP,D
13:56:08,PTBA,RG,2550,5,D,CC,YP,D
13:56:08,PTBA,RG,2550,50,D,KK,YP,D
13:56:08,PTBA,RG,2550,5,D,PD,YP,D
13:56:08,PTBA,RG,2550,21,D,XC,YP,D
13:56:08,PTBA,RG,2550,35,D,YP,YP,D
13:56:08,PTBA,RG,2550,20,D,XC,YP,D
13:56:08,PTBA,RG,2550,500,D,KK,YP,D
13:56:08,PTBA,RG,2550,136,D,GR,YP,D
13:56:08,PTBA,RG,2550,50,D,CC,YP,D
13:56:08,PTBA,RG,2550,1,D,YP,YP,D
13:56:08,PTBA,RG,2550,1,F,AK,YP,D
13:56:08,PTBA,RG,2550,5,D,GR,YP,D
13:56:08,PTBA,RG,2550,2,D,GR,YP,D
13:56:08,PTBA,RG,2550,40,D,IF,YP,D
13:56:08,PTBA,RG,2550,214,F,ZP,YP,D
13:56:08,PTBA,RG,2550,3,D,XC,YP,D
13:56:08,PTBA,RG,2550,10,D,XC,YP,D
13:56:08,PTBA,RG,2550,1,D,OD,YP,D
13:56:08,PTBA,RG,2550,20,D,CC,YP,D
13:56:08,PTBA,RG,2550,198,D,GR,YP,D
13:56:08,PTBA,RG,2550,4,D,PD,YP,D
13:56:08,PTBA,RG,2550,1,D,PD,YP,D
13:56:08,PTBA,RG,2550,276,F,ZP,YP,D
13:56:08,PTBA,RG,2550,63,D,YP,YP,D
13:56:08,PTBA,RG,2550,35,D,NI,YP,D
13:56:08,PTBA,RG,2550,1,F,AK,YP,D
13:56:08,PTBA,RG,2550,20,D,EP,YP,D
13:56:08,PTBA,RG,2550,145,F,ZP,YP,D
13:56:08,PTBA,RG,2550,419,F,ZP,PD,D
13:56:08,PTBA,RG,2550,20,D,CC,PD,D
13:56:08,PTBA,RG,2550,1,F,AK,PD,D
13:56:08,PTBA,RG,2550,1500,D,YJ,PD,D
13:56:08,PTBA,RG,2550,60,F,CC,PD,D
13:56:00,PTBA,RG,2560,3,D,NI,OD,D
13:55:46,PTBA,RG,2550,4,F,CC,ZP,F
13:55:30,PTBA,RG,2560,25,D,IH,OD,D
13:54:57,PTBA,RG,2550,4,F,CC,ZP,F
13:54:53,PTBA,RG,2550,8,F,CC,PD,D
13:54:32,PTBA,RG,2550,4,F,CC,CC,D
13:54:25,PTBA,RG,2550,40,F,CC,XC,D
13:54:23,PTBA,RG,2550,2,F,CC,DH,D
13:54:23,PTBA,RG,2550,58,F,ZP,DH,D
13:54:12,PTBA,RG,2550,2,F,ZP,ZP,F
13:54:09,PTBA,RG,2550,1,F,ZP,XC,D
13:54:06,PTBA,RG,2560,1,D,DH,OD,D
13:53:53,PTBA,RG,2550,5,F,ZP,DH,D
13:53:45,PTBA,RG,2560,1,F,AK,OD,D
13:53:42,PTBA,RG,2550,500,F,ZP,YP,D
13:53:14,PTBA,RG,2560,5,D,YP,OD,D
13:52:57,PTBA,RG,2550,2,F,ZP,NI,D
13:52:04,PTBA,RG,2550,11,F,ZP,NI,D
13:51:47,PTBA,RG,2550,2,F,ZP,PD,D
13:51:40,PTBA,RG,2550,200,F,ZP,ZP,D
13:51:39,PTBA,RG,2560,1,D,PD,OD,D
13:51:32,PTBA,RG,2550,14,F,ZP,NI,D
13:51:28,PTBA,RG,2560,2,D,PD,OD,D
13:51:23,PTBA,RG,2560,1,D,DH,OD,D
13:51:11,PTBA,RG,2560,1,D,XL,OD,D
13:50:50,PTBA,RG,2550,49,F,ZP,YP,D
13:50:42,PTBA,RG,2550,200,F,ZP,IF,D
13:50:27,PTBA,RG,2560,61,F,ZP,OD,D
13:50:16,PTBA,RG,2560,1,D,YP,OD,D
13:50:14,PTBA,RG,2560,1,D,PD,OD,D
13:50:08,PTBA,RG,2560,59,F,ZP,OD,D
13:50:05,PTBA,RG,2550,1,F,ZP,PD,D
13:49:54,PTBA,RG,2560,20,D,XC,OD,D
13:49:53,PTBA,RG,2560,102,F,ZP,OD,D
13:49:33,PTBA,RG,2560,84,F,ZP,OD,D
13:49:26,PTBA,RG,2550,1,F,ZP,EP,D
13:49:16,PTBA,RG,2560,97,F,ZP,OD,D
13:48:58,PTBA,RG,2560,74,F,ZP,OD,D
13:48:43,PTBA,RG,2560,22,F,ZP,OD,D
13:48:42,PTBA,RG,2560,1,D,YP,OD,D
13:48:35,PTBA,RG,2560,10,D,CC,OD,D
13:48:26,PTBA,RG,2550,5,F,ZP,XL,D
13:48:21,PTBA,RG,2550,100,F,ZP,LG,D
13:48:12,PTBA,RG,2560,73,F,ZP,OD,D
13:48:12,PTBA,RG,2560,40,D,DH,OD,D
13:47:53,PTBA,RG,2560,42,F,ZP,OD,D
13:47:42,PTBA,RG,2560,50,D,CC,OD,D
13:47:27,PTBA,RG,2560,1,D,OD,OD,D
13:47:25,PTBA,RG,2560,1,D,XC,OD,D
13:47:19,PTBA,RG,2560,400,D,CC,OD,D
13:47:16,PTBA,RG,2560,1,D,NI,OD,D
13:47:14,PTBA,RG,2560,400,D,YP,OD,D
13:47:03,PTBA,RG,2550,5,F,ZP,XC,D
13:46:53,PTBA,RG,2550,5,F,ZP,XC,D
13:46:19,PTBA,RG,2550,5,F,ZP,NI,D
13:45:52,PTBA,RG,2560,142,D,CC,OD,D
13:45:52,PTBA,RG,2560,20,D,CC,CC,D
13:45:52,PTBA,RG,2560,20,D,CC,YP,D
13:45:52,PTBA,RG,2560,162,D,CC,CC,D
13:45:52,PTBA,RG,2560,200,D,CC,YP,D
13:45:52,PTBA,RG,2560,4,D,CC,YP,D
13:45:52,PTBA,RG,2560,30,D,CC,GR,D
13:45:52,PTBA,RG,2560,10,D,CC,DR,D
13:45:52,PTBA,RG,2560,20,D,CC,PD,D
13:45:52,PTBA,RG,2560,5,D,CC,XC,D
13:45:52,PTBA,RG,2560,3,D,CC,XL,D
13:45:52,PTBA,RG,2560,10,D,CC,GR,D
13:45:52,PTBA,RG,2560,374,D,CC,EP,D
13:45:42,PTBA,RG,2560,1,D,XL,EP,D
13:45:41,PTBA,RG,2560,5,D,PD,EP,D
13:45:17,PTBA,RG,2560,120,D,NI,EP,D
13:45:13,PTBA,RG,2550,5,F,ZP,XL,D
13:44:35,PTBA,RG,2560,114,D,YP,YJ,D
13:44:30,PTBA,RG,2550,30,F,ZP,YP,D
13:44:21,PTBA,RG,2560,6,D,XC,YJ,D
13:44:17,PTBA,RG,2550,10,F,ZP,NI,D
13:43:50,PTBA,RG,2560,85,F,AK,YJ,D
13:43:39,PTBA,RG,2550,1,F,ZP,XC,D
13:43:18,PTBA,RG,2550,1,F,ZP,XC,D
13:42:49,PTBA,RG,2540,41,D,CC,CS,F
13:42:49,PTBA,RG,2550,3,D,XC,CS,F
13:42:49,PTBA,RG,2550,62,D,KK,CS,F
13:42:49,PTBA,RG,2550,5,D,KK,CS,F
13:42:49,PTBA,RG,2550,4,D,KK,CS,F
13:42:49,PTBA,RG,2550,3,D,KK,CS,F
13:42:49,PTBA,RG,2550,19,D,KK,CS,F
13:42:49,PTBA,RG,2550,2,D,KK,CS,F
13:42:49,PTBA,RG,2550,11,D,KK,CS,F
13:42:48,PTBA,RG,2550,5,D,KK,YB,D
13:42:48,PTBA,RG,2550,2,D,KK,ZP,F
13:42:48,PTBA,RG,2550,4,D,KK,CS,F
13:42:48,PTBA,RG,2550,4,D,KK,CS,F
13:42:48,PTBA,RG,2550,4,D,KK,CS,F
13:42:45,PTBA,RG,2550,5,D,YP,CS,F
13:42:42,PTBA,RG,2550,1,D,XC,CS,F
13:42:39,PTBA,RG,2550,5,D,TF,NI,D
13:42:38,PTBA,RG,2550,2,D,DH,NI,D
13:42:35,PTBA,RG,2550,45,D,YP,NI,D
13:42:35,PTBA,RG,2550,7,D,YP,XC,D
13:42:35,PTBA,RG,2550,3,D,YP,ZP,F
13:42:35,PTBA,RG,2550,2,D,YP,XC,D
13:42:35,PTBA,RG,2550,4,D,YP,CS,F
13:42:35,PTBA,RG,2550,324,D,YP,CS,F
13:42:35,PTBA,RG,2550,9,D,YP,CS,F
13:42:35,PTBA,RG,2550,80,D,YP,AK,F
13:42:35,PTBA,RG,2550,15,D,YP,ZP,F
13:42:35,PTBA,RG,2550,50,D,YP,MG,D
13:42:35,PTBA,RG,2550,1,D,YP,PD,D
13:42:35,PTBA,RG,2550,200,D,YP,IF,D
13:42:35,PTBA,RG,2550,1,D,YP,CS,F
13:42:35,PTBA,RG,2550,1,D,YP,CS,F
13:42:35,PTBA,RG,2550,58,D,YP,GR,D
13:42:13,PTBA,RG,2550,1,D,NI,GR,D
13:42:11,PTBA,RG,2550,20,D,PD,GR,D
13:42:00,PTBA,RG,2550,1,D,BQ,GR,D
13:41:53,PTBA,RG,2550,1,D,PD,GR,D
13:41:36,PTBA,RG,2550,69,D,CC,GR,D
13:41:36,PTBA,RG,2550,7,D,CC,CS,F
13:41:36,PTBA,RG,2550,9,D,CC,CS,F
13:41:36,PTBA,RG,2550,4,D,CC,CS,F
13:41:36,PTBA,RG,2550,1,D,CC,CS,F
13:41:36,PTBA,RG,2550,10,D,CC,CC,D
13:41:32,PTBA,RG,2550,60,F,AK,CS,F
13:41:32,PTBA,RG,2550,97,F,AK,CS,F
13:41:32,PTBA,RG,2550,2,F,AK,ZP,F
13:41:32,PTBA,RG,2550,3,F,AK,XC,D
13:41:31,PTBA,RG,2550,7,F,ZP,XC,D
13:41:31,PTBA,RG,2550,9,F,ZP,CS,F
13:41:31,PTBA,RG,2550,5,F,ZP,ZP,F
13:41:31,PTBA,RG,2550,2,F,ZP,CS,F
13:41:31,PTBA,RG,2550,6,F,ZP,CS,F
13:41:31,PTBA,RG,2550,20,F,ZP,CS,F
13:41:31,PTBA,RG,2550,5,F,ZP,ZP,F
13:41:31,PTBA,RG,2550,70,F,ZP,AK,F
13:41:31,PTBA,RG,2550,20,F,ZP,CC,D
13:41:31,PTBA,RG,2550,5,F,ZP,YP,D
13:41:31,PTBA,RG,2550,22,F,ZP,CS,F
13:41:31,PTBA,RG,2550,273,F,ZP,CS,F
13:41:31,PTBA,RG,2550,2,F,ZP,CS,F
13:41:31,PTBA,RG,2550,50,F,ZP,NI,D
13:41:31,PTBA,RG,2550,3,F,ZP,ZP,F
13:41:31,PTBA,RG,2550,20,F,ZP,YP,D
13:41:31,PTBA,RG,2550,95,F,ZP,AK,F
13:41:31,PTBA,RG,2550,2,F,ZP,ZP,D
13:41:31,PTBA,RG,2550,1,F,ZP,BK,F
13:41:31,PTBA,RG,2550,2,F,ZP,CS,F
13:41:31,PTBA,RG,2550,2,F,ZP,CS,F
13:41:31,PTBA,RG,2550,200,F,ZP,NI,D
13:41:31,PTBA,RG,2540,5,D,CC,NI,D
13:41:30,PTBA,RG,2550,2000,D,CC,BK,F
13:41:26,PTBA,RG,2540,100,D,CC,CC,D
13:41:24,PTBA,RG,2540,2,D,CC,HP,D
13:40:22,PTBA,RG,2540,70,D,CC,DR,D
13:40:12,PTBA,RG,2550,4,D,XC,BK,F
13:40:08,PTBA,RG,2550,5,D,YU,BK,F
13:40:03,PTBA,RG,2550,1,D,PD,BK,F
13:40:03,PTBA,RG,2550,1,D,YU,BK,F
13:39:57,PTBA,RG,2550,50,D,YP,BK,F
13:39:50,PTBA,RG,2550,10,D,IF,BK,F
13:39:50,PTBA,RG,2550,40,D,XC,BK,F
13:39:31,PTBA,RG,2550,1,D,YU,BK,F
13:39:16,PTBA,RG,2550,5,D,CC,BK,F
13:38:43,PTBA,RG,2550,1,D,YU,BK,F
13:38:37,PTBA,RG,2550,1,D,XL,BK,F
13:38:20,PTBA,RG,2550,2,D,PD,BK,F
13:38:14,PTBA,RG,2540,10,D,CC,NI,D
13:38:11,PTBA,RG,2550,1,D,YU,BK,F
13:37:58,PTBA,RG,2550,1,F,NI,BK,F
13:37:52,PTBA,RG,2550,1,D,YU,BK,F
13:37:52,PTBA,RG,2540,8,D,CC,XC,D
13:37:47,PTBA,RG,2550,2,D,YP,BK,F
13:37:44,PTBA,RG,2550,5,D,PD,BK,F
13:37:30,PTBA,RG,2540,31,D,CC,BK,F
13:37:28,PTBA,RG,2540,30,D,CC,XL,D
13:37:27,PTBA,RG,2550,30,D,YP,BK,F
13:37:27,PTBA,RG,2550,5,D,YP,YP,D
13:37:27,PTBA,RG,2550,1,D,YP,YP,D
13:37:27,PTBA,RG,2550,13,D,YP,ZP,F
13:37:27,PTBA,RG,2550,3,D,YP,CS,F
13:37:27,PTBA,RG,2550,30,D,YP,PD,D
13:36:45,PTBA,RG,2550,25,D,NI,PD,D
13:35:36,PTBA,RG,2540,10,D,CC,NI,D
13:35:30,PTBA,RG,2550,4,D,PD,PD,D
13:35:26,PTBA,RG,2550,1,D,NI,PD,D
13:34:50,PTBA,RG,2540,1,D,CC,PD,D
13:34:46,PTBA,RG,2550,19,D,CC,PD,D
13:34:46,PTBA,RG,2550,1,D,CC,ZP,F
13:34:22,PTBA,RG,2540,27,D,CC,BK,F
13:34:18,PTBA,RG,2540,41,D,CC,BK,F
13:34:15,PTBA,RG,2550,141,F,ZP,BK,F
13:34:15,PTBA,RG,2550,1,D,PD,BK,F
13:34:15,PTBA,RG,2550,3,D,PD,BK,F
13:34:15,PTBA,RG,2550,30,D,NI,BK,F
13:34:15,PTBA,RG,2550,10,D,NI,BK,F
13:34:15,PTBA,RG,2550,5,D,KK,BK,F
13:34:15,PTBA,RG,2550,33,D,AZ,BK,F
13:34:15,PTBA,RG,2550,1,D,YP,BK,F
13:34:15,PTBA,RG,2550,61,F,ZP,BK,F
13:34:14,PTBA,RG,2550,271,F,ZP,CS,F
13:34:14,PTBA,RG,2550,4,F,ZP,XC,D
13:34:13,PTBA,RG,2550,118,F,ZP,CS,F
13:34:13,PTBA,RG,2550,4,F,CC,CS,F
13:34:13,PTBA,RG,2550,1,F,AK,CS,F
13:34:13,PTBA,RG,2550,136,F,ZP,CS,F
13:34:13,PTBA,RG,2550,193,F,ZP,CS,F
13:34:13,PTBA,RG,2550,430,F,ZP,AK,F
13:34:13,PTBA,RG,2550,257,F,AK,AK,F
13:34:13,PTBA,RG,2550,291,F,AK,BK,F
13:34:13,PTBA,RG,2550,2209,D,YJ,BK,F
13:33:55,PTBA,RG,2550,20,D,YJ,CC,D
13:33:41,PTBA,RG,2550,1,D,YJ,XC,D
13:33:25,PTBA,RG,2550,150,D,YJ,IF,D
13:33:11,PTBA,RG,2550,100,D,YJ,ZP,D
13:32:50,PTBA,RG,2560,10,D,XC,YJ,D
13:32:47,PTBA,RG,2550,6,D,YJ,XA,D
13:32:42,PTBA,RG,2550,2,D,YJ,YP,D
13:32:16,PTBA,RG,2560,3,D,KK,YJ,D
13:32:07,PTBA,RG,2560,2,D,XC,YJ,D
13:31:54,PTBA,RG,2560,1,D,XC,YJ,D
13:31:40,PTBA,RG,2550,2,D,YJ,XC,D
13:31:39,PTBA,RG,2550,1,D,YJ,NI,D
13:31:23,PTBA,RG,2550,2,D,YJ,CS,F
13:31:22,PTBA,RG,2550,1,D,YJ,CS,F
13:31:22,PTBA,RG,2550,1,D,YJ,CS,F
13:31:22,PTBA,RG,2550,4,D,YJ,CS,F
13:31:22,PTBA,RG,2550,1,D,YJ,CS,F
13:31:21,PTBA,RG,2540,29,D,CC,CS,F
13:31:20,PTBA,RG,2550,21,D,YP,CS,F
13:31:20,PTBA,RG,2550,3,D,YP,CS,F
13:31:20,PTBA,RG,2550,5,D,YP,CS,F
13:31:20,PTBA,RG,2550,7,D,YP,ZP,F
13:31:20,PTBA,RG,2550,18,D,YP,CS,F
13:31:20,PTBA,RG,2550,6,D,YP,ZP,F
13:31:20,PTBA,RG,2550,2,D,YP,CS,F
13:31:20,PTBA,RG,2550,40,D,YP,NI,D
13:31:20,PTBA,RG,2550,7,D,YP,CS,F
13:31:20,PTBA,RG,2550,2,D,YP,ZP,F
13:31:20,PTBA,RG,2550,1,D,AI,ZP,F
13:31:19,PTBA,RG,2550,4,F,ZP,XC,D
13:31:19,PTBA,RG,2550,6,F,ZP,YP,D
13:31:19,PTBA,RG,2550,1,F,ZP,YP,D
13:31:19,PTBA,RG,2550,8,F,ZP,YP,D
13:31:19,PTBA,RG,2550,70,F,ZP,AK,F
13:31:19,PTBA,RG,2550,5,F,ZP,YP,D
13:31:19,PTBA,RG,2550,2,F,ZP,YP,D
13:31:19,PTBA,RG,2550,10,F,ZP,CC,D
13:31:19,PTBA,RG,2550,28,F,ZP,CS,F
13:31:19,PTBA,RG,2550,8,F,ZP,XC,D
13:31:19,PTBA,RG,2550,148,F,ZP,CS,F
13:31:19,PTBA,RG,2550,186,F,ZP,CS,F
13:31:19,PTBA,RG,2550,172,F,ZP,CS,F
13:31:19,PTBA,RG,2550,1,F,ZP,XC,D
13:31:19,PTBA,RG,2550,1,F,ZP,PD,D
13:31:19,PTBA,RG,2550,5,F,ZP,PD,D
13:31:19,PTBA,RG,2550,1,F,ZP,XC,D
13:31:19,PTBA,RG,2550,1,F,ZP,PD,D
13:31:19,PTBA,RG,2550,187,F,ZP,CC,D
13:31:19,PTBA,RG,2550,6,F,ZP,CC,D
13:31:19,PTBA,RG,2550,40,F,ZP,PD,D
13:31:19,PTBA,RG,2550,38,F,ZP,ZP,F
13:31:19,PTBA,RG,2550,10,F,ZP,PD,D
13:31:19,PTBA,RG,2550,60,F,ZP,CC,D
13:31:19,PTBA,RG,2550,2,F,ZP,PD,D
13:31:19,PTBA,RG,2550,5,F,ZP,IP,D
13:31:19,PTBA,RG,2550,20,F,ZP,TF,D
13:31:19,PTBA,RG,2550,285,F,ZP,BK,F
13:31:18,PTBA,RG,2550,82,F,ZP,BK,F
13:31:18,PTBA,RG,2550,208,F,ZP,KK,D
13:31:03,PTBA,RG,2550,5,D,GR,KK,D
13:31:01,PTBA,RG,2550,5,D,PD,KK,D
13:30:59,PTBA,RG,2550,237,F,AK,KK,D
13:30:58,PTBA,RG,2540,6,D,CC,ZP,F
13:30:58,PTBA,RG,2550,145,F,ZP,KK,D
13:30:58,PTBA,RG,2550,40,F,ZP,FS,D
13:30:58,PTBA,RG,2550,5,F,ZP,NI,D
13:30:58,PTBA,RG,2550,2,F,ZP,XC,D
13:30:58,PTBA,RG,2550,250,F,ZP,CC,D
13:30:58,PTBA,RG,2550,2,F,ZP,NI,D
13:30:58,PTBA,RG,2550,5,F,ZP,PD,D
13:30:58,PTBA,RG,2550,1,F,ZP,PD,D
13:30:58,PTBA,RG,2550,1,F,ZP,CS,F
13:30:58,PTBA,RG,2550,2,F,ZP,CS,F
13:30:58,PTBA,RG,2550,2,F,ZP,AT,D
13:30:58,PTBA,RG,2550,8,F,ZP,CS,F
13:30:58,PTBA,RG,2550,50,F,ZP,YP,D
13:30:58,PTBA,RG,2550,2,F,ZP,PD,D
13:30:58,PTBA,RG,2550,31,F,ZP,CS,F
13:30:58,PTBA,RG,2550,1,F,ZP,CS,F
13:30:58,PTBA,RG,2550,200,F,ZP,IF,D
13:30:58,PTBA,RG,2550,7,F,ZP,AT,D
13:30:58,PTBA,RG,2550,12,D,XC,AT,D
13:30:46,PTBA,RG,2550,1,D,YP,AT,D
13:30:46,PTBA,RG,2550,1,D,YP,XC,D
13:30:46,PTBA,RG,2550,1,D,YP,CS,F
13:30:46,PTBA,RG,2550,10,D,YP,YP,D
13:30:46,PTBA,RG,2550,2,D,YP,YP,D
13:30:46,PTBA,RG,2550,15,D,YP,EP,D
13:30:46,PTBA,RG,2550,1,D,YP,BK,F
13:30:46,PTBA,RG,2550,3,D,YP,ZP,F
13:30:46,PTBA,RG,2550,20,D,YP,NI,D
13:30:46,PTBA,RG,2550,1,D,YP,CC,D
13:30:46,PTBA,RG,2550,3,D,YP,CS,F
13:30:46,PTBA,RG,2550,50,D,YP,OD,D
13:30:46,PTBA,RG,2550,3,D,YP,ZP,F
13:30:46,PTBA,RG,2550,389,D,YP,CS,F
13:30:40,PTBA,RG,2540,11,D,CC,ZP,F
13:30:40,PTBA,RG,2550,281,F,ZP,CS,F
13:30:40,PTBA,RG,2550,39,F,ZP,XA,D
13:30:40,PTBA,RG,2550,5,F,ZP,NI,D
13:30:40,PTBA,RG,2550,2,F,ZP,ZP,F
13:30:40,PTBA,RG,2550,4,F,ZP,CS,F
13:30:40,PTBA,RG,2550,3,F,ZP,CS,F
13:30:40,PTBA,RG,2550,18,F,ZP,CS,F
13:30:40,PTBA,RG,2550,213,F,ZP,CS,F
13:30:39,PTBA,RG,2540,100,D,CC,IU,D
13:30:22,PTBA,RG,2550,223,F,ZP,CS,F
13:30:22,PTBA,RG,2550,3,F,ZP,ZP,F
13:30:22,PTBA,RG,2550,10,F,ZP,LS,D
13:30:22,PTBA,RG,2550,51,F,ZP,CS,F
13:30:22,PTBA,RG,2550,279,F,ZP,KK,D
13:30:22,PTBA,RG,2540,14,D,CC,ZP,F
13:30:17,PTBA,RG,2550,4,D,YP,KK,D
13:30:17,PTBA,RG,2540,2,D,CC,YP,D
13:30:16,PTBA,RG,2540,173,D,CC,AK,F
13:30:16,PTBA,RG,2550,1,F,AK,KK,D
13:30:14,PTBA,RG,2540,24,D,CC,YP,D
13:30:12,PTBA,RG,2540,15,D,CC,CC,D
13:30:10,PTBA,RG,2540,1,D,CC,XC,D
13:30:10,PTBA,RG,2540,10,D,CC,PD,D
13:30:09,PTBA,RG,2550,1,D,PD,KK,D
13:30:09,PTBA,RG,2550,12,D,PD,KK,D
13:30:09,PTBA,RG,2550,7,D,XC,KK,D
13:30:09,PTBA,RG,2550,1,D,CC,KK,D
13:30:09,PTBA,RG,2540,1,D,CC,XC,D
13:30:09,PTBA,RG,2540,25,D,CC,PD,D
13:30:08,PTBA,RG,2540,10,D,CC,CC,D
13:30:07,PTBA,RG,2540,73,D,CC,PD,D
13:30:06,PTBA,RG,2550,1,D,PD,KK,D
13:30:06,PTBA,RG,2540,2,D,CC,PD,D
13:30:06,PTBA,RG,2540,1,D,CC,XC,D
13:30:06,PTBA,RG,2540,65,D,CC,XC,D
13:30:06,PTBA,RG,2550,137,D,LG,KK,D
13:30:05,PTBA,RG,2550,4,D,PD,KK,D
13:30:05,PTBA,RG,2540,10,D,CC,SQ,D
13:30:05,PTBA,RG,2540,9,D,CC,PD,D
13:30:04,PTBA,RG,2540,1,D,CC,PD,D
13:30:04,PTBA,RG,2540,1,D,CC,CC,D
13:30:04,PTBA,RG,2540,2,D,CC,KI,D
13:30:04,PTBA,RG,2540,1,D,CC,PD,D
13:30:04,PTBA,RG,2550,20,D,PD,KK,D
13:30:04,PTBA,RG,2540,1,D,CC,PD,D
13:30:04,PTBA,RG,2550,4,D,DR,KK,D
13:30:03,PTBA,RG,2540,19,D,CC,PD,D
13:30:03,PTBA,RG,2540,5,D,CC,ZP,F
13:30:03,PTBA,RG,2550,102,F,ZP,KK,D
13:30:03,PTBA,RG,2540,100,D,CC,BQ,D
13:30:03,PTBA,RG,2550,100,D,GR,KK,D
13:30:03,PTBA,RG,2550,20,D,PD,KK,D
13:30:02,PTBA,RG,2540,2,D,CC,EP,D
11:29:59,PTBA,RG,2540,4,D,CC,AK,F
11:29:59,PTBA,RG,2540,1,D,CC,AK,F
11:29:59,PTBA,RG,2550,2,D,KI,KK,D
11:29:57,PTBA,RG,2540,1,D,CC,CC,D
11:29:57,PTBA,RG,2550,59,F,ZP,KK,D
11:29:49,PTBA,RG,2540,1,D,CC,AK,F
11:29:48,PTBA,RG,2540,5,D,CC,NI,D
11:29:45,PTBA,RG,2540,2,D,CC,AK,F
11:29:45,PTBA,RG,2540,1,D,CC,AK,F
11:29:38,PTBA,RG,2550,82,F,ZP,KK,D
11:29:32,PTBA,RG,2540,382,D,CC,YP,D
11:29:22,PTBA,RG,2540,3,D,CC,ZP,F
11:29:17,PTBA,RG,2550,80,F,ZP,KK,D
11:29:16,PTBA,RG,2550,84,D,XC,KK,D
11:29:16,PTBA,RG,2550,50,D,XC,XC,D
11:28:56,PTBA,RG,2550,57,F,ZP,XC,D
11:28:56,PTBA,RG,2540,50,D,CC,NI,D
11:28:38,PTBA,RG,2550,51,F,ZP,XC,D
11:28:28,PTBA,RG,2540,45,D,CC,AK,F
11:28:28,PTBA,RG,2540,5,D,CC,AK,F
11:28:21,PTBA,RG,2550,56,F,ZP,XC,D
11:28:21,PTBA,RG,2540,2,D,CC,YP,D
11:28:03,PTBA,RG,2550,18,F,ZP,XC,D
11:28:00,PTBA,RG,2540,16,D,CC,AK,F
11:27:45,PTBA,RG,2540,10,D,CC,AK,F
11:27:30,PTBA,RG,2550,1,F,AK,XC,D
11:26:53,PTBA,RG,2550,15,D,NI,XC,D
11:26:29,PTBA,RG,2550,5,D,XL,XC,D
11:25:36,PTBA,RG,2550,15,D,NI,XC,D
11:25:19,PTBA,RG,2550,20,D,YP,XC,D
11:25:05,PTBA,RG,2550,5,D,NI,XC,D
11:25:00,PTBA,RG,2540,73,D,CC,AK,F
11:24:48,PTBA,RG,2550,4,D,CC,XC,D
11:24:12,PTBA,RG,2550,4,D,YP,XC,D
11:23:33,PTBA,RG,2550,7,D,CC,BK,F
11:23:30,PTBA,RG,2550,3,D,PD,BK,F
11:23:14,PTBA,RG,2550,10,D,YP,BK,F
11:23:00,PTBA,RG,2540,67,D,CC,AK,F
11:22:47,PTBA,RG,2550,2,D,XC,BK,F
11:21:58,PTBA,RG,2550,3,D,PD,BK,F
11:21:58,PTBA,RG,2540,28,D,CC,AK,F
11:21:00,PTBA,RG,2550,75,D,YP,BK,F
11:20:59,PTBA,RG,2550,20,D,NI,BK,F
11:20:22,PTBA,RG,2550,11,D,CC,BK,F
11:20:09,PTBA,RG,2550,20,D,YP,BK,F
11:19:50,PTBA,RG,2550,93,D,XA,BK,F
11:19:50,PTBA,RG,2550,24,D,XA,CS,F
11:19:50,PTBA,RG,2550,1,D,XA,CS,F
11:19:45,PTBA,RG,2540,69,D,CC,AK,F
11:18:30,PTBA,RG,2540,61,D,CC,AK,F
11:18:27,PTBA,RG,2550,100,D,PD,BK,F
11:17:57,PTBA,RG,2550,3,D,PD,BK,F
11:17:54,PTBA,RG,2550,20,D,PD,BK,F
11:17:23,PTBA,RG,2550,1,D,YU,BK,F
11:17:15,PTBA,RG,2540,47,D,CC,AK,F
11:17:14,PTBA,RG,2550,15,D,YP,BK,F
11:17:08,PTBA,RG,2550,39,D,XL,BK,F
11:16:53,PTBA,RG,2550,1,D,XC,BK,F
11:16:52,PTBA,RG,2540,20,D,CC,NI,D
11:16:27,PTBA,RG,2550,171,D,PD,BK,F
11:16:27,PTBA,RG,2550,5,D,PD,ZP,F
11:16:27,PTBA,RG,2550,24,D,PD,CS,F
11:16:21,PTBA,RG,2540,27,D,CC,BK,F
11:16:21,PTBA,RG,2550,5,D,YP,CS,F
11:16:20,PTBA,RG,2550,3,D,PD,CS,F
11:16:19,PTBA,RG,2540,5,D,CC,NI,D
11:15:45,PTBA,RG,2540,47,D,CC,AK,F
11:15:43,PTBA,RG,2550,1,D,XC,CS,F
11:15:37,PTBA,RG,2550,1,D,YP,CS,F
11:15:29,PTBA,RG,2550,1,D,YP,CS,F
11:15:21,PTBA,RG,2550,1,D,YP,ZP,F
11:15:15,PTBA,RG,2550,1,D,YP,ZP,F
11:15:13,PTBA,RG,2550,1,D,CC,ZP,F
11:15:13,PTBA,RG,2550,8,D,CC,NI,D
11:15:13,PTBA,RG,2550,1,D,CC,ZP,F
11:14:54,PTBA,RG,2540,24,D,CC,BK,F
11:14:52,PTBA,RG,2550,15,D,PD,ZP,F
11:14:52,PTBA,RG,2550,7,D,PD,CS,F
11:14:52,PTBA,RG,2550,27,D,PD,CS,F
11:14:52,PTBA,RG,2550,2,D,PD,CS,F
11:14:52,PTBA,RG,2550,22,D,PD,CS,F
11:14:52,PTBA,RG,2550,7,D,PD,CS,F
11:14:52,PTBA,RG,2540,27,D,CC,BK,F
11:14:47,PTBA,RG,2540,69,D,CC,BK,F
11:14:45,PTBA,RG,2540,360,D,CC,BK,F
11:14:39,PTBA,RG,2540,139,D,CC,CS,F
11:14:39,PTBA,RG,2550,2,D,PD,BK,F
11:14:39,PTBA,RG,2550,370,F,ZP,BK,F
11:14:38,PTBA,RG,2550,1,F,ZP,AI,D
11:14:38,PTBA,RG,2550,119,F,ZP,CD,D
11:14:36,PTBA,RG,2550,243,F,ZP,AK,F
11:14:36,PTBA,RG,2550,1,D,YU,AK,F
11:14:36,PTBA,RG,2550,9,D,EP,AK,F
11:14:36,PTBA,RG,2550,3,D,YP,AK,F
11:14:36,PTBA,RG,2550,5,D,XC,AK,F
11:14:36,PTBA,RG,2550,20,D,CC,AK,F
11:14:36,PTBA,RG,2550,40,D,YP,AK,F
11:14:36,PTBA,RG,2550,2,D,XC,AK,F
11:14:36,PTBA,RG,2550,200,D,GR,AK,F
11:14:36,PTBA,RG,2550,100,D,PD,AK,F
11:14:36,PTBA,RG,2550,5,D,NI,AK,F
11:14:36,PTBA,RG,2550,10,D,PD,AK,F
11:14:36,PTBA,RG,2550,200,D,BR,AK,F
11:14:36,PTBA,RG,2550,1,D,GR,AK,F
11:14:36,PTBA,RG,2550,100,D,CC,AK,F
11:14:36,PTBA,RG,2550,50,D,PD,AK,F
11:14:36,PTBA,RG,2550,67,F,ZP,AK,F
11:14:36,PTBA,RG,2550,5,D,CC,AK,F
11:14:36,PTBA,RG,2550,37,D,XA,AK,F
11:14:36,PTBA,RG,2550,63,F,ZP,AK,F
11:14:36,PTBA,RG,2550,5,D,YP,AK,F
11:14:36,PTBA,RG,2550,5,D,YP,AK,F
11:14:36,PTBA,RG,2550,1,D,PD,AK,F
11:14:36,PTBA,RG,2550,1,D,PD,AK,F
11:14:36,PTBA,RG,2550,64,F,ZP,AK,F
11:14:36,PTBA,RG,2550,25,D,KI,AK,F
11:14:36,PTBA,RG,2550,1,F,AK,AK,F
11:14:36,PTBA,RG,2550,1,F,AK,AK,F
11:14:36,PTBA,RG,2550,64,F,ZP,AK,F
11:14:36,PTBA,RG,2550,10,D,PD,AK,F
11:14:36,PTBA,RG,2550,500,D,YB,AK,F
11:14:36,PTBA,RG,2550,500,D,YB,AK,F
11:14:36,PTBA,RG,2550,109,F,AK,AK,F
11:14:36,PTBA,RG,2550,53,F,BK,AK,F
11:14:35,PTBA,RG,2550,1000,F,BK,SQ,D
11:14:24,PTBA,RG,2550,50,F,BK,SQ,D
11:14:14,PTBA,RG,2550,360,F,BK,CS,F
11:14:14,PTBA,RG,2550,227,F,BK,CS,F
11:14:14,PTBA,RG,2550,330,F,BK,CS,F
11:14:07,PTBA,RG,2550,1,F,BK,XC,D
11:13:55,PTBA,RG,2560,1,D,YU,YJ,D
11:13:41,PTBA,RG,2560,1,D,PD,YJ,D
11:13:33,PTBA,RG,2550,10,F,BK,XC,D
11:13:15,PTBA,RG,2550,100,F,BK,CC,D
11:12:53,PTBA,RG,2550,22,F,BK,EP,D
11:12:50,PTBA,RG,2550,12,F,BK,CC,D
11:12:36,PTBA,RG,2550,5,F,BK,EP,D
11:12:34,PTBA,RG,2550,2,F,BK,EP,D
11:12:14,PTBA,RG,2550,2,F,BK,XC,D
11:11:58,PTBA,RG,2550,1,F,BK,NI,D
11:11:40,PTBA,RG,2550,5,F,BK,NI,D
11:11:38,PTBA,RG,2550,1,F,BK,OD,D
11:11:34,PTBA,RG,2550,40,F,BK,CC,D
11:11:22,PTBA,RG,2560,10,D,HP,YJ,D
11:11:20,PTBA,RG,2550,25,F,BK,NI,D
11:11:15,PTBA,RG,2560,1,F,AK,YJ,D
11:10:53,PTBA,RG,2550,150,F,BK,IF,D
11:10:52,PTBA,RG,2560,15,D,PD,YJ,D
11:10:28,PTBA,RG,2560,10,D,PD,YJ,D
11:10:13,PTBA,RG,2560,10,D,PD,YJ,D
11:10:02,PTBA,RG,2550,20,F,BK,PD,D
11:10:00,PTBA,RG,2550,3,F,BK,PD,D
11:09:44,PTBA,RG,2550,225,F,BK,DR,D
11:09:40,PTBA,RG,2560,3,D,PD,YJ,D
11:09:15,PTBA,RG,2550,364,F,BK,YP,D
11:09:15,PTBA,RG,2550,68,F,ZP,YP,D
11:09:15,PTBA,RG,2550,218,D,YB,YP,D
11:09:09,PTBA,RG,2550,1,D,YB,XC,D
11:08:29,PTBA,RG,2550,100,D,YB,GR,D
11:08:09,PTBA,RG,2550,3,D,YB,DR,D
11:07:57,PTBA,RG,2550,678,D,YB,CS,F
11:07:53,PTBA,RG,2550,1,F,ZP,DR,D
11:07:52,PTBA,RG,2550,1,D,NI,CS,F
11:07:44,PTBA,RG,2550,1212,F,ZP,CS,F
11:07:42,PTBA,RG,2550,1,F,ZP,DR,D
11:07:42,PTBA,RG,2550,6,D,RF,CS,F
11:07:42,PTBA,RG,2550,19,D,RF,CS,F
11:07:42,PTBA,RG,2550,27,D,RF,CS,F
11:07:42,PTBA,RG,2550,20,D,RF,CS,F
11:07:42,PTBA,RG,2550,14,D,RF,CS,F
11:07:42,PTBA,RG,2550,2,D,RF,CS,F
11:07:42,PTBA,RG,2550,6,D,RF,CS,F
11:07:42,PTBA,RG,2550,78,D,RF,CS,F
11:07:42,PTBA,RG,2550,1,D,RF,DR,D
11:07:42,PTBA,RG,2550,2,D,RF,ZP,F
11:07:42,PTBA,RG,2550,3,D,RF,CS,F
11:07:42,PTBA,RG,2550,15,D,RF,CC,F
11:07:42,PTBA,RG,2550,19,D,RF,CS,F
11:07:42,PTBA,RG,2550,6,D,RF,CS,F
11:07:42,PTBA,RG,2550,32,D,RF,CS,F
11:07:37,PTBA,RG,2550,1,D,PD,CS,F
11:07:31,PTBA,RG,2550,110,F,CC,CS,F
11:07:31,PTBA,RG,2550,1,F,CC,YP,D
11:07:31,PTBA,RG,2550,10,F,CC,YP,D
11:07:31,PTBA,RG,2550,3,F,CC,CS,F
11:07:31,PTBA,RG,2550,20,F,CC,ZP,F
11:07:31,PTBA,RG,2550,8,F,CC,XC,D
11:07:31,PTBA,RG,2550,141,F,CC,BK,F
11:07:31,PTBA,RG,2550,27,F,CC,IF,D
11:07:25,PTBA,RG,2550,9,D,YP,IF,D
11:07:11,PTBA,RG,2550,1,D,AI,IF,D
11:07:10,PTBA,RG,2550,113,F,AK,IF,D
11:07:10,PTBA,RG,2550,8,F,AK,NI,D
11:07:10,PTBA,RG,2550,30,F,AK,PD,D
11:07:10,PTBA,RG,2550,60,F,AK,AK,F
11:07:10,PTBA,RG,2550,5,F,ZP,AK,F
11:07:10,PTBA,RG,2550,5,F,ZP,YP,D
11:07:10,PTBA,RG,2550,5,F,ZP,PD,D
11:07:10,PTBA,RG,2550,20,F,ZP,YP,D
11:07:10,PTBA,RG,2550,3,F,ZP,NI,D
11:07:10,PTBA,RG,2550,1,F,ZP,DH,D
11:07:10,PTBA,RG,2550,1,F,ZP,BK,F
11:07:10,PTBA,RG,2550,20,F,ZP,KK,D
11:07:10,PTBA,RG,2550,5,F,ZP,YP,D
11:07:10,PTBA,RG,2550,1,F,ZP,YP,D
11:07:10,PTBA,RG,2550,1,F,ZP,DR,D
11:07:10,PTBA,RG,2550,508,F,ZP,PD,D
11:07:10,PTBA,RG,2550,49,F,ZP,CC,D
11:07:10,PTBA,RG,2550,65,F,ZP,AT,D
11:07:10,PTBA,RG,2550,6,F,ZP,CS,F
11:07:10,PTBA,RG,2550,16,F,ZP,CS,F
11:07:10,PTBA,RG,2550,17,F,ZP,ZP,F
11:07:10,PTBA,RG,2550,15,F,ZP,YP,D
11:07:10,PTBA,RG,2550,2,F,ZP,EP,D
11:07:10,PTBA,RG,2550,1,F,ZP,NI,D
11:07:10,PTBA,RG,2550,3,F,ZP,NI,D
11:07:10,PTBA,RG,2550,17,F,ZP,CS,F
11:07:10,PTBA,RG,2550,3,F,ZP,CS,F
11:07:10,PTBA,RG,2550,30,F,ZP,EP,D
11:07:10,PTBA,RG,2550,4,F,ZP,CS,F
11:07:10,PTBA,RG,2550,5,F,ZP,OD,D
11:07:10,PTBA,RG,2550,8,F,ZP,NI,D
11:07:10,PTBA,RG,2550,7,F,ZP,CC,F
11:07:10,PTBA,RG,2550,20,F,ZP,OD,D
11:07:10,PTBA,RG,2550,7,F,ZP,ZP,F
11:07:10,PTBA,RG,2550,1,F,ZP,CS,F
11:07:10,PTBA,RG,2550,11,F,ZP,CS,F
11:07:10,PTBA,RG,2550,5,F,ZP,NI,D
11:07:10,PTBA,RG,2550,100,F,ZP,DR,D
11:07:10,PTBA,RG,2550,10,F,ZP,NI,D
11:07:10,PTBA,RG,2550,206,F,ZP,CS,F
11:07:08,PTBA,RG,2550,27,F,CC,CS,F
11:07:08,PTBA,RG,2550,5,F,CC,CS,F
11:07:08,PTBA,RG,2550,121,F,CC,CS,F
11:06:53,PTBA,RG,2550,25,F,ZP,CS,F
11:06:53,PTBA,RG,2550,14,F,ZP,CS,F
11:06:53,PTBA,RG,2550,10,F,ZP,YP,D
11:06:53,PTBA,RG,2550,18,F,ZP,KK,D
11:06:47,PTBA,RG,2550,1,D,XL,KK,D
11:06:41,PTBA,RG,2550,7,D,XC,KK,D
11:06:41,PTBA,RG,2550,5,D,XC,ZP,F
11:06:41,PTBA,RG,2550,2,D,XC,CS,F
11:06:41,PTBA,RG,2550,6,D,XC,XL,D
11:06:33,PTBA,RG,2550,24,D,KK,XL,D
11:06:33,PTBA,RG,2550,2,D,KK,NI,D
11:06:33,PTBA,RG,2550,6,D,KK,CS,F
11:06:33,PTBA,RG,2550,2,D,KK,CS,F
11:06:33,PTBA,RG,2550,16,D,KK,AK,F
11:06:32,PTBA,RG,2550,45,F,ZP,AK,F
11:06:32,PTBA,RG,2550,5,F,ZP,ZP,F
11:06:32,PTBA,RG,2550,2,F,ZP,CS,F
11:06:29,PTBA,RG,2550,39,D,KK,CS,F
11:06:13,PTBA,RG,2550,10,D,PD,CS,F
11:06:13,PTBA,RG,2550,46,F,ZP,CS,F
11:06:01,PTBA,RG,2550,178,D,RF,CS,F
11:06:01,PTBA,RG,2550,72,D,RF,CS,F
11:05:58,PTBA,RG,2550,64,F,ZP,CS,F
11:05:57,PTBA,RG,2540,1,D,CC,PD,D
11:05:47,PTBA,RG,2540,3,D,CC,PD,D
11:05:38,PTBA,RG,2550,64,F,ZP,CS,F
11:05:23,PTBA,RG,2550,5,D,NI,CS,F
11:05:18,PTBA,RG,2550,16,F,ZP,CS,F
11:05:18,PTBA,RG,2550,46,F,ZP,IF,D
11:05:08,PTBA,RG,2540,200,D,CC,YP,D
11:04:58,PTBA,RG,2550,48,F,ZP,IF,D
11:04:54,PTBA,RG,2550,52,D,NI,IF,D
11:04:38,PTBA,RG,2550,43,F,ZP,IF,D
11:04:31,PTBA,RG,2540,4,D,CC,ZP,F
11:04:30,PTBA,RG,2550,1,F,AK,IF,D
11:04:21,PTBA,RG,2550,5,D,CC,IF,D
11:04:20,PTBA,RG,2550,5,F,ZP,IF,D
11:04:20,PTBA,RG,2550,3,F,ZP,CS,F
11:04:20,PTBA,RG,2550,1,F,ZP,YP,D
11:04:20,PTBA,RG,2550,33,F,ZP,CS,F
11:04:19,PTBA,RG,2550,5,D,YP,CS,F
11:04:18,PTBA,RG,2550,25,D,KK,CS,F
11:04:04,PTBA,RG,2550,2,D,CC,CS,F
11:04:03,PTBA,RG,2550,27,D,XC,CS,F
11:04:03,PTBA,RG,2550,54,F,ZP,CS,F
11:03:43,PTBA,RG,2550,55,F,ZP,BK,F
11:03:37,PTBA,RG,2550,8,D,YP,BK,F
11:03:26,PTBA,RG,2550,200,D,IP,BK,F
11:03:23,PTBA,RG,2550,58,F,ZP,BK,F
11:03:15,PTBA,RG,2540,5,D,CC,ZP,F
11:03:08,PTBA,RG,2550,54,F,ZP,BK,F
11:03:02,PTBA,RG,2540,3,D,CC,PD,D
11:03:01,PTBA,RG,2550,156,D,YP,BK,F
11:03:01,PTBA,RG,2550,10,D,YP,CC,D
11:03:01,PTBA,RG,2550,1,D,YP,PD,D
11:03:01,PTBA,RG,2550,53,D,YP,AK,F
11:03:01,PTBA,RG,2550,51,D,YP,AK,F
11:03:01,PTBA,RG,2550,121,D,YP,YJ,D
11:02:49,PTBA,RG,2550,48,F,ZP,YJ,D
11:02:49,PTBA,RG,2540,72,D,CC,PD,D
11:02:40,PTBA,RG,2550,25,D,CC,YJ,D
11:02:32,PTBA,RG,2550,59,F,ZP,YJ,D
11:02:13,PTBA,RG,2540,20,D,CC,KK,D
11:02:12,PTBA,RG,2550,49,F,ZP,YJ,D
11:02:07,PTBA,RG,2540,4,D,CC,ZP,F
11:01:53,PTBA,RG,2550,70,F,ZP,YJ,D
11:01:44,PTBA,RG,2550,41,D,KK,YJ,D
11:01:33,PTBA,RG,2550,70,F,ZP,YJ,D
11:01:17,PTBA,RG,2550,98,D,XA,YJ,D
11:01:13,PTBA,RG,2550,63,F,ZP,YJ,D
11:01:12,PTBA,RG,2550,100,D,NI,YJ,D
11:01:07,PTBA,RG,2540,1,D,CC,ZP,F
11:00:53,PTBA,RG,2550,51,F,ZP,YJ,D
11:00:33,PTBA,RG,2550,60,F,ZP,YJ,D
11:00:28,PTBA,RG,2540,2,D,CC,SQ,D
11:00:28,PTBA,RG,2540,5,D,CC,PD,D
10:59:59,PTBA,RG,2540,1,D,CC,DH,D
10:58:30,PTBA,RG,2550,20,D,PD,YJ,D
10:57:43,PTBA,RG,2550,5,D,XC,YJ,D
10:57:40,PTBA,RG,2550,4,D,PD,YJ,D
10:57:03,PTBA,RG,2550,316,F,AK,YJ,D
10:57:03,PTBA,RG,2550,10,F,AK,ZP,F
10:56:56,PTBA,RG,2550,1,D,PD,ZP,F
10:56:38,PTBA,RG,2550,1,D,XC,BK,F
10:56:32,PTBA,RG,2540,150,D,CC,IF,D
10:56:27,PTBA,RG,2550,2,D,XC,BK,F
10:54:52,PTBA,RG,2550,2,D,PD,BK,F
10:54:42,PTBA,RG,2550,1,D,NI,BK,F
10:54:41,PTBA,RG,2550,10,D,AG,BK,F
10:54:37,PTBA,RG,2550,111,D,YP,BK,F
10:54:12,PTBA,RG,2550,4,D,CC,BK,F
10:54:10,PTBA,RG,2550,5,D,YP,BK,F
10:53:48,PTBA,RG,2550,10,D,YP,BK,F
10:53:30,PTBA,RG,2550,3,D,XC,BK,F
10:53:23,PTBA,RG,2550,1,D,EP,BK,F
10:53:20,PTBA,RG,2550,2,D,XC,BK,F
10:53:17,PTBA,RG,2550,1,D,XC,BK,F
10:53:15,PTBA,RG,2550,2,D,EP,BK,F
10:53:13,PTBA,RG,2550,100,D,KK,BK,F
10:52:16,PTBA,RG,2550,185,D,KK,BK,F
10:52:16,PTBA,RG,2550,8,D,KK,ZP,F
10:52:16,PTBA,RG,2550,7,D,KK,CS,F
10:52:16,PTBA,RG,2550,1,D,KK,CS,F
10:51:51,PTBA,RG,2550,10,D,XC,CS,F
10:51:45,PTBA,RG,2540,27,D,CC,BK,F
10:51:43,PTBA,RG,2550,239,D,KK,CS,F
10:51:43,PTBA,RG,2550,4,D,KK,CS,F
10:51:43,PTBA,RG,2550,26,D,KK,CS,F
10:51:43,PTBA,RG,2550,2,D,KK,CS,F
10:51:43,PTBA,RG,2550,2,D,KK,CS,F
10:51:43,PTBA,RG,2550,1,D,KK,AI,D
10:51:43,PTBA,RG,2550,1,D,KK,CS,F
10:51:43,PTBA,RG,2550,25,D,KK,YJ,D
10:50:41,PTBA,RG,2550,1,D,PD,YJ,D
10:50:40,PTBA,RG,2540,1,D,CC,DR,D
10:49:52,PTBA,RG,2540,36,D,CC,BK,F
10:49:51,PTBA,RG,2550,200,D,CC,YJ,D
10:49:41,PTBA,RG,2540,1,D,CC,XC,D
10:49:19,PTBA,RG,2540,39,D,CC,BK,F
10:49:16,PTBA,RG,2540,138,D,CC,IF,D
10:49:16,PTBA,RG,2540,2,D,XC,IF,D
10:49:16,PTBA,RG,2540,1,D,PD,IF,D
10:49:16,PTBA,RG,2540,2,D,XC,IF,D
10:49:16,PTBA,RG,2540,7,D,YP,IF,D
10:49:16,PTBA,RG,2540,5,D,YP,DR,D
10:48:56,PTBA,RG,2540,31,D,YP,BK,F
10:48:54,PTBA,RG,2540,65,D,YP,BK,F
10:48:51,PTBA,RG,2540,392,D,YP,YP,D
10:48:51,PTBA,RG,2540,50,D,PD,YP,D
10:48:51,PTBA,RG,2540,1,D,XC,YP,D
10:48:51,PTBA,RG,2540,1,D,PD,YP,D
10:48:51,PTBA,RG,2540,10,F,ZP,YP,D
10:48:45,PTBA,RG,2550,1,D,NI,YJ,D
10:48:43,PTBA,RG,2550,29,D,KK,YJ,D
10:48:28,PTBA,RG,2550,4,D,PD,YJ,D
10:47:36,PTBA,RG,2540,3,F,ZP,PD,D
10:47:27,PTBA,RG,2550,3,D,PD,YJ,D
10:47:24,PTBA,RG,2550,2,D,KK,YJ,D
10:47:12,PTBA,RG,2550,3,D,OD,YJ,D
10:47:10,PTBA,RG,2540,20,F,ZP,PD,D
10:47:08,PTBA,RG,2540,28,F,ZP,BK,F
10:47:05,PTBA,RG,2540,160,F,ZP,XC,D
10:47:02,PTBA,RG,2540,25,F,ZP,BK,F
10:47:02,PTBA,RG,2550,100,D,PD,YJ,D
10:46:54,PTBA,RG,2550,10,D,KK,YJ,D
10:46:53,PTBA,RG,2540,39,F,ZP,BK,F
10:46:51,PTBA,RG,2550,22,F,ZP,YJ,D
10:46:51,PTBA,RG,2550,2,F,ZP,YJ,D
10:46:51,PTBA,RG,2550,98,D,XL,YJ,D
10:46:50,PTBA,RG,2550,8,D,DH,CS,F
10:46:50,PTBA,RG,2540,38,F,ZP,BK,F
10:46:46,PTBA,RG,2540,251,F,ZP,BK,F
10:46:41,PTBA,RG,2550,150,D,NI,AK,F
10:46:41,PTBA,RG,2550,5,D,XC,AK,F
10:46:41,PTBA,RG,2550,1,D,PD,AK,F
10:46:41,PTBA,RG,2550,100,D,YP,AK,F
10:46:41,PTBA,RG,2550,100,D,CC,AK,F
10:46:41,PTBA,RG,2550,97,F,ZP,AK,F
10:46:41,PTBA,RG,2550,10,D,KK,AK,F
10:46:41,PTBA,RG,2550,3,D,YP,AK,F
10:46:41,PTBA,RG,2550,12,D,XC,AK,F
10:46:41,PTBA,RG,2550,100,D,CC,AK,F
10:46:41,PTBA,RG,2550,200,D,CP,AK,F
10:46:41,PTBA,RG,2550,10,D,YP,AK,F
10:46:41,PTBA,RG,2550,1,D,PD,AK,F
10:46:41,PTBA,RG,2550,20,D,PD,AK,F
10:46:41,PTBA,RG,2550,79,D,PD,AK,F
10:46:41,PTBA,RG,2550,40,D,CC,AK,F
10:46:41,PTBA,RG,2550,5,D,YP,AK,F
10:46:41,PTBA,RG,2550,1,D,PD,AK,F
10:46:41,PTBA,RG,2550,1,D,PD,AK,F
10:46:41,PTBA,RG,2550,31,D,XC,AK,F
10:46:41,PTBA,RG,2550,1,D,YP,AK,F
10:46:41,PTBA,RG,2550,25,D,YP,AK,F
10:46:41,PTBA,RG,2550,5,D,PD,AK,F
10:46:41,PTBA,RG,2550,10,D,CC,AK,F
10:46:41,PTBA,RG,2550,10,D,DH,AK,F
10:46:41,PTBA,RG,2550,1,F,AK,AK,F
10:46:41,PTBA,RG,2550,6,D,PD,AK,F
10:46:41,PTBA,RG,2550,125,D,KK,AK,F
10:46:41,PTBA,RG,2550,602,F,ZP,AK,F
10:46:41,PTBA,RG,2550,214,F,ZP,AK,F
10:46:41,PTBA,RG,2550,300,F,ZP,YJ,D
10:46:41,PTBA,RG,2550,150,D,KK,YJ,D
10:46:41,PTBA,RG,2550,8,D,PD,YJ,D
10:46:41,PTBA,RG,2550,173,F,AK,YJ,D
10:46:41,PTBA,RG,2550,2,D,PD,YJ,D
10:46:41,PTBA,RG,2550,300,D,OD,YJ,D
10:46:41,PTBA,RG,2550,1,F,AK,YJ,D
10:46:41,PTBA,RG,2550,9,D,PD,YJ,D
10:46:41,PTBA,RG,2550,557,F,BK,YJ,D
10:46:24,PTBA,RG,2550,10,F,BK,XC,D
10:46:22,PTBA,RG,2560,50,D,YP,YJ,D
10:46:10,PTBA,RG,2560,15,D,CC,YJ,D
10:46:10,PTBA,RG,2550,5,F,BK,XC,D
10:45:55,PTBA,RG,2560,2,D,NI,YJ,D
10:45:50,PTBA,RG,2550,100,F,BK,NI,D
10:45:49,PTBA,RG,2550,1,F,BK,YP,D
10:45:43,PTBA,RG,2560,4,D,PD,YJ,D
10:45:39,PTBA,RG,2550,1,F,BK,NI,D
10:45:36,PTBA,RG,2560,1,D,NI,YJ,D
10:45:35,PTBA,RG,2550,50,F,BK,SQ,D
10:45:08,PTBA,RG,2550,48,F,BK,SQ,D
10:45:07,PTBA,RG,2550,2,F,BK,YP,D
10:45:00,PTBA,RG,2560,1,F,AK,YJ,D
10:44:56,PTBA,RG,2550,199,F,BK,CC,D
10:44:44,PTBA,RG,2550,150,F,BK,IF,D
10:44:29,PTBA,RG,2550,2,F,BK,XC,D
10:44:28,PTBA,RG,2560,2,D,PD,YJ,D
10:44:16,PTBA,RG,2550,1,F,BK,PD,D
10:43:56,PTBA,RG,2550,1,F,BK,AT,D
10:43:30,PTBA,RG,2550,196,F,BK,OD,D
10:43:30,PTBA,RG,2550,4,D,LG,OD,D
10:43:05,PTBA,RG,2550,1,D,LG,CC,D
10:43:00,PTBA,RG,2550,10,D,LG,PD,D
10:42:58,PTBA,RG,2560,55,D,KK,YJ,D
10:42:50,PTBA,RG,2550,2,D,LG,XC,D
10:42:47,PTBA,RG,2550,3,D,LG,NI,D
10:42:47,PTBA,RG,2550,18,F,CS,NI,D
10:42:38,PTBA,RG,2550,836,F,CS,DR,D
10:42:38,PTBA,RG,2550,1,D,AI,DR,D
10:42:38,PTBA,RG,2550,973,F,ZP,DR,D
10:42:38,PTBA,RG,2550,1190,F,ZP,DR,D
10:42:32,PTBA,RG,2560,19,F,ZP,YJ,D
10:42:32,PTBA,RG,2550,20,F,ZP,YP,D
10:42:26,PTBA,RG,2550,3,F,ZP,NI,D
10:42:26,PTBA,RG,2550,7,F,AK,NI,D
10:42:26,PTBA,RG,2560,6,D,XC,YJ,D
10:42:25,PTBA,RG,2550,50,F,AK,SQ,D
10:42:23,PTBA,RG,2560,2,D,PD,YJ,D
10:42:18,PTBA,RG,2550,1,F,AK,YP,D
10:42:13,PTBA,RG,2550,4,F,AK,YP,D
10:42:06,PTBA,RG,2550,2,F,AK,PD,D
10:42:05,PTBA,RG,2560,1,D,HD,YJ,D
10:41:57,PTBA,RG,2550,3,F,ZP,CS,F
10:41:57,PTBA,RG,2550,7,F,AK,CS,F
10:41:57,PTBA,RG,2550,22,F,AK,ZP,F
10:41:57,PTBA,RG,2550,50,F,AK,CC,D
10:41:57,PTBA,RG,2550,14,F,AK,CS,F
10:41:57,PTBA,RG,2550,5,F,AK,NI,D
10:41:57,PTBA,RG,2550,58,F,AK,AK,F
10:41:57,PTBA,RG,2550,35,F,AK,CC,D
10:41:57,PTBA,RG,2550,1,F,AK,XC,D
10:41:57,PTBA,RG,2550,73,F,AK,YP,D
10:41:57,PTBA,RG,2550,9,F,AK,CS,F
10:41:57,PTBA,RG,2550,1,F,AK,CC,D
10:41:57,PTBA,RG,2550,10,F,AK,XC,D
10:41:57,PTBA,RG,2550,341,F,AK,CS,F
10:41:57,PTBA,RG,2550,293,F,AK,CS,F
10:41:57,PTBA,RG,2550,10,F,AK,NI,D
10:41:57,PTBA,RG,2550,5,F,AK,XC,D
10:41:57,PTBA,RG,2550,1,F,AK,CS,F
10:41:57,PTBA,RG,2550,200,F,AK,NI,D
10:41:57,PTBA,RG,2550,64,F,AK,AK,F
10:41:57,PTBA,RG,2550,102,F,AK,CS,F
10:41:57,PTBA,RG,2550,2,F,AK,AZ,D
10:41:57,PTBA,RG,2550,51,F,AK,CC,D
10:41:57,PTBA,RG,2550,1,F,AK,XL,D
10:41:57,PTBA,RG,2550,1,F,AK,AT,D
10:41:57,PTBA,RG,2550,3250,F,AK,YP,D
10:41:57,PTBA,RG,2550,3,F,AK,CS,F
10:41:57,PTBA,RG,2550,6,F,AK,CS,F
10:41:57,PTBA,RG,2550,15,F,AK,CS,F
10:41:57,PTBA,RG,2550,233,F,AK,CS,F
10:41:57,PTBA,RG,2550,100,F,AK,ZP,D
10:41:57,PTBA,RG,2550,100,F,AK,ZP,D
10:41:57,PTBA,RG,2550,2,F,AK,PD,D
10:41:57,PTBA,RG,2550,205,F,AK,CS,F
10:41:57,PTBA,RG,2550,1,F,AK,YP,D
10:41:57,PTBA,RG,2550,25,F,AK,CC,D
10:41:57,PTBA,RG,2550,3,F,AK,PD,D
10:41:57,PTBA,RG,2550,1,F,AK,BK,F
10:41:57,PTBA,RG,2550,25,F,AK,SQ,D
10:41:57,PTBA,RG,2550,110,F,AK,CS,F
10:41:57,PTBA,RG,2550,2,F,AK,ZP,F
10:41:57,PTBA,RG,2550,1,F,AK,CC,D
10:41:57,PTBA,RG,2550,3,F,AK,ZP,F
10:41:57,PTBA,RG,2550,3,F,AK,NI,D
10:41:57,PTBA,RG,2550,21,F,AK,CS,F
10:41:57,PTBA,RG,2550,1,F,AK,XC,D
10:41:57,PTBA,RG,2550,119,F,AK,CS,F
10:41:57,PTBA,RG,2550,70,F,AK,AK,F
10:41:57,PTBA,RG,2550,98,F,AK,YP,D
10:41:57,PTBA,RG,2550,2,F,AK,ZP,F
10:41:57,PTBA,RG,2550,8,F,AK,NI,D
10:41:57,PTBA,RG,2550,140,F,AK,CS,F
10:41:57,PTBA,RG,2550,9,F,AK,CS,F
10:41:57,PTBA,RG,2550,2,F,AK,CS,F
10:41:57,PTBA,RG,2550,100,F,AK,KK,D
10:41:57,PTBA,RG,2550,3,F,AK,ZP,F
10:41:57,PTBA,RG,2550,28,F,AK,CS,F
10:41:57,PTBA,RG,2550,2,F,AK,CS,F
10:41:57,PTBA,RG,2550,149,F,AK,CS,F
10:41:57,PTBA,RG,2550,60,F,AK,CS,F
10:41:57,PTBA,RG,2550,1,F,AK,XC,D
10:41:57,PTBA,RG,2550,1,F,AK,XC,D
10:41:57,PTBA,RG,2550,20,F,AK,XC,D
10:41:57,PTBA,RG,2550,1,F,AK,DH,D
10:41:57,PTBA,RG,2550,2,F,AK,XC,D
10:41:57,PTBA,RG,2550,200,F,AK,IF,D
10:41:57,PTBA,RG,2550,2,F,AK,KK,D
10:41:57,PTBA,RG,2550,56,F,AK,DR,D
10:41:57,PTBA,RG,2550,1,F,AK,PD,D
10:41:57,PTBA,RG,2550,2,F,AK,YP,D
10:41:57,PTBA,RG,2550,30,F,AK,DH,D
10:41:57,PTBA,RG,2550,10,F,AK,PD,D
10:41:57,PTBA,RG,2550,1,F,AK,DH,D
10:41:57,PTBA,RG,2550,1,F,AK,PD,D
10:41:57,PTBA,RG,2550,3,F,AK,PD,D
10:41:57,PTBA,RG,2550,3,F,AK,YP,D
10:41:57,PTBA,RG,2550,5,F,AK,KK,D
10:41:57,PTBA,RG,2550,4,F,AK,PD,D
10:41:57,PTBA,RG,2550,25,F,AK,AF,D
10:41:57,PTBA,RG,2550,100,F,AK,YP,D
10:41:57,PTBA,RG,2550,31,F,AK,PD,D
10:41:57,PTBA,RG,2550,10,F,AK,NI,D
10:41:57,PTBA,RG,2550,10,F,AK,NI,D
10:41:57,PTBA,RG,2550,3,F,AK,PD,D
10:41:57,PTBA,RG,2550,1,F,AK,OD,D
10:41:57,PTBA,RG,2550,126,F,AK,CC,D
10:41:57,PTBA,RG,2550,1,F,AK,SQ,D
10:41:57,PTBA,RG,2550,5,F,AK,NI,D
10:41:57,PTBA,RG,2550,100,F,AK,KK,D
10:41:57,PTBA,RG,2550,3,F,AK,XL,D
10:41:57,PTBA,RG,2550,10,F,AK,YP,D
10:41:57,PTBA,RG,2550,75,F,AK,YP,D
10:41:57,PTBA,RG,2550,4,F,AK,XL,D
10:41:57,PTBA,RG,2550,1,F,AK,NI,D
10:41:57,PTBA,RG,2550,10,F,AK,NI,D
10:41:57,PTBA,RG,2550,936,F,AK,EP,D
10:41:56,PTBA,RG,2550,64,D,HD,EP,D
10:41:56,PTBA,RG,2550,38,D,HD,OD,D
10:41:56,PTBA,RG,2550,147,D,HD,OD,D
10:41:56,PTBA,RG,2550,158,D,HD,OD,D
10:41:56,PTBA,RG,2550,157,D,HD,OD,D
10:41:56,PTBA,RG,2550,15,D,HD,NI,D
10:41:56,PTBA,RG,2550,20,D,HD,TF,D
10:41:56,PTBA,RG,2550,6,D,HD,XC,D
10:41:56,PTBA,RG,2550,50,D,HD,PD,D
10:41:56,PTBA,RG,2550,20,D,HD,PD,D
10:41:56,PTBA,RG,2550,102,D,HD,YJ,D
10:41:56,PTBA,RG,2550,226,D,HD,YJ,D
10:41:56,PTBA,RG,2550,113,D,HD,YJ,D
10:41:56,PTBA,RG,2550,109,D,HD,YJ,D
10:41:56,PTBA,RG,2550,109,D,HD,YJ,D
10:41:56,PTBA,RG,2550,111,D,HD,YJ,D
10:41:56,PTBA,RG,2550,114,D,HD,YJ,D
10:41:56,PTBA,RG,2550,119,D,HD,YJ,D
10:41:56,PTBA,RG,2550,125,D,HD,YJ,D
10:41:56,PTBA,RG,2550,133,D,HD,YJ,D
10:41:56,PTBA,RG,2550,141,D,HD,YJ,D
10:41:56,PTBA,RG,2550,151,D,HD,YJ,D
10:41:56,PTBA,RG,2550,163,D,HD,YJ,D
10:41:56,PTBA,RG,2550,177,D,HD,YJ,D
10:41:56,PTBA,RG,2550,192,D,HD,YJ,D
10:41:56,PTBA,RG,2550,208,D,HD,YJ,D
10:41:56,PTBA,RG,2550,7,D,HD,YJ,D
10:41:56,PTBA,RG,2550,5,D,HD,KK,D
10:41:56,PTBA,RG,2550,1,D,HD,PD,D
10:41:56,PTBA,RG,2550,1,D,HD,XL,D
10:41:56,PTBA,RG,2550,70,D,HD,CC,D
10:41:56,PTBA,RG,2550,86,D,HD,CC,D
10:41:56,PTBA,RG,2550,44,D,HD,CC,D
10:41:56,PTBA,RG,2550,20,D,HD,DH,D
10:41:56,PTBA,RG,2550,15,D,HD,XC,D
10:41:56,PTBA,RG,2550,11,D,HD,OD,D
10:41:56,PTBA,RG,2550,93,D,HD,OD,D
10:41:56,PTBA,RG,2550,98,D,HD,OD,D
10:41:56,PTBA,RG,2550,98,D,HD,OD,D
10:41:56,PTBA,RG,2550,1,D,HD,XC,D
10:41:56,PTBA,RG,2550,4,D,HD,YP,D
10:41:56,PTBA,RG,2550,26,D,HD,YP,D
10:41:56,PTBA,RG,2550,83,D,HD,LG,D
10:41:56,PTBA,RG,2550,17,D,HD,LG,D
10:41:56,PTBA,RG,2550,1,D,HD,YP,D
10:41:56,PTBA,RG,2550,5,D,HD,NI,D
10:41:56,PTBA,RG,2550,50,D,HD,YP,D
10:41:56,PTBA,RG,2550,3,D,HD,CC,D
10:41:56,PTBA,RG,2550,2,D,HD,CC,D
10:41:56,PTBA,RG,2550,37,D,HD,YP,F
10:41:56,PTBA,RG,2550,63,D,HD,YP,F
10:41:56,PTBA,RG,2550,3,D,HD,SQ,D
10:41:56,PTBA,RG,2550,10,D,HD,CC,D
10:41:56,PTBA,RG,2550,1,D,HD,PD,D
10:41:56,PTBA,RG,2550,46,D,HD,EP,D
10:41:56,PTBA,RG,2550,54,D,HD,EP,D
10:41:56,PTBA,RG,2550,60,D,HD,AG,D
10:41:56,PTBA,RG,2550,17,D,HD,YP,D
10:41:55,PTBA,RG,2550,2,D,PD,YP,D
10:41:44,PTBA,RG,2540,1,F,ZP,XC,D
10:41:41,PTBA,RG,2550,31,D,PD,YP,D
10:41:41,PTBA,RG,2550,20,D,PD,YP,D
10:41:41,PTBA,RG,2550,6,D,PD,BQ,D
10:41:41,PTBA,RG,2550,1,D,PD,PD,D
10:41:41,PTBA,RG,2550,20,D,PD,PD,D
10:41:41,PTBA,RG,2550,1,D,PD,YP,D
10:41:41,PTBA,RG,2550,2,D,PD,PD,D
10:41:41,PTBA,RG,2550,1,D,PD,YP,D
10:41:41,PTBA,RG,2550,18,D,PD,SQ,D
10:41:38,PTBA,RG,2540,49,F,ZP,BK,F
10:41:36,PTBA,RG,2550,2,D,DH,SQ,D
10:41:36,PTBA,RG,2550,50,D,DH,DH,D
10:41:36,PTBA,RG,2550,50,D,DH,PD,D
10:41:36,PTBA,RG,2550,1,D,DH,XC,D
10:41:36,PTBA,RG,2550,2,D,DH,NI,D
10:41:36,PTBA,RG,2550,95,D,DH,SQ,D
10:41:34,PTBA,RG,2550,4,D,KK,SQ,D
10:41:34,PTBA,RG,2540,64,F,ZP,BK,F
10:41:31,PTBA,RG,2550,1,D,OD,SQ,D
10:41:31,PTBA,RG,2550,10,D,OD,CC,D
10:41:31,PTBA,RG,2550,15,D,OD,PD,D
10:41:31,PTBA,RG,2550,1,D,OD,DR,D
10:41:31,PTBA,RG,2550,100,D,OD,PD,D
10:41:31,PTBA,RG,2550,20,D,OD,PD,D
10:41:31,PTBA,RG,2550,40,D,OD,CC,D
10:41:31,PTBA,RG,2550,100,D,OD,YP,D
10:41:31,PTBA,RG,2550,1,D,OD,PD,D
10:41:31,PTBA,RG,2550,15,D,OD,PD,D
10:41:31,PTBA,RG,2550,20,D,OD,YP,D
10:41:31,PTBA,RG,2550,1,D,OD,YB,D
10:41:31,PTBA,RG,2550,10,D,OD,YP,D
10:41:31,PTBA,RG,2550,10,D,OD,PD,D
10:41:31,PTBA,RG,2550,5,D,OD,XC,D
10:41:31,PTBA,RG,2550,5,D,OD,PD,D
10:41:31,PTBA,RG,2550,4,D,OD,KK,D
10:41:31,PTBA,RG,2550,34,D,OD,CC,D
10:41:24,PTBA,RG,2550,6,D,PD,CC,D
10:41:24,PTBA,RG,2550,4,D,PD,GR,D
10:41:24,PTBA,RG,2540,39,F,ZP,BK,F
10:41:22,PTBA,RG,2550,3,D,PD,GR,D
10:41:22,PTBA,RG,2550,3,D,PD,NI,D
10:41:22,PTBA,RG,2550,5,D,PD,LG,D
10:41:22,PTBA,RG,2550,5,D,PD,PD,D
10:41:22,PTBA,RG,2550,1,D,PD,DR,D
10:41:22,PTBA,RG,2550,10,D,PD,PD,D
10:41:22,PTBA,RG,2550,73,D,PD,KK,D
10:41:21,PTBA,RG,2550,29,D,YP,KK,D
10:41:16,PTBA,RG,2540,30,F,ZP,BK,F
10:41:12,PTBA,RG,2550,51,F,ZP,KK,D
10:41:11,PTBA,RG,2550,50,D,SQ,KK,D
10:41:11,PTBA,RG,2550,33,D,OD,KK,D
10:41:11,PTBA,RG,2550,4,D,OD,XC,D
10:41:11,PTBA,RG,2550,2,D,OD,PD,D
10:40:57,PTBA,RG,2550,3,D,XC,PD,D
10:40:53,PTBA,RG,2550,5,F,ZP,PD,D
10:40:53,PTBA,RG,2550,2,F,ZP,CC,D
10:40:53,PTBA,RG,2550,46,F,ZP,CC,D
10:40:43,PTBA,RG,2550,4,D,EP,CC,D
10:40:43,PTBA,RG,2550,16,D,EP,YP,D
10:40:35,PTBA,RG,2540,1,F,ZP,XC,D
10:40:33,PTBA,RG,2550,26,F,ZP,YP,D
10:40:16,PTBA,RG,2540,27,F,ZP,BK,F
10:40:16,PTBA,RG,2540,8,D,KK,BK,F
10:40:13,PTBA,RG,2550,56,F,ZP,YP,D
10:40:00,PTBA,RG,2550,1,F,AK,YP,D
10:39:53,PTBA,RG,2550,15,D,DH,YP,D
10:39:53,PTBA,RG,2550,94,F,ZP,YP,D
10:39:44,PTBA,RG,2540,49,D,KK,BK,F
10:39:42,PTBA,RG,2550,100,D,DH,YP,D
10:39:33,PTBA,RG,2550,63,F,ZP,YP,D
10:39:27,PTBA,RG,2540,5,D,KK,PD,D
10:39:17,PTBA,RG,2540,27,D,KK,BK,F
10:39:13,PTBA,RG,2550,61,F,ZP,YP,D
10:39:05,PTBA,RG,2540,1,D,KK,PD,D
10:38:53,PTBA,RG,2540,100,D,KK,SQ,D
10:38:53,PTBA,RG,2550,28,F,ZP,YP,D
10:38:53,PTBA,RG,2550,21,F,ZP,DH,D
10:38:37,PTBA,RG,2550,29,F,ZP,DH,D
10:38:37,PTBA,RG,2550,19,F,ZP,KK,D
10:38:28,PTBA,RG,2540,3,D,KK,PD,D
10:38:24,PTBA,RG,2540,1,D,KK,PD,D
10:38:18,PTBA,RG,2550,67,F,ZP,KK,D
10:38:15,PTBA,RG,2540,25,D,KK,OD,D
10:38:04,PTBA,RG,2550,2,D,YP,KK,D
10:37:58,PTBA,RG,2550,65,F,ZP,KK,D
10:37:52,PTBA,RG,2550,2,D,KK,KK,D
10:37:40,PTBA,RG,2540,1,D,KK,PD,D
10:37:39,PTBA,RG,2550,61,F,ZP,KK,D
10:37:37,PTBA,RG,2550,2,D,KK,KK,D
10:37:26,PTBA,RG,2550,282,D,SQ,KK,D
10:37:26,PTBA,RG,2550,1,D,SQ,CC,D
10:37:26,PTBA,RG,2550,2,D,SQ,NI,D
10:37:26,PTBA,RG,2550,5,D,SQ,XC,D
10:37:26,PTBA,RG,2550,8,D,SQ,XC,D
10:37:26,PTBA,RG,2550,100,D,SQ,OD,D
10:37:26,PTBA,RG,2550,155,D,SQ,YP,D
10:37:26,PTBA,RG,2550,1,D,SQ,YP,D
10:37:26,PTBA,RG,2550,10,D,SQ,AT,D
10:37:26,PTBA,RG,2550,150,D,SQ,LS,D
10:37:26,PTBA,RG,2550,2,D,SQ,DR,D
10:37:26,PTBA,RG,2550,150,D,SQ,LS,D
10:37:26,PTBA,RG,2550,6,D,SQ,CC,D
10:37:26,PTBA,RG,2550,5,D,SQ,CC,D
10:37:26,PTBA,RG,2550,20,D,SQ,CC,D
10:37:26,PTBA,RG,2550,4,D,SQ,YP,D
10:37:26,PTBA,RG,2550,99,D,SQ,CC,D
10:37:24,PTBA,RG,2550,1,D,XC,CC,D
10:37:24,PTBA,RG,2550,30,D,XC,YP,D
10:37:23,PTBA,RG,2550,10,F,ZP,YP,D
10:37:23,PTBA,RG,2550,1,F,ZP,SQ,D
10:37:23,PTBA,RG,2550,3,F,ZP,YP,D
10:37:23,PTBA,RG,2550,9,F,ZP,DH,D
10:37:23,PTBA,RG,2550,1,F,ZP,PD,D
10:37:23,PTBA,RG,2550,16,F,ZP,PD,D
10:37:23,PTBA,RG,2550,10,F,ZP,PD,D
10:37:23,PTBA,RG,2550,1,F,ZP,PD,D
10:37:23,PTBA,RG,2550,14,F,ZP,EP,D
10:37:05,PTBA,RG,2550,9,F,ZP,EP,D
10:37:05,PTBA,RG,2550,49,F,ZP,PD,D
10:36:57,PTBA,RG,2550,5,D,YP,PD,D
10:36:56,PTBA,RG,2540,1,D,KK,XC,D
10:36:53,PTBA,RG,2550,4,D,XC,PD,D
10:36:49,PTBA,RG,2550,8,D,PD,PD,D
10:36:49,PTBA,RG,2550,10,D,KK,PD,D
10:36:48,PTBA,RG,2550,2,D,LG,PD,D
10:36:48,PTBA,RG,2550,22,F,ZP,PD,D
10:36:48,PTBA,RG,2550,1,F,ZP,PD,D
10:36:48,PTBA,RG,2550,3,F,ZP,XL,D
10:36:48,PTBA,RG,2550,10,F,ZP,GR,D
10:36:48,PTBA,RG,2550,8,F,ZP,KK,D
10:36:48,PTBA,RG,2550,5,F,ZP,XA,D
10:36:48,PTBA,RG,2550,1,F,ZP,YJ,D
10:36:34,PTBA,RG,2550,5,D,CC,YJ,D
10:36:31,PTBA,RG,2550,2,D,KK,YJ,D
10:36:27,PTBA,RG,2550,62,F,ZP,YJ,D
10:36:19,PTBA,RG,2540,2,D,KK,BS,D
10:36:13,PTBA,RG,2540,5,D,KK,PD,D
10:36:09,PTBA,RG,2550,27,F,ZP,YJ,D
10:36:08,PTBA,RG,2550,2,D,YP,YJ,D
10:36:03,PTBA,RG,2550,2,D,KK,YJ,D
10:35:37,PTBA,RG,2540,8,D,KK,NI,D
10:35:20,PTBA,RG,2550,3,D,YP,YJ,D
10:35:14,PTBA,RG,2540,5,D,KK,IF,D
10:35:06,PTBA,RG,2550,3,D,PD,YJ,D
10:34:55,PTBA,RG,2550,2,D,YP,YJ,D
10:34:25,PTBA,RG,2550,1,D,KK,YJ,D
10:34:15,PTBA,RG,2540,2,D,KK,XC,D
10:34:09,PTBA,RG,2540,6,D,KK,YP,D
10:33:54,PTBA,RG,2540,150,D,KK,IF,D
10:33:41,PTBA,RG,2550,2,D,KK,YJ,D
10:33:34,PTBA,RG,2540,1,D,KK,KK,D
10:33:09,PTBA,RG,2540,30,D,KK,YP,D
10:32:58,PTBA,RG,2540,8,D,KK,NI,D
10:32:57,PTBA,RG,2540,13,D,KK,CS,F
10:32:57,PTBA,RG,2540,13,D,KK,CS,F
10:32:56,PTBA,RG,2540,13,D,KK,CS,F
10:32:56,PTBA,RG,2540,3,D,KK,CS,F
10:32:56,PTBA,RG,2540,3,D,KK,CS,F
10:32:56,PTBA,RG,2540,3,D,KK,YP,D
10:32:56,PTBA,RG,2540,2,D,KK,ZP,F
10:32:56,PTBA,RG,2540,6,D,KK,YP,D
10:32:56,PTBA,RG,2540,6,D,KK,NI,D
10:32:52,PTBA,RG,2540,2,F,AK,NI,D
10:32:52,PTBA,RG,2540,1,F,AK,KK,D
10:32:52,PTBA,RG,2540,1,F,AK,AI,D
10:32:52,PTBA,RG,2540,3,F,AK,ZP,F
10:32:52,PTBA,RG,2540,3,F,AK,XC,D
10:32:52,PTBA,RG,2540,5,F,AK,CS,F
10:32:52,PTBA,RG,2540,69,F,AK,CS,F
10:32:52,PTBA,RG,2540,11,F,AK,CS,F
10:32:52,PTBA,RG,2540,1,F,AK,CS,F
10:32:52,PTBA,RG,2540,3,F,AK,CS,F
10:32:52,PTBA,RG,2540,3,F,AK,CS,F
10:32:46,PTBA,RG,2540,20,D,AZ,BK,F
10:32:40,PTBA,RG,2540,1,D,NI,BK,F
10:32:38,PTBA,RG,2540,15,D,CC,BK,F
10:32:27,PTBA,RG,2540,50,D,AZ,BK,F
10:32:16,PTBA,RG,2540,29,D,KK,BK,F
10:32:12,PTBA,RG,2540,40,D,CC,BK,F
10:32:12,PTBA,RG,2540,1,D,DH,BK,F
10:32:12,PTBA,RG,2540,1,D,AI,BK,F
10:32:05,PTBA,RG,2540,4,D,CC,BK,F
10:32:00,PTBA,RG,2540,6,D,AZ,BK,F
10:31:59,PTBA,RG,2540,100,D,PD,BK,F
10:31:54,PTBA,RG,2540,344,D,EP,BK,F
10:31:54,PTBA,RG,2540,1,D,EP,BK,F
10:31:54,PTBA,RG,2540,14,D,EP,CS,F
10:31:54,PTBA,RG,2540,3,D,EP,CS,F
10:31:54,PTBA,RG,2540,45,D,EP,CS,F
10:31:54,PTBA,RG,2540,1,D,EP,CS,F
10:31:54,PTBA,RG,2540,2,D,EP,CS,F
10:31:54,PTBA,RG,2540,568,D,EP,CS,F
10:31:54,PTBA,RG,2540,2,D,KK,CS,F
10:31:53,PTBA,RG,2540,50,D,NI,CS,F
10:31:49,PTBA,RG,2530,37,D,YP,BK,F
10:31:49,PTBA,RG,2540,50,D,NI,CS,F
10:31:46,PTBA,RG,2530,14,D,YP,EP,D
10:31:45,PTBA,RG,2540,179,F,ZP,CS,F
10:31:44,PTBA,RG,2540,996,F,ZP,CS,F
10:31:44,PTBA,RG,2540,77,F,ZP,AK,F
10:31:44,PTBA,RG,2540,67,F,ZP,AK,F
10:31:44,PTBA,RG,2530,16,D,YP,CS,F
10:31:44,PTBA,RG,2530,66,D,NI,CS,F
10:31:44,PTBA,RG,2530,4,D,NI,CS,F
10:31:43,PTBA,RG,2540,64,D,YP,CS,F
10:31:43,PTBA,RG,2540,69,D,YP,AK,F
10:31:43,PTBA,RG,2540,7,D,YP,CS,F
10:31:43,PTBA,RG,2540,2,D,YP,CS,F
10:31:43,PTBA,RG,2540,1,D,YP,NI,D
10:31:43,PTBA,RG,2540,3,D,YP,YP,D
10:31:43,PTBA,RG,2540,13,D,YP,ZP,F
10:31:43,PTBA,RG,2540,18,D,YP,CS,F
10:31:43,PTBA,RG,2540,100,D,YP,YP,D
10:31:43,PTBA,RG,2540,4,D,YP,CS,F
10:31:43,PTBA,RG,2540,1,D,YP,CS,F
10:31:43,PTBA,RG,2540,8,D,YP,YP,D
10:31:43,PTBA,RG,2540,7,D,YP,IF,D
10:31:43,PTBA,RG,2540,513,D,YP,CS,F
10:31:43,PTBA,RG,2540,2,D,YP,CS,F
10:31:43,PTBA,RG,2540,506,D,YP,BK,F
10:31:43,PTBA,RG,2540,8,D,YP,CS,F
10:31:43,PTBA,RG,2540,1832,D,YP,CS,F
10:31:43,PTBA,RG,2540,200,D,YP,IF,D
10:31:43,PTBA,RG,2540,222,D,YP,YP,D
10:31:43,PTBA,RG,2540,2,D,YP,PD,D
10:31:43,PTBA,RG,2540,2,D,YP,NI,D
10:31:43,PTBA,RG,2540,3,D,YP,ZP,F
10:31:43,PTBA,RG,2540,80,D,YP,YP,D
10:31:43,PTBA,RG,2540,2,D,YP,CC,D
10:31:43,PTBA,RG,2540,2,D,YP,ZP,F
10:31:43,PTBA,RG,2540,83,D,YP,AK,F
10:31:43,PTBA,RG,2540,100,D,YP,CC,D
10:31:43,PTBA,RG,2540,1,D,YP,CC,D
10:31:43,PTBA,RG,2540,2,D,YP,CC,D
10:31:43,PTBA,RG,2540,5,D,YP,EP,D
10:31:43,PTBA,RG,2540,1,D,YP,ZP,F
10:31:43,PTBA,RG,2540,200,D,YP,IF,D
10:31:43,PTBA,RG,2540,410,D,YP,CS,F
10:31:43,PTBA,RG,2540,1,D,YP,YP,D
10:31:43,PTBA,RG,2540,20,D,YP,PD,D
10:31:43,PTBA,RG,2540,200,D,YP,CC,D
10:31:43,PTBA,RG,2540,74,D,YP,AK,F
10:31:43,PTBA,RG,2540,22,D,YP,CS,F
10:31:43,PTBA,RG,2540,2,D,YP,CS,F
10:31:43,PTBA,RG,2540,356,D,YP,CS,F
10:31:43,PTBA,RG,2540,8,D,YP,CS,F
10:31:43,PTBA,RG,2540,50,D,YP,CC,F
10:31:43,PTBA,RG,2540,7,D,YP,OD,D
10:31:43,PTBA,RG,2540,2,D,YP,ZP,F
10:31:43,PTBA,RG,2540,12,D,YP,SQ,D
10:31:43,PTBA,RG,2540,2,D,YP,YP,D
10:31:43,PTBA,RG,2540,30,D,YP,XC,D
10:31:43,PTBA,RG,2540,3,D,YP,YP,D
10:31:43,PTBA,RG,2540,40,D,YP,DR,D
10:31:43,PTBA,RG,2540,2,D,YP,CS,F
10:31:43,PTBA,RG,2540,14,D,YP,CS,F
10:31:43,PTBA,RG,2540,3,D,YP,NI,D
10:31:43,PTBA,RG,2540,164,D,YP,BK,F
10:31:43,PTBA,RG,2540,6,D,YP,IF,D
10:31:43,PTBA,RG,2540,4,D,YP,XC,D
10:31:43,PTBA,RG,2540,8,D,YP,CS,F
10:31:43,PTBA,RG,2540,1,D,YP,AI,D
10:31:43,PTBA,RG,2540,400,D,YP,PD,D
10:31:43,PTBA,RG,2540,2,D,YP,CS,F
10:31:43,PTBA,RG,2540,15,D,YP,EP,D
10:31:43,PTBA,RG,2540,1,D,YP,XC,D
10:31:43,PTBA,RG,2540,1,D,YP,BK,F
10:31:43,PTBA,RG,2540,80,D,YP,SQ,D
10:31:43,PTBA,RG,2540,18,D,YP,CS,F
10:31:43,PTBA,RG,2540,7,D,YP,CS,F
10:31:43,PTBA,RG,2540,5,D,YP,PD,D
10:31:43,PTBA,RG,2540,1,D,YP,PD,D
10:31:43,PTBA,RG,2540,42,D,YP,OD,D
10:31:43,PTBA,RG,2540,5,D,YP,KK,D
10:31:43,PTBA,RG,2540,1,D,YP,OD,D
10:31:43,PTBA,RG,2540,50,D,YP,SQ,D
10:31:43,PTBA,RG,2540,3,D,YP,CS,F
10:31:43,PTBA,RG,2540,20,D,YP,NI,D
10:31:43,PTBA,RG,2540,30,D,YP,PD,D
10:31:43,PTBA,RG,2540,40,D,YP,PD,D
10:31:43,PTBA,RG,2540,3,D,YP,CS,F
10:31:43,PTBA,RG,2540,18,D,YP,PD,D
10:31:43,PTBA,RG,2540,79,D,YP,AK,F
10:31:43,PTBA,RG,2540,675,D,YP,BK,F
10:31:43,PTBA,RG,2540,34,F,ZP,BK,F
10:31:43,PTBA,RG,2540,5,D,DH,BK,F
10:31:24,PTBA,RG,2540,136,F,ZP,BK,F
10:31:24,PTBA,RG,2530,3,D,NI,CC,D
10:31:14,PTBA,RG,2540,1,D,YP,BK,F
10:31:08,PTBA,RG,2540,473,F,ZP,BK,F
10:31:04,PTBA,RG,2530,27,D,NI,BK,F
10:31:04,PTBA,RG,2530,42,D,XL,BK,F
10:30:58,PTBA,RG,2530,320,D,XL,BK,F
10:30:53,PTBA,RG,2540,4,D,NI,BK,F
10:30:53,PTBA,RG,2540,55,D,NI,DR,D
10:30:53,PTBA,RG,2540,1,D,NI,XC,D
10:30:53,PTBA,RG,2540,28,D,NI,YP,D
10:30:53,PTBA,RG,2540,232,D,NI,CS,F
10:30:53,PTBA,RG,2540,31,D,NI,CS,F
10:30:53,PTBA,RG,2540,20,D,NI,AI,D
10:30:53,PTBA,RG,2540,1,D,NI,NI,D
10:30:53,PTBA,RG,2540,4,D,NI,CS,F
10:30:53,PTBA,RG,2540,3,D,NI,PD,D
10:30:53,PTBA,RG,2540,99,D,NI,CC,D
10:30:53,PTBA,RG,2540,7,D,NI,CS,F
10:30:53,PTBA,RG,2540,4,D,NI,DH,D
10:30:53,PTBA,RG,2540,28,D,NI,PD,D
10:30:53,PTBA,RG,2540,5,D,NI,CS,F
10:30:53,PTBA,RG,2540,373,D,NI,DR,D
10:30:53,PTBA,RG,2540,5,D,NI,SQ,D
10:30:53,PTBA,RG,2540,100,D,NI,CC,D
10:30:53,PTBA,RG,2540,20,D,NI,RG,D
10:30:53,PTBA,RG,2540,15,D,NI,CS,F
10:30:53,PTBA,RG,2540,465,D,NI,DR,D
10:30:49,PTBA,RG,2540,72,F,ZP,DR,D
10:30:37,PTBA,RG,2540,5,D,PD,DR,D
10:30:36,PTBA,RG,2530,39,D,XL,BK,F
10:30:33,PTBA,RG,2530,9,D,XL,BK,F
10:30:33,PTBA,RG,2530,2,D,XC,BK,F
10:30:33,PTBA,RG,2530,45,D,YP,BK,F
10:30:30,PTBA,RG,2530,15,D,YP,PD,D
10:30:29,PTBA,RG,2530,40,D,YP,IF,D
10:30:29,PTBA,RG,2530,12,D,XC,IF,D
10:30:29,PTBA,RG,2530,82,F,ZP,IF,D
10:30:29,PTBA,RG,2530,5,D,DR,IF,D
10:30:29,PTBA,RG,2530,2,D,PD,IF,D
10:30:29,PTBA,RG,2530,79,F,ZP,IF,D
10:30:29,PTBA,RG,2530,1,F,AK,IF,D
10:30:29,PTBA,RG,2530,29,F,AK,IF,D
10:30:15,PTBA,RG,2540,1,F,AK,DR,D
10:30:15,PTBA,RG,2530,5,F,AK,PD,D
10:30:01,PTBA,RG,2530,35,F,AK,CC,D
10:29:18,PTBA,RG,2540,8,D,KK,DR,D
10:29:03,PTBA,RG,2540,3,D,PD,DR,D
10:29:02,PTBA,RG,2540,2,D,PD,DR,D
10:28:54,PTBA,RG,2540,25,D,KK,DR,D
10:28:50,PTBA,RG,2530,1,F,AK,XC,D
10:28:16,PTBA,RG,2530,4,F,AK,NI,D
10:28:16,PTBA,RG,2530,21,F,AK,BK,F
10:28:16,PTBA,RG,2530,1,D,PD,BK,F
10:28:16,PTBA,RG,2530,5,D,CC,BK,F
10:28:16,PTBA,RG,2530,21,F,ZP,BK,F
10:28:15,PTBA,RG,2540,164,F,ZP,DR,D
10:28:14,PTBA,RG,2530,65,F,ZP,YP,D
10:28:05,PTBA,RG,2530,1,F,ZP,PD,D
10:28:01,PTBA,RG,2540,3,D,PD,DR,D
10:27:58,PTBA,RG,2530,10,F,ZP,CC,D
10:27:56,PTBA,RG,2530,47,F,ZP,BK,F
10:27:54,PTBA,RG,2540,252,D,YB,DR,D
10:27:54,PTBA,RG,2540,100,D,YB,YP,D
10:27:54,PTBA,RG,2540,5,D,YB,CS,F
10:27:54,PTBA,RG,2540,1,D,YB,CS,F
10:27:54,PTBA,RG,2540,3,D,YB,ZP,F
10:27:54,PTBA,RG,2540,10,D,YB,SQ,D
10:27:54,PTBA,RG,2540,18,D,YB,KK,D
10:27:54,PTBA,RG,2540,4,D,YB,CC,D
10:27:54,PTBA,RG,2540,18,D,YB,AT,D
10:27:54,PTBA,RG,2540,100,D,YB,CC,D
10:27:54,PTBA,RG,2540,5,D,YB,XA,D
10:27:54,PTBA,RG,2540,30,D,YB,CS,F
10:27:54,PTBA,RG,2540,39,D,YB,ZP,F
10:27:54,PTBA,RG,2540,77,D,YB,AK,F
10:27:54,PTBA,RG,2540,113,D,YB,CS,F
10:27:54,PTBA,RG,2540,84,D,YB,AK,F
10:27:54,PTBA,RG,2540,141,D,YB,BK,F
10:27:35,PTBA,RG,2530,1,F,ZP,XC,D
10:27:32,PTBA,RG,2530,4,F,ZP,ZP,F
10:27:31,PTBA,RG,2540,5,D,XC,BK,F
10:27:16,PTBA,RG,2540,1,D,PD,BK,F
10:26:45,PTBA,RG,2530,66,F,ZP,AK,F
10:26:32,PTBA,RG,2530,4,F,ZP,ZP,F
10:26:22,PTBA,RG,2530,60,F,ZP,IF,D
10:26:22,PTBA,RG,2530,10,D,CC,IF,D
10:26:22,PTBA,RG,2530,2,D,XC,IF,D
10:26:22,PTBA,RG,2530,25,D,TP,IF,D
10:26:22,PTBA,RG,2530,1,D,GR,IF,D
10:26:22,PTBA,RG,2530,1,D,PD,IF,D
10:26:22,PTBA,RG,2530,6,D,PD,IF,D
10:26:22,PTBA,RG,2530,1,D,XC,IF,D
10:26:22,PTBA,RG,2530,1,D,PD,IF,D
10:26:22,PTBA,RG,2530,7,D,PD,IF,D
10:26:22,PTBA,RG,2530,36,D,YP,IF,D
10:26:17,PTBA,RG,2540,1,D,CC,BK,F
10:26:03,PTBA,RG,2540,30,D,AI,BK,F
10:25:39,PTBA,RG,2540,1,D,PD,BK,F
10:25:37,PTBA,RG,2530,4,D,YP,ZP,F
10:25:00,PTBA,RG,2530,2,D,YP,IF,D
10:24:48,PTBA,RG,2540,3,D,KK,BK,F
10:24:43,PTBA,RG,2530,10,D,YP,CC,D
10:24:36,PTBA,RG,2530,4,D,YP,ZP,F
10:24:35,PTBA,RG,2540,75,F,ZP,BK,F
10:24:25,PTBA,RG,2530,50,D,YP,BK,F
10:24:23,PTBA,RG,2530,145,D,YP,IF,D
10:24:18,PTBA,RG,2540,59,F,ZP,BK,F
10:24:18,PTBA,RG,2540,12,F,ZP,CS,F
10:24:18,PTBA,RG,2540,5,F,ZP,CS,F
10:24:18,PTBA,RG,2540,35,F,ZP,YP,D
10:24:15,PTBA,RG,2530,69,D,YP,AK,F
10:24:09,PTBA,RG,2530,55,D,YP,BK,F
10:24:04,PTBA,RG,2530,155,D,YP,BK,F
10:24:01,PTBA,RG,2540,168,F,ZP,YP,D
10:23:59,PTBA,RG,2540,577,F,AK,YP,D
10:23:40,PTBA,RG,2530,28,D,YP,BK,F
10:23:37,PTBA,RG,2540,75,F,ZP,YP,D
10:23:37,PTBA,RG,2530,4,D,YP,ZP,F
10:23:30,PTBA,RG,2540,1,F,AK,YP,D
10:23:22,PTBA,RG,2530,56,D,YP,BK,F
10:23:18,PTBA,RG,2540,144,F,ZP,YP,D
10:23:18,PTBA,RG,2540,3,F,ZP,PD,D
10:23:18,PTBA,RG,2540,1,F,ZP,YP,D
10:23:18,PTBA,RG,2540,2,F,ZP,PD,D
10:23:18,PTBA,RG,2540,5,F,ZP,AZ,D
10:23:18,PTBA,RG,2540,5,F,ZP,NI,D
10:23:18,PTBA,RG,2540,1,F,ZP,AT,D
10:23:18,PTBA,RG,2540,2,F,ZP,CS,F
10:23:18,PTBA,RG,2540,81,F,ZP,KK,D
10:23:13,PTBA,RG,2530,24,D,YP,BK,F
10:23:09,PTBA,RG,2530,44,D,YP,BK,F
10:23:03,PTBA,RG,2530,195,D,YP,BK,F
10:23:02,PTBA,RG,2530,107,D,YP,EP,D
10:23:02,PTBA,RG,2530,5,D,YP,EP,D
10:23:02,PTBA,RG,2530,86,F,ZP,EP,D
10:23:02,PTBA,RG,2530,802,D,YJ,EP,D
10:23:00,PTBA,RG,2530,30,D,YJ,BK,F
10:22:57,PTBA,RG,2540,32,F,ZP,KK,D
10:22:38,PTBA,RG,2530,100,D,YJ,KK,D
10:22:36,PTBA,RG,2540,31,F,ZP,KK,D
10:22:35,PTBA,RG,2530,4,D,YJ,ZP,F
10:22:35,PTBA,RG,2530,46,D,YJ,BK,F
10:22:30,PTBA,RG,2540,20,D,XC,KK,D
10:22:28,PTBA,RG,2540,3,D,PD,KK,D
10:22:26,PTBA,RG,2540,2,D,XC,KK,D
10:22:02,PTBA,RG,2540,4,D,PD,KK,D
10:22:00,PTBA,RG,2540,10,D,YP,KK,D
10:21:55,PTBA,RG,2530,2,D,YJ,XC,D
10:21:51,PTBA,RG,2540,3,D,XC,KK,D
10:21:50,PTBA,RG,2540,7,D,CC,KK,D
10:21:32,PTBA,RG,2540,35,F,ZP,KK,D
10:21:31,PTBA,RG,2530,4,D,YJ,ZP,F
10:21:30,PTBA,RG,2530,73,D,YJ,AK,F
10:20:20,PTBA,RG,2530,51,D,YJ,BK,F
10:20:17,PTBA,RG,2540,32,F,ZP,KK,D
10:20:16,PTBA,RG,2530,4,D,YJ,ZP,F
10:20:15,PTBA,RG,2540,11,D,NI,KK,D
10:19:34,PTBA,RG,2530,10,D,YJ,XC,D
10:19:10,PTBA,RG,2530,5,D,YJ,ZP,F
10:19:01,PTBA,RG,2530,28,D,YJ,CC,D
10:18:49,PTBA,RG,2530,44,D,YJ,BK,F
10:18:46,PTBA,RG,2540,31,F,ZP,KK,D
10:18:45,PTBA,RG,2540,1,F,AK,KK,D
10:18:45,PTBA,RG,2530,81,D,YJ,AK,F
10:18:39,PTBA,RG,2540,3,D,PD,KK,D
10:18:36,PTBA,RG,2530,1,D,YJ,PD,D
10:18:28,PTBA,RG,2540,41,F,ZP,KK,D
10:18:13,PTBA,RG,2530,7,D,YJ,ZP,F
10:18:10,PTBA,RG,2530,2,D,YJ,XC,D
10:18:09,PTBA,RG,2530,25,D,YJ,BK,F
10:18:08,PTBA,RG,2540,73,F,ZP,KK,D
10:17:57,PTBA,RG,2530,24,D,YJ,BK,F
10:17:53,PTBA,RG,2530,75,D,YJ,GR,D
10:17:53,PTBA,RG,2530,28,D,YJ,BK,F
10:17:52,PTBA,RG,2540,79,F,ZP,KK,D
10:17:33,PTBA,RG,2540,79,F,ZP,KK,D
10:17:23,PTBA,RG,2530,47,D,YJ,BK,F
10:17:23,PTBA,RG,2540,5,D,PD,KK,D
10:17:18,PTBA,RG,2540,81,F,ZP,KK,D
10:17:14,PTBA,RG,2530,7,D,YJ,CC,D
10:17:14,PTBA,RG,2530,3,D,XC,CC,D
10:17:14,PTBA,RG,2530,1,D,PD,CC,D
10:17:09,PTBA,RG,2530,20,D,YB,YP,D
10:17:06,PTBA,RG,2540,1,D,NI,KK,D
10:16:58,PTBA,RG,2540,35,F,ZP,KK,D
10:16:58,PTBA,RG,2540,4,F,ZP,CC,D
10:16:58,PTBA,RG,2540,50,F,ZP,CS,F
10:16:38,PTBA,RG,2540,67,F,ZP,CS,F
10:16:38,PTBA,RG,2530,4,D,YP,ZP,F
10:16:21,PTBA,RG,2540,64,F,ZP,CS,F
10:16:20,PTBA,RG,2540,5,D,EP,CS,F
10:16:13,PTBA,RG,2540,5,D,YP,CS,F
10:16:03,PTBA,RG,2540,24,F,ZP,CS,F
10:16:03,PTBA,RG,2540,38,F,ZP,YU,D
10:15:52,PTBA,RG,2530,4,D,YP,ZP,F
10:15:43,PTBA,RG,2540,50,F,ZP,YU,D
10:15:23,PTBA,RG,2540,50,F,ZP,YU,D
10:15:08,PTBA,RG,2530,2,D,YP,CC,D
10:15:05,PTBA,RG,2530,1,D,XC,AZ,D
10:15:05,PTBA,RG,2530,5,D,EP,AZ,D
10:15:05,PTBA,RG,2530,14,F,ZP,AZ,D
10:15:03,PTBA,RG,2540,67,F,ZP,YU,D
10:14:52,PTBA,RG,2530,4,F,ZP,ZP,F
10:14:43,PTBA,RG,2540,74,F,ZP,YU,D
10:14:23,PTBA,RG,2540,21,F,ZP,YU,D
10:14:23,PTBA,RG,2540,52,F,ZP,CC,D
10:14:03,PTBA,RG,2540,60,F,ZP,CC,D
10:13:57,PTBA,RG,2530,4,F,ZP,ZP,F
10:13:46,PTBA,RG,2540,5,D,CC,CC,D
10:13:43,PTBA,RG,2540,30,F,ZP,CC,D
10:13:33,PTBA,RG,2530,4,F,ZP,DH,D
10:13:31,PTBA,RG,2540,1,D,PD,CC,D
10:13:30,PTBA,RG,2530,18,F,ZP,NI,D
10:13:26,PTBA,RG,2540,52,F,ZP,CC,D
10:13:26,PTBA,RG,2540,2,F,ZP,YP,D
10:13:26,PTBA,RG,2540,3,F,ZP,PD,D
10:13:26,PTBA,RG,2540,1,F,ZP,CS,F
10:13:15,PTBA,RG,2540,1,F,AK,CS,F
10:13:08,PTBA,RG,2540,19,F,ZP,CS,F
10:13:08,PTBA,RG,2540,3,F,ZP,PD,D
10:13:08,PTBA,RG,2540,10,F,ZP,KK,D
10:13:08,PTBA,RG,2540,10,F,ZP,YP,D
10:13:08,PTBA,RG,2540,2,F,ZP,CS,F
10:13:08,PTBA,RG,2540,29,F,ZP,XA,D
10:12:55,PTBA,RG,2540,5,D,CC,XA,D
10:12:54,PTBA,RG,2530,5,F,ZP,ZP,F
10:12:53,PTBA,RG,2540,5,F,ZP,XA,D
10:12:53,PTBA,RG,2540,66,F,ZP,CC,D
10:12:40,PTBA,RG,2540,20,D,EP,CC,D
10:12:38,PTBA,RG,2540,14,F,ZP,CC,D
10:12:38,PTBA,RG,2540,3,F,ZP,PD,D
10:12:38,PTBA,RG,2540,1,F,ZP,BK,F
10:12:38,PTBA,RG,2540,42,F,ZP,BK,F
10:12:17,PTBA,RG,2540,54,F,ZP,BK,F
10:12:17,PTBA,RG,2540,13,F,ZP,AI,D
10:12:16,PTBA,RG,2530,1,F,ZP,PD,D
10:12:07,PTBA,RG,2540,1,D,PD,AI,D
10:12:02,PTBA,RG,2530,4,F,ZP,ZP,F
10:11:58,PTBA,RG,2540,11,F,ZP,AI,D
10:11:58,PTBA,RG,2540,9,F,ZP,CS,F
10:11:58,PTBA,RG,2540,50,F,ZP,DR,D
10:11:39,PTBA,RG,2530,50,F,ZP,DR,D
10:11:32,PTBA,RG,2530,20,F,ZP,YP,D
10:11:20,PTBA,RG,2540,68,F,ZP,DR,D
10:11:02,PTBA,RG,2540,50,F,ZP,DR,D
10:11:02,PTBA,RG,2530,4,F,ZP,ZP,F
10:10:45,PTBA,RG,2540,20,D,TP,DR,D
10:10:44,PTBA,RG,2540,5,D,NI,DR,D
10:10:43,PTBA,RG,2540,49,F,ZP,DR,D
10:10:23,PTBA,RG,2540,56,F,ZP,DR,D
10:10:06,PTBA,RG,2540,45,D,YP,DR,D
10:10:01,PTBA,RG,2540,65,F,ZP,DR,D
10:09:58,PTBA,RG,2530,4,F,ZP,ZP,F
10:09:43,PTBA,RG,2540,45,D,YP,DR,D
10:09:43,PTBA,RG,2540,61,F,ZP,DR,D
10:09:25,PTBA,RG,2540,69,F,ZP,DR,D
10:09:25,PTBA,RG,2540,117,D,XL,DR,D
10:09:25,PTBA,RG,2540,3,D,XL,PD,D
10:09:25,PTBA,RG,2540,10,D,XL,NI,D
10:09:25,PTBA,RG,2540,1,D,XL,PD,D
10:09:25,PTBA,RG,2540,6,D,XL,XC,D
10:09:22,PTBA,RG,2540,12,D,CC,XC,D
10:09:10,PTBA,RG,2540,7,D,PD,XC,D
10:09:10,PTBA,RG,2540,10,D,PD,CC,D
10:09:10,PTBA,RG,2540,3,D,PD,CS,F
10:09:09,PTBA,RG,2540,61,F,ZP,CS,F
10:09:07,PTBA,RG,2530,4,F,ZP,ZP,F
10:09:06,PTBA,RG,2540,123,D,PD,CS,F
10:09:06,PTBA,RG,2540,5,D,PD,PD,D
10:09:06,PTBA,RG,2540,10,D,PD,NI,D
10:09:06,PTBA,RG,2540,12,D,PD,CC,F
10:09:06,PTBA,RG,2540,6,D,PD,PD,D
10:09:06,PTBA,RG,2540,19,D,PD,CS,F
10:09:06,PTBA,RG,2540,3,D,PD,CS,F
10:09:06,PTBA,RG,2540,5,D,PD,XC,D
10:09:06,PTBA,RG,2540,2,D,PD,YP,D
10:09:06,PTBA,RG,2540,11,D,PD,CS,F
10:08:51,PTBA,RG,2540,52,F,ZP,CS,F
10:08:22,PTBA,RG,2530,60,F,ZP,HP,D
10:08:13,PTBA,RG,2540,64,F,ZP,CS,F
10:08:07,PTBA,RG,2530,4,F,ZP,ZP,F
10:07:53,PTBA,RG,2540,1,D,XL,CS,F
10:07:53,PTBA,RG,2540,39,F,ZP,CS,F
10:07:53,PTBA,RG,2540,16,F,ZP,PD,D
10:07:53,PTBA,RG,2540,21,F,ZP,AK,F
10:07:33,PTBA,RG,2540,54,F,ZP,AK,F
10:07:33,PTBA,RG,2540,2,F,ZP,NI,D
10:07:33,PTBA,RG,2540,21,F,ZP,CS,F
10:07:13,PTBA,RG,2540,5,F,ZP,CS,F
10:07:13,PTBA,RG,2540,1,F,ZP,CS,F
10:07:13,PTBA,RG,2540,10,F,ZP,EP,D
10:07:13,PTBA,RG,2540,62,F,ZP,CS,F
10:07:12,PTBA,RG,2540,5,D,NI,CS,F
10:07:12,PTBA,RG,2530,4,F,ZP,ZP,F
10:06:51,PTBA,RG,2540,115,F,ZP,CS,F
10:06:37,PTBA,RG,2530,1,F,ZP,XC,D
10:06:35,PTBA,RG,2540,1,D,EP,CS,F
10:06:32,PTBA,RG,2540,34,F,ZP,CS,F
10:06:32,PTBA,RG,2540,5,F,ZP,YP,D
10:06:32,PTBA,RG,2540,15,F,ZP,YP,D
10:06:32,PTBA,RG,2540,16,F,ZP,CS,F
10:06:18,PTBA,RG,2540,10,D,PD,CS,F
10:06:14,PTBA,RG,2530,2,F,ZP,DH,D
10:06:14,PTBA,RG,2530,23,D,SQ,DH,D
10:06:14,PTBA,RG,2530,4,D,SQ,ZP,F
10:06:13,PTBA,RG,2540,75,F,ZP,CS,F
10:06:13,PTBA,RG,2540,1,D,NI,CS,F
10:06:06,PTBA,RG,2540,3,D,XC,CS,F
10:05:53,PTBA,RG,2540,59,F,ZP,CS,F
10:05:33,PTBA,RG,2540,58,F,ZP,CS,F
10:05:33,PTBA,RG,2540,8,F,ZP,CC,D
10:05:21,PTBA,RG,2530,3,D,SQ,ZP,F
10:05:20,PTBA,RG,2540,1,D,YP,CC,D
10:05:15,PTBA,RG,2540,21,D,PD,CC,D
10:05:15,PTBA,RG,2540,1,D,PD,PD,D
10:05:15,PTBA,RG,2540,5,D,PD,CS,F
10:05:15,PTBA,RG,2540,20,D,PD,PD,D
10:05:15,PTBA,RG,2540,2,D,PD,CS,F
10:05:15,PTBA,RG,2540,51,D,PD,YP,D
10:05:13,PTBA,RG,2540,14,F,ZP,YP,D
10:05:13,PTBA,RG,2540,43,F,ZP,CS,F
10:05:11,PTBA,RG,2540,1,D,YP,CS,F
10:05:05,PTBA,RG,2540,5,D,PD,CS,F
10:04:58,PTBA,RG,2540,54,F,ZP,CS,F
10:04:38,PTBA,RG,2540,55,F,ZP,CS,F
10:04:35,PTBA,RG,2540,1,D,CC,CS,F
10:04:18,PTBA,RG,2540,64,F,ZP,CS,F
10:04:18,PTBA,RG,2540,10,F,ZP,CC,D
10:04:18,PTBA,RG,2540,4,F,ZP,XL,D
10:03:56,PTBA,RG,2540,1,F,ZP,ZP,F
10:03:56,PTBA,RG,2540,78,F,ZP,CS,F
10:03:37,PTBA,RG,2540,20,D,CP,CS,F
10:03:37,PTBA,RG,2540,34,F,ZP,CS,F
10:03:37,PTBA,RG,2540,1,F,ZP,ZP,F
10:03:37,PTBA,RG,2540,7,F,ZP,YP,D
10:03:37,PTBA,RG,2540,1,F,ZP,ZP,F
10:03:37,PTBA,RG,2540,2,F,ZP,ZP,F
10:03:37,PTBA,RG,2540,1,F,ZP,CS,F
10:03:37,PTBA,RG,2540,34,F,ZP,CC,D
10:03:35,PTBA,RG,2540,1,D,EP,CC,D
10:03:32,PTBA,RG,2530,4,D,SQ,ZP,F
10:03:21,PTBA,RG,2540,3,D,YP,CC,D
10:03:16,PTBA,RG,2540,62,F,ZP,CC,D
10:03:16,PTBA,RG,2540,11,F,ZP,FZ,D
10:03:16,PTBA,RG,2540,39,D,CC,FZ,D
10:03:16,PTBA,RG,2540,5,D,CC,PD,D
10:03:16,PTBA,RG,2540,25,D,CC,CC,D
10:03:16,PTBA,RG,2540,31,D,CC,CS,F
10:03:15,PTBA,RG,2530,1,D,SQ,PD,D
10:03:01,PTBA,RG,2540,58,D,PD,CS,F
10:03:01,PTBA,RG,2540,10,D,PD,YP,D
10:03:01,PTBA,RG,2540,32,D,PD,AK,F
10:02:58,PTBA,RG,2540,35,F,ZP,AK,F
10:02:58,PTBA,RG,2540,39,F,ZP,BK,F
10:02:51,PTBA,RG,2530,1,D,SQ,YP,D
10:02:38,PTBA,RG,2530,4,D,SQ,ZP,F
10:02:38,PTBA,RG,2540,76,F,ZP,BK,F
10:02:17,PTBA,RG,2540,71,F,ZP,BK,F
10:01:58,PTBA,RG,2540,60,F,ZP,BK,F
10:01:51,PTBA,RG,2530,30,D,SQ,YP,D
10:01:43,PTBA,RG,2530,4,D,SQ,ZP,F
10:01:39,PTBA,RG,2540,55,F,ZP,BK,F
10:01:22,PTBA,RG,2540,28,F,ZP,BK,F
10:01:20,PTBA,RG,2530,61,D,SQ,SQ,D
10:01:03,PTBA,RG,2530,5,D,SQ,PD,D
10:01:03,PTBA,RG,2530,1,F,AK,PD,D
10:01:03,PTBA,RG,2530,6,D,YJ,PD,D
10:01:03,PTBA,RG,2530,35,F,ZP,PD,D
10:01:03,PTBA,RG,2540,81,F,ZP,BK,F
10:00:51,PTBA,RG,2540,21,D,KK,BK,F
10:00:47,PTBA,RG,2540,50,F,ZP,BK,F
10:00:47,PTBA,RG,2530,4,F,ZP,ZP,F
10:00:33,PTBA,RG,2530,25,F,ZP,YP,D
10:00:29,PTBA,RG,2540,2,D,XC,BK,F
10:00:29,PTBA,RG,2540,59,F,ZP,BK,F
10:00:28,PTBA,RG,2540,80,D,CC,BK,F
10:00:17,PTBA,RG,2530,10,F,ZP,YP,D
10:00:00,PTBA,RG,2530,4,F,ZP,ZP,F
9:59:57,PTBA,RG,2530,60,F,ZP,CC,D
9:59:52,PTBA,RG,2540,20,F,ZP,BK,F
9:59:52,PTBA,RG,2540,58,F,ZP,YJ,D
9:59:42,PTBA,RG,2540,7,D,XL,YJ,D
9:59:38,PTBA,RG,2540,50,D,CC,YJ,D
9:59:33,PTBA,RG,2540,81,F,ZP,YJ,D
9:59:15,PTBA,RG,2540,1,D,KK,YJ,D
9:59:12,PTBA,RG,2540,73,F,ZP,YJ,D
9:59:12,PTBA,RG,2530,4,F,ZP,ZP,F
9:58:59,PTBA,RG,2540,3,D,DR,YJ,D
9:58:54,PTBA,RG,2540,64,F,ZP,YJ,D
9:58:53,PTBA,RG,2540,1,D,KK,YJ,D
9:58:38,PTBA,RG,2540,62,F,ZP,YJ,D
9:58:22,PTBA,RG,2540,76,F,ZP,YJ,D
9:58:22,PTBA,RG,2530,2,F,ZP,ZP,F
9:58:10,PTBA,RG,2540,20,D,XC,YJ,D
9:58:08,PTBA,RG,2540,10,D,YP,YJ,D
9:58:03,PTBA,RG,2540,81,F,ZP,YJ,D
9:57:43,PTBA,RG,2540,76,F,ZP,YJ,D
9:57:39,PTBA,RG,2530,5,F,ZP,CC,D
9:57:38,PTBA,RG,2540,3,D,XC,YJ,D
9:57:33,PTBA,RG,2540,25,D,XC,YJ,D
9:57:25,PTBA,RG,2540,5,D,CC,YJ,D
9:57:23,PTBA,RG,2540,81,F,ZP,YJ,D
9:57:03,PTBA,RG,2540,104,F,ZP,YJ,D
9:56:43,PTBA,RG,2540,86,F,ZP,YJ,D
9:56:43,PTBA,RG,2540,3,D,XC,YJ,D
9:56:28,PTBA,RG,2540,92,F,ZP,YJ,D
9:56:20,PTBA,RG,2540,1,D,XC,YJ,D
9:56:10,PTBA,RG,2540,150,D,KK,YJ,D
9:56:08,PTBA,RG,2540,60,F,ZP,YJ,D
9:56:02,PTBA,RG,2540,1,D,XC,YJ,D
9:55:53,PTBA,RG,2540,1,D,PD,YJ,D
9:55:52,PTBA,RG,2540,51,F,ZP,YJ,D
9:55:51,PTBA,RG,2540,1,D,ZP,YJ,D
9:55:48,PTBA,RG,2540,1,D,PD,YJ,D
9:55:48,PTBA,RG,2540,100,D,YP,YJ,D
9:55:43,PTBA,RG,2540,1,D,PD,YJ,D
9:55:34,PTBA,RG,2540,4,D,PD,YJ,D
9:55:34,PTBA,RG,2540,2,D,PD,YJ,D
9:55:33,PTBA,RG,2540,69,F,ZP,YJ,D
9:55:13,PTBA,RG,2540,75,F,ZP,YJ,D
9:55:13,PTBA,RG,2540,8,D,NI,YJ,D
9:55:04,PTBA,RG,2540,1,D,CC,YJ,D
9:54:55,PTBA,RG,2540,10,D,XC,YJ,D
9:54:52,PTBA,RG,2540,72,F,ZP,YJ,D
9:54:37,PTBA,RG,2540,73,F,ZP,YJ,D
9:54:18,PTBA,RG,2540,165,F,ZP,YJ,D
9:53:58,PTBA,RG,2540,3,D,PD,YJ,D
9:53:57,PTBA,RG,2540,30,F,ZP,YJ,D
9:53:56,PTBA,RG,2540,10,D,PD,YJ,D
9:53:53,PTBA,RG,2530,2,F,ZP,PD,D
9:53:50,PTBA,RG,2540,1,D,KK,YJ,D
9:53:46,PTBA,RG,2540,1,D,XC,YJ,D
9:53:27,PTBA,RG,2540,1,D,XC,YJ,D
9:53:12,PTBA,RG,2540,5,D,CC,YJ,D
9:52:05,PTBA,RG,2530,8,F,ZP,CP,D
9:51:43,PTBA,RG,2540,25,D,XC,YJ,D
9:51:21,PTBA,RG,2540,2,D,XC,YJ,D
9:51:12,PTBA,RG,2540,2,D,PD,YJ,D
9:50:55,PTBA,RG,2540,5,D,YP,YJ,D
9:50:47,PTBA,RG,2540,7,D,CC,YJ,D
9:50:47,PTBA,RG,2540,1,D,CC,ZP,F
9:50:47,PTBA,RG,2540,1,D,CC,CS,F
9:50:47,PTBA,RG,2540,6,D,CC,CS,F
9:50:36,PTBA,RG,2540,1,D,PD,CS,F
9:50:35,PTBA,RG,2540,10,D,YP,CS,F
9:50:30,PTBA,RG,2540,5,D,CC,CS,F
9:50:28,PTBA,RG,2540,5,D,EP,CS,F
9:50:16,PTBA,RG,2540,10,D,CC,CS,F
9:50:08,PTBA,RG,2540,3,D,CC,CS,F
9:50:08,PTBA,RG,2540,47,D,CC,CS,F
9:49:56,PTBA,RG,2540,25,F,AK,CS,F
9:49:56,PTBA,RG,2540,117,F,AK,BK,F
9:49:55,PTBA,RG,2540,549,F,ZP,BK,F
9:49:55,PTBA,RG,2540,2,D,PD,CS,F
9:49:55,PTBA,RG,2540,7,D,PD,ZP,F
9:49:55,PTBA,RG,2540,18,D,PD,NI,D
9:49:55,PTBA,RG,2540,2,D,LG,NI,D
9:49:55,PTBA,RG,2540,128,D,LG,CS,F
9:49:55,PTBA,RG,2540,4,D,LG,PD,D
9:49:55,PTBA,RG,2540,46,D,LG,CS,F
9:49:55,PTBA,RG,2540,10,D,LG,YP,D
9:49:55,PTBA,RG,2540,198,D,LG,XC,D
9:49:55,PTBA,RG,2540,2,D,LG,CC,D
9:49:55,PTBA,RG,2540,257,D,LG,CS,F
9:49:55,PTBA,RG,2540,10,D,LG,CS,F
9:49:55,PTBA,RG,2540,1,D,LG,ZP,F
9:49:55,PTBA,RG,2540,2,D,LG,ZP,F
9:49:55,PTBA,RG,2540,3,D,LG,PD,D
9:49:55,PTBA,RG,2540,8,D,LG,NI,D
9:49:55,PTBA,RG,2540,163,D,LG,CS,F
9:49:55,PTBA,RG,2540,1000,D,LG,CD,D
9:49:55,PTBA,RG,2540,1,D,LG,ZP,F
9:49:55,PTBA,RG,2540,1,D,LG,PD,D
9:49:55,PTBA,RG,2540,164,D,LG,CS,F
9:49:51,PTBA,RG,2540,10,D,ZP,CS,F
9:49:51,PTBA,RG,2540,4,D,ZP,CS,F
9:49:51,PTBA,RG,2540,6,D,ZP,XC,D
9:49:51,PTBA,RG,2540,2,D,ZP,ZP,F
9:49:51,PTBA,RG,2540,62,D,ZP,AK,F
9:49:51,PTBA,RG,2540,16,D,ZP,BK,F
9:49:36,PTBA,RG,2540,50,D,PD,BK,F
9:48:44,PTBA,RG,2540,10,D,CC,BK,F
9:48:43,PTBA,RG,2540,25,D,NI,BK,F
9:48:30,PTBA,RG,2530,16,F,ZP,XC,D
9:47:57,PTBA,RG,2540,80,D,GR,BK,F
9:47:55,PTBA,RG,2540,5,D,PD,BK,F
9:47:34,PTBA,RG,2540,50,D,YP,BK,F
9:47:30,PTBA,RG,2540,1,D,PD,BK,F
9:47:27,PTBA,RG,2540,45,F,ZP,BK,F
9:47:26,PTBA,RG,2540,3,D,YP,BK,F
9:47:26,PTBA,RG,2540,56,D,OD,BK,F
9:47:26,PTBA,RG,2540,2,D,OD,CC,D
9:47:26,PTBA,RG,2540,3,D,OD,CS,F
9:47:26,PTBA,RG,2540,939,D,OD,CD,D
9:47:18,PTBA,RG,2540,2,D,YP,CD,D
9:47:18,PTBA,RG,2540,1,D,XC,CD,D
9:47:18,PTBA,RG,2540,50,D,PD,CD,D
9:47:12,PTBA,RG,2540,5,D,SQ,CD,D
9:47:09,PTBA,RG,2540,3,D,NI,CD,D
9:47:09,PTBA,RG,2540,2,D,NI,CS,F
9:47:09,PTBA,RG,2540,1,D,NI,CS,F
9:47:09,PTBA,RG,2540,2,D,NI,ZP,F
9:47:09,PTBA,RG,2540,2,D,NI,CS,F
9:47:09,PTBA,RG,2540,2,D,NI,ZP,F
9:47:09,PTBA,RG,2540,5,D,NI,XC,D
9:47:09,PTBA,RG,2540,10,D,NI,KK,D
9:47:09,PTBA,RG,2540,2,D,NI,YP,D
9:47:09,PTBA,RG,2540,3,D,NI,XC,D
9:47:09,PTBA,RG,2540,3,D,NI,ZP,F
9:47:09,PTBA,RG,2540,20,D,NI,CC,D
9:47:09,PTBA,RG,2540,24,D,NI,PD,D
9:47:08,PTBA,RG,2540,26,D,PD,PD,D
9:47:08,PTBA,RG,2540,74,D,PD,BK,F
9:47:06,PTBA,RG,2540,318,D,NI,BK,F
9:47:06,PTBA,RG,2540,93,D,NI,CS,F
9:47:06,PTBA,RG,2540,20,D,NI,PD,D
9:47:06,PTBA,RG,2540,28,D,NI,CS,F
9:47:06,PTBA,RG,2540,25,D,NI,CS,F
9:47:06,PTBA,RG,2540,2,D,NI,CS,F
9:47:06,PTBA,RG,2540,14,D,NI,CC,F
9:46:56,PTBA,RG,2540,6,D,YU,CC,F
9:46:56,PTBA,RG,2540,1,D,YU,CS,F
9:46:56,PTBA,RG,2540,3,D,YU,CS,F
9:46:56,PTBA,RG,2540,1,D,YU,CS,F
9:46:56,PTBA,RG,2540,2,D,YU,CS,F
9:46:51,PTBA,RG,2540,8,D,MK,CS,F
9:46:51,PTBA,RG,2540,7,D,MK,CS,F
9:46:51,PTBA,RG,2540,35,D,MK,CS,F
9:46:45,PTBA,RG,2530,80,F,ZP,EP,D
9:46:45,PTBA,RG,2530,308,F,ZP,EP,D
9:46:45,PTBA,RG,2530,2,F,AK,EP,D
9:46:36,PTBA,RG,2540,3,D,PD,CS,F
9:46:32,PTBA,RG,2530,11,F,AK,XC,D
9:46:30,PTBA,RG,2540,8,D,PD,CS,F
9:46:30,PTBA,RG,2540,3,D,PD,ZP,F
9:46:30,PTBA,RG,2540,69,D,PD,CS,F
9:46:27,PTBA,RG,2540,5,D,OD,CS,F
9:46:26,PTBA,RG,2540,10,D,YP,CS,F
9:46:23,PTBA,RG,2540,50,D,IF,CS,F
9:46:22,PTBA,RG,2540,1,D,YP,CS,F
9:46:19,PTBA,RG,2540,3,D,XL,CS,F
9:46:14,PTBA,RG,2540,2,D,ZP,CS,F
9:45:56,PTBA,RG,2540,1,D,YP,CS,F
9:45:51,PTBA,RG,2540,202,F,ZP,CS,F
9:45:50,PTBA,RG,2540,20,D,PD,CS,F
9:45:50,PTBA,RG,2540,800,D,PD,CS,F
9:45:49,PTBA,RG,2540,64,F,ZP,CS,F
9:45:48,PTBA,RG,2540,61,F,ZP,CS,F
9:45:47,PTBA,RG,2540,50,F,AK,CC,D
9:45:47,PTBA,RG,2540,3,F,AK,CS,F
9:45:47,PTBA,RG,2540,8,F,AK,CS,F
9:45:47,PTBA,RG,2540,20,F,AK,PD,D
9:45:47,PTBA,RG,2540,50,F,AK,CC,D
9:45:47,PTBA,RG,2540,4,F,AK,ZP,F
9:45:47,PTBA,RG,2540,5,F,AK,NI,D
