Time,Stock,Brd,Price,Qty,BT,BC,SC,ST
15:14:23,PTBA,RG,2600,6,D,PD,YU,D
15:13:43,PTBA,RG,2600,16,D,KK,YU,D
15:13:21,PTBA,RG,2600,63,D,YP,YU,D
15:13:21,PTBA,RG,2600,3,D,YP,PD,D
15:13:21,PTBA,RG,2600,30,D,YP,KK,D
15:13:21,PTBA,RG,2600,40,D,YP,XC,D
15:13:21,PTBA,RG,2600,2,D,YP,YP,D
15:13:21,PTBA,RG,2600,50,D,YP,DH,D
15:13:21,PTBA,RG,2600,3,D,YP,XC,D
15:13:21,PTBA,RG,2600,10,D,YP,EP,D
15:13:21,PTBA,RG,2600,20,D,YP,YP,D
15:13:21,PTBA,RG,2600,100,D,YP,XC,D
15:13:21,PTBA,RG,2600,160,D,YP,KK,D
15:13:02,PTBA,RG,2600,5,D,KK,KK,D
15:12:53,PTBA,RG,2600,20,D,YP,KK,D
15:11:16,PTBA,RG,2600,3,D,YP,KK,D
15:11:10,PTBA,RG,2600,4,D,YP,KK,D
15:10:27,PTBA,RG,2600,3,D,YP,KK,D
15:09:18,PTBA,RG,2600,10,D,YP,KK,D
15:09:03,PTBA,RG,2600,3,D,PD,KK,D
15:08:51,PTBA,RG,2600,1,D,NI,KK,D
15:08:04,PTBA,RG,2600,10,D,NI,KK,D
15:07:57,PTBA,RG,2600,20,D,NI,KK,D
15:07:30,PTBA,RG,2600,1,D,NI,KK,D
15:06:47,PTBA,RG,2600,1,D,XC,KK,D
15:06:19,PTBA,RG,2600,1,D,NI,KK,D
15:05:41,PTBA,RG,2600,2,D,XC,KK,D
15:05:29,PTBA,RG,2600,4,D,NI,KK,D
15:05:17,PTBA,RG,2600,1,D,YP,KK,D
15:05:16,PTBA,RG,2600,10,D,NI,KK,D
15:05:04,PTBA,RG,2600,2,D,YP,KK,D
15:05:04,PTBA,RG,2600,135,D,YP,KK,D
15:05:02,PTBA,RG,2600,1,D,KK,KK,D
15:05:02,PTBA,RG,2600,100,D,CC,KK,D
15:05:01,PTBA,RG,2600,1,D,XC,KK,D
15:05:00,PTBA,RG,2600,25,D,AT,KK,D
15:00:00,PTBA,RG,2600,5,D,DR,KK,D
15:00:00,PTBA,RG,2600,4,D,PD,KK,D
15:00:00,PTBA,RG,2600,3,D,NI,KK,D
15:00:00,PTBA,RG,2600,15,D,PD,KK,D
15:00:00,PTBA,RG,2600,20,D,OD,KK,D
15:00:00,PTBA,RG,2600,1,D,KK,KK,D
15:00:00,PTBA,RG,2600,30,D,IF,KK,D
15:00:00,PTBA,RG,2600,50,D,EP,KK,D
15:00:00,PTBA,RG,2600,12,D,YP,KK,D
15:00:00,PTBA,RG,2600,80,D,NI,KK,D
15:00:00,PTBA,RG,2600,1,D,OD,KK,D
15:00:00,PTBA,RG,2600,5,D,IF,KK,D
15:00:00,PTBA,RG,2600,1,D,XC,KK,D
15:00:00,PTBA,RG,2600,1,D,XC,KK,D
15:00:00,PTBA,RG,2600,25,D,YP,KK,D
15:00:00,PTBA,RG,2600,50,D,CC,KK,D
15:00:00,PTBA,RG,2600,2,D,PD,KK,D
15:00:00,PTBA,RG,2600,5,D,XC,KK,D
15:00:00,PTBA,RG,2600,1,D,KK,KK,D
15:00:00,PTBA,RG,2600,5,D,SQ,KK,D
15:00:00,PTBA,RG,2600,1,D,PD,KK,D
15:00:00,PTBA,RG,2600,1,D,KK,KK,D
15:00:00,PTBA,RG,2600,1,D,NI,KK,D
15:00:00,PTBA,RG,2600,12,D,CC,KK,D
15:00:00,PTBA,RG,2600,1,D,PC,KK,D
15:00:00,PTBA,RG,2600,2,D,XL,KK,D
15:00:00,PTBA,RG,2600,45,D,YP,KK,D
15:00:00,PTBA,RG,2600,20,D,PD,KK,D
15:00:00,PTBA,RG,2600,30,D,YB,KK,D
15:00:00,PTBA,RG,2600,5,D,AG,KK,D
15:00:00,PTBA,RG,2600,1200,D,YP,KK,D
15:00:00,PTBA,RG,2600,5,D,PD,KK,D
15:00:00,PTBA,RG,2600,1406,D,YP,KK,D
15:00:00,PTBA,RG,2600,3,D,YP,YP,D
15:00:00,PTBA,RG,2600,2,D,YP,PD,D
15:00:00,PTBA,RG,2600,4,D,YP,YP,D
15:00:00,PTBA,RG,2600,585,D,YP,DX,D
15:00:00,PTBA,RG,2600,75,D,IF,DX,D
15:00:00,PTBA,RG,2600,2,D,YP,DX,D
15:00:00,PTBA,RG,2600,1,D,YP,DX,D
15:00:00,PTBA,RG,2600,5,D,CC,DX,D
15:00:00,PTBA,RG,2600,40,D,YP,DX,D
15:00:00,PTBA,RG,2600,37,D,YU,DX,D
15:00:00,PTBA,RG,2600,248,F,ZP,DX,D
15:00:00,PTBA,RG,2600,1362,F,ZP,DX,D
15:00:00,PTBA,RG,2600,45,F,ZP,DX,D
15:00:00,PTBA,RG,2600,9,F,ZP,PD,D
15:00:00,PTBA,RG,2600,20,F,ZP,NI,D
15:00:00,PTBA,RG,2600,3,F,ZP,DR,D
15:00:00,PTBA,RG,2600,180,F,ZP,DR,D
15:00:00,PTBA,RG,2600,20,F,ZP,YP,D
15:00:00,PTBA,RG,2600,66,F,ZP,DH,D
15:00:00,PTBA,RG,2600,4,F,ZP,YP,D
15:00:00,PTBA,RG,2600,24,F,ZP,ZP,F
15:00:00,PTBA,RG,2600,96,F,ZP,ZP,F
15:00:00,PTBA,RG,2600,6,F,ZP,FS,D
15:00:00,PTBA,RG,2600,393,F,ZP,AK,F
15:00:00,PTBA,RG,2600,2,F,AK,AK,F
15:00:00,PTBA,RG,2600,269,F,AK,AK,F
15:00:00,PTBA,RG,2600,1,F,AK,AK,F
15:00:00,PTBA,RG,2600,1,F,AK,AK,F
15:00:00,PTBA,RG,2600,175,F,AK,AK,F
15:00:00,PTBA,RG,2600,25,F,AK,GR,D
15:00:00,PTBA,RG,2600,1,F,AK,BK,F
15:00:00,PTBA,RG,2600,20,F,AK,CS,F
15:00:00,PTBA,RG,2600,11,F,AK,CS,F
15:00:00,PTBA,RG,2600,1,F,AK,CS,F
15:00:00,PTBA,RG,2600,30,D,LG,CS,F
15:00:00,PTBA,RG,2600,25,D,LG,GR,D
14:49:59,PTBA,RG,2600,38,F,ZP,AZ,D
14:49:59,PTBA,RG,2600,10,F,ZP,SQ,D
14:49:59,PTBA,RG,2600,2,F,ZP,ZP,F
14:49:59,PTBA,RG,2600,33,F,ZP,YB,D
14:49:58,PTBA,RG,2600,3,F,AK,YB,D
14:49:58,PTBA,RG,2600,2,F,AK,YB,D
14:49:50,PTBA,RG,2590,1,D,YP,ZP,F
14:49:50,PTBA,RG,2590,1,D,YP,ZP,F
14:49:50,PTBA,RG,2590,1,D,YP,XC,D
14:49:43,PTBA,RG,2600,25,F,AK,AK,F
14:49:43,PTBA,RG,2600,7,F,AK,AK,F
14:49:43,PTBA,RG,2600,8,F,AK,EP,D
14:49:42,PTBA,RG,2600,4,F,AK,EP,D
14:49:41,PTBA,RG,2590,100,D,CC,AK,F
14:49:41,PTBA,RG,2590,10,D,KK,AK,F
14:49:30,PTBA,RG,2610,67,F,ZP,LS,D
14:49:30,PTBA,RG,2610,20,F,ZP,NI,D
14:49:30,PTBA,RG,2610,5,F,ZP,LG,D
14:49:30,PTBA,RG,2610,8,F,ZP,NI,D
14:49:30,PTBA,RG,2610,1,F,ZP,PD,D
14:49:30,PTBA,RG,2610,1,F,ZP,KK,D
14:49:30,PTBA,RG,2610,7,F,ZP,XC,D
14:49:30,PTBA,RG,2610,3,F,ZP,XL,D
14:49:30,PTBA,RG,2610,5,F,ZP,CC,D
14:49:30,PTBA,RG,2610,1,F,ZP,CC,D
14:49:30,PTBA,RG,2610,2,F,ZP,CC,D
14:49:30,PTBA,RG,2610,50,F,ZP,YJ,D
14:49:30,PTBA,RG,2610,4,F,ZP,CC,D
14:49:30,PTBA,RG,2610,4,F,ZP,XC,D
14:49:30,PTBA,RG,2610,1,F,AK,XC,D
14:49:30,PTBA,RG,2610,10,F,AK,PD,D
14:49:30,PTBA,RG,2600,5,F,ZP,ZP,F
14:49:30,PTBA,RG,2600,20,F,ZP,NI,D
14:49:30,PTBA,RG,2600,5,F,ZP,EP,D
14:49:30,PTBA,RG,2600,20,F,ZP,EP,D
14:49:30,PTBA,RG,2600,637,F,ZP,YU,D
14:49:29,PTBA,RG,2580,3,D,KK,EP,D
14:49:29,PTBA,RG,2590,1,D,YP,EP,D
14:49:28,PTBA,RG,2600,1,F,AK,YU,D
14:49:28,PTBA,RG,2600,362,D,KZ,YU,D
14:49:28,PTBA,RG,2600,34,D,KZ,YP,D
14:49:16,PTBA,RG,2600,26,D,KZ,YP,D
14:49:16,PTBA,RG,2600,10,D,KZ,YP,D
14:49:16,PTBA,RG,2600,6,D,KZ,ZP,F
14:49:16,PTBA,RG,2600,29,D,KZ,ZP,F
14:49:16,PTBA,RG,2600,30,D,KZ,YP,D
14:49:16,PTBA,RG,2600,8,D,KZ,YP,D
14:49:16,PTBA,RG,2600,7,D,KZ,YP,D
14:49:14,PTBA,RG,2590,13,D,KZ,ZP,F
14:49:13,PTBA,RG,2590,2,D,KZ,PD,D
14:49:13,PTBA,RG,2590,5,D,KZ,YP,D
14:49:13,PTBA,RG,2590,33,D,KZ,EP,D
14:49:13,PTBA,RG,2590,57,D,KZ,EP,D
14:49:02,PTBA,RG,2590,5,D,KK,EP,D
14:49:01,PTBA,RG,2590,38,D,KZ,EP,D
14:49:01,PTBA,RG,2590,12,D,KZ,AK,F
14:49:01,PTBA,RG,2590,49,D,KZ,AK,F
14:49:00,PTBA,RG,2580,1,D,KK,AK,F
14:49:00,PTBA,RG,2580,1,D,KK,AK,F
14:49:00,PTBA,RG,2580,1,D,KK,AK,F
14:48:57,PTBA,RG,2590,10,D,PD,AK,F
14:48:52,PTBA,RG,2580,99,D,KK,AK,F
14:48:52,PTBA,RG,2590,28,D,KZ,AK,F
14:48:52,PTBA,RG,2590,209,D,KZ,CC,D
14:48:45,PTBA,RG,2590,1,D,NI,CC,D
14:48:44,PTBA,RG,2580,6,D,KK,ZP,F
14:48:30,PTBA,RG,2600,274,D,KZ,YP,D
14:48:23,PTBA,RG,2580,457,D,KK,EP,D
14:48:23,PTBA,RG,2580,30,D,CC,EP,D
14:48:23,PTBA,RG,2580,1,D,PD,EP,D
14:48:23,PTBA,RG,2580,5,D,XC,EP,D
14:48:23,PTBA,RG,2580,5,D,CC,EP,D
14:48:23,PTBA,RG,2580,50,D,DH,EP,D
14:48:23,PTBA,RG,2590,100,D,XC,EP,D
14:48:23,PTBA,RG,2590,5,D,YP,EP,D
14:48:23,PTBA,RG,2590,85,F,BK,EP,D
14:48:23,PTBA,RG,2590,878,F,ZP,EP,D
14:48:20,PTBA,RG,2600,20,D,PD,YP,D
14:48:19,PTBA,RG,2600,19,F,BK,YP,D
14:48:19,PTBA,RG,2600,10,D,CC,YP,D
14:48:18,PTBA,RG,2590,150,F,ZP,EP,D
14:48:12,PTBA,RG,2600,132,D,KZ,YP,D
14:48:12,PTBA,RG,2600,85,D,KZ,YP,D
14:48:10,PTBA,RG,2590,20,F,ZP,EP,D
14:48:07,PTBA,RG,2600,18,F,BK,YP,D
14:48:05,PTBA,RG,2600,41,F,BK,YP,D
14:48:01,PTBA,RG,2600,21,D,KZ,YP,D
14:48:01,PTBA,RG,2600,30,D,KZ,EP,D
14:48:01,PTBA,RG,2600,6,D,KZ,SQ,D
14:48:01,PTBA,RG,2600,20,D,KZ,YP,D
14:48:01,PTBA,RG,2600,9,D,KZ,XC,D
14:48:01,PTBA,RG,2600,1,D,KZ,PD,D
14:48:01,PTBA,RG,2600,55,D,KZ,PD,D
14:48:01,PTBA,RG,2600,70,D,KZ,CC,D
14:48:01,PTBA,RG,2600,5,D,KZ,DR,D
14:48:01,PTBA,RG,2600,22,D,KZ,LG,D
14:48:01,PTBA,RG,2600,8,D,KZ,LG,D
14:48:01,PTBA,RG,2600,25,D,KZ,DH,D
14:48:01,PTBA,RG,2600,8,D,KZ,PD,D
14:48:01,PTBA,RG,2600,19,D,KZ,PD,D
14:48:01,PTBA,RG,2600,100,D,KZ,CC,D
14:48:01,PTBA,RG,2600,5,D,KZ,CC,D
14:48:01,PTBA,RG,2600,5,D,KZ,BQ,D
14:48:01,PTBA,RG,2600,1,D,KZ,XL,D
14:48:01,PTBA,RG,2600,78,D,KZ,DR,D
14:48:01,PTBA,RG,2600,279,D,KZ,DR,D
14:47:53,PTBA,RG,2590,13,F,ZP,PD,D
14:47:53,PTBA,RG,2590,72,F,ZP,EP,D
14:47:48,PTBA,RG,2600,1,F,BK,DR,D
14:47:48,PTBA,RG,2600,3,F,BK,DH,D
14:47:48,PTBA,RG,2600,2,F,BK,CC,D
14:47:48,PTBA,RG,2600,11,F,BK,CC,D
14:47:47,PTBA,RG,2590,8,F,ZP,XC,D
14:47:46,PTBA,RG,2590,22,F,ZP,EP,D
14:47:45,PTBA,RG,2590,7,F,ZP,LG,D
14:47:44,PTBA,RG,2590,200,F,ZP,EP,D
14:47:33,PTBA,RG,2590,57,F,ZP,YP,D
14:47:31,PTBA,RG,2600,9,F,BK,CC,D
14:47:31,PTBA,RG,2600,2,F,BK,YP,D
14:47:31,PTBA,RG,2600,6,F,BK,XL,D
14:47:31,PTBA,RG,2600,1,F,BK,YP,D
14:47:26,PTBA,RG,2590,128,F,ZP,EP,D
14:47:16,PTBA,RG,2590,343,F,ZP,CS,F
14:47:15,PTBA,RG,2590,101,D,YP,CS,F
14:47:15,PTBA,RG,2590,25,D,YP,EP,D
14:47:15,PTBA,RG,2590,25,D,YP,YP,D
14:47:15,PTBA,RG,2590,20,D,YP,CC,D
14:47:15,PTBA,RG,2590,20,D,YP,YP,D
14:47:15,PTBA,RG,2590,1,D,YP,AK,F
14:47:15,PTBA,RG,2590,3,D,YP,AK,F
14:47:15,PTBA,RG,2590,1,D,YP,NI,D
14:47:15,PTBA,RG,2590,5,D,YP,YP,D
14:47:15,PTBA,RG,2590,7,D,YP,KK,D
14:47:15,PTBA,RG,2590,30,D,YP,XA,D
14:47:15,PTBA,RG,2590,1,D,YP,BK,F
14:47:15,PTBA,RG,2590,261,D,YP,CS,F
14:47:10,PTBA,RG,2580,6,F,ZP,YP,D
14:47:07,PTBA,RG,2570,1,D,CC,CC,D
14:47:07,PTBA,RG,2570,1,D,YP,CC,D
14:47:07,PTBA,RG,2580,4,D,DH,CC,D
14:47:03,PTBA,RG,2580,1888,F,AK,BK,F
14:47:03,PTBA,RG,2580,4,F,AK,CS,F
14:47:03,PTBA,RG,2580,10,F,AK,CC,F
14:46:58,PTBA,RG,2580,462,F,AK,AK,F
14:46:58,PTBA,RG,2580,46,F,AK,ZP,F
14:46:58,PTBA,RG,2580,1,D,XC,ZP,F
14:46:58,PTBA,RG,2580,3,D,XC,ZP,F
14:46:57,PTBA,RG,2580,14,F,AK,ZP,F
14:46:57,PTBA,RG,2580,1,F,AK,CS,F
14:46:57,PTBA,RG,2580,3,F,AK,CS,F
14:46:57,PTBA,RG,2580,2,F,AK,CS,F
14:46:57,PTBA,RG,2580,1,F,AK,CS,F
14:46:57,PTBA,RG,2580,4,F,AK,CS,F
14:46:57,PTBA,RG,2580,13,F,AK,CS,F
14:46:56,PTBA,RG,2580,539,F,AK,LG,D
14:46:56,PTBA,RG,2580,42,F,AK,LG,D
14:46:56,PTBA,RG,2580,185,D,KZ,LG,D
14:46:56,PTBA,RG,2580,2,D,TP,LG,D
14:46:56,PTBA,RG,2580,199,D,KZ,LG,D
14:46:56,PTBA,RG,2580,2,D,XC,LG,D
14:46:56,PTBA,RG,2580,4,D,PD,LG,D
14:46:56,PTBA,RG,2580,2,D,PD,LG,D
14:46:56,PTBA,RG,2580,4,D,PD,LG,D
14:46:56,PTBA,RG,2580,30,D,KK,LG,D
14:46:56,PTBA,RG,2580,1,D,GR,LG,D
14:46:56,PTBA,RG,2580,2,D,PD,LG,D
14:46:56,PTBA,RG,2580,10,D,PD,LG,D
14:46:56,PTBA,RG,2580,2,D,PD,LG,D
14:46:56,PTBA,RG,2580,10,D,NI,LG,D
14:46:56,PTBA,RG,2580,2,D,YP,LG,D
14:46:56,PTBA,RG,2580,10,D,YP,LG,D
14:46:56,PTBA,RG,2580,2,D,SQ,LG,D
14:46:56,PTBA,RG,2580,74,F,AK,LG,D
14:46:56,PTBA,RG,2580,38,D,YP,LG,D
14:46:56,PTBA,RG,2580,1,D,XC,LG,D
14:46:56,PTBA,RG,2580,100,D,DH,LG,D
14:46:56,PTBA,RG,2580,39,D,KK,LG,D
14:46:56,PTBA,RG,2580,5,D,PD,LG,D
14:46:56,PTBA,RG,2580,1,D,CC,LG,D
14:46:56,PTBA,RG,2580,1,D,PD,LG,D
14:46:56,PTBA,RG,2580,10,D,PD,LG,D
14:46:56,PTBA,RG,2580,1,D,XC,LG,D
14:46:56,PTBA,RG,2580,1,D,YP,LG,D
14:46:56,PTBA,RG,2580,12,D,PD,LG,D
14:46:56,PTBA,RG,2580,2,D,XC,LG,D
14:46:56,PTBA,RG,2580,767,D,CC,LG,D
14:46:54,PTBA,RG,2590,2,D,NI,CS,F
14:46:53,PTBA,RG,2580,4,D,CC,DR,D
14:46:49,PTBA,RG,2590,65,D,OD,CS,F
14:46:48,PTBA,RG,2580,14,D,CC,CS,F
14:46:48,PTBA,RG,2580,215,D,CC,AK,F
14:46:48,PTBA,RG,2580,1,D,PD,AK,F
14:46:48,PTBA,RG,2580,4,D,CC,AK,F
14:46:48,PTBA,RG,2580,12,D,PD,AK,F
14:46:48,PTBA,RG,2580,1,D,PD,AK,F
14:46:48,PTBA,RG,2580,1,D,YP,AK,F
14:46:48,PTBA,RG,2580,15,D,YU,AK,F
14:46:48,PTBA,RG,2580,4,D,XC,AK,F
14:46:48,PTBA,RG,2580,4,D,PD,AK,F
14:46:48,PTBA,RG,2580,148,D,YU,AK,F
14:46:48,PTBA,RG,2580,15,D,YU,ZP,F
14:46:48,PTBA,RG,2580,1,D,YU,CS,F
14:46:47,PTBA,RG,2580,652,D,YU,YP,D
14:46:45,PTBA,RG,2590,50,D,KK,CS,F
14:46:41,PTBA,RG,2580,8,D,YU,MG,D
14:46:39,PTBA,RG,2580,30,D,YU,PD,D
14:46:21,PTBA,RG,2590,50,D,KK,CS,F
14:46:13,PTBA,RG,2580,10,D,YU,KK,D
14:46:10,PTBA,RG,2590,1,D,NI,CS,F
14:46:06,PTBA,RG,2580,3,D,YU,XC,D
14:46:04,PTBA,RG,2580,130,D,YU,GR,D
14:46:03,PTBA,RG,2580,3,D,YU,ZP,F
14:46:03,PTBA,RG,2580,2,D,KK,ZP,F
14:46:03,PTBA,RG,2580,1,D,XL,ZP,F
14:46:03,PTBA,RG,2580,2,D,XC,ZP,F
14:46:03,PTBA,RG,2580,3,D,YP,ZP,F
14:46:03,PTBA,RG,2580,23,D,IF,ZP,F
14:46:03,PTBA,RG,2580,97,D,IF,EP,D
14:46:03,PTBA,RG,2580,300,D,GR,EP,D
14:46:03,PTBA,RG,2580,10,D,CC,EP,D
14:46:03,PTBA,RG,2580,2,D,PD,EP,D
14:46:03,PTBA,RG,2580,1,D,NI,EP,D
14:46:03,PTBA,RG,2580,5,D,XA,EP,D
14:46:03,PTBA,RG,2580,15,D,CC,EP,D
14:46:03,PTBA,RG,2580,3,D,YP,EP,D
14:46:03,PTBA,RG,2580,50,D,YJ,EP,D
14:46:03,PTBA,RG,2580,2,D,XC,EP,D
14:46:03,PTBA,RG,2580,30,D,GR,EP,D
14:46:03,PTBA,RG,2580,10,D,PD,EP,D
14:46:03,PTBA,RG,2580,1,D,NI,EP,D
14:46:03,PTBA,RG,2580,1,D,PD,EP,D
14:46:03,PTBA,RG,2580,100,D,EP,EP,D
14:46:03,PTBA,RG,2580,36,D,CC,EP,D
14:46:03,PTBA,RG,2580,1,D,XC,EP,D
14:46:03,PTBA,RG,2580,2,D,PD,EP,D
14:46:03,PTBA,RG,2580,15,D,YP,EP,D
14:46:03,PTBA,RG,2580,100,D,DR,EP,D
14:46:03,PTBA,RG,2580,20,D,PD,EP,D
14:46:03,PTBA,RG,2580,17,D,YP,EP,D
14:46:03,PTBA,RG,2580,2,D,NI,EP,D
14:46:03,PTBA,RG,2580,15,D,DU,EP,D
14:46:03,PTBA,RG,2580,1,D,PD,EP,D
14:46:03,PTBA,RG,2580,1,D,NI,EP,D
14:46:03,PTBA,RG,2580,1,D,PD,EP,D
14:46:03,PTBA,RG,2580,3,D,XC,EP,D
14:46:03,PTBA,RG,2580,10,D,CC,EP,D
14:46:03,PTBA,RG,2580,2,D,PD,EP,D
14:46:03,PTBA,RG,2580,1,D,XC,EP,D
14:46:03,PTBA,RG,2580,5,D,PD,EP,D
14:46:03,PTBA,RG,2580,10,D,IF,EP,D
14:46:03,PTBA,RG,2580,190,D,AZ,EP,D
14:46:03,PTBA,RG,2580,1,D,YP,EP,D
14:46:03,PTBA,RG,2580,10,D,XC,EP,D
14:46:01,PTBA,RG,2580,1,D,YP,KK,D
14:45:55,PTBA,RG,2590,14,D,DH,CS,F
14:45:55,PTBA,RG,2590,86,D,DH,AK,F
14:45:47,PTBA,RG,2580,10,D,YP,YP,D
14:45:46,PTBA,RG,2580,5,D,YP,CS,D
14:45:36,PTBA,RG,2580,14,D,YP,CS,D
14:45:36,PTBA,RG,2580,7,D,YP,CS,D
14:45:26,PTBA,RG,2580,8,D,YP,CS,D
14:45:23,PTBA,RG,2580,5,D,YP,PD,D
14:45:23,PTBA,RG,2580,20,D,YP,PD,D
14:45:23,PTBA,RG,2580,8,D,CC,PD,D
14:45:16,PTBA,RG,2580,2,D,CC,CS,D
14:45:16,PTBA,RG,2580,2,D,NI,CS,D
14:45:16,PTBA,RG,2580,2,D,CC,CS,D
14:45:16,PTBA,RG,2580,2,D,CC,CS,D
14:45:16,PTBA,RG,2580,5,D,PD,CS,D
14:45:16,PTBA,RG,2580,3,D,MG,CS,D
14:45:15,PTBA,RG,2580,5,D,MG,YP,D
14:45:15,PTBA,RG,2580,10,D,MG,AK,F
14:45:05,PTBA,RG,2580,2,D,MG,CS,D
14:45:05,PTBA,RG,2580,11,D,YP,CS,D
14:44:52,PTBA,RG,2580,19,D,YP,ZP,F
14:44:46,PTBA,RG,2580,22,D,YP,CS,D
14:44:19,PTBA,RG,2590,2,D,PD,AK,F
14:44:19,PTBA,RG,2590,1,D,PD,CS,F
14:44:16,PTBA,RG,2580,37,D,YP,CS,D
14:43:59,PTBA,RG,2580,11,D,YP,ZP,F
14:43:58,PTBA,RG,2580,3,D,YP,AK,F
14:43:27,PTBA,RG,2580,10,D,YP,CS,F
14:43:27,PTBA,RG,2590,108,F,AK,AK,F
14:43:27,PTBA,RG,2590,1,F,AK,AK,F
14:43:27,PTBA,RG,2590,5,D,XC,AK,F
14:43:27,PTBA,RG,2590,1,D,PD,AK,F
14:43:27,PTBA,RG,2590,1,D,PD,AK,F
14:43:27,PTBA,RG,2590,37,D,PD,AK,F
14:43:27,PTBA,RG,2590,10,D,PD,AK,F
14:43:27,PTBA,RG,2590,10,D,GR,AK,F
14:43:27,PTBA,RG,2590,5,D,YP,AK,F
14:43:27,PTBA,RG,2590,2,D,PD,AK,F
14:43:27,PTBA,RG,2590,20,D,CC,AK,F
14:43:27,PTBA,RG,2590,8,D,SQ,AK,F
14:43:27,PTBA,RG,2590,1,D,PD,AK,F
14:43:27,PTBA,RG,2590,2,D,YP,AK,F
14:43:27,PTBA,RG,2590,15,D,YU,AK,F
14:43:27,PTBA,RG,2590,39,D,YU,AK,F
14:43:27,PTBA,RG,2590,2,D,PD,AK,F
14:43:27,PTBA,RG,2590,3,D,DR,AK,F
14:43:27,PTBA,RG,2590,1,D,OD,AK,F
14:43:27,PTBA,RG,2590,10,D,DH,AK,F
14:43:27,PTBA,RG,2590,2,D,YP,AK,F
14:43:27,PTBA,RG,2590,143,D,SQ,AK,F
14:43:26,PTBA,RG,2590,57,D,SQ,AK,F
14:43:26,PTBA,RG,2590,20,D,KK,AK,F
14:43:26,PTBA,RG,2590,8,D,KK,AK,F
14:43:26,PTBA,RG,2590,1,D,PD,AK,F
14:43:26,PTBA,RG,2590,4,D,YP,AK,F
14:43:26,PTBA,RG,2590,20,D,YP,AK,F
14:43:26,PTBA,RG,2590,2,D,KK,AK,F
14:43:26,PTBA,RG,2590,20,D,KK,AK,F
14:43:26,PTBA,RG,2590,4,D,XC,AK,F
14:43:26,PTBA,RG,2590,6,D,PD,AK,F
14:43:26,PTBA,RG,2590,50,D,ES,AK,F
14:43:26,PTBA,RG,2590,10,D,AZ,AK,F
14:43:26,PTBA,RG,2590,35,D,SQ,AK,F
14:43:26,PTBA,RG,2590,2,D,XC,AK,F
14:43:26,PTBA,RG,2590,1,D,XC,AK,F
14:43:26,PTBA,RG,2590,10,D,CC,AK,F
14:43:26,PTBA,RG,2590,88,F,AK,AK,F
14:43:26,PTBA,RG,2590,1,F,AK,AK,F
14:43:26,PTBA,RG,2590,5,D,PD,AK,F
14:43:26,PTBA,RG,2590,800,D,YP,AK,F
14:43:26,PTBA,RG,2590,150,D,CC,AK,F
14:43:26,PTBA,RG,2590,10,D,AZ,AK,F
14:43:26,PTBA,RG,2590,10,D,CC,AK,F
14:43:26,PTBA,RG,2590,10,D,PD,AK,F
14:43:26,PTBA,RG,2590,1,D,CC,AK,F
14:43:26,PTBA,RG,2590,10,D,XC,AK,F
14:43:26,PTBA,RG,2590,74,F,AK,AK,F
14:43:26,PTBA,RG,2590,1,F,AK,AK,F
14:43:26,PTBA,RG,2590,333,F,ZP,AK,F
14:43:26,PTBA,RG,2590,30,F,ZP,CS,D
14:43:26,PTBA,RG,2590,282,F,ZP,YP,D
14:43:26,PTBA,RG,2590,680,D,KK,YP,D
14:43:00,PTBA,RG,2590,15,D,KK,EP,D
14:42:58,PTBA,RG,2590,15,D,KK,ZP,F
14:42:54,PTBA,RG,2600,30,D,OD,SQ,D
14:42:52,PTBA,RG,2600,1,D,XC,SQ,D
14:42:45,PTBA,RG,2590,54,D,KK,CS,D
14:42:43,PTBA,RG,2590,10,D,KK,PD,D
14:42:13,PTBA,RG,2590,1,D,KK,XC,D
14:42:10,PTBA,RG,2590,20,D,KK,PD,D
14:42:08,PTBA,RG,2590,23,D,KK,ZP,F
14:41:54,PTBA,RG,2590,2,D,KK,CC,D
14:41:34,PTBA,RG,2590,4,D,KK,LG,D
14:41:33,PTBA,RG,2590,24,D,KK,YU,D
14:41:32,PTBA,RG,2590,23,D,KK,YU,D
14:41:32,PTBA,RG,2590,67,D,KK,CS,D
14:41:29,PTBA,RG,2590,1,D,KK,XC,D
14:41:17,PTBA,RG,2600,1,D,KK,SQ,D
14:40:56,PTBA,RG,2600,30,D,YP,SQ,D
14:39:59,PTBA,RG,2590,82,D,KK,CS,D
14:39:56,PTBA,RG,2600,10,D,KK,SQ,D
14:39:35,PTBA,RG,2600,10,D,CC,SQ,D
14:39:13,PTBA,RG,2590,9,D,KK,AK,F
14:39:04,PTBA,RG,2600,130,D,YP,SQ,D
14:39:01,PTBA,RG,2590,3,D,KK,XC,D
14:38:46,PTBA,RG,2600,2,D,YP,SQ,D
14:38:45,PTBA,RG,2600,396,F,AK,SQ,D
14:38:45,PTBA,RG,2600,2,F,AK,SQ,D
14:38:23,PTBA,RG,2600,1,D,XC,SQ,D
14:37:46,PTBA,RG,2590,74,D,KK,CS,D
14:37:30,PTBA,RG,2600,72,F,AK,SQ,D
14:37:08,PTBA,RG,2600,5,D,XC,SQ,D
14:37:06,PTBA,RG,2600,3,D,XC,SQ,D
14:36:50,PTBA,RG,2600,10,D,LG,SQ,D
14:36:28,PTBA,RG,2600,1,D,XC,SQ,D
14:36:26,PTBA,RG,2600,5,D,XC,SQ,D
14:36:24,PTBA,RG,2590,1,D,KK,KK,D
14:36:23,PTBA,RG,2600,1,D,XC,SQ,D
14:36:21,PTBA,RG,2590,2,D,KK,KK,D
14:36:18,PTBA,RG,2600,1,D,XC,SQ,D
14:36:12,PTBA,RG,2600,1,D,XC,SQ,D
14:36:12,PTBA,RG,2590,48,D,KK,EP,D
14:36:02,PTBA,RG,2600,50,D,OD,SQ,D
14:35:47,PTBA,RG,2590,76,D,KK,CS,D
14:35:19,PTBA,RG,2600,10,D,KK,SQ,D
14:35:18,PTBA,RG,2600,2,D,PD,SQ,D
14:35:12,PTBA,RG,2600,2,D,CC,SQ,D
14:34:38,PTBA,RG,2600,100,D,DH,SQ,D
14:34:07,PTBA,RG,2600,20,D,CC,SQ,D
14:33:45,PTBA,RG,2600,1,F,AK,SQ,D
14:33:15,PTBA,RG,2590,7,D,KK,AK,F
14:33:12,PTBA,RG,2600,25,D,CC,SQ,D
14:33:01,PTBA,RG,2600,5,D,AZ,SQ,D
14:32:27,PTBA,RG,2590,150,D,KK,PD,D
14:32:08,PTBA,RG,2600,1,D,PD,SQ,D
14:31:24,PTBA,RG,2590,15,D,KK,KK,D
14:31:20,PTBA,RG,2590,2,D,KK,KK,D
14:31:13,PTBA,RG,2590,4,D,KK,DH,D
14:30:09,PTBA,RG,2590,1,D,KK,PD,D
14:29:51,PTBA,RG,2590,8,D,KK,CS,F
14:29:51,PTBA,RG,2590,8,D,KK,CS,F
14:29:50,PTBA,RG,2590,5,D,KK,CS,F
14:29:50,PTBA,RG,2590,7,D,KK,CS,F
14:29:50,PTBA,RG,2590,3,D,KK,CS,F
14:29:50,PTBA,RG,2590,5,D,KK,CS,F
14:29:50,PTBA,RG,2590,29,D,KK,KK,D
14:29:50,PTBA,RG,2590,4,D,KK,CC,F
14:29:50,PTBA,RG,2590,300,D,KK,LG,D
14:29:50,PTBA,RG,2590,55,D,KK,CS,D
14:29:50,PTBA,RG,2590,300,D,KK,LG,D
14:29:50,PTBA,RG,2590,1,D,KK,YP,D
14:29:50,PTBA,RG,2590,78,D,KK,YP,D
14:29:50,PTBA,RG,2590,12,D,KK,XC,D
14:29:50,PTBA,RG,2590,2,D,KK,PD,D
14:29:50,PTBA,RG,2590,6,D,KK,CS,F
14:29:50,PTBA,RG,2590,4,D,KK,CS,F
14:29:50,PTBA,RG,2590,2,D,KK,CS,F
14:29:50,PTBA,RG,2590,22,D,KK,ZP,F
14:29:50,PTBA,RG,2590,2,D,KK,CS,F
14:29:50,PTBA,RG,2590,2,D,KK,CS,F
14:29:50,PTBA,RG,2590,33,D,KK,YU,D
14:29:50,PTBA,RG,2590,1,D,KK,YP,D
14:29:50,PTBA,RG,2590,41,D,KK,CS,D
14:29:50,PTBA,RG,2590,1,D,KK,CS,D
14:29:50,PTBA,RG,2590,49,D,KK,YU,D
14:29:50,PTBA,RG,2590,3,D,KK,AK,F
14:29:50,PTBA,RG,2590,35,D,KK,ZP,F
14:29:50,PTBA,RG,2590,1,D,KK,CS,F
14:29:50,PTBA,RG,2590,1,D,KK,CS,F
14:29:50,PTBA,RG,2590,2,D,KK,XC,D
14:29:50,PTBA,RG,2590,61,D,KK,CS,D
14:29:50,PTBA,RG,2590,2,D,KK,CS,F
14:29:50,PTBA,RG,2590,502,D,KK,AK,F
14:29:46,PTBA,RG,2590,5,D,YP,AK,F
14:29:23,PTBA,RG,2590,20,D,XC,AK,F
14:29:21,PTBA,RG,2580,31,D,YP,EP,D
14:29:13,PTBA,RG,2590,1000,D,YU,AK,F
14:28:14,PTBA,RG,2590,1,D,CC,AK,F
14:27:59,PTBA,RG,2590,8,D,XC,AK,F
14:27:56,PTBA,RG,2590,2,D,PD,AK,F
14:27:53,PTBA,RG,2590,20,D,YP,AK,F
14:27:53,PTBA,RG,2590,30,D,YP,CS,D
14:27:45,PTBA,RG,2590,25,D,OD,CS,D
14:27:36,PTBA,RG,2590,6,D,OD,CS,D
14:27:36,PTBA,RG,2590,29,D,OD,LG,D
14:27:32,PTBA,RG,2590,2,D,XC,LG,D
14:27:31,PTBA,RG,2590,4,D,XC,LG,D
14:26:51,PTBA,RG,2590,20,D,KK,LG,D
14:26:38,PTBA,RG,2590,1,D,PD,LG,D
14:26:35,PTBA,RG,2590,8,D,SQ,LG,D
14:26:32,PTBA,RG,2590,1,D,KK,LG,D
14:26:26,PTBA,RG,2590,96,D,PD,LG,D
14:26:25,PTBA,RG,2590,20,D,KK,LG,D
14:26:12,PTBA,RG,2590,50,D,YP,LG,D
14:26:10,PTBA,RG,2590,68,F,AK,LG,D
14:26:10,PTBA,RG,2590,1,F,AK,LG,D
14:26:00,PTBA,RG,2590,404,F,ZP,AK,F
14:26:00,PTBA,RG,2590,9,D,PD,AK,F
14:26:00,PTBA,RG,2590,50,D,YP,AK,F
14:26:00,PTBA,RG,2590,2,D,PD,AK,F
14:26:00,PTBA,RG,2590,100,D,YP,AK,F
14:26:00,PTBA,RG,2590,4,D,PD,AK,F
14:26:00,PTBA,RG,2590,1,D,PD,AK,F
14:26:00,PTBA,RG,2590,1,D,YU,AK,F
14:26:00,PTBA,RG,2590,5,D,PD,AK,F
14:26:00,PTBA,RG,2590,2,D,XC,AK,F
14:26:00,PTBA,RG,2590,10,D,NI,AK,F
14:26:00,PTBA,RG,2590,1,D,OD,AK,F
14:26:00,PTBA,RG,2590,4,D,PD,AK,F
14:26:00,PTBA,RG,2590,48,D,KK,AK,F
14:26:00,PTBA,RG,2590,100,D,BQ,AK,F
14:26:00,PTBA,RG,2590,1,D,XC,AK,F
14:26:00,PTBA,RG,2590,10,D,CC,AK,F
14:26:00,PTBA,RG,2590,5,D,KK,AK,F
14:26:00,PTBA,RG,2590,1,D,PD,AK,F
14:26:00,PTBA,RG,2590,20,D,NI,AK,F
14:26:00,PTBA,RG,2590,5,D,NI,AK,F
14:26:00,PTBA,RG,2590,64,F,AK,AK,F
14:26:00,PTBA,RG,2590,1,F,AK,AK,F
14:26:00,PTBA,RG,2590,1074,D,AT,AK,F
14:25:58,PTBA,RG,2600,25,D,PD,SQ,D
14:25:41,PTBA,RG,2600,30,D,BQ,SQ,D
14:25:41,PTBA,RG,2600,1,D,PD,SQ,D
14:25:41,PTBA,RG,2600,5,D,DR,SQ,D
14:25:41,PTBA,RG,2600,30,D,XC,SQ,D
14:25:41,PTBA,RG,2600,1,D,PD,SQ,D
14:25:41,PTBA,RG,2600,10,D,XC,SQ,D
14:25:41,PTBA,RG,2600,53,D,XC,SQ,D
14:25:41,PTBA,RG,2600,100,D,SQ,SQ,D
14:25:41,PTBA,RG,2600,4,D,XC,SQ,D
14:25:41,PTBA,RG,2600,300,D,YP,SQ,D
14:25:41,PTBA,RG,2600,1,D,PD,SQ,D
14:25:41,PTBA,RG,2600,20,D,NI,SQ,D
14:25:41,PTBA,RG,2600,111,F,ZP,SQ,D
14:25:38,PTBA,RG,2600,1,F,ZP,YP,D
14:25:20,PTBA,RG,2600,26,F,ZP,KK,D
14:25:10,PTBA,RG,2600,21,F,ZP,XC,D
14:24:47,PTBA,RG,2600,2,F,ZP,CC,D
14:24:43,PTBA,RG,2610,1,D,KK,KK,D
14:24:19,PTBA,RG,2600,20,F,ZP,CC,D
14:24:02,PTBA,RG,2600,1,F,ZP,PD,D
14:24:02,PTBA,RG,2610,1,D,KK,KK,D
14:23:55,PTBA,RG,2600,19,F,ZP,XA,D
14:23:49,PTBA,RG,2600,8,F,ZP,NI,D
14:23:46,PTBA,RG,2600,2,F,ZP,XC,D
14:23:41,PTBA,RG,2600,20,F,ZP,NI,D
14:23:38,PTBA,RG,2600,1,F,ZP,XC,D
14:23:33,PTBA,RG,2600,300,F,ZP,CC,D
14:23:28,PTBA,RG,2610,1,F,AK,KK,D
14:23:16,PTBA,RG,2600,6,F,ZP,SF,D
14:23:16,PTBA,RG,2600,44,D,YU,SF,D
14:23:09,PTBA,RG,2600,54,D,YU,ZP,F
14:23:09,PTBA,RG,2600,4,D,YU,DH,D
14:23:09,PTBA,RG,2600,1,D,YU,BK,F
14:23:09,PTBA,RG,2600,2,D,YU,XC,D
14:23:09,PTBA,RG,2600,8,D,YU,LG,D
14:23:09,PTBA,RG,2600,4,D,YU,CS,F
14:23:09,PTBA,RG,2600,2,D,YU,NI,D
14:23:09,PTBA,RG,2600,35,D,YU,YU,D
14:23:09,PTBA,RG,2600,17,D,YU,CS,D
14:23:09,PTBA,RG,2600,38,D,YU,YP,D
14:23:09,PTBA,RG,2600,5,D,YU,CS,F
14:23:09,PTBA,RG,2600,11,D,YU,CS,F
14:23:09,PTBA,RG,2600,7,D,YU,ZP,F
14:23:09,PTBA,RG,2600,110,D,YU,CS,D
14:23:09,PTBA,RG,2600,30,D,YU,ZP,D
14:23:09,PTBA,RG,2600,2,D,YU,CC,D
14:23:09,PTBA,RG,2600,4,D,YU,CS,F
14:23:09,PTBA,RG,2600,2,D,YU,XC,D
14:23:09,PTBA,RG,2600,47,D,YU,YU,D
14:23:09,PTBA,RG,2600,1,D,YU,CS,F
14:23:09,PTBA,RG,2600,10,D,YU,CC,D
14:23:09,PTBA,RG,2600,157,D,YU,AK,F
14:23:09,PTBA,RG,2600,1,D,YU,CS,F
14:23:09,PTBA,RG,2600,32,D,YU,ZP,F
14:23:09,PTBA,RG,2600,29,D,YU,BK,F
14:23:09,PTBA,RG,2600,4,D,YU,ZP,F
14:23:09,PTBA,RG,2600,100,D,YU,XC,D
14:23:09,PTBA,RG,2600,1,D,YU,DR,D
14:23:09,PTBA,RG,2600,100,D,YU,XC,D
14:23:09,PTBA,RG,2600,55,D,YU,DH,D
14:23:09,PTBA,RG,2600,11,D,YU,CC,D
14:23:09,PTBA,RG,2600,1,D,YU,NI,D
14:23:09,PTBA,RG,2600,47,D,YU,YU,D
14:23:09,PTBA,RG,2600,32,D,YU,CC,D
14:23:09,PTBA,RG,2600,4,D,YU,PD,D
14:23:09,PTBA,RG,2600,5,D,YU,PD,D
14:23:09,PTBA,RG,2600,32,D,YU,YU,D
14:23:09,PTBA,RG,2600,2,D,YU,AK,F
14:23:09,PTBA,RG,2600,2,D,YU,CC,D
14:23:09,PTBA,RG,2600,6,D,YU,NI,D
14:23:09,PTBA,RG,2600,1,D,YU,EP,D
14:23:09,PTBA,RG,2600,5,D,YU,NI,D
14:23:09,PTBA,RG,2600,1,D,YU,XC,D
14:23:09,PTBA,RG,2600,1,D,YU,XC,D
14:23:09,PTBA,RG,2600,1,D,YU,XC,D
14:23:09,PTBA,RG,2600,1,D,YU,XL,D
14:23:09,PTBA,RG,2600,2,D,YU,PD,D
14:23:09,PTBA,RG,2600,5,D,YU,XL,D
14:23:09,PTBA,RG,2600,2,D,YU,AK,F
14:23:09,PTBA,RG,2600,50,D,YU,XA,D
14:23:09,PTBA,RG,2600,2,D,YU,XC,D
14:23:09,PTBA,RG,2600,1,D,YU,PD,D
14:23:09,PTBA,RG,2600,1,D,YU,CS,F
14:23:09,PTBA,RG,2600,500,D,YU,GR,D
14:23:09,PTBA,RG,2600,10,D,YU,NI,D
14:23:09,PTBA,RG,2600,20,D,YU,XL,D
14:23:09,PTBA,RG,2600,10,D,YU,YP,D
14:23:09,PTBA,RG,2600,20,D,YU,YP,D
14:23:09,PTBA,RG,2600,5,D,YU,YP,D
14:23:09,PTBA,RG,2600,2,D,YU,PD,D
14:23:09,PTBA,RG,2600,5,D,YU,PD,D
14:23:09,PTBA,RG,2600,10,D,YU,PD,D
14:23:09,PTBA,RG,2600,8,D,YU,PD,D
14:23:09,PTBA,RG,2600,1,D,YU,NI,D
14:23:09,PTBA,RG,2600,6,D,YU,NI,D
14:23:09,PTBA,RG,2600,30,D,YU,CC,D
14:23:09,PTBA,RG,2600,4,D,YU,XC,D
14:23:09,PTBA,RG,2600,100,D,YU,NI,D
14:23:09,PTBA,RG,2600,10,D,YU,CC,D
14:23:09,PTBA,RG,2600,1,D,YU,SQ,D
14:23:09,PTBA,RG,2600,5,D,YU,PD,D
14:23:09,PTBA,RG,2600,5,D,YU,CC,D
14:23:09,PTBA,RG,2600,4,D,YU,DR,D
14:23:09,PTBA,RG,2600,18,D,YU,KK,D
14:23:09,PTBA,RG,2600,6,D,YU,PD,D
14:23:09,PTBA,RG,2600,11,D,YU,NI,D
14:22:45,PTBA,RG,2600,1,D,KK,NI,D
14:22:39,PTBA,RG,2600,13,D,GR,NI,D
14:22:39,PTBA,RG,2600,1,D,GR,PD,D
14:22:39,PTBA,RG,2600,9,D,GR,PD,D
14:22:39,PTBA,RG,2600,10,D,GR,XC,D
14:22:39,PTBA,RG,2600,1,D,GR,PD,D
14:22:39,PTBA,RG,2600,4,D,GR,XC,D
14:22:39,PTBA,RG,2600,62,D,GR,NI,D
14:22:34,PTBA,RG,2590,2,D,AT,AT,D
14:22:26,PTBA,RG,2590,15,D,AT,XC,D
14:22:16,PTBA,RG,2600,1,D,KK,NI,D
14:22:16,PTBA,RG,2600,17,D,XC,NI,D
14:22:16,PTBA,RG,2600,20,D,XC,NI,D
14:22:16,PTBA,RG,2600,50,D,XC,DH,D
14:22:16,PTBA,RG,2600,40,D,XC,CC,D
14:22:16,PTBA,RG,2600,5,D,XC,PD,D
14:22:16,PTBA,RG,2600,50,D,XC,CC,D
14:22:16,PTBA,RG,2600,1,D,XC,NI,D
14:22:16,PTBA,RG,2600,50,D,XC,ZP,D
14:22:16,PTBA,RG,2600,50,D,XC,CC,D
14:22:16,PTBA,RG,2600,1,D,XC,XC,D
14:22:16,PTBA,RG,2600,37,D,XC,LG,D
14:22:13,PTBA,RG,2600,163,F,AK,LG,D
14:22:13,PTBA,RG,2600,10,F,AK,KK,D
14:22:13,PTBA,RG,2600,10,F,AK,DH,D
14:22:13,PTBA,RG,2600,3,F,AK,XC,D
14:22:13,PTBA,RG,2600,1,F,AK,OD,D
14:22:13,PTBA,RG,2600,5,F,AK,XC,D
14:22:13,PTBA,RG,2600,8,F,AK,PD,D
14:22:13,PTBA,RG,2600,2,F,AK,PD,D
14:22:13,PTBA,RG,2600,87,F,AK,KK,D
14:22:13,PTBA,RG,2600,5,F,AK,PD,D
14:22:13,PTBA,RG,2600,2,F,AK,DH,D
14:22:13,PTBA,RG,2600,16,F,AK,DH,D
14:22:13,PTBA,RG,2600,25,F,AK,PD,D
14:22:13,PTBA,RG,2600,33,F,AK,YP,D
14:22:02,PTBA,RG,2590,10,D,AT,PD,D
14:21:39,PTBA,RG,2600,14,D,PD,YP,D
14:21:37,PTBA,RG,2590,30,D,AT,CC,D
14:21:12,PTBA,RG,2590,50,D,AT,CS,D
14:21:11,PTBA,RG,2590,38,D,AT,EP,D
14:21:02,PTBA,RG,2600,250,D,EP,YP,D
14:20:58,PTBA,RG,2600,3,D,KK,YP,D
14:20:56,PTBA,RG,2600,9,D,KK,YP,D
14:20:24,PTBA,RG,2590,2,D,AT,CC,D
14:20:14,PTBA,RG,2600,1,D,PD,YP,D
14:19:45,PTBA,RG,2600,1,D,KK,YP,D
14:19:44,PTBA,RG,2600,15,D,XC,YP,D
14:19:10,PTBA,RG,2590,48,D,AT,CS,D
14:18:54,PTBA,RG,2600,50,D,CC,YP,D
14:18:44,PTBA,RG,2600,1,D,KK,YP,D
14:18:43,PTBA,RG,2600,2,D,PD,YP,D
14:18:43,PTBA,RG,2600,1,D,PD,YP,D
14:18:43,PTBA,RG,2600,5,D,PD,CC,D
14:18:39,PTBA,RG,2590,10,D,AT,PD,D
14:18:26,PTBA,RG,2590,621,D,AT,EP,D
14:18:26,PTBA,RG,2590,30,D,XC,EP,D
14:18:26,PTBA,RG,2590,311,F,ZP,EP,D
14:18:26,PTBA,RG,2590,248,F,ZP,EP,D
14:18:10,PTBA,RG,2600,10,D,CC,CC,D
14:17:54,PTBA,RG,2600,20,D,KK,CC,D
14:17:42,PTBA,RG,2600,10,D,PD,CC,D
14:17:36,PTBA,RG,2600,2,D,YP,CC,D
14:17:12,PTBA,RG,2600,2,D,PD,CC,D
14:17:10,PTBA,RG,2590,1,F,ZP,CC,D
14:16:22,PTBA,RG,2600,1,F,AK,CC,D
14:16:22,PTBA,RG,2590,20,F,ZP,DH,D
14:16:21,PTBA,RG,2600,1,D,KK,CC,D
14:15:20,PTBA,RG,2590,3,F,ZP,XL,D
14:15:04,PTBA,RG,2590,2,F,ZP,KK,D
14:14:13,PTBA,RG,2590,1,F,ZP,XC,D
14:13:31,PTBA,RG,2600,199,F,ZP,CC,D
14:13:31,PTBA,RG,2600,143,F,ZP,DR,D
14:13:31,PTBA,RG,2590,91,F,ZP,AK,F
14:13:31,PTBA,RG,2590,19,D,IP,AK,F
14:13:31,PTBA,RG,2590,91,D,IP,CS,D
14:13:31,PTBA,RG,2590,17,D,IP,ZP,F
14:13:31,PTBA,RG,2590,4,D,IP,YP,D
14:13:31,PTBA,RG,2590,13,D,IP,AK,F
14:13:31,PTBA,RG,2590,4,D,IP,CS,F
14:13:31,PTBA,RG,2590,2,D,IP,CS,F
14:13:31,PTBA,RG,2590,9,D,IP,CS,D
14:13:31,PTBA,RG,2590,300,D,IP,LG,D
14:13:31,PTBA,RG,2590,2,D,IP,AK,F
14:13:31,PTBA,RG,2590,10,D,IP,CC,F
14:13:31,PTBA,RG,2590,40,D,IP,ZP,F
14:13:31,PTBA,RG,2590,1703,D,IP,AK,F
14:13:31,PTBA,RG,2590,3,D,IP,CS,F
14:13:31,PTBA,RG,2590,30,D,IP,CS,D
14:13:31,PTBA,RG,2590,101,D,IP,KK,D
14:13:31,PTBA,RG,2590,36,D,IP,YU,D
14:13:31,PTBA,RG,2590,6,D,IP,CS,F
14:13:31,PTBA,RG,2590,24,D,IP,BK,F
14:13:31,PTBA,RG,2590,86,D,IP,LG,D
14:13:25,PTBA,RG,2590,1,D,PD,LG,D
14:12:53,PTBA,RG,2590,5,D,NI,LG,D
14:12:30,PTBA,RG,2590,1,F,AK,LG,D
14:12:23,PTBA,RG,2590,30,D,CC,LG,D
14:12:13,PTBA,RG,2580,10,D,YP,YP,D
14:12:08,PTBA,RG,2590,1,D,XC,LG,D
14:11:57,PTBA,RG,2590,5,D,XC,LG,D
14:11:39,PTBA,RG,2580,4,D,YP,RG,D
14:11:34,PTBA,RG,2590,171,D,CC,LG,D
14:11:34,PTBA,RG,2590,7,D,CC,AT,D
14:11:34,PTBA,RG,2590,2,D,CC,CC,D
14:11:34,PTBA,RG,2590,1,D,CC,CS,F
14:11:34,PTBA,RG,2590,4,D,CC,CS,F
14:11:34,PTBA,RG,2590,1,D,CC,CS,F
14:11:34,PTBA,RG,2590,5,D,CC,PD,D
14:11:34,PTBA,RG,2590,79,D,CC,CS,D
14:11:34,PTBA,RG,2590,130,D,CC,AK,F
14:11:32,PTBA,RG,2590,1,D,DH,YP,D
14:11:32,PTBA,RG,2590,2,D,DH,CC,D
14:11:32,PTBA,RG,2590,12,D,DH,SQ,D
14:11:04,PTBA,RG,2590,1,D,EP,SQ,D
14:11:04,PTBA,RG,2590,4,D,EP,ZP,F
14:11:04,PTBA,RG,2580,1,D,YP,HP,D
14:10:41,PTBA,RG,2580,20,D,YP,EP,D
14:10:30,PTBA,RG,2580,1,D,YP,YP,D
14:10:18,PTBA,RG,2580,16,D,YP,YP,D
14:10:03,PTBA,RG,2590,7,D,OD,ZP,F
14:10:00,PTBA,RG,2590,1,D,EP,ZP,F
14:10:00,PTBA,RG,2590,1,D,EP,BK,F
14:10:00,PTBA,RG,2590,248,D,EP,LG,D
14:09:58,PTBA,RG,2580,1,D,YP,CC,D
14:09:48,PTBA,RG,2590,2,D,PD,LG,D
14:09:35,PTBA,RG,2590,20,D,PD,LG,D
14:09:28,PTBA,RG,2590,30,F,AK,LG,D
14:09:28,PTBA,RG,2590,25,F,AK,CS,D
14:09:28,PTBA,RG,2590,20,F,AK,CS,D
14:09:28,PTBA,RG,2590,245,F,AK,PP,D
14:09:24,PTBA,RG,2590,105,D,AZ,PP,D
14:09:24,PTBA,RG,2590,2,D,AZ,CS,F
14:09:24,PTBA,RG,2590,4,D,AZ,CS,F
14:09:24,PTBA,RG,2590,2,D,AZ,CS,F
14:09:24,PTBA,RG,2590,1,D,AZ,CS,F
14:09:24,PTBA,RG,2590,1,D,AZ,NI,D
14:09:01,PTBA,RG,2590,2,D,PD,NI,D
14:08:57,PTBA,RG,2590,2,D,XC,NI,D
14:08:57,PTBA,RG,2590,1,D,XC,DR,D
14:08:57,PTBA,RG,2590,7,D,XC,ZP,F
14:08:46,PTBA,RG,2590,8,D,KK,ZP,F
14:08:46,PTBA,RG,2590,1,D,KK,DR,D
14:08:46,PTBA,RG,2590,1,D,KK,CS,D
14:08:19,PTBA,RG,2590,5,D,KK,CS,D
14:08:11,PTBA,RG,2590,10,D,PD,CS,D
14:07:52,PTBA,RG,2590,14,D,NI,CS,D
14:07:52,PTBA,RG,2590,200,D,NI,YP,D
14:07:52,PTBA,RG,2590,5,D,NI,CC,D
14:07:52,PTBA,RG,2590,1,D,NI,CS,D
14:07:52,PTBA,RG,2590,2,D,NI,CS,F
14:07:52,PTBA,RG,2590,8,D,NI,CS,D
14:07:52,PTBA,RG,2590,3,D,NI,CS,F
14:07:52,PTBA,RG,2590,1,D,NI,CS,F
14:07:52,PTBA,RG,2590,3,D,NI,CS,F
14:07:52,PTBA,RG,2590,14,D,NI,BK,F
14:07:44,PTBA,RG,2580,3,D,YP,PD,D
14:06:51,PTBA,RG,2590,3,D,XC,BK,F
14:06:40,PTBA,RG,2590,10,D,PD,BK,F
14:05:41,PTBA,RG,2590,1,D,CC,BK,F
14:05:32,PTBA,RG,2590,1,D,PD,BK,F
14:05:29,PTBA,RG,2590,1,D,XC,BK,F
14:05:28,PTBA,RG,2590,2,D,XA,BK,F
14:05:24,PTBA,RG,2590,1,D,PD,BK,F
14:05:20,PTBA,RG,2590,5,D,PD,BK,F
14:04:52,PTBA,RG,2590,17,D,YP,BK,F
14:04:52,PTBA,RG,2590,18,D,YP,EP,D
14:04:52,PTBA,RG,2590,15,D,YP,SQ,D
14:04:24,PTBA,RG,2590,10,D,XC,SQ,D
14:04:20,PTBA,RG,2590,1,D,YP,AK,F
14:04:20,PTBA,RG,2590,1,D,OD,AK,F
14:04:20,PTBA,RG,2590,5,D,YP,AK,F
14:04:20,PTBA,RG,2590,38,D,AI,AK,F
14:04:20,PTBA,RG,2590,30,D,PD,AK,F
14:04:20,PTBA,RG,2590,1,D,XC,AK,F
14:04:20,PTBA,RG,2590,1,D,CC,AK,F
14:04:20,PTBA,RG,2590,2,D,YP,AK,F
14:04:20,PTBA,RG,2590,30,D,CC,AK,F
14:04:20,PTBA,RG,2590,87,D,DR,AK,F
14:04:20,PTBA,RG,2590,12,D,DR,ZP,F
14:04:20,PTBA,RG,2590,18,D,DR,CS,D
14:04:20,PTBA,RG,2590,83,D,DR,BK,F
14:04:20,PTBA,RG,2590,1,D,XC,BK,F
14:04:20,PTBA,RG,2590,125,D,NI,BK,F
14:04:20,PTBA,RG,2590,5,D,ZP,BK,F
14:04:20,PTBA,RG,2590,9,D,NI,BK,F
14:04:20,PTBA,RG,2590,50,D,YU,BK,F
14:04:20,PTBA,RG,2590,30,D,OD,BK,F
14:04:20,PTBA,RG,2590,1,D,DR,BK,F
14:04:20,PTBA,RG,2590,1,D,KK,BK,F
14:04:20,PTBA,RG,2590,68,F,AK,BK,F
14:04:20,PTBA,RG,2590,1,F,AK,BK,F
14:04:20,PTBA,RG,2590,340,F,ZP,BK,F
14:04:20,PTBA,RG,2590,286,F,ZP,BK,F
14:04:19,PTBA,RG,2590,50,F,ZP,CC,D
14:04:19,PTBA,RG,2590,20,D,CP,CC,D
14:04:04,PTBA,RG,2590,2,D,CP,YP,D
14:04:01,PTBA,RG,2600,5,D,AZ,DR,D
14:04:00,PTBA,RG,2590,1,D,CP,XC,D
14:03:54,PTBA,RG,2600,10,D,NI,DR,D
14:03:33,PTBA,RG,2590,36,D,CP,CS,D
14:03:17,PTBA,RG,2590,6,D,CP,YP,D
14:02:58,PTBA,RG,2600,1,F,AK,DR,D
14:02:34,PTBA,RG,2590,8,D,CP,EP,D
14:02:00,PTBA,RG,2590,40,D,CP,CS,D
14:01:54,PTBA,RG,2600,10,D,PD,DR,D
14:01:25,PTBA,RG,2600,1,D,OD,DR,D
14:01:25,PTBA,RG,2590,50,D,CP,YP,D
14:01:20,PTBA,RG,2590,8,D,CP,YP,D
14:01:07,PTBA,RG,2590,4,D,CP,NI,D
14:01:01,PTBA,RG,2600,62,D,NI,DR,D
14:00:51,PTBA,RG,2600,4,D,XC,DR,D
14:00:50,PTBA,RG,2590,2,D,CP,CC,D
14:00:34,PTBA,RG,2590,15,D,CP,ZP,F
14:00:33,PTBA,RG,2590,1,D,CP,PD,D
14:00:17,PTBA,RG,2590,45,D,CP,CS,D
14:00:16,PTBA,RG,2590,8,D,CP,EP,D
13:59:55,PTBA,RG,2600,3,D,PD,DR,D
13:59:43,PTBA,RG,2600,11,F,AK,DR,D
13:59:43,PTBA,RG,2600,195,F,AK,CC,D
13:59:30,PTBA,RG,2600,2,D,XC,CC,D
13:58:43,PTBA,RG,2600,10,D,CC,CC,D
13:58:21,PTBA,RG,2600,4,D,YP,CC,D
13:58:15,PTBA,RG,2600,1,F,AK,CC,D
13:57:39,PTBA,RG,2590,1,D,CP,SQ,D
13:57:30,PTBA,RG,2590,100,D,CP,EP,D
13:57:23,PTBA,RG,2590,100,D,CP,CC,D
13:57:13,PTBA,RG,2590,40,D,CP,PD,D
13:57:07,PTBA,RG,2590,4,D,CP,EP,D
13:56:58,PTBA,RG,2600,1,D,XC,CC,D
13:56:30,PTBA,RG,2600,30,D,CC,CC,D
13:56:29,PTBA,RG,2600,30,D,PD,CC,D
13:56:03,PTBA,RG,2600,27,F,ZP,CC,D
13:56:03,PTBA,RG,2600,100,F,ZP,XC,D
13:56:03,PTBA,RG,2600,2,F,ZP,DH,D
13:56:03,PTBA,RG,2600,200,F,ZP,AG,D
13:56:03,PTBA,RG,2600,1,F,ZP,XC,D
13:56:03,PTBA,RG,2600,1,F,ZP,AT,D
13:56:03,PTBA,RG,2600,25,F,ZP,YP,D
13:56:02,PTBA,RG,2590,619,D,CP,AK,F
13:56:02,PTBA,RG,2590,3,D,CP,CS,F
13:56:02,PTBA,RG,2590,5,D,CP,CS,F
13:56:02,PTBA,RG,2590,43,D,CP,BK,F
13:56:02,PTBA,RG,2590,3,D,CP,CS,F
13:56:02,PTBA,RG,2590,28,D,CP,CS,D
13:56:02,PTBA,RG,2590,3,D,CP,ZP,F
13:56:02,PTBA,RG,2590,26,D,CP,ZP,F
13:56:02,PTBA,RG,2590,12,D,CP,CS,D
13:56:02,PTBA,RG,2590,8,D,CP,AK,F
13:56:02,PTBA,RG,2590,28,D,CP,PD,D
13:56:02,PTBA,RG,2590,2,D,CP,DR,D
13:56:02,PTBA,RG,2590,1,D,CP,LG,D
13:56:02,PTBA,RG,2590,10,D,CP,PD,D
13:56:02,PTBA,RG,2590,12,D,CP,CC,D
13:56:02,PTBA,RG,2590,1,D,CP,NI,D
13:56:02,PTBA,RG,2590,10,D,CP,YP,D
13:56:02,PTBA,RG,2590,300,D,CP,YP,D
13:56:02,PTBA,RG,2590,5,D,CP,YP,D
13:56:02,PTBA,RG,2590,5,D,CP,DH,D
13:56:02,PTBA,RG,2590,2,D,CP,ZP,F
13:56:02,PTBA,RG,2590,800,D,CP,GR,D
13:56:02,PTBA,RG,2590,300,D,CP,LG,D
13:56:02,PTBA,RG,2590,2,D,CP,EP,D
13:56:02,PTBA,RG,2590,20,D,CP,GR,D
13:56:02,PTBA,RG,2590,1,D,CP,PD,D
13:56:02,PTBA,RG,2590,30,D,CP,AZ,D
13:56:02,PTBA,RG,2590,230,D,CP,YP,D
13:55:43,PTBA,RG,2590,20,D,DR,YP,D
13:55:40,PTBA,RG,2590,1,D,YP,YP,D
13:55:33,PTBA,RG,2590,26,D,YP,YP,D
13:55:00,PTBA,RG,2590,23,F,ZP,YP,D
13:55:00,PTBA,RG,2590,53,F,ZP,YP,D
13:55:00,PTBA,RG,2590,1,F,ZP,XC,D
13:55:00,PTBA,RG,2590,1,F,ZP,NI,D
13:55:00,PTBA,RG,2590,10,F,ZP,ZP,D
13:55:00,PTBA,RG,2590,11,F,ZP,KK,D
13:55:00,PTBA,RG,2590,3,F,ZP,XC,D
13:55:00,PTBA,RG,2590,8,F,ZP,PD,D
13:55:00,PTBA,RG,2590,35,F,ZP,YU,D
13:55:00,PTBA,RG,2590,5,F,ZP,PD,D
13:55:00,PTBA,RG,2590,5,F,ZP,XC,D
13:55:00,PTBA,RG,2590,5,F,ZP,YP,D
13:55:00,PTBA,RG,2590,15,F,ZP,NI,D
13:55:00,PTBA,RG,2590,34,F,ZP,KK,D
13:54:43,PTBA,RG,2590,1,D,KK,KK,D
13:54:40,PTBA,RG,2590,65,F,ZP,KK,D
13:54:40,PTBA,RG,2590,5,F,ZP,CC,D
13:54:40,PTBA,RG,2590,32,F,ZP,YU,D
13:54:40,PTBA,RG,2590,15,F,ZP,CC,D
13:54:40,PTBA,RG,2590,232,F,ZP,LG,D
13:54:37,PTBA,RG,2580,1,F,ZP,CS,F
13:54:37,PTBA,RG,2580,1,F,ZP,CS,F
13:54:37,PTBA,RG,2580,1,F,ZP,CS,F
13:54:37,PTBA,RG,2580,2,F,ZP,CS,D
13:54:37,PTBA,RG,2580,1,F,ZP,CS,F
13:54:37,PTBA,RG,2580,2,F,ZP,CS,F
13:54:37,PTBA,RG,2580,2,F,ZP,CS,D
13:54:36,PTBA,RG,2580,2,F,ZP,CS,D
13:54:36,PTBA,RG,2580,1,D,YP,CS,F
13:54:36,PTBA,RG,2580,3,D,YP,CS,F
13:54:36,PTBA,RG,2580,1,D,YP,CS,F
13:54:36,PTBA,RG,2580,4,D,YP,CS,F
13:54:36,PTBA,RG,2580,21,D,YP,CS,D
13:54:36,PTBA,RG,2580,10,D,YP,CS,F
13:54:36,PTBA,RG,2580,3,D,YP,CS,F
13:54:36,PTBA,RG,2580,21,D,YP,CS,D
13:54:36,PTBA,RG,2580,13,D,YP,CS,D
13:54:36,PTBA,RG,2580,4,D,YP,CS,F
13:54:36,PTBA,RG,2580,7,D,YP,CS,F
13:54:36,PTBA,RG,2580,12,D,YP,ZP,F
13:54:34,PTBA,RG,2580,1,D,PD,CS,F
13:54:25,PTBA,RG,2580,1,D,PD,CS,F
13:54:25,PTBA,RG,2580,2,D,PD,CS,F
13:54:18,PTBA,RG,2580,3,F,AK,CS,F
13:54:18,PTBA,RG,2580,1,F,AK,BK,F
13:54:18,PTBA,RG,2580,2,F,AK,AK,F
13:54:18,PTBA,RG,2580,1,F,AK,CS,F
13:54:18,PTBA,RG,2580,300,F,AK,LG,D
13:54:18,PTBA,RG,2580,1,F,AK,CC,D
13:54:18,PTBA,RG,2580,15,F,AK,YU,D
13:54:17,PTBA,RG,2580,18,D,PD,YU,D
13:54:17,PTBA,RG,2580,5,D,PD,CS,F
13:54:17,PTBA,RG,2580,5,D,PD,CS,F
13:54:17,PTBA,RG,2580,67,D,PD,CS,D
13:54:17,PTBA,RG,2580,3,D,PD,YP,D
13:54:17,PTBA,RG,2580,97,D,PD,ZP,F
13:54:17,PTBA,RG,2580,7,D,PD,CS,F
13:54:17,PTBA,RG,2580,298,D,PD,AK,F
13:54:09,PTBA,RG,2580,1393,D,AT,AK,F
13:54:09,PTBA,RG,2580,4,D,AT,CS,F
13:54:09,PTBA,RG,2580,1,D,AT,GR,D
13:54:09,PTBA,RG,2580,1,D,AT,DR,D
13:54:09,PTBA,RG,2580,48,D,AT,YU,D
13:54:09,PTBA,RG,2580,1,D,AT,CC,D
13:54:09,PTBA,RG,2580,5,D,AT,NI,D
13:54:09,PTBA,RG,2580,1,D,AT,DR,D
13:54:09,PTBA,RG,2580,1,D,AT,LG,D
13:54:09,PTBA,RG,2580,83,D,AT,EP,D
13:54:09,PTBA,RG,2580,48,D,AT,CS,D
13:54:09,PTBA,RG,2580,197,D,AT,YP,D
13:54:09,PTBA,RG,2580,2,D,AT,PD,D
13:54:09,PTBA,RG,2580,15,D,AT,CC,D
13:54:08,PTBA,RG,2580,30,D,TP,CC,D
13:54:08,PTBA,RG,2580,1,D,TP,DR,D
13:54:08,PTBA,RG,2580,2,D,TP,NI,D
13:54:08,PTBA,RG,2580,64,D,TP,YU,D
13:54:08,PTBA,RG,2580,2,D,TP,XC,D
13:54:08,PTBA,RG,2580,10,D,TP,NI,D
13:54:08,PTBA,RG,2580,40,D,TP,CC,D
13:54:08,PTBA,RG,2580,1,D,TP,XC,D
13:54:08,PTBA,RG,2580,62,D,TP,CS,D
13:54:08,PTBA,RG,2580,2,D,TP,TP,D
13:54:08,PTBA,RG,2580,46,D,TP,YU,D
13:54:08,PTBA,RG,2580,22,D,TP,CC,D
13:54:08,PTBA,RG,2580,1,D,TP,PD,D
13:54:08,PTBA,RG,2580,30,D,TP,EP,D
13:54:08,PTBA,RG,2580,5,D,TP,PD,D
13:54:08,PTBA,RG,2580,1,D,TP,NI,D
13:54:08,PTBA,RG,2580,2,D,TP,CS,F
13:54:08,PTBA,RG,2580,100,D,TP,YP,D
13:54:08,PTBA,RG,2580,1,D,TP,BK,F
13:54:08,PTBA,RG,2580,100,D,TP,YU,D
13:54:08,PTBA,RG,2580,2,D,TP,AK,F
13:54:08,PTBA,RG,2580,50,D,TP,CC,D
13:54:08,PTBA,RG,2580,37,D,TP,CC,F
13:54:08,PTBA,RG,2580,276,D,TP,CS,F
13:54:08,PTBA,RG,2580,300,D,TP,LG,D
13:54:08,PTBA,RG,2580,10,D,TP,CS,F
13:54:08,PTBA,RG,2580,53,D,TP,LG,D
13:54:02,PTBA,RG,2570,6,D,CC,EP,D
13:54:00,PTBA,RG,2580,247,D,CC,LG,D
13:54:00,PTBA,RG,2580,31,D,CC,ZP,F
13:54:00,PTBA,RG,2580,3,D,CC,CS,F
13:54:00,PTBA,RG,2580,219,D,CC,CS,F
13:53:44,PTBA,RG,2580,5,D,YP,CS,F
13:53:25,PTBA,RG,2580,20,D,YP,CS,F
13:53:22,PTBA,RG,2570,4,D,CC,PD,D
13:53:18,PTBA,RG,2580,10,D,PD,CS,F
13:53:00,PTBA,RG,2580,1,F,AK,CS,F
13:52:53,PTBA,RG,2580,25,D,OD,CS,F
13:52:43,PTBA,RG,2580,58,D,YP,CS,F
13:52:43,PTBA,RG,2580,5,D,YP,CS,F
13:52:43,PTBA,RG,2580,37,D,YP,KK,D
13:52:11,PTBA,RG,2580,5,D,CC,KK,D
13:52:00,PTBA,RG,2580,5,D,CC,KK,D
13:51:09,PTBA,RG,2580,3,D,DH,KK,D
13:51:09,PTBA,RG,2580,3,D,DH,AK,F
13:51:09,PTBA,RG,2580,6,D,DH,CS,F
13:51:09,PTBA,RG,2580,4,D,DH,CS,F
13:51:09,PTBA,RG,2580,20,D,DH,ZP,F
13:51:09,PTBA,RG,2580,94,D,DH,AK,F
13:50:55,PTBA,RG,2570,1,D,PD,CS,D
13:50:55,PTBA,RG,2570,2,D,XC,CS,D
13:50:55,PTBA,RG,2570,10,D,CC,CS,D
13:50:55,PTBA,RG,2570,5,D,XC,CS,D
13:50:55,PTBA,RG,2570,1,D,PD,CS,D
13:50:55,PTBA,RG,2570,10,D,AO,CS,D
13:50:55,PTBA,RG,2570,10,D,PD,CS,D
13:50:55,PTBA,RG,2570,10,D,CC,CS,D
13:50:55,PTBA,RG,2570,5,D,YP,CS,D
13:50:55,PTBA,RG,2570,2,D,PD,CS,D
13:50:55,PTBA,RG,2570,1,D,NI,CS,D
13:50:55,PTBA,RG,2570,10,D,XL,CS,D
13:50:55,PTBA,RG,2570,9,D,NI,CS,D
13:50:55,PTBA,RG,2570,68,D,XC,CS,D
13:50:44,PTBA,RG,2580,10,D,XC,AK,F
13:50:30,PTBA,RG,2580,500,D,GR,AK,F
13:49:54,PTBA,RG,2570,6,D,XC,ZP,F
13:48:46,PTBA,RG,2570,15,D,XC,ZP,F
13:48:46,PTBA,RG,2570,6,D,DX,ZP,F
13:48:46,PTBA,RG,2570,1,D,EP,ZP,F
13:48:46,PTBA,RG,2570,10,D,HP,ZP,F
13:48:44,PTBA,RG,2570,2,D,HP,PD,D
13:47:43,PTBA,RG,2580,247,F,AK,AK,F
13:47:34,PTBA,RG,2570,38,D,HP,YP,D
13:47:34,PTBA,RG,2570,5,D,SQ,YP,D
13:47:34,PTBA,RG,2570,2,D,PD,YP,D
13:47:34,PTBA,RG,2570,100,D,YP,YP,D
13:47:34,PTBA,RG,2570,5,D,OD,YP,D
13:47:28,PTBA,RG,2570,5,D,OD,AK,F
13:47:28,PTBA,RG,2570,5,D,YP,AK,F
13:47:28,PTBA,RG,2570,2,D,CC,AK,F
13:47:28,PTBA,RG,2570,1,D,CC,AK,F
13:47:12,PTBA,RG,2580,1,D,DH,AK,F
13:47:00,PTBA,RG,2570,5,D,CC,EP,D
13:46:22,PTBA,RG,2580,3,D,NI,AK,F
13:46:10,PTBA,RG,2580,1,D,XC,AK,F
13:46:00,PTBA,RG,2580,1,F,AK,AK,F
13:45:38,PTBA,RG,2580,5,D,GR,AK,F
13:45:21,PTBA,RG,2570,2,D,CC,PD,D
13:45:20,PTBA,RG,2570,2,D,CC,EP,D
13:45:20,PTBA,RG,2570,1,D,YP,EP,D
13:45:20,PTBA,RG,2570,1,D,XL,EP,D
13:45:20,PTBA,RG,2570,1,D,PD,EP,D
13:45:20,PTBA,RG,2570,100,D,NI,EP,D
13:45:20,PTBA,RG,2570,7,D,XL,EP,D
13:45:20,PTBA,RG,2570,1,D,YP,EP,D
13:45:20,PTBA,RG,2570,2,D,OD,EP,D
13:45:20,PTBA,RG,2570,10,D,YB,EP,D
13:45:20,PTBA,RG,2570,1,D,PD,EP,D
13:45:20,PTBA,RG,2570,4,D,XC,EP,D
13:45:20,PTBA,RG,2570,31,D,PD,EP,D
13:44:53,PTBA,RG,2570,1,D,PD,PD,D
13:44:48,PTBA,RG,2570,50,D,PD,EP,D
13:44:46,PTBA,RG,2580,30,D,YP,AK,F
13:44:45,PTBA,RG,2580,10,D,XC,AK,F
13:44:45,PTBA,RG,2580,1,D,YP,AK,F
13:44:39,PTBA,RG,2570,18,D,PD,CS,D
13:44:39,PTBA,RG,2570,50,D,YP,CS,D
13:44:39,PTBA,RG,2570,50,D,YP,CS,D
13:44:39,PTBA,RG,2570,17,D,CC,CS,D
13:44:38,PTBA,RG,2570,1,D,CC,PD,D
13:43:56,PTBA,RG,2570,1,D,CC,XC,D
13:43:48,PTBA,RG,2580,86,D,MG,AK,F
13:43:48,PTBA,RG,2580,14,D,MG,YU,D
13:43:26,PTBA,RG,2580,7,D,PD,YU,D
13:43:09,PTBA,RG,2580,1,D,KK,YU,D
13:41:13,PTBA,RG,2580,10,D,SQ,YU,D
13:41:01,PTBA,RG,2580,2,D,LG,YU,D
13:40:49,PTBA,RG,2580,3,D,NI,YU,D
13:40:44,PTBA,RG,2570,1,D,CC,KK,D
13:40:44,PTBA,RG,2570,1,D,DR,KK,D
13:40:44,PTBA,RG,2570,8,D,IF,KK,D
13:40:44,PTBA,RG,2580,10,D,XC,YU,D
13:40:42,PTBA,RG,2580,3,D,PD,YU,D
13:40:42,PTBA,RG,2580,40,D,PD,CC,D
13:40:42,PTBA,RG,2580,7,D,PD,CC,D
13:40:36,PTBA,RG,2580,10,D,PD,CC,D
13:40:26,PTBA,RG,2580,5,D,XL,CC,D
13:40:21,PTBA,RG,2580,1,D,PD,CC,D
13:40:17,PTBA,RG,2580,10,D,YP,CC,D
13:40:05,PTBA,RG,2580,5,D,XC,CC,D
13:39:45,PTBA,RG,2580,3,D,PD,CC,D
13:39:43,PTBA,RG,2570,2,D,IF,EP,D
13:39:43,PTBA,RG,2570,2,D,NI,EP,D
13:39:43,PTBA,RG,2570,4,D,YP,EP,D
13:39:43,PTBA,RG,2570,6,D,YP,XC,D
13:39:43,PTBA,RG,2570,2,D,AZ,XC,D
13:39:43,PTBA,RG,2570,3,D,PD,XC,D
13:39:43,PTBA,RG,2570,1,D,PD,XC,D
13:39:43,PTBA,RG,2570,8,D,SQ,XC,D
13:39:15,PTBA,RG,2570,14,D,SQ,PD,D
13:39:13,PTBA,RG,2570,13,D,SQ,DH,D
13:38:56,PTBA,RG,2570,15,D,SQ,YP,D
13:38:56,PTBA,RG,2570,2,D,PD,YP,D
13:38:56,PTBA,RG,2570,5,D,XC,YP,D
13:38:56,PTBA,RG,2570,5,D,NI,YP,D
13:38:56,PTBA,RG,2570,1,D,YP,YP,D
13:38:56,PTBA,RG,2570,1,D,PD,YP,D
13:38:56,PTBA,RG,2570,1,D,XC,YP,D
13:38:51,PTBA,RG,2570,2,D,PD,PD,D
13:38:38,PTBA,RG,2570,18,D,PD,CS,D
13:38:38,PTBA,RG,2570,20,D,CC,CS,D
13:38:38,PTBA,RG,2570,20,D,XC,CS,D
13:38:38,PTBA,RG,2570,5,D,PD,CS,D
13:38:38,PTBA,RG,2570,30,D,YP,CS,D
13:38:38,PTBA,RG,2570,19,D,PD,CS,D
13:38:37,PTBA,RG,2570,2,D,PD,YP,D
13:38:31,PTBA,RG,2570,2,D,PD,KK,D
13:38:07,PTBA,RG,2570,1,D,PD,YP,D
13:38:04,PTBA,RG,2580,1,D,XC,CC,D
13:38:01,PTBA,RG,2580,18,D,XL,CC,D
13:38:01,PTBA,RG,2580,2,D,XL,XC,D
13:37:58,PTBA,RG,2580,1,D,XC,XC,D
13:37:47,PTBA,RG,2570,2,D,PD,KK,D
13:37:47,PTBA,RG,2570,1,D,PD,KK,D
13:37:47,PTBA,RG,2570,17,D,CC,KK,D
13:37:02,PTBA,RG,2570,1,D,CC,XC,D
13:37:01,PTBA,RG,2580,1,D,CC,XC,D
13:37:01,PTBA,RG,2580,4,D,CC,CC,D
13:37:01,PTBA,RG,2580,2,D,CC,PD,D
13:37:01,PTBA,RG,2580,1,D,CC,XC,D
13:37:01,PTBA,RG,2580,12,D,CC,XC,D
13:36:35,PTBA,RG,2570,15,D,CC,SQ,D
13:36:25,PTBA,RG,2580,4,D,CC,XC,D
13:35:43,PTBA,RG,2570,261,D,CC,YP,D
13:35:38,PTBA,RG,2570,1,D,CC,PD,D
13:34:57,PTBA,RG,2580,5,D,NI,XC,D
13:34:46,PTBA,RG,2580,2,D,YP,XC,D
13:34:23,PTBA,RG,2580,1,D,PD,XC,D
13:34:19,PTBA,RG,2580,1,D,YP,XC,D
13:34:19,PTBA,RG,2580,1,D,YP,XC,D
13:34:19,PTBA,RG,2580,2,D,YP,XC,D
13:34:19,PTBA,RG,2580,1,D,YP,YP,D
13:34:19,PTBA,RG,2580,4,D,YP,PD,D
13:34:19,PTBA,RG,2580,1,D,YP,PD,D
13:34:19,PTBA,RG,2580,1,D,YP,XC,D
13:34:19,PTBA,RG,2580,2,D,YP,XC,D
13:34:19,PTBA,RG,2580,7,D,YP,XC,D
13:34:19,PTBA,RG,2580,5,D,YP,PD,D
13:34:14,PTBA,RG,2580,5,D,NI,PD,D
13:34:14,PTBA,RG,2580,34,D,NI,YU,D
13:34:14,PTBA,RG,2580,1,D,NI,KK,D
13:34:14,PTBA,RG,2580,1,D,NI,PD,D
13:34:14,PTBA,RG,2580,15,D,NI,PD,D
13:34:14,PTBA,RG,2580,5,D,NI,LG,D
13:34:14,PTBA,RG,2580,9,D,NI,DR,D
13:34:10,PTBA,RG,2580,41,D,XC,DR,D
13:34:10,PTBA,RG,2580,9,D,XC,CS,D
13:33:26,PTBA,RG,2580,5,D,YP,CS,D
13:33:06,PTBA,RG,2580,1,D,NI,CS,D
13:32:47,PTBA,RG,2570,7,D,CC,YP,D
13:31:59,PTBA,RG,2570,3,D,CC,XC,D
13:31:11,PTBA,RG,2570,95,D,CC,AK,F
13:31:11,PTBA,RG,2570,243,D,YP,AK,F
13:30:35,PTBA,RG,2570,20,D,YP,YP,D
13:30:29,PTBA,RG,2580,9,D,XC,CS,D
13:30:18,PTBA,RG,2580,5,D,YP,CS,D
13:30:18,PTBA,RG,2570,37,D,YP,AK,F
13:30:18,PTBA,RG,2570,2,D,YP,AK,F
13:30:18,PTBA,RG,2570,20,D,PD,AK,F
13:30:18,PTBA,RG,2570,2,D,DX,AK,F
13:30:18,PTBA,RG,2570,4,D,NI,AK,F
13:30:18,PTBA,RG,2570,3,D,PD,AK,F
13:30:18,PTBA,RG,2570,1,D,XC,AK,F
13:30:18,PTBA,RG,2570,100,D,CC,AK,F
13:30:18,PTBA,RG,2570,1,D,XC,AK,F
13:30:18,PTBA,RG,2570,4,D,DX,AK,F
13:30:18,PTBA,RG,2570,5,D,SQ,AK,F
13:30:18,PTBA,RG,2570,10,D,XL,AK,F
13:30:18,PTBA,RG,2570,1,D,XC,AK,F
13:30:18,PTBA,RG,2570,29,D,YP,AK,F
13:30:18,PTBA,RG,2570,1,D,XC,AK,F
13:30:18,PTBA,RG,2570,10,D,IF,AK,F
13:30:18,PTBA,RG,2570,14,D,DH,AK,F
13:30:18,PTBA,RG,2570,1,D,PD,AK,F
13:30:18,PTBA,RG,2570,1,D,NI,AK,F
13:30:18,PTBA,RG,2570,2,D,NI,AK,F
13:30:18,PTBA,RG,2570,1,D,PD,AK,F
13:30:18,PTBA,RG,2570,1,D,XC,AK,F
13:30:18,PTBA,RG,2570,3,D,YP,AK,F
13:30:18,PTBA,RG,2570,3,D,CC,AK,F
13:30:18,PTBA,RG,2570,36,D,YU,AK,F
13:30:18,PTBA,RG,2570,2,D,SQ,AK,F
13:30:18,PTBA,RG,2570,2,D,KK,AK,F
13:30:18,PTBA,RG,2570,1,D,KK,AK,F
13:30:18,PTBA,RG,2570,2,D,YP,AK,F
13:30:18,PTBA,RG,2570,10,D,NI,AK,F
13:30:18,PTBA,RG,2570,2,D,XC,AK,F
13:30:18,PTBA,RG,2570,10,D,NI,AK,F
13:30:18,PTBA,RG,2570,10,D,XC,AK,F
13:30:18,PTBA,RG,2570,25,D,OD,AK,F
13:30:18,PTBA,RG,2570,10,D,YP,AK,F
13:30:18,PTBA,RG,2570,1,D,XC,AK,F
13:30:18,PTBA,RG,2570,10,D,AZ,AK,F
13:30:18,PTBA,RG,2570,1,D,NI,AK,F
13:30:18,PTBA,RG,2570,4,D,CC,AK,F
13:30:18,PTBA,RG,2570,4,D,XC,AK,F
13:30:18,PTBA,RG,2570,10,D,LG,AK,F
13:30:18,PTBA,RG,2570,2,D,XC,AK,F
13:30:18,PTBA,RG,2570,628,D,AT,AK,F
13:30:16,PTBA,RG,2580,1,D,XC,CS,D
13:30:15,PTBA,RG,2580,15,D,YP,CS,D
13:30:13,PTBA,RG,2570,6,D,AT,AK,F
13:30:13,PTBA,RG,2580,32,F,AK,CS,D
13:30:13,PTBA,RG,2580,5,F,AK,DH,D
13:30:13,PTBA,RG,2580,100,F,AK,DH,D
13:30:13,PTBA,RG,2580,1,F,AK,XL,D
13:30:13,PTBA,RG,2580,1,F,AK,PD,D
13:30:13,PTBA,RG,2580,27,F,AK,KK,D
13:30:13,PTBA,RG,2580,2,D,YP,KK,D
13:30:13,PTBA,RG,2580,21,D,CC,KK,D
13:30:13,PTBA,RG,2580,1,D,CC,YU,D
13:30:13,PTBA,RG,2580,3,D,CC,DR,D
13:30:13,PTBA,RG,2580,5,D,YP,CS,F
13:30:13,PTBA,RG,2580,1,F,AK,CS,F
13:30:13,PTBA,RG,2580,1,D,CC,CS,F
13:30:12,PTBA,RG,2580,1,D,YP,CS,F
13:30:12,PTBA,RG,2580,1,D,YP,CS,F
13:30:12,PTBA,RG,2580,2,D,XC,CS,F
13:30:12,PTBA,RG,2580,5,D,XC,EP,D
13:30:12,PTBA,RG,2580,1,D,XC,EP,D
13:30:11,PTBA,RG,2580,3,D,YP,EP,D
13:30:10,PTBA,RG,2580,1,D,YP,EP,D
13:30:10,PTBA,RG,2580,9,D,YP,EP,D
13:30:10,PTBA,RG,2570,3,D,AT,PD,D
13:30:09,PTBA,RG,2580,1,D,PD,EP,D
13:30:09,PTBA,RG,2580,2,D,XC,EP,D
13:30:09,PTBA,RG,2580,3,D,XC,EP,D
13:30:09,PTBA,RG,2570,1,D,AT,XC,D
13:30:08,PTBA,RG,2580,46,D,XC,EP,D
13:30:08,PTBA,RG,2580,100,D,PD,EP,D
13:30:08,PTBA,RG,2580,1,D,XC,EP,D
13:30:07,PTBA,RG,2580,139,D,XC,EP,D
13:30:07,PTBA,RG,2580,1,D,YP,EP,D
13:30:07,PTBA,RG,2580,2,D,PD,EP,D
13:30:07,PTBA,RG,2580,6,D,PD,EP,D
13:30:07,PTBA,RG,2580,2,D,PD,EP,D
13:30:07,PTBA,RG,2580,5,D,PD,EP,D
13:30:07,PTBA,RG,2580,13,D,AT,EP,D
13:30:07,PTBA,RG,2580,6,D,AT,ZP,F
13:30:07,PTBA,RG,2580,10,D,AT,PD,D
13:30:07,PTBA,RG,2580,45,D,AT,XA,D
13:30:07,PTBA,RG,2580,26,D,AT,CC,D
13:30:07,PTBA,RG,2580,2,D,PD,CC,D
13:30:07,PTBA,RG,2580,1,D,XC,CC,D
13:30:07,PTBA,RG,2580,3,D,PD,CC,D
13:30:07,PTBA,RG,2580,10,D,PD,CC,D
13:30:06,PTBA,RG,2580,9,D,SQ,CC,D
13:30:05,PTBA,RG,2580,1,D,ZP,CC,D
13:30:05,PTBA,RG,2580,2,D,SQ,CC,D
13:30:05,PTBA,RG,2580,18,D,SQ,XC,D
13:30:05,PTBA,RG,2570,2,D,AT,PD,D
13:30:05,PTBA,RG,2570,6,D,AT,PD,D
13:30:05,PTBA,RG,2580,1,D,PD,XC,D
13:30:05,PTBA,RG,2580,1,D,KK,XC,D
13:30:05,PTBA,RG,2580,1,D,EP,XC,D
13:30:05,PTBA,RG,2580,3,D,DX,XC,D
13:30:04,PTBA,RG,2580,20,D,LG,XC,D
13:30:04,PTBA,RG,2580,2,D,KK,XC,D
13:30:04,PTBA,RG,2580,1,D,PD,XC,D
13:30:04,PTBA,RG,2580,10,D,PD,XC,D
13:30:04,PTBA,RG,2580,4,D,XL,XC,D
13:30:04,PTBA,RG,2580,16,D,XL,XC,D
13:30:04,PTBA,RG,2580,4,D,XL,YU,D
13:30:03,PTBA,RG,2580,35,D,PD,YU,D
13:30:03,PTBA,RG,2580,5,D,PD,NI,D
13:30:03,PTBA,RG,2580,2,D,PD,EP,D
13:30:03,PTBA,RG,2580,6,D,PD,XC,D
13:30:03,PTBA,RG,2580,3,D,GR,XC,D
13:30:03,PTBA,RG,2580,2,D,KK,XC,D
13:30:03,PTBA,RG,2580,1,D,KK,CC,D
13:30:03,PTBA,RG,2580,14,D,PD,CC,D
13:30:03,PTBA,RG,2580,16,D,PD,YU,D
13:30:02,PTBA,RG,2580,4,D,XL,YU,D
13:30:02,PTBA,RG,2580,3,D,LG,YU,D
13:30:02,PTBA,RG,2580,18,D,LG,XC,D
13:30:02,PTBA,RG,2580,3,D,LG,XC,D
13:30:02,PTBA,RG,2580,1,D,LG,XL,D
13:30:02,PTBA,RG,2580,1,D,LG,CS,F
13:30:02,PTBA,RG,2580,2,D,LG,CS,F
13:30:02,PTBA,RG,2580,1,D,LG,CS,F
13:30:02,PTBA,RG,2580,1,D,LG,CS,F
13:30:02,PTBA,RG,2580,2,D,LG,CS,F
13:30:02,PTBA,RG,2580,18,D,LG,NI,D
13:30:02,PTBA,RG,2570,16,D,AT,AO,D
11:29:59,PTBA,RG,2580,4,F,AK,NI,D
11:29:59,PTBA,RG,2580,2,F,AK,NI,D
11:29:58,PTBA,RG,2570,1,D,AT,AK,F
11:29:45,PTBA,RG,2580,3,F,AK,NI,D
11:29:44,PTBA,RG,2580,1,F,AK,NI,D
11:29:44,PTBA,RG,2580,2,F,AK,NI,D
11:29:42,PTBA,RG,2570,3,D,AT,EP,D
11:29:31,PTBA,RG,2580,2,D,XC,NI,D
11:29:00,PTBA,RG,2580,3,D,NI,NI,D
11:28:55,PTBA,RG,2580,25,D,YP,NI,D
11:28:55,PTBA,RG,2580,2,D,XC,NI,D
11:28:46,PTBA,RG,2580,1,D,KK,NI,D
11:28:30,PTBA,RG,2580,51,F,AK,NI,D
11:28:15,PTBA,RG,2580,9,F,AK,NI,D
11:28:00,PTBA,RG,2570,2,D,AT,AK,F
11:27:57,PTBA,RG,2580,5,D,XC,NI,D
11:27:49,PTBA,RG,2580,10,D,GR,NI,D
11:27:45,PTBA,RG,2580,15,F,AK,NI,D
11:27:33,PTBA,RG,2580,10,D,GR,NI,D
11:27:15,PTBA,RG,2570,1,D,AT,AK,F
11:26:15,PTBA,RG,2570,1,D,AT,AK,F
11:26:00,PTBA,RG,2580,47,F,AK,NI,D
11:25:37,PTBA,RG,2580,5,D,CC,NI,D
11:25:22,PTBA,RG,2570,50,D,AT,PD,D
11:25:15,PTBA,RG,2570,1,D,AT,AK,F
11:25:15,PTBA,RG,2580,24,F,AK,NI,D
11:25:00,PTBA,RG,2580,1,F,AK,NI,D
11:24:18,PTBA,RG,2580,1,D,DR,NI,D
11:23:57,PTBA,RG,2570,2,D,AT,NI,D
11:23:48,PTBA,RG,2570,50,D,AT,CC,D
11:23:48,PTBA,RG,2580,1,D,PD,NI,D
11:23:39,PTBA,RG,2580,1,D,XC,NI,D
11:23:15,PTBA,RG,2580,56,F,AK,NI,D
11:23:14,PTBA,RG,2580,1,D,KK,NI,D
11:22:42,PTBA,RG,2570,150,D,AT,DR,D
11:22:22,PTBA,RG,2570,1,D,AT,CC,D
11:22:12,PTBA,RG,2580,1,D,YP,NI,D
11:22:06,PTBA,RG,2570,1,D,AT,XC,D
11:21:53,PTBA,RG,2580,10,D,PD,NI,D
11:21:20,PTBA,RG,2570,3,D,AT,KK,D
11:21:05,PTBA,RG,2580,8,D,DH,NI,D
11:20:59,PTBA,RG,2570,1,D,AT,CC,D
11:20:58,PTBA,RG,2570,5,D,AT,AK,F
11:20:30,PTBA,RG,2580,1,F,AK,NI,D
11:20:15,PTBA,RG,2580,90,F,AK,NI,D
11:20:04,PTBA,RG,2580,1,D,PD,NI,D
11:19:49,PTBA,RG,2570,9,D,AT,PD,D
11:19:38,PTBA,RG,2580,2,D,XC,NI,D
11:19:29,PTBA,RG,2580,2,D,PD,NI,D
11:19:18,PTBA,RG,2580,30,D,PD,NI,D
11:19:15,PTBA,RG,2580,42,F,AK,NI,D
11:18:43,PTBA,RG,2580,13,D,CC,NI,D
11:18:43,PTBA,RG,2580,4,D,CC,CS,F
11:18:43,PTBA,RG,2580,3,D,CC,CS,F
11:18:33,PTBA,RG,2570,75,D,AT,EP,D
11:17:29,PTBA,RG,2580,4,D,XC,BK,F
11:17:29,PTBA,RG,2570,10,D,AT,PD,D
11:17:12,PTBA,RG,2580,10,D,NI,BK,F
11:16:36,PTBA,RG,2580,1,D,YP,BK,F
11:16:32,PTBA,RG,2580,6,D,OD,BK,F
11:16:32,PTBA,RG,2580,1,D,OD,BK,F
11:16:32,PTBA,RG,2580,2,D,OD,CS,F
11:16:32,PTBA,RG,2580,1,D,OD,CS,F
11:16:32,PTBA,RG,2580,6,D,OD,CS,F
11:16:32,PTBA,RG,2580,14,D,OD,NI,D
11:16:18,PTBA,RG,2580,4,D,YP,NI,D
11:16:15,PTBA,RG,2580,2,D,XC,NI,D
11:15:46,PTBA,RG,2580,1,D,PD,ZP,F
11:15:38,PTBA,RG,2580,1,D,PD,PD,D
11:15:15,PTBA,RG,2570,3,D,AT,XC,D
11:14:59,PTBA,RG,2570,5,D,AT,ZP,F
11:14:59,PTBA,RG,2580,1,D,PD,ZP,F
11:14:59,PTBA,RG,2580,9,D,OD,ZP,F
11:14:50,PTBA,RG,2580,1,D,OD,CC,D
11:14:14,PTBA,RG,2580,20,D,OD,CC,D
11:14:14,PTBA,RG,2580,5,D,YP,CC,D
11:14:14,PTBA,RG,2580,1,D,XC,CC,D
11:14:14,PTBA,RG,2580,2,D,XC,CC,D
11:14:14,PTBA,RG,2580,3,D,XC,CC,D
11:14:14,PTBA,RG,2580,10,D,PD,CC,D
11:14:14,PTBA,RG,2580,4,D,XC,CC,D
11:14:14,PTBA,RG,2580,1,D,XC,CC,D
11:14:14,PTBA,RG,2580,48,F,AK,CC,D
11:14:14,PTBA,RG,2580,1,F,AK,CC,D
11:14:14,PTBA,RG,2580,1,D,XC,CC,D
11:14:14,PTBA,RG,2580,3,D,PD,CC,D
11:14:14,PTBA,RG,2580,11,D,XC,CC,D
11:14:14,PTBA,RG,2580,2,D,PD,CC,D
11:14:14,PTBA,RG,2580,210,F,ZP,CC,D
11:14:14,PTBA,RG,2580,3,F,ZP,CC,D
11:13:52,PTBA,RG,2580,22,F,ZP,EP,D
11:13:48,PTBA,RG,2580,2,F,ZP,YP,D
11:13:23,PTBA,RG,2590,68,D,EP,LG,D
11:13:23,PTBA,RG,2590,2,D,EP,ZP,F
11:13:23,PTBA,RG,2590,30,D,EP,YP,D
11:13:17,PTBA,RG,2580,4,F,ZP,PD,D
11:12:48,PTBA,RG,2580,3,F,ZP,YP,D
11:12:43,PTBA,RG,2580,63,F,ZP,NI,D
11:11:07,PTBA,RG,2580,25,F,ZP,PD,D
11:11:07,PTBA,RG,2590,114,F,ZP,YP,D
11:10:55,PTBA,RG,2580,12,F,ZP,ZP,F
11:10:36,PTBA,RG,2580,24,F,ZP,CP,D
11:10:21,PTBA,RG,2590,100,D,EP,YP,D
11:09:23,PTBA,RG,2580,1,F,AK,CC,D
11:09:02,PTBA,RG,2580,6,D,YP,CS,F
11:09:02,PTBA,RG,2580,2,D,YP,CS,F
11:09:02,PTBA,RG,2580,13,D,YP,ZP,F
11:09:02,PTBA,RG,2580,6,D,YP,CS,F
11:09:02,PTBA,RG,2580,2,D,YP,CS,F
11:09:02,PTBA,RG,2580,10,D,YP,CC,D
11:08:59,PTBA,RG,2580,2,D,DR,CC,D
11:08:23,PTBA,RG,2580,3,D,YP,CC,D
11:08:23,PTBA,RG,2580,34,D,YP,YU,D
11:08:23,PTBA,RG,2580,6,D,YP,PD,D
11:08:23,PTBA,RG,2580,5,D,YP,CS,F
11:08:23,PTBA,RG,2580,1,D,YP,CS,F
11:08:23,PTBA,RG,2580,1,D,YP,CS,F
11:08:21,PTBA,RG,2580,2,D,XC,CS,F
11:07:32,PTBA,RG,2580,10,D,XC,KK,D
11:07:04,PTBA,RG,2570,100,D,AT,NI,D
11:06:39,PTBA,RG,2580,1,D,YP,CS,F
11:06:39,PTBA,RG,2580,1,D,YP,CS,F
11:06:39,PTBA,RG,2580,4,D,YP,ZP,F
11:06:39,PTBA,RG,2580,35,D,YP,EP,D
11:06:39,PTBA,RG,2580,2,D,YP,CC,D
11:06:39,PTBA,RG,2580,57,D,YP,SQ,D
11:06:31,PTBA,RG,2580,43,D,YP,SQ,D
11:06:31,PTBA,RG,2580,5,D,YP,CS,F
11:06:31,PTBA,RG,2580,2,D,YP,CS,F
11:05:58,PTBA,RG,2570,5,D,AT,PD,D
11:05:54,PTBA,RG,2580,30,D,DX,BK,F
11:05:48,PTBA,RG,2580,106,F,ZP,BK,F
11:05:27,PTBA,RG,2580,1,D,NI,BK,F
11:05:17,PTBA,RG,2580,108,F,ZP,BK,F
11:05:02,PTBA,RG,2580,111,F,ZP,BK,F
11:05:00,PTBA,RG,2580,105,F,ZP,BK,F
11:04:16,PTBA,RG,2580,35,D,YP,BK,F
11:04:16,PTBA,RG,2580,1,D,YP,CC,F
11:04:16,PTBA,RG,2580,2,D,YP,CS,F
11:04:16,PTBA,RG,2580,1,D,YP,CS,F
11:04:16,PTBA,RG,2580,1,D,YP,CS,F
11:04:16,PTBA,RG,2580,1,D,YP,CS,F
11:04:16,PTBA,RG,2580,1,D,YP,CS,F
11:04:16,PTBA,RG,2580,8,D,YP,CC,F
11:04:02,PTBA,RG,2580,106,F,ZP,BK,F
11:04:01,PTBA,RG,2580,827,D,AI,BK,F
11:04:01,PTBA,RG,2580,1,D,AI,CS,F
11:04:01,PTBA,RG,2580,1,D,AI,AK,F
11:04:01,PTBA,RG,2580,2,D,AI,AK,F
11:04:01,PTBA,RG,2580,4,D,AI,CS,F
11:04:01,PTBA,RG,2580,3,D,AI,CS,F
11:04:01,PTBA,RG,2580,1,D,AI,CS,F
11:04:01,PTBA,RG,2580,4,D,AI,CS,F
11:04:01,PTBA,RG,2580,5,D,AI,NI,D
11:04:01,PTBA,RG,2580,3,D,AI,XC,D
11:04:01,PTBA,RG,2580,2,D,AI,CS,F
11:04:01,PTBA,RG,2580,18,D,AI,CC,D
11:04:01,PTBA,RG,2580,1,D,AI,CS,F
11:04:01,PTBA,RG,2580,1,D,AI,CS,F
11:04:01,PTBA,RG,2580,1,D,AI,CS,F
11:04:01,PTBA,RG,2580,32,D,AI,ZP,F
11:04:01,PTBA,RG,2580,562,D,AI,AK,F
11:04:01,PTBA,RG,2580,2,D,AI,AK,F
11:04:01,PTBA,RG,2580,2,D,AI,AK,F
11:04:01,PTBA,RG,2580,952,D,AI,BK,F
11:04:01,PTBA,RG,2580,224,D,AI,CC,F
11:04:01,PTBA,RG,2580,1,D,AI,BK,F
11:04:01,PTBA,RG,2580,1,D,AI,CS,F
11:04:01,PTBA,RG,2580,1350,D,AI,BK,F
11:03:21,PTBA,RG,2570,5,D,AT,XC,D
11:02:36,PTBA,RG,2570,7,D,AT,PD,D
11:02:30,PTBA,RG,2570,8,D,AT,YP,D
11:02:21,PTBA,RG,2570,4,D,AT,PD,D
11:02:09,PTBA,RG,2580,1,D,NI,CS,F
11:02:09,PTBA,RG,2580,4,D,NI,CS,F
11:02:09,PTBA,RG,2580,3,D,NI,CS,F
11:02:09,PTBA,RG,2580,2,D,NI,LG,D
11:02:00,PTBA,RG,2580,107,F,ZP,LG,D
11:01:50,PTBA,RG,2570,1,D,AT,XC,D
11:01:43,PTBA,RG,2570,20,D,AT,EP,D
11:01:29,PTBA,RG,2580,20,D,YU,LG,D
11:01:28,PTBA,RG,2570,1,D,AT,XC,D
11:01:17,PTBA,RG,2570,3,D,AT,XL,D
11:01:10,PTBA,RG,2570,118,D,AT,OD,D
11:01:09,PTBA,RG,2570,330,D,AT,OD,D
11:01:06,PTBA,RG,2570,62,D,AT,OD,D
11:01:06,PTBA,RG,2570,1,D,XC,OD,D
11:01:06,PTBA,RG,2570,2,D,YB,OD,D
11:01:06,PTBA,RG,2570,1,D,PD,OD,D
11:01:06,PTBA,RG,2570,10,D,HP,OD,D
11:01:06,PTBA,RG,2570,28,D,CC,OD,D
11:01:06,PTBA,RG,2570,26,D,CC,OD,D
11:01:06,PTBA,RG,2570,17,D,YP,OD,D
11:01:02,PTBA,RG,2570,1,D,YP,PD,D
11:00:52,PTBA,RG,2570,82,D,YP,AK,F
11:00:25,PTBA,RG,2580,1,D,KK,LG,D
11:00:09,PTBA,RG,2580,5,D,OD,LG,D
11:00:09,PTBA,RG,2580,10,D,YP,LG,D
11:00:09,PTBA,RG,2580,80,F,ZP,LG,D
11:00:09,PTBA,RG,2580,5,D,OD,LG,D
11:00:09,PTBA,RG,2580,10,D,OD,LG,D
11:00:09,PTBA,RG,2580,2,D,NI,LG,D
11:00:09,PTBA,RG,2580,1,D,NI,LG,D
11:00:09,PTBA,RG,2580,57,F,ZP,LG,D
11:00:01,PTBA,RG,2580,149,F,ZP,ZP,F
11:00:01,PTBA,RG,2580,13,F,ZP,CS,D
11:00:00,PTBA,RG,2590,82,F,ZP,YP,D
11:00:00,PTBA,RG,2580,12,F,ZP,KK,D
11:00:00,PTBA,RG,2580,26,D,PD,KK,D
11:00:00,PTBA,RG,2580,86,D,PD,KK,D
11:00:00,PTBA,RG,2580,10,D,YP,KK,D
11:00:00,PTBA,RG,2580,1,D,XC,KK,D
11:00:00,PTBA,RG,2580,1,D,GR,KK,D
11:00:00,PTBA,RG,2580,10,D,YP,KK,D
11:00:00,PTBA,RG,2580,10,D,PD,KK,D
11:00:00,PTBA,RG,2580,10,D,SQ,KK,D
11:00:00,PTBA,RG,2580,2,D,CC,KK,D
11:00:00,PTBA,RG,2580,2,D,XC,KK,D
11:00:00,PTBA,RG,2580,1,D,PD,KK,D
11:00:00,PTBA,RG,2580,2,D,XC,KK,D
11:00:00,PTBA,RG,2580,35,D,PD,KK,D
11:00:00,PTBA,RG,2580,20,D,PD,KK,D
11:00:00,PTBA,RG,2580,1,D,YP,KK,D
11:00:00,PTBA,RG,2580,10,D,OD,KK,D
11:00:00,PTBA,RG,2580,6,D,YP,KK,D
11:00:00,PTBA,RG,2580,500,D,CC,KK,D
11:00:00,PTBA,RG,2580,20,D,PD,KK,D
11:00:00,PTBA,RG,2580,1,D,CC,KK,D
11:00:00,PTBA,RG,2580,2,D,PC,KK,D
11:00:00,PTBA,RG,2580,4,D,YP,KK,D
11:00:00,PTBA,RG,2580,500,D,CC,KK,D
11:00:00,PTBA,RG,2580,80,F,AG,KK,D
11:00:00,PTBA,RG,2580,1,D,CC,KK,D
11:00:00,PTBA,RG,2580,3,D,YP,KK,D
11:00:00,PTBA,RG,2580,4,D,PD,KK,D
11:00:00,PTBA,RG,2580,2,D,PD,KK,D
11:00:00,PTBA,RG,2580,50,D,OD,KK,D
11:00:00,PTBA,RG,2580,1,D,YP,KK,D
11:00:00,PTBA,RG,2580,2,D,PD,KK,D
11:00:00,PTBA,RG,2580,85,D,YP,KK,D
10:59:41,PTBA,RG,2590,10,D,OD,YP,D
10:59:39,PTBA,RG,2580,134,D,YP,YP,D
10:59:39,PTBA,RG,2580,3,D,AT,YP,D
10:59:39,PTBA,RG,2580,50,D,NI,YP,D
10:59:39,PTBA,RG,2580,3,D,XC,YP,D
10:59:39,PTBA,RG,2580,1,D,PD,YP,D
10:59:39,PTBA,RG,2580,10,D,LG,YP,D
10:59:39,PTBA,RG,2580,1,D,XC,YP,D
10:59:39,PTBA,RG,2580,30,D,YP,YP,D
10:59:39,PTBA,RG,2580,10,D,CC,YP,D
10:59:39,PTBA,RG,2580,20,D,CC,YP,D
10:59:39,PTBA,RG,2580,3,D,XC,YP,D
10:59:39,PTBA,RG,2580,10,D,EP,YP,D
10:59:39,PTBA,RG,2580,133,D,AZ,YP,D
10:59:39,PTBA,RG,2580,1,D,PD,YP,D
10:59:39,PTBA,RG,2580,1,D,GR,YP,D
10:59:39,PTBA,RG,2580,10,D,YP,YP,D
10:59:39,PTBA,RG,2580,40,D,NI,YP,D
10:59:39,PTBA,RG,2580,10,D,PD,YP,D
10:59:39,PTBA,RG,2580,1,D,ZP,YP,D
10:59:39,PTBA,RG,2580,1,D,AT,YP,D
10:59:39,PTBA,RG,2580,1,D,NI,YP,D
10:59:39,PTBA,RG,2580,1,D,PD,YP,D
10:59:39,PTBA,RG,2580,76,F,AK,YP,D
10:59:39,PTBA,RG,2580,1,F,AK,YP,D
10:59:39,PTBA,RG,2580,70,F,ZP,YP,D
10:59:39,PTBA,RG,2580,100,D,SQ,YP,D
10:59:39,PTBA,RG,2580,15,D,PD,YP,D
10:59:39,PTBA,RG,2580,14,D,NI,YP,D
10:59:28,PTBA,RG,2580,1,D,NI,CP,D
10:59:28,PTBA,RG,2580,2,D,DX,CP,D
10:59:28,PTBA,RG,2580,5,D,AG,CP,D
10:59:28,PTBA,RG,2580,11,D,NI,CP,D
10:59:27,PTBA,RG,2580,1,D,NI,DR,D
10:58:26,PTBA,RG,2580,40,D,NI,YP,D
10:58:21,PTBA,RG,2580,18,D,NI,NI,D
10:58:21,PTBA,RG,2580,2,D,PD,NI,D
10:58:15,PTBA,RG,2590,11,D,AZ,YP,D
10:58:07,PTBA,RG,2590,10,D,EP,YP,D
10:57:47,PTBA,RG,2580,18,D,PD,AK,F
10:57:47,PTBA,RG,2580,1,D,PD,AK,F
10:57:47,PTBA,RG,2580,198,F,ZP,AK,F
10:57:47,PTBA,RG,2580,790,D,AG,AK,F
10:57:46,PTBA,RG,2580,35,D,AG,CS,D
10:57:45,PTBA,RG,2590,143,F,AK,YP,D
10:57:45,PTBA,RG,2590,2,F,AK,XC,D
10:57:45,PTBA,RG,2590,3,F,AK,PD,D
10:57:45,PTBA,RG,2590,50,F,AK,YP,D
10:57:45,PTBA,RG,2590,4,F,AK,YP,D
10:57:45,PTBA,RG,2590,33,F,AK,YU,D
10:57:45,PTBA,RG,2590,34,F,AK,YU,D
10:57:45,PTBA,RG,2590,4,F,AK,CC,D
10:57:45,PTBA,RG,2590,3,F,AK,XC,D
10:57:45,PTBA,RG,2590,2,F,AK,AK,F
10:57:45,PTBA,RG,2590,8,F,AK,AK,F
10:57:45,PTBA,RG,2590,20,F,AK,BK,F
10:57:43,PTBA,RG,2580,2,D,AG,AK,F
10:57:07,PTBA,RG,2580,9,D,AG,PD,D
10:56:35,PTBA,RG,2590,1,D,XC,BK,F
10:56:19,PTBA,RG,2580,5,D,AG,CC,D
10:56:17,PTBA,RG,2590,13,D,CC,BK,F
10:55:47,PTBA,RG,2590,1,D,PD,BK,F
10:55:30,PTBA,RG,2590,70,F,AK,BK,F
10:55:11,PTBA,RG,2580,100,D,AG,NI,D
10:55:09,PTBA,RG,2580,35,D,AG,CC,D
10:55:06,PTBA,RG,2580,2,D,AG,PD,D
10:54:43,PTBA,RG,2580,4,D,AG,AK,F
10:53:45,PTBA,RG,2590,5,D,PD,BK,F
10:53:15,PTBA,RG,2590,2,F,AK,BK,F
10:52:22,PTBA,RG,2580,38,D,AG,CS,D
10:52:17,PTBA,RG,2580,4,D,AG,NI,D
10:52:04,PTBA,RG,2580,5,D,AG,PD,D
10:51:51,PTBA,RG,2580,2,D,AG,CC,D
10:51:33,PTBA,RG,2580,10,D,AG,YP,D
10:51:18,PTBA,RG,2580,3,D,AG,BS,D
10:50:28,PTBA,RG,2580,4,D,AG,AK,F
10:50:07,PTBA,RG,2580,5,D,AG,CC,D
10:49:51,PTBA,RG,2580,1,D,AG,PD,D
10:49:49,PTBA,RG,2590,5,D,PD,BK,F
10:49:46,PTBA,RG,2580,3,D,AG,PD,D
10:49:24,PTBA,RG,2590,75,F,ZP,BK,F
10:49:23,PTBA,RG,2590,218,D,PD,BK,F
10:49:23,PTBA,RG,2590,10,D,PD,YP,D
10:49:23,PTBA,RG,2590,100,D,PD,YU,D
10:49:23,PTBA,RG,2590,22,D,PD,YP,D
10:49:21,PTBA,RG,2590,2,D,PC,YP,D
10:49:20,PTBA,RG,2590,2,D,KK,YP,D
10:48:29,PTBA,RG,2590,2,D,CC,YP,D
10:47:54,PTBA,RG,2590,3,D,CC,YP,D
10:47:46,PTBA,RG,2580,20,D,AG,PD,D
10:47:00,PTBA,RG,2590,144,F,ZP,YP,D
10:46:53,PTBA,RG,2580,29,D,AG,CS,D
10:46:41,PTBA,RG,2590,1,D,XC,YP,D
10:46:41,PTBA,RG,2590,1,D,NI,YP,D
10:46:38,PTBA,RG,2590,1,D,YP,YP,D
10:46:34,PTBA,RG,2590,4,D,XC,YP,D
10:45:43,PTBA,RG,2590,2,D,CC,YP,D
10:45:26,PTBA,RG,2590,1,F,AK,YP,D
10:45:25,PTBA,RG,2590,1,D,PD,YP,D
10:44:50,PTBA,RG,2590,14,D,NI,YP,D
10:44:50,PTBA,RG,2590,1,D,NI,KK,D
10:44:50,PTBA,RG,2590,5,D,NI,YU,D
10:44:48,PTBA,RG,2580,40,D,AG,KK,D
10:44:20,PTBA,RG,2590,25,D,OD,YU,D
10:44:20,PTBA,RG,2590,4,D,OD,ZP,F
10:44:20,PTBA,RG,2590,8,D,OD,XC,D
10:44:20,PTBA,RG,2590,1,D,OD,CS,F
10:44:19,PTBA,RG,2590,1,D,XC,CS,F
10:44:17,PTBA,RG,2580,5,D,AG,XC,D
10:44:14,PTBA,RG,2590,5,D,XL,CS,F
10:44:14,PTBA,RG,2590,11,D,XL,BK,F
10:43:58,PTBA,RG,2580,4,D,AG,AK,F
10:43:51,PTBA,RG,2590,1,D,XC,BK,F
10:43:35,PTBA,RG,2590,1,D,YP,BK,F
10:43:34,PTBA,RG,2580,23,D,AG,PD,D
10:43:10,PTBA,RG,2590,10,D,YP,BK,F
10:42:44,PTBA,RG,2590,6,D,OD,BK,F
10:42:44,PTBA,RG,2590,4,D,OD,CS,F
10:42:44,PTBA,RG,2590,26,D,OD,CS,D
10:42:44,PTBA,RG,2590,26,D,OD,ZP,F
10:42:44,PTBA,RG,2590,10,D,OD,OD,D
10:42:30,PTBA,RG,2590,9,F,AK,XC,D
10:42:30,PTBA,RG,2590,4,F,AK,XL,D
10:42:30,PTBA,RG,2590,5,F,AK,NI,D
10:42:30,PTBA,RG,2590,4,F,AK,PD,D
10:42:30,PTBA,RG,2590,200,F,AK,KK,D
10:42:30,PTBA,RG,2590,5,F,AK,PD,D
10:42:30,PTBA,RG,2590,6,F,AK,EP,D
10:42:30,PTBA,RG,2590,1,F,AK,PD,D
10:42:30,PTBA,RG,2590,3,F,AK,YP,D
10:42:30,PTBA,RG,2590,34,F,AK,AK,F
10:42:24,PTBA,RG,2590,2,D,XC,AK,F
10:40:15,PTBA,RG,2590,1,F,AK,AK,F
10:39:15,PTBA,RG,2590,66,F,AK,AK,F
10:39:15,PTBA,RG,2590,13,F,AK,XC,D
10:38:59,PTBA,RG,2590,5,D,XL,XC,D
10:38:48,PTBA,RG,2590,2,D,XC,XC,D
10:38:40,PTBA,RG,2590,1,D,PD,CC,D
10:38:14,PTBA,RG,2590,4,D,YP,CC,D
10:36:45,PTBA,RG,2590,3,D,YP,AK,F
10:36:45,PTBA,RG,2590,2,D,YP,CC,F
10:36:41,PTBA,RG,2590,46,D,DH,CC,F
10:36:41,PTBA,RG,2590,29,D,DH,BK,F
10:36:12,PTBA,RG,2590,2,D,YP,BK,F
10:35:58,PTBA,RG,2590,30,D,OD,BK,F
10:35:50,PTBA,RG,2590,3,D,OD,BK,F
10:35:28,PTBA,RG,2580,2,D,AG,PD,D
10:35:15,PTBA,RG,2590,1,F,AK,BK,F
10:35:14,PTBA,RG,2590,200,D,YP,BK,F
10:34:37,PTBA,RG,2580,1,D,AG,SQ,D
10:33:53,PTBA,RG,2580,10,D,AG,YP,D
10:33:48,PTBA,RG,2590,2,D,PD,BK,F
10:33:46,PTBA,RG,2580,2,D,AG,NI,D
10:33:43,PTBA,RG,2590,171,D,YP,BK,F
10:33:43,PTBA,RG,2590,30,D,YP,CC,D
10:33:43,PTBA,RG,2590,2,D,YP,KK,D
10:33:43,PTBA,RG,2590,247,D,YP,KK,D
10:32:37,PTBA,RG,2590,15,D,CC,KK,D
10:31:55,PTBA,RG,2580,10,D,AG,YP,D
10:31:51,PTBA,RG,2590,1,D,XL,KK,D
10:31:12,PTBA,RG,2580,27,D,AG,BK,F
10:31:11,PTBA,RG,2580,1,D,AG,CS,F
10:31:11,PTBA,RG,2580,28,D,AG,CS,D
10:31:11,PTBA,RG,2580,8,D,AG,CS,F
10:31:11,PTBA,RG,2580,1,D,AG,CS,F
10:31:11,PTBA,RG,2580,11,D,AG,CS,D
10:31:11,PTBA,RG,2580,4,D,AG,CS,F
10:31:11,PTBA,RG,2580,14,D,AG,PD,D
10:31:11,PTBA,RG,2580,5,D,AG,CS,D
10:31:11,PTBA,RG,2580,16,D,AG,ZP,F
10:31:11,PTBA,RG,2580,25,D,AG,CC,D
10:31:11,PTBA,RG,2580,33,D,AG,YU,D
10:31:11,PTBA,RG,2580,1,D,AG,XC,D
10:31:11,PTBA,RG,2580,3,D,AG,XC,D
10:31:11,PTBA,RG,2580,9,D,AG,PD,D
10:31:11,PTBA,RG,2580,100,D,AG,CC,D
10:31:11,PTBA,RG,2580,53,D,AG,BK,F
10:31:11,PTBA,RG,2580,1,D,AG,BK,F
10:31:11,PTBA,RG,2580,4,D,AG,CS,F
10:31:11,PTBA,RG,2580,4,D,AG,CS,F
10:31:10,PTBA,RG,2580,1,D,XC,CS,F
10:30:54,PTBA,RG,2580,1,D,AG,CS,F
10:30:54,PTBA,RG,2580,3,D,AG,CS,F
10:30:54,PTBA,RG,2580,1,D,AG,CS,D
10:30:50,PTBA,RG,2580,3,D,NI,CS,D
10:30:50,PTBA,RG,2570,4,F,AK,PC,D
10:30:37,PTBA,RG,2580,10,D,PC,CS,D
10:30:00,PTBA,RG,2570,1,F,AK,PD,D
10:29:56,PTBA,RG,2580,2,D,EP,CS,D
10:29:56,PTBA,RG,2580,18,D,EP,ZP,F
10:29:47,PTBA,RG,2580,4,D,PD,ZP,F
10:29:37,PTBA,RG,2580,6,D,XC,ZP,F
10:29:37,PTBA,RG,2580,1,D,XC,YU,D
10:29:29,PTBA,RG,2580,30,D,YP,YU,D
10:29:12,PTBA,RG,2580,2,D,XC,YU,D
10:28:52,PTBA,RG,2580,1,D,PD,YU,D
10:28:47,PTBA,RG,2580,1,D,DH,YU,D
10:28:38,PTBA,RG,2580,1,D,PD,YU,D
10:28:04,PTBA,RG,2580,1,D,XC,YU,D
10:27:55,PTBA,RG,2580,3,D,NI,YP,D
10:27:55,PTBA,RG,2580,1,D,PD,YP,D
10:27:55,PTBA,RG,2580,38,D,YB,YP,D
10:27:55,PTBA,RG,2580,2,D,KK,YP,D
10:27:55,PTBA,RG,2580,3,D,OD,YP,D
10:27:55,PTBA,RG,2580,8,D,NI,YP,D
10:27:55,PTBA,RG,2580,10,D,DH,YP,D
10:27:09,PTBA,RG,2580,1,D,NI,YP,D
10:27:09,PTBA,RG,2580,23,D,PD,YP,D
10:27:09,PTBA,RG,2580,2,D,XC,YP,D
10:27:09,PTBA,RG,2580,5,D,PD,YP,D
10:27:09,PTBA,RG,2580,119,F,ZP,YP,D
10:27:09,PTBA,RG,2580,1,D,GR,YP,D
10:25:52,PTBA,RG,2590,267,F,AK,KK,D
10:25:52,PTBA,RG,2590,49,F,AK,LG,D
10:25:51,PTBA,RG,2580,2,D,IF,YP,D
10:25:51,PTBA,RG,2580,8,D,NI,YP,D
10:25:51,PTBA,RG,2580,20,D,EP,YP,D
10:25:51,PTBA,RG,2580,32,D,DH,YP,D
10:25:21,PTBA,RG,2580,50,D,DH,ZP,F
10:25:20,PTBA,RG,2590,5,D,YP,LG,D
10:25:17,PTBA,RG,2580,1,D,DH,XC,D
10:24:59,PTBA,RG,2580,217,D,DH,YP,D
10:24:59,PTBA,RG,2580,1,D,PD,YP,D
10:24:59,PTBA,RG,2580,1,D,SQ,YP,D
10:24:59,PTBA,RG,2580,20,D,YP,YP,D
10:24:59,PTBA,RG,2580,1,D,PD,YP,D
10:24:59,PTBA,RG,2580,8,D,NI,YP,D
10:24:59,PTBA,RG,2580,2,D,YP,YP,D
10:24:59,PTBA,RG,2580,1,D,NI,YP,D
10:24:59,PTBA,RG,2580,162,F,ZP,YP,D
10:24:59,PTBA,RG,2580,5,D,SQ,YP,D
10:24:59,PTBA,RG,2580,7,D,PD,YP,D
10:24:59,PTBA,RG,2580,8,D,DH,YP,D
10:24:59,PTBA,RG,2580,2,D,XC,YP,D
10:24:59,PTBA,RG,2580,60,F,ZP,YP,D
10:24:59,PTBA,RG,2580,305,D,AZ,YP,D
10:24:44,PTBA,RG,2590,10,D,AZ,LG,D
10:24:29,PTBA,RG,2590,1,D,XC,LG,D
10:24:20,PTBA,RG,2590,143,F,ZP,LG,D
10:24:03,PTBA,RG,2590,50,D,CC,LG,D
10:23:38,PTBA,RG,2580,4,D,AZ,PD,D
10:23:33,PTBA,RG,2590,42,F,ZP,LG,D
10:23:33,PTBA,RG,2590,1,F,ZP,PD,D
10:23:33,PTBA,RG,2590,2,F,ZP,SQ,D
10:23:33,PTBA,RG,2590,40,F,ZP,LG,D
10:23:32,PTBA,RG,2590,27,D,XC,LG,D
10:23:05,PTBA,RG,2590,90,F,ZP,LG,D
10:23:00,PTBA,RG,2590,90,F,ZP,LG,D
10:22:56,PTBA,RG,2590,53,F,ZP,LG,D
10:22:56,PTBA,RG,2590,18,F,ZP,YP,D
10:22:56,PTBA,RG,2590,61,F,ZP,YP,D
10:22:52,PTBA,RG,2580,100,D,AZ,GR,D
10:22:45,PTBA,RG,2590,74,F,AK,YP,D
10:22:26,PTBA,RG,2590,135,F,ZP,YP,D
10:21:55,PTBA,RG,2580,4,D,AZ,NI,D
10:21:32,PTBA,RG,2580,237,D,AZ,AK,F
10:21:32,PTBA,RG,2580,27,D,AZ,CS,D
10:21:32,PTBA,RG,2580,3,D,AZ,AK,F
10:21:32,PTBA,RG,2580,7,D,AZ,CS,F
10:21:32,PTBA,RG,2580,73,D,AZ,YU,D
10:21:32,PTBA,RG,2580,11,D,AZ,CC,D
10:21:32,PTBA,RG,2580,4,D,AZ,PD,D
10:21:32,PTBA,RG,2580,4,D,AZ,CS,F
10:21:32,PTBA,RG,2580,1,D,AZ,XC,D
10:21:32,PTBA,RG,2580,115,D,AZ,YP,D
10:21:32,PTBA,RG,2580,37,D,AZ,CS,D
10:21:32,PTBA,RG,2580,68,D,AZ,BK,F
10:21:32,PTBA,RG,2580,34,D,AZ,YU,D
10:21:32,PTBA,RG,2580,20,D,AZ,CC,D
10:21:32,PTBA,RG,2580,71,D,AZ,CC,D
10:21:32,PTBA,RG,2580,7,D,AZ,AK,F
10:21:32,PTBA,RG,2580,6,D,AZ,CS,F
10:21:32,PTBA,RG,2580,2000,D,AZ,SQ,D
10:21:32,PTBA,RG,2580,24,D,AZ,ZP,F
10:21:32,PTBA,RG,2580,5,D,AZ,XC,D
10:21:32,PTBA,RG,2580,212,D,AZ,AK,F
10:21:32,PTBA,RG,2580,10,D,AZ,PD,D
10:21:32,PTBA,RG,2580,35,D,AZ,YU,D
10:21:32,PTBA,RG,2580,34,D,AZ,YU,D
10:21:32,PTBA,RG,2580,300,D,AZ,YP,D
10:21:32,PTBA,RG,2580,2,D,AZ,DH,D
10:21:32,PTBA,RG,2580,3,D,AZ,YP,D
10:21:32,PTBA,RG,2580,24,D,AZ,DR,D
10:21:32,PTBA,RG,2580,1,D,AZ,ZP,F
10:21:32,PTBA,RG,2580,2,D,AZ,AK,F
10:21:32,PTBA,RG,2580,1,D,AZ,CS,D
10:21:32,PTBA,RG,2580,37,D,AZ,YU,D
10:21:32,PTBA,RG,2580,35,D,AZ,YU,D
10:21:32,PTBA,RG,2580,137,D,AZ,LG,D
10:21:14,PTBA,RG,2580,2,D,DH,LG,D
10:21:13,PTBA,RG,2570,44,F,ZP,GR,D
10:21:13,PTBA,RG,2570,6,F,ZP,GR,D
10:21:12,PTBA,RG,2580,2,D,YP,LG,D
10:20:15,PTBA,RG,2580,4,D,CC,LG,D
10:19:40,PTBA,RG,2580,155,D,YP,LG,D
10:19:40,PTBA,RG,2580,250,D,YP,DR,D
10:19:40,PTBA,RG,2580,6,D,YP,LG,D
10:19:22,PTBA,RG,2580,3,D,XL,LG,D
10:19:09,PTBA,RG,2570,2,F,ZP,NI,D
10:18:36,PTBA,RG,2570,60,F,ZP,KK,D
10:18:16,PTBA,RG,2570,9,F,ZP,CC,D
10:17:56,PTBA,RG,2580,2,D,PD,LG,D
10:17:48,PTBA,RG,2570,3,F,ZP,DH,D
10:17:29,PTBA,RG,2570,5,F,ZP,YP,D
10:17:24,PTBA,RG,2580,25,D,OD,LG,D
10:16:50,PTBA,RG,2570,1,F,ZP,PD,D
10:16:42,PTBA,RG,2570,5,F,ZP,XC,D
10:16:33,PTBA,RG,2580,2,D,XC,LG,D
10:16:01,PTBA,RG,2570,10,F,ZP,PD,D
10:15:32,PTBA,RG,2570,4,F,ZP,PD,D
10:15:23,PTBA,RG,2580,3,D,PD,LG,D
10:15:22,PTBA,RG,2580,5,D,XC,LG,D
10:15:15,PTBA,RG,2580,80,D,PD,LG,D
10:14:30,PTBA,RG,2580,112,F,ZP,LG,D
10:14:26,PTBA,RG,2580,62,F,ZP,LG,D
10:14:26,PTBA,RG,2580,50,F,ZP,CS,F
10:14:25,PTBA,RG,2570,10,F,ZP,NI,D
10:14:24,PTBA,RG,2570,3,F,ZP,CS,F
10:14:24,PTBA,RG,2570,4,F,ZP,CS,F
10:14:23,PTBA,RG,2570,3,F,ZP,CS,F
10:14:23,PTBA,RG,2570,3,F,AK,XC,D
10:14:23,PTBA,RG,2570,20,F,AK,CC,F
10:14:23,PTBA,RG,2570,2,F,AK,XC,D
10:14:23,PTBA,RG,2570,20,F,AK,XC,D
10:14:23,PTBA,RG,2570,2,F,AK,PD,D
10:14:23,PTBA,RG,2570,20,F,AK,YP,D
10:14:23,PTBA,RG,2570,10,F,AK,PD,D
10:14:23,PTBA,RG,2570,4,F,AK,CS,F
10:14:23,PTBA,RG,2570,8,F,AK,ZP,F
10:14:23,PTBA,RG,2570,8,F,AK,CS,F
10:14:23,PTBA,RG,2570,91,F,AK,AK,F
10:14:23,PTBA,RG,2570,1,F,AK,XC,D
10:14:23,PTBA,RG,2570,4,F,AK,XC,D
10:14:23,PTBA,RG,2570,21,F,AK,CS,D
10:14:23,PTBA,RG,2570,2,F,AK,CS,D
10:14:23,PTBA,RG,2570,2,F,AK,XC,D
10:14:23,PTBA,RG,2570,5,F,AK,XL,D
10:14:23,PTBA,RG,2570,1,F,AK,CS,F
10:14:23,PTBA,RG,2570,2,F,AK,CS,F
10:14:23,PTBA,RG,2570,33,F,AK,ZP,F
10:14:23,PTBA,RG,2570,4,F,AK,AK,F
10:14:23,PTBA,RG,2570,3,F,AK,CS,F
10:14:23,PTBA,RG,2570,30,F,AK,CS,D
10:14:23,PTBA,RG,2570,309,F,AK,SQ,D
10:14:23,PTBA,RG,2570,1000,D,KK,SQ,D
10:14:15,PTBA,RG,2570,25,D,NI,SQ,D
10:13:46,PTBA,RG,2570,8,D,DH,SQ,D
10:13:45,PTBA,RG,2560,40,D,YP,CS,D
10:13:34,PTBA,RG,2570,5,D,XC,SQ,D
10:13:23,PTBA,RG,2560,1,D,YP,XC,D
10:13:20,PTBA,RG,2570,131,F,ZP,SQ,D
10:13:14,PTBA,RG,2560,2,D,YP,YP,D
10:12:49,PTBA,RG,2570,107,F,ZP,SQ,D
10:12:21,PTBA,RG,2570,24,D,PD,SQ,D
10:12:20,PTBA,RG,2570,114,F,ZP,SQ,D
10:12:13,PTBA,RG,2570,1,D,PD,SQ,D
10:12:12,PTBA,RG,2570,200,D,PD,SQ,D
10:11:37,PTBA,RG,2570,1,D,PD,SQ,D
10:11:33,PTBA,RG,2560,2,D,YP,NI,D
10:11:28,PTBA,RG,2560,80,D,YP,EP,D
10:11:23,PTBA,RG,2570,19,D,NI,SQ,D
10:11:06,PTBA,RG,2560,14,D,YP,KK,D
10:10:59,PTBA,RG,2560,4,D,YP,GR,D
10:10:36,PTBA,RG,2560,1,D,YP,XC,D
10:10:21,PTBA,RG,2570,100,D,CC,SQ,D
10:10:10,PTBA,RG,2570,1,D,NI,SQ,D
10:10:09,PTBA,RG,2560,4,D,YP,YP,D
10:10:03,PTBA,RG,2570,1,D,XC,SQ,D
10:09:57,PTBA,RG,2570,154,F,ZP,SQ,D
10:09:41,PTBA,RG,2560,59,D,YP,PD,D
10:09:38,PTBA,RG,2570,2,D,YP,SQ,D
10:09:30,PTBA,RG,2570,163,F,ZP,SQ,D
10:09:18,PTBA,RG,2570,1,D,DH,SQ,D
10:09:17,PTBA,RG,2570,20,D,MU,SQ,D
10:09:00,PTBA,RG,2570,158,F,ZP,SQ,D
10:08:46,PTBA,RG,2560,15,D,YP,KK,D
10:08:44,PTBA,RG,2570,211,F,ZP,SQ,D
10:08:43,PTBA,RG,2560,7,D,YP,NI,D
10:08:37,PTBA,RG,2560,10,D,YP,YP,D
10:08:11,PTBA,RG,2570,6,D,CC,SQ,D
10:08:10,PTBA,RG,2570,28,D,YP,SQ,D
10:08:07,PTBA,RG,2570,1,D,XC,SQ,D
10:07:57,PTBA,RG,2570,1,D,NI,SQ,D
10:07:52,PTBA,RG,2570,112,F,ZP,SQ,D
10:07:36,PTBA,RG,2570,5,D,NI,SQ,D
10:07:18,PTBA,RG,2560,127,D,YP,LG,D
10:07:18,PTBA,RG,2560,10,D,OD,LG,D
10:07:18,PTBA,RG,2560,1,D,XC,LG,D
10:07:18,PTBA,RG,2560,1,D,PD,LG,D
10:07:18,PTBA,RG,2560,10,D,NI,LG,D
10:07:18,PTBA,RG,2560,151,D,PD,LG,D
10:07:14,PTBA,RG,2570,20,D,NI,SQ,D
10:07:09,PTBA,RG,2570,1,D,XC,SQ,D
10:07:09,PTBA,RG,2560,300,D,PD,LG,D
10:07:08,PTBA,RG,2570,1,D,PD,SQ,D
10:07:05,PTBA,RG,2560,300,D,PD,LG,D
10:06:53,PTBA,RG,2570,1,D,PD,SQ,D
10:06:50,PTBA,RG,2560,249,D,PD,YU,D
10:06:50,PTBA,RG,2560,25,D,SQ,YU,D
10:06:50,PTBA,RG,2560,50,D,YP,YU,D
10:06:50,PTBA,RG,2560,10,D,CC,YU,D
10:06:50,PTBA,RG,2560,537,D,KK,YU,D
10:06:50,PTBA,RG,2560,69,D,PD,YU,D
10:06:50,PTBA,RG,2560,5,D,YP,YU,D
10:06:50,PTBA,RG,2560,20,D,CC,YU,D
10:06:50,PTBA,RG,2560,1,D,XC,YU,D
10:06:50,PTBA,RG,2560,5,D,PD,YU,D
10:06:50,PTBA,RG,2560,10,D,XC,YU,D
10:06:50,PTBA,RG,2560,3,D,DR,YU,D
10:06:50,PTBA,RG,2560,1,D,CC,YU,D
10:06:50,PTBA,RG,2560,5,D,NI,YU,D
10:06:50,PTBA,RG,2560,10,D,CC,YU,D
10:06:50,PTBA,RG,2560,3,D,KK,YU,D
10:06:50,PTBA,RG,2560,2,D,PD,YU,D
10:06:50,PTBA,RG,2560,5,D,PD,YU,D
10:06:50,PTBA,RG,2560,5,D,PD,YU,D
10:06:50,PTBA,RG,2560,3,D,YP,YU,D
10:06:50,PTBA,RG,2560,1,D,XC,YU,D
10:06:50,PTBA,RG,2560,500,D,SQ,YU,D
10:06:50,PTBA,RG,2560,1,D,NI,YU,D
10:06:50,PTBA,RG,2560,1,D,PD,YU,D
10:06:50,PTBA,RG,2560,3,D,YP,YU,D
10:06:50,PTBA,RG,2560,79,D,YP,YU,D
10:06:50,PTBA,RG,2560,5,D,YP,YU,D
10:06:50,PTBA,RG,2560,25,D,DH,YU,D
10:06:50,PTBA,RG,2560,1,F,AK,YU,D
10:06:50,PTBA,RG,2560,1,D,KK,YU,D
10:06:50,PTBA,RG,2560,5,D,DR,YU,D
10:06:50,PTBA,RG,2560,2,D,KK,YU,D
10:06:50,PTBA,RG,2560,30,D,XC,YU,D
10:06:50,PTBA,RG,2560,67,F,AK,YU,D
10:06:50,PTBA,RG,2560,2,D,NI,YU,D
10:06:50,PTBA,RG,2560,3,D,NI,YU,D
10:06:50,PTBA,RG,2560,5,D,PD,YU,D
10:06:50,PTBA,RG,2560,10,D,YP,YU,D
10:06:50,PTBA,RG,2560,1,D,YP,YU,D
10:06:50,PTBA,RG,2560,2,D,DH,YU,D
10:06:50,PTBA,RG,2560,2,D,YP,YU,D
10:06:50,PTBA,RG,2560,1,D,CC,YU,D
10:06:50,PTBA,RG,2560,5,D,AG,YU,D
10:06:50,PTBA,RG,2560,1,D,AZ,YU,D
10:06:50,PTBA,RG,2560,4,D,XC,YU,D
10:06:50,PTBA,RG,2560,4,D,XC,YU,D
10:06:50,PTBA,RG,2560,1,D,NI,YU,D
10:06:50,PTBA,RG,2560,10,D,GR,YU,D
10:06:50,PTBA,RG,2560,1,D,PD,YU,D
10:06:50,PTBA,RG,2560,9,D,YP,YU,D
10:06:37,PTBA,RG,2570,2,D,XC,SQ,D
10:06:35,PTBA,RG,2570,1,D,XC,SQ,D
10:06:35,PTBA,RG,2570,6,D,NI,SQ,D
10:06:35,PTBA,RG,2570,60,F,ZP,SQ,D
10:06:34,PTBA,RG,2580,3,D,PD,CS,F
10:06:33,PTBA,RG,2570,44,F,ZP,YP,D
10:06:33,PTBA,RG,2570,110,F,ZP,YP,D
10:06:33,PTBA,RG,2570,146,D,KK,YP,D
10:06:25,PTBA,RG,2570,11,D,KK,YP,D
10:06:18,PTBA,RG,2570,1,D,KK,CS,F
10:06:18,PTBA,RG,2570,2,D,KK,CS,F
10:06:18,PTBA,RG,2570,2,D,KK,CS,F
10:06:18,PTBA,RG,2570,60,D,KK,PD,D
10:06:18,PTBA,RG,2570,6,D,KK,PD,D
10:06:18,PTBA,RG,2570,1,D,KK,NI,D
10:06:18,PTBA,RG,2570,141,D,KK,BK,F
10:06:18,PTBA,RG,2570,5,D,KK,AK,F
10:06:18,PTBA,RG,2570,2,D,KK,AK,F
10:06:18,PTBA,RG,2570,39,D,KK,BK,F
10:06:18,PTBA,RG,2570,1,D,KK,BK,F
10:06:18,PTBA,RG,2570,5,D,KK,CS,F
10:06:18,PTBA,RG,2570,10,D,KK,CS,D
10:06:18,PTBA,RG,2570,63,D,KK,AK,F
10:06:18,PTBA,RG,2570,3,D,KK,CS,F
10:06:18,PTBA,RG,2570,2,D,KK,ZP,F
10:06:14,PTBA,RG,2570,30,D,DR,ZP,F
10:06:02,PTBA,RG,2560,1,D,YP,YP,D
10:06:02,PTBA,RG,2560,2,D,NI,YP,D
10:05:38,PTBA,RG,2560,8,D,NI,YP,D
10:05:23,PTBA,RG,2560,90,D,NI,CC,D
10:05:23,PTBA,RG,2560,1,D,PD,CC,D
10:05:23,PTBA,RG,2560,5,D,PD,CC,D
10:05:23,PTBA,RG,2560,1,D,PD,CC,D
10:05:23,PTBA,RG,2560,2,D,CC,CC,D
10:05:23,PTBA,RG,2560,30,D,YP,CC,D
10:05:23,PTBA,RG,2560,5,D,AT,CC,D
10:05:23,PTBA,RG,2560,2,D,KK,CC,D
10:05:23,PTBA,RG,2560,1000,D,PG,CC,D
10:05:23,PTBA,RG,2560,5,D,NI,CC,D
10:05:23,PTBA,RG,2560,2,D,YP,CC,D
10:05:23,PTBA,RG,2560,1,F,AK,CC,D
10:05:23,PTBA,RG,2560,9,D,PD,CC,D
10:05:23,PTBA,RG,2560,1,D,XC,CC,D
10:05:23,PTBA,RG,2560,10,D,CC,CC,D
10:05:23,PTBA,RG,2560,5,D,YP,CC,D
10:05:23,PTBA,RG,2560,1,D,XC,CC,D
10:05:23,PTBA,RG,2560,3,D,YP,CC,D
10:05:23,PTBA,RG,2560,3,D,NI,CC,D
10:05:23,PTBA,RG,2560,1,D,XC,CC,D
10:05:23,PTBA,RG,2560,25,D,NI,CC,D
10:05:23,PTBA,RG,2560,2,D,CC,CC,D
10:05:23,PTBA,RG,2560,1,D,XC,CC,D
10:05:23,PTBA,RG,2560,5,D,YP,CC,D
10:05:23,PTBA,RG,2560,10,D,DR,CC,D
10:05:23,PTBA,RG,2560,10,D,PD,CC,D
10:05:23,PTBA,RG,2560,101,D,KK,CC,D
10:05:23,PTBA,RG,2560,2,D,NI,CC,D
10:05:23,PTBA,RG,2560,8,D,XC,CC,D
10:05:23,PTBA,RG,2560,207,F,AK,CC,D
10:05:23,PTBA,RG,2560,1,D,KK,CC,D
10:05:23,PTBA,RG,2560,28,D,GR,CC,D
10:05:23,PTBA,RG,2560,2,D,NI,CC,D
10:05:23,PTBA,RG,2560,1,D,DR,CC,D
10:05:23,PTBA,RG,2560,5,D,XC,CC,D
10:05:23,PTBA,RG,2560,10,D,AZ,CC,D
10:05:23,PTBA,RG,2560,1,D,PD,CC,D
10:05:23,PTBA,RG,2560,2,D,XA,CC,D
10:05:23,PTBA,RG,2560,1,D,XA,CC,D
10:05:23,PTBA,RG,2560,5,D,NI,CC,D
10:05:23,PTBA,RG,2560,2,D,PD,CC,D
10:05:23,PTBA,RG,2560,1,D,CC,CC,D
10:05:23,PTBA,RG,2560,15,D,YP,CC,D
10:05:23,PTBA,RG,2560,105,D,NI,CC,D
10:05:23,PTBA,RG,2560,1,D,CC,CC,D
10:05:23,PTBA,RG,2560,10,D,LS,CC,D
10:05:23,PTBA,RG,2560,1,D,PD,CC,D
10:05:23,PTBA,RG,2560,5,D,PD,CC,D
10:05:23,PTBA,RG,2560,1,D,XC,CC,D
10:05:23,PTBA,RG,2560,3,D,NI,CC,D
10:05:23,PTBA,RG,2560,1,D,BQ,CC,D
10:05:23,PTBA,RG,2560,1,D,YP,CC,D
10:05:23,PTBA,RG,2560,1,D,PD,CC,D
10:05:23,PTBA,RG,2560,80,D,PD,CC,D
10:05:23,PTBA,RG,2560,1,D,PD,CC,D
10:05:23,PTBA,RG,2560,1,D,PD,CC,D
10:05:23,PTBA,RG,2560,5,D,DR,CC,D
10:05:23,PTBA,RG,2560,5,D,NI,CC,D
10:05:23,PTBA,RG,2560,25,D,SQ,CC,D
10:05:23,PTBA,RG,2560,5,D,CC,CC,D
10:05:23,PTBA,RG,2560,2,D,AZ,CC,D
10:05:23,PTBA,RG,2560,15,D,DH,CC,D
10:05:23,PTBA,RG,2560,3,D,PD,CC,D
10:05:23,PTBA,RG,2560,3,D,PD,CC,D
10:05:23,PTBA,RG,2560,40,D,SQ,CC,D
10:05:23,PTBA,RG,2560,5,D,PD,CC,D
10:05:23,PTBA,RG,2560,30,D,KK,CC,D
10:05:23,PTBA,RG,2560,8,D,NI,CC,D
10:05:23,PTBA,RG,2560,1,D,YP,CC,D
10:05:23,PTBA,RG,2560,3,D,XC,CC,D
10:05:23,PTBA,RG,2560,100,D,GR,CC,D
10:05:23,PTBA,RG,2560,3,D,YP,CC,D
10:05:23,PTBA,RG,2560,10,D,PD,CC,D
10:05:23,PTBA,RG,2560,5,D,DX,CC,D
10:05:23,PTBA,RG,2560,10,D,NI,CC,D
10:05:23,PTBA,RG,2560,10,D,XL,CC,D
10:05:23,PTBA,RG,2560,1,D,NI,CC,D
10:05:23,PTBA,RG,2560,200,D,AZ,CC,D
10:05:23,PTBA,RG,2560,2,D,YP,CC,D
10:05:23,PTBA,RG,2560,1,D,PD,CC,D
10:05:23,PTBA,RG,2560,1,D,PD,CC,D
10:05:23,PTBA,RG,2560,1,D,NI,CC,D
10:05:23,PTBA,RG,2560,10,D,GR,CC,D
10:05:23,PTBA,RG,2560,1,D,CC,CC,D
10:05:23,PTBA,RG,2560,10,D,PD,CC,D
10:05:23,PTBA,RG,2560,50,D,CC,CC,D
10:05:23,PTBA,RG,2560,1,D,CC,CC,D
10:05:23,PTBA,RG,2560,2,D,DH,CC,D
10:05:23,PTBA,RG,2560,5,D,YP,CC,D
10:05:23,PTBA,RG,2560,2,D,PD,CC,D
10:05:23,PTBA,RG,2560,5,D,YP,CC,D
10:05:23,PTBA,RG,2560,5,D,EP,CC,D
10:05:23,PTBA,RG,2560,2,D,DX,CC,D
10:05:23,PTBA,RG,2560,45,D,CC,CC,D
10:05:23,PTBA,RG,2560,10,D,YP,CC,D
10:05:23,PTBA,RG,2560,1,D,PD,CC,D
10:05:23,PTBA,RG,2560,1,D,YP,CC,D
10:05:23,PTBA,RG,2560,2,D,PD,CC,D
10:05:23,PTBA,RG,2560,5,D,CC,CC,D
10:05:23,PTBA,RG,2560,2,D,YP,CC,D
10:05:23,PTBA,RG,2560,1,D,NI,CC,D
10:05:23,PTBA,RG,2560,1,D,XC,CC,D
10:05:23,PTBA,RG,2560,5,D,AG,CC,D
10:05:23,PTBA,RG,2560,2,D,XC,CC,D
10:05:23,PTBA,RG,2560,5,D,YP,CC,D
10:05:23,PTBA,RG,2560,1,D,YP,CC,D
10:05:23,PTBA,RG,2560,11,D,YB,CC,D
10:05:23,PTBA,RG,2560,1,D,GR,CC,D
10:05:23,PTBA,RG,2560,5,D,DH,CC,D
10:05:23,PTBA,RG,2560,300,D,YP,CC,D
10:05:23,PTBA,RG,2560,100,D,YP,CC,D
10:05:23,PTBA,RG,2560,30,D,YP,CC,D
10:05:23,PTBA,RG,2560,1,D,PD,CC,D
10:05:23,PTBA,RG,2560,1,D,YP,CC,D
10:05:23,PTBA,RG,2560,1,D,XC,CC,D
10:05:23,PTBA,RG,2560,25,D,NI,CC,D
10:05:23,PTBA,RG,2560,200,D,LG,CC,D
10:05:23,PTBA,RG,2560,25,D,YP,CC,D
10:05:23,PTBA,RG,2560,20,D,LS,CC,D
10:05:23,PTBA,RG,2560,100,D,SQ,CC,D
10:05:23,PTBA,RG,2560,1,D,YP,CC,D
10:05:23,PTBA,RG,2560,10,D,YP,CC,D
10:05:23,PTBA,RG,2560,806,D,CC,CC,D
10:05:10,PTBA,RG,2560,194,D,CC,AK,F
10:05:10,PTBA,RG,2560,16,D,PD,AK,F
10:05:09,PTBA,RG,2570,1,D,PD,CC,D
10:05:09,PTBA,RG,2570,2,D,NI,CC,D
10:05:09,PTBA,RG,2570,20,D,XC,CC,D
10:05:09,PTBA,RG,2570,40,D,KK,CC,D
10:05:09,PTBA,RG,2570,4,D,AT,CC,D
10:05:09,PTBA,RG,2570,25,D,YP,CC,D
10:05:09,PTBA,RG,2570,1,D,KK,CC,D
10:05:09,PTBA,RG,2570,1,D,XC,CC,D
10:05:09,PTBA,RG,2570,2,D,XC,CC,D
10:05:09,PTBA,RG,2570,30,D,PD,CC,D
10:05:09,PTBA,RG,2570,1,D,PD,CC,D
10:05:09,PTBA,RG,2570,2,D,XC,CC,D
10:05:09,PTBA,RG,2570,108,F,ZP,CC,D
10:05:09,PTBA,RG,2570,10,D,OD,CC,D
10:05:09,PTBA,RG,2570,1,D,PD,CC,D
10:05:09,PTBA,RG,2570,2,D,PD,CC,D
10:05:09,PTBA,RG,2570,25,D,CC,CC,D
10:05:09,PTBA,RG,2570,3,D,YP,CC,D
10:05:09,PTBA,RG,2570,2,D,YP,CC,D
10:05:09,PTBA,RG,2570,500,D,SQ,CC,D
10:05:09,PTBA,RG,2570,10,D,YP,CC,D
10:05:09,PTBA,RG,2570,148,D,DR,CC,D
10:04:44,PTBA,RG,2580,4,D,CC,CS,F
10:04:37,PTBA,RG,2570,15,D,DR,KK,D
10:04:34,PTBA,RG,2570,1,D,DR,XC,D
10:04:28,PTBA,RG,2580,1,D,XC,CS,F
10:03:41,PTBA,RG,2580,2,D,PD,CS,F
10:03:25,PTBA,RG,2570,3,D,DR,NI,D
10:03:05,PTBA,RG,2580,30,D,OD,CS,F
10:02:49,PTBA,RG,2570,1,D,DR,NI,D
10:02:39,PTBA,RG,2570,32,D,DR,SQ,D
10:02:39,PTBA,RG,2570,1,D,PD,SQ,D
10:02:39,PTBA,RG,2570,2,D,EP,SQ,D
10:02:39,PTBA,RG,2570,65,F,ZP,SQ,D
10:02:37,PTBA,RG,2570,18,F,ZP,PD,D
10:02:37,PTBA,RG,2570,34,F,ZP,PD,D
10:02:25,PTBA,RG,2580,14,D,XL,CS,F
10:02:03,PTBA,RG,2570,20,F,ZP,PD,D
10:01:57,PTBA,RG,2580,82,F,ZP,CS,F
10:01:27,PTBA,RG,2580,83,F,ZP,CS,F
10:01:13,PTBA,RG,2580,81,F,ZP,CS,F
10:01:11,PTBA,RG,2580,81,F,ZP,CS,F
10:01:04,PTBA,RG,2580,2,F,ZP,CS,F
10:01:04,PTBA,RG,2580,25,F,ZP,BK,F
10:01:04,PTBA,RG,2580,50,F,ZP,CC,D
10:01:04,PTBA,RG,2580,1,F,ZP,ZP,F
10:01:04,PTBA,RG,2580,2,F,ZP,AK,F
10:01:04,PTBA,RG,2570,25,F,ZP,CC,D
10:01:00,PTBA,RG,2570,5,F,ZP,CS,F
10:01:00,PTBA,RG,2570,20,F,ZP,YP,D
10:00:56,PTBA,RG,2570,25,D,PD,YP,D
10:00:56,PTBA,RG,2570,15,D,PD,CS,D
10:00:56,PTBA,RG,2570,5,D,PD,CS,F
10:00:56,PTBA,RG,2570,4,D,PD,CS,F
10:00:56,PTBA,RG,2570,1,D,PD,BK,F
10:00:55,PTBA,RG,2570,3,D,YP,BK,F
10:00:54,PTBA,RG,2570,2,D,NI,BK,F
10:00:52,PTBA,RG,2570,11,D,PD,BK,F
10:00:50,PTBA,RG,2570,5,D,CC,BK,F
10:00:49,PTBA,RG,2570,5,D,YP,BK,F
10:00:46,PTBA,RG,2570,10,F,AK,CS,D
10:00:46,PTBA,RG,2570,1,F,AK,CS,F
10:00:46,PTBA,RG,2570,3,F,AK,CS,F
10:00:46,PTBA,RG,2570,30,F,AK,PD,D
10:00:46,PTBA,RG,2570,13,F,AK,ZP,F
10:00:46,PTBA,RG,2570,50,F,AK,AZ,D
10:00:46,PTBA,RG,2570,20,F,AK,CC,D
10:00:46,PTBA,RG,2570,2,F,AK,XC,D
10:00:45,PTBA,RG,2570,39,F,AK,XC,D
10:00:45,PTBA,RG,2570,10,F,AK,CS,D
10:00:45,PTBA,RG,2570,2,F,AK,CS,F
10:00:45,PTBA,RG,2570,10,F,AK,XC,D
10:00:45,PTBA,RG,2570,5,F,AK,ZP,F
10:00:45,PTBA,RG,2570,79,F,AK,LG,D
10:00:41,PTBA,RG,2570,100,D,CC,LG,D
10:00:40,PTBA,RG,2570,121,F,ZP,LG,D
10:00:40,PTBA,RG,2570,2,F,ZP,CS,F
10:00:40,PTBA,RG,2570,46,F,ZP,BK,F
10:00:40,PTBA,RG,2570,18,F,ZP,CS,D
10:00:40,PTBA,RG,2570,12,F,ZP,LG,D
10:00:32,PTBA,RG,2570,4,D,KK,LG,D
10:00:26,PTBA,RG,2570,2,D,PD,LG,D
10:00:19,PTBA,RG,2570,100,D,CC,LG,D
10:00:16,PTBA,RG,2570,10,D,YP,LG,D
10:00:00,PTBA,RG,2570,1,D,YB,LG,D
9:59:56,PTBA,RG,2570,85,F,ZP,LG,D
9:59:41,PTBA,RG,2570,3,D,PD,LG,D
9:59:38,PTBA,RG,2570,2,D,CC,LG,D
9:59:32,PTBA,RG,2570,1,D,PD,LG,D
9:59:32,PTBA,RG,2570,20,D,KK,LG,D
9:59:08,PTBA,RG,2560,4,D,PD,DR,D
9:59:08,PTBA,RG,2560,1,D,PD,DR,D
9:59:06,PTBA,RG,2570,1,D,AZ,LG,D
9:58:52,PTBA,RG,2560,4,D,PD,PD,D
9:58:52,PTBA,RG,2560,6,D,PD,PD,D
9:58:40,PTBA,RG,2570,2,D,XC,LG,D
9:58:30,PTBA,RG,2560,1,D,PD,PD,D
9:58:28,PTBA,RG,2570,3,D,PD,LG,D
9:58:18,PTBA,RG,2570,1,D,XC,LG,D
9:58:12,PTBA,RG,2560,15,D,PD,XC,D
9:58:12,PTBA,RG,2570,2,D,DH,LG,D
9:58:11,PTBA,RG,2560,28,D,PD,YP,D
9:58:11,PTBA,RG,2560,1,D,PD,YP,D
9:58:11,PTBA,RG,2560,1,D,PD,YP,D
9:58:11,PTBA,RG,2560,1,D,KK,YP,D
9:58:11,PTBA,RG,2560,1,D,YB,YP,D
9:58:11,PTBA,RG,2560,1,D,PD,YP,D
9:58:11,PTBA,RG,2560,10,D,DR,YP,D
9:58:11,PTBA,RG,2560,4,D,AZ,YP,D
9:58:11,PTBA,RG,2560,8,D,YJ,YP,D
9:58:11,PTBA,RG,2560,45,D,TP,YP,D
9:58:10,PTBA,RG,2560,5,D,TP,XC,D
9:58:08,PTBA,RG,2570,1,D,NI,LG,D
9:57:59,PTBA,RG,2570,20,D,NI,LG,D
9:57:56,PTBA,RG,2570,1,D,EP,LG,D
9:57:55,PTBA,RG,2570,9,D,XC,LG,D
9:57:54,PTBA,RG,2570,20,D,DH,LG,D
9:57:54,PTBA,RG,2570,30,D,DH,LG,D
9:57:48,PTBA,RG,2570,270,D,PD,LG,D
9:57:38,PTBA,RG,2570,290,D,PD,BK,F
9:57:38,PTBA,RG,2570,22,D,PD,ZP,F
9:57:38,PTBA,RG,2570,2,D,PD,PD,D
9:57:38,PTBA,RG,2570,2,D,PD,AK,F
9:57:38,PTBA,RG,2570,2,D,PD,CS,F
9:57:37,PTBA,RG,2570,9,D,PD,CS,D
9:57:37,PTBA,RG,2570,1,D,PD,CS,F
9:57:37,PTBA,RG,2570,46,D,PD,CS,D
9:57:37,PTBA,RG,2570,2,D,PD,AK,F
9:57:37,PTBA,RG,2570,217,D,PD,AK,F
9:57:37,PTBA,RG,2570,170,D,PD,YP,D
9:57:37,PTBA,RG,2570,156,D,PD,BK,F
9:57:37,PTBA,RG,2570,2,D,PD,CS,F
9:57:37,PTBA,RG,2570,290,D,PD,BK,F
9:57:37,PTBA,RG,2570,30,D,PD,CS,D
9:57:37,PTBA,RG,2570,40,D,PD,CS,D
9:57:37,PTBA,RG,2570,4,D,PD,CS,F
9:57:37,PTBA,RG,2570,445,D,PD,CS,F
9:57:19,PTBA,RG,2570,2,D,CC,CS,F
9:57:19,PTBA,RG,2570,5,D,OD,CS,F
9:57:18,PTBA,RG,2570,14,D,PD,AK,F
9:57:18,PTBA,RG,2570,6,D,PD,ZP,F
9:57:18,PTBA,RG,2570,1,D,PD,ZP,F
9:57:18,PTBA,RG,2570,1,D,CC,ZP,F
9:57:18,PTBA,RG,2570,1,D,XC,ZP,F
9:57:18,PTBA,RG,2570,1,D,NI,ZP,F
9:57:18,PTBA,RG,2580,3,D,NI,AK,F
9:57:17,PTBA,RG,2570,50,D,CC,CC,D
9:57:17,PTBA,RG,2570,10,D,PD,CC,D
9:57:17,PTBA,RG,2570,4,D,PD,CC,D
9:57:17,PTBA,RG,2570,3,D,KK,CC,D
9:57:17,PTBA,RG,2570,5,D,AG,CC,D
9:57:17,PTBA,RG,2570,50,D,YP,CC,D
9:57:17,PTBA,RG,2570,20,D,OD,CC,D
9:57:17,PTBA,RG,2570,100,D,YP,CC,D
9:57:17,PTBA,RG,2570,27,D,NI,CC,D
9:57:17,PTBA,RG,2570,1,D,NI,CC,D
9:57:17,PTBA,RG,2570,10,D,CC,CC,D
9:57:17,PTBA,RG,2570,2,D,RO,CC,D
9:57:17,PTBA,RG,2570,8,D,XC,CC,D
9:57:17,PTBA,RG,2570,2,F,AK,CC,D
9:57:17,PTBA,RG,2570,10,D,PD,CC,D
9:57:17,PTBA,RG,2570,9,D,PD,CC,D
9:57:17,PTBA,RG,2570,80,D,NI,CC,D
9:57:17,PTBA,RG,2570,5,D,PD,CC,D
9:57:17,PTBA,RG,2570,10,D,CC,CC,D
9:57:17,PTBA,RG,2570,10,D,NI,CC,D
9:57:17,PTBA,RG,2570,1,D,CC,CC,D
9:57:17,PTBA,RG,2570,2,D,XC,CC,D
9:57:17,PTBA,RG,2570,3,D,SQ,CC,D
9:57:17,PTBA,RG,2570,10,D,YP,CC,D
9:57:17,PTBA,RG,2570,10,D,YP,CC,D
9:57:17,PTBA,RG,2570,158,F,ZP,CC,D
9:57:17,PTBA,RG,2570,1,D,XC,CC,D
9:57:17,PTBA,RG,2570,20,D,KK,CC,D
9:57:17,PTBA,RG,2570,1,D,CC,CC,D
9:57:17,PTBA,RG,2570,1,D,KK,CC,D
9:57:17,PTBA,RG,2570,10,D,CC,CC,D
9:57:17,PTBA,RG,2570,156,F,ZP,CC,D
9:57:17,PTBA,RG,2570,1,D,NI,CC,D
9:57:17,PTBA,RG,2570,5,D,SQ,CC,D
9:57:17,PTBA,RG,2570,2,D,CC,CC,D
9:57:17,PTBA,RG,2570,20,D,PD,CC,D
9:57:17,PTBA,RG,2570,20,D,YP,CC,D
9:57:17,PTBA,RG,2570,2,D,XC,CC,D
9:57:17,PTBA,RG,2570,10,D,XC,CC,D
9:57:17,PTBA,RG,2570,6,D,XL,CC,D
9:57:17,PTBA,RG,2570,1,D,PD,CC,D
9:57:17,PTBA,RG,2570,1,D,AT,CC,D
9:57:17,PTBA,RG,2570,10,D,XC,CC,D
9:57:17,PTBA,RG,2570,1,D,XC,CC,D
9:57:17,PTBA,RG,2570,1,D,NI,CC,D
9:57:17,PTBA,RG,2570,1,D,PD,CC,D
9:57:17,PTBA,RG,2570,14,D,CC,CC,D
9:57:17,PTBA,RG,2570,10,D,PD,CC,D
9:57:17,PTBA,RG,2570,5,D,NI,CC,D
9:57:17,PTBA,RG,2570,1,D,SQ,CC,D
9:57:17,PTBA,RG,2570,5,D,XC,CC,D
9:57:17,PTBA,RG,2570,5,D,EP,CC,D
9:57:17,PTBA,RG,2570,2,D,YP,CC,D
9:57:17,PTBA,RG,2570,5,D,YP,CC,D
9:57:17,PTBA,RG,2570,2,D,YP,CC,D
9:57:17,PTBA,RG,2570,4,D,YP,CC,D
9:57:17,PTBA,RG,2570,20,D,PD,CC,D
9:57:17,PTBA,RG,2570,2,D,KK,CC,D
9:57:17,PTBA,RG,2570,1,D,YP,CC,D
9:57:17,PTBA,RG,2570,2,D,NI,CC,D
9:57:17,PTBA,RG,2570,1,D,PD,CC,D
9:57:17,PTBA,RG,2570,198,D,XA,CC,D
9:57:17,PTBA,RG,2570,3,D,YP,CC,D
9:57:17,PTBA,RG,2570,1,D,NI,CC,D
9:57:17,PTBA,RG,2570,1,D,PD,CC,D
9:57:17,PTBA,RG,2570,1,D,CC,CC,D
9:57:17,PTBA,RG,2570,97,D,DR,CC,D
9:57:17,PTBA,RG,2570,10,D,LG,CC,D
9:57:17,PTBA,RG,2570,8,D,DR,CC,D
9:57:17,PTBA,RG,2570,1,D,KK,CC,D
9:57:17,PTBA,RG,2570,1,D,YP,CC,D
9:57:17,PTBA,RG,2570,1,D,KK,CC,D
9:57:17,PTBA,RG,2570,7,D,XC,CC,D
9:57:17,PTBA,RG,2570,41,D,AZ,CC,D
9:57:17,PTBA,RG,2570,1,D,PD,CC,D
9:57:17,PTBA,RG,2570,1,D,YB,CC,D
9:57:17,PTBA,RG,2570,1,D,YB,CC,D
9:57:17,PTBA,RG,2570,1,D,YB,CC,D
9:57:17,PTBA,RG,2570,1,D,YB,CC,D
9:57:17,PTBA,RG,2570,10,D,CC,CC,D
9:57:17,PTBA,RG,2570,150,D,DR,CC,D
9:57:17,PTBA,RG,2570,2,D,KK,CC,D
9:57:17,PTBA,RG,2570,15,D,PD,CC,D
9:57:17,PTBA,RG,2570,10,D,DR,CC,D
9:57:17,PTBA,RG,2570,2,D,NI,CC,D
9:57:17,PTBA,RG,2570,1,D,NI,CC,D
9:57:17,PTBA,RG,2570,1,D,PD,CC,D
9:57:17,PTBA,RG,2570,2,D,XC,CC,D
9:57:17,PTBA,RG,2570,4,D,SQ,CC,D
9:57:17,PTBA,RG,2570,10,D,XC,CC,D
9:57:17,PTBA,RG,2570,5,D,PD,CC,D
9:57:17,PTBA,RG,2570,2,D,YP,CC,D
9:57:17,PTBA,RG,2570,25,D,CC,CC,D
9:57:17,PTBA,RG,2570,5,D,ZP,CC,D
9:57:17,PTBA,RG,2570,1,D,NI,CC,D
9:57:17,PTBA,RG,2570,1,D,KK,CC,D
9:57:17,PTBA,RG,2570,10,D,AZ,CC,D
9:57:17,PTBA,RG,2570,2,D,DX,CC,D
9:57:17,PTBA,RG,2570,4,D,XC,CC,D
9:57:17,PTBA,RG,2570,2,D,PD,CC,D
9:57:17,PTBA,RG,2570,3,D,PD,CC,D
9:57:17,PTBA,RG,2570,2,D,XC,CC,D
9:57:17,PTBA,RG,2570,5,D,CC,CC,D
9:57:17,PTBA,RG,2570,2,D,LS,CC,D
9:56:56,PTBA,RG,2580,2,D,CC,AK,F
9:56:56,PTBA,RG,2580,6,D,CC,BK,F
9:56:48,PTBA,RG,2580,1,D,PD,BK,F
9:56:42,PTBA,RG,2580,44,F,ZP,BK,F
9:56:42,PTBA,RG,2580,2,F,ZP,CS,F
9:56:42,PTBA,RG,2580,15,F,ZP,BK,F
9:56:41,PTBA,RG,2570,8,D,LS,NI,D
9:56:41,PTBA,RG,2570,2,D,PD,NI,D
9:56:41,PTBA,RG,2570,2,D,PD,NI,D
9:56:41,PTBA,RG,2570,15,D,XC,NI,D
9:56:41,PTBA,RG,2570,10,D,YP,NI,D
9:56:41,PTBA,RG,2570,2,D,XC,NI,D
9:56:41,PTBA,RG,2570,30,D,YP,NI,D
9:56:41,PTBA,RG,2570,3,D,AZ,NI,D
9:56:41,PTBA,RG,2570,1,D,PC,NI,D
9:56:41,PTBA,RG,2570,4,D,CC,NI,D
9:56:41,PTBA,RG,2570,98,D,CC,NI,D
9:56:34,PTBA,RG,2570,1,D,CC,KK,D
9:56:29,PTBA,RG,2580,3,D,KK,BK,F
9:56:26,PTBA,RG,2570,3,D,CC,PD,D
9:56:13,PTBA,RG,2580,60,F,ZP,BK,F
9:55:42,PTBA,RG,2580,59,F,ZP,BK,F
9:55:24,PTBA,RG,2570,5,D,CC,YP,D
9:55:12,PTBA,RG,2570,10,D,CC,AI,F
9:55:12,PTBA,RG,2570,112,F,AK,AI,F
9:55:12,PTBA,RG,2570,20,D,EP,AI,F
9:55:12,PTBA,RG,2570,5,D,DX,AI,F
9:55:12,PTBA,RG,2570,40,D,DH,AI,F
9:55:12,PTBA,RG,2570,5,D,YP,AI,F
9:55:12,PTBA,RG,2570,1,D,PD,AI,F
9:55:12,PTBA,RG,2570,457,D,CD,AI,F
9:55:10,PTBA,RG,2580,55,F,ZP,AI,F
9:55:10,PTBA,RG,2580,2,D,XL,AI,F
9:54:43,PTBA,RG,2570,20,D,CD,PD,D
9:54:41,PTBA,RG,2580,56,F,ZP,AI,F
9:54:28,PTBA,RG,2570,5,D,CD,PD,D
9:54:24,PTBA,RG,2570,518,D,CD,NI,D
9:54:24,PTBA,RG,2570,4,D,YP,NI,D
9:54:24,PTBA,RG,2570,5,D,AZ,NI,D
9:54:24,PTBA,RG,2570,1,D,XL,NI,D
9:54:24,PTBA,RG,2570,1,F,AK,NI,D
9:54:24,PTBA,RG,2570,1,D,PD,NI,D
9:54:24,PTBA,RG,2570,2,D,CC,NI,D
9:54:24,PTBA,RG,2570,1,D,CC,NI,D
9:54:24,PTBA,RG,2570,1,D,BQ,NI,D
9:54:24,PTBA,RG,2570,5,D,YP,NI,D
9:54:24,PTBA,RG,2570,23,D,PD,NI,D
9:54:24,PTBA,RG,2570,10,D,GR,NI,D
9:54:24,PTBA,RG,2570,50,D,YP,NI,D
9:54:24,PTBA,RG,2570,4,D,PD,NI,D
9:54:24,PTBA,RG,2570,40,D,YP,NI,D
9:54:24,PTBA,RG,2570,11,D,CC,NI,D
9:54:24,PTBA,RG,2570,1,D,NI,NI,D
9:54:24,PTBA,RG,2570,2,D,DX,NI,D
9:54:24,PTBA,RG,2570,972,D,YP,NI,D
9:54:24,PTBA,RG,2570,25,D,ZP,NI,D
9:54:24,PTBA,RG,2570,1,D,PD,NI,D
9:54:24,PTBA,RG,2570,10,D,PD,NI,D
9:54:24,PTBA,RG,2570,1,D,XC,NI,D
9:54:24,PTBA,RG,2570,2,D,PD,NI,D
9:54:24,PTBA,RG,2570,5,D,NI,NI,D
9:54:24,PTBA,RG,2570,5,D,XC,NI,D
9:54:24,PTBA,RG,2570,5,D,YP,NI,D
9:54:24,PTBA,RG,2570,1,D,XC,NI,D
9:54:24,PTBA,RG,2570,50,D,YP,NI,D
9:54:24,PTBA,RG,2570,1,D,KK,NI,D
9:54:24,PTBA,RG,2570,1,D,NI,NI,D
9:54:24,PTBA,RG,2570,5,D,IP,NI,D
9:54:24,PTBA,RG,2570,5,D,YP,NI,D
9:54:24,PTBA,RG,2570,1,D,DR,NI,D
9:54:24,PTBA,RG,2570,1,D,XC,NI,D
9:54:24,PTBA,RG,2570,79,D,CD,NI,D
9:54:21,PTBA,RG,2580,1,D,PD,AI,F
9:53:57,PTBA,RG,2570,7,D,CD,XC,D
9:53:35,PTBA,RG,2570,20,D,CD,EP,D
9:53:34,PTBA,RG,2580,1,D,XC,AI,F
9:53:28,PTBA,RG,2570,50,D,CD,EP,D
9:53:22,PTBA,RG,2580,80,D,CC,AI,F
9:53:14,PTBA,RG,2580,3,D,SQ,AI,F
9:53:06,PTBA,RG,2580,7,D,YP,AI,F
9:53:01,PTBA,RG,2580,5,D,PD,AI,F
9:53:00,PTBA,RG,2580,87,F,ZP,AI,F
9:52:54,PTBA,RG,2580,39,D,PD,AI,F
9:52:21,PTBA,RG,2580,1,D,NI,AI,F
9:51:45,PTBA,RG,2580,5,D,PD,AI,F
9:51:43,PTBA,RG,2580,2,F,AK,AI,F
9:51:41,PTBA,RG,2580,3,D,PD,AI,F
9:51:22,PTBA,RG,2580,3,D,XC,AI,F
9:51:11,PTBA,RG,2580,1,D,CC,BK,F
9:51:11,PTBA,RG,2580,137,D,CC,BK,F
9:51:10,PTBA,RG,2580,1,D,CC,CS,F
9:51:10,PTBA,RG,2580,4,D,CC,CS,F
9:51:10,PTBA,RG,2580,3,D,CC,CS,F
9:51:10,PTBA,RG,2580,1,D,CC,PD,D
9:51:10,PTBA,RG,2580,137,D,CC,BK,F
9:51:10,PTBA,RG,2580,60,D,CC,PD,D
9:51:10,PTBA,RG,2580,86,D,CC,BK,F
9:51:10,PTBA,RG,2580,1,D,CC,CS,F
9:51:10,PTBA,RG,2580,9,D,CC,CS,D
9:51:10,PTBA,RG,2580,2,D,CC,CS,F
9:51:10,PTBA,RG,2580,2,D,CC,CS,F
9:51:10,PTBA,RG,2580,40,D,CC,CS,D
9:51:10,PTBA,RG,2580,4,D,CC,CS,F
9:51:10,PTBA,RG,2580,112,D,CC,LG,D
9:51:00,PTBA,RG,2580,3,D,XC,LG,D
9:50:50,PTBA,RG,2580,1,D,AT,LG,D
9:50:50,PTBA,RG,2580,10,D,EP,LG,D
9:50:50,PTBA,RG,2580,2,D,DR,LG,D
9:50:50,PTBA,RG,2580,1,D,XC,LG,D
9:50:50,PTBA,RG,2580,100,D,YP,LG,D
9:50:50,PTBA,RG,2580,50,D,LG,LG,D
9:50:50,PTBA,RG,2580,10,D,SQ,LG,D
9:50:50,PTBA,RG,2580,1,D,XC,LG,D
9:50:50,PTBA,RG,2580,1,D,YP,LG,D
9:50:50,PTBA,RG,2580,9,D,YP,LG,D
9:50:47,PTBA,RG,2580,11,D,YP,AK,F
9:50:47,PTBA,RG,2580,1,D,PD,AK,F
9:50:47,PTBA,RG,2580,253,D,CC,AK,F
9:50:47,PTBA,RG,2580,23,D,CC,ZP,F
9:50:46,PTBA,RG,2580,250,D,CC,BK,F
9:50:45,PTBA,RG,2580,250,D,CC,BK,F
9:50:44,PTBA,RG,2580,224,D,CC,BK,F
9:50:44,PTBA,RG,2580,8,D,NI,BK,F
9:50:44,PTBA,RG,2580,3,D,YP,BK,F
9:50:44,PTBA,RG,2580,1,D,NI,BK,F
9:50:44,PTBA,RG,2580,10,D,NI,BK,F
9:50:44,PTBA,RG,2580,1,D,NI,BK,F
9:50:44,PTBA,RG,2580,3,D,XC,BK,F
9:50:43,PTBA,RG,2580,2,D,XC,BK,F
9:50:43,PTBA,RG,2580,1,D,KK,BK,F
9:50:43,PTBA,RG,2580,25,D,OD,BK,F
9:50:43,PTBA,RG,2580,23,D,XC,BK,F
9:50:43,PTBA,RG,2580,1,D,KK,BK,F
9:50:43,PTBA,RG,2580,20,D,PD,BK,F
9:50:43,PTBA,RG,2580,5,D,YP,BK,F
9:50:43,PTBA,RG,2580,20,D,PD,BK,F
9:50:43,PTBA,RG,2580,5,D,YU,BK,F
9:50:43,PTBA,RG,2580,4,D,XC,BK,F
9:50:43,PTBA,RG,2580,1,D,XC,BK,F
9:50:43,PTBA,RG,2580,20,D,AG,BK,F
9:50:43,PTBA,RG,2580,2,D,YP,BK,F
9:50:43,PTBA,RG,2580,7,D,OD,BK,F
9:50:43,PTBA,RG,2580,1,D,PD,BK,F
9:50:43,PTBA,RG,2580,80,D,YP,BK,F
9:50:43,PTBA,RG,2580,1,D,XC,BK,F
9:50:43,PTBA,RG,2580,32,D,XC,BK,F
9:50:42,PTBA,RG,2580,18,D,XC,NI,D
9:50:42,PTBA,RG,2580,30,D,YP,NI,D
9:50:42,PTBA,RG,2580,10,D,YP,NI,D
9:50:42,PTBA,RG,2580,1,D,YP,NI,D
9:50:42,PTBA,RG,2580,10,D,LG,NI,D
9:50:42,PTBA,RG,2580,15,D,YP,NI,D
9:50:42,PTBA,RG,2580,249,F,ZP,NI,D
9:50:42,PTBA,RG,2580,67,F,ZP,NI,D
9:50:17,PTBA,RG,2590,30,F,ZP,YP,D
9:50:17,PTBA,RG,2590,34,F,ZP,YU,D
9:50:17,PTBA,RG,2590,2,F,ZP,HP,D
9:50:17,PTBA,RG,2590,16,F,ZP,CS,D
9:50:05,PTBA,RG,2590,19,D,IF,CS,D
9:50:05,PTBA,RG,2590,34,D,IF,YU,D
9:50:05,PTBA,RG,2590,35,D,IF,BK,F
9:50:05,PTBA,RG,2590,7,D,IF,CC,D
9:50:05,PTBA,RG,2590,16,D,IF,ZP,F
9:50:05,PTBA,RG,2590,9,D,IF,YP,D
9:50:05,PTBA,RG,2590,80,D,IF,BK,F
9:50:02,PTBA,RG,2590,84,F,ZP,BK,F
9:50:02,PTBA,RG,2580,1,F,ZP,PD,D
9:50:00,PTBA,RG,2590,76,F,ZP,BK,F
9:50:00,PTBA,RG,2590,5,F,ZP,CS,F
9:50:00,PTBA,RG,2590,2,F,ZP,AK,F
9:50:00,PTBA,RG,2590,1,F,ZP,ZP,F
9:49:39,PTBA,RG,2590,3,D,XC,ZP,F
9:49:23,PTBA,RG,2590,41,D,SQ,ZP,F
9:49:23,PTBA,RG,2590,3,D,SQ,CS,F
9:49:23,PTBA,RG,2590,49,D,SQ,CS,D
9:49:23,PTBA,RG,2590,64,D,SQ,AK,F
9:49:23,PTBA,RG,2590,8,D,SQ,CS,F
9:49:23,PTBA,RG,2590,1,D,SQ,BK,F
9:49:23,PTBA,RG,2590,2,D,SQ,AK,F
9:49:23,PTBA,RG,2590,13,D,SQ,YP,D
9:49:23,PTBA,RG,2590,50,D,SQ,YU,D
9:49:23,PTBA,RG,2590,20,D,SQ,YU,D
9:49:23,PTBA,RG,2590,50,D,SQ,CC,D
9:49:23,PTBA,RG,2590,14,D,SQ,OD,D
9:49:23,PTBA,RG,2590,17,D,SQ,BK,F
9:49:23,PTBA,RG,2590,168,D,SQ,GR,D
9:49:10,PTBA,RG,2590,250,D,EP,GR,D
9:48:53,PTBA,RG,2580,1,F,ZP,XC,D
9:48:40,PTBA,RG,2580,5,F,ZP,XC,D
9:48:31,PTBA,RG,2580,2,F,ZP,XC,D
9:48:29,PTBA,RG,2580,29,F,ZP,PD,D
9:48:23,PTBA,RG,2580,1,F,ZP,SQ,D
9:47:58,PTBA,RG,2580,106,F,ZP,YP,D
9:47:58,PTBA,RG,2580,80,D,PD,YP,D
9:47:45,PTBA,RG,2590,319,F,AK,GR,D
9:47:21,PTBA,RG,2580,113,D,PD,AZ,D
9:47:05,PTBA,RG,2580,1,D,PD,EP,D
9:46:56,PTBA,RG,2580,7,D,PD,CC,D
9:46:54,PTBA,RG,2580,10,D,PD,XC,D
9:46:35,PTBA,RG,2580,9,D,PD,PD,D
9:46:24,PTBA,RG,2590,2,D,KK,GR,D
9:46:03,PTBA,RG,2590,109,F,ZP,GR,D
9:46:00,PTBA,RG,2590,129,F,ZP,GR,D
9:45:59,PTBA,RG,2590,23,D,PD,GR,D
9:45:59,PTBA,RG,2590,7,D,PD,BK,F
9:45:56,PTBA,RG,2590,30,D,OD,BK,F
9:45:44,PTBA,RG,2590,1,D,XC,BK,F
9:45:36,PTBA,RG,2590,1,D,YP,BK,F
9:45:29,PTBA,RG,2590,3,F,ZP,BK,F
9:45:29,PTBA,RG,2590,3,F,ZP,DH,D
9:45:29,PTBA,RG,2590,1,F,ZP,XC,D
9:45:29,PTBA,RG,2590,15,F,ZP,KK,D
9:45:29,PTBA,RG,2590,110,F,ZP,LG,D
9:45:27,PTBA,RG,2590,5,D,XC,LG,D
9:44:39,PTBA,RG,2590,148,D,SQ,LG,D
9:44:39,PTBA,RG,2590,36,D,SQ,BK,F
9:44:39,PTBA,RG,2590,279,D,SQ,BK,F
9:44:39,PTBA,RG,2590,398,D,SQ,DX,D
9:44:39,PTBA,RG,2590,2,D,SQ,ZP,F
9:44:39,PTBA,RG,2590,137,D,SQ,YP,D
9:44:32,PTBA,RG,2590,10,D,KK,YP,D
9:44:23,PTBA,RG,2590,10,D,PD,YP,D
9:44:19,PTBA,RG,2580,5,D,PD,YP,D
9:44:15,PTBA,RG,2580,1,D,PD,XC,D
9:44:09,PTBA,RG,2580,3,D,PD,PD,D
9:43:23,PTBA,RG,2580,14,D,PD,PD,D
9:43:21,PTBA,RG,2590,5,D,SQ,YP,D
9:42:26,PTBA,RG,2580,2,D,PD,PD,D
9:42:26,PTBA,RG,2580,2,D,PD,EP,D
9:42:18,PTBA,RG,2580,15,D,PD,PD,D
9:42:02,PTBA,RG,2580,1,D,PD,XC,D
9:41:51,PTBA,RG,2580,10,D,PD,CC,D
9:41:47,PTBA,RG,2580,220,D,PD,BK,F
9:41:47,PTBA,RG,2580,220,D,PD,BK,F
9:41:46,PTBA,RG,2580,3,D,PD,AK,F
9:41:46,PTBA,RG,2580,1,D,PD,NI,D
9:41:46,PTBA,RG,2580,3,D,PD,AK,F
9:41:46,PTBA,RG,2580,3,D,PD,PD,D
9:41:46,PTBA,RG,2580,617,D,PD,CC,F
9:41:46,PTBA,RG,2580,33,D,PD,BK,F
9:41:46,PTBA,RG,2580,136,D,PD,BK,F
9:41:46,PTBA,RG,2580,160,D,PD,AK,F
9:41:46,PTBA,RG,2580,1,D,PD,CS,F
9:41:46,PTBA,RG,2580,2,D,PD,CS,F
9:41:46,PTBA,RG,2580,3,D,PD,CS,F
9:41:46,PTBA,RG,2580,42,D,PD,CS,D
9:41:46,PTBA,RG,2580,50,D,PD,PD,D
9:41:46,PTBA,RG,2580,163,D,PD,LG,D
9:41:45,PTBA,RG,2580,1,D,XA,LG,D
9:41:44,PTBA,RG,2580,10,D,XC,LG,D
9:41:38,PTBA,RG,2580,38,D,KK,LG,D
9:41:34,PTBA,RG,2580,10,D,YJ,LG,D
9:41:31,PTBA,RG,2580,3,D,XC,LG,D
9:41:28,PTBA,RG,2580,10,D,XC,LG,D
9:41:17,PTBA,RG,2580,1,D,NI,LG,D
9:41:13,PTBA,RG,2580,1,D,DH,LG,D
9:41:13,PTBA,RG,2580,63,D,LG,LG,D
9:41:13,PTBA,RG,2580,12,D,LG,XC,D
9:41:13,PTBA,RG,2580,5,D,LG,CC,D
9:41:13,PTBA,RG,2580,16,D,LG,ZP,F
9:41:13,PTBA,RG,2580,4,D,LG,YU,D
9:41:02,PTBA,RG,2580,46,D,GR,YU,D
9:41:02,PTBA,RG,2580,20,D,GR,YU,D
9:41:02,PTBA,RG,2580,30,D,GR,YU,D
9:41:01,PTBA,RG,2580,1,D,CC,YU,D
9:40:55,PTBA,RG,2580,34,D,SQ,YU,D
9:40:55,PTBA,RG,2580,95,D,SQ,CC,F
9:40:55,PTBA,RG,2580,20,D,SQ,NI,D
9:40:55,PTBA,RG,2580,89,D,SQ,BK,F
9:40:55,PTBA,RG,2580,68,D,SQ,YP,D
9:40:55,PTBA,RG,2580,50,D,SQ,AT,D
9:40:55,PTBA,RG,2580,79,D,SQ,AK,F
9:40:55,PTBA,RG,2580,450,D,SQ,BK,F
9:40:55,PTBA,RG,2580,1,D,SQ,CS,F
9:40:55,PTBA,RG,2580,5,D,SQ,ZP,F
9:40:55,PTBA,RG,2580,36,D,SQ,CS,D
9:40:55,PTBA,RG,2580,3,D,SQ,CS,F
9:40:55,PTBA,RG,2580,4,D,SQ,CS,F
9:40:55,PTBA,RG,2580,4,D,SQ,CS,F
9:40:55,PTBA,RG,2580,39,D,SQ,CS,D
9:40:55,PTBA,RG,2580,23,D,SQ,LG,D
9:40:40,PTBA,RG,2580,1,D,AZ,LG,D
9:40:31,PTBA,RG,2580,3,D,YP,LG,D
9:40:14,PTBA,RG,2580,70,D,CC,LG,D
9:39:57,PTBA,RG,2580,2,D,XC,LG,D
9:39:50,PTBA,RG,2580,38,D,GR,LG,D
9:39:44,PTBA,RG,2570,24,D,CD,PD,D
9:39:41,PTBA,RG,2580,5,D,YP,LG,D
9:39:27,PTBA,RG,2580,2,D,DR,LG,D
9:39:20,PTBA,RG,2580,2,D,XC,LG,D
9:39:16,PTBA,RG,2580,1,D,OD,LG,D
9:39:14,PTBA,RG,2580,100,D,DH,LG,D
9:39:13,PTBA,RG,2580,41,D,XC,LG,D
9:39:08,PTBA,RG,2580,12,F,ZP,LG,D
9:38:55,PTBA,RG,2580,72,F,ZP,YP,D
9:38:55,PTBA,RG,2580,1,D,XC,YP,D
9:38:55,PTBA,RG,2580,1,D,PD,YP,D
9:38:55,PTBA,RG,2580,100,D,XC,YP,D
9:38:55,PTBA,RG,2580,50,D,XC,YP,D
9:38:55,PTBA,RG,2580,78,F,ZP,YP,D
9:38:55,PTBA,RG,2580,5,D,YP,YP,D
9:38:55,PTBA,RG,2580,1,D,PD,YP,D
9:38:55,PTBA,RG,2580,2,D,XA,YP,D
9:38:55,PTBA,RG,2580,3,D,PD,YP,D
9:38:55,PTBA,RG,2580,2,D,PD,YP,D
9:38:55,PTBA,RG,2580,1,D,XC,YP,D
9:38:55,PTBA,RG,2580,100,D,AI,YP,D
9:38:55,PTBA,RG,2580,1,D,NI,YP,D
9:38:55,PTBA,RG,2580,10,D,AT,YP,D
9:38:55,PTBA,RG,2580,10,D,XC,YP,D
9:38:55,PTBA,RG,2580,13,D,DH,YP,D
9:38:51,PTBA,RG,2580,7,D,DH,CP,D
9:38:49,PTBA,RG,2580,25,D,DH,XC,D
9:38:45,PTBA,RG,2580,35,D,DH,BK,F
9:38:45,PTBA,RG,2580,5,D,PD,BK,F
9:38:45,PTBA,RG,2580,1,D,NI,BK,F
9:38:45,PTBA,RG,2580,32,D,CC,BK,F
9:38:45,PTBA,RG,2580,1,D,CC,BK,F
9:38:45,PTBA,RG,2580,1,D,XC,BK,F
9:38:45,PTBA,RG,2580,50,D,YP,BK,F
9:38:45,PTBA,RG,2580,50,D,YP,BK,F
9:38:45,PTBA,RG,2580,32,D,OD,BK,F
9:38:45,PTBA,RG,2580,10,D,YP,BK,F
9:38:45,PTBA,RG,2580,5,D,LG,BK,F
9:38:45,PTBA,RG,2580,8,D,YP,BK,F
9:38:45,PTBA,RG,2580,1,D,YP,BK,F
9:38:45,PTBA,RG,2580,107,F,ZP,BK,F
9:38:45,PTBA,RG,2580,4,D,CD,BK,F
9:38:45,PTBA,RG,2580,1,D,XC,BK,F
9:38:45,PTBA,RG,2580,20,D,EP,BK,F
9:38:45,PTBA,RG,2580,1,D,XC,BK,F
9:38:45,PTBA,RG,2580,5,D,XC,BK,F
9:38:45,PTBA,RG,2580,1,D,YP,BK,F
9:38:45,PTBA,RG,2580,1,D,BQ,BK,F
9:38:45,PTBA,RG,2580,2,D,CC,BK,F
9:38:45,PTBA,RG,2580,5,D,PD,BK,F
9:38:45,PTBA,RG,2580,4,D,NI,BK,F
9:38:45,PTBA,RG,2580,1,D,PD,BK,F
9:38:45,PTBA,RG,2580,1,D,YP,BK,F
9:38:45,PTBA,RG,2580,4,D,PD,BK,F
9:38:45,PTBA,RG,2580,50,D,AI,BK,F
9:38:45,PTBA,RG,2580,3,D,NI,BK,F
9:38:45,PTBA,RG,2580,2,D,PD,BK,F
9:38:45,PTBA,RG,2580,20,D,PD,BK,F
9:38:45,PTBA,RG,2580,2,D,CC,BK,F
9:38:45,PTBA,RG,2580,2,D,NI,BK,F
9:38:45,PTBA,RG,2580,10,D,CC,BK,F
9:38:45,PTBA,RG,2580,2,D,YP,BK,F
9:38:45,PTBA,RG,2580,1,D,HP,BK,F
9:38:45,PTBA,RG,2580,10,D,CC,BK,F
9:38:45,PTBA,RG,2580,1,D,YP,BK,F
9:38:45,PTBA,RG,2580,2,D,PD,BK,F
9:38:45,PTBA,RG,2580,1,D,PD,BK,F
9:38:45,PTBA,RG,2580,1,D,YP,BK,F
9:38:45,PTBA,RG,2580,2,D,XC,BK,F
9:38:45,PTBA,RG,2580,3,D,PD,BK,F
9:38:44,PTBA,RG,2580,24,D,PD,KK,D
9:38:44,PTBA,RG,2580,2,D,PD,KK,D
9:38:44,PTBA,RG,2580,1,D,PD,KK,D
9:38:44,PTBA,RG,2580,5,D,XC,KK,D
9:38:44,PTBA,RG,2580,20,D,AZ,KK,D
9:38:44,PTBA,RG,2580,2,D,CD,KK,D
9:38:44,PTBA,RG,2580,25,D,XC,KK,D
9:38:44,PTBA,RG,2580,4,D,CC,KK,D
9:38:44,PTBA,RG,2580,1,D,NI,KK,D
9:38:44,PTBA,RG,2580,45,F,AK,KK,D
9:38:34,PTBA,RG,2580,38,F,AK,PD,D
9:38:32,PTBA,RG,2580,21,F,AK,ZP,F
9:38:32,PTBA,RG,2580,1,F,AK,ZP,F
9:38:32,PTBA,RG,2580,22,D,PD,ZP,F
9:38:31,PTBA,RG,2580,1,D,PD,KK,D
9:38:31,PTBA,RG,2590,1,D,EP,YP,D
9:38:28,PTBA,RG,2580,27,D,PD,SQ,D
9:38:28,PTBA,RG,2580,5,D,XC,SQ,D
9:38:28,PTBA,RG,2580,1,D,XC,SQ,D
9:38:28,PTBA,RG,2580,2,D,CC,SQ,D
9:38:28,PTBA,RG,2580,3,D,XC,SQ,D
9:38:28,PTBA,RG,2580,5,D,KK,SQ,D
9:38:28,PTBA,RG,2580,3,D,DX,SQ,D
9:38:28,PTBA,RG,2580,1,D,PD,SQ,D
9:38:28,PTBA,RG,2580,2,D,CC,SQ,D
9:38:28,PTBA,RG,2580,4,D,PD,SQ,D
9:38:28,PTBA,RG,2580,5,D,YP,SQ,D
9:38:28,PTBA,RG,2580,3,D,YP,SQ,D
9:38:28,PTBA,RG,2580,39,D,PD,SQ,D
9:38:12,PTBA,RG,2590,2,D,PD,YP,D
9:38:12,PTBA,RG,2590,12,D,XC,YP,D
9:38:07,PTBA,RG,2590,23,D,CC,YP,D
9:38:07,PTBA,RG,2590,27,D,CC,PD,D
9:37:04,PTBA,RG,2590,1,D,NI,PD,D
9:36:51,PTBA,RG,2580,34,D,PD,CC,D
9:36:44,PTBA,RG,2590,5,D,PD,PD,D
9:36:16,PTBA,RG,2580,6,D,PD,PD,D
9:36:16,PTBA,RG,2590,8,D,CC,PD,D
9:36:11,PTBA,RG,2590,5,D,NI,PD,D
9:36:07,PTBA,RG,2590,1,D,NI,PD,D
9:36:02,PTBA,RG,2590,1,D,XL,PD,D
9:35:51,PTBA,RG,2580,21,D,PD,CC,D
9:35:51,PTBA,RG,2580,10,D,EP,CC,D
9:35:51,PTBA,RG,2580,10,D,PD,CC,D
9:35:51,PTBA,RG,2580,1,D,XC,CC,D
9:35:51,PTBA,RG,2580,58,D,YP,CC,D
9:35:45,PTBA,RG,2590,11,D,DR,PD,D
9:35:42,PTBA,RG,2590,1,D,YP,PD,D
9:35:34,PTBA,RG,2590,20,D,PD,PD,D
9:35:28,PTBA,RG,2590,20,D,YP,PD,D
9:35:27,PTBA,RG,2590,20,D,YP,CS,D
9:35:24,PTBA,RG,2590,7,D,YP,CS,D
9:35:24,PTBA,RG,2590,2,D,YP,CS,F
9:35:24,PTBA,RG,2590,14,D,YP,CS,D
9:35:24,PTBA,RG,2590,27,D,YP,BK,F
9:35:14,PTBA,RG,2590,5,D,YP,BK,F
9:35:13,PTBA,RG,2590,2,D,XC,BK,F
9:35:07,PTBA,RG,2590,1,D,XC,BK,F
9:34:58,PTBA,RG,2590,1,D,XC,BK,F
9:34:46,PTBA,RG,2590,1,D,XC,BK,F
9:34:45,PTBA,RG,2590,2,D,XC,BK,F
9:34:44,PTBA,RG,2580,5,D,YP,PD,D
9:34:36,PTBA,RG,2590,30,D,NI,BK,F
9:34:35,PTBA,RG,2590,10,D,PD,CS,D
9:34:31,PTBA,RG,2590,2,D,XC,CC,F
9:34:23,PTBA,RG,2590,10,D,YP,CC,F
9:34:14,PTBA,RG,2590,2,D,YP,CC,F
9:34:13,PTBA,RG,2590,6,D,YP,CS,D
9:34:13,PTBA,RG,2590,6,D,YP,CS,F
9:34:13,PTBA,RG,2590,11,D,YP,FZ,D
9:34:12,PTBA,RG,2590,2,D,PD,FZ,D
9:34:12,PTBA,RG,2590,3,D,PD,FZ,D
9:34:12,PTBA,RG,2590,247,F,ZP,FZ,D
9:34:12,PTBA,RG,2590,237,F,ZP,FZ,D
9:34:10,PTBA,RG,2600,5,D,XC,BK,F
9:34:06,PTBA,RG,2600,1,D,YP,BK,F
9:33:41,PTBA,RG,2600,171,F,ZP,BK,F
9:33:39,PTBA,RG,2590,27,F,ZP,YU,D
9:33:39,PTBA,RG,2590,973,D,LG,YU,D
9:33:39,PTBA,RG,2600,65,F,ZP,BK,F
9:33:39,PTBA,RG,2600,5,F,ZP,CC,D
9:33:39,PTBA,RG,2600,2,F,ZP,XC,D
9:33:39,PTBA,RG,2600,100,F,ZP,NI,D
9:33:38,PTBA,RG,2590,128,D,LG,AK,F
9:33:38,PTBA,RG,2590,3,D,LG,AK,F
9:33:37,PTBA,RG,2590,460,D,LG,BK,F
9:33:37,PTBA,RG,2590,2,D,LG,CC,D
9:33:37,PTBA,RG,2590,4,D,LG,CS,F
9:33:37,PTBA,RG,2590,10,D,LG,OD,D
9:33:37,PTBA,RG,2590,10,D,LG,OD,D
9:33:37,PTBA,RG,2590,50,D,LG,CC,D
9:33:37,PTBA,RG,2590,26,D,LG,BK,F
9:33:37,PTBA,RG,2590,46,D,LG,ZP,F
9:33:37,PTBA,RG,2590,3,D,LG,XC,D
9:33:37,PTBA,RG,2590,10,D,LG,CS,F
9:33:37,PTBA,RG,2590,92,D,LG,CS,D
9:33:37,PTBA,RG,2590,4,D,LG,AK,F
9:33:37,PTBA,RG,2590,2,D,LG,CC,D
9:33:37,PTBA,RG,2590,1,D,LG,PD,D
9:33:37,PTBA,RG,2590,1,D,LG,XC,D
9:33:37,PTBA,RG,2590,10,D,LG,PD,D
9:33:37,PTBA,RG,2590,70,D,LG,AK,F
9:33:37,PTBA,RG,2590,2,D,LG,DR,D
9:33:37,PTBA,RG,2590,38,D,LG,YU,D
