Time,Stock,Brd,Price,Qty,BT,BC,SC,ST
15:14:40,PTBA,RG,4210,1,D,CC,DR,D
15:14:35,PTBA,RG,4210,3,D,PD,DR,D
15:14:00,PTBA,RG,4210,2,D,GR,DR,D
15:13:58,PTBA,RG,4210,1,D,CD,DR,D
15:13:42,PTBA,RG,4210,22,D,CC,DR,D
15:13:42,PTBA,RG,4210,28,D,CC,CC,D
15:13:12,PTBA,RG,4210,3,D,PD,CC,D
15:12:49,PTBA,RG,4210,1,D,KK,CC,D
15:12:47,PTBA,RG,4210,36,D,EP,CC,D
15:12:19,PTBA,RG,4210,5,D,PD,CC,D
15:11:39,PTBA,RG,4210,1,D,KK,CC,D
15:11:03,PTBA,RG,4210,26,D,KK,CC,D
15:11:03,PTBA,RG,4210,1,D,KK,NI,D
15:11:03,PTBA,RG,4210,5,D,KK,YP,D
15:11:03,PTBA,RG,4210,163,D,KK,NI,D
15:10:44,PTBA,RG,4210,3,D,XC,NI,D
15:10:40,PTBA,RG,4210,3,D,YP,NI,D
15:10:23,PTBA,RG,4210,6,D,NI,NI,D
15:10:22,PTBA,RG,4210,11,D,YP,NI,D
15:10:19,PTBA,RG,4210,1,D,CC,NI,D
15:09:51,PTBA,RG,4210,23,D,YP,NI,D
15:08:42,PTBA,RG,4210,8,D,XC,NI,D
15:08:09,PTBA,RG,4210,10,D,PD,NI,D
15:07:42,PTBA,RG,4210,20,D,YP,NI,D
15:07:30,PTBA,RG,4210,10,D,YP,NI,D
15:07:18,PTBA,RG,4210,1,D,XC,NI,D
15:07:10,PTBA,RG,4210,10,D,YP,NI,D
15:06:46,PTBA,RG,4210,17,D,NI,NI,D
15:06:46,PTBA,RG,4210,10,D,YP,NI,D
15:06:33,PTBA,RG,4210,5,D,XC,NI,D
15:06:20,PTBA,RG,4210,2,D,PD,NI,D
15:06:18,PTBA,RG,4210,5,D,YP,NI,D
15:06:12,PTBA,RG,4210,1,D,KK,NI,D
15:06:11,PTBA,RG,4210,5,D,XC,NI,D
15:05:46,PTBA,RG,4210,3,D,KK,NI,D
15:05:24,PTBA,RG,4210,24,D,PD,NI,D
15:05:24,PTBA,RG,4210,1,D,PD,NI,D
15:05:24,PTBA,RG,4210,1,D,NI,NI,D
15:05:24,PTBA,RG,4210,10,D,DH,NI,D
15:05:24,PTBA,RG,4210,18,D,XC,NI,D
15:05:24,PTBA,RG,4210,2,D,EP,NI,D
15:05:24,PTBA,RG,4210,20,D,YP,NI,D
15:05:24,PTBA,RG,4210,1,D,XC,NI,D
15:05:24,PTBA,RG,4210,5,D,KK,NI,D
15:05:24,PTBA,RG,4210,10,D,PD,NI,D
15:05:24,PTBA,RG,4210,3,D,YP,NI,D
15:05:24,PTBA,RG,4210,10,D,PD,NI,D
15:05:24,PTBA,RG,4210,12,D,OD,NI,D
15:05:24,PTBA,RG,4210,16,D,PD,NI,D
15:05:06,PTBA,RG,4210,14,D,PD,SQ,D
15:05:06,PTBA,RG,4210,2,D,GR,SQ,D
15:05:06,PTBA,RG,4210,15,D,NI,SQ,D
15:05:06,PTBA,RG,4210,4,D,OD,SQ,D
15:04:56,PTBA,RG,4210,15,D,OD,YP,D
15:04:38,PTBA,RG,4210,10,D,OD,YP,D
15:04:36,PTBA,RG,4210,100,D,OD,YP,D
15:04:27,PTBA,RG,4210,3,D,OD,XL,D
15:04:22,PTBA,RG,4210,1,D,OD,SQ,D
15:04:08,PTBA,RG,4210,1,D,OD,NI,D
15:04:06,PTBA,RG,4210,50,D,OD,DR,D
15:03:57,PTBA,RG,4210,16,D,OD,XC,D
15:03:57,PTBA,RG,4210,1,D,PD,XC,D
15:03:57,PTBA,RG,4210,1,D,NI,XC,D
15:03:51,PTBA,RG,4210,4,D,AZ,XL,D
15:03:25,PTBA,RG,4210,1,D,AZ,XC,D
15:03:25,PTBA,RG,4210,4,D,AZ,SQ,D
15:03:16,PTBA,RG,4210,1,D,AZ,YP,D
15:03:16,PTBA,RG,4210,20,D,NI,YP,D
15:03:16,PTBA,RG,4210,1,D,XC,YP,D
15:03:16,PTBA,RG,4210,25,D,PD,YP,D
15:03:16,PTBA,RG,4210,1,D,YP,YP,D
15:03:16,PTBA,RG,4210,33,D,XC,YP,D
15:03:16,PTBA,RG,4210,49,D,OD,YP,D
15:03:09,PTBA,RG,4210,11,D,OD,YP,D
15:03:07,PTBA,RG,4210,50,D,OD,CC,D
15:02:58,PTBA,RG,4210,100,D,OD,KK,D
15:02:50,PTBA,RG,4210,25,D,OD,PD,D
15:02:47,PTBA,RG,4210,50,D,OD,CC,D
15:02:31,PTBA,RG,4210,1,D,OD,YP,D
15:02:23,PTBA,RG,4210,10,D,OD,NI,D
15:02:19,PTBA,RG,4210,4,D,OD,CC,D
15:02:19,PTBA,RG,4210,5,D,YP,CC,D
15:02:19,PTBA,RG,4210,1,D,SH,CC,D
15:02:17,PTBA,RG,4210,13,D,SH,GR,D
15:02:08,PTBA,RG,4210,100,D,SH,YP,D
15:01:54,PTBA,RG,4210,25,D,SH,CC,D
15:01:49,PTBA,RG,4210,31,D,SH,CC,D
15:01:41,PTBA,RG,4210,5,D,SH,DR,D
15:01:32,PTBA,RG,4210,25,D,SH,CC,D
15:01:32,PTBA,RG,4210,25,D,SH,CC,D
15:01:06,PTBA,RG,4210,45,D,SH,AZ,D
15:00:00,PTBA,RG,4210,83,D,SH,YP,D
15:00:00,PTBA,RG,4210,10,D,SH,CC,D
15:00:00,PTBA,RG,4210,75,D,SH,CC,D
15:00:00,PTBA,RG,4210,35,D,SH,YP,D
15:00:00,PTBA,RG,4210,27,D,SH,PD,D
15:00:00,PTBA,RG,4210,1,D,PD,PD,D
15:00:00,PTBA,RG,4210,5,D,NI,PD,D
15:00:00,PTBA,RG,4210,12,D,XC,PD,D
15:00:00,PTBA,RG,4210,5,D,YP,PD,D
15:00:00,PTBA,RG,4210,4,D,XC,IP,D
15:00:00,PTBA,RG,4210,1,D,KK,IP,D
15:00:00,PTBA,RG,4210,1,D,XL,IP,D
15:00:00,PTBA,RG,4210,5,D,YP,IP,D
15:00:00,PTBA,RG,4210,7,D,YP,IP,D
15:00:00,PTBA,RG,4210,2,D,XC,IP,D
15:00:00,PTBA,RG,4210,1,D,XL,IP,D
15:00:00,PTBA,RG,4210,2,D,YP,IP,D
15:00:00,PTBA,RG,4210,1,D,GR,IP,D
15:00:00,PTBA,RG,4210,1,D,SQ,IP,D
15:00:00,PTBA,RG,4210,1,D,SQ,IP,D
15:00:00,PTBA,RG,4210,1,D,XC,IP,D
15:00:00,PTBA,RG,4210,4,D,YP,IP,D
15:00:00,PTBA,RG,4210,11,D,KK,IP,D
15:00:00,PTBA,RG,4210,8,D,DH,IP,D
15:00:00,PTBA,RG,4210,30,D,DH,CC,D
15:00:00,PTBA,RG,4210,15,D,DH,LG,D
15:00:00,PTBA,RG,4210,47,D,DH,NI,D
15:00:00,PTBA,RG,4210,3,D,NI,NI,D
15:00:00,PTBA,RG,4210,1,D,NI,XC,D
15:00:00,PTBA,RG,4210,1,D,NI,CC,D
15:00:00,PTBA,RG,4210,5,D,PD,XA,D
15:00:00,PTBA,RG,4210,3,D,XC,XA,D
15:00:00,PTBA,RG,4210,11,D,CC,XA,D
15:00:00,PTBA,RG,4210,9,D,CC,YP,D
15:00:00,PTBA,RG,4210,1,D,YP,YP,D
15:00:00,PTBA,RG,4210,1,D,PD,PD,D
15:00:00,PTBA,RG,4210,5,D,DR,PD,D
15:00:00,PTBA,RG,4210,9,D,CC,PD,D
15:00:00,PTBA,RG,4210,15,D,CC,XL,D
15:00:00,PTBA,RG,4210,48,D,CC,NI,D
15:00:00,PTBA,RG,4210,5,D,CC,NI,D
15:00:00,PTBA,RG,4210,2,D,CC,PD,D
15:00:00,PTBA,RG,4210,5,D,CC,PD,D
15:00:00,PTBA,RG,4210,4,D,CC,XL,D
15:00:00,PTBA,RG,4210,1,D,CC,YP,D
15:00:00,PTBA,RG,4210,5,D,CC,HP,D
15:00:00,PTBA,RG,4210,12,D,CC,YP,D
15:00:00,PTBA,RG,4210,13,D,YP,YP,D
15:00:00,PTBA,RG,4210,10,D,YU,YP,D
15:00:00,PTBA,RG,4210,26,D,YU,AI,D
15:00:00,PTBA,RG,4210,50,D,YU,NI,D
15:00:00,PTBA,RG,4210,14,D,YU,NI,D
15:00:00,PTBA,RG,4210,5,D,BQ,NI,D
15:00:00,PTBA,RG,4210,10,D,YP,NI,D
15:00:00,PTBA,RG,4210,21,D,XL,NI,D
15:00:00,PTBA,RG,4210,4,D,XL,NI,D
15:00:00,PTBA,RG,4210,28,D,PD,NI,D
15:00:00,PTBA,RG,4210,1,D,YP,NI,D
15:00:00,PTBA,RG,4210,17,D,YP,NI,D
15:00:00,PTBA,RG,4210,50,D,YP,NI,D
15:00:00,PTBA,RG,4210,50,D,YP,NI,D
15:00:00,PTBA,RG,4210,25,D,YP,NI,D
15:00:00,PTBA,RG,4210,10,D,YP,HP,D
15:00:00,PTBA,RG,4210,5,D,YP,RO,D
15:00:00,PTBA,RG,4210,25,D,YP,PD,D
15:00:00,PTBA,RG,4210,13,D,YP,ZP,F
15:00:00,PTBA,RG,4210,35,D,YP,ZP,F
15:00:00,PTBA,RG,4210,6,D,YP,GR,D
15:00:00,PTBA,RG,4210,4,D,SQ,GR,D
15:00:00,PTBA,RG,4210,24,D,SQ,BK,F
15:00:00,PTBA,RG,4210,19,D,SQ,CD,D
15:00:00,PTBA,RG,4210,2,D,KK,CD,D
15:00:00,PTBA,RG,4210,1,D,KK,CD,D
15:00:00,PTBA,RG,4210,2,D,DR,CD,D
15:00:00,PTBA,RG,4210,40,D,CC,CD,D
15:00:00,PTBA,RG,4210,4,D,PD,CD,D
15:00:00,PTBA,RG,4210,2,D,EP,CD,D
15:00:00,PTBA,RG,4210,5,D,YP,CD,D
15:00:00,PTBA,RG,4210,1,D,CP,CD,D
15:00:00,PTBA,RG,4210,1,D,NI,CD,D
15:00:00,PTBA,RG,4210,5,D,YP,CD,D
15:00:00,PTBA,RG,4210,30,D,EP,CD,D
15:00:00,PTBA,RG,4210,1,D,PD,CD,D
15:00:00,PTBA,RG,4210,28,D,YP,CD,D
15:00:00,PTBA,RG,4210,10,D,AI,CD,D
15:00:00,PTBA,RG,4210,2,D,YP,CD,D
15:00:00,PTBA,RG,4210,1,D,YP,CD,D
15:00:00,PTBA,RG,4210,1,D,XL,CD,D
15:00:00,PTBA,RG,4210,93,F,AK,CD,D
15:00:00,PTBA,RG,4210,2,F,ZP,CD,D
15:00:00,PTBA,RG,4210,49,F,KZ,CD,D
15:00:00,PTBA,RG,4210,14,F,BK,CD,D
15:00:00,PTBA,RG,4210,62,F,CS,CD,D
15:00:00,PTBA,RG,4210,41,F,YU,CD,D
15:00:00,PTBA,RG,4210,10,F,YU,GR,D
15:00:00,PTBA,RG,4210,23,F,YU,BK,F
15:00:00,PTBA,RG,4210,6,F,ZP,BK,F
15:00:00,PTBA,RG,4210,16,F,AK,BK,F
15:00:00,PTBA,RG,4210,60,D,YU,BK,F
15:00:00,PTBA,RG,4210,131,D,LG,BK,F
15:00:00,PTBA,RG,4210,300,D,LG,KZ,D
15:00:00,PTBA,RG,4210,10,D,LG,GR,D
15:00:00,PTBA,RG,4210,52,D,LG,ZP,F
15:00:00,PTBA,RG,4210,20,D,LG,GR,D
15:00:00,PTBA,RG,4210,20,D,LG,GR,D
15:00:00,PTBA,RG,4210,15,D,LG,GR,D
15:00:00,PTBA,RG,4210,97,D,LG,LG,D
15:00:00,PTBA,RG,4210,105,D,LG,LG,D
14:49:59,PTBA,RG,4210,4,D,SQ,PD,D
14:49:57,PTBA,RG,4210,2,D,SQ,ZP,F
14:49:55,PTBA,RG,4220,18,F,YU,CC,D
14:49:54,PTBA,RG,4210,1,D,SQ,ZP,F
14:49:53,PTBA,RG,4210,2,D,SQ,ZP,F
14:49:50,PTBA,RG,4210,1,D,SQ,ZP,F
14:49:50,PTBA,RG,4220,1,F,KZ,AK,F
14:49:48,PTBA,RG,4220,1,F,KZ,AK,F
14:49:44,PTBA,RG,4220,1,F,CS,AK,F
14:49:43,PTBA,RG,4210,2,D,SQ,ZP,F
14:49:41,PTBA,RG,4210,1,D,SQ,ZP,F
14:49:31,PTBA,RG,4220,1,F,AK,AK,F
14:49:30,PTBA,RG,4220,10,F,ZP,AK,F
14:49:29,PTBA,RG,4220,5,F,CS,AK,F
14:49:28,PTBA,RG,4210,3,D,SQ,ZP,F
14:49:27,PTBA,RG,4220,20,F,ZP,AK,F
14:49:24,PTBA,RG,4210,1,D,SQ,NI,D
14:49:24,PTBA,RG,4210,27,D,SQ,ZP,F
14:49:21,PTBA,RG,4220,4,F,KZ,AK,F
14:49:18,PTBA,RG,4210,1,D,SQ,ZP,F
14:49:14,PTBA,RG,4210,23,D,SQ,NI,D
14:49:07,PTBA,RG,4220,16,D,NI,AK,F
14:49:00,PTBA,RG,4210,1,D,SQ,AK,D
14:49:00,PTBA,RG,4210,1,D,SQ,AK,D
14:49:00,PTBA,RG,4210,5,D,SQ,AK,D
14:48:59,PTBA,RG,4210,3,D,SQ,AK,F
14:48:59,PTBA,RG,4210,1,D,SQ,AK,F
14:48:59,PTBA,RG,4220,1,F,KZ,AK,F
14:48:59,PTBA,RG,4210,3,D,SQ,AK,F
14:48:57,PTBA,RG,4220,2,F,KZ,AK,F
14:48:51,PTBA,RG,4220,5,F,CS,AK,F
14:48:51,PTBA,RG,4220,2,F,CS,AK,F
14:48:46,PTBA,RG,4220,2,F,AK,AK,F
14:48:33,PTBA,RG,4220,2,F,KZ,AK,F
14:48:33,PTBA,RG,4220,2,F,KZ,AK,F
14:48:33,PTBA,RG,4220,1,F,KZ,AK,F
14:48:33,PTBA,RG,4220,3,F,KZ,AK,F
14:48:33,PTBA,RG,4220,1,F,KZ,AK,F
14:48:33,PTBA,RG,4220,11,F,KZ,AK,F
14:48:33,PTBA,RG,4220,3,F,KZ,AK,F
14:48:31,PTBA,RG,4220,1,F,AK,AK,F
14:48:16,PTBA,RG,4220,1,F,AK,AK,F
14:47:56,PTBA,RG,4210,18,D,SQ,AK,F
14:47:56,PTBA,RG,4210,25,D,SQ,YP,D
14:47:56,PTBA,RG,4210,2,D,SQ,DH,D
14:47:56,PTBA,RG,4210,3,D,SQ,XL,D
14:47:56,PTBA,RG,4210,5,D,SQ,DR,D
14:47:56,PTBA,RG,4210,67,D,SQ,YP,D
14:47:56,PTBA,RG,4210,11,D,SQ,CC,D
14:47:56,PTBA,RG,4210,4,D,SQ,YP,D
14:47:56,PTBA,RG,4210,70,D,SQ,YP,D
14:47:56,PTBA,RG,4210,1,D,SQ,GR,D
14:47:56,PTBA,RG,4210,4,D,SQ,ZP,F
14:47:56,PTBA,RG,4210,3,D,SQ,ZP,F
14:47:56,PTBA,RG,4210,5,D,SQ,CC,D
14:47:56,PTBA,RG,4210,21,D,SQ,BK,F
14:47:56,PTBA,RG,4210,47,D,SQ,YP,D
14:47:56,PTBA,RG,4210,3,D,SQ,YP,D
14:47:56,PTBA,RG,4210,11,D,SQ,YP,D
14:47:56,PTBA,RG,4210,50,D,SQ,PD,D
14:47:56,PTBA,RG,4210,22,D,SQ,ZP,F
14:47:56,PTBA,RG,4210,1,D,SQ,YP,D
14:47:56,PTBA,RG,4210,30,D,SQ,BK,F
14:47:56,PTBA,RG,4210,7,D,SQ,AK,D
14:47:56,PTBA,RG,4210,6,D,SQ,ZP,F
14:47:56,PTBA,RG,4210,35,D,SQ,PD,D
14:47:56,PTBA,RG,4210,1,D,SQ,YP,D
14:47:56,PTBA,RG,4210,10,D,SQ,AK,D
14:47:56,PTBA,RG,4210,32,D,SQ,BK,F
14:47:56,PTBA,RG,4210,5,D,SQ,XC,D
14:47:56,PTBA,RG,4210,39,D,SQ,AK,F
14:47:56,PTBA,RG,4210,833,D,SQ,OD,D
14:47:55,PTBA,RG,4200,7,D,GR,AK,D
14:47:55,PTBA,RG,4200,1,D,GR,DR,D
14:47:55,PTBA,RG,4200,2,D,GR,DR,D
14:47:51,PTBA,RG,4200,8,D,GR,DR,D
14:47:51,PTBA,RG,4200,10,D,GR,BK,F
14:47:51,PTBA,RG,4200,2,D,KK,BK,F
14:47:51,PTBA,RG,4200,2,D,XC,BK,F
14:47:51,PTBA,RG,4200,3,D,XC,BK,F
14:47:49,PTBA,RG,4210,1,D,PD,OD,D
14:47:47,PTBA,RG,4210,17,D,YP,OD,D
14:47:46,PTBA,RG,4200,25,D,XC,AK,F
14:47:46,PTBA,RG,4210,1,F,AK,OD,D
14:47:44,PTBA,RG,4210,16,D,NI,OD,D
14:47:42,PTBA,RG,4200,2,D,XC,DR,D
14:47:41,PTBA,RG,4200,7,D,XC,DR,D
14:47:39,PTBA,RG,4210,5,D,YP,OD,D
14:47:38,PTBA,RG,4210,12,D,XA,OD,D
14:47:31,PTBA,RG,4210,1,F,AK,OD,D
14:47:29,PTBA,RG,4210,10,D,XL,OD,D
14:47:29,PTBA,RG,4210,5,D,PD,OD,D
14:47:28,PTBA,RG,4200,105,D,XC,SQ,D
14:47:28,PTBA,RG,4200,15,D,XC,BK,F
14:47:27,PTBA,RG,4210,3,F,CS,OD,D
14:47:20,PTBA,RG,4200,10,D,XC,PD,D
14:47:12,PTBA,RG,4200,4,D,XC,ZP,F
14:47:12,PTBA,RG,4200,10,D,XC,ZP,F
14:47:07,PTBA,RG,4210,8,F,BK,OD,D
14:47:07,PTBA,RG,4200,2,D,XC,YP,D
14:47:06,PTBA,RG,4200,18,D,XC,BK,F
14:46:56,PTBA,RG,4210,3,F,CS,OD,D
14:46:49,PTBA,RG,4200,22,D,XC,AK,D
14:46:48,PTBA,RG,4210,1,D,KK,OD,D
14:46:43,PTBA,RG,4200,15,D,XC,BK,F
14:46:41,PTBA,RG,4200,10,D,XC,CC,D
14:46:39,PTBA,RG,4200,300,D,XC,CC,D
14:46:35,PTBA,RG,4200,100,D,XC,YP,D
14:46:26,PTBA,RG,4210,3,F,CS,OD,D
14:46:24,PTBA,RG,4200,10,D,XC,DR,D
14:46:22,PTBA,RG,4210,1,D,PD,OD,D
14:46:22,PTBA,RG,4200,18,D,XC,BK,F
14:46:17,PTBA,RG,4210,5,D,BQ,OD,D
14:46:06,PTBA,RG,4210,20,D,CC,OD,D
14:45:58,PTBA,RG,4210,1,F,KZ,OD,D
14:45:57,PTBA,RG,4200,15,D,XC,BK,F
14:45:55,PTBA,RG,4210,2,F,CS,OD,D
14:45:55,PTBA,RG,4210,1,F,CS,OD,D
14:45:53,PTBA,RG,4200,1,D,XC,DR,D
14:45:53,PTBA,RG,4210,50,D,YP,OD,D
14:45:51,PTBA,RG,4200,8,D,XC,DR,D
14:45:50,PTBA,RG,4210,1,D,YP,OD,D
14:45:50,PTBA,RG,4210,9,D,YP,BQ,D
14:45:49,PTBA,RG,4210,1,F,KZ,BQ,D
14:45:48,PTBA,RG,4210,5,D,PD,BQ,D
14:45:39,PTBA,RG,4210,1,F,KZ,BQ,D
14:45:39,PTBA,RG,4210,1,D,XL,BQ,D
14:45:37,PTBA,RG,4200,15,D,XC,BK,F
14:45:37,PTBA,RG,4210,1,F,KZ,BQ,D
14:45:37,PTBA,RG,4210,1,F,KZ,BQ,D
14:45:34,PTBA,RG,4210,20,D,NI,BQ,D
14:45:29,PTBA,RG,4200,1,D,XC,KK,D
14:45:26,PTBA,RG,4210,20,D,NI,BQ,D
14:45:25,PTBA,RG,4210,4,F,CS,BQ,D
14:45:24,PTBA,RG,4200,5,D,XC,ZP,F
14:45:20,PTBA,RG,4210,10,D,NI,BQ,D
14:45:20,PTBA,RG,4210,5,D,PD,BQ,D
14:45:17,PTBA,RG,4200,16,D,XC,BK,F
14:45:17,PTBA,RG,4210,6,D,YP,BQ,D
14:45:17,PTBA,RG,4200,1,D,XC,ZP,F
14:45:13,PTBA,RG,4210,1,F,KZ,BQ,D
14:45:13,PTBA,RG,4210,1,F,KZ,BQ,D
14:45:13,PTBA,RG,4210,4,D,NI,BQ,D
14:45:13,PTBA,RG,4210,14,D,NI,DH,D
14:45:04,PTBA,RG,4200,2,D,XC,ZP,F
14:45:04,PTBA,RG,4210,1,D,XL,DH,D
14:45:04,PTBA,RG,4210,4,D,XL,YU,D
14:45:03,PTBA,RG,4210,1,D,XC,YU,D
14:45:00,PTBA,RG,4210,50,D,NI,YU,D
14:44:52,PTBA,RG,4210,3,D,XC,YU,D
14:44:51,PTBA,RG,4200,17,D,XC,BK,F
14:44:51,PTBA,RG,4210,10,D,NI,YU,D
14:44:47,PTBA,RG,4210,1,F,KZ,YU,D
14:44:47,PTBA,RG,4210,1,F,KZ,YU,D
14:44:47,PTBA,RG,4210,30,F,AK,YU,D
14:44:47,PTBA,RG,4210,98,F,AK,BQ,D
14:44:43,PTBA,RG,4210,2,D,XC,BQ,D
14:44:40,PTBA,RG,4210,6,F,BK,BQ,D
14:44:36,PTBA,RG,4210,1,D,PD,BQ,D
14:44:34,PTBA,RG,4210,4,F,CS,BQ,D
14:44:31,PTBA,RG,4200,15,D,XC,BK,F
14:44:31,PTBA,RG,4210,7,F,AK,BQ,D
14:44:30,PTBA,RG,4210,1,F,KZ,BQ,D
14:44:30,PTBA,RG,4210,1,F,KZ,BQ,D
14:44:30,PTBA,RG,4210,1,D,XL,BQ,D
14:44:22,PTBA,RG,4200,10,D,XC,XL,D
14:44:16,PTBA,RG,4210,1,F,AK,BQ,D
14:44:10,PTBA,RG,4210,1,F,KZ,BQ,D
14:44:10,PTBA,RG,4210,1,F,KZ,BQ,D
14:44:07,PTBA,RG,4200,12,D,XC,CC,D
14:44:02,PTBA,RG,4200,18,D,XC,BK,F
14:43:45,PTBA,RG,4210,4,F,CS,BQ,D
14:43:37,PTBA,RG,4210,1,F,KZ,BQ,D
14:43:37,PTBA,RG,4210,1,F,KZ,BQ,D
14:43:25,PTBA,RG,4210,1,D,PD,DR,D
14:43:18,PTBA,RG,4210,5,D,PD,DR,D
14:43:16,PTBA,RG,4210,1,F,KZ,DR,D
14:43:16,PTBA,RG,4210,2,F,AK,DR,D
14:43:15,PTBA,RG,4210,1,D,PD,DR,D
14:43:15,PTBA,RG,4210,5,D,PD,CC,D
14:43:15,PTBA,RG,4210,4,D,PD,YU,D
14:43:15,PTBA,RG,4210,50,D,YP,YU,D
14:43:07,PTBA,RG,4210,1,F,KZ,YU,D
14:42:49,PTBA,RG,4200,30,D,XC,LG,D
14:42:48,PTBA,RG,4210,15,D,XL,YU,D
14:42:45,PTBA,RG,4200,1,D,XC,XL,D
14:42:43,PTBA,RG,4210,2,F,KZ,YU,D
14:42:42,PTBA,RG,4200,2,D,XC,TP,D
14:42:40,PTBA,RG,4210,1,F,KZ,YU,D
14:42:37,PTBA,RG,4210,27,D,KK,YU,D
14:42:37,PTBA,RG,4210,10,D,KK,AK,D
14:42:37,PTBA,RG,4210,30,D,KK,BQ,D
14:42:37,PTBA,RG,4210,3,D,KK,ZP,F
14:42:37,PTBA,RG,4210,3,D,KK,ZP,F
14:42:37,PTBA,RG,4210,177,D,KK,YP,D
14:42:37,PTBA,RG,4210,2,F,KZ,YP,D
14:42:20,PTBA,RG,4200,25,D,XC,YP,D
14:42:16,PTBA,RG,4210,1,D,CC,YP,D
14:42:08,PTBA,RG,4210,5,D,XC,YP,D
14:42:04,PTBA,RG,4210,2,F,KZ,YP,D
14:42:03,PTBA,RG,4210,1,F,KZ,YP,D
14:42:03,PTBA,RG,4210,2,D,YP,YP,D
14:42:03,PTBA,RG,4210,8,D,YP,BK,F
14:41:47,PTBA,RG,4210,1,D,YP,BK,F
14:41:37,PTBA,RG,4210,6,D,PD,BK,F
14:41:37,PTBA,RG,4210,9,D,PD,YP,D
14:41:33,PTBA,RG,4210,1,D,CC,YP,D
14:41:32,PTBA,RG,4200,1,D,XC,XC,D
14:41:31,PTBA,RG,4210,1,F,KZ,YP,D
14:41:20,PTBA,RG,4200,3,D,XC,CP,D
14:41:14,PTBA,RG,4200,1,D,XC,YU,D
14:41:09,PTBA,RG,4210,1,D,NI,YP,D
14:40:39,PTBA,RG,4210,50,D,YP,YP,D
14:40:39,PTBA,RG,4210,1,D,PD,YP,D
14:40:37,PTBA,RG,4210,100,D,KK,YP,D
14:40:30,PTBA,RG,4210,10,D,YP,YP,D
14:40:22,PTBA,RG,4210,1,D,YP,YP,D
14:40:19,PTBA,RG,4210,5,D,YP,YP,D
14:40:18,PTBA,RG,4210,1,D,XC,YP,D
14:40:18,PTBA,RG,4200,50,D,XC,YP,D
14:40:16,PTBA,RG,4210,5,D,XL,YP,D
14:40:09,PTBA,RG,4210,25,D,AI,YP,D
14:40:09,PTBA,RG,4210,1,D,AI,ZP,F
14:40:00,PTBA,RG,4210,8,D,YP,ZP,F
14:40:00,PTBA,RG,4210,2,D,YP,KK,D
14:39:53,PTBA,RG,4210,30,F,AK,YP,D
14:39:53,PTBA,RG,4210,10,F,AK,MK,D
14:39:53,PTBA,RG,4210,7,F,AK,XL,D
14:39:53,PTBA,RG,4210,6,D,XL,XL,D
14:39:53,PTBA,RG,4210,17,D,XL,BK,F
14:39:53,PTBA,RG,4210,2,D,XL,DR,D
14:39:50,PTBA,RG,4210,11,D,NI,DR,D
14:39:50,PTBA,RG,4210,5,D,NI,ZP,F
14:39:26,PTBA,RG,4210,9,D,CC,ZP,F
14:39:26,PTBA,RG,4210,61,D,CC,AK,F
14:39:26,PTBA,RG,4210,30,D,CC,AK,F
14:39:23,PTBA,RG,4210,1,F,KZ,AK,F
14:39:23,PTBA,RG,4210,1,F,KZ,AK,F
14:39:23,PTBA,RG,4210,2,F,KZ,AK,F
14:39:23,PTBA,RG,4210,2,F,KZ,AK,F
14:39:23,PTBA,RG,4210,3,F,KZ,AK,F
14:39:23,PTBA,RG,4210,1,F,KZ,AK,F
14:39:23,PTBA,RG,4210,1,D,KK,AK,F
14:39:20,PTBA,RG,4210,3,D,YP,AK,F
14:39:14,PTBA,RG,4210,2,D,YP,AK,F
14:39:14,PTBA,RG,4210,50,D,YP,YP,D
14:39:14,PTBA,RG,4210,14,D,YP,DR,D
14:39:14,PTBA,RG,4210,12,D,YP,AK,D
14:39:14,PTBA,RG,4210,29,D,YP,BK,F
14:39:14,PTBA,RG,4210,250,D,YP,ZP,D
14:39:14,PTBA,RG,4210,35,D,YP,ZP,F
14:39:14,PTBA,RG,4210,250,D,YP,ZP,D
14:39:14,PTBA,RG,4210,17,D,YP,BK,F
14:39:14,PTBA,RG,4210,40,D,YP,AI,D
14:39:14,PTBA,RG,4210,266,D,YP,YP,D
14:39:14,PTBA,RG,4210,36,D,YP,AK,F
14:39:10,PTBA,RG,4210,5,D,YP,AK,F
14:39:03,PTBA,RG,4210,5,D,YB,AK,F
14:39:01,PTBA,RG,4200,8,D,XC,ZP,F
14:39:01,PTBA,RG,4200,5,D,XC,ZP,F
14:39:00,PTBA,RG,4210,20,D,PD,AK,F
14:38:53,PTBA,RG,4200,1,D,XC,SQ,D
14:38:51,PTBA,RG,4200,61,D,XC,YJ,D
14:38:51,PTBA,RG,4200,39,D,DH,YJ,D
14:38:48,PTBA,RG,4210,2,D,NI,AK,F
14:38:41,PTBA,RG,4210,5,D,PD,AK,F
14:38:29,PTBA,RG,4210,29,D,HP,AK,F
14:38:29,PTBA,RG,4210,21,D,HP,AK,D
14:38:26,PTBA,RG,4210,3,D,PD,AK,D
14:38:23,PTBA,RG,4200,20,D,DH,XL,D
14:38:17,PTBA,RG,4210,1,D,NI,AK,D
14:38:14,PTBA,RG,4200,8,D,DH,DR,D
14:38:14,PTBA,RG,4210,15,D,YP,AK,D
14:38:14,PTBA,RG,4210,25,D,YP,YP,D
14:38:14,PTBA,RG,4210,7,D,YP,DR,D
14:38:12,PTBA,RG,4210,16,D,NI,DR,D
14:38:07,PTBA,RG,4210,9,D,BQ,DR,D
14:38:07,PTBA,RG,4210,20,D,BQ,YP,D
14:38:06,PTBA,RG,4210,16,D,NI,YP,D
14:38:06,PTBA,RG,4210,2,D,EP,YP,D
14:38:00,PTBA,RG,4210,2,D,XC,YP,D
14:37:49,PTBA,RG,4210,1,D,XL,YP,D
14:37:36,PTBA,RG,4210,14,F,ZP,YP,D
14:37:31,PTBA,RG,4200,12,D,DH,DR,D
14:37:24,PTBA,RG,4200,4,D,DH,ZP,F
14:37:22,PTBA,RG,4210,5,D,YB,YP,D
14:37:16,PTBA,RG,4210,1,D,XC,YP,D
14:37:16,PTBA,RG,4210,3,D,NI,YP,D
14:37:13,PTBA,RG,4210,5,D,PD,YP,D
14:37:11,PTBA,RG,4210,7,F,KZ,YP,D
14:37:11,PTBA,RG,4210,1,F,KZ,YP,D
14:37:11,PTBA,RG,4210,1,F,KZ,YP,D
14:37:11,PTBA,RG,4210,1,F,KZ,YP,D
14:37:11,PTBA,RG,4210,1,D,NI,YP,D
14:37:11,PTBA,RG,4210,5,D,XL,YP,D
14:37:10,PTBA,RG,4210,15,F,AK,YP,D
14:37:10,PTBA,RG,4210,8,F,AK,AZ,D
14:37:10,PTBA,RG,4210,47,F,AK,AK,F
14:37:10,PTBA,RG,4210,10,F,AK,YP,D
14:37:10,PTBA,RG,4210,15,F,AK,YP,D
14:37:10,PTBA,RG,4210,146,F,AK,ZP,F
14:37:10,PTBA,RG,4210,16,F,AK,BK,F
14:37:10,PTBA,RG,4210,30,D,YP,BK,F
14:37:09,PTBA,RG,4210,1,D,XC,BK,F
14:37:05,PTBA,RG,4210,100,D,IU,BK,F
14:36:58,PTBA,RG,4210,5,D,KK,BK,F
14:36:54,PTBA,RG,4210,69,D,LS,BK,F
14:36:54,PTBA,RG,4210,25,D,LS,AK,D
14:36:54,PTBA,RG,4210,6,D,LS,AK,D
14:36:48,PTBA,RG,4210,8,D,NI,AK,D
14:36:47,PTBA,RG,4210,1,D,PD,AK,D
14:36:45,PTBA,RG,4200,16,D,DH,BK,F
14:36:40,PTBA,RG,4210,1,D,NI,AK,D
14:36:32,PTBA,RG,4210,4,D,NI,AK,D
14:36:32,PTBA,RG,4210,12,D,NI,DR,D
14:36:29,PTBA,RG,4210,1,D,NI,DR,D
14:36:20,PTBA,RG,4210,1,D,CC,DR,D
14:36:13,PTBA,RG,4210,1,D,YP,DR,D
14:36:12,PTBA,RG,4210,5,D,XL,DR,D
14:36:05,PTBA,RG,4200,1,D,DH,BK,F
14:36:05,PTBA,RG,4200,19,D,YP,BK,F
14:36:05,PTBA,RG,4200,6,D,IU,BK,F
14:35:57,PTBA,RG,4210,13,F,ZP,ZP,F
14:35:51,PTBA,RG,4210,3,D,EP,ZP,F
14:35:41,PTBA,RG,4200,5,D,IU,CC,D
14:35:41,PTBA,RG,4200,10,D,IU,YP,D
14:35:41,PTBA,RG,4200,6,D,IU,DR,D
14:35:41,PTBA,RG,4200,3,D,IU,PD,D
14:35:41,PTBA,RG,4200,7,D,IU,PD,D
14:35:41,PTBA,RG,4200,13,D,IU,BK,F
14:35:41,PTBA,RG,4200,7,D,XC,BK,F
14:35:37,PTBA,RG,4210,1,F,AK,ZP,F
14:35:36,PTBA,RG,4210,1,F,AK,ZP,F
14:35:36,PTBA,RG,4210,3,F,AK,ZP,F
14:35:36,PTBA,RG,4210,5,F,AK,ZP,F
14:35:36,PTBA,RG,4210,10,F,AK,OD,D
14:35:36,PTBA,RG,4210,21,F,AK,OD,D
14:35:36,PTBA,RG,4210,42,F,AK,OD,D
14:35:36,PTBA,RG,4210,2,F,AK,OD,D
14:35:36,PTBA,RG,4210,13,F,KZ,OD,D
14:35:36,PTBA,RG,4210,1,D,PD,OD,D
14:35:36,PTBA,RG,4210,3,D,KK,OD,D
14:35:36,PTBA,RG,4210,1,D,PD,OD,D
14:35:36,PTBA,RG,4210,6,F,KZ,OD,D
14:35:36,PTBA,RG,4210,1,F,KZ,OD,D
14:35:36,PTBA,RG,4210,2,D,XC,OD,D
14:35:36,PTBA,RG,4210,4,D,YP,OD,D
14:35:36,PTBA,RG,4210,50,D,NI,OD,D
14:35:36,PTBA,RG,4210,2,D,YP,OD,D
14:35:36,PTBA,RG,4210,12,D,XL,OD,D
14:35:36,PTBA,RG,4210,50,D,CC,OD,D
14:35:36,PTBA,RG,4210,10,D,YP,OD,D
14:35:36,PTBA,RG,4210,3,D,YP,OD,D
14:35:36,PTBA,RG,4210,1,D,XL,OD,D
14:35:36,PTBA,RG,4210,50,D,YP,OD,D
14:35:36,PTBA,RG,4210,25,D,NI,OD,D
14:35:36,PTBA,RG,4210,1,D,XC,OD,D
14:35:36,PTBA,RG,4210,2,D,YP,OD,D
14:35:36,PTBA,RG,4210,8,F,CS,OD,D
14:35:36,PTBA,RG,4210,1,D,NI,OD,D
14:35:36,PTBA,RG,4210,1,D,XL,OD,D
14:35:36,PTBA,RG,4210,10,D,YP,OD,D
14:35:36,PTBA,RG,4210,100,D,PD,OD,D
14:35:36,PTBA,RG,4210,2,D,CC,OD,D
14:35:36,PTBA,RG,4210,1,D,XC,OD,D
14:35:36,PTBA,RG,4210,9,D,LG,OD,D
14:35:36,PTBA,RG,4210,30,D,KK,OD,D
14:35:36,PTBA,RG,4210,5,D,DR,OD,D
14:35:36,PTBA,RG,4210,16,D,NI,OD,D
14:35:36,PTBA,RG,4210,5,D,BQ,OD,D
14:35:36,PTBA,RG,4210,5,D,NI,OD,D
14:35:36,PTBA,RG,4210,4,F,AK,OD,D
14:35:36,PTBA,RG,4210,2,D,PD,OD,D
14:35:36,PTBA,RG,4210,2,D,NI,OD,D
14:35:36,PTBA,RG,4210,1,D,XC,OD,D
14:35:36,PTBA,RG,4210,10,D,CC,OD,D
14:35:36,PTBA,RG,4210,12,D,XC,OD,D
14:35:36,PTBA,RG,4210,1,D,CC,OD,D
14:35:36,PTBA,RG,4210,10,D,EP,OD,D
14:35:36,PTBA,RG,4210,50,D,PD,OD,D
14:35:36,PTBA,RG,4210,16,D,NI,OD,D
14:35:36,PTBA,RG,4210,50,D,HP,OD,D
14:35:36,PTBA,RG,4210,15,F,YU,OD,D
14:35:36,PTBA,RG,4210,322,D,MG,OD,D
14:35:29,PTBA,RG,4210,178,D,MG,AK,F
14:35:29,PTBA,RG,4210,1,D,XC,AK,F
14:35:29,PTBA,RG,4210,1,D,XC,AK,F
14:35:29,PTBA,RG,4210,7,D,NI,AK,F
14:35:29,PTBA,RG,4210,2,D,XC,AK,F
14:35:29,PTBA,RG,4210,4,D,YP,AK,F
14:35:29,PTBA,RG,4210,155,F,AK,AK,F
14:35:29,PTBA,RG,4210,1,F,AK,AK,F
14:35:29,PTBA,RG,4210,1,F,AK,AK,F
14:35:29,PTBA,RG,4210,20,D,XL,AK,F
14:35:29,PTBA,RG,4210,1,D,PD,AK,F
14:35:29,PTBA,RG,4210,2,D,GR,AK,F
14:35:29,PTBA,RG,4210,60,F,YU,AK,F
14:35:29,PTBA,RG,4210,40,D,PD,AK,F
14:35:29,PTBA,RG,4210,71,D,YP,AK,F
14:35:29,PTBA,RG,4210,10,D,YP,AK,F
14:35:29,PTBA,RG,4210,4,D,CC,AK,F
14:35:29,PTBA,RG,4210,50,D,YP,AK,F
14:35:29,PTBA,RG,4210,1,D,XC,AK,F
14:35:29,PTBA,RG,4210,10,D,PD,AK,F
14:35:29,PTBA,RG,4210,1,D,SQ,AK,F
14:35:29,PTBA,RG,4210,3,D,YP,AK,F
14:35:29,PTBA,RG,4210,1,D,PD,AK,F
14:35:29,PTBA,RG,4210,10,F,KZ,AK,F
14:35:29,PTBA,RG,4210,1,D,OD,AK,F
14:35:29,PTBA,RG,4210,24,D,XC,AK,F
14:35:29,PTBA,RG,4210,15,D,XC,AK,F
14:35:29,PTBA,RG,4210,1,D,PD,AK,F
14:35:29,PTBA,RG,4210,26,F,YU,AK,F
14:35:29,PTBA,RG,4210,10,D,XL,AK,F
14:35:29,PTBA,RG,4210,5,D,NI,AK,F
14:35:29,PTBA,RG,4210,25,F,YU,AK,F
14:35:29,PTBA,RG,4210,5,D,XL,AK,F
14:35:29,PTBA,RG,4210,15,D,CC,AK,F
14:35:29,PTBA,RG,4210,20,D,PD,AK,F
14:35:29,PTBA,RG,4210,73,D,XC,AK,F
14:35:29,PTBA,RG,4210,5,D,CC,AK,F
14:35:29,PTBA,RG,4210,3,D,PD,AK,F
14:35:29,PTBA,RG,4210,10,D,DH,AK,F
14:35:29,PTBA,RG,4210,70,D,NI,AK,F
14:35:29,PTBA,RG,4210,31,F,YU,AK,F
14:35:29,PTBA,RG,4210,2,D,NI,AK,F
14:35:29,PTBA,RG,4210,2,D,NI,AK,F
14:35:29,PTBA,RG,4210,1,D,YP,AK,F
14:35:29,PTBA,RG,4210,18,D,XL,AK,F
14:35:29,PTBA,RG,4210,4,D,YP,AK,F
14:35:29,PTBA,RG,4210,10,D,YP,OD,D
14:35:29,PTBA,RG,4210,1,D,NI,OD,D
14:35:29,PTBA,RG,4210,1,D,PD,OD,D
14:35:29,PTBA,RG,4210,1,D,XC,OD,D
14:35:29,PTBA,RG,4210,10,D,PD,OD,D
14:35:29,PTBA,RG,4210,200,D,CP,OD,D
14:35:29,PTBA,RG,4210,29,F,YU,OD,D
14:35:29,PTBA,RG,4210,100,D,YP,OD,D
14:35:29,PTBA,RG,4210,1,D,SQ,OD,D
14:35:29,PTBA,RG,4210,100,D,NI,OD,D
14:35:29,PTBA,RG,4210,1,D,YP,OD,D
14:35:29,PTBA,RG,4210,2,D,CC,OD,D
14:35:29,PTBA,RG,4210,1,D,PD,OD,D
14:35:29,PTBA,RG,4210,1,D,KK,OD,D
14:35:29,PTBA,RG,4210,14,D,YP,OD,D
14:35:29,PTBA,RG,4210,20,D,NI,OD,D
14:35:29,PTBA,RG,4210,3,D,NI,OD,D
14:35:29,PTBA,RG,4210,1,D,CC,OD,D
14:35:29,PTBA,RG,4210,1,D,SQ,OD,D
14:35:29,PTBA,RG,4210,50,D,XC,OD,D
14:35:29,PTBA,RG,4210,2,D,PD,OD,D
14:35:29,PTBA,RG,4210,10,D,XC,OD,D
14:35:29,PTBA,RG,4210,5,D,CC,OD,D
14:35:29,PTBA,RG,4210,8,D,YP,OD,D
14:35:29,PTBA,RG,4210,5,D,PD,OD,D
14:35:29,PTBA,RG,4210,1,D,PD,OD,D
14:35:29,PTBA,RG,4210,10,D,PD,OD,D
14:35:29,PTBA,RG,4210,1,F,KZ,OD,D
14:35:29,PTBA,RG,4210,8,D,KK,OD,D
14:35:29,PTBA,RG,4210,27,F,YU,OD,D
14:35:29,PTBA,RG,4210,5,F,CS,OD,D
14:35:29,PTBA,RG,4210,10,D,MG,OD,D
14:35:29,PTBA,RG,4210,100,D,YP,OD,D
14:35:29,PTBA,RG,4210,1,D,SQ,OD,D
14:35:29,PTBA,RG,4210,21,F,YU,OD,D
14:35:29,PTBA,RG,4210,20,D,NI,OD,D
14:35:29,PTBA,RG,4210,20,D,YP,OD,D
14:35:29,PTBA,RG,4210,10,D,NI,OD,D
14:35:29,PTBA,RG,4210,25,D,XL,OD,D
14:35:29,PTBA,RG,4210,14,F,BK,OD,D
14:35:29,PTBA,RG,4210,1,D,CC,OD,D
14:35:29,PTBA,RG,4210,1,D,PD,OD,D
14:35:29,PTBA,RG,4210,26,D,NI,OD,D
14:35:29,PTBA,RG,4210,2,D,XL,OD,D
14:35:29,PTBA,RG,4210,5,D,XC,OD,D
14:35:29,PTBA,RG,4210,2,D,YP,OD,D
14:35:29,PTBA,RG,4210,1,D,OD,OD,D
14:35:29,PTBA,RG,4210,1,D,XC,OD,D
14:35:29,PTBA,RG,4210,10,D,PD,OD,D
14:35:29,PTBA,RG,4210,3,F,CS,OD,D
14:35:29,PTBA,RG,4210,18,D,YP,OD,D
14:35:29,PTBA,RG,4210,1,D,PD,OD,D
14:35:29,PTBA,RG,4210,50,D,OD,OD,D
14:35:29,PTBA,RG,4210,12,F,CS,OD,D
14:35:29,PTBA,RG,4210,5,D,CC,OD,D
14:35:29,PTBA,RG,4210,3,D,CC,OD,D
14:35:29,PTBA,RG,4210,1,D,XL,OD,D
14:35:29,PTBA,RG,4210,1,D,YP,OD,D
14:35:29,PTBA,RG,4210,7,D,ZP,OD,D
14:35:26,PTBA,RG,4210,1,D,ZP,ZP,F
14:35:22,PTBA,RG,4210,1,D,ZP,ZP,F
14:35:18,PTBA,RG,4210,2,D,SQ,ZP,F
14:35:18,PTBA,RG,4210,3,D,YP,ZP,F
14:35:18,PTBA,RG,4210,26,D,YP,OD,D
14:35:18,PTBA,RG,4210,1,D,XL,OD,D
14:35:18,PTBA,RG,4210,2,D,DH,OD,D
14:35:18,PTBA,RG,4210,1,D,YP,OD,D
14:35:18,PTBA,RG,4210,11,F,CS,OD,D
14:35:18,PTBA,RG,4210,1,D,PD,OD,D
14:35:18,PTBA,RG,4210,1,D,YP,OD,D
14:35:18,PTBA,RG,4210,1,D,PD,OD,D
14:35:18,PTBA,RG,4210,2,D,YP,OD,D
14:35:18,PTBA,RG,4210,1,D,DH,OD,D
14:35:18,PTBA,RG,4210,16,D,AZ,OD,D
14:35:18,PTBA,RG,4210,970,D,GR,OD,D
14:35:13,PTBA,RG,4220,10,D,EP,AK,F
14:35:08,PTBA,RG,4210,21,D,GR,BK,F
14:34:55,PTBA,RG,4210,154,D,GR,OD,D
14:34:55,PTBA,RG,4210,5,D,GR,OD,D
14:34:55,PTBA,RG,4220,1,F,KZ,AK,F
14:34:55,PTBA,RG,4220,9,F,KZ,AK,F
14:34:55,PTBA,RG,4220,2,D,OD,AK,F
14:34:53,PTBA,RG,4220,1,F,KZ,AK,F
14:34:53,PTBA,RG,4220,1,F,KZ,AK,F
14:34:53,PTBA,RG,4220,1,F,KZ,AK,F
14:34:53,PTBA,RG,4220,1,F,KZ,AK,F
14:34:53,PTBA,RG,4220,1,F,KZ,AK,F
14:34:53,PTBA,RG,4220,1,F,KZ,AK,F
14:34:53,PTBA,RG,4220,3,D,OD,AK,F
14:34:48,PTBA,RG,4220,60,D,PD,AK,F
14:34:46,PTBA,RG,4210,7,D,GR,CC,D
14:34:39,PTBA,RG,4210,23,D,GR,BK,F
14:34:35,PTBA,RG,4210,6,D,GR,ZP,F
14:34:33,PTBA,RG,4220,9,D,OD,AK,F
14:34:32,PTBA,RG,4210,1,D,GR,NI,D
14:34:24,PTBA,RG,4210,5,D,GR,ZP,F
14:34:13,PTBA,RG,4210,20,D,GR,YP,D
14:34:07,PTBA,RG,4210,3,D,GR,YP,D
14:34:05,PTBA,RG,4220,4,D,OD,AK,F
14:34:00,PTBA,RG,4210,5,D,GR,YP,D
14:33:57,PTBA,RG,4210,28,D,GR,BK,F
14:33:45,PTBA,RG,4210,15,D,GR,DR,D
14:33:44,PTBA,RG,4210,2,D,GR,DR,D
14:33:35,PTBA,RG,4220,7,D,OD,AK,F
14:33:35,PTBA,RG,4220,2,D,OD,XL,D
14:33:32,PTBA,RG,4210,3,D,GR,OD,D
14:33:25,PTBA,RG,4210,20,D,GR,BK,F
14:33:06,PTBA,RG,4220,3,D,OD,XL,D
14:33:05,PTBA,RG,4210,15,D,GR,BK,F
14:32:59,PTBA,RG,4210,23,D,GR,DR,D
14:32:51,PTBA,RG,4220,9,F,CS,XL,D
14:32:51,PTBA,RG,4220,14,F,CS,YU,D
14:32:50,PTBA,RG,4220,1,D,NI,YU,D
14:32:38,PTBA,RG,4210,1,D,GR,XL,D
14:32:35,PTBA,RG,4210,36,D,GR,CC,D
14:32:34,PTBA,RG,4220,10,D,OD,YU,D
14:32:31,PTBA,RG,4210,2,D,GR,PD,D
14:32:30,PTBA,RG,4210,2,D,GR,ZP,F
14:32:30,PTBA,RG,4210,25,D,GR,BK,F
14:32:28,PTBA,RG,4210,202,D,GR,PD,D
14:32:06,PTBA,RG,4220,3,D,OD,YU,D
14:31:54,PTBA,RG,4210,10,D,GR,SQ,D
14:31:50,PTBA,RG,4210,2,D,GR,KK,D
14:31:43,PTBA,RG,4210,34,D,GR,BK,F
14:31:37,PTBA,RG,4210,97,D,GR,AK,F
14:31:30,PTBA,RG,4220,8,D,OD,YU,D
14:31:29,PTBA,RG,4220,2,D,PD,YU,D
14:31:28,PTBA,RG,4210,25,D,GR,YP,D
14:31:25,PTBA,RG,4210,26,D,GR,XL,D
14:31:06,PTBA,RG,4220,4,D,OD,YU,D
14:31:01,PTBA,RG,4210,10,D,GR,YP,D
14:31:00,PTBA,RG,4210,8,D,GR,KK,D
14:31:00,PTBA,RG,4210,2,D,GR,SQ,D
14:30:58,PTBA,RG,4210,2,D,GR,PD,D
14:30:51,PTBA,RG,4210,52,D,GR,AZ,D
14:30:43,PTBA,RG,4210,38,D,GR,BK,F
14:30:34,PTBA,RG,4220,18,F,BK,YU,D
14:30:28,PTBA,RG,4220,10,D,OD,YU,D
14:30:26,PTBA,RG,4220,30,D,DX,YU,D
14:30:26,PTBA,RG,4220,20,D,DX,ZP,F
14:30:22,PTBA,RG,4220,3,F,KZ,ZP,F
14:30:22,PTBA,RG,4220,7,F,KZ,ZP,F
14:30:22,PTBA,RG,4220,1,F,KZ,ZP,F
14:30:21,PTBA,RG,4220,5,D,NI,ZP,F
14:30:20,PTBA,RG,4220,1,F,KZ,ZP,F
14:30:20,PTBA,RG,4220,1,F,KZ,ZP,F
14:30:20,PTBA,RG,4220,2,F,KZ,ZP,F
14:30:20,PTBA,RG,4220,3,F,KZ,AK,D
14:30:20,PTBA,RG,4220,1,F,KZ,AK,D
14:30:20,PTBA,RG,4220,1,F,KZ,AK,D
14:30:20,PTBA,RG,4220,1,F,KZ,AK,D
14:30:20,PTBA,RG,4220,2,D,XL,AK,D
14:30:19,PTBA,RG,4210,1,D,GR,ZP,F
14:30:12,PTBA,RG,4210,3,D,GR,CC,D
14:30:07,PTBA,RG,4210,3,D,GR,XC,D
14:30:06,PTBA,RG,4220,3,D,OD,AK,D
14:29:54,PTBA,RG,4210,35,D,GR,BK,F
14:29:49,PTBA,RG,4210,13,D,GR,CC,D
14:29:34,PTBA,RG,4210,9,D,GR,ZP,F
14:29:31,PTBA,RG,4210,16,D,GR,BK,F
14:29:30,PTBA,RG,4220,8,D,OD,AK,D
14:29:19,PTBA,RG,4210,2,D,GR,ZP,F
14:29:09,PTBA,RG,4210,13,D,GR,DR,D
14:29:08,PTBA,RG,4220,3,D,OD,AK,D
14:29:07,PTBA,RG,4210,6,D,GR,DR,D
14:29:06,PTBA,RG,4210,18,D,GR,BK,F
14:28:43,PTBA,RG,4210,17,D,GR,BK,F
14:28:36,PTBA,RG,4210,5,D,GR,XC,D
14:28:36,PTBA,RG,4210,6,D,GR,PD,D
14:28:34,PTBA,RG,4220,9,D,OD,AK,D
14:28:27,PTBA,RG,4210,21,D,GR,DR,D
14:28:20,PTBA,RG,4210,13,D,GR,XC,D
14:28:08,PTBA,RG,4220,4,D,OD,AK,D
14:27:36,PTBA,RG,4220,2,D,OD,AK,D
14:27:36,PTBA,RG,4220,6,D,OD,NI,D
14:27:32,PTBA,RG,4210,48,D,GR,BK,F
14:27:10,PTBA,RG,4210,125,D,GR,EP,D
14:27:10,PTBA,RG,4210,746,D,GR,MG,D
14:27:10,PTBA,RG,4210,4,D,XC,MG,D
14:27:10,PTBA,RG,4210,1,D,XL,MG,D
14:27:10,PTBA,RG,4210,70,D,YP,MG,D
14:27:10,PTBA,RG,4210,1,F,AK,MG,D
14:27:10,PTBA,RG,4210,2,D,YP,MG,D
14:27:10,PTBA,RG,4210,4,D,YP,MG,D
14:27:10,PTBA,RG,4210,2,D,PD,MG,D
14:27:10,PTBA,RG,4210,50,D,PD,MG,D
14:27:10,PTBA,RG,4210,1,D,XC,MG,D
14:27:10,PTBA,RG,4210,69,F,AK,MG,D
14:27:10,PTBA,RG,4210,1,D,XC,MG,D
14:27:10,PTBA,RG,4210,15,D,YP,MG,D
14:27:10,PTBA,RG,4210,1,D,YP,MG,D
14:27:10,PTBA,RG,4210,1,F,AK,MG,D
14:27:10,PTBA,RG,4210,16,D,NI,MG,D
14:27:10,PTBA,RG,4210,1,D,YP,MG,D
14:27:10,PTBA,RG,4210,7,D,PD,MG,D
14:27:10,PTBA,RG,4210,100,D,HP,MG,D
14:27:10,PTBA,RG,4210,1,D,PD,MG,D
14:27:10,PTBA,RG,4210,5,D,YP,MG,D
14:27:10,PTBA,RG,4210,50,D,EP,MG,D
14:27:10,PTBA,RG,4210,26,F,YU,MG,D
14:27:10,PTBA,RG,4210,26,D,OD,MG,D
14:27:08,PTBA,RG,4220,3,D,OD,NI,D
14:27:08,PTBA,RG,4210,9,D,OD,ZP,F
14:27:01,PTBA,RG,4210,50,D,OD,YJ,D
14:26:50,PTBA,RG,4210,10,D,OD,XC,D
14:26:48,PTBA,RG,4210,113,D,OD,DR,D
14:26:48,PTBA,RG,4210,9,D,XC,DR,D
14:26:48,PTBA,RG,4210,10,D,NI,DR,D
14:26:48,PTBA,RG,4210,1,D,XC,DR,D
14:26:48,PTBA,RG,4210,2,D,CC,DR,D
14:26:48,PTBA,RG,4210,4,D,KK,DR,D
14:26:48,PTBA,RG,4210,10,D,YP,DR,D
14:26:48,PTBA,RG,4210,1,F,AK,DR,D
14:26:48,PTBA,RG,4210,1,D,SQ,DR,D
14:26:48,PTBA,RG,4210,5,D,SH,DR,D
14:26:48,PTBA,RG,4210,3,D,CC,DR,D
14:26:48,PTBA,RG,4210,5,D,PD,DR,D
14:26:48,PTBA,RG,4210,6,D,XC,DR,D
14:26:39,PTBA,RG,4210,1,D,CC,PD,D
14:26:39,PTBA,RG,4210,11,F,YU,PD,D
14:26:36,PTBA,RG,4220,1,D,OD,NI,D
14:26:36,PTBA,RG,4220,2,D,OD,OD,D
14:26:36,PTBA,RG,4220,6,D,OD,YP,D
14:26:25,PTBA,RG,4210,2,F,YU,PD,D
14:26:22,PTBA,RG,4210,2,F,YU,BK,F
14:26:22,PTBA,RG,4210,1,D,PD,BK,F
14:26:22,PTBA,RG,4210,10,D,XC,BK,F
14:26:22,PTBA,RG,4210,1,D,XC,BK,F
14:26:22,PTBA,RG,4210,1,D,XL,BK,F
14:26:22,PTBA,RG,4210,10,D,YP,BK,F
14:26:22,PTBA,RG,4210,5,D,YP,BK,F
14:26:22,PTBA,RG,4210,1,D,OD,BK,F
14:26:22,PTBA,RG,4210,10,D,PD,BK,F
14:26:22,PTBA,RG,4210,1,D,CC,BK,F
14:26:22,PTBA,RG,4210,7,D,YB,BK,F
14:26:15,PTBA,RG,4210,3,D,YB,AK,D
14:26:15,PTBA,RG,4210,1,D,XL,AK,D
14:26:15,PTBA,RG,4210,1,D,XL,AK,D
14:26:15,PTBA,RG,4210,50,D,DR,AK,D
14:26:15,PTBA,RG,4210,18,D,YP,AK,D
14:26:15,PTBA,RG,4210,1,D,XL,AK,D
14:26:15,PTBA,RG,4210,24,D,NI,AK,D
14:26:15,PTBA,RG,4210,20,D,NI,AK,D
14:26:15,PTBA,RG,4210,5,D,SQ,AK,D
14:26:15,PTBA,RG,4210,1,D,KK,AK,D
14:26:15,PTBA,RG,4210,1,D,XC,AK,D
14:26:15,PTBA,RG,4210,1,D,PD,AK,D
14:26:15,PTBA,RG,4210,4,D,PD,AK,D
14:26:15,PTBA,RG,4210,5,D,XC,AK,D
14:26:15,PTBA,RG,4210,5,D,YP,AK,D
14:26:15,PTBA,RG,4210,2,D,YP,AK,D
14:26:15,PTBA,RG,4210,5,D,CC,AK,D
14:26:15,PTBA,RG,4210,4,D,YB,AK,D
14:26:06,PTBA,RG,4220,4,D,OD,YP,D
14:25:42,PTBA,RG,4220,15,F,CS,YP,D
14:25:42,PTBA,RG,4220,2,F,CS,NI,D
14:25:42,PTBA,RG,4220,3,F,CS,HP,D
14:25:38,PTBA,RG,4220,2,D,YP,HP,D
14:25:36,PTBA,RG,4220,10,D,OD,HP,D
14:25:21,PTBA,RG,4210,2,D,YB,ZP,F
14:25:08,PTBA,RG,4210,10,D,YB,SQ,D
14:25:04,PTBA,RG,4220,3,D,OD,HP,D
14:25:02,PTBA,RG,4210,9,D,YB,BK,F
14:25:02,PTBA,RG,4210,3,D,PC,BK,F
14:25:02,PTBA,RG,4210,1,D,CC,BK,F
14:25:02,PTBA,RG,4210,2,D,XC,BK,F
14:25:02,PTBA,RG,4210,20,D,PD,BK,F
14:25:02,PTBA,RG,4210,1,D,XL,BK,F
14:25:02,PTBA,RG,4210,14,D,PD,BK,F
14:24:41,PTBA,RG,4210,6,D,PD,DR,D
14:24:41,PTBA,RG,4210,1,D,YP,DR,D
14:24:36,PTBA,RG,4220,9,D,OD,HP,D
14:24:20,PTBA,RG,4210,1,D,YP,OD,D
14:24:15,PTBA,RG,4210,9,D,YP,AK,D
14:24:15,PTBA,RG,4210,21,D,GR,AK,D
14:24:04,PTBA,RG,4220,3,D,OD,HP,D
14:23:55,PTBA,RG,4210,12,D,GR,DR,D
14:23:38,PTBA,RG,4220,9,D,OD,HP,D
14:23:19,PTBA,RG,4220,16,D,CC,HP,D
14:23:19,PTBA,RG,4220,16,D,CC,DR,D
14:23:19,PTBA,RG,4220,18,D,CC,ZP,F
14:23:16,PTBA,RG,4210,1,D,GR,PD,D
14:23:13,PTBA,RG,4210,5,D,GR,NI,D
14:23:06,PTBA,RG,4220,4,D,OD,BK,F
14:22:57,PTBA,RG,4220,5,F,AK,BK,F
14:22:57,PTBA,RG,4220,4,F,AK,YU,D
14:22:56,PTBA,RG,4220,1,D,XC,YU,D
14:22:40,PTBA,RG,4220,8,D,OD,YU,D
14:22:40,PTBA,RG,4220,1,F,KZ,YU,D
14:22:40,PTBA,RG,4220,1,F,KZ,YU,D
14:22:38,PTBA,RG,4210,43,D,GR,BK,F
14:22:34,PTBA,RG,4220,1,F,KZ,YU,D
14:22:34,PTBA,RG,4220,1,F,KZ,YU,D
14:22:34,PTBA,RG,4220,1,F,KZ,YU,D
14:22:34,PTBA,RG,4220,1,F,KZ,YU,D
14:22:34,PTBA,RG,4220,1,F,KZ,YU,D
14:22:34,PTBA,RG,4220,4,F,KZ,YU,D
14:22:34,PTBA,RG,4220,1,D,NI,YU,D
14:22:09,PTBA,RG,4220,2,D,PD,YU,D
14:22:08,PTBA,RG,4220,4,D,OD,YU,D
14:21:42,PTBA,RG,4220,8,D,OD,YU,D
14:21:13,PTBA,RG,4210,25,D,GR,BK,F
14:21:08,PTBA,RG,4220,3,D,OD,YU,D
14:20:56,PTBA,RG,4220,4,D,PD,YU,D
14:20:55,PTBA,RG,4220,1,D,PD,YU,D
14:20:55,PTBA,RG,4220,15,D,XC,YU,D
14:20:54,PTBA,RG,4220,26,D,PD,YU,D
14:20:50,PTBA,RG,4220,5,D,YB,YU,D
14:20:50,PTBA,RG,4210,1,D,GR,DR,D
14:20:43,PTBA,RG,4220,2,D,AT,YU,D
14:20:41,PTBA,RG,4220,5,F,BK,YU,D
14:20:41,PTBA,RG,4220,9,F,BK,XL,D
14:20:41,PTBA,RG,4220,3,F,BK,PD,D
14:20:40,PTBA,RG,4220,10,D,OD,PD,D
14:20:33,PTBA,RG,4210,1,D,GR,XL,D
14:20:19,PTBA,RG,4220,1,D,SQ,PD,D
14:20:09,PTBA,RG,4210,18,D,GR,DR,D
14:20:08,PTBA,RG,4210,1,D,GR,DR,D
14:20:04,PTBA,RG,4220,4,D,OD,PD,D
14:19:55,PTBA,RG,4210,10,D,GR,PD,D
14:19:38,PTBA,RG,4220,8,D,OD,PD,D
14:19:35,PTBA,RG,4220,1,D,YP,PD,D
14:19:29,PTBA,RG,4220,5,D,PD,PD,D
14:19:24,PTBA,RG,4210,1,D,GR,DR,D
14:19:23,PTBA,RG,4210,20,D,GR,DR,D
14:19:20,PTBA,RG,4220,13,D,XC,PD,D
14:19:10,PTBA,RG,4220,1,D,CC,PD,D
14:19:02,PTBA,RG,4220,3,D,OD,PD,D
14:18:40,PTBA,RG,4220,9,D,OD,PD,D
14:18:34,PTBA,RG,4220,1,F,KZ,PD,D
14:18:34,PTBA,RG,4220,1,F,KZ,PD,D
14:18:34,PTBA,RG,4220,1,F,KZ,PD,D
14:18:34,PTBA,RG,4220,1,F,KZ,PD,D
14:18:32,PTBA,RG,4220,1,D,XC,PD,D
14:18:18,PTBA,RG,4220,16,F,CS,PD,D
14:18:16,PTBA,RG,4220,11,D,AZ,PD,D
14:18:16,PTBA,RG,4220,5,D,AZ,ZP,F
14:18:16,PTBA,RG,4220,9,D,AZ,AK,F
14:18:04,PTBA,RG,4220,3,D,OD,AK,F
14:18:03,PTBA,RG,4220,8,D,NI,AK,F
14:17:51,PTBA,RG,4220,8,D,NI,AK,F
14:17:40,PTBA,RG,4220,3,D,TP,AK,F
14:17:40,PTBA,RG,4220,18,D,TP,ZP,F
14:17:40,PTBA,RG,4220,48,D,TP,BK,F
14:17:40,PTBA,RG,4220,31,D,TP,YP,D
14:17:40,PTBA,RG,4220,9,D,OD,YP,D
14:17:31,PTBA,RG,4220,1,D,NI,YP,D
14:17:28,PTBA,RG,4220,1,F,KZ,YP,D
14:17:22,PTBA,RG,4220,1,D,PD,YP,D
14:17:22,PTBA,RG,4210,24,D,GR,BK,F
14:17:15,PTBA,RG,4210,114,D,GR,AK,F
14:17:12,PTBA,RG,4220,7,D,AZ,YP,D
14:17:12,PTBA,RG,4220,18,D,AZ,SQ,D
14:17:06,PTBA,RG,4220,4,D,OD,SQ,D
14:16:47,PTBA,RG,4220,25,D,AZ,SQ,D
14:16:40,PTBA,RG,4220,9,D,OD,SQ,D
14:16:32,PTBA,RG,4220,3,D,EP,SQ,D
14:16:21,PTBA,RG,4220,5,D,CC,SQ,D
14:16:19,PTBA,RG,4220,25,D,AZ,SQ,D
14:16:04,PTBA,RG,4220,4,D,OD,SQ,D
14:15:52,PTBA,RG,4220,1,F,KZ,SQ,D
14:15:52,PTBA,RG,4220,1,F,KZ,SQ,D
14:15:52,PTBA,RG,4220,1,F,KZ,SQ,D
14:15:52,PTBA,RG,4220,1,F,KZ,SQ,D
14:15:52,PTBA,RG,4220,1,F,KZ,SQ,D
14:15:48,PTBA,RG,4220,1,D,NI,SQ,D
14:15:38,PTBA,RG,4220,9,D,OD,SQ,D
14:15:37,PTBA,RG,4210,14,D,GR,DR,D
14:15:36,PTBA,RG,4210,5,D,GR,DR,D
14:15:29,PTBA,RG,4220,1,D,OD,SQ,D
14:15:02,PTBA,RG,4220,2,D,OD,SQ,D
14:14:51,PTBA,RG,4210,21,D,GR,DR,D
14:14:50,PTBA,RG,4220,2,D,YP,SQ,D
14:14:46,PTBA,RG,4220,1,D,NI,SQ,D
14:14:40,PTBA,RG,4220,8,D,OD,SQ,D
14:14:14,PTBA,RG,4220,2,D,YP,SQ,D
14:14:04,PTBA,RG,4220,5,D,YP,SQ,D
14:14:04,PTBA,RG,4220,3,D,OD,SQ,D
14:13:37,PTBA,RG,4210,1,D,GR,PD,D
14:13:36,PTBA,RG,4220,7,D,OD,SQ,D
14:13:30,PTBA,RG,4210,15,D,GR,XC,D
14:13:10,PTBA,RG,4220,1,D,PD,SQ,D
14:13:02,PTBA,RG,4220,3,D,OD,SQ,D
14:12:52,PTBA,RG,4210,1,D,GR,XC,D
14:12:40,PTBA,RG,4210,3,D,GR,CC,D
14:12:37,PTBA,RG,4220,15,D,PD,SQ,D
14:12:34,PTBA,RG,4220,6,D,OD,SQ,D
14:12:26,PTBA,RG,4220,16,F,CS,SQ,D
14:12:02,PTBA,RG,4220,2,D,OD,SQ,D
14:12:00,PTBA,RG,4220,6,F,AK,SQ,D
14:11:52,PTBA,RG,4220,20,D,YP,SQ,D
14:11:43,PTBA,RG,4210,2,D,GR,DR,D
14:11:40,PTBA,RG,4220,1,D,XC,SQ,D
14:11:36,PTBA,RG,4220,6,D,OD,SQ,D
14:11:31,PTBA,RG,4220,5,D,PD,SQ,D
14:11:04,PTBA,RG,4220,3,D,OD,SQ,D
14:11:01,PTBA,RG,4210,19,D,GR,DR,D
14:10:36,PTBA,RG,4220,7,D,OD,SQ,D
14:10:30,PTBA,RG,4220,1,F,AK,SQ,D
14:10:20,PTBA,RG,4210,1,D,GR,DR,D
14:10:19,PTBA,RG,4210,18,D,GR,DR,D
14:10:04,PTBA,RG,4220,25,D,AZ,SQ,D
14:10:02,PTBA,RG,4220,2,D,OD,SQ,D
14:09:57,PTBA,RG,4210,250,D,GR,ZP,D
14:09:43,PTBA,RG,4220,1,D,XC,SQ,D
14:09:34,PTBA,RG,4220,6,D,OD,SQ,D
14:09:15,PTBA,RG,4220,16,D,PD,SQ,D
14:09:04,PTBA,RG,4220,3,D,OD,SQ,D
14:09:01,PTBA,RG,4220,43,D,YP,SQ,D
14:08:32,PTBA,RG,4220,7,D,OD,SQ,D
14:08:31,PTBA,RG,4220,1,D,OD,SQ,D
14:08:31,PTBA,RG,4220,4,D,PD,SQ,D
14:08:18,PTBA,RG,4220,25,D,AZ,SQ,D
14:08:02,PTBA,RG,4220,3,D,OD,SQ,D
14:07:52,PTBA,RG,4210,1,D,GR,PD,D
14:07:47,PTBA,RG,4220,2,D,XL,SQ,D
14:07:34,PTBA,RG,4220,7,D,OD,SQ,D
14:07:04,PTBA,RG,4220,2,D,OD,SQ,D
14:07:04,PTBA,RG,4220,1,D,XC,SQ,D
14:06:58,PTBA,RG,4220,2,D,XC,SQ,D
14:06:36,PTBA,RG,4220,7,D,OD,SQ,D
14:06:36,PTBA,RG,4210,6,D,GR,DR,D
14:06:34,PTBA,RG,4210,6,D,GR,DR,D
14:06:28,PTBA,RG,4210,12,D,GR,PD,D
14:06:26,PTBA,RG,4220,1,D,OD,SQ,D
14:06:08,PTBA,RG,4220,1,D,OD,SQ,D
14:06:04,PTBA,RG,4220,3,D,OD,SQ,D
14:05:46,PTBA,RG,4210,14,D,GR,DR,D
14:05:40,PTBA,RG,4220,5,D,GR,SQ,D
14:05:39,PTBA,RG,4220,50,D,YP,SQ,D
14:05:38,PTBA,RG,4220,6,D,OD,SQ,D
14:05:33,PTBA,RG,4220,5,D,PD,SQ,D
14:05:26,PTBA,RG,4220,10,D,XC,SQ,D
14:05:10,PTBA,RG,4220,32,F,YU,SQ,D
14:05:06,PTBA,RG,4220,25,D,AZ,SQ,D
14:05:04,PTBA,RG,4220,2,D,OD,SQ,D
14:05:03,PTBA,RG,4220,84,F,AK,SQ,D
14:05:03,PTBA,RG,4220,10,F,AK,SQ,D
14:05:03,PTBA,RG,4220,128,F,AK,SQ,D
14:05:03,PTBA,RG,4220,30,F,AK,BK,F
14:05:03,PTBA,RG,4220,19,F,AK,BK,F
14:05:03,PTBA,RG,4220,1,F,AK,PD,D
14:05:02,PTBA,RG,4220,13,D,SQ,ZP,F
14:05:02,PTBA,RG,4220,9,D,SQ,ZP,F
14:05:02,PTBA,RG,4220,4,D,SQ,ZP,F
14:05:02,PTBA,RG,4220,200,D,SQ,YU,D
14:05:02,PTBA,RG,4220,52,D,SQ,BK,F
14:05:02,PTBA,RG,4220,200,D,SQ,GR,D
14:05:02,PTBA,RG,4220,33,D,SQ,ZP,F
14:05:02,PTBA,RG,4220,40,D,SQ,AK,F
14:05:02,PTBA,RG,4220,27,D,SQ,AK,D
14:05:02,PTBA,RG,4220,44,D,SQ,AK,D
14:05:02,PTBA,RG,4220,140,D,SQ,BK,F
14:05:02,PTBA,RG,4220,1,D,SQ,ZP,F
14:05:02,PTBA,RG,4220,4,D,SQ,ZP,F
14:05:02,PTBA,RG,4220,233,D,SQ,OD,D
14:04:55,PTBA,RG,4210,2,D,GR,SQ,D
14:04:42,PTBA,RG,4210,15,D,GR,BK,F
14:04:38,PTBA,RG,4220,5,D,YP,OD,D
14:04:36,PTBA,RG,4220,7,D,OD,OD,D
14:04:24,PTBA,RG,4220,16,D,NI,OD,D
14:04:04,PTBA,RG,4220,3,D,OD,OD,D
14:03:59,PTBA,RG,4220,10,D,LG,OD,D
14:03:49,PTBA,RG,4210,123,D,GR,AK,D
14:03:41,PTBA,RG,4210,20,D,GR,BK,F
14:03:38,PTBA,RG,4210,1,D,GR,DX,D
14:03:36,PTBA,RG,4220,6,D,OD,OD,D
14:03:02,PTBA,RG,4220,2,D,OD,OD,D
14:02:36,PTBA,RG,4220,7,D,OD,OD,D
14:02:30,PTBA,RG,4210,3,D,GR,XC,D
14:02:16,PTBA,RG,4210,30,D,GR,BK,F
14:02:14,PTBA,RG,4210,9,D,GR,PD,D
14:02:06,PTBA,RG,4210,1,D,GR,PD,D
14:02:02,PTBA,RG,4220,3,D,OD,OD,D
14:01:39,PTBA,RG,4210,4,D,GR,SQ,D
14:01:34,PTBA,RG,4220,6,D,OD,OD,D
14:01:29,PTBA,RG,4210,3,D,GR,DX,D
14:01:06,PTBA,RG,4210,25,D,GR,DR,D
14:01:04,PTBA,RG,4220,2,D,OD,OD,D
14:01:01,PTBA,RG,4220,8,D,CC,OD,D
14:00:47,PTBA,RG,4210,31,D,GR,BK,F
14:00:34,PTBA,RG,4220,7,D,OD,OD,D
14:00:06,PTBA,RG,4220,3,D,OD,OD,D
13:59:58,PTBA,RG,4210,1,D,GR,PD,D
13:59:57,PTBA,RG,4210,5,D,GR,CC,D
13:59:40,PTBA,RG,4210,2,D,GR,YU,D
13:59:36,PTBA,RG,4220,6,D,OD,OD,D
13:59:24,PTBA,RG,4210,5,D,GR,EP,D
13:59:20,PTBA,RG,4210,30,D,GR,BK,F
13:59:11,PTBA,RG,4220,1,D,YP,OD,D
13:59:04,PTBA,RG,4220,3,D,OD,OD,D
13:58:38,PTBA,RG,4220,6,D,OD,OD,D
13:58:28,PTBA,RG,4210,18,D,GR,BK,F
13:58:04,PTBA,RG,4220,2,D,OD,OD,D
13:57:40,PTBA,RG,4210,4,D,GR,YP,D
13:57:36,PTBA,RG,4220,7,D,OD,OD,D
13:57:31,PTBA,RG,4220,5,D,XC,OD,D
13:57:29,PTBA,RG,4220,1,D,XC,OD,D
13:57:23,PTBA,RG,4220,34,D,YP,OD,D
13:57:21,PTBA,RG,4210,1,D,GR,YP,D
13:57:06,PTBA,RG,4220,3,D,OD,OD,D
13:56:41,PTBA,RG,4220,1,D,XC,OD,D
13:56:38,PTBA,RG,4220,6,D,OD,OD,D
13:56:35,PTBA,RG,4220,1,D,YP,OD,D
13:56:24,PTBA,RG,4220,10,D,CC,OD,D
13:56:22,PTBA,RG,4220,16,D,NI,OD,D
13:56:20,PTBA,RG,4210,5,D,GR,PD,D
13:56:19,PTBA,RG,4220,50,D,DR,OD,D
13:56:19,PTBA,RG,4220,2,D,OD,OD,D
13:56:14,PTBA,RG,4220,20,D,ZP,OD,D
13:56:04,PTBA,RG,4220,2,D,OD,OD,D
13:55:48,PTBA,RG,4220,16,D,NI,OD,D
13:55:38,PTBA,RG,4210,12,D,GR,XC,D
13:55:36,PTBA,RG,4220,7,D,OD,OD,D
13:55:34,PTBA,RG,4210,17,D,GR,CC,D
13:55:27,PTBA,RG,4220,21,F,YU,OD,D
13:55:25,PTBA,RG,4220,45,F,ZP,OD,D
13:55:20,PTBA,RG,4220,10,D,KK,OD,D
13:55:16,PTBA,RG,4220,2,D,YP,OD,D
13:55:16,PTBA,RG,4220,83,F,AK,OD,D
13:55:07,PTBA,RG,4220,25,D,AZ,OD,D
13:55:06,PTBA,RG,4220,3,D,OD,OD,D
13:55:05,PTBA,RG,4210,1,D,GR,XL,D
13:55:03,PTBA,RG,4210,70,D,GR,GR,D
13:54:38,PTBA,RG,4220,1,D,XL,OD,D
13:54:36,PTBA,RG,4220,6,D,OD,OD,D
13:54:06,PTBA,RG,4220,2,D,OD,OD,D
13:53:50,PTBA,RG,4220,1,D,XC,OD,D
13:53:46,PTBA,RG,4210,1,D,GR,PD,D
13:53:38,PTBA,RG,4220,7,D,OD,OD,D
13:53:18,PTBA,RG,4220,5,D,XC,OD,D
13:53:06,PTBA,RG,4220,3,D,OD,OD,D
13:52:50,PTBA,RG,4210,50,D,GR,PD,D
13:52:39,PTBA,RG,4220,19,D,CC,OD,D
13:52:38,PTBA,RG,4220,100,D,OD,OD,D
13:52:13,PTBA,RG,4220,10,D,KK,OD,D
13:52:12,PTBA,RG,4210,140,D,GR,PD,D
13:52:12,PTBA,RG,4210,10,D,CC,PD,D
13:51:55,PTBA,RG,4220,5,F,CS,OD,D
13:51:55,PTBA,RG,4220,7,D,OD,OD,D
13:51:55,PTBA,RG,4220,1,F,KZ,OD,D
13:51:55,PTBA,RG,4220,1,F,AK,OD,D
13:51:55,PTBA,RG,4220,1,F,AK,OD,D
13:51:55,PTBA,RG,4220,16,D,NI,OD,D
13:51:55,PTBA,RG,4220,18,F,BK,OD,D
13:51:55,PTBA,RG,4220,2,D,OD,OD,D
13:51:55,PTBA,RG,4220,16,D,NI,OD,D
13:51:55,PTBA,RG,4220,2,D,XC,OD,D
13:51:55,PTBA,RG,4220,8,F,CS,OD,D
13:51:55,PTBA,RG,4220,1,D,NI,OD,D
13:51:55,PTBA,RG,4220,6,D,YP,OD,D
13:51:55,PTBA,RG,4220,11,D,PD,OD,D
13:51:55,PTBA,RG,4220,6,F,CS,OD,D
13:51:55,PTBA,RG,4220,1,D,PD,OD,D
13:51:55,PTBA,RG,4220,2,D,CC,OD,D
13:51:55,PTBA,RG,4220,25,D,GR,OD,D
13:51:55,PTBA,RG,4220,5,D,YP,OD,D
13:51:55,PTBA,RG,4220,2,D,NI,OD,D
13:51:55,PTBA,RG,4220,4,D,YP,OD,D
13:51:45,PTBA,RG,4220,6,D,YP,ZP,F
13:51:45,PTBA,RG,4220,1,D,DR,ZP,F
13:51:45,PTBA,RG,4220,4,D,DR,OD,D
13:51:45,PTBA,RG,4220,20,D,CC,OD,D
13:51:45,PTBA,RG,4220,1,F,AK,OD,D
13:51:45,PTBA,RG,4220,2,D,PD,OD,D
13:51:45,PTBA,RG,4220,5,D,PD,OD,D
13:51:45,PTBA,RG,4220,1000,D,KK,OD,D
13:51:45,PTBA,RG,4220,1,D,XC,OD,D
13:51:45,PTBA,RG,4220,7,D,PD,OD,D
13:51:45,PTBA,RG,4220,1,F,AK,OD,D
13:51:45,PTBA,RG,4220,50,D,EP,OD,D
13:51:40,PTBA,RG,4230,7,D,OD,AK,F
13:51:39,PTBA,RG,4230,2,D,YP,AK,F
13:51:10,PTBA,RG,4230,3,D,OD,AK,F
13:50:55,PTBA,RG,4230,2,D,XC,AK,F
13:50:40,PTBA,RG,4230,6,D,OD,AK,F
13:50:34,PTBA,RG,4220,8,D,KZ,YP,D
13:50:34,PTBA,RG,4220,1,D,CC,YP,D
13:50:34,PTBA,RG,4220,1,F,KZ,YP,D
13:50:34,PTBA,RG,4220,2,F,KZ,YP,D
13:50:34,PTBA,RG,4220,2,D,NI,YP,D
13:50:34,PTBA,RG,4220,2,D,XC,YP,D
13:50:34,PTBA,RG,4220,5,D,NI,YP,D
13:50:34,PTBA,RG,4220,5,D,XC,YP,D
13:50:34,PTBA,RG,4220,1,D,XC,YP,D
13:50:34,PTBA,RG,4220,5,D,CC,YP,D
13:50:34,PTBA,RG,4220,8,F,CS,YP,D
13:50:34,PTBA,RG,4220,1,D,XC,YP,D
13:50:34,PTBA,RG,4220,9,D,LS,YP,D
13:50:28,PTBA,RG,4220,91,D,LS,NI,D
13:50:28,PTBA,RG,4220,16,D,NI,NI,D
13:50:26,PTBA,RG,4220,3,D,NI,SQ,D
13:50:22,PTBA,RG,4230,1,D,PD,AK,F
13:50:10,PTBA,RG,4230,2,D,OD,AK,F
13:49:57,PTBA,RG,4230,5,D,YP,AK,F
13:49:53,PTBA,RG,4220,10,D,NI,YP,D
13:49:49,PTBA,RG,4230,7,D,YP,AK,F
13:49:47,PTBA,RG,4220,10,D,NI,YP,D
13:49:40,PTBA,RG,4230,6,D,OD,AK,F
13:49:10,PTBA,RG,4230,3,D,OD,AK,F
13:48:38,PTBA,RG,4230,7,D,OD,AK,F
13:48:24,PTBA,RG,4220,1,D,NI,PD,D
13:48:24,PTBA,RG,4220,1,F,KZ,PD,D
13:48:24,PTBA,RG,4220,18,F,CC,PD,D
13:48:08,PTBA,RG,4230,3,D,OD,AK,F
13:47:54,PTBA,RG,4230,5,D,AR,AK,F
13:47:40,PTBA,RG,4230,7,D,OD,AK,F
13:47:27,PTBA,RG,4230,10,D,AI,AK,F
13:47:21,PTBA,RG,4220,1,F,CC,DH,D
13:47:17,PTBA,RG,4230,1,D,LG,AK,F
13:47:06,PTBA,RG,4230,2,D,OD,AK,F
13:47:00,PTBA,RG,4230,7,D,KK,AK,F
13:46:40,PTBA,RG,4230,6,D,OD,AK,F
13:46:10,PTBA,RG,4230,24,D,XL,AK,F
13:46:04,PTBA,RG,4230,2,D,OD,AK,F
13:45:57,PTBA,RG,4230,10,D,KK,AK,F
13:45:48,PTBA,RG,4220,2,F,CC,YP,D
13:45:43,PTBA,RG,4220,4,F,CC,OD,D
13:45:43,PTBA,RG,4220,6,D,LG,OD,D
13:45:42,PTBA,RG,4230,6,D,OD,AK,F
13:45:42,PTBA,RG,4230,1,D,OD,AK,F
13:45:42,PTBA,RG,4220,17,D,LG,CC,D
13:45:16,PTBA,RG,4220,2,D,LG,DH,D
13:45:15,PTBA,RG,4220,4,D,LG,XC,D
13:45:11,PTBA,RG,4220,11,D,LG,AT,D
13:45:03,PTBA,RG,4220,25,D,LG,XC,D
13:44:57,PTBA,RG,4220,3,D,LG,OD,D
13:44:57,PTBA,RG,4220,31,D,LG,YP,D
13:44:57,PTBA,RG,4220,251,D,LG,BK,F
13:44:57,PTBA,RG,4220,650,D,LG,OD,D
13:44:53,PTBA,RG,4210,26,D,CC,BK,F
13:44:50,PTBA,RG,4220,1,D,XC,OD,D
13:44:47,PTBA,RG,4220,5,D,XL,OD,D
13:44:46,PTBA,RG,4220,2,D,KK,OD,D
13:44:44,PTBA,RG,4220,17,D,XL,OD,D
13:44:43,PTBA,RG,4220,1,D,OD,OD,D
13:44:36,PTBA,RG,4220,1,D,YP,OD,D
13:44:27,PTBA,RG,4220,123,D,XL,OD,D
13:44:23,PTBA,RG,4220,30,D,NI,OD,D
13:44:23,PTBA,RG,4220,10,D,YB,OD,D
13:44:23,PTBA,RG,4220,50,D,HP,OD,D
13:44:23,PTBA,RG,4220,2,D,XL,OD,D
13:44:23,PTBA,RG,4220,39,F,KZ,OD,D
13:44:23,PTBA,RG,4220,2,F,KZ,OD,D
13:44:23,PTBA,RG,4220,10,D,YB,OD,D
13:44:23,PTBA,RG,4220,3,D,OD,OD,D
13:44:23,PTBA,RG,4220,1,F,KZ,OD,D
13:44:23,PTBA,RG,4220,10,F,KZ,OD,D
13:44:23,PTBA,RG,4220,2,F,KZ,OD,D
13:44:23,PTBA,RG,4220,1,F,KZ,OD,D
13:44:23,PTBA,RG,4220,1,F,KZ,OD,D
13:44:23,PTBA,RG,4220,25,D,XL,OD,D
13:44:23,PTBA,RG,4220,8,D,OD,OD,D
13:44:23,PTBA,RG,4220,6,D,YB,OD,D
13:44:22,PTBA,RG,4230,15,D,CC,AK,F
13:44:06,PTBA,RG,4230,20,D,PD,AK,F
13:44:04,PTBA,RG,4220,1,D,YB,YP,D
13:44:04,PTBA,RG,4220,39,D,YB,YP,D
13:44:04,PTBA,RG,4220,4,D,YB,AK,D
13:44:02,PTBA,RG,4210,60,D,CC,AZ,D
13:43:59,PTBA,RG,4210,3,D,CC,GR,D
13:43:59,PTBA,RG,4210,1,D,XL,GR,D
13:43:59,PTBA,RG,4210,3,D,YP,GR,D
13:43:59,PTBA,RG,4210,1,D,PD,GR,D
13:43:59,PTBA,RG,4210,92,D,GR,GR,D
13:43:59,PTBA,RG,4210,64,D,GR,AZ,D
13:43:56,PTBA,RG,4220,40,D,NI,AK,D
13:43:56,PTBA,RG,4220,25,D,AZ,AK,D
13:43:55,PTBA,RG,4220,8,D,XC,AK,D
13:43:55,PTBA,RG,4210,51,D,GR,AZ,D
13:43:52,PTBA,RG,4210,124,D,GR,AZ,D
13:43:50,PTBA,RG,4220,20,D,NI,AK,D
13:43:49,PTBA,RG,4210,120,D,GR,AI,D
13:43:49,PTBA,RG,4210,395,D,GR,AZ,D
13:43:47,PTBA,RG,4220,10,D,YP,AK,D
13:43:47,PTBA,RG,4220,3,D,YP,OD,D
13:43:47,PTBA,RG,4220,12,D,YP,ZP,F
13:43:46,PTBA,RG,4210,305,D,GR,AZ,D
13:43:43,PTBA,RG,4210,65,D,GR,AI,D
13:43:43,PTBA,RG,4220,100,D,HP,ZP,F
13:43:42,PTBA,RG,4210,125,D,GR,AI,D
13:43:42,PTBA,RG,4210,216,D,GR,AZ,D
13:43:42,PTBA,RG,4210,1,D,GR,PD,D
13:43:39,PTBA,RG,4210,87,D,GR,AI,D
13:43:38,PTBA,RG,4210,355,D,GR,AZ,D
13:43:38,PTBA,RG,4210,3,D,KK,AZ,D
13:43:38,PTBA,RG,4210,2,D,NI,AZ,D
13:43:38,PTBA,RG,4210,1,D,PD,AZ,D
13:43:38,PTBA,RG,4210,20,D,CC,AZ,D
13:43:38,PTBA,RG,4210,1,D,NI,AZ,D
13:43:38,PTBA,RG,4210,1,D,YP,AZ,D
13:43:38,PTBA,RG,4210,2,D,YP,AZ,D
13:43:38,PTBA,RG,4210,2,D,YP,AZ,D
13:43:38,PTBA,RG,4210,2,D,PD,AZ,D
13:43:38,PTBA,RG,4210,10,D,YP,AZ,D
13:43:38,PTBA,RG,4210,1,D,XC,AZ,D
13:43:38,PTBA,RG,4210,1,D,NI,AZ,D
13:43:38,PTBA,RG,4210,2,D,BQ,AZ,D
13:43:38,PTBA,RG,4210,50,D,YP,AZ,D
13:43:38,PTBA,RG,4210,1,D,XL,AZ,D
13:43:38,PTBA,RG,4210,14,D,DR,AZ,D
13:43:38,PTBA,RG,4210,1,D,HP,AZ,D
13:43:38,PTBA,RG,4210,50,D,DR,AZ,D
13:43:38,PTBA,RG,4210,1,D,PD,AZ,D
13:43:38,PTBA,RG,4210,11,D,AT,AZ,D
13:43:38,PTBA,RG,4210,10,D,CC,AZ,D
13:43:38,PTBA,RG,4210,2,D,YP,AZ,D
13:43:38,PTBA,RG,4210,1,D,XC,AZ,D
13:43:38,PTBA,RG,4210,30,D,YP,AZ,D
13:43:38,PTBA,RG,4210,6,D,DH,AZ,D
13:43:38,PTBA,RG,4210,50,D,SQ,AZ,D
13:43:38,PTBA,RG,4210,1,D,PD,AZ,D
13:43:38,PTBA,RG,4210,1,D,XA,AZ,D
13:43:38,PTBA,RG,4210,2,D,RG,AZ,D
13:43:38,PTBA,RG,4210,5,D,XC,AZ,D
13:43:38,PTBA,RG,4210,1,D,PD,AZ,D
13:43:38,PTBA,RG,4210,111,D,GR,AZ,D
13:43:37,PTBA,RG,4210,574,D,GR,AI,D
13:43:37,PTBA,RG,4210,80,D,XL,AI,D
13:43:37,PTBA,RG,4210,6,D,EP,AI,D
13:43:37,PTBA,RG,4210,542,D,CP,AI,D
13:43:36,PTBA,RG,4210,284,D,CP,AI,D
13:43:34,PTBA,RG,4210,174,D,CP,AZ,D
13:43:34,PTBA,RG,4210,2,D,XL,AZ,D
13:43:34,PTBA,RG,4210,3,D,YP,AZ,D
13:43:34,PTBA,RG,4210,16,D,ZP,AZ,D
13:43:34,PTBA,RG,4210,4,D,ZP,AZ,D
13:43:34,PTBA,RG,4210,4,D,ZP,AZ,D
13:43:34,PTBA,RG,4210,4,D,ZP,AZ,D
13:43:34,PTBA,RG,4210,4,D,ZP,AZ,D
13:43:34,PTBA,RG,4210,4,D,ZP,AZ,D
13:43:34,PTBA,RG,4210,4,D,ZP,AZ,D
13:43:34,PTBA,RG,4210,4,D,ZP,AZ,D
13:43:34,PTBA,RG,4210,4,D,ZP,AZ,D
13:43:34,PTBA,RG,4210,4,D,ZP,AZ,D
13:43:34,PTBA,RG,4210,4,D,ZP,AZ,D
13:43:34,PTBA,RG,4210,4,D,ZP,AZ,D
13:43:34,PTBA,RG,4210,4,D,ZP,AZ,D
13:43:34,PTBA,RG,4210,4,D,ZP,AZ,D
13:43:34,PTBA,RG,4210,4,D,ZP,AZ,D
13:43:34,PTBA,RG,4210,4,D,ZP,AZ,D
13:43:34,PTBA,RG,4210,4,D,ZP,AZ,D
13:43:34,PTBA,RG,4210,4,D,ZP,AZ,D
13:43:34,PTBA,RG,4210,4,D,ZP,AZ,D
13:43:34,PTBA,RG,4210,4,D,ZP,AZ,D
13:43:34,PTBA,RG,4210,4,D,ZP,AZ,D
13:43:34,PTBA,RG,4210,4,D,ZP,AZ,D
13:43:34,PTBA,RG,4210,3,D,PD,AZ,D
13:43:34,PTBA,RG,4210,1,D,NI,AZ,D
13:43:34,PTBA,RG,4210,25,D,PD,AZ,D
13:43:34,PTBA,RG,4210,1,D,XC,AZ,D
13:43:34,PTBA,RG,4210,1,D,PD,AZ,D
13:43:34,PTBA,RG,4210,3,D,YP,AZ,D
13:43:34,PTBA,RG,4210,1,D,PD,AZ,D
13:43:34,PTBA,RG,4210,8,D,CC,AZ,D
13:43:34,PTBA,RG,4210,1,D,YB,AZ,D
13:43:34,PTBA,RG,4210,1,D,PD,AZ,D
13:43:34,PTBA,RG,4210,2,D,XC,AZ,D
13:43:34,PTBA,RG,4210,344,D,GR,AZ,D
13:43:33,PTBA,RG,4210,10,D,GR,XC,D
13:43:32,PTBA,RG,4210,2224,D,GR,AI,D
13:43:31,PTBA,RG,4210,65,D,GR,AI,D
13:43:31,PTBA,RG,4220,29,F,CC,AK,D
13:43:31,PTBA,RG,4220,29,F,CC,AK,D
13:43:31,PTBA,RG,4220,38,F,CC,OD,D
13:43:31,PTBA,RG,4220,1,F,CC,CC,D
13:43:31,PTBA,RG,4220,390,F,CC,YB,D
13:43:30,PTBA,RG,4220,1,D,XC,YB,D
13:43:28,PTBA,RG,4220,5,F,CS,YB,D
13:43:27,PTBA,RG,4220,4,D,NI,YB,D
13:43:27,PTBA,RG,4220,1,D,NI,ZP,F
13:43:27,PTBA,RG,4220,3,F,CC,PD,D
13:43:27,PTBA,RG,4220,2,F,CC,PD,D
13:43:27,PTBA,RG,4220,10,F,CC,PD,D
13:43:27,PTBA,RG,4210,3,D,GR,PD,D
13:43:27,PTBA,RG,4210,1354,D,GR,AZ,D
13:43:27,PTBA,RG,4210,3,D,NI,AZ,D
13:43:27,PTBA,RG,4210,1,D,CC,AZ,D
13:43:27,PTBA,RG,4210,15,D,PD,AZ,D
13:43:27,PTBA,RG,4210,24,D,PD,AZ,D
13:43:27,PTBA,RG,4210,1,D,PD,AZ,D
13:43:27,PTBA,RG,4210,5,D,PD,AZ,D
13:43:27,PTBA,RG,4210,20,D,PD,AZ,D
13:43:27,PTBA,RG,4210,1,D,KK,AZ,D
13:43:27,PTBA,RG,4210,1,D,PD,AZ,D
13:43:27,PTBA,RG,4210,25,D,PD,AZ,D
13:43:27,PTBA,RG,4210,2,D,AT,AZ,D
13:43:27,PTBA,RG,4210,5,D,CC,AZ,D
13:43:27,PTBA,RG,4210,1,D,XC,AZ,D
13:43:27,PTBA,RG,4210,1,D,DH,AZ,D
13:43:27,PTBA,RG,4210,5,D,AR,AZ,D
13:43:27,PTBA,RG,4220,5,D,YP,AZ,D
13:43:27,PTBA,RG,4220,24,F,YU,AZ,D
13:43:27,PTBA,RG,4220,2,D,XC,AZ,D
13:43:27,PTBA,RG,4220,1,D,PD,AZ,D
13:43:27,PTBA,RG,4220,1,D,YP,AZ,D
13:43:27,PTBA,RG,4220,5,D,NI,AZ,D
13:43:27,PTBA,RG,4220,80,D,NI,AZ,D
13:43:27,PTBA,RG,4220,2,D,XC,AZ,D
13:43:27,PTBA,RG,4220,25,D,PD,AZ,D
13:43:27,PTBA,RG,4220,2,D,PD,AZ,D
13:43:27,PTBA,RG,4220,1,D,PD,AZ,D
13:43:27,PTBA,RG,4220,1,D,PD,AZ,D
13:43:27,PTBA,RG,4220,1,D,XL,AZ,D
13:43:27,PTBA,RG,4220,2,D,XL,AZ,D
13:43:27,PTBA,RG,4220,43,D,KZ,AZ,D
13:43:27,PTBA,RG,4220,1,D,XL,AZ,D
13:43:27,PTBA,RG,4220,150,D,YP,AZ,D
13:43:27,PTBA,RG,4220,2,D,YP,AZ,D
13:43:27,PTBA,RG,4220,3,D,XL,AZ,D
13:43:27,PTBA,RG,4220,3,D,CC,AZ,D
13:43:27,PTBA,RG,4220,17,D,OD,AZ,D
13:43:27,PTBA,RG,4220,5,D,OD,AZ,D
13:43:27,PTBA,RG,4220,5,D,CC,AZ,D
13:43:27,PTBA,RG,4220,116,D,PD,AZ,D
13:43:27,PTBA,RG,4220,10,D,PD,AZ,D
13:43:27,PTBA,RG,4220,33,D,HP,AZ,D
13:43:27,PTBA,RG,4220,6,D,IF,AZ,D
13:43:27,PTBA,RG,4220,1,D,PD,AZ,D
13:43:27,PTBA,RG,4220,2,D,PD,AZ,D
13:43:27,PTBA,RG,4220,1,D,PD,AZ,D
13:43:27,PTBA,RG,4220,1,D,XL,AZ,D
13:43:27,PTBA,RG,4220,50,D,XL,AZ,D
13:43:27,PTBA,RG,4220,29,D,YP,AZ,D
13:43:27,PTBA,RG,4220,4,D,PD,AZ,D
13:43:27,PTBA,RG,4220,3,D,SQ,AZ,D
13:43:27,PTBA,RG,4220,15,D,PD,AZ,D
13:43:27,PTBA,RG,4220,2,D,XC,AZ,D
13:43:27,PTBA,RG,4220,5,D,CC,AZ,D
13:43:27,PTBA,RG,4220,2,D,PD,AZ,D
13:43:27,PTBA,RG,4220,1,D,PD,AZ,D
13:43:27,PTBA,RG,4220,3,D,PD,AZ,D
13:43:27,PTBA,RG,4220,1,D,KK,AZ,D
13:43:27,PTBA,RG,4220,1,D,XC,AZ,D
13:43:27,PTBA,RG,4220,3,D,XC,AZ,D
13:43:27,PTBA,RG,4220,15,D,PD,AZ,D
13:43:27,PTBA,RG,4220,9,D,ZP,AZ,D
13:43:27,PTBA,RG,4220,2,D,YP,AZ,D
13:43:27,PTBA,RG,4220,1,D,KK,AZ,D
13:43:27,PTBA,RG,4220,1,D,OD,AZ,D
13:43:27,PTBA,RG,4220,20,D,PD,AZ,D
13:43:27,PTBA,RG,4220,1,D,NI,AZ,D
13:43:27,PTBA,RG,4220,25,D,AT,AZ,D
13:43:27,PTBA,RG,4220,2,D,PD,AZ,D
13:43:27,PTBA,RG,4220,1,D,NI,AZ,D
13:43:27,PTBA,RG,4220,1,D,YP,AZ,D
13:43:27,PTBA,RG,4220,2,D,YP,AZ,D
13:43:27,PTBA,RG,4220,30,D,AI,AZ,D
13:43:27,PTBA,RG,4220,2,D,YP,AZ,D
13:43:27,PTBA,RG,4220,2,D,YP,AZ,D
13:43:27,PTBA,RG,4220,3,D,AG,AZ,D
13:43:27,PTBA,RG,4220,5,D,YP,AZ,D
13:43:27,PTBA,RG,4220,1,D,PD,AZ,D
13:43:27,PTBA,RG,4220,1,D,PD,AZ,D
13:43:27,PTBA,RG,4220,10,D,KK,AZ,D
13:43:27,PTBA,RG,4220,1,D,HP,AZ,D
13:43:27,PTBA,RG,4220,5,D,YP,AZ,D
13:43:27,PTBA,RG,4220,1,D,PD,AZ,D
13:43:27,PTBA,RG,4220,5,D,XL,AZ,D
13:43:27,PTBA,RG,4220,1,D,GR,AZ,D
13:43:27,PTBA,RG,4220,3,D,PD,AZ,D
13:43:27,PTBA,RG,4220,5,D,PD,AZ,D
13:43:27,PTBA,RG,4220,13,D,CC,AZ,D
13:43:27,PTBA,RG,4220,5,D,AZ,AZ,D
13:43:27,PTBA,RG,4220,2,D,KK,AZ,D
13:43:27,PTBA,RG,4220,5,D,LG,AZ,D
13:43:27,PTBA,RG,4220,10,D,PD,AZ,D
13:43:27,PTBA,RG,4220,100,D,DH,AZ,D
13:43:27,PTBA,RG,4220,2,D,SQ,AZ,D
13:43:27,PTBA,RG,4220,4,D,XC,AZ,D
13:43:27,PTBA,RG,4220,4,D,CC,AZ,D
13:43:27,PTBA,RG,4220,4,D,XC,AZ,D
13:43:27,PTBA,RG,4220,5,D,CC,AZ,D
13:43:27,PTBA,RG,4220,5,D,XL,AZ,D
13:43:27,PTBA,RG,4220,2,D,XC,AZ,D
13:43:27,PTBA,RG,4220,11,D,XC,AZ,D
13:43:27,PTBA,RG,4220,1,D,YP,AZ,D
13:43:27,PTBA,RG,4220,18,D,XL,AZ,D
13:43:27,PTBA,RG,4220,1,D,XC,AZ,D
13:43:27,PTBA,RG,4220,5,D,XA,AZ,D
13:43:27,PTBA,RG,4220,5,D,CC,AZ,D
13:43:27,PTBA,RG,4220,25,D,GR,AZ,D
13:43:27,PTBA,RG,4220,10,D,PD,AZ,D
13:43:27,PTBA,RG,4220,1,D,XC,AZ,D
13:43:27,PTBA,RG,4220,2,D,DR,AZ,D
13:43:27,PTBA,RG,4220,10,D,AZ,AZ,D
13:43:27,PTBA,RG,4220,1,D,PD,AZ,D
13:43:27,PTBA,RG,4220,1,D,XC,AZ,D
13:43:27,PTBA,RG,4220,30,D,CP,AZ,D
13:43:27,PTBA,RG,4220,2500,D,GR,AZ,D
13:43:27,PTBA,RG,4220,1,D,XL,AZ,D
13:43:27,PTBA,RG,4220,10,D,YP,AZ,D
13:43:27,PTBA,RG,4220,2,D,EP,AZ,D
13:43:27,PTBA,RG,4220,5,D,PD,AZ,D
13:43:27,PTBA,RG,4220,1,D,CC,AZ,D
13:43:27,PTBA,RG,4220,1,D,PD,AZ,D
13:43:27,PTBA,RG,4220,10,D,PD,AZ,D
13:43:27,PTBA,RG,4220,5,D,PD,AZ,D
13:43:27,PTBA,RG,4220,20,D,PD,AZ,D
13:43:27,PTBA,RG,4220,25,D,PD,AZ,D
13:43:27,PTBA,RG,4220,1,D,PD,AZ,D
13:43:27,PTBA,RG,4220,5,D,CC,AZ,D
13:43:27,PTBA,RG,4220,2,D,KK,AZ,D
13:43:27,PTBA,RG,4220,1,D,XC,AZ,D
13:43:27,PTBA,RG,4220,1,D,XC,AZ,D
13:43:27,PTBA,RG,4230,3,D,OD,AZ,D
13:43:27,PTBA,RG,4230,5,D,DR,AZ,D
13:43:27,PTBA,RG,4230,8,D,OD,AZ,D
13:43:27,PTBA,RG,4230,8,F,KZ,AZ,D
13:43:27,PTBA,RG,4230,1,F,AK,AZ,D
13:43:27,PTBA,RG,4230,4,D,AT,AZ,D
13:43:27,PTBA,RG,4230,1,D,CC,AZ,D
13:43:27,PTBA,RG,4230,90,D,NI,AZ,D
13:43:27,PTBA,RG,4230,80,D,NI,AZ,D
13:43:27,PTBA,RG,4230,67,F,AK,AZ,D
13:43:27,PTBA,RG,4230,17,D,PD,AZ,D
13:43:27,PTBA,RG,4230,2,D,PD,AZ,D
13:43:27,PTBA,RG,4230,6,F,CS,AZ,D
13:43:27,PTBA,RG,4230,40,D,CC,AZ,D
13:43:27,PTBA,RG,4230,1,F,KZ,AZ,D
13:43:27,PTBA,RG,4230,1,F,AK,AZ,D
13:43:27,PTBA,RG,4230,15,D,YP,AZ,D
13:43:27,PTBA,RG,4230,3,D,XC,AZ,D
13:43:27,PTBA,RG,4230,1,D,KK,AZ,D
13:43:27,PTBA,RG,4230,14,F,KZ,AZ,D
13:43:27,PTBA,RG,4230,5,F,CC,AZ,D
13:43:27,PTBA,RG,4230,27,F,KZ,AZ,D
13:43:27,PTBA,RG,4230,20,F,YU,AZ,D
13:43:27,PTBA,RG,4230,80,D,NI,AZ,D
13:43:27,PTBA,RG,4230,10,D,SQ,AZ,D
13:43:27,PTBA,RG,4230,25,D,AZ,AZ,D
13:43:27,PTBA,RG,4230,1,D,PD,AZ,D
13:43:27,PTBA,RG,4230,1,D,PD,AZ,D
13:43:27,PTBA,RG,4230,5,D,PD,AZ,D
13:43:27,PTBA,RG,4230,22,F,YU,AZ,D
13:43:27,PTBA,RG,4230,45,D,KZ,AZ,D
13:43:27,PTBA,RG,4230,7,D,XC,AZ,D
13:43:27,PTBA,RG,4230,16,F,ZP,AZ,D
13:43:27,PTBA,RG,4230,2,D,CC,AZ,D
13:43:27,PTBA,RG,4230,8,D,CC,AZ,D
13:43:27,PTBA,RG,4230,3,D,YP,AZ,D
13:43:27,PTBA,RG,4230,2,D,CC,AZ,D
13:43:27,PTBA,RG,4230,5,D,YP,AZ,D
13:43:27,PTBA,RG,4230,10,D,OD,AZ,D
13:43:27,PTBA,RG,4230,100,D,YP,AZ,D
13:43:27,PTBA,RG,4230,5,D,CC,AZ,D
13:43:27,PTBA,RG,4230,14,F,ZP,AZ,D
13:43:27,PTBA,RG,4230,1,D,PD,AZ,D
13:43:27,PTBA,RG,4230,5,D,PD,AZ,D
13:43:27,PTBA,RG,4230,1,D,PD,AZ,D
13:43:27,PTBA,RG,4230,20,D,PD,AZ,D
13:43:27,PTBA,RG,4230,20,D,PD,AZ,D
13:43:27,PTBA,RG,4230,20,D,YP,AZ,D
13:43:27,PTBA,RG,4230,9,D,XL,AZ,D
13:43:27,PTBA,RG,4230,5,D,CC,AZ,D
13:43:27,PTBA,RG,4230,1,D,XL,AZ,D
13:43:27,PTBA,RG,4230,1,D,SQ,AZ,D
13:43:27,PTBA,RG,4230,2,D,PD,AZ,D
13:43:27,PTBA,RG,4230,2,D,PD,AZ,D
13:43:27,PTBA,RG,4230,10,D,PD,AZ,D
13:43:27,PTBA,RG,4230,2,D,NI,AZ,D
13:43:27,PTBA,RG,4230,1,D,PD,AZ,D
13:43:27,PTBA,RG,4230,5,D,PD,AZ,D
13:43:27,PTBA,RG,4230,1,D,SQ,AZ,D
13:43:27,PTBA,RG,4230,1,D,PC,AZ,D
13:43:27,PTBA,RG,4230,100,D,HP,AZ,D
13:43:27,PTBA,RG,4230,2,D,NI,AZ,D
13:43:27,PTBA,RG,4230,1,D,PD,AZ,D
13:43:27,PTBA,RG,4230,2,D,PD,AZ,D
13:43:27,PTBA,RG,4230,100,D,PD,AZ,D
13:43:27,PTBA,RG,4230,50,D,CC,AZ,D
13:43:27,PTBA,RG,4230,111,D,DH,AZ,D
13:43:27,PTBA,RG,4230,1,D,XL,AZ,D
13:43:27,PTBA,RG,4230,1,D,GR,AZ,D
13:43:27,PTBA,RG,4230,5,D,DR,AZ,D
13:43:27,PTBA,RG,4230,1,D,SQ,AZ,D
13:43:27,PTBA,RG,4230,3,D,XL,AZ,D
13:43:27,PTBA,RG,4230,10,D,XL,AZ,D
13:43:27,PTBA,RG,4230,5,D,XL,AZ,D
13:43:27,PTBA,RG,4230,25,D,NI,AZ,D
13:43:27,PTBA,RG,4230,2,D,PD,AZ,D
13:43:27,PTBA,RG,4230,1,D,XC,AZ,D
13:43:27,PTBA,RG,4230,2,D,PD,AZ,D
13:43:27,PTBA,RG,4230,1,D,KK,AZ,D
13:43:27,PTBA,RG,4230,200,D,YP,AZ,D
13:43:27,PTBA,RG,4230,2,D,YP,AZ,D
13:43:27,PTBA,RG,4230,1,D,YP,AZ,D
13:43:27,PTBA,RG,4230,2,D,XL,AZ,D
13:43:27,PTBA,RG,4230,31,D,XL,AZ,D
13:43:27,PTBA,RG,4230,1,D,CC,AZ,D
13:43:27,PTBA,RG,4230,25,D,IU,AZ,D
13:43:27,PTBA,RG,4230,1,D,KK,AZ,D
13:43:27,PTBA,RG,4230,3,D,PD,AZ,D
13:43:27,PTBA,RG,4230,5,D,XC,AZ,D
13:43:27,PTBA,RG,4230,1,D,YP,AZ,D
13:43:27,PTBA,RG,4230,25,D,AT,AZ,D
13:43:27,PTBA,RG,4230,1,D,PD,AZ,D
13:43:27,PTBA,RG,4230,2,D,XC,AZ,D
13:43:27,PTBA,RG,4230,2,D,HP,AZ,D
13:43:27,PTBA,RG,4230,10,D,PD,AZ,D
13:43:27,PTBA,RG,4230,2,D,NI,AZ,D
13:43:27,PTBA,RG,4230,1,D,KK,AZ,D
13:43:27,PTBA,RG,4230,1,D,PD,AZ,D
13:43:27,PTBA,RG,4230,10,D,NI,AZ,D
13:43:27,PTBA,RG,4230,1,D,NI,AZ,D
13:43:27,PTBA,RG,4230,2,D,YP,AZ,D
13:43:27,PTBA,RG,4230,5,D,AT,AZ,D
13:43:27,PTBA,RG,4230,100,D,SQ,AZ,D
13:43:27,PTBA,RG,4230,1,D,OD,AZ,D
13:43:27,PTBA,RG,4230,1,D,PD,AZ,D
13:43:27,PTBA,RG,4230,2,D,EP,AZ,D
13:43:27,PTBA,RG,4230,5,D,XC,AZ,D
13:43:27,PTBA,RG,4230,100,D,LG,AZ,D
13:43:27,PTBA,RG,4230,1,D,GR,AZ,D
13:43:27,PTBA,RG,4230,50,D,YP,AZ,D
13:43:27,PTBA,RG,4230,2,D,NI,AZ,D
13:43:27,PTBA,RG,4230,1,D,PD,AZ,D
13:43:27,PTBA,RG,4230,50,D,OD,AZ,D
13:43:27,PTBA,RG,4230,85,D,PD,AZ,D
13:43:27,PTBA,RG,4230,95,D,XC,AZ,D
13:43:04,PTBA,RG,4240,3,D,OD,AK,F
13:42:40,PTBA,RG,4240,8,D,OD,AK,F
13:42:32,PTBA,RG,4230,5,D,XC,CC,D
13:42:32,PTBA,RG,4230,10,D,GR,CC,D
13:42:32,PTBA,RG,4230,10,D,PD,CC,D
13:42:32,PTBA,RG,4230,100,D,EP,CC,D
13:42:32,PTBA,RG,4230,3,D,CC,CC,D
13:42:32,PTBA,RG,4230,615,D,OD,CC,D
13:42:32,PTBA,RG,4230,50,D,EP,CC,D
13:42:32,PTBA,RG,4230,2,D,XC,CC,D
13:42:32,PTBA,RG,4230,1,D,PD,CC,D
13:42:32,PTBA,RG,4230,5,D,XL,CC,D
13:42:32,PTBA,RG,4230,5,D,XC,CC,D
13:42:32,PTBA,RG,4230,1,D,XL,CC,D
13:42:32,PTBA,RG,4230,1,D,YP,CC,D
13:42:32,PTBA,RG,4230,1,D,HP,CC,D
13:42:32,PTBA,RG,4230,47,D,YP,CC,D
13:42:32,PTBA,RG,4230,1,D,HP,CC,D
13:42:32,PTBA,RG,4230,2,D,KK,CC,D
13:42:32,PTBA,RG,4230,118,D,YP,CC,D
13:42:32,PTBA,RG,4230,1,D,SQ,CC,D
13:42:32,PTBA,RG,4230,1,D,PD,CC,D
13:42:32,PTBA,RG,4230,1,D,NI,CC,D
13:42:32,PTBA,RG,4230,1,D,PD,CC,D
13:42:32,PTBA,RG,4230,10,D,CC,CC,D
13:42:32,PTBA,RG,4230,200,D,NI,CC,D
13:42:32,PTBA,RG,4230,2,D,NI,CC,D
13:42:32,PTBA,RG,4230,4,D,YP,CC,D
13:42:32,PTBA,RG,4230,1,D,YP,CC,D
13:42:32,PTBA,RG,4230,10,D,PD,CC,D
13:42:32,PTBA,RG,4230,2,D,XC,CC,D
13:42:32,PTBA,RG,4230,21,D,XC,CC,D
13:42:32,PTBA,RG,4230,4,D,KK,CC,D
13:42:32,PTBA,RG,4230,5,D,LG,CC,D
13:42:32,PTBA,RG,4230,10,D,XC,CC,D
13:42:32,PTBA,RG,4230,10,D,EP,CC,D
13:42:32,PTBA,RG,4230,5,D,NI,CC,D
13:42:32,PTBA,RG,4230,1,D,YP,CC,D
13:42:32,PTBA,RG,4230,2,D,KK,CC,D
13:42:32,PTBA,RG,4230,1,D,CC,CC,D
13:42:32,PTBA,RG,4230,2,D,YP,CC,D
13:42:32,PTBA,RG,4230,5,D,DH,CC,D
13:42:32,PTBA,RG,4230,1,D,XL,CC,D
13:42:32,PTBA,RG,4230,1,D,PD,CC,D
13:42:32,PTBA,RG,4230,10,D,XC,CC,D
13:42:32,PTBA,RG,4230,30,D,LG,CC,D
13:42:32,PTBA,RG,4230,40,D,AI,CC,D
13:42:32,PTBA,RG,4230,100,D,OD,CC,D
13:42:32,PTBA,RG,4230,10,D,CP,CC,D
13:42:32,PTBA,RG,4230,1,D,YP,CC,D
13:42:32,PTBA,RG,4230,2,D,XC,CC,D
13:42:32,PTBA,RG,4230,10,D,CP,CC,D
13:42:32,PTBA,RG,4230,10,D,PD,CC,D
13:42:32,PTBA,RG,4230,5,D,XC,CC,D
13:42:32,PTBA,RG,4230,3,D,NI,CC,D
13:42:32,PTBA,RG,4230,1,D,XC,CC,D
13:42:11,PTBA,RG,4230,1,D,XC,XL,D
13:42:11,PTBA,RG,4230,2,D,YP,XL,D
13:42:02,PTBA,RG,4240,3,D,OD,AK,F
13:41:59,PTBA,RG,4240,26,D,XC,AK,F
13:41:56,PTBA,RG,4230,1,D,YP,XC,D
13:41:56,PTBA,RG,4230,1,D,KK,XC,D
13:41:56,PTBA,RG,4230,5,D,EP,XC,D
13:41:56,PTBA,RG,4230,1,D,YP,XC,D
13:41:42,PTBA,RG,4240,3,D,OD,AK,F
13:41:42,PTBA,RG,4240,4,D,OD,AK,F
13:41:24,PTBA,RG,4240,20,D,CC,AK,F
13:41:22,PTBA,RG,4230,1,D,YP,PD,D
13:41:15,PTBA,RG,4240,1,D,XL,AK,F
13:41:02,PTBA,RG,4240,3,D,OD,AK,F
13:40:53,PTBA,RG,4240,1,D,YP,AK,F
13:40:48,PTBA,RG,4230,2,D,YP,YB,D
13:40:43,PTBA,RG,4230,11,D,YP,XC,D
13:40:43,PTBA,RG,4230,1,D,NI,XC,D
13:40:43,PTBA,RG,4230,2,D,DH,XC,D
13:40:43,PTBA,RG,4230,2,D,CC,XC,D
13:40:31,PTBA,RG,4230,1,D,CC,XC,D
13:40:31,PTBA,RG,4230,1,D,NI,XC,D
13:40:29,PTBA,RG,4230,1,D,NI,DH,D
13:40:29,PTBA,RG,4230,50,D,PD,DH,D
13:40:29,PTBA,RG,4230,1,D,PD,DH,D
13:40:29,PTBA,RG,4230,4,D,NI,DH,D
13:40:29,PTBA,RG,4230,1,D,XC,DH,D
13:40:29,PTBA,RG,4230,50,D,YP,DH,D
13:40:29,PTBA,RG,4230,1,D,DH,DH,D
13:40:29,PTBA,RG,4230,1,D,PD,DH,D
13:40:29,PTBA,RG,4230,1,D,YP,DH,D
13:40:29,PTBA,RG,4230,3,D,XC,DH,D
13:40:29,PTBA,RG,4230,6,D,YP,DH,D
13:40:29,PTBA,RG,4230,1,D,YP,DH,D
13:40:29,PTBA,RG,4230,5,D,PD,DH,D
13:40:29,PTBA,RG,4230,35,D,CC,DH,D
13:40:29,PTBA,RG,4230,3,D,XL,DH,D
13:40:29,PTBA,RG,4230,15,D,ZP,DH,D
13:40:29,PTBA,RG,4230,3,D,ZP,DH,D
13:40:29,PTBA,RG,4230,4,D,ZP,DH,D
13:40:29,PTBA,RG,4230,3,D,ZP,DH,D
13:40:29,PTBA,RG,4230,4,D,ZP,DH,D
13:40:29,PTBA,RG,4230,3,D,ZP,DH,D
13:40:29,PTBA,RG,4230,4,D,ZP,DH,D
13:40:29,PTBA,RG,4230,1,D,ZP,DH,D
13:40:19,PTBA,RG,4230,2,D,ZP,YB,D
13:40:17,PTBA,RG,4240,15,D,NI,AK,F
13:40:08,PTBA,RG,4240,14,D,OD,AK,F
13:40:08,PTBA,RG,4240,31,D,OD,ZP,F
13:40:08,PTBA,RG,4240,5,D,OD,ZP,F
13:40:06,PTBA,RG,4230,1,D,ZP,PD,D
13:39:59,PTBA,RG,4230,3,D,ZP,AK,F
13:39:59,PTBA,RG,4230,3,D,ZP,AK,F
13:39:59,PTBA,RG,4230,4,D,ZP,AK,F
13:39:59,PTBA,RG,4230,3,D,ZP,AK,F
13:39:59,PTBA,RG,4230,4,D,ZP,AK,F
13:39:59,PTBA,RG,4230,3,D,ZP,AK,F
13:39:59,PTBA,RG,4230,4,D,ZP,AK,F
13:39:59,PTBA,RG,4230,3,D,ZP,AK,F
13:39:59,PTBA,RG,4230,4,D,ZP,AK,F
13:39:59,PTBA,RG,4230,3,D,ZP,AK,F
13:39:59,PTBA,RG,4230,4,D,ZP,AK,F
13:39:59,PTBA,RG,4230,4,D,ZP,AK,F
13:39:59,PTBA,RG,4230,4,D,ZP,AK,F
13:39:59,PTBA,RG,4230,3,D,ZP,AK,F
13:39:59,PTBA,RG,4230,4,D,ZP,AK,F
13:39:59,PTBA,RG,4230,3,D,ZP,AK,F
13:39:59,PTBA,RG,4230,4,D,ZP,AK,F
13:39:59,PTBA,RG,4230,3,D,YP,AK,F
13:39:59,PTBA,RG,4230,1,D,NI,AK,F
13:39:59,PTBA,RG,4230,1,D,XL,AK,F
13:39:59,PTBA,RG,4230,20,D,NI,AK,F
13:39:59,PTBA,RG,4230,150,D,OD,AK,F
13:39:59,PTBA,RG,4230,2,D,PD,AK,F
13:39:59,PTBA,RG,4230,1,D,KK,AK,F
13:39:59,PTBA,RG,4230,1,D,PD,AK,F
13:39:59,PTBA,RG,4230,25,D,PD,AK,F
13:39:59,PTBA,RG,4230,500,D,YP,AK,F
13:39:59,PTBA,RG,4230,100,D,KK,AK,F
13:39:59,PTBA,RG,4230,8,D,XL,AK,F
13:39:59,PTBA,RG,4230,2,D,DR,AK,F
13:39:59,PTBA,RG,4230,25,D,GR,AK,F
13:39:59,PTBA,RG,4230,2,D,SQ,AK,F
13:39:59,PTBA,RG,4230,259,D,PD,AK,F
13:39:59,PTBA,RG,4230,35,D,YP,AK,F
13:39:59,PTBA,RG,4230,10,D,NI,AK,F
13:39:59,PTBA,RG,4230,100,D,YP,AK,F
13:39:59,PTBA,RG,4230,1,D,XC,AK,F
13:39:59,PTBA,RG,4230,3,D,YP,AK,F
13:39:59,PTBA,RG,4230,2,D,OD,AK,F
13:39:59,PTBA,RG,4230,10,D,YP,AK,F
13:39:59,PTBA,RG,4230,50,D,KK,AK,F
13:39:59,PTBA,RG,4230,20,D,CP,AK,F
13:39:59,PTBA,RG,4230,1,D,YP,AK,F
13:39:59,PTBA,RG,4230,100,D,GR,AK,F
13:39:59,PTBA,RG,4230,600,D,NI,AK,F
13:39:59,PTBA,RG,4230,2,D,KK,AK,F
13:39:59,PTBA,RG,4230,5,D,XC,AK,F
13:39:59,PTBA,RG,4230,3,D,YP,AK,F
13:39:59,PTBA,RG,4230,90,D,CC,AK,F
13:39:59,PTBA,RG,4240,88,F,CC,AK,F
13:39:59,PTBA,RG,4240,5,D,CC,AK,F
13:39:59,PTBA,RG,4240,10,D,OD,AK,F
13:39:59,PTBA,RG,4240,7,D,OD,AK,F
13:39:59,PTBA,RG,4240,23,D,NI,AK,F
13:39:59,PTBA,RG,4240,4,F,KZ,AK,F
13:39:59,PTBA,RG,4240,200,D,SQ,AK,F
13:39:59,PTBA,RG,4240,1,D,YP,AK,F
13:39:59,PTBA,RG,4240,3,D,PD,AK,F
13:39:59,PTBA,RG,4240,3,D,OD,AK,F
13:39:59,PTBA,RG,4240,13,F,KZ,AK,F
13:39:59,PTBA,RG,4240,10,F,CS,AK,F
13:39:59,PTBA,RG,4240,1,D,YP,AK,F
13:39:59,PTBA,RG,4240,18,D,YP,AK,F
13:39:59,PTBA,RG,4240,136,D,KZ,AK,F
13:39:59,PTBA,RG,4240,2,F,AK,AK,F
13:39:59,PTBA,RG,4240,1,D,PD,AK,F
13:39:59,PTBA,RG,4240,1,D,PD,AK,F
13:39:59,PTBA,RG,4240,80,D,NI,AK,F
13:39:59,PTBA,RG,4240,10,D,DR,AK,F
13:39:59,PTBA,RG,4240,1,D,CC,AK,F
13:39:59,PTBA,RG,4240,1,D,XL,AK,F
13:39:59,PTBA,RG,4240,2,F,AK,AK,F
13:39:59,PTBA,RG,4240,5,D,SQ,AK,F
13:39:59,PTBA,RG,4240,1,D,PD,AK,F
13:39:59,PTBA,RG,4240,10,D,YP,AK,F
13:39:59,PTBA,RG,4240,3,D,PD,AK,F
13:39:59,PTBA,RG,4240,25,D,AZ,AK,F
13:39:59,PTBA,RG,4240,5,D,NI,AK,F
13:39:59,PTBA,RG,4240,2,F,AK,AK,F
13:39:59,PTBA,RG,4240,1,D,PD,AK,F
13:39:59,PTBA,RG,4240,10,D,XL,AK,F
13:39:59,PTBA,RG,4240,24,D,GR,AK,F
13:39:59,PTBA,RG,4240,6,D,YP,AK,F
13:39:59,PTBA,RG,4240,5,D,KK,AK,F
13:39:59,PTBA,RG,4240,1,D,XL,AK,F
13:39:59,PTBA,RG,4240,5,D,YP,AK,F
13:39:59,PTBA,RG,4240,11,D,XL,AK,F
13:39:59,PTBA,RG,4240,1,D,XL,AK,F
13:39:59,PTBA,RG,4240,177,D,KZ,AK,F
13:39:59,PTBA,RG,4240,2,D,XL,AK,F
13:39:59,PTBA,RG,4240,2,F,AK,AK,F
13:39:59,PTBA,RG,4240,4,D,XC,AK,F
13:39:59,PTBA,RG,4240,2,D,XC,AK,F
13:39:59,PTBA,RG,4240,2,D,XC,AK,F
13:39:59,PTBA,RG,4240,1,D,XC,AK,F
13:39:59,PTBA,RG,4240,10,D,XC,AK,F
13:39:59,PTBA,RG,4240,2,D,XC,AK,F
13:39:59,PTBA,RG,4240,10,D,XC,AK,F
13:39:59,PTBA,RG,4240,10,D,YP,AK,F
13:39:59,PTBA,RG,4240,5,D,YP,AK,F
13:39:59,PTBA,RG,4240,1,D,XL,AK,F
13:39:59,PTBA,RG,4240,5,D,YP,AK,F
13:39:59,PTBA,RG,4240,2,D,YP,AK,F
13:39:59,PTBA,RG,4240,107,F,YU,AK,F
13:39:59,PTBA,RG,4240,1,D,YP,AK,F
13:39:59,PTBA,RG,4240,1,D,YP,AK,F
13:39:59,PTBA,RG,4240,1,D,CC,AK,F
13:39:59,PTBA,RG,4240,55,D,XL,AK,F
13:39:59,PTBA,RG,4240,1,D,YP,AK,F
13:39:59,PTBA,RG,4240,1,D,XL,AK,F
13:39:59,PTBA,RG,4240,2,D,PD,AK,F
13:39:59,PTBA,RG,4240,13,F,ZP,AK,F
13:39:59,PTBA,RG,4240,2,D,PD,AK,F
13:39:59,PTBA,RG,4240,115,D,PD,AK,F
13:39:59,PTBA,RG,4240,3,D,PD,AK,F
13:39:59,PTBA,RG,4240,1,D,PD,AK,F
13:39:59,PTBA,RG,4240,5,D,PD,AK,F
13:39:59,PTBA,RG,4240,3,D,PD,AK,F
13:39:59,PTBA,RG,4240,1,D,PD,AK,F
13:39:59,PTBA,RG,4240,2,D,PD,AK,F
13:39:59,PTBA,RG,4240,40,D,PD,AK,F
13:39:59,PTBA,RG,4240,1,D,PD,AK,F
13:39:59,PTBA,RG,4240,2,D,SQ,AK,F
13:39:59,PTBA,RG,4240,20,D,DH,AK,F
13:39:59,PTBA,RG,4240,33,D,HP,AK,F
13:39:59,PTBA,RG,4240,1,F,GR,AK,F
13:39:59,PTBA,RG,4240,5,D,AZ,AK,F
13:39:59,PTBA,RG,4240,1,D,CP,AK,F
13:39:59,PTBA,RG,4240,1,D,RO,AK,F
13:39:59,PTBA,RG,4240,77,D,YB,AK,F
13:39:59,PTBA,RG,4240,3,F,CS,AK,F
13:39:59,PTBA,RG,4240,2000,D,SS,AK,F
13:39:59,PTBA,RG,4240,50,D,YP,AK,F
13:39:59,PTBA,RG,4240,1,D,KK,AK,F
13:39:59,PTBA,RG,4240,1,D,XL,AK,F
13:39:59,PTBA,RG,4240,3,D,YP,AK,F
13:39:59,PTBA,RG,4240,4,F,CS,AK,F
13:39:59,PTBA,RG,4240,5,D,YP,AK,F
13:39:59,PTBA,RG,4240,17,D,PD,AK,F
13:39:59,PTBA,RG,4240,8,F,CS,AK,F
13:39:59,PTBA,RG,4240,1,F,KZ,AK,F
13:39:59,PTBA,RG,4240,5,D,XC,AK,F
13:39:59,PTBA,RG,4240,3,D,XC,AK,F
13:39:59,PTBA,RG,4240,10,D,YP,AK,F
13:39:59,PTBA,RG,4240,1,D,PD,AK,F
13:39:59,PTBA,RG,4240,24,D,CC,AK,F
13:39:59,PTBA,RG,4240,2,D,CC,AK,F
13:39:59,PTBA,RG,4240,1,D,XC,AK,F
13:39:59,PTBA,RG,4240,5,D,SQ,AK,F
13:39:59,PTBA,RG,4240,1,D,YU,AK,F
13:39:59,PTBA,RG,4240,7,F,CS,AK,F
13:39:59,PTBA,RG,4240,2,D,NI,AK,F
13:39:59,PTBA,RG,4240,20,D,PD,AK,F
13:39:59,PTBA,RG,4240,1,D,XL,AK,F
13:39:59,PTBA,RG,4240,1,D,XC,AK,F
13:39:59,PTBA,RG,4240,5,D,NI,AK,F
13:39:59,PTBA,RG,4240,120,D,YP,AK,F
13:39:59,PTBA,RG,4240,7,F,CS,AK,F
13:39:59,PTBA,RG,4240,5,D,XL,AK,F
13:39:59,PTBA,RG,4240,1,D,PD,AK,F
13:39:59,PTBA,RG,4240,5,D,NI,AK,F
13:39:59,PTBA,RG,4240,1,D,XC,AK,F
13:39:59,PTBA,RG,4240,10,F,CS,AK,F
13:39:59,PTBA,RG,4240,36,D,GR,AK,F
13:39:59,PTBA,RG,4240,14,D,GR,ZP,F
13:39:59,PTBA,RG,4240,9,D,YP,ZP,F
13:39:59,PTBA,RG,4240,2,D,EP,ZP,F
13:39:59,PTBA,RG,4240,5,D,EP,ZP,F
13:39:59,PTBA,RG,4240,3,D,NI,ZP,F
13:39:59,PTBA,RG,4240,10,D,YP,ZP,F
13:39:59,PTBA,RG,4240,3,D,MG,ZP,F
13:39:59,PTBA,RG,4240,1,D,YU,ZP,F
13:39:59,PTBA,RG,4240,15,D,EP,ZP,F
13:39:59,PTBA,RG,4240,5,D,DR,ZP,F
13:39:59,PTBA,RG,4240,20,F,BK,ZP,F
13:39:59,PTBA,RG,4240,1,F,KZ,ZP,F
13:39:59,PTBA,RG,4240,2,D,GR,XL,D
13:39:52,PTBA,RG,4240,10,D,GR,YU,D
13:39:47,PTBA,RG,4240,9,D,GR,PD,D
13:39:46,PTBA,RG,4250,8,D,OD,AZ,D
13:39:42,PTBA,RG,4250,2,D,YP,AZ,D
13:39:41,PTBA,RG,4240,3,D,GR,XL,D
13:39:37,PTBA,RG,4250,1,F,KZ,AZ,D
13:39:37,PTBA,RG,4250,1,F,KZ,AZ,D
13:39:08,PTBA,RG,4240,2,D,GR,YB,D
13:39:01,PTBA,RG,4250,1,F,KZ,AZ,D
13:39:01,PTBA,RG,4250,1,F,KZ,AZ,D
13:39:00,PTBA,RG,4250,3,F,KZ,AZ,D
13:39:00,PTBA,RG,4250,1,F,KZ,AZ,D
13:39:00,PTBA,RG,4250,1,F,KZ,AZ,D
13:39:00,PTBA,RG,4250,1,F,KZ,AZ,D
13:39:00,PTBA,RG,4250,1,F,KZ,AZ,D
13:39:00,PTBA,RG,4250,1,F,KZ,AZ,D
13:39:00,PTBA,RG,4250,3,D,OD,AZ,D
13:38:48,PTBA,RG,4250,7,D,OD,AZ,D
13:38:22,PTBA,RG,4250,10,D,YP,AZ,D
13:37:58,PTBA,RG,4250,3,D,OD,AZ,D
13:37:50,PTBA,RG,4250,7,D,OD,AZ,D
13:37:17,PTBA,RG,4250,1,D,YP,AZ,D
13:36:56,PTBA,RG,4250,3,D,OD,AZ,D
13:36:54,PTBA,RG,4240,10,D,GR,XC,D
13:36:52,PTBA,RG,4250,7,D,OD,AZ,D
13:36:47,PTBA,RG,4250,1,D,YP,AZ,D
13:36:46,PTBA,RG,4240,12,D,GR,XC,D
13:35:54,PTBA,RG,4250,3,D,OD,AZ,D
13:35:52,PTBA,RG,4250,7,D,OD,AZ,D
13:35:29,PTBA,RG,4250,6,D,XL,AZ,D
13:35:16,PTBA,RG,4240,9,D,GR,NI,D
13:35:04,PTBA,RG,4250,21,F,CS,AZ,D
13:34:55,PTBA,RG,4240,578,D,GR,CP,D
13:34:54,PTBA,RG,4250,30,D,YU,AZ,D
13:34:54,PTBA,RG,4250,9,D,OD,AZ,D
13:34:52,PTBA,RG,4250,3,D,OD,AZ,D
13:34:35,PTBA,RG,4250,17,D,PD,AZ,D
13:33:58,PTBA,RG,4250,20,F,YU,AZ,D
13:33:54,PTBA,RG,4250,3,D,OD,AZ,D
13:33:52,PTBA,RG,4250,7,D,OD,AZ,D
13:33:42,PTBA,RG,4250,42,D,EP,AZ,D
13:33:28,PTBA,RG,4250,25,D,AZ,AZ,D
13:32:56,PTBA,RG,4250,3,D,OD,AZ,D
13:32:52,PTBA,RG,4250,7,D,OD,AZ,D
13:32:31,PTBA,RG,4250,1,D,KK,AZ,D
13:32:10,PTBA,RG,4250,1,F,KZ,AZ,D
13:32:10,PTBA,RG,4250,1,F,KZ,AZ,D
13:32:10,PTBA,RG,4250,1,F,KZ,AZ,D
13:32:10,PTBA,RG,4250,1,F,KZ,AZ,D
13:32:10,PTBA,RG,4250,1,F,KZ,AZ,D
13:31:58,PTBA,RG,4250,3,D,OD,AZ,D
13:31:56,PTBA,RG,4250,9,D,OD,AZ,D
13:31:45,PTBA,RG,4250,10,D,PD,AZ,D
13:31:41,PTBA,RG,4250,100,D,RO,AZ,D
13:31:05,PTBA,RG,4240,500,D,GR,NI,D
13:31:02,PTBA,RG,4250,17,F,YU,AZ,D
13:30:17,PTBA,RG,4250,10,D,YU,AZ,D
13:30:05,PTBA,RG,4250,1,D,XL,AZ,D
13:30:05,PTBA,RG,4240,8,D,GR,XL,D
13:30:04,PTBA,RG,4240,6,D,GR,XL,D
13:30:04,PTBA,RG,4250,12,D,XL,AZ,D
13:30:04,PTBA,RG,4250,2,D,XL,AZ,D
13:30:04,PTBA,RG,4250,5,D,XC,AZ,D
13:30:04,PTBA,RG,4240,1,D,GR,XL,D
13:30:04,PTBA,RG,4240,67,D,GR,AK,D
13:30:04,PTBA,RG,4250,1,D,XC,AZ,D
13:30:04,PTBA,RG,4250,10,D,XC,AZ,D
13:30:03,PTBA,RG,4250,1,D,XC,AZ,D
13:30:03,PTBA,RG,4240,3,D,GR,XL,D
13:30:03,PTBA,RG,4250,23,D,XC,AZ,D
13:30:03,PTBA,RG,4250,6,D,XL,AZ,D
13:30:03,PTBA,RG,4250,6,F,AK,AZ,D
13:30:03,PTBA,RG,4250,2,D,XL,AZ,D
13:30:03,PTBA,RG,4250,1,D,YP,AZ,D
13:30:03,PTBA,RG,4250,1,D,CC,AZ,D
13:30:03,PTBA,RG,4250,14,D,YP,AZ,D
13:30:02,PTBA,RG,4250,50,D,CC,AZ,D
13:30:02,PTBA,RG,4250,9,D,CC,DR,D
13:30:02,PTBA,RG,4250,10,D,XL,DR,D
13:30:02,PTBA,RG,4250,1,D,KK,DR,D
13:30:02,PTBA,RG,4250,30,D,YP,DR,D
13:30:02,PTBA,RG,4250,1,D,XL,DR,D
13:30:02,PTBA,RG,4250,4,D,YP,DR,D
13:30:02,PTBA,RG,4250,10,D,YP,DR,D
13:30:02,PTBA,RG,4250,7,D,CC,DR,D
13:30:02,PTBA,RG,4250,28,D,YP,DR,D
13:30:02,PTBA,RG,4250,22,D,YP,DR,D
13:30:02,PTBA,RG,4240,2,D,GR,AK,D
13:30:02,PTBA,RG,4240,1,D,GR,AK,D
13:30:02,PTBA,RG,4250,1,D,CC,DR,D
13:30:01,PTBA,RG,4250,7,D,PD,DR,D
13:30:01,PTBA,RG,4250,3,D,PD,DR,D
13:30:01,PTBA,RG,4250,7,D,DX,DR,D
13:30:01,PTBA,RG,4250,3,D,DX,PD,D
13:30:01,PTBA,RG,4250,1,D,PD,PD,D
13:30:01,PTBA,RG,4250,1,D,PD,PD,D
13:30:01,PTBA,RG,4250,15,D,PD,PD,D
13:30:01,PTBA,RG,4240,3,D,GR,PD,D
13:30:01,PTBA,RG,4250,5,D,PD,PD,D
13:30:01,PTBA,RG,4250,15,D,PD,ZP,F
13:30:01,PTBA,RG,4250,2,D,PD,ZP,F
13:30:01,PTBA,RG,4250,48,D,PD,LG,D
13:30:01,PTBA,RG,4250,3,D,PD,LG,D
13:30:01,PTBA,RG,4250,1,D,PD,LG,D
13:30:01,PTBA,RG,4250,20,D,PD,LG,D
13:30:01,PTBA,RG,4250,10,D,KK,LG,D
13:30:01,PTBA,RG,4250,2,D,PD,LG,D
13:30:01,PTBA,RG,4250,16,D,EP,LG,D
13:30:01,PTBA,RG,4250,6,D,EP,PD,D
13:30:01,PTBA,RG,4250,28,D,EP,BK,F
13:30:01,PTBA,RG,4250,24,D,HP,BK,F
13:30:01,PTBA,RG,4250,9,D,HP,DH,D
13:30:01,PTBA,RG,4250,1,D,SQ,DH,D
13:30:01,PTBA,RG,4250,3,D,SQ,SQ,D
13:30:01,PTBA,RG,4240,4,D,GR,HP,D
13:30:01,PTBA,RG,4250,70,D,DH,SQ,D
13:30:01,PTBA,RG,4250,5,D,AZ,SQ,D
13:30:01,PTBA,RG,4250,5,D,AT,SQ,D
13:30:01,PTBA,RG,4250,35,D,HP,SQ,D
13:30:01,PTBA,RG,4250,3,D,YU,SQ,D
11:29:59,PTBA,RG,4250,2,D,OD,SQ,D
11:29:47,PTBA,RG,4250,1,D,OD,SQ,D
11:29:45,PTBA,RG,4240,1,D,GR,AK,D
11:29:26,PTBA,RG,4250,50,D,KZ,SQ,D
11:29:21,PTBA,RG,4250,26,D,KZ,SQ,D
11:29:21,PTBA,RG,4250,2,D,KZ,NI,D
11:29:21,PTBA,RG,4250,21,D,KZ,BK,F
11:29:19,PTBA,RG,4250,4,D,OD,BK,F
11:29:16,PTBA,RG,4250,7,D,KZ,BK,F
11:29:16,PTBA,RG,4250,18,D,KZ,BK,F
11:29:15,PTBA,RG,4240,13,D,GR,AK,D
11:29:01,PTBA,RG,4240,17,D,GR,BK,F
11:29:00,PTBA,RG,4240,19,D,GR,AK,F
11:28:47,PTBA,RG,4250,1,D,OD,BK,F
11:28:45,PTBA,RG,4240,7,D,GR,AK,D
11:28:30,PTBA,RG,4240,8,D,GR,AK,D
11:28:29,PTBA,RG,4240,15,D,GR,BK,F
11:28:17,PTBA,RG,4250,1,D,OD,BK,F
11:28:17,PTBA,RG,4250,2,D,OD,YU,D
11:28:11,PTBA,RG,4240,1,D,GR,YP,D
11:28:02,PTBA,RG,4240,16,D,GR,BK,F
11:27:45,PTBA,RG,4250,2,D,OD,YU,D
11:27:33,PTBA,RG,4240,3,D,GR,NI,D
11:27:31,PTBA,RG,4250,1,D,KK,YU,D
11:27:30,PTBA,RG,4250,1,F,AK,YU,D
11:27:22,PTBA,RG,4240,17,D,GR,BK,F
11:27:19,PTBA,RG,4250,3,D,OD,YU,D
11:27:07,PTBA,RG,4240,20,D,GR,XL,D
11:27:06,PTBA,RG,4240,5,D,GR,XC,D
11:26:49,PTBA,RG,4250,10,D,NI,YU,D
11:26:48,PTBA,RG,4240,4,D,GR,PD,D
11:26:47,PTBA,RG,4250,1,D,OD,YU,D
11:26:46,PTBA,RG,4240,17,D,GR,BK,F
11:26:42,PTBA,RG,4250,1,D,XC,YU,D
11:26:40,PTBA,RG,4250,1,D,DR,YU,D
11:26:37,PTBA,RG,4250,10,D,YU,YU,D
11:26:32,PTBA,RG,4250,1,D,XL,YU,D
11:26:29,PTBA,RG,4250,1,D,NI,YU,D
11:26:21,PTBA,RG,4250,13,D,KZ,YU,D
11:26:21,PTBA,RG,4250,4,D,OD,YU,D
11:26:20,PTBA,RG,4250,25,D,XC,YU,D
11:26:17,PTBA,RG,4240,17,D,GR,BK,F
11:26:00,PTBA,RG,4250,1,F,AK,YU,D
11:25:48,PTBA,RG,4240,16,D,GR,BK,F
11:25:45,PTBA,RG,4250,2,D,OD,YU,D
11:25:19,PTBA,RG,4250,3,D,OD,YU,D
11:25:12,PTBA,RG,4250,18,D,PD,YU,D
11:25:12,PTBA,RG,4250,59,D,PD,AK,D
11:25:12,PTBA,RG,4250,35,D,PD,AK,F
11:25:12,PTBA,RG,4250,26,D,PD,YP,D
11:25:06,PTBA,RG,4240,195,D,GR,DH,D
11:25:06,PTBA,RG,4240,17,D,GR,BK,F
11:25:03,PTBA,RG,4240,3,D,GR,XL,D
11:24:47,PTBA,RG,4250,1,D,OD,YP,D
11:24:37,PTBA,RG,4240,16,D,GR,BK,F
11:24:30,PTBA,RG,4250,1,F,AK,YP,D
11:24:24,PTBA,RG,4250,2,D,XC,YP,D
11:24:19,PTBA,RG,4250,4,D,OD,YP,D
11:24:04,PTBA,RG,4240,16,D,GR,BK,F
11:23:47,PTBA,RG,4250,1,D,OD,YP,D
11:23:41,PTBA,RG,4250,19,F,BK,YP,D
11:23:28,PTBA,RG,4240,17,D,GR,BK,F
11:23:24,PTBA,RG,4240,4,D,GR,KK,D
11:23:19,PTBA,RG,4250,3,D,OD,YP,D
11:23:01,PTBA,RG,4240,16,D,GR,BK,F
11:22:45,PTBA,RG,4250,2,D,OD,YP,D
11:22:40,PTBA,RG,4250,1,D,XL,YP,D
11:22:27,PTBA,RG,4250,1,D,NI,YP,D
11:22:24,PTBA,RG,4240,16,D,GR,BK,F
11:22:19,PTBA,RG,4250,4,D,OD,YP,D
11:22:15,PTBA,RG,4240,19,D,GR,AK,F
11:22:15,PTBA,RG,4240,5,D,YP,AK,F
11:22:15,PTBA,RG,4240,1,F,AK,AK,F
11:22:15,PTBA,RG,4240,10,D,NI,AK,F
11:22:15,PTBA,RG,4240,5,F,AK,AK,F
11:21:56,PTBA,RG,4240,17,F,AK,BK,F
11:21:45,PTBA,RG,4240,72,F,AK,AK,D
11:21:42,PTBA,RG,4250,1,D,OD,YP,D
11:21:30,PTBA,RG,4250,1,F,AK,YP,D
11:21:21,PTBA,RG,4240,9,F,AK,BK,F
11:21:21,PTBA,RG,4240,3,F,CS,BK,F
11:21:21,PTBA,RG,4240,4,D,BQ,BK,F
11:21:18,PTBA,RG,4250,3,D,OD,YP,D
11:21:00,PTBA,RG,4240,24,D,BQ,AK,F
11:20:47,PTBA,RG,4250,1,D,XC,YP,D
11:20:40,PTBA,RG,4250,1,D,OD,YP,D
11:20:30,PTBA,RG,4250,1,F,AK,YP,D
11:20:25,PTBA,RG,4250,3,D,AI,YP,D
11:20:20,PTBA,RG,4250,4,D,OD,YP,D
11:20:19,PTBA,RG,4240,17,D,BQ,BK,F
11:19:38,PTBA,RG,4250,2,D,OD,YP,D
11:19:30,PTBA,RG,4240,22,D,BQ,AK,F
11:19:30,PTBA,RG,4240,1,D,BQ,AK,F
11:19:30,PTBA,RG,4240,46,D,BQ,AK,D
11:19:18,PTBA,RG,4250,3,D,OD,YP,D
11:19:15,PTBA,RG,4250,1,F,AK,YP,D
11:19:06,PTBA,RG,4240,16,D,BQ,BK,F
11:18:47,PTBA,RG,4240,1,D,BQ,XL,D
11:18:38,PTBA,RG,4250,1,D,OD,YP,D
11:18:22,PTBA,RG,4250,15,D,CC,YP,D
11:18:21,PTBA,RG,4250,1,D,AZ,YP,D
11:18:18,PTBA,RG,4250,4,D,OD,YP,D
11:18:08,PTBA,RG,4250,5,D,NI,YP,D
11:17:58,PTBA,RG,4240,17,D,BQ,AK,F
11:17:57,PTBA,RG,4240,16,D,BQ,BK,F
11:17:34,PTBA,RG,4250,2,D,OD,YP,D
11:17:20,PTBA,RG,4250,3,D,OD,YP,D
11:17:15,PTBA,RG,4240,69,D,BQ,CC,D
11:16:40,PTBA,RG,4240,18,D,BQ,BK,F
11:16:32,PTBA,RG,4250,1,D,OD,YP,D
11:16:28,PTBA,RG,4250,1,D,XL,YP,D
11:16:20,PTBA,RG,4250,4,D,OD,YP,D
11:16:02,PTBA,RG,4250,20,D,NI,YP,D
11:15:43,PTBA,RG,4250,1,D,PD,YP,D
11:15:34,PTBA,RG,4250,1,D,OD,YP,D
11:15:30,PTBA,RG,4240,17,D,BQ,BK,F
11:15:21,PTBA,RG,4240,204,D,BQ,DP,D
11:15:21,PTBA,RG,4240,14,F,YU,DP,D
11:15:21,PTBA,RG,4240,25,D,AZ,DP,D
11:15:21,PTBA,RG,4240,5,D,PD,DP,D
11:15:21,PTBA,RG,4240,1,D,XL,DP,D
11:15:21,PTBA,RG,4240,1,D,OD,DP,D
11:15:20,PTBA,RG,4250,4,D,OD,YP,D
11:14:32,PTBA,RG,4250,2,D,OD,YP,D
11:14:18,PTBA,RG,4250,4,D,OD,YP,D
11:14:07,PTBA,RG,4240,1,D,XL,BK,F
11:14:07,PTBA,RG,4240,18,F,ZP,BK,F
11:14:07,PTBA,RG,4240,1,D,KK,BK,F
11:13:42,PTBA,RG,4250,12,D,XL,YP,D
11:13:34,PTBA,RG,4240,1,D,KK,XC,D
11:13:34,PTBA,RG,4240,1,F,AK,XC,D
11:13:34,PTBA,RG,4240,1,D,YP,XC,D
11:13:34,PTBA,RG,4240,2,F,CS,XC,D
11:13:32,PTBA,RG,4250,1,D,OD,YP,D
11:13:30,PTBA,RG,4250,2,F,AK,YP,D
11:13:28,PTBA,RG,4240,1,F,CS,SQ,D
11:13:28,PTBA,RG,4240,9,D,YP,SQ,D
11:13:24,PTBA,RG,4240,2,D,YP,XC,D
11:13:18,PTBA,RG,4250,4,D,OD,YP,D
11:12:56,PTBA,RG,4240,16,D,YP,BK,F
11:12:38,PTBA,RG,4240,300,D,YP,PD,D
11:12:32,PTBA,RG,4250,2,D,OD,YP,D
11:12:24,PTBA,RG,4240,1,D,YP,CC,D
11:12:23,PTBA,RG,4250,71,F,AK,YP,D
11:12:16,PTBA,RG,4240,20,D,YP,NI,D
11:12:16,PTBA,RG,4250,4,D,OD,YP,D
11:12:02,PTBA,RG,4240,100,D,YP,YP,D
11:11:59,PTBA,RG,4240,107,D,YP,YP,D
11:11:59,PTBA,RG,4240,5,D,YP,YP,D
11:11:59,PTBA,RG,4240,1,F,KZ,YP,D
11:11:59,PTBA,RG,4240,13,F,YU,YP,D
11:11:59,PTBA,RG,4240,4,F,CS,YP,D
11:11:59,PTBA,RG,4240,66,D,KZ,YP,D
11:11:59,PTBA,RG,4240,15,D,XL,YP,D
11:11:59,PTBA,RG,4240,2,D,CC,YP,D
11:11:59,PTBA,RG,4240,2,D,PD,YP,D
11:11:59,PTBA,RG,4240,85,D,SQ,YP,D
11:11:44,PTBA,RG,4240,15,D,SQ,BK,F
11:11:44,PTBA,RG,4240,2,F,CS,BK,F
11:11:32,PTBA,RG,4250,1,D,OD,YP,D
11:11:25,PTBA,RG,4240,3,F,CS,NI,D
11:11:25,PTBA,RG,4240,2,D,GR,NI,D
11:11:19,PTBA,RG,4240,48,D,GR,YP,D
11:11:19,PTBA,RG,4240,2,F,ZP,YP,D
11:11:14,PTBA,RG,4250,4,D,OD,YP,D
11:11:11,PTBA,RG,4250,10,D,CC,YP,D
11:10:59,PTBA,RG,4240,16,F,ZP,XC,D
11:10:59,PTBA,RG,4240,4,F,CC,XC,D
11:10:51,PTBA,RG,4240,5,F,CC,CC,D
11:10:46,PTBA,RG,4250,5,D,YP,YP,D
11:10:32,PTBA,RG,4250,2,D,OD,YP,D
11:10:12,PTBA,RG,4250,4,D,OD,YP,D
11:09:45,PTBA,RG,4240,1,F,CC,AK,D
11:09:45,PTBA,RG,4240,1,F,KZ,AK,D
11:09:45,PTBA,RG,4240,3,F,KZ,AK,D
11:09:45,PTBA,RG,4240,1,F,KZ,AK,D
11:09:45,PTBA,RG,4240,3,F,KZ,AK,D
11:09:45,PTBA,RG,4240,14,F,ZP,AK,D
11:09:45,PTBA,RG,4240,16,F,YU,AK,D
11:09:45,PTBA,RG,4240,25,D,XL,AK,D
11:09:45,PTBA,RG,4240,25,D,AZ,AK,D
11:09:45,PTBA,RG,4240,1,D,GR,AK,D
11:09:45,PTBA,RG,4240,14,F,ZP,AK,D
11:09:45,PTBA,RG,4240,33,F,ZP,AK,D
11:09:30,PTBA,RG,4250,2,D,OD,YP,D
11:09:21,PTBA,RG,4250,1,D,PD,YP,D
11:09:14,PTBA,RG,4250,4,D,OD,YP,D
11:08:42,PTBA,RG,4250,42,D,CC,YP,D
11:08:42,PTBA,RG,4250,15,D,CC,ZP,F
11:08:42,PTBA,RG,4250,12,D,CC,BK,F
11:08:30,PTBA,RG,4250,1,D,OD,BK,F
11:08:21,PTBA,RG,4240,18,F,ZP,XL,D
11:08:21,PTBA,RG,4240,169,D,BQ,XL,D
11:08:18,PTBA,RG,4250,1,D,YP,BK,F
11:08:14,PTBA,RG,4250,4,D,OD,BK,F
11:07:53,PTBA,RG,4250,1,D,CC,BK,F
11:07:28,PTBA,RG,4250,2,D,OD,BK,F
11:07:18,PTBA,RG,4250,4,D,OD,BK,F
11:07:13,PTBA,RG,4240,13,D,BQ,ZP,F
11:06:28,PTBA,RG,4250,1,D,OD,BK,F
11:06:26,PTBA,RG,4250,5,D,DR,BK,F
11:06:20,PTBA,RG,4250,3,D,OD,BK,F
11:06:13,PTBA,RG,4250,1,D,XC,BK,F
11:05:30,PTBA,RG,4250,1,D,OD,BK,F
11:05:22,PTBA,RG,4250,4,D,OD,BK,F
11:05:13,PTBA,RG,4240,1,D,BQ,XL,D
11:05:00,PTBA,RG,4240,20,D,BQ,PD,D
11:04:39,PTBA,RG,4250,15,D,NI,BK,F
11:04:39,PTBA,RG,4250,2,D,NI,NI,D
11:04:39,PTBA,RG,4250,500,D,NI,OD,D
11:04:39,PTBA,RG,4250,80,D,NI,XC,D
11:04:39,PTBA,RG,4250,38,D,NI,BK,F
11:04:39,PTBA,RG,4250,20,D,NI,PD,D
11:04:39,PTBA,RG,4250,5,D,NI,LG,D
11:04:39,PTBA,RG,4250,4,D,NI,HP,D
11:04:39,PTBA,RG,4250,29,D,NI,AK,D
11:04:39,PTBA,RG,4250,50,D,NI,YP,D
11:04:39,PTBA,RG,4250,6,D,NI,ZP,F
11:04:39,PTBA,RG,4250,1,D,NI,ZP,F
11:04:39,PTBA,RG,4250,50,D,NI,CP,D
11:04:39,PTBA,RG,4250,25,D,NI,NI,D
11:04:39,PTBA,RG,4250,12,D,NI,PD,D
11:04:39,PTBA,RG,4250,4,D,NI,YP,D
11:04:39,PTBA,RG,4250,15,D,NI,ZP,F
11:04:39,PTBA,RG,4250,23,D,NI,AK,F
11:04:39,PTBA,RG,4250,2,D,NI,SQ,D
11:04:39,PTBA,RG,4250,4,D,NI,ZP,F
11:04:39,PTBA,RG,4250,12,D,NI,ZP,F
11:04:39,PTBA,RG,4250,10,D,NI,PD,D
11:04:39,PTBA,RG,4250,10,D,NI,CC,D
11:04:39,PTBA,RG,4250,40,D,NI,AK,F
11:04:39,PTBA,RG,4250,43,D,NI,HP,D
11:04:32,PTBA,RG,4250,2,D,OD,HP,D
11:04:18,PTBA,RG,4250,4,D,OD,HP,D
11:04:16,PTBA,RG,4240,1,D,BQ,YP,D
11:04:12,PTBA,RG,4240,100,D,BQ,BS,D
11:04:08,PTBA,RG,4240,18,D,BQ,BK,F
11:03:34,PTBA,RG,4250,1,D,OD,HP,D
11:03:29,PTBA,RG,4240,23,D,BQ,CC,D
11:03:10,PTBA,RG,4240,1,D,BQ,YP,D
11:03:03,PTBA,RG,4240,4,D,BQ,BK,F
11:03:03,PTBA,RG,4240,4,D,XC,BK,F
11:03:03,PTBA,RG,4240,1,D,PD,BK,F
11:03:03,PTBA,RG,4240,4,D,OD,BK,F
11:03:03,PTBA,RG,4240,4,F,CS,BK,F
11:02:47,PTBA,RG,4240,1,F,CS,BK,F
11:02:47,PTBA,RG,4240,3,D,PD,BK,F
11:02:37,PTBA,RG,4240,2,D,PD,XL,D
11:02:11,PTBA,RG,4230,118,D,CC,YP,D
11:01:50,PTBA,RG,4230,18,D,CC,BK,F
11:01:45,PTBA,RG,4240,24,F,CC,AK,F
11:01:42,PTBA,RG,4240,1,F,CC,OD,D
11:01:39,PTBA,RG,4240,2,F,AK,ZP,F
11:01:39,PTBA,RG,4240,1,F,AK,ZP,F
11:01:39,PTBA,RG,4240,74,F,AK,OD,D
11:01:39,PTBA,RG,4240,1,F,AK,OD,D
11:01:39,PTBA,RG,4240,55,F,CC,OD,D
11:01:39,PTBA,RG,4240,2,D,OD,OD,D
11:01:39,PTBA,RG,4240,30,D,YP,OD,D
11:01:39,PTBA,RG,4240,1,D,YP,OD,D
11:01:39,PTBA,RG,4240,4,D,OD,OD,D
11:01:39,PTBA,RG,4240,17,D,XC,OD,D
11:01:39,PTBA,RG,4240,11,F,KZ,OD,D
11:01:39,PTBA,RG,4240,1,F,AK,OD,D
11:01:39,PTBA,RG,4240,4,D,YP,OD,D
11:01:39,PTBA,RG,4240,16,F,ZP,OD,D
11:01:39,PTBA,RG,4240,5,F,CC,OD,D
11:01:39,PTBA,RG,4240,20,D,CC,OD,D
11:01:39,PTBA,RG,4240,5,D,PD,OD,D
11:01:39,PTBA,RG,4240,3,F,KZ,OD,D
11:01:39,PTBA,RG,4240,5,F,KZ,OD,D
11:01:39,PTBA,RG,4240,6,F,CS,OD,D
11:01:39,PTBA,RG,4240,10,D,CP,OD,D
11:01:39,PTBA,RG,4240,10,D,NI,OD,D
11:01:39,PTBA,RG,4240,20,D,CC,OD,D
11:01:39,PTBA,RG,4240,16,F,YU,OD,D
11:01:39,PTBA,RG,4240,1,F,KZ,OD,D
11:01:39,PTBA,RG,4240,45,D,KZ,OD,D
11:01:39,PTBA,RG,4240,2,D,XL,OD,D
11:01:39,PTBA,RG,4240,1,F,KZ,OD,D
11:01:39,PTBA,RG,4240,210,D,CD,OD,D
11:01:34,PTBA,RG,4250,1,D,OD,HP,D
11:01:25,PTBA,RG,4240,55,D,CD,PD,D
11:01:25,PTBA,RG,4240,50,D,CD,PD,D
11:01:22,PTBA,RG,4250,3,D,OD,HP,D
11:01:20,PTBA,RG,4240,50,D,CD,YP,D
11:01:13,PTBA,RG,4240,23,D,CD,ZP,F
11:01:11,PTBA,RG,4240,11,D,CD,ZP,F
11:01:11,PTBA,RG,4240,101,D,CD,BK,F
11:01:11,PTBA,RG,4240,7,F,NI,BK,F
11:01:11,PTBA,RG,4240,1,F,KZ,BK,F
11:01:11,PTBA,RG,4240,135,D,CC,BK,F
11:01:11,PTBA,RG,4240,4,F,CS,BK,F
11:01:11,PTBA,RG,4240,2,D,PD,BK,F
11:01:11,PTBA,RG,4240,33,D,EP,BK,F
11:01:11,PTBA,RG,4240,1,F,KZ,BK,F
11:01:11,PTBA,RG,4240,10,D,IF,BK,F
11:01:11,PTBA,RG,4240,3,D,YP,BK,F
11:01:11,PTBA,RG,4240,5,D,CC,BK,F
11:01:11,PTBA,RG,4240,1,F,KZ,BK,F
11:01:11,PTBA,RG,4240,3,F,CS,BK,F
11:01:11,PTBA,RG,4240,15,F,YU,BK,F
11:01:11,PTBA,RG,4240,14,D,EP,BK,F
11:01:11,PTBA,RG,4240,5,D,XC,BK,F
11:01:11,PTBA,RG,4240,25,D,NI,BK,F
11:01:11,PTBA,RG,4240,1,D,PD,BK,F
11:01:11,PTBA,RG,4240,2,D,YP,BK,F
11:01:11,PTBA,RG,4240,1,D,XC,BK,F
11:01:11,PTBA,RG,4240,10,F,CS,BK,F
11:01:11,PTBA,RG,4240,2,D,AZ,BK,F
11:01:11,PTBA,RG,4240,15,F,BK,BK,F
11:01:11,PTBA,RG,4240,4,D,YP,BK,F
11:01:11,PTBA,RG,4240,1,D,XL,BK,F
11:01:11,PTBA,RG,4240,5,D,PD,BK,F
11:01:11,PTBA,RG,4240,1,D,KK,BK,F
11:01:11,PTBA,RG,4240,1,D,KK,BK,F
11:01:11,PTBA,RG,4240,14,F,YU,BK,F
11:01:11,PTBA,RG,4240,10,D,KK,BK,F
11:01:11,PTBA,RG,4240,10,D,NI,BK,F
11:01:11,PTBA,RG,4240,1,D,XL,BK,F
11:01:11,PTBA,RG,4240,1,D,PD,BK,F
11:01:11,PTBA,RG,4240,2,D,PD,BK,F
11:01:11,PTBA,RG,4240,2,D,XC,BK,F
11:01:11,PTBA,RG,4240,2,D,EP,BK,F
11:01:11,PTBA,RG,4240,10,F,CS,BK,F
11:01:11,PTBA,RG,4240,1,D,KK,BK,F
11:01:11,PTBA,RG,4240,1,F,AK,BK,F
11:01:11,PTBA,RG,4240,2,D,PD,BK,F
11:01:11,PTBA,RG,4240,13,F,ZP,BK,F
11:01:11,PTBA,RG,4240,13,D,KK,BK,F
11:01:11,PTBA,RG,4240,2,D,CC,BK,F
11:01:11,PTBA,RG,4240,1,F,AK,BK,F
11:01:11,PTBA,RG,4240,7,F,CS,BK,F
11:01:11,PTBA,RG,4240,19,D,XC,BK,F
11:01:11,PTBA,RG,4240,10,D,SQ,BK,F
11:01:11,PTBA,RG,4240,21,D,AZ,BK,F
11:01:11,PTBA,RG,4240,4,D,AZ,ZP,F
11:01:11,PTBA,RG,4240,16,F,ZP,ZP,F
11:01:11,PTBA,RG,4240,10,D,KZ,ZP,F
11:01:11,PTBA,RG,4240,58,D,KZ,OD,D
11:01:11,PTBA,RG,4240,1,F,AK,OD,D
11:01:11,PTBA,RG,4240,735,D,CC,OD,D
11:01:11,PTBA,RG,4240,24,D,YP,OD,D
11:01:11,PTBA,RG,4240,20,D,XC,OD,D
11:01:11,PTBA,RG,4240,35,F,ZP,OD,D
11:01:11,PTBA,RG,4240,4,D,DR,OD,D
11:01:11,PTBA,RG,4240,1,D,NI,OD,D
11:01:11,PTBA,RG,4240,1,D,YP,OD,D
11:01:11,PTBA,RG,4240,51,D,XL,OD,D
11:01:11,PTBA,RG,4240,3,D,DR,OD,D
11:01:11,PTBA,RG,4240,1,D,KK,OD,D
11:01:11,PTBA,RG,4240,1,D,CC,OD,D
11:01:11,PTBA,RG,4240,5,D,YP,OD,D
11:01:11,PTBA,RG,4240,100,D,DH,OD,D
11:01:11,PTBA,RG,4240,3,D,SQ,OD,D
11:01:11,PTBA,RG,4240,10,D,CC,OD,D
11:01:11,PTBA,RG,4240,1,D,KK,OD,D
11:01:11,PTBA,RG,4240,1,D,PD,OD,D
11:01:11,PTBA,RG,4240,50,D,PD,OD,D
11:01:11,PTBA,RG,4240,2,D,CC,OD,D
11:01:11,PTBA,RG,4240,1,D,YP,OD,D
11:01:11,PTBA,RG,4240,1,D,YP,OD,D
11:01:11,PTBA,RG,4240,15,F,YU,OD,D
11:01:11,PTBA,RG,4240,5,D,XL,OD,D
11:01:11,PTBA,RG,4240,2,D,XC,OD,D
11:01:11,PTBA,RG,4240,1,D,YP,OD,D
11:01:11,PTBA,RG,4240,25,D,AT,OD,D
11:01:11,PTBA,RG,4240,13,F,YU,OD,D
11:01:11,PTBA,RG,4240,12,D,KZ,OD,D
11:01:11,PTBA,RG,4240,7,D,KZ,OD,D
11:01:11,PTBA,RG,4240,50,D,CC,OD,D
11:01:11,PTBA,RG,4240,5,D,CC,OD,D
11:01:11,PTBA,RG,4240,3,D,KK,OD,D
11:01:11,PTBA,RG,4240,1,D,NI,OD,D
11:01:11,PTBA,RG,4240,252,D,YP,OD,D
11:01:08,PTBA,RG,4240,36,D,YP,NI,D
11:01:07,PTBA,RG,4250,1,D,PD,HP,D
11:01:07,PTBA,RG,4240,17,D,YP,XC,D
11:00:55,PTBA,RG,4240,15,D,YP,BK,F
11:00:45,PTBA,RG,4250,2,D,YP,HP,D
11:00:36,PTBA,RG,4250,2,D,OD,HP,D
11:00:33,PTBA,RG,4250,8,D,PD,HP,D
11:00:24,PTBA,RG,4250,4,D,OD,HP,D
11:00:22,PTBA,RG,4240,10,D,YP,DH,D
11:00:21,PTBA,RG,4240,2,D,YP,KK,D
11:00:13,PTBA,RG,4240,10,D,YP,CC,D
11:00:04,PTBA,RG,4240,560,D,YP,OD,D
10:59:48,PTBA,RG,4240,16,D,YP,BK,F
10:59:34,PTBA,RG,4250,1,D,OD,HP,D
10:59:23,PTBA,RG,4250,100,D,AZ,HP,D
10:59:22,PTBA,RG,4250,4,D,OD,HP,D
10:59:21,PTBA,RG,4250,1000,D,NI,HP,D
10:59:10,PTBA,RG,4240,4,D,YP,PD,D
10:58:44,PTBA,RG,4240,17,D,YP,BK,F
10:58:41,PTBA,RG,4250,3,D,PD,HP,D
10:58:33,PTBA,RG,4240,8,D,YP,BK,F
10:58:32,PTBA,RG,4250,2,D,OD,HP,D
10:58:22,PTBA,RG,4250,4,D,OD,HP,D
10:58:13,PTBA,RG,4240,3,D,YP,NI,D
10:58:11,PTBA,RG,4240,15,D,YP,XL,D
10:57:49,PTBA,RG,4240,2,D,YP,CP,D
10:57:36,PTBA,RG,4240,1,D,YP,NI,D
10:57:35,PTBA,RG,4240,18,D,YP,BK,F
10:57:32,PTBA,RG,4250,1,D,OD,HP,D
10:57:26,PTBA,RG,4250,3,D,OD,HP,D
10:57:16,PTBA,RG,4240,3,D,YP,PD,D
10:56:30,PTBA,RG,4240,99,D,YP,XL,D
10:56:30,PTBA,RG,4250,2,D,OD,HP,D
10:56:28,PTBA,RG,4250,25,D,AZ,HP,D
10:56:24,PTBA,RG,4250,5,D,OD,HP,D
10:56:04,PTBA,RG,4250,22,F,ZP,HP,D
10:56:00,PTBA,RG,4250,6,D,PD,HP,D
10:55:50,PTBA,RG,4240,228,D,YP,DX,D
10:55:34,PTBA,RG,4250,1,F,KZ,HP,D
10:55:34,PTBA,RG,4250,1,F,KZ,HP,D
10:55:32,PTBA,RG,4250,1,F,KZ,HP,D
10:55:32,PTBA,RG,4250,1,F,KZ,HP,D
10:55:32,PTBA,RG,4250,1,F,KZ,HP,D
10:55:32,PTBA,RG,4250,1,F,KZ,HP,D
10:55:32,PTBA,RG,4250,1,F,KZ,HP,D
10:55:32,PTBA,RG,4250,1,D,OD,HP,D
10:55:29,PTBA,RG,4250,9,F,BK,HP,D
10:55:28,PTBA,RG,4250,2,D,YP,HP,D
10:55:26,PTBA,RG,4240,3,D,YP,PD,D
10:55:22,PTBA,RG,4250,3,D,OD,HP,D
10:55:18,PTBA,RG,4250,2,D,PD,HP,D
10:54:52,PTBA,RG,4250,2,D,PD,HP,D
10:54:34,PTBA,RG,4250,2,D,OD,HP,D
10:54:24,PTBA,RG,4250,4,D,OD,HP,D
10:54:06,PTBA,RG,4240,32,D,YP,XC,D
10:54:02,PTBA,RG,4250,117,D,DH,HP,D
10:53:53,PTBA,RG,4240,10,D,YP,GR,D
10:53:52,PTBA,RG,4240,1,D,YP,EP,D
10:53:34,PTBA,RG,4250,1,D,OD,HP,D
10:53:24,PTBA,RG,4250,4,D,OD,HP,D
10:53:05,PTBA,RG,4240,8,D,YP,CC,D
10:52:42,PTBA,RG,4250,50,D,MG,HP,D
10:52:41,PTBA,RG,4250,45,D,KZ,HP,D
10:52:36,PTBA,RG,4250,2,D,OD,HP,D
10:52:24,PTBA,RG,4250,3,D,OD,ZP,F
10:52:16,PTBA,RG,4250,1,D,XL,ZP,F
10:51:47,PTBA,RG,4240,20,D,YP,CC,D
10:51:34,PTBA,RG,4250,1,D,OD,ZP,F
10:51:22,PTBA,RG,4250,4,D,OD,ZP,F
10:51:20,PTBA,RG,4250,49,D,BS,ZP,F
10:51:20,PTBA,RG,4250,34,D,BS,AK,F
10:51:20,PTBA,RG,4250,17,D,BS,AK,D
10:51:11,PTBA,RG,4250,9,D,XC,AK,D
10:51:04,PTBA,RG,4250,2,F,KZ,AK,D
10:51:04,PTBA,RG,4250,1,F,KZ,AK,D
10:51:01,PTBA,RG,4250,1,F,KZ,AK,D
10:51:01,PTBA,RG,4250,2,F,KZ,AK,D
10:51:01,PTBA,RG,4250,1,F,KZ,YP,D
10:51:01,PTBA,RG,4250,4,F,KZ,YP,D
10:51:01,PTBA,RG,4250,1,F,KZ,YP,D
10:51:01,PTBA,RG,4250,1,F,KZ,YP,D
10:51:01,PTBA,RG,4250,1,F,KZ,YP,D
10:51:01,PTBA,RG,4250,8,D,NI,YP,D
10:50:53,PTBA,RG,4250,1,D,YP,YP,D
10:50:36,PTBA,RG,4250,2,D,XC,YP,D
10:50:31,PTBA,RG,4250,2,D,OD,YP,D
10:50:23,PTBA,RG,4250,4,D,OD,YP,D
10:50:21,PTBA,RG,4250,10,F,NI,YP,D
10:50:12,PTBA,RG,4240,110,D,YP,NI,D
10:50:12,PTBA,RG,4240,5,D,XC,NI,D
10:49:58,PTBA,RG,4250,1,D,CC,YP,D
10:49:57,PTBA,RG,4250,44,D,XC,YP,D
10:49:40,PTBA,RG,4250,2,D,PD,YP,D
10:49:35,PTBA,RG,4250,2,D,PD,YP,D
10:49:31,PTBA,RG,4250,1,D,OD,YP,D
10:49:21,PTBA,RG,4250,4,D,OD,YP,D
10:48:48,PTBA,RG,4240,15,D,XC,CC,D
10:48:31,PTBA,RG,4250,2,D,OD,YP,D
10:48:29,PTBA,RG,4250,1,D,YP,YP,D
10:48:23,PTBA,RG,4250,4,D,OD,YP,D
10:47:33,PTBA,RG,4250,1,D,OD,YP,D
10:47:24,PTBA,RG,4250,3,D,OD,YP,D
10:47:19,PTBA,RG,4250,1,D,YP,BK,F
10:47:07,PTBA,RG,4250,3,D,AZ,BK,F
10:47:02,PTBA,RG,4250,3,D,YP,BK,F
10:46:33,PTBA,RG,4250,2,D,OD,BK,F
10:46:31,PTBA,RG,4250,165,D,DH,BK,F
10:46:31,PTBA,RG,4250,13,D,DH,BK,F
10:46:31,PTBA,RG,4250,822,D,DH,OD,D
10:46:24,PTBA,RG,4250,4,D,OD,OD,D
10:46:21,PTBA,RG,4250,2,D,YP,OD,D
10:46:00,PTBA,RG,4240,40,D,XC,AK,D
10:46:00,PTBA,RG,4240,1,D,AT,AK,D
10:46:00,PTBA,RG,4240,20,D,YP,AK,D
10:46:00,PTBA,RG,4240,1,D,XC,AK,D
10:46:00,PTBA,RG,4240,50,D,YP,AK,D
10:46:00,PTBA,RG,4240,6,D,XL,AK,D
10:46:00,PTBA,RG,4240,1,D,PD,AK,D
10:46:00,PTBA,RG,4240,2,D,PD,AK,D
10:46:00,PTBA,RG,4240,1,D,XC,AK,D
10:46:00,PTBA,RG,4240,15,F,PD,AK,D
10:46:00,PTBA,RG,4240,37,D,PD,AK,D
10:45:51,PTBA,RG,4240,19,D,PD,YP,D
10:45:51,PTBA,RG,4240,1,D,XC,YP,D
10:45:51,PTBA,RG,4240,20,D,SQ,YP,D
10:45:51,PTBA,RG,4240,2,D,HP,YP,D
10:45:51,PTBA,RG,4240,500,D,GR,YP,D
10:45:51,PTBA,RG,4240,5,D,AT,YP,D
10:45:51,PTBA,RG,4240,2,D,NI,YP,D
10:45:51,PTBA,RG,4240,5,D,PD,YP,D
10:45:51,PTBA,RG,4240,20,D,KK,YP,D
10:45:51,PTBA,RG,4240,1,D,PD,YP,D
10:45:51,PTBA,RG,4240,1,D,XL,YP,D
10:45:51,PTBA,RG,4240,1,D,YU,YP,D
10:45:51,PTBA,RG,4240,4,D,CC,YP,D
10:45:51,PTBA,RG,4240,1,D,PD,YP,D
10:45:51,PTBA,RG,4240,5,D,PD,YP,D
10:45:51,PTBA,RG,4240,2,D,XC,YP,D
10:45:51,PTBA,RG,4240,5,D,LG,YP,D
10:45:51,PTBA,RG,4240,4,D,XC,YP,D
10:45:43,PTBA,RG,4240,2,D,XC,BK,F
10:45:43,PTBA,RG,4240,5,D,YP,BK,F
10:45:43,PTBA,RG,4240,1,D,DH,BK,F
10:45:43,PTBA,RG,4240,11,D,AT,BK,F
10:45:37,PTBA,RG,4250,1,F,KZ,OD,D
10:45:31,PTBA,RG,4250,2,D,OD,OD,D
10:45:28,PTBA,RG,4250,1,F,KZ,OD,D
10:45:28,PTBA,RG,4250,1,F,KZ,OD,D
10:45:28,PTBA,RG,4250,2,F,KZ,OD,D
10:45:28,PTBA,RG,4250,5,D,OD,OD,D
10:45:12,PTBA,RG,4240,50,D,OD,YP,D
10:45:12,PTBA,RG,4240,4,D,YP,YP,D
10:45:12,PTBA,RG,4240,15,D,CC,YP,D
10:45:12,PTBA,RG,4240,13,D,PD,YP,D
10:45:12,PTBA,RG,4240,3,D,XC,YP,D
10:45:12,PTBA,RG,4240,3,D,YP,YP,D
10:45:12,PTBA,RG,4240,2,D,YP,YP,D
10:45:12,PTBA,RG,4240,1,D,DR,YP,D
10:45:12,PTBA,RG,4240,10,D,KK,YP,D
10:45:12,PTBA,RG,4240,1,D,CC,YP,D
10:45:12,PTBA,RG,4240,11,D,PD,YP,D
10:45:12,PTBA,RG,4240,2,D,PD,YP,D
10:45:12,PTBA,RG,4240,25,D,SQ,YP,D
10:45:12,PTBA,RG,4240,4,D,PD,YP,D
10:45:12,PTBA,RG,4240,1,D,PD,YP,D
10:45:12,PTBA,RG,4240,1,D,NI,YP,D
10:45:12,PTBA,RG,4240,1,D,XC,YP,D
10:45:12,PTBA,RG,4240,1,D,XC,YP,D
10:45:12,PTBA,RG,4240,2,D,XL,YP,D
10:45:12,PTBA,RG,4240,56,D,YP,YP,D
10:45:01,PTBA,RG,4250,5,D,NI,OD,D
10:44:51,PTBA,RG,4240,23,D,YP,YP,D
10:44:45,PTBA,RG,4240,16,D,YP,BK,F
10:44:31,PTBA,RG,4250,1,F,KZ,OD,D
10:44:31,PTBA,RG,4250,1,F,KZ,OD,D
10:44:30,PTBA,RG,4250,1,F,KZ,OD,D
10:44:30,PTBA,RG,4250,1,F,KZ,OD,D
10:44:30,PTBA,RG,4250,1,F,KZ,OD,D
10:44:30,PTBA,RG,4250,1,F,KZ,OD,D
10:44:30,PTBA,RG,4250,1,F,KZ,OD,D
10:44:30,PTBA,RG,4250,1,F,KZ,OD,D
10:44:30,PTBA,RG,4250,2,D,OD,OD,D
10:44:28,PTBA,RG,4250,6,D,OD,OD,D
10:43:55,PTBA,RG,4250,1,D,XC,OD,D
10:43:51,PTBA,RG,4250,6,D,PD,OD,D
10:43:51,PTBA,RG,4240,4,D,YP,BK,F
10:43:51,PTBA,RG,4240,1,D,PD,BK,F
10:43:51,PTBA,RG,4240,10,D,XL,BK,F
10:43:51,PTBA,RG,4240,1,D,YP,BK,F
10:43:43,PTBA,RG,4240,1,D,YP,CC,D
10:43:30,PTBA,RG,4250,2,D,OD,OD,D
10:43:26,PTBA,RG,4250,6,D,OD,OD,D
10:43:15,PTBA,RG,4240,8,D,YP,AK,D
10:43:15,PTBA,RG,4240,1,D,XL,AK,D
10:43:15,PTBA,RG,4240,22,D,DH,AK,D
10:42:56,PTBA,RG,4250,25,D,AZ,OD,D
10:42:46,PTBA,RG,4240,18,D,DH,BK,F
10:42:32,PTBA,RG,4250,3,D,OD,OD,D
10:42:30,PTBA,RG,4250,6,D,OD,OD,D
10:42:18,PTBA,RG,4250,1,D,PD,OD,D
10:42:03,PTBA,RG,4250,3,D,ZP,OD,D
10:41:58,PTBA,RG,4240,9,D,DH,PD,D
10:41:50,PTBA,RG,4240,17,D,DH,BK,F
10:41:50,PTBA,RG,4250,2,D,XL,OD,D
10:41:50,PTBA,RG,4250,1,D,PD,OD,D
10:41:43,PTBA,RG,4240,10,D,DH,AT,D
10:41:08,PTBA,RG,4240,25,D,DH,YP,D
10:41:08,PTBA,RG,4240,25,D,AZ,YP,D
10:41:02,PTBA,RG,4250,25,D,AZ,OD,D
10:41:02,PTBA,RG,4250,2,D,OD,OD,D
10:41:02,PTBA,RG,4250,6,D,OD,OD,D
10:41:02,PTBA,RG,4250,5,F,KZ,OD,D
10:41:02,PTBA,RG,4250,2,F,AK,OD,D
10:41:02,PTBA,RG,4250,4,F,AK,OD,D
10:41:02,PTBA,RG,4250,20,D,KK,OD,D
10:41:02,PTBA,RG,4250,1,F,AK,OD,D
10:41:02,PTBA,RG,4250,12,F,KZ,OD,D
10:41:02,PTBA,RG,4250,6,F,CS,OD,D
10:41:02,PTBA,RG,4250,1,F,CS,ZP,F
10:41:02,PTBA,RG,4250,3,F,CS,RF,D
10:41:02,PTBA,RG,4250,25,D,FZ,RF,D
10:41:02,PTBA,RG,4250,46,D,EP,RF,D
10:41:02,PTBA,RG,4250,1,D,YP,RF,D
10:41:02,PTBA,RG,4250,25,D,NI,RF,D
10:41:02,PTBA,RG,4250,30,D,YP,RF,D
10:41:02,PTBA,RG,4250,16,F,YU,RF,D
10:41:02,PTBA,RG,4250,1,F,KZ,RF,D
10:41:02,PTBA,RG,4250,1,F,KZ,RF,D
10:41:02,PTBA,RG,4250,3,F,KZ,RF,D
10:41:02,PTBA,RG,4250,47,F,AK,RF,D
10:41:02,PTBA,RG,4250,1,D,AZ,RF,D
10:41:02,PTBA,RG,4250,8,F,CS,RF,D
10:41:02,PTBA,RG,4250,1,F,KZ,RF,D
10:41:02,PTBA,RG,4250,2,F,KZ,RF,D
10:41:02,PTBA,RG,4250,23,D,PD,RF,D
10:41:02,PTBA,RG,4250,20,D,XC,RF,D
10:41:02,PTBA,RG,4250,1,F,KZ,RF,D
10:41:02,PTBA,RG,4250,2,D,PD,RF,D
10:41:02,PTBA,RG,4250,244,D,DR,RF,D
10:40:44,PTBA,RG,4250,18,D,DR,BK,F
10:40:40,PTBA,RG,4250,25,D,DR,KK,D
10:40:38,PTBA,RG,4260,2,D,OD,YP,D
10:40:34,PTBA,RG,4260,6,D,OD,YP,D
10:40:31,PTBA,RG,4250,100,D,DR,YP,D
10:40:29,PTBA,RG,4250,13,D,DR,YP,D
10:40:29,PTBA,RG,4250,18,F,BK,YP,D
10:40:29,PTBA,RG,4250,1,D,XC,YP,D
10:40:29,PTBA,RG,4250,8,F,KZ,YP,D
10:40:29,PTBA,RG,4250,10,F,BK,YP,D
10:40:29,PTBA,RG,4250,1,D,XL,YP,D
10:40:29,PTBA,RG,4250,21,F,YU,YP,D
10:40:29,PTBA,RG,4250,25,D,AZ,YP,D
10:40:29,PTBA,RG,4250,1,D,PD,YP,D
10:40:29,PTBA,RG,4250,2,D,NI,YP,D
10:40:25,PTBA,RG,4250,1,D,YP,ZP,F
10:40:25,PTBA,RG,4250,10,D,SQ,ZP,F
10:40:25,PTBA,RG,4250,2,D,PD,ZP,F
10:40:25,PTBA,RG,4250,6,F,CS,ZP,F
10:40:25,PTBA,RG,4250,4,F,CS,ZP,F
10:40:25,PTBA,RG,4250,11,D,YP,ZP,F
10:40:25,PTBA,RG,4250,25,D,AZ,ZP,F
10:40:25,PTBA,RG,4250,10,F,CC,ZP,F
10:40:25,PTBA,RG,4250,33,F,CC,YP,D
10:40:25,PTBA,RG,4250,1,D,XC,YP,D
10:40:25,PTBA,RG,4250,66,D,YP,YP,D
10:40:25,PTBA,RG,4250,34,D,YP,GR,D
10:40:25,PTBA,RG,4250,36,D,PD,GR,D
10:40:25,PTBA,RG,4250,23,D,PD,GR,D
10:40:25,PTBA,RG,4250,25,D,AT,GR,D
10:40:25,PTBA,RG,4250,10,D,CC,GR,D
10:40:25,PTBA,RG,4250,1,D,XC,GR,D
10:40:25,PTBA,RG,4250,130,D,KZ,GR,D
10:40:25,PTBA,RG,4250,200,D,YP,GR,D
10:40:25,PTBA,RG,4250,73,D,CC,GR,D
10:40:25,PTBA,RG,4250,10,D,AZ,GR,D
10:40:25,PTBA,RG,4250,5,D,GR,GR,D
10:40:25,PTBA,RG,4250,7,D,OD,GR,D
10:40:25,PTBA,RG,4250,20,D,PD,GR,D
10:40:25,PTBA,RG,4250,30,D,CC,GR,D
10:40:25,PTBA,RG,4250,1,D,NI,GR,D
10:40:25,PTBA,RG,4250,100,D,CC,GR,D
10:40:25,PTBA,RG,4250,5,D,CC,GR,D
10:40:25,PTBA,RG,4250,2,F,AK,GR,D
10:40:25,PTBA,RG,4250,11,F,CS,GR,D
10:40:25,PTBA,RG,4250,5,D,AT,GR,D
10:40:25,PTBA,RG,4250,10,D,PD,GR,D
10:40:25,PTBA,RG,4250,1,D,NI,GR,D
10:40:25,PTBA,RG,4250,7,D,PD,GR,D
10:40:25,PTBA,RG,4250,17,F,YU,GR,D
10:40:25,PTBA,RG,4250,20,D,PD,GR,D
10:40:25,PTBA,RG,4250,20,D,SQ,GR,D
10:40:25,PTBA,RG,4250,3,F,AK,GR,D
10:40:25,PTBA,RG,4250,6,F,CS,GR,D
10:40:25,PTBA,RG,4250,503,D,MG,GR,D
10:40:08,PTBA,RG,4250,50,D,MG,YP,D
10:40:07,PTBA,RG,4250,46,D,MG,YP,D
10:40:07,PTBA,RG,4250,30,D,PD,YP,D
10:40:07,PTBA,RG,4250,1,D,NI,YP,D
10:40:07,PTBA,RG,4250,20,D,NI,YP,D
10:40:07,PTBA,RG,4250,3,D,SQ,YP,D
10:39:52,PTBA,RG,4250,7,D,SQ,YP,D
10:39:52,PTBA,RG,4250,2,D,PD,YP,D
10:39:52,PTBA,RG,4250,6,F,CS,YP,D
10:39:52,PTBA,RG,4250,1,F,KZ,YP,D
10:39:52,PTBA,RG,4250,20,D,YP,YP,D
10:39:52,PTBA,RG,4250,2,D,XC,YP,D
10:39:52,PTBA,RG,4250,1,D,PD,YP,D
10:39:52,PTBA,RG,4250,6,F,CS,YP,D
10:39:52,PTBA,RG,4250,1,D,XC,YP,D
10:39:52,PTBA,RG,4250,50,D,CD,YP,D
10:39:52,PTBA,RG,4250,1,D,XC,YP,D
10:39:52,PTBA,RG,4250,3,D,YP,YP,D
10:39:43,PTBA,RG,4250,19,D,YP,BK,F
10:39:41,PTBA,RG,4250,5,D,YP,XC,D
10:39:38,PTBA,RG,4260,3,D,OD,YP,D
10:39:36,PTBA,RG,4260,7,D,OD,YP,D
10:39:30,PTBA,RG,4260,1,F,AK,YP,D
10:39:26,PTBA,RG,4260,10,D,CC,YP,D
10:39:17,PTBA,RG,4250,1,D,YP,YP,D
10:38:48,PTBA,RG,4260,1,D,PD,YP,D
10:38:46,PTBA,RG,4250,16,D,YP,BK,F
10:38:40,PTBA,RG,4260,2,D,OD,YP,D
10:38:36,PTBA,RG,4260,87,D,KZ,YP,D
10:38:34,PTBA,RG,4260,6,D,OD,YP,D
10:38:06,PTBA,RG,4250,1,D,YP,OD,D
10:37:49,PTBA,RG,4250,5,D,YP,BK,F
10:37:49,PTBA,RG,4250,13,D,KK,BK,F
10:37:49,PTBA,RG,4250,3,D,KK,NI,D
10:37:41,PTBA,RG,4260,58,D,CC,YP,D
10:37:41,PTBA,RG,4260,42,D,CC,DH,D
10:37:38,PTBA,RG,4260,2,D,OD,DH,D
10:37:34,PTBA,RG,4260,5,D,OD,DH,D
10:37:26,PTBA,RG,4250,6,D,KK,XL,D
10:37:05,PTBA,RG,4250,1,D,KK,XC,D
10:36:50,PTBA,RG,4250,17,D,KK,BK,F
10:36:38,PTBA,RG,4260,3,D,OD,DH,D
10:36:36,PTBA,RG,4260,7,D,OD,DH,D
10:35:57,PTBA,RG,4250,16,D,KK,BK,F
10:35:57,PTBA,RG,4260,25,D,AZ,DH,D
10:35:56,PTBA,RG,4250,5,D,KK,PD,D
10:35:38,PTBA,RG,4260,2,D,OD,DH,D
10:35:34,PTBA,RG,4260,7,D,OD,DH,D
10:35:34,PTBA,RG,4260,2,D,PD,DH,D
10:35:23,PTBA,RG,4260,3,D,PD,DH,D
10:35:03,PTBA,RG,4250,16,D,KK,BK,F
10:34:44,PTBA,RG,4260,2,D,PD,DH,D
10:34:44,PTBA,RG,4260,2,D,PD,OD,D
10:34:44,PTBA,RG,4260,3,D,PD,PD,D
10:34:44,PTBA,RG,4260,1,D,PD,NI,D
10:34:44,PTBA,RG,4260,1,D,PD,EP,D
10:34:36,PTBA,RG,4260,3,D,OD,EP,D
10:34:34,PTBA,RG,4260,2,F,KZ,EP,D
10:34:32,PTBA,RG,4260,1,F,KZ,EP,D
10:34:32,PTBA,RG,4260,1,F,KZ,EP,D
10:34:32,PTBA,RG,4260,1,F,KZ,EP,D
10:34:32,PTBA,RG,4260,1,F,KZ,EP,D
10:34:32,PTBA,RG,4260,1,F,KZ,EP,D
10:34:32,PTBA,RG,4260,4,F,KZ,EP,D
10:34:32,PTBA,RG,4260,1,F,KZ,YP,D
10:34:32,PTBA,RG,4260,2,F,KZ,PD,D
10:34:32,PTBA,RG,4260,6,D,OD,PD,D
10:34:27,PTBA,RG,4250,10,D,KK,LG,D
10:34:16,PTBA,RG,4250,10,D,KK,XL,D
10:34:14,PTBA,RG,4250,1,D,KK,YP,D
10:33:56,PTBA,RG,4260,15,D,XL,PD,D
10:33:38,PTBA,RG,4260,2,D,OD,PD,D
10:33:32,PTBA,RG,4260,1,D,OD,XC,D
10:33:32,PTBA,RG,4260,5,D,OD,YP,D
10:33:13,PTBA,RG,4260,5,D,XC,YP,D
10:33:10,PTBA,RG,4260,1,F,KZ,YP,D
10:33:10,PTBA,RG,4260,1,F,KZ,YP,D
10:33:10,PTBA,RG,4260,1,F,KZ,YP,D
10:33:10,PTBA,RG,4260,1,F,KZ,YP,D
10:33:10,PTBA,RG,4260,1,F,KZ,YP,D
10:33:10,PTBA,RG,4260,9,F,KZ,YP,D
10:32:52,PTBA,RG,4260,50,D,KK,YP,D
10:32:38,PTBA,RG,4260,3,D,OD,YP,D
10:32:34,PTBA,RG,4260,6,D,OD,YP,D
10:32:20,PTBA,RG,4260,17,D,NI,YP,D
10:32:20,PTBA,RG,4260,1,D,NI,DR,D
10:32:20,PTBA,RG,4260,3,D,NI,SQ,D
10:32:20,PTBA,RG,4260,1,D,NI,PC,D
10:32:20,PTBA,RG,4260,1,D,NI,OD,D
10:32:20,PTBA,RG,4260,5,D,NI,YP,D
10:32:20,PTBA,RG,4260,12,D,NI,BK,F
10:31:47,PTBA,RG,4250,2,D,KK,PD,D
10:31:47,PTBA,RG,4250,14,F,YU,PD,D
10:31:47,PTBA,RG,4250,2,D,YP,PD,D
10:31:47,PTBA,RG,4250,17,D,XC,PD,D
10:31:47,PTBA,RG,4250,3,F,AK,PD,D
10:31:47,PTBA,RG,4250,7,F,BK,PD,D
10:31:44,PTBA,RG,4260,25,F,CS,BK,F
10:31:36,PTBA,RG,4260,7,D,OD,BK,F
10:31:36,PTBA,RG,4260,1,D,OD,BK,F
10:31:36,PTBA,RG,4260,1,D,OD,YJ,D
10:31:35,PTBA,RG,4250,3,F,BK,BK,F
10:31:35,PTBA,RG,4250,16,F,YU,BK,F
10:31:34,PTBA,RG,4260,1,D,NI,YJ,D
10:30:52,PTBA,RG,4250,76,F,YU,EP,D
10:30:52,PTBA,RG,4250,57,F,AK,EP,D
10:30:52,PTBA,RG,4250,77,F,CC,EP,D
10:30:39,PTBA,RG,4250,18,F,CC,BK,F
10:30:35,PTBA,RG,4260,25,D,AZ,YJ,D
10:30:34,PTBA,RG,4260,6,D,OD,YJ,D
10:30:34,PTBA,RG,4260,3,D,OD,YJ,D
10:30:33,PTBA,RG,4260,5,D,YU,YJ,D
10:30:28,PTBA,RG,4260,1,F,KZ,YJ,D
10:30:28,PTBA,RG,4260,1,F,KZ,YJ,D
10:30:28,PTBA,RG,4260,1,F,KZ,YJ,D
10:30:28,PTBA,RG,4260,1,F,KZ,YJ,D
10:30:28,PTBA,RG,4260,1,F,KZ,YJ,D
10:30:28,PTBA,RG,4260,1,F,KZ,YJ,D
10:30:25,PTBA,RG,4250,5,F,CC,SQ,D
10:30:20,PTBA,RG,4260,1,F,AK,YJ,D
10:30:16,PTBA,RG,4260,11,D,YP,YJ,D
10:30:16,PTBA,RG,4260,25,D,AZ,YJ,D
10:30:07,PTBA,RG,4260,5,D,NI,YJ,D
10:29:49,PTBA,RG,4250,5,F,CC,NI,D
10:29:42,PTBA,RG,4260,2,D,XC,YJ,D
10:29:42,PTBA,RG,4250,18,F,CC,BK,F
10:29:32,PTBA,RG,4260,7,D,OD,YJ,D
10:29:32,PTBA,RG,4260,2,D,OD,YJ,D
10:29:26,PTBA,RG,4260,42,D,EP,YJ,D
10:28:32,PTBA,RG,4250,10,F,CC,YP,D
10:28:32,PTBA,RG,4260,6,D,OD,YJ,D
10:28:31,PTBA,RG,4250,2,F,CC,PD,D
10:28:30,PTBA,RG,4260,2,D,OD,YJ,D
10:28:28,PTBA,RG,4250,50,F,CC,YP,D
10:28:18,PTBA,RG,4250,50,F,CC,YP,D
10:28:00,PTBA,RG,4260,2,F,AK,YJ,D
10:27:55,PTBA,RG,4260,1,D,NI,YJ,D
10:27:35,PTBA,RG,4260,18,F,YU,YJ,D
10:27:34,PTBA,RG,4260,3,D,OD,YJ,D
10:27:32,PTBA,RG,4260,6,D,OD,YJ,D
10:27:09,PTBA,RG,4260,12,D,PD,YJ,D
10:26:36,PTBA,RG,4260,2,D,OD,YJ,D
10:26:34,PTBA,RG,4260,7,D,OD,YJ,D
10:26:00,PTBA,RG,4260,2,F,AK,YJ,D
10:25:59,PTBA,RG,4250,1,F,CC,KK,D
10:25:34,PTBA,RG,4260,6,D,OD,YJ,D
10:25:34,PTBA,RG,4260,3,D,OD,YJ,D
10:25:13,PTBA,RG,4260,10,F,BK,YJ,D
10:24:51,PTBA,RG,4260,20,D,CC,YJ,D
10:24:47,PTBA,RG,4250,1,F,CC,NI,D
10:24:34,PTBA,RG,4260,6,D,OD,YJ,D
10:24:32,PTBA,RG,4260,2,D,OD,YJ,D
10:24:13,PTBA,RG,4260,3,D,XC,YJ,D
10:24:12,PTBA,RG,4250,2,F,CC,NI,D
10:24:10,PTBA,RG,4260,2,D,EP,YJ,D
10:23:56,PTBA,RG,4260,3,D,HP,YJ,D
10:23:45,PTBA,RG,4260,2,F,AK,YJ,D
10:23:38,PTBA,RG,4260,7,D,OD,YJ,D
10:23:37,PTBA,RG,4260,1,D,XC,YJ,D
10:23:34,PTBA,RG,4260,3,D,OD,YJ,D
10:22:47,PTBA,RG,4260,2,D,PD,YJ,D
10:22:40,PTBA,RG,4260,5,D,OD,YJ,D
10:22:35,PTBA,RG,4260,22,F,BK,YJ,D
10:22:35,PTBA,RG,4260,1,F,BK,YP,D
10:22:31,PTBA,RG,4260,2,D,OD,CC,D
10:22:31,PTBA,RG,4250,68,F,CC,LG,D
10:22:31,PTBA,RG,4250,2,F,KZ,LG,D
10:22:31,PTBA,RG,4250,17,F,BK,LG,D
10:22:31,PTBA,RG,4250,16,D,EP,LG,D
10:22:31,PTBA,RG,4250,1,F,KZ,LG,D
10:22:31,PTBA,RG,4250,13,D,XC,LG,D
10:22:20,PTBA,RG,4250,3,D,XC,PD,D
10:21:51,PTBA,RG,4260,10,D,CC,CC,D
10:21:42,PTBA,RG,4260,6,D,OD,CC,D
10:21:32,PTBA,RG,4260,2,D,XC,CC,D
10:21:29,PTBA,RG,4260,2,D,OD,CC,D
10:21:13,PTBA,RG,4250,2,D,XC,XC,D
10:21:11,PTBA,RG,4260,2,D,PD,CC,D
10:21:06,PTBA,RG,4250,50,D,XC,PD,D
10:21:05,PTBA,RG,4260,2,F,AK,CC,D
10:20:55,PTBA,RG,4260,1,D,PC,CC,D
10:20:42,PTBA,RG,4260,7,D,OD,CC,D
10:20:29,PTBA,RG,4260,3,D,OD,CC,D
