Time,Stock,Brd,Price,Qty,BT,BC,SC,ST
15:14:46,PTBA,RG,4050,11,D,XC,KK,D
15:14:40,PTBA,RG,4050,5,D,KK,KK,D
15:14:40,PTBA,RG,4050,5,D,KK,PD,D
15:14:39,PTBA,RG,4050,5,D,PD,PD,D
15:14:39,PTBA,RG,4050,5,D,PD,MG,D
15:14:35,PTBA,RG,4050,10,D,XC,MG,D
15:14:28,PTBA,RG,4050,35,D,NI,MG,D
15:14:28,PTBA,RG,4050,8,D,NI,XC,D
15:14:28,PTBA,RG,4050,7,D,NI,MG,D
15:14:19,PTBA,RG,4050,74,D,PD,MG,D
15:14:19,PTBA,RG,4050,19,D,LG,MG,D
15:14:19,PTBA,RG,4050,6,D,LG,EP,D
15:14:17,PTBA,RG,4050,10,D,DH,EP,D
15:14:15,PTBA,RG,4050,20,D,SQ,EP,D
15:14:05,PTBA,RG,4050,5,D,YP,EP,D
15:14:01,PTBA,RG,4050,1,D,GR,EP,D
15:14:00,PTBA,RG,4050,25,D,KK,EP,D
15:13:53,PTBA,RG,4050,10,D,XL,EP,D
15:13:53,PTBA,RG,4050,98,D,KK,EP,D
15:13:52,PTBA,RG,4050,1,D,YP,EP,D
15:13:49,PTBA,RG,4050,25,D,CC,EP,D
15:13:42,PTBA,RG,4050,1,D,XL,EP,D
15:13:26,PTBA,RG,4050,5,D,XC,EP,D
15:13:21,PTBA,RG,4050,1,D,XL,EP,D
15:13:21,PTBA,RG,4050,20,D,CD,EP,D
15:13:18,PTBA,RG,4050,10,D,CD,EP,D
15:13:17,PTBA,RG,4050,1,D,XL,EP,D
15:13:14,PTBA,RG,4050,1,D,PD,EP,D
15:13:14,PTBA,RG,4050,5,D,KK,EP,D
15:13:14,PTBA,RG,4050,1,D,XL,EP,D
15:13:14,PTBA,RG,4050,2,D,KK,EP,D
15:13:14,PTBA,RG,4050,6,D,CC,EP,D
15:13:12,PTBA,RG,4050,19,D,CC,PD,D
15:13:12,PTBA,RG,4050,1,D,CC,PD,D
15:12:49,PTBA,RG,4050,35,D,CC,XA,D
15:12:49,PTBA,RG,4050,12,D,CC,XC,D
15:12:49,PTBA,RG,4050,50,D,CC,SQ,D
15:12:49,PTBA,RG,4050,21,D,CC,KK,D
15:12:49,PTBA,RG,4050,20,D,CC,CC,D
15:12:49,PTBA,RG,4050,3,D,CC,PC,D
15:12:49,PTBA,RG,4050,5,D,CC,YP,D
15:12:49,PTBA,RG,4050,100,D,CC,PD,D
15:12:49,PTBA,RG,4050,4,D,CC,XC,D
15:12:49,PTBA,RG,4050,30,D,CC,CC,D
15:12:49,PTBA,RG,4050,3,D,CC,HP,D
15:12:49,PTBA,RG,4050,10,D,CC,CC,D
15:12:49,PTBA,RG,4050,206,D,CC,AO,D
15:12:37,PTBA,RG,4050,1,D,SQ,AO,D
15:12:24,PTBA,RG,4050,1,D,CC,AO,D
15:12:18,PTBA,RG,4050,7,D,AZ,AO,D
15:12:08,PTBA,RG,4050,1,D,XC,AO,D
15:12:06,PTBA,RG,4050,2,D,XL,AO,D
15:12:02,PTBA,RG,4050,1,D,PD,AO,D
15:11:59,PTBA,RG,4050,50,D,YP,AO,D
15:11:52,PTBA,RG,4050,2,D,XL,AO,D
15:11:46,PTBA,RG,4050,3,D,XL,AO,D
15:11:34,PTBA,RG,4050,2,D,XC,AO,D
15:11:29,PTBA,RG,4050,3,D,YP,AO,D
15:11:20,PTBA,RG,4050,4,D,SQ,AO,D
15:11:19,PTBA,RG,4050,4,D,XL,AO,D
15:11:19,PTBA,RG,4050,1,D,XC,AO,D
15:11:17,PTBA,RG,4050,1,D,XC,AO,D
15:11:16,PTBA,RG,4050,1,D,XC,AO,D
15:11:04,PTBA,RG,4050,10,D,KK,AO,D
15:11:04,PTBA,RG,4050,10,D,KK,CP,D
15:11:04,PTBA,RG,4050,30,D,KK,XC,D
15:11:01,PTBA,RG,4050,1,D,XC,XC,D
15:11:00,PTBA,RG,4050,5,D,NI,XC,D
15:10:54,PTBA,RG,4050,10,D,XC,XC,D
15:10:47,PTBA,RG,4050,20,D,YB,XC,D
15:10:42,PTBA,RG,4050,6,D,XL,XC,D
15:10:35,PTBA,RG,4050,1,D,YP,XC,D
15:10:31,PTBA,RG,4050,1,D,GR,XC,D
15:10:27,PTBA,RG,4050,3,D,YP,XC,D
15:10:26,PTBA,RG,4050,2,D,YP,XC,D
15:10:21,PTBA,RG,4050,25,D,SQ,XC,D
15:10:17,PTBA,RG,4050,10,D,XL,XC,D
15:10:17,PTBA,RG,4050,15,D,YB,XC,D
15:10:16,PTBA,RG,4050,1,D,XL,XC,D
15:10:14,PTBA,RG,4050,1,D,XC,XC,D
15:10:13,PTBA,RG,4050,1,D,PD,XC,D
15:10:07,PTBA,RG,4050,2,D,XC,XC,D
15:10:07,PTBA,RG,4050,5,D,KK,XC,D
15:10:07,PTBA,RG,4050,361,D,YP,XC,D
15:10:04,PTBA,RG,4050,3,D,YP,YP,D
15:09:54,PTBA,RG,4050,18,D,YP,SQ,D
15:09:49,PTBA,RG,4050,1,D,YP,PD,D
15:09:49,PTBA,RG,4050,117,D,YP,OD,D
15:09:47,PTBA,RG,4050,1,D,NI,OD,D
15:09:46,PTBA,RG,4050,1,D,XL,OD,D
15:09:44,PTBA,RG,4050,45,D,PD,OD,D
15:09:44,PTBA,RG,4050,1,D,XC,OD,D
15:09:43,PTBA,RG,4050,1,D,XC,OD,D
15:09:39,PTBA,RG,4050,5,D,CC,OD,D
15:09:36,PTBA,RG,4050,12,D,YP,OD,D
15:09:36,PTBA,RG,4050,4,D,YP,OD,D
15:09:36,PTBA,RG,4050,1,D,CC,OD,D
15:09:36,PTBA,RG,4050,100,D,MG,OD,D
15:09:36,PTBA,RG,4050,111,D,GR,OD,D
15:09:36,PTBA,RG,4050,10,D,YB,OD,D
15:09:36,PTBA,RG,4050,200,D,MG,OD,D
15:09:36,PTBA,RG,4050,212,D,MG,OD,D
15:09:27,PTBA,RG,4050,100,D,MG,YP,D
15:09:27,PTBA,RG,4050,2,D,MG,CC,D
15:09:14,PTBA,RG,4050,5,D,MG,NI,D
15:09:14,PTBA,RG,4050,1,D,MG,XC,D
15:09:14,PTBA,RG,4050,84,D,MG,PD,D
15:09:14,PTBA,RG,4050,47,D,MG,CC,D
15:09:14,PTBA,RG,4050,10,D,MG,KK,D
15:09:14,PTBA,RG,4050,10,D,MG,SQ,D
15:09:14,PTBA,RG,4050,2,D,MG,KK,D
15:09:14,PTBA,RG,4050,3,D,MG,DR,D
15:09:14,PTBA,RG,4050,24,D,MG,PD,D
15:09:11,PTBA,RG,4050,60,D,PD,PD,D
15:09:11,PTBA,RG,4050,15,D,YB,PD,D
15:09:10,PTBA,RG,4050,5,D,GR,PD,D
15:09:09,PTBA,RG,4050,3,D,EP,PD,D
15:09:09,PTBA,RG,4050,100,D,SQ,PD,D
15:09:06,PTBA,RG,4050,12,D,YP,PD,D
15:09:03,PTBA,RG,4050,281,D,MG,PD,D
15:09:03,PTBA,RG,4050,200,D,MG,OK,D
15:09:03,PTBA,RG,4050,1,D,MG,YB,D
15:09:03,PTBA,RG,4050,100,D,MG,EP,D
15:09:03,PTBA,RG,4050,418,D,MG,ZP,D
15:08:55,PTBA,RG,4050,1,D,XC,ZP,D
15:08:54,PTBA,RG,4050,3,D,YP,ZP,D
15:08:53,PTBA,RG,4050,20,F,AG,ZP,D
15:08:53,PTBA,RG,4050,58,D,MG,ZP,D
15:08:53,PTBA,RG,4050,10,D,MG,SQ,D
15:08:53,PTBA,RG,4050,20,D,MG,KK,D
15:08:53,PTBA,RG,4050,4,D,MG,CC,D
15:08:53,PTBA,RG,4050,5,D,MG,KK,D
15:08:53,PTBA,RG,4050,9,D,MG,XA,D
15:08:53,PTBA,RG,4050,20,D,MG,KK,D
15:08:53,PTBA,RG,4050,15,D,MG,XA,D
15:08:53,PTBA,RG,4050,50,D,MG,CC,D
15:08:53,PTBA,RG,4050,35,D,MG,DH,D
15:08:53,PTBA,RG,4050,7,D,MG,DH,D
15:08:53,PTBA,RG,4050,14,D,MG,CC,D
15:08:53,PTBA,RG,4050,84,D,MG,CC,D
15:08:53,PTBA,RG,4050,10,D,MG,CC,D
15:08:53,PTBA,RG,4050,11,D,MG,YP,D
15:08:53,PTBA,RG,4050,50,D,MG,YU,D
15:08:53,PTBA,RG,4050,100,D,MG,CP,D
15:08:53,PTBA,RG,4050,20,D,MG,CC,D
15:08:53,PTBA,RG,4050,50,D,MG,PC,D
15:08:53,PTBA,RG,4050,428,D,MG,KI,D
15:08:50,PTBA,RG,4050,20,D,SQ,KI,D
15:08:49,PTBA,RG,4050,13,D,KK,KI,D
15:08:48,PTBA,RG,4050,1,D,XC,KI,D
15:08:41,PTBA,RG,4050,2,D,YP,KI,D
15:08:37,PTBA,RG,4050,536,D,GR,KI,D
15:08:37,PTBA,RG,4050,10,D,GR,XC,D
15:08:37,PTBA,RG,4050,454,D,GR,YP,D
15:08:36,PTBA,RG,4050,4,D,XC,YP,D
15:08:28,PTBA,RG,4050,2,D,XC,YP,D
15:08:23,PTBA,RG,4050,7,D,YP,YP,D
15:08:22,PTBA,RG,4050,3,D,EP,YP,D
15:08:18,PTBA,RG,4050,5,D,OD,YP,D
15:08:15,PTBA,RG,4050,1,D,XL,YP,D
15:08:09,PTBA,RG,4050,35,D,YJ,YP,D
15:08:07,PTBA,RG,4050,125,D,XL,YP,D
15:08:07,PTBA,RG,4050,3,D,YP,YP,D
15:08:01,PTBA,RG,4050,1,D,CC,YP,D
15:08:01,PTBA,RG,4050,500,D,YJ,YP,D
15:07:59,PTBA,RG,4050,2,D,CC,YP,D
15:07:49,PTBA,RG,4050,1,D,YP,YP,D
15:07:45,PTBA,RG,4050,200,D,PD,YP,D
15:07:29,PTBA,RG,4050,74,D,PD,YP,D
15:07:28,PTBA,RG,4050,5,D,GR,YP,D
15:07:26,PTBA,RG,4050,92,D,PD,YP,D
15:07:25,PTBA,RG,4050,3,D,XL,YP,D
15:07:25,PTBA,RG,4050,1,D,XC,YP,D
15:07:25,PTBA,RG,4050,1,D,SQ,YP,D
15:07:20,PTBA,RG,4050,1,D,XL,YP,D
15:07:06,PTBA,RG,4050,25,D,OD,YP,D
15:07:04,PTBA,RG,4050,5,D,YP,YP,D
15:07:03,PTBA,RG,4050,10,D,NI,YP,D
15:07:02,PTBA,RG,4050,10,D,NI,YP,D
15:06:56,PTBA,RG,4050,3,D,PD,YP,D
15:06:55,PTBA,RG,4050,2,D,CC,YP,D
15:06:55,PTBA,RG,4050,20,D,YP,YP,D
15:06:50,PTBA,RG,4050,1,D,YP,YP,D
15:06:49,PTBA,RG,4050,2,D,SQ,YP,D
15:06:47,PTBA,RG,4050,30,D,PD,YP,D
15:06:46,PTBA,RG,4050,1,D,XC,YP,D
15:06:44,PTBA,RG,4050,124,D,XL,YP,D
15:06:39,PTBA,RG,4050,1,D,XL,YP,D
15:06:32,PTBA,RG,4050,2,D,YP,YP,D
15:06:31,PTBA,RG,4050,1,D,PD,YP,D
15:06:28,PTBA,RG,4050,5,D,NI,YP,D
15:06:27,PTBA,RG,4050,13,D,EP,YP,D
15:06:25,PTBA,RG,4050,8,D,XL,YP,D
15:06:18,PTBA,RG,4050,1,D,DR,YP,D
15:06:14,PTBA,RG,4050,1,D,KK,YP,D
15:06:09,PTBA,RG,4050,12,D,NI,YP,D
15:06:06,PTBA,RG,4050,60,D,XA,YP,D
15:06:05,PTBA,RG,4050,10,D,YP,YP,D
15:06:02,PTBA,RG,4050,1,D,CC,YP,D
15:05:59,PTBA,RG,4050,1,D,XC,YP,D
15:05:56,PTBA,RG,4050,50,D,YP,YP,D
15:05:56,PTBA,RG,4050,3,D,PD,YP,D
15:05:56,PTBA,RG,4050,725,D,PD,YP,D
15:05:54,PTBA,RG,4050,10,D,YB,YP,D
15:05:52,PTBA,RG,4050,100,D,NI,YP,D
15:05:50,PTBA,RG,4050,30,D,ZR,YP,D
15:05:49,PTBA,RG,4050,125,D,PD,YP,D
15:05:46,PTBA,RG,4050,2,D,CC,YP,D
15:05:44,PTBA,RG,4050,2,D,YP,YP,D
15:05:43,PTBA,RG,4050,1,D,XC,YP,D
15:05:43,PTBA,RG,4050,1,D,YP,YP,D
15:05:39,PTBA,RG,4050,2,D,YP,YP,D
15:05:35,PTBA,RG,4050,20,D,PD,YP,D
15:05:21,PTBA,RG,4050,3,D,YP,YP,D
15:05:19,PTBA,RG,4050,100,D,NI,YP,D
15:05:17,PTBA,RG,4050,12,D,YP,YP,D
15:05:17,PTBA,RG,4050,2,D,XC,YP,D
15:05:15,PTBA,RG,4050,2,D,SQ,YP,D
15:05:09,PTBA,RG,4050,10,D,RG,YP,D
15:05:03,PTBA,RG,4050,32,D,XC,YP,D
15:05:02,PTBA,RG,4050,10,D,XC,YP,D
15:05:00,PTBA,RG,4050,5,D,DH,YP,D
15:04:54,PTBA,RG,4050,13,D,XC,YP,D
15:04:54,PTBA,RG,4050,1,D,YP,YP,D
15:04:49,PTBA,RG,4050,1,D,XC,YP,D
15:04:45,PTBA,RG,4050,5,D,CC,YP,D
15:04:42,PTBA,RG,4050,6,D,YU,YP,D
15:04:42,PTBA,RG,4050,25,D,GR,YP,D
15:04:39,PTBA,RG,4050,3,D,SQ,YP,D
15:04:38,PTBA,RG,4050,10,D,CC,YP,D
15:04:35,PTBA,RG,4050,10,D,RG,YP,D
15:04:32,PTBA,RG,4050,3,D,CC,YP,D
15:04:30,PTBA,RG,4050,10,D,RG,YP,D
15:04:25,PTBA,RG,4050,1,D,XL,YP,D
15:04:18,PTBA,RG,4050,1,D,XC,YP,D
15:04:15,PTBA,RG,4050,10,D,KK,YP,D
15:04:12,PTBA,RG,4050,8,D,XC,YP,D
15:04:09,PTBA,RG,4050,1,D,XC,YP,D
15:04:08,PTBA,RG,4050,29,D,PD,YP,D
15:04:08,PTBA,RG,4050,3,D,YU,YP,D
15:04:06,PTBA,RG,4050,2,D,YP,YP,D
15:04:03,PTBA,RG,4050,2,D,XL,YP,D
15:04:02,PTBA,RG,4050,10,D,PD,YP,D
15:04:01,PTBA,RG,4050,11,D,YP,YP,D
15:04:00,PTBA,RG,4050,1,D,PD,YP,D
15:04:00,PTBA,RG,4050,12,D,CC,YP,D
15:03:58,PTBA,RG,4050,9,D,PD,YP,D
15:03:58,PTBA,RG,4050,2,D,XC,YP,D
15:03:56,PTBA,RG,4050,1,D,XL,YP,D
15:03:52,PTBA,RG,4050,37,D,PD,YP,D
15:03:49,PTBA,RG,4050,1,D,PD,YP,D
15:03:49,PTBA,RG,4050,2,D,XL,YP,D
15:03:43,PTBA,RG,4050,5,D,XC,YP,D
15:03:41,PTBA,RG,4050,5,D,PD,YP,D
15:03:41,PTBA,RG,4050,1,D,KK,YP,D
15:03:41,PTBA,RG,4050,1,D,DR,YP,D
15:03:38,PTBA,RG,4050,1,D,PD,YP,D
15:03:37,PTBA,RG,4050,5,D,PD,YP,D
15:03:30,PTBA,RG,4050,20,D,SQ,YP,D
15:03:29,PTBA,RG,4050,6,D,PD,YP,D
15:03:28,PTBA,RG,4050,10,D,MG,YP,D
15:03:26,PTBA,RG,4050,2,D,PD,YP,D
15:03:25,PTBA,RG,4050,1,D,PD,YP,D
15:03:22,PTBA,RG,4050,1,D,PD,YP,D
15:03:21,PTBA,RG,4050,20,D,XC,YP,D
15:03:21,PTBA,RG,4050,3,D,DR,YP,D
15:03:21,PTBA,RG,4050,5,D,YP,YP,D
15:03:21,PTBA,RG,4050,100,D,YU,YP,D
15:03:21,PTBA,RG,4050,1,D,PD,YP,D
15:03:21,PTBA,RG,4050,7,D,OD,YP,D
15:03:21,PTBA,RG,4050,3,D,AZ,YP,D
15:03:21,PTBA,RG,4050,1,D,NI,YP,D
15:03:21,PTBA,RG,4050,2,D,NI,YP,D
15:03:21,PTBA,RG,4050,50,D,PD,YP,D
15:03:21,PTBA,RG,4050,3,D,DR,YP,D
15:03:21,PTBA,RG,4050,5,D,CC,YP,D
15:03:21,PTBA,RG,4050,95,D,XL,YP,D
15:03:21,PTBA,RG,4050,1,D,YP,YP,D
15:03:21,PTBA,RG,4050,1,D,DH,YP,D
15:03:21,PTBA,RG,4050,100,D,EP,YP,D
15:03:21,PTBA,RG,4050,1,D,CC,YP,D
15:03:21,PTBA,RG,4050,1,D,SQ,YP,D
15:03:21,PTBA,RG,4050,100,D,NI,YP,D
15:03:21,PTBA,RG,4050,5,D,YP,YP,D
15:03:21,PTBA,RG,4050,12,D,YP,YP,D
15:03:21,PTBA,RG,4050,25,D,KK,YP,D
15:03:21,PTBA,RG,4050,30,D,DR,YP,D
15:03:21,PTBA,RG,4050,6,D,SQ,YP,D
15:03:21,PTBA,RG,4050,2,D,EP,YP,D
15:03:21,PTBA,RG,4050,88,D,PD,YP,D
15:03:21,PTBA,RG,4050,1,D,XC,YP,D
15:03:21,PTBA,RG,4050,1,D,YP,YP,D
15:03:21,PTBA,RG,4050,161,D,KK,YP,D
15:03:21,PTBA,RG,4050,19,D,YP,YP,D
15:03:21,PTBA,RG,4050,29,D,XC,YP,D
15:03:21,PTBA,RG,4050,4,D,PD,YP,D
15:03:21,PTBA,RG,4050,2,D,YP,YP,D
15:03:21,PTBA,RG,4050,247,D,YP,YP,D
15:03:21,PTBA,RG,4050,25,D,PD,YP,D
15:03:21,PTBA,RG,4050,2,D,CC,YP,D
15:03:21,PTBA,RG,4050,10,D,CC,YP,D
15:03:21,PTBA,RG,4050,2,D,XC,YP,D
15:03:21,PTBA,RG,4050,15,D,YP,YP,D
15:03:21,PTBA,RG,4050,25,D,DM,YP,D
15:03:21,PTBA,RG,4050,4,D,NI,YP,D
15:03:21,PTBA,RG,4050,20,D,CP,YP,D
15:03:21,PTBA,RG,4050,6,F,AG,YP,D
15:03:21,PTBA,RG,4050,50,D,LS,YP,D
15:03:21,PTBA,RG,4050,100,D,DR,YP,D
15:03:21,PTBA,RG,4050,5,D,PD,YP,D
15:03:21,PTBA,RG,4050,14,D,YP,YP,D
15:03:21,PTBA,RG,4050,2,D,PD,YP,D
15:03:21,PTBA,RG,4050,62,D,PD,YP,D
15:03:21,PTBA,RG,4050,1,D,YP,YP,D
15:03:21,PTBA,RG,4050,1,D,XC,YP,D
15:03:21,PTBA,RG,4050,50,D,LS,YP,D
15:03:21,PTBA,RG,4050,7,D,PD,YP,D
15:03:21,PTBA,RG,4050,2,D,DR,YP,D
15:03:21,PTBA,RG,4050,25,D,AZ,YP,D
15:03:21,PTBA,RG,4050,35,D,XL,YP,D
15:03:21,PTBA,RG,4050,313,F,CS,YP,D
15:03:21,PTBA,RG,4050,81,D,NI,YP,D
15:03:21,PTBA,RG,4050,5,D,YP,YP,D
15:03:21,PTBA,RG,4050,10,D,LG,YP,D
15:03:21,PTBA,RG,4050,1,D,XC,YP,D
15:03:21,PTBA,RG,4050,113,D,DH,YP,D
15:03:21,PTBA,RG,4050,5,D,CC,YP,D
15:03:21,PTBA,RG,4050,124,D,PD,YP,D
15:03:21,PTBA,RG,4050,20,D,XL,YP,D
15:03:21,PTBA,RG,4050,25,D,AZ,YP,D
15:03:21,PTBA,RG,4050,5,D,XC,YP,D
15:03:21,PTBA,RG,4050,10,D,PD,YP,D
15:03:21,PTBA,RG,4050,1000,D,ZP,YP,D
15:03:21,PTBA,RG,4050,10,D,DR,YP,D
15:03:21,PTBA,RG,4050,1,D,XC,YP,D
15:03:21,PTBA,RG,4050,5,D,XC,YP,D
15:03:21,PTBA,RG,4050,5,D,XC,YP,D
15:03:21,PTBA,RG,4050,50,D,EP,YP,D
15:03:21,PTBA,RG,4050,10,D,AZ,YP,D
15:03:21,PTBA,RG,4050,1,D,XL,YP,D
15:03:21,PTBA,RG,4050,1,D,PD,YP,D
15:03:21,PTBA,RG,4050,2,D,YP,YP,D
15:03:21,PTBA,RG,4050,1,D,PD,YP,D
15:03:21,PTBA,RG,4050,2,D,XC,YP,D
15:03:21,PTBA,RG,4050,1,D,PD,YP,D
15:03:21,PTBA,RG,4050,50,D,DR,YP,D
15:03:21,PTBA,RG,4050,10,D,XC,YP,D
15:03:21,PTBA,RG,4050,1000,D,KK,YP,D
15:03:21,PTBA,RG,4050,5,D,CC,YP,D
15:03:21,PTBA,RG,4050,2,D,KK,YP,D
15:03:21,PTBA,RG,4050,25,D,YP,YP,D
15:03:21,PTBA,RG,4050,30,D,AI,YP,D
15:03:21,PTBA,RG,4050,1,D,PD,YP,D
15:03:21,PTBA,RG,4050,120,D,XC,YP,D
15:03:21,PTBA,RG,4050,50,D,CP,YP,D
15:03:21,PTBA,RG,4050,5,D,XL,YP,D
15:03:21,PTBA,RG,4050,1903,D,ZP,YP,D
15:03:20,PTBA,RG,4050,10,D,ZP,GR,D
15:03:18,PTBA,RG,4050,50,D,ZP,YP,D
15:03:16,PTBA,RG,4050,1,D,ZP,BQ,D
15:03:13,PTBA,RG,4050,1,D,ZP,CC,D
15:03:06,PTBA,RG,4050,13,D,ZP,YU,D
15:03:04,PTBA,RG,4050,50,D,ZP,MG,D
15:03:03,PTBA,RG,4050,30,D,ZP,YP,D
15:02:55,PTBA,RG,4050,100,D,ZP,DH,D
15:02:54,PTBA,RG,4050,10,D,ZP,KK,D
15:02:51,PTBA,RG,4050,100,D,ZP,CC,D
15:02:50,PTBA,RG,4050,30,D,ZP,SQ,D
15:02:43,PTBA,RG,4050,6,D,ZP,OD,D
15:02:36,PTBA,RG,4050,5,D,ZP,YP,D
15:02:29,PTBA,RG,4050,7,D,ZP,KK,D
15:02:27,PTBA,RG,4050,5,D,ZP,YP,D
15:02:27,PTBA,RG,4050,5,D,ZP,YP,D
15:02:27,PTBA,RG,4050,1,D,ZP,DH,D
15:02:27,PTBA,RG,4050,50,D,ZP,PD,D
15:02:15,PTBA,RG,4050,65,D,ZP,OD,D
15:02:13,PTBA,RG,4050,35,D,ZP,KK,D
15:02:13,PTBA,RG,4050,12,D,ZP,PD,D
15:02:10,PTBA,RG,4050,5,D,ZP,YP,D
15:02:07,PTBA,RG,4050,1,D,ZP,YP,D
15:01:57,PTBA,RG,4050,4,D,ZP,SQ,D
15:01:56,PTBA,RG,4050,50,D,ZP,YP,D
15:01:54,PTBA,RG,4050,200,D,ZP,CC,D
15:01:50,PTBA,RG,4050,5,D,ZP,LG,D
15:01:42,PTBA,RG,4050,3,D,ZP,PD,D
15:01:36,PTBA,RG,4050,200,D,ZP,CC,D
15:01:33,PTBA,RG,4050,3,D,ZP,YP,D
15:01:32,PTBA,RG,4050,3,D,ZP,SQ,D
15:01:31,PTBA,RG,4050,25,D,ZP,KK,D
15:01:22,PTBA,RG,4050,100,D,ZP,GR,D
15:01:20,PTBA,RG,4050,25,D,ZP,YJ,D
15:01:13,PTBA,RG,4050,2,D,ZP,YB,D
15:01:08,PTBA,RG,4050,100,D,ZP,YP,D
15:01:04,PTBA,RG,4050,10,D,ZP,SQ,D
15:01:02,PTBA,RG,4050,100,D,ZP,ZP,D
15:01:01,PTBA,RG,4050,100,D,ZP,DH,D
15:01:01,PTBA,RG,4050,200,D,ZP,YP,D
15:01:00,PTBA,RG,4050,6,D,ZP,KK,D
15:00:00,PTBA,RG,4050,1,D,ZP,XL,D
15:00:00,PTBA,RG,4050,26,D,ZP,CC,D
15:00:00,PTBA,RG,4050,250,D,ZP,GR,D
15:00:00,PTBA,RG,4050,6,D,ZP,PD,D
15:00:00,PTBA,RG,4050,10,D,ZP,YP,D
15:00:00,PTBA,RG,4050,50,D,ZP,CC,D
15:00:00,PTBA,RG,4050,20,D,ZP,EP,D
15:00:00,PTBA,RG,4050,5,D,ZP,XA,D
15:00:00,PTBA,RG,4050,6,D,ZP,XC,D
15:00:00,PTBA,RG,4050,200,D,ZP,YP,D
15:00:00,PTBA,RG,4050,31,D,ZP,YU,D
15:00:00,PTBA,RG,4050,365,D,ZP,SQ,D
15:00:00,PTBA,RG,4050,50,D,ZP,DR,D
15:00:00,PTBA,RG,4050,1,D,ZP,DH,D
15:00:00,PTBA,RG,4050,1000,D,ZP,SQ,D
15:00:00,PTBA,RG,4050,10,D,ZP,YP,D
15:00:00,PTBA,RG,4050,10,D,ZP,LS,D
15:00:00,PTBA,RG,4050,828,D,ZP,KZ,D
15:00:00,PTBA,RG,4050,2,D,XC,KZ,D
15:00:00,PTBA,RG,4050,20,D,XC,KZ,D
15:00:00,PTBA,RG,4050,1,D,YP,KZ,D
15:00:00,PTBA,RG,4050,10,D,DH,KZ,D
15:00:00,PTBA,RG,4050,10,D,PD,KZ,D
15:00:00,PTBA,RG,4050,5,D,LG,KZ,D
15:00:00,PTBA,RG,4050,1,D,LG,KZ,D
15:00:00,PTBA,RG,4050,1,D,CC,KZ,D
15:00:00,PTBA,RG,4050,10,D,KK,KZ,D
15:00:00,PTBA,RG,4050,3,D,CC,KZ,D
15:00:00,PTBA,RG,4050,100,D,BQ,KZ,D
15:00:00,PTBA,RG,4050,10,D,YP,KZ,D
15:00:00,PTBA,RG,4050,20,D,KK,KZ,D
15:00:00,PTBA,RG,4050,2,D,XC,KZ,D
15:00:00,PTBA,RG,4050,10,D,XL,KZ,D
15:00:00,PTBA,RG,4050,5,D,KK,KZ,D
15:00:00,PTBA,RG,4050,2,D,PD,KZ,D
15:00:00,PTBA,RG,4050,2,D,YP,KZ,D
15:00:00,PTBA,RG,4050,1,D,XC,KZ,D
15:00:00,PTBA,RG,4050,49,D,YP,KZ,D
15:00:00,PTBA,RG,4050,10,D,DH,KZ,D
15:00:00,PTBA,RG,4050,10,D,XL,KZ,D
15:00:00,PTBA,RG,4050,24,D,YP,KZ,D
15:00:00,PTBA,RG,4050,3,D,YP,KZ,D
15:00:00,PTBA,RG,4050,2,D,YP,KZ,D
15:00:00,PTBA,RG,4050,3,D,PD,KZ,D
15:00:00,PTBA,RG,4050,12,D,XC,KZ,D
15:00:00,PTBA,RG,4050,5,D,ZP,KZ,D
15:00:00,PTBA,RG,4050,22,D,XC,KZ,D
15:00:00,PTBA,RG,4050,500,D,YP,KZ,D
15:00:00,PTBA,RG,4050,2,D,SQ,KZ,D
15:00:00,PTBA,RG,4050,15,D,XC,KZ,D
15:00:00,PTBA,RG,4050,20,D,YP,KZ,D
15:00:00,PTBA,RG,4050,100,D,KK,KZ,D
15:00:00,PTBA,RG,4050,13,D,XC,KZ,D
15:00:00,PTBA,RG,4050,10,D,PD,KZ,D
15:00:00,PTBA,RG,4050,25,D,CD,KZ,D
15:00:00,PTBA,RG,4050,10,D,PD,KZ,D
15:00:00,PTBA,RG,4050,10,D,PD,KZ,D
15:00:00,PTBA,RG,4050,1,D,PD,KZ,D
15:00:00,PTBA,RG,4050,150,D,SQ,KZ,D
15:00:00,PTBA,RG,4050,10,D,XA,KZ,D
15:00:00,PTBA,RG,4050,98,D,PD,KZ,D
15:00:00,PTBA,RG,4050,1,D,NI,KZ,D
15:00:00,PTBA,RG,4050,100,D,DR,KZ,D
15:00:00,PTBA,RG,4050,127,D,XC,KZ,D
15:00:00,PTBA,RG,4050,136,D,YP,KZ,D
15:00:00,PTBA,RG,4050,143,D,XL,KZ,D
15:00:00,PTBA,RG,4050,17,D,PD,KZ,D
15:00:00,PTBA,RG,4050,6,D,XL,KZ,D
15:00:00,PTBA,RG,4050,15,D,CC,KZ,D
15:00:00,PTBA,RG,4050,30,D,DR,KZ,D
15:00:00,PTBA,RG,4050,10,D,ZP,KZ,D
15:00:00,PTBA,RG,4050,20,D,YP,KZ,D
15:00:00,PTBA,RG,4050,6,D,YP,KZ,D
15:00:00,PTBA,RG,4050,2,D,PC,KZ,D
15:00:00,PTBA,RG,4050,1,D,YP,KZ,D
15:00:00,PTBA,RG,4050,10,D,KK,KZ,D
15:00:00,PTBA,RG,4050,2,D,YP,KZ,D
15:00:00,PTBA,RG,4050,25,D,YP,KZ,D
15:00:00,PTBA,RG,4050,500,D,YP,KZ,D
15:00:00,PTBA,RG,4050,1,D,YP,KZ,D
15:00:00,PTBA,RG,4050,10,D,PD,KZ,D
15:00:00,PTBA,RG,4050,735,D,CC,KZ,D
15:00:00,PTBA,RG,4050,10,D,KK,KZ,D
15:00:00,PTBA,RG,4050,5,D,CC,KZ,D
15:00:00,PTBA,RG,4050,2,D,CC,KZ,D
15:00:00,PTBA,RG,4050,1500,D,HP,KZ,D
15:00:00,PTBA,RG,4050,4,D,PD,KZ,D
15:00:00,PTBA,RG,4050,10,D,PD,KZ,D
15:00:00,PTBA,RG,4050,10,D,PD,KZ,D
15:00:00,PTBA,RG,4050,100,D,PD,KZ,D
15:00:00,PTBA,RG,4050,1,D,NI,KZ,D
15:00:00,PTBA,RG,4050,100,D,AG,KZ,D
15:00:00,PTBA,RG,4050,312,D,YP,KZ,D
15:00:00,PTBA,RG,4050,8,D,CC,KZ,D
15:00:00,PTBA,RG,4050,22,D,YP,KZ,D
15:00:00,PTBA,RG,4050,2,D,YP,KZ,D
15:00:00,PTBA,RG,4050,15,D,PD,KZ,D
15:00:00,PTBA,RG,4050,150,D,PD,KZ,D
15:00:00,PTBA,RG,4050,5,D,YP,KZ,D
15:00:00,PTBA,RG,4050,1089,F,CS,KZ,D
15:00:00,PTBA,RG,4050,2333,F,CS,KZ,D
15:00:00,PTBA,RG,4050,31,F,CS,YP,D
15:00:00,PTBA,RG,4050,2,F,CS,YP,D
15:00:00,PTBA,RG,4050,7,F,CS,YU,D
15:00:00,PTBA,RG,4050,50,F,CS,YP,D
15:00:00,PTBA,RG,4050,14,F,CS,KK,D
15:00:00,PTBA,RG,4050,1,D,XC,KK,D
15:00:00,PTBA,RG,4050,13,D,XL,KK,D
15:00:00,PTBA,RG,4050,25,D,KK,KK,D
15:00:00,PTBA,RG,4050,3,D,YP,KK,D
15:00:00,PTBA,RG,4050,10,D,PD,KK,D
15:00:00,PTBA,RG,4050,10,D,YP,KK,D
15:00:00,PTBA,RG,4050,1,D,KK,KK,D
15:00:00,PTBA,RG,4050,2,D,EP,KK,D
15:00:00,PTBA,RG,4050,10,D,NI,KK,D
15:00:00,PTBA,RG,4050,11,D,CP,KK,D
15:00:00,PTBA,RG,4050,4,D,CP,XL,D
15:00:00,PTBA,RG,4050,50,D,CP,PD,D
15:00:00,PTBA,RG,4050,50,D,CP,OD,D
15:00:00,PTBA,RG,4050,2,D,CP,XC,D
15:00:00,PTBA,RG,4050,10,D,CP,IU,D
15:00:00,PTBA,RG,4050,1,D,CP,PD,D
15:00:00,PTBA,RG,4050,1,D,CP,YP,D
15:00:00,PTBA,RG,4050,30,D,CP,YP,D
15:00:00,PTBA,RG,4050,341,D,CP,YP,D
15:00:00,PTBA,RG,4050,10,D,YP,YP,D
15:00:00,PTBA,RG,4050,10,D,YP,YP,D
15:00:00,PTBA,RG,4050,20,D,YP,YP,D
15:00:00,PTBA,RG,4050,1,D,PD,YP,D
15:00:00,PTBA,RG,4050,2,D,AZ,YP,D
15:00:00,PTBA,RG,4050,1,D,XC,YP,D
15:00:00,PTBA,RG,4050,300,D,YP,YP,D
15:00:00,PTBA,RG,4050,1,D,XL,YP,D
15:00:00,PTBA,RG,4050,5,D,YP,YP,D
15:00:00,PTBA,RG,4050,2,D,ZP,YP,D
15:00:00,PTBA,RG,4050,5,D,EP,YP,D
15:00:00,PTBA,RG,4050,50,D,GR,YP,D
15:00:00,PTBA,RG,4050,20,D,CC,YP,D
15:00:00,PTBA,RG,4050,6,D,XL,YP,D
15:00:00,PTBA,RG,4050,5,D,NI,YP,D
15:00:00,PTBA,RG,4050,5,D,DR,YP,D
15:00:00,PTBA,RG,4050,5,D,XL,YP,D
15:00:00,PTBA,RG,4050,5,D,CC,YP,D
15:00:00,PTBA,RG,4050,25,D,XC,YP,D
15:00:00,PTBA,RG,4050,2,D,YP,YP,D
15:00:00,PTBA,RG,4050,150,D,OD,YP,D
15:00:00,PTBA,RG,4050,50,D,YP,YP,D
15:00:00,PTBA,RG,4050,1,D,SQ,YP,D
15:00:00,PTBA,RG,4050,50,D,CP,YP,D
15:00:00,PTBA,RG,4050,10,D,DR,YP,D
15:00:00,PTBA,RG,4050,200,D,PF,YP,D
15:00:00,PTBA,RG,4050,2,D,XC,YP,D
15:00:00,PTBA,RG,4050,1,D,PD,YP,D
15:00:00,PTBA,RG,4050,6,D,XA,YP,D
15:00:00,PTBA,RG,4050,1,D,PD,YP,D
15:00:00,PTBA,RG,4050,7,D,YP,YP,D
15:00:00,PTBA,RG,4050,1,D,NI,YP,D
15:00:00,PTBA,RG,4050,3,D,PD,YP,D
15:00:00,PTBA,RG,4050,2,D,YP,YP,D
15:00:00,PTBA,RG,4050,10,D,AI,YP,D
15:00:00,PTBA,RG,4050,4,D,PD,YP,D
15:00:00,PTBA,RG,4050,1,D,CC,YP,D
15:00:00,PTBA,RG,4050,10,D,SQ,YP,D
15:00:00,PTBA,RG,4050,5,D,YP,YP,D
15:00:00,PTBA,RG,4050,10,D,YP,YP,D
15:00:00,PTBA,RG,4050,1,D,YU,YP,D
15:00:00,PTBA,RG,4050,2,D,YP,YP,D
15:00:00,PTBA,RG,4050,2,D,SQ,YP,D
15:00:00,PTBA,RG,4050,1,D,GR,YP,D
15:00:00,PTBA,RG,4050,50,D,OD,YP,D
15:00:00,PTBA,RG,4050,1,D,XC,YP,D
15:00:00,PTBA,RG,4050,25,D,SQ,YP,D
15:00:00,PTBA,RG,4050,10,D,SQ,YP,D
15:00:00,PTBA,RG,4050,2,D,PD,YP,D
15:00:00,PTBA,RG,4050,6,D,PD,YP,D
15:00:00,PTBA,RG,4050,2,D,AZ,YP,D
15:00:00,PTBA,RG,4050,10,D,YP,YP,D
15:00:00,PTBA,RG,4050,1,D,PD,YP,D
15:00:00,PTBA,RG,4050,5,D,CC,YP,D
15:00:00,PTBA,RG,4050,5,D,NI,YP,D
15:00:00,PTBA,RG,4050,1,D,NI,YP,D
15:00:00,PTBA,RG,4050,6,D,XA,YP,D
15:00:00,PTBA,RG,4050,3,D,PD,YP,D
15:00:00,PTBA,RG,4050,16,D,XC,YP,D
15:00:00,PTBA,RG,4050,1,D,SQ,YP,D
15:00:00,PTBA,RG,4050,2,D,YP,YP,D
15:00:00,PTBA,RG,4050,500,D,YP,YP,D
15:00:00,PTBA,RG,4050,1,D,YP,YP,D
15:00:00,PTBA,RG,4050,2,D,XC,YP,D
15:00:00,PTBA,RG,4050,300,D,YP,YP,D
15:00:00,PTBA,RG,4050,10,D,PD,YP,D
15:00:00,PTBA,RG,4050,7,D,YP,YP,D
15:00:00,PTBA,RG,4050,2000,D,SA,YP,D
15:00:00,PTBA,RG,4050,3,D,PD,YP,D
15:00:00,PTBA,RG,4050,1,D,XC,YP,D
15:00:00,PTBA,RG,4050,9,D,PD,YP,D
15:00:00,PTBA,RG,4050,10,D,YP,YP,D
15:00:00,PTBA,RG,4050,660,F,CS,YP,D
15:00:00,PTBA,RG,4050,4,F,CS,KK,D
15:00:00,PTBA,RG,4050,1,D,YP,KK,D
15:00:00,PTBA,RG,4050,24,D,YP,YP,D
15:00:00,PTBA,RG,4050,25,D,LG,YP,D
15:00:00,PTBA,RG,4050,9,D,PD,YP,D
15:00:00,PTBA,RG,4050,11,D,PD,XC,D
15:00:00,PTBA,RG,4050,100,D,EP,XC,D
15:00:00,PTBA,RG,4050,5,D,YP,XC,D
15:00:00,PTBA,RG,4050,170,D,YP,XC,D
15:00:00,PTBA,RG,4050,3,D,YP,XC,D
15:00:00,PTBA,RG,4050,1,D,KK,XC,D
15:00:00,PTBA,RG,4050,10,D,PD,XC,D
15:00:00,PTBA,RG,4050,10,D,BQ,XC,D
15:00:00,PTBA,RG,4050,25,D,PD,XC,D
15:00:00,PTBA,RG,4050,1,D,XC,XC,D
15:00:00,PTBA,RG,4050,335,F,ZP,XC,D
15:00:00,PTBA,RG,4050,137,F,CS,XC,D
15:00:00,PTBA,RG,4050,6,F,ZP,XC,D
15:00:00,PTBA,RG,4050,453,F,KZ,XC,D
15:00:00,PTBA,RG,4050,100,F,KZ,RS,D
15:00:00,PTBA,RG,4050,2,F,KZ,IF,D
15:00:00,PTBA,RG,4050,66,F,KZ,CC,D
15:00:00,PTBA,RG,4050,8,F,KZ,DR,D
15:00:00,PTBA,RG,4050,40,F,KZ,YP,D
15:00:00,PTBA,RG,4050,27,F,KZ,BQ,D
15:00:00,PTBA,RG,4050,30,F,KZ,KK,D
15:00:00,PTBA,RG,4050,11,F,KZ,GR,D
15:00:00,PTBA,RG,4050,4,F,KZ,MG,D
15:00:00,PTBA,RG,4050,1,F,KZ,SQ,D
15:00:00,PTBA,RG,4050,250,F,KZ,YU,D
15:00:00,PTBA,RG,4050,500,F,KZ,YU,D
15:00:00,PTBA,RG,4050,500,F,KZ,YU,D
15:00:00,PTBA,RG,4050,1,F,KZ,NI,D
15:00:00,PTBA,RG,4050,4,F,KZ,NI,D
15:00:00,PTBA,RG,4050,13,F,KZ,RO,D
15:00:00,PTBA,RG,4050,100,F,KZ,CC,D
15:00:00,PTBA,RG,4050,676,F,KZ,CP,D
15:00:00,PTBA,RG,4050,7,F,KZ,YP,D
15:00:00,PTBA,RG,4050,100,F,KZ,EP,D
15:00:00,PTBA,RG,4050,7298,F,KZ,YU,F
15:00:00,PTBA,RG,4050,328,F,ZP,YU,F
15:00:00,PTBA,RG,4050,1890,D,CS,YU,F
15:00:00,PTBA,RG,4050,68,F,BK,YU,F
15:00:00,PTBA,RG,4050,414,F,BK,YU,F
15:00:00,PTBA,RG,4050,2,F,BK,YU,F
15:00:00,PTBA,RG,4050,5,F,BK,GR,D
15:00:00,PTBA,RG,4050,5,F,BK,GR,D
15:00:00,PTBA,RG,4050,4,F,BK,EP,D
15:00:00,PTBA,RG,4050,5,F,BK,GR,D
15:00:00,PTBA,RG,4050,46,F,BK,CS,F
15:00:00,PTBA,RG,4050,47,F,DX,CS,F
15:00:00,PTBA,RG,4050,17,F,DX,CS,F
15:00:00,PTBA,RG,4050,44,F,DX,CS,F
15:00:00,PTBA,RG,4050,2,F,AK,CS,F
15:00:00,PTBA,RG,4050,3,F,AK,CS,F
15:00:00,PTBA,RG,4050,1,F,AK,CS,F
15:00:00,PTBA,RG,4050,421,F,ZP,CS,F
15:00:00,PTBA,RG,4050,77,F,ZP,KZ,D
15:00:00,PTBA,RG,4050,8,F,ZP,AK,F
15:00:00,PTBA,RG,4050,40,F,ZP,AK,F
15:00:00,PTBA,RG,4050,25,F,ZP,AK,F
15:00:00,PTBA,RG,4050,5,F,ZP,AK,F
15:00:00,PTBA,RG,4050,33,F,ZP,DH,D
15:00:00,PTBA,RG,4050,342,F,ZP,CC,D
15:00:00,PTBA,RG,4050,49,F,ZP,DP,D
15:00:00,PTBA,RG,4050,2,D,CC,DP,D
15:00:00,PTBA,RG,4050,130,D,PD,DP,D
14:49:59,PTBA,RG,4060,1,F,KZ,RF,D
14:49:59,PTBA,RG,4060,10,D,PD,RF,D
14:49:59,PTBA,RG,4050,1,D,YP,AK,F
14:49:59,PTBA,RG,4050,1,D,YP,AK,F
14:49:59,PTBA,RG,4050,6,D,YP,NI,D
14:49:58,PTBA,RG,4060,28,F,KZ,RF,D
14:49:57,PTBA,RG,4060,8,F,KZ,RF,D
14:49:57,PTBA,RG,4060,100,D,EP,RF,D
14:49:56,PTBA,RG,4060,10,F,ZP,RF,D
14:49:56,PTBA,RG,4060,4,F,KZ,RF,D
14:49:56,PTBA,RG,4060,31,F,DX,RF,D
14:49:55,PTBA,RG,4060,1,F,KZ,RF,D
14:49:55,PTBA,RG,4060,1,D,KK,RF,D
14:49:54,PTBA,RG,4060,15,F,ZP,RF,D
14:49:54,PTBA,RG,4060,5,F,KZ,RF,D
14:49:54,PTBA,RG,4060,1,D,XC,RF,D
14:49:54,PTBA,RG,4050,3,D,YP,KZ,D
14:49:54,PTBA,RG,4050,23,D,YP,XL,D
14:49:53,PTBA,RG,4060,2,F,KZ,RF,D
14:49:53,PTBA,RG,4060,5,D,PD,RF,D
14:49:52,PTBA,RG,4060,1,D,XC,RF,D
14:49:50,PTBA,RG,4060,10,F,KZ,RF,D
14:49:50,PTBA,RG,4060,42,F,ZP,RF,D
14:49:49,PTBA,RG,4060,1,F,KZ,RF,D
14:49:49,PTBA,RG,4060,1,D,PD,RF,D
14:49:47,PTBA,RG,4060,25,F,KZ,RF,D
14:49:47,PTBA,RG,4050,100,D,YP,AG,D
14:49:46,PTBA,RG,4060,21,F,KZ,RF,D
14:49:46,PTBA,RG,4050,1,D,YP,AK,F
14:49:46,PTBA,RG,4050,1,D,YP,AK,F
14:49:45,PTBA,RG,4060,167,F,KZ,RF,D
14:49:45,PTBA,RG,4060,12,D,XC,RF,D
14:49:45,PTBA,RG,4060,70,F,ZP,RF,D
14:49:44,PTBA,RG,4060,1,D,XC,RF,D
14:49:43,PTBA,RG,4060,1,F,KZ,RF,D
14:49:43,PTBA,RG,4060,10,D,CC,RF,D
14:49:40,PTBA,RG,4060,1,F,KZ,RF,D
14:49:40,PTBA,RG,4060,3,D,XC,RF,D
14:49:39,PTBA,RG,4050,2,D,YP,SQ,D
14:49:38,PTBA,RG,4060,1,D,YP,RF,D
14:49:34,PTBA,RG,4060,1,F,KZ,RF,D
14:49:33,PTBA,RG,4060,1,F,KZ,RF,D
14:49:33,PTBA,RG,4060,1,D,XL,RF,D
14:49:32,PTBA,RG,4060,5,F,KZ,RF,D
14:49:32,PTBA,RG,4060,6,D,KK,RF,D
14:49:32,PTBA,RG,4060,1,D,SQ,RF,D
14:49:31,PTBA,RG,4060,35,F,DX,RF,D
14:49:30,PTBA,RG,4060,2,F,KZ,RF,D
14:49:29,PTBA,RG,4060,14,F,KZ,RF,D
14:49:28,PTBA,RG,4060,100,D,NI,RF,D
14:49:27,PTBA,RG,4060,1,F,KZ,RF,D
14:49:26,PTBA,RG,4060,5,F,KZ,RF,D
14:49:26,PTBA,RG,4060,7,F,ZP,RF,D
14:49:25,PTBA,RG,4060,33,F,DX,RF,D
14:49:20,PTBA,RG,4060,4,F,KZ,RF,D
14:49:19,PTBA,RG,4060,1,F,KZ,RF,D
14:49:19,PTBA,RG,4060,24,D,YJ,RF,D
14:49:18,PTBA,RG,4060,219,F,KZ,RF,D
14:49:17,PTBA,RG,4060,11,F,KZ,RF,D
14:49:17,PTBA,RG,4060,43,F,ZP,RF,D
14:49:16,PTBA,RG,4060,1332,D,ZP,RF,D
14:49:16,PTBA,RG,4060,100,D,ZP,GR,D
14:49:16,PTBA,RG,4060,68,D,ZP,CC,D
14:49:12,PTBA,RG,4060,2,D,PD,PD,D
14:49:10,PTBA,RG,4060,48,F,KZ,PD,D
14:49:10,PTBA,RG,4060,7,F,KZ,BQ,D
14:49:10,PTBA,RG,4050,372,D,YP,BB,D
14:49:06,PTBA,RG,4060,37,F,KZ,BQ,D
14:49:05,PTBA,RG,4050,270,D,YP,BB,D
14:49:05,PTBA,RG,4060,4,F,KZ,BQ,D
14:49:04,PTBA,RG,4060,35,F,BK,BQ,D
14:49:01,PTBA,RG,4060,8,F,KZ,BQ,D
14:49:00,PTBA,RG,4060,1,F,KZ,BQ,D
14:49:00,PTBA,RG,4060,47,F,BK,BQ,D
14:49:00,PTBA,RG,4050,1,D,YP,AK,D
14:49:00,PTBA,RG,4050,1,D,YP,AK,D
14:49:00,PTBA,RG,4050,1,D,YP,AK,D
14:48:59,PTBA,RG,4050,7,D,YP,AK,F
14:48:59,PTBA,RG,4050,3,D,YP,AK,F
14:48:59,PTBA,RG,4050,3,D,YP,AK,F
14:48:59,PTBA,RG,4050,2,D,YP,AK,F
14:48:59,PTBA,RG,4050,2,D,YP,AK,F
14:48:54,PTBA,RG,4060,1,F,KZ,BQ,D
14:48:54,PTBA,RG,4050,12,D,YP,TF,D
14:48:51,PTBA,RG,4060,1,F,KZ,BQ,D
14:48:51,PTBA,RG,4050,10,D,YP,CC,D
14:48:51,PTBA,RG,4060,1,D,KK,BQ,D
14:48:50,PTBA,RG,4060,2,F,KZ,BQ,D
14:48:49,PTBA,RG,4060,2,F,KZ,BQ,D
14:48:49,PTBA,RG,4060,9,D,PD,BQ,D
14:48:48,PTBA,RG,4050,10,D,YP,KK,D
14:48:46,PTBA,RG,4050,5,D,YP,PD,D
14:48:46,PTBA,RG,4060,68,F,KZ,BQ,D
14:48:45,PTBA,RG,4050,389,D,YP,YP,D
14:48:43,PTBA,RG,4060,153,F,KZ,BQ,D
14:48:42,PTBA,RG,4060,14,F,KZ,BQ,D
14:48:42,PTBA,RG,4050,178,D,YP,BB,D
14:48:41,PTBA,RG,4050,32,D,YP,AK,F
14:48:41,PTBA,RG,4050,22,D,YP,AK,F
14:48:41,PTBA,RG,4050,19,D,YP,AK,F
14:48:41,PTBA,RG,4050,9,D,YP,AK,F
14:48:41,PTBA,RG,4050,23,D,YP,BB,D
14:48:41,PTBA,RG,4050,598,D,YP,CC,F
14:48:41,PTBA,RG,4050,81,D,YP,DR,D
14:48:41,PTBA,RG,4050,1,F,KZ,DR,D
14:48:40,PTBA,RG,4050,8,D,XA,DR,D
14:48:40,PTBA,RG,4050,2,F,KZ,DR,D
14:48:39,PTBA,RG,4050,8,F,KZ,DR,D
14:48:39,PTBA,RG,4050,7,F,KZ,YP,D
14:48:39,PTBA,RG,4050,2,F,KZ,BB,D
14:48:38,PTBA,RG,4050,2,F,KZ,BB,D
14:48:38,PTBA,RG,4050,10,D,CC,BB,D
14:48:38,PTBA,RG,4050,8,D,KK,BB,D
14:48:38,PTBA,RG,4050,2,D,KK,AK,F
14:48:38,PTBA,RG,4050,2,D,KK,AK,F
14:48:38,PTBA,RG,4050,6,D,KK,BB,D
14:48:38,PTBA,RG,4050,82,D,KK,HD,D
14:48:37,PTBA,RG,4050,1,F,KZ,HD,D
14:48:36,PTBA,RG,4050,2,D,YP,HD,D
14:48:36,PTBA,RG,4050,10,D,PD,HD,D
14:48:36,PTBA,RG,4050,5,D,KK,HD,D
14:48:35,PTBA,RG,4050,25,F,KZ,KK,D
14:48:35,PTBA,RG,4050,9,F,KZ,KK,D
14:48:34,PTBA,RG,4050,3,F,KZ,PD,D
14:48:33,PTBA,RG,4050,35,F,KZ,BB,D
14:48:32,PTBA,RG,4050,140,F,KZ,BB,D
14:48:32,PTBA,RG,4050,10,D,YB,BB,D
14:48:32,PTBA,RG,4050,5,D,DH,BB,D
14:48:32,PTBA,RG,4050,8,D,KK,BB,D
14:48:31,PTBA,RG,4050,198,D,KK,BB,D
14:48:31,PTBA,RG,4060,110,F,KZ,BQ,D
14:48:31,PTBA,RG,4060,1,F,KZ,PD,D
14:48:31,PTBA,RG,4060,25,F,KZ,DR,D
14:48:31,PTBA,RG,4060,50,F,KZ,CC,D
14:48:31,PTBA,RG,4060,8,F,KZ,NI,D
14:48:31,PTBA,RG,4050,794,D,KK,HD,D
14:48:31,PTBA,RG,4050,100,D,AG,HD,D
14:48:31,PTBA,RG,4050,12,D,YP,HD,D
14:48:31,PTBA,RG,4050,52,D,SQ,HD,D
14:48:31,PTBA,RG,4050,6,D,PD,HD,D
14:48:31,PTBA,RG,4050,1,D,XL,HD,D
14:48:31,PTBA,RG,4050,5,D,CC,HD,D
14:48:31,PTBA,RG,4050,5,D,PD,HD,D
14:48:31,PTBA,RG,4050,10,D,YP,HD,D
14:48:31,PTBA,RG,4050,15,D,CC,HD,D
14:48:30,PTBA,RG,4060,17,F,KZ,NI,D
14:48:30,PTBA,RG,4060,1,F,KZ,OD,D
14:48:29,PTBA,RG,4050,110,D,CC,AG,D
14:48:29,PTBA,RG,4050,1,F,ZP,AG,D
14:48:29,PTBA,RG,4050,89,F,KZ,AG,D
14:48:23,PTBA,RG,4060,32,F,KZ,OD,D
14:48:20,PTBA,RG,4050,2,F,KZ,XL,D
14:48:20,PTBA,RG,4050,6,F,KZ,BB,D
14:48:19,PTBA,RG,4050,2,D,DR,BB,D
14:48:19,PTBA,RG,4050,38,F,ZP,BB,D
14:48:19,PTBA,RG,4050,29,F,KZ,BB,D
14:48:19,PTBA,RG,4050,28,F,KZ,BB,D
14:48:19,PTBA,RG,4050,30,F,BK,BB,D
14:48:19,PTBA,RG,4050,67,F,AK,BB,D
14:48:19,PTBA,RG,4050,233,F,AK,CC,D
14:48:18,PTBA,RG,4050,1,D,YP,CC,D
14:48:18,PTBA,RG,4050,7,D,OD,CC,D
14:48:18,PTBA,RG,4050,2,D,YP,CC,D
14:48:18,PTBA,RG,4050,15,D,PD,CC,D
14:48:18,PTBA,RG,4050,13,D,AZ,CC,D
14:48:18,PTBA,RG,4050,1,D,PD,CC,D
14:48:18,PTBA,RG,4050,100,D,LG,CC,D
14:48:18,PTBA,RG,4050,25,D,YP,CC,D
14:48:18,PTBA,RG,4050,10,D,SQ,CC,D
14:48:18,PTBA,RG,4050,1,D,XL,CC,D
14:48:18,PTBA,RG,4050,3,D,YP,CC,D
14:48:18,PTBA,RG,4050,3,D,PD,CC,D
14:48:18,PTBA,RG,4050,22,D,CS,CC,D
14:48:18,PTBA,RG,4050,17,D,CS,CC,D
14:48:18,PTBA,RG,4050,14,D,CS,CC,D
14:48:18,PTBA,RG,4050,27,D,CS,CC,D
14:48:18,PTBA,RG,4050,12,D,XC,CC,D
14:48:18,PTBA,RG,4050,10,D,DR,CC,D
14:48:18,PTBA,RG,4050,1,D,XC,CC,D
14:48:18,PTBA,RG,4050,1,D,XL,CC,D
14:48:18,PTBA,RG,4050,1,F,AK,CC,D
14:48:18,PTBA,RG,4050,19,F,KZ,CC,D
14:48:18,PTBA,RG,4050,2,D,NI,CC,D
14:48:18,PTBA,RG,4050,1,D,YP,CC,D
14:48:18,PTBA,RG,4050,94,F,BK,CC,D
14:48:18,PTBA,RG,4050,1,D,NI,CC,D
14:48:18,PTBA,RG,4050,7,D,NI,CC,D
14:48:18,PTBA,RG,4050,357,D,SQ,CC,D
14:48:18,PTBA,RG,4050,5,D,SQ,YP,D
14:48:18,PTBA,RG,4060,8,F,KZ,OD,D
14:48:18,PTBA,RG,4060,1,F,KZ,OD,D
14:48:15,PTBA,RG,4060,5,F,KZ,OD,D
14:48:15,PTBA,RG,4060,1,F,KZ,OD,D
14:48:15,PTBA,RG,4060,1,D,XC,OD,D
14:48:15,PTBA,RG,4060,451,F,KZ,OD,D
14:48:15,PTBA,RG,4060,100,F,KZ,YP,D
14:48:15,PTBA,RG,4060,10,F,KZ,SQ,D
14:48:15,PTBA,RG,4060,36,F,KZ,YP,D
14:48:10,PTBA,RG,4050,58,D,SQ,BB,D
14:48:02,PTBA,RG,4050,30,D,SQ,YP,D
14:48:01,PTBA,RG,4050,1,D,SQ,XC,D
14:47:53,PTBA,RG,4050,25,D,SQ,XA,D
14:47:50,PTBA,RG,4060,1,D,XC,YP,D
14:47:50,PTBA,RG,4050,50,D,SQ,YP,D
14:47:50,PTBA,RG,4050,5,D,SQ,DH,D
14:47:47,PTBA,RG,4050,6,D,SQ,PD,D
14:47:44,PTBA,RG,4050,1,D,SQ,XC,D
14:47:41,PTBA,RG,4050,76,D,SQ,YP,D
14:47:41,PTBA,RG,4050,24,D,SQ,DR,D
14:47:39,PTBA,RG,4050,5,D,SQ,YP,D
14:47:38,PTBA,RG,4050,20,D,SQ,YP,D
14:47:38,PTBA,RG,4050,1,D,SQ,CC,D
14:47:38,PTBA,RG,4050,3,D,SQ,YP,D
14:47:38,PTBA,RG,4050,4,D,SQ,YP,D
14:47:38,PTBA,RG,4050,13,D,SQ,XC,D
14:47:38,PTBA,RG,4050,25,D,SQ,SQ,D
14:47:38,PTBA,RG,4050,72,D,SQ,XA,D
14:47:38,PTBA,RG,4050,30,D,SQ,KK,D
14:47:38,PTBA,RG,4050,50,D,SQ,YP,D
14:47:38,PTBA,RG,4050,4,D,SQ,PD,D
14:47:38,PTBA,RG,4050,50,D,SQ,CC,D
14:47:38,PTBA,RG,4050,1,D,SQ,LG,D
14:47:38,PTBA,RG,4050,5,D,SQ,CC,D
14:47:38,PTBA,RG,4050,49,D,SQ,AK,F
14:47:38,PTBA,RG,4050,248,D,SQ,CC,F
14:47:38,PTBA,RG,4050,1,D,SQ,AK,F
14:47:38,PTBA,RG,4050,50,D,SQ,SQ,D
14:47:38,PTBA,RG,4050,3,D,SQ,CC,D
14:47:38,PTBA,RG,4050,100,D,SQ,CC,D
14:47:38,PTBA,RG,4050,1,D,SQ,AK,F
14:47:38,PTBA,RG,4050,1,D,SQ,AK,F
14:47:38,PTBA,RG,4050,7,D,SQ,AK,F
14:47:38,PTBA,RG,4050,105,D,SQ,AK,F
14:47:38,PTBA,RG,4050,72,D,SQ,AK,F
14:47:38,PTBA,RG,4050,3,D,SQ,ZP,D
14:47:38,PTBA,RG,4050,1,D,SQ,AK,D
14:47:38,PTBA,RG,4050,5,D,SQ,AK,D
14:47:38,PTBA,RG,4050,4,D,SQ,AK,F
14:47:38,PTBA,RG,4050,618,D,SQ,BB,D
14:47:38,PTBA,RG,4050,2011,D,SQ,XC,D
14:47:37,PTBA,RG,4040,1,D,AI,XC,D
14:47:34,PTBA,RG,4050,2,D,XL,XC,D
14:47:34,PTBA,RG,4040,1,D,AI,AK,D
14:47:33,PTBA,RG,4050,7,F,KZ,XC,D
14:47:32,PTBA,RG,4050,2,F,KZ,XC,D
14:47:32,PTBA,RG,4040,1,D,AI,ZP,D
14:47:32,PTBA,RG,4050,1,D,PD,XC,D
14:47:30,PTBA,RG,4040,2,D,AI,ZP,D
14:47:28,PTBA,RG,4050,5,D,YP,XC,D
14:47:27,PTBA,RG,4050,34,F,ZP,XC,D
14:47:26,PTBA,RG,4050,30,D,CC,XC,D
14:47:26,PTBA,RG,4050,1,D,NI,XC,D
14:47:24,PTBA,RG,4050,1,D,XC,XC,D
14:47:24,PTBA,RG,4050,2,F,KZ,XC,D
14:47:23,PTBA,RG,4050,1,D,XC,XC,D
14:47:21,PTBA,RG,4040,1,D,AI,KK,D
14:47:21,PTBA,RG,4050,1,F,KZ,XC,D
14:47:20,PTBA,RG,4050,10,D,YP,XC,D
14:47:20,PTBA,RG,4050,1,D,PD,XC,D
14:47:19,PTBA,RG,4050,1,D,NI,XC,D
14:47:11,PTBA,RG,4050,50,D,KK,XC,D
14:47:10,PTBA,RG,4050,2,D,SQ,XC,D
14:47:10,PTBA,RG,4050,7,D,YP,XC,D
14:47:09,PTBA,RG,4050,24,F,KZ,XC,D
14:47:08,PTBA,RG,4050,1,D,XL,XC,D
14:47:06,PTBA,RG,4050,15,F,KZ,XC,D
14:47:06,PTBA,RG,4050,24,F,KZ,XC,D
14:47:05,PTBA,RG,4050,100,D,SQ,XC,D
14:47:05,PTBA,RG,4050,32,F,KZ,XC,D
14:47:05,PTBA,RG,4050,15,F,KZ,XC,D
14:47:05,PTBA,RG,4050,1,D,YP,XC,D
14:47:04,PTBA,RG,4040,195,D,AI,PD,D
14:47:02,PTBA,RG,4050,90,D,PD,XC,D
14:47:02,PTBA,RG,4050,2,D,PD,XC,D
14:46:59,PTBA,RG,4040,289,D,AI,BB,D
14:46:57,PTBA,RG,4050,27,D,SS,XC,D
14:46:55,PTBA,RG,4050,208,F,AK,CC,D
14:46:54,PTBA,RG,4050,1,D,YP,CC,D
14:46:54,PTBA,RG,4050,18,D,CC,CC,D
14:46:53,PTBA,RG,4050,11,D,CC,XL,D
14:46:53,PTBA,RG,4050,1,D,CC,XL,D
14:46:53,PTBA,RG,4050,1,F,AK,XL,D
14:46:53,PTBA,RG,4050,64,F,AK,BB,D
14:46:53,PTBA,RG,4050,1,F,AK,BB,D
14:46:53,PTBA,RG,4050,1,D,XC,XC,D
14:46:52,PTBA,RG,4050,200,F,AK,NI,D
14:46:52,PTBA,RG,4050,63,F,AK,YP,D
14:46:51,PTBA,RG,4050,40,D,YP,YP,D
14:46:51,PTBA,RG,4050,2,D,XC,YP,D
14:46:51,PTBA,RG,4050,1,D,XC,YP,D
14:46:51,PTBA,RG,4050,3,D,XC,YP,D
14:46:51,PTBA,RG,4050,10,D,YP,YP,D
14:46:51,PTBA,RG,4050,1,D,CP,YP,D
14:46:51,PTBA,RG,4050,50,D,YP,YP,D
14:46:51,PTBA,RG,4050,10,D,GR,YP,D
14:46:51,PTBA,RG,4050,1,D,YP,YP,D
14:46:51,PTBA,RG,4050,10,D,YP,YP,D
14:46:51,PTBA,RG,4050,2,D,PD,YP,D
14:46:51,PTBA,RG,4050,10,D,CC,YP,D
14:46:51,PTBA,RG,4050,10,D,XL,YP,D
14:46:51,PTBA,RG,4050,35,D,NI,YP,D
14:46:48,PTBA,RG,4050,39,D,NI,EP,D
14:46:48,PTBA,RG,4050,100,D,YP,EP,D
14:46:48,PTBA,RG,4050,100,F,CC,EP,D
14:46:48,PTBA,RG,4050,2,D,XC,EP,D
14:46:48,PTBA,RG,4050,10,D,YP,EP,D
14:46:47,PTBA,RG,4060,25,D,KK,XA,D
14:46:44,PTBA,RG,4060,61,D,YP,XA,D
14:46:42,PTBA,RG,4050,1,D,YP,YP,D
14:46:42,PTBA,RG,4050,25,D,YP,YP,D
14:46:41,PTBA,RG,4060,64,D,ZP,XA,D
14:46:41,PTBA,RG,4060,153,D,ZP,AK,F
14:46:41,PTBA,RG,4060,30,D,ZP,PD,D
14:46:41,PTBA,RG,4060,1,D,ZP,CC,D
14:46:41,PTBA,RG,4060,546,D,ZP,XA,D
14:46:41,PTBA,RG,4060,1,D,ZP,DR,D
14:46:41,PTBA,RG,4060,2,D,ZP,AK,D
14:46:41,PTBA,RG,4060,10,D,ZP,YP,D
14:46:41,PTBA,RG,4060,200,D,ZP,CC,D
14:46:41,PTBA,RG,4060,6,D,ZP,CC,D
14:46:41,PTBA,RG,4060,5,D,ZP,CC,D
14:46:41,PTBA,RG,4060,1,D,ZP,CC,D
14:46:41,PTBA,RG,4060,5,D,ZP,YP,D
14:46:41,PTBA,RG,4060,125,D,ZP,XA,D
14:46:41,PTBA,RG,4060,100,D,ZP,NI,D
14:46:41,PTBA,RG,4060,1000,D,ZP,CP,D
14:46:41,PTBA,RG,4060,15,D,ZP,YP,D
14:46:41,PTBA,RG,4060,1,D,ZP,PD,D
14:46:41,PTBA,RG,4060,1000,D,ZP,YJ,D
14:46:41,PTBA,RG,4060,252,D,ZP,OD,D
14:46:41,PTBA,RG,4060,4,D,ZP,YP,D
14:46:41,PTBA,RG,4060,25,D,ZP,CC,D
14:46:41,PTBA,RG,4060,150,D,ZP,CC,D
14:46:41,PTBA,RG,4060,250,D,ZP,XA,D
14:46:41,PTBA,RG,4060,1000,D,ZP,YJ,D
14:46:41,PTBA,RG,4060,1,D,ZP,PD,D
14:46:41,PTBA,RG,4060,4,D,ZP,XA,D
14:46:41,PTBA,RG,4060,5,D,ZP,YP,D
14:46:41,PTBA,RG,4060,44,D,ZP,XA,D
14:46:40,PTBA,RG,4050,10,D,YP,XA,D
14:46:39,PTBA,RG,4050,10,D,YP,CC,D
14:46:39,PTBA,RG,4050,18,D,YP,YP,D
14:46:39,PTBA,RG,4050,50,D,YP,YP,D
14:46:39,PTBA,RG,4050,1,D,NI,YP,D
14:46:39,PTBA,RG,4050,5,D,PD,YP,D
14:46:39,PTBA,RG,4050,4,D,XC,YP,D
14:46:39,PTBA,RG,4050,5,D,XC,YP,D
14:46:39,PTBA,RG,4050,1,D,XC,YP,D
14:46:39,PTBA,RG,4050,3,D,CC,YP,D
14:46:39,PTBA,RG,4050,12,D,YP,YP,D
14:46:39,PTBA,RG,4050,142,D,PD,YP,D
14:46:37,PTBA,RG,4050,70,D,PD,CC,F
14:46:35,PTBA,RG,4050,5,D,PD,YP,D
14:46:35,PTBA,RG,4050,50,D,PD,CC,D
14:46:34,PTBA,RG,4050,2,D,PD,PD,D
14:46:33,PTBA,RG,4050,140,D,PD,YP,D
14:46:32,PTBA,RG,4050,18,D,PD,XC,D
14:46:32,PTBA,RG,4050,73,D,PD,YU,D
14:46:32,PTBA,RG,4050,5,D,XC,YU,D
14:46:32,PTBA,RG,4050,22,F,ZP,YU,D
14:46:31,PTBA,RG,4050,57,F,ZP,XA,D
14:46:31,PTBA,RG,4050,10,D,XC,XA,D
14:46:31,PTBA,RG,4050,1,D,NI,XA,D
14:46:31,PTBA,RG,4050,100,D,EP,XA,D
14:46:31,PTBA,RG,4050,10,D,XC,XA,D
14:46:31,PTBA,RG,4050,1,D,XC,XA,D
14:46:31,PTBA,RG,4050,2,D,YP,XA,D
14:46:31,PTBA,RG,4050,5,D,YP,XA,D
14:46:31,PTBA,RG,4050,12,D,XC,XA,D
14:46:31,PTBA,RG,4050,4,D,XL,XA,D
14:46:31,PTBA,RG,4050,2,D,XL,XA,D
14:46:31,PTBA,RG,4050,20,D,PD,XA,D
14:46:31,PTBA,RG,4050,20,D,YP,XA,D
14:46:31,PTBA,RG,4050,20,D,XC,XA,D
14:46:31,PTBA,RG,4050,90,D,PD,XA,D
14:46:31,PTBA,RG,4050,74,D,YP,XA,D
14:46:31,PTBA,RG,4050,10,D,KK,XA,D
14:46:31,PTBA,RG,4050,75,D,CC,XA,D
14:46:31,PTBA,RG,4050,3,D,XC,XA,D
14:46:31,PTBA,RG,4050,50,D,XC,XA,D
14:46:31,PTBA,RG,4050,5,D,NI,XA,D
14:46:31,PTBA,RG,4050,20,D,DR,XA,D
14:46:31,PTBA,RG,4050,11,D,DR,XA,D
14:46:31,PTBA,RG,4050,1,D,XL,XA,D
14:46:31,PTBA,RG,4050,12,D,DH,XA,D
14:46:31,PTBA,RG,4050,2,D,CC,XA,D
14:46:31,PTBA,RG,4050,26,D,XL,XA,D
14:46:31,PTBA,RG,4050,59,F,BK,XA,D
14:46:30,PTBA,RG,4050,5,F,BK,YP,D
14:46:30,PTBA,RG,4050,10,F,BK,YB,D
14:46:30,PTBA,RG,4050,115,F,BK,CC,F
14:46:30,PTBA,RG,4050,10,D,XC,CC,F
14:46:30,PTBA,RG,4050,12,D,YP,CC,F
14:46:30,PTBA,RG,4050,1,D,YP,CC,F
14:46:30,PTBA,RG,4050,5,D,YP,CC,F
14:46:30,PTBA,RG,4050,1,D,PD,CC,F
14:46:30,PTBA,RG,4050,1,D,SQ,CC,F
14:46:30,PTBA,RG,4050,22,D,CC,CC,F
14:46:30,PTBA,RG,4050,25,D,YP,CC,F
14:46:30,PTBA,RG,4050,5,D,CC,CC,F
14:46:28,PTBA,RG,4050,10,D,CC,XA,D
14:46:27,PTBA,RG,4050,43,D,CC,KK,D
14:46:27,PTBA,RG,4050,1,D,CC,NI,D
14:46:27,PTBA,RG,4050,1,D,CC,CC,D
14:46:26,PTBA,RG,4050,2,D,NI,YP,D
14:46:26,PTBA,RG,4050,12,D,PD,YP,D
14:46:26,PTBA,RG,4050,5,D,YP,YP,D
14:46:26,PTBA,RG,4050,2,D,YP,YP,D
14:46:26,PTBA,RG,4050,3,D,PD,YP,D
14:46:26,PTBA,RG,4050,23,D,YP,YP,D
14:46:26,PTBA,RG,4050,27,D,YP,YP,D
14:46:26,PTBA,RG,4050,9,D,CC,YP,D
14:46:26,PTBA,RG,4050,11,D,DR,YP,D
14:46:26,PTBA,RG,4050,1,D,PD,YP,D
14:46:26,PTBA,RG,4050,7,D,CC,YP,D
14:46:26,PTBA,RG,4050,2,D,CC,YP,D
14:46:26,PTBA,RG,4050,107,F,ZP,YP,D
14:46:26,PTBA,RG,4050,2,D,XC,YP,D
14:46:26,PTBA,RG,4050,15,D,XC,YP,D
14:46:26,PTBA,RG,4050,241,F,CC,YP,D
14:46:26,PTBA,RG,4050,5,D,NI,YP,D
14:46:26,PTBA,RG,4050,10,D,YP,YP,D
14:46:26,PTBA,RG,4050,1,D,CC,YP,D
14:46:26,PTBA,RG,4050,5,D,NI,YP,D
14:46:26,PTBA,RG,4050,2,D,XC,YP,D
14:46:26,PTBA,RG,4050,2,D,YP,YP,D
14:46:26,PTBA,RG,4050,1,D,XC,YP,D
14:46:26,PTBA,RG,4050,1,D,XL,YP,D
14:46:26,PTBA,RG,4050,40,D,NI,YP,D
14:46:26,PTBA,RG,4050,10,D,PD,YP,D
14:46:26,PTBA,RG,4050,489,D,CP,YP,D
14:46:26,PTBA,RG,4050,5,D,NI,YP,D
14:46:26,PTBA,RG,4050,22,D,XC,YP,D
14:46:26,PTBA,RG,4050,2,D,CC,YP,D
14:46:26,PTBA,RG,4050,30,D,YP,YP,D
14:46:26,PTBA,RG,4050,1,D,PD,YP,D
14:46:26,PTBA,RG,4050,10,D,CC,YP,D
14:46:26,PTBA,RG,4050,1,D,YP,YP,D
14:46:26,PTBA,RG,4050,5,D,NI,YP,D
14:46:26,PTBA,RG,4050,2,D,DR,YP,D
14:46:26,PTBA,RG,4050,2,D,CC,YP,D
14:46:26,PTBA,RG,4050,1,D,SQ,YP,D
14:46:26,PTBA,RG,4050,3,D,YP,YP,D
14:46:26,PTBA,RG,4050,5,D,NI,YP,D
14:46:26,PTBA,RG,4050,1,F,AK,YP,D
14:46:26,PTBA,RG,4050,922,D,YP,YP,D
14:46:25,PTBA,RG,4050,2,D,YP,SQ,D
14:46:24,PTBA,RG,4050,50,D,YP,YP,D
14:46:24,PTBA,RG,4050,388,D,YP,MK,D
14:46:24,PTBA,RG,4050,66,D,YP,KZ,D
14:46:22,PTBA,RG,4050,1000,D,YP,AZ,D
14:46:21,PTBA,RG,4060,1,D,XC,XA,D
14:46:21,PTBA,RG,4050,3,D,YP,XA,D
14:46:21,PTBA,RG,4050,15,D,YP,YP,D
14:46:19,PTBA,RG,4050,100,D,YP,YP,D
14:46:17,PTBA,RG,4050,5,D,YP,YP,D
14:46:16,PTBA,RG,4050,200,D,YP,YP,D
14:46:15,PTBA,RG,4050,30,D,YP,XA,D
14:46:12,PTBA,RG,4050,10,D,YP,AZ,D
14:46:11,PTBA,RG,4050,15,D,YP,CC,D
14:46:08,PTBA,RG,4050,20,D,YP,NI,D
14:46:04,PTBA,RG,4050,1,D,YP,YP,D
14:46:04,PTBA,RG,4050,30,D,YP,XA,D
14:46:03,PTBA,RG,4060,25,D,KI,XA,D
14:46:02,PTBA,RG,4060,1,D,PD,XA,D
14:46:01,PTBA,RG,4050,1,D,YP,CC,D
14:46:01,PTBA,RG,4050,124,D,YP,XA,D
14:46:00,PTBA,RG,4050,10,D,YP,PD,D
14:45:58,PTBA,RG,4050,8,D,YP,AO,D
14:45:58,PTBA,RG,4050,1,D,CC,AO,D
14:45:58,PTBA,RG,4050,59,F,BK,AO,D
14:45:58,PTBA,RG,4050,161,F,ZP,AO,D
14:45:58,PTBA,RG,4050,1771,D,AI,AO,D
14:45:53,PTBA,RG,4060,31,F,BK,XA,D
14:45:53,PTBA,RG,4050,200,D,AI,EL,D
14:45:51,PTBA,RG,4050,10,D,AI,AG,D
14:45:50,PTBA,RG,4060,3,D,ZP,XA,D
14:45:50,PTBA,RG,4060,66,D,ZP,XA,D
14:45:50,PTBA,RG,4060,5,D,ZP,XA,D
14:45:50,PTBA,RG,4060,200,D,ZP,YP,D
14:45:50,PTBA,RG,4060,1,D,ZP,YP,D
14:45:50,PTBA,RG,4060,390,D,ZP,YP,D
14:45:50,PTBA,RG,4060,1435,D,ZP,YP,D
14:45:50,PTBA,RG,4050,146,D,AI,YP,D
14:45:49,PTBA,RG,4050,40,D,AI,XC,D
14:45:49,PTBA,RG,4050,10,D,AI,GR,D
14:45:47,PTBA,RG,4050,1,D,AI,PD,D
14:45:47,PTBA,RG,4050,2,D,AI,NI,D
14:45:44,PTBA,RG,4050,138,D,AI,CC,F
14:45:42,PTBA,RG,4050,10,D,AI,YP,D
14:45:40,PTBA,RG,4050,50,D,AI,PD,D
14:45:40,PTBA,RG,4050,1,D,AI,OD,D
14:45:39,PTBA,RG,4050,10,D,AI,CC,D
14:45:39,PTBA,RG,4050,24,D,AI,GR,D
14:45:37,PTBA,RG,4060,30,F,BK,YP,D
14:45:37,PTBA,RG,4050,10,D,AI,CC,D
14:45:36,PTBA,RG,4050,146,D,AI,YP,D
14:45:36,PTBA,RG,4050,10,D,AI,YP,D
14:45:33,PTBA,RG,4050,3,D,AI,PD,D
14:45:32,PTBA,RG,4060,30,D,PD,YP,D
14:45:32,PTBA,RG,4050,1,D,AI,XA,D
14:45:32,PTBA,RG,4050,12,D,AI,YP,D
14:45:32,PTBA,RG,4050,200,D,AI,BQ,D
14:45:30,PTBA,RG,4050,20,D,AI,YP,D
14:45:30,PTBA,RG,4050,4,D,AI,SQ,D
14:45:30,PTBA,RG,4050,27,D,AI,YP,D
14:45:29,PTBA,RG,4050,3,D,AI,DR,D
14:45:28,PTBA,RG,4050,300,D,AI,YP,D
14:45:27,PTBA,RG,4050,100,D,AI,YP,D
14:45:25,PTBA,RG,4050,2,D,AI,YP,D
14:45:24,PTBA,RG,4050,37,D,AI,PD,D
14:45:24,PTBA,RG,4050,70,D,AI,YP,D
14:45:23,PTBA,RG,4050,1233,D,AI,CC,D
14:45:21,PTBA,RG,4050,5,D,AI,PD,D
14:45:21,PTBA,RG,4060,3,D,XL,YP,D
14:45:21,PTBA,RG,4050,230,D,AI,ZP,D
14:45:20,PTBA,RG,4050,150,D,AI,XA,D
14:45:20,PTBA,RG,4050,120,D,AI,CC,D
14:45:19,PTBA,RG,4060,1,D,YP,YP,D
14:45:18,PTBA,RG,4050,1,D,AI,PD,D
14:45:16,PTBA,RG,4050,18,D,AI,LG,D
14:45:16,PTBA,RG,4050,500,D,AI,GR,D
14:45:16,PTBA,RG,4050,10,D,AI,YB,D
14:45:16,PTBA,RG,4060,35,F,BK,YP,D
14:45:15,PTBA,RG,4060,5,D,PD,YP,D
14:45:15,PTBA,RG,4050,250,D,AI,YP,D
14:45:13,PTBA,RG,4050,1310,D,AI,PD,D
14:45:10,PTBA,RG,4050,1000,D,AI,KK,D
14:45:09,PTBA,RG,4050,1,D,AI,NI,D
14:45:08,PTBA,RG,4050,100,D,AI,DR,D
14:45:07,PTBA,RG,4050,3,D,AI,XC,D
14:45:06,PTBA,RG,4050,20,D,AI,XA,D
14:45:06,PTBA,RG,4050,1,D,AI,PD,D
14:45:04,PTBA,RG,4050,39,D,AI,SQ,D
14:45:01,PTBA,RG,4050,13,D,AI,XA,D
14:45:01,PTBA,RG,4050,300,D,AI,KI,D
14:45:00,PTBA,RG,4050,1,D,AI,YP,D
14:44:57,PTBA,RG,4060,35,F,BK,YP,D
14:44:57,PTBA,RG,4060,100,D,PD,YP,D
14:44:55,PTBA,RG,4050,200,D,AI,OD,D
14:44:55,PTBA,RG,4050,1,D,AI,EP,D
14:44:54,PTBA,RG,4050,736,D,AI,DX,D
14:44:54,PTBA,RG,4050,437,D,AI,DX,D
14:44:51,PTBA,RG,4050,10,D,AI,AZ,D
14:44:49,PTBA,RG,4050,50,D,AI,SQ,D
14:44:45,PTBA,RG,4050,87,D,AI,XA,D
14:44:42,PTBA,RG,4060,35,F,BK,YP,D
14:44:42,PTBA,RG,4050,1,D,AI,EP,D
14:44:40,PTBA,RG,4060,1,D,NI,YP,D
14:44:37,PTBA,RG,4050,10,D,AI,AZ,D
14:44:36,PTBA,RG,4050,106,D,AI,YP,D
14:44:31,PTBA,RG,4060,25,D,NI,YP,D
14:44:31,PTBA,RG,4050,1,D,AI,EP,D
14:44:31,PTBA,RG,4050,10,D,AI,DH,D
14:44:29,PTBA,RG,4050,681,D,AI,DX,D
14:44:28,PTBA,RG,4050,30,D,AI,XA,D
14:44:28,PTBA,RG,4050,30,D,AI,KK,D
14:44:28,PTBA,RG,4060,1,D,CC,YP,D
14:44:25,PTBA,RG,4050,2,D,AI,AK,F
14:44:24,PTBA,RG,4060,1,D,CC,YP,D
14:44:24,PTBA,RG,4060,2,D,PD,YP,D
14:44:23,PTBA,RG,4060,100,D,CC,YP,D
14:44:23,PTBA,RG,4060,10,D,YP,YP,D
14:44:20,PTBA,RG,4060,25,D,OD,YP,D
14:44:20,PTBA,RG,4050,10,D,AI,AZ,D
14:44:19,PTBA,RG,4060,1,D,XC,YP,D
14:44:14,PTBA,RG,4060,2,D,YP,YP,D
14:44:09,PTBA,RG,4050,2,D,AI,AK,F
14:44:08,PTBA,RG,4060,172,D,GR,YP,D
14:44:07,PTBA,RG,4050,3,D,AI,EP,D
14:44:07,PTBA,RG,4060,1,D,XC,YP,D
14:44:03,PTBA,RG,4060,43,D,CC,YP,D
14:44:02,PTBA,RG,4060,24,D,PD,YP,D
14:44:01,PTBA,RG,4050,1,D,AI,CC,D
14:44:00,PTBA,RG,4060,1,D,PD,YP,D
14:44:00,PTBA,RG,4050,8,D,AI,YP,D
14:43:58,PTBA,RG,4050,10,D,AI,YP,D
14:43:58,PTBA,RG,4060,200,D,YB,YP,D
14:43:58,PTBA,RG,4060,1,D,XC,YP,D
14:43:53,PTBA,RG,4050,83,D,AI,AK,F
14:43:52,PTBA,RG,4060,3699,D,AI,YP,D
14:43:52,PTBA,RG,4060,180,D,AI,BQ,D
14:43:52,PTBA,RG,4060,500,D,AI,XA,D
14:43:52,PTBA,RG,4060,25,D,AI,YP,D
14:43:52,PTBA,RG,4060,249,D,AI,XA,D
14:43:52,PTBA,RG,4060,29,D,AI,XA,D
14:43:52,PTBA,RG,4060,200,D,AI,YP,D
14:43:52,PTBA,RG,4060,300,D,AI,XA,D
14:43:52,PTBA,RG,4060,100,D,AI,DR,D
14:43:52,PTBA,RG,4060,199,D,AI,YP,D
14:43:52,PTBA,RG,4060,15,D,AI,PD,D
14:43:52,PTBA,RG,4060,25,D,AI,YP,D
14:43:52,PTBA,RG,4060,25,D,AI,YP,D
14:43:52,PTBA,RG,4060,10,D,AI,YP,D
14:43:52,PTBA,RG,4060,50,D,AI,YP,D
14:43:52,PTBA,RG,4060,50,D,AI,YP,D
14:43:52,PTBA,RG,4060,25,D,AI,YP,D
14:43:52,PTBA,RG,4060,2,D,AI,YP,D
14:43:52,PTBA,RG,4060,6,D,AI,XA,D
14:43:52,PTBA,RG,4060,3,D,AI,YP,D
14:43:52,PTBA,RG,4060,10,D,AI,YP,D
14:43:52,PTBA,RG,4060,20,D,AI,YP,D
14:43:52,PTBA,RG,4060,50,D,AI,YP,D
14:43:52,PTBA,RG,4060,50,D,AI,YP,D
14:43:52,PTBA,RG,4060,50,D,AI,YP,D
14:43:52,PTBA,RG,4060,25,D,AI,YP,D
14:43:52,PTBA,RG,4060,25,D,AI,YP,D
14:43:52,PTBA,RG,4060,2500,D,AI,KK,D
14:43:52,PTBA,RG,4060,5,D,AI,XA,D
14:43:52,PTBA,RG,4060,4,D,AI,XL,D
14:43:52,PTBA,RG,4060,4,D,AI,XA,D
14:43:52,PTBA,RG,4060,36,D,AI,XA,D
14:43:52,PTBA,RG,4060,5,D,AI,OD,D
14:43:52,PTBA,RG,4060,5,D,AI,XA,D
14:43:52,PTBA,RG,4060,20,D,AI,YP,D
14:43:52,PTBA,RG,4060,1500,D,AI,XA,D
14:43:52,PTBA,RG,4060,200,D,AI,EP,D
14:43:52,PTBA,RG,4060,30,D,AI,XA,D
14:43:52,PTBA,RG,4060,20,D,AI,YP,D
14:43:52,PTBA,RG,4060,14,D,AI,XA,D
14:43:52,PTBA,RG,4060,36,D,AI,YP,D
14:43:52,PTBA,RG,4060,250,D,AI,YU,D
14:43:52,PTBA,RG,4060,1,D,AI,YP,D
14:43:52,PTBA,RG,4060,100,D,AI,XA,D
14:43:52,PTBA,RG,4060,7,D,AI,XA,D
14:43:52,PTBA,RG,4060,250,D,AI,YU,D
14:43:52,PTBA,RG,4060,250,D,AI,YU,D
14:43:52,PTBA,RG,4060,100,D,AI,YP,D
14:43:52,PTBA,RG,4060,69,D,AI,YP,D
14:43:52,PTBA,RG,4060,4,D,AI,YP,D
14:43:52,PTBA,RG,4060,1,D,AI,YP,D
14:43:52,PTBA,RG,4060,246,D,AI,YP,D
14:43:52,PTBA,RG,4060,250,D,AI,YU,D
14:43:52,PTBA,RG,4060,44,D,AI,XL,D
14:43:52,PTBA,RG,4060,1,D,AI,XL,D
14:43:52,PTBA,RG,4060,22,D,AI,YP,D
14:43:52,PTBA,RG,4060,5,D,AI,YP,D
14:43:52,PTBA,RG,4060,1574,D,AI,YP,D
14:43:52,PTBA,RG,4060,57,D,AI,YP,D
14:43:52,PTBA,RG,4060,7,D,AI,YP,D
14:43:52,PTBA,RG,4060,50,D,AI,CC,D
14:43:52,PTBA,RG,4060,1494,D,AI,XA,D
14:43:52,PTBA,RG,4060,249,D,AI,XA,D
14:43:52,PTBA,RG,4060,500,D,AI,XA,D
14:43:52,PTBA,RG,4060,2441,D,AI,XA,D
14:43:52,PTBA,RG,4060,25,D,AI,CC,D
14:43:52,PTBA,RG,4060,150,D,AI,DR,D
14:43:52,PTBA,RG,4060,152,D,AI,PD,D
14:43:52,PTBA,RG,4060,2011,D,AI,YU,D
14:43:52,PTBA,RG,4060,1,D,AI,PD,D
14:43:52,PTBA,RG,4060,248,D,AI,YP,D
14:43:52,PTBA,RG,4060,2,D,AI,YP,D
14:43:52,PTBA,RG,4060,4138,D,AI,YP,D
14:43:51,PTBA,RG,4060,2,D,XC,YP,D
14:43:50,PTBA,RG,4060,50,D,KI,YP,D
14:43:49,PTBA,RG,4050,50,D,AI,SQ,D
14:43:49,PTBA,RG,4050,20,D,AI,DR,D
14:43:47,PTBA,RG,4050,200,D,AI,XA,D
14:43:46,PTBA,RG,4060,50,D,DR,YP,D
14:43:45,PTBA,RG,4050,1,D,AI,KK,D
14:43:41,PTBA,RG,4060,2,D,PD,YP,D
14:43:40,PTBA,RG,4050,1,D,AI,CC,D
14:43:35,PTBA,RG,4050,238,D,AI,YP,D
14:43:34,PTBA,RG,4050,103,D,AI,CC,D
14:43:33,PTBA,RG,4060,2,D,DH,YP,D
14:43:31,PTBA,RG,4050,7,D,AI,CC,D
14:43:22,PTBA,RG,4050,5,D,AI,CC,D
14:43:22,PTBA,RG,4060,1,D,YP,YP,D
14:43:19,PTBA,RG,4060,1,D,PD,YP,D
14:43:17,PTBA,RG,4060,20,D,YB,YP,D
14:43:17,PTBA,RG,4060,1,D,PD,YP,D
14:43:16,PTBA,RG,4050,2,D,AI,XC,D
14:43:16,PTBA,RG,4060,2,D,NI,YP,D
14:43:14,PTBA,RG,4060,3,D,NI,YP,D
14:43:13,PTBA,RG,4050,10,D,AI,YP,D
14:43:13,PTBA,RG,4060,300,D,YP,YP,D
14:43:13,PTBA,RG,4050,84,D,AI,CC,D
14:43:11,PTBA,RG,4060,31,D,CS,YP,D
14:43:11,PTBA,RG,4060,21,D,CS,YP,D
14:43:11,PTBA,RG,4060,23,D,CS,YP,D
14:43:11,PTBA,RG,4060,33,D,CS,YP,D
14:43:10,PTBA,RG,4060,2,D,XC,YP,D
14:43:09,PTBA,RG,4050,5,D,AI,EP,D
14:43:07,PTBA,RG,4050,20,D,AI,YP,D
14:43:06,PTBA,RG,4050,52,D,AI,XA,D
14:43:03,PTBA,RG,4060,3318,D,AI,YP,D
14:43:03,PTBA,RG,4060,4,D,AI,YP,D
14:43:03,PTBA,RG,4060,50,D,AI,GR,D
14:43:03,PTBA,RG,4060,10,D,AI,YB,D
14:43:03,PTBA,RG,4060,22,D,AI,YP,D
14:43:03,PTBA,RG,4060,500,D,AI,CP,D
14:43:03,PTBA,RG,4060,100,D,AI,LG,D
14:43:03,PTBA,RG,4060,10,D,AI,KK,D
14:43:03,PTBA,RG,4060,1,D,AI,NI,D
14:43:03,PTBA,RG,4060,211,D,AI,CC,D
14:43:03,PTBA,RG,4060,113,D,AI,YP,D
14:43:03,PTBA,RG,4060,127,D,AI,YP,D
14:43:03,PTBA,RG,4060,250,D,AI,YU,D
14:43:03,PTBA,RG,4060,5,D,AI,YP,D
14:43:03,PTBA,RG,4060,50,D,AI,YP,D
14:43:03,PTBA,RG,4060,180,D,AI,MG,D
14:43:03,PTBA,RG,4060,14,D,AI,XL,D
14:43:03,PTBA,RG,4060,1000,D,AI,XA,D
14:43:03,PTBA,RG,4060,50,D,AI,YP,D
14:43:03,PTBA,RG,4060,10,D,AI,SQ,D
14:43:03,PTBA,RG,4060,27,D,AI,YP,D
14:43:03,PTBA,RG,4060,8,D,AI,XC,D
14:43:03,PTBA,RG,4060,10,D,AI,OD,D
14:43:03,PTBA,RG,4060,17,D,AI,XA,D
14:43:03,PTBA,RG,4060,15,D,AI,YP,D
14:43:03,PTBA,RG,4060,200,D,AI,XC,D
14:43:03,PTBA,RG,4060,10,D,AI,XC,D
14:43:03,PTBA,RG,4060,20,D,AI,XA,D
14:43:03,PTBA,RG,4060,150,D,AI,XA,D
14:43:03,PTBA,RG,4060,148,D,AI,YP,D
14:43:03,PTBA,RG,4060,658,D,AI,YP,D
14:43:03,PTBA,RG,4060,10,D,AI,YP,D
14:43:03,PTBA,RG,4060,5,D,AI,SQ,D
14:43:03,PTBA,RG,4060,5,D,AI,PD,D
14:43:03,PTBA,RG,4060,3,D,AI,XC,D
14:43:03,PTBA,RG,4060,10,D,AI,LG,D
14:43:03,PTBA,RG,4060,1,D,AI,EP,D
14:43:03,PTBA,RG,4060,1,D,AI,CC,D
14:43:03,PTBA,RG,4060,5,D,AI,YP,D
14:43:03,PTBA,RG,4060,185,D,AI,YP,D
14:43:03,PTBA,RG,4060,250,D,AI,AR,D
14:43:03,PTBA,RG,4060,5,D,AI,PD,D
14:43:03,PTBA,RG,4060,372,D,AI,XA,D
14:43:03,PTBA,RG,4060,493,D,AI,XA,D
14:43:03,PTBA,RG,4060,1,D,AI,KK,D
14:43:03,PTBA,RG,4060,15,D,AI,XA,D
14:43:03,PTBA,RG,4060,25,D,AI,YP,D
14:43:03,PTBA,RG,4060,20,D,AI,XC,D
14:43:03,PTBA,RG,4060,2,D,AI,XA,D
14:43:03,PTBA,RG,4060,1,D,AI,PD,D
14:43:03,PTBA,RG,4060,10,D,AI,YP,D
14:43:03,PTBA,RG,4060,77,D,AI,PD,D
14:43:03,PTBA,RG,4060,1,D,AI,PD,D
14:43:03,PTBA,RG,4060,5,D,AI,HP,D
14:43:03,PTBA,RG,4060,6,D,AI,YP,D
14:43:03,PTBA,RG,4060,20,D,AI,XA,D
14:43:03,PTBA,RG,4060,160,D,AI,PD,D
14:43:03,PTBA,RG,4060,1,D,AI,XC,D
14:43:03,PTBA,RG,4060,9,D,AI,YP,D
14:43:03,PTBA,RG,4060,24,D,AI,AZ,D
14:43:03,PTBA,RG,4060,19,D,AI,YP,D
14:43:03,PTBA,RG,4060,200,D,AI,DR,D
14:43:03,PTBA,RG,4060,286,D,AI,XA,D
14:43:03,PTBA,RG,4060,200,D,AI,DR,D
14:43:03,PTBA,RG,4060,5,D,AI,YP,D
14:43:03,PTBA,RG,4060,3,D,AI,CC,D
14:43:03,PTBA,RG,4060,14,D,AI,XA,D
14:43:03,PTBA,RG,4060,100,D,AI,XL,D
14:43:03,PTBA,RG,4060,2,D,AI,XA,D
14:43:03,PTBA,RG,4060,1000,D,AI,XA,D
14:43:03,PTBA,RG,4060,50,D,AI,XA,D
14:43:03,PTBA,RG,4060,5,D,AI,XA,D
14:43:03,PTBA,RG,4060,5,D,AI,XA,D
14:43:03,PTBA,RG,4060,78,D,AI,YP,D
14:43:03,PTBA,RG,4060,30,D,AI,XA,D
14:43:03,PTBA,RG,4060,13,D,AI,XA,D
14:43:03,PTBA,RG,4060,4,D,AI,XA,D
14:43:03,PTBA,RG,4060,20,D,AI,XA,D
14:43:03,PTBA,RG,4060,20,D,AI,XA,D
14:43:03,PTBA,RG,4060,3500,D,AI,YU,D
14:43:03,PTBA,RG,4060,10,D,AI,XA,D
14:43:03,PTBA,RG,4060,250,D,AI,XA,D
14:43:03,PTBA,RG,4060,131,D,AI,YP,D
14:43:03,PTBA,RG,4060,367,D,AI,YJ,D
14:43:03,PTBA,RG,4060,10,D,AI,PD,D
14:43:03,PTBA,RG,4060,50,D,AI,XA,D
14:43:03,PTBA,RG,4060,57,D,AI,YP,D
14:43:03,PTBA,RG,4060,298,D,AI,YP,D
14:43:03,PTBA,RG,4060,182,D,AI,YP,D
14:43:03,PTBA,RG,4060,3,D,AI,YP,D
14:43:03,PTBA,RG,4060,72,D,AI,YP,D
14:43:03,PTBA,RG,4060,73,D,AI,YP,D
14:43:03,PTBA,RG,4060,390,D,AI,YP,D
14:43:03,PTBA,RG,4060,5,D,AI,YP,D
14:43:03,PTBA,RG,4060,8,D,AI,XC,D
14:43:03,PTBA,RG,4060,2000,D,AI,DR,D
14:43:03,PTBA,RG,4060,1,D,AI,IF,D
14:43:03,PTBA,RG,4060,2000,D,AI,YU,D
14:43:03,PTBA,RG,4060,2052,D,AI,YP,D
14:43:03,PTBA,RG,4060,40,D,AI,OD,D
14:43:03,PTBA,RG,4060,51,D,AI,YP,D
14:43:03,PTBA,RG,4060,24,D,AI,YP,D
14:43:03,PTBA,RG,4060,5,D,AI,DR,D
14:43:03,PTBA,RG,4060,68,D,AI,YP,D
14:43:03,PTBA,RG,4060,62,D,AI,YP,D
14:43:03,PTBA,RG,4060,66,D,AI,YP,D
14:43:03,PTBA,RG,4060,1,D,AI,KK,D
14:43:03,PTBA,RG,4060,2,D,AI,NI,D
14:43:03,PTBA,RG,4060,10,D,AI,SQ,D
14:43:03,PTBA,RG,4060,1,D,AI,CC,D
14:43:03,PTBA,RG,4060,50,D,AI,YP,D
14:43:03,PTBA,RG,4060,222,D,AI,YP,D
14:43:03,PTBA,RG,4060,2,D,AI,XC,D
14:43:03,PTBA,RG,4060,1,D,AI,PD,D
14:43:03,PTBA,RG,4060,500,D,AI,CP,D
14:43:03,PTBA,RG,4060,37,D,AI,XL,D
14:43:03,PTBA,RG,4060,25,D,AI,OD,D
14:43:03,PTBA,RG,4060,1,D,AI,PD,D
14:43:03,PTBA,RG,4060,10,D,AI,PD,D
14:43:03,PTBA,RG,4060,5,D,AI,PD,D
14:43:03,PTBA,RG,4060,100,D,AI,DH,D
14:43:03,PTBA,RG,4060,5,D,AI,OD,D
14:43:03,PTBA,RG,4060,72,D,AI,XC,D
14:43:03,PTBA,RG,4060,10,D,AI,CC,D
14:43:03,PTBA,RG,4060,30,D,AI,CC,D
14:43:03,PTBA,RG,4060,2,D,AI,PD,D
14:43:03,PTBA,RG,4060,5,D,AI,YP,D
14:43:03,PTBA,RG,4060,1000,D,AI,YP,D
14:43:03,PTBA,RG,4060,6,D,AI,PD,D
14:43:03,PTBA,RG,4060,3,D,AI,CP,D
14:43:03,PTBA,RG,4060,1,D,AI,XC,D
14:43:03,PTBA,RG,4060,4,D,AI,XL,D
14:43:03,PTBA,RG,4060,2,D,AI,XL,D
14:43:03,PTBA,RG,4060,1,D,AI,XL,D
14:43:03,PTBA,RG,4060,3,D,AI,PD,D
14:43:03,PTBA,RG,4060,1,D,AI,PD,D
14:43:03,PTBA,RG,4060,25,D,AI,KK,D
14:43:03,PTBA,RG,4060,24,D,AI,YP,D
14:43:02,PTBA,RG,4060,12,D,YP,YP,D
14:43:01,PTBA,RG,4050,220,D,AI,PD,D
14:43:00,PTBA,RG,4050,4,D,AI,OD,D
14:42:57,PTBA,RG,4060,14,D,YP,YP,D
14:42:57,PTBA,RG,4060,2,D,YP,XC,D
14:42:57,PTBA,RG,4060,74,D,YP,TP,D
14:42:56,PTBA,RG,4060,1,D,XL,TP,D
14:42:53,PTBA,RG,4060,1,D,PD,TP,D
14:42:51,PTBA,RG,4050,6,D,AI,IF,D
14:42:46,PTBA,RG,4060,5,D,XL,TP,D
14:42:46,PTBA,RG,4060,10,D,YP,TP,D
14:42:45,PTBA,RG,4050,50,D,AI,NI,D
14:42:45,PTBA,RG,4060,1,D,CC,TP,D
14:42:40,PTBA,RG,4060,7,D,NI,TP,D
14:42:40,PTBA,RG,4060,1,D,PD,TP,D
14:42:39,PTBA,RG,4050,551,D,AI,XA,D
14:42:36,PTBA,RG,4050,2,D,AI,CC,D
14:42:36,PTBA,RG,4050,10,D,AI,PD,D
14:42:36,PTBA,RG,4050,2,D,AI,AK,F
14:42:36,PTBA,RG,4050,28,D,AI,PD,D
14:42:36,PTBA,RG,4050,200,D,AI,GR,D
14:42:36,PTBA,RG,4050,40,D,AI,CC,D
14:42:36,PTBA,RG,4050,20,D,AI,PD,D
14:42:36,PTBA,RG,4050,80,D,AI,YP,D
14:42:36,PTBA,RG,4050,57,D,AI,KZ,D
14:42:36,PTBA,RG,4050,417,D,AI,DX,D
14:42:36,PTBA,RG,4050,250,D,AI,CC,D
14:42:36,PTBA,RG,4050,2,D,AI,AK,D
14:42:36,PTBA,RG,4050,20,D,AI,GR,D
14:42:36,PTBA,RG,4050,12,D,AI,CC,D
14:42:36,PTBA,RG,4050,1147,D,AI,AK,F
14:42:36,PTBA,RG,4050,1,D,AI,YP,D
14:42:36,PTBA,RG,4050,1,D,AI,XA,D
14:42:36,PTBA,RG,4050,100,D,AI,CC,D
14:42:36,PTBA,RG,4050,20,D,AI,CC,D
14:42:36,PTBA,RG,4050,10,D,AI,XA,D
14:42:36,PTBA,RG,4050,2500,D,AI,KK,D
14:42:36,PTBA,RG,4050,1,D,AI,PD,D
14:42:36,PTBA,RG,4050,8,D,AI,DH,D
14:42:36,PTBA,RG,4050,150,D,AI,DR,D
14:42:36,PTBA,RG,4050,200,D,AI,DR,D
14:42:36,PTBA,RG,4050,50,D,AI,XL,D
14:42:36,PTBA,RG,4050,25,D,AI,PD,D
14:42:36,PTBA,RG,4050,50,D,AI,MG,D
14:42:36,PTBA,RG,4050,200,D,AI,YP,D
14:42:36,PTBA,RG,4050,5,D,AI,XC,D
14:42:36,PTBA,RG,4050,100,D,AI,RF,D
14:42:36,PTBA,RG,4050,1,D,AI,SQ,D
14:42:36,PTBA,RG,4050,30,D,AI,YP,D
14:42:36,PTBA,RG,4050,2,D,AI,PD,D
14:42:36,PTBA,RG,4050,2,D,AI,PD,D
14:42:36,PTBA,RG,4050,615,D,AI,NI,D
14:42:36,PTBA,RG,4050,50,D,AI,YP,D
14:42:36,PTBA,RG,4050,6,D,AI,YP,D
14:42:36,PTBA,RG,4050,3,D,AI,XA,D
14:42:36,PTBA,RG,4050,162,D,AI,XA,D
14:42:36,PTBA,RG,4050,1000,D,AI,YU,D
14:42:36,PTBA,RG,4050,113,D,AI,XA,D
14:42:36,PTBA,RG,4050,5,D,AI,YP,D
14:42:36,PTBA,RG,4050,3,D,AI,XL,D
14:42:36,PTBA,RG,4050,9,D,AI,CC,D
14:42:36,PTBA,RG,4050,20,D,AI,XA,D
14:42:36,PTBA,RG,4050,20,D,AI,XA,D
14:42:36,PTBA,RG,4050,100,D,AI,YP,D
14:42:36,PTBA,RG,4050,500,D,AI,DR,D
14:42:36,PTBA,RG,4050,4,D,AI,XA,D
14:42:36,PTBA,RG,4050,31,D,AI,PD,D
14:42:36,PTBA,RG,4050,30,D,AI,YP,D
14:42:36,PTBA,RG,4050,1,D,AI,YP,D
14:42:36,PTBA,RG,4050,2,D,AI,XA,D
14:42:36,PTBA,RG,4050,150,D,AI,DR,D
14:42:36,PTBA,RG,4050,22,D,AI,XA,D
14:42:36,PTBA,RG,4050,25,D,AI,YP,D
14:42:36,PTBA,RG,4050,2,D,AI,XA,D
14:42:36,PTBA,RG,4050,117,D,AI,XA,D
14:42:36,PTBA,RG,4050,5,D,AI,XA,D
14:42:36,PTBA,RG,4050,24,D,AI,YP,D
14:42:36,PTBA,RG,4050,50,D,AI,YP,D
14:42:36,PTBA,RG,4050,70,D,AI,YP,D
14:42:36,PTBA,RG,4050,3500,D,AI,YU,D
14:42:36,PTBA,RG,4050,5000,D,AI,BQ,D
14:42:36,PTBA,RG,4050,190,D,AI,YP,D
14:42:36,PTBA,RG,4050,100,D,AI,XA,D
14:42:36,PTBA,RG,4050,1500,D,AI,XA,D
14:42:36,PTBA,RG,4050,1,D,AI,DH,D
14:42:36,PTBA,RG,4050,150,D,AI,XA,D
14:42:36,PTBA,RG,4050,20,D,AI,YP,D
14:42:36,PTBA,RG,4050,250,D,AI,SQ,D
14:42:36,PTBA,RG,4050,100,D,AI,XL,D
14:42:36,PTBA,RG,4050,56,D,AI,XA,D
14:42:36,PTBA,RG,4050,50,D,AI,XA,D
14:42:36,PTBA,RG,4050,18,D,AI,YP,D
14:42:36,PTBA,RG,4050,47,D,AI,YP,D
14:42:36,PTBA,RG,4050,17,D,AI,YP,D
14:42:36,PTBA,RG,4050,50,D,AI,PD,D
14:42:36,PTBA,RG,4050,1000,D,AI,XA,D
14:42:36,PTBA,RG,4050,1000,D,AI,YU,D
14:42:36,PTBA,RG,4050,6402,D,AI,OD,D
14:42:36,PTBA,RG,4050,2,D,AI,YP,D
14:42:36,PTBA,RG,4050,3,D,AI,XC,D
14:42:36,PTBA,RG,4050,100,D,AI,PD,D
14:42:36,PTBA,RG,4050,13,D,AI,EP,D
14:42:36,PTBA,RG,4050,5,D,AI,PD,D
14:42:36,PTBA,RG,4050,5,D,AI,XA,D
14:42:36,PTBA,RG,4050,128,D,AI,YP,D
14:42:36,PTBA,RG,4050,5,D,AI,NI,D
14:42:36,PTBA,RG,4050,5,D,AI,LG,D
14:42:36,PTBA,RG,4050,12,D,AI,DX,D
14:42:36,PTBA,RG,4050,3,D,AI,PD,D
14:42:36,PTBA,RG,4050,131,D,AI,XA,D
14:42:36,PTBA,RG,4050,166,D,AI,DR,D
14:42:36,PTBA,RG,4050,200,D,AI,YP,D
14:42:36,PTBA,RG,4050,1,D,AI,DH,D
14:42:36,PTBA,RG,4050,30,D,AI,YP,D
14:42:36,PTBA,RG,4050,1,D,AI,YP,D
14:42:36,PTBA,RG,4050,350,D,AI,YP,D
14:42:36,PTBA,RG,4050,7,D,AI,YP,D
14:42:36,PTBA,RG,4050,1,D,AI,PD,D
14:42:36,PTBA,RG,4050,25,D,AI,CC,D
14:42:36,PTBA,RG,4050,5,D,AI,PD,D
14:42:36,PTBA,RG,4050,750,D,AI,PD,D
14:42:36,PTBA,RG,4050,2,D,AI,XC,D
14:42:36,PTBA,RG,4050,2,D,AI,PD,D
14:42:36,PTBA,RG,4050,50,D,AI,CC,D
14:42:36,PTBA,RG,4050,1,D,AI,DX,D
14:42:36,PTBA,RG,4050,2,D,AI,PD,D
14:42:36,PTBA,RG,4050,1,D,AI,YP,D
14:42:36,PTBA,RG,4050,2,D,AI,OD,D
14:42:36,PTBA,RG,4050,50,D,AI,YU,D
14:42:36,PTBA,RG,4050,1,D,AI,GR,D
14:42:36,PTBA,RG,4050,55,D,AI,ZP,D
14:42:36,PTBA,RG,4050,15,D,AI,KK,D
14:42:36,PTBA,RG,4050,10,D,AI,YP,D
14:42:36,PTBA,RG,4050,500,D,AI,YP,D
14:42:36,PTBA,RG,4050,2,D,AI,EP,D
14:42:36,PTBA,RG,4050,40,D,AI,LG,D
14:42:36,PTBA,RG,4050,1,D,AI,GR,D
14:42:36,PTBA,RG,4050,1,D,AI,NI,D
14:42:36,PTBA,RG,4050,1,D,AI,PD,D
14:42:36,PTBA,RG,4050,100,D,AI,CC,D
14:42:36,PTBA,RG,4050,50,D,AI,KI,D
14:42:36,PTBA,RG,4050,6,D,AI,XC,D
14:42:36,PTBA,RG,4050,200,D,AI,KK,D
14:42:36,PTBA,RG,4050,37,D,AI,XC,D
14:42:36,PTBA,RG,4050,2000,D,AI,RF,D
14:42:36,PTBA,RG,4050,300,D,AI,YP,D
14:42:36,PTBA,RG,4050,28,D,AI,NI,D
14:42:36,PTBA,RG,4050,24,D,AI,NI,D
14:42:36,PTBA,RG,4050,2550,D,AI,LG,D
14:42:36,PTBA,RG,4050,450,D,AI,LG,D
14:42:36,PTBA,RG,4050,100,D,AI,CP,D
14:42:36,PTBA,RG,4050,10,D,AI,NI,D
14:42:36,PTBA,RG,4050,3,D,AI,XA,D
14:42:36,PTBA,RG,4050,100,D,AI,ZP,D
14:42:36,PTBA,RG,4050,1,D,AI,YP,D
14:42:36,PTBA,RG,4050,10,D,AI,KK,D
14:42:36,PTBA,RG,4050,99,D,AI,DH,D
14:42:36,PTBA,RG,4050,50,D,AI,CC,D
14:42:36,PTBA,RG,4050,5,D,AI,SQ,D
14:42:36,PTBA,RG,4050,1,D,AI,PD,D
14:42:36,PTBA,RG,4050,58,D,AI,DH,D
14:42:36,PTBA,RG,4050,42,D,EP,DH,D
14:42:36,PTBA,RG,4050,10,D,EP,HP,D
14:42:36,PTBA,RG,4050,1,D,EP,DH,D
14:42:36,PTBA,RG,4050,1,D,EP,PD,D
14:42:36,PTBA,RG,4050,1,D,EP,PD,D
14:42:36,PTBA,RG,4050,5,D,EP,AT,D
14:42:36,PTBA,RG,4050,10,D,EP,DR,D
14:42:36,PTBA,RG,4050,177,D,EP,LG,D
14:42:36,PTBA,RG,4050,10,D,PD,LG,D
14:42:30,PTBA,RG,4050,10,D,PD,LG,D
14:42:30,PTBA,RG,4040,1,D,AI,YP,D
14:42:28,PTBA,RG,4050,3,D,AO,LG,D
14:42:28,PTBA,RG,4050,5,D,AO,PD,D
14:42:28,PTBA,RG,4050,100,D,AO,PD,D
14:42:28,PTBA,RG,4050,8,D,AO,YP,D
14:42:28,PTBA,RG,4050,1,D,AO,DR,D
14:42:28,PTBA,RG,4050,20,D,AO,TP,D
14:42:28,PTBA,RG,4050,2,D,AO,XC,D
14:42:28,PTBA,RG,4050,4,D,AO,RG,D
14:42:28,PTBA,RG,4050,2,D,AO,PD,D
14:42:28,PTBA,RG,4050,25,D,AO,OD,D
14:42:28,PTBA,RG,4050,100,D,AO,AI,D
14:42:28,PTBA,RG,4050,350,D,AO,YU,D
14:42:28,PTBA,RG,4050,4,D,AO,PD,D
14:42:28,PTBA,RG,4050,5,D,AO,YP,D
14:42:28,PTBA,RG,4050,32,D,AO,CC,D
14:42:28,PTBA,RG,4050,12,D,AO,XC,D
14:42:28,PTBA,RG,4050,5,D,AO,YP,D
14:42:28,PTBA,RG,4050,2,D,AO,PD,D
14:42:28,PTBA,RG,4050,1,D,AO,CC,D
14:42:28,PTBA,RG,4050,10,D,AO,YP,D
14:42:28,PTBA,RG,4050,2,D,AO,YP,D
14:42:28,PTBA,RG,4050,25,D,AO,YP,D
14:42:28,PTBA,RG,4050,100,D,AO,YP,D
14:42:28,PTBA,RG,4050,2,D,AO,XA,D
14:42:28,PTBA,RG,4050,50,D,AO,PD,D
14:42:28,PTBA,RG,4050,7,D,AO,PD,D
14:42:28,PTBA,RG,4050,50,D,AO,YP,D
14:42:28,PTBA,RG,4050,42,D,AO,YP,D
14:42:28,PTBA,RG,4050,1,D,AO,GR,D
14:42:28,PTBA,RG,4050,91,D,AO,DR,D
14:42:28,PTBA,RG,4050,15,D,AO,NI,D
14:42:28,PTBA,RG,4050,2,D,AO,DR,D
14:42:28,PTBA,RG,4050,100,D,AO,DR,D
14:42:28,PTBA,RG,4050,2527,D,AO,SQ,D
14:42:28,PTBA,RG,4050,60,D,AO,PD,D
14:42:28,PTBA,RG,4050,1,D,AO,IF,D
14:42:28,PTBA,RG,4050,5,D,AO,YP,D
14:42:28,PTBA,RG,4050,5,D,AO,XL,D
14:42:28,PTBA,RG,4050,500,D,AO,KK,D
14:42:28,PTBA,RG,4050,2,D,AO,XC,D
14:42:28,PTBA,RG,4050,6,D,AO,NI,D
14:42:28,PTBA,RG,4050,1,D,AO,CC,D
14:42:28,PTBA,RG,4050,20,D,AO,KK,D
14:42:28,PTBA,RG,4050,4,D,AO,XC,D
14:42:28,PTBA,RG,4050,25,D,AO,OD,D
14:42:28,PTBA,RG,4050,10,D,AO,EP,D
14:42:28,PTBA,RG,4050,35,D,AO,YP,D
14:42:28,PTBA,RG,4050,1,D,AO,PD,D
14:42:28,PTBA,RG,4050,20,D,AO,CC,D
14:42:28,PTBA,RG,4050,50,D,AO,DH,D
14:42:28,PTBA,RG,4050,1,D,AO,YP,D
14:42:28,PTBA,RG,4050,20,D,AO,YP,D
14:42:28,PTBA,RG,4050,5,D,AO,CC,D
14:42:28,PTBA,RG,4050,2,D,AO,PD,D
14:42:28,PTBA,RG,4050,1,D,AO,XC,D
14:42:28,PTBA,RG,4050,40,D,AO,HP,D
14:42:28,PTBA,RG,4050,2,D,AO,PD,D
14:42:28,PTBA,RG,4050,479,D,AO,YP,D
14:42:23,PTBA,RG,4040,3,D,AI,XC,D
14:42:23,PTBA,RG,4050,11,D,DR,YP,D
14:42:14,PTBA,RG,4040,5,D,AI,PD,D
14:42:12,PTBA,RG,4050,1,D,PD,YP,D
14:42:11,PTBA,RG,4050,9,D,PD,YP,D
14:42:11,PTBA,RG,4050,15,D,PD,NI,D
14:42:11,PTBA,RG,4050,6,D,PD,XC,D
14:42:08,PTBA,RG,4040,5,D,AI,XL,D
14:42:01,PTBA,RG,4040,200,D,AI,SQ,D
14:42:00,PTBA,RG,4040,1,D,AI,XC,D
14:41:57,PTBA,RG,4040,500,D,AI,YP,D
14:41:56,PTBA,RG,4040,5,D,AI,LG,D
14:41:54,PTBA,RG,4050,1,D,EP,XC,D
14:41:54,PTBA,RG,4050,3,D,EP,EP,D
14:41:54,PTBA,RG,4050,4,D,EP,XL,D
14:41:54,PTBA,RG,4050,1,D,EP,YP,D
14:41:54,PTBA,RG,4050,1,D,EP,PD,D
14:41:54,PTBA,RG,4050,1,D,PD,PD,D
14:41:45,PTBA,RG,4040,5,D,AI,DR,D
14:41:43,PTBA,RG,4040,100,D,AI,YU,D
14:41:39,PTBA,RG,4040,4,D,AI,YP,D
14:41:39,PTBA,RG,4040,100,D,AI,RF,D
14:41:39,PTBA,RG,4040,10,D,AI,DR,D
14:41:38,PTBA,RG,4040,12,D,AI,AK,F
14:41:38,PTBA,RG,4040,5,D,AI,XC,D
14:41:38,PTBA,RG,4040,50,D,AI,CC,D
14:41:38,PTBA,RG,4040,22,D,AI,YP,D
14:41:38,PTBA,RG,4040,5,D,AI,KK,D
14:41:38,PTBA,RG,4040,2,D,AI,AK,F
14:41:38,PTBA,RG,4040,21,D,AI,AK,F
14:41:38,PTBA,RG,4040,11,D,AI,AK,F
14:41:38,PTBA,RG,4040,100,D,AI,NI,D
14:41:38,PTBA,RG,4040,2044,D,AI,AK,F
14:41:38,PTBA,RG,4040,6,D,AI,XL,D
14:41:38,PTBA,RG,4040,757,D,AI,DX,D
14:41:38,PTBA,RG,4040,29,D,AI,CC,D
14:41:38,PTBA,RG,4040,10,D,AI,YP,D
14:41:38,PTBA,RG,4040,10,D,AI,GR,D
14:41:38,PTBA,RG,4040,15,D,AI,CC,D
14:41:38,PTBA,RG,4040,21,D,AI,YP,D
14:41:38,PTBA,RG,4040,2,D,AI,AK,D
14:41:38,PTBA,RG,4040,5,D,AI,NI,D
14:41:38,PTBA,RG,4040,5,D,AI,YP,D
14:41:38,PTBA,RG,4040,1,D,AI,DH,D
14:41:38,PTBA,RG,4040,40,D,AI,CC,D
14:41:38,PTBA,RG,4040,46,D,AI,CC,D
14:41:38,PTBA,RG,4040,10,D,AI,OD,D
14:41:38,PTBA,RG,4040,225,D,AI,AK,F
14:41:38,PTBA,RG,4040,4,D,AI,KZ,D
14:41:38,PTBA,RG,4040,597,D,AI,CC,F
14:41:38,PTBA,RG,4040,5,D,AI,YP,D
14:41:38,PTBA,RG,4040,4,D,AI,AK,D
14:41:38,PTBA,RG,4040,823,D,AI,DX,D
14:41:38,PTBA,RG,4040,114,D,AI,CC,D
14:41:38,PTBA,RG,4040,10,D,AI,CC,D
14:41:38,PTBA,RG,4040,4,D,AI,XC,D
14:41:38,PTBA,RG,4040,100,D,AI,CC,D
14:41:38,PTBA,RG,4040,10,D,AI,PD,D
14:41:38,PTBA,RG,4040,765,D,AI,DX,D
14:41:38,PTBA,RG,4040,10,D,AI,BQ,D
14:41:38,PTBA,RG,4040,100,D,AI,CP,D
14:41:38,PTBA,RG,4040,1000,D,AI,SQ,D
14:41:38,PTBA,RG,4040,20,D,AI,GR,D
14:41:38,PTBA,RG,4040,4,D,AI,DH,D
14:41:38,PTBA,RG,4040,5,D,AI,HP,D
14:41:38,PTBA,RG,4040,7,D,AI,YP,D
14:41:38,PTBA,RG,4040,70,D,AI,NI,D
14:41:38,PTBA,RG,4040,100,D,AI,CC,D
14:41:38,PTBA,RG,4040,1,D,AI,XC,D
14:41:38,PTBA,RG,4040,75,D,AI,CC,D
14:41:38,PTBA,RG,4040,5,D,AI,KZ,D
14:41:38,PTBA,RG,4040,10,D,AI,GR,D
14:41:38,PTBA,RG,4040,2,D,AI,XC,D
14:41:38,PTBA,RG,4040,20,D,AI,SQ,D
14:41:38,PTBA,RG,4040,55,D,AI,CC,D
14:41:38,PTBA,RG,4040,5,D,AI,XA,D
14:41:38,PTBA,RG,4040,11,D,AI,YP,D
14:41:38,PTBA,RG,4040,10,D,AI,DR,D
14:41:38,PTBA,RG,4040,2,D,AI,XA,D
14:41:38,PTBA,RG,4040,3,D,AI,SQ,D
14:41:38,PTBA,RG,4040,60,D,AI,XA,D
14:41:38,PTBA,RG,4040,5,D,AI,NI,D
14:41:38,PTBA,RG,4040,20,D,AI,XA,D
14:41:38,PTBA,RG,4040,10,D,AI,XA,D
14:41:38,PTBA,RG,4040,164,D,AI,YP,D
14:41:38,PTBA,RG,4040,2,D,AI,XA,D
14:41:38,PTBA,RG,4040,25,D,AI,YP,D
14:41:38,PTBA,RG,4040,100,D,AI,DH,D
14:41:38,PTBA,RG,4040,4,D,AI,CC,D
14:41:38,PTBA,RG,4040,50,D,AI,OD,D
14:41:38,PTBA,RG,4040,361,D,AI,YP,D
14:41:38,PTBA,RG,4040,500,D,AI,GR,D
14:41:38,PTBA,RG,4040,241,D,AI,XA,D
14:41:38,PTBA,RG,4040,1,D,AI,XC,D
14:41:38,PTBA,RG,4040,5,D,AI,YP,D
14:41:38,PTBA,RG,4040,5,D,AI,PD,D
14:41:38,PTBA,RG,4040,100,D,AI,CC,D
14:41:38,PTBA,RG,4040,100,D,AI,PD,D
14:41:38,PTBA,RG,4040,2,D,AI,XL,D
14:41:38,PTBA,RG,4040,10,D,AI,CC,D
14:41:38,PTBA,RG,4040,1,D,AI,DH,D
14:41:38,PTBA,RG,4040,50,D,AI,YP,D
14:41:38,PTBA,RG,4040,1,D,AI,XC,D
14:41:38,PTBA,RG,4040,40,D,AI,GR,D
14:41:38,PTBA,RG,4040,1,D,AI,HP,D
14:41:38,PTBA,RG,4040,4,D,AI,PC,D
14:41:38,PTBA,RG,4040,150,D,AI,PD,D
14:41:38,PTBA,RG,4040,100,D,AI,SQ,D
14:41:38,PTBA,RG,4040,6,D,AI,XL,D
14:41:38,PTBA,RG,4040,25,D,AI,YP,D
14:41:38,PTBA,RG,4040,1,D,AI,XC,D
14:41:38,PTBA,RG,4040,7,D,AI,XC,D
14:41:38,PTBA,RG,4040,9,D,AI,KZ,D
14:41:38,PTBA,RG,4040,25,D,AI,CC,D
14:41:38,PTBA,RG,4040,1,D,AI,PD,D
14:41:38,PTBA,RG,4040,1,D,AI,PD,D
14:41:38,PTBA,RG,4040,1,D,AI,PD,D
14:41:38,PTBA,RG,4040,990,D,AI,IF,D
14:41:38,PTBA,RG,4040,500,D,AI,YP,D
14:41:38,PTBA,RG,4040,2,D,AI,EP,D
14:41:38,PTBA,RG,4040,10,D,AI,NI,D
14:41:38,PTBA,RG,4040,1,D,AI,DR,D
14:41:38,PTBA,RG,4040,200,D,AI,PD,D
14:41:38,PTBA,RG,4040,1,D,AI,GR,D
14:41:38,PTBA,RG,4040,1,D,AI,NI,D
14:41:38,PTBA,RG,4040,1,D,AI,KK,D
14:41:38,PTBA,RG,4040,1,D,AI,NI,D
14:41:38,PTBA,RG,4040,3,D,AI,PD,D
14:41:38,PTBA,RG,4040,200,D,AI,PD,D
14:41:38,PTBA,RG,4040,100,D,AI,CC,D
14:41:38,PTBA,RG,4040,7,D,AI,OD,D
14:41:38,PTBA,RG,4040,5,D,AI,PD,D
14:41:38,PTBA,RG,4040,556,D,AI,CC,D
14:41:38,PTBA,RG,4040,20,D,AI,TP,D
14:41:38,PTBA,RG,4040,2,D,AI,PD,D
14:41:38,PTBA,RG,4040,2550,D,AI,LG,D
14:41:38,PTBA,RG,4040,450,D,AI,LG,D
14:41:38,PTBA,RG,4040,10,D,AI,SQ,D
14:41:38,PTBA,RG,4040,1,D,AI,XC,D
14:41:38,PTBA,RG,4040,3,D,AI,PD,D
14:41:38,PTBA,RG,4040,50,D,AI,CC,D
14:41:38,PTBA,RG,4040,170,D,AI,YP,D
14:41:38,PTBA,RG,4040,5,D,AI,SQ,D
14:41:38,PTBA,RG,4040,2,D,AI,DR,D
14:41:38,PTBA,RG,4040,2,D,AI,PD,D
14:41:38,PTBA,RG,4040,4,D,AI,PD,D
14:41:38,PTBA,RG,4040,8,D,AI,NI,D
14:41:38,PTBA,RG,4040,1,D,AI,XC,D
14:41:38,PTBA,RG,4040,1,D,AI,PD,D
14:41:38,PTBA,RG,4040,80,D,AI,DH,D
14:41:38,PTBA,RG,4040,5,D,AI,XC,D
14:41:38,PTBA,RG,4040,1,D,AI,PD,D
14:41:38,PTBA,RG,4040,5,D,AI,XC,D
14:41:38,PTBA,RG,4040,10,D,AI,PD,D
14:41:38,PTBA,RG,4040,4,D,AI,OD,D
14:41:38,PTBA,RG,4040,100,D,AI,YB,D
14:41:38,PTBA,RG,4040,1,D,AI,XC,D
14:41:38,PTBA,RG,4040,1,D,AI,XC,D
14:41:38,PTBA,RG,4040,1,D,AI,XA,D
14:41:38,PTBA,RG,4040,2,D,AI,XC,D
14:41:38,PTBA,RG,4040,1,D,AI,KK,D
14:41:38,PTBA,RG,4040,6,D,AI,XC,D
14:41:38,PTBA,RG,4040,100,D,AI,CC,D
14:41:38,PTBA,RG,4040,15,D,AI,MU,D
14:41:38,PTBA,RG,4040,1000,D,AI,RF,D
14:41:38,PTBA,RG,4040,1,D,AI,XC,D
14:41:38,PTBA,RG,4040,4,D,AI,PD,D
14:41:38,PTBA,RG,4040,100,D,AI,HD,D
14:41:38,PTBA,RG,4040,1000,D,AI,YP,D
14:41:38,PTBA,RG,4040,500,D,AI,YP,D
14:41:38,PTBA,RG,4040,5,D,AI,YP,D
14:41:38,PTBA,RG,4040,1,D,AI,XC,D
14:41:38,PTBA,RG,4040,100,D,AI,XL,D
14:41:38,PTBA,RG,4040,1,D,AI,PD,D
14:41:38,PTBA,RG,4040,15,D,AI,CC,D
14:41:38,PTBA,RG,4040,1,D,AI,EP,D
14:41:38,PTBA,RG,4040,4,D,AI,CC,D
14:41:38,PTBA,RG,4040,1,D,AI,PD,D
14:41:38,PTBA,RG,4040,130,D,AI,EP,D
14:41:38,PTBA,RG,4040,1,D,AI,GR,D
14:41:38,PTBA,RG,4040,95,D,AI,YP,D
14:41:38,PTBA,RG,4040,20,D,AI,XC,D
14:41:38,PTBA,RG,4040,33,D,AI,CC,D
14:41:38,PTBA,RG,4040,10,D,AI,YP,D
14:41:38,PTBA,RG,4040,3,D,AI,XL,D
14:41:38,PTBA,RG,4040,2,D,AI,DR,D
14:41:38,PTBA,RG,4040,20,D,AI,NI,D
14:41:38,PTBA,RG,4040,5,D,AI,AT,D
14:41:38,PTBA,RG,4040,1788,D,AI,RF,D
14:41:36,PTBA,RG,4040,5,D,YP,RF,D
14:41:32,PTBA,RG,4030,1,D,AI,YU,D
14:41:31,PTBA,RG,4030,5,D,AI,LG,D
14:41:31,PTBA,RG,4030,2,D,AI,YU,D
14:41:29,PTBA,RG,4040,18,D,KI,RF,D
14:41:28,PTBA,RG,4030,2,D,AI,XL,D
14:41:22,PTBA,RG,4040,1,D,XC,RF,D
14:41:22,PTBA,RG,4030,100,D,AI,SQ,D
14:41:18,PTBA,RG,4030,300,D,AI,YP,D
14:41:15,PTBA,RG,4040,1,D,CC,RF,D
14:41:14,PTBA,RG,4040,1,D,PD,RF,D
14:41:09,PTBA,RG,4040,1,D,CC,RF,D
14:41:05,PTBA,RG,4030,185,D,AI,CC,D
14:41:05,PTBA,RG,4040,15,D,NI,RF,D
14:41:05,PTBA,RG,4040,6,D,XC,RF,D
14:40:58,PTBA,RG,4040,13,D,XC,RF,D
14:40:53,PTBA,RG,4030,1,D,AI,CC,D
14:40:51,PTBA,RG,4040,9,D,XL,RF,D
14:40:50,PTBA,RG,4040,6,D,XC,RF,D
14:40:49,PTBA,RG,4040,20,D,CC,RF,D
14:40:45,PTBA,RG,4040,1,D,PD,RF,D
14:40:42,PTBA,RG,4040,5,D,YP,RF,D
14:40:41,PTBA,RG,4040,89,D,GR,RF,D
14:40:41,PTBA,RG,4040,2,D,YP,RF,D
14:40:34,PTBA,RG,4040,12,D,YP,RF,D
14:40:34,PTBA,RG,4030,360,D,AI,DR,D
14:40:20,PTBA,RG,4040,3,D,PD,RF,D
14:40:18,PTBA,RG,4030,74,D,AI,YP,D
14:40:18,PTBA,RG,4030,71,D,AI,YP,D
14:40:18,PTBA,RG,4030,10,D,AI,YP,D
14:40:18,PTBA,RG,4030,5,D,AI,YP,D
14:40:18,PTBA,RG,4030,4,D,AI,YP,D
14:40:17,PTBA,RG,4040,4,D,XC,RF,D
14:40:17,PTBA,RG,4040,1,D,XC,NI,D
14:40:15,PTBA,RG,4040,10,D,YP,NI,D
14:40:14,PTBA,RG,4030,100,D,AI,YB,D
14:40:10,PTBA,RG,4040,2,D,NI,NI,D
14:40:08,PTBA,RG,4030,4,D,AI,XC,D
14:40:05,PTBA,RG,4030,353,D,AI,YP,D
14:40:05,PTBA,RG,4030,46,D,AI,GR,D
14:40:05,PTBA,RG,4030,3210,D,AI,YU,F
14:40:05,PTBA,RG,4030,500,D,ZP,YU,F
14:40:05,PTBA,RG,4030,5,D,KK,YU,F
14:40:05,PTBA,RG,4030,5,D,NI,YU,F
14:40:05,PTBA,RG,4030,1,D,PD,YU,F
14:40:05,PTBA,RG,4030,1,D,PD,YU,F
14:40:05,PTBA,RG,4030,100,D,CP,YU,F
14:40:05,PTBA,RG,4030,10,D,PD,YU,F
14:40:05,PTBA,RG,4030,7,D,CS,YU,F
14:40:05,PTBA,RG,4030,5,D,CS,YU,F
14:40:05,PTBA,RG,4030,3,D,CS,YU,F
14:40:05,PTBA,RG,4030,2,D,CS,YU,F
14:40:05,PTBA,RG,4030,5,D,CS,YU,F
14:40:05,PTBA,RG,4030,6,D,CS,YU,F
14:40:05,PTBA,RG,4030,6,D,CS,YU,F
14:40:05,PTBA,RG,4030,59,F,ZP,YU,F
14:40:05,PTBA,RG,4030,19,F,CS,YU,F
14:40:05,PTBA,RG,4030,6056,D,AI,YU,F
14:40:03,PTBA,RG,4030,5,D,AI,NI,D
14:39:56,PTBA,RG,4030,1,D,AI,CC,D
14:39:48,PTBA,RG,4030,41,D,AI,YP,D
14:39:48,PTBA,RG,4030,50,D,AI,OD,D
14:39:41,PTBA,RG,4030,23,D,AI,OD,D
14:39:40,PTBA,RG,4030,3,D,AI,XC,D
14:39:37,PTBA,RG,4030,3,D,AI,CC,D
14:39:33,PTBA,RG,4030,17,D,AI,XC,D
14:39:29,PTBA,RG,4030,22,D,AI,ZP,D
14:39:27,PTBA,RG,4030,478,D,AI,DX,D
14:39:27,PTBA,RG,4030,120,D,AI,YP,D
14:39:27,PTBA,RG,4030,5096,D,AI,LG,D
14:39:27,PTBA,RG,4030,270,D,AI,XA,D
14:39:27,PTBA,RG,4030,5,D,AI,KK,D
14:39:27,PTBA,RG,4030,250,D,AI,KK,D
14:39:27,PTBA,RG,4030,904,D,AI,LG,D
14:39:27,PTBA,RG,4030,5096,D,AI,LG,D
14:39:27,PTBA,RG,4030,904,D,AI,LG,D
14:39:27,PTBA,RG,4030,200,D,AI,YU,D
14:39:27,PTBA,RG,4030,22,D,AI,PD,D
14:39:27,PTBA,RG,4030,80,D,AI,YP,D
14:39:27,PTBA,RG,4030,2,D,AI,KK,D
14:39:27,PTBA,RG,4030,70,D,AI,NI,D
14:39:27,PTBA,RG,4030,1,D,AI,YP,D
14:39:27,PTBA,RG,4030,40,D,AI,KZ,D
14:39:27,PTBA,RG,4030,1000,D,AI,AO,D
14:39:27,PTBA,RG,4030,100,D,AI,CC,D
14:39:27,PTBA,RG,4030,50,D,AI,CC,D
14:39:27,PTBA,RG,4030,3,D,AI,AK,D
14:39:27,PTBA,RG,4030,575,D,AI,GR,D
14:39:27,PTBA,RG,4030,200,D,AI,XA,D
14:39:27,PTBA,RG,4030,1,D,AI,CC,D
14:39:27,PTBA,RG,4030,10,D,AI,GR,D
14:39:27,PTBA,RG,4030,30,D,AI,CC,D
14:39:27,PTBA,RG,4030,10,D,AI,XC,D
14:39:27,PTBA,RG,4030,2000,D,AI,MG,D
14:39:27,PTBA,RG,4030,10,D,AI,YP,D
14:39:27,PTBA,RG,4030,240,D,AI,PD,D
14:39:27,PTBA,RG,4030,5,D,AI,AK,F
14:39:27,PTBA,RG,4030,4,D,AI,AK,D
14:39:27,PTBA,RG,4030,3,D,AI,XC,D
14:39:27,PTBA,RG,4030,30,D,AI,CC,D
14:39:27,PTBA,RG,4030,100,D,AI,PD,D
14:39:27,PTBA,RG,4030,268,D,AI,AK,F
14:39:27,PTBA,RG,4030,1200,D,AI,YP,D
14:39:27,PTBA,RG,4030,100,D,AI,YU,D
14:39:27,PTBA,RG,4030,4302,D,AI,YP,D
14:39:18,PTBA,RG,4030,30,D,YP,YP,D
14:39:10,PTBA,RG,4020,1,D,AI,YP,D
14:39:07,PTBA,RG,4020,455,D,AI,DX,D
14:39:06,PTBA,RG,4030,1,D,XC,YP,D
14:39:05,PTBA,RG,4030,250,D,YP,YP,D
14:39:00,PTBA,RG,4020,10,D,AI,KK,D
14:38:57,PTBA,RG,4020,1,D,AI,CP,D
14:38:55,PTBA,RG,4030,52,D,XL,YP,D
14:38:30,PTBA,RG,4020,20,D,AI,ZP,D
14:38:29,PTBA,RG,4030,5,D,CC,YP,D
14:38:21,PTBA,RG,4030,1,D,YB,YP,D
14:38:12,PTBA,RG,4030,3,D,YP,YP,D
14:38:12,PTBA,RG,4030,20,D,YP,YP,D
14:38:10,PTBA,RG,4030,10,D,DH,YP,D
14:38:03,PTBA,RG,4030,25,D,NI,YP,D
14:38:00,PTBA,RG,4030,1,D,PD,YP,D
14:37:56,PTBA,RG,4030,2,D,XC,YP,D
14:37:50,PTBA,RG,4030,1,D,YP,YP,D
14:37:47,PTBA,RG,4030,1,D,YP,YP,D
14:37:44,PTBA,RG,4020,4,D,AI,DX,D
14:37:40,PTBA,RG,4030,1,D,CC,YP,D
14:37:35,PTBA,RG,4030,10,D,YP,YP,D
14:37:32,PTBA,RG,4030,36,D,YU,YP,D
14:37:32,PTBA,RG,4030,3,D,YB,YP,D
14:37:29,PTBA,RG,4030,25,D,YP,YP,D
14:37:27,PTBA,RG,4030,1,D,YP,YP,D
14:37:26,PTBA,RG,4020,236,D,AI,PD,D
14:37:26,PTBA,RG,4030,10,D,YP,YP,D
14:37:17,PTBA,RG,4030,3,D,XA,YP,D
14:37:09,PTBA,RG,4030,1,D,PD,YP,D
14:37:07,PTBA,RG,4030,1,D,IF,YP,D
14:37:02,PTBA,RG,4020,15,D,AI,DX,D
14:37:02,PTBA,RG,4020,5,D,NI,DX,D
14:37:02,PTBA,RG,4020,16,D,PD,DX,D
14:37:02,PTBA,RG,4020,1,D,PD,DX,D
14:37:02,PTBA,RG,4020,237,F,BK,DX,D
14:37:02,PTBA,RG,4020,3,D,CS,DX,D
14:37:02,PTBA,RG,4020,203,F,ZP,DX,D
14:37:02,PTBA,RG,4020,6,D,CS,DX,D
14:37:02,PTBA,RG,4020,1,D,CS,DX,D
14:37:02,PTBA,RG,4020,646,D,AI,DX,D
14:37:01,PTBA,RG,4030,43,D,OD,YP,D
14:37:00,PTBA,RG,4030,1,D,NI,YP,D
14:36:58,PTBA,RG,4030,1,D,XC,YP,D
14:36:45,PTBA,RG,4030,2,D,XC,YP,D
14:36:38,PTBA,RG,4020,144,D,AI,PD,D
14:36:37,PTBA,RG,4030,5,D,NI,YP,D
14:36:37,PTBA,RG,4030,14,D,PD,YP,D
14:36:30,PTBA,RG,4030,5,D,DR,YP,D
14:36:29,PTBA,RG,4030,1,D,NI,YP,D
14:36:29,PTBA,RG,4030,36,D,CC,YP,D
14:36:28,PTBA,RG,4030,1,D,YP,YP,D
14:36:25,PTBA,RG,4030,22,D,XL,YP,D
14:36:22,PTBA,RG,4030,1,D,XC,YP,D
14:36:21,PTBA,RG,4030,1,D,NI,YP,D
14:36:17,PTBA,RG,4030,2,D,PD,YP,D
14:36:16,PTBA,RG,4030,30,D,ZP,YP,D
14:36:13,PTBA,RG,4030,15,D,CP,YP,D
14:36:12,PTBA,RG,4030,4,D,SQ,YP,D
14:36:08,PTBA,RG,4030,5,D,PD,YP,D
14:36:05,PTBA,RG,4030,21,D,KK,YP,D
14:36:05,PTBA,RG,4030,1,D,YP,YP,D
14:36:04,PTBA,RG,4030,3,D,CS,YP,D
14:36:03,PTBA,RG,4030,1,F,CS,YP,D
14:36:03,PTBA,RG,4030,1,F,AK,YP,D
14:36:03,PTBA,RG,4030,32,F,CS,YP,D
14:36:03,PTBA,RG,4030,1,F,AK,YP,D
14:36:03,PTBA,RG,4030,9,F,CS,YP,D
14:36:03,PTBA,RG,4030,18,F,CS,YP,D
14:36:03,PTBA,RG,4030,261,F,ZP,YP,D
14:36:03,PTBA,RG,4030,1,D,NI,YP,D
14:36:03,PTBA,RG,4030,8,D,KK,YP,D
14:36:03,PTBA,RG,4030,8,F,CS,YP,D
14:36:03,PTBA,RG,4030,6,D,CS,YP,D
14:36:03,PTBA,RG,4030,3,D,CS,YP,D
14:36:03,PTBA,RG,4030,1,D,CS,YP,D
14:36:03,PTBA,RG,4030,5,D,CS,YP,D
14:36:03,PTBA,RG,4030,4,D,CS,YP,D
14:36:03,PTBA,RG,4030,5,D,CS,YP,D
14:36:03,PTBA,RG,4030,2,D,CS,YP,D
14:36:03,PTBA,RG,4030,1,F,CS,YP,D
14:36:03,PTBA,RG,4030,3,D,CS,YP,D
14:36:03,PTBA,RG,4030,21,F,CS,YP,D
14:36:03,PTBA,RG,4030,9,F,CS,YP,D
14:36:03,PTBA,RG,4030,1,D,YP,YP,D
14:36:03,PTBA,RG,4030,1,D,XC,YP,D
14:36:03,PTBA,RG,4030,10,D,NI,YP,D
14:36:03,PTBA,RG,4030,19,D,GR,YP,D
14:36:03,PTBA,RG,4030,2,D,PD,YP,D
14:36:03,PTBA,RG,4030,50,D,YP,YP,D
14:36:03,PTBA,RG,4030,10,D,GR,YP,D
14:36:03,PTBA,RG,4030,743,D,PD,YP,D
14:36:03,PTBA,RG,4030,1,D,XL,YP,D
14:36:03,PTBA,RG,4030,1,D,SQ,YP,D
14:36:03,PTBA,RG,4030,5,D,NI,YP,D
14:36:03,PTBA,RG,4030,12,D,PD,YP,D
14:36:03,PTBA,RG,4030,1,D,SQ,YP,D
14:36:03,PTBA,RG,4030,2,D,NI,YP,D
14:36:03,PTBA,RG,4030,1700,D,HP,YP,D
14:36:03,PTBA,RG,4030,500,D,CP,YP,D
14:36:03,PTBA,RG,4030,5,D,NI,YP,D
14:36:03,PTBA,RG,4030,61,F,DX,YP,D
14:36:03,PTBA,RG,4030,25,D,GR,YP,D
14:36:03,PTBA,RG,4030,5,D,YP,YP,D
14:36:03,PTBA,RG,4030,1,F,AK,YP,D
14:36:03,PTBA,RG,4030,1,F,AK,YP,D
14:36:03,PTBA,RG,4030,5,D,YP,YP,D
14:36:03,PTBA,RG,4030,188,F,DX,YP,D
14:36:03,PTBA,RG,4030,569,D,YP,YP,D
14:36:03,PTBA,RG,4030,195,F,DX,YP,D
14:36:03,PTBA,RG,4030,3,F,AK,YP,D
14:36:03,PTBA,RG,4030,475,F,BK,YP,D
14:36:02,PTBA,RG,4030,117,F,BK,CC,F
14:36:02,PTBA,RG,4030,100,F,CC,CC,F
14:36:02,PTBA,RG,4030,231,F,ZP,CC,F
14:35:59,PTBA,RG,4040,37,D,KI,NI,D
14:35:59,PTBA,RG,4040,10,D,KI,AI,D
14:35:59,PTBA,RG,4040,3,D,KI,GR,D
14:35:59,PTBA,RG,4030,30,F,ZP,TF,D
14:35:57,PTBA,RG,4030,26,F,ZP,YP,D
14:35:57,PTBA,RG,4030,4,F,CS,YP,D
14:35:57,PTBA,RG,4030,4,D,CS,YP,D
14:35:57,PTBA,RG,4030,7,D,CS,YP,D
14:35:57,PTBA,RG,4030,2,D,CS,YP,D
14:35:57,PTBA,RG,4030,1,D,CS,YP,D
14:35:57,PTBA,RG,4030,55,F,ZP,YP,D
14:35:57,PTBA,RG,4030,5,D,CS,YP,D
14:35:57,PTBA,RG,4030,1,D,CS,YP,D
14:35:57,PTBA,RG,4030,9,D,CS,YP,D
14:35:57,PTBA,RG,4030,23,F,CS,YP,D
14:35:57,PTBA,RG,4030,4,D,CS,YP,D
14:35:57,PTBA,RG,4030,8,D,CS,YP,D
14:35:57,PTBA,RG,4030,5,D,CS,YP,D
14:35:57,PTBA,RG,4030,27,F,CS,YP,D
14:35:57,PTBA,RG,4030,319,D,AI,YP,D
14:35:56,PTBA,RG,4030,1,D,AI,CC,D
14:35:54,PTBA,RG,4030,380,D,AI,CC,F
14:35:52,PTBA,RG,4030,50,D,AI,CC,D
14:35:48,PTBA,RG,4030,1,D,AI,YP,D
14:35:47,PTBA,RG,4030,1,D,AI,XC,D
14:35:43,PTBA,RG,4030,1322,D,AI,CC,F
14:35:39,PTBA,RG,4030,225,D,AI,CC,D
14:35:37,PTBA,RG,4040,2,D,CC,GR,D
14:35:35,PTBA,RG,4030,100,D,AI,DH,D
14:35:32,PTBA,RG,4040,11,F,BK,GR,D
14:35:32,PTBA,RG,4040,2,F,BK,XC,D
14:35:32,PTBA,RG,4040,12,F,BK,CC,D
14:35:32,PTBA,RG,4040,1,F,BK,PD,D
14:35:32,PTBA,RG,4040,10,F,BK,CC,D
14:35:27,PTBA,RG,4030,1,D,AI,YP,D
14:35:25,PTBA,RG,4030,5,D,AI,YP,D
14:35:23,PTBA,RG,4030,3,D,AI,PD,D
14:35:14,PTBA,RG,4030,5,D,AI,CC,D
14:35:11,PTBA,RG,4030,23,D,AI,CC,D
14:35:10,PTBA,RG,4030,3,D,AI,DH,D
14:35:04,PTBA,RG,4030,100,D,AI,YP,D
14:34:57,PTBA,RG,4030,10,D,AI,GR,D
14:34:54,PTBA,RG,4030,2,D,AI,XA,D
14:34:51,PTBA,RG,4030,20,D,AI,YP,D
14:34:50,PTBA,RG,4040,30,F,ZP,CC,D
14:34:50,PTBA,RG,4040,5,F,ZP,XC,D
14:34:50,PTBA,RG,4040,5,F,ZP,YP,D
14:34:50,PTBA,RG,4040,7,F,ZP,KK,D
14:34:50,PTBA,RG,4030,2,D,AI,YP,D
14:34:50,PTBA,RG,4030,2,D,AI,CC,D
14:34:43,PTBA,RG,4030,2,D,AI,PD,D
14:34:39,PTBA,RG,4030,236,D,AI,PD,D
14:34:39,PTBA,RG,4030,1,D,AI,XC,D
14:34:31,PTBA,RG,4030,3,D,AI,AZ,D
14:34:30,PTBA,RG,4030,12,D,AI,DX,D
14:34:28,PTBA,RG,4040,3,F,BK,KK,D
14:34:28,PTBA,RG,4040,41,F,BK,IF,D
14:34:24,PTBA,RG,4030,1,D,AI,XC,D
14:34:20,PTBA,RG,4030,618,D,AI,BB,D
14:34:20,PTBA,RG,4030,27,D,AI,AK,F
14:34:20,PTBA,RG,4030,2,D,AI,AK,F
14:34:20,PTBA,RG,4030,2,D,AI,CC,D
14:34:20,PTBA,RG,4030,11,D,AI,AK,F
14:34:20,PTBA,RG,4030,382,D,AI,DX,D
14:34:20,PTBA,RG,4030,8950,D,AI,BB,D
14:34:20,PTBA,RG,4030,32,D,AI,KZ,D
14:34:20,PTBA,RG,4030,1,D,AI,KK,D
14:34:20,PTBA,RG,4030,26,D,AI,PD,D
14:34:20,PTBA,RG,4030,2,D,AI,XC,D
14:34:20,PTBA,RG,4030,1,D,AI,CC,D
14:34:20,PTBA,RG,4030,7,D,AI,PD,D
14:34:20,PTBA,RG,4030,4,D,AI,AK,D
14:34:20,PTBA,RG,4030,154,D,AI,CC,F
14:34:20,PTBA,RG,4030,4,D,AI,XC,D
14:34:20,PTBA,RG,4030,10,D,AI,PD,D
14:34:20,PTBA,RG,4030,1,D,AI,CC,D
14:34:20,PTBA,RG,4030,3,D,AI,XC,D
14:34:20,PTBA,RG,4030,300,D,AI,YP,D
14:34:20,PTBA,RG,4030,1,D,AI,SQ,D
14:34:20,PTBA,RG,4030,2,D,AI,DX,D
14:34:20,PTBA,RG,4030,5,D,AI,AT,D
14:34:20,PTBA,RG,4030,912,D,AI,DX,D
14:34:20,PTBA,RG,4030,25,D,AI,KK,D
14:34:20,PTBA,RG,4030,2,D,AI,AK,F
14:34:20,PTBA,RG,4030,65,D,AI,PD,D
14:34:20,PTBA,RG,4030,11,D,AI,AK,F
14:34:20,PTBA,RG,4030,324,D,AI,AK,F
14:34:20,PTBA,RG,4030,100,D,AI,HD,D
14:34:20,PTBA,RG,4030,12,D,AI,AK,D
14:34:20,PTBA,RG,4030,2,D,AI,AT,D
14:34:20,PTBA,RG,4030,2,D,AI,AK,F
14:34:20,PTBA,RG,4030,99,D,AI,ZP,D
14:34:20,PTBA,RG,4030,1,D,AI,DH,D
14:34:20,PTBA,RG,4030,2,D,AI,AK,F
14:34:20,PTBA,RG,4030,285,D,AI,CC,D
14:34:20,PTBA,RG,4030,1528,D,AI,BB,D
14:34:20,PTBA,RG,4030,1,D,AI,XA,D
14:34:20,PTBA,RG,4030,60,D,AI,YP,D
14:34:20,PTBA,RG,4030,500,D,AI,GR,D
14:34:20,PTBA,RG,4030,4,D,AI,XL,D
14:34:20,PTBA,RG,4030,15,D,AI,YU,D
14:34:20,PTBA,RG,4030,8,D,AI,PD,D
14:34:20,PTBA,RG,4030,7,D,AI,OD,D
14:34:20,PTBA,RG,4030,7,D,AI,CC,D
14:34:20,PTBA,RG,4030,10,D,AI,YP,D
14:34:20,PTBA,RG,4030,200,D,AI,AG,D
14:34:20,PTBA,RG,4030,20,D,AI,YP,D
14:34:20,PTBA,RG,4030,2,D,AI,PD,D
14:34:20,PTBA,RG,4030,2,D,AI,XC,D
14:34:20,PTBA,RG,4030,75,D,AI,PD,D
14:34:20,PTBA,RG,4030,10,D,AI,PD,D
14:34:20,PTBA,RG,4030,4,D,AI,PD,D
14:34:20,PTBA,RG,4030,60,D,AI,RG,D
14:34:20,PTBA,RG,4030,1,D,AI,XC,D
14:34:20,PTBA,RG,4030,5,D,AI,PD,D
14:34:20,PTBA,RG,4030,200,D,AI,YP,D
14:34:20,PTBA,RG,4030,5,D,AI,XA,D
14:34:20,PTBA,RG,4030,28,D,AI,YP,D
14:34:20,PTBA,RG,4030,20,D,AI,GR,D
14:34:20,PTBA,RG,4030,1,D,AI,DH,D
14:34:20,PTBA,RG,4030,500,D,AI,YP,D
14:34:20,PTBA,RG,4030,1,D,AI,DH,D
14:34:20,PTBA,RG,4030,18,D,AI,XL,D
14:34:20,PTBA,RG,4030,8,D,AI,XC,D
14:34:20,PTBA,RG,4030,4,D,AI,PD,D
14:34:20,PTBA,RG,4030,50,D,AI,OD,D
14:34:20,PTBA,RG,4030,20,D,AI,PD,D
14:34:20,PTBA,RG,4030,12,D,AI,YP,D
14:34:20,PTBA,RG,4030,100,D,AI,YU,D
14:34:20,PTBA,RG,4030,5,D,AI,DR,D
14:34:20,PTBA,RG,4030,1,D,AI,DR,D
14:34:20,PTBA,RG,4030,1,D,AI,XC,D
14:34:20,PTBA,RG,4030,1000,D,AI,SQ,D
14:34:20,PTBA,RG,4030,500,D,AI,YP,D
14:34:20,PTBA,RG,4030,150,D,AI,DR,D
14:34:20,PTBA,RG,4030,5,D,AI,PD,D
14:34:20,PTBA,RG,4030,100,D,AI,DR,D
14:34:20,PTBA,RG,4030,70,D,AI,NI,D
14:34:20,PTBA,RG,4030,50,D,AI,OD,D
14:34:20,PTBA,RG,4030,10,D,AI,SQ,D
14:34:20,PTBA,RG,4030,153,D,AI,XL,D
14:34:20,PTBA,RG,4030,5,D,AI,PD,D
14:34:20,PTBA,RG,4030,10,D,AI,PD,D
14:34:20,PTBA,RG,4030,2,D,AI,XC,D
14:34:20,PTBA,RG,4030,2,D,AI,XC,D
14:34:20,PTBA,RG,4030,10,D,AI,XC,D
14:34:20,PTBA,RG,4030,7,D,AI,XC,D
14:34:20,PTBA,RG,4030,28,D,AI,LG,D
14:34:20,PTBA,RG,4030,4,D,AI,XC,D
14:34:20,PTBA,RG,4030,2,D,AI,XC,D
14:34:20,PTBA,RG,4030,1,D,AI,XC,D
14:34:20,PTBA,RG,4030,1,D,AI,XC,D
14:34:20,PTBA,RG,4030,3970,D,AI,BQ,D
14:34:20,PTBA,RG,4030,2,D,AI,PD,D
14:34:20,PTBA,RG,4030,3,D,AI,LG,D
14:34:20,PTBA,RG,4030,10,D,AI,PC,D
14:34:20,PTBA,RG,4030,1,D,AI,PD,D
14:34:20,PTBA,RG,4030,1,D,AI,PD,D
14:34:20,PTBA,RG,4030,33,D,AI,YP,D
14:34:20,PTBA,RG,4030,15,D,AI,DH,D
14:34:20,PTBA,RG,4030,200,D,AI,PD,D
14:34:20,PTBA,RG,4030,5,D,AI,YP,D
14:34:20,PTBA,RG,4030,8,D,AI,CC,D
14:34:20,PTBA,RG,4030,844,D,AI,DX,D
14:34:20,PTBA,RG,4030,1,D,AI,YP,D
14:34:20,PTBA,RG,4030,1,D,AI,NI,D
14:34:20,PTBA,RG,4030,2,D,AI,CC,D
14:34:20,PTBA,RG,4030,2,D,AI,YP,D
14:34:20,PTBA,RG,4030,12,D,AI,CP,D
14:34:20,PTBA,RG,4030,3,D,AI,YP,D
14:34:20,PTBA,RG,4030,2548,D,AI,LG,D
14:34:20,PTBA,RG,4030,452,D,AI,LG,D
14:34:20,PTBA,RG,4030,66,D,AI,CC,D
14:34:20,PTBA,RG,4030,1,D,AI,PD,D
14:34:20,PTBA,RG,4030,4,D,AI,XC,D
14:34:20,PTBA,RG,4030,13,D,AI,PD,D
14:34:20,PTBA,RG,4030,983,D,AI,DX,D
14:34:17,PTBA,RG,4030,6,D,CS,DX,D
14:34:17,PTBA,RG,4020,15,D,AI,XL,D
14:34:13,PTBA,RG,4030,1,D,HP,DX,D
14:34:12,PTBA,RG,4020,99,D,AI,PD,D
14:34:11,PTBA,RG,4020,44,D,AI,YP,D
14:34:05,PTBA,RG,4020,3,D,AI,XC,D
14:34:00,PTBA,RG,4020,100,D,AI,XC,D
14:33:59,PTBA,RG,4030,89,F,ZP,DX,D
14:33:54,PTBA,RG,4030,2,D,CC,DX,D
14:33:49,PTBA,RG,4020,5,D,AI,CC,D
14:33:47,PTBA,RG,4020,393,D,AI,DX,D
14:33:45,PTBA,RG,4020,100,D,AI,PD,D
14:33:42,PTBA,RG,4030,50,D,GR,DX,D
14:33:36,PTBA,RG,4020,10,D,AI,KK,D
14:33:31,PTBA,RG,4020,5,D,AI,PD,D
14:33:23,PTBA,RG,4030,5,D,CC,DX,D
14:33:20,PTBA,RG,4030,1,D,AT,DX,D
14:33:16,PTBA,RG,4030,5,D,YP,DX,D
14:33:15,PTBA,RG,4020,92,D,AI,GR,D
14:33:14,PTBA,RG,4030,53,F,BK,DX,D
14:33:13,PTBA,RG,4030,5,D,GR,DX,D
14:33:06,PTBA,RG,4030,9,D,CS,DX,D
14:33:05,PTBA,RG,4020,30,D,AI,EP,D
14:32:58,PTBA,RG,4030,1,D,XC,DX,D
14:32:56,PTBA,RG,4020,14,D,AI,XL,D
14:32:52,PTBA,RG,4030,87,D,KK,DX,D
14:32:51,PTBA,RG,4030,3,D,NI,DX,D
14:32:49,PTBA,RG,4030,1,D,XL,DX,D
14:32:48,PTBA,RG,4030,35,D,YP,DX,D
14:32:42,PTBA,RG,4030,100,D,XA,DX,D
14:32:40,PTBA,RG,4030,36,F,BK,DX,D
14:32:40,PTBA,RG,4030,1,D,SQ,DX,D
14:32:39,PTBA,RG,4030,1,D,PD,DX,D
14:32:37,PTBA,RG,4020,7,D,AI,PD,D
14:32:36,PTBA,RG,4020,1,D,AI,XC,D
14:32:28,PTBA,RG,4030,6,D,CS,DX,D
14:32:27,PTBA,RG,4030,6,D,CS,DX,D
14:32:24,PTBA,RG,4020,5,D,AI,LG,D
14:32:24,PTBA,RG,4030,1,D,XC,DX,D
14:32:23,PTBA,RG,4030,1,D,YP,DX,D
14:32:23,PTBA,RG,4020,1,D,AI,XC,D
14:32:19,PTBA,RG,4030,92,F,ZP,DX,D
14:32:18,PTBA,RG,4030,5,D,YP,DX,D
14:32:09,PTBA,RG,4020,1,D,AI,XC,D
14:32:08,PTBA,RG,4030,64,D,XC,DX,D
14:32:04,PTBA,RG,4030,50,D,GR,DX,D
14:32:01,PTBA,RG,4030,8,D,CS,DX,D
14:31:57,PTBA,RG,4030,43,F,BK,DX,D
14:31:56,PTBA,RG,4030,1,D,XC,DX,D
14:31:54,PTBA,RG,4030,1,D,SQ,DX,D
14:31:47,PTBA,RG,4030,1,D,NI,DX,D
14:31:42,PTBA,RG,4020,10,D,AI,OD,D
14:31:40,PTBA,RG,4030,1,D,CC,DX,D
14:31:40,PTBA,RG,4020,20,D,AI,PD,D
14:31:39,PTBA,RG,4020,500,D,AI,YP,D
14:31:25,PTBA,RG,4020,3,D,AI,YP,D
14:31:22,PTBA,RG,4020,2,D,AI,SQ,D
14:31:21,PTBA,RG,4020,2,D,AI,YP,D
14:31:17,PTBA,RG,4020,1,D,AI,CC,D
14:31:12,PTBA,RG,4020,200,D,AI,PD,D
14:31:04,PTBA,RG,4020,99,D,AI,ZP,D
14:31:04,PTBA,RG,4020,20,D,AI,ZP,D
14:31:03,PTBA,RG,4030,84,F,ZP,DX,D
14:31:03,PTBA,RG,4020,25,D,AI,EP,D
14:31:03,PTBA,RG,4020,22,D,AI,XC,D
14:31:03,PTBA,RG,4020,10,D,AI,PD,D
14:31:03,PTBA,RG,4020,25,D,AI,OD,D
14:31:03,PTBA,RG,4020,20,D,AI,ZP,D
14:31:03,PTBA,RG,4020,20,D,AI,YP,D
14:31:03,PTBA,RG,4020,4,D,AI,PD,D
14:31:03,PTBA,RG,4020,42,D,AI,KZ,D
14:31:03,PTBA,RG,4020,951,D,AI,DX,D
14:31:03,PTBA,RG,4020,10,D,AI,YP,D
14:31:03,PTBA,RG,4020,7,D,AI,PD,D
14:31:03,PTBA,RG,4020,11,D,AI,AK,F
14:31:03,PTBA,RG,4020,100,D,AI,YP,D
14:31:03,PTBA,RG,4020,1,D,AI,DH,D
14:31:03,PTBA,RG,4020,90,D,AI,OD,D
14:31:03,PTBA,RG,4020,396,D,AI,DX,D
14:31:03,PTBA,RG,4020,5,D,AI,XL,D
14:31:03,PTBA,RG,4020,1,D,AI,PD,D
14:31:03,PTBA,RG,4020,160,D,AI,YP,D
14:31:03,PTBA,RG,4020,3,D,AI,DR,D
14:31:03,PTBA,RG,4020,30,D,AI,CC,D
14:31:03,PTBA,RG,4020,16,D,AI,DH,D
14:31:03,PTBA,RG,4020,99,D,AI,ZP,D
14:31:03,PTBA,RG,4020,7,D,AI,CC,D
14:31:03,PTBA,RG,4020,34,D,AI,NI,D
14:31:03,PTBA,RG,4020,13,D,AI,YP,D
14:31:03,PTBA,RG,4020,3000,D,AI,EP,D
14:31:03,PTBA,RG,4020,20,D,AI,YP,D
14:31:03,PTBA,RG,4020,2,D,AI,PD,D
14:31:03,PTBA,RG,4020,4,D,AI,XC,D
14:31:03,PTBA,RG,4020,12,D,AI,AK,F
14:31:03,PTBA,RG,4020,4,D,AI,IF,D
14:31:03,PTBA,RG,4020,12,D,AI,XC,D
14:31:03,PTBA,RG,4020,5000,D,AI,DX,D
14:31:03,PTBA,RG,4020,2,D,AI,XC,D
14:31:03,PTBA,RG,4020,3,D,AI,HP,D
14:31:03,PTBA,RG,4020,195,D,AI,KK,D
14:31:03,PTBA,RG,4020,1341,D,AI,CC,F
14:31:03,PTBA,RG,4020,2,D,AI,AK,F
14:31:03,PTBA,RG,4020,25,D,AI,OD,D
14:31:03,PTBA,RG,4020,5,D,AI,AZ,D
14:31:03,PTBA,RG,4020,4,D,AI,XC,D
14:31:03,PTBA,RG,4020,15,D,AI,NI,D
14:31:03,PTBA,RG,4020,10,D,AI,GR,D
14:31:03,PTBA,RG,4020,2,D,AI,XC,D
14:31:03,PTBA,RG,4020,7,D,AI,AK,D
14:31:03,PTBA,RG,4020,1,D,AI,XC,D
14:31:03,PTBA,RG,4020,4,D,AI,PD,D
14:31:03,PTBA,RG,4020,6,D,AI,EP,D
14:31:03,PTBA,RG,4020,1,D,AI,PD,D
14:31:03,PTBA,RG,4020,2,D,AI,YU,D
14:31:03,PTBA,RG,4020,13,D,AI,AK,F
14:31:03,PTBA,RG,4020,5,D,AI,PD,D
14:31:03,PTBA,RG,4020,5,D,AI,XC,D
14:31:03,PTBA,RG,4020,2,D,AI,AK,F
14:31:03,PTBA,RG,4020,28,D,AI,KZ,D
14:31:03,PTBA,RG,4020,22,D,AI,PD,D
14:31:03,PTBA,RG,4020,20,D,AI,PD,D
14:31:03,PTBA,RG,4020,500,D,AI,GR,D
14:31:03,PTBA,RG,4020,50,D,AI,PD,D
14:31:03,PTBA,RG,4020,219,D,AI,CC,D
14:31:03,PTBA,RG,4020,3726,D,AI,BB,D
14:31:03,PTBA,RG,4020,5,D,AI,CC,D
14:31:03,PTBA,RG,4020,100,D,AI,RF,D
14:31:03,PTBA,RG,4020,12,D,AI,AK,D
14:31:03,PTBA,RG,4020,20,D,AI,SQ,D
14:31:03,PTBA,RG,4020,1,D,AI,XC,D
14:31:03,PTBA,RG,4020,1256,D,AI,AK,F
14:31:03,PTBA,RG,4020,2,D,AI,XC,D
14:31:03,PTBA,RG,4020,2,D,AI,AK,F
14:31:03,PTBA,RG,4020,5,D,AI,XL,D
14:31:03,PTBA,RG,4020,19,D,AI,AK,F
14:31:03,PTBA,RG,4020,4,D,AI,YU,D
14:31:03,PTBA,RG,4020,2,D,AI,AK,F
14:31:03,PTBA,RG,4020,3,D,AI,YP,D
14:31:03,PTBA,RG,4020,500,D,AI,YP,D
14:31:03,PTBA,RG,4020,4,D,AI,PD,D
14:31:03,PTBA,RG,4020,20,D,AI,CC,D
14:31:03,PTBA,RG,4020,2,D,AI,XC,D
14:31:03,PTBA,RG,4020,87,D,AI,KK,D
14:31:03,PTBA,RG,4020,20,D,AI,YB,D
14:31:03,PTBA,RG,4020,3,D,AI,EP,D
14:31:03,PTBA,RG,4020,286,D,AI,NI,D
14:31:03,PTBA,RG,4020,5,D,AI,ZP,D
14:31:03,PTBA,RG,4020,200,D,AI,KK,D
14:31:03,PTBA,RG,4020,5,D,AI,NI,D
14:31:03,PTBA,RG,4020,20,D,AI,YP,D
14:31:03,PTBA,RG,4020,2,D,AI,XC,D
14:31:03,PTBA,RG,4020,7,D,AI,KZ,D
14:31:03,PTBA,RG,4020,20,D,AI,GR,D
14:31:03,PTBA,RG,4020,2000,D,AI,MG,D
14:31:03,PTBA,RG,4020,27,D,AI,YP,D
14:31:03,PTBA,RG,4020,1,D,AI,XC,D
14:31:03,PTBA,RG,4020,1,D,AI,PD,D
14:31:03,PTBA,RG,4020,20,D,AI,NI,D
14:31:03,PTBA,RG,4020,1,D,AI,AZ,D
14:31:03,PTBA,RG,4020,1000,D,AI,SQ,D
14:31:03,PTBA,RG,4020,5,D,AI,CC,D
14:31:03,PTBA,RG,4020,2,D,AI,YU,D
14:31:03,PTBA,RG,4020,10,D,AI,YP,D
14:31:03,PTBA,RG,4020,7,D,AI,XC,D
14:31:03,PTBA,RG,4020,5,D,AI,PD,D
14:31:03,PTBA,RG,4020,5,D,AI,XA,D
14:31:03,PTBA,RG,4020,15,D,AI,KK,D
14:31:03,PTBA,RG,4020,80,D,AI,PD,D
14:31:03,PTBA,RG,4020,50,D,AI,GR,D
14:31:03,PTBA,RG,4020,20,D,AI,YP,D
14:31:03,PTBA,RG,4020,50,D,AI,GR,D
14:31:03,PTBA,RG,4020,20,D,AI,OD,D
14:31:03,PTBA,RG,4020,70,D,AI,NI,D
14:31:03,PTBA,RG,4020,48,D,AI,YB,D
14:31:03,PTBA,RG,4020,10,D,AI,LG,D
14:31:03,PTBA,RG,4020,3,D,AI,YU,D
14:31:03,PTBA,RG,4020,150,D,AI,ZP,D
14:31:03,PTBA,RG,4020,25,D,AI,LG,D
14:31:03,PTBA,RG,4020,45,D,AI,DH,D
14:31:03,PTBA,RG,4020,1,D,AI,PD,D
14:31:03,PTBA,RG,4020,10,D,AI,SQ,D
14:31:03,PTBA,RG,4020,10,D,AI,YP,D
14:31:03,PTBA,RG,4020,72,D,AI,XC,D
14:31:03,PTBA,RG,4020,3,D,AI,PD,D
14:31:03,PTBA,RG,4020,50,D,AI,CC,D
14:31:03,PTBA,RG,4020,10,D,AI,CC,D
14:31:03,PTBA,RG,4020,4,D,AI,XC,D
14:31:03,PTBA,RG,4020,75,D,AI,XC,D
14:31:03,PTBA,RG,4020,4,D,AI,YP,D
14:31:03,PTBA,RG,4020,6,D,AI,XC,D
14:31:03,PTBA,RG,4020,48,D,AI,YP,D
14:31:03,PTBA,RG,4020,50,D,AI,PD,D
14:31:03,PTBA,RG,4020,4,D,AI,KK,D
14:31:03,PTBA,RG,4020,10,D,AI,YP,D
14:31:03,PTBA,RG,4020,1,D,AI,XL,D
14:31:03,PTBA,RG,4020,310,D,AI,DX,D
14:31:03,PTBA,RG,4020,5,D,AI,SQ,D
14:31:03,PTBA,RG,4020,2,D,AI,PD,D
14:31:03,PTBA,RG,4020,10,D,AI,PD,D
14:31:03,PTBA,RG,4020,100,D,AI,CC,D
14:31:03,PTBA,RG,4020,1,D,AI,XC,D
14:31:03,PTBA,RG,4020,2,D,AI,PD,D
14:31:03,PTBA,RG,4020,1,D,AI,YP,D
14:31:03,PTBA,RG,4020,300,D,AI,GR,D
14:31:03,PTBA,RG,4020,5,D,AI,AZ,D
14:31:03,PTBA,RG,4020,15,D,AI,EP,D
14:31:03,PTBA,RG,4020,13,D,AI,PD,D
14:31:03,PTBA,RG,4020,70,D,AI,NI,D
14:31:03,PTBA,RG,4020,20,D,AI,PD,D
14:31:03,PTBA,RG,4020,2,D,AI,SQ,D
14:31:03,PTBA,RG,4020,2,D,AI,YP,D
14:31:03,PTBA,RG,4020,1,D,AI,NI,D
14:31:03,PTBA,RG,4020,12,D,AI,SQ,D
14:31:03,PTBA,RG,4020,12,D,AI,PD,D
14:31:03,PTBA,RG,4020,32,D,AI,PD,D
14:31:03,PTBA,RG,4020,10,D,AI,CC,D
14:31:03,PTBA,RG,4020,38,D,AI,CC,D
14:31:03,PTBA,RG,4020,1,D,AI,XC,D
14:31:03,PTBA,RG,4020,25,D,AI,CC,D
14:31:03,PTBA,RG,4020,808,D,AI,YP,D
14:31:03,PTBA,RG,4020,2548,D,AI,LG,D
14:31:03,PTBA,RG,4020,72,D,AI,LG,D
14:31:01,PTBA,RG,4020,56,F,BK,LG,D
14:30:59,PTBA,RG,4010,71,D,SQ,PD,D
14:30:58,PTBA,RG,4020,2,D,SQ,LG,D
14:30:55,PTBA,RG,4020,10,D,YP,LG,D
14:30:53,PTBA,RG,4010,3,D,SQ,XL,D
14:30:48,PTBA,RG,4020,8,D,YP,LG,D
14:30:46,PTBA,RG,4020,3,D,YP,LG,D
14:30:40,PTBA,RG,4020,30,D,XA,LG,D
14:30:39,PTBA,RG,4010,32,D,SQ,SQ,D
14:30:37,PTBA,RG,4020,3,D,XC,LG,D
14:30:35,PTBA,RG,4020,11,D,CS,LG,D
14:30:30,PTBA,RG,4020,101,D,GR,LG,D
14:30:30,PTBA,RG,4020,10,D,XC,LG,D
14:30:28,PTBA,RG,4010,71,D,SQ,PD,D
14:30:27,PTBA,RG,4020,23,D,CC,LG,D
14:30:20,PTBA,RG,4020,5,D,XL,LG,D
14:30:19,PTBA,RG,4020,2,D,CC,LG,D
14:30:19,PTBA,RG,4020,2,D,XL,LG,D
14:30:17,PTBA,RG,4020,4,D,YP,LG,D
14:30:12,PTBA,RG,4020,48,F,BK,LG,D
14:30:11,PTBA,RG,4010,1,D,SQ,XC,D
14:30:09,PTBA,RG,4020,2,D,PD,LG,D
14:30:07,PTBA,RG,4020,60,D,GR,LG,D
14:30:07,PTBA,RG,4020,2,D,GR,YP,D
14:30:07,PTBA,RG,4020,1,D,GR,GR,D
14:30:07,PTBA,RG,4020,36,D,GR,PD,D
14:30:04,PTBA,RG,4020,7,D,CS,PD,D
14:30:02,PTBA,RG,4010,100,D,SQ,XL,D
14:29:57,PTBA,RG,4020,1,D,XC,PD,D
14:29:53,PTBA,RG,4010,3,D,SQ,SQ,D
14:29:53,PTBA,RG,4010,10,D,SQ,AG,D
14:29:53,PTBA,RG,4020,8,D,CS,PD,D
14:29:47,PTBA,RG,4010,12,D,SQ,NI,D
14:29:46,PTBA,RG,4020,30,F,BK,PD,D
14:29:45,PTBA,RG,4010,1,D,SQ,XC,D
14:29:43,PTBA,RG,4020,23,D,CC,PD,D
14:29:43,PTBA,RG,4020,20,D,NI,PD,D
14:29:39,PTBA,RG,4020,5,D,YP,PD,D
14:29:33,PTBA,RG,4020,1,D,XC,PD,D
14:29:33,PTBA,RG,4010,15,D,SQ,YP,D
14:29:32,PTBA,RG,4010,80,D,SQ,CC,D
14:29:29,PTBA,RG,4020,40,D,YP,PD,D
14:29:27,PTBA,RG,4020,24,D,XL,PD,D
14:29:26,PTBA,RG,4010,931,D,SQ,DX,D
14:29:25,PTBA,RG,4010,1,D,SQ,XC,D
14:29:19,PTBA,RG,4020,10,D,CS,PD,D
14:29:16,PTBA,RG,4010,75,D,SQ,PD,D
14:29:15,PTBA,RG,4010,66,D,SQ,YP,D
14:29:13,PTBA,RG,4020,4,D,CC,PD,D
14:29:13,PTBA,RG,4020,1,D,XC,PD,D
14:29:13,PTBA,RG,4010,10,D,SQ,XC,D
14:29:12,PTBA,RG,4010,47,D,SQ,XC,D
14:29:11,PTBA,RG,4020,34,F,BK,PD,D
14:29:10,PTBA,RG,4010,71,D,SQ,PD,D
14:29:06,PTBA,RG,4020,45,D,XC,PD,D
14:29:01,PTBA,RG,4010,1,D,SQ,XC,D
14:28:59,PTBA,RG,4020,11,D,CC,PD,D
14:28:59,PTBA,RG,4020,10,D,CC,MG,D
14:28:54,PTBA,RG,4020,25,D,PD,MG,D
14:28:51,PTBA,RG,4020,1,D,XC,MG,D
14:28:50,PTBA,RG,4010,71,D,SQ,PD,D
14:28:49,PTBA,RG,4020,1,D,XC,MG,D
14:28:47,PTBA,RG,4010,1,D,SQ,AZ,D
14:28:44,PTBA,RG,4020,124,D,YP,MG,D
14:28:38,PTBA,RG,4020,32,F,BK,MG,D
14:28:35,PTBA,RG,4010,4,D,SQ,XC,D
14:28:35,PTBA,RG,4010,1,D,SQ,XC,D
14:28:32,PTBA,RG,4010,464,D,SQ,DX,D
14:28:32,PTBA,RG,4020,2,D,PD,MG,D
14:28:26,PTBA,RG,4020,21,D,PD,MG,D
14:28:22,PTBA,RG,4020,1,D,XC,MG,D
14:28:15,PTBA,RG,4020,25,D,CC,MG,D
14:28:14,PTBA,RG,4010,30,D,SQ,KZ,D
14:28:13,PTBA,RG,4020,15,D,ZP,MG,D
14:28:12,PTBA,RG,4020,91,D,YP,MG,D
14:28:11,PTBA,RG,4010,435,D,SQ,BB,D
14:28:06,PTBA,RG,4020,10,D,PD,MG,D
14:28:05,PTBA,RG,4010,100,D,SQ,CC,D
14:28:03,PTBA,RG,4020,3,D,CC,MG,D
14:28:00,PTBA,RG,4010,2,D,SQ,XL,D
14:27:59,PTBA,RG,4020,5,D,YP,MG,D
14:27:58,PTBA,RG,4020,10,D,PD,MG,D
14:27:39,PTBA,RG,4020,3,D,SQ,MG,D
14:27:39,PTBA,RG,4010,187,D,SQ,PD,D
14:27:37,PTBA,RG,4020,270,D,YP,MG,D
14:27:33,PTBA,RG,4020,15,D,NI,MG,D
14:27:31,PTBA,RG,4020,24,D,CC,MG,D
14:27:26,PTBA,RG,4010,1,D,SQ,XC,D
14:27:25,PTBA,RG,4010,20,D,SQ,EP,D
14:27:19,PTBA,RG,4010,1,D,SQ,SQ,D
14:27:10,PTBA,RG,4020,1,D,AZ,MG,D
14:27:05,PTBA,RG,4010,1,D,SQ,PD,D
14:27:02,PTBA,RG,4010,1005,D,SQ,DX,D
14:27:01,PTBA,RG,4020,50,D,NI,MG,D
14:26:59,PTBA,RG,4010,1,D,SQ,CC,D
14:26:56,PTBA,RG,4020,1,D,SQ,MG,D
14:26:56,PTBA,RG,4010,10,D,SQ,CC,D
14:26:56,PTBA,RG,4020,1,D,CC,MG,D
14:26:53,PTBA,RG,4020,3,D,CC,MG,D
14:26:45,PTBA,RG,4020,20,D,CC,MG,D
14:26:40,PTBA,RG,4010,1,D,SQ,SQ,D
14:26:39,PTBA,RG,4010,20,D,SQ,LG,D
14:26:38,PTBA,RG,4010,1,D,SQ,PD,D
14:26:28,PTBA,RG,4020,5,D,YP,MG,D
14:26:28,PTBA,RG,4020,200,D,CC,MG,D
14:26:20,PTBA,RG,4020,5,D,CC,MG,D
14:26:17,PTBA,RG,4020,2,D,CC,MG,D
14:26:14,PTBA,RG,4020,2,D,PD,MG,D
14:26:10,PTBA,RG,4020,1,D,SQ,MG,D
14:26:09,PTBA,RG,4010,6,D,SQ,XL,D
14:26:07,PTBA,RG,4020,20,D,CC,MG,D
14:26:06,PTBA,RG,4010,57,D,SQ,CC,D
14:26:04,PTBA,RG,4010,10,D,SQ,CC,D
14:26:01,PTBA,RG,4020,22,D,CC,MG,D
14:26:01,PTBA,RG,4010,4,D,SQ,XC,D
14:25:59,PTBA,RG,4020,2,D,XC,MG,D
14:25:58,PTBA,RG,4020,3,D,XC,MG,D
14:25:54,PTBA,RG,4020,3,D,IF,MG,D
14:25:51,PTBA,RG,4020,2,D,NI,MG,D
14:25:48,PTBA,RG,4010,483,D,SQ,DX,D
14:25:48,PTBA,RG,4020,4,D,PD,MG,D
14:25:46,PTBA,RG,4010,5,D,SQ,YP,D
14:25:43,PTBA,RG,4020,2,D,CC,MG,D
14:25:43,PTBA,RG,4010,10,D,SQ,DH,D
14:25:39,PTBA,RG,4020,36,D,KK,MG,D
14:25:31,PTBA,RG,4010,44,D,SQ,XC,D
14:25:24,PTBA,RG,4010,2,D,SQ,SQ,D
14:25:17,PTBA,RG,4020,22,D,CC,MG,D
14:25:07,PTBA,RG,4010,20,D,SQ,CC,D
14:25:05,PTBA,RG,4020,1,D,KK,MG,D
14:24:58,PTBA,RG,4010,14,D,SQ,XC,D
14:24:53,PTBA,RG,4010,1,D,SQ,NI,D
14:24:48,PTBA,RG,4020,5,D,YP,MG,D
14:24:47,PTBA,RG,4020,8,D,YP,MG,D
14:24:39,PTBA,RG,4020,1,D,KK,MG,D
14:24:37,PTBA,RG,4020,3,D,CC,MG,D
14:24:37,PTBA,RG,4010,987,D,SQ,DX,D
14:24:37,PTBA,RG,4010,4,D,PD,DX,D
14:24:37,PTBA,RG,4010,136,D,SQ,DX,D
14:24:35,PTBA,RG,4020,24,D,CC,MG,D
14:24:26,PTBA,RG,4010,5,D,SQ,XC,D
14:24:06,PTBA,RG,4010,70,D,SQ,PD,D
14:23:56,PTBA,RG,4020,2,D,LG,MG,D
14:23:49,PTBA,RG,4010,26,D,SQ,NI,D
14:23:49,PTBA,RG,4020,21,D,CC,MG,D
14:23:47,PTBA,RG,4020,10,D,YP,MG,D
14:23:46,PTBA,RG,4020,16,D,XC,MG,D
14:23:41,PTBA,RG,4010,2,D,SQ,YP,D
14:23:38,PTBA,RG,4010,5,D,SQ,XC,D
14:23:31,PTBA,RG,4010,11,D,SQ,XC,D
14:23:27,PTBA,RG,4020,3,D,CC,MG,D
14:23:19,PTBA,RG,4010,71,D,SQ,PD,D
14:23:16,PTBA,RG,4020,1,D,NI,MG,D
14:23:15,PTBA,RG,4010,426,D,SQ,DX,D
14:23:09,PTBA,RG,4010,45,D,SQ,CC,D
14:23:07,PTBA,RG,4020,1,D,XC,MG,D
14:23:05,PTBA,RG,4020,23,D,CC,MG,D
14:23:04,PTBA,RG,4020,15,D,PD,MG,D
14:23:01,PTBA,RG,4010,204,D,SQ,CC,D
14:22:56,PTBA,RG,4020,10,D,KK,MG,D
14:22:55,PTBA,RG,4010,82,D,SQ,PD,D
14:22:54,PTBA,RG,4010,4,D,SQ,PD,D
14:22:54,PTBA,RG,4010,1,D,SQ,XC,D
14:22:49,PTBA,RG,4010,41,D,SQ,CC,D
14:22:39,PTBA,RG,4020,15,D,XC,MG,D
14:22:36,PTBA,RG,4010,1,D,SQ,XC,D
14:22:35,PTBA,RG,4020,62,D,YP,MG,D
14:22:34,PTBA,RG,4020,249,D,KK,MG,D
14:22:25,PTBA,RG,4020,310,D,PD,MG,D
14:22:21,PTBA,RG,4020,20,D,CC,MG,D
14:22:21,PTBA,RG,4020,1,D,XC,MG,D
14:22:19,PTBA,RG,4020,3,D,CC,MG,D
14:22:19,PTBA,RG,4010,100,D,SQ,NI,D
14:22:17,PTBA,RG,4010,100,D,SQ,CC,D
14:22:17,PTBA,RG,4010,70,D,SQ,PD,D
14:22:15,PTBA,RG,4020,5,D,YP,MG,D
14:22:05,PTBA,RG,4010,600,D,SQ,DX,D
14:22:05,PTBA,RG,4010,1,D,PD,DX,D
14:22:05,PTBA,RG,4010,1,D,PC,DX,D
14:22:05,PTBA,RG,4010,1,D,AT,DX,D
14:22:05,PTBA,RG,4010,5,D,OD,DX,D
14:22:05,PTBA,RG,4010,100,D,YU,DX,D
14:22:05,PTBA,RG,4010,50,D,HP,DX,D
14:22:05,PTBA,RG,4010,1,D,CC,DX,D
14:22:05,PTBA,RG,4010,1,D,YP,DX,D
14:22:05,PTBA,RG,4010,2,D,PD,DX,D
14:22:05,PTBA,RG,4010,80,D,MK,DX,D
14:22:05,PTBA,RG,4010,77,D,MK,DX,D
14:22:05,PTBA,RG,4010,2,D,PD,DX,D
14:22:05,PTBA,RG,4010,44,D,MK,DX,D
14:22:05,PTBA,RG,4010,14,D,MK,DX,D
14:22:02,PTBA,RG,4010,1,D,MK,XC,D
14:21:49,PTBA,RG,4010,1,D,MK,XL,D
14:21:49,PTBA,RG,4010,17,D,MK,XC,D
14:21:49,PTBA,RG,4010,3,D,MK,XC,D
14:21:42,PTBA,RG,4010,10,D,MK,CC,D
14:21:41,PTBA,RG,4010,20,D,MK,DH,D
14:21:40,PTBA,RG,4010,44,D,MK,CC,D
14:21:40,PTBA,RG,4010,77,D,MK,CC,D
14:21:40,PTBA,RG,4010,2,D,YP,CC,D
14:21:40,PTBA,RG,4010,7,F,BK,CC,D
14:21:35,PTBA,RG,4020,21,D,CC,MG,D
14:21:34,PTBA,RG,4020,1,D,XC,MG,D
14:21:21,PTBA,RG,4010,29,F,BK,CP,D
14:21:21,PTBA,RG,4010,2,D,XL,CP,D
14:21:21,PTBA,RG,4010,1,D,CC,CP,D
14:21:21,PTBA,RG,4010,13,F,DX,CP,D
14:21:13,PTBA,RG,4010,10,F,DX,CC,D
14:21:09,PTBA,RG,4020,2,D,CC,MG,D
14:21:08,PTBA,RG,4010,9,F,DX,YJ,D
14:21:08,PTBA,RG,4010,26,D,XC,YJ,D
14:21:08,PTBA,RG,4010,5,D,GR,YJ,D
14:21:08,PTBA,RG,4010,10,D,YP,YJ,D
14:21:08,PTBA,RG,4010,5,D,LG,YJ,D
14:21:08,PTBA,RG,4010,5,D,YP,YJ,D
14:21:08,PTBA,RG,4010,57,D,YP,YJ,D
14:21:08,PTBA,RG,4010,1,D,CC,YJ,D
14:21:08,PTBA,RG,4010,2,D,OD,YJ,D
14:21:08,PTBA,RG,4010,10,D,BQ,YJ,D
14:21:08,PTBA,RG,4010,4,D,CC,YJ,D
14:21:08,PTBA,RG,4010,15,F,CS,YJ,D
14:21:08,PTBA,RG,4010,1,D,CS,YJ,D
14:21:08,PTBA,RG,4010,8,D,CS,YJ,D
14:21:08,PTBA,RG,4010,35,D,DH,YJ,D
14:21:08,PTBA,RG,4010,3,D,TF,YJ,D
14:21:08,PTBA,RG,4010,1,D,PD,YJ,D
14:21:08,PTBA,RG,4010,100,D,CP,YJ,D
14:21:08,PTBA,RG,4010,1,D,XC,YJ,D
14:21:08,PTBA,RG,4010,1,D,XL,YJ,D
14:21:08,PTBA,RG,4010,25,D,CC,YJ,D
14:21:08,PTBA,RG,4010,25,D,AI,YJ,D
14:21:08,PTBA,RG,4010,19,D,YP,YJ,D
14:21:08,PTBA,RG,4010,68,D,XA,YJ,D
14:21:08,PTBA,RG,4010,2,D,CC,YJ,D
14:21:08,PTBA,RG,4010,20,D,XA,YJ,D
14:21:08,PTBA,RG,4010,125,D,XA,YJ,D
14:21:08,PTBA,RG,4010,15,D,OD,YJ,D
14:21:08,PTBA,RG,4010,1,D,XC,YJ,D
14:21:08,PTBA,RG,4010,30,D,YP,YJ,D
14:21:08,PTBA,RG,4010,5,D,NI,YJ,D
14:21:08,PTBA,RG,4010,1,D,KK,YJ,D
14:21:08,PTBA,RG,4010,10,D,XC,YJ,D
14:21:08,PTBA,RG,4010,55,D,DH,YJ,D
14:21:08,PTBA,RG,4010,25,D,YP,YJ,D
14:21:08,PTBA,RG,4010,50,D,PD,YJ,D
14:21:08,PTBA,RG,4010,50,D,YP,YJ,D
14:21:08,PTBA,RG,4010,2,D,XA,YJ,D
14:21:08,PTBA,RG,4010,27,F,DX,YJ,D
14:21:08,PTBA,RG,4010,2,D,XL,YJ,D
14:21:08,PTBA,RG,4010,50,D,XL,YJ,D
14:21:08,PTBA,RG,4010,2,F,AK,YJ,D
14:21:08,PTBA,RG,4010,6,D,YP,YJ,D
14:21:08,PTBA,RG,4010,1,D,XC,YJ,D
14:21:08,PTBA,RG,4010,10,D,PD,YJ,D
14:21:08,PTBA,RG,4010,18,D,YP,YJ,D
14:21:08,PTBA,RG,4010,34,D,YP,YJ,D
14:21:08,PTBA,RG,4010,5,D,YP,YJ,D
14:21:08,PTBA,RG,4010,20,D,AZ,YJ,D
14:21:08,PTBA,RG,4010,2,D,YP,YJ,D
14:21:08,PTBA,RG,4010,1,D,CC,YJ,D
14:21:08,PTBA,RG,4010,125,D,XA,YJ,D
14:21:08,PTBA,RG,4010,3,D,PD,YJ,D
14:21:08,PTBA,RG,4010,3,D,CC,YJ,D
14:21:08,PTBA,RG,4010,22,D,XA,YJ,D
14:21:08,PTBA,RG,4010,20,D,AZ,YJ,D
14:21:08,PTBA,RG,4010,1,D,CC,YJ,D
14:21:08,PTBA,RG,4010,50,D,XA,YJ,D
14:21:08,PTBA,RG,4010,1,D,XA,YJ,D
14:21:08,PTBA,RG,4010,5,D,EP,YJ,D
14:21:08,PTBA,RG,4010,162,D,XA,YJ,D
14:21:08,PTBA,RG,4010,1,D,XA,YJ,D
14:21:08,PTBA,RG,4010,7,D,CS,YJ,D
14:21:08,PTBA,RG,4010,40,D,DH,YJ,D
14:21:08,PTBA,RG,4010,50,F,ZP,YJ,D
14:21:08,PTBA,RG,4010,3,D,CS,YJ,D
14:21:08,PTBA,RG,4010,5,D,CS,YJ,D
14:21:08,PTBA,RG,4010,4,D,YP,YJ,D
14:21:08,PTBA,RG,4010,683,D,MG,YJ,D
14:21:07,PTBA,RG,4010,14,D,MG,XC,D
14:21:06,PTBA,RG,4020,2,D,BQ,MG,D
14:21:02,PTBA,RG,4010,5,D,MG,SQ,D
14:21:02,PTBA,RG,4010,10,D,MG,KK,D
14:21:00,PTBA,RG,4020,1,D,PC,MG,D
14:20:59,PTBA,RG,4020,1,D,XC,MG,D
14:20:53,PTBA,RG,4020,24,D,CC,MG,D
14:20:47,PTBA,RG,4010,200,D,MG,PD,D
14:20:47,PTBA,RG,4010,1,D,MG,XC,D
14:20:41,PTBA,RG,4010,1,D,MG,XC,D
14:20:26,PTBA,RG,4010,1,D,MG,PD,D
14:20:25,PTBA,RG,4010,2,D,MG,PD,D
14:20:09,PTBA,RG,4020,25,D,CC,MG,D
14:20:03,PTBA,RG,4010,2,D,MG,SQ,D
14:20:01,PTBA,RG,4010,35,D,MG,PD,D
14:20:01,PTBA,RG,4020,3,D,CC,MG,D
14:19:59,PTBA,RG,4010,16,D,MG,CC,D
14:19:58,PTBA,RG,4010,1,D,MG,CC,D
14:19:52,PTBA,RG,4010,5,D,MG,PD,D
14:19:50,PTBA,RG,4010,4,D,MG,XL,D
14:19:38,PTBA,RG,4010,24,D,MG,CC,D
14:19:37,PTBA,RG,4010,1,D,MG,CC,D
14:19:33,PTBA,RG,4010,64,D,MG,OD,D
14:19:30,PTBA,RG,4010,3,D,MG,PD,D
14:19:26,PTBA,RG,4020,7,D,YP,MG,D
14:19:23,PTBA,RG,4020,24,D,CC,MG,D
14:19:12,PTBA,RG,4010,7,D,MG,YP,D
14:19:11,PTBA,RG,4010,1,D,MG,DX,D
14:19:06,PTBA,RG,4010,100,D,MG,YB,D
14:19:04,PTBA,RG,4010,2,D,MG,XC,D
14:19:02,PTBA,RG,4010,49,D,MG,DR,D
14:18:59,PTBA,RG,4010,40,D,MG,CC,D
14:18:59,PTBA,RG,4010,1,D,MG,YP,D
14:18:56,PTBA,RG,4010,1,D,MG,XC,D
14:18:54,PTBA,RG,4010,97,D,MG,OD,D
14:18:54,PTBA,RG,4010,10,D,MG,DR,D
14:18:49,PTBA,RG,4010,1,D,MG,YP,D
14:18:48,PTBA,RG,4010,200,D,MG,PD,D
14:18:47,PTBA,RG,4010,5,D,MG,AK,D
14:18:47,PTBA,RG,4010,2,D,MG,XC,D
14:18:47,PTBA,RG,4010,13,D,MG,XL,D
14:18:47,PTBA,RG,4010,2,D,MG,XL,D
14:18:47,PTBA,RG,4010,1,D,MG,CC,D
14:18:47,PTBA,RG,4010,17,D,MG,PD,D
14:18:47,PTBA,RG,4010,379,D,MG,DX,D
14:18:46,PTBA,RG,4010,20,D,YP,DX,D
14:18:45,PTBA,RG,4010,1,D,EP,DX,D
14:18:44,PTBA,RG,4010,1,D,PD,DX,D
14:18:42,PTBA,RG,4000,1,D,YP,XL,D
14:18:40,PTBA,RG,4010,3,D,XL,DX,D
14:18:38,PTBA,RG,4010,1,D,XC,DX,D
14:18:38,PTBA,RG,4010,2,D,DH,YP,D
14:18:38,PTBA,RG,4010,48,D,DH,LG,D
14:18:37,PTBA,RG,4010,200,D,SQ,LG,D
14:18:36,PTBA,RG,4010,1,D,EP,LG,D
14:18:36,PTBA,RG,4010,2,D,XA,LG,D
14:18:35,PTBA,RG,4010,1,D,XC,LG,D
14:18:34,PTBA,RG,4010,30,D,OD,LG,D
14:18:34,PTBA,RG,4010,117,D,XA,LG,D
14:18:32,PTBA,RG,4010,1,D,YP,LG,D
14:18:32,PTBA,RG,4010,5,D,YP,LG,D
14:18:32,PTBA,RG,4010,5,D,XL,LG,D
14:18:31,PTBA,RG,4010,100,D,NI,LG,D
14:18:31,PTBA,RG,4010,5,D,EP,LG,D
14:18:30,PTBA,RG,4010,25,D,PD,LG,D
14:18:29,PTBA,RG,4010,5,D,YP,LG,D
14:18:28,PTBA,RG,4010,1,D,PD,LG,D
14:18:28,PTBA,RG,4010,20,D,CC,LG,D
14:18:28,PTBA,RG,4010,40,D,XA,LG,D
14:18:27,PTBA,RG,4010,30,D,CC,LG,D
14:18:25,PTBA,RG,4010,31,D,PD,LG,D
14:18:25,PTBA,RG,4000,86,D,YP,XC,D
14:18:24,PTBA,RG,4010,2,D,XA,LG,D
14:18:23,PTBA,RG,4010,80,D,DH,LG,D
14:18:23,PTBA,RG,4010,189,D,YP,LG,D
14:18:22,PTBA,RG,4010,10,D,XC,LG,D
