Time,Stock,Brd,Price,Qty,BT,BC,SC,ST
15:14:42,PTBA,RG,3640,2,D,PD,XC,D
15:14:00,PTBA,RG,3640,40,D,PD,YP,D
15:13:56,PTBA,RG,3640,28,D,PD,CC,D
15:13:33,PTBA,RG,3640,60,D,PD,YP,D
15:12:16,PTBA,RG,3640,50,D,PD,GR,D
15:11:34,PTBA,RG,3640,37,D,PD,DX,D
15:11:34,PTBA,RG,3640,1,D,XC,DX,D
15:11:34,PTBA,RG,3640,5,D,YP,DX,D
15:11:34,PTBA,RG,3640,1,D,XC,DX,D
15:11:34,PTBA,RG,3640,1,D,PD,DX,D
15:11:34,PTBA,RG,3640,5,D,YP,DX,D
15:11:34,PTBA,RG,3640,5,D,PD,DX,D
15:11:34,PTBA,RG,3640,5,D,YP,DX,D
15:11:34,PTBA,RG,3640,2,D,YP,DX,D
15:11:34,PTBA,RG,3640,1,D,XC,DX,D
15:11:34,PTBA,RG,3640,1,D,XC,DX,D
15:11:34,PTBA,RG,3640,1,D,XL,DX,D
15:11:34,PTBA,RG,3640,20,D,XL,DX,D
15:11:34,PTBA,RG,3640,5,D,CC,DX,D
15:11:34,PTBA,RG,3640,10,D,PD,DX,D
15:11:34,PTBA,RG,3640,5,D,EP,DX,D
15:11:34,PTBA,RG,3640,10,D,NI,DX,D
15:11:34,PTBA,RG,3640,5,D,PD,DX,D
15:11:34,PTBA,RG,3640,8,D,PD,DX,D
15:11:34,PTBA,RG,3640,1,D,NI,DX,D
15:11:34,PTBA,RG,3640,5,D,YP,DX,D
15:11:34,PTBA,RG,3640,10,D,YP,DX,D
15:11:34,PTBA,RG,3640,1,D,PD,DX,D
15:11:34,PTBA,RG,3640,3,D,CC,DX,D
15:11:34,PTBA,RG,3640,10,D,PD,DX,D
15:11:34,PTBA,RG,3640,1,D,XL,DX,D
15:11:34,PTBA,RG,3640,1,D,PD,DX,D
15:11:34,PTBA,RG,3640,1,D,PD,DX,D
15:11:34,PTBA,RG,3640,2,D,PD,DX,D
15:11:34,PTBA,RG,3640,2,D,PD,DX,D
15:11:34,PTBA,RG,3640,10,D,DH,DX,D
15:11:34,PTBA,RG,3640,10,D,AG,DX,D
15:11:34,PTBA,RG,3640,1,D,NI,DX,D
15:11:34,PTBA,RG,3640,1,D,XC,DX,D
15:11:34,PTBA,RG,3640,5,D,NI,DX,D
15:11:34,PTBA,RG,3640,5,D,YP,DX,D
15:11:34,PTBA,RG,3640,1,D,NI,DX,D
15:11:34,PTBA,RG,3640,2,D,CC,DX,D
15:10:29,PTBA,RG,3640,1,D,PD,YP,D
15:10:29,PTBA,RG,3640,4,D,SQ,YP,D
15:09:15,PTBA,RG,3640,1,D,CC,YP,D
15:09:15,PTBA,RG,3640,1,D,CC,YP,D
15:09:15,PTBA,RG,3640,5,D,OD,YP,D
15:09:15,PTBA,RG,3640,5,D,SQ,YP,D
15:09:15,PTBA,RG,3640,8,D,XL,YP,D
15:09:15,PTBA,RG,3640,5,D,YP,YP,D
15:09:15,PTBA,RG,3640,1,D,XL,YP,D
15:09:15,PTBA,RG,3640,10,D,XC,YP,D
15:09:15,PTBA,RG,3640,400,D,CC,YP,D
15:09:15,PTBA,RG,3640,1,D,PD,YP,D
15:09:15,PTBA,RG,3640,3,D,NI,YP,D
15:09:15,PTBA,RG,3640,5,D,PD,YP,D
15:09:15,PTBA,RG,3640,1,D,PD,YP,D
15:09:15,PTBA,RG,3640,1,D,XC,YP,D
15:09:15,PTBA,RG,3640,50,D,XL,YP,D
15:09:15,PTBA,RG,3640,2,D,CC,YP,D
15:09:15,PTBA,RG,3640,1,D,DH,YP,D
15:09:09,PTBA,RG,3640,1,D,YP,XC,D
15:09:09,PTBA,RG,3640,1,D,YP,XC,D
15:08:44,PTBA,RG,3640,1,D,YP,XC,D
15:08:04,PTBA,RG,3640,1,D,XC,XC,D
15:08:04,PTBA,RG,3640,2,D,SQ,XC,D
15:08:04,PTBA,RG,3640,1,D,NI,XC,D
15:08:04,PTBA,RG,3640,8,D,EP,XC,D
15:05:27,PTBA,RG,3640,36,D,EP,CC,D
15:05:27,PTBA,RG,3640,1,D,XC,CC,D
15:05:27,PTBA,RG,3640,1,D,NI,CC,D
15:05:27,PTBA,RG,3640,20,D,NI,CC,D
15:05:27,PTBA,RG,3640,2,D,AT,CC,D
15:05:27,PTBA,RG,3640,1,D,YP,CC,D
15:05:27,PTBA,RG,3640,1,D,PD,CC,D
15:05:27,PTBA,RG,3640,2,D,PD,CC,D
15:05:27,PTBA,RG,3640,11,D,PD,CC,D
15:05:18,PTBA,RG,3640,89,D,PD,YP,D
15:05:18,PTBA,RG,3640,2,D,PD,YP,D
15:05:18,PTBA,RG,3640,1,D,AZ,YP,D
15:05:18,PTBA,RG,3640,10,D,PD,YP,D
15:05:18,PTBA,RG,3640,1,D,XC,YP,D
15:05:18,PTBA,RG,3640,5,D,XC,YP,D
15:05:18,PTBA,RG,3640,1,D,CC,YP,D
15:05:18,PTBA,RG,3640,60,D,DR,YP,D
15:05:18,PTBA,RG,3640,2,D,XL,YP,D
15:05:18,PTBA,RG,3640,1,D,XC,YP,D
15:05:18,PTBA,RG,3640,50,D,PD,YP,D
15:05:18,PTBA,RG,3640,2,D,PD,YP,D
15:05:18,PTBA,RG,3640,1,D,PD,YP,D
15:05:18,PTBA,RG,3640,5,D,XL,YP,D
15:05:18,PTBA,RG,3640,1,D,XL,YP,D
15:05:18,PTBA,RG,3640,2,D,XC,YP,D
15:05:18,PTBA,RG,3640,1,D,CC,YP,D
15:05:18,PTBA,RG,3640,1,D,XC,YP,D
15:05:18,PTBA,RG,3640,3,D,XC,YP,D
15:05:18,PTBA,RG,3640,3,D,XC,YP,D
15:05:18,PTBA,RG,3640,1,D,YP,YP,D
15:05:18,PTBA,RG,3640,1,D,XC,YP,D
15:05:18,PTBA,RG,3640,7,D,YP,YP,D
15:05:18,PTBA,RG,3640,1,D,XL,YP,D
15:05:18,PTBA,RG,3640,1,D,XL,YP,D
15:05:18,PTBA,RG,3640,1,D,XC,YP,D
15:05:18,PTBA,RG,3640,10,D,XC,YP,D
15:05:18,PTBA,RG,3640,5,D,YP,YP,D
15:05:18,PTBA,RG,3640,5,D,YP,YP,D
15:05:18,PTBA,RG,3640,2,D,YP,YP,D
15:05:18,PTBA,RG,3640,1,D,YP,YP,D
15:05:18,PTBA,RG,3640,3,D,XL,YP,D
15:05:18,PTBA,RG,3640,1,D,OD,YP,D
15:05:18,PTBA,RG,3640,1,D,PD,YP,D
15:05:18,PTBA,RG,3640,500,D,LS,YP,D
15:05:18,PTBA,RG,3640,1,D,PD,YP,D
15:05:18,PTBA,RG,3640,16,D,PD,YP,D
15:05:18,PTBA,RG,3640,3,D,PD,YP,D
15:05:18,PTBA,RG,3640,5,D,PD,YP,D
15:05:18,PTBA,RG,3640,3,D,PD,YP,D
15:05:18,PTBA,RG,3640,1,D,PD,YP,D
15:05:18,PTBA,RG,3640,1,D,YP,YP,D
15:05:18,PTBA,RG,3640,1,D,XL,YP,D
15:05:18,PTBA,RG,3640,1,D,CC,YP,D
15:05:18,PTBA,RG,3640,1,D,CC,YP,D
15:05:18,PTBA,RG,3640,150,D,AT,YP,D
15:05:18,PTBA,RG,3640,100,D,KK,YP,D
15:05:18,PTBA,RG,3640,10,D,PD,YP,D
15:05:18,PTBA,RG,3640,1,D,KK,YP,D
15:05:18,PTBA,RG,3640,1,D,KK,YP,D
15:05:18,PTBA,RG,3640,2,D,DR,YP,D
15:05:18,PTBA,RG,3640,5,D,NI,YP,D
15:05:18,PTBA,RG,3640,42,D,ZP,YP,D
15:05:03,PTBA,RG,3640,58,D,ZP,CC,D
15:05:03,PTBA,RG,3640,42,D,KK,CC,D
15:04:25,PTBA,RG,3640,2,D,KK,XL,D
15:04:22,PTBA,RG,3640,1,D,KK,EP,D
15:03:18,PTBA,RG,3640,27,D,KK,YP,D
15:02:25,PTBA,RG,3640,202,D,KK,YP,D
15:02:25,PTBA,RG,3640,4,D,DX,YP,D
15:02:25,PTBA,RG,3640,25,D,DR,YP,D
15:02:25,PTBA,RG,3640,1,D,PD,YP,D
15:02:25,PTBA,RG,3640,2,D,KK,YP,D
15:02:25,PTBA,RG,3640,16,D,KK,YP,D
15:02:21,PTBA,RG,3640,14,D,KK,NI,D
15:02:21,PTBA,RG,3640,1,D,AG,NI,D
15:02:21,PTBA,RG,3640,5,D,CP,NI,D
15:02:21,PTBA,RG,3640,2,D,DH,NI,D
15:02:21,PTBA,RG,3640,1,D,BQ,NI,D
15:02:21,PTBA,RG,3640,10,D,CP,NI,D
15:02:21,PTBA,RG,3640,2,D,MG,NI,D
15:02:21,PTBA,RG,3640,2,D,YU,NI,D
15:02:21,PTBA,RG,3640,2,D,KK,NI,D
15:02:21,PTBA,RG,3640,3,D,NI,NI,D
15:02:20,PTBA,RG,3640,1,D,NI,YP,D
15:02:16,PTBA,RG,3640,1,D,NI,PD,D
15:02:10,PTBA,RG,3640,5,D,NI,YP,D
15:02:10,PTBA,RG,3640,1,D,XC,YP,D
15:02:10,PTBA,RG,3640,1,D,PD,YP,D
15:02:10,PTBA,RG,3640,1,D,PD,YP,D
15:02:10,PTBA,RG,3640,5,D,OD,YP,D
15:02:10,PTBA,RG,3640,1,D,NI,YP,D
15:02:10,PTBA,RG,3640,1,D,NI,YP,D
15:02:10,PTBA,RG,3640,2,D,CC,YP,D
15:02:10,PTBA,RG,3640,21,D,LG,YP,D
15:02:10,PTBA,RG,3640,5,D,YP,YP,D
15:02:10,PTBA,RG,3640,10,D,PD,YP,D
15:02:10,PTBA,RG,3640,10,D,YP,YP,D
15:02:10,PTBA,RG,3640,1,D,NI,YP,D
15:02:10,PTBA,RG,3640,20,D,PD,YP,D
15:02:10,PTBA,RG,3640,1,D,PD,YP,D
15:02:10,PTBA,RG,3640,1,D,YB,YP,D
15:02:10,PTBA,RG,3640,2,D,NI,YP,D
15:02:10,PTBA,RG,3640,1,D,YP,YP,D
15:02:10,PTBA,RG,3640,1,D,XC,YP,D
15:02:10,PTBA,RG,3640,10,D,NI,YP,D
15:02:10,PTBA,RG,3640,25,D,NI,YP,D
15:02:10,PTBA,RG,3640,100,D,YP,YP,D
15:02:10,PTBA,RG,3640,1,D,NI,YP,D
15:02:10,PTBA,RG,3640,1,D,PD,YP,D
15:02:10,PTBA,RG,3640,2,D,DR,YP,D
15:02:10,PTBA,RG,3640,20,D,LG,YP,D
15:02:10,PTBA,RG,3640,1,D,SQ,YP,D
15:02:10,PTBA,RG,3640,1,D,XC,YP,D
15:02:10,PTBA,RG,3640,1,D,XC,YP,D
15:02:10,PTBA,RG,3640,325,F,TP,YP,D
15:01:39,PTBA,RG,3640,12,F,TP,PD,D
15:01:18,PTBA,RG,3640,25,F,TP,CC,D
15:01:15,PTBA,RG,3640,10,F,TP,PD,D
15:00:00,PTBA,RG,3640,38,F,TP,YP,D
15:00:00,PTBA,RG,3640,2,F,TP,PD,D
15:00:00,PTBA,RG,3640,15,F,TP,XC,D
15:00:00,PTBA,RG,3640,30,F,TP,YB,D
15:00:00,PTBA,RG,3640,165,F,TP,NI,D
15:00:00,PTBA,RG,3640,2,F,TP,YP,D
15:00:00,PTBA,RG,3640,3,F,TP,DR,D
15:00:00,PTBA,RG,3640,50,F,TP,SQ,D
15:00:00,PTBA,RG,3640,100,F,TP,YP,D
15:00:00,PTBA,RG,3640,100,F,TP,NI,D
15:00:00,PTBA,RG,3640,5,F,TP,XL,D
15:00:00,PTBA,RG,3640,240,F,TP,YP,D
15:00:00,PTBA,RG,3640,1,F,TP,YP,D
15:00:00,PTBA,RG,3640,10,F,TP,YB,D
15:00:00,PTBA,RG,3640,430,F,TP,EP,D
15:00:00,PTBA,RG,3640,437,F,TP,MG,D
15:00:00,PTBA,RG,3640,2,D,GR,MG,D
15:00:00,PTBA,RG,3640,2,D,YP,MG,D
15:00:00,PTBA,RG,3640,10,D,KK,MG,D
15:00:00,PTBA,RG,3640,2,D,DR,MG,D
15:00:00,PTBA,RG,3640,5,D,YP,MG,D
15:00:00,PTBA,RG,3640,1,D,DH,MG,D
15:00:00,PTBA,RG,3640,2,D,KK,MG,D
15:00:00,PTBA,RG,3640,10,D,CC,MG,D
15:00:00,PTBA,RG,3640,5,D,KK,MG,D
15:00:00,PTBA,RG,3640,1,D,SQ,MG,D
15:00:00,PTBA,RG,3640,10,D,XC,MG,D
15:00:00,PTBA,RG,3640,2,D,YP,MG,D
15:00:00,PTBA,RG,3640,8,D,YP,YP,D
15:00:00,PTBA,RG,3640,2,D,YU,YP,D
15:00:00,PTBA,RG,3640,1,D,YU,GR,D
15:00:00,PTBA,RG,3640,7,D,YU,OD,D
15:00:00,PTBA,RG,3640,3,D,CC,OD,D
15:00:00,PTBA,RG,3640,1,D,YP,OD,D
15:00:00,PTBA,RG,3640,259,D,KK,OD,D
15:00:00,PTBA,RG,3640,41,D,KK,BK,F
15:00:00,PTBA,RG,3640,1,D,XC,BK,F
15:00:00,PTBA,RG,3640,1,D,NI,BK,F
15:00:00,PTBA,RG,3640,1,D,XL,BK,F
15:00:00,PTBA,RG,3640,30,D,YP,BK,F
15:00:00,PTBA,RG,3640,15,D,YP,BK,F
15:00:00,PTBA,RG,3640,1,D,NI,BK,F
15:00:00,PTBA,RG,3640,1,D,NI,BK,F
15:00:00,PTBA,RG,3640,100,D,DH,BK,F
15:00:00,PTBA,RG,3640,1,D,CC,BK,F
15:00:00,PTBA,RG,3640,250,D,DR,BK,F
15:00:00,PTBA,RG,3640,27,D,YB,BK,F
15:00:00,PTBA,RG,3640,4,D,YP,BK,F
15:00:00,PTBA,RG,3640,3,D,PD,BK,F
15:00:00,PTBA,RG,3640,1,D,AT,BK,F
15:00:00,PTBA,RG,3640,120,F,ZP,BK,F
15:00:00,PTBA,RG,3640,28,F,ZP,ZP,F
15:00:00,PTBA,RG,3640,2,F,ZP,CC,D
15:00:00,PTBA,RG,3640,6,F,ZP,CC,D
15:00:00,PTBA,RG,3640,23,F,ZP,BB,D
15:00:00,PTBA,RG,3640,3,F,ZP,LG,D
15:00:00,PTBA,RG,3640,9,F,ZP,LG,D
15:00:00,PTBA,RG,3640,15,F,ZP,DP,D
15:00:00,PTBA,RG,3640,56,F,ZP,LG,D
15:00:00,PTBA,RG,3640,2,F,ZP,LG,D
15:00:00,PTBA,RG,3640,3,F,BK,LG,D
15:00:00,PTBA,RG,3640,1,F,AK,LG,D
15:00:00,PTBA,RG,3640,10,F,AK,LG,D
15:00:00,PTBA,RG,3640,187,D,RX,LG,D
15:00:00,PTBA,RG,3640,16,D,NI,LG,D
14:49:30,PTBA,RG,3640,8,D,KK,YP,D
14:49:30,PTBA,RG,3640,1,D,XL,YP,D
14:49:30,PTBA,RG,3640,2,D,DR,YP,D
14:49:26,PTBA,RG,3650,5,D,YP,YP,D
14:49:20,PTBA,RG,3650,14,D,XC,YP,D
14:49:15,PTBA,RG,3650,1,F,AK,YP,D
14:49:11,PTBA,RG,3640,47,D,DR,CC,D
14:49:06,PTBA,RG,3650,25,D,CC,YP,D
14:49:06,PTBA,RG,3640,1,D,DR,SQ,D
14:49:06,PTBA,RG,3640,4,D,PD,SQ,D
14:49:05,PTBA,RG,3640,21,D,PD,ZP,F
14:49:05,PTBA,RG,3640,2,D,PD,CC,D
14:49:02,PTBA,RG,3650,1,D,YP,YP,D
14:49:00,PTBA,RG,3650,2,F,BK,YP,D
14:48:58,PTBA,RG,3640,1,D,PD,AK,F
14:48:56,PTBA,RG,3650,1,D,NI,YP,D
14:48:50,PTBA,RG,3650,1,D,YP,YP,D
14:48:48,PTBA,RG,3640,6,D,PD,HD,D
14:48:45,PTBA,RG,3650,1,F,AK,YP,D
14:48:43,PTBA,RG,3650,1,D,PD,YP,D
14:48:42,PTBA,RG,3650,2,D,YP,YP,D
14:48:33,PTBA,RG,3650,1,D,DH,YP,D
14:48:24,PTBA,RG,3650,10,D,DH,YP,D
14:48:24,PTBA,RG,3650,30,D,SQ,YP,D
14:48:21,PTBA,RG,3640,66,D,PD,CC,D
14:48:21,PTBA,RG,3640,1,D,CC,CC,D
14:48:21,PTBA,RG,3640,2,D,YU,CC,D
14:48:21,PTBA,RG,3640,1,D,PD,CC,D
14:48:21,PTBA,RG,3640,1,D,PD,CC,D
14:48:21,PTBA,RG,3640,1,D,NI,CC,D
14:48:21,PTBA,RG,3640,3,D,XL,CC,D
14:48:21,PTBA,RG,3640,10,D,YP,CC,D
14:48:21,PTBA,RG,3640,1,D,NI,CC,D
14:48:21,PTBA,RG,3640,14,F,ZP,CC,D
14:48:19,PTBA,RG,3650,1,D,NI,YP,D
14:48:17,PTBA,RG,3650,88,D,CC,YP,D
14:48:17,PTBA,RG,3650,9,D,NI,YP,D
14:48:15,PTBA,RG,3650,1,F,AK,YP,D
14:48:14,PTBA,RG,3650,25,D,EP,YP,D
14:48:13,PTBA,RG,3650,5,D,XL,YP,D
14:48:10,PTBA,RG,3650,2,D,CC,YP,D
14:48:02,PTBA,RG,3650,14,D,SS,YP,D
14:48:00,PTBA,RG,3650,1,F,AK,YP,D
14:47:46,PTBA,RG,3650,297,D,FZ,YP,D
14:47:41,PTBA,RG,3640,5,F,ZP,XC,D
14:47:30,PTBA,RG,3650,1,F,AK,YP,D
14:47:28,PTBA,RG,3640,1,F,ZP,PD,D
14:47:27,PTBA,RG,3640,3,F,ZP,YP,D
14:47:23,PTBA,RG,3650,14,D,YB,YP,D
14:47:03,PTBA,RG,3640,1,F,ZP,CC,D
14:46:37,PTBA,RG,3650,2,D,NI,YP,D
14:46:33,PTBA,RG,3650,10,D,XL,YP,D
14:46:33,PTBA,RG,3640,3,F,ZP,XL,D
14:46:30,PTBA,RG,3640,1,F,ZP,AK,F
14:46:29,PTBA,RG,3650,1,D,XC,YP,D
14:46:25,PTBA,RG,3650,46,D,DR,YP,D
14:46:15,PTBA,RG,3650,2,F,AK,YP,D
14:46:12,PTBA,RG,3650,4,D,DR,YP,D
14:46:10,PTBA,RG,3640,9,F,ZP,PD,D
14:46:09,PTBA,RG,3650,10,D,XC,YP,D
14:46:08,PTBA,RG,3640,1,F,ZP,AZ,D
14:45:55,PTBA,RG,3650,1,D,NI,YP,D
14:45:55,PTBA,RG,3640,1,F,ZP,EP,D
14:45:47,PTBA,RG,3650,2,D,XL,YP,D
14:45:45,PTBA,RG,3650,1,F,AK,YP,D
14:45:38,PTBA,RG,3650,1,D,XL,YP,D
14:45:33,PTBA,RG,3650,5,D,XL,YP,D
14:45:24,PTBA,RG,3650,1,D,NI,YP,D
14:45:16,PTBA,RG,3650,12,D,PD,YP,D
14:45:16,PTBA,RG,3650,1,D,YP,YP,D
14:45:10,PTBA,RG,3650,1,D,XC,YP,D
14:45:05,PTBA,RG,3650,1,F,AK,YP,D
14:45:01,PTBA,RG,3650,3,D,XC,YP,D
14:44:57,PTBA,RG,3650,10,D,YP,YP,D
14:44:57,PTBA,RG,3640,5,F,ZP,SQ,D
14:44:45,PTBA,RG,3650,10,D,YP,YP,D
14:44:45,PTBA,RG,3640,90,F,ZP,CC,D
14:44:30,PTBA,RG,3650,1,F,AK,YP,D
14:44:26,PTBA,RG,3650,79,D,DR,YP,D
14:44:26,PTBA,RG,3650,10,D,DR,DR,D
14:44:26,PTBA,RG,3650,2,D,DR,XC,D
14:44:26,PTBA,RG,3650,50,D,DR,GR,D
14:44:26,PTBA,RG,3650,9,D,DR,YP,D
14:44:22,PTBA,RG,3650,1,D,NI,YP,D
14:44:18,PTBA,RG,3650,3,D,XC,YP,D
14:44:15,PTBA,RG,3640,1,F,ZP,AK,F
14:44:15,PTBA,RG,3650,10,D,PD,YP,D
14:44:05,PTBA,RG,3640,19,F,ZP,HP,D
14:43:40,PTBA,RG,3650,1,D,XC,YP,D
14:43:36,PTBA,RG,3640,11,F,ZP,YP,D
14:43:36,PTBA,RG,3640,1,D,XC,YP,D
14:43:36,PTBA,RG,3640,10,D,CC,YP,D
14:43:36,PTBA,RG,3640,1,D,YP,YP,D
14:43:36,PTBA,RG,3640,1,D,XL,YP,D
14:43:36,PTBA,RG,3640,1,D,XC,YP,D
14:43:36,PTBA,RG,3640,10,D,PD,YP,D
14:43:29,PTBA,RG,3650,7,D,PD,YP,D
14:43:12,PTBA,RG,3650,10,D,KK,YP,D
14:43:06,PTBA,RG,3650,5,D,YP,YP,D
14:42:53,PTBA,RG,3650,19,F,ZP,YP,D
14:42:53,PTBA,RG,3650,70,F,ZP,CD,D
14:42:53,PTBA,RG,3650,53,F,ZP,PD,D
14:42:53,PTBA,RG,3650,547,D,CC,PD,D
14:42:53,PTBA,RG,3650,1,D,CC,NI,D
14:42:53,PTBA,RG,3650,452,D,CC,PD,D
14:42:53,PTBA,RG,3650,5,D,YP,PD,D
14:42:45,PTBA,RG,3650,2,F,AK,PD,D
14:42:35,PTBA,RG,3640,1,D,PD,CD,D
14:42:35,PTBA,RG,3640,10,D,AT,CD,D
14:42:35,PTBA,RG,3640,5,D,CC,CD,D
14:42:35,PTBA,RG,3640,2,D,PD,CD,D
14:42:35,PTBA,RG,3640,54,D,GR,CD,D
14:42:04,PTBA,RG,3650,1,D,XL,PD,D
14:41:56,PTBA,RG,3650,10,D,CC,PD,D
14:41:26,PTBA,RG,3650,1,D,CC,PD,D
14:41:26,PTBA,RG,3650,1,F,BK,PD,D
14:41:26,PTBA,RG,3650,114,D,AT,PD,D
14:41:26,PTBA,RG,3650,1,D,NI,PD,D
14:41:26,PTBA,RG,3650,13,D,PD,PD,D
14:41:05,PTBA,RG,3650,15,D,PD,OD,D
14:41:05,PTBA,RG,3650,1,D,PD,XL,D
14:41:05,PTBA,RG,3650,11,D,PD,YP,D
14:41:00,PTBA,RG,3650,1,D,OD,YP,D
14:40:57,PTBA,RG,3650,7,D,EP,YP,D
14:40:57,PTBA,RG,3650,3,D,XL,YP,D
14:40:39,PTBA,RG,3650,3,D,XL,YP,D
14:40:35,PTBA,RG,3650,1,D,NI,YP,D
14:40:31,PTBA,RG,3650,2,D,GR,YP,D
14:40:28,PTBA,RG,3650,1,F,AK,YP,D
14:40:27,PTBA,RG,3650,2,F,AK,YP,D
14:40:27,PTBA,RG,3650,3,F,AK,YP,D
14:40:27,PTBA,RG,3650,6,F,AK,YP,D
14:40:26,PTBA,RG,3650,10,F,AK,YP,D
14:40:26,PTBA,RG,3650,3,F,AK,CC,D
14:40:26,PTBA,RG,3650,1,F,AK,XC,D
14:40:26,PTBA,RG,3650,24,F,AK,BK,F
14:40:25,PTBA,RG,3650,5,D,NI,BK,F
14:40:25,PTBA,RG,3650,51,F,AK,BK,F
14:40:22,PTBA,RG,3650,47,F,ZP,BK,F
14:40:21,PTBA,RG,3640,50,D,GR,YP,D
14:40:21,PTBA,RG,3640,396,D,GR,FS,D
14:40:21,PTBA,RG,3640,1,D,BQ,FS,D
14:40:21,PTBA,RG,3640,5,D,XC,FS,D
14:40:21,PTBA,RG,3640,72,F,ZP,FS,D
14:40:21,PTBA,RG,3640,1,D,XC,FS,D
14:40:21,PTBA,RG,3640,2,D,SQ,FS,D
14:40:21,PTBA,RG,3640,1,D,PD,FS,D
14:40:21,PTBA,RG,3640,15,D,YP,FS,D
14:40:17,PTBA,RG,3640,10,D,BQ,YP,D
14:40:05,PTBA,RG,3640,16,D,BQ,CC,D
14:40:01,PTBA,RG,3640,34,D,BQ,FS,D
14:39:39,PTBA,RG,3640,100,D,BQ,YP,D
14:39:34,PTBA,RG,3640,114,D,BQ,PD,D
14:39:34,PTBA,RG,3640,1,D,OD,PD,D
14:39:34,PTBA,RG,3640,100,D,YP,PD,D
14:39:16,PTBA,RG,3640,50,D,YP,YP,D
14:39:16,PTBA,RG,3640,1,D,CC,YP,D
14:39:16,PTBA,RG,3640,2,D,PD,YP,D
14:39:16,PTBA,RG,3640,20,D,PD,YP,D
14:39:16,PTBA,RG,3640,5,D,YP,YP,D
14:39:16,PTBA,RG,3640,1,D,GR,YP,D
14:39:16,PTBA,RG,3640,1,D,XC,YP,D
14:39:16,PTBA,RG,3640,1,D,KK,YP,D
14:39:16,PTBA,RG,3640,19,D,AI,YP,D
14:39:15,PTBA,RG,3640,1,D,AI,AK,F
14:38:57,PTBA,RG,3640,1,D,AI,NI,D
14:38:55,PTBA,RG,3650,5,D,PD,FS,D
14:38:51,PTBA,RG,3650,1,D,NI,FS,D
14:38:12,PTBA,RG,3650,54,D,YP,FS,D
14:38:11,PTBA,RG,3650,55,D,CC,FS,D
14:38:09,PTBA,RG,3650,1,D,NI,FS,D
14:38:09,PTBA,RG,3650,1,D,NI,FS,D
14:37:57,PTBA,RG,3650,6,D,NI,FS,D
14:37:53,PTBA,RG,3650,1,D,NI,FS,D
14:37:43,PTBA,RG,3650,10,D,BQ,FS,D
14:37:42,PTBA,RG,3650,38,F,ZP,FS,D
14:37:42,PTBA,RG,3650,1,D,PD,FS,D
14:37:42,PTBA,RG,3650,3,D,YP,FS,D
14:37:42,PTBA,RG,3650,2,D,KK,FS,D
14:37:42,PTBA,RG,3650,4,D,PD,FS,D
14:37:42,PTBA,RG,3650,1,D,NI,FS,D
14:37:42,PTBA,RG,3650,1,D,PD,FS,D
14:37:42,PTBA,RG,3650,2,D,NI,FS,D
14:37:42,PTBA,RG,3650,1,D,XC,FS,D
14:37:42,PTBA,RG,3650,10,D,NI,FS,D
14:37:42,PTBA,RG,3650,1,D,YP,FS,D
14:37:42,PTBA,RG,3650,5,D,YP,FS,D
14:37:42,PTBA,RG,3650,1,D,PD,FS,D
14:37:42,PTBA,RG,3650,2,D,AT,FS,D
14:37:42,PTBA,RG,3650,17,D,YP,FS,D
14:37:42,PTBA,RG,3650,7,D,XC,FS,D
14:37:22,PTBA,RG,3660,1,D,YP,CC,D
14:37:15,PTBA,RG,3650,8,D,XC,XC,D
14:37:15,PTBA,RG,3650,2,D,CC,XC,D
14:37:12,PTBA,RG,3660,1,D,PD,CC,D
14:36:53,PTBA,RG,3650,2,D,CC,XC,D
14:36:52,PTBA,RG,3660,1,D,YP,CC,D
14:36:39,PTBA,RG,3650,1,D,CC,KK,D
14:36:39,PTBA,RG,3650,2,D,AT,KK,D
14:36:39,PTBA,RG,3650,2,F,AK,KK,D
14:36:39,PTBA,RG,3650,5,D,DH,KK,D
14:36:39,PTBA,RG,3650,5,D,DX,KK,D
14:36:39,PTBA,RG,3650,1,D,NI,KK,D
14:36:39,PTBA,RG,3650,2,D,XL,KK,D
14:36:15,PTBA,RG,3650,1,D,XL,SQ,D
14:36:14,PTBA,RG,3650,4,D,XL,PD,D
14:36:10,PTBA,RG,3650,2,D,XL,YP,D
14:36:01,PTBA,RG,3650,1,D,XL,NI,D
14:36:01,PTBA,RG,3650,2,D,XC,NI,D
14:36:01,PTBA,RG,3650,6,D,DH,NI,D
14:35:51,PTBA,RG,3650,16,D,DH,YB,D
14:35:50,PTBA,RG,3650,2,D,DH,NI,D
14:35:50,PTBA,RG,3650,15,D,OD,NI,D
14:35:50,PTBA,RG,3650,3,D,EP,NI,D
14:35:48,PTBA,RG,3650,8,D,EP,PD,D
14:35:39,PTBA,RG,3650,4,D,EP,YP,D
14:35:39,PTBA,RG,3650,1,D,XC,YP,D
14:35:39,PTBA,RG,3650,10,D,YP,YP,D
14:35:39,PTBA,RG,3650,5,D,XC,YP,D
14:35:39,PTBA,RG,3650,2,D,KK,YP,D
14:35:39,PTBA,RG,3650,1,D,NI,YP,D
14:35:39,PTBA,RG,3650,1,D,CC,YP,D
14:35:39,PTBA,RG,3650,2,D,PD,YP,D
14:35:39,PTBA,RG,3650,74,D,YP,YP,D
14:35:30,PTBA,RG,3650,1,D,YP,AK,F
14:35:21,PTBA,RG,3660,1,F,ZP,XC,D
14:35:21,PTBA,RG,3660,4,F,ZP,XC,D
14:35:21,PTBA,RG,3660,1,F,ZP,XL,D
14:35:21,PTBA,RG,3660,6,F,ZP,PD,D
14:35:21,PTBA,RG,3660,5,F,ZP,NI,D
14:35:21,PTBA,RG,3660,53,F,ZP,KK,D
14:35:21,PTBA,RG,3650,34,D,YP,IN,D
14:35:21,PTBA,RG,3650,1,D,PD,IN,D
14:35:21,PTBA,RG,3650,25,D,SQ,IN,D
14:35:21,PTBA,RG,3650,2,D,PD,IN,D
14:35:21,PTBA,RG,3650,40,D,YP,IN,D
14:35:21,PTBA,RG,3650,200,D,YP,IN,D
14:35:21,PTBA,RG,3650,68,D,XC,IN,D
14:35:21,PTBA,RG,3650,50,D,DH,IN,D
14:35:21,PTBA,RG,3650,2,D,XL,IN,D
14:35:21,PTBA,RG,3650,1,D,GR,IN,D
14:35:21,PTBA,RG,3650,6,D,AT,IN,D
14:35:21,PTBA,RG,3650,5,D,KK,IN,D
14:35:21,PTBA,RG,3650,1,D,YP,IN,D
14:35:21,PTBA,RG,3650,100,D,YP,IN,D
14:35:21,PTBA,RG,3650,5,D,CC,IN,D
14:35:21,PTBA,RG,3650,10,D,YP,IN,D
14:35:21,PTBA,RG,3650,8,D,NI,IN,D
14:35:21,PTBA,RG,3650,1,D,XL,IN,D
14:35:21,PTBA,RG,3650,3,D,YP,IN,D
14:35:21,PTBA,RG,3650,30,D,OD,IN,D
14:35:21,PTBA,RG,3650,1,D,NI,IN,D
14:35:21,PTBA,RG,3650,1,D,KK,IN,D
14:35:21,PTBA,RG,3650,55,D,YP,IN,D
14:35:21,PTBA,RG,3650,4,F,BK,IN,D
14:35:21,PTBA,RG,3650,5,D,PD,IN,D
14:35:21,PTBA,RG,3650,10,D,NI,IN,D
14:35:21,PTBA,RG,3650,15,D,OD,IN,D
14:35:21,PTBA,RG,3650,1,D,XC,IN,D
14:35:21,PTBA,RG,3650,66,D,YP,IN,D
14:35:20,PTBA,RG,3660,12,F,ZP,KK,D
14:34:52,PTBA,RG,3650,34,D,YP,FS,D
14:34:49,PTBA,RG,3660,77,F,ZP,KK,D
14:34:49,PTBA,RG,3650,233,D,CC,FS,D
14:34:49,PTBA,RG,3650,1,D,XC,FS,D
14:34:49,PTBA,RG,3650,1,F,AK,FS,D
14:34:49,PTBA,RG,3650,490,D,GR,FS,D
14:34:44,PTBA,RG,3660,3,F,AK,KK,D
14:34:43,PTBA,RG,3660,44,F,ZP,KK,D
14:34:41,PTBA,RG,3650,200,D,GR,NI,D
14:34:41,PTBA,RG,3660,25,D,AT,KK,D
14:34:14,PTBA,RG,3660,1,D,XC,KK,D
14:33:50,PTBA,RG,3650,1,D,GR,YB,D
14:33:45,PTBA,RG,3660,1,F,AK,KK,D
14:33:41,PTBA,RG,3650,6,D,GR,XL,D
14:33:26,PTBA,RG,3660,8,D,CC,KK,D
14:32:41,PTBA,RG,3660,100,D,YP,KK,D
14:32:06,PTBA,RG,3660,5,D,YP,KK,D
14:31:46,PTBA,RG,3650,1,D,GR,XL,D
14:31:11,PTBA,RG,3650,57,D,GR,PD,D
14:30:40,PTBA,RG,3650,1,D,GR,XC,D
14:30:39,PTBA,RG,3660,2,D,XC,KK,D
14:30:36,PTBA,RG,3650,1,D,GR,XC,D
14:30:36,PTBA,RG,3650,2,D,GR,XC,D
14:30:36,PTBA,RG,3650,6,D,GR,XC,D
14:30:36,PTBA,RG,3650,3,D,GR,XC,D
14:30:36,PTBA,RG,3650,9,D,GR,XC,D
14:30:34,PTBA,RG,3660,14,D,FS,KK,D
14:30:28,PTBA,RG,3660,4,F,ZP,KK,D
14:30:04,PTBA,RG,3660,3,F,AK,KK,D
14:29:48,PTBA,RG,3650,1,D,GR,XC,D
14:29:45,PTBA,RG,3660,35,F,ZP,KK,D
14:29:29,PTBA,RG,3650,50,D,GR,KK,D
14:29:01,PTBA,RG,3650,2,D,GR,XC,D
14:28:53,PTBA,RG,3650,5,D,GR,KK,D
14:28:30,PTBA,RG,3650,1,D,GR,AK,F
14:27:59,PTBA,RG,3660,1,D,KK,KK,D
14:27:40,PTBA,RG,3650,2,D,GR,XL,D
14:27:17,PTBA,RG,3650,143,D,GR,PD,D
14:26:56,PTBA,RG,3660,1,D,NI,KK,D
14:26:35,PTBA,RG,3660,114,D,PD,KK,D
14:26:03,PTBA,RG,3660,11,D,PD,KK,D
14:25:50,PTBA,RG,3660,1,F,AK,KK,D
14:25:27,PTBA,RG,3660,15,F,ZP,KK,D
14:25:09,PTBA,RG,3650,3,D,GR,XL,D
14:25:01,PTBA,RG,3660,1,D,XL,KK,D
14:25:00,PTBA,RG,3660,8,D,NI,KK,D
14:24:54,PTBA,RG,3650,3,D,GR,XC,D
14:24:22,PTBA,RG,3650,5,D,GR,PD,D
14:23:50,PTBA,RG,3660,1,F,AK,KK,D
14:23:22,PTBA,RG,3660,2,D,KK,KK,D
14:23:13,PTBA,RG,3660,1,D,XC,KK,D
14:22:58,PTBA,RG,3660,131,F,ZP,KK,D
14:22:58,PTBA,RG,3650,8,D,GR,YP,D
14:22:54,PTBA,RG,3640,29,D,AI,NI,D
14:22:54,PTBA,RG,3640,1,D,YP,NI,D
14:22:54,PTBA,RG,3640,1,D,SQ,NI,D
14:22:54,PTBA,RG,3640,1,D,XL,NI,D
14:22:54,PTBA,RG,3640,2,D,XL,NI,D
14:22:54,PTBA,RG,3640,2,D,PD,NI,D
14:22:54,PTBA,RG,3640,50,D,YP,NI,D
14:22:54,PTBA,RG,3640,1,D,OD,NI,D
14:22:54,PTBA,RG,3640,1,D,CC,NI,D
14:22:54,PTBA,RG,3640,1,D,XL,NI,D
14:22:54,PTBA,RG,3640,1,D,CC,NI,D
14:22:54,PTBA,RG,3640,9,D,GR,NI,D
14:22:45,PTBA,RG,3640,1,D,GR,AK,F
14:22:42,PTBA,RG,3640,16,D,GR,XC,D
14:22:35,PTBA,RG,3650,3,F,AK,YP,D
14:22:35,PTBA,RG,3650,10,F,AK,YP,D
14:22:35,PTBA,RG,3650,51,F,AK,YP,D
14:22:34,PTBA,RG,3650,28,D,YP,YP,D
14:22:34,PTBA,RG,3650,15,D,YP,NI,D
14:22:34,PTBA,RG,3650,9,D,YP,GR,D
14:22:34,PTBA,RG,3650,50,D,YP,YP,D
14:22:34,PTBA,RG,3650,21,D,YP,ZP,F
14:22:34,PTBA,RG,3650,300,D,YP,YP,D
14:22:34,PTBA,RG,3650,10,D,YP,CC,F
14:22:34,PTBA,RG,3650,13,D,YP,CC,D
14:22:34,PTBA,RG,3650,18,D,YP,PD,D
14:22:34,PTBA,RG,3650,2,D,YP,XC,D
14:22:34,PTBA,RG,3650,1,D,YP,CC,D
14:22:34,PTBA,RG,3650,5,D,YP,XC,D
14:22:34,PTBA,RG,3650,15,D,YP,ZP,F
14:22:34,PTBA,RG,3650,4,D,YP,XC,D
14:22:34,PTBA,RG,3650,9,D,YP,CD,D
14:22:33,PTBA,RG,3640,74,D,GR,YU,D
14:22:33,PTBA,RG,3640,5,D,YP,YU,D
14:22:33,PTBA,RG,3640,2,D,CC,YU,D
14:22:33,PTBA,RG,3640,10,D,XC,YU,D
14:22:33,PTBA,RG,3640,1,D,YP,YU,D
14:22:33,PTBA,RG,3640,1,D,PD,YU,D
14:22:33,PTBA,RG,3640,2,D,XC,YU,D
14:22:33,PTBA,RG,3640,5,D,XC,YU,D
14:22:33,PTBA,RG,3640,2,D,PD,YU,D
14:22:33,PTBA,RG,3640,2,D,GR,YU,D
14:22:33,PTBA,RG,3640,1,D,YP,YU,D
14:22:33,PTBA,RG,3640,2,D,XC,YU,D
14:22:33,PTBA,RG,3640,1,D,YP,YU,D
14:22:33,PTBA,RG,3640,5,D,CC,YU,D
14:22:33,PTBA,RG,3640,5,D,NI,YU,D
14:22:33,PTBA,RG,3640,2,D,PD,YU,D
14:22:33,PTBA,RG,3640,7,D,CC,YU,D
14:22:33,PTBA,RG,3640,10,D,YP,YU,D
14:22:33,PTBA,RG,3640,1,D,PD,YU,D
14:22:33,PTBA,RG,3640,3,D,XC,YU,D
14:22:33,PTBA,RG,3640,10,D,BQ,YU,D
14:22:33,PTBA,RG,3640,2,D,PD,YU,D
14:22:33,PTBA,RG,3640,3,D,XL,YU,D
14:22:33,PTBA,RG,3640,2,D,YP,YU,D
14:22:33,PTBA,RG,3640,1,D,PD,YU,D
14:22:33,PTBA,RG,3640,1,D,YP,YU,D
14:22:33,PTBA,RG,3640,10,D,OD,YU,D
14:22:33,PTBA,RG,3640,10,D,YP,YU,D
14:22:33,PTBA,RG,3640,5,D,EP,YU,D
14:22:33,PTBA,RG,3640,3,D,SQ,YU,D
14:22:33,PTBA,RG,3640,2,D,XC,YU,D
14:22:33,PTBA,RG,3640,1,D,YP,YU,D
14:22:33,PTBA,RG,3640,1,D,SQ,YU,D
14:22:33,PTBA,RG,3640,1,D,YP,YU,D
14:22:33,PTBA,RG,3640,2,D,PD,YU,D
14:22:33,PTBA,RG,3640,2,D,HP,YU,D
14:22:33,PTBA,RG,3640,7,D,OD,YU,D
14:22:29,PTBA,RG,3650,2,D,NI,CD,D
14:22:23,PTBA,RG,3650,1,D,NI,CD,D
14:22:22,PTBA,RG,3650,54,D,YP,CD,D
14:22:20,PTBA,RG,3650,1,D,PD,CD,D
14:22:10,PTBA,RG,3650,11,D,CC,CD,D
14:22:00,PTBA,RG,3650,1,D,XC,CD,D
14:22:00,PTBA,RG,3650,1,D,PD,CD,D
14:21:55,PTBA,RG,3650,6,D,AZ,CD,D
14:21:51,PTBA,RG,3650,1,D,CC,CD,D
14:21:50,PTBA,RG,3650,1,F,AK,CD,D
14:21:38,PTBA,RG,3650,1,D,XC,CD,D
14:21:31,PTBA,RG,3650,7,D,CC,CD,D
14:21:29,PTBA,RG,3650,4,D,YP,CD,D
14:21:29,PTBA,RG,3650,6,D,YP,OD,D
14:21:25,PTBA,RG,3650,17,D,FS,OD,D
14:21:21,PTBA,RG,3650,1,D,SQ,OD,D
14:21:16,PTBA,RG,3640,8,D,OD,XL,D
14:21:16,PTBA,RG,3640,18,D,CC,XL,D
14:21:15,PTBA,RG,3650,10,D,YP,OD,D
14:20:57,PTBA,RG,3650,99,D,PD,OD,D
14:20:55,PTBA,RG,3650,3,D,CC,OD,D
14:20:50,PTBA,RG,3640,11,D,CC,CC,D
14:20:36,PTBA,RG,3650,5,D,YP,OD,D
14:20:34,PTBA,RG,3650,1,D,YP,OD,D
14:20:29,PTBA,RG,3640,21,D,CC,EP,D
14:20:29,PTBA,RG,3640,7,F,ZP,EP,D
14:20:29,PTBA,RG,3640,3,D,YP,EP,D
14:20:29,PTBA,RG,3640,5,D,YP,EP,D
14:20:29,PTBA,RG,3640,25,D,YP,EP,D
14:20:29,PTBA,RG,3640,1,D,XC,EP,D
14:20:29,PTBA,RG,3640,1,D,XC,EP,D
14:20:29,PTBA,RG,3640,5,D,NI,EP,D
14:20:29,PTBA,RG,3640,1,D,PD,EP,D
14:20:29,PTBA,RG,3640,14,D,CC,EP,D
14:20:29,PTBA,RG,3640,1,D,SQ,EP,D
14:20:29,PTBA,RG,3640,1,D,BQ,EP,D
14:20:29,PTBA,RG,3640,1,D,BQ,EP,D
14:20:29,PTBA,RG,3640,10,D,CC,EP,D
14:20:29,PTBA,RG,3640,10,D,DR,EP,D
14:20:29,PTBA,RG,3640,1,D,YP,EP,D
14:20:29,PTBA,RG,3640,10,D,NI,EP,D
14:20:29,PTBA,RG,3640,1,D,CC,EP,D
14:20:29,PTBA,RG,3640,8,D,PD,EP,D
14:20:29,PTBA,RG,3640,1,D,PD,EP,D
14:20:29,PTBA,RG,3640,50,D,BQ,EP,D
14:20:29,PTBA,RG,3640,10,D,CC,EP,D
14:20:29,PTBA,RG,3640,10,D,BQ,EP,D
14:20:29,PTBA,RG,3640,1,D,SQ,EP,D
14:20:29,PTBA,RG,3640,2,D,KK,EP,D
14:20:23,PTBA,RG,3640,1,D,KK,XC,D
14:20:22,PTBA,RG,3650,11,F,ZP,OD,D
14:20:04,PTBA,RG,3640,7,D,KK,XC,D
14:20:04,PTBA,RG,3640,11,D,YP,XC,D
14:19:46,PTBA,RG,3650,12,D,YP,OD,D
14:19:30,PTBA,RG,3650,1,D,CC,OD,D
14:19:27,PTBA,RG,3650,1,D,XC,OD,D
14:19:25,PTBA,RG,3650,10,D,GR,OD,D
14:19:15,PTBA,RG,3650,1,F,AK,OD,D
14:19:14,PTBA,RG,3640,14,D,YP,YP,D
14:19:14,PTBA,RG,3650,3,D,XL,OD,D
14:18:25,PTBA,RG,3640,8,D,YP,YP,D
14:18:13,PTBA,RG,3650,1,D,XC,OD,D
14:17:58,PTBA,RG,3650,1,D,GR,OD,D
14:17:44,PTBA,RG,3650,42,F,ZP,OD,D
14:17:39,PTBA,RG,3640,2,D,YP,NI,D
14:17:34,PTBA,RG,3650,1,D,DH,OD,D
14:17:10,PTBA,RG,3650,48,F,AK,OD,D
14:17:09,PTBA,RG,3650,2,D,XL,OD,D
14:17:09,PTBA,RG,3650,3,D,XL,LS,D
14:16:32,PTBA,RG,3640,1,D,YP,XC,D
14:16:29,PTBA,RG,3640,1,D,YP,NI,D
14:16:29,PTBA,RG,3640,53,D,YP,CP,D
14:16:29,PTBA,RG,3640,2,D,YP,CP,D
14:16:29,PTBA,RG,3640,1,D,PD,CP,D
14:16:29,PTBA,RG,3640,5,D,YP,CP,D
14:16:29,PTBA,RG,3640,5,D,CC,CP,D
14:16:29,PTBA,RG,3640,2,D,YP,CP,D
14:16:29,PTBA,RG,3640,1,D,PD,CP,D
14:16:29,PTBA,RG,3640,31,D,PD,CP,D
14:16:13,PTBA,RG,3640,19,D,PD,CP,D
14:16:13,PTBA,RG,3640,2,D,PD,CP,D
14:16:13,PTBA,RG,3640,179,D,CC,CP,D
14:16:07,PTBA,RG,3650,2,D,OD,LS,D
14:16:07,PTBA,RG,3650,3,D,OD,PD,D
14:16:00,PTBA,RG,3650,1,D,PD,PD,D
14:15:56,PTBA,RG,3640,3,D,CC,XL,D
14:15:34,PTBA,RG,3650,1,F,AK,XC,D
14:15:34,PTBA,RG,3650,17,F,AK,ZP,F
14:15:33,PTBA,RG,3650,1,D,XC,ZP,F
14:15:33,PTBA,RG,3640,2,D,CC,KK,D
14:15:29,PTBA,RG,3650,1,D,YP,ZP,F
14:15:29,PTBA,RG,3650,9,D,YP,FS,D
14:15:23,PTBA,RG,3650,19,F,ZP,FS,D
14:15:23,PTBA,RG,3650,3,D,PD,FS,D
14:15:13,PTBA,RG,3650,2,D,PD,FS,D
14:15:05,PTBA,RG,3650,1,D,PD,FS,D
14:14:54,PTBA,RG,3650,88,F,AK,FS,D
14:14:53,PTBA,RG,3650,60,F,ZP,FS,D
14:14:53,PTBA,RG,3650,10,D,NI,FS,D
14:14:53,PTBA,RG,3650,6,D,EP,FS,D
14:14:53,PTBA,RG,3650,1,D,PD,FS,D
14:14:53,PTBA,RG,3650,1,D,PD,FS,D
14:14:53,PTBA,RG,3650,4,D,YP,FS,D
14:14:53,PTBA,RG,3650,1,D,NI,FS,D
14:14:53,PTBA,RG,3650,5,D,NI,FS,D
14:14:53,PTBA,RG,3650,1,D,CC,FS,D
14:14:53,PTBA,RG,3650,6,D,YP,FS,D
14:14:53,PTBA,RG,3650,1,D,XL,FS,D
14:14:53,PTBA,RG,3650,1,D,PD,FS,D
14:14:53,PTBA,RG,3650,1,D,PD,FS,D
14:14:53,PTBA,RG,3650,3,D,NI,FS,D
14:14:53,PTBA,RG,3650,1,D,YP,FS,D
14:14:53,PTBA,RG,3650,101,D,XL,FS,D
14:14:53,PTBA,RG,3650,3,D,YP,FS,D
14:14:53,PTBA,RG,3650,1,D,XC,FS,D
14:14:53,PTBA,RG,3650,7,D,YP,FS,D
14:14:53,PTBA,RG,3650,2,D,NI,FS,D
14:14:53,PTBA,RG,3650,15,D,OD,FS,D
14:14:53,PTBA,RG,3650,100,D,YP,FS,D
14:14:53,PTBA,RG,3650,10,D,YP,FS,D
14:14:53,PTBA,RG,3650,50,D,YP,FS,D
14:14:53,PTBA,RG,3650,1,D,DH,FS,D
14:14:53,PTBA,RG,3650,25,D,IU,FS,D
14:14:53,PTBA,RG,3650,15,D,OD,FS,D
14:14:53,PTBA,RG,3650,5,F,BK,FS,D
14:14:53,PTBA,RG,3650,1,F,AK,FS,D
14:14:53,PTBA,RG,3650,197,D,GR,FS,D
14:14:47,PTBA,RG,3650,1,D,GR,PD,D
14:14:47,PTBA,RG,3660,1,D,XL,KK,D
14:14:45,PTBA,RG,3650,1,D,GR,AK,F
14:14:30,PTBA,RG,3660,61,F,ZP,KK,D
14:13:55,PTBA,RG,3660,1,D,PD,KK,D
14:13:53,PTBA,RG,3650,20,D,GR,LS,D
14:13:52,PTBA,RG,3650,2,D,GR,PD,D
14:13:46,PTBA,RG,3650,14,D,GR,YP,D
14:13:30,PTBA,RG,3650,500,D,GR,LG,D
14:13:22,PTBA,RG,3650,2,D,GR,AO,D
14:13:12,PTBA,RG,3650,1,D,GR,YP,D
14:13:02,PTBA,RG,3650,2,D,GR,XC,D
14:12:49,PTBA,RG,3650,41,D,GR,CC,D
14:12:43,PTBA,RG,3650,5,D,GR,YP,D
14:11:20,PTBA,RG,3660,1,F,AK,KK,D
14:10:38,PTBA,RG,3660,2,D,XC,KK,D
14:10:27,PTBA,RG,3660,20,F,ZP,KK,D
14:10:19,PTBA,RG,3660,1,D,XA,KK,D
14:10:17,PTBA,RG,3660,25,D,CC,KK,D
14:10:14,PTBA,RG,3660,30,D,PD,KK,D
14:10:02,PTBA,RG,3660,1,D,XL,KK,D
14:09:37,PTBA,RG,3660,10,D,NI,KK,D
14:09:16,PTBA,RG,3660,1,D,PD,KK,D
14:09:15,PTBA,RG,3660,16,D,XC,KK,D
14:09:02,PTBA,RG,3660,1,D,PD,KK,D
14:08:59,PTBA,RG,3660,111,F,ZP,KK,D
14:08:59,PTBA,RG,3650,15,D,GR,ZP,F
14:08:59,PTBA,RG,3650,1,D,GR,YP,D
14:08:59,PTBA,RG,3650,5,D,GR,PD,D
14:08:59,PTBA,RG,3650,693,D,GR,FS,D
14:08:53,PTBA,RG,3640,4,D,CC,PD,D
14:08:48,PTBA,RG,3650,30,D,YP,FS,D
14:08:48,PTBA,RG,3650,20,D,YP,FS,D
14:08:30,PTBA,RG,3650,1,F,AK,FS,D
14:08:24,PTBA,RG,3650,5,D,XC,FS,D
14:08:15,PTBA,RG,3650,1,F,AK,FS,D
14:08:14,PTBA,RG,3650,1,D,PD,FS,D
14:08:10,PTBA,RG,3650,6,D,XL,FS,D
14:08:10,PTBA,RG,3650,1,D,XL,XC,D
14:08:10,PTBA,RG,3650,3,D,XL,SQ,D
14:08:10,PTBA,RG,3650,1,D,PD,SQ,D
14:07:47,PTBA,RG,3650,6,D,KK,SQ,D
14:07:47,PTBA,RG,3650,18,D,KK,ZP,F
14:07:47,PTBA,RG,3650,2,D,KK,PD,D
14:07:47,PTBA,RG,3650,8,D,KK,CC,F
14:07:47,PTBA,RG,3650,3,D,KK,CC,D
14:07:47,PTBA,RG,3650,13,D,KK,YP,D
14:07:47,PTBA,RG,3650,3,D,KK,YP,D
14:07:47,PTBA,RG,3650,11,D,KK,YP,D
14:07:45,PTBA,RG,3650,50,D,PD,YP,D
14:07:35,PTBA,RG,3650,2,D,KK,YP,D
14:07:09,PTBA,RG,3650,2,D,CC,YP,D
14:07:08,PTBA,RG,3650,5,F,BK,YP,D
14:07:07,PTBA,RG,3640,2,D,CC,PD,D
14:07:04,PTBA,RG,3650,5,F,AK,YP,D
14:07:04,PTBA,RG,3650,21,F,AK,YP,D
14:07:02,PTBA,RG,3650,5,D,PD,YP,D
14:06:38,PTBA,RG,3650,1,D,PD,YP,D
14:06:18,PTBA,RG,3650,1,D,PD,YP,D
14:06:13,PTBA,RG,3650,1,D,PD,YP,D
14:06:04,PTBA,RG,3650,15,D,OD,YP,D
14:06:00,PTBA,RG,3640,1,D,CC,AK,F
14:05:56,PTBA,RG,3650,74,D,XL,YP,D
14:05:56,PTBA,RG,3650,14,D,XL,ZP,F
14:05:52,PTBA,RG,3650,4,D,PD,ZP,F
14:05:52,PTBA,RG,3650,1,D,PD,CD,D
14:05:52,PTBA,RG,3650,3,D,PD,XL,D
14:05:52,PTBA,RG,3650,42,D,PD,YU,D
14:05:38,PTBA,RG,3650,1,D,XC,YU,D
14:05:35,PTBA,RG,3650,5,D,CC,YU,D
14:05:30,PTBA,RG,3650,1,F,AK,YU,D
14:05:27,PTBA,RG,3650,6,F,ZP,YU,D
14:05:26,PTBA,RG,3640,5,D,CC,PD,D
14:05:13,PTBA,RG,3650,4,D,XC,YU,D
14:05:08,PTBA,RG,3650,5,D,YP,YU,D
14:04:54,PTBA,RG,3650,36,F,ZP,YU,D
14:04:54,PTBA,RG,3650,14,F,ZP,CC,D
14:04:53,PTBA,RG,3640,2,D,CC,EP,D
14:04:46,PTBA,RG,3650,6,D,KK,CC,D
14:04:46,PTBA,RG,3650,1,D,KK,IF,D
14:04:46,PTBA,RG,3650,13,D,KK,YP,D
14:04:24,PTBA,RG,3650,17,D,FS,YP,D
14:04:18,PTBA,RG,3650,2,D,PD,YP,D
14:04:18,PTBA,RG,3650,1,D,PD,YP,D
14:04:18,PTBA,RG,3650,21,D,SQ,YP,D
14:04:18,PTBA,RG,3650,11,D,SQ,XC,D
14:04:18,PTBA,RG,3650,8,D,SQ,XC,D
14:04:18,PTBA,RG,3650,10,D,SQ,PD,D
14:04:07,PTBA,RG,3650,2,D,NI,PD,D
14:04:05,PTBA,RG,3650,1,D,CC,PD,D
14:04:04,PTBA,RG,3650,1,D,NI,PD,D
14:03:57,PTBA,RG,3650,2,D,SQ,PD,D
14:03:50,PTBA,RG,3650,1,D,PD,PD,D
14:03:44,PTBA,RG,3650,33,D,YP,PD,D
14:03:44,PTBA,RG,3650,27,D,YP,XL,D
14:03:37,PTBA,RG,3650,6,F,AK,XL,D
14:03:36,PTBA,RG,3650,17,F,AK,XL,D
14:03:36,PTBA,RG,3650,5,F,AK,PD,D
14:03:36,PTBA,RG,3650,1,F,AK,PD,D
14:03:36,PTBA,RG,3650,6,F,AK,XC,D
14:03:36,PTBA,RG,3650,20,F,AK,HP,D
14:03:36,PTBA,RG,3650,4,F,AK,XL,D
14:03:36,PTBA,RG,3650,74,D,YP,XL,D
14:03:36,PTBA,RG,3650,18,D,YP,ZP,F
14:03:36,PTBA,RG,3650,108,D,YP,FS,D
14:03:02,PTBA,RG,3650,1,D,EP,FS,D
14:02:41,PTBA,RG,3650,10,F,AK,FS,D
14:02:22,PTBA,RG,3650,1,D,XL,FS,D
14:02:12,PTBA,RG,3650,20,D,CC,FS,D
14:02:05,PTBA,RG,3650,1,D,XC,FS,D
14:01:58,PTBA,RG,3650,20,D,CC,FS,D
14:01:52,PTBA,RG,3640,2,D,CC,YP,D
14:01:52,PTBA,RG,3640,1,D,YP,YP,D
14:01:52,PTBA,RG,3640,1,D,CC,YP,D
14:01:52,PTBA,RG,3640,1,D,CC,YP,D
14:01:52,PTBA,RG,3640,1,D,CC,YP,D
14:01:24,PTBA,RG,3650,1,D,XL,FS,D
14:00:58,PTBA,RG,3650,3,D,PD,FS,D
14:00:54,PTBA,RG,3650,1,D,XC,FS,D
14:00:53,PTBA,RG,3650,6,D,XL,FS,D
14:00:45,PTBA,RG,3650,1,F,AK,FS,D
14:00:24,PTBA,RG,3650,6,F,ZP,FS,D
14:00:08,PTBA,RG,3650,6,D,CC,FS,D
14:00:06,PTBA,RG,3650,1,D,YP,FS,D
13:59:53,PTBA,RG,3650,2,D,PD,FS,D
13:59:52,PTBA,RG,3650,1,D,CC,FS,D
13:59:49,PTBA,RG,3650,1,D,XC,FS,D
13:59:38,PTBA,RG,3640,5,D,CC,XC,D
13:59:17,PTBA,RG,3650,42,F,ZP,FS,D
13:59:13,PTBA,RG,3640,1,D,CC,PD,D
13:59:13,PTBA,RG,3640,1,D,PD,PD,D
13:59:13,PTBA,RG,3640,1,D,PD,PD,D
13:59:13,PTBA,RG,3640,17,D,PD,PD,D
13:59:08,PTBA,RG,3640,12,D,PD,DR,D
13:59:07,PTBA,RG,3650,100,D,KK,FS,D
13:58:37,PTBA,RG,3650,1,D,CC,FS,D
13:58:30,PTBA,RG,3650,1,F,AK,FS,D
13:58:16,PTBA,RG,3650,5,D,SQ,FS,D
13:58:12,PTBA,RG,3650,1,D,KK,FS,D
13:58:00,PTBA,RG,3650,1,D,PD,FS,D
13:57:51,PTBA,RG,3650,2,D,PD,FS,D
13:57:45,PTBA,RG,3640,6,D,PD,CP,D
13:57:20,PTBA,RG,3650,15,D,XL,FS,D
13:57:02,PTBA,RG,3650,10,D,PD,FS,D
13:56:53,PTBA,RG,3650,1,D,NI,FS,D
13:56:46,PTBA,RG,3650,1,D,CC,FS,D
13:56:31,PTBA,RG,3650,10,D,XL,FS,D
13:56:30,PTBA,RG,3650,1,F,AK,FS,D
13:56:27,PTBA,RG,3650,10,D,PD,FS,D
13:56:25,PTBA,RG,3640,28,D,PD,CP,D
13:56:18,PTBA,RG,3650,1,D,NI,FS,D
13:56:15,PTBA,RG,3650,25,D,CC,FS,D
13:55:41,PTBA,RG,3650,137,D,SQ,FS,D
13:55:35,PTBA,RG,3650,1,D,XL,FS,D
13:55:28,PTBA,RG,3650,36,F,ZP,FS,D
13:55:15,PTBA,RG,3640,1,D,PD,AK,F
13:55:15,PTBA,RG,3650,50,D,GR,FS,D
13:55:07,PTBA,RG,3640,1,D,PD,AO,D
13:55:00,PTBA,RG,3640,7,D,PD,AZ,D
13:54:38,PTBA,RG,3650,5,D,XC,FS,D
13:54:36,PTBA,RG,3650,1,D,XL,FS,D
13:53:49,PTBA,RG,3650,1,D,YP,FS,D
13:53:49,PTBA,RG,3650,15,D,NI,FS,D
13:53:40,PTBA,RG,3650,1,D,XL,FS,D
13:53:30,PTBA,RG,3650,1,D,XC,FS,D
13:53:04,PTBA,RG,3650,5,D,SQ,FS,D
13:52:45,PTBA,RG,3650,1,F,AK,FS,D
13:52:30,PTBA,RG,3650,1,D,XC,FS,D
13:52:25,PTBA,RG,3650,3,D,XL,FS,D
13:52:16,PTBA,RG,3650,10,D,YP,FS,D
13:51:52,PTBA,RG,3640,3,D,PD,DH,D
13:51:50,PTBA,RG,3650,15,D,OD,FS,D
13:51:46,PTBA,RG,3650,4,D,EP,FS,D
13:51:41,PTBA,RG,3650,1,D,PD,FS,D
13:51:41,PTBA,RG,3650,18,D,XL,FS,D
13:51:33,PTBA,RG,3650,10,D,XL,YP,D
13:51:16,PTBA,RG,3640,25,D,PD,EP,D
13:51:16,PTBA,RG,3640,1,D,PD,EP,D
13:51:16,PTBA,RG,3640,10,D,YP,EP,D
13:51:16,PTBA,RG,3640,131,D,GR,EP,D
13:51:16,PTBA,RG,3650,3,D,YP,EP,D
13:51:13,PTBA,RG,3650,2,D,YP,EP,D
13:51:05,PTBA,RG,3650,1,D,XC,EP,D
13:51:02,PTBA,RG,3650,5,D,XC,EP,D
13:51:02,PTBA,RG,3650,4,D,EP,EP,D
13:51:02,PTBA,RG,3650,15,D,OD,EP,D
13:51:02,PTBA,RG,3650,1,D,AZ,EP,D
13:51:02,PTBA,RG,3650,2,D,YP,EP,D
13:50:25,PTBA,RG,3660,4,F,ZP,KK,D
13:50:09,PTBA,RG,3660,1,D,PD,KK,D
13:49:59,PTBA,RG,3660,39,F,ZP,KK,D
13:49:59,PTBA,RG,3660,1,F,ZP,YP,D
13:49:59,PTBA,RG,3650,32,D,SQ,LG,D
13:49:51,PTBA,RG,3640,1,D,GR,PD,D
13:49:35,PTBA,RG,3650,1,D,PD,LG,D
13:49:33,PTBA,RG,3650,18,D,DR,LG,D
13:49:04,PTBA,RG,3650,15,D,XC,LG,D
13:48:56,PTBA,RG,3650,1,D,XC,LG,D
13:48:48,PTBA,RG,3650,46,D,NI,LG,D
13:48:48,PTBA,RG,3650,20,D,NI,LG,D
13:48:48,PTBA,RG,3650,1,D,NI,PD,D
13:48:48,PTBA,RG,3650,43,D,NI,YU,D
13:48:30,PTBA,RG,3650,1,F,AK,YU,D
13:48:23,PTBA,RG,3650,10,D,PD,YU,D
13:48:19,PTBA,RG,3650,3,D,KK,YU,D
13:48:11,PTBA,RG,3650,3,D,XL,YU,D
13:47:53,PTBA,RG,3650,1,D,AT,YU,D
13:47:35,PTBA,RG,3650,1,D,GR,YU,D
13:47:35,PTBA,RG,3650,1,D,XL,YU,D
13:47:35,PTBA,RG,3650,1,D,KK,YU,D
13:47:35,PTBA,RG,3650,5,D,YP,YU,D
13:47:35,PTBA,RG,3650,15,D,OD,YU,D
13:47:35,PTBA,RG,3650,16,D,FS,YU,D
13:47:34,PTBA,RG,3650,1,D,FS,PD,D
13:47:08,PTBA,RG,3660,1,D,DH,YP,D
13:46:54,PTBA,RG,3660,5,D,YP,YP,D
13:46:34,PTBA,RG,3650,3,D,FS,CC,D
13:46:28,PTBA,RG,3650,8,D,FS,CC,D
13:46:28,PTBA,RG,3650,10,D,FS,PD,D
13:46:28,PTBA,RG,3650,1,D,FS,XL,D
13:46:28,PTBA,RG,3650,1,D,FS,ZP,F
13:46:22,PTBA,RG,3650,1,D,XC,ZP,F
13:46:21,PTBA,RG,3650,5,D,SQ,ZP,F
13:46:19,PTBA,RG,3650,10,D,AZ,ZP,F
13:46:19,PTBA,RG,3650,1,D,AZ,CC,D
13:46:19,PTBA,RG,3650,26,D,AZ,YP,D
13:46:19,PTBA,RG,3650,1,D,AZ,XC,D
13:46:19,PTBA,RG,3650,1,D,AZ,XC,D
13:46:19,PTBA,RG,3650,1,D,AZ,XL,D
13:46:19,PTBA,RG,3650,12,D,AZ,XL,D
13:46:19,PTBA,RG,3650,1,D,PD,XL,D
13:46:13,PTBA,RG,3650,10,D,ZP,XL,D
13:46:05,PTBA,RG,3650,27,F,ZP,XL,D
13:46:05,PTBA,RG,3650,5,F,ZP,XL,D
13:46:05,PTBA,RG,3650,17,F,ZP,ZP,F
13:46:05,PTBA,RG,3650,7,F,ZP,XC,D
13:46:05,PTBA,RG,3650,1,F,ZP,AK,F
13:46:05,PTBA,RG,3650,6,F,ZP,FS,D
13:46:05,PTBA,RG,3650,28,D,KK,FS,D
13:46:05,PTBA,RG,3650,41,D,KK,ZP,F
13:46:05,PTBA,RG,3650,25,D,KK,XC,D
13:46:05,PTBA,RG,3650,6,D,KK,XC,D
13:46:00,PTBA,RG,3650,1,F,AK,XC,D
13:45:47,PTBA,RG,3650,303,D,MG,BK,F
13:45:47,PTBA,RG,3650,2,D,MG,XC,D
13:45:47,PTBA,RG,3650,1,D,MG,XC,D
13:45:47,PTBA,RG,3650,1,D,MG,XC,D
13:45:47,PTBA,RG,3650,3,D,MG,YP,D
13:45:47,PTBA,RG,3650,25,D,MG,CC,D
13:45:47,PTBA,RG,3650,2,D,MG,XL,D
13:45:47,PTBA,RG,3650,10,D,MG,CC,D
13:45:47,PTBA,RG,3650,6,D,MG,XL,D
13:45:47,PTBA,RG,3650,25,D,MG,XL,D
13:45:47,PTBA,RG,3650,30,D,MG,PD,D
13:45:47,PTBA,RG,3650,1,D,MG,PD,D
13:45:47,PTBA,RG,3650,3,D,MG,PD,D
13:45:47,PTBA,RG,3650,10,D,MG,NI,D
13:45:47,PTBA,RG,3650,20,D,MG,IF,D
13:45:47,PTBA,RG,3650,58,D,MG,DR,D
13:45:29,PTBA,RG,3650,33,F,ZP,DR,D
13:45:04,PTBA,RG,3640,6,D,GR,XC,D
13:44:33,PTBA,RG,3640,5,D,GR,NI,D
13:44:27,PTBA,RG,3640,4,D,GR,PD,D
13:44:24,PTBA,RG,3650,3,D,PD,DR,D
13:44:23,PTBA,RG,3650,2,D,XC,DR,D
13:44:19,PTBA,RG,3650,5,F,BK,DR,D
13:44:17,PTBA,RG,3640,100,D,GR,PD,D
13:44:15,PTBA,RG,3650,1,F,AK,DR,D
13:42:39,PTBA,RG,3650,50,D,GR,DR,D
13:42:28,PTBA,RG,3650,5,D,GR,DR,D
13:42:11,PTBA,RG,3640,20,D,GR,NI,D
13:42:06,PTBA,RG,3650,1,D,PD,DR,D
13:41:52,PTBA,RG,3650,1,D,XL,DR,D
13:41:32,PTBA,RG,3650,1,D,XC,DR,D
13:41:31,PTBA,RG,3650,10,D,XL,DR,D
13:41:28,PTBA,RG,3640,15,D,GR,CC,D
13:41:08,PTBA,RG,3640,50,D,GR,SQ,D
13:40:22,PTBA,RG,3650,3,F,ZP,DR,D
13:40:22,PTBA,RG,3650,10,F,ZP,XL,D
13:40:22,PTBA,RG,3650,2,F,ZP,PD,D
13:40:22,PTBA,RG,3650,31,F,ZP,PD,D
13:39:53,PTBA,RG,3650,70,D,NI,PD,D
13:39:50,PTBA,RG,3640,4,D,GR,YP,D
13:39:34,PTBA,RG,3640,1,D,GR,KK,D
13:39:28,PTBA,RG,3650,14,D,OD,PD,D
13:39:28,PTBA,RG,3650,16,D,OD,PD,D
13:39:24,PTBA,RG,3650,4,D,YP,PD,D
13:39:13,PTBA,RG,3650,3,D,YP,PD,D
13:39:13,PTBA,RG,3650,10,D,YP,SQ,D
13:39:13,PTBA,RG,3650,1,D,YP,AZ,D
13:39:13,PTBA,RG,3650,1,D,YP,XC,D
13:39:13,PTBA,RG,3650,1,D,YP,KK,D
13:39:13,PTBA,RG,3650,34,D,YP,FS,D
13:39:05,PTBA,RG,3650,25,D,PD,FS,D
13:38:37,PTBA,RG,3650,25,D,CC,FS,D
13:38:14,PTBA,RG,3650,42,F,ZP,FS,D
13:37:54,PTBA,RG,3650,13,D,XL,FS,D
13:37:25,PTBA,RG,3650,1,D,YP,FS,D
13:37:24,PTBA,RG,3650,1,D,YP,FS,D
13:37:08,PTBA,RG,3650,48,D,PD,FS,D
13:37:08,PTBA,RG,3650,100,D,PD,FS,D
13:37:03,PTBA,RG,3650,3,D,PD,FS,D
13:36:52,PTBA,RG,3650,1,D,XC,FS,D
13:35:38,PTBA,RG,3650,5,D,CC,FS,D
13:35:25,PTBA,RG,3650,42,F,ZP,FS,D
13:35:24,PTBA,RG,3650,5,D,PD,FS,D
13:35:24,PTBA,RG,3650,25,D,AZ,FS,D
13:35:22,PTBA,RG,3650,10,D,NI,FS,D
13:34:57,PTBA,RG,3650,3,D,SQ,FS,D
13:34:56,PTBA,RG,3650,24,F,ZP,FS,D
13:34:44,PTBA,RG,3650,1,D,XL,FS,D
13:34:29,PTBA,RG,3650,1,D,PD,FS,D
13:34:03,PTBA,RG,3650,18,D,PD,FS,D
13:33:44,PTBA,RG,3650,4,D,XL,FS,D
13:33:44,PTBA,RG,3650,2,D,XL,FS,D
13:33:41,PTBA,RG,3650,20,D,CC,FS,D
13:33:16,PTBA,RG,3650,1,D,XC,FS,D
13:32:56,PTBA,RG,3650,56,F,ZP,FS,D
13:32:55,PTBA,RG,3650,5,D,PD,FS,D
13:32:12,PTBA,RG,3640,1,D,GR,XC,D
13:32:02,PTBA,RG,3650,1,D,DH,FS,D
13:31:20,PTBA,RG,3640,1,D,GR,PD,D
13:31:03,PTBA,RG,3650,200,D,NI,FS,D
13:30:24,PTBA,RG,3650,41,F,ZP,FS,D
13:30:24,PTBA,RG,3650,3,F,ZP,CC,D
13:30:06,PTBA,RG,3650,1,F,AK,CC,D
13:30:05,PTBA,RG,3650,1,D,PD,CC,D
13:30:04,PTBA,RG,3640,1,D,GR,AK,F
13:30:04,PTBA,RG,3650,2,F,AK,CC,D
13:30:04,PTBA,RG,3650,1,D,XL,CC,D
13:30:04,PTBA,RG,3650,1,D,XL,CC,D
13:30:04,PTBA,RG,3650,12,D,XC,CC,D
13:30:04,PTBA,RG,3640,2,D,GR,XL,D
13:30:03,PTBA,RG,3650,1,D,XC,CC,D
13:30:03,PTBA,RG,3650,4,D,XC,CC,D
13:30:03,PTBA,RG,3650,1,D,XC,CC,D
13:30:03,PTBA,RG,3650,4,D,XC,CC,D
13:30:03,PTBA,RG,3650,1,D,XC,CC,D
13:30:03,PTBA,RG,3650,5,D,CC,CC,D
13:30:03,PTBA,RG,3650,7,D,CC,CC,D
13:30:03,PTBA,RG,3650,1,D,YP,CC,D
13:30:03,PTBA,RG,3650,10,D,XC,CC,D
13:30:03,PTBA,RG,3650,1,D,XC,CC,D
13:30:03,PTBA,RG,3640,3,D,GR,XC,D
13:30:03,PTBA,RG,3650,3,D,CC,CC,D
13:30:03,PTBA,RG,3650,1,D,XC,CC,D
13:30:03,PTBA,RG,3640,35,D,GR,XC,D
13:30:03,PTBA,RG,3650,1,D,XC,CC,D
13:30:03,PTBA,RG,3650,4,D,CC,CC,D
13:30:03,PTBA,RG,3650,3,D,XC,CC,D
13:30:03,PTBA,RG,3650,1,D,CC,CC,D
13:30:03,PTBA,RG,3650,27,D,OD,CC,D
13:30:03,PTBA,RG,3650,3,D,OD,XC,D
13:30:03,PTBA,RG,3650,20,D,OD,EP,D
13:30:03,PTBA,RG,3650,1,D,XC,EP,D
13:30:03,PTBA,RG,3650,1,D,XL,EP,D
13:30:02,PTBA,RG,3650,2,D,XC,EP,D
13:30:02,PTBA,RG,3650,1,D,XC,EP,D
13:30:02,PTBA,RG,3650,14,D,XC,EP,D
13:30:02,PTBA,RG,3650,5,D,YP,EP,D
13:30:02,PTBA,RG,3650,10,D,XC,EP,D
13:30:02,PTBA,RG,3650,1,D,XC,EP,D
13:30:02,PTBA,RG,3650,2,D,OD,EP,D
13:30:02,PTBA,RG,3640,2,D,GR,XL,D
13:30:02,PTBA,RG,3650,10,D,XL,EP,D
13:30:02,PTBA,RG,3650,1,D,CC,EP,D
13:30:02,PTBA,RG,3640,3,D,GR,XL,D
13:30:02,PTBA,RG,3650,1,D,XL,EP,D
13:30:02,PTBA,RG,3650,3,D,XL,EP,D
13:30:02,PTBA,RG,3650,50,D,CC,EP,D
13:30:01,PTBA,RG,3650,10,D,YP,EP,D
13:30:01,PTBA,RG,3650,3,D,PD,EP,D
13:30:01,PTBA,RG,3650,2,D,PD,XC,D
13:30:01,PTBA,RG,3650,2,D,PD,BQ,D
13:30:01,PTBA,RG,3650,1,D,PD,CC,D
13:30:01,PTBA,RG,3650,9,D,PD,XC,D
13:30:01,PTBA,RG,3650,5,D,XL,XC,D
13:30:01,PTBA,RG,3650,3,D,PD,XC,D
13:30:01,PTBA,RG,3650,2,D,PD,XC,D
13:30:01,PTBA,RG,3650,1,D,PD,XC,D
13:30:01,PTBA,RG,3650,1,D,PD,CC,D
13:30:01,PTBA,RG,3650,5,D,PD,CC,D
13:30:01,PTBA,RG,3640,1,D,GR,PD,D
13:30:01,PTBA,RG,3650,1,D,PD,CC,D
13:30:01,PTBA,RG,3650,3,D,XL,CC,D
13:30:01,PTBA,RG,3650,1,D,XL,CC,D
13:30:01,PTBA,RG,3650,2,D,PD,CC,D
13:30:01,PTBA,RG,3650,3,D,PD,CC,D
13:30:01,PTBA,RG,3650,1,D,PD,CC,D
13:30:01,PTBA,RG,3640,1,D,GR,PD,D
13:30:01,PTBA,RG,3650,3,D,PD,CC,D
13:30:01,PTBA,RG,3650,11,D,XL,CC,D
13:30:01,PTBA,RG,3650,5,D,PD,CC,D
13:30:01,PTBA,RG,3650,1,D,PD,CC,D
13:30:01,PTBA,RG,3650,10,D,SQ,CC,D
13:30:01,PTBA,RG,3650,3,D,DH,CC,D
13:30:01,PTBA,RG,3650,10,D,DH,CC,D
13:30:01,PTBA,RG,3650,1,D,DH,CC,D
13:30:01,PTBA,RG,3650,2,D,CC,CC,D
13:30:01,PTBA,RG,3640,2,D,GR,PD,D
13:30:01,PTBA,RG,3650,2,D,SQ,CC,D
13:30:01,PTBA,RG,3650,1,D,PD,CC,D
13:30:01,PTBA,RG,3650,50,D,KK,CC,D
13:30:01,PTBA,RG,3650,1,D,CP,CC,D
13:30:01,PTBA,RG,3650,3,D,EP,CC,D
13:30:01,PTBA,RG,3640,5,D,GR,PD,D
13:30:01,PTBA,RG,3650,2,D,MG,CC,D
11:29:50,PTBA,RG,3650,1,F,ZP,CC,D
11:29:37,PTBA,RG,3650,13,F,ZP,CC,D
11:29:35,PTBA,RG,3650,100,D,AZ,CC,D
11:29:23,PTBA,RG,3650,31,F,ZP,CC,D
11:29:23,PTBA,RG,3640,10,D,GR,YP,D
11:29:14,PTBA,RG,3640,5,D,GR,AT,D
11:29:02,PTBA,RG,3640,6,D,GR,PD,D
11:29:01,PTBA,RG,3640,12,D,GR,PD,D
11:28:55,PTBA,RG,3650,1,D,KZ,CC,D
11:28:50,PTBA,RG,3640,1,D,GR,KZ,D
11:28:50,PTBA,RG,3650,8,D,KZ,CC,D
11:28:50,PTBA,RG,3650,8,D,KZ,CC,D
11:28:45,PTBA,RG,3640,1,D,GR,KZ,D
11:28:45,PTBA,RG,3640,1,D,GR,KZ,D
11:28:37,PTBA,RG,3640,5,D,GR,XC,D
11:28:33,PTBA,RG,3640,38,D,GR,YU,D
11:28:33,PTBA,RG,3640,43,D,GR,YU,D
11:28:32,PTBA,RG,3640,73,D,GR,YU,D
11:28:28,PTBA,RG,3650,1,D,XL,CC,D
11:28:24,PTBA,RG,3640,4,D,GR,KZ,D
11:28:20,PTBA,RG,3650,1,D,IF,CC,D
11:28:18,PTBA,RG,3650,1,D,PD,CC,D
11:28:01,PTBA,RG,3640,23,D,GR,YU,D
11:27:49,PTBA,RG,3650,2,D,SQ,CC,D
11:27:31,PTBA,RG,3650,1,F,AK,CC,D
11:27:15,PTBA,RG,3640,3,D,GR,KZ,D
11:27:15,PTBA,RG,3650,1,D,KZ,YP,D
11:27:14,PTBA,RG,3650,2,D,CC,YP,D
11:27:10,PTBA,RG,3650,1,D,KZ,YP,D
11:27:10,PTBA,RG,3650,2,D,KZ,YP,D
11:26:45,PTBA,RG,3650,6,D,KZ,YP,D
11:26:10,PTBA,RG,3640,4,D,GR,KZ,D
11:26:10,PTBA,RG,3650,3,D,KZ,YP,D
11:26:10,PTBA,RG,3650,3,D,KZ,YP,D
11:26:05,PTBA,RG,3650,7,D,KZ,YP,D
11:25:49,PTBA,RG,3650,1,D,YP,PD,D
11:25:48,PTBA,RG,3650,1,D,DH,YP,D
11:25:48,PTBA,RG,3650,2,D,DH,YU,D
11:25:45,PTBA,RG,3650,1,D,CC,YU,D
11:25:31,PTBA,RG,3650,2,D,YP,YU,D
11:25:30,PTBA,RG,3650,1,F,AK,YU,D
11:25:16,PTBA,RG,3650,26,F,ZP,YU,D
11:25:09,PTBA,RG,3650,6,D,KZ,YU,D
11:25:00,PTBA,RG,3640,3,D,GR,KZ,D
11:24:54,PTBA,RG,3640,23,D,GR,DX,D
11:24:36,PTBA,RG,3640,3,D,GR,NI,D
11:24:34,PTBA,RG,3650,1,D,PD,YU,D
11:24:26,PTBA,RG,3640,28,D,GR,DX,D
11:24:15,PTBA,RG,3640,2,D,GR,XC,D
11:24:10,PTBA,RG,3650,3,D,KZ,YU,D
11:24:00,PTBA,RG,3640,72,D,GR,YU,D
11:24:00,PTBA,RG,3640,3,D,XC,YU,D
11:23:58,PTBA,RG,3650,2,D,NI,YU,D
11:23:58,PTBA,RG,3650,3,D,NI,CC,F
11:23:58,PTBA,RG,3650,5,D,CC,CC,F
11:23:57,PTBA,RG,3650,1,D,NI,CC,F
11:23:39,PTBA,RG,3640,1,D,XC,KZ,D
11:23:30,PTBA,RG,3650,1,F,AK,CC,F
11:23:25,PTBA,RG,3640,8,D,XC,XC,D
11:23:15,PTBA,RG,3650,1,D,YB,EP,D
11:23:09,PTBA,RG,3650,2,D,KZ,EP,D
11:22:24,PTBA,RG,3640,5,D,XC,XC,D
11:22:07,PTBA,RG,3640,3,D,XC,DX,D
11:22:07,PTBA,RG,3640,10,D,SQ,DX,D
11:22:07,PTBA,RG,3640,2,D,DH,DX,D
11:22:07,PTBA,RG,3640,1,D,PD,DX,D
11:22:07,PTBA,RG,3640,11,D,NI,DX,D
11:22:07,PTBA,RG,3640,5,D,IN,DX,D
11:22:04,PTBA,RG,3640,10,D,IN,XC,D
11:22:00,PTBA,RG,3650,1,F,AK,EP,D
11:21:47,PTBA,RG,3640,15,D,IN,PD,D
11:21:08,PTBA,RG,3640,1,D,IN,AK,F
11:21:03,PTBA,RG,3650,1,D,PD,EP,D
11:20:51,PTBA,RG,3650,1,D,YP,EP,D
11:20:49,PTBA,RG,3650,3,D,XC,EP,D
11:20:46,PTBA,RG,3640,4,D,IN,PD,D
11:20:30,PTBA,RG,3650,1,F,AK,EP,D
11:20:16,PTBA,RG,3650,18,F,ZP,EP,D
11:20:00,PTBA,RG,3640,84,D,IN,YU,D
11:19:56,PTBA,RG,3640,11,D,IN,NI,D
11:19:48,PTBA,RG,3640,30,D,IN,DX,D
11:19:30,PTBA,RG,3650,1,D,KK,EP,D
11:19:15,PTBA,RG,3650,6,D,LG,EP,D
11:18:52,PTBA,RG,3650,1,D,PD,EP,D
11:18:45,PTBA,RG,3650,1,F,AK,EP,D
11:18:45,PTBA,RG,3650,38,F,ZP,EP,D
11:18:45,PTBA,RG,3650,1,F,ZP,YU,D
11:18:39,PTBA,RG,3650,2,D,XC,YU,D
11:18:25,PTBA,RG,3650,28,D,KZ,YU,D
11:18:25,PTBA,RG,3650,3,D,YP,YU,D
11:18:25,PTBA,RG,3650,32,D,YP,ZP,F
11:18:25,PTBA,RG,3650,60,D,YP,YP,D
11:18:25,PTBA,RG,3650,5,D,YP,YP,D
11:18:19,PTBA,RG,3650,1,D,XL,YP,D
11:17:45,PTBA,RG,3650,5,D,YP,YP,D
11:17:29,PTBA,RG,3650,2,D,XC,YP,D
11:17:28,PTBA,RG,3640,24,D,IN,DX,D
11:17:11,PTBA,RG,3650,7,D,EP,YP,D
11:17:11,PTBA,RG,3650,93,D,EP,YP,D
11:17:08,PTBA,RG,3650,4,D,PD,YP,D
11:17:00,PTBA,RG,3640,79,D,IN,YU,D
11:16:53,PTBA,RG,3650,3,D,XL,YP,D
11:16:40,PTBA,RG,3650,1,D,XC,BK,F
11:16:15,PTBA,RG,3650,1,F,AK,BK,F
11:16:09,PTBA,RG,3650,1,D,KK,BK,F
11:15:53,PTBA,RG,3640,1,D,IN,AK,F
11:15:43,PTBA,RG,3650,17,D,KK,BK,F
11:15:16,PTBA,RG,3650,22,F,ZP,BK,F
11:15:13,PTBA,RG,3640,24,D,IN,DX,D
11:15:11,PTBA,RG,3650,3,D,XC,BK,F
11:15:05,PTBA,RG,3650,1,D,GR,BK,F
11:14:57,PTBA,RG,3650,1,D,NI,BK,F
11:14:27,PTBA,RG,3650,5,D,YP,BK,F
11:14:19,PTBA,RG,3640,2,D,IN,PD,D
11:13:51,PTBA,RG,3650,5,D,CC,BK,F
11:13:47,PTBA,RG,3650,7,D,XL,BK,F
11:13:39,PTBA,RG,3650,5,D,OD,BK,F
11:12:48,PTBA,RG,3650,2,D,CC,BK,F
11:12:48,PTBA,RG,3640,27,D,IN,DX,D
11:12:40,PTBA,RG,3640,20,D,IN,XC,D
11:12:32,PTBA,RG,3640,5,D,IN,XC,D
11:11:59,PTBA,RG,3650,10,D,NI,BK,F
11:11:48,PTBA,RG,3650,1,D,SQ,BK,F
11:11:25,PTBA,RG,3650,5,D,DH,BK,F
11:11:25,PTBA,RG,3650,10,D,YP,BK,F
11:11:21,PTBA,RG,3650,10,D,YP,BK,F
11:11:17,PTBA,RG,3650,1,D,PD,BK,F
11:11:17,PTBA,RG,3650,1,D,KK,BK,F
11:11:12,PTBA,RG,3650,5,D,KK,BK,F
11:11:03,PTBA,RG,3650,5,D,YP,BK,F
11:10:46,PTBA,RG,3650,3,D,KK,BK,F
11:10:17,PTBA,RG,3640,10,D,IN,XC,D
11:10:11,PTBA,RG,3650,1,F,ZP,BK,F
11:10:11,PTBA,RG,3650,32,F,ZP,DX,D
11:10:11,PTBA,RG,3650,24,F,ZP,CC,F
11:10:08,PTBA,RG,3650,10,D,YP,CC,F
11:09:58,PTBA,RG,3650,10,D,YP,CC,F
11:09:51,PTBA,RG,3650,6,D,YP,CC,F
11:09:51,PTBA,RG,3650,39,D,YP,YU,D
11:09:51,PTBA,RG,3650,31,D,YP,YU,D
11:09:51,PTBA,RG,3650,24,D,YP,YU,D
11:09:45,PTBA,RG,3650,10,D,YP,YU,D
11:09:43,PTBA,RG,3640,100,D,IN,YP,D
11:09:43,PTBA,RG,3640,1,D,IN,XL,D
11:09:43,PTBA,RG,3640,10,D,IN,CC,D
11:09:43,PTBA,RG,3640,285,D,IN,CC,D
11:09:43,PTBA,RG,3640,1,D,IN,HP,D
11:09:43,PTBA,RG,3640,1,D,IN,XL,D
11:09:24,PTBA,RG,3650,3,D,XL,BK,F
11:09:24,PTBA,RG,3650,1,D,PD,BK,F
11:09:24,PTBA,RG,3650,1,D,NI,BK,F
11:09:24,PTBA,RG,3650,18,D,FS,BK,F
11:09:24,PTBA,RG,3650,1,D,SQ,BK,F
11:09:24,PTBA,RG,3650,1,D,XC,BK,F
11:09:24,PTBA,RG,3650,15,D,OD,BK,F
11:09:24,PTBA,RG,3650,14,D,XC,BK,F
11:09:24,PTBA,RG,3650,4,D,CC,BK,F
11:09:24,PTBA,RG,3650,3,D,SQ,BK,F
11:09:24,PTBA,RG,3650,25,D,KZ,BK,F
11:09:24,PTBA,RG,3650,1,D,NI,BK,F
11:09:24,PTBA,RG,3650,35,D,NI,BK,F
11:09:20,PTBA,RG,3650,25,D,NI,ZP,F
11:09:16,PTBA,RG,3650,76,D,NI,BK,F
11:09:08,PTBA,RG,3650,105,D,NI,BK,F
11:09:02,PTBA,RG,3650,7,D,NI,KZ,D
11:09:02,PTBA,RG,3650,3,D,NI,OD,D
11:09:01,PTBA,RG,3650,23,D,NI,BK,F
11:09:01,PTBA,RG,3650,1,D,CC,BK,F
11:09:01,PTBA,RG,3650,1,D,CC,BK,F
11:09:01,PTBA,RG,3650,100,D,AZ,BK,F
11:09:01,PTBA,RG,3650,1,D,YP,BK,F
11:09:01,PTBA,RG,3650,15,D,PD,BK,F
11:09:01,PTBA,RG,3650,1,D,NI,BK,F
11:09:01,PTBA,RG,3650,1,D,XC,BK,F
11:09:01,PTBA,RG,3650,1,D,NI,BK,F
11:09:01,PTBA,RG,3650,1,D,AZ,BK,F
11:09:01,PTBA,RG,3650,35,D,YP,BK,F
11:09:01,PTBA,RG,3650,2,D,XC,BK,F
11:09:01,PTBA,RG,3650,10,D,YU,BK,F
11:09:01,PTBA,RG,3650,71,D,EP,BK,F
11:08:51,PTBA,RG,3650,29,D,EP,EP,D
11:08:51,PTBA,RG,3650,1,D,XC,EP,D
11:08:51,PTBA,RG,3650,1,F,AK,EP,D
11:08:51,PTBA,RG,3650,4,D,CC,EP,D
11:08:51,PTBA,RG,3650,1,D,KK,EP,D
11:08:51,PTBA,RG,3650,10,D,SQ,EP,D
11:08:51,PTBA,RG,3650,1,D,XL,EP,D
11:08:51,PTBA,RG,3650,1,D,YP,EP,D
11:08:51,PTBA,RG,3650,5,D,SQ,EP,D
11:08:51,PTBA,RG,3650,22,D,OD,EP,D
11:08:15,PTBA,RG,3650,28,D,OD,BK,F
11:08:15,PTBA,RG,3650,3,D,XC,BK,F
11:08:15,PTBA,RG,3650,33,D,KZ,BK,F
11:08:15,PTBA,RG,3650,2,D,XL,BK,F
11:08:15,PTBA,RG,3650,1,D,YP,BK,F
11:08:15,PTBA,RG,3650,1,D,PD,BK,F
11:08:15,PTBA,RG,3650,5,D,XL,BK,F
11:08:15,PTBA,RG,3650,6,D,SQ,BK,F
11:08:15,PTBA,RG,3650,1,D,KK,BK,F
11:08:15,PTBA,RG,3650,1,D,PD,BK,F
11:08:15,PTBA,RG,3650,10,D,RF,BK,F
11:08:15,PTBA,RG,3650,6,D,EP,BK,F
11:08:15,PTBA,RG,3650,1,D,PD,BK,F
11:08:15,PTBA,RG,3650,8,D,XC,BK,F
11:08:15,PTBA,RG,3650,3,D,CP,BK,F
11:08:11,PTBA,RG,3650,17,D,CP,OD,D
11:08:11,PTBA,RG,3650,3,D,YP,OD,D
11:08:09,PTBA,RG,3650,27,D,YP,DX,D
11:08:07,PTBA,RG,3650,5,D,YP,KZ,D
11:08:03,PTBA,RG,3650,5,D,YP,BK,F
11:08:03,PTBA,RG,3650,1,D,XC,BK,F
11:08:03,PTBA,RG,3650,1,D,NI,BK,F
11:08:03,PTBA,RG,3650,10,D,GR,BK,F
11:08:03,PTBA,RG,3650,120,F,ZP,BK,F
11:08:03,PTBA,RG,3650,3,D,XL,BK,F
11:08:03,PTBA,RG,3650,5,D,YP,BK,F
11:08:03,PTBA,RG,3650,1,D,PD,BK,F
11:08:03,PTBA,RG,3650,3,D,PD,BK,F
11:08:03,PTBA,RG,3650,1,D,PD,BK,F
11:08:03,PTBA,RG,3650,1,D,PD,BK,F
11:08:03,PTBA,RG,3650,100,D,YP,BK,F
11:08:03,PTBA,RG,3650,1,D,XC,BK,F
11:08:03,PTBA,RG,3650,1,D,SQ,BK,F
11:08:03,PTBA,RG,3650,1,F,AK,BK,F
11:08:03,PTBA,RG,3650,1,D,YP,BK,F
11:08:03,PTBA,RG,3650,1,D,XC,BK,F
11:08:03,PTBA,RG,3650,1,D,PD,BK,F
11:08:03,PTBA,RG,3650,1,D,CC,BK,F
11:08:03,PTBA,RG,3650,2,D,SQ,BK,F
11:08:03,PTBA,RG,3650,22,D,XL,BK,F
11:08:03,PTBA,RG,3650,1,D,XC,BK,F
11:08:03,PTBA,RG,3650,5,D,DH,BK,F
11:08:03,PTBA,RG,3650,4,D,PD,BK,F
11:08:00,PTBA,RG,3650,15,D,PD,XC,D
11:07:55,PTBA,RG,3650,1,D,PD,PD,D
11:07:55,PTBA,RG,3650,1,D,XL,PD,D
11:07:55,PTBA,RG,3650,3,D,YU,PD,D
11:07:54,PTBA,RG,3660,88,F,ZP,BK,F
11:07:54,PTBA,RG,3650,7,D,YU,BK,F
11:07:54,PTBA,RG,3650,10,D,YP,BK,F
11:07:54,PTBA,RG,3650,1,D,CC,BK,F
11:07:54,PTBA,RG,3650,50,D,YP,BK,F
11:07:54,PTBA,RG,3650,3,D,XL,BK,F
11:07:54,PTBA,RG,3650,1,D,YP,BK,F
11:07:54,PTBA,RG,3650,2,D,XL,BK,F
11:07:54,PTBA,RG,3650,10,D,CC,BK,F
11:07:54,PTBA,RG,3650,1,D,PD,BK,F
11:07:54,PTBA,RG,3650,15,D,YP,BK,F
11:07:54,PTBA,RG,3650,1,D,DH,BK,F
11:07:54,PTBA,RG,3650,30,D,YP,BK,F
11:07:54,PTBA,RG,3650,10,D,PD,BK,F
11:07:54,PTBA,RG,3650,1,D,DR,BK,F
11:07:54,PTBA,RG,3650,12,D,YP,BK,F
11:07:54,PTBA,RG,3650,100,D,CC,BK,F
11:07:54,PTBA,RG,3650,44,D,ZP,BK,F
11:07:47,PTBA,RG,3650,90,D,ZP,BK,F
11:07:46,PTBA,RG,3650,103,D,ZP,YP,D
11:07:37,PTBA,RG,3650,43,D,ZP,XL,D
11:07:37,PTBA,RG,3650,1,D,ZP,XL,D
11:07:37,PTBA,RG,3650,4,D,KZ,XL,D
11:07:37,PTBA,RG,3650,1,D,XC,XL,D
11:07:37,PTBA,RG,3650,1,D,XC,XL,D
11:07:37,PTBA,RG,3650,2,D,XL,XL,D
11:07:37,PTBA,RG,3650,56,D,GR,XL,D
11:07:26,PTBA,RG,3650,50,D,GR,EP,D
11:07:04,PTBA,RG,3650,44,D,GR,PD,D
11:07:04,PTBA,RG,3650,4,D,PD,PD,D
11:06:59,PTBA,RG,3660,13,D,EP,BK,F
11:06:59,PTBA,RG,3660,44,D,EP,YU,D
11:06:59,PTBA,RG,3660,31,D,EP,YU,D
11:06:59,PTBA,RG,3660,12,D,EP,YU,D
11:06:41,PTBA,RG,3650,3,D,PD,XC,D
11:05:55,PTBA,RG,3650,1,D,PD,DX,D
11:05:55,PTBA,RG,3650,25,D,CC,DX,D
11:05:29,PTBA,RG,3660,1,D,XC,YU,D
11:05:24,PTBA,RG,3660,2,D,XL,YU,D
11:05:13,PTBA,RG,3660,23,F,ZP,YU,D
11:05:13,PTBA,RG,3660,27,F,ZP,FS,D
11:05:00,PTBA,RG,3650,25,D,CC,YU,D
11:05:00,PTBA,RG,3650,1,D,XC,YU,D
11:05:00,PTBA,RG,3650,3,D,XC,YU,D
11:05:00,PTBA,RG,3650,1,D,NI,YU,D
11:05:00,PTBA,RG,3650,1,D,CC,YU,D
11:05:00,PTBA,RG,3650,1,D,PD,YU,D
11:05:00,PTBA,RG,3650,1,D,PD,YU,D
11:05:00,PTBA,RG,3650,3,D,OD,YU,D
11:05:00,PTBA,RG,3650,1,D,XC,YU,D
11:05:00,PTBA,RG,3650,1,D,XC,YU,D
11:05:00,PTBA,RG,3650,41,D,IF,YU,D
11:05:00,PTBA,RG,3650,9,D,IF,YU,D
11:05:00,PTBA,RG,3650,13,D,NI,YU,D
11:05:00,PTBA,RG,3650,5,D,XC,YU,D
11:05:00,PTBA,RG,3650,10,D,OD,YU,D
11:05:00,PTBA,RG,3650,4,D,XL,YU,D
11:05:00,PTBA,RG,3650,1,D,SQ,YU,D
11:05:00,PTBA,RG,3650,1,D,XC,YU,D
11:05:00,PTBA,RG,3650,3,D,CC,YU,D
11:05:00,PTBA,RG,3650,4,D,OD,YU,D
11:05:00,PTBA,RG,3650,10,D,PD,YU,D
11:05:00,PTBA,RG,3650,10,D,XC,YU,D
11:04:46,PTBA,RG,3650,5,D,XC,OD,D
11:04:00,PTBA,RG,3650,28,D,XC,YU,D
11:04:00,PTBA,RG,3650,6,D,XL,YU,D
11:04:00,PTBA,RG,3650,29,D,YP,YU,D
11:03:55,PTBA,RG,3660,3,D,NI,FS,D
11:03:36,PTBA,RG,3650,29,D,YP,DX,D
11:03:29,PTBA,RG,3660,2,D,YP,FS,D
11:02:43,PTBA,RG,3660,5,D,XL,FS,D
11:02:39,PTBA,RG,3650,3,D,YP,XL,D
11:02:09,PTBA,RG,3660,5,D,PD,FS,D
11:01:48,PTBA,RG,3650,14,D,YP,XL,D
11:01:48,PTBA,RG,3650,3,D,SQ,XL,D
11:01:48,PTBA,RG,3650,1,D,XC,XL,D
11:01:41,PTBA,RG,3650,5,D,YP,XC,D
11:01:34,PTBA,RG,3650,5,D,YP,BQ,D
11:01:34,PTBA,RG,3650,2,D,PD,BQ,D
11:01:34,PTBA,RG,3650,7,D,DH,BQ,D
11:01:34,PTBA,RG,3650,1,D,XL,BQ,D
11:01:34,PTBA,RG,3650,5,D,YP,BQ,D
11:01:34,PTBA,RG,3650,1,D,SQ,BQ,D
11:01:34,PTBA,RG,3650,50,D,YP,BQ,D
11:01:34,PTBA,RG,3650,5,D,SQ,BQ,D
11:01:34,PTBA,RG,3650,1,D,SQ,BQ,D
11:01:34,PTBA,RG,3650,31,D,YP,BQ,D
11:01:34,PTBA,RG,3650,1,D,PD,BQ,D
11:01:34,PTBA,RG,3650,1,D,XC,BQ,D
11:01:34,PTBA,RG,3650,50,D,NI,BQ,D
11:01:34,PTBA,RG,3650,86,F,ZP,BQ,D
11:01:34,PTBA,RG,3650,10,D,DH,BQ,D
11:01:34,PTBA,RG,3650,100,D,LG,BQ,D
11:01:34,PTBA,RG,3650,5,F,ZP,BQ,D
11:01:34,PTBA,RG,3650,1,D,PD,BQ,D
11:01:34,PTBA,RG,3650,1,D,PD,BQ,D
11:01:34,PTBA,RG,3650,10,D,XL,BQ,D
11:01:34,PTBA,RG,3650,10,D,YP,BQ,D
11:01:34,PTBA,RG,3650,10,D,YP,BQ,D
11:01:34,PTBA,RG,3650,3,D,PD,BQ,D
11:01:34,PTBA,RG,3650,1,D,XC,BQ,D
11:01:34,PTBA,RG,3650,2,D,PD,BQ,D
11:01:34,PTBA,RG,3650,10,D,FZ,BQ,D
11:01:34,PTBA,RG,3650,20,D,OD,BQ,D
11:01:34,PTBA,RG,3650,10,D,PD,BQ,D
11:01:34,PTBA,RG,3650,1,D,PD,BQ,D
11:01:34,PTBA,RG,3650,1,D,YP,BQ,D
11:01:34,PTBA,RG,3650,15,D,XL,BQ,D
11:01:34,PTBA,RG,3650,3,D,YP,BQ,D
11:01:34,PTBA,RG,3650,1,D,CC,BQ,D
11:01:34,PTBA,RG,3650,1,D,NI,BQ,D
11:01:34,PTBA,RG,3650,1,D,KK,BQ,D
11:01:34,PTBA,RG,3650,10,D,PD,BQ,D
11:01:34,PTBA,RG,3650,14,D,OD,BQ,D
11:01:34,PTBA,RG,3650,2,D,XL,BQ,D
11:01:34,PTBA,RG,3650,5,D,CC,BQ,D
11:01:34,PTBA,RG,3650,3,D,PD,BQ,D
11:01:34,PTBA,RG,3650,20,D,GR,BQ,D
11:01:34,PTBA,RG,3650,1,D,YP,BQ,D
11:01:34,PTBA,RG,3650,6,D,PD,BQ,D
11:01:34,PTBA,RG,3650,1,D,CC,BQ,D
11:01:34,PTBA,RG,3650,40,D,DR,BQ,D
11:01:34,PTBA,RG,3650,1,D,PD,BQ,D
11:01:34,PTBA,RG,3650,1,D,CC,BQ,D
11:01:34,PTBA,RG,3650,1,D,XL,BQ,D
11:01:34,PTBA,RG,3650,2,D,YP,BQ,D
11:01:34,PTBA,RG,3650,5,D,NI,BQ,D
11:01:34,PTBA,RG,3650,200,D,GR,BQ,D
11:01:34,PTBA,RG,3650,1,D,XL,BQ,D
11:01:34,PTBA,RG,3650,25,D,OD,BQ,D
11:01:34,PTBA,RG,3650,20,D,BQ,BQ,D
11:01:34,PTBA,RG,3650,34,D,YP,BQ,D
11:01:34,PTBA,RG,3650,3,D,XC,BQ,D
11:01:34,PTBA,RG,3650,10,D,PD,BQ,D
11:01:34,PTBA,RG,3650,1,D,CC,BQ,D
11:01:34,PTBA,RG,3650,25,D,YP,BQ,D
11:01:34,PTBA,RG,3650,1,D,EP,BQ,D
11:01:34,PTBA,RG,3650,3,D,PD,BQ,D
11:01:34,PTBA,RG,3650,1,D,SQ,BQ,D
11:01:34,PTBA,RG,3650,10,F,YP,BQ,D
11:01:34,PTBA,RG,3650,8,D,SQ,BQ,D
11:01:34,PTBA,RG,3650,20,D,LG,BQ,D
11:01:34,PTBA,RG,3650,10,D,GR,BQ,D
11:01:34,PTBA,RG,3650,1,D,YP,BQ,D
11:01:34,PTBA,RG,3650,1,D,PD,BQ,D
11:01:34,PTBA,RG,3650,2,D,XL,BQ,D
11:01:34,PTBA,RG,3650,5,D,XL,BQ,D
11:01:34,PTBA,RG,3650,15,D,XC,BQ,D
11:01:34,PTBA,RG,3650,1,D,XL,BQ,D
11:01:34,PTBA,RG,3650,1,D,XC,BQ,D
11:01:34,PTBA,RG,3650,15,D,PD,BQ,D
11:01:34,PTBA,RG,3650,1,D,CC,BQ,D
11:01:34,PTBA,RG,3650,2,D,SQ,BQ,D
11:01:34,PTBA,RG,3650,1,D,PD,BQ,D
11:01:34,PTBA,RG,3650,9,D,XC,BQ,D
11:01:34,PTBA,RG,3660,73,F,ZP,FS,D
11:01:34,PTBA,RG,3650,1,D,XC,BQ,D
11:01:34,PTBA,RG,3650,200,D,CP,BQ,D
11:01:34,PTBA,RG,3650,5,D,ZP,BQ,D
11:01:34,PTBA,RG,3650,5,D,PD,BQ,D
11:01:34,PTBA,RG,3650,2,D,CC,BQ,D
11:01:34,PTBA,RG,3650,10,D,BQ,BQ,D
11:01:34,PTBA,RG,3650,2,D,GR,BQ,D
11:01:34,PTBA,RG,3650,5,D,YP,BQ,D
11:01:34,PTBA,RG,3650,1,D,CC,BQ,D
11:01:34,PTBA,RG,3650,5,D,KK,BQ,D
11:01:34,PTBA,RG,3650,1,F,AK,BQ,D
11:01:34,PTBA,RG,3650,10,D,PD,BQ,D
11:01:34,PTBA,RG,3650,2,D,XC,BQ,D
11:01:34,PTBA,RG,3650,5,D,PD,BQ,D
11:01:34,PTBA,RG,3650,8,D,YP,BQ,D
11:01:34,PTBA,RG,3650,5,D,NI,BQ,D
11:01:34,PTBA,RG,3650,1,D,PD,BQ,D
11:01:34,PTBA,RG,3650,5,D,PD,BQ,D
11:01:34,PTBA,RG,3650,1,D,CC,BQ,D
11:01:34,PTBA,RG,3650,10,D,PD,BQ,D
11:01:34,PTBA,RG,3650,1,D,OD,BQ,D
11:01:34,PTBA,RG,3650,1,D,XL,BQ,D
11:01:34,PTBA,RG,3650,2,D,CC,BQ,D
11:01:34,PTBA,RG,3650,3,D,XL,BQ,D
11:01:34,PTBA,RG,3650,27,D,CC,BQ,D
11:01:34,PTBA,RG,3650,1,F,AK,BQ,D
11:01:34,PTBA,RG,3650,3,D,SQ,BQ,D
11:01:34,PTBA,RG,3650,1,D,YP,BQ,D
11:01:34,PTBA,RG,3650,2,D,YB,BQ,D
11:01:34,PTBA,RG,3650,2,D,PD,BQ,D
11:01:34,PTBA,RG,3650,100,D,KK,BQ,D
11:01:34,PTBA,RG,3650,1,D,PD,BQ,D
11:01:34,PTBA,RG,3650,2,D,YP,BQ,D
11:01:34,PTBA,RG,3650,10,D,YP,BQ,D
11:01:34,PTBA,RG,3650,1,D,NI,BQ,D
11:01:34,PTBA,RG,3650,9,D,PD,BQ,D
11:01:34,PTBA,RG,3650,91,D,PD,BQ,D
11:01:34,PTBA,RG,3650,30,D,YP,BQ,D
11:01:34,PTBA,RG,3650,25,D,NI,BQ,D
11:01:34,PTBA,RG,3650,5,D,LG,BQ,D
11:01:34,PTBA,RG,3650,3,D,SQ,BQ,D
11:01:34,PTBA,RG,3650,10,D,YP,BQ,D
11:01:34,PTBA,RG,3650,10,D,XL,BQ,D
11:01:34,PTBA,RG,3650,51,D,SQ,BQ,D
11:01:34,PTBA,RG,3660,55,F,ZP,FS,D
11:01:34,PTBA,RG,3650,49,D,SQ,BQ,D
11:01:34,PTBA,RG,3650,3,D,YP,BQ,D
11:01:34,PTBA,RG,3650,10,D,PD,BQ,D
11:01:34,PTBA,RG,3650,100,D,SQ,BQ,D
11:01:34,PTBA,RG,3650,5,D,PD,BQ,D
11:01:34,PTBA,RG,3650,1,D,PD,BQ,D
11:01:34,PTBA,RG,3650,1,D,XC,BQ,D
11:01:34,PTBA,RG,3650,1,D,NI,BQ,D
11:01:34,PTBA,RG,3650,2,D,XC,BQ,D
11:01:34,PTBA,RG,3650,10,D,YP,BQ,D
11:01:34,PTBA,RG,3650,5,D,PD,BQ,D
11:01:34,PTBA,RG,3650,5,D,PD,BQ,D
11:01:34,PTBA,RG,3650,1,D,KK,BQ,D
11:01:34,PTBA,RG,3650,5,D,YP,BQ,D
11:01:34,PTBA,RG,3650,5,D,SQ,BQ,D
11:01:34,PTBA,RG,3650,1,D,XL,BQ,D
11:01:34,PTBA,RG,3650,2,D,XC,BQ,D
11:01:34,PTBA,RG,3650,1,D,YU,BQ,D
11:01:34,PTBA,RG,3650,2,D,CC,BQ,D
11:01:34,PTBA,RG,3650,5,D,LG,BQ,D
11:01:34,PTBA,RG,3650,1,D,PD,BQ,D
11:01:34,PTBA,RG,3650,1,D,XC,BQ,D
11:01:34,PTBA,RG,3650,1,D,XC,BQ,D
11:01:34,PTBA,RG,3650,8,D,YP,BQ,D
11:01:34,PTBA,RG,3660,107,F,ZP,FS,D
11:01:34,PTBA,RG,3650,7,D,YP,BQ,D
11:01:34,PTBA,RG,3650,5,D,PD,BQ,D
11:01:34,PTBA,RG,3650,1,D,XL,BQ,D
11:01:34,PTBA,RG,3650,1,D,XL,BQ,D
11:01:34,PTBA,RG,3650,3,D,XL,BQ,D
11:01:34,PTBA,RG,3650,2,D,XL,BQ,D
11:01:34,PTBA,RG,3650,10,D,PD,BQ,D
11:01:34,PTBA,RG,3650,20,D,YP,BQ,D
11:01:34,PTBA,RG,3650,30,D,PD,BQ,D
11:01:34,PTBA,RG,3650,10,D,PD,BQ,D
11:01:34,PTBA,RG,3650,2,D,CC,BQ,D
11:01:34,PTBA,RG,3650,5,D,XC,BQ,D
11:01:34,PTBA,RG,3650,5,D,DR,BQ,D
11:01:34,PTBA,RG,3650,1,D,OD,BQ,D
11:01:34,PTBA,RG,3650,1,D,YP,BQ,D
11:01:34,PTBA,RG,3650,4,D,XC,BQ,D
11:01:34,PTBA,RG,3650,5,D,SQ,BQ,D
11:01:34,PTBA,RG,3650,5,D,KK,BQ,D
11:01:34,PTBA,RG,3650,108,D,CP,BQ,D
11:01:34,PTBA,RG,3650,392,D,CP,BQ,D
11:01:34,PTBA,RG,3650,5,D,YP,BQ,D
11:01:34,PTBA,RG,3650,2,D,XC,BQ,D
11:01:34,PTBA,RG,3650,2,D,YP,BQ,D
11:01:34,PTBA,RG,3650,49,D,SQ,BQ,D
11:01:34,PTBA,RG,3650,300,D,SQ,BQ,D
11:01:34,PTBA,RG,3650,152,D,SQ,BQ,D
11:01:34,PTBA,RG,3650,73,D,GR,BQ,D
11:01:34,PTBA,RG,3660,89,F,ZP,FS,D
11:01:34,PTBA,RG,3650,427,D,GR,BQ,D
11:01:34,PTBA,RG,3650,1,D,EP,BQ,D
11:01:34,PTBA,RG,3650,5,D,YP,BQ,D
11:01:34,PTBA,RG,3650,2,D,XC,BQ,D
11:01:34,PTBA,RG,3650,4,D,PD,BQ,D
11:01:34,PTBA,RG,3650,10,D,YP,BQ,D
11:01:34,PTBA,RG,3650,10,D,PD,BQ,D
11:01:34,PTBA,RG,3650,2,D,DH,BQ,D
11:01:34,PTBA,RG,3650,5,D,KK,BQ,D
11:01:34,PTBA,RG,3650,10,D,PD,BQ,D
11:01:34,PTBA,RG,3650,1,D,GR,BQ,D
11:01:34,PTBA,RG,3650,10,D,SQ,BQ,D
11:01:34,PTBA,RG,3650,2,D,XC,BQ,D
11:01:34,PTBA,RG,3650,11,D,KK,BQ,D
11:01:34,PTBA,RG,3660,88,F,ZP,FS,D
11:01:34,PTBA,RG,3650,9,D,KK,BQ,D
11:01:34,PTBA,RG,3650,1,D,XC,BQ,D
11:01:34,PTBA,RG,3650,5,D,NI,BQ,D
11:01:34,PTBA,RG,3650,5,D,XC,BQ,D
11:01:34,PTBA,RG,3650,4,D,PD,BQ,D
11:01:34,PTBA,RG,3650,5,D,CC,BQ,D
11:01:34,PTBA,RG,3650,1,D,PD,BQ,D
11:01:34,PTBA,RG,3650,1,D,YP,BQ,D
11:01:34,PTBA,RG,3650,1,D,CC,BQ,D
11:01:34,PTBA,RG,3650,10,D,NI,BQ,D
11:01:34,PTBA,RG,3650,100,D,EP,BQ,D
11:01:34,PTBA,RG,3650,100,D,YP,BQ,D
11:01:34,PTBA,RG,3650,1,D,YP,BQ,D
11:01:34,PTBA,RG,3650,1,D,EP,BQ,D
11:01:34,PTBA,RG,3650,56,D,OD,BQ,D
11:01:34,PTBA,RG,3650,144,D,OD,BQ,D
11:01:34,PTBA,RG,3650,3,D,PD,BQ,D
11:01:34,PTBA,RG,3650,5,D,DR,BQ,D
11:01:34,PTBA,RG,3650,5,D,YP,BQ,D
11:01:34,PTBA,RG,3650,1,D,CC,BQ,D
11:01:34,PTBA,RG,3650,2,D,SQ,BQ,D
11:01:34,PTBA,RG,3650,3,D,HP,BQ,D
11:01:34,PTBA,RG,3650,5,D,YP,BQ,D
11:01:34,PTBA,RG,3650,15,D,OD,BQ,D
11:01:34,PTBA,RG,3650,1,D,YP,BQ,D
11:01:34,PTBA,RG,3650,5,D,PD,BQ,D
11:01:34,PTBA,RG,3650,2,D,AZ,BQ,D
11:01:34,PTBA,RG,3650,1,D,PD,BQ,D
11:01:34,PTBA,RG,3650,2,D,YP,BQ,D
11:01:34,PTBA,RG,3650,1,D,PD,BQ,D
11:01:34,PTBA,RG,3650,5,D,YP,BQ,D
11:01:34,PTBA,RG,3650,100,D,DH,BQ,D
11:01:33,PTBA,RG,3660,76,F,ZP,FS,D
11:01:33,PTBA,RG,3650,2,D,KK,BQ,D
11:01:33,PTBA,RG,3650,10,D,PD,BQ,D
11:01:33,PTBA,RG,3650,10,D,NI,BQ,D
11:01:33,PTBA,RG,3650,50,D,GR,BQ,D
11:01:33,PTBA,RG,3650,2,D,XC,BQ,D
11:01:33,PTBA,RG,3650,1,D,XC,BQ,D
11:01:33,PTBA,RG,3650,1,D,XC,BQ,D
11:01:33,PTBA,RG,3650,10,D,YP,BQ,D
11:01:33,PTBA,RG,3650,6,D,CC,BQ,D
11:01:33,PTBA,RG,3650,5,D,YP,BQ,D
11:01:33,PTBA,RG,3650,100,D,OD,BQ,D
11:01:33,PTBA,RG,3650,15,D,KK,BQ,D
11:01:33,PTBA,RG,3650,4,D,PD,BQ,D
11:01:33,PTBA,RG,3650,1,D,DH,BQ,D
11:01:33,PTBA,RG,3650,15,D,CP,BQ,D
11:01:33,PTBA,RG,3650,25,D,YJ,BQ,D
11:01:33,PTBA,RG,3650,10,D,CC,BQ,D
11:01:33,PTBA,RG,3650,3,D,KK,BQ,D
11:01:33,PTBA,RG,3650,5,D,YB,BQ,D
11:01:33,PTBA,RG,3650,1,D,PD,BQ,D
11:01:33,PTBA,RG,3650,5,D,PD,BQ,D
11:01:33,PTBA,RG,3650,1,D,PD,BQ,D
11:01:33,PTBA,RG,3650,5,D,YP,BQ,D
11:01:33,PTBA,RG,3650,3,D,SQ,BQ,D
11:01:33,PTBA,RG,3650,10,D,BQ,BQ,D
11:01:33,PTBA,RG,3650,50,D,YP,BQ,D
11:01:33,PTBA,RG,3650,1,D,YP,BQ,D
11:01:33,PTBA,RG,3650,3,D,YP,BQ,D
11:01:33,PTBA,RG,3650,2,D,PD,BQ,D
11:01:33,PTBA,RG,3650,1,D,SQ,BQ,D
11:01:33,PTBA,RG,3650,1,D,PD,BQ,D
11:01:33,PTBA,RG,3650,48,D,CC,BQ,D
11:01:33,PTBA,RG,3650,100,D,CC,BQ,D
11:01:33,PTBA,RG,3650,35,D,DR,BQ,D
11:01:33,PTBA,RG,3650,100,D,YP,BQ,D
11:01:33,PTBA,RG,3650,10,D,KK,BQ,D
11:01:33,PTBA,RG,3650,20,D,PD,BQ,D
11:01:33,PTBA,RG,3650,5,D,CC,BQ,D
11:01:33,PTBA,RG,3650,3,D,BQ,BQ,D
11:01:33,PTBA,RG,3650,1,D,CC,BQ,D
11:01:33,PTBA,RG,3650,5,D,SQ,BQ,D
11:01:33,PTBA,RG,3650,1,D,AZ,BQ,D
11:01:33,PTBA,RG,3650,100,D,CC,BQ,D
11:01:33,PTBA,RG,3650,101,D,NI,BQ,D
11:01:33,PTBA,RG,3650,5,D,CC,BQ,D
11:01:33,PTBA,RG,3650,2,D,CC,BQ,D
11:01:33,PTBA,RG,3650,2,D,KK,BQ,D
11:01:33,PTBA,RG,3650,1,D,PD,BQ,D
11:01:33,PTBA,RG,3650,1,D,MG,BQ,D
11:01:33,PTBA,RG,3650,2,D,DR,BQ,D
11:01:33,PTBA,RG,3650,4,D,PD,BQ,D
11:01:33,PTBA,RG,3650,5,D,AZ,BQ,D
11:01:33,PTBA,RG,3650,88,D,PD,BQ,D
11:01:33,PTBA,RG,3650,10,D,YP,BQ,D
11:01:33,PTBA,RG,3650,2,D,DR,BQ,D
11:01:33,PTBA,RG,3650,1,D,PD,BQ,D
11:01:33,PTBA,RG,3650,30,D,XC,BQ,D
11:01:33,PTBA,RG,3650,1,D,XC,BQ,D
11:01:33,PTBA,RG,3650,10,D,BQ,BQ,D
11:01:33,PTBA,RG,3650,2,D,PD,BQ,D
11:01:33,PTBA,RG,3650,3,D,PD,BQ,D
11:01:33,PTBA,RG,3650,10,D,GR,BQ,D
11:01:33,PTBA,RG,3650,10,D,PD,BQ,D
11:01:33,PTBA,RG,3650,1,D,NI,BQ,D
11:01:33,PTBA,RG,3650,5,D,PD,BQ,D
11:01:33,PTBA,RG,3650,1,D,YP,BQ,D
11:01:33,PTBA,RG,3650,1,D,XC,BQ,D
11:01:33,PTBA,RG,3650,1,D,PD,BQ,D
11:01:33,PTBA,RG,3650,1,D,CC,BQ,D
11:01:33,PTBA,RG,3650,9,D,GR,BQ,D
11:01:33,PTBA,RG,3650,100,D,YJ,BQ,D
11:01:33,PTBA,RG,3650,5,D,PD,BQ,D
11:01:32,PTBA,RG,3650,25,D,PD,CC,D
11:01:32,PTBA,RG,3650,3,D,PD,CC,D
11:01:32,PTBA,RG,3650,1,D,CC,CC,D
11:01:32,PTBA,RG,3650,2,D,YP,CC,D
11:01:32,PTBA,RG,3650,14,D,DR,CC,D
11:01:12,PTBA,RG,3650,28,D,DR,DX,D
11:00:19,PTBA,RG,3650,5,D,DR,OD,D
11:00:11,PTBA,RG,3650,3,D,DR,OD,D
11:00:11,PTBA,RG,3650,6,D,SQ,OD,D
11:00:10,PTBA,RG,3650,1,D,XC,PD,D
11:00:10,PTBA,RG,3650,2,D,PD,PD,D
11:00:08,PTBA,RG,3650,3,D,PD,OD,D
11:00:08,PTBA,RG,3650,1,D,PD,OD,D
11:00:08,PTBA,RG,3650,10,D,KK,OD,D
11:00:08,PTBA,RG,3650,2,D,PD,OD,D
11:00:08,PTBA,RG,3650,1,D,PD,OD,D
11:00:08,PTBA,RG,3650,20,D,YP,OD,D
11:00:08,PTBA,RG,3650,1,D,KK,OD,D
11:00:08,PTBA,RG,3650,1,D,XC,OD,D
11:00:08,PTBA,RG,3650,5,D,PD,OD,D
11:00:08,PTBA,RG,3650,1,D,NI,OD,D
11:00:08,PTBA,RG,3650,1,D,NI,OD,D
11:00:08,PTBA,RG,3650,1,D,YP,OD,D
11:00:08,PTBA,RG,3650,10,D,CC,OD,D
11:00:08,PTBA,RG,3650,2,D,XC,OD,D
11:00:08,PTBA,RG,3650,4,D,XC,OD,D
11:00:08,PTBA,RG,3650,2,D,CC,OD,D
11:00:08,PTBA,RG,3650,21,D,YP,OD,D
11:00:08,PTBA,RG,3650,261,D,NI,OD,D
11:00:00,PTBA,RG,3650,86,D,NI,YU,D
10:59:59,PTBA,RG,3660,6,D,PD,FS,D
10:58:54,PTBA,RG,3650,24,D,NI,DX,D
10:58:08,PTBA,RG,3660,10,D,XC,FS,D
10:58:00,PTBA,RG,3650,76,D,NI,YU,D
10:57:58,PTBA,RG,3650,1,D,NI,DH,D
10:57:49,PTBA,RG,3660,1,D,KK,FS,D
10:57:15,PTBA,RG,3660,1,F,AK,FS,D
10:57:11,PTBA,RG,3650,37,D,NI,OD,D
10:56:53,PTBA,RG,3650,1,D,NI,AK,F
10:56:44,PTBA,RG,3650,3,D,NI,XC,D
10:56:34,PTBA,RG,3650,11,D,NI,DX,D
10:56:34,PTBA,RG,3650,16,D,YB,DX,D
10:56:05,PTBA,RG,3650,1,D,YB,CC,D
10:55:59,PTBA,RG,3660,1,D,KK,FS,D
10:55:07,PTBA,RG,3660,10,D,RF,FS,D
10:54:36,PTBA,RG,3660,1,D,XC,FS,D
10:54:19,PTBA,RG,3650,28,D,YB,DX,D
10:53:38,PTBA,RG,3650,5,D,YB,PD,D
10:53:38,PTBA,RG,3650,15,D,YB,YP,D
10:53:27,PTBA,RG,3660,1,D,XC,FS,D
10:53:25,PTBA,RG,3660,1,D,PD,FS,D
10:53:08,PTBA,RG,3660,1,D,KK,FS,D
10:53:07,PTBA,RG,3660,1,D,XL,FS,D
10:52:50,PTBA,RG,3660,1,D,PD,FS,D
10:52:49,PTBA,RG,3660,27,D,XC,FS,D
10:52:44,PTBA,RG,3660,13,D,XC,FS,D
10:52:44,PTBA,RG,3660,1,D,PD,FS,D
10:52:44,PTBA,RG,3660,10,D,CD,FS,D
10:52:44,PTBA,RG,3660,40,D,KZ,FS,D
10:52:44,PTBA,RG,3660,1,D,PD,FS,D
10:52:44,PTBA,RG,3660,28,D,YP,FS,D
10:52:44,PTBA,RG,3660,2,D,XC,FS,D
10:52:44,PTBA,RG,3660,11,D,XL,FS,D
10:52:44,PTBA,RG,3660,15,D,OD,FS,D
10:52:44,PTBA,RG,3660,10,D,CC,FS,D
10:52:43,PTBA,RG,3660,10,D,CC,LG,D
10:52:43,PTBA,RG,3660,12,D,BQ,LG,D
10:52:39,PTBA,RG,3660,1,D,BQ,FS,D
10:52:39,PTBA,RG,3660,1,D,CC,FS,D
10:52:39,PTBA,RG,3660,2,D,CC,FS,D
10:52:39,PTBA,RG,3660,1,D,KK,FS,D
10:52:39,PTBA,RG,3660,3,D,XC,FS,D
10:52:39,PTBA,RG,3660,1,D,CC,FS,D
10:52:39,PTBA,RG,3660,25,D,PD,FS,D
10:52:25,PTBA,RG,3660,21,D,PD,ZP,F
10:52:20,PTBA,RG,3660,1,D,PD,XL,D
10:52:12,PTBA,RG,3660,9,D,PD,KZ,D
10:52:11,PTBA,RG,3670,58,F,ZP,YP,D
10:52:11,PTBA,RG,3670,30,F,ZP,CC,D
10:52:11,PTBA,RG,3670,21,F,ZP,XL,D
10:52:11,PTBA,RG,3660,44,D,PD,YP,D
10:52:11,PTBA,RG,3660,1,D,PD,YP,D
10:52:11,PTBA,RG,3660,3,D,DH,YP,D
10:52:11,PTBA,RG,3660,1,D,CC,YP,D
10:52:11,PTBA,RG,3660,1,D,XL,YP,D
10:52:11,PTBA,RG,3660,10,D,XL,YP,D
10:52:11,PTBA,RG,3660,1,D,CC,YP,D
10:52:11,PTBA,RG,3660,1,D,XL,YP,D
10:52:11,PTBA,RG,3660,1,D,YP,YP,D
10:52:11,PTBA,RG,3660,5,D,KK,YP,D
10:52:11,PTBA,RG,3660,25,D,PD,YP,D
10:52:11,PTBA,RG,3660,1,D,DH,YP,D
10:52:11,PTBA,RG,3660,2,D,CC,YP,D
10:52:11,PTBA,RG,3660,1,D,XC,YP,D
10:52:11,PTBA,RG,3660,1,D,PD,YP,D
10:52:11,PTBA,RG,3660,1,D,PD,YP,D
10:52:11,PTBA,RG,3660,1,D,XC,YP,D
10:52:11,PTBA,RG,3660,2,D,CC,YP,D
10:52:11,PTBA,RG,3660,5,D,XC,YP,D
10:52:11,PTBA,RG,3660,124,D,DR,YP,D
10:52:11,PTBA,RG,3660,1,D,PD,YP,D
10:52:11,PTBA,RG,3660,1,D,XC,YP,D
10:52:11,PTBA,RG,3660,25,D,PD,YP,D
10:52:11,PTBA,RG,3660,5,D,YP,YP,D
10:52:11,PTBA,RG,3660,10,D,NI,YP,D
10:52:11,PTBA,RG,3660,1,D,CP,YP,D
10:52:11,PTBA,RG,3660,1,D,XL,YP,D
10:52:11,PTBA,RG,3660,100,D,YP,YP,D
10:52:11,PTBA,RG,3660,20,D,NI,YP,D
10:52:11,PTBA,RG,3660,5,D,SQ,YP,D
10:52:11,PTBA,RG,3660,1,D,PD,YP,D
10:52:11,PTBA,RG,3660,5,F,BK,YP,D
10:52:11,PTBA,RG,3660,100,D,CC,YP,D
10:52:11,PTBA,RG,3660,113,F,ZP,YP,D
10:52:11,PTBA,RG,3660,10,D,SQ,YP,D
10:52:11,PTBA,RG,3660,1,D,XL,YP,D
10:52:11,PTBA,RG,3660,4,D,XC,YP,D
10:52:11,PTBA,RG,3660,1,D,XC,YP,D
10:52:11,PTBA,RG,3660,2,D,PD,YP,D
10:52:11,PTBA,RG,3660,3,D,YP,YP,D
10:52:11,PTBA,RG,3660,5,D,YP,YP,D
10:52:11,PTBA,RG,3660,2,D,XL,YP,D
10:52:11,PTBA,RG,3660,3,D,PD,YP,D
10:52:11,PTBA,RG,3660,2,D,SQ,YP,D
10:52:11,PTBA,RG,3660,1,D,PD,YP,D
10:52:11,PTBA,RG,3660,16,D,KZ,YP,D
10:52:11,PTBA,RG,3660,16,D,CP,YP,D
10:52:11,PTBA,RG,3660,5,D,DH,YP,D
10:52:11,PTBA,RG,3660,13,D,PD,YP,D
10:52:11,PTBA,RG,3660,1,F,AK,YP,D
10:52:11,PTBA,RG,3660,10,D,OD,YP,D
10:52:11,PTBA,RG,3660,10,D,XC,YP,D
10:52:11,PTBA,RG,3660,1,D,PD,YP,D
10:52:11,PTBA,RG,3660,1,D,BQ,YP,D
10:52:11,PTBA,RG,3660,10,D,CC,YP,D
10:52:11,PTBA,RG,3660,264,D,KK,YP,D
10:52:00,PTBA,RG,3660,84,D,KK,YU,D
10:51:59,PTBA,RG,3660,32,D,KK,DX,D
10:51:38,PTBA,RG,3660,7,D,KK,YP,D
10:51:13,PTBA,RG,3670,1,D,XC,XL,D
10:51:00,PTBA,RG,3670,1,F,AK,XL,D
10:50:48,PTBA,RG,3670,5,F,BK,XC,D
10:50:29,PTBA,RG,3660,3,D,KK,TF,D
10:50:26,PTBA,RG,3670,1,D,XC,XC,D
10:50:10,PTBA,RG,3670,28,F,ZP,XC,D
10:49:39,PTBA,RG,3660,27,D,KK,DX,D
10:49:25,PTBA,RG,3670,1,D,CC,XC,D
10:49:22,PTBA,RG,3660,1,D,KK,CC,D
10:49:14,PTBA,RG,3660,10,D,KK,PD,D
10:49:11,PTBA,RG,3660,1,D,KK,XC,D
10:49:00,PTBA,RG,3660,62,D,KK,YU,D
10:48:39,PTBA,RG,3660,1,D,KK,XL,D
10:48:19,PTBA,RG,3660,1,D,KK,XC,D
10:48:13,PTBA,RG,3660,7,D,KK,XC,D
10:48:13,PTBA,RG,3660,4,D,PD,XC,D
10:48:13,PTBA,RG,3660,3,D,XL,XC,D
10:48:13,PTBA,RG,3660,9,D,OD,XC,D
10:47:48,PTBA,RG,3660,6,D,OD,PD,D
10:47:48,PTBA,RG,3660,1,F,AK,PD,D
10:47:48,PTBA,RG,3660,1,D,CC,PD,D
10:47:48,PTBA,RG,3660,1,D,PD,PD,D
10:47:16,PTBA,RG,3660,9,D,PD,DX,D
10:47:16,PTBA,RG,3660,1,D,PD,DX,D
10:47:16,PTBA,RG,3660,14,D,KK,DX,D
10:46:52,PTBA,RG,3660,1,D,KK,PD,D
10:46:34,PTBA,RG,3670,1,D,CC,XC,D
10:46:02,PTBA,RG,3660,6,D,KK,KZ,D
10:46:00,PTBA,RG,3660,79,D,KK,YU,D
10:45:45,PTBA,RG,3670,1,F,AK,XC,D
10:45:18,PTBA,RG,3660,1,D,PD,PD,D
10:45:17,PTBA,RG,3670,13,F,ZP,XC,D
10:45:17,PTBA,RG,3670,8,F,ZP,KZ,D
10:45:17,PTBA,RG,3670,2,F,ZP,BQ,D
10:45:00,PTBA,RG,3660,27,D,PD,DX,D
10:44:41,PTBA,RG,3670,1,D,PD,BQ,D
10:44:40,PTBA,RG,3670,1,D,KK,BQ,D
10:44:40,PTBA,RG,3670,4,D,KK,YP,D
10:44:00,PTBA,RG,3670,10,D,XC,YP,D
10:43:55,PTBA,RG,3660,20,D,PD,NI,D
10:42:42,PTBA,RG,3660,27,D,PD,DX,D
10:42:41,PTBA,RG,3670,1,D,PD,YP,D
10:42:40,PTBA,RG,3670,27,D,KZ,YP,D
10:42:28,PTBA,RG,3670,1,D,CC,YP,D
10:42:07,PTBA,RG,3670,2,D,XC,YP,D
10:42:00,PTBA,RG,3660,25,D,PD,YU,D
10:42:00,PTBA,RG,3660,34,D,KZ,YU,D
10:42:00,PTBA,RG,3660,5,D,YP,YU,D
10:42:00,PTBA,RG,3660,1,D,GR,YU,D
10:42:00,PTBA,RG,3660,1,D,CC,YU,D
10:42:00,PTBA,RG,3660,1,D,YP,YU,D
10:41:58,PTBA,RG,3670,2,D,XC,YP,D
10:41:35,PTBA,RG,3670,1,D,PD,YP,D
10:41:33,PTBA,RG,3670,1,D,XC,YP,D
10:41:17,PTBA,RG,3670,3,D,XC,YP,D
10:41:00,PTBA,RG,3670,1,F,AK,YP,D
10:40:25,PTBA,RG,3660,4,D,YP,DX,D
10:40:25,PTBA,RG,3660,28,D,XA,DX,D
10:40:23,PTBA,RG,3670,2,D,PD,YP,D
10:40:18,PTBA,RG,3670,5,F,ZP,YP,D
10:39:24,PTBA,RG,3660,1,D,XA,XC,D
10:38:43,PTBA,RG,3660,10,D,XA,PD,D
10:38:40,PTBA,RG,3660,1,D,XA,CC,D
10:38:40,PTBA,RG,3660,3,D,XC,CC,D
10:38:40,PTBA,RG,3660,16,D,NI,CC,D
10:38:22,PTBA,RG,3660,50,D,NI,AI,D
10:38:02,PTBA,RG,3660,10,D,NI,KZ,D
10:38:00,PTBA,RG,3660,23,D,NI,DX,D
10:38:00,PTBA,RG,3660,79,D,NI,YU,D
10:38:00,PTBA,RG,3660,35,D,NI,YU,D
10:38:00,PTBA,RG,3660,15,D,XC,YU,D
10:38:00,PTBA,RG,3660,1,D,HP,YU,D
10:38:00,PTBA,RG,3660,5,D,YP,YU,D
10:38:00,PTBA,RG,3660,1,D,CC,YU,D
10:38:00,PTBA,RG,3660,27,D,CC,YU,D
10:37:45,PTBA,RG,3670,1,D,CC,YP,D
10:37:15,PTBA,RG,3670,1,F,AK,YP,D
10:36:50,PTBA,RG,3670,12,D,EP,YP,D
10:36:50,PTBA,RG,3670,14,D,EP,YU,D
10:36:13,PTBA,RG,3670,1,D,PD,YU,D
10:35:38,PTBA,RG,3660,30,D,CC,DX,D
10:35:31,PTBA,RG,3670,5,D,SQ,YU,D
10:35:10,PTBA,RG,3670,1,D,CC,YU,D
10:35:00,PTBA,RG,3670,1,F,AK,YU,D
10:34:45,PTBA,RG,3670,12,D,KZ,YU,D
10:34:45,PTBA,RG,3670,3,D,KZ,XL,D
10:34:45,PTBA,RG,3670,3,D,KZ,XL,D
10:34:45,PTBA,RG,3670,12,D,KZ,OD,D
10:34:45,PTBA,RG,3670,17,D,KZ,PD,D
10:34:26,PTBA,RG,3660,10,D,CC,AI,D
10:34:18,PTBA,RG,3660,1,D,CC,XC,D
10:34:06,PTBA,RG,3660,5,D,CC,PD,D
10:33:46,PTBA,RG,3660,1,D,CC,XC,D
10:33:22,PTBA,RG,3660,25,D,CC,DX,D
10:32:45,PTBA,RG,3670,1,F,AK,PD,D
10:31:38,PTBA,RG,3660,1,D,CC,XC,D
10:31:38,PTBA,RG,3660,15,D,NI,XC,D
10:31:06,PTBA,RG,3660,5,D,NI,DX,D
10:31:06,PTBA,RG,3660,5,D,XL,DX,D
10:31:06,PTBA,RG,3660,21,D,YJ,DX,D
10:31:00,PTBA,RG,3660,4,D,YJ,YU,D
10:31:00,PTBA,RG,3660,10,D,CC,YU,D
10:31:00,PTBA,RG,3660,53,F,ZP,YU,D
10:31:00,PTBA,RG,3660,3,D,XL,YU,D
10:31:00,PTBA,RG,3660,2,D,PD,YU,D
10:31:00,PTBA,RG,3660,4,D,FS,YU,D
10:30:16,PTBA,RG,3660,1,D,FS,CC,D
10:30:15,PTBA,RG,3670,11,F,ZP,PD,D
10:30:15,PTBA,RG,3670,6,F,ZP,YU,D
10:30:12,PTBA,RG,3660,4,D,FS,KZ,D
10:30:10,PTBA,RG,3660,8,D,FS,XC,D
10:30:10,PTBA,RG,3660,11,D,KZ,XC,D
10:30:10,PTBA,RG,3660,1,D,XL,XC,D
10:30:10,PTBA,RG,3660,2,D,YP,XC,D
10:30:10,PTBA,RG,3660,2,D,YP,XC,D
10:30:10,PTBA,RG,3660,5,D,YP,XC,D
10:30:10,PTBA,RG,3660,1,D,CC,XC,D
10:30:10,PTBA,RG,3660,1,D,PD,XC,D
10:30:10,PTBA,RG,3660,1,D,HP,XC,D
10:30:10,PTBA,RG,3660,1,D,XC,XC,D
10:30:10,PTBA,RG,3660,5,D,YP,XC,D
10:30:10,PTBA,RG,3660,5,D,YP,XC,D
10:30:10,PTBA,RG,3660,5,D,LG,XC,D
10:30:10,PTBA,RG,3660,2,D,DR,XC,D
10:29:14,PTBA,RG,3670,2,D,PD,YU,D
10:28:45,PTBA,RG,3660,18,D,DR,DX,D
10:28:45,PTBA,RG,3660,1,D,XA,DX,D
10:28:45,PTBA,RG,3660,6,F,BK,DX,D
10:28:15,PTBA,RG,3670,1,F,AK,YU,D
10:27:58,PTBA,RG,3670,3,D,PD,YU,D
10:27:38,PTBA,RG,3670,1,D,PD,YU,D
10:27:32,PTBA,RG,3670,1,D,XC,YU,D
10:27:05,PTBA,RG,3670,20,D,DR,YU,D
10:26:42,PTBA,RG,3670,1,D,XC,YU,D
10:26:28,PTBA,RG,3670,1,D,PD,YU,D
10:26:25,PTBA,RG,3660,26,F,BK,DX,D
10:25:49,PTBA,RG,3670,3,D,XC,YU,D
10:25:49,PTBA,RG,3670,7,D,XC,XC,D
10:25:15,PTBA,RG,3670,10,F,ZP,XC,D
10:25:15,PTBA,RG,3670,2,F,ZP,XC,D
10:25:15,PTBA,RG,3670,3,F,ZP,XC,D
10:25:15,PTBA,RG,3670,18,F,ZP,YU,D
10:25:00,PTBA,RG,3660,36,F,BK,YU,D
10:24:28,PTBA,RG,3670,15,D,CC,YU,D
10:24:15,PTBA,RG,3660,5,F,BK,LG,D
10:24:10,PTBA,RG,3670,2,D,XC,YU,D
10:24:04,PTBA,RG,3660,25,F,BK,DX,D
10:24:00,PTBA,RG,3660,93,F,BK,YU,D
10:23:39,PTBA,RG,3670,3,D,XL,YU,D
10:23:39,PTBA,RG,3670,7,D,XL,BK,F
10:23:32,PTBA,RG,3670,1,D,CC,BK,F
10:23:02,PTBA,RG,3670,7,D,PD,BK,F
10:22:39,PTBA,RG,3670,1,D,XC,BK,F
10:21:44,PTBA,RG,3660,31,F,BK,DX,D
10:21:30,PTBA,RG,3670,1,F,AK,BK,F
10:21:09,PTBA,RG,3660,3,F,BK,XL,D
10:21:00,PTBA,RG,3670,2,F,AK,BK,F
10:21:00,PTBA,RG,3660,2,F,BK,YU,D
10:21:00,PTBA,RG,3660,1,D,XC,YU,D
10:21:00,PTBA,RG,3660,2,D,PD,YU,D
10:21:00,PTBA,RG,3660,3,D,YP,YU,D
10:21:00,PTBA,RG,3660,1,D,PD,YU,D
10:21:00,PTBA,RG,3660,1,D,XC,YU,D
10:21:00,PTBA,RG,3660,3,D,PD,YU,D
10:21:00,PTBA,RG,3660,5,D,YP,YU,D
10:21:00,PTBA,RG,3660,15,D,OD,YU,D
10:21:00,PTBA,RG,3660,1,F,AK,YU,D
10:21:00,PTBA,RG,3660,1,D,XL,YU,D
10:21:00,PTBA,RG,3660,1,D,DR,YU,D
10:21:00,PTBA,RG,3660,5,D,CC,YU,D
10:21:00,PTBA,RG,3660,10,D,YP,YU,D
10:21:00,PTBA,RG,3660,36,D,YP,YU,D
10:20:42,PTBA,RG,3660,2,D,YP,EP,D
10:20:41,PTBA,RG,3660,1,D,YP,XL,D
10:20:41,PTBA,RG,3670,1,D,CC,BK,F
10:20:12,PTBA,RG,3670,6,F,ZP,BK,F
10:19:59,PTBA,RG,3670,11,D,YP,BK,F
10:19:42,PTBA,RG,3670,46,F,ZP,BK,F
10:19:42,PTBA,RG,3670,3,D,YP,BK,F
10:19:25,PTBA,RG,3660,30,D,YP,DX,D
10:19:19,PTBA,RG,3670,10,D,YP,BK,F
10:18:40,PTBA,RG,3660,12,D,YP,YP,D
10:18:17,PTBA,RG,3670,20,D,YP,BK,F
10:18:09,PTBA,RG,3670,2,D,XL,BK,F
10:17:44,PTBA,RG,3670,5,D,PD,BK,F
10:17:41,PTBA,RG,3670,222,D,CC,BK,F
10:17:41,PTBA,RG,3670,6,D,CC,KZ,D
10:17:41,PTBA,RG,3670,45,D,CC,NI,D
10:17:22,PTBA,RG,3670,1,D,GR,NI,D
10:17:16,PTBA,RG,3660,6,D,YP,YP,D
10:17:12,PTBA,RG,3660,24,D,YP,DX,D
10:17:12,PTBA,RG,3660,5,D,YP,XC,D
10:16:39,PTBA,RG,3660,14,D,YP,EP,D
10:16:06,PTBA,RG,3660,15,D,YP,CC,D
10:15:55,PTBA,RG,3670,5,D,YP,NI,D
10:15:38,PTBA,RG,3670,2,D,XL,NI,D
10:15:21,PTBA,RG,3670,5,D,YP,NI,D
10:15:12,PTBA,RG,3670,29,F,ZP,NI,D
10:14:57,PTBA,RG,3660,3,D,YP,XL,D
10:14:55,PTBA,RG,3670,5,D,NI,NI,D
10:14:48,PTBA,RG,3660,27,D,YP,DX,D
10:14:18,PTBA,RG,3670,1,D,XC,NI,D
10:14:03,PTBA,RG,3670,2,D,CC,NI,D
10:13:31,PTBA,RG,3670,6,D,XC,NI,D
10:13:25,PTBA,RG,3670,25,D,TP,NI,D
10:13:12,PTBA,RG,3670,3,D,XC,NI,D
10:12:38,PTBA,RG,3670,1,F,AK,NI,D
10:12:38,PTBA,RG,3670,2,D,AT,NI,D
10:12:38,PTBA,RG,3670,2,D,CC,NI,D
10:12:38,PTBA,RG,3670,5,F,BK,NI,D
10:12:38,PTBA,RG,3670,1,F,AK,NI,D
10:12:38,PTBA,RG,3670,2,D,XL,NI,D
10:12:38,PTBA,RG,3670,30,D,KZ,NI,D
10:12:38,PTBA,RG,3670,69,F,ZP,NI,D
10:12:38,PTBA,RG,3670,411,F,BK,NI,D
10:12:38,PTBA,RG,3670,280,D,PD,NI,D
10:12:38,PTBA,RG,3670,6,F,ZP,NI,D
10:12:38,PTBA,RG,3670,62,D,OD,NI,D
10:11:18,PTBA,RG,3680,1,D,TF,DX,D
10:11:02,PTBA,RG,3680,46,F,ZP,DX,D
10:11:02,PTBA,RG,3680,50,F,ZP,NI,D
10:11:02,PTBA,RG,3670,1,D,OD,AZ,D
10:11:02,PTBA,RG,3670,27,D,OD,DX,D
10:11:02,PTBA,RG,3670,24,D,OD,CC,F
10:11:02,PTBA,RG,3670,33,D,OD,YU,D
10:11:02,PTBA,RG,3670,105,D,OD,YP,D
10:11:02,PTBA,RG,3670,3,D,OD,YP,D
10:11:02,PTBA,RG,3670,35,D,OD,YU,D
10:11:02,PTBA,RG,3670,30,D,OD,YP,D
10:11:02,PTBA,RG,3670,2,D,OD,PD,D
10:11:02,PTBA,RG,3670,11,D,OD,SQ,D
10:11:02,PTBA,RG,3670,667,D,OD,FS,D
10:10:52,PTBA,RG,3660,2,D,YP,XC,D
10:10:18,PTBA,RG,3660,1,D,YP,PD,D
10:10:16,PTBA,RG,3670,16,F,ZP,FS,D
10:10:08,PTBA,RG,3660,22,D,YP,DX,D
10:10:08,PTBA,RG,3660,5,D,YP,DX,D
10:10:08,PTBA,RG,3660,4,D,CC,DX,D
10:10:05,PTBA,RG,3670,40,F,ZP,FS,D
10:10:05,PTBA,RG,3670,6,F,ZP,PD,D
10:10:05,PTBA,RG,3670,50,F,ZP,XL,D
10:10:05,PTBA,RG,3670,35,F,ZP,CC,D
10:10:05,PTBA,RG,3670,65,D,OD,CC,D
10:10:05,PTBA,RG,3670,20,D,OD,PD,D
10:10:05,PTBA,RG,3670,18,D,OD,ZP,F
10:10:05,PTBA,RG,3670,99,D,OD,NI,D
10:10:05,PTBA,RG,3670,1,D,OD,CC,D
10:10:05,PTBA,RG,3670,10,D,OD,XC,D
10:10:05,PTBA,RG,3670,2,D,OD,NI,D
10:10:05,PTBA,RG,3670,1,D,OD,NI,D
10:10:05,PTBA,RG,3670,7,D,OD,DR,D
10:10:05,PTBA,RG,3670,4,D,OD,YP,D
10:10:05,PTBA,RG,3670,13,D,OD,CC,F
10:10:05,PTBA,RG,3670,14,D,OD,SQ,D
10:10:05,PTBA,RG,3670,32,D,OD,YU,D
10:10:05,PTBA,RG,3670,3,D,OD,CC,D
10:10:05,PTBA,RG,3670,15,D,OD,PD,D
10:10:05,PTBA,RG,3670,6,D,OD,YP,D
10:10:05,PTBA,RG,3670,12,D,OD,CC,D
10:10:05,PTBA,RG,3670,43,D,OD,YU,D
10:10:05,PTBA,RG,3670,37,D,OD,YU,D
10:10:05,PTBA,RG,3670,1,D,OD,NI,D
10:10:05,PTBA,RG,3670,276,D,OD,PD,D
10:10:05,PTBA,RG,3670,107,D,OD,BK,F
10:10:05,PTBA,RG,3670,2,D,OD,PD,D
10:10:05,PTBA,RG,3670,3,D,OD,PD,D
10:10:05,PTBA,RG,3670,45,D,OD,YU,D
10:10:05,PTBA,RG,3670,31,D,OD,YU,D
10:10:05,PTBA,RG,3670,36,D,OD,YU,D
10:10:05,PTBA,RG,3670,97,D,OD,NI,D
10:10:01,PTBA,RG,3660,4,D,CC,CP,D
10:09:48,PTBA,RG,3670,200,D,OD,NI,D
10:09:45,PTBA,RG,3670,1,F,AK,NI,D
10:09:34,PTBA,RG,3660,2,D,CC,XL,D
10:09:34,PTBA,RG,3660,17,D,XL,ZP,F
10:09:18,PTBA,RG,3670,2,F,ZP,NI,D
10:09:18,PTBA,RG,3670,16,F,ZP,ZP,F
10:09:18,PTBA,RG,3670,30,F,ZP,YP,D
10:09:18,PTBA,RG,3670,11,F,ZP,XC,D
10:09:18,PTBA,RG,3670,27,F,ZP,YP,D
10:09:02,PTBA,RG,3670,2,D,XL,YP,D
10:08:26,PTBA,RG,3660,3,D,BQ,XC,D
10:08:26,PTBA,RG,3660,4,D,KZ,XC,D
10:08:08,PTBA,RG,3660,12,D,KZ,XC,D
10:08:05,PTBA,RG,3660,1,D,KZ,PD,D
10:08:02,PTBA,RG,3660,10,D,KZ,PD,D
10:08:00,PTBA,RG,3660,16,D,KZ,YU,D
10:08:00,PTBA,RG,3660,10,D,KK,YU,D
10:08:00,PTBA,RG,3660,45,D,GR,YU,D
10:07:59,PTBA,RG,3660,5,D,GR,MK,D
10:07:59,PTBA,RG,3660,10,D,NI,MK,D
10:07:59,PTBA,RG,3660,2,D,CC,MK,D
10:07:59,PTBA,RG,3660,1,D,XC,MK,D
10:07:59,PTBA,RG,3660,3,D,XC,MK,D
10:07:59,PTBA,RG,3660,3,D,PD,MK,D
10:07:59,PTBA,RG,3660,2,D,XC,MK,D
10:07:59,PTBA,RG,3660,1,D,PD,MK,D
10:07:59,PTBA,RG,3660,1,D,CC,MK,D
10:07:59,PTBA,RG,3660,3,D,XL,MK,D
10:07:56,PTBA,RG,3660,1,D,SQ,PD,D
10:07:52,PTBA,RG,3660,1,D,SQ,KZ,D
10:07:52,PTBA,RG,3660,3,D,OD,KZ,D
10:07:52,PTBA,RG,3660,5,D,OD,DX,D
10:07:52,PTBA,RG,3660,1,D,PD,DX,D
10:07:52,PTBA,RG,3660,2,D,CC,DX,D
10:07:52,PTBA,RG,3660,1,D,KK,DX,D
10:07:52,PTBA,RG,3660,2,D,XL,DX,D
10:07:52,PTBA,RG,3660,1,D,YP,DX,D
10:07:52,PTBA,RG,3660,8,D,SQ,DX,D
10:07:52,PTBA,RG,3660,7,D,PD,DX,D
10:07:28,PTBA,RG,3660,8,D,PD,CP,D
10:07:28,PTBA,RG,3660,5,D,YU,CP,D
10:07:28,PTBA,RG,3660,2,D,OD,CP,D
10:07:28,PTBA,RG,3660,26,D,KZ,CP,D
10:07:28,PTBA,RG,3660,100,D,GR,CP,D
10:07:28,PTBA,RG,3660,1,D,XC,CP,D
10:07:28,PTBA,RG,3660,1,D,CC,CP,D
10:07:28,PTBA,RG,3660,231,D,YP,CP,D
10:07:27,PTBA,RG,3660,8,D,YP,KZ,D
10:07:23,PTBA,RG,3660,126,D,YP,CP,D
10:07:11,PTBA,RG,3670,1,D,NI,YP,D
10:07:00,PTBA,RG,3660,32,D,YP,YU,D
10:06:15,PTBA,RG,3670,1,F,AK,PD,D
10:06:00,PTBA,RG,3660,88,D,YP,YU,D
10:05:38,PTBA,RG,3660,27,D,YP,DX,D
10:05:14,PTBA,RG,3670,1,F,ZP,PD,D
10:05:14,PTBA,RG,3670,39,F,ZP,PD,D
10:05:07,PTBA,RG,3660,2,D,YP,PD,D
10:04:58,PTBA,RG,3670,9,D,XC,PD,D
10:04:51,PTBA,RG,3660,1,D,YP,PD,D
10:04:14,PTBA,RG,3670,2,D,YP,PD,D
10:04:14,PTBA,RG,3670,1,D,YP,NI,D
10:04:14,PTBA,RG,3670,2,D,YP,PD,D
10:04:00,PTBA,RG,3670,1,F,AK,PD,D
10:03:12,PTBA,RG,3660,25,D,YP,DX,D
10:03:10,PTBA,RG,3660,1,D,YP,XC,D
10:02:53,PTBA,RG,3670,2,D,XL,PD,D
10:02:47,PTBA,RG,3670,3,D,HP,PD,D
10:02:47,PTBA,RG,3670,5,D,HP,KK,D
10:02:43,PTBA,RG,3660,4,D,YP,PD,D
10:02:17,PTBA,RG,3660,14,D,YP,PD,D
10:02:14,PTBA,RG,3660,1,D,YP,EP,D
10:02:11,PTBA,RG,3670,23,D,YP,KK,D
10:02:11,PTBA,RG,3670,1,D,YP,PD,D
10:02:11,PTBA,RG,3670,9,D,YP,PD,D
10:02:11,PTBA,RG,3670,30,D,YP,YP,D
10:02:00,PTBA,RG,3660,70,D,YP,YU,D
10:01:55,PTBA,RG,3660,50,D,YP,YU,D
10:01:31,PTBA,RG,3660,20,D,YP,EP,D
10:01:30,PTBA,RG,3670,1,F,AK,YP,D
10:01:12,PTBA,RG,3660,28,D,YP,YP,D
10:00:57,PTBA,RG,3660,4,D,YP,YB,D
10:00:48,PTBA,RG,3660,30,D,YP,DX,D
10:00:37,PTBA,RG,3670,2,D,CC,YP,D
10:00:12,PTBA,RG,3670,32,F,ZP,YP,D
10:00:12,PTBA,RG,3670,1,F,ZP,XL,D
10:00:12,PTBA,RG,3670,15,F,ZP,CC,D
10:00:12,PTBA,RG,3670,3,F,ZP,PD,D
10:00:12,PTBA,RG,3670,6,F,ZP,NI,D
09:59:32,PTBA,RG,3670,1,D,XC,NI,D
09:59:30,PTBA,RG,3660,25,D,YP,XA,D
09:59:14,PTBA,RG,3660,213,D,YP,CC,D
09:59:14,PTBA,RG,3660,1,D,LG,CC,D
09:59:14,PTBA,RG,3660,1,D,YP,CC,D
09:59:14,PTBA,RG,3660,2,D,XC,CC,D
09:59:14,PTBA,RG,3660,5,F,BK,CC,D
09:59:14,PTBA,RG,3660,15,D,OD,CC,D
09:59:14,PTBA,RG,3660,25,D,OD,CC,D
09:59:14,PTBA,RG,3660,3,D,XL,CC,D
09:59:14,PTBA,RG,3660,123,D,CC,CC,D
09:58:56,PTBA,RG,3660,1,D,CC,YP,D
09:58:43,PTBA,RG,3660,14,D,CC,EP,D
09:58:43,PTBA,RG,3660,4,D,CC,XL,D
09:58:32,PTBA,RG,3660,18,D,CC,DX,D
09:58:28,PTBA,RG,3670,1,D,DH,NI,D
09:58:25,PTBA,RG,3660,26,D,CC,XL,D
09:57:54,PTBA,RG,3670,1,F,AK,NI,D
09:57:53,PTBA,RG,3660,14,D,CC,EP,D
09:57:30,PTBA,RG,3670,4,D,SQ,NI,D
09:57:25,PTBA,RG,3670,5,D,ZP,NI,D
09:57:15,PTBA,RG,3670,2,D,PD,NI,D
09:57:07,PTBA,RG,3670,5,D,SQ,NI,D
09:56:57,PTBA,RG,3660,3,D,KK,YP,D
09:56:57,PTBA,RG,3660,1,F,BK,YP,D
09:56:28,PTBA,RG,3660,7,F,BK,DX,D
09:56:28,PTBA,RG,3660,11,F,BK,YP,D
09:56:27,PTBA,RG,3660,1,F,BK,PD,D
09:56:00,PTBA,RG,3670,2,D,CC,NI,D
09:55:14,PTBA,RG,3670,23,F,ZP,NI,D
09:55:14,PTBA,RG,3670,5,F,ZP,HP,D
09:55:14,PTBA,RG,3670,9,F,ZP,XC,D
09:54:15,PTBA,RG,3660,3,F,BK,YP,D
09:53:59,PTBA,RG,3660,8,F,BK,PD,D
09:53:33,PTBA,RG,3660,1,F,BK,NI,D
09:52:48,PTBA,RG,3660,20,F,BK,YP,D
09:52:35,PTBA,RG,3660,1,F,BK,SQ,D
09:52:26,PTBA,RG,3660,10,F,BK,CC,D
09:52:17,PTBA,RG,3670,1,D,PD,XC,D
09:52:17,PTBA,RG,3670,4,D,PD,PC,D
09:52:12,PTBA,RG,3660,200,F,BK,YP,D
09:51:37,PTBA,RG,3660,1,D,XC,DR,D
09:51:37,PTBA,RG,3660,20,D,NI,DR,D
09:51:37,PTBA,RG,3660,15,D,OD,DR,D
09:51:37,PTBA,RG,3660,5,D,LG,DR,D
09:51:37,PTBA,RG,3660,2,D,NI,DR,D
09:51:37,PTBA,RG,3660,22,D,SQ,DR,D
09:51:26,PTBA,RG,3670,1,D,PD,PC,D
09:51:16,PTBA,RG,3670,10,D,XC,PC,D
09:51:14,PTBA,RG,3670,1,D,PD,PC,D
09:50:34,PTBA,RG,3670,12,F,ZP,PC,D
09:50:34,PTBA,RG,3670,32,F,ZP,YU,D
09:50:34,PTBA,RG,3660,4,D,SQ,PD,D
09:50:34,PTBA,RG,3660,5,D,SQ,PD,D
09:50:34,PTBA,RG,3660,2,D,SQ,PD,D
09:50:34,PTBA,RG,3660,5,D,SQ,PD,D
09:50:34,PTBA,RG,3660,12,D,SQ,DR,D
09:50:24,PTBA,RG,3660,10,D,YP,DR,D
09:50:18,PTBA,RG,3660,3,D,CC,DR,D
09:50:18,PTBA,RG,3660,2,D,CC,XC,D
09:50:18,PTBA,RG,3660,3,D,CC,KK,D
09:50:18,PTBA,RG,3660,8,D,CC,XL,D
09:50:18,PTBA,RG,3660,31,D,CC,YU,D
09:50:18,PTBA,RG,3660,1,D,CC,NI,D
09:50:18,PTBA,RG,3660,8,D,CC,XL,D
09:50:18,PTBA,RG,3660,30,D,CC,YP,D
09:50:18,PTBA,RG,3660,2,D,CC,NI,D
09:50:18,PTBA,RG,3660,5,D,CC,XC,D
09:50:18,PTBA,RG,3660,6,D,CC,CC,D
09:50:18,PTBA,RG,3660,15,D,CC,SQ,D
09:50:18,PTBA,RG,3660,1,D,CC,AT,D
09:50:18,PTBA,RG,3660,40,D,CC,YU,D
09:50:18,PTBA,RG,3660,10,D,CC,YP,D
09:50:18,PTBA,RG,3660,6,D,CC,KK,D
09:50:18,PTBA,RG,3660,35,D,CC,DH,D
09:50:18,PTBA,RG,3660,15,D,CC,CC,F
09:50:18,PTBA,RG,3660,30,D,CC,YP,D
09:50:18,PTBA,RG,3660,50,D,CC,XC,D
09:50:18,PTBA,RG,3660,23,D,CC,CP,D
09:50:18,PTBA,RG,3660,26,D,CC,PD,D
09:50:17,PTBA,RG,3660,24,F,ZP,PD,D
09:50:17,PTBA,RG,3660,25,F,ZP,YU,D
09:50:09,PTBA,RG,3660,10,D,YP,YU,D
09:50:09,PTBA,RG,3650,1,D,YB,YB,D
09:50:00,PTBA,RG,3660,10,D,YP,YU,D
09:50:00,PTBA,RG,3660,10,D,XC,YU,D
09:49:57,PTBA,RG,3660,10,D,YP,YU,D
09:49:43,PTBA,RG,3660,5,D,YP,YU,D
09:49:40,PTBA,RG,3660,9,D,KZ,YU,D
09:49:40,PTBA,RG,3660,30,D,KZ,YU,D
09:49:40,PTBA,RG,3660,12,D,KZ,YP,D
09:49:37,PTBA,RG,3660,28,D,EP,YP,D
09:49:37,PTBA,RG,3660,6,D,PD,YP,D
09:49:33,PTBA,RG,3660,4,D,YP,YP,D
09:49:22,PTBA,RG,3660,4,D,XL,YP,D
09:48:57,PTBA,RG,3660,15,D,OD,YP,D
09:48:30,PTBA,RG,3660,50,D,XC,YP,D
09:48:21,PTBA,RG,3650,1,D,YB,YP,D
09:48:01,PTBA,RG,3650,5,D,YB,YP,D
09:48:00,PTBA,RG,3650,11,D,YB,YU,D
09:48:00,PTBA,RG,3650,5,D,PD,YU,D
09:48:00,PTBA,RG,3650,5,D,CC,YU,D
09:48:00,PTBA,RG,3650,1,D,XC,YU,D
09:48:00,PTBA,RG,3650,70,D,CP,YU,D
09:47:44,PTBA,RG,3650,1,D,CP,XC,D
09:47:38,PTBA,RG,3660,1,D,OD,YP,D
09:47:07,PTBA,RG,3660,1,D,XL,YP,D
09:47:00,PTBA,RG,3650,86,D,CP,YU,D
09:46:55,PTBA,RG,3660,3,D,XC,YP,D
09:46:51,PTBA,RG,3660,1,D,PD,YP,D
09:46:43,PTBA,RG,3660,30,D,NI,YP,D
09:46:36,PTBA,RG,3660,10,D,XL,YP,D
09:46:32,PTBA,RG,3650,7,D,CP,PD,D
09:46:28,PTBA,RG,3660,3,D,XC,YP,D
09:46:21,PTBA,RG,3660,1,D,XC,YP,D
09:46:08,PTBA,RG,3660,2,D,RG,YP,D
09:46:06,PTBA,RG,3660,2,D,XC,YP,D
09:45:17,PTBA,RG,3660,27,F,ZP,YP,D
09:45:17,PTBA,RG,3660,16,F,ZP,ZP,F
09:44:58,PTBA,RG,3660,1,D,KK,ZP,F
09:44:45,PTBA,RG,3650,10,D,CP,YP,D
09:44:41,PTBA,RG,3650,20,D,CP,PD,D
09:44:26,PTBA,RG,3650,6,D,CP,NI,D
09:44:26,PTBA,RG,3650,20,D,AT,NI,D
09:44:26,PTBA,RG,3650,1,D,PD,NI,D
09:44:26,PTBA,RG,3650,1,D,XC,NI,D
09:44:26,PTBA,RG,3650,10,D,CC,NI,D
09:44:26,PTBA,RG,3650,1,D,KK,NI,D
09:44:26,PTBA,RG,3650,1,D,CC,NI,D
09:44:08,PTBA,RG,3660,2,D,XC,ZP,F
09:44:06,PTBA,RG,3660,1,D,YP,ZP,F
09:43:58,PTBA,RG,3660,1,D,XC,NI,D
09:43:58,PTBA,RG,3660,3,D,XC,YP,D
09:43:57,PTBA,RG,3650,5,D,CC,SQ,D
09:43:55,PTBA,RG,3650,1,D,CC,XC,D
09:43:54,PTBA,RG,3660,60,D,YP,YP,D
09:43:45,PTBA,RG,3660,1,D,GR,YP,D
09:43:42,PTBA,RG,3650,4,D,CC,XL,D
09:43:29,PTBA,RG,3660,10,D,YP,YP,D
09:43:05,PTBA,RG,3650,2,D,CC,AZ,D
09:42:44,PTBA,RG,3660,5,D,XL,YP,D
09:42:26,PTBA,RG,3660,6,D,PD,YP,D
09:42:21,PTBA,RG,3660,2,D,KK,YP,D
09:42:11,PTBA,RG,3660,1,D,SQ,YP,D
09:42:01,PTBA,RG,3660,1,D,XL,YP,D
09:41:53,PTBA,RG,3650,3,D,CC,XL,D
09:41:33,PTBA,RG,3650,9,D,CC,PD,D
09:41:33,PTBA,RG,3650,1,D,PD,PD,D
09:41:33,PTBA,RG,3650,10,D,XC,PD,D
09:41:33,PTBA,RG,3650,30,D,CC,PD,D
09:41:10,PTBA,RG,3660,10,D,PD,YP,D
09:40:58,PTBA,RG,3660,10,D,ES,YP,D
09:40:19,PTBA,RG,3660,1,D,OD,YP,D
09:40:18,PTBA,RG,3650,6,D,CC,XC,D
09:40:18,PTBA,RG,3650,150,D,CC,SQ,D
09:40:12,PTBA,RG,3660,23,F,ZP,YP,D
09:40:10,PTBA,RG,3660,5,D,CC,YP,D
09:39:52,PTBA,RG,3660,1,D,YP,YP,D
09:39:41,PTBA,RG,3660,3,D,PD,YP,D
09:39:38,PTBA,RG,3660,3,D,XL,YP,D
09:39:15,PTBA,RG,3660,2,D,PD,YP,D
09:39:15,PTBA,RG,3660,3,F,AK,YP,D
09:39:05,PTBA,RG,3660,37,D,KZ,YP,D
09:39:03,PTBA,RG,3660,1,D,XC,YP,D
09:38:33,PTBA,RG,3660,1,D,OD,YP,D
09:38:03,PTBA,RG,3660,5,D,YP,YP,D
09:37:58,PTBA,RG,3660,1,D,OD,YP,D
09:37:58,PTBA,RG,3660,5,D,YU,YP,D
09:37:46,PTBA,RG,3660,1,D,YP,NI,D
09:37:46,PTBA,RG,3660,33,D,YP,YU,D
09:37:46,PTBA,RG,3660,3,D,YP,BK,F
09:37:44,PTBA,RG,3660,5,D,YP,BK,F
09:37:44,PTBA,RG,3660,10,D,XC,BK,F
09:37:41,PTBA,RG,3660,3,D,KK,BK,F
09:37:21,PTBA,RG,3660,2,D,YP,BK,F
09:37:08,PTBA,RG,3660,3,D,XL,BK,F
09:37:04,PTBA,RG,3660,1,D,XC,BK,F
09:36:58,PTBA,RG,3660,50,D,YU,BK,F
09:36:57,PTBA,RG,3660,1,D,AZ,BK,F
09:36:57,PTBA,RG,3660,1,D,AZ,NI,D
09:36:40,PTBA,RG,3660,2,D,PD,DR,D
09:36:34,PTBA,RG,3670,6,F,ZP,YU,D
09:36:34,PTBA,RG,3670,22,F,ZP,YU,D
09:36:33,PTBA,RG,3660,17,F,ZP,YP,D
09:36:33,PTBA,RG,3660,1,D,XC,YP,D
09:36:33,PTBA,RG,3660,3,D,CC,YP,D
09:36:33,PTBA,RG,3660,10,D,KK,YP,D
09:36:33,PTBA,RG,3660,1,D,XC,YP,D
09:36:33,PTBA,RG,3660,5,F,BK,YP,D
09:36:33,PTBA,RG,3660,263,D,GR,YP,D
09:36:13,PTBA,RG,3660,4,D,GR,PD,D
09:36:05,PTBA,RG,3670,14,F,ZP,YU,D
09:36:05,PTBA,RG,3670,41,F,ZP,YU,D
09:36:05,PTBA,RG,3670,2,F,ZP,XC,D
09:36:05,PTBA,RG,3670,1,F,ZP,NI,D
09:36:05,PTBA,RG,3670,34,F,ZP,YU,D
09:36:05,PTBA,RG,3670,44,F,ZP,YU,D
09:36:05,PTBA,RG,3670,20,F,ZP,PD,D
09:36:05,PTBA,RG,3670,2,F,ZP,PD,D
09:36:05,PTBA,RG,3670,7,F,ZP,PD,D
09:36:05,PTBA,RG,3670,1,F,ZP,XC,D
09:36:05,PTBA,RG,3670,1,F,ZP,PD,D
09:36:04,PTBA,RG,3660,34,D,GR,YU,D
09:36:04,PTBA,RG,3660,1,D,GR,NI,D
09:36:04,PTBA,RG,3660,38,D,GR,YU,D
09:36:04,PTBA,RG,3660,20,D,GR,CC,F
09:36:04,PTBA,RG,3660,14,D,GR,SQ,D
09:36:04,PTBA,RG,3660,126,D,GR,FS,D
09:35:55,PTBA,RG,3660,4,D,XL,FS,D
09:35:53,PTBA,RG,3660,25,D,AZ,FS,D
09:35:52,PTBA,RG,3660,1,D,PD,FS,D
09:35:50,PTBA,RG,3660,14,D,PD,FS,D
09:35:45,PTBA,RG,3660,50,D,SQ,FS,D
09:35:40,PTBA,RG,3660,3,D,PD,FS,D
09:35:29,PTBA,RG,3660,50,D,SQ,FS,D
09:35:24,PTBA,RG,3660,1,D,PD,FS,D
09:35:21,PTBA,RG,3660,3,D,PD,FS,D
09:35:17,PTBA,RG,3660,200,D,GR,FS,D
09:35:14,PTBA,RG,3660,17,F,ZP,FS,D
09:35:09,PTBA,RG,3660,25,D,NI,FS,D
09:34:56,PTBA,RG,3660,204,D,DR,FS,D
09:34:56,PTBA,RG,3660,10,D,DR,PD,D
09:34:56,PTBA,RG,3660,36,D,DR,YU,D
09:34:56,PTBA,RG,3660,12,D,DR,XC,D
09:34:56,PTBA,RG,3660,5,D,DR,PD,D
09:34:56,PTBA,RG,3660,1,D,DR,NI,D
09:34:56,PTBA,RG,3660,20,D,DR,TF,D
09:34:56,PTBA,RG,3660,100,D,DR,YU,D
09:34:56,PTBA,RG,3660,12,D,DR,ZP,F
09:34:39,PTBA,RG,3660,3,D,PD,ZP,F
09:34:28,PTBA,RG,3660,1,D,RG,ZP,F
09:34:27,PTBA,RG,3660,3,D,XC,ZP,F
09:34:27,PTBA,RG,3660,102,D,XC,BK,F
09:34:08,PTBA,RG,3660,1,D,XL,BK,F
09:34:05,PTBA,RG,3650,1,D,CC,NI,D
09:34:01,PTBA,RG,3660,150,D,DU,BK,F
09:34:01,PTBA,RG,3660,1,D,CC,BK,F
09:34:00,PTBA,RG,3650,13,D,CC,YU,D
09:34:00,PTBA,RG,3650,25,D,CC,YU,D
09:34:00,PTBA,RG,3650,25,D,PD,YU,D
09:34:00,PTBA,RG,3650,5,D,DH,YU,D
09:34:00,PTBA,RG,3650,24,D,CP,YU,D
09:33:55,PTBA,RG,3660,3,D,XC,BK,F
09:33:39,PTBA,RG,3660,5,D,XL,BK,F
09:33:30,PTBA,RG,3660,1,D,NI,BK,F
09:33:25,PTBA,RG,3660,3,D,XL,BK,F
09:33:23,PTBA,RG,3660,3,D,CC,BK,F
09:33:19,PTBA,RG,3660,1,D,XC,BK,F
09:33:19,PTBA,RG,3660,2,D,XC,PD,D
09:33:11,PTBA,RG,3660,5,D,YP,PD,D
09:33:08,PTBA,RG,3660,2,D,XC,PD,D
09:33:00,PTBA,RG,3650,100,D,CP,YU,D
09:32:57,PTBA,RG,3660,27,D,YP,PD,D
09:32:53,PTBA,RG,3660,2,D,PD,PD,D
09:32:53,PTBA,RG,3660,1,D,XL,PD,D
09:32:51,PTBA,RG,3660,1,D,PD,PD,D
09:32:30,PTBA,RG,3660,1,D,NI,PD,D
09:32:20,PTBA,RG,3660,11,D,XL,PD,D
09:32:04,PTBA,RG,3660,2,D,XL,PD,D
09:31:40,PTBA,RG,3660,50,D,KZ,PD,D
09:31:38,PTBA,RG,3660,1,D,PD,PD,D
09:31:24,PTBA,RG,3660,2,D,XC,PD,D
09:30:58,PTBA,RG,3660,20,D,NI,PD,D
09:30:58,PTBA,RG,3660,1,D,NI,PD,D
09:30:46,PTBA,RG,3650,2,D,CP,YJ,D
09:30:40,PTBA,RG,3660,15,D,OD,PD,D
09:30:32,PTBA,RG,3660,5,D,XC,PD,D
09:30:17,PTBA,RG,3660,1,D,SQ,PD,D
09:30:17,PTBA,RG,3660,2,D,DH,PD,D
09:30:17,PTBA,RG,3660,1,D,YP,PD,D
09:30:17,PTBA,RG,3660,2,D,KK,PD,D
09:30:17,PTBA,RG,3660,1,D,CC,PD,D
09:30:17,PTBA,RG,3660,1,D,XL,PD,D
09:30:17,PTBA,RG,3660,20,D,XL,PD,D
09:30:17,PTBA,RG,3660,2,D,XL,PD,D
09:30:17,PTBA,RG,3660,1,D,XL,PD,D
09:30:17,PTBA,RG,3660,1,D,XL,PD,D
09:30:17,PTBA,RG,3660,1,D,XL,PD,D
09:30:17,PTBA,RG,3660,60,D,YP,PD,D
09:30:17,PTBA,RG,3660,20,D,YP,PD,D
09:30:17,PTBA,RG,3660,2,D,SQ,PD,D
09:30:17,PTBA,RG,3660,20,D,PD,PD,D
09:30:17,PTBA,RG,3660,50,D,IF,PD,D
09:30:17,PTBA,RG,3660,1,D,SQ,PD,D
09:30:17,PTBA,RG,3660,1,F,AK,PD,D
09:30:17,PTBA,RG,3660,1,D,XC,PD,D
09:30:17,PTBA,RG,3660,100,D,CC,PD,D
09:30:17,PTBA,RG,3660,65,D,YP,PD,D
09:30:17,PTBA,RG,3660,10,D,PD,PD,D
09:30:17,PTBA,RG,3660,1,D,DR,PD,D
09:30:17,PTBA,RG,3660,283,F,BK,PD,D
09:30:17,PTBA,RG,3660,1,D,YP,PD,D
09:30:17,PTBA,RG,3660,2,D,DH,PD,D
09:30:17,PTBA,RG,3660,50,D,CC,PD,D
09:30:17,PTBA,RG,3660,1,D,PD,PD,D
09:30:17,PTBA,RG,3660,1,D,NI,PD,D
09:30:17,PTBA,RG,3660,1,D,XC,PD,D
09:30:17,PTBA,RG,3660,5,D,XC,PD,D
09:30:17,PTBA,RG,3660,5,D,LG,PD,D
09:30:17,PTBA,RG,3660,9,D,CC,PD,D
09:30:17,PTBA,RG,3660,3,D,NI,PD,D
09:30:17,PTBA,RG,3660,1,D,CC,PD,D
09:30:17,PTBA,RG,3660,1,D,PD,PD,D
09:30:17,PTBA,RG,3660,1,D,XC,PD,D
09:30:17,PTBA,RG,3660,31,D,MK,PD,D
09:30:17,PTBA,RG,3660,10,D,YP,PD,D
09:30:17,PTBA,RG,3660,7,D,PD,PD,D
09:30:17,PTBA,RG,3660,6,D,YP,PD,D
09:30:17,PTBA,RG,3660,1,D,PD,PD,D
09:30:17,PTBA,RG,3660,7,D,YP,PD,D
09:30:17,PTBA,RG,3660,2,D,CC,PD,D
09:30:17,PTBA,RG,3660,10,D,PD,PD,D
09:30:17,PTBA,RG,3660,1,D,GR,PD,D
09:30:17,PTBA,RG,3660,1,D,XC,PD,D
09:30:17,PTBA,RG,3660,200,D,YP,PD,D
09:30:17,PTBA,RG,3660,2,D,MG,PD,D
09:30:17,PTBA,RG,3660,20,D,PD,PD,D
09:30:17,PTBA,RG,3660,226,F,ZP,PD,D
09:30:17,PTBA,RG,3660,10,D,CC,PD,D
09:30:17,PTBA,RG,3660,1,D,NI,PD,D
09:30:17,PTBA,RG,3660,4,D,PD,PD,D
09:30:17,PTBA,RG,3660,1,D,YP,PD,D
09:30:17,PTBA,RG,3660,5,F,BK,PD,D
09:30:17,PTBA,RG,3660,8,D,PD,PD,D
09:30:17,PTBA,RG,3660,5,D,PD,PD,D
09:30:17,PTBA,RG,3660,12,D,PD,PD,D
09:30:17,PTBA,RG,3660,1,D,NI,PD,D
09:30:17,PTBA,RG,3660,1,D,XC,PD,D
09:30:17,PTBA,RG,3660,5,D,NI,PD,D
09:30:17,PTBA,RG,3660,10,D,NI,PD,D
09:30:17,PTBA,RG,3660,10,D,YP,PD,D
09:30:17,PTBA,RG,3660,1,D,EP,PD,D
09:30:17,PTBA,RG,3660,2,D,YP,PD,D
09:30:17,PTBA,RG,3660,50,D,DR,PD,D
09:30:17,PTBA,RG,3660,1,D,CC,PD,D
09:30:17,PTBA,RG,3660,1,D,XC,PD,D
09:30:17,PTBA,RG,3660,5,D,SQ,PD,D
09:30:17,PTBA,RG,3660,188,D,CC,PD,D
09:30:17,PTBA,RG,3660,1,D,NI,PD,D
09:30:17,PTBA,RG,3660,15,D,OD,PD,D
09:30:17,PTBA,RG,3660,200,D,SQ,PD,D
09:30:17,PTBA,RG,3660,2,D,OD,PD,D
09:30:17,PTBA,RG,3660,1,D,YP,PD,D
09:30:17,PTBA,RG,3660,2,D,MG,PD,D
09:30:17,PTBA,RG,3660,3,D,PD,PD,D
09:30:17,PTBA,RG,3660,2,D,NI,PD,D
09:30:17,PTBA,RG,3660,5,D,NI,PD,D
09:30:17,PTBA,RG,3660,10,D,YP,PD,D
09:30:17,PTBA,RG,3660,100,D,OD,PD,D
09:30:17,PTBA,RG,3660,2,D,KK,PD,D
09:30:17,PTBA,RG,3660,10,D,GR,PD,D
09:30:17,PTBA,RG,3660,3,D,NI,PD,D
09:30:17,PTBA,RG,3660,5,D,PD,PD,D
09:30:17,PTBA,RG,3660,3,D,XC,PD,D
09:30:17,PTBA,RG,3660,1,D,XC,PD,D
09:30:17,PTBA,RG,3660,10,D,XC,PD,D
09:30:17,PTBA,RG,3660,1,D,XC,PD,D
09:30:17,PTBA,RG,3660,4,D,XC,PD,D
09:30:17,PTBA,RG,3660,9,D,XC,PD,D
09:30:17,PTBA,RG,3660,13,D,XC,PD,D
09:30:17,PTBA,RG,3660,5,D,CC,PD,D
09:30:17,PTBA,RG,3660,5,D,SQ,PD,D
09:30:17,PTBA,RG,3660,5,D,PD,PD,D
09:30:17,PTBA,RG,3660,30,D,OD,PD,D
09:30:17,PTBA,RG,3660,112,D,CP,PD,D
09:29:54,PTBA,RG,3660,19,D,CP,EP,D
09:29:47,PTBA,RG,3670,2,D,KK,BK,F
09:29:36,PTBA,RG,3660,1,D,CP,XL,D
09:29:31,PTBA,RG,3670,1,D,PD,BK,F
09:29:31,PTBA,RG,3670,2,D,XL,BK,F
09:29:31,PTBA,RG,3660,3,D,CP,XL,D
09:29:29,PTBA,RG,3670,1,D,PD,BK,F
09:29:23,PTBA,RG,3660,11,D,CP,XC,D
09:29:15,PTBA,RG,3660,3,D,CP,YJ,D
09:28:54,PTBA,RG,3670,1,D,PD,BK,F
09:28:52,PTBA,RG,3660,10,D,CP,XC,D
09:28:17,PTBA,RG,3660,1,D,CP,EP,D
09:27:16,PTBA,RG,3670,266,F,ZP,BK,F
09:27:15,PTBA,RG,3670,706,D,YP,BK,F
09:27:15,PTBA,RG,3670,20,D,YP,YP,D
09:27:15,PTBA,RG,3670,6,D,YP,XC,D
09:27:15,PTBA,RG,3670,4,D,YP,YP,D
09:27:15,PTBA,RG,3670,2,D,YP,NI,D
09:27:15,PTBA,RG,3670,2,D,YP,XC,D
09:27:15,PTBA,RG,3670,14,D,YP,YP,D
09:27:15,PTBA,RG,3670,1,D,YP,NI,D
09:27:15,PTBA,RG,3670,2,D,YP,EP,D
09:27:15,PTBA,RG,3670,50,D,YP,YP,D
09:27:15,PTBA,RG,3670,9,D,YP,YP,D
09:27:15,PTBA,RG,3670,50,D,YP,YP,D
09:27:15,PTBA,RG,3670,25,D,YP,YP,D
09:27:15,PTBA,RG,3670,14,D,YP,YP,D
09:27:15,PTBA,RG,3670,34,D,YP,FS,D
09:27:15,PTBA,RG,3670,45,D,YP,AK,F
09:27:15,PTBA,RG,3670,20,D,YP,ZP,F
09:27:15,PTBA,RG,3670,296,D,YP,CP,D
09:27:03,PTBA,RG,3660,1,D,CP,XC,D
09:27:01,PTBA,RG,3670,1,D,YP,CP,D
09:26:44,PTBA,RG,3660,9,D,CP,CC,D
09:26:44,PTBA,RG,3660,1,D,IN,CC,D
09:26:44,PTBA,RG,3660,55,D,CC,CC,D
09:26:44,PTBA,RG,3660,25,D,IU,CC,D
09:26:44,PTBA,RG,3660,2,D,YP,CC,D
09:26:44,PTBA,RG,3660,1,D,PD,CC,D
09:26:44,PTBA,RG,3660,1,D,CC,CC,D
09:26:44,PTBA,RG,3660,5,D,CC,CC,D
09:26:44,PTBA,RG,3660,1,D,NI,CC,D
09:26:44,PTBA,RG,3660,1,D,NI,NI,D
09:26:44,PTBA,RG,3660,1,D,PD,NI,D
09:26:44,PTBA,RG,3660,1,D,CC,NI,D
09:26:44,PTBA,RG,3660,4,D,PD,NI,D
09:26:30,PTBA,RG,3660,15,D,PD,XC,D
09:26:12,PTBA,RG,3660,28,D,PD,NI,D
09:26:12,PTBA,RG,3670,1,D,XC,CP,D
09:26:09,PTBA,RG,3660,13,D,PD,AG,D
09:26:09,PTBA,RG,3660,7,D,YP,AG,D
09:25:46,PTBA,RG,3660,1,D,YP,XC,D
09:25:24,PTBA,RG,3660,1,D,YP,FS,D
09:25:24,PTBA,RG,3660,2,D,PD,FS,D
09:25:24,PTBA,RG,3660,1,D,PD,FS,D
09:25:24,PTBA,RG,3660,2,D,CC,FS,D
09:25:24,PTBA,RG,3660,15,D,XC,FS,D
09:25:24,PTBA,RG,3660,2,D,YB,FS,D
09:25:24,PTBA,RG,3660,5,D,EP,FS,D
09:25:24,PTBA,RG,3660,5,D,PD,FS,D
09:25:24,PTBA,RG,3660,1,D,YP,FS,D
09:25:24,PTBA,RG,3660,1,D,SQ,FS,D
09:25:24,PTBA,RG,3660,2,D,PD,FS,D
09:25:24,PTBA,RG,3660,215,D,PD,FS,D
09:25:24,PTBA,RG,3660,1,D,PC,FS,D
09:25:24,PTBA,RG,3660,1,D,PD,FS,D
09:25:24,PTBA,RG,3660,20,D,DR,FS,D
09:25:24,PTBA,RG,3660,5,D,CC,FS,D
09:25:24,PTBA,RG,3660,444,D,YU,FS,D
09:24:53,PTBA,RG,3660,2,D,YU,XC,D
09:24:44,PTBA,RG,3660,24,D,YU,CC,D
09:24:39,PTBA,RG,3660,30,D,YU,YU,D
09:24:39,PTBA,RG,3660,3,D,XC,YU,D
09:24:39,PTBA,RG,3660,8,D,XC,YU,D
09:24:39,PTBA,RG,3660,2,D,NI,YU,D
09:24:39,PTBA,RG,3660,1,D,KK,YU,D
09:24:39,PTBA,RG,3660,10,D,PD,YU,D
09:24:39,PTBA,RG,3660,3,D,CC,YU,D
09:24:39,PTBA,RG,3660,2,D,SQ,YU,D
09:24:39,PTBA,RG,3660,20,D,SQ,YU,D
09:24:39,PTBA,RG,3660,36,D,SQ,YU,D
09:24:37,PTBA,RG,3660,2,D,SQ,YP,D
09:24:35,PTBA,RG,3660,1,D,SQ,LG,D
09:24:27,PTBA,RG,3660,17,D,SQ,NI,D
09:24:09,PTBA,RG,3670,2,D,XC,CP,D
09:23:21,PTBA,RG,3670,30,D,EP,CP,D
09:23:09,PTBA,RG,3670,18,D,XC,CP,D
09:22:54,PTBA,RG,3660,24,D,SQ,PD,D
09:22:54,PTBA,RG,3660,1,D,YP,PD,D
09:22:52,PTBA,RG,3670,136,D,PD,CP,D
09:22:25,PTBA,RG,3660,2,D,YP,PD,D
09:22:12,PTBA,RG,3670,20,D,HP,CP,D
09:22:01,PTBA,RG,3670,1,D,XC,CP,D
09:21:48,PTBA,RG,3670,10,D,CC,CP,D
09:21:42,PTBA,RG,3670,2,D,SQ,CP,D
09:21:18,PTBA,RG,3670,2,D,CC,CP,D
09:21:18,PTBA,RG,3670,1,D,XC,CP,D
09:20:33,PTBA,RG,3670,25,D,XC,CP,D
09:20:20,PTBA,RG,3670,1,D,SQ,CP,D
09:20:11,PTBA,RG,3670,32,F,ZP,CP,D
09:20:10,PTBA,RG,3670,2,D,CC,CP,D
09:20:08,PTBA,RG,3670,1,D,NI,CP,D
09:20:08,PTBA,RG,3670,10,D,CC,CP,D
09:20:07,PTBA,RG,3670,8,D,BQ,CP,D
09:19:58,PTBA,RG,3670,1,D,YP,CP,D
09:19:31,PTBA,RG,3670,1,D,KK,CC,F
09:19:31,PTBA,RG,3670,2,F,ZP,CC,F
09:19:31,PTBA,RG,3670,2,D,IU,CC,F
09:19:24,PTBA,RG,3670,10,D,IU,XC,D
09:19:24,PTBA,RG,3670,2,D,IU,SQ,D
09:19:24,PTBA,RG,3670,3,D,IU,XC,D
09:19:24,PTBA,RG,3670,9,D,IU,XC,D
09:19:24,PTBA,RG,3670,36,D,IU,CC,F
09:19:24,PTBA,RG,3670,1,D,IU,CC,D
09:19:24,PTBA,RG,3670,34,D,IU,FS,D
09:19:24,PTBA,RG,3670,1,D,IU,NI,D
09:19:24,PTBA,RG,3670,7,D,IU,XC,D
09:19:24,PTBA,RG,3670,15,D,IU,OD,D
09:19:15,PTBA,RG,3670,50,D,YB,AZ,D
09:19:12,PTBA,RG,3660,2,D,YP,LG,D
09:18:58,PTBA,RG,3670,5,D,PD,AZ,D
09:18:50,PTBA,RG,3670,2,D,PD,AZ,D
09:18:26,PTBA,RG,3660,1,D,YP,OD,D
09:18:26,PTBA,RG,3660,2,D,BQ,OD,D
09:18:01,PTBA,RG,3660,1,D,BQ,EP,D
09:17:55,PTBA,RG,3660,11,D,YP,XA,D
09:17:55,PTBA,RG,3660,46,D,SQ,XA,D
09:17:50,PTBA,RG,3660,5,D,SQ,NI,D
09:17:39,PTBA,RG,3670,1,D,XC,AZ,D
09:17:39,PTBA,RG,3670,3,D,CC,AZ,D
09:17:17,PTBA,RG,3660,5,D,SQ,YP,D
09:17:14,PTBA,RG,3670,5,D,OD,AZ,D
09:17:00,PTBA,RG,3670,4,D,NI,YP,D
09:16:58,PTBA,RG,3670,1,D,XC,YP,D
09:16:54,PTBA,RG,3670,17,D,FS,YP,D
09:16:41,PTBA,RG,3670,1,D,YP,YP,D
09:16:31,PTBA,RG,3660,2,D,SQ,XC,D
09:16:31,PTBA,RG,3670,2,D,XC,YP,D
09:16:21,PTBA,RG,3660,3,D,SQ,YP,D
09:16:11,PTBA,RG,3660,4,D,SQ,XC,D
09:16:06,PTBA,RG,3660,10,D,SQ,XC,D
09:16:05,PTBA,RG,3670,5,D,XC,EP,D
09:15:57,PTBA,RG,3670,1,D,NI,NI,D
09:15:57,PTBA,RG,3670,1,D,DR,KK,D
09:15:57,PTBA,RG,3670,2,D,DR,XC,D
09:15:36,PTBA,RG,3670,1,D,NI,XC,D
09:15:01,PTBA,RG,3670,1,D,NI,XC,D
09:14:49,PTBA,RG,3660,3,D,SQ,PD,D
09:14:41,PTBA,RG,3670,1,D,SQ,XC,D
09:14:34,PTBA,RG,3670,1,D,YP,XC,D
09:14:27,PTBA,RG,3670,3,D,BQ,XC,D
09:14:19,PTBA,RG,3670,5,D,KK,XC,D
09:14:11,PTBA,RG,3670,1,D,NI,XC,D
09:14:03,PTBA,RG,3670,7,D,DR,XC,D
09:13:51,PTBA,RG,3660,15,D,SQ,PD,D
09:13:49,PTBA,RG,3670,1,D,KK,XC,D
09:13:43,PTBA,RG,3660,3,D,SQ,CC,D
09:13:26,PTBA,RG,3660,4,D,SQ,YP,D
09:13:26,PTBA,RG,3660,5,D,KK,YP,D
09:13:26,PTBA,RG,3660,1,D,PD,YP,D
09:13:26,PTBA,RG,3660,1,D,CC,YP,D
09:13:26,PTBA,RG,3660,5,D,CC,YP,D
09:13:26,PTBA,RG,3660,2,D,MG,YP,D
09:13:26,PTBA,RG,3660,2,D,YP,YP,D
09:13:26,PTBA,RG,3670,1,D,BQ,XC,D
09:12:49,PTBA,RG,3660,1,D,YP,XC,D
09:12:49,PTBA,RG,3660,7,D,YP,XC,D
09:12:49,PTBA,RG,3670,10,D,YP,XC,D
09:12:49,PTBA,RG,3680,5,D,XC,BK,F
09:12:44,PTBA,RG,3670,10,D,YP,SQ,D
09:12:44,PTBA,RG,3670,1,D,NI,SQ,D
09:12:44,PTBA,RG,3670,10,D,YP,SQ,D
09:12:44,PTBA,RG,3670,15,D,AT,SQ,D
09:12:44,PTBA,RG,3670,25,D,IU,SQ,D
09:12:44,PTBA,RG,3670,50,D,AZ,SQ,D
09:12:44,PTBA,RG,3670,10,D,NI,SQ,D
09:12:44,PTBA,RG,3670,10,D,YP,SQ,D
09:12:44,PTBA,RG,3670,19,D,CC,SQ,D
09:12:11,PTBA,RG,3670,1,D,CC,NI,D
09:12:06,PTBA,RG,3670,5,D,CC,YP,D
09:12:06,PTBA,RG,3670,5,D,SQ,YP,D
09:12:06,PTBA,RG,3670,1,D,NI,YP,D
09:12:06,PTBA,RG,3670,9,D,CC,YP,D
09:12:03,PTBA,RG,3670,6,D,CC,YP,D
09:12:03,PTBA,RG,3670,14,D,FS,YP,D
09:11:18,PTBA,RG,3670,4,D,FS,CC,D
09:11:18,PTBA,RG,3670,3,D,YP,CC,D
09:11:18,PTBA,RG,3670,8,D,AZ,CC,D
09:11:18,PTBA,RG,3680,1,D,NI,BK,F
09:11:07,PTBA,RG,3670,2,D,AZ,EP,D
09:11:07,PTBA,RG,3670,1,D,PD,EP,D
09:11:07,PTBA,RG,3670,9,D,FS,EP,D
09:10:55,PTBA,RG,3670,9,D,FS,EP,D
09:10:55,PTBA,RG,3670,41,D,CC,EP,D
09:10:27,PTBA,RG,3670,20,D,CC,CC,D
09:10:20,PTBA,RG,3670,22,D,CC,ZP,F
09:10:20,PTBA,RG,3670,17,D,CC,FS,D
09:10:17,PTBA,RG,3670,10,D,YP,FS,D
09:10:16,PTBA,RG,3670,7,D,YP,FS,D
09:10:16,PTBA,RG,3670,23,D,YP,PD,D
09:09:53,PTBA,RG,3670,10,D,CC,PD,D
09:09:51,PTBA,RG,3670,3,D,PD,PD,D
09:09:44,PTBA,RG,3670,1,D,YP,PD,D
09:09:44,PTBA,RG,3670,13,D,CC,PD,D
09:09:37,PTBA,RG,3670,1,D,CC,KK,D
09:09:31,PTBA,RG,3670,1,D,CC,XC,D
09:09:15,PTBA,RG,3680,3,D,PD,BK,F
09:09:13,PTBA,RG,3670,4,D,DR,PD,D
09:09:13,PTBA,RG,3670,3,D,BQ,PD,D
09:09:13,PTBA,RG,3670,1,D,YB,PD,D
09:09:08,PTBA,RG,3680,1,D,PD,BK,F
09:08:55,PTBA,RG,3670,14,F,AK,PD,D
09:08:55,PTBA,RG,3670,23,F,AK,ZP,F
09:08:55,PTBA,RG,3670,5,F,AK,PD,D
09:08:55,PTBA,RG,3670,5,F,AK,DR,D
09:08:55,PTBA,RG,3670,21,F,AK,ZP,F
09:08:55,PTBA,RG,3670,28,F,AK,NI,D
09:08:55,PTBA,RG,3670,30,F,AK,CC,D
09:08:55,PTBA,RG,3670,1,F,AK,PD,D
09:08:55,PTBA,RG,3670,2,F,AK,YP,D
09:08:55,PTBA,RG,3670,4,F,AK,NI,D
09:08:55,PTBA,RG,3670,2,F,AK,CC,D
09:08:55,PTBA,RG,3670,1,F,AK,NI,D
09:08:55,PTBA,RG,3670,1,F,AK,YP,D
09:08:55,PTBA,RG,3670,66,F,AK,YP,D
09:08:55,PTBA,RG,3670,1,F,AK,XC,D
09:08:55,PTBA,RG,3670,416,F,AK,BK,F
09:08:55,PTBA,RG,3670,300,D,DR,BK,F
09:08:48,PTBA,RG,3670,8,D,YP,BK,F
09:08:47,PTBA,RG,3670,1,D,SQ,BK,F
09:08:24,PTBA,RG,3660,10,D,CC,PD,D
09:08:23,PTBA,RG,3670,1,D,PD,BK,F
09:08:21,PTBA,RG,3660,7,D,CC,XC,D
09:08:17,PTBA,RG,3670,214,D,YP,BK,F
09:07:52,PTBA,RG,3660,5,D,CC,PD,D
09:07:52,PTBA,RG,3660,28,D,CC,NI,D
09:07:52,PTBA,RG,3660,26,D,EP,NI,D
09:07:52,PTBA,RG,3670,5,D,NI,BK,F
09:07:50,PTBA,RG,3670,1,D,PD,BK,F
09:07:42,PTBA,RG,3660,1,D,EP,XC,D
09:07:30,PTBA,RG,3660,4,D,EP,YP,D
09:07:20,PTBA,RG,3660,19,D,EP,GR,D
09:07:20,PTBA,RG,3660,5,F,BK,GR,D
09:07:20,PTBA,RG,3660,1,D,XC,GR,D
09:07:04,PTBA,RG,3660,10,D,DR,KK,D
09:06:36,PTBA,RG,3660,2,D,DR,PD,D
09:06:35,PTBA,RG,3660,27,D,SQ,PD,D
09:06:35,PTBA,RG,3660,5,D,SQ,DR,D
09:06:35,PTBA,RG,3660,12,D,SQ,NI,D
09:06:35,PTBA,RG,3660,50,D,SQ,PD,D
09:06:35,PTBA,RG,3660,2,D,SQ,KK,D
09:06:35,PTBA,RG,3660,1,D,SQ,DR,D
09:06:35,PTBA,RG,3660,3,D,SQ,CC,D
09:06:35,PTBA,RG,3660,10,D,NI,NI,D
09:06:33,PTBA,RG,3660,1,D,PD,XC,D
09:06:33,PTBA,RG,3660,1,D,PD,YP,D
09:06:25,PTBA,RG,3660,1,D,DH,YP,D
09:06:24,PTBA,RG,3660,10,D,YP,YP,D
09:06:12,PTBA,RG,3650,20,D,CP,CC,D
09:06:06,PTBA,RG,3660,1,D,MG,YP,D
09:06:02,PTBA,RG,3660,1,D,DR,YP,D
09:06:01,PTBA,RG,3650,5,D,CP,KK,D
09:05:59,PTBA,RG,3660,10,D,BQ,YP,D
09:05:58,PTBA,RG,3660,3,D,YP,YP,D
