Time,Stock,Brd,Price,Qty,BT,BC,SC,ST
15:14:57,PTBA,RG,2820,3,D,NI,YP,D
15:14:12,PTBA,RG,2820,3,D,PD,YP,D
15:13:02,PTBA,RG,2820,1,D,XC,YP,D
15:12:48,PTBA,RG,2820,10,D,DH,YP,D
15:12:33,PTBA,RG,2820,6,D,CC,YP,D
15:11:58,PTBA,RG,2820,2,D,PD,YP,D
15:11:32,PTBA,RG,2820,6,D,XC,YP,D
15:10:31,PTBA,RG,2820,11,D,CC,YP,D
15:09:44,PTBA,RG,2820,2,D,PD,YP,D
15:09:30,PTBA,RG,2820,2,D,PD,YP,D
15:08:50,PTBA,RG,2820,3,D,XC,YP,D
15:08:43,PTBA,RG,2820,2,D,SQ,YP,D
15:08:17,PTBA,RG,2820,1,D,NI,YP,D
15:08:05,PTBA,RG,2820,12,D,XL,YP,D
15:07:41,PTBA,RG,2820,1,D,PD,YP,D
15:06:32,PTBA,RG,2820,1,D,BQ,YP,D
15:06:25,PTBA,RG,2820,5,D,PD,YP,D
15:06:19,PTBA,RG,2820,67,D,XC,YP,D
15:05:48,PTBA,RG,2820,1,D,KK,CC,D
15:05:24,PTBA,RG,2820,10,D,KK,AK,F
15:05:01,PTBA,RG,2820,1,D,XC,ZP,D
15:05:01,PTBA,RG,2820,5,D,CC,ZP,D
15:05:01,PTBA,RG,2820,469,D,GR,ZP,D
15:04:57,PTBA,RG,2820,1,D,GR,AK,F
15:04:56,PTBA,RG,2820,50,D,GR,HP,D
15:04:50,PTBA,RG,2820,10,D,GR,IF,D
15:04:10,PTBA,RG,2820,1,D,GR,AK,F
15:04:10,PTBA,RG,2820,5,D,GR,YP,D
15:04:09,PTBA,RG,2820,30,D,GR,AI,D
15:03:57,PTBA,RG,2820,1,D,GR,XC,D
15:03:22,PTBA,RG,2820,3,D,GR,YP,D
15:03:12,PTBA,RG,2820,10,D,GR,AI,D
15:03:11,PTBA,RG,2820,2,D,GR,YP,D
15:03:02,PTBA,RG,2820,1,D,GR,AK,F
15:03:00,PTBA,RG,2820,50,D,GR,YP,D
15:02:50,PTBA,RG,2820,41,D,GR,AK,F
15:02:49,PTBA,RG,2820,326,D,GR,KK,D
15:02:49,PTBA,RG,2820,2,D,DR,KK,D
15:02:49,PTBA,RG,2820,1000,D,PG,KK,D
15:02:49,PTBA,RG,2820,1,D,PD,KK,D
15:02:49,PTBA,RG,2820,20,D,NI,KK,D
15:02:49,PTBA,RG,2820,651,F,CS,KK,D
15:02:37,PTBA,RG,2820,1,F,CS,BQ,D
15:02:28,PTBA,RG,2820,20,F,CS,CC,D
15:02:21,PTBA,RG,2820,1,F,CS,AK,F
15:02:20,PTBA,RG,2820,5,F,CS,NI,D
15:02:19,PTBA,RG,2820,1,F,CS,CC,D
15:02:01,PTBA,RG,2820,10,F,CS,AI,D
15:01:00,PTBA,RG,2820,15,F,CS,EP,D
15:00:00,PTBA,RG,2820,2,F,CS,OD,D
15:00:00,PTBA,RG,2820,7,F,CS,NI,D
15:00:00,PTBA,RG,2820,1,F,CS,SQ,D
15:00:00,PTBA,RG,2820,19,F,CS,PD,D
15:00:00,PTBA,RG,2820,2,F,CS,HP,D
15:00:00,PTBA,RG,2820,27,F,CS,YP,D
15:00:00,PTBA,RG,2820,225,F,CS,BQ,D
15:00:00,PTBA,RG,2820,150,F,CS,BQ,D
15:00:00,PTBA,RG,2820,14,F,CS,BQ,D
15:00:00,PTBA,RG,2820,2,D,PD,BQ,D
15:00:00,PTBA,RG,2820,100,D,DH,BQ,D
15:00:00,PTBA,RG,2820,1,D,YP,BQ,D
15:00:00,PTBA,RG,2820,1,D,PD,BQ,D
15:00:00,PTBA,RG,2820,1,D,YP,BQ,D
15:00:00,PTBA,RG,2820,1,D,PD,BQ,D
15:00:00,PTBA,RG,2820,2,D,PD,BQ,D
15:00:00,PTBA,RG,2820,1,D,CC,BQ,D
15:00:00,PTBA,RG,2820,27,D,TP,BQ,D
15:00:00,PTBA,RG,2820,225,D,TP,BQ,D
15:00:00,PTBA,RG,2820,248,D,TP,BQ,D
15:00:00,PTBA,RG,2820,52,D,LG,BQ,D
15:00:00,PTBA,RG,2820,300,D,LG,BQ,D
15:00:00,PTBA,RG,2820,150,D,LG,BQ,D
15:00:00,PTBA,RG,2820,300,D,LG,BQ,D
15:00:00,PTBA,RG,2820,7,D,LG,BQ,D
15:00:00,PTBA,RG,2820,4,D,CC,BQ,D
15:00:00,PTBA,RG,2820,139,D,LG,BQ,D
15:00:00,PTBA,RG,2820,300,D,LG,BQ,D
15:00:00,PTBA,RG,2820,300,D,LG,BQ,D
15:00:00,PTBA,RG,2820,61,D,LG,BQ,D
15:00:00,PTBA,RG,2820,6,D,YP,BQ,D
15:00:00,PTBA,RG,2820,233,D,LG,BQ,D
15:00:00,PTBA,RG,2820,300,D,LG,BQ,D
15:00:00,PTBA,RG,2820,48,D,LG,CP,D
15:00:00,PTBA,RG,2820,52,D,LG,CP,D
15:00:00,PTBA,RG,2820,424,D,LG,CP,D
15:00:00,PTBA,RG,2820,226,D,LG,CP,D
15:00:00,PTBA,RG,2820,23,D,LG,PD,D
15:00:00,PTBA,RG,2820,46,D,LG,XA,D
15:00:00,PTBA,RG,2820,31,D,LG,YP,D
15:00:00,PTBA,RG,2820,19,D,LG,YP,D
15:00:00,PTBA,RG,2820,12,D,LG,NI,D
15:00:00,PTBA,RG,2820,10,D,LG,YP,D
15:00:00,PTBA,RG,2820,9,D,LG,YP,D
15:00:00,PTBA,RG,2820,20,D,LG,CD,D
15:00:00,PTBA,RG,2820,70,D,LG,EP,D
15:00:00,PTBA,RG,2820,166,D,LG,BK,F
15:00:00,PTBA,RG,2820,200,D,LG,BK,F
15:00:00,PTBA,RG,2820,82,D,LG,BK,F
15:00:00,PTBA,RG,2820,2,D,GR,BK,F
15:00:00,PTBA,RG,2820,49,D,LG,BK,F
15:00:00,PTBA,RG,2820,57,D,LG,BK,F
15:00:00,PTBA,RG,2820,39,D,LG,BK,F
15:00:00,PTBA,RG,2820,7,D,LG,BK,F
15:00:00,PTBA,RG,2820,33,D,YP,BK,F
15:00:00,PTBA,RG,2820,1,D,NI,BK,F
15:00:00,PTBA,RG,2820,3,D,XA,BK,F
15:00:00,PTBA,RG,2820,5,D,PD,BK,F
15:00:00,PTBA,RG,2820,3,F,ZP,BK,F
15:00:00,PTBA,RG,2820,59,F,ZP,BK,F
15:00:00,PTBA,RG,2820,614,F,ZP,BK,F
15:00:00,PTBA,RG,2820,3,F,BK,BK,F
15:00:00,PTBA,RG,2820,88,F,BK,BK,F
15:00:00,PTBA,RG,2820,665,F,ZP,BK,F
15:00:00,PTBA,RG,2820,20,F,ZP,YP,D
15:00:00,PTBA,RG,2820,5,F,ZP,GR,D
15:00:00,PTBA,RG,2820,3,F,ZP,CC,F
15:00:00,PTBA,RG,2820,117,F,ZP,DX,F
15:00:00,PTBA,RG,2820,4,F,ZP,DX,F
15:00:00,PTBA,RG,2820,60,F,CS,DX,F
15:00:00,PTBA,RG,2820,2,F,AK,DX,F
15:00:00,PTBA,RG,2820,128,F,AK,OD,D
15:00:00,PTBA,RG,2820,54,F,AK,AK,F
15:00:00,PTBA,RG,2820,22,F,AK,AK,F
15:00:00,PTBA,RG,2820,11,F,AK,AK,F
15:00:00,PTBA,RG,2820,16,F,AK,AK,F
15:00:00,PTBA,RG,2820,31,F,AK,AK,F
15:00:00,PTBA,RG,2820,1,F,AK,AK,F
15:00:00,PTBA,RG,2820,8,F,AK,LG,D
14:49:58,PTBA,RG,2830,2,F,ZP,YP,D
14:49:57,PTBA,RG,2810,11,D,GR,BK,F
14:49:57,PTBA,RG,2810,1,D,GR,AK,F
14:49:56,PTBA,RG,2830,3,F,ZP,YP,D
14:49:55,PTBA,RG,2810,31,D,GR,BK,F
14:49:52,PTBA,RG,2830,12,F,ZP,YP,D
14:49:52,PTBA,RG,2820,3,F,ZP,AK,F
14:49:51,PTBA,RG,2810,134,D,GR,BK,F
14:49:47,PTBA,RG,2820,5,F,ZP,BK,F
14:49:47,PTBA,RG,2820,1,F,ZP,AK,F
14:49:46,PTBA,RG,2810,50,D,GR,CC,D
14:49:45,PTBA,RG,2810,1,D,GR,AK,F
14:49:44,PTBA,RG,2820,1,F,ZP,BK,F
14:49:43,PTBA,RG,2830,42,F,ZP,YP,D
14:49:43,PTBA,RG,2820,10,F,ZP,AK,F
14:49:42,PTBA,RG,2820,2,F,ZP,YP,D
14:49:42,PTBA,RG,2810,500,D,GR,KZ,D
14:49:38,PTBA,RG,2820,1,D,XC,BK,F
14:49:34,PTBA,RG,2810,1,D,GR,AK,F
14:49:32,PTBA,RG,2830,38,F,ZP,YP,D
14:49:30,PTBA,RG,2820,1,F,ZP,AK,F
14:49:29,PTBA,RG,2820,2,F,ZP,YP,D
14:49:29,PTBA,RG,2820,2,F,ZP,CC,D
14:49:29,PTBA,RG,2820,5,F,ZP,OD,D
14:49:29,PTBA,RG,2820,1,F,ZP,YP,D
14:49:29,PTBA,RG,2810,8,D,GR,AK,F
14:49:28,PTBA,RG,2810,40,D,GR,BK,F
14:49:28,PTBA,RG,2810,385,D,GR,KZ,D
14:49:26,PTBA,RG,2820,14,F,ZP,YP,D
14:49:26,PTBA,RG,2810,3,D,GR,AK,F
14:49:25,PTBA,RG,2810,30,D,GR,BK,F
14:49:25,PTBA,RG,2810,95,D,GR,KZ,D
14:49:22,PTBA,RG,2810,1,D,GR,AK,F
14:49:21,PTBA,RG,2820,10,F,ZP,YP,D
14:49:21,PTBA,RG,2810,1,D,GR,AK,F
14:49:20,PTBA,RG,2810,34,D,GR,BK,F
14:49:20,PTBA,RG,2810,58,D,GR,KZ,D
14:49:17,PTBA,RG,2820,2,F,ZP,KZ,D
14:49:17,PTBA,RG,2810,1,D,GR,AK,F
14:49:16,PTBA,RG,2820,15,D,YP,KZ,D
14:49:15,PTBA,RG,2810,3,D,GR,AK,F
14:49:15,PTBA,RG,2820,18,F,ZP,KZ,D
14:49:14,PTBA,RG,2820,9,D,PD,BK,F
14:49:14,PTBA,RG,2820,1,D,PD,PD,D
14:49:14,PTBA,RG,2820,149,D,CC,PD,D
14:49:14,PTBA,RG,2820,1,D,CC,AK,F
14:49:13,PTBA,RG,2820,2,D,CC,AK,F
14:49:12,PTBA,RG,2830,62,F,ZP,YP,D
14:49:12,PTBA,RG,2820,9,D,CC,AK,F
14:49:11,PTBA,RG,2820,70,D,CC,BK,F
14:49:11,PTBA,RG,2820,472,D,CC,KZ,D
14:49:10,PTBA,RG,2820,2,D,CC,AK,F
14:49:09,PTBA,RG,2830,6,F,ZP,YP,D
14:49:08,PTBA,RG,2830,56,F,BK,YP,D
14:49:07,PTBA,RG,2820,1,F,BK,AK,F
14:49:06,PTBA,RG,2830,7,F,ZP,YP,D
14:49:05,PTBA,RG,2820,15,F,BK,KK,D
14:49:05,PTBA,RG,2820,35,D,PD,KK,D
14:49:05,PTBA,RG,2830,8,F,BK,YP,D
14:49:03,PTBA,RG,2820,1,F,BK,AK,F
14:49:02,PTBA,RG,2810,1,D,GR,CC,F
14:49:02,PTBA,RG,2820,3,F,ZP,CC,F
14:49:01,PTBA,RG,2830,4,F,ZP,YP,D
14:49:01,PTBA,RG,2820,33,F,ZP,BK,F
14:48:58,PTBA,RG,2810,7,D,GR,AK,F
14:48:57,PTBA,RG,2830,2,F,ZP,YP,D
14:48:57,PTBA,RG,2820,3,F,ZP,PD,D
14:48:57,PTBA,RG,2810,335,D,GR,KZ,D
14:48:57,PTBA,RG,2820,19,F,BK,KZ,D
14:48:57,PTBA,RG,2820,1,F,BK,AK,F
14:48:56,PTBA,RG,2820,2,F,BK,DX,F
14:48:56,PTBA,RG,2820,20,F,BK,DX,F
14:48:56,PTBA,RG,2820,20,F,BK,CC,F
14:48:48,PTBA,RG,2820,1,F,BK,AK,F
14:48:47,PTBA,RG,2830,39,F,ZP,YP,D
14:48:44,PTBA,RG,2810,6,D,GR,AK,F
14:48:43,PTBA,RG,2810,1,D,GR,AK,F
14:48:42,PTBA,RG,2820,295,F,AK,KZ,D
14:48:42,PTBA,RG,2820,1,F,BK,KZ,D
14:48:42,PTBA,RG,2820,8,F,ZP,KZ,D
14:48:42,PTBA,RG,2820,32,F,BK,KZ,D
14:48:42,PTBA,RG,2820,21,D,NI,KZ,D
14:48:32,PTBA,RG,2830,5,F,ZP,YP,D
14:48:31,PTBA,RG,2820,1,D,NI,AK,F
14:48:31,PTBA,RG,2820,8,D,NI,BK,F
14:48:31,PTBA,RG,2820,26,D,YP,BK,F
14:48:30,PTBA,RG,2830,6,F,ZP,YP,D
14:48:30,PTBA,RG,2820,7,D,YP,PD,D
14:48:30,PTBA,RG,2820,1,D,YP,AK,F
14:48:29,PTBA,RG,2830,3,F,ZP,YP,D
14:48:29,PTBA,RG,2820,57,D,YP,BK,F
14:48:27,PTBA,RG,2820,2,D,YP,AK,F
14:48:27,PTBA,RG,2830,1,F,ZP,YP,D
14:48:27,PTBA,RG,2820,22,D,YP,DX,F
14:48:26,PTBA,RG,2820,7,D,YP,AK,F
14:48:26,PTBA,RG,2830,41,F,ZP,YP,D
14:48:25,PTBA,RG,2820,78,D,YP,KZ,D
14:48:25,PTBA,RG,2820,5,D,YP,KZ,D
14:48:25,PTBA,RG,2820,5,D,PD,KZ,D
14:48:25,PTBA,RG,2820,200,D,PD,KZ,D
14:48:25,PTBA,RG,2820,1,D,YP,KZ,D
14:48:25,PTBA,RG,2820,5,D,DR,KZ,D
14:48:25,PTBA,RG,2820,2,D,DR,KZ,D
14:48:25,PTBA,RG,2820,2,F,BK,KZ,D
14:48:25,PTBA,RG,2820,5,D,NI,KZ,D
14:48:25,PTBA,RG,2820,10,D,YP,KZ,D
14:48:25,PTBA,RG,2820,8,F,ZP,KZ,D
14:48:25,PTBA,RG,2820,1,D,PD,KZ,D
14:48:25,PTBA,RG,2820,5,D,YP,KZ,D
14:48:25,PTBA,RG,2820,1,D,XC,KZ,D
14:48:25,PTBA,RG,2820,18,D,XC,KZ,D
14:48:25,PTBA,RG,2820,20,F,CS,KZ,D
14:48:25,PTBA,RG,2820,3,D,PD,KZ,D
14:48:25,PTBA,RG,2820,9,D,KK,KZ,D
14:48:18,PTBA,RG,2820,1,D,KK,AK,F
14:48:17,PTBA,RG,2830,22,F,ZP,YP,D
14:48:15,PTBA,RG,2830,21,F,ZP,YP,D
14:48:15,PTBA,RG,2820,4,D,KK,AK,F
14:48:15,PTBA,RG,2820,1,D,KK,DH,D
14:48:15,PTBA,RG,2820,10,D,DH,DH,D
14:48:15,PTBA,RG,2820,100,D,PD,DH,D
14:48:15,PTBA,RG,2820,79,F,BK,DH,D
14:48:14,PTBA,RG,2820,4,F,BK,AK,F
14:48:14,PTBA,RG,2820,4,F,BK,PD,D
14:48:14,PTBA,RG,2820,139,F,BK,EP,D
14:48:14,PTBA,RG,2820,41,D,LG,EP,D
14:48:08,PTBA,RG,2820,1,D,LG,OD,D
14:48:04,PTBA,RG,2820,1,D,LG,YU,D
14:47:57,PTBA,RG,2820,1,D,LG,AK,F
14:47:57,PTBA,RG,2830,3,F,ZP,YP,D
14:47:56,PTBA,RG,2830,29,F,BK,YP,D
14:47:56,PTBA,RG,2830,43,F,ZP,YP,D
14:47:55,PTBA,RG,2820,8,D,LG,AK,F
14:47:53,PTBA,RG,2820,347,D,LG,OD,D
14:47:53,PTBA,RG,2820,33,D,LG,OD,D
14:47:47,PTBA,RG,2830,12,F,ZP,YP,D
14:47:46,PTBA,RG,2820,2,D,LG,AK,F
14:47:45,PTBA,RG,2830,100,D,YP,YP,D
14:47:40,PTBA,RG,2820,1,D,LG,AK,F
14:47:39,PTBA,RG,2830,12,F,ZP,YP,D
14:47:38,PTBA,RG,2820,2,D,LG,AK,F
14:47:37,PTBA,RG,2820,110,D,LG,CC,D
14:47:29,PTBA,RG,2830,4,F,ZP,YP,D
14:47:28,PTBA,RG,2820,1,D,LG,AK,F
14:47:27,PTBA,RG,2830,34,F,BK,YP,D
14:47:26,PTBA,RG,2830,10,F,ZP,YP,D
14:47:25,PTBA,RG,2820,2,D,LG,AK,F
14:47:25,PTBA,RG,2820,61,D,LG,DX,F
14:47:25,PTBA,RG,2820,28,D,LG,DX,F
14:47:20,PTBA,RG,2830,1,F,ZP,YP,D
14:47:18,PTBA,RG,2820,5,D,LG,YB,D
14:47:14,PTBA,RG,2830,6,F,ZP,YP,D
14:47:13,PTBA,RG,2820,1,D,LG,AK,F
14:47:12,PTBA,RG,2820,41,D,LG,TP,D
14:47:12,PTBA,RG,2820,12,D,LG,TP,D
14:47:10,PTBA,RG,2820,6,D,LG,AK,F
14:47:09,PTBA,RG,2830,51,F,ZP,YP,D
14:47:09,PTBA,RG,2830,10,F,ZP,TP,D
14:47:09,PTBA,RG,2830,5,F,ZP,PD,D
14:47:09,PTBA,RG,2830,1,F,ZP,PD,D
14:47:09,PTBA,RG,2830,100,F,ZP,YP,D
14:47:09,PTBA,RG,2830,1,F,ZP,PD,D
14:47:09,PTBA,RG,2830,130,F,ZP,BK,F
14:47:08,PTBA,RG,2820,1,D,LG,AK,F
14:47:08,PTBA,RG,2830,11,F,CS,BK,F
14:47:08,PTBA,RG,2830,12,F,CS,CC,D
14:46:57,PTBA,RG,2820,4,D,LG,DX,F
14:46:57,PTBA,RG,2820,23,D,LG,DX,F
14:46:56,PTBA,RG,2820,2,D,LG,YP,D
14:46:31,PTBA,RG,2820,10,D,LG,NI,D
14:46:28,PTBA,RG,2820,1,D,LG,AK,F
14:46:27,PTBA,RG,2820,3,D,LG,DH,D
14:46:27,PTBA,RG,2820,6,D,LG,YP,D
14:46:26,PTBA,RG,2820,26,D,LG,YU,D
14:46:15,PTBA,RG,2820,4,D,LG,XC,D
14:46:14,PTBA,RG,2820,1,D,LG,AK,F
14:46:13,PTBA,RG,2830,31,F,BK,CC,D
14:46:10,PTBA,RG,2820,2,D,LG,AK,F
14:46:09,PTBA,RG,2820,90,D,LG,CC,D
14:46:06,PTBA,RG,2820,13,D,LG,DH,D
14:45:57,PTBA,RG,2820,2,D,LG,AZ,D
14:45:47,PTBA,RG,2820,16,D,LG,DH,D
14:45:45,PTBA,RG,2820,5,D,LG,EP,D
14:45:31,PTBA,RG,2830,1,D,PD,CC,D
14:45:26,PTBA,RG,2820,2,D,LG,XC,D
14:45:19,PTBA,RG,2820,2,D,LG,AK,F
14:45:18,PTBA,RG,2820,25,D,LG,CC,D
14:45:18,PTBA,RG,2820,75,D,LG,CC,D
14:45:01,PTBA,RG,2820,1,D,LG,AK,F
14:45:00,PTBA,RG,2820,50,D,LG,YP,D
14:44:58,PTBA,RG,2820,1,D,LG,AK,F
14:44:57,PTBA,RG,2820,32,D,LG,BK,F
14:44:57,PTBA,RG,2820,15,D,LG,BK,F
14:44:56,PTBA,RG,2820,2,D,LG,AK,F
14:44:55,PTBA,RG,2820,76,D,LG,CC,D
14:44:48,PTBA,RG,2820,5,D,LG,KK,D
14:44:43,PTBA,RG,2820,1,D,LG,AK,F
14:44:42,PTBA,RG,2820,20,D,LG,DX,F
14:44:32,PTBA,RG,2820,1,D,LG,GR,D
14:44:32,PTBA,RG,2830,18,D,CC,CC,D
14:44:31,PTBA,RG,2820,2,D,LG,AK,F
14:44:30,PTBA,RG,2830,1,D,CC,CC,D
14:44:30,PTBA,RG,2820,27,D,LG,YU,D
14:44:30,PTBA,RG,2820,40,D,LG,YU,D
14:44:30,PTBA,RG,2820,28,D,LG,YU,D
14:44:30,PTBA,RG,2820,2,D,LG,YU,D
14:44:16,PTBA,RG,2820,1,D,LG,AK,F
14:44:15,PTBA,RG,2820,2,D,LG,AK,F
14:44:15,PTBA,RG,2820,14,D,LG,BK,F
14:44:15,PTBA,RG,2820,3,D,LG,BK,F
14:44:15,PTBA,RG,2820,16,D,LG,BK,F
14:44:14,PTBA,RG,2820,4,D,LG,AK,F
14:44:14,PTBA,RG,2820,27,D,LG,YU,D
14:44:14,PTBA,RG,2820,66,D,LG,YU,D
14:44:14,PTBA,RG,2820,7,D,LG,YU,D
14:44:13,PTBA,RG,2820,207,D,LG,CC,D
14:44:04,PTBA,RG,2820,1,D,LG,AK,F
14:44:03,PTBA,RG,2820,47,D,LG,BK,F
14:44:02,PTBA,RG,2820,2,D,LG,AK,F
14:44:01,PTBA,RG,2820,23,D,LG,YU,D
14:44:01,PTBA,RG,2820,77,D,LG,YU,D
14:44:00,PTBA,RG,2820,1,D,LG,YU,D
14:43:51,PTBA,RG,2820,1,D,LG,AK,F
14:43:50,PTBA,RG,2820,21,D,LG,BK,F
14:43:50,PTBA,RG,2820,14,D,LG,BK,F
14:43:48,PTBA,RG,2820,2,D,LG,AK,F
14:43:47,PTBA,RG,2820,100,D,LG,YU,D
14:43:45,PTBA,RG,2820,2,D,LG,AK,F
14:43:45,PTBA,RG,2820,2,D,LG,PD,D
14:43:44,PTBA,RG,2820,121,D,LG,BK,F
14:43:42,PTBA,RG,2820,25,D,LG,AK,F
14:43:41,PTBA,RG,2820,134,D,LG,NI,D
14:43:41,PTBA,RG,2820,287,D,LG,NI,D
14:43:41,PTBA,RG,2820,23,D,LG,NI,D
14:43:41,PTBA,RG,2820,234,D,LG,NI,D
14:43:41,PTBA,RG,2820,159,D,LG,NI,D
14:43:41,PTBA,RG,2820,149,D,LG,NI,D
14:43:41,PTBA,RG,2820,39,D,LG,NI,D
14:43:41,PTBA,RG,2820,28,D,LG,NI,D
14:43:41,PTBA,RG,2820,19,D,LG,NI,D
14:43:41,PTBA,RG,2820,2,D,LG,NI,D
14:43:41,PTBA,RG,2820,126,D,LG,NI,D
14:43:39,PTBA,RG,2820,2,D,LG,YP,D
14:43:30,PTBA,RG,2820,1,D,LG,AK,F
14:43:30,PTBA,RG,2820,2,D,LG,AK,F
14:43:29,PTBA,RG,2820,45,D,LG,BK,F
14:43:28,PTBA,RG,2820,100,D,LG,YU,D
14:43:20,PTBA,RG,2830,8,F,ZP,CC,D
14:43:19,PTBA,RG,2820,1,D,LG,AK,F
14:43:18,PTBA,RG,2820,67,D,LG,YU,D
14:43:09,PTBA,RG,2830,8,F,ZP,CC,D
14:43:09,PTBA,RG,2820,2,D,LG,AK,F
14:43:07,PTBA,RG,2820,54,D,LG,YU,D
14:43:07,PTBA,RG,2820,13,D,LG,YU,D
14:42:55,PTBA,RG,2830,1,D,YP,CC,D
14:42:45,PTBA,RG,2830,7,F,ZP,CC,D
14:42:45,PTBA,RG,2820,1,D,LG,AK,F
14:42:44,PTBA,RG,2830,1,F,ZP,CC,D
14:42:44,PTBA,RG,2820,67,D,LG,YU,D
14:42:42,PTBA,RG,2820,9,D,LG,YP,D
14:42:33,PTBA,RG,2830,4,F,ZP,CC,D
14:42:33,PTBA,RG,2820,1,D,LG,AK,F
14:42:32,PTBA,RG,2820,9,D,LG,CC,F
14:42:32,PTBA,RG,2820,26,D,PD,CC,F
14:42:28,PTBA,RG,2820,2,D,PD,AK,F
14:42:27,PTBA,RG,2830,14,F,ZP,CC,D
14:42:27,PTBA,RG,2820,1,D,PD,AK,F
14:42:27,PTBA,RG,2820,16,D,PD,BK,F
14:42:27,PTBA,RG,2820,10,D,PD,BK,F
14:42:27,PTBA,RG,2820,2,D,EP,BK,F
14:42:27,PTBA,RG,2820,1,D,CC,BK,F
14:42:27,PTBA,RG,2820,14,F,CS,BK,F
14:42:27,PTBA,RG,2820,14,D,GR,BK,F
14:42:25,PTBA,RG,2820,36,D,GR,YU,D
14:42:25,PTBA,RG,2820,1,D,CC,YU,D
14:42:25,PTBA,RG,2820,11,D,CC,YU,D
14:42:25,PTBA,RG,2820,4,F,BK,YU,D
14:42:25,PTBA,RG,2820,15,D,CC,YU,D
14:42:20,PTBA,RG,2830,1,F,ZP,CC,D
14:42:19,PTBA,RG,2820,2,D,CC,AK,F
14:42:18,PTBA,RG,2830,7,F,ZP,CC,D
14:42:18,PTBA,RG,2820,3,D,CC,YU,D
14:42:18,PTBA,RG,2820,3,D,NI,YU,D
14:42:18,PTBA,RG,2820,61,F,BK,YU,D
14:41:53,PTBA,RG,2820,4,F,BK,PD,D
14:41:53,PTBA,RG,2830,1,F,ZP,CC,D
14:41:52,PTBA,RG,2820,1,F,BK,AK,F
14:41:51,PTBA,RG,2830,7,F,ZP,CC,D
14:41:51,PTBA,RG,2820,44,F,BK,YU,D
14:41:51,PTBA,RG,2820,23,D,EP,YU,D
14:41:44,PTBA,RG,2820,2,D,EP,CC,D
14:41:41,PTBA,RG,2830,3,F,ZP,CC,D
14:41:41,PTBA,RG,2820,1,D,EP,AK,F
14:41:40,PTBA,RG,2820,20,D,EP,DX,F
14:41:35,PTBA,RG,2830,7,F,ZP,CC,D
14:41:35,PTBA,RG,2820,1,D,EP,AK,F
14:41:34,PTBA,RG,2820,1,D,EP,AK,F
14:41:33,PTBA,RG,2830,5,F,ZP,CC,D
14:41:33,PTBA,RG,2820,67,D,EP,YU,D
14:41:33,PTBA,RG,2820,43,D,EP,BK,F
14:41:30,PTBA,RG,2820,3,D,EP,AK,F
14:41:29,PTBA,RG,2830,53,F,ZP,CC,D
14:41:28,PTBA,RG,2820,64,D,EP,BK,F
14:41:28,PTBA,RG,2820,8,D,EP,AK,F
14:41:27,PTBA,RG,2820,267,D,EP,AT,D
14:41:27,PTBA,RG,2820,133,D,LG,AT,D
14:41:26,PTBA,RG,2830,9,F,ZP,CC,D
14:41:26,PTBA,RG,2820,2,D,LG,AK,F
14:41:24,PTBA,RG,2830,4,F,ZP,CC,D
14:41:24,PTBA,RG,2820,50,D,LG,CP,D
14:41:24,PTBA,RG,2820,27,D,LG,DR,D
14:41:23,PTBA,RG,2820,33,D,LG,BK,F
14:41:23,PTBA,RG,2820,7,D,LG,AK,F
14:41:21,PTBA,RG,2830,349,F,ZP,CC,D
14:41:18,PTBA,RG,2820,2,D,LG,AK,F
14:41:16,PTBA,RG,2820,67,D,LG,YU,D
14:41:15,PTBA,RG,2820,20,D,LG,DX,F
14:41:06,PTBA,RG,2820,1,D,LG,AK,F
14:41:05,PTBA,RG,2820,2,D,LG,AK,F
14:41:04,PTBA,RG,2820,54,D,LG,BK,F
14:41:04,PTBA,RG,2820,1,D,LG,YU,D
14:41:04,PTBA,RG,2820,66,D,LG,YU,D
14:41:03,PTBA,RG,2820,35,D,LG,AZ,D
14:41:00,PTBA,RG,2820,1,D,LG,AK,F
14:41:00,PTBA,RG,2820,31,D,LG,YU,D
14:40:53,PTBA,RG,2820,1,D,LG,AK,F
14:40:51,PTBA,RG,2820,67,D,LG,YU,D
14:40:51,PTBA,RG,2820,1,D,LG,AK,F
14:40:50,PTBA,RG,2820,50,D,LG,PD,D
14:40:41,PTBA,RG,2820,2,D,LG,AK,F
14:40:39,PTBA,RG,2820,33,D,LG,YU,D
14:40:39,PTBA,RG,2820,23,D,LG,YU,D
14:40:39,PTBA,RG,2820,12,D,LG,YU,D
14:40:33,PTBA,RG,2820,35,D,LG,BK,F
14:40:32,PTBA,RG,2820,1,D,LG,AK,F
14:40:30,PTBA,RG,2820,8,D,LG,NI,D
14:40:30,PTBA,RG,2820,2,D,LG,AK,F
14:40:28,PTBA,RG,2820,98,D,LG,YU,D
14:40:27,PTBA,RG,2820,25,D,LG,YP,D
14:40:18,PTBA,RG,2820,1,D,LG,AK,F
14:40:16,PTBA,RG,2820,30,D,LG,XA,D
14:40:15,PTBA,RG,2820,9,D,LG,YP,D
14:40:05,PTBA,RG,2820,2,D,LG,AK,F
14:40:03,PTBA,RG,2820,11,D,LG,YU,D
14:40:03,PTBA,RG,2820,89,D,LG,YU,D
14:39:45,PTBA,RG,2820,1,D,LG,AK,F
14:39:44,PTBA,RG,2820,46,D,LG,BK,F
14:39:44,PTBA,RG,2820,2,D,LG,AK,F
14:39:42,PTBA,RG,2820,21,D,LG,YU,D
14:39:42,PTBA,RG,2820,99,D,LG,YU,D
14:39:24,PTBA,RG,2820,1,D,LG,AK,F
14:39:23,PTBA,RG,2820,20,D,LG,NI,D
14:39:19,PTBA,RG,2820,29,D,LG,BK,F
14:39:19,PTBA,RG,2820,4,D,LG,BK,F
14:39:17,PTBA,RG,2820,3,D,LG,AK,F
14:39:17,PTBA,RG,2820,2,D,LG,AK,F
14:39:16,PTBA,RG,2820,31,D,LG,YU,D
14:39:16,PTBA,RG,2820,27,D,LG,YU,D
14:39:16,PTBA,RG,2820,19,D,LG,YU,D
14:39:16,PTBA,RG,2820,2,D,LG,YU,D
14:39:16,PTBA,RG,2820,12,F,CS,YU,D
14:39:16,PTBA,RG,2820,2,F,CS,YU,D
14:39:16,PTBA,RG,2820,48,D,LG,YU,D
14:39:16,PTBA,RG,2820,69,D,LG,CC,D
14:38:59,PTBA,RG,2830,4,D,CC,CC,D
14:38:48,PTBA,RG,2820,3,D,LG,AK,F
14:38:47,PTBA,RG,2820,174,D,LG,YU,D
14:38:08,PTBA,RG,2820,1,D,LG,AK,F
14:38:08,PTBA,RG,2820,16,D,LG,NI,D
14:38:07,PTBA,RG,2820,19,D,LG,PD,D
14:38:04,PTBA,RG,2820,1,D,LG,AK,F
14:38:03,PTBA,RG,2820,51,D,LG,BK,F
14:38:02,PTBA,RG,2820,6,D,LG,XC,D
14:38:02,PTBA,RG,2820,4,D,LG,AK,F
14:38:01,PTBA,RG,2820,1,D,LG,AK,F
14:38:01,PTBA,RG,2820,7,D,LG,YU,D
14:38:01,PTBA,RG,2820,100,D,LG,YU,D
14:38:01,PTBA,RG,2820,62,D,YP,YU,D
14:38:00,PTBA,RG,2820,35,D,YP,BK,F
14:38:00,PTBA,RG,2820,3,D,YP,YU,D
14:38:00,PTBA,RG,2820,34,D,CC,YU,D
14:38:00,PTBA,RG,2820,1,D,XC,YU,D
14:38:00,PTBA,RG,2820,2,D,KK,YU,D
14:37:57,PTBA,RG,2820,2,D,KK,AK,F
14:37:57,PTBA,RG,2820,16,D,KK,BK,F
14:37:57,PTBA,RG,2820,1,F,ZP,BK,F
14:37:57,PTBA,RG,2820,1,D,PD,BK,F
14:37:57,PTBA,RG,2820,25,D,YP,BK,F
14:37:57,PTBA,RG,2820,20,D,DR,BK,F
14:37:57,PTBA,RG,2820,19,F,BK,BK,F
14:37:55,PTBA,RG,2820,20,F,BK,AK,F
14:37:55,PTBA,RG,2820,263,F,BK,DR,D
14:37:55,PTBA,RG,2820,737,D,AF,DR,D
14:37:54,PTBA,RG,2820,10,D,AF,DR,D
14:37:36,PTBA,RG,2820,1,D,AF,AK,F
14:37:36,PTBA,RG,2830,30,F,BK,CC,D
14:37:35,PTBA,RG,2820,2,D,AF,AK,F
14:37:34,PTBA,RG,2820,100,D,AF,YP,D
14:37:15,PTBA,RG,2820,3,D,AF,AK,F
14:37:14,PTBA,RG,2820,154,D,AF,YU,D
14:36:59,PTBA,RG,2830,1,F,ZP,CC,D
14:36:58,PTBA,RG,2820,5,D,AF,AK,F
14:36:57,PTBA,RG,2830,22,F,ZP,CC,D
14:36:57,PTBA,RG,2820,200,D,AF,IT,D
14:36:52,PTBA,RG,2820,1,D,AF,AK,F
14:36:51,PTBA,RG,2830,4,F,ZP,CC,D
14:36:51,PTBA,RG,2830,32,F,BK,CC,D
14:36:50,PTBA,RG,2830,8,F,ZP,CC,D
14:36:49,PTBA,RG,2820,1,D,AF,AK,F
14:36:48,PTBA,RG,2820,72,D,AF,DR,D
14:36:45,PTBA,RG,2830,1,F,ZP,CC,D
14:36:45,PTBA,RG,2820,10,D,AF,OD,D
14:36:39,PTBA,RG,2830,1,F,ZP,CC,D
14:36:39,PTBA,RG,2820,1,D,AF,AK,F
14:36:38,PTBA,RG,2820,3,D,AF,AK,F
14:36:38,PTBA,RG,2830,18,F,ZP,CC,D
14:36:37,PTBA,RG,2820,164,D,AF,YU,D
14:36:01,PTBA,RG,2820,1,D,AF,AK,F
14:36:00,PTBA,RG,2830,30,F,ZP,CC,D
14:36:00,PTBA,RG,2820,5,D,AF,AK,F
14:35:59,PTBA,RG,2820,270,D,AF,DH,D
14:35:59,PTBA,RG,2830,1,F,ZP,CC,D
14:35:57,PTBA,RG,2830,3,F,ZP,CC,D
14:35:57,PTBA,RG,2820,1,D,AF,AK,F
14:35:56,PTBA,RG,2830,1,F,ZP,CC,D
14:35:56,PTBA,RG,2830,35,F,BK,CC,D
14:35:54,PTBA,RG,2830,17,F,ZP,CC,D
14:35:54,PTBA,RG,2820,4,D,AF,AK,F
14:35:53,PTBA,RG,2820,156,D,AF,YU,D
14:35:51,PTBA,RG,2830,1,F,ZP,CC,D
14:35:50,PTBA,RG,2820,10,D,AF,PD,D
14:35:26,PTBA,RG,2830,1,F,ZP,CC,D
14:35:25,PTBA,RG,2820,2,D,AF,XL,D
14:35:21,PTBA,RG,2830,2,F,ZP,CC,D
14:35:20,PTBA,RG,2820,20,D,AF,YP,D
14:35:16,PTBA,RG,2820,1,D,AF,AK,F
14:35:15,PTBA,RG,2830,18,F,ZP,CC,D
14:35:15,PTBA,RG,2820,3,D,AF,AK,F
14:35:14,PTBA,RG,2830,5,F,ZP,CC,D
14:35:14,PTBA,RG,2820,162,D,AF,YU,D
14:35:13,PTBA,RG,2820,1,D,AF,AK,F
14:35:12,PTBA,RG,2820,40,D,AF,OD,D
14:35:01,PTBA,RG,2820,1,D,AF,AK,F
14:35:00,PTBA,RG,2830,4,F,ZP,CC,D
14:35:00,PTBA,RG,2820,38,D,AF,YU,D
14:34:59,PTBA,RG,2830,4,F,ZP,CC,D
14:34:58,PTBA,RG,2820,1,D,AF,AK,F
14:34:57,PTBA,RG,2830,32,F,BK,CC,D
14:34:56,PTBA,RG,2830,3,F,ZP,CC,D
14:34:55,PTBA,RG,2820,30,D,AF,XC,D
14:34:50,PTBA,RG,2820,1,D,AF,PD,D
14:34:00,PTBA,RG,2830,12,F,ZP,CC,D
14:33:59,PTBA,RG,2820,3,D,AF,AK,F
14:33:58,PTBA,RG,2820,100,D,AF,PD,D
14:33:55,PTBA,RG,2820,5,D,AF,GR,D
14:33:48,PTBA,RG,2830,1,F,ZP,CC,D
14:33:47,PTBA,RG,2830,12,F,ZP,CC,D
14:33:46,PTBA,RG,2820,3,D,AF,AK,F
14:33:45,PTBA,RG,2830,23,F,ZP,CC,D
14:33:45,PTBA,RG,2820,110,D,AF,CC,D
14:33:28,PTBA,RG,2820,20,D,AF,PD,D
14:33:21,PTBA,RG,2820,1,D,AF,AZ,D
14:33:16,PTBA,RG,2820,16,D,AF,NI,D
14:33:11,PTBA,RG,2820,1,D,AF,AK,F
14:33:10,PTBA,RG,2820,22,D,AF,XC,D
14:32:28,PTBA,RG,2820,1,D,AF,AK,F
14:32:26,PTBA,RG,2820,50,D,AF,GR,D
14:32:25,PTBA,RG,2820,11,D,AF,PD,D
14:32:08,PTBA,RG,2830,1,D,EP,CC,D
14:32:01,PTBA,RG,2820,8,D,AF,KK,D
14:32:01,PTBA,RG,2820,1,D,AF,AK,F
14:32:01,PTBA,RG,2820,11,D,AF,XL,D
14:32:00,PTBA,RG,2820,42,D,AF,YU,D
14:31:39,PTBA,RG,2820,1,D,AF,AK,F
14:31:37,PTBA,RG,2820,18,D,AF,XC,D
14:31:28,PTBA,RG,2830,1,D,EP,CC,D
14:31:14,PTBA,RG,2820,6,D,AF,YP,D
14:30:53,PTBA,RG,2820,3,D,AF,PD,D
14:30:45,PTBA,RG,2820,4,D,AF,YP,D
14:30:25,PTBA,RG,2820,1,D,AF,AK,F
14:30:24,PTBA,RG,2830,4,F,ZP,CC,D
14:30:23,PTBA,RG,2830,33,F,BK,CC,D
14:30:20,PTBA,RG,2830,3,F,ZP,CC,D
14:30:19,PTBA,RG,2820,25,D,AF,YJ,D
14:30:19,PTBA,RG,2820,1,D,AF,AK,F
14:30:18,PTBA,RG,2830,5,F,ZP,CC,D
14:30:17,PTBA,RG,2820,44,D,AF,BK,F
14:30:17,PTBA,RG,2830,3,F,ZP,CC,D
14:30:17,PTBA,RG,2820,1,D,AF,AK,F
14:30:15,PTBA,RG,2830,7,F,ZP,CC,D
14:30:15,PTBA,RG,2830,31,F,BK,CC,D
14:30:15,PTBA,RG,2820,1,D,AF,AK,F
14:30:15,PTBA,RG,2820,64,D,AF,AT,D
14:30:06,PTBA,RG,2830,1,F,ZP,CC,D
14:30:06,PTBA,RG,2820,1,D,AF,AK,F
14:30:05,PTBA,RG,2830,7,F,ZP,CC,D
14:30:05,PTBA,RG,2820,2,D,AF,EP,D
14:30:04,PTBA,RG,2820,1,D,AF,AK,F
14:30:03,PTBA,RG,2820,65,D,AF,BK,F
14:30:00,PTBA,RG,2830,1,F,ZP,CC,D
14:30:00,PTBA,RG,2820,1,D,AF,AK,F
14:30:00,PTBA,RG,2820,2,D,AF,YP,D
14:30:00,PTBA,RG,2820,4,D,AF,AK,F
14:29:59,PTBA,RG,2830,25,F,ZP,CC,D
14:29:59,PTBA,RG,2820,1,D,AF,AK,F
14:29:58,PTBA,RG,2830,31,F,BK,CC,D
14:29:58,PTBA,RG,2820,180,D,AF,BK,F
14:29:58,PTBA,RG,2820,2,D,AF,BK,F
14:29:58,PTBA,RG,2820,2,D,AF,BK,F
14:29:58,PTBA,RG,2820,2,D,AF,BK,F
14:29:58,PTBA,RG,2820,2,D,AF,BK,F
14:29:57,PTBA,RG,2830,26,F,ZP,CC,D
14:29:57,PTBA,RG,2820,2,F,ZP,BK,F
14:29:57,PTBA,RG,2830,2,F,ZP,CC,D
14:29:57,PTBA,RG,2820,4,F,ZP,AK,F
14:29:56,PTBA,RG,2820,1,F,BK,AK,F
14:29:56,PTBA,RG,2820,92,F,BK,YU,D
14:29:56,PTBA,RG,2820,38,F,BK,YU,D
14:29:56,PTBA,RG,2820,72,F,BK,YU,D
14:29:56,PTBA,RG,2820,10,F,BK,YU,D
14:29:56,PTBA,RG,2820,47,F,BK,YU,D
14:29:56,PTBA,RG,2810,3,D,GR,AK,F
14:29:55,PTBA,RG,2820,35,F,BK,YU,D
14:29:55,PTBA,RG,2810,18,D,GR,AK,F
14:29:54,PTBA,RG,2820,101,F,ZP,YU,D
14:29:53,PTBA,RG,2810,165,D,GR,YU,D
14:29:53,PTBA,RG,2820,399,D,LG,YU,D
14:29:53,PTBA,RG,2820,287,D,LG,YU,D
14:29:53,PTBA,RG,2830,1,F,ZP,CC,D
14:29:53,PTBA,RG,2810,38,D,GR,BK,F
14:29:53,PTBA,RG,2820,15,D,LG,BK,F
14:29:53,PTBA,RG,2820,8,D,LG,YU,D
14:29:51,PTBA,RG,2820,1,F,ZP,YU,D
14:29:50,PTBA,RG,2810,1,D,GR,AK,F
14:29:49,PTBA,RG,2820,2,F,CS,BK,F
14:29:49,PTBA,RG,2820,1,F,CS,BK,F
14:29:48,PTBA,RG,2820,4,F,CS,BK,F
14:29:48,PTBA,RG,2820,1,D,PD,BK,F
14:29:48,PTBA,RG,2820,5,F,ZP,BK,F
14:29:45,PTBA,RG,2810,1,D,GR,AK,F
14:29:45,PTBA,RG,2810,1,D,GR,AK,F
14:29:45,PTBA,RG,2810,44,D,GR,BK,F
14:29:45,PTBA,RG,2820,64,F,ZP,BK,F
14:29:45,PTBA,RG,2820,4,F,ZP,AK,F
14:29:44,PTBA,RG,2830,200,D,OD,CC,D
14:29:43,PTBA,RG,2810,8,D,GR,AK,F
14:29:42,PTBA,RG,2810,410,D,GR,BK,F
14:29:42,PTBA,RG,2820,1,F,ZP,BK,F
14:29:40,PTBA,RG,2810,1,D,GR,AK,F
14:29:38,PTBA,RG,2820,12,F,ZP,BK,F
14:29:36,PTBA,RG,2810,4,D,GR,AK,F
14:29:35,PTBA,RG,2820,81,F,BK,BK,F
14:29:35,PTBA,RG,2820,30,F,BK,BK,F
14:29:34,PTBA,RG,2830,133,F,ZP,CC,D
14:29:34,PTBA,RG,2820,1,F,ZP,AK,F
14:29:32,PTBA,RG,2820,27,F,ZP,AK,F
14:29:32,PTBA,RG,2820,2,F,ZP,AK,F
14:29:31,PTBA,RG,2820,31,F,BK,BK,F
14:29:31,PTBA,RG,2820,799,D,LG,BK,F
14:29:31,PTBA,RG,2820,403,D,LG,BK,F
14:29:31,PTBA,RG,2820,57,D,LG,BK,F
14:29:31,PTBA,RG,2820,57,D,LG,BK,F
14:29:31,PTBA,RG,2820,57,D,LG,BK,F
14:29:31,PTBA,RG,2820,47,D,LG,BK,F
14:29:31,PTBA,RG,2820,10,D,YP,BK,F
14:29:29,PTBA,RG,2830,3,F,ZP,CC,D
14:29:29,PTBA,RG,2820,1,F,ZP,AK,F
14:29:27,PTBA,RG,2830,34,F,BK,CC,D
14:29:26,PTBA,RG,2830,4,F,ZP,CC,D
14:29:26,PTBA,RG,2820,11,F,ZP,BK,F
14:29:26,PTBA,RG,2820,1,F,ZP,AK,F
14:29:24,PTBA,RG,2830,40,F,BK,CC,D
14:29:21,PTBA,RG,2820,14,F,ZP,AK,F
14:29:20,PTBA,RG,2820,232,F,BK,BK,F
14:29:20,PTBA,RG,2830,424,F,ZP,CC,D
14:29:19,PTBA,RG,2820,3,F,ZP,AK,F
14:29:17,PTBA,RG,2820,13,F,ZP,CC,F
14:29:17,PTBA,RG,2820,135,F,ZP,DX,F
14:29:16,PTBA,RG,2820,36,F,BK,DX,F
14:29:16,PTBA,RG,2820,1,F,BK,AK,F
14:29:16,PTBA,RG,2820,9,F,BK,CC,F
14:29:16,PTBA,RG,2820,102,F,BK,AK,F
14:29:16,PTBA,RG,2820,4998,F,BK,MG,F
14:29:16,PTBA,RG,2820,35,F,BK,MG,F
14:29:15,PTBA,RG,2820,2,F,ZP,MG,F
14:29:14,PTBA,RG,2820,10,F,ZP,MG,F
14:29:14,PTBA,RG,2810,11,D,GR,AK,F
14:29:12,PTBA,RG,2810,91,D,GR,AK,F
14:29:12,PTBA,RG,2820,495,F,ZP,MG,F
14:29:11,PTBA,RG,2820,2,D,YP,MG,F
14:29:11,PTBA,RG,2820,1000,D,AF,MG,F
14:29:11,PTBA,RG,2820,1,D,PD,MG,F
14:29:11,PTBA,RG,2820,10,F,CS,MG,F
14:29:11,PTBA,RG,2820,4,D,CC,MG,F
14:29:11,PTBA,RG,2820,4,F,BK,MG,F
14:29:11,PTBA,RG,2820,100,D,DH,MG,F
14:29:11,PTBA,RG,2820,5,D,PD,MG,F
14:29:11,PTBA,RG,2820,1000,D,AF,MG,F
14:29:11,PTBA,RG,2820,119,D,PD,MG,F
14:29:11,PTBA,RG,2820,224,F,BK,MG,F
14:29:11,PTBA,RG,2820,30,D,XL,MG,F
14:29:11,PTBA,RG,2820,2,D,CC,MG,F
14:29:11,PTBA,RG,2820,1,F,ZP,MG,F
14:29:11,PTBA,RG,2820,50,D,NI,MG,F
14:29:11,PTBA,RG,2820,14,F,CS,MG,F
14:29:11,PTBA,RG,2820,799,D,LG,MG,F
14:29:11,PTBA,RG,2820,574,D,LG,MG,F
14:29:11,PTBA,RG,2820,47,D,LG,MG,F
14:29:11,PTBA,RG,2820,2,D,YP,MG,F
14:29:11,PTBA,RG,2820,472,D,AF,MG,F
14:29:05,PTBA,RG,2830,5,F,ZP,CC,D
14:29:04,PTBA,RG,2820,1,D,AF,AK,F
14:29:03,PTBA,RG,2820,41,D,AF,BK,F
14:29:02,PTBA,RG,2830,18,F,ZP,CC,D
14:29:02,PTBA,RG,2820,3,D,AF,AK,F
14:29:00,PTBA,RG,2820,159,D,AF,YU,D
14:28:58,PTBA,RG,2820,5,D,AF,LG,D
14:28:18,PTBA,RG,2830,6,F,ZP,CC,D
14:28:17,PTBA,RG,2820,1,D,AF,AK,F
14:28:17,PTBA,RG,2820,53,D,AF,BK,F
14:28:15,PTBA,RG,2830,1,F,ZP,CC,D
14:28:15,PTBA,RG,2820,1,D,AF,AK,F
14:28:14,PTBA,RG,2830,17,F,ZP,CC,D
14:28:13,PTBA,RG,2820,3,D,AF,AK,F
14:28:12,PTBA,RG,2820,155,D,AF,YU,D
14:28:11,PTBA,RG,2830,2,F,ZP,CC,D
14:28:09,PTBA,RG,2820,18,D,AF,YP,D
14:27:50,PTBA,RG,2830,5,F,ZP,CC,D
14:27:49,PTBA,RG,2820,1,D,AF,AK,F
14:27:48,PTBA,RG,2830,41,D,PD,CC,D
14:27:44,PTBA,RG,2830,4,F,ZP,CC,D
14:27:43,PTBA,RG,2820,1,D,AF,AK,F
14:27:42,PTBA,RG,2820,36,D,AF,BK,F
14:27:38,PTBA,RG,2830,4,F,ZP,CC,D
14:27:37,PTBA,RG,2820,1,D,AF,AK,F
14:27:36,PTBA,RG,2820,35,D,AF,CC,F
14:27:32,PTBA,RG,2820,1,D,AF,AK,F
14:27:32,PTBA,RG,2830,4,F,ZP,CC,D
14:27:31,PTBA,RG,2820,13,D,AF,BK,F
14:27:31,PTBA,RG,2820,2,D,PD,BK,F
14:27:31,PTBA,RG,2820,21,D,CC,BK,F
14:27:30,PTBA,RG,2830,19,F,ZP,CC,D
14:27:30,PTBA,RG,2820,4,D,CC,AK,F
14:27:29,PTBA,RG,2820,166,D,AF,YU,D
14:27:28,PTBA,RG,2820,1,D,AF,YP,D
14:27:16,PTBA,RG,2820,2,D,AF,AK,F
14:27:15,PTBA,RG,2830,107,F,ZP,CC,D
14:26:56,PTBA,RG,2820,33,D,AF,BK,F
14:26:53,PTBA,RG,2820,1,D,AF,AK,F
14:26:52,PTBA,RG,2820,20,D,AF,YP,D
14:26:44,PTBA,RG,2820,1,D,AF,AK,F
14:26:43,PTBA,RG,2820,1,D,AF,CC,D
14:26:43,PTBA,RG,2820,50,D,AF,YP,D
14:26:39,PTBA,RG,2820,1,D,AF,NI,D
14:26:39,PTBA,RG,2820,3,D,AF,AK,F
14:26:38,PTBA,RG,2820,158,D,AF,YU,D
14:26:36,PTBA,RG,2820,1,D,AF,XC,D
14:25:58,PTBA,RG,2820,1,D,AF,AK,F
14:25:57,PTBA,RG,2820,55,D,AF,BK,F
14:25:54,PTBA,RG,2820,4,D,AF,AK,F
14:25:53,PTBA,RG,2820,167,D,AF,YU,D
14:25:48,PTBA,RG,2820,9,D,AF,TP,D
14:25:38,PTBA,RG,2820,1,D,AF,AK,F
14:25:37,PTBA,RG,2820,34,D,AF,BK,F
14:25:35,PTBA,RG,2820,2,D,AF,CC,D
14:25:35,PTBA,RG,2820,20,D,AF,ZP,D
14:25:17,PTBA,RG,2820,1,D,AF,PD,D
14:25:02,PTBA,RG,2820,3,D,AF,AK,F
14:25:01,PTBA,RG,2820,156,D,AF,YU,D
14:24:21,PTBA,RG,2820,1,D,AF,AK,F
14:24:19,PTBA,RG,2820,50,D,AF,BK,F
14:24:18,PTBA,RG,2820,4,D,AF,AK,F
14:24:17,PTBA,RG,2820,54,D,AF,YU,D
14:24:17,PTBA,RG,2820,111,F,BK,YU,D
14:24:16,PTBA,RG,2820,10,F,BK,CC,D
14:24:13,PTBA,RG,2820,1,F,BK,XC,D
14:24:10,PTBA,RG,2820,12,F,BK,PD,D
14:24:04,PTBA,RG,2820,2,F,BK,CC,D
14:23:59,PTBA,RG,2830,2,F,ZP,CC,D
14:23:58,PTBA,RG,2820,18,F,BK,XC,D
14:23:38,PTBA,RG,2820,1,F,BK,AK,F
14:23:36,PTBA,RG,2830,5,F,ZP,CC,D
14:23:34,PTBA,RG,2820,44,F,BK,BK,F
14:23:33,PTBA,RG,2820,1,F,BK,AK,F
14:23:32,PTBA,RG,2820,1,F,BK,AK,F
14:23:32,PTBA,RG,2830,3,F,ZP,CC,D
14:23:31,PTBA,RG,2820,3,F,BK,AK,F
14:23:31,PTBA,RG,2820,22,F,BK,BK,F
14:23:31,PTBA,RG,2820,1,D,PD,BK,F
14:23:31,PTBA,RG,2820,2,F,CS,BK,F
14:23:31,PTBA,RG,2820,4,F,CS,BK,F
14:23:30,PTBA,RG,2830,19,F,ZP,CC,D
14:23:29,PTBA,RG,2820,3,F,CS,YU,D
14:23:29,PTBA,RG,2820,168,D,LG,YU,D
14:22:42,PTBA,RG,2830,4,F,ZP,CC,D
14:22:41,PTBA,RG,2830,5,F,ZP,CC,D
14:22:41,PTBA,RG,2820,1,D,LG,AK,F
14:22:40,PTBA,RG,2830,32,F,BK,CC,D
14:22:40,PTBA,RG,2820,1,D,LG,AK,F
14:22:39,PTBA,RG,2820,41,D,LG,BK,F
14:22:36,PTBA,RG,2830,18,F,ZP,CC,D
14:22:36,PTBA,RG,2820,3,D,LG,AK,F
14:22:36,PTBA,RG,2830,2,D,XC,CC,D
14:22:35,PTBA,RG,2820,20,D,LG,YU,D
14:22:35,PTBA,RG,2820,136,D,LG,YU,D
14:22:26,PTBA,RG,2830,4,F,ZP,CC,D
14:22:26,PTBA,RG,2820,1,D,LG,AK,F
14:22:25,PTBA,RG,2820,22,D,LG,BK,F
14:22:25,PTBA,RG,2820,14,D,LG,BK,F
14:22:24,PTBA,RG,2820,1,D,LG,AK,F
14:22:23,PTBA,RG,2830,13,F,ZP,CC,D
14:22:23,PTBA,RG,2820,2,D,LG,AK,F
14:22:22,PTBA,RG,2830,33,F,BK,CC,D
14:22:22,PTBA,RG,2820,85,D,LG,BK,F
14:22:20,PTBA,RG,2830,7,F,ZP,CC,D
14:22:20,PTBA,RG,2820,2,D,LG,AK,F
14:22:19,PTBA,RG,2820,45,D,LG,YU,D
14:22:19,PTBA,RG,2820,2,D,LG,YU,D
14:22:19,PTBA,RG,2820,1,D,LG,AK,F
14:22:18,PTBA,RG,2830,67,F,ZP,CC,D
14:22:18,PTBA,RG,2820,12,D,LG,AK,F
14:22:17,PTBA,RG,2820,25,D,LG,BK,F
14:22:17,PTBA,RG,2820,27,D,LG,BK,F
14:22:17,PTBA,RG,2820,1,D,LG,BK,F
14:22:17,PTBA,RG,2820,18,D,LG,PD,D
14:22:17,PTBA,RG,2820,2,D,LG,PD,D
14:22:17,PTBA,RG,2820,400,D,LG,PD,D
14:22:17,PTBA,RG,2820,100,D,LG,PD,D
14:22:17,PTBA,RG,2820,30,D,LG,PD,D
14:22:14,PTBA,RG,2830,5,F,ZP,CC,D
14:22:13,PTBA,RG,2820,41,D,LG,BK,F
14:22:09,PTBA,RG,2820,5,D,LG,AK,F
14:22:08,PTBA,RG,2830,31,F,ZP,CC,D
14:22:08,PTBA,RG,2820,2,D,LG,AK,F
14:22:07,PTBA,RG,2820,196,D,LG,BK,F
14:22:07,PTBA,RG,2820,72,D,LG,PD,D
14:22:06,PTBA,RG,2830,6,F,ZP,CC,D
14:22:06,PTBA,RG,2820,8,D,LG,AK,F
14:22:05,PTBA,RG,2830,214,F,ZP,CC,D
14:22:05,PTBA,RG,2830,1,F,ZP,PD,D
14:22:05,PTBA,RG,2830,1,F,ZP,CC,F
14:22:05,PTBA,RG,2830,5,F,ZP,PD,D
14:22:05,PTBA,RG,2830,13,F,ZP,CC,F
14:22:05,PTBA,RG,2830,54,F,ZP,BK,F
14:22:05,PTBA,RG,2820,51,D,LG,AK,F
14:22:04,PTBA,RG,2820,108,D,LG,AZ,D
14:22:03,PTBA,RG,2820,286,D,LG,PD,D
14:22:03,PTBA,RG,2820,575,D,LG,PD,D
14:22:03,PTBA,RG,2820,47,D,LG,PD,D
14:22:03,PTBA,RG,2820,35,D,CC,PD,D
14:22:03,PTBA,RG,2820,16,F,ZP,PD,D
14:22:03,PTBA,RG,2820,228,F,BK,PD,D
14:22:03,PTBA,RG,2820,1,D,PD,PD,D
14:22:03,PTBA,RG,2820,5,D,PD,PD,D
14:22:03,PTBA,RG,2820,4,F,BK,PD,D
14:22:03,PTBA,RG,2820,1,D,CC,PD,D
14:22:03,PTBA,RG,2820,36,D,AZ,PD,D
14:22:03,PTBA,RG,2820,2,F,CS,PD,D
14:22:03,PTBA,RG,2820,3,D,PD,PD,D
14:22:03,PTBA,RG,2820,2,D,CC,PD,D
14:22:03,PTBA,RG,2820,7,F,CS,PD,D
14:22:03,PTBA,RG,2820,1252,D,LG,PD,D
14:21:51,PTBA,RG,2820,3,D,LG,AK,F
14:21:50,PTBA,RG,2830,18,F,ZP,BK,F
14:21:49,PTBA,RG,2820,159,D,LG,YU,D
14:21:49,PTBA,RG,2820,1,D,LG,AK,F
14:21:48,PTBA,RG,2830,3,F,ZP,BK,F
14:21:47,PTBA,RG,2820,25,D,LG,PD,D
14:21:35,PTBA,RG,2830,1,F,ZP,BK,F
14:21:34,PTBA,RG,2820,2,D,LG,AK,F
14:21:33,PTBA,RG,2830,11,F,ZP,BK,F
14:21:33,PTBA,RG,2820,10,D,LG,PD,D
14:21:32,PTBA,RG,2820,100,D,LG,YP,D
14:21:30,PTBA,RG,2820,1,D,LG,AK,F
14:21:29,PTBA,RG,2830,3,F,ZP,BK,F
14:21:28,PTBA,RG,2820,30,D,LG,PD,D
14:21:14,PTBA,RG,2830,2,F,ZP,BK,F
14:21:12,PTBA,RG,2830,10,D,YP,BK,F
14:21:08,PTBA,RG,2820,1,D,LG,AK,F
14:21:07,PTBA,RG,2820,3,D,LG,AK,F
14:21:06,PTBA,RG,2830,19,F,ZP,BK,F
14:21:05,PTBA,RG,2820,12,D,LG,YU,D
14:21:05,PTBA,RG,2820,160,D,LG,YU,D
14:20:47,PTBA,RG,2820,3,D,LG,AK,F
14:20:45,PTBA,RG,2830,64,F,ZP,BK,F
14:20:45,PTBA,RG,2830,1,F,ZP,PD,D
14:20:45,PTBA,RG,2830,2,F,ZP,AI,D
14:20:45,PTBA,RG,2830,1,F,ZP,PD,D
14:20:45,PTBA,RG,2830,42,F,ZP,ZP,D
14:20:43,PTBA,RG,2820,20,D,LG,AZ,D
14:20:38,PTBA,RG,2820,8,D,LG,YP,D
14:20:30,PTBA,RG,2820,1,D,LG,NI,D
14:20:28,PTBA,RG,2820,5,D,LG,XC,D
14:20:19,PTBA,RG,2820,1,D,LG,KK,D
14:20:15,PTBA,RG,2820,4,D,LG,AK,F
14:20:14,PTBA,RG,2820,172,D,LG,YU,D
14:20:14,PTBA,RG,2820,1,D,LG,PD,D
14:20:06,PTBA,RG,2820,1,D,LG,AK,F
14:20:04,PTBA,RG,2820,50,D,LG,YP,D
14:20:00,PTBA,RG,2820,5,D,LG,YP,D
14:19:58,PTBA,RG,2820,1,D,LG,AK,F
14:19:56,PTBA,RG,2820,35,D,LG,AI,D
14:19:47,PTBA,RG,2820,5,D,LG,AZ,D
14:19:30,PTBA,RG,2820,2,D,LG,KK,D
14:19:24,PTBA,RG,2820,3,D,LG,AK,F
14:19:22,PTBA,RG,2820,166,D,LG,YU,D
14:19:09,PTBA,RG,2820,2,D,LG,AZ,D
14:19:08,PTBA,RG,2820,1,D,LG,XC,D
14:19:00,PTBA,RG,2820,3,D,LG,AK,F
14:19:00,PTBA,RG,2820,1,D,LG,PD,D
14:18:59,PTBA,RG,2820,145,D,LG,YP,D
14:18:59,PTBA,RG,2820,2,D,LG,AK,F
14:18:58,PTBA,RG,2820,100,D,LG,DR,D
14:18:35,PTBA,RG,2820,4,D,LG,AK,F
14:18:34,PTBA,RG,2820,173,D,LG,YU,D
14:18:17,PTBA,RG,2820,10,D,LG,YP,D
14:18:04,PTBA,RG,2820,10,D,LG,NI,D
14:17:52,PTBA,RG,2820,2,D,LG,XC,D
14:17:49,PTBA,RG,2820,1,D,LG,AK,F
14:17:48,PTBA,RG,2820,35,D,LG,XC,D
14:17:40,PTBA,RG,2820,3,D,LG,AK,F
14:17:39,PTBA,RG,2820,14,D,LG,YU,D
14:17:39,PTBA,RG,2820,94,D,LG,YU,D
14:17:39,PTBA,RG,2820,49,F,BK,YU,D
14:17:38,PTBA,RG,2830,3,D,PD,ZP,D
14:16:57,PTBA,RG,2830,1,F,ZP,ZP,D
14:16:57,PTBA,RG,2820,1,F,BK,AK,F
14:16:56,PTBA,RG,2830,18,F,ZP,ZP,D
14:16:55,PTBA,RG,2820,3,F,BK,AK,F
14:16:54,PTBA,RG,2820,52,F,BK,YU,D
14:16:54,PTBA,RG,2820,110,F,CS,YU,D
14:16:39,PTBA,RG,2820,5,F,CS,NI,D
14:16:15,PTBA,RG,2830,5,F,ZP,ZP,D
14:16:15,PTBA,RG,2820,1,F,CS,AK,F
14:16:14,PTBA,RG,2830,1,F,ZP,ZP,D
14:16:14,PTBA,RG,2820,43,F,CS,DX,F
14:16:13,PTBA,RG,2820,8,F,CS,NI,D
14:16:11,PTBA,RG,2820,2,F,CS,AK,F
14:16:11,PTBA,RG,2830,11,F,ZP,ZP,D
14:16:10,PTBA,RG,2820,100,F,CS,IU,D
14:16:09,PTBA,RG,2830,1,F,ZP,ZP,D
14:16:09,PTBA,RG,2820,1,F,CS,AK,F
14:16:08,PTBA,RG,2820,3,F,CS,PD,D
14:16:07,PTBA,RG,2820,3,F,CS,AK,F
14:16:06,PTBA,RG,2830,18,F,ZP,ZP,D
14:16:06,PTBA,RG,2820,162,F,CS,YU,D
14:15:22,PTBA,RG,2830,1,D,KK,ZP,D
14:15:20,PTBA,RG,2830,1,F,ZP,ZP,D
14:15:19,PTBA,RG,2820,1,F,CS,AK,F
14:15:18,PTBA,RG,2830,17,F,ZP,ZP,D
14:15:18,PTBA,RG,2820,3,F,CS,AK,F
14:15:17,PTBA,RG,2820,158,F,CS,YU,D
14:15:13,PTBA,RG,2820,2,F,CS,CC,D
14:15:09,PTBA,RG,2830,1,F,ZP,ZP,D
14:15:08,PTBA,RG,2820,1,F,CS,YP,D
14:14:55,PTBA,RG,2820,1,F,CS,AK,F
14:14:54,PTBA,RG,2830,4,F,ZP,ZP,D
14:14:54,PTBA,RG,2820,36,F,CS,YB,D
14:14:47,PTBA,RG,2820,2,F,CS,AK,F
14:14:47,PTBA,RG,2830,11,F,ZP,ZP,D
14:14:46,PTBA,RG,2820,100,F,CS,FS,D
14:14:45,PTBA,RG,2830,6,F,ZP,ZP,D
14:14:45,PTBA,RG,2820,1,F,CS,AK,F
14:14:44,PTBA,RG,2820,51,F,CS,BK,F
14:14:39,PTBA,RG,2830,4,F,ZP,ZP,D
14:14:38,PTBA,RG,2820,38,F,CS,BK,F
14:14:38,PTBA,RG,2830,29,F,ZP,ZP,D
14:14:36,PTBA,RG,2830,8,F,ZP,ZP,D
14:14:36,PTBA,RG,2820,265,F,CS,BK,F
14:14:35,PTBA,RG,2820,52,F,CS,DX,F
14:14:35,PTBA,RG,2830,168,F,ZP,ZP,D
14:14:35,PTBA,RG,2830,1,F,ZP,DR,D
14:14:35,PTBA,RG,2830,9,F,ZP,CC,F
14:14:35,PTBA,RG,2830,17,F,ZP,AK,F
14:14:35,PTBA,RG,2830,3,F,ZP,YP,D
14:14:34,PTBA,RG,2820,20,F,CS,DR,D
14:14:34,PTBA,RG,2810,75,D,GR,AK,F
14:14:33,PTBA,RG,2830,2,F,ZP,YP,D
14:14:33,PTBA,RG,2830,2,F,ZP,SQ,D
14:14:33,PTBA,RG,2830,200,F,ZP,EP,D
14:14:33,PTBA,RG,2830,10,F,ZP,XC,D
14:14:33,PTBA,RG,2830,8,F,ZP,CC,D
14:14:33,PTBA,RG,2820,6,F,CS,AK,F
14:14:33,PTBA,RG,2820,5,D,PD,AK,F
14:14:33,PTBA,RG,2820,5,D,XC,AK,F
14:14:33,PTBA,RG,2820,4,F,CS,AK,F
14:14:33,PTBA,RG,2820,5,D,YP,AK,F
14:14:33,PTBA,RG,2820,100,D,IU,AK,F
14:14:33,PTBA,RG,2820,3,D,PD,AK,F
14:14:33,PTBA,RG,2820,1,D,CC,AK,F
14:14:33,PTBA,RG,2820,3,D,XC,AK,F
14:14:33,PTBA,RG,2820,11,F,CS,AK,F
14:14:33,PTBA,RG,2820,1,D,PD,AK,F
14:14:33,PTBA,RG,2820,3,D,XC,AK,F
14:14:33,PTBA,RG,2820,30,D,DH,AK,F
14:14:33,PTBA,RG,2820,50,D,NI,AK,F
14:14:33,PTBA,RG,2820,1,F,BK,AK,F
14:14:33,PTBA,RG,2820,4,F,BK,AK,F
14:14:33,PTBA,RG,2820,342,F,BK,AK,F
14:14:33,PTBA,RG,2820,799,D,LG,AK,F
14:14:33,PTBA,RG,2820,332,D,LG,AK,F
14:14:33,PTBA,RG,2820,242,D,LG,ID,D
14:14:33,PTBA,RG,2820,47,D,LG,ID,D
14:14:33,PTBA,RG,2820,100,D,YB,ID,D
14:14:33,PTBA,RG,2820,100,D,YB,ID,D
14:14:33,PTBA,RG,2820,1,D,DX,ID,D
14:14:33,PTBA,RG,2820,14,F,CS,ID,D
14:14:33,PTBA,RG,2820,1234,F,CS,ID,D
14:14:33,PTBA,RG,2820,10,D,PD,ID,D
14:14:33,PTBA,RG,2820,1,D,PD,ID,D
14:14:33,PTBA,RG,2820,35,D,MG,ID,D
14:14:33,PTBA,RG,2820,25,D,DR,ID,D
14:14:33,PTBA,RG,2820,4,F,ZP,ID,D
14:14:33,PTBA,RG,2820,38,D,CC,ID,D
14:14:33,PTBA,RG,2820,2,D,XL,ID,D
14:14:33,PTBA,RG,2820,14,F,CS,ID,D
14:14:33,PTBA,RG,2820,10,D,PD,ID,D
14:14:33,PTBA,RG,2820,123,D,LG,ID,D
14:14:21,PTBA,RG,2820,1,D,LG,AK,F
14:14:20,PTBA,RG,2830,3,F,ZP,CC,D
14:14:18,PTBA,RG,2830,1,F,ZP,CC,D
14:14:18,PTBA,RG,2830,30,F,BK,CC,D
14:14:17,PTBA,RG,2820,2,D,LG,AK,F
14:14:15,PTBA,RG,2830,78,F,ZP,CC,D
14:14:15,PTBA,RG,2820,3,D,LG,AK,F
14:14:14,PTBA,RG,2820,2,D,LG,AK,F
14:14:14,PTBA,RG,2820,109,D,LG,YU,D
14:14:14,PTBA,RG,2820,60,D,LG,YU,D
14:14:14,PTBA,RG,2820,1,D,CC,YU,D
14:14:13,PTBA,RG,2820,11,D,CC,YP,D
14:14:13,PTBA,RG,2820,1,D,XC,YP,D
14:14:13,PTBA,RG,2820,85,D,DX,YP,D
14:13:30,PTBA,RG,2820,5,D,DX,GR,D
14:13:01,PTBA,RG,2820,1,D,DX,AK,F
14:13:00,PTBA,RG,2820,55,D,DX,XC,D
14:12:51,PTBA,RG,2820,1,D,DX,AK,F
14:12:49,PTBA,RG,2830,33,F,BK,CC,D
14:12:47,PTBA,RG,2820,4,D,DX,AK,F
14:12:46,PTBA,RG,2820,168,D,DX,YU,D
14:12:21,PTBA,RG,2830,5,D,NI,CC,D
14:11:15,PTBA,RG,2820,3,D,DX,AK,F
14:11:14,PTBA,RG,2820,5,D,DX,NI,D
14:11:13,PTBA,RG,2820,155,D,DX,YU,D
14:10:02,PTBA,RG,2830,1,F,ZP,CC,D
14:10:01,PTBA,RG,2830,4,D,PD,CC,D
14:09:58,PTBA,RG,2820,4,D,DX,AK,F
14:09:57,PTBA,RG,2830,19,F,ZP,CC,D
14:09:56,PTBA,RG,2820,161,D,DX,YU,D
14:09:56,PTBA,RG,2830,18,F,ZP,CC,D
14:09:56,PTBA,RG,2830,4,F,ZP,CC,F
14:09:56,PTBA,RG,2830,10,F,ZP,YP,D
14:09:56,PTBA,RG,2820,6,D,DX,AK,F
14:09:55,PTBA,RG,2820,290,D,DX,AG,D
14:09:40,PTBA,RG,2820,1,D,DX,KK,D
14:09:28,PTBA,RG,2820,2,D,DX,GR,D
14:09:08,PTBA,RG,2830,1,F,ZP,YP,D
14:09:07,PTBA,RG,2820,3,D,DX,AK,F
14:09:05,PTBA,RG,2830,19,F,ZP,YP,D
14:09:05,PTBA,RG,2830,94,F,ZP,KK,D
14:09:04,PTBA,RG,2820,20,D,DX,AK,F
14:09:03,PTBA,RG,2820,981,D,DX,DR,D
14:09:03,PTBA,RG,2820,19,D,CC,DR,D
14:08:53,PTBA,RG,2830,1,F,ZP,KK,D
14:08:52,PTBA,RG,2820,6,D,CC,NI,D
14:08:36,PTBA,RG,2820,1,D,CC,AK,F
14:08:35,PTBA,RG,2830,18,F,ZP,KK,D
14:08:34,PTBA,RG,2820,3,D,CC,AK,F
14:08:33,PTBA,RG,2820,5,D,CC,YU,D
14:08:33,PTBA,RG,2820,35,D,AI,YU,D
14:08:33,PTBA,RG,2820,100,D,PD,YU,D
14:08:33,PTBA,RG,2820,20,D,PD,YU,D
14:08:20,PTBA,RG,2830,4,F,ZP,KK,D
14:08:19,PTBA,RG,2820,1,D,PD,AK,F
14:08:18,PTBA,RG,2820,34,D,PD,CC,F
14:08:18,PTBA,RG,2820,1,F,BK,CC,F
14:07:46,PTBA,RG,2820,1,F,BK,AK,F
14:07:45,PTBA,RG,2830,61,F,ZP,KK,D
14:07:10,PTBA,RG,2820,3,F,BK,AK,F
14:07:09,PTBA,RG,2820,128,F,BK,YU,D
14:07:09,PTBA,RG,2820,4,F,BK,YU,D
14:07:09,PTBA,RG,2820,24,D,LG,YU,D
14:06:53,PTBA,RG,2830,1,D,YP,KK,D
14:06:21,PTBA,RG,2820,8,D,LG,NI,D
14:05:53,PTBA,RG,2820,4,D,LG,AK,F
14:05:52,PTBA,RG,2820,164,D,LG,YU,D
14:05:38,PTBA,RG,2820,1,D,LG,KK,D
14:05:00,PTBA,RG,2830,11,D,CC,KK,D
14:04:53,PTBA,RG,2820,4,D,LG,AK,F
14:04:52,PTBA,RG,2820,200,D,LG,MG,D
14:04:32,PTBA,RG,2830,1,D,YP,KK,D
14:04:29,PTBA,RG,2820,1,D,LG,AK,F
14:04:29,PTBA,RG,2830,4,F,ZP,KK,D
14:04:28,PTBA,RG,2830,33,F,BK,KK,D
14:04:27,PTBA,RG,2830,1,F,ZP,KK,D
14:04:26,PTBA,RG,2820,2,D,LG,AK,F
14:04:26,PTBA,RG,2830,12,F,ZP,KK,D
14:04:25,PTBA,RG,2820,4,D,LG,AK,F
14:04:25,PTBA,RG,2820,109,D,LG,YP,D
14:04:24,PTBA,RG,2830,17,F,ZP,KK,D
14:04:23,PTBA,RG,2820,154,D,LG,YU,D
14:04:03,PTBA,RG,2830,5,F,ZP,KK,D
14:04:02,PTBA,RG,2820,1,D,LG,AK,F
14:04:02,PTBA,RG,2830,30,F,BK,KK,D
14:04:01,PTBA,RG,2820,11,D,LG,AK,F
14:04:00,PTBA,RG,2830,55,F,ZP,KK,D
14:04:00,PTBA,RG,2820,112,D,LG,MG,D
14:04:00,PTBA,RG,2820,388,D,LG,MG,D
14:03:59,PTBA,RG,2830,5,D,PD,KK,D
14:03:17,PTBA,RG,2830,30,F,BK,KK,D
14:03:17,PTBA,RG,2820,1,D,LG,AK,F
14:03:15,PTBA,RG,2830,11,F,ZP,KK,D
14:03:15,PTBA,RG,2820,2,D,LG,AK,F
14:03:14,PTBA,RG,2820,99,D,LG,PD,D
14:02:56,PTBA,RG,2830,2,F,ZP,KK,D
14:02:54,PTBA,RG,2820,10,D,LG,AZ,D
14:02:32,PTBA,RG,2820,1,D,LG,XC,D
14:02:27,PTBA,RG,2830,5,F,ZP,KK,D
14:02:26,PTBA,RG,2820,1,D,LG,AK,F
14:02:25,PTBA,RG,2820,48,D,LG,DR,D
14:02:15,PTBA,RG,2820,1,D,LG,DH,D
14:01:41,PTBA,RG,2830,1,F,ZP,KK,D
14:01:41,PTBA,RG,2820,1,D,LG,AK,F
14:01:40,PTBA,RG,2820,1,D,LG,AK,F
14:01:39,PTBA,RG,2830,43,F,ZP,KK,D
14:01:39,PTBA,RG,2820,7,D,LG,AK,F
14:01:39,PTBA,RG,2830,32,F,BK,KK,D
14:01:38,PTBA,RG,2830,355,D,PD,KK,D
14:01:10,PTBA,RG,2820,1,D,LG,EP,D
13:57:26,PTBA,RG,2830,4,F,ZP,KK,D
13:57:25,PTBA,RG,2820,1,D,LG,AK,F
13:57:25,PTBA,RG,2820,13,D,LG,CC,F
13:57:25,PTBA,RG,2820,22,D,LG,CC,F
13:57:17,PTBA,RG,2830,3,F,ZP,KK,D
13:57:15,PTBA,RG,2820,24,D,LG,DX,F
13:56:54,PTBA,RG,2830,6,F,ZP,KK,D
13:56:53,PTBA,RG,2820,1,D,LG,AK,F
13:56:53,PTBA,RG,2830,50,D,PD,KK,D
13:56:51,PTBA,RG,2810,1,D,GR,AK,F
13:56:50,PTBA,RG,2830,11,F,ZP,KK,D
13:56:50,PTBA,RG,2820,1,F,CS,AK,F
13:56:49,PTBA,RG,2820,1,F,CS,AK,F
13:56:49,PTBA,RG,2820,99,F,BK,YP,D
13:56:48,PTBA,RG,2820,3,D,XC,YP,D
13:56:32,PTBA,RG,2830,4,F,ZP,KK,D
13:56:30,PTBA,RG,2830,29,F,BK,KK,D
13:56:30,PTBA,RG,2820,2,F,BK,XL,D
13:56:29,PTBA,RG,2830,7,F,ZP,KK,D
13:56:28,PTBA,RG,2820,3,F,BK,AK,F
13:56:27,PTBA,RG,2830,42,F,ZP,KK,D
13:56:27,PTBA,RG,2820,1,F,BK,AK,F
13:56:27,PTBA,RG,2830,12,F,ZP,KK,D
13:56:27,PTBA,RG,2830,48,F,ZP,DX,F
13:56:27,PTBA,RG,2830,5,F,ZP,YU,D
13:56:27,PTBA,RG,2830,1,F,ZP,NI,D
13:56:27,PTBA,RG,2830,5,F,ZP,DR,D
13:56:27,PTBA,RG,2830,10,F,ZP,CC,D
13:56:27,PTBA,RG,2820,33,F,ZP,BK,F
13:56:26,PTBA,RG,2820,10,F,ZP,AK,F
13:56:26,PTBA,RG,2820,437,F,BK,BK,F
13:56:26,PTBA,RG,2820,1,F,BK,BK,F
13:56:25,PTBA,RG,2820,1,F,BK,BK,F
13:56:25,PTBA,RG,2820,1,F,BK,BK,F
13:56:25,PTBA,RG,2810,20,D,GR,AK,F
13:56:25,PTBA,RG,2820,1,F,BK,BK,F
13:56:25,PTBA,RG,2820,1,F,BK,AK,F
13:56:25,PTBA,RG,2810,43,D,GR,BK,F
13:56:25,PTBA,RG,2820,19,F,BK,YU,D
13:56:25,PTBA,RG,2820,53,F,BK,YU,D
13:56:25,PTBA,RG,2820,78,F,BK,YU,D
13:56:25,PTBA,RG,2820,4,F,BK,YU,D
13:56:25,PTBA,RG,2820,79,F,BK,YU,D
13:56:25,PTBA,RG,2820,815,F,BK,YU,D
13:56:23,PTBA,RG,2810,3,D,GR,AK,F
13:56:23,PTBA,RG,2820,13,F,ZP,YU,D
13:56:23,PTBA,RG,2820,4,F,ZP,CC,F
13:56:22,PTBA,RG,2810,155,D,GR,YU,D
13:56:21,PTBA,RG,2820,1,F,ZP,CC,F
13:56:21,PTBA,RG,2810,1,D,GR,AK,F
13:56:21,PTBA,RG,2820,8,F,BK,YU,D
13:56:18,PTBA,RG,2820,1,F,ZP,YU,D
13:56:15,PTBA,RG,2820,3,F,ZP,CC,F
13:56:14,PTBA,RG,2810,36,D,GR,BK,F
13:56:12,PTBA,RG,2820,1,F,ZP,BK,F
13:56:07,PTBA,RG,2810,1,D,GR,AK,F
13:56:07,PTBA,RG,2820,1,F,CS,BK,F
13:56:06,PTBA,RG,2820,3,F,ZP,BK,F
13:56:03,PTBA,RG,2810,27,D,GR,AK,F
13:56:02,PTBA,RG,2820,1,F,CS,BK,F
13:56:02,PTBA,RG,2820,3,D,ZP,BK,F
13:56:02,PTBA,RG,2830,5,F,ZP,CC,D
13:56:02,PTBA,RG,2830,100,F,ZP,YP,D
13:56:02,PTBA,RG,2830,91,F,ZP,YP,D
13:56:01,PTBA,RG,2810,71,D,GR,YP,D
13:56:01,PTBA,RG,2810,1,D,NI,YP,D
13:56:01,PTBA,RG,2810,1,D,PD,YP,D
13:56:01,PTBA,RG,2810,50,D,YP,YP,D
13:56:01,PTBA,RG,2810,1,D,PD,YP,D
13:56:01,PTBA,RG,2810,20,D,IU,YP,D
13:56:01,PTBA,RG,2810,5,D,PD,YP,D
13:56:01,PTBA,RG,2810,20,D,PD,YP,D
13:56:01,PTBA,RG,2810,10,D,NI,YP,D
13:56:01,PTBA,RG,2810,20,D,NI,YP,D
13:56:01,PTBA,RG,2810,1,D,YP,YP,D
13:56:01,PTBA,RG,2810,4,D,YP,YP,D
13:56:01,PTBA,RG,2810,1,D,YP,YP,D
13:56:01,PTBA,RG,2810,50,D,LG,YP,D
13:56:01,PTBA,RG,2810,1,D,PD,YP,D
13:56:01,PTBA,RG,2810,10,D,PD,YP,D
13:56:01,PTBA,RG,2810,1,D,PD,YP,D
13:56:01,PTBA,RG,2810,1,D,XC,YP,D
13:56:01,PTBA,RG,2810,30,D,KK,YP,D
13:56:01,PTBA,RG,2810,30,D,PD,YP,D
13:56:01,PTBA,RG,2810,2,D,PD,YP,D
13:56:01,PTBA,RG,2810,150,D,LG,YP,D
13:56:01,PTBA,RG,2810,159,D,LG,YP,D
13:56:01,PTBA,RG,2810,27,D,LG,YP,D
13:56:01,PTBA,RG,2810,19,D,LG,YP,D
13:56:01,PTBA,RG,2810,2,D,LG,YP,D
13:56:01,PTBA,RG,2810,39,D,LG,YP,D
13:56:01,PTBA,RG,2810,235,D,LG,YP,D
13:56:01,PTBA,RG,2810,2,D,DH,YP,D
13:56:01,PTBA,RG,2810,10,D,CC,YP,D
13:56:01,PTBA,RG,2810,1,D,DX,YP,D
13:56:01,PTBA,RG,2810,10,D,CC,YP,D
13:56:01,PTBA,RG,2810,10,D,YP,YP,D
13:56:01,PTBA,RG,2810,10,D,PD,YP,D
13:56:01,PTBA,RG,2810,1,D,PD,YP,D
13:56:01,PTBA,RG,2810,4,D,XL,YP,D
13:56:01,PTBA,RG,2810,2,D,XC,YP,D
13:56:01,PTBA,RG,2810,1,D,PD,YP,D
13:56:01,PTBA,RG,2810,35,D,YP,YP,D
13:56:01,PTBA,RG,2810,1,D,YP,YP,D
13:56:01,PTBA,RG,2810,160,D,LG,YP,D
13:56:01,PTBA,RG,2810,40,D,LG,YP,D
13:56:01,PTBA,RG,2810,11,D,XC,YP,D
13:56:01,PTBA,RG,2810,498,D,GR,YP,D
13:56:01,PTBA,RG,2820,6,D,XC,YP,D
13:56:01,PTBA,RG,2820,3,D,NI,YP,D
13:55:32,PTBA,RG,2830,9,F,ZP,YP,D
13:55:32,PTBA,RG,2830,4,F,ZP,PD,D
13:55:32,PTBA,RG,2830,4,F,ZP,NI,D
13:55:31,PTBA,RG,2820,7,D,NI,YU,D
13:55:31,PTBA,RG,2820,9,F,CS,YU,D
13:55:31,PTBA,RG,2820,137,F,BK,YU,D
13:55:14,PTBA,RG,2830,4,F,ZP,NI,D
13:55:12,PTBA,RG,2830,23,F,BK,NI,D
13:55:12,PTBA,RG,2830,8,F,BK,CC,D
13:55:12,PTBA,RG,2820,2,D,YP,NI,D
13:55:09,PTBA,RG,2830,6,F,ZP,PD,D
13:55:09,PTBA,RG,2830,2,F,BK,PD,D
13:55:09,PTBA,RG,2830,2,F,BK,PD,D
13:55:09,PTBA,RG,2830,12,F,BK,YP,D
13:55:09,PTBA,RG,2830,26,F,BK,YP,D
13:55:09,PTBA,RG,2830,10,F,BK,YP,D
13:55:09,PTBA,RG,2830,1,F,BK,YP,D
13:55:08,PTBA,RG,2830,3,F,ZP,YP,D
13:55:06,PTBA,RG,2830,97,F,ZP,YP,D
13:55:06,PTBA,RG,2830,1,F,ZP,YP,D
13:55:06,PTBA,RG,2830,21,F,ZP,AK,F
13:55:06,PTBA,RG,2830,3,F,ZP,EP,D
13:55:06,PTBA,RG,2830,31,F,ZP,CC,D
13:55:06,PTBA,RG,2820,6,D,YP,AK,F
13:55:06,PTBA,RG,2820,14,F,CS,AK,F
13:55:06,PTBA,RG,2820,8,D,DH,AK,F
13:55:05,PTBA,RG,2820,17,D,DH,YP,D
13:55:05,PTBA,RG,2820,1,D,XC,YP,D
13:55:05,PTBA,RG,2820,19,F,ZP,YP,D
13:55:05,PTBA,RG,2820,1305,F,CS,YP,D
13:55:05,PTBA,RG,2820,1,D,YP,YP,D
13:55:05,PTBA,RG,2820,10,D,YP,YP,D
13:55:05,PTBA,RG,2820,10,D,PD,YP,D
13:55:05,PTBA,RG,2820,37,D,LG,YP,D
13:55:05,PTBA,RG,2820,1,D,LG,AK,F
13:55:05,PTBA,RG,2830,3,F,ZP,CC,D
13:55:04,PTBA,RG,2820,12,D,LG,EP,D
13:55:04,PTBA,RG,2820,13,D,YP,EP,D
13:54:48,PTBA,RG,2830,1,F,ZP,CC,D
13:54:47,PTBA,RG,2820,4,D,YP,AK,F
13:54:47,PTBA,RG,2830,18,F,ZP,CC,D
13:54:46,PTBA,RG,2820,2,D,YP,AK,F
13:54:46,PTBA,RG,2820,14,D,YP,YU,D
13:54:46,PTBA,RG,2820,8,D,OD,YU,D
13:54:46,PTBA,RG,2820,24,D,PD,YU,D
13:54:46,PTBA,RG,2820,25,D,OD,YU,D
13:54:46,PTBA,RG,2820,49,F,BK,YU,D
13:54:46,PTBA,RG,2820,19,D,CC,YU,D
13:54:46,PTBA,RG,2820,1,D,KK,YU,D
13:54:46,PTBA,RG,2820,21,D,LG,YU,D
13:54:45,PTBA,RG,2830,97,F,ZP,CC,D
13:54:45,PTBA,RG,2830,1,F,ZP,CC,D
13:54:45,PTBA,RG,2830,1,F,ZP,XC,D
13:54:45,PTBA,RG,2830,3,F,ZP,CC,D
13:54:42,PTBA,RG,2820,35,D,LG,AI,D
13:54:35,PTBA,RG,2820,2,D,LG,AK,F
13:54:34,PTBA,RG,2820,100,D,LG,CC,D
13:54:30,PTBA,RG,2820,3,D,LG,AK,F
13:54:29,PTBA,RG,2820,15,D,LG,YB,D
13:54:29,PTBA,RG,2820,58,D,LG,YP,D
13:54:29,PTBA,RG,2820,17,D,LG,YP,D
13:54:29,PTBA,RG,2820,9,D,LG,YP,D
13:54:16,PTBA,RG,2820,10,D,LG,PD,D
13:54:11,PTBA,RG,2820,1,D,LG,AK,F
13:54:10,PTBA,RG,2820,39,D,LG,DX,F
13:53:57,PTBA,RG,2820,3,D,LG,AK,F
13:53:56,PTBA,RG,2820,81,D,LG,YU,D
13:53:56,PTBA,RG,2820,79,D,LG,YU,D
13:53:54,PTBA,RG,2820,25,D,LG,CC,D
13:53:31,PTBA,RG,2820,2,D,LG,AK,F
13:53:30,PTBA,RG,2820,43,D,LG,YP,D
13:53:30,PTBA,RG,2820,40,D,LG,YP,D
13:53:30,PTBA,RG,2820,17,D,LG,YP,D
13:53:06,PTBA,RG,2820,3,D,LG,AK,F
13:53:04,PTBA,RG,2820,7,D,LG,YU,D
13:53:04,PTBA,RG,2820,18,D,LG,YU,D
13:53:04,PTBA,RG,2820,2,D,LG,YU,D
13:53:04,PTBA,RG,2820,100,D,PD,YU,D
13:53:04,PTBA,RG,2820,26,D,LG,YU,D
13:52:22,PTBA,RG,2820,4,D,LG,AK,F
13:52:21,PTBA,RG,2830,10,D,PD,CC,D
13:52:21,PTBA,RG,2820,166,D,LG,YU,D
13:51:46,PTBA,RG,2820,10,D,LG,XC,D
13:51:30,PTBA,RG,2820,4,D,LG,AK,F
13:51:29,PTBA,RG,2820,161,D,LG,YU,D
13:50:46,PTBA,RG,2820,4,D,LG,AK,F
13:50:45,PTBA,RG,2830,15,F,ZP,CC,D
13:50:45,PTBA,RG,2830,6,F,ZP,PD,D
13:50:45,PTBA,RG,2820,25,D,LG,YU,D
13:50:45,PTBA,RG,2820,100,D,LG,YU,D
13:50:45,PTBA,RG,2820,6,F,CS,YU,D
13:50:45,PTBA,RG,2820,52,D,YP,YU,D
13:49:52,PTBA,RG,2820,1,D,YP,DH,D
13:49:44,PTBA,RG,2830,4,F,ZP,PD,D
13:49:44,PTBA,RG,2830,1,F,ZP,XC,D
13:49:44,PTBA,RG,2830,10,F,ZP,LS,D
13:49:44,PTBA,RG,2830,3,F,ZP,CC,D
13:49:44,PTBA,RG,2820,3,D,YP,AK,F
13:49:42,PTBA,RG,2820,163,D,YP,YU,D
13:49:23,PTBA,RG,2830,1,F,ZP,CC,D
13:49:23,PTBA,RG,2830,1,F,ZP,CC,D
13:49:23,PTBA,RG,2820,1,D,YP,AK,F
13:49:22,PTBA,RG,2820,13,D,YP,PD,D
13:49:22,PTBA,RG,2820,1,D,PD,PD,D
13:49:03,PTBA,RG,2830,2,D,PC,CC,D
13:49:03,PTBA,RG,2830,2,D,PC,XL,D
13:48:56,PTBA,RG,2830,1,F,ZP,PD,D
13:48:54,PTBA,RG,2820,4,D,XC,AK,F
13:48:53,PTBA,RG,2830,1,F,ZP,PD,D
13:48:53,PTBA,RG,2830,1,F,ZP,XC,D
13:48:53,PTBA,RG,2830,1,F,ZP,XC,D
13:48:53,PTBA,RG,2830,15,F,ZP,XC,D
13:48:52,PTBA,RG,2820,26,D,XC,YU,D
13:48:52,PTBA,RG,2820,5,D,PD,YU,D
13:48:52,PTBA,RG,2820,6,F,CS,YU,D
13:48:52,PTBA,RG,2820,4,F,BK,YU,D
13:48:52,PTBA,RG,2820,10,D,CC,YU,D
13:48:52,PTBA,RG,2820,1,D,AZ,YU,D
13:48:52,PTBA,RG,2820,1,F,ZP,YU,D
13:48:52,PTBA,RG,2820,109,F,BK,YU,D
13:48:37,PTBA,RG,2820,1,F,BK,XC,D
13:48:06,PTBA,RG,2820,3,F,CS,AK,F
13:48:05,PTBA,RG,2830,10,F,ZP,XC,D
13:48:05,PTBA,RG,2830,9,F,ZP,CC,D
13:48:05,PTBA,RG,2830,1,D,XC,CC,D
13:48:04,PTBA,RG,2820,168,F,CS,YU,D
13:46:15,PTBA,RG,2830,6,F,ZP,CC,D
13:46:15,PTBA,RG,2820,2,F,CS,AK,F
13:46:14,PTBA,RG,2820,50,F,CS,CC,D
13:46:06,PTBA,RG,2830,4,F,ZP,CC,D
13:46:06,PTBA,RG,2820,35,F,CS,YP,D
13:46:01,PTBA,RG,2820,1,F,CS,AK,F
13:46:00,PTBA,RG,2830,10,F,ZP,CC,D
13:46:00,PTBA,RG,2820,2,F,CS,AK,F
13:45:59,PTBA,RG,2820,16,F,CS,DR,D
13:45:59,PTBA,RG,2820,6,F,CS,DR,D
13:45:59,PTBA,RG,2820,2,D,PD,DR,D
13:45:59,PTBA,RG,2820,2,D,PD,DR,D
13:45:59,PTBA,RG,2820,21,D,YP,DR,D
13:45:59,PTBA,RG,2820,4,D,XC,DR,D
13:45:59,PTBA,RG,2820,1,D,XC,DR,D
13:45:59,PTBA,RG,2820,9,D,YP,DR,D
13:45:59,PTBA,RG,2820,4,D,YP,DR,D
13:45:59,PTBA,RG,2820,11,D,CC,DR,D
13:45:59,PTBA,RG,2820,11,D,KK,DR,D
13:45:59,PTBA,RG,2820,2,D,PD,DR,D
13:45:59,PTBA,RG,2820,11,D,CC,DR,D
13:44:14,PTBA,RG,2830,20,F,BK,CC,D
13:44:14,PTBA,RG,2830,10,F,BK,PD,D
13:44:14,PTBA,RG,2830,2,F,BK,XC,D
13:44:13,PTBA,RG,2820,1,D,CC,AK,F
13:44:12,PTBA,RG,2820,22,D,CC,NI,D
13:44:12,PTBA,RG,2820,3,F,CS,NI,D
13:44:02,PTBA,RG,2830,2,D,CC,XC,D
13:43:29,PTBA,RG,2820,3,F,CS,XC,D
13:43:29,PTBA,RG,2820,7,D,PD,XC,D
13:42:57,PTBA,RG,2820,2,D,PD,XC,D
13:42:45,PTBA,RG,2820,1,D,PD,AK,F
13:41:49,PTBA,RG,2820,11,F,BK,BK,F
13:41:49,PTBA,RG,2820,29,F,BK,BK,F
13:41:49,PTBA,RG,2820,16,F,BK,YU,D
13:41:49,PTBA,RG,2820,8,F,BK,YU,D
13:41:49,PTBA,RG,2820,5,F,BK,AK,F
13:41:01,PTBA,RG,2820,17,F,BK,AK,F
13:41:01,PTBA,RG,2820,14,F,BK,CC,F
13:41:01,PTBA,RG,2820,35,F,BK,AK,F
13:41:01,PTBA,RG,2820,262,F,BK,DX,F
13:41:01,PTBA,RG,2820,504,F,BK,BK,F
13:41:01,PTBA,RG,2820,500,F,BK,NI,D
13:41:01,PTBA,RG,2820,6,F,BK,CC,F
13:41:01,PTBA,RG,2820,100,F,BK,YP,D
13:41:01,PTBA,RG,2820,28,F,BK,YU,D
13:41:01,PTBA,RG,2820,161,F,BK,YU,D
13:41:01,PTBA,RG,2820,72,F,BK,YU,D
13:41:01,PTBA,RG,2820,749,F,BK,YU,D
13:41:00,PTBA,RG,2810,40,D,GR,KK,D
13:41:00,PTBA,RG,2810,158,D,GR,YU,D
13:41:00,PTBA,RG,2810,3,D,GR,PD,D
13:40:59,PTBA,RG,2810,63,D,GR,BK,F
13:40:57,PTBA,RG,2820,100,F,BK,YP,D
13:40:57,PTBA,RG,2820,10,F,BK,CC,F
13:40:57,PTBA,RG,2820,19,F,BK,AK,F
13:40:55,PTBA,RG,2820,4,F,CS,AK,F
13:40:55,PTBA,RG,2820,4,F,CS,AK,F
13:40:54,PTBA,RG,2820,5,D,PD,AK,F
13:40:54,PTBA,RG,2820,3,D,NI,AK,F
13:40:54,PTBA,RG,2820,1,D,PD,AK,F
13:40:54,PTBA,RG,2820,1,D,PD,AK,F
13:40:54,PTBA,RG,2820,5,D,XC,AK,F
13:40:54,PTBA,RG,2820,5,F,KK,AK,F
13:40:54,PTBA,RG,2820,240,D,LG,AK,F
13:40:54,PTBA,RG,2820,60,D,LG,AK,F
13:40:54,PTBA,RG,2820,1,D,MG,AK,F
13:40:54,PTBA,RG,2820,5,D,XC,AK,F
13:40:54,PTBA,RG,2820,12,D,YU,AK,F
13:40:54,PTBA,RG,2820,395,F,CS,AK,F
13:40:54,PTBA,RG,2820,13,F,CS,AK,F
13:40:54,PTBA,RG,2820,304,F,CS,AK,F
13:40:54,PTBA,RG,2820,35,D,NI,AK,F
13:40:54,PTBA,RG,2820,1,D,KK,AK,F
13:40:54,PTBA,RG,2820,10,D,KK,AK,F
13:40:54,PTBA,RG,2820,12,F,CS,AK,F
13:40:54,PTBA,RG,2820,161,F,CS,AK,F
13:40:53,PTBA,RG,2820,50,F,CS,YP,D
13:40:50,PTBA,RG,2820,1,F,CS,XL,D
13:40:48,PTBA,RG,2820,1,F,CS,AK,F
13:40:47,PTBA,RG,2820,49,F,CS,BK,F
13:40:44,PTBA,RG,2820,4,F,CS,AK,F
13:40:43,PTBA,RG,2820,31,F,CS,CC,D
13:40:43,PTBA,RG,2820,2,D,AZ,CC,D
13:40:43,PTBA,RG,2820,1,D,NI,CC,D
13:40:43,PTBA,RG,2820,1,D,AZ,CC,D
13:40:43,PTBA,RG,2820,6,D,XC,CC,D
13:40:43,PTBA,RG,2820,2,D,YP,CC,D
13:40:43,PTBA,RG,2820,5,D,YP,CC,D
13:40:43,PTBA,RG,2820,10,D,CC,CC,D
13:40:43,PTBA,RG,2820,10,D,CC,CC,D
13:40:43,PTBA,RG,2820,36,D,XC,CC,D
13:40:43,PTBA,RG,2820,2,D,XC,CC,D
13:40:43,PTBA,RG,2820,5,D,DH,CC,D
13:40:43,PTBA,RG,2820,20,D,PD,CC,D
13:40:43,PTBA,RG,2820,2,D,PD,CC,D
13:40:43,PTBA,RG,2820,1,D,PD,CC,D
13:40:43,PTBA,RG,2820,1,D,PD,CC,D
13:40:43,PTBA,RG,2820,2,D,PD,CC,D
13:40:43,PTBA,RG,2820,8,D,PD,CC,D
13:40:43,PTBA,RG,2820,1,D,MG,CC,D
13:40:43,PTBA,RG,2820,5,D,XL,CC,D
13:40:43,PTBA,RG,2820,24,D,PD,CC,D
13:40:43,PTBA,RG,2820,15,D,PD,CC,D
13:40:43,PTBA,RG,2820,4,F,BK,CC,D
13:40:43,PTBA,RG,2820,30,D,YP,CC,D
13:40:43,PTBA,RG,2820,3,D,YP,CC,D
13:40:05,PTBA,RG,2820,4,D,YP,AK,F
13:40:04,PTBA,RG,2820,174,D,YP,YU,D
13:39:53,PTBA,RG,2820,25,D,YP,NI,D
13:39:48,PTBA,RG,2820,1,D,YP,AK,F
13:39:47,PTBA,RG,2820,10,D,YP,NI,D
13:39:03,PTBA,RG,2820,35,D,YP,CC,F
13:38:59,PTBA,RG,2820,4,D,YP,AK,F
13:38:57,PTBA,RG,2820,179,D,YP,YU,D
13:38:12,PTBA,RG,2820,5,D,YP,CC,D
13:37:53,PTBA,RG,2820,1,D,YP,AK,F
13:37:52,PTBA,RG,2820,45,D,YP,BK,F
13:37:50,PTBA,RG,2820,4,D,YP,AK,F
13:37:48,PTBA,RG,2820,12,D,YP,XC,D
13:37:48,PTBA,RG,2820,181,D,YP,YU,D
13:37:29,PTBA,RG,2830,1,D,LG,XC,D
13:37:21,PTBA,RG,2820,1,D,YP,AK,F
13:37:20,PTBA,RG,2820,34,D,YP,BK,F
13:37:17,PTBA,RG,2820,8,D,YP,AK,F
13:37:17,PTBA,RG,2820,74,D,YP,BK,F
13:37:17,PTBA,RG,2820,2,D,XC,BK,F
13:37:17,PTBA,RG,2820,320,D,GR,BK,F
13:37:12,PTBA,RG,2830,5,D,YP,XC,D
13:37:12,PTBA,RG,2830,13,D,YP,XC,D
13:37:12,PTBA,RG,2830,2,D,YP,EP,D
13:37:11,PTBA,RG,2820,408,D,GR,AK,F
13:37:10,PTBA,RG,2820,3272,D,GR,PD,D
13:37:10,PTBA,RG,2820,5,D,XC,PD,D
13:37:10,PTBA,RG,2820,100,D,YP,PD,D
13:37:10,PTBA,RG,2820,1,D,PD,PD,D
13:37:10,PTBA,RG,2820,2,D,PD,PD,D
13:37:10,PTBA,RG,2820,10,D,CD,PD,D
13:37:10,PTBA,RG,2820,791,F,BK,PD,D
13:37:10,PTBA,RG,2820,10000,D,GR,PD,D
13:37:10,PTBA,RG,2820,1,D,KK,PD,D
13:37:10,PTBA,RG,2820,1,D,YP,PD,D
13:37:10,PTBA,RG,2820,23,D,DH,PD,D
13:37:10,PTBA,RG,2820,1,D,NI,PD,D
13:37:10,PTBA,RG,2820,1,D,PD,PD,D
13:37:10,PTBA,RG,2820,1,D,EP,PD,D
13:37:10,PTBA,RG,2820,10,D,CC,PD,D
13:37:10,PTBA,RG,2820,20,D,PD,PD,D
13:37:10,PTBA,RG,2820,10,D,CC,PD,D
13:37:10,PTBA,RG,2820,1,D,PD,PD,D
13:37:10,PTBA,RG,2820,2,D,KK,PD,D
13:37:10,PTBA,RG,2820,25,D,YP,PD,D
13:37:10,PTBA,RG,2820,10,D,EP,PD,D
13:37:10,PTBA,RG,2820,1,D,XC,PD,D
13:37:10,PTBA,RG,2820,190,F,BK,PD,D
13:37:10,PTBA,RG,2820,3000,D,GR,PD,D
13:37:10,PTBA,RG,2820,100,D,PC,PD,D
13:37:10,PTBA,RG,2820,5,D,OD,PD,D
13:37:10,PTBA,RG,2820,5,D,YP,PD,D
13:37:10,PTBA,RG,2820,10,D,KK,PD,D
13:37:10,PTBA,RG,2820,1,D,PD,PD,D
13:37:10,PTBA,RG,2820,6,D,XC,PD,D
13:37:10,PTBA,RG,2820,6,D,XC,PD,D
13:37:10,PTBA,RG,2820,1,D,EP,PD,D
13:37:10,PTBA,RG,2820,14,F,BK,PD,D
13:37:10,PTBA,RG,2820,160,D,LG,PD,D
13:37:10,PTBA,RG,2820,40,D,LG,PD,D
13:37:10,PTBA,RG,2820,1,D,XC,PD,D
13:37:10,PTBA,RG,2820,15,D,NI,PD,D
13:37:10,PTBA,RG,2820,4,D,YP,PD,D
13:37:10,PTBA,RG,2820,40,D,NI,PD,D
13:37:10,PTBA,RG,2820,3,D,XC,PD,D
13:37:10,PTBA,RG,2820,1,D,PD,PD,D
13:37:10,PTBA,RG,2820,1,D,YP,PD,D
13:37:10,PTBA,RG,2820,190,F,BK,PD,D
13:37:10,PTBA,RG,2820,1000,D,YP,PD,D
13:37:10,PTBA,RG,2820,2,D,HP,PD,D
13:37:10,PTBA,RG,2820,1,D,DH,PD,D
13:37:10,PTBA,RG,2820,137,F,BK,PD,D
13:37:10,PTBA,RG,2820,20,D,KK,PD,D
13:37:10,PTBA,RG,2820,5,D,YP,PD,D
13:37:10,PTBA,RG,2820,2,D,NI,PD,D
13:37:10,PTBA,RG,2820,9,D,NI,PD,D
13:37:10,PTBA,RG,2820,7,D,DH,PD,D
13:37:10,PTBA,RG,2820,2,D,XC,PD,D
13:37:10,PTBA,RG,2820,61,D,SQ,PD,D
13:37:10,PTBA,RG,2820,10,D,PD,PD,D
13:37:10,PTBA,RG,2820,663,D,SQ,PD,D
13:37:04,PTBA,RG,2820,1,D,SQ,AK,F
13:37:03,PTBA,RG,2820,39,D,SQ,XC,D
13:36:54,PTBA,RG,2820,1,D,SQ,AK,F
13:36:54,PTBA,RG,2820,40,D,SQ,SQ,D
13:36:50,PTBA,RG,2830,1,D,XC,EP,D
13:36:42,PTBA,RG,2820,1,D,SQ,AK,F
13:36:41,PTBA,RG,2820,50,D,SQ,YU,D
13:36:32,PTBA,RG,2820,3,D,SQ,AK,F
13:36:31,PTBA,RG,2820,162,D,SQ,YU,D
13:36:30,PTBA,RG,2820,2,D,SQ,PD,D
13:35:52,PTBA,RG,2820,1,D,SQ,AK,F
13:35:51,PTBA,RG,2820,21,D,SQ,PD,D
13:35:29,PTBA,RG,2820,3,D,SQ,AK,F
13:35:28,PTBA,RG,2820,13,D,SQ,YU,D
13:35:28,PTBA,RG,2820,10,D,BQ,YU,D
13:35:28,PTBA,RG,2820,10,D,BQ,YU,D
13:35:28,PTBA,RG,2820,129,D,LG,YU,D
13:35:13,PTBA,RG,2820,10,D,LG,OD,D
13:34:50,PTBA,RG,2820,9,D,LG,XC,D
13:34:47,PTBA,RG,2820,2,D,LG,AK,F
13:34:47,PTBA,RG,2820,1,D,LG,AK,F
13:34:46,PTBA,RG,2830,47,D,ZP,EP,D
13:34:46,PTBA,RG,2830,35,D,ZP,PD,D
13:34:46,PTBA,RG,2830,1,D,ZP,PD,D
13:34:46,PTBA,RG,2830,10,D,ZP,CC,D
13:34:46,PTBA,RG,2830,7,D,ZP,DR,D
13:34:28,PTBA,RG,2820,1,D,LG,AK,F
13:34:27,PTBA,RG,2820,75,D,LG,PD,D
13:34:24,PTBA,RG,2820,3,D,LG,AK,F
13:34:23,PTBA,RG,2820,80,D,LG,YU,D
13:34:23,PTBA,RG,2820,27,D,LG,YU,D
13:34:23,PTBA,RG,2820,19,D,LG,YU,D
13:34:23,PTBA,RG,2820,2,D,LG,YU,D
13:34:23,PTBA,RG,2820,28,D,LG,YU,D
13:34:05,PTBA,RG,2830,1,D,AZ,DR,D
13:34:04,PTBA,RG,2820,1,D,LG,AK,F
13:34:03,PTBA,RG,2830,20,D,PD,DR,D
13:33:32,PTBA,RG,2820,1,D,LG,XC,D
13:33:26,PTBA,RG,2820,3,D,LG,AK,F
13:33:25,PTBA,RG,2820,7,D,LG,YU,D
13:33:25,PTBA,RG,2820,158,D,LG,YU,D
13:33:24,PTBA,RG,2820,10,D,LG,CC,D
13:32:20,PTBA,RG,2820,3,D,LG,AK,F
13:32:19,PTBA,RG,2820,65,D,LG,YU,D
13:32:19,PTBA,RG,2820,1,D,YP,YU,D
13:32:19,PTBA,RG,2820,92,D,YP,YU,D
13:31:49,PTBA,RG,2820,1,D,YP,AK,F
13:31:47,PTBA,RG,2820,7,D,YP,DX,F
13:31:47,PTBA,RG,2820,5,D,SQ,DX,F
13:31:47,PTBA,RG,2820,1,D,XC,DX,F
13:31:47,PTBA,RG,2820,19,D,GR,DX,F
13:31:45,PTBA,RG,2830,15,D,PD,DR,D
13:31:08,PTBA,RG,2820,1,D,GR,XC,D
13:31:08,PTBA,RG,2820,16,D,GR,AK,F
13:31:07,PTBA,RG,2830,57,D,LG,DR,D
13:31:07,PTBA,RG,2830,5,D,LG,DH,D
13:31:07,PTBA,RG,2830,6,D,LG,PD,D
13:31:07,PTBA,RG,2830,58,D,LG,YU,D
13:31:07,PTBA,RG,2830,100,D,LG,PD,D
13:31:07,PTBA,RG,2830,1,D,LG,KK,D
13:31:07,PTBA,RG,2830,173,D,LG,KK,D
13:31:07,PTBA,RG,2830,100,D,LG,KK,D
13:31:06,PTBA,RG,2830,248,D,PD,KK,D
13:31:02,PTBA,RG,2820,6,D,GR,AK,F
13:31:01,PTBA,RG,2830,234,D,LG,KK,D
13:31:01,PTBA,RG,2830,45,D,LG,KK,D
13:31:01,PTBA,RG,2830,19,D,LG,DH,D
13:31:01,PTBA,RG,2830,95,D,LG,DR,D
13:31:01,PTBA,RG,2830,5,D,LG,DR,D
13:31:01,PTBA,RG,2830,4,D,LG,PD,D
13:31:01,PTBA,RG,2830,1,D,LG,LG,D
13:31:01,PTBA,RG,2830,3,D,LG,PD,D
13:31:01,PTBA,RG,2830,20,D,LG,PD,D
13:31:01,PTBA,RG,2830,4,D,LG,PD,D
13:31:01,PTBA,RG,2830,75,D,LG,PD,D
13:31:01,PTBA,RG,2830,1,D,LG,PD,D
13:31:01,PTBA,RG,2830,6,D,LG,KK,D
13:31:01,PTBA,RG,2830,8,D,LG,KK,D
13:31:01,PTBA,RG,2830,22,D,LG,PD,D
13:31:01,PTBA,RG,2830,3,D,LG,PD,D
13:31:01,PTBA,RG,2830,5,D,LG,GR,D
13:31:01,PTBA,RG,2830,3,D,LG,YU,D
13:31:01,PTBA,RG,2830,20,D,LG,RO,D
13:31:01,PTBA,RG,2830,2,D,LG,YP,D
13:31:01,PTBA,RG,2830,5,D,LG,PD,D
13:31:01,PTBA,RG,2830,2,D,LG,AK,F
13:31:01,PTBA,RG,2830,4,D,LG,AK,F
13:31:01,PTBA,RG,2830,22,D,LG,CC,F
13:31:01,PTBA,RG,2830,1,D,LG,HD,D
13:31:01,PTBA,RG,2830,19,D,LG,HD,D
13:31:01,PTBA,RG,2830,2,D,LG,HD,D
13:31:00,PTBA,RG,2830,1,D,XC,HD,D
13:30:47,PTBA,RG,2820,1,D,GR,AK,F
13:30:45,PTBA,RG,2830,1,D,XC,HD,D
13:30:19,PTBA,RG,2820,1,D,GR,AK,F
13:30:18,PTBA,RG,2830,36,D,YP,HD,D
13:30:18,PTBA,RG,2830,20,D,YP,HD,D
13:30:10,PTBA,RG,2830,2,D,CC,HD,D
13:30:09,PTBA,RG,2820,8,D,GR,XC,D
13:30:08,PTBA,RG,2830,1,D,XC,HD,D
13:30:08,PTBA,RG,2830,2,D,XC,HD,D
13:30:08,PTBA,RG,2830,3,D,XC,HD,D
13:30:08,PTBA,RG,2820,2,D,GR,XC,D
13:30:08,PTBA,RG,2830,1,D,XC,HD,D
13:30:06,PTBA,RG,2820,1,D,GR,PD,D
13:30:05,PTBA,RG,2820,1,D,GR,AK,F
13:30:05,PTBA,RG,2820,3,D,GR,AK,F
13:30:05,PTBA,RG,2830,1,D,XC,HD,D
13:30:04,PTBA,RG,2830,3,D,PD,HD,D
13:30:03,PTBA,RG,2830,5,D,DH,HD,D
13:30:03,PTBA,RG,2830,5,D,PD,HD,D
13:30:03,PTBA,RG,2830,19,D,PD,HD,D
13:30:03,PTBA,RG,2830,5,D,PD,HD,D
13:30:03,PTBA,RG,2820,6,D,GR,PD,D
13:30:03,PTBA,RG,2830,1,D,XL,HD,D
13:30:03,PTBA,RG,2830,1,D,PD,HD,D
13:30:02,PTBA,RG,2820,2,D,GR,PD,D
13:30:02,PTBA,RG,2830,100,D,PD,HD,D
13:30:02,PTBA,RG,2830,1,D,PD,HD,D
13:30:02,PTBA,RG,2830,3,D,PD,HD,D
13:30:02,PTBA,RG,2830,10,D,KK,HD,D
13:30:02,PTBA,RG,2820,3,D,GR,PD,D
13:30:02,PTBA,RG,2830,3,D,PD,HD,D
13:30:01,PTBA,RG,2830,1,D,DH,HD,D
13:30:01,PTBA,RG,2830,2,D,KK,HD,D
13:30:01,PTBA,RG,2830,5,D,PD,HD,D
13:30:01,PTBA,RG,2830,1,D,AT,HD,D
13:30:01,PTBA,RG,2830,1,D,AT,HD,D
11:29:40,PTBA,RG,2830,7,F,ZP,HD,D
11:29:20,PTBA,RG,2820,1,D,GR,AK,F
11:29:19,PTBA,RG,2830,61,D,NI,HD,D
11:29:18,PTBA,RG,2830,1,D,YP,HD,D
11:29:07,PTBA,RG,2820,1,D,GR,XC,D
11:28:48,PTBA,RG,2830,1,D,XL,HD,D
11:28:30,PTBA,RG,2830,1,D,XC,HD,D
11:28:21,PTBA,RG,2830,1,F,ZP,HD,D
11:28:21,PTBA,RG,2820,1,D,GR,AK,F
11:28:19,PTBA,RG,2830,40,F,ZP,HD,D
11:28:19,PTBA,RG,2820,8,D,GR,AK,F
11:28:18,PTBA,RG,2830,27,F,ZP,HD,D
11:28:18,PTBA,RG,2820,5,D,GR,AK,F
11:28:18,PTBA,RG,2830,353,D,SQ,HD,D
11:28:17,PTBA,RG,2830,3,F,CS,HD,D
11:28:17,PTBA,RG,2830,227,D,CC,HD,D
11:28:17,PTBA,RG,2830,5,D,SQ,HD,D
11:28:17,PTBA,RG,2830,2,F,ZP,HD,D
11:28:17,PTBA,RG,2830,4,F,CS,HD,D
11:28:17,PTBA,RG,2830,11,D,DR,HD,D
11:28:12,PTBA,RG,2840,1,F,ZP,YP,D
11:28:10,PTBA,RG,2830,9,D,DR,YU,D
11:28:00,PTBA,RG,2830,1,F,ZP,CC,F
11:27:58,PTBA,RG,2830,5,F,ZP,CC,F
11:27:58,PTBA,RG,2820,1,D,GR,AK,F
11:27:57,PTBA,RG,2830,2,D,PD,CC,F
11:27:57,PTBA,RG,2830,48,D,PD,EP,D
11:27:39,PTBA,RG,2830,4,F,ZP,EP,D
11:27:39,PTBA,RG,2820,1,D,GR,AK,F
11:27:38,PTBA,RG,2820,12,D,GR,PD,D
11:27:38,PTBA,RG,2820,2,D,YP,PD,D
11:27:38,PTBA,RG,2820,20,D,KK,PD,D
11:27:38,PTBA,RG,2820,4,D,YU,PD,D
11:27:15,PTBA,RG,2830,5,F,ZP,EP,D
11:27:15,PTBA,RG,2820,1,D,YU,AK,F
11:27:13,PTBA,RG,2830,38,F,ZP,EP,D
11:27:13,PTBA,RG,2820,39,D,YU,AK,F
11:27:12,PTBA,RG,2830,343,F,CS,EP,D
11:27:12,PTBA,RG,2830,156,F,ZP,EP,D
11:27:12,PTBA,RG,2830,1,D,PD,EP,D
11:27:12,PTBA,RG,2830,10,D,CC,EP,D
11:27:12,PTBA,RG,2830,50,D,KK,EP,D
11:27:12,PTBA,RG,2830,6,D,CC,EP,D
11:27:12,PTBA,RG,2830,1,D,PD,EP,D
11:27:12,PTBA,RG,2830,10,F,CS,EP,D
11:27:12,PTBA,RG,2830,21,D,CC,EP,D
11:27:12,PTBA,RG,2830,5,D,PD,EP,D
11:27:12,PTBA,RG,2830,5,D,KK,EP,D
11:27:12,PTBA,RG,2830,10,D,PD,EP,D
11:27:12,PTBA,RG,2830,2,D,XC,EP,D
11:27:12,PTBA,RG,2830,2,D,YP,EP,D
11:27:12,PTBA,RG,2830,1,F,CS,EP,D
11:27:12,PTBA,RG,2830,255,F,CS,EP,D
11:27:12,PTBA,RG,2830,15,D,DH,EP,D
11:27:12,PTBA,RG,2830,8,D,SQ,EP,D
11:27:12,PTBA,RG,2830,7,F,CS,EP,D
11:27:12,PTBA,RG,2830,3,F,ZP,EP,D
11:27:12,PTBA,RG,2830,199,F,BK,EP,D
11:27:12,PTBA,RG,2830,1,D,LG,EP,D
11:27:12,PTBA,RG,2830,7,F,CS,EP,D
11:27:12,PTBA,RG,2830,5,D,SQ,EP,D
11:27:12,PTBA,RG,2830,10,D,OD,EP,D
11:27:12,PTBA,RG,2830,25,D,YP,EP,D
11:27:12,PTBA,RG,2830,2,D,LG,EP,D
11:27:12,PTBA,RG,2830,4,F,BK,EP,D
11:27:12,PTBA,RG,2830,230,D,LG,EP,D
11:27:12,PTBA,RG,2830,157,D,LG,EP,D
11:27:12,PTBA,RG,2830,147,D,LG,EP,D
11:27:12,PTBA,RG,2830,40,D,LG,EP,D
11:27:12,PTBA,RG,2830,28,D,LG,EP,D
11:27:12,PTBA,RG,2830,19,D,LG,EP,D
11:27:12,PTBA,RG,2830,2,D,LG,EP,D
11:27:12,PTBA,RG,2830,110,D,EP,EP,D
11:27:12,PTBA,RG,2830,6,F,CS,EP,D
11:27:12,PTBA,RG,2830,2,D,YP,EP,D
11:26:56,PTBA,RG,2830,4,D,YP,YP,D
11:26:48,PTBA,RG,2840,1,F,ZP,YP,D
11:26:46,PTBA,RG,2840,10,D,PD,YP,D
11:26:12,PTBA,RG,2840,1,F,ZP,YP,D
11:26:10,PTBA,RG,2840,10,F,ZP,YP,D
11:26:10,PTBA,RG,2830,2,D,YP,AK,F
11:26:09,PTBA,RG,2830,90,D,YP,PD,D
11:25:54,PTBA,RG,2840,2,F,ZP,YP,D
11:25:54,PTBA,RG,2830,1,D,YP,AK,F
11:25:53,PTBA,RG,2830,1,D,YP,DX,F
11:25:53,PTBA,RG,2830,22,D,YP,DX,F
11:25:33,PTBA,RG,2840,1,F,ZP,YP,D
11:25:31,PTBA,RG,2840,2,D,XC,YP,D
11:25:27,PTBA,RG,2840,2,F,ZP,YP,D
11:25:27,PTBA,RG,2830,2,D,YP,AK,F
11:25:26,PTBA,RG,2830,21,D,YP,AK,F
11:25:25,PTBA,RG,2840,20,F,ZP,YP,D
11:25:25,PTBA,RG,2840,91,F,ZP,YP,D
11:25:24,PTBA,RG,2830,55,D,YP,HD,D
11:25:24,PTBA,RG,2830,480,D,LG,HD,D
11:25:24,PTBA,RG,2830,2,F,CS,HD,D
11:25:24,PTBA,RG,2830,120,D,LG,HD,D
11:25:24,PTBA,RG,2830,5,D,CC,HD,D
11:25:24,PTBA,RG,2830,1,D,PD,HD,D
11:25:24,PTBA,RG,2830,18,D,XL,HD,D
11:25:24,PTBA,RG,2830,11,D,DH,HD,D
11:25:24,PTBA,RG,2830,1,F,CS,HD,D
11:25:24,PTBA,RG,2830,1,D,YP,HD,D
11:25:24,PTBA,RG,2830,306,D,YB,HD,D
11:25:21,PTBA,RG,2840,1,F,ZP,YP,D
11:25:20,PTBA,RG,2830,4,D,YB,AK,F
11:25:19,PTBA,RG,2840,11,F,ZP,YP,D
11:25:18,PTBA,RG,2830,100,D,YB,NI,D
11:25:18,PTBA,RG,2840,8,F,ZP,YP,D
11:25:18,PTBA,RG,2840,5,F,ZP,YP,D
11:25:18,PTBA,RG,2840,2,F,ZP,CC,D
11:25:18,PTBA,RG,2840,2,F,ZP,NI,D
11:25:18,PTBA,RG,2840,1,F,ZP,XL,D
11:25:18,PTBA,RG,2840,1,F,ZP,PD,D
11:25:18,PTBA,RG,2840,4,F,ZP,YP,D
11:25:18,PTBA,RG,2840,75,F,ZP,XC,D
11:25:07,PTBA,RG,2830,29,D,YB,SQ,D
11:24:43,PTBA,RG,2830,1,D,YB,AK,F
11:24:42,PTBA,RG,2830,20,D,YB,SQ,D
11:24:10,PTBA,RG,2830,7,D,YB,AK,F
11:24:09,PTBA,RG,2830,33,D,YB,XC,D
11:24:09,PTBA,RG,2830,75,D,CC,XC,D
11:24:09,PTBA,RG,2830,234,F,AK,XC,D
11:24:07,PTBA,RG,2830,1,F,AK,AK,F
11:24:06,PTBA,RG,2830,50,F,AK,CC,D
11:23:01,PTBA,RG,2830,19,F,AK,SQ,D
11:22:59,PTBA,RG,2830,1,F,AK,CC,D
11:22:20,PTBA,RG,2830,9,F,AK,XC,D
11:21:58,PTBA,RG,2830,2,F,AK,DH,D
11:21:53,PTBA,RG,2830,1,F,AK,YB,D
11:21:29,PTBA,RG,2830,2,F,AK,AK,F
11:21:28,PTBA,RG,2830,100,F,AK,PD,D
11:21:25,PTBA,RG,2830,1,F,AK,AK,F
11:21:24,PTBA,RG,2830,5,F,AK,PD,D
11:21:13,PTBA,RG,2830,1,F,AK,AK,F
11:21:12,PTBA,RG,2830,85,F,AK,YP,D
11:20:44,PTBA,RG,2830,1,F,AK,AK,F
11:20:43,PTBA,RG,2830,10,F,AK,NI,D
11:20:43,PTBA,RG,2830,1,F,AK,KK,D
11:20:34,PTBA,RG,2830,5,F,AK,YP,D
11:20:17,PTBA,RG,2830,1,F,AK,XC,D
11:20:03,PTBA,RG,2830,2,F,AK,YP,D
11:20:00,PTBA,RG,2830,1,F,AK,KK,D
11:19:27,PTBA,RG,2830,1,F,AK,XC,D
11:19:19,PTBA,RG,2830,3,F,AK,EL,D
11:18:59,PTBA,RG,2830,3,F,AK,AK,F
11:18:58,PTBA,RG,2830,140,F,AK,PD,D
11:18:49,PTBA,RG,2830,1,F,AK,CC,F
11:18:49,PTBA,RG,2830,5,D,SQ,CC,F
11:18:49,PTBA,RG,2830,8,F,CS,CC,F
11:18:49,PTBA,RG,2830,2,F,CS,CC,F
11:18:49,PTBA,RG,2830,7,D,CC,CC,F
11:18:49,PTBA,RG,2830,10,D,PD,CC,F
11:18:49,PTBA,RG,2830,1,D,PD,CC,F
11:18:49,PTBA,RG,2830,1,D,XL,CC,F
11:18:48,PTBA,RG,2830,1,F,BK,AK,F
11:18:47,PTBA,RG,2830,52,F,BK,XL,D
11:17:24,PTBA,RG,2840,2,F,ZP,XC,D
11:17:24,PTBA,RG,2830,1,F,BK,AK,F
11:17:23,PTBA,RG,2830,10,F,BK,GR,D
11:17:09,PTBA,RG,2830,2,F,BK,PD,D
11:16:26,PTBA,RG,2840,2,D,XC,XC,D
11:16:12,PTBA,RG,2840,7,F,ZP,XC,D
11:16:12,PTBA,RG,2830,1,F,BK,AK,F
11:16:10,PTBA,RG,2830,25,F,BK,XC,D
11:16:10,PTBA,RG,2830,4,F,BK,XC,D
11:16:10,PTBA,RG,2830,31,D,LG,XC,D
11:15:21,PTBA,RG,2840,1,F,ZP,XC,D
11:15:19,PTBA,RG,2830,8,D,LG,DH,D
11:14:54,PTBA,RG,2830,1,D,LG,PD,D
11:13:46,PTBA,RG,2830,1,D,LG,AK,F
11:13:45,PTBA,RG,2840,2,F,ZP,XC,D
11:13:44,PTBA,RG,2830,23,D,LG,YU,D
11:13:04,PTBA,RG,2840,1,F,ZP,XC,D
11:13:02,PTBA,RG,2840,1,D,YP,XC,D
11:12:59,PTBA,RG,2840,1,D,PD,XC,D
11:12:40,PTBA,RG,2840,5,F,ZP,XC,D
11:12:40,PTBA,RG,2830,1,D,LG,AK,F
11:12:39,PTBA,RG,2830,50,D,LG,YP,D
11:12:31,PTBA,RG,2840,1,F,ZP,XC,D
11:12:30,PTBA,RG,2840,2,F,ZP,XC,D
11:12:30,PTBA,RG,2840,9,F,ZP,XC,D
11:12:29,PTBA,RG,2830,2,D,LG,AK,F
11:12:28,PTBA,RG,2840,1,D,PD,XC,D
11:12:28,PTBA,RG,2840,10,D,PD,DH,D
11:12:28,PTBA,RG,2840,3,D,PD,KK,D
11:12:28,PTBA,RG,2840,50,D,PD,LG,D
11:12:28,PTBA,RG,2840,2,D,PD,EP,D
11:12:28,PTBA,RG,2840,10,D,PD,YP,D
11:12:28,PTBA,RG,2840,10,D,PD,ES,D
11:12:28,PTBA,RG,2840,1,D,PD,LG,D
11:12:28,PTBA,RG,2840,1,D,PD,XC,D
11:12:28,PTBA,RG,2840,9,D,PD,BQ,D
11:12:28,PTBA,RG,2840,1,D,PD,YJ,D
11:12:28,PTBA,RG,2840,2,D,PD,EP,D
11:12:24,PTBA,RG,2840,1,F,ZP,EP,D
11:12:23,PTBA,RG,2830,1,D,LG,AK,F
11:12:22,PTBA,RG,2840,13,D,XC,EP,D
11:12:00,PTBA,RG,2840,2,F,ZP,EP,D
11:11:59,PTBA,RG,2840,16,D,YP,EP,D
11:11:52,PTBA,RG,2840,11,F,ZP,EP,D
11:11:52,PTBA,RG,2830,2,D,LG,AK,F
11:11:51,PTBA,RG,2830,40,D,LG,YP,D
11:11:51,PTBA,RG,2830,40,D,LG,YP,D
11:11:51,PTBA,RG,2830,20,D,CC,YP,D
11:11:46,PTBA,RG,2840,1,F,ZP,EP,D
11:11:45,PTBA,RG,2840,10,D,PD,EP,D
11:11:22,PTBA,RG,2840,1,F,ZP,EP,D
11:11:20,PTBA,RG,2830,1,D,CC,AK,F
11:11:19,PTBA,RG,2830,2,D,CC,PD,D
11:11:19,PTBA,RG,2830,1,F,CS,PD,D
11:11:16,PTBA,RG,2840,22,F,ZP,EP,D
11:11:16,PTBA,RG,2830,3,F,CS,AK,F
11:11:16,PTBA,RG,2830,1,F,CS,AK,F
11:11:15,PTBA,RG,2830,4,F,CS,PD,D
11:11:15,PTBA,RG,2830,1,F,ZP,PD,D
11:11:15,PTBA,RG,2830,195,D,LG,PD,D
11:11:12,PTBA,RG,2840,1,F,ZP,EP,D
11:11:10,PTBA,RG,2830,1,D,LG,AK,F
11:11:09,PTBA,RG,2840,50,F,ZP,EP,D
11:10:36,PTBA,RG,2830,18,D,LG,XC,D
11:09:53,PTBA,RG,2830,9,D,LG,AK,F
11:09:52,PTBA,RG,2830,2,D,LG,PD,D
11:09:52,PTBA,RG,2830,10,D,LG,DH,D
11:09:52,PTBA,RG,2830,13,D,LG,DH,D
11:09:52,PTBA,RG,2830,5,D,LG,OD,D
11:09:52,PTBA,RG,2830,8,D,LG,CC,F
11:09:52,PTBA,RG,2830,2,D,LG,YP,D
11:09:52,PTBA,RG,2830,10,D,LG,NI,D
11:09:52,PTBA,RG,2830,10,D,LG,CC,D
11:09:52,PTBA,RG,2830,10,D,LG,CC,F
11:09:52,PTBA,RG,2830,5,D,LG,CC,D
11:09:52,PTBA,RG,2830,97,D,LG,YP,D
11:09:52,PTBA,RG,2830,150,D,LG,YP,D
11:09:52,PTBA,RG,2830,35,D,LG,YP,D
11:09:52,PTBA,RG,2830,5,D,LG,CC,F
11:09:52,PTBA,RG,2830,9,D,LG,CC,F
11:09:52,PTBA,RG,2830,2,D,LG,AZ,D
11:09:52,PTBA,RG,2830,16,D,LG,DX,F
11:09:52,PTBA,RG,2830,10,D,LG,DX,F
11:09:52,PTBA,RG,2830,9,D,LG,YP,D
11:09:52,PTBA,RG,2830,1,D,LG,YP,D
11:09:52,PTBA,RG,2830,1,D,LG,SQ,D
11:07:26,PTBA,RG,2830,4,D,PD,SQ,D
11:07:26,PTBA,RG,2830,3,D,PD,CC,F
11:07:26,PTBA,RG,2830,3,D,PD,YP,D
11:07:06,PTBA,RG,2830,2,D,CC,YP,D
11:07:03,PTBA,RG,2830,2,D,PD,YP,D
11:06:50,PTBA,RG,2830,1,D,YP,YP,D
11:06:08,PTBA,RG,2820,2,D,YU,NI,D
11:04:47,PTBA,RG,2830,1,D,YP,YP,D
11:04:37,PTBA,RG,2820,10,D,YU,YP,D
11:03:58,PTBA,RG,2820,1,D,YU,AK,F
11:03:33,PTBA,RG,2830,3,F,ZP,YP,D
11:03:31,PTBA,RG,2830,22,D,YB,YP,D
11:03:28,PTBA,RG,2830,5,D,YB,AK,F
11:03:00,PTBA,RG,2840,11,F,ZP,EP,D
11:02:58,PTBA,RG,2830,73,D,YB,FS,D
11:02:58,PTBA,RG,2830,1,D,PD,FS,D
11:02:58,PTBA,RG,2830,5,D,CC,FS,D
11:02:58,PTBA,RG,2830,11,D,CC,FS,D
11:02:58,PTBA,RG,2830,10,D,CC,FS,D
11:02:51,PTBA,RG,2840,1,F,ZP,EP,D
11:02:50,PTBA,RG,2840,1,D,PD,EP,D
11:02:14,PTBA,RG,2840,5,F,ZP,EP,D
11:02:14,PTBA,RG,2830,1,F,ZP,PD,D
11:02:10,PTBA,RG,2830,34,F,BK,AK,F
11:02:10,PTBA,RG,2830,2,D,KK,AK,F
11:02:10,PTBA,RG,2830,25,D,YP,AK,F
11:02:09,PTBA,RG,2840,7,F,ZP,EP,D
11:02:08,PTBA,RG,2830,52,D,CC,AK,F
11:02:08,PTBA,RG,2830,9,D,YP,AK,F
11:02:03,PTBA,RG,2840,2,F,ZP,EP,D
11:02:02,PTBA,RG,2830,16,D,YP,AK,F
11:01:52,PTBA,RG,2830,59,F,ZP,AK,F
11:01:50,PTBA,RG,2830,7,F,CS,AK,F
11:01:50,PTBA,RG,2830,8,D,XC,AK,F
11:01:50,PTBA,RG,2830,1,D,YP,AK,F
11:01:50,PTBA,RG,2830,74,F,BK,AK,F
11:01:50,PTBA,RG,2830,4,D,EP,AK,F
11:01:50,PTBA,RG,2830,265,F,CS,AK,F
11:01:50,PTBA,RG,2830,2,D,PD,AK,F
11:01:50,PTBA,RG,2830,5,F,CS,AK,F
11:01:50,PTBA,RG,2830,100,D,OD,AK,F
11:01:50,PTBA,RG,2830,17,D,PD,AK,F
11:01:50,PTBA,RG,2830,1,D,YP,AK,F
11:01:50,PTBA,RG,2830,25,D,SQ,AK,F
11:01:50,PTBA,RG,2830,1,D,YP,AK,F
11:01:50,PTBA,RG,2830,25,D,PC,AK,F
11:01:33,PTBA,RG,2840,5,F,ZP,EP,D
11:01:31,PTBA,RG,2830,40,D,PC,NI,D
11:01:24,PTBA,RG,2840,1,D,YP,EP,D
11:01:09,PTBA,RG,2830,5,D,PC,CC,D
11:01:09,PTBA,RG,2840,1,F,ZP,EP,D
11:01:08,PTBA,RG,2830,2,D,PC,NI,D
11:01:06,PTBA,RG,2840,11,F,ZP,EP,D
11:01:05,PTBA,RG,2830,28,D,PC,GR,D
11:01:05,PTBA,RG,2830,20,D,CC,GR,D
11:01:05,PTBA,RG,2830,1,D,GR,GR,D
11:01:05,PTBA,RG,2830,50,F,BK,GR,D
11:00:56,PTBA,RG,2830,1,F,BK,XC,D
11:00:28,PTBA,RG,2840,3,F,ZP,EP,D
11:00:27,PTBA,RG,2840,30,D,PD,EP,D
11:00:22,PTBA,RG,2840,1,F,ZP,EP,D
11:00:21,PTBA,RG,2830,10,F,BK,NI,D
11:00:15,PTBA,RG,2840,3,F,ZP,EP,D
11:00:13,PTBA,RG,2830,25,F,BK,AK,F
11:00:10,PTBA,RG,2840,4,F,ZP,EP,D
11:00:09,PTBA,RG,2830,29,F,BK,CC,F
11:00:09,PTBA,RG,2830,6,F,CS,CC,F
10:59:54,PTBA,RG,2840,34,F,ZP,EP,D
10:59:54,PTBA,RG,2840,100,F,ZP,NI,D
10:59:54,PTBA,RG,2840,10,F,ZP,CC,D
10:59:54,PTBA,RG,2840,3,F,ZP,PD,D
10:59:54,PTBA,RG,2840,5,F,ZP,XL,D
10:59:54,PTBA,RG,2840,20,F,ZP,XA,D
10:59:54,PTBA,RG,2840,161,F,ZP,YP,D
10:59:53,PTBA,RG,2830,5,F,CS,YP,D
10:59:48,PTBA,RG,2830,1,D,XC,YP,D
10:58:35,PTBA,RG,2830,2,D,YP,YP,D
10:58:24,PTBA,RG,2830,25,D,YP,CC,D
10:57:51,PTBA,RG,2830,26,D,YP,DX,F
10:57:42,PTBA,RG,2830,600,D,YP,PD,D
10:57:36,PTBA,RG,2840,1,D,PD,YP,D
10:57:27,PTBA,RG,2840,1,D,NI,YP,D
10:57:21,PTBA,RG,2830,119,D,YP,PD,D
10:57:12,PTBA,RG,2830,5,D,YP,NI,D
10:57:07,PTBA,RG,2830,1,D,YP,NI,D
10:56:59,PTBA,RG,2830,1,D,YP,XC,D
10:56:46,PTBA,RG,2830,3,D,YP,PD,D
10:56:14,PTBA,RG,2830,22,D,YP,DX,F
10:55:58,PTBA,RG,2830,40,D,YP,AK,F
10:55:57,PTBA,RG,2830,459,D,YP,EP,D
10:55:57,PTBA,RG,2830,2,D,YP,EP,D
10:55:57,PTBA,RG,2830,5,F,CS,EP,D
10:55:57,PTBA,RG,2830,1,D,XC,EP,D
10:55:57,PTBA,RG,2830,14,D,YP,EP,D
10:55:57,PTBA,RG,2830,7,D,CC,EP,D
10:55:57,PTBA,RG,2830,11,F,CS,EP,D
10:55:57,PTBA,RG,2830,160,D,LG,EP,D
10:55:57,PTBA,RG,2830,40,D,LG,EP,D
10:55:57,PTBA,RG,2830,97,F,BK,EP,D
10:55:57,PTBA,RG,2830,22,D,CC,EP,D
10:55:57,PTBA,RG,2830,7,F,CS,EP,D
10:55:57,PTBA,RG,2830,1095,D,OD,EP,D
10:55:57,PTBA,RG,2830,4,F,BK,EP,D
10:55:57,PTBA,RG,2830,17,D,DH,EP,D
10:55:57,PTBA,RG,2830,1,F,CS,EP,D
10:55:57,PTBA,RG,2830,25,D,SQ,EP,D
10:55:57,PTBA,RG,2830,3,D,YP,EP,D
10:55:57,PTBA,RG,2830,1,F,ZP,EP,D
10:55:57,PTBA,RG,2830,1,D,YP,EP,D
10:55:57,PTBA,RG,2830,1,D,CC,EP,D
10:55:57,PTBA,RG,2830,22,D,EP,EP,D
10:55:57,PTBA,RG,2830,5,D,CC,EP,D
10:55:39,PTBA,RG,2830,1,D,CC,YP,D
10:54:58,PTBA,RG,2830,1,D,CC,AK,F
10:53:12,PTBA,RG,2840,1,D,MK,YP,D
10:53:08,PTBA,RG,2830,1,D,CC,XC,D
10:53:00,PTBA,RG,2830,10,D,CC,YP,D
10:52:58,PTBA,RG,2830,1,D,CC,XC,D
10:52:34,PTBA,RG,2830,1,D,CC,XC,D
10:52:28,PTBA,RG,2830,30,D,CC,AK,F
10:52:28,PTBA,RG,2830,1,D,XC,AK,F
10:52:28,PTBA,RG,2830,8,F,BK,AK,F
10:52:13,PTBA,RG,2830,2,F,BK,CC,D
10:51:55,PTBA,RG,2830,10,F,BK,XC,D
10:51:41,PTBA,RG,2830,37,F,BK,PD,D
10:51:41,PTBA,RG,2830,6,D,YP,PD,D
10:51:41,PTBA,RG,2830,2,F,CS,PD,D
10:51:41,PTBA,RG,2830,8,F,CS,PD,D
10:51:41,PTBA,RG,2830,8,D,NI,PD,D
10:51:41,PTBA,RG,2830,1,D,XA,PD,D
10:51:41,PTBA,RG,2830,18,D,FS,PD,D
10:51:27,PTBA,RG,2840,10,D,CC,YP,D
10:50:51,PTBA,RG,2840,5,F,ZP,YP,D
10:50:49,PTBA,RG,2840,40,D,PD,YP,D
10:50:24,PTBA,RG,2840,2,F,ZP,YP,D
10:50:22,PTBA,RG,2830,20,D,FS,NI,D
10:50:07,PTBA,RG,2840,1,F,ZP,YP,D
10:50:06,PTBA,RG,2840,13,D,PD,YP,D
10:50:04,PTBA,RG,2840,1,F,ZP,YP,D
10:50:03,PTBA,RG,2830,4,D,FS,HP,D
10:50:00,PTBA,RG,2840,55,F,ZP,YP,D
10:49:59,PTBA,RG,2830,158,D,FS,YB,D
10:49:59,PTBA,RG,2830,342,F,BK,YB,D
10:49:51,PTBA,RG,2840,9,F,ZP,YP,D
10:49:50,PTBA,RG,2840,41,D,PD,YP,D
10:49:50,PTBA,RG,2840,10,D,PD,YP,D
10:49:50,PTBA,RG,2840,3,D,PD,NI,D
10:49:50,PTBA,RG,2840,1,D,PD,DR,D
10:49:50,PTBA,RG,2840,26,D,PD,NI,D
10:49:31,PTBA,RG,2840,24,F,ZP,NI,D
10:49:31,PTBA,RG,2840,3,F,ZP,XC,D
10:49:31,PTBA,RG,2840,12,F,ZP,XC,D
10:49:30,PTBA,RG,2830,22,F,BK,SQ,D
10:49:30,PTBA,RG,2830,160,D,LG,SQ,D
10:49:30,PTBA,RG,2830,40,D,LG,SQ,D
10:49:30,PTBA,RG,2830,4,F,BK,SQ,D
10:49:30,PTBA,RG,2830,5,F,ZP,SQ,D
10:49:30,PTBA,RG,2830,8,F,CS,SQ,D
10:49:30,PTBA,RG,2830,3,F,CS,SQ,D
10:49:30,PTBA,RG,2830,108,D,LG,SQ,D
10:49:20,PTBA,RG,2830,4,D,LG,HP,D
10:49:06,PTBA,RG,2830,2,D,LG,KK,D
10:48:56,PTBA,RG,2830,1,D,LG,YP,D
10:48:37,PTBA,RG,2840,1,F,ZP,XC,D
10:48:36,PTBA,RG,2830,5,D,LG,YP,D
10:48:26,PTBA,RG,2840,57,F,ZP,XC,D
10:48:24,PTBA,RG,2840,2,F,ZP,XC,D
10:48:24,PTBA,RG,2830,116,D,LG,YB,D
10:48:24,PTBA,RG,2830,160,D,LG,YB,D
10:48:24,PTBA,RG,2830,150,D,LG,YB,D
10:48:24,PTBA,RG,2830,40,D,LG,YB,D
10:48:24,PTBA,RG,2830,27,D,LG,YB,D
10:48:24,PTBA,RG,2830,7,D,LG,YB,D
10:48:24,PTBA,RG,2830,12,D,LG,XC,D
10:48:24,PTBA,RG,2830,2,D,LG,XC,D
10:48:23,PTBA,RG,2830,8,D,KK,XC,D
10:48:23,PTBA,RG,2830,4,D,KK,MK,D
10:48:23,PTBA,RG,2830,1,D,KK,XC,D
10:48:23,PTBA,RG,2830,1,D,KK,EP,D
10:48:23,PTBA,RG,2830,1,D,KK,CC,D
10:48:23,PTBA,RG,2830,5,D,KK,EL,D
10:48:13,PTBA,RG,2830,3,F,ZP,EL,D
10:48:13,PTBA,RG,2830,1,F,CS,EL,D
10:48:12,PTBA,RG,2830,11,D,NI,EL,D
10:48:12,PTBA,RG,2830,1,D,NI,PD,D
10:48:12,PTBA,RG,2830,1,D,NI,XC,D
10:48:12,PTBA,RG,2830,5,D,NI,NI,D
10:48:12,PTBA,RG,2830,2,D,NI,NI,D
10:48:12,PTBA,RG,2830,1,D,PD,NI,D
10:47:58,PTBA,RG,2830,4,F,ZP,NI,D
10:47:58,PTBA,RG,2830,7,F,ZP,YP,D
10:47:58,PTBA,RG,2830,1,F,CS,YP,D
10:47:57,PTBA,RG,2830,2,D,PD,YP,D
10:47:57,PTBA,RG,2830,46,D,PD,CC,D
10:47:57,PTBA,RG,2830,10,D,PD,YU,D
10:47:57,PTBA,RG,2830,5,D,PD,GR,D
10:47:57,PTBA,RG,2830,2,D,PD,YP,D
10:47:57,PTBA,RG,2830,35,D,PD,YB,D
10:47:36,PTBA,RG,2830,1,F,ZP,YB,D
10:47:34,PTBA,RG,2830,10,D,BQ,YB,D
10:47:30,PTBA,RG,2830,1,D,YP,YB,D
10:47:27,PTBA,RG,2830,1,F,ZP,YB,D
10:47:26,PTBA,RG,2830,4,F,CS,YB,D
10:47:25,PTBA,RG,2830,27,F,ZP,YB,D
10:47:25,PTBA,RG,2830,171,D,OD,YB,D
10:47:25,PTBA,RG,2830,1,D,OD,PD,D
10:47:25,PTBA,RG,2830,78,D,OD,CC,F
10:47:11,PTBA,RG,2830,1,D,NI,CC,F
10:47:01,PTBA,RG,2830,1,F,ZP,CC,F
10:47:00,PTBA,RG,2830,5,D,XC,CC,F
10:46:24,PTBA,RG,2830,15,F,ZP,CC,F
10:46:24,PTBA,RG,2830,1,F,ZP,PD,D
10:46:24,PTBA,RG,2830,20,F,ZP,XC,D
10:46:24,PTBA,RG,2830,420,F,ZP,PD,D
10:46:24,PTBA,RG,2830,31,F,ZP,DX,F
10:46:24,PTBA,RG,2830,4,F,ZP,OD,D
10:46:24,PTBA,RG,2830,2,F,ZP,YP,D
10:46:24,PTBA,RG,2830,20,F,ZP,AK,F
10:46:24,PTBA,RG,2830,100,F,ZP,YP,D
10:46:24,PTBA,RG,2830,46,F,ZP,YB,D
10:46:13,PTBA,RG,2820,48,D,YU,AK,F
10:46:13,PTBA,RG,2820,4,D,LG,AK,F
10:45:47,PTBA,RG,2830,8,F,CS,YB,D
10:45:37,PTBA,RG,2820,1,D,LG,XC,D
10:44:33,PTBA,RG,2830,1,D,CC,YB,D
10:43:37,PTBA,RG,2830,1,D,YP,YB,D
10:43:17,PTBA,RG,2820,4,D,LG,PD,D
10:43:15,PTBA,RG,2830,400,D,OD,YB,D
10:42:39,PTBA,RG,2830,4,D,DH,YB,D
10:42:24,PTBA,RG,2830,40,D,XC,YB,D
10:42:24,PTBA,RG,2830,15,D,XC,DX,F
10:41:54,PTBA,RG,2830,29,D,YP,DX,F
10:41:54,PTBA,RG,2830,21,D,YP,YP,D
10:41:53,PTBA,RG,2830,22,D,EP,YP,D
10:41:45,PTBA,RG,2830,57,D,GR,YP,D
10:41:45,PTBA,RG,2830,7,D,GR,CC,F
10:41:45,PTBA,RG,2830,45,D,GR,CC,F
10:41:45,PTBA,RG,2830,891,D,GR,AT,D
10:41:30,PTBA,RG,2830,5,D,HP,AT,D
10:41:29,PTBA,RG,2830,1000,D,GR,AT,D
10:41:19,PTBA,RG,2820,5,D,LG,PD,D
10:41:12,PTBA,RG,2820,79,D,LG,AK,F
10:41:11,PTBA,RG,2820,5,D,LG,CC,D
10:41:06,PTBA,RG,2820,30,D,LG,LG,D
10:40:54,PTBA,RG,2820,30,D,LG,PD,D
10:40:51,PTBA,RG,2830,10,D,SQ,AT,D
10:40:44,PTBA,RG,2830,1,D,AZ,AT,D
10:39:58,PTBA,RG,2830,3,D,YP,AT,D
10:39:42,PTBA,RG,2830,10,D,DR,AT,D
10:39:34,PTBA,RG,2830,2,D,CC,AT,D
10:39:33,PTBA,RG,2820,2,D,LG,XC,D
10:39:33,PTBA,RG,2820,1,D,LG,XC,D
10:39:16,PTBA,RG,2830,25,D,YP,AT,D
10:39:15,PTBA,RG,2830,4,D,YP,AT,D
10:39:15,PTBA,RG,2830,7,D,CC,AT,D
10:39:15,PTBA,RG,2830,166,F,BK,AT,D
10:39:15,PTBA,RG,2830,1000,D,IF,AT,D
10:39:15,PTBA,RG,2830,22,D,CC,AT,D
10:39:15,PTBA,RG,2830,1,D,YP,AT,D
10:39:15,PTBA,RG,2830,3,D,EP,AT,D
10:39:15,PTBA,RG,2830,1,D,EP,AT,D
10:39:15,PTBA,RG,2830,10,D,OD,AT,D
10:39:15,PTBA,RG,2830,50,D,YP,AT,D
10:39:15,PTBA,RG,2830,50,D,YP,AT,D
10:39:15,PTBA,RG,2830,1,D,YP,AT,D
10:39:15,PTBA,RG,2830,72,D,PD,AT,D
10:39:15,PTBA,RG,2830,100,D,SQ,AT,D
10:39:15,PTBA,RG,2830,160,D,LG,AT,D
10:39:15,PTBA,RG,2830,40,D,LG,AT,D
10:39:15,PTBA,RG,2830,236,D,LG,AT,D
10:39:15,PTBA,RG,2830,160,D,LG,AT,D
10:39:15,PTBA,RG,2830,150,D,LG,AT,D
10:39:15,PTBA,RG,2830,40,D,LG,AT,D
10:39:15,PTBA,RG,2830,27,D,LG,AT,D
10:39:15,PTBA,RG,2830,19,D,LG,AT,D
10:39:15,PTBA,RG,2830,2,D,LG,AT,D
10:39:15,PTBA,RG,2830,24,D,YU,AT,D
10:39:15,PTBA,RG,2830,10,D,YU,AT,D
10:39:15,PTBA,RG,2830,200,D,YP,AT,D
10:39:15,PTBA,RG,2830,4,F,ZP,AT,D
10:39:15,PTBA,RG,2830,200,D,YP,AT,D
10:39:15,PTBA,RG,2830,294,F,BK,AT,D
10:39:12,PTBA,RG,2840,50,D,YP,XC,D
10:39:00,PTBA,RG,2830,10,F,BK,PD,D
10:38:43,PTBA,RG,2830,4,F,BK,YP,D
10:38:16,PTBA,RG,2830,10,F,BK,LS,D
10:38:05,PTBA,RG,2830,6,F,BK,XC,D
10:37:54,PTBA,RG,2840,2,D,PD,XC,D
10:37:22,PTBA,RG,2840,1,F,ZP,XC,D
10:37:21,PTBA,RG,2830,15,F,BK,CC,D
10:36:36,PTBA,RG,2840,3,F,ZP,XC,D
10:36:35,PTBA,RG,2830,21,F,BK,DX,F
10:35:45,PTBA,RG,2840,5,D,NI,XC,D
10:34:57,PTBA,RG,2840,34,F,ZP,XC,D
10:34:56,PTBA,RG,2840,7,D,YP,XC,D
10:34:56,PTBA,RG,2840,100,D,YP,NI,D
10:34:56,PTBA,RG,2840,1,D,YP,PD,D
10:34:56,PTBA,RG,2840,2,D,YP,CC,D
10:34:56,PTBA,RG,2840,15,D,YP,NI,D
10:34:56,PTBA,RG,2840,82,D,YP,YP,D
10:34:56,PTBA,RG,2840,6,D,YP,PD,D
10:34:56,PTBA,RG,2840,3,D,YP,CC,D
10:34:56,PTBA,RG,2840,84,D,YP,CC,D
10:34:46,PTBA,RG,2840,1,D,YP,CC,D
10:34:16,PTBA,RG,2840,15,F,ZP,CC,D
10:34:16,PTBA,RG,2840,5,F,ZP,DH,D
10:34:16,PTBA,RG,2840,2,F,ZP,DH,D
10:34:16,PTBA,RG,2840,2,F,ZP,DH,D
10:34:16,PTBA,RG,2840,1,F,ZP,YP,D
10:34:16,PTBA,RG,2840,21,F,ZP,YB,D
10:34:16,PTBA,RG,2840,100,F,ZP,XC,D
10:34:16,PTBA,RG,2840,8,F,ZP,KK,D
10:34:16,PTBA,RG,2840,10,F,ZP,NI,D
10:34:16,PTBA,RG,2840,20,F,ZP,YP,D
10:34:16,PTBA,RG,2840,2,F,ZP,YP,D
10:34:16,PTBA,RG,2840,40,F,ZP,PD,D
10:34:15,PTBA,RG,2830,11,F,ZP,AK,F
10:34:15,PTBA,RG,2830,13,F,ZP,CC,F
10:34:15,PTBA,RG,2830,5,F,ZP,YP,D
10:34:15,PTBA,RG,2830,200,F,ZP,PD,D
10:34:15,PTBA,RG,2830,7,F,ZP,YP,D
10:34:15,PTBA,RG,2830,93,F,ZP,CC,D
10:34:15,PTBA,RG,2830,57,D,AT,CC,D
10:34:15,PTBA,RG,2830,6,D,AT,AT,D
10:34:15,PTBA,RG,2830,2,D,AT,YP,D
10:34:15,PTBA,RG,2830,37,D,AT,AK,F
10:34:15,PTBA,RG,2830,100,D,AT,NI,D
10:34:15,PTBA,RG,2830,10,D,AT,PD,D
10:34:15,PTBA,RG,2830,70,D,AT,CC,D
10:34:15,PTBA,RG,2830,3,D,AT,YP,D
10:34:15,PTBA,RG,2830,6,D,AT,CC,F
10:34:15,PTBA,RG,2830,3,D,AT,SQ,D
10:34:15,PTBA,RG,2830,24,D,AT,XC,D
10:34:15,PTBA,RG,2830,1,D,AT,PD,D
10:34:15,PTBA,RG,2830,2,D,AT,PD,D
10:34:15,PTBA,RG,2830,7,D,AT,CC,F
10:34:15,PTBA,RG,2830,50,D,AT,YP,D
10:34:15,PTBA,RG,2830,5,D,AT,KK,D
10:34:15,PTBA,RG,2830,4,D,AT,CP,D
10:34:15,PTBA,RG,2830,1000,D,AT,AO,D
10:34:15,PTBA,RG,2830,2,D,AT,YP,D
10:34:15,PTBA,RG,2830,25,D,AT,CC,D
10:34:15,PTBA,RG,2830,20,D,AT,CC,F
10:34:15,PTBA,RG,2830,10,D,AT,SQ,D
10:34:15,PTBA,RG,2830,1,D,AT,XC,D
10:34:15,PTBA,RG,2830,50,D,AT,EP,D
10:34:15,PTBA,RG,2830,12,D,AT,CC,F
10:34:15,PTBA,RG,2830,20,D,AT,NI,D
10:34:15,PTBA,RG,2830,500,D,AT,YP,D
10:34:15,PTBA,RG,2830,500,D,AT,YP,D
10:34:15,PTBA,RG,2830,40,D,AT,AK,F
10:34:15,PTBA,RG,2830,500,D,AT,YP,D
10:34:15,PTBA,RG,2830,87,D,AT,DX,F
10:34:15,PTBA,RG,2830,250,D,AT,EP,D
10:34:15,PTBA,RG,2830,68,D,AT,AK,F
10:34:15,PTBA,RG,2830,24,D,AT,CC,F
10:34:15,PTBA,RG,2830,35,D,AT,CC,D
10:34:15,PTBA,RG,2830,1000,D,AT,YP,D
10:34:15,PTBA,RG,2830,469,D,AT,YB,D
10:34:07,PTBA,RG,2830,11,F,ZP,YB,D
10:34:06,PTBA,RG,2830,100,D,YP,YB,D
10:33:58,PTBA,RG,2830,9,F,ZP,YB,D
10:33:57,PTBA,RG,2820,39,D,LG,DR,D
10:33:57,PTBA,RG,2820,20,D,GR,DR,D
10:33:57,PTBA,RG,2820,1,D,YB,DR,D
10:33:57,PTBA,RG,2820,9,D,CC,DR,D
10:33:57,PTBA,RG,2820,11,D,CC,DR,D
10:32:39,PTBA,RG,2830,10,F,ZP,YB,D
10:32:38,PTBA,RG,2820,14,D,CC,YP,D
10:32:38,PTBA,RG,2820,20,D,YP,YP,D
10:32:38,PTBA,RG,2820,6,F,BK,YP,D
10:32:38,PTBA,RG,2820,10,D,DH,YP,D
10:32:38,PTBA,RG,2820,10,D,DH,YP,D
10:32:38,PTBA,RG,2820,1,D,XC,YP,D
10:32:38,PTBA,RG,2820,27,F,BK,YP,D
10:32:12,PTBA,RG,2830,1,F,ZP,YB,D
10:32:10,PTBA,RG,2820,10,F,BK,YP,D
10:31:42,PTBA,RG,2830,1,D,PD,YB,D
10:31:27,PTBA,RG,2830,1,F,ZP,YB,D
10:31:25,PTBA,RG,2830,10,D,DR,YB,D
10:30:51,PTBA,RG,2830,3,F,ZP,YB,D
10:30:50,PTBA,RG,2820,21,F,BK,DX,F
10:30:39,PTBA,RG,2830,2,D,KK,YB,D
10:30:39,PTBA,RG,2830,104,F,ZP,YB,D
10:30:22,PTBA,RG,2820,2,F,BK,KK,D
10:30:01,PTBA,RG,2820,28,F,BK,YP,D
10:30:01,PTBA,RG,2820,3,D,AZ,YP,D
10:30:01,PTBA,RG,2820,10,D,ES,YP,D
10:30:01,PTBA,RG,2820,54,F,BK,YP,D
10:29:19,PTBA,RG,2820,37,F,BK,PD,D
10:29:19,PTBA,RG,2820,193,D,LG,PD,D
10:29:02,PTBA,RG,2830,100,D,YP,YB,D
10:28:58,PTBA,RG,2830,10,D,DR,YB,D
10:28:45,PTBA,RG,2830,10,D,XC,YB,D
10:28:25,PTBA,RG,2820,7,D,LG,DX,F
10:28:25,PTBA,RG,2820,22,F,BK,DX,F
10:28:12,PTBA,RG,2820,1,F,BK,YP,D
10:28:02,PTBA,RG,2820,5,F,BK,PD,D
10:27:47,PTBA,RG,2820,35,F,BK,CC,F
10:27:38,PTBA,RG,2820,6,F,BK,DR,D
10:27:38,PTBA,RG,2820,14,D,YP,DR,D
10:27:34,PTBA,RG,2830,18,D,KK,YB,D
10:27:32,PTBA,RG,2830,2,D,LG,YB,D
10:27:27,PTBA,RG,2830,1,D,YP,YB,D
10:27:08,PTBA,RG,2820,30,D,YP,EP,D
10:27:06,PTBA,RG,2820,6,D,YP,YP,D
10:27:06,PTBA,RG,2820,9,D,YP,YP,D
10:27:00,PTBA,RG,2820,16,D,YP,XC,D
10:27:00,PTBA,RG,2820,7,D,ZR,XC,D
10:27:00,PTBA,RG,2820,9,D,YP,XC,D
10:27:00,PTBA,RG,2820,8,D,NI,XC,D
10:26:43,PTBA,RG,2820,7,D,NI,AK,F
10:26:43,PTBA,RG,2820,1,D,YP,AK,F
10:26:43,PTBA,RG,2820,5,D,YP,AK,F
10:26:43,PTBA,RG,2820,74,F,BK,AK,F
10:26:43,PTBA,RG,2820,50,D,PD,AK,F
10:26:43,PTBA,RG,2820,1,D,PD,AK,F
10:26:43,PTBA,RG,2820,20,D,IU,AK,F
10:26:43,PTBA,RG,2820,7,D,MG,AK,F
10:25:34,PTBA,RG,2820,13,D,MG,NI,D
10:25:26,PTBA,RG,2820,1,D,MG,PD,D
10:25:09,PTBA,RG,2820,1,D,MG,PD,D
10:24:56,PTBA,RG,2820,7,D,MG,CC,D
10:24:26,PTBA,RG,2820,1,D,MG,YP,D
10:24:26,PTBA,RG,2820,99,D,LG,YP,D
10:24:15,PTBA,RG,2830,5,D,SQ,YB,D
10:23:54,PTBA,RG,2830,77,D,DR,YB,D
10:22:50,PTBA,RG,2830,1,D,YP,YB,D
10:22:15,PTBA,RG,2830,4,F,ZP,YB,D
10:22:14,PTBA,RG,2820,30,D,LG,CC,D
10:21:08,PTBA,RG,2820,1,D,LG,YP,D
10:21:03,PTBA,RG,2820,1,D,LG,YP,D
10:20:56,PTBA,RG,2820,1,D,LG,YP,D
10:20:52,PTBA,RG,2830,6,F,ZP,YB,D
10:20:51,PTBA,RG,2830,45,D,YJ,YB,D
10:20:51,PTBA,RG,2830,5,D,YJ,AK,F
10:20:48,PTBA,RG,2820,1,D,LG,YP,D
10:20:39,PTBA,RG,2830,1,F,ZP,AK,F
10:20:37,PTBA,RG,2830,10,D,XC,AK,F
10:20:36,PTBA,RG,2830,85,F,ZP,AK,F
10:20:34,PTBA,RG,2830,309,D,GR,AK,F
10:20:34,PTBA,RG,2830,250,D,GR,YB,D
10:20:34,PTBA,RG,2830,200,D,GR,YP,D
10:20:34,PTBA,RG,2830,11,D,GR,YP,D
10:20:27,PTBA,RG,2830,189,F,ZP,YP,D
10:20:27,PTBA,RG,2830,288,F,ZP,CS,F
10:20:26,PTBA,RG,2830,1,D,XC,AK,F
10:20:26,PTBA,RG,2830,21,D,NI,AK,F
10:20:26,PTBA,RG,2830,15,D,YP,AK,F
10:20:26,PTBA,RG,2830,21,D,YP,AK,F
10:20:26,PTBA,RG,2830,127,F,BK,AK,F
10:20:26,PTBA,RG,2830,150,D,LG,AK,F
10:20:26,PTBA,RG,2830,160,D,LG,AK,F
10:20:26,PTBA,RG,2830,28,D,LG,AK,F
10:20:26,PTBA,RG,2830,19,D,LG,AK,F
10:20:26,PTBA,RG,2830,2,D,LG,AK,F
10:20:26,PTBA,RG,2830,40,D,LG,AK,F
10:20:26,PTBA,RG,2830,235,D,LG,AK,F
10:20:26,PTBA,RG,2830,25,D,YP,AK,F
10:20:26,PTBA,RG,2830,150,D,LG,AK,F
10:20:26,PTBA,RG,2830,160,D,LG,AK,F
10:20:26,PTBA,RG,2830,28,D,LG,AK,F
10:20:26,PTBA,RG,2830,19,D,LG,AK,F
10:20:26,PTBA,RG,2830,2,D,LG,AK,F
10:20:26,PTBA,RG,2830,40,D,LG,AK,F
10:20:26,PTBA,RG,2830,235,D,LG,AK,F
10:20:26,PTBA,RG,2830,1,D,KK,AK,F
10:20:26,PTBA,RG,2830,18,D,YP,AK,F
10:20:26,PTBA,RG,2830,1,D,YB,AK,F
10:20:26,PTBA,RG,2830,23,D,XC,AK,F
10:20:26,PTBA,RG,2830,1,D,YP,AK,F
10:20:26,PTBA,RG,2830,100,D,GR,AK,F
10:20:26,PTBA,RG,2830,100,D,DR,AK,F
10:20:26,PTBA,RG,2830,47,D,XC,AK,F
10:20:26,PTBA,RG,2830,1,D,PD,AK,F
10:20:26,PTBA,RG,2830,2,D,XC,AK,F
10:20:26,PTBA,RG,2830,1,D,YP,AK,F
10:20:26,PTBA,RG,2830,94,F,BK,AK,F
10:20:26,PTBA,RG,2830,3,D,EP,AK,F
10:20:26,PTBA,RG,2830,200,D,YP,AK,F
10:20:26,PTBA,RG,2830,69,D,YP,AK,F
10:20:26,PTBA,RG,2830,25,D,NI,AK,F
10:20:26,PTBA,RG,2830,20,D,YP,AK,F
10:20:26,PTBA,RG,2830,10,D,CC,AK,F
10:20:26,PTBA,RG,2830,10,D,NI,AK,F
10:20:26,PTBA,RG,2830,1,D,CC,AK,F
10:20:26,PTBA,RG,2830,25,D,PD,AK,F
10:20:26,PTBA,RG,2830,30,D,YP,AK,F
10:20:26,PTBA,RG,2830,5,D,YP,AK,F
10:20:26,PTBA,RG,2830,1,F,ZP,AK,F
10:20:26,PTBA,RG,2830,42,D,DH,AK,F
10:20:26,PTBA,RG,2830,104,F,BK,AK,F
10:20:26,PTBA,RG,2830,10,D,YP,AK,F
10:20:26,PTBA,RG,2830,1,D,CC,AK,F
10:20:26,PTBA,RG,2830,100,D,YB,AK,F
10:20:26,PTBA,RG,2830,209,F,BK,AK,F
10:20:26,PTBA,RG,2830,10,D,KK,AK,F
10:20:26,PTBA,RG,2830,551,D,YP,AK,F
10:20:26,PTBA,RG,2830,500,D,YP,AK,F
10:20:25,PTBA,RG,2840,10,F,ZP,PD,D
10:20:25,PTBA,RG,2840,6,F,ZP,PD,D
10:20:25,PTBA,RG,2840,10,F,ZP,YP,D
10:20:25,PTBA,RG,2840,50,F,ZP,YP,D
10:20:25,PTBA,RG,2840,1,F,ZP,PD,D
10:20:25,PTBA,RG,2840,90,F,ZP,GR,D
10:20:25,PTBA,RG,2830,500,D,YP,AK,F
10:20:24,PTBA,RG,2830,1500,D,YP,KK,D
10:20:22,PTBA,RG,2830,1,D,YP,YP,D
10:20:16,PTBA,RG,2830,1,D,YP,YP,D
10:20:12,PTBA,RG,2840,1,F,ZP,GR,D
10:20:10,PTBA,RG,2830,4,D,YP,YP,D
10:20:09,PTBA,RG,2830,1,D,YP,YP,D
10:20:05,PTBA,RG,2830,3,D,YP,YP,D
10:19:41,PTBA,RG,2830,1,D,YP,XC,D
10:19:37,PTBA,RG,2840,2,F,ZP,GR,D
10:19:36,PTBA,RG,2830,20,D,YP,PD,D
10:19:27,PTBA,RG,2840,1,F,ZP,GR,D
10:19:25,PTBA,RG,2830,5,D,YP,CC,D
10:19:24,PTBA,RG,2840,256,F,ZP,GR,D
10:19:13,PTBA,RG,2830,10,D,YP,YB,D
10:18:37,PTBA,RG,2830,4,D,YP,YP,D
10:18:35,PTBA,RG,2840,10,D,EP,GR,D
10:18:06,PTBA,RG,2830,45,D,YP,CC,D
10:18:04,PTBA,RG,2830,2,D,YP,XC,D
10:17:56,PTBA,RG,2830,1,D,YP,XL,D
10:17:50,PTBA,RG,2830,1,D,YP,CC,D
10:17:38,PTBA,RG,2830,1,D,YP,YP,D
10:17:34,PTBA,RG,2830,300,D,YP,KK,D
10:17:16,PTBA,RG,2830,18,D,YP,PD,D
10:16:43,PTBA,RG,2830,20,D,YP,PD,D
10:16:33,PTBA,RG,2830,5,D,YP,CP,D
10:16:04,PTBA,RG,2840,100,D,GR,GR,D
10:15:42,PTBA,RG,2840,1,D,YP,GR,D
10:15:40,PTBA,RG,2830,5,D,YP,CC,D
10:15:20,PTBA,RG,2830,1,D,YP,YP,D
10:14:00,PTBA,RG,2840,39,D,YP,GR,D
10:14:00,PTBA,RG,2840,5,D,YP,DH,D
10:14:00,PTBA,RG,2840,5,D,YP,YP,D
10:14:00,PTBA,RG,2840,1,D,YP,NI,D
10:14:00,PTBA,RG,2840,20,D,YP,YP,D
10:14:00,PTBA,RG,2840,10,D,YP,DR,D
10:14:00,PTBA,RG,2840,300,D,YP,BQ,D
10:14:00,PTBA,RG,2840,5,D,YP,XL,D
10:14:00,PTBA,RG,2840,115,D,YP,YB,D
10:13:53,PTBA,RG,2830,100,D,YP,PD,D
10:13:50,PTBA,RG,2830,5,D,YP,NI,D
10:13:47,PTBA,RG,2840,1,D,PD,YB,D
10:13:44,PTBA,RG,2830,20,D,YP,AZ,D
10:13:07,PTBA,RG,2840,110,D,CC,YB,D
10:13:04,PTBA,RG,2830,1,D,YP,KK,D
10:12:54,PTBA,RG,2830,25,D,YP,XC,D
10:12:54,PTBA,RG,2830,3,F,BK,XC,D
10:12:52,PTBA,RG,2830,26,F,BK,XC,D
10:12:45,PTBA,RG,2830,2,F,BK,XC,D
10:12:37,PTBA,RG,2840,250,D,YU,YB,D
10:12:30,PTBA,RG,2830,5,F,BK,KK,D
10:12:23,PTBA,RG,2840,6,D,AZ,YB,D
10:12:21,PTBA,RG,2840,10,D,AI,YB,D
10:11:54,PTBA,RG,2830,19,F,BK,NI,D
10:11:27,PTBA,RG,2830,10,F,BK,YP,D
10:11:25,PTBA,RG,2830,10,F,BK,YP,D
10:11:12,PTBA,RG,2840,11,D,NI,YB,D
10:11:08,PTBA,RG,2840,16,D,YP,YB,D
10:11:08,PTBA,RG,2840,15,D,YP,NI,D
10:11:08,PTBA,RG,2840,1,D,YP,ZP,D
10:11:08,PTBA,RG,2840,1,D,YP,YU,D
10:11:08,PTBA,RG,2840,1,D,YP,PD,D
10:11:08,PTBA,RG,2840,16,D,YP,MK,D
10:11:06,PTBA,RG,2840,8,D,YP,MK,D
10:10:56,PTBA,RG,2840,5,D,KK,MK,D
10:10:48,PTBA,RG,2840,221,D,PD,MK,D
10:10:48,PTBA,RG,2840,1,D,PD,YP,D
10:10:48,PTBA,RG,2840,31,D,PD,BK,F
10:10:48,PTBA,RG,2840,247,D,PD,KK,D
10:10:44,PTBA,RG,2840,100,D,CC,KK,D
10:10:24,PTBA,RG,2840,10,D,CC,KK,D
10:10:12,PTBA,RG,2840,14,F,ZP,KK,D
10:10:10,PTBA,RG,2840,131,D,PD,KK,D
10:10:09,PTBA,RG,2840,4,F,ZP,KK,D
10:10:08,PTBA,RG,2840,20,D,YU,KK,D
10:10:08,PTBA,RG,2840,10,D,YP,KK,D
10:10:06,PTBA,RG,2840,46,F,ZP,KK,D
10:10:04,PTBA,RG,2840,140,D,DH,KK,D
10:10:04,PTBA,RG,2840,278,F,BK,KK,D
10:10:03,PTBA,RG,2850,8,F,ZP,DR,D
10:10:02,PTBA,RG,2840,24,F,BK,SQ,D
10:10:02,PTBA,RG,2840,4,D,PD,SQ,D
10:10:01,PTBA,RG,2850,8,F,ZP,DR,D
10:10:01,PTBA,RG,2850,1,F,ZP,YB,D
10:10:01,PTBA,RG,2850,50,F,ZP,DR,D
10:10:01,PTBA,RG,2850,2,F,ZP,DH,D
10:10:00,PTBA,RG,2850,40,F,BK,DH,D
10:09:57,PTBA,RG,2840,5,F,ZP,YP,D
10:09:56,PTBA,RG,2840,4,D,EP,PD,D
10:09:56,PTBA,RG,2840,96,D,EP,MK,D
10:09:56,PTBA,RG,2840,154,D,XA,MK,D
10:09:56,PTBA,RG,2840,30,D,XA,EP,D
10:09:56,PTBA,RG,2840,10,D,XA,DH,D
10:09:56,PTBA,RG,2840,5,D,XA,CC,D
10:09:56,PTBA,RG,2840,50,D,XA,BQ,D
10:09:56,PTBA,RG,2840,25,D,XA,KK,D
10:09:56,PTBA,RG,2840,35,D,XA,BK,F
10:09:56,PTBA,RG,2840,16,D,XA,CC,F
10:09:56,PTBA,RG,2840,175,D,XA,KK,D
10:09:55,PTBA,RG,2840,5,F,ZP,KK,D
10:09:54,PTBA,RG,2840,25,D,HD,KK,D
10:09:54,PTBA,RG,2840,20,D,XC,KK,D
10:09:52,PTBA,RG,2840,1,D,YP,KK,D
10:09:49,PTBA,RG,2840,3,F,ZP,KK,D
10:09:48,PTBA,RG,2840,26,F,ZP,KK,D
10:09:48,PTBA,RG,2840,20,D,CC,KK,D
10:09:46,PTBA,RG,2840,32,F,BK,KK,D
10:09:46,PTBA,RG,2840,200,D,PD,KK,D
10:09:46,PTBA,RG,2840,5,D,NI,KK,D
10:09:43,PTBA,RG,2840,3,F,ZP,KK,D
10:09:42,PTBA,RG,2840,25,D,EP,KK,D
10:09:42,PTBA,RG,2840,22,F,ZP,KK,D
10:09:40,PTBA,RG,2840,200,D,PD,KK,D
10:09:39,PTBA,RG,2840,56,F,ZP,KK,D
10:09:38,PTBA,RG,2840,182,D,YB,KK,D
10:09:38,PTBA,RG,2840,293,D,YB,CS,F
10:09:38,PTBA,RG,2840,25,D,YB,BQ,D
10:09:36,PTBA,RG,2830,3,F,BK,PD,D
10:09:31,PTBA,RG,2840,5,D,KK,BQ,D
10:09:25,PTBA,RG,2840,20,F,ZP,BQ,D
10:09:25,PTBA,RG,2840,29,F,ZP,BK,F
10:09:25,PTBA,RG,2840,36,F,ZP,YP,D
10:09:25,PTBA,RG,2840,2,F,ZP,AT,D
10:09:25,PTBA,RG,2840,5,F,ZP,XC,D
10:09:25,PTBA,RG,2840,7,F,ZP,YP,D
10:09:25,PTBA,RG,2840,24,F,ZP,DH,D
10:09:24,PTBA,RG,2840,76,D,PD,DH,D
10:09:24,PTBA,RG,2840,10,D,PD,CC,F
10:09:24,PTBA,RG,2840,10,D,PD,DH,D
10:09:24,PTBA,RG,2840,350,D,PD,PD,D
10:09:24,PTBA,RG,2840,3,D,PD,XC,D
10:09:24,PTBA,RG,2840,10,D,PD,CC,D
10:09:24,PTBA,RG,2840,10,D,PD,YP,D
10:09:24,PTBA,RG,2840,1,D,PD,PD,D
10:09:24,PTBA,RG,2840,31,D,PD,BK,F
10:09:24,PTBA,RG,2840,1,D,PD,YP,D
10:09:24,PTBA,RG,2840,5,D,PD,NI,D
10:09:24,PTBA,RG,2840,300,D,PD,YP,D
10:09:24,PTBA,RG,2840,5,D,PD,YB,D
10:09:24,PTBA,RG,2840,17,D,PD,IF,D
10:09:24,PTBA,RG,2840,1,D,PD,PD,D
10:09:24,PTBA,RG,2840,10,D,PD,PD,D
10:09:24,PTBA,RG,2840,160,D,PD,NI,D
10:09:24,PTBA,RG,2840,5,F,ZP,NI,D
10:09:24,PTBA,RG,2840,21,D,YB,NI,D
10:09:24,PTBA,RG,2840,1,D,YB,YU,D
10:09:24,PTBA,RG,2840,1,D,YB,YP,D
10:09:24,PTBA,RG,2840,77,D,YB,CS,F
10:09:23,PTBA,RG,2830,10,F,BK,CC,D
10:09:22,PTBA,RG,2840,42,D,YP,CS,F
10:09:21,PTBA,RG,2840,1,F,ZP,CS,F
10:09:20,PTBA,RG,2840,9,D,TP,CS,F
10:09:19,PTBA,RG,2840,1,F,ZP,CS,F
10:09:18,PTBA,RG,2840,2,F,ZP,CS,F
10:09:18,PTBA,RG,2840,1,D,CC,CS,F
10:09:16,PTBA,RG,2830,1,F,BK,YU,D
10:09:16,PTBA,RG,2840,20,D,KK,CS,F
10:09:10,PTBA,RG,2840,111,F,ZP,CS,F
10:09:09,PTBA,RG,2840,35,D,PD,CS,F
10:09:09,PTBA,RG,2840,25,D,PD,PD,D
10:09:09,PTBA,RG,2840,2,D,PD,XC,D
10:09:09,PTBA,RG,2840,3,D,PD,YP,D
10:09:09,PTBA,RG,2840,230,D,PD,GR,D
10:09:09,PTBA,RG,2840,292,D,PD,KK,D
10:09:09,PTBA,RG,2840,1,D,PD,PD,D
10:09:09,PTBA,RG,2840,100,D,PD,DR,D
10:09:09,PTBA,RG,2840,18,D,PD,PD,D
10:09:09,PTBA,RG,2840,4,D,PD,YP,D
10:09:09,PTBA,RG,2840,4,D,PD,XC,D
10:09:09,PTBA,RG,2840,3,D,PD,EP,D
10:09:09,PTBA,RG,2840,283,D,PD,KK,D
10:09:06,PTBA,RG,2830,1,F,BK,EL,D
10:09:06,PTBA,RG,2830,2,D,YP,EL,D
10:08:52,PTBA,RG,2840,58,F,ZP,KK,D
10:08:51,PTBA,RG,2830,1,D,YP,KK,D
10:08:51,PTBA,RG,2830,250,D,IF,KK,D
10:08:51,PTBA,RG,2830,265,D,MK,KK,D
10:08:34,PTBA,RG,2840,26,F,ZP,KK,D
10:08:33,PTBA,RG,2830,60,D,MK,NI,D
10:08:33,PTBA,RG,2830,50,D,MK,YP,D
10:08:33,PTBA,RG,2830,1,D,MK,YP,D
10:08:33,PTBA,RG,2830,124,D,MK,BK,F
10:08:33,PTBA,RG,2830,2,F,ZP,BK,F
10:08:32,PTBA,RG,2830,20,D,XC,BK,F
10:08:26,PTBA,RG,2830,1,D,KK,BK,F
10:08:25,PTBA,RG,2830,2,F,ZP,BK,F
10:08:24,PTBA,RG,2830,3,D,KK,BK,F
10:08:23,PTBA,RG,2830,10,D,YB,BK,F
10:08:22,PTBA,RG,2830,3,F,ZP,BK,F
10:08:22,PTBA,RG,2830,10,D,YU,BK,F
10:08:21,PTBA,RG,2830,25,D,PD,CC,F
10:08:15,PTBA,RG,2830,4,F,ZP,KK,D
10:08:14,PTBA,RG,2830,30,D,EP,KK,D
10:08:13,PTBA,RG,2830,5,D,KK,KK,D
10:08:09,PTBA,RG,2830,3,F,ZP,KK,D
10:08:08,PTBA,RG,2820,18,D,LG,NI,D
10:08:08,PTBA,RG,2820,3,D,LG,NI,D
10:08:06,PTBA,RG,2830,3,F,ZP,KK,D
10:08:05,PTBA,RG,2820,33,D,LG,BK,F
10:08:01,PTBA,RG,2830,7,F,ZP,KK,D
10:08:01,PTBA,RG,2830,58,D,DH,KK,D
10:07:58,PTBA,RG,2830,137,F,ZP,KK,D
10:07:58,PTBA,RG,2830,46,D,CC,KK,D
10:07:57,PTBA,RG,2830,50,F,BK,KK,D
10:07:57,PTBA,RG,2830,53,D,XC,KK,D
10:07:57,PTBA,RG,2830,500,D,YB,KK,D
10:07:57,PTBA,RG,2830,179,F,BK,KK,D
10:07:57,PTBA,RG,2830,409,D,PD,KK,D
10:07:54,PTBA,RG,2840,1,F,ZP,KK,D
10:07:54,PTBA,RG,2830,2,D,PD,YP,D
10:07:52,PTBA,RG,2840,2,D,YP,KK,D
10:07:46,PTBA,RG,2840,2,F,ZP,KK,D
10:07:45,PTBA,RG,2830,9,D,PD,YP,D
10:07:45,PTBA,RG,2830,4,D,YP,YP,D
10:07:45,PTBA,RG,2830,10,D,YP,YP,D
10:07:45,PTBA,RG,2830,1,D,PD,YP,D
10:07:45,PTBA,RG,2830,1,D,PD,YP,D
10:07:33,PTBA,RG,2840,4,F,ZP,KK,D
10:07:32,PTBA,RG,2830,29,D,PD,BK,F
10:07:31,PTBA,RG,2840,1111,F,ZP,KK,D
10:07:29,PTBA,RG,2820,125,D,LG,PD,D
10:07:29,PTBA,RG,2820,27,D,LG,PD,D
10:07:29,PTBA,RG,2820,19,D,LG,PD,D
10:07:29,PTBA,RG,2820,2,D,LG,PD,D
10:07:29,PTBA,RG,2820,40,D,LG,PD,D
10:07:29,PTBA,RG,2820,236,D,LG,PD,D
10:07:29,PTBA,RG,2820,225,D,BQ,PD,D
10:07:29,PTBA,RG,2820,150,D,BQ,PD,D
10:07:29,PTBA,RG,2820,150,D,BQ,PD,D
10:07:29,PTBA,RG,2820,284,F,BK,PD,D
10:07:29,PTBA,RG,2820,5000,D,KK,PD,D
10:07:29,PTBA,RG,2820,14,D,HP,PD,D
10:07:29,PTBA,RG,2820,99,F,BK,PD,D
10:07:29,PTBA,RG,2820,301,D,LG,PD,D
10:07:29,PTBA,RG,2820,321,D,LG,PD,D
10:07:29,PTBA,RG,2820,55,D,LG,PD,D
10:07:29,PTBA,RG,2820,38,D,LG,PD,D
10:07:29,PTBA,RG,2820,5,D,LG,PD,D
10:07:29,PTBA,RG,2820,80,D,LG,PD,D
10:07:29,PTBA,RG,2820,471,D,LG,PD,D
10:07:29,PTBA,RG,2820,10,D,PD,PD,D
10:07:29,PTBA,RG,2820,206,F,BK,PD,D
10:07:29,PTBA,RG,2820,800,D,LG,PD,D
10:07:29,PTBA,RG,2820,1,D,YP,PD,D
10:07:29,PTBA,RG,2820,193,D,LG,PD,D
10:07:29,PTBA,RG,2830,25,D,YU,PD,D
10:07:29,PTBA,RG,2830,1,D,YP,PD,D
10:07:29,PTBA,RG,2830,3,D,PD,PD,D
10:07:29,PTBA,RG,2830,300,D,TP,PD,D
10:07:29,PTBA,RG,2830,5,D,YP,PD,D
10:07:29,PTBA,RG,2830,1,D,YP,PD,D
10:07:29,PTBA,RG,2830,1,D,XC,PD,D
10:07:29,PTBA,RG,2830,10,D,CC,PD,D
10:07:29,PTBA,RG,2830,25,D,PD,PD,D
10:07:29,PTBA,RG,2830,1,D,PD,PD,D
10:07:29,PTBA,RG,2830,210,F,BK,PD,D
10:07:29,PTBA,RG,2830,300,D,BQ,PD,D
10:07:29,PTBA,RG,2830,100,D,KK,PD,D
10:07:29,PTBA,RG,2830,100,D,YP,PD,D
10:07:29,PTBA,RG,2830,66,D,YP,PD,D
10:07:01,PTBA,RG,2830,1,D,YP,OD,D
10:06:56,PTBA,RG,2840,1,D,YP,KK,D
10:06:51,PTBA,RG,2840,11,F,ZP,KK,D
10:06:50,PTBA,RG,2840,100,D,XC,KK,D
10:06:43,PTBA,RG,2840,11,F,ZP,KK,D
10:06:43,PTBA,RG,2830,1,D,YP,CC,D
10:06:42,PTBA,RG,2840,100,D,YP,KK,D
10:06:40,PTBA,RG,2840,3,F,ZP,KK,D
10:06:38,PTBA,RG,2840,20,D,PD,KK,D
10:06:34,PTBA,RG,2840,3,F,ZP,KK,D
10:06:34,PTBA,RG,2840,34,F,BK,KK,D
10:06:33,PTBA,RG,2840,4,F,ZP,KK,D
10:06:31,PTBA,RG,2840,9,F,ZP,KK,D
10:06:31,PTBA,RG,2840,30,D,PD,KK,D
10:06:30,PTBA,RG,2840,11,F,ZP,KK,D
10:06:30,PTBA,RG,2840,84,F,BK,KK,D
10:06:28,PTBA,RG,2840,60,F,ZP,KK,D
10:06:28,PTBA,RG,2840,100,D,YP,KK,D
10:06:28,PTBA,RG,2840,30,D,CC,KK,D
10:06:28,PTBA,RG,2840,3,D,PD,KK,D
10:06:28,PTBA,RG,2840,2,D,YP,KK,D
10:06:28,PTBA,RG,2840,10,D,ZR,KK,D
10:06:28,PTBA,RG,2840,27,D,CC,KK,D
10:06:28,PTBA,RG,2840,9,D,CC,KK,D
10:06:28,PTBA,RG,2840,23,D,CC,KK,D
10:06:28,PTBA,RG,2840,7,D,CC,KK,D
10:06:28,PTBA,RG,2840,100,D,YP,KK,D
10:06:28,PTBA,RG,2840,1,F,ZP,KK,D
10:06:28,PTBA,RG,2840,1,D,YP,KK,D
10:06:28,PTBA,RG,2840,219,D,EP,KK,D
10:06:27,PTBA,RG,2850,2,F,ZP,DH,D
10:06:27,PTBA,RG,2850,56,D,YP,DH,D
10:06:27,PTBA,RG,2850,3,D,YP,DR,D
10:06:27,PTBA,RG,2850,2,D,YP,DR,D
10:06:27,PTBA,RG,2850,4,D,YP,DR,D
10:06:27,PTBA,RG,2850,1,D,YP,XC,D
10:06:27,PTBA,RG,2850,39,D,YP,LH,D
10:06:26,PTBA,RG,2850,14,D,NI,LH,D
10:06:26,PTBA,RG,2850,10,D,PD,LH,D
10:06:25,PTBA,RG,2850,37,F,ZP,LH,D
10:06:25,PTBA,RG,2840,1,D,EP,YP,D
10:06:25,PTBA,RG,2840,5,D,EP,YP,D
10:06:25,PTBA,RG,2840,50,D,EP,GR,D
10:06:25,PTBA,RG,2840,1,D,EP,CC,D
10:06:25,PTBA,RG,2840,17,D,EP,CC,F
10:06:25,PTBA,RG,2840,1,D,EP,CC,D
10:06:25,PTBA,RG,2840,13,D,EP,XC,D
10:06:25,PTBA,RG,2840,193,D,EP,CC,D
10:06:24,PTBA,RG,2840,111,F,ZP,CC,D
10:06:24,PTBA,RG,2840,50,F,BK,CC,D
10:06:22,PTBA,RG,2840,4,F,ZP,CC,D
10:06:22,PTBA,RG,2840,642,D,LG,CC,D
10:06:22,PTBA,RG,2840,15,D,LG,PD,D
10:06:22,PTBA,RG,2840,20,D,LG,AZ,D
10:06:22,PTBA,RG,2840,10,D,LG,PD,D
10:06:22,PTBA,RG,2840,30,D,LG,CC,D
10:06:22,PTBA,RG,2840,83,D,LG,KK,D
10:06:22,PTBA,RG,2840,200,D,LG,KK,D
10:06:20,PTBA,RG,2840,31,F,BK,KK,D
10:06:19,PTBA,RG,2840,11,F,ZP,KK,D
10:06:17,PTBA,RG,2840,75,F,BK,KK,D
10:06:17,PTBA,RG,2840,20,F,BK,CC,D
10:06:17,PTBA,RG,2840,2,F,BK,CC,D
10:06:17,PTBA,RG,2840,2,F,BK,PD,D
10:06:17,PTBA,RG,2840,3,F,BK,NI,D
10:06:15,PTBA,RG,2840,10,F,ZP,PD,D
10:06:15,PTBA,RG,2840,1,F,ZP,CC,D
10:06:15,PTBA,RG,2840,40,F,ZP,YP,D
10:06:15,PTBA,RG,2840,8,F,ZP,NI,D
10:06:15,PTBA,RG,2840,40,F,ZP,OD,D
10:06:15,PTBA,RG,2840,52,F,ZP,LG,D
10:06:14,PTBA,RG,2840,198,F,AK,LG,D
10:06:14,PTBA,RG,2840,40,F,AK,BK,F
10:06:14,PTBA,RG,2840,17,F,AK,YB,D
10:06:14,PTBA,RG,2840,225,F,AK,FZ,D
10:06:14,PTBA,RG,2840,1,F,AK,XC,D
10:06:14,PTBA,RG,2840,5,F,AK,PD,D
10:06:14,PTBA,RG,2840,15,F,AK,CC,D
10:06:14,PTBA,RG,2840,10,F,AK,XC,D
10:06:14,PTBA,RG,2840,100,F,AK,YP,D
10:06:14,PTBA,RG,2840,1,F,AK,PD,D
10:06:14,PTBA,RG,2840,55,F,AK,KK,D
10:06:14,PTBA,RG,2840,64,F,AK,BK,F
10:06:14,PTBA,RG,2840,2,F,AK,PD,D
10:06:14,PTBA,RG,2840,6,F,AK,XC,D
10:06:14,PTBA,RG,2840,100,F,AK,HP,D
10:06:14,PTBA,RG,2840,3,F,AK,XA,D
10:06:14,PTBA,RG,2840,6,F,AK,XC,D
10:06:14,PTBA,RG,2840,3,F,AK,XL,D
10:06:14,PTBA,RG,2840,20,F,AK,PD,D
10:06:14,PTBA,RG,2840,10,F,AK,LS,D
10:06:14,PTBA,RG,2840,20,F,AK,CC,D
10:06:14,PTBA,RG,2840,6,F,AK,CC,D
10:06:14,PTBA,RG,2840,10,F,AK,XA,D
10:06:14,PTBA,RG,2840,1,F,AK,XC,D
10:06:14,PTBA,RG,2840,8,F,AK,NI,D
10:06:14,PTBA,RG,2840,4,F,AK,YP,D
10:06:14,PTBA,RG,2840,6,F,AK,NI,D
10:06:14,PTBA,RG,2840,30,F,AK,YP,D
10:06:14,PTBA,RG,2840,34,F,AK,SQ,D
10:06:13,PTBA,RG,2840,33,F,ZP,SQ,D
10:06:13,PTBA,RG,2840,3,D,LG,SQ,D
10:06:13,PTBA,RG,2840,148,D,LG,YP,D
10:06:13,PTBA,RG,2840,161,D,LG,YP,D
10:06:13,PTBA,RG,2840,27,D,LG,YP,D
10:06:13,PTBA,RG,2840,19,D,LG,YP,D
10:06:13,PTBA,RG,2840,2,D,LG,YP,D
10:06:13,PTBA,RG,2840,40,D,LG,YP,D
10:06:13,PTBA,RG,2840,236,D,LG,YP,D
10:06:12,PTBA,RG,2830,20,D,YP,AT,D
10:06:12,PTBA,RG,2840,1,F,ZP,YP,D
10:06:11,PTBA,RG,2830,5,D,YP,YJ,D
10:06:07,PTBA,RG,2840,4,F,ZP,YP,D
10:06:07,PTBA,RG,2840,5,D,CC,YP,D
10:06:06,PTBA,RG,2840,31,F,BK,YP,D
10:06:04,PTBA,RG,2840,35,F,ZP,YP,D
10:06:04,PTBA,RG,2830,2,D,YP,YP,D
10:06:03,PTBA,RG,2840,91,F,BK,YP,D
10:06:03,PTBA,RG,2840,164,F,BK,SQ,D
10:06:03,PTBA,RG,2840,1,F,BK,XC,D
10:06:03,PTBA,RG,2840,1,F,BK,CC,D
10:06:03,PTBA,RG,2840,33,F,BK,PD,D
10:06:03,PTBA,RG,2840,29,F,BK,PD,D
10:06:01,PTBA,RG,2840,4,F,ZP,PD,D
10:06:00,PTBA,RG,2840,12,F,ZP,PD,D
10:06:00,PTBA,RG,2840,7,D,CC,PD,D
10:06:00,PTBA,RG,2840,24,D,CC,PD,D
10:05:59,PTBA,RG,2840,108,F,BK,PD,D
10:05:55,PTBA,RG,2840,3,F,ZP,PD,D
10:05:54,PTBA,RG,2840,40,F,ZP,PD,D
10:05:54,PTBA,RG,2840,4,F,ZP,XC,D
10:05:54,PTBA,RG,2840,5,F,ZP,YP,D
10:05:54,PTBA,RG,2840,25,F,ZP,YP,D
10:05:54,PTBA,RG,2840,100,F,ZP,CC,D
10:05:54,PTBA,RG,2840,2,F,ZP,AI,D
10:05:54,PTBA,RG,2840,1,F,ZP,YP,D
10:05:54,PTBA,RG,2840,25,F,ZP,KK,D
10:05:54,PTBA,RG,2840,10,F,ZP,CC,D
10:05:54,PTBA,RG,2840,20,F,ZP,YP,D
10:05:54,PTBA,RG,2840,2,F,ZP,NI,D
10:05:54,PTBA,RG,2840,162,F,ZP,YP,D
10:05:54,PTBA,RG,2840,2,F,ZP,PD,D
10:05:54,PTBA,RG,2840,5,F,ZP,XC,D
10:05:54,PTBA,RG,2840,85,F,ZP,YP,D
10:05:54,PTBA,RG,2840,2,F,ZP,PD,D
10:05:54,PTBA,RG,2840,5,F,ZP,YU,D
10:05:54,PTBA,RG,2840,9,F,ZP,PD,D
10:05:54,PTBA,RG,2840,54,F,ZP,XC,D
10:05:54,PTBA,RG,2840,100,F,ZP,SQ,D
10:05:54,PTBA,RG,2840,1,F,ZP,PD,D
10:05:54,PTBA,RG,2840,8,F,ZP,PD,D
10:05:54,PTBA,RG,2840,3,F,ZP,PD,D
10:05:54,PTBA,RG,2840,5,F,ZP,PD,D
10:05:54,PTBA,RG,2840,1,F,ZP,XC,D
10:05:54,PTBA,RG,2840,4,F,ZP,XC,D
10:05:54,PTBA,RG,2840,62,F,ZP,YP,D
10:05:54,PTBA,RG,2840,2,F,ZP,AZ,D
10:05:54,PTBA,RG,2840,1,F,ZP,YP,D
10:05:54,PTBA,RG,2840,2,F,ZP,PD,D
10:05:54,PTBA,RG,2840,2,F,ZP,PD,D
10:05:54,PTBA,RG,2840,1,F,ZP,CC,D
10:05:54,PTBA,RG,2840,5,F,ZP,CC,D
10:05:54,PTBA,RG,2840,5,F,ZP,PD,D
10:05:54,PTBA,RG,2840,1,F,ZP,YP,D
10:05:54,PTBA,RG,2840,50,F,ZP,CC,D
10:05:54,PTBA,RG,2840,176,F,ZP,YP,D
10:05:54,PTBA,RG,2840,2,F,ZP,PD,D
10:05:54,PTBA,RG,2840,1,F,ZP,YP,D
10:05:54,PTBA,RG,2840,4,F,ZP,SQ,D
10:05:54,PTBA,RG,2840,5,F,ZP,GR,D
10:05:54,PTBA,RG,2840,17,F,ZP,YB,D
