Time,Stock,Brd,Price,Qty,BT,BC,SC,ST
15:14:54,PTBA,RG,3670,1,D,GR,IF,D
15:14:28,PTBA,RG,3670,14,D,YP,IF,D
15:14:14,PTBA,RG,3670,1,D,PD,IF,D
15:13:56,PTBA,RG,3670,1,D,XL,IF,D
15:13:56,PTBA,RG,3670,1,D,XC,IF,D
15:13:56,PTBA,RG,3670,5,D,PD,IF,D
15:13:56,PTBA,RG,3670,5,D,NI,IF,D
15:13:56,PTBA,RG,3670,10,D,LG,IF,D
15:13:56,PTBA,RG,3670,1,D,CC,IF,D
15:13:56,PTBA,RG,3670,3,D,XC,IF,D
15:13:56,PTBA,RG,3670,26,D,YP,IF,D
15:13:56,PTBA,RG,3670,1,D,EP,IF,D
15:13:56,PTBA,RG,3670,100,D,SQ,IF,D
15:13:56,PTBA,RG,3670,1,D,YP,IF,D
15:13:56,PTBA,RG,3670,2,D,DR,IF,D
15:13:56,PTBA,RG,3670,1,D,CC,IF,D
15:13:56,PTBA,RG,3670,6,D,EP,IF,D
15:13:56,PTBA,RG,3670,1,D,PD,IF,D
15:13:56,PTBA,RG,3670,1,D,PD,IF,D
15:13:56,PTBA,RG,3670,1,D,PD,IF,D
15:13:56,PTBA,RG,3670,1,D,PD,IF,D
15:13:56,PTBA,RG,3670,3,D,XL,IF,D
15:13:56,PTBA,RG,3670,20,D,IP,IF,D
15:13:56,PTBA,RG,3670,1,D,XC,IF,D
15:13:56,PTBA,RG,3670,1,D,YP,IF,D
15:13:56,PTBA,RG,3670,2,D,KK,IF,D
15:13:56,PTBA,RG,3670,100,D,YP,IF,D
15:13:56,PTBA,RG,3670,1,D,PD,IF,D
15:13:56,PTBA,RG,3670,10,D,YP,IF,D
15:13:56,PTBA,RG,3670,100,D,NI,IF,D
15:13:56,PTBA,RG,3670,100,D,GR,IF,D
15:13:56,PTBA,RG,3670,9,D,KK,IF,D
15:13:56,PTBA,RG,3670,25,D,XC,IF,D
15:13:56,PTBA,RG,3670,3,D,NI,IF,D
15:13:56,PTBA,RG,3670,5770,D,PD,IF,D
15:11:35,PTBA,RG,3670,17,D,PD,KK,D
15:11:34,PTBA,RG,3670,5,D,PD,PD,D
15:08:03,PTBA,RG,3670,1,D,PD,YP,D
15:07:18,PTBA,RG,3670,1,D,PD,SQ,D
15:06:45,PTBA,RG,3670,10,D,PD,YP,D
15:06:43,PTBA,RG,3670,2,D,PD,YP,D
15:06:33,PTBA,RG,3670,274,D,PD,SQ,D
15:05:09,PTBA,RG,3670,50,D,PD,DR,D
15:05:00,PTBA,RG,3670,1,D,PD,YP,D
15:04:51,PTBA,RG,3670,6,D,PD,XL,D
15:04:44,PTBA,RG,3670,8,D,PD,PD,D
15:04:15,PTBA,RG,3670,399,D,PD,YP,D
15:04:11,PTBA,RG,3670,172,D,PD,DR,D
15:03:35,PTBA,RG,3670,13,D,PD,PD,D
15:03:11,PTBA,RG,3670,280,D,PD,GR,D
15:02:17,PTBA,RG,3670,395,D,PD,YP,D
15:02:13,PTBA,RG,3670,18,D,PD,XL,D
15:02:10,PTBA,RG,3670,5,D,PD,YP,D
15:01:56,PTBA,RG,3670,5,D,PD,PD,D
15:01:09,PTBA,RG,3670,1,D,PD,NI,D
15:01:00,PTBA,RG,3670,100,D,PD,NI,D
15:00:00,PTBA,RG,3670,143,D,PD,BK,F
15:00:00,PTBA,RG,3670,166,D,PD,BQ,D
15:00:00,PTBA,RG,3670,1,D,YP,BQ,D
15:00:00,PTBA,RG,3670,1,D,PD,BQ,D
15:00:00,PTBA,RG,3670,5,D,SQ,BQ,D
15:00:00,PTBA,RG,3670,10,D,BQ,BQ,D
15:00:00,PTBA,RG,3670,1,D,YP,BQ,D
15:00:00,PTBA,RG,3670,5,D,CC,BQ,D
15:00:00,PTBA,RG,3670,11,D,LG,BQ,D
15:00:00,PTBA,RG,3670,1,D,LG,PD,D
15:00:00,PTBA,RG,3670,11,D,LG,YU,D
15:00:00,PTBA,RG,3670,1,D,LG,XL,D
15:00:00,PTBA,RG,3670,26,D,LG,RO,D
15:00:00,PTBA,RG,3670,5,D,DH,RO,D
15:00:00,PTBA,RG,3670,10,D,YP,RO,D
15:00:00,PTBA,RG,3670,1,D,NI,RO,D
15:00:00,PTBA,RG,3670,20,D,YP,RO,D
15:00:00,PTBA,RG,3670,10,D,YP,RO,D
15:00:00,PTBA,RG,3670,15,D,NI,RO,D
15:00:00,PTBA,RG,3670,10,D,YP,RO,D
15:00:00,PTBA,RG,3670,12,D,YP,RO,D
15:00:00,PTBA,RG,3670,91,F,CC,RO,D
15:00:00,PTBA,RG,3670,92,F,CC,BK,F
15:00:00,PTBA,RG,3670,5,D,LG,BK,F
15:00:00,PTBA,RG,3670,22,F,CC,BK,F
15:00:00,PTBA,RG,3670,277,F,BK,BK,F
15:00:00,PTBA,RG,3670,4,F,BK,YU,F
15:00:00,PTBA,RG,3670,8,F,BK,YU,F
15:00:00,PTBA,RG,3670,5,F,BK,YU,F
15:00:00,PTBA,RG,3670,19,F,BK,YU,F
15:00:00,PTBA,RG,3670,3,F,BK,YU,F
15:00:00,PTBA,RG,3670,3,F,BK,YU,F
15:00:00,PTBA,RG,3670,6,F,BK,YU,F
15:00:00,PTBA,RG,3670,1,F,BK,YU,F
15:00:00,PTBA,RG,3670,2,F,BK,YU,F
15:00:00,PTBA,RG,3670,5,F,BK,AK,F
15:00:00,PTBA,RG,3670,31,F,BK,CC,D
15:00:00,PTBA,RG,3670,351,F,BK,YU,F
15:00:00,PTBA,RG,3670,63,F,YU,YU,F
15:00:00,PTBA,RG,3670,51,D,RX,YU,F
15:00:00,PTBA,RG,3670,163,D,NI,YU,F
15:00:00,PTBA,RG,3670,2,D,NI,YU,F
15:00:00,PTBA,RG,3670,8,D,NI,YU,F
15:00:00,PTBA,RG,3670,2,D,NI,YU,D
14:49:55,PTBA,RG,3680,50,D,YP,BK,F
14:49:55,PTBA,RG,3680,1,D,XC,BK,F
14:49:37,PTBA,RG,3670,5,D,PD,XC,D
14:49:35,PTBA,RG,3680,1,F,CS,BK,F
14:49:30,PTBA,RG,3680,1,D,PD,BK,F
14:49:30,PTBA,RG,3670,22,D,PD,YU,F
14:49:27,PTBA,RG,3670,22,D,PD,YU,F
14:49:26,PTBA,RG,3670,15,D,PD,XL,D
14:49:26,PTBA,RG,3680,1,F,CS,BK,F
14:49:26,PTBA,RG,3680,2,F,CS,BK,F
14:49:24,PTBA,RG,3670,21,D,PD,YU,F
14:49:23,PTBA,RG,3670,22,D,PD,YU,F
14:49:22,PTBA,RG,3670,32,D,PD,YU,F
14:49:20,PTBA,RG,3670,23,D,PD,YU,F
14:49:18,PTBA,RG,3670,20,D,PD,YP,D
14:49:14,PTBA,RG,3670,19,D,PD,YU,F
14:49:11,PTBA,RG,3670,16,D,PD,YU,F
14:49:01,PTBA,RG,3670,1,D,PD,AK,F
14:49:00,PTBA,RG,3670,7,D,PD,YU,D
14:48:56,PTBA,RG,3670,5,D,PD,AZ,D
14:48:55,PTBA,RG,3680,2,D,PD,BK,F
14:48:41,PTBA,RG,3670,40,D,PD,IF,D
14:48:27,PTBA,RG,3670,180,D,PD,BK,F
14:48:27,PTBA,RG,3670,508,D,PD,GR,D
14:48:18,PTBA,RG,3660,16,D,NI,YU,F
14:48:15,PTBA,RG,3660,1,D,NI,AK,F
14:48:14,PTBA,RG,3660,17,D,NI,BB,D
14:48:14,PTBA,RG,3660,7,D,NI,XC,D
14:48:12,PTBA,RG,3660,1,D,NI,BB,D
14:48:10,PTBA,RG,3670,1,D,PD,GR,D
14:48:04,PTBA,RG,3660,3,D,NI,BB,D
14:48:03,PTBA,RG,3670,50,D,CC,GR,D
14:47:56,PTBA,RG,3660,4,D,NI,BB,D
14:47:56,PTBA,RG,3670,3,F,CS,GR,D
14:47:56,PTBA,RG,3670,1,F,CS,GR,D
14:47:56,PTBA,RG,3670,2,D,YP,GR,D
14:47:56,PTBA,RG,3670,1,D,XC,GR,D
14:47:56,PTBA,RG,3670,50,D,DH,GR,D
14:47:56,PTBA,RG,3670,5,D,AZ,GR,D
14:47:56,PTBA,RG,3670,1,D,XC,GR,D
14:47:56,PTBA,RG,3670,20,D,CC,GR,D
14:47:56,PTBA,RG,3670,5,D,OD,GR,D
14:47:56,PTBA,RG,3670,1,D,BQ,GR,D
14:47:56,PTBA,RG,3670,5,D,YP,GR,D
14:47:56,PTBA,RG,3670,2,D,XC,GR,D
14:47:56,PTBA,RG,3670,1,D,YP,GR,D
14:47:56,PTBA,RG,3670,11,F,CS,GR,D
14:47:56,PTBA,RG,3670,333,D,PD,GR,D
14:47:48,PTBA,RG,3670,3,D,PD,BB,D
14:47:40,PTBA,RG,3670,100,D,PD,PD,D
14:47:31,PTBA,RG,3670,3,D,PD,BB,D
14:47:31,PTBA,RG,3670,1,D,PD,YP,D
14:47:18,PTBA,RG,3670,2,D,PD,BB,D
14:47:01,PTBA,RG,3670,1,D,PD,AK,F
14:46:49,PTBA,RG,3670,10,D,PD,EP,D
14:46:33,PTBA,RG,3680,8,D,XC,BK,F
14:45:59,PTBA,RG,3670,10,D,PD,TP,D
14:45:43,PTBA,RG,3670,1,D,PD,NI,D
14:45:30,PTBA,RG,3670,3,D,PD,OD,D
14:45:16,PTBA,RG,3670,1,D,PD,AK,F
14:45:14,PTBA,RG,3670,150,D,PD,CC,D
14:45:14,PTBA,RG,3670,33,D,PD,BB,D
14:45:14,PTBA,RG,3670,279,D,PD,BK,F
14:45:14,PTBA,RG,3670,90,D,PD,CP,D
14:45:12,PTBA,RG,3660,15,D,NI,YU,F
14:45:01,PTBA,RG,3670,8,D,PD,CP,D
14:44:57,PTBA,RG,3660,40,D,NI,PD,D
14:44:51,PTBA,RG,3670,1,D,PD,CP,D
14:44:27,PTBA,RG,3660,7,D,NI,BB,D
14:43:59,PTBA,RG,3670,1,D,DH,CP,D
14:43:44,PTBA,RG,3670,2,D,YP,BK,F
14:43:43,PTBA,RG,3670,4,F,CS,BK,F
14:43:43,PTBA,RG,3670,2,F,CS,BK,F
14:43:43,PTBA,RG,3670,5,F,CS,CC,D
14:43:43,PTBA,RG,3670,3,F,CS,CC,D
14:43:43,PTBA,RG,3670,50,D,ZP,CC,D
14:43:43,PTBA,RG,3670,1,D,XC,CC,D
14:43:43,PTBA,RG,3670,1,D,PD,CC,D
14:43:43,PTBA,RG,3670,1,D,CC,CC,D
14:43:43,PTBA,RG,3670,4,D,PD,CC,D
14:43:43,PTBA,RG,3670,5,D,EP,CC,D
14:43:43,PTBA,RG,3670,2,D,PD,CC,D
14:43:43,PTBA,RG,3670,1,D,XC,CC,D
14:43:43,PTBA,RG,3670,7,F,CS,CC,D
14:43:43,PTBA,RG,3670,20,D,SQ,CC,D
14:42:11,PTBA,RG,3670,152,D,SQ,FS,D
14:42:11,PTBA,RG,3670,19,D,SQ,XC,D
14:42:11,PTBA,RG,3670,5,D,SQ,NI,D
14:42:11,PTBA,RG,3670,40,D,SQ,CC,D
14:42:11,PTBA,RG,3670,6,D,SQ,YP,D
14:42:11,PTBA,RG,3670,4,D,SQ,NI,D
14:42:11,PTBA,RG,3670,20,D,SQ,BB,D
14:42:11,PTBA,RG,3670,10,D,SQ,KK,D
14:42:11,PTBA,RG,3670,4,D,SQ,CC,F
14:42:11,PTBA,RG,3670,220,D,SQ,BK,F
14:42:01,PTBA,RG,3660,15,D,NI,YU,F
14:41:57,PTBA,RG,3670,1,D,XC,BK,F
14:41:28,PTBA,RG,3670,10,D,YP,BK,F
14:41:24,PTBA,RG,3660,31,D,NI,BB,D
14:41:21,PTBA,RG,3670,15,D,YP,BK,F
14:41:06,PTBA,RG,3670,30,D,LG,BK,F
14:41:06,PTBA,RG,3670,10,D,LG,GR,D
14:40:48,PTBA,RG,3670,9,D,CC,GR,D
14:40:46,PTBA,RG,3670,1,D,PD,GR,D
14:40:45,PTBA,RG,3670,55,D,CC,GR,D
14:40:25,PTBA,RG,3670,2,D,AT,GR,D
14:40:12,PTBA,RG,3670,4,D,CC,GR,D
14:40:00,PTBA,RG,3670,3,D,PD,GR,D
14:39:43,PTBA,RG,3670,100,D,XC,GR,D
14:39:34,PTBA,RG,3670,2,D,BQ,GR,D
14:39:22,PTBA,RG,3670,15,D,EP,GR,D
14:39:22,PTBA,RG,3670,2,D,DH,GR,D
14:39:16,PTBA,RG,3670,25,D,DR,GR,D
14:39:01,PTBA,RG,3670,8,D,DH,GR,D
14:38:58,PTBA,RG,3670,1,D,YP,GR,D
14:38:51,PTBA,RG,3670,4,D,YP,GR,D
14:38:25,PTBA,RG,3670,20,D,YP,GR,D
14:38:22,PTBA,RG,3670,2,D,YP,GR,D
14:38:14,PTBA,RG,3670,10,D,PD,GR,D
14:38:13,PTBA,RG,3660,17,D,NI,BB,D
14:38:11,PTBA,RG,3660,1,D,NI,YP,D
14:37:24,PTBA,RG,3660,2,D,NI,YP,D
14:37:23,PTBA,RG,3670,30,D,CC,GR,D
14:37:21,PTBA,RG,3670,1,D,YP,GR,D
14:37:16,PTBA,RG,3660,2,D,NI,EP,D
14:37:14,PTBA,RG,3670,89,D,CC,GR,D
14:36:47,PTBA,RG,3670,5,D,LG,GR,D
14:36:22,PTBA,RG,3670,1,D,NI,GR,D
14:35:56,PTBA,RG,3660,1,D,NI,PD,D
14:35:44,PTBA,RG,3660,35,D,NI,BQ,D
14:35:39,PTBA,RG,3660,5,D,NI,YP,D
14:35:36,PTBA,RG,3670,1,D,YP,GR,D
14:35:25,PTBA,RG,3670,1,D,XC,GR,D
14:34:34,PTBA,RG,3670,118,D,SQ,BK,F
14:34:34,PTBA,RG,3670,14,D,SQ,BK,F
14:34:34,PTBA,RG,3670,3,D,SQ,XL,D
14:34:28,PTBA,RG,3660,273,D,NI,NI,D
14:34:28,PTBA,RG,3660,30,D,PD,NI,D
14:34:28,PTBA,RG,3660,10,D,CC,NI,D
14:34:28,PTBA,RG,3660,30,D,PD,NI,D
14:34:28,PTBA,RG,3660,50,D,NI,NI,D
14:34:28,PTBA,RG,3660,25,D,AZ,NI,D
14:34:28,PTBA,RG,3660,1,D,PD,NI,D
14:34:28,PTBA,RG,3660,1,D,CC,NI,D
14:34:28,PTBA,RG,3660,2,D,PD,NI,D
14:34:28,PTBA,RG,3660,1,D,NI,NI,D
14:34:28,PTBA,RG,3660,101,D,YP,NI,D
14:34:28,PTBA,RG,3670,5,F,CS,NI,D
14:34:28,PTBA,RG,3670,8,F,CS,NI,D
14:34:28,PTBA,RG,3670,1807,D,GR,NI,D
14:34:14,PTBA,RG,3670,1,D,GR,AK,F
14:34:14,PTBA,RG,3670,10,D,GR,CC,D
14:34:14,PTBA,RG,3670,200,D,GR,FS,D
14:34:14,PTBA,RG,3670,6,D,GR,NI,D
14:34:14,PTBA,RG,3670,1,D,GR,AK,F
14:34:14,PTBA,RG,3670,1,D,GR,AK,F
14:34:14,PTBA,RG,3670,2521,D,GR,GR,D
14:34:14,PTBA,RG,3670,1,D,GR,AK,F
14:34:14,PTBA,RG,3670,186,D,GR,BK,F
14:34:14,PTBA,RG,3670,15,D,GR,YU,F
14:34:14,PTBA,RG,3670,69,D,GR,YU,F
14:34:14,PTBA,RG,3670,7,D,GR,CC,F
14:34:14,PTBA,RG,3670,55,D,GR,BB,D
14:34:14,PTBA,RG,3670,120,D,GR,IF,D
14:34:10,PTBA,RG,3660,20,D,YP,YU,D
14:34:08,PTBA,RG,3670,1,D,NI,IF,D
14:34:06,PTBA,RG,3670,1,D,DH,IF,D
14:34:05,PTBA,RG,3670,13,D,PD,IF,D
14:33:50,PTBA,RG,3670,5,D,PD,IF,D
14:33:39,PTBA,RG,3670,1,D,NI,IF,D
14:33:23,PTBA,RG,3670,200,D,DH,IF,D
14:33:18,PTBA,RG,3660,30,D,YP,FS,D
14:33:18,PTBA,RG,3660,1,D,KK,FS,D
14:33:18,PTBA,RG,3660,3,D,SQ,FS,D
14:33:18,PTBA,RG,3660,1,D,PD,FS,D
14:33:18,PTBA,RG,3660,100,D,CC,FS,D
14:33:18,PTBA,RG,3660,5,D,CC,FS,D
14:33:18,PTBA,RG,3660,5,D,EP,FS,D
14:33:18,PTBA,RG,3660,15,D,PD,FS,D
14:33:18,PTBA,RG,3660,2,D,PD,FS,D
14:33:18,PTBA,RG,3660,38,D,AZ,FS,D
14:33:03,PTBA,RG,3670,25,D,CC,IF,D
14:32:59,PTBA,RG,3670,10,D,DX,IF,D
14:32:47,PTBA,RG,3670,50,D,SQ,IF,D
14:32:47,PTBA,RG,3670,1,D,NI,IF,D
14:32:22,PTBA,RG,3670,2,D,NI,IF,D
14:32:14,PTBA,RG,3660,25,D,AZ,XC,D
14:32:05,PTBA,RG,3670,3,D,NI,IF,D
14:31:56,PTBA,RG,3660,6,D,AZ,NI,D
14:31:33,PTBA,RG,3660,57,D,AZ,BB,D
14:31:19,PTBA,RG,3660,1,D,AZ,AK,F
14:30:36,PTBA,RG,3660,5,D,AZ,YP,D
14:30:32,PTBA,RG,3660,2,D,AZ,XC,D
14:30:31,PTBA,RG,3660,3,D,AZ,XC,D
14:30:14,PTBA,RG,3670,5,D,PD,IF,D
14:30:05,PTBA,RG,3670,1,D,XL,IF,D
14:30:00,PTBA,RG,3670,50,D,YP,IF,D
14:29:30,PTBA,RG,3660,1,D,AZ,AK,F
14:28:50,PTBA,RG,3670,2,D,CC,IF,D
14:28:12,PTBA,RG,3670,1,D,AT,IF,D
14:27:59,PTBA,RG,3670,5,F,AK,IF,D
14:27:59,PTBA,RG,3670,5,F,AK,IF,D
14:27:59,PTBA,RG,3670,10,F,AK,IF,D
14:27:58,PTBA,RG,3670,21,F,AK,IF,D
14:27:58,PTBA,RG,3670,1,D,DR,IF,D
14:27:58,PTBA,RG,3670,7,F,CS,IF,D
14:27:58,PTBA,RG,3670,80,D,YP,IF,D
14:27:58,PTBA,RG,3670,5,D,XL,IF,D
14:27:58,PTBA,RG,3670,4,F,CS,IF,D
14:27:58,PTBA,RG,3670,2,D,KK,IF,D
14:27:58,PTBA,RG,3670,27,D,DH,IF,D
14:27:58,PTBA,RG,3670,15,D,DH,IF,D
14:27:58,PTBA,RG,3670,5,D,NI,IF,D
14:27:58,PTBA,RG,3670,4,F,CS,IF,D
14:27:58,PTBA,RG,3670,25,D,GR,IF,D
14:27:58,PTBA,RG,3670,25,D,YP,IF,D
14:27:58,PTBA,RG,3670,3,F,CS,IF,D
14:27:58,PTBA,RG,3670,1,D,NI,IF,D
14:27:58,PTBA,RG,3670,10,D,SQ,IF,D
14:27:58,PTBA,RG,3670,1,D,PD,IF,D
14:27:58,PTBA,RG,3670,11,F,CS,IF,D
14:27:58,PTBA,RG,3670,1,D,PD,IF,D
14:27:58,PTBA,RG,3670,1,D,AG,IF,D
14:27:58,PTBA,RG,3670,6,D,XC,IF,D
14:27:58,PTBA,RG,3670,20,D,GR,IF,D
14:27:58,PTBA,RG,3670,13,D,YP,IF,D
14:27:58,PTBA,RG,3670,3,D,NI,IF,D
14:27:58,PTBA,RG,3670,1,D,NI,IF,D
14:27:58,PTBA,RG,3670,1,D,YP,IF,D
14:27:58,PTBA,RG,3670,1,D,KK,IF,D
14:27:58,PTBA,RG,3670,10,D,XC,IF,D
14:27:58,PTBA,RG,3670,10,D,CC,IF,D
14:27:58,PTBA,RG,3670,1,D,NI,IF,D
14:27:58,PTBA,RG,3670,10,D,NI,IF,D
14:27:58,PTBA,RG,3670,27,D,KK,IF,D
14:27:58,PTBA,RG,3670,1,D,LG,IF,D
14:27:58,PTBA,RG,3670,15,D,XC,IF,D
14:27:58,PTBA,RG,3670,1,D,EP,IF,D
14:27:58,PTBA,RG,3670,1,D,PD,IF,D
14:27:58,PTBA,RG,3670,1,D,NI,IF,D
14:27:58,PTBA,RG,3670,1,D,XC,IF,D
14:27:58,PTBA,RG,3670,20,D,LG,IF,D
14:27:58,PTBA,RG,3670,1,D,XL,IF,D
14:27:58,PTBA,RG,3670,10,D,CC,IF,D
14:27:58,PTBA,RG,3670,1,D,NI,IF,D
14:27:58,PTBA,RG,3670,10,D,PD,IF,D
14:27:58,PTBA,RG,3670,2,D,YP,IF,D
14:27:58,PTBA,RG,3670,1,D,DH,IF,D
14:27:58,PTBA,RG,3670,1,D,XC,IF,D
14:27:58,PTBA,RG,3670,2,D,PD,IF,D
14:27:58,PTBA,RG,3670,2,D,XC,IF,D
14:27:58,PTBA,RG,3670,2,D,DR,IF,D
14:27:58,PTBA,RG,3670,1,D,NI,IF,D
14:27:58,PTBA,RG,3670,5,D,PD,IF,D
14:27:58,PTBA,RG,3670,1,D,PD,IF,D
14:27:58,PTBA,RG,3670,1,D,NI,IF,D
14:27:58,PTBA,RG,3670,1,D,NI,IF,D
14:27:58,PTBA,RG,3670,255,D,PD,IF,D
14:27:58,PTBA,RG,3670,25,D,PD,IF,D
14:27:58,PTBA,RG,3670,10,D,PD,IF,D
14:27:58,PTBA,RG,3670,2,D,NI,IF,D
14:27:58,PTBA,RG,3670,5,D,XL,IF,D
14:27:58,PTBA,RG,3670,1,D,NI,IF,D
14:27:58,PTBA,RG,3670,2,D,XC,IF,D
14:27:58,PTBA,RG,3670,3,D,XL,IF,D
14:27:58,PTBA,RG,3670,9,D,YP,IF,D
14:27:58,PTBA,RG,3670,3,D,NI,IF,D
14:27:58,PTBA,RG,3670,5,D,YP,IF,D
14:27:58,PTBA,RG,3670,35,D,CC,IF,D
14:27:58,PTBA,RG,3670,1,F,CS,IF,D
14:27:58,PTBA,RG,3670,1,D,CC,IF,D
14:27:58,PTBA,RG,3670,5,D,PD,IF,D
14:27:58,PTBA,RG,3670,5,D,XC,IF,D
14:27:58,PTBA,RG,3670,1,D,DR,IF,D
14:27:58,PTBA,RG,3670,1,D,XC,IF,D
14:27:58,PTBA,RG,3670,5,D,XA,IF,D
14:27:58,PTBA,RG,3670,100,D,DH,IF,D
14:27:58,PTBA,RG,3670,11,F,CS,IF,D
14:27:58,PTBA,RG,3670,1000,D,YP,IF,D
14:27:58,PTBA,RG,3670,1,D,XL,IF,D
14:27:58,PTBA,RG,3670,3,F,CS,IF,D
14:27:58,PTBA,RG,3670,1,D,BQ,IF,D
14:27:58,PTBA,RG,3670,5,D,KK,IF,D
14:27:58,PTBA,RG,3670,4,F,CS,IF,D
14:27:58,PTBA,RG,3670,3,D,NI,IF,D
14:27:58,PTBA,RG,3670,13,D,YP,IF,D
14:27:58,PTBA,RG,3670,1,D,AZ,IF,D
14:27:58,PTBA,RG,3670,4,F,CS,IF,D
14:27:58,PTBA,RG,3670,887,D,PD,IF,D
14:27:46,PTBA,RG,3670,1,D,PD,PD,D
14:27:04,PTBA,RG,3670,10,D,PD,XC,D
14:26:55,PTBA,RG,3670,3,D,PD,PD,D
14:26:49,PTBA,RG,3670,3,D,PD,XL,D
14:26:26,PTBA,RG,3670,73,D,PD,BB,D
14:26:00,PTBA,RG,3670,1,D,PD,AK,F
14:25:45,PTBA,RG,3670,200,D,PD,FS,D
14:24:56,PTBA,RG,3680,1,D,XC,GR,D
14:24:46,PTBA,RG,3680,1,D,XL,GR,D
14:24:46,PTBA,RG,3670,30,D,PD,KK,D
14:24:42,PTBA,RG,3680,1,D,XC,GR,D
14:24:16,PTBA,RG,3670,22,D,PD,PD,D
14:24:04,PTBA,RG,3670,1,D,PD,PD,D
14:23:47,PTBA,RG,3680,1,D,PD,GR,D
14:22:58,PTBA,RG,3680,28,D,CC,GR,D
14:22:16,PTBA,RG,3680,4,D,XC,GR,D
14:22:16,PTBA,RG,3680,4,D,DH,GR,D
14:22:05,PTBA,RG,3670,10,D,PD,YJ,D
14:21:36,PTBA,RG,3670,21,D,PD,NI,D
14:20:38,PTBA,RG,3670,25,D,PD,YU,F
14:19:46,PTBA,RG,3670,71,D,PD,BB,D
14:19:45,PTBA,RG,3680,1,D,CC,GR,D
14:19:37,PTBA,RG,3670,621,D,PD,SQ,D
14:19:37,PTBA,RG,3670,5,D,PD,SQ,D
14:19:37,PTBA,RG,3670,3,D,NI,SQ,D
14:19:37,PTBA,RG,3670,5,D,PD,SQ,D
14:19:37,PTBA,RG,3670,2,D,XC,SQ,D
14:19:37,PTBA,RG,3670,4,D,KK,SQ,D
14:19:37,PTBA,RG,3670,1,D,KK,SQ,D
14:19:37,PTBA,RG,3670,10,D,CC,SQ,D
14:19:37,PTBA,RG,3670,2,D,KK,SQ,D
14:19:37,PTBA,RG,3670,12,F,CS,SQ,D
14:19:37,PTBA,RG,3670,5,F,CS,SQ,D
14:19:37,PTBA,RG,3670,499,D,PD,SQ,D
14:19:36,PTBA,RG,3680,1,D,PD,GR,D
14:19:00,PTBA,RG,3670,1,D,PD,AK,F
14:18:49,PTBA,RG,3670,10,D,PD,TP,D
14:18:49,PTBA,RG,3670,50,D,PD,DR,D
14:18:49,PTBA,RG,3670,6,F,CS,DR,D
14:18:49,PTBA,RG,3670,15,D,NI,DR,D
14:18:49,PTBA,RG,3670,6,F,CS,DR,D
14:18:49,PTBA,RG,3670,2,D,XL,DR,D
14:18:49,PTBA,RG,3670,4,F,CS,DR,D
14:18:39,PTBA,RG,3680,1,D,PD,GR,D
14:18:38,PTBA,RG,3680,2,D,YP,GR,D
14:18:36,PTBA,RG,3680,5,D,YP,GR,D
14:17:26,PTBA,RG,3680,3,D,YP,GR,D
14:17:12,PTBA,RG,3680,1,D,PD,GR,D
14:16:47,PTBA,RG,3670,8,F,CS,XL,D
14:16:47,PTBA,RG,3670,12,D,CC,XL,D
14:16:38,PTBA,RG,3670,78,D,CC,XL,D
14:16:29,PTBA,RG,3680,1,D,XC,GR,D
14:16:18,PTBA,RG,3680,10,D,TF,GR,D
14:15:54,PTBA,RG,3670,1,D,CC,XC,D
14:15:21,PTBA,RG,3670,9,D,CC,CC,D
14:15:15,PTBA,RG,3670,1,D,CC,AK,F
14:15:10,PTBA,RG,3680,33,F,CS,GR,D
14:15:04,PTBA,RG,3670,10,D,CC,PD,D
14:15:03,PTBA,RG,3670,15,D,CC,XC,D
14:14:52,PTBA,RG,3670,5,D,CC,XL,D
14:14:10,PTBA,RG,3670,2,D,CC,HP,D
14:13:47,PTBA,RG,3670,1,D,CC,IF,D
14:12:40,PTBA,RG,3680,1,D,XC,GR,D
14:12:37,PTBA,RG,3670,17,D,CC,PD,D
14:12:26,PTBA,RG,3680,1,D,PD,GR,D
14:12:03,PTBA,RG,3680,5,D,NI,GR,D
14:12:02,PTBA,RG,3670,14,D,CC,AT,D
14:11:48,PTBA,RG,3670,1,D,CC,CC,D
14:11:34,PTBA,RG,3670,72,D,CC,BB,D
14:10:44,PTBA,RG,3680,1,D,NI,GR,D
14:10:18,PTBA,RG,3670,17,D,CC,YU,F
14:10:12,PTBA,RG,3670,2,D,CC,YP,D
14:09:38,PTBA,RG,3670,1,D,CC,EP,D
14:09:18,PTBA,RG,3670,5,D,CC,YP,D
14:09:00,PTBA,RG,3670,1,D,CC,AK,F
14:08:45,PTBA,RG,3670,1,D,CC,XA,D
14:08:41,PTBA,RG,3680,2,D,XC,GR,D
14:08:38,PTBA,RG,3680,1,D,XL,GR,D
14:08:29,PTBA,RG,3680,1,D,KK,GR,D
14:08:22,PTBA,RG,3680,2,D,NI,GR,D
14:08:14,PTBA,RG,3680,5,D,XC,GR,D
14:08:06,PTBA,RG,3680,1,D,XC,GR,D
14:07:30,PTBA,RG,3680,1,D,XL,GR,D
14:07:21,PTBA,RG,3680,1,D,NI,GR,D
14:07:11,PTBA,RG,3670,1,D,CC,CC,D
14:06:11,PTBA,RG,3680,80,D,CC,GR,D
14:06:07,PTBA,RG,3680,5,D,XA,GR,D
14:05:41,PTBA,RG,3680,5,D,PD,GR,D
14:05:36,PTBA,RG,3680,2,D,YP,GR,D
14:05:33,PTBA,RG,3680,2,D,SQ,GR,D
14:05:09,PTBA,RG,3680,2,D,DH,GR,D
14:04:45,PTBA,RG,3670,1,D,CC,AK,F
14:04:07,PTBA,RG,3680,1,D,XL,GR,D
14:03:20,PTBA,RG,3670,72,D,CC,BB,D
14:03:10,PTBA,RG,3670,1,D,CC,PD,D
14:02:54,PTBA,RG,3680,3,D,XL,GR,D
14:02:53,PTBA,RG,3680,1,D,XC,GR,D
14:02:45,PTBA,RG,3680,43,D,XC,GR,D
14:02:45,PTBA,RG,3670,8,D,CC,CC,D
14:02:40,PTBA,RG,3680,5,D,XL,GR,D
14:01:59,PTBA,RG,3680,30,F,CS,GR,D
14:01:05,PTBA,RG,3680,1,D,PD,GR,D
14:01:00,PTBA,RG,3670,4,D,CC,CC,D
14:00:49,PTBA,RG,3680,1,D,PD,GR,D
14:00:49,PTBA,RG,3680,10,D,PD,GR,D
14:00:34,PTBA,RG,3680,200,D,SQ,GR,D
14:00:15,PTBA,RG,3670,1,D,CC,AK,F
14:00:09,PTBA,RG,3680,125,D,PD,GR,D
13:58:05,PTBA,RG,3680,1,D,NI,GR,D
13:58:01,PTBA,RG,3680,5,D,XA,GR,D
13:57:48,PTBA,RG,3680,1,D,XL,GR,D
13:57:24,PTBA,RG,3680,1,D,CC,GR,D
13:57:23,PTBA,RG,3670,1,D,CC,PD,D
13:57:09,PTBA,RG,3680,1,D,NI,GR,D
13:57:06,PTBA,RG,3680,56,D,XL,GR,D
13:56:28,PTBA,RG,3680,1,D,XC,GR,D
13:56:22,PTBA,RG,3680,10,D,PD,GR,D
13:56:15,PTBA,RG,3670,3,D,CC,XC,D
13:55:47,PTBA,RG,3670,1,D,CC,PD,D
13:55:39,PTBA,RG,3680,9,D,YP,GR,D
13:55:28,PTBA,RG,3680,1,D,DH,GR,D
13:55:00,PTBA,RG,3670,72,D,CC,BB,D
13:54:46,PTBA,RG,3670,3,D,CC,PD,D
13:54:30,PTBA,RG,3670,1,D,CC,AK,F
13:52:57,PTBA,RG,3670,3,D,CC,PD,D
13:52:50,PTBA,RG,3670,2,D,CC,AT,D
13:52:07,PTBA,RG,3670,1,D,CC,XL,D
13:50:34,PTBA,RG,3670,1,D,CC,LG,D
13:50:04,PTBA,RG,3670,1,D,CC,EP,D
13:50:00,PTBA,RG,3670,1,D,CC,AK,F
13:49:57,PTBA,RG,3680,5,D,PD,GR,D
13:48:02,PTBA,RG,3670,1,D,CC,YP,D
13:47:00,PTBA,RG,3670,1,D,CC,AK,F
13:46:41,PTBA,RG,3670,65,D,CC,BB,D
13:46:40,PTBA,RG,3670,5,D,CC,PD,D
13:46:15,PTBA,RG,3670,10,D,CC,YP,D
13:44:23,PTBA,RG,3670,18,D,CC,YU,F
13:44:08,PTBA,RG,3670,16,D,CC,YU,F
13:43:50,PTBA,RG,3670,213,D,CC,YP,D
13:43:50,PTBA,RG,3670,5,F,CS,YP,D
13:43:50,PTBA,RG,3670,3,D,KK,YP,D
13:43:50,PTBA,RG,3670,5,D,KK,YP,D
13:43:50,PTBA,RG,3670,25,D,KK,YP,D
13:43:50,PTBA,RG,3670,5,F,CS,YP,D
13:43:50,PTBA,RG,3670,10,D,CC,YP,D
13:43:50,PTBA,RG,3670,1,D,KK,YP,D
13:43:50,PTBA,RG,3670,10,D,CC,YP,D
13:43:50,PTBA,RG,3670,25,D,AZ,YP,D
13:43:50,PTBA,RG,3670,1,D,AI,YP,D
13:43:50,PTBA,RG,3670,1,D,XC,YP,D
13:43:50,PTBA,RG,3670,5,D,XC,YP,D
13:43:50,PTBA,RG,3670,7,D,NI,YP,D
13:43:50,PTBA,RG,3670,1,D,PD,YP,D
13:43:50,PTBA,RG,3670,1,D,NI,YP,D
13:43:50,PTBA,RG,3670,9,D,OD,YP,D
13:43:50,PTBA,RG,3670,2,D,XL,YP,D
13:43:50,PTBA,RG,3670,10,D,CC,YP,D
13:43:50,PTBA,RG,3670,500,D,YP,YP,D
13:43:50,PTBA,RG,3670,13,D,CC,YP,D
13:43:50,PTBA,RG,3670,5,D,CC,YP,D
13:43:50,PTBA,RG,3670,1,D,CC,YP,D
13:43:50,PTBA,RG,3670,7,D,XC,YP,D
13:43:50,PTBA,RG,3670,21,D,XC,YP,D
13:43:50,PTBA,RG,3670,1,D,PD,YP,D
13:43:50,PTBA,RG,3670,1,D,PD,YP,D
13:43:50,PTBA,RG,3670,15,D,PD,YP,D
13:43:50,PTBA,RG,3670,1,D,YP,YP,D
13:43:50,PTBA,RG,3670,10,D,PD,YP,D
13:43:50,PTBA,RG,3670,1,D,CC,YP,D
13:43:50,PTBA,RG,3670,2,D,AT,YP,D
13:43:50,PTBA,RG,3670,1,D,PD,YP,D
13:43:50,PTBA,RG,3670,2,D,LG,YP,D
13:43:50,PTBA,RG,3670,8,D,PD,YP,D
13:43:50,PTBA,RG,3670,1,D,KK,YP,D
13:43:50,PTBA,RG,3670,5,D,KK,YP,D
13:43:50,PTBA,RG,3670,5,D,PD,YP,D
13:43:50,PTBA,RG,3670,1,D,KK,YP,D
13:43:50,PTBA,RG,3670,1,D,MK,YP,D
13:43:50,PTBA,RG,3670,10,D,EP,YP,D
13:43:50,PTBA,RG,3670,5,D,YU,YP,D
13:43:50,PTBA,RG,3670,1,D,AI,YP,D
13:43:50,PTBA,RG,3670,1,D,XC,YP,D
13:43:50,PTBA,RG,3670,2,D,YP,YP,D
13:43:50,PTBA,RG,3670,5,D,DH,YP,D
13:43:50,PTBA,RG,3670,2,D,NI,YP,D
13:43:50,PTBA,RG,3670,1,D,YP,YP,D
13:43:50,PTBA,RG,3670,32,D,NI,YP,D
13:43:45,PTBA,RG,3670,1,D,NI,AK,F
13:42:49,PTBA,RG,3670,100,D,NI,FS,D
13:42:46,PTBA,RG,3670,9,D,NI,AK,F
13:42:36,PTBA,RG,3670,96,D,NI,AK,F
13:42:36,PTBA,RG,3670,262,D,NI,GR,D
13:42:36,PTBA,RG,3670,4,D,PD,GR,D
13:42:36,PTBA,RG,3670,5,D,YP,GR,D
13:42:36,PTBA,RG,3670,10,D,DH,GR,D
13:42:36,PTBA,RG,3670,1,D,NI,GR,D
13:42:36,PTBA,RG,3670,3,D,YP,GR,D
13:42:36,PTBA,RG,3670,1,D,SQ,GR,D
13:42:36,PTBA,RG,3670,50,D,CP,GR,D
13:42:36,PTBA,RG,3670,1,D,XA,GR,D
13:42:36,PTBA,RG,3670,1,D,PD,GR,D
13:42:36,PTBA,RG,3670,20,D,AT,GR,D
13:42:36,PTBA,RG,3670,1,D,XC,GR,D
13:42:36,PTBA,RG,3670,1,D,SQ,GR,D
13:42:36,PTBA,RG,3670,25,D,IU,GR,D
13:42:36,PTBA,RG,3670,50,D,PD,GR,D
13:42:36,PTBA,RG,3670,11,D,PD,GR,D
13:42:36,PTBA,RG,3670,1,D,XC,GR,D
13:42:36,PTBA,RG,3670,5,D,PD,GR,D
13:42:36,PTBA,RG,3670,2,D,PD,GR,D
13:42:36,PTBA,RG,3670,1,D,BQ,GR,D
13:42:36,PTBA,RG,3670,3,D,YP,GR,D
13:42:36,PTBA,RG,3670,5,D,SQ,GR,D
13:42:36,PTBA,RG,3670,2,D,NI,GR,D
13:42:36,PTBA,RG,3670,1,D,NI,GR,D
13:42:36,PTBA,RG,3670,1,D,XC,GR,D
13:42:36,PTBA,RG,3670,60,D,PD,GR,D
13:42:36,PTBA,RG,3670,60,D,DH,GR,D
13:42:36,PTBA,RG,3670,8,D,PD,GR,D
13:42:36,PTBA,RG,3670,20,D,AT,GR,D
13:42:36,PTBA,RG,3670,10,D,SQ,GR,D
13:42:36,PTBA,RG,3670,1,D,XC,GR,D
13:42:36,PTBA,RG,3670,1,D,YP,GR,D
13:42:36,PTBA,RG,3670,10,D,PD,GR,D
13:42:36,PTBA,RG,3670,613,D,YP,GR,D
13:38:21,PTBA,RG,3670,100,D,YP,FS,D
13:37:51,PTBA,RG,3670,1,D,YP,GR,D
13:37:12,PTBA,RG,3670,30,D,YP,GR,D
13:36:54,PTBA,RG,3680,4,F,CS,GR,D
13:36:54,PTBA,RG,3680,1,D,CC,GR,D
13:36:54,PTBA,RG,3680,8,F,CS,GR,D
13:36:54,PTBA,RG,3680,1,F,CS,GR,D
13:36:54,PTBA,RG,3680,1,D,PD,GR,D
13:36:54,PTBA,RG,3680,3,D,DR,GR,D
13:36:54,PTBA,RG,3680,2,D,PD,GR,D
13:36:54,PTBA,RG,3680,3,F,CS,GR,D
13:36:54,PTBA,RG,3680,10,D,YP,GR,D
13:36:54,PTBA,RG,3680,11,F,CS,GR,D
13:36:54,PTBA,RG,3680,169,D,YP,GR,D
13:36:54,PTBA,RG,3680,8,F,CS,GR,D
13:36:54,PTBA,RG,3680,3,D,CC,GR,D
13:36:54,PTBA,RG,3680,10,D,CC,GR,D
13:36:54,PTBA,RG,3680,2,D,XC,GR,D
13:36:54,PTBA,RG,3680,1,D,XC,GR,D
13:36:54,PTBA,RG,3680,1,D,XC,GR,D
13:36:54,PTBA,RG,3680,1,D,XC,GR,D
13:36:54,PTBA,RG,3680,10,D,YP,GR,D
13:36:54,PTBA,RG,3680,40,D,XL,GR,D
13:36:54,PTBA,RG,3680,2,D,XC,GR,D
13:36:54,PTBA,RG,3680,20,D,CC,GR,D
13:36:54,PTBA,RG,3680,5,D,CC,GR,D
13:36:54,PTBA,RG,3680,2,D,CC,GR,D
13:36:54,PTBA,RG,3680,1,D,XC,GR,D
13:36:54,PTBA,RG,3680,1,D,YP,GR,D
13:36:54,PTBA,RG,3680,1,D,PD,GR,D
13:36:54,PTBA,RG,3680,10,D,PD,GR,D
13:36:54,PTBA,RG,3680,1,D,PD,GR,D
13:36:54,PTBA,RG,3680,30,D,CC,GR,D
13:36:54,PTBA,RG,3680,3,D,CC,GR,D
13:36:54,PTBA,RG,3680,1,D,PD,GR,D
13:36:54,PTBA,RG,3680,5,F,YU,GR,D
13:36:54,PTBA,RG,3680,1,D,KK,GR,D
13:36:54,PTBA,RG,3680,20,D,EP,GR,D
13:36:54,PTBA,RG,3680,3,D,NI,GR,D
13:36:54,PTBA,RG,3680,1,D,SQ,GR,D
13:36:54,PTBA,RG,3680,8,D,PD,GR,D
13:36:54,PTBA,RG,3680,1,D,EP,GR,D
13:36:54,PTBA,RG,3680,60,D,EP,GR,D
13:36:54,PTBA,RG,3680,1000,D,RF,GR,D
13:36:54,PTBA,RG,3680,2,D,EP,GR,D
13:36:54,PTBA,RG,3680,10,D,NI,GR,D
13:36:54,PTBA,RG,3680,1,D,CC,GR,D
13:36:54,PTBA,RG,3680,1,D,XC,GR,D
13:36:54,PTBA,RG,3680,100,D,PD,GR,D
13:36:54,PTBA,RG,3680,1,D,PD,GR,D
13:36:54,PTBA,RG,3680,1,D,CC,GR,D
13:36:54,PTBA,RG,3680,1,D,OD,GR,D
13:36:54,PTBA,RG,3680,10,D,SQ,GR,D
13:36:54,PTBA,RG,3680,3,D,DR,GR,D
13:36:54,PTBA,RG,3680,5,D,YP,GR,D
13:36:54,PTBA,RG,3680,1,D,BQ,GR,D
13:36:54,PTBA,RG,3680,25,D,AT,GR,D
13:36:54,PTBA,RG,3680,11,D,PD,GR,D
13:36:54,PTBA,RG,3680,25,D,PD,GR,D
13:36:54,PTBA,RG,3680,1,D,PD,GR,D
13:36:54,PTBA,RG,3680,5,D,YP,GR,D
13:36:54,PTBA,RG,3680,25,D,IU,GR,D
13:36:54,PTBA,RG,3680,1,D,XC,GR,D
13:36:54,PTBA,RG,3680,2,F,CS,GR,D
13:36:54,PTBA,RG,3680,3,F,CS,GR,D
13:36:54,PTBA,RG,3680,152,D,IF,GR,D
13:35:57,PTBA,RG,3680,4,D,IF,XL,D
13:32:09,PTBA,RG,3680,8,D,IF,PD,D
13:31:23,PTBA,RG,3680,1,D,IF,FZ,D
13:30:58,PTBA,RG,3680,1,D,IF,XL,D
13:30:32,PTBA,RG,3680,100,D,IF,FS,D
13:30:06,PTBA,RG,3680,14,D,IF,XC,D
13:30:04,PTBA,RG,3680,1,D,IF,AK,F
13:30:03,PTBA,RG,3680,1,D,IF,XL,D
13:30:02,PTBA,RG,3680,1,D,IF,OD,D
13:30:02,PTBA,RG,3680,6,D,IF,YP,D
13:30:02,PTBA,RG,3680,60,D,IF,XC,D
13:30:02,PTBA,RG,3680,7,D,IF,XC,D
13:30:02,PTBA,RG,3690,1,D,XC,YP,D
13:30:02,PTBA,RG,3680,73,D,IF,XC,D
13:30:02,PTBA,RG,3680,1,D,IF,XC,D
13:30:02,PTBA,RG,3680,1,D,IF,XC,D
13:30:02,PTBA,RG,3680,4,D,IF,XC,D
13:30:02,PTBA,RG,3680,7,D,IF,XC,D
13:30:02,PTBA,RG,3690,1,D,XC,YP,D
13:30:02,PTBA,RG,3690,3,D,XC,YP,D
13:30:01,PTBA,RG,3680,10,D,IF,XL,D
13:30:01,PTBA,RG,3680,2,D,IF,PD,D
13:30:01,PTBA,RG,3680,2,D,IF,CC,D
13:30:01,PTBA,RG,3680,2,D,IF,PD,D
13:30:01,PTBA,RG,3680,22,D,IF,YP,D
13:30:01,PTBA,RG,3680,1,D,IF,PD,D
13:30:01,PTBA,RG,3680,3,D,IF,PD,D
13:30:01,PTBA,RG,3690,2,F,CS,YP,D
13:30:01,PTBA,RG,3690,2,F,CS,YP,D
13:30:01,PTBA,RG,3690,2,F,CS,YP,D
13:30:01,PTBA,RG,3690,26,F,CS,DH,D
13:30:01,PTBA,RG,3690,7,D,SQ,DH,D
13:30:00,PTBA,RG,3680,1,D,IF,EP,D
13:30:00,PTBA,RG,3680,62,D,IF,EP,D
11:29:44,PTBA,RG,3680,1,D,IF,BB,D
11:28:51,PTBA,RG,3680,1,D,IF,BB,D
11:27:20,PTBA,RG,3680,1,D,IF,BB,D
11:26:40,PTBA,RG,3690,1,D,PD,DH,D
11:26:17,PTBA,RG,3690,66,D,PD,DH,D
11:26:17,PTBA,RG,3690,5,D,PD,SQ,D
11:26:17,PTBA,RG,3690,7,D,PD,PD,D
11:26:17,PTBA,RG,3690,1,D,PD,YP,D
11:26:17,PTBA,RG,3690,1,D,PD,YP,D
11:26:17,PTBA,RG,3690,4,D,PD,NI,D
11:26:17,PTBA,RG,3690,116,D,PD,BK,F
11:25:40,PTBA,RG,3690,3,D,DX,BK,F
11:25:34,PTBA,RG,3680,1,D,IF,AK,F
11:25:19,PTBA,RG,3690,1,D,XC,BK,F
11:24:29,PTBA,RG,3690,1,D,XL,BK,F
11:24:18,PTBA,RG,3690,1,D,PD,BK,F
11:24:06,PTBA,RG,3690,5,D,YP,BK,F
11:23:56,PTBA,RG,3690,5,D,YP,BK,F
11:23:52,PTBA,RG,3690,27,D,NI,BK,F
11:22:47,PTBA,RG,3690,2,D,CC,BK,F
11:21:59,PTBA,RG,3690,5,D,PD,BK,F
11:21:14,PTBA,RG,3690,3,D,CC,BK,F
11:21:11,PTBA,RG,3680,10,D,IF,PD,D
11:21:01,PTBA,RG,3680,78,D,IF,YP,D
11:20:42,PTBA,RG,3680,10,D,IF,NI,D
11:20:35,PTBA,RG,3680,1,D,IF,YP,D
11:20:08,PTBA,RG,3680,3,D,IF,YP,D
11:18:53,PTBA,RG,3680,179,D,IF,AK,F
11:18:32,PTBA,RG,3680,12,D,IF,CC,D
11:18:02,PTBA,RG,3680,1,D,IF,PD,D
11:18:00,PTBA,RG,3680,128,D,IF,EP,D
11:17:49,PTBA,RG,3680,500,D,IF,YP,D
11:17:49,PTBA,RG,3680,1,D,IF,XC,D
11:17:49,PTBA,RG,3680,11,D,IF,BB,D
11:17:49,PTBA,RG,3680,100,D,IF,AT,D
11:17:49,PTBA,RG,3680,25,D,IF,YU,D
11:17:49,PTBA,RG,3680,1,D,IF,AK,F
11:17:49,PTBA,RG,3680,370,D,IF,CC,D
11:17:49,PTBA,RG,3680,15,D,IF,YP,D
11:17:49,PTBA,RG,3680,4,D,IF,CC,F
11:17:47,PTBA,RG,3670,12,D,YP,PD,D
11:16:49,PTBA,RG,3680,3,D,NI,DX,D
11:16:28,PTBA,RG,3670,1,D,YP,XC,D
11:16:11,PTBA,RG,3670,19,D,YP,XC,D
11:16:04,PTBA,RG,3670,1,D,YP,XC,D
11:16:01,PTBA,RG,3680,1,D,YP,DX,D
11:15:54,PTBA,RG,3680,1,D,XL,DX,D
11:15:54,PTBA,RG,3680,1,D,XL,BB,D
11:15:54,PTBA,RG,3680,8,D,XL,TP,D
11:15:06,PTBA,RG,3680,1,D,YP,TP,D
11:14:54,PTBA,RG,3680,1,D,XC,TP,D
11:14:51,PTBA,RG,3680,28,D,KK,YU,D
11:14:45,PTBA,RG,3680,10,D,YP,YU,D
11:13:55,PTBA,RG,3670,12,D,YP,PD,D
11:13:42,PTBA,RG,3670,1,D,YP,PD,D
11:13:35,PTBA,RG,3680,1,D,NI,YU,D
11:13:30,PTBA,RG,3670,198,D,YP,SQ,D
11:12:36,PTBA,RG,3680,1,D,NI,YU,D
11:12:25,PTBA,RG,3680,3,D,NI,YU,D
11:12:01,PTBA,RG,3680,1,D,PD,YU,D
11:11:35,PTBA,RG,3680,1,D,SQ,YU,D
11:11:25,PTBA,RG,3680,5,D,XC,YU,D
11:11:25,PTBA,RG,3680,1,D,XC,SQ,D
11:11:25,PTBA,RG,3680,4,D,XC,CC,F
11:11:03,PTBA,RG,3670,1,D,YP,XC,D
11:10:45,PTBA,RG,3670,1,D,YP,SQ,D
11:09:11,PTBA,RG,3670,8,D,YP,PD,D
11:08:38,PTBA,RG,3670,2,D,YP,SQ,D
11:08:14,PTBA,RG,3680,1,D,XC,CC,F
11:07:55,PTBA,RG,3660,2,D,AZ,SQ,D
11:07:39,PTBA,RG,3660,260,D,AZ,YP,D
11:07:39,PTBA,RG,3660,2,F,CS,YP,D
11:07:39,PTBA,RG,3660,712,D,AZ,YP,D
11:07:39,PTBA,RG,3670,3,D,LS,YP,D
11:07:39,PTBA,RG,3670,1,D,YP,YP,D
11:07:39,PTBA,RG,3670,2,D,NI,YP,D
11:07:39,PTBA,RG,3670,13,D,CC,YP,D
11:07:39,PTBA,RG,3670,10,D,PD,YP,D
11:07:39,PTBA,RG,3670,2,D,KK,YP,D
11:07:39,PTBA,RG,3670,10,D,EP,YP,D
11:07:39,PTBA,RG,3670,25,D,PD,YP,D
11:07:39,PTBA,RG,3670,25,D,IU,YP,D
11:07:39,PTBA,RG,3670,1,F,CS,YP,D
11:07:39,PTBA,RG,3670,829,D,YP,YP,D
11:07:30,PTBA,RG,3670,24,D,YP,PD,D
11:07:30,PTBA,RG,3680,50,D,PD,AK,F
11:07:25,PTBA,RG,3690,4,D,XC,BK,F
11:07:02,PTBA,RG,3690,40,D,YP,BK,F
11:06:51,PTBA,RG,3670,17,D,YP,YP,D
11:06:39,PTBA,RG,3690,8,F,CS,AK,F
11:06:39,PTBA,RG,3690,84,D,YP,AK,F
11:06:39,PTBA,RG,3690,200,D,YP,TP,D
11:06:39,PTBA,RG,3690,600,D,YP,TP,D
11:06:39,PTBA,RG,3690,19,D,YP,YU,F
11:06:39,PTBA,RG,3690,4,D,YP,NI,D
11:06:39,PTBA,RG,3690,15,D,YP,YU,F
11:06:39,PTBA,RG,3690,17,D,YP,YU,F
11:06:39,PTBA,RG,3690,18,D,YP,YU,F
11:06:39,PTBA,RG,3690,18,D,YP,YU,F
11:06:39,PTBA,RG,3690,17,D,YP,YU,F
11:06:39,PTBA,RG,3690,20,D,YP,YU,F
11:06:39,PTBA,RG,3690,16,D,YP,YU,F
11:06:39,PTBA,RG,3690,15,D,YP,YU,F
11:06:39,PTBA,RG,3690,18,D,YP,YU,F
11:06:39,PTBA,RG,3690,15,D,YP,YU,F
11:06:39,PTBA,RG,3690,16,D,YP,YU,F
11:06:39,PTBA,RG,3690,20,D,YP,YU,F
11:06:39,PTBA,RG,3690,16,D,YP,YU,F
11:06:39,PTBA,RG,3690,18,D,YP,YU,F
11:06:39,PTBA,RG,3690,16,D,YP,YU,F
11:06:39,PTBA,RG,3690,2,D,YP,YP,D
11:06:39,PTBA,RG,3690,10,D,YP,SQ,D
11:06:39,PTBA,RG,3690,5,D,YP,XC,D
11:06:39,PTBA,RG,3690,1,D,YP,PD,D
11:06:39,PTBA,RG,3690,3,D,YP,PD,D
11:06:39,PTBA,RG,3690,1,D,YP,NI,D
11:06:39,PTBA,RG,3690,3,D,YP,KK,D
11:06:39,PTBA,RG,3690,7,D,YP,YP,D
11:06:39,PTBA,RG,3690,5,D,YP,XC,D
11:06:39,PTBA,RG,3690,40,D,YP,AT,D
11:06:39,PTBA,RG,3690,30,D,YP,YP,D
11:06:39,PTBA,RG,3690,2,D,YP,PD,D
11:06:39,PTBA,RG,3690,34,D,YP,PD,D
11:06:39,PTBA,RG,3690,5,D,YP,CC,D
11:06:39,PTBA,RG,3690,7,D,YP,PD,D
11:06:39,PTBA,RG,3690,1,D,YP,PD,D
11:06:39,PTBA,RG,3690,3,D,YP,PD,D
11:06:39,PTBA,RG,3690,300,D,YP,CC,D
11:06:39,PTBA,RG,3690,15,D,YP,KK,D
11:06:39,PTBA,RG,3690,205,D,YP,BQ,D
11:06:39,PTBA,RG,3690,80,D,YP,PD,D
11:06:39,PTBA,RG,3690,2,D,YP,XC,D
11:06:39,PTBA,RG,3690,2,D,YP,SQ,D
11:06:39,PTBA,RG,3690,2,D,YP,SQ,D
11:06:39,PTBA,RG,3690,110,D,YP,YP,D
11:06:39,PTBA,RG,3690,1,D,YP,PD,D
11:06:39,PTBA,RG,3690,2,D,YP,XA,D
11:06:39,PTBA,RG,3690,16,D,YP,YP,D
11:06:39,PTBA,RG,3690,2,D,YP,XC,D
11:06:39,PTBA,RG,3690,28,D,YP,XL,D
11:06:39,PTBA,RG,3690,6,D,YP,XL,D
11:06:39,PTBA,RG,3680,12,D,YP,XL,D
11:06:39,PTBA,RG,3680,1,D,YP,YP,D
11:06:39,PTBA,RG,3680,20,D,YP,YP,D
11:06:39,PTBA,RG,3680,10,D,YP,YP,D
11:06:39,PTBA,RG,3680,1,D,YP,PD,D
11:06:39,PTBA,RG,3680,10,D,YP,XC,D
11:06:39,PTBA,RG,3680,100,D,YP,GR,D
11:06:39,PTBA,RG,3680,1,D,YP,GR,D
11:06:39,PTBA,RG,3680,25,D,YP,YP,D
11:06:39,PTBA,RG,3680,2,D,YP,PD,D
11:06:39,PTBA,RG,3680,124,D,YP,XC,D
11:06:39,PTBA,RG,3680,2,D,YP,XL,D
11:06:39,PTBA,RG,3680,1,D,YP,PD,D
11:06:39,PTBA,RG,3680,5,D,YP,CC,D
11:06:39,PTBA,RG,3680,5,D,YP,PD,D
11:06:39,PTBA,RG,3680,5,D,YP,YP,D
11:06:39,PTBA,RG,3680,500,D,YP,ZP,D
11:06:39,PTBA,RG,3680,8,D,YP,SQ,D
11:06:39,PTBA,RG,3680,16,D,YP,PD,D
11:06:39,PTBA,RG,3680,14,D,YP,CC,D
11:06:39,PTBA,RG,3680,27,D,YP,PD,D
11:06:39,PTBA,RG,3680,7,D,YP,XL,D
11:06:39,PTBA,RG,3680,12,D,YP,XL,D
11:06:16,PTBA,RG,3670,2,D,YP,SQ,D
11:06:12,PTBA,RG,3670,13,D,YP,SQ,D
11:06:03,PTBA,RG,3670,1,D,YP,OD,D
11:06:03,PTBA,RG,3670,114,D,YP,FS,D
11:05:57,PTBA,RG,3670,10,D,CC,FS,D
11:05:40,PTBA,RG,3660,107,D,AZ,PD,D
11:05:05,PTBA,RG,3670,20,D,AG,FS,D
11:04:55,PTBA,RG,3670,5,D,CC,FS,D
11:04:39,PTBA,RG,3670,1,D,GR,FS,D
11:04:37,PTBA,RG,3670,3,F,CS,FS,D
11:04:37,PTBA,RG,3670,1,D,AT,FS,D
11:04:37,PTBA,RG,3670,2,F,CS,FS,D
11:04:37,PTBA,RG,3670,4,F,CS,FS,D
11:04:37,PTBA,RG,3670,40,D,PD,FS,D
11:04:09,PTBA,RG,3670,1,D,PD,AK,F
11:04:09,PTBA,RG,3670,9,D,PD,BB,D
11:04:04,PTBA,RG,3670,5,D,TP,BB,D
11:04:04,PTBA,RG,3670,54,D,TP,CC,F
11:04:04,PTBA,RG,3670,1,D,TP,PD,D
11:04:04,PTBA,RG,3670,140,D,TP,BK,F
11:03:49,PTBA,RG,3670,74,D,TP,BK,F
11:03:49,PTBA,RG,3670,1,D,TP,CC,D
11:03:49,PTBA,RG,3670,16,D,TP,BB,D
11:03:49,PTBA,RG,3670,50,D,TP,NI,D
11:03:49,PTBA,RG,3670,1,D,TP,AK,F
11:03:49,PTBA,RG,3670,58,D,TP,BK,F
11:03:49,PTBA,RG,3670,1,D,XL,BK,F
11:03:42,PTBA,RG,3670,30,D,PD,BK,F
11:03:33,PTBA,RG,3670,400,D,TP,BK,F
11:03:03,PTBA,RG,3670,20,D,PD,BK,F
11:02:44,PTBA,RG,3670,50,D,YP,BK,F
11:02:32,PTBA,RG,3670,1,D,CC,BK,F
11:02:32,PTBA,RG,3670,3,D,YP,BK,F
11:02:08,PTBA,RG,3670,1,D,DH,BK,F
11:01:14,PTBA,RG,3660,6,D,AZ,BK,F
11:01:13,PTBA,RG,3660,5,D,AZ,MG,D
11:01:09,PTBA,RG,3660,6,D,AZ,XL,D
11:00:55,PTBA,RG,3670,1,D,SQ,BK,F
11:00:32,PTBA,RG,3660,20,D,AZ,XC,D
11:00:32,PTBA,RG,3670,1,D,SQ,BK,F
11:00:27,PTBA,RG,3670,10,D,NI,BK,F
11:00:21,PTBA,RG,3670,2,D,YP,BK,F
11:00:16,PTBA,RG,3660,2,D,AZ,OD,D
11:00:08,PTBA,RG,3660,4,D,AZ,OD,D
11:00:04,PTBA,RG,3660,138,D,AZ,OD,D
11:00:04,PTBA,RG,3660,4,D,XL,OD,D
11:00:04,PTBA,RG,3660,6,D,OD,OD,D
10:59:58,PTBA,RG,3660,2,D,OD,NI,D
10:59:26,PTBA,RG,3660,42,D,OD,PD,D
10:59:26,PTBA,RG,3660,1,D,SQ,PD,D
10:59:26,PTBA,RG,3660,3,D,XL,PD,D
10:59:26,PTBA,RG,3660,20,D,RG,PD,D
10:59:26,PTBA,RG,3660,3,D,PD,PD,D
10:59:26,PTBA,RG,3660,1,D,NI,PD,D
10:59:26,PTBA,RG,3660,3,D,XL,PD,D
10:59:26,PTBA,RG,3660,1,D,XC,PD,D
10:59:26,PTBA,RG,3660,10,D,OD,PD,D
10:59:26,PTBA,RG,3660,5,D,KK,PD,D
10:59:26,PTBA,RG,3660,5,D,PD,PD,D
10:59:26,PTBA,RG,3660,20,D,PD,PD,D
10:59:26,PTBA,RG,3660,5,D,PD,PD,D
10:59:26,PTBA,RG,3660,5,D,KK,PD,D
10:59:26,PTBA,RG,3660,3,D,PD,PD,D
10:59:26,PTBA,RG,3660,10,D,XL,PD,D
10:59:26,PTBA,RG,3660,1,D,XL,PD,D
10:59:26,PTBA,RG,3660,10,D,YP,PD,D
10:59:26,PTBA,RG,3660,4,D,CC,PD,D
10:59:26,PTBA,RG,3660,5,D,KK,PD,D
10:59:26,PTBA,RG,3660,1,D,YP,PD,D
10:59:26,PTBA,RG,3660,5,D,PD,PD,D
10:59:26,PTBA,RG,3660,1,D,CC,PD,D
10:59:26,PTBA,RG,3660,1,D,XC,PD,D
10:59:26,PTBA,RG,3660,5,D,YP,PD,D
10:59:26,PTBA,RG,3660,1,D,XL,PD,D
10:59:26,PTBA,RG,3660,1,D,NI,PD,D
10:59:26,PTBA,RG,3660,1,D,SQ,PD,D
10:59:26,PTBA,RG,3660,1,D,NI,PD,D
10:59:26,PTBA,RG,3660,10,D,PD,PD,D
10:59:26,PTBA,RG,3660,1,D,PD,PD,D
10:59:26,PTBA,RG,3660,9,F,CS,PD,D
10:59:26,PTBA,RG,3660,6,D,KK,PD,D
10:59:17,PTBA,RG,3670,1,D,PD,BK,F
10:59:15,PTBA,RG,3670,1,D,YP,BK,F
10:59:10,PTBA,RG,3670,20,D,SQ,BK,F
10:58:40,PTBA,RG,3670,73,D,PD,BK,F
10:58:40,PTBA,RG,3670,27,D,PD,BB,D
10:58:14,PTBA,RG,3660,2,D,KK,NI,D
10:57:59,PTBA,RG,3670,2,D,XC,BB,D
10:57:45,PTBA,RG,3670,63,D,YP,BB,D
10:57:45,PTBA,RG,3670,19,D,YP,BK,F
10:56:57,PTBA,RG,3670,1,D,YP,BK,F
10:56:51,PTBA,RG,3660,2,D,KK,DX,D
10:56:51,PTBA,RG,3660,1,D,PD,DX,D
10:56:51,PTBA,RG,3660,1,D,LG,DX,D
10:56:36,PTBA,RG,3670,1,D,NI,BK,F
10:56:19,PTBA,RG,3670,1,D,YP,BK,F
10:56:01,PTBA,RG,3670,1,D,PD,BK,F
10:55:58,PTBA,RG,3660,1,D,LG,NI,D
10:55:37,PTBA,RG,3670,70,D,PD,BK,F
10:55:28,PTBA,RG,3670,5,D,SQ,BK,F
10:54:47,PTBA,RG,3670,7,D,PD,BK,F
10:54:47,PTBA,RG,3670,193,D,PD,FS,D
10:54:23,PTBA,RG,3670,7,D,SQ,FS,D
10:54:23,PTBA,RG,3670,1,D,SQ,BB,D
10:54:16,PTBA,RG,3660,1,D,LG,NI,D
10:54:09,PTBA,RG,3670,3,D,XL,AK,F
10:53:47,PTBA,RG,3670,12,D,SQ,AK,F
10:53:42,PTBA,RG,3670,1,D,YP,AK,F
10:53:42,PTBA,RG,3670,2,D,XC,AK,F
10:53:32,PTBA,RG,3670,2,D,NI,AK,F
10:53:02,PTBA,RG,3670,2,F,CS,AK,F
10:53:02,PTBA,RG,3670,4,F,CS,AK,F
10:53:02,PTBA,RG,3670,9,D,IP,AK,F
10:53:02,PTBA,RG,3670,483,D,IP,CC,D
10:52:54,PTBA,RG,3670,44,D,IP,BK,F
10:52:54,PTBA,RG,3670,214,D,IP,BK,F
10:52:54,PTBA,RG,3670,16,D,IP,YU,F
10:52:54,PTBA,RG,3670,47,D,IP,BK,F
10:52:54,PTBA,RG,3670,9,D,IP,NI,D
10:52:54,PTBA,RG,3670,1,D,IP,CC,D
10:52:54,PTBA,RG,3670,3,D,IP,IF,D
10:52:54,PTBA,RG,3670,10,D,IP,SQ,D
10:52:54,PTBA,RG,3670,20,D,IP,YU,F
10:52:54,PTBA,RG,3670,1,D,IP,AK,F
10:52:54,PTBA,RG,3670,52,D,IP,BB,D
10:52:54,PTBA,RG,3670,1,D,IP,PD,D
10:52:54,PTBA,RG,3670,65,D,IP,BK,F
10:52:54,PTBA,RG,3670,25,D,IP,FS,D
10:52:28,PTBA,RG,3670,1,D,NI,FS,D
10:51:59,PTBA,RG,3660,2,D,LG,XL,D
10:51:59,PTBA,RG,3660,4,D,PD,XL,D
10:51:59,PTBA,RG,3660,5,D,PD,XL,D
10:51:59,PTBA,RG,3660,8,D,XC,XL,D
10:51:59,PTBA,RG,3660,50,D,CC,XL,D
10:51:59,PTBA,RG,3660,2,D,AZ,XL,D
10:51:59,PTBA,RG,3660,5,F,CS,XL,D
10:51:54,PTBA,RG,3670,7,D,CC,FS,D
10:51:45,PTBA,RG,3670,10,D,XL,FS,D
10:51:38,PTBA,RG,3660,4,F,CS,XC,D
10:51:38,PTBA,RG,3660,7,D,PD,XC,D
10:51:30,PTBA,RG,3670,1,D,XC,FS,D
10:50:53,PTBA,RG,3670,1,D,CC,FS,D
10:50:51,PTBA,RG,3660,43,D,PD,PD,D
10:50:51,PTBA,RG,3660,9,D,CC,PD,D
10:50:45,PTBA,RG,3670,3,F,CS,FS,D
10:49:16,PTBA,RG,3670,25,D,NI,FS,D
10:49:14,PTBA,RG,3670,3,F,CS,FS,D
10:48:57,PTBA,RG,3670,1,D,XL,FS,D
10:48:08,PTBA,RG,3670,5,D,YP,FS,D
10:47:54,PTBA,RG,3670,1,D,BQ,FS,D
10:47:20,PTBA,RG,3670,2,D,XC,FS,D
10:47:12,PTBA,RG,3670,1,D,BQ,FS,D
10:47:09,PTBA,RG,3670,1,D,BQ,FS,D
10:46:45,PTBA,RG,3670,1,D,DH,FS,D
10:46:13,PTBA,RG,3670,11,D,CC,FS,D
10:45:53,PTBA,RG,3670,50,D,CC,FS,D
10:45:42,PTBA,RG,3660,2,D,CC,XL,D
10:44:29,PTBA,RG,3660,39,D,CC,EP,D
10:44:29,PTBA,RG,3660,22,D,KI,EP,D
10:43:56,PTBA,RG,3660,1,D,KI,YP,D
10:43:45,PTBA,RG,3660,15,D,KI,XL,D
10:43:44,PTBA,RG,3670,1,D,CC,FS,D
10:43:41,PTBA,RG,3670,50,D,CC,FS,D
10:43:41,PTBA,RG,3670,10,D,CC,SQ,D
10:43:41,PTBA,RG,3670,5,D,CC,PD,D
10:43:41,PTBA,RG,3670,3,D,CC,PD,D
10:43:41,PTBA,RG,3670,15,D,CC,CC,F
10:43:41,PTBA,RG,3670,10,D,CC,PD,D
10:43:41,PTBA,RG,3670,10,D,CC,YP,D
10:43:41,PTBA,RG,3670,12,D,CC,BK,F
10:43:41,PTBA,RG,3670,1,D,CC,AK,F
10:43:41,PTBA,RG,3670,44,D,CC,BB,D
10:43:37,PTBA,RG,3670,15,D,YP,BB,D
10:43:16,PTBA,RG,3670,1,D,OD,BB,D
10:42:49,PTBA,RG,3670,3,D,NI,BB,D
10:42:24,PTBA,RG,3670,10,D,NI,BB,D
10:41:29,PTBA,RG,3670,10,D,CC,BB,D
10:41:22,PTBA,RG,3670,12,D,YP,BB,D
10:41:22,PTBA,RG,3670,188,D,YP,BK,F
10:40:26,PTBA,RG,3670,11,D,CC,BK,F
10:39:49,PTBA,RG,3670,10,D,YU,BK,F
10:39:39,PTBA,RG,3670,10,D,PD,BK,F
10:39:27,PTBA,RG,3670,1,D,PD,BK,F
10:39:17,PTBA,RG,3670,1,D,YP,BK,F
10:38:43,PTBA,RG,3660,12,D,KI,CC,D
10:38:43,PTBA,RG,3660,1,D,PD,CC,D
10:38:43,PTBA,RG,3660,1,D,DH,CC,D
10:38:43,PTBA,RG,3660,2,D,DR,CC,D
10:38:43,PTBA,RG,3660,1,D,XL,CC,D
10:38:43,PTBA,RG,3660,7,F,CS,CC,D
10:38:43,PTBA,RG,3660,1,D,PD,CC,D
10:38:37,PTBA,RG,3670,1,D,NI,BK,F
10:38:24,PTBA,RG,3670,1,D,NI,BK,F
10:37:41,PTBA,RG,3660,2,D,PD,BK,F
10:37:41,PTBA,RG,3660,7,D,PD,BK,F
10:37:41,PTBA,RG,3660,20,D,PD,BK,F
10:37:41,PTBA,RG,3660,20,D,LG,BK,F
10:37:41,PTBA,RG,3660,11,D,XL,BK,F
10:37:41,PTBA,RG,3660,10,D,PD,BK,F
10:37:41,PTBA,RG,3660,1,D,YP,BK,F
10:37:41,PTBA,RG,3660,5,D,XC,BK,F
10:37:41,PTBA,RG,3660,10,D,NI,BK,F
10:37:41,PTBA,RG,3660,1,D,KK,BK,F
10:37:41,PTBA,RG,3660,10,D,XC,BK,F
10:37:41,PTBA,RG,3660,3,D,PD,BK,F
10:37:41,PTBA,RG,3660,1,D,PD,BK,F
10:37:41,PTBA,RG,3660,3,D,EP,BK,F
10:37:41,PTBA,RG,3660,1,D,CC,BK,F
10:37:41,PTBA,RG,3660,3,D,YP,BK,F
10:37:41,PTBA,RG,3660,2,D,YP,BK,F
10:37:41,PTBA,RG,3660,1,D,YP,BK,F
10:37:41,PTBA,RG,3660,2,D,PD,BK,F
10:37:41,PTBA,RG,3660,3,D,PD,BK,F
10:37:41,PTBA,RG,3660,10,F,CS,BK,F
10:37:41,PTBA,RG,3660,3,D,PD,BK,F
10:37:41,PTBA,RG,3660,50,D,YP,BK,F
10:37:41,PTBA,RG,3660,10,D,XC,BK,F
10:37:41,PTBA,RG,3660,1,D,NI,BK,F
10:37:41,PTBA,RG,3660,4,D,NI,BK,F
10:37:41,PTBA,RG,3660,3,F,CS,BK,F
10:37:41,PTBA,RG,3680,2,F,CS,XL,D
10:37:40,PTBA,RG,3670,10,F,AK,PD,D
10:37:40,PTBA,RG,3670,25,F,AK,NI,D
10:37:40,PTBA,RG,3670,2,F,AK,YP,D
10:37:40,PTBA,RG,3670,18,F,AK,YP,D
10:37:40,PTBA,RG,3670,7,F,AK,XC,D
10:37:40,PTBA,RG,3670,20,F,AK,YU,F
10:37:40,PTBA,RG,3670,10,F,AK,YP,D
10:37:40,PTBA,RG,3670,14,F,AK,KK,D
10:37:40,PTBA,RG,3670,5,F,AK,BK,F
10:37:40,PTBA,RG,3670,2,F,AK,NI,D
10:37:40,PTBA,RG,3670,2,F,AK,EP,D
10:37:40,PTBA,RG,3670,5,F,AK,AZ,D
10:37:40,PTBA,RG,3670,50,F,AK,YP,D
10:37:40,PTBA,RG,3670,1,F,AK,KK,D
10:37:40,PTBA,RG,3670,100,F,AK,CC,D
10:37:40,PTBA,RG,3670,17,F,AK,YU,F
10:37:40,PTBA,RG,3670,13,F,AK,XC,D
10:37:40,PTBA,RG,3670,1,F,AK,AK,F
10:37:40,PTBA,RG,3670,1,F,AK,PD,D
10:37:40,PTBA,RG,3670,21,F,AK,YU,F
10:37:40,PTBA,RG,3670,1,F,AK,YP,D
10:37:40,PTBA,RG,3670,5,F,AK,NI,D
10:37:40,PTBA,RG,3670,10,F,AK,SQ,D
10:37:40,PTBA,RG,3670,19,F,AK,YU,F
10:37:40,PTBA,RG,3670,1,F,AK,AK,F
10:37:40,PTBA,RG,3670,103,F,AK,DX,D
10:37:40,PTBA,RG,3670,30,F,AK,AG,D
10:37:40,PTBA,RG,3670,20,F,AK,LG,D
10:37:40,PTBA,RG,3670,1,F,AK,AK,F
10:37:40,PTBA,RG,3670,30,F,AK,BK,F
10:37:40,PTBA,RG,3670,96,D,KK,BK,F
10:37:40,PTBA,RG,3670,3,D,KK,EP,D
10:37:40,PTBA,RG,3670,214,D,KK,BK,F
10:37:40,PTBA,RG,3670,18,D,KK,YU,F
10:37:40,PTBA,RG,3670,221,D,KK,BK,F
10:37:40,PTBA,RG,3670,4,D,KK,KK,D
10:37:40,PTBA,RG,3670,24,D,KK,BB,D
10:37:40,PTBA,RG,3670,50,D,KK,AZ,D
10:37:40,PTBA,RG,3670,128,D,KK,BK,F
10:37:40,PTBA,RG,3670,65,D,KK,YP,D
10:37:40,PTBA,RG,3670,3,D,KK,CC,D
10:37:40,PTBA,RG,3670,50,D,KK,CC,D
10:37:40,PTBA,RG,3670,100,D,KK,NI,D
10:37:40,PTBA,RG,3670,5,D,KK,PD,D
10:37:40,PTBA,RG,3670,19,D,KK,BK,F
10:37:36,PTBA,RG,3660,1,F,CS,NI,D
10:37:23,PTBA,RG,3670,5,D,PD,BK,F
10:37:01,PTBA,RG,3670,1,D,DH,BK,F
10:36:55,PTBA,RG,3670,10,D,YU,BK,F
10:36:38,PTBA,RG,3670,11,D,XC,BK,F
10:36:03,PTBA,RG,3670,14,F,CS,BK,F
10:36:01,PTBA,RG,3670,13,D,YP,BK,F
10:35:30,PTBA,RG,3670,1,D,XC,BK,F
10:33:58,PTBA,RG,3660,1,F,CS,NI,D
10:33:29,PTBA,RG,3670,2,D,AZ,BK,F
10:33:13,PTBA,RG,3660,2,F,CS,EP,D
10:33:11,PTBA,RG,3670,2,D,YP,BK,F
10:32:43,PTBA,RG,3660,1,F,CS,PD,D
10:32:43,PTBA,RG,3660,9,D,PD,PD,D
10:32:42,PTBA,RG,3670,5,D,YP,BK,F
10:32:41,PTBA,RG,3670,5,D,KK,BK,F
10:32:36,PTBA,RG,3670,2,D,NI,BK,F
10:32:34,PTBA,RG,3670,2,D,PD,BK,F
10:31:53,PTBA,RG,3670,3,D,YP,BK,F
10:31:39,PTBA,RG,3670,2,D,PD,BK,F
10:31:34,PTBA,RG,3660,1,D,PD,AK,F
10:31:30,PTBA,RG,3660,1,D,YP,XC,D
10:31:14,PTBA,RG,3670,8,D,XC,BK,F
10:31:14,PTBA,RG,3670,5,D,XC,FS,D
10:31:13,PTBA,RG,3670,1,D,LG,FS,D
10:30:40,PTBA,RG,3670,2,D,XC,FS,D
10:29:49,PTBA,RG,3660,1,D,XC,XC,D
10:29:12,PTBA,RG,3660,1,D,YP,EP,D
10:28:50,PTBA,RG,3660,1,D,XC,EP,D
10:28:50,PTBA,RG,3660,2,D,XC,EP,D
10:28:06,PTBA,RG,3670,1,D,PD,FS,D
10:27:55,PTBA,RG,3670,2,D,DX,FS,D
10:27:51,PTBA,RG,3660,1,D,XC,BB,D
10:27:51,PTBA,RG,3660,1,D,XC,BB,D
10:27:51,PTBA,RG,3660,7,D,CC,BB,D
10:26:57,PTBA,RG,3670,1,D,XC,FS,D
10:26:44,PTBA,RG,3670,2,D,PD,FS,D
10:26:06,PTBA,RG,3660,18,D,CC,BK,F
10:26:06,PTBA,RG,3660,10,F,CS,BK,F
10:26:06,PTBA,RG,3660,88,D,GR,BK,F
10:26:03,PTBA,RG,3670,86,D,CC,FS,D
10:26:03,PTBA,RG,3670,100,D,CC,CC,D
10:26:03,PTBA,RG,3670,10,D,CC,PD,D
10:26:03,PTBA,RG,3670,100,D,CC,FS,D
10:26:03,PTBA,RG,3670,30,D,CC,NI,D
10:26:03,PTBA,RG,3670,6,D,CC,XC,D
10:26:03,PTBA,RG,3670,14,D,CC,YP,D
10:26:03,PTBA,RG,3670,8,D,CC,XL,D
10:26:03,PTBA,RG,3670,15,D,CC,XC,D
10:26:03,PTBA,RG,3670,131,D,CC,BK,F
10:25:02,PTBA,RG,3660,3,D,GR,AT,D
10:24:59,PTBA,RG,3670,4,D,CC,BK,F
10:24:47,PTBA,RG,3660,14,D,GR,BK,F
10:24:40,PTBA,RG,3660,39,D,GR,BK,F
10:24:37,PTBA,RG,3660,239,D,GR,XC,D
10:24:32,PTBA,RG,3670,1,D,PD,BK,F
10:24:27,PTBA,RG,3660,1,D,GR,XC,D
10:23:25,PTBA,RG,3670,10,F,CS,BK,F
10:23:25,PTBA,RG,3670,5,F,CS,XA,D
10:23:25,PTBA,RG,3670,3,F,CS,NI,D
10:23:09,PTBA,RG,3670,1,D,NI,NI,D
10:21:47,PTBA,RG,3660,5,D,GR,XL,D
10:21:10,PTBA,RG,3660,2,D,GR,XC,D
10:21:09,PTBA,RG,3670,1,D,CC,NI,D
10:19:40,PTBA,RG,3670,1,D,XC,NI,D
10:18:18,PTBA,RG,3670,1,D,XL,NI,D
10:18:09,PTBA,RG,3670,2,D,XL,CC,F
10:17:55,PTBA,RG,3670,3,D,XL,CC,F
10:16:31,PTBA,RG,3660,1,D,GR,YP,D
10:16:25,PTBA,RG,3670,3,D,XC,CC,F
10:16:11,PTBA,RG,3670,1,D,NI,CC,F
10:15:46,PTBA,RG,3670,28,F,CS,CC,F
10:15:10,PTBA,RG,3660,6,D,GR,XL,D
10:14:18,PTBA,RG,3660,13,D,GR,HP,D
10:13:10,PTBA,RG,3670,7,D,YP,CC,F
10:13:10,PTBA,RG,3670,10,D,YP,KK,D
10:13:10,PTBA,RG,3670,10,D,YP,XC,D
10:13:10,PTBA,RG,3670,30,D,YP,PD,D
10:13:10,PTBA,RG,3670,10,D,YP,CC,D
10:13:10,PTBA,RG,3670,16,D,YP,BK,F
10:13:02,PTBA,RG,3670,4,D,PD,BK,F
10:12:34,PTBA,RG,3670,1,D,CC,BK,F
10:11:10,PTBA,RG,3670,1,D,XL,BK,F
10:10:43,PTBA,RG,3670,1,D,NI,BK,F
10:10:36,PTBA,RG,3670,3,D,CC,BK,F
10:09:36,PTBA,RG,3670,1,D,NI,BK,F
10:08:51,PTBA,RG,3670,187,D,CC,BK,F
10:08:51,PTBA,RG,3670,1,D,CC,XC,D
10:08:51,PTBA,RG,3670,5,D,CC,PD,D
10:08:51,PTBA,RG,3670,7,D,CC,BK,F
10:08:51,PTBA,RG,3670,1,D,PD,BK,F
10:08:19,PTBA,RG,3660,2,D,GR,AK,F
10:08:09,PTBA,RG,3670,13,D,PD,BK,F
10:08:00,PTBA,RG,3670,1,D,XC,BK,F
10:07:53,PTBA,RG,3670,2,D,NI,BK,F
10:06:09,PTBA,RG,3670,25,D,EP,BK,F
10:05:52,PTBA,RG,3670,1,D,PD,BK,F
10:05:27,PTBA,RG,3670,46,D,EP,BK,F
10:05:27,PTBA,RG,3670,4,D,EP,YU,F
10:04:55,PTBA,RG,3660,6,D,GR,XC,D
10:04:35,PTBA,RG,3670,16,F,CS,YU,F
10:04:35,PTBA,RG,3670,2,F,CS,PD,D
10:04:35,PTBA,RG,3670,20,F,CS,BK,F
10:03:56,PTBA,RG,3670,3,D,OD,BK,F
10:03:56,PTBA,RG,3670,5,D,OD,YP,D
10:03:56,PTBA,RG,3670,2,D,OD,NI,D
10:03:40,PTBA,RG,3670,1,D,CC,NI,D
10:03:40,PTBA,RG,3670,9,D,CC,YP,D
10:02:49,PTBA,RG,3670,1,D,PD,YP,D
10:02:35,PTBA,RG,3670,1,D,XC,YP,D
10:02:26,PTBA,RG,3670,3,D,YP,YP,D
10:02:11,PTBA,RG,3660,10,D,GR,XC,D
10:01:44,PTBA,RG,3660,23,D,GR,BK,F
10:01:40,PTBA,RG,3660,10,D,GR,XC,D
10:01:36,PTBA,RG,3670,3,D,PD,YP,D
10:01:35,PTBA,RG,3670,1,D,DR,YP,D
10:01:16,PTBA,RG,3660,10,D,GR,CC,D
10:00:08,PTBA,RG,3660,1,D,GR,XC,D
09:59:35,PTBA,RG,3660,5,D,GR,NI,D
09:59:21,PTBA,RG,3660,1,D,GR,NI,D
09:58:17,PTBA,RG,3660,1,D,GR,RO,D
09:58:06,PTBA,RG,3660,200,D,GR,FS,D
09:57:13,PTBA,RG,3660,1,D,GR,PD,D
09:57:10,PTBA,RG,3670,1,D,DH,YP,D
09:57:10,PTBA,RG,3670,1,D,DH,YP,D
09:57:10,PTBA,RG,3670,1,D,DH,YP,D
09:57:10,PTBA,RG,3670,1,D,DH,YP,D
09:57:10,PTBA,RG,3670,1,D,DH,YP,D
09:57:10,PTBA,RG,3670,1,D,DH,YP,D
09:57:10,PTBA,RG,3670,1,D,DH,YP,D
09:57:10,PTBA,RG,3670,1,D,DH,YP,D
09:57:05,PTBA,RG,3670,2,D,AG,YP,D
09:56:51,PTBA,RG,3660,10,D,GR,YP,D
09:55:43,PTBA,RG,3660,3,D,GR,PD,D
09:55:42,PTBA,RG,3660,10,D,GR,PD,D
09:55:29,PTBA,RG,3670,8,D,CC,YP,D
09:55:28,PTBA,RG,3660,20,D,GR,CC,D
09:55:14,PTBA,RG,3660,4,D,GR,PD,D
09:54:02,PTBA,RG,3660,2,D,GR,XC,D
09:53:54,PTBA,RG,3660,7,D,GR,XC,D
09:53:16,PTBA,RG,3660,25,D,GR,NI,D
09:52:23,PTBA,RG,3660,1,D,GR,AG,D
09:51:54,PTBA,RG,3670,7,D,YP,YP,D
09:50:55,PTBA,RG,3670,9,D,PD,YP,D
09:49:49,PTBA,RG,3670,7,D,NI,YP,D
09:49:34,PTBA,RG,3670,1,D,PD,YP,D
09:48:41,PTBA,RG,3670,14,D,AZ,YP,D
09:48:15,PTBA,RG,3670,1,D,DR,YP,D
09:47:59,PTBA,RG,3670,1,D,DR,YP,D
09:47:25,PTBA,RG,3670,1,D,PD,YP,D
09:47:08,PTBA,RG,3670,3,D,PD,YP,D
09:47:08,PTBA,RG,3670,4,D,PD,XL,D
09:47:08,PTBA,RG,3670,3,D,PD,PD,D
09:47:01,PTBA,RG,3670,1,D,PD,PD,D
09:46:57,PTBA,RG,3670,1,D,PD,PD,D
09:46:04,PTBA,RG,3670,2,D,XC,PD,D
09:45:38,PTBA,RG,3670,1,D,XL,PD,D
09:44:32,PTBA,RG,3670,1,D,YP,PD,D
09:44:21,PTBA,RG,3660,5,D,GR,XL,D
09:43:45,PTBA,RG,3660,5,D,GR,CC,D
09:43:45,PTBA,RG,3670,1,D,KK,PD,D
09:43:14,PTBA,RG,3660,10,D,GR,XC,D
09:43:14,PTBA,RG,3660,50,D,GR,NI,D
09:43:13,PTBA,RG,3670,1,D,EP,PD,D
09:43:01,PTBA,RG,3670,1,D,AZ,PD,D
09:42:25,PTBA,RG,3670,3,D,PD,PD,D
09:42:17,PTBA,RG,3660,9,D,GR,XC,D
09:41:46,PTBA,RG,3660,1,D,GR,XL,D
09:41:45,PTBA,RG,3670,1,D,KK,PD,D
09:40:46,PTBA,RG,3660,3,D,GR,XC,D
09:40:31,PTBA,RG,3660,14,D,GR,CP,D
09:40:18,PTBA,RG,3660,1,D,GR,XC,D
09:39:59,PTBA,RG,3660,1,D,GR,XC,D
09:39:35,PTBA,RG,3660,5,D,GR,CC,D
09:38:50,PTBA,RG,3670,3,D,PD,PD,D
09:38:26,PTBA,RG,3660,1,D,GR,PD,D
09:38:25,PTBA,RG,3670,1,D,CC,PD,D
09:38:14,PTBA,RG,3660,1,D,GR,EP,D
09:37:27,PTBA,RG,3670,1,D,EP,PD,D
09:37:22,PTBA,RG,3670,10,D,CC,PD,D
09:37:08,PTBA,RG,3670,20,D,XL,PD,D
09:36:42,PTBA,RG,3670,2,D,PD,PD,D
09:36:22,PTBA,RG,3660,12,D,GR,NI,D
09:36:22,PTBA,RG,3660,1,D,GR,XC,D
09:36:00,PTBA,RG,3660,1,D,GR,YP,D
09:35:51,PTBA,RG,3660,1,D,GR,PD,D
09:35:48,PTBA,RG,3670,3,D,SQ,PD,D
09:35:34,PTBA,RG,3660,2,D,GR,YP,D
09:35:12,PTBA,RG,3660,35,D,GR,NI,D
09:34:59,PTBA,RG,3660,2,D,GR,NI,D
09:34:57,PTBA,RG,3660,77,D,GR,CC,D
09:34:57,PTBA,RG,3660,6,D,XC,CC,D
09:34:57,PTBA,RG,3660,5,D,NI,CC,D
09:34:57,PTBA,RG,3660,1,D,XC,CC,D
09:34:57,PTBA,RG,3660,1,D,XC,CC,D
09:34:57,PTBA,RG,3660,10,D,CC,CC,D
09:34:57,PTBA,RG,3660,1,D,YP,CC,D
09:34:57,PTBA,RG,3660,1,D,XC,CC,D
09:34:57,PTBA,RG,3660,1,D,YP,CC,D
09:34:57,PTBA,RG,3660,1,D,XC,CC,D
09:34:57,PTBA,RG,3660,5,D,PD,CC,D
09:34:57,PTBA,RG,3660,7,D,EP,CC,D
09:34:57,PTBA,RG,3660,10,D,YP,CC,D
09:34:57,PTBA,RG,3660,10,D,XC,CC,D
09:34:57,PTBA,RG,3660,1,D,XC,CC,D
09:34:57,PTBA,RG,3660,2,D,PD,CC,D
09:34:57,PTBA,RG,3660,2,D,NI,CC,D
09:34:57,PTBA,RG,3660,12,F,CS,CC,D
09:34:57,PTBA,RG,3660,2,D,PD,CC,D
09:34:57,PTBA,RG,3660,1,D,PD,CC,D
09:34:57,PTBA,RG,3660,1,D,CC,CC,D
09:34:57,PTBA,RG,3660,1,D,XL,CC,D
09:34:57,PTBA,RG,3660,5,D,PD,CC,D
09:34:57,PTBA,RG,3660,10,D,YU,CC,D
09:34:57,PTBA,RG,3660,1,D,EP,CC,D
09:34:57,PTBA,RG,3660,1,D,GR,CC,D
09:34:57,PTBA,RG,3660,2,D,CC,CC,D
09:34:57,PTBA,RG,3660,10,D,CC,CC,D
09:34:57,PTBA,RG,3660,14,F,CS,CC,D
09:34:57,PTBA,RG,3660,1,D,XC,CC,D
09:34:57,PTBA,RG,3660,1,D,XA,CC,D
09:34:57,PTBA,RG,3660,5,D,XC,CC,D
09:34:57,PTBA,RG,3660,5,D,XL,CC,D
09:34:57,PTBA,RG,3660,1,D,PD,CC,D
09:34:57,PTBA,RG,3660,6,F,CS,CC,D
09:34:57,PTBA,RG,3660,100,D,NI,CC,D
09:34:57,PTBA,RG,3660,5,D,CC,CC,D
09:34:57,PTBA,RG,3660,75,D,XC,CC,D
09:33:48,PTBA,RG,3670,5,D,PD,PD,D
09:33:20,PTBA,RG,3670,33,D,EP,PD,D
09:33:00,PTBA,RG,3670,1,D,YP,PD,D
09:32:55,PTBA,RG,3660,2,D,XC,NI,D
09:32:06,PTBA,RG,3670,5,D,CC,PD,D
09:32:06,PTBA,RG,3670,1,D,CC,YP,D
09:32:06,PTBA,RG,3670,4,D,CC,BK,F
09:31:57,PTBA,RG,3670,1,D,XC,BK,F
09:31:55,PTBA,RG,3670,11,D,PD,BK,F
09:31:53,PTBA,RG,3660,45,D,XC,XL,D
09:31:31,PTBA,RG,3670,1,D,PD,BK,F
09:31:28,PTBA,RG,3670,2,D,XC,BK,F
09:31:22,PTBA,RG,3670,1,D,AG,BK,F
09:31:18,PTBA,RG,3670,71,D,GR,BK,F
09:31:18,PTBA,RG,3670,16,D,GR,YP,D
09:31:18,PTBA,RG,3670,10,D,GR,YB,D
09:31:18,PTBA,RG,3670,10,D,GR,XC,D
09:31:18,PTBA,RG,3670,1,D,GR,PD,D
09:31:18,PTBA,RG,3670,154,D,GR,BK,F
09:31:18,PTBA,RG,3670,100,D,GR,YJ,D
09:31:18,PTBA,RG,3670,80,D,GR,XC,D
09:31:18,PTBA,RG,3670,1,D,GR,GR,D
09:31:18,PTBA,RG,3670,1,D,GR,PD,D
09:31:18,PTBA,RG,3670,1,D,GR,OD,D
09:31:18,PTBA,RG,3670,8,D,GR,NI,D
09:31:18,PTBA,RG,3670,1,D,GR,YP,D
09:31:18,PTBA,RG,3670,8,D,GR,PD,D
09:31:18,PTBA,RG,3670,1,D,GR,SQ,D
09:31:18,PTBA,RG,3670,37,D,GR,BK,F
09:31:04,PTBA,RG,3670,1,D,AG,BK,F
09:31:01,PTBA,RG,3660,5,D,XC,AK,F
09:31:01,PTBA,RG,3660,73,D,XC,CC,D
09:31:01,PTBA,RG,3660,17,F,CS,CC,D
09:31:01,PTBA,RG,3660,3,D,PD,CC,D
09:31:01,PTBA,RG,3660,1,D,PD,CC,D
09:31:01,PTBA,RG,3660,2,D,NI,CC,D
09:31:01,PTBA,RG,3660,25,D,CC,CC,D
09:31:01,PTBA,RG,3660,2,D,SQ,CC,D
09:31:01,PTBA,RG,3660,5,D,XL,CC,D
09:31:01,PTBA,RG,3660,55,D,PD,CC,D
09:31:01,PTBA,RG,3660,1,D,XL,CC,D
09:31:01,PTBA,RG,3660,10,D,YB,CC,D
09:31:01,PTBA,RG,3660,5,D,XC,CC,D
09:31:01,PTBA,RG,3660,4,D,PD,CC,D
09:31:01,PTBA,RG,3660,17,D,EP,CC,D
09:31:01,PTBA,RG,3660,50,D,YU,CC,D
09:31:01,PTBA,RG,3660,1,D,NI,CC,D
09:31:01,PTBA,RG,3660,10,D,PD,CC,D
09:31:01,PTBA,RG,3660,5,D,YP,CC,D
09:31:01,PTBA,RG,3660,2,D,NI,CC,D
09:31:01,PTBA,RG,3660,1,D,XC,CC,D
09:31:01,PTBA,RG,3660,1,D,PD,CC,D
09:31:01,PTBA,RG,3660,1,D,XL,CC,D
09:31:01,PTBA,RG,3660,1,D,XC,CC,D
09:31:01,PTBA,RG,3660,5,D,YP,CC,D
09:31:01,PTBA,RG,3660,10,D,YP,CC,D
09:31:01,PTBA,RG,3660,1,D,PD,CC,D
09:31:01,PTBA,RG,3660,10,D,YP,CC,D
09:31:01,PTBA,RG,3660,2,D,NI,CC,D
09:31:01,PTBA,RG,3660,1,D,SQ,CC,D
09:31:01,PTBA,RG,3660,1,D,YP,CC,D
09:31:01,PTBA,RG,3660,11,D,XL,CC,D
09:31:01,PTBA,RG,3660,6,D,NI,CC,D
09:31:01,PTBA,RG,3660,1,D,KK,CC,D
09:31:01,PTBA,RG,3660,10,D,PO,CC,D
09:31:01,PTBA,RG,3660,1,D,NI,CC,D
09:31:01,PTBA,RG,3660,1,D,XC,CC,D
09:31:01,PTBA,RG,3660,59,D,GR,CC,D
09:30:47,PTBA,RG,3660,3,D,GR,NI,D
09:30:31,PTBA,RG,3660,30,D,GR,YP,D
09:30:19,PTBA,RG,3670,1,D,CC,BK,F
09:30:12,PTBA,RG,3670,2,D,KK,BK,F
09:29:43,PTBA,RG,3670,5,D,CC,BK,F
09:29:21,PTBA,RG,3670,10,D,YP,BK,F
09:28:55,PTBA,RG,3670,1,D,PD,BK,F
09:28:42,PTBA,RG,3670,5,D,CC,BK,F
09:28:29,PTBA,RG,3660,5,D,GR,KI,D
09:28:07,PTBA,RG,3660,1,D,GR,PD,D
09:27:41,PTBA,RG,3660,2,D,GR,CC,D
09:27:41,PTBA,RG,3660,2,D,NI,CC,D
09:27:41,PTBA,RG,3660,1,D,YP,CC,D
09:27:40,PTBA,RG,3670,3,D,YU,BK,F
09:27:10,PTBA,RG,3670,3,D,DH,BK,F
09:26:56,PTBA,RG,3670,2,D,XC,BK,F
09:26:50,PTBA,RG,3670,3,D,DH,BK,F
09:26:47,PTBA,RG,3670,1,D,XC,BK,F
09:26:41,PTBA,RG,3670,1,D,PD,BK,F
09:26:40,PTBA,RG,3660,4,D,YP,PD,D
09:26:34,PTBA,RG,3670,1,D,PD,BK,F
09:26:32,PTBA,RG,3670,1,D,NI,BK,F
09:26:29,PTBA,RG,3660,1,D,GR,GR,D
09:26:29,PTBA,RG,3660,1,D,XL,GR,D
09:26:29,PTBA,RG,3660,7,D,YP,GR,D
09:26:29,PTBA,RG,3670,1,D,PD,BK,F
09:26:23,PTBA,RG,3660,3,D,YP,AK,F
09:26:23,PTBA,RG,3660,2,D,PD,AK,F
09:26:23,PTBA,RG,3660,1,D,PD,PD,D
09:26:23,PTBA,RG,3660,5,D,BQ,PD,D
09:26:23,PTBA,RG,3660,2,D,YP,PD,D
09:26:23,PTBA,RG,3660,3,D,YP,PD,D
09:26:23,PTBA,RG,3660,1,D,XC,PD,D
09:26:23,PTBA,RG,3660,75,D,OD,PD,D
09:26:23,PTBA,RG,3660,15,D,HP,PD,D
09:26:23,PTBA,RG,3660,10,D,YP,PD,D
09:26:23,PTBA,RG,3660,10,D,LS,PD,D
09:26:23,PTBA,RG,3660,5,D,YP,PD,D
09:26:23,PTBA,RG,3660,1,D,CC,PD,D
09:26:23,PTBA,RG,3660,43,D,YP,PD,D
09:26:23,PTBA,RG,3660,100,D,XC,PD,D
09:26:23,PTBA,RG,3660,8,D,CC,PD,D
09:26:23,PTBA,RG,3660,1,D,XC,PD,D
09:26:23,PTBA,RG,3660,5,D,XC,PD,D
09:26:23,PTBA,RG,3660,1,D,XC,PD,D
09:26:23,PTBA,RG,3660,1,D,NI,PD,D
09:26:23,PTBA,RG,3660,14,F,CS,PD,D
09:26:23,PTBA,RG,3660,3,D,PD,PD,D
09:26:23,PTBA,RG,3660,1,D,XC,PD,D
09:26:23,PTBA,RG,3660,19,F,CS,PD,D
09:26:23,PTBA,RG,3660,3,D,YP,PD,D
09:26:23,PTBA,RG,3660,2,D,YP,PD,D
09:26:23,PTBA,RG,3660,1,D,PD,PD,D
09:26:23,PTBA,RG,3660,10,D,SQ,PD,D
09:26:23,PTBA,RG,3660,1,D,SQ,PD,D
09:26:23,PTBA,RG,3660,1,D,SQ,PD,D
09:26:23,PTBA,RG,3660,1,D,NI,PD,D
09:26:23,PTBA,RG,3660,2,D,IF,PD,D
09:26:23,PTBA,RG,3660,60,D,NI,PD,D
09:26:23,PTBA,RG,3660,3,D,CC,PD,D
09:26:23,PTBA,RG,3660,1,D,YU,PD,D
09:26:23,PTBA,RG,3660,1,D,PD,PD,D
09:25:16,PTBA,RG,3660,9,D,PD,CC,D
09:25:16,PTBA,RG,3660,1,D,NI,CC,D
09:25:16,PTBA,RG,3660,1,D,PD,CC,D
09:25:16,PTBA,RG,3660,2,D,OD,CC,D
09:25:16,PTBA,RG,3660,2,D,CC,CC,D
09:25:12,PTBA,RG,3670,1,D,NI,BK,F
09:24:32,PTBA,RG,3670,2,D,XL,BK,F
09:24:31,PTBA,RG,3660,2,D,YP,CC,D
09:24:31,PTBA,RG,3660,2,D,PD,CC,D
09:24:31,PTBA,RG,3660,5,D,PD,CC,D
09:24:31,PTBA,RG,3660,1,D,CC,CC,D
09:24:31,PTBA,RG,3660,1,D,DR,CC,D
09:24:31,PTBA,RG,3660,15,D,YP,CC,D
09:24:31,PTBA,RG,3660,2,F,CS,CC,D
09:24:31,PTBA,RG,3660,5,D,PD,CC,D
09:24:31,PTBA,RG,3660,1,D,XC,CC,D
09:24:31,PTBA,RG,3660,5,D,YP,CC,D
09:24:31,PTBA,RG,3660,2,D,SQ,CC,D
09:24:31,PTBA,RG,3660,1,D,YP,CC,D
09:24:31,PTBA,RG,3660,1,D,XC,CC,D
09:24:31,PTBA,RG,3660,2,D,PD,CC,D
09:24:31,PTBA,RG,3660,2,D,XC,CC,D
09:24:31,PTBA,RG,3660,2,D,EP,CC,D
09:24:31,PTBA,RG,3660,3,D,EP,CC,D
09:24:31,PTBA,RG,3660,3,D,XL,CC,D
09:24:29,PTBA,RG,3670,8,D,XL,BK,F
09:24:16,PTBA,RG,3670,1,D,PD,BK,F
09:24:10,PTBA,RG,3670,5,D,PD,BK,F
09:23:40,PTBA,RG,3660,1,D,SQ,YB,D
09:23:40,PTBA,RG,3660,1,D,CC,YB,D
09:23:40,PTBA,RG,3660,7,F,CS,YB,D
09:23:29,PTBA,RG,3670,1,D,PD,BK,F
09:23:18,PTBA,RG,3660,4,F,CS,YU,D
09:23:18,PTBA,RG,3660,2,D,XL,YU,D
09:23:18,PTBA,RG,3660,2,D,NI,YU,D
09:23:18,PTBA,RG,3660,42,D,ZP,YU,D
09:23:06,PTBA,RG,3660,36,D,ZP,CC,D
09:22:43,PTBA,RG,3660,1,D,ZP,YP,F
09:22:20,PTBA,RG,3670,2,D,NI,BK,F
09:21:35,PTBA,RG,3670,2,D,CC,BK,F
09:20:56,PTBA,RG,3670,17,D,XC,BK,F
09:20:56,PTBA,RG,3670,5,D,CC,BK,F
09:20:53,PTBA,RG,3670,20,D,CC,BK,F
09:20:25,PTBA,RG,3660,10,D,ZP,CC,D
09:19:28,PTBA,RG,3660,6,D,ZP,NI,D
09:19:27,PTBA,RG,3670,1,D,YU,BK,F
09:19:23,PTBA,RG,3670,10,D,YU,BK,F
09:19:18,PTBA,RG,3660,25,D,ZP,ZP,F
09:19:18,PTBA,RG,3660,13,D,ZP,ZP,F
09:19:17,PTBA,RG,3660,12,D,ZP,ZP,F
09:19:17,PTBA,RG,3660,148,D,ZP,YP,D
09:19:12,PTBA,RG,3660,2,D,ZP,CC,D
09:18:44,PTBA,RG,3670,3,D,XL,ZP,F
09:18:44,PTBA,RG,3670,1,D,XL,PD,D
09:18:35,PTBA,RG,3660,28,D,ZP,XC,D
09:18:26,PTBA,RG,3660,2,D,ZP,PD,D
09:18:11,PTBA,RG,3660,15,D,ZP,EP,D
09:18:04,PTBA,RG,3670,4,D,NI,PD,D
09:18:04,PTBA,RG,3670,3,D,NI,XC,D
09:18:04,PTBA,RG,3670,1,D,NI,BQ,D
09:18:04,PTBA,RG,3670,24,D,NI,CC,D
09:17:56,PTBA,RG,3660,5,D,ZP,XC,D
09:17:35,PTBA,RG,3670,5,D,XC,CC,D
09:17:26,PTBA,RG,3670,3,D,PD,CC,D
09:17:14,PTBA,RG,3670,3,D,YP,CC,D
09:17:12,PTBA,RG,3670,10,D,XL,CC,D
09:16:38,PTBA,RG,3670,2,D,CC,CC,D
09:16:18,PTBA,RG,3670,1,D,XL,CC,D
09:16:16,PTBA,RG,3660,6,D,ZP,DH,D
09:15:54,PTBA,RG,3660,7,D,ZP,XL,D
09:15:34,PTBA,RG,3670,2,D,PD,CC,D
09:15:34,PTBA,RG,3670,14,D,PD,XC,D
09:15:34,PTBA,RG,3670,1,D,PD,YP,D
09:15:34,PTBA,RG,3670,13,D,PD,ZP,F
09:15:12,PTBA,RG,3670,1,D,XC,ZP,F
09:15:07,PTBA,RG,3670,1,D,DR,ZP,F
09:14:58,PTBA,RG,3670,5,D,XL,ZP,F
09:14:33,PTBA,RG,3670,1,D,PD,ZP,F
09:14:24,PTBA,RG,3660,22,D,ZP,ZP,F
09:14:24,PTBA,RG,3660,120,D,ZP,OD,D
09:14:24,PTBA,RG,3660,1,D,CC,OD,D
09:14:24,PTBA,RG,3660,1,D,PD,OD,D
09:14:24,PTBA,RG,3660,2,D,XC,OD,D
09:14:24,PTBA,RG,3660,1,D,XL,OD,D
09:14:24,PTBA,RG,3660,5,D,YP,OD,D
09:14:24,PTBA,RG,3660,1,D,KK,OD,D
09:14:24,PTBA,RG,3660,1,D,YP,OD,D
09:14:24,PTBA,RG,3660,3,D,CC,OD,D
09:14:24,PTBA,RG,3660,10,D,PD,OD,D
09:14:24,PTBA,RG,3660,1,D,PD,OD,D
09:14:24,PTBA,RG,3660,4,D,YP,OD,D
09:14:09,PTBA,RG,3660,1,D,YP,PD,D
09:14:07,PTBA,RG,3670,3,D,TP,ZP,F
09:14:00,PTBA,RG,3670,5,D,PD,ZP,F
09:13:43,PTBA,RG,3670,10,D,PD,ZP,F
09:13:32,PTBA,RG,3670,3,D,XL,ZP,F
09:13:14,PTBA,RG,3660,15,D,YP,XL,D
09:12:55,PTBA,RG,3670,1,D,GR,AK,F
09:12:51,PTBA,RG,3660,1,D,YP,XC,D
09:12:26,PTBA,RG,3670,5,D,CC,AK,F
09:11:58,PTBA,RG,3680,6,D,XC,YU,F
09:11:24,PTBA,RG,3680,4,D,PD,YU,F
09:11:04,PTBA,RG,3660,29,D,YP,PD,D
09:11:04,PTBA,RG,3660,1,D,DR,PD,D
09:10:58,PTBA,RG,3660,5,D,DR,XL,D
09:10:58,PTBA,RG,3660,20,D,CC,XL,D
09:10:58,PTBA,RG,3660,2,D,GR,XL,D
09:10:58,PTBA,RG,3660,11,D,OD,XL,D
09:10:54,PTBA,RG,3680,1,D,YU,YU,F
09:10:49,PTBA,RG,3660,50,D,OD,NI,D
09:10:34,PTBA,RG,3670,1,D,SQ,AK,F
09:10:33,PTBA,RG,3670,5,D,NI,AK,F
09:10:33,PTBA,RG,3670,6,D,NI,ZP,F
09:10:33,PTBA,RG,3660,7,D,OD,XL,D
09:10:28,PTBA,RG,3670,3,D,GR,ZP,F
09:10:16,PTBA,RG,3660,22,D,OD,ZP,F
09:10:16,PTBA,RG,3670,12,D,CC,ZP,F
09:10:16,PTBA,RG,3670,11,D,CC,XC,D
09:10:16,PTBA,RG,3670,1,D,CC,YP,D
09:10:16,PTBA,RG,3670,3,D,CC,XC,D
09:10:10,PTBA,RG,3660,2,D,OD,PD,D
09:10:06,PTBA,RG,3660,21,D,OD,ZP,F
09:10:04,PTBA,RG,3660,22,D,OD,ZP,F
09:10:04,PTBA,RG,3670,12,D,CC,XC,D
09:10:04,PTBA,RG,3670,2,D,CC,XC,D
09:10:04,PTBA,RG,3670,188,D,CC,BK,F
09:10:01,PTBA,RG,3670,1,D,NI,BK,F
09:09:18,PTBA,RG,3660,3,D,OD,NI,D
09:09:18,PTBA,RG,3670,2,D,XC,BK,F
09:09:16,PTBA,RG,3670,5,D,PD,BK,F
09:09:12,PTBA,RG,3660,1,D,OD,XC,D
09:09:02,PTBA,RG,3670,1,D,YU,BK,F
09:08:57,PTBA,RG,3670,1,D,YU,BK,F
09:08:32,PTBA,RG,3660,1,D,OD,XC,D
09:08:08,PTBA,RG,3670,1,D,XC,BK,F
09:07:57,PTBA,RG,3670,1,D,YP,BK,F
09:07:57,PTBA,RG,3670,2,D,PD,BK,F
09:07:52,PTBA,RG,3670,1,D,PD,BK,F
09:07:38,PTBA,RG,3670,4,D,XL,BK,F
09:07:36,PTBA,RG,3670,1,D,XC,PD,D
09:07:36,PTBA,RG,3670,1,D,XC,SQ,D
09:07:23,PTBA,RG,3670,1,D,PD,SQ,D
09:07:23,PTBA,RG,3670,2,D,PD,EP,D
09:07:19,PTBA,RG,3670,1,D,XL,EP,D
09:07:17,PTBA,RG,3670,2,D,PD,EP,D
09:07:16,PTBA,RG,3660,27,D,OD,PD,D
09:07:08,PTBA,RG,3670,1,D,XC,EP,D
09:06:45,PTBA,RG,3670,1,D,CC,EP,D
09:06:43,PTBA,RG,3660,1,D,OD,CC,D
09:06:39,PTBA,RG,3670,1,D,CC,EP,D
09:06:21,PTBA,RG,3670,2,D,NI,EP,D
09:05:45,PTBA,RG,3660,21,D,OD,ZP,F
09:05:45,PTBA,RG,3670,5,F,CS,AK,F
09:05:45,PTBA,RG,3670,4,F,CS,AK,F
09:05:45,PTBA,RG,3670,3,F,CS,ZP,F
09:05:45,PTBA,RG,3670,7,F,CS,ZP,F
09:05:45,PTBA,RG,3670,2,D,PD,ZP,F
09:05:45,PTBA,RG,3670,8,D,CC,ZP,F
09:05:45,PTBA,RG,3670,16,D,CC,YU,F
09:05:43,PTBA,RG,3670,6,D,CC,AK,F
09:05:43,PTBA,RG,3670,1,D,XC,AK,F
09:05:43,PTBA,RG,3670,12,D,XL,AK,F
09:05:43,PTBA,RG,3670,25,D,DR,AK,F
09:05:43,PTBA,RG,3670,1,D,YP,AK,F
09:05:43,PTBA,RG,3670,1,F,CS,AK,F
09:05:43,PTBA,RG,3670,6,F,CS,AK,F
09:05:43,PTBA,RG,3670,8,F,CS,AK,F
09:05:43,PTBA,RG,3670,30,D,ZP,AK,F
09:05:43,PTBA,RG,3670,22,D,ZP,ZP,F
09:05:43,PTBA,RG,3670,25,D,ZP,AK,F
09:05:43,PTBA,RG,3670,88,D,ZP,AK,F
09:05:35,PTBA,RG,3670,21,D,ZP,ZP,F
09:05:35,PTBA,RG,3670,14,D,ZP,CC,D
09:05:09,PTBA,RG,3680,1,D,XL,YU,F
09:04:46,PTBA,RG,3680,1,D,NI,YU,F
09:04:31,PTBA,RG,3680,4,D,YU,BK,F
09:04:22,PTBA,RG,3670,21,D,ZP,ZP,F
09:04:22,PTBA,RG,3670,22,D,ZP,ZP,F
09:04:15,PTBA,RG,3670,21,D,ZP,ZP,F
09:04:15,PTBA,RG,3670,2,D,ZP,PD,D
09:04:15,PTBA,RG,3670,10,D,ZP,CC,F
09:04:15,PTBA,RG,3670,224,D,ZP,BK,F
09:04:12,PTBA,RG,3660,1,D,OD,SQ,D
09:04:10,PTBA,RG,3670,3,D,DR,BK,F
09:04:08,PTBA,RG,3660,20,D,OD,ZP,F
09:04:07,PTBA,RG,3670,100,D,KK,BK,F
09:04:02,PTBA,RG,3670,5,D,YP,BK,F
09:03:59,PTBA,RG,3670,2,D,NI,BK,F
09:03:17,PTBA,RG,3660,70,D,OD,NI,D
09:03:10,PTBA,RG,3670,2,D,PD,BK,F
09:03:10,PTBA,RG,3670,3,D,PD,CC,F
09:03:09,PTBA,RG,3660,20,D,OD,BK,F
09:03:09,PTBA,RG,3660,11,D,XC,BK,F
09:03:09,PTBA,RG,3660,9,F,CS,BK,F
09:03:09,PTBA,RG,3660,5,D,SQ,BK,F
09:03:09,PTBA,RG,3660,1,D,AZ,BK,F
09:03:09,PTBA,RG,3660,2,D,PD,BK,F
09:03:09,PTBA,RG,3660,1,D,PD,BK,F
09:03:09,PTBA,RG,3660,2,D,XC,BK,F
09:03:09,PTBA,RG,3660,1,D,NI,BK,F
09:02:49,PTBA,RG,3660,7,D,NI,CC,D
09:01:47,PTBA,RG,3660,1,D,NI,PD,D
09:01:46,PTBA,RG,3660,12,D,NI,AK,F
09:01:46,PTBA,RG,3660,5,D,AZ,BK,F
09:01:46,PTBA,RG,3660,5,D,YP,BK,F
09:01:46,PTBA,RG,3660,2,D,YP,BK,F
09:01:46,PTBA,RG,3660,3,D,XL,BK,F
09:01:46,PTBA,RG,3660,1,D,XL,BK,F
09:01:46,PTBA,RG,3660,1,D,XL,BK,F
09:01:46,PTBA,RG,3660,15,D,XL,BK,F
09:01:46,PTBA,RG,3660,2,D,YP,BK,F
09:01:46,PTBA,RG,3660,1,D,YP,BK,F
09:01:46,PTBA,RG,3660,2,D,PD,BK,F
09:01:46,PTBA,RG,3660,1,D,PD,BK,F
09:01:46,PTBA,RG,3660,40,D,PD,BK,F
09:01:46,PTBA,RG,3660,4,D,PD,BK,F
09:01:46,PTBA,RG,3660,1,D,XC,BK,F
09:01:46,PTBA,RG,3660,100,D,RO,BK,F
09:01:46,PTBA,RG,3660,1,D,DR,BK,F
09:01:46,PTBA,RG,3660,10,D,AG,BK,F
09:01:46,PTBA,RG,3660,1,D,KK,BK,F
09:01:46,PTBA,RG,3660,2,D,KK,BK,F
09:01:40,PTBA,RG,3670,10,D,NI,AK,F
09:01:40,PTBA,RG,3670,2,D,YP,AK,F
09:01:40,PTBA,RG,3670,1,D,XC,AK,F
09:01:40,PTBA,RG,3670,1,D,KK,AK,F
09:01:40,PTBA,RG,3670,1,D,CC,AK,F
09:01:40,PTBA,RG,3670,4,D,DR,AK,F
09:01:40,PTBA,RG,3670,1,D,DR,AK,F
09:01:40,PTBA,RG,3670,25,D,CC,AK,F
09:01:40,PTBA,RG,3670,1,D,NI,AK,F
09:01:40,PTBA,RG,3670,3,D,XL,AK,F
09:01:40,PTBA,RG,3670,1,D,XL,AK,F
09:01:40,PTBA,RG,3670,1,D,PD,AK,F
09:01:40,PTBA,RG,3670,2,D,PD,AK,F
09:01:40,PTBA,RG,3670,1,D,PD,AK,F
09:01:40,PTBA,RG,3670,8,D,GR,AK,F
09:01:40,PTBA,RG,3670,5,D,CC,AK,F
09:01:40,PTBA,RG,3670,1,D,PD,AK,F
09:01:40,PTBA,RG,3670,6,D,CC,AK,F
09:01:40,PTBA,RG,3680,9,F,CS,AK,F
09:01:40,PTBA,RG,3680,1,F,CS,AK,F
09:01:40,PTBA,RG,3680,3,F,CS,AK,F
09:01:40,PTBA,RG,3680,2,D,YP,AK,F
09:01:40,PTBA,RG,3680,6,F,CS,AK,F
09:01:40,PTBA,RG,3680,4,F,CS,AK,F
09:01:40,PTBA,RG,3680,13,D,CC,AK,F
09:01:40,PTBA,RG,3680,8,F,CS,AK,F
09:01:40,PTBA,RG,3680,8,F,CS,AK,F
09:01:40,PTBA,RG,3680,1137,D,KI,AK,F
09:01:40,PTBA,RG,3680,741,D,KI,BK,F
09:01:38,PTBA,RG,3690,2,D,PD,PD,D
09:01:35,PTBA,RG,3680,3,D,KI,PD,D
09:01:20,PTBA,RG,3680,5,D,KI,AK,F
09:01:20,PTBA,RG,3680,95,D,KI,YU,D
09:00:45,PTBA,RG,3680,5,D,KI,AK,F
09:00:45,PTBA,RG,3680,5,D,KI,AK,F
09:00:19,PTBA,RG,3690,1,D,SQ,PD,D
09:00:19,PTBA,RG,3690,1,D,SQ,AT,D
09:00:04,PTBA,RG,3680,1,D,KI,KK,D
09:00:02,PTBA,RG,3680,5,D,KI,XL,D
09:00:02,PTBA,RG,3680,1,D,KI,PD,D
09:00:02,PTBA,RG,3680,2,D,KI,PD,D
08:59:00,PTBA,RG,3670,2,D,CC,XL,D
08:59:00,PTBA,RG,3670,1,D,CC,XL,D
08:59:00,PTBA,RG,3670,1,D,XC,XL,D
08:59:00,PTBA,RG,3670,1,D,XC,XL,D
08:59:00,PTBA,RG,3670,1,D,KK,XL,D
08:59:00,PTBA,RG,3670,1,D,NI,XL,D
08:59:00,PTBA,RG,3670,4,D,YB,XL,D
08:59:00,PTBA,RG,3670,1,D,YB,CC,D
08:59:00,PTBA,RG,3670,1,D,YB,PD,D
08:59:00,PTBA,RG,3670,1,D,YB,PD,D
08:59:00,PTBA,RG,3670,1,D,YB,PD,D
08:59:00,PTBA,RG,3670,1,D,YB,AT,D
08:59:00,PTBA,RG,3670,1,D,YB,YP,D
08:59:00,PTBA,RG,3670,11,D,YB,XC,D
08:59:00,PTBA,RG,3670,1,D,XL,XC,D
08:59:00,PTBA,RG,3670,1,D,XL,XC,D
08:59:00,PTBA,RG,3670,1,D,XL,KK,D
08:59:00,PTBA,RG,3670,2,D,XL,KK,D
08:59:00,PTBA,RG,3670,5,D,PD,KK,D
08:59:00,PTBA,RG,3670,3,D,YP,KK,D
08:59:00,PTBA,RG,3670,4,D,YP,NI,D
08:59:00,PTBA,RG,3670,6,F,CS,NI,D
08:59:00,PTBA,RG,3670,1,F,CS,NI,D
08:59:00,PTBA,RG,3670,1,F,CS,BK,F
