Time,Stock,Brd,Price,Qty,BT,BC,SC,ST
15:14:30,PTBA,RG,3720,1,D,BQ,XC,D
15:12:59,PTBA,RG,3720,13,D,BQ,YB,D
15:12:35,PTBA,RG,3720,7,D,BQ,XC,D
15:10:05,PTBA,RG,3720,17,D,BQ,CC,D
15:10:05,PTBA,RG,3720,1,D,CC,CC,D
15:10:05,PTBA,RG,3720,32,D,PD,CC,D
15:09:02,PTBA,RG,3720,1,D,PD,YP,D
15:08:10,PTBA,RG,3720,3,D,PD,YP,D
15:08:09,PTBA,RG,3720,3,D,PD,YP,D
15:07:35,PTBA,RG,3720,1,D,PD,DR,D
15:07:29,PTBA,RG,3720,5,D,PD,YP,D
15:07:15,PTBA,RG,3720,5,D,PD,YP,D
15:06:37,PTBA,RG,3720,1,D,PD,DR,D
15:05:24,PTBA,RG,3720,1,D,PD,YP,D
15:03:52,PTBA,RG,3720,5,D,PD,YP,D
15:03:24,PTBA,RG,3720,260,D,PD,PD,D
15:03:04,PTBA,RG,3720,10,D,PD,OD,D
15:02:52,PTBA,RG,3720,6,D,PD,NI,D
15:01:18,PTBA,RG,3720,120,D,PD,HP,D
15:01:01,PTBA,RG,3720,3,D,PD,XL,D
15:00:00,PTBA,RG,3720,20,D,PD,AG,D
15:00:00,PTBA,RG,3720,24,D,PD,BK,F
15:00:00,PTBA,RG,3720,1,D,NI,BK,F
15:00:00,PTBA,RG,3720,3,D,YP,BK,F
15:00:00,PTBA,RG,3720,1,D,PD,BK,F
15:00:00,PTBA,RG,3720,20,D,YP,BK,F
15:00:00,PTBA,RG,3720,1,D,CC,BK,F
15:00:00,PTBA,RG,3720,597,D,CP,BK,F
15:00:00,PTBA,RG,3720,50,D,CP,YP,D
15:00:00,PTBA,RG,3720,2,D,CP,XL,D
15:00:00,PTBA,RG,3720,100,D,CP,AG,D
15:00:00,PTBA,RG,3720,95,D,CP,HP,D
15:00:00,PTBA,RG,3720,31,D,CP,NI,D
15:00:00,PTBA,RG,3720,10,D,CP,NI,D
15:00:00,PTBA,RG,3720,5,D,CP,YP,D
15:00:00,PTBA,RG,3720,5,D,CP,EP,D
15:00:00,PTBA,RG,3720,2,D,CP,CC,D
15:00:00,PTBA,RG,3720,50,D,CP,XA,D
15:00:00,PTBA,RG,3720,20,D,CP,YU,D
15:00:00,PTBA,RG,3720,33,D,CP,IN,D
15:00:00,PTBA,RG,3720,1,D,XC,IN,D
15:00:00,PTBA,RG,3720,2,D,PD,IN,D
15:00:00,PTBA,RG,3720,5,D,YP,IN,D
15:00:00,PTBA,RG,3720,10,D,YU,IN,D
15:00:00,PTBA,RG,3720,1,D,XC,IN,D
15:00:00,PTBA,RG,3720,103,D,YP,IN,D
15:00:00,PTBA,RG,3720,2,D,PD,IN,D
15:00:00,PTBA,RG,3720,93,D,YU,IN,D
15:00:00,PTBA,RG,3720,1,D,YU,KK,D
15:00:00,PTBA,RG,3720,1,D,YU,ZP,F
15:00:00,PTBA,RG,3720,55,D,YU,ZP,F
15:00:00,PTBA,RG,3720,5,D,YP,ZP,F
15:00:00,PTBA,RG,3720,20,D,NI,ZP,F
15:00:00,PTBA,RG,3720,3,D,OD,ZP,F
15:00:00,PTBA,RG,3720,10,D,EP,ZP,F
15:00:00,PTBA,RG,3720,37,D,YP,ZP,F
15:00:00,PTBA,RG,3720,63,D,YP,ZP,F
15:00:00,PTBA,RG,3720,16,D,PD,ZP,F
15:00:00,PTBA,RG,3720,1,D,YU,ZP,F
15:00:00,PTBA,RG,3720,5,D,YP,ZP,F
15:00:00,PTBA,RG,3720,10,D,PD,ZP,F
15:00:00,PTBA,RG,3720,1,D,PD,ZP,F
15:00:00,PTBA,RG,3720,15,D,NI,ZP,F
15:00:00,PTBA,RG,3720,1,D,YP,ZP,F
15:00:00,PTBA,RG,3720,10,D,XL,ZP,F
15:00:00,PTBA,RG,3720,9,D,PD,ZP,F
15:00:00,PTBA,RG,3720,2,D,XC,ZP,F
15:00:00,PTBA,RG,3720,1,D,PD,ZP,F
15:00:00,PTBA,RG,3720,10,D,PD,ZP,F
15:00:00,PTBA,RG,3720,2,D,YP,ZP,F
15:00:00,PTBA,RG,3720,5,D,YP,ZP,F
15:00:00,PTBA,RG,3720,3,D,XL,ZP,F
15:00:00,PTBA,RG,3720,10,D,XL,ZP,F
15:00:00,PTBA,RG,3720,1,D,PD,ZP,F
15:00:00,PTBA,RG,3720,30,D,AZ,ZP,F
15:00:00,PTBA,RG,3720,1,D,XC,ZP,F
15:00:00,PTBA,RG,3720,1,D,DR,ZP,F
15:00:00,PTBA,RG,3720,1,D,AT,ZP,F
15:00:00,PTBA,RG,3720,11,D,XL,ZP,F
15:00:00,PTBA,RG,3720,1,D,EP,ZP,F
15:00:00,PTBA,RG,3720,1,D,NI,ZP,F
15:00:00,PTBA,RG,3720,50,D,YP,ZP,F
15:00:00,PTBA,RG,3720,5,D,PD,ZP,F
15:00:00,PTBA,RG,3720,26,D,EP,ZP,F
15:00:00,PTBA,RG,3720,94,D,KK,ZP,F
15:00:00,PTBA,RG,3720,2,D,CC,ZP,F
15:00:00,PTBA,RG,3720,1,D,XL,ZP,F
15:00:00,PTBA,RG,3720,1,D,YP,ZP,F
15:00:00,PTBA,RG,3720,1,D,YP,ZP,F
15:00:00,PTBA,RG,3720,1,D,YP,ZP,F
15:00:00,PTBA,RG,3720,1,D,YP,ZP,F
15:00:00,PTBA,RG,3720,1,D,YP,ZP,F
15:00:00,PTBA,RG,3720,2,D,KK,ZP,F
15:00:00,PTBA,RG,3720,78,D,XL,ZP,F
15:00:00,PTBA,RG,3720,5,D,SS,ZP,F
15:00:00,PTBA,RG,3720,1,D,XC,ZP,F
15:00:00,PTBA,RG,3720,38,D,PD,ZP,F
15:00:00,PTBA,RG,3720,62,D,PD,ZP,F
15:00:00,PTBA,RG,3720,99,D,YP,ZP,F
15:00:00,PTBA,RG,3720,2,D,KK,ZP,F
15:00:00,PTBA,RG,3720,2,D,YP,ZP,F
15:00:00,PTBA,RG,3720,1,D,PD,ZP,F
15:00:00,PTBA,RG,3720,1,D,YP,ZP,F
15:00:00,PTBA,RG,3720,6,D,XL,ZP,F
15:00:00,PTBA,RG,3720,43,D,PD,ZP,F
15:00:00,PTBA,RG,3720,10,D,YP,ZP,F
15:00:00,PTBA,RG,3720,3,D,YP,ZP,F
15:00:00,PTBA,RG,3720,10,D,YP,ZP,F
15:00:00,PTBA,RG,3720,5,D,KK,ZP,F
15:00:00,PTBA,RG,3720,18,D,XL,ZP,F
15:00:00,PTBA,RG,3720,1000,D,YJ,ZP,F
15:00:00,PTBA,RG,3720,50,D,DR,ZP,F
15:00:00,PTBA,RG,3720,25,D,YP,ZP,F
15:00:00,PTBA,RG,3720,7,D,YP,ZP,F
15:00:00,PTBA,RG,3720,10,D,CC,ZP,F
15:00:00,PTBA,RG,3720,2,D,PD,ZP,F
15:00:00,PTBA,RG,3720,10,D,YP,ZP,F
15:00:00,PTBA,RG,3720,3,D,YP,ZP,F
15:00:00,PTBA,RG,3720,1,D,CC,ZP,F
15:00:00,PTBA,RG,3720,14,D,NI,ZP,F
15:00:00,PTBA,RG,3720,1,D,XL,ZP,F
15:00:00,PTBA,RG,3720,56,D,XL,ZP,F
15:00:00,PTBA,RG,3720,5,D,XA,ZP,F
15:00:00,PTBA,RG,3720,1,D,CC,ZP,F
15:00:00,PTBA,RG,3720,773,F,BK,ZP,F
15:00:00,PTBA,RG,3720,30,F,BK,BB,D
15:00:00,PTBA,RG,3720,9,F,BK,AK,F
15:00:00,PTBA,RG,3720,2,F,BK,AK,F
15:00:00,PTBA,RG,3720,2,F,BK,AK,F
15:00:00,PTBA,RG,3720,2,F,BK,AK,F
15:00:00,PTBA,RG,3720,2,F,BK,AK,F
15:00:00,PTBA,RG,3720,8,F,BK,AK,F
15:00:00,PTBA,RG,3720,33,F,BK,AK,F
15:00:00,PTBA,RG,3720,1,F,BK,AK,F
15:00:00,PTBA,RG,3720,1,F,BK,AK,F
15:00:00,PTBA,RG,3720,9,F,BK,AK,F
15:00:00,PTBA,RG,3720,1,F,BK,AK,F
15:00:00,PTBA,RG,3720,1,F,BK,AK,F
15:00:00,PTBA,RG,3720,28,F,BK,BB,D
15:00:00,PTBA,RG,3720,11,F,BK,BK,F
15:00:00,PTBA,RG,3720,52,F,BK,BK,F
15:00:00,PTBA,RG,3720,9,F,BK,BK,F
15:00:00,PTBA,RG,3720,33,F,BK,BK,F
15:00:00,PTBA,RG,3720,1,F,BK,BK,F
15:00:00,PTBA,RG,3720,13,F,BK,RX,F
15:00:00,PTBA,RG,3720,1142,F,BK,CS,F
15:00:00,PTBA,RG,3720,2,D,PD,CS,F
15:00:00,PTBA,RG,3720,84,D,KZ,CS,F
15:00:00,PTBA,RG,3720,77,D,KZ,CS,F
15:00:00,PTBA,RG,3720,163,D,KZ,RX,F
15:00:00,PTBA,RG,3720,6,D,CC,RX,F
15:00:00,PTBA,RG,3720,2,F,RX,RX,F
15:00:00,PTBA,RG,3720,1,F,RX,RX,F
15:00:00,PTBA,RG,3720,64,F,RX,RX,F
15:00:00,PTBA,RG,3720,5,F,RX,RX,F
15:00:00,PTBA,RG,3720,24,F,RX,RX,F
15:00:00,PTBA,RG,3720,392,F,RX,RX,F
15:00:00,PTBA,RG,3720,18,F,RX,RX,F
15:00:00,PTBA,RG,3720,171,F,RX,LG,D
15:00:00,PTBA,RG,3720,22,D,LG,LG,D
14:49:58,PTBA,RG,3720,3,D,YP,ZP,F
14:49:56,PTBA,RG,3730,6,D,KZ,BK,F
14:49:56,PTBA,RG,3730,16,F,BK,BK,F
14:49:55,PTBA,RG,3720,27,D,YP,ZP,F
14:49:54,PTBA,RG,3720,19,D,YP,RX,F
14:49:54,PTBA,RG,3720,5,D,YP,ZP,F
14:49:52,PTBA,RG,3730,4,F,RX,BK,F
14:49:51,PTBA,RG,3730,15,F,BK,BK,F
14:49:51,PTBA,RG,3720,10,D,YP,ZP,F
14:49:49,PTBA,RG,3730,10,D,XC,BK,F
14:49:49,PTBA,RG,3730,15,F,RX,BK,F
14:49:47,PTBA,RG,3730,27,F,BK,BK,F
14:49:47,PTBA,RG,3730,90,D,YP,BK,F
14:49:46,PTBA,RG,3720,1,D,YP,AK,F
14:49:46,PTBA,RG,3720,3,D,YP,AK,F
14:49:46,PTBA,RG,3720,20,D,YP,RX,F
14:49:46,PTBA,RG,3730,2,F,RX,BK,F
14:49:45,PTBA,RG,3730,10,D,XL,BK,F
14:49:43,PTBA,RG,3730,2,F,RX,BK,F
14:49:42,PTBA,RG,3730,1,D,XC,BK,F
14:49:41,PTBA,RG,3720,19,D,YP,ZP,F
14:49:40,PTBA,RG,3730,2,F,RX,BK,F
14:49:39,PTBA,RG,3730,2,D,PD,BK,F
14:49:37,PTBA,RG,3720,19,D,YP,RX,F
14:49:37,PTBA,RG,3730,1,D,PD,BK,F
14:49:34,PTBA,RG,3730,5,F,RX,BK,F
14:49:32,PTBA,RG,3730,15,F,BK,BK,F
14:49:31,PTBA,RG,3720,1,D,YP,AK,F
14:49:31,PTBA,RG,3720,1,D,YP,AK,F
14:49:31,PTBA,RG,3720,29,D,YP,RX,F
14:49:31,PTBA,RG,3730,8,F,RX,BK,F
14:49:30,PTBA,RG,3720,60,D,YP,ZP,F
14:49:27,PTBA,RG,3720,1,D,YP,BK,F
14:49:26,PTBA,RG,3720,7,D,YP,ZP,F
14:49:24,PTBA,RG,3730,6,F,RX,BK,F
14:49:24,PTBA,RG,3730,1,D,PD,BK,F
14:49:23,PTBA,RG,3730,15,F,BK,BK,F
14:49:21,PTBA,RG,3720,40,D,YP,RX,F
14:49:16,PTBA,RG,3720,1,D,YP,AK,F
14:49:16,PTBA,RG,3720,1,D,YP,AK,F
14:49:11,PTBA,RG,3730,15,F,RX,BK,F
14:49:11,PTBA,RG,3730,1,D,KK,BK,F
14:49:10,PTBA,RG,3730,15,F,BK,BK,F
14:49:09,PTBA,RG,3730,120,D,RS,BK,F
14:49:08,PTBA,RG,3730,1,F,RX,BK,F
14:49:08,PTBA,RG,3730,1,D,PD,BK,F
14:49:08,PTBA,RG,3730,1,D,XC,BK,F
14:49:06,PTBA,RG,3730,2,F,RX,BK,F
14:49:04,PTBA,RG,3720,24,D,YP,RX,F
14:49:03,PTBA,RG,3730,5,F,RX,BK,F
14:49:03,PTBA,RG,3720,36,D,YP,AK,D
14:49:03,PTBA,RG,3720,1,D,YP,AK,D
14:49:01,PTBA,RG,3730,3,D,YP,BK,F
14:49:01,PTBA,RG,3720,2,D,YP,AK,F
14:49:01,PTBA,RG,3720,4,D,YP,AK,F
14:49:01,PTBA,RG,3720,1,D,YP,AK,F
14:49:00,PTBA,RG,3730,2,F,RX,BK,F
14:49:00,PTBA,RG,3720,8,D,YP,AK,F
14:49:00,PTBA,RG,3720,1,D,YP,AK,F
14:49:00,PTBA,RG,3720,1,D,YP,AK,F
14:48:59,PTBA,RG,3720,1,D,YP,AK,D
14:48:58,PTBA,RG,3730,2,F,RX,BK,F
14:48:58,PTBA,RG,3730,20,D,CC,BK,F
14:48:57,PTBA,RG,3730,3,F,RX,BK,F
14:48:57,PTBA,RG,3720,3,D,YP,AK,D
14:48:57,PTBA,RG,3720,7,D,YP,AK,F
14:48:56,PTBA,RG,3720,20,D,YP,ZP,F
14:48:54,PTBA,RG,3730,67,F,RX,BK,F
14:48:54,PTBA,RG,3730,25,F,RX,ZP,F
14:48:54,PTBA,RG,3730,69,F,RX,ZP,F
14:48:54,PTBA,RG,3730,5,F,RX,ZP,F
14:48:53,PTBA,RG,3720,13,D,YP,BK,F
14:48:49,PTBA,RG,3730,10,D,YP,ZP,F
14:48:46,PTBA,RG,3720,16,D,YP,AK,D
14:48:46,PTBA,RG,3720,4,D,YP,AK,D
14:48:46,PTBA,RG,3720,1,D,YP,AK,F
14:48:46,PTBA,RG,3720,2,D,YP,AK,F
14:48:46,PTBA,RG,3720,1,D,YP,AK,F
14:48:34,PTBA,RG,3720,10,D,YP,AK,D
14:48:34,PTBA,RG,3720,73,D,YP,RX,F
14:48:34,PTBA,RG,3720,21,D,YP,RX,F
14:48:34,PTBA,RG,3720,1,D,NI,RX,F
14:48:34,PTBA,RG,3720,25,D,OD,RX,F
14:48:34,PTBA,RG,3720,10,D,PD,RX,F
14:48:34,PTBA,RG,3720,1,D,CC,RX,F
14:48:34,PTBA,RG,3720,1,D,XC,RX,F
14:48:34,PTBA,RG,3720,20,D,CC,RX,F
14:48:34,PTBA,RG,3720,1,D,PD,RX,F
14:48:34,PTBA,RG,3720,41,D,AZ,RX,F
14:48:34,PTBA,RG,3720,9,D,AZ,RX,F
14:48:34,PTBA,RG,3720,100,D,YJ,RX,F
14:48:34,PTBA,RG,3720,100,D,YP,RX,F
14:48:34,PTBA,RG,3720,8,D,KK,RX,F
14:48:34,PTBA,RG,3720,3,D,KK,RX,F
14:48:34,PTBA,RG,3720,13,D,XC,RX,F
14:48:34,PTBA,RG,3720,29,D,SQ,RX,F
14:48:34,PTBA,RG,3720,1,D,CC,RX,F
14:48:34,PTBA,RG,3720,14,D,KK,RX,F
14:48:34,PTBA,RG,3720,5,D,PD,RX,F
14:48:34,PTBA,RG,3720,50,D,YP,RX,F
14:48:34,PTBA,RG,3720,5,D,BQ,RX,F
14:48:34,PTBA,RG,3720,34,D,BQ,RX,F
14:48:34,PTBA,RG,3720,961,D,BQ,RX,F
14:48:34,PTBA,RG,3720,2,D,YP,RX,F
14:48:34,PTBA,RG,3720,2,D,CC,RX,F
14:48:34,PTBA,RG,3720,11,F,RX,RX,F
14:48:34,PTBA,RG,3720,100,D,YP,RX,F
14:48:34,PTBA,RG,3720,5,D,XC,RX,F
14:48:34,PTBA,RG,3720,13,F,RX,RX,F
14:48:34,PTBA,RG,3720,15,D,GR,RX,F
14:48:34,PTBA,RG,3720,8,F,RX,RX,F
14:48:34,PTBA,RG,3720,1,D,DR,RX,F
14:48:34,PTBA,RG,3720,8,D,CC,RX,F
14:48:34,PTBA,RG,3720,2,D,PD,RX,F
14:48:34,PTBA,RG,3720,2,D,XL,RX,F
14:48:34,PTBA,RG,3720,1,D,CC,RX,F
14:48:34,PTBA,RG,3720,10,D,EP,RX,F
14:48:34,PTBA,RG,3720,5,D,XC,RX,F
14:48:34,PTBA,RG,3720,5,D,PD,RX,F
14:48:34,PTBA,RG,3720,1,D,YP,RX,F
14:48:34,PTBA,RG,3720,50,D,YP,RX,F
14:48:34,PTBA,RG,3720,10,D,DH,RX,F
14:48:34,PTBA,RG,3720,1,D,NI,RX,F
14:48:34,PTBA,RG,3720,173,D,CP,RX,F
14:48:32,PTBA,RG,3730,1,D,XL,ZP,F
14:48:31,PTBA,RG,3720,4,D,CP,RX,F
14:48:30,PTBA,RG,3720,23,D,CP,ZP,F
14:48:30,PTBA,RG,3720,2,D,PD,ZP,F
14:48:30,PTBA,RG,3720,1,D,KK,ZP,F
14:48:30,PTBA,RG,3720,2,D,ZP,ZP,F
14:48:18,PTBA,RG,3720,6,D,ZP,RX,F
14:48:16,PTBA,RG,3720,1,D,ZP,AK,F
14:48:16,PTBA,RG,3720,1,D,ZP,AK,F
14:48:15,PTBA,RG,3720,13,D,ZP,BK,F
14:48:15,PTBA,RG,3720,25,D,ZP,AK,F
14:48:14,PTBA,RG,3720,1,D,ZP,RX,F
14:48:12,PTBA,RG,3730,10,D,XC,ZP,F
14:48:06,PTBA,RG,3720,1,D,ZP,RX,F
14:48:06,PTBA,RG,3720,3,D,ZP,AK,F
14:48:05,PTBA,RG,3730,1,D,YP,ZP,F
14:48:03,PTBA,RG,3720,1,D,ZP,RX,F
14:48:03,PTBA,RG,3720,5,D,ZP,AK,D
14:48:01,PTBA,RG,3720,1,D,ZP,AK,F
14:48:01,PTBA,RG,3720,1,D,ZP,AK,F
14:48:00,PTBA,RG,3720,20,D,ZP,RX,F
14:48:00,PTBA,RG,3720,27,D,ZP,ZP,F
14:48:00,PTBA,RG,3730,15,D,KZ,ZP,F
14:48:00,PTBA,RG,3730,88,D,KZ,YP,D
14:47:59,PTBA,RG,3730,5,D,NI,YP,D
14:47:50,PTBA,RG,3720,6,D,ZP,RX,F
14:47:50,PTBA,RG,3720,41,D,ZP,ZP,F
14:47:47,PTBA,RG,3720,4,D,ZP,RX,F
14:47:45,PTBA,RG,3720,24,D,ZP,AK,D
14:47:45,PTBA,RG,3720,2,D,ZP,RX,F
14:47:45,PTBA,RG,3720,11,D,ZP,AK,F
14:47:45,PTBA,RG,3730,1,D,KK,YP,D
14:47:34,PTBA,RG,3720,104,D,ZP,RX,F
14:47:34,PTBA,RG,3720,1,D,DR,RX,F
14:47:34,PTBA,RG,3720,5,D,YP,RX,F
14:47:34,PTBA,RG,3720,3,D,PD,RX,F
14:47:34,PTBA,RG,3720,1,D,XC,RX,F
14:47:34,PTBA,RG,3720,10,D,YP,RX,F
14:47:34,PTBA,RG,3720,5,D,AZ,RX,F
14:47:34,PTBA,RG,3720,200,D,YJ,RX,F
14:47:34,PTBA,RG,3720,1,D,LG,RX,F
14:47:34,PTBA,RG,3720,5,D,XC,RX,F
14:47:34,PTBA,RG,3720,5,D,KK,RX,F
14:47:34,PTBA,RG,3720,5,D,YP,RX,F
14:47:34,PTBA,RG,3720,5,D,YP,RX,F
14:47:34,PTBA,RG,3720,1,D,PD,RX,F
14:47:34,PTBA,RG,3720,411,F,RX,RX,F
14:47:34,PTBA,RG,3720,1,D,XC,RX,F
14:47:34,PTBA,RG,3720,5,D,YP,RX,F
14:47:34,PTBA,RG,3720,3,D,NI,RX,F
14:47:34,PTBA,RG,3720,10,D,XL,RX,F
14:47:34,PTBA,RG,3720,2,D,YP,RX,F
14:47:34,PTBA,RG,3720,50,D,CC,RX,F
14:47:34,PTBA,RG,3720,10,D,NI,RX,F
14:47:34,PTBA,RG,3720,1,D,XC,RX,F
14:47:34,PTBA,RG,3720,30,D,IF,RX,F
14:47:34,PTBA,RG,3720,10,D,OD,RX,F
14:47:34,PTBA,RG,3720,1,D,XL,RX,F
14:47:34,PTBA,RG,3720,1,D,PD,RX,F
14:47:34,PTBA,RG,3720,1,D,YP,RX,F
14:47:34,PTBA,RG,3720,10,D,CC,RX,F
14:47:34,PTBA,RG,3720,1,D,GR,RX,F
14:47:34,PTBA,RG,3720,1,D,YP,RX,F
14:47:34,PTBA,RG,3720,100,D,CC,RX,F
14:47:34,PTBA,RG,3720,10,D,GR,RX,F
14:47:34,PTBA,RG,3720,10,D,YP,RX,F
14:47:34,PTBA,RG,3720,1,D,XC,RX,F
14:47:34,PTBA,RG,3720,1,D,YP,RX,F
14:47:34,PTBA,RG,3720,20,D,OD,RX,F
14:47:34,PTBA,RG,3720,1,D,PD,RX,F
14:47:34,PTBA,RG,3720,1,D,XC,RX,F
14:47:34,PTBA,RG,3720,1,D,XL,RX,F
14:47:34,PTBA,RG,3720,5,D,XL,RX,F
14:47:34,PTBA,RG,3720,1,D,YP,RX,F
14:47:34,PTBA,RG,3720,1,D,KK,RX,F
14:47:34,PTBA,RG,3720,2,D,DH,RX,F
14:47:34,PTBA,RG,3720,3,D,YP,RX,F
14:47:34,PTBA,RG,3720,1,D,YP,RX,F
14:47:34,PTBA,RG,3720,1,D,PD,RX,F
14:47:34,PTBA,RG,3720,1,D,YP,RX,F
14:47:34,PTBA,RG,3720,21,D,EP,RX,F
14:47:34,PTBA,RG,3720,28,D,EP,RX,F
14:47:34,PTBA,RG,3720,3,D,XL,RX,F
14:47:34,PTBA,RG,3720,1,D,PD,RX,F
14:47:34,PTBA,RG,3720,1,D,DR,RX,F
14:47:34,PTBA,RG,3720,1,D,NI,RX,F
14:47:34,PTBA,RG,3720,194,D,YP,RX,F
14:47:33,PTBA,RG,3730,1,F,RX,YP,D
14:47:33,PTBA,RG,3730,1,D,PD,YP,D
14:47:33,PTBA,RG,3720,4,D,YP,PD,D
14:47:33,PTBA,RG,3730,1,D,XC,YP,D
14:47:32,PTBA,RG,3720,1,D,YP,EP,D
14:47:32,PTBA,RG,3720,1,D,YP,CC,D
14:47:32,PTBA,RG,3720,1,D,PD,CC,D
14:47:32,PTBA,RG,3720,20,D,PD,BK,F
14:47:32,PTBA,RG,3720,1,D,CC,BK,F
14:47:32,PTBA,RG,3720,1,D,PD,BK,F
14:47:32,PTBA,RG,3720,1,D,XL,BK,F
14:47:32,PTBA,RG,3720,1,D,AZ,BK,F
14:47:32,PTBA,RG,3720,10,D,EP,BK,F
14:47:32,PTBA,RG,3720,3,D,XL,BK,F
14:47:32,PTBA,RG,3720,50,D,PD,BK,F
14:47:32,PTBA,RG,3720,5,D,XC,BK,F
14:47:32,PTBA,RG,3720,100,D,YP,BK,F
14:47:32,PTBA,RG,3720,5,D,XC,BK,F
14:47:32,PTBA,RG,3720,1,D,CC,BK,F
14:47:32,PTBA,RG,3720,50,D,OD,BK,F
14:47:32,PTBA,RG,3720,2,D,YP,BK,F
14:47:32,PTBA,RG,3720,5,D,YP,BK,F
14:47:32,PTBA,RG,3720,30,D,YP,BK,F
14:47:32,PTBA,RG,3720,10,D,CC,BK,F
14:47:32,PTBA,RG,3720,1,D,PD,BK,F
14:47:32,PTBA,RG,3720,11,D,PD,BK,F
14:47:32,PTBA,RG,3720,10,D,PD,BK,F
14:47:32,PTBA,RG,3720,3,D,PD,BK,F
14:47:32,PTBA,RG,3720,5,D,PD,BK,F
14:47:32,PTBA,RG,3720,20,D,PD,BK,F
14:47:32,PTBA,RG,3720,10,D,HP,BK,F
14:47:32,PTBA,RG,3720,55,D,NI,BK,F
14:47:32,PTBA,RG,3720,1,D,YP,BK,F
14:47:32,PTBA,RG,3720,5,D,YP,BK,F
14:47:32,PTBA,RG,3720,142,D,YP,BK,F
14:47:32,PTBA,RG,3720,50,D,CC,BK,F
14:47:32,PTBA,RG,3720,5,D,YP,BK,F
14:47:32,PTBA,RG,3720,7,D,PD,BK,F
14:47:32,PTBA,RG,3720,5,D,TP,BK,F
14:47:32,PTBA,RG,3720,1,D,LG,BK,F
14:47:32,PTBA,RG,3720,3,F,YP,BK,F
14:47:32,PTBA,RG,3720,1,D,PD,BK,F
14:47:32,PTBA,RG,3720,1,D,NI,BK,F
14:47:32,PTBA,RG,3720,5,D,DR,BK,F
14:47:32,PTBA,RG,3720,50,D,CC,BK,F
14:47:32,PTBA,RG,3720,3,D,LG,BK,F
14:47:32,PTBA,RG,3720,100,D,CC,BK,F
14:47:32,PTBA,RG,3720,1,D,XL,BK,F
14:47:32,PTBA,RG,3720,1,D,XC,BK,F
14:47:32,PTBA,RG,3720,1,D,PD,BK,F
14:47:32,PTBA,RG,3720,30,D,XA,BK,F
14:47:32,PTBA,RG,3720,50,D,YP,BK,F
14:47:32,PTBA,RG,3720,2,D,XL,BK,F
14:47:32,PTBA,RG,3720,50,D,CC,BK,F
14:47:32,PTBA,RG,3720,1,D,YP,BK,F
14:47:32,PTBA,RG,3720,5,D,YP,BK,F
14:47:32,PTBA,RG,3720,4,D,NI,BK,F
14:47:32,PTBA,RG,3720,10,D,PD,BK,F
14:47:32,PTBA,RG,3720,35,D,CC,BK,F
14:47:32,PTBA,RG,3720,2,D,SQ,BK,F
14:47:32,PTBA,RG,3720,30,D,DH,BK,F
14:47:32,PTBA,RG,3720,500,D,IF,BK,F
14:47:32,PTBA,RG,3720,10,D,XC,BK,F
14:47:32,PTBA,RG,3720,1,D,LS,BK,F
14:47:32,PTBA,RG,3720,1,D,YP,BK,F
14:47:32,PTBA,RG,3720,10,D,YP,BK,F
14:47:32,PTBA,RG,3720,100,D,LG,BK,F
14:47:32,PTBA,RG,3720,1,D,OD,BK,F
14:47:32,PTBA,RG,3720,5,D,PD,BK,F
14:47:32,PTBA,RG,3720,1,D,KK,BK,F
14:47:32,PTBA,RG,3720,8,D,YP,BK,F
14:47:32,PTBA,RG,3720,8,D,CC,BK,F
14:47:32,PTBA,RG,3720,1,D,NI,BK,F
14:47:32,PTBA,RG,3720,1,D,KK,BK,F
14:47:32,PTBA,RG,3720,2,D,OD,BK,F
14:47:32,PTBA,RG,3720,1,D,XL,BK,F
14:47:32,PTBA,RG,3720,1,D,XL,BK,F
14:47:32,PTBA,RG,3720,1,D,PD,BK,F
14:47:32,PTBA,RG,3720,6,D,KK,BK,F
14:47:32,PTBA,RG,3720,2,D,XL,BK,F
14:47:32,PTBA,RG,3720,5,D,YP,BK,F
14:47:32,PTBA,RG,3720,3,D,XL,BK,F
14:47:32,PTBA,RG,3720,10,D,YP,BK,F
14:47:32,PTBA,RG,3720,100,D,GR,BK,F
14:47:32,PTBA,RG,3720,2,D,AT,BK,F
14:47:32,PTBA,RG,3720,264,F,RX,BK,F
14:47:32,PTBA,RG,3720,1,D,PD,BK,F
14:47:32,PTBA,RG,3720,8,D,XL,BK,F
14:47:32,PTBA,RG,3720,2,D,YP,BK,F
14:47:32,PTBA,RG,3720,100,D,NI,BK,F
14:47:32,PTBA,RG,3720,1,D,CC,BK,F
14:47:32,PTBA,RG,3720,1,D,PD,BK,F
14:47:32,PTBA,RG,3720,1,D,XC,BK,F
14:47:32,PTBA,RG,3720,4,D,NI,BK,F
14:47:32,PTBA,RG,3720,1,D,PD,BK,F
14:47:32,PTBA,RG,3720,1,D,KK,BK,F
14:47:32,PTBA,RG,3720,200,D,NI,BK,F
14:47:32,PTBA,RG,3720,1,D,YB,BK,F
14:47:32,PTBA,RG,3720,2,D,CC,BK,F
14:47:32,PTBA,RG,3720,2,D,PD,BK,F
14:47:32,PTBA,RG,3720,30,D,CC,BK,F
14:47:32,PTBA,RG,3720,2,D,PD,BK,F
14:47:32,PTBA,RG,3720,78,D,YP,BK,F
14:47:32,PTBA,RG,3720,1,D,YP,KK,D
14:47:32,PTBA,RG,3720,3,D,YP,YP,D
14:47:31,PTBA,RG,3720,20,D,YP,PD,D
14:47:31,PTBA,RG,3720,165,D,YP,BK,F
14:47:31,PTBA,RG,3720,1,D,YP,BK,F
14:47:31,PTBA,RG,3720,1,D,YU,BK,F
14:47:31,PTBA,RG,3720,10,D,PD,BK,F
14:47:31,PTBA,RG,3720,10,D,YP,BK,F
14:47:31,PTBA,RG,3720,1,D,YP,BK,F
14:47:31,PTBA,RG,3720,25,D,PD,BK,F
14:47:31,PTBA,RG,3720,5,D,PD,BK,F
14:47:31,PTBA,RG,3720,1,D,NI,BK,F
14:47:31,PTBA,RG,3720,2000,D,GR,BK,F
14:47:31,PTBA,RG,3720,3,D,CC,BK,F
14:47:31,PTBA,RG,3720,10,D,YP,BK,F
14:47:31,PTBA,RG,3720,1,D,CC,BK,F
14:47:31,PTBA,RG,3720,1,D,XL,BK,F
14:47:31,PTBA,RG,3720,25,D,PD,BK,F
14:47:31,PTBA,RG,3720,30,D,PD,BK,F
14:47:31,PTBA,RG,3720,1,D,YP,BK,F
14:47:31,PTBA,RG,3720,6,D,CC,BK,F
14:47:31,PTBA,RG,3720,1,D,DH,BK,F
14:47:31,PTBA,RG,3720,10,D,ZP,BK,F
14:47:31,PTBA,RG,3720,1,D,YP,BK,F
14:47:31,PTBA,RG,3720,5,D,DR,BK,F
14:47:31,PTBA,RG,3720,15,D,DR,BK,F
14:47:31,PTBA,RG,3720,50,D,EP,BK,F
14:47:31,PTBA,RG,3720,10,D,DR,BK,F
14:47:31,PTBA,RG,3720,100,D,DH,BK,F
14:47:31,PTBA,RG,3720,2,D,KK,BK,F
14:47:29,PTBA,RG,3730,3,D,CC,YP,D
14:47:26,PTBA,RG,3740,6,D,PD,RX,F
14:47:25,PTBA,RG,3730,11,F,RX,RX,F
14:47:24,PTBA,RG,3730,15,F,RX,BK,F
14:47:24,PTBA,RG,3730,48,F,RX,RX,F
14:47:24,PTBA,RG,3730,6,D,NI,RX,F
14:47:24,PTBA,RG,3730,2,D,AZ,RX,F
14:47:24,PTBA,RG,3730,25,D,MG,RX,F
14:47:24,PTBA,RG,3730,10,D,YP,RX,F
14:47:24,PTBA,RG,3730,5,D,XC,RX,F
14:47:23,PTBA,RG,3730,5,D,XC,ZP,F
14:47:23,PTBA,RG,3730,2,D,GR,ZP,F
14:47:23,PTBA,RG,3730,10,D,YU,ZP,F
14:47:23,PTBA,RG,3730,10,D,ZP,ZP,F
14:47:23,PTBA,RG,3730,11,D,YP,ZP,F
14:47:23,PTBA,RG,3730,9,D,YP,ZP,F
14:47:23,PTBA,RG,3730,1,D,XC,ZP,F
14:47:23,PTBA,RG,3730,14,D,EP,ZP,F
14:47:23,PTBA,RG,3730,1,D,EP,YP,D
14:47:23,PTBA,RG,3730,3,D,CC,YP,D
14:47:23,PTBA,RG,3730,3,D,XL,YP,D
14:47:23,PTBA,RG,3730,20,D,CC,YP,D
14:47:23,PTBA,RG,3730,50,D,CC,YP,D
14:47:23,PTBA,RG,3730,1,D,YP,YP,D
14:47:23,PTBA,RG,3730,11,D,YP,YP,D
14:47:23,PTBA,RG,3730,2,D,DH,YP,D
14:47:23,PTBA,RG,3730,15,D,CC,YP,D
14:47:23,PTBA,RG,3730,2,D,NI,YP,D
14:47:23,PTBA,RG,3730,5,D,PD,YP,D
14:47:23,PTBA,RG,3730,1,D,XL,YP,D
14:47:23,PTBA,RG,3730,1,D,KK,YP,D
14:47:23,PTBA,RG,3730,100,D,CC,YP,D
14:47:23,PTBA,RG,3730,3,D,XC,YP,D
14:47:23,PTBA,RG,3730,10,D,GR,YP,D
14:47:23,PTBA,RG,3730,1,D,DH,YP,D
14:47:23,PTBA,RG,3730,1,D,XL,YP,D
14:47:23,PTBA,RG,3730,2,D,SQ,YP,D
14:47:23,PTBA,RG,3730,10,D,ZP,YP,D
14:47:23,PTBA,RG,3730,2,D,OD,YP,D
14:47:23,PTBA,RG,3730,2,D,HP,YP,D
14:47:23,PTBA,RG,3730,1,D,NI,YP,D
14:47:23,PTBA,RG,3730,50,D,YP,YP,D
14:47:23,PTBA,RG,3730,1,D,YP,YP,D
14:47:23,PTBA,RG,3730,200,D,AF,YP,D
14:47:23,PTBA,RG,3730,200,D,EP,YP,D
14:47:23,PTBA,RG,3730,3,D,DH,YP,D
14:47:23,PTBA,RG,3730,1,D,XL,YP,D
14:47:23,PTBA,RG,3730,100,D,PC,YP,D
14:47:23,PTBA,RG,3730,4,D,KK,YP,D
14:47:23,PTBA,RG,3730,338,F,BK,YP,D
14:47:23,PTBA,RG,3730,30,D,YU,YP,D
14:47:23,PTBA,RG,3730,1,D,PD,YP,D
14:47:23,PTBA,RG,3730,2,D,PD,YP,D
14:47:23,PTBA,RG,3730,5,D,XL,YP,D
14:47:23,PTBA,RG,3730,50,D,DH,YP,D
14:47:23,PTBA,RG,3730,165,D,XL,YP,D
14:47:23,PTBA,RG,3730,1,D,NI,YP,D
14:47:23,PTBA,RG,3730,27,D,DH,YP,D
14:47:23,PTBA,RG,3730,100,D,YP,YP,D
14:47:23,PTBA,RG,3730,15,D,OD,YP,D
14:47:23,PTBA,RG,3730,2,D,XL,YP,D
14:47:23,PTBA,RG,3730,10,D,OD,YP,D
14:47:23,PTBA,RG,3730,15,D,XC,YP,D
14:47:23,PTBA,RG,3730,1,D,DH,YP,D
14:47:23,PTBA,RG,3730,1,D,YP,YP,D
14:47:23,PTBA,RG,3730,10,D,OD,YP,D
14:47:23,PTBA,RG,3730,50,D,YP,YP,D
14:47:23,PTBA,RG,3730,6,D,YP,YP,D
14:47:23,PTBA,RG,3730,268,F,NI,YP,D
14:47:23,PTBA,RG,3730,2,D,YP,YP,D
14:47:23,PTBA,RG,3730,10,D,XC,YP,D
14:47:23,PTBA,RG,3730,1,D,KK,YP,D
14:47:23,PTBA,RG,3730,2,D,XC,YP,D
14:47:23,PTBA,RG,3730,1,D,DR,YP,D
14:47:23,PTBA,RG,3730,1,D,NI,YP,D
14:47:23,PTBA,RG,3730,250,D,LG,YP,D
14:47:23,PTBA,RG,3730,2,D,PD,YP,D
14:47:23,PTBA,RG,3730,2,D,YP,YP,D
14:47:23,PTBA,RG,3730,1,D,AI,YP,D
14:47:23,PTBA,RG,3730,1,D,XC,YP,D
14:47:23,PTBA,RG,3730,1,D,YP,YP,D
14:47:23,PTBA,RG,3730,10,D,CC,YP,D
14:47:23,PTBA,RG,3730,2,D,NI,YP,D
14:47:23,PTBA,RG,3730,20,D,CC,YP,D
14:47:23,PTBA,RG,3730,2,D,PD,YP,D
14:47:23,PTBA,RG,3730,1,D,PD,YP,D
14:47:23,PTBA,RG,3730,200,D,YP,YP,D
14:47:23,PTBA,RG,3730,5,D,ZP,YP,D
14:47:23,PTBA,RG,3730,150,D,YJ,YP,D
14:47:23,PTBA,RG,3730,1,D,LG,YP,D
14:47:23,PTBA,RG,3730,1,D,YP,YP,D
14:47:23,PTBA,RG,3730,5,D,CC,YP,D
14:47:23,PTBA,RG,3730,53,D,YP,YP,D
14:47:23,PTBA,RG,3730,8,D,CC,YP,D
14:47:23,PTBA,RG,3730,4,D,XL,YP,D
14:47:23,PTBA,RG,3730,1,D,YP,YP,D
14:47:23,PTBA,RG,3730,1,D,DR,YP,D
14:47:23,PTBA,RG,3730,3,D,KK,YP,D
14:47:23,PTBA,RG,3730,20,D,LG,YP,D
14:47:23,PTBA,RG,3730,10,D,YP,YP,D
14:47:23,PTBA,RG,3730,10,D,YP,YP,D
14:47:23,PTBA,RG,3730,100,D,CC,YP,D
14:47:23,PTBA,RG,3730,3,D,PD,YP,D
14:47:23,PTBA,RG,3730,1,D,XC,YP,D
14:47:23,PTBA,RG,3730,1,D,YU,YP,D
14:47:23,PTBA,RG,3730,12,D,XC,YP,D
14:47:23,PTBA,RG,3730,2,D,OD,YP,D
14:47:23,PTBA,RG,3730,8,D,XL,YP,D
14:47:23,PTBA,RG,3730,5,D,YP,YP,D
14:47:23,PTBA,RG,3730,1,D,CC,YP,D
14:47:23,PTBA,RG,3730,5,D,KK,YP,D
14:47:23,PTBA,RG,3730,10,D,PD,YP,D
14:47:23,PTBA,RG,3730,4,D,XC,YP,D
14:47:23,PTBA,RG,3730,10,D,YP,YP,D
14:47:23,PTBA,RG,3730,2,D,GR,YP,D
14:47:23,PTBA,RG,3730,4,D,XC,YP,D
14:47:23,PTBA,RG,3730,25,D,CC,YP,D
14:47:23,PTBA,RG,3730,1,D,PD,YP,D
14:47:23,PTBA,RG,3730,1,D,PD,YP,D
14:47:23,PTBA,RG,3730,1,D,XL,YP,D
14:47:23,PTBA,RG,3730,6,D,DR,YP,D
14:47:23,PTBA,RG,3730,1,D,XL,YP,D
14:47:23,PTBA,RG,3730,8,D,AT,YP,D
14:47:23,PTBA,RG,3730,1,D,YP,YP,D
14:47:23,PTBA,RG,3730,5,D,YP,YP,D
14:47:23,PTBA,RG,3730,10,D,YP,YP,D
14:47:23,PTBA,RG,3730,1,D,PD,YP,D
14:47:23,PTBA,RG,3730,9,D,XC,YP,D
14:47:23,PTBA,RG,3730,13,D,PD,YP,D
14:47:23,PTBA,RG,3730,50,D,CC,YP,D
14:47:23,PTBA,RG,3730,19,D,OD,YP,D
14:47:23,PTBA,RG,3730,10,D,PD,YP,D
14:47:23,PTBA,RG,3730,2,D,XL,YP,D
14:47:23,PTBA,RG,3730,10,D,PD,YP,D
14:47:23,PTBA,RG,3730,10,D,XC,YP,D
14:47:23,PTBA,RG,3730,54,D,HP,YP,D
14:47:23,PTBA,RG,3730,1,D,PD,YP,D
14:47:23,PTBA,RG,3730,26,D,PD,YP,D
14:47:23,PTBA,RG,3730,20,D,OD,YP,D
14:47:23,PTBA,RG,3730,2,D,AT,YP,D
14:47:23,PTBA,RG,3730,50,D,CC,YP,D
14:47:23,PTBA,RG,3730,5,D,NI,YP,D
14:47:23,PTBA,RG,3730,1,D,AZ,YP,D
14:47:23,PTBA,RG,3730,6,D,CC,YP,D
14:47:23,PTBA,RG,3730,4,D,YU,YP,D
14:47:23,PTBA,RG,3730,50,D,YP,YP,D
14:47:23,PTBA,RG,3730,5,D,AZ,YP,D
14:47:23,PTBA,RG,3730,25,D,SQ,YP,D
14:47:23,PTBA,RG,3730,5,D,HP,YP,D
14:47:23,PTBA,RG,3730,2,D,XL,YP,D
14:47:23,PTBA,RG,3730,1,D,XL,YP,D
14:47:23,PTBA,RG,3730,2,D,PD,YP,D
14:47:23,PTBA,RG,3730,1,D,XC,YP,D
14:47:23,PTBA,RG,3730,5,D,SQ,YP,D
14:47:23,PTBA,RG,3730,1,D,XL,YP,D
14:47:23,PTBA,RG,3730,10,D,YP,YP,D
14:47:23,PTBA,RG,3730,1,D,PD,YP,D
14:47:23,PTBA,RG,3730,2,D,PD,YP,D
14:47:23,PTBA,RG,3730,2,D,DH,YP,D
14:47:23,PTBA,RG,3730,5,D,GR,YP,D
14:47:23,PTBA,RG,3730,10,D,AZ,YP,D
14:47:23,PTBA,RG,3730,1,D,YP,YP,D
14:47:23,PTBA,RG,3730,3,D,XL,YP,D
14:47:23,PTBA,RG,3730,1,D,GR,YP,D
14:47:23,PTBA,RG,3730,25,D,CC,YP,D
14:47:23,PTBA,RG,3730,1,D,PD,YP,D
14:47:23,PTBA,RG,3730,2,D,KK,YP,D
14:47:23,PTBA,RG,3730,1,D,PD,YP,D
14:47:23,PTBA,RG,3730,100,D,LG,YP,D
14:47:23,PTBA,RG,3730,4,D,OD,YP,D
14:47:23,PTBA,RG,3730,2,D,PD,YP,D
14:47:23,PTBA,RG,3730,100,D,CC,YP,D
14:47:23,PTBA,RG,3730,3,D,YP,YP,D
14:47:23,PTBA,RG,3730,1,D,LG,YP,D
14:47:23,PTBA,RG,3730,100,D,CC,YP,D
14:47:23,PTBA,RG,3730,10,D,YP,YP,D
14:47:23,PTBA,RG,3730,1,D,PD,YP,D
14:47:23,PTBA,RG,3730,1,D,PD,YP,D
14:47:23,PTBA,RG,3730,5,D,XL,YP,D
14:47:23,PTBA,RG,3730,1,D,OD,YP,D
14:47:23,PTBA,RG,3730,93,F,RX,YP,D
14:47:23,PTBA,RG,3730,1,D,NI,YP,D
14:47:23,PTBA,RG,3730,30,D,PD,YP,D
14:47:23,PTBA,RG,3730,20,D,KK,YP,D
14:47:23,PTBA,RG,3730,1,D,PD,YP,D
14:47:23,PTBA,RG,3730,1,D,YP,YP,D
14:47:23,PTBA,RG,3730,1,D,XC,YP,D
14:47:23,PTBA,RG,3730,20,D,PD,YP,D
14:47:23,PTBA,RG,3730,1,D,XC,YP,D
14:47:23,PTBA,RG,3730,1,D,YU,YP,D
14:47:23,PTBA,RG,3730,1,D,XC,YP,D
14:47:23,PTBA,RG,3730,3,D,KK,YP,D
14:47:23,PTBA,RG,3730,5,D,PD,YP,D
14:47:23,PTBA,RG,3730,2,D,PD,YP,D
14:47:23,PTBA,RG,3730,2,D,OD,YP,D
14:47:23,PTBA,RG,3730,3,D,XL,YP,D
14:47:23,PTBA,RG,3730,1,D,YP,YP,D
14:47:23,PTBA,RG,3730,1,D,YP,YP,D
14:47:23,PTBA,RG,3730,2,D,XC,YP,D
14:47:23,PTBA,RG,3730,3,D,BQ,YP,D
14:47:23,PTBA,RG,3730,1,D,PD,YP,D
14:47:23,PTBA,RG,3730,1,D,YP,YP,D
14:47:23,PTBA,RG,3730,50,D,CC,YP,D
14:47:23,PTBA,RG,3730,28,D,EP,YP,D
14:47:23,PTBA,RG,3730,1,D,PD,YP,D
14:47:23,PTBA,RG,3730,33,D,EP,YP,D
14:47:23,PTBA,RG,3730,3,D,YP,YP,D
14:47:23,PTBA,RG,3730,53,D,XC,YP,D
14:47:23,PTBA,RG,3730,2,D,XL,YP,D
14:47:23,PTBA,RG,3730,1,D,OD,YP,D
14:47:23,PTBA,RG,3730,1,D,YP,YP,D
14:47:23,PTBA,RG,3730,4,D,BQ,YP,D
14:47:23,PTBA,RG,3730,2,D,YP,YP,D
14:47:23,PTBA,RG,3730,45,D,NI,YP,D
14:47:23,PTBA,RG,3730,1,D,PD,YP,D
14:47:23,PTBA,RG,3730,3,D,YP,YP,D
14:47:23,PTBA,RG,3730,5,D,CC,YP,D
14:47:23,PTBA,RG,3730,4,D,YP,YP,D
14:47:23,PTBA,RG,3730,1,D,PD,YP,D
14:47:23,PTBA,RG,3730,50,D,YP,YP,D
14:47:23,PTBA,RG,3730,13,D,SQ,YP,D
14:47:23,PTBA,RG,3730,2,D,PD,YP,D
14:47:23,PTBA,RG,3730,10,D,YP,YP,D
14:47:23,PTBA,RG,3730,1,D,PD,YP,D
14:47:23,PTBA,RG,3730,1,D,PD,YP,D
14:47:23,PTBA,RG,3730,1,D,AN,YP,D
14:47:23,PTBA,RG,3730,241,F,RX,YP,D
14:47:23,PTBA,RG,3730,17,D,XC,YP,D
14:47:23,PTBA,RG,3730,1,D,CC,YP,D
14:47:23,PTBA,RG,3730,1,D,XL,YP,D
14:47:23,PTBA,RG,3730,1,D,PD,YP,D
14:47:23,PTBA,RG,3730,2,D,OD,YP,D
14:47:23,PTBA,RG,3730,1,D,PD,YP,D
14:47:23,PTBA,RG,3730,3,D,XL,YP,D
14:47:23,PTBA,RG,3730,3,D,PD,YP,D
14:47:23,PTBA,RG,3730,1,D,SQ,YP,D
14:47:23,PTBA,RG,3730,3,D,XC,YP,D
14:47:23,PTBA,RG,3730,25,D,CC,YP,D
14:47:23,PTBA,RG,3730,100,D,PD,YP,D
14:47:23,PTBA,RG,3730,180,D,PD,YP,D
14:47:23,PTBA,RG,3730,1,D,CC,YP,D
14:47:23,PTBA,RG,3730,1,D,CC,YP,D
14:47:23,PTBA,RG,3730,1,D,XL,YP,D
14:47:23,PTBA,RG,3730,2,D,PD,YP,D
14:47:23,PTBA,RG,3730,2,D,YP,YP,D
14:47:23,PTBA,RG,3730,10,D,KK,YP,D
14:47:23,PTBA,RG,3730,20,D,HP,YP,D
14:47:23,PTBA,RG,3730,1,D,XL,YP,D
14:47:23,PTBA,RG,3730,1,D,AZ,YP,D
14:47:23,PTBA,RG,3730,1,D,XC,YP,D
14:47:23,PTBA,RG,3730,2,D,XL,YP,D
14:47:23,PTBA,RG,3730,50,D,PD,YP,D
14:47:23,PTBA,RG,3730,33,F,RX,YP,D
14:47:08,PTBA,RG,3730,3,F,RX,CC,D
14:47:06,PTBA,RG,3740,3,D,CC,RX,F
14:47:02,PTBA,RG,3730,41,F,RX,ZP,F
14:47:02,PTBA,RG,3730,28,F,RX,NI,D
14:47:01,PTBA,RG,3740,20,F,BK,RX,F
14:47:00,PTBA,RG,3730,41,F,RX,ZP,F
14:46:56,PTBA,RG,3740,10,D,YP,RX,F
14:46:50,PTBA,RG,3740,19,F,BK,RX,F
14:46:50,PTBA,RG,3730,10,F,RX,DR,D
14:46:50,PTBA,RG,3740,9,D,KZ,RX,F
14:46:47,PTBA,RG,3740,24,F,BK,RX,F
14:46:45,PTBA,RG,3740,98,D,KZ,RX,F
14:46:45,PTBA,RG,3740,1,D,KZ,RX,F
14:46:41,PTBA,RG,3740,40,F,BK,RX,F
14:46:40,PTBA,RG,3740,100,D,YP,RX,F
14:46:39,PTBA,RG,3740,34,F,RX,RX,F
14:46:36,PTBA,RG,3740,23,D,CC,RX,F
14:46:36,PTBA,RG,3740,13,D,CC,AK,D
14:46:36,PTBA,RG,3740,2,D,CC,AK,F
14:46:36,PTBA,RG,3740,1,D,CC,AK,F
14:46:36,PTBA,RG,3740,4,D,CC,AK,F
14:46:36,PTBA,RG,3740,1,D,CC,AK,F
14:46:36,PTBA,RG,3740,28,D,CC,RX,F
14:46:36,PTBA,RG,3730,11,F,RX,RX,F
14:46:36,PTBA,RG,3730,12,D,RS,RX,F
14:46:36,PTBA,RG,3740,25,D,CC,RX,F
14:46:33,PTBA,RG,3740,82,D,CC,RX,F
14:46:29,PTBA,RG,3740,1,D,EP,RX,F
14:46:28,PTBA,RG,3730,25,D,RS,RX,F
14:46:27,PTBA,RG,3740,18,D,NI,RX,F
14:46:22,PTBA,RG,3730,8,D,RS,BK,F
14:46:19,PTBA,RG,3730,132,D,RS,RX,F
14:46:09,PTBA,RG,3730,23,D,RS,RX,F
14:46:09,PTBA,RG,3730,4,D,XC,RX,F
14:46:09,PTBA,RG,3730,3,D,XC,RX,F
14:46:06,PTBA,RG,3740,1,F,RX,RX,F
14:46:04,PTBA,RG,3730,5,D,CC,BK,F
14:46:04,PTBA,RG,3730,2,D,XC,BK,F
14:46:04,PTBA,RG,3730,1,D,XL,BK,F
14:46:04,PTBA,RG,3730,4,D,XC,BK,F
14:46:04,PTBA,RG,3730,1,D,YP,BK,F
14:46:03,PTBA,RG,3740,54,F,RX,RX,F
14:46:03,PTBA,RG,3740,27,F,RX,ZP,F
14:46:03,PTBA,RG,3740,2,F,RX,BK,F
14:46:03,PTBA,RG,3740,8,F,RX,ZP,F
14:46:03,PTBA,RG,3740,18,D,CC,ZP,F
14:46:02,PTBA,RG,3740,16,D,CC,ZP,F
14:46:02,PTBA,RG,3730,1,D,YP,YP,D
14:46:00,PTBA,RG,3730,12,D,YP,RX,F
14:46:00,PTBA,RG,3730,6,D,YP,BK,F
14:46:00,PTBA,RG,3730,2,D,XL,BK,F
14:46:00,PTBA,RG,3730,2,D,XC,BK,F
14:46:00,PTBA,RG,3730,3,D,XL,RX,F
14:46:00,PTBA,RG,3730,2,D,XL,RX,F
14:46:00,PTBA,RG,3730,1,D,XL,RX,F
14:46:00,PTBA,RG,3730,1,D,XL,RX,F
14:46:00,PTBA,RG,3730,1,D,XL,RX,F
14:46:00,PTBA,RG,3730,1,D,PD,RX,F
14:46:00,PTBA,RG,3730,6,D,PD,RX,F
14:46:00,PTBA,RG,3740,16,D,CC,ZP,F
14:45:59,PTBA,RG,3730,4,D,PD,ZP,F
14:45:59,PTBA,RG,3730,3,D,PD,ZP,F
14:45:59,PTBA,RG,3730,2,D,PD,ZP,F
14:45:59,PTBA,RG,3730,1,D,PD,ZP,F
14:45:59,PTBA,RG,3730,3,D,AT,ZP,F
14:45:59,PTBA,RG,3730,10,D,KK,ZP,F
14:45:59,PTBA,RG,3730,17,D,KK,ZP,F
14:45:59,PTBA,RG,3730,3,D,KK,RX,F
14:45:59,PTBA,RG,3730,7,D,PD,RX,F
14:45:58,PTBA,RG,3730,13,D,PD,AK,D
14:45:58,PTBA,RG,3730,15,D,AZ,AK,D
14:45:58,PTBA,RG,3730,5,D,GR,AK,D
14:45:58,PTBA,RG,3730,30,D,DR,AK,D
14:45:58,PTBA,RG,3730,2,D,DR,RX,F
14:45:40,PTBA,RG,3730,33,D,DR,RX,F
14:45:39,PTBA,RG,3730,35,D,DR,CD,D
14:45:39,PTBA,RG,3730,27,D,NI,CD,D
14:45:39,PTBA,RG,3730,1,D,YP,CD,D
14:45:39,PTBA,RG,3730,2,D,XA,CD,D
14:45:39,PTBA,RG,3730,6,D,DR,CD,D
14:45:39,PTBA,RG,3730,20,D,YB,CD,D
14:45:39,PTBA,RG,3730,1,D,HP,CD,D
14:45:39,PTBA,RG,3730,15,D,KK,CD,D
14:45:39,PTBA,RG,3730,2,D,YP,CD,D
14:45:39,PTBA,RG,3730,1,D,XL,CD,D
14:45:39,PTBA,RG,3730,90,D,CC,CD,D
14:45:37,PTBA,RG,3740,10,D,YP,YP,D
14:45:37,PTBA,RG,3730,10,D,CC,BK,F
14:45:37,PTBA,RG,3730,1,D,XC,BK,F
14:45:37,PTBA,RG,3730,3,D,DX,BK,F
14:45:30,PTBA,RG,3730,2,D,DX,RX,F
14:45:30,PTBA,RG,3730,2,D,KK,RX,F
14:45:30,PTBA,RG,3730,2,D,CC,RX,F
14:45:30,PTBA,RG,3730,8,D,CC,ZP,F
14:45:30,PTBA,RG,3730,1,D,XL,ZP,F
14:45:30,PTBA,RG,3730,1,D,XC,ZP,F
14:45:30,PTBA,RG,3730,1,D,PD,ZP,F
14:45:30,PTBA,RG,3730,3,D,PD,ZP,F
14:45:30,PTBA,RG,3730,10,D,DH,ZP,F
14:45:30,PTBA,RG,3730,1,D,XC,ZP,F
14:45:30,PTBA,RG,3730,2,D,BQ,ZP,F
14:45:30,PTBA,RG,3730,10,D,DH,ZP,F
14:45:30,PTBA,RG,3730,1,D,XC,ZP,F
14:45:19,PTBA,RG,3730,1,D,YP,RX,F
14:45:19,PTBA,RG,3730,1,D,DR,RX,F
14:45:19,PTBA,RG,3730,2,D,YP,RX,F
14:45:19,PTBA,RG,3730,3,D,YP,RX,F
14:45:19,PTBA,RG,3730,1,D,XL,RX,F
14:45:19,PTBA,RG,3730,1,D,XL,RX,F
14:45:19,PTBA,RG,3730,72,D,CC,RX,F
14:45:16,PTBA,RG,3730,28,D,CC,KK,D
14:45:16,PTBA,RG,3730,1,D,NI,KK,D
14:45:16,PTBA,RG,3730,1,D,NI,KK,D
14:45:16,PTBA,RG,3730,10,D,CC,KK,D
14:45:16,PTBA,RG,3730,1,D,XC,KK,D
14:45:16,PTBA,RG,3730,10,D,IP,KK,D
14:45:16,PTBA,RG,3730,35,D,CC,KK,D
14:45:16,PTBA,RG,3730,2,D,XL,KK,D
14:45:16,PTBA,RG,3730,10,D,YP,KK,D
14:45:16,PTBA,RG,3730,1,D,YP,KK,D
14:45:16,PTBA,RG,3730,2,D,NI,KK,D
14:45:16,PTBA,RG,3730,3,D,LG,KK,D
14:45:16,PTBA,RG,3730,96,D,CC,KK,D
14:45:10,PTBA,RG,3740,3,D,AZ,YP,D
14:45:00,PTBA,RG,3730,4,D,CC,ZP,F
14:45:00,PTBA,RG,3730,6,D,YP,ZP,F
14:45:00,PTBA,RG,3730,3,D,XL,ZP,F
14:45:00,PTBA,RG,3730,14,D,YP,ZP,F
14:44:44,PTBA,RG,3740,5,D,XC,YP,D
14:44:21,PTBA,RG,3740,2,D,YP,YP,D
14:44:10,PTBA,RG,3740,53,F,RX,YP,D
14:44:08,PTBA,RG,3740,13,D,XL,YP,D
14:44:04,PTBA,RG,3740,25,D,GR,YP,D
14:44:00,PTBA,RG,3740,1,D,GR,YP,D
14:43:58,PTBA,RG,3740,4,D,YB,YP,D
14:43:56,PTBA,RG,3740,15,D,XL,YP,D
14:43:52,PTBA,RG,3740,200,D,YP,RX,F
14:43:52,PTBA,RG,3740,10,F,RX,RX,F
14:43:51,PTBA,RG,3740,10,D,DR,RX,F
14:43:51,PTBA,RG,3740,5,D,YP,RX,F
14:43:47,PTBA,RG,3740,287,F,BK,RX,F
14:43:47,PTBA,RG,3740,69,D,KZ,RX,F
14:43:47,PTBA,RG,3740,9,D,KZ,RX,F
14:43:47,PTBA,RG,3740,13,F,RX,RX,F
14:43:47,PTBA,RG,3740,13,D,YU,RX,F
14:43:37,PTBA,RG,3750,23,F,BK,AK,F
14:43:36,PTBA,RG,3740,7,D,YU,YP,D
14:43:34,PTBA,RG,3750,3,F,RX,AK,F
14:43:33,PTBA,RG,3750,31,F,BK,AK,F
14:43:32,PTBA,RG,3740,9,F,RX,RX,F
14:43:29,PTBA,RG,3740,40,F,BK,RX,F
14:43:29,PTBA,RG,3740,2,F,BK,BK,F
14:43:29,PTBA,RG,3740,37,F,BK,AK,D
14:43:28,PTBA,RG,3740,1,F,RX,AK,D
14:43:26,PTBA,RG,3740,10,D,OD,AK,D
14:43:25,PTBA,RG,3740,18,F,RX,AK,D
14:43:25,PTBA,RG,3740,1,F,RX,AK,F
14:43:25,PTBA,RG,3740,3,F,RX,AK,F
14:43:25,PTBA,RG,3740,1,F,RX,AK,F
14:43:25,PTBA,RG,3740,4,F,RX,NI,D
14:43:25,PTBA,RG,3740,11,F,RX,AK,F
14:43:25,PTBA,RG,3740,1,F,RX,BK,F
14:43:25,PTBA,RG,3740,78,F,RX,YP,D
14:43:24,PTBA,RG,3740,85,D,BQ,YP,D
14:43:24,PTBA,RG,3740,5,D,BQ,BQ,D
14:43:24,PTBA,RG,3740,1,D,BQ,BK,F
14:43:24,PTBA,RG,3740,10,D,BQ,OD,D
14:43:24,PTBA,RG,3740,38,D,BQ,RG,D
14:43:24,PTBA,RG,3740,13,D,BQ,AK,F
14:43:24,PTBA,RG,3740,6,D,BQ,BK,F
14:43:24,PTBA,RG,3740,25,D,BQ,ZP,F
14:43:24,PTBA,RG,3740,15,D,BQ,AK,D
14:43:24,PTBA,RG,3740,2,D,BQ,AK,F
14:43:24,PTBA,RG,3740,23,D,BQ,AK,F
14:43:24,PTBA,RG,3740,1,D,BQ,AK,F
14:43:24,PTBA,RG,3740,26,D,BQ,ZP,F
14:43:24,PTBA,RG,3740,70,D,BQ,RX,F
14:43:24,PTBA,RG,3740,27,D,BQ,ZP,F
14:43:24,PTBA,RG,3740,400,D,BQ,YP,D
14:43:24,PTBA,RG,3740,15,D,BQ,AK,D
14:43:24,PTBA,RG,3740,10,D,BQ,YP,D
14:43:24,PTBA,RG,3740,46,D,BQ,RX,F
14:43:24,PTBA,RG,3740,5,D,BQ,BK,F
14:43:24,PTBA,RG,3740,177,D,BQ,IN,D
14:43:20,PTBA,RG,3740,20,D,YP,IN,D
14:43:05,PTBA,RG,3740,3,D,XC,IN,D
14:43:03,PTBA,RG,3740,1,D,XL,IN,D
14:43:01,PTBA,RG,3730,3,D,YP,AK,F
14:42:59,PTBA,RG,3740,2,D,DH,IN,D
14:42:58,PTBA,RG,3730,25,D,YP,ZP,F
14:42:50,PTBA,RG,3740,1,F,RX,IN,D
14:42:19,PTBA,RG,3730,10,D,YP,XC,D
14:41:52,PTBA,RG,3740,2,D,DH,IN,D
14:41:50,PTBA,RG,3740,19,F,RX,IN,D
14:41:45,PTBA,RG,3740,6,D,XL,IN,D
14:41:28,PTBA,RG,3740,19,D,EP,IN,D
14:41:28,PTBA,RG,3740,16,D,EP,AK,F
14:41:28,PTBA,RG,3740,27,D,EP,ZP,F
14:41:28,PTBA,RG,3740,31,D,EP,RX,F
14:41:28,PTBA,RG,3740,7,D,EP,YP,D
14:41:25,PTBA,RG,3740,3,D,KZ,YP,D
14:41:25,PTBA,RG,3740,15,D,KZ,AK,D
14:41:25,PTBA,RG,3740,13,D,KZ,BK,F
14:41:25,PTBA,RG,3740,26,D,KZ,RX,F
14:41:14,PTBA,RG,3740,5,D,YB,RX,F
14:40:55,PTBA,RG,3740,22,F,RX,RX,F
14:40:54,PTBA,RG,3740,114,D,CC,RX,F
14:40:54,PTBA,RG,3740,6,D,CC,RX,F
14:40:54,PTBA,RG,3740,36,D,CC,AK,D
14:40:54,PTBA,RG,3740,3,D,CC,RX,F
14:40:54,PTBA,RG,3740,2,D,CC,XC,D
14:40:54,PTBA,RG,3740,20,D,CC,YP,D
14:40:54,PTBA,RG,3740,1,D,CC,RX,F
14:40:54,PTBA,RG,3740,10,D,CC,ZP,F
14:40:54,PTBA,RG,3740,2,D,CC,PD,D
14:40:54,PTBA,RG,3740,6,D,CC,ZP,F
14:40:53,PTBA,RG,3740,2,F,RX,ZP,F
14:40:52,PTBA,RG,3740,14,F,ZP,ZP,F
14:40:41,PTBA,RG,3740,5,D,XL,ZP,F
14:40:40,PTBA,RG,3740,25,F,RX,AK,D
14:40:40,PTBA,RG,3740,19,F,RX,AK,D
14:40:40,PTBA,RG,3740,4,F,RX,AK,F
14:40:23,PTBA,RG,3740,20,D,YP,AK,F
14:40:18,PTBA,RG,3740,8,D,XC,AK,F
14:40:18,PTBA,RG,3740,18,D,XC,RX,F
14:40:18,PTBA,RG,3740,4,D,XC,ZP,F
14:40:16,PTBA,RG,3730,52,D,YP,RX,F
14:40:16,PTBA,RG,3730,5,D,PD,RX,F
14:40:16,PTBA,RG,3730,3,D,NI,RX,F
14:40:16,PTBA,RG,3730,20,D,XC,RX,F
14:40:16,PTBA,RG,3730,1,D,CP,RX,F
14:40:16,PTBA,RG,3730,15,D,XA,RX,F
14:40:16,PTBA,RG,3730,27,D,XC,RX,F
14:40:16,PTBA,RG,3730,7,D,PD,RX,F
14:40:16,PTBA,RG,3730,5,D,XC,RX,F
14:40:16,PTBA,RG,3730,1,D,DR,RX,F
14:40:16,PTBA,RG,3730,8,D,PD,RX,F
14:40:16,PTBA,RG,3730,78,D,YU,RX,F
14:40:16,PTBA,RG,3730,22,D,YU,YP,D
14:40:16,PTBA,RG,3730,1,D,NI,YP,D
14:40:16,PTBA,RG,3730,1,D,PD,YP,D
14:40:16,PTBA,RG,3730,20,D,XA,YP,D
14:40:16,PTBA,RG,3730,30,D,XA,YP,D
14:40:16,PTBA,RG,3730,3,D,XL,YP,D
14:40:16,PTBA,RG,3730,10,D,YP,YP,D
14:40:16,PTBA,RG,3730,1,D,XL,YP,D
14:40:16,PTBA,RG,3730,12,D,PD,YP,D
14:40:14,PTBA,RG,3740,22,D,PD,ZP,F
14:40:14,PTBA,RG,3740,12,D,PD,ZP,F
14:40:14,PTBA,RG,3740,16,D,PD,MG,D
14:40:10,PTBA,RG,3740,5,D,YB,MG,D
14:40:04,PTBA,RG,3740,10,D,XL,MG,D
14:40:03,PTBA,RG,3740,5,D,YB,MG,D
14:39:51,PTBA,RG,3740,5,D,PD,MG,D
14:39:50,PTBA,RG,3740,20,D,PD,MG,D
14:39:48,PTBA,RG,3740,20,D,LG,MG,D
14:39:47,PTBA,RG,3740,1,D,SQ,MG,D
14:39:38,PTBA,RG,3740,4,D,PD,MG,D
14:39:32,PTBA,RG,3740,10,D,SQ,MG,D
14:39:25,PTBA,RG,3740,15,F,ZP,MG,D
14:39:25,PTBA,RG,3740,4,D,XC,MG,D
14:39:25,PTBA,RG,3740,55,D,KZ,MG,D
14:39:25,PTBA,RG,3740,50,D,XA,MG,D
14:39:25,PTBA,RG,3740,16,D,HP,MG,D
14:39:25,PTBA,RG,3740,1,D,YP,MG,D
14:39:25,PTBA,RG,3740,13,D,PD,MG,D
14:39:25,PTBA,RG,3740,124,F,RX,MG,D
14:39:25,PTBA,RG,3740,126,D,BQ,MG,D
14:38:58,PTBA,RG,3750,28,F,RX,AK,F
14:38:57,PTBA,RG,3750,20,F,BK,AK,F
14:38:52,PTBA,RG,3750,26,F,BK,AK,F
14:38:51,PTBA,RG,3740,74,D,BQ,IN,D
14:38:51,PTBA,RG,3740,75,D,BQ,IN,D
14:38:51,PTBA,RG,3740,75,D,BQ,IN,D
14:38:51,PTBA,RG,3740,26,D,BQ,IN,D
14:38:48,PTBA,RG,3750,6,F,RX,AK,F
14:38:48,PTBA,RG,3750,26,F,BK,AK,F
14:38:45,PTBA,RG,3750,3,F,RX,AK,F
14:38:44,PTBA,RG,3750,13,F,BK,AK,F
14:38:42,PTBA,RG,3750,12,F,RX,AK,F
14:38:40,PTBA,RG,3750,50,F,BK,AK,F
14:38:39,PTBA,RG,3750,7,F,RX,AK,F
14:38:38,PTBA,RG,3750,263,F,BK,AK,F
14:38:37,PTBA,RG,3740,31,D,BQ,ZP,F
14:38:37,PTBA,RG,3740,18,D,BQ,AK,D
14:38:37,PTBA,RG,3740,20,D,BQ,AK,D
14:38:37,PTBA,RG,3740,33,D,BQ,AK,F
14:38:37,PTBA,RG,3740,1,D,BQ,CC,F
14:38:37,PTBA,RG,3740,5,D,BQ,BQ,D
14:38:37,PTBA,RG,3740,16,D,BQ,CC,D
14:38:37,PTBA,RG,3740,4,D,BQ,CC,D
14:38:37,PTBA,RG,3740,53,D,BQ,YP,D
14:38:37,PTBA,RG,3740,13,D,BQ,BK,F
14:38:37,PTBA,RG,3740,5,D,BQ,AK,F
14:38:37,PTBA,RG,3740,43,D,BQ,AK,F
14:38:37,PTBA,RG,3740,25,D,BQ,DR,D
14:38:37,PTBA,RG,3740,2,D,BQ,XL,D
14:38:37,PTBA,RG,3740,17,D,BQ,AK,D
14:38:37,PTBA,RG,3740,29,D,BQ,AK,D
14:38:37,PTBA,RG,3740,2,D,BQ,AK,F
14:38:37,PTBA,RG,3740,2,D,BQ,AK,F
14:38:37,PTBA,RG,3740,2,D,BQ,AK,F
14:38:37,PTBA,RG,3740,2,D,BQ,AK,F
14:38:37,PTBA,RG,3740,5,D,BQ,AK,F
14:38:37,PTBA,RG,3740,5,D,BQ,AK,F
14:38:37,PTBA,RG,3740,1,D,BQ,BK,F
14:38:37,PTBA,RG,3740,15,D,BQ,RX,F
14:38:37,PTBA,RG,3740,4,D,BQ,RX,F
14:38:37,PTBA,RG,3740,57,D,BQ,ZP,F
14:38:37,PTBA,RG,3740,2,D,BQ,AK,F
14:38:37,PTBA,RG,3740,27,D,BQ,ZP,F
14:38:37,PTBA,RG,3740,10,D,BQ,BK,F
14:38:37,PTBA,RG,3740,4,D,BQ,BK,F
14:38:37,PTBA,RG,3740,25,D,BQ,RX,F
14:38:37,PTBA,RG,3740,10,D,BQ,PD,D
14:38:37,PTBA,RG,3740,27,D,BQ,ZP,F
14:38:37,PTBA,RG,3740,5,D,BQ,BQ,D
14:38:37,PTBA,RG,3740,3,D,BQ,AK,F
14:38:37,PTBA,RG,3740,1,D,BQ,AK,F
14:38:37,PTBA,RG,3740,105,F,RX,ZP,F
14:38:37,PTBA,RG,3740,100,D,BQ,ZP,F
14:38:37,PTBA,RG,3740,99,D,BQ,ZP,F
14:38:37,PTBA,RG,3740,1,D,BQ,BK,F
14:38:37,PTBA,RG,3740,10,D,BQ,BK,F
14:38:37,PTBA,RG,3740,3,D,BQ,AK,F
14:38:37,PTBA,RG,3740,1,D,BQ,AK,F
14:38:37,PTBA,RG,3740,1,D,BQ,AK,F
14:38:37,PTBA,RG,3740,1,D,BQ,AK,F
14:38:37,PTBA,RG,3740,16,D,BQ,AK,F
14:38:37,PTBA,RG,3740,68,D,BQ,RX,F
14:38:37,PTBA,RG,3740,70,D,BQ,RX,F
14:38:37,PTBA,RG,3740,3,D,BQ,YP,D
14:38:37,PTBA,RG,3740,27,D,BQ,RX,F
14:38:36,PTBA,RG,3740,200,D,BQ,RX,F
14:38:36,PTBA,RG,3740,100,D,BQ,RX,F
14:38:36,PTBA,RG,3730,3,D,PD,RX,F
14:38:36,PTBA,RG,3730,3,D,OD,RX,F
14:38:36,PTBA,RG,3730,50,D,AG,RX,F
14:38:36,PTBA,RG,3730,13,D,CC,RX,F
14:38:35,PTBA,RG,3730,10,D,CC,NI,D
14:38:35,PTBA,RG,3730,17,D,CC,AK,F
14:38:34,PTBA,RG,3730,10,D,CC,XL,D
14:38:34,PTBA,RG,3730,1,D,YP,XL,D
14:38:34,PTBA,RG,3730,10,D,BR,XL,D
14:38:34,PTBA,RG,3730,33,D,YP,XL,D
14:38:31,PTBA,RG,3730,1,D,YP,AK,F
14:38:30,PTBA,RG,3730,18,D,YP,ZP,F
14:38:30,PTBA,RG,3730,1,D,PD,ZP,F
14:38:30,PTBA,RG,3730,7,D,OD,ZP,F
14:38:27,PTBA,RG,3740,19,F,BK,RX,F
14:38:25,PTBA,RG,3740,35,D,KZ,RX,F
14:38:21,PTBA,RG,3740,1,D,XC,RX,F
14:38:21,PTBA,RG,3740,20,D,YP,RX,F
14:38:07,PTBA,RG,3740,15,F,BK,RX,F
14:38:01,PTBA,RG,3740,26,F,BK,RX,F
14:38:00,PTBA,RG,3740,52,D,KZ,RX,F
14:37:58,PTBA,RG,3740,15,F,RX,RX,F
14:37:58,PTBA,RG,3730,25,D,OD,ZP,F
14:37:58,PTBA,RG,3740,1,D,NI,RX,F
14:37:57,PTBA,RG,3740,100,D,YJ,RX,F
14:37:55,PTBA,RG,3740,2,D,XL,RX,F
14:37:46,PTBA,RG,3730,1,D,OD,AK,F
14:37:46,PTBA,RG,3730,1,D,OD,AK,F
14:37:37,PTBA,RG,3740,2,F,RX,RX,F
14:37:35,PTBA,RG,3740,21,F,BK,RX,F
14:37:34,PTBA,RG,3740,6,F,RX,RX,F
14:37:34,PTBA,RG,3730,50,D,OD,RX,F
14:37:34,PTBA,RG,3730,1,D,OD,GR,D
14:37:33,PTBA,RG,3740,8,F,RX,RX,F
14:37:33,PTBA,RG,3730,15,D,OD,AK,D
14:37:33,PTBA,RG,3730,12,D,CC,AK,D
14:37:33,PTBA,RG,3730,1,D,PD,AK,D
14:37:33,PTBA,RG,3730,5,D,XL,AK,D
14:37:33,PTBA,RG,3730,15,D,CC,AK,D
14:37:33,PTBA,RG,3730,1,D,PD,AK,D
14:37:33,PTBA,RG,3730,21,D,XL,AK,D
14:37:32,PTBA,RG,3740,1,D,XC,RX,F
14:37:23,PTBA,RG,3740,1,F,RX,RX,F
14:37:22,PTBA,RG,3730,6,D,XL,XL,D
14:37:22,PTBA,RG,3730,1,D,AT,XL,D
14:37:22,PTBA,RG,3730,1,D,XC,XL,D
14:37:22,PTBA,RG,3730,1,D,YP,XL,D
14:37:18,PTBA,RG,3740,3,F,RX,RX,F
14:37:17,PTBA,RG,3740,25,F,BK,RX,F
14:37:16,PTBA,RG,3730,4,D,YP,AK,F
14:37:01,PTBA,RG,3740,5,F,RX,RX,F
14:36:58,PTBA,RG,3730,5,D,YP,ZP,F
14:36:58,PTBA,RG,3730,5,D,CP,ZP,F
14:36:58,PTBA,RG,3730,10,D,PD,ZP,F
14:36:58,PTBA,RG,3730,6,D,CC,ZP,F
14:36:58,PTBA,RG,3740,20,D,HP,RX,F
14:36:55,PTBA,RG,3740,5,D,PD,RX,F
14:36:21,PTBA,RG,3740,1,F,RX,RX,F
14:36:19,PTBA,RG,3740,5,D,PD,RX,F
14:36:17,PTBA,RG,3740,2,F,RX,RX,F
14:36:09,PTBA,RG,3740,20,F,BK,RX,F
14:36:04,PTBA,RG,3740,14,F,RX,RX,F
14:36:04,PTBA,RG,3740,26,F,BK,RX,F
14:36:02,PTBA,RG,3730,24,D,CC,RX,F
14:36:02,PTBA,RG,3730,1,D,PD,RX,F
14:36:02,PTBA,RG,3730,1,D,NI,RX,F
14:36:02,PTBA,RG,3730,2,D,KK,RX,F
14:36:02,PTBA,RG,3730,1,D,PD,RX,F
14:36:02,PTBA,RG,3730,5,D,YB,RX,F
14:36:02,PTBA,RG,3730,14,D,OD,RX,F
14:36:02,PTBA,RG,3730,32,D,LG,RX,F
14:36:02,PTBA,RG,3740,5,D,PD,RX,F
14:36:02,PTBA,RG,3730,16,D,LG,RX,F
14:36:02,PTBA,RG,3740,1,F,AK,RX,F
14:36:01,PTBA,RG,3740,11,F,RX,RX,F
14:36:00,PTBA,RG,3740,2,F,AK,RX,F
14:36:00,PTBA,RG,3730,52,D,LG,AK,F
14:36:00,PTBA,RG,3730,13,D,PD,AK,F
14:35:59,PTBA,RG,3740,4,F,AK,RX,F
14:35:59,PTBA,RG,3730,1,D,PD,ZP,F
14:35:59,PTBA,RG,3730,4,D,XC,ZP,F
14:35:59,PTBA,RG,3730,21,D,IF,ZP,F
14:35:47,PTBA,RG,3740,1,F,RX,RX,F
14:35:47,PTBA,RG,3740,4,F,AK,RX,F
14:35:47,PTBA,RG,3740,3,F,AK,BK,F
14:35:40,PTBA,RG,3740,3,F,RX,BK,F
14:35:40,PTBA,RG,3740,20,F,BK,BK,F
14:35:40,PTBA,RG,3740,6,F,BK,BK,F
14:35:37,PTBA,RG,3740,8,F,RX,BK,F
14:35:36,PTBA,RG,3730,70,D,IF,YP,D
14:35:35,PTBA,RG,3740,2,D,XC,BK,F
14:35:34,PTBA,RG,3740,1,D,NI,BK,F
14:35:30,PTBA,RG,3740,5,F,RX,BK,F
14:35:30,PTBA,RG,3730,26,D,IF,ZP,F
14:35:28,PTBA,RG,3740,21,F,BK,BK,F
14:35:28,PTBA,RG,3740,2,F,RX,BK,F
14:35:27,PTBA,RG,3740,14,F,AK,AK,D
14:35:27,PTBA,RG,3740,16,F,RX,AK,D
14:35:22,PTBA,RG,3740,15,F,BK,AK,D
14:35:18,PTBA,RG,3740,10,F,AK,AK,D
14:35:18,PTBA,RG,3740,18,F,AK,AK,D
14:35:18,PTBA,RG,3740,1,F,AK,RX,F
14:35:18,PTBA,RG,3740,30,D,AZ,RX,F
14:35:11,PTBA,RG,3730,14,D,IF,BK,F
14:35:00,PTBA,RG,3740,26,F,BK,RX,F
14:34:58,PTBA,RG,3730,27,D,IF,ZP,F
14:34:58,PTBA,RG,3740,2,D,YP,RX,F
14:34:56,PTBA,RG,3740,14,F,RX,RX,F
14:34:55,PTBA,RG,3740,4,F,BK,RX,F
14:34:55,PTBA,RG,3740,12,F,BK,BK,F
14:34:55,PTBA,RG,3740,1,D,KZ,BK,F
14:34:55,PTBA,RG,3740,46,D,KZ,AK,F
14:34:54,PTBA,RG,3740,57,F,AK,AK,F
14:34:54,PTBA,RG,3740,5,D,YP,AK,F
14:34:53,PTBA,RG,3740,1,F,RX,AK,F
14:34:52,PTBA,RG,3730,15,D,IF,RX,F
14:34:47,PTBA,RG,3740,2,F,RX,AK,F
14:34:46,PTBA,RG,3740,15,F,BK,AK,F
14:34:45,PTBA,RG,3740,5,F,RX,AK,F
14:34:43,PTBA,RG,3740,44,F,BK,AK,F
14:34:42,PTBA,RG,3740,8,F,RX,AK,F
14:34:42,PTBA,RG,3730,16,D,IF,RX,F
14:34:40,PTBA,RG,3730,38,D,IF,AK,D
14:34:39,PTBA,RG,3740,25,D,YP,AK,F
14:34:39,PTBA,RG,3740,45,F,RX,AK,F
14:34:38,PTBA,RG,3730,81,D,IF,RX,F
14:34:38,PTBA,RG,3740,28,F,BK,AK,F
14:34:38,PTBA,RG,3730,192,D,IF,RX,F
14:34:38,PTBA,RG,3730,2,D,PD,RX,F
14:34:38,PTBA,RG,3730,100,D,YP,RX,F
14:34:38,PTBA,RG,3730,10,D,PD,RX,F
14:34:38,PTBA,RG,3730,2,D,XC,RX,F
14:34:38,PTBA,RG,3730,10,D,YP,RX,F
14:34:38,PTBA,RG,3730,1,D,PD,RX,F
14:34:38,PTBA,RG,3730,1,D,NI,RX,F
14:34:38,PTBA,RG,3730,3,D,DH,RX,F
14:34:38,PTBA,RG,3730,1,D,PD,RX,F
14:34:31,PTBA,RG,3740,12,D,PD,AK,F
14:34:31,PTBA,RG,3730,9,D,PD,BK,F
14:34:31,PTBA,RG,3730,1,D,PD,BK,F
14:34:31,PTBA,RG,3730,1,D,PD,BK,F
14:34:31,PTBA,RG,3730,2,D,CC,BK,F
14:34:20,PTBA,RG,3730,17,D,CC,RX,F
14:34:20,PTBA,RG,3730,5,D,YP,RX,F
14:34:20,PTBA,RG,3730,1,D,PD,RX,F
14:34:20,PTBA,RG,3730,17,D,LG,RX,F
14:34:15,PTBA,RG,3740,12,F,RX,AK,F
14:34:15,PTBA,RG,3740,100,D,YJ,AK,F
14:34:13,PTBA,RG,3730,1,D,LG,RX,F
14:34:12,PTBA,RG,3740,11,F,RX,AK,F
14:34:12,PTBA,RG,3730,2,D,LG,RX,F
14:34:12,PTBA,RG,3730,5,D,KK,RX,F
14:34:12,PTBA,RG,3730,3,D,YP,RX,F
14:34:12,PTBA,RG,3730,10,D,YP,RX,F
14:34:12,PTBA,RG,3730,16,D,LG,RX,F
14:34:11,PTBA,RG,3740,2,D,CC,AK,F
14:33:43,PTBA,RG,3730,15,D,LG,RX,F
14:33:37,PTBA,RG,3730,2,D,LG,XL,D
14:33:37,PTBA,RG,3730,46,D,LG,AK,D
14:33:36,PTBA,RG,3740,16,F,RX,AK,F
14:33:31,PTBA,RG,3730,21,D,LG,AK,F
14:33:31,PTBA,RG,3730,1,D,DH,AK,F
14:33:31,PTBA,RG,3730,3,D,YP,AK,F
14:33:31,PTBA,RG,3730,1,D,XL,AK,F
14:33:31,PTBA,RG,3730,5,D,KK,AK,F
14:33:30,PTBA,RG,3740,18,F,AK,AK,F
14:33:30,PTBA,RG,3730,5,D,KK,RX,F
14:33:30,PTBA,RG,3730,23,D,CP,RX,F
14:33:24,PTBA,RG,3730,15,D,CP,BK,F
14:33:14,PTBA,RG,3740,1,D,XC,AK,F
14:33:04,PTBA,RG,3730,14,D,CP,RX,F
14:32:57,PTBA,RG,3740,1,D,DR,AK,F
14:32:57,PTBA,RG,3740,1,D,NI,AK,F
14:32:53,PTBA,RG,3740,5,D,YP,AK,F
14:32:53,PTBA,RG,3740,7,D,YP,RX,F
14:32:51,PTBA,RG,3730,17,D,CP,RX,F
14:32:49,PTBA,RG,3730,5,D,CP,YP,D
14:32:46,PTBA,RG,3730,1,D,CP,AK,F
14:32:35,PTBA,RG,3740,17,F,RX,RX,F
14:32:35,PTBA,RG,3740,18,F,RX,ZP,F
14:32:34,PTBA,RG,3730,16,D,CP,RX,F
14:32:30,PTBA,RG,3730,44,D,CP,AK,D
14:32:29,PTBA,RG,3740,8,F,AK,ZP,F
14:32:29,PTBA,RG,3740,3,F,AK,BK,F
14:32:29,PTBA,RG,3740,27,F,AK,ZP,F
14:32:29,PTBA,RG,3740,44,F,AK,ZP,F
14:32:29,PTBA,RG,3740,1,F,AK,AK,F
14:32:29,PTBA,RG,3740,1,F,AK,AK,F
14:32:29,PTBA,RG,3740,1,F,AK,AK,F
14:32:29,PTBA,RG,3740,5,F,AK,AK,F
14:32:29,PTBA,RG,3740,1,F,AK,AK,F
14:32:24,PTBA,RG,3730,1,D,CP,RX,F
14:32:24,PTBA,RG,3730,7,D,CP,AZ,D
14:32:22,PTBA,RG,3730,5,D,CP,RX,F
14:32:19,PTBA,RG,3730,16,D,CP,RX,F
14:32:19,PTBA,RG,3730,20,D,CP,AK,F
14:32:16,PTBA,RG,3730,1,D,CP,AK,F
14:32:13,PTBA,RG,3730,1,D,CP,RX,F
14:32:12,PTBA,RG,3730,14,D,CP,RX,F
14:32:12,PTBA,RG,3730,2,D,XC,RX,F
14:32:05,PTBA,RG,3730,3,D,XC,RX,F
14:32:05,PTBA,RG,3730,7,D,SQ,RX,F
14:32:05,PTBA,RG,3730,10,D,DX,RX,F
14:32:05,PTBA,RG,3730,5,D,PD,RX,F
14:32:05,PTBA,RG,3730,1,D,YB,RX,F
14:32:05,PTBA,RG,3730,6,D,YB,BK,F
14:32:05,PTBA,RG,3730,2,D,KK,BK,F
14:32:05,PTBA,RG,3730,3,D,CC,BK,F
14:32:05,PTBA,RG,3730,2,D,XC,BK,F
14:32:00,PTBA,RG,3730,8,D,XC,ZP,F
14:32:00,PTBA,RG,3730,1,D,KK,ZP,F
14:32:00,PTBA,RG,3730,1,D,PD,ZP,F
14:32:00,PTBA,RG,3730,9,D,KK,ZP,F
14:32:00,PTBA,RG,3730,3,D,PD,ZP,F
14:32:00,PTBA,RG,3730,4,D,YP,ZP,F
14:31:51,PTBA,RG,3730,1,D,YP,ZP,F
14:31:51,PTBA,RG,3730,1,D,PD,ZP,F
14:31:51,PTBA,RG,3730,1,D,PD,ZP,F
14:31:51,PTBA,RG,3740,25,D,YP,ZP,F
14:31:51,PTBA,RG,3740,1,D,PD,ZP,F
14:31:51,PTBA,RG,3740,4,D,PD,BK,F
14:31:51,PTBA,RG,3740,10,F,RX,BK,F
14:31:50,PTBA,RG,3740,1,F,RX,RX,F
14:31:50,PTBA,RG,3740,5,F,ZP,XC,D
14:31:47,PTBA,RG,3740,4,F,ZP,RX,F
14:31:46,PTBA,RG,3740,1,F,ZP,AK,F
14:31:46,PTBA,RG,3740,1,F,ZP,AK,F
14:31:44,PTBA,RG,3740,4,F,ZP,PD,D
14:31:44,PTBA,RG,3740,21,D,CC,PD,D
14:31:44,PTBA,RG,3740,3,D,CC,RX,F
14:31:43,PTBA,RG,3740,11,D,CC,BK,F
14:31:43,PTBA,RG,3740,3,D,CC,BK,F
14:31:42,PTBA,RG,3740,2,D,CC,RX,F
14:31:41,PTBA,RG,3740,15,D,CC,RX,F
14:31:30,PTBA,RG,3740,13,D,CC,RX,F
14:31:30,PTBA,RG,3740,7,D,CC,ZP,F
14:31:30,PTBA,RG,3740,8,D,CC,ZP,F
14:31:30,PTBA,RG,3740,5,D,YP,ZP,F
14:31:30,PTBA,RG,3740,6,D,KZ,ZP,F
14:31:27,PTBA,RG,3740,27,D,KZ,AK,D
14:31:27,PTBA,RG,3740,11,F,ZP,AK,D
14:31:27,PTBA,RG,3740,11,F,ZP,RX,F
14:31:27,PTBA,RG,3740,4,D,YP,RX,F
14:31:22,PTBA,RG,3740,5,D,YP,RX,F
14:31:22,PTBA,RG,3740,15,D,PD,RX,F
14:31:22,PTBA,RG,3740,1,D,NI,RX,F
14:31:22,PTBA,RG,3740,5,F,RX,RX,F
14:31:21,PTBA,RG,3740,4,F,RX,ZP,F
14:31:21,PTBA,RG,3740,2,D,YU,ZP,F
14:31:21,PTBA,RG,3740,2,D,XA,ZP,F
14:31:21,PTBA,RG,3740,11,D,CC,ZP,F
14:31:13,PTBA,RG,3740,7,D,KK,AK,F
14:31:13,PTBA,RG,3740,11,D,XL,AK,F
14:31:13,PTBA,RG,3740,29,D,KZ,AK,F
14:31:13,PTBA,RG,3740,7,D,KZ,RX,F
14:31:13,PTBA,RG,3740,1,D,XL,RX,F
14:31:13,PTBA,RG,3740,9,F,RX,RX,F
14:31:10,PTBA,RG,3740,10,F,RX,NI,D
14:31:00,PTBA,RG,3740,11,F,RX,ZP,F
14:31:00,PTBA,RG,3740,2,D,XL,ZP,F
14:31:00,PTBA,RG,3740,1,D,PD,ZP,F
14:31:00,PTBA,RG,3740,13,D,PD,ZP,F
14:30:55,PTBA,RG,3740,2,D,PD,ZP,F
14:30:55,PTBA,RG,3740,10,D,HP,ZP,F
14:30:55,PTBA,RG,3740,2,D,NI,ZP,F
14:30:55,PTBA,RG,3740,10,D,YP,ZP,F
14:30:55,PTBA,RG,3740,27,D,CC,ZP,F
14:30:55,PTBA,RG,3740,25,D,XL,ZP,F
14:30:55,PTBA,RG,3740,1,D,XL,ZP,F
14:30:55,PTBA,RG,3740,4,D,CC,ZP,F
14:30:55,PTBA,RG,3740,1,D,GR,ZP,F
14:30:55,PTBA,RG,3740,1,D,GR,ZP,F
14:30:55,PTBA,RG,3740,1,D,PD,ZP,F
14:30:55,PTBA,RG,3740,5,D,HP,ZP,F
14:30:55,PTBA,RG,3740,1,D,NI,ZP,F
14:30:55,PTBA,RG,3740,1,D,CC,ZP,F
14:30:42,PTBA,RG,3750,4,F,RX,AK,F
14:30:42,PTBA,RG,3740,1,D,CC,XC,D
14:30:42,PTBA,RG,3740,3,D,CC,XC,D
14:30:42,PTBA,RG,3740,2,D,CC,XC,D
14:30:42,PTBA,RG,3740,4,D,CC,XC,D
14:30:42,PTBA,RG,3740,6,D,CC,XC,D
14:30:42,PTBA,RG,3740,9,D,CC,XC,D
14:30:42,PTBA,RG,3740,8,D,CC,XC,D
14:30:42,PTBA,RG,3740,6,D,CC,XC,D
14:30:31,PTBA,RG,3750,3,F,RX,AK,F
14:30:31,PTBA,RG,3740,1,D,CC,AK,F
14:30:30,PTBA,RG,3740,24,D,CC,ZP,F
14:30:30,PTBA,RG,3740,1,D,XL,ZP,F
14:30:30,PTBA,RG,3740,1,D,XC,ZP,F
14:30:30,PTBA,RG,3740,1,D,CC,ZP,F
14:30:28,PTBA,RG,3750,4,F,RX,AK,F
14:30:28,PTBA,RG,3740,1,D,CC,ZP,F
14:30:28,PTBA,RG,3740,20,D,OD,ZP,F
14:30:28,PTBA,RG,3740,2,D,GR,ZP,F
14:30:28,PTBA,RG,3740,2,D,HP,ZP,F
14:30:28,PTBA,RG,3740,1,D,YP,ZP,F
14:30:28,PTBA,RG,3740,4,D,YP,ZP,F
14:30:27,PTBA,RG,3750,5,F,RX,AK,F
14:30:27,PTBA,RG,3740,5,D,YP,LG,D
14:30:25,PTBA,RG,3740,11,D,YP,AK,D
14:30:25,PTBA,RG,3740,1,D,XC,AK,D
14:30:25,PTBA,RG,3740,32,D,YU,AK,D
14:30:24,PTBA,RG,3750,3,F,RX,RX,F
14:30:01,PTBA,RG,3740,3,D,YU,PD,D
14:30:00,PTBA,RG,3740,26,D,YU,ZP,F
14:29:27,PTBA,RG,3750,2,F,RX,RX,F
14:29:24,PTBA,RG,3740,13,D,YU,BK,F
14:29:24,PTBA,RG,3750,98,F,RX,RX,F
14:29:22,PTBA,RG,3750,90,D,SQ,RX,F
14:29:22,PTBA,RG,3750,15,D,SQ,BK,F
14:29:22,PTBA,RG,3750,4,D,SQ,XC,D
14:29:22,PTBA,RG,3750,5,D,SQ,XC,D
14:29:22,PTBA,RG,3750,30,D,SQ,YP,D
14:29:22,PTBA,RG,3750,50,D,SQ,YP,D
14:29:22,PTBA,RG,3750,806,D,SQ,BK,F
14:29:21,PTBA,RG,3740,26,D,YU,AK,D
14:29:21,PTBA,RG,3740,1,D,XC,AK,D
14:29:21,PTBA,RG,3740,12,D,CC,AK,D
14:29:21,PTBA,RG,3740,2,D,AT,RX,F
14:29:20,PTBA,RG,3740,10,D,AT,LG,D
14:29:19,PTBA,RG,3740,5,D,AT,RX,F
14:29:17,PTBA,RG,3740,30,D,AT,YP,D
14:29:01,PTBA,RG,3740,5,D,AT,RX,F
14:28:59,PTBA,RG,3740,26,D,AT,ZP,F
14:28:59,PTBA,RG,3740,5,D,AT,BQ,D
14:28:40,PTBA,RG,3740,7,D,AT,RX,F
14:28:39,PTBA,RG,3740,20,D,AT,AK,F
14:28:39,PTBA,RG,3740,10,D,YU,AK,F
14:28:39,PTBA,RG,3740,1,D,YP,AK,F
14:28:39,PTBA,RG,3740,5,D,YP,AK,F
14:28:39,PTBA,RG,3740,2,D,YP,PD,D
14:28:37,PTBA,RG,3740,3,D,YP,XC,D
14:28:37,PTBA,RG,3740,5,D,CC,XC,D
14:28:37,PTBA,RG,3750,2,D,RG,BK,F
14:28:33,PTBA,RG,3740,1,D,CC,RX,F
14:28:32,PTBA,RG,3740,3,D,CC,YP,D
14:28:31,PTBA,RG,3740,22,D,CC,RX,F
14:28:31,PTBA,RG,3740,36,D,CC,RX,F
14:28:31,PTBA,RG,3740,9,D,PD,RX,F
14:28:31,PTBA,RG,3740,12,D,YU,RX,F
14:28:31,PTBA,RG,3740,8,D,YU,AK,F
14:28:31,PTBA,RG,3740,1,D,PD,AK,F
14:28:31,PTBA,RG,3740,1,D,XL,AK,F
14:28:31,PTBA,RG,3740,10,D,XL,AK,F
14:28:31,PTBA,RG,3740,2,D,HP,AK,F
14:28:31,PTBA,RG,3740,1,D,PD,AK,F
14:28:31,PTBA,RG,3740,15,D,YP,AK,F
14:28:31,PTBA,RG,3740,55,D,XL,AK,F
14:28:31,PTBA,RG,3740,5,D,YP,AK,F
14:28:31,PTBA,RG,3740,50,D,YP,AK,F
14:28:31,PTBA,RG,3740,4,D,PD,AK,F
14:28:31,PTBA,RG,3740,5,D,PD,AK,F
14:28:31,PTBA,RG,3740,126,F,RX,AK,F
14:28:31,PTBA,RG,3740,217,D,BQ,AK,F
14:28:30,PTBA,RG,3740,14,D,BQ,RX,F
14:28:30,PTBA,RG,3740,39,D,BQ,ZP,F
14:28:30,PTBA,RG,3740,26,D,BQ,ZP,F
14:28:27,PTBA,RG,3740,13,D,BQ,BK,F
14:28:26,PTBA,RG,3740,8,D,BQ,YP,D
14:28:19,PTBA,RG,3740,8,D,BQ,RX,F
14:28:18,PTBA,RG,3740,53,D,BQ,AK,D
14:28:01,PTBA,RG,3740,1,D,BQ,AK,F
14:28:00,PTBA,RG,3740,4,D,BQ,RX,F
14:28:00,PTBA,RG,3740,25,D,BQ,ZP,F
14:27:57,PTBA,RG,3740,2,D,BQ,RX,F
14:27:56,PTBA,RG,3740,13,D,BQ,BK,F
14:27:40,PTBA,RG,3740,1,D,BQ,RX,F
14:27:31,PTBA,RG,3740,1,D,BQ,AK,F
14:27:31,PTBA,RG,3740,1,D,BQ,AK,F
14:27:25,PTBA,RG,3740,5,D,BQ,RX,F
14:27:23,PTBA,RG,3740,36,D,BQ,XC,D
14:27:10,PTBA,RG,3740,4,D,BQ,RX,F
14:27:09,PTBA,RG,3740,21,D,BQ,ZP,F
14:27:02,PTBA,RG,3740,11,D,BQ,RX,F
14:27:00,PTBA,RG,3740,48,D,BQ,AK,D
14:27:00,PTBA,RG,3740,25,D,BQ,ZP,F
14:26:39,PTBA,RG,3740,2,D,BQ,RX,F
14:26:35,PTBA,RG,3740,10,D,BQ,NI,D
14:26:27,PTBA,RG,3740,2,D,BQ,RX,F
14:26:24,PTBA,RG,3740,15,D,BQ,BK,F
14:26:19,PTBA,RG,3740,2,D,BQ,RX,F
14:26:16,PTBA,RG,3740,15,D,BQ,AK,F
14:26:12,PTBA,RG,3740,1,D,BQ,RX,F
14:26:09,PTBA,RG,3740,2,D,BQ,RX,F
14:26:07,PTBA,RG,3740,13,D,BQ,BK,F
14:26:02,PTBA,RG,3740,12,D,BQ,RX,F
14:26:00,PTBA,RG,3740,54,D,BQ,AK,F
14:25:59,PTBA,RG,3740,27,D,BQ,ZP,F
14:25:49,PTBA,RG,3740,7,D,BQ,RX,F
14:25:48,PTBA,RG,3740,42,D,BQ,AK,D
14:25:39,PTBA,RG,3740,4,D,BQ,RX,F
14:25:31,PTBA,RG,3740,1,D,BQ,AK,F
14:25:31,PTBA,RG,3740,1,D,BQ,AK,F
14:25:29,PTBA,RG,3740,26,D,BQ,ZP,F
14:25:27,PTBA,RG,3750,1,D,PD,BK,F
14:25:26,PTBA,RG,3740,3,D,BQ,RX,F
14:25:23,PTBA,RG,3740,19,D,BQ,ZP,F
14:25:02,PTBA,RG,3740,7,D,BQ,RX,F
14:25:00,PTBA,RG,3740,18,D,BQ,AK,F
14:25:00,PTBA,RG,3740,26,D,BQ,ZP,F
14:24:52,PTBA,RG,3740,3,D,BQ,RX,F
14:24:51,PTBA,RG,3740,18,D,BQ,RX,F
14:24:41,PTBA,RG,3740,35,D,BQ,RX,F
14:24:41,PTBA,RG,3740,47,D,BQ,AK,D
14:24:40,PTBA,RG,3740,12,D,BQ,RX,F
14:24:40,PTBA,RG,3740,1,D,XL,RX,F
14:24:40,PTBA,RG,3740,2,D,CC,RX,F
14:24:40,PTBA,RG,3740,61,D,SQ,RX,F
14:24:40,PTBA,RG,3740,5,D,CC,RX,F
14:24:40,PTBA,RG,3740,4,D,PD,RX,F
14:24:40,PTBA,RG,3740,1,D,PD,RX,F
14:24:40,PTBA,RG,3740,1,D,NI,RX,F
14:24:40,PTBA,RG,3740,1,D,YP,RX,F
14:24:40,PTBA,RG,3740,1,D,PD,RX,F
14:24:40,PTBA,RG,3740,2,D,PD,RX,F
14:24:40,PTBA,RG,3740,1,D,XC,RX,F
14:24:40,PTBA,RG,3740,1,D,PD,RX,F
14:24:40,PTBA,RG,3740,20,D,XL,RX,F
14:24:40,PTBA,RG,3740,1,D,YP,RX,F
14:24:40,PTBA,RG,3740,1,D,DH,RX,F
14:24:40,PTBA,RG,3740,1,D,DX,RX,F
14:24:40,PTBA,RG,3740,33,D,CC,RX,F
14:24:40,PTBA,RG,3740,22,D,CC,RX,F
14:24:32,PTBA,RG,3750,1,D,ZP,BK,F
14:24:30,PTBA,RG,3740,3,D,CC,RX,F
14:24:29,PTBA,RG,3740,4,D,CC,RX,F
14:24:29,PTBA,RG,3740,15,D,CC,RX,F
14:24:29,PTBA,RG,3740,2,D,NI,RX,F
14:24:22,PTBA,RG,3740,1,D,NI,YP,D
14:24:22,PTBA,RG,3740,1,D,NI,RX,F
14:24:19,PTBA,RG,3740,1,D,NI,RX,F
14:24:19,PTBA,RG,3740,2,D,XL,RX,F
14:24:19,PTBA,RG,3740,2,D,NI,RX,F
14:24:19,PTBA,RG,3740,5,D,PD,RX,F
14:24:19,PTBA,RG,3740,3,D,SQ,RX,F
14:24:18,PTBA,RG,3740,2,D,SQ,ZP,F
14:24:18,PTBA,RG,3740,5,D,CC,ZP,F
14:24:18,PTBA,RG,3740,5,D,CC,ZP,F
14:24:18,PTBA,RG,3740,5,D,KK,ZP,F
14:24:18,PTBA,RG,3740,3,D,YP,ZP,F
14:24:18,PTBA,RG,3740,1,D,KK,ZP,F
14:24:18,PTBA,RG,3740,46,F,RX,ZP,F
14:24:18,PTBA,RG,3740,8,F,RX,BK,F
14:24:18,PTBA,RG,3740,7,D,BQ,BK,F
14:24:18,PTBA,RG,3740,3,D,BQ,RX,F
14:24:16,PTBA,RG,3740,20,D,BQ,RX,F
14:24:16,PTBA,RG,3740,2,D,BQ,RX,F
14:24:16,PTBA,RG,3740,2,D,BQ,AK,F
14:24:11,PTBA,RG,3740,13,D,BQ,BK,F
14:24:07,PTBA,RG,3740,1,D,BQ,RX,F
14:24:05,PTBA,RG,3740,55,D,BQ,RX,F
14:24:04,PTBA,RG,3740,324,D,BQ,RX,F
14:24:00,PTBA,RG,3740,26,D,BQ,ZP,F
14:23:55,PTBA,RG,3740,6,D,BQ,RX,F
14:23:54,PTBA,RG,3740,39,D,BQ,ZP,F
14:23:53,PTBA,RG,3740,2,D,BQ,RX,F
14:23:53,PTBA,RG,3740,7,F,RX,RX,F
14:23:52,PTBA,RG,3740,20,F,RX,RX,F
14:23:51,PTBA,RG,3740,38,F,RX,ZP,F
14:23:41,PTBA,RG,3740,3,F,RX,RX,F
14:23:40,PTBA,RG,3740,4,F,RX,RX,F
14:23:40,PTBA,RG,3740,14,D,XC,RX,F
14:23:40,PTBA,RG,3740,2,D,NI,RX,F
14:23:38,PTBA,RG,3740,1,D,NI,RX,F
14:23:36,PTBA,RG,3750,1,F,RX,BK,F
14:23:35,PTBA,RG,3740,7,D,NI,RX,F
14:23:33,PTBA,RG,3750,5,F,RX,BK,F
14:23:32,PTBA,RG,3740,1,D,PD,AK,D
14:23:32,PTBA,RG,3740,10,D,PD,AK,D
14:23:32,PTBA,RG,3740,3,D,PD,AK,D
14:23:32,PTBA,RG,3740,15,D,XL,AK,D
14:23:32,PTBA,RG,3740,1,D,PD,AK,D
14:23:32,PTBA,RG,3740,2,D,PD,AK,D
14:23:32,PTBA,RG,3740,10,D,HP,AK,D
14:23:32,PTBA,RG,3750,2,F,RX,BK,F
14:23:32,PTBA,RG,3740,1,D,HP,RX,F
14:23:32,PTBA,RG,3740,1,D,PD,RX,F
14:23:32,PTBA,RG,3740,1,D,NI,RX,F
14:23:31,PTBA,RG,3740,1,D,NI,BK,F
14:23:31,PTBA,RG,3740,2,D,KK,BK,F
14:23:31,PTBA,RG,3740,2,D,OD,BK,F
14:23:31,PTBA,RG,3740,2,D,NI,BK,F
14:23:31,PTBA,RG,3740,8,D,EP,BK,F
14:23:31,PTBA,RG,3750,2,F,RX,BK,F
14:23:31,PTBA,RG,3740,3,D,EP,RX,F
14:23:28,PTBA,RG,3740,20,D,EP,RX,F
14:23:23,PTBA,RG,3750,1,D,XC,BK,F
14:23:21,PTBA,RG,3740,1,D,EP,RX,F
14:23:19,PTBA,RG,3750,3,F,RX,BK,F
14:23:18,PTBA,RG,3740,3,D,EP,RX,F
14:23:16,PTBA,RG,3740,19,D,EP,RX,F
14:23:07,PTBA,RG,3750,4,F,RX,BK,F
14:23:06,PTBA,RG,3740,5,D,EP,RX,F
14:23:04,PTBA,RG,3740,31,D,EP,RX,F
14:23:03,PTBA,RG,3740,1,D,EP,RX,F
14:23:00,PTBA,RG,3750,3,F,RX,BK,F
14:23:00,PTBA,RG,3740,4,D,EP,RX,F
14:22:58,PTBA,RG,3740,27,D,EP,ZP,F
14:22:38,PTBA,RG,3750,1,F,RX,BK,F
14:22:35,PTBA,RG,3750,1,F,RX,BK,F
14:22:35,PTBA,RG,3740,3,D,EP,RX,F
14:22:34,PTBA,RG,3740,15,D,EP,BK,F
14:22:30,PTBA,RG,3750,1,D,XL,BK,F
14:22:30,PTBA,RG,3750,1,F,RX,BK,F
14:22:27,PTBA,RG,3750,2,F,RX,BK,F
14:22:27,PTBA,RG,3740,4,D,EP,RX,F
14:22:26,PTBA,RG,3740,23,D,EP,AK,D
14:22:25,PTBA,RG,3750,1,D,PD,BK,F
14:22:06,PTBA,RG,3750,1,F,RX,BK,F
14:22:04,PTBA,RG,3740,1,D,EP,RX,F
14:22:03,PTBA,RG,3750,2,F,RX,BK,F
14:22:01,PTBA,RG,3740,19,D,EP,RX,F
14:22:00,PTBA,RG,3750,6,F,RX,BK,F
14:22:00,PTBA,RG,3750,2,F,RX,YP,D
14:22:00,PTBA,RG,3740,46,D,EP,AK,F
14:21:59,PTBA,RG,3740,27,D,EP,ZP,F
14:21:50,PTBA,RG,3750,2,F,RX,YP,D
14:21:49,PTBA,RG,3750,1,D,XC,YP,D
14:21:49,PTBA,RG,3740,21,D,EP,AK,F
14:21:48,PTBA,RG,3740,2,D,EP,AK,D
14:21:22,PTBA,RG,3750,1,F,RX,YP,D
14:21:22,PTBA,RG,3750,1,D,NI,XL,D
14:21:22,PTBA,RG,3750,3,D,NI,BK,F
14:21:19,PTBA,RG,3750,1,F,RX,BK,F
14:21:18,PTBA,RG,3750,10,D,HP,BK,F
14:20:59,PTBA,RG,3740,1,D,EP,RX,F
14:20:59,PTBA,RG,3750,2,F,RX,BK,F
14:20:57,PTBA,RG,3740,13,D,EP,RX,F
14:20:57,PTBA,RG,3750,2,F,RX,BK,F
14:20:57,PTBA,RG,3740,3,D,EP,ZP,F
14:20:57,PTBA,RG,3740,3,D,YP,ZP,F
14:20:57,PTBA,RG,3740,2,D,NI,ZP,F
14:20:57,PTBA,RG,3740,1,D,XC,ZP,F
14:20:57,PTBA,RG,3740,1,D,KK,ZP,F
14:20:57,PTBA,RG,3740,1,D,NI,ZP,F
14:20:57,PTBA,RG,3740,14,D,YP,ZP,F
14:20:50,PTBA,RG,3750,1,D,XC,BK,F
14:20:46,PTBA,RG,3750,3,F,RX,BK,F
14:20:45,PTBA,RG,3740,6,D,YP,AK,F
14:20:45,PTBA,RG,3740,1,D,NI,AK,F
14:20:45,PTBA,RG,3740,3,D,YP,AK,F
14:20:45,PTBA,RG,3740,13,D,AT,AK,F
14:20:26,PTBA,RG,3750,2,F,RX,BK,F
14:20:24,PTBA,RG,3740,15,D,AT,BK,F
14:20:09,PTBA,RG,3750,1,F,RX,BK,F
14:20:08,PTBA,RG,3750,10,D,XC,BK,F
14:19:46,PTBA,RG,3750,1,D,XL,BK,F
14:19:44,PTBA,RG,3740,2,D,AT,RX,F
14:19:38,PTBA,RG,3750,10,F,RX,BK,F
14:19:36,PTBA,RG,3750,1,D,YP,BK,F
14:19:31,PTBA,RG,3740,4,D,AT,RX,F
14:19:30,PTBA,RG,3740,27,D,AT,ZP,F
14:19:20,PTBA,RG,3740,4,D,AT,RX,F
14:19:19,PTBA,RG,3740,27,D,AT,PD,D
14:19:19,PTBA,RG,3740,7,D,AT,RX,F
14:19:18,PTBA,RG,3740,21,D,AT,RX,F
14:19:18,PTBA,RG,3740,4,D,XC,RX,F
14:19:16,PTBA,RG,3740,17,D,XC,ZP,F
14:19:02,PTBA,RG,3740,4,D,XC,RX,F
14:19:00,PTBA,RG,3740,9,D,XC,ZP,F
14:19:00,PTBA,RG,3740,1,D,XC,ZP,F
14:19:00,PTBA,RG,3740,17,D,PD,ZP,F
14:18:56,PTBA,RG,3740,8,D,PD,RX,F
14:18:55,PTBA,RG,3740,50,D,PD,YP,D
14:18:45,PTBA,RG,3740,4,D,PD,RX,F
14:18:45,PTBA,RG,3740,26,D,PD,RX,F
14:18:12,PTBA,RG,3740,9,D,PD,RX,F
14:18:11,PTBA,RG,3740,37,D,PD,AK,F
14:18:11,PTBA,RG,3740,21,D,PD,RX,F
14:17:46,PTBA,RG,3740,1,D,PD,AK,F
14:17:45,PTBA,RG,3740,1,D,PD,AK,F
14:17:45,PTBA,RG,3740,5,D,PD,RX,F
14:17:43,PTBA,RG,3750,3,D,PD,BK,F
14:17:43,PTBA,RG,3740,3,D,PD,AK,F
14:17:42,PTBA,RG,3740,25,D,PD,RX,F
14:17:35,PTBA,RG,3740,1,D,PD,RX,F
14:17:34,PTBA,RG,3740,2,D,PD,XL,D
14:17:33,PTBA,RG,3740,4,D,PD,RX,F
14:17:30,PTBA,RG,3740,1,D,PD,ZP,F
14:17:30,PTBA,RG,3740,1,D,XC,ZP,F
14:17:30,PTBA,RG,3740,24,F,RX,ZP,F
14:17:14,PTBA,RG,3740,1,F,RX,RX,F
14:17:14,PTBA,RG,3740,1,D,XC,RX,F
14:17:14,PTBA,RG,3740,15,D,XC,ZP,F
14:17:14,PTBA,RG,3740,1,D,XL,ZP,F
14:17:11,PTBA,RG,3740,5,D,YP,RX,F
14:17:11,PTBA,RG,3740,3,D,YP,RX,F
14:17:09,PTBA,RG,3740,10,D,YP,RX,F
14:17:09,PTBA,RG,3740,20,D,XC,RX,F
14:17:09,PTBA,RG,3740,1,D,XL,RX,F
14:17:09,PTBA,RG,3740,5,D,PD,RX,F
14:17:09,PTBA,RG,3740,13,F,RX,RX,F
14:17:03,PTBA,RG,3740,1,F,RX,RX,F
14:17:00,PTBA,RG,3740,5,F,RX,RX,F
14:17:00,PTBA,RG,3740,14,D,XL,RX,F
14:17:00,PTBA,RG,3740,32,D,DR,RX,F
14:16:59,PTBA,RG,3740,25,D,DR,ZP,F
14:16:57,PTBA,RG,3740,90,D,DR,YP,D
14:16:57,PTBA,RG,3740,6,D,MK,YP,D
14:16:57,PTBA,RG,3740,8,D,XC,YP,D
14:16:57,PTBA,RG,3740,1,D,XL,YP,D
14:16:57,PTBA,RG,3740,1,D,XC,YP,D
14:16:57,PTBA,RG,3740,29,F,RX,YP,D
14:16:57,PTBA,RG,3740,2,D,HP,YP,D
14:16:57,PTBA,RG,3740,25,D,KK,YP,D
14:16:57,PTBA,RG,3740,2,D,PD,YP,D
14:16:57,PTBA,RG,3740,133,D,CC,YP,D
14:16:57,PTBA,RG,3740,1,D,PD,YP,D
14:16:57,PTBA,RG,3740,1,D,DH,YP,D
14:16:57,PTBA,RG,3740,1,D,YP,YP,D
14:16:43,PTBA,RG,3750,1,F,RX,BK,F
14:16:40,PTBA,RG,3740,10,D,BQ,RX,F
14:16:40,PTBA,RG,3750,6,F,RX,BK,F
14:16:39,PTBA,RG,3740,54,D,BQ,DR,D
14:16:35,PTBA,RG,3750,1,F,RX,BK,F
14:16:32,PTBA,RG,3740,5,D,BQ,RX,F
14:16:32,PTBA,RG,3740,2,D,BQ,PD,D
14:16:32,PTBA,RG,3750,3,F,RX,BK,F
14:16:30,PTBA,RG,3740,26,D,BQ,ZP,F
14:16:08,PTBA,RG,3740,2,D,BQ,CC,D
14:16:07,PTBA,RG,3740,2,D,BQ,RX,F
14:16:07,PTBA,RG,3750,8,F,RX,BK,F
14:16:04,PTBA,RG,3740,9,D,BQ,RX,F
14:16:04,PTBA,RG,3740,16,D,BQ,RX,F
14:16:02,PTBA,RG,3740,18,D,BQ,ZP,F
14:16:00,PTBA,RG,3740,27,D,BQ,ZP,F
14:15:56,PTBA,RG,3740,2,D,BQ,RX,F
14:15:56,PTBA,RG,3750,2,F,RX,BK,F
14:15:55,PTBA,RG,3750,8,D,HP,BK,F
14:15:45,PTBA,RG,3740,7,D,BQ,RX,F
14:15:44,PTBA,RG,3740,47,D,BQ,AK,F
14:15:44,PTBA,RG,3740,4,D,BQ,RX,F
14:15:43,PTBA,RG,3740,19,D,BQ,RX,F
14:15:43,PTBA,RG,3740,1,D,YP,RX,F
14:15:43,PTBA,RG,3740,5,D,YP,RX,F
14:15:22,PTBA,RG,3740,1,D,YP,RX,F
14:15:16,PTBA,RG,3740,1,D,YP,AK,F
14:15:16,PTBA,RG,3740,1,D,YP,AK,F
14:15:13,PTBA,RG,3750,1,D,YP,BK,F
14:15:11,PTBA,RG,3740,2,D,YP,RX,F
14:15:11,PTBA,RG,3740,1,D,YP,RX,F
14:15:11,PTBA,RG,3740,5,D,GR,RX,F
14:15:11,PTBA,RG,3740,11,D,SQ,RX,F
14:15:10,PTBA,RG,3740,9,D,SQ,RX,F
14:15:10,PTBA,RG,3740,113,D,CC,RX,F
14:15:00,PTBA,RG,3740,1,D,CC,AK,F
14:14:33,PTBA,RG,3740,1,D,CC,RX,F
14:14:32,PTBA,RG,3740,4,D,CC,RX,F
14:14:30,PTBA,RG,3740,18,D,CC,ZP,F
14:14:30,PTBA,RG,3740,3,D,YP,ZP,F
14:14:30,PTBA,RG,3740,5,D,PC,ZP,F
14:14:12,PTBA,RG,3740,6,D,PC,RX,F
14:14:11,PTBA,RG,3740,9,D,PC,HP,D
14:14:07,PTBA,RG,3740,29,D,PC,ZP,F
14:13:59,PTBA,RG,3740,5,D,PC,RX,F
14:13:57,PTBA,RG,3740,27,D,PC,ZP,F
14:13:54,PTBA,RG,3750,7,D,NI,BK,F
14:13:46,PTBA,RG,3740,1,D,PC,RX,F
14:13:46,PTBA,RG,3750,1,D,YP,BK,F
14:13:45,PTBA,RG,3750,1,D,PD,BK,F
14:13:26,PTBA,RG,3740,18,D,PC,RX,F
14:13:26,PTBA,RG,3740,2,D,XC,RX,F
14:13:26,PTBA,RG,3740,2,D,PD,RX,F
14:13:26,PTBA,RG,3740,5,D,HP,RX,F
14:13:26,PTBA,RG,3740,3,D,GR,RX,F
14:13:26,PTBA,RG,3740,5,D,CC,RX,F
14:13:26,PTBA,RG,3740,1,D,TP,RX,F
14:13:26,PTBA,RG,3740,1,D,YP,RX,F
14:13:26,PTBA,RG,3740,1,D,XL,RX,F
14:13:26,PTBA,RG,3740,5,D,YP,RX,F
14:13:26,PTBA,RG,3740,15,D,XA,RX,F
14:13:24,PTBA,RG,3750,3,D,YP,BK,F
14:13:04,PTBA,RG,3740,35,D,XA,AK,F
14:13:04,PTBA,RG,3740,2,D,XL,AK,F
14:13:04,PTBA,RG,3740,1,D,NI,AK,F
14:12:52,PTBA,RG,3750,1,D,NI,BK,F
14:12:01,PTBA,RG,3750,2,D,XC,BK,F
14:12:00,PTBA,RG,3740,14,D,NI,ZP,F
14:12:00,PTBA,RG,3740,5,D,PD,ZP,F
14:12:00,PTBA,RG,3740,1,D,XL,ZP,F
14:12:00,PTBA,RG,3740,8,D,YP,ZP,F
14:11:31,PTBA,RG,3750,15,D,HP,BK,F
14:10:46,PTBA,RG,3740,9,D,YP,AK,F
14:10:46,PTBA,RG,3740,1,D,KK,AK,F
14:10:46,PTBA,RG,3740,1,D,KK,AK,F
14:10:45,PTBA,RG,3740,1,D,KK,AK,F
14:10:40,PTBA,RG,3750,266,D,HP,BK,F
14:10:30,PTBA,RG,3740,7,D,KK,RX,F
14:10:30,PTBA,RG,3740,1,D,LG,RX,F
14:10:30,PTBA,RG,3740,1,D,YP,RX,F
14:10:30,PTBA,RG,3740,18,D,OD,RX,F
14:10:30,PTBA,RG,3740,48,D,OD,AK,F
14:10:23,PTBA,RG,3740,1,D,OD,XC,D
14:10:21,PTBA,RG,3740,121,D,OD,ZP,F
14:10:17,PTBA,RG,3740,2,D,OD,RX,F
14:10:15,PTBA,RG,3740,15,D,OD,AK,F
14:10:02,PTBA,RG,3740,1,D,OD,RX,F
14:10:01,PTBA,RG,3740,2,D,OD,AK,F
14:10:01,PTBA,RG,3740,4,D,OD,RX,F
14:10:00,PTBA,RG,3740,18,D,OD,ZP,F
14:10:00,PTBA,RG,3740,10,D,CC,ZP,F
14:09:03,PTBA,RG,3740,1,D,CC,RX,F
14:09:00,PTBA,RG,3740,16,D,CC,RX,F
14:09:00,PTBA,RG,3740,10,D,PD,RX,F
14:09:00,PTBA,RG,3740,48,F,RX,RX,F
14:08:59,PTBA,RG,3740,2,F,RX,AK,F
14:08:59,PTBA,RG,3740,27,F,RX,AK,F
14:08:59,PTBA,RG,3740,26,F,RX,ZP,F
14:08:49,PTBA,RG,3740,12,F,RX,FS,D
14:08:49,PTBA,RG,3740,3,F,YP,FS,D
14:08:41,PTBA,RG,3750,1,F,RX,BK,F
14:08:33,PTBA,RG,3750,3,D,CC,BK,F
14:08:30,PTBA,RG,3740,2,F,YP,AK,F
14:08:30,PTBA,RG,3740,3,F,YP,AK,F
14:08:10,PTBA,RG,3750,1,D,XC,BK,F
14:08:06,PTBA,RG,3750,8,F,RX,BK,F
14:08:05,PTBA,RG,3750,15,D,CC,BK,F
14:08:05,PTBA,RG,3750,50,D,XA,BK,F
14:07:49,PTBA,RG,3750,1,D,YP,BK,F
14:07:48,PTBA,RG,3750,1,D,GR,BK,F
14:07:35,PTBA,RG,3750,2,F,RX,BK,F
14:07:34,PTBA,RG,3740,16,F,YP,AK,F
14:07:01,PTBA,RG,3750,2,F,RX,BK,F
14:07:00,PTBA,RG,3740,25,F,YP,ZP,F
14:06:52,PTBA,RG,3750,25,F,RX,BK,F
14:06:50,PTBA,RG,3750,6,F,RX,BK,F
14:06:47,PTBA,RG,3740,75,F,YP,XC,D
14:06:31,PTBA,RG,3750,5,F,RX,BK,F
14:06:30,PTBA,RG,3740,19,F,YP,AK,F
14:06:06,PTBA,RG,3750,3,D,CC,BK,F
14:06:00,PTBA,RG,3750,6,F,RX,BK,F
14:06:00,PTBA,RG,3740,26,F,YP,ZP,F
14:05:54,PTBA,RG,3750,1,D,KK,BK,F
14:05:51,PTBA,RG,3750,9,F,RX,BK,F
14:05:50,PTBA,RG,3750,100,D,OD,BK,F
14:05:50,PTBA,RG,3740,1,F,YP,RX,F
14:05:49,PTBA,RG,3750,2,F,RX,BK,F
14:05:49,PTBA,RG,3740,34,F,YP,RX,F
14:05:48,PTBA,RG,3750,8,F,RX,BK,F
14:05:46,PTBA,RG,3740,112,F,YP,XL,D
14:05:36,PTBA,RG,3750,1,F,RX,BK,F
14:05:33,PTBA,RG,3750,2,D,CC,BK,F
14:05:12,PTBA,RG,3750,4,F,RX,BK,F
14:05:11,PTBA,RG,3740,10,F,YP,XC,D
14:05:10,PTBA,RG,3750,1,F,RX,BK,F
14:05:09,PTBA,RG,3750,1,D,HP,BK,F
14:03:46,PTBA,RG,3740,2,F,YP,XL,D
14:03:25,PTBA,RG,3750,1,F,RX,BK,F
14:03:22,PTBA,RG,3750,2,D,XL,BK,F
14:03:03,PTBA,RG,3750,1,D,PD,BK,F
14:02:45,PTBA,RG,3750,2,D,XL,BK,F
14:02:42,PTBA,RG,3750,8,F,RX,BK,F
14:02:41,PTBA,RG,3750,25,F,BK,BK,F
14:02:41,PTBA,RG,3750,30,D,CC,BK,F
14:02:39,PTBA,RG,3750,7,F,RX,BK,F
14:02:34,PTBA,RG,3750,30,F,BK,BK,F
14:02:29,PTBA,RG,3750,3,F,RX,BK,F
14:02:29,PTBA,RG,3750,94,F,BK,BK,F
14:02:29,PTBA,RG,3750,4,F,BK,YP,D
14:02:29,PTBA,RG,3750,2,F,BK,PD,D
14:02:29,PTBA,RG,3750,20,F,BK,PD,D
14:02:27,PTBA,RG,3740,3,F,YP,BK,F
14:02:27,PTBA,RG,3740,96,F,YP,RX,F
14:02:27,PTBA,RG,3740,38,F,YP,RX,F
14:02:27,PTBA,RG,3740,25,F,YP,ZP,F
14:02:27,PTBA,RG,3740,40,F,YP,ZP,F
14:02:27,PTBA,RG,3740,1,F,YP,HP,D
14:02:27,PTBA,RG,3740,15,F,YP,BK,F
14:02:27,PTBA,RG,3740,15,F,YP,BK,F
14:02:27,PTBA,RG,3740,45,F,YP,AK,F
14:02:27,PTBA,RG,3740,33,F,YP,RX,F
14:02:27,PTBA,RG,3740,169,F,YP,RX,F
14:02:27,PTBA,RG,3740,39,F,YP,ZP,F
14:02:27,PTBA,RG,3740,1,F,YP,XC,D
14:02:27,PTBA,RG,3740,27,F,YP,ZP,F
14:02:27,PTBA,RG,3740,13,F,YP,BK,F
14:02:27,PTBA,RG,3740,17,F,YP,AK,F
14:02:27,PTBA,RG,3740,17,F,YP,ZP,F
14:02:27,PTBA,RG,3740,20,F,YP,YP,D
14:02:27,PTBA,RG,3740,43,F,YP,RX,F
14:02:27,PTBA,RG,3740,15,F,YP,RX,F
14:02:20,PTBA,RG,3740,16,D,PD,RX,F
14:02:17,PTBA,RG,3740,1,D,PD,RX,F
14:02:14,PTBA,RG,3730,1,D,XC,RG,D
14:02:01,PTBA,RG,3730,1,D,XC,RX,F
14:02:01,PTBA,RG,3730,1,D,AZ,RX,F
14:02:01,PTBA,RG,3730,43,F,YP,RX,F
14:02:00,PTBA,RG,3730,27,F,YP,ZP,F
14:01:50,PTBA,RG,3740,1,D,EP,RX,F
14:01:42,PTBA,RG,3730,1,F,YP,KK,D
14:01:39,PTBA,RG,3740,25,F,BK,RX,F
14:01:37,PTBA,RG,3740,50,D,OD,RX,F
14:01:32,PTBA,RG,3740,1,D,XC,RX,F
14:01:18,PTBA,RG,3740,13,F,BK,RX,F
14:01:15,PTBA,RG,3740,27,D,XL,RX,F
14:01:12,PTBA,RG,3740,10,D,KK,RX,F
14:01:08,PTBA,RG,3740,1,D,LG,RX,F
14:01:04,PTBA,RG,3740,1,D,XC,RX,F
14:01:00,PTBA,RG,3740,1,D,YP,RX,F
14:00:59,PTBA,RG,3740,1,D,XC,RX,F
14:00:57,PTBA,RG,3740,2,D,PD,RX,F
14:00:51,PTBA,RG,3740,25,D,PD,RX,F
14:00:37,PTBA,RG,3730,4,F,YP,AK,F
14:00:31,PTBA,RG,3740,8,D,YP,RX,F
14:00:31,PTBA,RG,3740,2,D,YP,ZP,F
14:00:30,PTBA,RG,3740,1,D,YP,ZP,F
14:00:27,PTBA,RG,3740,18,F,BK,ZP,F
14:00:27,PTBA,RG,3740,6,D,XC,ZP,F
14:00:27,PTBA,RG,3740,21,D,XC,ZP,F
14:00:23,PTBA,RG,3740,8,D,YP,ZP,F
14:00:22,PTBA,RG,3740,10,D,GR,ZP,F
14:00:13,PTBA,RG,3740,1,D,KK,ZP,F
13:59:49,PTBA,RG,3730,14,F,YP,RX,F
13:59:27,PTBA,RG,3730,1,F,YP,PD,D
13:59:04,PTBA,RG,3740,2,D,XL,ZP,F
13:59:02,PTBA,RG,3740,14,F,BK,ZP,F
13:59:02,PTBA,RG,3740,3,F,BK,CC,F
13:59:02,PTBA,RG,3740,2,F,BK,PD,D
13:59:02,PTBA,RG,3740,1,F,BK,RX,F
13:59:00,PTBA,RG,3730,10,F,YP,ZP,F
13:59:00,PTBA,RG,3730,29,D,XC,ZP,F
13:58:56,PTBA,RG,3740,3,D,PD,RX,F
13:58:30,PTBA,RG,3740,1,D,NI,RX,F
13:58:30,PTBA,RG,3730,42,D,XC,ZP,F
13:58:15,PTBA,RG,3740,13,F,BK,RX,F
13:58:14,PTBA,RG,3740,3,D,CP,RX,F
13:58:14,PTBA,RG,3740,14,D,CP,BK,F
13:58:14,PTBA,RG,3740,13,D,CP,BK,F
13:58:14,PTBA,RG,3740,5,D,CP,AK,F
13:57:59,PTBA,RG,3730,6,D,XC,RX,F
13:57:59,PTBA,RG,3740,23,F,BK,AK,F
13:57:58,PTBA,RG,3730,12,D,XC,ZP,F
13:57:58,PTBA,RG,3730,1,D,PD,ZP,F
13:57:58,PTBA,RG,3730,6,D,XC,ZP,F
13:57:58,PTBA,RG,3730,7,D,PD,ZP,F
13:57:56,PTBA,RG,3740,10,D,PD,AK,F
13:57:55,PTBA,RG,3730,3,D,PD,RX,F
13:57:55,PTBA,RG,3730,1,D,PD,RX,F
13:57:53,PTBA,RG,3740,29,F,BK,AK,F
13:57:53,PTBA,RG,3730,4,D,KK,RX,F
13:57:53,PTBA,RG,3730,4,D,PD,RX,F
13:57:53,PTBA,RG,3730,1,D,PD,RX,F
13:57:53,PTBA,RG,3730,20,D,YP,RX,F
13:57:52,PTBA,RG,3730,6,D,YP,PD,D
13:57:52,PTBA,RG,3730,1,D,PD,PD,D
13:57:52,PTBA,RG,3730,1,D,XC,PD,D
13:57:52,PTBA,RG,3730,7,D,KK,PD,D
13:57:52,PTBA,RG,3730,1,D,PD,PD,D
13:57:52,PTBA,RG,3730,5,D,YP,PD,D
13:57:52,PTBA,RG,3730,2,D,NI,PD,D
13:57:52,PTBA,RG,3730,1,D,DR,PD,D
13:57:52,PTBA,RG,3730,1,D,PD,PD,D
13:57:52,PTBA,RG,3730,1,D,PD,PD,D
13:57:52,PTBA,RG,3730,10,D,PD,PD,D
13:57:52,PTBA,RG,3730,10,D,CC,PD,D
13:57:52,PTBA,RG,3730,5,D,YP,PD,D
13:57:52,PTBA,RG,3730,2,D,OD,PD,D
13:57:52,PTBA,RG,3730,1,D,PD,PD,D
13:57:52,PTBA,RG,3730,1,D,PD,PD,D
13:57:52,PTBA,RG,3730,1,D,CC,PD,D
13:57:52,PTBA,RG,3730,5,D,PD,PD,D
13:57:52,PTBA,RG,3730,4,D,XC,PD,D
13:57:52,PTBA,RG,3730,3,D,PD,PD,D
13:57:52,PTBA,RG,3730,10,D,XC,PD,D
13:57:52,PTBA,RG,3730,1,D,PD,PD,D
13:57:52,PTBA,RG,3730,10,D,GR,PD,D
13:57:52,PTBA,RG,3730,101,F,RX,PD,D
13:57:43,PTBA,RG,3740,2,D,XL,AK,F
13:57:04,PTBA,RG,3730,10,F,RX,RX,F
13:57:00,PTBA,RG,3730,27,F,RX,ZP,F
13:56:51,PTBA,RG,3740,21,F,BK,AK,F
13:56:51,PTBA,RG,3740,3,F,BK,AK,F
13:56:49,PTBA,RG,3740,2,D,DR,AK,F
13:56:49,PTBA,RG,3740,1,D,DR,AK,F
13:56:49,PTBA,RG,3740,7,D,DR,XC,D
13:56:32,PTBA,RG,3740,2,F,RX,XC,D
13:56:31,PTBA,RG,3740,1,D,EP,XC,D
13:56:31,PTBA,RG,3740,5,D,YP,XC,D
13:56:17,PTBA,RG,3740,1,D,CC,XC,D
13:56:01,PTBA,RG,3740,3,D,PD,RX,F
13:55:56,PTBA,RG,3740,1,F,RX,RX,F
13:55:44,PTBA,RG,3730,1,F,RX,PD,D
13:55:40,PTBA,RG,3740,10,D,CC,RX,F
13:55:29,PTBA,RG,3740,9,D,PD,RX,F
13:55:24,PTBA,RG,3740,1,D,PD,RX,F
13:55:15,PTBA,RG,3740,2,F,RX,RX,F
13:55:15,PTBA,RG,3740,15,F,RX,RX,F
13:55:12,PTBA,RG,3740,30,D,PD,RX,F
13:55:10,PTBA,RG,3740,3,D,CC,RX,F
13:55:09,PTBA,RG,3740,4,D,PD,RX,F
13:55:00,PTBA,RG,3740,21,F,BK,RX,F
13:55:00,PTBA,RG,3740,1,D,XL,RX,F
13:54:58,PTBA,RG,3740,5,D,CC,RX,F
13:54:54,PTBA,RG,3740,1,D,EP,RX,F
13:54:47,PTBA,RG,3740,2,D,OD,RX,F
13:54:47,PTBA,RG,3740,17,F,BK,RX,F
13:54:45,PTBA,RG,3740,50,D,SH,RX,F
13:54:43,PTBA,RG,3740,5,D,YP,RX,F
13:54:42,PTBA,RG,3740,16,F,BK,RX,F
13:54:38,PTBA,RG,3740,29,F,RX,RX,F
13:54:37,PTBA,RG,3740,54,F,BK,RX,F
13:54:35,PTBA,RG,3740,79,D,EP,RX,F
13:54:35,PTBA,RG,3740,18,D,EP,XC,D
13:54:35,PTBA,RG,3740,2,D,EP,AK,F
13:54:35,PTBA,RG,3740,1,D,EP,AK,F
13:54:35,PTBA,RG,3740,1,D,EP,AK,F
13:54:35,PTBA,RG,3740,1,D,EP,AK,F
13:54:35,PTBA,RG,3740,1,D,EP,AK,F
13:54:35,PTBA,RG,3740,4,D,EP,AK,F
13:54:35,PTBA,RG,3740,1,D,EP,AK,F
13:54:35,PTBA,RG,3740,19,D,EP,AK,F
13:54:35,PTBA,RG,3740,19,D,EP,AK,F
13:54:35,PTBA,RG,3740,125,D,EP,ZP,F
13:54:35,PTBA,RG,3740,14,D,EP,BK,F
13:54:35,PTBA,RG,3740,142,D,EP,RX,F
13:54:35,PTBA,RG,3740,22,D,EP,BK,F
13:54:35,PTBA,RG,3740,3,D,EP,BK,F
13:54:35,PTBA,RG,3740,51,D,EP,BK,F
13:54:35,PTBA,RG,3740,27,D,EP,ZP,F
13:54:35,PTBA,RG,3740,27,D,EP,ZP,F
13:54:35,PTBA,RG,3740,12,D,EP,ZP,F
13:54:35,PTBA,RG,3740,431,D,EP,CP,D
13:54:13,PTBA,RG,3730,1,F,RX,RX,F
13:54:13,PTBA,RG,3740,1,D,XL,CP,D
13:54:10,PTBA,RG,3740,1,D,XL,CP,D
13:54:04,PTBA,RG,3740,5,D,EP,CP,D
13:54:03,PTBA,RG,3730,59,F,RX,RX,F
13:54:00,PTBA,RG,3730,27,F,RX,ZP,F
13:53:40,PTBA,RG,3740,1,D,EP,CP,D
13:53:37,PTBA,RG,3740,1,D,CC,CP,D
13:53:32,PTBA,RG,3740,1,D,PD,CP,D
13:53:24,PTBA,RG,3740,5,D,XL,CP,D
13:53:01,PTBA,RG,3740,2,D,PD,CP,D
13:52:59,PTBA,RG,3740,8,D,XC,CP,D
13:52:53,PTBA,RG,3740,3,D,YP,CP,D
13:52:53,PTBA,RG,3740,1,D,YP,CP,D
13:52:53,PTBA,RG,3740,40,D,YP,CP,D
13:52:53,PTBA,RG,3740,75,F,RX,CP,D
13:52:53,PTBA,RG,3740,200,F,BK,CP,D
13:52:53,PTBA,RG,3740,25,D,OD,CP,D
13:52:18,PTBA,RG,3740,100,D,OD,RX,F
13:52:17,PTBA,RG,3740,40,D,OD,ZP,F
13:52:17,PTBA,RG,3740,335,D,OD,CP,D
13:52:17,PTBA,RG,3740,1,D,YP,CP,D
13:52:17,PTBA,RG,3740,1,D,XC,CP,D
13:52:17,PTBA,RG,3740,12,D,PD,CP,D
13:52:17,PTBA,RG,3740,35,F,RX,CP,D
13:52:17,PTBA,RG,3740,100,D,SQ,CP,D
13:52:17,PTBA,RG,3740,1,D,YB,CP,D
13:52:17,PTBA,RG,3740,1,D,YP,CP,D
13:52:17,PTBA,RG,3740,3,D,YP,CP,D
13:52:17,PTBA,RG,3740,1,D,OD,CP,D
13:52:17,PTBA,RG,3740,10,D,NI,CP,D
13:52:17,PTBA,RG,3740,8,D,XC,CP,D
13:52:17,PTBA,RG,3740,1,D,YP,CP,D
13:52:17,PTBA,RG,3740,209,D,YP,CP,D
13:52:17,PTBA,RG,3740,10,D,PD,CP,D
13:52:17,PTBA,RG,3740,26,F,RX,CP,D
13:52:17,PTBA,RG,3740,54,F,BK,CP,D
13:52:17,PTBA,RG,3740,1,D,NI,CP,D
13:52:17,PTBA,RG,3740,1,D,NI,CP,D
13:52:17,PTBA,RG,3740,3,D,BQ,CP,D
13:52:17,PTBA,RG,3740,5,D,PD,CP,D
13:52:17,PTBA,RG,3740,38,D,KK,CP,D
13:52:17,PTBA,RG,3740,1,D,YP,CP,D
13:52:17,PTBA,RG,3740,1,D,XL,CP,D
13:52:17,PTBA,RG,3740,6,D,PD,CP,D
13:52:17,PTBA,RG,3740,25,D,IF,CP,D
13:52:17,PTBA,RG,3740,200,D,YP,CP,D
13:52:17,PTBA,RG,3740,36,F,RX,CP,D
13:52:17,PTBA,RG,3740,75,D,CC,CP,D
13:52:15,PTBA,RG,3750,1,D,PD,PD,D
13:52:11,PTBA,RG,3750,1,F,RX,PD,D
13:52:09,PTBA,RG,3740,10,D,CC,SQ,D
13:52:02,PTBA,RG,3750,4,F,RX,PD,D
13:51:59,PTBA,RG,3740,27,D,CC,ZP,F
13:51:59,PTBA,RG,3750,4,D,CC,PD,D
13:51:59,PTBA,RG,3750,6,D,CC,PD,D
13:51:46,PTBA,RG,3750,1,F,RX,PD,D
13:51:46,PTBA,RG,3750,3,F,RX,PD,D
13:51:46,PTBA,RG,3750,2,F,RX,PD,D
13:51:44,PTBA,RG,3750,9,D,YP,PD,D
13:51:44,PTBA,RG,3750,1,D,YP,CD,D
13:51:44,PTBA,RG,3750,45,D,YP,RX,F
13:51:01,PTBA,RG,3750,1,F,RX,RX,F
13:50:58,PTBA,RG,3750,5,D,PD,RX,F
13:50:13,PTBA,RG,3750,4,F,RX,RX,F
13:50:09,PTBA,RG,3740,20,D,CC,XC,D
13:50:09,PTBA,RG,3740,57,D,CC,XC,D
13:50:07,PTBA,RG,3750,1,D,YP,RX,F
13:50:05,PTBA,RG,3740,5,D,CC,OD,D
13:50:02,PTBA,RG,3740,5,D,CC,NI,D
13:50:00,PTBA,RG,3740,25,D,CC,ZP,F
13:49:43,PTBA,RG,3740,8,D,CC,XC,D
13:49:11,PTBA,RG,3750,3,D,YP,RX,F
13:49:09,PTBA,RG,3740,37,D,CC,AK,F
13:49:09,PTBA,RG,3740,3,D,PD,AK,F
13:49:09,PTBA,RG,3740,1,D,XC,AK,F
13:49:09,PTBA,RG,3740,1,D,XC,AK,F
13:49:09,PTBA,RG,3740,6,D,XL,AK,F
13:49:09,PTBA,RG,3740,35,F,BK,AK,F
13:49:09,PTBA,RG,3740,18,F,RX,AK,F
13:49:09,PTBA,RG,3750,6,F,RX,RX,F
13:49:08,PTBA,RG,3750,50,D,CC,RX,F
13:48:32,PTBA,RG,3750,2,F,RX,RX,F
13:48:30,PTBA,RG,3740,1,F,RX,ZP,F
13:48:30,PTBA,RG,3740,26,D,CP,ZP,F
13:48:25,PTBA,RG,3750,1,D,XL,RX,F
13:48:01,PTBA,RG,3750,3,F,RX,RX,F
13:47:59,PTBA,RG,3740,27,D,CP,ZP,F
13:47:51,PTBA,RG,3750,5,F,RX,RX,F
13:47:50,PTBA,RG,3740,63,D,CP,NI,D
13:47:38,PTBA,RG,3740,2,D,CP,PD,D
13:47:07,PTBA,RG,3740,1,D,CP,PD,D
13:47:03,PTBA,RG,3740,14,D,CP,ZP,F
13:47:00,PTBA,RG,3740,26,D,CP,ZP,F
13:46:50,PTBA,RG,3750,4,D,PD,RX,F
13:46:34,PTBA,RG,3740,5,D,CP,XL,D
13:46:26,PTBA,RG,3750,1,D,XL,RX,F
13:46:20,PTBA,RG,3740,2,D,CP,XL,D
13:46:20,PTBA,RG,3740,1,D,YP,XL,D
13:46:20,PTBA,RG,3740,7,F,RX,XL,D
13:46:07,PTBA,RG,3740,1,F,RX,DR,D
13:46:07,PTBA,RG,3740,1,D,XC,DR,D
13:46:07,PTBA,RG,3740,3,D,YU,DR,D
13:46:07,PTBA,RG,3740,18,D,BQ,DR,D
13:46:07,PTBA,RG,3740,1,D,XL,DR,D
13:46:07,PTBA,RG,3740,3,D,XC,DR,D
13:46:07,PTBA,RG,3740,16,D,EP,DR,D
13:46:07,PTBA,RG,3740,1,D,PD,DR,D
13:46:07,PTBA,RG,3740,2,D,NI,DR,D
13:46:07,PTBA,RG,3740,10,D,XC,DR,D
13:46:07,PTBA,RG,3740,3,D,YP,DR,D
13:46:07,PTBA,RG,3740,26,D,PD,DR,D
13:46:07,PTBA,RG,3740,4,D,PC,DR,D
13:46:07,PTBA,RG,3740,14,F,BK,DR,D
13:46:07,PTBA,RG,3740,16,F,RX,DR,D
13:46:07,PTBA,RG,3740,5,D,YP,DR,D
13:46:07,PTBA,RG,3740,26,D,YP,DR,D
13:45:58,PTBA,RG,3740,28,D,YP,ZP,F
13:45:58,PTBA,RG,3740,46,D,YP,YB,D
13:45:58,PTBA,RG,3740,4,D,NI,YB,D
13:45:27,PTBA,RG,3740,1,D,NI,ZP,F
13:45:27,PTBA,RG,3740,1,D,XC,ZP,F
13:45:27,PTBA,RG,3740,25,D,IF,ZP,F
13:45:27,PTBA,RG,3740,1,D,XC,ZP,F
13:45:27,PTBA,RG,3740,1,D,PD,ZP,F
13:45:27,PTBA,RG,3740,1,D,NI,ZP,F
13:45:27,PTBA,RG,3740,1,D,PD,ZP,F
13:45:27,PTBA,RG,3740,1,F,CC,YP,D
13:45:27,PTBA,RG,3740,2,D,YP,YP,D
13:45:27,PTBA,RG,3740,13,F,RX,YP,D
13:45:27,PTBA,RG,3740,4,D,BQ,YP,D
13:45:27,PTBA,RG,3740,1,D,DX,YP,D
13:45:27,PTBA,RG,3740,10,D,PD,YP,D
13:45:19,PTBA,RG,3740,1,D,PD,XC,D
13:45:04,PTBA,RG,3740,1,D,PD,XC,D
13:45:00,PTBA,RG,3750,3,F,RX,RX,F
13:44:58,PTBA,RG,3740,26,D,PD,ZP,F
13:44:54,PTBA,RG,3750,1,D,XL,RX,F
13:44:49,PTBA,RG,3740,2,D,PD,KK,D
13:44:28,PTBA,RG,3740,10,D,PD,XC,D
13:44:28,PTBA,RG,3740,1,D,YP,XC,D
13:44:28,PTBA,RG,3740,15,D,CP,XC,D
13:44:28,PTBA,RG,3740,1,D,YP,XC,D
13:44:28,PTBA,RG,3740,10,D,YP,XC,D
13:44:28,PTBA,RG,3740,1,D,XC,XC,D
13:44:28,PTBA,RG,3740,30,D,CC,XC,D
13:44:28,PTBA,RG,3740,83,F,BK,XC,D
13:44:10,PTBA,RG,3740,5,F,BK,EP,D
13:44:00,PTBA,RG,3750,3,D,PD,RX,F
13:44:00,PTBA,RG,3740,26,F,BK,ZP,F
13:43:14,PTBA,RG,3740,146,F,BK,YP,D
13:43:14,PTBA,RG,3740,50,D,YP,YP,D
13:43:14,PTBA,RG,3740,54,F,RX,YP,D
13:43:14,PTBA,RG,3740,50,D,GR,YP,D
13:42:57,PTBA,RG,3750,30,D,XL,RX,F
13:42:48,PTBA,RG,3750,18,F,BK,RX,F
13:42:46,PTBA,RG,3750,2,F,RX,RX,F
13:42:44,PTBA,RG,3740,1,D,GR,SQ,D
13:42:17,PTBA,RG,3740,21,D,GR,OD,D
13:42:13,PTBA,RG,3740,1,D,GR,YP,D
13:42:08,PTBA,RG,3750,60,F,RX,RX,F
13:41:56,PTBA,RG,3740,1,D,GR,YP,D
13:41:54,PTBA,RG,3750,21,F,BK,RX,F
13:41:48,PTBA,RG,3740,2,D,GR,XC,D
13:41:48,PTBA,RG,3750,20,F,BK,RX,F
13:41:48,PTBA,RG,3750,1,F,BK,DR,D
13:41:48,PTBA,RG,3750,4,F,BK,XC,D
13:41:48,PTBA,RG,3750,6,F,BK,BQ,D
13:41:48,PTBA,RG,3750,10,F,BK,CC,D
13:41:48,PTBA,RG,3750,1,F,BK,YP,D
13:41:48,PTBA,RG,3750,5,F,BK,PD,D
13:41:48,PTBA,RG,3740,7,D,GR,PD,D
13:41:46,PTBA,RG,3740,17,D,GR,RX,F
13:41:45,PTBA,RG,3740,3,D,GR,AK,F
13:41:45,PTBA,RG,3740,1,D,GR,AK,F
13:41:45,PTBA,RG,3740,15,D,GR,FS,D
13:41:45,PTBA,RG,3740,3,D,GR,KK,D
13:41:45,PTBA,RG,3740,48,D,GR,ZP,F
13:41:45,PTBA,RG,3740,14,D,GR,BK,F
13:41:45,PTBA,RG,3740,17,D,GR,AK,F
13:41:45,PTBA,RG,3740,15,D,GR,BK,F
13:41:45,PTBA,RG,3740,17,D,GR,RX,F
13:41:45,PTBA,RG,3740,31,D,GR,ZP,F
13:41:45,PTBA,RG,3740,2,D,GR,AK,F
13:41:45,PTBA,RG,3740,1,D,GR,AK,F
13:41:45,PTBA,RG,3740,1,D,GR,AK,F
13:41:45,PTBA,RG,3740,20,D,GR,YP,D
13:41:45,PTBA,RG,3740,15,D,GR,PD,D
13:41:45,PTBA,RG,3740,27,D,GR,ZP,F
13:41:45,PTBA,RG,3740,17,D,GR,AK,F
13:41:45,PTBA,RG,3740,34,D,GR,RX,F
13:41:45,PTBA,RG,3740,3,D,GR,AK,F
13:41:45,PTBA,RG,3740,1,D,GR,AK,F
13:41:45,PTBA,RG,3740,54,D,GR,ZP,F
13:41:45,PTBA,RG,3740,3,D,GR,XC,D
13:41:45,PTBA,RG,3740,58,D,GR,RX,F
13:41:39,PTBA,RG,3740,15,F,BK,RX,F
13:41:39,PTBA,RG,3740,25,D,IF,RX,F
13:41:38,PTBA,RG,3740,6,D,NI,RX,F
13:41:35,PTBA,RG,3740,7,F,RX,RX,F
13:41:17,PTBA,RG,3740,3,D,KK,RX,F
13:41:16,PTBA,RG,3740,50,D,PD,RX,F
13:41:07,PTBA,RG,3740,2,D,PD,RX,F
13:41:04,PTBA,RG,3740,1,D,PD,RX,F
13:40:57,PTBA,RG,3740,10,F,RX,RX,F
13:40:40,PTBA,RG,3740,1,D,XC,RX,F
13:40:35,PTBA,RG,3740,14,F,BK,RX,F
13:40:34,PTBA,RG,3740,30,D,YP,RX,F
13:40:32,PTBA,RG,3740,15,D,PD,RX,F
13:40:32,PTBA,RG,3740,27,D,PD,ZP,F
13:40:32,PTBA,RG,3740,5,D,PD,BQ,D
13:40:32,PTBA,RG,3740,3,D,PD,BK,F
13:40:10,PTBA,RG,3740,1,F,RX,BK,F
13:40:08,PTBA,RG,3740,10,D,XL,BK,F
13:40:07,PTBA,RG,3740,1,F,RX,AK,F
13:40:07,PTBA,RG,3740,1,F,RX,AK,F
13:40:07,PTBA,RG,3740,11,F,RX,YP,D
13:40:03,PTBA,RG,3740,1,D,YP,YP,D
13:40:02,PTBA,RG,3740,10,D,XC,YP,D
13:39:53,PTBA,RG,3740,1,D,XL,YP,D
13:39:49,PTBA,RG,3740,2,D,NI,YP,D
13:39:45,PTBA,RG,3740,20,F,BK,YP,D
13:39:45,PTBA,RG,3740,16,D,EP,YP,D
13:39:42,PTBA,RG,3740,30,D,PD,YP,D
13:39:42,PTBA,RG,3740,1,D,PD,YP,D
13:39:42,PTBA,RG,3740,19,D,PD,ZP,F
13:39:37,PTBA,RG,3740,15,F,BK,ZP,F
13:39:34,PTBA,RG,3740,7,F,RX,ZP,F
13:39:34,PTBA,RG,3740,15,F,RX,YP,D
13:39:33,PTBA,RG,3740,39,F,BK,YP,D
13:39:31,PTBA,RG,3740,48,D,BQ,YP,D
13:39:31,PTBA,RG,3740,15,D,BQ,XC,D
13:39:31,PTBA,RG,3740,30,D,BQ,PD,D
13:39:31,PTBA,RG,3740,66,D,BQ,RX,F
13:39:31,PTBA,RG,3740,337,D,BQ,ZP,F
13:39:31,PTBA,RG,3740,40,D,BQ,KK,D
13:39:31,PTBA,RG,3740,3,D,BQ,AK,F
13:39:31,PTBA,RG,3740,2,D,BQ,AK,F
13:39:31,PTBA,RG,3740,2,D,BQ,AK,F
13:39:31,PTBA,RG,3740,1,D,BQ,AK,F
13:39:31,PTBA,RG,3740,1,D,BQ,AK,F
13:39:31,PTBA,RG,3740,1,D,BQ,AK,F
13:39:31,PTBA,RG,3740,1,D,BQ,AK,F
13:39:31,PTBA,RG,3740,5,D,BQ,AK,F
13:39:31,PTBA,RG,3740,6,D,BQ,AK,F
13:39:31,PTBA,RG,3740,1,D,BQ,AK,F
13:39:31,PTBA,RG,3740,1,D,BQ,AK,F
13:39:31,PTBA,RG,3740,1,D,BQ,AK,F
13:39:31,PTBA,RG,3740,20,D,BQ,AK,F
13:39:31,PTBA,RG,3740,19,D,BQ,AK,F
13:39:31,PTBA,RG,3740,71,D,BQ,RX,F
13:39:31,PTBA,RG,3740,15,D,BQ,BK,F
13:39:31,PTBA,RG,3740,269,D,BQ,RX,F
13:39:31,PTBA,RG,3740,13,D,BQ,BK,F
13:39:31,PTBA,RG,3740,24,D,BQ,BK,F
13:39:31,PTBA,RG,3740,8,D,BQ,RX,F
13:39:09,PTBA,RG,3730,25,F,RX,RX,F
13:38:59,PTBA,RG,3740,2,D,PD,RX,F
13:38:52,PTBA,RG,3740,1,D,XC,RX,F
13:38:40,PTBA,RG,3740,1,D,PD,RX,F
13:38:39,PTBA,RG,3730,44,F,RX,RX,F
13:38:38,PTBA,RG,3730,37,F,RX,AK,F
13:38:38,PTBA,RG,3730,1,D,PD,AK,F
13:38:38,PTBA,RG,3730,1,D,KK,AK,F
13:38:38,PTBA,RG,3730,1,D,MG,AK,F
13:38:38,PTBA,RG,3730,5,D,XC,AK,F
13:38:38,PTBA,RG,3730,10,D,YP,AK,F
13:38:38,PTBA,RG,3730,10,D,GR,AK,F
13:38:38,PTBA,RG,3730,2,D,PD,AK,F
13:38:38,PTBA,RG,3730,33,D,BQ,AK,F
13:38:37,PTBA,RG,3740,2,D,NI,RX,F
13:38:31,PTBA,RG,3740,8,D,XC,RX,F
13:38:28,PTBA,RG,3730,23,D,BQ,PD,D
13:38:28,PTBA,RG,3730,12,D,CC,PD,D
13:38:15,PTBA,RG,3740,5,D,PD,RX,F
13:38:06,PTBA,RG,3740,2,F,RX,RX,F
13:37:36,PTBA,RG,3740,15,D,CC,RX,F
13:37:15,PTBA,RG,3740,12,F,RX,AK,F
13:37:15,PTBA,RG,3740,5,D,YP,AK,F
13:36:58,PTBA,RG,3740,1,D,XL,AK,F
13:36:55,PTBA,RG,3740,105,D,SQ,AK,F
13:36:39,PTBA,RG,3740,1,F,RX,AK,F
13:36:38,PTBA,RG,3740,5,D,EP,AK,F
13:36:24,PTBA,RG,3740,1,F,RX,AK,F
13:36:22,PTBA,RG,3740,10,D,CC,AK,F
13:36:17,PTBA,RG,3740,3,D,YP,AK,F
13:36:17,PTBA,RG,3740,2,D,YP,ZP,F
13:36:08,PTBA,RG,3740,1,F,RX,ZP,F
13:36:05,PTBA,RG,3740,2,D,PD,ZP,F
13:35:55,PTBA,RG,3740,3,F,RX,ZP,F
13:35:45,PTBA,RG,3740,12,D,PD,ZP,F
13:35:25,PTBA,RG,3730,14,D,CC,NI,D
13:35:24,PTBA,RG,3740,1,D,PD,ZP,F
13:35:19,PTBA,RG,3740,1,D,YP,ZP,F
13:35:14,PTBA,RG,3740,3,F,RX,ZP,F
13:35:09,PTBA,RG,3740,2,D,PD,ZP,F
13:34:58,PTBA,RG,3740,1,D,XC,ZP,F
13:34:50,PTBA,RG,3740,22,D,CC,ZP,F
13:34:41,PTBA,RG,3740,2,D,HP,ZP,F
13:34:41,PTBA,RG,3740,6,D,HP,ZP,F
13:34:34,PTBA,RG,3740,7,F,RX,ZP,F
13:34:33,PTBA,RG,3740,41,D,CP,ZP,F
13:34:33,PTBA,RG,3740,6,D,CP,ZP,F
13:34:33,PTBA,RG,3740,9,D,CP,RX,F
13:34:24,PTBA,RG,3740,9,F,RX,RX,F
13:34:22,PTBA,RG,3740,45,D,KK,RX,F
13:34:18,PTBA,RG,3730,2,D,CC,PD,D
13:34:03,PTBA,RG,3730,2,D,CC,RX,F
13:34:03,PTBA,RG,3730,30,D,XA,RX,F
13:34:03,PTBA,RG,3730,1,D,PD,RX,F
13:34:03,PTBA,RG,3730,7,D,CC,RX,F
13:34:03,PTBA,RG,3730,1,D,YP,RX,F
13:34:03,PTBA,RG,3730,5,D,XL,RX,F
13:34:03,PTBA,RG,3730,1,D,PD,RX,F
13:34:03,PTBA,RG,3730,5,D,YP,RX,F
13:34:03,PTBA,RG,3730,17,D,XL,RX,F
13:34:02,PTBA,RG,3730,18,D,XL,ZP,F
13:34:02,PTBA,RG,3730,9,D,XL,BK,F
13:34:02,PTBA,RG,3730,1,D,PD,BK,F
13:34:02,PTBA,RG,3730,1,D,SQ,BK,F
13:34:02,PTBA,RG,3730,5,D,YP,BK,F
13:34:02,PTBA,RG,3730,2,D,NI,BK,F
13:34:02,PTBA,RG,3730,2,D,CC,BK,F
13:33:59,PTBA,RG,3740,2,D,YP,RX,F
13:33:59,PTBA,RG,3740,14,D,YP,RX,F
13:33:59,PTBA,RG,3740,36,D,YP,ZP,F
13:33:59,PTBA,RG,3740,14,D,AT,ZP,F
13:33:59,PTBA,RG,3740,7,D,YP,ZP,F
13:33:59,PTBA,RG,3740,3,D,YP,BK,F
13:33:59,PTBA,RG,3740,1,D,YP,BK,F
13:33:59,PTBA,RG,3740,2,D,PD,BK,F
13:33:59,PTBA,RG,3740,1,D,AZ,BK,F
13:33:59,PTBA,RG,3740,3,D,DH,BK,F
13:33:59,PTBA,RG,3740,1,D,XL,BK,F
13:33:59,PTBA,RG,3740,3,D,NI,BK,F
13:33:59,PTBA,RG,3740,1,D,OD,BK,F
13:33:59,PTBA,RG,3740,1,D,EP,BK,F
13:33:59,PTBA,RG,3740,13,D,YP,BK,F
13:33:59,PTBA,RG,3740,25,D,IF,BK,F
13:33:59,PTBA,RG,3740,2,D,YP,BK,F
13:33:59,PTBA,RG,3740,1,D,YP,BK,F
13:33:59,PTBA,RG,3740,53,F,RX,BK,F
13:33:59,PTBA,RG,3740,142,D,CC,BK,F
13:33:59,PTBA,RG,3740,28,D,CC,BK,F
13:33:59,PTBA,RG,3740,4,D,XC,BK,F
13:33:59,PTBA,RG,3740,3,D,XC,BK,F
13:33:59,PTBA,RG,3740,2,D,CC,BK,F
13:33:59,PTBA,RG,3740,10,D,XC,BK,F
13:33:59,PTBA,RG,3740,16,D,XC,BK,F
13:33:59,PTBA,RG,3740,1,D,XC,BK,F
13:33:59,PTBA,RG,3740,20,D,CC,BK,F
13:33:59,PTBA,RG,3740,19,D,XL,BK,F
13:33:57,PTBA,RG,3740,3,D,XL,XC,D
13:33:56,PTBA,RG,3740,5,D,XL,ZP,F
13:33:56,PTBA,RG,3740,5,D,CC,ZP,F
13:33:56,PTBA,RG,3740,3,D,XL,ZP,F
13:33:56,PTBA,RG,3740,3,D,XL,ZP,F
13:33:56,PTBA,RG,3740,3,D,XL,ZP,F
13:33:56,PTBA,RG,3740,1,D,XL,ZP,F
13:33:56,PTBA,RG,3740,1,D,XL,ZP,F
13:33:56,PTBA,RG,3740,1,D,XL,ZP,F
13:33:56,PTBA,RG,3740,5,D,XL,ZP,F
13:33:54,PTBA,RG,3750,77,F,RX,RX,F
13:33:53,PTBA,RG,3740,2,D,XL,RX,F
13:33:50,PTBA,RG,3750,10,D,XL,RX,F
13:33:46,PTBA,RG,3740,1,D,XL,RX,F
13:33:46,PTBA,RG,3740,2,D,XL,RX,F
13:33:46,PTBA,RG,3740,1,D,YP,RX,F
13:33:46,PTBA,RG,3740,3,D,OD,RX,F
13:33:45,PTBA,RG,3740,22,D,OD,CC,D
13:33:45,PTBA,RG,3740,22,F,RX,CC,D
13:33:43,PTBA,RG,3740,3,F,RX,BK,F
13:33:31,PTBA,RG,3740,5,F,RX,RX,F
13:33:29,PTBA,RG,3740,30,F,RX,PD,D
13:33:18,PTBA,RG,3740,3,F,RX,RX,F
13:33:17,PTBA,RG,3740,12,F,RX,BK,F
13:33:15,PTBA,RG,3740,82,F,RX,RX,F
13:33:15,PTBA,RG,3740,131,D,CC,RX,F
13:33:15,PTBA,RG,3740,60,D,YP,RX,F
13:33:15,PTBA,RG,3740,1,D,CC,RX,F
13:33:15,PTBA,RG,3740,15,D,YP,RX,F
13:33:15,PTBA,RG,3740,1,D,YP,RX,F
13:33:15,PTBA,RG,3740,9,D,PD,RX,F
13:33:15,PTBA,RG,3740,44,D,PD,RX,F
13:33:14,PTBA,RG,3740,56,D,PD,ZP,F
13:33:14,PTBA,RG,3740,2,D,PD,ZP,F
13:33:14,PTBA,RG,3740,1,D,XL,ZP,F
13:33:14,PTBA,RG,3740,5,D,PD,ZP,F
13:33:14,PTBA,RG,3740,1,D,PD,ZP,F
13:33:14,PTBA,RG,3740,12,D,PD,ZP,F
13:33:14,PTBA,RG,3740,3,D,PD,ZP,F
13:33:14,PTBA,RG,3740,30,D,PD,ZP,F
13:33:14,PTBA,RG,3740,1,D,PD,ZP,F
13:33:14,PTBA,RG,3740,2,D,PD,ZP,F
13:33:14,PTBA,RG,3740,1,D,PD,ZP,F
13:33:14,PTBA,RG,3740,1,D,PD,ZP,F
13:33:14,PTBA,RG,3740,5,D,PD,ZP,F
13:33:14,PTBA,RG,3740,2,D,PD,ZP,F
13:33:14,PTBA,RG,3740,1,D,PD,ZP,F
13:33:14,PTBA,RG,3740,50,D,PD,ZP,F
13:33:14,PTBA,RG,3740,10,D,KK,ZP,F
13:33:14,PTBA,RG,3740,1,D,KK,ZP,F
13:33:14,PTBA,RG,3740,2,D,SQ,ZP,F
13:33:14,PTBA,RG,3740,2,D,KK,ZP,F
13:33:14,PTBA,RG,3740,33,D,KK,AK,F
13:33:14,PTBA,RG,3740,55,D,KK,AK,F
13:33:14,PTBA,RG,3740,600,D,PD,AK,F
13:33:14,PTBA,RG,3740,1,D,KK,AK,F
13:33:14,PTBA,RG,3740,3,D,NI,AK,F
13:33:14,PTBA,RG,3740,10,D,KK,AK,F
13:33:14,PTBA,RG,3740,1,D,NI,AK,F
13:33:14,PTBA,RG,3740,1,D,GR,AK,F
13:33:14,PTBA,RG,3740,296,D,KK,AK,F
13:33:13,PTBA,RG,3740,204,D,KK,AK,F
13:33:13,PTBA,RG,3740,27,D,NI,AK,F
13:33:13,PTBA,RG,3740,10,D,PD,AK,F
13:33:13,PTBA,RG,3740,10,D,HP,AK,F
13:33:13,PTBA,RG,3740,5,D,GR,AK,F
13:33:13,PTBA,RG,3740,1,D,KK,AK,F
13:33:13,PTBA,RG,3740,5,D,YP,AK,F
13:33:13,PTBA,RG,3740,1,D,DR,AK,F
13:33:13,PTBA,RG,3740,1,D,YP,AK,F
13:33:13,PTBA,RG,3740,250,D,CP,AK,F
13:33:13,PTBA,RG,3740,10,D,YB,AK,F
13:33:13,PTBA,RG,3740,1,D,YU,AK,F
13:33:13,PTBA,RG,3740,1,D,GR,AK,F
13:33:13,PTBA,RG,3740,2,D,YP,AK,F
13:33:13,PTBA,RG,3740,1,D,XC,AK,F
13:33:13,PTBA,RG,3740,14,D,CC,AK,F
13:33:13,PTBA,RG,3740,1,D,PD,AK,F
13:33:13,PTBA,RG,3740,1,D,CC,AK,F
13:33:13,PTBA,RG,3740,1,D,YP,AK,F
13:33:13,PTBA,RG,3740,1,D,NI,AK,F
13:33:13,PTBA,RG,3740,1,D,YP,AK,F
13:33:13,PTBA,RG,3740,5,D,PD,AK,F
13:33:13,PTBA,RG,3740,10,D,YP,AK,F
13:33:13,PTBA,RG,3740,5,D,AT,AK,F
13:33:13,PTBA,RG,3740,20,D,LG,AK,F
13:33:13,PTBA,RG,3740,1,D,YP,AK,F
13:33:13,PTBA,RG,3740,1,D,XL,AK,F
13:33:13,PTBA,RG,3740,133,D,PD,AK,F
13:33:13,PTBA,RG,3740,200,D,CP,AK,F
13:33:13,PTBA,RG,3740,5,D,NI,AK,F
13:33:13,PTBA,RG,3740,1,D,PD,AK,F
13:33:13,PTBA,RG,3740,5,D,XC,AK,F
13:33:13,PTBA,RG,3740,66,D,DH,AK,F
13:33:13,PTBA,RG,3740,19,D,DH,DH,D
13:33:10,PTBA,RG,3740,15,D,DH,CC,D
13:33:10,PTBA,RG,3740,3,D,AZ,CC,D
13:33:10,PTBA,RG,3740,2,D,PD,CC,D
13:33:10,PTBA,RG,3740,4,D,XC,CC,D
13:33:10,PTBA,RG,3740,1,D,AI,CC,D
13:33:10,PTBA,RG,3740,1,D,PD,CC,D
13:33:03,PTBA,RG,3750,20,D,PD,RX,F
13:32:48,PTBA,RG,3750,1,D,XL,RX,F
13:32:01,PTBA,RG,3740,2,D,XL,RX,F
13:32:01,PTBA,RG,3740,2,D,DX,RX,F
13:31:58,PTBA,RG,3740,8,D,DX,ZP,F
13:31:58,PTBA,RG,3740,1,D,YP,ZP,F
13:31:58,PTBA,RG,3740,1,D,NI,ZP,F
13:31:58,PTBA,RG,3740,14,D,DH,ZP,F
13:31:58,PTBA,RG,3740,1,D,XC,ZP,F
13:31:58,PTBA,RG,3740,1,D,YP,ZP,F
13:31:50,PTBA,RG,3740,1,D,YP,RX,F
13:31:47,PTBA,RG,3740,41,D,YP,RX,F
13:31:44,PTBA,RG,3740,157,D,YP,CC,D
13:31:44,PTBA,RG,3740,3,D,YP,CC,D
13:31:44,PTBA,RG,3740,69,D,CC,CC,D
13:31:44,PTBA,RG,3740,5,D,PD,CC,D
13:31:44,PTBA,RG,3740,7,D,XC,CC,D
13:31:44,PTBA,RG,3740,1,D,NI,CC,D
13:31:44,PTBA,RG,3740,5,D,PD,CC,D
13:31:44,PTBA,RG,3740,1,D,XC,CC,D
13:31:44,PTBA,RG,3740,1,D,PD,CC,D
13:31:44,PTBA,RG,3740,5,D,YP,CC,D
13:31:44,PTBA,RG,3740,5,D,NI,CC,D
13:31:44,PTBA,RG,3740,1,D,CC,CC,D
13:31:44,PTBA,RG,3740,5,D,PD,CC,D
13:31:44,PTBA,RG,3740,3,D,BQ,CC,D
13:31:21,PTBA,RG,3740,2,D,DR,RX,F
13:31:21,PTBA,RG,3740,1,D,CC,RX,F
13:31:19,PTBA,RG,3740,23,D,CC,ZP,F
13:31:07,PTBA,RG,3740,4,D,CC,RX,F
13:31:04,PTBA,RG,3740,27,D,CC,ZP,F
13:31:04,PTBA,RG,3740,4,D,CC,RX,F
13:31:03,PTBA,RG,3750,1,D,GR,RX,F
13:31:02,PTBA,RG,3740,27,D,CC,ZP,F
13:31:01,PTBA,RG,3740,1,D,CC,RX,F
13:31:00,PTBA,RG,3740,7,D,CC,RX,F
13:31:00,PTBA,RG,3740,1,D,SQ,RX,F
13:31:00,PTBA,RG,3740,100,D,GR,RX,F
13:31:00,PTBA,RG,3740,21,D,YP,RX,F
13:31:00,PTBA,RG,3740,30,D,XL,RX,F
13:31:00,PTBA,RG,3740,5,D,KK,RX,F
13:31:00,PTBA,RG,3740,1,D,YP,RX,F
13:31:00,PTBA,RG,3740,1,D,PD,RX,F
13:31:00,PTBA,RG,3740,4,D,NI,RX,F
13:31:00,PTBA,RG,3740,3,D,XC,RX,F
13:31:00,PTBA,RG,3740,29,D,OD,RX,F
13:31:00,PTBA,RG,3740,27,D,OD,ZP,F
13:30:55,PTBA,RG,3750,2,D,PD,RX,F
13:30:40,PTBA,RG,3750,2,D,NI,RX,F
13:30:36,PTBA,RG,3750,3,D,XL,RX,F
13:30:25,PTBA,RG,3750,1,D,CC,RX,F
13:30:23,PTBA,RG,3750,27,D,SH,RX,F
13:30:23,PTBA,RG,3750,2,D,SH,OD,D
13:30:23,PTBA,RG,3750,20,D,SH,PD,D
13:30:23,PTBA,RG,3750,4,D,SH,XC,D
13:30:23,PTBA,RG,3750,3,D,SH,BK,F
13:30:23,PTBA,RG,3750,1,D,SH,XL,D
13:30:23,PTBA,RG,3750,30,D,SH,CC,D
13:30:23,PTBA,RG,3750,134,D,SH,PD,D
13:30:23,PTBA,RG,3750,13,D,SH,BK,F
13:30:23,PTBA,RG,3750,56,D,SH,DX,D
13:30:23,PTBA,RG,3750,210,D,SH,RX,F
13:30:09,PTBA,RG,3740,8,D,OD,RX,F
13:30:08,PTBA,RG,3750,1,D,PD,RX,F
13:30:08,PTBA,RG,3740,44,D,OD,ZP,F
13:30:07,PTBA,RG,3740,6,D,OD,AK,F
13:30:06,PTBA,RG,3740,1,D,OD,AK,F
13:30:06,PTBA,RG,3740,1,D,OD,AK,F
13:30:06,PTBA,RG,3740,34,D,OD,RX,F
13:30:06,PTBA,RG,3740,8,D,XC,RX,F
13:30:05,PTBA,RG,3750,1,D,XC,RX,F
13:30:05,PTBA,RG,3750,1,D,XC,RX,F
13:30:05,PTBA,RG,3750,1,D,XC,RX,F
13:30:05,PTBA,RG,3750,2,D,XC,RX,F
13:30:05,PTBA,RG,3740,28,D,XC,XC,D
13:30:05,PTBA,RG,3740,2,D,PD,XC,D
13:30:05,PTBA,RG,3740,105,F,RX,XC,D
13:30:05,PTBA,RG,3750,1,D,XC,RX,F
13:30:04,PTBA,RG,3750,1,D,XC,RX,F
13:30:04,PTBA,RG,3750,2,D,CC,RX,F
13:30:04,PTBA,RG,3740,12,F,RX,AK,F
13:30:04,PTBA,RG,3740,3,F,RX,AK,F
13:30:04,PTBA,RG,3740,1,F,RX,AK,F
13:30:04,PTBA,RG,3740,1,F,RX,AK,F
13:30:04,PTBA,RG,3740,62,F,RX,AK,F
13:30:04,PTBA,RG,3740,4,F,RX,CC,D
13:30:04,PTBA,RG,3750,1,D,XC,RX,F
13:30:03,PTBA,RG,3750,14,D,CC,RX,F
13:30:03,PTBA,RG,3750,1,D,XL,RX,F
13:30:03,PTBA,RG,3750,1,D,XL,RX,F
13:30:03,PTBA,RG,3750,1,D,YP,RX,F
13:30:03,PTBA,RG,3750,2,D,XL,RX,F
13:30:03,PTBA,RG,3750,1,D,YP,RX,F
13:30:03,PTBA,RG,3750,1,D,XL,RX,F
13:30:03,PTBA,RG,3740,2,F,RX,XL,D
13:30:03,PTBA,RG,3740,1,F,RX,XL,D
13:30:03,PTBA,RG,3750,5,D,XL,RX,F
13:30:03,PTBA,RG,3750,2,D,CC,RX,F
13:30:03,PTBA,RG,3750,1,D,XC,RX,F
13:30:03,PTBA,RG,3750,2,D,YP,RX,F
13:30:03,PTBA,RG,3750,1,D,XC,RX,F
13:30:03,PTBA,RG,3750,1,D,XL,RX,F
13:30:03,PTBA,RG,3750,1,D,XL,RX,F
13:30:03,PTBA,RG,3740,12,F,RX,RX,F
13:30:03,PTBA,RG,3750,3,D,XC,RX,F
13:30:03,PTBA,RG,3750,5,D,YP,RX,F
13:30:02,PTBA,RG,3750,1,D,XL,RX,F
13:30:02,PTBA,RG,3750,1,D,XL,CC,D
13:30:02,PTBA,RG,3750,1,D,XL,CC,D
13:30:02,PTBA,RG,3740,19,F,RX,CC,D
13:30:02,PTBA,RG,3740,6,D,BQ,CC,D
13:30:02,PTBA,RG,3750,1,F,RX,CC,D
13:30:02,PTBA,RG,3750,35,F,RX,ZP,F
13:30:02,PTBA,RG,3750,5,F,RX,CC,D
13:30:02,PTBA,RG,3750,20,F,RX,YP,D
13:30:01,PTBA,RG,3750,20,D,PD,YP,D
13:30:01,PTBA,RG,3750,1,D,PD,YP,D
13:30:01,PTBA,RG,3750,1,D,XL,YP,D
13:30:01,PTBA,RG,3750,5,D,PD,YP,D
13:30:01,PTBA,RG,3740,20,D,BQ,PD,D
13:30:01,PTBA,RG,3750,1,D,PD,YP,D
13:30:01,PTBA,RG,3750,3,D,PD,YP,D
13:30:01,PTBA,RG,3740,5,D,BQ,PD,D
13:30:01,PTBA,RG,3750,1,D,PD,YP,D
13:30:01,PTBA,RG,3750,3,D,PD,YP,D
13:30:01,PTBA,RG,3750,2,D,PD,YP,D
13:30:01,PTBA,RG,3750,1,D,PD,YP,D
13:30:01,PTBA,RG,3750,1,D,XL,YP,D
13:30:01,PTBA,RG,3750,1,D,PD,YP,D
13:30:01,PTBA,RG,3750,1,D,PD,BK,F
13:30:01,PTBA,RG,3740,1,D,BQ,PD,D
13:30:01,PTBA,RG,3750,1,D,PD,BK,F
13:30:01,PTBA,RG,3750,4,D,PD,BK,F
13:30:01,PTBA,RG,3750,1,D,PD,BK,F
13:30:01,PTBA,RG,3740,80,D,BQ,PD,D
13:30:01,PTBA,RG,3750,1,D,PD,BK,F
13:30:01,PTBA,RG,3750,7,D,PD,BK,F
13:30:01,PTBA,RG,3750,2,D,PD,BK,F
13:30:01,PTBA,RG,3750,21,D,PD,ZP,F
13:30:01,PTBA,RG,3750,5,D,KK,ZP,F
13:30:01,PTBA,RG,3740,1,D,BQ,PD,D
13:30:01,PTBA,RG,3750,3,D,NI,ZP,F
13:30:01,PTBA,RG,3750,1,D,AZ,ZP,F
13:30:01,PTBA,RG,3750,1,D,YP,ZP,F
13:30:01,PTBA,RG,3750,12,D,GR,ZP,F
13:30:01,PTBA,RG,3750,40,D,GR,ZP,F
13:30:01,PTBA,RG,3750,191,D,GR,YP,D
13:30:01,PTBA,RG,3750,13,D,GR,BK,F
13:30:01,PTBA,RG,3750,44,D,GR,ZP,F
13:30:01,PTBA,RG,3750,8,D,HP,ZP,F
13:30:01,PTBA,RG,3750,1,D,HP,XC,D
13:30:01,PTBA,RG,3750,1,D,HP,XC,D
13:30:01,PTBA,RG,3750,9,D,HP,PD,D
13:30:01,PTBA,RG,3750,1,D,HP,ZP,F
13:30:01,PTBA,RG,3750,2,D,NI,ZP,F
13:30:01,PTBA,RG,3750,7,D,YP,ZP,F
13:30:01,PTBA,RG,3750,18,D,RS,ZP,F
13:30:01,PTBA,RG,3750,1,D,RS,XC,D
13:30:01,PTBA,RG,3750,26,D,RS,ZP,F
13:30:01,PTBA,RG,3750,22,D,RS,ZP,F
13:30:01,PTBA,RG,3750,82,D,RS,BK,F
13:30:01,PTBA,RG,3750,35,D,RS,ZP,F
13:30:01,PTBA,RG,3750,2,D,RS,XA,D
13:30:01,PTBA,RG,3750,5,D,RS,CC,D
13:30:01,PTBA,RG,3750,9,D,RS,ZP,F
13:30:00,PTBA,RG,3750,10,D,YB,BK,F
13:30:00,PTBA,RG,3750,6,D,EP,BK,F
13:30:00,PTBA,RG,3750,7,D,EP,CP,D
11:29:52,PTBA,RG,3750,1,F,RX,CP,D
11:29:50,PTBA,RG,3740,5,D,BQ,BQ,D
11:29:39,PTBA,RG,3750,73,F,RX,CP,D
11:29:39,PTBA,RG,3740,17,D,BQ,ZP,F
11:29:39,PTBA,RG,3750,10,D,YP,CP,D
11:29:32,PTBA,RG,3740,16,D,BQ,RX,F
11:29:31,PTBA,RG,3740,1,D,BQ,AK,F
11:29:31,PTBA,RG,3740,1,D,BQ,AK,F
11:29:30,PTBA,RG,3740,1,D,BQ,AK,F
11:29:19,PTBA,RG,3740,165,D,BQ,RX,F
11:29:16,PTBA,RG,3740,233,D,BQ,RX,F
11:29:02,PTBA,RG,3740,107,D,BQ,BK,F
11:29:01,PTBA,RG,3740,1186,D,BQ,BK,F
11:29:01,PTBA,RG,3740,60,D,BQ,RX,F
11:29:01,PTBA,RG,3740,75,D,BQ,RX,F
11:29:00,PTBA,RG,3740,1,D,BQ,AK,F
11:29:00,PTBA,RG,3740,19,D,BQ,ZP,F
11:29:00,PTBA,RG,3740,2,D,YP,ZP,F
11:29:00,PTBA,RG,3740,3,D,LG,ZP,F
11:29:00,PTBA,RG,3740,1,D,XC,ZP,F
11:29:00,PTBA,RG,3740,1,D,PD,ZP,F
11:28:48,PTBA,RG,3750,10,D,YP,CP,D
11:28:15,PTBA,RG,3740,1,D,PD,AK,F
11:28:15,PTBA,RG,3740,3,D,PD,AK,F
11:28:10,PTBA,RG,3740,1,D,PD,BQ,D
11:28:10,PTBA,RG,3740,3,D,YP,BQ,D
11:28:10,PTBA,RG,3740,1,D,XC,BQ,D
11:28:07,PTBA,RG,3740,2,D,PD,BK,F
11:28:07,PTBA,RG,3740,5,D,YP,BK,F
11:28:07,PTBA,RG,3740,5,D,KK,BK,F
11:28:07,PTBA,RG,3740,1,D,PD,BK,F
11:28:07,PTBA,RG,3740,1,D,YU,BK,F
11:28:00,PTBA,RG,3750,100,D,HP,CP,D
11:28:00,PTBA,RG,3740,26,D,YU,ZP,F
11:27:52,PTBA,RG,3750,10,D,YP,CP,D
11:27:46,PTBA,RG,3740,23,D,YU,ZP,F
11:27:46,PTBA,RG,3740,1,D,NI,ZP,F
11:27:45,PTBA,RG,3740,18,D,NI,RX,F
11:27:40,PTBA,RG,3750,1,D,XL,CP,D
11:27:37,PTBA,RG,3750,10,D,YP,CP,D
11:27:34,PTBA,RG,3740,23,D,NI,RX,F
11:27:30,PTBA,RG,3740,1,D,NI,AK,F
11:27:27,PTBA,RG,3740,16,D,NI,RX,F
11:27:23,PTBA,RG,3740,11,D,NI,SQ,D
11:27:23,PTBA,RG,3740,2,D,YP,SQ,D
11:27:23,PTBA,RG,3740,1,D,CC,SQ,D
11:27:23,PTBA,RG,3740,27,D,PD,SQ,D
11:27:23,PTBA,RG,3740,1,D,CC,SQ,D
11:27:23,PTBA,RG,3740,1,D,PD,SQ,D
11:27:23,PTBA,RG,3740,1,D,YP,SQ,D
11:27:23,PTBA,RG,3740,2,D,YP,SQ,D
11:27:23,PTBA,RG,3740,100,D,XC,SQ,D
11:27:23,PTBA,RG,3740,2,D,YP,SQ,D
11:27:23,PTBA,RG,3740,1,D,CC,SQ,D
11:27:23,PTBA,RG,3740,31,F,BK,SQ,D
11:27:11,PTBA,RG,3740,37,F,BK,RX,F
11:27:01,PTBA,RG,3740,21,F,BK,RX,F
11:27:00,PTBA,RG,3740,1,F,BK,AK,F
11:27:00,PTBA,RG,3740,1,D,XL,AK,F
11:27:00,PTBA,RG,3740,1,D,YP,AK,F
11:26:53,PTBA,RG,3740,2,D,YP,ZP,F
11:26:53,PTBA,RG,3740,3,D,LG,ZP,F
11:26:53,PTBA,RG,3740,13,D,CC,ZP,F
11:26:49,PTBA,RG,3750,20,D,SQ,CP,D
11:26:45,PTBA,RG,3740,1,D,CC,AK,F
11:26:34,PTBA,RG,3740,18,D,CC,RX,F
11:26:31,PTBA,RG,3740,21,D,CC,RX,F
11:26:30,PTBA,RG,3740,1,D,CC,AK,F
11:26:30,PTBA,RG,3740,1,D,CC,AK,F
11:26:26,PTBA,RG,3740,15,D,CC,BK,F
11:26:16,PTBA,RG,3740,19,D,CC,RX,F
11:26:00,PTBA,RG,3740,11,D,CC,RX,F
11:26:00,PTBA,RG,3740,1,D,YP,RX,F
11:26:00,PTBA,RG,3740,2,D,CC,RX,F
11:26:00,PTBA,RG,3740,1,D,CC,AK,F
11:26:00,PTBA,RG,3740,27,F,RX,ZP,F
11:25:56,PTBA,RG,3740,15,F,RX,RX,F
11:25:45,PTBA,RG,3740,1,F,RX,AK,F
11:25:43,PTBA,RG,3740,14,F,RX,BK,F
11:25:41,PTBA,RG,3740,19,F,RX,RX,F
11:25:40,PTBA,RG,3740,24,F,RX,RX,F
11:25:22,PTBA,RG,3740,18,F,RX,RX,F
11:25:09,PTBA,RG,3740,15,F,RX,BK,F
11:25:07,PTBA,RG,3740,26,F,RX,RX,F
11:25:07,PTBA,RG,3740,100,D,PD,RX,F
11:25:07,PTBA,RG,3740,2,D,XC,RX,F
11:25:07,PTBA,RG,3740,27,D,CP,RX,F
11:25:04,PTBA,RG,3740,65,D,CP,RX,F
11:25:00,PTBA,RG,3740,1,D,CP,AK,F
11:24:59,PTBA,RG,3740,27,D,CP,ZP,F
11:24:59,PTBA,RG,3740,30,D,CP,GR,D
11:24:45,PTBA,RG,3740,3,D,CP,AK,F
11:24:30,PTBA,RG,3740,1,D,CP,AK,F
11:24:15,PTBA,RG,3740,1,D,CP,AK,F
11:24:12,PTBA,RG,3750,16,F,BK,CP,D
11:24:08,PTBA,RG,3750,24,F,BK,CP,D
11:24:08,PTBA,RG,3740,156,D,CP,RX,F
11:24:00,PTBA,RG,3740,1,D,CP,AK,F
11:24:00,PTBA,RG,3740,25,D,CP,ZP,F
11:23:51,PTBA,RG,3750,2,D,YP,CP,D
11:23:49,PTBA,RG,3740,5,D,CP,BQ,D
11:23:44,PTBA,RG,3740,1,D,CP,XL,D
11:23:39,PTBA,RG,3740,10,D,CP,DH,D
11:23:39,PTBA,RG,3740,2,D,CP,CC,D
11:23:37,PTBA,RG,3750,2,D,AZ,CP,D
11:23:26,PTBA,RG,3740,15,D,CP,BK,F
11:23:01,PTBA,RG,3740,1,D,CP,AK,F
11:23:00,PTBA,RG,3750,15,F,BK,CP,D
11:23:00,PTBA,RG,3740,27,D,CP,ZP,F
11:22:53,PTBA,RG,3740,15,D,CP,BK,F
11:22:45,PTBA,RG,3740,3,D,CP,AK,F
11:22:29,PTBA,RG,3740,15,D,CP,BK,F
11:22:21,PTBA,RG,3740,15,D,CP,PD,D
11:22:15,PTBA,RG,3740,1,D,CP,AK,F
11:22:14,PTBA,RG,3740,1,D,CP,DH,D
11:22:07,PTBA,RG,3750,1,D,XL,CP,D
11:22:04,PTBA,RG,3750,15,F,BK,CP,D
11:22:00,PTBA,RG,3740,26,D,CP,ZP,F
11:21:55,PTBA,RG,3740,17,D,CP,RX,F
11:21:53,PTBA,RG,3740,9,D,CP,RX,F
11:21:53,PTBA,RG,3740,10,D,CC,RX,F
11:21:53,PTBA,RG,3740,3,D,AO,RX,F
11:21:36,PTBA,RG,3750,10,D,LG,CP,D
11:21:34,PTBA,RG,3740,22,D,AO,RX,F
11:21:34,PTBA,RG,3740,2,D,YP,RX,F
11:21:34,PTBA,RG,3740,1,D,XL,RX,F
11:21:34,PTBA,RG,3740,16,F,RX,RX,F
11:21:15,PTBA,RG,3740,2,F,RX,AK,F
11:21:15,PTBA,RG,3740,1,F,RX,AK,F
11:21:15,PTBA,RG,3740,1,F,RX,AK,F
11:21:15,PTBA,RG,3740,14,F,RX,RX,F
11:21:13,PTBA,RG,3740,10,F,RX,CC,D
11:21:13,PTBA,RG,3740,19,F,RX,RX,F
11:21:00,PTBA,RG,3740,3,F,RX,AK,F
11:20:58,PTBA,RG,3740,14,F,RX,RX,F
11:20:57,PTBA,RG,3740,25,F,RX,ZP,F
11:20:57,PTBA,RG,3740,24,F,RX,RX,F
11:20:57,PTBA,RG,3740,1,D,PD,RX,F
11:20:47,PTBA,RG,3750,2,F,RX,CP,D
11:20:41,PTBA,RG,3740,16,D,HP,RX,F
11:20:37,PTBA,RG,3750,4,F,RX,CP,D
11:20:36,PTBA,RG,3740,13,D,HP,BK,F
11:20:35,PTBA,RG,3740,19,D,HP,RX,F
11:20:31,PTBA,RG,3750,5,D,XL,CP,D
11:20:21,PTBA,RG,3750,2,F,RX,CP,D
11:20:20,PTBA,RG,3740,15,D,HP,RX,F
11:20:19,PTBA,RG,3750,4,F,RX,CP,D
11:20:19,PTBA,RG,3740,34,D,HP,RX,F
11:20:01,PTBA,RG,3740,2,D,HP,NI,D
11:19:46,PTBA,RG,3750,1,F,RX,CP,D
11:19:46,PTBA,RG,3740,3,D,HP,AK,F
11:19:46,PTBA,RG,3740,1,D,HP,AK,F
11:19:45,PTBA,RG,3740,5,D,HP,PC,D
11:19:39,PTBA,RG,3750,2,F,RX,CP,D
11:19:36,PTBA,RG,3740,23,D,HP,RX,F
11:19:20,PTBA,RG,3750,1,F,RX,CP,D
11:19:19,PTBA,RG,3750,3,D,KK,CP,D
11:19:18,PTBA,RG,3740,2,D,HP,AK,F
11:19:01,PTBA,RG,3750,3,F,RX,CP,D
11:19:00,PTBA,RG,3740,25,D,HP,ZP,F
11:18:49,PTBA,RG,3750,42,F,RX,CP,D
11:18:48,PTBA,RG,3740,61,D,HP,BK,F
11:18:47,PTBA,RG,3740,318,D,HP,RX,F
11:18:46,PTBA,RG,3750,11,F,RX,CP,D
11:18:37,PTBA,RG,3740,100,D,HP,PC,D
11:18:30,PTBA,RG,3750,1,F,RX,CP,D
11:18:30,PTBA,RG,3740,1,D,HP,AK,F
11:18:30,PTBA,RG,3740,1,D,HP,AK,F
11:18:30,PTBA,RG,3740,3,D,HP,AK,F
11:18:23,PTBA,RG,3740,5,D,HP,PD,D
11:18:15,PTBA,RG,3740,1,D,HP,AK,F
11:18:01,PTBA,RG,3750,1,F,RX,CP,D
11:17:56,PTBA,RG,3740,3,D,HP,XL,D
11:17:49,PTBA,RG,3750,1,F,RX,CP,D
11:17:48,PTBA,RG,3740,4,D,HP,BK,F
11:17:48,PTBA,RG,3740,9,D,HP,BK,F
11:17:30,PTBA,RG,3740,3,D,HP,AK,F
11:17:24,PTBA,RG,3750,1,D,CC,CP,D
11:17:21,PTBA,RG,3750,3,F,RX,CP,D
11:17:20,PTBA,RG,3740,20,D,HP,CC,D
11:17:06,PTBA,RG,3740,1,D,HP,PD,D
11:17:05,PTBA,RG,3750,14,F,RX,CP,D
11:17:02,PTBA,RG,3750,106,D,KK,CP,D
11:17:00,PTBA,RG,3740,13,D,HP,ZP,F
11:17:00,PTBA,RG,3740,14,D,HP,ZP,F
11:16:55,PTBA,RG,3750,2,F,RX,CP,D
11:16:45,PTBA,RG,3740,15,D,HP,BK,F
11:16:36,PTBA,RG,3740,1,D,HP,XL,D
11:16:31,PTBA,RG,3750,4,F,RX,CP,D
11:16:30,PTBA,RG,3740,1,D,HP,AK,F
11:16:30,PTBA,RG,3740,1,D,HP,AK,F
11:16:30,PTBA,RG,3740,1,D,HP,AK,F
11:16:30,PTBA,RG,3740,6,D,HP,ZP,F
11:16:30,PTBA,RG,3740,21,D,HP,ZP,F
11:16:24,PTBA,RG,3750,3,F,RX,CP,D
11:15:56,PTBA,RG,3740,27,D,HP,ZP,F
11:15:49,PTBA,RG,3750,6,D,XL,CP,D
11:15:44,PTBA,RG,3750,1,F,RX,CP,D
11:15:22,PTBA,RG,3750,1,D,XC,CP,D
11:15:19,PTBA,RG,3750,4,D,CC,CP,D
11:14:33,PTBA,RG,3750,2,F,RX,CP,D
11:14:18,PTBA,RG,3740,6,D,HP,AK,F
11:14:17,PTBA,RG,3740,5,D,HP,PD,D
11:14:03,PTBA,RG,3740,6,D,HP,AK,F
11:13:38,PTBA,RG,3750,55,F,RX,CP,D
11:13:36,PTBA,RG,3750,388,D,KK,CP,D
11:13:36,PTBA,RG,3750,10,D,KK,NI,D
11:13:36,PTBA,RG,3750,5,D,KK,CC,D
11:13:36,PTBA,RG,3750,5,D,KK,PD,D
11:13:36,PTBA,RG,3750,1,D,KK,CC,D
11:13:36,PTBA,RG,3750,91,D,KK,BK,F
11:13:33,PTBA,RG,3750,3,F,RX,BK,F
11:13:27,PTBA,RG,3750,1,D,XL,BK,F
11:13:15,PTBA,RG,3740,1,D,HP,AK,F
11:12:58,PTBA,RG,3740,16,D,HP,ZP,F
11:12:58,PTBA,RG,3740,9,D,HP,ZP,F
11:12:55,PTBA,RG,3750,1,D,XC,BK,F
11:12:32,PTBA,RG,3750,2,F,RX,BK,F
11:12:30,PTBA,RG,3740,1,D,HP,AK,F
11:12:30,PTBA,RG,3740,1,D,HP,AK,F
11:12:30,PTBA,RG,3750,10,D,YP,BK,F
11:12:05,PTBA,RG,3750,3,F,RX,BK,F
11:12:03,PTBA,RG,3750,30,D,OD,BK,F
11:11:12,PTBA,RG,3750,1,F,RX,BK,F
11:11:11,PTBA,RG,3740,7,D,HP,YP,D
11:11:00,PTBA,RG,3750,3,F,RX,BK,F
11:11:00,PTBA,RG,3740,27,D,HP,ZP,F
11:10:11,PTBA,RG,3750,4,F,RX,BK,F
11:10:00,PTBA,RG,3740,27,D,HP,ZP,F
11:09:45,PTBA,RG,3740,1,D,HP,XC,D
11:09:35,PTBA,RG,3740,14,D,HP,BK,F
11:09:30,PTBA,RG,3750,3,F,RX,BK,F
11:09:00,PTBA,RG,3740,8,D,HP,ZP,F
11:09:00,PTBA,RG,3740,18,D,HP,ZP,F
11:08:32,PTBA,RG,3740,1,D,HP,PD,D
11:08:30,PTBA,RG,3750,4,F,RX,BK,F
11:08:07,PTBA,RG,3750,2,D,YP,BK,F
11:08:00,PTBA,RG,3740,27,D,HP,ZP,F
11:07:55,PTBA,RG,3750,50,F,RX,BK,F
11:07:53,PTBA,RG,3750,440,D,GR,BK,F
11:07:53,PTBA,RG,3750,14,D,GR,BK,F
11:07:52,PTBA,RG,3750,1,F,RX,BK,F
11:07:51,PTBA,RG,3740,4,D,HP,PD,D
11:07:51,PTBA,RG,3740,7,D,HP,PD,D
11:07:50,PTBA,RG,3750,1,F,RX,BK,F
11:07:40,PTBA,RG,3740,1,D,HP,PD,D
11:07:22,PTBA,RG,3750,5,D,YP,BK,F
11:06:39,PTBA,RG,3750,4,F,RX,BK,F
11:06:30,PTBA,RG,3740,25,D,HP,ZP,F
11:06:30,PTBA,RG,3740,2,D,CC,ZP,F
11:06:10,PTBA,RG,3740,7,D,CC,XC,D
11:06:09,PTBA,RG,3750,1,F,KK,BK,F
11:06:03,PTBA,RG,3750,21,F,RX,BK,F
11:06:02,PTBA,RG,3750,303,D,NI,BK,F
11:06:00,PTBA,RG,3740,11,D,CC,ZP,F
11:06:00,PTBA,RG,3740,15,D,NI,ZP,F
11:05:53,PTBA,RG,3750,2,D,PD,BK,F
11:05:45,PTBA,RG,3740,1,D,NI,PD,D
11:05:06,PTBA,RG,3750,22,D,CC,BK,F
11:05:00,PTBA,RG,3740,9,D,NI,ZP,F
11:05:00,PTBA,RG,3740,5,D,YP,ZP,F
11:05:00,PTBA,RG,3740,4,D,SQ,ZP,F
11:05:00,PTBA,RG,3740,9,D,YP,ZP,F
11:04:44,PTBA,RG,3740,1,D,YP,XL,D
11:03:57,PTBA,RG,3740,26,D,YP,ZP,F
11:03:57,PTBA,RG,3750,1,D,XL,BK,F
