Time,Stock,Brd,Price,Qty,BT,BC,SC,ST
15:14:43,PTBA,RG,4070,2,D,XA,EP,D
15:14:20,PTBA,RG,4070,200,D,XA,OD,D
15:14:19,PTBA,RG,4070,50,D,XA,DR,D
15:14:14,PTBA,RG,4070,1,D,XA,SQ,D
15:13:55,PTBA,RG,4070,1,D,XA,ZP,D
15:13:39,PTBA,RG,4070,43,D,XA,CC,D
15:13:33,PTBA,RG,4070,1,D,XA,CC,D
15:13:26,PTBA,RG,4070,5,D,XA,ZP,D
15:13:22,PTBA,RG,4070,4,D,XA,XC,D
15:12:53,PTBA,RG,4070,10,D,XA,YP,D
15:12:40,PTBA,RG,4070,20,D,XA,DH,D
15:12:40,PTBA,RG,4070,5,D,XA,CC,D
15:12:40,PTBA,RG,4070,3,D,XA,NI,D
15:12:40,PTBA,RG,4070,1,D,XA,KK,D
15:12:40,PTBA,RG,4070,1,D,XA,PD,D
15:12:40,PTBA,RG,4070,25,D,XA,OD,D
15:12:40,PTBA,RG,4070,250,D,XA,YP,D
15:12:40,PTBA,RG,4070,4,D,XA,XC,D
15:12:40,PTBA,RG,4070,5,D,XA,XA,D
15:12:40,PTBA,RG,4070,200,D,XA,SH,D
15:12:40,PTBA,RG,4070,3,D,XA,YP,D
15:12:40,PTBA,RG,4070,6,D,XA,XC,D
15:12:40,PTBA,RG,4070,1000,D,XA,BQ,D
15:12:40,PTBA,RG,4070,104,D,XA,YU,D
15:12:34,PTBA,RG,4070,247,D,CC,YU,D
15:12:33,PTBA,RG,4070,3,D,XC,YU,D
15:12:31,PTBA,RG,4070,1,D,KK,YU,D
15:12:29,PTBA,RG,4070,1,D,NI,YU,D
15:12:23,PTBA,RG,4070,1,D,XC,YU,D
15:12:22,PTBA,RG,4070,1,D,XC,YU,D
15:12:20,PTBA,RG,4070,52,D,DR,YU,D
15:12:16,PTBA,RG,4070,1,D,XC,YU,D
15:12:15,PTBA,RG,4070,1,D,YP,YU,D
15:11:50,PTBA,RG,4070,1,D,KK,YU,D
15:11:40,PTBA,RG,4070,334,D,PD,YU,D
15:11:32,PTBA,RG,4070,2,D,AT,YU,D
15:11:29,PTBA,RG,4070,251,D,SQ,YU,D
15:11:29,PTBA,RG,4070,35,D,SQ,YU,D
15:11:29,PTBA,RG,4070,14,D,SQ,YU,D
15:11:12,PTBA,RG,4070,5,D,XL,YU,D
15:11:06,PTBA,RG,4070,3,D,XL,YU,D
15:11:03,PTBA,RG,4070,14,D,PD,YU,D
15:10:58,PTBA,RG,4070,40,D,XL,YU,D
15:10:54,PTBA,RG,4070,3,D,XC,YU,D
15:10:54,PTBA,RG,4070,50,D,NI,YU,D
15:10:50,PTBA,RG,4070,2,D,CC,YU,D
15:10:50,PTBA,RG,4070,65,D,XC,YU,D
15:10:38,PTBA,RG,4070,4,D,LG,YU,D
15:10:19,PTBA,RG,4070,50,D,KK,YU,D
15:10:18,PTBA,RG,4070,8,D,KK,YU,D
15:10:17,PTBA,RG,4070,13,D,NI,YU,D
15:10:08,PTBA,RG,4070,4,D,YP,YU,D
15:10:05,PTBA,RG,4070,5,D,LG,YU,D
15:10:00,PTBA,RG,4070,12,D,XC,YU,D
15:09:44,PTBA,RG,4070,7,D,XL,YU,D
15:09:44,PTBA,RG,4070,1,D,PD,YU,D
15:09:41,PTBA,RG,4070,35,D,XL,YU,D
15:09:22,PTBA,RG,4070,5,D,SQ,YU,D
15:09:19,PTBA,RG,4070,37,D,XC,YU,D
15:09:16,PTBA,RG,4070,10,D,XC,YU,D
15:09:15,PTBA,RG,4070,1,D,PD,YU,D
15:09:12,PTBA,RG,4070,30,D,YP,YU,D
15:08:55,PTBA,RG,4070,10,D,LG,YU,D
15:08:50,PTBA,RG,4070,12,D,YP,YU,D
15:08:50,PTBA,RG,4070,1,D,XL,YU,D
15:08:50,PTBA,RG,4070,40,D,YP,YU,D
15:08:50,PTBA,RG,4070,10,D,XL,YU,D
15:08:50,PTBA,RG,4070,22,D,PD,YU,D
15:08:50,PTBA,RG,4070,50,D,YP,YU,D
15:08:50,PTBA,RG,4070,10,D,YP,YU,D
15:08:50,PTBA,RG,4070,2,D,EP,YU,D
15:08:50,PTBA,RG,4070,5,D,PD,YU,D
15:08:50,PTBA,RG,4070,25,D,YB,YU,D
15:08:50,PTBA,RG,4070,10,D,SQ,YU,D
15:08:50,PTBA,RG,4070,33,D,KK,YU,D
15:08:50,PTBA,RG,4070,35,D,NI,YU,D
15:08:50,PTBA,RG,4070,9,D,PD,YU,D
15:08:50,PTBA,RG,4070,20,D,YP,YU,D
15:08:50,PTBA,RG,4070,200,D,DR,YU,D
15:08:50,PTBA,RG,4070,23,D,LG,YU,D
15:08:50,PTBA,RG,4070,8,D,KK,YU,D
15:08:50,PTBA,RG,4070,2,D,XL,YU,D
15:08:50,PTBA,RG,4070,5,D,YP,YU,D
15:08:50,PTBA,RG,4070,10,D,YP,YU,D
15:08:50,PTBA,RG,4070,7,D,XC,YU,D
15:08:50,PTBA,RG,4070,8,D,PD,YU,D
15:08:50,PTBA,RG,4070,3,D,YP,YU,D
15:08:50,PTBA,RG,4070,1,D,YP,YU,D
15:08:50,PTBA,RG,4070,12,D,EP,YU,D
15:08:50,PTBA,RG,4070,1,D,XC,YU,D
15:08:50,PTBA,RG,4070,3,D,XC,YU,D
15:08:50,PTBA,RG,4070,5,D,YP,YU,D
15:08:50,PTBA,RG,4070,10,D,CC,YU,D
15:08:50,PTBA,RG,4070,12,D,XC,YU,D
15:08:50,PTBA,RG,4070,92,D,PD,YU,D
15:08:50,PTBA,RG,4070,75,D,XC,YU,D
15:08:50,PTBA,RG,4070,2,D,MK,YU,D
15:08:50,PTBA,RG,4070,2,D,NI,YU,D
15:08:50,PTBA,RG,4070,200,D,LG,YU,D
15:08:50,PTBA,RG,4070,8,D,YP,YU,D
15:08:50,PTBA,RG,4070,5,D,XC,YU,D
15:08:50,PTBA,RG,4070,2,D,DH,YU,D
15:08:50,PTBA,RG,4070,1,D,XL,YU,D
15:08:50,PTBA,RG,4070,25,D,NI,YU,D
15:08:50,PTBA,RG,4070,10,D,XC,YU,D
15:08:50,PTBA,RG,4070,1,D,NI,YU,D
15:08:50,PTBA,RG,4070,1,D,XC,YU,D
15:08:50,PTBA,RG,4070,9,D,XC,YU,D
15:08:50,PTBA,RG,4070,3,D,XL,YU,D
15:08:50,PTBA,RG,4070,50,D,PD,YU,D
15:08:50,PTBA,RG,4070,20,D,PD,YU,D
15:08:50,PTBA,RG,4070,3,D,XL,YU,D
15:08:50,PTBA,RG,4070,5,D,YB,YU,D
15:08:50,PTBA,RG,4070,25,D,EP,YU,D
15:08:50,PTBA,RG,4070,13,D,YP,YU,D
15:08:50,PTBA,RG,4070,3,D,XC,YU,D
15:08:50,PTBA,RG,4070,1,D,PD,YU,D
15:08:50,PTBA,RG,4070,15,D,PD,YU,D
15:08:50,PTBA,RG,4070,1,D,PD,YU,D
15:08:50,PTBA,RG,4070,18,D,NI,YU,D
15:08:50,PTBA,RG,4070,21,D,XC,YU,D
15:08:50,PTBA,RG,4070,1,D,CC,YU,D
15:08:50,PTBA,RG,4070,2,D,HP,YU,D
15:08:50,PTBA,RG,4070,1,D,YP,YU,D
15:08:50,PTBA,RG,4070,10,D,YB,YU,D
15:08:50,PTBA,RG,4070,40,D,CC,YU,D
15:08:50,PTBA,RG,4070,5,D,LG,YU,D
15:08:50,PTBA,RG,4070,1,D,NI,YU,D
15:08:50,PTBA,RG,4070,5,D,NI,YU,D
15:08:50,PTBA,RG,4070,10,D,XC,YU,D
15:08:50,PTBA,RG,4070,1,D,YP,YU,D
15:08:50,PTBA,RG,4070,5,D,YP,YU,D
15:08:50,PTBA,RG,4070,286,F,YU,YU,D
15:08:37,PTBA,RG,4070,2,F,YU,OD,D
15:08:33,PTBA,RG,4070,15,F,YU,DH,D
15:08:27,PTBA,RG,4070,2,F,YU,YP,D
15:08:15,PTBA,RG,4070,20,F,YU,OD,D
15:08:12,PTBA,RG,4070,100,F,YU,CC,D
15:08:06,PTBA,RG,4070,100,F,YU,MG,D
15:07:59,PTBA,RG,4070,1,F,YU,PD,D
15:07:47,PTBA,RG,4070,58,F,YU,XL,D
15:07:44,PTBA,RG,4070,1,F,YU,CC,D
15:07:37,PTBA,RG,4070,3,F,YU,DR,D
15:07:28,PTBA,RG,4070,11,F,YU,KK,D
15:07:09,PTBA,RG,4070,5,F,YU,XC,D
15:07:05,PTBA,RG,4070,2,F,YU,CC,D
15:06:59,PTBA,RG,4070,216,F,YU,XC,D
15:06:55,PTBA,RG,4070,70,F,YU,HP,D
15:06:53,PTBA,RG,4070,10,F,YU,XC,D
15:06:50,PTBA,RG,4070,20,F,YU,LG,D
15:06:48,PTBA,RG,4070,10,F,YU,NI,D
15:06:32,PTBA,RG,4070,5,F,YU,RG,D
15:06:24,PTBA,RG,4070,145,F,YU,CC,D
15:06:03,PTBA,RG,4070,11,F,YU,DH,D
15:06:02,PTBA,RG,4070,34,F,YU,YP,D
15:05:59,PTBA,RG,4070,2500,F,YU,YP,D
15:05:53,PTBA,RG,4070,1,F,YU,GR,D
15:05:24,PTBA,RG,4070,1,F,YU,PD,D
15:05:21,PTBA,RG,4070,9,F,YU,YP,D
15:05:21,PTBA,RG,4070,20,F,YU,CC,D
15:05:15,PTBA,RG,4070,1,F,YU,YP,D
15:05:12,PTBA,RG,4070,15,F,YU,SQ,D
15:04:51,PTBA,RG,4070,8,F,YU,XC,D
15:04:50,PTBA,RG,4070,15,F,YU,YP,D
15:04:46,PTBA,RG,4070,8,F,YU,KK,D
15:04:46,PTBA,RG,4070,20,F,YU,EP,D
15:04:33,PTBA,RG,4070,50,F,YU,YP,D
15:04:26,PTBA,RG,4070,45,F,YU,DH,D
15:04:25,PTBA,RG,4070,10,F,YU,CC,D
15:04:22,PTBA,RG,4070,1,F,YU,DR,D
15:04:10,PTBA,RG,4070,150,F,YU,CC,D
15:04:10,PTBA,RG,4070,55,F,YU,YP,D
15:04:05,PTBA,RG,4070,2,F,YU,CC,D
15:03:57,PTBA,RG,4070,9,F,YU,OD,D
15:03:46,PTBA,RG,4070,4,F,YU,AT,D
15:03:44,PTBA,RG,4070,10,F,YU,CC,D
15:03:40,PTBA,RG,4070,3,F,YU,NI,D
15:03:36,PTBA,RG,4070,1000,F,YU,YU,D
15:03:35,PTBA,RG,4070,19,F,YU,EP,D
15:03:27,PTBA,RG,4070,15,F,YU,YP,D
15:03:27,PTBA,RG,4070,1,F,YU,XC,D
15:03:26,PTBA,RG,4070,100,F,YU,DR,D
15:03:23,PTBA,RG,4070,37,F,YU,XC,D
15:03:17,PTBA,RG,4070,35,F,YU,HP,D
15:03:14,PTBA,RG,4070,10,F,YU,YP,D
15:03:02,PTBA,RG,4070,11,F,YU,XL,D
15:03:02,PTBA,RG,4070,4,F,YU,CC,D
15:02:56,PTBA,RG,4070,100,F,YU,YU,D
15:02:51,PTBA,RG,4070,20,F,YU,CP,D
15:02:50,PTBA,RG,4070,1,F,YU,YP,D
15:02:34,PTBA,RG,4070,25,F,YU,CC,D
15:02:32,PTBA,RG,4070,3,F,YU,CC,D
15:02:12,PTBA,RG,4070,50,F,YU,DH,D
15:02:09,PTBA,RG,4070,20,F,YU,YP,D
15:02:05,PTBA,RG,4070,2,F,YU,XL,D
15:02:04,PTBA,RG,4070,4,F,YU,CC,D
15:02:02,PTBA,RG,4070,21,F,YU,CC,D
15:01:55,PTBA,RG,4070,10,F,YU,ZP,D
15:01:51,PTBA,RG,4070,42,F,YU,XL,D
15:01:48,PTBA,RG,4070,730,F,YU,CC,D
15:01:47,PTBA,RG,4070,100,F,YU,CC,D
15:01:41,PTBA,RG,4070,200,F,YU,CC,D
15:01:41,PTBA,RG,4070,10,F,YU,CC,D
15:01:40,PTBA,RG,4070,100,F,YU,YP,D
15:01:40,PTBA,RG,4070,1,F,YU,XC,D
15:01:40,PTBA,RG,4070,83,F,YU,YP,D
15:01:40,PTBA,RG,4070,12,F,YU,ZP,D
15:01:40,PTBA,RG,4070,30,F,YU,OD,D
15:01:40,PTBA,RG,4070,30,F,YU,EP,D
15:01:40,PTBA,RG,4070,10,F,YU,XC,D
15:01:40,PTBA,RG,4070,345,F,YU,XC,D
15:01:40,PTBA,RG,4070,14,F,YU,PD,D
15:01:40,PTBA,RG,4070,20,F,YU,GR,D
15:01:40,PTBA,RG,4070,10,F,YU,GR,D
15:01:40,PTBA,RG,4070,20,F,YU,YP,D
15:01:40,PTBA,RG,4070,1,F,YU,YP,D
15:01:40,PTBA,RG,4070,8,F,YU,YP,D
15:01:40,PTBA,RG,4070,10,F,YU,XL,D
15:01:40,PTBA,RG,4070,237,F,YU,XC,D
15:01:40,PTBA,RG,4070,100,F,YU,YU,D
15:01:40,PTBA,RG,4070,1,F,YU,KK,D
15:01:40,PTBA,RG,4070,20,F,YU,NI,D
15:01:40,PTBA,RG,4070,191,F,YU,YP,D
15:01:40,PTBA,RG,4070,2,F,YU,OD,D
15:01:40,PTBA,RG,4070,50,F,YU,YP,D
15:01:40,PTBA,RG,4070,25,F,YU,EP,D
15:01:40,PTBA,RG,4070,5,F,YU,XC,D
15:01:40,PTBA,RG,4070,26,F,YU,EP,D
15:01:40,PTBA,RG,4070,15,F,YU,GR,D
15:01:29,PTBA,RG,4070,1,D,YB,GR,D
15:01:27,PTBA,RG,4070,2,D,XC,GR,D
15:01:23,PTBA,RG,4070,50,D,PD,GR,D
15:01:07,PTBA,RG,4070,2,D,XC,GR,D
15:01:05,PTBA,RG,4070,6,D,EP,GR,D
15:01:00,PTBA,RG,4070,49,D,XC,GR,D
15:01:00,PTBA,RG,4070,3,D,XC,GR,D
15:01:00,PTBA,RG,4070,2,D,PD,GR,D
15:01:00,PTBA,RG,4070,100,D,EP,GR,D
15:00:00,PTBA,RG,4070,2,D,NI,GR,D
15:00:00,PTBA,RG,4070,10,D,CC,GR,D
15:00:00,PTBA,RG,4070,10,D,YP,GR,D
15:00:00,PTBA,RG,4070,5,D,PD,GR,D
15:00:00,PTBA,RG,4070,2,D,KK,GR,D
15:00:00,PTBA,RG,4070,5,D,PD,GR,D
15:00:00,PTBA,RG,4070,10,D,YP,GR,D
15:00:00,PTBA,RG,4070,2,D,YP,GR,D
15:00:00,PTBA,RG,4070,4,D,DR,GR,D
15:00:00,PTBA,RG,4070,20,D,YP,GR,D
15:00:00,PTBA,RG,4070,30,D,XC,GR,D
15:00:00,PTBA,RG,4070,10,D,AG,GR,D
15:00:00,PTBA,RG,4070,4,D,YP,GR,D
15:00:00,PTBA,RG,4070,50,D,YP,GR,D
15:00:00,PTBA,RG,4070,1,D,XC,GR,D
15:00:00,PTBA,RG,4070,25,D,XC,GR,D
15:00:00,PTBA,RG,4070,10,D,AT,GR,D
15:00:00,PTBA,RG,4070,1,D,XC,GR,D
15:00:00,PTBA,RG,4070,1,D,XC,GR,D
15:00:00,PTBA,RG,4070,12,D,XC,GR,D
15:00:00,PTBA,RG,4070,1,D,PD,GR,D
15:00:00,PTBA,RG,4070,30,D,CC,GR,D
15:00:00,PTBA,RG,4070,10,D,XC,GR,D
15:00:00,PTBA,RG,4070,4,D,PD,GR,D
15:00:00,PTBA,RG,4070,50,D,PD,GR,D
15:00:00,PTBA,RG,4070,20,D,TP,GR,D
15:00:00,PTBA,RG,4070,14,D,YB,GR,D
15:00:00,PTBA,RG,4070,1,D,KK,GR,D
15:00:00,PTBA,RG,4070,300,D,SH,GR,D
15:00:00,PTBA,RG,4070,10,D,PD,GR,D
15:00:00,PTBA,RG,4070,4,D,YB,GR,D
15:00:00,PTBA,RG,4070,10,D,YP,GR,D
15:00:00,PTBA,RG,4070,500,D,SH,GR,D
15:00:00,PTBA,RG,4070,1,D,PD,GR,D
15:00:00,PTBA,RG,4070,3,D,CC,GR,D
15:00:00,PTBA,RG,4070,1,D,LG,GR,D
15:00:00,PTBA,RG,4070,5,D,YP,GR,D
15:00:00,PTBA,RG,4070,1,D,XC,GR,D
15:00:00,PTBA,RG,4070,1,D,XC,GR,D
15:00:00,PTBA,RG,4070,5,D,IF,GR,D
15:00:00,PTBA,RG,4070,1,D,YP,GR,D
15:00:00,PTBA,RG,4070,1,D,NI,GR,D
15:00:00,PTBA,RG,4070,1,D,YP,GR,D
15:00:00,PTBA,RG,4070,10,D,DR,GR,D
15:00:00,PTBA,RG,4070,1,D,PD,GR,D
15:00:00,PTBA,RG,4070,12,D,NI,GR,D
15:00:00,PTBA,RG,4070,2,D,XL,GR,D
15:00:00,PTBA,RG,4070,24,D,XL,GR,D
15:00:00,PTBA,RG,4070,3,D,YP,GR,D
15:00:00,PTBA,RG,4070,2,D,XC,GR,D
15:00:00,PTBA,RG,4070,1,D,PD,GR,D
15:00:00,PTBA,RG,4070,25,D,OD,GR,D
15:00:00,PTBA,RG,4070,2,D,AG,GR,D
15:00:00,PTBA,RG,4070,100,D,SQ,GR,D
15:00:00,PTBA,RG,4070,150,D,SH,GR,D
15:00:00,PTBA,RG,4070,1,D,YP,GR,D
15:00:00,PTBA,RG,4070,100,D,PD,GR,D
15:00:00,PTBA,RG,4070,3,D,CC,GR,D
15:00:00,PTBA,RG,4070,200,D,SH,GR,D
15:00:00,PTBA,RG,4070,1,D,YU,GR,D
15:00:00,PTBA,RG,4070,2945,F,KZ,GR,D
15:00:00,PTBA,RG,4070,1,F,KZ,PD,D
15:00:00,PTBA,RG,4070,1,F,KZ,XC,D
15:00:00,PTBA,RG,4070,1,F,KZ,PD,D
15:00:00,PTBA,RG,4070,20,F,KZ,YP,D
15:00:00,PTBA,RG,4070,1,F,KZ,CP,D
15:00:00,PTBA,RG,4070,50,F,KZ,CC,D
15:00:00,PTBA,RG,4070,2,F,KZ,XC,D
15:00:00,PTBA,RG,4070,6,F,KZ,PD,D
15:00:00,PTBA,RG,4070,60,F,KZ,XL,D
15:00:00,PTBA,RG,4070,10,F,KZ,PC,D
15:00:00,PTBA,RG,4070,25,F,KZ,KK,D
15:00:00,PTBA,RG,4070,6,F,KZ,XL,D
15:00:00,PTBA,RG,4070,1,F,KZ,CP,D
15:00:00,PTBA,RG,4070,2,F,KZ,XC,D
15:00:00,PTBA,RG,4070,5,F,KZ,YP,D
15:00:00,PTBA,RG,4070,25,F,KZ,OD,D
15:00:00,PTBA,RG,4070,50,F,KZ,AI,D
15:00:00,PTBA,RG,4070,10,F,KZ,CC,D
15:00:00,PTBA,RG,4070,1,F,KZ,XC,D
15:00:00,PTBA,RG,4070,50,F,KZ,DR,D
15:00:00,PTBA,RG,4070,1,F,KZ,XC,D
15:00:00,PTBA,RG,4070,25,F,KZ,FZ,D
15:00:00,PTBA,RG,4070,14,F,KZ,DR,D
15:00:00,PTBA,RG,4070,50,F,KZ,DR,D
15:00:00,PTBA,RG,4070,30,F,KZ,LG,D
15:00:00,PTBA,RG,4070,20,F,KZ,LG,D
15:00:00,PTBA,RG,4070,10,F,KZ,LG,D
15:00:00,PTBA,RG,4070,50,F,KZ,DR,D
15:00:00,PTBA,RG,4070,30,F,KZ,DH,D
15:00:00,PTBA,RG,4070,20,F,KZ,YP,D
15:00:00,PTBA,RG,4070,10,F,KZ,PD,D
15:00:00,PTBA,RG,4070,17,F,KZ,SQ,D
15:00:00,PTBA,RG,4070,3,F,KZ,XC,D
15:00:00,PTBA,RG,4070,22,F,KZ,XC,D
15:00:00,PTBA,RG,4070,5,F,KZ,CC,D
15:00:00,PTBA,RG,4070,1,F,KZ,YB,D
15:00:00,PTBA,RG,4070,100,F,KZ,NI,D
15:00:00,PTBA,RG,4070,2,F,KZ,DM,D
15:00:00,PTBA,RG,4070,4,F,KZ,CC,D
15:00:00,PTBA,RG,4070,2,F,KZ,KK,D
15:00:00,PTBA,RG,4070,6,F,KZ,OD,D
15:00:00,PTBA,RG,4070,13,F,KZ,CC,D
15:00:00,PTBA,RG,4070,50,F,KZ,YP,D
15:00:00,PTBA,RG,4070,50,F,KZ,OD,D
15:00:00,PTBA,RG,4070,34,F,KZ,DH,D
15:00:00,PTBA,RG,4070,1,F,KZ,DH,D
15:00:00,PTBA,RG,4070,200,F,KZ,OD,D
15:00:00,PTBA,RG,4070,6375,F,KZ,GR,D
15:00:00,PTBA,RG,4070,1,D,XC,GR,D
15:00:00,PTBA,RG,4070,1124,F,KZ,GR,D
15:00:00,PTBA,RG,4070,10,F,KZ,PD,D
15:00:00,PTBA,RG,4070,20,F,KZ,DR,D
15:00:00,PTBA,RG,4070,1,F,KZ,YB,D
15:00:00,PTBA,RG,4070,100,F,KZ,TP,D
15:00:00,PTBA,RG,4070,8,F,KZ,NI,D
15:00:00,PTBA,RG,4070,7,F,KZ,XC,D
15:00:00,PTBA,RG,4070,50,F,KZ,CC,D
15:00:00,PTBA,RG,4070,1,F,KZ,YP,D
15:00:00,PTBA,RG,4070,10,F,KZ,XL,D
15:00:00,PTBA,RG,4070,1,F,KZ,OD,D
15:00:00,PTBA,RG,4070,100,F,KZ,SQ,D
15:00:00,PTBA,RG,4070,9,F,KZ,XC,D
15:00:00,PTBA,RG,4070,160,F,KZ,DH,D
15:00:00,PTBA,RG,4070,20,F,KZ,NI,D
15:00:00,PTBA,RG,4070,1,F,KZ,OD,D
15:00:00,PTBA,RG,4070,10,F,KZ,ZP,D
15:00:00,PTBA,RG,4070,10,F,KZ,NI,D
15:00:00,PTBA,RG,4070,1,F,KZ,SQ,D
15:00:00,PTBA,RG,4070,10,F,KZ,OD,D
15:00:00,PTBA,RG,4070,5,F,KZ,YP,D
15:00:00,PTBA,RG,4070,1,F,KZ,OD,D
15:00:00,PTBA,RG,4070,1,F,KZ,XC,D
15:00:00,PTBA,RG,4070,100,F,KZ,DR,D
15:00:00,PTBA,RG,4070,368,F,KZ,YP,D
15:00:00,PTBA,RG,4070,60,F,KZ,YP,D
15:00:00,PTBA,RG,4070,1000,F,KZ,DR,D
15:00:00,PTBA,RG,4070,300,F,KZ,YU,D
15:00:00,PTBA,RG,4070,30,F,KZ,PD,D
15:00:00,PTBA,RG,4070,20,F,KZ,YP,D
15:00:00,PTBA,RG,4070,200,F,KZ,KI,D
15:00:00,PTBA,RG,4070,50,F,KZ,DH,D
15:00:00,PTBA,RG,4070,24,F,KZ,YP,D
15:00:00,PTBA,RG,4070,1500,F,KZ,GR,D
15:00:00,PTBA,RG,4070,98,F,KZ,YU,D
15:00:00,PTBA,RG,4070,20,F,KZ,LS,D
15:00:00,PTBA,RG,4070,200,F,KZ,YU,D
15:00:00,PTBA,RG,4070,2,F,KZ,YP,D
15:00:00,PTBA,RG,4070,3,F,KZ,HP,D
15:00:00,PTBA,RG,4070,203,F,KZ,YB,D
15:00:00,PTBA,RG,4070,3,F,KZ,YB,D
15:00:00,PTBA,RG,4070,10,F,KZ,YP,D
15:00:00,PTBA,RG,4070,100,F,KZ,BF,D
15:00:00,PTBA,RG,4070,30,F,KZ,KK,D
15:00:00,PTBA,RG,4070,500,F,KZ,CP,D
15:00:00,PTBA,RG,4070,150,F,KZ,CC,D
15:00:00,PTBA,RG,4070,25,F,KZ,GR,D
15:00:00,PTBA,RG,4070,1248,F,KZ,AO,D
15:00:00,PTBA,RG,4070,250,D,DX,AO,D
15:00:00,PTBA,RG,4070,20,D,KK,AO,D
15:00:00,PTBA,RG,4070,2,D,YP,AO,D
15:00:00,PTBA,RG,4070,1,D,XL,AO,D
15:00:00,PTBA,RG,4070,1,D,XC,AO,D
15:00:00,PTBA,RG,4070,1,D,XC,AO,D
15:00:00,PTBA,RG,4070,6,D,PD,AO,D
15:00:00,PTBA,RG,4070,1,D,XC,AO,D
15:00:00,PTBA,RG,4070,1,D,SQ,AO,D
15:00:00,PTBA,RG,4070,1,D,PD,AO,D
15:00:00,PTBA,RG,4070,5,D,XC,AO,D
15:00:00,PTBA,RG,4070,1,D,YP,AO,D
15:00:00,PTBA,RG,4070,100,D,PD,AO,D
15:00:00,PTBA,RG,4070,3362,F,KZ,AO,D
15:00:00,PTBA,RG,4070,13,F,KZ,YP,D
15:00:00,PTBA,RG,4070,100,F,KZ,EP,D
15:00:00,PTBA,RG,4070,15,F,KZ,GR,D
15:00:00,PTBA,RG,4070,10,F,KZ,GR,D
15:00:00,PTBA,RG,4070,10,F,KZ,GR,D
15:00:00,PTBA,RG,4070,3667,F,KZ,KZ,F
15:00:00,PTBA,RG,4070,860,F,KZ,KZ,F
15:00:00,PTBA,RG,4070,1963,F,KZ,KZ,D
15:00:00,PTBA,RG,4070,5,D,PD,KZ,D
15:00:00,PTBA,RG,4070,10,D,OD,KZ,D
15:00:00,PTBA,RG,4070,1,D,CC,KZ,D
15:00:00,PTBA,RG,4070,1,D,PD,KZ,D
15:00:00,PTBA,RG,4070,1,D,YU,KZ,D
15:00:00,PTBA,RG,4070,3,D,CC,KZ,D
15:00:00,PTBA,RG,4070,12,D,XL,KZ,D
15:00:00,PTBA,RG,4070,1,D,XC,KZ,D
15:00:00,PTBA,RG,4070,725,F,KZ,KZ,D
15:00:00,PTBA,RG,4070,618,F,KZ,CS,D
15:00:00,PTBA,RG,4070,375,F,KZ,AK,F
15:00:00,PTBA,RG,4070,12,F,KZ,AK,F
15:00:00,PTBA,RG,4070,20,D,PD,AK,F
15:00:00,PTBA,RG,4070,1,D,PD,AK,F
15:00:00,PTBA,RG,4070,30,D,XL,AK,F
15:00:00,PTBA,RG,4070,6,D,YP,AK,F
15:00:00,PTBA,RG,4070,150,D,PD,AK,F
15:00:00,PTBA,RG,4070,160,D,PD,AK,F
15:00:00,PTBA,RG,4070,50,D,KI,AK,F
15:00:00,PTBA,RG,4070,2,D,NI,AK,F
15:00:00,PTBA,RG,4070,50,D,KK,AK,F
15:00:00,PTBA,RG,4070,2,D,DR,AK,F
15:00:00,PTBA,RG,4070,3,D,PD,AK,F
15:00:00,PTBA,RG,4070,2,D,XL,AK,F
15:00:00,PTBA,RG,4070,20,D,XL,AK,F
15:00:00,PTBA,RG,4070,33,D,XL,AK,F
15:00:00,PTBA,RG,4070,189,D,XL,AK,D
15:00:00,PTBA,RG,4070,13,D,DR,AK,D
15:00:00,PTBA,RG,4070,7,D,DR,GW,F
15:00:00,PTBA,RG,4070,10,D,CC,GW,F
15:00:00,PTBA,RG,4070,5,D,PD,GW,F
15:00:00,PTBA,RG,4070,2,D,XL,GW,F
15:00:00,PTBA,RG,4070,5,D,XL,GW,F
15:00:00,PTBA,RG,4070,10,D,YP,GW,F
15:00:00,PTBA,RG,4070,10,D,NI,GW,F
15:00:00,PTBA,RG,4070,25,D,YP,GW,F
15:00:00,PTBA,RG,4070,1,D,LG,GW,F
15:00:00,PTBA,RG,4070,30,D,XC,GW,F
15:00:00,PTBA,RG,4070,2,D,YP,GW,F
15:00:00,PTBA,RG,4070,1,D,PD,GW,F
15:00:00,PTBA,RG,4070,3,D,YP,GW,F
15:00:00,PTBA,RG,4070,1,D,YP,GW,F
15:00:00,PTBA,RG,4070,1,D,PD,GW,F
15:00:00,PTBA,RG,4070,1,D,XC,GW,F
15:00:00,PTBA,RG,4070,5,D,EP,GW,F
15:00:00,PTBA,RG,4070,100,D,CC,GW,F
15:00:00,PTBA,RG,4070,1,D,PD,GW,F
15:00:00,PTBA,RG,4070,10,D,PD,GW,F
15:00:00,PTBA,RG,4070,1,D,PD,GW,F
15:00:00,PTBA,RG,4070,1,D,YP,GW,F
15:00:00,PTBA,RG,4070,20,D,OD,GW,F
15:00:00,PTBA,RG,4070,50,D,CC,GW,F
15:00:00,PTBA,RG,4070,10,D,PD,GW,F
15:00:00,PTBA,RG,4070,20,D,MU,GW,F
15:00:00,PTBA,RG,4070,1,D,XL,GW,F
15:00:00,PTBA,RG,4070,10,D,DR,GW,F
15:00:00,PTBA,RG,4070,5,D,PD,GW,F
15:00:00,PTBA,RG,4070,1,D,XL,GW,F
15:00:00,PTBA,RG,4070,5,D,XL,GW,F
15:00:00,PTBA,RG,4070,46,D,CC,GW,F
15:00:00,PTBA,RG,4070,54,D,CC,AZ,D
15:00:00,PTBA,RG,4070,2,D,YB,AZ,D
15:00:00,PTBA,RG,4070,1,D,KK,AZ,D
15:00:00,PTBA,RG,4070,1,D,YP,AZ,D
15:00:00,PTBA,RG,4070,2,D,XL,AZ,D
15:00:00,PTBA,RG,4070,10,D,YB,AZ,D
15:00:00,PTBA,RG,4070,20,D,YP,AZ,D
15:00:00,PTBA,RG,4070,2,D,YP,AZ,D
15:00:00,PTBA,RG,4070,3,D,YP,AZ,D
15:00:00,PTBA,RG,4070,1,D,YP,AZ,D
15:00:00,PTBA,RG,4070,1,D,YP,AZ,D
15:00:00,PTBA,RG,4070,35,D,CC,AZ,D
15:00:00,PTBA,RG,4070,157,D,YU,AZ,D
15:00:00,PTBA,RG,4070,4,D,YP,AZ,D
15:00:00,PTBA,RG,4070,10,D,CD,AZ,D
15:00:00,PTBA,RG,4070,6,D,MK,AZ,D
15:00:00,PTBA,RG,4070,5,D,GR,AZ,D
15:00:00,PTBA,RG,4070,25,D,PD,AZ,D
15:00:00,PTBA,RG,4070,40,D,CC,AZ,D
15:00:00,PTBA,RG,4070,2,D,XC,AZ,D
15:00:00,PTBA,RG,4070,2,D,CC,AZ,D
15:00:00,PTBA,RG,4070,1,D,NI,AZ,D
15:00:00,PTBA,RG,4070,1,D,CC,AZ,D
15:00:00,PTBA,RG,4070,100,D,YP,AZ,D
15:00:00,PTBA,RG,4070,12,D,YP,AZ,D
15:00:00,PTBA,RG,4070,3,D,BQ,AZ,D
15:00:00,PTBA,RG,4070,11,D,BQ,CC,D
15:00:00,PTBA,RG,4070,80,D,YP,CC,D
15:00:00,PTBA,RG,4070,1,D,PD,CC,D
15:00:00,PTBA,RG,4070,10,D,CC,CC,D
15:00:00,PTBA,RG,4070,10,F,AK,CC,D
15:00:00,PTBA,RG,4070,1036,F,AK,YU,D
15:00:00,PTBA,RG,4070,4,F,BK,YU,D
15:00:00,PTBA,RG,4070,3,F,BK,YU,D
15:00:00,PTBA,RG,4070,18,F,ZP,YU,D
15:00:00,PTBA,RG,4070,672,F,AK,YU,D
15:00:00,PTBA,RG,4070,24,D,YU,YU,D
14:49:59,PTBA,RG,4070,1,D,PD,AK,F
14:49:59,PTBA,RG,4070,2,D,PD,AK,F
14:49:59,PTBA,RG,4070,20,D,PD,YB,D
14:49:58,PTBA,RG,4070,182,D,PD,OD,D
14:49:57,PTBA,RG,4070,2,D,PD,OD,D
14:49:57,PTBA,RG,4070,2,D,PD,AK,F
14:49:57,PTBA,RG,4070,25,D,PD,YP,D
14:49:56,PTBA,RG,4070,56,D,PD,GW,F
14:49:56,PTBA,RG,4070,104,F,KZ,GW,F
14:49:53,PTBA,RG,4070,10,F,KZ,CC,D
14:49:52,PTBA,RG,4070,15,F,KZ,AK,F
14:49:51,PTBA,RG,4070,10,F,KZ,YP,D
14:49:51,PTBA,RG,4070,9,F,KZ,AK,F
14:49:51,PTBA,RG,4070,2,F,KZ,AK,F
14:49:50,PTBA,RG,4070,9,F,KZ,XC,D
14:49:48,PTBA,RG,4070,2,F,KZ,YP,D
14:49:47,PTBA,RG,4070,100,F,KZ,CC,D
14:49:47,PTBA,RG,4070,7,F,KZ,AK,F
14:49:46,PTBA,RG,4070,1,F,KZ,AK,F
14:49:46,PTBA,RG,4070,1,F,KZ,AK,F
14:49:39,PTBA,RG,4070,240,F,KZ,GW,F
14:49:39,PTBA,RG,4080,1,D,XC,YB,D
14:49:39,PTBA,RG,4070,1,F,KZ,YP,D
14:49:39,PTBA,RG,4080,16,F,AK,YB,D
14:49:39,PTBA,RG,4080,3,F,AK,XC,D
14:49:39,PTBA,RG,4080,10,F,AK,NI,D
14:49:39,PTBA,RG,4080,55,F,AK,PD,D
14:49:37,PTBA,RG,4070,1,F,KZ,DR,D
14:49:36,PTBA,RG,4070,300,F,KZ,YP,D
14:49:36,PTBA,RG,4070,100,F,KZ,YP,D
14:49:34,PTBA,RG,4080,55,F,AK,PD,D
14:49:33,PTBA,RG,4080,2,D,OD,PD,D
14:49:33,PTBA,RG,4070,6,F,KZ,YP,D
14:49:32,PTBA,RG,4080,10,D,CC,PD,D
14:49:31,PTBA,RG,4070,797,F,KZ,FZ,D
14:49:31,PTBA,RG,4070,3,D,NI,FZ,D
14:49:31,PTBA,RG,4070,2,D,XC,FZ,D
14:49:31,PTBA,RG,4070,1,D,XC,FZ,D
14:49:31,PTBA,RG,4070,3,D,DH,FZ,D
14:49:31,PTBA,RG,4070,100,D,NI,FZ,D
14:49:31,PTBA,RG,4070,2,D,XL,FZ,D
14:49:31,PTBA,RG,4070,12,D,EP,FZ,D
14:49:31,PTBA,RG,4070,80,F,KZ,FZ,D
14:49:31,PTBA,RG,4070,1,F,KZ,XC,D
14:49:30,PTBA,RG,4080,1,D,PC,PD,D
14:49:25,PTBA,RG,4070,5,F,KZ,NI,D
14:49:23,PTBA,RG,4080,1,D,XL,PD,D
14:49:21,PTBA,RG,4080,72,F,AK,PD,D
14:49:20,PTBA,RG,4080,1,D,XC,PD,D
14:49:17,PTBA,RG,4080,1,D,XC,PD,D
14:49:12,PTBA,RG,4070,160,F,KZ,GW,F
14:49:12,PTBA,RG,4070,26,F,KZ,BB,D
14:49:10,PTBA,RG,4080,42,F,ZP,PD,D
14:49:07,PTBA,RG,4070,13,F,KZ,BB,D
14:49:04,PTBA,RG,4070,675,F,KZ,BK,F
14:49:04,PTBA,RG,4070,1,F,KZ,XC,D
14:49:03,PTBA,RG,4070,250,F,KZ,YP,D
14:49:01,PTBA,RG,4070,172,F,KZ,AK,F
14:49:01,PTBA,RG,4070,3,F,KZ,AK,F
14:49:00,PTBA,RG,4070,1,F,KZ,AK,D
14:49:00,PTBA,RG,4070,1,F,KZ,AK,D
14:48:59,PTBA,RG,4070,200,F,KZ,CC,D
14:48:59,PTBA,RG,4070,1,F,KZ,AK,F
14:48:59,PTBA,RG,4070,91,F,KZ,AK,F
14:48:59,PTBA,RG,4070,2,F,KZ,AK,F
14:48:59,PTBA,RG,4070,2,F,KZ,AK,F
14:48:59,PTBA,RG,4070,1,F,KZ,AK,F
14:48:59,PTBA,RG,4070,2,F,KZ,AK,F
14:48:59,PTBA,RG,4070,1,F,KZ,AK,F
14:48:56,PTBA,RG,4070,3,D,PD,AK,F
14:48:56,PTBA,RG,4070,100,D,NI,AK,F
14:48:56,PTBA,RG,4070,53,F,AK,AK,F
14:48:56,PTBA,RG,4070,5,D,PD,AK,F
14:48:56,PTBA,RG,4070,2,F,BK,AK,F
14:48:56,PTBA,RG,4070,2,D,XC,AK,F
14:48:56,PTBA,RG,4070,1,F,BK,AK,F
14:48:56,PTBA,RG,4070,3,D,SQ,AK,F
14:48:56,PTBA,RG,4070,1,D,YP,AK,F
14:48:56,PTBA,RG,4070,1,D,DR,AK,F
14:48:56,PTBA,RG,4070,1,D,NI,AK,F
14:48:56,PTBA,RG,4070,5,D,PD,AK,F
14:48:56,PTBA,RG,4070,2,D,XC,AK,F
14:48:56,PTBA,RG,4070,1,D,YP,AK,F
14:48:56,PTBA,RG,4070,1,D,XC,AK,F
14:48:56,PTBA,RG,4070,5,D,XC,AK,F
14:48:56,PTBA,RG,4070,4,D,XL,AK,F
14:48:56,PTBA,RG,4070,100,D,YP,AK,F
14:48:56,PTBA,RG,4070,5,D,CC,AK,F
14:48:56,PTBA,RG,4070,8,D,SQ,AK,F
14:48:56,PTBA,RG,4070,10,D,BQ,AK,F
14:48:56,PTBA,RG,4070,1,D,LG,AK,F
14:48:56,PTBA,RG,4070,39,F,KZ,AK,F
14:48:56,PTBA,RG,4070,2,F,KZ,AK,F
14:48:56,PTBA,RG,4070,7,F,KZ,AK,F
14:48:56,PTBA,RG,4070,4,F,KZ,BB,D
14:48:55,PTBA,RG,4070,28,F,KZ,NI,D
14:48:51,PTBA,RG,4080,10,F,AK,PD,D
14:48:51,PTBA,RG,4080,1,F,AK,PD,D
14:48:51,PTBA,RG,4080,25,F,AK,DR,D
14:48:51,PTBA,RG,4080,2,F,AK,XC,D
14:48:51,PTBA,RG,4080,4,F,AK,CD,D
14:48:50,PTBA,RG,4070,25,F,KZ,AK,F
14:48:50,PTBA,RG,4070,12,F,KZ,AK,F
14:48:50,PTBA,RG,4070,8,F,KZ,AK,F
14:48:50,PTBA,RG,4070,100,F,KZ,CC,D
14:48:50,PTBA,RG,4070,8,F,KZ,AK,F
14:48:46,PTBA,RG,4070,27,F,KZ,AK,F
14:48:46,PTBA,RG,4070,8,F,KZ,AK,F
14:48:45,PTBA,RG,4070,10,F,KZ,AK,D
14:48:45,PTBA,RG,4070,1,F,KZ,AK,D
14:48:43,PTBA,RG,4070,15,F,KZ,XL,D
14:48:42,PTBA,RG,4070,4,F,KZ,ZP,D
14:48:42,PTBA,RG,4070,4,F,KZ,BB,D
14:48:41,PTBA,RG,4080,56,F,AK,CD,D
14:48:38,PTBA,RG,4070,10,F,KZ,KK,D
14:48:36,PTBA,RG,4070,1319,F,KZ,DH,D
14:48:36,PTBA,RG,4070,5,D,KK,DH,D
14:48:36,PTBA,RG,4070,12,D,DH,DH,D
14:48:36,PTBA,RG,4070,138,D,PD,DH,D
14:48:36,PTBA,RG,4070,13,D,XC,DH,D
14:48:36,PTBA,RG,4070,17,D,XC,DH,D
14:48:36,PTBA,RG,4070,1,F,BK,DH,D
14:48:36,PTBA,RG,4070,10,D,EP,DH,D
14:48:36,PTBA,RG,4070,3,D,YP,DH,D
14:48:36,PTBA,RG,4070,1,D,XL,DH,D
14:48:36,PTBA,RG,4070,2,D,CC,DH,D
14:48:36,PTBA,RG,4070,1,D,AR,DH,D
14:48:36,PTBA,RG,4070,10,D,PD,DH,D
14:48:36,PTBA,RG,4070,1,D,KK,DH,D
14:48:36,PTBA,RG,4070,1,D,YP,DH,D
14:48:36,PTBA,RG,4070,37,D,PD,DH,D
14:48:36,PTBA,RG,4070,1,D,CC,DH,D
14:48:36,PTBA,RG,4070,23,D,PD,DH,D
14:48:36,PTBA,RG,4070,5,D,PD,DH,D
14:48:36,PTBA,RG,4070,15,D,NI,DH,D
14:48:36,PTBA,RG,4070,1,F,BK,DH,D
14:48:36,PTBA,RG,4070,5,D,LG,DH,D
14:48:36,PTBA,RG,4070,1,D,PD,DH,D
14:48:36,PTBA,RG,4070,378,D,AI,DH,D
14:48:36,PTBA,RG,4070,6,D,AI,XC,D
14:48:35,PTBA,RG,4070,1,D,AI,XC,D
14:48:35,PTBA,RG,4070,60,D,AI,AK,F
14:48:35,PTBA,RG,4070,4,D,AI,AK,F
14:48:33,PTBA,RG,4070,1,D,AI,AK,D
14:48:31,PTBA,RG,4070,3,D,AI,BB,D
14:48:31,PTBA,RG,4070,47,D,AI,AK,F
14:48:30,PTBA,RG,4070,2,D,CP,AK,F
14:48:30,PTBA,RG,4070,2,D,XL,AK,F
14:48:30,PTBA,RG,4070,3,D,XC,AK,F
14:48:28,PTBA,RG,4080,1,D,PD,CD,D
14:48:28,PTBA,RG,4070,1,D,YP,AK,D
14:48:28,PTBA,RG,4070,1,D,PD,GW,F
14:48:28,PTBA,RG,4070,1,D,NI,GW,F
14:48:28,PTBA,RG,4070,1,D,PD,GW,F
14:48:28,PTBA,RG,4070,2,D,YP,GW,F
14:48:28,PTBA,RG,4070,2,D,HP,GW,F
14:48:28,PTBA,RG,4070,10,D,SQ,GW,F
14:48:28,PTBA,RG,4070,10,D,CC,GW,F
14:48:28,PTBA,RG,4070,1,D,XC,GW,F
14:48:28,PTBA,RG,4070,1,F,BK,GW,F
14:48:28,PTBA,RG,4070,131,D,XA,GW,F
14:48:27,PTBA,RG,4080,46,F,AK,CD,D
14:48:25,PTBA,RG,4070,1,D,XA,AK,F
14:48:25,PTBA,RG,4070,4,D,XA,BB,D
14:48:24,PTBA,RG,4080,6,D,XL,CD,D
14:48:16,PTBA,RG,4080,76,F,AK,CD,D
14:48:16,PTBA,RG,4070,3,D,XA,AK,F
14:48:16,PTBA,RG,4070,1,D,XA,AK,F
14:48:15,PTBA,RG,4070,40,D,XA,AK,F
14:48:15,PTBA,RG,4070,9,D,XA,AK,F
14:48:15,PTBA,RG,4070,305,D,XA,AK,F
14:48:15,PTBA,RG,4070,29,D,XA,AK,F
14:48:15,PTBA,RG,4070,23,D,XA,GR,D
14:48:15,PTBA,RG,4070,3,D,XA,AK,D
14:48:13,PTBA,RG,4070,2,D,XA,PD,D
14:48:10,PTBA,RG,4070,3,D,XA,BB,D
14:48:03,PTBA,RG,4070,4,D,XA,BB,D
14:48:02,PTBA,RG,4070,115,D,XA,XL,D
14:48:01,PTBA,RG,4070,7,D,XA,CD,D
14:48:01,PTBA,RG,4070,1,D,XA,AK,F
14:48:00,PTBA,RG,4070,27,D,XA,AK,F
14:48:00,PTBA,RG,4070,19,D,XA,AK,F
14:48:00,PTBA,RG,4070,13,D,XA,AK,F
14:47:59,PTBA,RG,4070,5,D,XA,CC,D
14:47:58,PTBA,RG,4070,50,D,XA,CC,D
14:47:58,PTBA,RG,4070,3,D,XA,XC,D
14:47:53,PTBA,RG,4070,5,D,XA,YP,D
14:47:49,PTBA,RG,4070,18,D,XA,BB,D
14:47:46,PTBA,RG,4070,200,D,XA,IF,D
14:47:46,PTBA,RG,4070,1,D,XA,AK,F
14:47:45,PTBA,RG,4070,197,D,XA,AK,F
14:47:45,PTBA,RG,4070,41,D,XA,AK,F
14:47:45,PTBA,RG,4070,2500,D,XA,YP,D
14:47:45,PTBA,RG,4070,5,D,XA,CC,D
14:47:39,PTBA,RG,4070,3,D,XA,XC,D
14:47:38,PTBA,RG,4080,10,D,CC,CD,D
14:47:36,PTBA,RG,4070,4,D,XA,YP,D
14:47:34,PTBA,RG,4070,15,D,XA,CC,D
14:47:32,PTBA,RG,4070,2,D,XA,CC,D
14:47:32,PTBA,RG,4080,213,D,AZ,CD,D
14:47:31,PTBA,RG,4070,1,D,XA,AK,F
14:47:31,PTBA,RG,4070,200,D,XA,IF,D
14:47:30,PTBA,RG,4070,131,D,XA,AK,F
14:47:30,PTBA,RG,4070,92,D,XA,AK,F
14:47:30,PTBA,RG,4070,11,D,XA,AK,D
14:47:30,PTBA,RG,4070,10,D,XA,CC,D
14:47:23,PTBA,RG,4070,10,D,XA,YP,D
14:47:21,PTBA,RG,4080,142,D,AZ,CD,D
14:47:21,PTBA,RG,4070,756,D,XA,DH,D
14:47:21,PTBA,RG,4070,1,F,BK,DH,D
14:47:21,PTBA,RG,4070,243,F,KZ,DH,D
14:47:20,PTBA,RG,4070,20,F,KZ,OD,D
14:47:16,PTBA,RG,4070,3,F,KZ,AK,D
14:47:16,PTBA,RG,4070,7,F,KZ,AK,F
14:47:15,PTBA,RG,4070,61,F,KZ,AK,F
14:47:15,PTBA,RG,4070,15,F,KZ,LG,D
14:47:15,PTBA,RG,4080,294,D,AZ,CD,D
14:47:12,PTBA,RG,4070,20,F,KZ,YP,D
14:47:11,PTBA,RG,4070,70,F,KZ,DR,D
14:47:06,PTBA,RG,4070,5,F,KZ,CC,D
14:47:06,PTBA,RG,4080,320,D,AZ,CD,D
14:47:01,PTBA,RG,4070,316,F,KZ,AK,F
14:47:01,PTBA,RG,4070,2,F,KZ,AK,F
14:46:58,PTBA,RG,4070,25,F,KZ,XL,D
14:46:57,PTBA,RG,4070,15,F,KZ,BB,D
14:46:54,PTBA,RG,4080,1,D,XL,CD,D
14:46:52,PTBA,RG,4070,10,F,KZ,IP,D
14:46:51,PTBA,RG,4070,3,F,KZ,XC,D
14:46:44,PTBA,RG,4070,1,F,KZ,PD,D
14:46:39,PTBA,RG,4070,9,F,KZ,AK,D
14:46:38,PTBA,RG,4070,5,F,KZ,XA,D
14:46:37,PTBA,RG,4070,1,F,KZ,XC,D
14:46:36,PTBA,RG,4080,10,D,PD,CD,D
14:46:31,PTBA,RG,4070,78,F,KZ,AK,F
14:46:26,PTBA,RG,4070,5,F,KZ,AZ,D
14:46:25,PTBA,RG,4080,1,D,KK,CD,D
14:46:24,PTBA,RG,4070,125,F,KZ,YP,D
14:46:19,PTBA,RG,4070,20,F,KZ,OD,D
14:46:19,PTBA,RG,4080,23,D,CC,CD,D
14:46:17,PTBA,RG,4070,1,F,KZ,DR,D
14:46:17,PTBA,RG,4070,100,F,KZ,RF,D
14:46:16,PTBA,RG,4070,6,F,KZ,AK,F
14:46:11,PTBA,RG,4070,1,F,KZ,AT,D
14:46:10,PTBA,RG,4070,500,F,KZ,CP,D
14:46:08,PTBA,RG,4070,18,F,KZ,KK,D
14:46:07,PTBA,RG,4070,5,F,KZ,XC,D
14:46:01,PTBA,RG,4070,133,F,KZ,AK,F
14:45:59,PTBA,RG,4070,5,F,KZ,XC,D
14:45:46,PTBA,RG,4070,9,F,KZ,AK,F
14:45:46,PTBA,RG,4070,5,F,KZ,AK,F
14:45:42,PTBA,RG,4080,1,D,HP,CD,D
14:45:42,PTBA,RG,4070,30,F,KZ,YP,D
14:45:36,PTBA,RG,4070,28,F,KZ,XC,D
14:45:34,PTBA,RG,4070,2,F,KZ,PD,D
14:45:34,PTBA,RG,4070,1,F,KZ,AT,D
14:45:33,PTBA,RG,4070,1,F,KZ,YP,D
14:45:33,PTBA,RG,4070,2,F,KZ,DR,D
14:45:26,PTBA,RG,4070,1,F,KZ,NI,D
14:45:24,PTBA,RG,4070,35,F,KZ,NI,D
14:45:22,PTBA,RG,4070,10,F,KZ,CC,D
14:45:21,PTBA,RG,4070,2,F,KZ,PD,D
14:45:18,PTBA,RG,4070,20,F,KZ,DR,D
14:45:17,PTBA,RG,4070,26,F,KZ,BB,D
14:45:17,PTBA,RG,4070,2603,F,KZ,EP,D
14:45:16,PTBA,RG,4070,3,D,XL,EP,D
14:45:16,PTBA,RG,4070,25,D,YP,EP,D
14:45:16,PTBA,RG,4070,5,D,YP,EP,D
14:45:16,PTBA,RG,4070,48,D,SQ,EP,D
14:45:16,PTBA,RG,4070,80,D,SQ,EP,D
14:45:16,PTBA,RG,4070,15,D,CC,EP,D
14:45:16,PTBA,RG,4070,160,D,SQ,EP,D
14:45:16,PTBA,RG,4070,1,D,YP,EP,D
14:45:16,PTBA,RG,4070,2,D,SQ,EP,D
14:45:16,PTBA,RG,4070,5,D,GR,EP,D
14:45:16,PTBA,RG,4070,5,D,XC,EP,D
14:45:16,PTBA,RG,4070,100,D,PD,EP,D
14:45:16,PTBA,RG,4070,5,D,PD,EP,D
14:45:16,PTBA,RG,4070,1,F,BK,EP,D
14:45:16,PTBA,RG,4070,2,D,CC,EP,D
14:45:16,PTBA,RG,4070,5,D,DH,EP,D
14:45:16,PTBA,RG,4070,100,F,CC,EP,D
14:45:16,PTBA,RG,4070,835,F,KZ,EP,D
14:45:16,PTBA,RG,4070,2,F,KZ,AK,F
14:45:16,PTBA,RG,4070,4,F,KZ,AK,F
14:45:15,PTBA,RG,4070,160,F,KZ,GW,F
14:45:13,PTBA,RG,4080,1,D,XL,CD,D
14:45:08,PTBA,RG,4070,20,F,KZ,CC,D
14:45:04,PTBA,RG,4070,8,F,KZ,XC,D
14:45:02,PTBA,RG,4070,500,F,KZ,YJ,D
14:45:00,PTBA,RG,4070,1,F,KZ,CC,D
14:44:59,PTBA,RG,4070,1,F,KZ,XC,D
14:44:58,PTBA,RG,4070,3,F,KZ,PD,D
14:44:58,PTBA,RG,4070,10,F,KZ,NI,D
14:44:54,PTBA,RG,4070,10,F,KZ,OD,D
14:44:54,PTBA,RG,4070,222,F,KZ,DX,D
14:44:50,PTBA,RG,4070,15,F,KZ,YU,D
14:44:47,PTBA,RG,4070,160,F,KZ,GW,F
14:44:45,PTBA,RG,4070,30,F,KZ,DR,D
14:44:43,PTBA,RG,4070,2,F,KZ,HD,D
14:44:41,PTBA,RG,4070,17,F,KZ,BB,D
14:44:41,PTBA,RG,4070,7,F,KZ,XL,D
14:44:41,PTBA,RG,4070,5714,F,KZ,YU,D
14:44:41,PTBA,RG,4070,2,D,BQ,YU,D
14:44:41,PTBA,RG,4070,10,D,EP,YU,D
14:44:41,PTBA,RG,4070,49,D,YP,YU,D
14:44:41,PTBA,RG,4070,15,D,XL,YU,D
14:44:41,PTBA,RG,4070,5,D,BQ,YU,D
14:44:41,PTBA,RG,4070,25,D,XL,YU,D
14:44:41,PTBA,RG,4070,1,D,PD,YU,D
14:44:41,PTBA,RG,4070,5,D,YP,YU,D
14:44:41,PTBA,RG,4070,9,D,YP,YU,D
14:44:41,PTBA,RG,4070,110,D,CS,YU,D
14:44:41,PTBA,RG,4070,20,D,CS,YU,D
14:44:41,PTBA,RG,4070,3,D,PD,YU,D
14:44:41,PTBA,RG,4070,20,D,XL,YU,D
14:44:41,PTBA,RG,4070,3,D,XC,YU,D
14:44:41,PTBA,RG,4070,1,D,XC,YU,D
14:44:41,PTBA,RG,4070,2,D,NI,YU,D
14:44:41,PTBA,RG,4070,1,D,SQ,YU,D
14:44:41,PTBA,RG,4070,10,D,YP,YU,D
14:44:41,PTBA,RG,4070,25,D,CC,YU,D
14:44:41,PTBA,RG,4070,1,D,XC,YU,D
14:44:41,PTBA,RG,4070,1,D,YP,YU,D
14:44:41,PTBA,RG,4070,1,D,PD,YU,D
14:44:41,PTBA,RG,4070,1,D,PD,YU,D
14:44:41,PTBA,RG,4070,25,D,PD,YU,D
14:44:41,PTBA,RG,4070,39,D,XC,YU,D
14:44:41,PTBA,RG,4070,10,D,XL,YU,D
14:44:41,PTBA,RG,4070,2,D,SQ,YU,D
14:44:41,PTBA,RG,4070,3,D,YP,YU,D
14:44:41,PTBA,RG,4070,25,D,OD,YU,D
14:44:41,PTBA,RG,4070,35,D,AF,YU,D
14:44:41,PTBA,RG,4070,10,D,YP,YU,D
14:44:41,PTBA,RG,4070,24,D,SQ,YU,D
14:44:41,PTBA,RG,4070,40,D,SQ,YU,D
14:44:41,PTBA,RG,4070,407,D,CS,YU,D
14:44:41,PTBA,RG,4070,80,D,SQ,YU,D
14:44:41,PTBA,RG,4070,1,D,PD,YU,D
14:44:41,PTBA,RG,4070,1,D,SQ,YU,D
14:44:41,PTBA,RG,4070,5,D,PD,YU,D
14:44:41,PTBA,RG,4070,57,D,CS,YU,D
14:44:41,PTBA,RG,4070,1,D,YP,YU,D
14:44:41,PTBA,RG,4070,1,F,BK,YU,D
14:44:41,PTBA,RG,4070,40,D,YP,YU,D
14:44:41,PTBA,RG,4070,1,F,BK,YU,D
14:44:41,PTBA,RG,4070,187,D,CS,YU,D
14:44:41,PTBA,RG,4070,5,D,NI,YU,D
14:44:41,PTBA,RG,4070,2,D,PD,YU,D
14:44:41,PTBA,RG,4070,25,D,AT,YU,D
14:44:41,PTBA,RG,4070,26,D,CC,YU,D
14:44:41,PTBA,RG,4070,1,D,NI,YU,D
14:44:41,PTBA,RG,4070,1,D,XC,YU,D
14:44:41,PTBA,RG,4070,150,D,OD,YU,D
14:44:41,PTBA,RG,4070,2,D,PD,YU,D
14:44:41,PTBA,RG,4070,1,D,NI,YU,D
14:44:41,PTBA,RG,4070,2,D,XC,YU,D
14:44:41,PTBA,RG,4070,1,F,BK,YU,D
14:44:41,PTBA,RG,4070,1,F,YP,YU,D
14:44:41,PTBA,RG,4070,25,D,CC,YU,D
14:44:41,PTBA,RG,4070,66,D,OD,YU,D
14:44:41,PTBA,RG,4070,50,D,BQ,YU,D
14:44:41,PTBA,RG,4070,1,F,BK,YU,D
14:44:41,PTBA,RG,4070,5,D,CC,YU,D
14:44:41,PTBA,RG,4070,3,D,XL,YU,D
14:44:41,PTBA,RG,4070,500,F,KZ,YU,D
14:44:41,PTBA,RG,4070,60,D,YP,YU,D
14:44:41,PTBA,RG,4070,45,D,DX,YU,D
14:44:40,PTBA,RG,4070,5,D,DX,AK,D
14:44:40,PTBA,RG,4070,25,D,YP,AK,D
14:44:39,PTBA,RG,4080,1,F,BK,CD,D
14:44:32,PTBA,RG,4070,1,D,YP,AZ,D
14:44:31,PTBA,RG,4070,25,D,YP,XL,D
14:44:29,PTBA,RG,4070,1,D,YP,DR,D
14:44:28,PTBA,RG,4080,5,D,XC,CD,D
14:44:26,PTBA,RG,4070,14,D,YP,LG,D
14:44:24,PTBA,RG,4070,199,D,YP,DX,D
14:44:23,PTBA,RG,4080,1,D,XL,CD,D
14:44:18,PTBA,RG,4070,1,D,YP,XC,D
14:44:16,PTBA,RG,4080,14,D,XC,CD,D
14:44:16,PTBA,RG,4070,3,D,YP,AK,F
14:44:15,PTBA,RG,4070,11,D,YP,CC,D
14:44:12,PTBA,RG,4070,70,D,YP,YJ,D
14:44:12,PTBA,RG,4070,1000,D,YP,YJ,D
14:44:12,PTBA,RG,4070,1,D,KK,YJ,D
14:44:12,PTBA,RG,4070,1,D,YP,YJ,D
14:44:12,PTBA,RG,4070,1,D,AZ,YJ,D
14:44:12,PTBA,RG,4070,3,D,XC,YJ,D
14:44:12,PTBA,RG,4070,924,F,AK,YJ,D
14:44:09,PTBA,RG,4070,18,F,AK,BB,D
14:44:08,PTBA,RG,4080,24,F,AK,CD,D
14:44:08,PTBA,RG,4080,2,F,AK,NI,D
14:44:08,PTBA,RG,4080,39,F,AK,CP,D
14:43:53,PTBA,RG,4080,1461,F,AK,CP,D
14:43:53,PTBA,RG,4080,350,F,AK,CP,D
14:43:53,PTBA,RG,4080,134,F,AK,CC,D
14:43:53,PTBA,RG,4080,139,D,CS,CC,D
14:43:53,PTBA,RG,4080,42,D,CS,CC,D
14:43:51,PTBA,RG,4080,135,D,CS,CC,D
14:43:51,PTBA,RG,4080,2,D,CS,XC,D
14:43:51,PTBA,RG,4080,92,D,CS,CP,D
14:43:46,PTBA,RG,4070,6,F,AK,AK,F
14:43:41,PTBA,RG,4070,1,F,AK,CC,D
14:43:33,PTBA,RG,4080,1,D,NI,CP,D
14:43:33,PTBA,RG,4080,63,D,CC,CP,D
14:43:27,PTBA,RG,4080,1,F,BK,CP,D
14:43:19,PTBA,RG,4070,16,F,AK,BB,D
14:43:13,PTBA,RG,4080,2,D,XC,CP,D
14:43:12,PTBA,RG,4070,2,F,AK,XC,D
14:43:09,PTBA,RG,4080,33,D,AZ,CP,D
14:43:09,PTBA,RG,4080,22,D,AZ,CP,D
14:43:09,PTBA,RG,4080,45,D,AZ,CP,D
14:43:09,PTBA,RG,4080,49,D,AZ,CP,D
14:43:08,PTBA,RG,4080,1,F,BK,CP,D
14:43:02,PTBA,RG,4070,9,F,AK,XC,D
14:43:02,PTBA,RG,4070,10,F,AK,NI,D
14:43:02,PTBA,RG,4070,5,F,AK,OD,D
14:43:00,PTBA,RG,4080,2,D,NI,CP,D
14:42:55,PTBA,RG,4070,1,F,AK,XC,D
14:42:52,PTBA,RG,4070,3,F,AK,YP,D
14:42:47,PTBA,RG,4070,18,F,AK,XC,D
14:42:47,PTBA,RG,4070,2,F,AK,OD,D
14:42:46,PTBA,RG,4070,2,F,AK,CC,D
14:42:30,PTBA,RG,4070,17,F,AK,BB,D
14:42:22,PTBA,RG,4070,10,F,AK,BS,D
14:42:20,PTBA,RG,4080,66,D,AZ,CP,D
14:42:20,PTBA,RG,4080,44,D,AZ,CP,D
14:42:20,PTBA,RG,4080,90,D,AZ,CP,D
14:42:20,PTBA,RG,4080,98,D,AZ,CP,D
14:42:13,PTBA,RG,4070,5,F,AK,PD,D
14:42:11,PTBA,RG,4070,200,F,AK,YP,D
14:42:09,PTBA,RG,4070,10,F,AK,SQ,D
14:42:09,PTBA,RG,4070,2,F,AK,XC,D
14:42:08,PTBA,RG,4070,200,F,AK,GR,D
14:42:06,PTBA,RG,4070,80,F,AK,GW,F
14:42:04,PTBA,RG,4070,5,F,AK,NI,D
14:42:03,PTBA,RG,4070,52,F,AK,DR,D
14:42:03,PTBA,RG,4070,948,D,DH,DR,D
14:42:02,PTBA,RG,4080,2,D,PD,CP,D
14:41:58,PTBA,RG,4070,10,D,DH,EP,D
14:41:58,PTBA,RG,4070,3,D,DH,YP,D
14:41:55,PTBA,RG,4070,3,D,DH,EP,D
14:41:53,PTBA,RG,4070,1,D,DH,OD,D
14:41:50,PTBA,RG,4070,8,D,DH,XC,D
14:41:50,PTBA,RG,4070,25,D,DH,SQ,D
14:41:47,PTBA,RG,4070,212,D,DH,DX,D
14:41:47,PTBA,RG,4070,5,D,DH,YP,D
14:41:44,PTBA,RG,4070,48,D,DH,YP,D
14:41:43,PTBA,RG,4070,457,D,DH,BK,F
14:41:43,PTBA,RG,4070,1,F,BK,BK,F
14:41:43,PTBA,RG,4070,5,D,PD,BK,F
14:41:43,PTBA,RG,4070,216,D,CS,BK,F
14:41:41,PTBA,RG,4070,9,D,CS,BB,D
14:41:41,PTBA,RG,4070,3,D,YP,BB,D
14:41:41,PTBA,RG,4070,6,D,YU,BB,D
14:41:35,PTBA,RG,4070,1,D,YU,KK,D
14:41:35,PTBA,RG,4070,3,D,YU,BK,F
14:41:35,PTBA,RG,4070,31,D,CS,BK,F
14:41:35,PTBA,RG,4070,1,D,LG,BK,F
14:41:35,PTBA,RG,4070,5,D,YP,BK,F
14:41:35,PTBA,RG,4070,16,D,PD,BK,F
14:41:29,PTBA,RG,4070,2,D,PD,CC,D
14:41:20,PTBA,RG,4070,50,D,PD,YP,D
14:41:16,PTBA,RG,4070,2,D,PD,AK,F
14:41:16,PTBA,RG,4070,9,D,PD,AK,F
14:41:13,PTBA,RG,4070,1,D,PD,CC,D
14:41:13,PTBA,RG,4070,1,D,CS,CC,D
14:41:09,PTBA,RG,4070,2,D,CS,CC,D
14:41:08,PTBA,RG,4080,500,D,YP,CP,D
14:41:03,PTBA,RG,4070,1,D,CS,NI,D
14:40:55,PTBA,RG,4070,20,D,CS,PD,D
14:40:55,PTBA,RG,4070,2,D,CS,KK,D
14:40:51,PTBA,RG,4070,80,D,CS,GR,D
14:40:49,PTBA,RG,4070,18,D,CS,BB,D
14:40:32,PTBA,RG,4070,1,D,CS,KK,D
14:40:29,PTBA,RG,4080,100,D,CP,CP,D
14:40:28,PTBA,RG,4070,25,D,CS,CC,D
14:40:26,PTBA,RG,4080,4,D,CC,CP,D
14:40:24,PTBA,RG,4070,10,D,CS,NI,D
14:40:22,PTBA,RG,4080,1,D,XC,CP,D
14:40:20,PTBA,RG,4070,3,D,YP,LG,D
14:40:20,PTBA,RG,4070,5,D,NI,LG,D
14:40:20,PTBA,RG,4070,5,D,YU,LG,D
14:40:20,PTBA,RG,4070,1,D,XC,LG,D
14:40:15,PTBA,RG,4070,1,F,BK,XL,D
14:40:15,PTBA,RG,4070,2,D,SQ,XL,D
14:40:11,PTBA,RG,4070,5,D,SQ,PD,D
14:40:08,PTBA,RG,4070,11,D,SQ,YP,D
14:40:05,PTBA,RG,4070,6,D,SQ,XC,D
14:40:05,PTBA,RG,4070,8,D,SQ,XC,D
14:39:59,PTBA,RG,4070,16,D,SQ,BB,D
14:39:54,PTBA,RG,4070,3,D,SQ,DR,D
14:39:40,PTBA,RG,4080,10,D,YU,CP,D
14:39:37,PTBA,RG,4070,5,D,SQ,YP,D
14:39:32,PTBA,RG,4070,8,D,SQ,NI,D
14:39:32,PTBA,RG,4070,5,D,EP,NI,D
14:39:32,PTBA,RG,4070,14,D,SQ,NI,D
14:39:28,PTBA,RG,4070,64,D,SQ,KK,D
14:39:24,PTBA,RG,4070,2,D,SQ,OD,D
14:39:24,PTBA,RG,4070,1,D,SQ,OD,D
14:39:24,PTBA,RG,4070,24,D,YP,OD,D
14:39:24,PTBA,RG,4070,123,F,KZ,OD,D
14:39:18,PTBA,RG,4070,257,F,KZ,DX,D
14:39:15,PTBA,RG,4070,1,F,KZ,XC,D
14:39:15,PTBA,RG,4070,10,F,KZ,LG,D
14:39:12,PTBA,RG,4070,3,F,KZ,CC,D
14:39:12,PTBA,RG,4070,16,F,KZ,BB,D
14:39:11,PTBA,RG,4070,2,F,KZ,YP,D
14:39:10,PTBA,RG,4070,5,F,KZ,XL,D
14:39:05,PTBA,RG,4070,10,F,KZ,KK,D
14:39:04,PTBA,RG,4080,10,D,YP,CP,D
14:39:03,PTBA,RG,4070,1,F,KZ,YP,D
14:39:02,PTBA,RG,4080,5,D,DH,CP,D
14:39:00,PTBA,RG,4070,10,F,KZ,DR,D
14:38:51,PTBA,RG,4070,40,F,KZ,LG,D
14:38:51,PTBA,RG,4070,22,F,KZ,DH,D
14:38:47,PTBA,RG,4070,1,F,BK,DR,D
14:38:47,PTBA,RG,4070,19,F,AK,DR,D
14:38:45,PTBA,RG,4070,4,F,AK,YP,D
14:38:45,PTBA,RG,4070,1,F,AK,XC,D
14:38:44,PTBA,RG,4070,3,F,AK,YP,D
14:38:40,PTBA,RG,4070,200,F,AK,YP,D
14:38:39,PTBA,RG,4070,1,F,AK,XC,D
14:38:36,PTBA,RG,4070,800,F,AK,YP,D
14:38:32,PTBA,RG,4080,5,D,YU,CP,D
14:38:30,PTBA,RG,4070,150,F,AK,YP,D
14:38:27,PTBA,RG,4070,8,F,AK,PD,D
14:38:26,PTBA,RG,4070,18,F,AK,BB,D
14:38:25,PTBA,RG,4070,20,F,AK,LG,D
14:38:16,PTBA,RG,4070,400,F,AK,CC,D
14:38:15,PTBA,RG,4070,14,F,AK,AK,F
14:38:13,PTBA,RG,4070,50,F,AK,CC,D
14:38:11,PTBA,RG,4070,1,F,AK,PD,D
14:38:09,PTBA,RG,4070,52,F,AK,AK,D
14:38:08,PTBA,RG,4070,3,F,AK,KK,D
14:37:58,PTBA,RG,4070,30,F,AK,EP,D
14:37:57,PTBA,RG,4070,1,F,AK,NI,D
14:37:54,PTBA,RG,4070,38,F,AK,NI,D
14:37:54,PTBA,RG,4070,562,D,YP,NI,D
14:37:36,PTBA,RG,4070,15,D,YP,KK,D
14:37:35,PTBA,RG,4080,2,D,YP,CP,D
14:37:33,PTBA,RG,4070,5,D,YP,BB,D
14:37:30,PTBA,RG,4080,1,D,XL,CP,D
14:37:26,PTBA,RG,4070,1,D,YP,YP,D
14:37:24,PTBA,RG,4070,200,D,YP,XA,D
14:37:21,PTBA,RG,4070,5,D,YP,YP,D
14:37:16,PTBA,RG,4070,1,D,YP,DH,D
14:37:13,PTBA,RG,4070,50,D,YP,SQ,D
14:37:13,PTBA,RG,4070,15,D,YP,OD,D
14:37:09,PTBA,RG,4070,7,D,YP,XL,D
14:37:07,PTBA,RG,4070,50,D,YP,SS,D
14:37:04,PTBA,RG,4070,5,D,YP,EP,D
14:37:03,PTBA,RG,4070,1,D,YP,PD,D
14:37:02,PTBA,RG,4070,83,D,YP,YP,D
14:37:02,PTBA,RG,4070,2,D,YP,YP,D
14:37:02,PTBA,RG,4070,11,F,AK,YP,D
14:37:02,PTBA,RG,4070,404,F,KZ,YP,D
14:36:59,PTBA,RG,4070,2,F,KZ,YP,D
14:36:56,PTBA,RG,4070,70,F,KZ,OD,D
14:36:54,PTBA,RG,4080,1,D,XL,CP,D
14:36:51,PTBA,RG,4070,11,F,KZ,CC,D
14:36:46,PTBA,RG,4070,13,F,KZ,BB,D
14:36:46,PTBA,RG,4070,3,F,KZ,XC,D
14:36:46,PTBA,RG,4070,1416,F,KZ,AO,D
14:36:46,PTBA,RG,4070,3,F,AK,AO,D
14:36:46,PTBA,RG,4070,1,D,NI,AO,D
14:36:46,PTBA,RG,4070,49,D,CS,AO,D
14:36:46,PTBA,RG,4070,36,D,CS,AO,D
14:36:46,PTBA,RG,4070,1,D,PD,AO,D
14:36:46,PTBA,RG,4070,1,D,XC,AO,D
14:36:46,PTBA,RG,4070,160,D,CS,AO,D
14:36:46,PTBA,RG,4070,10,D,XL,AO,D
14:36:46,PTBA,RG,4070,1,F,AK,AO,D
14:36:46,PTBA,RG,4070,100,D,DH,AO,D
14:36:46,PTBA,RG,4070,7,F,AK,AO,D
14:36:46,PTBA,RG,4070,11,D,NI,AO,D
14:36:46,PTBA,RG,4070,1,F,BK,AO,D
14:36:46,PTBA,RG,4070,1,F,BK,AO,D
14:36:46,PTBA,RG,4070,3,D,NI,AO,D
14:36:46,PTBA,RG,4070,199,F,KZ,AO,D
14:36:43,PTBA,RG,4070,189,F,KZ,DX,D
14:36:43,PTBA,RG,4070,17,F,KZ,BB,D
14:36:43,PTBA,RG,4080,1,D,BB,CP,D
14:36:35,PTBA,RG,4070,2,F,KZ,XC,D
14:36:30,PTBA,RG,4070,93,F,KZ,CC,D
14:36:30,PTBA,RG,4070,1,D,XL,CC,D
14:36:30,PTBA,RG,4070,6,D,AZ,CC,D
14:36:28,PTBA,RG,4070,25,D,AZ,YP,D
14:36:28,PTBA,RG,4070,34,D,AZ,KK,D
14:36:28,PTBA,RG,4070,44,D,AZ,KK,D
14:36:28,PTBA,RG,4070,7,D,AZ,KK,D
14:36:22,PTBA,RG,4070,1,D,AZ,DH,D
14:36:10,PTBA,RG,4070,82,D,AZ,CC,D
14:36:10,PTBA,RG,4070,18,D,AZ,CC,D
14:36:00,PTBA,RG,4070,2,D,AZ,XC,D
14:35:57,PTBA,RG,4070,2,D,AZ,PD,D
14:35:56,PTBA,RG,4070,8,D,AZ,XC,D
14:35:54,PTBA,RG,4070,10,D,AZ,NI,D
14:35:54,PTBA,RG,4070,41,D,AZ,PD,D
14:35:53,PTBA,RG,4070,18,D,AZ,PD,D
14:35:53,PTBA,RG,4070,3,D,CS,PD,D
14:35:53,PTBA,RG,4070,5,D,YP,PD,D
14:35:53,PTBA,RG,4070,474,F,KZ,PD,D
14:35:52,PTBA,RG,4070,17,F,KZ,BB,D
14:35:48,PTBA,RG,4070,2,F,KZ,YP,D
14:35:48,PTBA,RG,4070,7,F,KZ,PD,D
14:35:48,PTBA,RG,4070,3,D,CS,PD,D
14:35:46,PTBA,RG,4070,1,D,PD,CC,D
14:35:46,PTBA,RG,4070,1,D,GR,CC,D
14:35:46,PTBA,RG,4070,1,D,PD,CC,D
14:35:46,PTBA,RG,4070,200,F,KZ,LG,D
14:35:44,PTBA,RG,4070,20,F,KZ,YU,D
14:35:35,PTBA,RG,4070,4,F,KZ,PD,D
14:35:32,PTBA,RG,4070,160,F,KZ,GW,F
14:35:31,PTBA,RG,4070,106,F,KZ,AK,F
14:35:31,PTBA,RG,4070,10,F,KZ,PD,D
14:35:31,PTBA,RG,4070,203,F,KZ,OK,D
14:35:31,PTBA,RG,4070,5,D,PD,OK,D
14:35:31,PTBA,RG,4070,407,F,KZ,OK,D
14:35:31,PTBA,RG,4070,1,D,NI,OK,D
14:35:31,PTBA,RG,4070,2,D,YP,OK,D
14:35:31,PTBA,RG,4070,101,D,CS,OK,D
14:35:31,PTBA,RG,4070,43,D,CS,OK,D
14:35:31,PTBA,RG,4070,144,D,CS,OK,D
14:35:31,PTBA,RG,4070,1,D,NI,OK,D
14:35:31,PTBA,RG,4070,93,F,KZ,OK,D
14:35:28,PTBA,RG,4070,25,F,KZ,SQ,D
14:35:27,PTBA,RG,4070,13,F,KZ,NI,D
14:35:27,PTBA,RG,4070,1,F,KZ,PD,D
14:35:26,PTBA,RG,4070,10,F,KZ,TP,D
14:35:22,PTBA,RG,4070,1,F,KZ,XC,D
14:35:20,PTBA,RG,4070,160,F,KZ,GW,F
14:35:19,PTBA,RG,4070,7,F,KZ,KK,D
14:35:13,PTBA,RG,4080,25,D,PD,CP,D
14:35:11,PTBA,RG,4070,6,F,KZ,PD,D
14:35:11,PTBA,RG,4070,184,F,KZ,YU,D
14:35:10,PTBA,RG,4070,25,D,ZP,YU,D
14:35:10,PTBA,RG,4070,410,F,KZ,YU,D
14:35:10,PTBA,RG,4070,62,D,CC,YU,D
14:35:10,PTBA,RG,4070,1,F,BK,YU,D
14:35:10,PTBA,RG,4070,50,D,YP,YU,D
14:35:10,PTBA,RG,4070,100,D,MG,YU,D
14:35:10,PTBA,RG,4070,1,F,BK,YU,D
14:35:10,PTBA,RG,4070,5,D,PD,YU,D
14:35:10,PTBA,RG,4070,10,D,YP,YU,D
14:35:10,PTBA,RG,4070,5,D,PD,YU,D
14:35:10,PTBA,RG,4070,24,D,SQ,YU,D
14:35:10,PTBA,RG,4070,12,D,GR,YU,D
14:35:10,PTBA,RG,4070,40,D,SQ,YU,D
14:35:10,PTBA,RG,4070,71,F,KZ,YU,D
14:35:10,PTBA,RG,4070,13,F,KZ,PD,D
14:35:09,PTBA,RG,4070,6,F,KZ,PD,D
14:35:05,PTBA,RG,4070,1,F,KZ,SQ,D
14:35:05,PTBA,RG,4070,55,F,KZ,YP,D
14:35:04,PTBA,RG,4070,16,F,KZ,BB,D
14:34:54,PTBA,RG,4070,15,F,KZ,CC,D
14:34:53,PTBA,RG,4070,2,F,KZ,OD,D
14:34:53,PTBA,RG,4070,300,F,KZ,YP,D
14:34:49,PTBA,RG,4070,3,F,KZ,YP,D
14:34:42,PTBA,RG,4070,1,F,KZ,XL,D
14:34:41,PTBA,RG,4070,10,F,KZ,YP,D
14:34:38,PTBA,RG,4070,5,F,KZ,CC,D
14:34:36,PTBA,RG,4070,2,F,KZ,CC,D
14:34:35,PTBA,RG,4070,145,F,KZ,CC,D
14:34:34,PTBA,RG,4070,6,F,BK,CC,D
14:34:34,PTBA,RG,4070,80,D,SQ,CC,D
14:34:34,PTBA,RG,4070,48,D,KK,CC,D
14:34:34,PTBA,RG,4070,1,D,SQ,CC,D
14:34:34,PTBA,RG,4070,9,D,OD,CC,D
14:34:34,PTBA,RG,4070,1,D,XC,CC,D
14:34:34,PTBA,RG,4070,100,D,YP,CC,D
14:34:34,PTBA,RG,4070,5,D,YP,CC,D
14:34:34,PTBA,RG,4070,5,D,YP,CC,D
14:34:34,PTBA,RG,4070,24,D,YP,CC,D
14:34:34,PTBA,RG,4070,67,D,AZ,CC,D
14:34:34,PTBA,RG,4070,43,D,AZ,CC,D
14:34:34,PTBA,RG,4070,89,D,AZ,CC,D
14:34:34,PTBA,RG,4070,98,D,AZ,CC,D
14:34:34,PTBA,RG,4070,45,D,CS,CC,D
14:34:34,PTBA,RG,4070,289,F,KZ,CC,D
14:34:31,PTBA,RG,4070,10,F,KZ,LG,D
14:34:27,PTBA,RG,4070,100,F,KZ,XL,D
14:34:26,PTBA,RG,4070,1,F,KZ,CC,D
14:34:24,PTBA,RG,4070,8,F,KZ,CC,D
14:34:21,PTBA,RG,4070,6,F,KZ,XC,D
14:34:18,PTBA,RG,4070,4,F,KZ,YP,D
14:34:17,PTBA,RG,4070,14,F,KZ,BB,D
14:34:16,PTBA,RG,4070,7,F,KZ,DX,D
14:34:15,PTBA,RG,4070,6,F,KZ,AK,F
14:34:13,PTBA,RG,4070,10,F,KZ,DR,D
14:34:13,PTBA,RG,4070,45,D,CS,DR,D
14:34:13,PTBA,RG,4070,45,F,KZ,DR,D
14:34:07,PTBA,RG,4070,261,F,KZ,DX,D
14:34:02,PTBA,RG,4070,25,F,KZ,XL,D
14:34:01,PTBA,RG,4070,4,F,KZ,BB,D
14:34:01,PTBA,RG,4070,30,F,KZ,YB,D
14:34:01,PTBA,RG,4070,135,F,KZ,AK,F
14:34:01,PTBA,RG,4070,34,F,KZ,AK,F
14:34:01,PTBA,RG,4070,991,F,KZ,AK,F
14:34:01,PTBA,RG,4070,231,F,KZ,AK,F
14:34:01,PTBA,RG,4070,583,F,KZ,AK,F
14:34:01,PTBA,RG,4070,454,F,KZ,AK,F
14:34:01,PTBA,RG,4070,71,F,AK,AK,F
14:34:01,PTBA,RG,4070,242,F,AK,AK,F
14:34:00,PTBA,RG,4070,1,D,XC,AK,F
14:34:00,PTBA,RG,4070,466,F,KZ,AK,F
14:34:00,PTBA,RG,4070,10,D,PD,AK,F
14:34:00,PTBA,RG,4070,265,D,NI,AK,F
14:33:58,PTBA,RG,4070,15,D,NI,YP,D
14:33:57,PTBA,RG,4070,25,D,NI,KK,D
14:33:56,PTBA,RG,4070,1,D,NI,XL,D
14:33:56,PTBA,RG,4070,1,D,NI,PD,D
14:33:52,PTBA,RG,4070,193,D,NI,HP,D
14:33:52,PTBA,RG,4070,1,D,PD,HP,D
14:33:52,PTBA,RG,4070,56,D,CC,HP,D
14:33:47,PTBA,RG,4070,16,D,CC,DR,D
14:33:47,PTBA,RG,4070,34,F,KZ,DR,D
14:33:45,PTBA,RG,4070,99,F,KZ,YP,D
14:33:44,PTBA,RG,4070,180,F,KZ,LG,D
14:33:44,PTBA,RG,4070,1,F,KZ,EP,D
14:33:42,PTBA,RG,4070,10,F,KZ,DR,D
14:33:42,PTBA,RG,4070,3,F,KZ,PD,D
14:33:41,PTBA,RG,4070,100,F,KZ,PD,D
14:33:40,PTBA,RG,4070,16,F,KZ,OD,D
14:33:40,PTBA,RG,4070,57,D,CS,OD,D
14:33:40,PTBA,RG,4070,27,D,CS,OD,D
14:33:33,PTBA,RG,4070,30,D,CS,CC,D
14:33:33,PTBA,RG,4070,30,F,KZ,CC,D
14:33:31,PTBA,RG,4070,2,F,KZ,PD,D
14:33:28,PTBA,RG,4070,25,F,KZ,OD,D
14:33:26,PTBA,RG,4070,443,F,KZ,KK,D
14:33:26,PTBA,RG,4070,9,D,OD,KK,D
14:33:26,PTBA,RG,4070,1,D,AI,KK,D
14:33:26,PTBA,RG,4070,1,D,YP,KK,D
14:33:26,PTBA,RG,4070,10,D,ZP,KK,D
14:33:26,PTBA,RG,4070,5,D,XL,KK,D
14:33:26,PTBA,RG,4070,31,D,YP,KK,D
14:33:24,PTBA,RG,4070,92,D,YP,CC,D
14:33:24,PTBA,RG,4070,278,F,KZ,CC,D
14:33:24,PTBA,RG,4070,19,F,KZ,BB,D
14:33:21,PTBA,RG,4070,120,F,KZ,DR,D
14:33:21,PTBA,RG,4070,12,D,SS,DR,D
14:33:21,PTBA,RG,4070,50,D,DR,DR,D
14:33:21,PTBA,RG,4070,358,D,CS,DR,D
14:33:21,PTBA,RG,4070,44,D,AZ,DR,D
14:33:21,PTBA,RG,4070,29,D,AZ,DR,D
14:33:21,PTBA,RG,4070,59,D,AZ,DR,D
14:33:21,PTBA,RG,4070,65,D,AZ,DR,D
14:33:21,PTBA,RG,4070,66,F,CC,DR,D
14:33:21,PTBA,RG,4070,15,D,SQ,DR,D
14:33:21,PTBA,RG,4070,111,D,YP,DR,D
14:33:21,PTBA,RG,4070,15,D,PD,DR,D
14:33:21,PTBA,RG,4070,56,F,KZ,DR,D
14:33:18,PTBA,RG,4070,3,F,KZ,CC,D
14:33:11,PTBA,RG,4070,4,F,KZ,XC,D
14:33:00,PTBA,RG,4070,20,F,KZ,CC,D
14:32:52,PTBA,RG,4070,5,F,KZ,LG,D
14:32:52,PTBA,RG,4070,10,F,KZ,NI,D
14:32:52,PTBA,RG,4070,402,F,KZ,YP,D
14:32:52,PTBA,RG,4070,1,D,XC,YP,D
14:32:52,PTBA,RG,4070,8,D,OD,YP,D
14:32:52,PTBA,RG,4070,13,D,CS,YP,D
14:32:47,PTBA,RG,4070,8,D,CS,CC,D
14:32:47,PTBA,RG,4070,2,D,YP,CC,D
14:32:30,PTBA,RG,4070,4,D,YP,BB,D
14:32:29,PTBA,RG,4070,2,D,YP,PD,D
14:32:27,PTBA,RG,4070,12,D,YP,CC,D
14:32:27,PTBA,RG,4070,50,D,YP,YP,D
14:32:26,PTBA,RG,4070,2,D,YP,DR,D
14:32:26,PTBA,RG,4070,25,D,YP,OD,D
14:32:25,PTBA,RG,4070,53,D,YP,YP,D
14:32:25,PTBA,RG,4070,194,F,KZ,YP,D
14:32:21,PTBA,RG,4070,100,F,KZ,YJ,D
14:32:21,PTBA,RG,4070,2,F,KZ,XC,D
14:32:21,PTBA,RG,4070,1,F,KZ,XC,D
14:32:15,PTBA,RG,4070,6,F,KZ,AK,F
14:32:15,PTBA,RG,4070,23,F,KZ,YP,D
14:32:12,PTBA,RG,4070,96,F,KZ,XL,D
14:32:11,PTBA,RG,4070,5,F,KZ,CC,D
14:32:10,PTBA,RG,4070,1,F,KZ,XC,D
14:32:09,PTBA,RG,4070,1,F,KZ,XC,D
14:32:03,PTBA,RG,4070,20,F,KZ,YP,D
14:32:02,PTBA,RG,4070,5,F,KZ,AK,F
14:32:01,PTBA,RG,4070,46,F,KZ,AK,F
14:32:01,PTBA,RG,4070,136,F,KZ,AK,F
14:32:01,PTBA,RG,4070,184,F,KZ,AK,F
14:32:01,PTBA,RG,4070,4,F,KZ,AK,F
14:32:01,PTBA,RG,4070,4,F,KZ,AK,F
14:32:01,PTBA,RG,4070,172,F,KZ,AK,F
14:32:01,PTBA,RG,4070,199,F,KZ,AK,F
14:32:01,PTBA,RG,4070,175,F,KZ,AK,F
14:32:01,PTBA,RG,4070,126,F,KZ,AK,F
14:32:01,PTBA,RG,4070,329,F,KZ,AK,F
14:32:01,PTBA,RG,4070,162,F,KZ,AK,F
14:32:01,PTBA,RG,4070,125,F,KZ,AK,F
14:32:01,PTBA,RG,4070,63,F,KZ,AK,F
14:32:01,PTBA,RG,4070,174,F,KZ,AK,F
14:32:01,PTBA,RG,4070,168,F,KZ,AK,F
14:32:01,PTBA,RG,4070,3,F,KZ,AK,F
14:32:01,PTBA,RG,4070,6,F,KZ,AK,F
14:32:01,PTBA,RG,4070,86,F,KZ,AK,F
14:32:01,PTBA,RG,4070,10,D,CS,AK,F
14:32:01,PTBA,RG,4070,10,D,CS,AK,F
14:32:01,PTBA,RG,4070,10,D,CS,AK,F
14:32:00,PTBA,RG,4070,3,D,EP,AK,F
14:32:00,PTBA,RG,4070,2,D,CS,AK,F
14:32:00,PTBA,RG,4070,5,D,CS,AK,F
14:32:00,PTBA,RG,4070,71,D,CS,AK,F
14:32:00,PTBA,RG,4070,30,F,BK,AK,F
14:32:00,PTBA,RG,4070,320,F,KZ,AK,F
14:31:59,PTBA,RG,4070,1,F,KZ,YP,D
14:31:58,PTBA,RG,4070,14,F,KZ,XL,D
14:31:57,PTBA,RG,4070,2,F,KZ,CC,D
14:31:56,PTBA,RG,4070,5,F,KZ,OD,D
14:31:50,PTBA,RG,4070,1,F,KZ,XL,D
14:31:49,PTBA,RG,4070,100,F,KZ,GR,D
14:31:48,PTBA,RG,4070,50,F,KZ,OD,D
14:31:46,PTBA,RG,4070,7,F,KZ,YP,D
14:31:42,PTBA,RG,4070,16,F,KZ,DH,D
14:31:41,PTBA,RG,4070,1,F,KZ,SS,D
14:31:40,PTBA,RG,4070,26,F,KZ,BB,D
14:31:39,PTBA,RG,4070,255,F,KZ,EP,D
14:31:39,PTBA,RG,4070,149,F,AK,EP,D
14:31:39,PTBA,RG,4070,84,F,AK,EP,D
14:31:39,PTBA,RG,4070,72,D,CS,EP,D
14:31:39,PTBA,RG,4070,8,D,EP,EP,D
14:31:39,PTBA,RG,4070,1,D,YP,EP,D
14:31:39,PTBA,RG,4070,20,D,OD,EP,D
14:31:39,PTBA,RG,4070,2,D,CC,EP,D
14:31:39,PTBA,RG,4070,50,D,DR,EP,D
14:31:39,PTBA,RG,4070,9,D,OD,EP,D
14:31:39,PTBA,RG,4070,10,D,XL,EP,D
14:31:39,PTBA,RG,4070,24,D,SQ,EP,D
14:31:39,PTBA,RG,4070,40,D,SQ,EP,D
14:31:39,PTBA,RG,4070,2,D,YP,EP,D
14:31:39,PTBA,RG,4070,35,F,BK,EP,D
14:31:39,PTBA,RG,4070,80,D,SQ,EP,D
14:31:39,PTBA,RG,4070,1,D,SQ,EP,D
14:31:39,PTBA,RG,4070,107,D,CS,EP,D
14:31:39,PTBA,RG,4070,67,D,AZ,EP,D
14:31:39,PTBA,RG,4070,43,D,AZ,EP,D
14:31:39,PTBA,RG,4070,89,D,AZ,EP,D
14:31:39,PTBA,RG,4070,98,D,AZ,EP,D
14:31:39,PTBA,RG,4070,1,D,XL,EP,D
14:31:39,PTBA,RG,4070,4,D,PD,EP,D
14:31:39,PTBA,RG,4070,2,D,XC,EP,D
14:31:39,PTBA,RG,4070,100,D,GR,EP,D
14:31:39,PTBA,RG,4070,182,D,PD,EP,D
14:31:39,PTBA,RG,4070,5,D,TF,EP,D
14:31:39,PTBA,RG,4070,181,D,PD,EP,D
14:31:39,PTBA,RG,4070,37,D,PD,EP,D
14:31:39,PTBA,RG,4070,15,D,YP,EP,D
14:31:39,PTBA,RG,4070,227,F,KZ,EP,D
14:31:37,PTBA,RG,4080,6,D,PD,CP,D
14:31:36,PTBA,RG,4070,237,F,KZ,DX,D
14:31:30,PTBA,RG,4070,3,F,KZ,AK,F
14:31:18,PTBA,RG,4080,8,D,OD,CP,D
14:31:17,PTBA,RG,4070,2,F,KZ,XC,D
14:31:16,PTBA,RG,4070,10,F,KZ,DR,D
14:31:14,PTBA,RG,4070,6,F,KZ,MK,D
14:31:03,PTBA,RG,4070,15,F,KZ,BB,D
14:31:03,PTBA,RG,4070,1,D,XC,BB,D
14:31:03,PTBA,RG,4070,1,D,YP,BB,D
14:31:01,PTBA,RG,4070,122,D,YP,AK,F
14:31:01,PTBA,RG,4070,6,D,YP,AK,F
14:31:01,PTBA,RG,4070,13,D,SQ,AK,F
14:31:01,PTBA,RG,4070,50,D,CC,AK,F
14:31:01,PTBA,RG,4070,1,D,XL,AK,F
14:31:01,PTBA,RG,4070,1,D,PD,AK,F
14:31:01,PTBA,RG,4070,1,D,NI,AK,F
14:31:01,PTBA,RG,4070,2,D,CS,AK,F
14:30:55,PTBA,RG,4070,57,D,CS,AK,D
14:30:53,PTBA,RG,4070,5,D,CS,GR,D
14:30:44,PTBA,RG,4070,5,D,CS,XL,D
14:30:30,PTBA,RG,4070,10,D,CS,LG,D
14:30:30,PTBA,RG,4070,2,D,YP,LG,D
14:30:27,PTBA,RG,4070,8,D,YP,ZP,D
14:30:27,PTBA,RG,4070,1,D,PD,ZP,D
14:30:27,PTBA,RG,4070,1,D,PD,ZP,D
14:30:27,PTBA,RG,4070,3,D,XL,ZP,D
14:30:27,PTBA,RG,4070,3,D,PD,ZP,D
14:30:27,PTBA,RG,4070,24,D,SQ,ZP,D
14:30:27,PTBA,RG,4070,5,D,NI,ZP,D
14:30:27,PTBA,RG,4070,40,D,SQ,ZP,D
14:30:27,PTBA,RG,4070,40,D,NI,ZP,D
14:30:25,PTBA,RG,4070,60,D,NI,YP,D
14:30:25,PTBA,RG,4070,42,D,SQ,YP,D
14:30:23,PTBA,RG,4070,38,D,SQ,YP,D
14:30:23,PTBA,RG,4070,67,D,AZ,YP,D
14:30:23,PTBA,RG,4070,43,D,AZ,YP,D
14:30:23,PTBA,RG,4070,2,D,AZ,YP,D
14:30:20,PTBA,RG,4080,10,D,OD,CP,D
14:30:17,PTBA,RG,4080,1,D,PD,CP,D
14:30:15,PTBA,RG,4070,6,D,AZ,AK,F
14:30:15,PTBA,RG,4070,18,D,AZ,BB,D
14:30:15,PTBA,RG,4080,3,F,BK,CP,D
14:30:14,PTBA,RG,4070,63,D,AZ,AR,D
14:30:14,PTBA,RG,4070,98,D,AZ,AR,D
14:30:14,PTBA,RG,4070,1,D,SQ,AR,D
14:30:14,PTBA,RG,4070,44,D,YP,AR,D
14:30:14,PTBA,RG,4070,5,D,CC,AR,D
14:30:14,PTBA,RG,4070,10,D,XL,AR,D
14:30:14,PTBA,RG,4070,29,D,CS,AR,D
14:30:13,PTBA,RG,4070,20,D,CS,DR,D
14:30:11,PTBA,RG,4070,3,D,CS,BQ,D
14:30:10,PTBA,RG,4080,6,D,PD,CP,D
14:30:10,PTBA,RG,4070,6,D,CS,XC,D
14:30:05,PTBA,RG,4080,3,F,BK,CP,D
14:30:04,PTBA,RG,4070,109,D,CS,IN,D
14:30:04,PTBA,RG,4070,1,D,NI,IN,D
14:30:04,PTBA,RG,4070,10,D,DH,IN,D
14:30:04,PTBA,RG,4070,5,D,PD,IN,D
14:30:04,PTBA,RG,4070,245,F,KZ,IN,D
14:30:02,PTBA,RG,4080,1,F,BK,CP,D
14:30:00,PTBA,RG,4070,3,F,KZ,AK,F
14:29:59,PTBA,RG,4070,40,F,KZ,YP,D
14:29:59,PTBA,RG,4070,1,F,KZ,DR,D
14:29:52,PTBA,RG,4070,50,F,KZ,PD,D
14:29:50,PTBA,RG,4070,4,F,KZ,NI,D
14:29:49,PTBA,RG,4070,30,F,KZ,RO,D
14:29:48,PTBA,RG,4080,1,F,BK,CP,D
14:29:47,PTBA,RG,4070,127,F,KZ,ZP,D
14:29:47,PTBA,RG,4070,3,D,CS,ZP,D
14:29:40,PTBA,RG,4070,5,D,CS,XA,D
14:29:38,PTBA,RG,4070,14,D,CS,XL,D
14:29:36,PTBA,RG,4070,1,D,CS,KK,D
14:29:22,PTBA,RG,4080,1,D,XC,CP,D
14:29:22,PTBA,RG,4070,18,D,CS,BB,D
14:29:21,PTBA,RG,4070,1,D,CS,XC,D
14:29:20,PTBA,RG,4070,5,D,CS,XC,D
14:29:18,PTBA,RG,4080,8,D,OD,CP,D
14:29:16,PTBA,RG,4070,164,D,CS,AK,F
14:29:15,PTBA,RG,4070,50,D,CS,PD,D
14:29:10,PTBA,RG,4070,10,D,CS,KK,D
14:28:58,PTBA,RG,4070,8,D,CS,NI,D
14:28:58,PTBA,RG,4070,1,D,XC,NI,D
14:28:58,PTBA,RG,4070,15,D,SQ,NI,D
14:28:58,PTBA,RG,4070,5,D,SQ,DX,D
14:28:58,PTBA,RG,4070,44,D,CS,DX,D
14:28:58,PTBA,RG,4070,26,F,ZP,DX,D
14:28:58,PTBA,RG,4070,5,D,YP,DX,D
14:28:58,PTBA,RG,4070,5,D,CC,DX,D
14:28:58,PTBA,RG,4070,1,D,XC,DX,D
14:28:58,PTBA,RG,4070,25,D,DX,DX,D
14:28:58,PTBA,RG,4070,100,D,YU,DX,D
14:28:48,PTBA,RG,4080,22,D,AZ,CP,D
14:28:48,PTBA,RG,4080,14,D,AZ,CP,D
14:28:48,PTBA,RG,4080,30,D,AZ,CP,D
14:28:48,PTBA,RG,4080,32,D,AZ,CP,D
14:28:46,PTBA,RG,4070,20,D,YU,YB,D
14:28:45,PTBA,RG,4070,6,D,YU,AK,F
14:28:44,PTBA,RG,4070,3,D,YU,EP,D
14:28:41,PTBA,RG,4070,1,D,YU,XC,D
14:28:38,PTBA,RG,4070,30,D,YU,EP,D
14:28:36,PTBA,RG,4080,32,D,DH,CP,D
14:28:30,PTBA,RG,4070,5,D,YU,YP,D
14:28:29,PTBA,RG,4070,17,D,YU,BB,D
14:28:21,PTBA,RG,4080,24,D,XC,CP,D
14:28:21,PTBA,RG,4080,10,D,OD,CP,D
14:28:18,PTBA,RG,4070,34,D,YU,YP,D
14:28:15,PTBA,RG,4070,4,D,YU,AK,F
14:28:08,PTBA,RG,4070,30,D,YU,PD,D
14:28:06,PTBA,RG,4080,2,D,XC,CP,D
14:27:54,PTBA,RG,4080,1,D,PD,CP,D
14:27:54,PTBA,RG,4070,100,D,YU,CC,D
14:27:53,PTBA,RG,4070,87,D,YU,GR,D
14:27:53,PTBA,RG,4070,10,D,CC,GR,D
14:27:53,PTBA,RG,4070,24,D,YP,GR,D
14:27:53,PTBA,RG,4070,38,D,XC,GR,D
14:27:53,PTBA,RG,4070,500,F,KZ,GR,D
14:27:53,PTBA,RG,4070,341,F,AK,GR,D
14:27:50,PTBA,RG,4070,6,F,AK,YP,D
14:27:49,PTBA,RG,4070,1,F,AK,XL,D
14:27:47,PTBA,RG,4070,35,F,AK,CC,D
14:27:44,PTBA,RG,4080,1,D,IF,CP,D
14:27:44,PTBA,RG,4070,900,F,AK,KK,D
14:27:40,PTBA,RG,4070,16,F,AK,BB,D
14:27:38,PTBA,RG,4070,3,F,AK,XC,D
14:27:33,PTBA,RG,4070,10,F,AK,NI,D
14:27:22,PTBA,RG,4070,99,F,AK,YP,D
14:27:22,PTBA,RG,4070,111,D,YP,YP,D
14:27:22,PTBA,RG,4070,25,D,CS,YP,D
14:27:22,PTBA,RG,4070,5,D,CS,YP,D
14:27:20,PTBA,RG,4080,9,D,OD,CP,D
14:27:15,PTBA,RG,4070,8,D,CS,CC,D
14:27:13,PTBA,RG,4070,1,D,CS,PD,D
14:27:03,PTBA,RG,4070,10,D,CS,XC,D
14:27:00,PTBA,RG,4070,3,D,CS,AK,F
14:27:00,PTBA,RG,4070,6,D,CS,AK,F
14:26:59,PTBA,RG,4070,7,D,CS,YP,D
14:26:55,PTBA,RG,4070,30,D,CS,EP,D
14:26:55,PTBA,RG,4070,35,D,CS,EP,D
14:26:54,PTBA,RG,4070,12,D,CS,BB,D
14:26:52,PTBA,RG,4070,2,D,CS,AZ,D
14:26:50,PTBA,RG,4070,1,D,CS,XC,D
14:26:47,PTBA,RG,4070,14,D,CS,XC,D
14:26:42,PTBA,RG,4070,2,D,CS,DR,D
14:26:42,PTBA,RG,4070,26,D,CS,AZ,D
14:26:42,PTBA,RG,4070,67,D,AZ,AZ,D
14:26:42,PTBA,RG,4070,43,D,AZ,AZ,D
14:26:42,PTBA,RG,4070,89,D,AZ,AZ,D
14:26:42,PTBA,RG,4070,75,D,AZ,AZ,D
14:26:38,PTBA,RG,4080,1,D,IF,CP,D
14:26:36,PTBA,RG,4070,2,D,AZ,YP,D
14:26:31,PTBA,RG,4070,2,D,AZ,DH,D
14:26:29,PTBA,RG,4070,12,D,AZ,NI,D
14:26:27,PTBA,RG,4070,8,D,AZ,DX,D
14:26:27,PTBA,RG,4070,1,D,NI,DX,D
14:26:27,PTBA,RG,4070,3,D,YP,DX,D
14:26:27,PTBA,RG,4070,20,D,CC,DX,D
14:26:27,PTBA,RG,4070,202,D,NI,DX,D
14:26:26,PTBA,RG,4070,1,D,NI,PD,D
14:26:26,PTBA,RG,4070,5,D,NI,NI,D
14:26:22,PTBA,RG,4070,5,D,NI,YP,D
14:26:18,PTBA,RG,4070,87,D,NI,YP,D
14:26:18,PTBA,RG,4070,1,D,XC,YP,D
14:26:18,PTBA,RG,4070,412,F,KZ,YP,D
14:26:16,PTBA,RG,4070,30,F,KZ,NI,D
14:26:12,PTBA,RG,4070,8,F,KZ,TF,D
14:26:11,PTBA,RG,4070,25,F,KZ,YP,D
14:26:02,PTBA,RG,4070,15,F,KZ,DR,D
14:26:01,PTBA,RG,4070,10,F,KZ,DR,D
14:25:56,PTBA,RG,4070,369,F,KZ,AZ,D
14:25:55,PTBA,RG,4070,381,F,KZ,AZ,D
14:25:54,PTBA,RG,4070,25,F,KZ,YP,D
14:25:53,PTBA,RG,4070,94,F,KZ,YP,D
14:25:52,PTBA,RG,4070,1,D,EP,YP,D
14:25:52,PTBA,RG,4070,1,D,CC,YP,D
14:25:52,PTBA,RG,4070,10,D,CP,YP,D
14:25:52,PTBA,RG,4070,894,F,KZ,YP,D
14:25:52,PTBA,RG,4070,80,F,KZ,GW,F
14:25:51,PTBA,RG,4070,3,F,KZ,YJ,D
14:25:49,PTBA,RG,4070,23,F,KZ,BB,D
14:25:49,PTBA,RG,4070,735,F,KZ,XA,D
14:25:49,PTBA,RG,4070,500,F,KZ,XA,D
14:25:48,PTBA,RG,4070,6,D,YP,XA,D
14:25:48,PTBA,RG,4070,4,D,SQ,XA,D
14:25:48,PTBA,RG,4070,2,D,PD,XA,D
14:25:48,PTBA,RG,4070,20,D,SQ,XA,D
14:25:48,PTBA,RG,4070,5,D,AZ,XA,D
14:25:48,PTBA,RG,4070,9,D,OD,XA,D
14:25:48,PTBA,RG,4070,21,D,XL,XA,D
14:25:48,PTBA,RG,4070,2,D,YP,XA,D
14:25:48,PTBA,RG,4070,196,F,KZ,XA,D
14:25:48,PTBA,RG,4070,1,F,KZ,YP,D
14:25:39,PTBA,RG,4070,3,F,KZ,KK,D
14:25:37,PTBA,RG,4070,100,F,KZ,BQ,D
14:25:31,PTBA,RG,4070,136,F,KZ,AK,F
14:25:27,PTBA,RG,4070,14,F,KZ,XC,D
14:25:27,PTBA,RG,4070,3,D,YP,XC,D
14:25:20,PTBA,RG,4070,19,D,YP,DR,D
14:25:20,PTBA,RG,4070,211,D,YP,DR,D
14:25:20,PTBA,RG,4070,10,D,YP,DR,D
14:25:20,PTBA,RG,4070,40,F,KZ,DR,D
14:25:19,PTBA,RG,4070,10,F,KZ,PD,D
14:25:14,PTBA,RG,4070,200,F,KZ,KK,D
14:25:12,PTBA,RG,4070,24,F,KZ,YP,D
14:25:12,PTBA,RG,4070,10,F,KZ,BB,D
14:25:10,PTBA,RG,4070,100,F,KZ,YP,D
14:25:07,PTBA,RG,4070,8,F,KZ,BB,D
14:25:07,PTBA,RG,4070,108,F,KZ,PD,D
14:25:07,PTBA,RG,4070,64,D,CS,PD,D
14:25:07,PTBA,RG,4070,64,D,CS,PD,D
14:25:06,PTBA,RG,4070,25,F,ZP,PD,D
14:25:06,PTBA,RG,4070,10,D,CC,PD,D
14:25:06,PTBA,RG,4070,29,D,NI,PD,D
14:25:06,PTBA,RG,4070,21,D,NI,DR,D
14:25:06,PTBA,RG,4070,44,D,AZ,DR,D
14:25:06,PTBA,RG,4070,29,D,AZ,DR,D
14:25:06,PTBA,RG,4070,59,D,AZ,DR,D
14:25:06,PTBA,RG,4070,66,D,AZ,DR,D
14:25:06,PTBA,RG,4070,11,D,YP,DR,D
14:25:06,PTBA,RG,4070,270,F,KZ,DR,D
14:25:03,PTBA,RG,4070,2,F,KZ,YP,D
14:25:02,PTBA,RG,4070,33,F,KZ,KK,D
14:25:01,PTBA,RG,4070,141,F,KZ,DR,D
14:25:01,PTBA,RG,4070,10,D,CC,DR,D
14:25:01,PTBA,RG,4070,38,D,CS,DR,D
14:25:01,PTBA,RG,4070,3,D,CC,DR,D
14:25:01,PTBA,RG,4070,8,D,EP,DR,D
14:25:01,PTBA,RG,4070,2,D,EP,XC,D
14:24:59,PTBA,RG,4070,15,D,EP,YP,D
14:24:59,PTBA,RG,4070,31,F,BK,YP,D
14:24:59,PTBA,RG,4070,9,D,OD,YP,D
14:24:59,PTBA,RG,4070,145,D,NI,YP,D
14:24:55,PTBA,RG,4070,333,D,NI,DR,D
14:24:55,PTBA,RG,4070,103,D,CS,DR,D
14:24:55,PTBA,RG,4070,5,D,EP,DR,D
14:24:55,PTBA,RG,4070,1,D,PD,DR,D
14:24:55,PTBA,RG,4070,58,D,DX,DR,D
14:24:49,PTBA,RG,4070,24,D,DX,DR,D
14:24:47,PTBA,RG,4070,68,D,DX,YP,D
14:24:47,PTBA,RG,4070,1,D,YP,YP,D
14:24:47,PTBA,RG,4070,1,D,XL,YP,D
14:24:47,PTBA,RG,4070,30,F,KZ,YP,D
14:24:45,PTBA,RG,4070,2,F,KZ,PD,D
14:24:45,PTBA,RG,4070,1,F,KZ,GR,D
14:24:44,PTBA,RG,4070,1,F,KZ,XC,D
14:24:41,PTBA,RG,4070,20,F,KZ,XC,D
14:24:40,PTBA,RG,4070,220,F,KZ,DR,D
14:24:38,PTBA,RG,4080,1,D,CC,CP,D
14:24:36,PTBA,RG,4070,25,F,KZ,CP,D
14:24:34,PTBA,RG,4070,116,F,KZ,PD,D
14:24:34,PTBA,RG,4070,24,D,YP,PD,D
14:24:34,PTBA,RG,4070,10,D,YP,PD,D
14:24:28,PTBA,RG,4070,15,D,YP,CC,D
14:24:28,PTBA,RG,4070,1,D,YP,CC,D
14:24:28,PTBA,RG,4070,29,F,BK,CC,D
14:24:28,PTBA,RG,4070,18,D,CC,CC,D
14:24:28,PTBA,RG,4070,1,D,KK,CC,D
14:24:28,PTBA,RG,4070,16,D,DR,CC,D
14:24:25,PTBA,RG,4080,1,D,XC,CP,D
14:24:24,PTBA,RG,4070,1,D,DR,XC,D
14:24:21,PTBA,RG,4070,17,D,DR,BB,D
14:24:21,PTBA,RG,4080,4,D,EP,CP,D
14:24:21,PTBA,RG,4080,5,D,PD,CP,D
14:24:18,PTBA,RG,4080,9,D,OD,CP,D
14:24:18,PTBA,RG,4070,29,D,DR,YP,D
14:24:18,PTBA,RG,4070,10,D,CC,YP,D
14:24:18,PTBA,RG,4070,10,D,YP,YP,D
14:24:18,PTBA,RG,4070,51,D,CS,YP,D
14:24:17,PTBA,RG,4070,212,D,CS,GR,D
14:24:17,PTBA,RG,4070,60,D,CS,GR,D
14:24:17,PTBA,RG,4070,162,D,CS,GR,D
14:24:17,PTBA,RG,4070,1,D,YP,GR,D
14:24:17,PTBA,RG,4070,9,D,CC,GR,D
14:24:17,PTBA,RG,4070,11,D,BQ,GR,D
14:24:17,PTBA,RG,4070,22,F,ZP,GR,D
14:24:17,PTBA,RG,4070,4,D,YP,GR,D
14:24:17,PTBA,RG,4070,1,D,XL,GR,D
14:24:17,PTBA,RG,4070,1,D,PD,GR,D
14:24:17,PTBA,RG,4070,17,D,CC,GR,D
14:24:14,PTBA,RG,4070,4,D,CC,YP,D
14:24:09,PTBA,RG,4070,5,D,CC,YP,D
14:24:08,PTBA,RG,4070,12,D,CC,NI,D
14:24:05,PTBA,RG,4070,2,D,CC,EP,D
14:24:01,PTBA,RG,4070,14,D,EP,AK,F
14:24:01,PTBA,RG,4070,1,D,PD,AK,F
14:24:01,PTBA,RG,4070,1,D,XC,AK,F
14:24:01,PTBA,RG,4070,37,D,PD,AK,F
14:24:01,PTBA,RG,4070,1,D,YP,AK,F
14:24:01,PTBA,RG,4070,30,D,YB,AK,F
14:24:01,PTBA,RG,4070,44,D,AZ,AK,F
14:24:01,PTBA,RG,4070,20,D,AZ,AK,F
14:23:59,PTBA,RG,4070,9,D,AZ,YP,D
14:23:59,PTBA,RG,4070,1,D,AZ,YP,D
14:23:55,PTBA,RG,4070,1,D,AZ,NI,D
14:23:54,PTBA,RG,4070,57,D,AZ,DX,D
14:23:54,PTBA,RG,4070,66,D,AZ,DX,D
14:23:54,PTBA,RG,4070,24,D,SQ,DX,D
14:23:54,PTBA,RG,4070,1,D,NI,DX,D
14:23:54,PTBA,RG,4070,1,D,PD,DX,D
14:23:54,PTBA,RG,4070,40,D,SQ,DX,D
14:23:54,PTBA,RG,4070,1,D,SQ,DX,D
14:23:46,PTBA,RG,4070,63,D,SQ,YP,D
14:23:41,PTBA,RG,4070,16,D,SQ,MG,D
14:23:41,PTBA,RG,4070,84,F,KZ,MG,D
14:23:37,PTBA,RG,4080,1,D,XC,CP,D
14:23:35,PTBA,RG,4070,1,F,KZ,KK,D
14:23:33,PTBA,RG,4070,16,F,KZ,BB,D
14:23:32,PTBA,RG,4070,150,F,KZ,SQ,D
14:23:22,PTBA,RG,4070,15,F,KZ,NI,D
14:23:18,PTBA,RG,4080,9,D,OD,CP,D
14:23:15,PTBA,RG,4070,20,F,KZ,SQ,D
14:23:12,PTBA,RG,4070,60,F,KZ,OD,D
14:23:11,PTBA,RG,4070,1,F,KZ,XL,D
14:23:10,PTBA,RG,4070,3,F,KZ,NI,D
14:23:03,PTBA,RG,4070,5,F,KZ,XC,D
14:22:59,PTBA,RG,4070,5,F,KZ,PD,D
14:22:56,PTBA,RG,4070,58,F,KZ,AK,D
14:22:56,PTBA,RG,4070,1,D,SQ,AK,D
14:22:56,PTBA,RG,4070,3,D,GR,AK,D
14:22:55,PTBA,RG,4070,1,D,GR,PD,D
14:22:46,PTBA,RG,4070,6,D,GR,BB,D
14:22:46,PTBA,RG,4070,11,D,YP,BB,D
14:22:32,PTBA,RG,4070,19,D,YP,YP,D
14:22:32,PTBA,RG,4070,5,D,YP,YP,D
14:22:32,PTBA,RG,4070,76,D,YP,YP,D
14:22:31,PTBA,RG,4070,1,D,YP,XC,D
14:22:31,PTBA,RG,4070,141,D,YP,AK,F
14:22:31,PTBA,RG,4070,5,D,YP,XL,D
14:22:29,PTBA,RG,4070,200,D,YP,YU,D
14:22:28,PTBA,RG,4070,25,D,YP,CP,D
14:22:19,PTBA,RG,4070,2,D,YP,EP,D
14:22:18,PTBA,RG,4080,9,D,OD,CP,D
14:22:14,PTBA,RG,4080,1,D,PD,CP,D
14:22:10,PTBA,RG,4070,160,D,YP,GW,F
14:22:01,PTBA,RG,4070,10,D,YP,YP,D
14:21:59,PTBA,RG,4070,1,D,YP,GR,D
14:21:55,PTBA,RG,4070,18,D,YP,BB,D
14:21:52,PTBA,RG,4080,44,D,AZ,CP,D
14:21:52,PTBA,RG,4080,28,D,AZ,CP,D
14:21:52,PTBA,RG,4080,59,D,AZ,CP,D
14:21:52,PTBA,RG,4080,66,D,AZ,CP,D
14:21:37,PTBA,RG,4070,50,D,YP,OD,D
14:21:31,PTBA,RG,4070,73,D,YP,CC,F
14:21:31,PTBA,RG,4070,5,D,YP,GR,D
14:21:23,PTBA,RG,4070,33,D,YP,XC,D
14:21:23,PTBA,RG,4070,75,F,KZ,XC,D
14:21:21,PTBA,RG,4080,5,D,KK,CP,D
14:21:18,PTBA,RG,4070,7,F,KZ,TF,D
14:21:16,PTBA,RG,4070,25,F,KZ,CP,D
14:21:15,PTBA,RG,4070,27,F,KZ,YP,D
14:21:13,PTBA,RG,4070,219,F,KZ,DX,D
14:21:13,PTBA,RG,4070,10,F,KZ,TP,D
14:21:05,PTBA,RG,4070,2,F,KZ,BB,D
14:21:04,PTBA,RG,4070,133,F,KZ,PD,D
14:21:02,PTBA,RG,4070,1,F,KZ,YP,D
14:21:00,PTBA,RG,4070,1,F,KZ,YP,D
14:20:49,PTBA,RG,4070,17,F,KZ,BB,D
14:20:48,PTBA,RG,4070,140,F,KZ,IF,D
14:20:47,PTBA,RG,4070,31,F,BK,IF,D
14:20:47,PTBA,RG,4070,4,D,AT,IF,D
14:20:47,PTBA,RG,4070,1,D,YP,IF,D
14:20:47,PTBA,RG,4070,5,D,YP,IF,D
14:20:47,PTBA,RG,4070,30,D,NI,IF,D
14:20:47,PTBA,RG,4070,8,D,OD,IF,D
14:20:47,PTBA,RG,4070,500,F,KZ,IF,D
14:20:47,PTBA,RG,4070,5,D,CC,IF,D
14:20:47,PTBA,RG,4070,1,D,AG,IF,D
14:20:47,PTBA,RG,4070,1,D,YP,IF,D
14:20:47,PTBA,RG,4070,162,D,CS,IF,D
14:20:47,PTBA,RG,4070,1,D,NI,IF,D
14:20:47,PTBA,RG,4070,2,D,CC,IF,D
14:20:47,PTBA,RG,4070,22,F,ZP,IF,D
14:20:47,PTBA,RG,4070,72,F,BK,IF,D
14:20:47,PTBA,RG,4070,1,D,YP,IF,D
14:20:47,PTBA,RG,4070,1,D,XC,IF,D
14:20:47,PTBA,RG,4070,1,D,XC,IF,D
14:20:47,PTBA,RG,4070,12,D,PD,IF,D
14:20:43,PTBA,RG,4070,162,D,PD,BK,F
14:20:43,PTBA,RG,4070,13,D,XC,BK,F
14:20:43,PTBA,RG,4070,182,D,PD,BK,F
14:20:43,PTBA,RG,4070,6,D,YP,BK,F
14:20:43,PTBA,RG,4070,182,D,PD,BK,F
14:20:43,PTBA,RG,4070,24,D,SQ,BK,F
14:20:43,PTBA,RG,4070,109,D,CS,BK,F
14:20:41,PTBA,RG,4070,10,D,CS,XC,D
14:20:39,PTBA,RG,4080,4,D,DX,CP,D
14:20:38,PTBA,RG,4070,2,D,CS,XC,D
14:20:36,PTBA,RG,4080,1,D,AT,CP,D
14:20:33,PTBA,RG,4070,15,D,CS,CC,D
14:20:33,PTBA,RG,4070,1,D,CS,XC,D
14:20:25,PTBA,RG,4070,10,D,CS,DR,D
14:20:16,PTBA,RG,4080,10,D,OD,CP,D
14:20:13,PTBA,RG,4070,101,D,CS,CC,F
14:20:13,PTBA,RG,4070,182,D,PD,CC,F
14:20:13,PTBA,RG,4070,40,D,SQ,CC,F
14:20:13,PTBA,RG,4070,3,D,YP,CC,F
14:20:13,PTBA,RG,4070,80,D,SQ,CC,F
14:20:13,PTBA,RG,4070,3,D,YB,CC,F
14:20:13,PTBA,RG,4070,1,D,PD,CC,F
14:20:13,PTBA,RG,4070,32,D,CS,CC,F
14:20:13,PTBA,RG,4070,1,D,SQ,CC,F
14:20:13,PTBA,RG,4070,5,D,EP,CC,F
14:20:13,PTBA,RG,4070,50,D,YP,CC,F
14:20:13,PTBA,RG,4070,1,D,PD,CC,F
14:20:13,PTBA,RG,4070,44,D,AZ,CC,F
14:20:13,PTBA,RG,4070,28,D,AZ,CC,F
14:20:13,PTBA,RG,4070,59,D,AZ,CC,F
14:20:13,PTBA,RG,4070,66,D,AZ,CC,F
14:20:13,PTBA,RG,4070,405,F,KZ,CC,F
14:20:12,PTBA,RG,4070,30,F,KZ,YP,D
14:20:11,PTBA,RG,4070,65,F,KZ,CC,D
14:20:11,PTBA,RG,4070,12,F,BK,CC,D
14:20:11,PTBA,RG,4070,23,D,YP,CC,D
14:20:10,PTBA,RG,4070,1,D,YP,BB,D
14:20:10,PTBA,RG,4070,1,D,XC,BB,D
14:20:10,PTBA,RG,4070,6,D,YP,BB,D
14:20:10,PTBA,RG,4070,9,D,YP,BB,D
14:20:10,PTBA,RG,4070,1,F,AK,BB,D
14:20:06,PTBA,RG,4070,212,F,AK,CC,F
14:20:05,PTBA,RG,4080,2,D,PD,CP,D
14:20:04,PTBA,RG,4070,40,F,AK,CC,D
14:20:04,PTBA,RG,4070,9,F,AK,XL,D
14:19:59,PTBA,RG,4070,128,F,AK,CC,F
14:19:52,PTBA,RG,4070,1,F,AK,GR,D
14:19:52,PTBA,RG,4070,1,F,AK,OD,D
14:19:47,PTBA,RG,4070,10,F,AK,NI,D
14:19:37,PTBA,RG,4070,4,F,AK,XC,D
14:19:28,PTBA,RG,4070,57,F,AK,NI,D
14:19:26,PTBA,RG,4070,50,F,AK,EP,D
14:19:22,PTBA,RG,4070,10,F,AK,YP,D
14:19:21,PTBA,RG,4070,2,F,AK,XC,D
14:19:19,PTBA,RG,4070,20,F,AK,GR,D
14:19:17,PTBA,RG,4070,19,F,AK,BB,D
14:19:16,PTBA,RG,4080,8,D,OD,CP,D
14:19:15,PTBA,RG,4070,1,F,AK,LG,D
14:19:12,PTBA,RG,4080,2,D,KK,CP,D
14:19:10,PTBA,RG,4070,402,F,AK,EP,D
14:18:55,PTBA,RG,4070,1,F,AK,XC,D
14:18:54,PTBA,RG,4070,1,F,AK,PC,D
14:18:50,PTBA,RG,4070,16,F,AK,YP,D
14:18:50,PTBA,RG,4070,484,D,CC,YP,D
14:18:49,PTBA,RG,4070,200,D,CC,DH,D
14:18:43,PTBA,RG,4070,116,D,CC,DX,D
14:18:43,PTBA,RG,4070,50,D,PD,DX,D
14:18:43,PTBA,RG,4070,25,D,ZP,DX,D
14:18:43,PTBA,RG,4070,62,D,CS,DX,D
14:18:31,PTBA,RG,4070,2,D,CS,XC,D
14:18:29,PTBA,RG,4070,10,D,CS,KK,D
14:18:23,PTBA,RG,4070,1,D,CS,XC,D
14:18:22,PTBA,RG,4080,1,D,XL,CP,D
14:18:21,PTBA,RG,4070,19,D,CS,BB,D
14:18:16,PTBA,RG,4080,9,D,OD,CP,D
14:18:04,PTBA,RG,4080,44,D,AZ,CP,D
14:18:04,PTBA,RG,4080,29,D,AZ,CP,D
14:18:04,PTBA,RG,4080,59,D,AZ,CP,D
14:18:04,PTBA,RG,4080,66,D,AZ,CP,D
14:17:38,PTBA,RG,4070,103,D,CS,CC,D
14:17:38,PTBA,RG,4070,230,D,CS,CC,D
14:17:38,PTBA,RG,4070,1,D,PD,CC,D
14:17:38,PTBA,RG,4070,1,D,PD,CC,D
14:17:38,PTBA,RG,4070,17,F,BK,CC,D
14:17:38,PTBA,RG,4070,248,F,KZ,CC,D
14:17:36,PTBA,RG,4070,2,F,KZ,SQ,D
14:17:27,PTBA,RG,4070,18,F,KZ,BB,D
14:17:26,PTBA,RG,4070,6,F,KZ,XL,D
14:17:22,PTBA,RG,4070,44,F,KZ,GR,D
14:17:19,PTBA,RG,4070,30,F,KZ,XC,D
14:17:16,PTBA,RG,4080,10,D,OD,CP,D
14:17:14,PTBA,RG,4070,97,F,KZ,CC,D
14:17:14,PTBA,RG,4070,3,D,XC,CC,D
14:17:13,PTBA,RG,4070,3,D,XC,CC,D
14:17:13,PTBA,RG,4070,7,D,CS,CC,D
14:17:12,PTBA,RG,4070,12,D,CS,CC,D
14:17:12,PTBA,RG,4070,2,D,YP,CC,D
14:17:12,PTBA,RG,4070,36,F,KZ,CC,D
14:16:56,PTBA,RG,4070,1,F,KZ,YP,D
14:16:51,PTBA,RG,4080,1,D,XC,CP,D
14:16:44,PTBA,RG,4080,2,D,XC,CP,D
14:16:36,PTBA,RG,4070,18,F,KZ,BB,D
14:16:17,PTBA,RG,4080,1,D,YJ,CP,D
14:16:13,PTBA,RG,4070,103,F,KZ,KK,D
14:16:12,PTBA,RG,4070,100,F,KZ,YJ,D
14:16:10,PTBA,RG,4070,10,F,KZ,XC,D
14:16:04,PTBA,RG,4070,189,F,KZ,DX,D
14:16:04,PTBA,RG,4070,11,F,ZP,DX,D
14:16:03,PTBA,RG,4070,6,F,ZP,PD,D
14:15:56,PTBA,RG,4070,7,F,ZP,XC,D
14:15:56,PTBA,RG,4070,1,D,YP,XC,D
14:15:56,PTBA,RG,4070,12,D,PD,XC,D
14:15:47,PTBA,RG,4070,150,D,PD,OD,D
14:15:42,PTBA,RG,4070,19,D,PD,BB,D
14:15:42,PTBA,RG,4070,2,D,PD,CC,D
14:15:42,PTBA,RG,4070,17,D,PD,DR,D
14:15:42,PTBA,RG,4070,43,F,KZ,DR,D
14:15:40,PTBA,RG,4070,426,F,KZ,YP,D
14:15:40,PTBA,RG,4070,5,D,NI,YP,D
14:15:40,PTBA,RG,4070,1,D,YP,YP,D
14:15:40,PTBA,RG,4070,1,D,XC,YP,D
14:15:40,PTBA,RG,4070,8,D,OD,YP,D
14:15:40,PTBA,RG,4070,1,D,YP,YP,D
14:15:40,PTBA,RG,4070,9,D,CS,YP,D
14:15:40,PTBA,RG,4070,9,D,CS,YP,D
14:15:40,PTBA,RG,4070,9,D,CS,YP,D
14:15:40,PTBA,RG,4070,31,F,KZ,YP,D
14:15:33,PTBA,RG,4070,5,F,KZ,LG,D
14:15:33,PTBA,RG,4070,464,F,KZ,CC,D
14:15:33,PTBA,RG,4070,36,D,AZ,CC,D
14:15:22,PTBA,RG,4070,3,D,AZ,EP,D
14:15:15,PTBA,RG,4070,8,D,AZ,BK,F
14:15:15,PTBA,RG,4070,1,D,AZ,BK,F
14:15:14,PTBA,RG,4070,29,D,AZ,GW,F
14:15:14,PTBA,RG,4070,63,D,AZ,GW,F
14:15:14,PTBA,RG,4070,59,D,AZ,GW,F
14:15:14,PTBA,RG,4070,5,D,PD,GW,F
14:15:14,PTBA,RG,4070,1,D,YP,GW,F
14:15:14,PTBA,RG,4070,3,D,CC,GW,F
14:15:14,PTBA,RG,4070,7,D,CC,CC,D
14:15:14,PTBA,RG,4070,5,D,XC,CC,D
14:15:14,PTBA,RG,4070,50,D,YP,CC,D
14:15:14,PTBA,RG,4070,5,D,CC,CC,D
14:15:14,PTBA,RG,4070,355,D,CC,CC,D
14:15:14,PTBA,RG,4070,5,D,OD,CC,D
14:15:14,PTBA,RG,4070,31,D,CS,CC,D
14:15:14,PTBA,RG,4070,10,D,XC,CC,D
14:15:14,PTBA,RG,4070,25,D,PD,CC,D
14:15:14,PTBA,RG,4070,5,D,YP,CC,D
14:15:14,PTBA,RG,4070,1,D,PD,CC,D
14:15:14,PTBA,RG,4070,1,D,XC,CC,D
14:15:14,PTBA,RG,4070,1,D,XC,CC,D
14:15:14,PTBA,RG,4070,1,D,CC,CC,D
14:15:14,PTBA,RG,4070,1,D,CC,CC,D
14:15:14,PTBA,RG,4070,10,D,XA,CC,D
14:15:14,PTBA,RG,4070,237,F,KZ,CC,D
14:15:08,PTBA,RG,4070,50,F,KZ,CC,D
14:15:06,PTBA,RG,4070,50,F,KZ,EP,D
14:14:59,PTBA,RG,4070,3,F,KZ,KK,D
14:14:49,PTBA,RG,4070,16,F,KZ,BB,D
14:14:36,PTBA,RG,4070,60,F,KZ,KI,D
14:14:36,PTBA,RG,4070,40,D,AZ,KI,D
14:14:34,PTBA,RG,4070,7,D,AZ,DH,D
14:14:34,PTBA,RG,4070,18,D,AZ,DH,D
14:14:34,PTBA,RG,4070,1,D,AZ,XC,D
14:14:28,PTBA,RG,4070,11,D,AZ,YJ,D
14:14:28,PTBA,RG,4070,19,D,AZ,YJ,D
14:14:20,PTBA,RG,4080,5,D,OD,CP,D
14:14:19,PTBA,RG,4070,44,D,AZ,AK,D
14:14:19,PTBA,RG,4070,22,D,AZ,AK,D
14:14:15,PTBA,RG,4070,37,D,AZ,SQ,D
14:14:15,PTBA,RG,4070,1,D,XC,SQ,D
14:14:15,PTBA,RG,4070,25,D,PD,SQ,D
14:14:15,PTBA,RG,4070,37,D,CS,SQ,D
14:14:10,PTBA,RG,4070,10,D,CS,KK,D
14:14:07,PTBA,RG,4070,4,D,CS,CC,D
14:14:00,PTBA,RG,4070,17,D,CS,BB,D
14:13:56,PTBA,RG,4070,4,D,CS,DH,D
14:13:56,PTBA,RG,4070,1,D,CS,DH,D
14:13:54,PTBA,RG,4070,5,D,CS,YP,D
14:13:46,PTBA,RG,4070,2,D,CS,CC,D
14:13:46,PTBA,RG,4070,2,D,PD,CC,D
14:13:30,PTBA,RG,4070,7,D,PD,PD,D
14:13:26,PTBA,RG,4070,1,D,PD,DX,D
14:13:26,PTBA,RG,4070,1,D,XL,DX,D
14:13:26,PTBA,RG,4070,3,D,XC,DX,D
14:13:26,PTBA,RG,4070,50,D,YP,DX,D
14:13:26,PTBA,RG,4070,68,D,YP,DX,D
14:13:26,PTBA,RG,4070,10,D,NI,DX,D
14:13:26,PTBA,RG,4070,29,F,BK,DX,D
14:13:26,PTBA,RG,4070,83,F,KZ,DX,D
14:13:20,PTBA,RG,4080,5,D,OD,CP,D
14:13:20,PTBA,RG,4070,1,F,KZ,XC,D
14:13:13,PTBA,RG,4070,17,F,KZ,BB,D
14:13:11,PTBA,RG,4070,3,F,KZ,PD,D
14:13:10,PTBA,RG,4070,4,F,KZ,NI,D
14:13:08,PTBA,RG,4070,5,F,KZ,GR,D
14:13:06,PTBA,RG,4070,100,F,KZ,OD,D
14:13:02,PTBA,RG,4070,20,F,KZ,GR,D
14:13:00,PTBA,RG,4070,1,F,KZ,PD,D
14:12:50,PTBA,RG,4070,1,F,KZ,NI,D
14:12:47,PTBA,RG,4070,10,F,KZ,YP,D
14:12:44,PTBA,RG,4070,100,F,KZ,PD,D
14:12:41,PTBA,RG,4070,1,F,KZ,PD,D
14:12:39,PTBA,RG,4070,100,F,KZ,CC,D
14:12:36,PTBA,RG,4070,54,F,KZ,XC,D
14:12:36,PTBA,RG,4070,8,D,CS,XC,D
14:12:32,PTBA,RG,4070,86,D,CS,PD,D
14:12:32,PTBA,RG,4070,14,F,HP,PD,D
14:12:29,PTBA,RG,4070,11,F,HP,YP,D
14:12:29,PTBA,RG,4070,25,D,CC,YP,D
14:12:29,PTBA,RG,4070,14,D,NI,YP,D
14:12:29,PTBA,RG,4070,10,D,NI,KK,D
14:12:24,PTBA,RG,4070,1,D,NI,XC,D
14:12:24,PTBA,RG,4070,1,D,PD,XC,D
14:12:24,PTBA,RG,4070,1,D,CS,XC,D
14:12:23,PTBA,RG,4070,17,D,CS,BB,D
14:12:04,PTBA,RG,4070,2,D,CS,YP,D
14:12:04,PTBA,RG,4070,25,D,NI,YP,D
14:12:04,PTBA,RG,4070,11,D,YP,YP,D
14:12:04,PTBA,RG,4070,15,D,DR,YP,D
14:12:04,PTBA,RG,4070,32,F,BK,YP,D
14:12:04,PTBA,RG,4070,26,F,ZP,YP,D
14:12:04,PTBA,RG,4070,37,D,CS,YP,D
14:12:04,PTBA,RG,4070,252,F,KZ,YP,D
14:11:51,PTBA,RG,4080,2,D,EP,CP,D
14:11:49,PTBA,RG,4070,85,F,KZ,CC,D
14:11:44,PTBA,RG,4070,163,F,KZ,KK,D
14:11:44,PTBA,RG,4070,37,F,BK,KK,D
14:11:41,PTBA,RG,4070,100,F,BK,YP,D
14:11:41,PTBA,RG,4070,500,F,KZ,YP,D
14:11:38,PTBA,RG,4070,148,F,KZ,YP,D
14:11:38,PTBA,RG,4070,141,D,CS,YP,D
14:11:38,PTBA,RG,4070,485,F,KZ,YP,D
14:11:36,PTBA,RG,4080,30,D,IP,CP,D
14:11:35,PTBA,RG,4070,8,F,KZ,BB,D
14:11:34,PTBA,RG,4070,7,F,KZ,XL,D
14:11:34,PTBA,RG,4070,2166,F,KZ,GR,D
14:11:33,PTBA,RG,4070,5,D,OD,GR,D
14:11:33,PTBA,RG,4070,25,D,NI,GR,D
14:11:33,PTBA,RG,4070,91,F,BK,GR,D
14:11:33,PTBA,RG,4070,453,F,KZ,GR,D
14:11:31,PTBA,RG,4070,25,F,KZ,CC,D
14:11:30,PTBA,RG,4070,2,F,KZ,PD,D
14:11:30,PTBA,RG,4070,15,F,KZ,PD,D
14:11:25,PTBA,RG,4070,1,F,KZ,GR,D
14:11:21,PTBA,RG,4070,3,F,KZ,YP,D
14:11:19,PTBA,RG,4070,1,F,KZ,NI,D
14:11:16,PTBA,RG,4070,100,F,KZ,CC,D
14:11:14,PTBA,RG,4070,15,F,KZ,BB,D
14:11:14,PTBA,RG,4070,6,F,KZ,BB,D
14:11:14,PTBA,RG,4070,429,F,KZ,AO,D
14:11:13,PTBA,RG,4070,500,F,KZ,AO,D
14:11:13,PTBA,RG,4070,3,D,XC,AO,D
14:11:13,PTBA,RG,4070,1,D,YP,AO,D
14:11:13,PTBA,RG,4070,2,D,ZP,AO,D
14:11:13,PTBA,RG,4070,1,D,PD,AO,D
14:11:13,PTBA,RG,4070,50,D,EP,AO,D
14:11:13,PTBA,RG,4070,5,D,CC,AO,D
14:11:13,PTBA,RG,4070,10,D,PD,AO,D
14:11:13,PTBA,RG,4070,3,D,MU,AO,D
14:11:13,PTBA,RG,4070,87,D,CS,AO,D
14:11:13,PTBA,RG,4070,20,D,PD,AO,D
14:11:13,PTBA,RG,4070,33,F,BK,AO,D
14:11:13,PTBA,RG,4070,36,D,CS,AO,D
14:11:13,PTBA,RG,4070,250,D,YP,AO,D
14:11:13,PTBA,RG,4070,5,D,OD,AO,D
14:11:13,PTBA,RG,4070,1000,D,ZP,AO,D
14:11:13,PTBA,RG,4070,5,D,DH,AO,D
14:11:13,PTBA,RG,4070,1,D,YP,AO,D
14:11:13,PTBA,RG,4070,364,F,AK,AO,D
14:11:13,PTBA,RG,4070,4,D,XL,AO,D
14:11:13,PTBA,RG,4070,191,F,KZ,AO,D
14:11:12,PTBA,RG,4080,1,D,YP,CP,D
14:11:03,PTBA,RG,4070,1,F,KZ,KK,D
14:11:03,PTBA,RG,4070,1,F,KZ,YP,D
14:10:54,PTBA,RG,4070,210,F,KZ,DX,D
14:10:50,PTBA,RG,4070,3,F,KZ,XC,D
14:10:48,PTBA,RG,4070,17,F,KZ,YP,D
14:10:48,PTBA,RG,4070,24,D,SQ,YP,D
14:10:48,PTBA,RG,4070,3,D,PD,YP,D
14:10:48,PTBA,RG,4070,1,D,YP,YP,D
14:10:48,PTBA,RG,4070,8,D,PD,YP,D
14:10:48,PTBA,RG,4070,40,D,SQ,YP,D
14:10:48,PTBA,RG,4070,317,D,CS,YP,D
14:10:48,PTBA,RG,4070,80,D,SQ,YP,D
14:10:48,PTBA,RG,4070,1,D,SQ,YP,D
14:10:48,PTBA,RG,4070,9,D,PD,YP,D
14:10:47,PTBA,RG,4070,3,D,PD,YP,D
14:10:47,PTBA,RG,4070,2,D,NI,YP,D
14:10:47,PTBA,RG,4070,15,D,XL,YP,D
14:10:41,PTBA,RG,4070,32,D,XL,YP,D
14:10:41,PTBA,RG,4070,100,D,SQ,YP,D
14:10:41,PTBA,RG,4070,4,D,YP,YP,D
14:10:41,PTBA,RG,4070,50,D,NI,YP,D
14:10:41,PTBA,RG,4070,1,D,YP,YP,D
14:10:41,PTBA,RG,4070,50,D,AZ,YP,D
14:10:41,PTBA,RG,4070,1,D,DR,YP,D
14:10:41,PTBA,RG,4070,50,D,AZ,YP,D
14:10:41,PTBA,RG,4070,5,D,PD,YP,D
14:10:41,PTBA,RG,4070,2,D,YP,YP,D
14:10:41,PTBA,RG,4070,100,D,AZ,YP,D
14:10:41,PTBA,RG,4070,105,D,CS,YP,D
14:10:37,PTBA,RG,4070,24,D,CS,XC,D
14:10:37,PTBA,RG,4070,32,D,AZ,XC,D
14:10:37,PTBA,RG,4070,68,D,AZ,YP,D
14:10:37,PTBA,RG,4070,5,D,YP,YP,D
14:10:37,PTBA,RG,4070,50,D,YP,YP,D
14:10:37,PTBA,RG,4070,10,D,YP,YP,D
14:10:37,PTBA,RG,4070,28,D,CS,YP,D
14:10:37,PTBA,RG,4070,3,D,XC,YP,D
14:10:37,PTBA,RG,4070,2,D,XC,YP,D
14:10:37,PTBA,RG,4070,1,D,SQ,YP,D
14:10:37,PTBA,RG,4070,2,D,SQ,YP,D
14:10:37,PTBA,RG,4070,144,F,BK,YP,D
14:10:35,PTBA,RG,4070,61,F,BK,GR,D
14:10:35,PTBA,RG,4070,19,D,XL,GR,D
14:10:29,PTBA,RG,4070,26,D,XL,BB,D
14:10:20,PTBA,RG,4080,5,D,OD,CP,D
14:10:18,PTBA,RG,4070,31,D,XL,ZP,D
14:10:18,PTBA,RG,4070,77,F,KZ,ZP,D
14:10:16,PTBA,RG,4080,2,D,XC,CP,D
14:10:15,PTBA,RG,4070,10,F,KZ,PD,D
14:10:15,PTBA,RG,4070,50,F,KZ,YU,D
14:10:07,PTBA,RG,4070,1,F,KZ,PD,D
14:10:05,PTBA,RG,4070,160,F,KZ,GW,F
14:09:50,PTBA,RG,4080,25,D,DX,CP,D
14:09:32,PTBA,RG,4070,25,F,KZ,BQ,D
14:09:25,PTBA,RG,4070,30,F,KZ,CC,D
14:09:20,PTBA,RG,4080,5,D,OD,CP,D
14:09:13,PTBA,RG,4070,24,F,KZ,BB,D
14:09:03,PTBA,RG,4070,80,F,KZ,CC,D
14:09:01,PTBA,RG,4080,6,D,YB,CP,D
14:08:51,PTBA,RG,4080,2,D,XL,CP,D
14:08:50,PTBA,RG,4080,5,D,PD,CP,D
14:08:30,PTBA,RG,4080,5,D,XL,CP,D
14:08:27,PTBA,RG,4070,13,F,KZ,EP,D
14:08:21,PTBA,RG,4070,1,F,KZ,YP,D
14:08:03,PTBA,RG,4070,25,F,KZ,BB,D
14:07:53,PTBA,RG,4080,1,D,XC,CP,D
14:07:53,PTBA,RG,4070,1,F,KZ,NI,D
14:07:44,PTBA,RG,4080,1,D,YP,CP,D
14:07:43,PTBA,RG,4080,2,D,PD,CP,D
14:07:41,PTBA,RG,4070,3,F,KZ,NI,D
14:07:32,PTBA,RG,4070,3289,F,KZ,EP,D
14:07:32,PTBA,RG,4070,5,D,OD,EP,D
14:07:32,PTBA,RG,4070,1,D,DH,EP,D
14:07:32,PTBA,RG,4070,25,D,KK,EP,D
14:07:32,PTBA,RG,4070,1,D,XC,EP,D
14:07:32,PTBA,RG,4070,34,F,BK,EP,D
14:07:32,PTBA,RG,4070,6,D,XC,EP,D
14:07:32,PTBA,RG,4070,50,D,AT,EP,D
14:07:32,PTBA,RG,4070,47,D,CS,EP,D
14:07:32,PTBA,RG,4070,60,D,CS,EP,D
14:07:32,PTBA,RG,4070,3,D,XC,EP,D
14:07:32,PTBA,RG,4070,5,D,CC,EP,D
14:07:32,PTBA,RG,4070,369,F,KZ,EP,D
14:07:28,PTBA,RG,4070,1,F,KZ,CC,D
14:07:28,PTBA,RG,4080,36,D,PD,CP,D
14:07:24,PTBA,RG,4070,13,F,KZ,XC,D
14:07:21,PTBA,RG,4070,2,F,KZ,XC,D
14:07:21,PTBA,RG,4070,2,F,KZ,PD,D
14:07:20,PTBA,RG,4070,1,F,KZ,OD,D
14:07:14,PTBA,RG,4070,3,F,KZ,SQ,D
14:07:11,PTBA,RG,4070,80,F,KZ,CC,D
14:07:10,PTBA,RG,4070,29,F,KZ,NI,D
14:07:10,PTBA,RG,4070,111,F,BK,NI,D
14:07:10,PTBA,RG,4070,60,D,CS,NI,D
14:07:00,PTBA,RG,4070,2,D,CS,YP,D
14:07:00,PTBA,RG,4070,6,D,OD,YP,D
14:07:00,PTBA,RG,4070,492,F,KZ,YP,D
14:06:54,PTBA,RG,4070,1,F,KZ,XL,D
14:06:50,PTBA,RG,4070,7,F,KZ,BB,D
14:06:50,PTBA,RG,4070,20,D,CC,BB,D
14:06:40,PTBA,RG,4070,244,F,KZ,DX,D
14:06:29,PTBA,RG,4070,2,F,KZ,KI,D
14:06:28,PTBA,RG,4070,23,F,KZ,OD,D
14:06:24,PTBA,RG,4070,80,F,KZ,GW,F
14:06:20,PTBA,RG,4070,57,F,KZ,EP,D
14:06:20,PTBA,RG,4070,28,D,XA,EP,D
14:06:18,PTBA,RG,4070,2,D,XA,AG,D
14:06:17,PTBA,RG,4070,20,D,XA,GR,D
14:06:17,PTBA,RG,4070,20,D,YP,GR,D
14:06:17,PTBA,RG,4070,10,D,HP,GR,D
14:06:11,PTBA,RG,4070,10,D,YP,YP,D
14:06:09,PTBA,RG,4070,2,D,YP,KK,D
14:06:09,PTBA,RG,4070,18,F,KZ,KK,D
14:06:07,PTBA,RG,4070,436,F,KZ,YP,D
14:06:07,PTBA,RG,4070,18,D,CS,YP,D
14:06:07,PTBA,RG,4070,18,D,CS,YP,D
14:06:07,PTBA,RG,4070,18,D,CS,YP,D
14:06:07,PTBA,RG,4070,10,D,ZP,YP,D
14:06:07,PTBA,RG,4070,8,D,ZP,YP,D
14:06:06,PTBA,RG,4070,32,D,ZP,GW,F
14:06:06,PTBA,RG,4070,5,D,PD,GW,F
14:06:06,PTBA,RG,4070,26,D,CS,GW,F
14:06:06,PTBA,RG,4070,97,D,OK,GW,F
14:06:04,PTBA,RG,4070,1,D,OK,DH,D
14:06:03,PTBA,RG,4070,100,D,OK,SQ,D
14:06:01,PTBA,RG,4070,1,D,OK,PD,D
14:05:56,PTBA,RG,4070,1,D,OK,NI,D
14:05:53,PTBA,RG,4060,106,D,YP,DX,D
14:05:53,PTBA,RG,4060,1,D,PD,DX,D
14:05:53,PTBA,RG,4060,1,D,XL,DX,D
14:05:53,PTBA,RG,4060,20,D,YP,DX,D
14:05:53,PTBA,RG,4060,50,D,YP,DX,D
14:05:53,PTBA,RG,4060,1,D,YP,DX,D
14:05:53,PTBA,RG,4060,2,D,NI,DX,D
14:05:53,PTBA,RG,4060,3,D,YP,DX,D
14:05:52,PTBA,RG,4070,65,F,KZ,PD,D
14:05:51,PTBA,RG,4070,25,D,AZ,PD,D
14:05:51,PTBA,RG,4070,10,D,CS,PD,D
14:05:48,PTBA,RG,4070,15,D,CS,YJ,D
14:05:48,PTBA,RG,4070,20,D,AZ,YJ,D
14:05:38,PTBA,RG,4070,5,D,AZ,KK,D
14:05:35,PTBA,RG,4060,6,D,YP,BB,D
14:05:35,PTBA,RG,4070,50,D,AZ,BB,D
14:05:28,PTBA,RG,4070,23,D,CS,PD,D
14:05:28,PTBA,RG,4070,5,D,OD,PD,D
14:05:28,PTBA,RG,4070,92,D,AZ,PD,D
14:05:28,PTBA,RG,4070,8,D,AZ,PD,D
14:05:28,PTBA,RG,4070,2,D,PD,PD,D
14:05:28,PTBA,RG,4070,50,D,XA,PD,D
14:05:28,PTBA,RG,4070,40,D,CS,PD,D
14:05:18,PTBA,RG,4070,60,D,CS,PD,D
14:05:18,PTBA,RG,4070,90,D,YP,PD,D
14:05:17,PTBA,RG,4070,10,D,YP,NI,D
14:05:11,PTBA,RG,4070,1,D,CS,KK,D
14:05:11,PTBA,RG,4070,19,D,CC,KK,D
14:05:11,PTBA,RG,4070,1,D,CS,XL,D
14:05:09,PTBA,RG,4070,6,D,CS,XC,D
14:05:09,PTBA,RG,4070,7,D,DR,XC,D
14:05:08,PTBA,RG,4080,10,D,YP,CP,D
14:05:05,PTBA,RG,4070,53,D,DR,CP,D
14:05:05,PTBA,RG,4070,1,D,CS,CP,D
14:05:05,PTBA,RG,4070,1,D,CS,XL,D
14:05:03,PTBA,RG,4070,1,D,CS,NI,D
14:05:03,PTBA,RG,4070,3,D,XC,NI,D
14:04:54,PTBA,RG,4070,32,F,KZ,GR,D
14:04:53,PTBA,RG,4070,100,F,KZ,GR,D
14:04:52,PTBA,RG,4070,4,D,CS,CC,D
14:04:51,PTBA,RG,4070,53,D,CS,YP,D
14:04:51,PTBA,RG,4070,35,D,CS,YP,D
14:04:51,PTBA,RG,4070,12,D,CS,YP,D
14:04:51,PTBA,RG,4070,25,D,CS,YP,D
14:04:51,PTBA,RG,4070,25,D,CS,YP,D
14:04:51,PTBA,RG,4070,25,D,CS,YP,D
14:04:51,PTBA,RG,4070,24,D,SQ,YP,D
14:04:51,PTBA,RG,4070,1,D,XC,YP,D
14:04:41,PTBA,RG,4070,29,F,KZ,BB,D
14:04:41,PTBA,RG,4070,231,F,KZ,CC,D
14:04:40,PTBA,RG,4070,2,D,PD,CC,D
14:04:40,PTBA,RG,4070,5,D,PD,CC,D
14:04:40,PTBA,RG,4070,13,D,YP,CC,D
14:04:40,PTBA,RG,4070,40,D,SQ,CC,D
14:04:40,PTBA,RG,4070,2,D,XC,CC,D
14:04:40,PTBA,RG,4070,1,D,NI,CC,D
14:04:40,PTBA,RG,4070,4,D,OD,CC,D
14:04:40,PTBA,RG,4070,1,D,YP,CC,D
14:04:40,PTBA,RG,4070,74,D,SQ,CC,D
14:04:40,PTBA,RG,4070,5,D,SQ,DH,D
14:04:38,PTBA,RG,4070,1,D,SQ,YP,D
14:04:12,PTBA,RG,4060,1,D,YP,XL,D
14:04:12,PTBA,RG,4070,47,F,KZ,PD,D
14:04:12,PTBA,RG,4070,100,F,KZ,NI,D
14:04:12,PTBA,RG,4070,10,F,KZ,YP,D
14:04:12,PTBA,RG,4070,85,F,KZ,YU,D
14:04:12,PTBA,RG,4070,154,F,KZ,AK,F
14:04:12,PTBA,RG,4070,508,F,KZ,AK,F
14:04:12,PTBA,RG,4070,10,F,KZ,PD,D
14:04:12,PTBA,RG,4070,3,F,KZ,CC,D
14:04:12,PTBA,RG,4070,11,F,KZ,AK,F
14:04:12,PTBA,RG,4070,6,F,KZ,AK,F
14:04:12,PTBA,RG,4070,319,F,KZ,LG,D
14:04:06,PTBA,RG,4070,1,D,SQ,LG,D
14:03:59,PTBA,RG,4070,23,F,KZ,LG,D
14:03:49,PTBA,RG,4070,1,D,YP,LG,D
14:03:46,PTBA,RG,4070,30,D,CS,LG,D
14:03:45,PTBA,RG,4070,42,D,CS,LG,D
14:03:45,PTBA,RG,4070,40,D,CS,LG,D
14:03:45,PTBA,RG,4070,2,D,CS,LG,D
14:03:45,PTBA,RG,4070,15,D,DH,LG,D
14:03:45,PTBA,RG,4070,1,D,XL,LG,D
14:03:45,PTBA,RG,4070,17,F,KZ,LG,D
14:03:45,PTBA,RG,4070,1,D,CS,LG,D
14:03:45,PTBA,RG,4070,1,D,CS,LG,D
14:03:45,PTBA,RG,4070,1,D,CS,LG,D
14:03:45,PTBA,RG,4070,5,D,OD,LG,D
14:03:45,PTBA,RG,4070,1,D,PD,LG,D
14:03:14,PTBA,RG,4070,19,D,CS,YP,D
14:03:14,PTBA,RG,4070,69,D,CS,YP,D
14:03:14,PTBA,RG,4070,84,F,KZ,YP,D
14:03:14,PTBA,RG,4070,1,D,AG,YP,D
14:03:14,PTBA,RG,4070,2,D,NI,YP,D
14:03:14,PTBA,RG,4070,12,F,KZ,YP,D
14:03:14,PTBA,RG,4070,34,F,BK,YP,D
14:03:14,PTBA,RG,4070,6,D,CS,YP,D
14:03:14,PTBA,RG,4070,6,D,CS,YP,D
14:03:14,PTBA,RG,4070,267,F,AK,YP,D
14:03:06,PTBA,RG,4080,1,D,AG,CP,D
14:03:02,PTBA,RG,4070,3,F,AK,YP,D
14:03:02,PTBA,RG,4070,6,D,CS,YP,D
14:03:02,PTBA,RG,4070,1,D,OD,YP,D
14:02:56,PTBA,RG,4070,5,D,OD,YP,D
14:02:53,PTBA,RG,4070,11,F,KZ,AK,D
14:02:53,PTBA,RG,4070,48,F,KZ,YP,D
14:02:53,PTBA,RG,4070,15,F,KZ,OD,D
14:02:53,PTBA,RG,4070,20,F,KZ,DR,D
14:02:53,PTBA,RG,4070,100,F,KZ,KK,D
14:02:53,PTBA,RG,4070,166,F,KZ,AK,F
14:02:53,PTBA,RG,4070,1,F,KZ,CC,D
14:02:53,PTBA,RG,4070,700,F,KZ,DH,D
14:02:53,PTBA,RG,4070,217,F,KZ,DX,D
14:02:53,PTBA,RG,4070,89,F,KZ,CP,D
14:02:53,PTBA,RG,4070,3,F,KZ,AK,F
14:02:53,PTBA,RG,4070,5,F,KZ,AK,F
14:02:53,PTBA,RG,4070,20,F,KZ,DH,D
14:02:53,PTBA,RG,4070,5,F,KZ,BB,D
14:02:53,PTBA,RG,4070,500,F,KZ,DR,D
14:02:53,PTBA,RG,4070,200,F,KZ,PD,D
14:02:53,PTBA,RG,4070,5,F,KZ,PD,D
14:02:53,PTBA,RG,4070,212,F,KZ,AK,F
14:02:53,PTBA,RG,4070,3,F,KZ,AK,F
14:02:53,PTBA,RG,4070,5,F,KZ,AK,F
14:02:53,PTBA,RG,4070,35,F,KZ,YP,D
14:02:53,PTBA,RG,4070,135,F,KZ,AK,F
14:02:53,PTBA,RG,4070,101,F,KZ,AK,F
14:02:27,PTBA,RG,4070,10,D,CC,AK,F
14:02:26,PTBA,RG,4070,1,D,XC,AK,F
14:02:09,PTBA,RG,4070,24,D,SQ,AK,F
14:02:08,PTBA,RG,4070,17,D,XC,AK,F
14:02:06,PTBA,RG,4070,5,D,YP,AK,F
14:02:04,PTBA,RG,4070,40,D,SQ,AK,F
14:02:01,PTBA,RG,4070,2,D,EP,AK,F
14:02:00,PTBA,RG,4070,80,D,SQ,AK,F
14:02:00,PTBA,RG,4070,1,D,XC,AK,F
14:02:00,PTBA,RG,4070,30,D,AZ,AK,F
14:01:59,PTBA,RG,4070,35,F,KZ,AK,F
14:01:55,PTBA,RG,4070,25,D,AZ,AK,F
14:01:55,PTBA,RG,4060,1,D,XL,PD,D
14:01:54,PTBA,RG,4070,10,D,NI,AK,F
14:01:52,PTBA,RG,4070,50,D,AZ,AK,F
14:01:48,PTBA,RG,4070,29,D,AZ,AK,F
14:01:48,PTBA,RG,4070,11,D,AZ,AK,D
14:01:48,PTBA,RG,4070,10,D,AZ,AK,D
14:01:48,PTBA,RG,4070,1,D,SQ,XC,D
14:01:41,PTBA,RG,4070,12,D,CS,YP,D
14:01:41,PTBA,RG,4070,9,D,CS,YP,D
14:01:40,PTBA,RG,4070,10,D,CS,YP,D
14:01:40,PTBA,RG,4070,10,D,CS,YP,D
14:01:40,PTBA,RG,4070,1,D,PD,YP,D
14:01:40,PTBA,RG,4070,9,D,GR,YP,D
14:01:39,PTBA,RG,4070,1,D,GR,YP,D
14:01:39,PTBA,RG,4070,10,D,YP,YP,D
14:01:39,PTBA,RG,4070,4,D,OD,YP,D
14:01:39,PTBA,RG,4070,143,F,KZ,YP,D
14:01:39,PTBA,RG,4070,2,D,NI,YP,D
14:01:39,PTBA,RG,4070,4,D,GR,YP,D
14:01:39,PTBA,RG,4070,30,D,AZ,YP,D
14:01:39,PTBA,RG,4070,2,D,XL,YP,D
14:01:39,PTBA,RG,4070,20,D,AZ,YP,D
14:01:39,PTBA,RG,4070,50,D,AZ,YP,D
14:01:39,PTBA,RG,4070,100,F,CC,YP,D
14:01:39,PTBA,RG,4070,134,D,CS,YP,D
14:01:27,PTBA,RG,4070,2,D,CS,YP,D
14:01:27,PTBA,RG,4070,8,D,AZ,YP,D
14:01:22,PTBA,RG,4070,42,D,AZ,LG,D
14:01:22,PTBA,RG,4070,400,D,OD,LG,D
14:01:22,PTBA,RG,4070,2,D,LG,LG,D
14:01:22,PTBA,RG,4070,9,D,XL,LG,D
14:01:22,PTBA,RG,4070,2,F,KZ,LG,D
14:01:22,PTBA,RG,4070,2,D,CC,LG,D
14:01:22,PTBA,RG,4070,10,D,PD,LG,D
14:01:22,PTBA,RG,4070,28,F,KZ,LG,D
14:01:22,PTBA,RG,4070,2,D,YP,LG,D
14:01:22,PTBA,RG,4070,3,D,CS,LG,D
14:01:15,PTBA,RG,4080,1,D,CC,CP,D
14:01:14,PTBA,RG,4080,1,D,XC,CP,D
14:01:12,PTBA,RG,4070,2,D,CS,PD,D
14:01:12,PTBA,RG,4070,5,D,CS,PD,D
14:01:11,PTBA,RG,4080,1,D,LG,CP,D
14:01:08,PTBA,RG,4070,5,D,PD,KK,D
14:01:06,PTBA,RG,4080,3,D,PD,CP,D
14:00:48,PTBA,RG,4080,10,D,CC,CP,D
14:00:39,PTBA,RG,4080,653,D,GR,CP,D
14:00:39,PTBA,RG,4080,10,D,GR,NI,D
14:00:39,PTBA,RG,4080,10,D,GR,AT,D
14:00:39,PTBA,RG,4080,10,D,GR,PD,D
14:00:39,PTBA,RG,4080,1,D,GR,DR,D
14:00:39,PTBA,RG,4080,25,D,GR,OD,D
14:00:39,PTBA,RG,4080,3,D,GR,OD,D
14:00:39,PTBA,RG,4080,5,D,GR,PD,D
14:00:39,PTBA,RG,4080,2,D,GR,PD,D
14:00:39,PTBA,RG,4080,82,D,GR,PD,D
14:00:39,PTBA,RG,4080,200,D,GR,KK,D
14:00:39,PTBA,RG,4080,160,D,GR,GW,F
14:00:39,PTBA,RG,4080,15,D,GR,SQ,D
14:00:39,PTBA,RG,4080,10,D,GR,YP,D
14:00:39,PTBA,RG,4080,1,D,GR,XL,D
14:00:39,PTBA,RG,4080,2,D,GR,XC,D
14:00:39,PTBA,RG,4080,1,D,GR,CC,D
14:00:39,PTBA,RG,4080,8,D,GR,DR,D
14:00:39,PTBA,RG,4080,5,D,GR,CC,D
14:00:39,PTBA,RG,4080,1,D,GR,DR,D
14:00:39,PTBA,RG,4080,2,D,GR,DR,D
14:00:39,PTBA,RG,4080,12,D,GR,PD,D
14:00:39,PTBA,RG,4080,7,D,GR,AT,D
14:00:34,PTBA,RG,4080,1,D,PD,AT,D
14:00:24,PTBA,RG,4080,3,D,XC,AT,D
14:00:23,PTBA,RG,4070,80,D,CS,GW,F
14:00:23,PTBA,RG,4070,5,D,OD,GW,F
14:00:23,PTBA,RG,4070,25,D,CS,GW,F
14:00:23,PTBA,RG,4070,25,D,CS,GW,F
14:00:23,PTBA,RG,4070,1,D,NI,GW,F
14:00:23,PTBA,RG,4070,1,D,CC,GW,F
14:00:23,PTBA,RG,4070,5,D,CC,GW,F
14:00:23,PTBA,RG,4070,18,F,KZ,GW,F
14:00:17,PTBA,RG,4070,104,F,KZ,YP,D
14:00:17,PTBA,RG,4070,196,D,SQ,YP,D
14:00:02,PTBA,RG,4080,1,D,XC,AT,D
13:59:57,PTBA,RG,4080,2,D,PD,AT,D
13:59:57,PTBA,RG,4070,340,D,SQ,YP,D
13:59:53,PTBA,RG,4070,78,D,SQ,LG,D
13:59:53,PTBA,RG,4070,1,D,XL,LG,D
13:59:53,PTBA,RG,4070,100,D,NI,LG,D
13:59:53,PTBA,RG,4070,50,D,DR,LG,D
13:59:53,PTBA,RG,4070,6,D,DR,LG,D
13:59:53,PTBA,RG,4070,88,D,CS,LG,D
13:59:53,PTBA,RG,4070,54,D,CS,LG,D
13:59:53,PTBA,RG,4070,4,D,YP,LG,D
13:59:53,PTBA,RG,4070,5,D,OD,LG,D
13:59:53,PTBA,RG,4070,2,D,XC,LG,D
13:59:53,PTBA,RG,4070,10,D,YP,LG,D
13:59:53,PTBA,RG,4070,102,D,YP,LG,D
13:59:52,PTBA,RG,4070,1,D,YP,NI,D
13:59:50,PTBA,RG,4080,1,D,CC,AT,D
13:59:50,PTBA,RG,4080,9,D,CC,NI,D
13:59:39,PTBA,RG,4070,10,D,YP,YP,D
13:59:34,PTBA,RG,4070,5,D,YP,PD,D
13:59:30,PTBA,RG,4070,382,D,YP,YP,D
13:59:30,PTBA,RG,4070,50,D,LG,YP,D
13:59:30,PTBA,RG,4070,41,D,XL,YP,D
13:59:30,PTBA,RG,4070,27,D,CS,YP,D
13:59:22,PTBA,RG,4070,1,D,CS,NI,D
13:59:10,PTBA,RG,4070,46,D,CS,XL,D
13:59:10,PTBA,RG,4070,4,D,XC,XL,D
13:59:09,PTBA,RG,4070,5,D,XC,YP,D
13:59:02,PTBA,RG,4070,4,D,XC,YB,D
13:59:02,PTBA,RG,4070,2,D,YP,YB,D
13:59:02,PTBA,RG,4070,20,D,PD,YB,D
13:59:02,PTBA,RG,4070,1,D,XL,YB,D
13:59:02,PTBA,RG,4070,15,D,CS,YB,D
13:59:02,PTBA,RG,4070,6,D,YP,YB,D
13:59:02,PTBA,RG,4070,2,D,OD,YB,D
13:59:00,PTBA,RG,4070,4,D,OD,NI,D
13:59:00,PTBA,RG,4070,9,D,CC,NI,D
13:58:58,PTBA,RG,4070,2,D,CC,XL,D
13:58:52,PTBA,RG,4070,1,D,CC,NI,D
13:58:46,PTBA,RG,4080,2,D,XC,NI,D
13:58:37,PTBA,RG,4070,1,D,CC,OD,D
13:58:34,PTBA,RG,4070,1,D,CC,OD,D
13:58:32,PTBA,RG,4070,1,D,CC,PD,D
13:58:29,PTBA,RG,4070,100,F,AK,YP,D
13:58:29,PTBA,RG,4070,52,F,KZ,YP,D
13:58:29,PTBA,RG,4070,200,F,KZ,YP,D
13:58:29,PTBA,RG,4070,1000,F,KZ,YJ,D
13:58:22,PTBA,RG,4070,253,F,KZ,DX,D
13:58:22,PTBA,RG,4070,21,F,KZ,XC,D
13:58:22,PTBA,RG,4070,12,F,KZ,XC,D
13:58:22,PTBA,RG,4070,12,F,KZ,AK,D
13:58:22,PTBA,RG,4070,3,F,KZ,YP,D
13:58:22,PTBA,RG,4070,184,F,KZ,GW,F
13:58:18,PTBA,RG,4070,5,D,YP,GW,F
13:58:12,PTBA,RG,4070,24,F,ZP,GW,F
13:58:11,PTBA,RG,4070,19,D,XC,GW,F
13:58:02,PTBA,RG,4070,4,D,CS,GW,F
13:58:02,PTBA,RG,4070,4,D,AZ,GW,F
13:57:50,PTBA,RG,4070,6,D,AZ,LG,D
13:57:50,PTBA,RG,4070,1,D,CS,LG,D
13:57:50,PTBA,RG,4070,1,D,CS,LG,D
13:57:50,PTBA,RG,4070,1,D,CS,LG,D
13:57:50,PTBA,RG,4070,1,F,KZ,LG,D
13:57:46,PTBA,RG,4070,100,F,KZ,OD,D
13:57:46,PTBA,RG,4070,97,F,KZ,AK,F
13:57:46,PTBA,RG,4070,10,F,KZ,IF,D
13:57:46,PTBA,RG,4070,121,F,KZ,AK,F
13:57:46,PTBA,RG,4070,329,F,KZ,AK,F
13:57:44,PTBA,RG,4070,1,D,PD,AK,F
13:57:42,PTBA,RG,4070,10,D,AZ,AK,F
13:57:37,PTBA,RG,4070,30,D,AZ,AK,F
13:57:32,PTBA,RG,4070,15,D,AZ,AK,F
13:57:29,PTBA,RG,4070,16,D,CC,AK,F
13:57:29,PTBA,RG,4070,34,D,CC,YU,D
13:57:28,PTBA,RG,4070,20,D,AZ,YU,D
13:57:28,PTBA,RG,4070,48,D,CS,YU,D
13:57:28,PTBA,RG,4070,4,D,OD,YU,D
13:57:28,PTBA,RG,4070,11,D,CS,YU,D
13:57:28,PTBA,RG,4070,11,D,CS,YU,D
13:57:28,PTBA,RG,4070,11,D,CS,YU,D
13:57:28,PTBA,RG,4070,11,D,AZ,YU,D
13:57:23,PTBA,RG,4070,2,D,AZ,AK,F
13:57:23,PTBA,RG,4070,37,D,AZ,DX,D
13:57:18,PTBA,RG,4070,120,D,EP,DX,D
13:57:18,PTBA,RG,4070,1,D,NI,DX,D
13:57:17,PTBA,RG,4070,25,D,DR,DX,D
13:57:15,PTBA,RG,4070,1,D,YP,DX,D
13:57:14,PTBA,RG,4060,29,D,XL,NI,D
13:57:14,PTBA,RG,4060,10,D,YP,NI,D
13:57:08,PTBA,RG,4070,10,D,YP,DX,D
13:57:06,PTBA,RG,4070,50,F,AK,DX,D
13:57:04,PTBA,RG,4070,3,D,XL,DX,D
13:57:02,PTBA,RG,4070,4,F,KZ,NI,D
13:57:02,PTBA,RG,4070,10,F,KZ,AK,D
13:57:02,PTBA,RG,4070,20,F,KZ,KK,D
13:57:02,PTBA,RG,4070,5,F,KZ,PD,D
13:57:02,PTBA,RG,4070,1,F,KZ,PD,D
13:57:02,PTBA,RG,4070,96,F,KZ,AK,F
13:57:02,PTBA,RG,4070,2,F,KZ,AK,F
13:57:02,PTBA,RG,4070,114,F,KZ,AK,F
13:57:02,PTBA,RG,4070,380,F,KZ,AK,F
13:57:02,PTBA,RG,4070,10,F,KZ,AK,D
13:56:56,PTBA,RG,4060,2,D,XL,XC,D
13:56:52,PTBA,RG,4070,1,D,YP,AK,D
13:56:52,PTBA,RG,4070,11,D,YP,AK,D
13:56:44,PTBA,RG,4070,2,D,NI,BK,F
13:56:44,PTBA,RG,4070,1,D,IP,BK,F
13:56:43,PTBA,RG,4070,28,F,AK,BK,F
13:56:43,PTBA,RG,4070,187,F,AK,BK,F
13:56:42,PTBA,RG,4070,4,D,XC,BK,F
13:56:42,PTBA,RG,4070,166,F,AK,BK,F
13:56:42,PTBA,RG,4070,5,F,AK,YP,D
13:56:42,PTBA,RG,4070,80,F,AK,CP,D
13:56:42,PTBA,RG,4070,42,F,AK,SQ,D
13:56:39,PTBA,RG,4070,4,D,DH,SQ,D
13:56:35,PTBA,RG,4070,2,D,CS,SQ,D
13:56:35,PTBA,RG,4070,2,D,II,SQ,D
13:56:32,PTBA,RG,4070,7,D,II,YP,D
13:56:32,PTBA,RG,4070,4,D,II,AK,F
13:56:31,PTBA,RG,4070,4,D,II,AK,F
13:56:31,PTBA,RG,4070,8,D,II,CC,D
13:56:30,PTBA,RG,4070,7,D,CS,CC,D
13:56:30,PTBA,RG,4070,7,D,CS,CC,D
13:56:30,PTBA,RG,4070,7,D,CS,CC,D
13:56:30,PTBA,RG,4070,1,D,YP,CC,D
13:56:30,PTBA,RG,4070,5,D,OD,CC,D
13:56:30,PTBA,RG,4070,1,D,CS,CC,D
13:56:21,PTBA,RG,4070,1,D,CS,YP,D
13:56:21,PTBA,RG,4070,2,D,CS,YP,D
13:56:21,PTBA,RG,4070,2,D,CS,YP,D
13:56:06,PTBA,RG,4060,2,D,XL,KK,D
13:56:06,PTBA,RG,4060,10,D,CC,KK,D
13:56:06,PTBA,RG,4060,1,D,NI,KK,D
13:56:06,PTBA,RG,4060,10,D,CC,KK,D
13:56:06,PTBA,RG,4060,2,D,YP,KK,D
13:56:06,PTBA,RG,4060,5,D,NI,KK,D
13:56:06,PTBA,RG,4060,1,D,YP,KK,D
13:56:06,PTBA,RG,4060,10,D,XC,KK,D
13:56:06,PTBA,RG,4060,4,D,XL,KK,D
13:56:06,PTBA,RG,4060,1,D,YP,KK,D
13:56:06,PTBA,RG,4060,54,D,NI,KK,D
13:56:06,PTBA,RG,4060,2,D,KK,KK,D
13:56:06,PTBA,RG,4060,1,D,YP,KK,D
13:56:06,PTBA,RG,4060,50,D,KK,KK,D
13:56:06,PTBA,RG,4060,3,D,XC,KK,D
13:56:06,PTBA,RG,4060,639,F,KZ,KK,D
13:56:06,PTBA,RG,4060,10,D,CC,KK,D
13:56:06,PTBA,RG,4060,4,D,PD,KK,D
13:56:06,PTBA,RG,4060,12,D,SQ,KK,D
13:56:06,PTBA,RG,4060,920,D,BQ,KK,D
13:56:06,PTBA,RG,4070,60,D,CS,KK,D
13:56:06,PTBA,RG,4070,95,D,PD,KK,D
13:56:06,PTBA,RG,4070,10,D,YP,KK,D
13:56:06,PTBA,RG,4070,100,D,CC,KK,D
13:56:06,PTBA,RG,4070,1,D,YP,KK,D
13:56:06,PTBA,RG,4070,3,D,XL,KK,D
13:56:06,PTBA,RG,4070,52,F,KZ,KK,D
13:56:06,PTBA,RG,4070,5,D,PD,KK,D
13:56:06,PTBA,RG,4070,190,D,CS,KK,D
13:56:06,PTBA,RG,4070,20,D,CS,KK,D
13:56:06,PTBA,RG,4070,5,D,XC,KK,D
13:56:06,PTBA,RG,4070,5,D,XL,KK,D
13:56:06,PTBA,RG,4070,1,D,PD,KK,D
13:56:06,PTBA,RG,4070,10,D,CC,KK,D
13:56:06,PTBA,RG,4070,4,D,OD,KK,D
13:56:06,PTBA,RG,4070,1,D,AT,KK,D
13:56:06,PTBA,RG,4070,13,D,KK,KK,D
13:56:06,PTBA,RG,4070,10,D,PD,KK,D
13:56:06,PTBA,RG,4070,5,D,DH,KK,D
13:56:06,PTBA,RG,4070,12,F,BK,KK,D
13:56:06,PTBA,RG,4070,1,D,PD,KK,D
13:56:06,PTBA,RG,4070,16,D,YP,KK,D
13:56:06,PTBA,RG,4070,1,D,KK,KK,D
13:56:06,PTBA,RG,4070,5,D,PD,KK,D
13:56:06,PTBA,RG,4070,2,F,KZ,KK,D
13:56:06,PTBA,RG,4070,25,F,KZ,YP,D
13:56:06,PTBA,RG,4070,5,F,KZ,XC,D
13:56:06,PTBA,RG,4070,26,F,KZ,EP,D
13:56:06,PTBA,RG,4070,1,D,XC,EP,D
13:56:06,PTBA,RG,4070,1,D,XC,EP,D
13:56:06,PTBA,RG,4070,4,D,PD,EP,D
13:56:06,PTBA,RG,4070,18,D,CS,EP,D
13:56:02,PTBA,RG,4070,1,D,CS,IP,D
13:56:02,PTBA,RG,4070,251,D,CS,IP,D
13:56:02,PTBA,RG,4070,48,D,YP,IP,D
13:55:58,PTBA,RG,4080,1,D,PD,NI,D
13:55:56,PTBA,RG,4070,10,D,YP,LG,D
13:55:49,PTBA,RG,4070,14,D,YP,XL,D
13:55:42,PTBA,RG,4070,10,D,YP,NI,D
13:55:36,PTBA,RG,4070,40,D,YP,XL,D
13:55:36,PTBA,RG,4070,7,F,BK,XL,D
13:55:30,PTBA,RG,4070,1,F,BK,OD,D
13:55:29,PTBA,RG,4070,9,F,BK,DX,D
13:55:29,PTBA,RG,4070,62,F,KZ,DX,D
13:55:29,PTBA,RG,4070,1,D,KK,DX,D
13:55:29,PTBA,RG,4070,4,D,YP,DX,D
13:55:29,PTBA,RG,4070,1,D,CC,DX,D
13:55:29,PTBA,RG,4070,1,D,YP,DX,D
13:55:29,PTBA,RG,4070,7,D,CS,DX,D
13:55:29,PTBA,RG,4070,101,D,CS,DX,D
13:55:25,PTBA,RG,4070,100,D,CS,CC,D
13:55:19,PTBA,RG,4070,1,D,CS,XC,D
13:55:19,PTBA,RG,4070,4,D,XC,XC,D
13:55:18,PTBA,RG,4070,28,D,XC,RO,D
13:55:18,PTBA,RG,4070,19,F,KZ,RO,D
13:55:18,PTBA,RG,4070,3,D,NI,RO,D
13:55:16,PTBA,RG,4070,17,D,NI,DX,D
13:55:16,PTBA,RG,4070,20,D,KK,DX,D
13:55:16,PTBA,RG,4070,4,D,NI,DX,D
13:55:16,PTBA,RG,4070,9,D,PD,DX,D
13:55:16,PTBA,RG,4080,5,D,OD,NI,D
13:55:07,PTBA,RG,4070,15,D,PD,OD,D
13:55:01,PTBA,RG,4070,2,D,PD,DH,D
13:54:56,PTBA,RG,4070,5,D,PD,YP,D
13:54:49,PTBA,RG,4070,2,D,PD,DR,D
13:54:43,PTBA,RG,4070,15,D,PD,OD,D
13:54:40,PTBA,RG,4070,2,D,PD,CP,D
13:54:40,PTBA,RG,4070,80,F,KZ,CP,D
13:54:36,PTBA,RG,4070,1,F,KZ,XL,D
13:54:33,PTBA,RG,4070,5,F,KZ,PD,D
13:54:21,PTBA,RG,4070,31,F,KZ,XC,D
13:54:21,PTBA,RG,4070,4,D,CS,XC,D
13:54:08,PTBA,RG,4070,6,D,CS,NI,D
13:54:08,PTBA,RG,4070,1,D,CS,NI,D
13:54:02,PTBA,RG,4070,7,D,CS,CC,D
13:53:51,PTBA,RG,4070,1,D,CS,DR,D
13:53:48,PTBA,RG,4070,1,D,CS,XC,D
13:53:44,PTBA,RG,4070,4,D,PD,KK,D
13:53:30,PTBA,RG,4060,80,D,BQ,IF,D
13:53:30,PTBA,RG,4060,250,D,MG,IF,D
13:53:30,PTBA,RG,4060,20,D,SQ,IF,D
13:53:30,PTBA,RG,4060,25,D,CC,IF,D
13:53:30,PTBA,RG,4060,37,D,XL,IF,D
13:53:30,PTBA,RG,4070,88,D,CC,IF,D
13:53:26,PTBA,RG,4070,2,D,CC,XC,D
13:53:25,PTBA,RG,4070,10,D,CC,XC,D
13:53:23,PTBA,RG,4070,1,F,AK,CC,D
13:53:23,PTBA,RG,4070,8,F,AK,OD,D
13:53:23,PTBA,RG,4070,11,D,CS,OD,D
13:53:23,PTBA,RG,4070,5,D,OD,OD,D
13:53:23,PTBA,RG,4070,3,D,CS,OD,D
13:53:23,PTBA,RG,4070,3,D,CC,OD,D
13:53:18,PTBA,RG,4070,17,D,CC,KK,D
13:53:18,PTBA,RG,4070,55,F,KZ,KK,D
13:53:18,PTBA,RG,4070,6,D,CS,KK,D
13:53:18,PTBA,RG,4070,6,D,CS,KK,D
13:53:18,PTBA,RG,4070,6,D,CS,KK,D
13:53:18,PTBA,RG,4070,160,D,PD,KK,D
13:53:16,PTBA,RG,4070,3,D,PD,CC,D
13:53:12,PTBA,RG,4070,1,D,PD,XC,D
13:53:11,PTBA,RG,4070,18,D,PD,DH,D
13:53:11,PTBA,RG,4070,6,D,OD,DH,D
13:53:09,PTBA,RG,4070,2,F,KZ,AK,F
13:53:09,PTBA,RG,4070,91,F,KZ,AK,F
13:53:09,PTBA,RG,4070,20,F,KZ,YP,D
13:53:09,PTBA,RG,4070,1,F,KZ,PD,D
13:53:09,PTBA,RG,4070,97,F,KZ,AK,F
13:53:09,PTBA,RG,4070,2,F,KZ,AK,F
13:53:09,PTBA,RG,4070,4,F,KZ,AK,F
13:53:09,PTBA,RG,4070,12,F,KZ,AK,D
13:53:09,PTBA,RG,4070,11,F,KZ,AK,D
13:53:09,PTBA,RG,4070,3385,F,KZ,BK,F
13:53:09,PTBA,RG,4070,10,F,KZ,DR,D
13:53:09,PTBA,RG,4070,11,F,KZ,PD,D
13:53:09,PTBA,RG,4070,10,F,KZ,NI,D
13:53:09,PTBA,RG,4070,5,F,KZ,CC,D
13:53:09,PTBA,RG,4070,247,F,KZ,YP,D
13:53:00,PTBA,RG,4060,189,D,XL,DX,D
13:52:59,PTBA,RG,4070,1,D,XC,YP,D
13:52:38,PTBA,RG,4070,2,D,NI,YP,D
13:52:16,PTBA,RG,4070,5,D,NI,CC,F
13:52:16,PTBA,RG,4070,29,F,KZ,CC,F
13:52:16,PTBA,RG,4070,5,D,OD,CC,F
13:52:16,PTBA,RG,4070,15,D,NI,CC,F
13:52:16,PTBA,RG,4070,38,D,DR,CC,F
13:52:16,PTBA,RG,4070,6,D,EP,CC,F
13:52:16,PTBA,RG,4070,15,D,XC,CC,F
13:52:16,PTBA,RG,4070,38,D,CS,CC,F
13:52:16,PTBA,RG,4070,6,D,CS,CC,F
13:52:16,PTBA,RG,4070,14,D,XC,CC,F
13:52:16,PTBA,RG,4070,25,D,NI,CC,F
13:52:16,PTBA,RG,4070,1,D,PD,CC,F
13:52:16,PTBA,RG,4070,45,F,KZ,CC,F
13:52:16,PTBA,RG,4070,27,D,CS,CC,F
13:52:16,PTBA,RG,4070,22,D,CC,CC,F
13:52:12,PTBA,RG,4070,1,D,CC,RG,D
13:52:05,PTBA,RG,4080,5,D,OD,NI,D
13:52:02,PTBA,RG,4070,11,D,CC,CC,F
13:51:58,PTBA,RG,4070,11,D,CC,YP,D
13:51:58,PTBA,RG,4070,3,D,CC,PD,D
13:51:56,PTBA,RG,4070,3,D,CC,XL,D
13:51:51,PTBA,RG,4070,15,D,CC,PD,D
13:51:50,PTBA,RG,4070,16,D,CC,XC,D
13:51:48,PTBA,RG,4070,5,D,CC,YP,D
13:51:38,PTBA,RG,4070,9,D,CC,OD,D
13:51:37,PTBA,RG,4070,24,D,CC,XC,D
13:51:37,PTBA,RG,4070,1,D,XC,XC,D
13:51:37,PTBA,RG,4070,5,D,OD,XC,D
13:51:37,PTBA,RG,4070,20,D,ZP,XC,D
13:51:35,PTBA,RG,4070,5,D,ZP,TP,D
13:51:35,PTBA,RG,4070,10,D,NI,TP,D
13:51:35,PTBA,RG,4070,35,D,PD,TP,D
13:51:31,PTBA,RG,4070,3,D,PD,PD,D
13:51:31,PTBA,RG,4070,2,D,XC,PD,D
13:51:25,PTBA,RG,4070,1,D,XC,PD,D
13:51:25,PTBA,RG,4070,10,D,YP,PD,D
13:51:25,PTBA,RG,4070,1,D,PD,PD,D
13:51:25,PTBA,RG,4070,57,F,KZ,PD,D
13:51:25,PTBA,RG,4070,1,D,NI,PD,D
13:51:25,PTBA,RG,4070,10,D,YP,PD,D
13:51:25,PTBA,RG,4070,16,D,YP,PD,D
13:51:25,PTBA,RG,4070,6,D,NI,PD,D
13:51:25,PTBA,RG,4070,10,D,CP,PD,D
13:51:25,PTBA,RG,4070,10,D,AZ,PD,D
13:51:25,PTBA,RG,4070,50,D,AZ,PD,D
13:51:25,PTBA,RG,4070,36,D,CC,PD,D
13:51:25,PTBA,RG,4070,30,D,AZ,PD,D
13:51:25,PTBA,RG,4070,50,D,AZ,PD,D
13:51:25,PTBA,RG,4070,50,D,AZ,PD,D
13:51:25,PTBA,RG,4070,24,D,YP,PD,D
13:51:25,PTBA,RG,4070,25,D,CC,PD,D
13:51:25,PTBA,RG,4070,42,F,KZ,PD,D
13:51:25,PTBA,RG,4070,15,D,YP,PD,D
13:51:25,PTBA,RG,4070,34,D,CS,PD,D
13:51:25,PTBA,RG,4070,167,D,CS,PD,D
13:51:25,PTBA,RG,4070,15,D,YP,PD,D
13:51:25,PTBA,RG,4070,1,D,YP,PD,D
13:51:25,PTBA,RG,4070,65,F,KZ,PD,D
13:51:25,PTBA,RG,4070,1,D,XC,PD,D
13:51:25,PTBA,RG,4070,1,D,YP,PD,D
13:51:25,PTBA,RG,4070,272,F,KZ,PD,D
13:51:25,PTBA,RG,4070,1,F,KZ,XL,D
13:51:21,PTBA,RG,4070,10,F,KZ,GR,D
13:51:18,PTBA,RG,4080,8,D,KK,NI,D
13:51:18,PTBA,RG,4080,1,D,KK,PD,D
13:51:18,PTBA,RG,4080,1,D,KK,PD,D
13:51:18,PTBA,RG,4080,4,D,OD,PD,D
13:51:15,PTBA,RG,4080,1,D,PD,PD,D
13:51:12,PTBA,RG,4070,500,F,KZ,ZP,D
13:51:08,PTBA,RG,4080,1,D,XC,PD,D
13:51:07,PTBA,RG,4070,30,F,KZ,XC,D
13:51:06,PTBA,RG,4070,145,F,KZ,OD,D
13:51:04,PTBA,RG,4070,14,F,KZ,XC,D
13:50:56,PTBA,RG,4070,245,F,KZ,KK,D
13:50:56,PTBA,RG,4070,1,D,XL,KK,D
13:50:56,PTBA,RG,4070,97,F,KZ,KK,D
13:50:56,PTBA,RG,4070,54,D,CS,KK,D
13:50:56,PTBA,RG,4070,21,D,CS,KK,D
13:50:47,PTBA,RG,4080,3,D,YP,PD,D
13:50:39,PTBA,RG,4080,4,D,XC,PD,D
13:50:38,PTBA,RG,4070,15,D,CS,YP,D
13:50:38,PTBA,RG,4080,1,D,XC,PD,D
13:50:37,PTBA,RG,4070,1,D,CS,EP,D
13:50:37,PTBA,RG,4070,7,D,CS,XC,D
13:50:29,PTBA,RG,4070,1,D,CS,XL,D
13:50:21,PTBA,RG,4070,20,D,CS,YP,D
13:50:20,PTBA,RG,4080,1,D,OD,DR,D
13:50:20,PTBA,RG,4080,2,D,OD,GR,D
13:50:20,PTBA,RG,4080,1,D,OD,HP,D
13:50:20,PTBA,RG,4080,1,D,OD,CP,D
13:50:16,PTBA,RG,4070,14,D,CS,ZP,D
13:50:16,PTBA,RG,4070,248,D,CS,ZP,D
13:50:16,PTBA,RG,4070,238,D,YP,ZP,D
13:50:06,PTBA,RG,4070,1,D,YP,PD,D
13:49:57,PTBA,RG,4070,10,D,YP,NI,D
13:49:50,PTBA,RG,4080,1,D,CS,CP,D
13:49:49,PTBA,RG,4070,1,D,YP,LG,D
13:49:49,PTBA,RG,4070,1,D,CS,LG,D
13:49:48,PTBA,RG,4070,28,D,CS,LG,D
13:49:48,PTBA,RG,4070,2,F,KZ,GR,D
13:49:48,PTBA,RG,4070,5,F,KZ,PD,D
13:49:48,PTBA,RG,4070,10,F,KZ,AK,D
13:49:48,PTBA,RG,4070,60,F,KZ,NI,D
13:49:48,PTBA,RG,4070,175,F,KZ,GR,D
13:49:48,PTBA,RG,4070,162,F,KZ,AK,F
13:49:48,PTBA,RG,4070,535,F,KZ,AK,F
13:49:48,PTBA,RG,4070,73,F,KZ,YP,D
13:49:48,PTBA,RG,4070,20,F,KZ,DH,D
13:49:48,PTBA,RG,4070,5,F,KZ,YP,D
13:49:48,PTBA,RG,4070,357,F,KZ,YP,D
13:49:48,PTBA,RG,4070,20,F,KZ,XC,D
13:49:48,PTBA,RG,4070,5,F,KZ,AK,F
13:49:48,PTBA,RG,4070,3,F,KZ,AK,F
13:49:48,PTBA,RG,4070,33,F,KZ,NI,D
13:49:48,PTBA,RG,4070,5,F,KZ,CC,D
13:49:48,PTBA,RG,4070,10,F,KZ,AK,D
13:49:48,PTBA,RG,4070,89,F,KZ,DH,D
13:49:48,PTBA,RG,4070,77,F,KZ,DX,D
13:49:44,PTBA,RG,4070,151,D,XC,DX,D
13:49:44,PTBA,RG,4070,60,D,XC,XC,D
13:49:40,PTBA,RG,4070,1,D,PD,XC,D
13:49:27,PTBA,RG,4070,4,D,YP,XC,D
13:49:27,PTBA,RG,4070,16,D,YP,PD,D
13:49:18,PTBA,RG,4070,5,D,OD,PD,D
13:49:16,PTBA,RG,4070,4,D,CC,PD,D
13:49:16,PTBA,RG,4070,11,D,CC,CC,D
13:49:04,PTBA,RG,4070,25,D,AT,CC,D
13:48:54,PTBA,RG,4070,3,D,PD,CC,D
13:48:48,PTBA,RG,4070,10,D,NI,CC,D
13:48:47,PTBA,RG,4070,1,D,XC,CC,D
13:48:45,PTBA,RG,4070,1,D,XC,XC,D
13:48:40,PTBA,RG,4070,1,D,YB,CC,D
13:48:40,PTBA,RG,4070,1,D,YB,YP,D
13:48:34,PTBA,RG,4060,2,D,XL,CC,D
13:48:25,PTBA,RG,4070,22,D,XL,BK,F
13:48:22,PTBA,RG,4070,5,D,OD,BK,F
13:48:19,PTBA,RG,4070,3,D,XL,BK,F
13:48:15,PTBA,RG,4070,20,D,YP,BK,F
13:48:11,PTBA,RG,4060,10,D,XL,XC,D
13:48:03,PTBA,RG,4060,1,D,XL,CC,D
13:48:02,PTBA,RG,4070,4645,F,KZ,BK,F
13:48:02,PTBA,RG,4070,219,F,KZ,SQ,D
13:47:53,PTBA,RG,4060,10,D,PD,YP,D
13:47:43,PTBA,RG,4060,3,D,PD,SQ,D
13:47:42,PTBA,RG,4070,5,D,PD,SQ,D
13:47:28,PTBA,RG,4060,12,D,PD,NI,D
13:47:28,PTBA,RG,4060,1,D,XC,NI,D
13:47:28,PTBA,RG,4060,5,D,PD,NI,D
13:47:28,PTBA,RG,4060,40,D,SQ,NI,D
13:47:28,PTBA,RG,4060,31,D,YP,NI,D
13:47:27,PTBA,RG,4070,276,D,YP,SQ,D
13:47:27,PTBA,RG,4070,102,D,YP,AK,F
13:47:27,PTBA,RG,4070,21,D,YP,YU,D
13:47:27,PTBA,RG,4070,1,D,YP,XL,D
13:47:27,PTBA,RG,4070,100,D,YP,EP,D
13:47:17,PTBA,RG,4060,19,D,YP,EP,D
13:47:17,PTBA,RG,4060,1,D,XC,EP,D
13:47:17,PTBA,RG,4060,3,D,YP,EP,D
13:47:17,PTBA,RG,4060,2,D,XC,EP,D
13:47:11,PTBA,RG,4070,3,D,CC,BK,F
13:47:11,PTBA,RG,4070,64,D,CS,BK,F
13:47:11,PTBA,RG,4070,2,D,XC,BK,F
13:47:11,PTBA,RG,4070,292,F,AK,BK,F
13:47:08,PTBA,RG,4070,1,F,AK,PD,D
13:47:03,PTBA,RG,4070,200,F,AK,CC,D
13:47:03,PTBA,RG,4070,6,F,AK,XC,D
13:46:55,PTBA,RG,4070,599,F,AK,BK,F
13:46:52,PTBA,RG,4070,13,F,AK,YP,D
13:46:46,PTBA,RG,4070,43,F,CC,BK,F
13:46:46,PTBA,RG,4070,5,D,OD,BK,F
13:46:46,PTBA,RG,4070,2,D,CS,BK,F
13:46:46,PTBA,RG,4070,2,D,CS,BK,F
13:46:46,PTBA,RG,4070,2,D,CS,BK,F
13:46:46,PTBA,RG,4070,2,F,KZ,BK,F
13:46:41,PTBA,RG,4070,11,F,KZ,AK,D
13:46:41,PTBA,RG,4070,100,F,KZ,AK,F
13:46:41,PTBA,RG,4070,335,F,KZ,AK,F
13:46:41,PTBA,RG,4070,40,F,KZ,YP,D
13:46:41,PTBA,RG,4070,3,F,KZ,AK,F
13:46:41,PTBA,RG,4070,2,F,KZ,CC,D
13:46:41,PTBA,RG,4070,2,F,KZ,AK,F
13:46:41,PTBA,RG,4070,128,F,KZ,CC,F
13:46:41,PTBA,RG,4070,15,F,KZ,GR,D
13:46:41,PTBA,RG,4070,8,F,KZ,CC,D
13:46:41,PTBA,RG,4070,93,F,KZ,AK,F
13:46:41,PTBA,RG,4070,259,F,KZ,DX,D
13:46:41,PTBA,RG,4070,25,F,KZ,OD,D
13:46:41,PTBA,RG,4070,10,F,KZ,KK,D
13:46:41,PTBA,RG,4070,2,F,KZ,YP,D
13:46:41,PTBA,RG,4070,3,F,KZ,PD,D
13:46:41,PTBA,RG,4070,50,F,KZ,YB,D
13:46:41,PTBA,RG,4070,10,F,KZ,PD,D
13:46:41,PTBA,RG,4070,300,F,KZ,CC,D
13:46:41,PTBA,RG,4070,2,F,KZ,CC,D
13:46:41,PTBA,RG,4070,1,F,KZ,XC,D
13:46:41,PTBA,RG,4070,1,F,KZ,DR,D
13:46:41,PTBA,RG,4070,5,F,KZ,PD,D
13:46:41,PTBA,RG,4070,1,F,KZ,AZ,D
13:46:41,PTBA,RG,4070,160,F,KZ,GW,F
13:46:41,PTBA,RG,4070,1,F,KZ,XC,D
13:46:41,PTBA,RG,4070,50,F,KZ,PD,D
13:46:41,PTBA,RG,4070,25,F,KZ,OD,D
13:46:41,PTBA,RG,4070,5,F,KZ,XC,D
13:46:41,PTBA,RG,4070,3496,F,KZ,ZP,D
13:46:40,PTBA,RG,4070,2,D,PD,ZP,D
13:46:38,PTBA,RG,4060,1,D,XC,YP,D
13:46:32,PTBA,RG,4060,5,D,CC,EP,D
13:46:31,PTBA,RG,4060,1,F,KZ,YP,D
13:46:28,PTBA,RG,4060,3,F,KZ,LG,D
13:46:28,PTBA,RG,4060,17,D,CC,LG,D
13:46:24,PTBA,RG,4060,3,D,CC,OD,D
13:46:24,PTBA,RG,4060,5,D,DH,OD,D
13:46:24,PTBA,RG,4060,1,D,XC,OD,D
13:46:24,PTBA,RG,4060,16,F,KZ,OD,D
13:46:22,PTBA,RG,4060,50,F,KZ,LS,D
13:46:14,PTBA,RG,4070,22,D,YP,ZP,D
13:46:14,PTBA,RG,4070,1,D,YP,CC,D
13:46:14,PTBA,RG,4070,4,D,YP,XC,D
13:46:14,PTBA,RG,4070,23,D,YP,OD,D
13:46:13,PTBA,RG,4060,12,F,KZ,SQ,D
13:46:11,PTBA,RG,4060,1,F,KZ,XC,D
13:46:05,PTBA,RG,4070,2,D,XC,OD,D
13:46:00,PTBA,RG,4060,35,F,KZ,CC,F
13:46:00,PTBA,RG,4060,30,D,YP,CC,F
13:46:00,PTBA,RG,4060,50,D,CC,CC,F
13:46:00,PTBA,RG,4060,1,D,CC,CC,F
13:46:00,PTBA,RG,4060,1,D,YP,CC,F
13:46:00,PTBA,RG,4060,20,D,AZ,CC,F
13:46:00,PTBA,RG,4060,5,D,OD,CC,F
13:46:00,PTBA,RG,4060,1,D,YP,CC,F
13:46:00,PTBA,RG,4060,1,D,NI,CC,F
13:46:00,PTBA,RG,4060,20,D,AZ,CC,F
13:46:00,PTBA,RG,4060,9,D,CS,CC,F
13:46:00,PTBA,RG,4060,138,D,CS,CC,F
13:46:00,PTBA,RG,4060,6,D,CS,CC,F
13:46:00,PTBA,RG,4060,93,D,CS,CC,F
13:46:00,PTBA,RG,4060,12,D,SQ,CC,F
13:46:00,PTBA,RG,4060,7,D,DH,CC,F
13:46:00,PTBA,RG,4060,10,D,PD,CC,F
13:46:00,PTBA,RG,4060,1,D,PD,CC,F
13:46:00,PTBA,RG,4060,20,D,SQ,CC,F
13:46:00,PTBA,RG,4060,20,D,AZ,CC,F
13:46:00,PTBA,RG,4060,40,D,SQ,CC,F
13:46:00,PTBA,RG,4060,20,D,AZ,CC,F
13:46:00,PTBA,RG,4060,29,D,AZ,CC,F
13:45:46,PTBA,RG,4060,13,D,AZ,XC,D
13:45:32,PTBA,RG,4060,1,D,AZ,PD,D
13:45:29,PTBA,RG,4060,7,D,AZ,YP,D
13:45:29,PTBA,RG,4060,7,D,CS,YP,D
