Time,Stock,Brd,Price,Qty,BT,BC,SC,ST
15:14:53,PTBA,RG,4530,10,D,OD,NI,D
15:14:45,PTBA,RG,4530,70,D,OD,LS,D
15:14:37,PTBA,RG,4530,3,D,OD,XC,D
15:14:15,PTBA,RG,4530,5,D,OD,PD,D
15:14:06,PTBA,RG,4530,15,D,OD,PD,D
15:14:04,PTBA,RG,4530,12,D,OD,XL,D
15:13:55,PTBA,RG,4530,50,D,OD,NI,D
15:13:47,PTBA,RG,4530,70,D,OD,YP,D
15:13:36,PTBA,RG,4530,20,D,OD,DH,D
15:13:34,PTBA,RG,4530,11,D,OD,DH,D
15:13:21,PTBA,RG,4530,50,D,OD,YP,D
15:12:59,PTBA,RG,4530,21,D,OD,XC,D
15:12:47,PTBA,RG,4530,2,D,OD,SQ,D
15:12:46,PTBA,RG,4530,220,D,OD,TP,D
15:12:45,PTBA,RG,4530,100,D,OD,NI,D
15:12:45,PTBA,RG,4530,50,D,OD,ZP,D
15:12:40,PTBA,RG,4530,100,D,OD,DR,D
15:12:22,PTBA,RG,4530,50,D,OD,YP,D
15:11:48,PTBA,RG,4530,22,D,OD,EP,D
15:11:43,PTBA,RG,4530,1,D,OD,XC,D
15:11:36,PTBA,RG,4530,200,D,OD,SQ,D
15:11:35,PTBA,RG,4530,100,D,OD,CP,D
15:11:25,PTBA,RG,4530,400,D,OD,OD,D
15:11:23,PTBA,RG,4530,10,D,OD,DH,D
15:11:02,PTBA,RG,4530,58,D,OD,CC,D
15:11:00,PTBA,RG,4530,2,D,OD,XC,D
15:10:50,PTBA,RG,4530,1834,D,OD,YU,D
15:10:50,PTBA,RG,4530,50,D,YP,YU,D
15:10:50,PTBA,RG,4530,20,D,NI,YU,D
15:10:50,PTBA,RG,4530,50,D,KK,YU,D
15:10:50,PTBA,RG,4530,238,D,LG,YU,D
15:10:50,PTBA,RG,4530,1,D,PD,YU,D
15:10:50,PTBA,RG,4530,1,D,BQ,YU,D
15:10:50,PTBA,RG,4530,1,D,KK,YU,D
15:10:50,PTBA,RG,4530,10,D,SQ,YU,D
15:10:50,PTBA,RG,4530,3,D,XC,YU,D
15:10:50,PTBA,RG,4530,10,D,XC,YU,D
15:10:50,PTBA,RG,4530,8,D,YP,YU,D
15:10:50,PTBA,RG,4530,200,D,YP,YU,D
15:10:50,PTBA,RG,4530,20,D,YU,YU,D
15:10:50,PTBA,RG,4530,16,D,PD,YU,D
15:10:50,PTBA,RG,4530,10,D,CP,YU,D
15:10:50,PTBA,RG,4530,2,D,PD,YU,D
15:10:50,PTBA,RG,4530,1,D,PD,YU,D
15:10:50,PTBA,RG,4530,6,D,CC,YU,D
15:10:50,PTBA,RG,4530,50,D,OD,YU,D
15:10:50,PTBA,RG,4530,100,D,LG,YU,D
15:10:50,PTBA,RG,4530,5000,D,SQ,YU,D
15:10:50,PTBA,RG,4530,10,D,DH,YU,D
15:10:50,PTBA,RG,4530,1,D,XC,YU,D
15:10:50,PTBA,RG,4530,10,D,KK,YU,D
15:10:50,PTBA,RG,4530,4,D,PD,YU,D
15:10:50,PTBA,RG,4530,23,D,KK,YU,D
15:10:50,PTBA,RG,4530,20,D,YP,YU,D
15:10:50,PTBA,RG,4530,4,D,PD,YU,D
15:10:50,PTBA,RG,4530,2,D,XC,YU,D
15:10:50,PTBA,RG,4530,2,D,PD,YU,D
15:10:50,PTBA,RG,4530,2,D,PD,YU,D
15:10:50,PTBA,RG,4530,4,D,EP,YU,D
15:10:50,PTBA,RG,4530,35,D,NI,YU,D
15:10:50,PTBA,RG,4530,3,D,CC,YU,D
15:10:50,PTBA,RG,4530,1,D,PD,YU,D
15:10:50,PTBA,RG,4530,40,D,CC,YU,D
15:10:50,PTBA,RG,4530,1,D,PD,YU,D
15:10:50,PTBA,RG,4530,30,D,PD,YU,D
15:10:50,PTBA,RG,4530,10,D,SQ,YU,D
15:10:50,PTBA,RG,4530,3,D,PD,YU,D
15:10:50,PTBA,RG,4530,2,D,SQ,YU,D
15:10:50,PTBA,RG,4530,162,D,CC,YU,D
15:10:44,PTBA,RG,4530,1,D,CC,YP,D
15:10:43,PTBA,RG,4530,1,D,CC,LG,D
15:10:33,PTBA,RG,4530,20,D,CC,CC,D
15:10:21,PTBA,RG,4530,112,D,CC,YJ,D
15:10:21,PTBA,RG,4530,40,D,PD,YJ,D
15:10:21,PTBA,RG,4530,30,D,DR,YJ,D
15:10:21,PTBA,RG,4530,5,D,OD,YJ,D
15:10:21,PTBA,RG,4530,1,D,XC,YJ,D
15:10:21,PTBA,RG,4530,1,D,XC,YJ,D
15:10:21,PTBA,RG,4530,1,D,NI,YJ,D
15:10:21,PTBA,RG,4530,10,D,SQ,YJ,D
15:10:21,PTBA,RG,4530,23,D,CC,YJ,D
15:10:21,PTBA,RG,4530,2,D,NI,YJ,D
15:10:21,PTBA,RG,4530,120,D,YP,YJ,D
15:10:21,PTBA,RG,4530,2,D,YP,YJ,D
15:10:21,PTBA,RG,4530,10,D,EP,YJ,D
15:10:21,PTBA,RG,4530,143,D,SQ,YJ,D
15:10:13,PTBA,RG,4530,13,D,SQ,NI,D
15:10:11,PTBA,RG,4530,1,D,SQ,XC,D
15:10:01,PTBA,RG,4530,1,D,SQ,XC,D
15:09:57,PTBA,RG,4530,6,D,SQ,YP,D
15:09:50,PTBA,RG,4530,250,D,SQ,GR,D
15:09:44,PTBA,RG,4530,5,D,SQ,PD,D
15:09:43,PTBA,RG,4530,4,D,SQ,NI,D
15:09:40,PTBA,RG,4530,50,D,SQ,DR,D
15:09:18,PTBA,RG,4530,50,D,SQ,DR,D
15:09:17,PTBA,RG,4530,70,D,SQ,CC,D
15:09:13,PTBA,RG,4530,10,D,SQ,CC,D
15:09:09,PTBA,RG,4530,245,D,SQ,DR,D
15:09:09,PTBA,RG,4530,100,D,SQ,DR,D
15:09:04,PTBA,RG,4530,52,D,SQ,AO,D
15:09:04,PTBA,RG,4530,5,D,KK,AO,D
15:09:04,PTBA,RG,4530,143,D,CC,AO,D
15:09:03,PTBA,RG,4530,34,D,CC,NI,D
15:09:00,PTBA,RG,4530,447,D,CC,CC,D
15:08:41,PTBA,RG,4530,11,D,CC,PD,D
15:08:41,PTBA,RG,4530,11,D,CC,YP,D
15:08:40,PTBA,RG,4530,200,D,CC,EP,D
15:08:37,PTBA,RG,4530,1,D,CC,XC,D
15:08:35,PTBA,RG,4530,1,D,CC,CC,D
15:08:31,PTBA,RG,4530,2,D,CC,YP,D
15:08:22,PTBA,RG,4530,100,D,CC,DR,D
15:08:14,PTBA,RG,4530,100,D,CC,DR,D
15:08:14,PTBA,RG,4530,80,D,CC,CC,D
15:08:03,PTBA,RG,4530,100,D,CC,DR,D
15:07:59,PTBA,RG,4530,987,D,CC,YP,D
15:07:59,PTBA,RG,4530,10,D,DH,YP,D
15:07:59,PTBA,RG,4530,10,D,YP,YP,D
15:07:59,PTBA,RG,4530,180,D,YP,YP,D
15:07:59,PTBA,RG,4530,10,D,PD,YP,D
15:07:59,PTBA,RG,4530,172,D,BQ,YP,D
15:07:51,PTBA,RG,4530,828,D,BQ,CD,D
15:07:51,PTBA,RG,4530,103,D,XC,CD,D
15:07:51,PTBA,RG,4530,69,D,BQ,CD,D
15:07:49,PTBA,RG,4530,45,D,BQ,XL,D
15:07:29,PTBA,RG,4530,1,D,BQ,XC,D
15:07:09,PTBA,RG,4530,2,D,BQ,XC,D
15:07:05,PTBA,RG,4530,50,D,BQ,PD,D
15:06:59,PTBA,RG,4530,98,D,BQ,NI,D
15:06:57,PTBA,RG,4530,12,D,BQ,YP,D
15:06:45,PTBA,RG,4530,700,D,BQ,DR,D
15:06:37,PTBA,RG,4530,7,D,BQ,CC,D
15:06:37,PTBA,RG,4530,16,D,BQ,DR,D
15:06:37,PTBA,RG,4530,584,D,BQ,DR,D
15:06:33,PTBA,RG,4530,10,D,BQ,XC,D
15:06:21,PTBA,RG,4530,500,D,BQ,DR,D
15:06:09,PTBA,RG,4530,750,D,BQ,DR,D
15:06:06,PTBA,RG,4530,14,D,BQ,YP,D
15:06:00,PTBA,RG,4530,20,D,BQ,YP,D
15:05:58,PTBA,RG,4530,10,D,BQ,CC,D
15:05:57,PTBA,RG,4530,112,D,BQ,DR,D
15:05:57,PTBA,RG,4530,3,D,YP,DR,D
15:05:57,PTBA,RG,4530,2,D,XL,DR,D
15:05:57,PTBA,RG,4530,20,D,XC,DR,D
15:05:57,PTBA,RG,4530,3,D,GR,DR,D
15:05:57,PTBA,RG,4530,124,D,XC,DR,D
15:05:57,PTBA,RG,4530,1,D,KK,DR,D
15:05:57,PTBA,RG,4530,180,D,YP,DR,D
15:05:57,PTBA,RG,4530,11,D,YP,DR,D
15:05:57,PTBA,RG,4530,117,D,YU,DR,D
15:05:57,PTBA,RG,4530,30,D,PD,DR,D
15:05:57,PTBA,RG,4530,1,D,YP,DR,D
15:05:57,PTBA,RG,4530,90,D,ZP,DR,D
15:05:57,PTBA,RG,4530,10,D,PD,DR,D
15:05:57,PTBA,RG,4530,46,D,YP,DR,D
15:05:50,PTBA,RG,4530,2,D,YP,YP,D
15:05:43,PTBA,RG,4530,30,D,YP,PD,D
15:05:40,PTBA,RG,4530,91,D,YP,GR,D
15:05:40,PTBA,RG,4530,18,D,XC,GR,D
15:05:40,PTBA,RG,4530,5,D,NI,GR,D
15:05:40,PTBA,RG,4530,86,D,LG,GR,D
15:05:34,PTBA,RG,4530,7,D,LG,KK,D
15:05:27,PTBA,RG,4530,2,D,LG,YP,D
15:05:24,PTBA,RG,4530,1,D,LG,PD,D
15:05:13,PTBA,RG,4530,4,D,LG,DX,D
15:05:13,PTBA,RG,4530,5,D,YP,DX,D
15:05:13,PTBA,RG,4530,1,D,SQ,DX,D
15:04:58,PTBA,RG,4530,1,D,KK,XC,D
15:04:47,PTBA,RG,4530,2,D,NI,SQ,D
15:04:46,PTBA,RG,4530,1,D,NI,XC,D
15:04:43,PTBA,RG,4530,1,D,NI,YP,D
15:04:37,PTBA,RG,4530,4,D,NI,PD,D
15:04:34,PTBA,RG,4530,2,D,NI,CC,D
15:04:34,PTBA,RG,4530,2,D,SQ,CC,D
15:04:34,PTBA,RG,4530,16,D,ZP,CC,D
15:04:33,PTBA,RG,4530,95,D,ZP,EP,D
15:04:33,PTBA,RG,4530,10,D,NI,EP,D
15:04:33,PTBA,RG,4530,23,D,YP,EP,D
15:04:33,PTBA,RG,4530,38,D,YP,EP,D
15:04:33,PTBA,RG,4530,5,D,XC,EP,D
15:04:33,PTBA,RG,4530,3,D,XC,EP,D
15:04:33,PTBA,RG,4530,1,D,XC,EP,D
15:04:33,PTBA,RG,4530,10,D,DH,EP,D
15:04:33,PTBA,RG,4530,15,D,BQ,EP,D
15:04:24,PTBA,RG,4530,1,D,BQ,KK,D
15:04:21,PTBA,RG,4530,9,D,BQ,CC,D
15:04:20,PTBA,RG,4530,5,D,BQ,PD,D
15:04:14,PTBA,RG,4530,5,D,BQ,XC,D
15:04:13,PTBA,RG,4530,3,D,BQ,YP,D
15:04:06,PTBA,RG,4530,75,D,BQ,OD,D
15:04:04,PTBA,RG,4530,1,D,BQ,KK,D
15:03:53,PTBA,RG,4530,20,D,BQ,DX,D
15:03:51,PTBA,RG,4530,3,D,BQ,CC,D
15:03:50,PTBA,RG,4530,9,D,BQ,YP,D
15:03:49,PTBA,RG,4530,5,D,BQ,PD,D
15:03:48,PTBA,RG,4530,5,D,BQ,AG,D
15:03:47,PTBA,RG,4530,500,D,BQ,ZP,D
15:03:45,PTBA,RG,4530,253,D,BQ,CC,D
15:03:36,PTBA,RG,4530,8,D,BQ,PD,D
15:03:21,PTBA,RG,4530,11,D,BQ,YP,D
15:03:21,PTBA,RG,4530,300,D,BQ,PD,D
15:03:12,PTBA,RG,4530,20,D,BQ,EP,D
15:03:04,PTBA,RG,4530,150,D,BQ,CC,D
15:03:04,PTBA,RG,4530,100,D,BQ,YP,D
15:03:03,PTBA,RG,4530,5,D,BQ,PD,D
15:03:01,PTBA,RG,4530,1,D,BQ,XC,D
15:02:59,PTBA,RG,4530,4,D,BQ,YP,D
15:02:54,PTBA,RG,4530,12,D,BQ,YP,D
15:02:54,PTBA,RG,4530,480,D,BQ,YP,D
15:02:54,PTBA,RG,4530,5,D,PD,YP,D
15:02:54,PTBA,RG,4530,1,D,XC,YP,D
15:02:54,PTBA,RG,4530,2,D,CC,YP,D
15:02:54,PTBA,RG,4530,1,D,PD,YP,D
15:02:54,PTBA,RG,4530,10,D,YP,YP,D
15:02:54,PTBA,RG,4530,3,D,SQ,YP,D
15:02:54,PTBA,RG,4530,30,D,GR,YP,D
15:02:54,PTBA,RG,4530,182,D,YP,YP,D
15:02:53,PTBA,RG,4530,60,D,YP,KK,D
15:02:51,PTBA,RG,4530,3,D,YP,XC,D
15:02:49,PTBA,RG,4530,10,D,YP,CC,D
15:02:41,PTBA,RG,4530,153,D,YP,EP,D
15:02:38,PTBA,RG,4530,100,D,YP,DR,D
15:02:38,PTBA,RG,4530,25,D,YP,NI,D
15:02:35,PTBA,RG,4530,16,D,YP,DR,D
15:02:30,PTBA,RG,4530,4,D,YP,YP,D
15:02:26,PTBA,RG,4530,200,D,YP,KK,D
15:02:24,PTBA,RG,4530,210,D,YP,DR,D
15:02:23,PTBA,RG,4530,25,D,YP,HD,D
15:02:05,PTBA,RG,4530,12,D,YP,CC,D
15:02:05,PTBA,RG,4530,18,D,YP,CC,D
15:02:03,PTBA,RG,4530,10,D,YP,DX,D
15:02:02,PTBA,RG,4530,1,D,YP,CC,D
15:02:02,PTBA,RG,4530,10,D,KK,CC,D
15:02:02,PTBA,RG,4530,1,D,YP,CC,D
15:02:02,PTBA,RG,4530,1,D,PD,CC,D
15:02:02,PTBA,RG,4530,102,D,OD,CC,D
15:02:02,PTBA,RG,4530,1,D,YP,CC,D
15:02:02,PTBA,RG,4530,30,D,SQ,CC,D
15:02:02,PTBA,RG,4530,2,D,SQ,CC,D
15:02:02,PTBA,RG,4530,1,D,NI,CC,D
15:02:02,PTBA,RG,4530,2,D,PD,CC,D
15:02:02,PTBA,RG,4530,124,D,SA,CC,D
15:02:01,PTBA,RG,4530,150,D,SA,NI,D
15:01:48,PTBA,RG,4530,100,D,SA,KK,D
15:01:46,PTBA,RG,4530,2,D,SA,AZ,D
15:01:40,PTBA,RG,4530,10,D,SA,CC,D
15:01:36,PTBA,RG,4530,25,D,SA,GR,D
15:01:31,PTBA,RG,4530,15,D,SA,XC,D
15:01:30,PTBA,RG,4530,25,D,SA,NI,D
15:01:29,PTBA,RG,4530,225,D,SA,YB,D
15:01:20,PTBA,RG,4530,1,D,SA,KK,D
15:01:14,PTBA,RG,4530,10,D,SA,PD,D
15:01:13,PTBA,RG,4530,1,D,SA,PD,D
15:01:07,PTBA,RG,4530,40,D,SA,XL,D
15:01:00,PTBA,RG,4530,3,D,SA,AG,D
15:01:00,PTBA,RG,4530,1,D,SA,PD,D
15:01:00,PTBA,RG,4530,250,D,SA,DH,D
15:00:00,PTBA,RG,4530,50,D,SA,DX,D
15:00:00,PTBA,RG,4530,6,D,SA,CC,D
15:00:00,PTBA,RG,4530,10,D,SA,AI,D
15:00:00,PTBA,RG,4530,50,D,SA,DR,D
15:00:00,PTBA,RG,4530,2,D,SA,YP,D
15:00:00,PTBA,RG,4530,500,D,SA,CP,D
15:00:00,PTBA,RG,4530,80,D,SA,DR,D
15:00:00,PTBA,RG,4530,2,D,SA,CP,D
15:00:00,PTBA,RG,4530,200,D,SA,SQ,D
15:00:00,PTBA,RG,4530,2,D,SA,XC,D
15:00:00,PTBA,RG,4530,606,D,SA,CC,F
15:00:00,PTBA,RG,4530,10,D,SA,YP,D
15:00:00,PTBA,RG,4530,115,D,SA,OD,D
15:00:00,PTBA,RG,4530,10,D,SA,CC,D
15:00:00,PTBA,RG,4530,15,D,SA,SQ,D
15:00:00,PTBA,RG,4530,1750,D,SA,PD,D
15:00:00,PTBA,RG,4530,200,D,SA,YB,D
15:00:00,PTBA,RG,4530,1,D,SA,NI,D
15:00:00,PTBA,RG,4530,3,D,SA,YP,D
15:00:00,PTBA,RG,4530,1,D,SA,YP,D
15:00:00,PTBA,RG,4530,10,D,SA,DH,D
15:00:00,PTBA,RG,4530,10,D,SA,XC,D
15:00:00,PTBA,RG,4530,11,D,SA,AZ,D
15:00:00,PTBA,RG,4530,1,D,SA,XC,D
15:00:00,PTBA,RG,4530,1,D,SA,LG,D
15:00:00,PTBA,RG,4530,10,D,SA,YP,D
15:00:00,PTBA,RG,4530,75,D,SA,PD,D
15:00:00,PTBA,RG,4530,7,D,SA,XL,D
15:00:00,PTBA,RG,4530,91,D,SA,YP,D
15:00:00,PTBA,RG,4530,3,D,SA,XL,D
15:00:00,PTBA,RG,4530,4,D,SA,NI,D
15:00:00,PTBA,RG,4530,100,D,SA,AZ,D
15:00:00,PTBA,RG,4530,2,D,SA,YP,D
15:00:00,PTBA,RG,4530,1,D,SA,NI,D
15:00:00,PTBA,RG,4530,10,D,SA,KK,D
15:00:00,PTBA,RG,4530,1,D,SA,SQ,D
15:00:00,PTBA,RG,4530,50,D,SA,YP,D
15:00:00,PTBA,RG,4530,10,D,SA,YP,D
15:00:00,PTBA,RG,4530,8,D,SA,XC,D
15:00:00,PTBA,RG,4530,5,D,XC,XC,D
15:00:00,PTBA,RG,4530,2,D,SQ,XC,D
15:00:00,PTBA,RG,4530,1,D,SQ,XL,D
15:00:00,PTBA,RG,4530,632,D,SQ,ZP,D
15:00:00,PTBA,RG,4530,1,D,PD,ZP,D
15:00:00,PTBA,RG,4530,17,D,AR,ZP,D
15:00:00,PTBA,RG,4530,1,D,AR,PD,D
15:00:00,PTBA,RG,4530,100,D,AR,YP,D
15:00:00,PTBA,RG,4530,30,D,AR,YB,D
15:00:00,PTBA,RG,4530,52,D,AR,XC,D
15:00:00,PTBA,RG,4530,10,D,EP,XC,D
15:00:00,PTBA,RG,4530,1,D,XC,XC,D
15:00:00,PTBA,RG,4530,20,D,CC,XC,D
15:00:00,PTBA,RG,4530,17,D,PD,XC,D
15:00:00,PTBA,RG,4530,1,D,PD,CC,D
15:00:00,PTBA,RG,4530,482,D,PD,GR,D
15:00:00,PTBA,RG,4530,25,D,DH,GR,D
15:00:00,PTBA,RG,4530,1,D,KK,GR,D
15:00:00,PTBA,RG,4530,2,D,NI,GR,D
15:00:00,PTBA,RG,4530,5,D,PD,GR,D
15:00:00,PTBA,RG,4530,6,D,PD,GR,D
15:00:00,PTBA,RG,4530,1,D,DX,GR,D
15:00:00,PTBA,RG,4530,24,D,PD,GR,D
15:00:00,PTBA,RG,4530,31,D,CC,GR,D
15:00:00,PTBA,RG,4530,3,D,PD,GR,D
15:00:00,PTBA,RG,4530,420,D,BQ,GR,D
15:00:00,PTBA,RG,4530,42,D,BQ,CC,D
15:00:00,PTBA,RG,4530,6,D,BQ,XL,D
15:00:00,PTBA,RG,4530,63,D,BQ,AK,F
15:00:00,PTBA,RG,4530,10,D,BQ,DH,D
15:00:00,PTBA,RG,4530,81,D,BQ,PD,D
15:00:00,PTBA,RG,4530,55,D,BQ,NI,D
15:00:00,PTBA,RG,4530,820,D,BQ,DR,D
15:00:00,PTBA,RG,4530,503,D,BQ,AT,D
15:00:00,PTBA,RG,4530,703,D,DH,AT,D
15:00:00,PTBA,RG,4530,250,D,GR,AT,D
15:00:00,PTBA,RG,4530,1000,D,ZP,AT,D
15:00:00,PTBA,RG,4530,44,D,YP,AT,D
15:00:00,PTBA,RG,4530,18,D,YP,HP,D
15:00:00,PTBA,RG,4530,164,D,YP,BQ,D
15:00:00,PTBA,RG,4530,1,D,YP,SQ,D
15:00:00,PTBA,RG,4530,15,D,YP,CC,D
15:00:00,PTBA,RG,4530,40,D,YP,GR,D
15:00:00,PTBA,RG,4530,2,D,YP,YP,D
15:00:00,PTBA,RG,4530,3,D,YP,CP,D
15:00:00,PTBA,RG,4530,150,D,YP,YP,D
15:00:00,PTBA,RG,4530,4,D,YP,NI,D
15:00:00,PTBA,RG,4530,150,D,YP,YP,D
15:00:00,PTBA,RG,4530,5,D,YP,CC,D
15:00:00,PTBA,RG,4530,3,D,YP,DH,D
15:00:00,PTBA,RG,4530,2,D,YP,YB,D
15:00:00,PTBA,RG,4530,10,D,YP,YP,D
15:00:00,PTBA,RG,4530,8,D,YP,YB,D
15:00:00,PTBA,RG,4530,718,D,YP,AK,F
15:00:00,PTBA,RG,4530,194,D,YP,YP,D
15:00:00,PTBA,RG,4530,25,D,YP,YP,D
15:00:00,PTBA,RG,4530,177,D,YP,YU,D
15:00:00,PTBA,RG,4530,4,D,YP,YB,D
15:00:00,PTBA,RG,4530,10,D,YP,NI,D
15:00:00,PTBA,RG,4530,10,D,YP,NI,D
15:00:00,PTBA,RG,4530,25,D,YP,NI,D
15:00:00,PTBA,RG,4530,25,D,YP,NI,D
15:00:00,PTBA,RG,4530,10,D,YP,NI,D
15:00:00,PTBA,RG,4530,3,D,YP,EP,D
15:00:00,PTBA,RG,4530,1,D,YP,GR,D
15:00:00,PTBA,RG,4530,58,D,YP,OD,D
15:00:00,PTBA,RG,4530,2,D,CC,OD,D
15:00:00,PTBA,RG,4530,2,D,NI,OD,D
15:00:00,PTBA,RG,4530,1,D,PD,OD,D
15:00:00,PTBA,RG,4530,9,D,PD,OD,D
15:00:00,PTBA,RG,4530,1,D,CC,OD,D
15:00:00,PTBA,RG,4530,10,D,CC,OD,D
15:00:00,PTBA,RG,4530,13,D,PD,OD,D
15:00:00,PTBA,RG,4530,4,D,PD,OD,D
15:00:00,PTBA,RG,4530,2,D,PD,YP,D
15:00:00,PTBA,RG,4530,3,D,PD,AK,F
15:00:00,PTBA,RG,4530,8,D,PD,AK,F
15:00:00,PTBA,RG,4530,2,D,PD,AK,F
15:00:00,PTBA,RG,4530,1,D,NI,AK,F
15:00:00,PTBA,RG,4530,704,D,YP,AK,F
15:00:00,PTBA,RG,4530,1,D,YP,DR,D
15:00:00,PTBA,RG,4530,295,D,YP,DX,F
15:00:00,PTBA,RG,4530,1,D,YP,DX,F
15:00:00,PTBA,RG,4530,150,D,KK,DX,F
15:00:00,PTBA,RG,4530,10,D,PD,DX,F
15:00:00,PTBA,RG,4530,2,D,CC,DX,F
15:00:00,PTBA,RG,4530,1,D,PD,DX,F
15:00:00,PTBA,RG,4530,20,D,CP,DX,F
15:00:00,PTBA,RG,4530,20,D,DR,DX,F
15:00:00,PTBA,RG,4530,10,D,PD,DX,F
15:00:00,PTBA,RG,4530,3,D,XL,DX,F
15:00:00,PTBA,RG,4530,1,D,PD,DX,F
15:00:00,PTBA,RG,4530,10,D,KK,DX,F
15:00:00,PTBA,RG,4530,6,D,EP,DX,F
15:00:00,PTBA,RG,4530,23,D,XC,DX,F
15:00:00,PTBA,RG,4530,70,D,PD,DX,F
15:00:00,PTBA,RG,4530,1,D,DH,DX,F
15:00:00,PTBA,RG,4530,200,D,LS,DX,F
15:00:00,PTBA,RG,4530,1,D,XL,DX,F
15:00:00,PTBA,RG,4530,1,D,XC,DX,F
15:00:00,PTBA,RG,4530,4,D,PD,DX,F
15:00:00,PTBA,RG,4530,7,D,XC,DX,F
15:00:00,PTBA,RG,4530,22,D,XL,DX,F
15:00:00,PTBA,RG,4530,5,D,XC,DX,F
15:00:00,PTBA,RG,4530,5,D,OD,DX,F
15:00:00,PTBA,RG,4530,1,D,XC,DX,F
15:00:00,PTBA,RG,4530,2,D,NI,DX,F
15:00:00,PTBA,RG,4530,2,D,NI,AK,F
15:00:00,PTBA,RG,4530,8,D,XC,AK,F
15:00:00,PTBA,RG,4530,38,D,YP,AK,F
15:00:00,PTBA,RG,4530,19,D,CC,AK,F
15:00:00,PTBA,RG,4530,6,D,CC,BK,F
15:00:00,PTBA,RG,4530,26,D,XL,BK,F
15:00:00,PTBA,RG,4530,5,D,PD,BK,F
15:00:00,PTBA,RG,4530,3,D,XC,BK,F
15:00:00,PTBA,RG,4530,15,D,PD,BK,F
15:00:00,PTBA,RG,4530,28,D,XL,BK,F
15:00:00,PTBA,RG,4530,2,D,XL,BK,F
15:00:00,PTBA,RG,4530,1,D,XC,BK,F
15:00:00,PTBA,RG,4530,40,D,YP,BK,F
15:00:00,PTBA,RG,4530,7,D,YP,BK,F
15:00:00,PTBA,RG,4530,2,D,YP,BK,F
15:00:00,PTBA,RG,4530,10,D,XC,BK,F
15:00:00,PTBA,RG,4530,10,D,YP,BK,F
15:00:00,PTBA,RG,4530,10,D,PD,BK,F
15:00:00,PTBA,RG,4530,8,D,XC,BK,F
15:00:00,PTBA,RG,4530,50,D,YU,BK,F
15:00:00,PTBA,RG,4530,19,D,DR,BK,F
15:00:00,PTBA,RG,4530,24,D,GR,BK,F
15:00:00,PTBA,RG,4530,6,D,GR,AK,F
15:00:00,PTBA,RG,4530,2,D,XC,AK,F
15:00:00,PTBA,RG,4530,50,D,PD,AK,F
15:00:00,PTBA,RG,4530,1,D,KK,AK,F
15:00:00,PTBA,RG,4530,1,D,BQ,AK,F
15:00:00,PTBA,RG,4530,2,D,XL,AK,F
15:00:00,PTBA,RG,4530,1,D,XC,AK,F
15:00:00,PTBA,RG,4530,1,D,KK,AK,F
15:00:00,PTBA,RG,4530,5,D,XC,AK,F
15:00:00,PTBA,RG,4530,2,D,NI,AK,F
15:00:00,PTBA,RG,4530,1,D,XC,AK,F
15:00:00,PTBA,RG,4530,4,D,LG,AK,F
15:00:00,PTBA,RG,4530,20,D,XC,AK,F
15:00:00,PTBA,RG,4530,180,D,YP,AK,F
15:00:00,PTBA,RG,4530,100,D,XC,AK,F
15:00:00,PTBA,RG,4530,17,D,PD,AK,F
15:00:00,PTBA,RG,4530,60,D,YP,AK,F
15:00:00,PTBA,RG,4530,2,D,XL,AK,F
15:00:00,PTBA,RG,4530,10,D,PD,AK,F
15:00:00,PTBA,RG,4530,100,D,CC,AK,F
15:00:00,PTBA,RG,4530,4,D,XL,AK,F
15:00:00,PTBA,RG,4530,5,D,PD,AK,F
15:00:00,PTBA,RG,4530,50,D,GR,AK,F
15:00:00,PTBA,RG,4530,3,D,YP,AK,F
15:00:00,PTBA,RG,4530,7,D,XL,AK,F
15:00:00,PTBA,RG,4530,4,D,YP,AK,F
15:00:00,PTBA,RG,4530,4,D,PD,AK,F
15:00:00,PTBA,RG,4530,71,D,XC,AK,F
15:00:00,PTBA,RG,4530,5,D,OD,AK,F
15:00:00,PTBA,RG,4530,95,D,OD,DX,F
15:00:00,PTBA,RG,4530,10,D,PD,DX,F
15:00:00,PTBA,RG,4530,50,D,KK,DX,F
15:00:00,PTBA,RG,4530,1,D,YP,DX,F
15:00:00,PTBA,RG,4530,50,D,KK,DX,F
15:00:00,PTBA,RG,4530,20,D,NI,DX,F
15:00:00,PTBA,RG,4530,100,D,YP,DX,F
15:00:00,PTBA,RG,4530,30,D,XA,DX,F
15:00:00,PTBA,RG,4530,30,D,XA,DX,F
15:00:00,PTBA,RG,4530,30,D,XA,DX,F
15:00:00,PTBA,RG,4530,30,D,XA,DX,F
15:00:00,PTBA,RG,4530,30,D,XA,DX,F
15:00:00,PTBA,RG,4530,20,D,DR,DX,F
15:00:00,PTBA,RG,4530,9,D,YP,DX,F
15:00:00,PTBA,RG,4530,28,D,RO,DX,F
15:00:00,PTBA,RG,4530,5,D,LG,DX,F
15:00:00,PTBA,RG,4530,1,D,EP,DX,F
15:00:00,PTBA,RG,4530,1,D,XC,DX,F
15:00:00,PTBA,RG,4530,4,D,CC,DX,F
15:00:00,PTBA,RG,4530,200,D,XA,DX,F
15:00:00,PTBA,RG,4530,20,D,CD,DX,F
15:00:00,PTBA,RG,4530,15,D,XC,DX,F
15:00:00,PTBA,RG,4530,1,D,XL,DX,F
15:00:00,PTBA,RG,4530,10,D,NI,DX,F
15:00:00,PTBA,RG,4530,924,D,YU,DX,F
15:00:00,PTBA,RG,4530,130,D,YU,AK,F
15:00:00,PTBA,RG,4530,184,D,YU,YP,D
15:00:00,PTBA,RG,4530,263,D,YU,YP,D
15:00:00,PTBA,RG,4530,799,D,YU,AK,F
15:00:00,PTBA,RG,4530,45,D,CC,AK,F
15:00:00,PTBA,RG,4530,5,D,YP,AK,F
15:00:00,PTBA,RG,4530,50,D,CC,AK,F
15:00:00,PTBA,RG,4530,10,D,CC,AK,F
15:00:00,PTBA,RG,4530,50,D,YP,AK,F
15:00:00,PTBA,RG,4530,60,D,CC,AK,F
15:00:00,PTBA,RG,4530,500,D,PD,AK,F
15:00:00,PTBA,RG,4530,7,D,XC,AK,F
15:00:00,PTBA,RG,4530,100,D,NI,AK,F
15:00:00,PTBA,RG,4530,2,D,DR,AK,F
15:00:00,PTBA,RG,4530,200,D,CC,AK,F
15:00:00,PTBA,RG,4530,2,D,XC,AK,F
15:00:00,PTBA,RG,4530,20,D,CC,AK,F
15:00:00,PTBA,RG,4530,10,D,XC,AK,F
15:00:00,PTBA,RG,4530,5,D,XL,AK,F
15:00:00,PTBA,RG,4530,200,D,YP,AK,F
15:00:00,PTBA,RG,4530,5,D,PD,AK,F
15:00:00,PTBA,RG,4530,1,D,CC,AK,F
15:00:00,PTBA,RG,4530,2,D,YU,AK,F
15:00:00,PTBA,RG,4530,10,D,DH,AK,F
15:00:00,PTBA,RG,4530,7,D,CC,AK,F
15:00:00,PTBA,RG,4530,25,D,NI,AK,F
15:00:00,PTBA,RG,4530,2,D,YB,AK,F
15:00:00,PTBA,RG,4530,125,D,GR,AK,F
15:00:00,PTBA,RG,4530,5,D,PD,AK,F
15:00:00,PTBA,RG,4530,5,D,YP,AK,F
15:00:00,PTBA,RG,4530,2,D,XC,AK,F
15:00:00,PTBA,RG,4530,4000,D,SA,AK,F
15:00:00,PTBA,RG,4530,22,D,CC,AK,F
15:00:00,PTBA,RG,4530,10,D,CC,AK,F
15:00:00,PTBA,RG,4530,1,D,XA,AK,F
15:00:00,PTBA,RG,4530,315,D,YJ,AK,F
15:00:00,PTBA,RG,4530,100,D,CC,AK,F
15:00:00,PTBA,RG,4530,3,D,NI,AK,F
15:00:00,PTBA,RG,4530,2,D,FS,AK,F
15:00:00,PTBA,RG,4530,11,D,PD,AK,F
15:00:00,PTBA,RG,4530,75,D,ZP,AK,F
15:00:00,PTBA,RG,4530,10,D,RO,AK,F
15:00:00,PTBA,RG,4530,1,D,DH,AK,F
15:00:00,PTBA,RG,4530,35,D,CC,AK,F
15:00:00,PTBA,RG,4530,1500,D,CP,AK,F
15:00:00,PTBA,RG,4530,4,D,CC,AK,F
15:00:00,PTBA,RG,4530,60,D,YP,AK,F
15:00:00,PTBA,RG,4530,200,D,YP,AK,F
15:00:00,PTBA,RG,4530,20,D,OD,AK,F
15:00:00,PTBA,RG,4530,750,D,XA,AK,F
15:00:00,PTBA,RG,4530,2,D,NI,AK,F
15:00:00,PTBA,RG,4530,2,D,NI,AK,F
15:00:00,PTBA,RG,4530,100,D,PD,AK,F
15:00:00,PTBA,RG,4530,250,D,YB,AK,F
15:00:00,PTBA,RG,4530,2,D,YP,AK,F
15:00:00,PTBA,RG,4530,100,D,NI,AK,F
15:00:00,PTBA,RG,4530,15,D,YP,AK,F
15:00:00,PTBA,RG,4530,18,D,XL,AK,F
15:00:00,PTBA,RG,4530,200,D,SA,AK,F
15:00:00,PTBA,RG,4530,50,D,ZP,AK,F
15:00:00,PTBA,RG,4530,60,D,YU,AK,F
15:00:00,PTBA,RG,4530,5,D,YP,AK,F
15:00:00,PTBA,RG,4530,12,D,XC,AK,F
15:00:00,PTBA,RG,4530,17,D,AZ,AK,F
15:00:00,PTBA,RG,4530,1,D,XL,AK,F
15:00:00,PTBA,RG,4530,4,D,XC,AK,F
15:00:00,PTBA,RG,4530,1,D,PD,AK,F
15:00:00,PTBA,RG,4530,42,D,NI,AK,F
15:00:00,PTBA,RG,4530,3,D,XL,AK,F
15:00:00,PTBA,RG,4530,5,D,NI,AK,F
15:00:00,PTBA,RG,4530,220,D,LG,AK,F
15:00:00,PTBA,RG,4530,450,D,YP,AK,F
15:00:00,PTBA,RG,4530,10,D,KK,AK,F
15:00:00,PTBA,RG,4530,2,D,YP,AK,F
15:00:00,PTBA,RG,4530,1,D,YB,AK,F
15:00:00,PTBA,RG,4530,1,D,BQ,AK,F
15:00:00,PTBA,RG,4530,32,D,YP,AK,F
15:00:00,PTBA,RG,4530,10,D,CC,AK,F
15:00:00,PTBA,RG,4530,11,D,CC,AK,F
15:00:00,PTBA,RG,4530,40,D,PD,AK,F
15:00:00,PTBA,RG,4530,110,D,OD,AK,F
15:00:00,PTBA,RG,4530,18,D,YP,AK,F
15:00:00,PTBA,RG,4530,21,D,XC,AK,F
15:00:00,PTBA,RG,4530,3,D,BQ,AK,F
15:00:00,PTBA,RG,4530,170,D,CP,AK,F
15:00:00,PTBA,RG,4530,5,D,CC,AK,F
15:00:00,PTBA,RG,4530,2,D,YP,AK,F
15:00:00,PTBA,RG,4530,1,D,PD,AK,F
15:00:00,PTBA,RG,4530,20,D,YP,AK,F
15:00:00,PTBA,RG,4530,11,D,YP,AK,F
15:00:00,PTBA,RG,4530,15,D,YP,AK,F
15:00:00,PTBA,RG,4530,10,D,PD,AK,F
15:00:00,PTBA,RG,4530,10,D,PD,AK,F
15:00:00,PTBA,RG,4530,10,D,DR,AK,F
15:00:00,PTBA,RG,4530,2,D,YU,AK,F
15:00:00,PTBA,RG,4530,2,D,YP,AK,F
15:00:00,PTBA,RG,4530,1,D,EP,AK,F
15:00:00,PTBA,RG,4530,1,D,PD,AK,F
15:00:00,PTBA,RG,4530,10,D,YP,AK,F
15:00:00,PTBA,RG,4530,4,D,PD,AK,F
15:00:00,PTBA,RG,4530,20,D,DR,AK,F
15:00:00,PTBA,RG,4530,400,D,RO,AK,F
15:00:00,PTBA,RG,4530,32,D,YP,AK,F
15:00:00,PTBA,RG,4530,2,D,YB,AK,F
15:00:00,PTBA,RG,4530,10,D,CC,AK,F
15:00:00,PTBA,RG,4530,50,D,IU,AK,F
15:00:00,PTBA,RG,4530,1,D,NI,AK,F
15:00:00,PTBA,RG,4530,20,D,PD,AK,F
15:00:00,PTBA,RG,4530,5,D,YP,AK,F
15:00:00,PTBA,RG,4530,10,D,PD,AK,F
15:00:00,PTBA,RG,4530,756,F,BK,AK,F
15:00:00,PTBA,RG,4530,488,F,BK,AK,F
15:00:00,PTBA,RG,4530,1,D,PD,AK,F
15:00:00,PTBA,RG,4530,238,F,AK,AK,F
15:00:00,PTBA,RG,4530,968,F,AK,AK,F
15:00:00,PTBA,RG,4530,53,F,AK,DX,F
15:00:00,PTBA,RG,4530,711,F,AK,DX,F
15:00:00,PTBA,RG,4530,1137,F,AK,BK,F
15:00:00,PTBA,RG,4530,670,F,AK,RX,F
15:00:00,PTBA,RG,4530,2518,F,AK,RX,F
15:00:00,PTBA,RG,4530,1066,F,ZP,RX,F
15:00:00,PTBA,RG,4530,4499,F,ZP,BK,F
15:00:00,PTBA,RG,4530,1961,F,ZP,BK,F
15:00:00,PTBA,RG,4530,2306,F,ZP,BK,F
15:00:00,PTBA,RG,4530,291,F,ZP,KZ,D
15:00:00,PTBA,RG,4530,2071,F,ZP,DX,F
15:00:00,PTBA,RG,4530,1145,F,ZP,DX,F
15:00:00,PTBA,RG,4530,13074,F,ZP,AK,F
15:00:00,PTBA,RG,4530,642,F,DX,AK,F
15:00:00,PTBA,RG,4530,999,F,AK,AK,F
15:00:00,PTBA,RG,4530,7486,F,AK,AK,F
15:00:00,PTBA,RG,4530,1,D,CC,AK,F
15:00:00,PTBA,RG,4530,1,D,DH,AK,F
15:00:00,PTBA,RG,4530,65,F,ZP,AK,F
15:00:00,PTBA,RG,4530,88,D,YU,AK,F
15:00:00,PTBA,RG,4530,227,D,OD,AK,F
15:00:00,PTBA,RG,4530,4971,F,CS,AK,F
15:00:00,PTBA,RG,4530,4036,F,CS,AK,F
15:00:00,PTBA,RG,4530,391,F,CS,AK,D
15:00:00,PTBA,RG,4530,1447,F,CS,AK,F
15:00:00,PTBA,RG,4530,53,F,CS,AK,F
15:00:00,PTBA,RG,4530,22,F,CS,AK,F
15:00:00,PTBA,RG,4530,14,F,CS,AK,F
15:00:00,PTBA,RG,4530,228,F,CS,AK,F
15:00:00,PTBA,RG,4530,3,F,CS,AK,F
15:00:00,PTBA,RG,4530,23,F,CS,AK,F
15:00:00,PTBA,RG,4530,2,F,CS,AK,F
15:00:00,PTBA,RG,4530,6,F,CS,AK,F
15:00:00,PTBA,RG,4530,98,F,CS,AK,F
15:00:00,PTBA,RG,4530,9,F,CS,AK,F
15:00:00,PTBA,RG,4530,7895,F,CS,ZP,F
15:00:00,PTBA,RG,4530,5,F,CS,ZP,F
15:00:00,PTBA,RG,4530,240,D,AZ,ZP,F
15:00:00,PTBA,RG,4530,644,D,AZ,DX,D
15:00:00,PTBA,RG,4530,128,D,AZ,DR,D
14:49:59,PTBA,RG,4540,35,F,DX,YP,D
14:49:59,PTBA,RG,4530,2,D,YP,AK,F
14:49:59,PTBA,RG,4530,1,D,YP,AK,F
14:49:58,PTBA,RG,4530,1,D,YP,AK,F
14:49:58,PTBA,RG,4530,1,D,YP,AK,F
14:49:57,PTBA,RG,4530,19,D,YP,CC,D
14:49:52,PTBA,RG,4540,326,D,CC,YP,D
14:49:52,PTBA,RG,4540,30,D,CC,CC,D
14:49:52,PTBA,RG,4540,5,D,CC,PD,D
14:49:52,PTBA,RG,4540,1,D,CC,YP,D
14:49:52,PTBA,RG,4540,2,D,CC,NI,D
14:49:52,PTBA,RG,4540,50,D,CC,BQ,D
14:49:52,PTBA,RG,4540,50,D,CC,SQ,D
14:49:52,PTBA,RG,4540,36,D,CC,RG,D
14:49:52,PTBA,RG,4530,1,D,YP,YP,D
14:49:51,PTBA,RG,4530,50,D,YP,XL,D
14:49:49,PTBA,RG,4530,10,D,YP,AG,D
14:49:48,PTBA,RG,4530,4,D,YP,CC,D
14:49:48,PTBA,RG,4530,7,D,YP,PD,D
14:49:47,PTBA,RG,4530,30,D,YP,YP,D
14:49:47,PTBA,RG,4530,25,D,YP,NI,D
14:49:45,PTBA,RG,4540,2,F,YU,RG,D
14:49:44,PTBA,RG,4540,12,D,CC,RG,D
14:49:44,PTBA,RG,4540,7,D,CC,XC,D
14:49:44,PTBA,RG,4540,1,D,CC,PD,D
14:49:44,PTBA,RG,4540,10,D,CC,YP,D
14:49:44,PTBA,RG,4540,23,D,CC,YP,D
14:49:44,PTBA,RG,4540,22,D,CC,KK,D
14:49:44,PTBA,RG,4540,25,D,CC,PD,D
14:49:43,PTBA,RG,4530,12,D,YP,YP,D
14:49:41,PTBA,RG,4530,14,D,YP,YP,D
14:49:40,PTBA,RG,4530,5,D,YP,KK,D
14:49:40,PTBA,RG,4530,5,D,YP,YP,D
14:49:40,PTBA,RG,4530,440,D,YP,AI,D
14:49:40,PTBA,RG,4530,133,D,YP,CC,D
14:49:40,PTBA,RG,4530,60,D,YP,KK,D
14:49:40,PTBA,RG,4530,7,D,YP,CC,D
14:49:40,PTBA,RG,4530,5,D,YP,PD,D
14:49:40,PTBA,RG,4530,6,D,YP,XC,D
14:49:40,PTBA,RG,4530,2,D,YP,NI,D
14:49:40,PTBA,RG,4530,10,D,YP,YU,D
14:49:40,PTBA,RG,4530,100,D,YP,CP,D
14:49:40,PTBA,RG,4530,2,D,YP,YP,D
14:49:40,PTBA,RG,4530,1,D,YP,OD,D
14:49:40,PTBA,RG,4530,3,D,YP,CC,D
14:49:40,PTBA,RG,4530,10,D,YP,YP,D
14:49:40,PTBA,RG,4530,2,D,YP,YP,D
14:49:40,PTBA,RG,4530,4,D,YP,PD,D
14:49:40,PTBA,RG,4530,2,D,YP,AK,F
14:49:40,PTBA,RG,4530,1,D,YP,KK,D
14:49:40,PTBA,RG,4530,9,D,YP,AK,F
14:49:40,PTBA,RG,4530,36,D,YP,CC,D
14:49:40,PTBA,RG,4530,34,D,YP,YP,D
14:49:40,PTBA,RG,4530,200,D,YP,YU,D
14:49:40,PTBA,RG,4530,1,D,YP,AK,F
14:49:40,PTBA,RG,4530,1466,D,YP,AT,D
14:49:39,PTBA,RG,4530,188,D,PD,AT,D
14:49:39,PTBA,RG,4520,1,D,XL,PD,D
14:49:36,PTBA,RG,4530,2,D,NI,AT,D
14:49:36,PTBA,RG,4520,24,D,XL,EP,D
14:49:36,PTBA,RG,4520,66,D,SA,EP,D
14:49:35,PTBA,RG,4520,1,D,SA,AK,F
14:49:35,PTBA,RG,4530,2,D,PD,AT,D
14:49:35,PTBA,RG,4520,44,D,SA,RX,D
14:49:34,PTBA,RG,4520,1,D,SA,AK,F
14:49:34,PTBA,RG,4520,1,D,SA,AK,F
14:49:34,PTBA,RG,4520,1,D,SA,AK,F
14:49:34,PTBA,RG,4530,5,D,PD,AT,D
14:49:32,PTBA,RG,4520,20,D,SA,ZP,D
14:49:30,PTBA,RG,4520,40,D,SA,RX,D
14:49:30,PTBA,RG,4530,9,D,XC,AT,D
14:49:28,PTBA,RG,4530,215,D,YP,AT,D
14:49:27,PTBA,RG,4530,50,D,YP,AT,D
14:49:27,PTBA,RG,4530,2,D,CC,AT,D
14:49:27,PTBA,RG,4520,14,D,SA,AK,F
14:49:26,PTBA,RG,4520,3,D,SA,AK,F
14:49:26,PTBA,RG,4530,5,D,NI,AT,D
14:49:25,PTBA,RG,4530,23,D,XL,AT,D
14:49:24,PTBA,RG,4530,210,D,PD,AT,D
14:49:23,PTBA,RG,4530,34,D,XC,AT,D
14:49:21,PTBA,RG,4530,10,D,YP,AT,D
14:49:20,PTBA,RG,4520,3,D,SA,AK,F
14:49:20,PTBA,RG,4520,1,D,SA,AK,F
14:49:19,PTBA,RG,4530,100,D,DR,AT,D
14:49:19,PTBA,RG,4520,5,D,SA,AK,F
14:49:19,PTBA,RG,4530,4,D,XC,AT,D
14:49:17,PTBA,RG,4530,100,D,PD,AT,D
14:49:15,PTBA,RG,4530,5,D,YP,AT,D
14:49:15,PTBA,RG,4530,20,D,PD,AT,D
14:49:14,PTBA,RG,4530,2,D,SQ,AT,D
14:49:14,PTBA,RG,4530,2,D,AZ,AT,D
14:49:12,PTBA,RG,4530,1,D,LG,AT,D
14:49:12,PTBA,RG,4530,45,D,BB,AT,D
14:49:12,PTBA,RG,4520,2,D,SA,XL,D
14:49:11,PTBA,RG,4530,26,D,XC,GR,D
14:49:08,PTBA,RG,4530,7,D,PD,GR,D
14:49:08,PTBA,RG,4530,27,D,BB,GR,D
14:49:06,PTBA,RG,4520,113,D,SA,ZR,D
14:49:05,PTBA,RG,4530,1,D,PD,GR,D
14:49:05,PTBA,RG,4530,3,D,YP,GR,D
14:49:05,PTBA,RG,4530,10,D,DR,GR,D
14:49:05,PTBA,RG,4520,5,D,SA,PD,D
14:49:04,PTBA,RG,4530,49,D,XC,GR,D
14:49:04,PTBA,RG,4520,2,D,SA,YP,D
14:49:04,PTBA,RG,4520,50,D,SA,PD,D
14:49:03,PTBA,RG,4530,3,D,NI,GR,D
14:49:02,PTBA,RG,4530,20,D,PD,GR,D
14:48:59,PTBA,RG,4530,2,D,PD,GR,D
14:48:52,PTBA,RG,4530,10,D,PD,GR,D
14:48:50,PTBA,RG,4530,1,D,XC,GR,D
14:48:50,PTBA,RG,4530,1,D,KK,GR,D
14:48:50,PTBA,RG,4530,1,D,XC,GR,D
14:48:50,PTBA,RG,4530,14,D,BQ,GR,D
14:48:46,PTBA,RG,4530,1,D,YP,GR,D
14:48:46,PTBA,RG,4530,1,D,YP,GR,D
14:48:45,PTBA,RG,4530,1,D,PD,GR,D
14:48:40,PTBA,RG,4530,20,D,XL,GR,D
14:48:39,PTBA,RG,4530,4,D,XL,GR,D
14:48:39,PTBA,RG,4530,3,D,XC,GR,D
14:48:39,PTBA,RG,4530,1,D,PD,GR,D
14:48:39,PTBA,RG,4530,1,D,PD,GR,D
14:48:39,PTBA,RG,4530,1,D,PD,GR,D
14:48:39,PTBA,RG,4530,1,D,PD,GR,D
14:48:39,PTBA,RG,4530,1,D,PD,GR,D
14:48:39,PTBA,RG,4530,11,D,CC,GR,D
14:48:39,PTBA,RG,4530,10,F,YU,GR,D
14:48:39,PTBA,RG,4530,12,D,XC,GR,D
14:48:39,PTBA,RG,4530,2,D,BQ,GR,D
14:48:39,PTBA,RG,4530,10,D,PD,GR,D
14:48:39,PTBA,RG,4530,155,F,CS,GR,D
14:48:39,PTBA,RG,4530,1,D,NI,GR,D
14:48:39,PTBA,RG,4530,76,D,BB,GR,D
14:48:39,PTBA,RG,4530,32,D,DR,GR,D
14:48:39,PTBA,RG,4530,3,D,PD,GR,D
14:48:39,PTBA,RG,4530,10,D,PD,GR,D
14:48:39,PTBA,RG,4530,22,D,YP,GR,D
14:48:39,PTBA,RG,4530,10,D,YP,GR,D
14:48:39,PTBA,RG,4530,1,D,YP,GR,D
14:48:39,PTBA,RG,4530,3,D,PD,GR,D
14:48:39,PTBA,RG,4530,7,D,KK,GR,D
14:48:38,PTBA,RG,4540,2,D,CC,PD,D
14:48:36,PTBA,RG,4540,23,F,CS,PD,D
14:48:36,PTBA,RG,4540,5,F,CS,AZ,D
14:48:36,PTBA,RG,4540,50,F,CS,PD,D
14:48:36,PTBA,RG,4540,35,F,CS,PD,D
14:48:36,PTBA,RG,4540,1,F,CS,PD,D
14:48:36,PTBA,RG,4540,20,F,CS,DR,D
14:48:36,PTBA,RG,4540,3,F,CS,DH,D
14:48:36,PTBA,RG,4530,1,D,KK,PD,D
14:48:35,PTBA,RG,4530,1,D,KK,PD,D
14:48:35,PTBA,RG,4530,45,D,KK,NI,D
14:48:35,PTBA,RG,4540,1,F,YU,DH,D
14:48:33,PTBA,RG,4530,10,D,KK,YP,D
14:48:33,PTBA,RG,4530,18,D,KK,AT,D
14:48:33,PTBA,RG,4540,6,D,YU,DH,D
14:48:33,PTBA,RG,4540,1,D,YU,YP,D
14:48:33,PTBA,RG,4540,1,D,YU,NI,D
14:48:33,PTBA,RG,4540,17,D,YU,CC,D
14:48:33,PTBA,RG,4530,50,D,KK,CC,D
14:48:29,PTBA,RG,4530,18,D,KK,YP,D
14:48:29,PTBA,RG,4530,6,D,PD,YP,D
14:48:29,PTBA,RG,4530,4,D,PD,YP,D
14:48:29,PTBA,RG,4530,10,D,NI,YP,D
14:48:29,PTBA,RG,4530,329,D,CC,YP,D
14:48:29,PTBA,RG,4540,2,D,BB,CC,D
14:48:25,PTBA,RG,4530,50,D,CC,CS,D
14:48:25,PTBA,RG,4530,2,D,CC,XC,D
14:48:22,PTBA,RG,4530,119,D,CC,PD,D
14:48:22,PTBA,RG,4530,33,D,YP,PD,D
14:48:22,PTBA,RG,4530,4,D,YP,PD,D
14:48:22,PTBA,RG,4530,2,D,PD,PD,D
14:48:22,PTBA,RG,4530,1,D,XC,PD,D
14:48:22,PTBA,RG,4530,15,D,YP,PD,D
14:48:22,PTBA,RG,4530,22,D,CP,PD,D
14:48:22,PTBA,RG,4530,30,D,YP,PD,D
14:48:22,PTBA,RG,4530,10,D,NI,PD,D
14:48:22,PTBA,RG,4530,3,D,YP,PD,D
14:48:22,PTBA,RG,4530,158,F,BK,PD,D
14:48:22,PTBA,RG,4530,234,D,YP,PD,D
14:48:22,PTBA,RG,4530,9,D,XL,PD,D
14:48:22,PTBA,RG,4530,26,F,YU,PD,D
14:48:22,PTBA,RG,4530,3,D,PD,PD,D
14:48:22,PTBA,RG,4530,35,D,XC,PD,D
14:48:22,PTBA,RG,4530,3,D,YP,PD,D
14:48:22,PTBA,RG,4530,28,D,NI,PD,D
14:48:22,PTBA,RG,4530,158,F,BK,PD,D
14:48:22,PTBA,RG,4530,5,D,PD,PD,D
14:48:22,PTBA,RG,4530,10,D,XC,PD,D
14:48:22,PTBA,RG,4530,3,D,SQ,PD,D
14:48:22,PTBA,RG,4530,1,D,KK,PD,D
14:48:22,PTBA,RG,4530,9,D,BB,PD,D
14:48:22,PTBA,RG,4530,4,D,CC,PD,D
14:48:22,PTBA,RG,4530,50,D,SQ,PD,D
14:48:22,PTBA,RG,4530,6,D,XL,PD,D
14:48:22,PTBA,RG,4530,3,D,CC,PD,D
14:48:22,PTBA,RG,4530,10,D,CC,PD,D
14:48:22,PTBA,RG,4530,818,F,CS,PD,D
14:48:22,PTBA,RG,4530,1,D,PD,PD,D
14:48:22,PTBA,RG,4530,50,D,NI,PD,D
14:48:22,PTBA,RG,4530,15,D,XC,PD,D
14:48:22,PTBA,RG,4530,4,D,XC,PD,D
14:48:22,PTBA,RG,4530,10,D,CC,PD,D
14:48:22,PTBA,RG,4530,13,D,XL,PD,D
14:48:22,PTBA,RG,4530,666,F,BK,PD,D
14:48:22,PTBA,RG,4530,1,D,KK,PD,D
14:48:22,PTBA,RG,4530,2,D,EP,PD,D
14:48:22,PTBA,RG,4530,1,D,XL,PD,D
14:48:22,PTBA,RG,4530,10,D,YP,PD,D
14:48:22,PTBA,RG,4530,2,D,PD,PD,D
14:48:22,PTBA,RG,4530,100,D,MG,PD,D
14:48:22,PTBA,RG,4530,1333,D,BQ,PD,D
14:48:21,PTBA,RG,4530,2,D,BQ,YP,D
14:48:21,PTBA,RG,4530,50,D,BQ,CC,D
14:48:19,PTBA,RG,4540,1,D,PD,CC,D
14:48:19,PTBA,RG,4540,1,D,PD,PD,D
14:48:19,PTBA,RG,4540,10,D,PD,NI,D
14:48:19,PTBA,RG,4540,5,D,PD,YP,D
14:48:19,PTBA,RG,4540,5,D,PD,XC,D
14:48:19,PTBA,RG,4540,2,D,PD,NI,D
14:48:17,PTBA,RG,4540,23,D,XC,NI,D
14:48:17,PTBA,RG,4540,12,D,XC,NI,D
14:48:15,PTBA,RG,4540,1,D,KK,NI,D
14:48:14,PTBA,RG,4540,12,F,BK,NI,D
14:48:14,PTBA,RG,4540,10,F,BK,NI,D
14:48:14,PTBA,RG,4540,25,F,BK,NI,D
14:48:14,PTBA,RG,4540,4,F,BK,NI,D
14:48:14,PTBA,RG,4540,6,D,GR,NI,D
14:48:14,PTBA,RG,4540,20,D,GR,CC,D
14:48:14,PTBA,RG,4540,74,D,GR,LG,D
14:48:12,PTBA,RG,4540,76,F,CS,LG,D
14:48:12,PTBA,RG,4540,30,F,CS,YP,D
14:48:12,PTBA,RG,4540,253,F,CS,YP,D
14:48:12,PTBA,RG,4540,40,F,CS,YP,D
14:48:12,PTBA,RG,4540,1,D,XC,YP,D
14:48:09,PTBA,RG,4540,1,D,XC,YP,D
14:48:06,PTBA,RG,4540,2,D,XC,YP,D
14:48:05,PTBA,RG,4540,45,F,BK,YP,D
14:48:05,PTBA,RG,4540,30,D,DH,YP,D
14:48:04,PTBA,RG,4540,1,D,XC,YP,D
14:48:03,PTBA,RG,4530,1,D,BQ,YP,D
14:48:02,PTBA,RG,4540,261,F,CS,YP,D
14:48:02,PTBA,RG,4530,2,D,BQ,PD,D
14:48:01,PTBA,RG,4540,23,D,NI,YP,D
14:47:59,PTBA,RG,4540,1,D,XC,YP,D
14:47:57,PTBA,RG,4530,1,D,BQ,PD,D
14:47:57,PTBA,RG,4540,32,F,BK,YP,D
14:47:55,PTBA,RG,4540,50,D,PD,YP,D
14:47:55,PTBA,RG,4540,1,D,PD,YP,D
14:47:54,PTBA,RG,4540,41,D,XC,YP,D
14:47:52,PTBA,RG,4540,18,D,CC,YP,D
14:47:52,PTBA,RG,4540,5,D,CC,YP,D
14:47:52,PTBA,RG,4540,1,D,CC,PD,D
14:47:52,PTBA,RG,4540,2,D,CC,OD,D
14:47:52,PTBA,RG,4530,1,D,BQ,PC,D
14:47:52,PTBA,RG,4540,32,F,CS,OD,D
14:47:52,PTBA,RG,4540,3,F,CS,PD,D
14:47:52,PTBA,RG,4540,1,F,CS,PD,D
14:47:52,PTBA,RG,4540,204,F,CS,YP,D
14:47:50,PTBA,RG,4540,2,D,XC,YP,D
14:47:45,PTBA,RG,4530,1,D,BQ,YP,D
14:47:43,PTBA,RG,4540,238,F,CS,YP,D
14:47:43,PTBA,RG,4540,30,F,CS,DH,D
14:47:43,PTBA,RG,4540,1,F,CS,PD,D
14:47:41,PTBA,RG,4540,14,D,XC,PD,D
14:47:41,PTBA,RG,4540,6,D,XC,PD,D
14:47:34,PTBA,RG,4540,1,F,YU,PD,D
14:47:32,PTBA,RG,4540,54,F,CS,PD,D
14:47:32,PTBA,RG,4540,520,F,CS,PD,D
14:47:27,PTBA,RG,4540,1,D,DR,PD,D
14:47:26,PTBA,RG,4530,100,D,BQ,YP,D
14:47:20,PTBA,RG,4530,7,D,BQ,PD,D
14:47:19,PTBA,RG,4530,500,D,BQ,YP,D
14:47:18,PTBA,RG,4530,2,D,BQ,KK,D
14:47:18,PTBA,RG,4530,10,D,CC,KK,D
14:47:18,PTBA,RG,4530,1,D,CC,KK,D
14:47:18,PTBA,RG,4530,1,D,PD,KK,D
14:47:18,PTBA,RG,4530,4,D,NI,KK,D
14:47:18,PTBA,RG,4530,4,D,XC,KK,D
14:47:18,PTBA,RG,4530,38,D,NI,KK,D
14:47:17,PTBA,RG,4540,1,D,XC,PD,D
14:47:17,PTBA,RG,4530,3,D,NI,NI,D
14:47:17,PTBA,RG,4540,2,D,NI,PD,D
14:47:16,PTBA,RG,4530,159,D,NI,HP,D
14:47:16,PTBA,RG,4530,25,D,LG,HP,D
14:47:16,PTBA,RG,4530,20,D,YP,HP,D
14:47:16,PTBA,RG,4530,10,D,AZ,HP,D
14:47:16,PTBA,RG,4530,15,D,KK,HP,D
14:47:16,PTBA,RG,4530,58,F,CS,HP,D
14:47:16,PTBA,RG,4530,72,D,BB,HP,D
14:47:16,PTBA,RG,4530,91,D,AT,HP,D
14:47:15,PTBA,RG,4530,100,D,AT,CP,D
14:47:14,PTBA,RG,4540,25,D,IP,PD,D
14:47:14,PTBA,RG,4540,10,D,PD,PD,D
14:47:12,PTBA,RG,4540,54,D,BB,PD,D
14:47:11,PTBA,RG,4530,20,D,AT,PD,D
14:47:10,PTBA,RG,4540,535,F,CS,PD,D
14:47:09,PTBA,RG,4530,22,D,AT,YP,D
14:47:09,PTBA,RG,4540,28,F,CS,PD,D
14:47:09,PTBA,RG,4530,5,D,AT,YP,D
14:47:06,PTBA,RG,4530,6,D,AT,SQ,D
14:47:04,PTBA,RG,4540,4,D,PD,PD,D
14:47:04,PTBA,RG,4540,10,D,CC,PD,D
14:47:02,PTBA,RG,4540,14,D,XC,PD,D
14:47:01,PTBA,RG,4530,17,D,AT,CC,D
14:47:00,PTBA,RG,4530,5,D,AT,CC,D
14:46:58,PTBA,RG,4530,24,D,AT,KK,D
14:46:58,PTBA,RG,4540,2,D,CC,PD,D
14:46:53,PTBA,RG,4540,707,F,BK,PD,D
14:46:52,PTBA,RG,4540,4,F,YU,PD,D
14:46:52,PTBA,RG,4530,1,D,AT,XC,D
14:46:51,PTBA,RG,4530,1,D,AT,AK,F
14:46:51,PTBA,RG,4530,10,D,AT,CC,D
14:46:51,PTBA,RG,4530,100,D,AT,LG,D
14:46:51,PTBA,RG,4530,25,D,AT,PD,D
14:46:51,PTBA,RG,4530,193,D,AT,RX,D
14:46:51,PTBA,RG,4530,1,D,AT,AK,F
14:46:51,PTBA,RG,4530,1,D,AT,SQ,D
14:46:51,PTBA,RG,4530,10,D,AT,LG,D
14:46:51,PTBA,RG,4530,8,D,AT,XC,D
14:46:51,PTBA,RG,4530,4,D,AT,NI,D
14:46:51,PTBA,RG,4530,60,D,AT,NI,D
14:46:51,PTBA,RG,4530,400,D,AT,CC,D
14:46:51,PTBA,RG,4530,24,D,AT,AK,F
14:46:51,PTBA,RG,4530,20,D,AT,YP,D
14:46:51,PTBA,RG,4530,60,D,AT,KK,D
14:46:51,PTBA,RG,4530,151,D,AT,CC,D
14:46:51,PTBA,RG,4530,2,D,AT,AK,F
14:46:51,PTBA,RG,4530,6,D,AT,AK,F
14:46:51,PTBA,RG,4530,1,D,AT,AK,F
14:46:51,PTBA,RG,4530,5,D,AT,NI,D
14:46:51,PTBA,RG,4530,80,D,AT,CC,D
14:46:51,PTBA,RG,4530,4,D,AT,YP,D
14:46:51,PTBA,RG,4530,200,D,AT,YP,D
14:46:51,PTBA,RG,4530,82,D,AT,NI,D
14:46:51,PTBA,RG,4530,15,D,AT,NI,D
14:46:51,PTBA,RG,4530,5,D,AT,SQ,D
14:46:51,PTBA,RG,4530,5,D,AT,YP,D
14:46:51,PTBA,RG,4530,100,D,AT,CC,D
14:46:51,PTBA,RG,4530,600,D,AT,YP,D
14:46:51,PTBA,RG,4530,10,D,AT,YP,D
14:46:51,PTBA,RG,4530,400,D,AT,CC,D
14:46:51,PTBA,RG,4530,10,D,AT,YP,D
14:46:51,PTBA,RG,4530,1,D,AT,XL,D
14:46:51,PTBA,RG,4530,15,D,AT,XL,D
14:46:51,PTBA,RG,4530,50,D,AT,YP,D
14:46:51,PTBA,RG,4530,5,D,AT,PC,D
14:46:51,PTBA,RG,4530,9,D,AT,AK,F
14:46:51,PTBA,RG,4530,2,D,AT,AK,F
14:46:51,PTBA,RG,4530,41,D,AT,AK,F
14:46:51,PTBA,RG,4530,2,D,AT,PD,D
14:46:51,PTBA,RG,4530,10,D,AT,YP,D
14:46:51,PTBA,RG,4530,4,D,AT,CC,D
14:46:51,PTBA,RG,4530,23,D,AT,XC,D
14:46:51,PTBA,RG,4530,2,D,AT,CC,D
14:46:51,PTBA,RG,4530,8,D,AT,YP,D
14:46:51,PTBA,RG,4530,10,D,AT,YP,D
14:46:51,PTBA,RG,4530,10,D,AT,EP,D
14:46:51,PTBA,RG,4530,1,D,AT,AZ,D
14:46:51,PTBA,RG,4530,70,D,AT,KK,D
14:46:51,PTBA,RG,4530,1,D,AT,NI,D
14:46:51,PTBA,RG,4530,1,D,AT,YU,D
14:46:51,PTBA,RG,4530,20,D,AT,XL,D
14:46:51,PTBA,RG,4530,5,D,AT,NI,D
14:46:51,PTBA,RG,4530,2,D,AT,XC,D
14:46:51,PTBA,RG,4530,2,D,AT,YP,D
14:46:51,PTBA,RG,4530,7,D,AT,PD,D
14:46:51,PTBA,RG,4530,100,D,AT,YP,D
14:46:51,PTBA,RG,4530,1,D,AT,XC,D
14:46:51,PTBA,RG,4530,2,D,AT,YP,D
14:46:51,PTBA,RG,4530,2,D,AT,YP,D
14:46:51,PTBA,RG,4530,2,D,AT,KK,D
14:46:51,PTBA,RG,4530,10,D,AT,PD,D
14:46:51,PTBA,RG,4530,100,D,AT,YP,D
14:46:51,PTBA,RG,4530,2,D,AT,KK,D
14:46:51,PTBA,RG,4530,3,D,AT,PD,D
14:46:51,PTBA,RG,4530,100,D,AT,YP,D
14:46:51,PTBA,RG,4530,4,D,AT,XL,D
14:46:51,PTBA,RG,4530,12,D,AT,CC,D
14:46:51,PTBA,RG,4530,1,D,AT,KK,D
14:46:51,PTBA,RG,4530,2,D,AT,OD,D
14:46:51,PTBA,RG,4530,59,D,AT,XC,D
14:46:51,PTBA,RG,4530,25,D,AT,CC,D
14:46:51,PTBA,RG,4530,5,D,AT,NI,D
14:46:51,PTBA,RG,4530,30,D,AT,YB,D
14:46:51,PTBA,RG,4530,1,D,AT,NI,D
14:46:51,PTBA,RG,4530,10,D,AT,PD,D
14:46:51,PTBA,RG,4530,30,D,AT,NI,D
14:46:51,PTBA,RG,4530,2,D,AT,YP,D
14:46:51,PTBA,RG,4530,3,D,AT,YP,D
14:46:51,PTBA,RG,4530,5,D,AT,GR,D
14:46:51,PTBA,RG,4530,55,D,AT,DR,D
14:46:51,PTBA,RG,4530,5,D,AT,NI,D
14:46:51,PTBA,RG,4530,1,D,AT,DR,D
14:46:51,PTBA,RG,4530,2,D,AT,PD,D
14:46:51,PTBA,RG,4530,10,D,AT,DH,D
14:46:51,PTBA,RG,4530,6231,D,AT,OD,D
14:46:50,PTBA,RG,4530,14,F,CS,OD,D
14:46:50,PTBA,RG,4530,115,D,YP,OD,D
14:46:50,PTBA,RG,4530,262,F,CS,OD,D
14:46:49,PTBA,RG,4530,76,F,BK,OD,D
14:46:47,PTBA,RG,4520,40,D,SA,CC,D
14:46:46,PTBA,RG,4530,4,D,PD,OD,D
14:46:46,PTBA,RG,4530,333,F,BK,OD,D
14:46:45,PTBA,RG,4520,3,D,SA,PD,D
14:46:45,PTBA,RG,4530,250,D,CC,OD,D
14:46:45,PTBA,RG,4530,50,D,YP,OD,D
14:46:45,PTBA,RG,4530,1,D,YP,OD,D
14:46:44,PTBA,RG,4530,250,D,KK,OD,D
14:46:43,PTBA,RG,4530,1112,F,BK,OD,D
14:46:43,PTBA,RG,4530,1,D,XC,OD,D
14:46:42,PTBA,RG,4530,1,D,PD,OD,D
14:46:41,PTBA,RG,4530,1300,D,YU,OD,D
14:46:41,PTBA,RG,4530,10,D,YU,PD,D
14:46:41,PTBA,RG,4530,60,D,YU,CC,D
14:46:41,PTBA,RG,4530,100,D,YU,YP,D
14:46:41,PTBA,RG,4530,5,D,YU,CC,D
14:46:41,PTBA,RG,4530,174,D,YU,PD,D
14:46:41,PTBA,RG,4530,50,D,YU,DX,D
14:46:41,PTBA,RG,4530,17,D,YU,XC,D
14:46:41,PTBA,RG,4530,19,D,YU,KK,D
14:46:41,PTBA,RG,4530,2,D,YU,XL,D
14:46:41,PTBA,RG,4530,5,D,YU,YP,D
14:46:41,PTBA,RG,4530,300,D,YU,YP,D
14:46:41,PTBA,RG,4530,7,D,YU,SQ,D
14:46:41,PTBA,RG,4530,1,D,YU,YB,D
14:46:41,PTBA,RG,4530,22,D,YU,YP,D
14:46:41,PTBA,RG,4530,1700,D,YU,HP,D
14:46:41,PTBA,RG,4530,1,D,YU,XC,D
14:46:41,PTBA,RG,4530,1227,D,YU,ZP,D
14:46:40,PTBA,RG,4530,548,F,CS,ZP,D
14:46:38,PTBA,RG,4530,17,F,CS,ZP,D
14:46:37,PTBA,RG,4530,26,D,YP,ZP,D
14:46:36,PTBA,RG,4530,7,D,PD,ZP,D
14:46:30,PTBA,RG,4520,11,D,SA,SQ,D
14:46:30,PTBA,RG,4530,4,D,XC,ZP,D
14:46:29,PTBA,RG,4530,28,F,BK,ZP,D
14:46:28,PTBA,RG,4520,22,D,SA,PD,D
14:46:28,PTBA,RG,4530,1,D,NI,ZP,D
14:46:25,PTBA,RG,4530,43,F,BK,ZP,D
14:46:25,PTBA,RG,4530,5,D,DH,ZP,D
14:46:24,PTBA,RG,4530,21,F,CS,ZP,D
14:46:22,PTBA,RG,4530,52,D,BB,ZP,D
14:46:22,PTBA,RG,4520,20,D,SA,ZP,D
14:46:21,PTBA,RG,4520,15,D,SA,XL,D
14:46:20,PTBA,RG,4530,91,F,BK,ZP,D
14:46:19,PTBA,RG,4530,522,F,CS,ZP,D
14:46:16,PTBA,RG,4530,42,F,BK,ZP,D
14:46:15,PTBA,RG,4530,65,D,CC,ZP,D
14:46:13,PTBA,RG,4530,5,F,YU,ZP,D
14:46:12,PTBA,RG,4530,3,D,XC,ZP,D
14:46:12,PTBA,RG,4530,10,D,YP,ZP,D
14:46:11,PTBA,RG,4530,50,D,NI,ZP,D
14:46:10,PTBA,RG,4520,20,D,SA,PD,D
14:46:09,PTBA,RG,4530,20,D,CC,ZP,D
14:46:08,PTBA,RG,4530,38,F,CS,ZP,D
14:46:07,PTBA,RG,4530,37,F,BK,ZP,D
14:46:05,PTBA,RG,4530,41,F,BK,ZP,D
14:46:04,PTBA,RG,4530,11,D,PD,ZP,D
14:46:03,PTBA,RG,4530,2,D,XL,ZP,D
14:46:01,PTBA,RG,4530,189,F,BK,ZP,D
14:46:00,PTBA,RG,4530,3,D,EP,ZP,D
14:45:59,PTBA,RG,4530,560,F,CS,ZP,D
14:45:58,PTBA,RG,4530,500,D,CC,ZP,D
14:45:56,PTBA,RG,4530,1,D,DH,ZP,D
14:45:56,PTBA,RG,4530,7,D,XC,ZP,D
14:45:55,PTBA,RG,4520,8,D,SA,PD,D
14:45:50,PTBA,RG,4530,10,D,YP,ZP,D
14:45:50,PTBA,RG,4520,18,D,SA,NI,D
14:45:49,PTBA,RG,4530,11,D,YP,ZP,D
14:45:49,PTBA,RG,4530,55,F,BK,ZP,D
14:45:46,PTBA,RG,4530,2,D,PD,ZP,D
14:45:46,PTBA,RG,4530,41,F,BK,ZP,D
14:45:46,PTBA,RG,4530,1,F,YU,ZP,D
14:45:46,PTBA,RG,4520,6,D,SA,PD,D
14:45:45,PTBA,RG,4530,10,F,BK,ZP,D
14:45:43,PTBA,RG,4530,45,D,PD,ZP,D
14:45:43,PTBA,RG,4520,151,D,SA,XC,D
14:45:41,PTBA,RG,4530,12,D,XC,ZP,D
14:45:41,PTBA,RG,4530,637,F,BK,ZP,D
14:45:41,PTBA,RG,4530,20,F,BK,GR,D
14:45:41,PTBA,RG,4530,7,F,BK,PD,D
14:45:41,PTBA,RG,4530,100,F,BK,CC,D
14:45:41,PTBA,RG,4530,1,F,BK,XC,D
14:45:41,PTBA,RG,4530,20,F,BK,GR,D
14:45:41,PTBA,RG,4530,5,F,BK,YP,D
14:45:41,PTBA,RG,4530,1,F,BK,NI,D
14:45:41,PTBA,RG,4530,200,F,BK,YP,D
14:45:41,PTBA,RG,4530,4,F,BK,NI,D
14:45:41,PTBA,RG,4530,10,F,BK,CC,D
14:45:41,PTBA,RG,4530,30,F,BK,YP,D
14:45:41,PTBA,RG,4530,1,F,BK,AT,D
14:45:41,PTBA,RG,4530,121,F,BK,GR,D
14:45:38,PTBA,RG,4530,379,D,AO,GR,D
14:45:38,PTBA,RG,4530,500,D,AO,CC,D
14:45:38,PTBA,RG,4530,1090,D,AO,SQ,D
14:45:38,PTBA,RG,4530,23,D,AO,CC,D
14:45:38,PTBA,RG,4530,25,D,AO,CC,D
14:45:38,PTBA,RG,4530,22,D,AO,OD,D
14:45:38,PTBA,RG,4530,50,D,AO,TP,D
14:45:38,PTBA,RG,4530,1,D,AO,SQ,D
14:45:38,PTBA,RG,4530,300,D,AO,IF,D
14:45:38,PTBA,RG,4530,1,D,AO,YU,D
14:45:38,PTBA,RG,4530,1,D,AO,KK,D
14:45:38,PTBA,RG,4530,40,D,AO,PD,D
14:45:38,PTBA,RG,4530,25,D,AO,KI,D
14:45:38,PTBA,RG,4530,100,D,AO,EP,D
14:45:38,PTBA,RG,4530,469,D,AO,NI,D
14:45:38,PTBA,RG,4530,200,D,AO,GR,D
14:45:38,PTBA,RG,4530,16,D,AO,DR,D
14:45:38,PTBA,RG,4530,3,D,AO,NI,D
14:45:38,PTBA,RG,4530,2,D,AO,YP,D
14:45:38,PTBA,RG,4530,1,D,AO,KK,D
14:45:38,PTBA,RG,4530,80,D,AO,YP,D
14:45:38,PTBA,RG,4530,10,D,AO,PD,D
14:45:38,PTBA,RG,4530,70,D,AO,NI,D
14:45:38,PTBA,RG,4530,5,D,AO,YP,D
14:45:38,PTBA,RG,4530,1,D,AO,XC,D
14:45:38,PTBA,RG,4530,684,D,AO,YU,D
14:45:38,PTBA,RG,4530,15,D,AO,YP,D
14:45:38,PTBA,RG,4530,100,D,AO,YP,D
14:45:38,PTBA,RG,4530,1,D,AO,OD,D
14:45:38,PTBA,RG,4530,1,D,AO,PD,D
14:45:38,PTBA,RG,4530,50,D,AO,DR,D
14:45:38,PTBA,RG,4530,50,D,AO,CC,D
14:45:38,PTBA,RG,4530,100,D,AO,GR,D
14:45:38,PTBA,RG,4530,200,D,AO,YJ,D
14:45:38,PTBA,RG,4530,200,D,AO,YJ,D
14:45:38,PTBA,RG,4530,1,D,AO,GR,D
14:45:38,PTBA,RG,4530,5,D,AO,PD,D
14:45:38,PTBA,RG,4530,179,D,AO,ZP,D
14:45:38,PTBA,RG,4530,10,D,PD,ZP,D
14:45:37,PTBA,RG,4530,1,D,CC,ZP,D
14:45:37,PTBA,RG,4530,745,F,CS,ZP,D
14:45:37,PTBA,RG,4530,39,F,CS,ZP,D
14:45:35,PTBA,RG,4530,55,D,BB,ZP,D
14:45:35,PTBA,RG,4520,25,D,SA,YP,D
14:45:26,PTBA,RG,4530,34,F,BK,ZP,D
14:45:21,PTBA,RG,4530,42,F,BK,ZP,D
14:45:16,PTBA,RG,4520,219,D,SA,XL,D
14:45:16,PTBA,RG,4530,31,F,BK,ZP,D
14:45:12,PTBA,RG,4530,3,D,XC,ZP,D
14:45:11,PTBA,RG,4530,112,F,BK,ZP,D
14:45:10,PTBA,RG,4530,15,D,PD,ZP,D
14:45:09,PTBA,RG,4530,725,F,CS,ZP,D
14:45:07,PTBA,RG,4520,30,D,SA,NI,D
14:45:06,PTBA,RG,4530,54,F,CS,ZP,D
14:45:05,PTBA,RG,4530,1,D,CC,ZP,D
14:45:01,PTBA,RG,4520,1,D,SA,PD,D
14:45:01,PTBA,RG,4520,5,D,SA,CC,D
14:44:59,PTBA,RG,4530,10,D,CC,ZP,D
14:44:59,PTBA,RG,4520,1,D,SA,XL,D
14:44:55,PTBA,RG,4530,44,D,CD,ZP,D
14:44:55,PTBA,RG,4530,20,D,NI,ZP,D
14:44:52,PTBA,RG,4530,5,D,EP,ZP,D
14:44:45,PTBA,RG,4530,51,D,BB,ZP,D
14:44:41,PTBA,RG,4520,3,D,SA,PD,D
14:44:40,PTBA,RG,4520,1,D,SA,CC,D
14:44:39,PTBA,RG,4520,12,D,SA,XC,D
14:44:39,PTBA,RG,4520,20,D,SA,YP,D
14:44:38,PTBA,RG,4530,2,F,CS,ZP,D
14:44:38,PTBA,RG,4530,822,F,CS,ZP,D
14:44:38,PTBA,RG,4530,50,F,CS,YP,D
14:44:34,PTBA,RG,4530,1,D,YP,XC,D
14:44:29,PTBA,RG,4520,150,D,SA,XC,D
14:44:23,PTBA,RG,4520,10,D,SA,YP,D
14:44:22,PTBA,RG,4520,3,D,SA,PD,D
14:44:22,PTBA,RG,4530,1,D,PD,LG,D
14:44:17,PTBA,RG,4520,7,D,SA,IP,D
14:44:17,PTBA,RG,4530,2,D,PD,LG,D
14:44:11,PTBA,RG,4530,10,D,OD,LG,D
14:44:06,PTBA,RG,4530,36,F,BK,LG,D
14:44:02,PTBA,RG,4530,102,F,BK,LG,D
14:44:02,PTBA,RG,4520,5,D,SA,NI,D
14:44:01,PTBA,RG,4520,50,D,SA,CC,D
14:44:00,PTBA,RG,4530,1076,F,CS,LG,D
14:43:59,PTBA,RG,4520,31,D,SA,PD,D
14:43:57,PTBA,RG,4530,23,D,BB,LG,D
14:43:52,PTBA,RG,4530,1,D,YP,LG,D
14:43:51,PTBA,RG,4520,1,D,SA,XL,D
14:43:44,PTBA,RG,4520,8,D,SA,CC,D
14:43:39,PTBA,RG,4530,5,D,XC,LG,D
14:43:35,PTBA,RG,4520,3,D,SA,PD,D
14:43:34,PTBA,RG,4520,10,D,SA,XL,D
14:43:33,PTBA,RG,4530,5,D,DR,LG,D
14:43:33,PTBA,RG,4530,1,D,CC,LG,D
14:43:30,PTBA,RG,4520,100,D,SA,AZ,D
14:43:29,PTBA,RG,4520,2,D,SA,XC,D
14:43:28,PTBA,RG,4520,1,D,SA,DH,D
14:43:23,PTBA,RG,4520,3,D,SA,PD,D
14:43:21,PTBA,RG,4520,200,D,SA,PD,D
14:43:19,PTBA,RG,4520,413,D,SA,YU,D
14:43:19,PTBA,RG,4520,6,D,XL,YU,D
14:43:19,PTBA,RG,4520,5,D,YP,YU,D
14:43:19,PTBA,RG,4520,50,F,CS,YU,D
14:43:19,PTBA,RG,4520,30,F,CS,YU,D
14:43:19,PTBA,RG,4520,10,D,YP,YU,D
14:43:19,PTBA,RG,4520,100,D,KK,YU,D
14:43:19,PTBA,RG,4520,5,D,DH,YU,D
14:43:19,PTBA,RG,4520,10,D,NI,YU,D
14:43:19,PTBA,RG,4520,25,D,YP,YU,D
14:43:19,PTBA,RG,4520,3,D,XC,YU,D
14:43:19,PTBA,RG,4520,4,F,YU,YU,D
14:43:19,PTBA,RG,4520,577,F,CS,YU,D
14:43:19,PTBA,RG,4520,200,D,YP,YU,D
14:43:19,PTBA,RG,4520,1,D,XL,YU,D
14:43:19,PTBA,RG,4520,100,D,YP,YU,D
14:43:19,PTBA,RG,4520,22,D,CC,YU,D
14:43:19,PTBA,RG,4520,15,D,PD,YU,D
14:43:19,PTBA,RG,4520,100,D,YP,YU,D
14:43:19,PTBA,RG,4520,1,D,DH,YU,D
14:43:19,PTBA,RG,4520,14,D,NI,YU,D
14:43:19,PTBA,RG,4520,5,D,XC,YU,D
14:43:19,PTBA,RG,4520,100,D,YP,YU,D
14:43:19,PTBA,RG,4520,2,D,XL,YU,D
14:43:19,PTBA,RG,4520,184,F,BK,YU,D
14:43:19,PTBA,RG,4520,18,D,BB,YU,D
14:43:18,PTBA,RG,4520,17,D,BB,YP,D
14:43:18,PTBA,RG,4520,41,F,CS,YP,D
14:43:18,PTBA,RG,4520,142,F,CS,YP,D
14:43:16,PTBA,RG,4520,10,F,CS,PD,D
14:43:14,PTBA,RG,4530,2,D,PD,LG,D
14:43:14,PTBA,RG,4530,44,D,XC,LG,D
14:43:10,PTBA,RG,4530,5,D,PD,LG,D
14:43:09,PTBA,RG,4530,4,D,XL,LG,D
14:43:07,PTBA,RG,4520,38,F,CS,PD,D
14:43:04,PTBA,RG,4530,51,D,BB,LG,D
14:43:04,PTBA,RG,4520,5,F,CS,XL,D
14:43:04,PTBA,RG,4530,68,D,GR,LG,D
14:43:02,PTBA,RG,4520,6,F,CS,NI,D
14:42:52,PTBA,RG,4520,11,F,CS,PD,D
14:42:52,PTBA,RG,4530,1,D,XC,LG,D
14:42:50,PTBA,RG,4520,10,F,CS,YP,D
14:42:44,PTBA,RG,4530,50,D,NI,LG,D
14:42:41,PTBA,RG,4520,3,F,CS,XC,D
14:42:40,PTBA,RG,4520,2,F,CS,CC,D
14:42:38,PTBA,RG,4530,1067,F,CS,LG,D
14:42:38,PTBA,RG,4520,13,F,CS,CC,D
14:42:38,PTBA,RG,4520,187,D,YP,CC,D
14:42:37,PTBA,RG,4520,2,D,YP,PD,D
14:42:37,PTBA,RG,4520,10,D,YP,YP,D
14:42:33,PTBA,RG,4520,10,D,YP,XC,D
14:42:33,PTBA,RG,4520,200,D,YP,CC,D
14:42:32,PTBA,RG,4520,2,D,YP,YP,D
14:42:30,PTBA,RG,4520,15,D,YP,YP,D
14:42:28,PTBA,RG,4520,2,D,YP,XC,D
14:42:27,PTBA,RG,4520,12,D,YP,SQ,D
14:42:21,PTBA,RG,4520,6,D,YP,XC,D
14:42:21,PTBA,RG,4520,2,D,YP,PD,D
14:42:21,PTBA,RG,4520,65,D,YP,YP,D
14:42:20,PTBA,RG,4520,118,D,YP,XC,D
14:42:19,PTBA,RG,4520,5,D,YP,YU,D
14:42:19,PTBA,RG,4530,3,D,XL,LG,D
14:42:17,PTBA,RG,4520,5,D,YP,EP,D
14:42:17,PTBA,RG,4530,45,D,BB,LG,D
14:42:16,PTBA,RG,4520,1,D,YP,NI,D
14:42:05,PTBA,RG,4520,158,D,YP,YP,D
14:42:05,PTBA,RG,4520,97,F,BK,YP,D
14:42:05,PTBA,RG,4520,1,D,YP,YP,D
14:42:05,PTBA,RG,4520,39,F,CS,YP,D
14:42:05,PTBA,RG,4520,13,D,BB,YP,D
14:42:05,PTBA,RG,4520,4,D,CC,YP,D
14:42:05,PTBA,RG,4520,38,D,CC,YP,D
14:42:05,PTBA,RG,4520,100,D,NI,YP,D
14:41:51,PTBA,RG,4530,9,F,CS,LG,D
14:41:51,PTBA,RG,4520,6,F,CS,CC,D
14:41:51,PTBA,RG,4520,1,F,CS,NI,D
14:41:51,PTBA,RG,4520,1,F,CS,CC,D
14:41:51,PTBA,RG,4520,4,F,CS,YP,D
14:41:50,PTBA,RG,4520,1,F,CS,YP,D
14:41:50,PTBA,RG,4520,22,F,CS,YP,D
14:41:49,PTBA,RG,4520,1,F,CS,YP,D
14:41:49,PTBA,RG,4520,23,F,CS,YP,D
14:41:49,PTBA,RG,4520,1,F,CS,YP,D
14:41:48,PTBA,RG,4520,37,D,YP,YP,D
14:41:48,PTBA,RG,4520,6,F,CS,YP,D
14:41:48,PTBA,RG,4520,5,F,CS,YP,D
14:41:48,PTBA,RG,4520,5,F,CS,PD,D
14:41:48,PTBA,RG,4520,107,F,CS,CS,F
14:41:47,PTBA,RG,4520,56,D,YP,CS,F
14:41:47,PTBA,RG,4520,6,D,YP,YP,D
14:41:47,PTBA,RG,4520,4,D,YP,AK,F
14:41:47,PTBA,RG,4520,20,D,YP,OD,D
14:41:47,PTBA,RG,4520,9,D,YP,AK,F
14:41:47,PTBA,RG,4520,10,D,YP,PD,D
14:41:47,PTBA,RG,4520,995,D,YP,YU,D
14:41:44,PTBA,RG,4520,1,D,YP,YU,D
14:41:44,PTBA,RG,4520,1,D,PD,YU,D
14:41:42,PTBA,RG,4510,2,D,CC,NI,D
14:41:42,PTBA,RG,4520,8,F,CS,YU,D
14:41:41,PTBA,RG,4520,3,D,NI,YU,D
14:41:39,PTBA,RG,4520,5,D,XC,YU,D
14:41:38,PTBA,RG,4520,1,D,PD,YU,D
14:41:36,PTBA,RG,4520,3,D,NI,YU,D
14:41:36,PTBA,RG,4520,1,D,XC,YU,D
14:41:36,PTBA,RG,4520,50,D,PD,YU,D
14:41:34,PTBA,RG,4520,31,D,SQ,YU,D
14:41:33,PTBA,RG,4520,8,D,DH,YU,D
14:41:32,PTBA,RG,4520,100,D,NI,YU,D
14:41:30,PTBA,RG,4520,65,D,RF,YU,D
14:41:29,PTBA,RG,4510,5,D,CC,YP,D
14:41:27,PTBA,RG,4520,2,D,PD,YU,D
14:41:26,PTBA,RG,4520,14,D,YP,YU,D
14:41:25,PTBA,RG,4520,50,D,OD,YU,D
14:41:24,PTBA,RG,4520,25,D,LG,YU,D
14:41:24,PTBA,RG,4520,42,D,BB,YU,D
14:41:22,PTBA,RG,4520,9,D,YP,YU,D
14:41:20,PTBA,RG,4520,45,D,YP,YU,D
14:41:18,PTBA,RG,4520,11,D,XC,YU,D
14:41:17,PTBA,RG,4520,2,D,PD,YU,D
14:41:17,PTBA,RG,4520,11,D,SS,YU,D
14:41:17,PTBA,RG,4520,10,D,XC,YU,D
14:41:17,PTBA,RG,4520,5,D,XL,YU,D
14:41:17,PTBA,RG,4520,3,D,NI,YU,D
14:41:17,PTBA,RG,4520,500,D,GR,YU,D
14:41:17,PTBA,RG,4520,50,D,XL,YU,D
14:41:17,PTBA,RG,4520,2,D,YP,YU,D
14:41:17,PTBA,RG,4520,4,D,SQ,YU,D
14:41:17,PTBA,RG,4520,2,D,YP,YU,D
14:41:17,PTBA,RG,4520,203,D,CC,YU,D
14:41:17,PTBA,RG,4520,3,D,YP,YU,D
14:41:17,PTBA,RG,4520,5,D,XC,YU,D
14:41:17,PTBA,RG,4520,10,D,PD,YU,D
14:41:17,PTBA,RG,4520,1,D,XC,YU,D
14:41:17,PTBA,RG,4520,6,D,YP,YU,D
14:41:17,PTBA,RG,4520,45,D,SQ,YU,D
14:41:17,PTBA,RG,4520,9,D,PD,YU,D
14:41:17,PTBA,RG,4520,20,D,GR,YU,D
14:41:17,PTBA,RG,4520,2,D,PD,YU,D
14:41:17,PTBA,RG,4520,10,D,IF,YU,D
14:41:17,PTBA,RG,4520,49,F,CS,YU,D
14:41:17,PTBA,RG,4520,500,D,YP,YU,D
14:41:17,PTBA,RG,4520,5,D,PD,YU,D
14:41:17,PTBA,RG,4520,1,D,PD,YU,D
14:41:17,PTBA,RG,4520,10,D,PD,YU,D
14:41:17,PTBA,RG,4520,2,D,PD,YU,D
14:41:17,PTBA,RG,4520,50,D,YP,YU,D
14:41:17,PTBA,RG,4520,22,D,KK,YU,D
14:41:17,PTBA,RG,4520,5,D,XL,YU,D
14:41:17,PTBA,RG,4520,5,D,XC,YU,D
14:41:17,PTBA,RG,4520,35,D,AT,YU,D
14:41:17,PTBA,RG,4520,10,D,PD,YU,D
14:41:17,PTBA,RG,4520,11,D,BB,YU,D
14:41:17,PTBA,RG,4520,1209,F,CS,YU,D
14:41:17,PTBA,RG,4520,100,D,EP,YU,D
14:41:17,PTBA,RG,4520,1,D,XC,YU,D
14:41:17,PTBA,RG,4520,10,D,XC,YU,D
14:41:17,PTBA,RG,4520,70,F,CS,YU,D
14:41:17,PTBA,RG,4520,6,F,YU,YU,D
14:41:17,PTBA,RG,4520,3,D,YP,YU,D
14:41:17,PTBA,RG,4520,30,D,LG,YU,D
14:41:17,PTBA,RG,4520,1,D,XC,YU,D
14:41:17,PTBA,RG,4520,1,D,CC,YU,D
14:41:17,PTBA,RG,4520,10,D,PD,YU,D
14:41:17,PTBA,RG,4520,2,D,SQ,YU,D
14:41:17,PTBA,RG,4520,50,D,LG,YU,D
14:41:17,PTBA,RG,4520,2,D,NI,YU,D
14:41:17,PTBA,RG,4520,22,D,YP,YU,D
14:41:17,PTBA,RG,4520,10,D,CC,YU,D
14:41:17,PTBA,RG,4520,25,D,EP,YU,D
14:41:17,PTBA,RG,4520,2,D,XC,YU,D
14:41:17,PTBA,RG,4520,3,D,PD,YU,D
14:41:17,PTBA,RG,4520,5,D,CP,YU,D
14:41:17,PTBA,RG,4520,10,D,DH,YU,D
14:41:17,PTBA,RG,4520,4,D,PD,YU,D
14:41:17,PTBA,RG,4520,5,D,XC,YU,D
14:41:17,PTBA,RG,4520,20,D,YP,YU,D
14:41:17,PTBA,RG,4520,4,D,XC,YU,D
14:41:17,PTBA,RG,4520,5,F,YU,YU,D
14:41:17,PTBA,RG,4520,5,D,KK,YU,D
14:41:17,PTBA,RG,4520,2,D,XC,YU,D
14:41:17,PTBA,RG,4520,1345,F,BK,YU,D
14:41:17,PTBA,RG,4520,90,D,SQ,YU,D
14:41:17,PTBA,RG,4520,5,D,YP,YU,D
14:41:17,PTBA,RG,4520,1000,D,PD,YU,D
14:41:17,PTBA,RG,4520,365,D,DX,YU,D
14:41:17,PTBA,RG,4530,2,D,XC,LG,D
14:41:15,PTBA,RG,4520,10,D,DX,CC,D
14:41:12,PTBA,RG,4530,14,D,XC,LG,D
14:41:10,PTBA,RG,4530,1,D,XL,LG,D
14:41:09,PTBA,RG,4520,149,D,DX,DR,D
14:41:03,PTBA,RG,4520,2,D,DX,PD,D
14:40:59,PTBA,RG,4530,2,D,XL,LG,D
14:40:56,PTBA,RG,4520,13,D,DX,NI,D
14:40:54,PTBA,RG,4520,20,D,DX,YJ,D
14:40:52,PTBA,RG,4530,57,F,BK,LG,D
14:40:49,PTBA,RG,4530,242,F,BK,LG,D
14:40:48,PTBA,RG,4530,1272,F,CS,LG,D
14:40:47,PTBA,RG,4530,17,D,XC,LG,D
14:40:44,PTBA,RG,4520,1,D,DX,PD,D
14:40:41,PTBA,RG,4520,1,D,DX,XC,D
14:40:40,PTBA,RG,4530,44,F,BK,LG,D
14:40:39,PTBA,RG,4530,34,D,NI,LG,D
14:40:36,PTBA,RG,4520,300,D,DX,EP,D
14:40:36,PTBA,RG,4530,44,F,BK,LG,D
14:40:34,PTBA,RG,4530,54,D,BB,LG,D
14:40:32,PTBA,RG,4520,1,D,DX,YP,D
14:40:19,PTBA,RG,4530,20,D,XC,LG,D
14:40:19,PTBA,RG,4530,1,D,XC,LG,D
14:40:16,PTBA,RG,4520,17,D,DX,PD,D
14:40:05,PTBA,RG,4520,100,D,DX,CC,D
14:40:04,PTBA,RG,4520,7,D,DX,PD,D
14:39:50,PTBA,RG,4520,14,D,DX,KK,D
14:39:50,PTBA,RG,4520,1,D,XL,KK,D
14:39:48,PTBA,RG,4530,51,F,BK,LG,D
14:39:48,PTBA,RG,4530,43,D,BB,LG,D
14:39:46,PTBA,RG,4520,2,D,XL,XL,D
14:39:44,PTBA,RG,4530,41,F,BK,LG,D
14:39:42,PTBA,RG,4530,250,D,XC,LG,D
14:39:37,PTBA,RG,4530,42,F,BK,LG,D
14:39:33,PTBA,RG,4530,14,D,PD,LG,D
14:39:32,PTBA,RG,4530,47,F,BK,LG,D
14:39:27,PTBA,RG,4530,97,F,BK,LG,D
14:39:27,PTBA,RG,4530,30,F,BK,CC,D
14:39:27,PTBA,RG,4530,10,F,BK,CC,D
14:39:27,PTBA,RG,4530,1,F,BK,CC,D
14:39:27,PTBA,RG,4530,25,F,BK,KI,D
14:39:27,PTBA,RG,4530,25,F,BK,KI,D
14:39:27,PTBA,RG,4530,1,F,BK,YP,D
14:39:27,PTBA,RG,4530,55,F,BK,SQ,D
14:39:26,PTBA,RG,4520,1,D,XL,XC,D
14:39:26,PTBA,RG,4520,2,D,XL,YP,D
14:39:25,PTBA,RG,4520,2,F,AK,CS,F
14:39:25,PTBA,RG,4520,6,F,AK,AK,F
14:39:25,PTBA,RG,4520,25,F,AK,KI,D
14:39:25,PTBA,RG,4520,100,F,AK,ZP,D
14:39:25,PTBA,RG,4520,1,F,AK,XC,D
14:39:25,PTBA,RG,4520,674,F,AK,RX,D
14:39:25,PTBA,RG,4520,24,F,AK,CC,D
14:39:23,PTBA,RG,4520,22,D,YP,CC,D
14:39:23,PTBA,RG,4520,12,D,YP,AK,F
14:39:23,PTBA,RG,4520,50,D,YP,YJ,D
14:39:23,PTBA,RG,4520,9,D,YP,CS,F
14:39:23,PTBA,RG,4520,9,D,YP,CS,F
14:39:23,PTBA,RG,4520,7,D,YP,CS,F
14:39:23,PTBA,RG,4520,891,D,YP,NI,D
14:39:20,PTBA,RG,4520,25,D,LG,NI,D
14:39:17,PTBA,RG,4510,7,D,CC,PD,D
14:39:13,PTBA,RG,4520,1,D,KK,NI,D
14:39:13,PTBA,RG,4520,25,D,DR,NI,D
14:39:12,PTBA,RG,4520,1,D,PD,NI,D
14:39:11,PTBA,RG,4520,44,D,YP,NI,D
14:39:11,PTBA,RG,4520,5,D,YP,NI,D
14:39:09,PTBA,RG,4510,1,D,CC,XC,D
14:39:07,PTBA,RG,4520,20,D,SQ,NI,D
14:39:05,PTBA,RG,4520,30,D,PD,NI,D
14:39:05,PTBA,RG,4520,58,D,PD,NI,D
14:39:00,PTBA,RG,4510,7,D,CC,PD,D
14:38:59,PTBA,RG,4520,5,D,XA,NI,D
14:38:59,PTBA,RG,4520,1,D,XL,NI,D
14:38:59,PTBA,RG,4520,1,D,YP,NI,D
14:38:57,PTBA,RG,4520,32,D,XC,NI,D
14:38:50,PTBA,RG,4520,121,F,CS,NI,D
14:38:50,PTBA,RG,4520,121,F,CS,NI,D
14:38:50,PTBA,RG,4520,121,F,CS,NI,D
14:38:50,PTBA,RG,4520,2,D,YP,NI,D
14:38:50,PTBA,RG,4520,111,F,CS,NI,D
14:38:50,PTBA,RG,4520,10,D,XA,NI,D
14:38:50,PTBA,RG,4520,2,D,XL,NI,D
14:38:50,PTBA,RG,4520,12,D,YP,NI,D
14:38:50,PTBA,RG,4520,5,D,XC,NI,D
14:38:50,PTBA,RG,4520,1,D,XC,NI,D
14:38:50,PTBA,RG,4520,50,D,TP,NI,D
14:38:50,PTBA,RG,4520,41,D,YU,NI,D
14:38:49,PTBA,RG,4520,1959,D,YU,ZP,D
14:38:49,PTBA,RG,4520,19,D,BB,ZP,D
14:38:49,PTBA,RG,4520,35,F,CS,ZP,D
14:38:49,PTBA,RG,4520,4,F,CS,ZP,D
14:38:49,PTBA,RG,4520,1,D,XL,ZP,D
14:38:49,PTBA,RG,4520,1159,F,BK,ZP,D
14:38:49,PTBA,RG,4520,10,D,PC,ZP,D
14:38:49,PTBA,RG,4520,101,D,SQ,ZP,D
14:38:49,PTBA,RG,4520,10,D,XL,ZP,D
14:38:49,PTBA,RG,4520,100,D,PF,ZP,D
14:38:49,PTBA,RG,4520,154,D,YP,ZP,D
14:38:49,PTBA,RG,4520,5,D,PD,ZP,D
14:38:49,PTBA,RG,4520,1,D,XC,ZP,D
14:38:49,PTBA,RG,4520,2,D,XC,ZP,D
14:38:49,PTBA,RG,4520,1,D,XC,ZP,D
14:38:49,PTBA,RG,4520,2,D,DR,ZP,D
14:38:49,PTBA,RG,4520,2,D,XC,ZP,D
14:38:49,PTBA,RG,4520,10,D,XC,ZP,D
14:38:49,PTBA,RG,4520,1,D,CC,ZP,D
14:38:49,PTBA,RG,4520,50,D,KK,ZP,D
14:38:49,PTBA,RG,4520,29,D,DX,ZP,D
14:38:49,PTBA,RG,4520,1000,D,YP,ZP,D
14:38:49,PTBA,RG,4520,35,D,YP,ZP,D
14:38:49,PTBA,RG,4520,11,D,XL,ZP,D
14:38:49,PTBA,RG,4520,100,D,IN,ZP,D
14:38:49,PTBA,RG,4520,199,D,CC,ZP,D
14:38:48,PTBA,RG,4530,35,D,BB,SQ,D
14:38:45,PTBA,RG,4520,10,D,CC,YP,D
14:38:42,PTBA,RG,4520,292,D,CC,ZP,D
14:38:42,PTBA,RG,4520,1,D,XC,ZP,D
14:38:42,PTBA,RG,4520,5,D,XC,ZP,D
14:38:42,PTBA,RG,4520,56,D,NI,ZP,D
14:38:42,PTBA,RG,4520,107,F,CS,ZP,D
14:38:42,PTBA,RG,4520,1000,D,DR,ZP,D
14:38:42,PTBA,RG,4520,5,D,YU,ZP,D
14:38:42,PTBA,RG,4520,7,D,DX,ZP,D
14:38:42,PTBA,RG,4520,1,D,CC,ZP,D
14:38:42,PTBA,RG,4520,5,D,XC,ZP,D
14:38:42,PTBA,RG,4520,847,F,BK,ZP,D
14:38:42,PTBA,RG,4520,3,F,YU,ZP,D
14:38:42,PTBA,RG,4520,12,D,XC,ZP,D
14:38:42,PTBA,RG,4520,2,D,GR,ZP,D
14:38:42,PTBA,RG,4520,51,D,EP,ZP,D
14:38:42,PTBA,RG,4520,200,D,CC,ZP,D
14:38:42,PTBA,RG,4520,200,D,PC,ZP,D
14:38:42,PTBA,RG,4520,1,D,XC,ZP,D
14:38:42,PTBA,RG,4520,15,D,SQ,ZP,D
14:38:42,PTBA,RG,4520,150,D,CC,ZP,D
14:38:42,PTBA,RG,4520,1000,D,YU,ZP,D
14:38:42,PTBA,RG,4520,1,D,XC,ZP,D
14:38:42,PTBA,RG,4520,1,D,XC,ZP,D
14:38:42,PTBA,RG,4520,3,F,YU,ZP,D
14:38:42,PTBA,RG,4520,3,D,CC,ZP,D
14:38:42,PTBA,RG,4520,2,D,YP,ZP,D
14:38:42,PTBA,RG,4520,8,D,XC,ZP,D
14:38:42,PTBA,RG,4520,20,D,GR,ZP,D
14:38:42,PTBA,RG,4520,2,D,MG,ZP,D
14:38:37,PTBA,RG,4520,8,D,MG,YJ,D
14:38:37,PTBA,RG,4520,20,D,NI,YJ,D
14:38:37,PTBA,RG,4520,12,D,PD,YJ,D
14:38:37,PTBA,RG,4520,10,F,CS,YJ,D
14:38:36,PTBA,RG,4530,47,F,BK,SQ,D
14:38:36,PTBA,RG,4530,28,D,LG,SQ,D
14:38:33,PTBA,RG,4530,97,F,BK,SQ,D
14:38:32,PTBA,RG,4530,55,D,XL,SQ,D
14:38:32,PTBA,RG,4530,10,D,SQ,SQ,D
14:38:32,PTBA,RG,4520,73,F,CS,ZP,D
14:38:32,PTBA,RG,4520,500,D,YP,ZP,D
14:38:32,PTBA,RG,4520,1,D,BQ,ZP,D
14:38:32,PTBA,RG,4520,5,D,YP,ZP,D
14:38:32,PTBA,RG,4520,10,D,PD,ZP,D
14:38:32,PTBA,RG,4520,1,D,KK,ZP,D
14:38:32,PTBA,RG,4520,3,D,PD,ZP,D
14:38:32,PTBA,RG,4520,46,D,XC,ZP,D
14:38:32,PTBA,RG,4520,35,D,KK,ZP,D
14:38:32,PTBA,RG,4520,19,D,XL,ZP,D
14:38:32,PTBA,RG,4520,1,D,PD,ZP,D
14:38:32,PTBA,RG,4520,2,F,YU,ZP,D
14:38:32,PTBA,RG,4520,100,D,MG,ZP,D
14:38:32,PTBA,RG,4520,463,D,YP,ZP,D
14:38:32,PTBA,RG,4520,100,D,IN,ZP,D
14:38:32,PTBA,RG,4520,852,F,BK,ZP,D
14:38:32,PTBA,RG,4520,2,D,PD,ZP,D
14:38:32,PTBA,RG,4520,2,D,XC,ZP,D
14:38:32,PTBA,RG,4520,350,D,KK,ZP,D
14:38:32,PTBA,RG,4520,19,D,BB,ZP,D
14:38:32,PTBA,RG,4520,250,D,AZ,ZP,D
14:38:32,PTBA,RG,4520,3,D,XC,ZP,D
14:38:32,PTBA,RG,4520,1174,F,CS,ZP,D
14:38:32,PTBA,RG,4520,26,F,CS,ZP,D
14:38:32,PTBA,RG,4520,963,D,PD,ZP,D
14:38:31,PTBA,RG,4520,10,D,PD,YP,D
14:38:30,PTBA,RG,4530,173,D,CC,SQ,D
14:38:30,PTBA,RG,4530,27,D,CC,EP,D
14:38:28,PTBA,RG,4530,1,D,KK,EP,D
14:38:27,PTBA,RG,4530,6,D,NI,EP,D
14:38:25,PTBA,RG,4530,16,F,CS,EP,D
14:38:25,PTBA,RG,4530,10,F,CS,YP,D
14:38:25,PTBA,RG,4530,9,F,CS,KK,D
14:38:25,PTBA,RG,4530,1,F,CS,YP,D
14:38:25,PTBA,RG,4530,90,F,CS,XC,D
14:38:25,PTBA,RG,4530,2,F,CS,PD,D
14:38:25,PTBA,RG,4530,10,F,CS,OD,D
14:38:25,PTBA,RG,4530,5,F,CS,PD,D
14:38:25,PTBA,RG,4530,11,F,CS,CC,D
14:38:25,PTBA,RG,4530,50,F,CS,AG,D
14:38:25,PTBA,RG,4530,1,F,CS,DR,D
14:38:25,PTBA,RG,4530,810,F,CS,ZP,D
14:38:23,PTBA,RG,4520,5,D,PD,XL,D
14:38:22,PTBA,RG,4520,6,D,PD,PD,D
14:38:20,PTBA,RG,4520,1,D,PD,XC,D
14:38:13,PTBA,RG,4530,1,D,NI,ZP,D
14:38:11,PTBA,RG,4520,2,D,PD,NI,D
14:38:10,PTBA,RG,4530,2,D,PD,ZP,D
14:38:10,PTBA,RG,4530,2,D,XC,ZP,D
14:38:06,PTBA,RG,4530,55,D,EP,ZP,D
14:38:05,PTBA,RG,4530,1,D,XC,ZP,D
14:38:05,PTBA,RG,4530,1,D,NI,ZP,D
14:37:59,PTBA,RG,4530,56,D,BB,ZP,D
14:37:56,PTBA,RG,4520,7,D,PD,PD,D
14:37:54,PTBA,RG,4530,3,D,XC,ZP,D
14:37:48,PTBA,RG,4530,1,D,XL,ZP,D
14:37:47,PTBA,RG,4530,40,D,YP,ZP,D
14:37:47,PTBA,RG,4520,9,D,PD,KK,D
14:37:46,PTBA,RG,4530,7,D,PD,ZP,D
14:37:44,PTBA,RG,4530,4,D,YP,ZP,D
14:37:43,PTBA,RG,4530,1,D,XC,ZP,D
14:37:37,PTBA,RG,4530,43,F,BK,ZP,D
14:37:35,PTBA,RG,4530,1184,F,CS,ZP,D
14:37:32,PTBA,RG,4530,1,D,XC,ZP,D
14:37:31,PTBA,RG,4530,1,D,PD,ZP,D
14:37:21,PTBA,RG,4530,7,D,YP,ZP,D
14:37:17,PTBA,RG,4520,15,D,PD,PD,D
14:37:08,PTBA,RG,4530,17,D,YP,ZP,D
14:37:07,PTBA,RG,4530,47,D,XL,ZP,D
14:37:07,PTBA,RG,4530,57,D,BB,ZP,D
14:37:01,PTBA,RG,4530,550,D,GR,ZP,D
14:36:55,PTBA,RG,4520,3,D,PD,YP,D
14:36:55,PTBA,RG,4520,6,D,PD,PD,D
14:36:51,PTBA,RG,4530,2,D,XC,ZP,D
14:36:48,PTBA,RG,4520,50,D,PD,YJ,D
14:36:48,PTBA,RG,4520,77,D,PD,XL,D
14:36:45,PTBA,RG,4520,172,D,PD,ZP,D
14:36:45,PTBA,RG,4520,10,D,KK,ZP,D
14:36:45,PTBA,RG,4520,7,D,YP,ZP,D
14:36:45,PTBA,RG,4520,5,D,YP,ZP,D
14:36:45,PTBA,RG,4520,50,F,YU,ZP,D
14:36:45,PTBA,RG,4520,115,D,YP,ZP,D
14:36:45,PTBA,RG,4520,2,D,PD,ZP,D
14:36:45,PTBA,RG,4520,53,F,CS,ZP,D
14:36:45,PTBA,RG,4520,200,D,KK,ZP,D
14:36:45,PTBA,RG,4520,10,D,XC,ZP,D
14:36:45,PTBA,RG,4520,15,D,XL,ZP,D
14:36:45,PTBA,RG,4520,250,D,SQ,ZP,D
14:36:45,PTBA,RG,4520,5,D,YP,ZP,D
14:36:45,PTBA,RG,4520,20,D,PC,ZP,D
14:36:45,PTBA,RG,4520,5,D,DH,ZP,D
14:36:45,PTBA,RG,4520,4,F,YU,ZP,D
14:36:45,PTBA,RG,4520,202,D,YP,ZP,D
14:36:45,PTBA,RG,4520,20,D,EP,ZP,D
14:36:45,PTBA,RG,4520,3,D,PD,ZP,D
14:36:45,PTBA,RG,4520,12,D,PD,ZP,D
14:36:45,PTBA,RG,4520,82,D,ZP,ZP,D
14:36:45,PTBA,RG,4520,326,F,CS,ZP,D
14:36:45,PTBA,RG,4520,1,D,XC,ZP,D
14:36:45,PTBA,RG,4520,18,D,NI,ZP,D
14:36:45,PTBA,RG,4520,1000,D,YP,ZP,D
14:36:45,PTBA,RG,4520,2,D,CC,ZP,D
14:36:45,PTBA,RG,4520,848,F,BK,ZP,D
14:36:45,PTBA,RG,4520,20,D,TF,ZP,D
14:36:45,PTBA,RG,4520,500,F,CS,ZP,D
14:36:45,PTBA,RG,4520,43,F,CS,ZP,D
14:36:41,PTBA,RG,4530,42,D,PD,ZP,D
14:36:38,PTBA,RG,4530,46,F,BK,ZP,D
14:36:33,PTBA,RG,4530,3,D,XC,ZP,D
14:36:32,PTBA,RG,4530,16,D,XC,ZP,D
14:36:32,PTBA,RG,4530,4,D,XC,AG,D
14:36:32,PTBA,RG,4530,1,D,XC,XC,D
14:36:32,PTBA,RG,4530,20,D,XC,CC,D
14:36:32,PTBA,RG,4530,10,D,XC,NI,D
14:36:32,PTBA,RG,4530,59,D,XC,YP,D
14:36:31,PTBA,RG,4520,1,D,YP,YP,D
14:36:30,PTBA,RG,4530,5,D,XC,YP,D
14:36:29,PTBA,RG,4530,11,D,CC,YP,D
14:36:18,PTBA,RG,4530,1,D,XC,YP,D
14:36:17,PTBA,RG,4530,44,D,NI,YP,D
14:36:17,PTBA,RG,4520,5,D,YP,YP,D
14:36:14,PTBA,RG,4530,53,D,BB,YP,D
14:36:03,PTBA,RG,4530,56,F,BK,YP,D
14:36:01,PTBA,RG,4520,32,D,YP,KK,D
14:35:59,PTBA,RG,4530,21,F,BK,YP,D
14:35:59,PTBA,RG,4530,100,F,BK,CC,D
14:35:58,PTBA,RG,4520,5,D,YP,EP,D
14:35:56,PTBA,RG,4520,1,F,AK,YP,D
14:35:56,PTBA,RG,4520,1,F,AK,CC,D
14:35:56,PTBA,RG,4520,10,F,AK,OD,D
14:35:56,PTBA,RG,4520,5,F,AK,AK,F
14:35:56,PTBA,RG,4520,10,F,AK,AZ,D
14:35:56,PTBA,RG,4520,19,F,AK,CS,F
14:35:56,PTBA,RG,4520,2,F,AK,AT,D
14:35:56,PTBA,RG,4520,8,F,AK,CC,D
14:35:56,PTBA,RG,4520,180,F,AK,RX,D
14:35:56,PTBA,RG,4520,1,F,AK,PD,D
14:35:56,PTBA,RG,4520,7,F,AK,XC,D
14:35:56,PTBA,RG,4520,41,F,AK,XL,D
14:35:56,PTBA,RG,4520,250,F,AK,OD,D
14:35:56,PTBA,RG,4520,105,F,AK,NI,D
14:35:56,PTBA,RG,4520,30,F,AK,DR,D
14:35:56,PTBA,RG,4520,5,F,AK,AK,F
14:35:56,PTBA,RG,4520,4,F,AK,CS,F
14:35:56,PTBA,RG,4520,3,F,AK,CS,F
14:35:56,PTBA,RG,4520,20,F,AK,XL,D
14:35:56,PTBA,RG,4520,35,F,AK,CS,D
14:35:56,PTBA,RG,4520,7,F,AK,AK,F
14:35:56,PTBA,RG,4520,11,F,AK,AK,F
14:35:56,PTBA,RG,4520,5,F,AK,AK,F
14:35:56,PTBA,RG,4520,1,F,AK,CP,D
14:35:56,PTBA,RG,4520,1,F,AK,AK,F
14:35:56,PTBA,RG,4520,40,F,CS,AK,F
14:35:56,PTBA,RG,4520,3,F,CS,AK,F
14:35:56,PTBA,RG,4520,28,F,BK,AK,F
14:35:55,PTBA,RG,4520,6,D,PD,AK,F
14:35:54,PTBA,RG,4520,18,D,DH,AK,F
14:35:54,PTBA,RG,4520,10,D,DH,CS,F
14:35:54,PTBA,RG,4520,15,F,CS,CS,F
14:35:54,PTBA,RG,4520,156,F,CS,ZP,D
14:35:54,PTBA,RG,4520,35,D,XC,ZP,D
14:35:53,PTBA,RG,4520,4,D,CC,ZP,D
14:35:53,PTBA,RG,4520,9,F,CS,ZP,D
14:35:53,PTBA,RG,4520,3,D,YP,ZP,D
14:35:52,PTBA,RG,4520,2,D,XC,ZP,D
14:35:52,PTBA,RG,4510,17,D,CC,PD,D
14:35:51,PTBA,RG,4520,29,F,BK,ZP,D
14:35:50,PTBA,RG,4520,1,D,YP,ZP,D
14:35:48,PTBA,RG,4520,46,F,BK,ZP,D
14:35:46,PTBA,RG,4520,223,F,CS,ZP,D
14:35:45,PTBA,RG,4520,71,F,BK,ZP,D
14:35:44,PTBA,RG,4520,1,D,XL,ZP,D
14:35:43,PTBA,RG,4520,10,F,CS,ZP,D
14:35:42,PTBA,RG,4520,2,D,LG,ZP,D
14:35:40,PTBA,RG,4520,10,D,YU,ZP,D
14:35:40,PTBA,RG,4520,422,F,BK,ZP,D
14:35:40,PTBA,RG,4520,40,D,YP,ZP,D
14:35:39,PTBA,RG,4520,31,D,NI,ZP,D
14:35:38,PTBA,RG,4520,126,D,NI,ZP,D
14:35:36,PTBA,RG,4520,2455,F,BK,ZP,D
14:35:35,PTBA,RG,4520,213,F,CS,ZP,D
14:35:33,PTBA,RG,4520,20,F,CS,ZP,D
14:35:31,PTBA,RG,4510,3,D,CC,XC,D
14:35:28,PTBA,RG,4520,1,D,XC,ZP,D
14:35:26,PTBA,RG,4510,1,D,CC,CC,D
14:35:25,PTBA,RG,4520,59,D,BB,ZP,D
14:35:25,PTBA,RG,4520,27,F,BK,ZP,D
14:35:24,PTBA,RG,4520,224,F,CS,ZP,D
14:35:15,PTBA,RG,4520,56,F,BK,ZP,D
14:35:13,PTBA,RG,4520,274,F,CS,ZP,D
14:35:12,PTBA,RG,4520,19,F,CS,ZP,D
14:35:11,PTBA,RG,4520,8,D,EP,ZP,D
14:35:07,PTBA,RG,4510,1,D,CC,PD,D
14:35:05,PTBA,RG,4520,1,D,PD,ZP,D
14:35:03,PTBA,RG,4510,7,D,CC,PD,D
14:35:00,PTBA,RG,4520,35,F,BK,ZP,D
14:35:00,PTBA,RG,4520,29,D,PD,ZP,D
14:35:00,PTBA,RG,4520,200,D,YP,ZP,D
14:34:59,PTBA,RG,4520,1,D,XC,ZP,D
14:34:58,PTBA,RG,4520,10,D,XC,ZP,D
14:34:57,PTBA,RG,4520,20,D,YP,ZP,D
14:34:56,PTBA,RG,4520,48,F,BK,ZP,D
14:34:54,PTBA,RG,4520,1,D,AZ,ZP,D
14:34:53,PTBA,RG,4520,52,F,BK,ZP,D
14:34:51,PTBA,RG,4520,26,F,AK,ZP,D
14:34:51,PTBA,RG,4520,36,F,AK,AK,F
14:34:51,PTBA,RG,4520,472,F,AK,CC,F
14:34:51,PTBA,RG,4520,5,F,AK,CC,D
14:34:51,PTBA,RG,4520,3,F,AK,KK,D
14:34:51,PTBA,RG,4520,132,F,AK,ZP,D
14:34:51,PTBA,RG,4520,25,F,CS,ZP,D
14:34:50,PTBA,RG,4520,843,D,YP,ZP,D
14:34:50,PTBA,RG,4520,7,D,YP,XL,D
14:34:50,PTBA,RG,4520,100,D,YP,XC,D
14:34:50,PTBA,RG,4520,10,D,YP,CC,D
14:34:50,PTBA,RG,4520,3,D,YP,CC,D
14:34:50,PTBA,RG,4520,1,D,YP,CC,D
14:34:50,PTBA,RG,4520,150,D,YP,PD,D
14:34:50,PTBA,RG,4520,139,D,YP,RX,D
14:34:50,PTBA,RG,4520,110,D,YP,YP,D
14:34:50,PTBA,RG,4520,5,D,YP,AK,F
14:34:50,PTBA,RG,4520,2,D,YP,AK,F
14:34:50,PTBA,RG,4520,10,D,YP,KK,D
14:34:50,PTBA,RG,4520,2,D,YP,CC,D
14:34:50,PTBA,RG,4520,12,D,YP,XL,D
14:34:50,PTBA,RG,4520,23,D,YP,CS,F
14:34:50,PTBA,RG,4520,123,D,YP,AT,D
14:34:42,PTBA,RG,4520,5,D,XC,AT,D
14:34:40,PTBA,RG,4520,1,D,XC,AT,D
14:34:38,PTBA,RG,4520,4,D,CC,AT,D
14:34:31,PTBA,RG,4520,1,D,PD,AT,D
14:34:31,PTBA,RG,4520,54,D,BB,AT,D
14:34:29,PTBA,RG,4510,13,D,CC,PD,D
14:34:29,PTBA,RG,4520,10,D,XA,AT,D
14:34:23,PTBA,RG,4520,1,D,CC,AT,D
14:34:23,PTBA,RG,4520,3,D,KK,AT,D
14:34:23,PTBA,RG,4520,5,D,PD,AT,D
14:34:18,PTBA,RG,4520,21,D,LG,AT,D
14:34:16,PTBA,RG,4520,49,D,XC,AT,D
14:34:11,PTBA,RG,4520,48,D,CC,AT,D
14:34:08,PTBA,RG,4510,1510,D,CC,ZP,D
14:34:08,PTBA,RG,4510,5,D,PD,ZP,D
14:34:08,PTBA,RG,4510,171,F,BK,ZP,D
14:34:08,PTBA,RG,4510,25,D,XL,ZP,D
14:34:08,PTBA,RG,4510,9,D,NI,ZP,D
14:34:08,PTBA,RG,4510,1,D,SQ,ZP,D
14:34:08,PTBA,RG,4510,20,D,SQ,ZP,D
14:34:08,PTBA,RG,4510,5,D,XL,ZP,D
14:34:08,PTBA,RG,4510,121,D,OD,ZP,D
14:34:08,PTBA,RG,4510,1,D,XC,ZP,D
14:34:08,PTBA,RG,4510,100,D,EP,ZP,D
14:34:08,PTBA,RG,4510,533,D,CC,ZP,D
14:34:08,PTBA,RG,4510,10,D,PD,ZP,D
14:34:08,PTBA,RG,4510,5,D,CC,ZP,D
14:34:08,PTBA,RG,4510,1,D,NI,ZP,D
14:34:08,PTBA,RG,4510,10,D,PD,ZP,D
14:34:08,PTBA,RG,4510,100,D,NI,ZP,D
14:34:08,PTBA,RG,4510,1,D,DR,ZP,D
14:34:08,PTBA,RG,4510,5,D,NI,ZP,D
14:34:08,PTBA,RG,4510,5,D,NI,ZP,D
14:34:08,PTBA,RG,4510,8,D,XL,ZP,D
14:34:08,PTBA,RG,4510,20,D,TF,ZP,D
14:34:08,PTBA,RG,4510,5,D,PD,ZP,D
14:34:08,PTBA,RG,4510,5,D,PD,ZP,D
14:34:08,PTBA,RG,4510,50,D,PD,ZP,D
14:34:08,PTBA,RG,4510,10,D,SQ,ZP,D
14:34:08,PTBA,RG,4510,1,D,XC,ZP,D
14:34:08,PTBA,RG,4510,50,D,OD,ZP,D
14:34:08,PTBA,RG,4510,13,D,XL,ZP,D
14:34:08,PTBA,RG,4510,5,D,KK,ZP,D
14:34:08,PTBA,RG,4510,2000,D,NI,ZP,D
14:34:08,PTBA,RG,4510,2,D,YP,ZP,D
14:34:08,PTBA,RG,4510,5,D,YP,ZP,D
14:34:08,PTBA,RG,4510,1,D,SQ,ZP,D
14:34:08,PTBA,RG,4510,7,D,DR,ZP,D
14:34:08,PTBA,RG,4510,2,D,YU,ZP,D
14:34:08,PTBA,RG,4510,1,D,PD,ZP,D
14:34:08,PTBA,RG,4510,5,D,XC,ZP,D
14:34:08,PTBA,RG,4510,2,D,PD,ZP,D
14:34:08,PTBA,RG,4510,2,D,PD,ZP,D
14:34:08,PTBA,RG,4510,10,D,PD,ZP,D
14:34:08,PTBA,RG,4510,2,D,CC,ZP,D
14:34:08,PTBA,RG,4510,1,D,XL,ZP,D
14:34:08,PTBA,RG,4510,100,D,ZP,ZP,D
14:34:08,PTBA,RG,4510,10,D,PD,ZP,D
14:34:08,PTBA,RG,4510,45,D,SQ,ZP,D
14:34:02,PTBA,RG,4520,1,D,XC,AT,D
14:34:00,PTBA,RG,4520,1,D,PD,AT,D
14:34:00,PTBA,RG,4520,20,D,XL,AT,D
14:33:59,PTBA,RG,4520,50,D,YJ,AT,D
14:33:56,PTBA,RG,4510,38,D,SQ,PD,D
14:33:55,PTBA,RG,4520,20,D,YP,AT,D
14:33:54,PTBA,RG,4520,35,D,NI,AT,D
14:33:52,PTBA,RG,4520,10,D,XC,AT,D
14:33:49,PTBA,RG,4520,1,D,XL,AT,D
14:33:48,PTBA,RG,4510,1,D,SQ,XC,D
14:33:48,PTBA,RG,4520,2,D,XC,AT,D
14:33:44,PTBA,RG,4520,5,D,CP,AT,D
14:33:43,PTBA,RG,4520,225,D,PD,AT,D
14:33:42,PTBA,RG,4520,343,D,NI,AT,D
14:33:41,PTBA,RG,4520,10,D,BB,AT,D
14:33:40,PTBA,RG,4520,440,D,KK,AT,D
14:33:39,PTBA,RG,4520,500,D,CC,AT,D
14:33:34,PTBA,RG,4520,40,D,PD,AT,D
14:33:34,PTBA,RG,4520,10,D,SQ,AT,D
14:33:31,PTBA,RG,4520,15,D,XC,AT,D
14:33:31,PTBA,RG,4520,1,D,XC,AT,D
14:33:29,PTBA,RG,4520,2,D,PD,AT,D
14:33:28,PTBA,RG,4520,100,D,MG,AT,D
14:33:27,PTBA,RG,4520,1,D,XC,AT,D
14:33:27,PTBA,RG,4510,2,D,SQ,XL,D
14:33:23,PTBA,RG,4520,50,D,YP,AT,D
14:33:23,PTBA,RG,4520,1,D,XC,AT,D
14:33:22,PTBA,RG,4520,310,D,CC,AT,D
14:33:21,PTBA,RG,4520,11,D,CC,AT,D
14:33:17,PTBA,RG,4520,15,D,PD,AT,D
14:33:10,PTBA,RG,4520,43,D,XC,AT,D
14:33:05,PTBA,RG,4520,175,D,YU,AT,D
14:33:03,PTBA,RG,4520,12,D,XC,AT,D
14:33:02,PTBA,RG,4520,8,D,XC,AT,D
14:33:00,PTBA,RG,4520,20,D,XL,AT,D
14:33:00,PTBA,RG,4520,5,D,XA,AT,D
14:32:59,PTBA,RG,4520,3,D,XC,AT,D
14:32:56,PTBA,RG,4520,1000,D,YP,AT,D
14:32:56,PTBA,RG,4520,1,D,KK,AT,D
14:32:55,PTBA,RG,4520,1,D,XL,AT,D
14:32:53,PTBA,RG,4520,92,D,YU,AT,D
14:32:53,PTBA,RG,4520,16,D,XL,AT,D
14:32:53,PTBA,RG,4520,1,D,PD,AT,D
14:32:52,PTBA,RG,4520,30,F,BK,AT,D
14:32:52,PTBA,RG,4520,10,D,CC,AT,D
14:32:52,PTBA,RG,4520,24,F,YU,AT,D
14:32:52,PTBA,RG,4520,9,D,XC,AT,D
14:32:52,PTBA,RG,4520,100,D,YP,AT,D
14:32:52,PTBA,RG,4520,10,D,XA,AT,D
14:32:52,PTBA,RG,4520,55,F,BK,AT,D
14:32:52,PTBA,RG,4520,91,D,BB,AT,D
14:32:52,PTBA,RG,4520,1,D,XL,AT,D
14:32:52,PTBA,RG,4520,25,D,KK,AT,D
14:32:52,PTBA,RG,4520,9,D,XL,AT,D
14:32:52,PTBA,RG,4520,20,D,LG,AT,D
14:32:52,PTBA,RG,4520,20,D,PD,AT,D
14:32:52,PTBA,RG,4520,50,D,CC,AT,D
14:32:52,PTBA,RG,4520,249,F,DX,AT,D
14:32:52,PTBA,RG,4520,3,D,PD,AT,D
14:32:52,PTBA,RG,4520,8,D,PD,AT,D
14:32:52,PTBA,RG,4520,205,D,YU,AT,D
14:32:52,PTBA,RG,4520,100,D,XC,AT,D
14:32:52,PTBA,RG,4520,20,D,XL,AT,D
14:32:52,PTBA,RG,4520,10,D,CC,AT,D
14:32:52,PTBA,RG,4520,30,F,CC,AT,D
14:32:50,PTBA,RG,4520,61,F,CC,OD,D
14:32:49,PTBA,RG,4520,9,F,CC,AG,D
14:32:49,PTBA,RG,4520,37,F,CC,EP,D
14:32:46,PTBA,RG,4520,168,F,CC,ZP,D
14:32:46,PTBA,RG,4520,100,D,AZ,ZP,D
14:32:46,PTBA,RG,4520,13,F,YU,ZP,D
14:32:46,PTBA,RG,4520,5,D,PD,ZP,D
14:32:46,PTBA,RG,4520,10,D,EP,ZP,D
14:32:46,PTBA,RG,4520,100,D,IN,ZP,D
14:32:46,PTBA,RG,4520,310,F,BK,ZP,D
14:32:46,PTBA,RG,4520,1000,D,CC,ZP,D
14:32:46,PTBA,RG,4520,40,D,XL,ZP,D
14:32:46,PTBA,RG,4520,2000,D,BQ,ZP,D
14:32:46,PTBA,RG,4520,13,F,BK,ZP,D
14:32:46,PTBA,RG,4520,5,D,XC,ZP,D
14:32:46,PTBA,RG,4520,9,D,CC,ZP,D
14:32:46,PTBA,RG,4520,31,F,CS,ZP,D
14:32:46,PTBA,RG,4520,78,F,CS,ZP,D
14:32:46,PTBA,RG,4520,120,D,BB,ZP,D
14:32:46,PTBA,RG,4520,1998,D,ZP,ZP,D
14:32:44,PTBA,RG,4520,1,D,ZP,XC,D
14:32:43,PTBA,RG,4520,24,D,ZP,XL,D
14:32:41,PTBA,RG,4520,50,D,ZP,SQ,D
14:32:35,PTBA,RG,4520,18,D,ZP,XL,D
14:32:34,PTBA,RG,4530,3,F,YU,CC,D
14:32:26,PTBA,RG,4530,3,D,PD,CC,D
14:32:25,PTBA,RG,4530,94,F,BK,CC,D
14:32:25,PTBA,RG,4530,1,F,BK,YP,D
14:32:25,PTBA,RG,4530,14,F,BK,XL,D
14:32:25,PTBA,RG,4530,5,F,BK,PD,D
14:32:25,PTBA,RG,4530,1,F,BK,XC,D
14:32:25,PTBA,RG,4530,76,F,BK,PD,D
14:32:25,PTBA,RG,4530,5,F,BK,DH,D
14:32:25,PTBA,RG,4530,25,F,BK,YP,D
14:32:25,PTBA,RG,4530,1,F,BK,XC,D
14:32:25,PTBA,RG,4530,3,F,BK,XC,D
14:32:25,PTBA,RG,4530,1,F,BK,KK,D
14:32:25,PTBA,RG,4530,3,F,BK,SQ,D
14:32:25,PTBA,RG,4530,50,F,BK,LG,D
14:32:25,PTBA,RG,4530,3,F,BK,NI,D
14:32:25,PTBA,RG,4530,5,F,BK,XC,D
14:32:25,PTBA,RG,4530,3,F,BK,XL,D
14:32:25,PTBA,RG,4530,427,F,BK,DH,D
14:32:25,PTBA,RG,4530,5,F,BK,NI,D
14:32:25,PTBA,RG,4530,2,F,BK,YP,D
14:32:25,PTBA,RG,4530,15,F,BK,SQ,D
14:32:25,PTBA,RG,4530,1,F,BK,NI,D
14:32:25,PTBA,RG,4530,291,F,BK,ZP,D
14:32:21,PTBA,RG,4520,3,D,ZP,AK,F
14:32:21,PTBA,RG,4520,12,D,ZP,CS,F
14:32:21,PTBA,RG,4520,6,D,ZP,AK,F
14:32:21,PTBA,RG,4520,5,D,ZP,AK,F
14:32:21,PTBA,RG,4520,36,D,ZP,AK,F
14:32:21,PTBA,RG,4520,275,D,ZP,CC,F
14:32:21,PTBA,RG,4520,16,D,ZP,CS,F
14:32:21,PTBA,RG,4520,2,D,ZP,XC,D
14:32:21,PTBA,RG,4520,1,D,ZP,AK,F
14:32:21,PTBA,RG,4520,10,D,ZP,HD,D
14:32:21,PTBA,RG,4520,90,D,ZP,SQ,D
14:32:21,PTBA,RG,4520,1,D,ZP,PD,D
14:32:21,PTBA,RG,4520,5,D,ZP,PD,D
14:32:21,PTBA,RG,4520,10,D,ZP,AG,D
14:32:21,PTBA,RG,4520,5,D,ZP,XL,D
14:32:21,PTBA,RG,4520,44,D,ZP,YP,D
14:32:21,PTBA,RG,4520,1,D,ZP,PD,D
14:32:21,PTBA,RG,4520,20,D,ZP,XC,D
14:32:21,PTBA,RG,4520,133,D,ZP,PD,D
14:32:21,PTBA,RG,4520,1,D,ZP,YP,D
14:32:21,PTBA,RG,4520,670,D,ZP,PD,D
14:32:21,PTBA,RG,4520,40,D,ZP,CC,D
14:32:21,PTBA,RG,4520,20,D,ZP,DR,D
14:32:21,PTBA,RG,4520,1,D,ZP,KK,D
14:32:21,PTBA,RG,4520,2,D,ZP,NI,D
14:32:21,PTBA,RG,4520,200,D,ZP,YP,D
14:32:21,PTBA,RG,4520,110,D,ZP,YP,D
14:32:21,PTBA,RG,4520,2,D,ZP,AK,F
14:32:21,PTBA,RG,4520,1,D,ZP,XC,D
14:32:21,PTBA,RG,4520,3,D,ZP,AK,F
14:32:21,PTBA,RG,4520,1,D,ZP,YP,D
14:32:21,PTBA,RG,4520,1,D,ZP,PC,D
14:32:21,PTBA,RG,4520,10,D,ZP,OD,D
14:32:21,PTBA,RG,4520,6,D,ZP,CS,D
14:32:21,PTBA,RG,4520,41,D,ZP,YP,D
14:32:21,PTBA,RG,4520,35,D,ZP,AK,F
14:32:21,PTBA,RG,4520,170,D,ZP,CS,F
14:32:21,PTBA,RG,4520,1,D,ZP,AK,F
14:32:21,PTBA,RG,4520,10,D,ZP,YB,D
14:32:21,PTBA,RG,4520,247,D,ZP,XC,D
14:32:21,PTBA,RG,4520,22,D,ZP,CC,D
14:32:21,PTBA,RG,4520,3,D,ZP,XL,D
14:32:21,PTBA,RG,4520,250,D,ZP,CC,D
14:32:21,PTBA,RG,4520,50,D,ZP,YP,D
14:32:21,PTBA,RG,4520,4,D,ZP,AK,F
14:32:21,PTBA,RG,4520,608,D,ZP,XC,D
14:32:21,PTBA,RG,4520,287,D,ZP,YP,D
14:32:21,PTBA,RG,4520,100,D,ZP,CC,D
14:32:21,PTBA,RG,4520,25,D,ZP,CS,F
14:32:21,PTBA,RG,4520,2,D,ZP,AK,F
14:32:21,PTBA,RG,4520,10,D,ZP,PD,D
14:32:21,PTBA,RG,4520,2,D,ZP,PD,D
14:32:21,PTBA,RG,4520,3,D,ZP,AK,F
14:32:21,PTBA,RG,4520,17,D,ZP,PD,D
14:32:21,PTBA,RG,4520,30,D,ZP,NI,D
14:32:21,PTBA,RG,4520,5,D,ZP,NI,D
14:32:21,PTBA,RG,4520,3,D,ZP,YP,D
14:32:21,PTBA,RG,4520,247,D,ZP,RX,D
14:32:21,PTBA,RG,4520,5,D,ZP,NI,D
14:32:21,PTBA,RG,4520,20,D,ZP,SQ,D
14:32:21,PTBA,RG,4520,5,D,ZP,YP,D
14:32:21,PTBA,RG,4520,5,D,ZP,SQ,D
14:32:21,PTBA,RG,4520,188,D,ZP,CS,F
14:32:21,PTBA,RG,4520,20,D,ZP,YP,D
14:32:21,PTBA,RG,4520,25,D,ZP,YP,D
14:32:21,PTBA,RG,4520,4,D,ZP,DR,D
14:32:21,PTBA,RG,4520,2,D,ZP,XC,D
14:32:21,PTBA,RG,4520,225,D,ZP,XC,D
14:32:21,PTBA,RG,4520,5,D,ZP,AK,F
14:32:21,PTBA,RG,4520,37,D,ZP,AK,F
14:32:21,PTBA,RG,4520,25,D,ZP,XL,D
14:32:21,PTBA,RG,4520,10,D,ZP,CS,F
14:32:21,PTBA,RG,4520,5,D,ZP,KK,D
14:32:21,PTBA,RG,4520,1,D,ZP,XC,D
14:32:21,PTBA,RG,4520,5,D,ZP,SQ,D
14:32:21,PTBA,RG,4520,2,D,ZP,CC,D
14:32:21,PTBA,RG,4520,5,D,ZP,AK,F
14:32:21,PTBA,RG,4520,1,D,ZP,AK,F
14:32:21,PTBA,RG,4520,28,D,ZP,CS,F
14:32:21,PTBA,RG,4520,2,D,ZP,SQ,D
14:32:21,PTBA,RG,4520,2,D,ZP,AK,F
14:32:21,PTBA,RG,4520,3,D,ZP,AK,F
14:32:21,PTBA,RG,4520,5,D,ZP,XL,D
14:32:21,PTBA,RG,4520,25,D,ZP,KI,D
14:32:21,PTBA,RG,4520,30,D,ZP,PD,D
14:32:21,PTBA,RG,4520,18,D,ZP,OD,D
14:32:21,PTBA,RG,4520,25,D,ZP,KI,D
14:32:21,PTBA,RG,4520,200,D,ZP,PD,D
14:32:21,PTBA,RG,4520,5,D,ZP,XL,D
14:32:21,PTBA,RG,4520,11,D,ZP,XC,D
14:32:21,PTBA,RG,4520,30,D,ZP,GR,D
14:32:21,PTBA,RG,4520,2,D,ZP,YU,D
14:32:21,PTBA,RG,4520,11,D,ZP,DR,D
14:32:21,PTBA,RG,4520,25,D,ZP,NI,D
14:32:21,PTBA,RG,4520,4,D,ZP,PD,D
14:32:21,PTBA,RG,4520,1250,D,ZP,CD,D
14:32:21,PTBA,RG,4520,20,D,ZP,XC,D
14:32:21,PTBA,RG,4520,8,D,ZP,YP,D
14:32:21,PTBA,RG,4520,63,D,ZP,PD,D
14:32:21,PTBA,RG,4520,5,D,ZP,AK,F
14:32:21,PTBA,RG,4520,2,D,ZP,XC,D
14:32:21,PTBA,RG,4520,30,D,ZP,AG,D
14:32:21,PTBA,RG,4520,20,D,ZP,YP,D
14:32:21,PTBA,RG,4520,4,D,ZP,BQ,D
14:32:21,PTBA,RG,4520,41,D,ZP,AK,F
14:32:21,PTBA,RG,4520,30,D,ZP,YP,D
14:32:21,PTBA,RG,4520,20,D,ZP,YP,D
14:32:21,PTBA,RG,4520,30,D,ZP,YJ,D
14:32:21,PTBA,RG,4520,101,D,ZP,CC,F
14:32:21,PTBA,RG,4520,26,D,ZP,CS,F
14:32:21,PTBA,RG,4520,4,D,ZP,CS,F
14:32:21,PTBA,RG,4520,500,D,ZP,LG,D
14:32:21,PTBA,RG,4520,819,D,ZP,LG,D
14:32:20,PTBA,RG,4520,39,F,BK,LG,D
14:32:17,PTBA,RG,4520,27,F,CS,LG,D
14:32:16,PTBA,RG,4520,69,F,BK,LG,D
14:32:15,PTBA,RG,4520,46,D,CC,LG,D
14:32:15,PTBA,RG,4520,25,D,CC,NI,D
14:32:15,PTBA,RG,4520,29,D,CC,ZP,D
14:32:14,PTBA,RG,4520,553,D,IF,ZP,D
14:32:14,PTBA,RG,4520,2,D,XL,ZP,D
14:32:12,PTBA,RG,4520,6,F,YU,ZP,D
14:32:11,PTBA,RG,4520,9,D,XC,ZP,D
14:32:10,PTBA,RG,4520,5,D,PD,ZP,D
14:32:08,PTBA,RG,4520,31,F,BK,ZP,D
14:32:06,PTBA,RG,4520,41,D,XC,ZP,D
14:32:04,PTBA,RG,4510,7,D,SQ,PD,D
14:32:04,PTBA,RG,4520,1,D,XC,ZP,D
14:32:03,PTBA,RG,4510,5,D,SQ,CC,D
14:32:02,PTBA,RG,4520,10,D,CC,ZP,D
14:32:01,PTBA,RG,4520,1,D,XL,ZP,D
14:31:57,PTBA,RG,4520,100,D,YP,ZP,D
14:31:55,PTBA,RG,4520,2,D,PD,ZP,D
14:31:50,PTBA,RG,4520,51,F,BK,ZP,D
14:31:48,PTBA,RG,4520,20,D,CC,ZP,D
14:31:48,PTBA,RG,4520,10,D,OD,ZP,D
14:31:48,PTBA,RG,4520,3,D,NI,ZP,D
14:31:46,PTBA,RG,4520,157,D,YP,ZP,D
14:31:46,PTBA,RG,4520,26,F,CS,ZP,D
14:31:39,PTBA,RG,4520,1,D,XC,ZP,D
14:31:39,PTBA,RG,4520,9,F,YU,ZP,D
14:31:38,PTBA,RG,4520,66,D,PD,ZP,D
14:31:35,PTBA,RG,4520,37,D,EP,ZP,D
14:31:34,PTBA,RG,4520,23,D,NI,ZP,D
14:31:33,PTBA,RG,4520,14,D,XL,ZP,D
14:31:29,PTBA,RG,4520,50,D,KK,ZP,D
14:31:26,PTBA,RG,4520,36,F,BK,ZP,D
14:31:25,PTBA,RG,4520,10,D,PD,ZP,D
14:31:24,PTBA,RG,4520,2,D,XC,ZP,D
14:31:21,PTBA,RG,4520,100,D,PD,ZP,D
14:31:21,PTBA,RG,4520,2,D,NI,ZP,D
14:31:20,PTBA,RG,4520,32,F,BK,ZP,D
14:31:20,PTBA,RG,4520,4,D,XL,ZP,D
14:31:20,PTBA,RG,4520,10,D,NI,ZP,D
14:31:20,PTBA,RG,4510,25,D,SQ,KK,D
14:31:18,PTBA,RG,4520,134,D,BB,ZP,D
14:31:17,PTBA,RG,4520,1,D,XC,ZP,D
14:31:16,PTBA,RG,4520,27,F,CS,ZP,D
14:31:13,PTBA,RG,4520,1,D,XC,ZP,D
14:31:10,PTBA,RG,4520,4,D,YP,ZP,D
14:31:09,PTBA,RG,4520,5,D,PD,ZP,D
14:31:06,PTBA,RG,4520,20,D,PD,ZP,D
14:31:03,PTBA,RG,4520,15,D,YP,ZP,D
14:30:59,PTBA,RG,4520,1,D,XL,ZP,D
14:30:59,PTBA,RG,4510,7,D,SQ,CS,D
14:30:58,PTBA,RG,4520,5,D,NI,ZP,D
14:30:55,PTBA,RG,4520,39,D,SQ,ZP,D
14:30:55,PTBA,RG,4520,1,D,XC,ZP,D
14:30:53,PTBA,RG,4520,30,F,BK,ZP,D
14:30:50,PTBA,RG,4520,2,D,YP,ZP,D
14:30:49,PTBA,RG,4520,10,D,XC,ZP,D
14:30:49,PTBA,RG,4520,20,D,LG,ZP,D
14:30:47,PTBA,RG,4520,60,F,DX,ZP,D
14:30:45,PTBA,RG,4520,1,D,PD,ZP,D
14:30:45,PTBA,RG,4520,10,D,XC,ZP,D
14:30:45,PTBA,RG,4520,2,D,PD,ZP,D
14:30:44,PTBA,RG,4520,27,F,CS,ZP,D
14:30:44,PTBA,RG,4520,10,D,XC,ZP,D
14:30:43,PTBA,RG,4520,2,F,YU,ZP,D
14:30:41,PTBA,RG,4520,3,D,NI,ZP,D
14:30:37,PTBA,RG,4520,1,D,XL,ZP,D
14:30:37,PTBA,RG,4510,5,D,SQ,YU,D
14:30:36,PTBA,RG,4520,10,D,EP,ZP,D
14:30:34,PTBA,RG,4510,1,D,SQ,XL,D
14:30:28,PTBA,RG,4520,30,D,CC,ZP,D
14:30:27,PTBA,RG,4520,27,F,BK,ZP,D
14:30:25,PTBA,RG,4520,6,D,PD,ZP,D
14:30:25,PTBA,RG,4520,10,D,CC,ZP,D
14:30:25,PTBA,RG,4520,50,D,YP,ZP,D
14:30:24,PTBA,RG,4520,1,D,XC,ZP,D
14:30:24,PTBA,RG,4520,30,D,SQ,ZP,D
14:30:22,PTBA,RG,4520,10,D,PD,ZP,D
14:30:19,PTBA,RG,4520,22,D,YP,ZP,D
14:30:19,PTBA,RG,4510,17,D,SQ,PD,D
14:30:18,PTBA,RG,4520,27,F,BK,ZP,D
14:30:15,PTBA,RG,4520,61,D,XC,ZP,D
14:30:14,PTBA,RG,4520,10,D,CC,ZP,D
14:30:13,PTBA,RG,4520,30,D,PD,ZP,D
14:30:13,PTBA,RG,4520,24,F,CS,ZP,D
14:30:13,PTBA,RG,4520,1,D,PD,ZP,D
14:30:11,PTBA,RG,4520,4,D,PD,ZP,D
14:30:10,PTBA,RG,4520,100,D,LG,ZP,D
14:30:07,PTBA,RG,4520,1,F,YU,ZP,D
14:30:05,PTBA,RG,4520,1,D,NI,ZP,D
14:30:00,PTBA,RG,4520,8,D,XC,ZP,D
14:29:59,PTBA,RG,4520,6,D,XC,ZP,D
14:29:58,PTBA,RG,4520,3,D,NI,ZP,D
14:29:55,PTBA,RG,4520,41,F,BK,ZP,D
14:29:52,PTBA,RG,4520,3,D,XC,ZP,D
14:29:51,PTBA,RG,4510,547,D,SQ,ZP,F
14:29:51,PTBA,RG,4510,365,D,SQ,ZP,F
14:29:50,PTBA,RG,4520,5,F,YU,ZP,D
14:29:44,PTBA,RG,4520,24,F,CS,ZP,D
14:29:42,PTBA,RG,4520,50,D,EP,ZP,D
14:29:42,PTBA,RG,4510,216,D,SQ,ZP,F
14:29:42,PTBA,RG,4510,165,D,SQ,ZP,F
14:29:42,PTBA,RG,4520,3,D,EP,ZP,D
14:29:42,PTBA,RG,4520,10,D,XC,ZP,D
14:29:41,PTBA,RG,4510,10,D,SQ,KK,D
14:29:41,PTBA,RG,4510,304,D,SQ,ZP,F
14:29:41,PTBA,RG,4510,229,D,SQ,ZP,F
14:29:37,PTBA,RG,4520,27,D,NI,ZP,D
14:29:37,PTBA,RG,4520,5,D,XC,ZP,D
14:29:32,PTBA,RG,4520,4,D,NI,ZP,D
14:29:31,PTBA,RG,4520,19,D,CC,ZP,D
14:29:28,PTBA,RG,4520,4,D,XC,ZP,D
14:29:27,PTBA,RG,4520,141,D,BB,ZP,D
14:29:26,PTBA,RG,4520,45,D,YP,ZP,D
14:29:22,PTBA,RG,4510,1,D,SQ,XC,D
14:29:13,PTBA,RG,4520,25,F,CS,ZP,D
14:29:13,PTBA,RG,4520,26,D,XC,ZP,D
14:29:10,PTBA,RG,4520,7,D,XC,ZP,D
14:29:08,PTBA,RG,4510,31,D,SQ,CC,D
14:29:08,PTBA,RG,4510,10,D,SQ,OD,D
14:29:07,PTBA,RG,4520,11,D,XC,ZP,D
14:29:07,PTBA,RG,4520,1,F,YU,ZP,D
14:29:05,PTBA,RG,4520,9,D,YP,ZP,D
14:28:59,PTBA,RG,4520,2,D,DR,ZP,D
14:28:57,PTBA,RG,4520,46,F,BK,ZP,D
14:28:55,PTBA,RG,4520,10,D,NI,ZP,D
14:28:55,PTBA,RG,4520,1,D,PD,ZP,D
14:28:52,PTBA,RG,4510,55,D,SQ,ZP,F
14:28:51,PTBA,RG,4520,186,F,BK,ZP,D
14:28:50,PTBA,RG,4520,20,D,AF,ZP,D
14:28:46,PTBA,RG,4520,1,D,XC,ZP,D
14:28:46,PTBA,RG,4510,1914,D,SQ,SQ,D
14:28:46,PTBA,RG,4510,20,D,GR,SQ,D
14:28:46,PTBA,RG,4510,2,D,YP,SQ,D
14:28:46,PTBA,RG,4510,2,D,XL,SQ,D
14:28:46,PTBA,RG,4510,1,D,XC,SQ,D
14:28:46,PTBA,RG,4510,3,D,XC,SQ,D
14:28:46,PTBA,RG,4510,2,D,CC,SQ,D
14:28:46,PTBA,RG,4510,10,D,YP,SQ,D
14:28:46,PTBA,RG,4510,5,D,PD,SQ,D
14:28:46,PTBA,RG,4510,50,D,DH,SQ,D
14:28:46,PTBA,RG,4510,9,D,DR,SQ,D
14:28:46,PTBA,RG,4510,20,D,CC,SQ,D
14:28:46,PTBA,RG,4510,1,D,PD,SQ,D
14:28:46,PTBA,RG,4510,1,D,YP,SQ,D
14:28:46,PTBA,RG,4510,50,D,GR,SQ,D
14:28:46,PTBA,RG,4510,3,D,YP,SQ,D
14:28:46,PTBA,RG,4510,75,D,CC,SQ,D
14:28:46,PTBA,RG,4510,5,D,PD,SQ,D
14:28:46,PTBA,RG,4510,7,D,XC,SQ,D
14:28:46,PTBA,RG,4510,300,D,XA,SQ,D
14:28:46,PTBA,RG,4510,3,D,YP,SQ,D
14:28:46,PTBA,RG,4510,3,D,NI,SQ,D
14:28:46,PTBA,RG,4510,4,D,PD,SQ,D
14:28:46,PTBA,RG,4510,10,D,YP,SQ,D
14:28:46,PTBA,RG,4510,2,D,PD,YU,D
14:28:46,PTBA,RG,4510,1,D,YP,YU,D
14:28:45,PTBA,RG,4520,1,D,NI,ZP,D
14:28:43,PTBA,RG,4510,3,D,YP,OD,D
14:28:43,PTBA,RG,4510,7,D,YP,OD,D
14:28:43,PTBA,RG,4510,10,D,YP,CC,D
14:28:43,PTBA,RG,4510,83,D,YP,ZP,F
14:28:43,PTBA,RG,4510,34,D,XC,ZP,F
14:28:42,PTBA,RG,4520,24,F,CS,ZP,D
14:28:42,PTBA,RG,4520,4,D,PD,ZP,D
14:28:41,PTBA,RG,4510,169,D,XC,ZP,F
14:28:41,PTBA,RG,4520,33,F,BK,ZP,D
14:28:38,PTBA,RG,4520,1,D,XC,ZP,D
14:28:37,PTBA,RG,4520,18,D,NI,ZP,D
14:28:36,PTBA,RG,4520,25,D,LG,ZP,D
14:28:32,PTBA,RG,4510,1,D,XC,PD,D
14:28:32,PTBA,RG,4520,4,D,XC,ZP,D
14:28:27,PTBA,RG,4520,2,D,PD,ZP,D
14:28:24,PTBA,RG,4520,15,D,NI,ZP,D
14:28:24,PTBA,RG,4520,10,D,PD,ZP,D
14:28:23,PTBA,RG,4520,10,D,XC,ZP,D
14:28:22,PTBA,RG,4510,5,D,XC,OD,D
14:28:21,PTBA,RG,4510,38,D,XC,PD,D
14:28:21,PTBA,RG,4520,11,D,YP,ZP,D
14:28:18,PTBA,RG,4520,10,D,PD,ZP,D
14:28:17,PTBA,RG,4520,2,D,NI,ZP,D
14:28:16,PTBA,RG,4520,1,D,NI,ZP,D
14:28:15,PTBA,RG,4510,157,D,XC,ZP,F
14:28:14,PTBA,RG,4520,66,F,DX,ZP,D
14:28:14,PTBA,RG,4520,30,F,BK,ZP,D
14:28:13,PTBA,RG,4520,1,D,XL,ZP,D
14:28:12,PTBA,RG,4520,25,F,CS,ZP,D
14:28:09,PTBA,RG,4520,20,D,YP,ZP,D
14:28:07,PTBA,RG,4520,10,D,OD,ZP,D
14:27:59,PTBA,RG,4520,5,D,XL,ZP,D
14:27:58,PTBA,RG,4520,1,D,XC,ZP,D
14:27:57,PTBA,RG,4510,110,D,XC,YP,D
14:27:53,PTBA,RG,4510,239,D,XC,ZP,F
14:27:49,PTBA,RG,4520,50,F,BK,ZP,D
14:27:47,PTBA,RG,4510,102,D,XC,YP,D
14:27:47,PTBA,RG,4510,1,D,DR,YP,D
14:27:47,PTBA,RG,4510,10,D,PC,YP,D
14:27:47,PTBA,RG,4510,2,D,PD,YP,D
14:27:47,PTBA,RG,4510,10,D,YP,YP,D
14:27:47,PTBA,RG,4510,3,D,PD,YP,D
14:27:47,PTBA,RG,4510,25,D,YP,YP,D
14:27:47,PTBA,RG,4510,69,D,YP,YP,D
14:27:47,PTBA,RG,4520,113,D,XC,ZP,D
14:27:46,PTBA,RG,4520,45,D,EP,ZP,D
14:27:45,PTBA,RG,4520,5,D,XC,ZP,D
14:27:44,PTBA,RG,4520,31,F,BK,ZP,D
14:27:44,PTBA,RG,4510,31,D,YP,ZP,F
14:27:44,PTBA,RG,4510,15,D,XL,ZP,F
14:27:44,PTBA,RG,4510,25,D,XL,ZP,F
14:27:43,PTBA,RG,4510,40,D,NI,ZP,F
14:27:43,PTBA,RG,4510,3,D,DR,ZP,F
14:27:43,PTBA,RG,4510,5,D,YP,ZP,F
14:27:43,PTBA,RG,4510,1,D,IF,ZP,F
14:27:43,PTBA,RG,4510,60,D,SQ,ZP,F
14:27:43,PTBA,RG,4510,59,D,CC,ZP,F
14:27:43,PTBA,RG,4510,10,D,PD,ZP,F
14:27:43,PTBA,RG,4510,10,D,PD,ZP,F
14:27:43,PTBA,RG,4510,20,D,GR,ZP,F
14:27:43,PTBA,RG,4510,2,D,XC,ZP,F
14:27:43,PTBA,RG,4510,5,D,XC,ZP,F
14:27:43,PTBA,RG,4510,3,D,PD,ZP,F
14:27:43,PTBA,RG,4510,3,D,XC,ZP,F
14:27:43,PTBA,RG,4510,6,D,CC,ZP,F
14:27:42,PTBA,RG,4520,100,D,YP,ZP,D
14:27:42,PTBA,RG,4520,48,F,BK,ZP,D
14:27:41,PTBA,RG,4520,23,F,CS,ZP,D
14:27:40,PTBA,RG,4520,1,D,XL,ZP,D
14:27:38,PTBA,RG,4520,10,D,XC,ZP,D
14:27:38,PTBA,RG,4510,44,D,CC,ZP,F
14:27:38,PTBA,RG,4510,10,D,XL,ZP,F
14:27:38,PTBA,RG,4510,56,D,NI,ZP,F
14:27:38,PTBA,RG,4510,13,D,AT,ZP,F
14:27:38,PTBA,RG,4510,5,D,DR,ZP,F
14:27:38,PTBA,RG,4510,1,D,KK,ZP,F
14:27:38,PTBA,RG,4510,50,D,CC,ZP,F
14:27:38,PTBA,RG,4510,150,D,LH,ZP,F
14:27:38,PTBA,RG,4510,1,D,XC,ZP,F
14:27:38,PTBA,RG,4510,1,D,XL,ZP,F
14:27:38,PTBA,RG,4510,50,D,EP,ZP,F
14:27:38,PTBA,RG,4510,5,D,PD,ZP,F
14:27:38,PTBA,RG,4510,180,D,YP,ZP,F
14:27:38,PTBA,RG,4510,1,D,NI,ZP,F
14:27:38,PTBA,RG,4510,163,D,ES,ZP,F
14:27:32,PTBA,RG,4520,160,D,YP,ZP,D
14:27:32,PTBA,RG,4520,20,D,YP,ZP,D
14:27:31,PTBA,RG,4520,20,D,ZP,ZP,D
14:27:31,PTBA,RG,4520,47,F,BK,ZP,D
14:27:30,PTBA,RG,4510,16,D,ES,XL,D
14:27:29,PTBA,RG,4520,165,D,BB,ZP,D
14:27:27,PTBA,RG,4510,10,D,ES,PD,D
14:27:25,PTBA,RG,4520,10,D,CC,ZP,D
14:27:24,PTBA,RG,4520,1,D,XC,ZP,D
14:27:12,PTBA,RG,4520,24,F,CS,ZP,D
14:27:11,PTBA,RG,4520,2,D,XC,ZP,D
14:27:03,PTBA,RG,4520,47,F,BK,ZP,D
14:26:59,PTBA,RG,4520,460,D,YP,ZP,D
14:26:59,PTBA,RG,4510,1,D,ES,PD,D
14:26:57,PTBA,RG,4520,200,D,CC,ZP,D
14:26:56,PTBA,RG,4520,7,F,BK,ZP,D
14:26:56,PTBA,RG,4520,2,F,BK,AK,F
14:26:56,PTBA,RG,4520,3,F,BK,AK,F
14:26:56,PTBA,RG,4520,1,F,BK,NI,D
14:26:56,PTBA,RG,4520,14,F,BK,BQ,D
14:26:54,PTBA,RG,4510,12,D,ES,PD,D
14:26:53,PTBA,RG,4510,229,D,ES,ZP,F
14:26:52,PTBA,RG,4520,2,D,NI,BQ,D
14:26:44,PTBA,RG,4510,12,D,ES,ZP,F
14:26:43,PTBA,RG,4520,5,D,NI,BQ,D
14:26:43,PTBA,RG,4510,6,D,ES,KK,D
14:26:42,PTBA,RG,4510,51,D,ES,ZP,F
14:26:42,PTBA,RG,4510,20,D,YP,ZP,F
14:26:42,PTBA,RG,4510,64,D,PD,ZP,F
14:26:42,PTBA,RG,4510,2,D,PD,ZP,F
14:26:42,PTBA,RG,4510,30,D,PD,ZP,F
14:26:42,PTBA,RG,4510,100,D,YP,ZP,F
14:26:42,PTBA,RG,4510,1,D,XC,ZP,F
14:26:42,PTBA,RG,4510,23,D,BQ,ZP,F
14:26:42,PTBA,RG,4520,1,D,NI,BQ,D
14:26:41,PTBA,RG,4520,31,F,CS,BQ,D
14:26:37,PTBA,RG,4520,1,D,CC,BQ,D
14:26:37,PTBA,RG,4520,44,F,BK,BQ,D
14:26:36,PTBA,RG,4520,1,D,KK,BQ,D
14:26:32,PTBA,RG,4520,23,D,PD,BQ,D
14:26:29,PTBA,RG,4520,1,D,XC,BQ,D
14:26:28,PTBA,RG,4510,20,D,BQ,EP,D
14:26:24,PTBA,RG,4520,65,D,PD,BQ,D
14:26:24,PTBA,RG,4520,1,D,XC,BQ,D
14:26:23,PTBA,RG,4510,222,D,BQ,YP,D
14:26:22,PTBA,RG,4520,15,D,XC,BQ,D
14:26:22,PTBA,RG,4520,1,D,XC,BQ,D
14:26:17,PTBA,RG,4520,3,D,PD,BQ,D
14:26:17,PTBA,RG,4520,10,D,KK,BQ,D
14:26:07,PTBA,RG,4520,2,D,XL,BQ,D
14:26:04,PTBA,RG,4520,1,D,YP,BQ,D
14:26:02,PTBA,RG,4520,29,F,CS,BQ,D
14:26:02,PTBA,RG,4520,3,F,CS,CS,F
14:26:01,PTBA,RG,4520,10,D,DH,CS,F
14:25:53,PTBA,RG,4520,44,F,BK,CS,F
14:25:53,PTBA,RG,4520,53,D,OD,CS,F
14:25:52,PTBA,RG,4510,99,D,BQ,ZP,F
14:25:49,PTBA,RG,4520,57,F,DX,CS,F
14:25:47,PTBA,RG,4520,6,D,OD,CS,F
14:25:42,PTBA,RG,4510,50,D,BQ,EP,D
14:25:42,PTBA,RG,4510,174,D,BQ,ZP,F
14:25:40,PTBA,RG,4520,15,D,EP,CS,F
14:25:40,PTBA,RG,4520,14,D,EP,YP,D
14:25:38,PTBA,RG,4520,5,D,PD,YP,D
14:25:33,PTBA,RG,4520,55,D,KI,YP,D
14:25:30,PTBA,RG,4520,1,D,XC,YP,D
14:25:29,PTBA,RG,4520,1,D,YP,YP,D
14:25:28,PTBA,RG,4520,39,F,BK,YP,D
14:25:27,PTBA,RG,4520,50,D,EP,YP,D
14:25:24,PTBA,RG,4520,52,F,BK,YP,D
14:25:22,PTBA,RG,4520,24,F,CS,YP,D
14:25:21,PTBA,RG,4510,17,D,BQ,PD,D
14:25:20,PTBA,RG,4520,4,D,PD,YP,D
14:25:19,PTBA,RG,4520,55,D,OD,YP,D
14:25:19,PTBA,RG,4520,50,D,OD,FS,D
14:25:19,PTBA,RG,4520,30,D,OD,OD,D
14:25:19,PTBA,RG,4520,6,D,OD,AK,F
14:25:19,PTBA,RG,4520,100,D,OD,LG,D
14:25:19,PTBA,RG,4520,20,D,OD,XC,D
14:25:19,PTBA,RG,4520,50,D,OD,YP,D
14:25:19,PTBA,RG,4520,7,D,OD,CS,D
14:25:19,PTBA,RG,4520,15,D,OD,KK,D
14:25:19,PTBA,RG,4520,1,D,OD,NI,D
14:25:19,PTBA,RG,4520,5,D,OD,CC,D
14:25:19,PTBA,RG,4520,50,D,OD,PD,D
14:25:19,PTBA,RG,4520,3,D,OD,SQ,D
14:25:19,PTBA,RG,4520,167,D,OD,PD,D
14:25:18,PTBA,RG,4520,180,D,YP,PD,D
14:25:15,PTBA,RG,4520,55,F,BK,PD,D
14:25:14,PTBA,RG,4520,10,D,XC,PD,D
14:25:12,PTBA,RG,4520,12,D,CC,PD,D
14:25:12,PTBA,RG,4520,500,D,OD,PD,D
14:25:11,PTBA,RG,4520,1,D,YP,PD,D
14:25:11,PTBA,RG,4520,33,F,BK,PD,D
14:25:10,PTBA,RG,4520,10,D,KK,PD,D
14:25:10,PTBA,RG,4510,10,D,BQ,YU,D
14:25:09,PTBA,RG,4520,8,D,PD,PD,D
14:25:09,PTBA,RG,4520,3,D,PD,PD,D
14:25:09,PTBA,RG,4520,21,D,OD,PD,D
14:25:09,PTBA,RG,4520,6,D,OD,AK,F
14:25:09,PTBA,RG,4520,7,D,OD,AK,F
14:25:09,PTBA,RG,4520,380,D,OD,RX,D
14:25:09,PTBA,RG,4520,2,D,OD,AK,F
14:25:09,PTBA,RG,4520,6,D,OD,AK,F
14:25:09,PTBA,RG,4520,2,D,OD,AK,F
14:25:09,PTBA,RG,4520,3,D,OD,AK,F
14:25:09,PTBA,RG,4520,37,D,OD,AK,F
14:25:09,PTBA,RG,4520,36,D,OD,AK,F
14:25:09,PTBA,RG,4520,19,D,BB,AK,F
14:25:09,PTBA,RG,4520,160,D,BB,ZP,F
14:25:08,PTBA,RG,4520,29,F,BK,ZP,F
14:25:06,PTBA,RG,4520,1,D,XC,ZP,F
14:25:05,PTBA,RG,4520,50,D,XL,ZP,F
14:25:05,PTBA,RG,4520,133,D,OD,ZP,F
14:25:05,PTBA,RG,4520,33,D,OD,CS,F
14:25:05,PTBA,RG,4520,334,D,OD,ZP,F
14:25:05,PTBA,RG,4520,1,D,KK,ZP,F
14:25:03,PTBA,RG,4520,49,F,BK,ZP,F
14:25:01,PTBA,RG,4520,10,D,XC,ZP,F
14:25:00,PTBA,RG,4520,6,D,XC,ZP,F
14:25:00,PTBA,RG,4520,9,D,CC,ZP,F
14:24:59,PTBA,RG,4520,200,D,OD,ZP,F
14:24:59,PTBA,RG,4520,83,D,OD,ZP,F
14:24:59,PTBA,RG,4520,417,D,OD,AT,D
14:24:58,PTBA,RG,4520,10,D,PD,AT,D
14:24:56,PTBA,RG,4520,8,D,YP,AT,D
14:24:55,PTBA,RG,4520,2,D,XC,AT,D
14:24:53,PTBA,RG,4520,47,F,BK,AT,D
14:24:51,PTBA,RG,4520,16,D,XC,AT,D
14:24:51,PTBA,RG,4520,5,D,YB,AT,D
14:24:51,PTBA,RG,4520,31,F,CS,AT,D
14:24:50,PTBA,RG,4520,2,D,XC,AT,D
14:24:48,PTBA,RG,4520,5,D,CC,AT,D
14:24:47,PTBA,RG,4510,103,D,BQ,ZP,F
14:24:45,PTBA,RG,4520,3,D,PD,AT,D
14:24:42,PTBA,RG,4520,5,D,CC,AT,D
14:24:42,PTBA,RG,4520,5,D,NI,AT,D
14:24:41,PTBA,RG,4520,29,D,XC,AT,D
14:24:40,PTBA,RG,4520,5,D,YB,AT,D
14:24:39,PTBA,RG,4520,8,D,PD,AT,D
14:24:37,PTBA,RG,4520,11,D,PD,AT,D
14:24:37,PTBA,RG,4520,31,F,BK,AT,D
14:24:37,PTBA,RG,4510,10,D,BQ,PD,D
14:24:33,PTBA,RG,4510,10,D,BQ,CC,D
14:24:32,PTBA,RG,4510,94,D,BQ,ZP,F
14:24:32,PTBA,RG,4520,40,F,BK,AT,D
14:24:31,PTBA,RG,4510,168,D,BQ,ZP,F
14:24:31,PTBA,RG,4510,5,D,XL,ZP,F
14:24:31,PTBA,RG,4510,92,D,AZ,ZP,F
14:24:29,PTBA,RG,4520,150,D,CC,AT,D
14:24:27,PTBA,RG,4510,214,D,AZ,XL,D
14:24:26,PTBA,RG,4510,28,D,AZ,RX,D
14:24:26,PTBA,RG,4520,5,D,OD,AT,D
14:24:26,PTBA,RG,4520,1,D,XC,AT,D
14:24:24,PTBA,RG,4510,16,D,AZ,CC,D
14:24:24,PTBA,RG,4510,20,D,HP,CC,D
14:24:24,PTBA,RG,4510,10,D,CC,CC,D
14:24:24,PTBA,RG,4510,3,D,PD,CC,D
14:24:24,PTBA,RG,4510,5,D,YP,CC,D
14:24:24,PTBA,RG,4510,1,D,XC,CC,D
14:24:24,PTBA,RG,4510,15,D,PD,CC,D
14:24:23,PTBA,RG,4520,27,D,YP,AT,D
14:24:20,PTBA,RG,4520,30,D,YB,AT,D
14:24:20,PTBA,RG,4520,1,D,NI,AT,D
14:24:16,PTBA,RG,4520,50,F,BK,AT,D
14:24:14,PTBA,RG,4520,364,F,BK,AT,D
14:24:13,PTBA,RG,4520,11,D,PD,AT,D
14:24:13,PTBA,RG,4510,35,D,PD,ZP,D
14:24:13,PTBA,RG,4510,1,D,NI,ZP,D
14:24:13,PTBA,RG,4510,9,D,CC,ZP,D
14:24:13,PTBA,RG,4510,3,D,PD,ZP,D
14:24:13,PTBA,RG,4510,5,D,PD,ZP,D
14:24:13,PTBA,RG,4510,2,D,YP,ZP,D
14:24:13,PTBA,RG,4510,8,D,XL,ZP,D
14:24:13,PTBA,RG,4510,4937,D,SQ,ZP,D
14:24:09,PTBA,RG,4520,45,F,CS,AT,D
14:24:08,PTBA,RG,4510,5,D,SQ,CS,D
14:24:08,PTBA,RG,4520,1,D,CP,AT,D
14:24:06,PTBA,RG,4510,12,D,SQ,CC,D
14:24:05,PTBA,RG,4520,10,D,CC,AT,D
14:24:05,PTBA,RG,4510,1,D,SQ,XL,D
14:23:58,PTBA,RG,4510,45,D,SQ,SQ,D
14:23:58,PTBA,RG,4510,4,D,PD,SQ,D
14:23:58,PTBA,RG,4510,5,D,SQ,SQ,D
14:23:58,PTBA,RG,4510,9,D,CC,SQ,D
14:23:55,PTBA,RG,4520,27,F,BK,AT,D
14:23:54,PTBA,RG,4520,1,D,XC,AT,D
14:23:53,PTBA,RG,4510,1,D,CC,ZP,F
14:23:53,PTBA,RG,4510,10,D,XC,ZP,F
14:23:53,PTBA,RG,4510,10,D,YP,ZP,F
14:23:53,PTBA,RG,4510,3,D,YP,ZP,F
14:23:53,PTBA,RG,4510,48,D,CP,ZP,F
14:23:52,PTBA,RG,4520,2,D,XL,AT,D
14:23:47,PTBA,RG,4510,29,D,CP,RX,D
14:23:44,PTBA,RG,4520,42,D,PD,AT,D
14:23:43,PTBA,RG,4510,84,D,CP,ZP,F
14:23:41,PTBA,RG,4510,315,D,CP,ZP,F
14:23:41,PTBA,RG,4510,10,D,CP,PD,D
14:23:39,PTBA,RG,4520,1,D,XC,AT,D
14:23:36,PTBA,RG,4510,1,D,CP,CC,D
14:23:33,PTBA,RG,4520,9,D,CC,AT,D
14:23:33,PTBA,RG,4520,180,D,YP,AT,D
14:23:26,PTBA,RG,4520,6,D,OD,AT,D
14:23:22,PTBA,RG,4510,2,D,CP,YP,D
14:23:16,PTBA,RG,4510,11,D,CP,CC,D
14:23:16,PTBA,RG,4510,40,D,XC,CC,D
14:23:16,PTBA,RG,4510,1,D,CC,CC,D
14:23:16,PTBA,RG,4510,10,D,CC,CC,D
14:23:16,PTBA,RG,4510,100,D,PD,CC,D
14:23:16,PTBA,RG,4510,2,D,NI,CC,D
14:23:16,PTBA,RG,4510,6,D,XC,CC,D
14:23:16,PTBA,RG,4510,5,D,YP,CC,D
14:23:16,PTBA,RG,4510,1,D,XL,CC,D
14:23:16,PTBA,RG,4510,66,D,XC,CC,D
14:23:16,PTBA,RG,4510,2,D,XC,CC,D
14:23:16,PTBA,RG,4510,5,D,XC,CC,D
14:23:16,PTBA,RG,4510,53,D,NI,CC,D
14:23:10,PTBA,RG,4520,4,D,OD,AT,D
14:23:07,PTBA,RG,4520,45,F,CS,AT,D
14:23:07,PTBA,RG,4510,33,D,NI,RX,D
14:23:07,PTBA,RG,4520,5,D,CC,AT,D
14:23:06,PTBA,RG,4520,2,D,XC,AT,D
14:23:02,PTBA,RG,4520,10,D,XC,AT,D
14:23:00,PTBA,RG,4520,16,D,PD,AT,D
14:22:59,PTBA,RG,4510,114,D,NI,XL,D
14:22:59,PTBA,RG,4510,8,D,XC,XL,D
14:22:59,PTBA,RG,4510,104,D,SQ,XL,D
14:22:59,PTBA,RG,4520,1,D,EP,AT,D
14:22:54,PTBA,RG,4520,2,D,XC,AT,D
14:22:53,PTBA,RG,4510,87,D,SQ,ZP,F
14:22:50,PTBA,RG,4510,1,D,SQ,XC,D
14:22:48,PTBA,RG,4510,1,D,SQ,YP,D
14:22:47,PTBA,RG,4520,180,D,YP,AT,D
14:22:44,PTBA,RG,4510,7,D,SQ,CC,D
14:22:44,PTBA,RG,4510,3,D,XC,CC,D
14:22:43,PTBA,RG,4510,1,D,XC,YP,D
14:22:43,PTBA,RG,4510,9,D,CC,YP,D
14:22:42,PTBA,RG,4510,158,D,CC,ZP,F
14:22:42,PTBA,RG,4520,20,D,XC,AT,D
14:22:41,PTBA,RG,4520,50,D,EP,AT,D
14:22:41,PTBA,RG,4510,225,D,CC,ZP,F
14:22:40,PTBA,RG,4520,200,D,CC,AT,D
14:22:39,PTBA,RG,4520,80,D,BB,AT,D
14:22:35,PTBA,RG,4520,1,D,PD,AT,D
14:22:29,PTBA,RG,4520,1,D,XC,AT,D
14:22:27,PTBA,RG,4520,13,D,XC,AT,D
14:22:24,PTBA,RG,4520,5,D,OD,AT,D
14:22:22,PTBA,RG,4510,41,D,CC,RX,D
14:22:21,PTBA,RG,4520,1,D,PD,AT,D
14:22:18,PTBA,RG,4510,571,D,CC,ZP,F
14:22:18,PTBA,RG,4520,1,D,NI,AT,D
14:22:11,PTBA,RG,4520,22,D,YP,AT,D
14:22:08,PTBA,RG,4520,24,F,CS,AT,D
14:22:04,PTBA,RG,4520,25,D,CC,AT,D
14:22:01,PTBA,RG,4520,4,D,PD,AT,D
14:22:00,PTBA,RG,4520,25,D,XL,AT,D
14:22:00,PTBA,RG,4520,54,D,NI,AT,D
14:22:00,PTBA,RG,4520,50,D,KK,AT,D
14:21:59,PTBA,RG,4520,3,D,NI,AT,D
14:21:52,PTBA,RG,4520,50,D,CC,AT,D
14:21:51,PTBA,RG,4510,95,D,CC,ZP,F
14:21:51,PTBA,RG,4520,5,D,XC,AT,D
14:21:50,PTBA,RG,4520,50,D,TP,AT,D
14:21:46,PTBA,RG,4520,5,D,PD,AT,D
14:21:42,PTBA,RG,4510,86,D,CC,ZP,F
14:21:41,PTBA,RG,4520,1,D,PD,AT,D
14:21:41,PTBA,RG,4510,258,D,CC,ZP,F
14:21:40,PTBA,RG,4520,11,D,XL,AT,D
14:21:40,PTBA,RG,4520,16,D,PD,AT,D
14:21:38,PTBA,RG,4520,150,D,AT,AT,D
14:21:36,PTBA,RG,4520,3,D,XC,AT,D
14:21:34,PTBA,RG,4520,1,D,XC,AT,D
14:21:31,PTBA,RG,4520,16,D,XC,AT,D
14:21:27,PTBA,RG,4520,1,D,PD,AT,D
14:21:25,PTBA,RG,4510,7,D,CC,PD,D
14:21:24,PTBA,RG,4520,17,D,XC,AT,D
14:21:17,PTBA,RG,4520,23,D,XC,AT,D
14:21:13,PTBA,RG,4520,30,D,GR,AT,D
14:21:13,PTBA,RG,4520,1,D,CC,AT,D
14:21:12,PTBA,RG,4520,5,D,PD,AT,D
14:21:12,PTBA,RG,4520,300,D,CC,AT,D
14:21:09,PTBA,RG,4520,50,D,NI,AT,D
14:21:07,PTBA,RG,4520,70,D,PD,AT,D
14:21:07,PTBA,RG,4520,24,D,XC,AT,D
14:21:07,PTBA,RG,4520,1,D,XC,AT,D
14:21:05,PTBA,RG,4520,5,D,YP,AT,D
14:21:04,PTBA,RG,4520,1,F,AK,AT,D
14:21:04,PTBA,RG,4520,236,F,AK,AT,D
14:21:04,PTBA,RG,4520,5,D,EP,AT,D
14:20:59,PTBA,RG,4520,42,D,XC,AT,D
14:20:54,PTBA,RG,4520,100,D,AZ,AT,D
14:20:54,PTBA,RG,4520,150,D,NI,AT,D
14:20:52,PTBA,RG,4520,2,D,NI,AT,D
14:20:51,PTBA,RG,4520,3,D,XC,AT,D
14:20:49,PTBA,RG,4520,1,D,AZ,AT,D
14:20:44,PTBA,RG,4520,12,D,YP,AT,D
14:20:42,PTBA,RG,4520,5,D,XC,AT,D
14:20:40,PTBA,RG,4520,25,D,YP,AT,D
14:20:39,PTBA,RG,4520,5,D,XC,AT,D
14:20:35,PTBA,RG,4520,111,D,AT,AT,D
14:20:34,PTBA,RG,4520,50,D,YJ,AT,D
14:20:33,PTBA,RG,4520,1,D,CC,AT,D
14:20:33,PTBA,RG,4520,650,D,YP,AT,D
14:20:31,PTBA,RG,4520,5,D,XC,AT,D
14:20:30,PTBA,RG,4520,3,D,XC,AT,D
14:20:30,PTBA,RG,4520,5,D,OD,AT,D
14:20:30,PTBA,RG,4520,1,D,PD,AT,D
14:20:30,PTBA,RG,4520,100,D,CD,AT,D
14:20:30,PTBA,RG,4520,2,D,XC,AT,D
14:20:30,PTBA,RG,4520,1,D,XC,AT,D
14:20:30,PTBA,RG,4520,13,D,CC,AT,D
14:20:30,PTBA,RG,4520,1,D,PD,AT,D
14:20:30,PTBA,RG,4520,20,D,CC,AT,D
14:20:30,PTBA,RG,4520,30,D,DR,AT,D
14:20:30,PTBA,RG,4520,59,F,DX,AT,D
14:20:30,PTBA,RG,4520,5,D,PD,AT,D
14:20:30,PTBA,RG,4520,1,D,BQ,AT,D
14:20:30,PTBA,RG,4520,10,D,NI,AT,D
14:20:30,PTBA,RG,4520,23,D,CC,AT,D
14:20:30,PTBA,RG,4520,7,D,CC,ZP,F
14:20:30,PTBA,RG,4520,19,D,BB,ZP,F
14:20:30,PTBA,RG,4520,8,D,PD,ZP,F
14:20:30,PTBA,RG,4520,3,F,YU,ZP,F
14:20:30,PTBA,RG,4520,9,D,XL,ZP,F
14:20:30,PTBA,RG,4520,1,D,XL,ZP,F
14:20:30,PTBA,RG,4520,35,D,CC,ZP,F
14:20:30,PTBA,RG,4520,34,F,BK,ZP,F
14:20:30,PTBA,RG,4520,3,D,NI,ZP,F
14:20:30,PTBA,RG,4520,10,D,EP,ZP,F
14:20:30,PTBA,RG,4520,3,D,KK,ZP,F
14:20:30,PTBA,RG,4520,1,D,XC,ZP,F
14:20:30,PTBA,RG,4520,2,F,YU,ZP,F
14:20:30,PTBA,RG,4520,5,D,CC,ZP,F
14:20:30,PTBA,RG,4520,25,F,CS,ZP,F
14:20:30,PTBA,RG,4520,10,D,NI,ZP,F
14:20:30,PTBA,RG,4520,10,D,NI,ZP,F
14:20:30,PTBA,RG,4520,3,F,YU,ZP,F
14:20:30,PTBA,RG,4520,1,D,XC,ZP,F
14:20:30,PTBA,RG,4520,5,D,PD,ZP,F
14:20:29,PTBA,RG,4520,12,D,PD,EP,D
14:20:28,PTBA,RG,4520,5,D,PD,CC,D
14:20:22,PTBA,RG,4520,1,D,PD,XC,D
14:20:22,PTBA,RG,4530,1,D,XC,ZP,D
14:20:22,PTBA,RG,4530,5,D,OD,ZP,D
14:20:21,PTBA,RG,4520,43,D,PD,GR,D
14:20:21,PTBA,RG,4520,44,D,CC,GR,D
14:20:21,PTBA,RG,4520,1,D,PD,GR,D
14:20:21,PTBA,RG,4520,62,D,AZ,GR,D
14:20:19,PTBA,RG,4520,17,D,AZ,PD,D
14:20:11,PTBA,RG,4520,21,D,AZ,KK,D
14:20:11,PTBA,RG,4520,10,D,CC,KK,D
14:20:10,PTBA,RG,4520,25,D,CC,YP,D
14:20:09,PTBA,RG,4520,1,D,CC,KK,D
14:20:09,PTBA,RG,4520,1,D,CC,PD,D
14:20:04,PTBA,RG,4520,172,D,CC,XA,D
14:20:02,PTBA,RG,4520,50,D,CC,KK,D
14:19:59,PTBA,RG,4530,31,D,BB,ZP,D
14:19:58,PTBA,RG,4520,1,D,CC,PD,D
14:19:58,PTBA,RG,4520,3,D,CC,DH,D
14:19:58,PTBA,RG,4520,500,D,CC,PD,D
14:19:55,PTBA,RG,4530,3,D,XC,ZP,D
14:19:54,PTBA,RG,4520,2,D,CC,CC,D
14:19:53,PTBA,RG,4520,12,D,CC,DX,D
14:19:52,PTBA,RG,4520,753,D,CC,GR,D
14:19:52,PTBA,RG,4520,3,F,YU,GR,D
14:19:52,PTBA,RG,4520,10,D,SQ,GR,D
14:19:52,PTBA,RG,4520,4,D,YP,GR,D
14:19:52,PTBA,RG,4520,47,F,DX,GR,D
14:19:52,PTBA,RG,4520,19,D,BB,GR,D
14:19:52,PTBA,RG,4520,49,F,CS,GR,D
14:19:52,PTBA,RG,4520,10,D,XL,GR,D
14:19:52,PTBA,RG,4520,40,D,CC,GR,D
14:19:52,PTBA,RG,4520,55,D,KI,GR,D
14:19:52,PTBA,RG,4520,7,D,SQ,GR,D
14:19:52,PTBA,RG,4520,3,D,PD,GR,D
14:19:52,PTBA,RG,4520,7,D,PD,XL,D
14:19:51,PTBA,RG,4520,7,D,PD,CC,D
14:19:51,PTBA,RG,4520,3,D,GR,CC,D
14:19:46,PTBA,RG,4520,500,D,GR,LG,D
14:19:44,PTBA,RG,4520,48,D,GR,XC,D
14:19:43,PTBA,RG,4530,10,D,NI,ZP,D
14:19:42,PTBA,RG,4530,110,D,EP,ZP,D
14:19:39,PTBA,RG,4520,100,D,GR,XL,D
14:19:38,PTBA,RG,4530,1,D,CC,ZP,D
14:19:35,PTBA,RG,4530,10,D,NI,ZP,D
14:19:28,PTBA,RG,4530,200,D,CC,ZP,D
14:19:27,PTBA,RG,4520,4,D,GR,NI,D
14:19:25,PTBA,RG,4520,5,D,GR,PD,D
14:19:25,PTBA,RG,4520,32,D,GR,XC,D
14:19:25,PTBA,RG,4530,5,D,YP,ZP,D
14:19:20,PTBA,RG,4530,5,D,OD,ZP,D
14:19:12,PTBA,RG,4530,7,D,XC,ZP,D
14:19:09,PTBA,RG,4530,19,D,PD,ZP,D
14:18:57,PTBA,RG,4530,1,D,XC,ZP,D
14:18:57,PTBA,RG,4520,3,D,GR,YP,D
14:18:54,PTBA,RG,4520,220,D,GR,NI,D
14:18:54,PTBA,RG,4520,7,D,GR,PD,D
14:18:40,PTBA,RG,4520,2,D,GR,PD,D
14:18:39,PTBA,RG,4530,5,D,DR,ZP,D
14:18:37,PTBA,RG,4530,1,D,XL,ZP,D
14:18:34,PTBA,RG,4520,11,D,GR,XA,D
14:18:30,PTBA,RG,4530,23,D,BB,ZP,D
14:18:26,PTBA,RG,4520,259,D,GR,DR,D
14:18:26,PTBA,RG,4520,2,D,KK,DR,D
14:18:26,PTBA,RG,4520,3,D,DR,DR,D
14:18:26,PTBA,RG,4520,5,F,YU,DR,D
14:18:26,PTBA,RG,4520,2,D,NI,DR,D
14:18:26,PTBA,RG,4520,2,D,PD,DR,D
14:18:26,PTBA,RG,4520,11,D,CC,DR,D
14:18:26,PTBA,RG,4520,19,D,BB,DR,D
14:18:26,PTBA,RG,4520,150,D,PD,DR,D
14:18:26,PTBA,RG,4520,10,D,PD,DR,D
14:18:26,PTBA,RG,4520,2,D,XC,DR,D
14:18:26,PTBA,RG,4520,75,D,CC,DR,D
14:18:26,PTBA,RG,4520,20,D,GR,DR,D
14:18:26,PTBA,RG,4520,41,F,CS,DR,D
14:18:26,PTBA,RG,4520,67,F,CS,DR,D
14:18:26,PTBA,RG,4520,150,D,PD,DR,D
14:18:26,PTBA,RG,4520,8,D,NI,DR,D
14:18:26,PTBA,RG,4520,1,D,XC,DR,D
14:18:26,PTBA,RG,4520,20,F,YU,DR,D
14:18:26,PTBA,RG,4520,1,D,PD,DR,D
14:18:26,PTBA,RG,4520,152,D,XA,DR,D
14:18:24,PTBA,RG,4520,51,D,XA,YP,D
14:18:23,PTBA,RG,4520,1,D,XA,YU,D
14:18:14,PTBA,RG,4520,146,D,XA,CC,D
14:18:14,PTBA,RG,4520,200,D,PD,CC,D
14:18:14,PTBA,RG,4520,1,D,SQ,CC,D
14:18:14,PTBA,RG,4520,10,D,EP,CC,D
14:18:14,PTBA,RG,4520,20,D,SQ,CC,D
14:18:14,PTBA,RG,4520,2,D,YP,CC,D
14:18:14,PTBA,RG,4520,2,D,XL,CC,D
14:18:14,PTBA,RG,4520,6,D,OD,CC,D
14:18:14,PTBA,RG,4520,68,F,DX,CC,D
14:18:12,PTBA,RG,4520,28,F,DX,NI,D
14:18:04,PTBA,RG,4520,9,F,DX,PD,D
14:18:04,PTBA,RG,4520,8,D,XL,PD,D
14:18:01,PTBA,RG,4520,1,D,XL,GR,D
14:18:01,PTBA,RG,4520,15,D,CP,GR,D
14:18:01,PTBA,RG,4520,2,D,XL,GR,D
14:18:01,PTBA,RG,4520,9,F,YU,GR,D
14:18:01,PTBA,RG,4520,19,D,BB,GR,D
14:18:01,PTBA,RG,4520,954,D,BQ,GR,D
14:17:49,PTBA,RG,4520,1,D,BQ,XC,D
14:17:36,PTBA,RG,4520,40,D,BQ,XC,D
14:17:35,PTBA,RG,4530,51,D,BB,ZP,D
14:17:28,PTBA,RG,4520,2,D,BQ,XC,D
14:17:26,PTBA,RG,4530,5,D,XC,ZP,D
14:17:21,PTBA,RG,4520,3,D,BQ,HP,D
14:17:20,PTBA,RG,4520,3,F,AK,CS,F
14:17:19,PTBA,RG,4520,1,F,CS,CS,F
14:17:19,PTBA,RG,4520,1,D,YP,CS,F
14:17:18,PTBA,RG,4520,5,D,PD,CS,F
14:17:18,PTBA,RG,4530,5,F,CS,ZP,D
14:17:17,PTBA,RG,4520,5,F,CS,CS,F
14:17:17,PTBA,RG,4520,5,F,CS,CC,D
14:17:16,PTBA,RG,4520,13,F,CS,CC,D
14:17:16,PTBA,RG,4520,3,D,XL,CC,D
14:17:16,PTBA,RG,4520,5,D,XC,CC,D
14:17:16,PTBA,RG,4520,3,D,OD,CC,D
14:17:15,PTBA,RG,4520,1,D,OD,XC,D
14:17:15,PTBA,RG,4520,2,F,CS,XC,D
14:17:09,PTBA,RG,4530,161,F,AK,ZP,D
14:17:08,PTBA,RG,4520,1,F,AK,AK,F
14:17:08,PTBA,RG,4520,4,F,AK,AK,F
14:17:07,PTBA,RG,4520,2,D,YU,AK,F
14:17:07,PTBA,RG,4520,20,D,YU,YP,D
14:17:07,PTBA,RG,4520,2,D,YU,LG,D
14:17:07,PTBA,RG,4520,6,D,YU,CS,D
14:17:07,PTBA,RG,4520,3,D,YU,NI,D
14:17:07,PTBA,RG,4520,25,D,YU,PC,D
14:17:07,PTBA,RG,4520,200,D,YU,DH,D
14:17:07,PTBA,RG,4520,270,D,YU,EP,D
14:17:07,PTBA,RG,4520,22,D,YU,CS,F
14:17:07,PTBA,RG,4520,3,D,YU,AK,F
14:17:07,PTBA,RG,4520,1,D,YU,CC,D
14:17:07,PTBA,RG,4520,1,D,YU,EP,D
14:17:07,PTBA,RG,4520,174,D,YU,CS,F
14:17:07,PTBA,RG,4520,25,D,YU,NI,D
14:17:07,PTBA,RG,4520,20,D,YU,YP,D
14:17:07,PTBA,RG,4520,183,D,YU,RX,D
14:17:07,PTBA,RG,4520,400,D,YU,OD,D
14:17:07,PTBA,RG,4520,2,D,YU,XL,D
14:17:07,PTBA,RG,4520,85,D,YU,DR,D
14:17:07,PTBA,RG,4520,40,D,YU,OD,D
14:17:07,PTBA,RG,4520,5,D,YU,YP,D
14:17:07,PTBA,RG,4520,1,D,YU,LG,D
14:17:07,PTBA,RG,4520,6,D,YU,XL,D
14:17:07,PTBA,RG,4520,3,D,YU,AK,F
14:17:07,PTBA,RG,4520,1,D,YU,XL,D
14:17:07,PTBA,RG,4520,2,D,YU,YP,D
14:17:07,PTBA,RG,4520,2,D,YU,LG,D
14:17:07,PTBA,RG,4520,5,D,YU,AK,F
14:17:07,PTBA,RG,4520,10,D,YU,PD,D
14:17:07,PTBA,RG,4520,1000,D,YU,LG,D
14:17:07,PTBA,RG,4520,61,D,YU,CC,D
14:17:07,PTBA,RG,4520,750,D,YU,PD,D
14:17:07,PTBA,RG,4520,1417,D,YU,ZP,F
14:17:07,PTBA,RG,4520,2,D,YU,AK,F
14:17:07,PTBA,RG,4520,1000,D,YU,PD,D
14:17:07,PTBA,RG,4520,3,D,YU,AK,F
14:17:07,PTBA,RG,4520,3,D,YU,CC,D
14:17:07,PTBA,RG,4520,1,D,YU,TF,D
14:17:07,PTBA,RG,4520,38,D,YU,AK,F
14:17:07,PTBA,RG,4520,3,D,YU,CS,D
14:17:07,PTBA,RG,4520,28,D,YU,CS,F
14:17:07,PTBA,RG,4520,1675,D,YU,AT,D
14:17:07,PTBA,RG,4510,526,D,CC,ZP,F
14:17:05,PTBA,RG,4510,3,D,CC,PD,D
14:16:51,PTBA,RG,4520,20,D,CC,AT,D
14:16:48,PTBA,RG,4520,58,D,BB,AT,D
14:16:47,PTBA,RG,4510,21,D,CC,XC,D
14:16:47,PTBA,RG,4510,5,D,XC,XC,D
14:16:47,PTBA,RG,4510,11,D,YP,XC,D
14:16:47,PTBA,RG,4510,1,D,YP,XC,D
14:16:47,PTBA,RG,4510,2,D,EP,XC,D
14:16:46,PTBA,RG,4520,1,D,PD,AT,D
14:16:44,PTBA,RG,4520,11,F,AK,AT,D
14:16:43,PTBA,RG,4520,35,D,CC,AT,D
14:16:41,PTBA,RG,4510,2,D,EP,PD,D
14:16:41,PTBA,RG,4520,10,D,NI,AT,D
14:16:40,PTBA,RG,4520,11,D,YP,AT,D
14:16:37,PTBA,RG,4520,100,D,AZ,AT,D
14:16:35,PTBA,RG,4520,32,F,CS,AT,D
14:16:35,PTBA,RG,4520,2,D,XL,AT,D
14:16:22,PTBA,RG,4520,5,D,OD,AT,D
14:16:21,PTBA,RG,4520,5,D,YB,AT,D
14:16:19,PTBA,RG,4520,2,D,CC,AT,D
14:16:06,PTBA,RG,4520,1,D,YP,AT,D
14:16:01,PTBA,RG,4520,1,D,GR,AT,D
14:15:54,PTBA,RG,4520,31,D,BB,AT,D
14:15:54,PTBA,RG,4520,26,D,BB,YJ,D
14:15:53,PTBA,RG,4520,10,D,XL,YJ,D
14:15:51,PTBA,RG,4520,4,D,XC,YJ,D
14:15:50,PTBA,RG,4520,5,D,YB,YJ,D
14:15:50,PTBA,RG,4520,35,F,CS,YJ,D
14:15:49,PTBA,RG,4520,15,D,NI,YJ,D
14:15:48,PTBA,RG,4520,3,D,DH,YJ,D
14:15:46,PTBA,RG,4520,1,D,PD,YJ,D
14:15:45,PTBA,RG,4520,100,D,YP,YJ,D
14:15:42,PTBA,RG,4520,7,D,XC,YJ,D
14:15:41,PTBA,RG,4520,1,D,PD,YJ,D
14:15:32,PTBA,RG,4520,27,D,XC,YJ,D
14:15:26,PTBA,RG,4520,1,D,CC,YJ,D
14:15:25,PTBA,RG,4510,1,D,EP,PD,D
14:15:25,PTBA,RG,4510,2,D,YP,PD,D
14:15:25,PTBA,RG,4510,3,D,PD,PD,D
14:15:25,PTBA,RG,4510,1,D,NI,PD,D
14:15:25,PTBA,RG,4510,2,D,YP,PD,D
14:15:25,PTBA,RG,4510,5,D,XL,PD,D
14:15:25,PTBA,RG,4510,1,D,DH,PD,D
14:15:25,PTBA,RG,4510,2,D,XL,PD,D
14:15:22,PTBA,RG,4520,50,D,NI,YJ,D
14:15:20,PTBA,RG,4520,3,D,OD,YJ,D
14:15:18,PTBA,RG,4520,2,D,XC,YJ,D
14:15:17,PTBA,RG,4510,1,D,XL,PD,D
14:15:17,PTBA,RG,4510,5,D,YP,PD,D
14:15:17,PTBA,RG,4510,2,D,PD,PD,D
14:15:17,PTBA,RG,4510,5,D,KK,PD,D
