Time,Stock,Brd,Price,Qty,BT,BC,SC,ST
15:14:37,PTBA,RG,4050,20,D,YP,OD,D
15:14:07,PTBA,RG,4050,3,D,YP,XC,D
15:14:01,PTBA,RG,4050,5,D,YP,CC,D
15:13:45,PTBA,RG,4050,10,D,YP,CC,D
15:13:29,PTBA,RG,4050,244,D,YP,KK,D
15:13:29,PTBA,RG,4050,756,D,YP,KK,D
15:13:17,PTBA,RG,4050,3,D,YP,PD,D
15:12:39,PTBA,RG,4050,1,D,YP,YP,D
15:12:32,PTBA,RG,4050,4,D,YP,XC,D
15:11:48,PTBA,RG,4050,1,D,YP,XC,D
15:11:30,PTBA,RG,4050,2,D,YP,XC,D
15:11:30,PTBA,RG,4050,10,D,YP,YP,D
15:11:30,PTBA,RG,4050,4,D,YP,PD,D
15:11:30,PTBA,RG,4050,1,D,YP,XC,D
15:11:30,PTBA,RG,4050,131,D,YP,YB,D
15:11:22,PTBA,RG,4050,2,D,XL,YB,D
15:11:07,PTBA,RG,4050,10,D,NI,YB,D
15:10:40,PTBA,RG,4050,2,D,PD,YB,D
15:10:35,PTBA,RG,4050,1,D,YP,YB,D
15:10:34,PTBA,RG,4050,10,D,PD,YB,D
15:10:34,PTBA,RG,4050,1,D,YP,YB,D
15:10:34,PTBA,RG,4050,43,D,CP,YB,D
15:10:30,PTBA,RG,4050,15,D,CP,EP,D
15:10:08,PTBA,RG,4050,10,D,CP,XC,D
15:10:04,PTBA,RG,4050,15,D,CP,EP,D
15:10:04,PTBA,RG,4050,5,D,CP,PD,D
15:10:04,PTBA,RG,4050,7,D,CP,XC,D
15:10:04,PTBA,RG,4050,8,D,CP,NI,D
15:10:04,PTBA,RG,4050,100,D,CP,PD,D
15:10:04,PTBA,RG,4050,10,D,CP,EP,D
15:10:04,PTBA,RG,4050,37,D,CP,YP,D
15:10:03,PTBA,RG,4050,20,D,PD,YP,D
15:09:49,PTBA,RG,4050,30,D,CC,YP,D
15:09:38,PTBA,RG,4050,10,D,KK,YP,D
15:09:33,PTBA,RG,4050,103,D,YP,YP,D
15:09:33,PTBA,RG,4050,1,D,YP,YB,D
15:09:33,PTBA,RG,4050,3,D,YP,CC,D
15:09:33,PTBA,RG,4050,1,D,YP,XC,D
15:09:33,PTBA,RG,4050,20,D,YP,NI,D
15:09:33,PTBA,RG,4050,30,D,YP,CC,D
15:09:33,PTBA,RG,4050,4,D,YP,EP,D
15:09:27,PTBA,RG,4050,11,D,PD,EP,D
15:09:27,PTBA,RG,4050,5,D,PD,DH,D
15:09:27,PTBA,RG,4050,4,D,PD,XC,D
15:09:27,PTBA,RG,4050,10,D,KK,XC,D
15:09:08,PTBA,RG,4050,20,D,PD,XC,D
15:08:50,PTBA,RG,4050,16,D,CC,XC,D
15:07:43,PTBA,RG,4050,2,D,BQ,XC,D
15:07:43,PTBA,RG,4050,44,D,PD,XC,D
15:07:43,PTBA,RG,4050,6,D,PD,DR,D
15:07:30,PTBA,RG,4050,2,D,BQ,DR,D
15:07:30,PTBA,RG,4050,3,D,BQ,XA,D
15:07:23,PTBA,RG,4050,20,D,CC,XA,D
15:07:13,PTBA,RG,4050,422,D,XC,XA,D
15:06:07,PTBA,RG,4050,2,D,DH,XA,D
15:06:07,PTBA,RG,4050,28,D,NI,XA,D
15:06:07,PTBA,RG,4050,25,D,PD,XA,D
15:06:07,PTBA,RG,4050,273,D,XC,XA,D
15:06:02,PTBA,RG,4050,8,D,XC,AT,D
15:05:36,PTBA,RG,4050,5,D,NI,YP,D
15:05:34,PTBA,RG,4050,1,D,NI,LS,D
15:05:34,PTBA,RG,4050,4,D,NI,SQ,D
15:05:06,PTBA,RG,4050,1,D,CC,SQ,D
15:04:52,PTBA,RG,4050,2,D,KK,SQ,D
15:04:20,PTBA,RG,4050,1227,D,CC,XA,D
15:04:20,PTBA,RG,4050,250,D,CC,CC,D
15:04:20,PTBA,RG,4050,2,D,CC,YU,D
15:04:20,PTBA,RG,4050,5,D,CC,PD,D
15:04:20,PTBA,RG,4050,5,D,CC,YP,D
15:04:20,PTBA,RG,4050,4074,D,CC,YU,D
15:04:20,PTBA,RG,4050,1,D,CC,LS,D
15:04:20,PTBA,RG,4050,1,D,CC,PD,D
15:04:20,PTBA,RG,4050,22,D,CC,YP,D
15:04:20,PTBA,RG,4050,7,D,CC,CC,D
15:04:20,PTBA,RG,4050,10,D,CC,OD,D
15:04:20,PTBA,RG,4050,986,D,CC,AT,D
15:04:20,PTBA,RG,4050,1,D,CC,DR,D
15:04:20,PTBA,RG,4050,10,D,CC,CC,D
15:04:20,PTBA,RG,4050,3,D,CC,XL,D
15:04:20,PTBA,RG,4050,3,D,CC,YP,D
15:04:20,PTBA,RG,4050,2,D,CC,PD,D
15:04:20,PTBA,RG,4050,5,D,CC,PD,D
15:04:20,PTBA,RG,4050,10,D,CC,CC,D
15:04:20,PTBA,RG,4050,100,D,CC,NI,D
15:04:20,PTBA,RG,4050,10,D,CC,CC,D
15:04:20,PTBA,RG,4050,83,D,CC,PD,D
15:04:20,PTBA,RG,4050,12,D,CC,MG,D
15:04:20,PTBA,RG,4050,40,D,CC,XC,D
15:04:20,PTBA,RG,4050,3,D,CC,YP,D
15:04:20,PTBA,RG,4050,5,D,CC,OD,D
15:04:20,PTBA,RG,4050,20,D,CC,DR,D
15:04:20,PTBA,RG,4050,60,D,CC,EP,D
15:04:20,PTBA,RG,4050,4,D,CC,PD,D
15:04:20,PTBA,RG,4050,6,D,CC,XC,D
15:04:20,PTBA,RG,4050,20,D,CC,YP,D
15:04:20,PTBA,RG,4050,13,D,CC,LG,D
15:04:00,PTBA,RG,4050,11,D,DR,LG,D
15:03:31,PTBA,RG,4050,11,D,LG,LG,D
15:03:31,PTBA,RG,4050,1,D,LG,XA,D
15:03:31,PTBA,RG,4050,7,D,LG,PD,D
15:03:31,PTBA,RG,4050,15,D,LG,YP,D
15:03:31,PTBA,RG,4050,10,D,LG,EP,D
15:02:55,PTBA,RG,4050,5,D,KK,EP,D
15:02:47,PTBA,RG,4050,3,D,XC,EP,D
15:02:35,PTBA,RG,4050,1,D,XC,EP,D
15:02:34,PTBA,RG,4050,7,D,YP,EP,D
15:02:25,PTBA,RG,4050,49,D,NI,EP,D
15:02:25,PTBA,RG,4050,1,D,NI,YP,D
15:02:25,PTBA,RG,4050,5,D,NI,SQ,D
15:02:25,PTBA,RG,4050,6,D,NI,KK,D
15:02:25,PTBA,RG,4050,1,D,NI,YP,D
15:02:25,PTBA,RG,4050,11,D,NI,YB,D
15:02:25,PTBA,RG,4050,33,D,NI,PD,D
15:02:25,PTBA,RG,4050,5,D,NI,XC,D
15:02:25,PTBA,RG,4050,50,D,NI,DH,D
15:02:25,PTBA,RG,4050,7,D,NI,PD,D
15:02:25,PTBA,RG,4050,32,D,NI,AI,D
15:02:05,PTBA,RG,4050,2,D,XC,AI,D
15:01:31,PTBA,RG,4050,1,D,YP,AI,D
15:01:15,PTBA,RG,4050,2,D,PD,AI,D
15:01:15,PTBA,RG,4050,5,D,PD,EP,D
15:01:15,PTBA,RG,4050,15,D,PD,XL,D
15:01:15,PTBA,RG,4050,3,D,PD,YP,D
15:01:15,PTBA,RG,4050,5,D,PD,NI,D
15:01:15,PTBA,RG,4050,3,D,PD,PD,D
15:01:10,PTBA,RG,4050,3,D,XC,PD,D
15:01:09,PTBA,RG,4050,4,D,YP,PD,D
15:01:09,PTBA,RG,4050,1,D,YP,YP,D
15:01:02,PTBA,RG,4050,24,D,OD,YP,D
15:01:00,PTBA,RG,4050,1,D,XC,YP,D
15:01:00,PTBA,RG,4050,1,D,XC,YP,D
15:01:00,PTBA,RG,4050,4,D,XC,YP,D
15:01:00,PTBA,RG,4050,19,D,XC,YP,D
15:01:00,PTBA,RG,4050,38,D,XC,NI,D
15:01:00,PTBA,RG,4050,7,D,KK,NI,D
15:01:00,PTBA,RG,4050,20,D,GR,NI,D
15:01:00,PTBA,RG,4050,1,D,GR,NI,D
15:01:00,PTBA,RG,4050,2,D,PD,NI,D
15:01:00,PTBA,RG,4050,20,D,XL,NI,D
15:00:00,PTBA,RG,4050,1,D,XC,NI,D
15:00:00,PTBA,RG,4050,5,D,XC,NI,D
15:00:00,PTBA,RG,4050,50,D,EP,NI,D
15:00:00,PTBA,RG,4050,10,D,NI,NI,D
15:00:00,PTBA,RG,4050,96,D,PD,NI,D
15:00:00,PTBA,RG,4050,4,D,PD,EP,D
15:00:00,PTBA,RG,4050,1,D,PD,EP,D
15:00:00,PTBA,RG,4050,5,D,CC,EP,D
15:00:00,PTBA,RG,4050,3,D,PD,EP,D
15:00:00,PTBA,RG,4050,1,D,XL,EP,D
15:00:00,PTBA,RG,4050,1,D,XL,EP,D
15:00:00,PTBA,RG,4050,74,D,XC,EP,D
15:00:00,PTBA,RG,4050,2,D,YP,EP,D
15:00:00,PTBA,RG,4050,6,D,DR,EP,D
15:00:00,PTBA,RG,4050,10,D,XC,EP,D
15:00:00,PTBA,RG,4050,3,D,PD,EP,D
15:00:00,PTBA,RG,4050,10,D,CC,EP,D
15:00:00,PTBA,RG,4050,100,D,DH,EP,D
15:00:00,PTBA,RG,4050,100,D,HD,EP,D
15:00:00,PTBA,RG,4050,60,D,OD,EP,D
15:00:00,PTBA,RG,4050,124,D,XC,EP,D
15:00:00,PTBA,RG,4050,5,D,YP,EP,D
15:00:00,PTBA,RG,4050,1,D,YP,EP,D
15:00:00,PTBA,RG,4050,99,D,SQ,EP,D
15:00:00,PTBA,RG,4050,50,D,YP,EP,D
15:00:00,PTBA,RG,4050,5,D,YP,EP,D
15:00:00,PTBA,RG,4050,50,D,YU,EP,D
15:00:00,PTBA,RG,4050,10,D,YP,EP,D
15:00:00,PTBA,RG,4050,2,D,PD,EP,D
15:00:00,PTBA,RG,4050,407,D,XC,EP,D
15:00:00,PTBA,RG,4050,60,D,OD,EP,D
15:00:00,PTBA,RG,4050,1,D,PD,EP,D
15:00:00,PTBA,RG,4050,10,D,YP,EP,D
15:00:00,PTBA,RG,4050,10,D,PD,EP,D
15:00:00,PTBA,RG,4050,13,D,XC,EP,D
15:00:00,PTBA,RG,4050,1,D,PD,EP,D
15:00:00,PTBA,RG,4050,5,D,CC,EP,D
15:00:00,PTBA,RG,4050,25,D,YU,EP,D
15:00:00,PTBA,RG,4050,1,D,XL,EP,D
15:00:00,PTBA,RG,4050,250,D,HD,EP,D
15:00:00,PTBA,RG,4050,5,D,XL,EP,D
15:00:00,PTBA,RG,4050,90,D,XL,EP,D
15:00:00,PTBA,RG,4050,150,D,YP,EP,D
15:00:00,PTBA,RG,4050,5,D,NI,EP,D
15:00:00,PTBA,RG,4050,5,D,GR,EP,D
15:00:00,PTBA,RG,4050,2,D,PD,EP,D
15:00:00,PTBA,RG,4050,51,D,SQ,EP,D
15:00:00,PTBA,RG,4050,25,D,XC,EP,D
15:00:00,PTBA,RG,4050,10,D,YP,EP,D
15:00:00,PTBA,RG,4050,10,D,YP,EP,D
15:00:00,PTBA,RG,4050,5,D,YU,EP,D
15:00:00,PTBA,RG,4050,68,F,ZP,EP,D
15:00:00,PTBA,RG,4050,114,D,KZ,EP,D
15:00:00,PTBA,RG,4050,55,F,AK,EP,D
15:00:00,PTBA,RG,4050,2,F,AK,PD,D
15:00:00,PTBA,RG,4050,50,F,AK,KK,D
15:00:00,PTBA,RG,4050,70,F,AK,KK,D
15:00:00,PTBA,RG,4050,50,F,AK,DR,D
15:00:00,PTBA,RG,4050,7,F,AK,YP,D
15:00:00,PTBA,RG,4050,1,F,AK,DH,D
15:00:00,PTBA,RG,4050,100,F,AK,CC,D
15:00:00,PTBA,RG,4050,48,F,AK,PD,D
15:00:00,PTBA,RG,4050,62,F,AK,CC,D
15:00:00,PTBA,RG,4050,1,F,AK,PD,D
15:00:00,PTBA,RG,4050,20,F,AK,BQ,D
15:00:00,PTBA,RG,4050,3,F,AK,PD,D
15:00:00,PTBA,RG,4050,10,F,AK,HP,D
15:00:00,PTBA,RG,4050,2,F,AK,KK,D
15:00:00,PTBA,RG,4050,10,F,AK,PD,D
15:00:00,PTBA,RG,4050,10,F,AK,YP,D
15:00:00,PTBA,RG,4050,25,F,AK,YP,D
15:00:00,PTBA,RG,4050,4,F,AK,YP,D
15:00:00,PTBA,RG,4050,10,F,AK,CD,D
15:00:00,PTBA,RG,4050,5,F,AK,PD,D
15:00:00,PTBA,RG,4050,2,F,AK,MG,D
15:00:00,PTBA,RG,4050,50,F,AK,YP,D
15:00:00,PTBA,RG,4050,35,F,AK,AK,F
15:00:00,PTBA,RG,4050,17,F,AK,AK,F
15:00:00,PTBA,RG,4050,25,F,AK,GR,D
15:00:00,PTBA,RG,4050,25,F,AK,GR,D
15:00:00,PTBA,RG,4050,40,F,AK,GR,D
15:00:00,PTBA,RG,4050,101,F,AK,OD,D
15:00:00,PTBA,RG,4050,32,D,CC,OD,D
15:00:00,PTBA,RG,4050,20,D,CC,KZ,D
15:00:00,PTBA,RG,4050,28,D,CC,BB,D
15:00:00,PTBA,RG,4050,39,D,DR,BB,D
15:00:00,PTBA,RG,4050,32,D,DR,LG,D
14:49:56,PTBA,RG,4050,5,D,YU,PD,D
14:49:49,PTBA,RG,4050,5,D,YU,PD,D
14:49:49,PTBA,RG,4050,1,D,YP,PD,D
14:49:49,PTBA,RG,4050,6,D,XL,PD,D
14:49:49,PTBA,RG,4050,11,D,PD,PD,D
14:49:42,PTBA,RG,4060,10,D,DH,AT,D
14:49:40,PTBA,RG,4050,4,D,PD,AK,F
14:49:40,PTBA,RG,4050,1,D,PD,AK,F
14:49:39,PTBA,RG,4050,4,D,PD,YP,D
14:49:39,PTBA,RG,4050,9,D,EP,YP,D
14:49:39,PTBA,RG,4050,2,D,YP,YP,D
14:49:30,PTBA,RG,4050,3,D,YP,AK,F
14:49:14,PTBA,RG,4060,1,D,XC,AT,D
14:49:14,PTBA,RG,4050,10,D,YP,KK,D
14:49:13,PTBA,RG,4050,2,D,YP,AK,F
14:49:13,PTBA,RG,4050,1,D,YP,AK,F
14:49:13,PTBA,RG,4060,3,D,BB,AT,D
14:49:13,PTBA,RG,4060,1,D,BB,AT,D
14:49:13,PTBA,RG,4050,92,D,YP,KK,D
14:49:09,PTBA,RG,4050,1,D,YP,TF,D
14:49:08,PTBA,RG,4060,1,D,BB,KK,D
14:49:08,PTBA,RG,4060,27,D,AT,KK,D
14:49:06,PTBA,RG,4060,4,D,YP,KK,D
14:48:34,PTBA,RG,4060,5,D,PD,KK,D
14:48:18,PTBA,RG,4060,71,D,XL,KK,D
14:48:18,PTBA,RG,4060,20,D,XL,PD,D
14:48:18,PTBA,RG,4060,9,D,XL,YP,D
14:48:07,PTBA,RG,4050,3,D,YP,PD,D
14:48:03,PTBA,RG,4050,2,D,YP,YP,D
14:47:54,PTBA,RG,4050,4,D,YP,NI,D
14:47:50,PTBA,RG,4050,3,D,YP,YP,D
14:47:50,PTBA,RG,4050,20,D,YP,CC,D
14:47:50,PTBA,RG,4050,1,D,PD,CC,D
14:47:50,PTBA,RG,4050,3,D,PD,CC,D
14:47:47,PTBA,RG,4050,7,D,PD,CC,D
14:47:47,PTBA,RG,4050,1,F,CC,CC,D
14:47:47,PTBA,RG,4050,3,D,XC,CC,D
14:47:47,PTBA,RG,4050,10,D,NI,CC,D
14:47:47,PTBA,RG,4050,3,D,YP,CC,D
14:47:47,PTBA,RG,4050,5,D,PD,CC,D
14:47:47,PTBA,RG,4050,14,D,BB,CC,D
14:47:47,PTBA,RG,4050,17,F,CS,CC,D
14:47:45,PTBA,RG,4050,20,F,CS,ZP,D
14:47:43,PTBA,RG,4050,1,F,CS,PD,D
14:47:27,PTBA,RG,4060,8,D,BB,YP,D
14:47:27,PTBA,RG,4050,4,F,CS,XC,D
14:47:26,PTBA,RG,4050,1,F,CS,BK,D
14:47:24,PTBA,RG,4060,10,D,DH,YP,D
14:47:20,PTBA,RG,4050,62,F,CS,SQ,D
14:47:09,PTBA,RG,4050,90,F,CS,XC,D
14:47:07,PTBA,RG,4050,1,F,CS,XC,D
14:47:07,PTBA,RG,4050,1,F,CS,KK,D
14:47:04,PTBA,RG,4050,5,F,CS,YP,D
14:47:02,PTBA,RG,4050,1,F,CS,CC,D
14:47:00,PTBA,RG,4050,30,F,CS,ZP,D
14:46:57,PTBA,RG,4050,7,F,CS,NI,D
14:46:55,PTBA,RG,4050,14,F,CS,YP,D
14:46:38,PTBA,RG,4060,23,D,CC,YP,D
14:46:38,PTBA,RG,4060,7,D,CC,YP,D
14:46:37,PTBA,RG,4060,2,D,PD,YP,D
14:46:00,PTBA,RG,4060,2,D,XC,YP,D
14:45:57,PTBA,RG,4050,509,F,CS,PD,D
14:45:56,PTBA,RG,4050,1,F,CS,SQ,D
14:45:54,PTBA,RG,4060,5,D,PD,YP,D
14:45:49,PTBA,RG,4060,34,D,CC,YP,D
14:45:49,PTBA,RG,4060,25,D,CC,YP,D
14:45:40,PTBA,RG,4060,25,D,PD,YP,D
14:45:40,PTBA,RG,4060,3,D,PD,XL,D
14:45:40,PTBA,RG,4060,2,D,PD,YP,D
14:45:37,PTBA,RG,4050,7,F,CS,KK,D
14:45:37,PTBA,RG,4060,4,D,PD,PD,D
14:45:37,PTBA,RG,4060,1,D,PD,YP,D
14:45:29,PTBA,RG,4060,33,F,CS,YP,D
14:45:29,PTBA,RG,4060,7,F,CS,AK,F
14:45:29,PTBA,RG,4060,50,F,CS,YP,D
14:45:29,PTBA,RG,4060,75,F,CS,XC,D
14:45:29,PTBA,RG,4060,24,F,CS,LG,D
14:45:29,PTBA,RG,4060,4,F,CS,XL,D
14:45:29,PTBA,RG,4060,10,F,CS,NI,D
14:45:29,PTBA,RG,4060,2,F,CS,CC,D
14:45:29,PTBA,RG,4060,4,F,CS,BK,D
14:45:29,PTBA,RG,4060,1,F,CS,PD,D
14:45:29,PTBA,RG,4060,5,F,CS,XC,D
14:45:29,PTBA,RG,4060,40,F,CS,CC,D
14:45:29,PTBA,RG,4060,5,F,CS,XL,D
14:45:29,PTBA,RG,4060,1,F,CS,PD,D
14:45:29,PTBA,RG,4060,2229,F,CS,YP,D
14:45:29,PTBA,RG,4060,1371,F,CS,YP,D
14:45:29,PTBA,RG,4060,10,F,CS,ZP,D
14:45:29,PTBA,RG,4060,13,F,CS,AK,F
14:45:29,PTBA,RG,4060,50,F,CS,RB,D
14:45:29,PTBA,RG,4060,14,F,CS,XC,D
14:45:29,PTBA,RG,4060,3,F,CS,XC,D
14:45:29,PTBA,RG,4060,44,F,CS,XC,D
14:45:29,PTBA,RG,4060,15,F,CS,YP,D
14:45:29,PTBA,RG,4060,8,F,CS,BK,D
14:45:29,PTBA,RG,4060,962,F,CS,YP,D
14:45:28,PTBA,RG,4050,766,F,CS,AK,F
14:45:28,PTBA,RG,4050,2,D,XC,AK,F
14:45:28,PTBA,RG,4050,2,D,CC,AK,F
14:45:28,PTBA,RG,4050,1,D,PD,AK,F
14:45:28,PTBA,RG,4050,203,D,CC,AK,F
14:45:28,PTBA,RG,4050,97,D,CC,YP,D
14:45:28,PTBA,RG,4050,1,F,CC,YP,D
14:45:28,PTBA,RG,4050,6,D,YP,YP,D
14:45:28,PTBA,RG,4050,81,D,BK,YP,D
14:45:28,PTBA,RG,4050,491,D,ZP,YP,D
14:45:28,PTBA,RG,4050,2,D,PD,YP,D
14:45:28,PTBA,RG,4050,10,D,CC,YP,D
14:45:28,PTBA,RG,4050,2,D,YP,YP,D
14:45:28,PTBA,RG,4050,25,D,YP,YP,D
14:45:28,PTBA,RG,4050,72,D,BK,YP,D
14:45:28,PTBA,RG,4050,343,D,XC,YP,D
14:45:28,PTBA,RG,4050,1,D,XC,YP,D
14:45:28,PTBA,RG,4050,8,D,LG,YP,D
14:45:28,PTBA,RG,4050,1,D,CC,YP,D
14:45:28,PTBA,RG,4050,61,D,BK,YP,D
14:45:28,PTBA,RG,4050,1,D,AT,YP,D
14:45:28,PTBA,RG,4050,50,D,YP,YP,D
14:45:28,PTBA,RG,4050,56,D,BK,YP,D
14:45:28,PTBA,RG,4050,5,D,KK,YP,D
14:45:28,PTBA,RG,4050,5,D,YP,YP,D
14:45:28,PTBA,RG,4050,23,D,GR,YP,D
14:45:28,PTBA,RG,4050,10,D,YP,YP,D
14:45:28,PTBA,RG,4050,1,D,XC,YP,D
14:45:28,PTBA,RG,4050,7,D,PD,YP,D
14:45:28,PTBA,RG,4050,10,D,CC,YP,D
14:45:28,PTBA,RG,4050,3,D,BB,YP,D
14:45:28,PTBA,RG,4050,25,D,XC,YP,D
14:45:28,PTBA,RG,4050,3,D,XL,YP,D
14:45:28,PTBA,RG,4050,3,D,XC,YP,D
14:45:28,PTBA,RG,4050,20,D,YP,YP,D
14:45:28,PTBA,RG,4050,2,D,PD,YP,D
14:45:28,PTBA,RG,4050,2,D,PD,YP,D
14:45:28,PTBA,RG,4050,5,D,CC,YP,D
14:45:28,PTBA,RG,4050,1,D,YP,YP,D
14:45:28,PTBA,RG,4050,5,D,DR,YP,D
14:45:28,PTBA,RG,4050,5,D,YP,YP,D
14:45:28,PTBA,RG,4050,2,D,YP,YP,D
14:45:28,PTBA,RG,4050,50,D,PD,YP,D
14:45:28,PTBA,RG,4050,6,D,XC,YP,D
14:45:28,PTBA,RG,4050,80,D,PD,YP,D
14:45:28,PTBA,RG,4050,23,D,PD,YP,D
14:45:28,PTBA,RG,4050,100,D,YP,YP,D
14:45:28,PTBA,RG,4050,1,D,YP,YP,D
14:45:28,PTBA,RG,4050,4,D,XL,YP,D
14:45:28,PTBA,RG,4050,10,D,CC,YP,D
14:45:28,PTBA,RG,4050,1,D,CC,YP,D
14:45:28,PTBA,RG,4050,1,D,XC,YP,D
14:45:28,PTBA,RG,4050,3,D,PD,YP,D
14:45:28,PTBA,RG,4050,50,D,SQ,YP,D
14:45:28,PTBA,RG,4050,2,D,XL,YP,D
14:45:28,PTBA,RG,4050,10,D,CC,YP,D
14:45:28,PTBA,RG,4050,13,D,AT,YP,D
14:45:28,PTBA,RG,4050,200,D,OD,YP,D
14:45:28,PTBA,RG,4050,15,D,CC,YP,D
14:45:28,PTBA,RG,4050,100,D,DH,YP,D
14:45:28,PTBA,RG,4050,1,D,YP,YP,D
14:45:28,PTBA,RG,4050,2,D,DH,YP,D
14:45:28,PTBA,RG,4050,1,D,CC,YP,D
14:45:28,PTBA,RG,4050,1,D,PD,YP,D
14:45:28,PTBA,RG,4050,100,D,CC,YP,D
14:45:28,PTBA,RG,4050,20,D,KK,YP,D
14:45:28,PTBA,RG,4050,2,D,GR,YP,D
14:45:28,PTBA,RG,4050,25,D,YP,YP,D
14:45:28,PTBA,RG,4050,1,D,PD,YP,D
14:45:28,PTBA,RG,4050,1,D,XL,YP,D
14:45:28,PTBA,RG,4050,3,D,GR,YP,D
14:45:28,PTBA,RG,4050,2,D,YP,YP,D
14:45:28,PTBA,RG,4050,100,D,CP,YP,D
14:45:28,PTBA,RG,4050,15,D,GR,YP,D
14:45:28,PTBA,RG,4050,5,D,YP,YP,D
14:45:28,PTBA,RG,4050,25,D,NI,YP,D
14:45:28,PTBA,RG,4050,1,D,YB,YP,D
14:45:28,PTBA,RG,4050,1,D,PD,YP,D
14:45:28,PTBA,RG,4050,1,D,EP,YP,D
14:45:28,PTBA,RG,4050,1,D,YP,YP,D
14:45:28,PTBA,RG,4050,100,D,SQ,YP,D
14:45:28,PTBA,RG,4050,50,D,CP,YP,D
14:45:28,PTBA,RG,4050,50,D,NI,YP,D
14:45:28,PTBA,RG,4050,6,D,XL,YP,D
14:45:28,PTBA,RG,4050,5,D,OD,YP,D
14:45:28,PTBA,RG,4050,374,D,GR,YP,D
14:45:20,PTBA,RG,4050,500,D,GR,PD,D
14:45:17,PTBA,RG,4060,19,D,BK,YP,D
14:45:14,PTBA,RG,4050,6,D,GR,PD,D
14:44:57,PTBA,RG,4050,1,D,GR,PD,D
14:44:49,PTBA,RG,4050,119,D,GR,PD,D
14:44:49,PTBA,RG,4050,5,D,CC,PD,D
14:44:49,PTBA,RG,4050,12,D,EP,PD,D
14:44:49,PTBA,RG,4050,3,D,SQ,PD,D
14:44:49,PTBA,RG,4050,1,D,XA,PD,D
14:44:49,PTBA,RG,4050,5,D,KK,PD,D
14:44:49,PTBA,RG,4050,2,D,LG,PD,D
14:44:49,PTBA,RG,4050,1,D,CC,PD,D
14:44:49,PTBA,RG,4050,20,D,YP,PD,D
14:44:49,PTBA,RG,4050,2,D,DR,PD,D
14:44:49,PTBA,RG,4050,6,D,XC,PD,D
14:44:49,PTBA,RG,4050,1,D,PD,PD,D
14:44:49,PTBA,RG,4050,4,D,YB,PD,D
14:44:49,PTBA,RG,4050,2,D,YP,PD,D
14:44:49,PTBA,RG,4050,10,D,EP,PD,D
14:44:49,PTBA,RG,4050,7,D,YP,PD,D
14:44:48,PTBA,RG,4050,3,D,YP,KK,D
14:44:48,PTBA,RG,4050,100,D,HD,KK,D
14:44:48,PTBA,RG,4050,3,D,PD,KK,D
14:44:48,PTBA,RG,4050,10,D,PD,KK,D
14:44:48,PTBA,RG,4050,1,D,YB,KK,D
14:44:48,PTBA,RG,4050,3,D,GR,KK,D
14:44:48,PTBA,RG,4050,1,D,PD,KK,D
14:44:48,PTBA,RG,4050,25,D,PD,KK,D
14:44:48,PTBA,RG,4050,5,D,AT,KK,D
14:44:48,PTBA,RG,4050,1,D,YP,KK,D
14:44:48,PTBA,RG,4050,10,D,PD,KK,D
14:44:48,PTBA,RG,4050,25,D,GR,KK,D
14:44:48,PTBA,RG,4050,13,D,BK,KK,D
14:44:45,PTBA,RG,4050,1,D,BK,PD,D
14:44:41,PTBA,RG,4060,11,D,XL,YP,D
14:44:37,PTBA,RG,4060,4,D,YU,YP,D
14:44:33,PTBA,RG,4060,4,D,YU,YP,D
14:44:33,PTBA,RG,4060,7,D,YU,CC,D
14:44:30,PTBA,RG,4060,7,D,BB,CC,D
14:44:06,PTBA,RG,4050,5,D,BK,SQ,D
14:43:48,PTBA,RG,4050,9,D,BK,BK,D
14:43:45,PTBA,RG,4050,13,D,BK,EP,D
14:43:45,PTBA,RG,4050,20,D,GR,EP,D
14:43:41,PTBA,RG,4050,5,D,NI,DR,D
14:43:41,PTBA,RG,4050,20,D,NI,DR,D
14:43:41,PTBA,RG,4050,10,D,NI,DR,D
14:43:41,PTBA,RG,4050,5,D,EP,DR,D
14:43:41,PTBA,RG,4050,2,D,XC,DR,D
14:43:41,PTBA,RG,4050,5,D,YP,DR,D
14:43:41,PTBA,RG,4050,3,D,PD,DR,D
14:43:41,PTBA,RG,4050,1,D,YP,DR,D
14:43:41,PTBA,RG,4050,2,D,NI,DR,D
14:43:41,PTBA,RG,4050,90,D,KK,DR,D
14:43:17,PTBA,RG,4050,12,D,KK,XC,D
14:43:03,PTBA,RG,4050,5,D,KK,XC,D
14:42:55,PTBA,RG,4050,1,D,KK,PD,D
14:42:41,PTBA,RG,4050,20,D,KK,YP,D
14:42:31,PTBA,RG,4050,50,D,KK,PD,D
14:42:26,PTBA,RG,4050,3,D,KK,CC,D
14:42:24,PTBA,RG,4050,5,D,KK,CC,D
14:42:21,PTBA,RG,4060,7,D,PD,CC,D
14:42:21,PTBA,RG,4060,1,D,CC,CC,D
14:41:58,PTBA,RG,4060,3,D,EP,CC,D
14:41:57,PTBA,RG,4050,50,D,KK,YP,D
14:41:31,PTBA,RG,4050,64,D,KK,XC,D
14:41:31,PTBA,RG,4050,8,D,YP,XC,D
14:41:20,PTBA,RG,4050,1,D,YP,XC,D
14:41:13,PTBA,RG,4050,1,D,YP,PD,D
14:40:43,PTBA,RG,4050,11,D,YP,YP,D
14:40:16,PTBA,RG,4060,7,D,BB,CC,D
14:40:16,PTBA,RG,4060,20,D,BK,CC,D
14:40:16,PTBA,RG,4060,2,D,PD,CC,D
14:40:16,PTBA,RG,4060,15,D,PD,CC,D
14:40:16,PTBA,RG,4060,31,D,XC,CC,D
14:40:15,PTBA,RG,4060,7,D,XC,YP,D
14:40:11,PTBA,RG,4060,75,D,XC,CC,D
14:40:11,PTBA,RG,4060,15,D,CC,CC,D
14:40:11,PTBA,RG,4060,3,D,KK,CC,D
14:40:11,PTBA,RG,4060,3,D,GR,CC,D
14:40:11,PTBA,RG,4060,5,D,YP,CC,D
14:40:11,PTBA,RG,4060,3,D,YP,CC,D
14:40:06,PTBA,RG,4060,47,D,YP,YP,D
14:40:06,PTBA,RG,4060,40,D,YP,YP,D
14:40:06,PTBA,RG,4060,60,D,BK,YP,D
14:40:06,PTBA,RG,4060,100,D,PD,YP,D
14:40:06,PTBA,RG,4060,467,D,AO,YP,D
14:40:06,PTBA,RG,4060,1,D,XC,YP,D
14:40:06,PTBA,RG,4060,2,D,PD,YP,D
14:40:06,PTBA,RG,4060,123,D,AZ,YP,D
14:40:06,PTBA,RG,4060,2,D,YU,YP,D
14:40:06,PTBA,RG,4060,1,D,AZ,YP,D
14:40:06,PTBA,RG,4060,290,F,BK,YP,D
14:40:06,PTBA,RG,4060,22,D,YP,YP,D
14:40:06,PTBA,RG,4060,4,D,KK,YP,D
14:40:06,PTBA,RG,4060,1,D,NI,YP,D
14:40:06,PTBA,RG,4060,2,D,YP,YP,D
14:40:06,PTBA,RG,4060,10,D,PD,YP,D
14:40:06,PTBA,RG,4060,20,D,YP,YP,D
14:40:06,PTBA,RG,4060,1,D,XL,YP,D
14:40:06,PTBA,RG,4060,25,D,MG,YP,D
14:40:06,PTBA,RG,4060,2,F,CC,YP,D
14:40:06,PTBA,RG,4060,4,D,DR,YP,D
14:40:06,PTBA,RG,4060,100,D,SQ,YP,D
14:40:06,PTBA,RG,4060,1,D,YB,YP,D
14:40:06,PTBA,RG,4060,1,D,PD,YP,D
14:40:06,PTBA,RG,4060,2,D,EP,YP,D
14:40:06,PTBA,RG,4060,9,D,DR,YP,D
14:40:06,PTBA,RG,4060,350,D,FZ,YP,D
14:40:06,PTBA,RG,4060,2,D,NI,YP,D
14:40:06,PTBA,RG,4060,7,D,BB,YP,D
14:40:06,PTBA,RG,4060,611,D,YU,YP,D
14:40:06,PTBA,RG,4060,1,D,AT,YP,D
14:40:06,PTBA,RG,4060,21,D,BK,YP,D
14:40:06,PTBA,RG,4060,1,D,YP,YP,D
14:40:06,PTBA,RG,4060,30,D,DH,YP,D
14:40:06,PTBA,RG,4060,13,D,NI,YP,D
14:40:06,PTBA,RG,4060,50,D,CP,YP,D
14:40:06,PTBA,RG,4060,50,D,BK,YP,D
14:40:06,PTBA,RG,4060,27,D,PD,YP,D
14:39:43,PTBA,RG,4060,10,D,PD,PD,D
14:39:30,PTBA,RG,4060,82,D,PD,KK,D
14:39:15,PTBA,RG,4060,20,D,PD,CC,D
14:38:48,PTBA,RG,4070,1,D,YP,SQ,D
14:38:46,PTBA,RG,4060,10,D,PD,XC,D
14:38:45,PTBA,RG,4060,1,D,PD,DR,D
14:38:43,PTBA,RG,4060,50,D,PD,PD,D
14:38:28,PTBA,RG,4060,10,D,PD,YP,D
14:38:19,PTBA,RG,4070,7,D,XL,SQ,D
14:38:07,PTBA,RG,4070,2,D,XC,SQ,D
14:38:06,PTBA,RG,4070,5,D,PD,SQ,D
14:38:06,PTBA,RG,4070,10,D,YP,SQ,D
14:38:06,PTBA,RG,4070,10,D,LS,SQ,D
14:38:06,PTBA,RG,4070,1,D,PD,SQ,D
14:38:06,PTBA,RG,4070,2,D,BB,SQ,D
14:38:06,PTBA,RG,4070,94,D,NI,SQ,D
14:38:06,PTBA,RG,4070,1,D,NI,CC,D
14:38:05,PTBA,RG,4070,3,D,NI,XC,D
14:38:03,PTBA,RG,4070,50,D,NI,SQ,D
14:38:00,PTBA,RG,4070,3,D,NI,XC,D
14:38:00,PTBA,RG,4070,150,D,NI,PD,D
14:37:59,PTBA,RG,4070,10,D,NI,YP,D
14:37:58,PTBA,RG,4070,11,D,NI,KK,D
14:37:56,PTBA,RG,4070,178,D,NI,OD,D
14:37:56,PTBA,RG,4070,2,D,LG,OD,D
14:37:56,PTBA,RG,4070,1,D,XC,OD,D
14:37:56,PTBA,RG,4070,2,D,CC,OD,D
14:37:56,PTBA,RG,4070,1,D,PD,OD,D
14:37:56,PTBA,RG,4070,1,D,PD,OD,D
14:37:56,PTBA,RG,4070,205,D,BK,OD,D
14:37:56,PTBA,RG,4070,8,D,YU,OD,D
14:37:56,PTBA,RG,4070,2,D,YU,OD,D
14:37:53,PTBA,RG,4070,1,D,YU,XC,D
14:37:51,PTBA,RG,4070,1,D,YU,PD,D
14:37:51,PTBA,RG,4080,5,D,NI,CC,D
14:37:50,PTBA,RG,4070,1,D,YU,XL,D
14:37:50,PTBA,RG,4070,1,D,BB,XL,D
14:37:45,PTBA,RG,4070,1,D,BB,PD,D
14:37:39,PTBA,RG,4070,10,D,YP,XL,D
14:37:37,PTBA,RG,4080,20,D,BK,CC,D
14:37:35,PTBA,RG,4070,100,D,YP,CC,D
14:37:32,PTBA,RG,4070,6,D,YP,XC,D
14:37:32,PTBA,RG,4070,2,D,YP,CC,D
14:37:17,PTBA,RG,4070,1,D,YP,XC,D
14:37:15,PTBA,RG,4080,20,D,BK,CC,D
14:37:13,PTBA,RG,4070,10,D,YP,XC,D
14:37:13,PTBA,RG,4070,1,D,YP,NI,D
14:37:13,PTBA,RG,4070,2,D,YP,OD,D
14:37:13,PTBA,RG,4070,50,D,YP,OD,D
14:37:13,PTBA,RG,4070,9,D,YP,BK,D
14:37:13,PTBA,RG,4070,200,D,YP,CC,D
14:37:13,PTBA,RG,4070,20,D,YP,PD,D
14:37:13,PTBA,RG,4070,1,D,YP,XC,D
14:37:13,PTBA,RG,4070,8,D,YP,KK,D
14:37:13,PTBA,RG,4070,4,D,YP,NI,D
14:37:13,PTBA,RG,4070,50,D,YP,LG,D
14:37:13,PTBA,RG,4070,5,D,YP,XC,D
14:37:13,PTBA,RG,4070,38,D,YP,AK,F
14:37:13,PTBA,RG,4070,1000,D,YP,NI,D
14:37:13,PTBA,RG,4070,30,D,YP,SQ,D
14:37:13,PTBA,RG,4070,500,D,YP,GR,D
14:37:13,PTBA,RG,4070,200,D,YP,YP,D
14:37:13,PTBA,RG,4070,1,D,YP,YP,D
14:37:13,PTBA,RG,4070,1,D,YP,CC,D
14:37:13,PTBA,RG,4070,1,D,YP,YB,D
14:37:13,PTBA,RG,4070,10,D,YP,SQ,D
14:37:13,PTBA,RG,4070,7,D,YP,BK,D
14:37:13,PTBA,RG,4070,1,D,YP,XC,D
14:37:13,PTBA,RG,4070,2,D,YP,EP,D
14:37:13,PTBA,RG,4070,10,D,YP,CC,D
14:37:13,PTBA,RG,4070,1,D,YP,PD,D
14:37:13,PTBA,RG,4070,15,D,YP,GR,D
14:37:13,PTBA,RG,4070,1,D,YP,PD,D
14:37:13,PTBA,RG,4070,1,D,YP,XL,D
14:37:13,PTBA,RG,4070,2,D,YP,CC,D
14:37:13,PTBA,RG,4070,25,D,YP,AK,F
14:37:13,PTBA,RG,4070,5,D,YP,PD,D
14:37:13,PTBA,RG,4070,1,D,YP,PD,D
14:37:13,PTBA,RG,4070,5,D,YP,XL,D
14:37:13,PTBA,RG,4070,50,D,YP,NI,D
14:37:13,PTBA,RG,4070,25,D,YP,XC,D
14:37:13,PTBA,RG,4070,22,D,YP,RG,D
14:37:13,PTBA,RG,4070,25,D,YP,YJ,D
14:37:13,PTBA,RG,4070,3,D,YP,KK,D
14:37:13,PTBA,RG,4070,22,D,YP,XC,D
14:37:13,PTBA,RG,4070,260,D,YP,YP,D
14:37:13,PTBA,RG,4070,1000,D,YP,DH,D
14:37:13,PTBA,RG,4070,21,D,YP,XL,D
14:37:13,PTBA,RG,4070,1,D,YP,NI,D
14:37:13,PTBA,RG,4070,1,D,YP,CP,D
14:37:13,PTBA,RG,4070,10,D,YP,YP,D
14:37:13,PTBA,RG,4070,2,D,YP,XL,D
14:37:13,PTBA,RG,4070,40,D,YP,XL,D
14:37:13,PTBA,RG,4070,7,D,YP,PD,D
14:37:13,PTBA,RG,4070,50,D,YP,CC,D
14:37:13,PTBA,RG,4070,30,D,YP,EP,D
14:37:13,PTBA,RG,4070,10,D,YP,KK,D
14:37:13,PTBA,RG,4070,23,D,YP,XL,D
14:37:13,PTBA,RG,4070,100,D,YP,IT,D
14:37:13,PTBA,RG,4070,1,D,YP,SF,D
14:37:13,PTBA,RG,4070,70,D,YP,PD,D
14:37:13,PTBA,RG,4070,2,D,YP,YP,D
14:37:13,PTBA,RG,4070,2,D,YP,PD,D
14:37:13,PTBA,RG,4070,3,D,YP,PD,D
14:37:13,PTBA,RG,4070,12,D,YP,AK,F
14:37:13,PTBA,RG,4070,2,D,YP,LG,D
14:37:13,PTBA,RG,4070,300,D,YP,CC,D
14:37:13,PTBA,RG,4070,10,D,YP,XC,D
14:37:13,PTBA,RG,4070,3,D,YP,XC,D
14:37:13,PTBA,RG,4070,150,D,YP,YP,D
14:37:13,PTBA,RG,4070,5,D,YP,GR,D
14:37:13,PTBA,RG,4070,50,D,YP,YP,D
14:37:13,PTBA,RG,4070,1,D,YP,XC,D
14:37:13,PTBA,RG,4070,325,D,YP,DX,D
14:37:13,PTBA,RG,4070,5,D,YP,EP,D
14:37:13,PTBA,RG,4070,5,D,YP,OD,D
14:37:13,PTBA,RG,4070,10,D,YP,NI,D
14:37:13,PTBA,RG,4070,2,D,YP,XC,D
14:37:13,PTBA,RG,4070,300,D,YP,YP,D
14:37:13,PTBA,RG,4070,5,D,YP,XL,D
14:37:13,PTBA,RG,4070,1,D,YP,XC,D
14:37:13,PTBA,RG,4070,20,D,YP,DR,D
14:37:13,PTBA,RG,4070,1,D,YP,CP,D
14:37:13,PTBA,RG,4070,20,D,YP,KK,D
14:37:13,PTBA,RG,4070,1,D,YP,SQ,D
14:37:13,PTBA,RG,4070,1,D,YP,KK,D
14:37:13,PTBA,RG,4070,50,D,YP,YB,D
14:37:13,PTBA,RG,4070,13,D,YP,YP,D
14:37:13,PTBA,RG,4070,24,D,YP,XC,D
14:37:13,PTBA,RG,4070,3,D,YP,XC,D
14:37:13,PTBA,RG,4070,20,D,YP,EP,D
14:37:13,PTBA,RG,4070,30,D,YP,YP,D
14:36:55,PTBA,RG,4070,1,D,XL,YP,D
14:36:51,PTBA,RG,4070,18,D,PD,YP,D
14:36:51,PTBA,RG,4070,12,D,PD,YP,D
14:36:48,PTBA,RG,4060,7,D,PD,PD,D
14:36:44,PTBA,RG,4070,4,D,BK,YP,D
14:36:44,PTBA,RG,4070,10,D,BK,AT,D
14:36:44,PTBA,RG,4070,8,D,BK,YP,D
14:36:39,PTBA,RG,4060,10,D,PD,PD,D
14:36:15,PTBA,RG,4070,3,D,DR,YP,D
14:36:07,PTBA,RG,4060,3,D,PD,XC,D
14:35:36,PTBA,RG,4060,2,D,PD,XC,D
14:35:33,PTBA,RG,4060,3,D,PD,PD,D
14:35:30,PTBA,RG,4060,2,D,PD,NI,D
14:35:28,PTBA,RG,4060,6,D,PD,HP,D
14:35:27,PTBA,RG,4070,5,D,XL,YP,D
14:35:10,PTBA,RG,4060,250,D,PD,CC,D
14:34:56,PTBA,RG,4060,2,D,PD,YP,D
14:34:54,PTBA,RG,4060,4,D,PD,PD,D
14:34:48,PTBA,RG,4060,1,D,PD,KK,D
14:34:48,PTBA,RG,4060,199,D,ZP,KK,D
14:34:39,PTBA,RG,4060,1,D,ZP,XC,D
14:34:36,PTBA,RG,4060,100,D,ZP,PD,D
14:34:21,PTBA,RG,4060,50,D,ZP,YP,D
14:34:16,PTBA,RG,4060,50,D,ZP,KK,D
14:34:02,PTBA,RG,4060,2,D,ZP,CC,D
14:33:50,PTBA,RG,4060,61,D,ZP,YP,D
14:33:37,PTBA,RG,4060,3,D,ZP,OD,D
14:33:25,PTBA,RG,4060,45,D,ZP,XL,D
14:33:25,PTBA,RG,4060,20,D,ZP,PD,D
14:33:25,PTBA,RG,4060,50,D,ZP,YP,D
14:33:25,PTBA,RG,4060,30,D,ZP,PD,D
14:33:25,PTBA,RG,4060,4,D,ZP,XC,D
14:33:25,PTBA,RG,4060,20,D,ZP,CC,D
14:33:25,PTBA,RG,4060,8,D,ZP,BK,D
14:33:25,PTBA,RG,4060,96,D,ZP,BQ,D
14:33:11,PTBA,RG,4060,1,D,AT,BQ,D
14:33:09,PTBA,RG,4060,1,D,XC,BQ,D
14:33:08,PTBA,RG,4050,18,D,YP,PD,D
14:33:08,PTBA,RG,4050,1,D,YP,NI,D
14:33:05,PTBA,RG,4060,2,D,YP,BQ,D
14:32:56,PTBA,RG,4050,37,D,YP,GR,D
14:32:48,PTBA,RG,4060,25,D,YP,BQ,D
14:32:45,PTBA,RG,4050,200,D,YP,XC,D
14:32:44,PTBA,RG,4060,5,D,XL,BQ,D
14:32:33,PTBA,RG,4060,302,D,CC,BQ,D
14:32:33,PTBA,RG,4060,1,D,GR,BQ,D
14:32:32,PTBA,RG,4060,20,D,BK,BQ,D
14:32:32,PTBA,RG,4060,5,D,PD,BQ,D
14:32:32,PTBA,RG,4060,5,D,KK,BQ,D
14:32:32,PTBA,RG,4060,12,D,XC,BQ,D
14:32:32,PTBA,RG,4060,123,D,YP,BQ,D
14:32:32,PTBA,RG,4060,20,D,BK,BQ,D
14:32:32,PTBA,RG,4060,16,D,CC,BQ,D
14:32:32,PTBA,RG,4060,5,D,YP,BQ,D
14:32:32,PTBA,RG,4060,5,D,YP,BQ,D
14:32:32,PTBA,RG,4060,5,D,BB,BQ,D
14:32:32,PTBA,RG,4060,1,D,YP,BQ,D
14:32:26,PTBA,RG,4060,200,F,BK,EP,D
14:32:26,PTBA,RG,4070,84,F,ZP,YP,D
14:32:26,PTBA,RG,4070,138,F,ZP,SQ,D
14:32:26,PTBA,RG,4070,15,F,ZP,YP,D
14:32:26,PTBA,RG,4070,1,F,ZP,XC,D
14:32:26,PTBA,RG,4070,13,F,ZP,AK,F
14:32:26,PTBA,RG,4070,8,F,ZP,AK,F
14:32:26,PTBA,RG,4070,2,F,ZP,NI,D
14:32:26,PTBA,RG,4070,15,F,ZP,NI,D
14:32:26,PTBA,RG,4070,15,F,ZP,CC,F
14:32:26,PTBA,RG,4070,213,F,ZP,PD,D
14:32:26,PTBA,RG,4070,2,F,ZP,XL,D
14:32:26,PTBA,RG,4070,1,F,ZP,CC,D
14:32:25,PTBA,RG,4070,1,F,ZP,YB,D
14:32:25,PTBA,RG,4070,4,F,ZP,YP,D
14:32:25,PTBA,RG,4070,2,F,ZP,YP,D
14:32:25,PTBA,RG,4070,50,F,ZP,GR,D
14:32:25,PTBA,RG,4070,2,F,ZP,KK,D
14:32:25,PTBA,RG,4070,2,F,ZP,XL,D
14:32:25,PTBA,RG,4070,1,F,ZP,XC,D
14:32:25,PTBA,RG,4070,10,F,ZP,NI,D
14:32:25,PTBA,RG,4070,15,F,ZP,PD,D
14:32:25,PTBA,RG,4070,5,F,ZP,KK,D
14:32:25,PTBA,RG,4070,14,F,ZP,XC,D
14:32:25,PTBA,RG,4070,20,F,ZP,XC,D
14:32:25,PTBA,RG,4070,1,F,ZP,NI,D
14:32:25,PTBA,RG,4070,2,F,ZP,YP,D
14:32:25,PTBA,RG,4070,2,F,ZP,YP,D
14:32:25,PTBA,RG,4070,10,F,ZP,KK,D
14:32:25,PTBA,RG,4070,1,F,ZP,XC,D
14:32:25,PTBA,RG,4070,63,F,ZP,XC,D
14:32:08,PTBA,RG,4060,1,F,BK,XL,D
14:31:54,PTBA,RG,4070,92,F,ZP,XC,D
14:31:48,PTBA,RG,4060,2,F,BK,PD,D
14:31:46,PTBA,RG,4060,215,F,BK,YP,D
14:31:46,PTBA,RG,4060,5,D,CC,YP,D
14:31:46,PTBA,RG,4060,183,D,BK,YP,D
14:31:46,PTBA,RG,4060,21,D,BB,YP,D
14:31:46,PTBA,RG,4060,14,F,ZP,YP,D
14:31:46,PTBA,RG,4060,62,D,MG,YP,D
14:31:45,PTBA,RG,4070,26,F,BK,XC,D
14:31:43,PTBA,RG,4060,48,D,MG,YP,D
14:31:43,PTBA,RG,4070,19,D,BK,XC,D
14:31:40,PTBA,RG,4070,22,F,BK,XC,D
14:31:37,PTBA,RG,4070,52,F,BK,XC,D
14:31:37,PTBA,RG,4070,5,F,BK,LS,D
14:31:37,PTBA,RG,4070,6,F,BK,KK,D
14:31:33,PTBA,RG,4070,44,F,BK,KK,D
14:31:33,PTBA,RG,4070,56,F,BK,XC,D
14:31:33,PTBA,RG,4070,5,F,BK,YJ,D
14:31:33,PTBA,RG,4070,2,F,BK,XC,D
14:31:33,PTBA,RG,4070,20,F,BK,CC,D
14:31:33,PTBA,RG,4070,6,F,BK,XC,D
14:31:33,PTBA,RG,4070,4,F,BK,PD,D
14:31:33,PTBA,RG,4070,1,F,BK,YP,D
14:31:33,PTBA,RG,4070,1,F,BK,PD,D
14:31:33,PTBA,RG,4070,30,F,BK,KK,D
14:31:33,PTBA,RG,4070,1,F,BK,CC,D
14:31:33,PTBA,RG,4070,30,F,BK,PD,D
14:31:33,PTBA,RG,4070,8,F,BK,PD,D
14:31:33,PTBA,RG,4070,3,F,BK,XC,D
14:31:33,PTBA,RG,4070,8,F,BK,XC,D
14:31:33,PTBA,RG,4070,2,F,BK,XC,D
14:31:33,PTBA,RG,4070,3,F,BK,XL,D
14:31:33,PTBA,RG,4070,1,F,BK,YP,D
14:31:33,PTBA,RG,4070,1,F,BK,CC,D
14:31:33,PTBA,RG,4070,3,F,BK,YP,D
14:31:33,PTBA,RG,4070,100,F,BK,PD,D
14:31:33,PTBA,RG,4070,71,F,BK,PD,D
14:31:33,PTBA,RG,4050,5,D,YP,PD,D
14:31:30,PTBA,RG,4060,6,F,CS,CC,D
14:31:30,PTBA,RG,4060,5,F,CS,YP,D
14:31:30,PTBA,RG,4060,200,F,CS,PD,D
14:31:30,PTBA,RG,4060,4,F,CS,KK,D
14:31:30,PTBA,RG,4060,100,F,CS,PD,D
14:31:30,PTBA,RG,4060,10,F,CS,CC,D
14:31:30,PTBA,RG,4060,100,F,CS,YP,D
14:31:30,PTBA,RG,4060,80,F,CS,CC,D
14:31:30,PTBA,RG,4060,5,F,CS,KK,D
14:31:30,PTBA,RG,4060,1,F,CS,KK,D
14:31:30,PTBA,RG,4060,40,F,CS,EP,D
14:31:30,PTBA,RG,4060,12,F,CS,XL,D
14:31:30,PTBA,RG,4060,300,F,CS,YP,D
14:31:30,PTBA,RG,4060,1,F,CS,YP,D
14:31:30,PTBA,RG,4060,1,F,CS,XC,D
14:31:30,PTBA,RG,4060,10,F,CS,GR,D
14:31:30,PTBA,RG,4060,1,F,CS,YP,D
14:31:30,PTBA,RG,4060,1,F,CS,XC,D
14:31:30,PTBA,RG,4060,12,F,CS,AK,F
14:31:30,PTBA,RG,4060,8,F,CS,BK,D
14:31:30,PTBA,RG,4060,119,F,CS,GR,D
14:31:29,PTBA,RG,4050,500,D,YP,YP,D
14:31:26,PTBA,RG,4050,218,D,YP,EP,D
14:31:26,PTBA,RG,4050,2,D,YP,EP,D
14:31:26,PTBA,RG,4050,2,D,YP,EP,D
14:31:26,PTBA,RG,4050,20,D,GR,EP,D
14:31:26,PTBA,RG,4050,50,D,CC,EP,D
14:31:26,PTBA,RG,4050,1,D,XL,EP,D
14:31:26,PTBA,RG,4050,25,D,DR,EP,D
14:31:26,PTBA,RG,4050,100,D,AG,EP,D
14:31:26,PTBA,RG,4050,1582,F,AK,EP,D
14:31:22,PTBA,RG,4060,14,F,ZP,GR,D
14:31:22,PTBA,RG,4060,67,D,SQ,GR,D
14:31:22,PTBA,RG,4060,1,D,SQ,YP,D
14:31:22,PTBA,RG,4060,4,D,SQ,NI,D
14:31:22,PTBA,RG,4060,88,D,SQ,YP,D
14:31:20,PTBA,RG,4060,19,D,BK,YP,D
14:31:15,PTBA,RG,4060,10,D,DH,YP,D
14:31:15,PTBA,RG,4060,2,D,YP,YP,D
14:31:09,PTBA,RG,4050,80,F,AK,XL,D
14:30:42,PTBA,RG,4060,3,D,CC,YP,D
14:30:37,PTBA,RG,4060,33,F,ZP,YP,D
14:30:37,PTBA,RG,4050,20,F,AK,PD,D
14:30:36,PTBA,RG,4060,5,D,PD,YP,D
14:30:35,PTBA,RG,4060,5,D,PD,YP,D
14:30:19,PTBA,RG,4060,27,D,YU,YP,D
14:30:03,PTBA,RG,4060,13,D,XC,YP,D
14:30:01,PTBA,RG,4060,33,F,ZP,YP,D
14:30:01,PTBA,RG,4060,3,D,CC,YP,D
14:30:00,PTBA,RG,4060,5,F,AK,YP,D
14:29:56,PTBA,RG,4060,26,D,YU,YP,D
14:29:49,PTBA,RG,4060,1,D,CD,YP,D
14:29:43,PTBA,RG,4050,25,F,AK,XC,D
14:29:35,PTBA,RG,4060,25,D,YU,YP,D
14:29:10,PTBA,RG,4060,33,F,ZP,YP,D
14:29:00,PTBA,RG,4050,2,F,AK,KK,D
14:28:59,PTBA,RG,4050,20,F,AK,YP,D
14:28:46,PTBA,RG,4050,10,F,AK,YP,D
14:28:38,PTBA,RG,4050,10,F,AK,EP,D
14:28:20,PTBA,RG,4050,15,F,AK,KK,D
14:28:05,PTBA,RG,4050,10,F,AK,YP,D
14:28:00,PTBA,RG,4060,31,F,ZP,YP,D
14:28:00,PTBA,RG,4060,10,D,CC,YP,D
14:28:00,PTBA,RG,4060,25,D,YP,YP,D
14:28:00,PTBA,RG,4060,1,F,ZP,YP,D
14:28:00,PTBA,RG,4060,2,D,OD,YP,D
14:27:58,PTBA,RG,4060,2,D,OD,PD,D
14:27:58,PTBA,RG,4060,5,D,OD,YP,D
14:27:55,PTBA,RG,4060,1,D,OD,NI,D
14:27:52,PTBA,RG,4070,1,D,XC,PD,D
14:27:44,PTBA,RG,4060,1,F,ZP,YP,D
14:27:31,PTBA,RG,4060,1,D,YP,YP,D
14:27:27,PTBA,RG,4060,8,F,ZP,YP,D
14:27:27,PTBA,RG,4060,5,D,XL,YP,D
14:27:26,PTBA,RG,4060,5,D,XL,KK,D
14:27:26,PTBA,RG,4060,5,F,BK,KK,D
14:27:22,PTBA,RG,4060,93,F,BK,PD,D
14:27:22,PTBA,RG,4060,21,D,BK,PD,D
14:27:22,PTBA,RG,4060,10,D,PD,PD,D
14:27:22,PTBA,RG,4060,14,F,ZP,PD,D
14:27:22,PTBA,RG,4060,112,D,OD,PD,D
14:27:16,PTBA,RG,4060,28,D,OD,XC,D
14:27:16,PTBA,RG,4060,5,D,OD,NI,D
14:27:16,PTBA,RG,4060,50,D,OD,YP,D
14:27:16,PTBA,RG,4060,1,D,OD,PD,D
14:27:16,PTBA,RG,4060,50,D,OD,YP,D
14:27:16,PTBA,RG,4060,1,D,OD,SQ,D
14:27:16,PTBA,RG,4060,10,D,OD,YP,D
14:27:16,PTBA,RG,4060,20,D,OD,GR,D
14:27:16,PTBA,RG,4060,200,D,OD,PD,D
14:27:16,PTBA,RG,4060,5,D,OD,YP,D
14:27:16,PTBA,RG,4060,9,D,OD,BK,D
14:27:16,PTBA,RG,4060,9,D,OD,CC,D
14:27:02,PTBA,RG,4060,8,D,XC,CC,D
14:26:46,PTBA,RG,4050,8,F,AK,BK,D
14:26:40,PTBA,RG,4050,4,F,AK,PD,D
14:26:34,PTBA,RG,4060,31,F,ZP,CC,D
14:26:33,PTBA,RG,4060,1,D,XC,CC,D
14:26:11,PTBA,RG,4060,1,D,PD,CC,D
14:26:08,PTBA,RG,4060,1,D,YP,CC,D
14:26:02,PTBA,RG,4060,49,F,ZP,CC,D
14:25:49,PTBA,RG,4060,11,F,ZP,AK,F
14:25:48,PTBA,RG,4060,17,F,ZP,AK,F
14:25:48,PTBA,RG,4060,3,D,CC,AK,F
14:25:48,PTBA,RG,4060,10,D,CC,AK,F
14:25:48,PTBA,RG,4060,100,D,OD,AK,F
14:25:48,PTBA,RG,4060,5,D,NI,AK,F
14:25:48,PTBA,RG,4060,100,D,NI,AK,F
14:25:48,PTBA,RG,4060,40,D,IU,AK,F
14:25:48,PTBA,RG,4060,5,D,DR,AK,F
14:25:48,PTBA,RG,4060,1,D,EP,AK,F
14:25:48,PTBA,RG,4060,1,D,DR,AK,F
14:25:48,PTBA,RG,4060,100,D,NI,AK,F
14:25:48,PTBA,RG,4060,393,D,YB,AK,F
14:25:48,PTBA,RG,4060,107,D,YB,CC,D
14:25:48,PTBA,RG,4060,1,D,BQ,CC,D
14:25:48,PTBA,RG,4060,1,D,YP,CC,D
14:25:48,PTBA,RG,4060,25,D,XC,CC,D
14:25:48,PTBA,RG,4060,20,D,NI,CC,D
14:25:48,PTBA,RG,4060,12,D,YP,CC,D
14:25:48,PTBA,RG,4060,3,D,YP,CC,D
14:25:48,PTBA,RG,4060,1,D,XL,CC,D
14:25:48,PTBA,RG,4060,5,D,KK,CC,D
14:25:48,PTBA,RG,4060,240,D,BK,CC,D
14:25:48,PTBA,RG,4060,4,D,CC,CC,D
14:25:48,PTBA,RG,4060,181,F,BK,CC,D
14:25:48,PTBA,RG,4060,1,F,BK,DH,D
14:25:48,PTBA,RG,4060,100,F,BK,PD,D
14:25:44,PTBA,RG,4060,1,D,BB,YP,D
14:25:40,PTBA,RG,4060,1,D,BB,YP,D
14:25:33,PTBA,RG,4070,23,D,BK,PD,D
14:25:23,PTBA,RG,4060,2,D,BB,PD,D
14:25:15,PTBA,RG,4070,2,D,XL,PD,D
14:25:04,PTBA,RG,4070,7,D,XL,PD,D
14:25:04,PTBA,RG,4070,23,D,BK,PD,D
14:25:03,PTBA,RG,4060,24,D,BB,YP,D
14:24:44,PTBA,RG,4070,1,D,YP,PD,D
14:24:43,PTBA,RG,4060,25,F,CC,GR,D
14:24:40,PTBA,RG,4070,37,F,BK,PD,D
14:24:39,PTBA,RG,4070,23,D,BK,PD,D
14:24:31,PTBA,RG,4070,7,D,PD,PD,D
14:24:15,PTBA,RG,4060,1,F,CC,YP,D
14:24:12,PTBA,RG,4070,21,F,BK,PD,D
14:24:10,PTBA,RG,4070,21,D,BK,PD,D
14:24:09,PTBA,RG,4060,10,F,CC,SQ,D
14:24:08,PTBA,RG,4070,35,F,BK,PD,D
14:24:05,PTBA,RG,4060,175,F,CC,OD,D
14:23:46,PTBA,RG,4070,20,D,BK,PD,D
14:23:39,PTBA,RG,4070,8,D,YP,PD,D
14:23:39,PTBA,RG,4070,16,D,YP,YP,D
14:23:26,PTBA,RG,4070,8,D,BK,YP,D
14:23:26,PTBA,RG,4070,1,D,BK,CC,D
14:23:26,PTBA,RG,4070,5,D,BK,AZ,D
14:23:26,PTBA,RG,4070,1,D,BK,CC,D
14:23:26,PTBA,RG,4070,3,D,BK,LG,D
14:23:17,PTBA,RG,4060,1,F,CC,PD,D
14:23:06,PTBA,RG,4070,23,F,BK,LG,D
14:23:05,PTBA,RG,4070,94,D,AZ,LG,D
14:23:05,PTBA,RG,4070,29,D,AZ,YP,D
14:23:03,PTBA,RG,4060,4,F,CC,AT,D
14:23:01,PTBA,RG,4070,10,D,GR,YP,D
14:23:00,PTBA,RG,4070,32,F,BK,YP,D
14:22:59,PTBA,RG,4070,22,D,BK,YP,D
14:22:54,PTBA,RG,4070,1,D,XC,YP,D
14:22:50,PTBA,RG,4070,20,D,BB,YP,D
14:22:35,PTBA,RG,4070,21,D,BK,YP,D
14:22:13,PTBA,RG,4070,22,D,BK,YP,D
14:22:06,PTBA,RG,4070,36,F,BK,YP,D
14:22:04,PTBA,RG,4070,37,F,BK,YP,D
14:22:04,PTBA,RG,4070,2,F,BK,XC,D
14:22:04,PTBA,RG,4070,14,F,BK,OD,D
14:22:01,PTBA,RG,4070,26,F,BK,OD,D
14:22:01,PTBA,RG,4070,1,F,BK,YP,D
14:22:01,PTBA,RG,4070,1,F,BK,XC,D
14:22:01,PTBA,RG,4070,24,F,BK,YP,D
14:22:01,PTBA,RG,4070,5,F,BK,OD,D
14:22:01,PTBA,RG,4070,197,F,BK,XC,D
14:21:59,PTBA,RG,4070,3,F,AK,XC,D
14:21:59,PTBA,RG,4070,1,F,AK,PD,D
14:21:59,PTBA,RG,4070,1,F,AK,CC,D
14:21:59,PTBA,RG,4070,100,F,AK,DR,D
14:21:59,PTBA,RG,4070,1,F,AK,XC,D
14:21:59,PTBA,RG,4070,124,F,AK,YP,D
14:21:59,PTBA,RG,4070,13,F,AK,PD,D
14:21:59,PTBA,RG,4070,1,F,AK,YP,D
14:21:59,PTBA,RG,4070,11,F,AK,XC,D
14:21:59,PTBA,RG,4070,745,F,AK,SQ,D
14:21:59,PTBA,RG,4070,219,F,BK,SQ,D
14:21:55,PTBA,RG,4070,1000,F,AK,SQ,D
14:21:55,PTBA,RG,4070,56,F,BK,SQ,D
14:21:50,PTBA,RG,4070,269,F,BK,SQ,D
14:21:49,PTBA,RG,4070,1000,F,AK,SQ,D
14:21:49,PTBA,RG,4070,19,D,BK,SQ,D
14:21:48,PTBA,RG,4060,200,F,CC,PD,D
14:21:45,PTBA,RG,4070,71,F,BK,SQ,D
14:21:43,PTBA,RG,4060,2,D,NI,CC,D
14:21:42,PTBA,RG,4070,343,F,BK,SQ,D
14:21:42,PTBA,RG,4070,2278,F,CS,SQ,D
14:21:42,PTBA,RG,4070,2,F,CS,PD,D
14:21:42,PTBA,RG,4070,70,F,CS,IH,D
14:21:42,PTBA,RG,4070,1,F,CS,KK,D
14:21:42,PTBA,RG,4070,121,F,CS,PC,D
14:21:42,PTBA,RG,4070,1,F,CS,YP,D
14:21:42,PTBA,RG,4070,17,F,CS,AR,D
14:21:28,PTBA,RG,4060,1,F,CC,PD,D
14:21:28,PTBA,RG,4060,11,F,CC,BQ,D
14:21:28,PTBA,RG,4060,10,F,CC,PD,D
14:21:28,PTBA,RG,4060,6,F,CC,PD,D
14:21:28,PTBA,RG,4060,1,F,CC,NI,D
14:21:28,PTBA,RG,4060,30,F,CC,YP,D
14:21:28,PTBA,RG,4060,8,F,CC,BK,D
14:21:28,PTBA,RG,4060,38,F,CC,LG,D
14:21:26,PTBA,RG,4060,19,D,BK,LG,D
14:21:21,PTBA,RG,4060,13,D,YP,LG,D
14:21:07,PTBA,RG,4060,30,F,BK,LG,D
14:21:07,PTBA,RG,4060,5,D,CC,LG,D
14:21:06,PTBA,RG,4060,15,D,BK,LG,D
14:21:06,PTBA,RG,4060,3,D,BK,YP,D
14:21:04,PTBA,RG,4060,2,D,GR,YP,D
14:21:03,PTBA,RG,4060,2,F,BK,YP,D
14:21:03,PTBA,RG,4060,11,F,BK,CD,D
14:21:03,PTBA,RG,4060,8,F,BK,AT,D
14:21:03,PTBA,RG,4060,17,F,BK,NI,D
14:21:00,PTBA,RG,4060,8,F,BK,NI,D
14:21:00,PTBA,RG,4060,15,F,BK,NI,D
14:21:00,PTBA,RG,4060,50,F,BK,CC,D
14:21:00,PTBA,RG,4060,1,F,BK,NI,D
14:21:00,PTBA,RG,4060,9,F,BK,AK,F
14:21:00,PTBA,RG,4060,8,F,BK,AK,F
14:21:00,PTBA,RG,4060,10,F,BK,CC,D
14:21:00,PTBA,RG,4060,1,F,BK,XC,D
14:21:00,PTBA,RG,4060,247,F,BK,YP,D
14:20:58,PTBA,RG,4060,25,D,PD,YP,D
14:20:57,PTBA,RG,4050,275,F,AK,GR,D
14:20:56,PTBA,RG,4060,10,D,XC,YP,D
14:20:56,PTBA,RG,4060,500,F,AK,YP,D
14:20:55,PTBA,RG,4060,500,F,AK,YP,D
14:20:55,PTBA,RG,4060,500,F,AK,YP,D
14:20:55,PTBA,RG,4050,15,F,AK,YP,D
14:20:54,PTBA,RG,4060,500,F,AK,YP,D
14:20:54,PTBA,RG,4060,24,F,AK,YP,D
14:20:54,PTBA,RG,4060,49,F,AK,YP,D
14:20:54,PTBA,RG,4060,249,F,AK,YP,D
14:20:54,PTBA,RG,4060,500,F,AK,YP,D
14:20:54,PTBA,RG,4060,84,F,BK,YP,D
14:20:50,PTBA,RG,4060,1812,D,XC,YP,D
14:20:50,PTBA,RG,4060,300,D,XC,PD,D
14:20:50,PTBA,RG,4060,9,D,XC,AK,F
14:20:50,PTBA,RG,4060,8,D,XC,BK,D
14:20:50,PTBA,RG,4060,25,D,XC,DR,D
14:20:50,PTBA,RG,4060,1,D,XC,YP,D
14:20:50,PTBA,RG,4060,87,D,XC,YP,D
14:20:41,PTBA,RG,4060,20,D,BK,YP,D
14:20:33,PTBA,RG,4050,200,F,AK,PD,D
14:20:32,PTBA,RG,4050,1,F,AK,DH,D
14:20:25,PTBA,RG,4060,2,D,PD,YP,D
14:20:20,PTBA,RG,4060,20,D,BK,YP,D
14:20:00,PTBA,RG,4060,28,D,CC,YP,D
14:19:47,PTBA,RG,4050,23,F,AK,XC,D
14:19:47,PTBA,RG,4050,98,D,YP,XC,D
14:19:44,PTBA,RG,4060,2,D,XC,YP,D
14:19:24,PTBA,RG,4050,1,D,YP,XC,D
14:18:57,PTBA,RG,4060,5,D,PD,YP,D
14:18:44,PTBA,RG,4060,3,D,YP,YP,D
14:18:27,PTBA,RG,4060,1,D,CC,YP,D
14:18:25,PTBA,RG,4060,5,D,YP,YP,D
14:18:18,PTBA,RG,4060,24,D,CC,YP,D
14:17:51,PTBA,RG,4060,5,D,YP,YP,D
14:17:45,PTBA,RG,4060,20,D,XC,YP,D
14:17:43,PTBA,RG,4060,100,D,OD,YP,D
14:17:40,PTBA,RG,4060,100,D,OD,YP,D
14:17:31,PTBA,RG,4060,10,D,PD,YP,D
14:17:26,PTBA,RG,4060,100,F,BK,YP,D
14:17:26,PTBA,RG,4060,10,D,XL,YP,D
14:17:26,PTBA,RG,4060,22,D,BK,YP,D
14:17:26,PTBA,RG,4060,200,D,GR,YP,D
14:17:26,PTBA,RG,4060,9,D,DR,YP,D
14:17:26,PTBA,RG,4060,1,D,EP,YP,D
14:17:26,PTBA,RG,4060,100,D,NI,YP,D
14:17:26,PTBA,RG,4060,6,D,AT,YP,D
14:17:26,PTBA,RG,4060,10,D,OD,YP,D
14:17:26,PTBA,RG,4060,1,D,YP,YP,D
14:17:26,PTBA,RG,4060,100,D,NI,YP,D
14:17:26,PTBA,RG,4060,1,D,KK,YP,D
14:17:26,PTBA,RG,4060,2,D,XC,YP,D
14:17:26,PTBA,RG,4060,1,D,NI,YP,D
14:17:26,PTBA,RG,4060,5,D,YP,YP,D
14:17:26,PTBA,RG,4060,7,D,BB,YP,D
14:17:26,PTBA,RG,4060,5,D,DR,YP,D
14:17:26,PTBA,RG,4060,480,F,AK,YP,D
14:17:26,PTBA,RG,4060,508,F,CS,YP,D
14:17:17,PTBA,RG,4060,1,F,CS,PD,D
14:17:16,PTBA,RG,4060,24,F,CS,DH,D
14:17:14,PTBA,RG,4070,22,D,XL,AR,D
14:16:39,PTBA,RG,4060,2,F,CS,YP,D
14:16:25,PTBA,RG,4060,12,F,CS,PD,D
14:16:25,PTBA,RG,4070,10,D,LG,AR,D
14:16:25,PTBA,RG,4070,5,D,LG,CC,D
14:16:07,PTBA,RG,4060,50,F,CS,SQ,D
14:16:00,PTBA,RG,4060,150,F,CS,PD,D
14:15:39,PTBA,RG,4070,1,D,YP,CC,D
14:15:37,PTBA,RG,4070,8,D,XC,CC,D
14:15:37,PTBA,RG,4070,10,D,XC,AZ,D
14:15:37,PTBA,RG,4070,9,D,XC,SQ,D
14:15:37,PTBA,RG,4070,10,D,XC,GR,D
14:15:37,PTBA,RG,4070,1,D,XC,KK,D
14:15:37,PTBA,RG,4070,2,D,XC,OD,D
14:15:37,PTBA,RG,4070,200,D,XC,AT,D
14:15:37,PTBA,RG,4070,756,D,XC,YP,D
14:15:29,PTBA,RG,4070,3,D,NI,YP,D
14:15:27,PTBA,RG,4060,50,F,CS,OD,D
14:15:21,PTBA,RG,4060,10,F,CS,SQ,D
14:15:21,PTBA,RG,4060,4,F,CS,PD,D
14:15:17,PTBA,RG,4060,85,F,CS,NI,D
14:15:17,PTBA,RG,4060,10,D,PD,NI,D
14:15:17,PTBA,RG,4060,65,F,CS,NI,D
14:15:03,PTBA,RG,4060,5,F,CS,DH,D
14:14:59,PTBA,RG,4060,1,F,CS,XC,D
14:14:57,PTBA,RG,4060,809,F,CS,YP,D
14:14:57,PTBA,RG,4060,1,D,EP,YP,D
14:14:57,PTBA,RG,4060,65,D,BK,YP,D
14:14:57,PTBA,RG,4060,1000,D,YU,YP,D
14:14:57,PTBA,RG,4060,8,D,YU,YP,D
14:14:57,PTBA,RG,4060,2,D,DR,YP,D
14:14:57,PTBA,RG,4060,1,D,YP,YP,D
14:14:57,PTBA,RG,4060,13,D,CC,YP,D
14:14:57,PTBA,RG,4060,53,D,BK,YP,D
14:14:57,PTBA,RG,4060,10,D,YP,YP,D
14:14:57,PTBA,RG,4060,50,D,CC,YP,D
14:14:57,PTBA,RG,4060,4,D,XC,YP,D
14:14:57,PTBA,RG,4060,100,D,NI,YP,D
14:14:57,PTBA,RG,4060,10,D,PD,YP,D
14:14:57,PTBA,RG,4060,19,D,GR,YP,D
14:14:57,PTBA,RG,4060,51,D,BK,YP,D
14:14:57,PTBA,RG,4060,100,D,OD,YP,D
14:14:57,PTBA,RG,4060,2,D,YP,YP,D
14:14:57,PTBA,RG,4060,12,D,YP,YP,D
14:14:57,PTBA,RG,4060,1,D,YB,YP,D
14:14:57,PTBA,RG,4060,200,D,EL,YP,D
14:14:57,PTBA,RG,4060,1,D,SQ,YP,D
14:14:57,PTBA,RG,4060,48,D,BK,YP,D
14:14:57,PTBA,RG,4060,1,D,YB,YP,D
14:14:57,PTBA,RG,4060,1,D,YP,YP,D
14:14:57,PTBA,RG,4060,2,D,YP,YP,D
14:14:57,PTBA,RG,4060,5,D,PD,YP,D
14:14:57,PTBA,RG,4060,45,D,BK,YP,D
14:14:57,PTBA,RG,4060,10,D,YP,YP,D
14:14:57,PTBA,RG,4060,5,D,OD,YP,D
14:14:57,PTBA,RG,4060,50,D,PD,YP,D
14:14:57,PTBA,RG,4060,2,D,OD,YP,D
14:14:57,PTBA,RG,4060,10,D,DR,YP,D
14:14:57,PTBA,RG,4060,3,D,KK,YP,D
14:14:57,PTBA,RG,4060,5,D,KK,YP,D
14:14:57,PTBA,RG,4060,3,D,YP,YP,D
14:14:57,PTBA,RG,4060,144,D,BK,YP,D
14:14:57,PTBA,RG,4060,30,D,KK,YP,D
14:14:57,PTBA,RG,4060,410,F,AK,YP,D
14:14:57,PTBA,RG,4060,11,D,BB,YP,D
14:14:57,PTBA,RG,4060,1703,D,YU,YP,D
14:14:46,PTBA,RG,4060,3,D,YU,XC,D
14:14:34,PTBA,RG,4060,1231,D,YU,YP,D
14:14:22,PTBA,RG,4060,26,D,YU,NI,D
14:14:11,PTBA,RG,4060,30,D,YU,CC,D
14:14:05,PTBA,RG,4060,1,D,YU,XC,D
14:13:59,PTBA,RG,4060,60,D,YU,CC,D
14:13:48,PTBA,RG,4060,1,D,YU,XL,D
14:13:44,PTBA,RG,4070,2,D,NI,YP,D
14:13:43,PTBA,RG,4060,1,D,YU,DH,D
14:13:41,PTBA,RG,4060,2,D,YU,CC,D
14:13:25,PTBA,RG,4060,10,D,YU,YP,D
14:12:46,PTBA,RG,4070,3,D,CC,YP,D
14:12:44,PTBA,RG,4060,2,D,YU,YP,D
14:12:31,PTBA,RG,4060,2,D,YU,YP,D
14:12:22,PTBA,RG,4060,1,D,YU,YP,D
14:12:16,PTBA,RG,4060,1,D,YU,OD,D
14:12:10,PTBA,RG,4060,38,D,YU,YP,D
14:12:09,PTBA,RG,4070,7,D,YP,YP,D
14:12:08,PTBA,RG,4070,15,D,KK,YP,D
14:11:57,PTBA,RG,4070,57,D,PD,YP,D
14:11:55,PTBA,RG,4070,2,D,DR,YP,D
14:11:45,PTBA,RG,4070,12,D,PD,YP,D
14:11:42,PTBA,RG,4060,1,D,YU,EP,D
14:11:07,PTBA,RG,4060,8,D,YU,NI,D
14:11:04,PTBA,RG,4060,2,D,YU,GR,D
14:10:59,PTBA,RG,4060,12,D,YU,PD,D
14:10:26,PTBA,RG,4060,2,D,YU,XC,D
14:10:25,PTBA,RG,4060,3,D,YU,XC,D
14:10:24,PTBA,RG,4070,3,D,XC,YP,D
14:10:23,PTBA,RG,4060,1,D,YU,XC,D
14:09:56,PTBA,RG,4060,2,D,YU,HP,D
14:09:31,PTBA,RG,4060,4,D,YU,PD,D
14:09:31,PTBA,RG,4060,4,D,YU,PD,D
14:09:31,PTBA,RG,4060,10,D,YU,NI,D
14:09:31,PTBA,RG,4060,40,D,YU,GR,D
14:09:31,PTBA,RG,4060,671,D,YU,CC,D
14:09:31,PTBA,RG,4060,10,D,YU,AK,F
14:09:31,PTBA,RG,4060,25,D,YU,OD,D
14:09:31,PTBA,RG,4060,2,D,YU,YP,D
14:09:31,PTBA,RG,4060,44,D,YU,KK,D
14:09:31,PTBA,RG,4060,10,D,YU,PD,D
14:09:31,PTBA,RG,4060,1,D,YU,CC,D
14:09:31,PTBA,RG,4060,1,D,YU,XC,D
14:09:31,PTBA,RG,4060,250,D,YU,CC,D
14:09:31,PTBA,RG,4060,1,D,YU,CC,F
14:09:31,PTBA,RG,4060,12,D,YU,AK,F
14:09:31,PTBA,RG,4060,255,D,YU,CC,D
14:09:31,PTBA,RG,4060,150,D,YU,YP,D
14:09:31,PTBA,RG,4060,1,D,YU,PD,D
14:09:31,PTBA,RG,4060,9,D,YU,AK,F
14:09:31,PTBA,RG,4060,10,D,YU,XC,D
14:09:31,PTBA,RG,4060,103,D,YU,XC,D
14:09:31,PTBA,RG,4060,30,D,YU,SQ,D
14:09:31,PTBA,RG,4060,50,D,YU,OD,D
14:09:31,PTBA,RG,4060,1,D,YU,PD,D
14:09:31,PTBA,RG,4060,3,D,YU,EP,D
14:09:31,PTBA,RG,4060,2,D,YU,DH,D
14:09:31,PTBA,RG,4060,158,D,YU,PD,D
14:09:03,PTBA,RG,4060,7,D,YP,PD,D
14:09:00,PTBA,RG,4060,1,D,YP,PD,D
14:08:54,PTBA,RG,4060,10,D,YP,PD,D
14:08:49,PTBA,RG,4060,1,D,XC,PD,D
14:08:38,PTBA,RG,4060,2,D,CC,PD,D
14:08:36,PTBA,RG,4060,3,D,YP,PD,D
14:08:36,PTBA,RG,4060,3,D,PD,PD,D
14:08:34,PTBA,RG,4060,4,D,XC,PD,D
14:08:31,PTBA,RG,4060,1,D,NI,PD,D
14:08:17,PTBA,RG,4060,1,D,YP,PD,D
14:08:14,PTBA,RG,4050,1,D,YP,PD,D
14:08:14,PTBA,RG,4060,5,D,YP,PD,D
14:08:09,PTBA,RG,4060,4,D,YP,PD,D
14:08:05,PTBA,RG,4060,34,D,YP,PD,D
14:08:02,PTBA,RG,4060,66,D,GR,PD,D
14:08:02,PTBA,RG,4060,11,D,GR,YP,D
14:08:02,PTBA,RG,4060,5,D,GR,XC,D
14:08:02,PTBA,RG,4060,30,D,GR,YU,D
14:08:02,PTBA,RG,4060,10,D,GR,AK,F
14:08:02,PTBA,RG,4060,9,D,GR,AK,F
14:08:02,PTBA,RG,4060,21,D,GR,BK,D
14:08:02,PTBA,RG,4060,1,D,GR,CC,F
14:08:02,PTBA,RG,4060,192,D,GR,EP,D
14:08:00,PTBA,RG,4060,21,D,XL,EP,D
14:07:58,PTBA,RG,4060,3,D,XL,EP,D
14:07:55,PTBA,RG,4060,25,D,EP,EP,D
14:07:54,PTBA,RG,4060,1,D,XL,EP,D
14:07:52,PTBA,RG,4060,50,D,YP,EP,D
14:07:50,PTBA,RG,4060,324,D,YP,EP,D
14:07:50,PTBA,RG,4060,1,D,CC,EP,D
14:07:47,PTBA,RG,4060,1,D,XA,EP,D
14:07:40,PTBA,RG,4060,1,D,XA,EP,D
14:07:35,PTBA,RG,4060,7,D,CC,EP,D
14:07:34,PTBA,RG,4060,2,D,XL,EP,D
14:07:32,PTBA,RG,4060,1,D,XC,EP,D
14:07:32,PTBA,RG,4060,3,D,AT,EP,D
14:07:27,PTBA,RG,4060,1,D,CC,EP,D
14:07:23,PTBA,RG,4060,1,D,CC,EP,D
14:07:21,PTBA,RG,4060,1,D,XC,EP,D
14:07:20,PTBA,RG,4060,105,D,YP,EP,D
14:07:15,PTBA,RG,4060,62,D,KK,EP,D
14:07:14,PTBA,RG,4060,5,D,LG,EP,D
14:07:13,PTBA,RG,4060,8,D,XL,EP,D
14:07:13,PTBA,RG,4060,2,D,YP,EP,D
14:07:13,PTBA,RG,4060,2,D,NI,EP,D
14:07:13,PTBA,RG,4060,5,D,DR,EP,D
14:07:13,PTBA,RG,4060,45,D,BK,EP,D
14:07:13,PTBA,RG,4060,5,D,BB,EP,D
14:07:13,PTBA,RG,4060,100,D,YP,EP,D
14:07:13,PTBA,RG,4060,20,D,KK,EP,D
14:07:13,PTBA,RG,4060,100,D,DH,EP,D
14:07:13,PTBA,RG,4060,5,D,YP,EP,D
14:07:13,PTBA,RG,4060,6,D,XL,EP,D
14:07:13,PTBA,RG,4060,25,D,CP,EP,D
14:07:13,PTBA,RG,4060,53,D,YP,EP,D
14:07:13,PTBA,RG,4060,1,D,CC,EP,D
14:07:13,PTBA,RG,4060,41,D,BK,EP,D
14:07:13,PTBA,RG,4060,10,D,YP,EP,D
14:07:13,PTBA,RG,4060,53,F,AK,EP,D
14:07:13,PTBA,RG,4060,5,D,PD,EP,D
14:07:13,PTBA,RG,4060,100,D,NI,EP,D
14:07:13,PTBA,RG,4060,5,D,YP,EP,D
14:07:13,PTBA,RG,4060,5,D,PD,EP,D
14:07:13,PTBA,RG,4060,84,D,YP,EP,D
14:07:13,PTBA,RG,4060,72,D,SQ,EP,D
14:07:13,PTBA,RG,4060,5,D,XC,EP,D
14:07:13,PTBA,RG,4060,45,D,BK,EP,D
14:07:13,PTBA,RG,4060,200,D,YP,EP,D
14:07:13,PTBA,RG,4060,13,D,PD,EP,D
14:07:13,PTBA,RG,4060,48,D,XC,EP,D
14:07:13,PTBA,RG,4060,5,D,OD,EP,D
14:07:13,PTBA,RG,4060,5,D,DR,EP,D
14:07:13,PTBA,RG,4060,20,D,PD,EP,D
14:07:13,PTBA,RG,4060,5,D,YP,EP,D
14:07:13,PTBA,RG,4060,5,D,CC,EP,D
14:07:13,PTBA,RG,4060,38,D,BK,EP,D
14:07:13,PTBA,RG,4060,10,D,KK,EP,D
14:07:13,PTBA,RG,4060,23,D,XC,EP,D
14:07:13,PTBA,RG,4060,4,D,YB,EP,D
14:07:13,PTBA,RG,4060,1,D,XC,EP,D
14:07:13,PTBA,RG,4060,5,D,YP,EP,D
14:07:13,PTBA,RG,4060,200,D,GR,EP,D
14:07:13,PTBA,RG,4060,76,D,YP,EP,D
14:07:13,PTBA,RG,4060,21,D,BK,EP,D
14:07:13,PTBA,RG,4060,55,D,YP,EP,D
14:07:13,PTBA,RG,4060,2,D,XC,EP,D
14:07:13,PTBA,RG,4060,722,F,AK,EP,D
14:07:13,PTBA,RG,4060,133,F,CS,EP,D
14:07:11,PTBA,RG,4060,5,F,CS,PD,D
14:07:10,PTBA,RG,4060,10,F,CS,PD,D
14:07:03,PTBA,RG,4060,200,F,CS,CC,D
14:07:01,PTBA,RG,4060,1,F,CS,YP,D
14:07:01,PTBA,RG,4060,2,F,CS,NI,D
14:06:58,PTBA,RG,4060,1,F,CS,EP,D
14:06:58,PTBA,RG,4060,1,F,CS,PD,D
14:06:51,PTBA,RG,4060,100,F,CS,CC,D
14:06:51,PTBA,RG,4060,200,F,CS,YP,D
14:06:50,PTBA,RG,4060,1,F,CS,PD,D
14:06:41,PTBA,RG,4060,2,F,CS,PD,D
14:06:36,PTBA,RG,4060,5,F,CS,OD,D
14:06:30,PTBA,RG,4060,11,F,CS,NI,D
14:06:15,PTBA,RG,4060,1,F,CS,XC,D
14:06:09,PTBA,RG,4060,1,F,CS,YP,D
14:06:00,PTBA,RG,4060,1,F,CS,PD,D
14:05:49,PTBA,RG,4060,5,F,CS,KK,D
14:05:45,PTBA,RG,4060,100,F,CS,XC,D
14:05:42,PTBA,RG,4060,5,F,CS,YP,D
14:05:38,PTBA,RG,4070,30,D,PD,YP,D
14:05:27,PTBA,RG,4060,10,F,CS,PD,D
14:05:22,PTBA,RG,4060,4,F,CS,PD,D
14:05:21,PTBA,RG,4060,226,F,CS,XL,D
14:05:21,PTBA,RG,4060,20,D,BB,XL,D
14:05:21,PTBA,RG,4060,50,D,CC,XL,D
14:05:21,PTBA,RG,4060,14,D,LG,XL,D
14:05:18,PTBA,RG,4060,3,D,LG,BQ,D
14:04:58,PTBA,RG,4060,8,D,LG,NI,D
14:04:58,PTBA,RG,4060,5,D,XL,NI,D
14:04:58,PTBA,RG,4060,12,D,PD,NI,D
14:04:58,PTBA,RG,4060,10,D,NI,NI,D
14:04:58,PTBA,RG,4060,15,D,CC,NI,D
14:04:49,PTBA,RG,4060,3,D,GR,XC,D
14:04:46,PTBA,RG,4060,1,D,GR,CC,D
14:04:19,PTBA,RG,4060,1,D,GR,CC,D
14:04:18,PTBA,RG,4060,10,D,GR,XC,D
14:04:08,PTBA,RG,4060,10,D,GR,XC,D
14:04:08,PTBA,RG,4060,2,D,YP,XC,D
14:04:08,PTBA,RG,4060,5,D,XC,XC,D
14:04:08,PTBA,RG,4060,20,D,CC,XC,D
14:04:08,PTBA,RG,4060,1,D,XC,XC,D
14:04:08,PTBA,RG,4060,10,D,EP,XC,D
14:04:08,PTBA,RG,4060,5,D,GR,XC,D
14:04:08,PTBA,RG,4060,2,D,YP,XC,D
14:04:08,PTBA,RG,4060,1,D,YP,XC,D
14:04:08,PTBA,RG,4060,25,D,GR,XC,D
14:04:08,PTBA,RG,4060,19,D,DR,XC,D
14:04:00,PTBA,RG,4060,1,D,DR,YP,D
14:03:54,PTBA,RG,4060,7,D,DR,PD,D
14:03:54,PTBA,RG,4060,25,D,DH,PD,D
14:03:54,PTBA,RG,4060,20,D,XC,PD,D
14:03:54,PTBA,RG,4060,12,D,YP,PD,D
14:03:54,PTBA,RG,4060,2,D,YP,PD,D
14:03:54,PTBA,RG,4060,10,D,CC,PD,D
14:03:54,PTBA,RG,4060,3,D,YP,PD,D
14:03:54,PTBA,RG,4060,5,D,YP,PD,D
14:03:54,PTBA,RG,4060,38,D,PD,PD,D
14:03:49,PTBA,RG,4060,2,D,PD,YP,D
14:03:49,PTBA,RG,4060,3,D,XC,YP,D
14:03:48,PTBA,RG,4060,2,D,XC,XC,D
14:03:38,PTBA,RG,4060,12,D,XC,YP,D
14:03:31,PTBA,RG,4060,1,D,XC,PD,D
14:03:22,PTBA,RG,4060,3,D,XC,XC,D
14:03:21,PTBA,RG,4060,10,D,XC,XC,D
14:03:18,PTBA,RG,4060,8,D,XC,YB,D
14:03:09,PTBA,RG,4070,20,D,CC,YP,D
14:03:08,PTBA,RG,4060,57,D,XC,XC,D
14:03:08,PTBA,RG,4060,53,D,CP,XC,D
14:03:05,PTBA,RG,4060,1,D,CP,KK,D
14:02:57,PTBA,RG,4060,81,D,CP,YP,D
14:02:54,PTBA,RG,4060,71,D,CP,PD,D
14:02:44,PTBA,RG,4070,1,D,XL,YP,D
14:02:39,PTBA,RG,4070,6,D,XC,YP,D
14:02:33,PTBA,RG,4070,5,D,XC,YP,D
14:02:31,PTBA,RG,4070,5,D,CC,YP,D
14:02:25,PTBA,RG,4070,13,D,YP,YP,D
14:02:18,PTBA,RG,4060,2,D,CP,KK,D
14:02:17,PTBA,RG,4070,1,D,XC,YP,D
14:02:16,PTBA,RG,4060,42,D,CP,PD,D
14:02:16,PTBA,RG,4060,20,D,MG,PD,D
14:02:16,PTBA,RG,4060,5,D,NI,PD,D
14:02:16,PTBA,RG,4060,1,D,NI,PD,D
14:02:16,PTBA,RG,4060,1,D,PC,PD,D
14:02:16,PTBA,RG,4060,6,D,BQ,PD,D
14:02:16,PTBA,RG,4060,5,D,DR,PD,D
14:02:16,PTBA,RG,4060,3,D,YB,PD,D
14:02:16,PTBA,RG,4060,2,D,YP,PD,D
14:02:16,PTBA,RG,4060,1,D,XC,PD,D
14:02:16,PTBA,RG,4060,1,D,XL,PD,D
14:02:16,PTBA,RG,4060,5,D,GR,PD,D
14:02:16,PTBA,RG,4060,25,D,PD,PD,D
14:02:16,PTBA,RG,4060,1,D,PD,PD,D
14:02:16,PTBA,RG,4060,5,D,PD,PD,D
14:02:16,PTBA,RG,4060,1,D,BQ,PD,D
14:02:16,PTBA,RG,4060,50,D,CC,PD,D
14:02:16,PTBA,RG,4060,2,D,YP,PD,D
14:02:16,PTBA,RG,4060,2,D,YP,PD,D
14:02:16,PTBA,RG,4060,5,D,KK,PD,D
14:02:16,PTBA,RG,4060,100,D,YP,PD,D
14:02:16,PTBA,RG,4060,1,D,YP,PD,D
14:02:16,PTBA,RG,4060,2,D,DR,PD,D
14:02:16,PTBA,RG,4060,10,D,CC,PD,D
14:02:16,PTBA,RG,4060,5,D,NI,PD,D
14:02:16,PTBA,RG,4060,26,D,KK,PD,D
14:02:16,PTBA,RG,4060,73,D,YP,PD,D
14:01:50,PTBA,RG,4070,3,D,CC,YP,D
14:01:49,PTBA,RG,4060,2,D,YP,YP,D
14:01:45,PTBA,RG,4060,12,D,YP,XL,D
14:01:40,PTBA,RG,4070,100,D,YP,YP,D
14:01:39,PTBA,RG,4070,100,D,SQ,YP,D
14:01:33,PTBA,RG,4070,2,D,CC,YP,D
14:01:28,PTBA,RG,4070,1,D,XL,YP,D
14:01:26,PTBA,RG,4070,1,D,XL,YP,D
14:01:24,PTBA,RG,4070,10,D,YP,YP,D
14:01:23,PTBA,RG,4060,1,D,YP,OD,D
14:01:13,PTBA,RG,4070,250,D,IF,YP,D
14:01:04,PTBA,RG,4070,2,D,YP,YP,D
14:01:04,PTBA,RG,4070,2,D,XL,YP,D
14:01:04,PTBA,RG,4070,1,D,CC,YP,D
14:01:04,PTBA,RG,4070,42,D,BK,YP,D
14:01:04,PTBA,RG,4070,50,D,CP,YP,D
14:01:04,PTBA,RG,4070,1040,F,CS,YP,D
14:01:04,PTBA,RG,4070,4,D,YP,YP,D
14:01:04,PTBA,RG,4070,41,D,BK,YP,D
14:01:04,PTBA,RG,4070,14,D,CC,YP,D
14:01:04,PTBA,RG,4070,10,D,YP,YP,D
14:01:04,PTBA,RG,4070,2,D,XC,YP,D
14:01:04,PTBA,RG,4070,5,D,CC,YP,D
14:01:04,PTBA,RG,4070,1,D,CC,YP,D
14:01:04,PTBA,RG,4070,10,D,EP,YP,D
14:01:04,PTBA,RG,4070,43,D,BK,YP,D
14:01:04,PTBA,RG,4070,5,D,DR,YP,D
14:01:04,PTBA,RG,4070,50,D,CP,YP,D
14:01:04,PTBA,RG,4070,33,D,CC,YP,D
14:01:04,PTBA,RG,4070,50,D,YP,YP,D
14:01:04,PTBA,RG,4070,2,D,GR,YP,D
14:01:04,PTBA,RG,4070,54,D,NI,YP,D
14:01:04,PTBA,RG,4070,210,D,DR,YP,D
14:01:04,PTBA,RG,4070,2,D,YP,YP,D
14:01:04,PTBA,RG,4070,20,D,PD,YP,D
14:01:04,PTBA,RG,4070,47,D,BK,YP,D
14:01:04,PTBA,RG,4070,8,D,XC,YP,D
14:01:04,PTBA,RG,4070,30,D,CC,YP,D
14:01:04,PTBA,RG,4070,1,D,XC,YP,D
14:01:04,PTBA,RG,4070,6,D,NI,YP,D
14:01:04,PTBA,RG,4070,1,D,YP,YP,D
14:01:04,PTBA,RG,4070,3,D,YP,YP,D
14:01:04,PTBA,RG,4070,1,D,YP,YP,D
14:01:04,PTBA,RG,4070,17,D,YP,YP,D
14:01:04,PTBA,RG,4070,41,D,BK,YP,D
14:01:04,PTBA,RG,4070,10,D,CC,YP,D
14:01:04,PTBA,RG,4070,100,D,YP,YP,D
14:01:04,PTBA,RG,4070,500,D,YB,YP,D
14:01:04,PTBA,RG,4070,4,D,PD,YP,D
14:01:04,PTBA,RG,4070,10,D,YP,YP,D
14:01:04,PTBA,RG,4070,4,D,XL,YP,D
14:01:04,PTBA,RG,4070,10,D,LG,YP,D
14:01:04,PTBA,RG,4070,12,D,YP,YP,D
14:01:04,PTBA,RG,4070,30,D,NI,YP,D
14:01:04,PTBA,RG,4070,2,D,CC,YP,D
14:01:04,PTBA,RG,4070,3,D,YP,YP,D
14:01:04,PTBA,RG,4070,10,D,SQ,YP,D
14:01:04,PTBA,RG,4070,19,D,BK,YP,D
14:01:04,PTBA,RG,4070,15,D,BB,YP,D
14:01:04,PTBA,RG,4070,727,F,CS,YP,D
14:00:56,PTBA,RG,4070,120,F,CS,PD,D
14:00:43,PTBA,RG,4080,3,D,PD,CC,D
14:00:35,PTBA,RG,4070,15,F,CS,PD,D
14:00:31,PTBA,RG,4070,19,F,CS,YP,D
14:00:25,PTBA,RG,4070,2,F,CS,XC,D
14:00:21,PTBA,RG,4070,17,F,CS,XC,D
14:00:09,PTBA,RG,4070,150,F,CS,XC,D
14:00:04,PTBA,RG,4070,5,F,CS,CC,D
13:59:56,PTBA,RG,4070,1,F,CS,XC,D
13:59:52,PTBA,RG,4070,2,F,CS,PD,D
13:59:52,PTBA,RG,4070,3,F,CS,XC,D
13:59:51,PTBA,RG,4070,5,F,CS,DH,D
13:59:48,PTBA,RG,4070,2,F,CS,YP,D
13:59:43,PTBA,RG,4070,10,F,CS,AI,D
13:59:43,PTBA,RG,4070,10,F,CS,YP,D
13:59:35,PTBA,RG,4070,1,F,CS,YP,D
13:59:12,PTBA,RG,4070,13,F,CS,XC,D
13:59:04,PTBA,RG,4080,1,D,XL,CC,D
13:59:02,PTBA,RG,4080,1,D,BQ,CC,D
13:58:58,PTBA,RG,4070,2,F,CS,DH,D
13:58:55,PTBA,RG,4070,10,F,CS,NI,D
13:58:53,PTBA,RG,4070,25,F,CS,YP,D
13:58:37,PTBA,RG,4080,150,D,KI,CC,D
13:58:32,PTBA,RG,4070,10,F,CS,XC,D
13:58:24,PTBA,RG,4070,1,F,CS,CC,D
13:58:17,PTBA,RG,4070,10,F,CS,LG,D
13:58:16,PTBA,RG,4080,1,D,YB,CC,D
13:58:11,PTBA,RG,4070,2,F,CS,DR,D
13:58:11,PTBA,RG,4070,2,D,PD,DR,D
13:58:11,PTBA,RG,4070,1,D,YP,DR,D
13:58:09,PTBA,RG,4070,1,D,YP,YP,D
13:58:08,PTBA,RG,4070,3,D,YP,YP,D
13:58:08,PTBA,RG,4070,2,D,LG,YP,D
13:58:07,PTBA,RG,4070,1,D,LG,XC,D
13:58:06,PTBA,RG,4070,1,D,LG,BQ,D
13:58:06,PTBA,RG,4070,1,D,LG,LG,D
13:57:56,PTBA,RG,4070,5,D,LG,YP,D
13:57:56,PTBA,RG,4070,11,D,XC,YP,D
13:57:56,PTBA,RG,4070,1,D,XC,YP,D
13:57:56,PTBA,RG,4070,3,D,YP,YP,D
13:57:47,PTBA,RG,4070,5,D,YP,EP,D
13:57:46,PTBA,RG,4070,2,D,YP,XA,D
13:57:46,PTBA,RG,4070,4,D,XC,XA,D
13:57:43,PTBA,RG,4070,3,D,XC,SQ,D
13:57:43,PTBA,RG,4070,100,D,PD,SQ,D
13:57:43,PTBA,RG,4070,6,D,XC,SQ,D
13:57:43,PTBA,RG,4070,10,D,PD,SQ,D
13:57:43,PTBA,RG,4070,20,D,MG,SQ,D
13:57:43,PTBA,RG,4070,5,D,YP,SQ,D
13:57:43,PTBA,RG,4070,1,D,PC,SQ,D
13:57:43,PTBA,RG,4070,10,D,XL,SQ,D
13:57:43,PTBA,RG,4070,2,D,EP,SQ,D
13:57:43,PTBA,RG,4070,1,D,PD,SQ,D
13:57:43,PTBA,RG,4070,42,D,YP,SQ,D
13:57:42,PTBA,RG,4070,2,D,YP,YP,D
13:57:36,PTBA,RG,4070,2,D,YP,PD,D
13:57:27,PTBA,RG,4070,2,D,YP,YP,D
13:57:24,PTBA,RG,4080,1,D,XC,CC,D
13:57:24,PTBA,RG,4080,4,D,PD,CC,D
13:57:17,PTBA,RG,4070,2,D,YP,YP,D
13:57:17,PTBA,RG,4070,3,D,YP,YP,D
13:57:16,PTBA,RG,4080,5,D,PD,CC,D
13:57:14,PTBA,RG,4070,2,D,YP,XC,D
13:57:14,PTBA,RG,4070,3,D,BQ,XC,D
13:57:14,PTBA,RG,4070,5,D,CC,XC,D
13:57:09,PTBA,RG,4070,1,D,CC,CC,D
13:57:05,PTBA,RG,4070,4,D,CC,PD,D
13:57:05,PTBA,RG,4070,5,D,XC,PD,D
13:57:05,PTBA,RG,4070,5,D,CC,PD,D
13:57:05,PTBA,RG,4070,2,D,XC,PD,D
13:57:05,PTBA,RG,4070,5,D,NI,PD,D
13:57:05,PTBA,RG,4070,25,D,PD,PD,D
13:57:05,PTBA,RG,4070,6,D,PD,PD,D
13:57:05,PTBA,RG,4070,10,D,DR,PD,D
13:57:05,PTBA,RG,4070,25,D,XC,PD,D
13:57:05,PTBA,RG,4070,2,D,AT,PD,D
13:57:05,PTBA,RG,4070,7,D,MK,PD,D
13:57:05,PTBA,RG,4070,1,D,YP,PD,D
13:57:05,PTBA,RG,4070,3,D,YP,PD,D
13:57:02,PTBA,RG,4080,1,D,XC,CC,D
13:56:56,PTBA,RG,4080,15,D,CC,CC,D
13:56:51,PTBA,RG,4080,1,D,EP,CC,D
13:56:46,PTBA,RG,4080,1,D,XC,CC,D
13:56:42,PTBA,RG,4070,2,D,KK,YP,D
13:56:35,PTBA,RG,4070,8,D,KK,PD,D
13:56:34,PTBA,RG,4070,1,D,KK,YP,D
13:56:22,PTBA,RG,4080,1,D,XC,CC,D
13:56:15,PTBA,RG,4080,1,D,PD,CC,D
13:56:14,PTBA,RG,4080,3,D,CC,CC,D
13:56:14,PTBA,RG,4080,4,D,YU,CC,D
13:56:14,PTBA,RG,4080,100,D,CP,CC,D
13:56:14,PTBA,RG,4080,2,D,OD,CC,D
13:56:14,PTBA,RG,4080,10,D,DR,CC,D
13:56:14,PTBA,RG,4080,3,D,DH,CC,D
13:56:14,PTBA,RG,4080,10,D,PD,CC,D
13:56:14,PTBA,RG,4080,181,D,CC,CC,D
13:56:14,PTBA,RG,4080,2,D,DR,CC,D
13:56:14,PTBA,RG,4080,1,D,XL,CC,D
13:56:14,PTBA,RG,4080,100,D,LG,CC,D
13:56:14,PTBA,RG,4080,5,D,SQ,CC,D
13:56:14,PTBA,RG,4080,1,D,YP,CC,D
13:56:14,PTBA,RG,4080,173,D,CC,CC,D
13:56:14,PTBA,RG,4080,5,D,PD,CC,D
13:56:14,PTBA,RG,4080,10,D,DR,CC,D
13:56:14,PTBA,RG,4080,15,D,XC,CC,D
13:56:14,PTBA,RG,4080,8,D,YU,CC,D
13:56:14,PTBA,RG,4080,200,D,DR,CC,D
13:56:14,PTBA,RG,4080,1,D,PC,CC,D
13:56:14,PTBA,RG,4080,2,D,YP,CC,D
13:56:14,PTBA,RG,4080,3,D,CC,CC,D
13:56:14,PTBA,RG,4080,5,D,GR,CC,D
13:56:14,PTBA,RG,4080,1,D,PD,CC,D
13:56:14,PTBA,RG,4080,1,D,PD,CC,D
13:56:14,PTBA,RG,4080,109,D,KK,CC,D
13:56:14,PTBA,RG,4080,50,D,DR,CC,D
13:56:14,PTBA,RG,4080,10,D,YP,CC,D
13:56:14,PTBA,RG,4080,9,D,YP,CC,D
13:56:14,PTBA,RG,4080,10,D,CC,CC,D
13:56:14,PTBA,RG,4080,1,D,DH,CC,D
13:56:14,PTBA,RG,4080,5,D,CC,CC,D
13:56:14,PTBA,RG,4080,2,D,NI,CC,D
13:56:14,PTBA,RG,4080,10,D,AZ,CC,D
13:56:14,PTBA,RG,4080,1,D,XC,CC,D
13:56:14,PTBA,RG,4080,282,D,BK,CC,D
13:56:14,PTBA,RG,4080,1099,F,CS,CC,D
13:56:12,PTBA,RG,4080,2,F,CS,YP,D
13:56:11,PTBA,RG,4080,2,F,CS,PD,D
13:56:10,PTBA,RG,4090,19,D,BK,YU,D
13:56:05,PTBA,RG,4080,5,F,CS,OD,D
13:56:03,PTBA,RG,4090,10,D,EP,YU,D
13:56:02,PTBA,RG,4080,10,F,CS,KK,D
13:55:56,PTBA,RG,4090,1,D,MK,YU,D
13:55:55,PTBA,RG,4080,100,F,CS,IF,D
13:55:54,PTBA,RG,4080,5,F,CS,GR,D
13:55:52,PTBA,RG,4090,1,D,XC,YU,D
13:55:48,PTBA,RG,4090,5,D,CC,YU,D
13:55:37,PTBA,RG,4090,20,D,BK,YU,D
13:55:36,PTBA,RG,4080,9,F,CS,XL,D
13:55:32,PTBA,RG,4090,1,D,PD,YU,D
13:55:28,PTBA,RG,4090,5,D,CC,YU,D
13:55:22,PTBA,RG,4090,2,D,EP,YU,D
13:55:22,PTBA,RG,4080,100,F,CS,CC,D
13:55:22,PTBA,RG,4090,10,D,KK,YU,D
13:55:21,PTBA,RG,4080,10,F,CS,XL,D
13:55:20,PTBA,RG,4080,3,F,CS,PD,D
13:55:20,PTBA,RG,4080,1,F,CS,PD,D
13:55:19,PTBA,RG,4080,1,F,CS,XL,D
13:55:18,PTBA,RG,4090,5,D,XL,YU,D
13:55:17,PTBA,RG,4090,1,D,YP,YU,D
13:55:15,PTBA,RG,4090,10,D,KK,YU,D
13:55:14,PTBA,RG,4090,100,D,CC,YU,D
13:55:11,PTBA,RG,4090,1,D,NI,YU,D
13:55:02,PTBA,RG,4090,21,D,BK,YU,D
13:54:58,PTBA,RG,4090,1,D,PC,YU,D
13:54:55,PTBA,RG,4080,10,F,CS,XC,D
13:54:53,PTBA,RG,4090,3,F,BK,YU,D
13:54:53,PTBA,RG,4090,1200,D,NI,YU,D
13:54:47,PTBA,RG,4090,1,D,CC,YU,D
13:54:45,PTBA,RG,4090,1,D,NI,YU,D
13:54:45,PTBA,RG,4080,2,F,CS,PD,D
13:54:43,PTBA,RG,4080,50,F,CS,KK,D
13:54:35,PTBA,RG,4080,14,F,CS,NI,D
13:54:32,PTBA,RG,4080,10,F,CS,CC,D
13:54:30,PTBA,RG,4090,2,D,XL,YU,D
13:54:27,PTBA,RG,4090,1,F,BK,YU,D
13:54:27,PTBA,RG,4090,21,D,BK,YU,D
13:54:24,PTBA,RG,4080,32,F,CS,AZ,D
13:54:23,PTBA,RG,4090,5,D,YP,YU,D
13:54:19,PTBA,RG,4090,1,D,CC,YU,D
13:54:15,PTBA,RG,4080,2,F,CS,PD,D
13:54:14,PTBA,RG,4080,1,F,CS,XC,D
13:54:14,PTBA,RG,4090,3,D,DR,YU,D
13:54:06,PTBA,RG,4080,1,F,CS,YP,D
13:53:58,PTBA,RG,4080,4,F,CS,PD,D
13:53:56,PTBA,RG,4090,20,D,BK,YU,D
13:53:55,PTBA,RG,4090,100,D,EP,YU,D
13:53:54,PTBA,RG,4080,1,F,CS,CC,D
13:53:52,PTBA,RG,4080,1,F,CS,YP,D
13:53:52,PTBA,RG,4090,2,F,BK,YU,D
13:53:51,PTBA,RG,4090,9,D,CC,YU,D
13:53:46,PTBA,RG,4080,100,F,CS,NI,D
13:53:40,PTBA,RG,4080,1,F,CS,YP,D
13:53:39,PTBA,RG,4090,3,D,PD,YU,D
13:53:35,PTBA,RG,4090,3,D,PD,YU,D
13:53:32,PTBA,RG,4090,12,D,LG,YU,D
13:53:27,PTBA,RG,4080,27,F,CS,DR,D
13:53:25,PTBA,RG,4080,1,F,CS,YP,D
13:53:23,PTBA,RG,4090,1,F,BK,YU,D
13:53:23,PTBA,RG,4080,25,F,CS,GR,D
13:53:19,PTBA,RG,4090,50,D,DH,YU,D
13:53:18,PTBA,RG,4090,5,D,YP,YU,D
13:53:18,PTBA,RG,4090,1,D,PD,YU,D
13:53:18,PTBA,RG,4090,10,D,LG,YU,D
13:53:18,PTBA,RG,4080,1,F,CS,KK,D
13:53:16,PTBA,RG,4090,11,D,XC,YU,D
13:53:15,PTBA,RG,4080,3,F,CS,XL,D
13:53:13,PTBA,RG,4080,25,F,CS,AG,D
13:53:11,PTBA,RG,4090,5,F,BK,YU,D
13:53:09,PTBA,RG,4080,1000,F,CS,GR,D
13:53:07,PTBA,RG,4090,27,D,BK,YU,D
13:53:05,PTBA,RG,4080,7,F,CS,XL,D
13:53:05,PTBA,RG,4080,6,D,EP,XL,D
13:53:02,PTBA,RG,4090,645,D,YP,YU,D
13:52:56,PTBA,RG,4090,7,D,KK,YU,D
13:52:55,PTBA,RG,4090,14,D,KK,YU,D
13:52:55,PTBA,RG,4090,17,D,KK,YU,D
13:52:55,PTBA,RG,4090,10,D,KK,YU,D
13:52:54,PTBA,RG,4090,245,D,YP,YU,D
13:52:54,PTBA,RG,4090,20,D,YP,YU,D
13:52:54,PTBA,RG,4090,181,D,YP,YU,D
13:52:54,PTBA,RG,4080,1,D,YP,NI,D
13:52:54,PTBA,RG,4090,300,D,LS,YU,D
13:52:54,PTBA,RG,4090,20,D,LS,YU,D
13:52:54,PTBA,RG,4090,28,D,MG,YU,D
13:52:54,PTBA,RG,4090,12,D,PD,YU,D
13:52:54,PTBA,RG,4090,3,D,PD,XC,D
13:52:53,PTBA,RG,4080,4,D,PD,AK,F
13:52:53,PTBA,RG,4080,3,D,YP,AK,F
13:52:53,PTBA,RG,4080,30,D,SQ,AK,F
13:52:52,PTBA,RG,4080,1,D,SQ,CC,F
13:52:52,PTBA,RG,4080,1,D,SQ,XC,D
13:52:52,PTBA,RG,4080,1,D,SQ,PD,D
13:52:52,PTBA,RG,4080,1,D,SQ,XC,D
13:52:52,PTBA,RG,4080,1,D,SQ,KK,D
13:52:52,PTBA,RG,4080,5,D,SQ,YP,D
13:52:52,PTBA,RG,4080,50,D,SQ,EP,D
13:52:52,PTBA,RG,4080,13,D,SQ,AK,F
13:52:52,PTBA,RG,4080,100,D,SQ,DH,D
13:52:52,PTBA,RG,4080,1,D,SQ,GR,D
13:52:52,PTBA,RG,4080,1,D,SQ,YP,D
13:52:52,PTBA,RG,4080,10,D,SQ,NI,D
13:52:52,PTBA,RG,4080,10,D,SQ,PD,D
13:52:52,PTBA,RG,4080,1,D,SQ,KK,D
13:52:52,PTBA,RG,4080,1,D,SQ,YP,D
13:52:52,PTBA,RG,4080,10,D,SQ,PD,D
13:52:52,PTBA,RG,4080,20,D,SQ,CC,D
13:52:52,PTBA,RG,4080,7,D,SQ,XC,D
13:52:52,PTBA,RG,4080,11,D,SQ,YP,D
13:52:52,PTBA,RG,4080,2,D,SQ,YP,D
13:52:52,PTBA,RG,4080,23,D,SQ,YP,D
13:52:52,PTBA,RG,4080,50,D,YP,YP,D
13:52:51,PTBA,RG,4080,7,D,YP,YP,D
13:52:49,PTBA,RG,4080,100,D,NI,YP,D
13:52:48,PTBA,RG,4080,1,D,YP,YP,D
13:52:48,PTBA,RG,4080,2,D,YP,YP,D
13:52:47,PTBA,RG,4080,5,D,YP,YP,D
13:52:45,PTBA,RG,4080,12,D,NI,YP,D
13:52:45,PTBA,RG,4080,16,D,NI,CC,D
13:52:45,PTBA,RG,4080,30,D,NI,CC,D
13:52:45,PTBA,RG,4080,4,D,NI,YP,D
13:52:45,PTBA,RG,4080,4,D,NI,XL,D
13:52:45,PTBA,RG,4080,1,D,NI,CC,D
13:52:45,PTBA,RG,4080,5,D,NI,CC,D
13:52:45,PTBA,RG,4080,28,D,NI,CP,D
13:52:44,PTBA,RG,4080,1,D,PD,CP,D
13:52:42,PTBA,RG,4080,100,D,NI,CP,D
13:52:42,PTBA,RG,4080,10,D,YP,CP,D
13:52:40,PTBA,RG,4080,5,D,YP,CP,D
13:52:38,PTBA,RG,4080,100,D,NI,CP,D
13:52:37,PTBA,RG,4080,21,D,BK,CP,D
13:52:35,PTBA,RG,4080,100,D,NI,CP,D
13:52:34,PTBA,RG,4080,3,D,YP,CP,D
13:52:31,PTBA,RG,4080,1,D,YP,CP,D
13:52:22,PTBA,RG,4080,10,D,YP,CP,D
13:52:21,PTBA,RG,4080,2,D,EP,CP,D
13:52:21,PTBA,RG,4080,10,D,PD,CP,D
13:52:20,PTBA,RG,4080,73,D,XC,CP,D
13:52:17,PTBA,RG,4080,1,D,XC,CP,D
13:52:17,PTBA,RG,4080,100,D,OD,CP,D
13:52:15,PTBA,RG,4080,10,D,YP,CP,D
13:52:14,PTBA,RG,4070,3,D,KK,PD,D
13:52:13,PTBA,RG,4080,3,D,PD,CP,D
13:52:10,PTBA,RG,4080,6,D,XC,CP,D
13:52:10,PTBA,RG,4080,6,D,XC,CP,D
13:52:04,PTBA,RG,4080,5,D,KK,CP,D
13:52:04,PTBA,RG,4080,65,D,YP,CP,D
13:52:04,PTBA,RG,4080,5,D,YP,CP,D
13:52:04,PTBA,RG,4080,5,F,BK,CP,D
13:52:04,PTBA,RG,4080,100,D,PD,CP,D
13:52:04,PTBA,RG,4080,85,D,GR,CP,D
13:52:03,PTBA,RG,4080,145,D,YP,CP,D
13:52:03,PTBA,RG,4080,5,D,YP,YP,D
13:52:03,PTBA,RG,4080,10,D,YP,CC,D
13:52:03,PTBA,RG,4080,300,D,YP,YU,D
13:52:03,PTBA,RG,4080,3,D,YP,XL,D
13:52:03,PTBA,RG,4080,200,D,YP,PD,D
13:52:03,PTBA,RG,4080,5,D,YP,CC,D
13:52:03,PTBA,RG,4080,100,D,YP,KK,D
13:52:03,PTBA,RG,4080,100,D,YP,CC,D
13:52:03,PTBA,RG,4080,25,D,YP,YP,D
13:52:03,PTBA,RG,4080,10,D,YP,XC,D
13:52:03,PTBA,RG,4080,25,D,YP,CC,D
13:52:03,PTBA,RG,4080,1,D,YP,YP,D
13:52:03,PTBA,RG,4080,2,D,YP,NI,D
13:52:03,PTBA,RG,4080,50,D,YP,XC,D
13:52:03,PTBA,RG,4080,3,D,YP,XC,D
13:52:03,PTBA,RG,4080,1,D,YP,YP,D
13:52:03,PTBA,RG,4080,50,D,YP,AG,D
13:52:03,PTBA,RG,4080,25,D,YP,KK,D
13:52:03,PTBA,RG,4080,11,D,YP,CC,D
13:52:03,PTBA,RG,4080,14,D,YP,XC,D
13:52:03,PTBA,RG,4080,5,D,YP,DR,D
13:52:03,PTBA,RG,4080,5,D,YP,PD,D
13:52:03,PTBA,RG,4080,200,D,YP,SQ,D
13:52:03,PTBA,RG,4080,2,D,YP,KK,D
13:52:03,PTBA,RG,4080,4,D,YP,LG,D
13:52:03,PTBA,RG,4080,10,D,YP,NI,D
13:52:03,PTBA,RG,4080,3,D,YP,CC,D
13:52:03,PTBA,RG,4080,10,D,YP,TP,D
13:52:03,PTBA,RG,4080,10,D,YP,PD,D
13:52:03,PTBA,RG,4080,1,D,YP,CC,D
13:52:03,PTBA,RG,4080,174,D,YP,XC,D
13:52:03,PTBA,RG,4080,1,D,YP,KK,D
13:52:03,PTBA,RG,4080,3,D,YP,AZ,D
13:52:03,PTBA,RG,4080,3,D,YP,XC,D
13:52:03,PTBA,RG,4080,2,D,YP,PD,D
13:52:03,PTBA,RG,4080,5,D,YP,KK,D
13:52:03,PTBA,RG,4080,30,D,YP,AI,D
13:52:03,PTBA,RG,4080,6,D,YP,CC,D
13:52:03,PTBA,RG,4080,2,D,YP,XL,D
13:52:03,PTBA,RG,4080,2,D,YP,PD,D
13:52:03,PTBA,RG,4080,3,D,YP,PD,D
13:52:03,PTBA,RG,4080,25,D,YP,AT,D
13:52:03,PTBA,RG,4080,50,D,YP,YP,D
13:52:03,PTBA,RG,4080,1,D,YP,OD,D
13:52:03,PTBA,RG,4080,5,D,YP,PD,D
13:52:03,PTBA,RG,4080,108,D,YP,SQ,D
13:52:03,PTBA,RG,4080,1,D,YP,YP,D
13:52:03,PTBA,RG,4080,8,D,YP,PD,D
13:52:03,PTBA,RG,4080,10,D,YP,OD,D
13:52:03,PTBA,RG,4080,30,D,YP,CC,D
13:52:03,PTBA,RG,4080,10,D,YP,CC,D
13:52:03,PTBA,RG,4080,250,D,YP,YP,D
13:52:03,PTBA,RG,4080,1,D,YP,PD,D
13:52:03,PTBA,RG,4080,10,D,YP,NI,D
13:52:03,PTBA,RG,4080,1,D,YP,PD,D
13:52:03,PTBA,RG,4080,1,D,YP,XC,D
13:52:03,PTBA,RG,4080,1,D,YP,XC,D
13:52:03,PTBA,RG,4080,85,D,YP,PD,D
13:52:03,PTBA,RG,4080,1000,D,YP,HD,D
13:52:03,PTBA,RG,4080,10,D,YP,OD,D
13:52:03,PTBA,RG,4080,15,D,YP,CC,D
13:52:03,PTBA,RG,4080,1,D,YP,YP,D
13:52:03,PTBA,RG,4080,1,D,YP,PD,D
13:52:03,PTBA,RG,4080,1,D,YP,PD,D
13:52:03,PTBA,RG,4080,100,D,YP,CC,D
13:52:03,PTBA,RG,4080,1,D,YP,NI,D
13:52:03,PTBA,RG,4080,2,D,YP,XL,D
13:52:03,PTBA,RG,4080,10,D,YP,CC,D
13:52:03,PTBA,RG,4080,2,D,YP,LG,D
13:52:03,PTBA,RG,4080,7,D,YP,XL,D
13:52:03,PTBA,RG,4080,50,D,YP,YP,D
13:52:03,PTBA,RG,4080,25,D,YP,YP,D
13:52:03,PTBA,RG,4080,11,D,YP,YP,D
13:52:03,PTBA,RG,4080,25,D,YP,KK,D
13:52:03,PTBA,RG,4080,5,D,YP,DH,D
13:52:03,PTBA,RG,4080,1,D,YP,AT,D
13:52:03,PTBA,RG,4080,1,D,YP,YP,D
13:52:03,PTBA,RG,4080,20,D,YP,SQ,D
13:52:03,PTBA,RG,4080,5,D,YP,PD,D
13:52:03,PTBA,RG,4080,8,D,YP,SQ,D
13:52:03,PTBA,RG,4080,10,D,YP,KK,D
13:52:03,PTBA,RG,4080,10,D,YP,PD,D
13:52:03,PTBA,RG,4080,3,D,YP,PD,D
13:52:03,PTBA,RG,4080,1,D,YP,YB,D
13:52:03,PTBA,RG,4080,1,D,YP,YB,D
13:52:03,PTBA,RG,4080,1,D,YP,PD,D
13:52:03,PTBA,RG,4080,10,D,YP,YJ,D
13:52:03,PTBA,RG,4070,6,D,KK,YP,D
13:52:03,PTBA,RG,4070,4,D,XL,YP,D
13:52:03,PTBA,RG,4070,16,D,YP,YP,D
13:52:03,PTBA,RG,4070,10,D,YP,YP,D
13:52:03,PTBA,RG,4070,1,D,YP,YP,D
13:52:03,PTBA,RG,4070,3,D,YP,YP,D
13:52:03,PTBA,RG,4070,26,F,BK,YP,D
13:52:03,PTBA,RG,4070,10,D,PD,YP,D
13:52:03,PTBA,RG,4070,71,D,YP,YP,D
13:52:03,PTBA,RG,4070,50,D,YU,YP,D
13:52:03,PTBA,RG,4070,33,D,YU,YP,D
13:51:58,PTBA,RG,4070,1,D,YU,GR,D
13:51:58,PTBA,RG,4070,5,D,YU,XC,D
13:51:58,PTBA,RG,4070,30,D,YU,SQ,D
13:51:58,PTBA,RG,4070,5,D,YU,BQ,D
13:51:58,PTBA,RG,4070,25,D,YU,EP,D
13:51:58,PTBA,RG,4070,3,D,YU,YP,D
13:51:58,PTBA,RG,4070,5,D,YU,PD,D
13:51:58,PTBA,RG,4070,5,D,YU,NI,D
13:51:58,PTBA,RG,4070,21,D,YU,PD,D
13:51:58,PTBA,RG,4070,50,D,YU,EP,D
13:51:58,PTBA,RG,4070,2,D,YU,PD,D
13:51:58,PTBA,RG,4070,11,D,YU,KK,D
13:51:58,PTBA,RG,4070,2,D,YU,YP,D
13:51:58,PTBA,RG,4070,5,D,YU,CC,D
13:51:58,PTBA,RG,4070,5,D,YU,CC,F
13:51:58,PTBA,RG,4070,1,D,YU,PD,D
13:51:58,PTBA,RG,4070,30,D,YU,HP,D
13:51:58,PTBA,RG,4070,1,D,YU,CC,D
13:51:58,PTBA,RG,4070,1,D,YU,NI,D
13:51:58,PTBA,RG,4070,10,D,YU,CC,D
13:51:58,PTBA,RG,4070,10,D,YU,PD,D
13:51:58,PTBA,RG,4070,32,D,YU,YP,D
13:51:58,PTBA,RG,4070,7,D,YU,YP,D
13:51:58,PTBA,RG,4070,18,D,NI,YP,D
13:51:58,PTBA,RG,4070,1,D,NI,PD,D
13:51:58,PTBA,RG,4070,3,D,NI,HD,D
13:51:58,PTBA,RG,4070,1,D,NI,DH,D
13:51:58,PTBA,RG,4070,5,D,NI,XL,D
13:51:58,PTBA,RG,4070,12,D,NI,SQ,D
13:51:58,PTBA,RG,4070,1,D,NI,XC,D
13:51:58,PTBA,RG,4070,4,D,NI,XC,D
13:51:58,PTBA,RG,4070,10,D,PD,KK,D
13:51:57,PTBA,RG,4070,6,D,LG,KK,D
13:51:57,PTBA,RG,4070,1,D,LG,XL,D
13:51:57,PTBA,RG,4070,3,D,LG,YP,D
13:51:57,PTBA,RG,4070,17,D,BK,YP,D
13:51:57,PTBA,RG,4070,4,D,BK,PD,D
13:51:56,PTBA,RG,4070,2,D,YP,PD,D
13:51:56,PTBA,RG,4070,7,D,YP,XL,D
13:51:56,PTBA,RG,4070,15,D,YP,NI,D
13:51:56,PTBA,RG,4070,15,D,YP,NI,D
13:51:56,PTBA,RG,4070,100,D,XL,NI,D
13:51:56,PTBA,RG,4070,1,D,YP,NI,D
13:51:56,PTBA,RG,4070,35,D,PD,NI,D
13:51:56,PTBA,RG,4070,2,D,YP,NI,D
13:51:55,PTBA,RG,4070,1,D,XC,NI,D
13:51:55,PTBA,RG,4070,10,D,YP,NI,D
13:51:55,PTBA,RG,4070,50,D,AG,NI,D
13:51:55,PTBA,RG,4070,100,D,PD,NI,D
13:51:54,PTBA,RG,4070,7,F,BK,NI,D
13:51:53,PTBA,RG,4070,500,D,CP,NI,D
13:51:53,PTBA,RG,4070,5,D,PD,NI,D
13:51:50,PTBA,RG,4070,50,D,CC,NI,D
13:51:49,PTBA,RG,4070,10,D,CP,NI,D
13:51:47,PTBA,RG,4070,1,D,XC,NI,D
13:51:47,PTBA,RG,4070,4,D,YP,NI,D
13:51:46,PTBA,RG,4070,25,D,YP,NI,D
13:51:46,PTBA,RG,4070,6,D,YP,NI,D
13:51:46,PTBA,RG,4070,20,D,PD,NI,D
13:51:45,PTBA,RG,4070,10,D,CC,NI,D
13:51:44,PTBA,RG,4070,8,D,KK,NI,D
13:51:44,PTBA,RG,4070,500,D,YP,NI,D
13:51:44,PTBA,RG,4070,9,F,BK,NI,D
13:51:44,PTBA,RG,4070,25,D,PD,NI,D
13:51:43,PTBA,RG,4070,75,D,YP,NI,D
13:51:43,PTBA,RG,4070,2,D,CC,NI,D
13:51:42,PTBA,RG,4070,5,D,NI,NI,D
13:51:42,PTBA,RG,4070,24,D,YJ,NI,D
13:51:39,PTBA,RG,4070,10,D,YP,NI,D
13:51:37,PTBA,RG,4070,5,D,YB,NI,D
13:51:37,PTBA,RG,4070,187,D,XC,NI,D
13:51:36,PTBA,RG,4070,50,D,EP,NI,D
13:51:34,PTBA,RG,4070,30,D,KK,NI,D
13:51:33,PTBA,RG,4070,1,D,XC,NI,D
13:51:30,PTBA,RG,4070,1,D,YB,NI,D
13:51:29,PTBA,RG,4070,30,D,YU,NI,D
13:51:29,PTBA,RG,4070,1,D,YB,NI,D
13:51:27,PTBA,RG,4070,10,D,YP,NI,D
13:51:27,PTBA,RG,4070,250,D,YP,NI,D
13:51:27,PTBA,RG,4070,122,D,PD,NI,D
13:51:27,PTBA,RG,4070,20,D,EP,NI,D
13:51:25,PTBA,RG,4070,1,D,XC,NI,D
13:51:25,PTBA,RG,4070,100,D,NI,NI,D
13:51:24,PTBA,RG,4070,10,D,PD,NI,D
13:51:23,PTBA,RG,4070,8,F,BK,NI,D
13:51:23,PTBA,RG,4070,1,D,XL,NI,D
13:51:22,PTBA,RG,4070,5,D,DR,NI,D
13:51:21,PTBA,RG,4070,2,D,PD,NI,D
13:51:21,PTBA,RG,4070,5,D,YP,NI,D
13:51:19,PTBA,RG,4070,10,D,XC,NI,D
13:51:19,PTBA,RG,4070,5,D,YP,NI,D
13:51:19,PTBA,RG,4070,5,D,YB,NI,D
13:51:19,PTBA,RG,4070,4,D,YP,NI,D
13:51:18,PTBA,RG,4070,2,D,XL,NI,D
13:51:17,PTBA,RG,4070,10,D,YP,NI,D
13:51:17,PTBA,RG,4070,28,F,BK,NI,D
13:51:16,PTBA,RG,4070,3,D,YP,NI,D
13:51:16,PTBA,RG,4070,500,D,YP,NI,D
13:51:16,PTBA,RG,4070,3,D,LG,NI,D
13:51:16,PTBA,RG,4070,10,D,YP,NI,D
13:51:15,PTBA,RG,4060,1,D,YP,XL,D
13:51:15,PTBA,RG,4070,8,D,XL,NI,D
13:51:15,PTBA,RG,4070,1,D,XL,NI,D
13:51:15,PTBA,RG,4070,2,D,BQ,NI,D
13:51:15,PTBA,RG,4070,50,D,DR,NI,D
13:51:14,PTBA,RG,4070,24,D,YP,NI,D
13:51:14,PTBA,RG,4070,6,D,BQ,NI,D
13:51:14,PTBA,RG,4070,100,D,XC,NI,D
13:51:14,PTBA,RG,4070,13,D,XA,NI,D
13:51:13,PTBA,RG,4070,1,D,PD,NI,D
13:51:13,PTBA,RG,4070,11,D,EP,NI,D
13:51:12,PTBA,RG,4070,2500,F,AK,NI,D
13:51:11,PTBA,RG,4070,240,F,AK,NI,D
13:51:11,PTBA,RG,4070,10,F,AK,PD,D
13:51:11,PTBA,RG,4070,22,F,AK,XL,D
13:51:11,PTBA,RG,4070,1,F,AK,CC,D
13:51:11,PTBA,RG,4070,2,F,AK,AZ,D
13:51:11,PTBA,RG,4070,141,F,AK,EP,D
13:51:11,PTBA,RG,4070,10,F,AK,PD,D
13:51:11,PTBA,RG,4070,5,F,AK,KK,D
13:51:11,PTBA,RG,4070,5,F,AK,CC,D
13:51:11,PTBA,RG,4070,1,F,AK,PD,D
13:51:11,PTBA,RG,4070,10,F,AK,DR,D
13:51:11,PTBA,RG,4070,1,F,AK,OD,D
13:51:11,PTBA,RG,4070,5,F,AK,PD,D
13:51:11,PTBA,RG,4070,10,F,AK,PD,D
13:51:11,PTBA,RG,4070,5,F,AK,YP,D
13:51:11,PTBA,RG,4070,100,F,AK,CC,D
13:51:11,PTBA,RG,4070,30,F,AK,PD,D
13:51:11,PTBA,RG,4070,1,F,AK,XC,D
13:51:11,PTBA,RG,4070,1500,F,AK,CC,D
13:51:11,PTBA,RG,4070,10,F,AK,PD,D
13:51:11,PTBA,RG,4070,1,F,AK,PD,D
13:51:11,PTBA,RG,4070,10,F,AK,YP,D
13:51:11,PTBA,RG,4070,50,F,AK,CP,D
13:51:11,PTBA,RG,4070,10,F,AK,NI,D
13:51:11,PTBA,RG,4070,320,F,AK,CC,D
13:51:11,PTBA,RG,4060,10,D,YP,CC,D
13:51:07,PTBA,RG,4070,75,D,AT,CC,D
13:51:03,PTBA,RG,4070,31,D,BK,CC,D
13:51:00,PTBA,RG,4070,3,D,XC,CC,D
13:51:00,PTBA,RG,4070,3,D,YP,CC,D
13:50:58,PTBA,RG,4060,1,D,YP,KK,D
13:50:58,PTBA,RG,4060,9,D,DR,KK,D
13:50:56,PTBA,RG,4070,10,D,YP,CC,D
13:50:55,PTBA,RG,4070,1,D,PD,CC,D
13:50:54,PTBA,RG,4070,6,D,YP,CC,D
13:50:54,PTBA,RG,4070,1,D,XC,CC,D
13:50:49,PTBA,RG,4070,13,D,YP,CC,D
13:50:48,PTBA,RG,4070,10,D,YP,CC,D
13:50:41,PTBA,RG,4070,10,D,YP,CC,D
13:50:41,PTBA,RG,4070,8,D,YP,CC,D
13:50:40,PTBA,RG,4070,5,D,YU,CC,D
13:50:37,PTBA,RG,4070,3,D,XC,CC,D
13:50:37,PTBA,RG,4070,123,D,XC,CC,D
13:50:34,PTBA,RG,4070,78,D,YP,CC,D
13:50:34,PTBA,RG,4070,40,D,YP,YP,D
13:50:34,PTBA,RG,4070,1,D,YP,SQ,D
13:50:34,PTBA,RG,4070,3,D,YP,PD,D
13:50:34,PTBA,RG,4070,1,D,YP,PD,D
13:50:34,PTBA,RG,4070,1,D,YP,NI,D
13:50:34,PTBA,RG,4070,3,D,YP,XC,D
13:50:34,PTBA,RG,4070,3,D,YP,XL,D
13:50:34,PTBA,RG,4070,20,D,YP,CC,D
13:50:34,PTBA,RG,4070,19,D,YP,XL,D
13:50:34,PTBA,RG,4070,20,D,YP,YP,D
13:50:34,PTBA,RG,4070,30,D,YP,YP,D
13:50:34,PTBA,RG,4070,31,D,YP,OD,D
13:50:32,PTBA,RG,4070,10,D,YP,OD,D
13:50:31,PTBA,RG,4070,10,D,YB,OD,D
13:50:30,PTBA,RG,4070,249,D,YP,OD,D
13:50:30,PTBA,RG,4070,1,D,YP,YP,D
13:50:30,PTBA,RG,4070,1,D,YP,PD,D
13:50:30,PTBA,RG,4070,22,D,YP,PD,D
13:50:30,PTBA,RG,4070,24,D,YP,PD,D
13:50:30,PTBA,RG,4070,2,D,CC,PD,D
13:50:30,PTBA,RG,4070,8,D,XL,PD,D
13:50:30,PTBA,RG,4070,15,D,YP,PD,D
13:50:30,PTBA,RG,4070,46,D,PD,PD,D
13:50:30,PTBA,RG,4070,8,D,PD,PD,D
13:50:30,PTBA,RG,4070,10,D,PD,PD,D
13:50:30,PTBA,RG,4070,10,D,PD,PD,D
13:50:30,PTBA,RG,4070,10,D,PD,PD,D
13:50:30,PTBA,RG,4070,15,D,PD,XC,D
13:50:30,PTBA,RG,4070,40,D,PD,PD,D
13:50:30,PTBA,RG,4070,1,D,PD,YB,D
13:50:30,PTBA,RG,4070,1,D,PD,YB,D
13:50:30,PTBA,RG,4070,20,D,PD,YB,D
13:50:30,PTBA,RG,4070,5,D,PD,PD,D
13:50:30,PTBA,RG,4070,1,D,PD,PD,D
13:50:30,PTBA,RG,4070,1,D,PD,XC,D
13:50:30,PTBA,RG,4070,1,D,PD,YJ,D
13:50:29,PTBA,RG,4070,10,D,NI,YJ,D
13:50:29,PTBA,RG,4070,8,D,DR,YJ,D
13:50:29,PTBA,RG,4070,6,D,XC,YJ,D
13:50:26,PTBA,RG,4060,5,F,AK,CC,F
13:50:26,PTBA,RG,4060,9,F,AK,XC,D
13:50:26,PTBA,RG,4060,15,F,AK,PD,D
13:50:26,PTBA,RG,4060,124,F,AK,YP,D
13:50:26,PTBA,RG,4060,1,F,AK,XC,D
13:50:26,PTBA,RG,4060,5,F,AK,CC,D
13:50:26,PTBA,RG,4060,19,F,AK,CC,D
13:50:26,PTBA,RG,4060,25,F,AK,YP,D
13:50:26,PTBA,RG,4060,30,F,AK,PD,D
13:50:26,PTBA,RG,4060,100,F,AK,OD,D
13:50:26,PTBA,RG,4060,6,F,AK,YP,D
13:50:26,PTBA,RG,4060,6,F,AK,CC,D
13:50:26,PTBA,RG,4060,6,F,AK,YP,D
13:50:26,PTBA,RG,4060,5,F,AK,CC,D
13:50:26,PTBA,RG,4060,2,F,AK,YP,D
13:50:26,PTBA,RG,4060,130,F,AK,KK,D
13:50:26,PTBA,RG,4060,19,F,AK,PD,D
13:50:26,PTBA,RG,4060,122,F,AK,SQ,D
13:50:26,PTBA,RG,4060,10,F,AK,CC,D
13:50:26,PTBA,RG,4060,5,F,AK,NI,D
13:50:26,PTBA,RG,4060,10,F,AK,KK,D
13:50:26,PTBA,RG,4060,2,F,AK,CC,D
13:50:26,PTBA,RG,4060,1,F,AK,DH,D
13:50:26,PTBA,RG,4060,5,F,AK,NI,D
13:50:26,PTBA,RG,4060,1,F,AK,EP,D
13:50:26,PTBA,RG,4060,400,F,AK,PD,D
13:50:26,PTBA,RG,4060,10,F,AK,CC,D
13:50:26,PTBA,RG,4060,5,F,AK,CC,D
13:50:26,PTBA,RG,4060,2,F,AK,XC,D
13:50:26,PTBA,RG,4060,35,F,AK,PD,D
13:50:26,PTBA,RG,4060,1,F,AK,YP,D
13:50:26,PTBA,RG,4060,2,F,AK,XC,D
13:50:26,PTBA,RG,4060,2,F,AK,PD,D
13:50:26,PTBA,RG,4060,500,F,AK,CP,D
13:50:26,PTBA,RG,4060,5,F,AK,EP,D
13:50:26,PTBA,RG,4060,2,F,AK,PD,D
13:50:26,PTBA,RG,4060,1,F,AK,AZ,D
13:50:26,PTBA,RG,4060,267,F,AK,YP,D
13:50:26,PTBA,RG,4060,124,F,AK,LG,D
13:50:26,PTBA,RG,4060,2499,F,AK,NI,D
13:50:25,PTBA,RG,4060,2500,F,AK,NI,D
13:50:25,PTBA,RG,4060,36,F,AK,NI,D
13:50:24,PTBA,RG,4060,246,F,AK,NI,D
13:50:24,PTBA,RG,4060,380,F,AK,NI,D
13:50:24,PTBA,RG,4060,339,F,AK,NI,D
13:50:24,PTBA,RG,4060,3,F,AK,CC,D
13:50:24,PTBA,RG,4060,10,F,AK,PD,D
13:50:24,PTBA,RG,4060,7,F,AK,SQ,D
13:50:24,PTBA,RG,4060,1,F,AK,SQ,D
13:50:24,PTBA,RG,4060,15,F,AK,XL,D
13:50:24,PTBA,RG,4060,11,F,AK,NI,D
13:50:24,PTBA,RG,4060,1,F,AK,EP,D
13:50:24,PTBA,RG,4060,1,F,AK,NI,D
13:50:24,PTBA,RG,4060,2,F,AK,DH,D
13:50:24,PTBA,RG,4060,50,F,AK,CC,D
13:50:24,PTBA,RG,4060,1,F,AK,CC,D
13:50:24,PTBA,RG,4060,1,F,AK,DH,D
13:50:24,PTBA,RG,4060,50,F,AK,LS,D
13:50:24,PTBA,RG,4060,1,F,AK,AZ,D
13:50:24,PTBA,RG,4060,3,F,AK,KK,D
13:50:24,PTBA,RG,4060,10,F,AK,CC,D
13:50:24,PTBA,RG,4060,1,F,AK,PD,D
13:50:24,PTBA,RG,4060,1,F,AK,XC,D
13:50:24,PTBA,RG,4060,1,F,AK,YP,D
13:50:24,PTBA,RG,4060,1,F,AK,XC,D
13:50:24,PTBA,RG,4060,20,F,AK,EP,D
13:50:24,PTBA,RG,4060,40,F,AK,EP,D
13:50:24,PTBA,RG,4060,5,F,AK,CC,D
13:50:24,PTBA,RG,4060,2,F,AK,XC,D
13:50:24,PTBA,RG,4060,10,F,AK,DH,D
13:50:24,PTBA,RG,4060,10,F,AK,AZ,D
13:50:24,PTBA,RG,4060,10,F,AK,KK,D
13:50:24,PTBA,RG,4060,1,F,AK,PD,D
13:50:24,PTBA,RG,4060,11,F,AK,XL,D
13:50:24,PTBA,RG,4060,1,F,AK,NI,D
13:50:24,PTBA,RG,4060,100,F,AK,CC,D
13:50:24,PTBA,RG,4060,1,F,AK,PD,D
13:50:24,PTBA,RG,4060,5,F,AK,PD,D
13:50:24,PTBA,RG,4060,1,F,AK,NI,D
13:50:24,PTBA,RG,4060,1,F,AK,XC,D
13:50:24,PTBA,RG,4060,3,F,AK,NI,D
13:50:24,PTBA,RG,4060,250,F,AK,YP,D
13:50:24,PTBA,RG,4060,20,F,AK,KI,D
13:50:24,PTBA,RG,4060,2,F,AK,NI,D
13:50:24,PTBA,RG,4060,100,F,AK,XC,D
13:50:24,PTBA,RG,4060,10,F,AK,YP,D
13:50:24,PTBA,RG,4060,2,F,AK,YP,D
13:50:24,PTBA,RG,4060,20,F,AK,YP,D
13:50:24,PTBA,RG,4060,2,F,AK,CC,D
13:50:24,PTBA,RG,4060,29,F,AK,XC,D
13:50:24,PTBA,RG,4060,20,F,AK,PD,D
13:50:24,PTBA,RG,4060,7,F,AK,XC,D
13:50:24,PTBA,RG,4060,298,F,AK,YP,D
13:50:24,PTBA,RG,4060,1,F,AK,PD,D
13:50:24,PTBA,RG,4060,70,F,AK,PD,D
13:50:24,PTBA,RG,4060,8,F,AK,PD,D
13:50:24,PTBA,RG,4060,1,F,AK,PD,D
13:50:24,PTBA,RG,4060,15,F,AK,GR,D
13:50:24,PTBA,RG,4060,12,F,AK,NI,D
13:50:24,PTBA,RG,4060,3,F,AK,NI,D
13:50:24,PTBA,RG,4060,10,F,AK,NI,D
13:50:24,PTBA,RG,4060,10,F,AK,CC,D
13:50:24,PTBA,RG,4060,10,F,AK,PD,D
13:50:24,PTBA,RG,4060,100,F,AK,YP,D
13:50:24,PTBA,RG,4060,6,F,AK,EP,D
13:50:24,PTBA,RG,4060,3,F,AK,XC,D
13:50:24,PTBA,RG,4060,100,F,AK,CC,D
13:50:24,PTBA,RG,4060,1,F,AK,PD,D
13:50:24,PTBA,RG,4060,25,F,AK,YP,D
13:50:24,PTBA,RG,4060,3,F,AK,XC,D
13:50:24,PTBA,RG,4060,600,F,AK,OD,D
13:50:24,PTBA,RG,4060,31,F,AK,AT,D
13:50:24,PTBA,RG,4060,369,D,PD,AT,D
13:50:24,PTBA,RG,4060,1,D,PD,AT,D
13:50:24,PTBA,RG,4060,10,D,PD,PD,D
13:50:24,PTBA,RG,4060,1,D,PD,PD,D
13:50:24,PTBA,RG,4060,3,D,PD,PD,D
13:50:24,PTBA,RG,4060,5,D,PD,DX,D
13:50:24,PTBA,RG,4060,10,D,PD,DR,D
13:50:24,PTBA,RG,4060,4,D,PD,NI,D
13:50:24,PTBA,RG,4060,2,D,PD,EP,D
13:50:24,PTBA,RG,4060,50,D,PD,YP,D
13:50:24,PTBA,RG,4060,1,D,PD,PD,D
13:50:24,PTBA,RG,4060,44,D,PD,LH,D
13:50:22,PTBA,RG,4060,5,D,DR,LH,D
13:50:21,PTBA,RG,4050,14,D,BK,PD,D
13:50:21,PTBA,RG,4050,11,D,MG,PD,D
13:50:06,PTBA,RG,4060,5,D,XC,LH,D
13:50:06,PTBA,RG,4050,89,D,MG,GR,F
13:50:06,PTBA,RG,4050,40,D,XC,GR,F
13:50:06,PTBA,RG,4050,19,D,NI,GR,F
13:50:06,PTBA,RG,4050,4,D,YP,GR,F
13:50:06,PTBA,RG,4050,6,D,BB,GR,F
13:50:06,PTBA,RG,4050,42,F,AK,GR,F
13:50:03,PTBA,RG,4060,3,D,EP,LH,D
13:50:03,PTBA,RG,4060,5,D,YP,LH,D
13:50:03,PTBA,RG,4060,15,D,CC,LH,D
13:50:03,PTBA,RG,4060,3,D,YP,LH,D
13:50:03,PTBA,RG,4060,1,D,YP,LH,D
13:50:02,PTBA,RG,4060,19,D,BK,LH,D
13:50:02,PTBA,RG,4050,2,F,AK,CC,D
13:49:58,PTBA,RG,4050,4,F,AK,KK,D
13:49:56,PTBA,RG,4050,1,F,AK,NI,D
13:49:56,PTBA,RG,4050,7,F,AK,PD,D
13:49:56,PTBA,RG,4050,6,F,AK,CD,D
13:49:56,PTBA,RG,4050,8,F,AK,EP,D
13:49:56,PTBA,RG,4050,10,F,AK,PD,D
13:49:56,PTBA,RG,4050,9,F,AK,PD,D
13:49:56,PTBA,RG,4050,400,F,AK,GR,D
13:49:56,PTBA,RG,4050,5,F,AK,XC,D
13:49:56,PTBA,RG,4050,18,F,AK,XL,D
13:49:56,PTBA,RG,4050,15,F,AK,AK,F
13:49:56,PTBA,RG,4050,2,F,AK,CC,D
13:49:56,PTBA,RG,4050,1,D,CC,CC,D
13:49:56,PTBA,RG,4050,5,D,CC,GR,D
13:49:56,PTBA,RG,4050,5,D,CC,PD,D
13:49:56,PTBA,RG,4050,100,D,CC,GR,D
13:49:56,PTBA,RG,4050,5,D,CC,CC,D
13:49:56,PTBA,RG,4050,5,D,CC,XL,D
13:49:56,PTBA,RG,4050,7,D,CC,CC,F
13:49:56,PTBA,RG,4050,1,D,CC,XL,D
13:49:56,PTBA,RG,4050,2,D,CC,PD,D
13:49:56,PTBA,RG,4050,9,D,CC,AK,F
13:49:56,PTBA,RG,4050,21,D,CC,YP,D
13:49:56,PTBA,RG,4050,1,D,CC,YP,D
13:49:56,PTBA,RG,4050,1,D,CC,PD,D
13:49:56,PTBA,RG,4050,3,D,CC,YP,D
13:49:56,PTBA,RG,4050,1,D,CC,XC,D
13:49:56,PTBA,RG,4050,2,D,CC,CC,D
13:49:56,PTBA,RG,4050,1,D,CC,NI,D
13:49:56,PTBA,RG,4050,1,D,CC,PD,D
13:49:56,PTBA,RG,4050,59,D,CC,XC,D
13:49:56,PTBA,RG,4050,2,D,CC,OD,D
13:49:56,PTBA,RG,4050,7,D,CC,PD,D
13:49:56,PTBA,RG,4050,3,D,CC,HD,D
13:49:56,PTBA,RG,4050,300,D,CC,GR,D
13:49:56,PTBA,RG,4050,13,D,CC,PD,D
13:49:56,PTBA,RG,4050,1,D,CC,NI,D
13:49:56,PTBA,RG,4050,44,D,CC,NI,D
13:49:56,PTBA,RG,4050,76,D,CP,NI,D
13:49:56,PTBA,RG,4050,5,D,CP,XC,D
13:49:56,PTBA,RG,4050,5,D,CP,NI,D
13:49:56,PTBA,RG,4050,18,D,CP,DH,D
13:49:56,PTBA,RG,4050,1,D,CP,XC,D
13:49:56,PTBA,RG,4050,3,D,CP,YP,D
13:49:56,PTBA,RG,4050,5,D,CP,KK,D
13:49:56,PTBA,RG,4050,5,D,CP,NI,D
13:49:56,PTBA,RG,4050,8,D,CP,AK,F
13:49:56,PTBA,RG,4050,1,D,CP,PD,D
13:49:56,PTBA,RG,4050,2,D,CP,CC,D
13:49:56,PTBA,RG,4050,50,D,CP,PD,D
13:49:56,PTBA,RG,4050,1,D,CP,XC,D
13:49:56,PTBA,RG,4050,7,D,CP,KK,D
13:49:56,PTBA,RG,4050,1,D,CP,PD,D
13:49:56,PTBA,RG,4050,5,D,CP,DR,D
13:49:56,PTBA,RG,4050,1,D,CP,DH,D
13:49:56,PTBA,RG,4050,10,D,CP,CC,D
13:49:56,PTBA,RG,4050,1,D,CP,GR,D
13:49:56,PTBA,RG,4050,10,D,CP,CC,D
13:49:56,PTBA,RG,4050,1,D,CP,NI,D
13:49:56,PTBA,RG,4050,3,D,CP,OD,D
13:49:56,PTBA,RG,4050,11,D,CP,PD,D
13:49:56,PTBA,RG,4050,30,D,CP,HP,D
13:49:56,PTBA,RG,4050,128,D,CP,YB,D
13:49:56,PTBA,RG,4050,10,D,CP,LS,D
13:49:56,PTBA,RG,4050,5,D,CP,LG,D
13:49:56,PTBA,RG,4050,5,D,CP,CC,D
13:49:56,PTBA,RG,4050,8,D,CP,XC,D
13:49:56,PTBA,RG,4050,1,D,CP,XL,D
13:49:56,PTBA,RG,4050,20,D,CP,ZP,D
13:49:56,PTBA,RG,4050,10,D,CP,CC,D
13:49:56,PTBA,RG,4050,1,D,CP,XC,D
13:49:56,PTBA,RG,4050,1,D,CP,PD,D
13:49:56,PTBA,RG,4050,1,D,CP,PD,D
13:49:56,PTBA,RG,4050,3,D,CP,YP,D
13:49:56,PTBA,RG,4050,5,D,CP,XC,D
13:49:56,PTBA,RG,4050,2,D,CP,CC,D
13:49:56,PTBA,RG,4050,74,D,CP,PD,D
13:49:56,PTBA,RG,4050,1,D,CP,XC,D
13:49:56,PTBA,RG,4050,20,D,CP,CC,D
13:49:56,PTBA,RG,4050,1,D,CP,AT,D
13:49:56,PTBA,RG,4050,200,D,CP,NI,D
13:49:56,PTBA,RG,4050,10,D,CP,DH,D
13:49:56,PTBA,RG,4050,2,D,CP,XC,D
13:49:56,PTBA,RG,4050,27,D,CP,CC,D
13:49:56,PTBA,RG,4050,205,D,CP,NI,D
13:49:54,PTBA,RG,4050,2000,D,YP,NI,D
13:49:54,PTBA,RG,4050,1,D,PD,NI,D
13:49:51,PTBA,RG,4040,2,F,CS,XL,D
13:49:50,PTBA,RG,4050,20,D,GR,NI,D
13:49:50,PTBA,RG,4050,2,D,XC,NI,D
13:49:48,PTBA,RG,4050,20,D,PD,NI,D
13:49:44,PTBA,RG,4050,10,D,CP,NI,D
13:49:43,PTBA,RG,4050,10,D,PD,NI,D
13:49:43,PTBA,RG,4050,1,D,HP,NI,D
13:49:42,PTBA,RG,4050,40,D,YB,NI,D
13:49:35,PTBA,RG,4050,300,D,YU,NI,D
13:49:31,PTBA,RG,4050,50,D,YP,NI,D
13:49:31,PTBA,RG,4050,50,D,YP,NI,D
13:49:28,PTBA,RG,4050,400,D,YP,NI,D
13:49:15,PTBA,RG,4050,2,D,PD,NI,D
13:49:07,PTBA,RG,4050,29,D,BK,NI,D
13:49:05,PTBA,RG,4050,200,D,CC,NI,D
13:49:02,PTBA,RG,4050,1,D,CC,NI,D
13:49:01,PTBA,RG,4050,2,D,XL,NI,D
13:49:00,PTBA,RG,4040,1,F,CS,DH,D
13:48:56,PTBA,RG,4040,1,F,CS,XL,D
13:48:47,PTBA,RG,4050,600,D,NI,NI,D
13:48:36,PTBA,RG,4050,107,D,YP,NI,D
13:48:28,PTBA,RG,4050,21,D,BK,NI,D
13:48:07,PTBA,RG,4040,1,F,CS,DH,D
13:48:00,PTBA,RG,4040,1,F,CS,AT,D
13:47:56,PTBA,RG,4050,50,D,YP,NI,D
13:47:52,PTBA,RG,4050,300,D,NI,NI,D
13:47:45,PTBA,RG,4050,22,D,BK,NI,D
13:47:39,PTBA,RG,4040,3,F,CS,YP,D
13:47:39,PTBA,RG,4040,10,F,CS,OD,D
13:46:51,PTBA,RG,4040,6,F,CS,XC,D
13:46:48,PTBA,RG,4050,28,D,BK,NI,D
13:46:37,PTBA,RG,4050,10,D,EP,NI,D
13:46:16,PTBA,RG,4050,50,D,NI,NI,D
13:46:00,PTBA,RG,4050,5,D,OD,NI,D
13:45:53,PTBA,RG,4050,1,D,YP,NI,D
13:45:52,PTBA,RG,4050,1,D,YP,NI,D
13:45:51,PTBA,RG,4050,1,D,YP,NI,D
13:45:50,PTBA,RG,4050,1,D,YP,NI,D
13:45:49,PTBA,RG,4050,1,D,YP,NI,D
13:45:48,PTBA,RG,4050,1,D,YP,NI,D
13:45:47,PTBA,RG,4050,3,D,XL,NI,D
13:45:47,PTBA,RG,4050,29,D,BK,NI,D
13:45:46,PTBA,RG,4050,1,D,YP,NI,D
13:45:44,PTBA,RG,4050,1,D,YP,NI,D
13:45:44,PTBA,RG,4050,1,D,YP,NI,D
13:45:42,PTBA,RG,4050,1,D,YP,NI,D
13:45:30,PTBA,RG,4050,80,D,YP,NI,D
13:45:24,PTBA,RG,4050,2,D,XL,NI,D
13:45:16,PTBA,RG,4050,10,D,RG,NI,D
13:45:10,PTBA,RG,4050,5,D,HP,NI,D
13:45:10,PTBA,RG,4040,4,F,CS,PD,D
13:45:06,PTBA,RG,4040,1,F,CS,PD,D
13:45:00,PTBA,RG,4050,22,D,BK,NI,D
13:44:33,PTBA,RG,4050,3,D,YB,NI,D
13:44:28,PTBA,RG,4050,10,D,PD,NI,D
13:44:21,PTBA,RG,4050,2,D,YB,NI,D
13:44:18,PTBA,RG,4050,40,D,YB,NI,D
13:44:16,PTBA,RG,4050,22,D,BK,NI,D
13:44:14,PTBA,RG,4050,25,D,XA,NI,D
13:44:05,PTBA,RG,4050,1,D,XC,NI,D
13:43:59,PTBA,RG,4050,50,D,YP,NI,D
13:43:58,PTBA,RG,4050,100,D,YP,NI,D
13:43:57,PTBA,RG,4050,11,D,YP,NI,D
13:43:55,PTBA,RG,4050,1,D,PD,NI,D
13:43:55,PTBA,RG,4050,7,D,KK,NI,D
13:43:54,PTBA,RG,4050,1,D,XC,NI,D
13:43:54,PTBA,RG,4050,20,D,AZ,NI,D
13:43:53,PTBA,RG,4050,300,D,YP,NI,D
13:43:52,PTBA,RG,4050,60,D,OD,NI,D
13:43:51,PTBA,RG,4050,650,F,AK,NI,D
13:43:51,PTBA,RG,4050,350,F,AK,YP,D
13:43:51,PTBA,RG,4050,1,D,CC,YP,D
13:43:51,PTBA,RG,4050,3,D,CC,CC,D
13:43:51,PTBA,RG,4050,2,D,CC,YP,D
13:43:51,PTBA,RG,4050,4,D,CC,YP,D
13:43:50,PTBA,RG,4050,24,F,AK,YP,D
13:43:50,PTBA,RG,4050,1,F,AK,XC,D
13:43:50,PTBA,RG,4050,1,F,AK,NI,D
13:43:50,PTBA,RG,4050,3,F,AK,YP,D
13:43:50,PTBA,RG,4050,7,F,AK,PD,D
13:43:50,PTBA,RG,4050,75,F,AK,CC,D
13:43:50,PTBA,RG,4050,1,F,AK,CC,D
13:43:50,PTBA,RG,4050,50,F,AK,YP,D
13:43:50,PTBA,RG,4050,1,F,AK,AZ,D
13:43:50,PTBA,RG,4050,10,F,AK,PD,D
13:43:50,PTBA,RG,4050,10,F,AK,KK,D
13:43:50,PTBA,RG,4050,817,F,AK,CP,D
13:43:49,PTBA,RG,4050,1,D,XC,CP,D
13:43:47,PTBA,RG,4050,323,F,AK,CP,D
13:43:47,PTBA,RG,4050,40,F,AK,YP,D
13:43:47,PTBA,RG,4050,5,F,AK,LG,D
13:43:47,PTBA,RG,4050,1,F,AK,NI,D
13:43:47,PTBA,RG,4050,1,F,AK,PD,D
13:43:47,PTBA,RG,4050,15,F,AK,PD,D
13:43:47,PTBA,RG,4050,2,F,AK,CC,D
13:43:47,PTBA,RG,4050,100,F,AK,CC,D
13:43:47,PTBA,RG,4050,10,F,AK,KK,D
13:43:47,PTBA,RG,4050,20,F,AK,DX,D
13:43:47,PTBA,RG,4050,40,F,AK,EP,D
13:43:47,PTBA,RG,4050,5,F,AK,CC,D
13:43:47,PTBA,RG,4050,30,F,AK,SQ,D
13:43:47,PTBA,RG,4050,2,F,AK,PD,D
13:43:47,PTBA,RG,4050,2,F,AK,XC,D
13:43:47,PTBA,RG,4050,1,F,AK,SQ,D
13:43:47,PTBA,RG,4050,1,F,AK,PD,D
13:43:47,PTBA,RG,4050,2,F,AK,PD,D
13:43:47,PTBA,RG,4050,2,F,AK,XC,D
13:43:47,PTBA,RG,4050,20,F,AK,PD,D
13:43:47,PTBA,RG,4050,7,F,AK,PD,D
13:43:47,PTBA,RG,4050,6,F,AK,PD,D
13:43:47,PTBA,RG,4050,10,F,AK,PD,D
13:43:47,PTBA,RG,4050,1,F,AK,BQ,D
13:43:47,PTBA,RG,4050,5,F,AK,PD,D
13:43:47,PTBA,RG,4050,28,F,AK,CC,D
13:43:47,PTBA,RG,4050,11,F,AK,CC,D
13:43:47,PTBA,RG,4050,3,F,AK,XL,D
13:43:47,PTBA,RG,4050,2,F,AK,YP,D
13:43:47,PTBA,RG,4050,15,F,AK,YP,D
13:43:47,PTBA,RG,4050,100,F,AK,XC,D
13:43:47,PTBA,RG,4050,190,F,AK,NI,D
13:43:47,PTBA,RG,4050,61,D,YP,NI,D
13:43:47,PTBA,RG,4050,2,D,YP,YP,D
13:43:47,PTBA,RG,4050,50,D,YP,DR,D
13:43:47,PTBA,RG,4050,10,D,YP,XL,D
13:43:47,PTBA,RG,4050,25,D,YP,DR,D
13:43:47,PTBA,RG,4050,10,D,YP,KK,D
13:43:47,PTBA,RG,4050,50,D,YP,YP,D
13:43:47,PTBA,RG,4050,5,D,YP,YP,D
13:43:47,PTBA,RG,4050,50,D,YP,YP,D
13:43:47,PTBA,RG,4050,1,D,YP,SQ,D
13:43:47,PTBA,RG,4050,3,D,YP,YP,D
13:43:47,PTBA,RG,4050,86,D,YP,YP,D
13:43:32,PTBA,RG,4050,14,F,AK,YP,D
13:43:32,PTBA,RG,4050,20,F,AK,GR,D
13:43:32,PTBA,RG,4050,122,F,AK,XL,D
13:43:32,PTBA,RG,4050,5,F,AK,EP,D
13:43:32,PTBA,RG,4050,1,F,AK,NI,D
13:43:32,PTBA,RG,4050,8,F,AK,XC,D
13:43:32,PTBA,RG,4050,3,F,AK,XC,D
13:43:32,PTBA,RG,4050,1,F,AK,XC,D
13:43:32,PTBA,RG,4050,1,F,AK,XL,D
13:43:32,PTBA,RG,4050,1,F,AK,YP,D
13:43:32,PTBA,RG,4050,10,F,AK,XC,D
13:43:32,PTBA,RG,4050,1,F,AK,PD,D
13:43:32,PTBA,RG,4050,1,F,AK,NI,D
13:43:32,PTBA,RG,4050,20,F,AK,DR,D
13:43:32,PTBA,RG,4050,1,F,AK,XL,D
13:43:32,PTBA,RG,4050,12,F,AK,XC,D
13:43:32,PTBA,RG,4050,100,F,AK,GR,D
13:43:32,PTBA,RG,4050,18,F,AK,XC,D
13:43:32,PTBA,RG,4050,20,F,AK,NI,D
13:43:32,PTBA,RG,4050,641,F,AK,BQ,D
13:43:31,PTBA,RG,4050,20,D,BK,BQ,D
13:43:28,PTBA,RG,4050,1,D,XC,BQ,D
13:43:23,PTBA,RG,4050,10,D,XL,BQ,D
13:43:14,PTBA,RG,4050,30,D,GR,BQ,D
13:43:11,PTBA,RG,4050,298,F,AK,BQ,D
13:43:11,PTBA,RG,4050,5,F,AK,CC,D
13:43:11,PTBA,RG,4050,1,F,AK,PD,D
13:43:11,PTBA,RG,4050,100,F,AK,CC,D
13:43:11,PTBA,RG,4050,8,F,AK,XL,D
13:43:11,PTBA,RG,4050,10,F,AK,LG,D
13:43:11,PTBA,RG,4050,2,F,AK,CC,D
13:43:11,PTBA,RG,4050,10,F,AK,CC,D
13:43:11,PTBA,RG,4050,5,F,AK,XC,D
13:43:11,PTBA,RG,4050,400,F,AK,OD,D
13:43:11,PTBA,RG,4050,1,F,AK,AT,D
13:43:11,PTBA,RG,4050,11,F,AK,YP,D
13:43:11,PTBA,RG,4050,149,F,AK,DH,D
13:43:09,PTBA,RG,4050,51,D,NI,DH,D
13:43:09,PTBA,RG,4050,1,D,NI,YP,D
13:43:09,PTBA,RG,4050,10,D,NI,AT,D
13:43:09,PTBA,RG,4050,1,D,NI,PD,D
13:43:09,PTBA,RG,4050,1,D,NI,PD,D
13:43:09,PTBA,RG,4050,2,D,NI,PD,D
13:43:09,PTBA,RG,4050,1,D,NI,PD,D
13:43:09,PTBA,RG,4050,10,D,NI,PD,D
13:43:09,PTBA,RG,4050,1,D,NI,PD,D
13:43:09,PTBA,RG,4050,22,D,NI,PD,D
13:43:07,PTBA,RG,4040,3,F,CS,PD,D
13:43:03,PTBA,RG,4040,5,F,CS,XL,D
13:43:03,PTBA,RG,4040,33,D,BB,XL,D
13:42:59,PTBA,RG,4050,19,D,BK,PD,D
13:42:52,PTBA,RG,4050,9,D,YP,PD,D
13:42:52,PTBA,RG,4050,1,D,YP,XC,D
13:42:44,PTBA,RG,4040,5,F,AK,PD,D
13:42:44,PTBA,RG,4040,644,F,AK,OD,D
13:42:44,PTBA,RG,4040,356,D,YP,OD,D
13:42:44,PTBA,RG,4040,10,D,YP,CC,D
13:42:44,PTBA,RG,4040,200,D,YP,DH,D
13:42:44,PTBA,RG,4040,8,D,YP,AK,F
13:42:44,PTBA,RG,4040,26,D,YP,KK,D
13:42:44,PTBA,RG,4040,1,D,YP,XC,D
13:42:44,PTBA,RG,4040,400,D,YP,PD,D
13:42:44,PTBA,RG,4040,1,D,YP,CC,D
13:42:44,PTBA,RG,4040,7,D,YP,XL,D
13:42:44,PTBA,RG,4040,12,D,YP,CC,F
13:42:44,PTBA,RG,4040,1,D,YP,XL,D
13:42:44,PTBA,RG,4040,25,D,YP,BK,D
13:42:44,PTBA,RG,4040,1,D,YP,XL,D
13:42:44,PTBA,RG,4040,23,D,YP,XL,D
13:42:44,PTBA,RG,4040,1,D,YP,CC,D
13:42:44,PTBA,RG,4040,30,D,YP,SQ,D
13:42:44,PTBA,RG,4040,1,D,YP,NI,D
13:42:44,PTBA,RG,4040,2,D,YP,YP,D
13:42:44,PTBA,RG,4040,4,D,YP,YP,D
13:42:44,PTBA,RG,4040,1,D,YP,OD,D
13:42:44,PTBA,RG,4040,33,D,YP,CC,D
13:42:44,PTBA,RG,4040,1,D,YP,BQ,D
13:42:44,PTBA,RG,4040,14,D,YP,PD,D
13:42:44,PTBA,RG,4040,40,D,YP,PD,D
13:42:44,PTBA,RG,4040,3,D,YP,EP,D
13:42:44,PTBA,RG,4040,100,D,YP,NI,D
13:42:44,PTBA,RG,4040,6000,D,YP,NI,D
13:42:44,PTBA,RG,4040,8,D,YP,CC,D
13:42:44,PTBA,RG,4040,1,D,YP,YP,D
13:42:44,PTBA,RG,4040,100,D,YP,CC,D
13:42:44,PTBA,RG,4040,2,D,YP,YP,D
13:42:44,PTBA,RG,4040,3,D,YP,CC,D
13:42:44,PTBA,RG,4040,4,D,YP,XC,D
13:42:44,PTBA,RG,4040,1,D,YP,YP,D
13:42:44,PTBA,RG,4040,11,D,YP,PD,D
13:42:44,PTBA,RG,4040,39,D,YP,YP,D
13:42:44,PTBA,RG,4040,2,D,YP,XC,D
13:42:44,PTBA,RG,4040,6,D,YP,XC,D
13:42:44,PTBA,RG,4040,1,D,YP,NI,D
13:42:44,PTBA,RG,4040,9,D,YP,PD,D
13:42:44,PTBA,RG,4040,1,D,YP,CC,D
13:42:44,PTBA,RG,4040,15,D,YP,XA,D
13:42:44,PTBA,RG,4040,1,D,YP,YP,D
13:42:44,PTBA,RG,4040,12,D,YP,XC,D
13:42:44,PTBA,RG,4040,4483,D,YP,CP,D
13:42:25,PTBA,RG,4040,1000,F,AK,CP,D
13:42:25,PTBA,RG,4040,500,D,DR,CP,D
13:42:21,PTBA,RG,4040,50,D,YP,CP,D
13:42:16,PTBA,RG,4040,1000,F,AK,CP,D
13:42:16,PTBA,RG,4040,500,D,DR,CP,D
13:42:10,PTBA,RG,4040,100,D,GR,CP,D
13:42:00,PTBA,RG,4040,2,D,CC,CP,D
13:41:47,PTBA,RG,4040,500,D,DR,CP,D
13:41:43,PTBA,RG,4040,500,D,DR,CP,D
13:41:17,PTBA,RG,4040,49,D,XL,CP,D
13:41:05,PTBA,RG,4040,4,D,XC,CP,D
13:40:43,PTBA,RG,4030,2,D,BK,NI,D
13:40:41,PTBA,RG,4030,3,D,BK,YP,D
13:40:40,PTBA,RG,4030,64,D,BK,PD,D
13:40:40,PTBA,RG,4030,104,D,CC,PD,D
13:40:40,PTBA,RG,4030,5,D,XA,PD,D
13:40:40,PTBA,RG,4030,27,D,BB,PD,D
13:40:34,PTBA,RG,4030,4,D,BB,CC,D
13:40:34,PTBA,RG,4030,1,D,XC,CC,D
13:40:27,PTBA,RG,4040,500,F,AK,CP,D
13:40:27,PTBA,RG,4040,372,D,YP,CP,D
13:40:27,PTBA,RG,4040,1,D,YP,SQ,D
13:40:27,PTBA,RG,4040,19,D,YP,YP,D
13:40:27,PTBA,RG,4040,3,D,YP,XC,D
13:40:27,PTBA,RG,4040,15,D,YP,YP,D
13:40:27,PTBA,RG,4040,10,D,YP,KK,D
13:40:27,PTBA,RG,4040,10,D,YP,EP,D
13:40:27,PTBA,RG,4040,1,D,YP,PD,D
13:40:27,PTBA,RG,4040,3,D,YP,CC,D
13:40:27,PTBA,RG,4040,10,D,YP,YP,D
13:40:27,PTBA,RG,4040,30,D,YP,CP,D
13:40:27,PTBA,RG,4040,1,D,YP,NI,D
13:40:27,PTBA,RG,4040,1,D,YP,YP,D
13:40:27,PTBA,RG,4040,50,D,YP,YP,D
13:40:27,PTBA,RG,4040,36,D,YP,PD,D
13:40:27,PTBA,RG,4040,1,D,YP,PD,D
13:40:27,PTBA,RG,4040,5,D,YP,PD,D
13:40:27,PTBA,RG,4040,15,D,YP,YP,D
13:40:27,PTBA,RG,4040,10,D,YP,PD,D
13:40:27,PTBA,RG,4040,100,D,YP,XC,D
13:40:27,PTBA,RG,4040,10,D,YP,LG,D
13:40:27,PTBA,RG,4040,2,D,YP,DR,D
13:40:27,PTBA,RG,4040,3,D,YP,KK,D
13:40:27,PTBA,RG,4040,5,D,YP,EP,D
13:40:27,PTBA,RG,4040,1,D,YP,PD,D
13:40:27,PTBA,RG,4040,1,D,YP,NI,D
13:40:27,PTBA,RG,4040,42,D,YP,YP,D
13:40:27,PTBA,RG,4040,1000,D,YP,BQ,D
13:40:27,PTBA,RG,4040,130,D,YP,AZ,D
13:40:27,PTBA,RG,4040,11,D,YP,XL,D
13:40:27,PTBA,RG,4040,11,D,YP,YP,D
13:40:27,PTBA,RG,4040,2,D,YP,PD,D
13:40:27,PTBA,RG,4040,89,D,YP,YB,D
13:40:14,PTBA,RG,4030,1,F,AK,XC,D
13:40:14,PTBA,RG,4030,5,F,AK,KK,D
13:40:14,PTBA,RG,4030,7,F,AK,YP,D
13:40:14,PTBA,RG,4030,18,F,AK,CC,F
13:40:14,PTBA,RG,4030,4,F,AK,XC,D
13:40:14,PTBA,RG,4030,4,F,AK,XC,D
13:40:14,PTBA,RG,4030,5,F,AK,YP,D
13:40:14,PTBA,RG,4030,1,F,AK,XC,D
13:40:14,PTBA,RG,4030,1,F,AK,XC,D
13:40:14,PTBA,RG,4030,1,F,AK,PD,D
13:40:14,PTBA,RG,4030,5,F,AK,PD,D
13:40:14,PTBA,RG,4030,1,F,AK,PD,D
13:40:14,PTBA,RG,4030,28,F,AK,PD,D
13:40:14,PTBA,RG,4030,30,F,AK,MU,D
13:40:14,PTBA,RG,4030,1,F,AK,XL,D
13:40:14,PTBA,RG,4030,5,F,AK,XL,D
13:40:14,PTBA,RG,4030,4,F,AK,XC,D
13:40:14,PTBA,RG,4030,4,F,AK,XC,D
13:40:14,PTBA,RG,4030,8,F,AK,PD,D
13:40:14,PTBA,RG,4030,19,F,AK,YP,D
13:40:14,PTBA,RG,4030,2,F,AK,KK,D
13:40:14,PTBA,RG,4030,500,F,AK,PD,D
13:40:14,PTBA,RG,4030,2,F,AK,XC,D
13:40:14,PTBA,RG,4030,50,F,AK,SQ,D
13:40:14,PTBA,RG,4030,5,F,AK,YP,D
13:40:14,PTBA,RG,4030,1,F,AK,NI,D
13:40:14,PTBA,RG,4030,5,F,AK,CC,D
13:40:14,PTBA,RG,4030,5,F,AK,XC,D
13:40:14,PTBA,RG,4030,5,F,AK,DX,D
13:40:14,PTBA,RG,4030,1051,F,AK,NI,D
13:40:14,PTBA,RG,4030,4949,D,KI,NI,D
13:40:14,PTBA,RG,4030,2,D,KI,PD,D
13:40:14,PTBA,RG,4030,1,D,KI,YP,D
13:40:14,PTBA,RG,4030,3,D,KI,CC,D
13:40:14,PTBA,RG,4030,2,D,KI,PD,D
13:40:14,PTBA,RG,4030,10,D,KI,DR,D
13:40:14,PTBA,RG,4030,2,D,KI,XL,D
13:40:14,PTBA,RG,4030,2,D,KI,CC,D
13:40:14,PTBA,RG,4030,6,D,KI,KK,D
13:40:14,PTBA,RG,4030,23,D,KI,CC,D
13:40:13,PTBA,RG,4030,47,F,AK,CC,D
13:40:13,PTBA,RG,4030,1,F,AK,LG,D
13:40:13,PTBA,RG,4030,25,F,AK,PD,D
13:40:13,PTBA,RG,4030,1,F,AK,PD,D
13:40:13,PTBA,RG,4030,250,F,AK,YP,D
13:40:13,PTBA,RG,4030,25,F,AK,NI,D
13:40:13,PTBA,RG,4030,1,F,AK,PD,D
13:40:13,PTBA,RG,4030,150,F,AK,EP,D
13:40:08,PTBA,RG,4030,14,D,YP,EP,D
13:39:58,PTBA,RG,4030,500,F,AK,EP,D
13:39:57,PTBA,RG,4030,10,D,DH,EP,D
13:39:56,PTBA,RG,4030,500,F,AK,EP,D
13:39:56,PTBA,RG,4030,25,D,BK,EP,D
13:39:48,PTBA,RG,4030,500,F,AK,EP,D
13:39:48,PTBA,RG,4030,30,D,HP,EP,D
13:39:47,PTBA,RG,4030,500,F,AK,EP,D
13:39:46,PTBA,RG,4030,21,D,PD,EP,D
13:39:41,PTBA,RG,4030,10,D,YP,EP,D
13:39:40,PTBA,RG,4030,240,F,AK,EP,D
13:39:40,PTBA,RG,4030,1,F,AK,YP,D
13:39:40,PTBA,RG,4030,5,F,AK,PD,D
13:39:40,PTBA,RG,4030,10,F,AK,PD,D
13:39:40,PTBA,RG,4030,1,F,AK,XC,D
13:39:40,PTBA,RG,4030,15,F,AK,YP,D
13:39:40,PTBA,RG,4030,10,F,AK,NI,D
13:39:40,PTBA,RG,4030,1,F,AK,XC,D
13:39:40,PTBA,RG,4030,11,F,AK,PD,D
13:39:40,PTBA,RG,4030,14,F,AK,YP,D
13:39:40,PTBA,RG,4030,15,F,AK,RO,D
13:39:40,PTBA,RG,4030,13,F,AK,KK,D
13:39:40,PTBA,RG,4030,5,F,AK,DH,D
13:39:40,PTBA,RG,4030,10,F,AK,DH,D
13:39:40,PTBA,RG,4030,50,F,AK,CC,D
13:39:40,PTBA,RG,4030,20,F,AK,CC,D
13:39:40,PTBA,RG,4030,19,F,AK,XC,D
13:39:40,PTBA,RG,4030,2,F,AK,PD,D
13:39:40,PTBA,RG,4030,2,F,AK,PD,D
13:39:40,PTBA,RG,4030,5,F,AK,PD,D
13:39:40,PTBA,RG,4030,1,F,AK,PD,D
13:39:40,PTBA,RG,4030,13,F,AK,OD,D
13:39:40,PTBA,RG,4030,1,F,AK,NI,D
13:39:40,PTBA,RG,4030,5,F,AK,DH,D
13:39:40,PTBA,RG,4030,2,F,AK,NI,D
13:39:40,PTBA,RG,4030,1,F,AK,YP,D
13:39:40,PTBA,RG,4030,6,F,AK,PD,D
13:39:40,PTBA,RG,4030,2,F,AK,EP,D
13:39:40,PTBA,RG,4030,1,F,AK,XC,D
13:39:40,PTBA,RG,4030,2,F,AK,NI,D
13:39:40,PTBA,RG,4030,17,F,AK,YP,D
13:39:40,PTBA,RG,4030,8,D,XL,YP,D
13:39:40,PTBA,RG,4030,25,D,XL,KK,D
13:39:40,PTBA,RG,4030,4,D,XL,XC,D
13:39:40,PTBA,RG,4030,5,D,XL,XC,D
13:39:40,PTBA,RG,4030,3,D,XL,BQ,D
13:39:16,PTBA,RG,4020,2,F,BK,NI,D
13:39:16,PTBA,RG,4020,9,F,AK,AK,F
13:39:16,PTBA,RG,4020,2,F,AK,AZ,D
13:39:16,PTBA,RG,4020,19,F,AK,XC,D
13:39:16,PTBA,RG,4020,3,F,AK,XL,D
13:39:16,PTBA,RG,4020,40,F,AK,YP,D
13:39:16,PTBA,RG,4020,1,F,AK,XC,D
13:39:16,PTBA,RG,4020,1,F,AK,XC,D
13:39:16,PTBA,RG,4020,25,F,AK,DR,D
13:39:16,PTBA,RG,4020,2,F,AK,YP,D
13:39:16,PTBA,RG,4020,50,F,AK,PD,D
13:39:16,PTBA,RG,4020,1,F,AK,PD,D
13:39:16,PTBA,RG,4020,50,F,AK,PD,D
13:39:16,PTBA,RG,4020,5,F,AK,PD,D
13:39:16,PTBA,RG,4020,1,F,AK,DH,D
13:39:16,PTBA,RG,4020,16,F,AK,BQ,D
13:39:16,PTBA,RG,4020,9,F,AK,PD,D
13:39:16,PTBA,RG,4020,88,F,AK,PD,D
13:39:16,PTBA,RG,4020,2,F,AK,PD,D
13:39:16,PTBA,RG,4020,3,F,AK,CC,D
13:39:16,PTBA,RG,4020,150,F,AK,LG,D
13:39:16,PTBA,RG,4020,173,F,AK,LG,D
13:39:16,PTBA,RG,4020,99,F,AK,LG,D
13:39:16,PTBA,RG,4020,102,F,AK,LG,D
13:39:16,PTBA,RG,4020,36,F,AK,LG,D
13:39:16,PTBA,RG,4020,1386,F,AK,LG,D
13:39:16,PTBA,RG,4020,41,F,AK,LG,D
13:39:16,PTBA,RG,4020,9,F,AK,XC,D
13:39:16,PTBA,RG,4020,19,F,AK,BK,D
13:39:16,PTBA,RG,4020,1,F,AK,DH,D
13:39:16,PTBA,RG,4020,19,F,AK,YP,D
13:39:16,PTBA,RG,4020,36,F,AK,CC,D
13:39:16,PTBA,RG,4020,9,F,AK,KK,D
13:39:16,PTBA,RG,4020,7,F,AK,PD,D
13:39:16,PTBA,RG,4020,1,F,AK,PD,D
13:39:16,PTBA,RG,4020,99,F,AK,PD,D
13:39:16,PTBA,RG,4020,13,F,AK,YP,D
13:39:16,PTBA,RG,4020,5,F,AK,PD,D
13:39:16,PTBA,RG,4020,1,F,AK,XC,D
13:39:16,PTBA,RG,4020,20,F,AK,PD,D
13:39:16,PTBA,RG,4020,2,F,AK,XL,D
13:39:16,PTBA,RG,4020,10,F,AK,DR,D
13:39:16,PTBA,RG,4020,10,F,AK,YP,D
13:39:16,PTBA,RG,4020,1,F,AK,XC,D
13:39:16,PTBA,RG,4020,1,F,AK,XC,D
13:39:16,PTBA,RG,4020,20,F,AK,KK,D
13:39:16,PTBA,RG,4020,10,F,AK,PD,D
13:39:16,PTBA,RG,4020,15,F,AK,YP,D
13:39:16,PTBA,RG,4020,8,F,AK,YP,D
13:39:16,PTBA,RG,4020,133,F,AK,EP,D
13:39:16,PTBA,RG,4020,2130,F,AK,XC,D
13:39:16,PTBA,RG,4020,1,F,AK,AT,D
13:39:16,PTBA,RG,4020,10,F,AK,OD,D
13:39:16,PTBA,RG,4020,5,F,AK,DX,D
13:39:16,PTBA,RG,4020,600,F,AK,PD,D
13:39:16,PTBA,RG,4020,1249,F,AK,NI,D
13:39:16,PTBA,RG,4020,1,D,XC,NI,D
13:39:16,PTBA,RG,4020,1500,F,AK,NI,D
13:39:16,PTBA,RG,4020,1000,D,PD,NI,D
13:39:15,PTBA,RG,4020,21,D,BK,NI,D
13:39:15,PTBA,RG,4020,500,F,AK,NI,D
13:39:15,PTBA,RG,4020,500,F,AK,NI,D
13:39:14,PTBA,RG,4020,500,F,AK,NI,D
13:39:14,PTBA,RG,4020,500,F,AK,NI,D
13:39:13,PTBA,RG,4020,229,F,AK,NI,D
13:39:13,PTBA,RG,4020,9,F,AK,YP,D
13:39:13,PTBA,RG,4020,35,F,AK,OD,D
13:39:13,PTBA,RG,4020,100,F,AK,ZP,D
13:39:13,PTBA,RG,4020,3,F,AK,CC,D
13:39:13,PTBA,RG,4020,1,F,AK,XC,D
13:39:13,PTBA,RG,4020,123,F,AK,NI,D
13:38:59,PTBA,RG,4020,500,F,AK,NI,D
13:38:59,PTBA,RG,4020,127,D,NI,NI,D
13:38:59,PTBA,RG,4020,1,D,NI,PD,D
13:38:59,PTBA,RG,4020,24,D,NI,YP,D
13:38:59,PTBA,RG,4020,15,D,NI,EP,D
13:38:59,PTBA,RG,4020,3,D,NI,EP,D
13:38:59,PTBA,RG,4020,1,D,NI,NI,D
13:38:59,PTBA,RG,4020,10,D,NI,DH,D
13:38:59,PTBA,RG,4020,15,D,NI,EP,D
13:38:59,PTBA,RG,4020,15,D,NI,EP,D
13:38:59,PTBA,RG,4020,1,D,NI,PD,D
13:38:59,PTBA,RG,4020,688,D,NI,EP,D
13:38:49,PTBA,RG,4020,1,D,PD,EP,D
13:38:45,PTBA,RG,4020,20,D,BK,EP,D
13:38:18,PTBA,RG,4020,3,D,XL,EP,D
13:38:03,PTBA,RG,4020,24,D,BK,EP,D
13:37:49,PTBA,RG,4010,1,D,YP,XC,D
13:37:27,PTBA,RG,4020,22,D,BK,EP,D
13:37:09,PTBA,RG,4010,3,D,YP,XC,D
13:37:06,PTBA,RG,4010,249,D,YP,YP,D
13:37:06,PTBA,RG,4010,1,D,YP,XC,D
13:37:06,PTBA,RG,4010,9,D,YP,AK,F
13:37:06,PTBA,RG,4010,89,D,YP,CC,F
13:37:06,PTBA,RG,4010,5,D,YP,XA,D
13:37:06,PTBA,RG,4010,300,D,YP,PD,D
13:37:06,PTBA,RG,4010,1,D,YP,XL,D
13:37:06,PTBA,RG,4010,54,D,YP,PD,D
13:37:04,PTBA,RG,4010,1,D,PD,PD,D
13:36:48,PTBA,RG,4010,30,D,XL,PD,D
13:36:43,PTBA,RG,4010,10,D,YP,PD,D
13:36:41,PTBA,RG,4010,10,D,YP,PD,D
13:36:40,PTBA,RG,4010,100,D,YP,PD,D
13:36:16,PTBA,RG,4010,1,D,YP,PD,D
13:36:11,PTBA,RG,4010,1,D,XL,PD,D
13:35:51,PTBA,RG,4010,25,D,GR,PD,D
13:35:48,PTBA,RG,4000,1,D,YP,YP,D
13:35:46,PTBA,RG,4000,1,D,YP,XC,D
13:35:31,PTBA,RG,4000,1,D,YP,XC,D
13:35:30,PTBA,RG,4010,20,D,YU,PD,D
13:35:07,PTBA,RG,4000,3,D,YP,PD,D
13:34:59,PTBA,RG,4000,3,D,YP,PD,D
13:34:56,PTBA,RG,4010,5,D,XL,PD,D
13:34:56,PTBA,RG,4010,10,D,NI,PD,D
13:34:44,PTBA,RG,4010,10,D,GR,PD,D
13:34:32,PTBA,RG,4010,8,D,BB,PD,D
13:34:32,PTBA,RG,4010,10,D,XC,PD,D
13:34:32,PTBA,RG,4010,2,D,XL,PD,D
13:34:32,PTBA,RG,4010,3,D,CP,PD,D
13:34:24,PTBA,RG,4010,2,D,CP,XC,D
13:34:13,PTBA,RG,4010,3,D,XC,XC,D
13:34:11,PTBA,RG,4010,1,D,YP,XC,D
13:34:02,PTBA,RG,4010,1,D,NI,XC,D
13:34:00,PTBA,RG,4010,18,D,NI,XC,D
13:34:00,PTBA,RG,4010,7,D,NI,AK,F
13:33:54,PTBA,RG,4010,6,D,SQ,AK,F
13:33:54,PTBA,RG,4010,24,D,SQ,PD,D
13:33:49,PTBA,RG,4010,3,D,OD,PD,D
13:33:44,PTBA,RG,4010,10,D,XC,PD,D
13:33:33,PTBA,RG,4010,20,D,PD,PD,D
13:33:27,PTBA,RG,4010,243,D,YP,PD,D
13:33:27,PTBA,RG,4010,200,D,YP,EP,D
13:33:27,PTBA,RG,4010,1,D,YP,XL,D
13:33:27,PTBA,RG,4010,12,D,YP,AK,F
13:33:27,PTBA,RG,4010,19,D,YP,BK,D
13:33:27,PTBA,RG,4010,300,D,YP,PD,D
13:33:27,PTBA,RG,4010,60,D,YP,YP,D
13:33:27,PTBA,RG,4010,165,D,YP,YP,D
13:33:00,PTBA,RG,4010,4,D,XL,YP,D
13:32:25,PTBA,RG,4010,31,D,DR,YP,D
13:32:25,PTBA,RG,4010,1,D,DR,XC,D
13:32:25,PTBA,RG,4010,18,D,DR,XC,D
13:32:05,PTBA,RG,4000,12,D,YP,XC,D
13:31:10,PTBA,RG,4000,20,D,YP,PD,D
13:30:59,PTBA,RG,4000,30,D,YP,PD,D
13:30:44,PTBA,RG,4000,53,D,YP,PD,D
13:30:44,PTBA,RG,4000,10,D,XC,PD,D
13:30:44,PTBA,RG,4000,1,D,XC,PD,D
13:30:44,PTBA,RG,4000,5,D,AT,PD,D
13:30:44,PTBA,RG,4000,10,D,PD,PD,D
13:30:29,PTBA,RG,4000,4,D,PD,XL,D
13:30:19,PTBA,RG,4010,1,D,XL,XC,D
13:30:05,PTBA,RG,4000,5,D,PD,XL,D
13:30:04,PTBA,RG,4010,5,D,YP,XC,D
13:30:04,PTBA,RG,4000,27,D,PD,AK,F
13:30:04,PTBA,RG,4010,2,D,CC,XC,D
13:30:04,PTBA,RG,4000,1,D,PD,CC,D
13:30:04,PTBA,RG,4010,5,D,YU,XC,D
13:30:04,PTBA,RG,4010,3,D,YU,DX,D
13:30:04,PTBA,RG,4010,2,D,YU,DX,D
13:30:04,PTBA,RG,4010,2,D,YU,DH,D
13:30:03,PTBA,RG,4000,1,D,PD,XC,D
13:30:03,PTBA,RG,4000,2,D,PD,CC,D
13:30:03,PTBA,RG,4000,8,D,BK,CC,D
13:30:03,PTBA,RG,4000,6,D,BK,XC,D
13:30:03,PTBA,RG,4000,19,D,BK,XC,D
13:30:03,PTBA,RG,4000,10,D,CC,XC,D
13:30:03,PTBA,RG,4000,126,D,CC,XC,D
13:30:03,PTBA,RG,4000,1,D,CC,XC,D
13:30:03,PTBA,RG,4000,2,D,CC,XC,D
13:30:03,PTBA,RG,4000,1,D,CC,XC,D
13:30:03,PTBA,RG,4000,2,D,CC,XC,D
13:30:03,PTBA,RG,4000,1,D,CC,XC,D
13:30:02,PTBA,RG,4000,3,D,CC,YP,D
13:30:02,PTBA,RG,4000,25,D,CC,XC,D
13:30:01,PTBA,RG,4000,5,D,CC,PD,D
13:30:01,PTBA,RG,4000,24,D,CC,PD,D
13:30:01,PTBA,RG,4000,2,D,CC,PD,D
13:30:01,PTBA,RG,4010,1,D,PD,DH,D
13:30:01,PTBA,RG,4000,3,D,CC,PD,D
13:30:01,PTBA,RG,4000,5,D,CC,PD,D
13:30:01,PTBA,RG,4000,100,D,XC,PD,D
13:30:01,PTBA,RG,4000,2,D,CC,PD,D
13:30:01,PTBA,RG,4000,1,D,CC,PD,D
13:30:01,PTBA,RG,4000,10,D,NI,PD,D
13:30:01,PTBA,RG,4000,21,D,XC,PD,D
13:30:01,PTBA,RG,4000,20,D,PD,PD,D
13:30:01,PTBA,RG,4000,5,D,YP,PD,D
13:30:01,PTBA,RG,4000,5,D,CC,PD,D
13:30:01,PTBA,RG,4000,18,D,YP,PD,D
13:30:01,PTBA,RG,4000,9,D,SQ,PD,D
13:30:01,PTBA,RG,4000,10,D,YP,PD,D
13:30:01,PTBA,RG,4000,1,D,PD,PD,D
13:30:01,PTBA,RG,4000,49,D,BK,PD,D
13:30:01,PTBA,RG,4000,19,D,BK,PD,D
13:30:01,PTBA,RG,4000,1,D,YU,PD,D
13:30:01,PTBA,RG,4000,1,D,YU,PD,D
13:30:01,PTBA,RG,4000,2,D,YU,PD,D
13:30:01,PTBA,RG,4000,1,D,XC,PD,D
13:30:01,PTBA,RG,4000,1,D,XC,PD,D
13:30:01,PTBA,RG,4000,1,D,BK,PD,D
13:30:01,PTBA,RG,4000,3,D,BK,PD,D
13:30:01,PTBA,RG,4010,1,D,PD,DH,D
13:30:01,PTBA,RG,4010,1,D,PD,DH,D
13:30:01,PTBA,RG,4010,4,D,PD,KK,D
13:30:01,PTBA,RG,4000,19,D,BK,SQ,D
13:30:01,PTBA,RG,4010,1,D,KK,KK,D
13:30:01,PTBA,RG,4020,5,D,LG,EP,D
11:29:49,PTBA,RG,4000,1,D,BK,AK,F
11:29:49,PTBA,RG,4020,22,D,BK,EP,D
11:29:45,PTBA,RG,4010,1,D,SQ,AK,F
11:29:22,PTBA,RG,4000,4,D,BK,XC,D
11:29:21,PTBA,RG,4020,19,D,BK,EP,D
11:28:30,PTBA,RG,4000,7,D,BK,AK,F
11:28:15,PTBA,RG,4000,1,D,BK,AK,F
11:28:15,PTBA,RG,4000,1,D,BK,AK,F
11:28:04,PTBA,RG,4010,15,D,KK,PD,D
11:27:47,PTBA,RG,4010,4,D,KK,PD,D
11:27:40,PTBA,RG,4010,6,D,KK,KK,D
11:27:40,PTBA,RG,4010,10,D,PD,KK,D
11:27:40,PTBA,RG,4010,10,D,CC,KK,D
11:27:40,PTBA,RG,4010,14,D,BK,KK,D
11:27:40,PTBA,RG,4010,40,D,NI,KK,D
11:27:40,PTBA,RG,4010,1,D,XC,KK,D
11:27:40,PTBA,RG,4010,1,D,KK,KK,D
11:27:40,PTBA,RG,4010,61,D,BK,KK,D
11:27:40,PTBA,RG,4010,5,D,PD,KK,D
11:27:40,PTBA,RG,4010,10,D,GR,KK,D
11:27:40,PTBA,RG,4010,2,D,YP,KK,D
11:27:34,PTBA,RG,4020,22,D,BK,EP,D
11:27:28,PTBA,RG,4020,18,D,BK,EP,D
11:27:03,PTBA,RG,4020,19,D,BK,EP,D
11:26:57,PTBA,RG,4010,11,D,YP,CC,D
11:26:48,PTBA,RG,4020,5,D,XL,EP,D
11:26:45,PTBA,RG,4010,9,D,YP,AK,F
11:26:41,PTBA,RG,4020,20,D,BK,EP,D
11:26:30,PTBA,RG,4010,2,D,YP,AK,F
11:25:12,PTBA,RG,4010,100,D,YP,PD,D
11:25:06,PTBA,RG,4020,1,F,KZ,EP,D
11:25:00,PTBA,RG,4010,5,D,NI,AK,F
11:25:00,PTBA,RG,4010,1,D,RO,AK,F
11:25:00,PTBA,RG,4010,3,D,DX,AK,F
11:24:58,PTBA,RG,4010,2,D,DX,XC,D
11:24:58,PTBA,RG,4010,4,D,XC,XC,D
11:24:41,PTBA,RG,4010,6,D,XC,PD,D
11:24:41,PTBA,RG,4010,34,D,BK,PD,D
11:24:41,PTBA,RG,4010,160,D,GR,PD,D
11:24:15,PTBA,RG,4010,3,D,GR,AK,F
11:24:04,PTBA,RG,4020,10,D,GR,EP,D
11:23:37,PTBA,RG,4020,1,D,PD,EP,D
11:22:58,PTBA,RG,4010,3,D,GR,XC,D
