Time,Stock,Brd,Price,Qty,BT,BC,SC,ST
15:14:58,PTBA,RG,3880,85,D,EP,YP,D
15:14:56,PTBA,RG,3880,10,D,EP,GR,D
15:14:50,PTBA,RG,3880,8,D,EP,XA,D
15:14:26,PTBA,RG,3880,5,D,EP,KK,D
15:14:24,PTBA,RG,3880,25,D,EP,LG,D
15:13:50,PTBA,RG,3880,2,D,EP,XC,D
15:13:38,PTBA,RG,3880,5,D,EP,KK,D
15:13:36,PTBA,RG,3880,2,D,EP,NI,D
15:12:48,PTBA,RG,3880,1,D,EP,XA,D
15:12:44,PTBA,RG,3880,2,D,EP,NI,D
15:12:35,PTBA,RG,3880,25,D,EP,KK,D
15:12:23,PTBA,RG,3880,71,D,EP,GR,D
15:12:23,PTBA,RG,3880,5,D,NI,GR,D
15:12:23,PTBA,RG,3880,1,D,XL,GR,D
15:12:23,PTBA,RG,3880,100,F,EP,GR,D
15:12:23,PTBA,RG,3880,120,D,XA,GR,D
15:12:09,PTBA,RG,3880,1,D,XA,XC,D
15:11:30,PTBA,RG,3880,10,D,XA,LG,D
15:10:44,PTBA,RG,3880,2,D,XA,XC,D
15:10:42,PTBA,RG,3880,4,D,XA,XL,D
15:10:11,PTBA,RG,3880,1,D,XA,YP,D
15:10:05,PTBA,RG,3880,4,D,XA,YP,D
15:09:52,PTBA,RG,3880,8,D,XA,CC,D
15:09:52,PTBA,RG,3880,10,D,KK,CC,D
15:09:52,PTBA,RG,3880,1,D,XC,CC,D
15:09:52,PTBA,RG,3880,3,D,YB,CC,D
15:09:52,PTBA,RG,3880,5,D,YP,CC,D
15:09:52,PTBA,RG,3880,1,D,XC,CC,D
15:09:52,PTBA,RG,3880,2,D,YP,CC,D
15:09:39,PTBA,RG,3880,1,D,YP,FS,D
15:09:39,PTBA,RG,3880,10,D,OD,FS,D
15:09:39,PTBA,RG,3880,10,D,GR,FS,D
15:09:39,PTBA,RG,3880,1,D,YP,FS,D
15:09:39,PTBA,RG,3880,2,D,LG,FS,D
15:09:39,PTBA,RG,3880,2,D,CC,FS,D
15:09:39,PTBA,RG,3880,4,D,ZP,FS,D
15:09:39,PTBA,RG,3880,1,D,CC,FS,D
15:09:39,PTBA,RG,3880,10,D,HP,FS,D
15:09:39,PTBA,RG,3880,15,D,EP,FS,D
15:09:39,PTBA,RG,3880,1,D,EP,FS,D
15:09:39,PTBA,RG,3880,10,D,PD,FS,D
15:09:39,PTBA,RG,3880,10,D,DR,FS,D
15:09:39,PTBA,RG,3880,1,D,OD,FS,D
15:09:39,PTBA,RG,3880,22,D,YU,FS,D
15:09:36,PTBA,RG,3880,178,D,YU,AI,D
15:09:36,PTBA,RG,3880,72,D,YU,AI,D
15:09:30,PTBA,RG,3880,4,D,YU,SQ,D
15:09:30,PTBA,RG,3880,25,D,YU,PD,D
15:09:22,PTBA,RG,3880,7,D,YU,SQ,D
15:09:09,PTBA,RG,3880,1,D,YU,NI,D
15:08:52,PTBA,RG,3880,91,D,YU,DH,D
15:08:52,PTBA,RG,3880,10,D,PD,DH,D
15:08:52,PTBA,RG,3880,24,D,XC,DH,D
15:08:50,PTBA,RG,3880,4,D,XC,XL,D
15:08:39,PTBA,RG,3880,2,D,XC,SQ,D
15:08:39,PTBA,RG,3880,138,D,MG,SQ,D
15:08:39,PTBA,RG,3880,162,D,MG,GR,D
15:08:39,PTBA,RG,3880,10,D,GR,GR,D
15:08:39,PTBA,RG,3880,2,D,PD,GR,D
15:08:39,PTBA,RG,3880,308,D,MG,GR,D
15:08:30,PTBA,RG,3880,22,D,MG,EP,D
15:08:29,PTBA,RG,3880,25,D,MG,KK,D
15:08:22,PTBA,RG,3880,5,D,MG,LG,D
15:08:15,PTBA,RG,3880,1,D,MG,SQ,D
15:08:09,PTBA,RG,3880,1,D,MG,NI,D
15:08:06,PTBA,RG,3880,40,D,MG,YP,D
15:08:01,PTBA,RG,3880,242,D,MG,ZP,D
15:08:00,PTBA,RG,3880,200,D,MG,DR,D
15:07:58,PTBA,RG,3880,5,D,MG,DR,D
15:07:40,PTBA,RG,3880,5,D,MG,LG,D
15:07:24,PTBA,RG,3880,10,D,MG,LG,D
15:07:19,PTBA,RG,3880,5,D,MG,PD,D
15:07:16,PTBA,RG,3880,1,D,MG,SQ,D
15:07:11,PTBA,RG,3880,8,D,MG,XL,D
15:07:07,PTBA,RG,3880,1,D,MG,DR,D
15:06:54,PTBA,RG,3880,44,D,MG,YP,D
15:06:46,PTBA,RG,3880,70,D,MG,GR,D
15:06:36,PTBA,RG,3880,1,D,MG,SQ,D
15:06:36,PTBA,RG,3880,6,D,MG,DR,D
15:06:36,PTBA,RG,3880,50,D,YP,DR,D
15:06:36,PTBA,RG,3880,7,D,PD,DR,D
15:06:36,PTBA,RG,3880,1,D,DH,DR,D
15:06:36,PTBA,RG,3880,106,D,NI,DR,D
15:06:36,PTBA,RG,3880,100,D,SH,DR,D
15:06:36,PTBA,RG,3880,14,D,XC,DR,D
15:06:36,PTBA,RG,3880,100,D,SH,DR,D
15:06:36,PTBA,RG,3880,30,D,PD,DR,D
15:06:36,PTBA,RG,3880,37,D,CC,DR,D
15:06:30,PTBA,RG,3880,5,D,CC,PD,D
15:06:29,PTBA,RG,3880,4,D,CC,PD,D
15:06:27,PTBA,RG,3880,8,D,CC,EP,D
15:06:27,PTBA,RG,3880,10,D,CC,ZP,D
15:06:17,PTBA,RG,3880,5,D,CC,XC,D
15:06:15,PTBA,RG,3880,25,D,CC,KK,D
15:05:59,PTBA,RG,3880,20,D,CC,PD,D
15:05:57,PTBA,RG,3880,10,D,CC,AI,D
15:05:54,PTBA,RG,3880,1,D,CC,PD,D
15:05:52,PTBA,RG,3880,25,D,CC,KK,D
15:05:37,PTBA,RG,3880,8,D,CC,YP,D
15:05:34,PTBA,RG,3880,2,D,CC,PD,D
15:05:33,PTBA,RG,3880,25,D,CC,KK,D
15:05:29,PTBA,RG,3880,1,D,CC,PD,D
15:05:21,PTBA,RG,3880,2,D,CC,PD,D
15:05:12,PTBA,RG,3880,120,D,CC,YP,D
15:05:11,PTBA,RG,3880,25,D,CC,KK,D
15:05:10,PTBA,RG,3880,1,D,CC,PD,D
15:05:08,PTBA,RG,3880,100,D,CC,GR,D
15:05:03,PTBA,RG,3880,10,D,CC,DX,D
15:04:56,PTBA,RG,3880,25,D,CC,KK,D
15:04:54,PTBA,RG,3880,20,D,CC,YP,D
15:04:40,PTBA,RG,3880,15,D,CC,KK,D
15:04:35,PTBA,RG,3880,2,D,CC,YP,D
15:04:33,PTBA,RG,3880,3,D,CC,PD,D
15:04:30,PTBA,RG,3880,5,D,CC,YP,D
15:04:13,PTBA,RG,3880,5,D,CC,PD,D
15:04:13,PTBA,RG,3880,30,D,CC,KK,D
15:04:13,PTBA,RG,3880,1,D,CC,YU,D
15:04:13,PTBA,RG,3880,100,D,CC,PD,D
15:04:13,PTBA,RG,3880,70,D,CC,KK,D
15:04:13,PTBA,RG,3880,29,D,CC,XC,D
15:04:13,PTBA,RG,3880,1,D,CC,YU,D
15:04:13,PTBA,RG,3880,23,D,CC,YP,D
15:04:11,PTBA,RG,3880,177,D,OD,YP,D
15:04:11,PTBA,RG,3880,7,D,OD,OD,D
15:04:11,PTBA,RG,3880,19,D,OD,XA,D
15:04:11,PTBA,RG,3880,4,D,OD,PD,D
15:04:06,PTBA,RG,3880,1,D,PD,PD,D
15:04:06,PTBA,RG,3880,3,D,PD,PD,D
15:04:06,PTBA,RG,3880,10,D,YP,PD,D
15:04:04,PTBA,RG,3880,154,D,PD,PD,D
15:04:04,PTBA,RG,3880,1,D,PD,PD,D
15:04:04,PTBA,RG,3880,1,D,PD,NI,D
15:04:04,PTBA,RG,3880,3,D,PD,CC,D
15:04:04,PTBA,RG,3880,341,D,PD,DH,D
15:04:02,PTBA,RG,3880,5,D,YP,DH,D
15:04:00,PTBA,RG,3880,15,D,CC,DH,D
15:03:58,PTBA,RG,3880,30,D,YP,DH,D
15:03:55,PTBA,RG,3880,100,D,YP,DH,D
15:03:53,PTBA,RG,3880,1,D,XC,DH,D
15:03:46,PTBA,RG,3880,35,D,PD,DH,D
15:03:45,PTBA,RG,3880,8,D,YP,DH,D
15:03:44,PTBA,RG,3880,3,D,YP,DH,D
15:03:44,PTBA,RG,3880,18,D,EP,DH,D
15:03:42,PTBA,RG,3880,2000,D,MG,DH,D
15:03:21,PTBA,RG,3880,10,D,PD,DH,D
15:03:17,PTBA,RG,3880,434,D,CC,DH,D
15:03:17,PTBA,RG,3880,1,D,CC,PD,D
15:03:17,PTBA,RG,3880,23,D,CC,DH,D
15:03:17,PTBA,RG,3880,10,D,CC,DX,D
15:03:17,PTBA,RG,3880,1,D,CC,YB,D
15:03:17,PTBA,RG,3880,25,D,CC,YP,D
15:03:17,PTBA,RG,3880,22,D,CC,PD,D
15:03:17,PTBA,RG,3880,5,D,CC,DR,D
15:03:17,PTBA,RG,3880,1,D,CC,XC,D
15:03:17,PTBA,RG,3880,79,D,CC,PD,D
15:03:17,PTBA,RG,3880,2,D,CC,KK,D
15:03:17,PTBA,RG,3880,25,D,CC,KK,D
15:03:17,PTBA,RG,3880,272,D,CC,EP,D
15:03:17,PTBA,RG,3880,13,D,CC,KK,D
15:03:17,PTBA,RG,3880,5,D,CC,CC,D
15:03:17,PTBA,RG,3880,82,D,CC,DR,D
15:03:15,PTBA,RG,3880,10,D,CC,DR,D
15:03:07,PTBA,RG,3880,31,D,CC,DR,D
15:02:59,PTBA,RG,3880,100,D,FZ,DR,D
15:02:57,PTBA,RG,3880,36,D,YP,DR,D
15:02:57,PTBA,RG,3880,964,D,YP,YU,D
15:02:57,PTBA,RG,3880,2,D,LG,YU,D
15:02:55,PTBA,RG,3880,4,D,XC,YU,D
15:02:50,PTBA,RG,3880,2,D,YP,YU,D
15:02:46,PTBA,RG,3880,1000,D,KK,YU,D
15:02:45,PTBA,RG,3880,10,D,CC,YU,D
15:02:42,PTBA,RG,3880,23,D,PD,YU,D
15:02:40,PTBA,RG,3880,20,D,NI,YU,D
15:02:38,PTBA,RG,3880,300,D,YP,YU,D
15:02:35,PTBA,RG,3880,10,D,CP,YU,D
15:02:32,PTBA,RG,3880,1500,D,YP,YU,D
15:02:20,PTBA,RG,3880,10,D,PD,YU,D
15:02:07,PTBA,RG,3880,2,D,PD,YU,D
15:01:59,PTBA,RG,3880,7,D,YP,YU,D
15:01:57,PTBA,RG,3880,2,D,AZ,YU,D
15:01:56,PTBA,RG,3880,20,D,YP,YU,D
15:01:54,PTBA,RG,3880,2,D,KK,YU,D
15:01:52,PTBA,RG,3880,2,D,XC,YU,D
15:01:49,PTBA,RG,3880,300,D,FZ,YU,D
15:01:42,PTBA,RG,3880,30,D,YP,YU,D
15:01:39,PTBA,RG,3880,13,D,NI,YU,D
15:01:39,PTBA,RG,3880,3,D,CP,YU,D
15:01:38,PTBA,RG,3880,516,D,GR,YU,D
15:01:37,PTBA,RG,3880,258,D,XA,YU,D
15:01:37,PTBA,RG,3880,3,D,XA,NI,D
15:01:37,PTBA,RG,3880,5000,D,XA,OD,F
15:01:37,PTBA,RG,3880,1,D,XA,CC,D
15:01:37,PTBA,RG,3880,50,D,XA,NI,D
15:01:37,PTBA,RG,3880,79,D,XA,GR,D
15:01:35,PTBA,RG,3880,100,D,KI,GR,D
15:01:31,PTBA,RG,3880,20,D,YP,GR,D
15:01:30,PTBA,RG,3880,1,D,YP,GR,D
15:01:30,PTBA,RG,3880,4,D,YP,YP,D
15:01:22,PTBA,RG,3880,1,D,XC,YP,D
15:01:18,PTBA,RG,3880,33,D,EP,PD,D
15:01:16,PTBA,RG,3880,4,D,XC,PD,D
15:01:12,PTBA,RG,3880,13,D,FS,PD,D
15:01:12,PTBA,RG,3880,2,D,FS,YP,D
15:01:12,PTBA,RG,3880,1,D,FS,NI,D
15:01:12,PTBA,RG,3880,10,D,FS,KK,D
15:01:12,PTBA,RG,3880,400,D,FS,YP,D
15:01:12,PTBA,RG,3880,2000,D,FS,CP,D
15:01:12,PTBA,RG,3880,2,D,FS,NI,D
15:01:12,PTBA,RG,3880,5,D,FS,KK,D
15:01:12,PTBA,RG,3880,3,D,FS,NI,D
15:01:12,PTBA,RG,3880,1,D,FS,XC,D
15:01:12,PTBA,RG,3880,100,D,FS,YP,D
15:01:12,PTBA,RG,3880,1,D,FS,XL,D
15:01:12,PTBA,RG,3880,10,D,FS,CC,D
15:01:12,PTBA,RG,3880,1,D,FS,PD,D
15:01:12,PTBA,RG,3880,50,D,FS,YP,D
15:01:12,PTBA,RG,3880,100,D,FS,YP,D
15:01:12,PTBA,RG,3880,500,D,FS,CP,D
15:01:12,PTBA,RG,3880,10,D,FS,CC,D
15:01:12,PTBA,RG,3880,120,D,FS,YP,D
15:01:12,PTBA,RG,3880,1000,D,FS,DR,D
15:01:12,PTBA,RG,3880,100,D,FS,YP,D
15:01:12,PTBA,RG,3880,1,D,FS,CC,D
15:01:12,PTBA,RG,3880,5,D,FS,DX,D
15:01:12,PTBA,RG,3880,20,D,FS,CC,D
15:01:12,PTBA,RG,3880,2,D,FS,DR,D
15:01:12,PTBA,RG,3880,5,D,FS,XC,D
15:01:12,PTBA,RG,3880,75,D,FS,CC,D
15:01:12,PTBA,RG,3880,5,D,FS,YP,D
15:01:12,PTBA,RG,3880,2,D,FS,YP,D
15:01:12,PTBA,RG,3880,2,D,FS,NI,D
15:01:12,PTBA,RG,3880,5,D,FS,KK,D
15:01:12,PTBA,RG,3880,5,D,FS,DX,D
15:01:12,PTBA,RG,3880,3,D,FS,DR,D
15:01:12,PTBA,RG,3880,5,D,FS,CC,D
15:01:12,PTBA,RG,3880,10,D,FS,AI,D
15:01:12,PTBA,RG,3880,426,D,FS,YP,D
15:01:06,PTBA,RG,3880,1,D,XC,YP,D
15:01:04,PTBA,RG,3880,50,D,EP,YP,D
15:01:00,PTBA,RG,3880,23,D,AG,YP,D
15:01:00,PTBA,RG,3880,1,D,AG,HP,D
15:01:00,PTBA,RG,3880,6,D,AG,LG,D
15:01:00,PTBA,RG,3880,2,D,XC,LG,D
15:01:00,PTBA,RG,3880,16,D,KK,LG,D
15:01:00,PTBA,RG,3880,25,D,KK,PD,D
15:01:00,PTBA,RG,3880,4,D,KK,NI,D
15:01:00,PTBA,RG,3880,1,D,KK,NI,D
15:01:00,PTBA,RG,3880,53,D,KK,PD,D
15:01:00,PTBA,RG,3880,1,D,KK,PD,D
15:00:00,PTBA,RG,3880,4,D,PD,BQ,D
15:00:00,PTBA,RG,3880,10,D,OD,BQ,D
15:00:00,PTBA,RG,3880,1,D,OD,PD,D
15:00:00,PTBA,RG,3880,10,D,OD,XC,D
15:00:00,PTBA,RG,3880,1,D,OD,PD,D
15:00:00,PTBA,RG,3880,1,D,OD,YP,D
15:00:00,PTBA,RG,3880,1,D,OD,SQ,D
15:00:00,PTBA,RG,3880,1,D,OD,DR,D
15:00:00,PTBA,RG,3880,3,D,OD,NI,D
15:00:00,PTBA,RG,3880,1,D,OD,PD,D
15:00:00,PTBA,RG,3880,1,D,OD,KK,D
15:00:00,PTBA,RG,3880,5,D,OD,PD,D
15:00:00,PTBA,RG,3880,10,D,OD,YP,D
15:00:00,PTBA,RG,3880,1,D,OD,AT,D
15:00:00,PTBA,RG,3880,3,D,OD,CC,D
15:00:00,PTBA,RG,3880,25,D,OD,IU,D
15:00:00,PTBA,RG,3880,26,D,OD,YP,D
15:00:00,PTBA,RG,3880,224,D,MG,YP,D
15:00:00,PTBA,RG,3880,8,D,MG,CC,D
15:00:00,PTBA,RG,3880,500,D,MG,YP,D
15:00:00,PTBA,RG,3880,1,D,MG,KK,D
15:00:00,PTBA,RG,3880,10,D,MG,PD,D
15:00:00,PTBA,RG,3880,5,D,MG,XC,D
15:00:00,PTBA,RG,3880,1,D,MG,AT,D
15:00:00,PTBA,RG,3880,20,D,MG,CC,D
15:00:00,PTBA,RG,3880,1,D,MG,DH,D
15:00:00,PTBA,RG,3880,414,D,MG,CP,D
15:00:00,PTBA,RG,3880,10,D,MG,YP,D
15:00:00,PTBA,RG,3880,1,D,MG,DR,D
15:00:00,PTBA,RG,3880,1,D,MG,SQ,D
15:00:00,PTBA,RG,3880,150,D,MG,NI,D
15:00:00,PTBA,RG,3880,11,D,MG,YP,D
15:00:00,PTBA,RG,3880,60,D,MG,YP,D
15:00:00,PTBA,RG,3880,1,D,MG,XC,D
15:00:00,PTBA,RG,3880,10,D,MG,KK,D
15:00:00,PTBA,RG,3880,13,D,MG,NI,D
15:00:00,PTBA,RG,3880,60,D,MG,KK,D
15:00:00,PTBA,RG,3880,30,D,MG,IP,D
15:00:00,PTBA,RG,3880,300,D,MG,PD,D
15:00:00,PTBA,RG,3880,60,D,MG,GR,D
15:00:00,PTBA,RG,3880,1,D,MG,YP,D
15:00:00,PTBA,RG,3880,17,D,MG,EP,D
15:00:00,PTBA,RG,3880,91,D,MG,YP,D
15:00:00,PTBA,RG,3880,9,D,DR,YP,D
15:00:00,PTBA,RG,3880,1,D,DR,XL,D
15:00:00,PTBA,RG,3880,7,D,EP,XL,D
15:00:00,PTBA,RG,3880,5,D,EP,PD,D
15:00:00,PTBA,RG,3880,1,D,EP,CC,D
15:00:00,PTBA,RG,3880,1,D,EP,XC,D
15:00:00,PTBA,RG,3880,2,D,EP,GR,D
15:00:00,PTBA,RG,3880,50,D,EP,HD,D
15:00:00,PTBA,RG,3880,2,D,EP,XC,D
15:00:00,PTBA,RG,3880,3,D,EP,XC,D
15:00:00,PTBA,RG,3880,20,D,EP,GR,D
15:00:00,PTBA,RG,3880,1,D,EP,PD,D
15:00:00,PTBA,RG,3880,1,D,EP,SQ,D
15:00:00,PTBA,RG,3880,11,D,EP,XC,D
15:00:00,PTBA,RG,3880,5,D,EP,CC,D
15:00:00,PTBA,RG,3880,7,D,EP,PD,D
15:00:00,PTBA,RG,3880,328,D,XL,PD,D
15:00:00,PTBA,RG,3880,50,D,XL,YU,D
15:00:00,PTBA,RG,3880,1,D,XL,DR,D
15:00:00,PTBA,RG,3880,1,D,XL,XC,D
15:00:00,PTBA,RG,3880,20,D,XL,GR,D
15:00:00,PTBA,RG,3880,10,D,XL,NI,D
15:00:00,PTBA,RG,3880,15,D,XL,PD,D
15:00:00,PTBA,RG,3880,7,D,XL,XL,D
15:00:00,PTBA,RG,3880,5,D,XL,NI,D
15:00:00,PTBA,RG,3880,1,D,XL,CP,D
15:00:00,PTBA,RG,3880,3,D,XL,XL,D
15:00:00,PTBA,RG,3880,2,D,XL,AT,D
15:00:00,PTBA,RG,3880,7,D,XL,YP,D
15:00:00,PTBA,RG,3880,30,D,XL,YP,D
15:00:00,PTBA,RG,3880,10,D,XL,KK,D
15:00:00,PTBA,RG,3880,10,D,XL,LS,D
15:00:00,PTBA,RG,3880,1,D,XL,YP,D
15:00:00,PTBA,RG,3880,18,D,XL,XC,D
15:00:00,PTBA,RG,3880,29,D,PD,XC,D
15:00:00,PTBA,RG,3880,12,D,PD,YP,D
15:00:00,PTBA,RG,3880,49,D,PD,CP,D
15:00:00,PTBA,RG,3880,76,D,YP,CP,D
15:00:00,PTBA,RG,3880,10,D,YP,AI,D
15:00:00,PTBA,RG,3880,28,D,YP,CC,D
15:00:00,PTBA,RG,3880,65,D,YP,YP,D
15:00:00,PTBA,RG,3880,131,D,YP,DH,D
15:00:00,PTBA,RG,3880,690,D,YP,AO,D
15:00:00,PTBA,RG,3880,19,D,PD,AO,D
15:00:00,PTBA,RG,3880,10,D,YP,AO,D
15:00:00,PTBA,RG,3880,8,D,IF,AO,D
15:00:00,PTBA,RG,3880,10,D,CD,AO,D
15:00:00,PTBA,RG,3880,30,D,YP,AO,D
15:00:00,PTBA,RG,3880,1,D,NI,AO,D
15:00:00,PTBA,RG,3880,10,F,ZP,AO,D
15:00:00,PTBA,RG,3880,827,F,ZP,AO,D
15:00:00,PTBA,RG,3880,299,F,ZP,AO,D
15:00:00,PTBA,RG,3880,912,D,CC,AO,D
15:00:00,PTBA,RG,3880,12,D,RX,AO,D
15:00:00,PTBA,RG,3880,172,D,CC,AO,D
15:00:00,PTBA,RG,3880,8,D,CC,SQ,D
15:00:00,PTBA,RG,3880,35,D,CC,YP,D
15:00:00,PTBA,RG,3880,20,D,CC,YP,D
15:00:00,PTBA,RG,3880,45,D,CC,YP,D
15:00:00,PTBA,RG,3880,60,D,CC,CC,D
15:00:00,PTBA,RG,3880,2,D,CC,DX,D
15:00:00,PTBA,RG,3880,50,D,CC,YB,D
15:00:00,PTBA,RG,3880,1,D,CC,IF,D
15:00:00,PTBA,RG,3880,207,D,CC,DR,D
15:00:00,PTBA,RG,3880,4,D,CC,CC,D
15:00:00,PTBA,RG,3880,150,D,CC,OD,D
15:00:00,PTBA,RG,3880,50,D,CC,GR,D
15:00:00,PTBA,RG,3880,5,D,CC,YP,D
15:00:00,PTBA,RG,3880,2,D,CC,HP,D
15:00:00,PTBA,RG,3880,10,D,CC,YJ,D
15:00:00,PTBA,RG,3880,35,D,CC,GR,D
15:00:00,PTBA,RG,3880,5,D,CC,HP,D
15:00:00,PTBA,RG,3880,5,D,CC,HP,D
15:00:00,PTBA,RG,3880,10,D,CC,OD,D
15:00:00,PTBA,RG,3880,2,D,CC,OD,D
15:00:00,PTBA,RG,3880,1,D,CC,YP,D
15:00:00,PTBA,RG,3880,53,D,CC,YP,D
15:00:00,PTBA,RG,3880,1,D,CC,PD,D
15:00:00,PTBA,RG,3880,468,D,CC,AK,F
15:00:00,PTBA,RG,3880,141,D,CC,AK,F
15:00:00,PTBA,RG,3880,34,D,CC,AK,F
15:00:00,PTBA,RG,3880,424,D,CC,AK,F
15:00:00,PTBA,RG,3880,46,D,CC,AK,F
15:00:00,PTBA,RG,3880,677,D,CC,AK,F
15:00:00,PTBA,RG,3880,177,D,CC,AK,F
15:00:00,PTBA,RG,3880,57,D,PD,AK,F
15:00:00,PTBA,RG,3880,23,D,PD,KZ,D
15:00:00,PTBA,RG,3880,401,D,PD,CS,F
15:00:00,PTBA,RG,3880,37,D,PD,YU,D
14:49:58,PTBA,RG,3860,2,D,GR,YB,D
14:49:57,PTBA,RG,3870,51,F,ZP,XA,D
14:49:54,PTBA,RG,3860,10,D,GR,DR,D
14:49:53,PTBA,RG,3860,25,D,GR,CC,D
14:49:53,PTBA,RG,3870,340,D,CC,XA,D
14:49:53,PTBA,RG,3870,120,D,CC,CC,D
14:49:53,PTBA,RG,3870,3,D,CC,XC,D
14:49:53,PTBA,RG,3870,2,D,CC,KK,D
14:49:53,PTBA,RG,3870,1,D,CC,XC,D
14:49:53,PTBA,RG,3870,2,D,CC,YP,D
14:49:53,PTBA,RG,3870,2,D,CC,YP,D
14:49:53,PTBA,RG,3870,2,D,CC,YP,D
14:49:53,PTBA,RG,3870,5,D,CC,KK,D
14:49:53,PTBA,RG,3870,1,D,CC,YP,D
14:49:53,PTBA,RG,3870,10,D,CC,GR,D
14:49:53,PTBA,RG,3870,5,D,CC,CC,D
14:49:53,PTBA,RG,3870,5,D,CC,DR,D
14:49:53,PTBA,RG,3870,2,D,CC,GR,D
14:49:53,PTBA,RG,3870,198,D,CC,GR,D
14:49:53,PTBA,RG,3870,15,D,CC,XC,D
14:49:53,PTBA,RG,3870,5,D,CC,KK,D
14:49:53,PTBA,RG,3870,7,D,CC,LG,D
14:49:53,PTBA,RG,3870,3,D,CC,KK,D
14:49:53,PTBA,RG,3870,20,D,CC,CC,D
14:49:53,PTBA,RG,3870,70,D,CC,KK,D
14:49:53,PTBA,RG,3870,1,D,CC,PD,D
14:49:53,PTBA,RG,3870,4,D,CC,HP,D
14:49:53,PTBA,RG,3870,218,D,CC,GR,D
14:49:53,PTBA,RG,3870,500,D,CC,YP,D
14:49:53,PTBA,RG,3870,209,D,CC,IN,D
14:49:52,PTBA,RG,3870,291,D,CC,IN,D
14:49:52,PTBA,RG,3870,37,D,CC,AO,D
14:49:52,PTBA,RG,3870,1,D,PD,AO,D
14:49:49,PTBA,RG,3860,2,D,GR,PD,D
14:49:47,PTBA,RG,3860,25,D,GR,DR,D
14:49:44,PTBA,RG,3860,100,D,GR,HP,D
14:49:39,PTBA,RG,3860,5,D,GR,PD,D
14:49:39,PTBA,RG,3860,5,D,GR,CS,F
14:49:38,PTBA,RG,3860,25,D,GR,YB,D
14:49:37,PTBA,RG,3860,70,D,GR,PD,D
14:49:36,PTBA,RG,3870,13,D,PD,AO,D
14:49:35,PTBA,RG,3860,4,D,GR,CS,F
14:49:34,PTBA,RG,3860,267,D,GR,KK,D
14:49:34,PTBA,RG,3860,33,D,YP,KK,D
14:49:32,PTBA,RG,3860,8,D,YP,CS,F
14:49:32,PTBA,RG,3860,59,D,YP,GR,D
14:49:32,PTBA,RG,3860,250,D,CC,GR,D
14:49:32,PTBA,RG,3860,5,D,LS,GR,D
14:49:32,PTBA,RG,3860,9,D,XC,GR,D
14:49:32,PTBA,RG,3860,1,D,KK,GR,D
14:49:32,PTBA,RG,3860,130,D,PD,GR,D
14:49:32,PTBA,RG,3860,5,D,EP,GR,D
14:49:32,PTBA,RG,3860,41,D,NI,GR,D
14:49:29,PTBA,RG,3870,1,D,LG,AO,D
14:49:29,PTBA,RG,3860,100,D,NI,XL,D
14:49:28,PTBA,RG,3860,10,D,NI,YB,D
14:49:28,PTBA,RG,3870,1,D,CC,AO,D
14:49:26,PTBA,RG,3860,16,D,NI,CS,F
14:49:24,PTBA,RG,3860,9,D,NI,NI,D
14:49:23,PTBA,RG,3870,76,D,XC,AO,D
14:49:22,PTBA,RG,3870,5,D,XC,AO,D
14:49:18,PTBA,RG,3860,1,D,NI,BB,D
14:49:17,PTBA,RG,3870,600,D,KK,AO,D
14:49:16,PTBA,RG,3870,63,F,ZP,AO,D
14:49:15,PTBA,RG,3860,23,D,NI,CD,D
14:49:15,PTBA,RG,3860,10,D,PD,CD,D
14:49:15,PTBA,RG,3860,2,D,YP,CD,D
14:49:15,PTBA,RG,3860,10,D,YP,BB,D
14:49:14,PTBA,RG,3860,1,D,YP,BB,D
14:49:14,PTBA,RG,3860,24,D,YP,BB,D
14:49:13,PTBA,RG,3860,1,D,YP,BB,D
14:49:12,PTBA,RG,3860,3,D,YP,BB,D
14:49:12,PTBA,RG,3860,1,D,YP,YP,D
14:49:12,PTBA,RG,3870,24,F,ZP,AO,D
14:49:11,PTBA,RG,3860,1,D,YP,BB,D
14:49:11,PTBA,RG,3860,40,D,YP,BB,D
14:49:11,PTBA,RG,3860,17,D,YP,BB,D
14:49:11,PTBA,RG,3860,2,D,GR,BB,D
14:49:09,PTBA,RG,3860,3,D,GR,BB,D
14:49:09,PTBA,RG,3860,1,D,XL,BB,D
14:49:09,PTBA,RG,3860,2,D,HP,BB,D
14:49:09,PTBA,RG,3860,10,D,YP,BB,D
14:49:09,PTBA,RG,3860,10,D,PD,BB,D
14:49:09,PTBA,RG,3860,1,D,XL,BB,D
14:49:09,PTBA,RG,3860,10,D,PD,BB,D
14:49:09,PTBA,RG,3860,3,D,PD,BB,D
14:49:09,PTBA,RG,3860,42,F,ZP,BB,D
14:49:08,PTBA,RG,3860,1,F,ZP,BB,D
14:49:08,PTBA,RG,3860,2,F,ZP,BB,D
14:49:08,PTBA,RG,3860,12,D,KK,BB,D
14:49:07,PTBA,RG,3860,1,D,XC,BB,D
14:49:07,PTBA,RG,3860,5,D,XC,YP,D
14:49:06,PTBA,RG,3860,1,D,XC,BB,D
14:49:06,PTBA,RG,3860,3,D,YP,BB,D
14:49:06,PTBA,RG,3860,5,D,CC,BB,D
14:49:06,PTBA,RG,3860,47,D,CC,BB,D
14:49:06,PTBA,RG,3860,7,D,CC,BB,D
14:49:05,PTBA,RG,3860,35,D,CC,BB,D
14:49:05,PTBA,RG,3860,25,D,CC,BB,D
14:49:03,PTBA,RG,3860,1,D,CC,BB,D
14:49:03,PTBA,RG,3860,10,D,CC,AK,F
14:49:03,PTBA,RG,3860,10,D,CC,AK,F
14:49:03,PTBA,RG,3860,46,D,KK,AK,F
14:49:01,PTBA,RG,3870,8,F,ZP,AO,D
14:49:00,PTBA,RG,3860,1,D,KK,AK,F
14:49:00,PTBA,RG,3860,1,D,KK,AK,F
14:49:00,PTBA,RG,3860,1,D,KK,AK,F
14:49:00,PTBA,RG,3860,1,D,KK,AK,F
14:48:59,PTBA,RG,3860,33,D,KK,AK,F
14:48:59,PTBA,RG,3860,22,D,KK,AK,F
14:48:59,PTBA,RG,3860,13,D,KK,AK,F
14:48:59,PTBA,RG,3860,8,D,KK,AK,F
14:48:59,PTBA,RG,3860,6,D,KK,AK,F
14:48:59,PTBA,RG,3860,4,D,KK,AK,F
14:48:59,PTBA,RG,3860,2,D,KK,AK,F
14:48:59,PTBA,RG,3860,2,D,KK,AK,F
14:48:59,PTBA,RG,3860,2,D,KK,AK,F
14:48:58,PTBA,RG,3860,9,D,KK,BB,D
14:48:57,PTBA,RG,3860,1,D,KK,AT,D
14:48:55,PTBA,RG,3870,12,F,ZP,AO,D
14:48:54,PTBA,RG,3860,2,D,KK,BB,D
14:48:51,PTBA,RG,3860,50,D,KK,DH,D
14:48:51,PTBA,RG,3860,6,D,KK,BB,D
14:48:51,PTBA,RG,3860,10,D,KK,BB,D
14:48:50,PTBA,RG,3870,127,D,NI,AO,D
14:48:48,PTBA,RG,3870,30,D,NI,AO,D
14:48:48,PTBA,RG,3870,10,D,PD,AO,D
14:48:45,PTBA,RG,3860,20,D,KK,XL,D
14:48:45,PTBA,RG,3870,8,F,ZP,AO,D
14:48:41,PTBA,RG,3860,4,D,KK,BB,D
14:48:41,PTBA,RG,3860,9,D,KK,BB,D
14:48:41,PTBA,RG,3860,2,D,KK,BB,D
14:48:41,PTBA,RG,3870,9,F,ZP,AO,D
14:48:40,PTBA,RG,3860,1,D,KK,BB,D
14:48:40,PTBA,RG,3860,20,D,KK,CC,D
14:48:36,PTBA,RG,3860,3,D,KK,AT,D
14:48:34,PTBA,RG,3860,21,D,KK,AK,F
14:48:34,PTBA,RG,3860,23,D,DR,AK,F
14:48:32,PTBA,RG,3870,13,F,ZP,AO,D
14:48:32,PTBA,RG,3860,16,D,DR,BB,D
14:48:31,PTBA,RG,3860,3,D,DR,BB,D
14:48:28,PTBA,RG,3860,1,D,DR,BB,D
14:48:28,PTBA,RG,3860,1,D,DR,XC,D
14:48:25,PTBA,RG,3860,5,D,DR,PD,D
14:48:22,PTBA,RG,3860,1,D,DR,YB,D
14:48:22,PTBA,RG,3870,8,F,ZP,AO,D
14:48:21,PTBA,RG,3860,1,D,DR,KK,D
14:48:20,PTBA,RG,3870,2,D,XC,AO,D
14:48:19,PTBA,RG,3860,20,D,DR,CC,D
14:48:18,PTBA,RG,3860,15,D,DR,BB,D
14:48:17,PTBA,RG,3870,14,F,ZP,AO,D
14:48:17,PTBA,RG,3860,2,D,DR,BB,D
14:48:13,PTBA,RG,3860,12,D,DR,NI,D
14:48:13,PTBA,RG,3860,1,D,CC,NI,D
14:48:13,PTBA,RG,3860,6,D,YJ,NI,D
14:48:12,PTBA,RG,3860,1,D,YJ,XC,D
14:48:09,PTBA,RG,3860,1,D,YJ,KK,D
14:48:06,PTBA,RG,3860,2,D,YJ,XL,D
14:48:06,PTBA,RG,3860,3,D,XC,XL,D
14:48:05,PTBA,RG,3860,1,D,XC,BB,D
14:48:04,PTBA,RG,3870,36,F,ZP,AO,D
14:48:03,PTBA,RG,3860,38,D,XC,BB,D
14:48:03,PTBA,RG,3860,5,D,YP,BB,D
14:47:57,PTBA,RG,3870,2,D,DR,AO,D
14:47:51,PTBA,RG,3870,1,D,ZP,AO,D
14:47:44,PTBA,RG,3870,2,D,NI,AO,D
14:47:44,PTBA,RG,3870,1,D,PD,AO,D
14:47:43,PTBA,RG,3860,95,D,YP,MG,D
14:47:43,PTBA,RG,3860,1,D,NI,MG,D
14:47:43,PTBA,RG,3860,1,D,PD,MG,D
14:47:43,PTBA,RG,3860,2,D,XC,MG,D
14:47:43,PTBA,RG,3860,10,D,HP,MG,D
14:47:43,PTBA,RG,3860,10,D,EP,MG,D
14:47:43,PTBA,RG,3860,481,F,ZP,MG,D
14:47:42,PTBA,RG,3860,68,F,ZP,AK,F
14:47:41,PTBA,RG,3870,1,D,ZP,AO,D
14:47:36,PTBA,RG,3860,2,F,ZP,KK,D
14:47:35,PTBA,RG,3870,68,F,ZP,AO,D
14:47:35,PTBA,RG,3870,190,D,GR,AO,D
14:47:33,PTBA,RG,3870,1,D,PD,AO,D
14:47:33,PTBA,RG,3870,36,F,ZP,AO,D
14:47:31,PTBA,RG,3870,3,D,PD,AO,D
14:47:29,PTBA,RG,3870,3,D,KK,AO,D
14:47:26,PTBA,RG,3870,2,D,XC,AO,D
14:47:25,PTBA,RG,3870,17,D,PD,AO,D
14:47:22,PTBA,RG,3870,575,D,CC,AO,D
14:47:22,PTBA,RG,3870,37,D,CC,BB,D
14:47:22,PTBA,RG,3870,31,D,CC,AK,F
14:47:22,PTBA,RG,3870,1,D,CC,BB,D
14:47:22,PTBA,RG,3870,165,D,CC,AK,F
14:47:22,PTBA,RG,3870,5,D,CC,PD,D
14:47:22,PTBA,RG,3870,3,D,CC,PD,D
14:47:22,PTBA,RG,3870,5,D,CC,KK,D
14:47:22,PTBA,RG,3870,3,D,CC,CC,F
14:47:22,PTBA,RG,3870,15,D,CC,DR,D
14:47:22,PTBA,RG,3870,160,D,CC,BB,D
14:47:21,PTBA,RG,3860,63,F,ZP,BB,D
14:47:21,PTBA,RG,3860,1,D,SQ,BB,D
14:47:21,PTBA,RG,3860,50,D,YP,BB,D
14:47:21,PTBA,RG,3860,4,D,PD,BB,D
14:47:21,PTBA,RG,3860,5,D,YP,BB,D
14:47:21,PTBA,RG,3860,9,D,CP,BB,D
14:47:08,PTBA,RG,3870,5,D,NI,BB,D
14:47:08,PTBA,RG,3870,16,F,ZP,BB,D
14:47:08,PTBA,RG,3870,17,F,ZP,BB,D
14:47:08,PTBA,RG,3870,107,F,ZP,BB,D
14:47:06,PTBA,RG,3860,450,D,CP,CC,D
14:47:02,PTBA,RG,3860,20,D,CP,DR,D
14:46:59,PTBA,RG,3870,4,D,XC,BB,D
14:46:55,PTBA,RG,3870,1,D,XC,BB,D
14:46:53,PTBA,RG,3870,5,D,CC,BB,D
14:46:48,PTBA,RG,3870,24,D,KK,BB,D
14:46:48,PTBA,RG,3870,5,D,KK,BB,D
14:46:48,PTBA,RG,3870,112,D,KK,BB,D
14:46:47,PTBA,RG,3870,2,D,XL,BB,D
14:46:47,PTBA,RG,3870,68,D,XL,AK,F
14:46:45,PTBA,RG,3870,6,D,PD,AK,F
14:46:44,PTBA,RG,3870,17,D,OD,AK,F
14:46:43,PTBA,RG,3870,35,D,AZ,AK,F
14:46:42,PTBA,RG,3870,61,F,ZP,AK,F
14:46:42,PTBA,RG,3870,71,D,YP,AK,F
14:46:42,PTBA,RG,3870,29,D,YP,AK,F
14:46:42,PTBA,RG,3870,5,D,CC,AK,F
14:46:40,PTBA,RG,3870,5,D,YP,AK,F
14:46:40,PTBA,RG,3870,100,D,YP,AK,F
14:46:39,PTBA,RG,3870,96,F,ZP,AK,F
14:46:32,PTBA,RG,3870,7,D,YP,AK,F
14:46:32,PTBA,RG,3870,18,D,YP,AK,F
14:46:32,PTBA,RG,3870,17,D,ZP,AK,F
14:46:32,PTBA,RG,3870,5,D,ZP,AK,F
14:46:32,PTBA,RG,3870,5,D,ZP,AK,F
14:46:32,PTBA,RG,3870,5,D,ZP,AK,F
14:46:32,PTBA,RG,3870,4,D,ZP,AK,F
14:46:32,PTBA,RG,3870,4,D,ZP,AK,F
14:46:32,PTBA,RG,3870,5,D,ZP,AK,F
14:46:32,PTBA,RG,3870,4,D,ZP,AK,F
14:46:32,PTBA,RG,3870,5,D,ZP,AK,F
14:46:32,PTBA,RG,3870,5,D,ZP,AK,F
14:46:32,PTBA,RG,3870,4,D,ZP,AK,F
14:46:32,PTBA,RG,3870,5,D,ZP,AK,F
14:46:32,PTBA,RG,3870,5,D,ZP,AK,F
14:46:32,PTBA,RG,3870,4,D,ZP,AK,F
14:46:32,PTBA,RG,3870,5,D,ZP,AK,F
14:46:32,PTBA,RG,3870,5,D,ZP,AK,F
14:46:32,PTBA,RG,3870,4,D,ZP,AK,F
14:46:32,PTBA,RG,3870,5,D,ZP,AK,F
14:46:32,PTBA,RG,3870,5,D,ZP,AK,F
14:46:32,PTBA,RG,3870,4,D,ZP,AK,F
14:46:32,PTBA,RG,3870,4,D,ZP,AK,F
14:46:32,PTBA,RG,3870,4,D,ZP,AK,F
14:46:32,PTBA,RG,3870,5,D,ZP,AK,F
14:46:32,PTBA,RG,3870,4,D,ZP,AK,F
14:46:32,PTBA,RG,3870,4,D,ZP,AK,F
14:46:31,PTBA,RG,3870,3,D,PD,AK,F
14:46:29,PTBA,RG,3860,3,D,CP,BB,D
14:46:28,PTBA,RG,3870,5,D,YP,AK,F
14:46:25,PTBA,RG,3870,1262,D,CC,AK,F
14:46:25,PTBA,RG,3870,1,D,CC,CS,D
14:46:25,PTBA,RG,3870,5,D,CC,XL,D
14:46:25,PTBA,RG,3870,3,D,CC,KK,D
14:46:25,PTBA,RG,3870,3,D,CC,CS,D
14:46:25,PTBA,RG,3870,5,D,CC,NI,D
14:46:25,PTBA,RG,3870,4,D,CC,DR,D
14:46:25,PTBA,RG,3870,2,D,CC,AK,F
14:46:25,PTBA,RG,3870,2,D,CC,BB,D
14:46:25,PTBA,RG,3870,5,D,CC,KK,D
14:46:25,PTBA,RG,3870,108,D,CC,DR,D
14:46:21,PTBA,RG,3870,389,D,CC,DR,D
14:46:21,PTBA,RG,3870,429,D,CC,BB,D
14:46:21,PTBA,RG,3870,52,D,CC,AK,F
14:46:21,PTBA,RG,3870,2,D,CC,BB,D
14:46:21,PTBA,RG,3870,2,D,CC,XC,D
14:46:21,PTBA,RG,3870,46,D,CC,CS,F
14:46:21,PTBA,RG,3870,2,D,CC,AK,F
14:46:21,PTBA,RG,3870,14,D,CC,DR,D
14:46:21,PTBA,RG,3870,81,D,CC,CS,F
14:46:21,PTBA,RG,3870,10,D,CC,YP,D
14:46:21,PTBA,RG,3870,200,D,CC,XA,D
14:46:21,PTBA,RG,3870,81,D,CC,AK,F
14:46:21,PTBA,RG,3870,1,D,CC,PD,D
14:46:21,PTBA,RG,3870,2,D,CC,YP,D
14:46:21,PTBA,RG,3870,6,D,CC,CS,D
14:46:21,PTBA,RG,3870,1,D,CC,YP,D
14:46:21,PTBA,RG,3870,200,D,CC,OD,D
14:46:21,PTBA,RG,3870,3,D,CC,AK,F
14:46:21,PTBA,RG,3870,1,D,CC,PD,D
14:46:21,PTBA,RG,3870,5,D,CC,CS,D
14:46:21,PTBA,RG,3870,2,D,CC,XC,D
14:46:21,PTBA,RG,3870,20,D,CC,XC,D
14:46:21,PTBA,RG,3870,10,D,CC,BS,D
14:46:21,PTBA,RG,3870,2,D,CC,CC,D
14:46:21,PTBA,RG,3870,63,D,CC,CS,F
14:46:21,PTBA,RG,3870,11,D,CC,BB,D
14:46:21,PTBA,RG,3870,12,D,CC,CS,D
14:46:21,PTBA,RG,3870,1,D,CC,XC,D
14:46:21,PTBA,RG,3870,100,D,CC,YJ,D
14:46:21,PTBA,RG,3870,10,D,CC,CC,F
14:46:21,PTBA,RG,3870,11,D,CC,AK,F
14:46:21,PTBA,RG,3870,58,D,CC,AK,F
14:46:21,PTBA,RG,3870,124,D,CC,AK,F
14:46:21,PTBA,RG,3870,138,D,CC,AK,F
14:46:21,PTBA,RG,3870,25,D,CC,CC,D
14:46:21,PTBA,RG,3870,20,D,CC,PD,D
14:46:21,PTBA,RG,3870,50,D,CC,YP,D
14:46:21,PTBA,RG,3870,100,D,CC,YP,D
14:46:21,PTBA,RG,3870,100,D,CC,GR,D
14:46:21,PTBA,RG,3870,18,D,CC,BB,D
14:46:21,PTBA,RG,3870,98,D,CC,BB,D
14:46:18,PTBA,RG,3860,3,D,CP,BB,D
14:46:13,PTBA,RG,3860,16,D,CP,AK,F
14:46:12,PTBA,RG,3870,58,D,YP,BB,D
14:46:12,PTBA,RG,3870,193,D,YP,BB,D
14:46:12,PTBA,RG,3870,28,D,YP,BB,D
14:46:12,PTBA,RG,3860,5,D,CP,YU,D
14:46:12,PTBA,RG,3870,5,D,YP,CC,D
14:46:11,PTBA,RG,3860,7,D,CP,AK,F
14:46:09,PTBA,RG,3870,145,F,ZP,CC,D
14:46:08,PTBA,RG,3860,2,D,CP,AK,F
14:46:08,PTBA,RG,3860,107,D,CP,AK,F
14:46:07,PTBA,RG,3860,31,D,CP,AK,F
14:46:06,PTBA,RG,3860,7,D,CP,CS,D
14:46:06,PTBA,RG,3870,1184,D,CC,CC,D
14:46:06,PTBA,RG,3870,1,D,CC,PD,D
14:46:06,PTBA,RG,3870,500,D,CC,KK,D
14:46:06,PTBA,RG,3870,24,D,CC,PD,D
14:46:06,PTBA,RG,3870,1,D,CC,XC,D
14:46:06,PTBA,RG,3870,40,D,CC,NI,D
14:46:06,PTBA,RG,3870,300,D,CC,PD,D
14:46:06,PTBA,RG,3870,5,D,CC,KK,D
14:46:06,PTBA,RG,3870,5,D,CC,GR,D
14:46:06,PTBA,RG,3870,15,D,CC,CC,D
14:46:06,PTBA,RG,3870,1,D,CC,XC,D
14:46:06,PTBA,RG,3870,8,D,CC,KK,D
14:46:06,PTBA,RG,3870,1,D,CC,CC,D
14:46:06,PTBA,RG,3870,415,D,CC,CC,D
14:46:05,PTBA,RG,3860,41,D,CP,BB,D
14:46:02,PTBA,RG,3870,3,D,YP,CC,D
14:45:58,PTBA,RG,3860,100,D,CP,PD,D
14:45:57,PTBA,RG,3860,1,D,CP,XC,D
14:45:55,PTBA,RG,3870,2,D,YP,CC,D
14:45:54,PTBA,RG,3860,4,D,CP,AK,F
14:45:54,PTBA,RG,3860,7,D,CP,AK,F
14:45:53,PTBA,RG,3870,69,F,ZP,CC,D
14:45:53,PTBA,RG,3860,4,D,CP,AK,F
14:45:53,PTBA,RG,3860,147,D,CP,AK,F
14:45:52,PTBA,RG,3870,211,D,CC,CC,D
14:45:52,PTBA,RG,3870,2789,D,CC,DH,D
14:45:44,PTBA,RG,3860,31,D,CP,AK,F
14:45:43,PTBA,RG,3860,1,D,CP,BB,D
14:45:43,PTBA,RG,3870,211,D,CC,DH,D
14:45:43,PTBA,RG,3870,389,D,CC,BQ,D
14:45:41,PTBA,RG,3860,6,D,CP,AK,F
14:45:40,PTBA,RG,3860,1,D,CP,YP,D
14:45:40,PTBA,RG,3870,105,F,ZP,BQ,D
14:45:40,PTBA,RG,3860,37,D,CP,AK,F
14:45:39,PTBA,RG,3870,6,D,CC,BQ,D
14:45:39,PTBA,RG,3870,1,D,CC,PD,D
14:45:39,PTBA,RG,3870,3,D,CC,NI,D
14:45:39,PTBA,RG,3870,5,D,CC,KK,D
14:45:39,PTBA,RG,3870,1,D,CC,CC,D
14:45:39,PTBA,RG,3870,2,D,CC,DH,D
14:45:39,PTBA,RG,3870,10,D,CC,NI,D
14:45:39,PTBA,RG,3870,10,D,CC,CS,F
14:45:39,PTBA,RG,3870,24,D,CC,XL,D
14:45:39,PTBA,RG,3870,25,D,CC,CS,F
14:45:39,PTBA,RG,3870,6,D,CC,DH,D
14:45:39,PTBA,RG,3870,27,D,CC,CS,F
14:45:39,PTBA,RG,3870,10,D,CC,YP,D
14:45:39,PTBA,RG,3870,2,D,CC,BB,D
14:45:39,PTBA,RG,3870,25,D,CC,YP,D
14:45:39,PTBA,RG,3870,27,D,CC,XL,D
14:45:39,PTBA,RG,3870,30,D,CC,PD,D
14:45:39,PTBA,RG,3870,2,D,CC,NI,D
14:45:39,PTBA,RG,3870,20,D,CC,SQ,D
14:45:39,PTBA,RG,3870,10,D,CC,SQ,D
14:45:39,PTBA,RG,3870,3,D,CC,YP,D
14:45:39,PTBA,RG,3870,96,D,CC,BB,D
14:45:39,PTBA,RG,3870,4,D,CC,EP,D
14:45:39,PTBA,RG,3870,2,D,CC,YP,D
14:45:39,PTBA,RG,3870,5,D,CC,EP,D
14:45:39,PTBA,RG,3870,40,D,CC,YU,D
14:45:39,PTBA,RG,3870,5,D,CC,YP,D
14:45:39,PTBA,RG,3870,5,D,CC,PD,D
14:45:39,PTBA,RG,3870,1,D,CC,BB,D
14:45:39,PTBA,RG,3870,20,D,CC,PC,D
14:45:39,PTBA,RG,3870,2,D,CC,GR,D
14:45:39,PTBA,RG,3870,1,D,CC,CC,D
14:45:39,PTBA,RG,3870,5,D,CC,KK,D
14:45:39,PTBA,RG,3870,25,D,CC,LG,D
14:45:39,PTBA,RG,3870,5,D,CC,DX,D
14:45:39,PTBA,RG,3870,2,D,CC,DR,D
14:45:39,PTBA,RG,3870,233,D,CC,YP,D
14:45:29,PTBA,RG,3860,37,D,CP,AK,F
14:45:28,PTBA,RG,3870,267,D,CC,YP,D
14:45:28,PTBA,RG,3870,1,D,CC,XC,D
14:45:28,PTBA,RG,3870,2,D,CC,GR,D
14:45:28,PTBA,RG,3870,1,D,CC,BB,D
14:45:28,PTBA,RG,3870,329,D,CC,YU,D
14:45:28,PTBA,RG,3860,9,D,CP,CS,F
14:45:28,PTBA,RG,3870,30,D,KK,YU,D
14:45:27,PTBA,RG,3860,12,D,CP,CS,F
14:45:27,PTBA,RG,3860,26,D,CP,CS,F
14:45:24,PTBA,RG,3870,5,D,YP,YU,D
14:45:22,PTBA,RG,3870,5,D,ZP,YU,D
14:45:15,PTBA,RG,3860,3,D,CP,CS,D
14:45:15,PTBA,RG,3860,8,D,CP,CS,D
14:45:10,PTBA,RG,3870,10,D,PD,YU,D
14:45:08,PTBA,RG,3860,22,D,CP,AK,F
14:45:07,PTBA,RG,3870,9,D,XC,YU,D
14:45:03,PTBA,RG,3860,232,D,CP,BB,D
14:45:01,PTBA,RG,3870,50,D,CC,YU,D
14:45:01,PTBA,RG,3870,17,D,PD,YU,D
14:45:00,PTBA,RG,3860,9,D,CP,XC,D
14:44:59,PTBA,RG,3870,75,F,ZP,YU,D
14:44:55,PTBA,RG,3870,1,D,XC,YU,D
14:44:54,PTBA,RG,3870,10,D,EP,YU,D
14:44:44,PTBA,RG,3860,7,D,CP,CC,D
14:44:40,PTBA,RG,3860,20,D,CP,BB,D
14:44:38,PTBA,RG,3860,41,D,CP,AK,F
14:44:37,PTBA,RG,3870,10,D,PD,YU,D
14:44:36,PTBA,RG,3870,80,D,PD,YU,D
14:44:34,PTBA,RG,3860,15,D,CP,CP,D
14:44:34,PTBA,RG,3860,2,D,CP,XC,D
14:44:31,PTBA,RG,3870,90,D,YU,YU,D
14:44:30,PTBA,RG,3860,300,D,CP,CC,D
14:44:30,PTBA,RG,3860,211,D,CP,CC,D
14:44:28,PTBA,RG,3860,55,D,CP,BB,D
14:44:25,PTBA,RG,3860,18,D,CP,AK,F
14:44:25,PTBA,RG,3860,3,D,CP,BB,D
14:44:24,PTBA,RG,3860,271,D,CP,CC,D
14:44:21,PTBA,RG,3860,20,D,CP,YP,D
14:44:21,PTBA,RG,3860,10,D,CP,YP,D
14:44:19,PTBA,RG,3860,50,D,CP,CC,D
14:44:18,PTBA,RG,3860,13,D,CP,AK,F
14:44:17,PTBA,RG,3860,245,D,CP,BB,D
14:44:09,PTBA,RG,3860,14,D,CP,AK,F
14:44:07,PTBA,RG,3860,16,D,CP,CS,F
14:44:07,PTBA,RG,3860,180,D,CP,DX,D
14:44:07,PTBA,RG,3860,23,D,CP,CS,F
14:44:07,PTBA,RG,3860,21,D,CP,CS,F
14:44:07,PTBA,RG,3860,23,D,CP,CS,F
14:44:03,PTBA,RG,3870,5,D,CC,YU,D
14:44:00,PTBA,RG,3860,2,D,CP,AK,F
14:44:00,PTBA,RG,3870,25,F,ZP,YU,D
14:43:59,PTBA,RG,3860,1,D,CP,CC,D
14:43:52,PTBA,RG,3870,1,D,XC,YU,D
14:43:44,PTBA,RG,3860,1,D,CP,PD,D
14:43:29,PTBA,RG,3860,11,D,CP,AK,F
14:43:29,PTBA,RG,3870,2,D,CC,YU,D
14:43:24,PTBA,RG,3860,29,D,CP,XA,D
14:43:24,PTBA,RG,3860,100,D,YP,XA,D
14:43:24,PTBA,RG,3860,20,D,GR,XA,D
14:43:24,PTBA,RG,3860,50,D,DR,XA,D
14:43:24,PTBA,RG,3860,1,F,ZP,XA,D
14:43:22,PTBA,RG,3860,11,F,ZP,XL,D
14:43:19,PTBA,RG,3860,5,F,ZP,AK,F
14:43:18,PTBA,RG,3860,5,F,ZP,PD,D
14:43:12,PTBA,RG,3860,19,F,ZP,CC,D
14:43:10,PTBA,RG,3870,2,D,XL,YU,D
14:43:08,PTBA,RG,3870,64,F,ZP,YU,D
14:43:06,PTBA,RG,3870,10,D,PD,YU,D
14:43:06,PTBA,RG,3870,2,D,XC,YU,D
14:42:54,PTBA,RG,3870,1,D,XL,YU,D
14:42:41,PTBA,RG,3870,2,D,XC,YU,D
14:42:32,PTBA,RG,3870,1,D,PD,YU,D
14:42:28,PTBA,RG,3870,70,D,ZP,YU,D
14:42:27,PTBA,RG,3870,8,D,XC,YU,D
14:42:23,PTBA,RG,3860,1,F,ZP,KK,D
14:42:20,PTBA,RG,3870,5,D,YP,YU,D
14:42:17,PTBA,RG,3870,81,F,ZP,YU,D
14:42:17,PTBA,RG,3870,100,F,ZP,DH,D
14:42:17,PTBA,RG,3870,19,F,ZP,PD,D
14:42:13,PTBA,RG,3860,1,F,ZP,HP,D
14:42:12,PTBA,RG,3860,15,F,ZP,DX,D
14:42:09,PTBA,RG,3860,10,F,ZP,GR,D
14:42:08,PTBA,RG,3860,6,F,ZP,YP,D
14:42:08,PTBA,RG,3860,4,D,YU,YP,D
14:42:01,PTBA,RG,3860,200,D,YU,KI,D
14:42:00,PTBA,RG,3870,52,D,KK,PD,D
14:41:58,PTBA,RG,3870,3,D,KK,PD,D
14:41:56,PTBA,RG,3870,40,D,PD,PD,D
14:41:55,PTBA,RG,3860,50,D,YU,PD,D
14:41:50,PTBA,RG,3860,1,D,YU,PD,D
14:41:49,PTBA,RG,3860,10,D,YU,LG,D
14:41:48,PTBA,RG,3860,8,D,YU,BB,D
14:41:45,PTBA,RG,3860,10,D,YU,PD,D
14:41:44,PTBA,RG,3860,125,D,YU,XC,D
14:41:43,PTBA,RG,3860,10,D,YU,YP,D
14:41:35,PTBA,RG,3860,17,D,YU,BB,D
14:41:20,PTBA,RG,3860,12,D,YU,CC,D
14:41:18,PTBA,RG,3860,2,D,YU,PD,D
14:41:10,PTBA,RG,3860,26,D,YU,XL,D
14:41:10,PTBA,RG,3860,3,D,YU,BB,D
14:41:09,PTBA,RG,3860,98,D,YU,BB,D
14:41:09,PTBA,RG,3860,15,D,YU,BB,D
14:41:09,PTBA,RG,3860,69,D,YU,CS,F
14:41:09,PTBA,RG,3860,13,D,YU,CS,D
14:41:09,PTBA,RG,3860,4,D,YU,BB,D
14:41:09,PTBA,RG,3860,16,D,YU,CS,F
14:41:09,PTBA,RG,3860,4,D,YU,CS,D
14:41:09,PTBA,RG,3860,47,D,YU,CS,F
14:41:09,PTBA,RG,3860,1,D,YU,AK,F
14:41:09,PTBA,RG,3860,123,D,YU,AK,F
14:41:09,PTBA,RG,3860,84,D,YU,AK,F
14:41:09,PTBA,RG,3860,38,D,YU,LG,D
14:41:09,PTBA,RG,3860,5,D,YU,AK,F
14:41:09,PTBA,RG,3860,50,D,YU,CC,D
14:41:09,PTBA,RG,3860,500,D,YU,MG,D
14:41:09,PTBA,RG,3860,1,D,YU,NI,D
14:41:09,PTBA,RG,3860,15,D,YU,KK,D
14:41:09,PTBA,RG,3860,20,D,YU,XL,D
14:41:09,PTBA,RG,3860,15,D,YU,EP,D
14:41:09,PTBA,RG,3860,9,D,YU,CS,D
14:41:09,PTBA,RG,3860,525,D,YU,CC,D
14:41:09,PTBA,RG,3860,25,D,YU,KK,D
14:41:09,PTBA,RG,3860,1,D,YU,BB,D
14:41:09,PTBA,RG,3860,30,D,YU,ZP,D
14:41:09,PTBA,RG,3860,9,D,YU,XC,D
14:41:09,PTBA,RG,3860,3,D,YU,YP,D
14:41:09,PTBA,RG,3860,100,D,YU,GR,D
14:41:09,PTBA,RG,3860,16,D,YU,CS,F
14:41:09,PTBA,RG,3860,14,D,YU,CS,F
14:41:09,PTBA,RG,3860,19,D,YU,CS,F
14:41:09,PTBA,RG,3860,4,D,YU,YU,D
14:41:09,PTBA,RG,3860,25,D,YU,YP,D
14:41:09,PTBA,RG,3860,29,D,YU,CS,F
14:41:09,PTBA,RG,3860,23,D,YU,CS,F
14:41:09,PTBA,RG,3860,1,D,YU,BB,D
14:41:09,PTBA,RG,3860,63,D,YU,BB,D
14:41:09,PTBA,RG,3860,9,D,YU,BB,D
14:41:09,PTBA,RG,3860,565,D,YU,NI,D
14:41:09,PTBA,RG,3860,494,D,YU,AK,F
14:41:09,PTBA,RG,3860,1,D,YU,CS,D
14:41:09,PTBA,RG,3860,9,D,YU,CS,D
14:41:09,PTBA,RG,3860,1,D,YU,CS,F
14:41:09,PTBA,RG,3860,18,D,YU,CS,F
14:41:09,PTBA,RG,3860,74,D,YU,BB,D
14:41:09,PTBA,RG,3860,35,D,YU,BB,D
14:41:09,PTBA,RG,3860,10,D,YU,NI,D
14:41:09,PTBA,RG,3860,7,D,YU,CS,D
14:41:09,PTBA,RG,3860,100,D,YU,AR,D
14:41:09,PTBA,RG,3860,20,D,YU,GR,D
14:41:09,PTBA,RG,3860,166,D,YU,AK,F
14:41:09,PTBA,RG,3860,40,D,YU,PD,D
14:41:09,PTBA,RG,3860,7,D,YU,AK,F
14:41:09,PTBA,RG,3860,25,D,YU,NI,D
14:41:09,PTBA,RG,3860,1,D,YU,CS,D
14:41:09,PTBA,RG,3860,7,D,YU,CS,D
14:41:09,PTBA,RG,3860,2,D,YU,CS,D
14:41:09,PTBA,RG,3860,22,D,YU,CS,F
14:41:09,PTBA,RG,3860,29,D,YU,CS,F
14:41:09,PTBA,RG,3860,48,D,YU,CS,F
14:41:09,PTBA,RG,3860,7,D,YU,CS,F
14:41:09,PTBA,RG,3860,5,D,YU,NI,D
14:41:09,PTBA,RG,3860,8,D,YU,CC,F
14:41:09,PTBA,RG,3860,40,D,YU,KK,D
14:41:09,PTBA,RG,3860,15,D,YU,CC,D
14:41:09,PTBA,RG,3860,4,D,YU,CC,D
14:41:09,PTBA,RG,3860,22,D,YU,CS,F
14:41:09,PTBA,RG,3860,30,D,YU,LG,D
14:41:09,PTBA,RG,3860,231,D,YU,AK,F
14:41:09,PTBA,RG,3860,10,D,YU,AK,F
14:41:09,PTBA,RG,3860,1,D,YU,BB,D
14:41:09,PTBA,RG,3860,11,D,YU,BB,D
14:41:09,PTBA,RG,3860,60,D,YU,CC,D
14:41:09,PTBA,RG,3860,12,D,YU,BB,D
14:41:09,PTBA,RG,3860,362,D,YU,BQ,D
14:41:08,PTBA,RG,3860,3,D,OD,BQ,D
14:41:01,PTBA,RG,3850,1,D,CC,AK,F
14:41:01,PTBA,RG,3860,84,D,XC,BQ,D
14:40:50,PTBA,RG,3860,20,D,PD,BQ,D
14:40:44,PTBA,RG,3860,1,D,OD,BQ,D
14:40:42,PTBA,RG,3860,28,D,YP,BQ,D
14:40:41,PTBA,RG,3850,29,D,CC,BB,D
14:40:40,PTBA,RG,3850,123,D,CC,CS,F
14:40:38,PTBA,RG,3860,2,D,KK,BQ,D
14:40:38,PTBA,RG,3860,5,D,KK,CC,D
14:40:37,PTBA,RG,3850,51,D,CC,BK,F
14:40:37,PTBA,RG,3850,100,D,CC,PD,D
14:40:32,PTBA,RG,3850,35,D,CC,BK,F
14:40:31,PTBA,RG,3860,200,F,ZP,CC,D
14:40:29,PTBA,RG,3860,10,D,YP,CC,D
14:40:23,PTBA,RG,3860,5,D,PD,CC,D
14:40:15,PTBA,RG,3860,96,F,AK,CC,D
14:40:13,PTBA,RG,3860,18,D,HP,CC,D
14:40:13,PTBA,RG,3860,35,D,AZ,CC,D
14:40:10,PTBA,RG,3850,40,D,CC,BK,F
14:40:09,PTBA,RG,3860,5,D,YP,CC,D
14:40:08,PTBA,RG,3850,2,D,CC,BB,D
14:40:05,PTBA,RG,3860,207,D,KI,CC,D
14:40:05,PTBA,RG,3860,243,D,KI,CC,D
14:39:51,PTBA,RG,3850,9,D,CC,BB,D
14:39:45,PTBA,RG,3850,32,D,CC,BB,D
14:39:28,PTBA,RG,3860,1,D,YP,CC,D
14:39:24,PTBA,RG,3850,500,D,CC,BB,D
14:39:24,PTBA,RG,3850,1,D,XC,BB,D
14:39:24,PTBA,RG,3850,5,D,PD,BB,D
14:39:24,PTBA,RG,3850,1,D,KK,BB,D
14:39:24,PTBA,RG,3850,2,D,NI,BB,D
14:39:24,PTBA,RG,3850,90,D,YU,BB,D
14:39:09,PTBA,RG,3850,22,D,YU,CS,D
14:39:09,PTBA,RG,3850,3,D,XL,CS,D
14:39:08,PTBA,RG,3860,1,D,YP,CC,D
14:39:07,PTBA,RG,3860,1,D,XL,CC,D
14:38:51,PTBA,RG,3860,5,D,YP,CC,D
14:38:45,PTBA,RG,3850,2,D,XL,BB,D
14:38:45,PTBA,RG,3850,3,D,PD,BB,D
14:38:45,PTBA,RG,3850,10,D,OD,BB,D
14:38:45,PTBA,RG,3850,1,D,CC,BB,D
14:38:45,PTBA,RG,3850,3,D,YP,BB,D
14:38:45,PTBA,RG,3850,11,D,YU,BB,D
14:38:43,PTBA,RG,3850,4,D,YU,YP,D
14:38:43,PTBA,RG,3850,1,D,DR,YP,D
14:38:43,PTBA,RG,3850,5,D,CC,YP,D
14:38:24,PTBA,RG,3860,5,D,YP,CC,D
14:38:21,PTBA,RG,3860,67,F,ZP,CC,D
14:38:18,PTBA,RG,3860,5,D,YP,CC,D
14:38:03,PTBA,RG,3850,3,D,CC,BB,D
14:38:01,PTBA,RG,3850,2,D,CC,CC,D
14:38:01,PTBA,RG,3850,1,D,YP,CC,D
14:38:01,PTBA,RG,3850,5,D,NI,CC,D
14:38:01,PTBA,RG,3850,14,D,XC,CC,D
14:38:01,PTBA,RG,3850,5,D,CC,CC,D
14:38:01,PTBA,RG,3850,30,D,PD,CC,D
14:38:01,PTBA,RG,3850,299,D,KK,CC,D
14:37:55,PTBA,RG,3860,100,D,CC,CC,D
14:37:53,PTBA,RG,3850,3,D,KK,GR,D
14:37:51,PTBA,RG,3860,25,D,XC,CC,D
14:37:50,PTBA,RG,3850,1,D,KK,XC,D
14:37:48,PTBA,RG,3850,29,D,KK,BB,D
14:37:47,PTBA,RG,3850,2,D,KK,CC,D
14:37:47,PTBA,RG,3860,133,D,YP,CC,D
14:37:47,PTBA,RG,3860,14,D,YP,CS,F
14:37:47,PTBA,RG,3860,4,D,YP,CS,D
14:37:47,PTBA,RG,3860,33,D,YP,CS,F
14:37:47,PTBA,RG,3860,8,D,YP,BB,D
14:37:47,PTBA,RG,3860,1,D,YP,BB,D
14:37:47,PTBA,RG,3860,55,D,YP,BB,D
14:37:47,PTBA,RG,3860,80,D,YP,AK,F
14:37:45,PTBA,RG,3860,3,D,YP,AK,F
14:37:38,PTBA,RG,3860,262,D,PD,AK,F
14:37:38,PTBA,RG,3860,38,D,PD,BB,D
14:37:32,PTBA,RG,3850,5,D,KK,GR,D
14:37:29,PTBA,RG,3860,5,D,TF,BB,D
14:37:23,PTBA,RG,3860,20,D,XL,BB,D
14:37:22,PTBA,RG,3860,1,D,XA,BB,D
14:37:22,PTBA,RG,3860,1,D,XA,BB,D
14:37:15,PTBA,RG,3850,79,D,KK,BB,D
14:37:15,PTBA,RG,3860,4,D,DR,BB,D
14:37:11,PTBA,RG,3850,1,D,KK,BB,D
14:36:57,PTBA,RG,3860,30,D,CC,BB,D
14:36:57,PTBA,RG,3860,4,D,CC,CS,D
14:36:57,PTBA,RG,3860,5,D,CC,CS,D
14:36:57,PTBA,RG,3860,1,D,CC,CS,F
14:36:52,PTBA,RG,3850,31,D,KK,BB,D
14:36:49,PTBA,RG,3860,5,D,XL,CS,F
14:36:48,PTBA,RG,3860,1,D,XC,CS,F
14:36:45,PTBA,RG,3860,1,D,PD,CS,F
14:36:43,PTBA,RG,3860,30,D,XC,CS,F
14:36:40,PTBA,RG,3850,71,D,KK,BB,D
14:36:37,PTBA,RG,3850,11,D,KK,BB,D
14:36:34,PTBA,RG,3860,2,D,SQ,CS,F
14:36:31,PTBA,RG,3860,5,D,TF,CS,F
14:36:30,PTBA,RG,3860,2,D,YP,CS,F
14:36:30,PTBA,RG,3860,48,D,YP,YU,F
14:36:28,PTBA,RG,3860,10,D,EP,YU,F
14:36:19,PTBA,RG,3860,46,D,PD,YU,F
14:36:18,PTBA,RG,3860,100,D,YP,YU,F
14:36:17,PTBA,RG,3860,3,D,XL,YU,F
14:36:12,PTBA,RG,3860,20,D,CC,YU,F
14:36:02,PTBA,RG,3860,100,D,FS,YU,F
14:35:59,PTBA,RG,3860,30,D,XL,YU,F
14:35:55,PTBA,RG,3850,33,D,KK,BB,D
14:35:54,PTBA,RG,3860,16,D,PD,YU,F
14:35:52,PTBA,RG,3860,1,D,DR,YU,F
14:35:45,PTBA,RG,3850,55,D,KK,BK,F
14:35:43,PTBA,RG,3850,5,D,KK,PD,D
14:35:43,PTBA,RG,3860,1,D,OD,YU,F
14:35:40,PTBA,RG,3860,200,D,PD,YU,F
14:35:39,PTBA,RG,3850,41,D,KK,BK,F
14:35:38,PTBA,RG,3850,203,D,KK,YP,D
14:35:36,PTBA,RG,3860,21,D,LG,YU,F
14:35:33,PTBA,RG,3850,59,D,KK,BK,F
14:35:31,PTBA,RG,3850,105,D,KK,BB,D
14:35:28,PTBA,RG,3860,1,D,OD,YU,F
14:35:22,PTBA,RG,3860,25,D,YP,YU,F
14:35:19,PTBA,RG,3860,1,D,XC,YU,F
14:35:17,PTBA,RG,3850,11,D,KK,BB,D
14:35:16,PTBA,RG,3850,9,D,KK,BB,D
14:35:14,PTBA,RG,3850,71,D,KK,BB,D
14:35:12,PTBA,RG,3850,60,D,KK,BK,F
14:35:12,PTBA,RG,3860,13,D,XL,YU,F
14:35:07,PTBA,RG,3850,128,D,KK,BK,F
14:35:03,PTBA,RG,3850,188,D,KK,BK,F
14:35:03,PTBA,RG,3850,1,D,YP,BK,F
14:35:03,PTBA,RG,3850,1,D,CC,BK,F
14:35:03,PTBA,RG,3850,1,D,PD,BK,F
14:35:03,PTBA,RG,3850,1,D,YP,BK,F
14:35:03,PTBA,RG,3850,1,D,EP,BK,F
14:35:03,PTBA,RG,3850,5,D,XC,BK,F
14:35:03,PTBA,RG,3850,1,D,YP,BK,F
14:35:03,PTBA,RG,3850,1,D,PD,BK,F
14:35:03,PTBA,RG,3850,1,D,PD,BK,F
14:35:03,PTBA,RG,3850,82,D,YU,BK,F
14:35:03,PTBA,RG,3850,5,D,PD,BK,F
14:35:03,PTBA,RG,3850,1,D,KK,BK,F
14:35:03,PTBA,RG,3850,200,D,CC,BK,F
14:35:03,PTBA,RG,3850,10,D,YP,BK,F
14:35:03,PTBA,RG,3850,232,D,CC,BK,F
14:35:00,PTBA,RG,3860,94,D,YU,YU,F
14:35:00,PTBA,RG,3860,156,F,ZP,YU,F
14:35:00,PTBA,RG,3860,10,D,YP,YU,F
14:35:00,PTBA,RG,3860,288,F,ZP,YU,F
14:35:00,PTBA,RG,3860,90,D,PD,YU,F
14:35:00,PTBA,RG,3860,5,D,SQ,YU,F
14:35:00,PTBA,RG,3860,2,D,CC,YU,F
14:35:00,PTBA,RG,3860,100,D,CC,YU,F
14:35:00,PTBA,RG,3860,5,D,NI,YU,F
14:35:00,PTBA,RG,3860,14,D,CC,YU,F
14:35:00,PTBA,RG,3860,2,D,CC,YU,F
14:35:00,PTBA,RG,3860,51,F,ZP,YU,F
14:35:00,PTBA,RG,3860,5,D,XC,YU,F
14:35:00,PTBA,RG,3860,3,D,ZP,YU,F
14:35:00,PTBA,RG,3860,10,D,SQ,YU,F
14:35:00,PTBA,RG,3860,100,D,OD,YU,F
14:35:00,PTBA,RG,3860,1,D,NI,YU,F
14:35:00,PTBA,RG,3860,2,D,BQ,YU,F
14:35:00,PTBA,RG,3860,1,D,XC,YU,F
14:35:00,PTBA,RG,3860,6,D,PD,YU,F
14:35:00,PTBA,RG,3860,58,F,ZP,YU,F
14:35:00,PTBA,RG,3860,5,D,YP,YU,F
14:35:00,PTBA,RG,3860,1,D,XC,YU,F
14:35:00,PTBA,RG,3860,50,D,YP,YU,F
14:35:00,PTBA,RG,3860,10,D,NI,YU,F
14:35:00,PTBA,RG,3860,1,D,XL,YU,F
14:35:00,PTBA,RG,3860,800,D,CC,YU,F
14:35:00,PTBA,RG,3860,1,D,CC,YU,F
14:35:00,PTBA,RG,3860,1,D,XL,YU,F
14:35:00,PTBA,RG,3860,25,D,YP,YU,F
14:35:00,PTBA,RG,3860,152,F,ZP,YU,F
14:35:00,PTBA,RG,3860,500,D,CP,YU,F
14:35:00,PTBA,RG,3860,13,D,XC,YU,F
14:35:00,PTBA,RG,3860,5,D,PD,YU,F
14:35:00,PTBA,RG,3860,1,D,YP,YU,F
14:35:00,PTBA,RG,3860,2,D,PD,YU,F
14:35:00,PTBA,RG,3860,13,D,HP,YU,F
14:35:00,PTBA,RG,3860,3,D,XC,YU,F
14:35:00,PTBA,RG,3860,13,D,KK,YU,F
14:35:00,PTBA,RG,3860,20,D,XL,YU,F
14:35:00,PTBA,RG,3860,1,D,YP,YU,F
14:35:00,PTBA,RG,3860,1744,D,CC,YU,F
14:34:55,PTBA,RG,3860,5,D,CC,KK,D
14:34:52,PTBA,RG,3860,31,D,CC,BB,D
14:34:49,PTBA,RG,3860,5,D,CC,YP,D
14:34:48,PTBA,RG,3860,57,D,CC,BK,F
14:34:46,PTBA,RG,3860,12,D,CC,CS,D
14:34:46,PTBA,RG,3860,146,D,CC,KK,D
14:34:46,PTBA,RG,3860,6,D,CC,KK,D
14:34:46,PTBA,RG,3860,1,D,PD,KK,D
14:34:46,PTBA,RG,3860,9,D,EP,KK,D
14:34:46,PTBA,RG,3860,2,D,YP,KK,D
14:34:46,PTBA,RG,3860,10,D,PD,KK,D
14:34:46,PTBA,RG,3860,8,D,HP,KK,D
14:34:46,PTBA,RG,3860,10,D,XC,KK,D
14:34:46,PTBA,RG,3860,18,D,CC,KK,D
14:34:45,PTBA,RG,3860,40,D,CC,BK,F
14:34:43,PTBA,RG,3860,33,D,CC,BK,F
14:34:39,PTBA,RG,3860,200,D,CC,YP,D
14:34:38,PTBA,RG,3860,34,D,CC,BK,F
14:34:36,PTBA,RG,3860,57,D,CC,CS,F
14:34:35,PTBA,RG,3860,12,D,CC,PD,D
14:34:35,PTBA,RG,3860,55,D,CC,BK,F
14:34:31,PTBA,RG,3860,29,D,CC,BB,D
14:34:30,PTBA,RG,3860,286,D,CC,BK,F
14:34:25,PTBA,RG,3860,1236,D,CC,DH,D
14:34:25,PTBA,RG,3860,141,D,NI,DH,D
14:34:25,PTBA,RG,3860,50,D,XL,DH,D
14:34:25,PTBA,RG,3860,1,D,SQ,DH,D
14:34:25,PTBA,RG,3860,201,F,ZP,DH,D
14:34:25,PTBA,RG,3860,105,F,ZP,DH,D
14:34:25,PTBA,RG,3860,4,D,NI,DH,D
14:34:25,PTBA,RG,3860,2,D,XL,DH,D
14:34:25,PTBA,RG,3860,24,D,NI,DH,D
14:34:25,PTBA,RG,3860,1,D,YP,DH,D
14:34:25,PTBA,RG,3860,1,D,PD,DH,D
14:34:25,PTBA,RG,3860,1,D,NI,DH,D
14:34:25,PTBA,RG,3860,1,D,DR,DH,D
14:34:25,PTBA,RG,3860,1,D,AZ,DH,D
14:34:25,PTBA,RG,3860,4,D,KK,DH,D
14:34:25,PTBA,RG,3860,227,D,PD,DH,D
14:34:19,PTBA,RG,3870,2,D,YP,PD,D
14:34:19,PTBA,RG,3860,1,D,PD,XC,D
14:34:19,PTBA,RG,3860,115,D,PD,CS,F
14:34:09,PTBA,RG,3860,5,D,PD,RG,D
14:33:55,PTBA,RG,3860,11,D,PD,BB,D
14:33:55,PTBA,RG,3860,109,D,PD,BB,D
14:33:53,PTBA,RG,3860,32,D,PD,BB,D
14:33:46,PTBA,RG,3860,70,D,PD,BB,D
14:33:45,PTBA,RG,3870,30,D,XC,PD,D
14:33:40,PTBA,RG,3860,3,D,PD,EP,D
14:33:38,PTBA,RG,3870,1,D,PD,PD,D
14:33:30,PTBA,RG,3860,65,D,PD,NI,D
14:33:25,PTBA,RG,3870,2,D,PD,PD,D
14:33:21,PTBA,RG,3870,1,D,OD,PD,D
14:33:15,PTBA,RG,3860,16,D,PD,CS,D
14:33:09,PTBA,RG,3870,7,D,OD,PD,D
14:33:02,PTBA,RG,3870,1,D,XL,PD,D
14:33:00,PTBA,RG,3860,346,D,PD,CC,D
14:33:00,PTBA,RG,3860,251,D,CP,CC,D
14:32:58,PTBA,RG,3870,8,D,YP,PD,D
14:32:57,PTBA,RG,3860,1,D,CP,AZ,D
14:32:54,PTBA,RG,3870,294,F,ZP,PD,D
14:32:54,PTBA,RG,3860,27,D,CP,BB,D
14:32:50,PTBA,RG,3870,8,D,NI,PD,D
14:32:43,PTBA,RG,3860,4,D,CP,EP,D
14:32:43,PTBA,RG,3860,5,D,CP,KK,D
14:32:31,PTBA,RG,3860,11,D,CP,BB,D
14:32:21,PTBA,RG,3870,3,D,NI,PD,D
14:32:21,PTBA,RG,3860,73,D,CP,BB,D
14:32:21,PTBA,RG,3870,2,D,BQ,PD,D
14:32:16,PTBA,RG,3860,28,D,CP,BK,F
14:32:15,PTBA,RG,3860,103,D,CP,BB,D
14:32:07,PTBA,RG,3870,7,D,OD,PD,D
14:32:04,PTBA,RG,3860,4,D,CP,XL,D
14:32:01,PTBA,RG,3860,28,D,CP,BB,D
14:31:49,PTBA,RG,3870,8,D,XC,PD,D
14:31:38,PTBA,RG,3860,1,D,CP,BB,D
14:31:19,PTBA,RG,3860,31,D,CP,BK,F
14:31:15,PTBA,RG,3860,35,D,CP,BK,F
14:31:12,PTBA,RG,3860,70,D,CP,BK,F
14:31:11,PTBA,RG,3860,131,D,CP,PD,D
14:31:08,PTBA,RG,3860,500,D,CP,CC,D
14:31:08,PTBA,RG,3860,33,D,CP,BB,D
14:31:05,PTBA,RG,3870,7,D,OD,PD,D
14:31:03,PTBA,RG,3860,10,D,CP,PD,D
14:31:02,PTBA,RG,3860,11,D,CP,BB,D
14:31:02,PTBA,RG,3860,34,D,CP,BK,F
14:31:00,PTBA,RG,3870,99,D,YU,PD,D
14:31:00,PTBA,RG,3860,35,D,CP,YP,D
14:30:57,PTBA,RG,3860,38,D,CP,BK,F
14:30:54,PTBA,RG,3860,25,D,CP,OD,D
14:30:51,PTBA,RG,3860,76,D,CP,BB,D
14:30:48,PTBA,RG,3860,4,D,CP,BB,D
14:30:41,PTBA,RG,3860,107,D,CP,BB,D
14:30:41,PTBA,RG,3860,11,D,CP,SQ,D
14:30:31,PTBA,RG,3870,1,D,XC,PD,D
14:30:27,PTBA,RG,3870,5,D,XC,PD,D
14:30:27,PTBA,RG,3870,5,D,XC,YP,D
14:30:24,PTBA,RG,3860,33,D,CP,BK,F
14:30:22,PTBA,RG,3860,143,D,CP,XL,D
14:30:10,PTBA,RG,3870,3,D,PD,PD,D
14:30:10,PTBA,RG,3870,7,D,PD,PD,D
14:30:07,PTBA,RG,3870,6,D,OD,PD,D
14:30:06,PTBA,RG,3860,33,D,CP,BB,D
14:30:00,PTBA,RG,3870,2,D,KK,PD,D
14:29:48,PTBA,RG,3860,44,D,CP,BK,F
14:29:42,PTBA,RG,3860,43,D,CP,BK,F
14:29:41,PTBA,RG,3860,30,D,CP,KK,D
14:29:39,PTBA,RG,3860,1,D,CP,BB,D
14:29:38,PTBA,RG,3860,11,D,CP,BB,D
14:29:38,PTBA,RG,3870,10,F,ZP,PD,D
14:29:38,PTBA,RG,3870,1,F,ZP,NI,D
14:29:38,PTBA,RG,3870,5,F,ZP,YP,D
14:29:38,PTBA,RG,3870,2,F,ZP,YP,D
14:29:38,PTBA,RG,3870,7,F,ZP,KK,D
14:29:38,PTBA,RG,3870,4,F,ZP,PD,D
14:29:38,PTBA,RG,3870,2,F,ZP,OD,D
14:29:38,PTBA,RG,3870,1,F,ZP,PD,D
14:29:38,PTBA,RG,3870,10,F,ZP,PD,D
14:29:38,PTBA,RG,3870,26,F,ZP,YP,D
14:29:38,PTBA,RG,3870,3,F,ZP,YP,D
14:29:38,PTBA,RG,3870,10,F,ZP,XC,D
14:29:38,PTBA,RG,3870,1,F,ZP,PD,D
14:29:38,PTBA,RG,3870,3,F,ZP,PD,D
14:29:38,PTBA,RG,3870,1,F,ZP,XL,D
14:29:38,PTBA,RG,3870,20,F,ZP,LG,D
14:29:38,PTBA,RG,3870,1,F,ZP,YP,D
14:29:38,PTBA,RG,3870,5,F,ZP,PD,D
14:29:38,PTBA,RG,3870,2,F,ZP,PD,D
14:29:38,PTBA,RG,3870,307,F,ZP,CC,D
14:29:33,PTBA,RG,3860,5,D,CP,OD,D
14:29:31,PTBA,RG,3870,10,D,PD,CC,D
14:29:18,PTBA,RG,3860,76,D,CP,BB,D
14:29:15,PTBA,RG,3870,1,D,ZP,CC,D
14:29:13,PTBA,RG,3870,1,D,SQ,CC,D
14:29:10,PTBA,RG,3860,10,D,CP,XC,D
14:29:07,PTBA,RG,3870,8,D,OD,CC,D
14:29:03,PTBA,RG,3860,34,D,CP,BB,D
14:29:03,PTBA,RG,3860,107,D,CP,BB,D
14:29:00,PTBA,RG,3870,1,D,PD,CC,D
14:28:51,PTBA,RG,3870,10,D,PD,CC,D
14:28:44,PTBA,RG,3870,60,D,KK,CC,D
14:28:43,PTBA,RG,3870,1,D,PD,CC,D
14:28:39,PTBA,RG,3870,200,D,CC,CC,D
14:28:32,PTBA,RG,3860,100,D,CP,SQ,D
14:28:31,PTBA,RG,3870,5,D,AZ,CC,D
14:28:26,PTBA,RG,3860,52,D,CP,XL,D
14:28:26,PTBA,RG,3860,80,D,CP,PD,D
14:28:21,PTBA,RG,3870,1,D,NI,CC,D
14:28:15,PTBA,RG,3860,11,D,CP,BB,D
14:28:10,PTBA,RG,3870,1,D,SQ,CC,D
14:28:09,PTBA,RG,3870,7,D,OD,CC,D
14:28:00,PTBA,RG,3860,29,D,XL,BB,D
14:27:57,PTBA,RG,3870,3,D,CC,CC,D
14:27:51,PTBA,RG,3860,6,D,XL,XL,D
14:27:45,PTBA,RG,3860,108,D,XL,BB,D
14:27:45,PTBA,RG,3860,50,D,XC,BB,D
14:27:45,PTBA,RG,3860,105,F,ZP,BB,D
14:27:45,PTBA,RG,3860,1,D,YP,BB,D
14:27:45,PTBA,RG,3860,25,D,YP,BB,D
14:27:45,PTBA,RG,3860,442,F,ZP,BB,D
14:27:34,PTBA,RG,3860,1,F,ZP,KK,D
14:27:24,PTBA,RG,3860,65,F,ZP,BB,D
14:27:20,PTBA,RG,3860,1,F,ZP,PD,D
14:27:18,PTBA,RG,3870,50,D,PD,CC,D
14:27:10,PTBA,RG,3860,1,F,ZP,CC,D
14:27:10,PTBA,RG,3870,3,D,XL,CC,D
14:27:05,PTBA,RG,3860,28,F,ZP,BB,D
14:26:55,PTBA,RG,3860,8,F,ZP,CC,D
14:26:55,PTBA,RG,3860,1,D,NI,CC,D
14:26:55,PTBA,RG,3860,1,D,SQ,CC,D
14:26:55,PTBA,RG,3860,6,D,OD,CC,D
14:26:55,PTBA,RG,3860,10,D,IU,CC,D
14:26:51,PTBA,RG,3860,2,D,IU,BB,D
14:26:41,PTBA,RG,3860,3,D,IU,CC,D
14:26:14,PTBA,RG,3860,5,D,IU,BB,D
14:26:14,PTBA,RG,3860,10,D,PD,BB,D
14:26:14,PTBA,RG,3860,2,D,KK,BB,D
14:26:14,PTBA,RG,3860,1,D,ZP,BB,D
14:26:12,PTBA,RG,3860,4,D,ZP,BB,D
14:26:05,PTBA,RG,3870,1,D,SQ,CC,D
14:26:00,PTBA,RG,3870,94,D,YU,CC,D
14:25:57,PTBA,RG,3860,22,D,YP,CS,F
14:25:57,PTBA,RG,3860,30,D,YP,CS,F
14:25:57,PTBA,RG,3860,33,D,YP,BB,D
14:25:57,PTBA,RG,3860,4,D,YP,BB,D
14:25:57,PTBA,RG,3860,16,D,YP,BB,D
14:25:57,PTBA,RG,3860,15,D,YP,BB,D
14:25:57,PTBA,RG,3860,10,D,PD,BB,D
14:25:56,PTBA,RG,3860,15,D,EP,BB,D
14:25:56,PTBA,RG,3860,38,D,EP,BB,D
14:25:56,PTBA,RG,3860,18,D,EP,CS,F
14:25:56,PTBA,RG,3860,1,D,EP,CS,F
14:25:54,PTBA,RG,3860,10,D,PD,CS,F
14:25:54,PTBA,RG,3860,4,D,XC,CS,F
14:25:51,PTBA,RG,3860,1,D,CC,CS,F
14:25:50,PTBA,RG,3860,7,D,OD,CS,F
14:25:49,PTBA,RG,3860,37,F,YU,AK,F
14:25:49,PTBA,RG,3860,24,F,YU,CS,F
14:25:49,PTBA,RG,3860,28,F,YU,CS,F
14:25:49,PTBA,RG,3860,11,F,YU,CS,D
14:25:49,PTBA,RG,3860,30,F,YU,OD,D
14:25:49,PTBA,RG,3860,4,F,YU,CS,D
14:25:49,PTBA,RG,3860,12,F,YU,BB,D
14:25:49,PTBA,RG,3860,7,F,YU,BB,D
14:25:49,PTBA,RG,3860,6,F,YU,BB,D
14:25:49,PTBA,RG,3860,422,F,YU,BB,D
14:25:49,PTBA,RG,3860,48,F,YU,BB,D
14:25:49,PTBA,RG,3860,55,F,YU,CS,F
14:25:49,PTBA,RG,3860,6,F,YU,CS,D
14:25:49,PTBA,RG,3860,5,F,YU,NI,D
14:25:49,PTBA,RG,3860,3,F,YU,XC,D
14:25:49,PTBA,RG,3860,11,F,YU,YP,D
14:25:49,PTBA,RG,3860,2,F,YU,NI,D
14:25:49,PTBA,RG,3860,1,F,YU,PD,D
14:25:49,PTBA,RG,3860,72,F,YU,XC,D
14:25:49,PTBA,RG,3860,54,F,YU,YP,D
14:25:49,PTBA,RG,3860,500,F,YU,GR,D
14:25:49,PTBA,RG,3860,1,F,YU,CC,D
14:25:49,PTBA,RG,3860,5,F,YU,CS,D
14:25:49,PTBA,RG,3860,8,F,YU,YP,D
14:25:49,PTBA,RG,3860,15,F,YU,KK,D
14:25:49,PTBA,RG,3860,10,F,YU,GR,D
14:25:49,PTBA,RG,3860,34,F,YU,CS,F
14:25:49,PTBA,RG,3860,30,F,YU,YP,D
14:25:49,PTBA,RG,3860,20,F,YU,PD,D
14:25:49,PTBA,RG,3860,15,F,YU,CS,F
14:25:49,PTBA,RG,3860,11,F,YU,CS,F
14:25:49,PTBA,RG,3860,526,F,YU,CC,D
14:25:49,PTBA,RG,3860,20,F,YU,CS,F
14:25:49,PTBA,RG,3860,26,F,YU,CS,F
14:25:49,PTBA,RG,3860,829,F,YU,AK,F
14:25:49,PTBA,RG,3860,37,F,YU,AK,F
14:25:49,PTBA,RG,3860,611,F,YU,CC,D
14:25:49,PTBA,RG,3860,19,F,YU,CS,F
14:25:49,PTBA,RG,3860,8,F,YU,CS,D
14:25:49,PTBA,RG,3860,35,F,YU,CS,F
14:25:49,PTBA,RG,3860,500,F,YU,GR,D
14:25:49,PTBA,RG,3860,10,F,YU,PD,D
14:25:49,PTBA,RG,3860,3,F,YU,DX,D
14:25:49,PTBA,RG,3860,18,F,YU,CC,D
14:25:49,PTBA,RG,3860,30,F,YU,CS,F
14:25:49,PTBA,RG,3860,22,F,YU,PD,D
14:25:49,PTBA,RG,3860,172,F,YU,BK,F
14:25:49,PTBA,RG,3860,1,F,YU,BB,D
14:25:49,PTBA,RG,3860,7,F,YU,CS,D
14:25:49,PTBA,RG,3860,28,F,YU,CS,F
14:25:49,PTBA,RG,3860,4,F,YU,BB,D
14:25:49,PTBA,RG,3860,30,F,YU,CS,F
14:25:49,PTBA,RG,3860,48,F,YU,AK,F
14:25:49,PTBA,RG,3860,20,F,YU,DR,D
14:25:49,PTBA,RG,3860,3,F,YU,CS,D
14:25:49,PTBA,RG,3860,506,F,YU,CC,D
14:25:47,PTBA,RG,3860,1,D,PD,CC,D
14:25:46,PTBA,RG,3860,37,F,ZP,CC,D
14:25:46,PTBA,RG,3860,12,F,ZP,CS,F
14:25:46,PTBA,RG,3860,286,F,ZP,AK,F
14:25:46,PTBA,RG,3860,5,F,ZP,PD,D
14:25:46,PTBA,RG,3860,13,F,ZP,AK,F
14:25:46,PTBA,RG,3860,1,F,ZP,BB,D
14:25:46,PTBA,RG,3860,44,F,ZP,BB,D
14:25:43,PTBA,RG,3860,1,D,XL,BB,D
14:25:39,PTBA,RG,3860,4,D,YP,BB,D
14:25:28,PTBA,RG,3860,2,D,DR,BB,D
14:25:20,PTBA,RG,3860,1,D,ZP,BB,D
14:25:09,PTBA,RG,3860,7,D,OD,BB,D
14:24:49,PTBA,RG,3860,1,D,SQ,BB,D
14:24:47,PTBA,RG,3850,5,D,CC,BB,D
14:24:31,PTBA,RG,3850,763,D,CC,XL,D
14:24:31,PTBA,RG,3850,237,D,CC,XL,D
14:24:31,PTBA,RG,3850,54,D,CC,BB,D
14:24:30,PTBA,RG,3860,8,D,PD,BB,D
14:24:29,PTBA,RG,3850,3,D,CC,PD,D
14:24:29,PTBA,RG,3860,72,D,AG,BB,D
14:24:29,PTBA,RG,3860,24,D,AG,CS,F
14:24:29,PTBA,RG,3860,9,D,AG,CS,D
14:24:29,PTBA,RG,3860,3,D,AG,BB,D
14:24:29,PTBA,RG,3860,39,D,AG,EP,D
14:24:29,PTBA,RG,3860,21,D,AG,BB,D
14:24:29,PTBA,RG,3860,9,D,AG,XL,D
14:24:29,PTBA,RG,3860,9,D,AG,OD,D
14:24:29,PTBA,RG,3860,50,D,AG,PD,D
14:24:29,PTBA,RG,3860,6,D,AG,CS,D
14:24:29,PTBA,RG,3860,107,D,AG,BK,F
14:24:29,PTBA,RG,3860,47,D,AG,CS,F
14:24:29,PTBA,RG,3860,17,D,AG,BB,D
14:24:29,PTBA,RG,3860,3,D,AG,BB,D
14:24:29,PTBA,RG,3860,50,D,AG,CC,F
14:24:29,PTBA,RG,3860,40,D,AG,BK,F
14:24:29,PTBA,RG,3860,6,D,AG,CS,D
14:24:29,PTBA,RG,3860,24,D,AG,BB,D
14:24:29,PTBA,RG,3860,30,D,AG,GR,D
14:24:29,PTBA,RG,3860,10,D,AG,DR,D
14:24:29,PTBA,RG,3860,461,D,AG,CC,D
14:24:26,PTBA,RG,3850,1,D,CC,XC,D
14:24:19,PTBA,RG,3850,30,D,CC,BB,D
14:24:11,PTBA,RG,3860,2,D,NI,CC,D
14:24:09,PTBA,RG,3850,26,D,CC,XC,D
14:24:07,PTBA,RG,3860,6,D,OD,CC,D
14:24:00,PTBA,RG,3850,6,D,CC,BB,D
14:23:58,PTBA,RG,3850,4,D,CC,BB,D
14:23:47,PTBA,RG,3850,7,D,CC,BB,D
14:23:42,PTBA,RG,3850,14,D,CC,NI,D
14:23:31,PTBA,RG,3850,47,D,CC,CC,D
14:23:28,PTBA,RG,3860,10,D,YP,CC,D
14:23:26,PTBA,RG,3850,74,D,CC,BB,D
14:23:25,PTBA,RG,3860,1,D,DR,CC,D
14:23:24,PTBA,RG,3860,1,D,DX,CC,D
14:23:23,PTBA,RG,3850,25,D,CC,BB,D
14:23:17,PTBA,RG,3860,165,D,XC,CC,D
14:23:17,PTBA,RG,3860,63,D,XC,CC,D
14:23:17,PTBA,RG,3850,1,D,CC,PD,D
14:23:17,PTBA,RG,3860,10,D,YP,CC,D
14:23:09,PTBA,RG,3860,8,D,OD,CC,D
14:23:06,PTBA,RG,3850,33,D,CC,BK,F
14:23:05,PTBA,RG,3860,110,D,CC,CC,D
14:23:04,PTBA,RG,3850,88,D,CC,GR,D
14:23:04,PTBA,RG,3850,412,D,CC,GR,D
14:22:57,PTBA,RG,3850,7,D,CC,BB,D
14:22:46,PTBA,RG,3860,10,D,DH,CC,D
14:22:43,PTBA,RG,3850,210,D,CC,BB,D
14:22:42,PTBA,RG,3860,12,D,PD,CC,D
14:22:37,PTBA,RG,3860,68,D,YP,CC,D
14:22:37,PTBA,RG,3860,5,D,YP,YP,D
14:22:37,PTBA,RG,3860,2,D,YP,SQ,D
14:22:37,PTBA,RG,3860,10,D,YP,YP,D
14:22:37,PTBA,RG,3860,4,D,YP,CS,F
14:22:37,PTBA,RG,3860,2,D,YP,YP,D
14:22:37,PTBA,RG,3860,9,D,YP,CC,D
14:22:37,PTBA,RG,3860,15,D,XC,CC,D
14:22:36,PTBA,RG,3850,26,D,CC,BB,D
14:22:33,PTBA,RG,3860,1,D,DR,CC,D
14:22:30,PTBA,RG,3860,150,F,AK,CC,D
14:22:29,PTBA,RG,3860,106,D,LS,CC,D
14:22:29,PTBA,RG,3860,103,D,LS,YP,D
14:22:29,PTBA,RG,3860,14,D,LS,CS,F
14:22:29,PTBA,RG,3860,4,D,LS,CS,F
14:22:29,PTBA,RG,3860,25,D,LS,CS,F
14:22:29,PTBA,RG,3860,748,D,LS,MG,D
14:22:28,PTBA,RG,3860,460,D,OD,MG,D
14:22:27,PTBA,RG,3860,25,D,PD,MG,D
14:22:27,PTBA,RG,3860,30,D,XL,MG,D
14:22:25,PTBA,RG,3860,10,D,GR,MG,D
14:22:23,PTBA,RG,3860,1,D,PD,MG,D
14:22:22,PTBA,RG,3860,50,F,AK,MG,D
14:22:22,PTBA,RG,3850,9,D,CC,PD,D
14:22:21,PTBA,RG,3850,1,D,CC,XC,D
14:22:18,PTBA,RG,3850,71,D,CC,BB,D
14:22:15,PTBA,RG,3860,5,D,PD,MG,D
14:22:11,PTBA,RG,3860,7,D,OD,MG,D
14:22:03,PTBA,RG,3850,7,D,CC,BB,D
14:22:00,PTBA,RG,3850,613,D,CC,CC,D
14:21:53,PTBA,RG,3860,22,F,AK,MG,D
14:21:47,PTBA,RG,3850,25,D,CC,BB,D
14:21:42,PTBA,RG,3850,5,D,CC,BB,D
14:21:25,PTBA,RG,3850,18,D,CC,CS,D
14:21:13,PTBA,RG,3850,70,D,CC,BB,D
14:21:13,PTBA,RG,3860,6,D,OD,MG,D
14:21:09,PTBA,RG,3850,6,D,CC,BB,D
14:21:00,PTBA,RG,3850,28,D,CC,BB,D
14:20:46,PTBA,RG,3850,100,D,CC,CC,D
14:20:25,PTBA,RG,3850,10,D,CC,PD,D
14:20:23,PTBA,RG,3850,82,D,CC,CS,F
14:20:21,PTBA,RG,3850,7,D,CC,BB,D
14:20:18,PTBA,RG,3860,1,D,KK,MG,D
14:20:13,PTBA,RG,3860,7,D,OD,MG,D
14:20:08,PTBA,RG,3850,70,D,CC,BB,D
14:20:07,PTBA,RG,3850,24,D,CC,BB,D
14:19:39,PTBA,RG,3850,10,D,CC,LG,D
14:19:28,PTBA,RG,3850,7,D,CC,BB,D
14:19:23,PTBA,RG,3850,4,D,CC,BB,D
14:19:21,PTBA,RG,3860,5,D,NI,MG,D
14:19:21,PTBA,RG,3850,26,D,CC,BB,D
14:19:15,PTBA,RG,3860,6,D,OD,MG,D
14:19:15,PTBA,RG,3850,2,D,CC,YP,D
14:19:04,PTBA,RG,3850,71,D,CC,BB,D
14:19:00,PTBA,RG,3850,79,D,CC,BB,D
14:19:00,PTBA,RG,3850,20,D,KK,BB,D
14:19:00,PTBA,RG,3850,5,D,PD,BB,D
14:19:00,PTBA,RG,3850,97,D,KK,BB,D
14:18:57,PTBA,RG,3850,2,D,KK,XL,D
14:18:38,PTBA,RG,3850,1,D,KK,YU,D
14:18:38,PTBA,RG,3850,1,D,PD,YU,D
14:18:38,PTBA,RG,3850,3,D,XL,YU,D
14:18:38,PTBA,RG,3850,100,D,NI,YU,D
14:18:38,PTBA,RG,3850,1,D,YP,YU,D
14:18:38,PTBA,RG,3850,3,D,PD,YU,D
14:18:38,PTBA,RG,3850,5,D,CC,YU,D
14:18:38,PTBA,RG,3850,10,D,YP,YU,D
14:18:38,PTBA,RG,3850,1,D,LG,YU,D
14:18:38,PTBA,RG,3850,3,D,XL,YU,D
14:18:38,PTBA,RG,3850,5,D,PD,YU,D
14:18:38,PTBA,RG,3850,3,D,XC,YU,D
14:18:38,PTBA,RG,3850,1,D,NI,YU,D
14:18:38,PTBA,RG,3850,10,D,GR,YU,D
14:18:38,PTBA,RG,3850,50,F,ZP,YU,D
14:18:38,PTBA,RG,3850,1,D,XL,YU,D
14:18:38,PTBA,RG,3850,2,D,CC,YU,D
14:18:38,PTBA,RG,3850,53,D,YP,YU,D
14:18:38,PTBA,RG,3850,10,D,PD,YU,D
14:18:38,PTBA,RG,3850,1,D,DH,YU,D
14:18:38,PTBA,RG,3850,106,D,XC,YU,D
14:18:37,PTBA,RG,3850,7,D,XC,BB,D
14:18:32,PTBA,RG,3850,19,D,XC,CS,D
14:18:32,PTBA,RG,3850,25,D,XC,BB,D
14:18:25,PTBA,RG,3850,151,D,XC,DR,D
14:18:25,PTBA,RG,3850,92,D,YU,DR,D
14:18:25,PTBA,RG,3850,7,D,CC,DR,D
14:18:24,PTBA,RG,3850,10,D,CC,GR,D
14:18:17,PTBA,RG,3860,7,D,OD,MG,D
14:18:11,PTBA,RG,3850,10,D,CC,GR,D
14:17:59,PTBA,RG,3850,70,D,CC,BB,D
14:17:47,PTBA,RG,3850,6,D,CC,BB,D
14:17:44,PTBA,RG,3850,26,D,CC,BB,D
14:17:28,PTBA,RG,3850,5,D,CC,GR,D
14:17:17,PTBA,RG,3860,1,D,XC,MG,D
14:17:17,PTBA,RG,3860,7,D,OD,MG,D
14:17:11,PTBA,RG,3850,4,D,CC,BB,D
14:17:11,PTBA,RG,3860,1,D,XL,MG,D
14:16:56,PTBA,RG,3850,8,D,CC,YP,D
14:16:55,PTBA,RG,3850,6,D,CC,BB,D
14:16:55,PTBA,RG,3850,73,D,CC,BB,D
14:16:55,PTBA,RG,3850,30,D,CC,BB,D
14:16:44,PTBA,RG,3850,1,D,CC,BB,D
14:16:18,PTBA,RG,3860,38,D,PD,MG,D
14:16:15,PTBA,RG,3860,7,D,OD,MG,D
14:16:10,PTBA,RG,3850,6,D,CC,BB,D
14:15:59,PTBA,RG,3850,28,D,CC,BB,D
14:15:48,PTBA,RG,3850,73,D,CC,BB,D
14:15:46,PTBA,RG,3850,103,D,CC,YP,D
14:15:31,PTBA,RG,3860,2,D,XC,MG,D
14:15:27,PTBA,RG,3850,34,D,CC,BB,D
14:15:27,PTBA,RG,3850,1,D,PD,BB,D
14:15:27,PTBA,RG,3850,10,D,SQ,BB,D
14:15:27,PTBA,RG,3850,10,D,PD,BB,D
14:15:27,PTBA,RG,3850,2,D,XC,BB,D
14:15:27,PTBA,RG,3850,9,D,DX,BB,D
14:15:27,PTBA,RG,3850,10,D,XL,BB,D
14:15:27,PTBA,RG,3850,24,D,CC,BB,D
14:15:25,PTBA,RG,3850,7,D,CC,BB,D
14:15:15,PTBA,RG,3860,4,D,OD,MG,D
14:15:05,PTBA,RG,3850,26,D,CC,BB,D
14:15:05,PTBA,RG,3850,5,D,CC,EP,D
14:15:01,PTBA,RG,3850,2,D,CC,BB,D
14:14:41,PTBA,RG,3850,67,D,CC,BB,D
14:14:40,PTBA,RG,3850,119,D,CC,GR,D
14:14:40,PTBA,RG,3850,5,D,YP,GR,D
14:14:40,PTBA,RG,3850,24,D,YP,GR,D
14:14:40,PTBA,RG,3850,50,F,ZP,GR,D
14:14:40,PTBA,RG,3850,2,D,NI,GR,D
14:14:40,PTBA,RG,3850,15,D,XL,GR,D
14:14:40,PTBA,RG,3850,5,D,XC,GR,D
14:14:40,PTBA,RG,3850,1,D,PD,GR,D
14:14:40,PTBA,RG,3850,5,D,YP,GR,D
14:14:40,PTBA,RG,3850,2,D,XL,GR,D
14:14:40,PTBA,RG,3850,10,D,CC,GR,D
14:14:40,PTBA,RG,3850,1,D,XC,GR,D
14:14:40,PTBA,RG,3850,2,D,DH,GR,D
14:14:40,PTBA,RG,3850,2,D,XC,GR,D
14:14:40,PTBA,RG,3850,1,D,IP,GR,D
14:14:40,PTBA,RG,3850,21,D,YP,GR,D
14:14:34,PTBA,RG,3850,6,D,YP,BB,D
14:14:25,PTBA,RG,3850,10,D,YP,YP,D
14:14:17,PTBA,RG,3850,27,D,YP,BB,D
14:14:16,PTBA,RG,3860,50,D,PD,MG,D
14:14:16,PTBA,RG,3860,18,D,PD,DH,D
14:14:16,PTBA,RG,3860,2,D,PD,CC,D
14:14:16,PTBA,RG,3860,12,D,PD,CS,F
14:14:16,PTBA,RG,3860,6,D,PD,CS,F
14:14:16,PTBA,RG,3860,1,D,PD,YP,D
14:14:16,PTBA,RG,3860,10,D,PD,HP,D
14:14:16,PTBA,RG,3860,9,D,PD,CS,F
14:14:16,PTBA,RG,3860,4,D,PD,CS,F
14:14:16,PTBA,RG,3860,7,D,PD,CS,F
14:14:16,PTBA,RG,3860,1,D,PD,BB,D
14:14:16,PTBA,RG,3860,7,D,PD,CS,F
14:14:15,PTBA,RG,3860,5,D,OD,CS,F
14:14:10,PTBA,RG,3850,9,D,YP,IP,D
14:14:05,PTBA,RG,3850,14,D,YP,XL,D
14:14:05,PTBA,RG,3850,1,D,YP,YP,D
14:14:00,PTBA,RG,3850,7,D,YP,XC,D
14:13:52,PTBA,RG,3850,5,D,YP,XC,D
14:13:52,PTBA,RG,3850,1,D,PD,XC,D
14:13:48,PTBA,RG,3850,1,D,PG,BB,D
14:13:48,PTBA,RG,3850,5,F,ZP,BB,D
14:13:46,PTBA,RG,3850,47,F,ZP,PD,D
14:13:39,PTBA,RG,3850,69,F,ZP,BB,D
14:13:33,PTBA,RG,3850,5,F,ZP,KK,D
14:13:26,PTBA,RG,3850,40,F,ZP,GR,D
14:13:25,PTBA,RG,3850,27,F,ZP,BB,D
14:13:19,PTBA,RG,3860,6,F,ZP,CS,F
14:13:19,PTBA,RG,3860,1,F,ZP,CS,D
14:13:19,PTBA,RG,3860,19,F,ZP,CS,F
14:13:15,PTBA,RG,3850,5,F,ZP,CC,D
14:13:13,PTBA,RG,3860,3,D,OD,CS,F
14:13:12,PTBA,RG,3850,30,F,ZP,YP,D
14:13:02,PTBA,RG,3850,6,F,ZP,BB,D
14:12:46,PTBA,RG,3850,9,F,ZP,CC,D
14:12:43,PTBA,RG,3860,3,D,IF,CS,F
14:12:40,PTBA,RG,3850,10,F,ZP,GR,D
14:12:36,PTBA,RG,3850,16,F,ZP,IF,D
14:12:36,PTBA,RG,3850,10,D,ZP,IF,D
14:12:36,PTBA,RG,3850,2,D,YP,IF,D
14:12:36,PTBA,RG,3850,1,D,XL,IF,D
14:12:36,PTBA,RG,3850,1,D,PD,IF,D
14:12:36,PTBA,RG,3850,26,D,XC,IF,D
14:12:36,PTBA,RG,3850,1,D,XL,IF,D
14:12:36,PTBA,RG,3850,160,D,DH,IF,D
14:12:36,PTBA,RG,3850,5,D,PD,IF,D
14:12:36,PTBA,RG,3850,2,D,XC,IF,D
14:12:36,PTBA,RG,3850,330,F,ZP,IF,D
14:12:36,PTBA,RG,3850,46,F,ZP,IF,D
14:12:36,PTBA,RG,3850,900,D,TP,IF,D
14:12:36,PTBA,RG,3850,64,D,TP,BB,D
14:12:35,PTBA,RG,3850,24,D,TP,BB,D
14:12:33,PTBA,RG,3860,20,D,HP,CS,F
14:12:33,PTBA,RG,3860,5,D,HP,NI,D
14:12:33,PTBA,RG,3860,5,D,HP,OD,D
14:12:25,PTBA,RG,3850,25,D,TP,CC,D
14:12:22,PTBA,RG,3860,20,F,ZP,OD,D
14:12:22,PTBA,RG,3860,42,F,ZP,BB,D
14:12:22,PTBA,RG,3860,1,F,ZP,BB,D
14:12:22,PTBA,RG,3860,8,F,ZP,BB,D
14:12:22,PTBA,RG,3860,3,F,ZP,CS,F
14:12:17,PTBA,RG,3860,10,D,PD,CS,F
14:12:17,PTBA,RG,3860,1,D,OD,CS,F
14:12:17,PTBA,RG,3860,3,D,OD,BB,D
14:12:16,PTBA,RG,3850,7,D,TP,BB,D
14:12:15,PTBA,RG,3850,200,D,TP,GR,D
14:11:58,PTBA,RG,3860,2,D,PD,BB,D
14:11:58,PTBA,RG,3860,7,D,PD,BB,D
14:11:58,PTBA,RG,3860,11,D,PD,AK,F
14:11:48,PTBA,RG,3850,25,D,TP,BB,D
14:11:44,PTBA,RG,3850,8,D,TP,BB,D
14:11:27,PTBA,RG,3850,7,D,TP,BB,D
14:11:23,PTBA,RG,3860,67,F,ZP,AK,F
14:11:23,PTBA,RG,3850,10,D,TP,PD,D
14:11:19,PTBA,RG,3860,4,D,OD,AK,F
14:11:18,PTBA,RG,3850,50,D,TP,GR,D
14:11:17,PTBA,RG,3850,13,D,TP,BB,D
14:11:12,PTBA,RG,3850,3,D,TP,CC,D
14:11:06,PTBA,RG,3850,600,D,TP,DR,D
14:11:02,PTBA,RG,3850,25,D,TP,BB,D
14:10:59,PTBA,RG,3850,15,D,TP,XC,D
14:10:58,PTBA,RG,3860,1,D,PD,AK,F
14:10:40,PTBA,RG,3850,5,D,TP,GR,D
14:10:35,PTBA,RG,3850,3,D,TP,BB,D
14:10:35,PTBA,RG,3850,1200,D,TP,GR,D
14:10:31,PTBA,RG,3860,6,F,ZP,AK,F
14:10:26,PTBA,RG,3850,22,D,TP,BB,D
14:10:23,PTBA,RG,3850,2,D,TP,CC,D
14:10:21,PTBA,RG,3860,3,D,OD,AK,F
14:10:13,PTBA,RG,3850,16,D,TP,BB,D
14:10:09,PTBA,RG,3850,21,D,TP,CS,F
14:10:09,PTBA,RG,3850,17,D,TP,CS,F
14:10:09,PTBA,RG,3850,5,D,TP,CS,D
14:10:09,PTBA,RG,3850,18,D,TP,CS,F
14:10:09,PTBA,RG,3850,1,D,TP,BB,D
14:10:09,PTBA,RG,3850,5,D,TP,BB,D
14:10:09,PTBA,RG,3850,157,D,TP,PD,D
14:10:09,PTBA,RG,3850,9,D,TP,CS,D
14:10:09,PTBA,RG,3850,19,D,TP,CS,F
14:10:09,PTBA,RG,3850,3,D,TP,CS,F
14:10:08,PTBA,RG,3850,19,D,TP,CS,F
14:10:08,PTBA,RG,3850,2,D,TP,CS,D
14:10:08,PTBA,RG,3850,6,D,TP,CS,D
14:10:08,PTBA,RG,3850,6,D,TP,CS,F
14:10:08,PTBA,RG,3850,53,D,TP,BB,D
14:10:08,PTBA,RG,3850,2,D,TP,GR,D
14:10:08,PTBA,RG,3850,1,D,TP,BB,D
14:10:08,PTBA,RG,3850,5,D,TP,BB,D
14:10:08,PTBA,RG,3850,2,D,TP,CS,D
14:10:08,PTBA,RG,3850,5,D,TP,CS,F
14:10:08,PTBA,RG,3850,23,D,TP,CS,F
14:10:08,PTBA,RG,3850,7,D,TP,CS,D
14:10:08,PTBA,RG,3850,1,D,TP,XL,D
14:10:08,PTBA,RG,3850,81,D,TP,BB,D
14:10:08,PTBA,RG,3850,5,D,TP,HP,D
14:10:08,PTBA,RG,3850,259,D,TP,AK,F
14:10:08,PTBA,RG,3850,587,D,TP,AK,F
14:10:08,PTBA,RG,3850,11,D,TP,AK,F
14:10:08,PTBA,RG,3850,27,D,TP,AK,F
14:10:08,PTBA,RG,3850,37,D,TP,BB,D
14:10:08,PTBA,RG,3850,1,D,TP,BB,D
14:10:08,PTBA,RG,3850,2,D,TP,BB,D
14:10:08,PTBA,RG,3850,37,D,TP,BK,F
14:10:08,PTBA,RG,3850,25,D,TP,CC,F
14:10:08,PTBA,RG,3850,5,D,TP,CS,F
14:10:08,PTBA,RG,3850,27,D,TP,CS,F
14:10:08,PTBA,RG,3850,285,D,TP,CC,D
14:10:07,PTBA,RG,3850,100,D,YJ,CC,D
14:09:59,PTBA,RG,3850,100,D,KK,CC,D
14:09:58,PTBA,RG,3850,62,D,KK,CC,D
14:09:58,PTBA,RG,3850,33,D,KK,XC,D
14:09:58,PTBA,RG,3850,7,D,KK,CS,D
14:09:58,PTBA,RG,3850,1,D,KK,BB,D
14:09:58,PTBA,RG,3850,5,D,KK,BB,D
14:09:58,PTBA,RG,3850,19,D,KK,CS,F
14:09:56,PTBA,RG,3840,52,D,DR,BB,D
14:09:45,PTBA,RG,3840,7,D,DR,BB,D
14:09:41,PTBA,RG,3850,10,D,NI,CS,F
14:09:36,PTBA,RG,3850,2,D,YP,CS,F
14:09:30,PTBA,RG,3850,5,D,XL,KK,D
14:09:29,PTBA,RG,3850,2,D,PD,KK,D
14:09:27,PTBA,RG,3850,3,D,ZP,KK,D
14:09:19,PTBA,RG,3840,62,D,DR,BB,D
14:09:16,PTBA,RG,3850,15,D,OD,KK,D
14:09:16,PTBA,RG,3850,92,D,YU,KK,D
14:09:16,PTBA,RG,3850,201,F,ZP,KK,D
14:09:16,PTBA,RG,3850,13,F,ZP,CS,F
14:09:16,PTBA,RG,3850,1,F,ZP,PD,D
14:09:16,PTBA,RG,3850,28,F,ZP,BB,D
14:09:15,PTBA,RG,3850,5,F,ZP,PD,D
14:09:15,PTBA,RG,3850,17,F,ZP,DH,D
14:09:14,PTBA,RG,3850,10,F,ZP,NI,D
14:09:13,PTBA,RG,3850,23,F,ZP,CC,D
14:09:13,PTBA,RG,3850,1,D,XC,CC,D
14:09:13,PTBA,RG,3850,4,D,XC,CC,D
14:09:13,PTBA,RG,3850,1000,D,CC,CC,D
14:09:13,PTBA,RG,3850,270,D,CC,CC,D
14:09:13,PTBA,RG,3850,5,D,OD,CC,D
14:09:13,PTBA,RG,3850,4,D,SQ,CC,D
14:09:13,PTBA,RG,3850,5,D,CC,CC,D
14:09:13,PTBA,RG,3850,5,D,CC,CC,D
14:09:13,PTBA,RG,3850,583,D,CC,CC,D
14:09:12,PTBA,RG,3850,10,D,CC,HP,D
14:09:12,PTBA,RG,3850,10,D,CC,NI,D
14:09:04,PTBA,RG,3850,1,D,CC,YP,D
14:09:01,PTBA,RG,3850,43,D,CC,BB,D
14:08:54,PTBA,RG,3850,100,D,CC,YP,D
14:08:53,PTBA,RG,3850,39,D,CC,BK,F
14:08:53,PTBA,RG,3850,6,D,CC,BB,D
14:08:53,PTBA,RG,3850,1,D,CC,XC,D
14:08:51,PTBA,RG,3850,55,D,CC,BK,F
14:08:51,PTBA,RG,3850,100,D,CC,CC,D
14:08:50,PTBA,RG,3850,11,D,CC,OD,D
14:08:49,PTBA,RG,3850,34,D,CC,YP,D
14:08:48,PTBA,RG,3850,23,D,CC,GR,D
14:08:47,PTBA,RG,3850,100,D,CC,SQ,D
14:08:46,PTBA,RG,3850,154,D,CC,BK,F
14:08:45,PTBA,RG,3850,20,D,CC,XC,D
14:08:44,PTBA,RG,3850,1000,D,CC,DR,D
14:08:44,PTBA,RG,3850,15,D,CC,CS,D
14:08:44,PTBA,RG,3850,98,D,CC,CS,F
14:08:44,PTBA,RG,3850,100,D,CC,YP,D
14:08:43,PTBA,RG,3850,8,D,CC,XC,D
14:08:42,PTBA,RG,3850,46,D,CC,BK,F
14:08:41,PTBA,RG,3850,250,D,CC,DH,D
14:08:39,PTBA,RG,3850,79,D,CC,BK,F
14:08:36,PTBA,RG,3850,114,D,CC,BK,F
14:08:36,PTBA,RG,3850,5,D,OD,BK,F
14:08:36,PTBA,RG,3850,15,D,XC,BK,F
14:08:36,PTBA,RG,3850,1,D,NI,BK,F
14:08:36,PTBA,RG,3850,129,D,EP,BK,F
14:08:36,PTBA,RG,3850,1,D,XC,BK,F
14:08:36,PTBA,RG,3850,7,D,XC,BK,F
14:08:36,PTBA,RG,3850,1,D,XC,BK,F
14:08:36,PTBA,RG,3850,20,D,NI,BK,F
14:08:36,PTBA,RG,3850,20,D,YP,BK,F
14:08:36,PTBA,RG,3850,1,D,YP,BK,F
14:08:36,PTBA,RG,3850,5,D,XC,BK,F
14:08:36,PTBA,RG,3850,1,D,XC,BK,F
14:08:36,PTBA,RG,3850,2,D,PD,BK,F
14:08:36,PTBA,RG,3850,5,D,CC,BK,F
14:08:36,PTBA,RG,3850,2,D,XL,BK,F
14:08:36,PTBA,RG,3850,1,D,PD,BK,F
14:08:36,PTBA,RG,3850,1,D,XC,BK,F
14:08:36,PTBA,RG,3850,1,D,YP,BK,F
14:08:36,PTBA,RG,3850,2,D,NI,BK,F
14:08:36,PTBA,RG,3850,1,D,XC,BK,F
14:08:36,PTBA,RG,3850,227,F,ZP,BK,F
14:08:36,PTBA,RG,3850,2,D,NI,BK,F
14:08:36,PTBA,RG,3850,1,D,XL,BK,F
14:08:36,PTBA,RG,3850,15,D,CC,BK,F
14:08:36,PTBA,RG,3850,1,D,XC,BK,F
14:08:36,PTBA,RG,3850,49,D,CC,BK,F
14:08:34,PTBA,RG,3850,1151,D,CC,GR,D
14:08:34,PTBA,RG,3850,90,D,YU,GR,D
14:08:34,PTBA,RG,3850,1,D,CC,GR,D
14:08:34,PTBA,RG,3850,500,D,CC,GR,D
14:08:34,PTBA,RG,3850,3,D,XC,GR,D
14:08:34,PTBA,RG,3850,625,D,CC,GR,D
14:08:33,PTBA,RG,3850,1,D,CC,YP,D
14:08:31,PTBA,RG,3850,674,D,CC,AK,F
14:08:31,PTBA,RG,3850,3,D,NI,AK,F
14:08:31,PTBA,RG,3850,2,D,XL,AK,F
14:08:31,PTBA,RG,3850,402,F,ZP,AK,F
14:08:31,PTBA,RG,3850,10,D,LS,AK,F
14:08:31,PTBA,RG,3850,2,D,YP,AK,F
14:08:31,PTBA,RG,3850,5,D,ZP,AK,F
14:08:31,PTBA,RG,3850,1000,D,DR,AK,F
14:08:31,PTBA,RG,3850,1,D,YP,AK,F
14:08:31,PTBA,RG,3850,1,D,YP,AK,F
14:08:31,PTBA,RG,3850,1,D,YP,AK,F
14:08:31,PTBA,RG,3850,1,D,YP,AK,F
14:08:31,PTBA,RG,3850,1,D,DH,AK,F
14:08:31,PTBA,RG,3850,3,D,PD,AK,F
14:08:31,PTBA,RG,3850,10,D,NI,AK,F
14:08:31,PTBA,RG,3850,1,D,XL,AK,F
14:08:31,PTBA,RG,3850,5,D,OD,AK,F
14:08:31,PTBA,RG,3850,50,D,ZP,AK,F
14:08:31,PTBA,RG,3850,9,D,SQ,AK,F
14:08:31,PTBA,RG,3850,1,D,NI,AK,F
14:08:31,PTBA,RG,3850,318,D,EP,AK,F
14:08:30,PTBA,RG,3850,169,D,EP,BK,F
14:08:29,PTBA,RG,3850,208,D,EP,AK,F
14:08:29,PTBA,RG,3850,8,D,CC,AK,F
14:08:29,PTBA,RG,3850,2115,D,CC,AK,F
14:08:29,PTBA,RG,3850,1,D,LG,AK,F
14:08:29,PTBA,RG,3850,100,D,KK,AK,F
14:08:29,PTBA,RG,3850,1,D,PD,AK,F
14:08:29,PTBA,RG,3850,7,D,PD,AK,F
14:08:29,PTBA,RG,3850,1,D,PD,AK,F
14:08:29,PTBA,RG,3850,2,D,PD,AK,F
14:08:29,PTBA,RG,3850,1,D,PD,AK,F
14:08:29,PTBA,RG,3850,4,D,XA,AK,F
14:08:29,PTBA,RG,3850,2,D,XC,AK,F
14:08:29,PTBA,RG,3850,5,D,LG,AK,F
14:08:29,PTBA,RG,3850,1,D,YP,AK,F
14:08:29,PTBA,RG,3850,1,D,GR,AK,F
14:08:29,PTBA,RG,3850,1,D,XC,AK,F
14:08:29,PTBA,RG,3850,42,D,PD,AK,F
14:08:28,PTBA,RG,3850,258,D,PD,DH,D
14:08:28,PTBA,RG,3850,1,D,CC,DH,D
14:08:28,PTBA,RG,3850,1,D,XC,DH,D
14:08:28,PTBA,RG,3850,2,D,YP,DH,D
14:08:28,PTBA,RG,3850,10,D,XC,DH,D
14:08:28,PTBA,RG,3850,5,D,YP,DH,D
14:08:28,PTBA,RG,3850,4,D,XL,DH,D
14:08:28,PTBA,RG,3850,2,D,XC,DH,D
14:08:28,PTBA,RG,3850,217,D,KK,DH,D
14:08:23,PTBA,RG,3850,54,D,KK,BB,D
14:08:22,PTBA,RG,3850,26,D,KK,BB,D
14:08:21,PTBA,RG,3860,4,D,OD,AK,F
14:08:15,PTBA,RG,3850,51,D,KK,BB,D
14:08:08,PTBA,RG,3850,1,D,KK,XC,D
14:08:08,PTBA,RG,3850,6,D,KK,BB,D
14:07:55,PTBA,RG,3850,1,D,KK,DR,D
14:07:46,PTBA,RG,3860,3,D,DH,AK,F
14:07:42,PTBA,RG,3850,50,D,KK,DR,D
14:07:40,PTBA,RG,3850,300,D,KK,ZP,F
14:07:35,PTBA,RG,3850,65,D,KK,NI,D
14:07:34,PTBA,RG,3850,58,D,KK,BB,D
14:07:32,PTBA,RG,3860,25,D,XC,AK,F
14:07:32,PTBA,RG,3850,26,D,KK,BB,D
14:07:26,PTBA,RG,3860,5,D,SQ,AK,F
14:07:21,PTBA,RG,3850,52,D,KK,BB,D
14:07:20,PTBA,RG,3850,7,D,KK,BB,D
14:07:19,PTBA,RG,3860,4,D,OD,AK,F
14:07:08,PTBA,RG,3860,5,D,PD,AK,F
14:07:00,PTBA,RG,3860,50,D,EP,AK,F
14:06:46,PTBA,RG,3860,27,D,KK,AK,F
14:06:44,PTBA,RG,3850,19,D,KK,BB,D
14:06:43,PTBA,RG,3850,27,D,KK,BB,D
14:06:40,PTBA,RG,3850,54,D,KK,BB,D
14:06:36,PTBA,RG,3860,50,D,EP,AK,F
14:06:30,PTBA,RG,3850,6,D,KK,BB,D
14:06:30,PTBA,RG,3850,150,D,KK,YP,D
14:06:26,PTBA,RG,3850,44,D,KK,BB,D
14:06:20,PTBA,RG,3860,5,D,PD,AK,F
14:06:18,PTBA,RG,3860,7,D,PD,AK,F
14:06:18,PTBA,RG,3860,31,D,PD,BR,D
14:06:17,PTBA,RG,3860,4,D,OD,BR,D
14:05:57,PTBA,RG,3860,27,D,HP,BR,D
14:05:53,PTBA,RG,3850,25,D,KK,BB,D
14:05:50,PTBA,RG,3850,60,D,KK,BB,D
14:05:50,PTBA,RG,3860,1,D,PD,BR,D
14:05:50,PTBA,RG,3850,1,D,KK,CC,D
14:05:47,PTBA,RG,3860,2,D,PD,BR,D
14:05:40,PTBA,RG,3850,6,D,KK,BB,D
14:05:39,PTBA,RG,3850,49,D,KK,BB,D
14:05:19,PTBA,RG,3860,50,D,YP,BR,D
14:05:18,PTBA,RG,3860,4,D,OD,BR,D
14:05:10,PTBA,RG,3860,6,D,PD,BR,D
14:05:06,PTBA,RG,3860,1,D,YP,BR,D
14:05:06,PTBA,RG,3850,29,D,KK,BB,D
14:04:56,PTBA,RG,3850,60,D,KK,BB,D
14:04:54,PTBA,RG,3850,7,D,KK,BB,D
14:04:47,PTBA,RG,3850,49,D,KK,BB,D
14:04:47,PTBA,RG,3850,1,D,GR,BB,D
14:04:47,PTBA,RG,3850,1,D,HP,BB,D
14:04:18,PTBA,RG,3860,4,D,OD,BR,D
14:04:17,PTBA,RG,3850,9,D,OD,XC,D
14:04:11,PTBA,RG,3850,25,D,OD,BB,D
14:04:07,PTBA,RG,3850,6,D,OD,BB,D
14:04:01,PTBA,RG,3850,49,D,OD,BB,D
14:03:58,PTBA,RG,3860,1,D,XC,BR,D
14:03:53,PTBA,RG,3850,11,D,OD,BB,D
14:03:53,PTBA,RG,3850,4,D,EP,BB,D
14:03:53,PTBA,RG,3850,1,D,PD,BB,D
14:03:53,PTBA,RG,3850,10,D,YP,BB,D
14:03:53,PTBA,RG,3850,3,D,PD,BB,D
14:03:53,PTBA,RG,3850,4,D,SQ,BB,D
14:03:53,PTBA,RG,3850,2,D,CC,BB,D
14:03:53,PTBA,RG,3850,5,D,CC,BB,D
14:03:53,PTBA,RG,3850,1,D,PD,BB,D
14:03:53,PTBA,RG,3850,12,D,YU,BB,D
14:03:49,PTBA,RG,3860,20,D,YP,BR,D
14:03:23,PTBA,RG,3850,25,D,YU,BB,D
14:03:23,PTBA,RG,3860,130,D,PD,BR,D
14:03:22,PTBA,RG,3860,1,D,IU,BR,D
14:03:20,PTBA,RG,3860,3,D,OD,BR,D
14:03:19,PTBA,RG,3850,7,D,YU,BB,D
14:03:17,PTBA,RG,3860,2600,D,KI,BR,D
14:03:15,PTBA,RG,3850,40,D,YU,BB,D
14:03:15,PTBA,RG,3850,1,D,XC,BB,D
14:03:15,PTBA,RG,3850,1,D,XC,BB,D
14:03:15,PTBA,RG,3850,1,D,PD,BB,D
14:03:15,PTBA,RG,3850,9,D,CC,BB,D
14:03:15,PTBA,RG,3850,2,D,BR,BB,D
14:03:11,PTBA,RG,3860,1,D,DX,BR,D
14:03:08,PTBA,RG,3860,5,D,PD,BR,D
14:02:56,PTBA,RG,3850,28,D,BR,BB,D
14:02:56,PTBA,RG,3850,20,D,XC,BB,D
14:02:47,PTBA,RG,3850,1,D,XC,XC,D
14:02:39,PTBA,RG,3860,15,D,PD,BR,D
14:02:35,PTBA,RG,3850,5,D,XC,BB,D
14:02:35,PTBA,RG,3850,7,D,EP,BB,D
14:02:26,PTBA,RG,3850,3,D,EP,BB,D
14:02:26,PTBA,RG,3850,3,D,XC,BB,D
14:02:26,PTBA,RG,3850,1,D,CC,BB,D
14:02:26,PTBA,RG,3850,10,D,PD,BB,D
14:02:26,PTBA,RG,3850,1,D,SQ,BB,D
14:02:26,PTBA,RG,3850,1,D,XL,BB,D
14:02:26,PTBA,RG,3850,10,D,CC,BB,D
14:02:26,PTBA,RG,3850,1,D,PD,BB,D
14:02:26,PTBA,RG,3850,1,D,YP,BB,D
14:02:26,PTBA,RG,3850,25,D,CC,BB,D
14:02:23,PTBA,RG,3850,6,D,CC,BB,D
14:02:22,PTBA,RG,3850,4,D,CC,CC,D
14:02:20,PTBA,RG,3850,28,D,CC,BK,F
14:02:17,PTBA,RG,3860,94,D,CC,BR,D
14:02:17,PTBA,RG,3860,6,D,CC,CS,F
14:02:13,PTBA,RG,3860,3,D,SQ,CS,F
14:02:06,PTBA,RG,3850,33,D,CC,BB,D
14:01:56,PTBA,RG,3850,5,D,CC,DR,D
14:01:54,PTBA,RG,3850,10,D,CC,YP,D
14:01:51,PTBA,RG,3860,16,D,DR,CS,F
14:01:51,PTBA,RG,3860,1,D,DR,BB,D
14:01:51,PTBA,RG,3860,16,D,DR,BB,D
14:01:51,PTBA,RG,3860,17,D,DR,BB,D
14:01:50,PTBA,RG,3850,70,D,CC,YP,D
14:01:42,PTBA,RG,3850,29,D,CC,BK,F
14:01:42,PTBA,RG,3850,5,D,CC,BB,D
14:01:38,PTBA,RG,3850,60,D,CC,BK,F
14:01:35,PTBA,RG,3850,62,D,CC,BB,D
14:01:34,PTBA,RG,3850,495,D,CC,BK,F
14:01:32,PTBA,RG,3860,28,F,ZP,AK,F
14:01:32,PTBA,RG,3860,298,F,ZP,AK,F
14:01:31,PTBA,RG,3860,292,F,ZP,AK,F
14:01:31,PTBA,RG,3860,5,D,NI,AK,F
14:01:31,PTBA,RG,3860,4,D,OD,AK,F
14:01:31,PTBA,RG,3860,5,D,YP,AK,F
14:01:31,PTBA,RG,3860,1,D,YP,AK,F
14:01:31,PTBA,RG,3860,1,D,DH,AK,F
14:01:31,PTBA,RG,3860,500,D,PD,AK,F
14:01:31,PTBA,RG,3860,30,D,SQ,AK,F
14:01:31,PTBA,RG,3860,1,D,XC,AK,F
14:01:31,PTBA,RG,3860,563,F,ZP,AK,F
14:01:31,PTBA,RG,3860,50,D,CC,AK,F
14:01:31,PTBA,RG,3860,1048,D,CC,AK,F
14:01:30,PTBA,RG,3860,2500,D,CC,AK,F
14:01:29,PTBA,RG,3860,452,D,CC,AK,F
14:01:29,PTBA,RG,3860,5,D,ZP,AK,F
14:01:29,PTBA,RG,3860,843,F,ZP,AK,F
14:01:29,PTBA,RG,3860,1200,D,CC,AK,F
14:01:29,PTBA,RG,3860,4,D,CC,BB,D
14:01:29,PTBA,RG,3860,100,D,CC,YP,D
14:01:24,PTBA,RG,3870,4,D,OD,CC,D
14:01:21,PTBA,RG,3870,4,D,XA,CC,D
14:01:21,PTBA,RG,3860,5,D,CC,DR,D
14:01:14,PTBA,RG,3860,20,D,CC,BB,D
14:01:04,PTBA,RG,3870,28,D,KK,CC,D
14:01:04,PTBA,RG,3870,25,D,KK,IU,D
14:01:04,PTBA,RG,3870,1,D,KK,GR,D
14:01:04,PTBA,RG,3870,30,D,KK,CC,D
14:01:04,PTBA,RG,3870,13,D,KK,NI,D
14:01:04,PTBA,RG,3870,10,D,KK,XC,D
14:01:04,PTBA,RG,3870,9,D,KK,XC,D
14:01:04,PTBA,RG,3870,9,D,KK,NI,D
14:01:04,PTBA,RG,3870,5,D,KK,DH,D
14:01:04,PTBA,RG,3870,500,D,KK,CC,D
14:01:04,PTBA,RG,3870,20,D,KK,CC,D
14:01:00,PTBA,RG,3860,5,D,CC,YP,D
14:00:41,PTBA,RG,3860,73,D,CC,CS,F
14:00:41,PTBA,RG,3860,26,D,CC,CS,F
14:00:41,PTBA,RG,3860,24,D,CC,CS,F
14:00:41,PTBA,RG,3860,112,D,CC,BK,F
14:00:41,PTBA,RG,3860,14,D,CC,BB,D
14:00:41,PTBA,RG,3860,30,D,CC,CS,F
14:00:41,PTBA,RG,3860,3,D,CC,BB,D
14:00:41,PTBA,RG,3860,26,D,CC,BB,D
14:00:41,PTBA,RG,3860,8,D,CC,BB,D
14:00:41,PTBA,RG,3860,13,D,CC,CS,D
14:00:41,PTBA,RG,3860,10,D,CC,CS,F
14:00:41,PTBA,RG,3860,239,D,CC,AK,F
14:00:41,PTBA,RG,3860,10,D,CC,AK,F
14:00:41,PTBA,RG,3860,20,D,CC,CC,F
14:00:41,PTBA,RG,3860,37,D,CC,CS,F
14:00:41,PTBA,RG,3860,2,D,CC,CC,D
14:00:41,PTBA,RG,3860,19,D,CC,PD,D
14:00:40,PTBA,RG,3860,11,D,CC,PD,D
14:00:40,PTBA,RG,3860,6,D,CC,MG,D
14:00:38,PTBA,RG,3850,12,D,CC,BB,D
14:00:38,PTBA,RG,3860,554,D,DR,MG,D
14:00:38,PTBA,RG,3860,1,D,DR,BB,D
14:00:38,PTBA,RG,3860,1,D,DR,PD,D
14:00:38,PTBA,RG,3860,2,D,DR,GR,D
14:00:38,PTBA,RG,3860,207,D,DR,AK,F
14:00:38,PTBA,RG,3860,9,D,DR,AK,F
14:00:38,PTBA,RG,3860,15,D,DR,YU,D
14:00:38,PTBA,RG,3860,20,D,DR,KK,D
14:00:38,PTBA,RG,3860,12,D,DR,CS,F
14:00:38,PTBA,RG,3860,26,D,DR,XL,D
14:00:38,PTBA,RG,3860,100,D,DR,YP,D
14:00:38,PTBA,RG,3860,6,D,DR,CS,D
14:00:38,PTBA,RG,3860,1,D,DR,NI,D
14:00:38,PTBA,RG,3860,80,D,DR,PD,D
14:00:38,PTBA,RG,3860,150,D,DR,YP,D
14:00:38,PTBA,RG,3860,8,D,DR,AK,F
14:00:38,PTBA,RG,3860,197,D,DR,AK,F
14:00:38,PTBA,RG,3860,9,D,DR,CS,D
14:00:38,PTBA,RG,3860,26,D,DR,CS,F
14:00:38,PTBA,RG,3860,5,D,DR,YP,D
14:00:38,PTBA,RG,3860,32,D,DR,NI,D
14:00:38,PTBA,RG,3860,22,D,DR,CS,F
14:00:38,PTBA,RG,3860,51,D,DR,YP,D
14:00:38,PTBA,RG,3860,49,D,DR,CC,D
14:00:38,PTBA,RG,3860,2,D,DR,CC,D
14:00:38,PTBA,RG,3860,200,D,DR,YP,D
14:00:38,PTBA,RG,3860,10,D,DR,CC,D
14:00:38,PTBA,RG,3860,4,D,DR,PD,D
14:00:38,PTBA,RG,3860,9,D,DR,CS,D
14:00:38,PTBA,RG,3860,31,D,DR,CS,F
14:00:38,PTBA,RG,3860,1,D,DR,XC,D
14:00:38,PTBA,RG,3860,100,D,DR,SQ,D
14:00:38,PTBA,RG,3860,10,D,DR,YP,D
14:00:38,PTBA,RG,3860,12,D,DR,CS,F
14:00:38,PTBA,RG,3860,38,D,DR,BK,F
14:00:29,PTBA,RG,3850,2,D,CC,PD,D
14:00:28,PTBA,RG,3860,711,D,CC,BK,F
14:00:28,PTBA,RG,3860,2,D,CC,PD,D
14:00:28,PTBA,RG,3860,29,D,CC,CS,F
14:00:28,PTBA,RG,3860,19,D,CC,CS,F
14:00:28,PTBA,RG,3860,5,D,CC,CS,D
14:00:28,PTBA,RG,3860,20,D,CC,LG,D
14:00:28,PTBA,RG,3860,11,D,CC,CS,F
14:00:28,PTBA,RG,3860,31,D,CC,CS,F
14:00:28,PTBA,RG,3860,12,D,CC,CS,F
14:00:28,PTBA,RG,3860,10,D,CC,CS,D
14:00:28,PTBA,RG,3860,16,D,CC,CS,F
14:00:28,PTBA,RG,3860,13,D,CC,CS,F
14:00:28,PTBA,RG,3860,262,D,CC,AK,F
14:00:28,PTBA,RG,3860,13,D,CC,AK,F
14:00:28,PTBA,RG,3860,30,D,CC,DR,D
14:00:28,PTBA,RG,3860,125,D,CC,DR,D
14:00:28,PTBA,RG,3860,24,D,CC,CS,F
14:00:28,PTBA,RG,3860,1,D,CC,XC,D
14:00:28,PTBA,RG,3860,1,D,CC,IF,D
14:00:28,PTBA,RG,3860,50,D,CC,YB,D
14:00:28,PTBA,RG,3860,51,D,CC,XL,D
14:00:28,PTBA,RG,3860,24,D,CC,BB,D
14:00:28,PTBA,RG,3860,1,D,CC,BB,D
14:00:28,PTBA,RG,3860,39,D,CC,BB,D
14:00:26,PTBA,RG,3860,1,D,OD,BB,D
14:00:26,PTBA,RG,3860,3,D,OD,BB,D
14:00:25,PTBA,RG,3850,32,D,CC,BK,F
14:00:22,PTBA,RG,3850,3,D,CC,GR,D
14:00:22,PTBA,RG,3860,20,D,LG,BB,D
14:00:21,PTBA,RG,3860,3,D,PD,BB,D
14:00:21,PTBA,RG,3860,2,D,PD,BB,D
14:00:19,PTBA,RG,3850,50,D,CC,BB,D
14:00:17,PTBA,RG,3850,28,D,CC,BB,D
14:00:14,PTBA,RG,3860,4,D,CC,BB,D
14:00:14,PTBA,RG,3860,1,D,CC,BB,D
14:00:14,PTBA,RG,3860,45,D,CC,BB,D
14:00:09,PTBA,RG,3850,41,D,CC,GR,D
14:00:09,PTBA,RG,3850,9,D,PD,GR,D
14:00:03,PTBA,RG,3860,5,D,PD,BB,D
14:00:01,PTBA,RG,3860,1,D,YP,BB,D
13:59:52,PTBA,RG,3850,6,D,PD,BB,D
13:59:42,PTBA,RG,3850,35,D,PD,BB,D
13:59:42,PTBA,RG,3850,2,D,AT,BB,D
13:59:41,PTBA,RG,3850,28,D,AT,BK,F
13:59:41,PTBA,RG,3850,1,D,CC,BK,F
13:59:41,PTBA,RG,3850,1,D,EP,BK,F
13:59:41,PTBA,RG,3850,2,D,YP,BK,F
13:59:40,PTBA,RG,3850,5,D,PD,BB,D
13:59:40,PTBA,RG,3850,50,D,CC,BB,D
13:59:39,PTBA,RG,3850,1,D,CC,BB,D
13:59:36,PTBA,RG,3850,54,D,CC,BK,F
13:59:35,PTBA,RG,3860,526,D,KK,CC,D
13:59:35,PTBA,RG,3860,5,D,KK,ZP,D
13:59:35,PTBA,RG,3860,200,D,KK,HD,D
13:59:35,PTBA,RG,3860,4,D,KK,YP,D
13:59:35,PTBA,RG,3860,75,D,KK,YU,D
13:59:35,PTBA,RG,3860,2,D,KK,XL,D
13:59:35,PTBA,RG,3860,25,D,KK,HP,D
13:59:35,PTBA,RG,3860,1,D,KK,YP,D
13:59:35,PTBA,RG,3860,10,D,KK,DR,D
13:59:35,PTBA,RG,3860,1,D,KK,PD,D
13:59:35,PTBA,RG,3860,20,D,KK,LG,D
13:59:35,PTBA,RG,3860,1,D,KK,YP,D
13:59:35,PTBA,RG,3860,1,D,KK,DR,D
13:59:35,PTBA,RG,3860,1,D,KK,NI,D
13:59:35,PTBA,RG,3860,1,D,KK,KK,D
13:59:35,PTBA,RG,3860,127,D,KK,CC,D
13:59:31,PTBA,RG,3860,1,D,ZP,CC,D
13:59:26,PTBA,RG,3860,4,D,OD,CC,D
13:59:26,PTBA,RG,3850,49,D,CC,BB,D
13:59:22,PTBA,RG,3850,25,D,CC,BB,D
13:59:15,PTBA,RG,3850,144,D,CC,CS,F
13:59:07,PTBA,RG,3850,7,D,CC,BB,D
13:59:05,PTBA,RG,3860,225,D,OD,CC,D
13:58:58,PTBA,RG,3850,20,D,CC,LG,D
13:58:56,PTBA,RG,3850,46,D,CC,BB,D
13:58:49,PTBA,RG,3850,50,D,CC,BB,D
13:58:47,PTBA,RG,3850,1,D,CC,BB,D
13:58:35,PTBA,RG,3850,26,D,CC,BB,D
13:58:34,PTBA,RG,3860,20,D,PD,CC,D
13:58:34,PTBA,RG,3850,43,D,CC,BB,D
13:58:30,PTBA,RG,3850,10,D,CC,XC,D
13:58:26,PTBA,RG,3860,4,D,OD,CC,D
13:58:26,PTBA,RG,3860,1,D,YP,CC,D
13:58:24,PTBA,RG,3850,1,D,CC,NI,D
13:58:12,PTBA,RG,3860,118,D,YP,CC,D
13:58:12,PTBA,RG,3860,3,D,YP,OD,D
13:58:12,PTBA,RG,3860,23,D,YP,CD,D
13:58:10,PTBA,RG,3850,7,D,CC,BB,D
13:58:05,PTBA,RG,3860,386,D,XC,CD,D
13:58:03,PTBA,RG,3850,50,D,CC,BB,D
13:58:01,PTBA,RG,3860,10,D,EP,CD,D
13:58:00,PTBA,RG,3850,37,D,CC,BB,D
13:58:00,PTBA,RG,3850,30,D,CC,NI,D
13:57:58,PTBA,RG,3850,1,D,CC,GR,D
13:57:56,PTBA,RG,3850,1,D,CC,BB,D
13:57:53,PTBA,RG,3860,2,D,XL,CD,D
13:57:52,PTBA,RG,3860,10,D,YP,CD,D
13:57:48,PTBA,RG,3850,45,D,CC,BB,D
13:57:46,PTBA,RG,3850,25,D,CC,BB,D
13:57:45,PTBA,RG,3860,131,D,PD,CD,D
13:57:43,PTBA,RG,3860,1,D,PD,CD,D
13:57:36,PTBA,RG,3850,23,D,CC,CS,D
13:57:35,PTBA,RG,3860,1,D,PD,CD,D
13:57:30,PTBA,RG,3850,1,D,CC,BB,D
13:57:26,PTBA,RG,3860,4,D,OD,CD,D
13:57:24,PTBA,RG,3850,3,D,CC,YP,D
13:57:20,PTBA,RG,3850,3,D,CC,LG,D
13:57:18,PTBA,RG,3850,20,D,CC,LG,D
13:57:18,PTBA,RG,3850,58,D,CC,BB,D
13:57:17,PTBA,RG,3850,7,D,CC,BB,D
13:57:14,PTBA,RG,3850,45,D,CC,BB,D
13:57:13,PTBA,RG,3850,2,D,CC,DR,D
13:57:00,PTBA,RG,3850,51,D,CC,BB,D
13:56:59,PTBA,RG,3850,24,D,CC,BB,D
13:56:53,PTBA,RG,3850,5,D,CC,XC,D
13:56:52,PTBA,RG,3860,2,D,ZP,CD,D
13:56:45,PTBA,RG,3850,1,D,CC,YP,D
13:56:44,PTBA,RG,3860,21,D,XC,CD,D
13:56:38,PTBA,RG,3860,1,D,XL,CD,D
13:56:26,PTBA,RG,3850,6,D,CC,BB,D
13:56:26,PTBA,RG,3850,50,D,CC,YP,D
13:56:25,PTBA,RG,3850,2,D,CC,YP,D
13:56:25,PTBA,RG,3850,1,D,CC,EP,D
13:56:25,PTBA,RG,3850,63,D,CC,BB,D
13:56:24,PTBA,RG,3860,4,D,OD,CD,D
13:56:20,PTBA,RG,3850,43,D,CC,BB,D
13:56:19,PTBA,RG,3850,1,D,CC,BB,D
13:56:14,PTBA,RG,3850,31,D,CC,BB,D
13:56:06,PTBA,RG,3850,44,D,CC,BB,D
13:56:04,PTBA,RG,3850,50,D,CC,NI,D
13:55:50,PTBA,RG,3850,2,D,CC,BB,D
13:55:45,PTBA,RG,3850,50,D,CC,CC,D
13:55:39,PTBA,RG,3850,7,D,CC,BB,D
13:55:36,PTBA,RG,3850,15,D,CC,LG,D
13:55:27,PTBA,RG,3850,41,D,CC,BB,D
13:55:27,PTBA,RG,3850,56,D,CC,BB,D
13:55:24,PTBA,RG,3850,1,D,CC,BB,D
13:55:23,PTBA,RG,3860,5,D,PD,CD,D
13:55:22,PTBA,RG,3860,4,D,OD,CD,D
13:55:19,PTBA,RG,3850,48,D,CC,BB,D
13:55:19,PTBA,RG,3850,38,D,CC,BK,F
13:55:15,PTBA,RG,3860,100,D,CC,CD,D
13:55:14,PTBA,RG,3850,25,D,CC,BB,D
13:55:10,PTBA,RG,3860,1,D,XC,CD,D
13:55:05,PTBA,RG,3860,50,D,NI,CD,D
13:54:57,PTBA,RG,3850,64,D,CC,PD,D
13:54:51,PTBA,RG,3860,7,D,PD,CD,D
13:54:49,PTBA,RG,3850,7,D,CC,BB,D
13:54:41,PTBA,RG,3850,150,D,CC,YP,D
13:54:40,PTBA,RG,3850,1,D,CC,BB,D
13:54:39,PTBA,RG,3850,51,D,CC,BK,F
13:54:37,PTBA,RG,3850,1,D,CC,BB,D
13:54:37,PTBA,RG,3850,45,D,CC,BB,D
13:54:36,PTBA,RG,3860,2,D,NI,CD,D
13:54:35,PTBA,RG,3850,54,D,CC,BB,D
13:54:31,PTBA,RG,3860,1,D,XL,CD,D
13:54:28,PTBA,RG,3850,26,D,CC,BB,D
13:54:28,PTBA,RG,3850,45,D,CC,BB,D
13:54:23,PTBA,RG,3860,2,D,XL,CD,D
13:54:22,PTBA,RG,3860,3,D,OD,CD,D
13:54:19,PTBA,RG,3860,1,D,PD,CD,D
13:54:08,PTBA,RG,3860,38,D,XL,CD,D
13:54:07,PTBA,RG,3860,5,D,CC,CD,D
13:54:01,PTBA,RG,3860,2,D,EP,CD,D
13:53:58,PTBA,RG,3850,7,D,CC,BB,D
13:53:55,PTBA,RG,3860,1,D,YP,CD,D
13:53:54,PTBA,RG,3860,100,D,YP,CD,D
13:53:51,PTBA,RG,3850,1,D,CC,BB,D
13:53:46,PTBA,RG,3850,53,D,CC,BB,D
13:53:41,PTBA,RG,3850,45,D,CC,BB,D
13:53:41,PTBA,RG,3850,25,D,CC,BB,D
13:53:41,PTBA,RG,3850,10,D,PD,BB,D
13:53:41,PTBA,RG,3850,14,D,YP,BB,D
13:53:38,PTBA,RG,3850,1,D,YP,BB,D
13:53:38,PTBA,RG,3850,1,D,XC,BB,D
13:53:38,PTBA,RG,3850,5,D,AT,BB,D
13:53:38,PTBA,RG,3850,5,D,YP,BB,D
13:53:38,PTBA,RG,3850,10,D,DX,BB,D
13:53:38,PTBA,RG,3850,3,F,ZP,BB,D
13:53:33,PTBA,RG,3860,5,D,YP,CD,D
13:53:27,PTBA,RG,3860,1,D,NI,CD,D
13:53:24,PTBA,RG,3860,4,D,OD,CD,D
13:53:14,PTBA,RG,3860,13,D,PD,CD,D
13:53:13,PTBA,RG,3850,58,F,ZP,YP,D
13:53:13,PTBA,RG,3850,2,D,LS,YP,D
13:53:13,PTBA,RG,3850,40,F,ZP,YP,D
13:53:07,PTBA,RG,3850,10,F,ZP,DR,D
13:53:01,PTBA,RG,3850,6,F,ZP,BB,D
13:53:00,PTBA,RG,3860,5,D,ZP,CD,D
13:52:57,PTBA,RG,3850,60,F,ZP,BB,D
13:52:52,PTBA,RG,3850,30,F,ZP,BB,D
13:52:49,PTBA,RG,3850,50,F,ZP,BB,D
13:52:46,PTBA,RG,3850,45,F,ZP,BB,D
13:52:28,PTBA,RG,3850,1,F,ZP,CC,D
13:52:22,PTBA,RG,3860,4,D,OD,CD,D
13:52:14,PTBA,RG,3850,7,F,ZP,BB,D
13:52:12,PTBA,RG,3860,10,D,PD,CD,D
13:52:07,PTBA,RG,3850,1,D,XC,BB,D
13:52:02,PTBA,RG,3850,5,D,XC,BB,D
13:52:02,PTBA,RG,3850,58,D,KK,BB,D
13:51:59,PTBA,RG,3850,82,D,KK,DR,D
13:51:59,PTBA,RG,3850,1,D,YP,DR,D
13:51:59,PTBA,RG,3850,436,D,EP,DR,D
13:51:56,PTBA,RG,3850,46,D,EP,BB,D
13:51:55,PTBA,RG,3850,26,D,EP,BB,D
13:51:52,PTBA,RG,3850,40,D,EP,BB,D
13:51:26,PTBA,RG,3860,54,D,NI,CD,D
13:51:26,PTBA,RG,3850,7,D,EP,BB,D
13:51:22,PTBA,RG,3860,4,D,OD,CD,D
13:51:19,PTBA,RG,3850,1,D,EP,BB,D
13:51:14,PTBA,RG,3860,3,D,XC,CD,D
13:51:07,PTBA,RG,3850,45,D,EP,BB,D
13:51:04,PTBA,RG,3850,30,D,EP,BB,D
13:51:04,PTBA,RG,3850,60,D,EP,BB,D
13:51:02,PTBA,RG,3850,44,D,EP,BB,D
13:50:59,PTBA,RG,3850,1,D,EP,PD,D
13:50:42,PTBA,RG,3860,65,D,XL,CD,D
13:50:38,PTBA,RG,3860,414,D,CC,CD,D
13:50:38,PTBA,RG,3860,1,D,CC,SQ,D
13:50:38,PTBA,RG,3860,1,D,CC,YP,D
13:50:38,PTBA,RG,3860,84,D,CC,YP,D
13:50:38,PTBA,RG,3850,150,D,EP,DR,D
13:50:34,PTBA,RG,3850,5,D,EP,EP,D
13:50:34,PTBA,RG,3850,6,D,EP,BB,D
13:50:31,PTBA,RG,3850,1,D,EP,BB,D
13:50:29,PTBA,RG,3860,1,D,YP,YP,D
13:50:20,PTBA,RG,3860,4,D,OD,YP,D
13:50:19,PTBA,RG,3850,47,D,EP,BB,D
13:50:16,PTBA,RG,3860,10,D,PD,YP,D
13:50:14,PTBA,RG,3860,15,D,PD,YP,D
13:50:09,PTBA,RG,3850,50,D,EP,BB,D
13:50:09,PTBA,RG,3850,5,D,EP,BB,D
13:50:09,PTBA,RG,3850,20,D,PD,BB,D
13:50:09,PTBA,RG,3850,18,D,DR,BB,D
13:50:09,PTBA,RG,3850,30,D,DR,BB,D
13:50:00,PTBA,RG,3850,3,D,DR,DH,D
13:49:50,PTBA,RG,3850,2,D,DR,PD,D
13:49:44,PTBA,RG,3850,7,D,DR,BB,D
13:49:34,PTBA,RG,3850,3,D,DR,PD,D
13:49:31,PTBA,RG,3850,40,D,DR,YP,D
13:49:31,PTBA,RG,3850,100,D,DR,EP,D
13:49:29,PTBA,RG,3850,42,D,DR,BB,D
13:49:23,PTBA,RG,3850,64,D,DR,BB,D
13:49:16,PTBA,RG,3850,44,D,DR,BB,D
13:49:12,PTBA,RG,3850,28,D,DR,BB,D
13:49:08,PTBA,RG,3860,1,D,PD,YP,D
13:49:04,PTBA,RG,3850,1,D,DR,PD,D
13:49:00,PTBA,RG,3850,10,D,DR,CC,D
13:48:59,PTBA,RG,3860,38,D,PD,YP,D
13:48:53,PTBA,RG,3850,7,D,DR,BB,D
13:48:50,PTBA,RG,3850,100,D,DR,YP,D
13:48:47,PTBA,RG,3850,1,D,DR,BB,D
13:48:33,PTBA,RG,3850,4,D,OD,CS,D
13:48:33,PTBA,RG,3850,5,D,CC,CS,F
13:48:33,PTBA,RG,3850,5,D,CC,CS,F
13:48:33,PTBA,RG,3850,4,D,CC,CS,D
13:48:33,PTBA,RG,3850,36,D,CC,SQ,D
13:48:32,PTBA,RG,3850,64,D,KK,SQ,D
13:48:32,PTBA,RG,3850,1,D,KK,CC,D
13:48:32,PTBA,RG,3850,12,D,KK,CS,F
13:48:32,PTBA,RG,3850,6,D,KK,CS,F
13:48:32,PTBA,RG,3850,7,D,KK,BB,D
13:48:32,PTBA,RG,3850,4,D,KK,CS,D
13:48:32,PTBA,RG,3850,3,D,KK,CS,D
13:48:32,PTBA,RG,3850,3,D,KK,AK,F
13:48:27,PTBA,RG,3850,2,D,XC,AK,F
13:48:26,PTBA,RG,3850,11,D,OD,AK,F
13:48:24,PTBA,RG,3840,59,D,DR,BB,D
13:48:22,PTBA,RG,3840,40,D,DR,BB,D
13:48:20,PTBA,RG,3840,1,D,DR,CC,D
13:48:19,PTBA,RG,3840,4,D,DR,BB,D
13:48:19,PTBA,RG,3840,20,D,YP,BB,D
13:48:19,PTBA,RG,3850,50,D,PD,AK,F
13:48:16,PTBA,RG,3850,50,D,CC,AK,F
13:48:16,PTBA,RG,3850,54,D,PD,AK,F
13:48:16,PTBA,RG,3850,7,D,PD,AK,F
13:48:16,PTBA,RG,3850,5,D,PD,CS,D
13:48:16,PTBA,RG,3850,2,D,PD,CS,D
13:48:16,PTBA,RG,3850,7,D,PD,BB,D
13:48:12,PTBA,RG,3850,40,D,YP,BB,D
13:48:12,PTBA,RG,3850,10,D,YP,CS,F
13:48:10,PTBA,RG,3850,1,D,XC,CS,F
13:48:09,PTBA,RG,3850,1,D,XC,BK,F
13:48:05,PTBA,RG,3850,1,D,XC,BK,F
13:48:05,PTBA,RG,3850,96,D,CC,BK,F
13:48:05,PTBA,RG,3850,3,D,CC,CS,F
13:48:05,PTBA,RG,3850,51,D,CC,AK,F
13:47:58,PTBA,RG,3850,17,D,GR,BK,F
13:47:56,PTBA,RG,3850,6,D,GR,BB,D
13:47:55,PTBA,RG,3850,4,D,GR,CS,F
13:47:55,PTBA,RG,3850,116,D,GR,YP,D
13:47:54,PTBA,RG,3850,1,D,GR,BB,D
13:47:53,PTBA,RG,3850,1,D,GR,BB,D
13:47:51,PTBA,RG,3850,31,D,GR,BK,F
13:47:49,PTBA,RG,3850,24,D,GR,BB,D
13:47:48,PTBA,RG,3850,24,D,BQ,BB,D
13:47:48,PTBA,RG,3850,5,D,XC,BB,D
13:47:48,PTBA,RG,3850,3,D,XC,YB,D
13:47:48,PTBA,RG,3850,47,D,XL,YB,D
13:47:47,PTBA,RG,3850,18,D,XL,BK,F
13:47:47,PTBA,RG,3850,5,D,PD,BK,F
13:47:47,PTBA,RG,3850,5,D,NI,BK,F
13:47:47,PTBA,RG,3850,24,D,XC,BK,F
13:47:46,PTBA,RG,3850,3,D,XC,YP,D
13:47:46,PTBA,RG,3850,4,D,OD,YP,D
13:47:46,PTBA,RG,3850,13,D,OD,YP,D
13:47:44,PTBA,RG,3850,12,D,OD,AK,F
13:47:44,PTBA,RG,3850,55,D,CC,AK,F
13:47:44,PTBA,RG,3850,2,D,PD,AK,F
13:47:44,PTBA,RG,3850,10,D,PD,AK,F
13:47:44,PTBA,RG,3850,9,D,NI,AK,F
13:47:44,PTBA,RG,3850,1,D,NI,CS,F
13:47:44,PTBA,RG,3850,2,D,PD,CS,F
13:47:44,PTBA,RG,3850,1,D,XC,CS,F
13:47:44,PTBA,RG,3850,10,D,DR,CS,F
13:47:43,PTBA,RG,3850,5,D,DR,YP,D
13:47:43,PTBA,RG,3850,395,D,CC,YP,D
13:47:43,PTBA,RG,3850,5,D,CC,BK,F
13:47:43,PTBA,RG,3850,51,F,ZP,BK,F
13:47:42,PTBA,RG,3850,136,F,ZP,DR,D
13:47:42,PTBA,RG,3860,3,D,PD,YP,D
13:47:40,PTBA,RG,3850,41,F,ZP,BK,F
13:47:40,PTBA,RG,3850,3,D,XL,BK,F
13:47:36,PTBA,RG,3850,4,D,XL,BK,F
13:47:36,PTBA,RG,3850,12,D,PD,BK,F
13:47:36,PTBA,RG,3850,2,D,XL,BK,F
13:47:36,PTBA,RG,3850,50,D,PD,BK,F
13:47:36,PTBA,RG,3850,1,D,HP,BK,F
13:47:36,PTBA,RG,3850,2,D,XC,BK,F
13:47:36,PTBA,RG,3850,241,F,ZP,BK,F
13:47:34,PTBA,RG,3850,9,F,ZP,AK,F
13:47:34,PTBA,RG,3850,33,F,ZP,BB,D
13:47:33,PTBA,RG,3850,55,F,ZP,AK,F
13:47:33,PTBA,RG,3850,1,D,PD,AK,F
13:47:33,PTBA,RG,3850,6,D,XL,AK,F
13:47:33,PTBA,RG,3850,4,D,PD,AK,F
13:47:33,PTBA,RG,3850,1,D,KK,AK,F
13:47:33,PTBA,RG,3850,10,D,CC,AK,F
13:47:33,PTBA,RG,3850,500,D,CC,AK,F
13:47:33,PTBA,RG,3850,217,F,ZP,AK,F
13:47:33,PTBA,RG,3850,7,D,AZ,AK,F
13:47:33,PTBA,RG,3850,199,D,SQ,AK,F
13:47:33,PTBA,RG,3850,25,D,SQ,BB,D
13:47:32,PTBA,RG,3850,129,D,SQ,BK,F
13:47:32,PTBA,RG,3850,1000,D,SQ,AK,F
13:47:31,PTBA,RG,3850,1000,D,SQ,AK,F
13:47:30,PTBA,RG,3850,53,D,SQ,BB,D
13:47:26,PTBA,RG,3850,5,D,SQ,CC,D
13:47:18,PTBA,RG,3860,4,D,OD,YP,D
13:47:10,PTBA,RG,3860,12,D,YP,YP,D
13:47:10,PTBA,RG,3850,7,D,SQ,BB,D
13:47:09,PTBA,RG,3860,3,D,PD,YP,D
13:47:01,PTBA,RG,3860,300,D,CC,YP,D
13:46:57,PTBA,RG,3850,100,D,SQ,YP,D
13:46:53,PTBA,RG,3850,15,D,SQ,YP,D
13:46:51,PTBA,RG,3850,43,D,SQ,BB,D
13:46:46,PTBA,RG,3850,24,D,SQ,BB,D
13:46:41,PTBA,RG,3850,54,D,SQ,BB,D
13:46:38,PTBA,RG,3850,250,D,SQ,YP,D
13:46:34,PTBA,RG,3850,15,D,SQ,AI,D
13:46:29,PTBA,RG,3860,25,D,CC,YP,D
13:46:29,PTBA,RG,3860,2,D,CC,YP,D
13:46:29,PTBA,RG,3860,473,D,CC,GR,D
13:46:27,PTBA,RG,3850,3,D,SQ,PD,D
13:46:23,PTBA,RG,3850,8,D,SQ,BB,D
13:46:20,PTBA,RG,3860,4,D,OD,GR,D
13:46:17,PTBA,RG,3860,2,D,PD,GR,D
13:46:14,PTBA,RG,3860,2,D,SQ,GR,D
13:46:11,PTBA,RG,3860,500,D,SQ,GR,D
13:46:05,PTBA,RG,3850,70,D,SQ,BB,D
13:46:05,PTBA,RG,3850,17,D,YU,BB,D
13:46:04,PTBA,RG,3860,2,D,PD,GR,D
13:46:00,PTBA,RG,3850,11,D,YU,BB,D
13:45:52,PTBA,RG,3850,64,D,YU,BB,D
13:45:52,PTBA,RG,3850,10,D,PD,BB,D
13:45:52,PTBA,RG,3850,1,D,PD,BB,D
13:45:52,PTBA,RG,3850,4,D,ZP,BB,D
13:45:52,PTBA,RG,3850,26,F,ZP,BB,D
13:45:49,PTBA,RG,3860,7,D,PD,GR,D
13:45:45,PTBA,RG,3850,3,F,ZP,YP,D
13:45:43,PTBA,RG,3860,10,D,EP,GR,D
13:45:43,PTBA,RG,3860,10,D,EP,NI,D
13:45:36,PTBA,RG,3860,1,D,XC,NI,D
13:45:18,PTBA,RG,3860,1,D,XC,NI,D
13:45:18,PTBA,RG,3860,3,D,OD,NI,D
13:45:06,PTBA,RG,3850,14,F,ZP,BB,D
13:45:03,PTBA,RG,3850,1,F,ZP,BB,D
13:45:00,PTBA,RG,3850,297,F,ZP,MG,D
13:45:00,PTBA,RG,3850,703,D,YB,MG,D
13:44:58,PTBA,RG,3850,10,D,YB,CC,D
13:44:54,PTBA,RG,3850,31,D,YB,CS,F
13:44:53,PTBA,RG,3850,40,D,YB,CS,F
13:44:53,PTBA,RG,3850,36,D,YB,CS,F
13:44:53,PTBA,RG,3850,14,D,YB,CS,F
13:44:53,PTBA,RG,3850,7,D,YB,EP,D
13:44:53,PTBA,RG,3850,13,D,YB,CS,F
13:44:53,PTBA,RG,3850,5,D,YB,CS,D
13:44:53,PTBA,RG,3850,14,D,YB,CS,F
13:44:53,PTBA,RG,3850,10,D,YB,BB,D
13:44:53,PTBA,RG,3850,5,D,YB,BB,D
13:44:53,PTBA,RG,3850,11,D,YB,BB,D
13:44:53,PTBA,RG,3850,1,D,YB,BB,D
13:44:53,PTBA,RG,3850,23,D,YB,BB,D
13:44:53,PTBA,RG,3850,2,D,YB,BB,D
13:44:53,PTBA,RG,3850,5,D,YB,CS,D
13:44:53,PTBA,RG,3850,14,D,YB,CS,F
13:44:53,PTBA,RG,3850,56,D,YB,DH,D
13:44:50,PTBA,RG,3850,44,D,SQ,DH,D
13:44:50,PTBA,RG,3850,2,D,SQ,BB,D
13:44:50,PTBA,RG,3850,157,D,SQ,BB,D
13:44:50,PTBA,RG,3850,100,D,SQ,FS,D
13:44:50,PTBA,RG,3850,20,D,SQ,BB,D
13:44:50,PTBA,RG,3850,5,D,SQ,CS,D
13:44:50,PTBA,RG,3850,19,D,SQ,CS,F
13:44:50,PTBA,RG,3850,17,D,SQ,CS,F
13:44:50,PTBA,RG,3850,1,D,SQ,PD,D
13:44:50,PTBA,RG,3850,1,D,SQ,BB,D
13:44:50,PTBA,RG,3850,18,D,SQ,BB,D
13:44:50,PTBA,RG,3850,295,D,SQ,AK,F
13:44:50,PTBA,RG,3850,24,D,SQ,BB,D
13:44:50,PTBA,RG,3850,99,D,SQ,BB,D
13:44:50,PTBA,RG,3850,1,D,SQ,DR,D
13:44:50,PTBA,RG,3850,1,D,SQ,DR,D
13:44:50,PTBA,RG,3850,13,D,SQ,CS,F
13:44:50,PTBA,RG,3850,500,D,SQ,YP,D
13:44:50,PTBA,RG,3850,15,D,SQ,CS,F
13:44:50,PTBA,RG,3850,8,D,SQ,CS,D
13:44:50,PTBA,RG,3850,18,D,SQ,CS,F
13:44:50,PTBA,RG,3850,3,D,SQ,PD,D
13:44:50,PTBA,RG,3850,1,D,SQ,HP,D
13:44:50,PTBA,RG,3850,4,D,SQ,AT,D
13:44:50,PTBA,RG,3850,634,D,SQ,CC,D
13:44:44,PTBA,RG,3850,2,D,NI,CC,D
13:44:41,PTBA,RG,3840,34,D,XL,BB,D
13:44:31,PTBA,RG,3850,564,D,YP,CC,D
13:44:31,PTBA,RG,3850,16,D,YP,DR,D
13:44:31,PTBA,RG,3850,192,D,YP,AK,F
13:44:31,PTBA,RG,3850,8,D,YP,AK,F
13:44:31,PTBA,RG,3850,9,D,YP,CS,D
13:44:31,PTBA,RG,3850,21,D,YP,CS,F
13:44:31,PTBA,RG,3850,11,D,YP,CC,D
13:44:31,PTBA,RG,3850,20,D,YP,KK,D
13:44:31,PTBA,RG,3850,20,D,YP,DR,D
13:44:31,PTBA,RG,3850,20,D,YP,DR,D
13:44:31,PTBA,RG,3850,3,D,YP,KK,D
13:44:31,PTBA,RG,3850,1,D,YP,XC,D
13:44:31,PTBA,RG,3850,4,D,YP,CS,D
13:44:31,PTBA,RG,3850,10,D,YP,YP,D
13:44:31,PTBA,RG,3850,36,D,YP,CS,F
13:44:31,PTBA,RG,3850,50,D,YP,CC,D
13:44:31,PTBA,RG,3850,9,D,YP,CS,F
13:44:31,PTBA,RG,3850,28,D,YP,BB,D
13:44:31,PTBA,RG,3850,1,D,YP,BB,D
13:44:31,PTBA,RG,3850,10,D,YP,BB,D
13:44:30,PTBA,RG,3850,1,D,XC,BB,D
13:44:22,PTBA,RG,3850,3,D,OD,BB,D
13:44:20,PTBA,RG,3850,1,D,PD,BB,D
13:44:11,PTBA,RG,3850,1,D,XC,BB,D
13:44:10,PTBA,RG,3840,72,D,XL,BB,D
13:44:07,PTBA,RG,3850,2,D,XC,BB,D
13:44:05,PTBA,RG,3850,6,D,YP,BB,D
13:44:05,PTBA,RG,3850,100,D,YP,BB,D
13:44:05,PTBA,RG,3850,15,D,YP,BB,D
13:44:05,PTBA,RG,3850,1,D,YP,BB,D
13:44:05,PTBA,RG,3850,65,D,YP,BB,D
13:44:05,PTBA,RG,3850,1,D,YP,BB,D
13:44:05,PTBA,RG,3850,12,D,YP,CS,F
13:44:03,PTBA,RG,3840,10,D,XL,DH,D
13:43:58,PTBA,RG,3850,6,D,XC,CS,F
13:43:56,PTBA,RG,3850,2,D,KK,CS,F
13:43:56,PTBA,RG,3850,6,D,KK,CS,D
13:43:56,PTBA,RG,3850,92,D,KK,AK,F
13:43:55,PTBA,RG,3840,1,D,XL,BB,D
13:43:53,PTBA,RG,3850,1,D,XC,AK,F
13:43:47,PTBA,RG,3850,1,D,XC,AK,F
13:43:43,PTBA,RG,3850,100,D,KK,AK,F
13:43:33,PTBA,RG,3850,49,D,SQ,AK,F
13:43:33,PTBA,RG,3850,11,D,SQ,AK,F
13:43:33,PTBA,RG,3850,14,D,SQ,CS,F
13:43:33,PTBA,RG,3850,5,D,SQ,YP,D
13:43:33,PTBA,RG,3850,8,D,SQ,CS,D
13:43:33,PTBA,RG,3850,32,D,SQ,CS,F
13:43:33,PTBA,RG,3850,21,D,SQ,CS,F
13:43:33,PTBA,RG,3850,64,D,SQ,AK,F
13:43:33,PTBA,RG,3850,23,D,SQ,CS,F
13:43:33,PTBA,RG,3850,1273,D,SQ,SQ,D
13:43:31,PTBA,RG,3850,1,D,CC,SQ,D
13:43:30,PTBA,RG,3840,11,D,XL,BB,D
13:43:30,PTBA,RG,3840,1,D,XC,BB,D
13:43:30,PTBA,RG,3840,2,D,XC,BB,D
13:43:30,PTBA,RG,3840,2,D,DX,BB,D
13:43:30,PTBA,RG,3840,72,D,CP,BB,D
13:43:29,PTBA,RG,3840,1,D,CP,SF,D
13:43:24,PTBA,RG,3850,4,D,OD,SQ,D
13:43:18,PTBA,RG,3850,1,D,XC,SQ,D
13:43:15,PTBA,RG,3840,65,D,CP,BB,D
13:43:09,PTBA,RG,3840,1,D,CP,PD,D
13:43:04,PTBA,RG,3850,30,D,PD,SQ,D
13:43:02,PTBA,RG,3840,3,D,CP,CC,D
13:43:00,PTBA,RG,3840,2,D,CP,BB,D
13:42:56,PTBA,RG,3840,1,D,CP,BB,D
13:42:51,PTBA,RG,3840,1,D,CP,XL,D
13:42:46,PTBA,RG,3840,32,D,CP,XC,D
13:42:43,PTBA,RG,3840,1,D,CP,DR,D
13:42:41,PTBA,RG,3850,1,D,PD,SQ,D
13:42:41,PTBA,RG,3840,101,D,CP,BB,D
13:42:29,PTBA,RG,3840,24,D,CP,BB,D
13:42:28,PTBA,RG,3840,42,D,CP,BB,D
13:42:25,PTBA,RG,3840,5,D,CP,PD,D
13:42:22,PTBA,RG,3840,14,D,CP,CS,D
13:42:22,PTBA,RG,3850,3,D,OD,SQ,D
13:42:10,PTBA,RG,3840,2,D,CP,BB,D
13:42:07,PTBA,RG,3840,75,D,CP,GR,D
13:42:05,PTBA,RG,3840,50,D,CP,LG,D
13:42:00,PTBA,RG,3840,8,D,CP,YB,D
13:42:00,PTBA,RG,3840,1,D,XC,YB,D
13:42:00,PTBA,RG,3840,6,D,PD,YB,D
13:42:00,PTBA,RG,3840,35,D,YP,YB,D
13:42:00,PTBA,RG,3840,50,D,YP,KK,D
13:41:48,PTBA,RG,3840,5,D,YP,NI,D
13:41:46,PTBA,RG,3840,1,D,YP,NI,D
13:41:45,PTBA,RG,3840,5,D,YP,PD,D
13:41:42,PTBA,RG,3840,4,D,YP,DR,D
13:41:42,PTBA,RG,3840,8,D,XL,DR,D
13:41:42,PTBA,RG,3840,86,F,ZP,DR,D
13:41:42,PTBA,RG,3840,5,F,ZP,AT,D
13:41:41,PTBA,RG,3850,1,D,PD,SQ,D
13:41:31,PTBA,RG,3840,1,F,ZP,YP,D
13:41:27,PTBA,RG,3840,94,F,ZP,BB,D
13:41:23,PTBA,RG,3840,36,F,ZP,CC,D
13:41:23,PTBA,RG,3840,4,F,ZP,CC,D
13:41:22,PTBA,RG,3850,3,D,OD,SQ,D
13:41:21,PTBA,RG,3840,1,F,ZP,BB,D
13:41:21,PTBA,RG,3840,1,F,ZP,BB,D
13:41:19,PTBA,RG,3840,50,F,ZP,BB,D
13:41:16,PTBA,RG,3840,70,F,ZP,BB,D
13:41:04,PTBA,RG,3850,1,D,YP,SQ,D
13:41:04,PTBA,RG,3850,3,D,PD,SQ,D
13:40:55,PTBA,RG,3850,10,D,AZ,SQ,D
13:40:54,PTBA,RG,3850,1,D,XC,SQ,D
13:40:52,PTBA,RG,3850,250,D,YP,SQ,D
13:40:46,PTBA,RG,3850,3,D,PD,SQ,D
13:40:31,PTBA,RG,3840,2,F,ZP,BB,D
13:40:30,PTBA,RG,3850,1,D,ZP,SQ,D
13:40:23,PTBA,RG,3840,95,F,ZP,BB,D
13:40:22,PTBA,RG,3840,2,F,ZP,CC,D
13:40:21,PTBA,RG,3850,38,D,PD,SQ,D
13:40:19,PTBA,RG,3840,12,F,ZP,XC,D
13:40:17,PTBA,RG,3840,170,F,ZP,CC,D
13:40:17,PTBA,RG,3840,4,D,XL,CC,D
13:40:17,PTBA,RG,3840,16,D,PD,CC,D
13:40:17,PTBA,RG,3840,3,D,OD,CC,D
13:40:17,PTBA,RG,3840,5,D,PD,CC,D
13:40:17,PTBA,RG,3840,2,D,PD,CC,D
13:40:04,PTBA,RG,3840,3,D,PD,BB,D
13:40:02,PTBA,RG,3840,1,D,PD,BB,D
13:40:01,PTBA,RG,3840,4,D,PD,BB,D
13:40:01,PTBA,RG,3840,154,D,YP,BB,D
13:39:59,PTBA,RG,3840,8,D,YP,CC,D
13:39:58,PTBA,RG,3840,83,D,YP,CS,F
13:39:58,PTBA,RG,3840,5,D,YP,CS,D
13:39:58,PTBA,RG,3840,1,D,XC,CS,D
13:39:58,PTBA,RG,3840,3,D,PD,CS,D
13:39:57,PTBA,RG,3840,7,D,PD,AK,F
13:39:57,PTBA,RG,3840,1,D,PD,AK,F
13:39:57,PTBA,RG,3840,87,D,PD,AK,F
13:39:57,PTBA,RG,3840,8,D,XA,AK,F
13:39:57,PTBA,RG,3840,1,D,XL,AK,F
13:39:57,PTBA,RG,3840,84,D,LS,AK,F
13:39:57,PTBA,RG,3840,3,D,YP,AK,F
13:39:57,PTBA,RG,3840,1,D,XL,AK,F
13:39:57,PTBA,RG,3840,12,D,XL,AK,F
13:39:57,PTBA,RG,3840,89,D,YU,AK,F
13:39:57,PTBA,RG,3840,60,D,KK,AK,F
13:39:57,PTBA,RG,3840,3,D,XL,AK,F
13:39:57,PTBA,RG,3840,2,D,MG,AK,F
13:39:57,PTBA,RG,3840,10,D,DH,AK,F
13:39:57,PTBA,RG,3840,1,D,ZP,AK,F
13:39:57,PTBA,RG,3840,1,D,NI,AK,F
13:39:57,PTBA,RG,3840,600,D,CC,AK,F
13:39:57,PTBA,RG,3840,1,D,XC,AK,F
13:39:57,PTBA,RG,3840,3,D,XC,AK,F
13:39:57,PTBA,RG,3840,1,D,XC,AK,F
13:39:57,PTBA,RG,3840,1,D,PD,AK,F
13:39:57,PTBA,RG,3840,24,F,ZP,AK,F
13:39:56,PTBA,RG,3840,106,F,ZP,BB,D
13:39:44,PTBA,RG,3850,10,D,YP,SQ,D
13:39:43,PTBA,RG,3840,109,F,ZP,AK,F
13:39:43,PTBA,RG,3840,1,D,XC,AK,F
13:39:43,PTBA,RG,3840,50,D,XC,AK,F
13:39:43,PTBA,RG,3840,840,D,ZP,AK,F
13:39:42,PTBA,RG,3840,1000,D,ZP,AK,F
13:39:41,PTBA,RG,3840,160,D,ZP,AK,F
13:39:41,PTBA,RG,3840,170,F,ZP,AK,F
13:39:41,PTBA,RG,3840,1,D,CC,AK,F
13:39:41,PTBA,RG,3840,3,D,NI,AK,F
13:39:41,PTBA,RG,3840,20,D,NI,AK,F
13:39:41,PTBA,RG,3840,2,D,KK,AK,F
13:39:41,PTBA,RG,3840,1,D,XC,AK,F
13:39:41,PTBA,RG,3840,1,D,XC,AK,F
13:39:41,PTBA,RG,3840,5,D,YJ,AK,F
13:39:41,PTBA,RG,3840,30,D,YP,AK,F
13:39:41,PTBA,RG,3840,6,D,YP,AK,F
13:39:41,PTBA,RG,3840,362,F,ZP,AK,F
13:39:41,PTBA,RG,3840,3,D,PD,AK,F
13:39:41,PTBA,RG,3840,236,D,YU,AK,F
13:39:41,PTBA,RG,3840,4,D,YU,XL,D
13:39:35,PTBA,RG,3840,1,D,YU,BB,D
13:39:30,PTBA,RG,3840,64,D,YU,BB,D
13:39:27,PTBA,RG,3850,1,D,PD,SQ,D
13:39:27,PTBA,RG,3840,92,D,YU,BB,D
13:39:26,PTBA,RG,3850,3,D,OD,SQ,D
13:39:25,PTBA,RG,3840,16,D,YU,BB,D
13:39:17,PTBA,RG,3840,6,D,YU,XL,D
13:39:04,PTBA,RG,3850,10,D,CC,SQ,D
13:38:51,PTBA,RG,3850,1,D,ZP,SQ,D
13:38:48,PTBA,RG,3840,2,D,YU,BB,D
13:38:34,PTBA,RG,3850,1,D,PD,SQ,D
13:38:28,PTBA,RG,3850,3,D,OD,SQ,D
13:38:19,PTBA,RG,3840,98,D,YU,BB,D
13:38:17,PTBA,RG,3840,128,D,YU,BB,D
13:38:16,PTBA,RG,3850,9,D,XL,SQ,D
13:38:14,PTBA,RG,3840,1,D,YU,BB,D
13:38:09,PTBA,RG,3850,50,D,CC,SQ,D
13:38:01,PTBA,RG,3850,20,D,XC,SQ,D
13:38:01,PTBA,RG,3840,100,D,YU,GR,D
13:37:58,PTBA,RG,3840,2,D,YU,BB,D
13:37:54,PTBA,RG,3850,3,D,SQ,SQ,D
13:37:52,PTBA,RG,3840,93,D,YU,BB,D
13:37:49,PTBA,RG,3850,3,D,XC,SQ,D
13:37:48,PTBA,RG,3850,5,D,LG,SQ,D
13:37:43,PTBA,RG,3850,2,D,YP,SQ,D
13:37:40,PTBA,RG,3850,100,D,GR,SQ,D
13:37:28,PTBA,RG,3850,3,D,OD,SQ,D
13:37:22,PTBA,RG,3850,3,D,YP,SQ,D
13:37:12,PTBA,RG,3850,60,D,KK,SQ,D
13:37:11,PTBA,RG,3850,6,D,XC,SQ,D
13:37:11,PTBA,RG,3840,150,D,YU,GR,D
13:37:10,PTBA,RG,3840,1,D,YU,BB,D
13:37:07,PTBA,RG,3850,9,D,XL,SQ,D
13:37:02,PTBA,RG,3850,1,D,PD,SQ,D
13:36:30,PTBA,RG,3850,3,D,OD,SQ,D
13:36:22,PTBA,RG,3840,6,D,YU,BB,D
13:36:22,PTBA,RG,3840,2,D,ZP,BB,D
13:36:15,PTBA,RG,3840,1,D,ZP,BB,D
13:36:08,PTBA,RG,3840,9,D,DR,BB,D
13:36:07,PTBA,RG,3850,1,D,CC,SQ,D
13:36:01,PTBA,RG,3850,1,D,XL,SQ,D
13:36:00,PTBA,RG,3850,5,D,XC,SQ,D
13:35:59,PTBA,RG,3850,3,D,NI,SQ,D
13:35:48,PTBA,RG,3850,1,D,MG,SQ,D
13:35:45,PTBA,RG,3850,20,D,CC,SQ,D
13:35:42,PTBA,RG,3840,1,D,DR,BB,D
13:35:30,PTBA,RG,3850,5,D,YP,SQ,D
13:35:30,PTBA,RG,3850,1,D,XC,SQ,D
13:35:27,PTBA,RG,3850,1,D,XL,SQ,D
13:35:27,PTBA,RG,3840,1,D,DR,BB,D
13:35:26,PTBA,RG,3850,4,D,OD,SQ,D
13:35:14,PTBA,RG,3850,7,D,XC,SQ,D
13:35:12,PTBA,RG,3850,5,D,YP,SQ,D
13:35:07,PTBA,RG,3850,200,D,DR,SQ,D
13:35:02,PTBA,RG,3850,1,D,XC,SQ,D
13:34:48,PTBA,RG,3850,1,D,YP,SQ,D
13:34:37,PTBA,RG,3850,2,D,PD,SQ,D
13:34:31,PTBA,RG,3850,1,D,XC,SQ,D
13:34:24,PTBA,RG,3850,3,D,OD,SQ,D
13:34:23,PTBA,RG,3850,187,D,BR,SQ,D
13:34:23,PTBA,RG,3850,11,D,BR,CS,F
13:34:23,PTBA,RG,3850,122,D,BR,BK,F
13:34:23,PTBA,RG,3850,1,D,BR,XC,D
13:34:23,PTBA,RG,3850,11,D,BR,PD,D
13:34:23,PTBA,RG,3850,3,D,BR,PD,D
13:34:23,PTBA,RG,3850,1,D,BR,PD,D
13:34:23,PTBA,RG,3850,1,D,BR,YP,D
13:34:23,PTBA,RG,3850,1,D,BR,XC,D
13:34:23,PTBA,RG,3850,22,D,BR,DR,D
13:34:23,PTBA,RG,3850,1,D,BR,AT,D
13:34:23,PTBA,RG,3850,2,D,BR,DR,D
13:34:23,PTBA,RG,3850,709,D,BR,CD,D
13:34:23,PTBA,RG,3850,11,D,BR,DH,D
13:34:23,PTBA,RG,3850,1,D,BR,XL,D
13:34:23,PTBA,RG,3850,10,D,BR,CC,D
13:34:23,PTBA,RG,3850,791,D,BR,CD,D
13:34:23,PTBA,RG,3850,500,D,BR,YP,D
13:34:23,PTBA,RG,3850,134,D,BR,PD,D
13:34:23,PTBA,RG,3850,50,D,BR,EP,D
13:34:23,PTBA,RG,3850,7,D,BR,CC,D
13:34:23,PTBA,RG,3850,424,D,BR,CC,D
13:34:18,PTBA,RG,3850,2,F,BK,CC,D
13:34:14,PTBA,RG,3840,250,D,DR,GR,D
13:34:14,PTBA,RG,3840,3,D,DR,BB,D
13:34:14,PTBA,RG,3840,1,D,DR,BB,D
13:34:14,PTBA,RG,3840,78,D,DR,BB,D
13:34:14,PTBA,RG,3840,13,D,DR,BB,D
13:34:14,PTBA,RG,3840,104,D,DR,BB,D
13:34:14,PTBA,RG,3840,51,D,DR,BB,D
13:34:14,PTBA,RG,3840,90,D,DR,BB,D
13:34:12,PTBA,RG,3850,1,D,XC,CC,D
13:33:53,PTBA,RG,3840,1,D,DR,XC,D
13:33:53,PTBA,RG,3850,5,D,XL,CC,D
13:33:50,PTBA,RG,3840,1,D,DR,BB,D
13:33:50,PTBA,RG,3840,38,D,DR,BB,D
13:33:50,PTBA,RG,3840,6,D,DR,BB,D
13:33:50,PTBA,RG,3840,53,D,DR,BB,D
13:33:50,PTBA,RG,3840,24,D,DR,BB,D
13:33:50,PTBA,RG,3840,46,D,DR,BB,D
13:33:50,PTBA,RG,3850,1,F,BK,CC,D
13:33:38,PTBA,RG,3840,1,D,DR,BB,D
13:33:36,PTBA,RG,3840,40,D,DR,YP,D
13:33:28,PTBA,RG,3850,1,F,BK,CC,D
13:33:27,PTBA,RG,3850,1,D,XL,CC,D
13:33:24,PTBA,RG,3850,3,D,OD,CC,D
13:33:22,PTBA,RG,3840,70,D,DR,CC,D
13:33:20,PTBA,RG,3850,10,D,YP,CC,D
13:33:08,PTBA,RG,3850,20,D,NI,CC,D
13:33:05,PTBA,RG,3850,2,F,BK,CC,D
13:33:00,PTBA,RG,3840,227,D,DR,CC,D
13:32:52,PTBA,RG,3850,1,D,XC,CC,D
13:32:42,PTBA,RG,3850,1,D,XC,CC,D
13:32:41,PTBA,RG,3850,1,D,ZP,CC,D
13:32:39,PTBA,RG,3850,5,D,XL,CC,D
13:32:22,PTBA,RG,3850,3,D,OD,CC,D
13:32:17,PTBA,RG,3850,2,D,PD,CC,D
13:32:13,PTBA,RG,3850,2,D,NI,CC,D
13:32:06,PTBA,RG,3850,2,D,PD,CC,D
13:32:05,PTBA,RG,3850,11,D,YP,CC,D
13:31:51,PTBA,RG,3850,1,D,NI,CC,D
13:31:40,PTBA,RG,3850,1,D,XC,CC,D
13:31:37,PTBA,RG,3840,13,D,DR,CS,F
13:31:37,PTBA,RG,3840,15,D,DR,CS,F
13:31:37,PTBA,RG,3840,8,D,DR,CS,D
13:31:37,PTBA,RG,3840,7,D,DR,CS,D
13:31:37,PTBA,RG,3840,15,D,DR,CS,F
13:31:37,PTBA,RG,3840,19,D,DR,CS,F
13:31:37,PTBA,RG,3840,39,D,DR,CS,F
13:31:37,PTBA,RG,3840,6,D,DR,CS,D
13:31:37,PTBA,RG,3840,11,D,DR,CS,F
13:31:37,PTBA,RG,3840,8,D,DR,CS,D
13:31:37,PTBA,RG,3840,10,D,DR,CS,F
13:31:36,PTBA,RG,3840,100,D,DR,SQ,D
13:31:36,PTBA,RG,3840,6,D,DR,XL,D
13:31:36,PTBA,RG,3840,21,D,DR,CS,F
13:31:36,PTBA,RG,3840,6,D,DR,CS,D
13:31:36,PTBA,RG,3840,33,D,DR,CS,F
13:31:36,PTBA,RG,3840,3,D,DR,CS,D
13:31:36,PTBA,RG,3840,11,D,DR,CS,F
13:31:36,PTBA,RG,3840,2,D,DR,BB,D
13:31:36,PTBA,RG,3840,1,D,DR,DH,D
13:31:36,PTBA,RG,3840,222,D,DR,BK,F
13:31:36,PTBA,RG,3840,23,D,DR,BB,D
13:31:36,PTBA,RG,3840,5,D,DR,BB,D
13:31:36,PTBA,RG,3840,45,D,DR,BB,D
13:31:36,PTBA,RG,3840,38,D,DR,BB,D
13:31:36,PTBA,RG,3840,35,D,DR,BB,D
13:31:36,PTBA,RG,3840,21,D,DR,XL,D
13:31:36,PTBA,RG,3840,169,D,DR,AK,F
13:31:32,PTBA,RG,3840,3,D,PD,AK,F
13:31:29,PTBA,RG,3840,15,D,XL,AK,F
13:31:26,PTBA,RG,3840,1,D,PD,AK,F
13:31:24,PTBA,RG,3840,1,D,NI,AK,F
13:31:24,PTBA,RG,3840,5,D,NI,AK,F
13:31:22,PTBA,RG,3840,13,D,YP,AK,F
13:31:20,PTBA,RG,3840,3,D,OD,AK,F
13:31:20,PTBA,RG,3840,3,D,XL,AK,F
13:31:19,PTBA,RG,3840,65,D,DR,AK,F
13:31:18,PTBA,RG,3840,1,D,PD,AK,F
13:31:13,PTBA,RG,3840,1,D,PD,AK,F
13:31:03,PTBA,RG,3840,5,D,NI,AK,F
13:31:02,PTBA,RG,3840,1,D,PD,AK,F
13:30:56,PTBA,RG,3840,1,D,PD,AK,F
13:30:55,PTBA,RG,3840,225,D,DH,AK,F
13:30:54,PTBA,RG,3840,1,D,PD,AK,F
13:30:52,PTBA,RG,3840,1,D,PD,AK,F
13:30:52,PTBA,RG,3840,75,D,YU,AK,F
13:30:44,PTBA,RG,3840,1,D,CC,AK,F
13:30:42,PTBA,RG,3840,25,D,NI,AK,F
13:30:38,PTBA,RG,3830,1,D,MG,XA,D
13:30:38,PTBA,RG,3840,200,D,CC,AK,F
13:30:34,PTBA,RG,3830,2,D,MG,XL,D
13:30:34,PTBA,RG,3830,2,D,MG,XL,D
13:30:30,PTBA,RG,3830,6,D,MG,XL,D
13:30:30,PTBA,RG,3840,4,D,XL,AK,F
13:30:30,PTBA,RG,3830,1,D,MG,XL,D
13:30:27,PTBA,RG,3840,33,F,ZP,AK,F
13:30:26,PTBA,RG,3840,112,D,YB,AK,F
13:30:26,PTBA,RG,3840,42,D,YB,AK,F
13:30:26,PTBA,RG,3840,346,D,YB,CC,D
13:30:26,PTBA,RG,3840,11,D,MG,CC,D
13:30:25,PTBA,RG,3830,1,D,MG,OD,D
13:30:24,PTBA,RG,3840,167,D,KI,CC,D
13:30:24,PTBA,RG,3840,457,D,KI,CC,D
13:30:24,PTBA,RG,3840,2,D,KI,CS,D
13:30:24,PTBA,RG,3840,60,D,KI,PD,D
13:30:24,PTBA,RG,3840,114,D,KI,PD,D
13:30:23,PTBA,RG,3840,5,D,KK,PD,D
13:30:17,PTBA,RG,3840,31,D,YP,PD,D
13:30:17,PTBA,RG,3840,13,D,YP,CS,F
13:30:17,PTBA,RG,3840,35,D,YP,CS,F
13:30:17,PTBA,RG,3840,1,D,YP,PD,D
13:30:17,PTBA,RG,3840,1,D,YP,PD,D
13:30:17,PTBA,RG,3840,10,D,YP,SH,D
13:30:17,PTBA,RG,3840,5,D,YP,YP,D
13:30:17,PTBA,RG,3840,1,D,YP,YP,D
13:30:17,PTBA,RG,3840,25,D,YP,CC,D
13:30:17,PTBA,RG,3840,6,D,YP,GR,D
13:30:17,PTBA,RG,3840,3,D,YP,KK,D
13:30:17,PTBA,RG,3840,60,D,YP,XC,D
13:30:17,PTBA,RG,3840,500,D,YP,CC,D
13:30:17,PTBA,RG,3840,1,D,YP,SQ,D
13:30:17,PTBA,RG,3840,2,D,YP,XC,D
13:30:17,PTBA,RG,3840,1,D,YP,XC,D
13:30:17,PTBA,RG,3840,305,D,YP,YP,D
13:30:11,PTBA,RG,3830,10,D,MG,YP,D
