Time,Stock,Brd,Price,Qty,BT,BC,SC,ST
15:12:47,PTBA,RG,2830,1,F,AK,YP,D
15:12:47,PTBA,RG,2830,5,D,PD,YP,D
15:12:46,PTBA,RG,2830,20,D,KK,YP,D
15:12:11,PTBA,RG,2830,10,D,EP,YP,D
15:10:28,PTBA,RG,2830,11,D,AZ,YP,D
15:07:12,PTBA,RG,2830,2,F,AK,YP,D
15:07:10,PTBA,RG,2830,50,D,HP,YP,D
15:06:34,PTBA,RG,2830,20,F,YP,YP,D
15:06:27,PTBA,RG,2830,10,F,AK,YP,D
15:06:26,PTBA,RG,2830,286,D,YP,YP,D
15:06:26,PTBA,RG,2830,5,D,YP,YP,D
15:06:26,PTBA,RG,2830,2,D,YP,PD,D
15:06:26,PTBA,RG,2830,6,D,YP,BQ,D
15:06:26,PTBA,RG,2830,1,D,YP,YP,D
15:05:48,PTBA,RG,2830,5,D,PD,NI,D
15:05:41,PTBA,RG,2830,1,D,XL,NI,D
15:05:15,PTBA,RG,2830,4,F,AK,NI,D
15:05:14,PTBA,RG,2830,150,D,IU,NI,D
15:04:40,PTBA,RG,2830,10,F,AK,NI,D
15:04:38,PTBA,RG,2830,70,D,YP,NI,D
15:04:38,PTBA,RG,2830,10,D,YP,GR,D
15:04:38,PTBA,RG,2830,1,D,YP,YP,D
15:04:38,PTBA,RG,2830,2,D,YP,PD,D
15:04:38,PTBA,RG,2830,5,D,YP,CC,D
15:04:38,PTBA,RG,2830,10,D,YP,SQ,D
15:04:38,PTBA,RG,2830,1,D,YP,NI,D
15:04:38,PTBA,RG,2830,40,D,YP,AZ,D
15:04:38,PTBA,RG,2830,141,D,YP,YP,D
15:04:38,PTBA,RG,2830,1,D,YP,XC,D
15:04:38,PTBA,RG,2830,5,D,YP,DX,D
15:04:38,PTBA,RG,2830,14,D,YP,AI,D
15:03:46,PTBA,RG,2830,1,F,AK,AI,D
15:03:46,PTBA,RG,2830,2,F,AK,DR,D
15:03:45,PTBA,RG,2830,11,D,ZP,DR,D
15:03:45,PTBA,RG,2830,10,D,ZP,AI,D
15:03:45,PTBA,RG,2830,5,D,ZP,XC,D
15:03:45,PTBA,RG,2830,5,D,ZP,PD,D
15:03:45,PTBA,RG,2830,69,D,ZP,SQ,D
15:01:23,PTBA,RG,2830,1,F,AK,SQ,D
15:01:22,PTBA,RG,2830,10,D,NI,SQ,D
15:01:22,PTBA,RG,2830,1,D,NI,DR,D
15:01:22,PTBA,RG,2830,19,D,NI,YP,D
15:01:00,PTBA,RG,2830,1,D,DH,YP,D
15:01:00,PTBA,RG,2830,1,D,AZ,YP,D
15:01:00,PTBA,RG,2830,19,D,GR,YP,D
15:01:00,PTBA,RG,2830,2,D,GR,DH,D
15:00:00,PTBA,RG,2830,1,D,YP,DH,D
15:00:00,PTBA,RG,2830,1,D,NI,DH,D
15:00:00,PTBA,RG,2830,155,D,YU,DH,D
15:00:00,PTBA,RG,2830,3,D,YU,NI,D
15:00:00,PTBA,RG,2830,9,D,YU,XC,D
15:00:00,PTBA,RG,2830,1,D,YU,NI,D
15:00:00,PTBA,RG,2830,1,D,YU,GR,D
15:00:00,PTBA,RG,2830,4,D,YU,SQ,D
15:00:00,PTBA,RG,2830,2,D,YU,NI,D
15:00:00,PTBA,RG,2830,1,D,YU,XC,D
15:00:00,PTBA,RG,2830,19,D,YU,XC,D
15:00:00,PTBA,RG,2830,105,D,YU,ZP,D
15:00:00,PTBA,RG,2830,20,D,HP,ZP,D
15:00:00,PTBA,RG,2830,20,D,YB,ZP,D
15:00:00,PTBA,RG,2830,25,D,HP,ZP,D
15:00:00,PTBA,RG,2830,5,D,YP,ZP,D
15:00:00,PTBA,RG,2830,2,D,PD,ZP,D
15:00:00,PTBA,RG,2830,3,D,XC,ZP,D
15:00:00,PTBA,RG,2830,42,D,AZ,ZP,D
15:00:00,PTBA,RG,2830,2,D,PD,ZP,D
15:00:00,PTBA,RG,2830,1,D,YP,ZP,D
15:00:00,PTBA,RG,2830,2,D,PD,ZP,D
15:00:00,PTBA,RG,2830,1,D,XC,ZP,D
15:00:00,PTBA,RG,2830,16,D,AZ,ZP,D
15:00:00,PTBA,RG,2830,1,D,PD,ZP,D
15:00:00,PTBA,RG,2830,2,D,NI,ZP,D
15:00:00,PTBA,RG,2830,166,D,PD,ZP,D
15:00:00,PTBA,RG,2830,44,D,AI,ZP,D
15:00:00,PTBA,RG,2830,15,D,CC,ZP,D
15:00:00,PTBA,RG,2830,50,D,ZP,ZP,D
15:00:00,PTBA,RG,2830,60,D,YU,ZP,D
15:00:00,PTBA,RG,2830,9,D,YP,ZP,D
15:00:00,PTBA,RG,2830,1,F,ZP,ZP,D
15:00:00,PTBA,RG,2830,104,F,ZP,ZP,D
15:00:00,PTBA,RG,2830,6,F,ZP,ZP,D
15:00:00,PTBA,RG,2830,93,F,ZP,ZP,D
15:00:00,PTBA,RG,2830,355,F,ZP,ZP,D
15:00:00,PTBA,RG,2830,5,F,ZP,EP,D
15:00:00,PTBA,RG,2830,25,F,ZP,YP,D
15:00:00,PTBA,RG,2830,5,F,ZP,PD,D
15:00:00,PTBA,RG,2830,1,F,ZP,XC,D
15:00:00,PTBA,RG,2830,20,F,ZP,PD,D
15:00:00,PTBA,RG,2830,10,F,ZP,CC,D
15:00:00,PTBA,RG,2830,15,F,ZP,NI,D
15:00:00,PTBA,RG,2830,24,F,ZP,NI,D
15:00:00,PTBA,RG,2830,48,F,ZP,KK,D
15:00:00,PTBA,RG,2830,2,F,ZP,KK,D
15:00:00,PTBA,RG,2830,43,F,ZP,LS,D
15:00:00,PTBA,RG,2830,3,F,ZP,PD,D
15:00:00,PTBA,RG,2830,1,F,ZP,YP,D
15:00:00,PTBA,RG,2830,6,F,ZP,YP,D
15:00:00,PTBA,RG,2830,24,F,ZP,OD,D
15:00:00,PTBA,RG,2830,26,F,ZP,OD,D
15:00:00,PTBA,RG,2830,5,F,ZP,PD,D
15:00:00,PTBA,RG,2830,236,F,ZP,PD,D
15:00:00,PTBA,RG,2830,14,F,ZP,PD,D
15:00:00,PTBA,RG,2830,13,F,ZP,XC,D
15:00:00,PTBA,RG,2830,20,F,ZP,AI,D
15:00:00,PTBA,RG,2830,600,F,ZP,OD,D
15:00:00,PTBA,RG,2830,20,F,ZP,YP,D
15:00:00,PTBA,RG,2830,5,F,ZP,YB,D
15:00:00,PTBA,RG,2830,76,F,ZP,KK,D
15:00:00,PTBA,RG,2830,1,F,ZP,YP,D
15:00:00,PTBA,RG,2830,2,F,ZP,XC,D
15:00:00,PTBA,RG,2830,2,F,ZP,XC,D
15:00:00,PTBA,RG,2830,5,F,ZP,YU,D
15:00:00,PTBA,RG,2830,7,F,ZP,YP,D
15:00:00,PTBA,RG,2830,10,F,ZP,GR,D
15:00:00,PTBA,RG,2830,5,F,ZP,XC,D
15:00:00,PTBA,RG,2830,8,F,ZP,CC,D
15:00:00,PTBA,RG,2830,2,F,ZP,PD,D
15:00:00,PTBA,RG,2830,1,F,ZP,CC,D
15:00:00,PTBA,RG,2830,10,F,ZP,CC,D
15:00:00,PTBA,RG,2830,3,F,ZP,OD,D
15:00:00,PTBA,RG,2830,2,F,ZP,PD,D
15:00:00,PTBA,RG,2830,793,F,ZP,RF,D
15:00:00,PTBA,RG,2830,2057,F,BK,RF,D
15:00:00,PTBA,RG,2830,1,F,BK,OD,D
15:00:00,PTBA,RG,2830,2,F,BK,OD,D
15:00:00,PTBA,RG,2830,7048,F,BK,CS,F
15:00:00,PTBA,RG,2830,563,F,ZP,CS,F
15:00:00,PTBA,RG,2830,18,F,CS,CS,F
15:00:00,PTBA,RG,2830,3,F,AK,CS,F
15:00:00,PTBA,RG,2830,6,F,AK,CS,F
15:00:00,PTBA,RG,2830,129,F,AK,CS,F
15:00:00,PTBA,RG,2830,16,F,AK,CS,F
15:00:00,PTBA,RG,2830,2,F,AK,CS,F
15:00:00,PTBA,RG,2830,121,F,AK,CS,F
15:00:00,PTBA,RG,2830,1,F,AK,CS,F
15:00:00,PTBA,RG,2830,3,F,AK,CS,F
15:00:00,PTBA,RG,2830,9,F,AK,CS,F
15:00:00,PTBA,RG,2830,1,F,AK,CS,F
15:00:00,PTBA,RG,2830,16,F,AK,CS,F
15:00:00,PTBA,RG,2830,1,F,AK,CS,F
15:00:00,PTBA,RG,2830,1,F,AK,CS,F
15:00:00,PTBA,RG,2830,2,F,AK,CS,F
15:00:00,PTBA,RG,2830,2,F,AK,CS,F
15:00:00,PTBA,RG,2830,2,F,AK,CS,F
15:00:00,PTBA,RG,2830,62,F,AK,CS,F
15:00:00,PTBA,RG,2830,3,F,AK,CS,F
15:00:00,PTBA,RG,2830,8,F,AK,CS,F
15:00:00,PTBA,RG,2830,81,F,AK,CS,F
15:00:00,PTBA,RG,2830,500,D,LG,CS,F
15:00:00,PTBA,RG,2830,500,D,LG,CS,F
15:00:00,PTBA,RG,2830,10,D,LG,CS,F
15:00:00,PTBA,RG,2830,100,D,LG,SQ,D
15:00:00,PTBA,RG,2830,390,D,LG,CS,D
15:00:00,PTBA,RG,2830,360,D,LG,CS,D
15:00:00,PTBA,RG,2830,140,D,LG,DX,D
14:49:55,PTBA,RG,2830,2,F,ZP,ZP,D
14:49:53,PTBA,RG,2830,6,F,ZP,ZP,D
14:49:53,PTBA,RG,2830,9,F,ZP,ZP,D
14:49:43,PTBA,RG,2830,3,F,ZP,ZP,D
14:49:34,PTBA,RG,2830,2,F,AK,ZP,D
14:49:34,PTBA,RG,2820,19,D,YB,CC,D
14:49:34,PTBA,RG,2820,31,D,PD,CC,D
14:49:31,PTBA,RG,2830,27,F,AK,ZP,D
14:49:31,PTBA,RG,2830,23,F,ZP,ZP,D
14:49:30,PTBA,RG,2830,1,F,AK,ZP,D
14:49:30,PTBA,RG,2830,860,F,ZP,ZP,D
14:49:29,PTBA,RG,2830,1,F,CS,ZP,D
14:49:29,PTBA,RG,2830,1,F,CS,ZP,D
14:49:29,PTBA,RG,2820,20,D,PD,CD,D
14:49:28,PTBA,RG,2830,1,D,XC,ZP,D
14:49:26,PTBA,RG,2830,4,D,PD,ZP,D
14:49:18,PTBA,RG,2830,14,F,ZP,ZP,D
14:49:15,PTBA,RG,2830,1,F,AK,ZP,D
14:49:15,PTBA,RG,2830,1,F,AK,ZP,D
14:49:15,PTBA,RG,2830,11,F,ZP,ZP,D
14:49:14,PTBA,RG,2820,39,D,PD,BB,D
14:49:13,PTBA,RG,2830,4,F,ZP,ZP,D
14:49:13,PTBA,RG,2820,1,D,PD,XC,D
14:49:09,PTBA,RG,2820,13,D,PD,BB,D
14:49:08,PTBA,RG,2830,2,F,AK,ZP,D
14:49:07,PTBA,RG,2820,7,D,PD,BB,D
14:49:07,PTBA,RG,2830,57,F,ZP,ZP,D
14:49:03,PTBA,RG,2830,3,F,AK,ZP,D
14:49:02,PTBA,RG,2830,91,F,ZP,ZP,D
14:49:01,PTBA,RG,2830,1,F,AK,ZP,D
14:49:00,PTBA,RG,2830,3,F,ZP,ZP,D
14:49:00,PTBA,RG,2830,12,D,BK,ZP,D
14:48:55,PTBA,RG,2820,8,D,PD,BB,D
14:48:48,PTBA,RG,2830,3,F,ZP,ZP,D
14:48:44,PTBA,RG,2820,3,D,YP,ZP,D
14:48:40,PTBA,RG,2820,3,D,YP,BB,D
14:48:40,PTBA,RG,2830,1,F,CS,ZP,D
14:48:39,PTBA,RG,2830,3,F,CS,ZP,D
14:48:37,PTBA,RG,2830,1,F,AK,ZP,D
14:48:37,PTBA,RG,2830,2,F,ZP,ZP,D
14:48:36,PTBA,RG,2830,1,F,AK,ZP,D
14:48:36,PTBA,RG,2820,4,D,YP,BB,D
14:48:36,PTBA,RG,2820,4,F,CS,BB,D
14:48:35,PTBA,RG,2830,31,D,BK,ZP,D
14:48:31,PTBA,RG,2830,1,F,AK,ZP,D
14:48:31,PTBA,RG,2830,3,F,ZP,ZP,D
14:48:30,PTBA,RG,2830,36,D,BK,ZP,D
14:48:24,PTBA,RG,2830,1,F,AK,ZP,D
14:48:23,PTBA,RG,2820,50,F,CS,GR,D
14:48:21,PTBA,RG,2830,1,F,AK,ZP,D
14:48:20,PTBA,RG,2830,3,F,ZP,ZP,D
14:48:20,PTBA,RG,2820,7,F,CS,BB,D
14:48:13,PTBA,RG,2830,3,F,AK,ZP,D
14:48:13,PTBA,RG,2820,1,F,CS,XC,D
14:48:12,PTBA,RG,2820,100,F,CS,YP,D
14:48:09,PTBA,RG,2830,1,F,AK,ZP,D
14:48:09,PTBA,RG,2830,2,F,CS,ZP,D
14:48:08,PTBA,RG,2830,31,D,BK,ZP,D
14:48:07,PTBA,RG,2830,3,F,ZP,ZP,D
14:48:06,PTBA,RG,2820,11,F,CS,BB,D
14:48:01,PTBA,RG,2830,1,F,AK,ZP,D
14:48:00,PTBA,RG,2830,14,D,YP,ZP,D
14:47:55,PTBA,RG,2830,14,F,ZP,ZP,D
14:47:51,PTBA,RG,2820,5,F,CS,CC,D
14:47:48,PTBA,RG,2830,1,F,AK,ZP,D
14:47:47,PTBA,RG,2820,20,F,CS,YP,D
14:47:46,PTBA,RG,2830,1,F,AK,ZP,D
14:47:44,PTBA,RG,2820,28,F,CS,BB,D
14:47:43,PTBA,RG,2820,20,F,CS,PD,D
14:47:43,PTBA,RG,2820,5,F,CS,NI,D
14:47:34,PTBA,RG,2830,1,F,AK,ZP,D
14:47:33,PTBA,RG,2820,11,F,CS,NI,D
14:47:29,PTBA,RG,2820,1,F,CS,YP,D
14:47:29,PTBA,RG,2820,8,D,NI,YP,D
14:47:28,PTBA,RG,2830,3,D,PD,ZP,D
14:47:23,PTBA,RG,2830,23,F,AK,ZP,D
14:47:22,PTBA,RG,2830,25,D,EP,ZP,D
14:47:22,PTBA,RG,2830,6,D,EP,PD,D
14:47:22,PTBA,RG,2830,2,D,EP,YP,D
14:47:22,PTBA,RG,2830,1,D,EP,XC,D
14:47:22,PTBA,RG,2830,40,D,EP,PD,D
14:47:22,PTBA,RG,2830,1,D,EP,PD,D
14:47:22,PTBA,RG,2830,31,D,EP,DR,D
14:47:22,PTBA,RG,2830,1,D,EP,YU,D
14:47:22,PTBA,RG,2830,6,D,EP,CC,D
14:47:22,PTBA,RG,2830,3,D,EP,YP,D
14:47:22,PTBA,RG,2830,1,D,EP,KK,D
14:47:22,PTBA,RG,2830,5,D,EP,PD,D
14:47:22,PTBA,RG,2830,1,D,EP,GR,D
14:47:22,PTBA,RG,2830,3,D,EP,PD,D
14:47:22,PTBA,RG,2830,3,D,EP,PD,D
14:47:22,PTBA,RG,2830,2,D,EP,YP,D
14:47:22,PTBA,RG,2830,37,D,EP,PD,D
14:47:22,PTBA,RG,2830,50,D,EP,PD,D
14:47:22,PTBA,RG,2830,1,D,EP,XA,D
14:47:22,PTBA,RG,2830,1,D,EP,AZ,D
14:47:22,PTBA,RG,2830,100,D,EP,NI,D
14:47:22,PTBA,RG,2830,1,D,EP,KK,D
14:47:22,PTBA,RG,2830,35,D,EP,PD,D
14:47:22,PTBA,RG,2830,25,D,EP,XC,D
14:47:22,PTBA,RG,2830,10,D,EP,OD,D
14:47:22,PTBA,RG,2830,180,D,EP,XC,D
14:47:22,PTBA,RG,2830,5,D,EP,CC,D
14:47:22,PTBA,RG,2830,2,D,EP,CC,D
14:47:22,PTBA,RG,2830,15,D,EP,FZ,D
14:47:22,PTBA,RG,2830,50,D,EP,OD,D
14:47:22,PTBA,RG,2830,62,D,EP,DR,D
14:47:22,PTBA,RG,2820,3,D,NI,YP,D
14:47:22,PTBA,RG,2820,15,D,BK,YP,D
14:47:16,PTBA,RG,2830,1,F,AK,DR,D
14:47:16,PTBA,RG,2830,3,D,CC,DR,D
14:47:15,PTBA,RG,2830,31,F,ZP,DR,D
14:47:15,PTBA,RG,2830,5,F,ZP,PD,D
14:47:15,PTBA,RG,2820,2,D,BK,CC,D
14:47:02,PTBA,RG,2830,12,F,ZP,PD,D
14:46:59,PTBA,RG,2820,2,D,BK,PD,D
14:46:54,PTBA,RG,2830,1,F,AK,PD,D
14:46:53,PTBA,RG,2820,18,D,BK,BB,D
14:46:53,PTBA,RG,2820,8,D,YB,BB,D
14:46:52,PTBA,RG,2830,1,F,AK,TP,D
14:46:51,PTBA,RG,2830,2,D,DP,TP,D
14:46:51,PTBA,RG,2830,7,D,DP,TP,D
14:46:51,PTBA,RG,2830,12,D,DP,PD,D
14:46:42,PTBA,RG,2830,10,D,DP,PD,D
14:46:42,PTBA,RG,2830,1,F,AK,PD,D
14:46:41,PTBA,RG,2820,19,D,YB,TP,D
14:46:41,PTBA,RG,2830,2,D,DP,PD,D
14:46:41,PTBA,RG,2830,10,D,DP,PD,D
14:46:37,PTBA,RG,2830,1,F,AK,YP,D
14:46:36,PTBA,RG,2820,50,D,YB,KK,D
14:46:34,PTBA,RG,2830,1,F,AK,YP,D
14:46:33,PTBA,RG,2820,1,D,YB,YP,D
14:46:29,PTBA,RG,2830,3,D,BK,YP,D
14:46:29,PTBA,RG,2830,27,D,BK,DH,D
14:46:28,PTBA,RG,2830,1,F,AK,DH,D
14:46:27,PTBA,RG,2820,2,D,YB,XL,D
14:46:19,PTBA,RG,2830,7,F,AK,DH,D
14:46:18,PTBA,RG,2830,1,F,AK,DH,D
14:46:18,PTBA,RG,2830,14,D,PD,DH,D
14:46:18,PTBA,RG,2830,1,D,PD,PD,D
14:46:18,PTBA,RG,2830,1,D,PD,XC,D
14:46:18,PTBA,RG,2830,1,D,PD,YP,D
14:46:18,PTBA,RG,2830,96,D,PD,PD,D
14:46:18,PTBA,RG,2830,1,D,PD,YP,D
14:46:18,PTBA,RG,2830,2,D,PD,KK,D
14:46:18,PTBA,RG,2830,5,D,PD,XL,D
14:46:18,PTBA,RG,2830,126,D,PD,PD,D
14:46:17,PTBA,RG,2830,15,F,ZP,PD,D
14:46:14,PTBA,RG,2820,18,D,YB,SS,D
14:46:08,PTBA,RG,2820,5,D,YB,PD,D
14:46:05,PTBA,RG,2830,1,F,AK,PD,D
14:46:03,PTBA,RG,2820,28,D,YB,BB,D
14:46:03,PTBA,RG,2820,1,D,YB,CC,D
14:45:53,PTBA,RG,2830,2,F,AK,PD,D
14:45:52,PTBA,RG,2820,43,D,YB,CP,D
14:45:45,PTBA,RG,2830,2,F,AK,PD,D
14:45:44,PTBA,RG,2830,1,F,AK,PD,D
14:45:44,PTBA,RG,2820,70,D,YB,YP,D
14:45:42,PTBA,RG,2830,29,D,BK,PD,D
14:45:34,PTBA,RG,2820,5,D,YB,EP,D
14:45:23,PTBA,RG,2830,1,F,AK,PD,D
14:45:21,PTBA,RG,2830,24,F,ZP,PD,D
14:45:20,PTBA,RG,2830,15,F,ZP,PD,D
14:45:11,PTBA,RG,2830,1,F,AK,PD,D
14:45:10,PTBA,RG,2830,1,F,AK,PD,D
14:45:10,PTBA,RG,2820,26,D,YB,BB,D
14:45:09,PTBA,RG,2820,6,D,YB,PD,D
14:45:08,PTBA,RG,2830,20,D,YP,PD,D
14:45:07,PTBA,RG,2830,5,F,ZP,PD,D
14:45:01,PTBA,RG,2830,3,F,AK,PD,D
14:45:00,PTBA,RG,2820,100,D,YB,CC,D
14:44:56,PTBA,RG,2830,23,F,AK,PD,D
14:44:54,PTBA,RG,2830,166,D,DX,PD,D
14:44:54,PTBA,RG,2830,100,D,DX,PD,D
14:44:54,PTBA,RG,2830,1,D,DX,YP,D
14:44:54,PTBA,RG,2830,30,D,DX,PC,D
14:44:54,PTBA,RG,2830,2,D,DX,XC,D
14:44:54,PTBA,RG,2830,1,D,DX,GR,D
14:44:54,PTBA,RG,2830,5,D,DX,OD,D
14:44:54,PTBA,RG,2830,1,D,DX,KK,D
14:44:54,PTBA,RG,2830,83,D,DX,KK,D
14:44:54,PTBA,RG,2830,90,D,DX,KK,D
14:44:54,PTBA,RG,2830,200,D,DX,TF,D
14:44:54,PTBA,RG,2830,1,D,DX,DH,D
14:44:54,PTBA,RG,2830,1,D,DX,XC,D
14:44:54,PTBA,RG,2830,1,D,DX,XC,D
14:44:54,PTBA,RG,2830,5,D,DX,GR,D
14:44:54,PTBA,RG,2830,1,D,DX,XC,D
14:44:54,PTBA,RG,2830,1,D,DX,CC,D
14:44:54,PTBA,RG,2830,15,D,DX,PD,D
14:44:54,PTBA,RG,2830,10,D,DX,YP,D
14:44:54,PTBA,RG,2830,1,D,DX,XC,D
14:44:54,PTBA,RG,2830,18,D,DX,YP,D
14:44:54,PTBA,RG,2830,1,F,AK,YP,D
14:44:52,PTBA,RG,2830,21,D,BK,YP,D
14:44:52,PTBA,RG,2830,12,D,BK,OD,D
14:44:36,PTBA,RG,2830,1,D,CC,OD,D
14:44:32,PTBA,RG,2820,1,D,YB,SQ,D
14:44:32,PTBA,RG,2830,5,D,DP,OD,D
14:44:27,PTBA,RG,2830,2,F,AK,OD,D
14:44:27,PTBA,RG,2830,13,F,ZP,OD,D
14:44:26,PTBA,RG,2830,11,F,AK,OD,D
14:44:25,PTBA,RG,2830,55,F,ZP,OD,D
14:44:25,PTBA,RG,2830,11,F,AK,OD,D
14:44:24,PTBA,RG,2830,372,D,DX,OD,D
14:44:24,PTBA,RG,2830,1,F,AK,OD,D
14:44:24,PTBA,RG,2830,350,D,DX,OD,D
14:44:22,PTBA,RG,2820,26,D,YB,BB,D
14:44:20,PTBA,RG,2830,4,D,YP,OD,D
14:44:20,PTBA,RG,2820,4,D,YB,HP,D
14:44:12,PTBA,RG,2820,5,D,YB,PD,D
14:44:08,PTBA,RG,2830,1,F,AK,OD,D
14:44:07,PTBA,RG,2830,30,D,BK,OD,D
14:44:06,PTBA,RG,2820,4,D,YB,DX,D
14:43:52,PTBA,RG,2830,1,F,AK,OD,D
14:43:51,PTBA,RG,2820,12,D,YB,SQ,D
14:43:37,PTBA,RG,2830,14,F,ZP,OD,D
14:43:34,PTBA,RG,2830,1,F,AK,OD,D
14:43:33,PTBA,RG,2820,25,D,YB,BB,D
14:43:29,PTBA,RG,2830,2,F,AK,OD,D
14:43:27,PTBA,RG,2820,80,D,YB,DX,D
14:43:18,PTBA,RG,2830,1,F,AK,OD,D
14:43:17,PTBA,RG,2820,4,D,YB,PD,D
14:43:14,PTBA,RG,2830,5,D,DP,OD,D
14:43:11,PTBA,RG,2820,6,D,YB,PD,D
14:43:10,PTBA,RG,2830,1,F,AK,OD,D
14:43:09,PTBA,RG,2830,34,D,BK,OD,D
14:43:03,PTBA,RG,2820,1,D,YB,NI,D
14:43:03,PTBA,RG,2830,13,D,EP,OD,D
14:42:58,PTBA,RG,2830,2,D,YP,OD,D
14:42:55,PTBA,RG,2830,1,F,AK,OD,D
14:42:53,PTBA,RG,2830,32,F,ZP,OD,D
14:42:47,PTBA,RG,2830,1,F,AK,OD,D
14:42:46,PTBA,RG,2820,26,D,YB,BB,D
14:42:46,PTBA,RG,2830,1,F,AK,OD,D
14:42:45,PTBA,RG,2830,16,F,ZP,OD,D
14:42:38,PTBA,RG,2820,4,D,YB,YB,D
14:42:38,PTBA,RG,2830,1,F,AK,OD,D
14:42:36,PTBA,RG,2820,40,D,YB,DX,D
14:42:28,PTBA,RG,2830,1,F,AK,OD,D
14:42:26,PTBA,RG,2820,2,D,YB,XC,D
14:42:26,PTBA,RG,2820,30,D,YB,DX,D
14:42:14,PTBA,RG,2830,1,F,AK,OD,D
14:42:12,PTBA,RG,2830,34,D,BK,OD,D
14:42:05,PTBA,RG,2820,6,D,YB,PD,D
14:42:00,PTBA,RG,2820,2,D,YB,PD,D
14:41:59,PTBA,RG,2830,1,F,AK,OD,D
14:41:57,PTBA,RG,2820,24,D,YB,BB,D
14:41:56,PTBA,RG,2830,10,F,AK,OD,D
14:41:55,PTBA,RG,2820,300,D,YB,YP,D
14:41:54,PTBA,RG,2820,10,D,YB,CC,D
14:41:48,PTBA,RG,2820,1,D,YB,YU,D
14:41:47,PTBA,RG,2830,5,F,ZP,OD,D
14:41:45,PTBA,RG,2830,4,F,AK,OD,D
14:41:44,PTBA,RG,2820,5,D,YB,PD,D
14:41:44,PTBA,RG,2820,2,D,SQ,PD,D
14:41:44,PTBA,RG,2820,76,D,PD,PD,D
14:41:44,PTBA,RG,2820,9,F,ZP,PD,D
14:41:44,PTBA,RG,2820,28,F,ZP,PD,D
14:41:43,PTBA,RG,2830,1,F,AK,OD,D
14:41:42,PTBA,RG,2830,35,D,NI,OD,D
14:41:39,PTBA,RG,2820,5,F,ZP,YP,D
14:41:36,PTBA,RG,2820,6,F,ZP,CC,D
14:41:36,PTBA,RG,2830,24,F,ZP,OD,D
14:41:19,PTBA,RG,2820,30,F,ZP,NI,D
14:41:14,PTBA,RG,2830,1,D,XC,OD,D
14:41:11,PTBA,RG,2820,28,F,ZP,BB,D
14:41:08,PTBA,RG,2820,6,F,ZP,PD,D
14:41:07,PTBA,RG,2820,4,F,ZP,PD,D
14:40:57,PTBA,RG,2830,7,F,ZP,OD,D
14:40:47,PTBA,RG,2820,131,F,ZP,XC,D
14:40:47,PTBA,RG,2820,12,F,AK,XC,D
14:40:47,PTBA,RG,2820,157,D,YP,XC,D
14:40:44,PTBA,RG,2830,2,F,AK,OD,D
14:40:44,PTBA,RG,2820,50,D,YP,AI,D
14:40:29,PTBA,RG,2830,4,F,AK,OD,D
14:40:29,PTBA,RG,2820,93,D,YP,DH,D
14:40:29,PTBA,RG,2820,3,D,MG,DH,D
14:40:29,PTBA,RG,2820,31,D,BK,DH,D
14:40:29,PTBA,RG,2820,3,D,NI,DH,D
14:40:29,PTBA,RG,2820,20,D,DX,DH,D
14:40:25,PTBA,RG,2820,6,D,DX,PD,D
14:40:20,PTBA,RG,2830,2,F,AK,OD,D
14:40:19,PTBA,RG,2820,24,D,DX,BB,D
14:40:19,PTBA,RG,2830,21,F,ZP,OD,D
14:40:11,PTBA,RG,2820,6,D,DX,PD,D
14:39:54,PTBA,RG,2830,15,F,AK,OD,D
14:39:53,PTBA,RG,2820,3,D,DX,CC,D
14:39:53,PTBA,RG,2820,281,D,DX,OD,D
14:39:53,PTBA,RG,2820,12,F,ZP,OD,D
14:39:53,PTBA,RG,2820,10,D,DP,OD,D
14:39:53,PTBA,RG,2820,1,F,AK,OD,D
14:39:53,PTBA,RG,2820,1,D,DP,OD,D
14:39:53,PTBA,RG,2820,195,D,DX,OD,D
14:39:43,PTBA,RG,2830,1,F,AK,OD,D
14:39:43,PTBA,RG,2820,50,D,DX,KK,D
14:39:41,PTBA,RG,2820,1,D,DX,YP,D
14:39:35,PTBA,RG,2830,2,F,AK,OD,D
14:39:34,PTBA,RG,2820,50,D,DX,KK,D
14:39:34,PTBA,RG,2830,1,F,AK,OD,D
14:39:33,PTBA,RG,2820,28,D,DX,BB,D
14:39:26,PTBA,RG,2820,20,D,DX,PD,D
14:39:20,PTBA,RG,2830,11,F,AK,OD,D
14:39:19,PTBA,RG,2820,90,D,DX,BB,D
14:39:19,PTBA,RG,2820,1,D,PD,BB,D
14:39:19,PTBA,RG,2820,1,D,KK,BB,D
14:39:19,PTBA,RG,2820,37,D,BK,BB,D
14:39:19,PTBA,RG,2820,30,D,YP,BB,D
14:39:19,PTBA,RG,2820,1,F,AK,BB,D
14:39:19,PTBA,RG,2820,1,D,EP,BB,D
14:39:19,PTBA,RG,2820,30,D,DH,BB,D
14:39:19,PTBA,RG,2820,1,D,PD,BB,D
14:39:19,PTBA,RG,2820,10,D,DP,BB,D
14:39:19,PTBA,RG,2820,1,D,DP,BB,D
14:39:19,PTBA,RG,2820,8,F,ZP,BB,D
14:39:19,PTBA,RG,2820,183,F,ZP,BB,D
14:39:14,PTBA,RG,2830,2,F,AK,OD,D
14:39:13,PTBA,RG,2820,6,F,ZP,PD,D
14:39:13,PTBA,RG,2830,53,F,ZP,OD,D
14:39:12,PTBA,RG,2830,1,F,AK,OD,D
14:39:11,PTBA,RG,2830,3,F,AK,OD,D
14:39:11,PTBA,RG,2830,14,F,ZP,OD,D
14:39:10,PTBA,RG,2820,21,F,ZP,OD,D
14:39:10,PTBA,RG,2820,1,D,YP,OD,D
14:39:10,PTBA,RG,2820,3,D,DR,OD,D
14:39:10,PTBA,RG,2820,5,D,XC,OD,D
14:39:10,PTBA,RG,2820,35,D,BK,OD,D
14:39:10,PTBA,RG,2820,2,F,CS,OD,D
14:39:10,PTBA,RG,2820,33,F,ZP,OD,D
14:39:07,PTBA,RG,2830,13,F,AK,OD,D
14:39:07,PTBA,RG,2820,1,F,ZP,CC,D
14:39:06,PTBA,RG,2830,430,D,DX,OD,D
14:38:53,PTBA,RG,2820,6,F,ZP,PD,D
14:38:46,PTBA,RG,2830,3,F,AK,OD,D
14:38:45,PTBA,RG,2820,102,F,ZP,CC,D
14:38:29,PTBA,RG,2830,5,F,AK,OD,D
14:38:28,PTBA,RG,2820,150,F,ZP,CC,D
14:38:21,PTBA,RG,2830,2,F,AK,OD,D
14:38:20,PTBA,RG,2820,64,F,ZP,CC,D
14:38:20,PTBA,RG,2830,4,F,ZP,OD,D
14:38:16,PTBA,RG,2820,6,F,ZP,PD,D
14:38:13,PTBA,RG,2830,3,F,AK,OD,D
14:38:12,PTBA,RG,2830,100,D,YP,OD,D
14:38:11,PTBA,RG,2830,1,F,AK,OD,D
14:38:10,PTBA,RG,2820,5,F,ZP,YP,D
14:38:01,PTBA,RG,2830,6,D,NI,OD,D
14:37:49,PTBA,RG,2830,6,F,AK,OD,D
14:37:48,PTBA,RG,2830,217,F,ZP,OD,D
14:37:44,PTBA,RG,2830,1,F,AK,OD,D
14:37:43,PTBA,RG,2820,4,F,ZP,EP,D
14:37:27,PTBA,RG,2820,4,F,ZP,PD,D
14:37:27,PTBA,RG,2820,2,D,CC,PD,D
14:37:19,PTBA,RG,2830,2,D,CC,OD,D
14:37:12,PTBA,RG,2830,1,D,YP,OD,D
14:37:06,PTBA,RG,2830,1,D,PD,OD,D
14:36:51,PTBA,RG,2820,13,D,OD,DR,D
14:36:37,PTBA,RG,2820,2,F,AK,DR,D
14:36:35,PTBA,RG,2820,7,F,ZP,DR,D
14:36:35,PTBA,RG,2820,39,F,ZP,DR,D
14:36:35,PTBA,RG,2820,49,F,AK,DR,D
14:36:35,PTBA,RG,2820,331,D,DX,DR,D
14:36:35,PTBA,RG,2820,9,D,XC,DR,D
14:36:35,PTBA,RG,2820,7,D,YP,DR,D
14:36:35,PTBA,RG,2820,36,D,BK,DR,D
14:36:35,PTBA,RG,2820,10,D,CC,DR,D
14:36:35,PTBA,RG,2820,3,F,CS,DR,D
14:36:35,PTBA,RG,2820,392,F,ZP,DR,D
14:36:35,PTBA,RG,2820,2,D,PD,DR,D
14:36:35,PTBA,RG,2820,2,F,CS,DR,D
14:36:35,PTBA,RG,2820,3,F,AK,DR,D
14:36:35,PTBA,RG,2820,268,F,CS,DR,D
14:36:35,PTBA,RG,2820,34,D,BK,DR,D
14:36:35,PTBA,RG,2820,35,D,NI,DR,D
14:36:35,PTBA,RG,2820,367,F,ZP,DR,D
14:36:35,PTBA,RG,2820,26,F,ZP,DR,D
14:36:35,PTBA,RG,2820,165,D,OD,DR,D
14:36:27,PTBA,RG,2830,1,F,AK,OD,D
14:36:26,PTBA,RG,2830,21,F,ZP,OD,D
14:36:26,PTBA,RG,2820,5,D,OD,XC,D
14:36:25,PTBA,RG,2830,2,F,AK,OD,D
14:36:24,PTBA,RG,2820,92,D,OD,OD,D
14:36:23,PTBA,RG,2830,5,F,AK,OD,D
14:36:22,PTBA,RG,2820,160,D,OD,XC,D
14:36:19,PTBA,RG,2830,1,F,AK,OD,D
14:36:18,PTBA,RG,2820,6,D,OD,PD,D
14:36:17,PTBA,RG,2830,11,F,AK,OD,D
14:36:15,PTBA,RG,2830,361,F,ZP,OD,D
14:35:58,PTBA,RG,2820,1,D,OD,YU,D
14:35:29,PTBA,RG,2820,6,D,OD,PD,D
14:35:27,PTBA,RG,2830,1,F,AK,OD,D
14:35:25,PTBA,RG,2830,32,F,ZP,OD,D
14:35:19,PTBA,RG,2820,3,D,OD,EP,D
14:35:17,PTBA,RG,2830,8,D,CC,OD,D
14:35:16,PTBA,RG,2830,6,F,AK,OD,D
14:35:15,PTBA,RG,2820,2,D,OD,XC,D
14:35:14,PTBA,RG,2830,6,F,ZP,OD,D
14:35:14,PTBA,RG,2830,176,F,ZP,CC,D
14:35:14,PTBA,RG,2820,5,D,OD,YP,D
14:35:01,PTBA,RG,2830,2,F,AK,CC,D
14:35:00,PTBA,RG,2820,13,D,OD,BB,D
14:35:00,PTBA,RG,2820,13,D,OD,BB,D
14:34:59,PTBA,RG,2820,29,D,OD,PD,D
14:34:59,PTBA,RG,2820,10,F,AK,PD,D
14:34:59,PTBA,RG,2820,62,F,AK,PD,D
14:34:59,PTBA,RG,2820,17,D,GR,PD,D
14:34:59,PTBA,RG,2820,2,D,YP,PD,D
14:34:59,PTBA,RG,2820,3,D,YP,PD,D
14:34:59,PTBA,RG,2820,500,D,LG,PD,D
14:34:59,PTBA,RG,2820,387,D,DX,PD,D
14:34:59,PTBA,RG,2820,500,D,LG,PD,D
14:34:59,PTBA,RG,2820,106,F,ZP,PD,D
14:34:59,PTBA,RG,2820,419,D,DX,PD,D
14:34:59,PTBA,RG,2820,331,F,ZP,PD,D
14:34:59,PTBA,RG,2820,21,F,AK,PD,D
14:34:59,PTBA,RG,2820,372,F,ZP,PD,D
14:34:59,PTBA,RG,2820,4,D,PD,PD,D
14:34:59,PTBA,RG,2820,9,D,YP,PD,D
14:34:59,PTBA,RG,2820,1,D,XC,PD,D
14:34:59,PTBA,RG,2820,35,D,PD,PD,D
14:34:58,PTBA,RG,2830,340,F,ZP,CC,D
14:34:31,PTBA,RG,2830,11,F,AK,CC,D
14:34:30,PTBA,RG,2830,6,F,AK,CC,D
14:34:29,PTBA,RG,2830,336,F,ZP,CC,D
14:34:29,PTBA,RG,2820,200,D,PD,LG,D
14:34:19,PTBA,RG,2820,6,D,PD,PD,D
14:34:11,PTBA,RG,2830,1,F,AK,CC,D
14:34:09,PTBA,RG,2820,10,D,PD,HP,D
14:34:05,PTBA,RG,2830,1,F,AK,CC,D
14:34:03,PTBA,RG,2830,33,F,ZP,CC,D
14:34:02,PTBA,RG,2820,20,D,PD,KK,D
14:34:01,PTBA,RG,2830,1,F,AK,CC,D
14:34:00,PTBA,RG,2820,33,D,PD,YP,D
14:33:53,PTBA,RG,2830,4,F,AK,CC,D
14:33:52,PTBA,RG,2830,108,D,DP,CC,D
14:33:49,PTBA,RG,2830,21,F,AK,CC,D
14:33:48,PTBA,RG,2830,1,F,AK,CC,D
14:33:47,PTBA,RG,2820,120,D,PD,YP,D
14:33:47,PTBA,RG,2820,380,F,ZP,YP,D
14:33:47,PTBA,RG,2820,3,F,CS,YP,D
14:33:47,PTBA,RG,2820,2,F,CS,YP,D
14:33:47,PTBA,RG,2820,31,F,ZP,YP,D
14:33:47,PTBA,RG,2820,170,D,DP,YP,D
14:33:47,PTBA,RG,2820,5,D,DP,PD,D
14:33:43,PTBA,RG,2830,3,D,DP,CC,D
14:33:27,PTBA,RG,2830,3,F,AK,CC,D
14:33:26,PTBA,RG,2820,69,D,DP,RB,D
14:33:26,PTBA,RG,2820,20,D,DP,RB,D
14:33:26,PTBA,RG,2820,7,D,CC,RB,D
14:33:12,PTBA,RG,2820,1,D,CC,DX,D
14:33:09,PTBA,RG,2830,25,F,ZP,CC,D
14:33:00,PTBA,RG,2830,3,F,AK,CC,D
14:32:58,PTBA,RG,2820,12,D,CC,KK,D
14:32:58,PTBA,RG,2820,88,D,NI,KK,D
14:32:56,PTBA,RG,2830,1,F,AK,CC,D
14:32:55,PTBA,RG,2820,11,D,NI,CC,D
14:32:53,PTBA,RG,2830,1,F,AK,CC,D
14:32:52,PTBA,RG,2820,35,D,NI,PD,D
14:32:50,PTBA,RG,2820,4,D,NI,PD,D
14:32:39,PTBA,RG,2830,206,F,AK,CC,D
14:32:38,PTBA,RG,2820,112,D,NI,OD,D
14:32:38,PTBA,RG,2820,18,F,AK,OD,D
14:32:38,PTBA,RG,2820,1000,D,OD,OD,D
14:32:38,PTBA,RG,2820,332,D,DX,OD,D
14:32:38,PTBA,RG,2820,399,D,DX,OD,D
14:32:38,PTBA,RG,2820,354,F,CS,OD,D
14:32:38,PTBA,RG,2820,3,F,CS,OD,D
14:32:38,PTBA,RG,2820,1,F,CS,OD,D
14:32:38,PTBA,RG,2820,1,D,IF,OD,D
14:32:38,PTBA,RG,2820,14,D,DH,OD,D
14:32:38,PTBA,RG,2820,5,D,YP,OD,D
14:32:38,PTBA,RG,2820,200,D,PD,OD,D
14:32:38,PTBA,RG,2820,2000,D,LG,OD,D
14:32:38,PTBA,RG,2820,1,F,CS,OD,D
14:32:38,PTBA,RG,2820,4,F,CS,OD,D
14:32:38,PTBA,RG,2820,250,D,PD,OD,D
14:32:38,PTBA,RG,2820,1,D,SQ,OD,D
14:32:38,PTBA,RG,2820,99,D,BK,OD,D
14:32:38,PTBA,RG,2820,2,D,YP,OD,D
14:32:38,PTBA,RG,2820,12,D,XC,OD,D
14:32:38,PTBA,RG,2820,200,D,CC,OD,D
14:32:38,PTBA,RG,2820,1,D,PD,OD,D
14:32:38,PTBA,RG,2820,90,D,BK,OD,D
14:32:38,PTBA,RG,2820,10,D,OD,OD,D
14:32:38,PTBA,RG,2820,500,D,LG,OD,D
14:32:38,PTBA,RG,2820,500,D,LG,OD,D
14:32:38,PTBA,RG,2820,500,D,LG,OD,D
14:32:38,PTBA,RG,2820,2,F,CS,OD,D
14:32:38,PTBA,RG,2820,2,F,CS,OD,D
14:32:38,PTBA,RG,2820,385,D,LG,OD,D
14:32:38,PTBA,RG,2820,90,D,BK,OD,D
14:32:38,PTBA,RG,2820,1,D,YP,OD,D
14:32:38,PTBA,RG,2820,7,D,KK,OD,D
14:32:38,PTBA,RG,2820,1,D,NI,OD,D
14:32:38,PTBA,RG,2820,4,F,CS,OD,D
14:32:38,PTBA,RG,2820,89,D,BK,OD,D
14:32:38,PTBA,RG,2820,1,D,PD,OD,D
14:32:38,PTBA,RG,2820,177,D,YP,OD,D
14:32:38,PTBA,RG,2820,1,F,CS,OD,D
14:32:38,PTBA,RG,2820,10,D,NI,OD,D
14:32:38,PTBA,RG,2820,1,D,YP,OD,D
14:32:38,PTBA,RG,2820,1,D,YP,OD,D
14:32:38,PTBA,RG,2820,1,D,PD,OD,D
14:32:38,PTBA,RG,2820,500,D,DR,OD,D
14:32:38,PTBA,RG,2820,2,F,CS,OD,D
14:32:38,PTBA,RG,2820,5,F,KK,OD,D
14:32:38,PTBA,RG,2820,84,D,BK,OD,D
14:32:38,PTBA,RG,2820,2,D,PD,OD,D
14:32:38,PTBA,RG,2820,2,F,CS,OD,D
14:32:38,PTBA,RG,2820,97,D,DP,OD,D
14:32:38,PTBA,RG,2820,19,D,DP,OD,D
14:32:38,PTBA,RG,2820,7,D,PD,OD,D
14:32:38,PTBA,RG,2820,4,D,YP,OD,D
14:32:38,PTBA,RG,2820,35,D,YP,OD,D
14:32:38,PTBA,RG,2820,1,D,XC,OD,D
14:32:38,PTBA,RG,2820,78,F,ZP,OD,D
14:32:38,PTBA,RG,2820,250,D,PD,OD,D
14:32:38,PTBA,RG,2820,1,F,CS,OD,D
14:32:38,PTBA,RG,2820,1000,D,LG,OD,D
14:32:38,PTBA,RG,2820,100,D,DR,OD,D
14:32:38,PTBA,RG,2820,2,D,XC,OD,D
14:32:38,PTBA,RG,2820,99,D,BK,OD,D
14:32:38,PTBA,RG,2820,2,D,YP,OD,D
14:32:38,PTBA,RG,2820,1,D,PD,OD,D
14:32:38,PTBA,RG,2820,20,D,HP,OD,D
14:32:38,PTBA,RG,2820,2,F,CS,OD,D
14:32:38,PTBA,RG,2820,138,D,GR,OD,D
14:32:38,PTBA,RG,2820,128,F,ZP,OD,D
14:32:38,PTBA,RG,2820,1,F,CS,OD,D
14:32:38,PTBA,RG,2820,50,D,PD,OD,D
14:32:38,PTBA,RG,2820,20,D,XC,OD,D
14:32:38,PTBA,RG,2820,2,F,CS,OD,D
14:32:38,PTBA,RG,2820,282,D,YP,OD,D
14:32:38,PTBA,RG,2820,2,D,YP,OD,D
14:32:38,PTBA,RG,2820,66,D,BK,OD,D
14:32:38,PTBA,RG,2820,1,D,PD,OD,D
14:32:38,PTBA,RG,2820,4,F,CS,OD,D
14:32:38,PTBA,RG,2820,22,D,BK,OD,D
14:32:38,PTBA,RG,2820,7,F,AK,OD,D
14:32:38,PTBA,RG,2820,2,D,YP,OD,D
14:32:38,PTBA,RG,2820,167,F,ZP,OD,D
14:32:38,PTBA,RG,2820,3,D,NI,OD,D
14:32:38,PTBA,RG,2820,143,F,AK,OD,D
14:32:38,PTBA,RG,2820,250,D,PD,OD,D
14:32:38,PTBA,RG,2820,60,D,BK,OD,D
14:32:38,PTBA,RG,2820,100,D,PD,OD,D
14:32:38,PTBA,RG,2820,1000,D,LG,OD,D
14:32:38,PTBA,RG,2820,59,D,BK,OD,D
14:32:38,PTBA,RG,2820,30,D,DH,OD,D
14:32:38,PTBA,RG,2820,7,F,AK,OD,D
14:32:38,PTBA,RG,2820,3,D,DX,OD,D
14:32:38,PTBA,RG,2820,1,F,CS,OD,D
14:32:38,PTBA,RG,2820,2,F,CS,OD,D
14:32:38,PTBA,RG,2820,255,D,OD,OD,D
14:32:31,PTBA,RG,2820,6,D,OD,PD,D
14:32:14,PTBA,RG,2830,4,F,AK,CC,D
14:32:12,PTBA,RG,2820,100,D,OD,YP,D
14:32:12,PTBA,RG,2830,2,F,AK,CC,D
14:32:11,PTBA,RG,2830,32,F,ZP,CC,D
14:32:10,PTBA,RG,2830,39,D,BK,CC,D
14:31:45,PTBA,RG,2820,6,D,OD,PD,D
14:31:43,PTBA,RG,2830,1,F,AK,CC,D
14:31:42,PTBA,RG,2830,33,D,BK,CC,D
14:31:26,PTBA,RG,2830,8,F,AK,CC,D
14:31:25,PTBA,RG,2820,250,D,OD,EP,D
14:31:22,PTBA,RG,2830,27,F,ZP,CC,D
14:31:19,PTBA,RG,2830,1,F,AK,CC,D
14:31:18,PTBA,RG,2820,10,D,OD,YP,D
14:31:06,PTBA,RG,2830,11,F,AK,CC,D
14:31:05,PTBA,RG,2830,373,D,DX,CC,D
14:31:04,PTBA,RG,2830,12,F,AK,CC,D
14:31:04,PTBA,RG,2830,174,D,DX,CC,D
14:31:04,PTBA,RG,2830,1,D,DX,YP,D
14:31:04,PTBA,RG,2830,187,D,DX,CC,D
14:30:53,PTBA,RG,2830,1,F,AK,CC,D
14:30:53,PTBA,RG,2820,13,D,OD,EP,D
14:30:52,PTBA,RG,2830,12,D,BK,CC,D
14:30:52,PTBA,RG,2830,20,D,BK,OD,D
14:30:52,PTBA,RG,2830,5,D,BK,KK,D
14:30:52,PTBA,RG,2830,9,D,BK,CC,F
14:30:49,PTBA,RG,2830,6,F,AK,CC,F
14:30:49,PTBA,RG,2830,2,F,AK,PD,D
14:30:49,PTBA,RG,2820,250,D,OD,XC,D
14:30:45,PTBA,RG,2830,1,F,AK,AT,D
14:30:45,PTBA,RG,2820,20,D,OD,PD,D
14:30:42,PTBA,RG,2820,6,D,OD,PD,D
14:30:26,PTBA,RG,2830,2,F,ZP,AT,D
14:30:26,PTBA,RG,2830,13,F,ZP,DH,D
14:30:24,PTBA,RG,2830,5,D,CC,DH,D
14:30:17,PTBA,RG,2830,2,F,AK,DH,D
14:30:16,PTBA,RG,2830,15,D,BK,DH,D
14:30:16,PTBA,RG,2830,3,D,BK,GR,D
14:30:16,PTBA,RG,2830,1,D,BK,LG,D
14:30:16,PTBA,RG,2830,16,D,BK,NI,D
14:30:08,PTBA,RG,2830,6,F,AK,NI,D
14:30:07,PTBA,RG,2830,178,D,DP,NI,D
14:30:07,PTBA,RG,2830,15,D,DP,XC,D
14:30:07,PTBA,RG,2830,1,D,DP,NI,D
14:30:05,PTBA,RG,2830,18,D,DP,NI,D
14:30:00,PTBA,RG,2830,3,D,KK,NI,D
14:29:55,PTBA,RG,2830,5,F,AK,NI,D
14:29:54,PTBA,RG,2830,23,D,CC,NI,D
14:29:54,PTBA,RG,2830,20,D,CC,PD,D
14:29:54,PTBA,RG,2830,2,D,CC,PD,D
14:29:54,PTBA,RG,2830,5,D,CC,DR,D
14:29:54,PTBA,RG,2830,6,D,CC,PD,D
14:29:54,PTBA,RG,2830,1,D,CC,AT,D
14:29:54,PTBA,RG,2830,95,D,CC,ZP,D
14:29:47,PTBA,RG,2830,1,F,AK,ZP,D
14:29:46,PTBA,RG,2830,1,F,AK,ZP,D
14:29:46,PTBA,RG,2830,34,F,ZP,ZP,D
14:29:45,PTBA,RG,2820,6,D,OD,PD,D
14:29:45,PTBA,RG,2830,34,D,BK,ZP,D
14:29:45,PTBA,RG,2830,5,D,CP,ZP,D
14:29:33,PTBA,RG,2830,3,F,AK,ZP,D
14:29:32,PTBA,RG,2820,78,D,OD,PD,D
14:29:32,PTBA,RG,2820,5,D,KK,PD,D
14:29:32,PTBA,RG,2820,3,F,CS,PD,D
14:29:32,PTBA,RG,2820,1,F,CS,PD,D
14:29:32,PTBA,RG,2820,5,D,PD,PD,D
14:29:32,PTBA,RG,2820,1,F,CS,PD,D
14:29:32,PTBA,RG,2820,1,F,CS,PD,D
14:29:32,PTBA,RG,2820,6,D,LG,PD,D
14:29:05,PTBA,RG,2830,1,F,AK,ZP,D
14:29:04,PTBA,RG,2820,8,D,LG,GR,D
14:28:58,PTBA,RG,2830,1,F,AK,ZP,D
14:28:57,PTBA,RG,2830,43,D,BK,ZP,D
14:28:44,PTBA,RG,2820,1,D,LG,YP,D
14:28:40,PTBA,RG,2820,6,D,LG,PD,D
14:28:38,PTBA,RG,2830,1,F,AK,ZP,D
14:28:37,PTBA,RG,2830,26,F,ZP,ZP,D
14:28:21,PTBA,RG,2830,24,F,AK,ZP,D
14:28:20,PTBA,RG,2830,381,D,DX,ZP,D
14:28:20,PTBA,RG,2830,381,D,DX,ZP,D
14:28:09,PTBA,RG,2830,1,F,AK,ZP,D
14:28:08,PTBA,RG,2830,45,D,BK,ZP,D
14:28:02,PTBA,RG,2830,1,F,AK,ZP,D
14:28:01,PTBA,RG,2830,33,F,ZP,ZP,D
14:27:50,PTBA,RG,2830,10,D,CC,ZP,D
14:27:44,PTBA,RG,2830,1,F,AK,ZP,D
14:27:43,PTBA,RG,2820,6,D,LG,PD,D
14:27:12,PTBA,RG,2830,1,D,XC,ZP,D
14:27:03,PTBA,RG,2830,4,F,AK,ZP,D
14:27:02,PTBA,RG,2830,131,F,ZP,ZP,D
14:27:01,PTBA,RG,2830,4,F,AK,ZP,D
14:27:00,PTBA,RG,2830,127,F,ZP,ZP,D
14:26:50,PTBA,RG,2830,6,F,AK,ZP,D
14:26:49,PTBA,RG,2820,200,D,LG,YP,D
14:26:42,PTBA,RG,2820,6,D,LG,PD,D
14:26:21,PTBA,RG,2830,3,F,AK,ZP,D
14:26:20,PTBA,RG,2820,100,D,LG,SQ,D
14:26:16,PTBA,RG,2830,3,F,AK,ZP,D
14:26:15,PTBA,RG,2820,100,D,LG,PD,D
14:26:00,PTBA,RG,2830,4,D,GR,ZP,D
14:25:59,PTBA,RG,2830,1,F,AK,ZP,D
14:25:58,PTBA,RG,2830,1,F,AK,ZP,D
14:25:57,PTBA,RG,2830,25,F,ZP,ZP,D
14:25:57,PTBA,RG,2820,6,D,LG,PD,D
14:25:57,PTBA,RG,2820,20,D,LG,CC,D
14:25:44,PTBA,RG,2830,10,F,AK,ZP,D
14:25:43,PTBA,RG,2830,12,F,AK,ZP,D
14:25:42,PTBA,RG,2830,46,F,ZP,ZP,D
14:25:42,PTBA,RG,2830,290,F,ZP,ZP,D
14:25:42,PTBA,RG,2830,10,F,AK,ZP,D
14:25:42,PTBA,RG,2830,374,D,DX,ZP,D
14:25:41,PTBA,RG,2830,326,D,DX,ZP,D
14:25:41,PTBA,RG,2830,5,D,DX,CC,D
14:25:41,PTBA,RG,2830,3,D,DX,NI,D
14:25:40,PTBA,RG,2830,1,D,XC,NI,D
14:25:39,PTBA,RG,2830,6,F,AK,NI,D
14:25:38,PTBA,RG,2820,200,D,LG,YP,D
14:25:28,PTBA,RG,2830,1,D,XC,NI,D
14:25:23,PTBA,RG,2830,1,F,AK,NI,D
14:25:21,PTBA,RG,2830,10,F,ZP,NI,D
14:25:19,PTBA,RG,2830,3,F,AK,NI,D
14:25:18,PTBA,RG,2830,15,F,ZP,NI,D
14:25:18,PTBA,RG,2830,4,F,ZP,PD,D
14:25:18,PTBA,RG,2830,10,F,ZP,BB,D
14:25:18,PTBA,RG,2830,18,F,ZP,YP,D
14:25:18,PTBA,RG,2830,20,F,ZP,YP,D
14:25:18,PTBA,RG,2830,5,F,ZP,NI,D
14:25:18,PTBA,RG,2830,3,F,ZP,AZ,D
14:25:18,PTBA,RG,2830,1,F,ZP,NI,D
14:25:18,PTBA,RG,2830,4,F,ZP,CC,D
14:25:18,PTBA,RG,2830,40,F,ZP,DH,D
14:25:12,PTBA,RG,2830,1,F,AK,DH,D
14:25:10,PTBA,RG,2820,25,D,LG,BB,D
14:25:10,PTBA,RG,2830,1,F,AK,DH,D
14:25:08,PTBA,RG,2830,35,F,ZP,DH,D
14:25:03,PTBA,RG,2830,6,F,AK,DH,D
14:25:02,PTBA,RG,2820,180,D,LG,PD,D
14:24:49,PTBA,RG,2820,2,D,LG,DX,D
14:24:26,PTBA,RG,2830,1,F,AK,DH,D
14:24:25,PTBA,RG,2820,20,D,LG,YP,D
14:24:24,PTBA,RG,2820,25,D,LG,BB,D
14:24:19,PTBA,RG,2830,10,F,AK,DH,D
14:24:18,PTBA,RG,2830,6,D,LG,DH,D
14:24:18,PTBA,RG,2830,1,D,LG,AZ,D
14:24:18,PTBA,RG,2830,5,D,LG,MK,D
14:24:18,PTBA,RG,2830,5,D,LG,PD,D
14:24:18,PTBA,RG,2830,9,D,LG,SQ,D
14:24:18,PTBA,RG,2830,1,D,LG,XC,D
14:24:18,PTBA,RG,2830,150,D,LG,SQ,D
14:24:18,PTBA,RG,2830,2,D,LG,DH,D
14:24:18,PTBA,RG,2830,10,D,LG,PD,D
14:24:18,PTBA,RG,2830,1,D,LG,YP,D
14:24:18,PTBA,RG,2830,2,D,LG,XC,D
14:24:18,PTBA,RG,2830,108,D,LG,ZP,D
14:24:15,PTBA,RG,2830,1,F,AK,ZP,D
14:24:14,PTBA,RG,2820,25,D,LG,PD,D
14:24:14,PTBA,RG,2820,10,D,LG,EP,D
14:23:56,PTBA,RG,2820,3,D,LG,CC,D
14:23:39,PTBA,RG,2820,5,D,LG,PD,D
14:23:39,PTBA,RG,2830,1,F,AK,ZP,D
14:23:37,PTBA,RG,2820,25,D,LG,BB,D
14:23:31,PTBA,RG,2820,1,D,LG,YU,D
14:23:24,PTBA,RG,2820,1,D,LG,PD,D
14:23:20,PTBA,RG,2830,1,D,AT,ZP,D
14:23:15,PTBA,RG,2830,1,D,AT,ZP,D
14:23:10,PTBA,RG,2830,3,F,BK,ZP,D
14:23:09,PTBA,RG,2830,1,F,AK,ZP,D
14:23:08,PTBA,RG,2830,14,F,AK,ZP,D
14:23:07,PTBA,RG,2830,53,F,ZP,ZP,D
14:23:07,PTBA,RG,2830,11,F,AK,ZP,D
14:23:06,PTBA,RG,2830,306,D,DX,ZP,D
14:23:06,PTBA,RG,2830,8,D,DX,DH,D
14:23:06,PTBA,RG,2830,2,D,DX,PD,D
14:23:06,PTBA,RG,2830,5,D,DX,CC,D
14:23:06,PTBA,RG,2830,5,D,DX,XC,D
14:23:06,PTBA,RG,2830,45,D,DX,DX,D
14:23:06,PTBA,RG,2830,30,D,DX,LG,D
14:23:06,PTBA,RG,2830,13,D,DX,EP,D
14:23:06,PTBA,RG,2830,1,D,DX,NI,D
14:23:06,PTBA,RG,2830,5,D,DX,SQ,D
14:23:06,PTBA,RG,2830,3,D,DX,XC,D
14:23:06,PTBA,RG,2830,10,D,DX,YP,D
14:23:06,PTBA,RG,2830,30,D,DX,YP,D
14:23:06,PTBA,RG,2830,1,D,DX,NI,D
14:23:06,PTBA,RG,2830,329,D,DX,ZP,D
14:22:51,PTBA,RG,2830,1,F,AK,ZP,D
14:22:49,PTBA,RG,2820,19,D,LG,BB,D
14:22:49,PTBA,RG,2820,9,D,BK,BB,D
14:22:39,PTBA,RG,2830,2,D,PD,ZP,D
14:22:26,PTBA,RG,2830,6,F,AK,ZP,D
14:22:24,PTBA,RG,2820,49,D,BK,SQ,F
14:22:24,PTBA,RG,2820,40,D,CC,SQ,F
14:22:24,PTBA,RG,2820,1,D,CC,SQ,F
14:22:24,PTBA,RG,2820,57,D,BK,SQ,F
14:22:24,PTBA,RG,2820,1,D,YP,SQ,F
14:22:24,PTBA,RG,2820,5,D,NI,SQ,F
14:22:24,PTBA,RG,2820,16,D,EP,SQ,F
14:22:24,PTBA,RG,2820,31,D,BK,SQ,F
14:21:58,PTBA,RG,2830,1,F,AK,ZP,D
14:21:57,PTBA,RG,2830,2,D,HP,ZP,D
14:21:56,PTBA,RG,2820,24,D,BK,BB,D
14:21:56,PTBA,RG,2820,1,F,CS,BB,D
14:21:56,PTBA,RG,2820,3,D,BK,BB,D
14:21:53,PTBA,RG,2820,5,D,BK,YP,D
14:21:50,PTBA,RG,2820,1,D,BK,XC,D
14:21:36,PTBA,RG,2830,5,F,AK,ZP,D
14:21:34,PTBA,RG,2830,155,F,ZP,ZP,D
14:21:25,PTBA,RG,2830,1,F,AK,ZP,D
14:21:23,PTBA,RG,2820,23,D,BK,NI,D
14:21:14,PTBA,RG,2820,3,D,BK,YP,D
14:21:06,PTBA,RG,2820,19,D,BK,NI,D
14:21:06,PTBA,RG,2820,2,D,PD,NI,D
14:21:05,PTBA,RG,2830,1,F,AK,ZP,D
14:21:04,PTBA,RG,2820,25,D,PD,BB,D
14:20:58,PTBA,RG,2830,3,F,AK,ZP,D
14:20:57,PTBA,RG,2830,6,F,AK,ZP,D
14:20:57,PTBA,RG,2830,94,F,ZP,ZP,D
14:20:56,PTBA,RG,2820,73,D,PD,PD,D
14:20:56,PTBA,RG,2820,11,D,PD,PD,D
14:20:56,PTBA,RG,2820,116,D,PD,PD,D
14:20:52,PTBA,RG,2830,1,D,YP,ZP,D
14:20:50,PTBA,RG,2830,4,D,XL,ZP,D
14:20:38,PTBA,RG,2830,1,F,AK,ZP,D
14:20:38,PTBA,RG,2820,20,D,PD,NI,D
14:20:30,PTBA,RG,2830,3,F,AK,ZP,D
14:20:29,PTBA,RG,2830,11,F,AK,ZP,D
14:20:29,PTBA,RG,2830,89,F,ZP,ZP,D
14:20:29,PTBA,RG,2830,365,D,DX,ZP,D
14:20:23,PTBA,RG,2830,10,F,AK,ZP,D
14:20:22,PTBA,RG,2830,321,D,DX,ZP,D
14:20:21,PTBA,RG,2830,1,F,AK,ZP,D
14:20:20,PTBA,RG,2830,17,F,ZP,ZP,D
14:20:20,PTBA,RG,2820,14,D,PD,YP,D
14:20:20,PTBA,RG,2820,1,F,CS,YP,D
14:20:18,PTBA,RG,2830,1,F,AK,ZP,D
14:20:18,PTBA,RG,2820,28,D,BK,BB,D
14:20:15,PTBA,RG,2820,1,D,BK,BQ,D
14:20:10,PTBA,RG,2830,1,F,AK,ZP,D
14:20:09,PTBA,RG,2830,30,D,PD,ZP,D
14:20:01,PTBA,RG,2830,3,F,AK,ZP,D
14:20:00,PTBA,RG,2830,91,F,ZP,ZP,D
14:19:59,PTBA,RG,2830,3,F,AK,ZP,D
14:19:59,PTBA,RG,2820,26,D,BK,OD,D
14:19:59,PTBA,RG,2820,3,F,CS,OD,D
14:19:59,PTBA,RG,2820,51,D,KK,OD,D
14:19:58,PTBA,RG,2830,34,D,BK,ZP,D
14:19:31,PTBA,RG,2820,1,D,KK,BQ,D
14:19:30,PTBA,RG,2820,5,D,KK,YP,D
14:19:26,PTBA,RG,2830,1,F,AK,ZP,D
14:19:25,PTBA,RG,2820,25,D,KK,BB,D
14:19:20,PTBA,RG,2830,1,F,AK,ZP,D
14:19:19,PTBA,RG,2830,30,F,ZP,ZP,D
14:19:12,PTBA,RG,2820,3,D,KK,PD,D
14:19:09,PTBA,RG,2830,1,F,AK,ZP,D
14:19:08,PTBA,RG,2830,31,D,BK,ZP,D
14:19:06,PTBA,RG,2820,1,D,KK,PD,D
14:19:03,PTBA,RG,2830,2,F,AK,ZP,D
14:19:03,PTBA,RG,2820,43,D,KK,YP,D
14:18:43,PTBA,RG,2830,1,D,XC,ZP,D
14:18:41,PTBA,RG,2830,2,D,XC,ZP,D
14:18:41,PTBA,RG,2820,4,D,KK,TP,D
14:18:38,PTBA,RG,2830,1,F,AK,ZP,D
14:18:38,PTBA,RG,2820,25,D,KK,BB,D
14:18:24,PTBA,RG,2820,2,D,KK,BQ,D
14:18:17,PTBA,RG,2820,10,D,KK,CC,D
14:17:51,PTBA,RG,2830,1,F,AK,ZP,D
14:17:50,PTBA,RG,2820,20,D,KK,BB,D
14:17:50,PTBA,RG,2820,11,D,BK,BB,D
14:17:45,PTBA,RG,2830,1,F,AK,ZP,D
14:17:44,PTBA,RG,2830,12,F,AK,ZP,D
14:17:44,PTBA,RG,2830,21,F,ZP,ZP,D
14:17:43,PTBA,RG,2830,13,F,AK,ZP,D
14:17:43,PTBA,RG,2830,290,D,DX,ZP,D
14:17:43,PTBA,RG,2830,25,D,DX,YP,D
14:17:43,PTBA,RG,2830,1,D,DX,XC,D
14:17:43,PTBA,RG,2830,4,D,DX,XC,D
14:17:43,PTBA,RG,2830,1,D,DX,XC,D
14:17:43,PTBA,RG,2830,3,D,DX,XC,D
14:17:43,PTBA,RG,2830,3,D,DX,XC,D
14:17:43,PTBA,RG,2830,5,D,DX,XC,D
14:17:43,PTBA,RG,2830,30,D,DX,CC,D
14:17:43,PTBA,RG,2830,1,D,DX,XC,D
14:17:43,PTBA,RG,2830,30,D,DX,XC,D
14:17:43,PTBA,RG,2830,2,D,DX,XC,D
14:17:43,PTBA,RG,2830,13,D,DX,CC,D
14:17:42,PTBA,RG,2830,7,D,DX,CC,D
14:17:42,PTBA,RG,2830,1,D,DX,XC,D
14:17:42,PTBA,RG,2830,7,D,DX,XC,D
14:17:42,PTBA,RG,2830,4,D,DX,XC,D
14:17:42,PTBA,RG,2830,9,D,DX,PD,D
14:17:42,PTBA,RG,2830,1,D,DX,YP,D
14:17:42,PTBA,RG,2830,1,D,DX,YP,D
14:17:42,PTBA,RG,2830,5,D,DX,CC,D
14:17:42,PTBA,RG,2830,1,D,DX,PD,D
14:17:42,PTBA,RG,2830,10,D,DX,CC,D
14:17:42,PTBA,RG,2830,25,D,DX,CC,D
14:17:42,PTBA,RG,2830,2,D,DX,YP,D
14:17:42,PTBA,RG,2830,25,D,DX,YP,D
14:17:42,PTBA,RG,2830,11,D,DX,PD,D
14:17:42,PTBA,RG,2830,16,D,DX,PD,D
14:17:42,PTBA,RG,2830,1,D,DX,PD,D
14:17:42,PTBA,RG,2830,1,D,DX,PD,D
14:17:42,PTBA,RG,2830,10,D,DX,YP,D
14:17:42,PTBA,RG,2830,1,D,DX,YP,D
14:17:42,PTBA,RG,2830,10,D,DX,YP,D
14:17:42,PTBA,RG,2830,34,D,DX,PD,D
14:17:42,PTBA,RG,2830,20,D,DX,PD,D
14:17:42,PTBA,RG,2830,2,D,DX,HP,D
14:17:42,PTBA,RG,2830,7,D,DX,YP,D
14:17:42,PTBA,RG,2830,1,D,DX,PD,D
14:17:42,PTBA,RG,2830,16,D,DX,YP,D
14:17:42,PTBA,RG,2830,1,D,DX,PD,D
14:17:42,PTBA,RG,2830,10,D,DX,KK,D
14:17:42,PTBA,RG,2830,25,D,DX,KK,D
14:17:42,PTBA,RG,2830,148,D,DX,AZ,D
14:17:41,PTBA,RG,2830,10,F,CS,AZ,D
14:17:21,PTBA,RG,2820,1,D,BK,BQ,D
14:17:06,PTBA,RG,2830,2,F,AK,AZ,D
14:17:05,PTBA,RG,2820,41,D,BK,CC,D
14:17:05,PTBA,RG,2820,1,F,CS,CC,D
14:17:05,PTBA,RG,2820,8,D,CC,CC,D
14:17:02,PTBA,RG,2820,2,D,CC,BQ,D
14:16:56,PTBA,RG,2820,20,D,CC,DH,D
14:16:53,PTBA,RG,2830,1,F,AK,AZ,D
14:16:52,PTBA,RG,2820,25,D,CC,BB,D
14:16:50,PTBA,RG,2820,2,D,CC,YP,D
14:16:48,PTBA,RG,2830,1,F,AK,AZ,D
14:16:47,PTBA,RG,2830,33,D,BK,AZ,D
14:16:47,PTBA,RG,2820,5,D,CC,GR,D
14:16:16,PTBA,RG,2830,2,F,AK,AZ,D
14:16:15,PTBA,RG,2820,35,D,CC,YP,D
14:16:12,PTBA,RG,2820,2,D,CC,PD,D
14:16:04,PTBA,RG,2820,8,D,CC,BB,D
14:16:04,PTBA,RG,2820,20,D,DP,BB,D
14:16:00,PTBA,RG,2830,1,F,AK,AZ,D
14:15:59,PTBA,RG,2820,2,D,DP,YP,D
14:15:52,PTBA,RG,2830,1,F,AK,AZ,D
14:15:51,PTBA,RG,2830,32,D,BK,AZ,D
14:15:20,PTBA,RG,2830,2,F,ZP,AZ,D
14:15:19,PTBA,RG,2830,12,D,YB,AZ,D
14:15:12,PTBA,RG,2830,1,F,AK,AZ,D
14:15:11,PTBA,RG,2820,26,D,DP,BB,D
14:15:08,PTBA,RG,2830,3,F,AK,AZ,D
14:15:07,PTBA,RG,2820,100,D,DP,GR,D
14:15:05,PTBA,RG,2830,1,F,AK,AZ,D
14:15:04,PTBA,RG,2830,3,F,AK,AZ,D
14:15:03,PTBA,RG,2830,32,D,BK,AZ,D
14:15:02,PTBA,RG,2830,108,F,ZP,AZ,D
14:15:02,PTBA,RG,2830,5,F,AK,AZ,D
14:15:01,PTBA,RG,2830,12,F,AK,AZ,D
14:15:00,PTBA,RG,2830,111,F,ZP,AZ,D
14:15:00,PTBA,RG,2830,31,F,ZP,AZ,D
14:15:00,PTBA,RG,2830,348,D,DX,AZ,D
14:15:00,PTBA,RG,2830,50,D,DX,KK,D
14:15:00,PTBA,RG,2830,1,D,DX,KK,D
14:15:00,PTBA,RG,2830,4,D,DX,DH,D
14:14:59,PTBA,RG,2830,10,F,AK,DH,D
14:14:58,PTBA,RG,2830,6,D,DX,DH,D
14:14:58,PTBA,RG,2830,50,D,DX,SH,D
14:14:58,PTBA,RG,2830,50,D,DX,CC,D
14:14:58,PTBA,RG,2830,4,D,DX,DX,D
14:14:58,PTBA,RG,2830,203,D,DX,OD,D
14:14:44,PTBA,RG,2830,2,F,AK,OD,D
14:14:42,PTBA,RG,2820,77,D,DP,DR,D
14:14:42,PTBA,RG,2820,3,D,DP,DR,D
14:14:26,PTBA,RG,2830,1,D,PD,OD,D
14:14:24,PTBA,RG,2830,1,F,AK,OD,D
14:14:23,PTBA,RG,2820,5,D,DP,AI,D
14:14:22,PTBA,RG,2820,15,D,DP,BB,D
14:14:22,PTBA,RG,2820,9,D,BK,BB,D
14:13:39,PTBA,RG,2830,1,F,AK,OD,D
14:13:37,PTBA,RG,2820,25,D,BK,BB,D
14:13:31,PTBA,RG,2830,2,F,AK,OD,D
14:13:29,PTBA,RG,2830,79,F,ZP,OD,D
14:13:11,PTBA,RG,2820,1,D,BK,NI,D
14:12:58,PTBA,RG,2820,1,D,BK,NI,D
14:12:55,PTBA,RG,2830,1,F,AK,OD,D
14:12:54,PTBA,RG,2830,22,D,NI,OD,D
14:12:52,PTBA,RG,2820,1,D,BK,BQ,D
14:12:52,PTBA,RG,2830,1,F,AK,OD,D
14:12:50,PTBA,RG,2820,16,D,BK,BB,D
14:12:50,PTBA,RG,2820,2,F,CS,BB,D
14:12:50,PTBA,RG,2820,2,F,CS,BB,D
14:12:50,PTBA,RG,2820,5,F,ZP,BB,D
14:12:31,PTBA,RG,2830,1,F,AK,OD,D
14:12:29,PTBA,RG,2830,40,D,BK,OD,D
14:12:27,PTBA,RG,2830,12,F,AK,OD,D
14:12:26,PTBA,RG,2830,399,D,DX,OD,D
14:12:26,PTBA,RG,2830,13,F,AK,OD,D
14:12:24,PTBA,RG,2830,393,D,DX,OD,D
14:12:04,PTBA,RG,2830,3,F,AK,OD,D
14:12:03,PTBA,RG,2820,27,F,ZP,BB,D
14:12:03,PTBA,RG,2820,25,F,ZP,YP,D
14:12:02,PTBA,RG,2820,50,F,ZP,BS,D
14:11:36,PTBA,RG,2830,1,F,AK,OD,D
14:11:34,PTBA,RG,2830,34,D,BK,OD,D
14:11:15,PTBA,RG,2830,1,F,AK,OD,D
14:11:14,PTBA,RG,2820,5,F,ZP,YU,D
14:11:13,PTBA,RG,2820,30,F,ZP,BB,D
14:11:03,PTBA,RG,2830,18,D,DP,OD,D
14:10:55,PTBA,RG,2830,7,F,AK,OD,D
14:10:53,PTBA,RG,2830,224,D,DP,OD,D
14:10:32,PTBA,RG,2820,2,F,ZP,YP,D
14:10:28,PTBA,RG,2830,1,F,AK,OD,D
14:10:27,PTBA,RG,2830,9,F,ZP,OD,D
14:10:25,PTBA,RG,2830,1,F,AK,OD,D
14:10:24,PTBA,RG,2830,43,D,BK,OD,D
14:10:21,PTBA,RG,2830,2,F,AK,OD,D
14:10:20,PTBA,RG,2830,50,D,PD,OD,D
14:10:17,PTBA,RG,2820,27,F,ZP,BB,D
14:09:59,PTBA,RG,2830,1,D,DH,OD,D
14:09:52,PTBA,RG,2830,3,F,AK,OD,D
14:09:52,PTBA,RG,2830,10,F,AK,OD,D
14:09:51,PTBA,RG,2830,77,F,ZP,OD,D
14:09:51,PTBA,RG,2830,343,D,DX,OD,D
14:09:49,PTBA,RG,2830,3,F,AK,OD,D
14:09:48,PTBA,RG,2820,10,F,ZP,YP,D
14:09:48,PTBA,RG,2830,14,F,AK,OD,D
14:09:48,PTBA,RG,2830,77,F,ZP,OD,D
14:09:48,PTBA,RG,2830,407,D,DX,OD,D
14:09:48,PTBA,RG,2830,5,D,DX,YP,D
14:09:48,PTBA,RG,2830,10,D,DX,CC,D
14:09:48,PTBA,RG,2830,1,D,DX,CC,D
14:09:48,PTBA,RG,2830,12,D,DX,PD,D
14:09:26,PTBA,RG,2830,2,F,AK,PD,D
14:09:26,PTBA,RG,2830,1,F,AK,PD,D
14:09:26,PTBA,RG,2820,28,F,ZP,BB,D
14:09:25,PTBA,RG,2830,1,F,AK,PD,D
14:09:25,PTBA,RG,2830,25,F,ZP,PD,D
14:09:25,PTBA,RG,2830,15,F,ZP,PD,D
14:09:25,PTBA,RG,2830,12,F,ZP,SQ,D
14:09:25,PTBA,RG,2830,4,F,ZP,PD,D
14:09:25,PTBA,RG,2830,10,F,ZP,PD,D
14:09:25,PTBA,RG,2830,4,F,ZP,HP,D
14:09:24,PTBA,RG,2830,32,D,BK,HP,D
14:09:24,PTBA,RG,2830,7,D,BK,PD,D
14:09:16,PTBA,RG,2830,2,F,AK,PD,D
14:09:15,PTBA,RG,2830,16,D,PD,PD,D
14:09:15,PTBA,RG,2830,7,D,PD,LG,D
14:09:15,PTBA,RG,2830,1,D,PD,PD,D
14:09:15,PTBA,RG,2830,4,D,PD,YP,D
14:09:15,PTBA,RG,2830,52,D,PD,GR,D
14:09:05,PTBA,RG,2830,3,F,AK,GR,D
14:09:04,PTBA,RG,2830,73,F,ZP,GR,D
14:09:00,PTBA,RG,2830,2,F,AK,GR,D
14:09:00,PTBA,RG,2830,72,F,ZP,GR,D
14:08:43,PTBA,RG,2830,6,F,AK,GR,D
14:08:42,PTBA,RG,2830,62,F,ZP,GR,D
14:08:42,PTBA,RG,2830,2,F,ZP,IF,D
14:08:42,PTBA,RG,2830,1,F,ZP,DH,D
14:08:42,PTBA,RG,2830,1,F,ZP,DH,D
14:08:42,PTBA,RG,2830,6,F,ZP,GR,D
14:08:42,PTBA,RG,2830,4,F,ZP,PD,D
14:08:42,PTBA,RG,2830,2,F,ZP,DH,D
14:08:42,PTBA,RG,2830,116,F,ZP,YB,D
14:08:34,PTBA,RG,2830,1,F,AK,YB,D
14:08:34,PTBA,RG,2820,25,F,ZP,BB,D
14:08:29,PTBA,RG,2820,9,F,ZP,XC,D
14:08:20,PTBA,RG,2820,5,F,ZP,PD,D
14:08:07,PTBA,RG,2830,1,F,AK,YB,D
14:08:06,PTBA,RG,2830,48,D,BK,YB,D
14:07:53,PTBA,RG,2830,1,F,AK,YB,D
14:07:52,PTBA,RG,2820,25,F,ZP,PD,D
14:07:46,PTBA,RG,2830,1,F,AK,YB,D
14:07:45,PTBA,RG,2820,28,F,ZP,BB,D
14:07:26,PTBA,RG,2830,8,F,AK,YB,D
14:07:26,PTBA,RG,2830,1,D,YP,YB,D
14:07:25,PTBA,RG,2830,10,D,NI,YB,D
14:07:25,PTBA,RG,2830,233,D,DP,YB,D
14:07:24,PTBA,RG,2830,6,D,DP,YB,D
14:07:23,PTBA,RG,2830,17,D,DP,YB,D
14:07:09,PTBA,RG,2830,12,F,AK,YB,D
14:07:08,PTBA,RG,2830,378,D,DX,YB,D
14:07:02,PTBA,RG,2830,6,F,AK,YB,D
14:07:01,PTBA,RG,2830,365,D,DX,YB,D
14:06:59,PTBA,RG,2820,1,F,ZP,NI,D
14:06:59,PTBA,RG,2820,7,D,BK,NI,D
14:06:54,PTBA,RG,2820,24,D,BK,BB,D
14:06:28,PTBA,RG,2820,1,D,BK,GR,D
14:06:19,PTBA,RG,2820,5,D,BK,SQ,D
14:06:09,PTBA,RG,2820,14,D,BK,XC,D
14:06:09,PTBA,RG,2820,6,D,NI,XC,D
14:06:08,PTBA,RG,2820,27,D,NI,BB,D
14:06:03,PTBA,RG,2820,217,D,NI,YP,D
14:06:03,PTBA,RG,2820,221,F,ZP,YP,D
14:05:54,PTBA,RG,2830,33,D,BK,YB,D
14:05:51,PTBA,RG,2820,1,F,ZP,GR,D
14:05:38,PTBA,RG,2820,21,F,ZP,XC,D
14:05:22,PTBA,RG,2820,1,F,ZP,CC,D
14:05:17,PTBA,RG,2820,25,F,ZP,BB,D
14:05:07,PTBA,RG,2820,2,F,ZP,PD,D
14:04:57,PTBA,RG,2820,15,F,ZP,GR,D
14:04:45,PTBA,RG,2820,1,F,ZP,OD,D
14:04:31,PTBA,RG,2830,4,D,PD,YB,D
14:04:29,PTBA,RG,2820,9,F,ZP,BB,D
14:04:29,PTBA,RG,2820,16,F,AK,BB,D
14:04:23,PTBA,RG,2830,324,D,DX,YB,D
14:04:22,PTBA,RG,2830,384,D,DX,YB,D
14:04:16,PTBA,RG,2830,15,D,YB,YB,D
14:04:01,PTBA,RG,2820,33,F,AK,PD,D
14:04:01,PTBA,RG,2820,39,D,BK,PD,D
14:03:42,PTBA,RG,2820,11,D,BK,BB,D
14:03:42,PTBA,RG,2820,15,F,ZP,BB,D
14:03:40,PTBA,RG,2830,1,D,YP,YB,D
14:03:32,PTBA,RG,2830,2,F,AK,YB,D
14:03:31,PTBA,RG,2830,42,D,BK,YB,D
14:03:24,PTBA,RG,2830,2,F,AK,YB,D
14:03:22,PTBA,RG,2830,91,F,ZP,YB,D
14:02:54,PTBA,RG,2820,15,F,ZP,BB,D
14:02:54,PTBA,RG,2820,4,F,CS,BB,D
14:02:54,PTBA,RG,2820,8,D,BK,BB,D
14:02:45,PTBA,RG,2820,1,D,BK,XL,D
14:02:04,PTBA,RG,2820,24,D,BK,BB,D
14:02:04,PTBA,RG,2820,2,F,AK,BB,D
14:01:51,PTBA,RG,2830,13,F,AK,YB,D
14:01:50,PTBA,RG,2830,411,D,DX,YB,D
14:01:42,PTBA,RG,2830,3,F,AK,YB,D
14:01:41,PTBA,RG,2830,12,F,AK,YB,D
14:01:40,PTBA,RG,2830,96,F,ZP,YB,D
14:01:39,PTBA,RG,2830,402,D,DX,YB,D
14:01:32,PTBA,RG,2830,2,F,AK,YB,D
14:01:30,PTBA,RG,2830,72,D,HP,YB,D
14:01:16,PTBA,RG,2830,2,F,AK,YB,D
14:01:15,PTBA,RG,2830,53,D,BK,YB,D
14:01:14,PTBA,RG,2820,1,F,AK,BB,D
14:01:14,PTBA,RG,2820,1,F,CS,BB,D
14:01:14,PTBA,RG,2820,1,F,CS,BB,D
14:01:14,PTBA,RG,2820,22,D,LG,BB,D
14:01:03,PTBA,RG,2830,1,F,AK,YB,D
14:01:01,PTBA,RG,2830,35,D,YP,YB,D
14:01:01,PTBA,RG,2830,3,F,AK,YB,D
14:01:00,PTBA,RG,2830,95,F,ZP,YB,D
14:00:49,PTBA,RG,2820,2,D,LG,PD,D
14:00:45,PTBA,RG,2830,5,F,AK,YB,D
14:00:44,PTBA,RG,2820,151,D,LG,NI,D
14:00:44,PTBA,RG,2830,6,F,AK,YB,D
14:00:42,PTBA,RG,2830,194,D,EP,YB,D
14:00:38,PTBA,RG,2820,3,D,LG,CC,D
14:00:26,PTBA,RG,2820,26,D,LG,BB,D
14:00:21,PTBA,RG,2830,4,F,AK,YB,D
14:00:19,PTBA,RG,2830,123,F,ZP,YB,D
13:59:58,PTBA,RG,2830,3,D,YU,YB,D
13:59:57,PTBA,RG,2830,4,F,AK,YB,D
13:59:56,PTBA,RG,2830,2,F,AK,YB,D
13:59:55,PTBA,RG,2830,121,F,ZP,YB,D
13:59:54,PTBA,RG,2830,55,D,BK,YB,D
13:59:39,PTBA,RG,2830,1,F,AK,YB,D
13:59:37,PTBA,RG,2820,28,D,LG,BB,D
13:59:32,PTBA,RG,2830,1,D,PD,YB,D
13:59:10,PTBA,RG,2830,9,F,AK,YB,D
13:59:09,PTBA,RG,2830,308,D,DX,YB,D
13:59:04,PTBA,RG,2830,12,F,AK,YB,D
13:59:03,PTBA,RG,2830,394,D,DX,YB,D
13:58:47,PTBA,RG,2830,1,F,AK,YB,D
13:58:46,PTBA,RG,2820,30,D,LG,BB,D
13:58:44,PTBA,RG,2820,1,D,LG,PD,D
13:58:32,PTBA,RG,2830,3,F,AK,YB,D
13:58:31,PTBA,RG,2830,72,F,ZP,YB,D
13:58:17,PTBA,RG,2820,5,D,LG,HP,D
13:58:08,PTBA,RG,2830,7,D,PD,YB,D
13:58:05,PTBA,RG,2830,2,F,AK,YB,D
13:58:04,PTBA,RG,2830,67,F,ZP,YB,D
13:58:00,PTBA,RG,2830,2,F,AK,YB,D
13:58:00,PTBA,RG,2830,68,F,ZP,YB,D
13:57:50,PTBA,RG,2830,1,F,AK,YB,D
13:57:49,PTBA,RG,2830,3,F,AK,YB,D
13:57:49,PTBA,RG,2820,28,D,LG,BB,D
13:57:48,PTBA,RG,2820,100,D,LG,PD,D
13:57:34,PTBA,RG,2830,2,D,PD,YB,D
13:56:58,PTBA,RG,2830,1,F,AK,YB,D
13:56:57,PTBA,RG,2820,26,D,LG,BB,D
13:56:37,PTBA,RG,2830,15,F,AK,YB,D
13:56:36,PTBA,RG,2830,212,D,PD,YB,D
13:56:36,PTBA,RG,2830,7,D,PD,FS,D
13:56:36,PTBA,RG,2830,281,D,PD,EP,D
13:56:28,PTBA,RG,2830,19,F,AK,EP,D
13:56:28,PTBA,RG,2830,7,F,AK,RO,D
13:56:27,PTBA,RG,2830,43,D,DX,RO,D
13:56:27,PTBA,RG,2830,30,D,DX,CP,D
13:56:27,PTBA,RG,2830,5,D,DX,PD,D
13:56:27,PTBA,RG,2830,5,D,DX,CC,D
13:56:27,PTBA,RG,2830,1,D,DX,XC,D
13:56:27,PTBA,RG,2830,40,D,DX,CC,D
13:56:27,PTBA,RG,2830,289,D,DX,GR,D
13:56:27,PTBA,RG,2820,10,D,LG,PD,D
13:56:27,PTBA,RG,2830,64,D,DX,GR,D
13:56:27,PTBA,RG,2830,5,D,DX,CC,D
13:56:27,PTBA,RG,2830,341,D,DX,GR,D
13:56:18,PTBA,RG,2820,4,D,LG,PD,D
13:56:07,PTBA,RG,2830,1,F,AK,GR,D
13:56:06,PTBA,RG,2820,27,D,LG,BB,D
13:55:18,PTBA,RG,2830,3,F,AK,GR,D
13:55:17,PTBA,RG,2820,24,D,LG,BB,D
13:55:17,PTBA,RG,2830,8,F,ZP,GR,D
13:55:17,PTBA,RG,2830,10,F,ZP,NI,D
13:55:17,PTBA,RG,2830,2,F,ZP,KK,D
13:55:17,PTBA,RG,2830,49,F,ZP,CC,D
13:55:02,PTBA,RG,2830,4,F,AK,CC,D
13:55:01,PTBA,RG,2820,10,D,LG,CC,D
13:55:01,PTBA,RG,2830,47,D,XC,CC,D
13:55:01,PTBA,RG,2830,1,D,XC,YP,D
13:55:01,PTBA,RG,2830,35,D,XC,YP,D
13:55:01,PTBA,RG,2830,24,D,XC,EP,D
13:54:31,PTBA,RG,2820,24,D,LG,BB,D
13:53:59,PTBA,RG,2830,1,F,AK,EP,D
13:53:58,PTBA,RG,2820,26,D,LG,GR,D
13:53:46,PTBA,RG,2830,1,F,AK,EP,D
13:53:45,PTBA,RG,2820,31,D,LG,BB,D
13:53:45,PTBA,RG,2830,6,F,AK,EP,D
13:53:45,PTBA,RG,2830,2,F,AK,EP,D
13:53:45,PTBA,RG,2830,7,F,AK,EP,D
13:53:44,PTBA,RG,2830,354,D,DX,EP,D
13:53:44,PTBA,RG,2830,5,F,AK,EP,D
13:53:44,PTBA,RG,2830,5,F,AK,CC,D
13:53:43,PTBA,RG,2830,119,F,ZP,CC,D
13:53:43,PTBA,RG,2830,256,D,DX,CC,D
13:53:43,PTBA,RG,2830,25,D,DX,YP,D
13:53:43,PTBA,RG,2830,1,D,DX,CC,D
13:53:43,PTBA,RG,2830,39,D,DX,YJ,D
13:53:03,PTBA,RG,2830,3,F,AK,YJ,D
13:53:01,PTBA,RG,2830,58,F,ZP,YJ,D
13:53:01,PTBA,RG,2830,10,F,ZP,YP,D
13:53:01,PTBA,RG,2830,2,F,ZP,PD,D
13:53:01,PTBA,RG,2830,2,F,ZP,GR,D
13:53:01,PTBA,RG,2830,1,F,ZP,YP,D
13:53:01,PTBA,RG,2830,42,F,ZP,OD,D
13:52:52,PTBA,RG,2830,1,D,MG,OD,D
13:52:50,PTBA,RG,2830,1,F,AK,OD,D
13:52:48,PTBA,RG,2820,25,D,LG,BB,D
13:52:47,PTBA,RG,2830,8,F,AK,OD,D
13:52:45,PTBA,RG,2830,251,F,ZP,OD,D
13:52:14,PTBA,RG,2830,1,F,AK,OD,D
13:52:13,PTBA,RG,2820,50,D,LG,AZ,D
13:52:04,PTBA,RG,2830,1,D,DP,OD,D
13:52:02,PTBA,RG,2830,1,F,AK,OD,D
13:52:00,PTBA,RG,2820,26,D,LG,BB,D
13:51:56,PTBA,RG,2820,7,D,LG,NI,D
13:51:56,PTBA,RG,2830,4,F,AK,OD,D
13:51:54,PTBA,RG,2830,120,F,ZP,OD,D
13:51:36,PTBA,RG,2820,1,D,LG,PD,D
13:51:35,PTBA,RG,2830,8,D,YB,OD,D
13:51:27,PTBA,RG,2830,4,F,AK,OD,D
13:51:25,PTBA,RG,2830,122,F,ZP,OD,D
13:51:16,PTBA,RG,2830,1,F,AK,OD,D
13:51:14,PTBA,RG,2820,29,D,LG,DR,D
13:51:13,PTBA,RG,2830,1,F,AK,OD,D
13:51:12,PTBA,RG,2820,27,D,LG,BB,D
13:51:06,PTBA,RG,2830,4,F,AK,OD,D
13:51:04,PTBA,RG,2830,120,F,ZP,OD,D
13:51:04,PTBA,RG,2830,16,F,AK,OD,D
13:51:03,PTBA,RG,2830,407,D,DX,OD,D
13:51:02,PTBA,RG,2830,117,F,ZP,OD,D
13:51:01,PTBA,RG,2830,14,F,AK,OD,D
13:51:00,PTBA,RG,2830,335,D,DX,OD,D
13:51:00,PTBA,RG,2830,120,F,ZP,OD,D
13:50:43,PTBA,RG,2820,5,D,LG,XC,D
13:50:43,PTBA,RG,2820,3,D,LG,PD,D
13:50:21,PTBA,RG,2820,24,D,LG,BB,D
13:49:52,PTBA,RG,2820,8,D,LG,PD,D
13:49:36,PTBA,RG,2820,25,D,LG,BB,D
13:49:27,PTBA,RG,2820,3,D,LG,XC,D
13:49:20,PTBA,RG,2820,100,D,LG,PD,D
13:49:13,PTBA,RG,2820,20,D,LG,CC,D
13:48:53,PTBA,RG,2820,10,D,LG,AG,D
13:48:49,PTBA,RG,2820,26,D,LG,BB,D
13:48:33,PTBA,RG,2830,5,D,PD,OD,D
13:48:31,PTBA,RG,2830,2,D,DP,OD,D
13:48:19,PTBA,RG,2830,30,D,DP,OD,D
13:48:11,PTBA,RG,2830,75,F,AK,OD,D
13:48:11,PTBA,RG,2820,33,D,LG,BQ,D
13:48:11,PTBA,RG,2820,2,F,CS,BQ,D
13:48:11,PTBA,RG,2820,1,D,CC,BQ,D
13:48:11,PTBA,RG,2820,114,F,ZP,BQ,D
13:48:11,PTBA,RG,2820,55,D,BK,BQ,D
13:48:11,PTBA,RG,2820,408,D,DX,BQ,D
13:48:11,PTBA,RG,2820,343,D,DX,BQ,D
13:48:11,PTBA,RG,2820,15,D,AI,BQ,D
13:48:11,PTBA,RG,2820,2,F,CS,BQ,D
13:48:11,PTBA,RG,2820,57,D,BK,BQ,D
13:48:11,PTBA,RG,2820,8,F,AK,BQ,D
13:48:11,PTBA,RG,2820,89,F,ZP,BQ,D
13:48:11,PTBA,RG,2820,1,F,CS,BQ,D
13:48:11,PTBA,RG,2820,17,D,PD,BQ,D
13:48:11,PTBA,RG,2820,57,D,BK,BQ,D
13:48:11,PTBA,RG,2820,4,D,PD,BQ,D
13:48:11,PTBA,RG,2820,4,F,CS,BQ,D
13:48:11,PTBA,RG,2820,350,D,GR,BQ,D
13:48:11,PTBA,RG,2820,1,F,CS,BQ,D
13:48:11,PTBA,RG,2820,1,F,CS,BQ,D
13:48:11,PTBA,RG,2820,292,F,ZP,BQ,D
13:48:11,PTBA,RG,2820,57,D,BK,BQ,D
13:48:11,PTBA,RG,2820,350,D,GR,BQ,D
13:48:11,PTBA,RG,2820,140,D,LG,BQ,D
13:48:11,PTBA,RG,2820,2,F,CS,BQ,D
13:48:11,PTBA,RG,2820,58,D,BK,BQ,D
13:48:11,PTBA,RG,2820,2,F,AK,BQ,D
13:48:11,PTBA,RG,2820,37,D,YP,BQ,D
13:48:05,PTBA,RG,2830,3,F,AK,OD,D
13:48:04,PTBA,RG,2830,87,F,ZP,OD,D
13:48:03,PTBA,RG,2830,2,F,AK,OD,D
13:48:02,PTBA,RG,2830,90,F,ZP,OD,D
13:48:01,PTBA,RG,2830,3,F,AK,OD,D
13:48:00,PTBA,RG,2830,1,F,AK,OD,D
13:48:00,PTBA,RG,2830,87,F,ZP,OD,D
13:47:59,PTBA,RG,2820,27,D,YP,BB,D
13:47:38,PTBA,RG,2830,6,F,AK,OD,D
13:47:37,PTBA,RG,2830,204,F,ZP,OD,D
13:47:26,PTBA,RG,2820,4,D,YP,PD,D
13:47:12,PTBA,RG,2830,3,F,AK,OD,D
13:47:11,PTBA,RG,2830,89,F,ZP,OD,D
13:47:11,PTBA,RG,2820,9,D,YP,KK,D
13:47:09,PTBA,RG,2830,1,F,AK,OD,D
13:47:08,PTBA,RG,2820,23,D,YP,BB,D
13:47:08,PTBA,RG,2820,2,F,CS,BB,D
13:47:08,PTBA,RG,2820,1,F,ZP,BB,D
13:47:04,PTBA,RG,2830,7,F,AK,OD,D
13:47:03,PTBA,RG,2830,106,F,ZP,OD,D
13:47:03,PTBA,RG,2830,103,F,ZP,NI,D
13:46:48,PTBA,RG,2820,2,F,ZP,KK,D
13:46:48,PTBA,RG,2820,2,D,XC,KK,D
13:46:48,PTBA,RG,2820,1,D,BK,KK,D
13:46:41,PTBA,RG,2820,5,D,BK,PD,D
13:46:37,PTBA,RG,2830,6,F,AK,NI,D
13:46:36,PTBA,RG,2830,41,F,ZP,NI,D
13:46:36,PTBA,RG,2830,5,F,ZP,XC,D
13:46:36,PTBA,RG,2830,42,F,ZP,LG,D
13:46:36,PTBA,RG,2830,10,F,ZP,YP,D
13:46:36,PTBA,RG,2830,1,F,ZP,NI,D
13:46:36,PTBA,RG,2830,1,F,ZP,PD,D
13:46:36,PTBA,RG,2830,2,F,ZP,PD,D
13:46:36,PTBA,RG,2830,9,F,ZP,XC,D
13:46:36,PTBA,RG,2830,1,F,ZP,NI,D
13:46:36,PTBA,RG,2830,5,F,ZP,YP,D
13:46:36,PTBA,RG,2830,57,F,ZP,YP,D
13:46:36,PTBA,RG,2830,20,F,ZP,NI,D
13:46:36,PTBA,RG,2830,7,F,ZP,YP,D
13:46:21,PTBA,RG,2830,1,F,AK,YP,D
13:46:20,PTBA,RG,2820,25,D,BK,BB,D
13:45:52,PTBA,RG,2830,2,F,AK,YP,D
13:45:52,PTBA,RG,2830,1,F,AK,PD,D
13:45:51,PTBA,RG,2830,1,F,ZP,PD,D
13:45:51,PTBA,RG,2830,1,F,ZP,NI,D
13:45:51,PTBA,RG,2830,2,F,ZP,EP,D
13:45:51,PTBA,RG,2830,5,F,ZP,CC,D
13:45:51,PTBA,RG,2830,25,F,ZP,XC,D
13:45:51,PTBA,RG,2830,2,F,ZP,XC,D
13:45:51,PTBA,RG,2830,1,F,ZP,YP,D
13:45:51,PTBA,RG,2830,21,F,ZP,PD,D
13:45:51,PTBA,RG,2830,34,F,ZP,GR,D
13:45:44,PTBA,RG,2830,27,F,AK,GR,D
13:45:43,PTBA,RG,2830,139,D,DX,GR,D
13:45:43,PTBA,RG,2830,1,D,DX,YP,D
13:45:43,PTBA,RG,2830,1,D,DX,XC,D
13:45:43,PTBA,RG,2830,307,D,DX,EP,D
13:45:43,PTBA,RG,2830,193,D,DX,EP,D
13:45:43,PTBA,RG,2830,100,D,DX,DR,D
13:45:43,PTBA,RG,2830,18,D,DX,YP,D
13:45:43,PTBA,RG,2830,103,D,DX,GR,D
13:45:33,PTBA,RG,2820,24,D,BK,BB,D
13:45:24,PTBA,RG,2830,1,D,NI,GR,D
13:45:21,PTBA,RG,2830,3,F,AK,GR,D
13:45:20,PTBA,RG,2830,95,F,ZP,GR,D
13:44:53,PTBA,RG,2830,1,F,AK,GR,D
13:44:52,PTBA,RG,2830,28,D,DP,GR,D
13:44:51,PTBA,RG,2830,3,F,AK,GR,D
13:44:50,PTBA,RG,2830,87,F,ZP,GR,D
13:44:50,PTBA,RG,2830,3,D,DP,GR,D
13:44:46,PTBA,RG,2830,1,F,AK,GR,D
13:44:44,PTBA,RG,2820,21,D,BK,EP,D
13:44:44,PTBA,RG,2820,1,F,CS,EP,D
13:44:44,PTBA,RG,2820,1,F,CS,EP,D
13:44:44,PTBA,RG,2820,17,F,ZP,EP,D
13:44:41,PTBA,RG,2830,3,D,KK,GR,D
13:44:15,PTBA,RG,2830,4,D,PD,GR,D
13:44:10,PTBA,RG,2830,3,F,AK,GR,D
13:44:09,PTBA,RG,2830,94,F,ZP,GR,D
13:44:08,PTBA,RG,2830,3,F,AK,GR,D
13:44:07,PTBA,RG,2830,87,F,ZP,GR,D
13:44:06,PTBA,RG,2830,3,F,AK,GR,D
13:44:04,PTBA,RG,2830,95,F,ZP,GR,D
13:43:50,PTBA,RG,2830,9,F,AK,GR,D
13:43:49,PTBA,RG,2830,303,F,ZP,GR,D
13:43:16,PTBA,RG,2820,5,F,ZP,LG,D
13:43:14,PTBA,RG,2830,1,F,AK,GR,D
13:43:13,PTBA,RG,2820,20,F,ZP,GR,D
13:43:11,PTBA,RG,2830,11,F,AK,GR,D
13:43:09,PTBA,RG,2830,352,D,DX,GR,D
13:43:06,PTBA,RG,2830,1,D,PD,GR,D
13:43:02,PTBA,RG,2830,10,F,AK,GR,D
13:43:01,PTBA,RG,2830,328,D,DX,GR,D
13:43:00,PTBA,RG,2830,1,F,AK,GR,D
13:42:59,PTBA,RG,2820,25,F,ZP,HP,D
13:42:41,PTBA,RG,2820,2,F,ZP,EP,D
13:42:11,PTBA,RG,2830,7,F,AK,GR,D
13:42:09,PTBA,RG,2820,81,F,ZP,YP,D
13:42:09,PTBA,RG,2820,144,F,ZP,YP,D
13:41:30,PTBA,RG,2820,1,F,ZP,NI,D
13:41:29,PTBA,RG,2830,3,F,ZP,GR,D
13:41:09,PTBA,RG,2820,4,F,ZP,XC,D
13:41:01,PTBA,RG,2830,2,F,AK,GR,D
13:41:00,PTBA,RG,2830,64,F,ZP,GR,D
13:40:42,PTBA,RG,2830,3,F,AK,GR,D
13:40:42,PTBA,RG,2820,3,F,ZP,KK,D
13:40:40,PTBA,RG,2830,54,F,ZP,GR,D
13:40:40,PTBA,RG,2830,35,F,ZP,EP,D
13:40:33,PTBA,RG,2830,2,F,AK,EP,D
13:40:32,PTBA,RG,2830,10,F,AK,EP,D
13:40:31,PTBA,RG,2830,50,D,DX,EP,D
13:40:31,PTBA,RG,2820,46,D,DX,XC,D
13:40:31,PTBA,RG,2820,2,D,DX,XC,D
13:40:31,PTBA,RG,2820,1,D,DX,CC,F
13:40:31,PTBA,RG,2820,4,D,DX,PD,D
13:40:31,PTBA,RG,2820,110,D,DX,CC,D
13:40:31,PTBA,RG,2820,1,D,DX,XC,D
13:40:31,PTBA,RG,2820,10,D,DX,PD,D
13:40:31,PTBA,RG,2820,4,D,DX,XC,D
13:40:31,PTBA,RG,2820,2,D,DX,NI,D
13:40:31,PTBA,RG,2820,10,D,DX,CC,D
13:40:31,PTBA,RG,2820,1,D,DX,XC,D
13:40:31,PTBA,RG,2820,1,D,DX,NI,D
13:40:31,PTBA,RG,2820,1,D,DX,PD,D
13:40:31,PTBA,RG,2820,1,D,DX,NI,D
13:40:31,PTBA,RG,2820,4,D,DX,YP,D
13:40:31,PTBA,RG,2820,126,D,DX,BR,D
13:40:29,PTBA,RG,2820,13,F,AK,BR,D
13:40:27,PTBA,RG,2820,161,D,DX,BR,D
13:40:27,PTBA,RG,2820,50,D,DX,YP,D
13:40:27,PTBA,RG,2820,50,D,DX,DH,D
13:40:27,PTBA,RG,2820,166,D,DX,YP,D
13:40:25,PTBA,RG,2820,13,F,ZP,YP,D
13:40:12,PTBA,RG,2820,3,F,AK,YP,D
13:40:11,PTBA,RG,2820,1,D,YP,YP,D
13:40:10,PTBA,RG,2820,17,F,ZP,YP,D
13:40:10,PTBA,RG,2820,1,F,ZP,CC,D
13:40:10,PTBA,RG,2820,20,F,ZP,XC,D
13:40:10,PTBA,RG,2820,1,F,ZP,XC,D
13:40:10,PTBA,RG,2820,57,F,ZP,CS,F
13:39:43,PTBA,RG,2820,11,D,NI,CS,F
13:39:33,PTBA,RG,2820,1,F,AK,CS,F
13:39:32,PTBA,RG,2820,2,D,XC,CS,F
13:39:31,PTBA,RG,2820,2,F,AK,CS,F
13:39:30,PTBA,RG,2820,63,F,ZP,CS,F
13:39:09,PTBA,RG,2820,30,F,AK,CS,F
13:39:07,PTBA,RG,2820,205,D,LG,CS,F
13:39:07,PTBA,RG,2820,447,D,LG,BB,D
13:39:07,PTBA,RG,2820,348,D,LG,BQ,D
13:39:01,PTBA,RG,2820,2,F,AK,BQ,D
13:39:00,PTBA,RG,2820,65,F,ZP,BQ,D
13:38:31,PTBA,RG,2820,2,F,AK,BQ,D
13:38:30,PTBA,RG,2820,63,F,ZP,BQ,D
13:38:23,PTBA,RG,2820,1,F,AK,BQ,D
13:38:22,PTBA,RG,2820,6,D,XC,BQ,D
13:38:00,PTBA,RG,2820,2,F,AK,BQ,D
13:38:00,PTBA,RG,2820,65,F,ZP,BQ,D
13:37:51,PTBA,RG,2820,12,F,AK,BQ,D
13:37:50,PTBA,RG,2820,387,D,DX,BQ,D
13:37:48,PTBA,RG,2820,10,F,AK,BQ,D
13:37:47,PTBA,RG,2820,336,D,DX,BQ,D
13:37:30,PTBA,RG,2820,2,F,AK,BQ,D
13:37:29,PTBA,RG,2820,62,F,ZP,BQ,D
13:37:06,PTBA,RG,2820,2,F,AK,BQ,D
13:37:05,PTBA,RG,2820,65,F,ZP,BQ,D
13:37:04,PTBA,RG,2820,2,F,AK,BQ,D
13:37:03,PTBA,RG,2820,62,F,ZP,BQ,D
13:37:01,PTBA,RG,2820,2,F,AK,BQ,D
13:37:00,PTBA,RG,2820,61,F,ZP,BQ,D
13:36:32,PTBA,RG,2820,10,D,XC,BQ,D
13:36:25,PTBA,RG,2820,1,D,TP,BQ,D
13:36:22,PTBA,RG,2820,5,F,AK,BQ,D
13:36:21,PTBA,RG,2810,150,D,CD,IU,D
13:35:42,PTBA,RG,2820,5,D,YP,BQ,D
13:35:20,PTBA,RG,2820,1,D,XC,BQ,D
13:35:01,PTBA,RG,2820,1,F,AK,BQ,D
13:35:01,PTBA,RG,2810,5,D,CD,PD,D
13:35:00,PTBA,RG,2810,18,D,CD,NI,D
13:35:00,PTBA,RG,2810,1,D,PD,NI,D
13:35:00,PTBA,RG,2810,1,F,ZP,NI,D
13:34:50,PTBA,RG,2820,3,F,AK,BQ,D
13:34:49,PTBA,RG,2820,26,F,AK,BQ,D
13:34:49,PTBA,RG,2820,34,D,BK,BQ,D
13:34:49,PTBA,RG,2820,1,F,AK,BQ,D
13:34:49,PTBA,RG,2820,62,F,AK,BQ,D
13:34:49,PTBA,RG,2820,72,F,ZP,BQ,D
13:34:49,PTBA,RG,2820,5,D,YP,BQ,D
13:34:49,PTBA,RG,2820,51,D,BK,BQ,D
13:34:49,PTBA,RG,2820,1,D,YP,BQ,D
13:34:49,PTBA,RG,2820,39,D,BK,BQ,D
13:34:49,PTBA,RG,2820,1500,D,AZ,BQ,D
13:34:49,PTBA,RG,2820,396,D,DX,BQ,D
13:34:49,PTBA,RG,2820,319,D,DX,BQ,D
13:34:49,PTBA,RG,2820,81,F,ZP,BQ,D
13:34:49,PTBA,RG,2820,22,D,DP,BQ,D
13:34:49,PTBA,RG,2820,241,D,DP,BQ,D
13:34:49,PTBA,RG,2820,1,F,CS,BQ,D
13:34:49,PTBA,RG,2820,9,F,AK,BQ,D
13:34:49,PTBA,RG,2820,1,F,AK,BQ,D
13:34:49,PTBA,RG,2820,3,D,XC,BQ,D
13:34:49,PTBA,RG,2820,500,D,OD,BQ,D
13:34:49,PTBA,RG,2820,53,F,ZP,BQ,D
13:34:29,PTBA,RG,2830,1,F,AK,EP,D
13:34:28,PTBA,RG,2830,15,D,PD,EP,D
13:34:02,PTBA,RG,2830,1,F,AK,EP,D
13:34:01,PTBA,RG,2820,4,F,ZP,NI,D
13:34:01,PTBA,RG,2820,36,F,ZP,XC,D
13:33:13,PTBA,RG,2830,1,D,XC,EP,D
13:33:07,PTBA,RG,2830,2,D,YP,EP,D
13:32:46,PTBA,RG,2830,5,F,AK,EP,D
13:32:45,PTBA,RG,2820,175,F,ZP,IP,D
13:32:18,PTBA,RG,2830,2,F,AK,EP,D
13:32:17,PTBA,RG,2820,21,F,ZP,DH,D
13:32:17,PTBA,RG,2820,7,D,DR,DH,D
13:32:17,PTBA,RG,2820,12,F,ZP,DH,D
13:31:53,PTBA,RG,2830,30,F,AK,EP,D
13:31:52,PTBA,RG,2820,18,F,ZP,YU,D
13:31:52,PTBA,RG,2820,281,F,ZP,YU,D
13:31:52,PTBA,RG,2820,1,D,NI,YU,D
13:31:52,PTBA,RG,2820,1,D,XC,YU,D
13:31:52,PTBA,RG,2820,1,F,AK,YU,D
13:31:52,PTBA,RG,2820,4,D,XC,YU,D
13:31:52,PTBA,RG,2820,18,D,XC,YU,D
13:31:52,PTBA,RG,2820,5,D,XC,YU,D
13:31:52,PTBA,RG,2820,4,D,XC,YU,D
13:31:52,PTBA,RG,2820,1,D,PD,YU,D
13:31:52,PTBA,RG,2820,1,D,PD,YU,D
13:31:52,PTBA,RG,2820,3,D,YP,YU,D
13:31:52,PTBA,RG,2820,1,D,PD,YU,D
13:31:52,PTBA,RG,2820,1,D,PD,YU,D
13:31:52,PTBA,RG,2820,22,D,DP,YU,D
13:31:52,PTBA,RG,2820,242,D,DP,YU,D
13:31:52,PTBA,RG,2820,200,D,YP,YU,D
13:31:52,PTBA,RG,2820,2,D,DR,YU,D
13:31:52,PTBA,RG,2820,5,D,YP,YU,D
13:31:52,PTBA,RG,2820,433,D,DX,YU,D
13:31:52,PTBA,RG,2820,348,D,DX,YU,D
13:31:52,PTBA,RG,2820,13,F,AK,YU,D
13:31:37,PTBA,RG,2820,1,F,AK,XC,D
13:30:22,PTBA,RG,2820,3,F,AK,PD,D
13:30:18,PTBA,RG,2820,1,F,AK,PD,D
13:30:15,PTBA,RG,2830,5,F,AK,EP,D
13:30:14,PTBA,RG,2830,291,F,ZP,EP,D
13:30:11,PTBA,RG,2830,303,F,ZP,EP,D
13:30:10,PTBA,RG,2830,5,D,XC,EP,D
13:30:09,PTBA,RG,2830,1,D,CC,EP,D
13:30:07,PTBA,RG,2830,5,D,CC,EP,D
13:30:06,PTBA,RG,2820,1,F,AK,CC,D
13:30:05,PTBA,RG,2830,3,F,AK,EP,D
13:30:05,PTBA,RG,2820,5,F,AK,PD,D
13:30:05,PTBA,RG,2830,3,D,XL,EP,D
13:30:04,PTBA,RG,2820,7,F,AK,PD,D
13:30:04,PTBA,RG,2820,23,D,RF,PD,D
13:30:04,PTBA,RG,2830,7,D,PD,EP,D
13:30:04,PTBA,RG,2830,41,F,AK,EP,D
13:30:04,PTBA,RG,2830,25,D,YP,EP,D
13:30:04,PTBA,RG,2830,6,D,YP,EP,D
13:30:03,PTBA,RG,2820,1,D,RF,YP,D
13:30:03,PTBA,RG,2820,11,D,RF,XL,D
13:30:03,PTBA,RG,2830,1,D,PD,EP,D
13:30:03,PTBA,RG,2830,2,D,CC,EP,D
13:30:03,PTBA,RG,2820,5,D,RF,PD,D
13:30:03,PTBA,RG,2820,4,F,CC,PD,D
13:30:03,PTBA,RG,2820,1,D,DR,PD,D
13:30:03,PTBA,RG,2820,5,D,DR,PD,D
13:30:03,PTBA,RG,2820,10,D,KK,PD,D
13:30:03,PTBA,RG,2820,1,D,KK,PD,D
13:30:03,PTBA,RG,2820,3,F,CS,PD,D
13:30:02,PTBA,RG,2830,1,D,PD,EP,D
13:30:02,PTBA,RG,2830,5,D,PD,EP,D
13:30:02,PTBA,RG,2830,1,D,HP,EP,D
13:30:02,PTBA,RG,2830,3,D,PD,EP,D
13:30:02,PTBA,RG,2830,2,D,LG,EP,D
13:30:02,PTBA,RG,2820,10,D,NI,SQ,D
13:30:02,PTBA,RG,2820,19,D,BK,SQ,D
13:30:02,PTBA,RG,2820,1,F,CS,SQ,D
13:30:02,PTBA,RG,2820,26,D,BK,SQ,D
13:30:01,PTBA,RG,2820,1,D,BK,PD,D
13:30:01,PTBA,RG,2820,1,D,BK,XA,D
13:30:01,PTBA,RG,2820,5,D,BK,PD,D
13:30:01,PTBA,RG,2830,1,D,PD,EP,D
13:30:01,PTBA,RG,2830,7,D,KK,EP,D
13:30:01,PTBA,RG,2830,128,D,EP,EP,D
13:30:01,PTBA,RG,2830,2,D,EP,SQ,D
13:30:01,PTBA,RG,2830,10,D,EP,EP,D
13:30:01,PTBA,RG,2830,21,D,EP,PD,D
13:30:01,PTBA,RG,2830,10,D,EP,GR,D
13:30:01,PTBA,RG,2830,5,D,EP,LG,D
13:30:01,PTBA,RG,2830,124,D,EP,DR,D
13:30:01,PTBA,RG,2830,1,D,PD,DR,D
13:30:01,PTBA,RG,2830,3,D,HP,DR,D
13:30:01,PTBA,RG,2820,2,D,BK,EP,D
13:30:01,PTBA,RG,2830,3,D,EP,DR,D
13:30:01,PTBA,RG,2830,2,D,EP,DR,D
13:30:01,PTBA,RG,2820,12,D,BK,EP,D
13:30:01,PTBA,RG,2820,15,D,BK,BQ,D
13:30:01,PTBA,RG,2820,386,D,DX,BQ,D
13:30:01,PTBA,RG,2820,373,D,DX,BQ,D
13:30:01,PTBA,RG,2820,30,D,PD,BQ,D
13:30:01,PTBA,RG,2820,2,F,CS,BQ,D
13:30:01,PTBA,RG,2820,2,F,CS,BQ,D
13:30:01,PTBA,RG,2820,500,D,LG,BQ,D
13:30:01,PTBA,RG,2820,30,D,BK,BQ,D
13:30:01,PTBA,RG,2820,500,D,LG,BQ,D
13:30:01,PTBA,RG,2820,50,D,IU,BQ,D
13:30:01,PTBA,RG,2820,2,F,CS,BQ,D
13:30:01,PTBA,RG,2820,1,F,CS,BQ,D
13:30:01,PTBA,RG,2820,20,D,YU,BQ,D
13:30:01,PTBA,RG,2820,10,D,CC,BQ,D
13:30:01,PTBA,RG,2820,91,F,ZP,BQ,D
13:30:01,PTBA,RG,2820,29,F,AK,BQ,D
13:30:01,PTBA,RG,2820,1,F,CS,BQ,D
13:30:01,PTBA,RG,2820,2000,D,AZ,BQ,D
13:30:01,PTBA,RG,2820,354,F,ZP,BQ,D
13:30:01,PTBA,RG,2820,92,F,ZP,BQ,D
13:30:01,PTBA,RG,2820,1,F,ZP,BQ,D
13:30:01,PTBA,RG,2820,89,F,AK,BQ,D
13:30:01,PTBA,RG,2820,6,F,AK,BQ,D
13:30:01,PTBA,RG,2820,1,D,YP,BQ,D
13:30:01,PTBA,RG,2820,3,F,CS,BQ,D
13:30:01,PTBA,RG,2820,200,D,YP,BQ,D
13:30:01,PTBA,RG,2820,17,D,YP,BQ,D
13:30:01,PTBA,RG,2820,2,F,CS,BQ,D
13:30:01,PTBA,RG,2820,193,D,LG,BQ,D
13:30:01,PTBA,RG,2820,20,D,LG,RO,D
11:29:36,PTBA,RG,2830,2,F,ZP,DR,D
11:29:28,PTBA,RG,2830,5,D,GR,DR,D
11:28:51,PTBA,RG,2830,2,F,AK,DR,D
11:28:50,PTBA,RG,2830,59,F,BK,DR,D
11:28:48,PTBA,RG,2830,6,F,AK,DR,D
11:28:46,PTBA,RG,2830,204,F,ZP,DR,D
11:28:21,PTBA,RG,2830,3,F,ZP,DR,D
11:28:16,PTBA,RG,2820,2,D,LG,XC,D
11:28:03,PTBA,RG,2830,2,F,AK,DR,D
11:28:02,PTBA,RG,2830,46,F,BK,DR,D
11:27:59,PTBA,RG,2830,2,F,AK,DR,D
11:27:58,PTBA,RG,2830,36,F,BK,DR,D
11:27:58,PTBA,RG,2830,19,F,BK,DR,D
11:27:54,PTBA,RG,2830,13,F,AK,DR,D
11:27:53,PTBA,RG,2830,68,D,DX,DR,D
11:27:53,PTBA,RG,2830,30,D,DX,GR,D
11:27:53,PTBA,RG,2830,326,D,DX,DH,D
11:27:51,PTBA,RG,2830,10,F,AK,DH,D
11:27:50,PTBA,RG,2830,348,D,DX,DH,D
11:27:34,PTBA,RG,2830,2,F,AK,DH,D
11:27:32,PTBA,RG,2830,65,F,ZP,DH,D
11:27:32,PTBA,RG,2830,1,F,AK,DH,D
11:27:30,PTBA,RG,2830,3,D,PD,DH,D
11:27:04,PTBA,RG,2830,2,F,AK,DH,D
11:27:02,PTBA,RG,2830,66,F,ZP,DH,D
11:26:16,PTBA,RG,2830,25,D,EP,DH,D
11:26:11,PTBA,RG,2830,1,F,AK,DH,D
11:26:09,PTBA,RG,2830,34,F,ZP,DH,D
11:26:09,PTBA,RG,2830,2,F,AK,DH,D
11:26:07,PTBA,RG,2830,68,F,ZP,DH,D
11:25:41,PTBA,RG,2830,1,F,AK,DH,D
11:25:39,PTBA,RG,2830,1,D,XC,DH,D
11:25:38,PTBA,RG,2830,3,D,YP,DH,D
11:25:34,PTBA,RG,2830,2,F,AK,DH,D
11:25:32,PTBA,RG,2830,64,F,ZP,DH,D
11:25:16,PTBA,RG,2830,12,F,AK,DH,D
11:25:15,PTBA,RG,2830,396,D,DX,DH,D
11:25:10,PTBA,RG,2830,9,F,AK,DH,D
11:25:08,PTBA,RG,2830,310,D,DX,DH,D
11:25:04,PTBA,RG,2830,2,F,AK,DH,D
11:25:02,PTBA,RG,2830,63,F,ZP,DH,D
11:24:43,PTBA,RG,2830,2,F,AK,DH,D
11:24:42,PTBA,RG,2830,65,D,PD,DH,D
11:24:37,PTBA,RG,2830,2,F,AK,DH,D
11:24:37,PTBA,RG,2830,7,F,AK,DH,D
11:24:36,PTBA,RG,2830,66,F,ZP,DH,D
11:24:35,PTBA,RG,2820,200,D,LG,PD,D
11:24:08,PTBA,RG,2830,1,D,XC,DH,D
11:24:04,PTBA,RG,2830,2,F,AK,DH,D
11:24:03,PTBA,RG,2830,64,F,ZP,DH,D
11:23:53,PTBA,RG,2830,2,F,AK,DH,D
11:23:52,PTBA,RG,2830,73,F,ZP,DH,D
11:23:52,PTBA,RG,2830,10,F,ZP,YP,D
11:23:52,PTBA,RG,2830,1,F,ZP,XC,D
11:23:52,PTBA,RG,2830,6,F,ZP,OD,D
11:23:40,PTBA,RG,2830,2,D,YP,OD,D
11:23:21,PTBA,RG,2830,1,F,AK,OD,D
11:23:21,PTBA,RG,2820,2,D,LG,XL,D
11:23:06,PTBA,RG,2830,78,F,AK,OD,D
11:23:05,PTBA,RG,2820,83,D,LG,OD,D
11:23:05,PTBA,RG,2820,2,F,CS,OD,D
11:23:05,PTBA,RG,2820,1,D,XC,OD,D
11:23:05,PTBA,RG,2820,56,D,BK,OD,D
11:23:05,PTBA,RG,2820,241,F,BK,OD,D
11:23:05,PTBA,RG,2820,11,D,PD,OD,D
11:23:05,PTBA,RG,2820,4,F,CC,OD,D
11:23:05,PTBA,RG,2820,60,D,BK,OD,D
11:23:05,PTBA,RG,2820,10,D,LG,OD,D
11:23:05,PTBA,RG,2820,100,D,PD,OD,D
11:23:05,PTBA,RG,2820,60,D,BK,OD,D
11:23:05,PTBA,RG,2820,689,F,BK,OD,D
11:23:05,PTBA,RG,2820,2,F,CS,OD,D
11:23:05,PTBA,RG,2820,61,D,BK,OD,D
11:23:05,PTBA,RG,2820,500,D,OD,OD,D
11:23:05,PTBA,RG,2820,1,F,CS,OD,D
11:23:05,PTBA,RG,2820,1,F,CS,OD,D
11:23:05,PTBA,RG,2820,70,F,BK,OD,D
11:23:05,PTBA,RG,2820,500,D,LG,OD,D
11:23:05,PTBA,RG,2820,2,D,OD,OD,D
11:23:05,PTBA,RG,2820,35,D,YP,OD,D
11:23:05,PTBA,RG,2820,1,D,EP,OD,D
11:23:05,PTBA,RG,2820,30,D,PD,OD,D
11:23:05,PTBA,RG,2820,97,F,ZP,OD,D
11:23:05,PTBA,RG,2820,2,F,CS,OD,D
11:23:05,PTBA,RG,2820,1,D,EP,OD,D
11:23:05,PTBA,RG,2820,125,D,DP,OD,D
11:23:05,PTBA,RG,2820,1,F,CS,OD,D
11:23:05,PTBA,RG,2820,300,D,GR,OD,D
11:23:05,PTBA,RG,2820,2,F,CS,OD,D
11:23:05,PTBA,RG,2820,1,F,CS,OD,D
11:23:05,PTBA,RG,2820,5,D,YP,OD,D
11:23:05,PTBA,RG,2820,3,F,CS,OD,D
11:23:05,PTBA,RG,2820,500,D,LG,OD,D
11:23:05,PTBA,RG,2820,1,F,CS,OD,D
11:23:05,PTBA,RG,2820,500,D,LG,OD,D
11:23:05,PTBA,RG,2820,1,D,YU,OD,D
11:23:05,PTBA,RG,2820,2,F,CS,OD,D
11:23:05,PTBA,RG,2820,1,D,HP,OD,D
11:23:05,PTBA,RG,2820,1,D,XC,OD,D
11:23:05,PTBA,RG,2820,63,D,PD,OD,D
11:23:05,PTBA,RG,2820,3,F,CS,OD,D
11:23:05,PTBA,RG,2820,36,D,BK,OD,D
11:23:05,PTBA,RG,2820,5,D,XC,OD,D
11:23:05,PTBA,RG,2820,59,F,AK,OD,D
11:23:05,PTBA,RG,2820,74,D,BK,OD,D
11:23:05,PTBA,RG,2820,2,D,ZP,OD,D
11:23:05,PTBA,RG,2820,2,D,DR,OD,D
11:23:05,PTBA,RG,2820,78,D,BK,OD,D
11:23:05,PTBA,RG,2820,204,F,BK,OD,D
11:23:05,PTBA,RG,2820,1,F,CS,OD,D
11:23:05,PTBA,RG,2820,410,D,XC,OD,D
11:22:54,PTBA,RG,2830,96,F,ZP,OD,D
11:22:54,PTBA,RG,2820,1,D,XC,PD,D
11:22:44,PTBA,RG,2830,31,D,BK,OD,D
11:22:40,PTBA,RG,2830,39,F,BK,OD,D
11:22:34,PTBA,RG,2830,65,F,BK,OD,D
11:22:33,PTBA,RG,2830,380,D,DX,OD,D
11:22:32,PTBA,RG,2830,334,D,DX,OD,D
11:22:25,PTBA,RG,2830,46,F,BK,OD,D
11:22:25,PTBA,RG,2820,5,D,XC,NI,D
11:22:20,PTBA,RG,2830,118,F,BK,OD,D
11:22:16,PTBA,RG,2820,775,D,XC,MG,D
11:22:16,PTBA,RG,2820,15,D,XC,MG,D
11:22:16,PTBA,RG,2820,63,F,ZP,MG,D
11:22:16,PTBA,RG,2820,3,F,CS,MG,D
11:22:16,PTBA,RG,2820,39,F,ZP,MG,D
11:22:16,PTBA,RG,2820,14,F,ZP,MG,D
11:22:16,PTBA,RG,2820,16,D,DP,MG,D
11:22:16,PTBA,RG,2820,80,F,AK,MG,D
11:22:16,PTBA,RG,2820,2,F,CS,MG,D
11:22:16,PTBA,RG,2820,2,F,AK,MG,D
11:22:16,PTBA,RG,2820,78,D,YP,MG,D
11:22:15,PTBA,RG,2830,31,D,BK,OD,D
11:22:02,PTBA,RG,2820,10,D,YP,DR,D
11:22:02,PTBA,RG,2830,1,D,YP,OD,D
11:21:51,PTBA,RG,2830,2,F,AK,OD,D
11:21:50,PTBA,RG,2830,67,F,ZP,OD,D
11:21:45,PTBA,RG,2830,2,F,AK,OD,D
11:21:44,PTBA,RG,2830,40,F,BK,OD,D
11:21:44,PTBA,RG,2830,2,F,AK,OD,D
11:21:44,PTBA,RG,2830,1,D,DX,OD,D
11:21:43,PTBA,RG,2830,76,F,ZP,OD,D
11:21:37,PTBA,RG,2830,1,F,AK,OD,D
11:21:36,PTBA,RG,2830,35,D,BK,OD,D
11:21:25,PTBA,RG,2830,1,F,AK,OD,D
11:21:24,PTBA,RG,2830,36,D,NI,OD,D
11:21:03,PTBA,RG,2830,2,F,AK,OD,D
11:21:02,PTBA,RG,2830,1,F,AK,OD,D
11:21:02,PTBA,RG,2830,66,F,ZP,OD,D
11:21:01,PTBA,RG,2830,2,F,AK,OD,D
11:21:01,PTBA,RG,2830,30,F,BK,OD,D
11:21:00,PTBA,RG,2830,63,F,ZP,OD,D
11:20:59,PTBA,RG,2830,4,F,AK,OD,D
11:20:58,PTBA,RG,2830,1,F,AK,OD,D
11:20:58,PTBA,RG,2830,117,F,ZP,OD,D
11:20:57,PTBA,RG,2830,31,D,BK,OD,D
11:20:41,PTBA,RG,2830,1,F,AK,OD,D
11:20:40,PTBA,RG,2830,30,F,BK,OD,D
11:20:40,PTBA,RG,2830,10,D,DP,OD,D
11:20:24,PTBA,RG,2830,3,F,AK,OD,D
11:20:23,PTBA,RG,2830,110,D,DP,OD,D
11:20:20,PTBA,RG,2830,1,F,AK,OD,D
11:20:19,PTBA,RG,2830,2,D,XC,OD,D
11:20:19,PTBA,RG,2830,32,D,BK,OD,D
11:20:02,PTBA,RG,2830,1,F,AK,OD,D
11:20:01,PTBA,RG,2830,15,D,YP,OD,D
11:20:01,PTBA,RG,2830,2,F,AK,OD,D
11:20:00,PTBA,RG,2830,59,F,BK,OD,D
11:19:59,PTBA,RG,2830,13,F,AK,OD,D
11:19:58,PTBA,RG,2830,404,D,DX,OD,D
11:19:58,PTBA,RG,2830,9,F,BK,OD,D
11:19:58,PTBA,RG,2830,4,F,BK,DX,D
11:19:58,PTBA,RG,2830,10,F,BK,KK,D
11:19:58,PTBA,RG,2830,6,F,BK,SQ,D
11:19:57,PTBA,RG,2830,1,F,AK,SQ,D
11:19:56,PTBA,RG,2830,30,D,BK,SQ,D
11:19:55,PTBA,RG,2830,1,F,AK,SQ,D
11:19:54,PTBA,RG,2830,12,F,BK,SQ,D
11:19:54,PTBA,RG,2830,5,F,BK,YP,D
11:19:54,PTBA,RG,2830,1,F,BK,NI,D
11:19:54,PTBA,RG,2830,6,F,BK,CC,D
11:19:54,PTBA,RG,2830,3,F,BK,PD,D
11:19:54,PTBA,RG,2830,13,F,BK,CC,D
11:19:52,PTBA,RG,2830,11,F,AK,CC,D
11:19:51,PTBA,RG,2830,96,D,DX,CC,D
11:19:51,PTBA,RG,2830,15,D,DX,CC,D
11:19:51,PTBA,RG,2830,38,D,DX,XC,D
11:19:51,PTBA,RG,2830,10,D,DX,SQ,D
11:19:51,PTBA,RG,2830,10,D,DX,YP,D
11:19:51,PTBA,RG,2830,3,D,DX,NI,D
11:19:51,PTBA,RG,2830,10,D,DX,YP,D
11:19:51,PTBA,RG,2830,1,D,DX,PD,D
11:19:51,PTBA,RG,2830,180,D,DX,YU,D
11:19:37,PTBA,RG,2830,2,F,AK,YU,D
11:19:36,PTBA,RG,2830,63,F,ZP,YU,D
11:19:12,PTBA,RG,2830,1,F,AK,YU,D
11:19:11,PTBA,RG,2830,25,D,CC,YU,D
11:18:55,PTBA,RG,2830,2,F,AK,YU,D
11:18:54,PTBA,RG,2830,63,F,ZP,YU,D
11:18:44,PTBA,RG,2830,1,F,AK,YU,D
11:18:43,PTBA,RG,2830,44,D,BK,YU,D
11:18:34,PTBA,RG,2830,1,D,CC,YU,D
11:18:26,PTBA,RG,2830,2,F,AK,YU,D
11:18:25,PTBA,RG,2830,45,F,BK,YU,D
11:18:24,PTBA,RG,2820,1,D,YP,DH,D
11:18:22,PTBA,RG,2830,2,F,AK,YU,D
11:18:21,PTBA,RG,2830,65,F,ZP,YU,D
11:18:07,PTBA,RG,2830,5,D,KK,YU,D
11:17:56,PTBA,RG,2830,15,D,YP,YU,D
11:17:50,PTBA,RG,2830,2,F,AK,YU,D
11:17:48,PTBA,RG,2830,61,F,ZP,YU,D
11:17:37,PTBA,RG,2830,3,F,AK,YU,D
11:17:35,PTBA,RG,2830,100,D,YU,YU,D
11:17:32,PTBA,RG,2830,1,F,AK,YU,D
11:17:31,PTBA,RG,2820,3,D,YP,CC,D
11:17:28,PTBA,RG,2830,1,F,AK,YU,D
11:17:27,PTBA,RG,2830,46,F,BK,YU,D
11:17:27,PTBA,RG,2830,5,D,XL,YU,D
11:17:23,PTBA,RG,2830,2,F,AK,YU,D
11:17:21,PTBA,RG,2830,68,F,BK,YU,D
11:17:20,PTBA,RG,2830,2,F,AK,YU,D
11:17:19,PTBA,RG,2830,13,F,AK,YU,D
11:17:18,PTBA,RG,2830,62,F,ZP,YU,D
11:17:18,PTBA,RG,2830,118,D,DX,YU,D
11:17:18,PTBA,RG,2830,1,D,DX,NI,D
11:17:18,PTBA,RG,2830,309,D,DX,OD,D
11:17:18,PTBA,RG,2830,2,F,AK,OD,D
11:17:16,PTBA,RG,2830,41,F,BK,OD,D
11:17:13,PTBA,RG,2830,13,F,AK,OD,D
11:17:12,PTBA,RG,2830,443,D,DX,OD,D
11:17:06,PTBA,RG,2830,4,F,AK,OD,D
11:17:05,PTBA,RG,2830,39,F,BK,OD,D
11:17:04,PTBA,RG,2830,67,F,ZP,OD,D
11:17:04,PTBA,RG,2830,2,F,AK,OD,D
11:17:02,PTBA,RG,2830,66,F,ZP,OD,D
11:17:02,PTBA,RG,2830,2,F,AK,OD,D
11:17:00,PTBA,RG,2830,67,F,ZP,OD,D
11:16:57,PTBA,RG,2830,1,F,AK,OD,D
11:16:55,PTBA,RG,2830,44,D,BK,OD,D
11:16:54,PTBA,RG,2830,1,F,AK,OD,D
11:16:53,PTBA,RG,2830,8,F,CS,OD,D
11:16:53,PTBA,RG,2830,5,D,DP,OD,D
11:16:52,PTBA,RG,2830,13,D,DP,OD,D
11:16:50,PTBA,RG,2830,5,F,AK,OD,D
11:16:48,PTBA,RG,2830,155,F,ZP,OD,D
11:16:43,PTBA,RG,2830,3,D,PD,OD,D
11:16:40,PTBA,RG,2830,1,F,AK,OD,D
11:16:38,PTBA,RG,2830,47,F,BK,OD,D
11:16:37,PTBA,RG,2830,1,F,AK,OD,D
11:16:36,PTBA,RG,2820,1,D,YP,DR,D
11:16:36,PTBA,RG,2830,14,D,DP,OD,D
11:16:36,PTBA,RG,2830,4,F,AK,OD,D
11:16:35,PTBA,RG,2830,144,D,DP,OD,D
11:16:27,PTBA,RG,2820,2,D,YP,NI,D
11:16:20,PTBA,RG,2830,1,F,AK,OD,D
11:16:18,PTBA,RG,2830,10,D,CC,OD,D
11:16:07,PTBA,RG,2820,5,D,YP,PD,D
11:16:01,PTBA,RG,2830,15,D,CC,OD,D
11:15:18,PTBA,RG,2830,2,F,AK,OD,D
11:15:16,PTBA,RG,2830,63,F,ZP,OD,D
11:15:04,PTBA,RG,2830,5,D,CC,OD,D
11:14:59,PTBA,RG,2830,4,D,PD,OD,D
11:14:51,PTBA,RG,2830,2,F,AK,OD,D
11:14:49,PTBA,RG,2830,43,F,BK,OD,D
11:14:47,PTBA,RG,2830,2,F,AK,OD,D
11:14:46,PTBA,RG,2830,1,D,CC,OD,D
11:14:45,PTBA,RG,2830,65,F,BK,OD,D
11:14:42,PTBA,RG,2830,22,F,AK,OD,D
11:14:41,PTBA,RG,2830,341,D,DX,OD,D
11:14:40,PTBA,RG,2830,369,D,DX,OD,D
11:14:08,PTBA,RG,2830,1,F,AK,OD,D
11:14:06,PTBA,RG,2830,36,F,BK,OD,D
11:14:06,PTBA,RG,2830,7,D,CC,OD,D
11:14:06,PTBA,RG,2830,2,F,AK,OD,D
11:14:04,PTBA,RG,2830,8,F,ZP,OD,D
11:14:04,PTBA,RG,2830,1,F,ZP,YP,D
11:14:04,PTBA,RG,2830,1,F,ZP,YP,D
11:14:04,PTBA,RG,2830,10,F,ZP,PD,D
11:14:04,PTBA,RG,2830,4,F,ZP,AT,D
11:14:04,PTBA,RG,2830,1,F,ZP,XC,D
11:14:04,PTBA,RG,2830,35,F,ZP,NI,D
11:14:04,PTBA,RG,2830,3,F,ZP,NI,D
11:14:04,PTBA,RG,2830,2,F,AK,GR,D
11:14:02,PTBA,RG,2830,67,F,ZP,GR,D
11:14:02,PTBA,RG,2830,2,F,AK,GR,D
11:14:01,PTBA,RG,2820,10,D,YP,HP,D
11:14:00,PTBA,RG,2830,64,F,ZP,GR,D
11:13:49,PTBA,RG,2820,1,D,YP,XC,D
11:13:46,PTBA,RG,2830,1,D,XC,GR,D
11:13:41,PTBA,RG,2830,1,F,AK,GR,D
11:13:40,PTBA,RG,2830,34,F,BK,GR,D
11:13:36,PTBA,RG,2830,4,F,AK,GR,D
11:13:34,PTBA,RG,2830,116,F,ZP,GR,D
11:13:20,PTBA,RG,2830,1,D,YP,GR,D
11:13:10,PTBA,RG,2830,5,D,NI,GR,D
11:13:03,PTBA,RG,2830,1,F,AK,GR,D
11:13:02,PTBA,RG,2830,30,F,BK,GR,D
11:13:00,PTBA,RG,2830,5,F,AK,GR,D
11:12:59,PTBA,RG,2830,152,F,ZP,GR,D
11:12:58,PTBA,RG,2830,1,F,AK,GR,D
11:12:57,PTBA,RG,2830,2,F,AK,GR,D
11:12:57,PTBA,RG,2830,35,D,YP,GR,D
11:12:57,PTBA,RG,2830,73,F,ZP,GR,D
11:12:53,PTBA,RG,2830,1,D,PD,GR,D
11:12:30,PTBA,RG,2830,5,F,AK,GR,D
11:12:29,PTBA,RG,2830,155,F,ZP,GR,D
11:12:28,PTBA,RG,2830,4,D,PD,GR,D
11:12:08,PTBA,RG,2830,12,F,AK,GR,D
11:12:08,PTBA,RG,2830,371,D,DX,GR,D
11:12:02,PTBA,RG,2830,4,F,AK,GR,D
11:12:01,PTBA,RG,2830,10,F,AK,GR,D
11:12:01,PTBA,RG,2830,147,F,ZP,GR,D
11:12:01,PTBA,RG,2830,323,D,DX,GR,D
11:11:44,PTBA,RG,2830,6,F,AK,GR,D
11:11:43,PTBA,RG,2830,180,F,ZP,GR,D
11:11:35,PTBA,RG,2820,7,D,YP,PD,D
11:11:34,PTBA,RG,2830,1,D,PD,GR,D
11:11:26,PTBA,RG,2820,3,D,YP,PD,D
11:11:11,PTBA,RG,2830,1,F,AK,GR,D
11:11:10,PTBA,RG,2830,25,D,CC,GR,D
11:10:52,PTBA,RG,2830,1,D,XC,GR,D
11:10:38,PTBA,RG,2830,2,F,AK,GR,D
11:10:37,PTBA,RG,2830,62,F,ZP,GR,D
11:10:07,PTBA,RG,2830,2,F,AK,GR,D
11:10:06,PTBA,RG,2830,67,F,ZP,GR,D
11:09:44,PTBA,RG,2830,1,D,XC,GR,D
11:09:29,PTBA,RG,2830,10,F,AK,GR,D
11:09:28,PTBA,RG,2820,1,D,YP,PD,D
11:09:28,PTBA,RG,2830,114,D,DX,GR,D
11:09:28,PTBA,RG,2830,50,D,DX,DX,D
11:09:28,PTBA,RG,2830,5,D,DX,GR,D
11:09:28,PTBA,RG,2830,10,D,DX,KK,D
11:09:28,PTBA,RG,2830,30,D,DX,YP,D
11:09:28,PTBA,RG,2830,15,D,DX,PD,D
11:09:28,PTBA,RG,2830,2,D,DX,YP,D
11:09:28,PTBA,RG,2830,10,D,DX,EP,D
11:09:28,PTBA,RG,2830,10,D,DX,YP,D
11:09:28,PTBA,RG,2830,2,D,DX,LS,D
11:09:28,PTBA,RG,2830,1,D,DX,PD,D
11:09:28,PTBA,RG,2830,77,D,DX,YP,D
11:09:27,PTBA,RG,2830,13,F,AK,YP,D
11:09:26,PTBA,RG,2830,90,D,DX,YP,D
11:09:26,PTBA,RG,2830,2,D,DX,CC,D
11:09:26,PTBA,RG,2830,40,D,DX,SQ,D
11:09:26,PTBA,RG,2830,50,D,DX,XC,D
11:09:26,PTBA,RG,2830,200,D,DX,GR,D
11:09:26,PTBA,RG,2830,1,D,DX,XC,D
11:09:26,PTBA,RG,2830,15,D,DX,XC,D
11:09:26,PTBA,RG,2830,3,D,DX,PD,D
11:09:26,PTBA,RG,2830,3,D,DX,PD,D
11:09:26,PTBA,RG,2830,11,D,DX,CC,D
11:09:18,PTBA,RG,2830,2,F,AK,CC,D
11:09:17,PTBA,RG,2830,37,F,ZP,CC,D
11:09:17,PTBA,RG,2830,28,F,ZP,OD,D
11:08:55,PTBA,RG,2830,1,D,XC,OD,D
11:08:44,PTBA,RG,2830,10,D,DR,OD,D
11:08:37,PTBA,RG,2830,2,F,AK,OD,D
11:08:36,PTBA,RG,2830,66,F,ZP,OD,D
11:08:35,PTBA,RG,2830,2,D,CC,OD,D
11:08:16,PTBA,RG,2830,2,F,AK,OD,D
11:08:15,PTBA,RG,2830,64,F,ZP,OD,D
11:07:52,PTBA,RG,2830,1,F,AK,OD,D
11:07:51,PTBA,RG,2830,15,D,YP,OD,D
11:07:39,PTBA,RG,2830,2,F,AK,OD,D
11:07:38,PTBA,RG,2830,65,F,ZP,OD,D
11:07:06,PTBA,RG,2830,2,F,AK,OD,D
11:07:04,PTBA,RG,2830,67,F,ZP,OD,D
11:07:04,PTBA,RG,2830,2,F,AK,OD,D
11:07:02,PTBA,RG,2830,62,F,ZP,OD,D
11:07:01,PTBA,RG,2830,2,F,AK,OD,D
11:07:00,PTBA,RG,2830,64,F,ZP,OD,D
11:06:46,PTBA,RG,2830,13,F,AK,OD,D
11:06:45,PTBA,RG,2830,416,D,DX,OD,D
11:06:41,PTBA,RG,2830,13,F,AK,OD,D
11:06:40,PTBA,RG,2830,431,D,DX,OD,D
11:06:38,PTBA,RG,2830,4,F,AK,OD,D
11:06:36,PTBA,RG,2830,117,F,ZP,OD,D
11:06:28,PTBA,RG,2820,3,D,YP,AT,D
11:05:50,PTBA,RG,2820,20,D,YP,XC,D
11:05:49,PTBA,RG,2830,2,F,AK,OD,D
11:05:47,PTBA,RG,2830,42,D,BK,OD,D
11:05:46,PTBA,RG,2820,1,D,YP,SQ,D
11:05:41,PTBA,RG,2820,2,D,YP,OD,D
11:05:19,PTBA,RG,2830,14,F,AK,OD,D
11:05:11,PTBA,RG,2820,150,D,YP,YP,D
11:05:07,PTBA,RG,2830,5,D,OD,OD,D
11:04:53,PTBA,RG,2830,2,D,PD,OD,D
11:04:37,PTBA,RG,2830,2,D,CC,OD,D
11:04:34,PTBA,RG,2830,295,F,ZP,OD,D
11:04:32,PTBA,RG,2830,28,F,AK,OD,D
11:04:30,PTBA,RG,2830,34,D,BK,OD,D
11:04:02,PTBA,RG,2830,319,D,DX,OD,D
11:03:58,PTBA,RG,2830,306,D,DX,OD,D
11:03:58,PTBA,RG,2830,10,D,DX,CC,D
11:03:58,PTBA,RG,2830,1,D,DX,PD,D
11:03:58,PTBA,RG,2830,13,D,DX,XC,D
11:03:58,PTBA,RG,2830,50,D,DX,PD,D
11:03:41,PTBA,RG,2830,15,F,ZP,PD,D
11:03:35,PTBA,RG,2830,35,F,ZP,PD,D
11:03:35,PTBA,RG,2830,85,F,ZP,EP,D
11:03:26,PTBA,RG,2830,31,D,BK,EP,D
11:03:26,PTBA,RG,2820,9,D,YP,PD,D
11:03:07,PTBA,RG,2820,1,D,YP,NI,D
11:02:56,PTBA,RG,2830,5,F,AK,EP,D
11:02:54,PTBA,RG,2830,89,F,ZP,EP,D
11:02:08,PTBA,RG,2830,34,D,BK,EP,D
11:02:02,PTBA,RG,2820,50,D,YP,GR,D
11:01:37,PTBA,RG,2830,1,D,EP,EP,D
11:01:31,PTBA,RG,2830,40,F,AK,EP,D
11:01:30,PTBA,RG,2830,35,F,BK,EP,D
11:01:27,PTBA,RG,2830,63,F,BK,EP,D
11:01:25,PTBA,RG,2830,117,D,DX,EP,D
11:01:25,PTBA,RG,2830,257,D,DX,BQ,D
11:01:22,PTBA,RG,2830,46,F,BK,BQ,D
11:01:20,PTBA,RG,2830,197,D,DX,BQ,D
11:01:20,PTBA,RG,2830,30,D,DX,PD,D
11:01:20,PTBA,RG,2830,1,D,DX,PD,D
11:01:20,PTBA,RG,2830,1,D,DX,YB,D
11:01:20,PTBA,RG,2830,12,D,DX,YP,D
11:01:20,PTBA,RG,2830,23,D,DX,CC,D
11:01:20,PTBA,RG,2830,1,D,DX,XC,D
11:01:20,PTBA,RG,2830,50,D,DX,GR,D
11:01:20,PTBA,RG,2830,1,D,DX,YP,D
11:01:20,PTBA,RG,2830,92,D,DX,OD,D
11:01:15,PTBA,RG,2830,1,D,PD,OD,D
11:01:11,PTBA,RG,2820,4,D,YP,YP,D
11:01:08,PTBA,RG,2820,1,D,YP,OD,D
11:01:07,PTBA,RG,2820,7,D,YP,OD,D
11:01:07,PTBA,RG,2820,21,F,ZP,OD,D
11:01:05,PTBA,RG,2820,23,F,ZP,OD,D
11:01:05,PTBA,RG,2820,1,F,ZP,OD,D
11:01:03,PTBA,RG,2830,1,D,YP,OD,D
11:00:39,PTBA,RG,2830,51,F,BK,OD,D
11:00:38,PTBA,RG,2830,43,D,BK,OD,D
11:00:27,PTBA,RG,2830,147,F,ZP,OD,D
10:59:42,PTBA,RG,2830,48,F,BK,OD,D
10:59:40,PTBA,RG,2830,50,F,AK,OD,D
10:59:39,PTBA,RG,2830,10,D,EP,OD,D
10:59:38,PTBA,RG,2830,62,F,ZP,OD,D
10:59:00,PTBA,RG,2830,66,F,ZP,OD,D
10:58:57,PTBA,RG,2830,30,F,BK,OD,D
10:58:54,PTBA,RG,2830,59,F,BK,OD,D
10:58:54,PTBA,RG,2830,42,D,NI,OD,D
10:58:53,PTBA,RG,2830,346,D,DX,OD,D
10:58:50,PTBA,RG,2830,63,F,BK,OD,D
10:58:47,PTBA,RG,2830,427,D,DX,OD,D
10:58:45,PTBA,RG,2830,48,F,BK,OD,D
10:58:42,PTBA,RG,2830,93,F,ZP,OD,D
10:58:26,PTBA,RG,2830,3,D,DP,OD,D
10:58:12,PTBA,RG,2830,94,F,ZP,OD,D
10:57:18,PTBA,RG,2830,67,F,ZP,OD,D
10:56:40,PTBA,RG,2830,1,D,PD,OD,D
10:56:39,PTBA,RG,2830,50,F,BK,OD,D
10:56:37,PTBA,RG,2830,63,F,ZP,OD,D
10:56:22,PTBA,RG,2830,34,F,BK,OD,D
10:56:21,PTBA,RG,2820,7,F,ZP,PD,D
10:56:19,PTBA,RG,2830,68,F,BK,OD,D
10:56:19,PTBA,RG,2830,91,F,AK,OD,D
10:56:15,PTBA,RG,2830,350,D,DX,OD,D
10:56:15,PTBA,RG,2830,1,D,DX,YP,D
10:56:15,PTBA,RG,2830,3,D,DX,NI,D
10:56:15,PTBA,RG,2830,23,D,DX,YB,D
10:56:15,PTBA,RG,2830,7,F,BK,YB,D
10:56:15,PTBA,RG,2830,35,F,BK,DR,D
10:56:12,PTBA,RG,2830,65,D,DX,DR,D
10:56:12,PTBA,RG,2830,20,D,DX,CC,D
10:56:12,PTBA,RG,2830,3,D,DX,PD,D
10:56:12,PTBA,RG,2830,18,D,DX,CC,D
10:56:12,PTBA,RG,2830,1,D,DX,XC,D
10:56:12,PTBA,RG,2830,50,D,DX,NI,D
10:56:12,PTBA,RG,2830,20,D,DX,YP,D
10:56:12,PTBA,RG,2830,10,D,DX,NI,D
10:56:12,PTBA,RG,2830,120,D,DX,EP,D
10:56:08,PTBA,RG,2830,65,F,ZP,EP,D
10:56:07,PTBA,RG,2830,32,F,BK,EP,D
10:56:06,PTBA,RG,2830,66,F,ZP,EP,D
10:56:00,PTBA,RG,2830,61,F,ZP,EP,D
10:55:51,PTBA,RG,2830,33,F,BK,EP,D
10:55:47,PTBA,RG,2830,62,F,BK,EP,D
10:55:45,PTBA,RG,2830,181,F,ZP,EP,D
10:55:45,PTBA,RG,2830,27,D,DP,EP,D
10:55:41,PTBA,RG,2830,163,F,BK,EP,D
10:55:38,PTBA,RG,2830,190,D,GR,EP,D
10:55:38,PTBA,RG,2830,350,D,GR,GR,D
10:55:38,PTBA,RG,2830,1,D,GR,PD,D
10:55:38,PTBA,RG,2830,20,D,GR,YP,D
10:55:38,PTBA,RG,2830,17,D,GR,XC,D
10:55:38,PTBA,RG,2830,14,D,GR,PD,D
10:55:38,PTBA,RG,2830,132,D,GR,CC,D
10:55:38,PTBA,RG,2830,3,D,GR,SQ,D
10:55:38,PTBA,RG,2830,5,D,GR,DH,D
10:55:38,PTBA,RG,2830,1,D,GR,NI,D
10:55:38,PTBA,RG,2830,10,D,GR,GR,D
10:55:38,PTBA,RG,2830,1,D,GR,YP,D
10:55:38,PTBA,RG,2830,256,D,GR,DR,D
10:55:17,PTBA,RG,2830,59,F,BK,DR,D
10:55:14,PTBA,RG,2830,411,D,XC,DR,D
10:55:14,PTBA,RG,2830,1,D,XC,XC,D
10:55:14,PTBA,RG,2830,6,D,XC,XC,D
10:55:04,PTBA,RG,2830,2,D,YU,XC,D
10:54:58,PTBA,RG,2830,22,F,BK,XC,D
10:54:58,PTBA,RG,2830,1,F,BK,XC,D
10:54:58,PTBA,RG,2830,15,F,BK,PD,D
10:54:58,PTBA,RG,2830,10,F,BK,CC,D
10:54:54,PTBA,RG,2830,10,F,AK,XA,D
10:54:54,PTBA,RG,2830,5,F,AK,PD,D
10:54:54,PTBA,RG,2830,3,F,AK,YP,D
10:54:54,PTBA,RG,2830,4,F,AK,PD,D
10:54:54,PTBA,RG,2830,4,F,AK,XL,D
10:54:54,PTBA,RG,2830,10,F,AK,PD,D
10:54:54,PTBA,RG,2830,7,F,AK,OD,D
10:54:52,PTBA,RG,2830,61,F,ZP,OD,D
10:54:41,PTBA,RG,2830,35,F,BK,OD,D
10:54:39,PTBA,RG,2830,160,F,BK,OD,D
10:54:35,PTBA,RG,2830,1000,D,GR,OD,D
10:54:23,PTBA,RG,2820,2,F,ZP,AT,D
10:54:22,PTBA,RG,2830,63,F,ZP,OD,D
10:54:22,PTBA,RG,2830,11,D,DP,OD,D
10:53:58,PTBA,RG,2830,62,F,ZP,OD,D
10:53:41,PTBA,RG,2830,39,F,AK,OD,D
10:53:40,PTBA,RG,2830,60,F,BK,OD,D
10:53:35,PTBA,RG,2830,83,F,BK,OD,D
10:53:33,PTBA,RG,2830,442,D,DX,OD,D
10:53:30,PTBA,RG,2830,52,F,BK,OD,D
10:53:28,PTBA,RG,2830,413,D,DX,OD,D
10:53:24,PTBA,RG,2830,12,F,ZP,OD,D
10:53:24,PTBA,RG,2830,17,F,ZP,PD,D
10:53:24,PTBA,RG,2830,15,F,ZP,XC,D
10:53:24,PTBA,RG,2830,20,F,ZP,XC,D
10:52:44,PTBA,RG,2830,1,F,ZP,XC,D
10:52:44,PTBA,RG,2830,8,F,ZP,YP,D
10:52:44,PTBA,RG,2830,4,F,ZP,CC,D
10:52:44,PTBA,RG,2830,28,F,ZP,NI,D
10:52:44,PTBA,RG,2830,21,F,ZP,YB,D
10:52:02,PTBA,RG,2830,9,F,BK,YB,D
10:52:02,PTBA,RG,2830,1,F,BK,EP,D
10:52:02,PTBA,RG,2830,10,F,BK,NI,D
10:52:02,PTBA,RG,2830,5,F,BK,YJ,D
10:52:02,PTBA,RG,2830,26,F,BK,PD,D
10:51:57,PTBA,RG,2830,35,D,NI,PD,D
10:51:34,PTBA,RG,2830,38,F,AK,PD,D
10:51:05,PTBA,RG,2820,7,F,ZP,PD,D
10:50:58,PTBA,RG,2830,20,D,YP,PD,D
10:50:56,PTBA,RG,2830,60,F,BK,PD,D
10:50:54,PTBA,RG,2830,33,F,BK,PD,D
10:50:53,PTBA,RG,2830,211,D,DX,PD,D
10:50:53,PTBA,RG,2830,10,D,DX,EP,D
10:50:53,PTBA,RG,2830,16,D,DX,NI,D
10:50:53,PTBA,RG,2830,1,D,DX,XC,D
10:50:53,PTBA,RG,2830,1,D,DX,PD,D
10:50:53,PTBA,RG,2830,10,D,DX,DH,D
10:50:53,PTBA,RG,2830,1,D,DX,NI,D
10:50:53,PTBA,RG,2830,10,D,DX,SQ,D
10:50:53,PTBA,RG,2830,5,D,DX,CC,D
10:50:53,PTBA,RG,2830,1,D,DX,YP,D
10:50:53,PTBA,RG,2830,5,D,DX,SQ,D
10:50:53,PTBA,RG,2830,15,D,DX,CC,D
10:50:53,PTBA,RG,2830,50,D,DX,CC,D
10:50:53,PTBA,RG,2830,38,D,DX,OD,D
10:50:51,PTBA,RG,2830,162,F,ZP,OD,D
10:50:51,PTBA,RG,2830,1,F,ZP,PD,D
10:50:51,PTBA,RG,2830,17,F,ZP,YP,D
10:50:51,PTBA,RG,2830,2,F,ZP,NI,D
10:50:51,PTBA,RG,2830,103,F,ZP,DR,D
10:50:51,PTBA,RG,2830,402,D,DX,DR,D
10:50:19,PTBA,RG,2830,15,D,NI,DR,D
10:50:14,PTBA,RG,2830,1,D,DH,DR,D
10:50:11,PTBA,RG,2830,3,D,PD,DR,D
10:50:11,PTBA,RG,2830,26,D,DP,DR,D
10:49:48,PTBA,RG,2830,66,F,AK,DR,D
10:49:47,PTBA,RG,2830,61,F,ZP,DR,D
10:49:17,PTBA,RG,2820,1,F,ZP,YB,D
10:49:17,PTBA,RG,2820,9,D,XC,YB,D
10:49:17,PTBA,RG,2820,10,D,BK,YB,D
10:49:16,PTBA,RG,2830,65,F,ZP,DR,D
10:48:56,PTBA,RG,2820,13,D,BK,KK,D
10:48:56,PTBA,RG,2820,5,F,BK,KK,D
10:48:54,PTBA,RG,2830,338,D,NI,DR,D
10:48:54,PTBA,RG,2830,237,D,NI,CC,D
10:48:49,PTBA,RG,2830,15,D,CC,CC,D
10:48:46,PTBA,RG,2830,63,F,ZP,CC,D
10:48:45,PTBA,RG,2830,2,D,NI,CC,D
10:48:37,PTBA,RG,2830,206,D,NI,CC,D
10:48:37,PTBA,RG,2830,1094,D,NI,DR,D
10:48:36,PTBA,RG,2830,10,D,PD,DR,D
10:48:17,PTBA,RG,2830,94,F,AK,DR,D
10:48:16,PTBA,RG,2830,307,D,DX,DR,D
10:48:16,PTBA,RG,2830,65,F,ZP,DR,D
10:48:09,PTBA,RG,2830,351,D,DX,DR,D
10:47:58,PTBA,RG,2820,327,F,BK,YP,D
10:47:40,PTBA,RG,2820,33,F,BK,DR,D
10:47:33,PTBA,RG,2830,61,F,ZP,DR,D
10:46:45,PTBA,RG,2820,37,F,BK,YP,D
10:46:45,PTBA,RG,2820,163,F,CS,YP,D
10:46:18,PTBA,RG,2820,106,F,CS,BQ,D
10:46:18,PTBA,RG,2820,1,F,CS,BQ,D
10:46:18,PTBA,RG,2820,65,F,ZP,BQ,D
10:46:18,PTBA,RG,2820,500,D,LG,BQ,D
10:46:18,PTBA,RG,2820,74,D,BK,BQ,D
10:46:18,PTBA,RG,2820,593,D,AZ,BQ,D
10:46:16,PTBA,RG,2830,63,F,ZP,DR,D
10:46:09,PTBA,RG,2820,25,D,AZ,CP,D
10:45:40,PTBA,RG,2820,1,D,AZ,CC,D
10:45:34,PTBA,RG,2830,350,D,DX,DR,D
10:45:34,PTBA,RG,2830,420,D,DX,DR,D
10:45:32,PTBA,RG,2830,62,F,ZP,DR,D
10:45:02,PTBA,RG,2820,381,D,AZ,YJ,D
10:45:02,PTBA,RG,2820,2,D,YP,YJ,D
10:45:02,PTBA,RG,2820,428,F,BK,YJ,D
10:45:02,PTBA,RG,2820,3,F,CS,YJ,D
10:45:02,PTBA,RG,2820,1,D,XC,YJ,D
10:45:02,PTBA,RG,2820,4,D,YP,YJ,D
10:45:02,PTBA,RG,2820,152,F,ZP,YJ,D
10:45:02,PTBA,RG,2820,283,F,CS,YJ,D
10:45:02,PTBA,RG,2820,3,F,CC,YJ,D
10:45:02,PTBA,RG,2820,95,F,ZP,YJ,D
10:45:02,PTBA,RG,2820,1,F,CS,YJ,D
10:45:02,PTBA,RG,2820,2,F,AK,YJ,D
10:45:02,PTBA,RG,2820,10,D,NI,YJ,D
10:45:02,PTBA,RG,2820,35,D,PD,YJ,D
10:45:02,PTBA,RG,2820,5,D,DP,YJ,D
10:45:02,PTBA,RG,2820,138,F,AK,YJ,D
10:45:02,PTBA,RG,2820,308,D,DP,YJ,D
10:45:02,PTBA,RG,2820,1,F,CS,YJ,D
10:45:02,PTBA,RG,2820,3,F,CS,YJ,D
10:45:02,PTBA,RG,2820,4,D,BK,YJ,D
10:45:02,PTBA,RG,2820,1,D,XC,YJ,D
10:45:02,PTBA,RG,2820,48,D,HP,YJ,D
10:45:02,PTBA,RG,2820,500,D,YP,YJ,D
10:45:02,PTBA,RG,2820,458,F,BK,YJ,D
10:45:02,PTBA,RG,2820,54,D,BK,YJ,D
10:45:02,PTBA,RG,2820,10,D,XC,YJ,D
10:45:02,PTBA,RG,2820,500,D,LG,YJ,D
10:45:02,PTBA,RG,2820,2,F,CS,YJ,D
10:45:02,PTBA,RG,2820,500,D,LG,YJ,D
10:45:02,PTBA,RG,2820,48,D,BK,YJ,D
10:45:02,PTBA,RG,2820,6,D,EP,YJ,D
10:45:02,PTBA,RG,2820,14,D,YP,YJ,D
10:44:31,PTBA,RG,2830,60,F,ZP,DR,D
10:44:31,PTBA,RG,2830,20,D,EP,DR,D
10:44:14,PTBA,RG,2820,6,D,YP,EP,D
10:44:14,PTBA,RG,2820,2,D,YP,EP,D
10:44:14,PTBA,RG,2820,54,D,BK,EP,D
10:44:14,PTBA,RG,2820,378,F,BK,EP,D
10:44:14,PTBA,RG,2820,52,F,AK,EP,D
10:44:14,PTBA,RG,2820,2,F,CS,EP,D
10:44:14,PTBA,RG,2820,6,D,EP,EP,D
10:44:02,PTBA,RG,2830,42,F,BK,DR,D
10:44:00,PTBA,RG,2830,1,F,ZP,DR,D
10:44:00,PTBA,RG,2830,10,F,ZP,OD,D
10:44:00,PTBA,RG,2830,3,F,ZP,LG,D
10:44:00,PTBA,RG,2830,5,F,ZP,XC,D
10:44:00,PTBA,RG,2830,8,F,ZP,CP,D
10:44:00,PTBA,RG,2830,1,F,ZP,XC,D
10:44:00,PTBA,RG,2830,10,F,ZP,PD,D
10:44:00,PTBA,RG,2830,23,F,ZP,OD,D
10:43:52,PTBA,RG,2830,88,F,ZP,OD,D
10:43:41,PTBA,RG,2820,10,D,EP,YP,D
10:43:37,PTBA,RG,2820,20,D,EP,PD,D
10:43:20,PTBA,RG,2820,50,D,EP,CC,D
10:43:08,PTBA,RG,2830,54,F,BK,OD,D
10:43:05,PTBA,RG,2830,83,F,BK,OD,D
10:43:03,PTBA,RG,2830,433,D,DX,OD,D
10:43:00,PTBA,RG,2830,46,F,BK,OD,D
10:42:59,PTBA,RG,2830,306,D,DX,OD,D
10:42:59,PTBA,RG,2820,30,D,EP,PD,D
10:42:59,PTBA,RG,2820,8,D,EP,KK,D
10:42:23,PTBA,RG,2830,30,F,BK,OD,D
10:42:19,PTBA,RG,2830,95,F,AK,OD,D
10:41:36,PTBA,RG,2830,10,D,YP,OD,D
10:41:33,PTBA,RG,2830,6,D,XC,OD,D
10:41:15,PTBA,RG,2830,12,D,EP,OD,D
10:41:05,PTBA,RG,2830,1,D,NI,OD,D
10:40:28,PTBA,RG,2830,47,F,BK,OD,D
10:40:25,PTBA,RG,2830,430,D,DX,OD,D
10:40:21,PTBA,RG,2830,345,D,DX,OD,D
10:40:18,PTBA,RG,2820,758,D,EP,AK,F
10:40:18,PTBA,RG,2820,53,D,BK,AK,F
10:40:18,PTBA,RG,2820,165,F,BK,AK,F
10:40:17,PTBA,RG,2820,215,F,BK,BQ,D
10:40:17,PTBA,RG,2820,93,F,ZP,BQ,D
10:40:17,PTBA,RG,2820,5,D,SQ,BQ,D
10:40:17,PTBA,RG,2820,30,D,PD,BQ,D
10:40:17,PTBA,RG,2820,1,D,PD,BQ,D
10:40:17,PTBA,RG,2820,31,D,BK,BQ,D
10:40:17,PTBA,RG,2820,27,D,BK,BQ,D
10:40:17,PTBA,RG,2820,223,D,AZ,BQ,D
10:40:17,PTBA,RG,2820,250,D,AZ,BQ,D
10:40:17,PTBA,RG,2820,375,D,AZ,BQ,D
10:40:17,PTBA,RG,2820,152,D,AZ,BQ,D
10:40:17,PTBA,RG,2820,282,F,BK,BQ,D
10:40:17,PTBA,RG,2820,2,F,CS,BQ,D
10:40:17,PTBA,RG,2820,64,F,ZP,BQ,D
10:40:17,PTBA,RG,2820,167,F,ZP,BQ,D
10:40:17,PTBA,RG,2820,275,F,CS,BQ,D
10:40:17,PTBA,RG,2820,34,D,BK,BQ,D
10:40:17,PTBA,RG,2820,24,D,LG,BQ,D
10:40:17,PTBA,RG,2820,250,D,LG,BQ,D
10:40:17,PTBA,RG,2820,226,D,LG,BQ,D
10:40:17,PTBA,RG,2820,2,D,XC,BQ,D
10:40:17,PTBA,RG,2820,6,F,AK,BQ,D
10:40:17,PTBA,RG,2820,68,F,BK,BQ,D
10:40:17,PTBA,RG,2820,62,F,ZP,BQ,D
10:40:17,PTBA,RG,2820,100,D,LG,BQ,D
10:40:17,PTBA,RG,2820,1,F,CS,BQ,D
10:40:17,PTBA,RG,2820,2,D,PD,BQ,D
10:40:17,PTBA,RG,2820,33,F,BK,BQ,D
10:40:17,PTBA,RG,2820,425,F,BK,BQ,D
10:40:17,PTBA,RG,2820,75,F,ZP,BQ,D
10:40:17,PTBA,RG,2820,24,F,ZP,BQ,D
10:40:17,PTBA,RG,2820,2,D,CC,BQ,D
10:40:17,PTBA,RG,2820,1,D,XC,BQ,D
10:40:17,PTBA,RG,2820,9,D,XC,BQ,D
10:40:17,PTBA,RG,2820,50,D,CC,BQ,D
10:40:17,PTBA,RG,2820,100,D,XL,BQ,D
10:40:17,PTBA,RG,2820,11,D,DP,BQ,D
10:40:17,PTBA,RG,2820,50,D,YP,BQ,D
10:40:17,PTBA,RG,2820,1,D,YP,BQ,D
10:40:17,PTBA,RG,2820,2,D,KK,BQ,D
10:40:17,PTBA,RG,2820,3,D,KK,BQ,D
10:40:17,PTBA,RG,2820,210,D,PD,BQ,D
10:40:17,PTBA,RG,2820,2,D,DR,BQ,D
10:40:17,PTBA,RG,2820,1,F,CS,BQ,D
10:40:17,PTBA,RG,2820,1,D,XL,BQ,D
10:40:17,PTBA,RG,2820,10,D,IF,BQ,D
10:40:17,PTBA,RG,2820,114,F,AK,BQ,D
10:40:17,PTBA,RG,2820,5,D,SQ,BQ,D
10:40:17,PTBA,RG,2820,154,D,TP,BQ,D
10:40:16,PTBA,RG,2820,411,D,TP,BQ,D
10:40:16,PTBA,RG,2820,89,D,LG,BQ,D
10:40:16,PTBA,RG,2820,411,D,LG,BQ,D
10:40:16,PTBA,RG,2820,89,D,BQ,BQ,D
10:40:04,PTBA,RG,2830,2,F,AK,OD,D
10:40:02,PTBA,RG,2830,63,F,ZP,OD,D
10:40:01,PTBA,RG,2830,2,F,AK,OD,D
10:40:00,PTBA,RG,2830,1,D,CC,OD,D
10:40:00,PTBA,RG,2830,63,F,ZP,OD,D
10:39:51,PTBA,RG,2830,2,F,AK,OD,D
10:39:50,PTBA,RG,2830,59,F,BK,OD,D
10:39:47,PTBA,RG,2830,4,F,AK,OD,D
10:39:45,PTBA,RG,2830,119,F,ZP,OD,D
10:39:08,PTBA,RG,2830,1,F,AK,OD,D
10:39:07,PTBA,RG,2830,31,F,ZP,OD,D
10:38:49,PTBA,RG,2830,3,F,AK,OD,D
10:38:29,PTBA,RG,2830,10,D,CC,OD,D
10:38:15,PTBA,RG,2830,63,F,ZP,OD,D
10:38:14,PTBA,RG,2820,11,D,BQ,NI,D
10:38:14,PTBA,RG,2820,19,D,YP,NI,D
10:38:04,PTBA,RG,2830,34,F,AK,OD,D
10:37:59,PTBA,RG,2830,7,D,XC,OD,D
10:37:54,PTBA,RG,2830,1,D,XC,OD,D
10:37:52,PTBA,RG,2830,5,D,XC,OD,D
10:37:51,PTBA,RG,2830,61,F,BK,OD,D
10:37:47,PTBA,RG,2830,67,F,BK,OD,D
10:37:43,PTBA,RG,2830,379,D,DX,OD,D
10:37:43,PTBA,RG,2830,49,F,BK,OD,D
10:37:42,PTBA,RG,2830,417,D,DX,OD,D
10:37:40,PTBA,RG,2830,46,F,BK,OD,D
10:37:37,PTBA,RG,2830,65,F,ZP,OD,D
10:37:27,PTBA,RG,2830,39,F,AK,OD,D
10:37:26,PTBA,RG,2830,37,F,BK,OD,D
10:37:22,PTBA,RG,2830,108,F,BK,OD,D
10:37:18,PTBA,RG,2830,689,D,XC,OD,D
10:37:12,PTBA,RG,2830,10,D,IF,OD,D
10:37:08,PTBA,RG,2830,60,F,ZP,OD,D
10:37:01,PTBA,RG,2830,2,D,XC,OD,D
10:37:00,PTBA,RG,2830,2,D,PD,OD,D
10:36:27,PTBA,RG,2830,5,D,HP,OD,D
10:36:15,PTBA,RG,2830,65,F,ZP,OD,D
10:36:14,PTBA,RG,2830,26,D,DP,OD,D
10:36:12,PTBA,RG,2830,7,D,DP,OD,D
10:36:02,PTBA,RG,2830,58,F,BK,OD,D
10:36:00,PTBA,RG,2830,62,F,ZP,OD,D
10:35:51,PTBA,RG,2830,96,F,ZP,OD,D
10:35:34,PTBA,RG,2830,46,F,BK,OD,D
10:35:29,PTBA,RG,2830,113,F,AK,OD,D
10:35:28,PTBA,RG,2830,1,D,PD,OD,D
10:35:16,PTBA,RG,2830,89,F,ZP,OD,D
10:35:15,PTBA,RG,2830,37,F,BK,OD,D
10:35:10,PTBA,RG,2830,54,F,BK,OD,D
10:35:06,PTBA,RG,2830,314,D,DX,OD,D
10:35:02,PTBA,RG,2830,346,D,DX,OD,D
10:34:50,PTBA,RG,2830,92,F,ZP,OD,D
10:34:34,PTBA,RG,2830,50,D,YP,OD,D
10:34:30,PTBA,RG,2820,1,D,YP,YB,D
10:34:30,PTBA,RG,2820,1,F,CS,YB,D
10:34:30,PTBA,RG,2820,13,D,XC,YB,D
10:34:30,PTBA,RG,2820,1,D,XC,YB,D
10:34:30,PTBA,RG,2820,1,D,DH,YB,D
10:34:30,PTBA,RG,2820,1,F,CS,YB,D
10:34:30,PTBA,RG,2820,1,D,CC,YB,D
10:34:30,PTBA,RG,2820,11,D,PD,YB,D
10:34:19,PTBA,RG,2830,95,F,ZP,OD,D
10:33:47,PTBA,RG,2830,92,F,ZP,OD,D
10:33:31,PTBA,RG,2830,8,D,DP,OD,D
10:33:19,PTBA,RG,2830,96,F,ZP,OD,D
10:33:11,PTBA,RG,2830,30,D,DP,OD,D
10:32:56,PTBA,RG,2820,2,D,PD,PD,D
10:32:46,PTBA,RG,2830,90,F,ZP,OD,D
10:32:22,PTBA,RG,2830,356,D,DX,OD,D
10:32:21,PTBA,RG,2830,423,D,DX,OD,D
10:32:17,PTBA,RG,2830,94,F,ZP,OD,D
10:32:09,PTBA,RG,2820,40,D,PD,NI,D
10:31:53,PTBA,RG,2820,4,D,PD,XC,D
10:31:45,PTBA,RG,2820,10,D,PD,HP,D
10:31:20,PTBA,RG,2820,33,D,PD,XL,D
10:31:20,PTBA,RG,2820,10,D,PD,XL,D
10:31:20,PTBA,RG,2820,2,F,CS,XL,D
10:31:20,PTBA,RG,2820,6,D,NI,XL,D
10:31:20,PTBA,RG,2820,2,F,CS,XL,D
10:31:20,PTBA,RG,2820,7,D,PD,XL,D
10:30:54,PTBA,RG,2830,1,D,CC,OD,D
10:30:12,PTBA,RG,2830,2,D,XC,OD,D
10:30:04,PTBA,RG,2820,346,D,PD,YP,D
10:30:04,PTBA,RG,2820,40,D,BK,YP,D
10:30:04,PTBA,RG,2820,1,F,ZP,YP,D
10:30:04,PTBA,RG,2820,8,D,YP,YP,D
10:30:04,PTBA,RG,2820,2,D,XC,YP,D
10:30:04,PTBA,RG,2820,3,F,BK,YP,D
10:29:57,PTBA,RG,2830,1,D,YB,OD,D
10:29:54,PTBA,RG,2830,10,D,CC,OD,D
10:29:45,PTBA,RG,2830,373,D,DX,OD,D
10:29:44,PTBA,RG,2830,1,F,CS,OD,D
10:29:44,PTBA,RG,2830,1,F,CS,OD,D
10:29:44,PTBA,RG,2830,1,F,CS,OD,D
10:29:44,PTBA,RG,2830,2,F,CS,OD,D
10:29:44,PTBA,RG,2830,30,D,BK,OD,D
10:29:44,PTBA,RG,2830,1,F,CS,OD,D
10:29:44,PTBA,RG,2830,117,D,DP,OD,D
10:29:44,PTBA,RG,2830,300,F,ZP,OD,D
10:29:43,PTBA,RG,2830,1,F,CS,OD,D
10:29:43,PTBA,RG,2830,2,F,CS,OD,D
10:29:43,PTBA,RG,2830,1,F,CS,OD,D
10:29:43,PTBA,RG,2830,87,F,AK,OD,D
10:29:43,PTBA,RG,2830,10,D,IU,OD,D
10:29:43,PTBA,RG,2830,325,D,BK,OD,D
10:29:43,PTBA,RG,2830,660,F,BK,OD,D
10:29:43,PTBA,RG,2830,22,F,CC,OD,D
10:29:43,PTBA,RG,2830,11,D,DP,OD,D
10:29:43,PTBA,RG,2830,9,F,ZP,OD,D
10:29:43,PTBA,RG,2830,118,D,DP,OD,D
10:29:43,PTBA,RG,2830,201,F,ZP,OD,D
10:29:43,PTBA,RG,2830,2,F,CS,OD,D
10:29:43,PTBA,RG,2830,200,F,ZP,OD,D
10:29:43,PTBA,RG,2830,122,F,ZP,OD,D
10:29:43,PTBA,RG,2830,2,F,CS,OD,D
10:29:43,PTBA,RG,2830,132,F,AK,OD,D
10:29:43,PTBA,RG,2840,362,D,DX,EP,D
10:29:41,PTBA,RG,2840,39,F,BK,EP,D
10:29:36,PTBA,RG,2840,75,F,BK,EP,D
10:29:33,PTBA,RG,2840,10,F,YB,EP,D
10:29:32,PTBA,RG,2840,396,F,BK,EP,D
10:29:32,PTBA,RG,2840,15,F,BK,CC,D
10:29:32,PTBA,RG,2840,2,F,BK,NI,D
10:29:32,PTBA,RG,2840,140,F,BK,KK,D
10:29:28,PTBA,RG,2830,5,F,AK,AK,F
10:29:28,PTBA,RG,2830,3,F,AK,CC,D
10:29:28,PTBA,RG,2830,2,F,AK,XC,D
10:29:28,PTBA,RG,2830,5,F,AK,PD,D
10:29:28,PTBA,RG,2830,2,F,AK,XC,D
10:29:28,PTBA,RG,2830,30,F,AK,YU,D
10:29:28,PTBA,RG,2830,1,F,AK,YP,D
10:29:28,PTBA,RG,2830,1,F,AK,NI,D
10:29:28,PTBA,RG,2830,1,F,AK,XC,D
10:29:28,PTBA,RG,2830,19,F,AK,YP,D
10:29:27,PTBA,RG,2830,64,F,ZP,YP,D
10:29:27,PTBA,RG,2830,4,F,CS,YP,D
10:29:27,PTBA,RG,2830,8,D,ES,YP,D
10:29:27,PTBA,RG,2830,3,D,ES,XC,D
10:29:27,PTBA,RG,2830,2,D,ES,XC,D
10:29:27,PTBA,RG,2830,55,D,ES,PD,D
10:29:27,PTBA,RG,2830,330,D,ES,YP,D
10:29:27,PTBA,RG,2830,10,D,ES,CC,D
10:29:27,PTBA,RG,2830,25,D,ES,CC,D
10:29:27,PTBA,RG,2830,2,D,ES,AT,D
10:29:27,PTBA,RG,2830,2,D,ES,PD,D
10:29:27,PTBA,RG,2830,50,D,ES,PD,D
10:29:27,PTBA,RG,2830,3,D,ES,DH,D
10:29:27,PTBA,RG,2830,50,D,ES,NI,D
10:29:27,PTBA,RG,2830,500,D,ES,YP,D
10:29:27,PTBA,RG,2830,200,D,ES,GR,D
10:29:27,PTBA,RG,2830,2000,D,ES,OD,D
10:29:27,PTBA,RG,2830,3,D,ES,PD,D
10:29:27,PTBA,RG,2830,1,D,ES,NI,D
10:29:27,PTBA,RG,2830,30,D,ES,YP,D
10:29:27,PTBA,RG,2830,10,D,ES,YP,D
10:29:27,PTBA,RG,2830,200,D,ES,CP,D
10:29:27,PTBA,RG,2830,1,D,ES,LG,D
10:29:27,PTBA,RG,2830,5,D,ES,YB,D
10:29:27,PTBA,RG,2830,8,D,ES,YP,D
10:29:27,PTBA,RG,2830,1,D,ES,AT,D
10:29:27,PTBA,RG,2830,3,D,ES,YP,D
10:29:27,PTBA,RG,2830,20,D,ES,CP,D
10:29:27,PTBA,RG,2830,1000,D,ES,ZP,D
10:29:27,PTBA,RG,2830,1,D,ES,KK,D
10:29:27,PTBA,RG,2830,100,D,ES,DH,D
10:29:27,PTBA,RG,2830,4,D,ES,YP,D
10:29:27,PTBA,RG,2830,5,D,ES,DH,D
10:29:27,PTBA,RG,2830,5,D,ES,CC,D
10:29:27,PTBA,RG,2830,100,D,ES,KK,D
10:29:27,PTBA,RG,2830,400,D,ES,OD,D
10:29:27,PTBA,RG,2830,1,D,ES,XC,D
10:29:27,PTBA,RG,2830,100,D,ES,DR,D
10:29:27,PTBA,RG,2830,2,D,ES,DH,D
10:29:27,PTBA,RG,2830,5,D,ES,PD,D
10:29:27,PTBA,RG,2830,2,D,ES,XC,D
10:29:27,PTBA,RG,2830,20,D,ES,OD,D
10:29:27,PTBA,RG,2830,35,D,ES,YP,D
10:29:27,PTBA,RG,2830,20,D,ES,NI,D
10:29:27,PTBA,RG,2830,10,D,ES,DR,D
10:29:27,PTBA,RG,2830,32,D,ES,NI,D
10:29:27,PTBA,RG,2830,2,D,ES,YP,D
10:29:27,PTBA,RG,2830,13,D,ES,GR,D
10:29:27,PTBA,RG,2830,40,D,ES,PD,D
10:29:27,PTBA,RG,2830,5,D,ES,CC,D
10:29:27,PTBA,RG,2830,10,D,ES,OD,D
10:29:27,PTBA,RG,2830,1,D,ES,CC,D
10:29:27,PTBA,RG,2830,100,D,ES,ZP,D
10:29:27,PTBA,RG,2830,20,D,ES,AZ,D
10:29:27,PTBA,RG,2830,484,D,ES,AK,F
10:29:27,PTBA,RG,2830,5,D,ES,SQ,D
10:29:27,PTBA,RG,2830,1,D,ES,YP,D
10:29:27,PTBA,RG,2830,1,D,ES,PD,D
10:29:27,PTBA,RG,2830,150,D,ES,YP,D
10:29:27,PTBA,RG,2830,304,D,ES,AO,D
10:29:02,PTBA,RG,2830,7,D,DR,AO,D
10:28:47,PTBA,RG,2830,2,F,AK,AO,D
10:28:45,PTBA,RG,2830,60,F,ZP,AO,D
10:28:32,PTBA,RG,2830,2,F,AK,AO,D
10:28:30,PTBA,RG,2820,40,F,BK,DH,D
10:28:30,PTBA,RG,2820,34,D,BK,DH,D
10:28:22,PTBA,RG,2830,1,D,NI,AO,D
10:28:07,PTBA,RG,2830,3,F,AK,AO,D
10:28:06,PTBA,RG,2820,5,D,BK,YB,D
10:28:06,PTBA,RG,2820,1,D,BK,NI,D
10:27:57,PTBA,RG,2830,36,D,BK,AO,D
10:27:44,PTBA,RG,2830,63,F,ZP,AO,D
10:27:25,PTBA,RG,2830,5,D,PD,AO,D
10:27:19,PTBA,RG,2830,34,F,AK,AO,D
10:27:10,PTBA,RG,2830,447,D,DX,AO,D
10:27:06,PTBA,RG,2830,36,F,ZP,AO,D
10:27:06,PTBA,RG,2830,2,F,ZP,XC,D
10:27:06,PTBA,RG,2830,24,F,ZP,PD,D
10:27:05,PTBA,RG,2830,6,D,DX,PD,D
10:27:05,PTBA,RG,2830,1,D,DX,PD,D
10:27:05,PTBA,RG,2830,4,D,DX,XC,D
10:27:05,PTBA,RG,2830,10,D,DX,SQ,D
10:27:05,PTBA,RG,2830,10,D,DX,EP,D
10:27:05,PTBA,RG,2830,389,D,DX,GR,D
10:27:02,PTBA,RG,2830,60,F,ZP,GR,D
10:27:01,PTBA,RG,2820,5,D,BK,XC,D
10:27:00,PTBA,RG,2830,64,F,ZP,GR,D
10:26:59,PTBA,RG,2830,20,D,PD,GR,D
10:26:58,PTBA,RG,2830,19,F,AK,GR,D
10:26:57,PTBA,RG,2830,201,F,ZP,GR,D
10:26:49,PTBA,RG,2820,70,F,ZP,AZ,D
10:26:43,PTBA,RG,2820,2,F,ZP,PD,D
10:26:21,PTBA,RG,2820,4,F,ZP,PD,D
10:26:19,PTBA,RG,2820,45,F,ZP,DR,D
10:26:19,PTBA,RG,2820,2,D,KK,DR,D
10:26:19,PTBA,RG,2820,4,D,DR,DR,D
10:26:19,PTBA,RG,2820,1,D,PD,DR,D
10:26:19,PTBA,RG,2820,47,F,ZP,DR,D
10:26:19,PTBA,RG,2820,3,F,CS,DR,D
10:26:19,PTBA,RG,2820,2,F,CS,DR,D
10:26:19,PTBA,RG,2820,60,F,ZP,DR,D
10:26:19,PTBA,RG,2820,36,D,BK,DR,D
10:26:00,PTBA,RG,2820,2,D,BK,PD,D
10:25:54,PTBA,RG,2820,8,D,BK,CC,D
10:25:54,PTBA,RG,2820,1,D,BQ,CC,D
10:25:54,PTBA,RG,2820,1,D,CC,CC,D
10:25:54,PTBA,RG,2820,2,D,PD,CC,D
10:25:54,PTBA,RG,2820,13,D,YP,CC,D
10:25:41,PTBA,RG,2830,120,F,ZP,GR,D
10:25:30,PTBA,RG,2830,1,D,PD,GR,D
10:25:29,PTBA,RG,2830,2,D,XL,GR,D
10:25:22,PTBA,RG,2820,1,D,YP,XL,D
10:25:03,PTBA,RG,2830,83,F,AK,GR,D
10:25:02,PTBA,RG,2830,34,D,BK,GR,D
10:24:36,PTBA,RG,2830,7,F,ZP,GR,D
10:24:36,PTBA,RG,2830,3,F,ZP,PD,D
10:24:36,PTBA,RG,2830,1,F,ZP,XC,D
10:24:36,PTBA,RG,2830,1,F,ZP,XC,D
10:24:36,PTBA,RG,2830,1,F,ZP,HP,D
10:24:36,PTBA,RG,2830,10,F,ZP,CC,D
10:24:36,PTBA,RG,2830,2,F,ZP,LG,D
10:24:36,PTBA,RG,2830,2,F,ZP,NI,D
10:24:36,PTBA,RG,2830,36,F,ZP,PD,D
10:24:32,PTBA,RG,2830,1,D,PD,PD,D
10:24:30,PTBA,RG,2820,7,D,YP,PD,D
10:24:29,PTBA,RG,2830,321,D,DX,PD,D
10:24:29,PTBA,RG,2830,1,D,DX,NI,D
10:24:29,PTBA,RG,2830,3,D,DX,PD,D
10:24:29,PTBA,RG,2830,1,D,DX,EP,D
10:24:28,PTBA,RG,2830,99,D,DX,EP,D
10:24:28,PTBA,RG,2830,3,D,DX,PD,D
10:24:28,PTBA,RG,2830,4,D,DX,AZ,D
10:24:28,PTBA,RG,2830,5,D,DX,YP,D
10:24:28,PTBA,RG,2830,38,D,DX,EP,D
10:24:28,PTBA,RG,2830,32,D,DX,XL,D
10:24:28,PTBA,RG,2830,3,D,DX,XC,D
10:24:28,PTBA,RG,2830,210,D,DX,OD,D
10:24:27,PTBA,RG,2830,1,D,PD,OD,D
10:24:20,PTBA,RG,2830,1,D,PD,OD,D
10:24:18,PTBA,RG,2820,3,D,YP,XL,D
10:24:10,PTBA,RG,2830,53,D,PD,OD,D
10:24:06,PTBA,RG,2830,64,F,ZP,OD,D
10:24:02,PTBA,RG,2820,1,D,YP,NI,D
10:24:00,PTBA,RG,2830,64,F,ZP,OD,D
10:23:56,PTBA,RG,2830,88,F,ZP,OD,D
10:23:48,PTBA,RG,2830,32,D,BK,OD,D
10:23:28,PTBA,RG,2820,1,D,YP,PD,D
10:23:26,PTBA,RG,2830,91,F,ZP,OD,D
10:23:14,PTBA,RG,2820,1,D,YP,XC,D
10:23:07,PTBA,RG,2820,13,D,YP,NI,D
10:23:07,PTBA,RG,2820,17,F,ZP,NI,D
10:22:56,PTBA,RG,2830,87,F,ZP,OD,D
10:22:53,PTBA,RG,2830,2,D,XC,OD,D
10:22:40,PTBA,RG,2830,32,D,BK,OD,D
10:22:30,PTBA,RG,2830,91,F,ZP,OD,D
10:21:59,PTBA,RG,2830,91,F,ZP,OD,D
10:21:50,PTBA,RG,2830,333,D,DX,OD,D
10:21:46,PTBA,RG,2830,317,D,DX,OD,D
10:21:28,PTBA,RG,2830,95,F,ZP,OD,D
10:21:01,PTBA,RG,2830,65,F,ZP,OD,D
10:21:00,PTBA,RG,2830,94,F,ZP,OD,D
10:20:57,PTBA,RG,2830,144,F,ZP,OD,D
10:20:39,PTBA,RG,2820,12,F,ZP,YP,D
10:20:39,PTBA,RG,2820,10,D,PD,YP,D
10:20:39,PTBA,RG,2820,2,F,CS,YP,D
10:20:39,PTBA,RG,2820,48,D,BK,YP,D
10:20:19,PTBA,RG,2830,45,F,AK,OD,D
10:20:19,PTBA,RG,2830,1,F,AK,PD,D
10:20:19,PTBA,RG,2830,1,F,AK,XC,D
10:20:19,PTBA,RG,2830,65,F,AK,YP,D
10:20:19,PTBA,RG,2830,99,F,AK,OD,D
10:20:19,PTBA,RG,2830,1,F,AK,CC,D
10:20:19,PTBA,RG,2830,1,F,AK,PD,D
10:20:19,PTBA,RG,2830,10,F,AK,NI,D
10:20:19,PTBA,RG,2830,1,F,AK,YP,D
10:20:19,PTBA,RG,2830,4,F,AK,KK,D
10:20:00,PTBA,RG,2820,1,F,AK,PD,D
10:19:54,PTBA,RG,2830,46,D,AZ,KK,D
10:19:54,PTBA,RG,2830,5,D,AZ,PD,D
10:19:54,PTBA,RG,2830,2,D,AZ,GR,D
10:19:54,PTBA,RG,2830,2,D,AZ,YP,D
10:19:54,PTBA,RG,2830,50,D,AZ,PD,D
10:19:54,PTBA,RG,2830,64,D,AZ,PD,D
10:19:42,PTBA,RG,2830,31,D,BK,PD,D
10:19:27,PTBA,RG,2830,5,D,XC,PD,D
10:19:18,PTBA,RG,2830,110,D,DX,PD,D
10:19:18,PTBA,RG,2830,2,D,DX,XC,D
10:19:18,PTBA,RG,2830,25,D,DX,CC,D
10:19:18,PTBA,RG,2830,1,D,DX,AZ,D
10:19:18,PTBA,RG,2830,10,D,DX,CC,D
10:19:18,PTBA,RG,2830,223,D,DX,AT,D
10:19:12,PTBA,RG,2830,348,D,DX,AT,D
10:19:08,PTBA,RG,2820,5,F,AK,SQ,D
10:19:04,PTBA,RG,2820,2,F,AK,PD,D
10:18:46,PTBA,RG,2830,2,D,YP,AT,D
10:18:45,PTBA,RG,2830,201,F,ZP,AT,D
10:18:26,PTBA,RG,2830,32,D,BK,AT,D
10:18:23,PTBA,RG,2830,5,D,XC,AT,D
10:18:21,PTBA,RG,2830,34,D,DP,AT,D
10:18:16,PTBA,RG,2830,155,F,ZP,AT,D
10:18:16,PTBA,RG,2830,48,F,ZP,DR,D
10:18:07,PTBA,RG,2830,2,D,DP,DR,D
10:18:00,PTBA,RG,2830,2,F,ZP,NI,D
10:18:00,PTBA,RG,2830,10,F,ZP,DR,D
10:18:00,PTBA,RG,2830,1,F,ZP,KK,D
10:18:00,PTBA,RG,2830,1,F,ZP,NI,D
10:18:00,PTBA,RG,2830,16,F,ZP,EP,D
10:18:00,PTBA,RG,2830,1,F,ZP,CC,D
10:18:00,PTBA,RG,2830,170,F,ZP,CS,F
10:17:53,PTBA,RG,2830,10,F,CS,CS,F
10:17:52,PTBA,RG,2830,127,F,ZP,CS,F
10:17:52,PTBA,RG,2830,100,F,ZP,KK,D
10:17:52,PTBA,RG,2830,9,F,ZP,EP,D
10:17:44,PTBA,RG,2820,1,F,AK,PD,D
10:17:44,PTBA,RG,2820,1,D,AZ,PD,D
10:17:33,PTBA,RG,2820,6,D,AZ,XC,D
10:17:31,PTBA,RG,2820,10,D,AZ,CC,D
10:17:23,PTBA,RG,2820,4,D,AZ,YP,D
10:17:04,PTBA,RG,2820,5,D,AZ,CC,D
10:16:58,PTBA,RG,2830,144,F,ZP,BK,F
10:16:40,PTBA,RG,2830,405,D,DX,BK,F
10:16:28,PTBA,RG,2830,152,F,ZP,BK,F
10:16:27,PTBA,RG,2830,129,D,DX,BK,F
10:16:27,PTBA,RG,2830,238,D,DX,AK,F
10:16:27,PTBA,RG,2830,5,D,DX,EP,D
10:16:27,PTBA,RG,2830,30,D,DX,YP,D
10:16:23,PTBA,RG,2820,1,D,AZ,XC,D
10:16:01,PTBA,RG,2830,45,D,EP,YP,D
10:16:01,PTBA,RG,2830,13,D,EP,PD,D
10:16:01,PTBA,RG,2830,2,D,EP,LG,D
10:16:01,PTBA,RG,2830,10,D,EP,YP,D
10:16:01,PTBA,RG,2830,5,D,EP,NI,D
10:16:01,PTBA,RG,2830,50,D,EP,YP,D
10:16:01,PTBA,RG,2830,125,D,EP,KK,D
10:16:00,PTBA,RG,2820,1,D,AZ,XC,D
10:16:00,PTBA,RG,2820,206,D,AZ,LG,D
10:15:49,PTBA,RG,2830,184,F,ZP,KK,D
10:15:11,PTBA,RG,2830,2,D,XC,KK,D
10:14:48,PTBA,RG,2830,2,D,DP,KK,D
10:14:42,PTBA,RG,2820,3,D,AZ,PD,D
10:14:37,PTBA,RG,2830,60,F,ZP,KK,D
10:14:35,PTBA,RG,2820,7,D,AZ,XL,D
10:14:29,PTBA,RG,2830,38,D,DP,KK,D
10:14:09,PTBA,RG,2830,3,D,XC,KK,D
10:14:00,PTBA,RG,2830,62,F,ZP,KK,D
10:13:55,PTBA,RG,2820,3,D,AZ,PD,D
10:13:54,PTBA,RG,2830,341,D,DX,KK,D
10:13:51,PTBA,RG,2830,427,D,DX,KK,D
10:13:41,PTBA,RG,2830,88,F,ZP,KK,D
10:13:18,PTBA,RG,2830,30,D,CC,KK,D
10:13:08,PTBA,RG,2830,92,F,ZP,KK,D
10:13:03,PTBA,RG,2830,1,D,XC,KK,D
10:13:00,PTBA,RG,2830,45,F,ZP,KK,D
10:13:00,PTBA,RG,2830,25,F,ZP,XC,D
10:13:00,PTBA,RG,2830,20,F,ZP,GR,D
10:12:57,PTBA,RG,2830,15,D,PD,GR,D
10:12:50,PTBA,RG,2820,30,D,AZ,CC,D
10:12:49,PTBA,RG,2830,118,F,ZP,GR,D
10:12:26,PTBA,RG,2820,5,D,AZ,NI,D
10:12:21,PTBA,RG,2820,40,D,AZ,KK,D
10:12:21,PTBA,RG,2830,113,F,ZP,GR,D
10:12:02,PTBA,RG,2820,10,D,AZ,XL,D
10:11:49,PTBA,RG,2830,115,F,ZP,GR,D
10:11:34,PTBA,RG,2820,5,D,AZ,ZP,D
10:11:19,PTBA,RG,2830,347,D,DX,GR,D
10:11:15,PTBA,RG,2820,1,D,AZ,PD,D
10:11:12,PTBA,RG,2830,272,D,DX,GR,D
10:11:12,PTBA,RG,2830,100,D,DX,DH,D
10:11:12,PTBA,RG,2830,7,D,DX,AT,D
10:11:09,PTBA,RG,2820,2,D,AZ,PD,D
10:10:49,PTBA,RG,2820,11,D,AZ,GR,D
10:10:46,PTBA,RG,2830,62,F,ZP,AT,D
10:10:46,PTBA,RG,2830,30,F,ZP,NI,D
10:10:32,PTBA,RG,2820,5,D,AZ,KK,D
10:10:16,PTBA,RG,2830,5,F,ZP,NI,D
10:10:16,PTBA,RG,2830,89,F,ZP,DR,D
10:10:07,PTBA,RG,2830,11,F,ZP,DR,D
10:10:07,PTBA,RG,2830,1,F,ZP,XC,D
10:10:07,PTBA,RG,2830,2,F,ZP,KK,D
10:10:07,PTBA,RG,2830,5,F,ZP,SQ,D
10:10:07,PTBA,RG,2830,1,F,ZP,GR,D
10:10:07,PTBA,RG,2830,1,F,ZP,CC,D
10:10:07,PTBA,RG,2830,23,F,ZP,XC,D
10:10:07,PTBA,RG,2830,20,F,ZP,KK,D
10:10:07,PTBA,RG,2830,2,F,ZP,PD,D
10:10:07,PTBA,RG,2830,10,F,ZP,PD,D
10:10:07,PTBA,RG,2830,12,F,ZP,YB,D
10:10:00,PTBA,RG,2830,5,F,ZP,YB,D
10:10:00,PTBA,RG,2830,85,F,ZP,YP,D
