Time,Stock,Brd,Price,Qty,BT,BC,SC,ST
15:14:54,PTBA,RG,3700,11,D,YP,DX,D
15:14:38,PTBA,RG,3700,9,D,YP,DX,D
15:14:36,PTBA,RG,3700,6,D,YP,PD,D
15:14:17,PTBA,RG,3700,5,D,CC,OD,D
15:14:17,PTBA,RG,3700,2,D,ZP,OD,D
15:14:17,PTBA,RG,3700,13,D,YP,OD,D
15:14:08,PTBA,RG,3700,2,D,YP,XL,D
15:13:05,PTBA,RG,3700,100,D,YP,HD,D
15:12:27,PTBA,RG,3700,30,D,YP,AI,D
15:12:06,PTBA,RG,3700,1,D,YP,CC,D
15:11:50,PTBA,RG,3700,124,D,YP,PD,D
15:11:50,PTBA,RG,3700,16,D,HD,PD,D
15:11:12,PTBA,RG,3700,4,D,HD,YP,D
15:11:12,PTBA,RG,3700,80,D,HD,PD,D
15:10:59,PTBA,RG,3700,5,D,CC,PD,D
15:10:46,PTBA,RG,3700,1,D,CC,PD,D
15:10:23,PTBA,RG,3700,54,D,HD,PD,D
15:10:23,PTBA,RG,3700,10,D,HD,KK,D
15:10:23,PTBA,RG,3700,25,D,HD,LG,D
15:10:23,PTBA,RG,3700,2,D,HD,PD,D
15:10:23,PTBA,RG,3700,9,D,HD,YP,D
15:10:11,PTBA,RG,3700,3,D,YP,YP,D
15:10:11,PTBA,RG,3700,3,D,ZP,YP,D
15:10:11,PTBA,RG,3700,5,D,ZP,AG,D
15:10:11,PTBA,RG,3700,22,D,ZP,DH,D
15:10:04,PTBA,RG,3700,30,D,YU,DH,D
15:08:55,PTBA,RG,3700,13,D,CC,DH,D
15:08:11,PTBA,RG,3700,2,D,XC,DH,D
15:07:34,PTBA,RG,3700,1,D,XC,DH,D
15:07:29,PTBA,RG,3700,20,D,PD,DH,D
15:07:29,PTBA,RG,3700,100,D,PD,CP,D
15:07:29,PTBA,RG,3700,5,D,PD,SQ,D
15:07:29,PTBA,RG,3700,14,D,PD,NI,D
15:07:29,PTBA,RG,3700,12,D,PD,AT,D
15:07:29,PTBA,RG,3700,29,D,PD,YP,D
15:06:41,PTBA,RG,3700,11,D,TF,YP,D
15:06:41,PTBA,RG,3700,489,D,TF,RF,D
15:06:10,PTBA,RG,3700,10,D,CC,RF,D
15:05:59,PTBA,RG,3700,1,D,PD,RF,D
15:05:27,PTBA,RG,3700,13,D,CC,GR,D
15:04:43,PTBA,RG,3700,6,D,XL,GR,D
15:03:45,PTBA,RG,3700,100,D,GR,GR,D
15:03:45,PTBA,RG,3700,141,D,HD,GR,D
15:03:45,PTBA,RG,3700,15,D,HD,PD,D
15:03:45,PTBA,RG,3700,50,D,HD,SQ,D
15:03:45,PTBA,RG,3700,6,D,HD,XC,D
15:03:45,PTBA,RG,3700,288,D,HD,YP,D
15:03:43,PTBA,RG,3700,20,D,CC,YP,D
15:03:34,PTBA,RG,3700,25,D,YP,YP,D
15:03:31,PTBA,RG,3700,500,D,NI,YP,D
15:03:25,PTBA,RG,3700,1297,D,YU,YP,D
15:03:25,PTBA,RG,3700,1,D,YU,PD,D
15:03:25,PTBA,RG,3700,3,D,YU,YP,D
15:03:25,PTBA,RG,3700,1,D,YU,EP,D
15:03:25,PTBA,RG,3700,21,D,YU,KK,D
15:03:25,PTBA,RG,3700,1,D,YU,XC,D
15:03:25,PTBA,RG,3700,25,D,YU,YP,D
15:03:25,PTBA,RG,3700,2,D,YU,DR,D
15:03:25,PTBA,RG,3700,50,D,YU,YP,D
15:03:25,PTBA,RG,3700,14,D,YU,YB,D
15:03:25,PTBA,RG,3700,1,D,YU,KK,D
15:03:25,PTBA,RG,3700,10,D,YU,KK,D
15:03:25,PTBA,RG,3700,25,D,YU,IF,D
15:03:25,PTBA,RG,3700,22,D,YU,XC,D
15:03:25,PTBA,RG,3700,150,D,YU,PD,D
15:03:25,PTBA,RG,3700,3,D,YU,DX,D
15:03:25,PTBA,RG,3700,2,D,YU,YU,D
15:03:25,PTBA,RG,3700,250,D,YU,YP,D
15:03:25,PTBA,RG,3700,20,D,YU,PD,D
15:03:25,PTBA,RG,3700,1,D,YU,CC,D
15:03:25,PTBA,RG,3700,1,D,YU,XC,D
15:03:25,PTBA,RG,3700,8,D,YU,YP,D
15:03:25,PTBA,RG,3700,5,D,YU,NI,D
15:03:25,PTBA,RG,3700,14,D,YU,KK,D
15:03:25,PTBA,RG,3700,5,D,YU,XC,D
15:03:25,PTBA,RG,3700,1,D,YU,XC,D
15:03:25,PTBA,RG,3700,2,D,YU,CC,D
15:03:25,PTBA,RG,3700,30,D,YU,BQ,D
15:03:25,PTBA,RG,3700,2,D,YU,PD,D
15:03:25,PTBA,RG,3700,1,D,YU,CC,D
15:03:25,PTBA,RG,3700,30,D,YU,OD,D
15:03:25,PTBA,RG,3700,5,D,YU,CC,D
15:03:25,PTBA,RG,3700,12,D,YU,KK,D
15:03:25,PTBA,RG,3700,10,D,YU,NI,D
15:03:25,PTBA,RG,3700,2,D,YU,SQ,D
15:03:25,PTBA,RG,3700,20,D,YU,CC,D
15:03:25,PTBA,RG,3700,10,D,YU,NI,D
15:03:25,PTBA,RG,3700,1,D,YU,XC,D
15:03:25,PTBA,RG,3700,100,D,YU,PD,D
15:03:25,PTBA,RG,3700,10,D,YU,PD,D
15:03:25,PTBA,RG,3700,6,D,YU,CC,D
15:03:25,PTBA,RG,3700,3,D,YU,DX,D
15:03:25,PTBA,RG,3700,5,D,YU,CC,D
15:03:25,PTBA,RG,3700,2,D,YU,YP,D
15:03:25,PTBA,RG,3700,2,D,YU,CC,D
15:03:25,PTBA,RG,3700,250,D,YU,YP,D
15:03:25,PTBA,RG,3700,137,D,YU,HP,D
15:03:25,PTBA,RG,3700,600,D,YU,CC,D
15:03:25,PTBA,RG,3700,20,D,YU,YP,D
15:03:25,PTBA,RG,3700,15,D,YU,KK,D
15:03:25,PTBA,RG,3700,1,D,YU,KK,D
15:03:25,PTBA,RG,3700,5,D,YU,PD,D
15:03:25,PTBA,RG,3700,10,D,YU,CP,D
15:03:25,PTBA,RG,3700,3,D,YU,PD,D
15:03:25,PTBA,RG,3700,10,D,YU,XL,D
15:03:25,PTBA,RG,3700,10,D,YU,NI,D
15:03:25,PTBA,RG,3700,1,D,YU,PD,D
15:03:25,PTBA,RG,3700,8,D,YU,SQ,D
15:03:25,PTBA,RG,3700,8,D,YU,NI,D
15:03:25,PTBA,RG,3700,1,D,YU,PD,D
15:03:25,PTBA,RG,3700,1,D,YU,NI,D
15:03:25,PTBA,RG,3700,10,D,YU,PD,D
15:03:25,PTBA,RG,3700,10,D,YU,KK,D
15:03:25,PTBA,RG,3700,350,D,YU,YU,D
15:03:25,PTBA,RG,3700,1,D,YU,PD,D
15:03:25,PTBA,RG,3700,3,D,YU,DX,D
15:03:25,PTBA,RG,3700,170,D,YU,CC,D
15:03:25,PTBA,RG,3700,1,D,YU,XC,D
15:03:25,PTBA,RG,3700,5,D,YU,PD,D
15:03:25,PTBA,RG,3700,100,D,YU,ZR,D
15:03:25,PTBA,RG,3700,99,D,YU,CC,D
15:03:25,PTBA,RG,3700,1000,D,YU,RF,D
15:03:25,PTBA,RG,3700,50,D,YU,SQ,D
15:03:25,PTBA,RG,3700,50,D,YU,PD,D
15:03:25,PTBA,RG,3700,20,D,YU,KK,D
15:03:25,PTBA,RG,3700,180,D,YU,CC,D
15:03:25,PTBA,RG,3700,2,D,YU,DH,D
15:03:25,PTBA,RG,3700,5,D,YU,PD,D
15:03:25,PTBA,RG,3700,250,D,YU,CC,D
15:03:25,PTBA,RG,3700,5,D,YU,PD,D
15:03:25,PTBA,RG,3700,10,D,YU,YP,D
15:03:25,PTBA,RG,3700,4,D,YU,YP,D
15:03:25,PTBA,RG,3700,10,D,YU,CC,D
15:03:25,PTBA,RG,3700,1,D,YU,XC,D
15:03:25,PTBA,RG,3700,10,D,YU,AR,D
15:03:25,PTBA,RG,3700,20,D,YU,PD,D
15:03:25,PTBA,RG,3700,5,D,YU,AI,D
15:03:25,PTBA,RG,3700,20,D,YU,AI,D
15:03:25,PTBA,RG,3700,20,D,YU,NI,D
15:03:25,PTBA,RG,3700,1,D,YU,XL,D
15:03:25,PTBA,RG,3700,33,D,YU,YP,D
15:03:25,PTBA,RG,3700,15,D,YU,YP,D
15:03:25,PTBA,RG,3700,20,D,YU,LS,D
15:03:25,PTBA,RG,3700,3,D,YU,XC,D
15:03:25,PTBA,RG,3700,30,D,YU,PD,D
15:03:25,PTBA,RG,3700,1,D,YU,PD,D
15:03:25,PTBA,RG,3700,20,D,YU,PD,D
15:03:25,PTBA,RG,3700,20,D,YU,GR,D
15:03:25,PTBA,RG,3700,1,D,YU,TP,D
15:03:25,PTBA,RG,3700,63,D,YU,PD,D
15:03:25,PTBA,RG,3700,1,D,YU,PD,D
15:03:25,PTBA,RG,3700,10,D,YU,SQ,D
15:03:25,PTBA,RG,3700,5,D,YU,PD,D
15:03:25,PTBA,RG,3700,1,D,YU,DX,D
15:03:25,PTBA,RG,3700,40,D,YU,ZP,D
15:03:25,PTBA,RG,3700,10,D,YU,PD,D
15:03:25,PTBA,RG,3700,2049,D,YU,YU,D
15:03:21,PTBA,RG,3700,2,D,YP,YU,D
15:03:07,PTBA,RG,3700,140,D,PD,YU,D
15:02:36,PTBA,RG,3700,300,D,LG,YU,D
15:01:59,PTBA,RG,3700,7,D,CC,YU,D
15:01:40,PTBA,RG,3700,50,D,YP,YU,D
15:01:22,PTBA,RG,3700,1,D,DR,YU,D
15:01:22,PTBA,RG,3700,11,D,GR,YU,D
15:01:02,PTBA,RG,3700,2,D,OD,YU,D
15:01:00,PTBA,RG,3700,5,D,AZ,YU,D
15:01:00,PTBA,RG,3700,433,D,YB,YU,D
15:01:00,PTBA,RG,3700,7,D,YB,YU,D
15:01:00,PTBA,RG,3700,5,D,YB,HP,D
15:01:00,PTBA,RG,3700,55,D,YB,XC,D
15:01:00,PTBA,RG,3700,97,D,CP,XC,D
15:01:00,PTBA,RG,3700,10,D,CP,GR,D
15:01:00,PTBA,RG,3700,1,D,CP,XC,D
15:01:00,PTBA,RG,3700,2,D,CP,XL,D
15:01:00,PTBA,RG,3700,49,D,CP,CC,D
15:01:00,PTBA,RG,3700,22,D,CP,PD,D
15:01:00,PTBA,RG,3700,5,D,CP,PD,D
15:01:00,PTBA,RG,3700,1,D,CP,PD,D
15:01:00,PTBA,RG,3700,15,D,CP,YP,D
15:00:00,PTBA,RG,3700,35,D,GR,YP,D
15:00:00,PTBA,RG,3700,5,D,GR,SQ,D
15:00:00,PTBA,RG,3700,100,D,GR,DR,D
15:00:00,PTBA,RG,3700,1,D,GR,PD,D
15:00:00,PTBA,RG,3700,75,D,GR,PD,D
15:00:00,PTBA,RG,3700,284,D,GR,ZP,D
15:00:00,PTBA,RG,3700,1,D,YP,ZP,D
15:00:00,PTBA,RG,3700,715,D,GR,ZP,D
15:00:00,PTBA,RG,3700,33,D,GR,PD,D
15:00:00,PTBA,RG,3700,30,D,GR,IF,D
15:00:00,PTBA,RG,3700,2,D,GR,GR,D
15:00:00,PTBA,RG,3700,720,D,GR,ZP,D
15:00:00,PTBA,RG,3700,20,D,CC,ZP,D
15:00:00,PTBA,RG,3700,100,D,YJ,ZP,D
15:00:00,PTBA,RG,3700,8,D,CC,ZP,D
15:00:00,PTBA,RG,3700,6,D,EP,ZP,D
15:00:00,PTBA,RG,3700,120,D,CC,ZP,D
15:00:00,PTBA,RG,3700,20,D,PD,ZP,D
15:00:00,PTBA,RG,3700,6,D,KI,ZP,D
15:00:00,PTBA,RG,3700,1,D,KI,XC,D
15:00:00,PTBA,RG,3700,2,D,KI,GR,D
15:00:00,PTBA,RG,3700,4,D,KI,PD,D
15:00:00,PTBA,RG,3700,15,D,KI,RG,D
15:00:00,PTBA,RG,3700,1,D,KI,CD,D
15:00:00,PTBA,RG,3700,1,D,KI,YP,D
15:00:00,PTBA,RG,3700,13,D,KI,XC,D
15:00:00,PTBA,RG,3700,1,D,KI,XC,D
15:00:00,PTBA,RG,3700,3,D,KI,YP,D
15:00:00,PTBA,RG,3700,25,D,KI,YP,D
15:00:00,PTBA,RG,3700,50,D,KI,LG,D
15:00:00,PTBA,RG,3700,7,D,KI,XC,D
15:00:00,PTBA,RG,3700,5,D,KI,PD,D
15:00:00,PTBA,RG,3700,1,D,KI,KK,D
15:00:00,PTBA,RG,3700,50,D,KI,PD,D
15:00:00,PTBA,RG,3700,3,D,KI,OD,D
15:00:00,PTBA,RG,3700,50,D,KI,BQ,D
15:00:00,PTBA,RG,3700,30,D,KI,YP,D
15:00:00,PTBA,RG,3700,18,D,KI,YP,D
15:00:00,PTBA,RG,3700,100,D,KI,OD,D
15:00:00,PTBA,RG,3700,1,D,KI,PD,D
15:00:00,PTBA,RG,3700,2,D,KI,PD,D
15:00:00,PTBA,RG,3700,150,D,KI,YP,D
15:00:00,PTBA,RG,3700,2,D,KI,PD,D
15:00:00,PTBA,RG,3700,5,D,KI,XC,D
15:00:00,PTBA,RG,3700,1,D,KI,XC,D
15:00:00,PTBA,RG,3700,453,D,KI,PD,D
15:00:00,PTBA,RG,3700,2,D,XC,PD,D
15:00:00,PTBA,RG,3700,195,D,YP,PD,D
15:00:00,PTBA,RG,3700,2,D,YP,PD,D
15:00:00,PTBA,RG,3700,1,D,YP,OD,D
15:00:00,PTBA,RG,3700,100,D,YP,BQ,D
15:00:00,PTBA,RG,3700,1,D,YP,XC,D
15:00:00,PTBA,RG,3700,1,D,YP,KK,D
15:00:00,PTBA,RG,3700,680,D,YP,GR,D
15:00:00,PTBA,RG,3700,20,D,YP,HD,D
15:00:00,PTBA,RG,3700,3,D,PD,HD,D
15:00:00,PTBA,RG,3700,53,D,YP,HD,D
15:00:00,PTBA,RG,3700,24,D,DR,HD,D
15:00:00,PTBA,RG,3700,1,D,DR,PD,D
15:00:00,PTBA,RG,3700,2,D,NI,PD,D
15:00:00,PTBA,RG,3700,10,D,NI,DR,D
15:00:00,PTBA,RG,3700,1,D,NI,PD,D
15:00:00,PTBA,RG,3700,2,D,NI,OD,D
15:00:00,PTBA,RG,3700,5,D,NI,PD,D
15:00:00,PTBA,RG,3700,1,D,XC,PD,D
15:00:00,PTBA,RG,3700,4,D,PD,PD,D
15:00:00,PTBA,RG,3700,1,D,PD,XC,D
15:00:00,PTBA,RG,3700,1,D,YB,XC,D
15:00:00,PTBA,RG,3700,1,D,YB,GR,D
15:00:00,PTBA,RG,3700,1,D,XC,GR,D
15:00:00,PTBA,RG,3700,48,D,YP,GR,D
15:00:00,PTBA,RG,3700,1,D,YP,XL,D
15:00:00,PTBA,RG,3700,2,D,YP,NI,D
15:00:00,PTBA,RG,3700,8,D,YP,NI,D
15:00:00,PTBA,RG,3700,10,D,NI,NI,D
15:00:00,PTBA,RG,3700,2,D,YU,NI,D
15:00:00,PTBA,RG,3700,34,D,YU,NI,D
15:00:00,PTBA,RG,3700,3,D,YU,NI,D
15:00:00,PTBA,RG,3700,1,D,YU,YP,D
15:00:00,PTBA,RG,3700,30,D,YU,YP,D
15:00:00,PTBA,RG,3700,10,D,YU,AT,D
15:00:00,PTBA,RG,3700,1,D,YU,YP,D
15:00:00,PTBA,RG,3700,50,D,YU,YP,D
15:00:00,PTBA,RG,3700,5,D,YU,PD,D
15:00:00,PTBA,RG,3700,17,D,YU,TF,D
15:00:00,PTBA,RG,3700,83,D,YU,TF,D
15:00:00,PTBA,RG,3700,1,D,YU,NI,D
15:00:00,PTBA,RG,3700,40,D,YU,MU,D
15:00:00,PTBA,RG,3700,1,D,YU,XC,D
15:00:00,PTBA,RG,3700,2,D,YU,EP,D
15:00:00,PTBA,RG,3700,1,D,YU,YP,D
15:00:00,PTBA,RG,3700,2,D,YU,XC,D
15:00:00,PTBA,RG,3700,3,D,YU,YP,D
15:00:00,PTBA,RG,3700,1,D,YU,PD,D
15:00:00,PTBA,RG,3700,100,D,YU,SQ,D
15:00:00,PTBA,RG,3700,20,D,YU,AG,D
15:00:00,PTBA,RG,3700,9,D,YU,PD,D
15:00:00,PTBA,RG,3700,3,D,YU,YP,D
15:00:00,PTBA,RG,3700,1,D,YU,SQ,D
15:00:00,PTBA,RG,3700,50,D,YU,YU,D
15:00:00,PTBA,RG,3700,60,D,YU,OD,D
15:00:00,PTBA,RG,3700,10,D,YU,KK,D
15:00:00,PTBA,RG,3700,50,D,YU,PD,D
15:00:00,PTBA,RG,3700,30,D,YU,PD,D
15:00:00,PTBA,RG,3700,2,D,YU,PD,D
15:00:00,PTBA,RG,3700,10,D,YU,SQ,D
15:00:00,PTBA,RG,3700,4,D,YU,KK,D
15:00:00,PTBA,RG,3700,2,D,YU,PD,D
15:00:00,PTBA,RG,3700,24,D,YU,PD,D
15:00:00,PTBA,RG,3700,25,D,YU,NI,D
15:00:00,PTBA,RG,3700,1,D,YU,PD,D
15:00:00,PTBA,RG,3700,1,D,YU,YP,D
15:00:00,PTBA,RG,3700,5,D,YU,XC,D
15:00:00,PTBA,RG,3700,3,D,YU,PD,D
15:00:00,PTBA,RG,3700,4,D,YU,KK,D
15:00:00,PTBA,RG,3700,1,D,YU,XL,D
15:00:00,PTBA,RG,3700,1,D,YU,NI,D
15:00:00,PTBA,RG,3700,1,D,YU,YP,D
15:00:00,PTBA,RG,3700,5,D,YU,YP,D
15:00:00,PTBA,RG,3700,100,D,YU,YP,D
15:00:00,PTBA,RG,3700,38,D,YU,CC,D
15:00:00,PTBA,RG,3700,1,D,YU,EP,D
15:00:00,PTBA,RG,3700,1,D,YU,KK,D
15:00:00,PTBA,RG,3700,3,D,YU,CC,D
15:00:00,PTBA,RG,3700,5,D,YU,PD,D
15:00:00,PTBA,RG,3700,20,D,YU,ZP,D
15:00:00,PTBA,RG,3700,164,D,YU,KK,D
15:00:00,PTBA,RG,3700,5,D,YU,DX,D
15:00:00,PTBA,RG,3700,50,D,YU,AI,D
15:00:00,PTBA,RG,3700,7,D,YU,GR,D
15:00:00,PTBA,RG,3700,20,D,YU,PD,D
15:00:00,PTBA,RG,3700,7,D,YU,YB,D
15:00:00,PTBA,RG,3700,120,D,YU,HD,D
15:00:00,PTBA,RG,3700,10,D,YU,AI,D
15:00:00,PTBA,RG,3700,1,D,YU,PD,D
15:00:00,PTBA,RG,3700,100,D,YU,LG,D
15:00:00,PTBA,RG,3700,5,D,YU,OD,D
15:00:00,PTBA,RG,3700,1,D,YU,PD,D
15:00:00,PTBA,RG,3700,100,D,YU,HP,D
15:00:00,PTBA,RG,3700,1,D,YU,PD,D
15:00:00,PTBA,RG,3700,5,D,YU,DX,D
15:00:00,PTBA,RG,3700,1,D,YU,CP,D
15:00:00,PTBA,RG,3700,4,D,YU,YP,D
15:00:00,PTBA,RG,3700,10,D,YU,IP,D
15:00:00,PTBA,RG,3700,10,D,YU,AI,D
15:00:00,PTBA,RG,3700,1696,D,YU,BQ,D
15:00:00,PTBA,RG,3700,21,F,SQ,BQ,D
15:00:00,PTBA,RG,3700,200,D,YU,BQ,D
15:00:00,PTBA,RG,3700,2,D,NI,BQ,D
15:00:00,PTBA,RG,3700,1,D,XC,BQ,D
15:00:00,PTBA,RG,3700,15,D,PD,BQ,D
15:00:00,PTBA,RG,3700,2,D,YP,BQ,D
15:00:00,PTBA,RG,3700,20,D,MG,BQ,D
15:00:00,PTBA,RG,3700,2,D,NI,BQ,D
15:00:00,PTBA,RG,3700,5,D,PD,BQ,D
15:00:00,PTBA,RG,3700,36,D,KI,BQ,D
15:00:00,PTBA,RG,3700,964,D,KI,BQ,D
15:00:00,PTBA,RG,3700,36,D,YP,BQ,D
15:00:00,PTBA,RG,3700,24,D,YP,XL,D
15:00:00,PTBA,RG,3700,4,D,BQ,XL,D
15:00:00,PTBA,RG,3700,20,D,BQ,YU,D
15:00:00,PTBA,RG,3700,10,D,BQ,DX,D
15:00:00,PTBA,RG,3700,10,D,BQ,GR,D
15:00:00,PTBA,RG,3700,25,D,BQ,GR,D
15:00:00,PTBA,RG,3700,131,D,BQ,ZP,F
15:00:00,PTBA,RG,3700,150,D,BQ,ZP,F
15:00:00,PTBA,RG,3700,225,D,BQ,ZP,F
15:00:00,PTBA,RG,3700,150,D,BQ,ZP,F
15:00:00,PTBA,RG,3700,150,D,BQ,ZP,F
15:00:00,PTBA,RG,3700,450,D,BQ,ZP,F
15:00:00,PTBA,RG,3700,300,D,BQ,ZP,F
15:00:00,PTBA,RG,3700,225,D,BQ,ZP,F
15:00:00,PTBA,RG,3700,300,D,BQ,ZP,F
15:00:00,PTBA,RG,3700,155,D,BQ,ZP,F
15:00:00,PTBA,RG,3700,145,D,BQ,KZ,D
15:00:00,PTBA,RG,3700,150,D,BQ,KZ,D
15:00:00,PTBA,RG,3700,300,D,BQ,KZ,D
15:00:00,PTBA,RG,3700,55,D,BQ,KZ,D
15:00:00,PTBA,RG,3700,245,D,BQ,CS,F
15:00:00,PTBA,RG,3700,300,D,BQ,CS,F
15:00:00,PTBA,RG,3700,100,D,CC,CS,F
15:00:00,PTBA,RG,3700,14,D,XC,CS,F
15:00:00,PTBA,RG,3700,20,F,ZP,CS,F
15:00:00,PTBA,RG,3700,250,F,ZP,OD,D
15:00:00,PTBA,RG,3700,127,F,AK,OD,D
15:00:00,PTBA,RG,3700,77,F,AK,OD,D
15:00:00,PTBA,RG,3700,574,F,BK,OD,D
15:00:00,PTBA,RG,3700,347,D,LG,OD,D
15:00:00,PTBA,RG,3700,115,D,LG,AK,F
15:00:00,PTBA,RG,3700,1,D,LG,AK,F
15:00:00,PTBA,RG,3700,104,D,LG,AK,F
15:00:00,PTBA,RG,3700,33,D,LG,YU,D
15:00:00,PTBA,RG,3700,81,D,LG,RX,D
14:49:56,PTBA,RG,3700,1,D,AK,KK,D
14:49:55,PTBA,RG,3690,1,D,YU,AK,F
14:49:54,PTBA,RG,3700,2,D,AK,KK,D
14:49:54,PTBA,RG,3700,1,D,AK,KK,D
14:49:54,PTBA,RG,3700,1,D,AK,KK,D
14:49:53,PTBA,RG,3700,1,D,AK,KK,D
14:49:53,PTBA,RG,3700,17,D,AK,KK,D
14:49:53,PTBA,RG,3700,4,D,AK,KK,D
14:49:51,PTBA,RG,3700,87,D,NI,KK,D
14:49:51,PTBA,RG,3700,1,D,XC,KK,D
14:49:45,PTBA,RG,3690,8,D,YU,AK,F
14:49:44,PTBA,RG,3700,1,D,AK,KK,D
14:49:44,PTBA,RG,3700,1,D,AK,KK,D
14:49:43,PTBA,RG,3690,5,D,YU,AK,F
14:49:43,PTBA,RG,3690,3,D,YU,AK,F
14:49:43,PTBA,RG,3690,2,D,YU,AK,F
14:49:41,PTBA,RG,3690,2,D,YU,NI,D
14:49:28,PTBA,RG,3700,1,F,BK,KK,D
14:49:23,PTBA,RG,3690,7,D,YU,YP,D
14:49:21,PTBA,RG,3690,10,D,YU,OD,D
14:49:19,PTBA,RG,3700,1,D,AK,KK,D
14:49:17,PTBA,RG,3700,8,D,BB,KK,D
14:49:17,PTBA,RG,3700,4,D,BB,KK,D
14:49:15,PTBA,RG,3700,1,D,BB,KK,D
14:49:15,PTBA,RG,3700,1,D,BB,KK,D
14:49:15,PTBA,RG,3700,2,D,BB,KK,D
14:49:15,PTBA,RG,3700,1,D,BB,KK,D
14:49:14,PTBA,RG,3700,2,D,BB,KK,D
14:49:14,PTBA,RG,3700,1,D,AK,KK,D
14:49:12,PTBA,RG,3690,10,D,YU,SQ,D
14:49:10,PTBA,RG,3700,1,D,AK,KK,D
14:49:09,PTBA,RG,3690,1,D,YU,BB,D
14:49:09,PTBA,RG,3690,10,D,YU,ZP,F
14:49:09,PTBA,RG,3690,7,D,YU,ZP,F
14:49:09,PTBA,RG,3700,1,D,BB,KK,D
14:49:08,PTBA,RG,3690,1,D,YU,RG,D
14:48:55,PTBA,RG,3700,1,D,AK,KK,D
14:48:54,PTBA,RG,3700,1,D,BB,KK,D
14:48:54,PTBA,RG,3700,2,D,BB,KK,D
14:48:50,PTBA,RG,3700,20,D,PD,KK,D
14:48:47,PTBA,RG,3700,1,D,AK,KK,D
14:48:46,PTBA,RG,3690,7,D,YU,BQ,D
14:48:39,PTBA,RG,3700,5,D,CC,KK,D
14:48:38,PTBA,RG,3700,1,D,BB,KK,D
14:48:34,PTBA,RG,3700,1,D,PD,KK,D
14:48:22,PTBA,RG,3700,1,D,AK,KK,D
14:48:22,PTBA,RG,3700,4,D,AK,KK,D
14:48:22,PTBA,RG,3700,1,D,AK,KK,D
14:48:21,PTBA,RG,3700,90,D,GR,KK,D
14:48:15,PTBA,RG,3700,1,D,AK,KK,D
14:48:14,PTBA,RG,3700,10,D,CC,KK,D
14:48:02,PTBA,RG,3700,1,D,AK,KK,D
14:48:01,PTBA,RG,3700,5,D,AK,KK,D
14:48:01,PTBA,RG,3700,1,D,AK,CC,D
14:48:01,PTBA,RG,3700,9,D,AK,CC,D
14:48:01,PTBA,RG,3700,18,D,AK,IT,D
14:48:01,PTBA,RG,3700,2,D,AK,IT,D
14:48:00,PTBA,RG,3700,16,D,AK,IT,D
14:48:00,PTBA,RG,3700,1,D,AK,IT,D
14:48:00,PTBA,RG,3700,213,D,AK,IT,D
14:48:00,PTBA,RG,3700,2,D,AK,PD,D
14:48:00,PTBA,RG,3700,2,D,AK,NI,D
14:48:00,PTBA,RG,3700,5,D,AK,YP,D
14:48:00,PTBA,RG,3700,10,D,AK,YP,D
14:48:00,PTBA,RG,3700,5,D,AK,CC,D
14:48:00,PTBA,RG,3700,3,D,AK,YP,D
14:48:00,PTBA,RG,3700,37,D,AK,CC,D
14:48:00,PTBA,RG,3700,200,D,AK,CC,D
14:48:00,PTBA,RG,3700,80,D,AK,PD,D
14:48:00,PTBA,RG,3700,5,D,AK,TP,D
14:48:00,PTBA,RG,3700,85,D,AK,DH,D
14:48:00,PTBA,RG,3700,83,D,AK,DH,D
14:48:00,PTBA,RG,3700,5,D,AK,DH,D
14:48:00,PTBA,RG,3700,2,D,AK,DH,D
14:48:00,PTBA,RG,3690,1885,D,YU,BQ,D
14:48:00,PTBA,RG,3690,14,D,AK,BQ,D
14:48:00,PTBA,RG,3690,101,D,AK,BQ,D
14:47:59,PTBA,RG,3700,2,D,AK,DH,D
14:47:59,PTBA,RG,3700,9,D,AK,DH,D
14:47:59,PTBA,RG,3700,5,D,AK,DH,D
14:47:59,PTBA,RG,3700,1,D,AK,DH,D
14:47:58,PTBA,RG,3700,8,D,AK,DH,D
14:47:58,PTBA,RG,3700,6,D,AK,DR,D
14:47:58,PTBA,RG,3700,4,D,AK,YB,D
14:47:58,PTBA,RG,3700,6,D,AK,YB,D
14:47:58,PTBA,RG,3700,40,D,AK,CC,D
14:47:58,PTBA,RG,3700,7,D,AK,PD,D
14:47:58,PTBA,RG,3700,1,D,AK,PD,D
14:47:58,PTBA,RG,3700,1,D,AK,PD,D
14:47:58,PTBA,RG,3700,60,D,AK,AI,D
14:47:58,PTBA,RG,3700,9,D,AK,AI,D
14:47:58,PTBA,RG,3700,1,D,AK,AI,D
14:47:56,PTBA,RG,3690,15,D,AK,YP,D
14:47:56,PTBA,RG,3690,39,D,AK,ZP,F
14:47:56,PTBA,RG,3690,169,D,AK,ZP,F
14:47:56,PTBA,RG,3690,42,D,AK,ZP,F
14:47:56,PTBA,RG,3690,4,D,AK,ZP,F
14:47:55,PTBA,RG,3690,1,D,AK,ZP,F
14:47:55,PTBA,RG,3690,23,D,AK,ZP,F
14:47:55,PTBA,RG,3690,3,D,AK,ZP,F
14:47:55,PTBA,RG,3690,564,D,YP,ZP,F
14:47:55,PTBA,RG,3690,70,D,YP,AZ,D
14:47:55,PTBA,RG,3690,2,D,YP,GR,D
14:47:55,PTBA,RG,3690,364,D,YP,CS,F
14:47:54,PTBA,RG,3690,72,F,BK,CS,F
14:47:53,PTBA,RG,3690,2,D,AK,CS,F
14:47:53,PTBA,RG,3690,1,D,AK,CS,F
14:47:53,PTBA,RG,3690,1,D,XC,CS,F
14:47:52,PTBA,RG,3690,5,D,PD,CS,F
14:47:51,PTBA,RG,3690,1,D,AK,CS,F
14:47:50,PTBA,RG,3690,1,D,AK,CS,F
14:47:50,PTBA,RG,3690,14,D,AK,CS,F
14:47:50,PTBA,RG,3690,3,D,AK,CS,F
14:47:49,PTBA,RG,3690,11,D,AK,CS,F
14:47:49,PTBA,RG,3690,40,D,AK,CS,F
14:47:49,PTBA,RG,3690,29,D,AK,CS,F
14:47:49,PTBA,RG,3690,3,D,AK,CS,F
14:47:48,PTBA,RG,3690,29,D,AK,CS,F
14:47:48,PTBA,RG,3690,691,D,AK,CS,F
14:47:48,PTBA,RG,3690,88,D,AK,CS,F
14:47:48,PTBA,RG,3690,8,D,AK,CS,F
14:47:47,PTBA,RG,3690,1,D,AK,CS,F
14:47:47,PTBA,RG,3690,3,D,AK,CS,F
14:47:47,PTBA,RG,3690,3,D,AK,CS,F
14:47:47,PTBA,RG,3690,415,F,BK,CS,F
14:47:47,PTBA,RG,3690,21,F,BK,XL,D
14:47:47,PTBA,RG,3690,90,F,BK,CS,F
14:47:47,PTBA,RG,3690,20,F,BK,NI,D
14:47:47,PTBA,RG,3690,30,F,BK,YP,D
14:47:47,PTBA,RG,3690,6,F,BK,ZP,F
14:47:47,PTBA,RG,3690,1,F,BK,PD,D
14:47:47,PTBA,RG,3690,22,F,BK,AK,F
14:47:47,PTBA,RG,3690,15,F,BK,EP,D
14:47:47,PTBA,RG,3690,250,F,BK,YP,D
14:47:47,PTBA,RG,3690,2,F,BK,OD,D
14:47:47,PTBA,RG,3690,2,F,BK,EL,D
14:47:47,PTBA,RG,3690,58,F,BK,HP,D
14:47:47,PTBA,RG,3690,68,F,BK,ZP,F
14:47:47,PTBA,RG,3690,5,F,BK,NI,D
14:47:47,PTBA,RG,3690,723,F,BK,BB,D
14:47:47,PTBA,RG,3690,250,F,BK,YP,D
14:47:47,PTBA,RG,3690,1,F,BK,PD,D
14:47:47,PTBA,RG,3690,60,F,BK,EP,D
14:47:47,PTBA,RG,3690,1,F,BK,XC,D
14:47:47,PTBA,RG,3690,101,F,BK,YP,F
14:47:46,PTBA,RG,3690,3,D,AK,YP,F
14:47:46,PTBA,RG,3690,46,D,AK,YP,F
14:47:46,PTBA,RG,3690,11,D,AK,YP,D
14:47:46,PTBA,RG,3690,7,D,AK,YP,D
14:47:45,PTBA,RG,3680,176,D,YU,BQ,D
14:47:44,PTBA,RG,3690,1,D,AK,YP,D
14:47:43,PTBA,RG,3690,1,D,AK,YP,D
14:47:43,PTBA,RG,3690,3,D,AK,YP,D
14:47:43,PTBA,RG,3690,2,D,AK,YP,D
14:47:43,PTBA,RG,3690,1,D,AK,PD,D
14:47:43,PTBA,RG,3690,1,D,AK,PD,D
14:47:42,PTBA,RG,3690,2,D,AK,PD,D
14:47:42,PTBA,RG,3690,2,D,AK,PD,D
14:47:42,PTBA,RG,3690,2,D,AK,NI,D
14:47:42,PTBA,RG,3690,35,D,AK,GR,D
14:47:42,PTBA,RG,3690,10,D,AK,OD,D
14:47:42,PTBA,RG,3690,1,D,AK,XC,D
14:47:42,PTBA,RG,3690,9,D,AK,SQ,D
14:47:42,PTBA,RG,3690,7,D,AK,SQ,D
14:47:41,PTBA,RG,3690,84,F,AK,SQ,D
14:47:41,PTBA,RG,3690,100,F,AK,YP,D
14:47:40,PTBA,RG,3690,1,D,AK,YP,D
14:47:39,PTBA,RG,3690,1,D,AK,YP,D
14:47:38,PTBA,RG,3690,1,D,AK,YP,D
14:47:38,PTBA,RG,3690,6,D,AK,YP,D
14:47:38,PTBA,RG,3690,1,D,AK,YP,D
14:47:36,PTBA,RG,3690,4,D,AK,YP,D
14:47:36,PTBA,RG,3690,14,D,AK,YP,D
14:47:36,PTBA,RG,3690,11,D,AK,YP,D
14:47:36,PTBA,RG,3690,2,D,AK,YP,D
14:47:35,PTBA,RG,3690,11,D,AK,YP,D
14:47:35,PTBA,RG,3690,48,D,AK,YP,D
14:47:35,PTBA,RG,3690,20,D,AK,PD,D
14:47:35,PTBA,RG,3690,20,D,AK,CC,D
14:47:35,PTBA,RG,3690,100,D,AK,EP,D
14:47:35,PTBA,RG,3690,70,D,AK,KK,D
14:47:35,PTBA,RG,3690,32,D,AK,KK,D
14:47:35,PTBA,RG,3690,1,D,AK,KK,D
14:47:35,PTBA,RG,3690,1,D,AK,YP,D
14:47:34,PTBA,RG,3690,1,D,NI,YP,D
14:47:34,PTBA,RG,3690,161,D,NI,CS,F
14:47:34,PTBA,RG,3690,30,D,NI,YP,D
14:47:34,PTBA,RG,3690,3,D,NI,XL,D
14:47:34,PTBA,RG,3690,50,D,NI,CC,D
14:47:34,PTBA,RG,3690,40,D,NI,AK,F
14:47:34,PTBA,RG,3690,1,D,NI,CC,D
14:47:34,PTBA,RG,3690,25,D,NI,IF,D
14:47:34,PTBA,RG,3690,5,D,NI,CC,D
14:47:34,PTBA,RG,3690,484,D,NI,PD,D
14:47:31,PTBA,RG,3690,1,D,AK,PD,D
14:47:31,PTBA,RG,3690,1,D,AK,PD,D
14:47:30,PTBA,RG,3690,3,D,AK,PD,D
14:47:30,PTBA,RG,3690,2,D,AK,PD,D
14:47:30,PTBA,RG,3690,1,D,AK,PD,D
14:47:29,PTBA,RG,3690,3,D,AK,PD,D
14:47:29,PTBA,RG,3690,5,D,AK,PD,D
14:47:29,PTBA,RG,3690,1,D,AK,PD,D
14:47:29,PTBA,RG,3690,2,D,AK,SQ,D
14:47:29,PTBA,RG,3690,40,D,AK,PD,D
14:47:29,PTBA,RG,3690,6,D,AK,PD,D
14:47:28,PTBA,RG,3690,54,F,AK,PD,D
14:47:28,PTBA,RG,3690,25,F,AK,CC,D
14:47:28,PTBA,RG,3690,36,F,AK,AK,F
14:47:28,PTBA,RG,3690,35,F,AK,CS,F
14:47:25,PTBA,RG,3690,1,D,AK,CS,F
14:47:24,PTBA,RG,3690,3,D,AK,CS,F
14:47:24,PTBA,RG,3690,1,D,AK,CS,F
14:47:23,PTBA,RG,3690,2,D,AK,CS,F
14:47:23,PTBA,RG,3690,9,D,AK,CS,F
14:47:23,PTBA,RG,3690,6,D,AK,CS,F
14:47:23,PTBA,RG,3690,1,D,AK,CS,F
14:47:22,PTBA,RG,3690,7,D,AK,CS,F
14:47:22,PTBA,RG,3690,18,D,AK,CS,F
14:47:22,PTBA,RG,3690,2,D,AK,CC,D
14:47:22,PTBA,RG,3690,133,D,AK,ZP,F
14:47:22,PTBA,RG,3690,20,D,AK,ZP,F
14:47:22,PTBA,RG,3690,2,D,AK,ZP,F
14:47:21,PTBA,RG,3680,671,D,YU,BB,D
14:47:21,PTBA,RG,3680,7,D,XL,BB,D
14:47:21,PTBA,RG,3680,5,D,AK,BB,D
14:47:21,PTBA,RG,3680,1,D,PD,BB,D
14:47:21,PTBA,RG,3680,3,D,AK,BB,D
14:47:21,PTBA,RG,3680,29,D,AK,BB,D
14:47:14,PTBA,RG,3690,22,D,DR,ZP,F
14:47:05,PTBA,RG,3680,13,D,AK,AK,F
14:46:48,PTBA,RG,3690,1,D,AK,ZP,F
14:46:48,PTBA,RG,3680,1,D,AK,YP,D
14:46:47,PTBA,RG,3680,35,D,AK,CS,F
14:46:47,PTBA,RG,3680,10,D,AK,CS,F
14:46:47,PTBA,RG,3680,15,D,YB,CS,F
14:46:47,PTBA,RG,3680,4,D,AK,CS,F
14:46:37,PTBA,RG,3690,1,D,AK,ZP,F
14:46:36,PTBA,RG,3690,1,D,AK,ZP,F
14:46:36,PTBA,RG,3690,4,D,AK,ZP,F
14:46:36,PTBA,RG,3690,3,D,AK,ZP,F
14:46:35,PTBA,RG,3690,3,D,AK,ZP,F
14:46:35,PTBA,RG,3690,59,D,AK,ZP,F
14:46:35,PTBA,RG,3690,7,D,AK,ZP,F
14:46:35,PTBA,RG,3680,1,D,AK,CC,D
14:46:35,PTBA,RG,3680,17,D,DH,CC,D
14:46:35,PTBA,RG,3680,80,F,AK,CC,D
14:46:35,PTBA,RG,3680,85,F,BK,CC,D
14:46:33,PTBA,RG,3690,1,D,AK,ZP,F
14:46:32,PTBA,RG,3690,7,D,AK,ZP,F
14:46:32,PTBA,RG,3690,1,D,AK,ZP,F
14:46:31,PTBA,RG,3680,20,F,BK,AI,D
14:46:31,PTBA,RG,3680,2,F,BK,DR,D
14:46:14,PTBA,RG,3690,1,D,AK,ZP,F
14:46:13,PTBA,RG,3690,1,D,AK,ZP,F
14:46:13,PTBA,RG,3690,1,D,AK,ZP,F
14:46:13,PTBA,RG,3690,1,D,AK,ZP,F
14:46:12,PTBA,RG,3690,1,D,AK,ZP,F
14:46:12,PTBA,RG,3690,31,D,AK,ZP,F
14:46:12,PTBA,RG,3690,4,D,AK,ZP,F
14:46:11,PTBA,RG,3690,94,F,AK,ZP,F
14:45:56,PTBA,RG,3690,1,D,AK,ZP,F
14:45:55,PTBA,RG,3680,3,F,BK,DR,D
14:45:26,PTBA,RG,3690,1,D,NI,ZP,F
14:45:19,PTBA,RG,3690,4,D,AK,ZP,F
14:45:19,PTBA,RG,3690,1,D,AK,ZP,F
14:45:18,PTBA,RG,3690,10,D,YP,ZP,F
14:45:10,PTBA,RG,3690,1,D,AK,ZP,F
14:45:10,PTBA,RG,3690,7,D,AK,ZP,F
14:45:10,PTBA,RG,3690,1,D,AK,ZP,F
14:45:09,PTBA,RG,3690,18,D,AK,ZP,F
14:45:09,PTBA,RG,3690,14,D,AK,ZP,F
14:45:09,PTBA,RG,3690,2,D,AK,ZP,F
14:45:09,PTBA,RG,3690,5,D,AK,ZP,F
14:45:08,PTBA,RG,3690,13,D,AK,ZP,F
14:45:08,PTBA,RG,3690,3,D,AK,ZP,F
14:45:08,PTBA,RG,3690,79,D,AK,ZP,F
14:45:08,PTBA,RG,3690,154,D,AK,BB,D
14:45:08,PTBA,RG,3690,50,D,AK,PD,D
14:45:08,PTBA,RG,3690,1,D,AK,YP,D
14:45:08,PTBA,RG,3690,35,D,AK,PD,D
14:45:08,PTBA,RG,3690,15,D,AK,PD,D
14:45:08,PTBA,RG,3690,26,D,AK,NI,D
14:45:08,PTBA,RG,3690,3,D,AK,NI,D
14:45:06,PTBA,RG,3680,1000,F,BK,AG,D
14:45:06,PTBA,RG,3690,1,D,AK,NI,D
14:45:05,PTBA,RG,3680,1,F,BK,CC,D
14:45:01,PTBA,RG,3690,1,D,AK,NI,D
14:45:01,PTBA,RG,3690,1,D,AK,NI,D
14:45:00,PTBA,RG,3690,2,D,AK,NI,D
14:45:00,PTBA,RG,3690,16,D,AK,NI,D
14:45:00,PTBA,RG,3690,6,D,AK,PD,D
14:45:00,PTBA,RG,3690,2,D,AK,PD,D
14:45:00,PTBA,RG,3690,1,D,AK,PD,D
14:44:59,PTBA,RG,3680,53,F,BK,ZP,F
14:44:59,PTBA,RG,3680,12,D,BB,ZP,F
14:44:59,PTBA,RG,3680,13,D,AK,ZP,F
14:44:59,PTBA,RG,3680,1,D,AK,ZP,F
14:44:59,PTBA,RG,3680,4,D,XC,ZP,F
14:44:59,PTBA,RG,3680,36,D,YP,ZP,F
14:44:57,PTBA,RG,3690,4,D,AK,PD,D
14:44:56,PTBA,RG,3690,15,D,YB,PD,D
14:44:49,PTBA,RG,3690,2,D,AK,PD,D
14:44:48,PTBA,RG,3680,53,D,YP,GR,D
14:44:48,PTBA,RG,3680,1,D,AK,GR,D
14:44:48,PTBA,RG,3680,4,D,AK,GR,D
14:44:48,PTBA,RG,3680,1,D,XC,GR,D
14:44:48,PTBA,RG,3680,16,D,AK,GR,D
14:44:48,PTBA,RG,3690,2,D,AK,PD,D
14:44:47,PTBA,RG,3690,16,D,AK,PD,D
14:44:47,PTBA,RG,3690,5,D,AK,PD,D
14:44:47,PTBA,RG,3690,1,D,AK,PD,D
14:44:46,PTBA,RG,3690,4,D,AK,PD,D
14:44:45,PTBA,RG,3680,40,D,AK,AK,F
14:44:45,PTBA,RG,3680,3,D,XC,AK,F
14:44:45,PTBA,RG,3680,1,D,PD,AK,F
14:44:45,PTBA,RG,3680,30,D,CC,AK,F
14:44:45,PTBA,RG,3680,10,D,PD,AK,F
14:44:45,PTBA,RG,3680,31,F,BK,AK,F
14:44:45,PTBA,RG,3680,45,F,BK,CS,F
14:44:45,PTBA,RG,3680,60,F,BK,KK,D
14:44:40,PTBA,RG,3690,16,D,AK,PD,D
14:44:40,PTBA,RG,3690,1,D,AK,PD,D
14:44:39,PTBA,RG,3680,61,F,BK,AG,D
14:44:39,PTBA,RG,3680,141,D,ZP,AG,D
14:44:39,PTBA,RG,3680,1,D,AK,AG,D
14:44:39,PTBA,RG,3680,1,D,AK,AG,D
14:44:39,PTBA,RG,3680,25,D,CC,AG,D
14:44:39,PTBA,RG,3680,43,D,BB,AG,D
14:44:39,PTBA,RG,3680,6,D,BB,AG,D
14:44:39,PTBA,RG,3680,128,D,AK,AG,D
14:44:39,PTBA,RG,3680,3,D,BB,AG,D
14:44:39,PTBA,RG,3680,91,F,AK,AG,D
14:44:07,PTBA,RG,3690,44,D,AK,PD,D
14:44:06,PTBA,RG,3690,12,D,AK,PD,D
14:44:06,PTBA,RG,3690,67,D,AK,PD,D
14:44:06,PTBA,RG,3680,49,F,AK,CS,F
14:44:06,PTBA,RG,3680,1,D,AK,CS,F
14:44:06,PTBA,RG,3680,17,D,AK,CS,F
14:44:06,PTBA,RG,3680,8,D,AK,CS,F
14:44:05,PTBA,RG,3680,40,D,AK,CS,F
14:44:05,PTBA,RG,3680,4,D,AK,CS,F
14:44:05,PTBA,RG,3680,7,D,YU,CS,F
14:44:05,PTBA,RG,3680,875,D,YU,BB,D
14:43:57,PTBA,RG,3680,4,D,YU,DR,D
14:43:56,PTBA,RG,3690,1,D,AK,PD,D
14:43:55,PTBA,RG,3690,1,D,AK,PD,D
14:43:54,PTBA,RG,3690,8,D,CC,BB,D
14:43:42,PTBA,RG,3680,1,D,YU,XC,D
14:43:32,PTBA,RG,3690,1,D,AK,BB,D
14:43:30,PTBA,RG,3680,38,D,YU,AK,F
14:43:13,PTBA,RG,3690,1,D,AK,BB,D
14:43:13,PTBA,RG,3690,3,D,AK,BB,D
14:43:11,PTBA,RG,3680,75,D,YU,ZP,F
14:43:11,PTBA,RG,3680,1,D,PD,ZP,F
14:43:11,PTBA,RG,3690,1,D,AK,BB,D
14:43:09,PTBA,RG,3690,7,D,GR,BB,D
14:42:36,PTBA,RG,3690,1,D,AK,BB,D
14:42:35,PTBA,RG,3690,4,D,AK,BB,D
14:42:35,PTBA,RG,3690,1,D,AK,BB,D
14:42:35,PTBA,RG,3690,12,D,AK,BB,D
14:42:34,PTBA,RG,3680,1,D,YP,YP,D
14:42:34,PTBA,RG,3680,5,D,CC,YP,D
14:42:34,PTBA,RG,3680,1,D,BB,YP,D
14:42:34,PTBA,RG,3680,1,F,BK,YP,D
14:42:34,PTBA,RG,3680,1,D,BB,YP,D
14:42:34,PTBA,RG,3680,15,D,LS,YP,D
14:42:34,PTBA,RG,3680,10,D,CC,YP,D
14:42:34,PTBA,RG,3680,1,D,BB,YP,D
14:42:34,PTBA,RG,3680,1,D,OD,YP,D
14:42:34,PTBA,RG,3680,4,D,XC,YP,D
14:42:34,PTBA,RG,3680,260,D,AK,YP,D
14:42:31,PTBA,RG,3690,1,D,AK,BB,D
14:42:29,PTBA,RG,3680,10,D,AK,DR,D
14:42:19,PTBA,RG,3680,9,D,AK,CC,D
14:42:18,PTBA,RG,3690,5,D,AK,BB,D
14:42:18,PTBA,RG,3690,1,D,AK,BB,D
14:42:17,PTBA,RG,3690,4,D,AK,BB,D
14:42:17,PTBA,RG,3690,25,D,AK,BB,D
14:42:17,PTBA,RG,3690,11,D,AK,BB,D
14:42:15,PTBA,RG,3680,46,D,AK,ZP,F
14:42:15,PTBA,RG,3680,21,F,AK,ZP,F
14:42:15,PTBA,RG,3680,51,F,AK,CS,F
14:42:15,PTBA,RG,3680,1,D,AK,CS,F
14:42:15,PTBA,RG,3680,149,F,BK,CS,F
14:42:11,PTBA,RG,3690,1,D,AK,BB,D
14:42:10,PTBA,RG,3690,1,D,AK,BB,D
14:42:09,PTBA,RG,3690,1,D,AK,BB,D
14:42:09,PTBA,RG,3690,7,D,AK,BB,D
14:42:09,PTBA,RG,3690,1,D,AK,BB,D
14:42:08,PTBA,RG,3690,4,D,AK,BB,D
14:42:08,PTBA,RG,3690,10,D,AK,BB,D
14:42:08,PTBA,RG,3690,14,D,AK,BB,D
14:42:08,PTBA,RG,3690,1,D,AK,BB,D
14:42:07,PTBA,RG,3690,322,D,AK,BB,D
14:42:06,PTBA,RG,3690,5,D,AK,BB,D
14:42:06,PTBA,RG,3690,28,D,AK,BB,D
14:42:06,PTBA,RG,3680,784,F,BK,AO,D
14:42:06,PTBA,RG,3680,1,D,OD,AO,D
14:42:06,PTBA,RG,3680,9,D,AK,AO,D
14:42:06,PTBA,RG,3680,3,D,CC,AO,D
14:42:06,PTBA,RG,3680,2,D,PD,AO,D
14:42:06,PTBA,RG,3680,20,D,XL,AO,D
14:42:06,PTBA,RG,3680,9,D,XL,AO,D
14:42:06,PTBA,RG,3680,2,D,XC,AO,D
14:42:06,PTBA,RG,3680,5,D,XC,AO,D
14:42:06,PTBA,RG,3680,27,D,PD,AO,D
14:42:06,PTBA,RG,3680,10,D,XC,AO,D
14:42:06,PTBA,RG,3680,9,D,NI,AO,D
14:42:06,PTBA,RG,3680,12,D,AK,AO,D
14:42:06,PTBA,RG,3680,20,D,KK,AO,D
14:42:06,PTBA,RG,3680,15,D,XC,AO,D
14:42:06,PTBA,RG,3680,6,D,PD,AO,D
14:42:06,PTBA,RG,3680,20,D,CC,AO,D
14:42:06,PTBA,RG,3680,3,D,AK,AO,D
14:42:06,PTBA,RG,3680,25,D,CC,AO,D
14:42:06,PTBA,RG,3680,1,D,YP,AO,D
14:42:06,PTBA,RG,3680,1,D,OD,AO,D
14:42:06,PTBA,RG,3680,1,D,XC,AO,D
14:42:06,PTBA,RG,3680,1,D,OD,AO,D
14:42:06,PTBA,RG,3680,14,D,BB,AO,D
14:41:48,PTBA,RG,3690,2,D,AK,BB,D
14:41:48,PTBA,RG,3690,1,D,AK,BB,D
14:41:47,PTBA,RG,3680,2,D,BB,PC,D
14:41:47,PTBA,RG,3690,1,D,AK,BB,D
14:41:47,PTBA,RG,3690,14,D,AK,BB,D
14:41:47,PTBA,RG,3690,2,D,AK,BB,D
14:41:47,PTBA,RG,3690,1,D,AK,BB,D
14:41:45,PTBA,RG,3680,38,D,BB,AK,F
14:41:45,PTBA,RG,3680,5,D,PD,AK,F
14:41:41,PTBA,RG,3690,1,D,PD,BB,D
14:41:35,PTBA,RG,3690,1,D,AK,BB,D
14:41:34,PTBA,RG,3690,1,D,AK,BB,D
14:41:34,PTBA,RG,3690,1,D,AK,BB,D
14:41:33,PTBA,RG,3690,1,D,AK,BB,D
14:41:33,PTBA,RG,3690,22,D,AK,BB,D
14:41:33,PTBA,RG,3690,3,D,AK,BB,D
14:41:31,PTBA,RG,3680,20,D,PD,ZP,F
14:41:31,PTBA,RG,3680,49,D,DR,ZP,F
14:41:28,PTBA,RG,3690,4,D,AK,BB,D
14:41:26,PTBA,RG,3690,12,D,CC,BB,D
14:40:55,PTBA,RG,3690,1,D,AK,BB,D
14:40:54,PTBA,RG,3690,1,D,AK,BB,D
14:40:52,PTBA,RG,3690,2,D,YP,BB,D
14:40:38,PTBA,RG,3690,1,D,AK,BB,D
14:40:37,PTBA,RG,3690,1,D,AK,BB,D
14:40:35,PTBA,RG,3680,1,D,DR,SQ,D
14:40:29,PTBA,RG,3690,1,D,AK,BB,D
14:40:28,PTBA,RG,3690,2,D,CC,BB,D
14:40:28,PTBA,RG,3690,7,D,AK,BB,D
14:40:28,PTBA,RG,3690,1,D,AK,BB,D
14:40:27,PTBA,RG,3680,22,D,DR,ZP,F
14:40:27,PTBA,RG,3690,1,D,AK,BB,D
14:40:27,PTBA,RG,3690,1,D,AK,BB,D
14:40:26,PTBA,RG,3690,2,D,AK,BB,D
14:40:26,PTBA,RG,3690,32,D,AK,BB,D
14:40:26,PTBA,RG,3690,1,D,AK,BB,D
14:40:24,PTBA,RG,3680,100,D,DR,KK,D
14:40:21,PTBA,RG,3690,1,D,AK,BB,D
14:40:19,PTBA,RG,3690,1,D,YP,BB,D
14:39:20,PTBA,RG,3690,1,D,AK,BB,D
14:39:19,PTBA,RG,3690,3,F,BK,BB,D
14:39:18,PTBA,RG,3690,1,D,AK,BB,D
14:39:17,PTBA,RG,3690,3,D,PD,BB,D
14:38:49,PTBA,RG,3690,3,D,AK,BB,D
14:38:48,PTBA,RG,3690,12,D,CC,BB,D
14:38:12,PTBA,RG,3690,1,D,AK,BB,D
14:38:11,PTBA,RG,3690,1,D,AK,BB,D
14:38:11,PTBA,RG,3690,6,D,AK,BB,D
14:38:10,PTBA,RG,3690,20,D,YP,BB,D
14:37:40,PTBA,RG,3690,1,D,AK,BB,D
14:37:40,PTBA,RG,3690,33,D,AK,BB,D
14:37:40,PTBA,RG,3690,100,D,NI,BB,D
14:37:35,PTBA,RG,3690,1,D,AK,BB,D
14:37:35,PTBA,RG,3690,10,D,AK,BB,D
14:37:34,PTBA,RG,3680,28,D,DR,YP,D
14:37:34,PTBA,RG,3680,2,D,AK,YP,D
14:37:03,PTBA,RG,3680,1,D,AK,NI,D
14:36:15,PTBA,RG,3690,3,D,AK,BB,D
14:36:15,PTBA,RG,3690,1,D,AK,BB,D
14:36:14,PTBA,RG,3690,3,D,AK,BB,D
14:36:14,PTBA,RG,3690,13,D,CC,BB,D
14:36:13,PTBA,RG,3690,8,D,PD,BB,D
14:36:10,PTBA,RG,3690,3,D,AK,BB,D
14:36:10,PTBA,RG,3690,1,D,AK,BB,D
14:36:09,PTBA,RG,3680,10,D,AK,XC,D
14:35:56,PTBA,RG,3690,1,D,AK,BB,D
14:35:55,PTBA,RG,3690,1,D,AK,BB,D
14:35:54,PTBA,RG,3690,1,D,AK,BB,D
14:35:53,PTBA,RG,3690,1,D,AK,BB,D
14:35:53,PTBA,RG,3690,1,D,AK,BB,D
14:35:53,PTBA,RG,3690,1,D,AK,BB,D
14:35:53,PTBA,RG,3690,1,D,AK,BB,D
14:35:52,PTBA,RG,3690,7,D,AK,BB,D
14:35:52,PTBA,RG,3690,175,D,AK,BB,D
14:35:52,PTBA,RG,3690,2,D,AK,BB,D
14:35:50,PTBA,RG,3680,31,D,AK,DH,D
14:35:50,PTBA,RG,3680,513,F,BK,DH,D
14:35:21,PTBA,RG,3690,1,D,AK,BB,D
14:35:20,PTBA,RG,3680,3,F,BK,YP,D
14:35:09,PTBA,RG,3690,1,D,AK,BB,D
14:35:08,PTBA,RG,3690,1,D,AK,BB,D
14:35:08,PTBA,RG,3690,1,D,AK,BB,D
14:35:08,PTBA,RG,3690,1,D,AK,BB,D
14:35:06,PTBA,RG,3690,4,D,PD,BB,D
14:34:58,PTBA,RG,3690,1,D,AK,BB,D
14:34:57,PTBA,RG,3690,1,D,AK,BB,D
14:34:57,PTBA,RG,3690,19,D,AK,BB,D
14:34:57,PTBA,RG,3690,3,D,AK,BB,D
14:34:56,PTBA,RG,3680,26,F,BK,OD,D
14:34:56,PTBA,RG,3680,25,F,BK,OD,D
14:34:56,PTBA,RG,3680,7,F,BK,OD,D
14:34:00,PTBA,RG,3690,1,D,AK,BB,D
14:33:59,PTBA,RG,3690,10,D,AK,BB,D
14:33:59,PTBA,RG,3690,1,D,AK,BB,D
14:33:59,PTBA,RG,3690,1,D,AK,BB,D
14:33:58,PTBA,RG,3680,30,F,BK,OD,D
14:33:58,PTBA,RG,3690,1,D,AK,BB,D
14:33:57,PTBA,RG,3690,1,D,AK,BB,D
14:33:57,PTBA,RG,3690,10,D,AK,BB,D
14:33:57,PTBA,RG,3690,1,D,AK,BB,D
14:33:56,PTBA,RG,3680,21,F,BK,OD,D
14:33:56,PTBA,RG,3680,8,F,BK,OD,D
14:33:54,PTBA,RG,3690,1,D,NI,BB,D
14:33:37,PTBA,RG,3690,4,D,AK,BB,D
14:33:37,PTBA,RG,3690,1,D,AK,BB,D
14:33:36,PTBA,RG,3690,12,D,CC,BB,D
14:33:23,PTBA,RG,3690,3,D,AK,BB,D
14:33:22,PTBA,RG,3690,10,D,PD,BB,D
14:33:06,PTBA,RG,3690,1,D,AK,BB,D
14:33:05,PTBA,RG,3690,2,D,OD,BB,D
14:33:01,PTBA,RG,3690,1,D,AK,BB,D
14:33:00,PTBA,RG,3690,1,D,AK,BB,D
14:32:59,PTBA,RG,3690,1,D,AK,BB,D
14:32:59,PTBA,RG,3690,11,D,AK,BB,D
14:32:59,PTBA,RG,3690,1,D,AK,BB,D
14:32:58,PTBA,RG,3680,33,F,BK,OD,D
14:32:58,PTBA,RG,3690,1,D,AK,BB,D
14:32:58,PTBA,RG,3690,1,D,AK,BB,D
14:32:57,PTBA,RG,3690,1,D,AK,BB,D
14:32:57,PTBA,RG,3690,10,D,AK,BB,D
14:32:57,PTBA,RG,3690,1,D,AK,BB,D
14:32:56,PTBA,RG,3680,23,F,BK,OD,D
14:32:56,PTBA,RG,3680,8,F,BK,OD,D
14:32:00,PTBA,RG,3690,1,D,AK,BB,D
14:31:59,PTBA,RG,3690,10,D,AK,BB,D
14:31:59,PTBA,RG,3690,1,D,AK,BB,D
14:31:58,PTBA,RG,3680,26,F,BK,OD,D
14:31:58,PTBA,RG,3690,1,D,AK,BB,D
14:31:58,PTBA,RG,3690,10,D,AK,BB,D
14:31:58,PTBA,RG,3690,2,D,AK,BB,D
14:31:57,PTBA,RG,3690,3,D,AK,BB,D
14:31:57,PTBA,RG,3690,1,D,AK,BB,D
14:31:56,PTBA,RG,3680,32,F,BK,OD,D
14:31:56,PTBA,RG,3690,1,D,XC,BB,D
14:31:56,PTBA,RG,3680,7,F,BK,OD,D
14:31:52,PTBA,RG,3690,1,D,PD,BB,D
14:31:52,PTBA,RG,3690,1,D,PD,YJ,D
14:30:57,PTBA,RG,3690,8,D,AK,YJ,D
14:30:56,PTBA,RG,3680,22,F,BK,OD,D
14:30:56,PTBA,RG,3690,1,D,AK,YJ,D
14:30:56,PTBA,RG,3690,9,D,AK,YJ,D
14:30:55,PTBA,RG,3690,2,D,AK,YJ,D
14:30:54,PTBA,RG,3680,29,F,BK,OD,D
14:30:54,PTBA,RG,3680,7,F,BK,OD,D
14:30:54,PTBA,RG,3690,4,D,AK,YJ,D
14:30:52,PTBA,RG,3690,11,D,CC,YJ,D
14:30:44,PTBA,RG,3690,1,D,AK,YJ,D
14:30:44,PTBA,RG,3690,1,D,AK,YJ,D
14:30:43,PTBA,RG,3690,1,D,AK,YJ,D
14:30:43,PTBA,RG,3690,29,D,AK,YJ,D
14:30:41,PTBA,RG,3680,90,F,BK,CC,D
14:30:24,PTBA,RG,3690,1,D,AK,YJ,D
14:30:24,PTBA,RG,3690,1,D,AK,YJ,D
14:30:24,PTBA,RG,3690,1,D,AK,YJ,D
14:30:23,PTBA,RG,3690,2,D,AK,YJ,D
14:30:23,PTBA,RG,3690,7,D,AK,YJ,D
14:30:23,PTBA,RG,3690,3,D,AK,PD,D
14:30:23,PTBA,RG,3690,5,D,AK,YP,D
14:30:23,PTBA,RG,3690,4,D,AK,YP,D
14:30:23,PTBA,RG,3690,45,D,AK,DH,D
14:30:21,PTBA,RG,3680,200,F,BK,PD,D
14:30:00,PTBA,RG,3690,1,D,AK,DH,D
14:29:59,PTBA,RG,3690,1,D,AK,DH,D
14:29:58,PTBA,RG,3690,2,D,AK,DH,D
14:29:58,PTBA,RG,3680,6,F,BK,OD,D
14:29:57,PTBA,RG,3690,1,D,AK,DH,D
14:29:57,PTBA,RG,3690,10,D,AK,SQ,D
14:29:57,PTBA,RG,3690,3,D,AK,AG,F
14:29:57,PTBA,RG,3690,5,D,AK,NI,D
14:29:57,PTBA,RG,3690,1,D,AK,NI,D
14:29:56,PTBA,RG,3680,31,F,BK,OD,D
14:29:56,PTBA,RG,3680,24,F,BK,OD,D
14:29:48,PTBA,RG,3690,5,D,AK,NI,D
14:29:47,PTBA,RG,3690,15,D,DR,NI,D
14:29:40,PTBA,RG,3690,12,D,AK,NI,D
14:29:39,PTBA,RG,3690,12,D,PD,NI,D
14:29:39,PTBA,RG,3690,4,D,PD,CC,D
14:29:39,PTBA,RG,3690,10,D,PD,KK,D
14:29:39,PTBA,RG,3690,12,D,PD,NI,D
14:29:07,PTBA,RG,3690,1,D,XC,NI,D
14:29:00,PTBA,RG,3690,1,D,AK,NI,D
14:28:58,PTBA,RG,3690,1,D,AK,NI,D
14:28:57,PTBA,RG,3690,9,D,AK,NI,D
14:28:56,PTBA,RG,3690,3,D,AK,NI,D
14:28:56,PTBA,RG,3680,29,F,BK,OD,D
14:28:56,PTBA,RG,3680,2,F,BK,OD,D
14:28:56,PTBA,RG,3680,6,D,AK,OD,D
14:28:55,PTBA,RG,3690,1,D,AK,NI,D
14:28:55,PTBA,RG,3690,7,D,AK,NI,D
14:28:54,PTBA,RG,3680,22,D,AK,OD,D
14:28:42,PTBA,RG,3690,1,D,AK,NI,D
14:28:41,PTBA,RG,3690,7,D,AK,NI,D
14:28:41,PTBA,RG,3690,1,D,AK,NI,D
14:28:40,PTBA,RG,3690,13,D,AK,NI,D
14:28:40,PTBA,RG,3690,1,D,AK,NI,D
14:28:40,PTBA,RG,3690,3,D,AK,NI,D
14:28:40,PTBA,RG,3690,2,D,AK,NI,D
14:28:40,PTBA,RG,3690,17,D,AK,NI,D
14:28:40,PTBA,RG,3690,1,D,AK,NI,D
14:28:39,PTBA,RG,3690,13,D,AK,NI,D
14:28:39,PTBA,RG,3690,92,D,AK,NI,D
14:28:39,PTBA,RG,3690,207,D,AK,YP,D
14:28:39,PTBA,RG,3690,41,D,AK,YP,D
14:28:39,PTBA,RG,3690,2,D,AK,YP,D
14:28:38,PTBA,RG,3690,79,D,NI,YP,D
14:28:38,PTBA,RG,3690,74,D,NI,NI,D
14:28:38,PTBA,RG,3690,1,D,NI,PD,D
14:28:38,PTBA,RG,3690,13,D,NI,EP,D
14:28:38,PTBA,RG,3690,620,D,NI,NI,D
14:28:38,PTBA,RG,3690,10,D,NI,AR,D
14:28:38,PTBA,RG,3690,3,D,NI,PD,D
14:28:38,PTBA,RG,3690,1,D,NI,XC,D
14:28:38,PTBA,RG,3690,100,D,NI,HP,D
14:28:38,PTBA,RG,3690,30,D,NI,PD,D
14:28:38,PTBA,RG,3690,69,D,NI,NI,D
14:28:11,PTBA,RG,3690,1,D,AK,NI,D
14:28:10,PTBA,RG,3690,12,D,CC,NI,D
14:27:56,PTBA,RG,3680,8,D,AK,OD,D
14:27:55,PTBA,RG,3690,2,D,AK,ZP,F
14:27:54,PTBA,RG,3680,23,D,AK,OD,D
14:27:54,PTBA,RG,3680,1,D,AK,OD,D
14:27:54,PTBA,RG,3680,2,F,BK,OD,D
14:27:54,PTBA,RG,3680,1,D,AK,OD,D
14:27:54,PTBA,RG,3680,4,F,AK,OD,D
14:27:53,PTBA,RG,3690,1,D,AK,ZP,F
14:27:53,PTBA,RG,3690,7,D,AK,ZP,F
14:27:53,PTBA,RG,3690,1,D,AK,ZP,F
14:27:52,PTBA,RG,3680,22,F,AK,OD,D
14:27:44,PTBA,RG,3690,1,D,AK,ZP,F
14:27:44,PTBA,RG,3690,1,D,AK,PD,D
14:27:43,PTBA,RG,3690,1,D,AK,PD,D
14:27:43,PTBA,RG,3690,2,D,AK,PD,D
14:27:43,PTBA,RG,3690,19,D,AK,RF,D
14:27:43,PTBA,RG,3690,2,D,AK,RF,D
14:27:43,PTBA,RG,3690,1,D,AK,RF,D
14:27:42,PTBA,RG,3680,63,F,AK,YU,D
14:26:58,PTBA,RG,3690,1,D,AK,RF,D
14:26:57,PTBA,RG,3690,8,D,AK,RF,D
14:26:57,PTBA,RG,3690,1,D,AK,RF,D
14:26:56,PTBA,RG,3690,1,D,AK,RF,D
14:26:56,PTBA,RG,3680,23,F,AK,OD,D
14:26:55,PTBA,RG,3690,1,D,AK,RF,D
14:26:55,PTBA,RG,3690,10,D,AK,RF,D
14:26:55,PTBA,RG,3690,2,D,AK,RF,D
14:26:54,PTBA,RG,3680,27,F,AK,OD,D
14:26:54,PTBA,RG,3680,7,F,AK,OD,D
14:26:17,PTBA,RG,3690,2,D,AK,RF,D
14:26:16,PTBA,RG,3690,4,D,KK,RF,D
14:25:59,PTBA,RG,3690,1,D,AK,RF,D
14:25:59,PTBA,RG,3690,9,D,AK,RF,D
14:25:59,PTBA,RG,3690,1,D,AK,RF,D
14:25:58,PTBA,RG,3690,1,D,AK,RF,D
14:25:58,PTBA,RG,3680,26,F,AK,OD,D
14:25:57,PTBA,RG,3690,9,D,AK,RF,D
14:25:57,PTBA,RG,3690,1,D,AK,RF,D
14:25:56,PTBA,RG,3680,26,F,AK,OD,D
14:25:35,PTBA,RG,3690,4,D,AK,RF,D
14:25:34,PTBA,RG,3690,12,D,CC,RF,D
14:25:22,PTBA,RG,3690,1,D,AK,RF,D
14:25:21,PTBA,RG,3690,2,D,AK,RF,D
14:25:20,PTBA,RG,3690,2,D,AK,RF,D
14:25:20,PTBA,RG,3690,1,D,AK,RF,D
14:25:20,PTBA,RG,3690,4,D,AK,RF,D
14:25:20,PTBA,RG,3690,6,D,AK,RF,D
14:25:19,PTBA,RG,3690,4,D,AK,RF,D
14:25:19,PTBA,RG,3690,96,D,AK,RF,D
14:25:19,PTBA,RG,3690,12,D,AK,RF,D
14:25:19,PTBA,RG,3690,1,D,AK,RF,D
14:25:18,PTBA,RG,3680,47,F,AK,AZ,D
14:25:18,PTBA,RG,3680,43,D,BB,AZ,D
14:25:18,PTBA,RG,3680,106,D,BB,AZ,D
14:25:18,PTBA,RG,3680,13,D,BB,AZ,D
14:25:18,PTBA,RG,3680,91,D,BB,AZ,D
14:25:05,PTBA,RG,3690,1,D,AK,RF,D
14:25:04,PTBA,RG,3690,1,D,AK,RF,D
14:25:03,PTBA,RG,3690,1,D,AK,RF,D
14:25:03,PTBA,RG,3690,5,D,AK,RF,D
14:25:03,PTBA,RG,3690,1,D,AK,RF,D
14:25:02,PTBA,RG,3690,3,D,AK,RF,D
14:25:02,PTBA,RG,3690,18,D,AK,RF,D
14:25:02,PTBA,RG,3690,10,D,AK,RF,D
14:25:02,PTBA,RG,3690,1,D,AK,RF,D
14:25:01,PTBA,RG,3680,2,D,BB,PD,D
14:25:01,PTBA,RG,3690,13,D,AK,RF,D
14:25:01,PTBA,RG,3690,232,D,AK,RF,D
14:25:01,PTBA,RG,3690,38,D,AK,RF,D
14:25:01,PTBA,RG,3690,3,D,AK,RF,D
14:25:00,PTBA,RG,3690,14,D,AK,RF,D
14:25:00,PTBA,RG,3690,235,D,AK,RF,D
14:25:00,PTBA,RG,3690,27,D,AK,RF,D
14:25:00,PTBA,RG,3690,18,D,AK,RF,D
14:25:00,PTBA,RG,3690,1,D,AK,RF,D
14:25:00,PTBA,RG,3690,3,D,AK,RF,D
14:25:00,PTBA,RG,3690,156,D,AK,RF,D
14:25:00,PTBA,RG,3690,2,D,AK,PC,D
14:25:00,PTBA,RG,3690,29,D,AK,SQ,D
14:25:00,PTBA,RG,3690,365,D,AK,SQ,D
14:25:00,PTBA,RG,3690,4,D,AK,SQ,D
14:25:00,PTBA,RG,3690,91,D,AK,SQ,D
14:25:00,PTBA,RG,3690,1,D,AK,SQ,D
14:25:00,PTBA,RG,3690,10,D,AK,SQ,D
14:24:59,PTBA,RG,3680,1616,D,KK,CC,F
14:24:59,PTBA,RG,3680,214,D,KK,CS,F
14:24:58,PTBA,RG,3680,8,D,KK,OD,D
14:24:58,PTBA,RG,3680,37,D,KK,AK,F
14:24:58,PTBA,RG,3680,91,D,KK,CS,F
14:24:58,PTBA,RG,3680,3,D,KK,PD,D
14:24:58,PTBA,RG,3680,1,D,KK,PD,D
14:24:58,PTBA,RG,3680,1,D,KK,XL,D
14:24:58,PTBA,RG,3680,10,D,KK,DH,D
14:24:58,PTBA,RG,3680,28,D,KK,OD,D
14:24:58,PTBA,RG,3680,24,D,KK,OD,D
14:24:58,PTBA,RG,3680,28,D,KK,NI,D
14:24:58,PTBA,RG,3680,27,D,KK,AK,F
14:24:58,PTBA,RG,3680,2,D,KK,SQ,D
14:24:58,PTBA,RG,3680,1,D,KK,YP,D
14:24:58,PTBA,RG,3680,25,D,KK,PD,D
14:24:58,PTBA,RG,3680,10,D,KK,LG,D
14:24:58,PTBA,RG,3680,83,D,KK,ZP,F
14:24:58,PTBA,RG,3680,5,D,KK,PD,D
14:24:58,PTBA,RG,3680,2,D,KK,EP,D
14:24:58,PTBA,RG,3680,15,D,KK,LG,D
14:24:58,PTBA,RG,3680,15,D,KK,YP,D
14:24:58,PTBA,RG,3680,13,D,KK,XC,D
14:24:58,PTBA,RG,3680,5,D,KK,YB,D
14:24:58,PTBA,RG,3680,1,D,KK,NI,D
14:24:58,PTBA,RG,3680,11,D,KK,CC,F
14:24:58,PTBA,RG,3680,30,D,KK,YP,D
14:24:58,PTBA,RG,3680,28,D,KK,XC,D
14:24:58,PTBA,RG,3680,158,D,KK,CS,F
14:24:58,PTBA,RG,3680,508,D,KK,BB,D
14:24:58,PTBA,RG,3680,90,D,AK,BB,D
14:24:58,PTBA,RG,3680,11,D,AK,BB,D
14:24:57,PTBA,RG,3680,8,D,AK,BB,D
14:24:57,PTBA,RG,3680,1,D,AK,BB,D
14:24:57,PTBA,RG,3680,278,F,AK,BB,D
14:24:56,PTBA,RG,3680,1,D,AK,BB,D
14:24:56,PTBA,RG,3680,1,D,AK,BB,D
14:24:56,PTBA,RG,3680,1,D,AK,BB,D
14:24:56,PTBA,RG,3670,13,D,AK,OD,D
14:24:56,PTBA,RG,3670,2,D,AK,OD,D
14:24:56,PTBA,RG,3670,7,D,PD,OD,D
14:24:55,PTBA,RG,3680,1,D,AK,BB,D
14:24:55,PTBA,RG,3680,14,D,AK,BB,D
14:24:55,PTBA,RG,3680,3,D,AK,BB,D
14:24:55,PTBA,RG,3680,1,D,AK,BB,D
14:24:54,PTBA,RG,3680,11,D,AK,BB,D
14:24:54,PTBA,RG,3680,39,D,AK,BB,D
14:24:54,PTBA,RG,3680,16,D,AK,ZP,F
14:24:54,PTBA,RG,3680,30,D,AK,ZP,F
14:24:54,PTBA,RG,3680,2,D,AK,ZP,F
14:24:53,PTBA,RG,3680,27,D,AK,ZP,F
14:24:53,PTBA,RG,3680,369,D,AK,ZP,F
14:24:53,PTBA,RG,3680,159,D,AK,CC,D
14:24:53,PTBA,RG,3680,62,D,AK,CS,F
14:24:53,PTBA,RG,3680,1,D,AK,YP,D
14:24:53,PTBA,RG,3680,30,D,AK,YP,D
14:24:53,PTBA,RG,3680,14,D,AK,PD,D
14:24:53,PTBA,RG,3680,8,D,AK,AT,D
14:24:53,PTBA,RG,3680,2,D,AK,AT,D
14:24:53,PTBA,RG,3680,5,D,AK,NI,D
14:24:53,PTBA,RG,3680,75,D,AK,NI,D
14:24:53,PTBA,RG,3680,7,D,AK,NI,D
14:24:52,PTBA,RG,3670,55,D,PD,ZP,F
14:24:52,PTBA,RG,3680,718,D,OD,NI,D
14:24:52,PTBA,RG,3680,5,D,OD,YP,D
14:24:52,PTBA,RG,3680,5,D,OD,PD,D
14:24:52,PTBA,RG,3680,30,D,OD,AK,F
14:24:52,PTBA,RG,3680,100,D,OD,PD,D
14:24:52,PTBA,RG,3680,186,D,OD,CS,F
14:24:52,PTBA,RG,3680,42,D,OD,CS,F
14:24:52,PTBA,RG,3680,5,D,OD,XC,D
14:24:52,PTBA,RG,3680,100,D,OD,YP,D
14:24:52,PTBA,RG,3680,560,D,OD,BB,D
14:24:52,PTBA,RG,3680,9,D,OD,CC,D
14:24:52,PTBA,RG,3680,55,D,OD,CS,F
14:24:52,PTBA,RG,3680,85,D,OD,AK,F
14:24:52,PTBA,RG,3680,100,D,OD,CC,D
14:24:52,PTBA,RG,3670,4,D,PD,BB,D
14:24:52,PTBA,RG,3670,7,D,PD,OD,D
14:24:49,PTBA,RG,3680,1,D,AK,CC,D
14:24:48,PTBA,RG,3670,10,D,PD,BB,D
14:24:47,PTBA,RG,3680,2,D,OD,CC,D
14:24:41,PTBA,RG,3680,1,D,AK,CC,D
14:24:40,PTBA,RG,3670,15,D,PD,BB,D
14:24:12,PTBA,RG,3680,2,D,AK,CC,D
14:24:11,PTBA,RG,3670,2,D,PD,BB,D
14:24:11,PTBA,RG,3670,5,D,YP,BB,D
14:24:11,PTBA,RG,3670,20,D,PD,BB,D
14:24:11,PTBA,RG,3670,2,D,PD,BB,D
14:23:59,PTBA,RG,3680,1,D,AK,CC,D
14:23:59,PTBA,RG,3680,2,D,AK,CC,D
14:23:58,PTBA,RG,3670,31,D,PD,OD,D
14:23:58,PTBA,RG,3670,24,D,PD,OD,D
14:23:57,PTBA,RG,3680,1,D,AK,CC,D
14:23:57,PTBA,RG,3670,6,D,PD,BB,D
14:23:56,PTBA,RG,3670,8,D,PD,OD,D
14:23:51,PTBA,RG,3680,1,D,AK,CC,D
14:23:51,PTBA,RG,3680,3,D,AK,CC,D
14:23:50,PTBA,RG,3670,29,D,PD,BB,D
14:23:50,PTBA,RG,3670,64,F,BK,BB,D
14:23:37,PTBA,RG,3680,1,D,AK,CC,D
14:23:36,PTBA,RG,3680,4,D,AK,CC,D
14:23:36,PTBA,RG,3680,10,D,AK,CC,D
14:23:35,PTBA,RG,3680,29,F,BK,CC,D
14:23:35,PTBA,RG,3680,31,F,BK,AK,F
14:23:35,PTBA,RG,3680,3,F,BK,YB,D
14:23:35,PTBA,RG,3680,121,F,BK,CS,F
14:23:35,PTBA,RG,3680,48,F,BK,CS,F
14:23:35,PTBA,RG,3670,29,F,BK,BB,D
14:23:34,PTBA,RG,3680,2,D,AK,CS,F
14:23:33,PTBA,RG,3680,34,F,AK,CS,F
14:23:32,PTBA,RG,3680,1,D,AK,CS,F
14:23:31,PTBA,RG,3680,2,D,AK,CS,F
14:23:30,PTBA,RG,3670,28,F,BK,AK,F
14:23:30,PTBA,RG,3670,1,F,BK,AK,F
14:23:30,PTBA,RG,3670,5,D,BB,AK,F
14:23:30,PTBA,RG,3670,1,D,BB,AK,F
14:23:30,PTBA,RG,3670,21,D,BB,AK,F
14:23:30,PTBA,RG,3670,1,D,BB,AK,F
14:23:30,PTBA,RG,3670,4,F,AK,AK,F
14:23:27,PTBA,RG,3680,5,D,PC,CS,F
14:23:24,PTBA,RG,3680,1,D,AK,CS,F
14:23:24,PTBA,RG,3680,1,D,AK,CS,F
14:23:23,PTBA,RG,3680,1,D,AK,CS,F
14:23:23,PTBA,RG,3670,17,F,AK,BB,D
14:23:21,PTBA,RG,3680,15,D,YP,CS,F
14:23:13,PTBA,RG,3680,1,D,AK,CS,F
14:23:12,PTBA,RG,3670,30,F,AK,BB,D
14:23:01,PTBA,RG,3680,1,D,AK,CS,F
14:23:01,PTBA,RG,3680,1,D,AK,CS,F
14:23:00,PTBA,RG,3670,23,F,AK,OD,D
14:22:59,PTBA,RG,3680,1,D,AK,CS,F
14:22:58,PTBA,RG,3670,26,F,AK,OD,D
14:22:57,PTBA,RG,3680,1,D,AK,CC,D
14:22:56,PTBA,RG,3680,4,D,CC,CC,D
14:22:56,PTBA,RG,3680,7,D,CC,CC,D
14:22:54,PTBA,RG,3670,16,F,AK,BB,D
14:22:54,PTBA,RG,3670,7,F,AK,OD,D
14:22:40,PTBA,RG,3680,1,D,AK,CC,D
14:22:39,PTBA,RG,3680,2,D,AK,CC,D
14:22:38,PTBA,RG,3680,10,D,XC,ZP,F
14:22:37,PTBA,RG,3670,26,F,AK,BB,D
14:22:37,PTBA,RG,3680,1,D,AK,ZP,F
14:22:37,PTBA,RG,3680,3,D,AK,ZP,F
14:22:35,PTBA,RG,3670,65,F,AK,ZP,F
14:22:31,PTBA,RG,3670,18,F,AK,BB,D
14:22:23,PTBA,RG,3680,1,D,AK,ZP,F
14:22:21,PTBA,RG,3670,4,F,AK,CC,D
14:22:21,PTBA,RG,3680,1,D,AK,ZP,F
14:22:21,PTBA,RG,3680,1,D,AK,ZP,F
14:22:20,PTBA,RG,3670,12,F,AK,CC,D
14:22:19,PTBA,RG,3670,11,F,AK,BB,D
14:22:19,PTBA,RG,3680,5,D,PD,ZP,F
14:22:07,PTBA,RG,3680,1,D,AK,ZP,F
14:22:06,PTBA,RG,3680,1,D,AK,ZP,F
14:22:05,PTBA,RG,3670,31,F,AK,BB,D
14:22:04,PTBA,RG,3670,18,F,AK,PD,D
14:22:01,PTBA,RG,3680,1,D,AK,ZP,F
14:22:01,PTBA,RG,3680,1,D,AK,ZP,F
14:22:00,PTBA,RG,3670,33,F,AK,OD,D
14:21:59,PTBA,RG,3680,1,D,AK,ZP,F
14:21:58,PTBA,RG,3670,22,F,AK,OD,D
14:21:55,PTBA,RG,3680,4,D,AK,ZP,F
14:21:55,PTBA,RG,3680,13,D,AK,ZP,F
14:21:53,PTBA,RG,3670,7,F,AK,OD,D
14:21:53,PTBA,RG,3670,100,F,AK,BB,D
14:21:53,PTBA,RG,3670,199,D,AK,BB,D
14:21:35,PTBA,RG,3680,1,D,AK,ZP,F
14:21:34,PTBA,RG,3670,8,D,AK,CC,D
14:21:01,PTBA,RG,3680,1,D,AK,ZP,F
14:21:00,PTBA,RG,3670,30,D,AK,OD,D
14:20:59,PTBA,RG,3680,1,D,AK,ZP,F
14:20:58,PTBA,RG,3670,26,D,AK,OD,D
14:20:55,PTBA,RG,3680,1,D,AK,ZP,F
14:20:55,PTBA,RG,3680,1,D,AK,ZP,F
14:20:54,PTBA,RG,3670,8,D,AK,OD,D
14:20:40,PTBA,RG,3680,2,D,AK,ZP,F
14:20:39,PTBA,RG,3670,55,D,AK,NI,D
14:20:33,PTBA,RG,3670,1,D,AK,DR,D
14:20:28,PTBA,RG,3670,4,D,AK,ZP,F
14:20:22,PTBA,RG,3680,1,D,AK,ZP,F
14:20:21,PTBA,RG,3680,1,D,AK,ZP,F
14:20:20,PTBA,RG,3680,10,D,CC,ZP,F
14:20:11,PTBA,RG,3680,2,D,AK,ZP,F
14:20:10,PTBA,RG,3670,48,D,AK,ZP,F
14:20:00,PTBA,RG,3680,1,D,AK,ZP,F
14:20:00,PTBA,RG,3670,11,D,AK,OD,D
14:20:00,PTBA,RG,3670,6,D,AK,OD,D
14:20:00,PTBA,RG,3670,1,D,AK,OD,D
14:20:00,PTBA,RG,3670,11,D,YU,OD,D
14:19:59,PTBA,RG,3680,1,D,AK,ZP,F
14:19:58,PTBA,RG,3680,7,D,AK,ZP,F
14:19:58,PTBA,RG,3680,1,D,AK,ZP,F
14:19:58,PTBA,RG,3670,22,D,YU,OD,D
14:19:53,PTBA,RG,3680,5,D,AK,ZP,F
14:19:53,PTBA,RG,3680,1,D,AK,ZP,F
14:19:52,PTBA,RG,3680,3,D,AK,ZP,F
14:19:52,PTBA,RG,3670,17,D,YU,BB,D
14:19:51,PTBA,RG,3670,7,D,YU,OD,D
14:19:40,PTBA,RG,3680,1,D,AK,ZP,F
14:19:40,PTBA,RG,3680,1,D,AK,ZP,F
14:19:39,PTBA,RG,3680,1,D,AK,ZP,F
14:19:38,PTBA,RG,3670,3,D,YU,NI,D
14:19:35,PTBA,RG,3680,1,D,AK,ZP,F
14:19:34,PTBA,RG,3680,5,D,AK,ZP,F
14:19:34,PTBA,RG,3680,1,D,AK,ZP,F
14:19:33,PTBA,RG,3680,2,D,AK,ZP,F
14:19:33,PTBA,RG,3680,10,D,AK,ZP,F
14:19:33,PTBA,RG,3680,5,D,AK,ZP,F
14:19:33,PTBA,RG,3680,1,D,AK,ZP,F
14:19:33,PTBA,RG,3670,10,D,YU,KK,D
14:19:32,PTBA,RG,3680,4,D,AK,ZP,F
14:19:32,PTBA,RG,3680,98,D,AK,ZP,F
14:19:32,PTBA,RG,3680,8,D,AK,ZP,F
14:19:32,PTBA,RG,3680,4,D,AK,CS,F
14:19:32,PTBA,RG,3680,1,D,AK,CS,F
14:19:32,PTBA,RG,3670,12,D,YU,BB,D
14:19:31,PTBA,RG,3670,305,D,YU,CS,F
14:19:24,PTBA,RG,3680,1,D,AK,CS,F
14:19:24,PTBA,RG,3680,1,D,AK,CS,F
14:19:23,PTBA,RG,3680,1,D,AK,CS,F
14:19:23,PTBA,RG,3680,2,D,AK,CS,F
14:19:23,PTBA,RG,3680,14,D,AK,CS,F
14:19:22,PTBA,RG,3670,44,D,YU,BB,D
14:19:17,PTBA,RG,3680,4,D,AK,CS,F
14:19:16,PTBA,RG,3670,10,D,YU,BB,D
14:19:09,PTBA,RG,3680,1,D,NI,CS,F
14:19:02,PTBA,RG,3680,1,D,AK,CS,F
14:19:02,PTBA,RG,3680,1,D,AK,CS,F
14:19:01,PTBA,RG,3680,1,D,AK,CS,F
14:19:01,PTBA,RG,3680,9,D,AK,CS,F
14:19:01,PTBA,RG,3680,1,D,AK,CS,F
14:19:00,PTBA,RG,3680,10,D,AK,CS,F
14:19:00,PTBA,RG,3680,2,D,AK,CS,F
14:19:00,PTBA,RG,3670,26,D,YU,AK,F
14:19:00,PTBA,RG,3670,27,D,YU,OD,D
14:18:59,PTBA,RG,3680,1,D,AK,CS,F
14:18:59,PTBA,RG,3680,8,D,AK,CS,F
14:18:59,PTBA,RG,3680,1,D,AK,CS,F
14:18:59,PTBA,RG,3680,1,D,AK,CS,F
14:18:58,PTBA,RG,3680,8,D,AK,CS,F
14:18:58,PTBA,RG,3680,1,D,AK,CS,F
14:18:58,PTBA,RG,3670,24,D,YU,BB,D
14:18:58,PTBA,RG,3670,25,D,YU,OD,D
14:18:52,PTBA,RG,3680,3,D,AK,CS,F
14:18:52,PTBA,RG,3670,9,D,YU,OD,D
14:18:49,PTBA,RG,3680,1,D,AK,CS,F
14:18:49,PTBA,RG,3680,1,D,AK,CS,F
14:18:48,PTBA,RG,3680,1,D,AK,CS,F
14:18:48,PTBA,RG,3680,1,D,AK,CS,F
14:18:48,PTBA,RG,3680,1,D,AK,CS,F
14:18:47,PTBA,RG,3680,1,D,AK,CS,F
14:18:47,PTBA,RG,3680,4,D,AK,CS,F
14:18:47,PTBA,RG,3680,31,D,AK,CS,F
14:18:46,PTBA,RG,3670,96,D,YU,BB,D
14:18:39,PTBA,RG,3680,2,D,AK,CS,F
14:18:39,PTBA,RG,3680,1,D,KK,CS,F
14:18:38,PTBA,RG,3680,5,D,XC,CS,F
14:18:27,PTBA,RG,3680,1,D,AK,CS,F
14:18:27,PTBA,RG,3680,1,D,AK,CS,F
14:18:26,PTBA,RG,3680,1,D,AK,CS,F
14:18:26,PTBA,RG,3680,8,D,AK,CS,F
14:18:26,PTBA,RG,3680,1,D,AK,CS,F
14:18:25,PTBA,RG,3680,25,F,AK,CS,F
14:18:20,PTBA,RG,3680,8,D,AK,CS,F
14:18:20,PTBA,RG,3680,1,D,AK,CS,F
14:18:19,PTBA,RG,3680,23,D,CC,CS,F
14:18:03,PTBA,RG,3680,1,D,AK,CS,F
14:18:02,PTBA,RG,3680,1,D,AK,CS,F
14:18:02,PTBA,RG,3680,2,D,AK,CS,F
14:18:02,PTBA,RG,3680,7,D,AK,NI,D
14:18:02,PTBA,RG,3680,1,D,AK,NI,D
14:18:02,PTBA,RG,3680,1,D,AK,NI,D
14:18:02,PTBA,RG,3670,28,D,YU,OD,D
14:18:01,PTBA,RG,3680,1,D,AK,NI,D
14:18:00,PTBA,RG,3670,1,D,YU,NI,D
14:17:58,PTBA,RG,3680,1,D,AK,NI,D
14:17:57,PTBA,RG,3680,6,D,AK,NI,D
14:17:57,PTBA,RG,3680,1,D,AK,NI,D
14:17:56,PTBA,RG,3670,21,D,YU,OD,D
14:17:52,PTBA,RG,3680,3,D,AK,NI,D
14:17:52,PTBA,RG,3670,7,D,YU,OD,D
14:17:51,PTBA,RG,3680,1,D,NI,NI,D
14:17:46,PTBA,RG,3680,1,D,AK,NI,D
14:17:45,PTBA,RG,3680,1,D,AK,NI,D
14:17:45,PTBA,RG,3680,2,D,AK,NI,D
14:17:45,PTBA,RG,3680,2,D,AK,NI,D
14:17:44,PTBA,RG,3680,1,D,AK,NI,D
14:17:44,PTBA,RG,3680,31,D,AK,NI,D
14:17:44,PTBA,RG,3680,1,D,AK,BB,D
14:17:44,PTBA,RG,3680,4,D,AK,BB,D
14:17:43,PTBA,RG,3670,100,D,YU,KK,D
14:17:41,PTBA,RG,3680,4,D,AK,BB,D
14:17:40,PTBA,RG,3680,13,D,CC,BB,D
14:17:04,PTBA,RG,3680,1,D,AK,BB,D
14:17:04,PTBA,RG,3680,1,D,AK,BB,D
14:17:03,PTBA,RG,3680,9,D,AK,BB,D
14:17:03,PTBA,RG,3680,1,D,AK,BB,D
14:17:03,PTBA,RG,3680,1,D,AK,BB,D
14:17:02,PTBA,RG,3670,27,D,YU,OD,D
14:16:57,PTBA,RG,3680,8,D,AK,BB,D
14:16:57,PTBA,RG,3680,1,D,AK,BB,D
14:16:57,PTBA,RG,3680,1,D,AK,BB,D
14:16:56,PTBA,RG,3670,24,D,YU,OD,D
14:16:53,PTBA,RG,3680,3,D,AK,BB,D
14:16:53,PTBA,RG,3680,1,D,AK,BB,D
14:16:52,PTBA,RG,3670,7,D,YU,OD,D
14:16:51,PTBA,RG,3680,1,D,AK,BB,D
14:16:51,PTBA,RG,3680,7,D,AK,BB,D
14:16:51,PTBA,RG,3680,1,D,AK,BB,D
14:16:50,PTBA,RG,3670,22,D,YU,XL,D
14:16:06,PTBA,RG,3680,1,D,AK,BB,D
14:16:05,PTBA,RG,3680,1,D,AK,BB,D
14:16:05,PTBA,RG,3680,8,D,AK,BB,D
14:16:04,PTBA,RG,3670,27,D,YU,OD,D
14:16:02,PTBA,RG,3680,1,D,AK,BB,D
14:16:01,PTBA,RG,3680,1,D,AK,BB,D
14:16:00,PTBA,RG,3680,1,D,AK,BB,D
14:15:59,PTBA,RG,3670,5,D,YU,CC,D
14:15:57,PTBA,RG,3680,1,D,AK,BB,D
14:15:56,PTBA,RG,3680,1,D,AK,BB,D
14:15:55,PTBA,RG,3680,7,D,AK,BB,D
14:15:55,PTBA,RG,3680,1,D,AK,BB,D
14:15:54,PTBA,RG,3670,21,D,YU,OD,D
14:15:53,PTBA,RG,3680,2,D,AK,BB,D
14:15:51,PTBA,RG,3670,7,D,YU,OD,D
14:15:47,PTBA,RG,3680,2,D,AK,BB,D
14:15:47,PTBA,RG,3680,1,D,AK,BB,D
14:15:46,PTBA,RG,3680,2,D,AK,BB,D
14:15:46,PTBA,RG,3680,2,D,AK,BB,D
14:15:46,PTBA,RG,3680,3,D,AK,BB,D
14:15:46,PTBA,RG,3680,1,D,AK,BB,D
14:15:45,PTBA,RG,3680,3,D,AK,BB,D
14:15:45,PTBA,RG,3680,3,D,AK,BB,D
14:15:45,PTBA,RG,3680,136,D,AK,BB,D
14:15:45,PTBA,RG,3680,1,D,AK,BB,D
14:15:44,PTBA,RG,3670,55,D,YU,MG,D
14:15:44,PTBA,RG,3670,25,D,PD,MG,D
14:15:44,PTBA,RG,3670,23,D,XC,MG,D
14:15:44,PTBA,RG,3670,2,D,YP,MG,D
14:15:44,PTBA,RG,3670,100,D,PD,MG,D
14:15:44,PTBA,RG,3670,1,D,PD,MG,D
14:15:44,PTBA,RG,3670,1,D,PD,MG,D
14:15:44,PTBA,RG,3670,3,D,DR,MG,D
14:15:44,PTBA,RG,3670,3,D,NI,MG,D
14:15:44,PTBA,RG,3670,2,D,DR,MG,D
14:15:44,PTBA,RG,3670,6,D,YP,MG,D
14:15:44,PTBA,RG,3670,10,D,PD,MG,D
14:15:44,PTBA,RG,3670,1,D,YP,MG,D
14:15:44,PTBA,RG,3670,1,D,CC,MG,D
14:15:44,PTBA,RG,3670,2,D,PD,MG,D
14:15:44,PTBA,RG,3670,20,D,NI,MG,D
14:15:44,PTBA,RG,3670,1,D,XC,MG,D
14:15:44,PTBA,RG,3670,10,D,PD,MG,D
14:15:44,PTBA,RG,3670,7,D,XC,MG,D
14:15:44,PTBA,RG,3670,14,D,XC,MG,D
14:15:44,PTBA,RG,3670,2,D,PD,MG,D
14:15:44,PTBA,RG,3670,2,D,YP,MG,D
14:15:44,PTBA,RG,3670,129,D,OD,MG,D
14:15:36,PTBA,RG,3680,1,D,AK,BB,D
14:15:36,PTBA,RG,3680,32,D,AK,BB,D
14:15:35,PTBA,RG,3670,100,D,OD,KK,D
14:15:22,PTBA,RG,3680,1,D,AK,BB,D
14:15:21,PTBA,RG,3680,1,D,AK,BB,D
14:15:20,PTBA,RG,3680,1,D,AK,BB,D
14:15:20,PTBA,RG,3680,5,D,AK,BB,D
14:15:19,PTBA,RG,3680,17,D,BB,BB,D
14:15:17,PTBA,RG,3680,1,D,AK,BB,D
14:15:16,PTBA,RG,3680,1,D,AK,BB,D
14:15:16,PTBA,RG,3680,15,D,AK,BB,D
14:15:15,PTBA,RG,3670,48,D,OD,AK,F
14:15:05,PTBA,RG,3680,7,D,AK,BB,D
14:15:04,PTBA,RG,3670,23,D,OD,OD,D
14:15:01,PTBA,RG,3680,5,D,AK,BB,D
14:15:00,PTBA,RG,3680,13,D,CC,BB,D
14:14:57,PTBA,RG,3680,1,D,AK,BB,D
14:14:57,PTBA,RG,3680,6,D,AK,BB,D
14:14:56,PTBA,RG,3670,18,D,OD,OD,D
14:14:53,PTBA,RG,3680,2,D,AK,BB,D
14:14:51,PTBA,RG,3670,6,D,OD,OD,D
14:14:14,PTBA,RG,3680,2,D,BB,BB,D
14:14:09,PTBA,RG,3680,1,D,AK,BB,D
14:14:08,PTBA,RG,3680,1,D,AK,BB,D
14:14:08,PTBA,RG,3680,18,D,AK,BB,D
14:14:07,PTBA,RG,3680,57,F,AK,BB,D
14:14:01,PTBA,RG,3680,7,D,AK,BB,D
14:14:00,PTBA,RG,3670,22,D,OD,OD,D
14:13:58,PTBA,RG,3680,1,D,AK,BB,D
14:13:57,PTBA,RG,3680,1,D,AK,BB,D
14:13:57,PTBA,RG,3680,5,D,AK,BB,D
14:13:57,PTBA,RG,3680,1,D,AK,BB,D
14:13:56,PTBA,RG,3670,18,D,OD,OD,D
14:13:53,PTBA,RG,3680,2,D,AK,BB,D
14:13:51,PTBA,RG,3670,6,D,OD,OD,D
14:13:40,PTBA,RG,3680,3,D,AK,BB,D
14:13:38,PTBA,RG,3680,9,D,XC,BB,D
14:13:32,PTBA,RG,3680,3,D,AK,BB,D
14:13:30,PTBA,RG,3680,10,D,YP,BB,D
14:13:30,PTBA,RG,3680,1,D,AK,BB,D
14:13:29,PTBA,RG,3680,2,D,XC,BB,D
14:13:10,PTBA,RG,3680,1,D,AK,BB,D
14:13:09,PTBA,RG,3680,3,D,AK,BB,D
14:13:09,PTBA,RG,3680,4,D,AK,BB,D
14:13:09,PTBA,RG,3680,1,D,AK,BB,D
14:13:08,PTBA,RG,3680,10,D,AK,BB,D
14:13:08,PTBA,RG,3680,158,D,AK,BB,D
14:13:08,PTBA,RG,3680,67,D,AK,ZP,F
14:13:08,PTBA,RG,3680,11,D,AK,XC,D
14:13:07,PTBA,RG,3670,170,D,OD,BB,D
14:13:07,PTBA,RG,3670,1,D,SQ,BB,D
14:13:07,PTBA,RG,3670,4,D,SQ,BB,D
14:13:07,PTBA,RG,3670,20,D,PD,BB,D
14:13:07,PTBA,RG,3670,10,D,CD,BB,D
14:13:07,PTBA,RG,3670,150,D,PD,BB,D
14:13:07,PTBA,RG,3670,7,D,CD,BB,D
14:13:07,PTBA,RG,3670,2,D,XL,BB,D
14:13:07,PTBA,RG,3670,1,D,KK,BB,D
14:13:07,PTBA,RG,3670,3,D,XC,BB,D
14:13:07,PTBA,RG,3670,13,D,SQ,BB,D
14:13:07,PTBA,RG,3670,1,D,BB,BB,D
14:13:07,PTBA,RG,3670,6,D,XL,BB,D
14:13:07,PTBA,RG,3670,8,D,BB,BB,D
14:13:07,PTBA,RG,3670,10,D,PD,BB,D
14:13:07,PTBA,RG,3670,100,D,CC,BB,D
14:13:07,PTBA,RG,3670,66,F,AK,BB,D
14:13:07,PTBA,RG,3670,15,D,CC,BB,D
14:13:07,PTBA,RG,3670,87,D,DH,BB,D
14:13:07,PTBA,RG,3670,1,D,XC,BB,D
14:13:07,PTBA,RG,3670,1,D,BB,BB,D
14:13:07,PTBA,RG,3670,1,D,BB,BB,D
14:13:07,PTBA,RG,3670,58,D,AK,BB,D
14:13:06,PTBA,RG,3680,1,D,AK,XC,D
14:13:05,PTBA,RG,3680,2,D,BB,XC,D
14:13:01,PTBA,RG,3680,5,D,AK,XC,D
14:13:01,PTBA,RG,3680,1,D,AK,XC,D
14:13:01,PTBA,RG,3680,6,D,AK,CS,F
14:13:01,PTBA,RG,3680,3,D,AK,CS,F
14:13:00,PTBA,RG,3670,22,D,AK,AK,F
14:13:00,PTBA,RG,3670,1,D,AK,AK,F
14:13:00,PTBA,RG,3670,2,D,AK,AK,F
14:13:00,PTBA,RG,3670,1,D,AK,AK,F
14:13:00,PTBA,RG,3670,1,D,AK,AK,F
14:13:00,PTBA,RG,3670,3,D,YU,AK,F
14:13:00,PTBA,RG,3680,1,D,AK,CS,F
14:13:00,PTBA,RG,3680,1,D,AK,CS,F
14:13:00,PTBA,RG,3670,25,D,YU,OD,D
14:12:59,PTBA,RG,3680,3,D,AK,CS,F
14:12:59,PTBA,RG,3680,2,D,AK,CS,F
14:12:59,PTBA,RG,3680,1,D,AK,CS,F
14:12:58,PTBA,RG,3680,1,D,AK,CS,F
14:12:58,PTBA,RG,3670,18,D,YU,OD,D
14:12:57,PTBA,RG,3680,3,D,AK,CS,F
14:12:57,PTBA,RG,3680,1,D,AK,CS,F
14:12:55,PTBA,RG,3680,9,D,BB,CS,F
14:12:53,PTBA,RG,3680,3,D,AK,CS,F
14:12:53,PTBA,RG,3680,1,D,AK,CS,F
14:12:52,PTBA,RG,3680,1,D,AK,CS,F
14:12:52,PTBA,RG,3680,11,D,AK,CS,F
14:12:52,PTBA,RG,3680,1,D,AK,CS,F
14:12:51,PTBA,RG,3670,7,D,YU,OD,D
14:12:51,PTBA,RG,3680,2,D,CC,CS,F
14:12:50,PTBA,RG,3670,34,D,YU,ZP,F
14:12:47,PTBA,RG,3680,1,D,AK,CS,F
14:12:46,PTBA,RG,3680,1,D,AK,CS,F
14:12:45,PTBA,RG,3680,1,D,AK,CS,F
14:12:44,PTBA,RG,3680,1,D,AK,CS,F
14:12:44,PTBA,RG,3680,4,D,AK,CS,F
14:12:44,PTBA,RG,3680,2,D,AK,NI,D
14:12:44,PTBA,RG,3680,10,D,AK,YP,D
14:12:44,PTBA,RG,3680,2,D,AK,YP,D
14:12:43,PTBA,RG,3670,50,D,YU,KK,D
14:12:21,PTBA,RG,3680,3,D,AK,YP,D
14:12:21,PTBA,RG,3680,1,D,AK,YP,D
14:12:20,PTBA,RG,3680,4,D,CC,YP,D
14:12:20,PTBA,RG,3680,4,D,CC,NI,D
14:12:20,PTBA,RG,3680,2,D,CC,CS,F
14:12:20,PTBA,RG,3680,4,D,AK,CS,F
14:12:19,PTBA,RG,3670,10,D,YU,BQ,D
14:12:06,PTBA,RG,3680,1,D,AK,CS,F
14:12:06,PTBA,RG,3680,1,D,AK,CS,F
14:12:05,PTBA,RG,3680,3,D,BB,CS,F
14:12:01,PTBA,RG,3680,1,D,AK,CS,F
14:12:01,PTBA,RG,3680,8,D,AK,CS,F
14:12:01,PTBA,RG,3680,1,D,AK,CS,F
14:12:00,PTBA,RG,3670,23,D,YU,OD,D
14:11:59,PTBA,RG,3680,6,D,AK,CS,F
14:11:59,PTBA,RG,3680,1,D,AK,CS,F
14:11:58,PTBA,RG,3670,18,D,YU,OD,D
14:11:53,PTBA,RG,3680,2,D,AK,CS,F
14:11:51,PTBA,RG,3670,6,D,YU,OD,D
14:11:31,PTBA,RG,3680,3,D,AK,CS,F
14:11:31,PTBA,RG,3680,1,D,AK,CS,F
14:11:30,PTBA,RG,3670,1,D,YU,XC,D
14:11:29,PTBA,RG,3680,8,D,BB,CS,F
14:11:24,PTBA,RG,3680,1,D,AK,CS,F
14:11:24,PTBA,RG,3680,1,D,AK,CS,F
14:11:23,PTBA,RG,3680,13,D,AK,CS,F
14:11:23,PTBA,RG,3680,2,D,AK,CS,F
14:11:23,PTBA,RG,3680,1,D,AK,CS,F
14:11:21,PTBA,RG,3670,40,D,YU,KK,D
14:11:02,PTBA,RG,3680,1,D,AK,CS,F
14:11:01,PTBA,RG,3680,1,D,AK,CS,F
14:11:01,PTBA,RG,3680,7,D,AK,CS,F
14:11:01,PTBA,RG,3680,1,D,AK,CS,F
14:11:00,PTBA,RG,3680,3,D,AK,CS,F
14:11:00,PTBA,RG,3680,1,D,AK,CS,F
14:11:00,PTBA,RG,3670,22,D,YU,OD,D
14:10:59,PTBA,RG,3680,2,D,AK,CS,F
14:10:59,PTBA,RG,3680,16,D,AK,CS,F
14:10:59,PTBA,RG,3680,6,D,AK,CS,F
14:10:58,PTBA,RG,3680,5,D,AK,CS,F
14:10:58,PTBA,RG,3680,120,D,AK,CS,F
14:10:58,PTBA,RG,3680,16,D,AK,CS,F
14:10:58,PTBA,RG,3680,2,D,AK,CS,F
14:10:57,PTBA,RG,3670,19,D,YU,OD,D
14:10:57,PTBA,RG,3670,8,D,YU,XC,D
14:10:56,PTBA,RG,3670,372,D,YU,CS,F
14:10:56,PTBA,RG,3680,1,D,AK,CS,F
14:10:56,PTBA,RG,3680,7,D,AK,CS,F
14:10:56,PTBA,RG,3680,1,D,AK,CS,F
14:10:55,PTBA,RG,3670,20,D,YU,KK,D
14:10:54,PTBA,RG,3670,2,D,YU,PD,D
14:10:53,PTBA,RG,3680,2,D,AK,CS,F
14:10:51,PTBA,RG,3670,6,D,YU,OD,D
14:10:51,PTBA,RG,3680,1,D,AK,CS,F
14:10:50,PTBA,RG,3680,1,D,AK,CS,F
14:10:50,PTBA,RG,3680,3,D,AK,CS,F
14:10:49,PTBA,RG,3670,9,D,YU,YP,D
14:10:37,PTBA,RG,3680,1,D,AK,CS,F
14:10:36,PTBA,RG,3680,3,F,BK,CS,F
14:10:35,PTBA,RG,3680,1,D,AK,CS,F
14:10:34,PTBA,RG,3680,4,D,DH,CS,F
14:10:29,PTBA,RG,3680,7,D,AK,CS,F
14:10:29,PTBA,RG,3680,1,D,AK,CS,F
14:10:27,PTBA,RG,3670,20,D,YU,KK,D
14:10:25,PTBA,RG,3680,1,D,AK,CS,F
14:10:23,PTBA,RG,3670,4,D,YU,ZP,F
14:10:09,PTBA,RG,3680,1,D,AK,CS,F
14:10:09,PTBA,RG,3680,1,D,AK,CS,F
14:10:08,PTBA,RG,3680,1,D,AK,CS,F
14:10:07,PTBA,RG,3680,2,D,AK,CS,F
14:10:06,PTBA,RG,3680,9,D,BB,CS,F
14:10:04,PTBA,RG,3680,1,D,AK,CS,F
14:10:03,PTBA,RG,3680,8,D,AK,CS,F
14:10:03,PTBA,RG,3680,1,D,AK,CS,F
14:10:02,PTBA,RG,3680,1,D,AK,CS,F
14:10:02,PTBA,RG,3680,1,D,AK,CS,F
14:10:02,PTBA,RG,3670,26,D,YU,YP,D
14:10:01,PTBA,RG,3680,1,D,BB,CS,F
14:10:00,PTBA,RG,3680,1,D,AK,CS,F
14:10:00,PTBA,RG,3680,8,D,AK,CS,F
14:10:00,PTBA,RG,3680,1,D,AK,CS,F
14:10:00,PTBA,RG,3670,25,D,YU,OD,D
14:09:57,PTBA,RG,3680,1,D,AK,CS,F
14:09:56,PTBA,RG,3680,6,D,AK,CS,F
14:09:56,PTBA,RG,3680,1,D,AK,CS,F
14:09:56,PTBA,RG,3670,20,D,YU,OD,D
14:09:52,PTBA,RG,3680,3,D,AK,CS,F
14:09:51,PTBA,RG,3680,1,D,AK,CS,F
14:09:51,PTBA,RG,3680,1,D,AK,CS,F
14:09:51,PTBA,RG,3670,7,D,YU,OD,D
14:09:51,PTBA,RG,3680,3,D,BB,CS,F
14:09:45,PTBA,RG,3680,3,D,AK,CS,F
14:09:45,PTBA,RG,3680,1,D,AK,CS,F
14:09:44,PTBA,RG,3680,10,D,CC,CS,F
14:09:33,PTBA,RG,3680,1,D,AK,CS,F
14:09:32,PTBA,RG,3680,1,D,AK,CS,F
14:09:32,PTBA,RG,3680,1,D,AK,CS,F
14:09:31,PTBA,RG,3680,11,D,AK,CS,F
14:09:31,PTBA,RG,3680,1,D,AK,CS,F
14:09:30,PTBA,RG,3680,6,D,AK,CS,F
14:09:30,PTBA,RG,3680,1,D,AK,CS,F
14:09:30,PTBA,RG,3670,32,D,YU,AK,F
14:09:29,PTBA,RG,3680,18,D,BB,CS,F
14:09:19,PTBA,RG,3680,1,D,AK,CS,F
14:09:18,PTBA,RG,3680,3,D,YP,CS,F
14:09:04,PTBA,RG,3680,1,D,AK,CS,F
14:09:04,PTBA,RG,3680,2,D,AK,CS,F
14:09:04,PTBA,RG,3680,5,D,XC,CS,F
14:09:03,PTBA,RG,3680,1,D,AK,CS,F
14:09:02,PTBA,RG,3680,9,D,AK,CS,F
14:09:02,PTBA,RG,3680,1,D,AK,CS,F
14:09:02,PTBA,RG,3670,27,D,YU,OD,D
14:08:54,PTBA,RG,3680,6,D,AK,CS,F
14:08:54,PTBA,RG,3680,1,D,AK,CS,F
14:08:53,PTBA,RG,3670,19,D,YU,OD,D
14:08:53,PTBA,RG,3680,1,D,AK,CS,F
14:08:52,PTBA,RG,3680,1,D,AK,CS,F
14:08:52,PTBA,RG,3680,2,D,AK,CS,F
14:08:52,PTBA,RG,3680,1,D,AK,CS,F
14:08:51,PTBA,RG,3680,3,D,AK,CS,F
14:08:51,PTBA,RG,3670,6,D,YU,OD,D
14:08:50,PTBA,RG,3680,8,D,BB,CS,F
14:08:37,PTBA,RG,3680,1,D,XC,CS,F
14:08:24,PTBA,RG,3680,1,D,AK,CS,F
14:08:23,PTBA,RG,3670,3,D,YU,CC,D
14:08:09,PTBA,RG,3680,1,D,XC,CS,F
14:08:00,PTBA,RG,3680,8,D,AK,CS,F
14:08:00,PTBA,RG,3680,1,D,AK,CS,F
14:07:59,PTBA,RG,3670,25,D,YU,OD,D
14:07:58,PTBA,RG,3680,1,D,AK,CS,F
14:07:57,PTBA,RG,3680,1,D,AK,CS,F
14:07:56,PTBA,RG,3680,1,D,NI,CS,F
14:07:55,PTBA,RG,3680,1,D,AK,CS,F
14:07:54,PTBA,RG,3680,1,D,AK,CS,F
14:07:54,PTBA,RG,3680,8,D,AK,CS,F
14:07:54,PTBA,RG,3680,1,D,AK,CS,F
14:07:53,PTBA,RG,3670,19,D,YU,OD,D
14:07:53,PTBA,RG,3670,6,D,YU,OD,D
14:07:44,PTBA,RG,3680,1,D,AK,CS,F
14:07:43,PTBA,RG,3680,3,D,BB,CS,F
14:07:40,PTBA,RG,3680,3,D,AK,CS,F
14:07:40,PTBA,RG,3680,1,D,AK,CS,F
14:07:39,PTBA,RG,3670,10,D,YU,YP,D
14:07:34,PTBA,RG,3680,3,D,AK,CS,F
14:07:33,PTBA,RG,3680,9,D,BB,CS,F
14:07:26,PTBA,RG,3680,1,D,AK,CS,F
14:07:25,PTBA,RG,3680,1,D,AK,CS,F
14:07:24,PTBA,RG,3680,3,D,AK,CS,F
14:07:24,PTBA,RG,3680,1,D,AK,CS,F
14:07:23,PTBA,RG,3670,10,D,YU,CC,D
14:07:08,PTBA,RG,3680,1,D,AK,CS,F
14:07:08,PTBA,RG,3680,1,D,BB,CS,F
14:07:07,PTBA,RG,3670,1,D,YU,CC,D
14:07:02,PTBA,RG,3680,1,D,AK,CS,F
14:07:01,PTBA,RG,3680,4,D,AK,CS,F
14:07:01,PTBA,RG,3680,1,D,AK,CS,F
14:07:00,PTBA,RG,3680,11,D,CC,CS,F
14:07:00,PTBA,RG,3680,1,D,AK,CS,F
14:06:59,PTBA,RG,3680,7,D,AK,CS,F
14:06:59,PTBA,RG,3680,1,D,AK,CS,F
14:06:59,PTBA,RG,3680,1,D,XC,CS,F
14:06:57,PTBA,RG,3670,22,D,YU,OD,D
14:06:55,PTBA,RG,3680,1,D,AK,CS,F
14:06:55,PTBA,RG,3680,7,D,AK,CS,F
14:06:55,PTBA,RG,3680,1,D,AK,CS,F
14:06:54,PTBA,RG,3680,2,D,AK,CS,F
14:06:54,PTBA,RG,3670,21,D,YU,OD,D
14:06:53,PTBA,RG,3670,6,D,YU,OD,D
14:06:47,PTBA,RG,3680,1,D,AK,CS,F
14:06:46,PTBA,RG,3680,5,D,AK,CS,F
14:06:45,PTBA,RG,3680,15,D,PD,CS,F
14:06:09,PTBA,RG,3680,3,D,AK,CS,F
14:06:09,PTBA,RG,3680,1,D,AK,CS,F
14:06:07,PTBA,RG,3680,8,D,BB,CS,F
14:06:05,PTBA,RG,3680,1,D,NI,CS,F
14:05:58,PTBA,RG,3680,1,D,AK,CS,F
14:05:57,PTBA,RG,3680,1,D,AK,CS,F
14:05:57,PTBA,RG,3680,8,D,AK,CS,F
14:05:57,PTBA,RG,3680,1,D,AK,CS,F
14:05:56,PTBA,RG,3680,1,D,AK,CS,F
14:05:55,PTBA,RG,3670,26,D,YU,OD,D
14:05:55,PTBA,RG,3680,5,D,AK,CS,F
14:05:55,PTBA,RG,3680,1,D,AK,CS,F
14:05:54,PTBA,RG,3680,2,D,AK,CS,F
14:05:53,PTBA,RG,3670,17,D,YU,OD,D
14:05:53,PTBA,RG,3670,7,D,YU,OD,D
14:05:43,PTBA,RG,3680,1,D,AK,CS,F
14:05:42,PTBA,RG,3680,1,D,AK,CS,F
14:05:41,PTBA,RG,3680,2,D,AK,CS,F
14:05:40,PTBA,RG,3680,7,D,NI,CS,F
14:05:37,PTBA,RG,3680,1,D,AK,CS,F
14:05:36,PTBA,RG,3680,3,D,BB,CS,F
14:05:34,PTBA,RG,3680,2,D,AK,CS,F
14:05:33,PTBA,RG,3680,1,D,AK,CS,F
14:05:33,PTBA,RG,3680,6,D,AK,CS,F
14:05:33,PTBA,RG,3680,1,D,AK,CS,F
14:05:33,PTBA,RG,3680,3,D,CC,CS,F
14:05:32,PTBA,RG,3680,20,D,SQ,CS,F
14:04:58,PTBA,RG,3680,1,D,AK,CS,F
14:04:58,PTBA,RG,3680,1,D,AK,CS,F
14:04:57,PTBA,RG,3680,8,D,AK,CS,F
14:04:57,PTBA,RG,3680,1,D,AK,CS,F
14:04:57,PTBA,RG,3680,1,D,AK,CS,F
14:04:56,PTBA,RG,3680,1,D,AK,CS,F
14:04:55,PTBA,RG,3670,25,D,YU,OD,D
14:04:55,PTBA,RG,3680,1,D,AK,CS,F
14:04:55,PTBA,RG,3680,5,D,AK,CS,F
14:04:55,PTBA,RG,3680,1,D,AK,CS,F
14:04:53,PTBA,RG,3670,18,D,YU,OD,D
14:04:53,PTBA,RG,3680,2,D,AK,CS,F
14:04:51,PTBA,RG,3670,5,D,YU,OD,D
14:04:45,PTBA,RG,3680,3,D,AK,CS,F
14:04:45,PTBA,RG,3680,1,D,AK,CS,F
14:04:44,PTBA,RG,3680,9,D,BB,CS,F
14:04:35,PTBA,RG,3680,1,D,AK,CS,F
14:04:34,PTBA,RG,3680,1,D,EP,CS,F
14:04:25,PTBA,RG,3680,3,D,AK,CS,F
14:04:24,PTBA,RG,3680,9,D,CC,CS,F
14:04:24,PTBA,RG,3680,2,D,CC,AK,F
14:04:13,PTBA,RG,3680,1,D,BB,AK,F
14:04:09,PTBA,RG,3680,1,D,AK,AK,F
14:04:08,PTBA,RG,3680,3,D,NI,AK,F
14:04:07,PTBA,RG,3680,1,D,AK,AK,F
14:04:05,PTBA,RG,3680,1,D,KK,AK,F
14:03:59,PTBA,RG,3680,1,D,AK,AK,F
14:03:58,PTBA,RG,3680,1,D,AK,AK,F
14:03:57,PTBA,RG,3680,1,D,AK,AK,F
14:03:57,PTBA,RG,3680,8,D,AK,AK,F
14:03:57,PTBA,RG,3680,1,D,AK,AK,F
14:03:56,PTBA,RG,3680,1,D,AK,AK,F
14:03:55,PTBA,RG,3670,27,D,YU,OD,D
14:03:55,PTBA,RG,3680,8,D,AK,AK,F
14:03:55,PTBA,RG,3680,1,D,AK,AK,F
14:03:53,PTBA,RG,3670,19,D,YU,OD,D
14:03:53,PTBA,RG,3670,6,D,YU,OD,D
14:03:45,PTBA,RG,3670,1,D,YU,PD,D
14:03:36,PTBA,RG,3680,1,D,AK,AK,F
14:03:35,PTBA,RG,3680,6,D,AK,AK,F
14:03:33,PTBA,RG,3680,4,D,BB,AK,F
14:03:33,PTBA,RG,3680,14,D,BB,CS,F
14:03:29,PTBA,RG,3680,1,D,AK,CS,F
14:03:28,PTBA,RG,3680,1,D,AK,CS,F
14:03:27,PTBA,RG,3680,1,D,AK,CS,F
14:03:26,PTBA,RG,3680,3,D,AK,CS,F
14:03:25,PTBA,RG,3680,3,D,BB,CS,F
14:03:25,PTBA,RG,3680,8,D,BB,CS,F
14:03:08,PTBA,RG,3680,1,D,AK,CS,F
14:03:07,PTBA,RG,3680,6,D,AK,CS,F
14:03:07,PTBA,RG,3680,1,D,AK,CS,F
14:03:05,PTBA,RG,3670,19,D,YU,NI,D
14:03:02,PTBA,RG,3680,1,D,AK,CS,F
14:03:02,PTBA,RG,3680,1,D,AK,CS,F
14:03:01,PTBA,RG,3680,1,D,AK,CS,F
14:03:01,PTBA,RG,3680,9,D,AK,CS,F
14:03:01,PTBA,RG,3680,1,D,AK,CS,F
14:03:00,PTBA,RG,3670,29,D,YU,AK,F
14:02:57,PTBA,RG,3680,2,D,AK,CS,F
14:02:56,PTBA,RG,3680,1,D,AK,CS,F
14:02:55,PTBA,RG,3670,6,D,YU,OD,D
14:02:55,PTBA,RG,3680,5,D,AK,CS,F
14:02:55,PTBA,RG,3680,2,D,AK,CS,F
14:02:55,PTBA,RG,3680,1,D,AK,CS,F
14:02:55,PTBA,RG,3680,1,D,AK,CS,F
14:02:54,PTBA,RG,3680,1,D,AK,CS,F
14:02:54,PTBA,RG,3680,1,D,AK,CS,F
14:02:53,PTBA,RG,3670,23,D,YU,OD,D
14:02:53,PTBA,RG,3680,1,D,AK,CS,F
14:02:53,PTBA,RG,3680,6,D,AK,CS,F
14:02:53,PTBA,RG,3680,1,D,AK,CS,F
14:02:51,PTBA,RG,3670,19,D,YU,OD,D
14:02:42,PTBA,RG,3680,2,D,AK,CS,F
14:02:41,PTBA,RG,3680,2,D,AK,CS,F
14:02:41,PTBA,RG,3680,8,D,AK,CS,F
14:02:41,PTBA,RG,3680,5,D,AK,CS,F
14:02:40,PTBA,RG,3680,5,D,AK,CS,F
14:02:40,PTBA,RG,3680,52,D,AK,CS,F
14:02:40,PTBA,RG,3680,5,D,AK,CS,F
14:02:40,PTBA,RG,3680,66,D,AK,ZP,F
14:02:40,PTBA,RG,3680,16,D,AK,ZP,F
14:02:40,PTBA,RG,3680,2,D,AK,ZP,F
14:02:38,PTBA,RG,3670,383,D,YU,MU,D
14:02:22,PTBA,RG,3680,1,D,XC,ZP,F
14:02:08,PTBA,RG,3680,1,D,AK,ZP,F
14:02:07,PTBA,RG,3680,2,D,AK,ZP,F
14:02:07,PTBA,RG,3680,1,D,AK,ZP,F
14:02:06,PTBA,RG,3680,8,D,BB,ZP,F
14:02:03,PTBA,RG,3680,2,D,AK,ZP,F
14:02:02,PTBA,RG,3680,1,D,AK,ZP,F
14:02:02,PTBA,RG,3680,3,D,AK,ZP,F
14:02:02,PTBA,RG,3680,3,D,AK,ZP,F
14:02:01,PTBA,RG,3680,3,D,AK,ZP,F
14:02:01,PTBA,RG,3680,64,D,AK,ZP,F
14:02:01,PTBA,RG,3680,8,D,AK,ZP,F
14:02:01,PTBA,RG,3680,1,D,AK,ZP,F
14:02:00,PTBA,RG,3670,196,D,YU,LG,D
14:01:59,PTBA,RG,3680,2,D,AK,ZP,F
14:01:57,PTBA,RG,3670,7,D,YU,OD,D
14:01:57,PTBA,RG,3680,8,D,AK,ZP,F
14:01:57,PTBA,RG,3680,1,D,AK,ZP,F
14:01:56,PTBA,RG,3670,22,D,YU,OD,D
14:01:56,PTBA,RG,3680,1,D,AK,ZP,F
14:01:56,PTBA,RG,3680,1,D,AK,ZP,F
14:01:55,PTBA,RG,3680,6,D,AK,ZP,F
14:01:53,PTBA,RG,3670,19,D,YU,OD,D
14:01:47,PTBA,RG,3680,4,D,AK,ZP,F
14:01:47,PTBA,RG,3680,1,D,AK,ZP,F
14:01:46,PTBA,RG,3680,11,D,CC,ZP,F
14:01:24,PTBA,RG,3680,1,D,AK,ZP,F
14:01:22,PTBA,RG,3670,2,D,YU,CC,D
14:01:21,PTBA,RG,3680,1,D,AK,ZP,F
14:01:20,PTBA,RG,3680,3,D,BB,ZP,F
14:01:19,PTBA,RG,3680,2,D,BB,ZP,F
14:01:08,PTBA,RG,3670,1,D,YU,XC,D
14:00:59,PTBA,RG,3680,1,D,AK,ZP,F
14:00:58,PTBA,RG,3680,1,D,AK,ZP,F
14:00:57,PTBA,RG,3680,1,D,AK,ZP,F
14:00:57,PTBA,RG,3680,10,D,AK,ZP,F
14:00:57,PTBA,RG,3680,1,D,AK,ZP,F
14:00:55,PTBA,RG,3670,23,D,YU,OD,D
14:00:55,PTBA,RG,3670,6,D,YU,OD,D
14:00:53,PTBA,RG,3680,7,D,AK,ZP,F
14:00:53,PTBA,RG,3680,1,D,AK,ZP,F
14:00:52,PTBA,RG,3680,1,D,AK,ZP,F
14:00:51,PTBA,RG,3670,21,D,YU,OD,D
14:00:51,PTBA,RG,3680,3,D,CC,ZP,F
14:00:50,PTBA,RG,3680,3,D,AK,ZP,F
14:00:50,PTBA,RG,3680,1,D,AK,ZP,F
14:00:49,PTBA,RG,3680,8,D,BB,ZP,F
14:00:47,PTBA,RG,3680,1,D,AK,ZP,F
14:00:46,PTBA,RG,3680,10,D,AK,ZP,F
14:00:46,PTBA,RG,3680,1,D,AK,ZP,F
14:00:45,PTBA,RG,3680,1,D,PD,ZP,F
14:00:45,PTBA,RG,3670,29,D,YU,AK,F
14:00:11,PTBA,RG,3680,1,D,AK,ZP,F
14:00:10,PTBA,RG,3680,1,D,AK,ZP,F
14:00:10,PTBA,RG,3670,2,D,YU,OD,D
13:59:58,PTBA,RG,3680,7,D,AK,ZP,F
13:59:58,PTBA,RG,3680,1,D,AK,ZP,F
13:59:57,PTBA,RG,3680,1,D,AK,ZP,F
13:59:57,PTBA,RG,3670,20,D,YU,OD,D
13:59:56,PTBA,RG,3680,1,D,AK,ZP,F
13:59:56,PTBA,RG,3680,3,D,AK,ZP,F
13:59:55,PTBA,RG,3680,3,D,AK,ZP,F
13:59:55,PTBA,RG,3680,1,D,AK,ZP,F
13:59:55,PTBA,RG,3670,6,D,YU,OD,D
13:59:54,PTBA,RG,3680,1,D,AK,ZP,F
13:59:54,PTBA,RG,3670,11,D,YU,KK,D
13:59:53,PTBA,RG,3680,2,D,SQ,ZP,F
13:59:52,PTBA,RG,3680,6,D,AK,ZP,F
13:59:52,PTBA,RG,3680,1,D,AK,ZP,F
13:59:51,PTBA,RG,3670,18,D,YU,OD,D
13:59:49,PTBA,RG,3680,1,D,AK,ZP,F
13:59:49,PTBA,RG,3680,1,D,AK,ZP,F
13:59:48,PTBA,RG,3680,1,D,AK,ZP,F
13:59:48,PTBA,RG,3680,21,D,AK,ZP,F
13:59:48,PTBA,RG,3680,2,D,AK,ZP,F
13:59:47,PTBA,RG,3670,64,D,YU,BB,D
13:59:43,PTBA,RG,3680,1,D,AK,ZP,F
13:59:43,PTBA,RG,3680,1,D,AK,ZP,F
13:59:42,PTBA,RG,3680,1,D,AK,ZP,F
13:59:42,PTBA,RG,3680,4,D,AK,ZP,F
13:59:42,PTBA,RG,3680,2,D,AK,ZP,F
13:59:41,PTBA,RG,3680,63,D,AK,ZP,F
13:59:41,PTBA,RG,3680,1,D,AK,XC,D
13:59:41,PTBA,RG,3680,9,D,AK,XC,D
13:59:41,PTBA,RG,3680,1,D,AK,XC,D
13:59:41,PTBA,RG,3680,3,D,AK,XC,D
13:59:40,PTBA,RG,3670,197,D,YU,YP,D
13:59:32,PTBA,RG,3680,3,D,AK,XC,D
13:59:31,PTBA,RG,3680,10,D,BB,XC,D
13:59:29,PTBA,RG,3680,1,D,AK,XC,D
13:59:28,PTBA,RG,3680,1,D,AK,XC,D
13:59:28,PTBA,RG,3680,2,D,AK,XC,D
13:59:28,PTBA,RG,3680,2,D,AK,XC,D
13:59:27,PTBA,RG,3680,1,D,AK,XC,D
13:59:27,PTBA,RG,3680,25,D,AK,XC,D
13:59:27,PTBA,RG,3680,7,D,AK,BB,D
13:59:27,PTBA,RG,3680,4,D,AK,BB,D
13:59:27,PTBA,RG,3680,1,D,AK,BB,D
13:59:27,PTBA,RG,3670,100,D,YU,KK,D
13:59:09,PTBA,RG,3680,1,D,AK,BB,D
13:59:08,PTBA,RG,3680,3,D,BB,BB,D
13:59:02,PTBA,RG,3680,4,D,AK,BB,D
13:59:02,PTBA,RG,3680,10,D,CC,BB,D
13:59:01,PTBA,RG,3680,1,D,AK,BB,D
13:59:01,PTBA,RG,3680,1,D,AK,BB,D
13:59:00,PTBA,RG,3680,8,D,AK,BB,D
13:59:00,PTBA,RG,3680,1,D,AK,BB,D
13:58:59,PTBA,RG,3670,24,D,YU,OD,D
13:58:56,PTBA,RG,3680,2,D,AK,BB,D
13:58:55,PTBA,RG,3680,1,D,AK,BB,D
13:58:55,PTBA,RG,3680,1,D,AK,BB,D
13:58:55,PTBA,RG,3670,6,D,YU,OD,D
13:58:54,PTBA,RG,3680,1,D,AK,BB,D
13:58:54,PTBA,RG,3680,12,D,AK,BB,D
13:58:54,PTBA,RG,3680,1,D,AK,BB,D
13:58:53,PTBA,RG,3670,20,D,YU,OD,D
13:58:53,PTBA,RG,3680,4,D,AK,BB,D
13:58:53,PTBA,RG,3680,3,D,AK,BB,D
13:58:53,PTBA,RG,3680,13,D,AK,RF,D
13:58:53,PTBA,RG,3680,12,D,AK,RF,D
13:58:53,PTBA,RG,3680,1,D,AK,RF,D
13:58:52,PTBA,RG,3680,12,D,AK,RF,D
13:58:52,PTBA,RG,3680,278,D,AK,RF,D
13:58:52,PTBA,RG,3680,36,D,AK,RF,D
13:58:52,PTBA,RG,3680,3,D,AK,RF,D
13:58:51,PTBA,RG,3670,864,D,YU,BB,D
13:58:41,PTBA,RG,3680,3,D,AK,RF,D
13:58:41,PTBA,RG,3670,8,D,YU,GR,D
13:58:32,PTBA,RG,3680,1,D,AK,RF,D
13:58:32,PTBA,RG,3680,1,D,AK,RF,D
13:58:31,PTBA,RG,3680,1,D,AK,RF,D
13:58:31,PTBA,RG,3680,9,D,AK,RF,D
13:58:31,PTBA,RG,3680,1,D,AK,RF,D
13:58:30,PTBA,RG,3670,29,D,YU,AK,F
13:58:26,PTBA,RG,3680,1,D,BB,RF,D
13:58:05,PTBA,RG,3680,3,D,AK,RF,D
13:58:04,PTBA,RG,3680,8,D,BB,RF,D
13:58:01,PTBA,RG,3680,1,D,AK,RF,D
13:58:01,PTBA,RG,3680,1,D,AK,RF,D
13:58:00,PTBA,RG,3680,1,D,AK,RF,D
13:58:00,PTBA,RG,3680,9,D,AK,RF,D
13:58:00,PTBA,RG,3680,1,D,AK,RF,D
13:58:00,PTBA,RG,3680,1,D,AK,RF,D
13:57:59,PTBA,RG,3670,27,D,YU,OD,D
13:57:56,PTBA,RG,3680,2,D,AK,RF,D
13:57:55,PTBA,RG,3670,6,D,YU,OD,D
13:57:53,PTBA,RG,3680,1,D,AK,RF,D
13:57:52,PTBA,RG,3680,6,D,AK,RF,D
13:57:51,PTBA,RG,3670,17,D,YU,OD,D
13:57:46,PTBA,RG,3680,3,D,AK,RF,D
13:57:46,PTBA,RG,3680,1,D,AK,RF,D
13:57:45,PTBA,RG,3680,10,D,GR,RF,D
13:57:39,PTBA,RG,3680,1,D,AK,RF,D
13:57:38,PTBA,RG,3680,5,D,AK,RF,D
13:57:38,PTBA,RG,3680,1,D,AK,RF,D
13:57:37,PTBA,RG,3680,17,D,BB,RF,D
13:57:00,PTBA,RG,3680,1,D,AK,RF,D
13:57:00,PTBA,RG,3680,1,D,AK,RF,D
13:56:59,PTBA,RG,3680,1,D,AK,RF,D
13:56:59,PTBA,RG,3680,3,F,BK,RF,D
13:56:58,PTBA,RG,3680,8,D,AK,RF,D
13:56:58,PTBA,RG,3680,1,D,AK,RF,D
13:56:57,PTBA,RG,3670,25,D,YU,OD,D
13:56:56,PTBA,RG,3680,3,D,AK,RF,D
13:56:56,PTBA,RG,3680,1,D,AK,RF,D
13:56:55,PTBA,RG,3680,3,D,BB,RF,D
13:56:55,PTBA,RG,3680,1,D,AK,RF,D
13:56:55,PTBA,RG,3670,6,D,YU,OD,D
13:56:54,PTBA,RG,3680,1,D,AK,RF,D
13:56:54,PTBA,RG,3680,5,D,AK,RF,D
13:56:54,PTBA,RG,3680,1,D,AK,RF,D
13:56:53,PTBA,RG,3670,17,D,YU,OD,D
13:56:46,PTBA,RG,3680,3,D,AK,RF,D
13:56:44,PTBA,RG,3680,9,D,BB,RF,D
13:56:34,PTBA,RG,3680,1,D,AK,RF,D
13:56:34,PTBA,RG,3680,1,D,AK,RF,D
13:56:33,PTBA,RG,3680,1,D,AK,RF,D
13:56:33,PTBA,RG,3680,3,D,AK,RF,D
13:56:33,PTBA,RG,3680,2,D,AK,RF,D
13:56:32,PTBA,RG,3680,2,D,AK,RF,D
13:56:32,PTBA,RG,3680,56,D,AK,RF,D
13:56:32,PTBA,RG,3680,7,D,AK,RF,D
13:56:32,PTBA,RG,3680,1,D,AK,RF,D
13:56:31,PTBA,RG,3670,174,D,YU,KK,D
13:56:22,PTBA,RG,3680,1,D,AK,RF,D
13:56:21,PTBA,RG,3680,3,D,AK,RF,D
13:56:21,PTBA,RG,3680,1,D,AK,RF,D
13:56:20,PTBA,RG,3680,11,D,CC,RF,D
13:56:13,PTBA,RG,3680,1,D,AK,RF,D
13:56:12,PTBA,RG,3680,2,D,NI,RF,D
13:56:03,PTBA,RG,3680,2,D,AK,RF,D
13:56:01,PTBA,RG,3680,6,D,GR,RF,D
13:56:01,PTBA,RG,3680,1,D,AK,RF,D
13:56:01,PTBA,RG,3680,1,D,AK,RF,D
13:56:01,PTBA,RG,3680,1,D,AK,RF,D
13:56:00,PTBA,RG,3680,9,D,AK,RF,D
13:56:00,PTBA,RG,3680,1,D,AK,RF,D
13:55:59,PTBA,RG,3670,23,D,YU,OD,D
13:55:59,PTBA,RG,3670,7,D,YU,OD,D
13:55:55,PTBA,RG,3680,1,D,AK,RF,D
13:55:54,PTBA,RG,3680,6,D,AK,RF,D
13:55:54,PTBA,RG,3680,1,D,AK,RF,D
13:55:53,PTBA,RG,3670,20,D,YU,OD,D
13:55:35,PTBA,RG,3680,1,D,AK,RF,D
13:55:34,PTBA,RG,3680,1,D,BB,RF,D
13:55:22,PTBA,RG,3680,1,D,AK,RF,D
13:55:22,PTBA,RG,3680,3,D,AK,RF,D
13:55:22,PTBA,RG,3680,1,D,AK,RF,D
13:55:21,PTBA,RG,3680,8,D,BB,RF,D
13:55:13,PTBA,RG,3680,1,D,KK,RF,D
13:55:01,PTBA,RG,3680,8,D,AK,RF,D
13:55:01,PTBA,RG,3680,1,D,AK,RF,D
13:54:59,PTBA,RG,3670,24,D,YU,OD,D
13:54:58,PTBA,RG,3680,3,D,AK,RF,D
13:54:58,PTBA,RG,3680,1,D,AK,RF,D
13:54:57,PTBA,RG,3670,6,D,YU,OD,D
13:54:57,PTBA,RG,3680,5,D,AK,RF,D
13:54:57,PTBA,RG,3680,1,D,AK,RF,D
13:54:55,PTBA,RG,3670,16,D,YU,OD,D
13:54:52,PTBA,RG,3680,1,D,AK,RF,D
13:54:52,PTBA,RG,3680,1,D,AK,RF,D
13:54:51,PTBA,RG,3680,3,D,BB,RF,D
13:54:31,PTBA,RG,3680,1,D,AK,RF,D
13:54:31,PTBA,RG,3680,1,D,AK,RF,D
13:54:29,PTBA,RG,3680,3,D,YP,RF,D
13:54:02,PTBA,RG,3680,1,D,AK,RF,D
13:54:01,PTBA,RG,3680,16,D,AK,RF,D
13:54:01,PTBA,RG,3680,2,D,AK,RF,D
13:53:59,PTBA,RG,3670,21,D,YU,OD,D
13:53:59,PTBA,RG,3670,19,D,YU,OD,D
13:53:59,PTBA,RG,3680,8,D,BB,RF,D
13:53:57,PTBA,RG,3680,1,D,AK,RF,D
13:53:56,PTBA,RG,3680,2,D,AK,RF,D
13:53:56,PTBA,RG,3680,1,D,AK,RF,D
13:53:55,PTBA,RG,3670,6,D,YU,OD,D
13:53:45,PTBA,RG,3680,4,D,AK,RF,D
13:53:44,PTBA,RG,3680,9,D,CC,RF,D
13:53:43,PTBA,RG,3680,4,D,XL,RF,D
13:53:40,PTBA,RG,3680,1,D,AK,RF,D
13:53:38,PTBA,RG,3680,2,D,NI,RF,D
13:53:31,PTBA,RG,3680,1,D,AK,RF,D
13:53:30,PTBA,RG,3680,7,D,AK,RF,D
13:53:29,PTBA,RG,3670,20,D,YU,OD,D
13:53:19,PTBA,RG,3680,1,D,AK,RF,D
13:53:18,PTBA,RG,3680,2,D,AK,RF,D
13:53:16,PTBA,RG,3680,2,D,AK,RF,D
13:53:16,PTBA,RG,3680,4,D,AK,RF,D
13:53:16,PTBA,RG,3680,3,D,AK,RF,D
13:53:16,PTBA,RG,3680,3,D,AK,RF,D
13:53:16,PTBA,RG,3680,85,D,AK,RF,D
13:53:16,PTBA,RG,3680,11,D,AK,RF,D
13:53:16,PTBA,RG,3680,1,D,AK,RF,D
13:53:15,PTBA,RG,3670,262,D,YU,BB,D
13:53:04,PTBA,RG,3670,1,D,YU,XA,D
13:53:04,PTBA,RG,3680,1,D,AK,RF,D
13:53:04,PTBA,RG,3680,1,D,AK,RF,D
13:53:03,PTBA,RG,3680,7,D,AK,RF,D
13:53:03,PTBA,RG,3680,1,D,AK,RF,D
13:53:03,PTBA,RG,3680,1,D,AK,RF,D
13:53:02,PTBA,RG,3680,1,D,AK,RF,D
13:53:01,PTBA,RG,3670,22,D,YU,OD,D
13:53:01,PTBA,RG,3680,1,D,AK,RF,D
13:53:00,PTBA,RG,3680,2,D,AK,RF,D
13:53:00,PTBA,RG,3680,1,D,AK,RF,D
13:52:59,PTBA,RG,3680,2,D,AK,RF,D
13:52:59,PTBA,RG,3680,38,D,AK,RF,D
13:52:59,PTBA,RG,3680,5,D,AK,RF,D
13:52:58,PTBA,RG,3680,100,D,TP,RF,D
13:52:57,PTBA,RG,3670,18,D,YU,OD,D
13:52:54,PTBA,RG,3680,2,D,AK,RF,D
13:52:53,PTBA,RG,3670,6,D,YU,OD,D
13:52:48,PTBA,RG,3680,1,D,AK,RF,D
13:52:47,PTBA,RG,3680,1,D,AK,RF,D
13:52:46,PTBA,RG,3680,3,D,BB,RF,D
13:52:45,PTBA,RG,3680,3,D,AK,RF,D
13:52:44,PTBA,RG,3680,5,D,BB,RF,D
13:52:44,PTBA,RG,3680,4,D,BB,AK,F
13:52:42,PTBA,RG,3680,1,D,AK,AK,F
13:52:41,PTBA,RG,3680,1,D,AK,AK,F
13:52:41,PTBA,RG,3680,5,D,AK,AK,F
13:52:41,PTBA,RG,3680,1,D,AK,AK,F
13:52:40,PTBA,RG,3670,16,D,YU,XC,D
13:52:35,PTBA,RG,3680,1,D,AK,AK,F
13:52:34,PTBA,RG,3670,3,D,YU,DR,D
13:52:27,PTBA,RG,3680,1,D,AK,AK,F
13:52:25,PTBA,RG,3680,2,D,NI,AK,F
13:52:11,PTBA,RG,3680,1,D,AK,AK,F
13:52:10,PTBA,RG,3680,4,D,AK,AK,F
13:52:09,PTBA,RG,3680,12,D,XC,AK,F
13:52:09,PTBA,RG,3680,2,D,XC,AK,F
13:52:05,PTBA,RG,3680,1,D,AK,AK,F
13:52:04,PTBA,RG,3680,1,D,AK,AK,F
13:52:03,PTBA,RG,3680,1,D,AK,AK,F
13:52:03,PTBA,RG,3680,9,D,AK,AK,F
13:52:03,PTBA,RG,3680,1,D,AK,AK,F
13:52:01,PTBA,RG,3670,26,D,YU,OD,D
13:51:58,PTBA,RG,3680,1,D,AK,AK,F
13:51:57,PTBA,RG,3680,7,D,AK,AK,F
13:51:57,PTBA,RG,3680,1,D,AK,AK,F
13:51:55,PTBA,RG,3670,20,D,YU,OD,D
13:51:55,PTBA,RG,3680,2,D,CC,AK,F
13:51:53,PTBA,RG,3680,2,D,AK,AK,F
13:51:51,PTBA,RG,3670,6,D,YU,OD,D
13:51:27,PTBA,RG,3680,1,D,AK,AK,F
13:51:26,PTBA,RG,3680,2,D,AK,AK,F
13:51:26,PTBA,RG,3680,1,D,AK,AK,F
13:51:24,PTBA,RG,3680,3,D,BB,AK,F
13:51:24,PTBA,RG,3680,5,D,BB,CS,F
13:51:16,PTBA,RG,3680,2,D,AK,CS,F
13:51:15,PTBA,RG,3680,2,D,NI,CS,F
13:51:14,PTBA,RG,3680,2,D,XC,CS,F
13:51:13,PTBA,RG,3680,1,D,AK,CS,F
13:51:13,PTBA,RG,3680,4,D,AK,CS,F
13:51:13,PTBA,RG,3680,1,D,AK,CS,F
13:51:12,PTBA,RG,3680,13,D,CC,CS,F
13:51:04,PTBA,RG,3680,1,D,AK,CS,F
13:51:03,PTBA,RG,3680,7,D,AK,CS,F
13:51:03,PTBA,RG,3680,1,D,AK,CS,F
13:51:01,PTBA,RG,3670,22,D,YU,OD,D
13:50:59,PTBA,RG,3680,6,D,AK,CS,F
13:50:59,PTBA,RG,3680,1,D,AK,CS,F
13:50:57,PTBA,RG,3670,17,D,YU,OD,D
13:50:53,PTBA,RG,3680,1,D,AK,CS,F
13:50:51,PTBA,RG,3670,6,D,YU,OD,D
13:50:45,PTBA,RG,3680,1,D,AK,CS,F
13:50:44,PTBA,RG,3680,1,D,AK,CS,F
13:50:43,PTBA,RG,3680,3,D,AK,CS,F
13:50:43,PTBA,RG,3680,1,D,AK,CS,F
13:50:41,PTBA,RG,3670,10,D,YU,YU,D
13:50:41,PTBA,RG,3680,1,D,AK,CS,F
13:50:40,PTBA,RG,3680,2,D,BB,CS,F
13:50:36,PTBA,RG,3670,1,D,YU,PD,D
13:50:19,PTBA,RG,3680,1,D,AK,CS,F
13:50:18,PTBA,RG,3680,1,D,SQ,CS,F
13:50:10,PTBA,RG,3680,2,D,AK,CS,F
13:50:09,PTBA,RG,3680,8,D,BB,CS,F
13:50:04,PTBA,RG,3680,1,D,AK,CS,F
13:50:03,PTBA,RG,3680,1,D,AK,CS,F
13:50:02,PTBA,RG,3680,1,D,AK,CS,F
13:50:02,PTBA,RG,3680,3,D,AK,CS,F
13:50:02,PTBA,RG,3680,1,D,AK,CS,F
13:50:02,PTBA,RG,3680,2,D,AK,CS,F
13:50:02,PTBA,RG,3680,12,D,AK,CS,F
13:50:02,PTBA,RG,3680,32,D,AK,CS,F
13:50:01,PTBA,RG,3680,7,D,AK,CS,F
13:50:01,PTBA,RG,3680,1,D,AK,CS,F
13:50:00,PTBA,RG,3680,13,D,AK,CS,F
13:50:00,PTBA,RG,3680,1,D,AK,CS,F
13:50:00,PTBA,RG,3670,135,D,YU,AI,D
13:49:59,PTBA,RG,3670,23,D,YU,OD,D
13:49:59,PTBA,RG,3670,18,D,YU,OD,D
13:49:53,PTBA,RG,3680,1,D,AK,CS,F
13:49:53,PTBA,RG,3680,1,D,AK,CS,F
13:49:53,PTBA,RG,3680,4,D,AK,CS,F
13:49:53,PTBA,RG,3680,1,D,AK,CS,F
13:49:52,PTBA,RG,3680,6,D,NI,CS,F
13:49:51,PTBA,RG,3680,1,D,AK,CS,F
13:49:51,PTBA,RG,3670,6,D,YU,OD,D
13:49:51,PTBA,RG,3680,3,D,AK,CS,F
13:49:51,PTBA,RG,3680,2,D,AK,BB,D
13:49:49,PTBA,RG,3680,3,D,AK,BB,D
13:49:49,PTBA,RG,3680,52,D,AK,BB,D
13:49:49,PTBA,RG,3680,7,D,AK,BB,D
13:49:49,PTBA,RG,3680,1,D,AK,BB,D
13:49:48,PTBA,RG,3680,160,D,PD,BB,D
13:49:43,PTBA,RG,3680,1,D,YP,BB,D
13:49:19,PTBA,RG,3680,1,D,AK,BB,D
13:49:18,PTBA,RG,3680,4,D,DH,BB,D
13:49:13,PTBA,RG,3680,1,D,AK,BB,D
13:49:12,PTBA,RG,3670,2,D,YU,NI,D
13:49:09,PTBA,RG,3680,1,D,YP,BB,D
13:49:03,PTBA,RG,3680,1,D,AK,BB,D
13:49:03,PTBA,RG,3680,1,D,AK,BB,D
13:49:02,PTBA,RG,3680,7,D,AK,BB,D
13:49:02,PTBA,RG,3680,1,D,AK,BB,D
13:49:01,PTBA,RG,3670,21,D,YU,OD,D
13:49:00,PTBA,RG,3680,1,D,AK,BB,D
13:49:00,PTBA,RG,3680,7,D,AK,BB,D
13:49:00,PTBA,RG,3680,1,D,AK,BB,D
13:48:59,PTBA,RG,3670,21,D,YU,OD,D
13:48:52,PTBA,RG,3680,4,D,AK,BB,D
13:48:51,PTBA,RG,3670,6,D,YU,OD,D
13:48:51,PTBA,RG,3680,7,D,BB,BB,D
13:48:35,PTBA,RG,3680,1,D,AK,BB,D
13:48:34,PTBA,RG,3680,1,D,AK,BB,D
13:48:34,PTBA,RG,3680,1,D,BB,BB,D
13:48:21,PTBA,RG,3680,1,D,AK,BB,D
13:48:20,PTBA,RG,3680,1,D,AK,BB,D
13:48:20,PTBA,RG,3680,2,D,AK,BB,D
13:48:20,PTBA,RG,3680,2,D,AK,BB,D
13:48:19,PTBA,RG,3680,1,D,AK,BB,D
13:48:19,PTBA,RG,3680,44,D,AK,BB,D
13:48:19,PTBA,RG,3680,5,D,AK,BB,D
13:48:19,PTBA,RG,3680,1,D,AK,BB,D
13:48:18,PTBA,RG,3680,136,D,NI,BB,D
13:48:03,PTBA,RG,3680,1,D,AK,BB,D
13:48:03,PTBA,RG,3680,1,D,AK,BB,D
13:48:03,PTBA,RG,3680,1,D,AK,BB,D
13:48:02,PTBA,RG,3680,7,D,AK,BB,D
13:48:02,PTBA,RG,3680,1,D,AK,BB,D
13:48:01,PTBA,RG,3670,23,D,YU,OD,D
13:48:00,PTBA,RG,3680,7,D,AK,BB,D
13:48:00,PTBA,RG,3680,1,D,AK,BB,D
13:47:59,PTBA,RG,3670,20,D,YU,OD,D
13:47:52,PTBA,RG,3680,2,D,AK,BB,D
13:47:51,PTBA,RG,3670,6,D,YU,OD,D
13:47:46,PTBA,RG,3680,1,D,AK,BB,D
13:47:46,PTBA,RG,3680,1,D,AK,BB,D
13:47:46,PTBA,RG,3680,1,D,AK,BB,D
13:47:45,PTBA,RG,3680,13,D,AK,BB,D
13:47:45,PTBA,RG,3680,1,D,AK,BB,D
13:47:44,PTBA,RG,3680,40,D,PD,BB,D
13:47:40,PTBA,RG,3680,3,D,AK,BB,D
13:47:40,PTBA,RG,3680,1,D,AK,BB,D
13:47:39,PTBA,RG,3680,2,D,AK,BB,D
13:47:39,PTBA,RG,3680,6,D,AK,BB,D
13:47:39,PTBA,RG,3680,5,D,AK,BB,D
13:47:39,PTBA,RG,3680,1,D,AK,BB,D
13:47:38,PTBA,RG,3680,5,D,AK,BB,D
13:47:38,PTBA,RG,3680,114,D,AK,BB,D
13:47:38,PTBA,RG,3680,14,D,AK,BB,D
13:47:38,PTBA,RG,3680,1,D,AK,BB,D
13:47:37,PTBA,RG,3680,1,D,AK,BB,D
13:47:37,PTBA,RG,3680,2,D,AK,BB,D
13:47:37,PTBA,RG,3680,2,D,AK,BB,D
13:47:37,PTBA,RG,3670,352,D,YU,BB,D
13:47:36,PTBA,RG,3680,1,D,AK,BB,D
13:47:36,PTBA,RG,3680,32,D,AK,BB,D
13:47:36,PTBA,RG,3680,4,D,AK,BB,D
13:47:36,PTBA,RG,3680,1,D,AK,BB,D
13:47:35,PTBA,RG,3670,100,D,YU,AI,D
13:47:26,PTBA,RG,3680,1,D,AK,BB,D
13:47:25,PTBA,RG,3680,1,D,AK,BB,D
13:47:25,PTBA,RG,3680,1,D,AK,BB,D
13:47:24,PTBA,RG,3680,1,D,AK,BB,D
13:47:24,PTBA,RG,3680,25,D,AK,BB,D
13:47:24,PTBA,RG,3680,3,D,AK,BB,D
13:47:23,PTBA,RG,3670,70,D,YU,GR,D
13:47:23,PTBA,RG,3670,10,D,CD,GR,D
13:47:23,PTBA,RG,3670,1,D,BB,GR,D
13:47:23,PTBA,RG,3670,1,D,BB,GR,D
13:47:23,PTBA,RG,3670,1,D,YP,GR,D
13:47:23,PTBA,RG,3670,11,D,CC,GR,D
13:47:23,PTBA,RG,3670,1,D,BB,GR,D
13:47:23,PTBA,RG,3670,1,D,AK,GR,D
13:47:23,PTBA,RG,3670,13,D,AK,GR,D
13:47:23,PTBA,RG,3670,2,D,AK,GR,D
13:47:23,PTBA,RG,3670,19,D,KK,GR,D
13:47:04,PTBA,RG,3680,1,D,AK,BB,D
13:47:04,PTBA,RG,3680,8,D,AK,BB,D
13:47:04,PTBA,RG,3680,1,D,AK,BB,D
13:47:03,PTBA,RG,3670,24,D,KK,OD,D
13:47:01,PTBA,RG,3680,1,D,AK,BB,D
13:47:01,PTBA,RG,3680,1,D,AK,BB,D
13:47:00,PTBA,RG,3680,6,D,AK,BB,D
13:47:00,PTBA,RG,3680,1,D,AK,BB,D
13:46:59,PTBA,RG,3670,20,D,KK,OD,D
13:46:54,PTBA,RG,3680,2,D,AK,BB,D
13:46:53,PTBA,RG,3670,6,D,KK,OD,D
13:46:30,PTBA,RG,3680,1,D,AK,BB,D
13:46:30,PTBA,RG,3680,1,D,AK,BB,D
13:46:29,PTBA,RG,3680,1,D,AK,BB,D
13:46:29,PTBA,RG,3680,13,D,AK,BB,D
13:46:29,PTBA,RG,3680,1,D,AK,BB,D
13:46:29,PTBA,RG,3680,1,D,AK,BB,D
13:46:28,PTBA,RG,3670,40,D,KK,OD,D
13:46:20,PTBA,RG,3680,1,D,AK,BB,D
13:46:19,PTBA,RG,3680,3,D,AK,BB,D
13:46:19,PTBA,RG,3680,1,D,AK,BB,D
13:46:18,PTBA,RG,3670,10,D,KK,YP,D
13:46:10,PTBA,RG,3680,1,D,AK,BB,D
13:46:09,PTBA,RG,3680,1,D,AK,BB,D
13:46:09,PTBA,RG,3680,13,D,AK,BB,D
13:46:09,PTBA,RG,3680,2,D,AK,BB,D
13:46:08,PTBA,RG,3670,40,D,KK,KK,D
13:45:58,PTBA,RG,3680,6,D,AK,BB,D
13:45:58,PTBA,RG,3680,1,D,AK,BB,D
13:45:57,PTBA,RG,3670,20,D,KK,KK,D
13:45:46,PTBA,RG,3680,1,D,AK,BB,D
13:45:45,PTBA,RG,3680,1,D,AK,BB,D
13:45:44,PTBA,RG,3680,1,D,AK,BB,D
13:45:44,PTBA,RG,3680,10,D,AK,BB,D
13:45:44,PTBA,RG,3680,1,D,AK,BB,D
13:45:43,PTBA,RG,3670,30,D,KK,YP,D
13:45:39,PTBA,RG,3680,1,D,AK,BB,D
13:45:39,PTBA,RG,3680,7,D,AK,BB,D
13:45:38,PTBA,RG,3670,20,D,KK,KK,D
13:45:37,PTBA,RG,3680,1,D,AK,BB,D
13:45:36,PTBA,RG,3680,1,D,AK,BB,D
13:45:36,PTBA,RG,3680,3,D,AK,BB,D
13:45:36,PTBA,RG,3680,2,D,AK,BB,D
13:45:35,PTBA,RG,3680,2,D,AK,BB,D
13:45:35,PTBA,RG,3680,1,D,AK,BB,D
13:45:35,PTBA,RG,3680,6,D,AK,BB,D
13:45:35,PTBA,RG,3680,45,D,AK,BB,D
13:45:34,PTBA,RG,3670,140,D,KK,YU,D
13:45:30,PTBA,RG,3680,1,D,AK,BB,D
13:45:29,PTBA,RG,3680,1,D,AK,BB,D
13:45:29,PTBA,RG,3680,2,D,AK,BB,D
13:45:29,PTBA,RG,3680,2,D,AK,BB,D
13:45:28,PTBA,RG,3680,1,D,AK,BB,D
13:45:28,PTBA,RG,3680,42,D,AK,BB,D
13:45:28,PTBA,RG,3680,5,D,AK,BB,D
13:45:28,PTBA,RG,3680,1,D,AK,BB,D
13:45:27,PTBA,RG,3670,23,D,KK,OD,D
13:45:27,PTBA,RG,3670,19,D,KK,OD,D
13:45:27,PTBA,RG,3670,6,D,KK,OD,D
13:45:27,PTBA,RG,3670,83,D,KK,KK,D
13:45:26,PTBA,RG,3670,1,D,AK,KK,D
13:45:25,PTBA,RG,3670,1,D,AK,KK,D
13:45:25,PTBA,RG,3670,3,D,AK,KK,D
13:45:25,PTBA,RG,3670,1,D,AK,KK,D
13:45:24,PTBA,RG,3670,2,D,BB,KK,D
13:45:24,PTBA,RG,3670,9,D,BB,KK,D
13:45:19,PTBA,RG,3680,32,D,AK,BB,D
13:45:18,PTBA,RG,3670,4,D,AK,YP,D
13:45:18,PTBA,RG,3670,1,D,NI,YP,D
13:45:18,PTBA,RG,3670,1,D,NI,YP,D
13:45:18,PTBA,RG,3670,5,D,CD,YP,D
13:45:18,PTBA,RG,3670,8,D,PD,YP,D
13:45:18,PTBA,RG,3670,1,D,BB,YP,D
13:45:18,PTBA,RG,3670,1,F,BK,YP,D
13:45:18,PTBA,RG,3670,9,D,CC,YP,D
13:45:18,PTBA,RG,3670,6,D,BB,YP,D
13:45:18,PTBA,RG,3670,20,D,PD,YP,D
13:45:18,PTBA,RG,3670,1,D,PD,YP,D
13:45:18,PTBA,RG,3670,1,D,AK,YP,D
13:45:18,PTBA,RG,3670,1,D,AK,YP,D
13:45:18,PTBA,RG,3670,41,D,OD,YP,D
13:45:12,PTBA,RG,3680,3,D,AK,BB,D
13:45:11,PTBA,RG,3680,1,D,AK,BB,D
13:45:11,PTBA,RG,3670,6,D,OD,XL,D
13:45:10,PTBA,RG,3680,1,D,AK,BB,D
13:45:10,PTBA,RG,3680,1,D,AK,BB,D
13:45:09,PTBA,RG,3680,1,D,AK,BB,D
13:45:09,PTBA,RG,3680,8,D,AK,BB,D
13:45:09,PTBA,RG,3680,3,D,AK,BB,D
13:45:08,PTBA,RG,3680,3,D,AK,BB,D
13:45:08,PTBA,RG,3680,64,D,AK,BB,D
13:45:08,PTBA,RG,3680,8,D,AK,BB,D
13:45:07,PTBA,RG,3670,3,D,OD,XA,D
13:45:07,PTBA,RG,3670,1,D,AK,XA,D
13:45:07,PTBA,RG,3670,9,D,BB,XA,D
13:45:06,PTBA,RG,3670,36,D,BB,KK,D
13:45:06,PTBA,RG,3670,10,D,PD,KK,D
13:45:06,PTBA,RG,3670,1,D,BB,KK,D
13:45:06,PTBA,RG,3670,100,D,CC,KK,D
13:45:06,PTBA,RG,3670,8,D,SQ,KK,D
13:45:06,PTBA,RG,3670,4,D,NI,KK,D
13:45:06,PTBA,RG,3670,5,D,NI,KK,D
13:45:06,PTBA,RG,3670,3,D,NI,KK,D
13:45:06,PTBA,RG,3670,20,D,XL,KK,D
13:45:06,PTBA,RG,3670,5,D,YP,KK,D
13:45:06,PTBA,RG,3670,8,D,PD,KK,D
13:45:04,PTBA,RG,3680,1,D,AK,BB,D
13:45:03,PTBA,RG,3680,1,D,AK,BB,D
13:45:03,PTBA,RG,3680,1,D,AK,BB,D
13:45:02,PTBA,RG,3680,2,D,NI,BB,D
13:45:02,PTBA,RG,3680,1,D,AK,BB,D
13:45:02,PTBA,RG,3680,13,D,AK,BB,D
13:45:02,PTBA,RG,3680,2,D,AK,BB,D
13:45:01,PTBA,RG,3670,2,D,PD,OD,D
13:45:01,PTBA,RG,3670,15,D,XC,OD,D
13:45:01,PTBA,RG,3670,11,D,KK,OD,D
13:45:01,PTBA,RG,3680,9,D,AK,BB,D
13:45:01,PTBA,RG,3680,1,D,AK,BB,D
13:45:01,PTBA,RG,3670,1,D,KK,AZ,D
13:45:01,PTBA,RG,3670,9,D,PD,AZ,D
13:45:00,PTBA,RG,3680,4,D,AK,BB,D
13:45:00,PTBA,RG,3680,1,D,AK,BB,D
13:45:00,PTBA,RG,3680,1,D,AK,BB,D
13:45:00,PTBA,RG,3680,1,D,AK,BB,D
13:45:00,PTBA,RG,3670,1,D,PD,AT,D
13:45:00,PTBA,RG,3670,24,D,PD,AT,D
13:44:59,PTBA,RG,3680,1,D,AK,BB,D
13:44:59,PTBA,RG,3670,6,D,PD,OD,D
13:44:59,PTBA,RG,3670,1,D,PD,OD,D
13:44:59,PTBA,RG,3670,11,D,PD,XC,D
13:44:58,PTBA,RG,3680,1,D,AK,BB,D
13:44:58,PTBA,RG,3680,9,D,AK,BB,D
13:44:58,PTBA,RG,3680,2,D,AK,BB,D
13:44:57,PTBA,RG,3670,3,D,PD,OD,D
13:44:57,PTBA,RG,3670,4,D,AT,OD,D
13:44:57,PTBA,RG,3670,16,D,DH,OD,D
13:44:57,PTBA,RG,3680,1,D,AK,BB,D
13:44:57,PTBA,RG,3680,9,D,AK,BB,D
13:44:57,PTBA,RG,3680,3,D,AK,BB,D
13:44:56,PTBA,RG,3680,7,D,AK,BB,D
13:44:56,PTBA,RG,3680,62,D,AK,BB,D
13:44:56,PTBA,RG,3680,19,D,AK,BB,D
13:44:56,PTBA,RG,3680,2,D,AK,BB,D
13:44:55,PTBA,RG,3680,14,D,AK,BB,D
13:44:55,PTBA,RG,3680,322,D,AK,BB,D
13:44:55,PTBA,RG,3680,41,D,AK,BB,D
13:44:55,PTBA,RG,3680,3,D,AK,BB,D
13:44:54,PTBA,RG,3670,3,D,DH,ZP,F
13:44:54,PTBA,RG,3670,1,D,NI,ZP,F
13:44:54,PTBA,RG,3670,2,D,NI,ZP,F
13:44:54,PTBA,RG,3670,1,D,NI,ZP,F
13:44:54,PTBA,RG,3670,3,D,NI,ZP,F
13:44:54,PTBA,RG,3670,48,D,NI,ZP,F
13:44:54,PTBA,RG,3670,3,D,CC,ZP,F
13:44:54,PTBA,RG,3670,27,D,PD,ZP,F
13:44:54,PTBA,RG,3670,2,D,NI,ZP,F
13:44:54,PTBA,RG,3670,46,D,NI,ZP,F
13:44:53,PTBA,RG,3670,8,D,NI,HP,D
13:44:53,PTBA,RG,3670,2,D,XL,HP,D
13:44:53,PTBA,RG,3670,11,D,NI,HP,D
13:44:53,PTBA,RG,3670,2,D,KK,HP,D
13:44:53,PTBA,RG,3670,5,D,CC,HP,D
13:44:53,PTBA,RG,3670,30,D,NI,HP,D
13:44:53,PTBA,RG,3670,25,D,YP,HP,D
13:44:53,PTBA,RG,3670,56,D,NI,HP,D
13:44:53,PTBA,RG,3670,1,D,PD,HP,D
13:44:53,PTBA,RG,3670,3,D,XL,HP,D
13:44:53,PTBA,RG,3670,152,D,NI,HP,D
13:44:53,PTBA,RG,3670,30,D,NI,HP,D
13:44:53,PTBA,RG,3670,500,D,YU,HP,D
13:44:53,PTBA,RG,3670,1,D,XL,HP,D
13:44:53,PTBA,RG,3670,1,D,PD,HP,D
13:44:53,PTBA,RG,3670,1,D,PD,HP,D
13:44:53,PTBA,RG,3670,19,D,SQ,HP,D
13:44:53,PTBA,RG,3670,15,D,DR,HP,D
13:44:53,PTBA,RG,3670,5,D,YP,HP,D
13:44:53,PTBA,RG,3670,1,D,PD,HP,D
13:44:53,PTBA,RG,3670,10,D,PD,HP,D
13:44:53,PTBA,RG,3670,1,D,XC,HP,D
13:44:53,PTBA,RG,3670,10,D,YB,HP,D
13:44:53,PTBA,RG,3670,1,D,NI,HP,D
13:44:53,PTBA,RG,3670,55,D,YU,HP,D
13:44:53,PTBA,RG,3670,55,D,CC,HP,D
13:44:29,PTBA,RG,3680,2,D,AK,BB,D
13:44:28,PTBA,RG,3670,4,D,CC,PD,D
13:44:21,PTBA,RG,3680,1,D,AK,BB,D
13:44:20,PTBA,RG,3670,1,D,CC,XC,D
13:44:05,PTBA,RG,3680,1,D,AK,BB,D
13:44:04,PTBA,RG,3680,10,D,AK,BB,D
13:44:04,PTBA,RG,3680,1,D,AK,BB,D
13:44:03,PTBA,RG,3670,30,D,CC,OD,D
13:44:03,PTBA,RG,3680,1,D,AK,BB,D
13:44:02,PTBA,RG,3680,2,D,AK,BB,D
13:44:02,PTBA,RG,3680,1,D,AK,BB,D
13:44:01,PTBA,RG,3670,7,D,CC,OD,D
13:43:59,PTBA,RG,3680,1,D,AK,BB,D
13:43:58,PTBA,RG,3680,1,D,AK,BB,D
13:43:58,PTBA,RG,3680,8,D,AK,BB,D
13:43:58,PTBA,RG,3680,1,D,AK,BB,D
13:43:57,PTBA,RG,3670,25,D,CC,OD,D
13:43:49,PTBA,RG,3680,2,D,PD,BB,D
13:43:09,PTBA,RG,3680,1,D,AK,BB,D
13:43:08,PTBA,RG,3680,1,D,AK,BB,D
13:43:07,PTBA,RG,3680,10,D,AK,BB,D
13:43:07,PTBA,RG,3680,1,D,AK,BB,D
13:43:05,PTBA,RG,3670,31,D,CC,OD,D
13:43:03,PTBA,RG,3680,1,D,AK,BB,D
13:43:02,PTBA,RG,3680,3,D,AK,BB,D
13:43:01,PTBA,RG,3670,8,D,CC,OD,D
13:42:59,PTBA,RG,3680,1,D,AK,BB,D
13:42:59,PTBA,RG,3680,1,D,AK,BB,D
13:42:58,PTBA,RG,3680,8,D,AK,BB,D
13:42:58,PTBA,RG,3680,1,D,AK,BB,D
13:42:57,PTBA,RG,3680,1,D,AK,BB,D
13:42:57,PTBA,RG,3680,9,D,AK,BB,D
13:42:57,PTBA,RG,3680,1,D,AK,BB,D
13:42:56,PTBA,RG,3670,25,D,CC,AT,D
13:42:55,PTBA,RG,3670,27,D,CC,OD,D
13:42:32,PTBA,RG,3680,1,D,AK,BB,D
13:42:30,PTBA,RG,3680,2,D,XC,BB,D
13:42:20,PTBA,RG,3670,1,D,CC,XC,D
13:42:19,PTBA,RG,3680,2,D,AK,BB,D
13:42:19,PTBA,RG,3680,1,D,AK,BB,D
13:42:17,PTBA,RG,3680,5,D,PD,BB,D
13:42:07,PTBA,RG,3680,10,D,AK,BB,D
13:42:07,PTBA,RG,3680,1,D,AK,BB,D
13:42:05,PTBA,RG,3670,30,D,CC,OD,D
13:42:02,PTBA,RG,3680,2,D,AK,BB,D
13:42:02,PTBA,RG,3680,1,D,AK,BB,D
13:42:01,PTBA,RG,3670,7,D,CC,OD,D
13:42:01,PTBA,RG,3680,1,D,AK,BB,D
13:42:00,PTBA,RG,3680,1,D,AK,BB,D
13:41:59,PTBA,RG,3680,3,D,AK,BB,D
13:41:57,PTBA,RG,3680,12,D,CC,BB,D
13:41:57,PTBA,RG,3680,1,D,PD,BB,D
13:41:57,PTBA,RG,3680,10,D,YP,BB,D
13:41:57,PTBA,RG,3680,7,D,BB,BB,D
13:41:57,PTBA,RG,3680,2,D,AK,BB,D
13:41:57,PTBA,RG,3680,1,D,AK,BB,D
13:41:57,PTBA,RG,3680,7,D,AK,BB,D
13:41:57,PTBA,RG,3680,1,F,BK,BB,D
13:41:57,PTBA,RG,3680,20,D,AK,BB,D
13:41:57,PTBA,RG,3680,21,D,AK,BB,D
13:41:57,PTBA,RG,3680,1,D,NI,BB,D
13:41:57,PTBA,RG,3680,94,D,KK,BB,D
13:41:55,PTBA,RG,3690,2,D,AK,AK,F
13:41:55,PTBA,RG,3690,5,D,AK,PD,D
13:41:55,PTBA,RG,3690,1,D,AK,PD,D
13:41:53,PTBA,RG,3680,23,D,KK,OD,D
13:41:51,PTBA,RG,3690,1,D,AK,PD,D
13:41:50,PTBA,RG,3690,1,D,AK,PD,D
13:41:50,PTBA,RG,3690,1,D,AK,PD,D
13:41:50,PTBA,RG,3690,2,D,AK,PD,D
13:41:49,PTBA,RG,3680,8,D,KK,SQ,D
13:41:29,PTBA,RG,3690,1,D,AK,PD,D
13:41:28,PTBA,RG,3690,3,D,PD,PD,D
13:41:28,PTBA,RG,3690,1,D,AK,PD,D
13:41:27,PTBA,RG,3690,5,D,AK,PD,D
13:41:27,PTBA,RG,3690,1,D,AK,PD,D
13:41:25,PTBA,RG,3680,15,D,KK,YB,D
13:41:09,PTBA,RG,3690,1,D,NI,PD,D
13:41:07,PTBA,RG,3690,10,D,AK,PD,D
13:41:07,PTBA,RG,3690,1,D,AK,PD,D
13:41:05,PTBA,RG,3680,29,D,KK,OD,D
13:41:04,PTBA,RG,3690,1,D,AK,PD,D
13:41:04,PTBA,RG,3690,3,D,AK,PD,D
13:41:04,PTBA,RG,3690,1,D,AK,PD,D
13:41:03,PTBA,RG,3680,8,D,KK,OD,D
13:40:57,PTBA,RG,3690,7,D,AK,PD,D
13:40:57,PTBA,RG,3690,1,D,AK,PD,D
13:40:57,PTBA,RG,3690,1,D,AK,PD,D
13:40:56,PTBA,RG,3690,1,D,AK,PD,D
13:40:55,PTBA,RG,3680,21,D,KK,OD,D
13:40:55,PTBA,RG,3690,1,D,AK,PD,D
13:40:55,PTBA,RG,3690,2,D,AK,PD,D
13:40:55,PTBA,RG,3690,1,D,AK,PD,D
13:40:54,PTBA,RG,3690,1,D,AK,PD,D
13:40:54,PTBA,RG,3690,32,D,AK,PD,D
13:40:54,PTBA,RG,3690,5,D,AK,PD,D
13:40:53,PTBA,RG,3680,100,D,KK,YU,D
13:40:43,PTBA,RG,3690,1,D,AK,PD,D
13:40:42,PTBA,RG,3690,1,D,AK,PD,D
13:40:42,PTBA,RG,3690,3,D,AK,PD,D
13:40:42,PTBA,RG,3690,2,D,AK,PD,D
13:40:41,PTBA,RG,3690,1,D,AK,PD,D
13:40:41,PTBA,RG,3690,1,D,AK,PD,D
13:40:41,PTBA,RG,3690,9,D,AK,NI,D
13:40:41,PTBA,RG,3690,31,D,AK,BB,D
13:40:41,PTBA,RG,3690,5,D,AK,BB,D
13:40:41,PTBA,RG,3680,1,D,KK,BQ,D
13:40:41,PTBA,RG,3690,1,D,AK,BB,D
13:40:40,PTBA,RG,3680,130,D,KK,PD,D
13:40:08,PTBA,RG,3690,1,D,AK,BB,D
13:40:07,PTBA,RG,3690,1,D,AK,BB,D
13:40:07,PTBA,RG,3690,9,D,AK,BB,D
13:40:06,PTBA,RG,3690,2,D,AK,BB,D
13:40:05,PTBA,RG,3680,28,D,KK,OD,D
13:40:02,PTBA,RG,3690,3,D,AK,BB,D
13:40:01,PTBA,RG,3680,8,D,KK,OD,D
13:39:57,PTBA,RG,3690,1,D,AK,BB,D
13:39:56,PTBA,RG,3690,1,D,AK,BB,D
13:39:56,PTBA,RG,3690,8,D,AK,BB,D
13:39:56,PTBA,RG,3690,1,D,AK,BB,D
13:39:55,PTBA,RG,3680,26,D,KK,OD,D
13:39:22,PTBA,RG,3690,1,D,AK,BB,D
13:39:21,PTBA,RG,3690,3,D,AK,BB,D
13:39:20,PTBA,RG,3680,9,D,KK,CC,D
13:39:08,PTBA,RG,3690,9,D,AK,BB,D
13:39:08,PTBA,RG,3690,1,D,AK,BB,D
13:39:07,PTBA,RG,3670,25,D,CC,OD,D
13:38:55,PTBA,RG,3680,1,D,AK,OD,D
13:38:55,PTBA,RG,3680,3,D,AK,OD,D
13:38:55,PTBA,RG,3680,2,D,AK,OD,D
13:38:54,PTBA,RG,3680,1,D,AK,OD,D
13:38:54,PTBA,RG,3680,1,D,AK,OD,D
13:38:54,PTBA,RG,3680,7,D,AK,OD,D
13:38:54,PTBA,RG,3680,15,D,AK,CS,F
13:38:54,PTBA,RG,3680,6,D,AK,CS,F
13:38:54,PTBA,RG,3680,1,D,AK,CS,F
13:38:53,PTBA,RG,3690,22,D,AK,BB,D
13:38:53,PTBA,RG,3690,59,D,AK,YP,D
13:38:53,PTBA,RG,3680,21,D,AK,OD,D
13:38:53,PTBA,RG,3680,1,D,AK,OD,D
13:38:53,PTBA,RG,3670,66,D,CC,BB,D
13:38:52,PTBA,RG,3680,62,D,XC,BB,D
13:38:52,PTBA,RG,3680,1,D,AK,BB,D
13:38:52,PTBA,RG,3680,1,D,AK,BB,D
13:38:52,PTBA,RG,3680,20,D,BB,BB,D
13:38:52,PTBA,RG,3680,11,D,CC,BB,D
13:38:52,PTBA,RG,3680,100,D,LS,BB,D
13:38:52,PTBA,RG,3680,3,D,BB,BB,D
13:38:52,PTBA,RG,3680,2,D,BB,BB,D
13:38:52,PTBA,RG,3680,15,D,XC,BB,D
13:38:52,PTBA,RG,3680,10,D,PD,BB,D
13:38:52,PTBA,RG,3680,1,D,PD,BB,D
13:38:52,PTBA,RG,3680,1,D,BB,BB,D
13:38:52,PTBA,RG,3680,5,D,NI,BB,D
13:38:52,PTBA,RG,3680,5,D,AK,BB,D
13:38:52,PTBA,RG,3680,20,D,AK,BB,D
13:38:52,PTBA,RG,3680,13,D,AK,BB,D
13:38:52,PTBA,RG,3680,16,D,AK,BB,D
13:38:52,PTBA,RG,3680,1,D,AK,BB,D
13:38:52,PTBA,RG,3680,166,D,KK,BB,D
13:38:48,PTBA,RG,3690,2,D,AK,YP,D
13:38:48,PTBA,RG,3690,1,D,AK,YP,D
13:38:47,PTBA,RG,3690,1,D,AK,YP,D
13:38:47,PTBA,RG,3690,2,D,AK,YP,D
13:38:47,PTBA,RG,3690,2,D,AK,YP,D
13:38:47,PTBA,RG,3690,1,D,AK,YP,D
13:38:46,PTBA,RG,3690,2,D,AK,YP,D
13:38:46,PTBA,RG,3690,49,D,AK,YP,D
13:38:46,PTBA,RG,3690,1,D,AK,YP,D
13:38:46,PTBA,RG,3690,5,D,AK,YP,D
13:38:45,PTBA,RG,3680,151,D,KK,CC,D
13:38:34,PTBA,RG,3680,1,D,KK,PD,D
13:38:26,PTBA,RG,3690,3,D,AK,YP,D
13:38:26,PTBA,RG,3680,10,D,KK,AR,D
13:38:10,PTBA,RG,3690,1,D,AK,YP,D
13:38:09,PTBA,RG,3690,1,D,AK,YP,D
13:38:08,PTBA,RG,3690,1,D,AK,YP,D
13:38:08,PTBA,RG,3690,10,D,AK,YP,D
13:38:08,PTBA,RG,3690,1,D,AK,YP,D
13:38:07,PTBA,RG,3680,29,D,KK,OD,D
13:38:04,PTBA,RG,3690,3,D,AK,YP,D
13:38:04,PTBA,RG,3690,1,D,AK,YP,D
13:38:03,PTBA,RG,3680,8,D,KK,OD,D
13:37:59,PTBA,RG,3690,1,D,AK,YP,D
13:37:58,PTBA,RG,3690,1,D,AK,YP,D
13:37:58,PTBA,RG,3690,7,D,AK,YP,D
13:37:58,PTBA,RG,3690,1,D,AK,YP,D
13:37:58,PTBA,RG,3690,1,D,AK,YP,D
13:37:57,PTBA,RG,3680,24,D,KK,OD,D
13:37:55,PTBA,RG,3690,1,D,AK,YP,D
13:37:54,PTBA,RG,3690,6,D,AK,YP,D
13:37:54,PTBA,RG,3690,1,D,AK,YP,D
13:37:53,PTBA,RG,3680,20,D,KK,PD,D
13:37:42,PTBA,RG,3690,1,D,XC,YP,D
13:37:32,PTBA,RG,3690,1,D,AK,YP,D
13:37:31,PTBA,RG,3680,1,D,KK,XL,D
13:37:23,PTBA,RG,3690,1,D,XL,YP,D
13:37:07,PTBA,RG,3690,1,D,AK,YP,D
13:37:07,PTBA,RG,3690,1,D,AK,YP,D
13:37:06,PTBA,RG,3690,1,D,AK,YP,D
13:37:06,PTBA,RG,3690,10,D,AK,YP,D
13:37:06,PTBA,RG,3690,1,D,AK,YP,D
13:37:05,PTBA,RG,3680,32,D,KK,OD,D
13:37:02,PTBA,RG,3690,3,D,AK,YP,D
13:37:01,PTBA,RG,3680,7,D,KK,OD,D
13:36:11,PTBA,RG,3690,1,D,AK,YP,D
13:36:10,PTBA,RG,3690,4,D,AK,YP,D
13:36:09,PTBA,RG,3690,3,D,AK,YP,D
13:36:09,PTBA,RG,3690,10,D,AK,YP,D
13:36:09,PTBA,RG,3690,8,D,AK,YP,D
13:36:09,PTBA,RG,3690,1,D,AK,YP,D
13:36:08,PTBA,RG,3690,7,D,AK,YP,D
13:36:08,PTBA,RG,3690,1,D,AK,YP,D
13:36:08,PTBA,RG,3690,34,D,AK,AK,F
13:36:08,PTBA,RG,3690,2,D,AK,XC,D
13:36:08,PTBA,RG,3690,1,D,AK,PD,D
13:36:08,PTBA,RG,3690,1,D,AK,XC,D
13:36:08,PTBA,RG,3690,15,D,AK,PD,D
13:36:08,PTBA,RG,3690,5,D,AK,PD,D
13:36:08,PTBA,RG,3690,100,D,AK,DR,D
13:36:08,PTBA,RG,3690,1,D,AK,TP,D
13:36:08,PTBA,RG,3690,10,D,AK,DH,D
13:36:08,PTBA,RG,3690,1,D,AK,AT,D
13:36:08,PTBA,RG,3690,6,D,AK,RG,D
13:36:08,PTBA,RG,3690,4,D,AK,RG,D
13:36:08,PTBA,RG,3690,18,D,AK,YP,D
13:36:08,PTBA,RG,3690,2,D,AK,YP,D
13:36:07,PTBA,RG,3680,25,D,KK,OD,D
13:36:07,PTBA,RG,3680,402,D,KK,ZP,F
13:36:07,PTBA,RG,3680,10,D,KK,CC,F
13:36:07,PTBA,RG,3680,20,D,KK,CS,F
13:36:07,PTBA,RG,3680,94,D,KK,ZP,F
13:36:07,PTBA,RG,3680,1,D,AK,ZP,F
13:36:07,PTBA,RG,3680,1,D,AK,ZP,F
13:36:06,PTBA,RG,3680,1,D,AK,ZP,F
13:36:06,PTBA,RG,3680,9,D,AK,ZP,F
13:36:06,PTBA,RG,3680,1,D,AK,ZP,F
13:36:05,PTBA,RG,3670,29,D,CC,OD,D
13:36:05,PTBA,RG,3680,1,D,AK,ZP,F
13:36:04,PTBA,RG,3680,2,D,AK,ZP,F
13:36:04,PTBA,RG,3680,1,D,AK,ZP,F
13:36:03,PTBA,RG,3670,8,D,CC,OD,D
13:36:02,PTBA,RG,3680,1,D,AK,ZP,F
13:36:02,PTBA,RG,3680,7,D,AK,ZP,F
13:36:02,PTBA,RG,3680,1,D,AK,ZP,F
13:36:01,PTBA,RG,3670,22,D,CC,OD,D
13:36:00,PTBA,RG,3680,1,D,AK,ZP,F
13:35:59,PTBA,RG,3680,1,D,AK,ZP,F
13:35:59,PTBA,RG,3680,1,D,AK,ZP,F
13:35:58,PTBA,RG,3680,25,D,AK,ZP,F
13:35:58,PTBA,RG,3680,3,D,AK,ZP,F
13:35:57,PTBA,RG,3680,59,D,AK,ZP,F
13:35:57,PTBA,RG,3680,11,D,AK,ZP,F
13:35:57,PTBA,RG,3680,2,D,AK,ZP,F
13:35:57,PTBA,RG,3680,15,D,AK,ZP,F
13:35:57,PTBA,RG,3680,1,F,BK,ZP,F
13:35:56,PTBA,RG,3680,10,D,YP,AK,F
13:35:56,PTBA,RG,3680,11,D,CC,AK,F
13:35:56,PTBA,RG,3680,4,D,NI,AK,F
13:35:56,PTBA,RG,3680,10,D,AK,AK,F
13:35:56,PTBA,RG,3680,1,D,NI,AK,F
13:35:56,PTBA,RG,3680,4,D,DR,AK,F
13:35:56,PTBA,RG,3680,5,D,SQ,AK,F
13:35:56,PTBA,RG,3680,46,D,AK,AK,F
13:35:56,PTBA,RG,3680,50,D,NI,AK,F
13:35:56,PTBA,RG,3680,6,D,BB,AK,F
13:35:56,PTBA,RG,3680,15,D,BB,AK,F
13:35:56,PTBA,RG,3680,31,D,BB,AK,F
13:35:56,PTBA,RG,3680,2,D,BB,AK,F
13:35:56,PTBA,RG,3680,10,D,YP,AK,F
13:35:56,PTBA,RG,3680,1226,D,AK,AK,F
13:35:55,PTBA,RG,3680,322,D,AK,YU,D
13:35:55,PTBA,RG,3680,206,D,AK,YU,D
13:35:55,PTBA,RG,3680,1,D,YP,YU,D
13:35:55,PTBA,RG,3680,1,D,YP,YU,D
13:35:55,PTBA,RG,3680,1,D,XL,YU,D
13:35:55,PTBA,RG,3680,5,D,PD,YU,D
13:35:55,PTBA,RG,3680,3,D,CC,YU,D
13:35:55,PTBA,RG,3680,14,D,CC,YU,D
13:35:55,PTBA,RG,3680,2,D,PD,YU,D
13:35:55,PTBA,RG,3680,261,F,AK,YU,D
13:35:55,PTBA,RG,3680,2,D,XC,YU,D
13:35:55,PTBA,RG,3680,185,D,XC,YU,D
13:35:55,PTBA,RG,3680,551,F,CS,YU,D
13:35:55,PTBA,RG,3680,3,D,XC,YU,D
13:35:55,PTBA,RG,3680,1,D,XC,YU,D
13:35:55,PTBA,RG,3680,10,D,PD,YU,D
13:35:55,PTBA,RG,3680,1,D,XC,YU,D
13:35:55,PTBA,RG,3680,12,D,PD,YU,D
13:35:55,PTBA,RG,3680,10,D,AI,YU,D
13:35:55,PTBA,RG,3680,1,D,PD,YU,D
13:35:55,PTBA,RG,3680,1,D,PD,YU,D
13:35:55,PTBA,RG,3680,500,D,YB,YU,D
13:35:55,PTBA,RG,3680,1000,D,YB,YU,D
13:35:55,PTBA,RG,3680,27,D,PD,YU,D
13:35:55,PTBA,RG,3680,2,D,PD,YU,D
13:35:55,PTBA,RG,3680,1,D,PD,YU,D
13:35:55,PTBA,RG,3680,5,D,NI,YU,D
13:35:55,PTBA,RG,3680,1,D,NI,YU,D
13:35:55,PTBA,RG,3680,7,D,PD,YU,D
13:35:55,PTBA,RG,3680,7,D,NI,YU,D
13:35:55,PTBA,RG,3680,1,D,DX,YU,D
13:35:55,PTBA,RG,3680,1,F,BK,YU,D
13:35:55,PTBA,RG,3680,50,D,PD,YU,D
13:35:55,PTBA,RG,3680,1,D,DH,YU,D
13:35:55,PTBA,RG,3680,1,D,PD,YU,D
13:35:55,PTBA,RG,3680,500,D,YB,YU,D
13:35:55,PTBA,RG,3680,20,D,PD,YU,D
13:35:55,PTBA,RG,3680,10,D,PD,YU,D
13:35:55,PTBA,RG,3680,4,D,XC,YU,D
13:35:55,PTBA,RG,3680,17,D,HD,YU,D
13:35:55,PTBA,RG,3680,3,D,XC,YU,D
13:35:55,PTBA,RG,3680,3,D,XA,YU,D
13:35:55,PTBA,RG,3680,49,D,HD,YU,D
13:35:55,PTBA,RG,3680,100,D,PD,YU,D
13:35:55,PTBA,RG,3680,2,D,XC,YU,D
13:35:55,PTBA,RG,3680,5,D,YP,YU,D
13:35:55,PTBA,RG,3680,5,D,PD,YU,D
13:35:55,PTBA,RG,3680,1,D,CC,YU,D
13:35:55,PTBA,RG,3680,5,D,XL,YU,D
13:35:55,PTBA,RG,3680,1,D,AK,YU,D
13:35:55,PTBA,RG,3680,28,D,AK,YU,D
13:35:55,PTBA,RG,3680,1,D,AK,YU,D
13:35:55,PTBA,RG,3680,7,D,AK,YU,D
13:35:55,PTBA,RG,3680,1042,D,YU,YU,D
13:35:42,PTBA,RG,3690,3,D,AK,ZP,F
13:35:40,PTBA,RG,3680,11,D,YU,XL,D
13:35:29,PTBA,RG,3690,2,D,AK,ZP,F
13:35:29,PTBA,RG,3690,1,D,AK,ZP,F
13:35:28,PTBA,RG,3690,5,D,NI,ZP,F
13:35:24,PTBA,RG,3690,1,D,AK,ZP,F
13:35:23,PTBA,RG,3690,1,D,AK,ZP,F
13:35:23,PTBA,RG,3690,4,D,AK,ZP,F
13:35:23,PTBA,RG,3690,3,D,AK,ZP,F
13:35:22,PTBA,RG,3690,3,D,AK,ZP,F
13:35:22,PTBA,RG,3690,61,D,AK,ZP,F
13:35:22,PTBA,RG,3690,7,D,AK,ZP,F
13:35:22,PTBA,RG,3690,1,D,AK,ZP,F
13:35:21,PTBA,RG,3680,190,D,YU,BB,D
13:35:19,PTBA,RG,3690,1,D,AK,ZP,F
13:35:18,PTBA,RG,3690,5,D,AK,ZP,F
13:35:17,PTBA,RG,3690,13,D,CC,ZP,F
13:35:16,PTBA,RG,3690,6,D,AK,ZP,F
13:35:16,PTBA,RG,3690,1,D,AK,ZP,F
13:35:14,PTBA,RG,3690,20,D,OD,ZP,F
13:35:09,PTBA,RG,3690,1,D,AK,ZP,F
13:35:08,PTBA,RG,3690,1,D,AK,ZP,F
13:35:07,PTBA,RG,3690,1,D,AK,ZP,F
13:35:06,PTBA,RG,3690,10,D,AK,ZP,F
13:35:06,PTBA,RG,3690,1,D,AK,ZP,F
13:35:05,PTBA,RG,3680,31,D,YU,OD,D
13:35:04,PTBA,RG,3690,2,D,AK,ZP,F
13:35:04,PTBA,RG,3690,1,D,AK,XC,D
13:35:03,PTBA,RG,3690,1,D,AK,CS,F
13:35:03,PTBA,RG,3690,1,D,AK,CS,F
13:35:03,PTBA,RG,3680,8,D,YU,OD,D
13:35:02,PTBA,RG,3690,1,D,AK,CS,F
13:35:02,PTBA,RG,3690,8,D,AK,CS,F
13:35:02,PTBA,RG,3690,1,D,AK,CS,F
13:35:01,PTBA,RG,3680,26,D,YU,OD,D
13:34:51,PTBA,RG,3690,1,D,AK,CS,F
13:34:49,PTBA,RG,3680,1,D,YU,PD,D
13:34:32,PTBA,RG,3680,1,D,YU,AT,D
13:34:16,PTBA,RG,3690,1,D,AK,CS,F
13:34:15,PTBA,RG,3690,5,D,YP,CS,F
13:34:07,PTBA,RG,3690,1,D,AK,CS,F
13:34:06,PTBA,RG,3690,2,D,AK,CS,F
13:34:06,PTBA,RG,3690,1,D,AK,CS,F
13:34:05,PTBA,RG,3680,7,D,YU,OD,D
13:34:03,PTBA,RG,3690,1,D,AK,CS,F
13:34:03,PTBA,RG,3690,1,D,AK,CS,F
13:34:02,PTBA,RG,3690,1,D,AK,CS,F
13:34:02,PTBA,RG,3690,12,D,AK,CS,F
13:34:02,PTBA,RG,3690,2,D,AK,CS,F
13:34:01,PTBA,RG,3680,34,D,YU,OD,D
13:34:01,PTBA,RG,3690,8,D,AK,CS,F
13:34:01,PTBA,RG,3690,1,D,AK,CS,F
13:33:59,PTBA,RG,3680,26,D,YU,OD,D
13:33:55,PTBA,RG,3690,1,D,AK,CS,F
13:33:55,PTBA,RG,3690,1,D,AK,CS,F
13:33:54,PTBA,RG,3690,1,D,AK,CS,F
13:33:54,PTBA,RG,3690,10,D,AK,CS,F
13:33:54,PTBA,RG,3690,1,D,AK,CS,F
13:33:53,PTBA,RG,3690,1,D,DH,CS,F
13:33:53,PTBA,RG,3690,30,D,DR,CS,F
13:33:45,PTBA,RG,3690,1,D,NI,CS,F
13:33:32,PTBA,RG,3690,1,D,AK,CS,F
13:33:31,PTBA,RG,3690,3,D,SQ,CS,F
13:33:06,PTBA,RG,3690,2,D,AK,CS,F
13:33:05,PTBA,RG,3680,7,D,YU,OD,D
13:33:04,PTBA,RG,3690,1,D,AK,CS,F
13:33:03,PTBA,RG,3690,1,D,AK,CS,F
13:33:02,PTBA,RG,3690,1,D,AK,CS,F
13:33:02,PTBA,RG,3690,4,D,AK,CS,F
13:33:02,PTBA,RG,3690,5,D,AK,PD,D
13:33:02,PTBA,RG,3690,1,D,AK,PD,D
13:33:01,PTBA,RG,3680,28,D,YU,OD,D
13:33:01,PTBA,RG,3690,1,D,AK,PD,D
13:33:00,PTBA,RG,3690,7,D,AK,PD,D
13:33:00,PTBA,RG,3690,1,D,AK,PD,D
13:32:59,PTBA,RG,3680,24,D,YU,OD,D
13:32:56,PTBA,RG,3690,1,D,AK,PD,D
13:32:54,PTBA,RG,3690,3,D,CC,PD,D
13:32:25,PTBA,RG,3690,1,D,AK,PD,D
13:32:24,PTBA,RG,3690,1,D,AK,PD,D
13:32:23,PTBA,RG,3690,1,D,AK,PD,D
13:32:22,PTBA,RG,3690,1,D,AK,PD,D
13:32:22,PTBA,RG,3690,11,D,AK,PD,D
13:32:22,PTBA,RG,3690,2,D,AK,PD,D
13:32:21,PTBA,RG,3680,34,D,YU,CC,D
13:32:21,PTBA,RG,3690,10,D,AK,PD,D
13:32:21,PTBA,RG,3690,1,D,AK,PD,D
13:32:21,PTBA,RG,3690,1,D,AK,PD,D
13:32:20,PTBA,RG,3690,30,D,CC,PD,D
13:32:12,PTBA,RG,3690,2,D,AK,PD,D
13:32:11,PTBA,RG,3690,2,D,AK,PD,D
13:32:11,PTBA,RG,3690,4,D,AK,PD,D
13:32:11,PTBA,RG,3690,3,D,AK,PD,D
13:32:10,PTBA,RG,3690,3,D,AK,PD,D
13:32:10,PTBA,RG,3690,71,D,AK,PD,D
13:32:10,PTBA,RG,3690,10,D,AK,PD,D
13:32:10,PTBA,RG,3690,1,D,AK,PD,D
13:32:09,PTBA,RG,3690,220,D,PD,PD,D
13:32:05,PTBA,RG,3690,1,D,AK,PD,D
13:32:05,PTBA,RG,3690,10,D,AK,PD,D
13:32:04,PTBA,RG,3690,3,D,AK,PD,D
13:32:04,PTBA,RG,3690,1,D,AK,PD,D
13:32:03,PTBA,RG,3680,30,D,YU,OD,D
13:32:03,PTBA,RG,3680,8,D,YU,OD,D
13:32:02,PTBA,RG,3690,1,D,AK,PD,D
13:32:02,PTBA,RG,3690,7,D,AK,PD,D
