Time,Stock,Brd,Price,Qty,BT,BC,SC,ST
15:14:51,PTBA,RG,3690,1,D,CC,DH,D
15:13:35,PTBA,RG,3690,1,D,NI,DH,D
15:12:45,PTBA,RG,3690,7,D,NI,DH,D
15:11:12,PTBA,RG,3690,4,D,PD,DH,D
15:08:00,PTBA,RG,3690,10,D,XC,DH,D
15:08:00,PTBA,RG,3690,1,D,XC,XA,D
15:07:31,PTBA,RG,3690,50,D,LG,BK,F
15:06:45,PTBA,RG,3690,1,D,PD,BK,F
15:06:37,PTBA,RG,3690,3,D,YP,BK,F
15:06:25,PTBA,RG,3690,34,D,XL,BK,F
15:05:39,PTBA,RG,3690,1,D,CC,BK,F
15:04:50,PTBA,RG,3690,1,D,DR,BK,F
15:04:21,PTBA,RG,3690,1,D,PD,BK,F
15:03:20,PTBA,RG,3690,14,D,XC,BK,F
15:03:09,PTBA,RG,3690,1,D,XC,BK,F
15:02:16,PTBA,RG,3690,13,D,XC,BK,F
15:00:00,PTBA,RG,3690,859,F,AK,BK,F
15:00:00,PTBA,RG,3690,10,F,AK,CC,D
15:00:00,PTBA,RG,3690,30,F,AK,PD,D
15:00:00,PTBA,RG,3690,122,F,AK,PG,D
15:00:00,PTBA,RG,3690,20,F,AK,IP,D
15:00:00,PTBA,RG,3690,2,F,AK,SQ,D
15:00:00,PTBA,RG,3690,1,F,AK,PD,D
15:00:00,PTBA,RG,3690,2,F,AK,PD,D
15:00:00,PTBA,RG,3690,2,F,AK,XC,D
15:00:00,PTBA,RG,3690,1,F,AK,CC,D
15:00:00,PTBA,RG,3690,23,F,AK,YP,D
15:00:00,PTBA,RG,3690,15,F,AK,DR,D
15:00:00,PTBA,RG,3690,10,F,AK,YP,D
15:00:00,PTBA,RG,3690,7,F,AK,AZ,D
15:00:00,PTBA,RG,3690,1,F,AK,NI,D
15:00:00,PTBA,RG,3690,2,F,AK,PD,D
15:00:00,PTBA,RG,3690,200,F,AK,KK,D
15:00:00,PTBA,RG,3690,14,F,AK,DR,D
15:00:00,PTBA,RG,3690,20,F,AK,PD,D
15:00:00,PTBA,RG,3690,1,F,AK,KK,D
15:00:00,PTBA,RG,3690,1,F,AK,PD,D
15:00:00,PTBA,RG,3690,10,F,AK,KK,D
15:00:00,PTBA,RG,3690,6,F,AK,NI,D
15:00:00,PTBA,RG,3690,30,F,AK,YP,D
15:00:00,PTBA,RG,3690,1,F,AK,YP,D
15:00:00,PTBA,RG,3690,409,F,AK,PD,D
15:00:00,PTBA,RG,3690,91,D,BQ,PD,D
15:00:00,PTBA,RG,3690,6,D,BQ,PD,D
15:00:00,PTBA,RG,3690,98,D,BQ,YP,D
15:00:00,PTBA,RG,3690,91,F,YU,YP,D
15:00:00,PTBA,RG,3690,1,F,YU,YP,D
15:00:00,PTBA,RG,3690,2,F,YU,XL,D
15:00:00,PTBA,RG,3690,20,F,YU,LG,D
15:00:00,PTBA,RG,3690,9,F,YU,NI,D
15:00:00,PTBA,RG,3690,5,F,YU,PD,D
15:00:00,PTBA,RG,3690,1,F,YU,YP,D
15:00:00,PTBA,RG,3690,1,F,YU,PD,D
15:00:00,PTBA,RG,3690,20,F,YU,KK,D
15:00:00,PTBA,RG,3690,211,F,YU,BK,F
15:00:00,PTBA,RG,3690,1705,F,AK,BK,F
15:00:00,PTBA,RG,3690,1,F,AK,XL,D
15:00:00,PTBA,RG,3690,1,F,AK,XC,D
15:00:00,PTBA,RG,3690,10,F,AK,CC,D
15:00:00,PTBA,RG,3690,27,F,AK,AI,D
15:00:00,PTBA,RG,3690,200,F,AK,YP,D
15:00:00,PTBA,RG,3690,32,F,AK,PD,D
15:00:00,PTBA,RG,3690,200,F,AK,PD,D
15:00:00,PTBA,RG,3690,1,F,AK,PD,D
15:00:00,PTBA,RG,3690,100,F,AK,NI,D
15:00:00,PTBA,RG,3690,500,F,AK,DH,D
15:00:00,PTBA,RG,3690,1,F,AK,XC,D
15:00:00,PTBA,RG,3690,1,F,AK,EP,D
15:00:00,PTBA,RG,3690,1,F,AK,XC,D
15:00:00,PTBA,RG,3690,20,F,AK,CC,D
15:00:00,PTBA,RG,3690,20,F,AK,TF,D
15:00:00,PTBA,RG,3690,1,F,AK,YP,D
15:00:00,PTBA,RG,3690,1,F,AK,YP,D
15:00:00,PTBA,RG,3690,5,F,AK,DR,D
15:00:00,PTBA,RG,3690,10,F,AK,NI,D
15:00:00,PTBA,RG,3690,5,F,AK,KK,D
15:00:00,PTBA,RG,3690,10,F,AK,YP,D
15:00:00,PTBA,RG,3690,30,F,AK,PD,D
15:00:00,PTBA,RG,3690,5,F,AK,XC,D
15:00:00,PTBA,RG,3690,778,F,AK,ZP,D
15:00:00,PTBA,RG,3690,2,F,BK,ZP,D
15:00:00,PTBA,RG,3690,220,F,BK,ZP,D
15:00:00,PTBA,RG,3690,64,F,BK,XL,D
15:00:00,PTBA,RG,3690,5,F,BK,CC,D
15:00:00,PTBA,RG,3690,100,F,BK,XA,D
15:00:00,PTBA,RG,3690,1,F,BK,PD,D
15:00:00,PTBA,RG,3690,10,F,BK,LG,D
15:00:00,PTBA,RG,3690,2,F,BK,PD,D
15:00:00,PTBA,RG,3690,5,F,BK,PD,D
15:00:00,PTBA,RG,3690,325,F,BK,GR,D
15:00:00,PTBA,RG,3690,2,F,BK,NI,D
15:00:00,PTBA,RG,3690,500,F,BK,LS,D
15:00:00,PTBA,RG,3690,10,F,BK,LG,D
15:00:00,PTBA,RG,3690,2,F,BK,GR,D
15:00:00,PTBA,RG,3690,10,F,BK,PD,D
15:00:00,PTBA,RG,3690,1,F,BK,YP,D
15:00:00,PTBA,RG,3690,5,F,BK,XC,D
15:00:00,PTBA,RG,3690,28,F,BK,NI,D
15:00:00,PTBA,RG,3690,5,F,BK,YP,D
15:00:00,PTBA,RG,3690,2,F,BK,XC,D
15:00:00,PTBA,RG,3690,5,F,BK,XC,D
15:00:00,PTBA,RG,3690,200,F,BK,KK,D
15:00:00,PTBA,RG,3690,537,F,BK,IF,D
15:00:00,PTBA,RG,3690,3,F,BK,SQ,D
15:00:00,PTBA,RG,3690,4,F,BK,YU,D
15:00:00,PTBA,RG,3690,2,F,BK,XC,D
15:00:00,PTBA,RG,3690,10,F,BK,LG,D
15:00:00,PTBA,RG,3690,10,F,BK,XL,D
15:00:00,PTBA,RG,3690,3,F,BK,NI,D
15:00:00,PTBA,RG,3690,119,F,BK,OD,D
15:00:00,PTBA,RG,3690,3,F,BK,DH,D
15:00:00,PTBA,RG,3690,50,F,BK,AG,D
15:00:00,PTBA,RG,3690,3,F,BK,CC,D
15:00:00,PTBA,RG,3690,10,F,BK,YP,D
15:00:00,PTBA,RG,3690,24,F,BK,XA,D
15:00:00,PTBA,RG,3690,98,F,BK,YP,D
15:00:00,PTBA,RG,3690,50,F,BK,YJ,D
15:00:00,PTBA,RG,3690,10,F,BK,HD,D
15:00:00,PTBA,RG,3690,100,F,BK,YJ,D
15:00:00,PTBA,RG,3690,134,F,BK,BK,F
15:00:00,PTBA,RG,3690,341,F,BK,ZP,F
15:00:00,PTBA,RG,3690,1044,F,YU,ZP,F
15:00:00,PTBA,RG,3690,39,F,YU,KZ,D
15:00:00,PTBA,RG,3690,39,F,YU,KZ,D
15:00:00,PTBA,RG,3690,673,F,YU,AK,F
15:00:00,PTBA,RG,3690,341,F,YU,AK,F
15:00:00,PTBA,RG,3690,507,F,YU,BB,D
15:00:00,PTBA,RG,3690,5,F,YU,DR,D
15:00:00,PTBA,RG,3690,47,F,YU,ZP,F
15:00:00,PTBA,RG,3690,1,F,AK,ZP,F
15:00:00,PTBA,RG,3690,48,F,AK,ZP,F
15:00:00,PTBA,RG,3690,15,F,AK,ZP,F
15:00:00,PTBA,RG,3690,3,D,YU,ZP,F
15:00:00,PTBA,RG,3690,2,D,YU,LG,D
14:49:47,PTBA,RG,3670,300,D,BQ,XL,D
14:49:45,PTBA,RG,3680,1,F,AK,IF,D
14:49:44,PTBA,RG,3670,4,D,BQ,PD,D
14:49:30,PTBA,RG,3670,211,D,BQ,CC,D
14:49:30,PTBA,RG,3670,14,D,XC,CC,D
14:49:30,PTBA,RG,3670,3,D,CC,CC,D
14:49:30,PTBA,RG,3670,6,D,EP,CC,D
14:49:30,PTBA,RG,3670,1,D,SQ,CC,D
14:49:30,PTBA,RG,3670,1,D,XC,CC,D
14:49:30,PTBA,RG,3670,2,D,CP,CC,D
14:49:30,PTBA,RG,3670,750,D,BQ,CC,D
14:49:30,PTBA,RG,3670,12,D,BQ,CC,D
14:49:30,PTBA,RG,3680,6,F,AK,IF,D
14:49:30,PTBA,RG,3680,1,F,AK,IF,D
14:49:29,PTBA,RG,3680,1,F,BK,IF,D
14:49:27,PTBA,RG,3670,2,D,BQ,CC,D
14:49:18,PTBA,RG,3680,300,D,PD,IF,D
14:49:15,PTBA,RG,3680,1,F,AK,IF,D
14:49:02,PTBA,RG,3680,50,D,NI,IF,D
14:49:00,PTBA,RG,3680,3,F,AK,IF,D
14:48:58,PTBA,RG,3680,110,D,YP,IF,D
14:48:45,PTBA,RG,3680,7,F,AK,IF,D
14:48:35,PTBA,RG,3680,1,F,AK,IF,D
14:48:35,PTBA,RG,3680,4,D,CC,IF,D
14:48:15,PTBA,RG,3680,2,F,AK,IF,D
14:48:09,PTBA,RG,3670,60,D,BQ,KK,D
14:48:06,PTBA,RG,3670,9,D,BQ,PD,D
14:48:04,PTBA,RG,3670,20,D,BQ,KZ,D
14:48:00,PTBA,RG,3680,1,F,AK,IF,D
14:48:00,PTBA,RG,3680,7,F,AK,IF,D
14:47:55,PTBA,RG,3670,77,D,BQ,PD,D
14:47:55,PTBA,RG,3670,223,D,BQ,PD,D
14:47:52,PTBA,RG,3670,27,D,BQ,KI,D
14:47:52,PTBA,RG,3670,73,D,BQ,KI,D
14:47:38,PTBA,RG,3680,4,F,AK,IF,D
14:47:37,PTBA,RG,3670,1,D,BQ,ZP,D
14:47:33,PTBA,RG,3670,2,D,BQ,CC,D
14:47:30,PTBA,RG,3680,2,F,AK,IF,D
14:47:25,PTBA,RG,3680,5,D,NI,IF,D
14:46:45,PTBA,RG,3680,1,F,AK,IF,D
14:46:45,PTBA,RG,3680,6,F,AK,IF,D
14:46:43,PTBA,RG,3670,174,D,BQ,DR,D
14:46:43,PTBA,RG,3670,6,F,CS,DR,D
14:46:43,PTBA,RG,3670,4,F,CS,DR,D
14:46:43,PTBA,RG,3670,16,D,BQ,DR,D
14:46:40,PTBA,RG,3670,200,D,BQ,DR,D
14:46:40,PTBA,RG,3670,5,D,BQ,CC,F
14:46:40,PTBA,RG,3670,3,D,BQ,DR,D
14:46:40,PTBA,RG,3670,1,D,BQ,PD,D
14:46:40,PTBA,RG,3670,10,D,BQ,YP,D
14:46:40,PTBA,RG,3670,15,D,BQ,BK,F
14:46:39,PTBA,RG,3670,93,D,BQ,BK,F
14:46:39,PTBA,RG,3670,1,D,BQ,XL,D
14:46:39,PTBA,RG,3670,156,D,BQ,IP,D
14:46:37,PTBA,RG,3670,5,D,PD,IP,D
14:46:35,PTBA,RG,3670,219,D,BQ,IP,D
14:46:35,PTBA,RG,3670,5,D,BQ,KK,D
14:46:35,PTBA,RG,3670,1,D,BQ,SQ,D
14:46:35,PTBA,RG,3670,10,D,BQ,YP,D
14:46:35,PTBA,RG,3670,3,D,BQ,KZ,D
14:46:35,PTBA,RG,3670,10,D,BQ,PD,D
14:46:35,PTBA,RG,3670,10,D,BQ,LS,D
14:46:35,PTBA,RG,3670,242,D,BQ,BK,F
14:46:35,PTBA,RG,3660,100,D,YP,PD,D
14:46:30,PTBA,RG,3670,916,D,CC,BK,F
14:46:30,PTBA,RG,3670,1,D,CC,CC,D
14:46:30,PTBA,RG,3670,812,D,CC,BK,F
14:46:29,PTBA,RG,3670,1,D,CC,BK,F
14:46:20,PTBA,RG,3670,70,D,PD,BK,F
14:46:15,PTBA,RG,3670,1,F,AK,BK,F
14:46:05,PTBA,RG,3660,5,D,YP,XL,D
14:46:03,PTBA,RG,3660,1,D,YP,YP,D
14:46:00,PTBA,RG,3670,815,D,CC,BK,F
14:46:00,PTBA,RG,3670,100,D,CC,PD,D
14:46:00,PTBA,RG,3670,10,D,CC,NI,D
14:46:00,PTBA,RG,3670,100,D,CC,AZ,D
14:46:00,PTBA,RG,3670,10,D,CC,PD,D
14:46:00,PTBA,RG,3670,2,D,CC,NI,D
14:46:00,PTBA,RG,3670,100,D,CC,HP,D
14:46:00,PTBA,RG,3670,400,D,CC,DH,D
14:46:00,PTBA,RG,3670,150,D,CC,RO,D
14:46:00,PTBA,RG,3670,20,D,CC,GR,D
14:46:00,PTBA,RG,3670,2,D,CC,XC,D
14:46:00,PTBA,RG,3670,1,D,CC,XC,D
14:46:00,PTBA,RG,3670,60,D,CC,XA,D
14:45:41,PTBA,RG,3670,10,D,PD,XA,D
14:45:38,PTBA,RG,3660,8,D,YP,DR,D
14:45:34,PTBA,RG,3660,1,D,YP,KZ,D
14:45:31,PTBA,RG,3660,135,D,YP,DR,D
14:45:31,PTBA,RG,3660,10,D,YU,DR,D
14:45:31,PTBA,RG,3660,10,F,CS,DR,D
14:45:31,PTBA,RG,3660,20,D,YU,DR,D
14:45:31,PTBA,RG,3660,1,D,BQ,DR,D
14:45:31,PTBA,RG,3660,2,D,YP,DR,D
14:45:31,PTBA,RG,3660,122,D,BQ,DR,D
14:45:30,PTBA,RG,3670,6,F,AK,XA,D
14:45:27,PTBA,RG,3660,300,D,BQ,DR,D
14:45:00,PTBA,RG,3670,2,F,AK,XA,D
14:44:44,PTBA,RG,3670,3,D,YP,XA,D
14:44:32,PTBA,RG,3660,48,D,BQ,CC,D
14:44:27,PTBA,RG,3670,3,D,CC,XA,D
14:44:26,PTBA,RG,3660,2,D,BQ,XC,D
14:44:15,PTBA,RG,3660,15,D,BQ,XC,D
14:44:09,PTBA,RG,3660,10,D,BQ,PD,D
14:44:00,PTBA,RG,3660,3,D,BQ,DR,D
14:44:00,PTBA,RG,3660,100,D,YP,DR,D
14:44:00,PTBA,RG,3660,5,D,CC,DR,D
14:44:00,PTBA,RG,3660,1,F,BK,DR,D
14:44:00,PTBA,RG,3660,91,D,AZ,DR,D
14:43:57,PTBA,RG,3670,2,D,XL,XA,D
14:43:57,PTBA,RG,3660,200,D,AZ,DR,D
14:43:49,PTBA,RG,3660,10,D,AZ,YU,D
14:43:45,PTBA,RG,3670,2,F,AK,XA,D
14:43:43,PTBA,RG,3660,198,D,AZ,DR,D
14:43:43,PTBA,RG,3660,102,D,AZ,DR,D
14:43:41,PTBA,RG,3660,298,D,AZ,DR,D
14:43:39,PTBA,RG,3660,1,D,XC,DR,D
14:43:39,PTBA,RG,3660,1,D,DH,DR,D
14:43:33,PTBA,RG,3660,5,D,DH,DR,D
14:43:31,PTBA,RG,3660,2,D,DH,CC,F
14:43:31,PTBA,RG,3660,2,D,DH,CP,D
14:43:29,PTBA,RG,3660,1,D,BQ,CP,D
14:43:24,PTBA,RG,3660,5,F,AK,AT,D
14:43:24,PTBA,RG,3660,20,F,AK,LG,D
14:43:24,PTBA,RG,3660,40,F,AK,LG,D
14:43:24,PTBA,RG,3660,2,F,AK,NI,D
14:43:24,PTBA,RG,3660,42,F,AK,KZ,D
14:43:24,PTBA,RG,3660,30,F,AK,SQ,D
14:43:24,PTBA,RG,3660,3,F,AK,GR,D
14:43:24,PTBA,RG,3660,2,F,AK,DR,D
14:43:24,PTBA,RG,3660,2,F,AK,KZ,D
14:43:24,PTBA,RG,3660,5,F,AK,KZ,D
14:43:24,PTBA,RG,3660,2,F,AK,EP,D
14:43:24,PTBA,RG,3660,5,F,AK,CC,D
14:43:24,PTBA,RG,3660,7,F,AK,DR,D
14:43:24,PTBA,RG,3660,1,F,AK,DR,D
14:43:24,PTBA,RG,3660,1,F,AK,AT,D
14:43:24,PTBA,RG,3660,2,F,AK,PD,D
14:43:24,PTBA,RG,3660,8,F,AK,KK,D
14:43:24,PTBA,RG,3660,75,F,AK,LG,D
14:43:24,PTBA,RG,3660,400,F,AK,YP,D
14:43:24,PTBA,RG,3660,20,F,AK,LG,D
14:43:24,PTBA,RG,3660,20,F,AK,LG,D
14:43:24,PTBA,RG,3660,20,F,AK,LG,D
14:43:24,PTBA,RG,3660,35,F,AK,KZ,D
14:43:24,PTBA,RG,3660,1,F,AK,CC,F
14:43:24,PTBA,RG,3660,607,F,AK,AK,F
14:43:24,PTBA,RG,3660,500,D,BQ,AK,F
14:43:21,PTBA,RG,3660,1000,D,BQ,AK,F
14:43:20,PTBA,RG,3660,500,D,CC,AK,F
14:43:18,PTBA,RG,3660,2,D,XL,AK,F
14:43:13,PTBA,RG,3660,300,D,NI,AK,F
14:43:11,PTBA,RG,3660,5,D,LS,AK,F
14:43:04,PTBA,RG,3660,3,D,XL,AK,F
14:42:55,PTBA,RG,3660,1,D,XC,AK,F
14:42:54,PTBA,RG,3660,1,D,NI,AK,F
14:42:51,PTBA,RG,3660,1,D,XL,AK,F
14:42:49,PTBA,RG,3660,1,D,XC,AK,F
14:42:44,PTBA,RG,3660,2,D,XC,AK,F
14:42:32,PTBA,RG,3660,100,D,YJ,AK,F
14:42:10,PTBA,RG,3660,1,D,KK,AK,F
14:42:06,PTBA,RG,3660,26,D,PD,AK,F
14:41:56,PTBA,RG,3660,50,D,XL,AK,F
14:41:45,PTBA,RG,3660,9,D,NI,AK,F
14:41:27,PTBA,RG,3660,9,D,PD,AK,F
14:41:21,PTBA,RG,3660,27,D,CC,AK,F
14:41:20,PTBA,RG,3650,5,D,YP,LG,D
14:41:15,PTBA,RG,3660,2,D,PD,AK,F
14:41:15,PTBA,RG,3650,3,D,YP,YP,D
14:40:59,PTBA,RG,3660,1,D,YP,AK,F
14:40:58,PTBA,RG,3660,10,D,PD,AK,F
14:40:57,PTBA,RG,3660,1,D,NI,AK,F
14:40:49,PTBA,RG,3660,1,D,CC,AK,F
14:40:46,PTBA,RG,3660,1,D,YP,AK,F
14:40:45,PTBA,RG,3660,231,D,YP,AK,F
14:40:42,PTBA,RG,3660,12,D,XL,AK,F
14:40:33,PTBA,RG,3660,2,D,DR,AK,F
14:40:30,PTBA,RG,3660,75,D,GR,AK,F
14:40:27,PTBA,RG,3660,25,D,XL,AK,F
14:40:12,PTBA,RG,3660,2,D,YP,AK,F
14:39:53,PTBA,RG,3660,1,D,LG,AK,F
14:39:47,PTBA,RG,3660,1,D,NI,AK,F
14:39:44,PTBA,RG,3660,1,D,DH,AK,F
14:39:41,PTBA,RG,3660,1,D,KK,AK,F
14:39:38,PTBA,RG,3660,5,D,YP,AK,F
14:39:33,PTBA,RG,3660,2,D,XC,AK,F
14:39:31,PTBA,RG,3660,1298,D,FZ,AK,F
14:39:31,PTBA,RG,3660,702,D,FZ,AK,F
14:39:31,PTBA,RG,3660,5,D,YP,AK,F
14:39:25,PTBA,RG,3660,2,D,YP,AK,F
14:38:24,PTBA,RG,3660,1,D,XL,AK,F
14:38:21,PTBA,RG,3660,1,D,PD,AK,F
14:38:14,PTBA,RG,3660,1,D,XC,AK,F
14:38:08,PTBA,RG,3660,3,D,PD,AK,F
14:37:51,PTBA,RG,3660,2,D,PD,AK,F
14:37:49,PTBA,RG,3650,1,D,YP,XL,D
14:37:44,PTBA,RG,3660,5,D,SS,AK,F
14:37:43,PTBA,RG,3660,1,D,XC,AK,F
14:37:43,PTBA,RG,3660,2,D,XC,AK,F
14:37:38,PTBA,RG,3650,2,D,YP,PD,D
14:37:23,PTBA,RG,3660,1,D,PD,AK,F
14:37:18,PTBA,RG,3660,1,D,PD,AK,F
14:37:04,PTBA,RG,3660,9,D,YP,AK,F
14:36:22,PTBA,RG,3660,1,D,XC,AK,F
14:36:09,PTBA,RG,3650,120,D,YP,XC,D
14:36:09,PTBA,RG,3650,10,D,EP,XC,D
14:36:09,PTBA,RG,3650,1,D,XA,XC,D
14:36:09,PTBA,RG,3650,10,D,CC,XC,D
14:36:09,PTBA,RG,3650,10,D,YP,XC,D
14:36:09,PTBA,RG,3650,1,D,EP,XC,D
14:36:09,PTBA,RG,3650,1,D,XA,XC,D
14:36:09,PTBA,RG,3650,60,D,CC,XC,D
14:36:09,PTBA,RG,3650,35,D,DR,XC,D
14:36:09,PTBA,RG,3650,10,D,DR,XC,D
14:36:09,PTBA,RG,3650,2,D,PD,XC,D
14:36:09,PTBA,RG,3650,1,D,BQ,XC,D
14:36:09,PTBA,RG,3650,3,D,AG,XC,D
14:36:09,PTBA,RG,3650,17,D,AG,CC,D
14:36:09,PTBA,RG,3650,3,D,KK,CC,D
14:36:09,PTBA,RG,3650,2,D,KK,CC,D
14:36:09,PTBA,RG,3650,8,D,KK,CC,D
14:36:09,PTBA,RG,3650,2,D,KK,XL,D
14:36:08,PTBA,RG,3660,1,D,KK,AK,F
14:36:08,PTBA,RG,3650,20,D,KK,YP,D
14:36:08,PTBA,RG,3650,20,D,RF,YP,D
14:36:08,PTBA,RG,3650,5,D,NI,YP,D
14:36:08,PTBA,RG,3650,1,D,KK,YP,D
14:36:08,PTBA,RG,3650,2,D,XC,YP,D
14:36:08,PTBA,RG,3650,14,D,CP,YP,D
14:36:08,PTBA,RG,3650,9,D,CP,PD,D
14:36:08,PTBA,RG,3650,77,D,CP,HP,D
14:36:08,PTBA,RG,3650,1,D,KK,HP,D
14:36:08,PTBA,RG,3650,3,D,NI,HP,D
14:36:08,PTBA,RG,3650,2,D,NI,HP,D
14:35:57,PTBA,RG,3660,1,D,XC,AK,F
14:35:45,PTBA,RG,3660,1,D,XC,AK,F
14:35:27,PTBA,RG,3660,2,D,CC,AK,F
14:35:21,PTBA,RG,3660,50,D,NI,AK,F
14:35:20,PTBA,RG,3660,1,D,XC,AK,F
14:35:16,PTBA,RG,3660,1,D,XC,AK,F
14:35:15,PTBA,RG,3660,5,F,AK,AK,F
14:35:15,PTBA,RG,3660,6,F,AK,AK,F
14:35:15,PTBA,RG,3660,11,F,AK,AK,F
14:35:15,PTBA,RG,3660,1,F,AK,AK,F
14:35:15,PTBA,RG,3660,6,F,AK,AK,F
14:35:15,PTBA,RG,3660,1,F,AK,AK,F
14:35:15,PTBA,RG,3660,1,F,AK,AK,F
14:35:15,PTBA,RG,3660,5,F,AK,AK,F
14:35:15,PTBA,RG,3660,5,F,AK,AK,F
14:35:15,PTBA,RG,3660,6,F,AK,AK,F
14:35:15,PTBA,RG,3660,1,F,AK,AK,F
14:35:15,PTBA,RG,3660,1,D,PD,AK,F
14:35:15,PTBA,RG,3660,87,D,KK,AK,F
14:35:15,PTBA,RG,3660,17,D,XL,AK,F
14:35:15,PTBA,RG,3660,1,D,NI,AK,F
14:35:15,PTBA,RG,3660,8,F,CS,AK,F
14:35:15,PTBA,RG,3660,10,D,YP,AK,F
14:35:15,PTBA,RG,3660,5,D,SQ,AK,F
14:35:15,PTBA,RG,3660,1,D,SQ,AK,F
14:35:15,PTBA,RG,3660,6,D,KK,AK,F
14:35:15,PTBA,RG,3660,2,D,YP,AK,F
14:35:15,PTBA,RG,3660,20,D,PD,AK,F
14:35:15,PTBA,RG,3660,200,D,EP,AK,F
14:35:15,PTBA,RG,3660,1,D,XC,AK,F
14:35:15,PTBA,RG,3660,14,F,CS,AK,F
14:35:15,PTBA,RG,3660,1,D,DR,AK,F
14:35:15,PTBA,RG,3660,25,D,XC,AK,F
14:35:15,PTBA,RG,3660,1,D,NI,AK,F
14:35:15,PTBA,RG,3660,25,D,YB,AK,F
14:35:15,PTBA,RG,3660,2,D,CC,AK,F
14:35:15,PTBA,RG,3660,10,D,AT,AK,F
14:35:15,PTBA,RG,3660,20,D,EP,AK,F
14:35:15,PTBA,RG,3660,20,D,CC,AK,F
14:35:15,PTBA,RG,3660,6,D,NI,AK,F
14:35:15,PTBA,RG,3660,8,F,CS,AK,F
14:35:15,PTBA,RG,3660,253,D,AZ,AK,F
14:35:15,PTBA,RG,3660,10,D,CP,AK,F
14:35:15,PTBA,RG,3660,1,D,XC,AK,F
14:35:15,PTBA,RG,3660,1,D,CC,AK,F
14:35:15,PTBA,RG,3660,202,D,AZ,AK,F
14:35:15,PTBA,RG,3660,1,D,XC,AK,F
14:35:15,PTBA,RG,3660,120,D,YP,AK,F
14:35:15,PTBA,RG,3660,1,D,DR,AK,F
14:35:15,PTBA,RG,3660,2,D,DR,AK,F
14:35:15,PTBA,RG,3660,2,D,DH,AK,F
14:35:15,PTBA,RG,3660,4,D,EP,AK,F
14:35:15,PTBA,RG,3660,6,F,CS,AK,F
14:35:15,PTBA,RG,3660,828,D,CC,AK,F
14:35:15,PTBA,RG,3660,5,D,PD,AK,F
14:35:15,PTBA,RG,3660,1,D,XC,AK,F
14:35:15,PTBA,RG,3660,10,D,YP,AK,F
14:35:15,PTBA,RG,3660,133,D,CC,AK,F
14:35:15,PTBA,RG,3660,44,D,XC,AK,F
14:35:15,PTBA,RG,3660,1,D,YP,AK,F
14:35:15,PTBA,RG,3660,908,D,CC,AK,F
14:35:15,PTBA,RG,3660,1,F,BK,AK,F
14:35:15,PTBA,RG,3660,37,D,XL,AK,F
14:35:15,PTBA,RG,3660,2,D,SQ,AK,F
14:35:15,PTBA,RG,3660,10,D,KK,AK,F
14:35:15,PTBA,RG,3660,1,D,DR,AK,F
14:35:15,PTBA,RG,3660,1,D,XC,AK,F
14:35:15,PTBA,RG,3660,1,D,YP,AK,F
14:35:15,PTBA,RG,3660,1,D,YP,AK,F
14:35:15,PTBA,RG,3660,5,D,PD,AK,F
14:35:15,PTBA,RG,3660,1,D,YP,AK,F
14:35:15,PTBA,RG,3660,3,D,XL,AK,F
14:35:15,PTBA,RG,3660,2,D,OD,AK,F
14:35:15,PTBA,RG,3660,14,F,CS,AK,F
14:35:15,PTBA,RG,3660,5,D,CC,AK,F
14:35:15,PTBA,RG,3660,1,D,XL,AK,F
14:35:15,PTBA,RG,3660,15,D,CC,AK,F
14:35:15,PTBA,RG,3660,3,D,PD,AK,F
14:35:15,PTBA,RG,3660,15,D,GR,AK,F
14:35:15,PTBA,RG,3660,32,D,PD,AK,F
14:35:15,PTBA,RG,3660,10,D,YP,AK,F
14:35:15,PTBA,RG,3660,100,D,XL,AK,F
14:35:15,PTBA,RG,3660,3,D,YP,AK,F
14:35:15,PTBA,RG,3660,1,D,KK,AK,F
14:35:15,PTBA,RG,3660,1,D,AT,AK,F
14:35:15,PTBA,RG,3660,1,D,XC,AK,F
14:35:15,PTBA,RG,3660,1,D,XC,AK,F
14:35:15,PTBA,RG,3660,100,D,NI,AK,F
14:35:15,PTBA,RG,3660,2,D,YP,AK,F
14:35:15,PTBA,RG,3660,1,D,XC,AK,F
14:35:15,PTBA,RG,3660,5,D,PD,AK,F
14:35:15,PTBA,RG,3660,30,D,GR,AK,F
14:35:15,PTBA,RG,3660,1,D,XC,AK,F
14:35:15,PTBA,RG,3660,10,D,XC,AK,F
14:35:15,PTBA,RG,3660,1,D,YB,AK,F
14:35:15,PTBA,RG,3660,2,D,YP,AK,F
14:35:15,PTBA,RG,3660,2,D,YP,AK,F
14:35:15,PTBA,RG,3660,2,D,YP,AK,F
14:35:15,PTBA,RG,3660,50,D,YU,AK,F
14:35:15,PTBA,RG,3660,2,F,AK,AK,F
14:35:15,PTBA,RG,3660,3,F,AK,AK,F
14:35:15,PTBA,RG,3660,2,D,EP,AK,F
14:35:15,PTBA,RG,3660,7,D,XA,AK,F
14:35:15,PTBA,RG,3660,20,D,CC,AK,F
14:35:15,PTBA,RG,3660,1,F,AK,AK,F
14:35:15,PTBA,RG,3660,3,F,AK,AK,F
14:35:15,PTBA,RG,3660,3,F,AK,AK,F
14:35:15,PTBA,RG,3660,1,F,AK,AK,F
14:35:15,PTBA,RG,3660,9,F,CS,AK,F
14:35:15,PTBA,RG,3660,1,F,AK,AK,F
14:35:15,PTBA,RG,3660,6,F,AK,AK,F
14:35:15,PTBA,RG,3660,1,D,XC,AK,F
14:35:15,PTBA,RG,3660,249,D,AZ,AK,F
14:35:15,PTBA,RG,3660,200,D,AZ,AK,F
14:35:15,PTBA,RG,3660,14,D,EP,AK,F
14:35:15,PTBA,RG,3660,13,F,CS,AK,F
14:35:15,PTBA,RG,3660,19,D,XC,AK,F
14:35:15,PTBA,RG,3660,7,F,CS,AK,F
14:35:15,PTBA,RG,3660,3,D,PD,AK,F
14:35:15,PTBA,RG,3660,1,D,YP,AK,F
14:35:15,PTBA,RG,3660,2,D,XC,AK,F
14:35:15,PTBA,RG,3660,1,D,PD,AK,F
14:35:15,PTBA,RG,3660,9,D,NI,AK,F
14:35:15,PTBA,RG,3660,1,D,IP,AK,F
14:35:15,PTBA,RG,3660,1,D,BQ,AK,F
14:35:15,PTBA,RG,3660,3,F,BK,AK,F
14:35:15,PTBA,RG,3660,1,D,XC,AK,F
14:35:15,PTBA,RG,3660,250,D,AZ,AK,F
14:35:15,PTBA,RG,3660,199,D,AZ,AK,F
14:35:15,PTBA,RG,3660,100,D,YP,AK,F
14:35:15,PTBA,RG,3660,5,D,PD,AK,F
14:35:15,PTBA,RG,3660,2,D,PD,AK,F
14:35:15,PTBA,RG,3660,15,D,YP,AK,F
14:35:15,PTBA,RG,3660,1,D,YP,AK,F
14:35:15,PTBA,RG,3660,3,D,PD,AK,F
14:35:15,PTBA,RG,3660,1,D,CC,AK,F
14:35:15,PTBA,RG,3660,10,D,YP,AK,F
14:35:15,PTBA,RG,3660,5,D,CC,AK,F
14:35:15,PTBA,RG,3660,25,D,NI,AK,F
14:35:15,PTBA,RG,3660,10,D,CC,AK,F
14:35:15,PTBA,RG,3660,5,D,XC,AK,F
14:35:15,PTBA,RG,3660,5,D,ZP,AK,F
14:35:15,PTBA,RG,3660,25,D,YU,AK,F
14:35:15,PTBA,RG,3660,2,D,KK,AK,F
14:35:15,PTBA,RG,3660,65,D,PD,AK,F
14:35:14,PTBA,RG,3660,35,D,PD,KZ,D
14:35:14,PTBA,RG,3660,1,D,KK,KZ,D
14:35:14,PTBA,RG,3660,2,D,NI,KZ,D
14:35:13,PTBA,RG,3660,2,D,NI,XC,D
14:35:13,PTBA,RG,3660,1,D,NI,AR,D
14:35:13,PTBA,RG,3660,30,D,AZ,AR,D
14:35:13,PTBA,RG,3660,249,D,AZ,AR,D
14:35:13,PTBA,RG,3660,200,D,AZ,AR,D
14:35:13,PTBA,RG,3660,1,D,PD,AR,D
14:35:13,PTBA,RG,3660,1,D,XL,AR,D
14:35:13,PTBA,RG,3660,100,D,PD,AR,D
14:35:13,PTBA,RG,3660,1,D,NI,AR,D
14:35:13,PTBA,RG,3660,1,D,XC,AR,D
14:35:13,PTBA,RG,3660,25,D,NI,AR,D
14:35:13,PTBA,RG,3660,1,D,KK,AR,D
14:35:13,PTBA,RG,3660,3,D,CC,AR,D
14:35:13,PTBA,RG,3660,2,D,NI,AR,D
14:35:13,PTBA,RG,3660,50,D,YP,AR,D
14:35:13,PTBA,RG,3660,1,D,XL,AR,D
14:35:13,PTBA,RG,3660,1,D,LG,AR,D
14:35:13,PTBA,RG,3660,1,D,PD,AR,D
14:35:13,PTBA,RG,3660,5,D,CC,AR,D
14:35:13,PTBA,RG,3660,1,D,YP,AR,D
14:35:13,PTBA,RG,3660,1,D,CC,AR,D
14:35:13,PTBA,RG,3660,1,D,PD,AR,D
14:35:13,PTBA,RG,3660,10,D,PD,AR,D
14:35:13,PTBA,RG,3660,12,F,CS,AR,D
14:35:13,PTBA,RG,3660,3,D,EP,AR,D
14:35:13,PTBA,RG,3660,1,D,XL,AR,D
14:35:13,PTBA,RG,3660,1,D,XL,AR,D
14:35:13,PTBA,RG,3660,1,D,KK,AR,D
14:35:13,PTBA,RG,3660,1,D,PD,AR,D
14:35:13,PTBA,RG,3660,5,D,SQ,AR,D
14:35:13,PTBA,RG,3660,1,D,SQ,AR,D
14:35:13,PTBA,RG,3660,5,D,SQ,AR,D
14:35:13,PTBA,RG,3660,20,D,EP,AR,D
14:35:13,PTBA,RG,3660,200,D,MG,AR,D
14:35:13,PTBA,RG,3660,64,D,MG,AR,D
14:35:05,PTBA,RG,3660,2,D,MG,PD,D
14:34:43,PTBA,RG,3660,15,D,MG,BQ,D
14:34:39,PTBA,RG,3670,12,D,CC,XA,D
14:34:39,PTBA,RG,3670,18,D,CC,PD,D
14:34:39,PTBA,RG,3670,10,D,CC,PD,D
14:34:39,PTBA,RG,3670,10,D,CC,NI,D
14:34:39,PTBA,RG,3670,1,D,CC,PD,D
14:34:39,PTBA,RG,3670,60,D,CC,PD,D
14:34:39,PTBA,RG,3670,10,D,CC,PD,D
14:34:39,PTBA,RG,3670,37,D,CC,XA,D
14:34:39,PTBA,RG,3670,113,D,CC,XA,D
14:34:39,PTBA,RG,3670,10,D,CC,HP,D
14:34:39,PTBA,RG,3670,100,D,CC,BQ,D
14:34:39,PTBA,RG,3670,33,D,CC,YU,D
14:34:39,PTBA,RG,3670,15,D,CC,HP,D
14:34:39,PTBA,RG,3670,300,D,CC,KK,D
14:34:39,PTBA,RG,3670,20,D,CC,PD,D
14:34:39,PTBA,RG,3670,5,D,CC,XC,D
14:34:39,PTBA,RG,3670,33,D,CC,YP,D
14:34:39,PTBA,RG,3670,5,D,CC,PD,D
14:34:39,PTBA,RG,3670,402,D,CC,BK,F
14:34:39,PTBA,RG,3670,571,D,CC,YP,D
14:34:31,PTBA,RG,3660,4,D,MG,PD,D
14:34:29,PTBA,RG,3660,42,D,MG,KZ,D
14:34:13,PTBA,RG,3670,1,D,XC,YP,D
14:33:58,PTBA,RG,3670,1,D,XC,YP,D
14:33:45,PTBA,RG,3670,6,F,AK,YP,D
14:33:16,PTBA,RG,3670,10,D,PD,YP,D
14:33:03,PTBA,RG,3670,4,D,CC,YP,D
14:33:03,PTBA,RG,3670,15,D,PD,YP,D
14:32:55,PTBA,RG,3670,64,D,XC,YP,D
14:32:45,PTBA,RG,3670,16,D,KK,YP,D
14:32:30,PTBA,RG,3670,5,F,AK,YP,D
14:32:11,PTBA,RG,3670,3,F,AK,YP,D
14:32:10,PTBA,RG,3660,3,D,MG,YB,D
14:31:58,PTBA,RG,3660,5,D,MG,XL,D
14:31:48,PTBA,RG,3660,4,D,MG,NI,D
14:31:31,PTBA,RG,3660,1,D,MG,XL,D
14:31:30,PTBA,RG,3670,5,F,AK,YP,D
14:31:13,PTBA,RG,3660,1,D,MG,XL,D
14:31:04,PTBA,RG,3670,1,D,YP,YP,D
14:30:31,PTBA,RG,3670,1,D,KK,YP,D
14:30:24,PTBA,RG,3670,1,D,OD,YP,D
14:30:18,PTBA,RG,3670,3,D,YP,YP,D
14:29:50,PTBA,RG,3670,3,F,BK,YP,D
14:29:41,PTBA,RG,3670,8,F,AK,YP,D
14:29:41,PTBA,RG,3660,28,D,MG,NI,D
14:29:26,PTBA,RG,3670,1,D,XL,YP,D
14:28:35,PTBA,RG,3670,5,F,AK,YP,D
14:28:11,PTBA,RG,3670,2,D,XL,YP,D
14:27:36,PTBA,RG,3670,10,D,YP,YP,D
14:27:21,PTBA,RG,3660,5,D,MG,PD,D
14:27:15,PTBA,RG,3670,9,D,CC,YP,D
14:27:13,PTBA,RG,3670,5,D,PD,YP,D
14:27:11,PTBA,RG,3660,4,D,MG,CP,D
14:26:59,PTBA,RG,3660,1,D,MG,XC,D
14:26:41,PTBA,RG,3670,11,D,CC,YP,D
14:26:31,PTBA,RG,3660,5,D,MG,PD,D
14:26:27,PTBA,RG,3670,1194,D,CC,YP,D
14:25:49,PTBA,RG,3670,1,D,PD,YP,D
14:25:40,PTBA,RG,3670,5,D,CC,YP,D
14:25:30,PTBA,RG,3660,3,D,MG,XC,D
14:25:26,PTBA,RG,3660,13,D,MG,OD,D
14:25:26,PTBA,RG,3660,27,D,MG,OD,D
14:25:19,PTBA,RG,3660,2,D,MG,XC,D
14:25:01,PTBA,RG,3660,20,D,MG,KK,D
14:24:58,PTBA,RG,3660,2,D,MG,XC,D
14:24:45,PTBA,RG,3660,8,D,MG,HP,D
14:24:37,PTBA,RG,3660,141,D,MG,KK,D
14:24:37,PTBA,RG,3660,1,D,PD,KK,D
14:24:37,PTBA,RG,3660,200,D,MG,KK,D
14:24:37,PTBA,RG,3660,15,D,CC,KK,D
14:24:37,PTBA,RG,3660,43,D,MG,KK,D
14:24:26,PTBA,RG,3660,25,D,MG,KK,D
14:24:22,PTBA,RG,3670,10,D,XC,YP,D
14:24:05,PTBA,RG,3660,1,D,MG,XL,D
14:23:54,PTBA,RG,3660,3,D,MG,PD,D
14:23:23,PTBA,RG,3660,28,D,MG,PD,D
14:23:23,PTBA,RG,3670,130,D,CC,YP,D
14:23:23,PTBA,RG,3670,1550,D,CC,YP,D
14:23:23,PTBA,RG,3670,100,D,CC,XA,D
14:23:23,PTBA,RG,3670,20,D,CC,LG,D
14:23:23,PTBA,RG,3670,6,D,CC,LG,D
14:23:18,PTBA,RG,3670,3,D,XC,LG,D
14:22:57,PTBA,RG,3670,2,D,YP,LG,D
14:22:42,PTBA,RG,3660,1,D,MG,PD,D
14:22:05,PTBA,RG,3660,4,D,MG,SQ,D
14:21:52,PTBA,RG,3660,10,D,MG,NI,D
14:21:18,PTBA,RG,3660,85,D,MG,PD,D
14:21:18,PTBA,RG,3660,100,D,OD,PD,D
14:21:18,PTBA,RG,3660,5,D,YP,PD,D
14:21:18,PTBA,RG,3660,10,D,DH,PD,D
14:21:18,PTBA,RG,3660,5,D,YP,PD,D
14:21:12,PTBA,RG,3660,1,D,YP,YP,D
14:21:02,PTBA,RG,3670,2,D,YP,LG,D
14:20:49,PTBA,RG,3670,7,D,YP,LG,D
14:20:49,PTBA,RG,3670,12,D,YP,PD,D
14:20:49,PTBA,RG,3670,8,D,YP,KK,D
14:20:39,PTBA,RG,3660,3,D,YP,PD,D
14:20:24,PTBA,RG,3670,7,D,YP,KK,D
14:20:10,PTBA,RG,3670,2,D,XC,KK,D
14:20:07,PTBA,RG,3660,1,D,YP,BK,F
14:20:07,PTBA,RG,3660,6,D,XL,BK,F
14:20:07,PTBA,RG,3660,10,D,CC,BK,F
14:20:07,PTBA,RG,3660,50,D,CC,BK,F
14:20:07,PTBA,RG,3660,3,D,YP,BK,F
14:20:07,PTBA,RG,3660,3,D,NI,BK,F
14:20:07,PTBA,RG,3660,1,D,DH,BK,F
14:20:07,PTBA,RG,3660,1,D,CC,BK,F
14:20:07,PTBA,RG,3660,8,D,NI,BK,F
14:20:07,PTBA,RG,3660,1,F,AK,BK,F
14:20:07,PTBA,RG,3660,5,F,AK,BK,F
14:20:07,PTBA,RG,3660,4,F,AK,BK,F
14:20:07,PTBA,RG,3660,1,F,AK,BK,F
14:20:07,PTBA,RG,3660,1,D,XC,BK,F
14:20:07,PTBA,RG,3660,1,D,XC,BK,F
14:20:07,PTBA,RG,3660,10,D,YP,BK,F
14:20:07,PTBA,RG,3660,1,D,PD,BK,F
14:20:07,PTBA,RG,3660,3,D,PD,BK,F
14:20:07,PTBA,RG,3660,2,D,XC,BK,F
14:20:07,PTBA,RG,3660,1,D,YP,BK,F
14:20:07,PTBA,RG,3660,1,F,AK,BK,F
14:20:07,PTBA,RG,3660,3,F,AK,BK,F
14:20:07,PTBA,RG,3660,7,D,YP,BK,F
14:20:07,PTBA,RG,3660,1,D,CC,BK,F
14:20:07,PTBA,RG,3660,28,D,PD,BK,F
14:20:07,PTBA,RG,3660,2,D,XC,BK,F
14:20:07,PTBA,RG,3660,7,F,CS,BK,F
14:20:07,PTBA,RG,3660,1,D,GR,BK,F
14:20:07,PTBA,RG,3660,3,D,YP,BK,F
14:20:07,PTBA,RG,3660,7,D,SQ,BK,F
14:20:07,PTBA,RG,3660,10,D,PC,BK,F
14:20:07,PTBA,RG,3660,8,D,SQ,BK,F
14:20:07,PTBA,RG,3660,4,D,PD,BK,F
14:20:07,PTBA,RG,3660,250,D,AZ,BK,F
14:20:07,PTBA,RG,3660,199,D,AZ,BK,F
14:20:07,PTBA,RG,3660,8,F,CS,BK,F
14:20:07,PTBA,RG,3660,1,D,KK,BK,F
14:20:07,PTBA,RG,3660,2,D,KK,BK,F
14:20:07,PTBA,RG,3660,3,F,CS,BK,F
14:20:07,PTBA,RG,3660,3,D,SQ,BK,F
14:20:07,PTBA,RG,3660,30,D,XC,BK,F
14:20:07,PTBA,RG,3660,3,D,DR,BK,F
14:20:07,PTBA,RG,3660,10,D,NI,BK,F
14:20:07,PTBA,RG,3660,6,D,DR,BK,F
14:20:07,PTBA,RG,3660,7,F,CS,BK,F
14:20:07,PTBA,RG,3660,1,D,XL,BK,F
14:20:07,PTBA,RG,3660,2,D,PD,BK,F
14:20:07,PTBA,RG,3660,3,F,BK,BK,F
14:20:07,PTBA,RG,3660,2,D,MG,BK,F
14:19:55,PTBA,RG,3670,27,D,XL,KK,D
14:19:55,PTBA,RG,3670,13,D,XL,BK,F
14:19:50,PTBA,RG,3670,5,D,PD,BK,F
14:19:45,PTBA,RG,3670,100,D,PD,BK,F
14:19:33,PTBA,RG,3670,8,D,DH,BK,F
14:19:25,PTBA,RG,3670,4,D,PD,BK,F
14:19:11,PTBA,RG,3670,10,D,PD,BK,F
14:18:19,PTBA,RG,3660,16,D,MG,HP,D
14:18:18,PTBA,RG,3660,3,D,MG,YP,D
14:18:12,PTBA,RG,3670,1,D,XC,BK,F
14:18:10,PTBA,RG,3670,1,D,XC,BK,F
14:18:01,PTBA,RG,3670,2,D,PD,CC,F
14:18:00,PTBA,RG,3670,12,F,AK,BK,F
14:17:45,PTBA,RG,3670,5,D,EP,BK,F
14:17:37,PTBA,RG,3670,3,D,XL,BK,F
14:17:02,PTBA,RG,3670,140,D,YU,BK,F
14:17:02,PTBA,RG,3670,65,D,YU,AK,F
14:17:02,PTBA,RG,3670,1,D,XL,AK,F
14:16:49,PTBA,RG,3670,2,D,PD,AK,F
14:16:30,PTBA,RG,3670,3,F,AK,AK,F
14:16:23,PTBA,RG,3670,4,F,AK,AK,F
14:16:23,PTBA,RG,3670,2,D,XC,AK,F
14:16:06,PTBA,RG,3660,1,D,MG,LG,D
14:15:58,PTBA,RG,3670,189,D,YU,AK,F
14:15:28,PTBA,RG,3670,2,D,PD,AK,F
14:15:15,PTBA,RG,3670,26,D,XL,AK,F
14:14:57,PTBA,RG,3660,9,D,MG,BK,F
14:14:53,PTBA,RG,3670,1587,D,CC,AK,F
14:14:45,PTBA,RG,3670,14,D,YP,AK,F
14:14:33,PTBA,RG,3670,25,D,GR,AK,F
14:14:19,PTBA,RG,3660,13,D,MG,KZ,D
14:13:35,PTBA,RG,3670,1,F,AK,AK,F
14:13:29,PTBA,RG,3670,4,F,AK,AK,F
14:13:28,PTBA,RG,3670,5,D,XC,AK,F
14:12:57,PTBA,RG,3660,16,D,MG,BK,F
14:12:54,PTBA,RG,3660,100,D,MG,KK,D
14:12:52,PTBA,RG,3660,21,D,MG,BK,F
14:12:48,PTBA,RG,3660,19,D,MG,BK,F
14:12:48,PTBA,RG,3660,4,D,MG,BK,F
14:12:43,PTBA,RG,3660,98,D,MG,BK,F
14:12:37,PTBA,RG,3660,198,D,MG,DR,D
14:12:37,PTBA,RG,3660,1,D,SQ,DR,D
14:12:37,PTBA,RG,3660,1,D,XC,DR,D
14:12:37,PTBA,RG,3660,250,D,MG,DR,D
14:12:37,PTBA,RG,3660,11,D,MG,BK,F
14:12:34,PTBA,RG,3660,12,D,MG,BK,F
14:12:29,PTBA,RG,3660,47,D,MG,BK,F
14:12:23,PTBA,RG,3660,180,D,MG,BK,F
14:12:23,PTBA,RG,3660,5,D,LS,BK,F
14:12:23,PTBA,RG,3660,15,D,MG,BK,F
14:12:19,PTBA,RG,3670,987,D,CC,AK,F
14:12:09,PTBA,RG,3670,100,D,PD,AK,F
14:12:05,PTBA,RG,3670,10,D,YP,AK,F
14:12:00,PTBA,RG,3670,1,F,AK,AK,F
14:12:00,PTBA,RG,3670,3,F,AK,AK,F
14:11:34,PTBA,RG,3670,100,D,LG,AK,F
14:11:11,PTBA,RG,3670,5,D,OD,AK,F
14:11:01,PTBA,RG,3660,1,D,MG,LG,D
14:11:00,PTBA,RG,3670,1,D,PD,AK,F
14:10:45,PTBA,RG,3670,42,D,YP,AK,F
14:10:42,PTBA,RG,3670,5,D,PD,AK,F
14:10:34,PTBA,RG,3660,10,D,MG,XC,D
14:10:18,PTBA,RG,3660,50,D,MG,XL,D
14:10:03,PTBA,RG,3670,1,D,XC,AK,F
14:09:08,PTBA,RG,3660,94,D,MG,YP,D
14:09:06,PTBA,RG,3660,1,D,MG,XC,D
14:08:51,PTBA,RG,3660,10,D,MG,HP,D
14:08:14,PTBA,RG,3660,200,D,MG,ZP,D
14:08:04,PTBA,RG,3660,27,D,MG,HP,D
14:07:53,PTBA,RG,3670,1,D,PD,AK,F
14:07:32,PTBA,RG,3660,53,D,MG,HP,D
14:07:21,PTBA,RG,3660,5,D,MG,AZ,D
14:06:53,PTBA,RG,3660,34,D,MG,ZP,D
14:06:53,PTBA,RG,3660,166,D,MG,ZP,D
14:06:51,PTBA,RG,3660,8,D,MG,XL,D
14:06:30,PTBA,RG,3660,3,D,MG,HP,D
14:06:20,PTBA,RG,3660,19,D,MG,BK,F
14:06:19,PTBA,RG,3660,16,D,MG,KZ,D
14:06:17,PTBA,RG,3660,20,D,MG,YP,D
14:06:11,PTBA,RG,3670,1,D,PD,AK,F
14:05:54,PTBA,RG,3670,1,D,XL,AK,F
14:05:43,PTBA,RG,3660,1,D,MG,PD,D
14:05:40,PTBA,RG,3660,12,D,MG,BK,F
14:05:37,PTBA,RG,3660,20,D,MG,LG,D
14:05:37,PTBA,RG,3660,20,D,MG,LG,D
14:05:34,PTBA,RG,3660,34,D,MG,CC,D
14:05:32,PTBA,RG,3660,12,D,MG,BK,F
14:05:29,PTBA,RG,3660,17,D,MG,BK,F
14:05:28,PTBA,RG,3660,120,D,MG,LG,D
14:05:23,PTBA,RG,3660,15,D,MG,BK,F
14:05:20,PTBA,RG,3660,17,D,MG,BK,F
14:05:20,PTBA,RG,3660,11,F,CS,BK,F
14:05:20,PTBA,RG,3660,2,D,PD,BK,F
14:05:20,PTBA,RG,3660,12,D,CC,BK,F
14:05:20,PTBA,RG,3660,13,D,PD,BK,F
14:05:20,PTBA,RG,3660,2,D,CC,BK,F
14:05:15,PTBA,RG,3660,1,D,CC,BK,F
14:05:15,PTBA,RG,3660,10,D,CC,BK,F
14:05:15,PTBA,RG,3660,3,D,NI,BK,F
14:05:15,PTBA,RG,3660,1,D,XC,BK,F
14:05:15,PTBA,RG,3660,250,D,AZ,BK,F
14:05:15,PTBA,RG,3660,75,D,AZ,BK,F
14:05:15,PTBA,RG,3660,126,D,AZ,AK,F
14:05:15,PTBA,RG,3660,8,F,CS,AK,F
14:05:15,PTBA,RG,3660,281,D,NI,AK,F
14:05:15,PTBA,RG,3660,5,D,PD,AK,F
14:05:15,PTBA,RG,3660,3,D,XL,AK,F
14:05:15,PTBA,RG,3660,20,D,PD,AK,F
14:05:15,PTBA,RG,3660,5,D,PD,AK,F
14:05:15,PTBA,RG,3660,10,D,XC,AK,F
14:05:15,PTBA,RG,3660,1,D,YP,AK,F
14:05:15,PTBA,RG,3660,1,D,YP,AK,F
14:05:15,PTBA,RG,3660,136,D,NI,AK,F
14:05:15,PTBA,RG,3660,1,D,DR,AK,F
14:05:15,PTBA,RG,3660,7,F,CS,AK,F
14:05:15,PTBA,RG,3660,27,D,PD,AK,F
14:05:15,PTBA,RG,3660,10,D,CC,AK,F
14:05:15,PTBA,RG,3660,1,D,XC,AK,F
14:05:15,PTBA,RG,3660,15,D,SQ,AK,F
14:05:15,PTBA,RG,3660,2,D,DH,AK,F
14:05:15,PTBA,RG,3660,30,D,NI,AK,F
14:05:15,PTBA,RG,3660,3,D,PD,AK,F
14:05:15,PTBA,RG,3660,2,D,SQ,AK,F
14:05:15,PTBA,RG,3660,1,D,XL,AK,F
14:05:15,PTBA,RG,3660,10,D,YP,AK,F
14:05:15,PTBA,RG,3660,2,D,NI,AK,F
14:05:15,PTBA,RG,3660,1,D,CC,AK,F
14:05:15,PTBA,RG,3660,1,D,XL,AK,F
14:05:15,PTBA,RG,3660,11,D,XL,AK,F
14:05:15,PTBA,RG,3660,12,F,CS,AK,F
14:05:15,PTBA,RG,3660,1,D,YP,AK,F
14:05:15,PTBA,RG,3660,1,D,XC,AK,F
14:05:15,PTBA,RG,3660,10,D,XL,AK,F
14:05:15,PTBA,RG,3660,250,D,AZ,AK,F
14:05:15,PTBA,RG,3660,199,D,AZ,AK,F
14:05:15,PTBA,RG,3660,2,D,XC,AK,F
14:05:15,PTBA,RG,3660,18,D,XL,AK,F
14:05:15,PTBA,RG,3660,5,D,SQ,AK,F
14:05:15,PTBA,RG,3660,1,D,XC,AK,F
14:05:15,PTBA,RG,3660,2,D,GR,AK,F
14:05:15,PTBA,RG,3660,1,D,XC,AK,F
14:05:15,PTBA,RG,3660,2,F,BK,AK,F
14:05:15,PTBA,RG,3660,1,F,AK,AK,F
14:05:15,PTBA,RG,3660,5,D,SQ,AK,F
14:05:15,PTBA,RG,3660,50,D,SQ,AK,F
14:05:15,PTBA,RG,3660,1,D,KK,AK,F
14:05:15,PTBA,RG,3660,3,F,AK,AK,F
14:05:15,PTBA,RG,3660,10,D,CC,AK,F
14:05:15,PTBA,RG,3660,1,D,CC,AK,F
14:05:15,PTBA,RG,3660,2,D,YP,AK,F
14:05:15,PTBA,RG,3660,1,D,YP,AK,F
14:05:15,PTBA,RG,3660,5,D,CC,AK,F
14:05:15,PTBA,RG,3660,3,D,XL,AK,F
14:05:15,PTBA,RG,3660,90,D,YP,AK,F
14:05:15,PTBA,RG,3660,1,F,AK,AK,F
14:05:15,PTBA,RG,3660,50,D,YP,AK,F
14:05:15,PTBA,RG,3660,25,D,OD,AK,F
14:05:15,PTBA,RG,3660,25,D,OD,AK,F
14:05:15,PTBA,RG,3660,1,D,XC,AK,F
14:05:15,PTBA,RG,3660,1,D,YP,AK,F
14:05:15,PTBA,RG,3660,1,D,PD,AK,F
14:05:15,PTBA,RG,3660,1,D,YP,AK,F
14:05:15,PTBA,RG,3660,1000,D,ZP,AK,F
14:05:15,PTBA,RG,3660,3,F,AK,AK,F
14:05:15,PTBA,RG,3660,188,D,XC,AK,F
14:05:15,PTBA,RG,3660,5000,D,XA,AK,F
14:05:15,PTBA,RG,3660,4,D,PD,AK,F
14:05:15,PTBA,RG,3660,1,D,NI,AK,F
14:05:15,PTBA,RG,3660,1,D,PD,AK,F
14:05:15,PTBA,RG,3660,1,D,YP,AK,F
14:05:15,PTBA,RG,3660,5,D,CC,AK,F
14:05:15,PTBA,RG,3660,8,F,CS,AK,F
14:05:15,PTBA,RG,3660,1,D,XA,AK,F
14:05:15,PTBA,RG,3660,15,D,YP,AK,F
14:05:15,PTBA,RG,3660,13,D,PD,AK,F
14:05:15,PTBA,RG,3660,4,F,AK,AK,F
14:05:15,PTBA,RG,3660,1,F,AK,AK,F
14:05:15,PTBA,RG,3660,4,D,XC,AK,F
14:05:15,PTBA,RG,3660,30,D,XC,AK,F
14:05:15,PTBA,RG,3660,1,D,YP,AK,F
14:05:15,PTBA,RG,3660,2,D,XL,AK,F
14:04:54,PTBA,RG,3660,7,D,XL,EP,D
14:04:54,PTBA,RG,3660,3,D,KK,EP,D
14:04:54,PTBA,RG,3660,5,D,XL,EP,D
14:04:54,PTBA,RG,3660,10,D,XL,EP,D
14:04:47,PTBA,RG,3670,1,D,NI,AK,F
14:04:32,PTBA,RG,3660,4,D,XL,YP,D
14:04:26,PTBA,RG,3670,1,D,PD,AK,F
14:04:25,PTBA,RG,3670,1,D,XC,AK,F
14:04:23,PTBA,RG,3660,5,D,XL,PD,D
14:04:14,PTBA,RG,3660,15,D,XL,KZ,D
14:03:54,PTBA,RG,3670,1,D,PD,AK,F
14:03:52,PTBA,RG,3660,35,D,XL,KK,D
14:03:52,PTBA,RG,3660,1,D,XL,KK,D
14:03:52,PTBA,RG,3660,4,D,GR,KK,D
14:03:52,PTBA,RG,3660,5,D,YP,KK,D
14:03:52,PTBA,RG,3660,10,D,PD,KK,D
14:03:52,PTBA,RG,3660,3,D,NI,KK,D
14:03:52,PTBA,RG,3660,1,F,AK,KK,D
14:03:52,PTBA,RG,3660,2,D,NI,KK,D
14:03:52,PTBA,RG,3660,1,D,NI,KK,D
14:03:52,PTBA,RG,3660,4,F,AK,KK,D
14:03:52,PTBA,RG,3660,8,D,XL,KK,D
14:03:52,PTBA,RG,3670,4,D,XL,AK,F
14:03:35,PTBA,RG,3670,2,D,OD,AK,F
14:03:15,PTBA,RG,3670,1,F,AK,AK,F
14:03:00,PTBA,RG,3670,3,F,AK,AK,F
14:02:59,PTBA,RG,3670,5,D,CP,AK,F
14:02:37,PTBA,RG,3660,81,D,XL,HP,D
14:02:37,PTBA,RG,3660,2,D,GR,HP,D
14:02:37,PTBA,RG,3660,9,F,CS,HP,D
14:02:37,PTBA,RG,3660,1,D,AZ,HP,D
14:02:37,PTBA,RG,3660,173,D,DH,HP,D
14:02:24,PTBA,RG,3660,1,D,DH,PD,D
14:02:19,PTBA,RG,3660,21,D,DH,KZ,D
14:02:10,PTBA,RG,3670,1,D,PD,AK,F
14:01:47,PTBA,RG,3670,3,D,XC,AK,F
14:01:45,PTBA,RG,3670,1,F,AK,AK,F
14:01:32,PTBA,RG,3670,5,D,XL,AK,F
14:01:30,PTBA,RG,3670,3,F,AK,AK,F
14:01:09,PTBA,RG,3670,1,D,PD,AK,F
14:01:03,PTBA,RG,3670,2,D,PD,AK,F
14:00:30,PTBA,RG,3670,1,D,KK,AK,F
14:00:25,PTBA,RG,3660,2,D,DH,PD,D
14:00:21,PTBA,RG,3670,1,D,YP,AK,F
14:00:15,PTBA,RG,3670,1,F,AK,AK,F
14:00:14,PTBA,RG,3670,1,D,AT,AK,F
14:00:00,PTBA,RG,3670,3,F,AK,AK,F
13:59:13,PTBA,RG,3670,5,D,YP,AK,F
13:58:54,PTBA,RG,3660,3,D,DH,PD,D
13:58:54,PTBA,RG,3660,2,D,CC,PD,D
13:58:45,PTBA,RG,3670,3,F,AK,AK,F
13:58:30,PTBA,RG,3670,1,F,AK,AK,F
13:57:58,PTBA,RG,3660,3,D,CC,PD,D
13:57:53,PTBA,RG,3670,2,D,XC,AK,F
13:57:46,PTBA,RG,3670,20,D,CC,AK,F
13:57:39,PTBA,RG,3670,2,D,XL,AK,F
13:57:32,PTBA,RG,3670,3,D,XL,AK,F
13:57:24,PTBA,RG,3670,1,D,NI,AK,F
13:57:11,PTBA,RG,3670,1,D,XC,AK,F
13:57:05,PTBA,RG,3670,1,F,AK,AK,F
13:56:45,PTBA,RG,3670,4,F,AK,AK,F
13:56:43,PTBA,RG,3670,3,D,XC,AK,F
13:56:23,PTBA,RG,3670,5,D,PD,AK,F
13:56:19,PTBA,RG,3670,70,D,PD,AK,F
13:55:59,PTBA,RG,3660,1,D,CC,NI,D
13:55:40,PTBA,RG,3670,2,D,XL,AK,F
13:55:35,PTBA,RG,3670,1,F,AK,AK,F
13:55:21,PTBA,RG,3670,17,D,XC,AK,F
13:55:20,PTBA,RG,3670,1,D,NI,AK,F
13:55:00,PTBA,RG,3670,4,F,AK,AK,F
13:54:36,PTBA,RG,3670,5,D,YP,AK,F
13:54:34,PTBA,RG,3670,2,D,YP,AK,F
13:54:05,PTBA,RG,3670,7,D,YP,AK,F
13:53:47,PTBA,RG,3670,238,D,DH,AK,F
13:53:32,PTBA,RG,3660,5,D,CC,PD,D
13:53:32,PTBA,RG,3660,5,D,CC,PD,D
13:53:26,PTBA,RG,3670,1,D,XL,AK,F
13:53:09,PTBA,RG,3670,750,D,DR,AK,F
13:53:00,PTBA,RG,3670,1,F,AK,AK,F
13:52:50,PTBA,RG,3660,1,D,YP,NI,D
13:52:50,PTBA,RG,3670,16,D,HP,AK,F
13:52:30,PTBA,RG,3670,3,F,AK,AK,F
13:52:21,PTBA,RG,3660,1,D,YP,YP,D
13:52:17,PTBA,RG,3670,7,D,YP,AK,F
13:51:31,PTBA,RG,3670,10,D,CC,AK,F
13:51:30,PTBA,RG,3670,1,F,AK,AK,F
13:51:00,PTBA,RG,3670,3,F,AK,AK,F
13:50:54,PTBA,RG,3670,1,D,XC,AK,F
13:50:24,PTBA,RG,3670,1,D,XC,AK,F
13:50:19,PTBA,RG,3670,10,D,KK,AK,F
13:49:52,PTBA,RG,3670,1,D,PD,AK,F
13:49:45,PTBA,RG,3670,1,F,AK,AK,F
13:49:42,PTBA,RG,3670,107,D,XC,AK,F
13:49:33,PTBA,RG,3670,30,D,NI,AK,F
13:49:30,PTBA,RG,3670,3,F,AK,AK,F
13:49:28,PTBA,RG,3670,1,D,PD,AK,F
13:48:44,PTBA,RG,3670,1,D,XC,AK,F
13:48:36,PTBA,RG,3670,1,D,XC,AK,F
13:48:15,PTBA,RG,3670,2,D,CC,AK,F
13:48:11,PTBA,RG,3670,1,D,XC,AK,F
13:47:59,PTBA,RG,3670,1,D,XC,AK,F
13:47:40,PTBA,RG,3670,1,D,EP,AK,F
13:47:13,PTBA,RG,3670,5,D,GR,AK,F
13:46:49,PTBA,RG,3670,1,D,EP,AK,F
13:45:36,PTBA,RG,3670,5,D,XL,AK,F
13:45:29,PTBA,RG,3670,1,D,NI,AK,F
13:45:23,PTBA,RG,3670,1,D,XC,AK,F
13:45:17,PTBA,RG,3670,1,D,DH,AK,F
13:45:16,PTBA,RG,3660,4,D,YP,IF,D
13:44:45,PTBA,RG,3670,1,D,EP,AK,F
13:44:14,PTBA,RG,3670,10,D,GR,AK,F
13:43:44,PTBA,RG,3660,20,D,YP,YP,D
13:43:40,PTBA,RG,3670,28,D,CC,AK,F
13:43:38,PTBA,RG,3670,1,D,XL,AK,F
13:43:38,PTBA,RG,3670,10,D,XC,AK,F
13:42:57,PTBA,RG,3670,6,D,OD,AK,F
13:42:51,PTBA,RG,3670,2,D,PD,AK,F
13:42:24,PTBA,RG,3660,1,D,YP,PD,D
13:42:24,PTBA,RG,3660,1,D,XC,PD,D
13:42:24,PTBA,RG,3660,3,D,YP,PD,D
13:42:24,PTBA,RG,3660,2,F,BK,PD,D
13:42:24,PTBA,RG,3660,1,F,AK,PD,D
13:42:01,PTBA,RG,3670,1,D,CC,AK,F
13:41:47,PTBA,RG,3670,1,D,XC,AK,F
13:41:35,PTBA,RG,3670,1,D,KK,AK,F
13:41:15,PTBA,RG,3660,1,D,IF,OD,D
13:41:08,PTBA,RG,3660,1,D,IF,XC,D
13:41:08,PTBA,RG,3660,1,D,XC,XC,D
13:41:08,PTBA,RG,3660,5,F,AK,XC,D
13:41:08,PTBA,RG,3660,1,F,AK,XC,D
13:41:08,PTBA,RG,3660,1,D,PD,XC,D
13:41:05,PTBA,RG,3670,1,D,DH,AK,F
13:41:02,PTBA,RG,3670,4,D,YP,AK,F
13:41:00,PTBA,RG,3670,11,D,XL,AK,F
13:40:52,PTBA,RG,3670,1000,D,BQ,AK,F
13:40:39,PTBA,RG,3670,122,D,CC,AK,F
13:40:31,PTBA,RG,3670,6,D,XC,AK,F
13:40:24,PTBA,RG,3670,1,D,NI,AK,F
13:40:23,PTBA,RG,3670,2,D,XL,AK,F
13:40:01,PTBA,RG,3670,1,D,NI,AK,F
13:39:49,PTBA,RG,3660,1,D,YP,NI,D
13:39:36,PTBA,RG,3660,4,D,YP,BK,F
13:39:36,PTBA,RG,3660,1,D,YP,BK,F
13:39:36,PTBA,RG,3670,1,D,XL,AK,F
13:39:34,PTBA,RG,3660,14,D,YP,KZ,D
13:39:33,PTBA,RG,3660,10,D,YP,BK,F
13:39:33,PTBA,RG,3660,3,D,XC,BK,F
13:39:33,PTBA,RG,3660,1,D,KK,BK,F
13:39:33,PTBA,RG,3660,1,D,PD,BK,F
13:39:33,PTBA,RG,3660,10,D,NI,BK,F
13:39:33,PTBA,RG,3660,15,D,PD,BK,F
13:39:32,PTBA,RG,3660,5,D,PD,IF,D
13:39:32,PTBA,RG,3660,11,D,XL,IF,D
13:39:32,PTBA,RG,3660,1,D,CC,IF,D
13:39:32,PTBA,RG,3660,1,D,XC,IF,D
13:39:32,PTBA,RG,3660,1,D,XC,IF,D
13:39:32,PTBA,RG,3660,1,D,XC,IF,D
13:39:32,PTBA,RG,3660,2,D,YP,IF,D
13:39:32,PTBA,RG,3660,1,D,XC,IF,D
13:39:32,PTBA,RG,3660,1,D,OD,IF,D
13:39:32,PTBA,RG,3660,3,D,XC,IF,D
13:39:32,PTBA,RG,3660,1,D,XC,IF,D
13:39:32,PTBA,RG,3660,1,D,XC,IF,D
13:39:32,PTBA,RG,3660,10,D,YP,IF,D
13:39:32,PTBA,RG,3660,10,D,CC,IF,D
13:39:32,PTBA,RG,3660,30,D,LG,IF,D
13:39:32,PTBA,RG,3660,2,D,PD,IF,D
13:39:32,PTBA,RG,3660,2,D,PD,IF,D
13:39:32,PTBA,RG,3660,1,D,PD,IF,D
13:39:32,PTBA,RG,3660,7,D,YP,IF,D
13:39:32,PTBA,RG,3660,7,D,PD,IF,D
13:39:32,PTBA,RG,3660,3,D,PD,IF,D
13:39:32,PTBA,RG,3660,5,D,PD,IF,D
13:39:32,PTBA,RG,3660,3,D,PD,IF,D
13:39:32,PTBA,RG,3660,4,D,PD,IF,D
13:39:32,PTBA,RG,3660,1,D,PD,IF,D
13:39:32,PTBA,RG,3660,20,D,KK,IF,D
13:39:32,PTBA,RG,3660,1,D,PD,IF,D
13:39:32,PTBA,RG,3660,1,D,GR,IF,D
13:39:32,PTBA,RG,3660,30,D,KK,IF,D
13:39:32,PTBA,RG,3660,5,D,TP,IF,D
13:39:32,PTBA,RG,3660,1,D,DR,IF,D
13:39:32,PTBA,RG,3660,1,D,DR,IF,D
13:39:32,PTBA,RG,3660,1,D,BR,IF,D
13:39:32,PTBA,RG,3660,4,D,EP,IF,D
13:39:32,PTBA,RG,3660,5,D,DR,IF,D
13:39:32,PTBA,RG,3660,10,D,XL,IF,D
13:39:32,PTBA,RG,3660,1,D,PD,IF,D
13:39:32,PTBA,RG,3660,2,D,YP,IF,D
13:39:32,PTBA,RG,3660,1,D,PD,IF,D
13:39:32,PTBA,RG,3660,200,D,SQ,IF,D
13:39:32,PTBA,RG,3660,1,D,EP,IF,D
13:39:32,PTBA,RG,3660,1,D,PD,IF,D
13:39:32,PTBA,RG,3660,2,D,YP,IF,D
13:39:32,PTBA,RG,3660,5,D,AO,IF,D
13:39:32,PTBA,RG,3660,2,D,XC,IF,D
13:39:32,PTBA,RG,3660,62,D,NI,IF,D
13:39:32,PTBA,RG,3660,10,D,DH,IF,D
13:39:32,PTBA,RG,3660,1,D,CC,IF,D
13:39:32,PTBA,RG,3660,10,D,GR,IF,D
13:39:32,PTBA,RG,3660,2,D,PD,IF,D
13:39:32,PTBA,RG,3660,1,D,CC,IF,D
13:39:32,PTBA,RG,3660,5,D,DR,IF,D
13:39:32,PTBA,RG,3660,1,D,XC,IF,D
13:39:32,PTBA,RG,3660,1,D,XC,IF,D
13:39:32,PTBA,RG,3660,4,D,PD,IF,D
13:39:32,PTBA,RG,3660,5,D,YP,IF,D
13:39:32,PTBA,RG,3660,10,D,YP,IF,D
13:39:32,PTBA,RG,3660,3,D,XC,IF,D
13:39:32,PTBA,RG,3660,1,D,XC,IF,D
13:39:32,PTBA,RG,3660,10,D,YU,IF,D
13:39:32,PTBA,RG,3660,100,D,YP,IF,D
13:39:32,PTBA,RG,3660,3,D,XC,IF,D
13:39:32,PTBA,RG,3660,1,D,PD,IF,D
13:39:32,PTBA,RG,3660,100,D,YP,IF,D
13:39:32,PTBA,RG,3660,5,D,OD,IF,D
13:39:32,PTBA,RG,3660,8,D,KK,IF,D
13:39:32,PTBA,RG,3660,1,D,PD,IF,D
13:39:32,PTBA,RG,3660,2,D,CC,IF,D
13:39:32,PTBA,RG,3660,6,D,XC,IF,D
13:39:32,PTBA,RG,3660,4,D,DH,IF,D
13:39:32,PTBA,RG,3660,1,D,XC,IF,D
13:39:32,PTBA,RG,3660,1,D,XC,IF,D
13:39:32,PTBA,RG,3660,5,D,PD,IF,D
13:39:32,PTBA,RG,3660,5,D,ZP,IF,D
13:39:32,PTBA,RG,3660,2,D,YP,IF,D
13:39:32,PTBA,RG,3660,1,D,YP,IF,D
13:39:32,PTBA,RG,3660,1,D,YP,IF,D
13:39:32,PTBA,RG,3660,1,D,PD,IF,D
13:39:32,PTBA,RG,3660,1,D,KK,IF,D
13:39:32,PTBA,RG,3660,1,D,PD,IF,D
13:39:32,PTBA,RG,3660,4,D,YP,IF,D
13:39:32,PTBA,RG,3660,95,D,EP,IF,D
13:39:32,PTBA,RG,3660,5,D,DR,IF,D
13:39:32,PTBA,RG,3660,5,D,PD,IF,D
13:39:32,PTBA,RG,3660,1,D,YP,IF,D
13:39:32,PTBA,RG,3660,10,D,CC,IF,D
13:39:32,PTBA,RG,3660,1,D,SQ,IF,D
13:39:32,PTBA,RG,3660,1,D,XC,IF,D
13:39:32,PTBA,RG,3660,10,D,PD,IF,D
13:39:32,PTBA,RG,3660,5,D,CC,IF,D
13:39:32,PTBA,RG,3660,1,D,XC,IF,D
13:39:32,PTBA,RG,3660,2,D,PD,IF,D
13:39:32,PTBA,RG,3660,30,D,DH,IF,D
13:39:32,PTBA,RG,3660,1,D,SQ,IF,D
13:39:32,PTBA,RG,3660,2,D,NI,IF,D
13:39:32,PTBA,RG,3660,1,D,NI,IF,D
13:39:32,PTBA,RG,3660,5,D,PD,IF,D
13:39:32,PTBA,RG,3660,10,D,CC,IF,D
13:39:32,PTBA,RG,3660,55,D,TP,IF,D
13:39:32,PTBA,RG,3660,100,D,PD,IF,D
13:39:32,PTBA,RG,3660,1,D,XC,IF,D
13:39:32,PTBA,RG,3660,13,D,YP,IF,D
13:39:32,PTBA,RG,3660,2,D,YP,IF,D
13:39:32,PTBA,RG,3660,1,D,PD,IF,D
13:39:32,PTBA,RG,3660,1,D,PD,IF,D
13:39:32,PTBA,RG,3660,3,D,XC,IF,D
13:39:32,PTBA,RG,3660,1,D,CC,IF,D
13:39:32,PTBA,RG,3660,26,D,YP,IF,D
13:39:32,PTBA,RG,3660,1,D,PD,IF,D
13:39:32,PTBA,RG,3660,3,D,CC,IF,D
13:39:32,PTBA,RG,3660,2,D,XC,IF,D
13:39:32,PTBA,RG,3660,4,D,XC,IF,D
13:39:32,PTBA,RG,3660,250,D,AZ,IF,D
13:39:32,PTBA,RG,3660,200,D,AZ,IF,D
13:39:32,PTBA,RG,3660,5,D,XC,IF,D
13:39:32,PTBA,RG,3660,1,D,SH,IF,D
13:39:32,PTBA,RG,3660,10,D,CC,IF,D
13:39:32,PTBA,RG,3660,2,D,PD,IF,D
13:39:32,PTBA,RG,3660,2,D,KK,IF,D
13:39:32,PTBA,RG,3660,2,D,YP,IF,D
13:39:32,PTBA,RG,3660,1,D,YP,IF,D
13:39:32,PTBA,RG,3660,20,D,GR,IF,D
13:39:32,PTBA,RG,3660,2,D,KK,IF,D
13:39:32,PTBA,RG,3660,3,D,ES,IF,D
13:39:32,PTBA,RG,3660,1,D,CC,IF,D
13:39:32,PTBA,RG,3660,50,D,GR,IF,D
13:39:32,PTBA,RG,3660,7,D,CC,IF,D
13:39:32,PTBA,RG,3660,2,D,PD,IF,D
13:39:32,PTBA,RG,3660,4,D,PD,IF,D
13:39:32,PTBA,RG,3660,2,D,XC,IF,D
13:39:32,PTBA,RG,3660,2,D,XC,IF,D
13:39:32,PTBA,RG,3660,500,D,RF,IF,D
13:39:32,PTBA,RG,3660,1,D,KK,IF,D
13:39:32,PTBA,RG,3660,1,D,XL,IF,D
13:39:32,PTBA,RG,3660,50,D,PD,IF,D
13:39:32,PTBA,RG,3660,1,D,CC,IF,D
13:39:32,PTBA,RG,3660,10,D,PD,IF,D
13:39:32,PTBA,RG,3660,1,D,PD,IF,D
13:39:32,PTBA,RG,3660,1,D,PD,IF,D
13:39:32,PTBA,RG,3660,1,D,YP,IF,D
13:39:32,PTBA,RG,3660,5,D,CC,IF,D
13:39:32,PTBA,RG,3660,5,D,CC,IF,D
13:39:32,PTBA,RG,3660,1,D,PD,IF,D
13:39:32,PTBA,RG,3660,20,D,XL,IF,D
13:39:32,PTBA,RG,3660,2,D,PD,IF,D
13:39:32,PTBA,RG,3660,2,D,XL,IF,D
13:39:32,PTBA,RG,3660,10,D,DH,IF,D
13:39:32,PTBA,RG,3660,5,D,NI,IF,D
13:39:32,PTBA,RG,3660,2,D,YP,IF,D
13:39:32,PTBA,RG,3660,500,D,ZP,IF,D
13:39:32,PTBA,RG,3660,20,D,DH,IF,D
13:39:32,PTBA,RG,3660,10,D,SQ,IF,D
13:39:32,PTBA,RG,3660,1,D,YP,IF,D
13:39:32,PTBA,RG,3660,10,D,PD,IF,D
13:39:32,PTBA,RG,3660,25,D,XL,IF,D
13:39:32,PTBA,RG,3660,5,D,XC,IF,D
13:39:32,PTBA,RG,3660,1,D,PD,IF,D
13:39:32,PTBA,RG,3660,3,D,XL,IF,D
13:39:32,PTBA,RG,3660,1,D,LG,IF,D
13:39:32,PTBA,RG,3660,10,D,XL,IF,D
13:39:32,PTBA,RG,3660,4,D,XC,IF,D
13:39:32,PTBA,RG,3660,2,D,XC,IF,D
13:39:32,PTBA,RG,3660,4,D,NI,IF,D
13:39:32,PTBA,RG,3660,1,D,XC,IF,D
13:39:32,PTBA,RG,3660,10,D,ZP,IF,D
13:39:32,PTBA,RG,3660,1,D,PD,IF,D
13:39:32,PTBA,RG,3660,1,D,YP,IF,D
13:39:32,PTBA,RG,3660,136,D,XC,IF,D
13:39:32,PTBA,RG,3660,1,D,PD,IF,D
13:39:32,PTBA,RG,3660,3,D,PD,IF,D
13:39:32,PTBA,RG,3660,2,D,PD,IF,D
13:39:32,PTBA,RG,3660,1,D,PD,IF,D
13:39:32,PTBA,RG,3660,20,D,PD,IF,D
13:39:32,PTBA,RG,3660,17,D,CC,IF,D
13:39:32,PTBA,RG,3660,1,D,PD,IF,D
13:39:32,PTBA,RG,3660,13,D,YP,IF,D
13:39:32,PTBA,RG,3660,5,D,PD,IF,D
13:39:32,PTBA,RG,3660,5,D,PD,IF,D
13:39:32,PTBA,RG,3660,1,D,AT,IF,D
13:39:32,PTBA,RG,3660,2,D,KK,IF,D
13:39:32,PTBA,RG,3660,5,D,CC,IF,D
13:39:32,PTBA,RG,3660,10,D,NI,IF,D
13:39:32,PTBA,RG,3660,500,D,MG,IF,D
13:39:32,PTBA,RG,3660,2,D,SQ,IF,D
13:39:32,PTBA,RG,3660,2970,D,GR,IF,D
13:39:29,PTBA,RG,3670,1,D,YP,AK,F
13:39:27,PTBA,RG,3670,1,D,YP,AK,F
13:39:09,PTBA,RG,3670,1,D,PD,AK,F
13:39:08,PTBA,RG,3670,1,D,YP,AK,F
13:38:43,PTBA,RG,3670,1,D,XA,AK,F
13:38:03,PTBA,RG,3660,2,D,GR,SQ,D
13:38:02,PTBA,RG,3670,1,D,XL,AK,F
13:37:51,PTBA,RG,3670,1,D,PD,AK,F
13:37:44,PTBA,RG,3660,1,D,GR,XL,D
13:37:38,PTBA,RG,3670,1,D,PD,AK,F
13:37:14,PTBA,RG,3660,11,D,GR,BK,F
13:37:14,PTBA,RG,3660,16,D,GR,CC,D
13:37:14,PTBA,RG,3660,2,D,XL,CC,D
13:37:14,PTBA,RG,3660,1,D,XL,CC,D
13:37:14,PTBA,RG,3660,6,D,OD,CC,D
13:36:40,PTBA,RG,3660,1,D,PD,BK,F
13:36:40,PTBA,RG,3660,1,D,PD,BK,F
13:36:40,PTBA,RG,3660,18,D,PD,BK,F
13:36:40,PTBA,RG,3660,1,D,DH,BK,F
13:36:40,PTBA,RG,3660,6,D,YP,BK,F
13:36:35,PTBA,RG,3660,4,D,YP,BK,F
13:36:35,PTBA,RG,3660,10,D,PD,BK,F
13:36:35,PTBA,RG,3660,1,D,PD,BK,F
13:36:35,PTBA,RG,3660,40,D,PD,BK,F
13:36:35,PTBA,RG,3660,5,D,PD,BK,F
13:36:35,PTBA,RG,3660,1,D,PD,BK,F
13:36:35,PTBA,RG,3660,2,D,XC,BK,F
13:36:35,PTBA,RG,3660,1,D,DR,BK,F
13:36:35,PTBA,RG,3660,1,D,DR,BK,F
13:36:35,PTBA,RG,3660,14,D,IP,BK,F
13:36:34,PTBA,RG,3670,231,D,DH,AK,F
13:36:34,PTBA,RG,3670,169,D,DH,BK,F
13:36:14,PTBA,RG,3670,1,D,KK,BK,F
13:36:12,PTBA,RG,3660,6,D,IP,BK,F
13:36:12,PTBA,RG,3660,10,D,AG,BK,F
13:36:12,PTBA,RG,3660,1,D,KK,BK,F
13:36:12,PTBA,RG,3660,2,D,NI,BK,F
13:36:12,PTBA,RG,3660,5,D,NI,BK,F
13:36:11,PTBA,RG,3670,2,D,AZ,AZ,D
13:36:03,PTBA,RG,3670,3,D,AZ,AZ,D
13:35:41,PTBA,RG,3670,2,D,PD,BK,F
13:35:41,PTBA,RG,3670,16,F,AK,BK,F
13:35:40,PTBA,RG,3670,20,F,AK,LG,D
13:35:36,PTBA,RG,3670,30,F,AK,BK,F
13:35:33,PTBA,RG,3670,1,D,XC,BK,F
13:35:33,PTBA,RG,3670,2,D,PD,BK,F
13:35:33,PTBA,RG,3670,1,D,PD,BK,F
13:35:33,PTBA,RG,3670,4,D,NI,BK,F
13:35:33,PTBA,RG,3670,5,D,CC,BK,F
13:35:33,PTBA,RG,3670,5,D,PD,BK,F
13:35:33,PTBA,RG,3670,2,D,NI,BK,F
13:35:33,PTBA,RG,3670,2,D,XC,BK,F
13:35:33,PTBA,RG,3670,1,D,NI,BK,F
13:35:33,PTBA,RG,3670,1,D,PD,BK,F
13:35:33,PTBA,RG,3670,30,D,GR,BK,F
13:35:33,PTBA,RG,3670,6,F,CS,BK,F
13:35:33,PTBA,RG,3670,1,F,AK,BK,F
13:35:33,PTBA,RG,3670,1,D,XC,BK,F
13:35:33,PTBA,RG,3670,10,D,NI,BK,F
13:35:33,PTBA,RG,3670,5,F,AK,BK,F
13:35:33,PTBA,RG,3670,30,D,YP,BK,F
13:35:32,PTBA,RG,3670,20,D,YP,LG,D
13:35:31,PTBA,RG,3670,20,D,YP,LG,D
13:35:30,PTBA,RG,3670,13,D,YP,BK,F
13:35:30,PTBA,RG,3670,17,D,YP,LG,D
13:35:30,PTBA,RG,3670,3,D,LS,LG,D
13:35:29,PTBA,RG,3670,2,D,LS,LG,D
13:35:29,PTBA,RG,3670,1,D,KK,LG,D
13:35:29,PTBA,RG,3670,17,D,YP,LG,D
13:35:26,PTBA,RG,3680,1,D,XC,IF,D
13:35:20,PTBA,RG,3670,11,D,YP,BK,F
13:35:20,PTBA,RG,3670,1,D,XC,BK,F
13:35:20,PTBA,RG,3670,1,F,AK,BK,F
13:35:18,PTBA,RG,3670,20,D,DR,PD,D
13:35:04,PTBA,RG,3670,5,D,DR,IF,D
13:35:04,PTBA,RG,3670,2,D,PD,IF,D
13:35:04,PTBA,RG,3670,1,D,PD,IF,D
13:35:04,PTBA,RG,3670,1,D,SQ,IF,D
13:35:04,PTBA,RG,3670,10,D,CC,IF,D
13:35:04,PTBA,RG,3670,6,F,AK,IF,D
13:35:04,PTBA,RG,3670,1,F,AK,IF,D
13:35:04,PTBA,RG,3670,2,D,CC,IF,D
13:35:04,PTBA,RG,3670,1,D,XL,IF,D
13:35:04,PTBA,RG,3670,2,D,CC,IF,D
13:35:04,PTBA,RG,3670,3,D,XL,IF,D
13:35:04,PTBA,RG,3670,1,D,CC,IF,D
13:35:04,PTBA,RG,3670,5,D,XC,IF,D
13:34:41,PTBA,RG,3670,8,D,XC,BK,F
13:34:41,PTBA,RG,3670,5,D,OD,BK,F
13:34:39,PTBA,RG,3670,1,D,OD,YP,D
13:34:38,PTBA,RG,3670,1,D,OD,PD,D
13:34:18,PTBA,RG,3670,8,D,OD,PD,D
13:34:18,PTBA,RG,3670,1,D,XC,PD,D
13:34:18,PTBA,RG,3670,14,D,XC,PD,D
13:34:18,PTBA,RG,3670,7,D,YP,PD,D
13:33:41,PTBA,RG,3670,3,D,YP,BK,F
13:33:41,PTBA,RG,3670,9,D,XC,BK,F
13:33:41,PTBA,RG,3670,5,D,XC,BK,F
13:33:38,PTBA,RG,3670,1,D,XC,BK,F
13:33:38,PTBA,RG,3670,1,D,XC,BK,F
13:33:38,PTBA,RG,3670,1,D,XC,BK,F
13:33:38,PTBA,RG,3670,1,D,YP,BK,F
13:33:38,PTBA,RG,3670,1,D,OD,BK,F
13:33:38,PTBA,RG,3670,4,D,XC,BK,F
13:33:38,PTBA,RG,3670,1,D,XC,BK,F
13:33:38,PTBA,RG,3670,1,D,CC,BK,F
13:33:38,PTBA,RG,3670,3,D,CC,BK,F
13:33:38,PTBA,RG,3670,4,D,XC,BK,F
13:33:38,PTBA,RG,3670,1,D,XC,BK,F
13:33:38,PTBA,RG,3670,3,D,XC,BK,F
13:33:35,PTBA,RG,3670,2,D,XC,BK,F
13:33:35,PTBA,RG,3670,3,D,XC,BK,F
13:33:35,PTBA,RG,3670,1,D,CC,BK,F
13:33:35,PTBA,RG,3670,4,D,XC,BK,F
13:33:35,PTBA,RG,3670,20,D,CC,BK,F
13:33:35,PTBA,RG,3670,50,D,CC,BK,F
13:33:35,PTBA,RG,3670,5,D,CC,BK,F
13:33:35,PTBA,RG,3670,3,D,LS,BK,F
13:33:35,PTBA,RG,3670,1,D,CC,BK,F
13:33:30,PTBA,RG,3670,2,D,PD,BK,F
13:33:30,PTBA,RG,3670,2,D,PD,BK,F
13:33:30,PTBA,RG,3670,30,D,LG,BK,F
13:33:30,PTBA,RG,3670,2,D,PD,BK,F
13:33:30,PTBA,RG,3670,5,D,YP,BK,F
13:33:30,PTBA,RG,3670,5,D,PD,BK,F
13:33:30,PTBA,RG,3670,4,D,CC,BK,F
13:33:30,PTBA,RG,3670,5,D,PD,BK,F
13:33:30,PTBA,RG,3670,2,D,PD,BK,F
13:33:30,PTBA,RG,3670,50,D,ZP,BK,F
13:33:30,PTBA,RG,3670,3,D,PD,BK,F
13:33:30,PTBA,RG,3670,1,D,PD,BK,F
13:33:30,PTBA,RG,3670,1,D,PD,BK,F
13:33:30,PTBA,RG,3670,2,D,PD,BK,F
13:33:30,PTBA,RG,3670,3,D,PD,BK,F
13:33:30,PTBA,RG,3670,1,D,PD,BK,F
13:33:30,PTBA,RG,3670,2,D,SQ,BK,F
13:33:30,PTBA,RG,3670,1,D,SQ,BK,F
13:33:30,PTBA,RG,3670,5,D,PD,BK,F
13:33:30,PTBA,RG,3670,1,D,YP,BK,F
13:33:30,PTBA,RG,3670,2,D,YP,BK,F
13:33:30,PTBA,RG,3670,1,D,PD,BK,F
13:33:30,PTBA,RG,3670,3,D,NI,BK,F
13:33:30,PTBA,RG,3670,1,D,DR,BK,F
13:33:30,PTBA,RG,3670,5,D,KK,BK,F
13:33:30,PTBA,RG,3670,5,D,GR,BK,F
13:33:30,PTBA,RG,3670,1,D,GR,BK,F
13:33:30,PTBA,RG,3670,10,D,NI,BK,F
13:33:30,PTBA,RG,3670,1,D,GR,BK,F
13:33:30,PTBA,RG,3670,1,D,NI,BK,F
13:33:30,PTBA,RG,3670,1,D,BR,BK,F
13:33:30,PTBA,RG,3670,10,D,YB,BK,F
13:33:30,PTBA,RG,3670,1,D,IF,BK,F
13:33:30,PTBA,RG,3670,8,D,NI,BK,F
13:33:30,PTBA,RG,3670,10,D,SQ,BK,F
13:33:30,PTBA,RG,3670,1,D,SQ,BK,F
13:33:30,PTBA,RG,3670,25,D,YU,BK,F
13:33:30,PTBA,RG,3670,5,D,ZP,BK,F
13:33:30,PTBA,RG,3670,5,F,CS,BK,F
13:33:30,PTBA,RG,3670,6,D,CC,BK,F
13:33:30,PTBA,RG,3670,1,D,NI,BK,F
13:33:30,PTBA,RG,3670,2,D,SQ,BK,F
13:33:30,PTBA,RG,3670,5,F,CS,BK,F
13:33:30,PTBA,RG,3670,15,D,YP,BK,F
13:33:30,PTBA,RG,3670,5,F,CS,BK,F
13:33:30,PTBA,RG,3670,10,D,CC,BK,F
13:33:30,PTBA,RG,3670,1,D,IF,BK,F
13:33:30,PTBA,RG,3670,9,F,CS,BK,F
13:33:30,PTBA,RG,3670,90,D,AZ,BK,F
13:33:28,PTBA,RG,3670,409,D,AZ,YP,D
13:33:28,PTBA,RG,3670,400,D,AZ,YP,D
13:33:28,PTBA,RG,3670,1,D,PD,YP,D
13:33:28,PTBA,RG,3670,1,D,EP,YP,D
13:33:28,PTBA,RG,3670,10,F,CS,YP,D
13:33:28,PTBA,RG,3670,680,D,GR,YP,D
13:33:28,PTBA,RG,3670,5,D,PD,YP,D
13:33:28,PTBA,RG,3670,5,D,NI,YP,D
13:33:28,PTBA,RG,3670,3,D,XL,YP,D
13:33:28,PTBA,RG,3670,1,D,PD,YP,D
13:33:28,PTBA,RG,3670,10,D,PD,YP,D
13:33:28,PTBA,RG,3670,4,D,YP,YP,D
13:33:28,PTBA,RG,3670,5,F,CS,YP,D
13:33:28,PTBA,RG,3670,5,D,AO,YP,D
13:33:28,PTBA,RG,3670,4,F,CS,YP,D
13:33:28,PTBA,RG,3670,2,D,PD,YP,D
13:33:04,PTBA,RG,3670,5,D,PD,YP,D
13:32:42,PTBA,RG,3670,8,D,PD,BK,F
13:32:42,PTBA,RG,3670,3,D,XC,BK,F
13:32:42,PTBA,RG,3670,2,D,YP,BK,F
13:32:42,PTBA,RG,3670,2,D,XL,BK,F
13:32:39,PTBA,RG,3680,40,D,CC,IF,D
13:32:04,PTBA,RG,3680,2,D,XL,IF,D
13:32:01,PTBA,RG,3680,1,D,KK,IF,D
13:31:55,PTBA,RG,3670,2,D,CC,PD,D
13:31:55,PTBA,RG,3670,2,D,XC,PD,D
13:31:55,PTBA,RG,3670,1,D,CC,PD,D
13:31:55,PTBA,RG,3670,1,D,RO,PD,D
13:31:55,PTBA,RG,3670,4,D,XL,PD,D
13:31:35,PTBA,RG,3670,21,D,XL,PD,D
13:31:35,PTBA,RG,3670,3,D,XC,PD,D
13:31:35,PTBA,RG,3670,1,D,EP,PD,D
13:31:35,PTBA,RG,3670,5,D,CC,PD,D
13:31:35,PTBA,RG,3680,1,D,XC,IF,D
13:31:23,PTBA,RG,3670,5,D,CC,LG,D
13:31:23,PTBA,RG,3670,1,D,PD,LG,D
13:31:23,PTBA,RG,3670,1,D,YP,LG,D
13:31:23,PTBA,RG,3670,2,D,DR,LG,D
13:31:23,PTBA,RG,3670,5,D,DR,LG,D
13:31:23,PTBA,RG,3670,3,F,CS,LG,D
13:31:23,PTBA,RG,3670,3,D,YP,LG,D
13:31:20,PTBA,RG,3680,1,D,XC,IF,D
13:31:11,PTBA,RG,3670,1,D,KK,CC,D
13:31:11,PTBA,RG,3670,4,F,CS,CC,D
13:31:11,PTBA,RG,3670,1,D,YP,CC,D
13:31:11,PTBA,RG,3670,2,D,XC,CC,D
13:31:11,PTBA,RG,3670,5,F,CS,CC,D
13:31:11,PTBA,RG,3670,8,D,PD,CC,D
13:31:11,PTBA,RG,3670,3,D,PD,CC,D
13:31:11,PTBA,RG,3670,7,F,CS,CC,D
13:31:11,PTBA,RG,3670,6,D,EP,CC,D
13:31:11,PTBA,RG,3670,3,D,PD,CC,D
13:31:10,PTBA,RG,3670,20,D,PD,LG,D
13:31:07,PTBA,RG,3670,20,D,PD,LG,D
13:31:05,PTBA,RG,3670,7,D,PD,LG,D
13:31:05,PTBA,RG,3670,5,D,PD,LG,D
13:31:05,PTBA,RG,3670,4,D,XL,LG,D
13:31:05,PTBA,RG,3670,4,F,CS,LG,D
13:31:02,PTBA,RG,3670,3,F,CS,LG,D
13:31:02,PTBA,RG,3670,5,D,YP,LG,D
13:31:02,PTBA,RG,3670,10,D,XC,LG,D
13:31:02,PTBA,RG,3670,2,F,BK,LG,D
13:31:01,PTBA,RG,3670,2,F,BK,LG,D
13:31:01,PTBA,RG,3670,18,D,AZ,LG,D
13:31:00,PTBA,RG,3670,285,D,AZ,PD,D
13:30:24,PTBA,RG,3670,18,D,AZ,KZ,D
13:30:06,PTBA,RG,3670,179,D,AZ,AK,F
13:30:06,PTBA,RG,3670,399,D,AZ,AK,F
13:30:06,PTBA,RG,3670,50,D,NI,AK,F
13:30:06,PTBA,RG,3670,2,D,SQ,AK,F
13:30:06,PTBA,RG,3670,6,D,XL,AK,F
13:30:06,PTBA,RG,3670,1,D,YP,AK,F
13:30:06,PTBA,RG,3670,2,D,XC,AK,F
13:30:06,PTBA,RG,3670,20,D,YP,AK,F
13:30:06,PTBA,RG,3670,1,D,KK,AK,F
13:30:06,PTBA,RG,3670,1,D,NI,AK,F
13:30:06,PTBA,RG,3670,20,D,PD,AK,F
13:30:06,PTBA,RG,3670,20,D,PD,AK,F
13:30:05,PTBA,RG,3680,14,F,AK,IF,D
13:30:05,PTBA,RG,3680,5,F,AK,IF,D
13:30:03,PTBA,RG,3680,1,D,XL,IF,D
13:30:02,PTBA,RG,3680,19,D,CC,IF,D
13:30:02,PTBA,RG,3670,3,D,PD,XL,D
13:30:02,PTBA,RG,3670,5,D,PD,YP,D
13:30:02,PTBA,RG,3670,2,D,PD,CC,D
13:30:02,PTBA,RG,3680,3,D,XC,IF,D
13:30:02,PTBA,RG,3670,50,D,PD,OD,D
13:30:02,PTBA,RG,3680,1,D,YP,IF,D
13:30:02,PTBA,RG,3680,1,D,XL,IF,D
13:30:02,PTBA,RG,3670,20,D,PD,AK,F
13:30:02,PTBA,RG,3670,3,D,KK,AK,F
13:30:02,PTBA,RG,3670,1,D,XC,AK,F
13:30:02,PTBA,RG,3670,3,D,XL,AK,F
13:30:02,PTBA,RG,3670,2,D,EP,AK,F
13:30:02,PTBA,RG,3670,1,D,CC,AK,F
13:30:02,PTBA,RG,3670,1,D,AZ,AK,F
13:30:02,PTBA,RG,3670,5,D,NI,AK,F
13:30:02,PTBA,RG,3670,1,D,PD,AK,F
13:30:02,PTBA,RG,3670,2,D,DR,AK,F
13:30:02,PTBA,RG,3670,1,D,XC,AK,F
13:30:02,PTBA,RG,3670,10,D,YU,AK,F
13:30:02,PTBA,RG,3670,5,D,XL,AK,F
13:30:02,PTBA,RG,3670,1,D,XL,AK,F
13:30:02,PTBA,RG,3670,1,D,PD,AK,F
13:30:02,PTBA,RG,3670,9,D,XC,AK,F
13:30:02,PTBA,RG,3670,5,D,DX,AK,F
13:30:02,PTBA,RG,3670,9,D,AZ,AK,F
13:30:02,PTBA,RG,3670,60,D,AZ,YP,D
13:30:01,PTBA,RG,3680,12,D,PD,IF,D
13:30:01,PTBA,RG,3680,2,D,PD,IF,D
13:30:01,PTBA,RG,3670,6,D,AZ,PD,D
13:30:01,PTBA,RG,3680,1,D,PD,IF,D
13:30:01,PTBA,RG,3670,8,D,AZ,PD,D
13:30:01,PTBA,RG,3680,10,D,PD,IF,D
13:30:01,PTBA,RG,3670,1,D,AZ,PD,D
13:30:01,PTBA,RG,3680,1,D,PD,IF,D
13:30:01,PTBA,RG,3670,15,D,AZ,AT,D
13:30:01,PTBA,RG,3670,2,D,AZ,PD,D
13:30:01,PTBA,RG,3670,10,D,AZ,ZP,D
13:30:01,PTBA,RG,3680,50,D,SQ,IF,D
13:30:00,PTBA,RG,3680,20,D,YU,IF,D
13:30:00,PTBA,RG,3680,4,D,EP,IF,D
11:29:55,PTBA,RG,3670,4,D,AZ,PD,D
11:29:51,PTBA,RG,3680,1,D,PD,IF,D
11:29:41,PTBA,RG,3680,13,F,BK,IF,D
11:29:27,PTBA,RG,3680,1,F,AK,IF,D
11:29:25,PTBA,RG,3670,24,D,AZ,YU,F
11:29:21,PTBA,RG,3680,11,F,BK,IF,D
11:29:12,PTBA,RG,3680,5,D,YU,IF,D
11:29:09,PTBA,RG,3680,13,F,BK,IF,D
11:28:58,PTBA,RG,3670,38,D,AZ,YU,F
11:28:57,PTBA,RG,3670,7,D,AZ,KZ,D
11:28:51,PTBA,RG,3680,12,F,BK,IF,D
11:28:37,PTBA,RG,3670,4,D,AZ,XC,D
11:28:34,PTBA,RG,3680,12,F,BK,IF,D
11:28:28,PTBA,RG,3670,26,D,AZ,YU,F
11:28:14,PTBA,RG,3680,13,F,BK,IF,D
11:28:10,PTBA,RG,3670,1,D,AZ,YP,D
11:28:06,PTBA,RG,3670,50,D,AZ,YU,F
11:28:00,PTBA,RG,3680,11,F,BK,IF,D
11:27:57,PTBA,RG,3680,1,F,AK,IF,D
11:27:39,PTBA,RG,3680,13,F,BK,IF,D
11:27:38,PTBA,RG,3670,23,D,AZ,YU,F
11:27:32,PTBA,RG,3670,30,D,AZ,YU,F
11:27:18,PTBA,RG,3680,13,F,BK,IF,D
11:27:15,PTBA,RG,3680,4,D,XC,IF,D
11:27:10,PTBA,RG,3680,11,F,BK,IF,D
11:27:00,PTBA,RG,3670,144,D,AZ,YU,F
11:26:51,PTBA,RG,3680,11,F,BK,IF,D
11:26:46,PTBA,RG,3670,37,D,AZ,AK,F
11:26:46,PTBA,RG,3670,400,D,AZ,AK,F
11:26:46,PTBA,RG,3670,1,D,SQ,AK,F
11:26:46,PTBA,RG,3670,5,D,ZP,AK,F
11:26:46,PTBA,RG,3670,1,D,SQ,AK,F
11:26:46,PTBA,RG,3670,100,D,CC,AK,F
11:26:46,PTBA,RG,3670,1,D,XC,AK,F
11:26:46,PTBA,RG,3670,1,D,YP,AK,F
11:26:46,PTBA,RG,3670,2,D,NI,AK,F
11:26:46,PTBA,RG,3670,1,D,PD,AK,F
11:26:46,PTBA,RG,3670,10,D,PD,AK,F
11:26:46,PTBA,RG,3670,2,D,YP,AK,F
11:26:46,PTBA,RG,3670,10,D,YP,AK,F
11:26:46,PTBA,RG,3670,25,D,XL,AK,F
11:26:46,PTBA,RG,3670,33,D,NI,AK,F
11:26:46,PTBA,RG,3670,5,D,PD,AK,F
11:26:46,PTBA,RG,3670,1,D,PD,AK,F
11:26:46,PTBA,RG,3670,3,D,EP,AK,F
11:26:46,PTBA,RG,3670,3,F,CS,AK,F
11:26:46,PTBA,RG,3670,10,D,CC,AK,F
11:26:46,PTBA,RG,3670,5,D,YP,AK,F
11:26:46,PTBA,RG,3670,5,D,XL,AK,F
11:26:46,PTBA,RG,3670,6,F,CS,AK,F
11:26:46,PTBA,RG,3670,1,D,CC,AK,F
11:26:46,PTBA,RG,3670,1,D,CC,AK,F
11:26:46,PTBA,RG,3670,5,D,YP,AK,F
11:26:46,PTBA,RG,3670,3,F,AK,AK,F
11:26:46,PTBA,RG,3670,5,D,XC,AK,F
11:26:46,PTBA,RG,3670,20,D,PD,AK,F
11:26:46,PTBA,RG,3670,3,D,XL,AK,F
11:26:46,PTBA,RG,3670,10,D,NI,AK,F
11:26:46,PTBA,RG,3670,7,F,CS,AK,F
11:26:46,PTBA,RG,3670,10,D,KK,AK,F
11:26:46,PTBA,RG,3670,5,D,GR,AK,F
11:26:46,PTBA,RG,3670,1,D,XL,AK,F
11:26:46,PTBA,RG,3670,1,D,XL,AK,F
11:26:46,PTBA,RG,3670,3,F,AK,AK,F
11:26:46,PTBA,RG,3670,500,D,AZ,AK,F
11:26:46,PTBA,RG,3670,69,D,AZ,AK,F
11:26:42,PTBA,RG,3680,1,F,AK,IF,D
11:26:36,PTBA,RG,3680,12,F,BK,IF,D
11:26:27,PTBA,RG,3680,2,F,AK,IF,D
11:26:24,PTBA,RG,3680,10,D,PD,IF,D
11:26:12,PTBA,RG,3680,1,F,AK,IF,D
11:25:51,PTBA,RG,3670,1,D,AZ,PD,D
11:25:27,PTBA,RG,3680,1,F,AK,IF,D
11:25:27,PTBA,RG,3680,2,F,AK,IF,D
11:25:12,PTBA,RG,3680,1,F,AK,IF,D
11:24:27,PTBA,RG,3680,1,F,AK,IF,D
11:24:27,PTBA,RG,3680,2,F,AK,IF,D
11:23:42,PTBA,RG,3680,2,F,AK,IF,D
11:23:12,PTBA,RG,3680,1,F,AK,IF,D
11:23:12,PTBA,RG,3680,2,F,AK,IF,D
11:22:49,PTBA,RG,3670,3,D,AZ,XL,D
11:22:42,PTBA,RG,3670,50,D,AZ,YU,D
11:22:12,PTBA,RG,3680,2,F,AK,IF,D
11:22:10,PTBA,RG,3670,1,D,AZ,YP,D
11:21:59,PTBA,RG,3670,275,D,AZ,DR,D
11:21:59,PTBA,RG,3670,13,D,CC,DR,D
11:21:59,PTBA,RG,3670,4,D,XC,DR,D
11:21:59,PTBA,RG,3670,1,D,YP,DR,D
11:21:59,PTBA,RG,3670,5,D,XL,DR,D
11:21:59,PTBA,RG,3670,1,D,NI,DR,D
11:21:59,PTBA,RG,3670,9,D,YU,DR,D
11:21:59,PTBA,RG,3670,1,D,PD,DR,D
11:21:59,PTBA,RG,3670,1,D,PD,DR,D
11:21:59,PTBA,RG,3670,1,D,NI,DR,D
11:21:59,PTBA,RG,3670,1,D,XL,DR,D
11:21:57,PTBA,RG,3670,14,D,XL,KZ,D
11:21:57,PTBA,RG,3680,1,F,AK,IF,D
11:21:48,PTBA,RG,3680,3,F,BK,IF,D
11:21:39,PTBA,RG,3670,12,D,XL,CC,D
11:21:39,PTBA,RG,3670,10,D,XC,CC,D
11:21:39,PTBA,RG,3670,5,D,PD,CC,D
11:21:39,PTBA,RG,3670,3,F,BK,CC,D
11:20:35,PTBA,RG,3670,12,F,BK,PD,D
11:20:27,PTBA,RG,3680,3,F,AK,IF,D
11:20:03,PTBA,RG,3680,2,D,PD,IF,D
11:19:42,PTBA,RG,3680,1,F,AK,IF,D
11:19:18,PTBA,RG,3680,5,D,XL,IF,D
11:19:18,PTBA,RG,3680,5,D,SQ,IF,D
11:18:57,PTBA,RG,3680,2,F,AK,IF,D
11:17:57,PTBA,RG,3680,1,F,AK,IF,D
11:17:27,PTBA,RG,3680,3,F,AK,IF,D
11:16:34,PTBA,RG,3670,7,F,BK,PD,D
11:16:23,PTBA,RG,3670,2,F,BK,PD,D
11:16:20,PTBA,RG,3680,10,D,EP,IF,D
11:15:12,PTBA,RG,3680,4,F,AK,IF,D
11:14:38,PTBA,RG,3680,5,D,XL,IF,D
11:14:37,PTBA,RG,3680,10,D,DR,IF,D
11:14:32,PTBA,RG,3670,13,F,BK,KZ,D
11:14:11,PTBA,RG,3680,1,D,YP,IF,D
11:13:59,PTBA,RG,3680,1,D,XC,IF,D
11:13:36,PTBA,RG,3680,1,D,CC,IF,D
11:12:27,PTBA,RG,3680,2,F,AK,IF,D
11:10:47,PTBA,RG,3670,9,F,BK,KZ,D
11:10:47,PTBA,RG,3670,119,F,BK,AK,F
11:10:46,PTBA,RG,3670,33,F,BK,AK,F
11:10:46,PTBA,RG,3670,20,D,NI,AK,F
11:10:46,PTBA,RG,3670,1,D,KK,AK,F
11:10:46,PTBA,RG,3670,1,D,XC,AK,F
11:10:46,PTBA,RG,3670,1,D,NI,AK,F
11:10:46,PTBA,RG,3670,13,D,YP,AK,F
11:10:46,PTBA,RG,3670,50,D,NI,AK,F
11:10:46,PTBA,RG,3670,3,D,SQ,AK,F
11:10:46,PTBA,RG,3670,2,D,XC,AK,F
11:10:46,PTBA,RG,3670,1,D,XC,AK,F
11:10:46,PTBA,RG,3670,1,D,PD,AK,F
11:10:46,PTBA,RG,3670,30,D,SQ,AK,F
11:10:46,PTBA,RG,3670,1,D,PD,AK,F
11:10:46,PTBA,RG,3670,2,D,YP,AK,F
11:10:46,PTBA,RG,3670,1,D,PD,AK,F
11:10:46,PTBA,RG,3670,32,D,XC,AK,F
11:10:46,PTBA,RG,3670,10,D,PD,AK,F
11:10:46,PTBA,RG,3670,20,D,YP,AK,F
11:10:46,PTBA,RG,3670,2,D,CC,AK,F
11:10:46,PTBA,RG,3670,1,D,PD,AK,F
11:10:46,PTBA,RG,3670,1,D,PD,AK,F
11:10:46,PTBA,RG,3670,1,D,XC,AK,F
11:10:46,PTBA,RG,3670,2,D,PD,AK,F
11:10:46,PTBA,RG,3670,3,D,KK,AK,F
11:10:46,PTBA,RG,3670,2,D,KK,AK,F
11:10:46,PTBA,RG,3670,3,D,YP,AK,F
11:10:46,PTBA,RG,3670,500,D,AZ,AK,F
11:10:46,PTBA,RG,3670,399,D,AZ,AK,F
11:10:46,PTBA,RG,3670,3,D,SQ,AK,F
11:10:46,PTBA,RG,3670,1,D,CC,AK,F
11:10:46,PTBA,RG,3670,1,D,CC,AK,F
11:10:46,PTBA,RG,3670,2,D,KK,AK,F
11:10:46,PTBA,RG,3670,5,D,NI,AK,F
11:10:46,PTBA,RG,3670,1,D,XC,AK,F
11:10:46,PTBA,RG,3670,500,D,YP,AK,F
11:10:46,PTBA,RG,3670,1,D,YP,AK,F
11:10:46,PTBA,RG,3670,1,D,XC,AK,F
11:10:46,PTBA,RG,3670,3,D,XC,AK,F
11:10:46,PTBA,RG,3670,2,D,YP,AK,F
11:10:46,PTBA,RG,3670,1,D,PD,AK,F
11:10:46,PTBA,RG,3670,10,D,DX,AK,F
11:10:46,PTBA,RG,3670,30,D,SQ,AK,F
11:10:46,PTBA,RG,3670,10,D,XL,AK,F
11:10:46,PTBA,RG,3670,100,D,DH,AK,F
11:10:46,PTBA,RG,3670,10,D,CC,AK,F
11:10:46,PTBA,RG,3670,10,D,EP,AK,F
11:10:46,PTBA,RG,3670,10,D,PD,AK,F
11:10:46,PTBA,RG,3670,2,D,PD,AK,F
11:10:46,PTBA,RG,3670,10,D,EP,AK,F
11:10:46,PTBA,RG,3670,5,D,AZ,AK,F
11:10:46,PTBA,RG,3670,1,D,CC,AK,F
11:10:46,PTBA,RG,3670,7,D,CC,AK,F
11:10:46,PTBA,RG,3670,2,D,XL,AK,F
11:10:46,PTBA,RG,3670,500,D,RF,AK,F
11:10:46,PTBA,RG,3670,1,D,XC,AK,F
11:10:46,PTBA,RG,3670,1,D,XL,AK,F
11:10:46,PTBA,RG,3670,1,D,YP,AK,F
11:10:46,PTBA,RG,3670,7,D,XC,AK,F
11:10:46,PTBA,RG,3670,1,D,XC,AK,F
11:10:46,PTBA,RG,3670,1,D,PD,AK,F
11:10:46,PTBA,RG,3670,10,D,YP,AK,F
11:10:46,PTBA,RG,3670,1,D,CC,AK,F
11:10:46,PTBA,RG,3670,1,D,PD,AK,F
11:10:46,PTBA,RG,3670,3,D,PD,AK,F
11:10:46,PTBA,RG,3670,1,D,PD,AK,F
11:10:46,PTBA,RG,3670,1,D,DR,AK,F
11:10:46,PTBA,RG,3670,10,D,DH,AK,F
11:10:46,PTBA,RG,3670,1,D,YP,AK,F
11:10:46,PTBA,RG,3670,500,D,ZP,AK,F
11:10:46,PTBA,RG,3670,1,D,PD,AK,F
11:10:46,PTBA,RG,3670,3,D,PD,AK,F
11:10:46,PTBA,RG,3670,25,D,NI,AK,F
11:10:46,PTBA,RG,3670,2,D,XC,AK,F
11:10:46,PTBA,RG,3670,5,D,XC,AK,F
11:10:46,PTBA,RG,3670,15,D,NI,AK,F
11:10:46,PTBA,RG,3670,1,D,PD,AK,F
11:10:46,PTBA,RG,3670,25,D,YP,AK,F
11:10:46,PTBA,RG,3670,1,D,KK,AK,F
11:10:46,PTBA,RG,3670,5,D,CC,AK,F
11:10:46,PTBA,RG,3670,2,D,XL,AK,F
11:10:46,PTBA,RG,3670,100,D,YU,AK,F
11:10:46,PTBA,RG,3670,40,D,NI,AK,F
11:10:46,PTBA,RG,3670,4,D,PD,AK,F
11:10:46,PTBA,RG,3670,1,D,PD,AK,F
11:10:46,PTBA,RG,3670,10,D,PD,AK,F
11:10:46,PTBA,RG,3670,2,D,GR,AK,F
11:10:46,PTBA,RG,3670,1,D,KK,AK,F
11:10:46,PTBA,RG,3670,10,D,PD,AK,F
11:10:46,PTBA,RG,3670,331,F,AK,AK,F
11:10:46,PTBA,RG,3670,136,D,YP,AK,F
11:10:46,PTBA,RG,3670,5,D,YP,AK,F
11:10:46,PTBA,RG,3670,95,D,XC,AK,F
11:10:46,PTBA,RG,3670,3,D,YP,AK,F
11:10:46,PTBA,RG,3670,1,D,XC,AK,F
11:10:46,PTBA,RG,3670,1,D,XL,AK,F
11:10:46,PTBA,RG,3670,2,D,PD,AK,F
11:10:46,PTBA,RG,3670,2,D,PD,AK,F
11:10:46,PTBA,RG,3670,1,D,PD,AK,F
11:10:46,PTBA,RG,3670,1,D,XL,AK,F
11:10:46,PTBA,RG,3670,20,D,XA,AK,F
11:10:46,PTBA,RG,3670,20,D,PD,AK,F
11:10:46,PTBA,RG,3670,3,D,OD,AK,F
11:10:46,PTBA,RG,3670,1,D,PD,AK,F
11:10:46,PTBA,RG,3670,8,D,LG,AK,F
11:10:46,PTBA,RG,3670,5,D,PD,AK,F
11:10:46,PTBA,RG,3670,25,D,XA,AK,F
11:10:46,PTBA,RG,3670,9,D,CC,AK,F
11:10:46,PTBA,RG,3670,3,D,XC,AK,F
11:10:46,PTBA,RG,3670,10,D,OD,AK,F
11:10:46,PTBA,RG,3670,1,D,XL,AK,F
11:10:46,PTBA,RG,3670,5,D,CC,AK,F
11:10:46,PTBA,RG,3670,10,D,PD,AK,F
11:10:46,PTBA,RG,3670,606,D,YU,AK,F
11:10:46,PTBA,RG,3670,2,D,NI,AK,F
11:10:46,PTBA,RG,3670,84,D,MG,AK,F
11:09:50,PTBA,RG,3680,5,D,XL,IF,D
11:09:22,PTBA,RG,3670,11,D,MG,XL,D
11:09:10,PTBA,RG,3680,25,D,PD,IF,D
11:08:44,PTBA,RG,3680,1,D,PD,IF,D
11:07:52,PTBA,RG,3670,405,D,MG,YP,D
11:07:52,PTBA,RG,3670,10,F,KK,YP,D
11:07:52,PTBA,RG,3670,4,D,XL,YP,D
11:07:52,PTBA,RG,3670,2,D,XL,YP,D
11:07:52,PTBA,RG,3670,4,D,XL,YP,D
11:07:52,PTBA,RG,3670,1,D,XL,YP,D
11:07:52,PTBA,RG,3670,3,D,XL,YP,D
11:07:52,PTBA,RG,3670,2,D,XL,YP,D
11:07:52,PTBA,RG,3670,1,D,XL,YP,D
11:07:52,PTBA,RG,3670,2,D,XL,YP,D
11:07:52,PTBA,RG,3670,5,D,LS,YP,D
11:07:52,PTBA,RG,3670,1,D,OD,YP,D
11:07:52,PTBA,RG,3670,1,D,CC,YP,D
11:07:52,PTBA,RG,3670,1,D,CC,YP,D
11:07:52,PTBA,RG,3670,1,D,PD,YP,D
11:07:52,PTBA,RG,3670,1,D,YP,YP,D
11:07:52,PTBA,RG,3670,2,D,PD,YP,D
11:07:52,PTBA,RG,3670,1,D,PD,YP,D
11:07:52,PTBA,RG,3670,1,D,PD,YP,D
11:07:52,PTBA,RG,3670,2,D,PD,YP,D
11:07:52,PTBA,RG,3670,50,D,PD,YP,D
11:07:37,PTBA,RG,3670,2,D,PD,XC,D
11:07:34,PTBA,RG,3680,8,D,CC,IF,D
11:07:09,PTBA,RG,3680,1,D,OD,IF,D
11:07:07,PTBA,RG,3680,1,D,NI,IF,D
11:06:47,PTBA,RG,3680,1,D,XC,IF,D
11:05:59,PTBA,RG,3680,50,D,PD,IF,D
11:05:30,PTBA,RG,3680,1,D,DH,IF,D
11:04:14,PTBA,RG,3680,10,D,CC,IF,D
11:02:40,PTBA,RG,3680,1,F,AK,IF,D
11:02:40,PTBA,RG,3680,2,F,AK,IF,D
11:02:40,PTBA,RG,3680,4,F,CS,IF,D
11:02:40,PTBA,RG,3680,3,F,CS,IF,D
11:02:40,PTBA,RG,3680,21,D,CC,IF,D
11:02:40,PTBA,RG,3680,1,D,PD,IF,D
11:02:40,PTBA,RG,3680,1,D,CC,IF,D
11:02:40,PTBA,RG,3680,3,F,CS,IF,D
11:02:40,PTBA,RG,3680,2,D,KK,IF,D
11:02:40,PTBA,RG,3680,152,F,BK,IF,D
11:02:40,PTBA,RG,3680,6,F,CS,IF,D
11:02:40,PTBA,RG,3680,400,D,NI,IF,D
11:02:40,PTBA,RG,3680,1,D,PD,IF,D
11:02:40,PTBA,RG,3680,80,D,PD,IF,D
11:02:40,PTBA,RG,3680,5,F,CS,IF,D
11:02:40,PTBA,RG,3680,3,F,CS,IF,D
11:02:40,PTBA,RG,3680,2,D,PD,IF,D
11:02:40,PTBA,RG,3680,2,D,PD,IF,D
11:02:40,PTBA,RG,3680,5,D,NI,IF,D
11:02:40,PTBA,RG,3680,10,D,CC,IF,D
11:02:40,PTBA,RG,3680,1,D,XC,IF,D
11:02:40,PTBA,RG,3680,40,D,IF,IF,D
11:02:40,PTBA,RG,3680,100,D,PD,IF,D
11:02:40,PTBA,RG,3680,1,F,AK,IF,D
11:02:40,PTBA,RG,3680,1,F,AK,IF,D
11:02:40,PTBA,RG,3680,17,D,CC,IF,D
11:02:40,PTBA,RG,3680,5,D,YP,IF,D
11:02:40,PTBA,RG,3680,10,D,OD,IF,D
11:02:40,PTBA,RG,3680,6,F,CS,IF,D
11:02:40,PTBA,RG,3680,1000,D,GR,IF,D
11:02:40,PTBA,RG,3680,100,D,CC,IF,D
11:02:40,PTBA,RG,3680,1,F,AK,IF,D
11:02:40,PTBA,RG,3680,1,F,AK,IF,D
11:02:40,PTBA,RG,3680,3,F,AK,IF,D
11:02:40,PTBA,RG,3680,3,F,AK,IF,D
11:02:40,PTBA,RG,3680,273,F,BK,IF,D
11:02:40,PTBA,RG,3680,1000,D,DR,IF,D
11:02:40,PTBA,RG,3680,4,F,CS,IF,D
11:02:40,PTBA,RG,3680,5,F,CS,IF,D
11:02:40,PTBA,RG,3680,3,F,BK,IF,D
11:02:40,PTBA,RG,3680,134,F,AK,IF,D
11:02:38,PTBA,RG,3690,11,D,CC,XA,D
11:02:30,PTBA,RG,3690,1,D,CC,XA,D
11:02:27,PTBA,RG,3690,1,F,AK,XA,D
11:01:11,PTBA,RG,3690,2,F,AK,XA,D
11:01:11,PTBA,RG,3690,34,F,BK,XA,D
11:00:40,PTBA,RG,3680,1,F,AK,NI,D
11:00:37,PTBA,RG,3690,5,D,CC,XA,D
11:00:15,PTBA,RG,3680,1,F,AK,OD,D
11:00:10,PTBA,RG,3680,7,F,AK,OD,D
10:59:55,PTBA,RG,3690,20,F,BK,XA,D
10:59:46,PTBA,RG,3690,2,D,PD,XA,D
10:59:46,PTBA,RG,3690,1,D,PD,GR,D
10:59:42,PTBA,RG,3690,1,F,AK,GR,D
10:59:27,PTBA,RG,3690,2,F,AK,GR,D
10:58:12,PTBA,RG,3680,1,F,AK,AK,F
10:58:12,PTBA,RG,3690,1,F,AK,GR,D
10:58:12,PTBA,RG,3690,1,F,AK,LG,D
10:57:53,PTBA,RG,3680,12,F,AK,AK,F
10:57:53,PTBA,RG,3690,4,F,BK,LG,D
10:57:53,PTBA,RG,3690,10,F,BK,PD,D
10:57:53,PTBA,RG,3690,15,F,BK,PD,D
10:57:27,PTBA,RG,3680,1,F,AK,AK,F
10:57:27,PTBA,RG,3690,1,F,AK,PD,D
10:56:28,PTBA,RG,3680,3,F,AK,AK,F
10:56:27,PTBA,RG,3690,8,D,CC,PD,D
10:56:18,PTBA,RG,3680,1,F,AK,AK,F
10:56:17,PTBA,RG,3690,1,D,PD,PD,D
10:56:11,PTBA,RG,3680,12,F,AK,AK,F
10:56:10,PTBA,RG,3690,28,F,BK,PD,D
10:55:57,PTBA,RG,3680,1,F,AK,AK,F
10:55:57,PTBA,RG,3690,3,F,AK,PD,D
10:55:37,PTBA,RG,3680,1,F,AK,PD,D
10:55:20,PTBA,RG,3680,1,F,AK,AK,F
10:55:12,PTBA,RG,3690,1,F,AK,PD,D
10:54:57,PTBA,RG,3690,1,F,AK,PD,D
10:54:47,PTBA,RG,3680,9,F,AK,AK,F
10:54:47,PTBA,RG,3690,20,F,BK,PD,D
10:54:45,PTBA,RG,3680,2,F,AK,AK,F
10:54:44,PTBA,RG,3680,5,F,AK,XL,D
10:54:09,PTBA,RG,3680,5,F,AK,AK,F
10:54:08,PTBA,RG,3690,11,F,BK,PD,D
10:53:57,PTBA,RG,3680,1,F,AK,AK,F
10:53:57,PTBA,RG,3690,3,F,AK,PD,D
10:53:42,PTBA,RG,3690,1,F,AK,PD,D
10:53:12,PTBA,RG,3680,1,F,AK,AK,F
10:53:12,PTBA,RG,3690,2,F,AK,PD,D
10:53:03,PTBA,RG,3680,2,F,CS,AK,F
10:53:03,PTBA,RG,3680,4,F,CS,AK,F
10:53:03,PTBA,RG,3680,23,D,YP,AK,F
10:53:02,PTBA,RG,3680,68,D,YP,AK,F
10:53:02,PTBA,RG,3680,3,D,YP,AK,F
10:53:02,PTBA,RG,3680,6,D,YP,LG,D
10:52:57,PTBA,RG,3670,6,D,PD,AK,F
10:52:56,PTBA,RG,3680,14,D,YP,LG,D
10:52:56,PTBA,RG,3680,27,D,YP,AK,F
10:52:56,PTBA,RG,3680,84,D,YP,PD,D
10:52:46,PTBA,RG,3680,16,F,BK,PD,D
10:52:46,PTBA,RG,3680,1,F,BK,AK,F
10:52:46,PTBA,RG,3680,5,F,BK,XL,D
10:52:28,PTBA,RG,3680,1,D,SQ,XL,D
10:51:57,PTBA,RG,3680,2,D,CC,XL,D
10:51:50,PTBA,RG,3680,1,D,KK,XL,D
10:51:42,PTBA,RG,3680,1,F,AK,XL,D
10:51:12,PTBA,RG,3680,3,F,AK,XL,D
10:51:05,PTBA,RG,3680,5,D,PD,XL,D
10:51:00,PTBA,RG,3680,7,F,BK,XL,D
10:51:00,PTBA,RG,3680,20,F,BK,AK,F
10:50:37,PTBA,RG,3680,1,D,XL,AK,F
10:50:27,PTBA,RG,3680,1,F,AK,AK,F
10:50:27,PTBA,RG,3680,2,F,AK,AK,F
10:50:10,PTBA,RG,3680,2,D,CC,AK,F
10:50:01,PTBA,RG,3670,4,D,PD,AK,F
10:50:01,PTBA,RG,3680,2,F,BK,AK,F
10:50:01,PTBA,RG,3680,2,F,BK,XC,D
10:50:01,PTBA,RG,3680,12,F,BK,LG,D
10:49:35,PTBA,RG,3670,22,D,PD,AK,F
10:49:27,PTBA,RG,3680,2,F,AK,LG,D
10:49:15,PTBA,RG,3680,3,F,BK,LG,D
10:49:13,PTBA,RG,3680,5,D,XL,LG,D
10:49:05,PTBA,RG,3680,4,F,BK,LG,D
10:49:05,PTBA,RG,3680,11,F,BK,BQ,D
10:48:42,PTBA,RG,3680,6,D,PD,SQ,D
10:48:30,PTBA,RG,3680,1,D,XC,SQ,D
10:48:27,PTBA,RG,3680,1,F,AK,SQ,D
10:48:23,PTBA,RG,3680,1,D,PD,SQ,D
10:48:21,PTBA,RG,3680,1,D,DR,SQ,D
10:48:12,PTBA,RG,3680,2,F,AK,SQ,D
10:48:05,PTBA,RG,3680,12,F,BK,SQ,D
10:48:05,PTBA,RG,3680,2,F,BK,KK,D
10:48:05,PTBA,RG,3680,1,F,BK,PD,D
10:47:35,PTBA,RG,3670,16,D,PD,AK,F
10:47:35,PTBA,RG,3670,5,D,XC,AK,F
10:47:35,PTBA,RG,3670,5,D,KK,AK,F
10:47:35,PTBA,RG,3670,147,D,ZP,AK,F
10:47:04,PTBA,RG,3680,16,F,BK,AK,F
10:46:42,PTBA,RG,3680,2,F,AK,AK,F
10:46:23,PTBA,RG,3680,2,D,XC,AK,F
10:46:21,PTBA,RG,3680,33,D,YU,AK,F
10:46:18,PTBA,RG,3680,27,D,XC,AK,F
10:46:12,PTBA,RG,3680,1,F,AK,AK,F
10:46:11,PTBA,RG,3680,15,F,BK,AK,F
10:45:26,PTBA,RG,3680,12,F,BK,AK,F
10:45:15,PTBA,RG,3680,5,D,PD,AK,F
10:45:04,PTBA,RG,3680,2,F,AK,AK,F
10:45:04,PTBA,RG,3680,9,D,XC,AK,F
10:44:21,PTBA,RG,3680,1,D,XL,AK,F
10:44:14,PTBA,RG,3680,30,D,XA,BK,F
10:44:12,PTBA,RG,3680,30,D,PD,BK,F
10:44:09,PTBA,RG,3680,20,F,BK,BK,F
10:43:57,PTBA,RG,3680,1,F,AK,BK,F
10:43:52,PTBA,RG,3680,19,D,CC,BK,F
10:43:12,PTBA,RG,3680,3,F,AK,BK,F
10:43:09,PTBA,RG,3680,16,F,BK,BK,F
10:42:43,PTBA,RG,3680,19,D,XC,BK,F
10:42:25,PTBA,RG,3680,12,F,BK,BK,F
10:42:23,PTBA,RG,3680,215,D,OD,BK,F
10:42:10,PTBA,RG,3680,2,D,PD,BK,F
10:41:46,PTBA,RG,3680,30,D,YP,BK,F
10:41:27,PTBA,RG,3680,16,F,BK,BK,F
10:41:12,PTBA,RG,3680,1,F,AK,BK,F
10:40:53,PTBA,RG,3680,12,F,BK,BK,F
10:40:51,PTBA,RG,3670,1,D,ZP,CC,D
10:40:49,PTBA,RG,3680,1,D,KK,BK,F
10:40:43,PTBA,RG,3680,1,D,PD,BK,F
10:40:42,PTBA,RG,3670,1,D,ZP,XC,D
10:40:31,PTBA,RG,3680,2,D,KK,BK,F
10:40:12,PTBA,RG,3680,4,F,AK,BK,F
10:40:09,PTBA,RG,3680,17,F,BK,BK,F
10:40:01,PTBA,RG,3680,9,D,PD,BK,F
10:39:30,PTBA,RG,3680,14,F,BK,BK,F
10:39:21,PTBA,RG,3670,18,D,ZP,XL,D
10:39:19,PTBA,RG,3680,10,D,PD,BK,F
10:39:12,PTBA,RG,3680,1,F,AK,BK,F
10:39:00,PTBA,RG,3680,12,F,BK,BK,F
10:38:22,PTBA,RG,3680,1,D,XL,BK,F
10:38:15,PTBA,RG,3680,15,F,BK,BK,F
10:37:46,PTBA,RG,3680,11,F,BK,BK,F
10:37:17,PTBA,RG,3680,12,F,BK,BK,F
10:36:47,PTBA,RG,3680,11,F,BK,BK,F
10:36:33,PTBA,RG,3680,20,D,DR,BK,F
10:36:23,PTBA,RG,3680,1,D,YP,BK,F
10:36:14,PTBA,RG,3680,13,F,BK,BK,F
10:35:40,PTBA,RG,3680,12,F,BK,BK,F
10:35:27,PTBA,RG,3680,1,D,YU,BK,F
10:35:24,PTBA,RG,3680,5,D,PD,BK,F
10:35:05,PTBA,RG,3680,8,F,BK,BK,F
10:35:05,PTBA,RG,3680,5,F,BK,IF,D
10:34:32,PTBA,RG,3690,12,F,BK,PD,D
10:33:59,PTBA,RG,3690,3,D,PD,PD,D
10:33:47,PTBA,RG,3680,3,D,XC,AK,F
10:33:28,PTBA,RG,3680,10,D,PD,AK,F
10:33:27,PTBA,RG,3680,9,D,EP,AK,F
10:33:26,PTBA,RG,3680,9,F,AK,AK,F
10:33:25,PTBA,RG,3680,1,D,SQ,AK,F
10:33:25,PTBA,RG,3680,17,D,SQ,EP,D
10:33:25,PTBA,RG,3680,1,D,SQ,AK,F
10:33:25,PTBA,RG,3680,3,D,SQ,KK,D
10:33:25,PTBA,RG,3680,75,D,SQ,AK,F
10:33:25,PTBA,RG,3680,155,D,SQ,BK,F
10:33:20,PTBA,RG,3680,1,D,NI,BK,F
10:33:14,PTBA,RG,3680,5,D,LS,BK,F
10:32:53,PTBA,RG,3680,10,D,XC,BK,F
10:32:46,PTBA,RG,3680,1,D,SQ,BK,F
10:32:15,PTBA,RG,3680,76,F,BK,AK,F
10:32:14,PTBA,RG,3670,1,D,ZP,PD,D
10:32:14,PTBA,RG,3680,1,D,SQ,PD,D
10:32:14,PTBA,RG,3680,74,D,SQ,CC,D
10:32:14,PTBA,RG,3680,1,D,SQ,YP,D
10:32:14,PTBA,RG,3680,20,D,SQ,CC,F
10:32:14,PTBA,RG,3680,11,D,SQ,BK,F
10:32:14,PTBA,RG,3680,4,D,SQ,AK,F
10:32:14,PTBA,RG,3680,692,D,SQ,AK,F
10:31:21,PTBA,RG,3680,2,D,PD,AK,F
10:30:15,PTBA,RG,3670,2,D,ZP,YP,D
10:29:49,PTBA,RG,3680,1,D,XC,AK,F
10:29:46,PTBA,RG,3680,6,D,YP,AK,F
10:28:31,PTBA,RG,3680,1,D,KK,AK,F
10:28:04,PTBA,RG,3670,20,D,ZP,YP,D
10:27:50,PTBA,RG,3680,4,D,PD,AK,F
10:27:33,PTBA,RG,3680,1,D,EP,AK,F
10:27:06,PTBA,RG,3670,13,D,ZP,CC,D
10:26:48,PTBA,RG,3670,13,D,ZP,CC,D
10:26:43,PTBA,RG,3670,12,D,ZP,BK,F
10:26:43,PTBA,RG,3680,100,D,PD,AK,F
10:26:42,PTBA,RG,3670,11,D,ZP,CC,D
10:26:39,PTBA,RG,3680,1,D,NI,AK,F
10:26:26,PTBA,RG,3680,4,D,KK,AK,F
10:26:05,PTBA,RG,3680,10,D,YU,AK,F
10:26:05,PTBA,RG,3680,1,F,AK,AK,F
10:26:05,PTBA,RG,3680,3,F,AK,AK,F
10:26:05,PTBA,RG,3680,4,D,NI,AK,F
10:25:38,PTBA,RG,3680,15,D,NI,BK,F
10:25:38,PTBA,RG,3680,7,F,CS,BK,F
10:25:32,PTBA,RG,3680,3,F,CS,BK,F
10:25:32,PTBA,RG,3680,81,F,BK,BK,F
10:25:32,PTBA,RG,3680,1,D,PD,BK,F
10:25:32,PTBA,RG,3680,1,D,KK,BK,F
10:25:31,PTBA,RG,3680,2,D,KK,OD,D
10:25:31,PTBA,RG,3680,5,D,PD,OD,D
10:25:31,PTBA,RG,3680,1,F,AK,OD,D
10:25:31,PTBA,RG,3680,3,F,AK,OD,D
10:25:31,PTBA,RG,3680,1,D,XC,OD,D
10:25:31,PTBA,RG,3680,300,D,NI,OD,D
10:25:31,PTBA,RG,3680,10,F,CS,OD,D
10:25:31,PTBA,RG,3680,1,D,NI,OD,D
10:25:31,PTBA,RG,3680,1,D,KK,OD,D
10:25:31,PTBA,RG,3680,5,D,YP,OD,D
10:25:31,PTBA,RG,3680,1,D,NI,OD,D
10:25:31,PTBA,RG,3680,10,D,NI,OD,D
10:25:31,PTBA,RG,3680,116,F,BK,OD,D
10:25:31,PTBA,RG,3680,4,F,AK,OD,D
10:25:31,PTBA,RG,3680,1,D,PD,OD,D
10:25:31,PTBA,RG,3680,1,D,PD,OD,D
10:25:31,PTBA,RG,3680,2,D,EP,OD,D
10:25:31,PTBA,RG,3680,10,F,CS,OD,D
10:25:31,PTBA,RG,3680,10,D,CC,OD,D
10:25:31,PTBA,RG,3680,1,D,YP,OD,D
10:25:31,PTBA,RG,3680,3,F,BK,OD,D
10:25:31,PTBA,RG,3680,3,F,AK,OD,D
10:25:31,PTBA,RG,3680,1,D,PD,OD,D
10:25:31,PTBA,RG,3680,6,F,CS,OD,D
10:25:31,PTBA,RG,3680,5,D,NI,OD,D
10:25:31,PTBA,RG,3680,7,F,CS,OD,D
10:25:31,PTBA,RG,3680,365,D,GR,OD,D
10:25:21,PTBA,RG,3690,19,F,BK,PD,D
10:25:19,PTBA,RG,3680,635,D,GR,OD,D
10:25:19,PTBA,RG,3680,2,D,PD,OD,D
10:25:19,PTBA,RG,3680,5,D,YP,OD,D
10:25:19,PTBA,RG,3680,4,D,AZ,OD,D
10:25:19,PTBA,RG,3680,5,D,XC,OD,D
10:25:19,PTBA,RG,3680,2,D,XC,OD,D
10:25:19,PTBA,RG,3680,1,D,XL,OD,D
10:25:19,PTBA,RG,3680,3,D,YP,OD,D
10:25:19,PTBA,RG,3680,1,D,PD,OD,D
10:25:19,PTBA,RG,3680,10,D,YP,OD,D
10:25:19,PTBA,RG,3680,10,D,CC,OD,D
10:25:19,PTBA,RG,3680,10,D,YU,OD,D
10:25:19,PTBA,RG,3680,1,D,EP,OD,D
10:25:19,PTBA,RG,3680,5,D,PD,OD,D
10:25:19,PTBA,RG,3680,19,D,DH,OD,D
10:25:19,PTBA,RG,3680,1,D,PD,OD,D
10:25:19,PTBA,RG,3680,1,D,NI,OD,D
10:25:19,PTBA,RG,3680,2,D,PD,OD,D
10:25:19,PTBA,RG,3680,12,F,CS,OD,D
10:25:19,PTBA,RG,3680,5,F,CS,OD,D
10:25:19,PTBA,RG,3680,166,D,DH,OD,D
10:24:54,PTBA,RG,3690,1,D,DH,PD,D
10:24:39,PTBA,RG,3690,11,D,PD,PD,D
10:24:34,PTBA,RG,3690,9,F,BK,PD,D
10:24:34,PTBA,RG,3690,1,F,BK,PD,D
10:24:34,PTBA,RG,3690,6,F,BK,NI,D
10:23:20,PTBA,RG,3680,1,D,DH,XC,D
10:23:14,PTBA,RG,3680,1,D,DH,OD,D
10:23:10,PTBA,RG,3680,15,D,DH,OD,D
10:22:30,PTBA,RG,3680,174,D,DH,AK,F
10:20:53,PTBA,RG,3680,5,D,DH,IF,D
10:20:52,PTBA,RG,3680,3,D,DH,PD,D
10:20:48,PTBA,RG,3690,1,D,PD,XC,D
10:20:42,PTBA,RG,3690,120,D,YP,YP,F
10:20:36,PTBA,RG,3690,1,D,PD,YP,F
10:20:15,PTBA,RG,3680,3,D,DH,YB,D
10:18:43,PTBA,RG,3680,1,D,DH,YP,D
10:18:42,PTBA,RG,3690,1,F,AK,YP,F
10:18:42,PTBA,RG,3690,11,F,AK,YP,F
10:18:33,PTBA,RG,3680,50,D,DH,CC,D
10:18:32,PTBA,RG,3680,15,D,DH,YP,D
10:16:25,PTBA,RG,3680,8,D,DH,DR,D
10:16:07,PTBA,RG,3690,1,D,XL,YP,F
10:15:44,PTBA,RG,3680,14,D,DH,YP,D
10:15:42,PTBA,RG,3680,11,D,DH,CC,D
10:15:41,PTBA,RG,3690,2,D,NI,YP,F
10:15:40,PTBA,RG,3690,1,D,XL,YP,F
10:14:59,PTBA,RG,3690,2,D,PD,YP,F
10:14:15,PTBA,RG,3690,61,D,XL,YP,F
10:14:15,PTBA,RG,3690,25,D,XL,XC,D
10:14:15,PTBA,RG,3690,257,D,XL,BK,F
10:14:15,PTBA,RG,3690,1,D,XL,PD,D
10:14:15,PTBA,RG,3690,1,D,XL,YP,D
10:14:15,PTBA,RG,3690,29,D,XL,BK,F
10:14:15,PTBA,RG,3690,9,D,XL,XC,D
10:14:15,PTBA,RG,3690,5,D,XL,PD,D
10:14:15,PTBA,RG,3690,1,D,XL,XL,D
10:14:15,PTBA,RG,3690,4,D,XL,XC,D
10:14:15,PTBA,RG,3690,10,D,XL,CC,D
10:14:15,PTBA,RG,3690,133,D,XL,AK,F
10:14:02,PTBA,RG,3690,1,D,PD,AK,F
10:13:39,PTBA,RG,3680,16,D,DH,BK,F
10:13:36,PTBA,RG,3690,1,D,KK,AK,F
10:13:34,PTBA,RG,3680,17,D,DH,BK,F
10:13:34,PTBA,RG,3680,2,D,OD,BK,F
10:13:34,PTBA,RG,3680,8,D,YP,BK,F
10:13:34,PTBA,RG,3680,5,D,CC,BK,F
10:13:34,PTBA,RG,3680,10,D,CC,BK,F
10:13:34,PTBA,RG,3680,3,D,PD,BK,F
10:13:34,PTBA,RG,3680,7,F,CS,BK,F
10:13:29,PTBA,RG,3680,4,F,CS,AK,F
10:13:29,PTBA,RG,3680,40,D,SQ,AK,F
10:13:29,PTBA,RG,3680,1,D,PD,AK,F
10:13:29,PTBA,RG,3680,1,D,PD,AK,F
10:13:29,PTBA,RG,3680,10,D,SQ,AK,F
10:13:29,PTBA,RG,3680,10,D,PD,AK,F
10:13:29,PTBA,RG,3680,1,D,CC,AK,F
10:13:29,PTBA,RG,3680,20,D,NI,AK,F
10:13:29,PTBA,RG,3680,1,D,CC,AK,F
10:13:29,PTBA,RG,3680,5,D,YP,AK,F
10:13:29,PTBA,RG,3680,10,D,CC,AK,F
10:13:29,PTBA,RG,3680,1,D,XL,AK,F
10:13:29,PTBA,RG,3680,10,D,XC,AK,F
10:13:29,PTBA,RG,3680,4,F,CS,AK,F
10:13:29,PTBA,RG,3680,3,D,PD,AK,F
10:13:29,PTBA,RG,3680,3,D,OD,AK,F
10:13:29,PTBA,RG,3680,10,D,PD,AK,F
10:13:29,PTBA,RG,3680,2,D,XL,AK,F
10:13:29,PTBA,RG,3680,1,D,YP,AK,F
10:13:29,PTBA,RG,3680,10,D,CC,AK,F
10:13:29,PTBA,RG,3680,3,D,XC,AK,F
10:13:29,PTBA,RG,3680,5,D,XA,AK,F
10:13:29,PTBA,RG,3680,1,D,PD,AK,F
10:13:29,PTBA,RG,3680,1,D,XC,AK,F
10:13:29,PTBA,RG,3680,1,D,PD,AK,F
10:13:29,PTBA,RG,3680,9,D,XL,AK,F
10:13:29,PTBA,RG,3680,50,D,YP,AK,F
10:13:29,PTBA,RG,3680,5,D,XL,AK,F
10:13:29,PTBA,RG,3680,1,D,PD,AK,F
10:13:29,PTBA,RG,3680,10,D,SQ,AK,F
10:13:29,PTBA,RG,3680,30,D,XC,AK,F
10:13:29,PTBA,RG,3680,1,D,EP,AK,F
10:13:29,PTBA,RG,3680,1,D,PD,AK,F
10:13:29,PTBA,RG,3680,1,D,KK,AK,F
10:13:29,PTBA,RG,3680,1,D,YP,AK,F
10:13:29,PTBA,RG,3680,1,D,XC,AK,F
10:13:29,PTBA,RG,3680,13,D,GR,AK,F
10:13:28,PTBA,RG,3680,10,D,GR,OD,D
10:13:19,PTBA,RG,3690,2,D,CC,AK,F
10:12:51,PTBA,RG,3690,5,D,OD,AK,F
10:12:24,PTBA,RG,3690,10,D,XL,AK,F
10:11:56,PTBA,RG,3690,2,D,YP,AK,F
10:11:01,PTBA,RG,3680,24,D,GR,BK,F
10:10:59,PTBA,RG,3680,3,D,GR,YP,D
10:10:59,PTBA,RG,3680,7,D,CC,YP,D
10:10:59,PTBA,RG,3680,5,D,CC,YP,D
10:10:59,PTBA,RG,3680,6,D,ZP,YP,D
10:10:59,PTBA,RG,3680,1,D,XL,YP,D
10:10:59,PTBA,RG,3680,1,D,YP,YP,D
10:10:59,PTBA,RG,3680,5,D,PD,YP,D
10:10:59,PTBA,RG,3680,6,D,XC,YP,D
10:10:59,PTBA,RG,3680,6,D,CC,YP,D
10:09:28,PTBA,RG,3680,12,D,CC,BK,F
10:09:28,PTBA,RG,3680,30,D,CC,PD,D
10:08:02,PTBA,RG,3690,1,D,XL,AK,F
10:08:01,PTBA,RG,3690,24,D,XC,AK,F
10:07:12,PTBA,RG,3680,10,D,CC,YP,D
10:07:07,PTBA,RG,3680,18,D,CC,BK,F
10:07:01,PTBA,RG,3680,19,D,CC,BK,F
10:06:57,PTBA,RG,3680,5,D,CC,DR,D
10:06:57,PTBA,RG,3680,50,D,PD,DR,D
10:06:57,PTBA,RG,3680,2,F,CS,DR,D
10:06:57,PTBA,RG,3680,3,D,CC,DR,D
10:06:57,PTBA,RG,3680,2,D,XC,DR,D
10:06:57,PTBA,RG,3680,1,D,EP,DR,D
10:06:57,PTBA,RG,3680,1,D,XC,DR,D
10:06:57,PTBA,RG,3680,37,D,XL,DR,D
10:06:17,PTBA,RG,3690,1,D,PD,AK,F
10:05:44,PTBA,RG,3680,1,D,XL,KZ,F
10:05:40,PTBA,RG,3680,11,D,XL,BK,F
10:05:40,PTBA,RG,3680,2,D,GR,BK,F
10:05:36,PTBA,RG,3680,3,D,GR,BK,F
10:05:36,PTBA,RG,3680,20,D,NI,BK,F
10:05:36,PTBA,RG,3680,5,F,CS,BK,F
10:05:36,PTBA,RG,3680,6,D,XL,BK,F
10:05:35,PTBA,RG,3680,39,D,XL,EP,D
10:05:35,PTBA,RG,3680,1,D,PD,EP,D
10:05:35,PTBA,RG,3680,2,D,PD,EP,D
10:05:35,PTBA,RG,3680,1,D,NI,EP,D
10:05:35,PTBA,RG,3680,10,D,XL,EP,D
10:05:35,PTBA,RG,3680,1,D,YP,EP,D
10:05:35,PTBA,RG,3680,2,D,CC,EP,D
10:05:35,PTBA,RG,3680,144,D,NI,EP,D
10:04:32,PTBA,RG,3680,2,D,NI,KZ,F
10:04:26,PTBA,RG,3680,3,D,NI,KZ,F
10:04:21,PTBA,RG,3680,14,D,NI,BK,F
10:04:20,PTBA,RG,3680,6,D,NI,KZ,F
10:04:16,PTBA,RG,3680,11,D,NI,BK,F
10:04:11,PTBA,RG,3680,13,D,NI,KZ,F
10:04:11,PTBA,RG,3680,21,D,NI,BK,F
10:04:07,PTBA,RG,3680,86,D,NI,BK,F
10:04:07,PTBA,RG,3680,1,D,NI,BK,F
10:04:07,PTBA,RG,3680,2,D,DR,BK,F
10:04:07,PTBA,RG,3680,5,D,CC,BK,F
10:04:07,PTBA,RG,3680,5,D,NI,BK,F
10:04:05,PTBA,RG,3680,9,D,NI,KZ,F
10:04:05,PTBA,RG,3680,3,D,NI,KZ,F
10:04:05,PTBA,RG,3680,4,D,NI,KZ,F
10:04:05,PTBA,RG,3680,9,D,NI,AK,F
10:04:05,PTBA,RG,3680,5,D,YP,AK,F
10:04:05,PTBA,RG,3680,5,D,AZ,AK,F
10:04:05,PTBA,RG,3680,13,D,CC,AK,F
10:04:05,PTBA,RG,3680,2,D,PD,AK,F
10:04:05,PTBA,RG,3680,2,D,PD,AK,F
10:04:05,PTBA,RG,3680,2,D,CC,AK,F
10:04:05,PTBA,RG,3680,1,D,PD,AK,F
10:04:05,PTBA,RG,3680,5,D,NI,AK,F
10:04:05,PTBA,RG,3680,9,D,PD,AK,F
10:04:05,PTBA,RG,3680,10,D,PD,KZ,F
10:04:05,PTBA,RG,3680,111,D,PD,AK,F
10:04:05,PTBA,RG,3680,15,F,CS,AK,F
10:04:05,PTBA,RG,3680,3,D,XL,AK,F
10:04:05,PTBA,RG,3680,1,D,XL,AK,F
10:04:05,PTBA,RG,3680,18,D,XC,AK,F
10:04:05,PTBA,RG,3680,2,D,YP,AK,F
10:04:05,PTBA,RG,3680,3,D,XC,AK,F
10:04:05,PTBA,RG,3680,1,D,PD,AK,F
10:04:05,PTBA,RG,3680,1,D,DH,AK,F
10:04:05,PTBA,RG,3680,3,D,CC,AK,F
10:04:05,PTBA,RG,3680,10,D,YP,AK,F
10:04:05,PTBA,RG,3680,4,D,XC,AK,F
10:04:05,PTBA,RG,3680,1,D,CC,AK,F
10:04:05,PTBA,RG,3680,14,F,CS,AK,F
10:04:05,PTBA,RG,3680,5,D,CC,AK,F
10:04:05,PTBA,RG,3680,12,F,CS,AK,F
10:04:05,PTBA,RG,3680,6,F,CS,AK,F
10:04:05,PTBA,RG,3680,2,D,XC,AK,F
10:04:05,PTBA,RG,3680,1,D,XC,AK,F
10:04:05,PTBA,RG,3680,7,D,SQ,AK,F
10:04:05,PTBA,RG,3680,6,F,CS,AK,F
10:04:05,PTBA,RG,3680,8,D,CC,AK,F
10:04:05,PTBA,RG,3680,5,D,NI,AK,F
10:04:05,PTBA,RG,3680,5,F,CS,AK,F
10:04:05,PTBA,RG,3680,1,D,XC,AK,F
10:04:05,PTBA,RG,3680,50,D,XL,AK,F
10:04:05,PTBA,RG,3680,2,D,CC,AK,F
10:04:05,PTBA,RG,3680,25,D,BQ,AK,F
10:04:05,PTBA,RG,3680,6,D,XC,AK,F
10:04:05,PTBA,RG,3680,1,D,XC,AK,F
10:04:05,PTBA,RG,3680,52,F,AK,AK,F
10:03:48,PTBA,RG,3690,1,D,CC,AK,F
10:03:43,PTBA,RG,3680,4,F,AK,KZ,F
10:03:43,PTBA,RG,3680,18,F,AK,BK,F
10:03:38,PTBA,RG,3680,57,F,AK,CC,D
10:03:32,PTBA,RG,3680,14,F,AK,BK,F
10:03:29,PTBA,RG,3680,50,F,AK,BK,F
10:03:28,PTBA,RG,3680,24,F,AK,KZ,F
10:03:26,PTBA,RG,3680,3,F,AK,KZ,F
10:03:26,PTBA,RG,3680,108,F,AK,OD,D
10:03:26,PTBA,RG,3680,5,D,DH,OD,D
10:03:26,PTBA,RG,3680,20,D,YP,OD,D
10:03:26,PTBA,RG,3680,4,D,CC,OD,D
10:03:26,PTBA,RG,3680,5,D,KK,OD,D
10:03:26,PTBA,RG,3680,64,D,DH,OD,D
10:03:09,PTBA,RG,3680,11,D,DH,BK,F
10:03:07,PTBA,RG,3680,17,D,DH,KZ,F
10:03:06,PTBA,RG,3680,77,D,DH,CC,D
10:03:05,PTBA,RG,3690,2,D,PD,AK,F
10:02:44,PTBA,RG,3680,2,D,DH,XC,D
10:02:12,PTBA,RG,3680,3,D,DH,KZ,F
10:02:12,PTBA,RG,3680,19,D,DH,BK,F
10:02:09,PTBA,RG,3690,5,D,YP,AK,F
10:00:29,PTBA,RG,3690,10,D,CC,AK,F
10:00:14,PTBA,RG,3690,1,D,PD,AK,F
10:00:03,PTBA,RG,3680,25,D,DH,XL,D
09:59:59,PTBA,RG,3680,1,D,DH,KZ,F
09:59:59,PTBA,RG,3690,3,D,PD,AK,F
09:59:35,PTBA,RG,3680,1,D,DH,KZ,F
09:59:35,PTBA,RG,3680,12,D,DH,BK,F
09:59:29,PTBA,RG,3690,1,D,LG,AK,F
09:59:19,PTBA,RG,3680,2,D,DH,KZ,F
09:59:19,PTBA,RG,3680,3,D,DH,KZ,F
09:59:16,PTBA,RG,3680,1,D,DH,KZ,F
09:59:16,PTBA,RG,3680,1,D,DH,KZ,F
09:59:16,PTBA,RG,3680,1,D,DH,KZ,F
09:59:16,PTBA,RG,3680,1,D,DH,KZ,F
09:59:16,PTBA,RG,3680,2,D,DH,KZ,F
09:59:16,PTBA,RG,3680,8,D,DH,KZ,F
09:58:17,PTBA,RG,3680,1,D,DH,PD,D
09:58:13,PTBA,RG,3680,1,D,DH,XC,D
09:58:06,PTBA,RG,3680,65,D,DH,NI,D
09:57:50,PTBA,RG,3680,24,D,DH,BK,F
09:57:48,PTBA,RG,3680,12,D,DH,YP,D
09:57:13,PTBA,RG,3680,28,D,DH,KZ,F
09:56:59,PTBA,RG,3680,1,D,DH,PD,D
09:56:58,PTBA,RG,3680,1,D,DH,KZ,F
09:56:51,PTBA,RG,3680,12,D,DH,BK,F
09:56:49,PTBA,RG,3680,14,D,DH,KZ,F
09:56:48,PTBA,RG,3680,7,D,DH,KZ,F
09:56:48,PTBA,RG,3680,1,D,DH,PD,D
09:56:45,PTBA,RG,3680,12,D,DH,BK,F
09:56:40,PTBA,RG,3680,22,D,DH,BK,F
09:56:36,PTBA,RG,3690,25,D,CD,AK,F
09:56:36,PTBA,RG,3690,1,D,CD,XL,D
09:56:36,PTBA,RG,3690,15,D,CD,YP,D
09:56:36,PTBA,RG,3690,2,D,CD,XC,D
09:56:36,PTBA,RG,3690,1,D,CD,EP,D
09:56:36,PTBA,RG,3690,206,D,CD,YP,D
09:56:23,PTBA,RG,3680,13,D,DH,PD,D
09:55:30,PTBA,RG,3680,35,D,DH,AK,F
09:55:30,PTBA,RG,3680,10,D,PD,AK,F
09:55:30,PTBA,RG,3680,1,D,XC,AK,F
09:55:30,PTBA,RG,3680,5,D,GR,AK,F
09:55:30,PTBA,RG,3680,1,D,PD,AK,F
09:55:30,PTBA,RG,3680,1,D,PD,AK,F
09:55:30,PTBA,RG,3680,1,D,NI,AK,F
09:55:30,PTBA,RG,3680,2,D,XL,AK,F
09:55:30,PTBA,RG,3680,1,D,KK,AK,F
09:55:30,PTBA,RG,3680,1,D,PD,AK,F
09:55:30,PTBA,RG,3680,133,D,MG,AK,F
09:55:19,PTBA,RG,3680,1,D,MG,KZ,F
09:55:16,PTBA,RG,3680,1,D,MG,KZ,F
09:55:15,PTBA,RG,3680,1,D,MG,KZ,F
09:55:15,PTBA,RG,3680,2,D,MG,KZ,F
09:55:15,PTBA,RG,3680,12,D,MG,AK,F
09:54:51,PTBA,RG,3690,1,D,OD,YP,D
09:54:44,PTBA,RG,3690,2,D,NI,YP,D
09:54:40,PTBA,RG,3690,6,D,YP,YP,D
09:54:02,PTBA,RG,3690,1,D,XC,YP,D
09:53:37,PTBA,RG,3690,26,F,CS,YP,D
09:51:58,PTBA,RG,3680,7,D,MG,KZ,F
09:51:58,PTBA,RG,3680,1,D,MG,KZ,F
09:51:58,PTBA,RG,3690,3,D,XC,YP,D
09:51:45,PTBA,RG,3690,5,D,CC,YP,D
09:51:27,PTBA,RG,3680,5,D,MG,AK,F
09:51:05,PTBA,RG,3690,1,D,YP,YP,D
09:50:31,PTBA,RG,3690,3,D,PD,YP,D
09:48:33,PTBA,RG,3690,1,D,XC,YP,D
09:48:14,PTBA,RG,3690,2,D,PD,YP,D
09:48:12,PTBA,RG,3680,5,D,MG,CC,D
09:48:07,PTBA,RG,3680,2,D,MG,KZ,F
09:48:07,PTBA,RG,3680,4,D,MG,KZ,F
09:48:05,PTBA,RG,3680,2,D,MG,KZ,F
09:48:05,PTBA,RG,3680,3,D,MG,KZ,F
09:48:05,PTBA,RG,3680,4,D,MG,KZ,F
09:48:05,PTBA,RG,3680,1,D,MG,KZ,F
09:48:05,PTBA,RG,3680,1,D,MG,KZ,F
09:48:05,PTBA,RG,3680,55,D,MG,YP,D
09:47:28,PTBA,RG,3680,8,D,MG,KZ,F
09:47:27,PTBA,RG,3690,1,D,OD,YP,D
09:46:45,PTBA,RG,3690,42,D,CC,YP,D
09:46:45,PTBA,RG,3690,2,D,CC,XL,D
09:46:45,PTBA,RG,3690,31,D,CC,LG,D
09:46:06,PTBA,RG,3680,2,D,MG,PD,D
09:45:44,PTBA,RG,3690,2,D,XC,LG,D
09:45:41,PTBA,RG,3690,2,D,YP,LG,D
09:45:34,PTBA,RG,3680,1,D,MG,KZ,F
09:44:59,PTBA,RG,3690,8,D,YP,LG,D
09:44:58,PTBA,RG,3680,1,D,MG,KZ,F
09:44:35,PTBA,RG,3690,10,D,PD,LG,D
09:44:06,PTBA,RG,3690,7,F,CS,LG,D
09:44:06,PTBA,RG,3690,9,F,CS,DH,D
09:43:51,PTBA,RG,3680,33,D,MG,XL,D
09:43:26,PTBA,RG,3690,1,D,YP,DH,D
09:43:21,PTBA,RG,3690,3,D,SQ,DH,D
09:43:19,PTBA,RG,3680,1,D,MG,KZ,F
09:42:40,PTBA,RG,3690,30,D,XL,DH,D
09:42:37,PTBA,RG,3690,1,D,YP,DH,D
09:41:07,PTBA,RG,3680,2,D,MG,KZ,F
09:40:46,PTBA,RG,3680,3,D,MG,KZ,F
09:40:25,PTBA,RG,3680,1,D,MG,CC,D
09:40:11,PTBA,RG,3680,1,D,MG,XL,D
09:40:10,PTBA,RG,3680,1,D,MG,KZ,F
09:39:43,PTBA,RG,3690,20,D,CC,DH,D
09:39:43,PTBA,RG,3680,28,D,MG,KZ,F
09:39:35,PTBA,RG,3690,1,D,NI,DH,D
09:38:31,PTBA,RG,3690,16,F,CS,DH,D
09:38:31,PTBA,RG,3690,19,D,CD,DH,D
09:38:31,PTBA,RG,3690,6,D,CD,XC,D
09:38:31,PTBA,RG,3690,4,D,CD,CC,D
09:38:31,PTBA,RG,3690,169,D,CD,AK,F
09:38:31,PTBA,RG,3690,50,D,CD,CC,F
09:38:31,PTBA,RG,3690,5,D,CD,CC,D
09:38:31,PTBA,RG,3690,35,D,CD,KK,D
09:38:31,PTBA,RG,3690,1,D,CD,PD,D
09:38:31,PTBA,RG,3690,2,D,CD,NI,D
09:38:31,PTBA,RG,3690,5,D,CD,KZ,F
09:38:31,PTBA,RG,3690,147,D,CD,AK,F
09:38:31,PTBA,RG,3690,5,D,CD,KK,D
09:38:31,PTBA,RG,3690,1,D,CD,YP,D
09:38:31,PTBA,RG,3690,6,D,CD,BK,F
09:38:31,PTBA,RG,3690,20,D,CD,KZ,F
09:38:31,PTBA,RG,3690,10,D,CD,KZ,F
09:38:31,PTBA,RG,3690,15,D,CD,OD,D
09:38:31,PTBA,RG,3680,1,D,MG,KZ,F
09:38:29,PTBA,RG,3690,2,D,XL,OD,D
09:38:22,PTBA,RG,3680,1,D,MG,YP,D
09:38:10,PTBA,RG,3680,1,D,MG,KZ,F
09:37:41,PTBA,RG,3690,5,D,PD,OD,D
09:37:34,PTBA,RG,3680,1,D,MG,KZ,F
09:37:10,PTBA,RG,3690,5,D,NI,OD,D
09:36:17,PTBA,RG,3690,2,D,AZ,OD,D
09:35:58,PTBA,RG,3680,8,D,MG,KZ,F
09:35:23,PTBA,RG,3680,80,D,MG,LG,D
09:35:16,PTBA,RG,3680,1,D,MG,KZ,F
09:35:13,PTBA,RG,3690,1,D,XC,OD,D
09:34:55,PTBA,RG,3680,1,D,MG,KZ,F
09:34:31,PTBA,RG,3680,1,D,MG,LG,D
09:34:31,PTBA,RG,3680,2,D,MG,KZ,F
09:34:22,PTBA,RG,3680,1,D,MG,KZ,F
09:33:54,PTBA,RG,3680,15,D,MG,NI,D
09:33:45,PTBA,RG,3680,1,D,MG,PD,D
09:33:37,PTBA,RG,3680,6,D,MG,KZ,F
09:33:07,PTBA,RG,3680,1,D,MG,NI,D
09:33:02,PTBA,RG,3680,55,D,MG,XL,D
09:32:46,PTBA,RG,3690,3,D,PD,OD,D
09:32:46,PTBA,RG,3680,2,D,MG,XL,D
09:32:07,PTBA,RG,3680,1,D,XC,KZ,F
09:31:04,PTBA,RG,3680,1,D,XC,PD,D
09:31:04,PTBA,RG,3680,1,D,XC,KZ,F
09:30:47,PTBA,RG,3690,10,D,YP,OD,D
09:30:40,PTBA,RG,3680,2,D,XC,PD,D
09:30:40,PTBA,RG,3680,3,D,YP,PD,D
09:30:28,PTBA,RG,3680,1,D,PD,PD,D
09:30:28,PTBA,RG,3680,4,F,CS,PD,D
09:30:22,PTBA,RG,3680,3,F,CS,NI,D
09:30:12,PTBA,RG,3690,1,D,PD,OD,D
09:30:06,PTBA,RG,3690,23,F,CS,OD,D
09:29:48,PTBA,RG,3690,2,D,LS,OD,D
09:29:44,PTBA,RG,3690,1,D,PD,OD,D
09:29:42,PTBA,RG,3690,1,D,XC,OD,D
09:29:15,PTBA,RG,3690,1,D,PD,OD,D
09:29:11,PTBA,RG,3690,4,D,PD,OD,D
09:29:11,PTBA,RG,3690,15,D,PD,OD,D
09:29:11,PTBA,RG,3690,2,D,PD,KZ,F
09:29:11,PTBA,RG,3690,12,D,PD,BK,F
09:28:50,PTBA,RG,3680,1,F,CS,YP,D
09:28:46,PTBA,RG,3690,27,D,XA,BK,F
09:28:16,PTBA,RG,3680,1,F,CS,KZ,F
09:28:16,PTBA,RG,3680,17,D,CC,KZ,F
09:28:00,PTBA,RG,3690,1,D,NI,BK,F
09:27:55,PTBA,RG,3680,7,D,CC,KZ,F
09:27:38,PTBA,RG,3690,3,D,YP,BK,F
09:27:35,PTBA,RG,3690,1,D,YP,BK,F
09:27:35,PTBA,RG,3690,20,D,LS,BK,F
09:27:20,PTBA,RG,3690,5,D,PD,BK,F
09:27:20,PTBA,RG,3680,28,D,CC,XL,D
09:26:19,PTBA,RG,3680,8,D,CC,KZ,F
09:26:16,PTBA,RG,3690,30,D,EP,BK,F
09:26:01,PTBA,RG,3680,11,D,CC,KZ,F
09:24:56,PTBA,RG,3680,1,D,CC,PD,D
09:24:48,PTBA,RG,3680,1,D,CC,PD,D
09:24:33,PTBA,RG,3690,1,D,NI,BK,F
09:24:29,PTBA,RG,3690,28,D,XC,BK,F
09:24:25,PTBA,RG,3680,1,D,CC,KZ,F
09:24:25,PTBA,RG,3680,7,D,XC,KZ,F
09:24:06,PTBA,RG,3690,6,D,OD,BK,F
09:24:04,PTBA,RG,3680,5,D,XC,KZ,F
09:24:04,PTBA,RG,3680,1,D,XL,KZ,F
09:24:04,PTBA,RG,3680,1,D,OD,KZ,F
09:23:44,PTBA,RG,3690,12,D,XL,BK,F
09:23:44,PTBA,RG,3690,8,D,XL,AK,F
09:23:29,PTBA,RG,3680,4,D,OD,YP,D
09:23:29,PTBA,RG,3680,5,D,PD,YP,D
09:23:29,PTBA,RG,3680,15,D,XA,YP,D
09:23:29,PTBA,RG,3680,25,D,PD,YP,D
09:23:29,PTBA,RG,3680,38,D,ZP,YP,D
09:23:15,PTBA,RG,3680,1,D,ZP,KZ,F
09:23:15,PTBA,RG,3690,1,D,EP,AK,F
09:22:55,PTBA,RG,3680,1,D,ZP,KZ,F
09:22:55,PTBA,RG,3680,1,D,ZP,KZ,F
09:22:38,PTBA,RG,3690,25,D,CC,AK,F
09:22:02,PTBA,RG,3690,4,D,YU,AK,F
09:21:47,PTBA,RG,3690,1,D,PD,AK,F
09:21:38,PTBA,RG,3690,3,D,XC,AK,F
09:21:30,PTBA,RG,3690,10,D,NI,AK,F
09:21:13,PTBA,RG,3690,2,D,XC,AK,F
09:20:50,PTBA,RG,3690,2,D,YP,AK,F
09:20:41,PTBA,RG,3690,3,D,PD,AK,F
09:19:40,PTBA,RG,3680,2,D,ZP,PD,D
09:19:36,PTBA,RG,3690,2,D,PD,AK,F
09:19:21,PTBA,RG,3690,3,D,NI,AK,F
09:19:05,PTBA,RG,3690,1,D,DH,AK,F
09:18:47,PTBA,RG,3690,5,D,XL,AK,F
09:18:05,PTBA,RG,3690,267,D,CC,AK,F
09:18:05,PTBA,RG,3690,22,D,CC,KZ,F
09:18:05,PTBA,RG,3690,1,D,CC,KZ,F
09:18:05,PTBA,RG,3690,17,D,CC,KZ,F
09:18:05,PTBA,RG,3690,5,D,CC,KZ,F
09:18:05,PTBA,RG,3690,1,D,CC,KZ,F
09:18:05,PTBA,RG,3690,2,D,CC,KZ,F
09:18:05,PTBA,RG,3690,185,D,CC,NI,D
09:17:58,PTBA,RG,3680,1,D,ZP,KZ,F
09:17:50,PTBA,RG,3690,135,D,PD,NI,D
09:17:12,PTBA,RG,3690,1,D,PD,NI,D
09:17:10,PTBA,RG,3690,1,D,PD,NI,D
09:16:31,PTBA,RG,3680,12,D,ZP,EP,D
09:16:29,PTBA,RG,3690,1,D,NI,NI,D
09:16:19,PTBA,RG,3690,1,D,NI,NI,D
09:15:31,PTBA,RG,3690,4,D,XC,NI,D
09:15:18,PTBA,RG,3690,18,F,CS,NI,D
09:15:18,PTBA,RG,3690,5,D,NI,NI,D
09:15:18,PTBA,RG,3690,1,D,XC,NI,D
09:15:18,PTBA,RG,3690,2,D,CC,NI,D
09:15:18,PTBA,RG,3690,5,D,NI,NI,D
09:15:18,PTBA,RG,3690,5,D,XA,NI,D
09:15:18,PTBA,RG,3690,5,D,LG,NI,D
09:15:18,PTBA,RG,3690,2,D,SQ,NI,D
09:15:18,PTBA,RG,3690,50,D,YP,NI,D
09:15:18,PTBA,RG,3690,2,D,XL,NI,D
09:15:18,PTBA,RG,3690,1,F,CS,NI,D
09:15:18,PTBA,RG,3690,11,F,CS,NI,D
09:15:18,PTBA,RG,3690,30,D,PD,NI,D
09:15:18,PTBA,RG,3690,4,D,XC,NI,D
09:15:18,PTBA,RG,3690,10,D,GR,NI,D
09:15:18,PTBA,RG,3700,1,D,XC,KK,D
09:14:49,PTBA,RG,3690,1,D,GR,CC,D
09:13:42,PTBA,RG,3690,9,D,GR,NI,D
09:13:42,PTBA,RG,3690,10,D,PD,NI,D
09:13:42,PTBA,RG,3690,31,F,AK,NI,D
09:13:26,PTBA,RG,3700,1,D,NI,KK,D
09:13:10,PTBA,RG,3690,3,F,AK,AK,F
09:13:10,PTBA,RG,3690,7,F,AK,AK,F
09:13:10,PTBA,RG,3690,13,F,AK,XC,D
09:13:10,PTBA,RG,3690,6,F,CS,XC,D
09:13:10,PTBA,RG,3690,6,D,YU,XC,D
09:12:02,PTBA,RG,3690,3,D,YU,KZ,F
09:12:01,PTBA,RG,3690,1,D,CC,KZ,F
09:12:01,PTBA,RG,3690,3,D,CC,NI,D
09:11:59,PTBA,RG,3690,1,F,CS,NI,D
09:11:51,PTBA,RG,3690,1,D,YP,NI,D
09:11:49,PTBA,RG,3690,6,D,BQ,NI,D
09:11:49,PTBA,RG,3690,1,D,BQ,KZ,F
09:11:49,PTBA,RG,3690,2,D,BQ,KZ,F
09:11:49,PTBA,RG,3690,2,D,BQ,KK,D
09:11:45,PTBA,RG,3690,2,F,CS,KK,D
09:11:45,PTBA,RG,3690,30,D,CC,KK,D
09:11:29,PTBA,RG,3690,2,D,XC,KK,D
09:11:07,PTBA,RG,3690,2,F,CS,KK,D
09:10:59,PTBA,RG,3690,10,D,YU,KK,D
09:10:48,PTBA,RG,3690,2,F,CS,KK,D
09:10:32,PTBA,RG,3690,8,F,AK,KZ,F
09:10:32,PTBA,RG,3690,2,F,AK,KZ,F
09:10:32,PTBA,RG,3690,3,F,AK,KZ,F
09:10:32,PTBA,RG,3690,10,F,AK,OD,D
09:10:32,PTBA,RG,3690,31,F,AK,KZ,F
09:10:32,PTBA,RG,3690,46,F,AK,KZ,F
09:10:26,PTBA,RG,3680,1,D,ZP,PD,D
09:10:25,PTBA,RG,3690,1,D,XC,KZ,F
09:10:22,PTBA,RG,3690,1,D,XL,KZ,F
09:10:22,PTBA,RG,3690,2,D,XL,KZ,F
09:10:14,PTBA,RG,3690,2,D,YP,KZ,F
09:10:14,PTBA,RG,3690,23,D,YP,AK,F
09:10:13,PTBA,RG,3690,5,F,CS,AK,F
09:09:38,PTBA,RG,3690,1,D,XL,AK,F
09:09:27,PTBA,RG,3690,50,D,PD,AK,F
09:09:23,PTBA,RG,3690,1,D,PD,AK,F
09:09:21,PTBA,RG,3690,23,D,YP,AK,F
09:09:13,PTBA,RG,3690,30,F,CS,AK,F
09:09:13,PTBA,RG,3690,47,D,MG,AK,F
09:09:13,PTBA,RG,3690,4,D,MG,KZ,F
09:09:13,PTBA,RG,3690,283,D,MG,YP,D
09:09:13,PTBA,RG,3690,1,D,MG,KZ,F
09:09:13,PTBA,RG,3690,3,D,MG,NI,D
09:09:13,PTBA,RG,3690,10,D,MG,KZ,F
09:09:13,PTBA,RG,3690,256,D,MG,AK,F
09:09:13,PTBA,RG,3690,26,D,MG,KZ,F
09:09:13,PTBA,RG,3690,370,D,MG,ZP,D
09:08:56,PTBA,RG,3690,1,D,XC,ZP,D
09:08:56,PTBA,RG,3690,50,D,YJ,ZP,D
09:08:46,PTBA,RG,3690,27,D,YP,ZP,D
09:07:40,PTBA,RG,3690,1,D,XC,ZP,D
09:07:22,PTBA,RG,3680,2,D,ZP,KZ,F
09:07:10,PTBA,RG,3680,7,D,ZP,XL,D
09:07:06,PTBA,RG,3680,1,D,ZP,KZ,F
09:07:06,PTBA,RG,3680,40,D,ZP,EP,D
09:06:56,PTBA,RG,3690,1,D,PD,ZP,D
09:06:45,PTBA,RG,3690,14,D,PG,ZP,D
09:05:57,PTBA,RG,3680,1,D,ZP,PD,D
09:05:50,PTBA,RG,3680,3,D,ZP,XC,D
09:05:09,PTBA,RG,3680,10,D,ZP,XC,D
09:04:01,PTBA,RG,3680,23,D,ZP,KZ,F
09:04:00,PTBA,RG,3680,1,D,ZP,KZ,F
09:04:00,PTBA,RG,3680,1,D,ZP,KZ,F
09:04:00,PTBA,RG,3680,2,D,ZP,NI,D
09:03:40,PTBA,RG,3680,1,D,ZP,XC,D
09:03:11,PTBA,RG,3680,15,D,ZP,XC,D
09:02:54,PTBA,RG,3680,3,D,ZP,XL,D
09:02:10,PTBA,RG,3690,2,D,PD,ZP,D
09:02:02,PTBA,RG,3690,10,D,XC,ZP,D
09:01:52,PTBA,RG,3680,5,D,ZP,PD,D
09:01:35,PTBA,RG,3690,4,F,CS,ZP,D
09:01:35,PTBA,RG,3690,3,F,CS,ZP,D
09:01:34,PTBA,RG,3690,5,F,CS,ZP,D
09:01:34,PTBA,RG,3690,3,D,OD,ZP,D
09:01:34,PTBA,RG,3690,1,D,YP,ZP,D
09:01:34,PTBA,RG,3690,6,D,MK,ZP,D
09:01:34,PTBA,RG,3690,2,F,CS,ZP,D
09:01:02,PTBA,RG,3700,7,D,GR,KK,D
09:00:52,PTBA,RG,3690,12,D,GR,AK,F
09:00:47,PTBA,RG,3690,3,D,GR,CC,F
09:00:42,PTBA,RG,3690,2,F,CS,CC,F
09:00:27,PTBA,RG,3690,1,D,XC,AK,F
09:00:22,PTBA,RG,3690,4,D,XL,AK,F
09:00:16,PTBA,RG,3690,1,F,CS,KZ,F
09:00:16,PTBA,RG,3680,5,D,ZP,KZ,F
09:00:16,PTBA,RG,3680,10,D,ZP,KZ,F
09:00:16,PTBA,RG,3680,12,D,ZP,KZ,F
09:00:16,PTBA,RG,3680,1,D,ZP,PD,D
09:00:06,PTBA,RG,3670,12,D,ZP,XC,D
09:00:05,PTBA,RG,3670,49,D,ZP,AK,F
09:00:05,PTBA,RG,3670,5,D,NI,AK,F
09:00:05,PTBA,RG,3670,124,D,AI,AK,F
09:00:01,PTBA,RG,3690,1,F,CS,KZ,F
09:00:00,PTBA,RG,3700,137,F,ZP,KK,D
09:00:00,PTBA,RG,3700,2,F,ZP,DR,D
09:00:00,PTBA,RG,3690,10,F,ZP,XL,D
09:00:00,PTBA,RG,3690,40,F,ZP,EP,D
09:00:00,PTBA,RG,3690,3,F,ZP,XL,D
09:00:00,PTBA,RG,3690,1,F,ZP,AT,D
09:00:00,PTBA,RG,3690,1,F,ZP,PD,D
09:00:00,PTBA,RG,3690,1,F,ZP,YP,D
09:00:00,PTBA,RG,3690,2,F,ZP,XC,D
09:00:00,PTBA,RG,3690,2,F,ZP,DR,D
09:00:00,PTBA,RG,3680,1,F,ZP,PD,D
08:59:00,PTBA,RG,3670,2,D,AI,YP,D
08:59:00,PTBA,RG,3670,83,D,AI,CC,D
08:59:00,PTBA,RG,3670,1,D,AI,OD,D
08:59:00,PTBA,RG,3670,5,D,AI,YP,D
08:59:00,PTBA,RG,3670,1,D,AI,PD,D
08:59:00,PTBA,RG,3670,50,D,AI,YP,D
08:59:00,PTBA,RG,3670,30,D,AI,YP,D
08:59:00,PTBA,RG,3670,3,D,AI,PD,D
08:59:00,PTBA,RG,3670,1,D,AI,XC,D
08:59:00,PTBA,RG,3670,2,D,YU,XC,D
08:59:00,PTBA,RG,3670,1,D,YU,XC,D
08:59:00,PTBA,RG,3670,7,D,YU,BK,F
08:59:00,PTBA,RG,3670,3,D,YP,BK,F
08:59:00,PTBA,RG,3670,2,D,NI,BK,F
08:59:00,PTBA,RG,3670,4,D,NI,BK,F
08:59:00,PTBA,RG,3670,2,D,NI,KZ,F
08:59:00,PTBA,RG,3670,3,D,NI,KZ,F
08:59:00,PTBA,RG,3670,4,D,NI,KZ,F
08:59:00,PTBA,RG,3670,3,D,XL,KZ,F
08:59:00,PTBA,RG,3670,1,D,YP,KZ,F
08:59:00,PTBA,RG,3670,8,F,CS,KZ,F
