Time,Stock,Brd,Price,Qty,BT,BC,SC,ST
15:14:05,PTBA,RG,3980,3,D,XC,OD,D
15:13:59,PTBA,RG,3980,18,D,YP,OD,D
15:13:28,PTBA,RG,3980,2,D,PD,OD,D
15:13:07,PTBA,RG,3980,88,D,YP,OD,D
15:12:48,PTBA,RG,3980,3,D,DR,OD,D
15:12:30,PTBA,RG,3980,1,D,CC,OD,D
15:11:42,PTBA,RG,3980,6,D,EP,OD,D
15:11:29,PTBA,RG,3980,1,D,XL,OD,D
15:11:21,PTBA,RG,3980,76,D,AK,OD,D
15:11:21,PTBA,RG,3980,2,D,AK,XC,D
15:11:21,PTBA,RG,3980,34,D,AK,PD,D
15:11:21,PTBA,RG,3980,6,D,AK,YP,D
15:11:21,PTBA,RG,3980,3,D,AK,PD,D
15:11:21,PTBA,RG,3980,20,D,AK,YP,D
15:11:21,PTBA,RG,3980,10,D,AK,XC,D
15:11:21,PTBA,RG,3980,3,D,AK,CC,D
15:11:21,PTBA,RG,3980,1001,D,AK,GR,D
15:10:57,PTBA,RG,3980,20,D,XL,GR,D
15:10:38,PTBA,RG,3980,5,D,YP,GR,D
15:10:21,PTBA,RG,3980,1000,D,EP,GR,D
15:08:03,PTBA,RG,3980,1,D,DR,GR,D
15:07:48,PTBA,RG,3980,14,D,GR,GR,D
15:07:35,PTBA,RG,3980,6,D,PD,GR,D
15:07:16,PTBA,RG,3980,10,D,YP,GR,D
15:07:14,PTBA,RG,3980,39,D,XC,GR,D
15:07:00,PTBA,RG,3980,10,D,PD,GR,D
15:06:34,PTBA,RG,3980,150,D,YP,GR,D
15:06:23,PTBA,RG,3980,253,D,XC,GR,D
15:05:44,PTBA,RG,3980,1,D,PD,GR,D
15:05:42,PTBA,RG,3980,2,D,SQ,GR,D
15:05:38,PTBA,RG,3980,1,D,PD,GR,D
15:05:35,PTBA,RG,3980,1,D,GR,GR,D
15:05:34,PTBA,RG,3980,1,D,XC,GR,D
15:05:26,PTBA,RG,3980,4,D,YP,GR,D
15:05:24,PTBA,RG,3980,5,D,XL,GR,D
15:05:19,PTBA,RG,3980,2,D,NI,GR,D
15:05:14,PTBA,RG,3980,2,D,PD,GR,D
15:05:07,PTBA,RG,3980,10,D,EP,GR,D
15:05:01,PTBA,RG,3980,38,D,YP,GR,D
15:05:01,PTBA,RG,3980,12,D,YP,YP,D
15:04:11,PTBA,RG,3980,50,D,YB,YP,D
15:04:08,PTBA,RG,3980,1,D,PD,YP,D
15:03:28,PTBA,RG,3980,3,D,YP,YP,D
15:03:25,PTBA,RG,3980,4,D,XC,YP,D
15:03:17,PTBA,RG,3980,1,D,YP,YP,D
15:02:58,PTBA,RG,3980,4,D,EP,YP,D
15:02:45,PTBA,RG,3980,3,D,XC,YP,D
15:02:44,PTBA,RG,3980,20,D,ID,YP,D
15:02:35,PTBA,RG,3980,5,D,NI,YP,D
15:02:35,PTBA,RG,3980,1,D,PD,YP,D
15:02:25,PTBA,RG,3980,1,D,XC,YP,D
15:02:24,PTBA,RG,3980,200,D,NI,YP,D
15:02:02,PTBA,RG,3980,60,D,PD,YP,D
15:02:01,PTBA,RG,3980,1,D,YP,YP,D
15:01:28,PTBA,RG,3980,10,D,DR,YP,D
15:01:24,PTBA,RG,3980,2,D,PD,YP,D
15:01:09,PTBA,RG,3980,1,D,YP,YP,D
15:00:00,PTBA,RG,3980,1,D,YB,YP,D
15:00:00,PTBA,RG,3980,620,F,CS,YP,D
15:00:00,PTBA,RG,3980,14,F,CS,OD,D
15:00:00,PTBA,RG,3980,2,F,CS,XC,D
15:00:00,PTBA,RG,3980,2,D,YP,XC,D
15:00:00,PTBA,RG,3980,1,D,CC,XC,D
15:00:00,PTBA,RG,3980,1,D,CC,PD,D
15:00:00,PTBA,RG,3980,8,D,CC,PD,D
15:00:00,PTBA,RG,3980,12,D,CC,CC,D
15:00:00,PTBA,RG,3980,50,D,CC,YP,D
15:00:00,PTBA,RG,3980,928,D,CC,OD,D
15:00:00,PTBA,RG,3980,12,D,OD,OD,D
15:00:00,PTBA,RG,3980,2,D,NI,OD,D
15:00:00,PTBA,RG,3980,5,D,AT,OD,D
15:00:00,PTBA,RG,3980,10,D,EP,OD,D
15:00:00,PTBA,RG,3980,10,D,CD,OD,D
15:00:00,PTBA,RG,3980,30,D,PD,OD,D
15:00:00,PTBA,RG,3980,3,D,LG,OD,D
15:00:00,PTBA,RG,3980,400,D,DR,CC,D
15:00:00,PTBA,RG,3980,5,D,DR,CC,D
15:00:00,PTBA,RG,3980,31,D,DR,CC,D
15:00:00,PTBA,RG,3980,1,D,OD,CC,D
15:00:00,PTBA,RG,3980,1,D,BQ,CC,D
15:00:00,PTBA,RG,3980,8,D,YP,CC,D
15:00:00,PTBA,RG,3980,9,D,ZP,CC,D
15:00:00,PTBA,RG,3980,11,D,ZP,CC,D
15:00:00,PTBA,RG,3980,30,D,YU,CC,D
15:00:00,PTBA,RG,3980,20,D,PD,CC,D
15:00:00,PTBA,RG,3980,3,D,XC,CC,D
15:00:00,PTBA,RG,3980,34,F,DX,CC,D
15:00:00,PTBA,RG,3980,2,F,DX,CC,D
15:00:00,PTBA,RG,3980,9,F,DX,PD,D
15:00:00,PTBA,RG,3980,1,F,DX,PD,D
15:00:00,PTBA,RG,3980,28,F,DX,NI,D
15:00:00,PTBA,RG,3980,2,F,DX,NI,D
15:00:00,PTBA,RG,3980,5,F,DX,KK,D
15:00:00,PTBA,RG,3980,3,F,DX,CC,D
15:00:00,PTBA,RG,3980,8,F,DX,GR,D
15:00:00,PTBA,RG,3980,42,F,DX,YP,D
15:00:00,PTBA,RG,3980,59,F,DX,KK,D
15:00:00,PTBA,RG,3980,91,F,DX,KK,D
15:00:00,PTBA,RG,3980,5,F,DX,PD,D
15:00:00,PTBA,RG,3980,26,F,DX,DH,D
15:00:00,PTBA,RG,3980,15,F,DX,CC,D
15:00:00,PTBA,RG,3980,10,F,DX,YP,D
15:00:00,PTBA,RG,3980,3,F,DX,PD,D
15:00:00,PTBA,RG,3980,28,F,DX,CC,D
15:00:00,PTBA,RG,3980,32,F,ZP,CC,D
15:00:00,PTBA,RG,3980,22,F,ZP,CC,D
15:00:00,PTBA,RG,3980,3,F,ZP,YP,D
15:00:00,PTBA,RG,3980,1,F,ZP,NI,D
15:00:00,PTBA,RG,3980,1,F,ZP,OD,D
15:00:00,PTBA,RG,3980,3,F,ZP,XL,D
15:00:00,PTBA,RG,3980,1,F,ZP,YP,D
15:00:00,PTBA,RG,3980,24,F,ZP,YP,D
15:00:00,PTBA,RG,3980,150,F,ZP,MG,D
15:00:00,PTBA,RG,3980,200,F,ZP,MU,D
15:00:00,PTBA,RG,3980,50,F,ZP,PD,D
15:00:00,PTBA,RG,3980,15,F,ZP,YP,D
15:00:00,PTBA,RG,3980,1,F,ZP,OD,D
15:00:00,PTBA,RG,3980,4,F,ZP,YP,D
15:00:00,PTBA,RG,3980,206,F,ZP,YP,D
15:00:00,PTBA,RG,3980,428,F,BK,YP,D
15:00:00,PTBA,RG,3980,10,F,BK,SQ,D
15:00:00,PTBA,RG,3980,2,F,BK,XL,D
15:00:00,PTBA,RG,3980,101,F,BK,KK,D
15:00:00,PTBA,RG,3980,1,F,BK,KK,D
15:00:00,PTBA,RG,3980,198,F,BK,KK,D
15:00:00,PTBA,RG,3980,23,F,BK,LG,D
15:00:00,PTBA,RG,3980,3,F,BK,SQ,D
15:00:00,PTBA,RG,3980,67,F,BK,YP,D
15:00:00,PTBA,RG,3980,233,F,ZP,YP,D
15:00:00,PTBA,RG,3980,2,F,ZP,OD,D
15:00:00,PTBA,RG,3980,1,F,ZP,PD,D
15:00:00,PTBA,RG,3980,2,F,ZP,GR,D
15:00:00,PTBA,RG,3980,40,F,ZP,EP,D
15:00:00,PTBA,RG,3980,1,F,ZP,PD,D
15:00:00,PTBA,RG,3980,1,F,ZP,YP,D
15:00:00,PTBA,RG,3980,5,F,ZP,OD,D
15:00:00,PTBA,RG,3980,42,F,ZP,PD,D
15:00:00,PTBA,RG,3980,751,F,ZP,OD,D
15:00:00,PTBA,RG,3980,751,F,ZP,OD,D
15:00:00,PTBA,RG,3980,30,F,ZP,YU,D
15:00:00,PTBA,RG,3980,127,F,ZP,OD,D
15:00:00,PTBA,RG,3980,78,F,CS,OD,D
15:00:00,PTBA,RG,3980,2,D,KZ,OD,D
15:00:00,PTBA,RG,3980,8,F,AK,OD,D
15:00:00,PTBA,RG,3980,264,F,AK,OD,D
15:00:00,PTBA,RG,3980,7,F,AK,NI,D
15:00:00,PTBA,RG,3980,1,F,AK,YP,D
15:00:00,PTBA,RG,3980,1,F,AK,NI,D
15:00:00,PTBA,RG,3980,1,F,AK,PD,D
15:00:00,PTBA,RG,3980,50,F,AK,SQ,D
15:00:00,PTBA,RG,3980,50,F,AK,SQ,D
15:00:00,PTBA,RG,3980,200,F,AK,AG,D
15:00:00,PTBA,RG,3980,14,F,AK,XC,D
15:00:00,PTBA,RG,3980,1,F,AK,XC,D
15:00:00,PTBA,RG,3980,131,F,AK,YU,D
15:00:00,PTBA,RG,3980,130,F,AK,KK,D
15:00:00,PTBA,RG,3980,52,F,AK,KK,D
15:00:00,PTBA,RG,3980,121,F,AK,KK,D
15:00:00,PTBA,RG,3980,6,F,AK,YP,D
15:00:00,PTBA,RG,3980,14,F,AK,YP,D
15:00:00,PTBA,RG,3980,150,F,AK,PD,D
15:00:00,PTBA,RG,3980,130,F,AK,KK,D
15:00:00,PTBA,RG,3980,94,D,BB,KK,D
15:00:00,PTBA,RG,3980,26,D,BB,KK,D
15:00:00,PTBA,RG,3980,10,D,BB,KK,D
15:00:00,PTBA,RG,3980,5,D,BB,CC,D
15:00:00,PTBA,RG,3980,3,D,BB,EP,D
15:00:00,PTBA,RG,3980,1,D,BB,PD,D
15:00:00,PTBA,RG,3980,10,D,BB,ZP,D
15:00:00,PTBA,RG,3980,1,D,BB,XA,D
15:00:00,PTBA,RG,3980,3,D,BB,DR,D
15:00:00,PTBA,RG,3980,20,D,BB,KK,D
15:00:00,PTBA,RG,3980,3,D,BB,YU,D
15:00:00,PTBA,RG,3980,2,D,BB,BK,F
15:00:00,PTBA,RG,3980,1,D,DP,BK,F
15:00:00,PTBA,RG,3980,16,D,DP,BB,D
14:49:56,PTBA,RG,3970,19,F,AK,OD,D
14:49:56,PTBA,RG,3970,11,F,AK,OD,D
14:49:56,PTBA,RG,3970,5,F,AK,OD,D
14:49:56,PTBA,RG,3970,16,F,DX,OD,D
14:49:53,PTBA,RG,3970,22,F,DX,OD,D
14:49:53,PTBA,RG,3970,22,F,BK,OD,D
14:49:52,PTBA,RG,3960,1,D,HP,PD,D
14:49:51,PTBA,RG,3970,7,F,AK,OD,D
14:49:51,PTBA,RG,3970,19,F,AK,OD,D
14:49:51,PTBA,RG,3970,91,F,AK,OD,D
14:49:51,PTBA,RG,3970,60,F,AK,OD,D
14:49:51,PTBA,RG,3970,47,F,AK,OD,D
14:49:51,PTBA,RG,3970,704,D,XL,OD,D
14:49:51,PTBA,RG,3970,216,D,XL,OD,D
14:49:45,PTBA,RG,3970,10,D,AK,OD,D
14:49:43,PTBA,RG,3960,5,D,HP,PD,D
14:49:32,PTBA,RG,3970,18,F,DX,OD,D
14:49:30,PTBA,RG,3970,16,D,AK,OD,D
14:49:28,PTBA,RG,3970,24,F,DX,OD,D
14:49:24,PTBA,RG,3970,3,D,DH,OD,D
14:49:18,PTBA,RG,3960,10,D,HP,SQ,D
14:49:15,PTBA,RG,3970,157,D,AK,OD,D
14:49:12,PTBA,RG,3970,20,F,DX,OD,D
14:49:11,PTBA,RG,3970,280,F,AK,OD,D
14:49:11,PTBA,RG,3970,7,F,AK,OD,D
14:49:11,PTBA,RG,3970,3,F,AK,XC,D
14:49:11,PTBA,RG,3970,32,F,AK,CC,D
14:49:11,PTBA,RG,3970,24,F,DX,CC,D
14:48:59,PTBA,RG,3970,6,D,AK,CC,D
14:48:58,PTBA,RG,3970,15,F,DX,CC,D
14:48:57,PTBA,RG,3970,29,D,AK,CC,D
14:48:57,PTBA,RG,3970,11,D,AK,CC,D
14:48:56,PTBA,RG,3970,24,F,DX,CC,D
14:48:56,PTBA,RG,3970,70,F,AK,CC,D
14:48:53,PTBA,RG,3970,103,D,AK,CC,D
14:48:53,PTBA,RG,3970,86,D,AK,CC,D
14:48:53,PTBA,RG,3970,10,D,AK,CC,D
14:48:53,PTBA,RG,3960,112,D,HP,CC,D
14:48:53,PTBA,RG,3960,90,D,CC,CC,D
14:48:53,PTBA,RG,3960,2,D,YP,CC,D
14:48:53,PTBA,RG,3960,50,F,BK,CC,D
14:48:53,PTBA,RG,3960,65,D,YP,CC,D
14:48:53,PTBA,RG,3960,1,D,OD,CC,D
14:48:53,PTBA,RG,3960,5,D,DR,CC,D
14:48:53,PTBA,RG,3960,2,D,PD,CC,D
14:48:53,PTBA,RG,3960,5,D,YP,CC,D
14:48:53,PTBA,RG,3960,30,D,CC,CC,D
14:48:53,PTBA,RG,3960,101,D,CC,CC,D
14:48:52,PTBA,RG,3970,36,D,AK,CC,D
14:48:52,PTBA,RG,3970,49,D,AK,CC,D
14:48:51,PTBA,RG,3970,200,D,DR,CC,D
14:48:40,PTBA,RG,3970,30,D,AK,CC,D
14:48:40,PTBA,RG,3970,69,F,DX,CC,D
14:48:39,PTBA,RG,3970,1,D,AK,CC,D
14:48:38,PTBA,RG,3960,3,D,CC,PD,D
14:48:34,PTBA,RG,3970,2,D,AK,CC,D
14:48:33,PTBA,RG,3970,3,D,XC,CC,D
14:48:29,PTBA,RG,3970,60,D,AK,CC,D
14:48:29,PTBA,RG,3970,88,F,DX,CC,D
14:48:28,PTBA,RG,3970,3,D,DH,CC,D
14:48:28,PTBA,RG,3970,50,D,NI,CC,D
14:48:25,PTBA,RG,3970,1,D,AK,CC,D
14:48:24,PTBA,RG,3970,2,D,CC,CC,D
14:48:14,PTBA,RG,3970,11,D,AK,CC,D
14:48:13,PTBA,RG,3970,5,D,NI,CC,D
14:48:13,PTBA,RG,3970,20,F,BK,CC,D
14:48:12,PTBA,RG,3970,131,D,AK,CC,D
14:48:12,PTBA,RG,3970,38,F,DX,CC,D
14:48:11,PTBA,RG,3970,268,F,AK,CC,D
14:47:57,PTBA,RG,3970,10,D,AK,CC,D
14:47:56,PTBA,RG,3970,24,F,DX,CC,D
14:47:54,PTBA,RG,3970,3,D,AK,CC,D
14:47:54,PTBA,RG,3960,8,D,CC,YP,D
14:47:42,PTBA,RG,3970,86,D,AK,CC,D
14:47:41,PTBA,RG,3970,199,F,AK,CC,D
14:47:39,PTBA,RG,3970,1,D,YU,CC,D
14:47:34,PTBA,RG,3970,1,D,AK,CC,D
14:47:34,PTBA,RG,3970,1,D,XL,CC,D
14:47:26,PTBA,RG,3970,48,D,AK,CC,D
14:47:26,PTBA,RG,3970,109,F,AK,CC,D
14:47:26,PTBA,RG,3960,3,D,CC,PD,D
14:47:10,PTBA,RG,3970,1,D,PD,CC,D
14:47:08,PTBA,RG,3970,1,D,YU,CC,D
14:47:08,PTBA,RG,3970,3,D,AK,CC,D
14:47:07,PTBA,RG,3960,5,D,GR,XC,D
14:47:07,PTBA,RG,3960,2,D,YP,XC,D
14:47:01,PTBA,RG,3970,1,D,AK,CC,D
14:47:00,PTBA,RG,3970,3,D,AK,CC,D
14:47:00,PTBA,RG,3970,1,D,AK,CC,D
14:47:00,PTBA,RG,3970,10,D,SQ,CC,D
14:46:49,PTBA,RG,3970,257,D,AK,CC,D
14:46:49,PTBA,RG,3970,1,D,XC,CC,D
14:46:48,PTBA,RG,3970,600,D,NI,CC,D
14:46:48,PTBA,RG,3970,8,D,AK,CC,D
14:46:47,PTBA,RG,3960,17,D,YP,BK,F
14:46:47,PTBA,RG,3970,2,D,AK,CC,D
14:46:46,PTBA,RG,3970,5,D,YP,CC,D
14:46:45,PTBA,RG,3970,6,D,AK,CC,D
14:46:44,PTBA,RG,3960,14,D,YP,CC,D
14:46:44,PTBA,RG,3960,1,D,YP,CC,D
14:46:44,PTBA,RG,3970,3,D,AK,CC,D
14:46:43,PTBA,RG,3960,1,D,YP,NI,D
14:46:43,PTBA,RG,3960,1,D,CC,NI,D
14:46:43,PTBA,RG,3960,5,D,XL,NI,D
14:46:35,PTBA,RG,3970,37,D,AK,CC,D
14:46:34,PTBA,RG,3970,10,D,EP,CC,D
14:46:34,PTBA,RG,3970,5,D,MU,CC,D
14:46:34,PTBA,RG,3970,70,D,PD,CC,D
14:46:34,PTBA,RG,3970,16,D,NI,CC,D
14:46:34,PTBA,RG,3970,50,D,CC,CC,D
14:46:34,PTBA,RG,3970,24,D,AK,CC,D
14:46:34,PTBA,RG,3970,10,D,GR,CC,D
14:46:34,PTBA,RG,3970,5,D,PD,CC,D
14:46:34,PTBA,RG,3970,100,D,NI,CC,D
14:46:34,PTBA,RG,3970,2,D,GR,CC,D
14:46:34,PTBA,RG,3970,118,D,AK,CC,D
14:46:34,PTBA,RG,3970,10,D,PD,CC,D
14:46:34,PTBA,RG,3970,49,D,SQ,CC,D
14:46:34,PTBA,RG,3970,80,F,BK,CC,D
14:46:34,PTBA,RG,3970,10,F,BK,KK,D
14:46:32,PTBA,RG,3980,1,D,YP,OD,D
14:46:18,PTBA,RG,3980,2,D,AK,OD,D
14:46:18,PTBA,RG,3970,5,F,BK,PD,D
14:46:14,PTBA,RG,3980,24,D,AK,OD,D
14:46:14,PTBA,RG,3970,14,F,BK,KK,D
14:46:14,PTBA,RG,3970,2,F,BK,KK,D
14:46:14,PTBA,RG,3970,34,D,HD,KK,D
14:46:13,PTBA,RG,3970,4,D,HD,PD,D
14:46:10,PTBA,RG,3980,2,D,AK,OD,D
14:46:09,PTBA,RG,3970,5,D,HD,BK,F
14:46:05,PTBA,RG,3980,10,D,AK,OD,D
14:46:04,PTBA,RG,3980,23,F,BK,OD,D
14:46:00,PTBA,RG,3980,2,F,BK,OD,D
14:45:55,PTBA,RG,3980,3,D,AK,OD,D
14:45:55,PTBA,RG,3970,6,D,HD,YB,D
14:45:50,PTBA,RG,3980,10,D,AK,OD,D
14:45:50,PTBA,RG,3970,24,D,HD,YP,D
14:45:45,PTBA,RG,3980,11,D,AK,OD,D
14:45:45,PTBA,RG,3980,25,D,CC,OD,D
14:45:41,PTBA,RG,3980,1,D,XC,OD,D
14:45:40,PTBA,RG,3980,10,D,AK,OD,D
14:45:40,PTBA,RG,3970,22,D,HD,YP,D
14:45:16,PTBA,RG,3980,2,D,AK,OD,D
14:45:16,PTBA,RG,3970,3,F,AK,PD,D
14:45:16,PTBA,RG,3970,2,F,AK,PD,D
14:45:10,PTBA,RG,3980,4,D,AK,OD,D
14:45:10,PTBA,RG,3980,9,D,XC,OD,D
14:44:56,PTBA,RG,3980,10,D,AK,OD,D
14:44:56,PTBA,RG,3980,23,F,BK,OD,D
14:44:49,PTBA,RG,3970,1,F,AK,XL,D
14:44:45,PTBA,RG,3980,1,D,AK,OD,D
14:44:45,PTBA,RG,3980,2,D,XL,OD,D
14:44:30,PTBA,RG,3980,20,D,AK,OD,D
14:44:30,PTBA,RG,3980,85,D,AK,OD,D
14:44:30,PTBA,RG,3980,8,D,AK,PD,D
14:44:30,PTBA,RG,3980,47,D,AK,PD,D
14:44:30,PTBA,RG,3980,120,D,CC,PD,D
14:44:30,PTBA,RG,3980,253,D,CC,OD,D
14:44:17,PTBA,RG,3980,10,D,AK,OD,D
14:44:16,PTBA,RG,3980,23,F,BK,OD,D
14:44:14,PTBA,RG,3980,16,D,AK,OD,D
14:44:13,PTBA,RG,3970,1,F,BK,PD,D
14:44:13,PTBA,RG,3970,1,F,BK,BK,F
14:44:13,PTBA,RG,3970,17,F,BK,PD,D
14:44:13,PTBA,RG,3970,19,F,BK,CC,D
14:44:12,PTBA,RG,3970,71,D,AK,CC,D
14:44:12,PTBA,RG,3970,17,D,AK,XA,D
14:44:12,PTBA,RG,3970,23,D,AK,XA,D
14:44:12,PTBA,RG,3970,3,D,AK,YP,D
14:44:12,PTBA,RG,3970,55,D,AK,XC,D
14:44:12,PTBA,RG,3970,5,D,AK,AZ,D
14:44:12,PTBA,RG,3970,25,D,AK,PD,D
14:44:12,PTBA,RG,3970,79,D,AK,KK,D
14:44:12,PTBA,RG,3970,1,D,AK,RO,D
14:44:12,PTBA,RG,3970,1,D,AK,BK,F
14:44:12,PTBA,RG,3970,2,D,AK,PD,D
14:44:12,PTBA,RG,3970,20,D,AK,CC,D
14:44:12,PTBA,RG,3970,150,D,AK,KK,D
14:44:12,PTBA,RG,3970,10,D,AK,XL,D
14:44:12,PTBA,RG,3970,15,D,AK,EP,D
14:44:12,PTBA,RG,3970,6,D,AK,XL,D
14:44:12,PTBA,RG,3970,10,D,AK,GR,D
14:44:12,PTBA,RG,3970,3,D,AK,CC,D
14:44:11,PTBA,RG,3970,27,F,AK,CC,D
14:44:11,PTBA,RG,3970,148,F,AK,CC,D
14:44:11,PTBA,RG,3970,983,F,AK,XL,D
14:44:00,PTBA,RG,3970,1,D,AK,XL,D
14:44:00,PTBA,RG,3970,1,D,CC,XL,D
14:43:55,PTBA,RG,3970,14,D,AK,XL,D
14:43:54,PTBA,RG,3960,4,D,XL,CC,D
14:43:54,PTBA,RG,3960,11,D,XL,CC,D
14:43:54,PTBA,RG,3960,18,D,YP,CC,D
14:43:50,PTBA,RG,3970,1,D,YP,XL,D
14:43:49,PTBA,RG,3970,6,D,AK,XL,D
14:43:49,PTBA,RG,3960,12,D,YP,BK,F
14:43:49,PTBA,RG,3960,1,D,KK,BK,F
14:43:45,PTBA,RG,3970,2,D,AK,XL,D
14:43:44,PTBA,RG,3970,5,D,PD,XL,D
14:43:42,PTBA,RG,3970,1,D,AK,XL,D
14:43:41,PTBA,RG,3960,3,D,KK,DH,D
14:43:30,PTBA,RG,3970,17,D,AK,XL,D
14:43:30,PTBA,RG,3970,32,F,AK,XL,D
14:43:30,PTBA,RG,3970,8,D,PD,XL,D
14:43:28,PTBA,RG,3970,9,D,AK,XL,D
14:43:28,PTBA,RG,3970,20,F,BK,XL,D
14:43:26,PTBA,RG,3970,11,D,AK,XL,D
14:43:25,PTBA,RG,3970,2,F,BK,XL,D
14:43:25,PTBA,RG,3970,24,F,BK,XL,D
14:43:22,PTBA,RG,3970,214,D,AK,XL,D
14:43:22,PTBA,RG,3970,500,D,NI,XL,D
14:43:05,PTBA,RG,3970,38,D,AK,XL,D
14:43:04,PTBA,RG,3970,87,F,AK,XL,D
14:42:59,PTBA,RG,3970,9,D,AK,XL,D
14:42:59,PTBA,RG,3970,21,F,BK,XL,D
14:42:57,PTBA,RG,3970,1,D,PD,XL,D
14:42:57,PTBA,RG,3970,147,D,AK,XL,D
14:42:56,PTBA,RG,3970,343,F,AK,XL,D
14:42:54,PTBA,RG,3970,1,D,AK,XL,D
14:42:53,PTBA,RG,3970,3,D,XC,XL,D
14:42:53,PTBA,RG,3970,24,D,AK,XL,D
14:42:53,PTBA,RG,3970,16,F,AK,XL,D
14:42:53,PTBA,RG,3960,6,D,KK,CC,D
14:42:53,PTBA,RG,3960,10,D,YP,CC,D
14:42:53,PTBA,RG,3960,22,D,OD,CC,D
14:42:40,PTBA,RG,3970,1,D,XL,XL,D
14:42:04,PTBA,RG,3970,10,D,AK,XL,D
14:42:04,PTBA,RG,3970,23,F,BK,XL,D
14:42:01,PTBA,RG,3960,1,D,OD,YP,D
14:42:00,PTBA,RG,3970,23,D,AK,XL,D
14:42:00,PTBA,RG,3970,26,D,AK,YP,D
14:42:00,PTBA,RG,3970,15,D,AK,PD,D
14:42:00,PTBA,RG,3970,66,D,AK,SQ,D
14:42:00,PTBA,RG,3970,134,D,CC,SQ,D
14:42:00,PTBA,RG,3970,1,D,CC,BK,F
14:42:00,PTBA,RG,3970,100,D,CC,PD,D
14:42:00,PTBA,RG,3970,9,D,CC,YP,D
14:42:00,PTBA,RG,3970,50,D,CC,GR,D
14:42:00,PTBA,RG,3970,8,D,CC,YP,D
14:41:33,PTBA,RG,3970,1,D,YP,YP,D
14:41:19,PTBA,RG,3970,1,D,AK,YP,D
14:41:18,PTBA,RG,3970,1,D,PD,YP,D
14:41:17,PTBA,RG,3970,1,D,PD,YP,D
14:41:16,PTBA,RG,3970,1,D,AK,YP,D
14:41:16,PTBA,RG,3970,3,D,OD,YP,D
14:41:14,PTBA,RG,3970,11,D,AK,YP,D
14:41:13,PTBA,RG,3970,25,D,CP,YP,D
14:41:09,PTBA,RG,3970,1,D,AK,YP,D
14:41:09,PTBA,RG,3970,2,D,PD,YP,D
14:41:09,PTBA,RG,3970,26,D,AK,YP,D
14:41:08,PTBA,RG,3970,19,D,YP,YP,D
14:41:08,PTBA,RG,3970,1,D,YP,CC,D
14:41:08,PTBA,RG,3970,6,D,YP,XL,D
14:41:08,PTBA,RG,3970,28,D,YP,GR,D
14:41:08,PTBA,RG,3970,2,D,YP,BK,F
14:41:08,PTBA,RG,3970,4,D,YP,CC,D
14:40:49,PTBA,RG,3970,10,D,AK,CC,D
14:40:48,PTBA,RG,3970,25,D,CP,CC,D
14:40:45,PTBA,RG,3970,2,D,AK,CC,D
14:40:44,PTBA,RG,3970,3,D,PD,CC,D
14:40:43,PTBA,RG,3970,1,D,NI,CC,D
14:40:38,PTBA,RG,3970,9,D,AK,CC,D
14:40:38,PTBA,RG,3970,20,F,BK,CC,D
14:40:37,PTBA,RG,3970,2,D,PD,CC,D
14:40:37,PTBA,RG,3970,3,D,AK,CC,D
14:40:36,PTBA,RG,3970,5,D,NI,CC,D
14:40:34,PTBA,RG,3960,1,D,OD,XC,D
14:40:33,PTBA,RG,3970,21,D,AK,CC,D
14:40:33,PTBA,RG,3970,15,F,AK,CC,D
14:40:33,PTBA,RG,3970,35,F,BK,CC,D
14:40:32,PTBA,RG,3970,303,D,AK,CC,D
14:40:31,PTBA,RG,3970,7,F,AK,CC,D
14:40:31,PTBA,RG,3960,1,D,OD,EP,D
14:40:31,PTBA,RG,3960,5,D,YP,EP,D
14:40:31,PTBA,RG,3960,1,D,PD,EP,D
14:40:31,PTBA,RG,3960,50,D,YP,EP,D
14:40:31,PTBA,RG,3960,10,D,DH,EP,D
14:40:31,PTBA,RG,3960,1,D,MK,EP,D
14:40:31,PTBA,RG,3960,1,D,PD,EP,D
14:40:31,PTBA,RG,3960,3,D,GR,EP,D
14:40:31,PTBA,RG,3960,2,D,PD,EP,D
14:40:31,PTBA,RG,3960,300,D,DH,EP,D
14:40:31,PTBA,RG,3960,10,D,YP,EP,D
14:40:31,PTBA,RG,3960,166,D,YP,EP,D
14:40:31,PTBA,RG,3960,150,D,GR,EP,D
14:40:17,PTBA,RG,3970,5,D,AK,CC,D
14:40:16,PTBA,RG,3970,10,D,PD,CC,D
14:40:16,PTBA,RG,3970,1,D,AK,CC,D
14:40:16,PTBA,RG,3970,1,D,PD,CC,D
14:40:15,PTBA,RG,3970,1,D,PD,CC,D
14:39:33,PTBA,RG,3970,1,D,XC,CC,D
14:39:12,PTBA,RG,3970,48,D,AK,CC,D
14:39:12,PTBA,RG,3970,111,F,DX,CC,D
14:39:08,PTBA,RG,3970,9,D,AK,CC,D
14:39:07,PTBA,RG,3970,22,F,BK,CC,D
14:39:06,PTBA,RG,3970,381,D,AK,CC,D
14:39:05,PTBA,RG,3970,606,D,GR,CC,D
14:39:05,PTBA,RG,3970,4,D,GR,XC,D
14:39:05,PTBA,RG,3970,5,D,GR,YP,D
14:39:05,PTBA,RG,3970,19,D,GR,YP,D
14:39:05,PTBA,RG,3970,1,D,GR,BK,F
14:39:05,PTBA,RG,3970,20,D,GR,BQ,D
14:39:05,PTBA,RG,3970,4,D,GR,XC,D
14:39:05,PTBA,RG,3970,91,D,GR,CC,D
14:39:05,PTBA,RG,3970,3,D,GR,XC,D
14:39:05,PTBA,RG,3970,135,D,GR,CC,D
14:39:05,PTBA,RG,3970,4,D,AK,CC,D
14:39:05,PTBA,RG,3970,10,D,MG,CC,D
14:39:05,PTBA,RG,3970,1,D,XC,CC,D
14:39:02,PTBA,RG,3970,43,D,AK,CC,D
14:39:02,PTBA,RG,3970,100,D,HD,CC,D
14:39:00,PTBA,RG,3970,207,D,AK,CC,D
14:38:59,PTBA,RG,3970,398,D,CC,CC,D
14:38:59,PTBA,RG,3970,85,D,CC,XL,D
14:38:52,PTBA,RG,3970,1,D,AK,XL,D
14:38:51,PTBA,RG,3970,3,D,KK,XL,D
14:38:51,PTBA,RG,3970,1,D,AK,XL,D
14:38:50,PTBA,RG,3970,2,D,CC,XL,D
14:38:45,PTBA,RG,3970,1,D,AK,XL,D
14:38:45,PTBA,RG,3970,33,D,AK,XL,D
14:38:45,PTBA,RG,3970,1,D,AK,XL,D
14:38:45,PTBA,RG,3970,81,F,DX,XL,D
14:38:38,PTBA,RG,3970,4,D,AK,XL,D
14:38:38,PTBA,RG,3960,10,D,GR,PD,D
14:38:35,PTBA,RG,3970,5,D,AK,XL,D
14:38:35,PTBA,RG,3970,10,D,HP,XL,D
14:38:34,PTBA,RG,3970,2,D,AK,XL,D
14:38:34,PTBA,RG,3970,6,D,XC,XL,D
14:38:24,PTBA,RG,3970,10,D,AK,XL,D
14:38:24,PTBA,RG,3970,24,F,BK,XL,D
14:38:22,PTBA,RG,3970,1,D,AK,XL,D
14:38:21,PTBA,RG,3970,1,D,PD,XL,D
14:38:14,PTBA,RG,3970,93,D,AK,XL,D
14:38:13,PTBA,RG,3970,218,F,DX,XL,D
14:38:09,PTBA,RG,3970,724,D,AK,XL,D
14:38:08,PTBA,RG,3970,1225,D,GR,XL,D
14:38:08,PTBA,RG,3970,30,D,GR,CC,D
14:38:08,PTBA,RG,3970,5,D,GR,XL,D
14:38:08,PTBA,RG,3970,5,D,GR,PD,D
14:38:08,PTBA,RG,3970,10,D,GR,XA,D
14:38:08,PTBA,RG,3970,10,D,GR,YP,D
14:38:08,PTBA,RG,3970,403,D,GR,CC,D
14:38:05,PTBA,RG,3970,214,D,AK,CC,D
14:38:04,PTBA,RG,3970,500,D,CP,CC,D
14:37:58,PTBA,RG,3960,1,D,GR,PD,D
14:37:54,PTBA,RG,3970,1,D,AK,CC,D
14:37:54,PTBA,RG,3960,1,D,GR,LG,D
14:37:47,PTBA,RG,3970,1,D,AK,CC,D
14:37:46,PTBA,RG,3970,2,D,PD,CC,D
14:37:45,PTBA,RG,3970,21,D,AK,CC,D
14:37:44,PTBA,RG,3970,50,D,KK,CC,D
14:37:37,PTBA,RG,3970,1,D,AK,CC,D
14:37:36,PTBA,RG,3960,1,D,GR,XC,D
14:37:33,PTBA,RG,3970,40,D,AK,CC,D
14:37:32,PTBA,RG,3960,95,D,GR,CC,D
14:37:22,PTBA,RG,3970,8,D,AK,CC,D
14:37:22,PTBA,RG,3960,17,D,GR,LG,D
14:37:09,PTBA,RG,3970,21,D,AK,CC,D
14:37:08,PTBA,RG,3970,50,D,NI,CC,D
14:36:50,PTBA,RG,3970,1,D,AK,CC,D
14:36:50,PTBA,RG,3970,3,D,PD,CC,D
14:36:36,PTBA,RG,3970,1,D,AK,CC,D
14:36:35,PTBA,RG,3970,1,D,PD,CC,D
14:36:29,PTBA,RG,3970,73,D,AK,CC,D
14:36:28,PTBA,RG,3970,171,F,DX,CC,D
14:36:22,PTBA,RG,3970,180,D,AK,CC,D
14:36:21,PTBA,RG,3970,420,D,YP,CC,D
14:36:03,PTBA,RG,3970,11,D,AK,CC,D
14:36:03,PTBA,RG,3960,25,D,GR,XL,D
14:36:03,PTBA,RG,3960,1,D,CC,XL,D
14:35:52,PTBA,RG,3970,1,D,AK,CC,D
14:35:51,PTBA,RG,3960,2,D,CC,NI,D
14:35:26,PTBA,RG,3970,1,D,AZ,CC,D
14:35:23,PTBA,RG,3970,1,D,AK,CC,D
14:35:23,PTBA,RG,3970,1,D,XL,CC,D
14:35:20,PTBA,RG,3970,3,D,AK,CC,D
14:35:20,PTBA,RG,3970,7,D,PD,CC,D
14:35:15,PTBA,RG,3970,68,D,AK,CC,D
14:35:14,PTBA,RG,3970,4,F,AK,CC,D
14:35:14,PTBA,RG,3970,156,F,AK,CC,D
14:35:05,PTBA,RG,3970,1,D,AK,CC,D
14:35:05,PTBA,RG,3970,1,D,YP,CC,D
14:35:01,PTBA,RG,3970,1,D,AK,CC,D
14:35:00,PTBA,RG,3970,2,D,XC,CC,D
14:34:56,PTBA,RG,3970,24,D,AK,CC,D
14:34:56,PTBA,RG,3970,56,F,BK,CC,D
14:34:55,PTBA,RG,3980,10,D,AK,OD,D
14:34:55,PTBA,RG,3980,163,D,AK,OD,D
14:34:55,PTBA,RG,3980,24,D,AK,OD,D
14:34:55,PTBA,RG,3970,12,D,AK,PD,D
14:34:55,PTBA,RG,3970,10,D,CC,PD,D
14:34:55,PTBA,RG,3970,5,D,YP,PD,D
14:34:55,PTBA,RG,3970,2,D,PD,PD,D
14:34:55,PTBA,RG,3970,313,D,CC,PD,D
14:34:55,PTBA,RG,3970,1,D,YP,PD,D
14:34:55,PTBA,RG,3970,2,D,XL,PD,D
14:34:55,PTBA,RG,3970,30,D,PD,PD,D
14:34:55,PTBA,RG,3970,2,D,YP,PD,D
14:34:55,PTBA,RG,3970,3,D,EP,PD,D
14:34:55,PTBA,RG,3970,10,D,YP,PD,D
14:34:55,PTBA,RG,3970,16,F,DX,PD,D
14:34:55,PTBA,RG,3970,10,D,YP,PD,D
14:34:55,PTBA,RG,3970,10,D,KK,PD,D
14:34:55,PTBA,RG,3970,2,F,BK,PD,D
14:34:55,PTBA,RG,3970,72,D,AT,PD,D
14:34:53,PTBA,RG,3970,1,D,AT,YP,D
14:34:52,PTBA,RG,3980,252,D,AK,OD,D
14:34:52,PTBA,RG,3980,10,D,AK,BK,F
14:34:52,PTBA,RG,3980,61,D,AK,OD,D
14:34:51,PTBA,RG,3970,224,D,AK,CC,D
14:34:51,PTBA,RG,3970,27,F,AK,CC,D
14:34:51,PTBA,RG,3970,15,D,GR,CC,D
14:34:51,PTBA,RG,3970,309,F,AK,CC,D
14:34:51,PTBA,RG,3970,4,D,PD,CC,D
14:34:51,PTBA,RG,3970,150,D,CC,CC,D
14:34:51,PTBA,RG,3970,30,D,KK,CC,D
14:34:51,PTBA,RG,3970,1,D,YP,CC,D
14:34:51,PTBA,RG,3970,5,D,XC,CC,D
14:34:51,PTBA,RG,3970,1,D,CC,CC,D
14:34:51,PTBA,RG,3970,1,D,DH,CC,D
14:34:51,PTBA,RG,3970,8,D,EP,CC,D
14:34:51,PTBA,RG,3970,75,D,YP,CC,D
14:34:51,PTBA,RG,3970,4,F,BK,CC,D
14:34:51,PTBA,RG,3970,1,D,PD,CC,D
14:34:51,PTBA,RG,3970,2,D,YP,CC,D
14:34:51,PTBA,RG,3970,45,F,BK,CC,D
14:34:51,PTBA,RG,3970,5,D,EP,CC,D
14:34:51,PTBA,RG,3970,5,D,NI,CC,D
14:34:51,PTBA,RG,3970,100,D,HD,CC,D
14:34:51,PTBA,RG,3970,2,D,XC,CC,D
14:34:51,PTBA,RG,3970,10,D,YP,CC,D
14:34:51,PTBA,RG,3970,3,D,PD,CC,D
14:34:51,PTBA,RG,3970,6,D,XA,CC,D
14:34:51,PTBA,RG,3970,5,D,GR,CC,D
14:34:51,PTBA,RG,3970,2,D,HP,CC,D
14:34:51,PTBA,RG,3970,5,D,GR,CC,D
14:34:51,PTBA,RG,3970,5,D,DR,CC,D
14:34:51,PTBA,RG,3970,302,F,AK,CC,D
14:34:51,PTBA,RG,3970,1,D,YP,CC,D
14:34:51,PTBA,RG,3970,60,D,DH,CC,D
14:34:51,PTBA,RG,3970,1,D,PD,CC,D
14:34:51,PTBA,RG,3970,1,D,NI,CC,D
14:34:51,PTBA,RG,3970,5,D,DR,CC,D
14:34:51,PTBA,RG,3970,5,D,PD,CC,D
14:34:51,PTBA,RG,3970,10,D,YP,CC,D
14:34:51,PTBA,RG,3970,5,D,YP,CC,D
14:34:51,PTBA,RG,3970,1,D,PD,CC,D
14:34:51,PTBA,RG,3970,59,D,CC,CC,D
14:34:47,PTBA,RG,3980,1,D,AK,OD,D
14:34:47,PTBA,RG,3970,3,D,CC,PD,D
14:34:46,PTBA,RG,3980,1,D,AK,OD,D
14:34:46,PTBA,RG,3970,1,D,CC,PD,D
14:34:31,PTBA,RG,3970,1,D,CC,PD,D
14:34:26,PTBA,RG,3980,10,D,AK,OD,D
14:34:25,PTBA,RG,3970,22,D,CC,BK,F
14:34:11,PTBA,RG,3980,1,D,PD,OD,D
14:33:58,PTBA,RG,3980,28,D,AK,OD,D
14:33:57,PTBA,RG,3970,65,D,CC,YP,D
14:33:53,PTBA,RG,3980,42,D,AK,OD,D
14:33:53,PTBA,RG,3970,49,D,CC,PD,D
14:33:53,PTBA,RG,3970,5,D,PD,PD,D
14:33:53,PTBA,RG,3970,10,D,DH,PD,D
14:33:53,PTBA,RG,3970,10,D,EP,PD,D
14:33:53,PTBA,RG,3970,6,D,XL,PD,D
14:33:53,PTBA,RG,3970,17,D,KK,PD,D
14:33:43,PTBA,RG,3980,42,D,AK,OD,D
14:33:42,PTBA,RG,3970,8,D,KK,CC,D
14:33:42,PTBA,RG,3970,10,D,DH,CC,D
14:33:42,PTBA,RG,3970,30,D,OD,CC,D
14:33:42,PTBA,RG,3970,50,D,CC,CC,D
14:33:36,PTBA,RG,3980,3,D,AK,OD,D
14:33:35,PTBA,RG,3970,8,D,CC,XC,D
14:33:23,PTBA,RG,3980,21,D,AK,OD,D
14:33:22,PTBA,RG,3970,42,D,CC,EP,D
14:33:22,PTBA,RG,3970,8,D,YJ,EP,D
14:33:12,PTBA,RG,3980,2,D,AK,OD,D
14:33:12,PTBA,RG,3970,4,D,YJ,PD,D
14:33:00,PTBA,RG,3980,142,D,AK,OD,D
14:32:59,PTBA,RG,3980,332,D,CC,OD,D
14:32:52,PTBA,RG,3980,1,D,AK,OD,D
14:32:51,PTBA,RG,3980,1,D,PD,OD,D
14:32:25,PTBA,RG,3980,1,D,PD,OD,D
14:32:08,PTBA,RG,3980,16,D,AK,OD,D
14:32:08,PTBA,RG,3970,36,D,YJ,PD,D
14:31:48,PTBA,RG,3980,1,D,CC,OD,D
14:30:28,PTBA,RG,3980,2,D,AK,OD,D
14:30:27,PTBA,RG,3980,3,D,EP,OD,D
14:30:27,PTBA,RG,3970,1,D,YJ,CC,D
14:30:25,PTBA,RG,3980,2,D,AK,OD,D
14:30:25,PTBA,RG,3970,5,D,YJ,CC,D
14:30:11,PTBA,RG,3980,4,D,AK,OD,D
14:30:11,PTBA,RG,3970,10,D,YJ,SQ,D
14:29:59,PTBA,RG,3980,34,D,AK,OD,D
14:29:58,PTBA,RG,3970,50,D,YJ,CC,D
14:29:58,PTBA,RG,3970,1,D,MK,CC,D
14:29:58,PTBA,RG,3970,10,D,YP,CC,D
14:29:58,PTBA,RG,3970,10,D,YP,CC,D
14:29:58,PTBA,RG,3970,5,D,XA,CC,D
14:29:58,PTBA,RG,3970,2,D,YB,CC,D
14:29:12,PTBA,RG,3980,1,D,PD,CC,D
14:29:04,PTBA,RG,3980,2,D,AK,CC,D
14:29:04,PTBA,RG,3980,5,D,PD,CC,D
14:28:54,PTBA,RG,3980,1,D,AK,CC,D
14:28:53,PTBA,RG,3980,1,D,XC,CC,D
14:28:37,PTBA,RG,3980,1,D,AK,CC,D
14:28:36,PTBA,RG,3980,2,D,KK,YP,D
14:28:34,PTBA,RG,3980,1,D,XC,YP,D
14:28:26,PTBA,RG,3980,1,D,XC,YP,D
14:28:24,PTBA,RG,3980,2,D,YP,YP,D
14:28:24,PTBA,RG,3980,18,F,DX,YP,D
14:28:24,PTBA,RG,3980,5,D,XC,YP,D
14:28:24,PTBA,RG,3980,24,F,DX,YP,D
14:28:24,PTBA,RG,3980,1,D,YP,YP,D
14:28:24,PTBA,RG,3980,299,D,AK,YP,D
14:28:24,PTBA,RG,3980,20,D,PD,YP,D
14:28:24,PTBA,RG,3980,2,D,IF,YP,D
14:28:24,PTBA,RG,3980,23,F,DX,YP,D
14:28:24,PTBA,RG,3980,150,D,CC,YP,D
14:28:24,PTBA,RG,3980,20,D,MG,YP,D
14:28:24,PTBA,RG,3980,22,F,DX,YP,D
14:28:24,PTBA,RG,3980,2,D,CC,YP,D
14:28:24,PTBA,RG,3980,10,D,YP,YP,D
14:28:24,PTBA,RG,3980,10,D,GR,YP,D
14:28:24,PTBA,RG,3980,66,F,DX,YP,D
14:28:24,PTBA,RG,3980,3,F,BK,YP,D
14:28:24,PTBA,RG,3980,100,F,BK,YP,D
14:28:24,PTBA,RG,3980,219,F,AK,YP,D
14:28:18,PTBA,RG,3990,1,D,AK,CC,D
14:28:17,PTBA,RG,3980,3,F,AK,EP,D
14:28:14,PTBA,RG,3990,43,D,AK,CC,D
14:28:14,PTBA,RG,3980,97,F,AK,YP,D
14:28:14,PTBA,RG,3980,3,F,AK,YP,D
14:28:11,PTBA,RG,3990,9,D,AK,CC,D
14:28:11,PTBA,RG,3990,21,F,BK,CC,D
14:28:09,PTBA,RG,3990,65,D,AK,CC,D
14:28:08,PTBA,RG,3990,150,D,CC,CC,D
14:27:34,PTBA,RG,3990,21,D,AK,CC,D
14:27:34,PTBA,RG,3990,50,D,PD,CC,D
14:27:34,PTBA,RG,3990,8,D,AK,CC,D
14:27:33,PTBA,RG,3980,19,F,AK,SQ,D
14:27:29,PTBA,RG,3990,1,D,AK,CC,D
14:27:28,PTBA,RG,3980,1,F,AK,YP,D
14:27:25,PTBA,RG,3980,1,F,AK,XL,D
14:27:24,PTBA,RG,3990,1,D,AK,CC,D
14:27:24,PTBA,RG,3980,3,F,AK,PD,D
14:27:17,PTBA,RG,3990,86,D,AK,CC,D
14:27:17,PTBA,RG,3980,200,F,AK,YP,D
14:27:14,PTBA,RG,3990,13,D,AK,CC,D
14:27:13,PTBA,RG,3980,5,F,AK,GR,D
14:27:13,PTBA,RG,3980,25,F,AK,GR,D
14:27:03,PTBA,RG,3980,1,F,AK,YU,D
14:26:42,PTBA,RG,3990,2,D,AK,CC,D
14:26:42,PTBA,RG,3980,3,F,AK,YP,D
14:26:31,PTBA,RG,3990,1,D,YP,CC,D
14:26:27,PTBA,RG,3990,1,D,AK,CC,D
14:26:26,PTBA,RG,3990,1,D,YP,CC,D
14:26:26,PTBA,RG,3990,2,F,BK,CC,D
14:26:12,PTBA,RG,3990,3,D,AK,CC,D
14:26:11,PTBA,RG,3980,7,F,AK,YP,D
14:26:01,PTBA,RG,3990,10,D,AK,CC,D
14:26:01,PTBA,RG,3990,23,F,BK,CC,D
14:26:00,PTBA,RG,3990,13,D,AK,CC,D
14:26:00,PTBA,RG,3990,106,D,AK,CC,D
14:26:00,PTBA,RG,3990,29,D,AK,CC,D
14:26:00,PTBA,RG,3990,103,D,CC,CC,D
14:26:00,PTBA,RG,3990,1,D,CC,YP,D
14:26:00,PTBA,RG,3990,242,D,CC,OD,D
14:25:38,PTBA,RG,3990,1,D,AK,OD,D
14:25:37,PTBA,RG,3990,2,D,PD,OD,D
14:25:17,PTBA,RG,3990,22,D,AK,OD,D
14:25:16,PTBA,RG,3980,50,F,AK,XC,D
14:24:59,PTBA,RG,3990,2,D,AK,OD,D
14:24:58,PTBA,RG,3980,5,F,AK,PD,D
14:24:50,PTBA,RG,3990,4,D,AK,OD,D
14:24:49,PTBA,RG,3980,10,F,AK,XL,D
14:24:29,PTBA,RG,3990,7,D,AK,OD,D
14:24:28,PTBA,RG,3990,15,D,NI,OD,D
14:24:23,PTBA,RG,3990,9,D,AK,OD,D
14:24:23,PTBA,RG,3990,23,F,BK,OD,D
14:24:19,PTBA,RG,3990,86,D,AK,OD,D
14:24:18,PTBA,RG,3980,120,F,AK,GR,D
14:24:18,PTBA,RG,3980,80,F,AK,GR,D
14:23:35,PTBA,RG,3990,1,D,AK,OD,D
14:23:35,PTBA,RG,3980,2,F,AK,DH,D
14:23:16,PTBA,RG,3990,10,D,AK,OD,D
14:23:16,PTBA,RG,3990,23,F,BK,OD,D
14:23:15,PTBA,RG,3990,107,D,AK,OD,D
14:23:15,PTBA,RG,3990,197,F,AK,OD,D
14:23:15,PTBA,RG,3990,6,F,AK,YP,D
14:23:15,PTBA,RG,3990,19,F,AK,KK,D
14:23:15,PTBA,RG,3990,107,D,AK,KK,D
14:23:15,PTBA,RG,3990,20,D,AK,PD,D
14:23:15,PTBA,RG,3990,14,D,AK,PD,D
14:23:15,PTBA,RG,3990,1,D,AK,PD,D
14:23:15,PTBA,RG,3990,26,D,AK,YU,D
14:23:15,PTBA,RG,3980,15,F,AK,BK,F
14:23:15,PTBA,RG,3980,96,F,AK,CC,D
14:23:15,PTBA,RG,3980,54,F,AK,YB,D
14:23:15,PTBA,RG,3980,2,F,AK,NI,D
14:23:15,PTBA,RG,3980,1,F,AK,XC,D
14:23:15,PTBA,RG,3980,1,F,AK,YP,D
14:23:15,PTBA,RG,3980,10,F,AK,XC,D
14:23:15,PTBA,RG,3980,5,F,AK,XC,D
14:23:15,PTBA,RG,3980,4,F,AK,CC,D
14:23:15,PTBA,RG,3980,5,F,AK,XL,D
14:23:15,PTBA,RG,3980,25,F,AK,CC,D
14:23:15,PTBA,RG,3980,1,F,AK,PD,D
14:23:15,PTBA,RG,3980,1,F,AK,XC,D
14:23:15,PTBA,RG,3980,100,F,AK,YP,D
14:23:15,PTBA,RG,3980,1,F,AK,PD,D
14:23:15,PTBA,RG,3980,10,F,AK,NI,D
14:23:15,PTBA,RG,3980,10,F,AK,SQ,D
14:23:15,PTBA,RG,3980,1,F,AK,PD,D
14:23:15,PTBA,RG,3980,20,F,AK,XA,D
14:23:15,PTBA,RG,3980,17,F,AK,XL,D
14:23:15,PTBA,RG,3980,25,F,AK,PD,D
14:23:15,PTBA,RG,3980,9,F,AK,PD,D
14:23:15,PTBA,RG,3980,5,F,AK,KK,D
14:23:15,PTBA,RG,3970,1,D,YB,YP,D
14:23:05,PTBA,RG,3970,1,D,YB,CC,D
14:22:58,PTBA,RG,3980,45,D,AK,KK,D
14:22:58,PTBA,RG,3980,4,D,AK,BK,F
14:22:58,PTBA,RG,3980,11,F,AK,BK,F
14:22:58,PTBA,RG,3980,3,F,AK,CC,D
14:22:58,PTBA,RG,3980,100,D,HD,CC,D
14:22:56,PTBA,RG,3980,31,D,AK,CC,D
14:22:56,PTBA,RG,3980,6,F,AK,CC,D
14:22:56,PTBA,RG,3980,2,D,XC,CC,D
14:22:56,PTBA,RG,3980,6,F,AK,CC,D
14:22:56,PTBA,RG,3980,58,F,AK,CC,D
14:22:56,PTBA,RG,3980,64,D,AK,CC,D
14:22:55,PTBA,RG,3980,150,D,AI,CC,D
14:22:50,PTBA,RG,3980,15,D,AK,CC,D
14:22:49,PTBA,RG,3980,34,F,DX,CC,D
14:22:44,PTBA,RG,3980,10,D,AK,CC,D
14:22:43,PTBA,RG,3980,24,F,BK,CC,D
14:22:43,PTBA,RG,3980,63,D,AK,CC,D
14:22:42,PTBA,RG,3980,148,D,CC,CC,D
14:22:39,PTBA,RG,3980,3,D,AK,CC,D
14:22:38,PTBA,RG,3980,6,D,EP,CC,D
14:22:34,PTBA,RG,3980,5,D,AK,CC,D
14:22:34,PTBA,RG,3970,1,D,YB,BK,F
14:22:34,PTBA,RG,3970,11,D,DH,BK,F
14:22:29,PTBA,RG,3980,45,D,AK,CC,D
14:22:28,PTBA,RG,3980,6,F,AK,CC,D
14:22:28,PTBA,RG,3970,89,D,DH,CC,D
14:22:28,PTBA,RG,3970,10,D,YJ,CC,D
14:22:23,PTBA,RG,3980,2,D,AK,CC,D
14:22:23,PTBA,RG,3970,1,D,YJ,XL,D
14:22:23,PTBA,RG,3980,3,D,YP,CC,D
14:21:55,PTBA,RG,3980,10,D,AK,CC,D
14:21:55,PTBA,RG,3980,25,D,EP,CC,D
14:21:39,PTBA,RG,3980,44,D,AK,CC,D
14:21:38,PTBA,RG,3980,2,D,PD,CC,D
14:21:38,PTBA,RG,3980,100,D,YJ,CC,D
14:21:06,PTBA,RG,3980,4,D,AK,CC,D
14:21:05,PTBA,RG,3980,10,D,YP,CC,D
14:20:54,PTBA,RG,3980,5,D,AK,CC,D
14:20:53,PTBA,RG,3980,1,F,AK,CC,D
14:20:53,PTBA,RG,3970,7,D,YJ,YU,D
14:20:53,PTBA,RG,3970,2,D,MG,YU,D
14:20:31,PTBA,RG,3980,1,D,XC,CC,D
14:20:28,PTBA,RG,3980,1,D,AK,CC,D
14:20:27,PTBA,RG,3980,3,D,YP,CC,D
14:19:42,PTBA,RG,3980,11,D,AK,CC,D
14:19:41,PTBA,RG,3980,25,D,EP,CC,D
14:19:40,PTBA,RG,3980,25,D,AK,CC,D
14:19:40,PTBA,RG,3980,1,F,AK,CC,D
14:19:40,PTBA,RG,3970,58,D,MG,YP,D
14:19:23,PTBA,RG,3980,2,D,AK,CC,D
14:19:22,PTBA,RG,3970,4,D,MG,NI,D
14:18:41,PTBA,RG,3980,1,D,AK,CC,D
14:18:41,PTBA,RG,3980,2,D,CC,CC,D
14:18:37,PTBA,RG,3980,1,F,AK,CC,D
14:18:37,PTBA,RG,3980,32,D,AK,CC,D
14:18:36,PTBA,RG,3980,1,F,AK,CC,D
14:18:36,PTBA,RG,3970,36,D,MG,CC,D
14:18:36,PTBA,RG,3970,36,D,MG,CC,D
14:18:35,PTBA,RG,3980,1,D,XC,CC,D
14:18:21,PTBA,RG,3980,1,D,AK,CC,D
14:18:20,PTBA,RG,3980,1,F,AK,CC,D
14:18:19,PTBA,RG,3970,2,D,MG,XL,D
14:18:06,PTBA,RG,3980,6,D,AK,CC,D
14:18:05,PTBA,RG,3980,12,D,XC,CC,D
14:17:32,PTBA,RG,3980,1,D,AK,CC,D
14:17:32,PTBA,RG,3970,3,D,MG,PD,D
14:17:31,PTBA,RG,3980,8,D,AK,CC,D
14:17:30,PTBA,RG,3970,20,D,MG,BK,F
14:17:30,PTBA,RG,3980,5,D,AK,CC,D
14:17:30,PTBA,RG,3980,10,D,PD,CC,D
14:17:26,PTBA,RG,3980,2,D,AK,CC,D
14:17:25,PTBA,RG,3970,5,D,MG,GR,D
14:16:52,PTBA,RG,3970,1,D,MG,XC,D
14:16:49,PTBA,RG,3980,12,D,AK,CC,D
14:16:49,PTBA,RG,3970,25,D,MG,GR,D
14:16:48,PTBA,RG,3970,3,D,MG,XC,D
14:16:36,PTBA,RG,3980,8,D,AK,CC,D
14:16:36,PTBA,RG,3980,4,D,XL,CC,D
14:16:36,PTBA,RG,3980,20,D,MG,CC,D
14:16:36,PTBA,RG,3980,8,D,XC,CC,D
14:16:36,PTBA,RG,3980,23,F,DX,CC,D
14:16:36,PTBA,RG,3980,1,D,PD,CC,D
14:16:36,PTBA,RG,3980,5,D,YP,CC,D
14:16:36,PTBA,RG,3980,266,D,AK,CC,D
14:16:36,PTBA,RG,3980,5,D,NI,CC,D
14:16:36,PTBA,RG,3980,1,D,YP,CC,D
14:16:36,PTBA,RG,3980,6,D,KK,CC,D
14:16:36,PTBA,RG,3980,200,D,OD,CC,D
14:16:36,PTBA,RG,3980,5,D,YP,CC,D
14:16:36,PTBA,RG,3980,53,F,BK,CC,D
14:16:36,PTBA,RG,3980,21,F,DX,CC,D
14:16:36,PTBA,RG,3980,10,D,GR,CC,D
14:16:36,PTBA,RG,3980,445,D,CC,CC,D
14:16:36,PTBA,RG,3980,24,F,DX,CC,D
14:16:36,PTBA,RG,3980,2,D,PD,CC,D
14:16:36,PTBA,RG,3980,2,F,BK,CC,D
14:16:36,PTBA,RG,3980,131,D,AK,CC,D
14:16:36,PTBA,RG,3980,19,F,DX,CC,D
14:16:36,PTBA,RG,3980,30,D,EP,CC,D
14:16:36,PTBA,RG,3980,61,F,AK,CC,D
14:16:25,PTBA,RG,3990,2,D,AK,YU,D
14:16:24,PTBA,RG,3980,1,F,AK,PD,D
14:16:24,PTBA,RG,3980,4,F,AK,OD,D
14:16:12,PTBA,RG,3990,10,D,AK,YU,D
14:16:12,PTBA,RG,3990,22,D,EP,YU,D
14:16:02,PTBA,RG,3990,21,D,AK,YU,D
14:16:01,PTBA,RG,3980,50,F,AK,CC,D
14:15:42,PTBA,RG,3990,2,D,AK,YU,D
14:15:41,PTBA,RG,3980,8,F,AK,CC,D
14:15:33,PTBA,RG,3980,71,F,AK,XC,D
14:15:33,PTBA,RG,3980,10,D,CC,XC,D
14:15:33,PTBA,RG,3980,7,D,HD,XC,D
14:15:27,PTBA,RG,3980,10,D,HD,XC,D
14:15:02,PTBA,RG,3980,83,D,HD,CC,D
14:15:02,PTBA,RG,3980,14,D,NI,CC,D
14:14:41,PTBA,RG,3990,8,D,XC,YU,D
14:14:38,PTBA,RG,3980,36,D,NI,PD,D
14:14:38,PTBA,RG,3980,212,D,AK,PD,D
14:14:38,PTBA,RG,3980,241,F,AK,PD,D
14:14:38,PTBA,RG,3980,5,D,NI,PD,D
14:14:38,PTBA,RG,3980,6,D,YP,PD,D
14:14:30,PTBA,RG,3990,1,D,AK,YU,D
14:14:29,PTBA,RG,3980,2,D,YP,NI,D
14:14:21,PTBA,RG,3990,1,D,YP,YU,D
14:14:08,PTBA,RG,3990,46,D,AK,YU,D
14:14:07,PTBA,RG,3980,106,D,YP,EP,D
14:13:56,PTBA,RG,3990,13,D,AK,YU,D
14:13:55,PTBA,RG,3980,30,D,YP,CC,D
14:13:44,PTBA,RG,3990,1,D,YP,YU,D
14:13:04,PTBA,RG,3990,4,D,AK,YU,D
14:13:03,PTBA,RG,3980,10,D,YP,YP,D
14:12:18,PTBA,RG,3990,1,D,AK,YU,D
14:12:17,PTBA,RG,3990,1,D,NI,YU,D
14:12:16,PTBA,RG,3990,8,D,AK,YU,D
14:12:16,PTBA,RG,3980,20,D,YP,GR,D
14:12:12,PTBA,RG,3990,1,D,AK,YU,D
14:12:11,PTBA,RG,3980,1,D,YP,GR,D
14:12:09,PTBA,RG,3990,4,D,AK,YU,D
14:12:08,PTBA,RG,3980,10,D,YP,YP,D
14:11:57,PTBA,RG,3990,1,D,AK,YU,D
14:11:56,PTBA,RG,3980,2,D,YP,XL,D
14:11:15,PTBA,RG,3990,40,D,AK,YU,D
14:11:14,PTBA,RG,3980,94,D,YP,CC,D
14:11:12,PTBA,RG,3990,2,D,AK,YU,D
14:11:11,PTBA,RG,3990,3,D,PD,YU,D
14:11:01,PTBA,RG,3990,4,D,AK,YU,D
14:11:01,PTBA,RG,3990,11,D,XL,YU,D
14:10:13,PTBA,RG,3990,4,D,AK,YU,D
14:10:12,PTBA,RG,3980,8,D,YP,CD,D
14:10:00,PTBA,RG,3990,1,D,AK,YU,D
14:10:00,PTBA,RG,3990,3,D,YP,YU,D
14:09:00,PTBA,RG,3990,10,D,AK,YU,D
14:09:00,PTBA,RG,3980,23,D,YP,BK,F
14:08:08,PTBA,RG,3990,614,D,AK,YU,D
14:08:07,PTBA,RG,3980,140,D,YP,AK,F
14:08:07,PTBA,RG,3980,50,D,KK,AK,F
14:08:07,PTBA,RG,3980,5,D,XC,AK,F
14:08:07,PTBA,RG,3980,2,D,PD,AK,F
14:08:07,PTBA,RG,3980,2,D,CC,AK,F
14:08:07,PTBA,RG,3980,251,D,YP,AK,F
14:08:07,PTBA,RG,3980,50,F,AK,AK,F
14:08:07,PTBA,RG,3980,251,F,AK,PD,D
14:08:07,PTBA,RG,3980,500,D,AZ,PD,D
14:08:07,PTBA,RG,3980,2,D,YP,PD,D
14:08:07,PTBA,RG,3980,278,F,AK,PD,D
14:08:07,PTBA,RG,3980,230,D,CC,PD,D
14:08:07,PTBA,RG,3980,25,D,YP,PD,D
14:08:07,PTBA,RG,3980,25,D,MU,PD,D
14:08:07,PTBA,RG,3980,25,D,MU,PD,D
14:08:07,PTBA,RG,3980,25,D,MU,PD,D
14:08:07,PTBA,RG,3980,25,D,KK,PD,D
14:08:07,PTBA,RG,3980,10,D,AK,PD,D
14:08:07,PTBA,RG,3980,2,F,BK,PD,D
14:08:07,PTBA,RG,3980,25,D,MU,PD,D
14:08:07,PTBA,RG,3980,310,D,AK,PD,D
14:08:07,PTBA,RG,3980,228,F,AK,PD,D
14:08:07,PTBA,RG,3980,39,D,CC,PD,D
14:07:53,PTBA,RG,3990,1,D,AK,YU,D
14:07:52,PTBA,RG,3990,2,F,BK,YU,D
14:07:23,PTBA,RG,3990,43,D,AK,YU,D
14:07:22,PTBA,RG,3980,100,D,CC,CC,D
14:07:06,PTBA,RG,3990,4,D,AK,YU,D
14:07:05,PTBA,RG,3980,10,D,CC,CC,D
14:06:41,PTBA,RG,3990,1,D,AK,YU,D
14:06:40,PTBA,RG,3990,3,D,YP,YU,D
14:06:08,PTBA,RG,3990,3,D,AK,YU,D
14:06:07,PTBA,RG,3980,5,D,CC,GR,D
14:05:46,PTBA,RG,3980,1,D,CC,PD,D
14:05:37,PTBA,RG,3990,1,D,AK,YU,D
14:05:37,PTBA,RG,3980,2,D,CC,XC,D
14:05:03,PTBA,RG,3980,1,D,CC,PD,D
14:04:43,PTBA,RG,3990,8,D,AK,YU,D
14:04:42,PTBA,RG,3990,17,D,XC,YU,D
14:04:29,PTBA,RG,3990,21,D,AK,YU,D
14:04:28,PTBA,RG,3990,31,D,MG,YU,D
14:04:28,PTBA,RG,3990,19,D,MG,PD,D
14:04:21,PTBA,RG,3980,1,D,CC,XL,D
14:04:19,PTBA,RG,3990,6,D,AK,PD,D
14:04:19,PTBA,RG,3990,37,D,AK,GR,D
14:04:19,PTBA,RG,3990,100,D,XC,GR,D
14:04:09,PTBA,RG,3990,2,D,AK,GR,D
14:04:09,PTBA,RG,3980,4,D,CC,PD,D
14:04:07,PTBA,RG,3990,21,D,AK,GR,D
14:04:06,PTBA,RG,3980,50,D,CC,GR,D
14:02:47,PTBA,RG,3990,40,D,AK,GR,D
14:02:47,PTBA,RG,3990,24,D,AK,BK,F
14:02:47,PTBA,RG,3990,3,D,AK,YP,D
14:02:47,PTBA,RG,3990,41,D,AK,EP,D
14:02:46,PTBA,RG,3980,250,D,CC,KK,D
14:02:36,PTBA,RG,3990,1,D,PD,EP,D
14:02:34,PTBA,RG,3990,2,D,AK,EP,D
14:02:33,PTBA,RG,3990,5,D,XL,EP,D
14:01:45,PTBA,RG,3990,2,D,AK,EP,D
14:01:44,PTBA,RG,3990,5,D,PD,EP,D
14:01:43,PTBA,RG,3990,9,D,AK,EP,D
14:01:42,PTBA,RG,3990,20,D,PD,EP,D
14:01:27,PTBA,RG,3990,2,D,AK,EP,D
14:01:26,PTBA,RG,3990,5,D,XC,EP,D
14:01:16,PTBA,RG,3990,2,D,AK,EP,D
14:01:16,PTBA,RG,3980,4,D,CC,PD,D
14:01:03,PTBA,RG,3990,4,D,AK,EP,D
14:01:03,PTBA,RG,3980,10,D,CC,CC,D
14:01:02,PTBA,RG,3990,33,D,AK,EP,D
14:01:01,PTBA,RG,3980,35,D,CC,YP,D
14:01:01,PTBA,RG,3980,2,D,CC,SQ,D
14:01:01,PTBA,RG,3980,41,D,CC,CC,D
14:00:30,PTBA,RG,3980,48,D,AK,CC,D
14:00:30,PTBA,RG,3980,3,D,SQ,CC,D
14:00:30,PTBA,RG,3980,14,D,SQ,YP,D
14:00:30,PTBA,RG,3980,21,D,SQ,PD,D
14:00:30,PTBA,RG,3980,69,D,SQ,BK,F
14:00:30,PTBA,RG,3980,4,D,SQ,BK,F
14:00:23,PTBA,RG,3980,1,D,AK,BK,F
14:00:23,PTBA,RG,3980,6,D,AK,CC,D
14:00:22,PTBA,RG,3980,58,D,AK,CC,D
14:00:22,PTBA,RG,3980,12,D,AK,CC,D
14:00:22,PTBA,RG,3980,4,F,AK,CC,D
14:00:22,PTBA,RG,3980,175,F,AK,CC,D
14:00:22,PTBA,RG,3980,150,D,AK,CC,D
14:00:21,PTBA,RG,3980,350,D,YP,CC,D
14:00:20,PTBA,RG,3980,104,D,AK,CC,D
14:00:19,PTBA,RG,3980,50,D,MU,CC,D
14:00:19,PTBA,RG,3980,193,D,YP,CC,D
14:00:00,PTBA,RG,3980,11,D,AK,CC,D
14:00:00,PTBA,RG,3970,5,D,MG,XC,D
14:00:00,PTBA,RG,3970,20,D,YP,XC,D
13:59:58,PTBA,RG,3980,8,D,AK,CC,D
13:59:58,PTBA,RG,3970,20,D,YP,BK,F
13:59:57,PTBA,RG,3980,10,D,AK,CC,D
13:59:56,PTBA,RG,3970,20,D,YP,BK,F
13:59:56,PTBA,RG,3970,2,D,YP,BK,F
13:59:51,PTBA,RG,3980,5,D,AK,CC,D
13:59:51,PTBA,RG,3970,13,D,YP,XL,D
13:59:51,PTBA,RG,3980,14,D,AK,CC,D
13:59:51,PTBA,RG,3970,33,D,YP,BK,F
13:59:51,PTBA,RG,3980,3,D,AK,CC,D
13:59:50,PTBA,RG,3980,7,D,XL,CC,D
13:59:46,PTBA,RG,3980,2,D,AK,CC,D
13:59:46,PTBA,RG,3980,4,D,XL,CC,D
13:59:46,PTBA,RG,3980,10,D,GR,CC,D
13:59:46,PTBA,RG,3980,3,D,XC,CC,D
13:59:46,PTBA,RG,3980,724,D,AK,CC,D
13:59:46,PTBA,RG,3980,5,D,PD,CC,D
13:59:46,PTBA,RG,3980,1,D,PD,CC,D
13:59:46,PTBA,RG,3980,30,D,CC,CC,D
13:59:46,PTBA,RG,3980,40,D,CC,CC,D
13:59:46,PTBA,RG,3980,1,D,YP,CC,D
13:59:46,PTBA,RG,3980,114,D,XC,CC,D
13:59:46,PTBA,RG,3980,2,D,SQ,CC,D
13:59:46,PTBA,RG,3980,13,D,PD,CC,D
13:59:46,PTBA,RG,3980,6,D,CC,CC,D
13:59:46,PTBA,RG,3980,1,D,XC,CC,D
13:59:46,PTBA,RG,3980,200,D,CC,CC,D
13:59:46,PTBA,RG,3980,5,D,GR,CC,D
13:59:46,PTBA,RG,3980,1,D,PD,CC,D
13:59:46,PTBA,RG,3980,3,D,XC,CC,D
13:59:46,PTBA,RG,3980,33,D,SQ,CC,D
13:59:46,PTBA,RG,3980,5,D,GR,CC,D
13:59:46,PTBA,RG,3980,5,D,GR,CC,D
13:59:46,PTBA,RG,3980,10,D,YU,CC,D
13:59:46,PTBA,RG,3980,2,F,BK,CC,D
13:59:46,PTBA,RG,3980,2,D,CC,CC,D
13:59:46,PTBA,RG,3980,1,D,XC,CC,D
13:59:46,PTBA,RG,3980,2,D,PD,CC,D
13:59:46,PTBA,RG,3980,2,D,YP,CC,D
13:59:46,PTBA,RG,3980,22,F,DX,CC,D
13:59:46,PTBA,RG,3980,1,D,NI,CC,D
13:59:46,PTBA,RG,3980,1,D,XL,CC,D
13:59:46,PTBA,RG,3980,227,F,AK,CC,D
13:59:46,PTBA,RG,3980,2,D,CC,CC,D
13:59:46,PTBA,RG,3980,239,F,AK,CC,D
13:59:46,PTBA,RG,3980,16,F,DX,CC,D
13:59:46,PTBA,RG,3980,21,F,DX,CC,D
13:59:46,PTBA,RG,3980,17,F,DX,CC,D
13:59:46,PTBA,RG,3980,450,D,BQ,CC,D
13:59:46,PTBA,RG,3980,20,D,CC,CC,D
13:59:46,PTBA,RG,3980,5,D,XA,CC,D
13:59:46,PTBA,RG,3980,4,D,PD,CC,D
13:59:46,PTBA,RG,3980,88,F,AK,CC,D
13:59:46,PTBA,RG,3980,80,F,AK,CC,D
13:59:43,PTBA,RG,3990,41,D,AK,EP,D
13:59:42,PTBA,RG,3980,75,F,AK,CC,D
13:59:42,PTBA,RG,3980,3,D,XC,CC,D
13:59:42,PTBA,RG,3980,10,D,YP,CC,D
13:59:42,PTBA,RG,3980,1,D,CC,CC,D
13:59:42,PTBA,RG,3980,2,D,XC,CC,D
13:59:42,PTBA,RG,3980,2,D,PD,CC,D
13:59:42,PTBA,RG,3980,1,D,XC,CC,D
13:59:23,PTBA,RG,3990,21,D,AK,EP,D
13:59:23,PTBA,RG,3980,50,D,XC,KK,D
13:59:09,PTBA,RG,3990,17,D,AK,EP,D
13:59:08,PTBA,RG,3980,40,D,XC,PD,D
13:58:48,PTBA,RG,3990,7,D,AK,EP,D
13:58:48,PTBA,RG,3980,16,D,XC,CC,D
13:58:33,PTBA,RG,3990,1,D,CC,EP,D
13:58:17,PTBA,RG,3990,13,D,AK,EP,D
13:58:17,PTBA,RG,3980,30,D,XC,PD,D
13:57:59,PTBA,RG,3990,4,D,AK,EP,D
13:57:58,PTBA,RG,3990,8,D,XC,EP,D
13:57:15,PTBA,RG,3990,34,D,AK,EP,D
13:57:15,PTBA,RG,3990,13,D,AK,EP,D
13:57:15,PTBA,RG,3990,9,D,AK,EP,D
13:57:15,PTBA,RG,3990,4,D,AK,XL,D
13:57:15,PTBA,RG,3990,1,D,AK,PD,D
13:57:15,PTBA,RG,3990,1,D,AK,XL,D
13:57:15,PTBA,RG,3990,26,D,AK,CC,D
13:57:15,PTBA,RG,3990,39,D,AK,SQ,D
13:57:15,PTBA,RG,3990,95,F,AK,SQ,D
13:57:15,PTBA,RG,3990,2,F,AK,XL,D
13:57:15,PTBA,RG,3990,1,F,AK,PD,D
13:57:15,PTBA,RG,3990,198,F,AK,OD,D
13:57:15,PTBA,RG,3990,3,D,AK,OD,D
13:57:14,PTBA,RG,3980,8,D,XC,XL,D
13:57:07,PTBA,RG,3990,13,D,AK,OD,D
13:57:06,PTBA,RG,3990,30,D,PD,OD,D
13:56:39,PTBA,RG,3990,67,D,AK,OD,D
13:56:39,PTBA,RG,3990,156,D,YP,OD,D
13:56:19,PTBA,RG,3990,1,D,PD,OD,D
13:56:07,PTBA,RG,3990,1,D,AK,OD,D
13:56:07,PTBA,RG,3990,2,D,NI,OD,D
13:55:59,PTBA,RG,3990,1,D,AK,OD,D
13:55:58,PTBA,RG,3990,3,D,PD,OD,D
13:55:51,PTBA,RG,3990,42,D,AK,OD,D
13:55:50,PTBA,RG,3980,4,D,XC,CC,D
13:55:50,PTBA,RG,3980,10,D,PD,CC,D
13:55:50,PTBA,RG,3980,10,D,YP,CC,D
13:55:50,PTBA,RG,3980,1,D,XC,CC,D
13:55:50,PTBA,RG,3980,73,F,AK,CC,D
13:55:48,PTBA,RG,3990,9,D,AK,OD,D
13:55:48,PTBA,RG,3990,4,D,AK,OD,D
13:55:48,PTBA,RG,3980,20,F,AK,PD,D
13:55:47,PTBA,RG,3990,10,D,GR,OD,D
13:54:59,PTBA,RG,3990,11,D,AK,OD,D
13:54:58,PTBA,RG,3980,25,F,AK,XC,D
13:54:56,PTBA,RG,3990,21,D,AK,OD,D
13:54:55,PTBA,RG,3980,50,F,AK,YP,D
13:54:54,PTBA,RG,3990,179,D,AK,OD,D
13:54:54,PTBA,RG,3990,2,D,AK,NI,D
13:54:54,PTBA,RG,3990,8,D,AK,BK,F
13:54:54,PTBA,RG,3990,30,D,AK,SQ,D
13:54:54,PTBA,RG,3990,1,D,AK,PD,D
13:54:54,PTBA,RG,3990,1,D,AK,XL,D
13:54:54,PTBA,RG,3990,1,D,AK,BQ,D
13:54:54,PTBA,RG,3990,25,D,AK,PD,D
13:54:54,PTBA,RG,3990,36,D,AK,BK,F
13:54:54,PTBA,RG,3990,146,D,AK,CC,D
13:54:53,PTBA,RG,3990,1000,D,CC,CC,D
13:54:04,PTBA,RG,3990,21,D,AK,CC,D
13:54:03,PTBA,RG,3980,50,F,AK,GR,D
13:53:50,PTBA,RG,3990,2,D,AK,CC,D
13:53:50,PTBA,RG,3990,3,D,XL,CC,D
13:53:39,PTBA,RG,3990,6,D,AK,CC,D
13:53:39,PTBA,RG,3980,16,F,AK,XC,D
13:53:20,PTBA,RG,3990,3,D,AK,CC,D
13:53:19,PTBA,RG,3980,6,F,AK,CC,D
13:53:12,PTBA,RG,3990,2,D,AK,CC,D
13:53:11,PTBA,RG,3990,5,D,KK,CC,D
13:52:28,PTBA,RG,3990,4,D,AK,CC,D
13:52:28,PTBA,RG,3990,10,D,CC,CC,D
13:52:22,PTBA,RG,3990,2,D,AK,CC,D
13:52:21,PTBA,RG,3980,4,F,AK,XL,D
13:52:00,PTBA,RG,3990,1,D,AK,CC,D
13:52:00,PTBA,RG,3990,2,D,YP,CC,D
13:51:34,PTBA,RG,3990,1,D,PD,CC,D
13:51:14,PTBA,RG,3990,3,D,AK,CC,D
13:51:13,PTBA,RG,3990,5,D,GR,CC,D
13:51:10,PTBA,RG,3990,4,D,AK,CC,D
13:51:10,PTBA,RG,3990,10,D,YP,CC,D
13:51:09,PTBA,RG,3990,1,D,AK,CC,D
13:51:09,PTBA,RG,3980,2,F,AK,YP,D
13:50:49,PTBA,RG,3990,2,D,AK,CC,D
13:50:49,PTBA,RG,3990,5,D,GR,CC,D
13:50:43,PTBA,RG,3990,1,D,AK,CC,D
13:50:42,PTBA,RG,3990,2,D,PD,CC,D
13:50:37,PTBA,RG,3990,18,D,AK,CC,D
13:50:37,PTBA,RG,3990,4,F,AK,CC,D
13:50:37,PTBA,RG,3990,39,F,AK,CC,D
13:50:35,PTBA,RG,3990,13,D,AK,CC,D
13:50:35,PTBA,RG,3990,2,D,PD,CC,D
13:50:35,PTBA,RG,3990,25,F,CC,CC,D
13:50:35,PTBA,RG,3990,50,D,SQ,CC,D
13:50:35,PTBA,RG,3990,12,D,AK,CC,D
13:50:35,PTBA,RG,3990,2,D,PD,CC,D
13:50:35,PTBA,RG,3990,36,D,AK,CC,D
13:50:35,PTBA,RG,3990,63,D,CC,CC,D
13:50:29,PTBA,RG,4000,11,D,AK,SQ,D
13:50:28,PTBA,RG,4000,25,D,CC,SQ,D
13:50:08,PTBA,RG,4000,7,D,AK,SQ,D
13:50:08,PTBA,RG,3990,1,D,CC,XC,D
13:50:08,PTBA,RG,4000,16,D,KK,SQ,D
13:49:57,PTBA,RG,4000,9,D,AK,SQ,D
13:49:57,PTBA,RG,3990,20,D,CC,PD,D
13:49:55,PTBA,RG,3990,1,D,CC,XL,D
13:49:36,PTBA,RG,4000,114,D,AK,SQ,D
13:49:36,PTBA,RG,3990,50,D,CC,YP,D
13:49:36,PTBA,RG,3990,63,D,CC,YP,D
13:49:36,PTBA,RG,3990,51,D,CC,NI,D
13:49:36,PTBA,RG,3990,49,D,CC,SQ,D
13:49:36,PTBA,RG,3990,20,D,CC,BK,F
13:49:36,PTBA,RG,3990,10,D,CC,YP,D
13:49:36,PTBA,RG,3990,22,D,CC,CC,D
13:49:32,PTBA,RG,3990,2,D,AK,CC,D
13:49:31,PTBA,RG,3990,5,D,PD,CC,D
13:49:25,PTBA,RG,3990,2,D,AK,CC,D
13:49:24,PTBA,RG,3980,5,F,AK,PD,D
13:49:13,PTBA,RG,3990,1,D,AK,CC,D
13:49:13,PTBA,RG,3990,2,D,OD,CC,D
13:49:00,PTBA,RG,3990,16,D,AK,CC,D
13:49:00,PTBA,RG,3990,37,F,DX,CC,D
13:49:00,PTBA,RG,3990,1,F,DX,DH,D
13:48:52,PTBA,RG,3990,30,D,AK,DH,D
13:48:52,PTBA,RG,3990,50,D,SQ,DH,D
13:48:52,PTBA,RG,3990,1,D,CC,DH,D
13:48:52,PTBA,RG,3990,5,D,EP,DH,D
13:48:52,PTBA,RG,3990,1,D,YP,DH,D
13:48:52,PTBA,RG,3990,12,D,NI,DH,D
13:48:49,PTBA,RG,4000,1,D,LG,SQ,D
13:48:36,PTBA,RG,4000,3,D,AK,SQ,D
13:48:35,PTBA,RG,3990,3,D,NI,XC,D
13:48:35,PTBA,RG,3990,1,D,XA,XC,D
13:48:35,PTBA,RG,3990,2,D,PD,XC,D
13:48:35,PTBA,RG,3990,1,D,PD,XC,D
13:48:34,PTBA,RG,3990,1,D,PD,PD,D
13:48:34,PTBA,RG,4000,1,D,AK,SQ,D
13:48:33,PTBA,RG,4000,2,D,EP,SQ,D
13:48:32,PTBA,RG,4000,5,D,AK,SQ,D
13:48:31,PTBA,RG,4000,10,D,XL,SQ,D
13:48:27,PTBA,RG,4000,26,D,AK,SQ,D
13:48:27,PTBA,RG,3990,38,D,AK,SQ,D
13:48:27,PTBA,RG,3990,150,F,AK,SQ,D
13:48:11,PTBA,RG,4000,38,D,AK,SQ,D
13:48:10,PTBA,RG,3990,64,F,AK,CC,D
13:48:10,PTBA,RG,3990,17,F,DX,CC,D
13:48:10,PTBA,RG,3990,5,D,CC,CC,D
13:48:10,PTBA,RG,3990,1,D,CC,CC,D
13:48:10,PTBA,RG,3990,3,D,PD,CC,D
13:47:45,PTBA,RG,4000,3,D,AK,SQ,D
13:47:44,PTBA,RG,3990,5,D,PD,DH,D
13:47:38,PTBA,RG,4000,21,D,AK,SQ,D
13:47:37,PTBA,RG,3990,12,D,PD,PD,D
13:47:37,PTBA,RG,3990,4,D,NI,PD,D
13:47:37,PTBA,RG,3990,2,F,BK,PD,D
13:47:37,PTBA,RG,3990,26,D,XC,PD,D
13:47:37,PTBA,RG,3990,6,D,XC,PD,D
13:47:24,PTBA,RG,4000,4,D,AK,SQ,D
13:47:24,PTBA,RG,3990,9,D,XC,CC,D
13:47:16,PTBA,RG,4000,1,D,AK,SQ,D
13:47:15,PTBA,RG,4000,2,D,YP,SQ,D
13:46:51,PTBA,RG,4000,58,D,AK,SQ,D
13:46:44,PTBA,RG,3990,7,D,XC,PD,D
13:46:44,PTBA,RG,3990,15,D,EP,PD,D
13:46:44,PTBA,RG,3990,10,D,EP,YU,D
13:46:42,PTBA,RG,4000,3,D,CC,SQ,D
13:46:40,PTBA,RG,3990,7,D,EP,PD,D
13:46:40,PTBA,RG,3990,5,D,CC,PD,D
13:46:40,PTBA,RG,3990,18,F,DX,PD,D
13:46:40,PTBA,RG,3990,2,D,ZP,PD,D
13:46:40,PTBA,RG,3990,18,F,DX,PD,D
13:46:37,PTBA,RG,3990,2,F,DX,EP,D
13:46:37,PTBA,RG,3990,48,D,AI,EP,D
13:46:21,PTBA,RG,4000,112,D,AK,SQ,D
13:46:10,PTBA,RG,3990,252,D,AI,YP,D
13:46:00,PTBA,RG,4000,77,D,AK,SQ,D
13:46:00,PTBA,RG,4000,11,D,AK,SQ,D
13:45:51,PTBA,RG,4000,25,D,PD,SQ,D
13:45:33,PTBA,RG,3990,5,D,AK,OD,D
13:45:29,PTBA,RG,3990,10,D,AK,OD,D
13:45:19,PTBA,RG,3990,1,D,AK,SQ,D
13:44:56,PTBA,RG,3990,1,D,AK,XL,D
13:44:54,PTBA,RG,3990,1,D,AK,XL,D
13:44:52,PTBA,RG,3990,2,D,AK,YP,D
13:44:43,PTBA,RG,3990,1,D,AK,XC,D
13:44:38,PTBA,RG,3990,2,D,AK,XC,D
13:44:38,PTBA,RG,3990,1,D,AK,DH,D
13:44:37,PTBA,RG,4000,5,D,HP,SQ,D
13:44:21,PTBA,RG,3990,25,D,AK,SQ,D
13:44:12,PTBA,RG,3990,2,D,AK,PD,D
13:44:09,PTBA,RG,3990,100,D,AK,CC,D
13:43:35,PTBA,RG,3990,2,D,AK,XC,D
13:43:30,PTBA,RG,4000,1,D,PD,SQ,D
13:43:22,PTBA,RG,3990,2,D,AK,PD,D
13:43:21,PTBA,RG,3990,10,D,AK,YP,D
13:43:14,PTBA,RG,3990,5,D,AK,PD,D
13:42:55,PTBA,RG,3990,16,D,AK,CC,D
13:42:33,PTBA,RG,3990,2,D,AK,PD,D
13:42:32,PTBA,RG,4000,1,D,LG,SQ,D
13:42:26,PTBA,RG,3990,22,D,AK,BK,F
13:42:15,PTBA,RG,3990,3,D,AK,CC,D
13:42:08,PTBA,RG,3990,7,D,AK,YP,D
13:41:55,PTBA,RG,3990,5,D,AK,MU,D
13:41:48,PTBA,RG,3990,10,D,AK,LG,D
13:41:34,PTBA,RG,3990,2,D,AK,PD,D
13:41:32,PTBA,RG,3990,53,D,AK,YP,D
13:41:32,PTBA,RG,3990,23,D,AK,YP,D
13:41:25,PTBA,RG,3990,24,D,AK,DR,D
13:41:15,PTBA,RG,3990,5,D,AK,YP,D
13:41:12,PTBA,RG,3990,1,D,AK,YP,D
13:41:06,PTBA,RG,3990,85,D,AK,CC,D
13:41:06,PTBA,RG,3990,8,D,AK,XL,D
13:41:06,PTBA,RG,3990,1,D,AK,PD,D
13:41:06,PTBA,RG,3990,1,D,AK,NI,D
13:41:06,PTBA,RG,3990,1,D,AK,YP,D
13:41:06,PTBA,RG,3990,1,D,AK,YP,D
13:41:06,PTBA,RG,3990,50,D,AK,DR,D
13:41:06,PTBA,RG,3990,14,D,AK,XC,D
13:41:06,PTBA,RG,3990,15,D,AK,PD,D
13:41:06,PTBA,RG,3990,15,D,AK,PD,D
13:41:06,PTBA,RG,3990,2,D,AK,YP,D
13:41:06,PTBA,RG,3990,4,D,AK,YP,D
13:41:06,PTBA,RG,3990,1,D,AK,XC,D
13:41:06,PTBA,RG,3990,24,D,AK,PD,D
13:41:06,PTBA,RG,3990,1,D,AK,PD,D
13:41:06,PTBA,RG,3990,15,D,AK,GR,D
13:41:06,PTBA,RG,3990,42,D,AK,YP,D
13:41:06,PTBA,RG,3990,2,D,AK,YP,D
13:41:06,PTBA,RG,3990,24,D,AK,XC,D
13:41:06,PTBA,RG,3990,1,D,AK,CC,D
13:41:06,PTBA,RG,3990,1,D,AK,XC,D
13:41:06,PTBA,RG,3990,1,D,AK,CC,D
13:41:06,PTBA,RG,3990,1,D,AK,CC,D
13:41:06,PTBA,RG,3990,50,D,AK,OD,D
13:41:06,PTBA,RG,3990,1,D,AK,XL,D
13:41:06,PTBA,RG,3990,5,D,AK,DR,D
13:41:06,PTBA,RG,3990,10,D,AK,YP,D
13:41:06,PTBA,RG,3990,25,D,AK,PD,D
13:41:06,PTBA,RG,3990,1,D,AK,YP,D
13:41:06,PTBA,RG,3990,1,D,AK,YP,D
13:41:06,PTBA,RG,3990,50,D,AK,YP,D
13:41:06,PTBA,RG,3990,1,D,AK,BK,F
13:41:06,PTBA,RG,3990,10,D,AK,AI,D
13:41:06,PTBA,RG,3990,10,D,AK,BK,F
13:41:06,PTBA,RG,3990,150,D,AK,DR,D
13:40:46,PTBA,RG,3980,1,D,SQ,XL,D
13:40:36,PTBA,RG,3980,2,D,SQ,DR,D
13:40:36,PTBA,RG,3980,2,D,CC,DR,D
13:40:36,PTBA,RG,3980,6,D,AK,DR,D
13:40:36,PTBA,RG,3980,81,D,AK,CC,D
13:40:10,PTBA,RG,3980,1,D,AK,XL,D
13:39:40,PTBA,RG,3980,1,D,AK,DH,D
13:39:22,PTBA,RG,3980,25,D,AK,DH,D
13:39:14,PTBA,RG,3980,50,D,AK,DH,D
13:38:01,PTBA,RG,3980,9,D,AK,YP,D
13:37:00,PTBA,RG,3980,88,D,AK,CC,D
13:36:58,PTBA,RG,3990,10,D,YP,DR,D
13:36:56,PTBA,RG,3990,1,D,XC,DR,D
13:36:56,PTBA,RG,3990,1,D,XL,DR,D
13:35:50,PTBA,RG,3990,5,D,YP,DR,D
13:35:46,PTBA,RG,3990,2,D,PD,DR,D
13:35:40,PTBA,RG,3980,1,D,AK,BK,F
13:35:40,PTBA,RG,3980,11,D,CC,BK,F
13:35:33,PTBA,RG,3980,1,D,CC,PD,D
13:35:16,PTBA,RG,3980,1,D,CC,PD,D
13:35:15,PTBA,RG,3980,1,D,CC,XL,D
13:35:15,PTBA,RG,3990,2,D,NI,DR,D
13:34:58,PTBA,RG,3980,8,D,CC,XL,D
13:34:41,PTBA,RG,3990,5,D,PD,DR,D
13:34:28,PTBA,RG,3980,24,D,CC,BK,F
13:34:25,PTBA,RG,3980,10,D,CC,NI,D
13:34:06,PTBA,RG,3990,2,D,CC,DR,D
13:33:40,PTBA,RG,3980,11,D,CC,NI,D
13:33:30,PTBA,RG,3980,33,D,CC,GR,D
13:33:30,PTBA,RG,3980,3,F,CC,GR,D
13:33:30,PTBA,RG,3980,1,D,XC,GR,D
13:33:30,PTBA,RG,3980,1,D,YU,GR,D
13:33:30,PTBA,RG,3980,1,D,PD,GR,D
13:33:30,PTBA,RG,3980,3,D,PD,GR,D
13:33:30,PTBA,RG,3980,10,D,DH,GR,D
13:33:30,PTBA,RG,3980,10,D,SQ,GR,D
13:33:30,PTBA,RG,3980,10,D,XL,GR,D
13:33:30,PTBA,RG,3980,10,D,CC,GR,D
13:33:30,PTBA,RG,3980,18,D,XL,GR,D
13:33:30,PTBA,RG,3980,10,D,PD,GR,D
13:33:30,PTBA,RG,3980,2,D,YP,GR,D
13:33:30,PTBA,RG,3980,1,D,DH,GR,D
13:33:30,PTBA,RG,3980,83,D,PD,GR,D
13:33:30,PTBA,RG,3980,100,D,CC,GR,D
13:33:30,PTBA,RG,3980,53,D,AI,GR,D
13:33:19,PTBA,RG,3980,22,D,AI,RO,D
13:33:19,PTBA,RG,3980,3,D,NI,RO,D
13:33:19,PTBA,RG,3980,5,D,YP,RO,D
13:33:19,PTBA,RG,3980,1,D,YP,XL,D
13:33:16,PTBA,RG,3990,2,D,PD,DR,D
13:33:01,PTBA,RG,3990,1,D,PD,DR,D
13:32:59,PTBA,RG,3980,10,D,YP,XL,D
13:32:51,PTBA,RG,3980,2,D,YP,PD,D
13:32:36,PTBA,RG,3980,2,D,YP,XC,D
13:32:27,PTBA,RG,3980,4,D,YP,XC,D
13:32:19,PTBA,RG,3990,2,D,PD,DR,D
13:32:12,PTBA,RG,3980,1,D,YP,XC,D
13:32:12,PTBA,RG,3980,7,D,CD,XC,D
13:32:12,PTBA,RG,3980,1,D,CD,XC,D
13:32:07,PTBA,RG,3980,14,D,CD,XC,D
13:32:07,PTBA,RG,3980,37,D,AI,XC,D
13:32:04,PTBA,RG,3980,14,D,AI,DX,F
13:32:01,PTBA,RG,3980,4,D,AI,XC,D
13:31:43,PTBA,RG,3980,1,D,AI,YP,D
13:31:38,PTBA,RG,3980,1,D,AI,KK,D
13:31:24,PTBA,RG,3990,1,D,CC,DR,D
13:31:20,PTBA,RG,3980,2,D,AI,AZ,D
13:31:20,PTBA,RG,3980,16,D,AI,DX,F
13:31:20,PTBA,RG,3980,1,D,OD,DX,F
13:31:00,PTBA,RG,3990,3,F,YU,DR,D
13:30:54,PTBA,RG,3990,4,D,PD,DR,D
13:30:50,PTBA,RG,3990,3,F,YU,DR,D
13:30:43,PTBA,RG,3990,6,F,YU,DR,D
13:30:36,PTBA,RG,4000,7,F,YU,SQ,D
13:30:36,PTBA,RG,3990,5,F,YU,XL,D
13:30:32,PTBA,RG,4000,25,F,YU,SQ,D
13:30:26,PTBA,RG,4000,2,D,XL,SQ,D
13:30:26,PTBA,RG,3990,3,D,XL,CC,D
13:30:24,PTBA,RG,4000,425,F,YU,SQ,D
13:30:24,PTBA,RG,3990,21,F,YU,CC,D
13:30:24,PTBA,RG,3990,143,F,YU,SQ,D
13:30:23,PTBA,RG,3990,2,F,BK,SQ,D
13:30:23,PTBA,RG,3990,260,D,AK,SQ,D
13:30:23,PTBA,RG,3990,105,F,YU,SQ,D
13:30:23,PTBA,RG,3990,80,F,BK,SQ,D
13:30:23,PTBA,RG,3990,1,F,YU,SQ,D
13:30:23,PTBA,RG,3990,2157,D,AK,SQ,D
13:30:23,PTBA,RG,3990,273,F,AK,SQ,D
13:30:23,PTBA,RG,3990,1,D,XC,SQ,D
13:30:23,PTBA,RG,3990,1,D,XC,SQ,D
13:30:23,PTBA,RG,3990,5,D,XL,SQ,D
13:30:23,PTBA,RG,3990,61,F,DX,SQ,D
13:30:23,PTBA,RG,3990,1,D,XC,SQ,D
13:30:23,PTBA,RG,3990,1,D,OD,SQ,D
13:30:23,PTBA,RG,3990,2,D,KK,SQ,D
13:30:23,PTBA,RG,3990,5,D,IF,SQ,D
13:30:23,PTBA,RG,3990,1,D,PD,SQ,D
13:30:23,PTBA,RG,3990,26,D,PD,SQ,D
13:30:23,PTBA,RG,3990,1,D,CD,SQ,D
13:30:23,PTBA,RG,3990,10,D,PD,SQ,D
13:30:23,PTBA,RG,3990,25,D,PD,SQ,D
13:30:23,PTBA,RG,3990,1,D,PD,SQ,D
13:30:23,PTBA,RG,3990,1,D,PD,SQ,D
13:30:23,PTBA,RG,3990,883,D,CC,SQ,D
13:30:23,PTBA,RG,3990,2,D,PD,SQ,D
13:30:23,PTBA,RG,3990,3,D,DH,SQ,D
13:30:23,PTBA,RG,3990,100,D,PD,SQ,D
13:30:23,PTBA,RG,3990,3,D,PD,SQ,D
13:30:23,PTBA,RG,3990,5,D,PD,SQ,D
13:30:23,PTBA,RG,3990,2,D,OD,SQ,D
13:30:23,PTBA,RG,3990,5,D,CC,SQ,D
13:30:23,PTBA,RG,3990,1,D,CC,SQ,D
13:30:23,PTBA,RG,3990,50,D,NI,SQ,D
13:30:23,PTBA,RG,3990,150,D,YB,SQ,D
13:30:23,PTBA,RG,3990,1,D,CC,SQ,D
13:30:23,PTBA,RG,3990,2,F,BK,SQ,D
13:30:23,PTBA,RG,3990,46,F,BK,SQ,D
13:30:23,PTBA,RG,3990,5000,D,SQ,SQ,D
13:30:23,PTBA,RG,3990,3,D,PD,SQ,D
13:30:23,PTBA,RG,3990,5,D,CC,SQ,D
13:30:23,PTBA,RG,3990,77,F,BK,SQ,D
13:30:23,PTBA,RG,3990,13,D,CD,SQ,D
13:30:23,PTBA,RG,3990,1,D,XC,SQ,D
13:30:23,PTBA,RG,3990,253,D,XC,SQ,D
13:30:23,PTBA,RG,3990,2,D,NI,SQ,D
13:30:23,PTBA,RG,3990,5,D,XL,SQ,D
13:30:23,PTBA,RG,3990,200,D,NI,SQ,D
13:30:23,PTBA,RG,3990,25,D,PD,SQ,D
13:30:17,PTBA,RG,4000,2,D,AK,SQ,D
13:30:17,PTBA,RG,3990,5,D,PD,XL,D
13:30:12,PTBA,RG,4000,3,D,AK,SQ,D
13:30:11,PTBA,RG,3990,8,D,PD,XL,D
13:30:09,PTBA,RG,4000,1,D,AK,SQ,D
13:30:09,PTBA,RG,4000,2,D,YP,SQ,D
13:30:08,PTBA,RG,4000,17,D,AK,SQ,D
13:30:07,PTBA,RG,3990,40,D,PD,YP,D
13:30:06,PTBA,RG,4000,173,D,AK,SQ,D
13:30:06,PTBA,RG,4000,651,F,AK,SQ,D
13:30:04,PTBA,RG,4000,1,D,XC,SQ,D
13:30:04,PTBA,RG,4000,25,D,XC,SQ,D
13:30:04,PTBA,RG,3990,2,D,PD,XC,D
13:30:04,PTBA,RG,4000,10,D,EP,SQ,D
13:30:03,PTBA,RG,3990,3,D,PD,XC,D
13:30:03,PTBA,RG,3990,1,D,XC,XC,D
13:30:03,PTBA,RG,3990,10,D,SQ,XC,D
13:30:03,PTBA,RG,3990,16,F,BK,XC,D
13:30:02,PTBA,RG,3990,4,F,BK,XC,D
13:30:02,PTBA,RG,3990,1,D,AK,XC,D
13:30:02,PTBA,RG,4000,7,D,AK,SQ,D
13:30:01,PTBA,RG,3990,1,D,AK,PD,D
13:30:01,PTBA,RG,3990,1,D,AK,PD,D
13:30:01,PTBA,RG,4000,1,D,PD,SQ,D
13:30:01,PTBA,RG,4000,1,D,PD,SQ,D
13:30:01,PTBA,RG,4000,3,D,PD,SQ,D
13:30:01,PTBA,RG,3990,2,D,AK,PD,D
13:30:01,PTBA,RG,3990,30,D,AK,LG,D
13:30:01,PTBA,RG,3990,25,D,AK,PD,D
13:30:01,PTBA,RG,3990,2,D,AK,PD,D
13:30:01,PTBA,RG,3990,1,D,AK,PD,D
13:30:01,PTBA,RG,3990,46,D,AK,PD,D
13:30:01,PTBA,RG,4000,2,D,PD,SQ,D
13:30:01,PTBA,RG,3990,12,D,AK,PD,D
13:30:01,PTBA,RG,4000,1,D,PD,SQ,D
13:30:01,PTBA,RG,4000,4,D,PD,SQ,D
13:30:01,PTBA,RG,3990,1,D,AK,DH,D
13:30:01,PTBA,RG,3990,1,D,AK,EP,D
13:30:01,PTBA,RG,4000,25,D,GR,SQ,D
13:30:01,PTBA,RG,4000,1,F,ZP,SQ,D
13:30:01,PTBA,RG,3990,1,D,AK,KK,D
13:30:01,PTBA,RG,4000,10,D,KK,SQ,D
13:30:00,PTBA,RG,4000,1,D,YU,SQ,D
11:29:59,PTBA,RG,4000,2,F,AK,SQ,D
11:29:58,PTBA,RG,4000,1,F,AK,SQ,D
11:29:58,PTBA,RG,3990,2,D,AK,KI,D
11:29:54,PTBA,RG,4000,17,F,AK,SQ,D
11:29:54,PTBA,RG,4000,4,F,AK,SQ,D
11:29:53,PTBA,RG,4000,3,F,AK,SQ,D
11:29:53,PTBA,RG,3990,34,D,AK,CC,D
11:29:45,PTBA,RG,4000,11,F,AK,SQ,D
11:29:45,PTBA,RG,4000,6,F,AK,SQ,D
11:29:44,PTBA,RG,3990,3,D,AK,BK,F
11:29:39,PTBA,RG,3990,2,D,AK,NI,D
11:29:08,PTBA,RG,3990,5,D,AK,XL,D
11:28:57,PTBA,RG,4000,5,D,AK,SQ,D
11:28:57,PTBA,RG,4000,1,D,AT,SQ,D
11:28:56,PTBA,RG,4000,10,D,XC,SQ,D
11:28:46,PTBA,RG,4000,7,D,AK,SQ,D
11:28:45,PTBA,RG,4000,151,F,AK,SQ,D
11:28:30,PTBA,RG,4000,32,F,AK,SQ,D
11:28:13,PTBA,RG,3990,74,D,AK,CC,D
11:28:13,PTBA,RG,3990,6,F,YU,CC,D
11:28:11,PTBA,RG,4000,1,D,AK,SQ,D
11:28:10,PTBA,RG,3990,3,F,YU,PD,D
11:28:01,PTBA,RG,4000,1,D,AK,SQ,D
11:28:01,PTBA,RG,4000,2,D,PD,SQ,D
11:28:01,PTBA,RG,4000,38,D,AK,SQ,D
11:28:00,PTBA,RG,4000,90,F,AK,SQ,D
11:27:31,PTBA,RG,4000,23,D,AK,SQ,D
11:27:30,PTBA,RG,4000,52,F,AK,SQ,D
11:27:29,PTBA,RG,4000,1,D,OD,SQ,D
11:27:24,PTBA,RG,3990,1,F,YU,CC,D
11:27:17,PTBA,RG,4000,10,D,AK,SQ,D
11:27:17,PTBA,RG,3990,12,F,YU,BK,F
11:27:16,PTBA,RG,4000,10,D,NI,SQ,D
11:27:07,PTBA,RG,4000,34,D,AK,SQ,D
11:27:06,PTBA,RG,3990,80,F,YU,PD,D
11:27:04,PTBA,RG,4000,1,D,AK,SQ,D
11:27:04,PTBA,RG,4000,2,D,CC,SQ,D
11:27:04,PTBA,RG,4000,8,D,AK,SQ,D
11:27:03,PTBA,RG,4000,19,D,YU,SQ,D
11:26:34,PTBA,RG,4000,32,D,AK,SQ,D
11:26:33,PTBA,RG,4000,75,D,AI,SQ,D
11:26:31,PTBA,RG,4000,2,D,AK,SQ,D
11:26:30,PTBA,RG,3990,5,F,YU,CC,D
11:26:29,PTBA,RG,4000,1,D,AK,SQ,D
11:26:28,PTBA,RG,3990,1,F,YU,KK,D
11:26:18,PTBA,RG,4000,1,D,YP,SQ,D
11:26:09,PTBA,RG,4000,22,D,AK,SQ,D
11:26:08,PTBA,RG,4000,50,D,YP,SQ,D
11:26:07,PTBA,RG,4000,17,D,AK,SQ,D
11:26:06,PTBA,RG,4000,40,D,NI,SQ,D
11:26:02,PTBA,RG,4000,5,D,AK,SQ,D
11:26:02,PTBA,RG,4000,1,D,CC,SQ,D
11:26:01,PTBA,RG,4000,11,D,KK,SQ,D
11:25:45,PTBA,RG,4000,17,D,AK,SQ,D
11:25:45,PTBA,RG,4000,1,D,AK,YP,D
11:25:45,PTBA,RG,4000,1,D,AK,PD,D
11:25:45,PTBA,RG,4000,24,D,AK,GR,D
11:25:44,PTBA,RG,4000,100,D,CC,GR,D
11:25:09,PTBA,RG,4000,1,D,PD,GR,D
11:25:04,PTBA,RG,4000,1,D,AK,GR,D
11:25:03,PTBA,RG,4000,1,D,YP,GR,D
11:24:58,PTBA,RG,4000,43,D,AK,GR,D
11:24:57,PTBA,RG,3990,100,F,YU,CC,D
11:24:51,PTBA,RG,3990,1,F,YU,PD,D
11:24:41,PTBA,RG,4000,1,D,AK,GR,D
11:24:40,PTBA,RG,4000,3,D,PD,GR,D
11:24:36,PTBA,RG,4000,8,D,AK,GR,D
11:24:35,PTBA,RG,4000,18,D,LG,GR,D
11:24:23,PTBA,RG,4000,36,D,AK,GR,D
11:24:23,PTBA,RG,3990,63,F,YU,CC,D
11:24:23,PTBA,RG,3990,5,D,XA,CC,D
11:24:23,PTBA,RG,3990,17,F,DX,CC,D
11:24:21,PTBA,RG,4000,1,D,AK,GR,D
11:24:20,PTBA,RG,4000,1,D,XC,GR,D
11:24:17,PTBA,RG,4000,5,D,AK,GR,D
11:24:16,PTBA,RG,4000,7,D,YP,GR,D
11:24:16,PTBA,RG,4000,5,D,YP,CP,D
11:23:58,PTBA,RG,4000,13,D,AK,CP,D
11:23:39,PTBA,RG,4000,10,D,XL,CP,D
11:23:29,PTBA,RG,4000,21,F,YU,CP,D
11:23:28,PTBA,RG,4000,51,D,AK,CP,D
11:23:28,PTBA,RG,4000,15,D,AK,DH,D
11:23:28,PTBA,RG,4000,1,D,AK,XL,D
11:23:28,PTBA,RG,4000,5,D,AK,XL,D
11:23:28,PTBA,RG,4000,1,D,AK,YP,D
11:23:28,PTBA,RG,4000,10,D,AK,XA,D
11:23:28,PTBA,RG,4000,2,D,AK,PD,D
11:23:28,PTBA,RG,4000,2,D,AK,YP,D
11:23:28,PTBA,RG,4000,2,D,AK,YP,D
11:23:28,PTBA,RG,4000,1,D,AK,CP,D
11:23:28,PTBA,RG,4000,13,D,AK,CC,D
11:23:28,PTBA,RG,4000,43,D,AK,YP,D
11:23:28,PTBA,RG,4000,20,F,BK,YP,D
11:23:08,PTBA,RG,4000,23,F,BK,YP,D
11:22:54,PTBA,RG,4000,15,F,YU,YP,D
11:22:52,PTBA,RG,4000,23,F,BK,YP,D
11:22:40,PTBA,RG,3990,2,F,DX,CC,D
11:22:35,PTBA,RG,4000,21,F,BK,YP,D
11:22:18,PTBA,RG,4000,23,F,BK,YP,D
11:22:04,PTBA,RG,4000,50,D,CC,YP,D
11:21:43,PTBA,RG,4000,10,D,PD,YP,D
11:21:41,PTBA,RG,4000,21,F,YU,YP,D
11:21:41,PTBA,RG,3990,16,F,DX,KK,D
11:21:41,PTBA,RG,3990,8,D,NI,KK,D
11:21:41,PTBA,RG,3990,76,D,CC,KK,D
11:21:41,PTBA,RG,3990,20,D,CC,BK,F
11:21:32,PTBA,RG,4000,1,D,PD,YP,D
11:21:18,PTBA,RG,3990,1,D,CC,YP,D
11:21:12,PTBA,RG,3990,1,D,CC,KK,D
11:21:02,PTBA,RG,3990,2,D,CC,XC,D
11:20:56,PTBA,RG,4000,6,D,YP,CC,D
11:20:55,PTBA,RG,4000,1,D,CC,CC,D
11:20:38,PTBA,RG,4000,55,D,AK,CC,D
11:20:37,PTBA,RG,4000,1,D,XL,CC,D
11:20:37,PTBA,RG,4000,2,D,XL,YP,D
11:20:25,PTBA,RG,4000,15,F,YU,YP,D
11:20:24,PTBA,RG,3990,10,D,CC,YP,D
11:20:20,PTBA,RG,3990,45,D,CC,PD,D
11:20:08,PTBA,RG,3990,5,D,CC,PD,D
11:20:07,PTBA,RG,3990,1,D,CC,YP,D
11:20:05,PTBA,RG,3990,30,D,CC,IF,D
11:19:55,PTBA,RG,3990,2,D,CC,YP,D
11:19:40,PTBA,RG,3990,2,D,CC,KK,D
11:19:33,PTBA,RG,3990,2,D,CC,YP,D
11:19:29,PTBA,RG,3990,13,D,CC,OD,D
11:19:28,PTBA,RG,4000,11,D,AK,YP,D
11:19:18,PTBA,RG,3990,1,D,CC,XL,D
11:19:03,PTBA,RG,3990,20,D,CC,YP,D
11:19:00,PTBA,RG,3990,4,D,CC,XC,D
11:18:28,PTBA,RG,4000,2,D,AK,YP,D
11:18:28,PTBA,RG,4000,7,D,AK,PD,D
11:17:48,PTBA,RG,4000,1,D,YP,PD,D
11:17:47,PTBA,RG,4000,1,D,XC,PD,D
11:17:45,PTBA,RG,4000,16,D,PD,PD,D
11:17:45,PTBA,RG,4000,4,D,PD,CC,D
11:17:35,PTBA,RG,4000,7,D,AK,CC,D
11:17:35,PTBA,RG,3990,15,D,CC,XL,D
11:17:35,PTBA,RG,4000,1,D,NI,CC,D
11:17:31,PTBA,RG,4000,1,D,XC,CC,D
11:17:30,PTBA,RG,4000,2,D,AK,CC,D
11:17:29,PTBA,RG,4000,5,D,XA,CC,D
11:17:18,PTBA,RG,4000,1,D,KK,CC,D
11:17:09,PTBA,RG,4000,3,F,CC,CC,D
11:17:09,PTBA,RG,4000,6,F,YU,CC,D
11:17:07,PTBA,RG,4000,9,F,YU,YP,D
11:17:07,PTBA,RG,4000,12,F,YU,YP,D
11:17:07,PTBA,RG,4000,16,D,YP,YP,D
11:17:07,PTBA,RG,4000,10,D,DH,YP,D
11:17:07,PTBA,RG,4000,1,D,XL,YP,D
11:17:07,PTBA,RG,4000,52,D,SQ,YP,D
11:17:06,PTBA,RG,4000,13,D,SQ,DH,D
11:17:02,PTBA,RG,4000,11,D,SQ,YU,D
11:17:01,PTBA,RG,4000,100,D,SQ,YP,D
11:17:00,PTBA,RG,4000,12,D,SQ,SQ,D
11:17:00,PTBA,RG,4000,1,F,CC,SQ,D
11:17:00,PTBA,RG,4000,15,F,YU,SQ,D
11:17:00,PTBA,RG,4000,25,D,KK,SQ,D
11:17:00,PTBA,RG,4000,10,D,KK,YP,D
11:16:59,PTBA,RG,4000,1,D,KK,YP,D
11:16:58,PTBA,RG,4000,23,D,KK,YU,D
11:16:57,PTBA,RG,4000,66,D,KK,YP,D
11:16:57,PTBA,RG,4000,1,D,AT,YP,D
11:16:57,PTBA,RG,4000,30,D,YU,YP,D
11:16:57,PTBA,RG,4000,3,F,YU,YP,D
11:16:56,PTBA,RG,4000,10,F,YU,PD,D
11:16:53,PTBA,RG,4000,1,F,YU,YP,D
11:16:53,PTBA,RG,4000,100,D,EP,YP,D
11:16:53,PTBA,RG,4000,6,D,XC,YP,D
11:16:53,PTBA,RG,4000,15,F,YU,YP,D
11:16:53,PTBA,RG,4000,14,F,YU,YP,D
11:16:53,PTBA,RG,4000,14,F,AK,YP,D
11:16:53,PTBA,RG,4000,155,F,AK,PD,D
11:16:53,PTBA,RG,4000,9,F,AK,PD,D
11:16:49,PTBA,RG,4000,5,F,AK,DR,D
11:16:45,PTBA,RG,4010,16,F,YU,PD,D
11:16:45,PTBA,RG,4010,1,F,YU,YP,D
11:16:45,PTBA,RG,4010,3,F,YU,SQ,D
11:16:43,PTBA,RG,4000,30,F,AK,AT,D
11:16:43,PTBA,RG,4000,100,F,AK,YP,D
11:16:40,PTBA,RG,4000,9,F,AK,YP,D
11:16:40,PTBA,RG,4000,41,F,AK,YP,D
11:16:32,PTBA,RG,4000,2,F,AK,PD,D
11:16:29,PTBA,RG,4000,1,F,AK,SQ,D
11:16:29,PTBA,RG,4010,15,F,YU,SQ,D
11:16:27,PTBA,RG,4000,2,F,AK,CC,D
11:16:13,PTBA,RG,4000,100,F,AK,YP,D
11:16:12,PTBA,RG,4000,3,F,AK,NI,D
11:16:07,PTBA,RG,4010,3,D,YP,SQ,D
11:15:55,PTBA,RG,4010,24,D,YP,SQ,D
11:15:53,PTBA,RG,4010,1,D,XC,SQ,D
11:15:50,PTBA,RG,4000,1,D,XC,XL,D
11:15:50,PTBA,RG,4000,2,D,PD,XL,D
11:15:47,PTBA,RG,4010,1,D,YP,SQ,D
11:15:43,PTBA,RG,4010,1,D,XC,SQ,D
11:15:34,PTBA,RG,4010,2,D,XC,SQ,D
11:15:33,PTBA,RG,4020,46,F,ZP,NI,D
11:15:33,PTBA,RG,4020,48,F,ZP,NI,D
11:15:32,PTBA,RG,4020,46,F,ZP,NI,D
11:15:31,PTBA,RG,4020,47,F,ZP,NI,D
11:15:31,PTBA,RG,4020,46,F,ZP,NI,D
11:15:31,PTBA,RG,4020,47,F,ZP,NI,D
11:15:31,PTBA,RG,4010,1,F,ZP,YP,D
11:15:30,PTBA,RG,4020,47,F,ZP,NI,D
11:15:30,PTBA,RG,4020,47,F,ZP,NI,D
11:15:30,PTBA,RG,4010,74,F,YU,AK,F
11:15:30,PTBA,RG,4010,25,D,GR,AK,F
11:15:30,PTBA,RG,4010,51,D,PD,AK,F
11:15:30,PTBA,RG,4010,100,D,PD,DR,D
11:15:29,PTBA,RG,4020,50,F,YU,NI,D
11:15:29,PTBA,RG,4020,47,F,ZP,NI,D
11:15:29,PTBA,RG,4020,49,F,ZP,NI,D
11:15:29,PTBA,RG,4020,48,F,ZP,NI,D
11:15:28,PTBA,RG,4020,49,F,ZP,NI,D
11:15:28,PTBA,RG,4010,104,D,PD,CC,D
11:15:28,PTBA,RG,4010,1,F,YU,CC,D
11:15:28,PTBA,RG,4010,4,D,XC,CC,D
11:15:28,PTBA,RG,4010,47,F,ZP,CC,D
11:15:28,PTBA,RG,4010,49,F,ZP,CC,D
11:15:28,PTBA,RG,4010,46,F,ZP,CC,D
11:15:28,PTBA,RG,4010,47,F,ZP,CC,D
11:15:28,PTBA,RG,4010,50,F,ZP,CC,D
11:15:28,PTBA,RG,4010,47,F,ZP,YP,D
11:15:28,PTBA,RG,4010,28,F,ZP,YP,D
11:15:28,PTBA,RG,4020,47,F,ZP,NI,D
11:15:27,PTBA,RG,4020,49,F,ZP,NI,D
11:15:27,PTBA,RG,4010,20,F,ZP,HD,D
11:15:27,PTBA,RG,4010,47,F,ZP,HD,D
11:15:27,PTBA,RG,4010,33,F,BK,HD,D
11:15:27,PTBA,RG,4020,47,F,ZP,NI,D
11:15:26,PTBA,RG,4020,47,F,ZP,NI,D
11:15:26,PTBA,RG,4020,40,F,ZP,NI,D
11:15:26,PTBA,RG,4020,8,F,ZP,KK,D
11:15:26,PTBA,RG,4020,42,F,ZP,KK,D
11:15:26,PTBA,RG,4020,7,F,ZP,AG,D
11:15:25,PTBA,RG,4020,21,F,ZP,AG,D
11:15:25,PTBA,RG,4020,1,F,ZP,YP,D
11:15:25,PTBA,RG,4020,28,F,ZP,YP,D
11:15:25,PTBA,RG,4010,53,F,BK,GR,D
11:15:25,PTBA,RG,4010,3,D,CC,GR,D
11:15:25,PTBA,RG,4010,47,F,ZP,GR,D
11:15:25,PTBA,RG,4010,48,F,ZP,GR,D
11:15:25,PTBA,RG,4010,47,F,ZP,GR,D
11:15:25,PTBA,RG,4010,46,F,ZP,GR,D
11:15:25,PTBA,RG,4010,1,D,YP,GR,D
11:15:25,PTBA,RG,4010,47,F,ZP,GR,D
11:15:25,PTBA,RG,4010,48,F,ZP,GR,D
11:15:25,PTBA,RG,4010,48,F,ZP,GR,D
11:15:25,PTBA,RG,4010,48,F,ZP,GR,D
11:15:25,PTBA,RG,4010,46,F,ZP,GR,D
11:15:25,PTBA,RG,4010,47,F,ZP,GR,D
11:15:25,PTBA,RG,4010,48,F,ZP,GR,D
11:15:25,PTBA,RG,4010,50,F,ZP,GR,D
11:15:25,PTBA,RG,4010,49,F,ZP,GR,D
11:15:25,PTBA,RG,4010,49,F,ZP,GR,D
11:15:25,PTBA,RG,4010,49,F,ZP,GR,D
11:15:25,PTBA,RG,4010,48,F,ZP,GR,D
11:15:25,PTBA,RG,4010,500,D,HP,GR,D
11:15:25,PTBA,RG,4010,47,F,ZP,GR,D
11:15:25,PTBA,RG,4010,101,F,BK,GR,D
11:15:25,PTBA,RG,4010,47,F,ZP,GR,D
11:15:25,PTBA,RG,4010,251,F,YU,GR,D
11:15:25,PTBA,RG,4010,189,F,AK,GR,D
11:15:25,PTBA,RG,4010,46,F,ZP,GR,D
11:15:25,PTBA,RG,4010,497,F,BK,GR,D
11:15:24,PTBA,RG,4010,1,F,BK,YP,D
11:15:24,PTBA,RG,4010,2,F,BK,PD,D
11:15:24,PTBA,RG,4020,2,D,PD,YP,D
11:15:23,PTBA,RG,4020,20,F,ZP,YP,D
11:15:23,PTBA,RG,4020,1,F,ZP,PD,D
11:15:23,PTBA,RG,4020,17,F,ZP,GR,D
11:15:21,PTBA,RG,4020,46,F,ZP,GR,D
11:15:19,PTBA,RG,4020,35,D,YP,GR,D
11:15:19,PTBA,RG,4020,2,F,ZP,GR,D
11:15:19,PTBA,RG,4020,10,F,ZP,KK,D
11:15:19,PTBA,RG,4020,36,F,ZP,XC,D
11:15:19,PTBA,RG,4010,1,F,BK,SQ,D
11:15:17,PTBA,RG,4020,2,F,ZP,XC,D
11:15:17,PTBA,RG,4020,1,F,ZP,XC,D
11:15:17,PTBA,RG,4020,25,F,ZP,NI,D
11:15:17,PTBA,RG,4020,5,F,ZP,AZ,D
11:15:17,PTBA,RG,4020,16,F,ZP,CC,D
11:15:16,PTBA,RG,4020,4,F,YU,CC,D
11:15:16,PTBA,RG,4020,100,F,YU,YP,D
11:15:16,PTBA,RG,4020,9,F,YU,NI,D
11:15:16,PTBA,RG,4020,6,F,YU,YP,D
11:15:16,PTBA,RG,4020,1,F,YU,PD,D
11:15:16,PTBA,RG,4020,75,F,YU,AZ,D
11:15:16,PTBA,RG,4020,1,F,YU,XC,D
11:15:16,PTBA,RG,4020,15,F,YU,PD,D
11:15:16,PTBA,RG,4020,5,F,YU,PD,D
11:15:16,PTBA,RG,4020,50,F,YU,YP,D
11:15:16,PTBA,RG,4020,5,F,YU,NI,D
11:15:16,PTBA,RG,4020,2,F,YU,NI,D
11:15:16,PTBA,RG,4020,5,F,YU,CC,D
11:15:16,PTBA,RG,4020,10,F,YU,EP,D
11:15:16,PTBA,RG,4020,3,F,YU,XC,D
11:15:16,PTBA,RG,4020,10,F,YU,YP,D
11:15:16,PTBA,RG,4020,1,F,YU,PD,D
11:15:16,PTBA,RG,4020,5,F,YU,PD,D
11:15:16,PTBA,RG,4020,3,F,YU,PD,D
11:15:16,PTBA,RG,4020,1,F,YU,YB,D
11:15:16,PTBA,RG,4020,1,F,YU,PD,D
11:15:16,PTBA,RG,4020,10,F,YU,DH,D
11:15:16,PTBA,RG,4020,5,F,YU,YP,D
11:15:16,PTBA,RG,4010,1335,F,BK,MG,D
11:15:16,PTBA,RG,4010,48,F,ZP,MG,D
11:15:16,PTBA,RG,4010,47,F,ZP,MG,D
11:15:16,PTBA,RG,4010,48,F,ZP,MG,D
11:15:16,PTBA,RG,4010,156,F,AK,MG,D
11:15:16,PTBA,RG,4010,47,F,ZP,MG,D
11:15:16,PTBA,RG,4010,49,F,ZP,MG,D
11:15:16,PTBA,RG,4010,113,F,YU,MG,D
11:15:16,PTBA,RG,4010,48,F,ZP,MG,D
11:15:16,PTBA,RG,4010,47,F,ZP,MG,D
11:15:16,PTBA,RG,4010,86,F,BK,MG,D
11:15:16,PTBA,RG,4010,15,F,ZP,MG,D
11:15:16,PTBA,RG,4010,48,F,ZP,MG,D
11:15:16,PTBA,RG,4010,49,F,ZP,MG,D
11:15:16,PTBA,RG,4010,47,F,ZP,MG,D
11:15:16,PTBA,RG,4010,29,F,ZP,MG,D
11:15:16,PTBA,RG,4010,19,F,ZP,NI,D
11:15:16,PTBA,RG,4010,4,D,DR,NI,D
11:15:16,PTBA,RG,4010,27,F,ZP,NI,D
11:15:15,PTBA,RG,4010,1,F,ZP,PD,D
11:15:14,PTBA,RG,4020,46,F,ZP,YJ,D
11:15:14,PTBA,RG,4010,19,F,ZP,GR,D
11:15:14,PTBA,RG,4010,49,F,ZP,GR,D
11:15:14,PTBA,RG,4010,32,F,ZP,GR,D
11:15:13,PTBA,RG,4010,1,F,ZP,YP,D
11:15:13,PTBA,RG,4020,20,F,BK,YJ,D
11:15:12,PTBA,RG,4020,48,F,ZP,YJ,D
11:15:12,PTBA,RG,4010,15,F,ZP,NI,D
11:15:10,PTBA,RG,4010,1,F,ZP,XC,D
11:15:10,PTBA,RG,4010,9,F,ZP,XC,D
11:15:10,PTBA,RG,4010,25,F,ZP,YP,D
11:15:10,PTBA,RG,4010,10,F,ZP,PD,D
11:15:10,PTBA,RG,4010,4,F,ZP,CC,D
11:15:09,PTBA,RG,4010,16,D,YP,CC,D
11:15:09,PTBA,RG,4010,9,D,YP,CC,D
11:15:09,PTBA,RG,4010,99,F,YU,CC,D
11:15:09,PTBA,RG,4010,1,F,YU,XC,D
11:15:09,PTBA,RG,4010,1,F,YU,XL,D
11:15:09,PTBA,RG,4010,1,F,YU,XC,D
11:15:09,PTBA,RG,4010,8,F,YU,CC,D
11:15:09,PTBA,RG,4010,10,F,YU,DH,D
11:15:09,PTBA,RG,4010,1,F,YU,PD,D
11:15:09,PTBA,RG,4010,1,F,YU,SQ,D
11:15:09,PTBA,RG,4010,1,F,YU,XC,D
11:15:09,PTBA,RG,4010,2,F,YU,PD,D
11:15:09,PTBA,RG,4010,1,F,YU,EL,D
11:15:09,PTBA,RG,4010,20,F,YU,GR,D
11:15:09,PTBA,RG,4010,25,F,YU,PD,D
11:15:09,PTBA,RG,4010,200,F,YU,AG,D
11:15:09,PTBA,RG,4010,252,F,YU,NI,D
11:15:09,PTBA,RG,4010,30,D,CC,NI,D
11:15:09,PTBA,RG,4010,20,F,BK,NI,D
11:15:08,PTBA,RG,4010,50,F,ZP,NI,D
11:15:06,PTBA,RG,4010,48,F,ZP,NI,D
11:15:06,PTBA,RG,4010,120,F,BK,NI,D
11:15:05,PTBA,RG,4010,1000,F,AK,NI,D
11:15:04,PTBA,RG,4010,1000,F,AK,NI,D
11:15:04,PTBA,RG,4010,50,F,ZP,NI,D
11:15:04,PTBA,RG,4010,1000,F,AK,NI,D
11:15:03,PTBA,RG,4010,1000,F,AK,NI,D
11:15:03,PTBA,RG,4010,7,D,XC,NI,D
11:15:03,PTBA,RG,4010,1423,F,YU,NI,D
11:15:03,PTBA,RG,4010,10,F,YU,HP,D
11:15:03,PTBA,RG,4010,1,F,YU,YP,D
11:15:03,PTBA,RG,4010,25,F,YU,PD,D
11:15:03,PTBA,RG,4010,10,F,YU,DR,D
11:15:03,PTBA,RG,4010,1,F,YU,XC,D
11:15:03,PTBA,RG,4010,5,F,YU,XL,D
11:15:03,PTBA,RG,4010,5,F,YU,XL,D
11:15:03,PTBA,RG,4010,100,F,YU,YP,D
11:15:03,PTBA,RG,4010,25,F,YU,YP,D
11:15:03,PTBA,RG,4010,10,F,YU,GR,D
11:15:03,PTBA,RG,4010,3,F,YU,HP,D
11:15:03,PTBA,RG,4010,22,F,YU,XA,D
11:15:03,PTBA,RG,4010,110,F,YU,OD,D
11:15:03,PTBA,RG,4010,140,F,BK,OD,D
11:15:03,PTBA,RG,4010,3,F,BK,YP,D
11:15:03,PTBA,RG,4010,10,F,BK,CP,D
11:15:03,PTBA,RG,4010,1,F,BK,PD,D
11:15:03,PTBA,RG,4010,2,F,BK,DR,D
11:15:03,PTBA,RG,4010,3,F,BK,XC,D
11:15:03,PTBA,RG,4010,5,F,BK,NI,D
11:15:03,PTBA,RG,4010,1,F,BK,XC,D
11:15:03,PTBA,RG,4010,3,F,BK,YP,D
11:15:03,PTBA,RG,4010,4,F,BK,PD,D
11:15:03,PTBA,RG,4010,20,F,BK,NI,D
11:15:03,PTBA,RG,4010,2,F,BK,NI,D
11:15:03,PTBA,RG,4010,1,F,BK,PD,D
11:15:03,PTBA,RG,4010,11,F,BK,YP,D
11:15:02,PTBA,RG,4000,100,D,MG,SQ,D
11:15:02,PTBA,RG,4010,39,F,ZP,YP,D
11:15:02,PTBA,RG,4010,4,F,ZP,XC,D
11:15:02,PTBA,RG,4010,1,F,ZP,PD,D
11:15:02,PTBA,RG,4010,1,F,ZP,YB,D
11:15:02,PTBA,RG,4010,1,F,ZP,PD,D
11:15:00,PTBA,RG,4000,1,D,MG,BK,F
11:15:00,PTBA,RG,4000,2,D,MG,XL,D
11:15:00,PTBA,RG,4000,1,D,MG,PD,D
11:15:00,PTBA,RG,4000,10,D,MG,YP,D
11:15:00,PTBA,RG,4000,2,D,MG,YP,D
11:15:00,PTBA,RG,4000,3,D,MG,NI,D
11:15:00,PTBA,RG,4000,10,D,MG,PD,D
11:15:00,PTBA,RG,4000,1,D,MG,NI,D
11:15:00,PTBA,RG,4000,1,D,MG,CC,D
11:15:00,PTBA,RG,4000,10,D,MG,PD,D
11:15:00,PTBA,RG,4000,15,D,MG,PD,D
11:15:00,PTBA,RG,4000,1,D,MG,XL,D
11:15:00,PTBA,RG,4000,6,D,MG,XL,D
11:15:00,PTBA,RG,4000,5,D,MG,OD,D
11:15:00,PTBA,RG,4000,10,D,MG,XC,D
11:15:00,PTBA,RG,4000,50,D,MG,DX,D
11:15:00,PTBA,RG,4000,15,D,MG,GR,D
11:15:00,PTBA,RG,4000,48,D,MG,SQ,D
11:15:00,PTBA,RG,4000,11,D,MG,XL,D
11:15:00,PTBA,RG,4000,1,D,MG,PD,D
11:15:00,PTBA,RG,4000,1,D,MG,KK,D
11:15:00,PTBA,RG,4000,1,D,MG,XL,D
11:15:00,PTBA,RG,4000,1,D,MG,YP,D
11:15:00,PTBA,RG,4000,2,D,MG,KK,D
11:15:00,PTBA,RG,4000,4,D,MG,GR,D
11:15:00,PTBA,RG,4000,20,D,MG,XC,D
11:15:00,PTBA,RG,4000,1,D,MG,CC,D
11:15:00,PTBA,RG,4000,5,D,MG,XC,D
11:15:00,PTBA,RG,4000,100,D,MG,SQ,D
11:15:00,PTBA,RG,4000,5,D,MG,PD,D
11:15:00,PTBA,RG,4000,30,D,MG,PD,D
11:15:00,PTBA,RG,4000,5,D,MG,XL,D
11:15:00,PTBA,RG,4000,50,D,MG,YP,D
11:15:00,PTBA,RG,4000,26,D,MG,CC,D
11:15:00,PTBA,RG,4000,1,D,MG,PD,D
11:15:00,PTBA,RG,4000,1,D,MG,AI,D
11:15:00,PTBA,RG,4000,2,D,MG,PD,D
11:15:00,PTBA,RG,4000,10,D,MG,KK,D
11:15:00,PTBA,RG,4000,1,D,MG,NI,D
11:15:00,PTBA,RG,4000,3,D,MG,PC,D
11:15:00,PTBA,RG,4000,200,D,MG,SQ,D
11:15:00,PTBA,RG,4000,5,D,MG,NI,D
11:15:00,PTBA,RG,4000,1,D,MG,XC,D
11:15:00,PTBA,RG,4000,10,D,MG,DH,D
11:15:00,PTBA,RG,4000,35,D,MG,SQ,D
11:15:00,PTBA,RG,4000,5,D,MG,EP,D
11:15:00,PTBA,RG,4000,1,D,MG,XC,D
11:15:00,PTBA,RG,4000,20,D,MG,XC,D
11:15:00,PTBA,RG,4000,48,D,MG,XC,D
11:15:00,PTBA,RG,4000,2,D,MG,YP,D
11:15:00,PTBA,RG,4000,10,D,MG,AG,D
11:15:00,PTBA,RG,4000,1,D,MG,XC,D
11:15:00,PTBA,RG,4000,14,D,MG,YP,D
11:15:00,PTBA,RG,4000,20,D,MG,PD,D
11:15:00,PTBA,RG,4000,10,D,MG,AZ,D
11:15:00,PTBA,RG,4000,17,D,MG,NI,D
11:15:00,PTBA,RG,4000,27,D,MG,SQ,D
11:15:00,PTBA,RG,4000,63,D,MG,LG,D
11:15:00,PTBA,RG,4000,17,D,MG,PD,D
11:15:00,PTBA,RG,4000,10,D,MG,XC,D
11:15:00,PTBA,RG,4000,1,D,MG,KK,D
11:15:00,PTBA,RG,4000,7,D,MG,YP,D
11:15:00,PTBA,RG,4000,1,D,MG,CP,D
11:15:00,PTBA,RG,4000,50,D,MG,YP,D
11:15:00,PTBA,RG,4000,2,D,MG,XC,D
11:15:00,PTBA,RG,4000,5,D,MG,NI,D
11:15:00,PTBA,RG,4000,5,D,MG,PD,D
11:15:00,PTBA,RG,4000,150,D,MG,CP,D
11:15:00,PTBA,RG,4000,1,D,MG,XL,D
11:15:00,PTBA,RG,4000,25,D,MG,OD,D
11:15:00,PTBA,RG,4000,10,D,MG,DH,D
11:15:00,PTBA,RG,4000,25,D,MG,YP,D
11:15:00,PTBA,RG,4000,3,D,MG,CC,D
11:15:00,PTBA,RG,4000,839,D,MG,YP,D
11:15:00,PTBA,RG,4000,48,F,ZP,YP,D
11:14:59,PTBA,RG,4000,113,F,AK,YP,D
11:14:59,PTBA,RG,4000,25,F,AK,PD,D
11:14:59,PTBA,RG,4000,10,F,AK,XL,D
11:14:59,PTBA,RG,4000,8,F,AK,NI,D
11:14:59,PTBA,RG,4000,7,F,AK,XL,D
11:14:59,PTBA,RG,4000,5,F,AK,XC,D
11:14:59,PTBA,RG,4000,2,F,AK,XL,D
11:14:59,PTBA,RG,4000,6,F,AK,CC,D
11:14:59,PTBA,RG,4000,15,F,AK,XC,D
11:14:59,PTBA,RG,4000,15,F,AK,YP,D
11:14:59,PTBA,RG,4000,1,F,AK,PD,D
11:14:59,PTBA,RG,4000,5,F,AK,LG,D
11:14:59,PTBA,RG,4000,10,F,AK,PD,D
11:14:59,PTBA,RG,4000,49,F,AK,OD,D
11:14:59,PTBA,RG,4000,5,F,AK,XC,D
11:14:59,PTBA,RG,4000,2,F,AK,PD,D
11:14:59,PTBA,RG,4000,150,F,AK,DX,D
11:14:59,PTBA,RG,4000,2,F,AK,XC,D
11:14:59,PTBA,RG,4000,10,F,AK,CC,D
11:14:59,PTBA,RG,4000,1,F,AK,YP,D
11:14:59,PTBA,RG,4000,100,F,AK,AI,D
11:14:59,PTBA,RG,4000,50,F,AK,YP,D
11:14:59,PTBA,RG,4000,1,F,AK,PD,D
11:14:59,PTBA,RG,4000,20,F,AK,YP,D
11:14:59,PTBA,RG,4000,15,F,AK,YU,D
11:14:59,PTBA,RG,4000,200,F,AK,NI,D
11:14:59,PTBA,RG,4000,3,F,AK,PD,D
11:14:59,PTBA,RG,4000,1,F,AK,YP,D
11:14:59,PTBA,RG,4000,6,F,AK,PD,D
11:14:59,PTBA,RG,4000,1,F,AK,PD,D
11:14:59,PTBA,RG,4000,10,F,AK,CC,D
11:14:59,PTBA,RG,4000,48,F,AK,XC,D
11:14:59,PTBA,RG,4000,15,F,AK,DR,D
11:14:59,PTBA,RG,4000,89,F,AK,NI,D
11:14:59,PTBA,RG,4000,151,D,AZ,NI,D
11:14:59,PTBA,RG,4000,77,D,AZ,NI,D
11:14:59,PTBA,RG,4000,74,D,AZ,NI,D
11:14:59,PTBA,RG,4000,287,D,AZ,NI,D
11:14:59,PTBA,RG,4000,256,D,AZ,NI,D
11:14:59,PTBA,RG,4000,37,D,AZ,NI,D
11:14:59,PTBA,RG,4000,145,D,AZ,NI,D
11:14:59,PTBA,RG,4000,233,D,AZ,NI,D
11:14:59,PTBA,RG,4000,142,D,AZ,NI,D
11:14:59,PTBA,RG,4000,30,D,AZ,NI,D
11:14:59,PTBA,RG,4000,41,D,AZ,NI,D
11:14:59,PTBA,RG,4000,291,D,AZ,NI,D
11:14:59,PTBA,RG,4000,264,D,AZ,NI,D
11:14:59,PTBA,RG,4000,125,D,AZ,NI,D
11:14:59,PTBA,RG,4000,103,D,AZ,NI,D
11:14:59,PTBA,RG,4000,311,D,AZ,NI,D
11:14:59,PTBA,RG,4000,246,D,AZ,NI,D
11:14:59,PTBA,RG,4000,145,D,AZ,NI,D
11:14:59,PTBA,RG,4000,58,D,AZ,NI,D
11:14:59,PTBA,RG,4000,222,D,AZ,NI,D
11:14:59,PTBA,RG,4000,280,D,AZ,NI,D
11:14:59,PTBA,RG,4000,319,D,AZ,NI,D
11:14:59,PTBA,RG,4000,29,D,AZ,NI,D
11:14:59,PTBA,RG,4000,322,D,AZ,NI,D
11:14:59,PTBA,RG,4000,114,D,AZ,NI,D
11:14:59,PTBA,RG,4000,80,D,AZ,NI,D
11:14:59,PTBA,RG,4000,346,D,AZ,NI,D
11:14:59,PTBA,RG,4000,327,D,AZ,NI,D
11:14:59,PTBA,RG,4000,287,D,AZ,NI,D
11:14:59,PTBA,RG,4000,93,D,AZ,NI,D
11:14:59,PTBA,RG,4000,253,D,AZ,NI,D
11:14:59,PTBA,RG,4000,223,D,AZ,NI,D
11:14:59,PTBA,RG,4000,10,D,AZ,GR,D
11:14:59,PTBA,RG,4000,10,D,AZ,PD,D
11:14:59,PTBA,RG,4000,5,D,AZ,CC,D
11:14:59,PTBA,RG,4000,5,D,AZ,CC,D
11:14:59,PTBA,RG,4000,1,D,AZ,YP,D
11:14:59,PTBA,RG,4000,1,D,AZ,CP,D
11:14:59,PTBA,RG,4000,1,D,AZ,YP,D
11:14:59,PTBA,RG,4000,54,D,AZ,YP,D
11:14:59,PTBA,RG,4000,1,D,AZ,CC,D
11:14:59,PTBA,RG,4000,1,D,AZ,XC,D
11:14:59,PTBA,RG,4000,35,D,AZ,KK,D
11:14:59,PTBA,RG,4000,65,D,AZ,KK,D
11:14:59,PTBA,RG,4000,5,D,AZ,PD,D
11:14:59,PTBA,RG,4000,1,D,AZ,YP,D
11:14:59,PTBA,RG,4000,5,D,AZ,PD,D
11:14:59,PTBA,RG,4000,2,D,AZ,PD,D
11:14:59,PTBA,RG,4000,1,D,AZ,PD,D
11:14:59,PTBA,RG,4000,1,D,AZ,KK,D
11:14:59,PTBA,RG,4000,248,D,AZ,CC,D
11:14:59,PTBA,RG,4000,2,D,AZ,CC,D
11:14:59,PTBA,RG,4000,15,D,AZ,YP,D
11:14:59,PTBA,RG,4000,20,D,AZ,YP,D
11:14:59,PTBA,RG,4000,2,D,AZ,YP,D
11:14:59,PTBA,RG,4000,218,D,AZ,IT,D
11:14:59,PTBA,RG,4000,32,D,AZ,IT,D
11:14:59,PTBA,RG,4000,10,D,AZ,PD,D
11:14:59,PTBA,RG,4000,1,D,AZ,XC,D
11:14:59,PTBA,RG,4000,2,D,AZ,PD,D
11:14:59,PTBA,RG,4000,10,D,AZ,PD,D
11:14:59,PTBA,RG,4000,6,D,AZ,PD,D
11:14:59,PTBA,RG,4000,40,D,AZ,PD,D
11:14:59,PTBA,RG,4000,4,D,AZ,PD,D
11:14:59,PTBA,RG,4000,146,D,AZ,CC,D
11:14:59,PTBA,RG,4000,54,D,AZ,CC,D
11:14:59,PTBA,RG,4000,3,D,AZ,PD,D
11:14:59,PTBA,RG,4000,3,D,AZ,SQ,D
11:14:59,PTBA,RG,4000,2,D,AZ,DH,D
11:14:59,PTBA,RG,4000,1,D,AZ,DH,D
11:14:59,PTBA,RG,4000,62,D,AZ,XL,D
11:14:59,PTBA,RG,4000,1,D,AZ,CC,D
11:14:59,PTBA,RG,4000,5,D,AZ,KK,D
11:14:59,PTBA,RG,4000,2,D,AZ,XC,D
11:14:59,PTBA,RG,4000,5,D,AZ,YP,D
11:14:59,PTBA,RG,4000,9,D,AZ,XC,D
11:14:59,PTBA,RG,4000,6,D,AZ,DR,D
11:14:59,PTBA,RG,4000,4,D,AZ,DR,D
11:14:59,PTBA,RG,4000,10,D,AZ,KK,D
11:14:59,PTBA,RG,4000,1,D,AZ,NI,D
11:14:59,PTBA,RG,4000,2,D,AZ,GR,D
11:14:59,PTBA,RG,4000,97,D,AZ,KK,D
11:14:59,PTBA,RG,4000,309,D,AZ,KK,D
11:14:59,PTBA,RG,4000,94,D,AZ,KK,D
11:14:59,PTBA,RG,4000,10,D,AZ,YB,D
11:14:59,PTBA,RG,4000,4,D,AZ,AZ,D
11:14:59,PTBA,RG,4000,10,D,AZ,GR,D
11:14:59,PTBA,RG,4000,1,D,AZ,SQ,D
11:14:59,PTBA,RG,4000,1,D,AZ,XC,D
11:14:59,PTBA,RG,4000,84,D,AZ,YP,D
11:14:59,PTBA,RG,4000,16,D,AZ,YP,D
11:14:59,PTBA,RG,4000,7,D,AZ,PD,D
11:14:59,PTBA,RG,4000,20,D,AZ,MK,D
11:14:59,PTBA,RG,4000,3,D,AZ,MG,D
11:14:59,PTBA,RG,4000,1,D,AZ,SQ,D
11:14:59,PTBA,RG,4000,1,D,AZ,NI,D
11:14:59,PTBA,RG,4000,10,D,AZ,YP,D
11:14:59,PTBA,RG,4000,20,D,AZ,TP,D
11:14:59,PTBA,RG,4000,6,D,AZ,YP,D
11:14:59,PTBA,RG,4000,20,D,AZ,PD,D
11:14:59,PTBA,RG,4000,2,D,AZ,PD,D
11:14:59,PTBA,RG,4000,5,D,AZ,PD,D
11:14:59,PTBA,RG,4000,10,D,AZ,CC,D
11:14:59,PTBA,RG,4000,20,D,AZ,GR,D
11:14:59,PTBA,RG,4000,5,D,AZ,SQ,D
11:14:59,PTBA,RG,4000,5,D,AZ,GR,D
11:14:59,PTBA,RG,4000,2,D,AZ,YP,D
11:14:59,PTBA,RG,4000,5,D,AZ,KK,D
11:14:59,PTBA,RG,4000,4,D,AZ,XC,D
11:14:59,PTBA,RG,4000,30,D,AZ,CC,D
11:14:59,PTBA,RG,4000,1,D,AZ,XC,D
11:14:59,PTBA,RG,4000,20,D,AZ,XC,D
11:14:59,PTBA,RG,4000,8,D,AZ,NI,D
11:14:59,PTBA,RG,4000,10,D,AZ,YP,D
11:14:59,PTBA,RG,4000,2,D,AZ,OD,D
11:14:59,PTBA,RG,4000,4,D,AZ,PD,D
11:14:59,PTBA,RG,4000,1,D,AZ,PD,D
11:14:59,PTBA,RG,4000,8,D,AZ,SQ,D
11:14:59,PTBA,RG,4000,2,D,AZ,SQ,D
11:14:59,PTBA,RG,4000,5,D,AZ,PD,D
11:14:59,PTBA,RG,4000,1,D,AZ,XC,D
11:14:59,PTBA,RG,4000,10,D,AZ,PD,D
11:14:59,PTBA,RG,4000,1,D,AZ,PD,D
11:14:59,PTBA,RG,4000,8,D,AZ,XC,D
11:14:59,PTBA,RG,4000,12,D,AZ,PD,D
11:14:59,PTBA,RG,4000,1,D,AZ,XC,D
11:14:59,PTBA,RG,4000,1,D,AZ,NI,D
11:14:59,PTBA,RG,4000,58,D,AZ,CP,D
11:14:59,PTBA,RG,4000,177,D,AZ,CP,D
11:14:59,PTBA,RG,4000,263,D,AZ,CP,D
11:14:59,PTBA,RG,4000,2,D,AZ,CP,D
11:14:59,PTBA,RG,4000,10,D,AZ,PD,D
11:14:59,PTBA,RG,4000,2,D,AZ,XC,D
11:14:59,PTBA,RG,4000,22,D,AZ,CC,D
11:14:59,PTBA,RG,4000,78,D,AZ,CC,D
11:14:59,PTBA,RG,4000,1,D,AZ,YP,D
11:14:59,PTBA,RG,4000,5,D,AZ,PD,D
11:14:59,PTBA,RG,4000,8,D,AZ,PD,D
11:14:59,PTBA,RG,4000,1,D,AZ,XC,D
11:14:59,PTBA,RG,4000,1,D,AZ,XL,D
11:14:59,PTBA,RG,4000,1,D,AZ,GR,D
11:14:59,PTBA,RG,4000,6,D,AZ,NI,D
11:14:59,PTBA,RG,4000,50,D,AZ,YJ,D
11:14:59,PTBA,RG,4000,11,D,AZ,PD,D
11:14:59,PTBA,RG,4000,45,D,AZ,CC,D
11:14:59,PTBA,RG,4000,2,D,AZ,PD,D
11:14:59,PTBA,RG,4000,31,D,AZ,YP,D
11:14:59,PTBA,RG,4000,19,D,AZ,YP,D
11:14:59,PTBA,RG,4000,18,D,AZ,XC,D
11:14:59,PTBA,RG,4000,1,D,AZ,XC,D
11:14:59,PTBA,RG,4000,9,D,AZ,NI,D
11:14:59,PTBA,RG,4000,10,D,AZ,XC,D
11:14:59,PTBA,RG,4000,1,D,AZ,PD,D
11:14:59,PTBA,RG,4000,4,D,AZ,PD,D
11:14:59,PTBA,RG,4000,100,D,AZ,YP,D
11:14:59,PTBA,RG,4000,1,D,AZ,LG,D
11:14:59,PTBA,RG,4000,25,D,AZ,XC,D
11:14:59,PTBA,RG,4000,10,D,AZ,PD,D
11:14:59,PTBA,RG,4000,16,D,AZ,PD,D
11:14:59,PTBA,RG,4000,25,D,AZ,XL,D
11:14:59,PTBA,RG,4000,4,D,AZ,PD,D
11:14:59,PTBA,RG,4000,20,D,AZ,ID,D
11:14:59,PTBA,RG,4000,27,D,AZ,IT,D
11:14:59,PTBA,RG,4000,223,D,AZ,IT,D
11:14:59,PTBA,RG,4000,34,D,AZ,IT,D
11:14:59,PTBA,RG,4000,102,D,AZ,IT,D
11:14:59,PTBA,RG,4000,114,D,AZ,IT,D
11:14:59,PTBA,RG,4000,6,D,AZ,YP,D
11:14:59,PTBA,RG,4000,156,D,AZ,YP,D
11:14:59,PTBA,RG,4000,44,D,AZ,YP,D
11:14:59,PTBA,RG,4000,3,D,AZ,NI,D
11:14:59,PTBA,RG,4000,20,D,AZ,LG,D
11:14:59,PTBA,RG,4000,20,D,AZ,YP,D
11:14:59,PTBA,RG,4000,100,D,AZ,CC,D
11:14:59,PTBA,RG,4000,2,D,AZ,EP,D
11:14:59,PTBA,RG,4000,1,D,AZ,OD,D
11:14:59,PTBA,RG,4000,1,D,AZ,DH,D
11:14:59,PTBA,RG,4000,20,D,AZ,SQ,D
11:14:59,PTBA,RG,4000,43,D,AZ,PD,D
11:14:59,PTBA,RG,4000,57,D,AZ,PD,D
11:14:59,PTBA,RG,4000,1,D,AZ,PD,D
11:14:59,PTBA,RG,4000,50,D,AZ,PD,D
11:14:59,PTBA,RG,4000,20,D,AZ,KK,D
11:14:59,PTBA,RG,4000,10,D,AZ,KK,D
11:14:59,PTBA,RG,4000,1,D,AZ,YP,D
11:14:59,PTBA,RG,4000,30,D,AZ,YP,D
11:14:59,PTBA,RG,4000,1,D,AZ,YP,D
11:14:59,PTBA,RG,4000,13,D,AZ,PD,D
11:14:59,PTBA,RG,4000,1,D,AZ,PD,D
11:14:59,PTBA,RG,4000,7,D,AZ,PD,D
11:14:59,PTBA,RG,4000,43,D,AZ,PD,D
11:14:59,PTBA,RG,4000,5,D,AZ,PD,D
11:14:59,PTBA,RG,4000,3,D,AZ,PD,D
11:14:59,PTBA,RG,4000,70,D,AZ,PD,D
11:14:59,PTBA,RG,4000,189,D,AZ,GR,D
11:14:59,PTBA,RG,4000,315,D,AZ,GR,D
11:14:59,PTBA,RG,4000,117,D,AZ,GR,D
11:14:59,PTBA,RG,4000,236,D,AZ,GR,D
11:14:59,PTBA,RG,4000,227,D,AZ,GR,D
11:14:59,PTBA,RG,4000,59,D,AZ,GR,D
11:14:59,PTBA,RG,4000,201,D,AZ,GR,D
11:14:59,PTBA,RG,4000,264,D,AZ,GR,D
11:14:59,PTBA,RG,4000,300,D,AZ,GR,D
11:14:59,PTBA,RG,4000,268,D,AZ,GR,D
11:14:59,PTBA,RG,4000,63,D,AZ,GR,D
11:14:59,PTBA,RG,4000,46,D,AZ,GR,D
11:14:59,PTBA,RG,4000,209,D,AZ,GR,D
11:14:59,PTBA,RG,4000,6,D,AZ,GR,D
11:14:59,PTBA,RG,4000,1,D,AZ,YB,D
11:14:59,PTBA,RG,4000,1,D,AZ,SQ,D
11:14:59,PTBA,RG,4000,1,D,AZ,PD,D
11:14:59,PTBA,RG,4000,10,D,AZ,YU,D
11:14:59,PTBA,RG,4000,1,D,AZ,PD,D
11:14:59,PTBA,RG,4000,5,D,AZ,YP,D
11:14:59,PTBA,RG,4000,10,D,AZ,AI,D
11:14:59,PTBA,RG,4000,215,D,AZ,SA,D
11:14:59,PTBA,RG,4000,41,D,AZ,SA,D
11:14:59,PTBA,RG,4000,89,D,AZ,SA,D
11:14:59,PTBA,RG,4000,47,D,AZ,SA,D
11:14:59,PTBA,RG,4000,171,D,AZ,SA,D
11:14:59,PTBA,RG,4000,205,D,AZ,SA,D
11:14:54,PTBA,RG,4000,49,F,ZP,SA,D
11:14:54,PTBA,RG,3990,2,D,CC,XC,D
11:14:53,PTBA,RG,4000,17,F,YU,SA,D
11:14:50,PTBA,RG,4000,24,F,BK,SA,D
11:14:50,PTBA,RG,4000,48,F,ZP,SA,D
11:14:48,PTBA,RG,4000,49,F,ZP,SA,D
11:14:48,PTBA,RG,4000,44,F,YU,SA,D
11:14:48,PTBA,RG,3990,1,D,CC,XC,D
11:14:46,PTBA,RG,4000,1,F,ZP,SA,D
11:14:46,PTBA,RG,4000,47,F,ZP,PC,D
11:14:46,PTBA,RG,3990,2,D,CC,YP,D
11:14:45,PTBA,RG,4000,23,F,BK,PC,D
11:14:45,PTBA,RG,3990,8,D,CC,BK,F
11:14:45,PTBA,RG,3990,1,D,CC,YB,D
11:14:45,PTBA,RG,3990,1,D,CC,XC,D
11:14:45,PTBA,RG,3990,20,D,CC,XL,D
11:14:45,PTBA,RG,3990,5,D,CC,YP,D
11:14:45,PTBA,RG,3990,8,D,CC,DH,D
11:14:45,PTBA,RG,3990,81,D,CC,CC,D
11:14:45,PTBA,RG,3990,60,D,CC,AK,D
11:14:45,PTBA,RG,3990,109,D,CC,CC,D
11:14:45,PTBA,RG,3990,10,D,CC,PD,D
11:14:45,PTBA,RG,3990,1,D,CC,YP,D
11:14:45,PTBA,RG,3990,39,D,CC,XL,D
11:14:44,PTBA,RG,3990,7,F,YU,XL,D
11:14:44,PTBA,RG,3990,1,F,YU,YP,D
11:14:44,PTBA,RG,3990,1,F,YU,XL,D
11:14:44,PTBA,RG,3990,10,F,YU,YP,D
11:14:44,PTBA,RG,3990,14,F,ZP,YP,D
11:14:44,PTBA,RG,3990,1,F,ZP,PD,D
11:14:44,PTBA,RG,3990,15,F,ZP,NI,D
11:14:44,PTBA,RG,3990,17,F,ZP,YP,D
11:14:44,PTBA,RG,3990,50,D,SQ,YP,D
11:14:34,PTBA,RG,3990,46,F,ZP,YP,D
11:14:34,PTBA,RG,3990,34,F,YU,YP,D
11:14:31,PTBA,RG,3990,48,F,ZP,YP,D
11:14:31,PTBA,RG,3990,1,D,OD,YP,D
11:14:29,PTBA,RG,3990,47,F,ZP,YP,D
11:14:29,PTBA,RG,3990,22,F,BK,YP,D
11:14:26,PTBA,RG,3990,5,D,EP,YP,D
11:14:25,PTBA,RG,3990,30,F,BK,YP,D
11:14:25,PTBA,RG,3990,2,F,BK,PD,D
11:14:25,PTBA,RG,3990,15,F,BK,NI,D
11:14:25,PTBA,RG,3990,5,F,ZP,NI,D
11:14:25,PTBA,RG,3990,2,F,ZP,SQ,D
11:14:25,PTBA,RG,3990,1,F,ZP,BK,F
11:14:25,PTBA,RG,3990,38,F,ZP,EP,D
11:14:24,PTBA,RG,3990,12,F,YU,EP,D
11:14:24,PTBA,RG,3990,104,F,YU,EP,D
11:14:22,PTBA,RG,3990,46,F,AK,EP,D
11:14:22,PTBA,RG,3990,25,F,AK,EP,D
11:14:22,PTBA,RG,3990,50,F,AK,EP,D
11:14:22,PTBA,RG,3990,50,F,AK,EP,D
11:14:22,PTBA,RG,3990,30,F,AK,EP,D
11:14:22,PTBA,RG,3990,100,F,AK,EP,D
11:14:22,PTBA,RG,3990,50,F,AK,EP,D
11:14:22,PTBA,RG,3990,100,F,AK,EP,D
11:14:22,PTBA,RG,3990,150,F,AK,EP,D
11:14:22,PTBA,RG,3990,150,F,AK,EP,D
11:14:22,PTBA,RG,3990,50,F,AK,EP,D
11:14:22,PTBA,RG,3990,25,F,AK,EP,D
11:14:22,PTBA,RG,3990,25,F,AK,EP,D
11:14:22,PTBA,RG,3990,5,F,AK,PD,D
11:14:22,PTBA,RG,3990,25,F,AK,PD,D
11:14:22,PTBA,RG,3990,12,F,AK,PD,D
11:14:22,PTBA,RG,3990,50,F,AK,DR,D
11:14:22,PTBA,RG,3990,1,F,AK,NI,D
11:14:22,PTBA,RG,3990,1,F,AK,XL,D
11:14:22,PTBA,RG,3990,30,F,AK,KK,D
11:14:22,PTBA,RG,3990,25,F,AK,SQ,D
11:14:22,PTBA,RG,3990,5,D,PD,SQ,D
11:14:21,PTBA,RG,3990,47,F,ZP,SQ,D
11:14:21,PTBA,RG,3990,23,F,BK,SQ,D
11:14:21,PTBA,RG,3990,1,F,BK,YP,D
11:14:18,PTBA,RG,3990,10,F,ZP,XL,D
11:14:18,PTBA,RG,3990,19,F,ZP,YP,D
11:14:18,PTBA,RG,3990,19,F,ZP,CC,D
11:14:17,PTBA,RG,3990,16,F,YU,CC,D
11:14:15,PTBA,RG,3990,48,F,ZP,CC,D
11:14:10,PTBA,RG,3990,17,F,ZP,CC,D
11:14:10,PTBA,RG,3990,1,F,ZP,CC,D
11:14:10,PTBA,RG,3990,1,F,ZP,RO,D
11:14:10,PTBA,RG,3990,2,F,ZP,GR,D
11:14:10,PTBA,RG,3990,25,F,ZP,DR,D
11:14:06,PTBA,RG,3990,5,F,ZP,DR,D
11:14:06,PTBA,RG,3990,3,F,ZP,XC,D
11:14:06,PTBA,RG,3990,35,F,ZP,XC,D
11:14:06,PTBA,RG,3990,5,F,ZP,GR,D
11:13:58,PTBA,RG,3990,15,F,YU,GR,D
11:13:57,PTBA,RG,3990,50,F,ZP,GR,D
11:13:57,PTBA,RG,3980,24,F,ZP,PD,D
11:13:57,PTBA,RG,3990,5,D,CC,GR,D
11:13:47,PTBA,RG,3990,49,F,ZP,GR,D
11:13:40,PTBA,RG,3990,19,F,YU,GR,D
11:13:38,PTBA,RG,3990,50,F,ZP,GR,D
11:13:36,PTBA,RG,3990,7,F,ZP,GR,D
11:13:36,PTBA,RG,3990,4,F,ZP,YP,D
11:13:36,PTBA,RG,3990,5,F,ZP,CC,D
11:13:36,PTBA,RG,3990,3,F,ZP,PD,D
11:13:36,PTBA,RG,3990,10,F,ZP,XL,D
11:13:36,PTBA,RG,3990,2,F,ZP,EP,D
11:13:36,PTBA,RG,3990,19,F,ZP,OD,D
11:13:36,PTBA,RG,3980,7,F,ZP,PD,D
11:13:28,PTBA,RG,3990,6,F,ZP,OD,D
11:13:28,PTBA,RG,3990,2,F,ZP,YP,D
11:13:28,PTBA,RG,3990,42,F,ZP,PC,D
11:13:28,PTBA,RG,3990,5,D,EP,PC,D
11:13:18,PTBA,RG,3990,16,F,YU,PC,D
11:13:17,PTBA,RG,3990,37,F,ZP,PC,D
11:13:17,PTBA,RG,3990,8,F,ZP,CP,D
11:13:17,PTBA,RG,3990,5,F,ZP,OD,D
11:13:10,PTBA,RG,3990,40,D,YU,OD,D
11:13:09,PTBA,RG,3990,47,F,ZP,OD,D
11:13:09,PTBA,RG,3990,7,F,BK,OD,D
11:13:08,PTBA,RG,3990,1,F,YU,OD,D
11:13:08,PTBA,RG,3990,12,F,YU,XC,D
11:13:08,PTBA,RG,3990,2,F,YU,PD,D
11:13:08,PTBA,RG,3990,4,F,YU,AT,D
11:13:07,PTBA,RG,3980,1,F,ZP,YP,D
11:13:07,PTBA,RG,3990,36,F,ZP,AT,D
11:13:07,PTBA,RG,3990,5,F,ZP,XC,D
11:13:07,PTBA,RG,3990,7,F,ZP,XL,D
11:13:03,PTBA,RG,3990,8,F,ZP,XL,D
11:13:03,PTBA,RG,3990,2,F,ZP,PD,D
11:13:03,PTBA,RG,3990,20,F,ZP,NI,D
11:13:03,PTBA,RG,3990,1,F,ZP,EL,D
11:13:03,PTBA,RG,3990,5,F,ZP,YP,D
11:13:03,PTBA,RG,3990,13,F,ZP,CC,D
11:12:52,PTBA,RG,3990,7,F,ZP,CC,D
11:12:52,PTBA,RG,3990,5,F,ZP,PD,D
11:12:52,PTBA,RG,3990,7,F,ZP,CP,D
11:12:52,PTBA,RG,3990,3,F,ZP,CC,D
11:12:52,PTBA,RG,3990,3,F,ZP,SQ,D
11:12:52,PTBA,RG,3990,5,F,ZP,XC,D
11:12:52,PTBA,RG,3990,7,F,ZP,CC,D
11:12:52,PTBA,RG,3990,1,F,ZP,YP,D
11:12:52,PTBA,RG,3990,9,F,ZP,PD,D
11:12:52,PTBA,RG,3990,15,D,KK,PD,D
11:12:48,PTBA,RG,3990,1,F,YU,PD,D
11:12:48,PTBA,RG,3990,1,F,YU,PD,D
11:12:48,PTBA,RG,3990,7,F,YU,NI,D
11:12:48,PTBA,RG,3990,10,F,YU,YP,D
11:12:47,PTBA,RG,3990,3,F,ZP,YP,D
11:12:47,PTBA,RG,3990,43,F,ZP,MK,D
11:12:47,PTBA,RG,3990,24,F,BK,MK,D
11:12:32,PTBA,RG,3990,33,F,ZP,MK,D
11:12:32,PTBA,RG,3990,17,F,ZP,PD,D
11:12:32,PTBA,RG,3980,1,F,ZP,SQ,D
11:12:28,PTBA,RG,3990,47,F,ZP,PD,D
11:12:27,PTBA,RG,3990,16,F,YU,PD,D
11:12:25,PTBA,RG,3990,49,F,ZP,PD,D
11:12:22,PTBA,RG,3990,50,F,ZP,PD,D
11:12:16,PTBA,RG,3990,46,F,ZP,PD,D
11:12:01,PTBA,RG,3990,16,F,YU,PD,D
11:12:00,PTBA,RG,3990,48,F,ZP,PD,D
11:11:58,PTBA,RG,3990,46,F,ZP,PD,D
11:11:55,PTBA,RG,3990,48,F,ZP,PD,D
11:11:55,PTBA,RG,3990,15,F,YU,PD,D
11:11:52,PTBA,RG,3990,49,F,ZP,PD,D
11:11:52,PTBA,RG,3990,22,F,BK,PD,D
11:11:44,PTBA,RG,3990,46,F,ZP,PD,D
11:11:44,PTBA,RG,3990,30,F,YU,PD,D
11:11:42,PTBA,RG,3990,1,D,PD,PD,D
11:11:40,PTBA,RG,3990,49,F,ZP,PD,D
11:11:40,PTBA,RG,3990,7,D,DR,PD,D
11:11:39,PTBA,RG,3990,148,F,YU,PD,D
11:11:39,PTBA,RG,3990,50,F,YU,PD,D
11:11:39,PTBA,RG,3990,37,F,YU,YJ,D
11:11:37,PTBA,RG,3990,48,F,ZP,YJ,D
11:11:35,PTBA,RG,3990,50,F,ZP,YJ,D
11:11:34,PTBA,RG,3990,1000,F,AK,YJ,D
11:11:33,PTBA,RG,3990,865,F,AK,YJ,D
11:11:33,PTBA,RG,3990,10,F,AK,DX,D
11:11:33,PTBA,RG,3990,10,F,AK,PD,D
11:11:33,PTBA,RG,3990,5,F,AK,YP,D
11:11:33,PTBA,RG,3990,1,F,AK,PD,D
11:11:33,PTBA,RG,3990,64,F,AK,YP,D
11:11:33,PTBA,RG,3990,5,F,AK,YP,D
11:11:33,PTBA,RG,3990,1,F,AK,XC,D
11:11:33,PTBA,RG,3990,39,F,AK,NI,D
11:11:33,PTBA,RG,3990,1,F,ZP,NI,D
11:11:33,PTBA,RG,3990,1,F,ZP,IF,D
11:11:33,PTBA,RG,3990,1,F,ZP,YP,D
11:11:33,PTBA,RG,3990,10,F,ZP,XC,D
11:11:33,PTBA,RG,3990,2,F,ZP,NI,D
11:11:33,PTBA,RG,3990,5,F,ZP,YP,D
11:11:33,PTBA,RG,3990,18,F,ZP,PD,D
11:11:33,PTBA,RG,3990,10,F,ZP,CC,D
11:11:33,PTBA,RG,3990,36,F,YU,CC,D
11:11:33,PTBA,RG,3990,5,F,YU,XL,D
11:11:33,PTBA,RG,3990,1,F,YU,BQ,D
11:11:33,PTBA,RG,3990,1,F,YU,CC,D
11:11:33,PTBA,RG,3990,1,F,YU,XC,D
11:11:33,PTBA,RG,3990,23,F,YU,XC,D
11:11:33,PTBA,RG,3990,82,F,YU,PD,D
11:11:31,PTBA,RG,3990,98,D,YP,PD,D
11:11:31,PTBA,RG,3990,2,D,YP,KK,D
11:11:31,PTBA,RG,3990,13,F,ZP,KK,D
11:11:31,PTBA,RG,3990,4,F,ZP,PD,D
11:11:31,PTBA,RG,3990,5,F,ZP,GR,D
11:11:31,PTBA,RG,3990,5,F,ZP,XL,D
11:11:31,PTBA,RG,3990,19,F,ZP,HP,D
11:11:31,PTBA,RG,3990,1,F,AK,HP,D
11:11:31,PTBA,RG,3990,1,F,AK,NI,D
11:11:31,PTBA,RG,3990,20,F,AK,SQ,D
11:11:31,PTBA,RG,3990,6,F,AK,YP,D
11:11:31,PTBA,RG,3990,5,F,AK,KK,D
11:11:31,PTBA,RG,3990,50,F,AK,PD,D
11:11:31,PTBA,RG,3990,19,F,AK,CC,D
11:11:31,PTBA,RG,3990,20,F,AK,PD,D
11:11:31,PTBA,RG,3990,1,F,AK,XC,D
11:11:31,PTBA,RG,3990,2,F,AK,XC,D
11:11:31,PTBA,RG,3990,3,F,AK,YP,D
11:11:31,PTBA,RG,3990,2,F,AK,XC,D
11:11:31,PTBA,RG,3990,3,F,AK,PD,D
11:11:31,PTBA,RG,3990,13,F,AK,XL,D
11:11:31,PTBA,RG,3990,1,F,AK,YP,D
11:11:31,PTBA,RG,3990,1,F,AK,GR,D
11:11:31,PTBA,RG,3990,10,F,AK,LG,D
11:11:31,PTBA,RG,3990,10,F,AK,CP,D
11:11:31,PTBA,RG,3990,3,F,AK,PD,D
11:11:31,PTBA,RG,3990,25,F,AK,KK,D
11:11:31,PTBA,RG,3990,1,F,AK,PD,D
11:11:31,PTBA,RG,3990,1,F,AK,XL,D
11:11:31,PTBA,RG,3990,50,F,AK,YP,D
11:11:31,PTBA,RG,3990,1,F,AK,DH,D
11:11:31,PTBA,RG,3990,10,F,AK,YP,D
11:11:31,PTBA,RG,3990,10,F,AK,YJ,D
11:11:31,PTBA,RG,3990,10,F,AK,PD,D
11:11:31,PTBA,RG,3990,2,F,AK,PD,D
11:11:31,PTBA,RG,3990,10,F,AK,CC,D
11:11:31,PTBA,RG,3990,2,F,AK,YP,D
11:11:31,PTBA,RG,3990,3,F,AK,YP,D
11:11:31,PTBA,RG,3990,61,F,AK,YP,D
11:11:31,PTBA,RG,3990,643,F,AK,ZP,D
11:11:29,PTBA,RG,3990,21,F,BK,ZP,D
11:11:29,PTBA,RG,3990,284,F,YU,ZP,D
11:11:29,PTBA,RG,3990,49,F,ZP,ZP,D
11:11:27,PTBA,RG,3990,3,F,ZP,ZP,D
11:11:27,PTBA,RG,3990,1,F,ZP,XC,D
11:11:27,PTBA,RG,3990,20,F,ZP,XL,D
11:11:27,PTBA,RG,3990,7,F,ZP,SQ,D
11:11:27,PTBA,RG,3990,3,F,ZP,NI,D
11:11:27,PTBA,RG,3990,16,F,ZP,AZ,D
11:11:24,PTBA,RG,3990,34,F,ZP,AZ,D
11:11:24,PTBA,RG,3990,1,F,ZP,PD,D
11:11:24,PTBA,RG,3990,1,F,ZP,NI,D
11:11:24,PTBA,RG,3990,1,F,ZP,YP,D
11:11:24,PTBA,RG,3990,3,F,ZP,YP,D
11:11:24,PTBA,RG,3990,7,F,ZP,YB,D
11:11:24,PTBA,RG,3990,3,F,AK,YB,D
11:11:24,PTBA,RG,3990,1,F,AK,NI,D
11:11:24,PTBA,RG,3990,36,F,AK,SQ,D
11:11:24,PTBA,RG,3990,200,F,AK,TF,D
11:11:24,PTBA,RG,3990,16,F,AK,YP,D
11:11:24,PTBA,RG,3990,30,F,AK,YP,D
11:11:24,PTBA,RG,3990,3,F,AK,YP,D
11:11:24,PTBA,RG,3990,25,F,AK,XC,D
11:11:24,PTBA,RG,3990,70,F,AK,MG,D
11:11:24,PTBA,RG,3990,2,F,AK,CP,D
11:11:24,PTBA,RG,3990,614,F,AK,YP,D
11:11:24,PTBA,RG,3990,286,F,BK,YP,D
11:11:23,PTBA,RG,3990,1000,F,AK,YP,D
11:11:23,PTBA,RG,3990,100,F,YU,YP,D
11:11:23,PTBA,RG,3990,10,F,YU,LG,D
11:11:23,PTBA,RG,3990,10,F,YU,YP,D
11:11:23,PTBA,RG,3990,3,F,YU,YP,D
11:11:23,PTBA,RG,3990,1,F,YU,XC,D
11:11:23,PTBA,RG,3990,3,F,YU,DH,D
11:11:23,PTBA,RG,3990,1,F,YU,DH,D
11:11:23,PTBA,RG,3990,5,F,YU,AT,D
11:11:23,PTBA,RG,3990,40,F,YU,PD,D
11:11:23,PTBA,RG,3990,20,F,YU,PD,D
11:11:23,PTBA,RG,3990,1,F,YU,YP,D
11:11:23,PTBA,RG,3990,1,F,YU,PD,D
11:11:23,PTBA,RG,3990,144,F,YU,DH,D
11:11:22,PTBA,RG,3990,48,F,ZP,DH,D
11:11:22,PTBA,RG,3980,4,F,AK,BK,F
11:11:22,PTBA,RG,3980,7,F,AK,XL,D
11:11:22,PTBA,RG,3980,460,F,AK,PD,D
11:11:22,PTBA,RG,3980,1400,F,AK,OD,D
11:11:22,PTBA,RG,3980,100,F,AK,YP,D
11:11:22,PTBA,RG,3980,2,F,AK,CC,D
11:11:22,PTBA,RG,3980,4,F,AK,NI,D
11:11:22,PTBA,RG,3980,1,F,AK,CC,D
11:11:22,PTBA,RG,3980,50,F,AK,CC,D
11:11:22,PTBA,RG,3980,30,F,AK,PD,D
11:11:22,PTBA,RG,3980,4,F,AK,PD,D
11:11:22,PTBA,RG,3980,5,F,AK,XL,D
11:11:22,PTBA,RG,3980,1,F,AK,XL,D
11:11:22,PTBA,RG,3980,2,F,AK,XC,D
11:11:22,PTBA,RG,3980,1,F,AK,NI,D
11:11:22,PTBA,RG,3980,287,F,AK,OD,D
11:11:22,PTBA,RG,3980,2,F,AK,NI,D
11:11:22,PTBA,RG,3980,13,F,AK,XL,D
11:11:22,PTBA,RG,3980,28,F,AK,YP,D
11:11:22,PTBA,RG,3980,1,F,AK,GR,D
11:11:22,PTBA,RG,3980,2,F,AK,XC,D
11:11:22,PTBA,RG,3980,2,F,AK,XC,D
11:11:22,PTBA,RG,3980,500,F,AK,YP,D
11:11:22,PTBA,RG,3980,10,F,AK,XC,D
11:11:22,PTBA,RG,3980,2,F,AK,PD,D
11:11:22,PTBA,RG,3980,2,F,AK,PD,D
11:11:22,PTBA,RG,3980,15,F,AK,NI,D
11:11:22,PTBA,RG,3980,10,F,AK,YP,D
11:11:22,PTBA,RG,3980,3,F,AK,CC,D
11:11:22,PTBA,RG,3980,1,F,AK,YP,D
11:11:22,PTBA,RG,3980,2,F,AK,PD,D
11:11:22,PTBA,RG,3980,100,F,AK,GR,D
11:11:22,PTBA,RG,3980,1,F,AK,NI,D
11:11:22,PTBA,RG,3980,3,F,AK,CC,D
11:11:22,PTBA,RG,3980,100,F,AK,DH,D
11:11:22,PTBA,RG,3980,1,F,AK,YP,D
11:11:22,PTBA,RG,3980,1,F,AK,CC,D
11:11:22,PTBA,RG,3980,2,F,AK,PD,D
11:11:22,PTBA,RG,3980,10,F,AK,PD,D
11:11:22,PTBA,RG,3980,2,F,AK,PD,D
11:11:22,PTBA,RG,3980,5,F,AK,AT,D
11:11:22,PTBA,RG,3980,250,F,AK,SQ,D
11:11:22,PTBA,RG,3980,1,F,AK,CC,D
11:11:22,PTBA,RG,3980,1,F,AK,XL,D
11:11:22,PTBA,RG,3980,20,F,AK,CC,D
11:11:22,PTBA,RG,3980,26,F,AK,XC,D
11:11:22,PTBA,RG,3980,3,F,AK,PD,D
11:11:22,PTBA,RG,3980,200,F,AK,LS,D
11:11:22,PTBA,RG,3980,50,F,AK,YP,D
11:11:22,PTBA,RG,3980,1,F,AK,EP,D
11:11:22,PTBA,RG,3980,27,F,AK,YP,D
11:11:22,PTBA,RG,3980,2,F,AK,PD,D
11:11:22,PTBA,RG,3980,8,F,AK,XC,D
11:11:22,PTBA,RG,3980,200,F,AK,YP,D
11:11:22,PTBA,RG,3980,1,F,AK,XL,D
11:11:22,PTBA,RG,3980,100,F,AK,GR,D
11:11:22,PTBA,RG,3980,35,F,AK,YP,D
11:11:22,PTBA,RG,3980,2,F,AK,YP,D
11:11:22,PTBA,RG,3980,75,F,AK,PD,D
11:11:22,PTBA,RG,3980,20,F,AK,OD,D
11:11:22,PTBA,RG,3980,1,F,AK,KK,D
11:11:22,PTBA,RG,3980,5,F,AK,YP,D
11:11:22,PTBA,RG,3980,1,F,AK,XC,D
11:11:22,PTBA,RG,3980,1,F,AK,PD,D
11:11:22,PTBA,RG,3980,1,F,AK,CC,D
11:11:22,PTBA,RG,3980,1000,F,AK,OD,D
11:11:22,PTBA,RG,3980,5,F,AK,PD,D
11:11:22,PTBA,RG,3980,2,F,AK,YP,D
11:11:22,PTBA,RG,3980,5,F,AK,YP,D
11:11:22,PTBA,RG,3980,15,F,AK,NI,D
11:11:22,PTBA,RG,3980,25,F,AK,PD,D
11:11:22,PTBA,RG,3980,20,F,AK,KK,D
11:11:22,PTBA,RG,3980,20,F,AK,PD,D
11:11:22,PTBA,RG,3980,10,F,AK,PD,D
11:11:22,PTBA,RG,3980,2,F,AK,NI,D
11:11:22,PTBA,RG,3980,200,F,AK,SQ,D
11:11:22,PTBA,RG,3980,10,F,AK,LG,D
11:11:22,PTBA,RG,3980,2,F,AK,YP,D
11:11:22,PTBA,RG,3980,1,F,AK,XL,D
11:11:22,PTBA,RG,3980,5,F,AK,YP,D
11:11:22,PTBA,RG,3980,72,F,AK,XC,D
11:11:08,PTBA,RG,3970,1,F,ZP,XC,D
11:11:04,PTBA,RG,3970,74,F,AK,CC,D
11:11:04,PTBA,RG,3970,1,F,AK,BK,F
11:11:04,PTBA,RG,3970,2,F,AK,CC,D
11:11:04,PTBA,RG,3970,10,F,AK,XC,D
11:11:04,PTBA,RG,3970,1,F,AK,PD,D
11:11:04,PTBA,RG,3970,8,F,AK,YP,D
11:11:04,PTBA,RG,3970,5,F,AK,XC,D
11:11:04,PTBA,RG,3970,3,F,AK,PD,D
11:11:04,PTBA,RG,3970,25,F,AK,PD,D
11:11:04,PTBA,RG,3970,100,F,AK,GR,D
11:11:04,PTBA,RG,3970,7,F,AK,XC,D
11:11:04,PTBA,RG,3970,58,F,AK,AK,D
11:11:04,PTBA,RG,3970,56,F,AK,AK,D
11:11:04,PTBA,RG,3970,118,F,AK,SQ,D
11:11:04,PTBA,RG,3970,500,F,CC,SQ,D
11:10:58,PTBA,RG,3970,23,F,CC,SQ,D
11:10:48,PTBA,RG,3960,4,F,YU,CC,D
11:10:47,PTBA,RG,3960,362,F,YU,AK,D
11:10:47,PTBA,RG,3960,1,D,DH,AK,D
11:10:46,PTBA,RG,3970,62,D,SQ,SQ,D
11:10:18,PTBA,RG,3970,1,D,XL,SQ,D
11:10:18,PTBA,RG,3960,1,D,YB,PD,D
11:10:18,PTBA,RG,3960,5,D,NI,PD,D
11:09:30,PTBA,RG,3960,47,F,ZP,CC,D
11:09:30,PTBA,RG,3960,22,F,BK,CC,D
11:09:30,PTBA,RG,3960,12,D,YP,CC,D
11:09:16,PTBA,RG,3960,23,D,YP,BK,F
11:09:03,PTBA,RG,3960,44,D,YP,PD,D
11:09:03,PTBA,RG,3960,1,D,PD,PD,D
11:09:03,PTBA,RG,3960,2,D,PD,PD,D
11:09:03,PTBA,RG,3960,3,F,CC,PD,D
11:09:00,PTBA,RG,3960,3,F,YU,YB,D
11:08:30,PTBA,RG,3960,43,F,YU,YJ,D
11:08:30,PTBA,RG,3960,57,F,AK,YJ,D
11:08:29,PTBA,RG,3960,19,F,AK,PD,D
11:07:58,PTBA,RG,3970,18,F,YU,SQ,D
11:07:56,PTBA,RG,3960,74,F,AK,YP,D
11:07:56,PTBA,RG,3960,1,D,YP,YP,D
11:07:56,PTBA,RG,3960,20,F,DX,YP,D
11:07:56,PTBA,RG,3960,1,D,DH,YP,D
11:07:56,PTBA,RG,3960,4,F,AK,YP,D
11:07:43,PTBA,RG,3960,1,F,AK,SQ,D
11:07:43,PTBA,RG,3960,3,F,AK,OD,D
11:07:42,PTBA,RG,3960,40,F,AK,PD,D
11:07:25,PTBA,RG,3960,4,F,AK,XC,D
11:07:12,PTBA,RG,3960,5,F,AK,PD,D
11:07:12,PTBA,RG,3970,32,F,YU,SQ,D
11:07:10,PTBA,RG,3960,117,F,AK,NI,D
11:07:10,PTBA,RG,3960,55,D,DH,NI,D
11:07:05,PTBA,RG,3960,1,D,DH,XL,D
11:06:55,PTBA,RG,3960,2,D,DH,XL,D
11:06:41,PTBA,RG,3960,100,D,DH,NI,D
11:06:36,PTBA,RG,3960,6,D,DH,PD,D
11:06:27,PTBA,RG,3970,33,F,YU,SQ,D
11:06:25,PTBA,RG,3960,136,D,DH,EP,D
11:06:25,PTBA,RG,3960,17,F,DX,EP,D
11:06:25,PTBA,RG,3960,147,F,AK,EP,D
11:06:16,PTBA,RG,3960,2,F,AK,XC,D
11:06:05,PTBA,RG,3970,105,D,XL,SQ,D
11:05:54,PTBA,RG,3960,69,F,AK,CC,D
11:05:54,PTBA,RG,3960,12,F,BK,CC,D
11:05:54,PTBA,RG,3960,15,F,BK,BQ,D
11:05:46,PTBA,RG,3970,4,D,IF,SQ,D
11:05:13,PTBA,RG,3970,3,D,DR,SQ,D
11:04:59,PTBA,RG,3970,5,D,KK,SQ,D
11:04:49,PTBA,RG,3970,1,D,EP,SQ,D
11:04:44,PTBA,RG,3960,1,F,BK,PD,D
11:04:04,PTBA,RG,3960,50,F,BK,PD,D
11:04:03,PTBA,RG,3960,1,F,BK,PD,D
11:03:47,PTBA,RG,3970,15,D,CC,SQ,D
11:03:47,PTBA,RG,3970,3,F,CC,SQ,D
11:03:47,PTBA,RG,3970,21,F,BK,SQ,D
11:03:47,PTBA,RG,3970,37,F,YU,SQ,D
11:03:47,PTBA,RG,3970,1,F,YU,SQ,D
11:03:47,PTBA,RG,3970,1,D,PD,SQ,D
11:03:47,PTBA,RG,3970,1,D,PD,SQ,D
11:03:47,PTBA,RG,3970,5,D,SQ,SQ,D
11:03:47,PTBA,RG,3970,1,D,XC,SQ,D
11:03:47,PTBA,RG,3970,10,D,DH,SQ,D
11:03:43,PTBA,RG,3980,26,F,YU,XC,D
11:03:43,PTBA,RG,3970,21,D,DH,DX,F
11:03:41,PTBA,RG,3970,125,D,DH,YP,D
11:03:37,PTBA,RG,3970,10,D,DH,XL,D
11:03:01,PTBA,RG,3970,10,D,DH,KK,D
11:02:52,PTBA,RG,3970,2,D,DH,YP,D
11:02:33,PTBA,RG,3970,22,D,DH,XL,D
11:02:26,PTBA,RG,3970,100,D,DH,CC,D
11:02:22,PTBA,RG,3970,2,D,NI,XA,D
11:02:22,PTBA,RG,3970,6,F,BK,XA,D
11:02:22,PTBA,RG,3970,15,D,PD,XA,D
11:02:22,PTBA,RG,3970,27,F,BK,XA,D
11:02:22,PTBA,RG,3970,47,F,ZP,XA,D
11:02:22,PTBA,RG,3970,49,F,ZP,XA,D
11:02:22,PTBA,RG,3970,50,F,ZP,XA,D
11:02:22,PTBA,RG,3970,47,F,ZP,XA,D
11:02:22,PTBA,RG,3970,46,F,ZP,XA,D
11:02:22,PTBA,RG,3970,46,F,ZP,XA,D
11:02:22,PTBA,RG,3970,207,F,AK,XA,D
11:02:22,PTBA,RG,3970,234,F,AK,XA,D
11:02:22,PTBA,RG,3970,48,F,ZP,XA,D
11:02:22,PTBA,RG,3970,50,F,ZP,XA,D
11:02:22,PTBA,RG,3970,49,F,ZP,XA,D
11:02:22,PTBA,RG,3970,50,F,ZP,XA,D
11:02:22,PTBA,RG,3970,27,F,ZP,XA,D
11:02:21,PTBA,RG,3970,2,F,ZP,PD,D
11:02:17,PTBA,RG,3970,3,F,ZP,NI,D
11:02:12,PTBA,RG,3970,15,F,ZP,DX,F
11:02:12,PTBA,RG,3970,6,F,ZP,DX,F
11:02:10,PTBA,RG,3970,40,F,ZP,AK,F
11:02:10,PTBA,RG,3970,10,F,ZP,AK,F
11:02:10,PTBA,RG,3970,38,F,ZP,CP,D
11:02:10,PTBA,RG,3970,50,F,ZP,CP,D
11:02:10,PTBA,RG,3970,12,F,ZP,CP,D
11:02:04,PTBA,RG,3970,38,F,ZP,CC,D
11:02:04,PTBA,RG,3970,32,F,ZP,CC,D
11:01:54,PTBA,RG,3970,2,F,ZP,AZ,D
11:01:37,PTBA,RG,3970,13,F,ZP,XC,D
11:01:37,PTBA,RG,3970,12,F,ZP,XC,D
11:01:37,PTBA,RG,3970,24,F,ZP,BK,F
11:01:34,PTBA,RG,3970,10,F,ZP,CC,D
11:01:34,PTBA,RG,3970,195,F,AK,CC,D
11:01:34,PTBA,RG,3970,47,F,ZP,CC,D
11:01:34,PTBA,RG,3970,50,F,ZP,CC,D
11:01:34,PTBA,RG,3970,49,F,ZP,CC,D
11:01:34,PTBA,RG,3970,46,F,ZP,CC,D
11:01:34,PTBA,RG,3970,50,F,ZP,CC,D
11:01:34,PTBA,RG,3970,48,F,ZP,CC,D
11:01:34,PTBA,RG,3970,46,F,ZP,CC,D
11:01:34,PTBA,RG,3970,59,F,BK,CC,D
11:01:33,PTBA,RG,3970,25,F,BK,YU,D
11:01:33,PTBA,RG,3970,11,F,BK,XA,D
11:01:33,PTBA,RG,3970,406,F,BK,CC,D
11:01:33,PTBA,RG,3970,39,F,ZP,CC,D
11:01:33,PTBA,RG,3970,47,F,ZP,CC,D
11:01:33,PTBA,RG,3970,50,F,ZP,CC,D
11:01:33,PTBA,RG,3970,48,F,ZP,CC,D
11:01:33,PTBA,RG,3970,49,F,ZP,CC,D
11:01:33,PTBA,RG,3970,312,F,YU,CC,D
11:01:33,PTBA,RG,3970,49,F,ZP,CC,D
11:01:07,PTBA,RG,3970,1,F,ZP,XL,D
11:01:07,PTBA,RG,3970,3,F,ZP,XL,D
11:00:41,PTBA,RG,3980,15,D,XL,XC,D
11:00:30,PTBA,RG,3970,1,F,ZP,YP,D
11:00:30,PTBA,RG,3970,15,F,ZP,KK,D
11:00:21,PTBA,RG,3970,2,F,ZP,OD,D
11:00:10,PTBA,RG,3970,10,F,ZP,NI,D
10:59:51,PTBA,RG,3980,21,F,BK,XC,D
10:59:50,PTBA,RG,3980,23,F,YU,XC,D
10:59:48,PTBA,RG,3970,19,F,ZP,YP,D
10:59:48,PTBA,RG,3970,48,F,ZP,YP,D
10:59:48,PTBA,RG,3970,29,F,ZP,YP,D
10:59:10,PTBA,RG,3980,1,D,YP,XC,D
10:59:07,PTBA,RG,3970,1,F,ZP,AZ,D
10:58:30,PTBA,RG,3970,18,F,ZP,CC,D
10:58:30,PTBA,RG,3970,47,F,ZP,CC,D
10:58:30,PTBA,RG,3970,15,F,ZP,CC,D
10:58:12,PTBA,RG,3970,9,F,ZP,SQ,D
10:58:06,PTBA,RG,3980,22,F,BK,XC,D
10:58:04,PTBA,RG,3980,15,F,YU,XC,D
10:58:03,PTBA,RG,3970,13,F,ZP,PD,D
10:57:56,PTBA,RG,3970,2,F,ZP,YP,D
10:57:47,PTBA,RG,3970,8,F,ZP,PD,D
10:57:47,PTBA,RG,3970,29,F,ZP,PD,D
10:57:47,PTBA,RG,3980,6,D,PD,XC,D
10:57:17,PTBA,RG,3970,18,F,ZP,CC,D
10:57:17,PTBA,RG,3970,48,F,ZP,CC,D
10:57:17,PTBA,RG,3970,1,F,ZP,CC,D
10:56:58,PTBA,RG,3980,29,F,YU,XC,D
10:56:57,PTBA,RG,3980,21,F,BK,XC,D
10:56:56,PTBA,RG,3980,68,D,YP,XC,D
10:56:55,PTBA,RG,3970,47,F,ZP,NI,D
10:56:55,PTBA,RG,3970,18,F,ZP,NI,D
10:56:14,PTBA,RG,3980,2,D,XC,XC,D
10:56:11,PTBA,RG,3970,18,F,ZP,SQ,D
10:55:47,PTBA,RG,3980,1,D,XC,XC,D
10:55:35,PTBA,RG,3980,4,D,XL,XC,D
10:55:20,PTBA,RG,3980,1,D,PD,XC,D
10:55:15,PTBA,RG,3980,1,D,NI,XC,D
10:55:15,PTBA,RG,3980,10,D,PD,XC,D
10:55:14,PTBA,RG,3980,49,F,ZP,XC,D
10:55:14,PTBA,RG,3980,17,F,YU,XC,D
10:55:14,PTBA,RG,3980,21,F,BK,XC,D
10:55:12,PTBA,RG,3980,50,F,ZP,XC,D
10:55:09,PTBA,RG,3980,25,F,ZP,XC,D
10:55:09,PTBA,RG,3980,5,F,ZP,OD,D
10:55:09,PTBA,RG,3980,10,F,ZP,OD,D
10:55:09,PTBA,RG,3980,9,F,ZP,CP,D
10:55:04,PTBA,RG,3980,16,F,ZP,CP,D
10:55:04,PTBA,RG,3980,32,F,ZP,XL,D
10:55:01,PTBA,RG,3980,19,F,YU,XL,D
10:55:00,PTBA,RG,3980,46,F,ZP,XL,D
10:54:59,PTBA,RG,3980,3,F,BK,XL,D
10:54:59,PTBA,RG,3980,5,F,BK,GR,D
10:54:59,PTBA,RG,3980,3,F,BK,AG,F
10:54:59,PTBA,RG,3980,1,F,BK,NI,D
10:54:59,PTBA,RG,3980,1,F,BK,CC,D
10:54:59,PTBA,RG,3980,9,F,BK,YP,D
10:54:57,PTBA,RG,3980,36,F,ZP,YP,D
10:54:57,PTBA,RG,3980,2,F,ZP,XL,D
10:54:57,PTBA,RG,3980,1,F,ZP,NI,D
10:54:57,PTBA,RG,3980,3,F,ZP,PD,D
10:54:57,PTBA,RG,3980,1,F,ZP,YP,D
10:54:57,PTBA,RG,3980,3,F,ZP,YP,D
10:54:57,PTBA,RG,3970,10,F,ZP,NI,D
10:54:53,PTBA,RG,3980,48,F,ZP,YP,D
10:54:52,PTBA,RG,3980,20,F,YU,YP,D
10:54:49,PTBA,RG,3980,29,F,ZP,YP,D
10:54:49,PTBA,RG,3980,21,F,ZP,XL,D
10:54:49,PTBA,RG,3980,23,F,BK,XL,D
10:54:45,PTBA,RG,3980,4,F,ZP,XL,D
10:54:45,PTBA,RG,3980,12,F,ZP,PD,D
10:54:45,PTBA,RG,3980,31,F,ZP,IT,D
10:54:44,PTBA,RG,3980,26,F,BK,IT,D
10:54:44,PTBA,RG,3980,47,F,YU,IT,D
10:54:43,PTBA,RG,3980,47,F,ZP,IT,D
10:54:41,PTBA,RG,3980,48,F,ZP,IT,D
10:54:39,PTBA,RG,3980,51,F,BK,IT,D
10:54:39,PTBA,RG,3980,1,F,BK,NI,D
10:54:39,PTBA,RG,3980,15,F,BK,XC,D
10:54:39,PTBA,RG,3980,10,F,BK,GR,D
10:54:39,PTBA,RG,3980,2,F,BK,NI,D
10:54:39,PTBA,RG,3980,3,F,BK,KK,D
10:54:39,PTBA,RG,3980,20,F,BK,CC,D
10:54:39,PTBA,RG,3980,10,F,BK,OD,D
10:54:39,PTBA,RG,3980,5,F,BK,YP,D
10:54:39,PTBA,RG,3980,2,F,BK,XC,D
10:54:39,PTBA,RG,3980,1,F,ZP,XC,D
10:54:39,PTBA,RG,3980,1,F,ZP,YP,D
10:54:39,PTBA,RG,3980,1,F,ZP,NI,D
10:54:39,PTBA,RG,3980,1,F,ZP,YP,D
10:54:39,PTBA,RG,3980,8,F,ZP,NI,D
10:54:39,PTBA,RG,3980,2,F,ZP,NI,D
10:54:39,PTBA,RG,3980,1,F,ZP,PD,D
10:54:39,PTBA,RG,3980,3,F,ZP,NI,D
10:54:39,PTBA,RG,3980,1,F,ZP,AT,D
10:54:39,PTBA,RG,3980,1,F,ZP,PD,D
10:54:39,PTBA,RG,3980,18,F,ZP,NI,D
10:54:39,PTBA,RG,3980,9,F,ZP,YP,D
10:54:38,PTBA,RG,3980,41,F,YU,YP,D
10:54:38,PTBA,RG,3980,100,F,YU,HD,D
10:54:38,PTBA,RG,3980,5,F,YU,YP,D
10:54:38,PTBA,RG,3980,53,F,YU,CC,D
10:54:36,PTBA,RG,3980,47,F,ZP,CC,D
10:54:36,PTBA,RG,3980,2,F,ZP,DR,D
10:54:34,PTBA,RG,3980,1,F,ZP,DR,D
10:54:34,PTBA,RG,3980,1,F,ZP,PD,D
10:54:34,PTBA,RG,3980,3,F,ZP,LG,D
10:54:34,PTBA,RG,3980,20,F,ZP,DR,D
10:54:34,PTBA,RG,3980,22,F,ZP,XA,D
10:54:34,PTBA,RG,3970,79,F,BK,PD,D
10:54:32,PTBA,RG,3970,21,F,AK,PD,D
10:54:32,PTBA,RG,3970,10,F,AK,GR,D
10:54:32,PTBA,RG,3970,29,F,AK,XL,D
10:54:32,PTBA,RG,3970,100,F,AK,SQ,D
10:54:32,PTBA,RG,3970,10,F,AK,YP,D
10:54:32,PTBA,RG,3970,330,F,AK,CP,D
10:54:32,PTBA,RG,3970,49,F,ZP,CP,D
10:54:31,PTBA,RG,3970,421,F,AK,CP,D
10:54:31,PTBA,RG,3970,10,F,AK,KK,D
10:54:31,PTBA,RG,3970,30,F,AK,YP,D
10:54:31,PTBA,RG,3970,39,F,AK,YP,D
10:54:30,PTBA,RG,3970,461,F,AK,YP,D
10:54:30,PTBA,RG,3970,2,F,AK,YP,D
10:54:30,PTBA,RG,3970,2,F,AK,YP,D
10:54:30,PTBA,RG,3970,5,F,AK,XL,D
10:54:30,PTBA,RG,3970,2,F,AK,NI,D
10:54:30,PTBA,RG,3970,28,F,AK,YU,D
10:54:30,PTBA,RG,3970,46,F,ZP,YU,D
10:54:30,PTBA,RG,3970,168,F,YU,YU,D
10:54:29,PTBA,RG,3970,14,F,BK,YU,D
10:54:29,PTBA,RG,3970,10,F,BK,YP,D
10:54:29,PTBA,RG,3970,8,F,BK,XC,D
10:54:29,PTBA,RG,3970,11,F,BK,YP,D
10:54:29,PTBA,RG,3970,1,F,BK,PD,D
10:54:29,PTBA,RG,3970,107,F,BK,YP,D
10:54:28,PTBA,RG,3970,33,F,ZP,YP,D
10:54:28,PTBA,RG,3970,1,F,ZP,YP,D
10:54:28,PTBA,RG,3970,9,F,ZP,XC,D
10:54:28,PTBA,RG,3970,5,F,ZP,NI,D
10:54:26,PTBA,RG,3970,8,F,AK,NI,D
