Time,Stock,Brd,Price,Qty,BT,BC,SC,ST
15:14:59,PTBA,RG,3350,5,D,MG,GR,D
15:14:12,PTBA,RG,3350,1,D,MG,XC,D
15:12:20,PTBA,RG,3350,1,D,MG,SQ,D
15:10:23,PTBA,RG,3350,3,D,MG,PD,D
15:10:08,PTBA,RG,3350,30,D,MG,BQ,D
15:10:01,PTBA,RG,3350,7,D,MG,MK,D
15:09:58,PTBA,RG,3350,15,D,MG,XC,D
15:09:23,PTBA,RG,3350,80,D,MG,YP,D
15:09:02,PTBA,RG,3350,70,D,MG,CC,D
15:08:53,PTBA,RG,3350,253,D,MG,BQ,D
15:08:53,PTBA,RG,3350,400,D,PD,BQ,D
15:08:53,PTBA,RG,3350,2,D,XC,BQ,D
15:08:53,PTBA,RG,3350,25,D,YP,BQ,D
15:08:53,PTBA,RG,3350,50,D,GR,BQ,D
15:08:53,PTBA,RG,3350,5,D,KK,BQ,D
15:08:53,PTBA,RG,3350,100,D,SQ,BQ,D
15:08:53,PTBA,RG,3350,250,D,MG,BQ,D
15:08:53,PTBA,RG,3350,11,D,YP,BQ,D
15:08:53,PTBA,RG,3350,7,D,PD,BQ,D
15:08:53,PTBA,RG,3350,100,D,PD,BQ,D
15:08:53,PTBA,RG,3350,20,D,PD,BQ,D
15:08:53,PTBA,RG,3350,50,D,PD,BQ,D
15:08:53,PTBA,RG,3350,5,D,XC,BQ,D
15:08:53,PTBA,RG,3350,1,D,DH,BQ,D
15:08:53,PTBA,RG,3350,5,D,XC,BQ,D
15:08:53,PTBA,RG,3350,10,D,YP,BQ,D
15:08:53,PTBA,RG,3350,500,D,MG,BQ,D
15:08:53,PTBA,RG,3350,1,D,CC,BQ,D
15:08:53,PTBA,RG,3350,205,D,YP,BQ,D
15:08:35,PTBA,RG,3350,50,D,YP,CC,D
15:08:24,PTBA,RG,3350,1,D,YP,XC,D
15:07:50,PTBA,RG,3350,50,D,YP,YU,D
15:07:45,PTBA,RG,3350,2,D,YP,GR,D
15:06:36,PTBA,RG,3350,1,D,YP,YP,D
15:06:29,PTBA,RG,3350,100,D,YP,CC,D
15:06:14,PTBA,RG,3350,1,D,YP,CC,D
15:05:50,PTBA,RG,3350,5,D,YP,EP,F
15:05:40,PTBA,RG,3350,100,D,YP,NI,D
15:05:36,PTBA,RG,3350,1,D,YP,YU,D
15:05:30,PTBA,RG,3350,2,D,YP,YP,D
15:05:24,PTBA,RG,3350,15,D,YP,GR,D
15:05:08,PTBA,RG,3350,2,D,YP,YP,D
15:04:56,PTBA,RG,3350,20,D,YP,NI,D
15:04:28,PTBA,RG,3350,10,D,YP,CC,D
15:04:28,PTBA,RG,3350,1,D,YP,XL,D
15:03:53,PTBA,RG,3350,2,D,YP,LG,D
15:03:52,PTBA,RG,3350,50,D,YP,GR,D
15:03:46,PTBA,RG,3350,50,D,YP,PD,D
15:03:28,PTBA,RG,3350,2,D,YP,YP,D
15:03:07,PTBA,RG,3350,1,D,YP,LG,D
15:03:07,PTBA,RG,3350,1,D,YP,XC,D
15:03:07,PTBA,RG,3350,9,D,YP,YB,D
15:03:07,PTBA,RG,3350,1,D,YP,PD,D
15:03:07,PTBA,RG,3350,2,D,YP,XC,D
15:03:07,PTBA,RG,3350,6,D,YP,XC,D
15:03:07,PTBA,RG,3350,3,D,YP,XC,D
15:03:07,PTBA,RG,3350,1,D,YP,DH,D
15:03:07,PTBA,RG,3350,60,D,YP,YP,D
15:03:07,PTBA,RG,3350,100,D,YP,YP,D
15:03:07,PTBA,RG,3350,146,D,YP,CS,F
15:03:03,PTBA,RG,3350,1000,D,MG,CS,F
15:02:54,PTBA,RG,3350,310,D,BQ,CS,F
15:02:54,PTBA,RG,3350,6,D,BQ,DH,D
15:02:54,PTBA,RG,3350,2,D,BQ,CC,D
15:02:54,PTBA,RG,3350,600,D,BQ,YB,D
15:02:54,PTBA,RG,3350,5,D,BQ,XC,D
15:02:54,PTBA,RG,3350,100,D,BQ,YP,D
15:02:54,PTBA,RG,3350,25,D,BQ,DH,D
15:02:54,PTBA,RG,3350,2000,D,BQ,BQ,D
15:02:54,PTBA,RG,3350,250,D,BQ,YP,D
15:02:54,PTBA,RG,3350,1,D,BQ,YP,D
15:02:54,PTBA,RG,3350,10,D,BQ,YP,D
15:02:54,PTBA,RG,3350,200,D,BQ,YP,D
15:02:54,PTBA,RG,3350,1,D,BQ,XC,D
15:02:54,PTBA,RG,3350,13,D,BQ,CC,D
15:02:54,PTBA,RG,3350,20,D,BQ,YP,D
15:02:54,PTBA,RG,3350,30,D,BQ,NI,D
15:02:54,PTBA,RG,3350,50,D,BQ,YB,D
15:02:54,PTBA,RG,3350,10,D,BQ,YP,D
15:02:54,PTBA,RG,3350,2,D,BQ,DH,D
15:02:54,PTBA,RG,3350,5,D,BQ,XC,D
15:02:54,PTBA,RG,3350,10,D,BQ,YP,D
15:02:54,PTBA,RG,3350,235,D,BQ,YP,D
15:02:54,PTBA,RG,3350,5,D,BQ,XC,D
15:02:54,PTBA,RG,3350,110,D,BQ,NI,D
15:02:51,PTBA,RG,3350,5,D,YP,NI,D
15:02:33,PTBA,RG,3350,1,D,PD,NI,D
15:02:06,PTBA,RG,3350,2,D,OD,NI,D
15:02:01,PTBA,RG,3350,15,D,SQ,NI,D
15:01:58,PTBA,RG,3350,5,D,XC,NI,D
15:01:57,PTBA,RG,3350,20,D,YP,NI,D
15:01:40,PTBA,RG,3350,25,D,IU,NI,D
15:01:39,PTBA,RG,3350,27,D,EP,NI,D
15:01:35,PTBA,RG,3350,3,D,YP,PD,D
15:01:34,PTBA,RG,3350,10,D,KK,PD,D
15:01:02,PTBA,RG,3350,1,D,XC,PD,D
15:01:00,PTBA,RG,3350,986,D,MI,PD,D
15:01:00,PTBA,RG,3350,4,D,MI,YP,D
15:01:00,PTBA,RG,3350,10,D,MI,KK,D
15:00:00,PTBA,RG,3350,7,D,XL,KK,D
15:00:00,PTBA,RG,3350,1,D,XL,PD,D
15:00:00,PTBA,RG,3350,5,D,XL,KK,D
15:00:00,PTBA,RG,3350,7,D,XL,XC,D
15:00:00,PTBA,RG,3350,1,D,CC,XC,D
15:00:00,PTBA,RG,3350,1,D,YP,XC,D
15:00:00,PTBA,RG,3350,1,D,YP,PD,D
15:00:00,PTBA,RG,3350,4,D,YP,NI,D
15:00:00,PTBA,RG,3350,1,D,NI,NI,D
15:00:00,PTBA,RG,3350,1,D,PD,NI,D
15:00:00,PTBA,RG,3350,1,D,XC,AZ,D
15:00:00,PTBA,RG,3350,10,D,XC,YP,D
15:00:00,PTBA,RG,3350,5,D,YU,PD,D
15:00:00,PTBA,RG,3350,50,D,HD,PD,D
15:00:00,PTBA,RG,3350,20,D,YP,PD,D
15:00:00,PTBA,RG,3350,1,D,XC,PD,D
15:00:00,PTBA,RG,3350,50,D,HD,PD,D
15:00:00,PTBA,RG,3350,10,D,PD,PD,D
15:00:00,PTBA,RG,3350,10,D,DH,PD,D
15:00:00,PTBA,RG,3350,28,D,PD,PD,D
15:00:00,PTBA,RG,3350,1,D,YP,PD,D
15:00:00,PTBA,RG,3350,10,D,PD,PD,D
15:00:00,PTBA,RG,3350,263,D,TP,PD,D
15:00:00,PTBA,RG,3350,9,D,TP,NI,D
15:00:00,PTBA,RG,3350,1,D,TP,NI,D
15:00:00,PTBA,RG,3350,27,D,TP,GR,D
15:00:00,PTBA,RG,3350,1,D,DH,GR,D
15:00:00,PTBA,RG,3350,4,D,XC,GR,D
15:00:00,PTBA,RG,3350,105,D,XL,GR,D
15:00:00,PTBA,RG,3350,1,D,YP,GR,D
15:00:00,PTBA,RG,3350,20,D,CD,GR,D
15:00:00,PTBA,RG,3350,20,D,DR,GR,D
15:00:00,PTBA,RG,3350,322,D,KK,GR,D
15:00:00,PTBA,RG,3350,1,D,KK,YP,D
15:00:00,PTBA,RG,3350,15,D,KK,NI,D
15:00:00,PTBA,RG,3350,1,D,KK,PD,D
15:00:00,PTBA,RG,3350,100,D,KK,KK,D
15:00:00,PTBA,RG,3350,200,D,KK,YP,D
15:00:00,PTBA,RG,3350,200,D,KK,SQ,D
15:00:00,PTBA,RG,3350,28,D,KK,PD,D
15:00:00,PTBA,RG,3350,66,D,KK,DR,D
15:00:00,PTBA,RG,3350,2,D,KK,PD,D
15:00:00,PTBA,RG,3350,1,D,KK,YP,D
15:00:00,PTBA,RG,3350,3,D,KK,AT,D
15:00:00,PTBA,RG,3350,61,D,KK,XA,D
15:00:00,PTBA,RG,3350,1,D,IU,XA,D
15:00:00,PTBA,RG,3350,1,D,IU,XA,D
15:00:00,PTBA,RG,3350,1,D,IU,XA,D
15:00:00,PTBA,RG,3350,1,D,IU,XA,D
15:00:00,PTBA,RG,3350,1,D,IU,XA,D
15:00:00,PTBA,RG,3350,3,D,HD,XA,D
15:00:00,PTBA,RG,3350,5,D,HD,PD,D
15:00:00,PTBA,RG,3350,92,D,HD,RO,D
15:00:00,PTBA,RG,3350,5,D,YU,RO,D
15:00:00,PTBA,RG,3350,3,D,ZP,RO,D
15:00:00,PTBA,RG,3350,1,D,ZP,KK,D
15:00:00,PTBA,RG,3350,16,D,ZP,SQ,D
15:00:00,PTBA,RG,3350,30,D,YU,SQ,D
15:00:00,PTBA,RG,3350,5,D,YP,SQ,D
15:00:00,PTBA,RG,3350,1949,F,BK,SQ,D
15:00:00,PTBA,RG,3350,1159,F,BK,GR,D
15:00:00,PTBA,RG,3350,720,F,ZP,GR,D
15:00:00,PTBA,RG,3350,43,F,AK,GR,D
15:00:00,PTBA,RG,3350,77,F,BK,GR,D
15:00:00,PTBA,RG,3350,10,F,BK,XC,D
15:00:00,PTBA,RG,3350,100,F,BK,ID,D
15:00:00,PTBA,RG,3350,60,F,BK,RO,D
15:00:00,PTBA,RG,3350,50,F,BK,DX,F
15:00:00,PTBA,RG,3350,390,F,BK,OD,D
15:00:00,PTBA,RG,3350,31,F,BK,BB,D
15:00:00,PTBA,RG,3350,6,F,BK,BB,D
15:00:00,PTBA,RG,3350,1,F,BK,RX,F
15:00:00,PTBA,RG,3350,43,F,BK,RX,F
15:00:00,PTBA,RG,3350,1,F,BK,RX,F
15:00:00,PTBA,RG,3350,20,F,BK,RX,F
15:00:00,PTBA,RG,3350,5,F,BK,RX,F
15:00:00,PTBA,RG,3350,4,F,BK,RX,F
15:00:00,PTBA,RG,3350,69,F,BK,RX,F
15:00:00,PTBA,RG,3350,346,F,BK,AK,D
15:00:00,PTBA,RG,3350,855,F,CS,AK,D
15:00:00,PTBA,RG,3350,684,F,CS,AK,D
15:00:00,PTBA,RG,3350,312,F,AK,AK,D
15:00:00,PTBA,RG,3350,303,D,CC,AK,D
15:00:00,PTBA,RG,3350,4,D,CC,RX,F
15:00:00,PTBA,RG,3350,35,D,CC,RX,F
15:00:00,PTBA,RG,3350,57,D,CC,DR,D
15:00:00,PTBA,RG,3350,216,D,CC,RX,F
15:00:00,PTBA,RG,3350,123,D,CC,AK,F
15:00:00,PTBA,RG,3350,243,D,CC,AK,F
15:00:00,PTBA,RG,3350,10,D,CC,AK,F
15:00:00,PTBA,RG,3350,21,D,CC,RX,F
15:00:00,PTBA,RG,3350,82,D,DR,RX,F
15:00:00,PTBA,RG,3350,77,D,DR,AK,F
15:00:00,PTBA,RG,3350,21,D,DR,AK,F
15:00:00,PTBA,RG,3350,56,D,DR,YU,D
14:49:54,PTBA,RG,3340,2,D,KK,RX,F
14:49:53,PTBA,RG,3340,9,D,KK,AK,F
14:49:52,PTBA,RG,3340,1,D,KK,AK,F
14:49:50,PTBA,RG,3340,6,D,KK,AK,F
14:49:50,PTBA,RG,3340,5,D,KK,YP,D
14:49:50,PTBA,RG,3340,2,D,KK,AK,F
14:49:49,PTBA,RG,3340,15,D,KK,KK,D
14:49:45,PTBA,RG,3340,3,D,KK,AK,F
14:49:38,PTBA,RG,3340,15,D,KK,RX,F
14:49:36,PTBA,RG,3340,1,D,KK,RX,F
14:49:32,PTBA,RG,3340,5,D,KK,ZP,D
14:49:32,PTBA,RG,3340,5,D,CC,ZP,D
14:49:30,PTBA,RG,3350,10,D,PD,PD,D
14:49:29,PTBA,RG,3340,25,D,CC,YP,D
14:49:27,PTBA,RG,3350,28,F,BK,PD,D
14:49:25,PTBA,RG,3350,40,D,PD,PD,D
14:49:25,PTBA,RG,3350,155,F,BK,PD,D
14:49:20,PTBA,RG,3340,3,F,AK,YP,D
14:49:20,PTBA,RG,3340,10,F,AK,EP,D
14:49:20,PTBA,RG,3340,2,F,AK,YP,D
14:49:20,PTBA,RG,3340,25,F,AK,DX,F
14:49:20,PTBA,RG,3340,2,F,AK,EP,D
14:49:20,PTBA,RG,3340,19,F,AK,AK,F
14:49:20,PTBA,RG,3340,26,F,AK,AK,F
14:49:20,PTBA,RG,3340,16,F,AK,AK,F
14:49:20,PTBA,RG,3340,104,F,AK,RX,F
14:49:20,PTBA,RG,3340,4,F,ZP,RX,F
14:49:20,PTBA,RG,3340,2,F,ZP,RX,F
14:49:19,PTBA,RG,3340,53,D,KK,RX,F
14:49:19,PTBA,RG,3340,11,D,KK,YP,D
14:49:19,PTBA,RG,3340,1936,D,KK,SQ,D
14:49:16,PTBA,RG,3340,59,D,KZ,SQ,D
14:49:15,PTBA,RG,3340,30,D,HP,SQ,D
14:49:09,PTBA,RG,3330,22,D,SQ,RX,F
14:49:09,PTBA,RG,3330,3,D,CC,RX,F
14:49:09,PTBA,RG,3330,5,D,YP,RX,F
14:49:09,PTBA,RG,3330,1,D,XC,RX,F
14:49:07,PTBA,RG,3330,1,D,XC,RX,F
14:49:07,PTBA,RG,3330,4,D,CC,RX,F
14:49:01,PTBA,RG,3340,2,F,ZP,SQ,D
14:49:01,PTBA,RG,3340,1,F,ZP,SQ,D
14:48:56,PTBA,RG,3340,1,D,PD,SQ,D
14:48:51,PTBA,RG,3340,1,D,XC,SQ,D
14:48:49,PTBA,RG,3340,3,D,IF,SQ,D
14:48:47,PTBA,RG,3340,38,D,KZ,SQ,D
14:48:41,PTBA,RG,3340,3,D,KZ,SQ,D
14:48:41,PTBA,RG,3340,2,D,KZ,SQ,D
14:48:37,PTBA,RG,3340,5,D,KK,SQ,D
14:48:34,PTBA,RG,3340,1,D,PD,SQ,D
14:48:32,PTBA,RG,3340,1,D,YP,SQ,D
14:48:31,PTBA,RG,3340,5,F,ZP,SQ,D
14:48:31,PTBA,RG,3340,3,F,ZP,SQ,D
14:48:31,PTBA,RG,3340,2,F,ZP,SQ,D
14:48:31,PTBA,RG,3340,1,D,YP,SQ,D
14:48:31,PTBA,RG,3340,3,D,XL,SQ,D
14:48:31,PTBA,RG,3340,12,D,YB,SQ,D
14:48:31,PTBA,RG,3340,1,D,XC,SQ,D
14:48:31,PTBA,RG,3340,1,D,NI,SQ,D
14:48:31,PTBA,RG,3340,5,D,NI,SQ,D
14:48:31,PTBA,RG,3340,16,F,ZP,SQ,D
14:48:31,PTBA,RG,3340,13,F,ZP,SQ,D
14:48:31,PTBA,RG,3340,50,D,CC,SQ,D
14:48:31,PTBA,RG,3340,500,D,YB,SQ,D
14:48:31,PTBA,RG,3340,305,D,YP,SQ,D
14:48:30,PTBA,RG,3340,1,D,YP,PD,D
14:48:08,PTBA,RG,3350,319,D,YP,PD,D
14:48:08,PTBA,RG,3350,2,D,YP,NI,D
14:48:08,PTBA,RG,3350,1,D,YP,KK,D
14:48:08,PTBA,RG,3350,34,D,YP,RX,F
14:48:08,PTBA,RG,3350,20,D,YP,KK,D
14:48:08,PTBA,RG,3350,52,D,YP,AK,F
14:48:08,PTBA,RG,3350,3,D,KZ,AK,F
14:48:08,PTBA,RG,3350,49,D,KZ,RX,F
14:48:06,PTBA,RG,3350,28,D,LG,RX,F
14:48:06,PTBA,RG,3350,49,D,LG,RX,F
14:48:06,PTBA,RG,3350,14,D,LG,SF,D
14:48:06,PTBA,RG,3350,1,D,LG,NI,D
14:48:06,PTBA,RG,3350,72,D,LG,AK,F
14:48:06,PTBA,RG,3350,36,D,LG,SQ,D
14:48:06,PTBA,RG,3350,2,D,PD,SQ,D
14:48:04,PTBA,RG,3350,23,D,KZ,SQ,D
14:48:04,PTBA,RG,3350,39,D,KZ,SQ,D
14:48:04,PTBA,RG,3350,20,D,KZ,RX,F
14:48:01,PTBA,RG,3350,10,D,KZ,RX,F
14:48:01,PTBA,RG,3350,41,D,KZ,AK,F
14:48:01,PTBA,RG,3350,12,D,KZ,AK,F
14:48:01,PTBA,RG,3350,7,D,KZ,AK,F
14:48:01,PTBA,RG,3350,5,D,KZ,RX,F
14:47:53,PTBA,RG,3340,25,D,YP,YP,D
14:47:51,PTBA,RG,3350,28,D,KZ,RX,F
14:47:51,PTBA,RG,3350,25,D,KZ,DX,F
14:47:50,PTBA,RG,3340,32,D,YP,RX,F
14:47:49,PTBA,RG,3340,59,D,YP,OD,D
14:47:46,PTBA,RG,3340,549,D,YP,OD,D
14:47:43,PTBA,RG,3340,35,D,YP,RX,F
14:47:41,PTBA,RG,3340,1,D,YP,RX,F
14:47:38,PTBA,RG,3340,1,D,YP,YP,D
14:47:33,PTBA,RG,3350,1,D,XC,OD,D
14:47:32,PTBA,RG,3340,23,D,YP,NI,D
14:47:28,PTBA,RG,3350,1,D,OD,OD,D
14:47:26,PTBA,RG,3340,1,D,YP,XL,D
14:47:25,PTBA,RG,3340,16,D,YP,RX,F
14:47:23,PTBA,RG,3340,15,D,YP,RX,F
14:47:21,PTBA,RG,3350,1,D,XC,OD,D
14:47:20,PTBA,RG,3350,1,D,PD,OD,D
14:47:18,PTBA,RG,3350,172,D,LG,OD,D
14:47:15,PTBA,RG,3340,12,D,YP,YP,D
14:47:14,PTBA,RG,3340,25,D,YP,YP,D
14:47:12,PTBA,RG,3340,150,D,YP,RX,F
14:47:09,PTBA,RG,3350,314,D,GR,OD,D
14:47:09,PTBA,RG,3350,82,D,GR,AK,F
14:47:09,PTBA,RG,3350,1,D,GR,YB,D
14:47:09,PTBA,RG,3350,20,D,GR,DX,F
14:47:09,PTBA,RG,3350,39,D,GR,RX,F
14:47:09,PTBA,RG,3350,30,D,GR,SQ,D
14:47:09,PTBA,RG,3350,7,D,GR,PD,D
14:47:09,PTBA,RG,3350,400,D,GR,CC,D
14:47:03,PTBA,RG,3340,750,D,YP,PD,D
14:47:03,PTBA,RG,3340,2,D,PD,PD,D
14:47:03,PTBA,RG,3340,1,D,KK,PD,D
14:47:03,PTBA,RG,3340,2,D,NI,PD,D
14:47:03,PTBA,RG,3340,30,D,CC,PD,D
14:47:03,PTBA,RG,3340,1,D,PD,PD,D
14:47:03,PTBA,RG,3340,5,D,YU,PD,D
14:47:03,PTBA,RG,3340,1,D,YU,PD,D
14:47:03,PTBA,RG,3340,10,D,PD,PD,D
14:47:03,PTBA,RG,3340,2,D,DH,PD,D
14:47:03,PTBA,RG,3340,77,D,KK,PD,D
14:47:03,PTBA,RG,3340,56,D,KZ,PD,D
14:47:03,PTBA,RG,3340,23,F,ZP,PD,D
14:47:03,PTBA,RG,3340,16,F,ZP,PD,D
14:47:03,PTBA,RG,3340,21,D,KZ,PD,D
14:47:03,PTBA,RG,3340,1000,D,PD,PD,D
14:47:03,PTBA,RG,3340,3,D,PD,PD,D
14:47:00,PTBA,RG,3350,1,D,YP,CC,D
14:47:00,PTBA,RG,3340,1,D,PD,AK,F
14:47:00,PTBA,RG,3340,65,D,YP,AK,F
14:46:56,PTBA,RG,3340,3,D,YP,YP,D
14:46:54,PTBA,RG,3340,20,D,YP,RX,F
14:46:52,PTBA,RG,3340,11,D,YP,RX,F
14:46:50,PTBA,RG,3350,99,F,AK,CC,D
14:46:50,PTBA,RG,3340,30,D,PD,CC,D
14:46:45,PTBA,RG,3340,75,D,PD,AK,F
14:46:44,PTBA,RG,3340,32,D,PD,RX,F
14:46:42,PTBA,RG,3340,9,D,PD,RX,F
14:46:33,PTBA,RG,3340,50,D,PD,CC,D
14:46:28,PTBA,RG,3340,117,D,PD,CC,D
14:46:27,PTBA,RG,3340,44,D,PD,RX,F
14:46:26,PTBA,RG,3350,55,D,KZ,CC,D
14:46:25,PTBA,RG,3340,4,D,PD,RX,F
14:46:16,PTBA,RG,3340,30,D,PD,KK,D
14:46:08,PTBA,RG,3350,50,D,CC,CC,D
14:46:06,PTBA,RG,3340,23,D,PD,RX,F
14:46:05,PTBA,RG,3340,183,D,PD,YP,D
14:46:04,PTBA,RG,3340,138,D,PD,RX,F
14:46:01,PTBA,RG,3340,765,D,PD,GR,D
14:46:01,PTBA,RG,3340,500,D,YB,GR,D
14:46:01,PTBA,RG,3340,10,D,PD,GR,D
14:46:01,PTBA,RG,3340,13,F,ZP,GR,D
14:46:01,PTBA,RG,3340,26,F,ZP,GR,D
14:46:01,PTBA,RG,3340,38,D,KZ,GR,D
14:46:01,PTBA,RG,3340,20,D,PD,GR,D
14:46:01,PTBA,RG,3340,3,D,EP,GR,D
14:46:01,PTBA,RG,3340,1,D,PD,GR,D
14:46:01,PTBA,RG,3340,20,D,PD,GR,D
14:46:01,PTBA,RG,3340,11,D,PD,GR,D
14:46:01,PTBA,RG,3340,1183,D,KK,GR,D
14:46:00,PTBA,RG,3340,44,D,KK,AK,F
14:45:57,PTBA,RG,3340,34,D,KK,RX,F
14:45:55,PTBA,RG,3340,1,D,KK,RX,F
14:45:53,PTBA,RG,3340,3,D,KK,PD,D
14:45:39,PTBA,RG,3340,37,D,KK,RX,F
14:45:39,PTBA,RG,3340,2,D,KK,EP,D
14:45:24,PTBA,RG,3350,2,D,PD,CC,D
14:45:21,PTBA,RG,3340,5,D,KK,YP,D
14:45:20,PTBA,RG,3340,65,D,KK,RX,F
14:45:19,PTBA,RG,3340,10,D,KK,DH,D
14:45:17,PTBA,RG,3340,3,D,KK,YP,D
14:45:15,PTBA,RG,3350,1,D,OD,CC,D
14:45:06,PTBA,RG,3340,16,D,KK,RX,F
14:45:06,PTBA,RG,3350,44,D,KZ,CC,D
14:45:02,PTBA,RG,3340,200,D,KK,AT,D
14:45:00,PTBA,RG,3340,71,D,KK,AK,F
14:44:59,PTBA,RG,3340,30,D,KK,NI,D
14:44:54,PTBA,RG,3340,12,D,KK,DX,D
14:44:46,PTBA,RG,3340,21,D,KK,RX,F
14:44:44,PTBA,RG,3340,18,D,KK,RX,F
14:44:40,PTBA,RG,3340,4,D,KK,PD,D
14:44:39,PTBA,RG,3340,241,D,KK,CC,D
14:44:39,PTBA,RG,3340,36,D,KZ,CC,D
14:44:39,PTBA,RG,3340,5,D,PD,CC,D
14:44:39,PTBA,RG,3340,30,D,YU,CC,D
14:44:39,PTBA,RG,3340,6,D,XL,CC,D
14:44:39,PTBA,RG,3340,18,D,YB,CC,D
14:44:36,PTBA,RG,3340,1,D,YB,CC,D
14:44:35,PTBA,RG,3340,42,D,YB,RX,F
14:44:35,PTBA,RG,3350,1,D,CC,CC,D
14:44:34,PTBA,RG,3340,25,D,YB,CC,D
14:44:33,PTBA,RG,3340,6,D,YB,RX,F
14:44:32,PTBA,RG,3340,100,D,YB,YP,D
14:44:29,PTBA,RG,3340,5,D,YB,CC,D
14:44:24,PTBA,RG,3340,11,D,YB,DX,D
14:44:22,PTBA,RG,3340,2,D,YB,CC,D
14:44:14,PTBA,RG,3340,2,D,YB,XL,D
14:43:43,PTBA,RG,3340,200,D,YB,YP,D
14:43:37,PTBA,RG,3340,88,D,YB,LG,D
14:43:37,PTBA,RG,3340,5,D,XL,LG,D
14:43:37,PTBA,RG,3340,95,D,MI,LG,D
14:43:34,PTBA,RG,3350,1,D,XA,CC,D
14:43:30,PTBA,RG,3350,7,D,YU,CC,D
14:43:28,PTBA,RG,3340,100,D,MI,XC,D
14:43:27,PTBA,RG,3340,1,D,MI,XC,D
14:43:22,PTBA,RG,3340,1,D,MI,CC,D
14:43:20,PTBA,RG,3340,1,D,MI,YP,D
14:43:20,PTBA,RG,3340,100,D,MI,CC,F
14:43:20,PTBA,RG,3340,119,D,MI,CC,D
14:43:20,PTBA,RG,3340,336,D,MI,CC,D
14:43:20,PTBA,RG,3340,247,D,MI,PD,D
14:43:16,PTBA,RG,3340,3,D,CC,PD,D
14:43:16,PTBA,RG,3340,48,D,KZ,PD,D
14:43:16,PTBA,RG,3340,57,D,KZ,YP,D
14:43:16,PTBA,RG,3340,50,D,EP,YP,D
14:43:16,PTBA,RG,3340,10,D,XC,YP,D
14:43:16,PTBA,RG,3340,71,F,ZP,YP,D
14:43:16,PTBA,RG,3340,3,D,YP,YP,D
14:43:16,PTBA,RG,3340,10,D,YB,YP,D
14:43:16,PTBA,RG,3340,1,D,XC,YP,D
14:43:16,PTBA,RG,3340,50,D,CC,YP,D
14:43:16,PTBA,RG,3340,1,D,CC,YP,D
14:43:16,PTBA,RG,3340,8,D,YP,YP,D
14:43:16,PTBA,RG,3340,2,D,YU,YP,D
14:43:16,PTBA,RG,3340,30,D,KK,YP,D
14:43:16,PTBA,RG,3340,500,D,YB,YP,D
14:43:16,PTBA,RG,3340,5,D,XL,YP,D
14:43:16,PTBA,RG,3340,5,D,KZ,YP,D
14:43:16,PTBA,RG,3340,4,D,KZ,YP,D
14:43:16,PTBA,RG,3340,10,D,PD,YP,D
14:43:16,PTBA,RG,3340,107,F,AK,YP,D
14:43:16,PTBA,RG,3340,21,F,CS,YP,D
14:43:16,PTBA,RG,3340,10,D,YP,YP,D
14:43:16,PTBA,RG,3340,8,D,XA,YP,D
14:43:16,PTBA,RG,3340,2,D,PD,YP,D
14:43:16,PTBA,RG,3340,20,D,PD,YP,D
14:43:16,PTBA,RG,3340,200,D,LG,YP,D
14:43:16,PTBA,RG,3340,200,D,LG,YP,D
14:43:16,PTBA,RG,3340,500,D,ZP,YP,D
14:43:16,PTBA,RG,3340,1,D,LG,YP,D
14:43:16,PTBA,RG,3340,10,D,NI,YP,D
14:43:16,PTBA,RG,3340,1,D,NI,YP,D
14:43:16,PTBA,RG,3340,30,D,NI,YP,D
14:43:16,PTBA,RG,3340,100,D,CC,YP,D
14:43:16,PTBA,RG,3340,10,D,PD,YP,D
14:43:16,PTBA,RG,3340,3,D,CC,YP,D
14:43:16,PTBA,RG,3340,1,D,KK,YP,D
14:43:16,PTBA,RG,3340,43,D,YP,YP,D
14:43:16,PTBA,RG,3340,6,D,CC,YP,D
14:43:16,PTBA,RG,3340,1,D,NI,YP,D
14:43:16,PTBA,RG,3340,1,D,PD,YP,D
14:43:16,PTBA,RG,3340,1,D,YP,YP,D
14:43:16,PTBA,RG,3340,500,D,YP,YP,D
14:43:16,PTBA,RG,3340,100,D,DR,YP,D
14:43:16,PTBA,RG,3340,5,D,PD,YP,D
14:43:16,PTBA,RG,3340,72,D,KZ,YP,D
14:43:16,PTBA,RG,3340,230,D,YP,YP,D
14:43:14,PTBA,RG,3340,1,D,YP,XC,D
14:43:14,PTBA,RG,3340,2,D,YP,AK,F
14:43:14,PTBA,RG,3340,50,D,YB,AK,F
14:43:14,PTBA,RG,3340,2,D,YP,AK,F
14:43:14,PTBA,RG,3340,61,D,YP,AK,F
14:43:13,PTBA,RG,3340,549,F,BK,OD,D
14:43:03,PTBA,RG,3340,130,F,BK,XA,D
14:43:03,PTBA,RG,3340,1,D,PD,XA,D
14:43:03,PTBA,RG,3340,70,F,ZP,XA,D
14:43:03,PTBA,RG,3340,18,F,CS,XA,D
14:43:03,PTBA,RG,3340,3,D,YP,XA,D
14:43:03,PTBA,RG,3340,40,D,NI,XA,D
14:43:03,PTBA,RG,3340,1,D,PD,XA,D
14:43:03,PTBA,RG,3340,17,D,CC,XA,D
14:43:01,PTBA,RG,3350,2,D,YU,CC,D
14:43:00,PTBA,RG,3340,82,D,CC,CC,D
14:42:44,PTBA,RG,3350,1,D,YU,CC,D
14:42:33,PTBA,RG,3340,37,D,CC,YP,D
14:42:28,PTBA,RG,3350,1,D,YU,CC,D
14:42:23,PTBA,RG,3350,172,D,LG,CC,D
14:42:22,PTBA,RG,3350,5,D,NI,CC,D
14:42:22,PTBA,RG,3340,1,D,CC,CC,D
14:42:20,PTBA,RG,3350,1,D,CC,CC,D
14:42:18,PTBA,RG,3350,41,F,ZP,CC,D
14:42:14,PTBA,RG,3350,1,D,YU,CC,D
14:42:14,PTBA,RG,3340,50,D,CC,DR,D
14:42:13,PTBA,RG,3350,2,D,PD,CC,D
14:42:12,PTBA,RG,3340,100,D,CC,NI,D
14:42:04,PTBA,RG,3350,1,D,YU,CC,D
14:41:51,PTBA,RG,3340,10,D,CC,CC,D
14:41:50,PTBA,RG,3340,100,D,CC,DR,D
14:41:48,PTBA,RG,3350,1,D,YU,CC,D
14:41:47,PTBA,RG,3340,3,D,CC,DX,D
14:41:47,PTBA,RG,3340,6,D,XC,DX,D
14:41:47,PTBA,RG,3340,2,D,PD,DX,D
14:41:47,PTBA,RG,3340,2,D,YP,DX,D
14:41:47,PTBA,RG,3350,4,D,PD,CC,D
14:41:44,PTBA,RG,3340,8,D,YP,NI,D
14:41:44,PTBA,RG,3340,82,D,KK,NI,D
14:41:42,PTBA,RG,3350,107,D,LG,CC,D
14:41:42,PTBA,RG,3350,24,D,LG,DX,F
14:41:42,PTBA,RG,3350,5,D,LG,EP,D
14:41:42,PTBA,RG,3350,5,D,LG,CC,D
14:41:42,PTBA,RG,3350,20,D,LG,DX,F
14:41:42,PTBA,RG,3350,39,D,LG,AK,F
14:41:39,PTBA,RG,3340,56,D,KK,CC,D
14:41:36,PTBA,RG,3350,1,D,YU,AK,F
14:41:31,PTBA,RG,3340,51,D,KK,CC,D
14:41:30,PTBA,RG,3350,58,D,YP,AK,F
14:41:30,PTBA,RG,3350,41,D,YP,RX,F
14:41:30,PTBA,RG,3350,1,D,YP,DX,F
14:41:25,PTBA,RG,3340,52,D,KK,AK,F
14:41:23,PTBA,RG,3350,1,D,YU,DX,F
14:41:22,PTBA,RG,3340,1,D,KK,CC,D
14:41:11,PTBA,RG,3350,1,D,YU,DX,F
14:41:03,PTBA,RG,3340,50,D,KK,YB,D
14:41:02,PTBA,RG,3350,3,D,CC,DX,F
14:40:58,PTBA,RG,3340,1,D,KK,XL,D
14:40:43,PTBA,RG,3340,50,D,KK,DR,D
14:40:43,PTBA,RG,3350,19,D,KK,DX,F
14:40:43,PTBA,RG,3350,89,D,KK,OD,D
14:40:36,PTBA,RG,3350,100,D,YP,OD,D
14:40:28,PTBA,RG,3340,100,D,KK,XC,D
14:40:22,PTBA,RG,3340,1,D,KK,CC,D
14:40:22,PTBA,RG,3350,11,F,ZP,OD,D
14:40:20,PTBA,RG,3350,7,F,ZP,OD,D
14:40:17,PTBA,RG,3340,50,D,KK,YP,D
14:40:17,PTBA,RG,3340,6,D,KK,YP,D
14:40:17,PTBA,RG,3340,1,D,PD,YP,D
14:40:17,PTBA,RG,3340,3,D,YU,YP,D
14:40:16,PTBA,RG,3350,172,D,LG,OD,D
14:40:07,PTBA,RG,3340,1,D,YU,DR,D
14:40:07,PTBA,RG,3340,1,D,PD,DR,D
14:40:07,PTBA,RG,3340,5,D,YP,DR,D
14:40:07,PTBA,RG,3340,30,D,HP,DR,D
14:40:07,PTBA,RG,3340,2,D,KK,DR,D
14:40:07,PTBA,RG,3340,11,D,CC,DR,D
14:40:00,PTBA,RG,3350,33,F,ZP,OD,D
14:40:00,PTBA,RG,3350,28,F,ZP,OD,D
14:40:00,PTBA,RG,3340,9,D,CC,CC,D
14:40:00,PTBA,RG,3340,44,D,TP,CC,D
14:40:00,PTBA,RG,3340,2,D,YU,CC,D
14:40:00,PTBA,RG,3340,16,F,CS,CC,D
14:40:00,PTBA,RG,3340,1,D,PD,CC,D
14:40:00,PTBA,RG,3340,100,D,YP,CC,D
14:40:00,PTBA,RG,3340,1,D,CC,CC,D
14:40:00,PTBA,RG,3340,15,D,CC,CC,D
14:40:00,PTBA,RG,3340,50,D,CC,CC,D
14:40:00,PTBA,RG,3340,10,D,YP,CC,D
14:40:00,PTBA,RG,3340,2,D,NI,CC,D
14:40:00,PTBA,RG,3340,100,D,YP,CC,D
14:40:00,PTBA,RG,3340,3,D,XL,CC,D
14:40:00,PTBA,RG,3340,3,D,YP,CC,D
14:40:00,PTBA,RG,3340,5,D,XL,CC,D
14:40:00,PTBA,RG,3340,6,D,XC,CC,D
14:40:00,PTBA,RG,3340,5,D,XL,CC,D
14:40:00,PTBA,RG,3340,6,D,DR,CC,D
14:40:00,PTBA,RG,3340,84,F,AK,CC,D
14:40:00,PTBA,RG,3340,3,D,XL,CC,D
14:40:00,PTBA,RG,3340,60,D,KZ,CC,D
14:40:00,PTBA,RG,3340,1,D,NI,CC,D
14:40:00,PTBA,RG,3340,4,D,XC,CC,D
14:40:00,PTBA,RG,3340,1,F,CS,CC,D
14:39:44,PTBA,RG,3350,10,D,YP,OD,D
14:39:31,PTBA,RG,3350,5,D,YU,OD,D
14:39:30,PTBA,RG,3340,4,F,CS,AK,F
14:39:30,PTBA,RG,3340,2,D,XC,AK,F
14:39:30,PTBA,RG,3340,1,D,NI,AK,F
14:39:30,PTBA,RG,3340,20,D,YP,AK,F
14:39:30,PTBA,RG,3340,100,D,IF,AK,F
14:39:30,PTBA,RG,3340,10,D,AT,AK,F
14:39:30,PTBA,RG,3340,25,D,XA,AK,F
14:39:30,PTBA,RG,3340,2,D,PD,AK,F
14:39:30,PTBA,RG,3340,1,D,XL,AK,F
14:39:30,PTBA,RG,3340,54,D,CC,AK,F
14:39:25,PTBA,RG,3350,6,D,XL,OD,D
14:39:22,PTBA,RG,3340,2,D,CC,CC,D
14:39:15,PTBA,RG,3350,1,D,PD,OD,D
14:39:14,PTBA,RG,3340,15,D,CC,DR,D
14:39:14,PTBA,RG,3340,2,D,DH,DR,D
14:39:14,PTBA,RG,3340,3,D,NI,DR,D
14:39:14,PTBA,RG,3340,30,D,PD,DR,D
14:39:09,PTBA,RG,3350,78,D,KZ,OD,D
14:39:06,PTBA,RG,3350,9,F,CS,OD,D
14:39:06,PTBA,RG,3350,1,F,CS,CP,D
14:39:06,PTBA,RG,3350,1,F,CS,PD,D
14:39:06,PTBA,RG,3350,1,F,CS,PD,D
14:39:06,PTBA,RG,3350,25,F,CS,DX,F
14:39:06,PTBA,RG,3350,3,F,CS,CC,F
14:39:03,PTBA,RG,3340,11,D,PD,DX,D
14:38:58,PTBA,RG,3350,100,D,DR,CC,F
14:38:54,PTBA,RG,3350,1,D,NI,CC,F
14:38:44,PTBA,RG,3350,2,D,PD,CC,F
14:38:42,PTBA,RG,3340,100,D,PD,EP,D
14:38:34,PTBA,RG,3350,1,D,XL,CC,F
14:38:33,PTBA,RG,3350,2,D,CC,CC,F
14:38:26,PTBA,RG,3350,6,D,YU,CC,F
14:38:22,PTBA,RG,3340,1,D,PD,CC,D
14:38:20,PTBA,RG,3350,3,D,YP,CC,F
14:38:15,PTBA,RG,3350,1,D,NI,CC,F
14:38:07,PTBA,RG,3350,36,F,ZP,CC,F
14:38:07,PTBA,RG,3350,15,F,ZP,CC,F
14:37:40,PTBA,RG,3350,2,D,GR,CC,F
14:37:37,PTBA,RG,3340,10,D,PD,XC,D
14:37:22,PTBA,RG,3340,1,D,PD,CC,D
14:37:08,PTBA,RG,3340,1,D,PD,PD,D
14:37:01,PTBA,RG,3350,7,D,YU,CC,F
14:37:01,PTBA,RG,3340,16,D,PD,LG,D
14:36:23,PTBA,RG,3340,11,D,PD,DX,D
14:36:22,PTBA,RG,3340,1,D,PD,CC,D
14:36:15,PTBA,RG,3340,1,D,PD,CC,D
14:36:12,PTBA,RG,3350,21,D,CC,CC,F
14:36:12,PTBA,RG,3350,18,D,CC,YP,D
14:36:12,PTBA,RG,3350,1,D,CC,KK,D
14:36:12,PTBA,RG,3350,50,D,CC,RX,F
14:35:56,PTBA,RG,3340,10,D,PD,YP,D
14:35:54,PTBA,RG,3350,33,D,EP,RX,F
14:35:54,PTBA,RG,3350,1,D,EP,NI,D
14:35:54,PTBA,RG,3350,22,D,EP,DX,F
14:35:54,PTBA,RG,3350,1,D,EP,PD,D
14:35:54,PTBA,RG,3350,43,D,EP,RX,F
14:35:24,PTBA,RG,3350,13,F,ZP,RX,F
14:35:22,PTBA,RG,3340,1,D,PD,CC,D
14:35:19,PTBA,RG,3340,6,D,PD,OD,D
14:35:19,PTBA,RG,3340,2,D,PD,OD,D
14:35:19,PTBA,RG,3340,14,D,YP,OD,D
14:35:19,PTBA,RG,3340,30,D,NI,OD,D
14:35:19,PTBA,RG,3340,100,D,HD,OD,D
14:35:19,PTBA,RG,3340,3,D,KK,OD,D
14:35:19,PTBA,RG,3340,5,D,YP,OD,D
14:35:19,PTBA,RG,3340,3,D,KK,OD,D
14:35:19,PTBA,RG,3340,6,F,CS,OD,D
14:35:19,PTBA,RG,3340,1,F,CS,OD,D
14:35:19,PTBA,RG,3340,1,D,PD,OD,D
14:35:19,PTBA,RG,3340,1,D,CC,OD,D
14:35:19,PTBA,RG,3340,4,D,PD,OD,D
14:35:19,PTBA,RG,3340,100,D,PD,OD,D
14:35:19,PTBA,RG,3340,1,D,SQ,OD,D
14:35:19,PTBA,RG,3340,10,D,XC,OD,D
14:35:19,PTBA,RG,3340,4,D,YP,OD,D
14:35:19,PTBA,RG,3340,3,D,XC,OD,D
14:35:19,PTBA,RG,3340,1,D,YP,OD,D
14:35:19,PTBA,RG,3340,21,F,ZP,OD,D
14:35:19,PTBA,RG,3340,1,D,YP,OD,D
14:35:19,PTBA,RG,3340,200,D,LG,OD,D
14:35:19,PTBA,RG,3340,1,D,PD,OD,D
14:35:19,PTBA,RG,3340,1,D,NI,OD,D
14:35:19,PTBA,RG,3340,5,D,NI,OD,D
14:35:19,PTBA,RG,3340,579,F,BK,OD,D
14:35:04,PTBA,RG,3350,2,D,YP,RX,F
14:34:55,PTBA,RG,3340,1,F,BK,OD,D
14:34:55,PTBA,RG,3340,1,F,BK,OD,D
14:34:22,PTBA,RG,3340,1,F,BK,CC,D
14:34:16,PTBA,RG,3350,2,D,XC,RX,F
14:34:12,PTBA,RG,3350,28,F,ZP,RX,F
14:34:12,PTBA,RG,3350,13,F,ZP,RX,F
14:33:52,PTBA,RG,3350,10,D,YP,RX,F
14:33:49,PTBA,RG,3350,10,D,AZ,RX,F
14:33:44,PTBA,RG,3340,11,F,BK,DX,D
14:33:33,PTBA,RG,3340,500,F,BK,DH,D
14:33:31,PTBA,RG,3350,1,D,DH,RX,F
14:33:22,PTBA,RG,3340,2,F,BK,CC,D
14:32:37,PTBA,RG,3340,75,F,BK,MG,D
14:32:22,PTBA,RG,3340,1,F,BK,CC,D
14:32:15,PTBA,RG,3350,52,D,KZ,BK,F
14:32:15,PTBA,RG,3350,1,D,KZ,PD,D
14:32:15,PTBA,RG,3350,10,D,KZ,YP,D
14:31:44,PTBA,RG,3340,512,F,BK,AZ,D
14:31:44,PTBA,RG,3340,14,F,CS,AZ,D
14:31:44,PTBA,RG,3340,8,F,CS,AZ,D
14:31:44,PTBA,RG,3340,2,D,PD,AZ,D
14:31:44,PTBA,RG,3340,67,D,YP,AZ,D
14:31:44,PTBA,RG,3340,6,D,YU,AZ,D
14:31:44,PTBA,RG,3340,12,D,YU,AZ,D
14:31:44,PTBA,RG,3340,47,D,KZ,AZ,D
14:31:44,PTBA,RG,3340,232,D,IU,AZ,D
14:31:33,PTBA,RG,3340,549,D,IU,OD,D
14:31:26,PTBA,RG,3340,2,D,IU,CC,D
14:31:22,PTBA,RG,3350,7,D,YU,YP,D
14:31:22,PTBA,RG,3340,1,D,IU,CC,D
14:31:07,PTBA,RG,3340,1,D,IU,PD,D
14:31:07,PTBA,RG,3340,13,D,IU,DX,D
14:31:06,PTBA,RG,3340,2,D,IU,XL,D
14:31:01,PTBA,RG,3340,549,D,IU,OD,D
14:30:50,PTBA,RG,3350,3,D,CC,YP,D
14:30:42,PTBA,RG,3350,2,D,XC,YP,D
14:30:30,PTBA,RG,3350,15,D,EP,YP,D
14:30:22,PTBA,RG,3340,1,D,IU,CC,D
14:30:18,PTBA,RG,3350,163,D,LG,YP,D
14:30:18,PTBA,RG,3350,2,D,LG,PD,D
14:30:18,PTBA,RG,3350,7,D,LG,HP,D
14:30:14,PTBA,RG,3350,5,D,YP,HP,D
14:30:02,PTBA,RG,3350,5,D,OD,HP,D
14:30:00,PTBA,RG,3350,3,D,CC,HP,D
14:30:00,PTBA,RG,3350,1,D,CC,NI,D
14:30:00,PTBA,RG,3350,2,D,CC,CC,D
14:30:00,PTBA,RG,3350,3,D,CC,PD,D
14:30:00,PTBA,RG,3350,10,D,CC,YP,D
14:30:00,PTBA,RG,3350,25,D,CC,YP,D
14:30:00,PTBA,RG,3350,5,D,CC,NI,D
14:30:00,PTBA,RG,3350,1,D,CC,XC,D
14:30:00,PTBA,RG,3350,21,D,CC,YP,D
14:29:56,PTBA,RG,3350,6,D,YU,YP,D
14:29:50,PTBA,RG,3350,10,D,CC,YP,D
14:29:22,PTBA,RG,3340,1,D,IU,CC,D
14:29:21,PTBA,RG,3350,30,D,CC,YP,D
14:29:04,PTBA,RG,3350,1,D,XL,YP,D
14:28:53,PTBA,RG,3340,20,D,IU,XC,D
14:28:34,PTBA,RG,3340,7,D,IU,PD,D
14:28:34,PTBA,RG,3350,6,D,YU,YP,D
14:28:33,PTBA,RG,3340,13,D,IU,XC,D
14:28:27,PTBA,RG,3340,3,D,IU,XC,D
14:28:26,PTBA,RG,3340,12,D,IU,DX,D
14:28:22,PTBA,RG,3340,2,D,IU,CC,D
14:28:06,PTBA,RG,3340,5,D,IU,TF,D
14:28:01,PTBA,RG,3340,549,D,IU,OD,D
14:27:52,PTBA,RG,3340,549,D,IU,OD,D
14:27:22,PTBA,RG,3340,1,D,IU,CC,D
14:27:10,PTBA,RG,3350,6,D,YU,YP,D
14:27:05,PTBA,RG,3340,1,D,IU,YB,D
14:26:58,PTBA,RG,3340,1,D,IU,YB,D
14:26:52,PTBA,RG,3350,25,D,XA,YP,D
14:26:29,PTBA,RG,3350,10,D,CC,YP,D
14:26:26,PTBA,RG,3340,10,D,IU,YB,D
14:26:22,PTBA,RG,3340,1,D,IU,CC,D
14:26:21,PTBA,RG,3340,20,D,IU,YB,D
14:26:18,PTBA,RG,3350,5,D,XC,YP,D
14:25:49,PTBA,RG,3350,41,D,KZ,YP,D
14:25:49,PTBA,RG,3350,15,D,KZ,GR,D
14:25:49,PTBA,RG,3340,350,D,IU,EP,D
14:25:39,PTBA,RG,3340,10,D,IU,DX,D
14:25:39,PTBA,RG,3350,4,D,YU,YP,D
14:25:39,PTBA,RG,3350,3,D,YU,OD,D
14:25:24,PTBA,RG,3350,6,D,PD,OD,D
14:25:22,PTBA,RG,3340,1,D,IU,CC,D
14:25:20,PTBA,RG,3350,40,D,CP,OD,D
14:25:05,PTBA,RG,3340,20,D,IU,EP,D
14:25:04,PTBA,RG,3350,200,D,LG,OD,D
14:25:04,PTBA,RG,3350,200,D,LG,OD,D
14:24:44,PTBA,RG,3340,2,D,IU,PD,D
14:24:44,PTBA,RG,3350,2,D,YP,OD,D
14:24:27,PTBA,RG,3340,18,D,IU,EP,D
14:24:22,PTBA,RG,3340,1,D,IU,CC,D
14:24:10,PTBA,RG,3350,6,D,YU,OD,D
14:23:22,PTBA,RG,3340,1,D,IU,CC,D
14:22:59,PTBA,RG,3340,12,D,IU,DX,D
14:22:53,PTBA,RG,3350,13,D,XC,OD,D
14:22:43,PTBA,RG,3350,6,D,YU,OD,D
14:22:22,PTBA,RG,3340,2,D,IU,CC,D
14:22:13,PTBA,RG,3350,73,D,KK,OD,D
14:22:13,PTBA,RG,3350,2,D,KK,OD,D
14:22:01,PTBA,RG,3350,120,D,CC,OD,D
14:21:54,PTBA,RG,3350,56,D,KZ,OD,D
14:21:52,PTBA,RG,3340,25,D,IU,DH,D
14:21:48,PTBA,RG,3350,172,D,LG,OD,D
14:21:22,PTBA,RG,3340,1,D,IU,CC,D
14:21:21,PTBA,RG,3350,6,D,YU,OD,D
14:21:16,PTBA,RG,3350,100,D,PD,OD,D
14:21:11,PTBA,RG,3340,9,D,IU,XC,D
14:20:22,PTBA,RG,3340,1,D,IU,CC,D
14:20:19,PTBA,RG,3340,2,D,IU,XC,D
14:20:19,PTBA,RG,3340,6,D,PD,XC,D
14:20:14,PTBA,RG,3350,45,D,PC,OD,D
14:20:14,PTBA,RG,3350,47,D,KZ,OD,D
14:19:54,PTBA,RG,3350,1,D,YU,OD,D
14:19:54,PTBA,RG,3350,5,D,YU,PD,D
14:19:43,PTBA,RG,3350,1,D,PD,PD,D
14:19:43,PTBA,RG,3340,3,D,PD,XL,D
14:19:35,PTBA,RG,3340,3,F,CS,XC,D
14:19:22,PTBA,RG,3340,1,F,CS,CC,D
14:19:21,PTBA,RG,3340,97,F,BK,AK,F
14:19:21,PTBA,RG,3340,103,F,BK,AK,F
14:19:21,PTBA,RG,3340,77,F,AK,AK,F
14:19:20,PTBA,RG,3340,74,F,BK,AK,F
14:19:20,PTBA,RG,3340,58,F,BK,AK,F
14:19:20,PTBA,RG,3340,88,F,BK,AK,F
14:19:20,PTBA,RG,3340,56,F,AK,AK,F
14:19:20,PTBA,RG,3340,57,F,AK,AK,F
14:19:20,PTBA,RG,3340,71,F,AK,AK,F
14:19:20,PTBA,RG,3340,70,F,AK,AK,F
14:19:20,PTBA,RG,3340,10,F,AK,TF,D
14:19:20,PTBA,RG,3340,4,F,AK,PD,D
14:19:20,PTBA,RG,3340,11,F,AK,DX,D
14:19:20,PTBA,RG,3340,3,F,AK,PD,D
14:19:20,PTBA,RG,3340,25,F,AK,DX,F
14:19:20,PTBA,RG,3340,150,F,AK,YP,D
14:19:20,PTBA,RG,3340,295,F,AK,PD,D
14:19:20,PTBA,RG,3340,10,F,AK,CC,D
14:19:20,PTBA,RG,3340,25,F,AK,DX,F
14:19:20,PTBA,RG,3340,1,F,AK,DR,D
14:19:20,PTBA,RG,3340,2,F,AK,PD,D
14:19:20,PTBA,RG,3340,1,F,AK,OD,D
14:19:20,PTBA,RG,3340,100,F,AK,HP,D
14:19:20,PTBA,RG,3340,1,F,AK,NI,D
14:19:20,PTBA,RG,3340,1,F,AK,XC,D
14:19:20,PTBA,RG,3340,4,F,AK,SQ,D
14:19:20,PTBA,RG,3340,37,F,AK,DX,F
14:19:20,PTBA,RG,3340,618,F,AK,RX,F
14:19:20,PTBA,RG,3340,549,F,AK,OD,D
14:19:20,PTBA,RG,3340,2,F,AK,PD,D
14:19:20,PTBA,RG,3340,48,F,AK,DX,F
14:19:20,PTBA,RG,3340,249,D,KK,DX,F
14:19:20,PTBA,RG,3340,580,D,KK,RX,F
14:19:20,PTBA,RG,3340,18,D,KK,EP,D
14:19:20,PTBA,RG,3340,15,D,KK,NI,D
14:19:20,PTBA,RG,3340,574,D,KK,PD,D
14:19:20,PTBA,RG,3340,46,D,KK,AK,F
14:19:20,PTBA,RG,3340,83,D,KK,AK,F
14:19:20,PTBA,RG,3340,66,D,KK,AK,F
14:19:20,PTBA,RG,3340,71,D,KK,AK,F
14:19:20,PTBA,RG,3340,60,D,KK,AK,F
14:19:20,PTBA,RG,3340,64,D,KK,AK,F
14:19:20,PTBA,RG,3340,70,D,KK,CC,F
14:19:20,PTBA,RG,3340,104,D,KK,CC,D
14:19:18,PTBA,RG,3340,3,D,DR,CC,D
14:19:15,PTBA,RG,3340,1,D,XC,CC,D
14:19:11,PTBA,RG,3330,1,D,CC,SQ,D
14:19:10,PTBA,RG,3330,19,D,CC,DX,F
14:19:01,PTBA,RG,3340,5,D,YP,CC,D
14:18:58,PTBA,RG,3340,1,D,YP,CC,D
14:18:52,PTBA,RG,3340,8,D,XC,CC,D
14:18:30,PTBA,RG,3340,6,D,YU,BK,F
14:18:29,PTBA,RG,3340,1,D,OD,BK,F
14:18:22,PTBA,RG,3330,1,D,CC,CC,D
14:18:18,PTBA,RG,3340,10,D,YP,BK,F
14:18:16,PTBA,RG,3330,15,D,CC,YP,D
14:18:09,PTBA,RG,3340,2,D,YU,BK,F
14:18:01,PTBA,RG,3340,1,D,XC,BK,F
14:18:00,PTBA,RG,3330,30,D,CC,YP,D
14:17:48,PTBA,RG,3330,30,D,CC,PD,D
14:17:46,PTBA,RG,3330,1,D,PD,DX,D
14:17:46,PTBA,RG,3330,1,D,XL,DX,D
14:17:46,PTBA,RG,3330,10,D,LG,DX,D
14:17:46,PTBA,RG,3330,1,D,XL,DX,D
14:17:40,PTBA,RG,3330,2,D,XL,AK,F
14:17:40,PTBA,RG,3330,1,D,PD,AK,F
14:17:40,PTBA,RG,3330,100,D,GR,AK,F
14:17:40,PTBA,RG,3330,1,D,CD,AK,F
14:17:40,PTBA,RG,3330,1,D,PD,AK,F
14:17:40,PTBA,RG,3330,5,D,YP,AK,F
14:17:40,PTBA,RG,3330,27,D,CC,AK,F
14:17:39,PTBA,RG,3330,2,D,CC,PD,D
14:17:31,PTBA,RG,3330,30,D,CC,PD,D
14:17:22,PTBA,RG,3330,2,D,CC,CC,D
14:17:10,PTBA,RG,3330,28,D,CC,RX,F
14:17:08,PTBA,RG,3330,3,D,CC,RX,F
14:17:06,PTBA,RG,3340,5,D,YP,BK,F
14:17:02,PTBA,RG,3340,6,D,YU,BK,F
14:17:02,PTBA,RG,3340,4,D,PD,BK,F
14:17:00,PTBA,RG,3330,50,D,CC,DR,D
14:16:56,PTBA,RG,3340,100,D,IF,BK,F
14:16:44,PTBA,RG,3330,2,D,CC,PD,D
14:16:41,PTBA,RG,3330,40,D,CC,XL,D
14:16:30,PTBA,RG,3340,10,D,YP,BK,F
14:16:23,PTBA,RG,3340,1,D,YU,BK,F
14:16:22,PTBA,RG,3330,1,D,CC,CC,D
14:16:15,PTBA,RG,3340,10,D,SQ,BK,F
14:16:10,PTBA,RG,3340,5,D,YP,BK,F
14:16:00,PTBA,RG,3330,115,D,CC,CC,D
14:16:00,PTBA,RG,3330,7,D,OD,CC,D
14:15:51,PTBA,RG,3340,20,D,YP,BK,F
14:15:50,PTBA,RG,3340,10,D,SQ,BK,F
14:15:50,PTBA,RG,3340,1,D,PD,BK,F
14:15:47,PTBA,RG,3340,11,D,YP,BK,F
14:15:46,PTBA,RG,3330,3,D,OD,NI,D
14:15:46,PTBA,RG,3330,3,D,PD,NI,D
14:15:46,PTBA,RG,3330,1,D,CC,NI,D
14:15:46,PTBA,RG,3330,10,D,YP,NI,D
14:15:46,PTBA,RG,3330,1,D,YP,NI,D
14:15:46,PTBA,RG,3330,15,D,YP,NI,D
14:15:46,PTBA,RG,3330,5,D,YP,NI,D
14:15:46,PTBA,RG,3330,10,D,CC,NI,D
14:15:46,PTBA,RG,3330,52,D,BQ,NI,D
14:15:33,PTBA,RG,3340,50,D,IF,BK,F
14:15:30,PTBA,RG,3330,100,D,BQ,DR,D
14:15:22,PTBA,RG,3330,1,D,BQ,CC,D
14:15:22,PTBA,RG,3340,1,D,GR,BK,F
14:15:13,PTBA,RG,3340,1,D,GR,BK,F
14:15:09,PTBA,RG,3330,13,D,BQ,DX,D
14:15:08,PTBA,RG,3330,16,D,BQ,RX,F
14:15:06,PTBA,RG,3330,27,D,BQ,RX,F
14:15:05,PTBA,RG,3340,172,D,LG,BK,F
14:15:01,PTBA,RG,3330,177,D,BQ,AK,F
14:15:00,PTBA,RG,3340,1,D,GR,BK,F
14:14:50,PTBA,RG,3340,11,D,HP,BK,F
14:14:47,PTBA,RG,3330,2,D,BQ,XC,D
14:14:46,PTBA,RG,3340,99,D,YP,BK,F
14:14:43,PTBA,RG,3340,13,D,PD,BK,F
14:14:33,PTBA,RG,3340,140,D,PD,BK,F
14:14:25,PTBA,RG,3340,3,D,XC,BK,F
14:14:22,PTBA,RG,3330,1,D,BQ,CC,D
14:14:16,PTBA,RG,3340,47,D,HP,BK,F
14:14:16,PTBA,RG,3340,2,D,HP,OD,D
14:14:16,PTBA,RG,3340,1,D,HP,SQ,D
14:14:14,PTBA,RG,3340,2,D,XC,SQ,D
14:14:02,PTBA,RG,3340,1,D,XC,SQ,D
14:13:53,PTBA,RG,3330,5,D,BQ,KK,D
14:13:47,PTBA,RG,3330,40,D,BQ,PD,D
14:13:28,PTBA,RG,3330,2,D,BQ,XC,D
14:13:24,PTBA,RG,3330,2,D,BQ,CC,D
14:13:22,PTBA,RG,3330,1,D,BQ,CC,D
14:12:29,PTBA,RG,3330,7,D,BQ,XL,D
14:12:26,PTBA,RG,3330,10,D,BQ,DX,D
14:12:22,PTBA,RG,3330,1,D,BQ,CC,D
14:12:11,PTBA,RG,3340,15,D,YJ,SQ,D
14:12:11,PTBA,RG,3340,6,D,DR,SQ,D
14:12:09,PTBA,RG,3330,140,D,BQ,PD,D
14:12:05,PTBA,RG,3330,26,D,BQ,RX,F
14:12:03,PTBA,RG,3330,1,D,BQ,RX,F
14:11:58,PTBA,RG,3330,20,D,BQ,XC,D
14:11:49,PTBA,RG,3330,356,D,BQ,OD,D
14:11:49,PTBA,RG,3330,100,D,CC,OD,D
14:11:49,PTBA,RG,3330,20,D,YP,OD,D
14:11:49,PTBA,RG,3330,73,D,BQ,OD,D
14:11:47,PTBA,RG,3330,577,D,BQ,RX,F
14:11:46,PTBA,RG,3330,150,D,BQ,YP,D
14:11:45,PTBA,RG,3330,6,D,BQ,RX,F
14:11:41,PTBA,RG,3330,100,D,BQ,DR,D
14:11:34,PTBA,RG,3330,94,D,BQ,RX,F
14:11:34,PTBA,RG,3330,8,D,SQ,RX,F
14:11:29,PTBA,RG,3340,7,D,XC,SQ,D
14:11:25,PTBA,RG,3330,22,D,SQ,AK,F
14:11:25,PTBA,RG,3330,4,D,IF,AK,F
14:11:25,PTBA,RG,3330,1,D,NI,AK,F
14:11:25,PTBA,RG,3330,10,D,DH,AK,F
14:11:25,PTBA,RG,3330,2,D,PD,AK,F
14:11:25,PTBA,RG,3330,1,D,YP,AK,F
14:11:25,PTBA,RG,3330,10,D,DH,AK,F
14:11:25,PTBA,RG,3330,30,D,CC,AK,F
14:11:25,PTBA,RG,3330,3,D,PD,AK,F
14:11:25,PTBA,RG,3330,10,D,YP,AK,F
14:11:25,PTBA,RG,3330,2,D,NI,AK,F
14:11:25,PTBA,RG,3330,2,D,KK,AK,F
14:11:25,PTBA,RG,3330,16,D,XC,AK,F
14:11:25,PTBA,RG,3330,1,D,PD,AK,F
14:11:25,PTBA,RG,3330,2,D,YP,AK,F
14:11:25,PTBA,RG,3330,10,D,EP,AK,F
14:11:25,PTBA,RG,3330,100,D,XA,AK,F
14:11:25,PTBA,RG,3330,1,D,PD,AK,F
14:11:25,PTBA,RG,3330,4,D,NI,AK,F
14:11:25,PTBA,RG,3330,3,D,NI,YP,D
14:11:24,PTBA,RG,3330,3,D,NI,AK,F
14:11:24,PTBA,RG,3330,10,D,PD,AK,F
14:11:24,PTBA,RG,3340,2,D,YU,SQ,D
14:11:24,PTBA,RG,3340,4,D,KK,SQ,D
14:11:24,PTBA,RG,3340,6,D,YU,SQ,D
14:11:24,PTBA,RG,3340,5,D,PD,SQ,D
14:11:24,PTBA,RG,3340,1,D,XC,SQ,D
14:11:24,PTBA,RG,3340,9,F,ZP,SQ,D
14:11:24,PTBA,RG,3340,1,D,YB,SQ,D
14:11:24,PTBA,RG,3340,2,D,YP,SQ,D
14:11:24,PTBA,RG,3340,30,D,PD,SQ,D
14:11:24,PTBA,RG,3340,3,D,XC,SQ,D
14:11:24,PTBA,RG,3340,16,F,CS,SQ,D
14:11:24,PTBA,RG,3340,50,D,AG,SQ,D
14:11:24,PTBA,RG,3340,2,D,PD,SQ,D
14:11:24,PTBA,RG,3340,6,D,YU,SQ,D
14:11:24,PTBA,RG,3340,1,D,EP,SQ,D
14:11:24,PTBA,RG,3340,5,D,XC,SQ,D
14:11:24,PTBA,RG,3340,100,D,EP,SQ,D
14:11:24,PTBA,RG,3340,2,D,PD,SQ,D
14:11:24,PTBA,RG,3340,1,D,XC,SQ,D
14:11:24,PTBA,RG,3340,15,D,KK,SQ,D
14:11:24,PTBA,RG,3340,8,D,YP,SQ,D
14:11:24,PTBA,RG,3340,104,D,YP,SQ,D
14:11:24,PTBA,RG,3340,50,D,XA,SQ,D
14:11:24,PTBA,RG,3340,6,D,YU,SQ,D
14:11:24,PTBA,RG,3340,4,D,PD,SQ,D
14:11:24,PTBA,RG,3340,2,D,CC,SQ,D
14:11:24,PTBA,RG,3340,54,D,KZ,SQ,D
14:11:24,PTBA,RG,3340,2,D,GR,SQ,D
14:11:24,PTBA,RG,3340,2,D,CC,SQ,D
14:11:24,PTBA,RG,3340,1000,D,BQ,SQ,D
14:11:24,PTBA,RG,3340,1,D,XC,SQ,D
14:11:24,PTBA,RG,3340,90,D,NI,SQ,D
14:11:24,PTBA,RG,3340,1,D,YP,SQ,D
14:11:24,PTBA,RG,3340,4,D,NI,SQ,D
14:11:24,PTBA,RG,3340,1,D,YP,SQ,D
14:11:24,PTBA,RG,3340,75,F,ZP,SQ,D
14:11:24,PTBA,RG,3340,56,F,ZP,SQ,D
14:11:24,PTBA,RG,3340,1,D,PD,SQ,D
14:11:24,PTBA,RG,3340,2,D,CC,SQ,D
14:11:24,PTBA,RG,3340,30,D,YP,SQ,D
14:11:24,PTBA,RG,3340,1,D,XL,SQ,D
14:11:24,PTBA,RG,3340,10,D,YP,SQ,D
14:11:24,PTBA,RG,3340,2,D,YP,SQ,D
14:11:24,PTBA,RG,3340,5,D,YP,SQ,D
14:11:24,PTBA,RG,3340,2,D,YU,SQ,D
14:11:24,PTBA,RG,3340,3,D,PD,SQ,D
14:11:24,PTBA,RG,3340,5,D,YP,SQ,D
14:11:24,PTBA,RG,3340,200,D,YP,SQ,D
14:11:24,PTBA,RG,3340,10,D,BR,SQ,D
14:11:24,PTBA,RG,3340,1,D,XA,SQ,D
14:11:24,PTBA,RG,3340,1,D,XC,SQ,D
14:11:24,PTBA,RG,3340,5,D,XL,SQ,D
14:11:24,PTBA,RG,3340,4,D,XC,SQ,D
14:11:24,PTBA,RG,3340,3,D,XC,SQ,D
14:11:24,PTBA,RG,3340,1,D,CC,SQ,D
14:11:24,PTBA,RG,3340,1,D,XC,SQ,D
14:11:24,PTBA,RG,3340,4,D,PD,SQ,D
14:11:24,PTBA,RG,3340,50,D,PD,SQ,D
14:11:24,PTBA,RG,3340,1,D,PD,SQ,D
14:11:24,PTBA,RG,3340,2,D,YP,SQ,D
14:11:24,PTBA,RG,3340,3,D,XL,SQ,D
14:11:24,PTBA,RG,3340,1,D,XC,SQ,D
14:11:24,PTBA,RG,3340,5,D,XC,SQ,D
14:11:24,PTBA,RG,3340,3,D,PD,SQ,D
14:11:24,PTBA,RG,3340,30,D,DX,SQ,D
14:11:24,PTBA,RG,3340,7,D,NI,SQ,D
14:11:24,PTBA,RG,3340,200,D,LG,SQ,D
14:11:24,PTBA,RG,3340,3,D,CC,SQ,D
14:11:24,PTBA,RG,3340,1,D,YB,SQ,D
14:11:24,PTBA,RG,3340,1,D,YP,SQ,D
14:11:24,PTBA,RG,3340,30,D,XC,SQ,D
14:11:24,PTBA,RG,3340,100,D,LG,SQ,D
14:11:24,PTBA,RG,3340,1000,D,CP,SQ,D
14:11:24,PTBA,RG,3340,1,D,PD,SQ,D
14:11:24,PTBA,RG,3340,1000,D,CP,SQ,D
14:11:24,PTBA,RG,3340,1,D,XC,SQ,D
14:11:24,PTBA,RG,3340,10,D,KK,SQ,D
14:11:24,PTBA,RG,3340,50,D,YP,SQ,D
14:11:24,PTBA,RG,3340,1,D,YP,SQ,D
14:11:24,PTBA,RG,3340,100,D,IF,SQ,D
14:11:24,PTBA,RG,3340,1,D,XC,SQ,D
14:11:24,PTBA,RG,3340,80,D,LG,SQ,D
14:11:24,PTBA,RG,3340,11,D,YP,SQ,D
14:11:24,PTBA,RG,3340,5,D,YP,SQ,D
14:11:24,PTBA,RG,3340,3,D,YP,SQ,D
14:11:24,PTBA,RG,3340,1,D,XL,SQ,D
14:11:24,PTBA,RG,3340,5,D,YP,SQ,D
14:11:24,PTBA,RG,3340,1,D,CC,SQ,D
14:11:24,PTBA,RG,3340,4,D,YP,SQ,D
14:11:24,PTBA,RG,3340,50,D,CC,SQ,D
14:11:24,PTBA,RG,3340,11,D,XL,SQ,D
14:11:24,PTBA,RG,3340,10,D,SQ,SQ,D
14:11:24,PTBA,RG,3340,1,D,PD,SQ,D
14:11:24,PTBA,RG,3340,21,D,KZ,SQ,D
14:11:24,PTBA,RG,3340,3,D,XC,SQ,D
14:11:24,PTBA,RG,3340,50,D,SQ,SQ,D
14:11:24,PTBA,RG,3340,6,D,XC,SQ,D
14:11:24,PTBA,RG,3340,5,D,PD,SQ,D
14:11:24,PTBA,RG,3340,1,D,XC,SQ,D
14:11:24,PTBA,RG,3340,1,D,PD,SQ,D
14:11:24,PTBA,RG,3340,3,D,LG,SQ,D
14:11:24,PTBA,RG,3340,3,D,XC,SQ,D
14:11:24,PTBA,RG,3340,1,D,PD,SQ,D
14:11:24,PTBA,RG,3340,10,D,PD,SQ,D
14:11:24,PTBA,RG,3340,3,D,KK,SQ,D
14:11:24,PTBA,RG,3340,2,D,DR,SQ,D
14:11:24,PTBA,RG,3340,4,D,DR,SQ,D
14:11:24,PTBA,RG,3340,1,D,AT,SQ,D
14:11:24,PTBA,RG,3340,100,D,PD,SQ,D
14:11:24,PTBA,RG,3340,2,D,PD,SQ,D
14:11:24,PTBA,RG,3340,2,D,AI,SQ,D
14:11:24,PTBA,RG,3340,5,D,PD,SQ,D
14:11:24,PTBA,RG,3340,45,D,PD,SQ,D
14:11:24,PTBA,RG,3340,5,D,PD,SQ,D
14:11:24,PTBA,RG,3340,30,D,PD,SQ,D
14:11:24,PTBA,RG,3340,1,D,AT,SQ,D
14:11:24,PTBA,RG,3340,7,D,AT,SQ,D
14:11:24,PTBA,RG,3340,10,D,XA,SQ,D
14:11:24,PTBA,RG,3340,1,D,CC,SQ,D
14:11:24,PTBA,RG,3340,5,D,YP,SQ,D
14:11:24,PTBA,RG,3340,14,D,YP,SQ,D
14:11:24,PTBA,RG,3340,10,D,CC,SQ,D
14:11:24,PTBA,RG,3340,2,D,YU,SQ,D
14:11:24,PTBA,RG,3340,2,D,YP,SQ,D
14:11:24,PTBA,RG,3340,50,D,GR,SQ,D
14:11:24,PTBA,RG,3340,5,D,YB,SQ,D
14:11:24,PTBA,RG,3340,5,F,ZP,SQ,D
14:11:24,PTBA,RG,3340,4,F,ZP,SQ,D
14:11:24,PTBA,RG,3340,10,D,YP,SQ,D
14:11:24,PTBA,RG,3340,150,D,XA,SQ,D
14:11:24,PTBA,RG,3340,1,D,PD,SQ,D
14:11:24,PTBA,RG,3340,20,D,DH,SQ,D
14:11:24,PTBA,RG,3340,5,D,XC,SQ,D
14:11:24,PTBA,RG,3340,5,D,YP,SQ,D
14:11:24,PTBA,RG,3340,3,D,PD,SQ,D
14:11:24,PTBA,RG,3340,1,D,KK,SQ,D
14:11:24,PTBA,RG,3340,150,D,KK,SQ,D
14:11:24,PTBA,RG,3340,2,D,PD,SQ,D
14:11:24,PTBA,RG,3340,5,D,DX,SQ,D
14:11:24,PTBA,RG,3340,10,D,LG,SQ,D
14:11:24,PTBA,RG,3340,5,D,PD,SQ,D
14:11:24,PTBA,RG,3340,50,D,YP,SQ,D
14:11:24,PTBA,RG,3340,200,D,LG,SQ,D
14:11:24,PTBA,RG,3340,5,D,SQ,SQ,D
14:11:24,PTBA,RG,3340,25,D,KK,SQ,D
14:11:24,PTBA,RG,3340,1,D,NI,SQ,D
14:11:24,PTBA,RG,3340,1,D,PD,SQ,D
14:11:24,PTBA,RG,3340,5,D,PD,SQ,D
14:11:24,PTBA,RG,3340,100,D,YP,SQ,D
14:11:24,PTBA,RG,3340,100,D,YP,SQ,D
14:11:24,PTBA,RG,3340,20,D,YP,SQ,D
14:11:24,PTBA,RG,3340,5,D,PD,SQ,D
14:11:24,PTBA,RG,3340,3,D,GR,SQ,D
14:11:24,PTBA,RG,3340,1,D,YP,SQ,D
14:11:24,PTBA,RG,3340,90,D,PD,SQ,D
14:11:24,PTBA,RG,3340,10,D,CC,SQ,D
14:11:24,PTBA,RG,3340,252,D,XC,SQ,D
14:11:24,PTBA,RG,3340,3,D,YP,SQ,D
14:11:24,PTBA,RG,3340,1,D,NI,SQ,D
14:11:24,PTBA,RG,3340,20,D,YP,SQ,D
14:11:24,PTBA,RG,3340,1,D,XC,SQ,D
14:11:24,PTBA,RG,3340,16,D,YP,SQ,D
14:11:24,PTBA,RG,3340,5,D,PD,SQ,D
14:11:24,PTBA,RG,3340,20,D,GR,SQ,D
14:11:24,PTBA,RG,3340,12,D,YP,SQ,D
14:11:24,PTBA,RG,3340,5,D,NI,SQ,D
14:11:24,PTBA,RG,3340,10,D,YP,SQ,D
14:11:24,PTBA,RG,3340,1,D,XC,SQ,D
14:11:24,PTBA,RG,3340,9,D,YB,SQ,D
14:11:24,PTBA,RG,3340,1,D,XC,SQ,D
14:11:24,PTBA,RG,3340,10,D,KK,SQ,D
14:11:24,PTBA,RG,3340,5,D,YP,SQ,D
14:11:24,PTBA,RG,3340,15,D,XC,SQ,D
14:11:24,PTBA,RG,3340,100,D,KK,SQ,D
14:11:24,PTBA,RG,3340,1,D,XL,SQ,D
14:11:24,PTBA,RG,3340,10,D,YP,SQ,D
14:11:24,PTBA,RG,3340,5,D,YP,SQ,D
14:11:24,PTBA,RG,3340,1,D,CC,SQ,D
14:11:24,PTBA,RG,3340,1,D,PD,SQ,D
14:11:24,PTBA,RG,3340,2,D,CP,SQ,D
14:11:24,PTBA,RG,3340,3,D,XC,SQ,D
14:11:24,PTBA,RG,3340,450,D,RF,SQ,D
14:11:24,PTBA,RG,3340,5,D,CC,SQ,D
14:11:24,PTBA,RG,3340,1,D,XC,SQ,D
14:11:24,PTBA,RG,3340,5,D,CC,SQ,D
14:11:24,PTBA,RG,3340,2,D,PD,SQ,D
14:11:24,PTBA,RG,3340,1,D,NI,SQ,D
14:11:24,PTBA,RG,3340,5,D,XA,SQ,D
14:11:24,PTBA,RG,3340,10,D,XL,SQ,D
14:11:24,PTBA,RG,3340,3,D,YP,SQ,D
14:11:24,PTBA,RG,3340,50,D,NI,SQ,D
14:11:24,PTBA,RG,3340,1000,D,YP,SQ,D
14:11:24,PTBA,RG,3340,60,D,YP,SQ,D
14:11:24,PTBA,RG,3340,1,D,XC,SQ,D
14:11:24,PTBA,RG,3340,5,D,PD,SQ,D
14:11:24,PTBA,RG,3340,6,D,PD,SQ,D
14:11:24,PTBA,RG,3340,4,D,PD,SQ,D
14:11:24,PTBA,RG,3340,3900,D,OD,SQ,D
14:11:24,PTBA,RG,3340,1,D,YP,SQ,D
14:11:24,PTBA,RG,3340,10,D,PD,SQ,D
14:11:24,PTBA,RG,3340,1,D,XC,SQ,D
14:11:24,PTBA,RG,3340,10,D,CC,SQ,D
14:11:24,PTBA,RG,3340,1,D,PD,SQ,D
14:11:24,PTBA,RG,3340,10,D,NI,SQ,D
14:11:24,PTBA,RG,3340,5,D,PD,SQ,D
14:11:24,PTBA,RG,3340,2,D,XC,SQ,D
14:11:24,PTBA,RG,3340,1,D,XC,SQ,D
14:11:24,PTBA,RG,3340,5,D,PD,SQ,D
14:11:24,PTBA,RG,3340,30,D,PD,SQ,D
14:11:24,PTBA,RG,3340,5,D,PD,SQ,D
14:11:24,PTBA,RG,3340,30,D,PD,SQ,D
14:11:24,PTBA,RG,3340,3,D,PD,SQ,D
14:11:24,PTBA,RG,3340,1000,D,KK,SQ,D
14:11:24,PTBA,RG,3340,16,D,PD,SQ,D
14:11:24,PTBA,RG,3340,10,D,CC,SQ,D
14:11:24,PTBA,RG,3340,75,D,YU,SQ,D
14:11:24,PTBA,RG,3340,5,D,YP,SQ,D
14:11:24,PTBA,RG,3340,1,D,PD,SQ,D
14:11:24,PTBA,RG,3340,5,D,PD,SQ,D
14:11:24,PTBA,RG,3340,1,D,PD,SQ,D
14:11:24,PTBA,RG,3340,150,D,GR,SQ,D
14:11:24,PTBA,RG,3340,10,D,DR,SQ,D
14:11:24,PTBA,RG,3340,1,D,CC,SQ,D
14:11:24,PTBA,RG,3340,15,D,TP,SQ,D
14:11:24,PTBA,RG,3340,50,F,TP,SQ,D
14:11:24,PTBA,RG,3340,5,D,YB,SQ,D
14:11:24,PTBA,RG,3340,1,D,PD,SQ,D
14:11:24,PTBA,RG,3340,5,D,PD,SQ,D
14:11:24,PTBA,RG,3340,8,D,XC,SQ,D
14:11:24,PTBA,RG,3340,2,D,XC,SQ,D
14:11:24,PTBA,RG,3340,10,D,DX,SQ,D
14:11:24,PTBA,RG,3340,3,D,YP,SQ,D
14:11:24,PTBA,RG,3340,2,D,PD,SQ,D
14:11:24,PTBA,RG,3340,8,D,PD,SQ,D
14:11:24,PTBA,RG,3340,1,D,PD,SQ,D
14:11:24,PTBA,RG,3340,5,D,NI,SQ,D
14:11:24,PTBA,RG,3340,3,D,PD,SQ,D
14:11:24,PTBA,RG,3340,2,D,PD,SQ,D
14:11:24,PTBA,RG,3340,5,D,YP,SQ,D
14:11:24,PTBA,RG,3340,1,D,CC,SQ,D
14:11:24,PTBA,RG,3340,10,D,YB,SQ,D
14:11:24,PTBA,RG,3340,20,D,PD,SQ,D
14:11:24,PTBA,RG,3340,1,D,NI,SQ,D
14:11:24,PTBA,RG,3340,2,D,OD,SQ,D
14:11:24,PTBA,RG,3340,1,D,SQ,SQ,D
14:11:24,PTBA,RG,3340,3,D,XC,SQ,D
14:11:24,PTBA,RG,3340,1,D,XC,SQ,D
14:11:24,PTBA,RG,3340,25,D,NI,SQ,D
14:11:24,PTBA,RG,3340,1,D,YP,SQ,D
14:11:24,PTBA,RG,3340,10,D,LG,SQ,D
14:11:24,PTBA,RG,3340,10,D,PD,SQ,D
14:11:24,PTBA,RG,3340,1,D,NI,SQ,D
14:11:24,PTBA,RG,3340,100,D,AT,SQ,D
14:11:24,PTBA,RG,3340,5,D,YP,SQ,D
14:11:24,PTBA,RG,3340,10,D,NI,SQ,D
14:11:24,PTBA,RG,3340,1,D,CD,SQ,D
14:11:24,PTBA,RG,3340,5,D,GR,SQ,D
14:11:24,PTBA,RG,3340,5,D,OD,SQ,D
14:11:24,PTBA,RG,3340,1,D,YP,SQ,D
14:11:24,PTBA,RG,3340,4,D,YP,SQ,D
14:11:24,PTBA,RG,3340,275,D,YP,SQ,D
14:11:24,PTBA,RG,3340,157,D,BQ,SQ,D
14:11:22,PTBA,RG,3340,2,D,BQ,CC,D
14:11:09,PTBA,RG,3340,5,D,BQ,GR,D
14:11:00,PTBA,RG,3340,3,D,BQ,AK,F
14:11:00,PTBA,RG,3340,120,D,BQ,AK,F
14:11:00,PTBA,RG,3340,50,D,BQ,CP,D
14:10:59,PTBA,RG,3340,3,D,BQ,AK,F
14:10:58,PTBA,RG,3340,200,D,BQ,SQ,D
14:10:55,PTBA,RG,3340,1,D,BQ,AK,F
14:10:55,PTBA,RG,3340,18,D,BQ,DR,D
14:10:22,PTBA,RG,3340,1,D,BQ,CC,D
14:10:22,PTBA,RG,3350,30,D,XA,SQ,D
14:10:01,PTBA,RG,3350,21,D,HP,SQ,D
14:09:54,PTBA,RG,3350,1,D,PD,SQ,D
14:09:51,PTBA,RG,3340,4,D,BQ,AK,F
14:09:50,PTBA,RG,3340,200,D,BQ,CC,D
14:09:42,PTBA,RG,3340,13,D,BQ,DX,D
14:09:33,PTBA,RG,3350,12,D,PD,SQ,D
14:09:22,PTBA,RG,3340,1,D,BQ,CC,D
14:09:21,PTBA,RG,3340,10,D,BQ,NI,D
14:08:45,PTBA,RG,3340,58,D,BQ,AK,F
14:08:35,PTBA,RG,3350,1,D,PD,SQ,D
14:08:32,PTBA,RG,3350,2,D,PD,SQ,D
14:08:22,PTBA,RG,3340,1,D,BQ,CC,D
14:08:02,PTBA,RG,3350,50,D,CC,SQ,D
14:07:42,PTBA,RG,3340,1,D,BQ,CC,D
14:07:22,PTBA,RG,3340,1,D,BQ,CC,D
14:07:03,PTBA,RG,3340,100,D,BQ,DR,D
14:07:01,PTBA,RG,3340,11,D,BQ,DX,D
14:06:59,PTBA,RG,3350,10,D,XC,SQ,D
14:06:38,PTBA,RG,3350,6,F,CS,SQ,D
14:06:38,PTBA,RG,3350,95,F,AK,SQ,D
14:06:38,PTBA,RG,3350,6,D,AT,SQ,D
14:06:38,PTBA,RG,3350,122,F,ZP,SQ,D
14:06:38,PTBA,RG,3350,75,F,ZP,SQ,D
14:06:38,PTBA,RG,3350,1,D,EP,SQ,D
14:06:38,PTBA,RG,3350,3,D,YU,SQ,D
14:06:38,PTBA,RG,3350,10,D,YP,SQ,D
14:06:38,PTBA,RG,3350,200,D,LG,SQ,D
14:06:38,PTBA,RG,3350,5,D,YP,SQ,D
14:06:38,PTBA,RG,3350,500,D,CP,SQ,D
14:06:38,PTBA,RG,3350,20,D,OD,SQ,D
14:06:38,PTBA,RG,3350,4,D,XC,SQ,D
14:06:38,PTBA,RG,3350,3,D,PD,SQ,D
14:06:38,PTBA,RG,3350,1,D,DR,SQ,D
14:06:38,PTBA,RG,3350,10,D,YP,SQ,D
14:06:38,PTBA,RG,3350,200,D,EP,SQ,D
14:06:38,PTBA,RG,3350,1,D,XL,SQ,D
14:06:38,PTBA,RG,3350,17,F,CS,SQ,D
14:06:38,PTBA,RG,3350,5,D,YP,SQ,D
14:06:38,PTBA,RG,3350,500,D,CP,SQ,D
14:06:38,PTBA,RG,3350,50,D,KK,SQ,D
14:06:38,PTBA,RG,3350,3,D,XC,SQ,D
14:06:38,PTBA,RG,3350,1,D,PD,SQ,D
14:06:38,PTBA,RG,3350,2,D,YP,SQ,D
14:06:38,PTBA,RG,3350,1,D,PD,SQ,D
14:06:38,PTBA,RG,3350,1,D,PD,SQ,D
14:06:38,PTBA,RG,3350,100,D,HP,SQ,D
14:06:38,PTBA,RG,3350,20,D,PD,SQ,D
14:06:38,PTBA,RG,3350,1,D,YP,SQ,D
14:06:38,PTBA,RG,3350,2,D,XC,SQ,D
14:06:38,PTBA,RG,3350,1,D,XL,SQ,D
14:06:38,PTBA,RG,3350,1,D,XA,SQ,D
14:06:38,PTBA,RG,3350,2,D,PD,SQ,D
14:06:38,PTBA,RG,3350,1,D,PD,SQ,D
14:06:38,PTBA,RG,3350,15,D,DX,SQ,D
14:06:38,PTBA,RG,3350,5,D,YP,SQ,D
14:06:38,PTBA,RG,3350,1,D,XA,SQ,D
14:06:38,PTBA,RG,3350,1,D,XC,SQ,D
14:06:38,PTBA,RG,3350,6,F,CS,SQ,D
14:06:38,PTBA,RG,3350,5,D,DX,SQ,D
14:06:38,PTBA,RG,3350,50,D,GR,SQ,D
14:06:38,PTBA,RG,3350,10,D,YP,SQ,D
14:06:38,PTBA,RG,3350,200,D,LG,SQ,D
14:06:38,PTBA,RG,3350,200,D,LG,SQ,D
14:06:38,PTBA,RG,3350,2,D,CC,SQ,D
14:06:38,PTBA,RG,3350,18,F,CS,SQ,D
14:06:38,PTBA,RG,3350,500,D,CD,SQ,D
14:06:38,PTBA,RG,3350,1,D,EP,SQ,D
14:06:38,PTBA,RG,3350,1,D,YP,SQ,D
14:06:38,PTBA,RG,3350,5,D,CC,SQ,D
14:06:38,PTBA,RG,3350,5,D,PD,SQ,D
14:06:38,PTBA,RG,3350,5,D,YB,SQ,D
14:06:38,PTBA,RG,3350,1,D,YP,SQ,D
14:06:38,PTBA,RG,3350,100,D,PD,SQ,D
14:06:38,PTBA,RG,3350,1,D,XL,SQ,D
14:06:38,PTBA,RG,3350,20,D,OD,SQ,D
14:06:38,PTBA,RG,3350,10,D,EP,SQ,D
14:06:38,PTBA,RG,3350,5,D,XL,SQ,D
14:06:38,PTBA,RG,3350,1,D,XA,SQ,D
14:06:38,PTBA,RG,3350,20,D,YP,SQ,D
14:06:38,PTBA,RG,3350,10,D,SQ,SQ,D
14:06:38,PTBA,RG,3350,16,D,XC,SQ,D
14:06:38,PTBA,RG,3350,2,D,YP,SQ,D
14:06:38,PTBA,RG,3350,2,D,CC,SQ,D
14:06:38,PTBA,RG,3350,4,D,PD,SQ,D
14:06:38,PTBA,RG,3350,10,D,XC,SQ,D
14:06:38,PTBA,RG,3350,15,D,EP,SQ,D
14:06:38,PTBA,RG,3350,30,D,YP,SQ,D
14:06:38,PTBA,RG,3350,18,D,YP,SQ,D
14:06:38,PTBA,RG,3350,19,D,YP,BK,F
14:06:38,PTBA,RG,3350,15,F,CS,BK,F
14:06:38,PTBA,RG,3350,2,D,PD,BK,F
14:06:38,PTBA,RG,3350,1,D,YP,BK,F
14:06:38,PTBA,RG,3350,1,D,KK,BK,F
14:06:38,PTBA,RG,3350,1,D,NI,BK,F
14:06:38,PTBA,RG,3350,20,D,CC,BK,F
14:06:38,PTBA,RG,3350,10,D,XC,BK,F
14:06:38,PTBA,RG,3350,3,D,XL,BK,F
14:06:38,PTBA,RG,3350,3,D,PD,BK,F
14:06:35,PTBA,RG,3350,27,D,PD,YJ,D
14:06:35,PTBA,RG,3350,1,D,PD,YJ,D
14:06:35,PTBA,RG,3350,70,D,NI,YJ,D
14:06:35,PTBA,RG,3350,5,D,PD,YJ,D
14:06:35,PTBA,RG,3350,2,D,PD,YJ,D
14:06:35,PTBA,RG,3350,2,D,YP,YJ,D
14:06:35,PTBA,RG,3350,2,D,OD,YJ,D
14:06:35,PTBA,RG,3350,10,D,PD,YJ,D
14:06:35,PTBA,RG,3350,12,D,XC,YJ,D
14:06:35,PTBA,RG,3350,74,F,AK,YJ,D
14:06:35,PTBA,RG,3350,1,D,XC,YJ,D
14:06:35,PTBA,RG,3350,5,D,YU,YJ,D
14:06:35,PTBA,RG,3350,25,D,YP,YJ,D
14:06:35,PTBA,RG,3350,42,F,ZP,YJ,D
14:06:35,PTBA,RG,3350,1,D,YP,YJ,D
14:06:35,PTBA,RG,3350,43,D,KZ,YJ,D
14:06:35,PTBA,RG,3350,100,D,NI,YJ,D
14:06:35,PTBA,RG,3350,2,D,XL,YJ,D
14:06:35,PTBA,RG,3350,9,F,CS,YJ,D
14:06:35,PTBA,RG,3350,1,D,XA,YJ,D
14:06:35,PTBA,RG,3350,5,D,YP,YJ,D
14:06:35,PTBA,RG,3350,6,D,YU,YJ,D
14:06:35,PTBA,RG,3350,5,D,YP,YJ,D
14:06:35,PTBA,RG,3350,2,D,XC,YJ,D
14:06:35,PTBA,RG,3350,2,D,PD,YJ,D
14:06:35,PTBA,RG,3350,6,D,YU,YJ,D
14:06:35,PTBA,RG,3350,19,D,YU,YJ,D
14:06:35,PTBA,RG,3350,271,D,BQ,YJ,D
14:06:33,PTBA,RG,3350,70,D,BQ,BK,F
14:06:31,PTBA,RG,3350,500,D,BQ,YP,D
14:06:29,PTBA,RG,3350,94,D,BQ,BK,F
14:06:29,PTBA,RG,3350,65,D,BQ,AK,F
14:06:29,PTBA,RG,3350,6,F,CS,AK,F
14:06:29,PTBA,RG,3350,13,D,DX,AK,F
14:06:29,PTBA,RG,3350,12,D,DX,AK,F
14:06:29,PTBA,RG,3350,37,D,KZ,AK,F
14:06:29,PTBA,RG,3350,2,D,YU,AK,F
14:06:29,PTBA,RG,3350,1,D,XC,AK,F
14:06:29,PTBA,RG,3350,30,D,OD,AK,F
14:06:28,PTBA,RG,3350,548,F,BK,YJ,D
14:06:28,PTBA,RG,3350,70,F,ZP,YJ,D
14:06:28,PTBA,RG,3350,9,F,ZP,YJ,D
14:06:28,PTBA,RG,3350,10,D,YP,YJ,D
14:06:28,PTBA,RG,3350,1,D,XC,YJ,D
14:06:28,PTBA,RG,3350,10,D,SQ,YJ,D
14:06:28,PTBA,RG,3350,200,D,LG,YJ,D
14:06:28,PTBA,RG,3350,200,D,LG,YJ,D
14:06:28,PTBA,RG,3350,1,D,PD,YJ,D
14:06:28,PTBA,RG,3350,25,D,CC,YJ,D
14:06:28,PTBA,RG,3350,1,D,YP,YJ,D
14:06:28,PTBA,RG,3350,36,D,CC,YJ,D
14:06:28,PTBA,RG,3350,1,D,YP,YJ,D
14:06:28,PTBA,RG,3350,3,D,CC,YJ,D
14:06:28,PTBA,RG,3350,2,D,NI,YJ,D
14:06:28,PTBA,RG,3350,2,D,PD,YJ,D
14:06:28,PTBA,RG,3350,1,D,YP,YJ,D
14:06:28,PTBA,RG,3350,10,D,PD,YJ,D
14:06:28,PTBA,RG,3350,5,D,YP,YJ,D
14:06:28,PTBA,RG,3350,18,D,CC,YJ,D
14:06:28,PTBA,RG,3350,35,D,CC,YJ,D
14:06:28,PTBA,RG,3350,62,D,CP,YJ,D
14:06:28,PTBA,RG,3350,4,D,CP,AZ,D
14:06:22,PTBA,RG,3350,2,D,CP,CC,D
14:06:19,PTBA,RG,3350,1,D,CP,XC,D
14:05:46,PTBA,RG,3350,65,D,CP,XA,D
14:05:39,PTBA,RG,3360,6,D,YU,PD,D
14:05:35,PTBA,RG,3350,32,D,CP,BK,F
14:05:34,PTBA,RG,3350,549,D,CP,OD,D
14:05:26,PTBA,RG,3360,290,D,CC,PD,D
14:05:22,PTBA,RG,3350,1,D,CP,CC,D
14:05:18,PTBA,RG,3350,6,D,CP,XC,D
14:05:17,PTBA,RG,3350,50,D,CP,CC,D
14:05:14,PTBA,RG,3350,16,D,CP,EP,D
14:04:55,PTBA,RG,3360,1,D,PD,PD,D
14:04:48,PTBA,RG,3350,3,D,CP,CC,D
14:04:36,PTBA,RG,3350,209,D,CP,NI,D
14:04:36,PTBA,RG,3350,1,D,EP,NI,D
14:04:36,PTBA,RG,3350,1000,D,KK,NI,D
14:04:36,PTBA,RG,3350,100,D,LG,NI,D
14:04:36,PTBA,RG,3350,190,D,HP,NI,D
14:04:31,PTBA,RG,3360,15,D,XC,PD,D
14:04:31,PTBA,RG,3360,172,D,LG,PD,D
14:04:27,PTBA,RG,3350,11,D,HP,DX,D
14:04:22,PTBA,RG,3350,1,D,HP,CC,D
14:04:19,PTBA,RG,3360,6,D,YU,PD,D
14:04:19,PTBA,RG,3360,53,D,KZ,PD,D
14:04:15,PTBA,RG,3350,10,D,HP,KK,D
14:03:57,PTBA,RG,3350,1,D,HP,XC,D
14:03:46,PTBA,RG,3350,4,D,HP,KK,D
14:03:46,PTBA,RG,3350,4,D,HP,AI,D
14:03:37,PTBA,RG,3350,199,D,HP,SQ,D
14:03:30,PTBA,RG,3350,75,D,HP,AK,F
14:03:22,PTBA,RG,3350,1,D,HP,CC,D
14:03:20,PTBA,RG,3350,47,D,HP,YP,D
14:02:55,PTBA,RG,3360,6,D,YU,PD,D
14:02:54,PTBA,RG,3350,2,D,HP,YP,D
14:02:22,PTBA,RG,3350,1,D,HP,CC,D
14:02:19,PTBA,RG,3350,4,D,HP,SQ,D
14:01:48,PTBA,RG,3350,75,D,HP,CC,D
14:01:43,PTBA,RG,3360,1,D,XA,PD,D
14:01:42,PTBA,RG,3350,10,D,HP,DX,D
14:01:35,PTBA,RG,3360,6,D,YU,PD,D
14:01:28,PTBA,RG,3350,5,D,HP,KK,D
14:01:22,PTBA,RG,3350,2,D,HP,PD,D
14:01:22,PTBA,RG,3350,1,D,HP,CC,D
14:01:19,PTBA,RG,3360,67,D,KZ,PD,D
14:01:00,PTBA,RG,3350,125,D,HP,CC,D
14:00:56,PTBA,RG,3350,14,D,HP,NI,D
14:00:30,PTBA,RG,3350,74,D,HP,AK,F
14:00:22,PTBA,RG,3350,2,D,HP,CC,D
14:00:13,PTBA,RG,3360,6,D,YU,PD,D
13:59:59,PTBA,RG,3350,450,D,HP,EP,D
13:59:40,PTBA,RG,3350,3,D,HP,XC,D
13:59:40,PTBA,RG,3350,100,D,HP,DR,D
13:59:22,PTBA,RG,3350,1,D,HP,CC,D
13:59:16,PTBA,RG,3360,5,D,YP,PD,D
13:59:07,PTBA,RG,3350,20,D,HP,PD,D
13:59:04,PTBA,RG,3360,10,D,NI,PD,D
13:59:01,PTBA,RG,3350,1,D,HP,XC,D
13:58:59,PTBA,RG,3350,12,D,HP,DX,D
13:58:57,PTBA,RG,3350,50,D,HP,CC,D
13:58:38,PTBA,RG,3350,50,D,HP,DR,D
13:58:36,PTBA,RG,3350,5,D,HP,NI,D
13:58:35,PTBA,RG,3360,2,D,XL,PD,D
13:58:35,PTBA,RG,3360,13,D,XL,OD,D
13:58:32,PTBA,RG,3360,7,D,YU,OD,D
13:58:23,PTBA,RG,3350,3,D,HP,PD,D
13:58:22,PTBA,RG,3350,1,D,HP,CC,D
13:57:56,PTBA,RG,3360,1,D,XC,OD,D
13:57:44,PTBA,RG,3360,20,D,OD,OD,D
13:57:42,PTBA,RG,3360,2,D,PD,OD,D
13:57:27,PTBA,RG,3360,2,D,CC,OD,D
13:57:22,PTBA,RG,3350,1,D,HP,CC,D
13:57:06,PTBA,RG,3360,20,D,OD,OD,D
13:57:00,PTBA,RG,3360,72,D,CC,OD,D
13:56:56,PTBA,RG,3360,1,D,XC,OD,D
13:56:52,PTBA,RG,3360,6,D,YU,OD,D
13:56:30,PTBA,RG,3360,5,D,NI,OD,D
13:56:27,PTBA,RG,3350,1,D,HP,XC,D
13:56:22,PTBA,RG,3350,1,D,HP,CC,D
13:56:21,PTBA,RG,3350,13,D,HP,DX,D
13:56:15,PTBA,RG,3350,6,D,HP,XL,D
13:55:59,PTBA,RG,3360,39,D,KZ,OD,D
13:55:43,PTBA,RG,3360,1,D,PD,OD,D
13:55:29,PTBA,RG,3360,1,D,XL,OD,D
13:55:22,PTBA,RG,3350,2,D,HP,CC,D
13:55:21,PTBA,RG,3360,1,D,YB,OD,D
13:55:10,PTBA,RG,3360,5,D,XC,OD,D
13:55:10,PTBA,RG,3360,7,D,YU,OD,D
13:54:49,PTBA,RG,3360,5,D,PD,OD,D
13:54:22,PTBA,RG,3350,1,D,HP,CC,D
13:54:19,PTBA,RG,3360,1,D,XC,OD,D
13:54:17,PTBA,RG,3360,6,D,EP,OD,D
13:54:13,PTBA,RG,3360,5,D,XC,OD,D
13:54:07,PTBA,RG,3360,10,D,CC,OD,D
13:53:58,PTBA,RG,3360,1,D,AT,OD,D
13:53:47,PTBA,RG,3350,12,D,HP,DX,D
13:53:43,PTBA,RG,3350,6,D,HP,CC,D
13:53:39,PTBA,RG,3360,3,D,XC,OD,D
13:53:37,PTBA,RG,3360,29,D,PD,OD,D
13:53:29,PTBA,RG,3360,6,D,YU,OD,D
13:53:28,PTBA,RG,3360,6,D,XC,OD,D
13:53:22,PTBA,RG,3350,1,D,HP,CC,D
13:52:59,PTBA,RG,3360,2,D,CC,OD,D
13:52:54,PTBA,RG,3360,37,D,KZ,OD,D
13:52:53,PTBA,RG,3350,20,D,HP,DH,D
13:52:51,PTBA,RG,3360,1,D,NI,OD,D
13:52:51,PTBA,RG,3360,172,D,LG,OD,D
13:52:47,PTBA,RG,3350,10,D,HP,CC,D
13:52:24,PTBA,RG,3350,1,D,HP,PD,D
13:52:22,PTBA,RG,3350,1,D,HP,CC,D
13:52:12,PTBA,RG,3360,25,D,SQ,OD,D
13:52:11,PTBA,RG,3360,5,D,DH,OD,D
13:52:08,PTBA,RG,3360,30,D,KK,OD,D
13:52:03,PTBA,RG,3360,2,D,AZ,OD,D
13:52:03,PTBA,RG,3360,1,D,AZ,YP,D
13:52:01,PTBA,RG,3360,3,D,XL,YP,D
13:52:00,PTBA,RG,3360,5,D,GR,YP,D
13:51:55,PTBA,RG,3360,6,D,YU,YP,D
13:51:54,PTBA,RG,3360,7,D,XC,YP,D
13:51:48,PTBA,RG,3360,1,D,XC,YP,D
13:51:45,PTBA,RG,3360,8,D,PD,YP,D
13:51:30,PTBA,RG,3360,1,D,PD,YP,D
13:51:23,PTBA,RG,3360,60,D,IF,YP,D
13:51:22,PTBA,RG,3350,1,D,HP,CC,D
13:51:18,PTBA,RG,3360,18,D,XC,YP,D
13:51:12,PTBA,RG,3350,87,D,HP,BK,F
13:51:04,PTBA,RG,3360,3,D,AZ,YP,D
13:51:01,PTBA,RG,3350,10,D,HP,DX,D
13:50:58,PTBA,RG,3350,18,D,HP,XC,D
13:50:33,PTBA,RG,3350,287,D,HP,CC,F
13:50:26,PTBA,RG,3350,77,D,HP,BK,F
13:50:22,PTBA,RG,3350,1,D,HP,CC,D
13:50:19,PTBA,RG,3350,68,D,HP,CC,F
13:50:18,PTBA,RG,3350,1,D,HP,XC,D
13:50:16,PTBA,RG,3350,2,D,HP,XL,D
13:49:47,PTBA,RG,3350,1,D,HP,SQ,D
13:49:44,PTBA,RG,3350,125,D,HP,BK,F
13:49:40,PTBA,RG,3350,21,D,HP,CC,D
13:49:34,PTBA,RG,3350,211,D,HP,CC,F
13:49:32,PTBA,RG,3350,12,D,HP,PD,D
13:49:00,PTBA,RG,3360,1,D,PD,YP,D
13:48:35,PTBA,RG,3350,9,D,HP,PD,D
13:48:32,PTBA,RG,3350,1,D,HP,NI,D
13:48:19,PTBA,RG,3350,13,D,HP,DX,D
13:48:19,PTBA,RG,3350,15,D,HP,XC,D
13:48:04,PTBA,RG,3350,10,D,HP,SQ,D
13:47:30,PTBA,RG,3360,1,D,AZ,YP,D
13:47:22,PTBA,RG,3360,1,D,XC,YP,D
13:47:06,PTBA,RG,3360,220,D,YU,YP,D
13:47:03,PTBA,RG,3360,2,D,XL,YP,D
13:46:27,PTBA,RG,3360,2,D,PD,YP,D
13:45:55,PTBA,RG,3360,1,D,YP,YP,D
13:45:46,PTBA,RG,3350,11,D,HP,DX,D
13:45:32,PTBA,RG,3350,61,D,HP,BK,F
13:45:29,PTBA,RG,3350,76,D,HP,BK,F
13:45:28,PTBA,RG,3360,10,D,YP,YP,D
13:45:25,PTBA,RG,3360,25,F,ZP,YP,D
13:45:24,PTBA,RG,3350,252,D,HP,BK,F
13:45:24,PTBA,RG,3350,100,D,LG,BK,F
13:45:24,PTBA,RG,3350,1,D,EP,BK,F
13:45:24,PTBA,RG,3360,2,D,YU,BK,F
13:45:21,PTBA,RG,3360,11,F,CS,AK,F
13:45:21,PTBA,RG,3360,3,D,XC,AK,F
13:45:21,PTBA,RG,3360,1,D,XC,AK,F
13:45:21,PTBA,RG,3360,59,D,HP,AK,F
13:45:21,PTBA,RG,3360,3,D,DH,AK,F
13:45:21,PTBA,RG,3360,10,D,XC,AK,F
13:45:21,PTBA,RG,3360,10,D,SQ,AK,F
13:45:21,PTBA,RG,3360,5,D,PD,AK,F
13:45:21,PTBA,RG,3360,1,D,DX,AK,F
13:45:21,PTBA,RG,3360,3,D,CC,AK,F
13:45:21,PTBA,RG,3360,100,D,DR,AK,F
13:45:21,PTBA,RG,3360,30,D,NI,AK,F
13:45:21,PTBA,RG,3360,16,F,CS,AK,F
13:45:21,PTBA,RG,3360,1,D,PD,AK,F
13:45:21,PTBA,RG,3360,9,D,CC,AK,F
13:45:21,PTBA,RG,3360,38,D,KZ,AK,F
13:45:21,PTBA,RG,3360,100,D,YP,AK,F
13:45:21,PTBA,RG,3360,10,D,OD,AK,F
13:45:21,PTBA,RG,3360,5,D,YP,AK,F
13:45:21,PTBA,RG,3360,2,D,YB,AK,F
13:45:21,PTBA,RG,3360,1,D,YP,AK,F
13:45:21,PTBA,RG,3360,5,D,YB,AK,F
13:45:21,PTBA,RG,3360,14,D,YU,AK,F
13:45:21,PTBA,RG,3360,2,D,YP,AK,F
13:45:21,PTBA,RG,3360,100,D,CC,AK,F
13:45:21,PTBA,RG,3360,22,F,ZP,AK,F
13:45:21,PTBA,RG,3360,12,F,ZP,AK,F
13:45:21,PTBA,RG,3360,1152,F,BK,AK,F
13:45:20,PTBA,RG,3360,311,F,BK,AK,F
13:45:20,PTBA,RG,3360,50,D,YB,AK,F
13:45:20,PTBA,RG,3360,1,D,YP,AK,F
13:45:20,PTBA,RG,3360,5,D,YU,AK,F
13:45:20,PTBA,RG,3360,298,D,PD,AK,F
13:45:20,PTBA,RG,3360,4,D,PD,AK,F
13:45:20,PTBA,RG,3360,6,F,CS,AK,F
13:45:20,PTBA,RG,3360,3,F,CS,AK,F
13:45:20,PTBA,RG,3360,4,F,CS,AK,F
13:45:20,PTBA,RG,3360,318,D,KK,AK,F
13:45:19,PTBA,RG,3360,30,D,KK,PD,D
13:45:14,PTBA,RG,3370,1,D,XL,YP,D
13:44:58,PTBA,RG,3370,39,D,LG,YP,D
13:44:58,PTBA,RG,3370,50,D,LG,NI,D
13:44:58,PTBA,RG,3370,3,D,LG,PD,D
13:44:58,PTBA,RG,3370,50,D,LG,YP,D
13:44:58,PTBA,RG,3370,3,D,LG,XL,D
13:44:58,PTBA,RG,3370,27,D,LG,NI,D
13:44:47,PTBA,RG,3370,3,D,YU,NI,D
13:44:47,PTBA,RG,3370,4,D,YU,DR,D
13:44:46,PTBA,RG,3360,3,D,KK,XC,D
13:44:46,PTBA,RG,3370,20,D,PD,DR,D
13:43:49,PTBA,RG,3360,25,D,KK,YP,D
13:43:35,PTBA,RG,3360,11,D,KK,PD,D
13:43:34,PTBA,RG,3360,15,D,KK,XL,D
13:43:12,PTBA,RG,3370,6,D,YU,DR,D
13:43:11,PTBA,RG,3360,11,D,KK,DX,D
13:42:56,PTBA,RG,3370,3,D,XL,DR,D
13:42:40,PTBA,RG,3370,2,D,XL,DR,D
13:42:17,PTBA,RG,3370,50,D,YP,DR,D
13:41:46,PTBA,RG,3370,6,D,YU,DR,D
13:41:23,PTBA,RG,3360,20,D,KK,YP,D
13:40:56,PTBA,RG,3370,2,D,YP,DR,D
13:40:25,PTBA,RG,3370,1,D,NI,DR,D
13:40:10,PTBA,RG,3370,6,D,YU,DR,D
13:40:10,PTBA,RG,3370,1,D,YU,XC,D
13:40:09,PTBA,RG,3360,191,D,KK,AK,F
13:40:09,PTBA,RG,3360,54,D,KK,AK,F
13:40:09,PTBA,RG,3360,100,D,KK,YP,D
13:40:09,PTBA,RG,3360,50,D,KK,AK,F
13:40:09,PTBA,RG,3360,100,D,KK,YP,D
13:40:09,PTBA,RG,3360,20,D,KK,EP,D
13:40:09,PTBA,RG,3360,9,D,KK,XC,D
13:40:09,PTBA,RG,3360,100,D,KK,HD,D
13:40:09,PTBA,RG,3360,65,D,KK,AK,F
13:40:09,PTBA,RG,3360,13,D,KK,DX,D
13:40:09,PTBA,RG,3360,1,D,KK,XC,D
13:40:09,PTBA,RG,3360,15,D,KK,CC,D
13:40:09,PTBA,RG,3360,6,D,KK,YU,D
13:40:09,PTBA,RG,3360,10,D,KK,NI,D
13:40:09,PTBA,RG,3360,25,D,KK,RX,F
13:40:09,PTBA,RG,3360,27,D,KK,DX,F
13:40:09,PTBA,RG,3360,252,D,KK,RX,F
13:40:09,PTBA,RG,3360,5,D,KK,YP,D
13:40:09,PTBA,RG,3360,70,D,KK,SQ,D
13:40:09,PTBA,RG,3360,30,D,KK,YP,D
13:40:09,PTBA,RG,3360,11,D,KK,PD,D
13:40:09,PTBA,RG,3360,3,D,KK,XC,D
13:40:09,PTBA,RG,3360,353,D,KK,BK,F
13:40:09,PTBA,RG,3360,98,D,KK,BK,F
13:40:09,PTBA,RG,3360,1,D,KK,XL,D
13:40:09,PTBA,RG,3360,50,D,KK,CC,D
13:40:09,PTBA,RG,3360,3,D,KK,CC,D
13:40:09,PTBA,RG,3360,189,D,KK,BK,F
13:40:09,PTBA,RG,3360,6,D,KK,XC,D
13:40:09,PTBA,RG,3360,1,D,KK,XC,D
13:40:09,PTBA,RG,3360,20,D,KK,XC,D
13:40:09,PTBA,RG,3360,10,D,KK,PD,D
13:40:09,PTBA,RG,3360,549,D,KK,OD,D
13:40:09,PTBA,RG,3360,121,D,KK,CC,D
13:40:09,PTBA,RG,3360,1,D,KK,TP,D
13:40:09,PTBA,RG,3360,2,D,KK,CC,D
13:40:09,PTBA,RG,3360,6,D,KK,YP,D
13:40:09,PTBA,RG,3360,4,D,KZ,YP,D
13:40:09,PTBA,RG,3360,6,D,KZ,XC,D
13:40:09,PTBA,RG,3360,3,D,KZ,XC,D
13:40:09,PTBA,RG,3360,12,D,KZ,CC,D
13:40:09,PTBA,RG,3360,10,D,KZ,EP,D
13:39:56,PTBA,RG,3360,132,D,LG,EP,D
13:39:56,PTBA,RG,3360,40,D,LG,EP,D
13:39:48,PTBA,RG,3360,60,D,YP,EP,D
13:39:48,PTBA,RG,3360,2,D,YP,PD,D
13:39:48,PTBA,RG,3360,100,D,YP,YP,D
13:39:48,PTBA,RG,3360,82,D,YP,CC,D
13:39:11,PTBA,RG,3360,168,D,KK,CC,D
13:39:11,PTBA,RG,3360,18,D,KK,YP,D
13:39:11,PTBA,RG,3360,1,D,KK,PD,D
13:39:11,PTBA,RG,3360,11,D,KK,DH,D
13:39:11,PTBA,RG,3360,4,D,KK,XL,D
13:39:11,PTBA,RG,3360,10,D,KK,DH,D
13:39:11,PTBA,RG,3360,5,D,KK,DX,D
13:39:11,PTBA,RG,3360,2,D,KK,EP,D
13:39:11,PTBA,RG,3360,50,D,KK,YP,D
13:39:11,PTBA,RG,3360,12,D,KK,KK,D
13:39:11,PTBA,RG,3360,19,D,KK,YP,D
13:39:09,PTBA,RG,3360,1,D,YP,YP,D
13:38:33,PTBA,RG,3360,70,F,AK,YP,D
13:38:33,PTBA,RG,3360,10,F,ZP,YP,D
13:38:33,PTBA,RG,3360,2,F,ZP,EL,D
13:38:33,PTBA,RG,3360,3,F,ZP,XC,D
13:38:33,PTBA,RG,3360,3,F,ZP,XC,D
13:38:33,PTBA,RG,3360,2,F,ZP,XC,D
13:38:33,PTBA,RG,3360,1,F,ZP,PD,D
13:38:33,PTBA,RG,3360,1,F,ZP,PD,D
13:38:33,PTBA,RG,3360,10,F,ZP,NI,D
13:38:25,PTBA,RG,3360,7,D,YU,NI,D
13:38:05,PTBA,RG,3350,3,F,BK,YB,D
13:37:53,PTBA,RG,3350,25,F,BK,YB,D
13:37:21,PTBA,RG,3350,3,F,BK,PD,D
13:36:45,PTBA,RG,3360,6,D,NI,NI,D
13:36:45,PTBA,RG,3360,100,D,NI,YP,D
13:36:45,PTBA,RG,3360,5,D,NI,KK,D
13:36:45,PTBA,RG,3360,1389,D,NI,XC,D
13:36:07,PTBA,RG,3350,123,F,BK,NI,D
13:36:07,PTBA,RG,3350,500,D,AG,NI,D
13:36:07,PTBA,RG,3350,4,F,CS,NI,D
13:36:07,PTBA,RG,3350,6,F,CS,NI,D
13:36:07,PTBA,RG,3350,5,D,YP,NI,D
13:36:07,PTBA,RG,3350,2,D,NI,NI,D
13:36:07,PTBA,RG,3350,10,D,YB,NI,D
13:35:35,PTBA,RG,3350,50,D,YB,CC,F
13:35:34,PTBA,RG,3350,12,F,AK,DX,D
13:35:34,PTBA,RG,3350,70,F,AK,AK,F
13:35:34,PTBA,RG,3350,457,F,AK,OD,D
13:35:33,PTBA,RG,3350,92,D,AI,OD,D
13:35:33,PTBA,RG,3350,25,D,AI,RX,F
13:35:33,PTBA,RG,3350,1,D,AI,OD,D
13:35:33,PTBA,RG,3350,50,D,AI,YB,D
13:35:33,PTBA,RG,3350,5,D,AI,YP,D
13:35:33,PTBA,RG,3350,361,D,AI,BK,F
13:35:33,PTBA,RG,3350,56,D,AI,AK,F
13:35:33,PTBA,RG,3350,36,D,AI,DX,F
13:35:33,PTBA,RG,3350,10,D,AI,XL,D
13:35:33,PTBA,RG,3350,303,D,AI,PD,D
13:35:33,PTBA,RG,3350,52,D,AI,RX,F
13:35:33,PTBA,RG,3350,9,D,AI,YP,D
13:35:24,PTBA,RG,3350,1,F,ZP,YP,D
13:35:14,PTBA,RG,3350,5,D,YP,YP,D
13:35:12,PTBA,RG,3350,90,D,YP,YP,D
13:35:12,PTBA,RG,3350,38,F,ZP,YP,D
13:35:12,PTBA,RG,3350,7,F,ZP,YP,D
13:35:12,PTBA,RG,3350,29,F,ZP,AK,F
13:35:04,PTBA,RG,3350,36,D,LG,AK,F
13:35:04,PTBA,RG,3350,58,D,LG,DX,F
13:35:04,PTBA,RG,3350,10,D,LG,DX,D
13:35:04,PTBA,RG,3350,91,D,LG,RX,F
13:35:04,PTBA,RG,3350,5,D,LG,RX,F
13:34:53,PTBA,RG,3350,10,D,YP,RX,F
13:34:40,PTBA,RG,3350,186,D,YP,RX,F
13:34:40,PTBA,RG,3350,281,D,YP,AK,F
13:34:40,PTBA,RG,3350,75,D,YP,AK,F
13:34:40,PTBA,RG,3350,208,D,YP,BK,F
13:34:39,PTBA,RG,3350,2,D,PD,BK,F
13:34:38,PTBA,RG,3350,1,D,KK,BK,F
13:34:31,PTBA,RG,3350,100,D,EP,BK,F
13:34:20,PTBA,RG,3340,300,D,BQ,PD,D
13:34:19,PTBA,RG,3350,46,D,KZ,BK,F
13:34:09,PTBA,RG,3350,10,D,EP,BK,F
13:34:03,PTBA,RG,3350,10,D,PD,BK,F
13:34:02,PTBA,RG,3350,3,D,PD,BK,F
13:33:59,PTBA,RG,3350,50,D,IF,BK,F
13:33:56,PTBA,RG,3350,2,D,PD,BK,F
13:33:53,PTBA,RG,3350,3,D,YP,BK,F
13:33:34,PTBA,RG,3350,100,D,IF,BK,F
13:33:23,PTBA,RG,3350,1,D,XL,BK,F
13:33:19,PTBA,RG,3350,100,D,NI,BK,F
13:33:13,PTBA,RG,3340,60,D,BQ,BK,F
13:33:08,PTBA,RG,3350,183,D,YU,BK,F
13:33:08,PTBA,RG,3350,91,D,YU,AK,F
13:33:08,PTBA,RG,3350,274,D,YU,AK,F
13:33:08,PTBA,RG,3350,162,D,YU,AK,F
13:33:08,PTBA,RG,3350,112,D,YU,OD,D
13:33:08,PTBA,RG,3350,274,D,YU,OD,D
13:32:57,PTBA,RG,3340,3,D,BQ,XC,D
13:32:54,PTBA,RG,3350,100,D,IF,OD,D
13:32:50,PTBA,RG,3350,10,D,CD,OD,D
13:32:45,PTBA,RG,3350,2,D,EP,OD,D
13:32:26,PTBA,RG,3340,33,D,BQ,BK,F
13:32:22,PTBA,RG,3350,3,D,CC,OD,D
13:32:22,PTBA,RG,3350,2,D,YU,OD,D
13:32:22,PTBA,RG,3350,13,F,CS,OD,D
13:32:22,PTBA,RG,3350,2,D,YP,OD,D
13:32:22,PTBA,RG,3350,31,F,BK,OD,D
13:32:17,PTBA,RG,3350,38,F,BK,BK,F
13:32:15,PTBA,RG,3350,111,F,BK,BK,F
13:32:13,PTBA,RG,3350,205,F,BK,AK,F
13:32:13,PTBA,RG,3350,3,D,XC,AK,F
13:32:13,PTBA,RG,3350,5,D,YP,AK,F
13:32:13,PTBA,RG,3350,13,D,YU,AK,F
13:32:13,PTBA,RG,3350,4,F,CS,AK,F
13:32:13,PTBA,RG,3350,3,D,PD,AK,F
13:32:13,PTBA,RG,3350,6,D,YU,AK,F
13:32:13,PTBA,RG,3350,1,D,OD,AK,F
13:32:13,PTBA,RG,3350,5,F,CS,AK,F
13:32:13,PTBA,RG,3350,2,D,OD,AK,F
13:32:13,PTBA,RG,3350,10,F,ZP,AK,F
13:32:13,PTBA,RG,3350,1,D,YP,AK,F
13:32:13,PTBA,RG,3350,10,D,YP,AK,F
13:32:13,PTBA,RG,3350,2,D,YP,AK,F
13:32:13,PTBA,RG,3350,10,D,CC,AK,F
13:32:13,PTBA,RG,3350,10,D,CC,AK,F
13:32:13,PTBA,RG,3350,15,D,XL,AK,F
13:32:13,PTBA,RG,3350,1,D,CC,AK,F
13:32:13,PTBA,RG,3350,2,D,XL,AK,F
13:32:13,PTBA,RG,3350,30,D,XL,AK,F
13:32:13,PTBA,RG,3350,5,D,YP,AK,F
13:32:13,PTBA,RG,3350,10,D,YP,AK,F
13:32:13,PTBA,RG,3350,286,D,YP,AK,F
13:32:13,PTBA,RG,3350,4,D,XC,AK,F
13:32:13,PTBA,RG,3350,3,D,YP,AK,F
13:32:13,PTBA,RG,3350,1,D,XL,AK,F
13:32:13,PTBA,RG,3350,1,D,XL,AK,F
13:32:13,PTBA,RG,3350,5,D,CC,AK,F
13:32:13,PTBA,RG,3350,10,D,SQ,AK,F
13:32:13,PTBA,RG,3350,5,D,SQ,AK,F
13:32:13,PTBA,RG,3350,15,D,YP,AK,F
13:32:13,PTBA,RG,3350,2,D,YP,AK,F
13:32:13,PTBA,RG,3350,16,D,PD,AK,F
13:32:13,PTBA,RG,3350,10,D,YP,AK,F
13:32:13,PTBA,RG,3350,3,D,YP,AK,F
13:32:13,PTBA,RG,3350,2,D,XC,AK,F
13:32:13,PTBA,RG,3350,14,D,XC,AK,F
13:32:13,PTBA,RG,3350,10,D,XC,AK,F
13:32:13,PTBA,RG,3350,6,D,XC,AK,F
13:32:13,PTBA,RG,3350,84,D,KZ,AK,F
13:32:13,PTBA,RG,3350,1,D,XC,AK,F
13:32:13,PTBA,RG,3350,12,D,XC,AK,F
13:32:13,PTBA,RG,3350,1,D,XC,AK,F
13:32:13,PTBA,RG,3350,1,D,YP,AK,F
13:32:13,PTBA,RG,3350,1,D,XC,AK,F
13:32:13,PTBA,RG,3350,120,D,PD,AK,F
13:32:13,PTBA,RG,3350,2,D,XC,AK,F
13:32:13,PTBA,RG,3350,27,D,PD,AK,F
13:32:13,PTBA,RG,3350,4,D,PD,AK,F
13:32:13,PTBA,RG,3350,1,D,PD,AK,F
13:32:12,PTBA,RG,3350,25,D,BQ,AK,F
13:32:12,PTBA,RG,3350,1,D,PD,AK,F
13:32:12,PTBA,RG,3350,17,D,LS,AK,F
13:32:12,PTBA,RG,3350,27,D,PD,AK,F
13:32:12,PTBA,RG,3350,33,D,PD,AK,F
13:32:12,PTBA,RG,3350,5,D,AZ,AK,F
13:32:12,PTBA,RG,3350,145,D,AZ,AK,F
13:32:12,PTBA,RG,3350,29,D,DR,AK,F
13:32:12,PTBA,RG,3350,1,D,DR,AK,F
13:32:12,PTBA,RG,3350,5,D,PD,AK,F
13:32:12,PTBA,RG,3350,15,D,PD,AK,F
13:32:12,PTBA,RG,3350,45,D,PD,AK,F
13:32:12,PTBA,RG,3350,1,D,PD,AK,F
13:32:12,PTBA,RG,3350,759,D,GR,AK,F
13:32:05,PTBA,RG,3350,6,D,GR,CC,D
13:31:39,PTBA,RG,3360,6,D,YU,XC,D
13:31:33,PTBA,RG,3360,5,D,CC,XC,D
13:30:17,PTBA,RG,3360,100,D,NI,XC,D
13:30:14,PTBA,RG,3350,2,D,GR,YP,D
13:30:11,PTBA,RG,3350,12,D,GR,YP,D
13:30:10,PTBA,RG,3350,2,D,GR,CC,D
13:30:10,PTBA,RG,3350,5,D,GR,CC,D
13:30:08,PTBA,RG,3350,35,D,GR,CC,D
13:30:08,PTBA,RG,3350,3,D,GR,XL,D
13:30:08,PTBA,RG,3350,178,D,GR,AK,F
13:30:06,PTBA,RG,3350,29,D,GR,PD,D
13:30:06,PTBA,RG,3350,19,D,GR,PD,D
13:30:06,PTBA,RG,3350,3,D,GR,PD,D
13:30:06,PTBA,RG,3350,5,D,GR,PD,D
13:30:06,PTBA,RG,3350,24,D,GR,PD,D
13:30:05,PTBA,RG,3350,1,D,GR,XC,D
13:30:05,PTBA,RG,3350,1,D,GR,XC,D
13:30:05,PTBA,RG,3350,8,D,GR,XC,D
13:30:05,PTBA,RG,3350,2,D,GR,PD,D
13:30:05,PTBA,RG,3350,5,D,GR,KK,D
13:30:05,PTBA,RG,3350,10,D,GR,PD,D
13:30:05,PTBA,RG,3350,1,D,GR,XC,D
13:30:04,PTBA,RG,3350,2,D,GR,PD,D
13:30:04,PTBA,RG,3350,1,D,GR,XC,D
13:30:04,PTBA,RG,3350,50,D,GR,PD,D
13:30:04,PTBA,RG,3350,3,D,GR,PD,D
13:30:04,PTBA,RG,3350,4,D,GR,PD,D
13:30:04,PTBA,RG,3350,3,D,GR,PD,D
13:30:03,PTBA,RG,3350,1,D,GR,AK,F
13:30:03,PTBA,RG,3350,2,D,GR,DR,D
13:30:03,PTBA,RG,3350,113,D,GR,DX,F
13:30:03,PTBA,RG,3350,161,D,GR,OD,D
13:30:03,PTBA,RG,3350,5,D,YB,OD,D
13:30:03,PTBA,RG,3350,5,D,PD,OD,D
13:30:03,PTBA,RG,3350,300,D,DH,OD,D
13:30:03,PTBA,RG,3350,26,D,AZ,OD,D
13:30:03,PTBA,RG,3350,27,D,DH,OD,D
13:30:03,PTBA,RG,3350,2,D,AZ,OD,D
13:30:03,PTBA,RG,3350,23,D,EP,OD,D
13:30:03,PTBA,RG,3350,4,D,EP,PD,D
13:30:02,PTBA,RG,3350,23,D,EP,OD,D
13:30:02,PTBA,RG,3350,1,D,PD,OD,D
13:30:02,PTBA,RG,3350,11,D,DX,OD,D
13:30:02,PTBA,RG,3350,1,D,DX,PD,D
13:30:01,PTBA,RG,3350,4,D,DX,AZ,D
13:30:01,PTBA,RG,3350,3,D,DX,AZ,D
13:30:01,PTBA,RG,3350,1,D,DX,TP,D
13:30:01,PTBA,RG,3350,12,D,DX,DX,D
13:30:01,PTBA,RG,3350,1,D,DX,EP,D
13:30:01,PTBA,RG,3350,92,D,DX,BK,F
13:30:01,PTBA,RG,3350,5,D,DX,EP,D
13:30:01,PTBA,RG,3350,1,D,DX,EP,D
13:30:01,PTBA,RG,3350,19,D,DX,BB,D
13:30:01,PTBA,RG,3350,881,D,YB,BB,D
13:30:01,PTBA,RG,3350,8,D,YB,PC,D
13:30:01,PTBA,RG,3350,100,D,YB,CC,F
13:30:01,PTBA,RG,3350,7,D,YB,XA,D
13:30:01,PTBA,RG,3350,1,D,YB,AK,F
13:30:01,PTBA,RG,3350,3,D,YB,PD,D
13:30:01,PTBA,RG,3350,3,D,YB,PD,D
13:30:01,PTBA,RG,3350,12,D,YB,DX,D
13:30:01,PTBA,RG,3350,58,D,YB,RX,F
13:30:01,PTBA,RG,3350,5,D,YB,PD,D
13:30:01,PTBA,RG,3350,100,D,YB,YP,D
13:30:01,PTBA,RG,3350,5,D,YB,YB,D
13:30:01,PTBA,RG,3350,317,D,YB,RX,F
13:30:01,PTBA,RG,3350,100,D,IF,RX,F
13:30:01,PTBA,RG,3350,1,D,YU,RX,F
13:30:01,PTBA,RG,3350,1,D,EP,RX,F
13:30:01,PTBA,RG,3350,100,D,HD,RX,F
11:29:59,PTBA,RG,3350,2,D,KI,RX,F
11:29:45,PTBA,RG,3340,5,D,BQ,AK,F
11:29:45,PTBA,RG,3340,3,D,BQ,AK,F
11:29:45,PTBA,RG,3340,1,D,BQ,AK,F
11:29:34,PTBA,RG,3340,1,D,BQ,AK,F
11:29:21,PTBA,RG,3340,30,D,BQ,PD,D
11:29:17,PTBA,RG,3350,17,D,KZ,BK,F
11:29:07,PTBA,RG,3350,1,D,YU,BK,F
11:29:05,PTBA,RG,3350,20,D,IF,BK,F
11:29:05,PTBA,RG,3350,59,D,IF,CC,D
11:29:05,PTBA,RG,3350,21,D,IF,CC,D
11:29:00,PTBA,RG,3340,32,D,BQ,AK,F
11:28:57,PTBA,RG,3340,13,D,BQ,DX,D
11:28:37,PTBA,RG,3340,5,D,BQ,NI,D
11:28:32,PTBA,RG,3350,3,D,PD,CC,D
11:28:30,PTBA,RG,3350,2,D,XC,CC,D
11:28:20,PTBA,RG,3350,14,D,PD,CC,D
11:28:20,PTBA,RG,3350,1,D,PD,AK,F
11:28:11,PTBA,RG,3350,2,D,YU,AK,F
11:28:11,PTBA,RG,3350,3,D,AZ,AK,F
11:27:54,PTBA,RG,3350,1,D,YU,AK,F
11:27:51,PTBA,RG,3350,1,D,XC,AK,F
11:27:46,PTBA,RG,3340,40,D,BQ,BK,F
11:27:45,PTBA,RG,3340,48,D,BQ,AK,F
11:27:35,PTBA,RG,3340,41,D,BQ,BK,F
11:27:32,PTBA,RG,3340,107,D,BQ,BK,F
11:27:29,PTBA,RG,3340,318,D,BQ,BK,F
11:27:29,PTBA,RG,3340,5,D,YP,BK,F
11:27:29,PTBA,RG,3340,10,D,CC,BK,F
11:27:29,PTBA,RG,3340,6,D,NI,BK,F
11:27:29,PTBA,RG,3340,2,D,YP,BK,F
11:27:29,PTBA,RG,3340,10,D,DR,BK,F
11:27:29,PTBA,RG,3340,2,D,PD,BK,F
11:27:29,PTBA,RG,3340,25,D,YP,BK,F
11:27:29,PTBA,RG,3340,1,D,BQ,BK,F
11:27:29,PTBA,RG,3340,1,D,XL,BK,F
11:27:29,PTBA,RG,3340,2,D,XC,BK,F
11:27:29,PTBA,RG,3340,1,D,KK,BK,F
11:27:29,PTBA,RG,3340,133,D,LG,BK,F
11:27:25,PTBA,RG,3350,10,F,CS,BK,F
11:27:25,PTBA,RG,3350,50,F,ZP,BK,F
11:27:24,PTBA,RG,3350,10,F,ZP,AK,F
11:27:24,PTBA,RG,3350,46,F,ZP,AK,F
11:27:24,PTBA,RG,3350,7,F,CS,AK,F
11:27:24,PTBA,RG,3350,3,D,PD,AK,F
11:27:24,PTBA,RG,3350,10,D,XC,AK,F
11:27:24,PTBA,RG,3350,10,D,YP,AK,F
11:27:24,PTBA,RG,3350,2,D,PD,AK,F
11:27:24,PTBA,RG,3350,8,F,CS,AK,F
11:27:24,PTBA,RG,3350,4,D,KZ,AK,F
11:27:24,PTBA,RG,3350,3,D,KZ,AK,F
11:27:24,PTBA,RG,3350,24,D,KZ,AK,F
11:27:24,PTBA,RG,3350,8,D,PD,AK,F
11:27:24,PTBA,RG,3350,3,D,NI,AK,F
11:27:24,PTBA,RG,3350,59,D,YP,AK,F
11:27:24,PTBA,RG,3350,2,D,NI,AK,F
11:27:24,PTBA,RG,3350,10,D,PD,AK,F
11:27:24,PTBA,RG,3350,50,D,XA,AK,F
11:27:24,PTBA,RG,3350,5,D,EP,AK,F
11:27:24,PTBA,RG,3350,5,D,YP,AK,F
11:27:24,PTBA,RG,3350,75,D,AT,AK,F
11:27:24,PTBA,RG,3350,5,D,YP,AK,F
11:27:24,PTBA,RG,3350,2,D,YP,AK,F
11:27:24,PTBA,RG,3350,10,D,YP,AK,F
11:27:24,PTBA,RG,3350,22,D,KZ,AK,F
11:27:24,PTBA,RG,3350,2,D,DH,AK,F
11:27:24,PTBA,RG,3350,8,D,PD,AK,F
11:27:24,PTBA,RG,3350,7,F,CS,AK,F
11:27:24,PTBA,RG,3350,840,D,LG,AK,F
11:27:24,PTBA,RG,3350,4,D,CC,AK,F
11:27:24,PTBA,RG,3350,6,D,KZ,AK,F
11:27:24,PTBA,RG,3350,21,D,KK,AK,F
11:27:24,PTBA,RG,3350,89,D,YP,AK,F
11:27:24,PTBA,RG,3350,5,D,PD,AK,F
11:27:24,PTBA,RG,3350,30,D,PD,AK,F
11:27:24,PTBA,RG,3350,5,D,GR,AK,F
11:27:24,PTBA,RG,3350,5,D,PD,AK,F
11:27:24,PTBA,RG,3350,7,F,CS,AK,F
11:27:24,PTBA,RG,3350,26,D,YU,AK,F
11:27:24,PTBA,RG,3350,26,D,YU,AK,F
11:27:24,PTBA,RG,3350,26,D,YU,AK,F
11:27:24,PTBA,RG,3350,26,D,YU,AK,F
11:27:24,PTBA,RG,3350,1,D,PD,AK,F
11:27:24,PTBA,RG,3350,299,D,PD,AK,F
11:27:24,PTBA,RG,3350,5,D,DX,AK,F
11:27:24,PTBA,RG,3350,200,D,LG,AK,F
11:27:24,PTBA,RG,3350,1,D,XC,AK,F
11:27:24,PTBA,RG,3350,14,F,ZP,AK,F
11:27:24,PTBA,RG,3350,19,F,ZP,AK,F
11:27:24,PTBA,RG,3350,1,D,LG,AK,F
11:27:24,PTBA,RG,3350,50,D,YP,AK,F
11:27:24,PTBA,RG,3350,6,D,PD,AK,F
11:27:24,PTBA,RG,3350,2,D,PD,AK,F
11:27:24,PTBA,RG,3350,20,D,PD,AK,F
11:27:24,PTBA,RG,3350,2,D,YU,AK,F
11:27:24,PTBA,RG,3350,2,D,PD,AK,F
11:27:24,PTBA,RG,3350,2,D,YU,AK,F
11:27:24,PTBA,RG,3350,2,D,YU,AK,F
11:27:24,PTBA,RG,3350,2,D,YU,AK,F
11:27:24,PTBA,RG,3350,36,D,YU,AK,F
11:27:24,PTBA,RG,3350,59,D,PD,AK,F
11:27:24,PTBA,RG,3350,49,D,YP,AK,F
11:27:24,PTBA,RG,3350,51,D,YP,BK,F
11:27:24,PTBA,RG,3350,5,D,KK,BK,F
11:27:24,PTBA,RG,3350,79,D,DR,BK,F
11:27:20,PTBA,RG,3360,1,D,YU,BK,F
11:27:19,PTBA,RG,3350,21,D,DR,AK,F
11:27:19,PTBA,RG,3350,2,D,LG,AK,F
11:27:19,PTBA,RG,3350,25,D,GR,AK,F
11:27:19,PTBA,RG,3350,1,D,PD,AK,F
11:27:19,PTBA,RG,3350,10,D,DR,AK,F
11:27:19,PTBA,RG,3350,10,D,OD,AK,F
11:27:19,PTBA,RG,3350,1,F,CS,AK,F
11:27:19,PTBA,RG,3350,3,F,CS,AK,F
11:27:19,PTBA,RG,3350,6,F,CS,AK,F
11:27:19,PTBA,RG,3350,1,D,PD,AK,F
11:27:19,PTBA,RG,3350,15,D,PD,AK,F
11:27:19,PTBA,RG,3350,38,D,KZ,AK,F
11:27:19,PTBA,RG,3350,81,F,AK,AK,F
11:27:19,PTBA,RG,3350,10,F,CS,AK,F
11:27:19,PTBA,RG,3350,59,F,ZP,AK,F
11:27:19,PTBA,RG,3350,42,F,ZP,AK,F
11:27:19,PTBA,RG,3350,4,D,PD,AK,F
11:27:19,PTBA,RG,3350,2171,D,HP,AK,F
11:26:47,PTBA,RG,3350,2,D,HP,PD,D
11:26:27,PTBA,RG,3360,1,D,PD,BK,F
11:26:26,PTBA,RG,3350,10,D,HP,DX,D
11:26:15,PTBA,RG,3350,45,D,HP,AK,F
11:25:51,PTBA,RG,3350,3,D,HP,CC,D
11:25:48,PTBA,RG,3350,1,D,HP,NI,D
11:25:46,PTBA,RG,3350,1,D,HP,OD,D
11:25:32,PTBA,RG,3360,6,D,KZ,BK,F
11:25:30,PTBA,RG,3350,15,D,HP,AK,F
11:25:28,PTBA,RG,3350,3,D,HP,NI,D
11:25:13,PTBA,RG,3350,100,D,HP,CC,D
11:24:17,PTBA,RG,3350,1,D,HP,YU,D
11:24:15,PTBA,RG,3350,43,D,HP,AK,F
11:23:55,PTBA,RG,3350,11,D,HP,DX,D
11:23:43,PTBA,RG,3350,9,D,HP,EP,D
11:23:32,PTBA,RG,3350,30,D,HP,YP,D
11:23:30,PTBA,RG,3350,24,D,HP,AK,F
11:23:26,PTBA,RG,3360,1,D,CC,BK,F
11:22:36,PTBA,RG,3350,10,D,HP,HP,D
11:21:59,PTBA,RG,3350,10,D,HP,DR,D
11:21:34,PTBA,RG,3350,10,D,HP,CC,D
11:21:15,PTBA,RG,3350,13,D,HP,DX,D
11:21:02,PTBA,RG,3360,1,D,XC,BK,F
11:20:29,PTBA,RG,3360,1,D,AZ,BK,F
11:20:00,PTBA,RG,3360,4,D,PD,BK,F
11:19:49,PTBA,RG,3360,1,D,PD,BK,F
11:19:07,PTBA,RG,3360,27,D,KZ,BK,F
11:18:48,PTBA,RG,3350,2,D,HP,HP,D
11:18:47,PTBA,RG,3360,62,D,XC,BK,F
11:18:37,PTBA,RG,3350,12,D,HP,DX,D
11:18:29,PTBA,RG,3360,1,D,YB,BK,F
11:18:18,PTBA,RG,3360,3,D,PD,BK,F
11:17:57,PTBA,RG,3350,10,D,HP,PD,D
11:17:32,PTBA,RG,3360,30,D,KZ,BK,F
11:16:31,PTBA,RG,3360,10,D,PD,BK,F
11:16:30,PTBA,RG,3350,1,D,HP,XL,D
11:16:09,PTBA,RG,3360,1,D,PD,BK,F
11:16:03,PTBA,RG,3350,11,D,HP,DX,D
11:15:36,PTBA,RG,3360,1,D,XC,BK,F
11:14:56,PTBA,RG,3360,1,D,PD,BK,F
11:14:22,PTBA,RG,3360,5,D,KK,BK,F
11:14:21,PTBA,RG,3350,10,D,HP,YP,D
11:13:27,PTBA,RG,3360,38,D,KZ,BK,F
11:13:22,PTBA,RG,3350,11,D,HP,DX,D
11:12:22,PTBA,RG,3350,10,D,HP,XC,D
11:11:50,PTBA,RG,3350,35,D,HP,BK,F
11:11:49,PTBA,RG,3350,700,D,HP,PD,D
11:11:38,PTBA,RG,3360,10,D,OD,BK,F
11:11:33,PTBA,RG,3350,75,D,HP,PD,D
11:11:12,PTBA,RG,3350,249,D,HP,AK,F
11:10:52,PTBA,RG,3350,9,D,HP,XC,D
11:10:47,PTBA,RG,3350,1200,D,HP,YU,D
11:10:28,PTBA,RG,3360,100,F,AK,BK,F
11:10:27,PTBA,RG,3350,85,D,HP,AK,F
11:10:27,PTBA,RG,3350,41,D,HP,AK,F
11:10:27,PTBA,RG,3350,48,D,HP,AK,F
11:10:27,PTBA,RG,3350,57,D,HP,AK,F
11:10:27,PTBA,RG,3350,37,D,HP,AK,F
11:10:27,PTBA,RG,3350,66,D,HP,AK,F
11:10:27,PTBA,RG,3350,1,D,HP,XC,D
11:10:27,PTBA,RG,3350,1,D,HP,PD,D
11:10:27,PTBA,RG,3350,2,D,HP,KI,D
11:10:27,PTBA,RG,3350,11,D,HP,DX,D
11:10:27,PTBA,RG,3350,50,D,HP,SQ,D
11:10:27,PTBA,RG,3350,6,D,HP,NI,D
11:10:27,PTBA,RG,3350,15,D,HP,XC,D
11:10:27,PTBA,RG,3350,9,D,HP,HP,D
11:10:27,PTBA,RG,3350,13,D,HP,RX,F
11:10:27,PTBA,RG,3350,30,D,HP,NI,D
11:10:27,PTBA,RG,3350,244,D,HP,DX,F
11:10:27,PTBA,RG,3350,43,D,HP,AK,F
11:10:27,PTBA,RG,3350,2,D,HP,PD,D
11:10:27,PTBA,RG,3350,905,D,HP,RX,F
11:10:27,PTBA,RG,3350,300,D,HP,CC,F
11:10:27,PTBA,RG,3350,96,D,HP,AK,F
11:10:27,PTBA,RG,3350,64,D,HP,AK,F
11:10:27,PTBA,RG,3350,61,D,HP,AK,F
11:10:27,PTBA,RG,3350,372,D,HP,CC,F
11:10:27,PTBA,RG,3350,743,D,HP,BK,F
11:10:27,PTBA,RG,3350,3,D,HP,PD,D
11:10:27,PTBA,RG,3350,60,D,HP,CC,D
11:10:27,PTBA,RG,3350,1788,D,HP,DR,D
11:10:26,PTBA,RG,3340,21,D,LG,DX,F
11:10:18,PTBA,RG,3340,30,D,LG,BK,F
11:10:15,PTBA,RG,3340,16,D,LG,AK,F
11:10:15,PTBA,RG,3340,1,D,EP,AK,F
11:10:15,PTBA,RG,3340,1,D,YP,AK,F
11:10:15,PTBA,RG,3340,36,D,DH,AK,F
11:09:40,PTBA,RG,3340,3,D,DH,XC,D
11:09:35,PTBA,RG,3350,1,D,PD,DR,D
11:09:24,PTBA,RG,3340,3,D,DH,PD,D
11:09:21,PTBA,RG,3350,20,D,SQ,DR,D
11:08:59,PTBA,RG,3350,1,D,PD,DR,D
11:08:40,PTBA,RG,3350,2,D,PD,DR,D
11:08:32,PTBA,RG,3340,3,D,DH,YP,D
11:08:30,PTBA,RG,3340,48,D,DH,AK,F
11:08:22,PTBA,RG,3340,5,D,DH,LG,D
11:08:18,PTBA,RG,3340,2,D,DH,DX,D
11:08:18,PTBA,RG,3340,2,D,PD,DX,D
11:08:18,PTBA,RG,3340,9,D,YP,DX,D
11:08:08,PTBA,RG,3340,23,D,YP,RX,F
11:08:05,PTBA,RG,3340,8,D,YP,RX,F
11:08:02,PTBA,RG,3350,1,D,NI,DR,D
11:07:56,PTBA,RG,3340,30,D,YP,BK,F
11:07:54,PTBA,RG,3350,200,D,LG,DR,D
11:07:22,PTBA,RG,3350,1,D,PD,DR,D
11:07:01,PTBA,RG,3340,7,D,YP,XC,D
11:06:46,PTBA,RG,3340,21,D,YP,DX,F
11:06:35,PTBA,RG,3340,1,D,YP,DR,D
11:06:34,PTBA,RG,3340,59,D,YP,AK,F
11:06:16,PTBA,RG,3340,2,D,YP,XC,D
11:05:48,PTBA,RG,3340,30,D,YP,BK,F
11:05:43,PTBA,RG,3350,50,D,YP,DR,D
11:05:39,PTBA,RG,3340,13,D,YP,DX,D
11:05:33,PTBA,RG,3340,33,D,YP,BK,F
11:05:29,PTBA,RG,3340,200,D,YP,YP,D
11:05:03,PTBA,RG,3340,64,D,YP,RX,F
11:05:03,PTBA,RG,3340,23,D,XA,RX,F
11:05:01,PTBA,RG,3340,35,D,XA,BK,F
11:04:56,PTBA,RG,3340,7,D,XA,DR,D
11:04:56,PTBA,RG,3340,35,D,XA,BK,F
11:04:56,PTBA,RG,3340,100,D,PD,BK,F
11:04:56,PTBA,RG,3340,2,D,NI,BK,F
11:04:56,PTBA,RG,3340,15,D,XL,BK,F
11:04:56,PTBA,RG,3340,10,D,NI,BK,F
11:04:52,PTBA,RG,3350,30,D,CC,DR,D
11:04:52,PTBA,RG,3350,21,D,KK,DR,D
11:04:52,PTBA,RG,3350,50,D,YP,DR,D
11:04:52,PTBA,RG,3350,150,D,EP,DR,D
11:04:52,PTBA,RG,3350,12,F,CS,DR,D
11:04:52,PTBA,RG,3350,30,D,PD,DR,D
11:04:52,PTBA,RG,3350,3,D,YJ,DR,D
11:04:52,PTBA,RG,3350,40,D,GR,DR,D
11:04:52,PTBA,RG,3350,1,D,AT,DR,D
11:04:52,PTBA,RG,3350,200,D,DR,DR,D
11:04:52,PTBA,RG,3350,3,D,NI,DR,D
11:04:52,PTBA,RG,3350,12,D,PD,DR,D
11:04:52,PTBA,RG,3350,2,D,PD,DR,D
11:04:52,PTBA,RG,3350,747,D,YJ,DR,D
11:04:52,PTBA,RG,3350,6,F,CS,DR,D
11:04:52,PTBA,RG,3350,36,D,YU,DR,D
11:04:52,PTBA,RG,3350,36,D,YU,DR,D
11:04:52,PTBA,RG,3350,36,D,YU,DR,D
11:04:52,PTBA,RG,3350,36,D,YU,DR,D
11:04:52,PTBA,RG,3350,10,D,PD,DR,D
11:04:52,PTBA,RG,3350,1,D,XC,DR,D
11:04:52,PTBA,RG,3350,1,D,XC,DR,D
11:04:52,PTBA,RG,3350,1,D,CC,DR,D
11:04:52,PTBA,RG,3350,1,D,PD,DR,D
11:04:52,PTBA,RG,3350,7,D,YU,DR,D
11:04:52,PTBA,RG,3350,10,D,NI,DR,D
11:04:52,PTBA,RG,3350,22,F,ZP,DR,D
11:04:52,PTBA,RG,3350,19,F,ZP,DR,D
11:04:52,PTBA,RG,3350,7,D,XL,DR,D
11:04:52,PTBA,RG,3350,1,D,YP,DR,D
11:04:52,PTBA,RG,3350,1,D,XC,DR,D
11:04:52,PTBA,RG,3350,1,D,PD,DR,D
11:04:52,PTBA,RG,3350,3,D,PD,DR,D
11:04:34,PTBA,RG,3350,1,D,PD,PD,D
11:04:30,PTBA,RG,3350,6,D,PD,AK,F
11:04:30,PTBA,RG,3350,34,D,YP,AK,F
11:04:26,PTBA,RG,3350,2,D,YP,EP,D
11:04:16,PTBA,RG,3350,1,D,YP,NI,D
11:04:12,PTBA,RG,3350,10,D,YP,HP,D
11:03:56,PTBA,RG,3350,8,D,YP,DX,F
11:03:56,PTBA,RG,3350,9,D,KK,DX,F
11:03:42,PTBA,RG,3350,1,D,KK,PD,D
11:03:42,PTBA,RG,3350,6,F,CS,PD,D
11:03:42,PTBA,RG,3350,2,D,NI,PD,D
11:03:42,PTBA,RG,3350,2,D,CC,PD,D
11:03:12,PTBA,RG,3350,1,D,CC,NI,D
11:03:00,PTBA,RG,3350,11,D,CC,DX,D
11:02:52,PTBA,RG,3350,1,D,CC,DH,D
11:02:39,PTBA,RG,3350,15,D,CC,RX,F
11:02:39,PTBA,RG,3350,2,D,XC,RX,F
11:02:39,PTBA,RG,3350,5,D,PD,RX,F
11:02:39,PTBA,RG,3350,1,D,PD,RX,F
11:02:39,PTBA,RG,3350,1,D,YP,RX,F
11:02:37,PTBA,RG,3350,3,D,YP,RX,F
11:02:30,PTBA,RG,3350,46,D,YP,AK,F
11:02:30,PTBA,RG,3350,4,D,PD,AK,F
11:01:44,PTBA,RG,3360,1,D,YP,BK,F
11:01:43,PTBA,RG,3350,4,D,PD,YP,D
11:01:43,PTBA,RG,3350,6,D,PD,YP,D
11:01:40,PTBA,RG,3350,44,D,PD,CC,D
11:01:40,PTBA,RG,3350,5,D,YP,CC,D
11:01:40,PTBA,RG,3350,5,F,CS,CC,D
11:01:40,PTBA,RG,3350,4,D,XL,CC,D
11:01:40,PTBA,RG,3350,17,D,KK,CC,D
11:01:37,PTBA,RG,3360,64,D,KZ,BK,F
11:01:35,PTBA,RG,3350,81,D,KK,CC,D
11:01:35,PTBA,RG,3350,40,D,PD,CC,D
11:01:35,PTBA,RG,3350,1,D,PD,CC,D
11:01:35,PTBA,RG,3350,25,D,GR,CC,D
11:01:35,PTBA,RG,3350,37,D,KZ,CC,D
11:01:35,PTBA,RG,3350,6,F,CS,CC,D
11:01:35,PTBA,RG,3350,5,D,NI,CC,D
11:01:35,PTBA,RG,3350,4,D,PD,CC,D
11:01:35,PTBA,RG,3350,5,D,KK,CC,D
11:01:35,PTBA,RG,3350,96,D,EP,CC,D
11:01:20,PTBA,RG,3350,19,D,EP,DX,F
11:01:14,PTBA,RG,3350,48,D,EP,BK,F
11:01:12,PTBA,RG,3350,137,D,EP,RX,F
11:01:12,PTBA,RG,3350,25,D,YP,RX,F
11:01:12,PTBA,RG,3350,3,D,NI,RX,F
11:01:10,PTBA,RG,3350,1,D,NI,BK,F
11:01:10,PTBA,RG,3350,14,F,CS,BK,F
11:01:10,PTBA,RG,3350,21,D,XC,BK,F
11:01:10,PTBA,RG,3350,9,D,PD,BK,F
11:01:06,PTBA,RG,3350,1,D,PD,LG,D
11:01:06,PTBA,RG,3350,5,F,ZP,LG,D
11:01:05,PTBA,RG,3350,16,F,ZP,AK,F
11:01:05,PTBA,RG,3350,16,F,ZP,AK,F
11:01:05,PTBA,RG,3350,10,D,YP,AK,F
11:01:05,PTBA,RG,3350,17,D,CC,AK,F
11:01:05,PTBA,RG,3350,1,D,XL,AK,F
11:01:05,PTBA,RG,3350,1,D,YP,AK,F
11:01:05,PTBA,RG,3350,7,D,NI,AK,F
11:01:05,PTBA,RG,3350,1,D,CC,AK,F
11:01:05,PTBA,RG,3350,5,D,PD,AK,F
11:01:05,PTBA,RG,3350,34,D,KZ,AK,F
11:01:05,PTBA,RG,3350,5,D,CC,AK,F
11:01:05,PTBA,RG,3350,3,D,DR,AK,F
11:01:05,PTBA,RG,3350,55,D,YU,AK,F
11:01:05,PTBA,RG,3350,2,D,CP,AK,F
11:01:05,PTBA,RG,3350,5,D,XC,AK,F
11:01:04,PTBA,RG,3350,18,D,XC,BK,F
11:01:04,PTBA,RG,3350,100,D,OD,BK,F
11:01:04,PTBA,RG,3350,4,D,OD,BK,F
11:01:03,PTBA,RG,3350,6,D,OD,AZ,D
11:01:03,PTBA,RG,3350,1,D,XC,AZ,D
11:01:03,PTBA,RG,3350,1,D,NI,AZ,D
11:01:03,PTBA,RG,3350,2,D,YP,AZ,D
11:01:03,PTBA,RG,3350,36,D,YU,AZ,D
11:01:03,PTBA,RG,3350,36,D,YU,AZ,D
11:01:03,PTBA,RG,3350,36,D,YU,AZ,D
11:01:03,PTBA,RG,3350,36,D,YU,AZ,D
11:01:03,PTBA,RG,3350,5,D,KK,AZ,D
11:01:03,PTBA,RG,3350,1,D,YP,AZ,D
11:01:03,PTBA,RG,3350,15,D,DX,AZ,D
11:01:03,PTBA,RG,3350,1,D,AT,AZ,D
11:01:03,PTBA,RG,3350,5,D,YP,AZ,D
11:01:03,PTBA,RG,3350,7,F,CS,AZ,D
11:01:03,PTBA,RG,3350,201,F,ZP,AZ,D
11:01:03,PTBA,RG,3350,154,F,ZP,AZ,D
11:01:03,PTBA,RG,3350,2,D,PD,AZ,D
11:01:03,PTBA,RG,3350,2,D,PD,AZ,D
11:01:03,PTBA,RG,3350,194,D,PD,AZ,D
11:01:03,PTBA,RG,3350,9,D,PD,AZ,D
11:01:03,PTBA,RG,3350,1,D,CC,AZ,D
11:01:03,PTBA,RG,3350,1,D,XC,AZ,D
11:01:03,PTBA,RG,3350,2,D,PD,AZ,D
11:01:03,PTBA,RG,3350,8,D,PD,AZ,D
11:01:03,PTBA,RG,3350,27,D,AT,AZ,D
11:01:03,PTBA,RG,3350,1,D,XC,AZ,D
11:01:03,PTBA,RG,3350,4,D,OD,AZ,D
11:01:03,PTBA,RG,3350,100,D,OK,AZ,D
11:01:03,PTBA,RG,3350,36,D,YU,AZ,D
11:01:03,PTBA,RG,3350,36,D,YU,AZ,D
11:01:03,PTBA,RG,3350,36,D,YU,AZ,D
11:01:03,PTBA,RG,3350,36,D,YU,AZ,D
11:01:03,PTBA,RG,3350,1000,D,EP,AZ,D
11:01:03,PTBA,RG,3350,100,D,CC,AZ,D
11:01:03,PTBA,RG,3350,2,D,PD,AZ,D
11:01:03,PTBA,RG,3350,10,D,YU,AZ,D
11:01:03,PTBA,RG,3350,37,D,AT,AZ,D
11:01:03,PTBA,RG,3350,5,D,XL,AZ,D
11:01:03,PTBA,RG,3350,5,D,PD,AZ,D
11:01:03,PTBA,RG,3350,40,D,YP,AZ,D
11:01:03,PTBA,RG,3350,4,D,PD,AZ,D
11:01:03,PTBA,RG,3350,1,D,XL,AZ,D
11:01:03,PTBA,RG,3350,5,D,PD,AZ,D
11:01:03,PTBA,RG,3350,75,D,YP,AZ,D
11:01:03,PTBA,RG,3350,11,D,YP,AZ,D
11:01:03,PTBA,RG,3350,10,D,PD,AZ,D
11:01:03,PTBA,RG,3350,3,D,YP,AZ,D
11:01:03,PTBA,RG,3350,5,D,NI,AZ,D
11:01:03,PTBA,RG,3350,1,D,KK,AZ,D
11:01:03,PTBA,RG,3350,10,D,PD,AZ,D
11:01:03,PTBA,RG,3350,35,D,YU,AZ,D
11:01:03,PTBA,RG,3350,35,D,YU,AZ,D
11:01:03,PTBA,RG,3350,35,D,YU,AZ,D
11:01:03,PTBA,RG,3350,35,D,YU,AZ,D
11:01:03,PTBA,RG,3350,6,D,PD,AZ,D
11:01:03,PTBA,RG,3350,1,D,YP,AZ,D
11:01:03,PTBA,RG,3350,2,D,PD,AZ,D
11:01:03,PTBA,RG,3350,1,D,XC,AZ,D
11:01:03,PTBA,RG,3350,23,D,YP,AZ,D
11:01:03,PTBA,RG,3350,100,D,NI,AZ,D
11:01:03,PTBA,RG,3350,150,D,CC,AZ,D
11:01:03,PTBA,RG,3350,75,D,YU,AZ,D
11:01:03,PTBA,RG,3350,75,D,YU,AZ,D
11:01:03,PTBA,RG,3350,75,D,YU,AZ,D
11:01:03,PTBA,RG,3350,75,D,YU,AZ,D
11:01:03,PTBA,RG,3350,1,D,KK,AZ,D
11:01:03,PTBA,RG,3350,5,D,YB,AZ,D
11:01:03,PTBA,RG,3350,9,D,YU,AZ,D
11:00:25,PTBA,RG,3350,1,D,PD,DX,D
11:00:25,PTBA,RG,3350,9,D,LG,DX,D
11:00:24,PTBA,RG,3360,8,F,ZP,BK,F
11:00:22,PTBA,RG,3350,1,D,LG,YP,D
11:00:20,PTBA,RG,3360,2,F,ZP,BK,F
10:59:51,PTBA,RG,3350,10,D,LG,HP,D
10:59:35,PTBA,RG,3350,39,D,LG,RX,F
10:59:33,PTBA,RG,3350,29,D,LG,RX,F
10:59:26,PTBA,RG,3350,112,D,LG,AI,D
10:59:26,PTBA,RG,3350,1,D,PD,AI,D
10:59:26,PTBA,RG,3350,2,D,PD,AI,D
10:59:26,PTBA,RG,3350,50,D,OD,AI,D
10:59:26,PTBA,RG,3350,2,D,XC,AI,D
10:59:26,PTBA,RG,3350,10,D,CP,AI,D
10:59:26,PTBA,RG,3350,5,D,PD,AI,D
10:59:26,PTBA,RG,3350,1,D,PD,AI,D
10:59:26,PTBA,RG,3350,20,D,YP,AI,D
10:59:26,PTBA,RG,3350,3,D,PD,AI,D
10:59:26,PTBA,RG,3350,5,D,OD,AI,D
10:59:26,PTBA,RG,3350,5,F,ZP,AI,D
10:59:26,PTBA,RG,3350,2,D,PD,AI,D
10:59:26,PTBA,RG,3350,10,D,PD,AI,D
10:59:26,PTBA,RG,3350,1,D,YP,AI,D
10:59:26,PTBA,RG,3350,2,D,XC,AI,D
10:59:26,PTBA,RG,3350,1,D,XC,AI,D
10:59:26,PTBA,RG,3350,2,D,AT,AI,D
10:59:26,PTBA,RG,3350,100,D,IF,AI,D
10:59:26,PTBA,RG,3350,2,D,XC,AI,D
10:59:26,PTBA,RG,3350,40,D,YP,AI,D
10:59:26,PTBA,RG,3350,1,D,XC,AI,D
10:59:26,PTBA,RG,3350,5,D,PD,AI,D
10:59:26,PTBA,RG,3350,1,D,NI,AI,D
10:59:26,PTBA,RG,3350,6,D,AZ,AI,D
10:59:26,PTBA,RG,3350,1,D,PD,AI,D
10:59:26,PTBA,RG,3350,2,D,PD,AI,D
10:59:26,PTBA,RG,3350,1,D,PD,AI,D
10:59:26,PTBA,RG,3350,5,D,AZ,AI,D
10:59:26,PTBA,RG,3350,10,D,NI,AI,D
10:59:26,PTBA,RG,3350,8,D,PD,AI,D
10:59:26,PTBA,RG,3350,1,D,PD,AI,D
10:59:26,PTBA,RG,3350,2,D,PD,AI,D
10:59:26,PTBA,RG,3350,4,F,ZP,AI,D
10:59:26,PTBA,RG,3350,10,D,SQ,AI,D
10:59:26,PTBA,RG,3350,1,D,NI,AI,D
10:59:26,PTBA,RG,3350,1,D,PD,AI,D
10:59:26,PTBA,RG,3350,1,D,NI,AI,D
10:59:26,PTBA,RG,3350,30,D,OD,AI,D
10:59:26,PTBA,RG,3350,30,D,PD,AI,D
10:59:26,PTBA,RG,3350,3,D,PD,AI,D
10:59:26,PTBA,RG,3350,501,D,YP,AI,D
10:59:15,PTBA,RG,3350,81,D,YP,AK,F
10:59:15,PTBA,RG,3360,2,D,PD,BK,F
10:59:06,PTBA,RG,3360,10,F,ZP,BK,F
10:59:00,PTBA,RG,3350,18,D,YP,AK,F
10:59:00,PTBA,RG,3350,5,D,PD,AK,F
10:59:00,PTBA,RG,3350,1,D,XC,AK,F
10:59:00,PTBA,RG,3350,25,D,YP,AK,F
10:58:44,PTBA,RG,3350,50,D,YP,FS,D
10:58:42,PTBA,RG,3360,10,D,OD,BK,F
10:57:55,PTBA,RG,3350,13,D,YP,DX,D
10:57:52,PTBA,RG,3350,22,D,YP,DX,F
10:57:32,PTBA,RG,3360,49,D,KZ,BK,F
10:57:31,PTBA,RG,3360,7,F,ZP,BK,F
10:57:21,PTBA,RG,3360,1,D,PD,BK,F
10:57:17,PTBA,RG,3360,1,D,KK,BK,F
10:57:17,PTBA,RG,3360,8,F,ZP,BK,F
10:57:00,PTBA,RG,3350,56,D,YP,AK,F
10:56:03,PTBA,RG,3350,5,D,YP,OD,D
10:55:15,PTBA,RG,3350,12,D,YP,DX,D
10:54:34,PTBA,RG,3350,30,D,YP,YP,D
10:54:27,PTBA,RG,3350,1,D,YP,XC,D
10:54:07,PTBA,RG,3350,1,D,YP,PD,D
10:53:58,PTBA,RG,3350,10,D,YP,CC,D
10:53:36,PTBA,RG,3350,2,D,YP,YP,D
10:53:16,PTBA,RG,3350,31,D,YP,DX,F
10:53:07,PTBA,RG,3350,22,D,YP,RX,F
10:53:05,PTBA,RG,3350,6,D,YP,RX,F
10:53:03,PTBA,RG,3350,88,D,YP,AK,F
10:52:39,PTBA,RG,3360,4,D,XC,BK,F
10:52:35,PTBA,RG,3350,11,D,YP,DX,D
10:51:48,PTBA,RG,3360,1,D,XL,BK,F
10:51:47,PTBA,RG,3360,1,D,YP,BK,F
10:51:20,PTBA,RG,3360,50,D,YP,BK,F
10:50:56,PTBA,RG,3350,50,D,YP,YP,D
10:50:49,PTBA,RG,3350,1,D,YP,YP,D
10:50:36,PTBA,RG,3350,30,D,YP,BK,F
10:50:33,PTBA,RG,3350,34,D,YP,AK,F
10:50:33,PTBA,RG,3350,3,D,XC,AK,F
10:50:33,PTBA,RG,3350,1,D,PD,AK,F
10:50:33,PTBA,RG,3350,25,D,TP,AK,F
10:50:33,PTBA,RG,3350,5,D,PD,AK,F
10:50:33,PTBA,RG,3350,5,D,GR,AK,F
10:50:33,PTBA,RG,3350,39,D,YU,AK,F
10:50:33,PTBA,RG,3350,20,D,YU,AK,F
10:50:32,PTBA,RG,3360,3,D,XL,BK,F
10:50:17,PTBA,RG,3350,19,D,YU,SQ,D
10:50:17,PTBA,RG,3350,39,D,YU,SQ,D
10:50:17,PTBA,RG,3350,9,D,YU,SQ,D
10:50:17,PTBA,RG,3350,18,D,YU,DX,F
10:49:58,PTBA,RG,3350,10,D,YU,CC,D
10:49:55,PTBA,RG,3350,2,D,YU,DX,D
10:49:55,PTBA,RG,3350,8,F,TP,DX,D
10:49:48,PTBA,RG,3350,5,F,TP,CC,D
10:49:29,PTBA,RG,3350,3,F,TP,KK,D
10:49:01,PTBA,RG,3350,34,F,TP,BK,F
10:49:01,PTBA,RG,3350,4,D,XC,BK,F
10:49:00,PTBA,RG,3350,4,D,XC,CC,D
10:49:00,PTBA,RG,3350,10,D,XC,CC,D
10:49:00,PTBA,RG,3350,9,D,YU,CC,D
10:49:00,PTBA,RG,3350,2,D,PD,CC,D
10:49:00,PTBA,RG,3350,3,D,YP,CC,D
10:49:00,PTBA,RG,3350,2,D,PD,CC,D
10:49:00,PTBA,RG,3350,2,D,YP,CC,D
10:49:00,PTBA,RG,3350,18,D,EP,CC,D
10:49:00,PTBA,RG,3350,2,D,EP,RX,F
10:49:00,PTBA,RG,3350,1,D,CC,RX,F
10:49:00,PTBA,RG,3350,1,D,PD,RX,F
10:49:00,PTBA,RG,3350,10,D,ZP,RX,F
10:49:00,PTBA,RG,3350,4,D,XC,RX,F
10:49:00,PTBA,RG,3350,1,D,PD,RX,F
10:49:00,PTBA,RG,3350,8,D,PD,RX,F
10:49:00,PTBA,RG,3350,3,D,CC,RX,F
10:49:00,PTBA,RG,3350,1,D,PD,RX,F
10:49:00,PTBA,RG,3350,2,D,XC,RX,F
10:49:00,PTBA,RG,3350,5,D,YP,RX,F
10:49:00,PTBA,RG,3350,1,D,YB,RX,F
10:48:59,PTBA,RG,3350,4,D,YB,BK,F
10:48:59,PTBA,RG,3350,1,D,PD,BK,F
10:48:59,PTBA,RG,3350,14,D,KZ,BK,F
10:48:59,PTBA,RG,3350,10,D,DR,BK,F
10:48:59,PTBA,RG,3350,12,D,PD,BK,F
10:48:59,PTBA,RG,3350,2,D,CC,BK,F
10:48:59,PTBA,RG,3350,1,D,HP,BK,F
10:48:59,PTBA,RG,3350,2,F,ZP,BK,F
10:48:59,PTBA,RG,3350,17,D,YU,BK,F
10:48:55,PTBA,RG,3350,6,D,YU,AK,F
10:48:55,PTBA,RG,3350,14,D,YU,AK,F
10:48:55,PTBA,RG,3350,37,D,YU,AK,F
10:48:55,PTBA,RG,3350,37,D,YU,AK,F
10:48:55,PTBA,RG,3350,37,D,YU,AK,F
10:48:55,PTBA,RG,3350,10,D,NI,AK,F
10:48:55,PTBA,RG,3350,1,D,PD,AK,F
10:48:55,PTBA,RG,3350,4,D,XL,AK,F
10:48:55,PTBA,RG,3350,2,D,PD,AK,F
10:48:55,PTBA,RG,3350,3,D,YP,AK,F
10:48:55,PTBA,RG,3350,4,D,AI,AK,F
10:48:54,PTBA,RG,3350,67,D,AI,BK,F
10:48:53,PTBA,RG,3350,29,D,AI,OD,D
10:48:53,PTBA,RG,3350,3,F,ZP,OD,D
10:48:53,PTBA,RG,3350,10,D,PD,OD,D
10:48:53,PTBA,RG,3350,1,D,CD,OD,D
10:48:53,PTBA,RG,3350,6,D,PD,OD,D
10:48:53,PTBA,RG,3350,5,D,YP,OD,D
10:48:53,PTBA,RG,3350,150,D,XA,OD,D
10:48:53,PTBA,RG,3350,5,D,PD,OD,D
10:48:53,PTBA,RG,3350,3,D,YP,OD,D
10:48:53,PTBA,RG,3350,4,D,YP,OD,D
10:48:53,PTBA,RG,3350,284,D,CC,OD,D
10:48:43,PTBA,RG,3350,3,D,CC,EP,D
10:48:40,PTBA,RG,3350,13,D,CC,CC,D
10:48:40,PTBA,RG,3350,30,D,MG,CC,D
10:48:28,PTBA,RG,3350,43,D,MG,RX,F
10:48:26,PTBA,RG,3350,55,D,MG,BK,F
10:48:23,PTBA,RG,3350,53,D,MG,BK,F
10:48:21,PTBA,RG,3350,119,D,MG,KK,D
10:48:21,PTBA,RG,3350,40,D,KK,KK,D
10:48:21,PTBA,RG,3350,10,D,PD,KK,D
10:48:21,PTBA,RG,3350,1,D,CC,KK,D
10:48:21,PTBA,RG,3350,5,D,OD,KK,D
10:48:21,PTBA,RG,3350,1,D,PD,KK,D
10:48:21,PTBA,RG,3350,5,D,YP,KK,D
10:48:21,PTBA,RG,3350,150,D,YP,KK,D
10:48:21,PTBA,RG,3350,1,D,YP,KK,D
10:48:21,PTBA,RG,3350,44,D,YU,KK,D
10:48:21,PTBA,RG,3350,44,D,YU,KK,D
10:48:21,PTBA,RG,3350,9,D,YU,KK,D
10:48:21,PTBA,RG,3350,44,D,YU,KK,D
10:48:21,PTBA,RG,3350,44,D,YU,KK,D
10:48:21,PTBA,RG,3350,40,D,GR,KK,D
10:48:21,PTBA,RG,3350,1,D,AT,KK,D
10:48:21,PTBA,RG,3350,1,D,DR,KK,D
10:48:21,PTBA,RG,3350,241,D,BQ,KK,D
10:48:11,PTBA,RG,3350,22,D,BQ,RX,F
10:48:09,PTBA,RG,3350,11,D,BQ,RX,F
10:48:02,PTBA,RG,3360,88,D,XL,BK,F
10:48:02,PTBA,RG,3360,60,D,XL,CC,D
10:48:02,PTBA,RG,3360,2,D,XL,CC,D
10:47:52,PTBA,RG,3360,28,D,YP,CC,D
10:47:52,PTBA,RG,3360,22,D,YP,OD,D
10:47:45,PTBA,RG,3360,2,D,XC,OD,D
10:47:30,PTBA,RG,3360,2,D,KK,OD,D
10:47:29,PTBA,RG,3350,50,D,BQ,BK,F
10:47:27,PTBA,RG,3350,64,D,BQ,BK,F
10:47:23,PTBA,RG,3350,300,D,BQ,OD,D
10:47:21,PTBA,RG,3350,11,D,BQ,DX,D
10:46:59,PTBA,RG,3360,1,D,XC,OD,D
10:46:50,PTBA,RG,3350,30,D,BQ,CC,D
10:46:30,PTBA,RG,3350,33,D,BQ,RX,F
10:46:30,PTBA,RG,3350,36,D,BQ,AK,F
10:46:26,PTBA,RG,3350,26,D,BQ,DX,F
10:46:24,PTBA,RG,3350,40,D,BQ,BK,F
10:46:22,PTBA,RG,3350,58,D,BQ,BK,F
10:46:20,PTBA,RG,3350,395,D,BQ,GR,D
10:45:30,PTBA,RG,3350,54,D,BQ,AK,F
10:45:29,PTBA,RG,3350,41,D,BQ,BK,F
10:45:24,PTBA,RG,3350,76,D,BQ,BK,F
10:45:23,PTBA,RG,3350,306,D,BQ,RX,F
10:45:22,PTBA,RG,3350,129,D,BQ,BK,F
10:45:18,PTBA,RG,3350,29,D,BQ,BK,F
10:45:17,PTBA,RG,3360,745,D,OD,OD,D
10:45:15,PTBA,RG,3350,48,D,BQ,BK,F
10:45:15,PTBA,RG,3350,2,D,DH,BK,F
10:45:15,PTBA,RG,3350,2,D,PD,BK,F
10:45:15,PTBA,RG,3350,73,D,KK,BK,F
10:45:12,PTBA,RG,3350,718,D,KK,BK,F
10:45:12,PTBA,RG,3360,8,F,CS,OD,D
10:45:12,PTBA,RG,3360,5,F,CS,OD,D
10:45:12,PTBA,RG,3360,7,F,CS,OD,D
10:45:12,PTBA,RG,3360,4,F,CS,OD,D
10:45:11,PTBA,RG,3360,67,F,AK,OD,D
10:45:11,PTBA,RG,3360,16,F,CS,OD,D
10:45:11,PTBA,RG,3360,38,D,KZ,OD,D
10:45:11,PTBA,RG,3360,4,D,XL,OD,D
10:45:11,PTBA,RG,3360,5,D,PD,OD,D
10:45:11,PTBA,RG,3360,3,D,XC,OD,D
10:45:11,PTBA,RG,3360,1000,D,BQ,OD,D
10:45:11,PTBA,RG,3360,10,D,YU,OD,D
10:45:11,PTBA,RG,3360,293,D,CC,OD,D
10:45:11,PTBA,RG,3360,300,D,YP,OD,D
10:45:11,PTBA,RG,3360,100,D,MG,OD,D
10:45:11,PTBA,RG,3360,1,D,XL,OD,D
10:45:11,PTBA,RG,3360,50,D,YP,OD,D
10:45:11,PTBA,RG,3360,200,D,LG,OD,D
10:45:11,PTBA,RG,3360,104,D,YP,OD,D
10:45:11,PTBA,RG,3360,10,D,CC,OD,D
10:45:11,PTBA,RG,3360,8,D,PD,OD,D
10:45:11,PTBA,RG,3360,13,D,AT,OD,D
10:45:11,PTBA,RG,3360,3,D,KK,OD,D
10:45:11,PTBA,RG,3360,1,D,KK,OD,D
10:45:11,PTBA,RG,3360,10,D,PD,OD,D
10:45:11,PTBA,RG,3360,8,D,PD,OD,D
10:45:11,PTBA,RG,3360,73,D,DR,OD,D
10:45:11,PTBA,RG,3360,11,D,XC,OD,D
10:45:11,PTBA,RG,3360,5,D,YP,OD,D
10:45:11,PTBA,RG,3360,20,D,YP,OD,D
10:45:11,PTBA,RG,3360,5,D,PD,OD,D
10:45:11,PTBA,RG,3360,2,D,YB,OD,D
10:45:11,PTBA,RG,3360,75,D,NI,OD,D
10:45:11,PTBA,RG,3360,4,D,CC,OD,D
10:45:11,PTBA,RG,3360,200,D,LG,OD,D
10:45:11,PTBA,RG,3360,1,D,XC,OD,D
10:45:11,PTBA,RG,3360,2,D,YP,OD,D
10:45:11,PTBA,RG,3360,1,D,XC,OD,D
10:45:11,PTBA,RG,3360,49,D,AZ,OD,D
10:45:11,PTBA,RG,3360,32,D,KZ,OD,D
10:45:11,PTBA,RG,3360,1,D,PD,OD,D
10:45:11,PTBA,RG,3360,1,D,PD,OD,D
10:45:11,PTBA,RG,3360,3,D,NI,OD,D
10:45:11,PTBA,RG,3360,5,D,CC,OD,D
10:45:11,PTBA,RG,3360,63,F,AK,OD,D
10:45:11,PTBA,RG,3360,10,D,DR,OD,D
10:45:11,PTBA,RG,3360,1,D,XC,OD,D
10:45:11,PTBA,RG,3360,25,D,YP,OD,D
10:45:11,PTBA,RG,3360,1,D,CC,OD,D
10:45:11,PTBA,RG,3360,5,D,PD,OD,D
10:45:11,PTBA,RG,3360,1,D,CC,OD,D
10:45:11,PTBA,RG,3360,3,D,YP,OD,D
10:45:11,PTBA,RG,3360,3,D,YP,OD,D
10:45:11,PTBA,RG,3360,5,D,PD,OD,D
10:45:11,PTBA,RG,3360,10,D,PD,OD,D
10:45:11,PTBA,RG,3360,60,D,NI,OD,D
10:45:11,PTBA,RG,3360,1,D,XC,OD,D
10:45:11,PTBA,RG,3360,22,D,NI,OD,D
10:45:11,PTBA,RG,3360,1,D,CC,OD,D
10:45:11,PTBA,RG,3360,10,D,YP,OD,D
10:45:11,PTBA,RG,3360,5,D,YP,OD,D
10:45:11,PTBA,RG,3360,3,D,PD,OD,D
10:45:11,PTBA,RG,3360,62,D,XL,OD,D
10:45:11,PTBA,RG,3360,2,D,XL,OD,D
10:45:11,PTBA,RG,3360,5,D,CC,OD,D
10:45:11,PTBA,RG,3360,3,D,AT,OD,D
10:45:11,PTBA,RG,3360,50,D,IU,OD,D
10:45:11,PTBA,RG,3360,500,D,HP,OD,D
10:45:11,PTBA,RG,3360,38,D,EP,OD,D
10:45:11,PTBA,RG,3360,1,D,CC,OD,D
10:45:11,PTBA,RG,3360,5,D,PD,OD,D
10:45:11,PTBA,RG,3360,3,D,PD,OD,D
10:45:11,PTBA,RG,3360,2,D,PD,OD,D
10:45:11,PTBA,RG,3360,17,F,CS,OD,D
10:45:11,PTBA,RG,3360,2,D,PD,OD,D
10:45:11,PTBA,RG,3360,2,D,XC,OD,D
10:45:11,PTBA,RG,3360,5,D,PD,OD,D
10:45:11,PTBA,RG,3360,5,D,PD,OD,D
10:45:11,PTBA,RG,3360,50,D,DR,OD,D
10:45:11,PTBA,RG,3360,5,D,PD,OD,D
10:45:11,PTBA,RG,3360,200,D,LG,OD,D
10:45:11,PTBA,RG,3360,2,D,PD,OD,D
10:45:11,PTBA,RG,3360,1,D,XC,OD,D
10:45:11,PTBA,RG,3360,5,D,PD,OD,D
10:45:11,PTBA,RG,3360,2,D,XC,OD,D
10:45:11,PTBA,RG,3360,100,D,NI,OD,D
10:45:11,PTBA,RG,3360,1,D,PD,OD,D
10:45:11,PTBA,RG,3360,3,D,XC,OD,D
10:45:11,PTBA,RG,3360,15,F,CS,OD,D
10:45:11,PTBA,RG,3360,5,D,XL,OD,D
10:45:11,PTBA,RG,3360,4,D,PD,OD,D
10:45:11,PTBA,RG,3360,1,D,PD,OD,D
10:45:11,PTBA,RG,3360,1,D,PD,OD,D
10:45:11,PTBA,RG,3360,54,F,ZP,OD,D
10:45:11,PTBA,RG,3360,41,F,ZP,OD,D
10:45:11,PTBA,RG,3360,1,F,CS,OD,D
10:45:11,PTBA,RG,3360,13,F,CS,OD,D
10:45:11,PTBA,RG,3360,8,D,YP,OD,D
10:45:11,PTBA,RG,3360,10,D,YP,OD,D
10:45:11,PTBA,RG,3360,10,D,GR,OD,D
10:45:11,PTBA,RG,3360,3,D,PD,OD,D
10:45:11,PTBA,RG,3360,4,D,HD,OD,D
10:44:51,PTBA,RG,3360,12,D,HD,DX,D
10:44:42,PTBA,RG,3360,10,D,HD,PD,D
10:44:17,PTBA,RG,3360,10,D,HD,YP,D
10:44:11,PTBA,RG,3360,40,D,HD,KK,D
10:44:07,PTBA,RG,3360,10,D,HD,HP,D
10:44:00,PTBA,RG,3360,14,D,HD,CC,D
10:44:00,PTBA,RG,3360,45,D,KZ,CC,D
10:43:50,PTBA,RG,3370,1,D,EP,YP,D
10:43:47,PTBA,RG,3360,17,D,KZ,BK,F
10:43:47,PTBA,RG,3360,2,D,LG,BK,F
10:43:47,PTBA,RG,3360,5,D,YB,BK,F
10:43:47,PTBA,RG,3360,33,D,KK,BK,F
10:43:44,PTBA,RG,3370,30,D,SQ,YP,D
10:43:44,PTBA,RG,3370,44,D,SQ,YP,D
10:43:44,PTBA,RG,3370,26,D,SQ,YP,D
10:43:07,PTBA,RG,3370,5,D,XL,YP,D
10:42:44,PTBA,RG,3360,30,D,KK,XL,D
10:42:30,PTBA,RG,3360,437,D,KK,XC,D
10:42:30,PTBA,RG,3360,400,D,HD,XC,D
10:42:30,PTBA,RG,3360,10,D,YP,XC,D
10:42:30,PTBA,RG,3360,253,D,BQ,XC,D
10:42:19,PTBA,RG,3360,1,D,BQ,CC,D
10:42:16,PTBA,RG,3360,13,D,BQ,DX,D
10:41:49,PTBA,RG,3360,62,D,BQ,AK,F
10:41:32,PTBA,RG,3370,46,D,KZ,YP,D
10:41:32,PTBA,RG,3360,20,D,BQ,SQ,D
10:41:09,PTBA,RG,3370,1,D,CC,YP,D
10:41:09,PTBA,RG,3360,182,D,BQ,CC,D
10:41:07,PTBA,RG,3370,3,D,PD,YP,D
10:40:45,PTBA,RG,3370,1,D,EP,YP,D
10:40:26,PTBA,RG,3370,54,F,CS,YP,D
10:40:08,PTBA,RG,3370,16,D,YP,YP,D
10:39:41,PTBA,RG,3360,12,D,BQ,DX,D
10:39:36,PTBA,RG,3360,4,D,BQ,PD,D
10:39:25,PTBA,RG,3360,11,D,BQ,XC,D
10:39:12,PTBA,RG,3370,13,D,PD,YP,D
10:39:11,PTBA,RG,3360,1,D,BQ,NI,D
10:38:45,PTBA,RG,3360,62,D,BQ,AK,F
10:38:00,PTBA,RG,3370,5,D,PD,YP,D
10:37:32,PTBA,RG,3370,41,D,KZ,YP,D
10:37:01,PTBA,RG,3360,10,D,BQ,DX,D
10:36:27,PTBA,RG,3360,3,D,BQ,DH,D
10:36:07,PTBA,RG,3360,1,D,BQ,PD,D
10:35:45,PTBA,RG,3360,63,D,BQ,AK,F
10:35:40,PTBA,RG,3370,1,D,YB,YP,D
10:35:29,PTBA,RG,3360,1,D,BQ,XC,D
10:35:20,PTBA,RG,3360,1,D,BQ,XC,D
10:35:01,PTBA,RG,3360,40,D,BQ,SQ,D
10:34:57,PTBA,RG,3360,28,D,BQ,DH,D
10:34:28,PTBA,RG,3360,13,D,BQ,DX,D
10:34:00,PTBA,RG,3370,1,D,XC,YP,D
10:33:39,PTBA,RG,3370,1,D,KK,YP,D
10:33:07,PTBA,RG,3370,3,D,CC,YP,D
10:32:05,PTBA,RG,3370,11,D,SQ,YP,D
10:32:00,PTBA,RG,3360,58,D,BQ,CC,D
10:31:57,PTBA,RG,3360,2,D,BQ,OD,D
10:31:53,PTBA,RG,3370,200,D,YP,YP,D
10:31:48,PTBA,RG,3360,12,D,BQ,DX,D
10:31:47,PTBA,RG,3370,2,D,PD,YP,D
10:31:45,PTBA,RG,3360,55,D,BQ,AK,F
10:31:21,PTBA,RG,3370,10,D,OD,YP,D
10:31:12,PTBA,RG,3370,37,D,KZ,YP,D
10:31:07,PTBA,RG,3370,5,D,CC,YP,D
10:31:07,PTBA,RG,3370,218,D,EP,YP,D
10:31:07,PTBA,RG,3370,50,D,EP,CC,D
10:31:07,PTBA,RG,3370,3,D,EP,YP,D
10:31:07,PTBA,RG,3370,75,D,EP,BK,F
10:31:07,PTBA,RG,3370,200,D,EP,KK,D
10:31:07,PTBA,RG,3370,454,D,EP,OD,D
10:30:21,PTBA,RG,3370,20,D,CC,OD,D
10:29:57,PTBA,RG,3370,29,D,KZ,OD,D
10:29:42,PTBA,RG,3360,1,D,BQ,XC,D
10:29:37,PTBA,RG,3360,30,D,BQ,CC,D
10:29:27,PTBA,RG,3360,2,D,BQ,XC,D
10:29:18,PTBA,RG,3360,1,D,BQ,KK,D
10:29:11,PTBA,RG,3360,10,D,BQ,DX,D
10:28:39,PTBA,RG,3360,150,D,BQ,EP,D
10:28:15,PTBA,RG,3360,69,D,BQ,AK,F
10:26:44,PTBA,RG,3360,137,D,BQ,PD,D
10:26:34,PTBA,RG,3360,13,D,BQ,DX,D
10:26:00,PTBA,RG,3360,52,D,BQ,AK,F
10:25:44,PTBA,RG,3370,1,D,AT,OD,D
10:25:30,PTBA,RG,3370,1,D,CC,OD,D
10:25:08,PTBA,RG,3360,7,D,BQ,XL,D
10:25:07,PTBA,RG,3370,31,D,KZ,OD,D
10:25:07,PTBA,RG,3370,200,D,YP,OD,D
10:24:35,PTBA,RG,3370,5,D,AZ,OD,D
10:24:13,PTBA,RG,3370,10,D,EP,OD,D
10:24:03,PTBA,RG,3370,1,D,NI,OD,D
10:24:02,PTBA,RG,3360,13,D,BQ,DX,D
10:24:00,PTBA,RG,3370,4,D,PD,OD,D
10:23:51,PTBA,RG,3370,30,D,NI,OD,D
10:23:44,PTBA,RG,3370,50,D,NI,OD,D
10:23:11,PTBA,RG,3370,4,D,PD,OD,D
10:23:04,PTBA,RG,3360,5,D,BQ,OD,D
10:22:47,PTBA,RG,3360,1,D,BQ,CP,D
10:22:05,PTBA,RG,3360,1,D,BQ,OD,D
10:21:57,PTBA,RG,3370,10,D,KZ,OD,D
10:21:57,PTBA,RG,3370,33,D,KZ,DR,D
10:21:36,PTBA,RG,3360,2,D,BQ,CC,D
10:21:35,PTBA,RG,3360,51,D,BQ,AK,F
10:21:34,PTBA,RG,3360,500,D,BQ,YP,D
10:21:31,PTBA,RG,3360,11,D,BQ,DX,D
10:21:30,PTBA,RG,3370,2,D,PD,DR,D
10:20:09,PTBA,RG,3360,5,D,BQ,EP,D
10:20:00,PTBA,RG,3360,4,D,BQ,KK,D
10:20:00,PTBA,RG,3360,6,D,BQ,AK,F
10:20:00,PTBA,RG,3360,21,D,BQ,CC,D
10:20:00,PTBA,RG,3360,34,D,YP,CC,D
10:20:00,PTBA,RG,3360,4,F,AK,CC,D
10:19:29,PTBA,RG,3360,2,F,AK,AK,F
10:18:52,PTBA,RG,3360,10,F,AK,DX,D
10:18:48,PTBA,RG,3360,1,F,AK,DH,D
10:18:40,PTBA,RG,3370,1,D,PD,DR,D
10:18:05,PTBA,RG,3370,1,D,CC,DR,D
10:18:03,PTBA,RG,3360,43,F,AK,XC,D
10:17:02,PTBA,RG,3370,1,D,PD,DR,D
10:17:00,PTBA,RG,3360,7,F,AK,AK,F
10:16:53,PTBA,RG,3360,2,F,AK,PD,D
10:16:45,PTBA,RG,3360,12,D,HD,XL,D
10:16:28,PTBA,RG,3370,1,D,XC,DR,D
10:16:10,PTBA,RG,3360,13,D,HD,DX,D
10:15:42,PTBA,RG,3370,11,D,KZ,DR,D
10:15:42,PTBA,RG,3370,33,D,KZ,BK,F
10:15:34,PTBA,RG,3360,1,D,HD,YP,D
10:15:06,PTBA,RG,3360,3,D,HD,PD,D
10:14:58,PTBA,RG,3370,6,D,PD,AK,F
10:14:53,PTBA,RG,3370,64,D,DR,AK,F
10:14:53,PTBA,RG,3370,133,D,DR,OD,D
10:14:18,PTBA,RG,3370,145,D,YP,OD,D
10:14:17,PTBA,RG,3360,5,D,HD,PD,D
10:14:11,PTBA,RG,3370,10,D,PD,OD,D
10:14:02,PTBA,RG,3370,12,D,KZ,OD,D
10:14:02,PTBA,RG,3370,25,D,KZ,EP,D
10:13:49,PTBA,RG,3370,2,D,PD,EP,D
10:13:39,PTBA,RG,3370,3,D,XC,EP,D
10:13:35,PTBA,RG,3360,11,D,HD,DX,D
10:12:56,PTBA,RG,3370,10,D,DH,EP,D
10:11:49,PTBA,RG,3370,1,D,XC,EP,D
10:11:47,PTBA,RG,3360,1,D,HD,XC,D
10:11:00,PTBA,RG,3360,11,D,HD,DX,D
10:10:35,PTBA,RG,3370,3,D,XC,EP,D
10:10:18,PTBA,RG,3370,1,D,XC,EP,D
10:09:54,PTBA,RG,3360,10,D,HD,YP,D
10:09:46,PTBA,RG,3360,4,D,HD,PD,D
10:09:13,PTBA,RG,3360,50,D,HD,DR,D
10:09:04,PTBA,RG,3370,3,D,EP,EP,D
10:08:57,PTBA,RG,3370,5,D,YP,EP,D
10:08:34,PTBA,RG,3370,6,D,XC,EP,D
10:08:33,PTBA,RG,3360,5,D,HD,AT,D
10:08:30,PTBA,RG,3360,13,D,HD,DX,D
10:08:26,PTBA,RG,3360,61,D,HD,LS,D
10:08:26,PTBA,RG,3360,11,F,CS,LS,D
10:08:26,PTBA,RG,3360,7,F,ZP,LS,D
10:08:26,PTBA,RG,3360,23,F,ZP,LS,D
10:08:26,PTBA,RG,3360,1,D,EP,LS,D
10:08:26,PTBA,RG,3360,297,D,YP,LS,D
10:08:11,PTBA,RG,3360,5,D,YP,PD,D
10:08:01,PTBA,RG,3370,5,D,PD,EP,D
10:07:40,PTBA,RG,3370,10,D,PD,EP,D
10:07:09,PTBA,RG,3360,20,D,YP,XC,D
10:07:06,PTBA,RG,3360,1,D,YP,YP,D
10:06:31,PTBA,RG,3370,2,D,XC,EP,D
10:06:23,PTBA,RG,3370,1,D,XL,EP,D
10:06:08,PTBA,RG,3360,3,D,YP,XC,D
10:05:55,PTBA,RG,3370,10,D,EP,EP,D
10:05:42,PTBA,RG,3370,13,D,DH,EP,D
10:05:42,PTBA,RG,3370,2,D,DH,YP,D
10:05:42,PTBA,RG,3370,10,D,DH,LG,D
10:05:42,PTBA,RG,3370,3,D,DH,SQ,D
10:05:42,PTBA,RG,3370,10,D,DH,NI,D
10:05:42,PTBA,RG,3370,1,D,DH,XC,D
10:05:42,PTBA,RG,3370,100,D,DH,GI,D
10:05:42,PTBA,RG,3370,50,D,DH,PD,D
10:05:42,PTBA,RG,3370,75,D,DH,PD,D
10:05:42,PTBA,RG,3370,3,D,DH,XC,D
10:05:42,PTBA,RG,3370,5,D,DH,PD,D
10:05:42,PTBA,RG,3370,1,D,DH,KK,D
10:05:42,PTBA,RG,3370,10,D,DH,XL,D
10:05:42,PTBA,RG,3370,1,D,DH,PD,D
10:05:42,PTBA,RG,3370,5,D,DH,YP,D
10:05:42,PTBA,RG,3370,11,D,DH,PD,D
10:05:35,PTBA,RG,3370,5,D,SQ,PD,D
10:04:08,PTBA,RG,3370,10,D,YP,PD,D
10:03:44,PTBA,RG,3360,30,D,YP,CC,D
10:03:44,PTBA,RG,3360,30,D,YP,BK,F
10:03:44,PTBA,RG,3360,17,D,YP,DX,F
10:03:44,PTBA,RG,3360,12,D,YP,DX,D
10:03:44,PTBA,RG,3360,53,D,YP,AK,F
10:03:44,PTBA,RG,3360,85,D,YP,AK,F
10:03:44,PTBA,RG,3360,70,D,YP,AK,F
10:03:44,PTBA,RG,3360,19,D,YP,CC,F
10:03:43,PTBA,RG,3360,1,D,YP,CC,F
10:03:39,PTBA,RG,3360,3,D,YP,CC,F
10:03:29,PTBA,RG,3360,50,D,YP,CC,F
10:03:25,PTBA,RG,3360,20,D,YP,CC,F
10:03:25,PTBA,RG,3350,8,D,KK,NI,D
10:03:22,PTBA,RG,3360,7,D,PD,CC,F
10:03:22,PTBA,RG,3360,3,D,PD,BK,F
10:03:22,PTBA,RG,3360,46,D,KZ,BK,F
10:03:20,PTBA,RG,3360,70,F,AK,BK,F
10:03:20,PTBA,RG,3350,1,D,KK,NI,D
10:03:16,PTBA,RG,3360,261,D,YP,BK,F
10:03:16,PTBA,RG,3360,1,D,YP,XC,D
10:03:16,PTBA,RG,3360,26,D,YP,DX,F
10:03:16,PTBA,RG,3360,1,D,YP,NI,D
10:03:16,PTBA,RG,3360,65,D,YP,DX,F
10:03:16,PTBA,RG,3360,52,D,YP,AK,F
10:03:16,PTBA,RG,3360,52,D,YP,AK,F
10:03:16,PTBA,RG,3360,90,D,YP,AK,F
10:03:16,PTBA,RG,3360,97,D,YP,AK,F
10:03:16,PTBA,RG,3360,413,D,YP,RX,F
10:03:16,PTBA,RG,3360,54,D,YP,AK,F
10:03:16,PTBA,RG,3360,68,D,YP,AK,F
10:03:16,PTBA,RG,3360,314,D,YP,BK,F
10:03:16,PTBA,RG,3360,506,D,YP,EP,D
10:03:08,PTBA,RG,3350,10,D,KK,DX,D
10:03:03,PTBA,RG,3360,148,D,CD,EP,D
10:03:00,PTBA,RG,3350,1,D,KK,XC,D
10:02:56,PTBA,RG,3350,1,D,KK,PD,D
10:02:43,PTBA,RG,3350,188,D,KK,YU,D
10:02:43,PTBA,RG,3350,6,D,NI,YU,D
10:02:43,PTBA,RG,3350,106,D,SQ,YU,D
10:02:38,PTBA,RG,3350,14,D,SQ,HP,D
10:02:38,PTBA,RG,3350,10,D,KK,HP,D
10:02:38,PTBA,RG,3350,5,D,PD,HP,D
10:02:38,PTBA,RG,3350,2,D,PD,HP,D
10:02:38,PTBA,RG,3350,69,D,AT,HP,D
10:02:27,PTBA,RG,3350,49,D,AT,BK,F
10:02:26,PTBA,RG,3350,82,D,AT,HP,D
10:02:26,PTBA,RG,3350,20,D,PD,HP,D
10:02:26,PTBA,RG,3350,1,D,PD,HP,D
10:02:26,PTBA,RG,3350,4,D,NI,HP,D
10:02:26,PTBA,RG,3350,10,D,YP,HP,D
10:02:26,PTBA,RG,3350,10,D,CC,HP,D
10:02:26,PTBA,RG,3350,3,D,XC,HP,D
10:02:26,PTBA,RG,3350,2,D,SQ,HP,D
10:02:26,PTBA,RG,3350,3,D,YP,HP,D
10:02:26,PTBA,RG,3350,1,D,XC,HP,D
10:02:26,PTBA,RG,3350,1,D,KK,HP,D
10:02:26,PTBA,RG,3350,200,D,LG,HP,D
10:02:26,PTBA,RG,3350,500,D,AZ,HP,D
10:02:26,PTBA,RG,3350,10,D,AG,HP,D
10:02:26,PTBA,RG,3350,1,D,YP,HP,D
10:02:26,PTBA,RG,3350,1,D,EP,HP,D
10:02:26,PTBA,RG,3350,1000,D,KK,HP,D
10:02:26,PTBA,RG,3350,2,D,YB,HP,D
10:02:26,PTBA,RG,3350,50,D,YP,HP,D
10:02:26,PTBA,RG,3350,50,D,PD,HP,D
10:02:26,PTBA,RG,3350,10,D,PD,HP,D
10:02:26,PTBA,RG,3350,5,D,DR,HP,D
10:02:26,PTBA,RG,3350,15,D,AT,HP,D
10:02:26,PTBA,RG,3350,2,D,NI,HP,D
10:02:26,PTBA,RG,3350,2,D,KK,HP,D
10:02:26,PTBA,RG,3350,5,D,KK,HP,D
10:02:26,PTBA,RG,3350,10,D,YP,HP,D
10:02:17,PTBA,RG,3360,10,D,CP,EP,D
10:02:13,PTBA,RG,3350,1,D,YP,XC,D
10:01:35,PTBA,RG,3360,7,D,CC,EP,D
10:01:35,PTBA,RG,3350,1,D,YP,PD,D
10:01:35,PTBA,RG,3350,8,D,YP,PD,D
10:01:35,PTBA,RG,3350,42,D,YP,AZ,D
10:01:35,PTBA,RG,3360,4,D,NI,EP,D
10:01:33,PTBA,RG,3360,3,D,XL,EP,D
10:01:20,PTBA,RG,3360,1,D,YP,EP,D
10:01:18,PTBA,RG,3360,1,D,BS,EP,D
10:01:14,PTBA,RG,3360,10,D,NI,EP,D
