Time,Stock,Brd,Price,Qty,BT,BC,SC,ST
15:14:51,PTBA,RG,4130,5,D,YP,EP,D
15:14:46,PTBA,RG,4130,1,D,CC,EP,D
15:14:44,PTBA,RG,4130,1,D,AT,EP,D
15:14:41,PTBA,RG,4130,100,D,PD,EP,D
15:14:12,PTBA,RG,4130,1,D,YP,EP,D
15:14:02,PTBA,RG,4130,1,D,YP,EP,D
15:13:59,PTBA,RG,4130,1,D,YP,EP,D
15:12:42,PTBA,RG,4130,5,D,CC,EP,D
15:12:30,PTBA,RG,4130,9,D,XL,EP,D
15:12:27,PTBA,RG,4130,9,D,XL,EP,D
15:11:54,PTBA,RG,4130,3,D,NI,EP,D
15:11:52,PTBA,RG,4130,100,D,YP,EP,D
15:11:50,PTBA,RG,4130,4,D,GR,EP,D
15:11:35,PTBA,RG,4130,1,D,NI,EP,D
15:11:03,PTBA,RG,4130,100,D,NI,EP,D
15:10:40,PTBA,RG,4130,122,D,XL,EP,D
15:10:36,PTBA,RG,4130,1,D,PD,EP,D
15:10:14,PTBA,RG,4130,1,D,YP,EP,D
15:09:51,PTBA,RG,4130,5,D,YP,EP,D
15:09:40,PTBA,RG,4130,10,D,YP,EP,D
15:09:28,PTBA,RG,4130,1,D,YP,EP,D
15:09:24,PTBA,RG,4130,10,D,XC,EP,D
15:09:18,PTBA,RG,4130,10,D,PD,EP,D
15:08:46,PTBA,RG,4130,1,D,BQ,EP,D
15:08:46,PTBA,RG,4130,5,D,YB,EP,D
15:08:05,PTBA,RG,4130,3,D,NI,EP,D
15:08:01,PTBA,RG,4130,2,D,SH,EP,D
15:08:00,PTBA,RG,4130,73,D,LG,EP,D
15:07:51,PTBA,RG,4130,5,D,SH,EP,D
15:07:47,PTBA,RG,4130,13,D,ZP,EP,D
15:07:38,PTBA,RG,4130,1,D,YP,EP,D
15:07:27,PTBA,RG,4130,20,D,SH,EP,D
15:07:23,PTBA,RG,4130,37,D,ZP,EP,D
15:07:23,PTBA,RG,4130,30,D,ZP,EP,D
15:07:23,PTBA,RG,4130,26,D,ZP,EP,D
15:07:23,PTBA,RG,4130,29,D,ZP,EP,D
15:07:23,PTBA,RG,4130,28,D,ZP,EP,D
15:07:23,PTBA,RG,4130,5,D,ZP,YB,D
15:07:23,PTBA,RG,4130,2,D,ZP,HP,D
15:07:23,PTBA,RG,4130,4,D,ZP,PD,D
15:07:23,PTBA,RG,4130,1,D,ZP,KK,D
15:07:23,PTBA,RG,4130,5,D,ZP,XC,D
15:07:23,PTBA,RG,4130,5,D,ZP,OD,D
15:07:23,PTBA,RG,4130,9,D,ZP,PD,D
15:07:23,PTBA,RG,4130,11,D,ZP,PD,D
15:07:23,PTBA,RG,4130,10,D,ZP,CC,D
15:07:23,PTBA,RG,4130,3,D,ZP,HP,D
15:07:23,PTBA,RG,4130,4,D,ZP,YU,D
15:07:23,PTBA,RG,4130,29,D,ZP,YU,D
15:07:23,PTBA,RG,4130,26,D,ZP,YU,D
15:07:23,PTBA,RG,4130,30,D,ZP,YU,D
15:07:23,PTBA,RG,4130,27,D,ZP,YU,D
15:07:23,PTBA,RG,4130,31,D,ZP,YU,D
15:07:15,PTBA,RG,4130,28,D,ZP,YU,D
15:07:15,PTBA,RG,4130,23,D,ZP,YU,D
15:07:15,PTBA,RG,4130,21,D,ZP,YU,D
15:07:15,PTBA,RG,4130,23,D,ZP,YU,D
15:07:15,PTBA,RG,4130,21,D,ZP,YU,D
15:07:15,PTBA,RG,4130,24,D,ZP,YU,D
15:07:15,PTBA,RG,4130,23,D,ZP,YU,D
15:07:15,PTBA,RG,4130,25,D,ZP,YU,D
15:07:15,PTBA,RG,4130,23,D,ZP,YU,D
15:07:15,PTBA,RG,4130,24,D,ZP,YU,D
15:06:59,PTBA,RG,4130,5,D,PD,YU,D
15:06:59,PTBA,RG,4130,50,D,SH,YU,D
15:06:49,PTBA,RG,4130,5,D,CC,YU,D
15:06:41,PTBA,RG,4130,2,D,EP,YU,D
15:06:27,PTBA,RG,4130,56,D,SH,YU,D
15:06:27,PTBA,RG,4130,50,D,SH,DR,D
15:06:27,PTBA,RG,4130,2,D,SH,XC,D
15:06:27,PTBA,RG,4130,92,D,SH,IP,D
15:05:53,PTBA,RG,4130,10,D,AI,IP,D
15:05:41,PTBA,RG,4130,5,D,CC,IP,D
15:05:35,PTBA,RG,4130,100,D,CC,IP,D
15:05:35,PTBA,RG,4130,1,D,YP,IP,D
15:05:09,PTBA,RG,4130,2,D,DR,IP,D
15:05:06,PTBA,RG,4130,41,D,PD,IP,D
15:04:51,PTBA,RG,4130,5,D,DR,IP,D
15:04:50,PTBA,RG,4130,24,D,YP,IP,D
15:04:41,PTBA,RG,4130,2,D,DR,IP,D
15:04:28,PTBA,RG,4130,1,D,PD,IP,D
15:04:23,PTBA,RG,4130,1,D,YP,IP,D
15:04:13,PTBA,RG,4130,1,D,XC,IP,D
15:04:12,PTBA,RG,4130,1,D,KK,IP,D
15:04:01,PTBA,RG,4130,2,D,OD,IP,D
15:03:48,PTBA,RG,4130,5,D,PD,IP,D
15:03:46,PTBA,RG,4130,3,D,GR,IP,D
15:03:43,PTBA,RG,4130,1,D,XC,IP,D
15:03:40,PTBA,RG,4130,10,D,YP,IP,D
15:03:37,PTBA,RG,4130,68,D,PD,IP,D
15:03:27,PTBA,RG,4130,5,D,GR,IP,D
15:03:17,PTBA,RG,4130,100,D,PD,IP,D
15:03:12,PTBA,RG,4130,5,D,GR,IP,D
15:02:58,PTBA,RG,4130,2,D,PD,IP,D
15:02:58,PTBA,RG,4130,1,D,YP,IP,D
15:02:56,PTBA,RG,4130,2,D,OD,IP,D
15:02:45,PTBA,RG,4130,20,D,AZ,IP,D
15:02:45,PTBA,RG,4130,125,D,GR,IP,D
15:02:45,PTBA,RG,4130,1,D,YP,IP,D
15:02:45,PTBA,RG,4130,1,D,NI,IP,D
15:02:45,PTBA,RG,4130,1,D,NI,IP,D
15:02:45,PTBA,RG,4130,2,D,XC,IP,D
15:02:45,PTBA,RG,4130,1,D,PD,IP,D
15:02:45,PTBA,RG,4130,1,D,YP,IP,D
15:02:45,PTBA,RG,4130,24,D,YP,IP,D
15:02:45,PTBA,RG,4130,24,D,YP,IP,D
15:02:45,PTBA,RG,4130,3,D,PD,IP,D
15:02:45,PTBA,RG,4130,10,D,YP,IP,D
15:02:45,PTBA,RG,4130,1,D,YP,IP,D
15:02:45,PTBA,RG,4130,2,D,TP,IP,D
15:02:45,PTBA,RG,4130,14,D,YP,IP,D
15:02:42,PTBA,RG,4130,10,D,YP,PD,D
15:02:41,PTBA,RG,4130,4,D,YP,DR,D
15:02:35,PTBA,RG,4130,11,D,YP,YP,D
15:02:33,PTBA,RG,4130,2,D,YP,PD,D
15:02:24,PTBA,RG,4130,1,D,YP,XL,D
15:01:44,PTBA,RG,4130,5,D,YP,YP,D
15:01:40,PTBA,RG,4130,3,D,YP,XA,D
15:01:40,PTBA,RG,4130,30,D,DR,XA,D
15:01:40,PTBA,RG,4130,17,D,DR,XA,D
15:01:39,PTBA,RG,4130,1,D,DR,XC,D
15:01:36,PTBA,RG,4130,10,D,DR,YP,D
15:01:26,PTBA,RG,4130,1,D,DR,XC,D
15:01:22,PTBA,RG,4130,5,D,DR,YP,D
15:01:20,PTBA,RG,4130,10,D,DR,YP,D
15:01:10,PTBA,RG,4130,5,D,DR,YP,D
15:01:07,PTBA,RG,4130,15,D,DR,YP,D
15:01:00,PTBA,RG,4130,136,D,DR,CS,F
15:01:00,PTBA,RG,4130,20,D,AO,CS,F
15:01:00,PTBA,RG,4130,10,D,PD,CS,F
15:00:00,PTBA,RG,4130,80,D,XL,CS,F
15:00:00,PTBA,RG,4130,1,D,PD,CS,F
15:00:00,PTBA,RG,4130,250,D,CC,CS,F
15:00:00,PTBA,RG,4130,2,D,XL,CS,F
15:00:00,PTBA,RG,4130,1,D,YU,CS,F
15:00:00,PTBA,RG,4130,3,D,NI,CS,F
15:00:00,PTBA,RG,4130,1,D,NI,PD,D
15:00:00,PTBA,RG,4130,21,D,NI,YB,D
15:00:00,PTBA,RG,4130,10,D,PD,YB,D
15:00:00,PTBA,RG,4130,69,D,DR,YB,D
15:00:00,PTBA,RG,4130,3,D,DR,XC,D
15:00:00,PTBA,RG,4130,10,D,DR,NI,D
15:00:00,PTBA,RG,4130,50,D,DR,YP,D
15:00:00,PTBA,RG,4130,7,D,DR,YP,D
15:00:00,PTBA,RG,4130,3,D,DR,YP,D
15:00:00,PTBA,RG,4130,5,D,DR,PD,D
15:00:00,PTBA,RG,4130,1,D,DR,PD,D
15:00:00,PTBA,RG,4130,30,D,DR,KK,D
15:00:00,PTBA,RG,4130,1,D,DR,XL,D
15:00:00,PTBA,RG,4130,5,D,DR,YU,D
15:00:00,PTBA,RG,4130,317,D,DR,AZ,D
15:00:00,PTBA,RG,4130,20,D,DR,YP,D
15:00:00,PTBA,RG,4130,2,D,DR,YP,D
15:00:00,PTBA,RG,4130,20,D,DR,DX,D
15:00:00,PTBA,RG,4130,1,D,DR,YP,D
15:00:00,PTBA,RG,4130,5,D,DR,DR,D
15:00:00,PTBA,RG,4130,25,D,DR,YP,D
15:00:00,PTBA,RG,4130,26,D,DR,PD,D
15:00:00,PTBA,RG,4130,10,D,SQ,PD,D
15:00:00,PTBA,RG,4130,10,D,DH,PD,D
15:00:00,PTBA,RG,4130,31,D,PD,PD,D
15:00:00,PTBA,RG,4130,1,D,KK,PD,D
15:00:00,PTBA,RG,4130,5,D,XL,PD,D
15:00:00,PTBA,RG,4130,3,D,XL,PD,D
15:00:00,PTBA,RG,4130,1,D,XC,PD,D
15:00:00,PTBA,RG,4130,5,D,PD,PD,D
15:00:00,PTBA,RG,4130,1,D,PD,PD,D
15:00:00,PTBA,RG,4130,5,D,YP,PD,D
15:00:00,PTBA,RG,4130,1,D,YP,PD,D
15:00:00,PTBA,RG,4130,25,D,GR,PD,D
15:00:00,PTBA,RG,4130,3,D,XL,PD,D
15:00:00,PTBA,RG,4130,1,D,BQ,PD,D
15:00:00,PTBA,RG,4130,27,D,YP,PD,D
15:00:00,PTBA,RG,4130,1,D,YP,XL,D
15:00:00,PTBA,RG,4130,72,D,YP,YP,D
15:00:00,PTBA,RG,4130,10,D,XC,YP,D
15:00:00,PTBA,RG,4130,200,D,YP,YP,D
15:00:00,PTBA,RG,4130,90,F,AK,YP,D
15:00:00,PTBA,RG,4130,1,D,KZ,YP,D
15:00:00,PTBA,RG,4130,94,F,KZ,YP,D
15:00:00,PTBA,RG,4130,20,F,KZ,CC,D
15:00:00,PTBA,RG,4130,10,F,KZ,CC,D
15:00:00,PTBA,RG,4130,200,F,KZ,SQ,D
15:00:00,PTBA,RG,4130,2,F,KZ,LG,D
15:00:00,PTBA,RG,4130,1,F,KZ,XL,D
15:00:00,PTBA,RG,4130,4,F,KZ,PD,D
15:00:00,PTBA,RG,4130,20,F,KZ,OD,D
15:00:00,PTBA,RG,4130,12,F,KZ,CC,D
15:00:00,PTBA,RG,4130,2,F,KZ,AZ,D
15:00:00,PTBA,RG,4130,20,F,KZ,LG,D
15:00:00,PTBA,RG,4130,19,F,KZ,NI,D
15:00:00,PTBA,RG,4130,70,F,KZ,KK,D
15:00:00,PTBA,RG,4130,20,F,KZ,HP,D
15:00:00,PTBA,RG,4130,1,F,KZ,AZ,D
15:00:00,PTBA,RG,4130,500,F,KZ,LG,D
15:00:00,PTBA,RG,4130,25,F,KZ,YP,D
15:00:00,PTBA,RG,4130,2,F,KZ,NI,D
15:00:00,PTBA,RG,4130,1,F,KZ,SQ,D
15:00:00,PTBA,RG,4130,1,F,KZ,SQ,D
15:00:00,PTBA,RG,4130,1,F,KZ,XL,D
15:00:00,PTBA,RG,4130,10,F,KZ,GR,D
15:00:00,PTBA,RG,4130,8,F,KZ,YP,D
15:00:00,PTBA,RG,4130,263,F,KZ,KK,D
15:00:00,PTBA,RG,4130,617,F,AK,KK,D
15:00:00,PTBA,RG,4130,2,F,AK,NI,D
15:00:00,PTBA,RG,4130,6,F,AK,PD,D
15:00:00,PTBA,RG,4130,40,F,AK,YP,D
15:00:00,PTBA,RG,4130,50,F,AK,YP,D
15:00:00,PTBA,RG,4130,4,F,AK,CP,D
15:00:00,PTBA,RG,4130,2,F,AK,XC,D
15:00:00,PTBA,RG,4130,11,F,AK,AZ,D
15:00:00,PTBA,RG,4130,24,F,AK,CC,D
15:00:00,PTBA,RG,4130,60,F,AK,DR,D
15:00:00,PTBA,RG,4130,10,F,AK,DR,D
15:00:00,PTBA,RG,4130,22,F,AK,NI,D
15:00:00,PTBA,RG,4130,3,F,AK,XL,D
15:00:00,PTBA,RG,4130,2,F,AK,CC,D
15:00:00,PTBA,RG,4130,84,F,AK,YB,D
15:00:00,PTBA,RG,4130,5,F,AK,GR,D
15:00:00,PTBA,RG,4130,1,F,AK,PD,D
15:00:00,PTBA,RG,4130,1,F,AK,KK,D
15:00:00,PTBA,RG,4130,1,F,AK,KK,D
15:00:00,PTBA,RG,4130,3,F,AK,DR,D
15:00:00,PTBA,RG,4130,2,F,AK,DR,D
15:00:00,PTBA,RG,4130,25,F,AK,GR,D
15:00:00,PTBA,RG,4130,25,F,AK,GR,D
15:00:00,PTBA,RG,4130,15,F,AK,GR,D
15:00:00,PTBA,RG,4130,61,F,AK,BK,F
15:00:00,PTBA,RG,4130,38,F,YU,BK,F
15:00:00,PTBA,RG,4130,48,F,YU,BK,F
15:00:00,PTBA,RG,4130,171,F,YU,BK,F
15:00:00,PTBA,RG,4130,25,F,YU,BK,F
15:00:00,PTBA,RG,4130,164,F,YU,BK,F
15:00:00,PTBA,RG,4130,17,F,YU,BK,F
15:00:00,PTBA,RG,4130,9,F,YU,BK,F
15:00:00,PTBA,RG,4130,13,F,YU,BK,F
15:00:00,PTBA,RG,4130,36,F,YU,BK,F
15:00:00,PTBA,RG,4130,13,F,YU,BK,F
15:00:00,PTBA,RG,4130,81,F,YU,BK,F
15:00:00,PTBA,RG,4130,6,F,YU,BK,F
15:00:00,PTBA,RG,4130,8,F,YU,BK,F
15:00:00,PTBA,RG,4130,22,D,BB,BK,F
15:00:00,PTBA,RG,4130,173,D,DR,BK,F
15:00:00,PTBA,RG,4130,487,D,LG,BK,F
15:00:00,PTBA,RG,4130,1,D,LG,BK,F
15:00:00,PTBA,RG,4130,36,D,LG,KZ,D
15:00:00,PTBA,RG,4130,32,D,LG,AK,F
15:00:00,PTBA,RG,4130,8,D,LG,CC,D
14:49:47,PTBA,RG,4120,50,D,LG,CC,D
14:49:47,PTBA,RG,4120,3,D,LG,YP,D
14:49:45,PTBA,RG,4120,1,D,LG,AK,F
14:49:40,PTBA,RG,4130,36,F,YU,PD,D
14:49:33,PTBA,RG,4130,1,D,DR,PD,D
14:49:33,PTBA,RG,4120,200,D,LG,CC,D
14:49:31,PTBA,RG,4120,3,D,LG,XL,D
14:49:27,PTBA,RG,4130,10,F,YU,PD,D
14:49:27,PTBA,RG,4130,3,F,YU,PD,D
14:49:26,PTBA,RG,4120,57,D,LG,DR,D
14:49:26,PTBA,RG,4130,32,F,YU,PD,D
14:49:26,PTBA,RG,4130,18,F,YU,PD,D
14:49:25,PTBA,RG,4120,120,D,LG,CC,D
14:49:25,PTBA,RG,4120,5,D,XC,CC,D
14:49:25,PTBA,RG,4120,3,D,YP,CC,D
14:49:25,PTBA,RG,4120,75,D,NI,CC,D
14:49:25,PTBA,RG,4120,97,D,PD,CC,D
14:49:17,PTBA,RG,4130,5,F,YU,PD,D
14:49:16,PTBA,RG,4120,31,D,PD,XC,D
14:49:09,PTBA,RG,4120,2,D,PD,AI,D
14:49:09,PTBA,RG,4130,1,F,YU,PD,D
14:49:08,PTBA,RG,4120,3,D,PD,CC,D
14:49:08,PTBA,RG,4130,6,F,YU,PD,D
14:49:07,PTBA,RG,4120,34,D,PD,SQ,D
14:49:07,PTBA,RG,4130,1,F,YU,PD,D
14:49:06,PTBA,RG,4130,11,F,YU,PD,D
14:49:05,PTBA,RG,4120,6,D,PD,XL,D
14:49:05,PTBA,RG,4130,64,F,KZ,PD,D
14:49:05,PTBA,RG,4130,2,F,YU,PD,D
14:49:04,PTBA,RG,4130,135,F,YU,PD,D
14:49:04,PTBA,RG,4130,15,F,YU,NI,D
14:49:04,PTBA,RG,4130,10,F,YU,CC,D
14:49:04,PTBA,RG,4130,10,F,YU,CC,D
14:49:04,PTBA,RG,4130,9,F,YU,CC,D
14:49:03,PTBA,RG,4120,1,D,PD,AK,F
14:49:03,PTBA,RG,4120,61,D,PD,YP,D
14:49:03,PTBA,RG,4120,6,D,PD,YP,D
14:49:03,PTBA,RG,4120,15,D,PD,XC,D
14:49:03,PTBA,RG,4120,100,D,PD,YP,D
14:49:03,PTBA,RG,4120,1,D,PD,AK,F
14:49:03,PTBA,RG,4120,25,D,PD,YP,D
14:49:03,PTBA,RG,4120,605,D,PD,BK,F
14:49:03,PTBA,RG,4120,2,D,PD,PD,D
14:49:03,PTBA,RG,4120,30,D,PD,KK,D
14:49:03,PTBA,RG,4120,53,D,PD,EP,D
14:49:03,PTBA,RG,4120,22,D,PD,XA,D
14:49:03,PTBA,RG,4120,50,D,PD,YP,D
14:49:03,PTBA,RG,4120,56,D,PD,YP,D
14:49:00,PTBA,RG,4120,2,F,YU,YP,D
14:49:00,PTBA,RG,4120,1,F,YU,YP,D
14:49:00,PTBA,RG,4120,10,D,AK,YP,D
14:49:00,PTBA,RG,4120,3,D,AK,YP,D
14:49:00,PTBA,RG,4120,2,D,AK,YP,D
14:48:53,PTBA,RG,4120,1,F,YU,YP,D
14:48:52,PTBA,RG,4110,1,D,YP,BQ,D
14:48:52,PTBA,RG,4110,6,D,YP,BQ,D
14:48:52,PTBA,RG,4120,3,F,YU,YP,D
14:48:52,PTBA,RG,4120,15,D,XC,YP,D
14:48:51,PTBA,RG,4120,4,F,YU,YP,D
14:48:51,PTBA,RG,4120,2,F,YU,YP,D
14:48:50,PTBA,RG,4110,20,D,YP,CC,D
14:48:50,PTBA,RG,4120,12,D,AK,YP,D
14:48:48,PTBA,RG,4120,1,F,YU,YP,D
14:48:48,PTBA,RG,4120,2,F,YU,YP,D
14:48:47,PTBA,RG,4120,2,F,YU,YP,D
14:48:47,PTBA,RG,4120,3,F,YU,YP,D
14:48:47,PTBA,RG,4120,18,F,YU,SQ,D
14:48:46,PTBA,RG,4120,32,D,LH,SQ,D
14:48:46,PTBA,RG,4120,118,D,LH,YU,F
14:48:46,PTBA,RG,4120,1,D,SQ,YU,F
14:48:44,PTBA,RG,4120,1,F,YU,YU,F
14:48:43,PTBA,RG,4110,2,D,YP,PD,D
14:48:40,PTBA,RG,4120,4,F,YU,YU,F
14:48:40,PTBA,RG,4120,2,F,YU,YU,F
14:48:39,PTBA,RG,4110,22,D,YP,SQ,D
14:48:39,PTBA,RG,4110,1,D,YP,SQ,D
14:48:39,PTBA,RG,4110,12,D,PC,SQ,D
14:48:36,PTBA,RG,4120,8,F,YU,YU,F
14:48:35,PTBA,RG,4120,47,F,KZ,YU,F
14:48:34,PTBA,RG,4120,1,F,YU,YU,F
14:48:34,PTBA,RG,4120,1,F,YU,YU,F
14:48:33,PTBA,RG,4120,4,D,XC,YU,F
14:48:33,PTBA,RG,4110,5,D,PC,XC,D
14:48:32,PTBA,RG,4120,1,D,XC,YU,F
14:48:29,PTBA,RG,4120,5,F,YU,YU,F
14:48:29,PTBA,RG,4120,2,D,PD,YU,F
14:48:28,PTBA,RG,4120,25,D,NI,YU,F
14:48:27,PTBA,RG,4120,1,F,YU,YU,F
14:48:26,PTBA,RG,4120,5,F,YU,YU,F
14:48:26,PTBA,RG,4120,6,F,YU,YU,F
14:48:25,PTBA,RG,4120,38,F,YU,YU,F
14:48:25,PTBA,RG,4120,75,F,YU,TP,D
14:48:24,PTBA,RG,4110,3,D,PC,BK,F
14:48:24,PTBA,RG,4110,1,D,XC,BK,F
14:48:24,PTBA,RG,4110,1,D,YP,BK,F
14:48:24,PTBA,RG,4110,1,D,YP,BK,F
14:48:24,PTBA,RG,4110,2,D,YP,BK,F
14:48:24,PTBA,RG,4110,1,D,PD,BK,F
14:48:24,PTBA,RG,4110,12,D,XC,BK,F
14:48:24,PTBA,RG,4110,50,D,CC,BK,F
14:48:24,PTBA,RG,4110,642,D,YP,BK,F
14:48:24,PTBA,RG,4120,1,F,YU,TP,D
14:48:23,PTBA,RG,4120,2,D,YP,TP,D
14:48:21,PTBA,RG,4120,7,F,YU,TP,D
14:48:20,PTBA,RG,4110,39,D,YP,XC,D
14:48:20,PTBA,RG,4120,2,D,YP,TP,D
14:48:19,PTBA,RG,4110,2,D,YP,XC,D
14:48:16,PTBA,RG,4120,1,F,YU,TP,D
14:48:15,PTBA,RG,4120,1,D,YP,TP,D
14:48:14,PTBA,RG,4120,1,D,YP,TP,D
14:48:12,PTBA,RG,4110,2,D,YP,LG,D
14:48:06,PTBA,RG,4120,2,F,YU,TP,D
14:48:05,PTBA,RG,4120,11,F,KZ,TP,D
14:47:57,PTBA,RG,4120,1,D,DH,TP,D
14:47:48,PTBA,RG,4120,1,F,YU,TP,D
14:47:47,PTBA,RG,4120,1,D,PD,TP,D
14:47:47,PTBA,RG,4120,3,D,NI,TP,D
14:47:47,PTBA,RG,4120,1,F,YU,TP,D
14:47:46,PTBA,RG,4120,5,D,EP,TP,D
14:47:45,PTBA,RG,4120,3,F,YU,TP,D
14:47:45,PTBA,RG,4120,1,F,YU,TP,D
14:47:44,PTBA,RG,4120,20,D,DR,TP,D
14:47:44,PTBA,RG,4120,39,F,YU,TP,D
14:47:44,PTBA,RG,4120,2,F,YU,TP,D
14:47:43,PTBA,RG,4110,56,D,YP,YU,F
14:47:43,PTBA,RG,4120,10,D,DR,TP,D
14:47:43,PTBA,RG,4120,5,D,XC,TP,D
14:47:43,PTBA,RG,4120,2,D,EL,TP,D
14:47:43,PTBA,RG,4120,50,D,NI,TP,D
14:47:43,PTBA,RG,4120,1,D,YP,TP,D
14:47:43,PTBA,RG,4120,12,F,KZ,TP,D
14:47:43,PTBA,RG,4120,72,D,EP,TP,D
14:47:43,PTBA,RG,4120,1,D,YP,TP,D
14:47:43,PTBA,RG,4120,16,D,AK,TP,D
14:47:43,PTBA,RG,4120,11,D,AK,TP,D
14:47:35,PTBA,RG,4130,1,F,YU,CC,D
14:47:35,PTBA,RG,4130,1,F,YU,CC,D
14:47:34,PTBA,RG,4120,3,D,AK,YP,D
14:47:34,PTBA,RG,4120,5,D,XC,YP,D
14:47:34,PTBA,RG,4120,2,D,KK,YP,D
14:47:29,PTBA,RG,4130,1,F,YU,CC,D
14:47:28,PTBA,RG,4120,3,D,KK,XL,D
14:47:28,PTBA,RG,4120,2,D,CC,XL,D
14:47:28,PTBA,RG,4130,1,F,YU,CC,D
14:47:28,PTBA,RG,4130,1,F,YU,CC,D
14:47:27,PTBA,RG,4120,6,D,CC,OD,D
14:47:27,PTBA,RG,4120,1,D,PD,OD,D
14:47:27,PTBA,RG,4120,3,D,PD,OD,D
14:47:27,PTBA,RG,4120,1,D,YP,OD,D
14:47:27,PTBA,RG,4120,1,D,XC,OD,D
14:47:21,PTBA,RG,4130,1,F,YU,CC,D
14:47:20,PTBA,RG,4120,5,D,XC,XC,D
14:47:16,PTBA,RG,4120,1,D,XC,EP,D
14:47:15,PTBA,RG,4120,6,F,YU,EP,D
14:47:14,PTBA,RG,4120,3,F,YU,EP,D
14:47:14,PTBA,RG,4120,21,D,YP,YU,F
14:47:14,PTBA,RG,4120,3,D,YP,YP,D
14:47:14,PTBA,RG,4120,10,D,YP,NI,D
14:47:14,PTBA,RG,4120,16,D,YP,CS,F
14:47:12,PTBA,RG,4120,1,D,PD,CS,F
14:47:10,PTBA,RG,4120,52,F,YU,CS,F
14:47:10,PTBA,RG,4120,3,D,BQ,CS,F
14:47:10,PTBA,RG,4120,294,F,KZ,CS,F
14:47:09,PTBA,RG,4120,1,D,NI,CS,F
14:47:08,PTBA,RG,4120,2,F,YU,CS,F
14:47:08,PTBA,RG,4120,10,D,PC,CS,F
14:47:07,PTBA,RG,4120,18,F,YU,CS,F
14:47:07,PTBA,RG,4120,100,D,YP,CS,F
14:47:06,PTBA,RG,4120,20,F,YU,CS,F
14:47:05,PTBA,RG,4120,2,F,YU,CS,F
14:47:05,PTBA,RG,4120,3,D,XL,CS,F
14:47:05,PTBA,RG,4120,1,D,PD,CS,F
14:47:05,PTBA,RG,4120,1,F,KZ,CS,F
14:47:05,PTBA,RG,4120,89,F,KZ,CS,F
14:47:05,PTBA,RG,4120,2,F,KZ,AK,F
14:47:05,PTBA,RG,4120,2,F,KZ,PD,D
14:47:05,PTBA,RG,4120,2,F,KZ,XL,D
14:47:05,PTBA,RG,4120,2,F,KZ,PD,D
14:47:05,PTBA,RG,4120,10,F,KZ,BQ,D
14:47:05,PTBA,RG,4120,14,F,KZ,KK,D
14:47:03,PTBA,RG,4120,1,F,YU,KK,D
14:47:03,PTBA,RG,4120,1,D,YP,KK,D
14:47:03,PTBA,RG,4120,1,F,YU,KK,D
14:47:02,PTBA,RG,4120,2,F,YU,KK,D
14:47:02,PTBA,RG,4120,6,D,PD,KK,D
14:47:02,PTBA,RG,4120,2,D,PD,YP,D
14:47:02,PTBA,RG,4120,12,D,PD,BQ,D
14:47:01,PTBA,RG,4120,7,F,YU,PD,D
14:47:00,PTBA,RG,4120,1,F,YU,PD,D
14:47:00,PTBA,RG,4120,1,D,YP,PD,D
14:47:00,PTBA,RG,4120,11,F,KZ,PD,D
14:47:00,PTBA,RG,4120,28,F,KZ,LG,D
14:47:00,PTBA,RG,4120,8,F,KZ,LG,D
14:46:59,PTBA,RG,4120,2,F,YU,LG,D
14:46:59,PTBA,RG,4120,10,D,PD,LG,D
14:46:58,PTBA,RG,4120,5,F,YU,LG,D
14:46:58,PTBA,RG,4120,1,D,XC,LG,D
14:46:58,PTBA,RG,4120,1,D,XC,LG,D
14:46:58,PTBA,RG,4120,25,F,YU,LG,D
14:46:58,PTBA,RG,4120,3,F,YU,CC,D
14:46:58,PTBA,RG,4120,50,F,YU,AZ,D
14:46:58,PTBA,RG,4120,1,F,YU,PD,D
14:46:58,PTBA,RG,4120,4,F,YU,XL,D
14:46:57,PTBA,RG,4120,1,F,YU,XL,D
14:46:57,PTBA,RG,4120,20,F,YU,CC,D
14:46:57,PTBA,RG,4120,6,F,YU,CC,D
14:46:57,PTBA,RG,4120,13,D,AK,CC,D
14:46:57,PTBA,RG,4120,2,D,AK,XC,D
14:46:57,PTBA,RG,4120,4,D,AK,AK,F
14:46:57,PTBA,RG,4120,9,D,AK,YP,D
14:46:57,PTBA,RG,4120,1,D,AK,XC,D
14:46:57,PTBA,RG,4120,10,D,AK,GR,D
14:46:57,PTBA,RG,4120,10,D,AK,PD,D
14:46:57,PTBA,RG,4120,15,F,AK,AI,D
14:46:57,PTBA,RG,4120,9,F,AK,YP,D
14:46:57,PTBA,RG,4120,14,F,AK,YP,D
14:46:57,PTBA,RG,4120,10,F,AK,YP,D
14:46:57,PTBA,RG,4120,15,F,AK,AI,D
14:46:57,PTBA,RG,4120,6,F,AK,YP,D
14:46:57,PTBA,RG,4120,1,F,AK,DR,D
14:46:57,PTBA,RG,4120,6,F,AK,YP,D
14:46:57,PTBA,RG,4120,10,F,AK,YP,D
14:46:57,PTBA,RG,4120,5,F,AK,CP,D
14:46:57,PTBA,RG,4120,5,F,AK,DH,D
14:46:57,PTBA,RG,4120,5,F,AK,XC,D
14:46:57,PTBA,RG,4120,10,F,AK,YP,D
14:46:57,PTBA,RG,4120,8,F,AK,BQ,D
14:46:57,PTBA,RG,4120,10,F,AK,NI,D
14:46:57,PTBA,RG,4120,1,F,AK,CC,D
14:46:57,PTBA,RG,4120,25,F,AK,YP,D
14:46:57,PTBA,RG,4120,10,F,AK,PD,D
14:46:57,PTBA,RG,4120,35,F,AK,YP,D
14:46:56,PTBA,RG,4120,165,D,YP,YP,D
14:46:56,PTBA,RG,4120,75,D,YP,CC,F
14:46:56,PTBA,RG,4120,8,D,YP,XL,D
14:46:56,PTBA,RG,4120,152,D,YP,BK,F
14:46:56,PTBA,RG,4120,15,F,YU,BK,F
14:46:55,PTBA,RG,4120,1,F,YU,BK,F
14:46:55,PTBA,RG,4120,11,F,KZ,BK,F
14:46:55,PTBA,RG,4120,10,F,KZ,BK,F
14:46:55,PTBA,RG,4120,48,F,KZ,BK,F
14:46:55,PTBA,RG,4120,18,F,KZ,BK,F
14:46:55,PTBA,RG,4120,112,F,YU,BK,F
14:46:54,PTBA,RG,4120,2,F,YU,BK,F
14:46:54,PTBA,RG,4120,258,D,OD,BK,F
14:46:54,PTBA,RG,4120,7,D,OD,XL,D
14:46:54,PTBA,RG,4120,1,D,OD,YP,D
14:46:54,PTBA,RG,4120,1,D,OD,BK,F
14:46:54,PTBA,RG,4120,7,D,OD,AK,F
14:46:54,PTBA,RG,4120,17,D,OD,XC,D
14:46:54,PTBA,RG,4120,347,D,OD,YU,F
14:46:54,PTBA,RG,4120,10,D,OD,CS,F
14:46:51,PTBA,RG,4120,1,F,YU,CS,F
14:46:51,PTBA,RG,4120,5,D,OD,CS,F
14:46:50,PTBA,RG,4120,2,D,PD,CS,F
14:46:47,PTBA,RG,4120,1,D,YP,CS,F
14:46:46,PTBA,RG,4120,1,D,YP,CS,F
14:46:41,PTBA,RG,4120,2,F,YU,CS,F
14:46:41,PTBA,RG,4110,10,D,YP,KK,D
14:46:40,PTBA,RG,4120,1,D,PD,CS,F
14:46:40,PTBA,RG,4120,1,D,PD,CS,F
14:46:39,PTBA,RG,4120,1,F,YU,CS,F
14:46:39,PTBA,RG,4110,2,D,YP,DR,D
14:46:35,PTBA,RG,4120,9,F,YU,CS,F
14:46:35,PTBA,RG,4110,52,D,YP,EP,D
14:46:31,PTBA,RG,4120,1,D,YP,CS,F
14:46:23,PTBA,RG,4120,2,F,YU,CS,F
14:46:23,PTBA,RG,4110,10,D,YP,AZ,D
14:46:22,PTBA,RG,4120,1,D,PD,CS,F
14:46:17,PTBA,RG,4120,9,F,YU,CS,F
14:46:17,PTBA,RG,4120,2,D,PD,CS,F
14:46:17,PTBA,RG,4120,48,F,AK,CS,F
14:46:15,PTBA,RG,4120,20,F,YU,CS,F
14:46:14,PTBA,RG,4120,2,F,YU,CS,F
14:46:14,PTBA,RG,4120,113,F,AK,CS,F
14:46:14,PTBA,RG,4110,14,D,YP,CC,D
14:46:09,PTBA,RG,4120,2,F,YU,CS,F
14:46:09,PTBA,RG,4110,10,D,YP,PD,D
14:46:08,PTBA,RG,4120,1,F,YU,CS,F
14:46:07,PTBA,RG,4120,5,D,NI,CS,F
14:46:00,PTBA,RG,4120,1,F,YU,CS,F
14:46:00,PTBA,RG,4120,5,D,PD,CS,F
14:45:49,PTBA,RG,4120,3,F,YU,CS,F
14:45:49,PTBA,RG,4110,20,D,YP,YU,F
14:45:44,PTBA,RG,4120,1,F,YU,CS,F
14:45:43,PTBA,RG,4120,3,D,PD,CS,F
14:45:39,PTBA,RG,4120,3,F,YU,CS,F
14:45:38,PTBA,RG,4120,4,F,YU,CS,F
14:45:38,PTBA,RG,4120,18,F,YU,CS,F
14:45:38,PTBA,RG,4110,42,D,YP,YU,F
14:45:38,PTBA,RG,4120,100,D,CC,CS,F
14:45:34,PTBA,RG,4120,2,D,EP,CS,F
14:45:30,PTBA,RG,4120,1,F,YU,CS,F
14:45:30,PTBA,RG,4110,5,D,YP,PD,D
14:45:26,PTBA,RG,4120,8,F,YU,CS,F
14:45:25,PTBA,RG,4110,43,D,YP,YU,F
14:45:25,PTBA,RG,4120,1,D,AI,CS,F
14:45:20,PTBA,RG,4120,8,F,YU,CS,F
14:45:19,PTBA,RG,4110,45,D,YP,YU,F
14:45:18,PTBA,RG,4120,2,D,YP,CS,F
14:45:17,PTBA,RG,4120,265,F,YU,CS,F
14:45:17,PTBA,RG,4120,2,F,YU,CS,F
14:45:17,PTBA,RG,4110,6,D,YP,OD,D
14:45:17,PTBA,RG,4110,2,D,PD,OD,D
14:45:17,PTBA,RG,4110,28,D,YP,OD,D
14:45:17,PTBA,RG,4110,3,D,GR,OD,D
14:45:17,PTBA,RG,4110,5,D,PD,OD,D
14:45:17,PTBA,RG,4110,32,D,XC,OD,D
14:45:17,PTBA,RG,4110,1,D,XL,OD,D
14:45:17,PTBA,RG,4110,100,D,NI,OD,D
14:45:17,PTBA,RG,4110,100,D,YP,OD,D
14:45:17,PTBA,RG,4110,10,D,YP,OD,D
14:45:17,PTBA,RG,4110,1,D,YP,OD,D
14:45:17,PTBA,RG,4110,40,D,YB,OD,D
14:45:17,PTBA,RG,4110,50,D,NI,OD,D
14:45:17,PTBA,RG,4110,50,D,YB,OD,D
14:45:17,PTBA,RG,4110,100,D,PD,OD,D
14:45:17,PTBA,RG,4110,10,D,PD,OD,D
14:45:17,PTBA,RG,4110,10,D,DH,OD,D
14:45:17,PTBA,RG,4110,50,D,YP,OD,D
14:45:17,PTBA,RG,4110,902,D,CP,OD,D
14:45:16,PTBA,RG,4110,12,D,CP,XC,D
14:45:12,PTBA,RG,4120,3,F,YU,CS,F
14:45:12,PTBA,RG,4110,20,D,CP,GR,D
14:45:10,PTBA,RG,4120,1,F,YU,AK,F
14:45:09,PTBA,RG,4120,7,F,YU,AK,F
14:45:09,PTBA,RG,4120,1,F,YU,AK,F
14:45:09,PTBA,RG,4110,41,D,CP,YU,F
14:45:09,PTBA,RG,4120,1,D,YP,AK,F
14:45:09,PTBA,RG,4120,4,D,YP,AK,F
14:45:04,PTBA,RG,4120,2,D,PD,AK,F
14:44:56,PTBA,RG,4120,7,F,YU,AK,F
14:44:56,PTBA,RG,4110,42,D,CP,YU,F
14:44:46,PTBA,RG,4120,8,F,YU,AK,F
14:44:45,PTBA,RG,4110,41,D,CP,YU,F
14:44:43,PTBA,RG,4120,1,D,PD,AK,F
14:44:40,PTBA,RG,4120,1,F,YU,AK,F
14:44:40,PTBA,RG,4120,5,D,CC,AK,F
14:44:38,PTBA,RG,4120,1,F,YU,AK,F
14:44:38,PTBA,RG,4110,6,D,CP,AK,F
14:44:37,PTBA,RG,4120,1,F,YU,AK,F
14:44:36,PTBA,RG,4120,18,F,YU,AK,F
14:44:36,PTBA,RG,4120,7,F,YU,AK,F
14:44:36,PTBA,RG,4120,1,D,PD,AK,F
14:44:36,PTBA,RG,4110,100,D,CP,OD,D
14:44:35,PTBA,RG,4120,7,F,YU,AK,F
14:44:35,PTBA,RG,4110,50,D,CP,ZP,D
14:44:35,PTBA,RG,4110,40,D,CP,YU,F
14:44:34,PTBA,RG,4120,1,F,YU,AK,F
14:44:34,PTBA,RG,4120,5,D,PD,AK,F
14:44:32,PTBA,RG,4120,8,F,YU,AK,F
14:44:32,PTBA,RG,4120,1,F,YU,AK,F
14:44:31,PTBA,RG,4110,46,D,CP,CC,D
14:44:31,PTBA,RG,4110,4,D,GR,CC,D
14:44:30,PTBA,RG,4120,1,D,PD,AK,F
14:44:29,PTBA,RG,4120,18,F,YU,AK,F
14:44:29,PTBA,RG,4110,100,D,GR,CC,D
14:44:27,PTBA,RG,4120,1,F,YU,AK,F
14:44:26,PTBA,RG,4120,4,F,YU,AK,F
14:44:25,PTBA,RG,4120,8,F,YU,AK,F
14:44:25,PTBA,RG,4110,30,D,GR,NI,D
14:44:24,PTBA,RG,4110,43,D,GR,YU,F
14:44:20,PTBA,RG,4120,9,F,YU,AK,F
14:44:20,PTBA,RG,4110,50,D,GR,YB,D
14:44:13,PTBA,RG,4120,7,F,YU,AK,F
14:44:13,PTBA,RG,4110,40,D,GR,YU,F
14:44:11,PTBA,RG,4120,2,D,PD,AK,F
14:44:09,PTBA,RG,4120,18,F,YU,AK,F
14:44:08,PTBA,RG,4110,100,D,GR,PD,D
14:44:07,PTBA,RG,4120,1,D,PD,AK,F
14:44:02,PTBA,RG,4120,2,F,YU,AK,F
14:44:01,PTBA,RG,4110,10,D,GR,YB,D
14:44:00,PTBA,RG,4120,7,F,YU,AK,F
14:44:00,PTBA,RG,4110,40,D,GR,YU,F
14:43:55,PTBA,RG,4120,1,F,YU,AK,F
14:43:55,PTBA,RG,4120,1,F,YU,AK,F
14:43:55,PTBA,RG,4110,10,D,GR,XC,D
14:43:54,PTBA,RG,4120,52,F,YU,AK,F
14:43:53,PTBA,RG,4120,1,F,YU,AK,F
14:43:53,PTBA,RG,4110,300,D,GR,CC,D
14:43:52,PTBA,RG,4120,9,F,YU,AK,F
14:43:52,PTBA,RG,4110,5,D,GR,XC,D
14:43:51,PTBA,RG,4110,50,D,GR,CC,D
14:43:45,PTBA,RG,4120,1,F,YU,AK,F
14:43:45,PTBA,RG,4110,4,D,GR,SQ,D
14:43:43,PTBA,RG,4120,7,F,YU,AK,F
14:43:42,PTBA,RG,4110,40,D,GR,YU,F
14:43:40,PTBA,RG,4120,1,D,PD,AK,F
14:43:40,PTBA,RG,4110,2,D,GR,YP,D
14:43:34,PTBA,RG,4120,1,F,YU,AK,F
14:43:33,PTBA,RG,4110,1,D,GR,CC,D
14:43:32,PTBA,RG,4110,1,D,GR,CC,D
14:43:31,PTBA,RG,4110,1,D,GR,CC,D
14:43:30,PTBA,RG,4120,7,F,YU,AK,F
14:43:30,PTBA,RG,4110,1,D,GR,CC,D
14:43:29,PTBA,RG,4110,40,D,GR,YU,F
14:43:24,PTBA,RG,4120,22,F,YU,AK,F
14:43:23,PTBA,RG,4110,122,D,GR,EP,D
14:43:19,PTBA,RG,4120,7,F,YU,AK,F
14:43:19,PTBA,RG,4120,1,D,PD,AK,F
14:43:18,PTBA,RG,4110,41,D,GR,YU,F
14:43:18,PTBA,RG,4120,1,D,PD,AK,F
14:43:17,PTBA,RG,4120,1,F,YU,AK,F
14:43:17,PTBA,RG,4120,5,D,NI,AK,F
14:43:14,PTBA,RG,4120,1,F,YU,AK,F
14:43:13,PTBA,RG,4120,2,D,PD,AK,F
14:43:13,PTBA,RG,4120,1,F,YU,AK,F
14:43:12,PTBA,RG,4120,2,D,CC,AK,F
14:43:12,PTBA,RG,4120,9,F,YU,AK,F
14:43:12,PTBA,RG,4120,1,D,YP,AK,F
14:43:12,PTBA,RG,4120,5,D,XC,AK,F
14:43:11,PTBA,RG,4110,50,D,GR,CC,D
14:43:10,PTBA,RG,4120,5,F,YU,AK,F
14:43:09,PTBA,RG,4110,30,D,GR,YP,D
14:43:09,PTBA,RG,4120,1,D,PD,AK,F
14:43:07,PTBA,RG,4120,8,F,YU,AK,F
14:43:06,PTBA,RG,4120,1,D,PD,AK,F
14:43:06,PTBA,RG,4110,42,D,GR,YU,F
14:43:00,PTBA,RG,4120,2,D,PD,AK,F
14:42:59,PTBA,RG,4120,1,D,YP,AK,F
14:42:56,PTBA,RG,4120,1,F,YU,AK,F
14:42:55,PTBA,RG,4120,8,F,YU,AK,F
14:42:55,PTBA,RG,4110,5,D,GR,YP,D
14:42:54,PTBA,RG,4110,42,D,GR,YU,F
14:42:51,PTBA,RG,4120,17,F,YU,AK,F
14:42:50,PTBA,RG,4120,100,D,PD,AK,F
14:42:49,PTBA,RG,4110,1,D,GR,XC,D
14:42:45,PTBA,RG,4120,1,F,YU,AK,F
14:42:44,PTBA,RG,4120,1,D,NI,AK,F
14:42:43,PTBA,RG,4120,7,F,YU,AK,F
14:42:43,PTBA,RG,4110,42,D,GR,YU,F
14:42:41,PTBA,RG,4120,1,F,YU,AK,F
14:42:40,PTBA,RG,4120,5,D,PD,AK,F
14:42:39,PTBA,RG,4120,88,F,YU,AK,F
14:42:39,PTBA,RG,4120,1,F,YU,AK,F
14:42:39,PTBA,RG,4120,381,D,LG,AK,F
14:42:39,PTBA,RG,4120,119,D,LG,CS,F
14:42:38,PTBA,RG,4110,5,D,GR,PD,D
14:42:38,PTBA,RG,4120,2,F,YU,CS,F
14:42:37,PTBA,RG,4110,9,D,GR,XC,D
14:42:35,PTBA,RG,4120,1,F,YU,CS,F
14:42:35,PTBA,RG,4110,5,D,GR,XL,D
14:42:34,PTBA,RG,4120,1,D,XC,CS,F
14:42:33,PTBA,RG,4120,9,F,YU,CS,F
14:42:33,PTBA,RG,4120,50,D,PD,CS,F
14:42:31,PTBA,RG,4120,7,F,YU,CS,F
14:42:30,PTBA,RG,4110,41,D,GR,YU,F
14:42:30,PTBA,RG,4120,3,F,YU,CS,F
14:42:29,PTBA,RG,4110,19,D,GR,XC,D
14:42:28,PTBA,RG,4110,1,D,GR,YP,D
14:42:26,PTBA,RG,4120,2,F,YU,CS,F
14:42:25,PTBA,RG,4110,10,D,GR,YP,D
14:42:20,PTBA,RG,4120,1,F,YU,CS,F
14:42:20,PTBA,RG,4110,7,D,GR,XL,D
14:42:17,PTBA,RG,4120,1,D,YP,CS,F
14:42:15,PTBA,RG,4120,53,F,YU,CS,F
14:42:14,PTBA,RG,4120,300,D,YP,CS,F
14:42:14,PTBA,RG,4120,1,F,YU,CS,F
14:42:14,PTBA,RG,4120,1,D,LS,CS,F
14:41:58,PTBA,RG,4120,9,F,YU,CS,F
14:41:58,PTBA,RG,4120,1,F,YU,CS,F
14:41:57,PTBA,RG,4110,50,D,GR,DH,D
14:41:57,PTBA,RG,4120,1,F,YU,CS,F
14:41:57,PTBA,RG,4120,10,D,YP,CS,F
14:41:56,PTBA,RG,4120,5,F,YU,CS,F
14:41:55,PTBA,RG,4120,1,D,XL,CS,F
14:41:55,PTBA,RG,4110,2,D,GR,XC,D
14:41:55,PTBA,RG,4120,90,F,YU,CS,F
14:41:55,PTBA,RG,4120,64,F,YU,CC,D
14:41:55,PTBA,RG,4120,31,F,YU,CC,D
14:41:55,PTBA,RG,4120,197,F,YU,CC,D
14:41:55,PTBA,RG,4120,31,F,YU,CC,D
14:41:54,PTBA,RG,4110,604,D,GR,SQ,D
14:41:54,PTBA,RG,4110,1,D,PD,SQ,D
14:41:54,PTBA,RG,4110,10,D,YP,SQ,D
14:41:54,PTBA,RG,4110,50,D,AZ,SQ,D
14:41:54,PTBA,RG,4110,3,D,PD,SQ,D
14:41:54,PTBA,RG,4110,250,D,CC,SQ,D
14:41:54,PTBA,RG,4110,10,D,XL,SQ,D
14:41:54,PTBA,RG,4110,1,D,YP,SQ,D
14:41:54,PTBA,RG,4110,1,D,YP,SQ,D
14:41:54,PTBA,RG,4110,1,D,YP,SQ,D
14:41:54,PTBA,RG,4110,6,D,YP,SQ,D
14:41:54,PTBA,RG,4110,30,D,PD,SQ,D
14:41:54,PTBA,RG,4110,1,D,YP,SQ,D
14:41:54,PTBA,RG,4110,1,D,CC,SQ,D
14:41:54,PTBA,RG,4110,5,D,PD,SQ,D
14:41:54,PTBA,RG,4110,1,D,XC,SQ,D
14:41:54,PTBA,RG,4110,5,D,AG,SQ,D
14:41:54,PTBA,RG,4110,1,D,PD,SQ,D
14:41:54,PTBA,RG,4110,10,D,DR,SQ,D
14:41:54,PTBA,RG,4110,20,D,YP,SQ,D
14:41:54,PTBA,RG,4110,9,D,TF,SQ,D
14:41:54,PTBA,RG,4110,1,D,PD,SQ,D
14:41:54,PTBA,RG,4110,2,D,PD,SQ,D
14:41:54,PTBA,RG,4110,2,D,PD,SQ,D
14:41:54,PTBA,RG,4110,1,D,AZ,SQ,D
14:41:54,PTBA,RG,4110,5,D,AZ,SQ,D
14:41:54,PTBA,RG,4110,38,D,SQ,SQ,D
14:41:54,PTBA,RG,4110,1,D,CC,SQ,D
14:41:54,PTBA,RG,4110,1,D,YB,SQ,D
14:41:54,PTBA,RG,4110,5,D,CC,SQ,D
14:41:54,PTBA,RG,4110,1,D,PD,SQ,D
14:41:54,PTBA,RG,4110,5,D,PD,SQ,D
14:41:54,PTBA,RG,4110,38,D,DR,SQ,D
14:41:54,PTBA,RG,4110,50,D,YP,SQ,D
14:41:54,PTBA,RG,4110,3,D,CC,SQ,D
14:41:54,PTBA,RG,4110,10,D,CC,SQ,D
14:41:54,PTBA,RG,4110,9,D,ZP,SQ,D
14:41:54,PTBA,RG,4110,20,D,PD,SQ,D
14:41:54,PTBA,RG,4110,1,D,XC,SQ,D
14:41:54,PTBA,RG,4110,10,D,DR,SQ,D
14:41:54,PTBA,RG,4110,7,D,PD,SQ,D
14:41:54,PTBA,RG,4110,10,D,CC,SQ,D
14:41:54,PTBA,RG,4110,1,D,YP,SQ,D
14:41:54,PTBA,RG,4110,4,D,SQ,SQ,D
14:41:54,PTBA,RG,4110,100,D,YP,SQ,D
14:41:54,PTBA,RG,4110,10,D,CC,SQ,D
14:41:54,PTBA,RG,4110,1,D,PD,SQ,D
14:41:54,PTBA,RG,4110,5,D,NI,SQ,D
14:41:54,PTBA,RG,4110,50,D,BQ,SQ,D
14:41:54,PTBA,RG,4110,2,D,CC,SQ,D
14:41:54,PTBA,RG,4110,1,D,DH,SQ,D
14:41:54,PTBA,RG,4110,1,D,AZ,SQ,D
14:41:54,PTBA,RG,4110,15,D,YP,SQ,D
14:41:54,PTBA,RG,4110,5,D,PD,SQ,D
14:41:54,PTBA,RG,4110,1,D,YP,SQ,D
14:41:54,PTBA,RG,4110,3,D,YP,SQ,D
14:41:54,PTBA,RG,4110,50,D,YP,SQ,D
14:41:54,PTBA,RG,4110,1,D,XC,SQ,D
14:41:54,PTBA,RG,4110,10,D,PD,SQ,D
14:41:54,PTBA,RG,4110,1,D,XL,SQ,D
14:41:54,PTBA,RG,4110,1,D,XC,SQ,D
14:41:54,PTBA,RG,4110,250,D,KK,SQ,D
14:41:54,PTBA,RG,4110,1,D,PD,SQ,D
14:41:54,PTBA,RG,4110,10,D,DR,SQ,D
14:41:54,PTBA,RG,4110,3,D,PD,SQ,D
14:41:54,PTBA,RG,4110,5,D,XL,SQ,D
14:41:54,PTBA,RG,4110,3,D,XL,SQ,D
14:41:54,PTBA,RG,4110,10,D,YP,SQ,D
14:41:54,PTBA,RG,4110,100,D,YP,SQ,D
14:41:54,PTBA,RG,4110,2,D,LG,SQ,D
14:41:54,PTBA,RG,4110,21,D,XL,SQ,D
14:41:54,PTBA,RG,4110,20,D,YP,SQ,D
14:41:54,PTBA,RG,4110,8,D,DR,SQ,D
14:41:54,PTBA,RG,4110,1,D,XC,SQ,D
14:41:54,PTBA,RG,4110,1,D,XC,SQ,D
14:41:54,PTBA,RG,4110,5,D,XL,SQ,D
14:41:54,PTBA,RG,4110,100,D,YP,SQ,D
14:41:54,PTBA,RG,4110,1,D,OD,SQ,D
14:41:54,PTBA,RG,4110,1,D,KK,SQ,D
14:41:54,PTBA,RG,4110,10,D,YP,SQ,D
14:41:54,PTBA,RG,4110,1,D,SQ,SQ,D
14:41:54,PTBA,RG,4110,1,D,YP,SQ,D
14:41:54,PTBA,RG,4110,2,D,PD,SQ,D
14:41:54,PTBA,RG,4110,5,D,AT,SQ,D
14:41:54,PTBA,RG,4110,1,D,PD,SQ,D
14:41:54,PTBA,RG,4110,3,D,PD,SQ,D
14:41:54,PTBA,RG,4110,50,D,PD,SQ,D
14:41:54,PTBA,RG,4110,2,D,KK,SQ,D
14:41:54,PTBA,RG,4110,10,D,PD,SQ,D
14:41:54,PTBA,RG,4110,2,D,NI,SQ,D
14:41:54,PTBA,RG,4110,2,D,NI,SQ,D
14:41:54,PTBA,RG,4110,5,D,NI,SQ,D
14:41:54,PTBA,RG,4110,8,D,DR,SQ,D
14:41:54,PTBA,RG,4110,5,D,PD,SQ,D
14:41:54,PTBA,RG,4110,10,D,EP,SQ,D
14:41:54,PTBA,RG,4110,1,D,YB,SQ,D
14:41:54,PTBA,RG,4110,30,D,YB,SQ,D
14:41:54,PTBA,RG,4110,176,D,DH,SQ,D
14:41:48,PTBA,RG,4120,1,F,YU,CC,D
14:41:47,PTBA,RG,4120,9,F,YU,CC,D
14:41:47,PTBA,RG,4120,3,D,XC,CC,D
14:41:46,PTBA,RG,4120,6,F,YU,CC,D
14:41:46,PTBA,RG,4110,54,D,DH,KK,D
14:41:46,PTBA,RG,4120,1,F,YU,CC,D
14:41:45,PTBA,RG,4110,3,D,DH,YP,D
14:41:45,PTBA,RG,4120,3,F,YU,CC,D
14:41:45,PTBA,RG,4110,30,D,DH,CC,D
14:41:45,PTBA,RG,4120,9,F,YU,CC,D
14:41:45,PTBA,RG,4110,28,D,DH,AT,D
14:41:44,PTBA,RG,4120,118,F,YU,YU,F
14:41:44,PTBA,RG,4110,9,D,DH,YU,F
14:41:44,PTBA,RG,4110,1,D,YB,YU,F
14:41:44,PTBA,RG,4110,20,D,KK,YU,F
14:41:44,PTBA,RG,4110,1,D,PD,YU,F
14:41:44,PTBA,RG,4110,2,D,PC,YU,F
14:41:44,PTBA,RG,4110,10,D,SH,YU,F
14:41:44,PTBA,RG,4120,2,F,YU,YU,F
14:41:44,PTBA,RG,4120,2,F,YU,CC,D
14:41:43,PTBA,RG,4120,18,D,XC,CC,D
14:41:43,PTBA,RG,4120,100,D,GR,CC,D
14:41:43,PTBA,RG,4120,20,D,PD,CC,D
14:41:43,PTBA,RG,4120,1,D,YP,CC,D
14:41:43,PTBA,RG,4120,15,F,KZ,CC,D
14:41:43,PTBA,RG,4120,5,D,YP,CC,D
14:41:43,PTBA,RG,4120,3,D,AZ,CC,D
14:41:43,PTBA,RG,4120,1,D,AI,CC,D
14:41:43,PTBA,RG,4120,5,D,EP,CC,D
14:41:43,PTBA,RG,4120,58,D,YP,CC,D
14:41:43,PTBA,RG,4120,1,D,XL,CC,D
14:41:43,PTBA,RG,4120,1,D,PD,CC,D
14:41:43,PTBA,RG,4120,1,D,XL,CC,D
14:41:43,PTBA,RG,4120,25,D,XA,CC,D
14:41:43,PTBA,RG,4120,60,D,AK,CC,D
14:41:43,PTBA,RG,4120,1,D,XC,CC,D
14:41:43,PTBA,RG,4120,2,D,YP,CC,D
14:41:43,PTBA,RG,4120,2,D,XC,CC,D
14:41:43,PTBA,RG,4120,10,D,XC,CC,D
14:41:43,PTBA,RG,4120,2,D,AZ,CC,D
14:41:43,PTBA,RG,4120,10,D,DX,CC,D
14:41:43,PTBA,RG,4120,100,D,CC,CC,D
14:41:43,PTBA,RG,4120,63,F,KZ,CC,D
14:41:43,PTBA,RG,4120,1,D,NI,CC,D
14:41:43,PTBA,RG,4120,1,D,KK,CC,D
14:41:43,PTBA,RG,4120,1,D,PD,CC,D
14:41:43,PTBA,RG,4120,10,D,XL,CC,D
14:41:43,PTBA,RG,4120,5,D,OD,CC,D
14:41:43,PTBA,RG,4120,5,F,CS,CC,D
14:41:43,PTBA,RG,4120,2,D,NI,CC,D
14:41:43,PTBA,RG,4120,2,D,OD,CC,D
14:41:43,PTBA,RG,4120,2,D,LG,CC,D
14:41:43,PTBA,RG,4120,3,D,PD,CC,D
14:41:43,PTBA,RG,4120,10,D,DX,CC,D
14:41:43,PTBA,RG,4120,10,D,NI,CC,D
14:41:43,PTBA,RG,4120,1,D,PD,CC,D
14:41:43,PTBA,RG,4120,21,F,CS,CC,D
14:41:43,PTBA,RG,4120,10,D,PD,CC,D
14:41:43,PTBA,RG,4120,10,D,AT,CC,D
14:41:43,PTBA,RG,4120,2,D,PD,CC,D
14:41:43,PTBA,RG,4120,2,D,XL,CC,D
14:41:43,PTBA,RG,4120,18,D,PD,CC,D
14:41:43,PTBA,RG,4120,1,D,XC,CC,D
14:41:43,PTBA,RG,4120,2,F,KZ,CC,D
14:41:43,PTBA,RG,4120,10,D,SQ,CC,D
14:41:43,PTBA,RG,4120,2,F,KZ,CC,D
14:41:43,PTBA,RG,4120,1,D,XA,CC,D
14:41:43,PTBA,RG,4120,32,D,AK,CC,D
14:41:43,PTBA,RG,4120,5,D,PD,CC,D
14:41:43,PTBA,RG,4120,25,F,AK,CC,D
14:41:38,PTBA,RG,4120,1,F,AK,YP,D
14:41:37,PTBA,RG,4130,1,F,YU,CC,D
14:41:36,PTBA,RG,4120,2,F,AK,YB,D
14:41:36,PTBA,RG,4130,6,F,YU,CC,D
14:41:36,PTBA,RG,4130,1,F,YU,CC,D
14:41:35,PTBA,RG,4120,31,F,AK,YU,F
14:41:35,PTBA,RG,4120,5,D,CC,YU,F
14:41:35,PTBA,RG,4120,4,D,XC,YU,F
14:41:35,PTBA,RG,4120,1,D,XC,YU,F
14:41:28,PTBA,RG,4130,2,F,YU,CC,D
14:41:27,PTBA,RG,4130,10,D,XL,CC,D
14:41:26,PTBA,RG,4130,1,F,YU,CC,D
14:41:25,PTBA,RG,4130,1,F,YU,CC,D
14:41:25,PTBA,RG,4130,5,F,YU,CC,D
14:41:24,PTBA,RG,4120,15,F,CS,YU,F
14:41:24,PTBA,RG,4120,26,D,AI,YU,F
14:41:14,PTBA,RG,4130,7,F,YU,CC,D
14:41:13,PTBA,RG,4120,40,D,AI,YU,F
14:41:13,PTBA,RG,4130,14,F,YU,CC,D
14:41:12,PTBA,RG,4120,80,D,AI,XA,D
14:41:12,PTBA,RG,4130,1,F,YU,CC,D
14:41:11,PTBA,RG,4120,5,D,AI,XC,D
14:41:11,PTBA,RG,4130,176,F,YU,CC,D
14:41:10,PTBA,RG,4120,1000,D,AI,AK,F
14:41:08,PTBA,RG,4130,1,F,YU,CC,D
14:41:07,PTBA,RG,4120,1,D,AI,XC,D
14:41:07,PTBA,RG,4130,3,F,YU,CC,D
14:41:06,PTBA,RG,4130,48,F,YU,CC,D
14:41:06,PTBA,RG,4130,1,F,YU,CC,D
14:41:06,PTBA,RG,4130,2,F,YU,XA,D
14:41:06,PTBA,RG,4130,10,F,YU,KK,D
14:41:06,PTBA,RG,4130,33,F,YU,BK,F
14:41:06,PTBA,RG,4130,17,F,YU,BK,F
14:41:06,PTBA,RG,4120,550,D,AI,AI,D
14:41:05,PTBA,RG,4130,100,D,YP,BK,F
14:41:04,PTBA,RG,4130,2,F,YU,BK,F
14:41:03,PTBA,RG,4130,350,F,YU,BK,F
14:41:03,PTBA,RG,4130,7,F,YU,BK,F
14:41:02,PTBA,RG,4120,298,D,AI,NI,D
14:41:02,PTBA,RG,4120,50,D,YP,NI,D
14:41:02,PTBA,RG,4120,1,D,PD,NI,D
14:41:02,PTBA,RG,4120,100,D,SQ,NI,D
14:41:02,PTBA,RG,4120,100,D,YP,NI,D
14:41:02,PTBA,RG,4120,1,D,YP,NI,D
14:41:02,PTBA,RG,4120,5,D,KK,NI,D
14:41:02,PTBA,RG,4120,20,D,YP,NI,D
14:41:02,PTBA,RG,4120,10,D,CC,NI,D
14:41:02,PTBA,RG,4120,3,D,CC,NI,D
14:41:02,PTBA,RG,4120,2,D,OD,NI,D
14:41:02,PTBA,RG,4120,10,D,NI,NI,D
14:41:02,PTBA,RG,4120,1,D,PD,NI,D
14:41:02,PTBA,RG,4120,20,F,KZ,NI,D
14:41:02,PTBA,RG,4120,2,D,KK,NI,D
14:41:02,PTBA,RG,4120,2,D,YP,NI,D
14:41:02,PTBA,RG,4120,30,D,YP,NI,D
14:41:02,PTBA,RG,4120,1,D,NI,NI,D
14:41:02,PTBA,RG,4120,58,D,XL,NI,D
14:41:02,PTBA,RG,4120,200,D,PD,NI,D
14:41:02,PTBA,RG,4120,1,D,XC,NI,D
14:41:02,PTBA,RG,4120,23,F,KZ,NI,D
14:41:02,PTBA,RG,4120,35,D,AK,NI,D
14:41:02,PTBA,RG,4120,1,D,PD,NI,D
14:41:02,PTBA,RG,4120,50,D,PD,NI,D
14:41:02,PTBA,RG,4120,20,D,YP,NI,D
14:41:02,PTBA,RG,4120,45,D,XL,NI,D
14:41:02,PTBA,RG,4120,100,D,PD,NI,D
14:41:02,PTBA,RG,4120,93,F,KZ,NI,D
14:41:02,PTBA,RG,4120,2,D,PD,NI,D
14:41:02,PTBA,RG,4120,4,D,CC,NI,D
14:41:02,PTBA,RG,4120,216,D,OD,NI,D
14:41:02,PTBA,RG,4120,10,D,KK,NI,D
14:41:02,PTBA,RG,4120,1,D,PD,NI,D
14:41:02,PTBA,RG,4120,2,D,YP,NI,D
14:41:02,PTBA,RG,4120,2,D,GR,NI,D
14:41:02,PTBA,RG,4120,1,D,PD,NI,D
14:41:02,PTBA,RG,4120,1,D,YP,NI,D
14:41:02,PTBA,RG,4120,50,D,IF,NI,D
14:41:02,PTBA,RG,4120,4,D,YP,NI,D
14:41:02,PTBA,RG,4120,5,D,BQ,NI,D
14:41:02,PTBA,RG,4120,10,D,YP,NI,D
14:41:02,PTBA,RG,4120,1,D,PD,NI,D
14:41:02,PTBA,RG,4120,5,D,GR,NI,D
14:41:02,PTBA,RG,4120,10,D,DH,NI,D
14:41:02,PTBA,RG,4120,15,D,KK,NI,D
14:41:02,PTBA,RG,4120,50,D,YB,NI,D
14:41:02,PTBA,RG,4120,10,D,YP,NI,D
14:41:02,PTBA,RG,4120,2,D,KK,NI,D
14:41:02,PTBA,RG,4120,10,D,AI,NI,D
14:41:02,PTBA,RG,4120,1,D,CC,NI,D
14:41:02,PTBA,RG,4120,50,D,YP,NI,D
14:41:02,PTBA,RG,4120,16,D,KK,NI,D
14:41:02,PTBA,RG,4120,1,D,YP,NI,D
14:41:02,PTBA,RG,4120,10,D,PC,NI,D
14:41:02,PTBA,RG,4120,22,D,YP,NI,D
14:41:02,PTBA,RG,4120,20,D,SQ,NI,D
14:41:02,PTBA,RG,4120,10,D,PD,NI,D
14:41:02,PTBA,RG,4120,10,D,PD,NI,D
14:41:02,PTBA,RG,4120,10,D,YP,NI,D
14:41:02,PTBA,RG,4120,3,D,XC,NI,D
14:41:02,PTBA,RG,4120,5,D,XC,NI,D
14:41:02,PTBA,RG,4120,10,D,CC,NI,D
14:41:02,PTBA,RG,4120,25,D,YU,NI,D
14:41:02,PTBA,RG,4120,100,D,KK,NI,D
14:41:02,PTBA,RG,4120,2,D,YP,NI,D
14:41:02,PTBA,RG,4120,2,D,YP,NI,D
14:41:02,PTBA,RG,4120,42,D,YP,YU,F
14:41:01,PTBA,RG,4130,6,F,YU,BK,F
14:41:00,PTBA,RG,4120,33,D,YP,CC,D
14:40:57,PTBA,RG,4120,2,D,YP,XC,D
14:40:51,PTBA,RG,4130,7,F,YU,BK,F
14:40:50,PTBA,RG,4120,41,D,YP,YU,F
14:40:49,PTBA,RG,4130,1,F,YU,BK,F
14:40:48,PTBA,RG,4130,2,D,PD,BK,F
14:40:47,PTBA,RG,4130,1,F,YU,BK,F
14:40:46,PTBA,RG,4120,5,D,YP,PD,D
14:40:44,PTBA,RG,4130,2,F,YU,BK,F
14:40:43,PTBA,RG,4130,3,D,PD,BK,F
14:40:43,PTBA,RG,4120,10,D,YP,XC,D
14:40:39,PTBA,RG,4130,7,F,YU,BK,F
14:40:38,PTBA,RG,4120,42,D,YP,YU,F
14:40:35,PTBA,RG,4130,1,F,YU,BK,F
14:40:35,PTBA,RG,4130,1,F,YU,BK,F
14:40:34,PTBA,RG,4130,5,D,NI,BK,F
14:40:34,PTBA,RG,4130,2,F,YU,BK,F
14:40:33,PTBA,RG,4130,3,F,YU,BK,F
14:40:33,PTBA,RG,4120,15,D,YP,DH,D
14:40:32,PTBA,RG,4130,17,D,CC,BK,F
14:40:32,PTBA,RG,4130,1,F,YU,BK,F
14:40:29,PTBA,RG,4130,2,F,YU,BK,F
14:40:29,PTBA,RG,4130,4,F,YU,XC,D
14:40:28,PTBA,RG,4120,8,D,YP,YU,F
14:40:28,PTBA,RG,4120,33,D,YP,YU,F
14:40:26,PTBA,RG,4130,1,F,YU,XC,D
14:40:26,PTBA,RG,4130,5,F,YU,AK,F
14:40:26,PTBA,RG,4130,7,F,YU,AK,F
14:40:26,PTBA,RG,4130,1,F,YU,BK,F
14:40:26,PTBA,RG,4130,2,F,YU,XC,D
14:40:26,PTBA,RG,4130,2,F,YU,CC,F
14:40:25,PTBA,RG,4120,64,D,YP,YP,D
14:40:25,PTBA,RG,4120,13,F,KZ,YP,D
14:40:25,PTBA,RG,4120,1,D,NI,YP,D
14:40:25,PTBA,RG,4120,10,D,CC,YP,D
14:40:25,PTBA,RG,4120,12,D,AI,YP,D
14:40:24,PTBA,RG,4120,1,D,AI,XC,D
14:40:17,PTBA,RG,4130,9,F,YU,CC,F
14:40:16,PTBA,RG,4120,50,D,AI,PD,D
14:40:16,PTBA,RG,4130,6,F,YU,CC,F
14:40:16,PTBA,RG,4130,1,F,YU,CC,F
14:40:15,PTBA,RG,4120,37,D,AI,YU,F
14:40:15,PTBA,RG,4120,4,D,YP,YU,F
14:40:07,PTBA,RG,4130,174,F,YU,CC,F
14:40:07,PTBA,RG,4130,2,F,YU,CC,F
14:40:07,PTBA,RG,4120,1,D,YP,NI,D
14:40:07,PTBA,RG,4120,3,D,YP,NI,D
14:40:07,PTBA,RG,4120,1,D,XC,NI,D
14:40:07,PTBA,RG,4120,10,D,YP,NI,D
14:40:07,PTBA,RG,4120,5,D,PD,NI,D
14:40:07,PTBA,RG,4120,1,D,XC,NI,D
14:40:07,PTBA,RG,4120,97,F,KZ,NI,D
14:40:07,PTBA,RG,4120,51,D,DR,NI,D
14:40:07,PTBA,RG,4120,233,D,YP,NI,D
14:40:07,PTBA,RG,4120,5,D,EP,NI,D
14:40:07,PTBA,RG,4120,100,D,OD,NI,D
14:40:07,PTBA,RG,4120,8,D,SQ,NI,D
14:40:07,PTBA,RG,4120,11,D,SQ,NI,D
14:40:07,PTBA,RG,4120,1,D,XC,NI,D
14:40:07,PTBA,RG,4120,1,D,CC,NI,D
14:40:07,PTBA,RG,4120,10,D,PD,NI,D
14:40:07,PTBA,RG,4120,10,D,DH,NI,D
14:40:07,PTBA,RG,4120,250,D,CC,NI,D
14:40:07,PTBA,RG,4120,46,D,DR,NI,D
14:40:07,PTBA,RG,4120,50,D,AZ,NI,D
14:40:07,PTBA,RG,4120,25,D,XL,NI,D
14:40:07,PTBA,RG,4120,1,D,XL,NI,D
14:40:07,PTBA,RG,4120,4,D,YP,NI,D
14:40:07,PTBA,RG,4120,1,D,XC,NI,D
14:40:07,PTBA,RG,4120,30,D,PD,NI,D
14:40:07,PTBA,RG,4120,15,D,DX,NI,D
14:40:07,PTBA,RG,4120,2,D,NI,NI,D
14:40:07,PTBA,RG,4120,1,D,XC,NI,D
14:40:07,PTBA,RG,4120,1,D,YP,NI,D
14:40:07,PTBA,RG,4120,5,D,XA,NI,D
14:40:07,PTBA,RG,4120,10,D,PD,NI,D
14:40:07,PTBA,RG,4120,10,D,PD,NI,D
14:40:07,PTBA,RG,4120,1,D,PD,NI,D
14:40:05,PTBA,RG,4130,1,F,YU,CC,F
14:40:04,PTBA,RG,4130,3,D,XC,CC,F
14:40:04,PTBA,RG,4130,6,F,YU,CC,F
14:40:04,PTBA,RG,4130,1,F,YU,CC,F
14:40:03,PTBA,RG,4120,2,D,NI,YU,F
14:40:03,PTBA,RG,4120,1,D,YP,YU,F
14:40:03,PTBA,RG,4120,2,D,KK,YU,F
14:40:03,PTBA,RG,4120,2,D,KK,YU,F
14:40:03,PTBA,RG,4120,1,D,YP,YU,F
14:40:03,PTBA,RG,4120,10,D,PD,YU,F
14:40:03,PTBA,RG,4120,10,D,MG,YU,F
14:40:03,PTBA,RG,4120,1,D,CC,YU,F
14:40:03,PTBA,RG,4120,3,D,KK,YU,F
14:40:03,PTBA,RG,4120,1,D,AZ,YU,F
14:40:03,PTBA,RG,4120,8,D,YP,YU,F
14:40:02,PTBA,RG,4130,1,F,YU,CC,F
14:40:01,PTBA,RG,4130,2,D,PD,CC,F
14:39:53,PTBA,RG,4130,3,D,PD,CC,F
14:39:52,PTBA,RG,4120,1,D,YP,XC,D
14:39:52,PTBA,RG,4130,6,F,YU,CC,F
14:39:52,PTBA,RG,4130,1,F,YU,CC,F
14:39:51,PTBA,RG,4120,16,D,YP,YU,F
14:39:51,PTBA,RG,4120,1,D,CC,YU,F
14:39:51,PTBA,RG,4120,1,D,YP,YU,F
14:39:51,PTBA,RG,4120,5,D,OD,YU,F
14:39:51,PTBA,RG,4120,5,D,CC,YU,F
14:39:51,PTBA,RG,4120,1,D,CC,YU,F
14:39:51,PTBA,RG,4120,4,D,SQ,YU,F
14:39:51,PTBA,RG,4120,1,D,PD,YU,F
14:39:51,PTBA,RG,4120,1,D,SQ,YU,F
14:39:51,PTBA,RG,4120,6,D,PD,YU,F
14:39:50,PTBA,RG,4130,3,F,YU,CC,F
14:39:49,PTBA,RG,4120,14,D,PD,XC,D
14:39:48,PTBA,RG,4130,1,D,PD,CC,F
14:39:45,PTBA,RG,4130,2,F,YU,CC,F
14:39:44,PTBA,RG,4120,10,D,PD,XC,D
14:39:41,PTBA,RG,4130,11,F,YU,CC,F
14:39:41,PTBA,RG,4130,1,F,YU,CC,F
14:39:40,PTBA,RG,4120,40,D,PD,YU,F
14:39:40,PTBA,RG,4120,10,D,CC,PD,D
14:39:40,PTBA,RG,4120,10,D,PD,PD,D
14:39:40,PTBA,RG,4130,3,F,KZ,CC,F
14:39:40,PTBA,RG,4130,6,F,KZ,CC,F
14:39:39,PTBA,RG,4130,4,F,YU,CC,F
14:39:38,PTBA,RG,4120,20,D,PD,NI,D
14:39:36,PTBA,RG,4130,2,D,PD,CC,F
14:39:36,PTBA,RG,4130,25,F,YU,CC,F
14:39:35,PTBA,RG,4130,1,F,YU,CC,F
14:39:35,PTBA,RG,4130,142,F,KZ,CC,F
14:39:34,PTBA,RG,4130,5,D,KK,CC,F
14:39:34,PTBA,RG,4130,88,F,YU,CC,F
14:39:34,PTBA,RG,4130,1,F,YU,CC,F
14:39:33,PTBA,RG,4130,357,D,ZP,CC,F
14:39:33,PTBA,RG,4130,143,D,ZP,CS,F
14:39:33,PTBA,RG,4130,11,F,YU,CS,F
14:39:33,PTBA,RG,4130,7,F,YU,CS,F
14:39:32,PTBA,RG,4130,67,D,XL,CS,F
14:39:32,PTBA,RG,4120,41,D,DR,YU,F
14:39:31,PTBA,RG,4130,2,F,YU,CS,F
14:39:30,PTBA,RG,4120,9,D,DR,XC,D
14:39:27,PTBA,RG,4130,3,F,YU,CS,F
14:39:27,PTBA,RG,4130,1,F,YU,CS,F
14:39:26,PTBA,RG,4120,2,D,PD,YP,D
14:39:26,PTBA,RG,4120,5,D,XL,YP,D
14:39:26,PTBA,RG,4120,1,D,PD,YP,D
14:39:26,PTBA,RG,4120,5,D,PD,YP,D
14:39:26,PTBA,RG,4120,5,D,PD,YP,D
14:39:26,PTBA,RG,4120,7,D,AZ,YP,D
14:39:25,PTBA,RG,4130,1,F,YU,CS,F
14:39:24,PTBA,RG,4120,2,D,AZ,PD,D
14:39:21,PTBA,RG,4130,1,F,YU,CS,F
14:39:20,PTBA,RG,4130,6,F,YU,CS,F
14:39:19,PTBA,RG,4120,1,D,AZ,YU,F
14:39:19,PTBA,RG,4120,1,D,PD,YU,F
14:39:19,PTBA,RG,4120,4,D,XC,YU,F
14:39:19,PTBA,RG,4120,35,D,YP,YU,F
14:39:19,PTBA,RG,4130,2,F,YU,CS,F
14:39:18,PTBA,RG,4130,2,F,YU,CS,F
14:39:18,PTBA,RG,4130,13,F,YU,CS,F
14:39:17,PTBA,RG,4120,15,D,YP,CC,D
14:39:17,PTBA,RG,4120,8,D,KK,CC,D
14:39:17,PTBA,RG,4120,1,D,XL,CC,D
14:39:17,PTBA,RG,4120,76,D,DH,CC,D
14:39:15,PTBA,RG,4130,1,F,YU,CS,F
14:39:14,PTBA,RG,4130,3,F,YU,CS,F
14:39:13,PTBA,RG,4130,1,F,YU,CS,F
14:39:13,PTBA,RG,4130,22,F,YU,CS,F
14:39:12,PTBA,RG,4120,24,D,DH,CC,D
14:39:12,PTBA,RG,4120,1,D,XL,CC,D
14:39:12,PTBA,RG,4120,125,D,KK,CC,D
14:39:10,PTBA,RG,4130,18,F,YU,CS,F
14:39:09,PTBA,RG,4120,100,D,KK,CC,D
14:39:06,PTBA,RG,4130,7,F,YU,CS,F
14:39:05,PTBA,RG,4120,40,D,KK,YU,F
14:38:53,PTBA,RG,4130,7,F,YU,CS,F
14:38:52,PTBA,RG,4120,42,D,KK,YU,F
14:38:41,PTBA,RG,4130,1,D,XC,CS,F
14:38:40,PTBA,RG,4130,8,F,YU,CS,F
14:38:39,PTBA,RG,4120,42,D,KK,YU,F
14:38:38,PTBA,RG,4130,1,D,KK,CS,F
14:38:37,PTBA,RG,4120,3,D,KK,PD,D
14:38:31,PTBA,RG,4130,13,F,YU,CS,F
14:38:31,PTBA,RG,4130,1,F,YU,CS,F
14:38:30,PTBA,RG,4120,38,D,KK,YP,D
14:38:30,PTBA,RG,4120,1,D,PD,YP,D
14:38:30,PTBA,RG,4120,1,D,CC,YP,D
14:38:30,PTBA,RG,4120,1,D,PD,YP,D
14:38:30,PTBA,RG,4120,2,D,XL,YP,D
14:38:30,PTBA,RG,4120,10,D,YP,YP,D
14:38:30,PTBA,RG,4120,17,D,YP,YP,D
14:38:30,PTBA,RG,4120,10,D,LG,YP,D
14:38:26,PTBA,RG,4130,8,F,YU,CS,F
14:38:25,PTBA,RG,4120,42,D,LG,YU,F
14:38:24,PTBA,RG,4130,4,F,YU,CS,F
14:38:23,PTBA,RG,4120,22,D,LG,AK,F
14:38:23,PTBA,RG,4130,1,F,YU,CS,F
14:38:22,PTBA,RG,4120,8,D,LG,XC,D
14:38:19,PTBA,RG,4130,1,F,YU,CS,F
14:38:18,PTBA,RG,4120,5,D,LG,CC,D
14:38:16,PTBA,RG,4120,1,D,LG,NI,D
14:38:15,PTBA,RG,4130,1,D,XC,CS,F
14:38:12,PTBA,RG,4130,1,F,YU,CS,F
14:38:11,PTBA,RG,4130,3,D,XC,CS,F
14:38:08,PTBA,RG,4130,1,F,YU,CS,F
14:38:07,PTBA,RG,4130,3,D,NI,CS,F
14:38:07,PTBA,RG,4130,5,F,YU,CS,F
14:38:06,PTBA,RG,4130,1,D,KK,CS,F
14:38:06,PTBA,RG,4130,33,D,XC,CS,F
14:38:01,PTBA,RG,4130,20,F,YU,CS,F
14:38:00,PTBA,RG,4120,113,D,LG,CC,D
14:37:39,PTBA,RG,4130,2,F,YU,CS,F
14:37:39,PTBA,RG,4120,8,D,LG,PD,D
14:37:34,PTBA,RG,4130,2,F,YU,CS,F
14:37:34,PTBA,RG,4120,10,D,LG,XC,D
14:37:31,PTBA,RG,4130,2,F,YU,CS,F
14:37:31,PTBA,RG,4120,5,D,LG,PD,D
14:37:31,PTBA,RG,4120,10,D,LG,YP,D
14:37:29,PTBA,RG,4130,1,D,PD,CS,F
14:37:24,PTBA,RG,4130,2,F,YU,CS,F
14:37:24,PTBA,RG,4130,10,D,CC,CS,F
14:37:24,PTBA,RG,4130,1,D,XC,CS,F
14:37:10,PTBA,RG,4130,1,D,PD,CS,F
14:37:05,PTBA,RG,4130,1,F,YU,CS,F
14:37:05,PTBA,RG,4130,1,D,XL,CS,F
14:37:03,PTBA,RG,4130,2,F,YU,CS,F
14:37:03,PTBA,RG,4130,11,D,KK,CS,F
14:36:49,PTBA,RG,4130,1,D,XL,CS,F
14:36:49,PTBA,RG,4130,2,F,YU,CS,F
14:36:48,PTBA,RG,4120,10,D,LG,XC,D
14:36:48,PTBA,RG,4130,3,D,CC,CS,F
14:36:47,PTBA,RG,4130,2,F,YU,CS,F
14:36:46,PTBA,RG,4130,10,D,YP,CS,F
14:36:43,PTBA,RG,4130,3,D,PD,CS,F
14:36:22,PTBA,RG,4130,1,F,YU,CS,F
14:36:22,PTBA,RG,4130,5,D,YB,CS,F
14:36:19,PTBA,RG,4130,1,D,XC,CS,F
14:36:16,PTBA,RG,4130,1,F,YU,CS,F
14:36:16,PTBA,RG,4130,1,D,XC,CS,F
14:36:15,PTBA,RG,4130,1,F,YU,CS,F
14:36:15,PTBA,RG,4130,10,D,YP,CS,F
14:36:09,PTBA,RG,4130,1,F,YU,CS,F
14:36:08,PTBA,RG,4130,2,D,DH,CS,F
14:36:06,PTBA,RG,4130,8,F,YU,CS,F
14:36:06,PTBA,RG,4120,45,D,LG,YP,D
14:35:57,PTBA,RG,4130,8,F,YU,CS,F
14:35:57,PTBA,RG,4130,4,F,AK,CS,F
14:35:57,PTBA,RG,4130,41,F,AK,CS,F
14:35:56,PTBA,RG,4130,1,D,CC,CS,F
14:35:52,PTBA,RG,4130,2,F,YU,CS,F
14:35:52,PTBA,RG,4120,10,D,LG,LG,D
14:35:51,PTBA,RG,4130,11,F,YU,CS,F
14:35:51,PTBA,RG,4130,5,D,CC,CS,F
14:35:51,PTBA,RG,4130,62,D,LS,CS,F
14:35:41,PTBA,RG,4130,1,F,YU,CS,F
14:35:40,PTBA,RG,4130,1,D,PD,CS,F
14:35:38,PTBA,RG,4130,2,D,PD,CS,F
14:35:28,PTBA,RG,4130,1,D,PD,CS,F
14:35:18,PTBA,RG,4130,4,F,YU,CS,F
14:35:18,PTBA,RG,4130,1,F,YU,CS,F
14:35:18,PTBA,RG,4120,25,D,LG,XC,D
14:35:17,PTBA,RG,4130,1,F,YU,CS,F
14:35:17,PTBA,RG,4120,4,D,LG,XC,D
14:35:16,PTBA,RG,4130,2,D,YP,CS,F
14:35:12,PTBA,RG,4130,1,D,CC,CS,F
14:35:05,PTBA,RG,4130,2,F,YU,CS,F
14:35:04,PTBA,RG,4120,14,D,LG,PD,D
14:35:04,PTBA,RG,4120,1,D,LG,PD,D
14:34:56,PTBA,RG,4130,2,F,YU,CS,F
14:34:56,PTBA,RG,4120,8,D,LG,KK,D
14:34:55,PTBA,RG,4130,1,F,YU,CS,F
14:34:55,PTBA,RG,4120,6,D,LG,YP,D
14:34:51,PTBA,RG,4120,1,D,LG,PD,D
14:34:50,PTBA,RG,4130,1,D,PD,CS,F
14:34:47,PTBA,RG,4130,1,D,NI,CS,F
14:34:46,PTBA,RG,4130,1,F,YU,CS,F
14:34:45,PTBA,RG,4130,1,D,PD,CS,F
14:34:41,PTBA,RG,4130,35,F,YU,CS,F
14:34:41,PTBA,RG,4130,22,F,YU,CC,D
14:34:41,PTBA,RG,4130,1,F,YU,CC,D
14:34:40,PTBA,RG,4120,242,D,LG,XL,D
14:34:40,PTBA,RG,4120,2,D,LG,XL,D
14:34:40,PTBA,RG,4120,83,D,YP,XL,D
14:34:40,PTBA,RG,4130,26,F,YU,CC,D
14:34:40,PTBA,RG,4130,1,F,YU,CC,D
14:34:40,PTBA,RG,4120,3,D,YP,MK,D
14:34:40,PTBA,RG,4120,3,D,YP,PD,D
14:34:40,PTBA,RG,4120,7,D,YP,IF,D
14:34:40,PTBA,RG,4120,4,D,YP,MG,D
14:34:40,PTBA,RG,4120,6,D,YP,MG,D
14:34:40,PTBA,RG,4120,1,D,XC,MG,D
14:34:40,PTBA,RG,4120,10,D,YP,MG,D
14:34:40,PTBA,RG,4120,1,D,PD,MG,D
14:34:40,PTBA,RG,4120,50,D,PD,MG,D
14:34:40,PTBA,RG,4120,50,D,PD,MG,D
14:34:40,PTBA,RG,4120,8,D,DR,MG,D
14:34:40,PTBA,RG,4120,2,D,EP,MG,D
14:34:40,PTBA,RG,4120,1,D,YB,MG,D
14:34:40,PTBA,RG,4120,1,D,DH,MG,D
14:34:40,PTBA,RG,4120,7,D,YB,MG,D
14:34:40,PTBA,RG,4120,1,D,PD,XC,D
14:34:27,PTBA,RG,4130,1,D,PD,CC,D
14:34:23,PTBA,RG,4130,2,D,PD,CC,D
14:34:16,PTBA,RG,4130,1,D,YP,CC,D
14:34:07,PTBA,RG,4130,1,F,YU,CC,D
14:34:07,PTBA,RG,4130,2,D,PD,CC,D
14:34:02,PTBA,RG,4130,1,F,YU,CC,D
14:34:02,PTBA,RG,4130,3,D,PD,CC,D
14:34:01,PTBA,RG,4130,3,D,XL,CC,D
14:33:58,PTBA,RG,4130,1,D,XC,CC,D
14:33:57,PTBA,RG,4130,18,F,YU,YU,F
14:33:57,PTBA,RG,4130,3,D,PD,YU,F
14:33:57,PTBA,RG,4130,100,D,PD,YU,F
14:33:53,PTBA,RG,4130,2,F,YU,YU,F
14:33:53,PTBA,RG,4130,10,D,CC,YU,F
14:33:38,PTBA,RG,4130,10,F,YU,YU,F
14:33:38,PTBA,RG,4130,56,D,YP,YU,F
14:33:37,PTBA,RG,4130,1,D,XC,YU,F
14:33:32,PTBA,RG,4130,1,F,YU,YU,F
14:33:32,PTBA,RG,4130,8,D,YP,YU,F
14:33:31,PTBA,RG,4130,77,F,YU,YU,F
14:33:31,PTBA,RG,4130,36,F,YU,PD,D
14:33:31,PTBA,RG,4130,1,F,YU,PD,D
14:33:30,PTBA,RG,4130,2,F,KZ,PD,D
14:33:30,PTBA,RG,4130,1,D,PD,PD,D
14:33:30,PTBA,RG,4130,5,D,NI,PD,D
14:33:30,PTBA,RG,4130,1,D,YP,PD,D
14:33:30,PTBA,RG,4130,3,F,KZ,PD,D
14:33:30,PTBA,RG,4130,10,D,CC,PD,D
14:33:30,PTBA,RG,4130,15,D,YU,PD,D
14:33:30,PTBA,RG,4130,20,F,CS,PD,D
14:33:30,PTBA,RG,4130,52,F,KZ,PD,D
14:33:30,PTBA,RG,4130,5,D,EP,PD,D
14:33:30,PTBA,RG,4130,12,D,YP,PD,D
14:33:30,PTBA,RG,4130,30,D,XL,PD,D
14:33:30,PTBA,RG,4130,20,D,SQ,PD,D
14:33:30,PTBA,RG,4130,50,D,NI,PD,D
14:33:30,PTBA,RG,4130,1,D,SQ,PD,D
14:33:30,PTBA,RG,4130,144,D,AK,PD,D
14:33:30,PTBA,RG,4130,102,F,AK,PD,D
14:33:30,PTBA,RG,4130,2,D,XL,PD,D
14:33:30,PTBA,RG,4130,5,D,KK,PD,D
14:33:30,PTBA,RG,4130,2,D,PD,PD,D
14:33:30,PTBA,RG,4130,2,D,PD,PD,D
14:33:30,PTBA,RG,4130,2,D,XC,PD,D
14:33:30,PTBA,RG,4130,10,D,SQ,PD,D
14:33:30,PTBA,RG,4130,10,D,YP,PD,D
14:33:30,PTBA,RG,4130,99,D,SQ,PD,D
14:33:30,PTBA,RG,4130,10,D,XL,PD,D
14:33:30,PTBA,RG,4130,8,F,KZ,PD,D
14:33:30,PTBA,RG,4130,10,D,CC,PD,D
14:33:30,PTBA,RG,4130,5,D,YP,PD,D
14:33:30,PTBA,RG,4130,2,D,XC,PD,D
14:33:30,PTBA,RG,4130,3,D,XC,PD,D
14:33:23,PTBA,RG,4140,2,F,YU,CC,D
14:33:23,PTBA,RG,4130,2,D,XC,EP,D
14:33:23,PTBA,RG,4130,1,D,XC,EP,D
14:33:23,PTBA,RG,4130,7,F,KZ,EP,D
14:33:16,PTBA,RG,4140,2,F,YU,CC,D
14:33:16,PTBA,RG,4140,5,F,YU,CC,D
14:33:15,PTBA,RG,4130,12,F,KZ,YU,F
14:33:15,PTBA,RG,4130,28,D,CC,YU,F
14:33:07,PTBA,RG,4140,6,F,YU,CC,D
14:33:06,PTBA,RG,4130,35,D,CC,PD,D
14:33:03,PTBA,RG,4140,1,F,YU,CC,D
14:33:02,PTBA,RG,4140,18,F,YU,CC,D
14:33:02,PTBA,RG,4140,7,F,YU,CC,D
14:33:02,PTBA,RG,4130,37,D,CC,NI,D
14:33:02,PTBA,RG,4130,10,D,YU,NI,D
14:33:02,PTBA,RG,4130,30,D,OD,NI,D
14:33:02,PTBA,RG,4130,1,D,XC,NI,D
14:33:02,PTBA,RG,4130,10,D,PD,NI,D
14:33:02,PTBA,RG,4130,2,F,KZ,NI,D
14:33:02,PTBA,RG,4130,5,D,XC,NI,D
14:33:02,PTBA,RG,4130,5,D,XC,NI,D
14:33:02,PTBA,RG,4130,1,D,XC,NI,D
14:33:02,PTBA,RG,4130,1,F,KZ,NI,D
14:33:02,PTBA,RG,4130,6,F,CS,NI,D
14:33:02,PTBA,RG,4130,1,D,XC,NI,D
14:33:02,PTBA,RG,4130,41,D,YB,NI,D
14:33:00,PTBA,RG,4140,7,F,YU,CC,D
14:33:00,PTBA,RG,4130,36,D,YB,CC,D
14:32:51,PTBA,RG,4140,1,D,PD,CC,D
14:32:44,PTBA,RG,4130,3,D,YB,CC,D
14:32:32,PTBA,RG,4140,1,F,YU,CC,D
14:32:31,PTBA,RG,4140,3,F,YU,CC,D
14:32:31,PTBA,RG,4140,3,F,YU,CC,D
14:32:31,PTBA,RG,4130,20,D,YB,YU,F
14:32:31,PTBA,RG,4130,1,D,PD,YU,F
14:32:31,PTBA,RG,4130,1,D,YP,YU,F
14:32:31,PTBA,RG,4130,16,F,CS,YU,F
14:32:31,PTBA,RG,4130,2,D,PD,YU,F
14:32:23,PTBA,RG,4140,1,F,YU,CC,D
14:32:22,PTBA,RG,4140,3,F,YU,CC,D
14:32:22,PTBA,RG,4140,2,F,YU,CC,D
14:32:21,PTBA,RG,4130,12,D,PD,CC,D
14:32:21,PTBA,RG,4130,1,D,PD,CC,D
14:32:21,PTBA,RG,4130,1,D,PD,CC,D
14:32:21,PTBA,RG,4130,1,D,XC,CC,D
14:32:21,PTBA,RG,4130,5,D,NI,CC,D
14:32:21,PTBA,RG,4130,1,D,GR,CC,D
14:32:21,PTBA,RG,4130,9,D,AK,CC,D
14:32:18,PTBA,RG,4130,3,D,AK,AZ,D
14:32:13,PTBA,RG,4140,9,F,YU,CC,D
14:32:13,PTBA,RG,4140,50,D,YP,CC,D
14:32:12,PTBA,RG,4130,2,D,AK,BQ,D
14:32:10,PTBA,RG,4140,1,F,YU,CC,D
14:32:09,PTBA,RG,4140,16,F,YU,CC,D
14:32:09,PTBA,RG,4140,1,F,YU,CC,D
14:32:08,PTBA,RG,4130,24,D,AK,CC,D
14:32:08,PTBA,RG,4130,10,D,EP,CC,D
14:32:08,PTBA,RG,4130,2,F,KZ,CC,D
14:32:08,PTBA,RG,4130,17,F,CS,CC,D
14:32:08,PTBA,RG,4130,1,F,KZ,CC,D
14:32:08,PTBA,RG,4130,39,F,KZ,CC,D
14:32:08,PTBA,RG,4130,7,D,PD,CC,D
14:32:06,PTBA,RG,4130,2,D,PD,BQ,D
14:32:02,PTBA,RG,4140,1,F,YU,CC,D
14:32:01,PTBA,RG,4140,2,D,PD,CC,D
14:31:56,PTBA,RG,4140,1,F,YU,CC,D
14:31:56,PTBA,RG,4130,10,D,PD,BQ,D
14:31:55,PTBA,RG,4140,1,F,YU,CC,D
14:31:54,PTBA,RG,4130,1,D,PD,YP,D
14:31:54,PTBA,RG,4130,2,F,KZ,YP,D
14:31:51,PTBA,RG,4140,5,F,YU,CC,D
14:31:51,PTBA,RG,4130,26,F,KZ,XC,D
14:31:49,PTBA,RG,4130,5,F,KZ,YB,D
14:31:48,PTBA,RG,4140,2,F,YU,CC,D
14:31:47,PTBA,RG,4140,14,F,YU,CC,D
14:31:47,PTBA,RG,4140,7,F,YU,CC,D
14:31:47,PTBA,RG,4130,86,F,KZ,YP,D
14:31:47,PTBA,RG,4130,39,D,AK,YP,D
14:31:44,PTBA,RG,4140,2,F,YU,CC,D
14:31:43,PTBA,RG,4140,20,F,YU,CC,D
14:31:43,PTBA,RG,4140,13,F,YU,CC,D
14:31:43,PTBA,RG,4130,1,D,AK,CC,D
14:31:43,PTBA,RG,4130,92,F,AK,CC,D
14:31:43,PTBA,RG,4130,2,D,TF,CC,D
14:31:43,PTBA,RG,4130,1,D,XC,CC,D
14:31:43,PTBA,RG,4130,10,D,YP,CC,D
14:31:43,PTBA,RG,4130,1,D,XC,CC,D
14:31:43,PTBA,RG,4130,5,D,CC,CC,D
14:31:43,PTBA,RG,4130,10,D,NI,CC,D
14:31:43,PTBA,RG,4130,7,D,KK,CC,D
14:31:43,PTBA,RG,4130,71,D,OD,CC,D
14:31:40,PTBA,RG,4140,2,D,PD,CC,D
14:31:38,PTBA,RG,4140,2,F,YU,CC,D
14:31:37,PTBA,RG,4140,13,D,XL,CC,D
14:31:31,PTBA,RG,4140,5,F,YU,CC,D
14:31:30,PTBA,RG,4130,25,D,OD,YU,D
14:31:29,PTBA,RG,4140,1,F,YU,CC,D
14:31:29,PTBA,RG,4130,5,D,OD,YB,D
14:31:24,PTBA,RG,4140,1,F,YU,CC,D
14:31:23,PTBA,RG,4140,33,F,YU,CC,D
14:31:23,PTBA,RG,4140,20,F,YU,PD,D
14:31:23,PTBA,RG,4140,3,F,YU,NI,D
14:31:23,PTBA,RG,4140,7,F,YU,AK,F
14:31:23,PTBA,RG,4140,107,F,YU,YU,F
14:31:23,PTBA,RG,4140,5,F,YU,YU,F
14:31:22,PTBA,RG,4130,115,D,OD,BK,F
14:31:22,PTBA,RG,4130,47,D,YP,BK,F
14:31:22,PTBA,RG,4130,5,D,BQ,BK,F
14:31:22,PTBA,RG,4130,1,D,XC,BK,F
14:31:22,PTBA,RG,4130,10,D,YP,BK,F
14:31:22,PTBA,RG,4130,55,D,XA,BK,F
14:31:22,PTBA,RG,4130,2,D,DR,BK,F
14:31:22,PTBA,RG,4130,2,D,XL,BK,F
14:31:22,PTBA,RG,4130,10,D,YP,BK,F
14:31:22,PTBA,RG,4130,2,D,DR,BK,F
14:31:22,PTBA,RG,4130,1,D,CC,BK,F
14:31:22,PTBA,RG,4130,123,D,YP,BK,F
14:31:22,PTBA,RG,4130,5,D,EP,BK,F
14:31:22,PTBA,RG,4130,1,D,CC,BK,F
14:31:22,PTBA,RG,4130,50,D,YP,BK,F
14:31:22,PTBA,RG,4130,40,D,NI,BK,F
14:31:22,PTBA,RG,4130,1,D,PD,BK,F
14:31:22,PTBA,RG,4130,170,D,CC,BK,F
14:31:22,PTBA,RG,4130,1,D,AZ,BK,F
14:31:22,PTBA,RG,4130,10,D,PD,BK,F
14:31:22,PTBA,RG,4130,25,D,XC,BK,F
14:31:22,PTBA,RG,4130,3,D,CC,BK,F
14:31:22,PTBA,RG,4130,5,D,XC,BK,F
14:31:22,PTBA,RG,4130,10,D,YP,BK,F
14:31:22,PTBA,RG,4130,5,D,XC,BK,F
14:31:22,PTBA,RG,4130,10,D,PD,BK,F
14:31:22,PTBA,RG,4130,10,D,PD,BK,F
14:31:22,PTBA,RG,4130,1,D,XL,BK,F
14:31:22,PTBA,RG,4130,100,D,GR,BK,F
14:31:22,PTBA,RG,4130,35,D,CC,BK,F
14:31:22,PTBA,RG,4130,23,D,PD,BK,F
14:31:22,PTBA,RG,4130,3,D,XC,BK,F
14:31:22,PTBA,RG,4130,1,D,PD,BK,F
14:31:22,PTBA,RG,4130,2,D,NI,BK,F
14:31:22,PTBA,RG,4130,8,D,IF,BK,F
14:31:22,PTBA,RG,4130,1,D,PD,BK,F
14:31:22,PTBA,RG,4130,50,D,NI,BK,F
14:31:22,PTBA,RG,4130,1,D,XC,BK,F
14:31:22,PTBA,RG,4130,2,D,XC,BK,F
14:31:22,PTBA,RG,4130,20,D,PD,BK,F
14:31:22,PTBA,RG,4130,1,D,PD,BK,F
14:31:22,PTBA,RG,4130,1,D,PD,BK,F
14:31:22,PTBA,RG,4130,32,D,YP,BK,F
14:31:22,PTBA,RG,4130,1,D,YP,DH,D
14:31:20,PTBA,RG,4140,9,F,YU,YU,F
14:31:19,PTBA,RG,4140,50,D,YP,YU,F
14:31:12,PTBA,RG,4140,1,F,YU,YU,F
14:31:11,PTBA,RG,4140,4,D,PD,YU,F
14:31:08,PTBA,RG,4140,11,F,YU,YU,F
14:31:07,PTBA,RG,4140,2,F,YU,YU,F
14:31:06,PTBA,RG,4130,17,D,YP,ZP,D
14:31:06,PTBA,RG,4130,2,D,YP,ZP,D
14:31:06,PTBA,RG,4130,5,D,PD,ZP,D
14:31:06,PTBA,RG,4130,25,D,CC,ZP,D
14:31:06,PTBA,RG,4130,5,D,GR,ZP,D
14:31:06,PTBA,RG,4130,9,D,PD,ZP,D
14:31:06,PTBA,RG,4130,1,D,NI,ZP,D
14:31:06,PTBA,RG,4130,11,D,XC,ZP,D
14:31:03,PTBA,RG,4140,9,F,YU,YU,F
14:31:02,PTBA,RG,4140,50,D,YP,YU,F
14:31:02,PTBA,RG,4140,11,F,YU,YU,F
14:31:01,PTBA,RG,4140,69,F,YU,YU,F
14:31:01,PTBA,RG,4130,7,D,XC,YU,F
14:31:01,PTBA,RG,4130,1,D,NI,YU,F
14:31:01,PTBA,RG,4130,3,D,DR,YU,F
14:31:01,PTBA,RG,4130,10,D,NI,YU,F
14:31:01,PTBA,RG,4130,5,D,CC,YU,F
14:31:01,PTBA,RG,4130,5,D,XC,YU,F
14:31:01,PTBA,RG,4130,1,D,AZ,YU,F
14:31:01,PTBA,RG,4130,2,D,XC,YU,F
14:31:01,PTBA,RG,4130,1,D,NI,YU,F
14:31:01,PTBA,RG,4130,9,D,CC,YU,F
14:31:01,PTBA,RG,4140,16,F,YU,YU,F
14:31:00,PTBA,RG,4130,1,D,CC,CC,D
14:31:00,PTBA,RG,4130,1,D,XC,CC,D
14:31:00,PTBA,RG,4130,1,D,CC,CC,D
14:31:00,PTBA,RG,4130,22,D,YP,CC,D
14:31:00,PTBA,RG,4130,250,D,YP,CC,D
14:31:00,PTBA,RG,4130,5,D,DH,CC,D
14:31:00,PTBA,RG,4130,10,D,LG,CC,D
14:31:00,PTBA,RG,4130,20,D,YP,CC,D
14:31:00,PTBA,RG,4130,99,F,KZ,CC,D
14:31:00,PTBA,RG,4130,1,D,AZ,CC,D
14:31:00,PTBA,RG,4130,1,D,XL,CC,D
14:31:00,PTBA,RG,4130,1,D,CC,CC,D
14:31:00,PTBA,RG,4130,88,D,NI,CC,D
14:30:58,PTBA,RG,4140,3,F,YU,YU,F
14:30:58,PTBA,RG,4140,2,F,YU,BK,F
14:30:57,PTBA,RG,4140,64,F,YU,BK,F
14:30:57,PTBA,RG,4140,28,F,YU,BK,F
14:30:56,PTBA,RG,4130,262,D,NI,YP,D
14:30:56,PTBA,RG,4130,20,D,SQ,YP,D
14:30:56,PTBA,RG,4130,2,D,XC,YP,D
14:30:56,PTBA,RG,4130,1,D,XC,YP,D
14:30:56,PTBA,RG,4130,33,D,YP,YP,D
14:30:56,PTBA,RG,4130,1,D,YP,YP,D
14:30:56,PTBA,RG,4130,5,D,YP,YP,D
14:30:56,PTBA,RG,4130,50,D,CC,YP,D
14:30:56,PTBA,RG,4130,2,D,XC,YP,D
14:30:56,PTBA,RG,4130,5,D,DR,YP,D
14:30:56,PTBA,RG,4130,1,D,DR,YP,D
14:30:56,PTBA,RG,4130,1,D,YP,YP,D
14:30:56,PTBA,RG,4130,1,D,PD,YP,D
14:30:56,PTBA,RG,4130,5,D,XA,YP,D
14:30:56,PTBA,RG,4130,161,D,YP,YP,D
14:30:56,PTBA,RG,4140,9,F,YU,BK,F
14:30:56,PTBA,RG,4130,50,D,YP,PD,D
14:30:48,PTBA,RG,4130,2,D,YP,YP,D
14:30:45,PTBA,RG,4140,7,F,YU,BK,F
14:30:44,PTBA,RG,4130,40,D,YP,YU,F
14:30:39,PTBA,RG,4140,49,F,YU,BK,F
14:30:38,PTBA,RG,4130,274,D,YP,LG,D
14:30:38,PTBA,RG,4140,2,F,YU,BK,F
14:30:37,PTBA,RG,4130,11,D,YP,PD,D
14:30:35,PTBA,RG,4140,28,F,YU,BK,F
14:30:34,PTBA,RG,4130,160,D,YP,CC,D
14:30:31,PTBA,RG,4140,7,F,YU,BK,F
14:30:30,PTBA,RG,4130,43,D,YP,YU,F
14:30:30,PTBA,RG,4140,1,F,YU,BK,F
14:30:29,PTBA,RG,4130,1,D,YP,XC,D
14:30:23,PTBA,RG,4140,51,F,YU,BK,F
14:30:23,PTBA,RG,4140,2,F,YU,BK,F
14:30:22,PTBA,RG,4130,258,D,YP,CC,D
14:30:22,PTBA,RG,4130,25,D,YP,CC,D
14:30:22,PTBA,RG,4130,1,D,YP,CC,D
14:30:22,PTBA,RG,4130,8,D,NI,CC,D
14:30:22,PTBA,RG,4130,1,D,SQ,CC,D
14:30:22,PTBA,RG,4130,1,D,XC,CC,D
14:30:22,PTBA,RG,4130,6,D,PD,CC,D
14:30:18,PTBA,RG,4140,7,F,YU,BK,F
14:30:18,PTBA,RG,4130,42,D,PD,YU,F
14:30:07,PTBA,RG,4140,1,F,YU,BK,F
14:30:06,PTBA,RG,4130,5,D,PD,PD,D
14:30:06,PTBA,RG,4140,7,F,YU,BK,F
14:30:05,PTBA,RG,4130,41,D,PD,YU,F
14:30:03,PTBA,RG,4140,1,D,KK,BK,F
14:30:03,PTBA,RG,4140,9,F,YU,BK,F
14:30:02,PTBA,RG,4140,48,D,PD,BK,F
14:30:00,PTBA,RG,4140,2,D,KK,BK,F
14:30:00,PTBA,RG,4140,1,D,KK,BK,F
14:29:58,PTBA,RG,4140,3,F,YU,BK,F
14:29:57,PTBA,RG,4130,16,D,PD,CC,D
14:29:53,PTBA,RG,4140,1,D,XC,BK,F
14:29:53,PTBA,RG,4140,7,F,YU,BK,F
14:29:52,PTBA,RG,4130,40,D,PD,YU,F
14:29:41,PTBA,RG,4140,4,F,YU,BK,F
14:29:40,PTBA,RG,4130,20,D,PD,YP,D
14:29:40,PTBA,RG,4140,7,F,YU,BK,F
14:29:39,PTBA,RG,4130,42,D,PD,YU,F
14:29:37,PTBA,RG,4140,1,F,YU,BK,F
14:29:36,PTBA,RG,4140,40,F,YU,BK,F
14:29:36,PTBA,RG,4140,4,F,YU,CC,D
14:29:36,PTBA,RG,4140,83,F,YU,CC,D
14:29:36,PTBA,RG,4140,64,F,YU,OD,D
14:29:36,PTBA,RG,4140,2,F,YU,OD,D
14:29:35,PTBA,RG,4130,38,D,PD,NI,D
14:29:35,PTBA,RG,4130,200,D,DH,NI,D
14:29:35,PTBA,RG,4130,5,D,XL,NI,D
14:29:35,PTBA,RG,4130,24,D,XL,NI,D
14:29:35,PTBA,RG,4130,2,D,YP,NI,D
14:29:35,PTBA,RG,4130,20,D,PD,NI,D
14:29:35,PTBA,RG,4130,10,D,YP,NI,D
14:29:35,PTBA,RG,4130,1,D,XC,NI,D
14:29:35,PTBA,RG,4130,1,D,DH,NI,D
14:29:35,PTBA,RG,4130,1,D,CC,NI,D
14:29:35,PTBA,RG,4130,10,D,MG,NI,D
14:29:35,PTBA,RG,4130,1,D,CC,NI,D
14:29:35,PTBA,RG,4130,20,D,CC,NI,D
14:29:35,PTBA,RG,4130,1,D,AZ,NI,D
14:29:35,PTBA,RG,4130,2,D,PD,NI,D
14:29:35,PTBA,RG,4130,50,D,EP,NI,D
14:29:35,PTBA,RG,4130,1,D,PD,NI,D
14:29:35,PTBA,RG,4130,100,D,YP,NI,D
14:29:35,PTBA,RG,4130,100,D,PD,NI,D
14:29:35,PTBA,RG,4130,9,D,ZP,NI,D
14:29:35,PTBA,RG,4130,10,D,IU,NI,D
14:29:35,PTBA,RG,4130,32,D,YP,NI,D
14:29:35,PTBA,RG,4130,5,D,KK,NI,D
14:29:35,PTBA,RG,4130,4,D,SQ,NI,D
14:29:35,PTBA,RG,4130,1,D,PD,NI,D
14:29:35,PTBA,RG,4130,50,D,YP,NI,D
14:29:35,PTBA,RG,4130,25,D,CC,NI,D
14:29:35,PTBA,RG,4130,5,D,OD,NI,D
14:29:35,PTBA,RG,4130,12,D,OD,NI,D
14:29:35,PTBA,RG,4130,288,D,YP,NI,D
14:29:35,PTBA,RG,4130,3,D,XC,NI,D
14:29:35,PTBA,RG,4130,10,D,YP,NI,D
14:29:35,PTBA,RG,4130,1,D,XL,NI,D
14:29:35,PTBA,RG,4130,5,D,PD,NI,D
14:29:35,PTBA,RG,4130,24,D,EP,NI,D
14:29:35,PTBA,RG,4130,5,D,PD,NI,D
14:29:35,PTBA,RG,4130,3,D,YP,NI,D
14:29:35,PTBA,RG,4130,1,D,YB,NI,D
14:29:35,PTBA,RG,4130,1,D,YB,NI,D
14:29:35,PTBA,RG,4130,1,D,YP,NI,D
14:29:35,PTBA,RG,4130,1,D,PD,NI,D
14:29:35,PTBA,RG,4130,5,D,CC,NI,D
14:29:35,PTBA,RG,4130,12,D,PD,NI,D
14:29:20,PTBA,RG,4140,7,F,YU,OD,D
14:29:19,PTBA,RG,4130,38,D,PD,YU,F
14:29:19,PTBA,RG,4130,1,D,PD,YU,F
14:29:19,PTBA,RG,4130,1,D,NI,YU,F
14:28:57,PTBA,RG,4140,8,F,YU,OD,D
14:28:56,PTBA,RG,4130,41,D,NI,YU,F
14:28:56,PTBA,RG,4140,1,F,YU,OD,D
14:28:55,PTBA,RG,4130,5,D,NI,XC,D
14:28:51,PTBA,RG,4140,1,D,PD,OD,D
14:28:40,PTBA,RG,4140,1,D,XC,OD,D
14:28:32,PTBA,RG,4140,7,F,YU,OD,D
14:28:31,PTBA,RG,4130,41,D,NI,YU,F
14:28:15,PTBA,RG,4140,1,F,YU,OD,D
14:28:14,PTBA,RG,4140,3,D,PD,OD,D
14:28:05,PTBA,RG,4140,2,D,PD,OD,D
14:27:59,PTBA,RG,4140,1,F,YU,OD,D
14:27:58,PTBA,RG,4140,3,D,PD,OD,D
14:27:31,PTBA,RG,4140,27,F,YU,OD,D
14:27:31,PTBA,RG,4140,3,F,YU,OD,D
14:27:30,PTBA,RG,4130,12,D,NI,CC,D
14:27:30,PTBA,RG,4130,2,D,XL,CC,D
14:27:30,PTBA,RG,4130,5,D,YP,CC,D
14:27:30,PTBA,RG,4130,121,D,CC,CC,D
14:27:30,PTBA,RG,4130,6,D,CC,CC,D
14:27:30,PTBA,RG,4130,1,D,LG,CC,D
14:27:30,PTBA,RG,4130,4,D,DR,CC,D
14:27:30,PTBA,RG,4130,1,D,XC,CC,D
14:27:30,PTBA,RG,4130,1,D,XC,CC,D
14:27:30,PTBA,RG,4130,22,D,CP,CC,D
14:27:23,PTBA,RG,4140,1,F,YU,OD,D
14:27:22,PTBA,RG,4140,1,F,YU,OD,D
14:27:22,PTBA,RG,4140,5,D,PD,OD,D
14:27:22,PTBA,RG,4130,2,D,CP,CC,D
14:27:16,PTBA,RG,4140,1,D,XC,OD,D
14:27:11,PTBA,RG,4140,2,F,YU,OD,D
14:27:11,PTBA,RG,4140,12,D,PD,OD,D
14:27:09,PTBA,RG,4130,2,D,CP,PD,D
14:27:03,PTBA,RG,4140,2,F,YU,OD,D
14:27:03,PTBA,RG,4140,12,D,PD,OD,D
14:26:59,PTBA,RG,4140,1,F,YU,OD,D
14:26:59,PTBA,RG,4130,1,D,CP,XC,D
14:26:31,PTBA,RG,4130,5,D,CP,YP,D
14:26:11,PTBA,RG,4140,1,F,YU,OD,D
14:26:11,PTBA,RG,4140,1,D,YP,OD,D
14:26:05,PTBA,RG,4140,1,D,PD,OD,D
14:26:00,PTBA,RG,4140,2,D,OD,OD,D
14:25:05,PTBA,RG,4140,2,F,YU,OD,D
14:25:05,PTBA,RG,4130,12,D,CP,CC,D
14:25:04,PTBA,RG,4140,1,F,YU,OD,D
14:25:03,PTBA,RG,4140,5,D,PD,OD,D
14:24:42,PTBA,RG,4140,1,F,YU,OD,D
14:24:42,PTBA,RG,4140,5,D,YP,OD,D
14:24:40,PTBA,RG,4140,2,D,GR,OD,D
14:24:37,PTBA,RG,4140,1,F,YU,OD,D
14:24:36,PTBA,RG,4140,1,F,YU,OD,D
14:24:36,PTBA,RG,4140,5,D,YP,OD,D
14:24:36,PTBA,RG,4140,5,D,XC,OD,D
14:24:30,PTBA,RG,4140,1,D,YP,OD,D
14:24:19,PTBA,RG,4140,1,F,YU,OD,D
14:24:18,PTBA,RG,4140,1,D,OD,OD,D
14:24:14,PTBA,RG,4140,1,F,YU,OD,D
14:24:14,PTBA,RG,4140,10,D,CC,OD,D
14:24:10,PTBA,RG,4140,1,D,YP,OD,D
14:24:05,PTBA,RG,4140,1,F,YU,OD,D
14:24:05,PTBA,RG,4140,5,D,CC,OD,D
14:23:29,PTBA,RG,4140,1,F,YU,OD,D
14:23:28,PTBA,RG,4140,1,D,PD,OD,D
14:23:26,PTBA,RG,4140,5,F,YU,OD,D
14:23:25,PTBA,RG,4140,36,F,YU,OD,D
14:23:25,PTBA,RG,4140,4,D,PD,OD,D
14:23:25,PTBA,RG,4140,5,D,XC,OD,D
14:23:25,PTBA,RG,4140,1,D,XC,OD,D
14:23:25,PTBA,RG,4140,19,F,KZ,OD,D
14:23:25,PTBA,RG,4140,206,D,OD,OD,D
14:23:20,PTBA,RG,4150,3,F,YU,PD,D
14:23:20,PTBA,RG,4150,1,F,YU,PD,D
14:23:19,PTBA,RG,4140,10,D,OD,NI,D
14:23:19,PTBA,RG,4140,3,D,GR,NI,D
14:23:19,PTBA,RG,4140,5,F,KZ,NI,D
14:23:19,PTBA,RG,4140,2,F,CS,NI,D
14:23:12,PTBA,RG,4150,1,F,YU,PD,D
14:23:11,PTBA,RG,4140,10,F,CS,EP,D
14:23:06,PTBA,RG,4150,1,D,EP,PD,D
14:22:41,PTBA,RG,4150,1,F,YU,PD,D
14:22:41,PTBA,RG,4150,3,D,XL,PD,D
14:22:35,PTBA,RG,4150,2,D,XC,PD,D
14:22:06,PTBA,RG,4150,1,F,YU,PD,D
14:22:05,PTBA,RG,4150,1,F,YU,PD,D
14:22:05,PTBA,RG,4140,4,F,CS,DR,D
14:22:05,PTBA,RG,4140,6,D,PD,DR,D
14:22:03,PTBA,RG,4150,2,F,YU,PD,D
14:22:03,PTBA,RG,4140,10,D,PD,PD,D
14:21:54,PTBA,RG,4150,1,F,YU,PD,D
14:21:53,PTBA,RG,4140,5,D,PD,BQ,D
14:21:46,PTBA,RG,4150,2,F,YU,PD,D
14:21:45,PTBA,RG,4140,1,D,PD,YP,D
14:21:45,PTBA,RG,4140,14,D,PD,DR,D
14:21:41,PTBA,RG,4150,5,F,YU,PD,D
14:21:40,PTBA,RG,4150,121,F,YU,PD,D
14:21:40,PTBA,RG,4140,10,D,PD,PD,D
14:21:40,PTBA,RG,4150,17,F,YU,PD,D
14:21:39,PTBA,RG,4140,54,D,PD,PD,D
14:21:39,PTBA,RG,4140,44,D,AK,PD,D
14:21:39,PTBA,RG,4140,2,F,KZ,PD,D
14:21:39,PTBA,RG,4140,5,D,BQ,PD,D
14:21:39,PTBA,RG,4140,20,D,YP,PD,D
14:21:39,PTBA,RG,4140,1,D,YP,PD,D
14:21:39,PTBA,RG,4140,13,F,KZ,PD,D
14:21:39,PTBA,RG,4140,241,D,NI,PD,D
14:21:39,PTBA,RG,4140,5,D,NI,PD,D
14:21:39,PTBA,RG,4140,1,D,YP,PD,D
14:21:39,PTBA,RG,4140,3,F,KZ,PD,D
14:21:39,PTBA,RG,4140,1,D,YP,PD,D
14:21:39,PTBA,RG,4140,27,F,KZ,PD,D
14:21:39,PTBA,RG,4140,216,D,OD,PD,D
14:21:39,PTBA,RG,4140,70,F,AK,PD,D
14:21:39,PTBA,RG,4140,97,D,OD,PD,D
14:21:29,PTBA,RG,4150,1,F,YU,PD,D
14:21:28,PTBA,RG,4150,3,D,YP,PD,D
14:20:52,PTBA,RG,4150,11,F,YU,PD,D
14:20:51,PTBA,RG,4140,61,D,OD,CC,D
14:20:39,PTBA,RG,4140,2,D,OD,CC,D
14:19:26,PTBA,RG,4150,1,F,YU,PD,D
14:19:26,PTBA,RG,4140,5,D,OD,XC,D
14:19:16,PTBA,RG,4150,9,F,YU,PD,D
14:19:16,PTBA,RG,4150,1,F,YU,PD,D
14:19:15,PTBA,RG,4140,51,D,OD,CC,D
14:19:15,PTBA,RG,4140,3,F,KZ,CC,D
14:19:15,PTBA,RG,4140,2,D,AK,CC,D
14:19:08,PTBA,RG,4150,2,F,YU,PD,D
14:19:07,PTBA,RG,4150,25,F,YU,PD,D
14:19:07,PTBA,RG,4150,15,F,YU,PD,D
14:19:06,PTBA,RG,4140,49,D,AK,OD,D
14:19:06,PTBA,RG,4140,4,F,KZ,OD,D
14:19:06,PTBA,RG,4140,10,D,CC,OD,D
14:19:06,PTBA,RG,4140,10,F,CS,OD,D
14:19:06,PTBA,RG,4140,28,D,XC,OD,D
14:19:06,PTBA,RG,4140,20,D,KK,OD,D
14:19:06,PTBA,RG,4140,1,F,KZ,OD,D
14:19:06,PTBA,RG,4140,2,D,NI,OD,D
14:19:06,PTBA,RG,4140,1,F,KZ,OD,D
14:19:06,PTBA,RG,4140,5,D,NI,OD,D
14:19:06,PTBA,RG,4140,5,D,XC,OD,D
14:19:06,PTBA,RG,4140,1,D,XC,OD,D
14:19:06,PTBA,RG,4140,1,D,DR,OD,D
14:19:06,PTBA,RG,4140,19,F,KZ,OD,D
14:19:06,PTBA,RG,4140,82,D,CC,OD,D
14:18:35,PTBA,RG,4140,3,D,CC,BQ,D
14:18:24,PTBA,RG,4150,17,F,YU,PD,D
14:18:24,PTBA,RG,4150,1,F,YU,PD,D
14:18:23,PTBA,RG,4140,15,D,CC,AZ,D
14:18:23,PTBA,RG,4140,78,D,AK,AZ,D
14:18:23,PTBA,RG,4140,7,D,AK,AZ,D
14:17:35,PTBA,RG,4150,1,F,YU,PD,D
14:17:34,PTBA,RG,4140,5,D,AK,XC,D
14:17:24,PTBA,RG,4140,2,D,AK,PD,D
14:17:17,PTBA,RG,4150,1,F,YU,PD,D
14:17:16,PTBA,RG,4150,7,F,YU,PD,D
14:17:16,PTBA,RG,4150,5,F,YU,PD,D
14:17:15,PTBA,RG,4140,28,D,AK,CC,D
14:17:15,PTBA,RG,4140,10,F,CS,CC,D
14:17:15,PTBA,RG,4140,7,F,CS,CC,D
14:17:15,PTBA,RG,4140,30,D,PD,CC,D
14:17:14,PTBA,RG,4150,2,F,YU,PD,D
14:17:13,PTBA,RG,4140,10,D,PD,DR,D
14:17:00,PTBA,RG,4150,1,F,YU,PD,D
14:16:59,PTBA,RG,4150,2,D,NI,PD,D
14:16:53,PTBA,RG,4140,1,D,PD,XL,D
14:16:43,PTBA,RG,4150,3,D,NI,PD,D
14:15:58,PTBA,RG,4150,1,D,NI,PD,D
14:15:47,PTBA,RG,4150,2,F,YU,PD,D
14:15:47,PTBA,RG,4150,9,F,YU,PD,D
14:15:46,PTBA,RG,4150,7,F,YU,PD,D
14:15:46,PTBA,RG,4140,59,D,PD,OD,D
14:15:46,PTBA,RG,4140,1,D,DR,OD,D
14:15:46,PTBA,RG,4140,40,F,KZ,OD,D
14:15:34,PTBA,RG,4150,2,D,CC,PD,D
14:15:02,PTBA,RG,4150,4,F,YU,PD,D
14:15:02,PTBA,RG,4140,19,F,KZ,DH,D
14:15:00,PTBA,RG,4150,1,F,YU,PD,D
14:15:00,PTBA,RG,4140,1,F,KZ,XC,D
14:15:00,PTBA,RG,4140,5,F,KZ,PD,D
14:14:55,PTBA,RG,4140,1,F,YU,PD,D
14:14:55,PTBA,RG,4140,7,F,KZ,PD,D
14:14:50,PTBA,RG,4140,1,F,YU,PD,D
14:14:50,PTBA,RG,4140,4,F,KZ,PD,D
14:14:50,PTBA,RG,4140,2,F,KZ,PD,D
14:14:42,PTBA,RG,4150,12,F,YU,PD,D
14:14:42,PTBA,RG,4150,194,F,YU,PD,D
14:14:42,PTBA,RG,4150,1,F,YU,KK,D
14:14:42,PTBA,RG,4150,31,F,YU,OD,D
14:14:41,PTBA,RG,4140,7,F,AK,AK,F
14:14:41,PTBA,RG,4140,6,F,AK,AK,F
14:14:41,PTBA,RG,4140,15,F,AK,AK,F
14:14:41,PTBA,RG,4150,31,F,YU,OD,D
14:14:41,PTBA,RG,4140,6,F,YU,AK,F
14:14:41,PTBA,RG,4140,30,F,KZ,XC,D
14:14:41,PTBA,RG,4140,1,F,KZ,BK,F
14:14:41,PTBA,RG,4140,10,F,KZ,KK,D
14:14:41,PTBA,RG,4140,5,F,KZ,YP,D
14:14:41,PTBA,RG,4140,2,F,KZ,YP,D
14:14:41,PTBA,RG,4140,52,F,KZ,YU,F
14:14:41,PTBA,RG,4140,20,F,KZ,YP,D
14:14:41,PTBA,RG,4140,5,F,KZ,BQ,D
14:14:41,PTBA,RG,4140,5,F,KZ,AK,F
14:14:41,PTBA,RG,4140,243,F,KZ,XC,D
14:14:41,PTBA,RG,4140,328,F,KZ,BK,F
14:14:41,PTBA,RG,4140,21,F,KZ,YP,D
14:14:41,PTBA,RG,4140,158,F,KZ,YU,F
14:14:41,PTBA,RG,4140,137,F,KZ,YU,F
14:14:41,PTBA,RG,4140,301,F,KZ,CC,D
14:14:41,PTBA,RG,4140,213,F,KZ,CC,D
14:14:39,PTBA,RG,4140,2,F,YU,CC,D
14:14:39,PTBA,RG,4130,9,D,CP,XL,D
14:14:27,PTBA,RG,4140,1,F,YU,CC,D
14:14:26,PTBA,RG,4130,6,D,CP,XC,D
14:14:25,PTBA,RG,4140,10,F,YU,CC,D
14:14:24,PTBA,RG,4140,3,F,YU,CC,D
14:14:24,PTBA,RG,4130,60,D,CP,LG,D
14:14:24,PTBA,RG,4130,17,D,CP,YP,D
14:14:14,PTBA,RG,4140,2,F,YU,CC,D
14:14:14,PTBA,RG,4140,8,D,XC,CC,D
14:14:11,PTBA,RG,4140,2,F,YU,CC,D
14:14:10,PTBA,RG,4140,10,D,CC,CC,D
14:14:09,PTBA,RG,4140,1,F,YU,CC,D
14:14:09,PTBA,RG,4140,5,D,GR,CC,D
14:13:40,PTBA,RG,4140,1,F,YU,CC,D
14:13:40,PTBA,RG,4130,10,D,CP,FS,D
14:13:28,PTBA,RG,4140,2,F,YU,CC,D
14:13:28,PTBA,RG,4140,34,F,YU,YU,F
14:13:28,PTBA,RG,4130,200,D,CP,YP,D
14:13:22,PTBA,RG,4140,3,D,CC,YU,F
14:13:13,PTBA,RG,4140,2,F,YU,YU,F
14:13:13,PTBA,RG,4140,10,D,YP,YU,F
14:13:03,PTBA,RG,4140,1,D,XC,YU,F
14:13:02,PTBA,RG,4140,1,D,CC,YU,F
14:13:00,PTBA,RG,4140,1,D,PD,YU,F
14:12:56,PTBA,RG,4140,126,F,YU,YU,F
14:12:56,PTBA,RG,4130,709,D,CP,BK,F
14:12:48,PTBA,RG,4140,5,D,XL,YU,F
14:12:39,PTBA,RG,4140,1,F,YU,YU,F
14:12:39,PTBA,RG,4140,1,D,XC,YU,F
14:12:33,PTBA,RG,4140,1,D,LG,YU,F
14:12:32,PTBA,RG,4140,22,F,YU,YU,F
14:12:31,PTBA,RG,4140,2,F,YU,YU,F
14:12:31,PTBA,RG,4140,128,F,AK,YU,F
14:12:30,PTBA,RG,4140,9,D,CC,YU,F
14:12:30,PTBA,RG,4140,1,D,CC,AK,F
14:12:24,PTBA,RG,4140,7,F,YU,AK,F
14:12:24,PTBA,RG,4130,40,D,CP,YU,F
14:12:11,PTBA,RG,4150,1,F,YU,OD,D
14:12:10,PTBA,RG,4150,3,F,YU,OD,D
14:12:10,PTBA,RG,4150,3,F,YU,OD,D
14:12:09,PTBA,RG,4130,5,D,CP,YU,F
14:12:09,PTBA,RG,4130,10,D,CD,YU,F
14:12:09,PTBA,RG,4130,5,D,YP,YU,F
14:12:09,PTBA,RG,4140,21,F,KZ,YU,F
14:12:01,PTBA,RG,4150,3,F,YU,OD,D
14:12:00,PTBA,RG,4150,30,F,YU,OD,D
14:12:00,PTBA,RG,4150,16,F,YU,OD,D
14:12:00,PTBA,RG,4140,99,F,CS,CC,D
14:12:00,PTBA,RG,4140,3,D,CC,CC,D
14:12:00,PTBA,RG,4140,4,D,OD,CC,D
14:12:00,PTBA,RG,4140,61,D,NI,CC,D
14:12:00,PTBA,RG,4140,3,F,KZ,CC,D
14:12:00,PTBA,RG,4140,13,F,CS,CC,D
14:12:00,PTBA,RG,4140,95,D,DR,CC,D
14:11:58,PTBA,RG,4150,1,F,YU,OD,D
14:11:57,PTBA,RG,4150,5,F,YU,OD,D
14:11:57,PTBA,RG,4150,2,F,YU,OD,D
14:11:56,PTBA,RG,4150,3,F,YU,OD,D
14:11:56,PTBA,RG,4140,26,D,DR,YU,F
14:11:56,PTBA,RG,4140,16,F,KZ,YU,F
14:11:56,PTBA,RG,4150,2,F,YU,OD,D
14:11:55,PTBA,RG,4150,20,F,YU,OD,D
14:11:55,PTBA,RG,4150,28,F,YU,OD,D
14:11:54,PTBA,RG,4140,36,F,KZ,HP,D
14:11:54,PTBA,RG,4140,46,D,AK,HP,D
14:11:54,PTBA,RG,4140,3,D,PD,HP,D
14:11:54,PTBA,RG,4140,23,D,XL,HP,D
14:11:54,PTBA,RG,4140,1,D,CC,HP,D
14:11:54,PTBA,RG,4140,10,D,CC,HP,D
14:11:54,PTBA,RG,4140,2,D,DR,HP,D
14:11:54,PTBA,RG,4140,5,D,PD,HP,D
14:11:54,PTBA,RG,4140,1,D,XC,HP,D
14:11:54,PTBA,RG,4140,7,D,XL,HP,D
14:11:54,PTBA,RG,4140,3,D,PD,HP,D
14:11:54,PTBA,RG,4140,3,D,YP,HP,D
14:11:54,PTBA,RG,4140,5,D,NI,HP,D
14:11:54,PTBA,RG,4140,155,F,CS,HP,D
14:11:45,PTBA,RG,4150,8,F,YU,OD,D
14:11:45,PTBA,RG,4150,2,F,YU,OD,D
14:11:44,PTBA,RG,4140,15,F,CS,YP,D
14:11:44,PTBA,RG,4140,30,F,CS,YU,F
14:11:44,PTBA,RG,4140,12,D,OD,YU,F
14:11:38,PTBA,RG,4150,18,F,YU,OD,D
14:11:37,PTBA,RG,4140,100,D,OD,PD,D
14:11:33,PTBA,RG,4140,5,D,OD,BQ,D
14:11:32,PTBA,RG,4150,8,F,YU,OD,D
14:11:32,PTBA,RG,4140,43,D,OD,YU,F
14:11:27,PTBA,RG,4150,16,F,YU,OD,D
14:11:27,PTBA,RG,4150,2,F,YU,OD,D
14:11:27,PTBA,RG,4140,56,D,OD,YP,D
14:11:27,PTBA,RG,4140,10,F,KZ,YP,D
14:11:27,PTBA,RG,4140,24,D,AT,YP,D
14:11:27,PTBA,RG,4140,10,D,AK,YP,D
14:11:24,PTBA,RG,4150,8,F,YU,OD,D
14:11:23,PTBA,RG,4150,81,F,YU,OD,D
14:11:23,PTBA,RG,4140,41,D,AK,YU,F
14:11:23,PTBA,RG,4150,6,F,YU,OD,D
14:11:22,PTBA,RG,4140,21,D,AK,OD,D
14:11:22,PTBA,RG,4140,5,F,CS,OD,D
14:11:22,PTBA,RG,4140,5,D,CC,OD,D
14:11:22,PTBA,RG,4140,1,D,CC,OD,D
14:11:22,PTBA,RG,4140,18,F,CS,OD,D
14:11:22,PTBA,RG,4140,1,D,XC,OD,D
14:11:22,PTBA,RG,4140,3,F,KZ,OD,D
14:11:22,PTBA,RG,4140,10,D,PD,OD,D
14:11:22,PTBA,RG,4140,62,F,KZ,OD,D
14:11:22,PTBA,RG,4140,216,D,OD,OD,D
14:11:22,PTBA,RG,4140,22,F,KZ,OD,D
14:11:22,PTBA,RG,4140,100,D,MG,OD,D
14:11:22,PTBA,RG,4140,36,D,EP,OD,D
14:11:17,PTBA,RG,4150,2,F,YU,OD,D
14:11:17,PTBA,RG,4140,10,D,EP,XC,D
14:11:14,PTBA,RG,4150,7,F,YU,OD,D
14:11:13,PTBA,RG,4140,43,D,EP,YU,F
14:11:12,PTBA,RG,4150,2,F,YU,OD,D
14:11:11,PTBA,RG,4140,6,D,EP,XC,D
14:11:06,PTBA,RG,4140,3,D,EP,XC,D
14:11:03,PTBA,RG,4150,8,F,YU,OD,D
14:11:03,PTBA,RG,4140,43,D,EP,YU,F
14:11:01,PTBA,RG,4150,3,F,YU,OD,D
14:11:00,PTBA,RG,4150,131,F,YU,OD,D
14:11:00,PTBA,RG,4140,1,D,EP,XL,D
14:11:00,PTBA,RG,4150,18,F,YU,OD,D
14:10:59,PTBA,RG,4140,158,D,EP,NI,D
14:10:59,PTBA,RG,4140,1,F,KZ,NI,D
14:10:59,PTBA,RG,4140,5,D,CC,NI,D
14:10:59,PTBA,RG,4140,1,F,KZ,NI,D
14:10:59,PTBA,RG,4140,4,D,YP,NI,D
14:10:59,PTBA,RG,4140,1,D,PD,NI,D
14:10:59,PTBA,RG,4140,26,F,KZ,NI,D
14:10:59,PTBA,RG,4140,10,D,YP,NI,D
14:10:59,PTBA,RG,4140,108,D,AK,NI,D
14:10:59,PTBA,RG,4140,51,F,AK,NI,D
14:10:59,PTBA,RG,4140,218,D,PD,NI,D
14:10:59,PTBA,RG,4140,50,D,XL,NI,D
14:10:59,PTBA,RG,4140,3,D,XC,NI,D
14:10:59,PTBA,RG,4140,107,F,KZ,NI,D
14:10:59,PTBA,RG,4140,15,F,CS,NI,D
14:10:59,PTBA,RG,4140,102,D,AO,NI,D
14:10:53,PTBA,RG,4150,1,D,CC,OD,D
14:10:53,PTBA,RG,4150,2,D,CC,CC,D
14:10:51,PTBA,RG,4150,7,F,YU,CC,D
14:10:51,PTBA,RG,4140,41,D,AO,YU,F
14:10:43,PTBA,RG,4150,1,F,YU,CC,D
14:10:42,PTBA,RG,4150,1,D,XL,CC,D
14:10:38,PTBA,RG,4150,7,F,YU,CC,D
14:10:38,PTBA,RG,4140,42,D,AO,YU,F
14:10:36,PTBA,RG,4150,1,D,XC,CC,D
14:10:34,PTBA,RG,4140,1,D,AO,YP,D
14:10:33,PTBA,RG,4150,159,F,YU,CC,D
14:10:33,PTBA,RG,4140,900,D,AO,NI,D
14:10:22,PTBA,RG,4150,2,F,YU,CC,D
14:10:21,PTBA,RG,4140,8,D,AO,XL,D
14:10:19,PTBA,RG,4150,52,F,YU,CC,D
14:10:18,PTBA,RG,4140,300,D,AO,HP,D
14:10:18,PTBA,RG,4150,8,F,YU,CC,D
14:10:17,PTBA,RG,4140,40,D,AO,YU,F
14:10:10,PTBA,RG,4150,2,D,PD,CC,D
14:10:04,PTBA,RG,4150,1,F,YU,CC,D
14:10:03,PTBA,RG,4140,5,D,AO,YP,D
14:10:00,PTBA,RG,4150,51,F,YU,CC,D
14:10:00,PTBA,RG,4140,292,D,AO,CC,D
14:09:53,PTBA,RG,4140,1,D,AO,XL,D
14:09:50,PTBA,RG,4150,1,F,YU,CC,D
14:09:49,PTBA,RG,4150,2,D,CC,CC,D
14:09:38,PTBA,RG,4150,17,F,YU,CC,D
14:09:37,PTBA,RG,4140,100,D,AO,YP,D
14:09:32,PTBA,RG,4150,1,F,YU,CC,D
14:09:31,PTBA,RG,4150,5,D,XC,CC,D
14:09:29,PTBA,RG,4150,1,F,YU,CC,D
14:09:28,PTBA,RG,4150,2,D,TP,CC,D
14:09:17,PTBA,RG,4150,7,F,YU,CC,D
14:09:16,PTBA,RG,4140,40,D,AO,YU,F
14:09:01,PTBA,RG,4150,1,F,YU,CC,D
14:09:00,PTBA,RG,4150,6,D,CC,CC,D
14:08:23,PTBA,RG,4150,31,F,YU,CC,D
14:08:23,PTBA,RG,4150,2,F,YU,CC,D
14:08:22,PTBA,RG,4140,128,D,AO,KK,D
14:08:22,PTBA,RG,4140,1,D,PD,KK,D
14:08:22,PTBA,RG,4140,1,D,OD,KK,D
14:08:22,PTBA,RG,4140,2,F,KZ,KK,D
14:08:22,PTBA,RG,4140,10,D,CC,KK,D
14:08:22,PTBA,RG,4140,2,D,XL,KK,D
14:08:22,PTBA,RG,4140,1,D,XC,KK,D
14:08:22,PTBA,RG,4140,1,D,XL,KK,D
14:08:22,PTBA,RG,4140,4,D,NI,KK,D
14:08:22,PTBA,RG,4140,1,D,XL,KK,D
14:08:22,PTBA,RG,4140,9,D,CC,KK,D
14:08:22,PTBA,RG,4140,19,F,CS,KK,D
14:08:22,PTBA,RG,4140,11,D,AK,KK,D
14:08:18,PTBA,RG,4150,1,F,YU,CC,D
14:08:17,PTBA,RG,4150,5,F,YU,CC,D
14:08:17,PTBA,RG,4150,1,F,YU,CC,D
14:08:17,PTBA,RG,4140,34,D,AK,YU,F
14:08:17,PTBA,RG,4140,6,D,PD,YU,F
14:08:02,PTBA,RG,4150,1,F,YU,CC,D
14:08:01,PTBA,RG,4150,1,D,XC,CC,D
14:07:59,PTBA,RG,4150,3,F,YU,CC,D
14:07:59,PTBA,RG,4150,1,F,YU,CC,D
14:07:58,PTBA,RG,4150,21,D,KK,CC,D
14:07:58,PTBA,RG,4150,5,D,NI,CC,D
14:07:57,PTBA,RG,4140,1,D,PD,DR,D
14:07:48,PTBA,RG,4150,1,F,YU,CC,D
14:07:47,PTBA,RG,4140,3,D,PD,PD,D
14:07:47,PTBA,RG,4140,1,D,KK,PD,D
14:07:28,PTBA,RG,4150,4,F,YU,CC,D
14:07:27,PTBA,RG,4140,1,D,KK,XL,D
14:07:27,PTBA,RG,4140,21,D,CC,XL,D
14:07:23,PTBA,RG,4150,1,D,CC,CC,D
14:07:18,PTBA,RG,4150,2,D,XL,CC,D
14:07:07,PTBA,RG,4150,8,F,YU,CC,D
14:07:06,PTBA,RG,4140,41,D,CC,YU,F
14:07:01,PTBA,RG,4150,1,F,YU,CC,D
14:07:00,PTBA,RG,4150,7,D,CC,CC,D
14:06:59,PTBA,RG,4150,1,F,YU,CC,D
14:06:58,PTBA,RG,4150,5,D,CC,CC,D
14:06:46,PTBA,RG,4150,7,F,YU,CC,D
14:06:45,PTBA,RG,4140,41,D,CC,YU,F
14:06:43,PTBA,RG,4150,1,F,YU,CC,D
14:06:42,PTBA,RG,4140,3,D,CC,PD,D
14:06:38,PTBA,RG,4150,4,F,YU,CC,D
14:06:37,PTBA,RG,4140,25,D,CC,NI,D
14:06:27,PTBA,RG,4150,2,D,NI,CC,D
14:06:26,PTBA,RG,4150,1,F,YU,CC,D
14:06:25,PTBA,RG,4150,6,F,YU,CC,D
14:06:25,PTBA,RG,4150,2,F,YU,CC,D
14:06:24,PTBA,RG,4140,19,D,CC,YU,F
14:06:24,PTBA,RG,4140,1,D,XL,YU,F
14:06:24,PTBA,RG,4140,2,D,KK,YU,F
14:06:24,PTBA,RG,4140,18,F,CS,YU,F
14:06:24,PTBA,RG,4150,10,D,CC,CC,D
14:06:11,PTBA,RG,4150,145,F,YU,CC,D
14:06:11,PTBA,RG,4150,818,D,AO,CC,D
14:06:04,PTBA,RG,4140,5,F,CS,PD,D
14:05:57,PTBA,RG,4150,4,F,YU,CC,D
14:05:57,PTBA,RG,4140,23,F,CS,XC,D
14:05:41,PTBA,RG,4150,1,F,YU,CC,D
14:05:41,PTBA,RG,4140,2,F,CS,YP,D
14:05:39,PTBA,RG,4150,7,F,YU,CC,D
14:05:39,PTBA,RG,4140,40,F,CS,YU,F
14:05:20,PTBA,RG,4150,1,F,YU,CC,D
14:05:20,PTBA,RG,4150,5,D,XL,CC,D
14:05:13,PTBA,RG,4150,2,F,YU,CC,D
14:05:12,PTBA,RG,4140,10,F,CS,DH,D
14:05:01,PTBA,RG,4150,10,F,YU,CC,D
14:05:00,PTBA,RG,4140,57,F,CS,MK,D
14:04:52,PTBA,RG,4140,4,F,CS,YP,D
14:04:51,PTBA,RG,4150,6,F,YU,CC,D
14:04:50,PTBA,RG,4150,1,F,YU,CC,D
14:04:50,PTBA,RG,4140,35,F,CS,YU,F
14:04:50,PTBA,RG,4140,5,D,YP,YU,F
14:04:19,PTBA,RG,4150,1,F,YU,CC,D
14:04:19,PTBA,RG,4150,47,F,YU,CC,D
14:04:18,PTBA,RG,4150,4,F,YU,CC,D
14:04:18,PTBA,RG,4140,5,D,YP,DH,D
14:04:18,PTBA,RG,4140,36,D,EP,DH,D
14:04:18,PTBA,RG,4140,49,F,AK,DH,D
14:04:18,PTBA,RG,4140,37,F,KZ,DH,D
14:04:18,PTBA,RG,4140,78,F,KZ,DH,D
14:04:18,PTBA,RG,4140,10,D,PD,DH,D
14:04:18,PTBA,RG,4140,47,D,AK,DH,D
14:04:18,PTBA,RG,4140,10,D,CC,DH,D
14:04:18,PTBA,RG,4140,18,D,CC,DH,D
14:03:59,PTBA,RG,4150,7,F,YU,CC,D
14:03:59,PTBA,RG,4140,40,D,CC,YU,F
14:03:36,PTBA,RG,4150,1,D,XC,CC,D
14:03:33,PTBA,RG,4140,1,D,CC,YP,D
14:03:32,PTBA,RG,4150,7,F,YU,CC,D
14:03:32,PTBA,RG,4150,3,F,YU,CC,D
14:03:32,PTBA,RG,4140,5,D,CC,PD,D
14:03:31,PTBA,RG,4140,36,D,CC,FS,D
14:03:31,PTBA,RG,4140,16,D,EP,FS,D
14:03:31,PTBA,RG,4150,1,F,YU,CC,D
14:03:29,PTBA,RG,4150,5,D,XC,CC,D
14:03:28,PTBA,RG,4150,3,F,YU,CC,D
14:03:28,PTBA,RG,4140,15,D,EP,DR,D
14:03:22,PTBA,RG,4140,2,D,EP,CC,D
14:03:21,PTBA,RG,4140,2,D,EP,XL,D
14:03:19,PTBA,RG,4150,2,F,YU,CC,D
14:03:18,PTBA,RG,4150,10,D,YP,CC,D
14:03:10,PTBA,RG,4150,2,F,YU,CC,D
14:03:10,PTBA,RG,4140,11,D,EP,PD,D
14:02:59,PTBA,RG,4150,1,D,YP,CC,D
14:02:46,PTBA,RG,4150,4,F,YU,CC,D
14:02:46,PTBA,RG,4140,20,D,EP,AZ,D
14:02:26,PTBA,RG,4150,17,F,YU,CC,D
14:02:25,PTBA,RG,4140,100,D,EP,MG,D
14:01:30,PTBA,RG,4150,1,D,XC,CC,D
14:00:26,PTBA,RG,4150,9,F,YU,CC,D
14:00:25,PTBA,RG,4150,50,D,AZ,CC,D
14:00:23,PTBA,RG,4150,2,F,YU,CC,D
14:00:22,PTBA,RG,4140,11,D,EP,PD,D
14:00:02,PTBA,RG,4150,9,F,YU,CC,D
14:00:02,PTBA,RG,4150,50,D,PD,CC,D
13:59:51,PTBA,RG,4150,2,F,YU,CC,D
13:59:51,PTBA,RG,4150,2,F,YU,CC,D
13:59:50,PTBA,RG,4140,10,D,EP,KK,D
13:59:50,PTBA,RG,4150,12,D,CC,CC,D
13:59:50,PTBA,RG,4150,1,D,XC,CC,D
13:59:42,PTBA,RG,4150,2,F,YU,CC,D
13:59:41,PTBA,RG,4150,12,D,XL,CC,D
13:59:14,PTBA,RG,4150,3,F,YU,CC,D
13:59:13,PTBA,RG,4140,13,D,EP,XA,D
13:59:13,PTBA,RG,4140,1,D,CC,XA,D
13:59:07,PTBA,RG,4150,1,F,YU,CC,D
13:59:06,PTBA,RG,4150,7,D,PD,CC,D
13:58:18,PTBA,RG,4150,1,D,SQ,CC,D
13:58:06,PTBA,RG,4150,1,F,YU,CC,D
13:58:05,PTBA,RG,4140,4,D,PD,XC,D
13:58:05,PTBA,RG,4140,1,D,KK,XC,D
13:57:52,PTBA,RG,4140,2,D,CC,YB,D
13:57:36,PTBA,RG,4150,1,F,YU,CC,D
13:57:35,PTBA,RG,4150,5,D,PD,CC,D
13:57:33,PTBA,RG,4150,1,F,YU,CC,D
13:57:32,PTBA,RG,4140,3,D,CC,BQ,D
13:57:14,PTBA,RG,4150,4,F,YU,CC,D
13:57:13,PTBA,RG,4140,25,D,CC,YP,D
13:56:40,PTBA,RG,4150,4,F,YU,CC,D
13:56:39,PTBA,RG,4150,28,F,YU,CC,D
13:56:39,PTBA,RG,4140,24,F,YU,OD,D
13:56:39,PTBA,RG,4140,24,F,YU,OD,D
13:56:38,PTBA,RG,4140,10,D,CC,OD,D
13:56:38,PTBA,RG,4140,17,D,PD,OD,D
13:56:38,PTBA,RG,4140,48,D,YP,OD,D
13:56:38,PTBA,RG,4140,5,D,NI,OD,D
13:56:38,PTBA,RG,4140,5,D,PD,OD,D
13:56:38,PTBA,RG,4140,100,D,PD,OD,D
13:56:38,PTBA,RG,4140,26,D,XL,OD,D
13:56:38,PTBA,RG,4140,3,D,CC,OD,D
13:56:38,PTBA,RG,4140,100,D,PD,OD,D
13:56:38,PTBA,RG,4140,1,D,XL,OD,D
13:56:38,PTBA,RG,4140,1,D,XC,OD,D
13:56:38,PTBA,RG,4140,136,D,NI,OD,D
13:56:26,PTBA,RG,4150,2,F,YU,CC,D
13:56:25,PTBA,RG,4150,10,D,CC,CC,D
13:55:58,PTBA,RG,4140,4,D,NI,BQ,D
13:55:52,PTBA,RG,4150,1,F,YU,CC,D
13:55:51,PTBA,RG,4150,2,D,CC,CC,D
13:55:50,PTBA,RG,4140,2,D,NI,PD,D
13:55:32,PTBA,RG,4150,1,F,YU,CC,D
13:55:32,PTBA,RG,4150,7,F,YU,CC,D
13:55:31,PTBA,RG,4150,4,F,YU,CC,D
13:55:31,PTBA,RG,4140,44,F,AK,LG,D
13:55:31,PTBA,RG,4140,41,F,YU,LG,D
13:55:30,PTBA,RG,4140,24,F,YU,LG,D
13:55:30,PTBA,RG,4140,1,D,XL,LG,D
13:55:30,PTBA,RG,4140,7,D,IF,LG,D
13:55:30,PTBA,RG,4140,16,F,CS,LG,D
13:55:30,PTBA,RG,4140,51,D,AK,LG,D
13:55:30,PTBA,RG,4140,5,F,CS,LG,D
13:55:30,PTBA,RG,4140,2,D,CC,LG,D
13:55:30,PTBA,RG,4140,50,D,NI,LG,D
13:55:30,PTBA,RG,4140,30,D,XL,LG,D
13:55:30,PTBA,RG,4140,1,D,YP,LG,D
13:55:30,PTBA,RG,4140,2,D,XL,LG,D
13:55:30,PTBA,RG,4140,56,F,AK,LG,D
13:55:30,PTBA,RG,4140,5,D,SQ,LG,D
13:55:30,PTBA,RG,4140,1,D,DR,LG,D
13:55:30,PTBA,RG,4140,29,D,CC,LG,D
13:55:30,PTBA,RG,4140,135,F,CS,LG,D
13:55:20,PTBA,RG,4150,3,F,YU,CC,D
13:55:19,PTBA,RG,4140,17,F,CS,CC,D
13:55:07,PTBA,RG,4150,4,F,YU,CC,D
13:55:07,PTBA,RG,4150,59,F,YU,CC,D
13:55:06,PTBA,RG,4150,25,F,YU,CC,D
13:55:06,PTBA,RG,4140,34,F,CS,OD,D
13:55:06,PTBA,RG,4140,33,D,CC,OD,D
13:55:06,PTBA,RG,4140,1,D,PD,OD,D
13:55:06,PTBA,RG,4140,1,D,NI,OD,D
13:55:06,PTBA,RG,4140,1,D,YP,OD,D
13:55:06,PTBA,RG,4140,25,D,XC,OD,D
13:55:06,PTBA,RG,4140,36,D,YP,OD,D
13:55:06,PTBA,RG,4140,53,D,AK,OD,D
13:55:06,PTBA,RG,4140,1,D,XC,OD,D
13:55:06,PTBA,RG,4140,60,F,KZ,OD,D
13:55:06,PTBA,RG,4140,8,D,XC,OD,D
13:55:06,PTBA,RG,4140,44,D,AK,OD,D
13:55:06,PTBA,RG,4140,1,D,XL,OD,D
13:55:06,PTBA,RG,4140,45,D,XL,OD,D
13:55:06,PTBA,RG,4140,5,F,CS,OD,D
13:55:06,PTBA,RG,4140,8,F,CS,OD,D
13:55:06,PTBA,RG,4140,144,D,GR,OD,D
13:54:49,PTBA,RG,4150,2,F,YU,CC,D
13:54:49,PTBA,RG,4150,10,D,YP,CC,D
13:54:46,PTBA,RG,4150,1,F,YU,CC,D
13:54:46,PTBA,RG,4140,8,D,GR,PD,D
13:54:29,PTBA,RG,4150,1,F,YU,CC,D
13:54:29,PTBA,RG,4140,5,D,GR,XL,D
13:54:27,PTBA,RG,4150,2,F,YU,CC,D
13:54:27,PTBA,RG,4150,10,D,DH,CC,D
13:54:23,PTBA,RG,4150,1,F,YU,CC,D
13:54:23,PTBA,RG,4150,4,D,XL,CC,D
13:54:17,PTBA,RG,4150,2,D,CC,CC,D
13:54:12,PTBA,RG,4150,1,F,YU,CC,D
13:54:12,PTBA,RG,4150,8,D,DH,CC,D
13:53:56,PTBA,RG,4150,1,F,YU,CC,D
13:53:55,PTBA,RG,4150,5,D,DH,CC,D
13:53:36,PTBA,RG,4150,9,F,YU,CC,D
13:53:35,PTBA,RG,4140,50,D,GR,XL,D
13:53:26,PTBA,RG,4140,1,D,GR,XC,D
13:53:10,PTBA,RG,4150,1,F,YU,CC,D
13:53:09,PTBA,RG,4150,4,D,XL,CC,D
13:52:29,PTBA,RG,4150,4,F,YU,CC,D
13:52:29,PTBA,RG,4140,20,D,GR,AZ,D
13:52:22,PTBA,RG,4150,1,F,YU,CC,D
13:52:21,PTBA,RG,4150,56,F,YU,CC,D
13:52:21,PTBA,RG,4150,8,F,YU,CC,D
13:52:21,PTBA,RG,4140,7,D,GR,XL,D
13:52:21,PTBA,RG,4140,8,D,GR,YP,D
13:52:21,PTBA,RG,4140,257,D,GR,BK,F
13:52:21,PTBA,RG,4140,55,D,PD,BK,F
13:52:21,PTBA,RG,4140,45,D,PD,CC,F
13:52:16,PTBA,RG,4140,3,F,YU,CC,F
13:52:16,PTBA,RG,4140,15,D,PD,CC,F
13:52:15,PTBA,RG,4140,4,F,YU,CC,F
13:52:15,PTBA,RG,4140,21,F,KZ,CC,F
13:52:13,PTBA,RG,4140,9,F,YU,CC,F
13:52:13,PTBA,RG,4140,1,D,YP,CC,F
13:52:12,PTBA,RG,4140,50,D,YP,CC,F
13:52:12,PTBA,RG,4140,2,D,NI,CC,F
13:52:06,PTBA,RG,4140,18,F,YU,CC,F
13:52:05,PTBA,RG,4140,100,D,NI,CC,F
13:52:05,PTBA,RG,4140,17,F,YU,CC,F
13:52:05,PTBA,RG,4140,100,D,GR,CC,F
13:52:03,PTBA,RG,4140,2,F,YU,CC,F
13:52:02,PTBA,RG,4140,10,D,CC,CC,F
13:52:02,PTBA,RG,4140,1,F,YU,CC,F
13:52:01,PTBA,RG,4140,5,D,CC,CC,F
13:52:01,PTBA,RG,4140,10,F,YU,CC,F
13:52:01,PTBA,RG,4140,1,F,YU,CC,F
13:52:01,PTBA,RG,4140,17,D,YP,CC,F
13:52:01,PTBA,RG,4140,40,D,CC,CC,F
13:52:00,PTBA,RG,4130,5,D,PD,PD,D
13:51:58,PTBA,RG,4140,1,F,YU,CC,F
13:51:58,PTBA,RG,4140,5,D,SQ,CC,F
13:51:55,PTBA,RG,4140,3,F,YU,CC,F
13:51:55,PTBA,RG,4140,20,F,KZ,CC,F
13:51:51,PTBA,RG,4150,3,F,YU,CC,D
13:51:50,PTBA,RG,4150,153,F,YU,CC,D
13:51:50,PTBA,RG,4150,50,F,YU,YU,D
13:51:50,PTBA,RG,4150,10,F,YU,OD,D
13:51:50,PTBA,RG,4150,5,F,YU,XC,D
13:51:50,PTBA,RG,4150,5,F,YU,PD,D
13:51:50,PTBA,RG,4150,1,F,YU,BK,F
13:51:50,PTBA,RG,4150,3,F,YU,BQ,D
13:51:50,PTBA,RG,4150,7,F,YU,AK,F
13:51:50,PTBA,RG,4150,119,F,YU,PD,D
13:51:50,PTBA,RG,4140,1,F,YU,BK,F
13:51:50,PTBA,RG,4140,6,F,YU,AK,F
13:51:50,PTBA,RG,4140,6,F,YU,AK,F
13:51:50,PTBA,RG,4140,1,F,YU,CC,D
13:51:50,PTBA,RG,4140,4,F,YU,XL,D
13:51:50,PTBA,RG,4140,3,F,YU,OD,D
13:51:50,PTBA,RG,4140,136,F,KZ,OD,D
13:51:49,PTBA,RG,4140,11,D,DR,OD,D
13:51:49,PTBA,RG,4140,63,D,DR,YU,F
13:51:49,PTBA,RG,4140,6,D,DR,AK,F
13:51:49,PTBA,RG,4140,30,D,DR,DH,D
13:51:49,PTBA,RG,4140,709,D,DR,BK,F
13:51:49,PTBA,RG,4140,37,D,DR,YU,F
13:51:49,PTBA,RG,4140,1,D,DR,YP,D
13:51:49,PTBA,RG,4140,73,D,DR,YU,F
13:51:49,PTBA,RG,4140,1,D,DR,XC,D
13:51:49,PTBA,RG,4140,150,D,DR,OD,D
13:51:49,PTBA,RG,4140,6,D,DR,AK,F
13:51:49,PTBA,RG,4140,8,D,DR,AK,F
13:51:49,PTBA,RG,4140,120,D,DR,YU,F
13:51:49,PTBA,RG,4140,53,D,DR,KK,D
13:51:49,PTBA,RG,4140,1,D,DR,BK,F
13:51:49,PTBA,RG,4140,75,D,DR,CC,F
13:51:49,PTBA,RG,4140,314,D,DR,CC,D
13:51:49,PTBA,RG,4140,261,D,DR,CC,D
13:51:49,PTBA,RG,4140,81,D,DR,CC,D
13:51:46,PTBA,RG,4140,1,D,XC,CC,D
13:51:41,PTBA,RG,4140,1,F,YU,CC,D
13:51:41,PTBA,RG,4140,9,F,YU,CC,D
13:51:41,PTBA,RG,4140,1,F,YU,CC,D
13:51:40,PTBA,RG,4140,56,D,XL,CC,D
13:51:40,PTBA,RG,4140,4,D,XL,YU,F
13:51:26,PTBA,RG,4140,2,D,XL,YU,F
13:51:19,PTBA,RG,4140,4,F,YU,YU,F
13:51:18,PTBA,RG,4140,23,D,XL,YU,F
13:51:18,PTBA,RG,4140,2,F,YU,YU,F
13:51:17,PTBA,RG,4140,10,D,CC,YU,F
13:51:16,PTBA,RG,4140,9,F,YU,YU,F
13:51:15,PTBA,RG,4140,50,D,PD,YU,F
13:51:13,PTBA,RG,4140,1,D,NI,YU,F
13:51:09,PTBA,RG,4140,2,D,NI,YU,F
13:51:02,PTBA,RG,4140,1,F,YU,YU,F
13:51:01,PTBA,RG,4140,7,F,YU,YU,F
13:51:01,PTBA,RG,4140,2,F,YU,YU,F
13:51:01,PTBA,RG,4140,5,F,YU,YU,F
13:51:00,PTBA,RG,4130,1,D,PD,XL,D
13:51:00,PTBA,RG,4140,11,F,YU,YU,F
13:51:00,PTBA,RG,4130,2,D,PD,CC,D
13:51:00,PTBA,RG,4130,5,D,PD,AT,D
13:51:00,PTBA,RG,4130,10,D,KK,AT,D
13:51:00,PTBA,RG,4130,2,D,KK,AT,D
13:51:00,PTBA,RG,4130,5,D,GR,AT,D
13:51:00,PTBA,RG,4130,2,D,PD,AT,D
13:51:00,PTBA,RG,4130,17,D,ZP,AT,D
13:51:00,PTBA,RG,4130,30,D,ZP,NI,D
13:50:59,PTBA,RG,4130,10,D,ZP,DR,D
13:50:59,PTBA,RG,4130,63,D,ZP,CC,D
13:50:43,PTBA,RG,4140,2,F,YU,YU,F
13:50:42,PTBA,RG,4140,10,D,YP,YU,F
13:50:41,PTBA,RG,4140,9,F,YU,YU,F
13:50:40,PTBA,RG,4140,50,D,CC,YU,F
13:50:32,PTBA,RG,4140,1,D,XL,YU,F
13:50:30,PTBA,RG,4140,21,F,YU,YU,F
13:50:29,PTBA,RG,4140,1,D,NI,YU,F
13:50:29,PTBA,RG,4140,115,F,AK,YU,F
13:50:29,PTBA,RG,4140,5,F,YU,YU,F
13:50:29,PTBA,RG,4140,30,D,YP,YU,F
13:50:27,PTBA,RG,4140,20,F,YU,YU,F
13:50:27,PTBA,RG,4140,11,F,YU,YB,D
13:50:27,PTBA,RG,4140,2,F,YU,YB,D
13:50:26,PTBA,RG,4140,3,D,YP,YB,D
13:50:26,PTBA,RG,4140,20,D,PD,YB,D
13:50:26,PTBA,RG,4140,20,D,PD,YB,D
13:50:26,PTBA,RG,4140,10,F,KZ,YB,D
13:50:26,PTBA,RG,4140,1,D,XC,YB,D
13:50:26,PTBA,RG,4140,1,D,YP,YB,D
13:50:26,PTBA,RG,4140,5,D,PD,YB,D
13:50:26,PTBA,RG,4140,1,D,XC,YB,D
13:50:26,PTBA,RG,4140,50,D,XC,YB,D
13:50:26,PTBA,RG,4140,10,D,CC,YB,D
13:50:26,PTBA,RG,4140,12,F,CS,YB,D
13:50:26,PTBA,RG,4140,2,D,XL,YB,D
13:50:26,PTBA,RG,4140,8,D,XC,YB,D
13:50:26,PTBA,RG,4140,10,D,YP,YB,D
13:50:26,PTBA,RG,4140,25,F,KZ,YB,D
13:50:26,PTBA,RG,4140,9,F,AK,YB,D
13:50:19,PTBA,RG,4150,7,F,YU,PD,D
13:50:18,PTBA,RG,4140,40,F,AK,YU,F
13:50:09,PTBA,RG,4150,1,F,YU,PD,D
13:50:08,PTBA,RG,4140,4,F,AK,PD,D
13:50:05,PTBA,RG,4150,5,F,YU,PD,D
13:50:04,PTBA,RG,4150,30,D,PD,PD,D
13:50:01,PTBA,RG,4150,13,F,YU,PD,D
13:50:01,PTBA,RG,4150,2,F,YU,PD,D
13:50:00,PTBA,RG,4140,76,F,AK,CC,D
13:50:00,PTBA,RG,4140,9,D,AK,CC,D
13:49:57,PTBA,RG,4150,1,D,CC,PD,D
13:49:35,PTBA,RG,4150,4,F,YU,PD,D
13:49:34,PTBA,RG,4150,61,F,YU,PD,D
13:49:34,PTBA,RG,4150,23,F,YU,PD,D
13:49:34,PTBA,RG,4140,234,D,AK,YP,D
13:49:34,PTBA,RG,4140,23,F,CS,YP,D
13:49:34,PTBA,RG,4140,1,D,XC,YP,D
13:49:34,PTBA,RG,4140,10,D,LG,YP,D
13:49:34,PTBA,RG,4140,3,F,KZ,YP,D
13:49:34,PTBA,RG,4140,1,D,YB,YP,D
13:49:34,PTBA,RG,4140,30,D,PD,YP,D
13:49:34,PTBA,RG,4140,5,D,DH,YP,D
13:49:34,PTBA,RG,4140,1,F,KZ,YP,D
13:49:34,PTBA,RG,4140,10,D,YU,YP,D
13:49:34,PTBA,RG,4140,4,D,XC,YP,D
13:49:34,PTBA,RG,4140,1,D,PD,YP,D
13:49:34,PTBA,RG,4140,13,F,KZ,YP,D
13:49:34,PTBA,RG,4140,30,D,DH,YP,D
13:49:34,PTBA,RG,4140,134,F,CS,YP,D
13:49:31,PTBA,RG,4150,1,F,YU,PD,D
13:49:31,PTBA,RG,4140,1,F,CS,PD,D
13:49:26,PTBA,RG,4140,3,F,CS,PD,D
13:49:22,PTBA,RG,4150,1,D,PD,PD,D
13:49:21,PTBA,RG,4150,1,F,YU,PD,D
13:49:21,PTBA,RG,4140,3,F,CS,BQ,D
13:49:20,PTBA,RG,4150,52,F,YU,PD,D
13:49:20,PTBA,RG,4150,1,F,YU,PD,D
13:49:20,PTBA,RG,4140,59,F,CS,CC,D
13:49:20,PTBA,RG,4140,3,F,KZ,CC,D
13:49:20,PTBA,RG,4140,11,F,CS,CC,D
13:49:20,PTBA,RG,4140,1,D,LG,CC,D
13:49:20,PTBA,RG,4140,1,D,PD,CC,D
13:49:20,PTBA,RG,4140,16,F,KZ,CC,D
13:49:20,PTBA,RG,4140,3,D,PD,CC,D
13:49:20,PTBA,RG,4140,150,D,CC,CC,D
13:49:20,PTBA,RG,4140,1,D,XC,CC,D
13:49:20,PTBA,RG,4140,2,D,CC,CC,D
13:49:20,PTBA,RG,4140,48,D,DR,CC,D
13:49:20,PTBA,RG,4140,2,D,EP,CC,D
13:49:20,PTBA,RG,4140,2,F,KZ,CC,D
13:49:20,PTBA,RG,4140,1,D,KK,CC,D
13:49:17,PTBA,RG,4150,1,F,YU,PD,D
13:49:16,PTBA,RG,4150,2,F,YU,PD,D
13:49:16,PTBA,RG,4150,7,F,YU,PD,D
13:49:15,PTBA,RG,4140,20,D,XL,PD,D
13:49:15,PTBA,RG,4140,40,F,KZ,PD,D
13:49:05,PTBA,RG,4150,1,F,YU,PD,D
13:49:04,PTBA,RG,4140,3,F,KZ,BQ,D
13:49:02,PTBA,RG,4150,6,F,YU,PD,D
13:49:01,PTBA,RG,4140,35,F,KZ,YP,D
13:49:00,PTBA,RG,4150,1,F,YU,PD,D
13:48:59,PTBA,RG,4150,1,F,YU,PD,D
13:48:59,PTBA,RG,4150,7,F,YU,PD,D
13:48:58,PTBA,RG,4150,10,D,CC,PD,D
13:48:58,PTBA,RG,4150,142,F,YU,PD,D
13:48:58,PTBA,RG,4150,91,F,YU,YU,F
13:48:58,PTBA,RG,4150,42,F,YU,YU,F
13:48:58,PTBA,RG,4140,80,F,KZ,YB,D
13:48:58,PTBA,RG,4140,20,D,PD,YB,D
13:48:58,PTBA,RG,4140,5,D,YP,YB,D
13:48:58,PTBA,RG,4140,2,D,XC,YB,D
13:48:58,PTBA,RG,4140,1,D,PD,YB,D
13:48:58,PTBA,RG,4140,1,D,AZ,YB,D
13:48:58,PTBA,RG,4140,5,D,KK,YB,D
13:48:58,PTBA,RG,4140,2,D,NI,YB,D
13:48:58,PTBA,RG,4140,1,D,DH,YB,D
13:48:58,PTBA,RG,4140,10,D,CC,YB,D
13:48:58,PTBA,RG,4140,10,D,LG,YB,D
13:48:58,PTBA,RG,4140,100,D,XL,YB,D
13:48:58,PTBA,RG,4140,7,D,XL,YB,D
13:48:58,PTBA,RG,4140,1,D,XL,YB,D
13:48:58,PTBA,RG,4140,1,D,XC,YB,D
13:48:58,PTBA,RG,4140,5,D,XC,YB,D
13:48:58,PTBA,RG,4140,2,D,AZ,YB,D
13:48:58,PTBA,RG,4140,215,F,CS,YB,D
13:48:58,PTBA,RG,4140,20,D,PD,YB,D
13:48:58,PTBA,RG,4140,10,D,YP,YB,D
13:48:58,PTBA,RG,4140,3,D,CC,YB,D
13:48:58,PTBA,RG,4140,1,D,CC,YB,D
13:48:58,PTBA,RG,4140,10,D,YP,YB,D
13:48:58,PTBA,RG,4140,2,D,PD,YB,D
13:48:58,PTBA,RG,4140,1,D,CC,YB,D
13:48:58,PTBA,RG,4140,5,D,OD,YB,D
13:48:58,PTBA,RG,4140,4,D,PD,YB,D
13:48:58,PTBA,RG,4140,10,D,XL,YB,D
13:48:58,PTBA,RG,4140,16,F,CS,YB,D
13:48:58,PTBA,RG,4140,242,D,XL,YB,D
13:48:58,PTBA,RG,4140,121,D,XL,YB,D
13:48:58,PTBA,RG,4140,2,D,YP,YB,D
13:48:58,PTBA,RG,4140,47,D,AK,YB,D
13:48:58,PTBA,RG,4140,5,D,XL,YB,D
13:48:58,PTBA,RG,4140,1,D,PD,YB,D
13:48:58,PTBA,RG,4140,5,D,XL,YB,D
13:48:58,PTBA,RG,4140,2,D,SQ,YB,D
13:48:58,PTBA,RG,4140,10,D,NI,YB,D
13:48:58,PTBA,RG,4140,1,D,YB,YB,D
13:48:58,PTBA,RG,4140,5,D,PD,YB,D
13:48:58,PTBA,RG,4140,66,F,AK,YB,D
13:48:58,PTBA,RG,4140,182,D,HD,YB,D
13:48:58,PTBA,RG,4140,15,D,CC,YB,D
13:48:58,PTBA,RG,4140,2,D,XC,YB,D
13:48:58,PTBA,RG,4140,5,D,PD,YB,D
13:48:58,PTBA,RG,4140,1,D,SQ,YB,D
13:48:58,PTBA,RG,4140,48,D,AK,YB,D
13:48:58,PTBA,RG,4140,16,F,CS,YB,D
13:48:58,PTBA,RG,4140,12,D,OD,YB,D
13:48:58,PTBA,RG,4140,1,D,XC,YB,D
13:48:58,PTBA,RG,4140,5,D,CC,YB,D
13:48:58,PTBA,RG,4140,1,D,CC,YB,D
13:48:58,PTBA,RG,4140,11,D,EP,YB,D
13:48:58,PTBA,RG,4140,1,D,YP,YB,D
13:48:58,PTBA,RG,4140,1,D,YP,YB,D
13:48:58,PTBA,RG,4140,2,D,XC,YB,D
13:48:58,PTBA,RG,4140,1,D,YP,YB,D
13:48:58,PTBA,RG,4140,1,D,OD,YB,D
13:48:58,PTBA,RG,4140,2,D,PD,YB,D
13:48:58,PTBA,RG,4140,236,D,EP,YB,D
13:48:50,PTBA,RG,4150,1,F,YU,YU,F
13:48:49,PTBA,RG,4140,5,D,EP,SQ,D
13:48:48,PTBA,RG,4150,2,F,YU,YU,F
13:48:47,PTBA,RG,4150,75,F,YU,YU,F
13:48:47,PTBA,RG,4150,11,F,YU,YU,F
13:48:46,PTBA,RG,4140,259,D,EP,OD,D
13:48:46,PTBA,RG,4140,15,D,DX,OD,D
13:48:46,PTBA,RG,4140,1,D,NI,OD,D
13:48:46,PTBA,RG,4140,1,D,YP,OD,D
13:48:46,PTBA,RG,4140,5,D,XA,OD,D
13:48:46,PTBA,RG,4140,10,D,NI,OD,D
13:48:46,PTBA,RG,4140,1,D,PD,OD,D
13:48:46,PTBA,RG,4140,1,D,PD,OD,D
13:48:46,PTBA,RG,4140,1,D,PD,OD,D
13:48:46,PTBA,RG,4140,25,D,YP,OD,D
13:48:46,PTBA,RG,4140,3,D,XC,OD,D
13:48:46,PTBA,RG,4140,5,D,YP,OD,D
13:48:46,PTBA,RG,4140,1,D,XC,OD,D
13:48:46,PTBA,RG,4140,3,D,YP,OD,D
13:48:46,PTBA,RG,4140,1,D,PD,OD,D
13:48:46,PTBA,RG,4140,5,D,YB,OD,D
13:48:46,PTBA,RG,4140,8,D,XL,OD,D
13:48:46,PTBA,RG,4140,1,D,XL,OD,D
13:48:46,PTBA,RG,4140,10,D,PD,OD,D
13:48:46,PTBA,RG,4140,10,D,YP,OD,D
13:48:46,PTBA,RG,4140,1,D,PD,OD,D
13:48:46,PTBA,RG,4140,2,D,CC,OD,D
13:48:46,PTBA,RG,4140,2,D,YP,OD,D
13:48:46,PTBA,RG,4140,1,D,CC,OD,D
13:48:46,PTBA,RG,4140,5,D,CC,OD,D
13:48:46,PTBA,RG,4140,2,D,PD,OD,D
13:48:46,PTBA,RG,4140,1,D,PD,OD,D
13:48:46,PTBA,RG,4140,1,D,PD,OD,D
13:48:46,PTBA,RG,4140,1,D,CC,OD,D
13:48:46,PTBA,RG,4140,2,D,CC,OD,D
13:48:46,PTBA,RG,4140,25,D,YP,OD,D
13:48:46,PTBA,RG,4140,1,D,AZ,OD,D
13:48:46,PTBA,RG,4140,5,D,CC,OD,D
13:48:46,PTBA,RG,4140,3,D,XL,OD,D
13:48:46,PTBA,RG,4140,1,D,PD,OD,D
13:48:46,PTBA,RG,4140,1,D,CC,OD,D
13:48:46,PTBA,RG,4140,1,D,XC,OD,D
13:48:46,PTBA,RG,4140,1,D,XL,OD,D
13:48:46,PTBA,RG,4140,12,D,PD,OD,D
13:48:46,PTBA,RG,4140,2,D,XC,OD,D
13:48:46,PTBA,RG,4140,1,D,XC,OD,D
13:48:46,PTBA,RG,4140,63,D,GR,OD,D
13:48:28,PTBA,RG,4140,1,D,GR,PD,D
13:48:25,PTBA,RG,4150,2,F,YU,YU,F
13:48:24,PTBA,RG,4150,8,D,NI,YU,F
13:48:24,PTBA,RG,4150,2,D,NI,CC,D
13:48:24,PTBA,RG,4150,4,F,YU,CC,D
13:48:24,PTBA,RG,4140,22,D,GR,PD,D
13:48:11,PTBA,RG,4140,2,D,GR,PD,D
13:48:09,PTBA,RG,4150,1,F,YU,CC,D
13:48:08,PTBA,RG,4140,1,D,GR,PD,D
13:48:07,PTBA,RG,4150,5,D,KK,CC,D
13:47:51,PTBA,RG,4150,1,F,YU,CC,D
13:47:50,PTBA,RG,4140,5,D,GR,XC,D
13:47:18,PTBA,RG,4150,1,F,YU,CC,D
13:47:17,PTBA,RG,4150,1,D,XC,CC,D
13:47:16,PTBA,RG,4150,1,F,YU,CC,D
13:47:16,PTBA,RG,4150,2,F,YU,CC,D
13:47:16,PTBA,RG,4140,6,D,GR,YP,D
13:47:16,PTBA,RG,4140,16,D,CP,YP,D
13:47:06,PTBA,RG,4150,1,F,YU,CC,D
13:47:05,PTBA,RG,4150,2,F,YU,CC,D
13:47:04,PTBA,RG,4140,4,D,CP,CC,D
13:47:04,PTBA,RG,4140,9,D,IU,CC,D
13:47:04,PTBA,RG,4150,1,D,XL,CC,D
13:46:50,PTBA,RG,4150,1,F,YU,CC,D
13:46:49,PTBA,RG,4150,38,F,YU,CC,D
13:46:49,PTBA,RG,4150,5,F,YU,CC,D
13:46:48,PTBA,RG,4140,1,D,IU,PD,D
13:46:48,PTBA,RG,4140,100,D,YP,PD,D
13:46:48,PTBA,RG,4140,1,D,XC,PD,D
13:46:48,PTBA,RG,4140,1,D,YP,PD,D
13:46:48,PTBA,RG,4140,4,D,SQ,PD,D
13:46:48,PTBA,RG,4140,50,D,HD,PD,D
13:46:48,PTBA,RG,4140,2,D,KK,PD,D
13:46:48,PTBA,RG,4140,5,D,XC,PD,D
13:46:48,PTBA,RG,4140,5,D,YP,PD,D
13:46:48,PTBA,RG,4140,15,D,CC,PD,D
13:46:48,PTBA,RG,4140,6,D,XC,PD,D
13:46:48,PTBA,RG,4140,30,D,CC,PD,D
13:46:48,PTBA,RG,4140,30,D,KK,PD,D
13:46:48,PTBA,RG,4150,4,F,YU,CC,D
13:46:47,PTBA,RG,4140,20,D,KK,BQ,D
13:46:39,PTBA,RG,4140,2,D,KK,NI,D
13:46:35,PTBA,RG,4150,1,D,PD,CC,D
13:46:14,PTBA,RG,4150,1,F,YU,XL,D
13:46:13,PTBA,RG,4140,5,D,KK,XC,D
13:45:53,PTBA,RG,4150,5,F,YU,XL,D
13:45:53,PTBA,RG,4150,8,F,YU,YU,F
13:45:51,PTBA,RG,4150,75,D,YU,YU,F
13:45:36,PTBA,RG,4150,5,F,YU,YU,F
13:45:35,PTBA,RG,4150,25,D,PD,BK,F
13:45:27,PTBA,RG,4140,3,D,KK,XC,D
13:45:12,PTBA,RG,4140,1,D,KK,PD,D
13:44:51,PTBA,RG,4150,6,F,YU,BK,F
13:44:51,PTBA,RG,4150,35,D,XL,BK,F
13:44:48,PTBA,RG,4150,1,F,YU,BK,F
13:44:48,PTBA,RG,4140,1,D,KK,XL,D
13:44:24,PTBA,RG,4150,1,F,YU,BK,F
13:44:24,PTBA,RG,4140,5,D,KK,LG,D
13:44:21,PTBA,RG,4150,1,D,XL,BK,F
13:44:21,PTBA,RG,4140,4,D,KK,PD,D
13:43:30,PTBA,RG,4150,1,F,YU,BK,F
13:43:30,PTBA,RG,4140,5,D,KK,XC,D
13:43:08,PTBA,RG,4140,1,D,KK,PD,D
13:43:04,PTBA,RG,4150,4,F,YU,BK,F
13:43:04,PTBA,RG,4150,18,D,XC,BK,F
13:43:01,PTBA,RG,4150,8,F,YU,BK,F
13:43:00,PTBA,RG,4150,46,F,YU,BK,F
13:43:00,PTBA,RG,4150,46,F,YU,BK,F
13:43:00,PTBA,RG,4140,43,D,KK,CC,D
13:43:00,PTBA,RG,4140,25,D,CC,CC,D
13:43:00,PTBA,RG,4140,50,D,YP,CC,D
13:43:00,PTBA,RG,4140,5,D,LG,CC,D
13:43:00,PTBA,RG,4140,5,D,OD,CC,D
13:43:00,PTBA,RG,4140,100,D,YP,CC,D
13:43:00,PTBA,RG,4140,5,D,NI,CC,D
13:43:00,PTBA,RG,4140,1,D,PD,CC,D
13:43:00,PTBA,RG,4140,15,D,NI,CC,D
13:43:00,PTBA,RG,4140,50,D,PD,CC,D
13:43:00,PTBA,RG,4140,7,D,YP,CC,D
13:43:00,PTBA,RG,4140,260,D,YP,CC,D
13:43:00,PTBA,RG,4140,2,D,NI,CC,D
13:43:00,PTBA,RG,4140,2,D,YP,CC,D
13:42:46,PTBA,RG,4150,1,F,YU,BK,F
13:42:46,PTBA,RG,4150,1,F,YU,BK,F
13:42:46,PTBA,RG,4140,1,D,YP,YP,D
13:42:46,PTBA,RG,4140,1,D,SQ,YP,D
13:42:46,PTBA,RG,4140,1,D,XC,YP,D
13:42:46,PTBA,RG,4140,7,D,AO,YP,D
13:42:41,PTBA,RG,4150,2,F,YU,BK,F
13:42:41,PTBA,RG,4140,10,D,AO,DH,D
13:42:07,PTBA,RG,4150,35,F,YU,BK,F
13:42:07,PTBA,RG,4140,200,D,AO,CC,D
13:41:49,PTBA,RG,4150,1,F,YU,BK,F
13:41:48,PTBA,RG,4140,5,D,AO,XC,D
13:41:36,PTBA,RG,4140,1,D,AO,XL,D
13:41:26,PTBA,RG,4150,1,D,CC,BK,F
13:41:14,PTBA,RG,4150,1,F,YU,BK,F
13:41:14,PTBA,RG,4150,1,D,XL,BK,F
13:41:14,PTBA,RG,4150,2,D,XC,BK,F
13:41:05,PTBA,RG,4150,13,F,YU,BK,F
13:41:04,PTBA,RG,4150,1,F,YU,BK,F
13:41:04,PTBA,RG,4150,74,F,YU,BK,F
13:41:03,PTBA,RG,4150,47,D,NI,BK,F
13:41:03,PTBA,RG,4150,6,D,NI,AK,F
13:41:03,PTBA,RG,4150,27,D,NI,YU,F
13:41:03,PTBA,RG,4150,420,D,NI,OD,D
13:40:37,PTBA,RG,4150,4,F,YU,OD,D
13:40:37,PTBA,RG,4150,20,D,XC,OD,D
13:40:26,PTBA,RG,4150,2,D,CC,OD,D
13:40:08,PTBA,RG,4150,3,D,XC,OD,D
13:39:56,PTBA,RG,4150,1,F,YU,OD,D
13:39:56,PTBA,RG,4150,1,D,XL,OD,D
13:39:40,PTBA,RG,4150,8,F,YU,OD,D
13:39:40,PTBA,RG,4140,50,D,AO,CC,D
13:39:37,PTBA,RG,4150,18,F,YU,OD,D
13:39:37,PTBA,RG,4140,100,D,AO,CC,D
13:39:34,PTBA,RG,4140,1,D,AO,YP,D
13:39:32,PTBA,RG,4150,18,F,YU,OD,D
13:39:31,PTBA,RG,4140,100,D,AO,CC,D
13:39:28,PTBA,RG,4150,5,F,YU,OD,D
13:39:28,PTBA,RG,4150,13,F,YU,NI,D
13:39:27,PTBA,RG,4140,100,D,AO,CC,D
13:38:52,PTBA,RG,4150,3,F,YU,NI,D
13:38:51,PTBA,RG,4140,17,D,AO,XC,D
13:38:40,PTBA,RG,4150,1,D,NI,NI,D
13:38:37,PTBA,RG,4150,1,D,YP,NI,D
13:38:33,PTBA,RG,4150,2,D,CC,NI,D
13:38:25,PTBA,RG,4150,1,F,YU,NI,D
13:38:25,PTBA,RG,4150,5,D,XC,NI,D
13:38:07,PTBA,RG,4150,2,F,YU,NI,D
13:38:06,PTBA,RG,4140,12,D,AO,XL,D
13:37:58,PTBA,RG,4150,1,D,PD,NI,D
13:37:33,PTBA,RG,4150,5,F,YU,NI,D
13:37:32,PTBA,RG,4140,25,D,AO,PD,D
13:37:31,PTBA,RG,4150,1,D,PD,NI,D
13:37:24,PTBA,RG,4150,1,F,YU,NI,D
13:37:24,PTBA,RG,4140,8,D,AO,CC,D
13:37:12,PTBA,RG,4150,1,F,YU,NI,D
13:37:11,PTBA,RG,4150,2,F,YU,NI,D
13:37:11,PTBA,RG,4150,4,F,YU,NI,D
13:37:10,PTBA,RG,4150,17,F,YU,NI,D
13:37:10,PTBA,RG,4150,26,F,YU,YB,D
13:37:10,PTBA,RG,4150,14,F,YU,YB,D
13:37:10,PTBA,RG,4150,22,F,YU,PD,D
13:37:10,PTBA,RG,4150,3,F,YU,AK,F
13:37:09,PTBA,RG,4150,3,D,NI,AK,F
13:37:09,PTBA,RG,4150,2,D,NI,NI,D
13:37:09,PTBA,RG,4150,200,D,NI,CP,D
13:37:09,PTBA,RG,4150,75,D,NI,CC,F
13:37:09,PTBA,RG,4150,220,D,NI,YU,F
13:37:08,PTBA,RG,4150,1,F,YU,YU,F
13:37:07,PTBA,RG,4150,5,D,DH,YU,F
13:37:06,PTBA,RG,4150,1,D,NI,YU,F
13:36:54,PTBA,RG,4150,1,D,NI,YU,F
13:36:29,PTBA,RG,4150,1,D,NI,YU,F
13:35:59,PTBA,RG,4150,2,D,XC,YU,F
13:35:52,PTBA,RG,4150,1,F,YU,YU,F
13:35:51,PTBA,RG,4150,87,F,YU,YU,F
13:35:51,PTBA,RG,4150,1,F,YU,YU,F
13:35:50,PTBA,RG,4140,364,D,AO,YP,D
13:35:50,PTBA,RG,4140,5,D,PD,YP,D
13:35:50,PTBA,RG,4140,5,D,XL,YP,D
13:35:50,PTBA,RG,4140,5,D,YP,YP,D
13:35:50,PTBA,RG,4140,5,D,RO,YP,D
13:35:50,PTBA,RG,4140,1,D,XC,YP,D
13:35:50,PTBA,RG,4140,15,D,YP,YP,D
13:35:50,PTBA,RG,4140,3,D,XL,YP,D
13:35:50,PTBA,RG,4140,3,D,XL,YP,D
13:35:50,PTBA,RG,4140,3,D,YP,YP,D
13:35:50,PTBA,RG,4140,1,D,LG,YP,D
13:35:50,PTBA,RG,4140,2,D,DR,YP,D
13:35:50,PTBA,RG,4140,5,D,YP,YP,D
13:35:50,PTBA,RG,4140,10,D,CC,YP,D
13:35:50,PTBA,RG,4140,1,D,KK,YP,D
13:35:50,PTBA,RG,4140,6,D,KK,YP,D
13:35:50,PTBA,RG,4140,5,D,YP,YP,D
13:35:50,PTBA,RG,4140,1,D,YP,YP,D
13:35:50,PTBA,RG,4140,2,D,SQ,YP,D
13:35:50,PTBA,RG,4140,1,D,XC,YP,D
13:35:50,PTBA,RG,4140,1,D,PD,YP,D
13:35:50,PTBA,RG,4140,46,D,PD,YP,D
13:35:50,PTBA,RG,4140,4,D,PD,EP,D
13:35:50,PTBA,RG,4140,5,D,KK,PD,D
13:35:21,PTBA,RG,4150,3,D,YP,YU,F
13:35:14,PTBA,RG,4150,1,D,XC,YU,F
13:35:12,PTBA,RG,4150,1,F,YU,YU,F
13:35:12,PTBA,RG,4150,5,D,YP,YU,F
13:34:41,PTBA,RG,4150,2,F,YU,YU,F
13:34:40,PTBA,RG,4150,11,D,XC,YU,F
13:34:35,PTBA,RG,4150,4,F,YU,YU,F
13:34:35,PTBA,RG,4150,211,F,YU,YU,F
13:34:34,PTBA,RG,4150,7,F,YU,YU,F
13:34:34,PTBA,RG,4150,17,F,CS,YU,F
13:34:34,PTBA,RG,4150,1,D,PD,AK,F
13:34:34,PTBA,RG,4150,20,D,CC,AK,F
13:34:34,PTBA,RG,4150,49,D,AK,AK,F
13:34:34,PTBA,RG,4150,2,D,DR,AK,F
13:34:34,PTBA,RG,4150,10,D,EP,AK,F
13:34:34,PTBA,RG,4150,5,D,NI,AK,F
13:34:34,PTBA,RG,4150,10,D,CC,AK,F
13:34:34,PTBA,RG,4150,12,D,XC,AK,F
13:34:34,PTBA,RG,4150,10,D,PD,AK,F
13:34:34,PTBA,RG,4150,1,D,XL,AK,F
13:34:34,PTBA,RG,4150,1,D,XL,AK,F
13:34:34,PTBA,RG,4150,1,D,YP,AK,F
13:34:34,PTBA,RG,4150,10,D,YP,AK,F
13:34:34,PTBA,RG,4150,25,D,YP,AK,F
13:34:34,PTBA,RG,4150,20,D,XL,AK,F
13:34:34,PTBA,RG,4150,23,F,AK,AK,F
13:34:34,PTBA,RG,4150,79,F,AK,AK,F
13:34:34,PTBA,RG,4150,6,D,YP,AK,F
13:34:34,PTBA,RG,4150,5,D,YP,AK,F
13:34:34,PTBA,RG,4150,1,D,XC,AK,F
13:34:34,PTBA,RG,4150,51,D,AK,AK,F
13:34:34,PTBA,RG,4150,5,D,XC,AK,F
13:34:34,PTBA,RG,4150,4,D,YP,AK,F
13:34:34,PTBA,RG,4150,50,D,YP,AK,F
13:34:34,PTBA,RG,4150,5,D,LG,AK,F
13:34:34,PTBA,RG,4150,200,D,DR,AK,F
13:34:34,PTBA,RG,4150,1,D,DR,AK,F
13:34:34,PTBA,RG,4150,10,D,OD,AK,F
13:34:34,PTBA,RG,4150,6,D,YP,AK,F
13:34:34,PTBA,RG,4150,2,D,PD,AK,F
13:34:34,PTBA,RG,4150,10,D,PD,AK,F
13:34:34,PTBA,RG,4150,1,D,PD,AK,F
13:34:34,PTBA,RG,4150,1,D,PD,AK,F
13:34:34,PTBA,RG,4150,11,D,PD,AK,F
13:34:34,PTBA,RG,4150,2,D,PD,AK,F
13:34:34,PTBA,RG,4150,1,D,PD,AK,F
13:34:34,PTBA,RG,4150,50,D,GR,AK,F
13:34:34,PTBA,RG,4150,15,D,DX,AK,F
13:34:34,PTBA,RG,4150,4,D,SQ,AK,F
13:34:34,PTBA,RG,4150,10,D,PD,AK,F
13:34:34,PTBA,RG,4150,5,D,TP,AK,F
13:34:34,PTBA,RG,4150,5,D,DR,AK,F
13:34:34,PTBA,RG,4150,1,D,KK,AK,F
13:34:34,PTBA,RG,4150,250,D,PD,AK,F
13:34:34,PTBA,RG,4150,5,D,NI,AK,F
13:34:34,PTBA,RG,4150,1,D,YP,AK,F
13:34:34,PTBA,RG,4150,5,D,EP,AK,F
13:34:34,PTBA,RG,4150,5,D,XC,AK,F
13:34:34,PTBA,RG,4150,3,D,XC,AK,F
13:34:34,PTBA,RG,4150,10,D,CC,AK,F
13:34:34,PTBA,RG,4150,5,D,XA,AK,F
13:34:34,PTBA,RG,4150,12,F,CS,AK,F
13:34:34,PTBA,RG,4150,26,D,XL,AK,F
13:34:34,PTBA,RG,4150,2,D,PD,AK,F
13:34:34,PTBA,RG,4150,2,D,YP,AK,F
13:34:34,PTBA,RG,4150,10,D,YP,AK,F
13:34:34,PTBA,RG,4150,1,D,CC,AK,F
13:34:34,PTBA,RG,4150,5,D,XL,AK,F
13:34:34,PTBA,RG,4150,117,D,YP,AK,F
13:34:34,PTBA,RG,4150,40,D,YP,YU,F
13:34:32,PTBA,RG,4160,1,F,YU,XC,D
13:34:32,PTBA,RG,4160,4,D,XL,XC,D
13:34:31,PTBA,RG,4160,17,F,YU,XC,D
13:34:31,PTBA,RG,4150,100,D,YP,YP,D
13:34:25,PTBA,RG,4160,9,F,YU,XC,D
13:34:25,PTBA,RG,4150,50,D,YP,XA,D
13:34:16,PTBA,RG,4160,9,F,YU,XC,D
13:34:16,PTBA,RG,4150,50,D,YP,XA,D
13:34:15,PTBA,RG,4160,9,F,YU,XC,D
13:34:15,PTBA,RG,4150,50,D,YP,XA,D
13:34:15,PTBA,RG,4160,64,F,YU,XC,D
13:34:15,PTBA,RG,4160,9,F,YU,XC,D
13:34:15,PTBA,RG,4160,9,F,YU,XC,D
13:34:15,PTBA,RG,4160,20,F,YU,CC,D
13:34:15,PTBA,RG,4160,73,F,YU,CC,D
13:34:14,PTBA,RG,4160,1,F,YU,CC,D
13:34:14,PTBA,RG,4150,93,D,YP,AK,F
13:34:14,PTBA,RG,4150,1,D,XC,AK,F
13:34:14,PTBA,RG,4150,5,D,XC,AK,F
13:34:14,PTBA,RG,4150,5,F,CS,AK,F
13:34:14,PTBA,RG,4150,5,D,XC,AK,F
13:34:14,PTBA,RG,4150,5,D,XC,AK,F
13:34:14,PTBA,RG,4150,2,D,XL,AK,F
13:34:14,PTBA,RG,4150,100,D,XL,AK,F
13:34:14,PTBA,RG,4150,2,D,PD,AK,F
13:34:14,PTBA,RG,4150,10,D,XC,AK,F
13:34:14,PTBA,RG,4150,9,F,CS,AK,F
13:34:14,PTBA,RG,4150,30,D,CC,AK,F
13:34:14,PTBA,RG,4150,10,D,YP,AK,F
13:34:14,PTBA,RG,4150,1,D,PD,AK,F
13:34:14,PTBA,RG,4150,1,D,PD,AK,F
13:34:14,PTBA,RG,4150,15,F,CS,AK,F
13:34:14,PTBA,RG,4150,1,D,PD,AK,F
13:34:14,PTBA,RG,4150,3,D,NI,AK,F
13:34:14,PTBA,RG,4150,10,D,NI,AK,F
13:34:14,PTBA,RG,4150,12,F,CS,AK,F
13:34:14,PTBA,RG,4150,25,D,YP,AK,F
13:34:14,PTBA,RG,4150,2,D,XC,AK,F
13:34:14,PTBA,RG,4150,20,D,CC,AK,F
13:34:14,PTBA,RG,4150,9,D,PD,AK,F
13:34:14,PTBA,RG,4150,1,D,XC,AK,F
13:34:14,PTBA,RG,4150,6,D,CC,AK,F
13:34:14,PTBA,RG,4150,2,D,LG,AK,F
13:34:14,PTBA,RG,4150,6,D,YP,AK,F
13:34:14,PTBA,RG,4150,123,D,YP,AK,F
13:34:14,PTBA,RG,4150,1,D,CC,AK,F
13:34:14,PTBA,RG,4150,1,D,PD,AK,F
13:34:14,PTBA,RG,4150,50,D,NI,AK,F
13:34:14,PTBA,RG,4150,10,D,IU,AK,F
13:34:14,PTBA,RG,4150,10,D,GR,AK,F
13:34:14,PTBA,RG,4150,20,D,OD,AK,F
13:34:14,PTBA,RG,4150,5,D,XC,AK,F
13:34:14,PTBA,RG,4150,20,D,PD,AK,F
13:34:14,PTBA,RG,4150,5,D,PD,AK,F
13:34:14,PTBA,RG,4150,18,D,PD,AK,F
13:34:14,PTBA,RG,4150,1,D,XL,AK,F
13:34:14,PTBA,RG,4150,10,D,CC,AK,F
13:34:14,PTBA,RG,4150,15,D,PD,AK,F
13:34:14,PTBA,RG,4150,2,D,PD,AK,F
13:34:14,PTBA,RG,4150,1,D,AI,AK,F
13:34:14,PTBA,RG,4150,60,D,EP,AK,F
13:34:14,PTBA,RG,4150,10,D,NI,AK,F
13:34:14,PTBA,RG,4150,10,D,YP,AK,F
13:34:14,PTBA,RG,4150,1,D,XL,AK,F
13:34:14,PTBA,RG,4150,1,D,YP,AK,F
13:34:14,PTBA,RG,4150,2,D,KK,AK,F
13:34:14,PTBA,RG,4150,1,D,XL,AK,F
13:34:14,PTBA,RG,4150,1,D,PD,AK,F
13:34:14,PTBA,RG,4150,1,D,AG,AK,F
13:34:14,PTBA,RG,4150,2,D,XC,AK,F
13:34:14,PTBA,RG,4150,1,D,XC,AK,F
13:34:14,PTBA,RG,4150,5,D,XC,AK,F
13:34:14,PTBA,RG,4150,2,D,YP,AK,F
13:34:14,PTBA,RG,4150,2,D,XC,AK,F
13:34:14,PTBA,RG,4150,1,D,YP,AK,F
13:34:14,PTBA,RG,4150,8,D,XL,AK,F
13:34:14,PTBA,RG,4150,80,D,IF,AK,F
13:34:14,PTBA,RG,4150,1,D,XL,AK,F
13:34:14,PTBA,RG,4150,5,D,NI,AK,F
