Time,Stock,Brd,Price,Qty,BT,BC,SC,ST
15:14:51,PTBA,RG,4230,1,D,DR,BK,F
15:14:50,PTBA,RG,4230,2,D,DR,XC,D
15:14:43,PTBA,RG,4230,1,D,DR,BK,F
15:14:42,PTBA,RG,4230,8,D,DR,XC,D
15:14:42,PTBA,RG,4230,2,D,OD,XC,D
15:14:28,PTBA,RG,4230,4,D,CC,NI,D
15:14:26,PTBA,RG,4230,6,D,CC,BK,F
15:14:25,PTBA,RG,4230,50,D,CC,CC,D
15:13:54,PTBA,RG,4230,5,D,CC,BK,F
15:13:53,PTBA,RG,4230,50,D,CC,CC,D
15:13:35,PTBA,RG,4230,1,D,CC,BK,F
15:13:34,PTBA,RG,4230,2,D,CC,SQ,D
15:13:23,PTBA,RG,4230,1,D,CC,BK,F
15:13:23,PTBA,RG,4230,2,D,YP,BK,F
15:13:22,PTBA,RG,4230,30,D,KK,YP,D
15:12:01,PTBA,RG,4230,1,D,YP,BK,F
15:12:01,PTBA,RG,4230,14,D,YP,XC,D
15:12:01,PTBA,RG,4230,4,D,YP,BK,F
15:12:01,PTBA,RG,4230,30,D,YP,YP,D
15:12:01,PTBA,RG,4230,1,D,YP,BK,F
15:12:01,PTBA,RG,4230,10,D,YP,CC,D
15:12:01,PTBA,RG,4230,17,D,YP,BK,F
15:12:01,PTBA,RG,4230,69,D,YP,NI,D
15:11:24,PTBA,RG,4230,30,D,DR,NI,D
15:11:13,PTBA,RG,4230,5,D,XC,NI,D
15:10:44,PTBA,RG,4230,4,D,BQ,NI,D
15:10:32,PTBA,RG,4230,42,D,YP,NI,D
15:10:32,PTBA,RG,4230,4,D,YP,BK,F
15:10:32,PTBA,RG,4230,10,D,YP,YP,D
15:10:11,PTBA,RG,4230,10,D,CC,YP,D
15:09:56,PTBA,RG,4230,5,D,PD,YP,D
15:09:35,PTBA,RG,4230,5,D,XL,YP,D
15:09:35,PTBA,RG,4230,10,D,XC,YP,D
15:09:21,PTBA,RG,4230,2,D,XC,BK,F
15:09:20,PTBA,RG,4230,3,D,XC,YP,D
15:09:20,PTBA,RG,4230,17,D,DR,YP,D
15:09:19,PTBA,RG,4230,4,D,DR,BK,F
15:09:18,PTBA,RG,4230,33,D,DR,XC,D
15:09:15,PTBA,RG,4230,2,D,DR,OD,D
15:09:01,PTBA,RG,4230,557,D,DR,BK,F
15:09:01,PTBA,RG,4230,15,D,DR,YP,D
15:09:01,PTBA,RG,4230,5000,D,DR,YP,D
15:09:01,PTBA,RG,4230,1,D,DR,BK,F
15:09:01,PTBA,RG,4230,5,D,DR,YP,D
15:09:01,PTBA,RG,4230,1,D,DR,XC,D
15:09:01,PTBA,RG,4230,365,D,DR,BK,F
15:08:50,PTBA,RG,4230,3,D,CC,BK,F
15:07:56,PTBA,RG,4230,76,D,CC,BK,F
15:07:56,PTBA,RG,4230,101,D,CC,YP,D
15:07:47,PTBA,RG,4230,5,D,GR,YP,D
15:07:38,PTBA,RG,4230,5,D,XL,YP,D
15:07:09,PTBA,RG,4230,6,D,DH,YP,D
15:06:46,PTBA,RG,4230,5,D,NI,YP,D
15:06:46,PTBA,RG,4230,1,D,DR,YP,D
15:06:46,PTBA,RG,4230,2,D,KK,YP,D
15:06:46,PTBA,RG,4230,1,D,XC,YP,D
15:06:46,PTBA,RG,4230,1,D,YP,YP,D
15:06:46,PTBA,RG,4230,250,D,CP,YP,D
15:06:46,PTBA,RG,4230,100,D,PD,YP,D
15:06:46,PTBA,RG,4230,50,D,PD,YP,D
15:06:46,PTBA,RG,4230,9,D,PD,YP,D
15:06:46,PTBA,RG,4230,1,D,XC,YP,D
15:06:46,PTBA,RG,4230,25,D,YP,YP,D
15:06:46,PTBA,RG,4230,3,D,YP,YP,D
15:06:46,PTBA,RG,4230,50,D,OD,YP,D
15:06:46,PTBA,RG,4230,120,D,YP,YP,D
15:06:46,PTBA,RG,4230,10,D,NI,YP,D
15:06:46,PTBA,RG,4230,1,D,CC,YP,D
15:06:46,PTBA,RG,4230,10,D,YP,YP,D
15:06:46,PTBA,RG,4230,20,D,NI,YP,D
15:06:46,PTBA,RG,4230,20,D,NI,YP,D
15:06:46,PTBA,RG,4230,5,D,CC,YP,D
15:06:46,PTBA,RG,4230,5,F,YP,YP,D
15:06:46,PTBA,RG,4230,35,D,PD,YP,D
15:06:46,PTBA,RG,4230,85,D,PD,YP,D
15:06:46,PTBA,RG,4230,30,D,XA,YP,D
15:06:46,PTBA,RG,4230,2,D,PD,YP,D
15:06:46,PTBA,RG,4230,5,D,CC,YP,D
15:06:46,PTBA,RG,4230,250,D,CP,YP,D
15:06:46,PTBA,RG,4230,20,D,YP,YP,D
15:06:46,PTBA,RG,4230,50,D,SQ,YP,D
15:06:46,PTBA,RG,4230,20,D,YP,YP,D
15:06:46,PTBA,RG,4230,2,D,PD,YP,D
15:06:46,PTBA,RG,4230,10,D,CD,YP,D
15:06:46,PTBA,RG,4230,5,D,BQ,YP,D
15:06:46,PTBA,RG,4230,50,D,YP,YP,D
15:06:46,PTBA,RG,4230,1641,D,CC,YP,D
15:06:46,PTBA,RG,4230,10,D,KK,YP,D
15:06:46,PTBA,RG,4230,1,D,NI,YP,D
15:06:46,PTBA,RG,4230,12,D,PD,YP,D
15:06:46,PTBA,RG,4230,1,D,AG,YP,D
15:06:46,PTBA,RG,4230,10,D,YP,YP,D
15:06:46,PTBA,RG,4230,1,D,PD,YP,D
15:06:46,PTBA,RG,4230,150,D,PD,YP,D
15:06:46,PTBA,RG,4230,15,D,CC,YP,D
15:06:46,PTBA,RG,4230,5,D,NI,YP,D
15:06:46,PTBA,RG,4230,1,D,XC,YP,D
15:06:46,PTBA,RG,4230,60,D,OD,YP,D
15:06:46,PTBA,RG,4230,2,D,PD,YP,D
15:06:46,PTBA,RG,4230,1,D,PD,YP,D
15:06:46,PTBA,RG,4230,2,D,DR,YP,D
15:06:46,PTBA,RG,4230,288,D,YP,YP,D
15:06:46,PTBA,RG,4230,4,D,XL,YP,D
15:06:46,PTBA,RG,4230,5,D,YP,YP,D
15:06:46,PTBA,RG,4230,2,D,XC,YP,D
15:06:46,PTBA,RG,4230,10,D,CC,YP,D
15:06:46,PTBA,RG,4230,1,D,PD,YP,D
15:06:46,PTBA,RG,4230,4,D,HP,YP,D
15:06:46,PTBA,RG,4230,4,D,EP,YP,D
15:06:46,PTBA,RG,4230,2,D,YU,YP,D
15:06:46,PTBA,RG,4230,1,D,XC,YP,D
15:06:46,PTBA,RG,4230,1,D,HP,YP,D
15:06:46,PTBA,RG,4230,50,D,PD,YP,D
15:06:46,PTBA,RG,4230,5,D,PD,YP,D
15:06:46,PTBA,RG,4230,1,D,XC,YP,D
15:06:46,PTBA,RG,4230,30,D,CC,YP,D
15:06:46,PTBA,RG,4230,100,D,SQ,YP,D
15:06:46,PTBA,RG,4230,30,D,XA,YP,D
15:06:46,PTBA,RG,4230,1,D,BQ,YP,D
15:06:46,PTBA,RG,4230,5,D,XL,YP,D
15:06:46,PTBA,RG,4230,25,D,IH,YP,D
15:06:46,PTBA,RG,4230,5,D,ZP,YP,D
15:06:46,PTBA,RG,4230,25,D,SQ,YP,D
15:06:46,PTBA,RG,4230,11,D,ZR,YP,D
15:06:46,PTBA,RG,4230,1,D,YB,YP,D
15:06:46,PTBA,RG,4230,10,D,YP,YP,D
15:06:46,PTBA,RG,4230,30,D,OD,YP,D
15:06:46,PTBA,RG,4230,42,D,OD,YP,D
15:06:46,PTBA,RG,4230,25,D,YP,YP,D
15:05:55,PTBA,RG,4230,1,D,XL,BK,F
15:05:54,PTBA,RG,4230,1,D,XL,XC,D
15:05:54,PTBA,RG,4230,1,D,YP,XC,D
15:05:54,PTBA,RG,4230,3,D,CC,XC,D
15:05:48,PTBA,RG,4230,1,D,CC,BK,F
15:05:47,PTBA,RG,4230,6,D,CC,OD,D
15:05:46,PTBA,RG,4230,2,D,CC,BK,F
15:05:45,PTBA,RG,4230,20,D,CC,YP,D
15:05:26,PTBA,RG,4230,5,D,CC,BK,F
15:05:25,PTBA,RG,4230,13,D,CC,YP,D
15:05:25,PTBA,RG,4230,1,D,GR,YP,D
15:05:25,PTBA,RG,4230,5,D,KK,YP,D
15:05:25,PTBA,RG,4230,10,D,CC,YP,D
15:05:25,PTBA,RG,4230,12,D,YP,YP,D
15:05:25,PTBA,RG,4230,1,D,YP,YP,D
15:05:25,PTBA,RG,4230,7,D,YP,YP,D
15:05:25,PTBA,RG,4230,1,D,NI,YP,D
15:05:25,PTBA,RG,4230,1,D,PD,BK,F
15:05:25,PTBA,RG,4230,1,D,XC,BK,F
15:05:25,PTBA,RG,4230,2,D,KK,BK,F
15:05:25,PTBA,RG,4230,1,D,PD,BK,F
15:05:25,PTBA,RG,4230,1,D,CC,BK,F
15:05:24,PTBA,RG,4230,4,D,CC,GR,D
15:05:24,PTBA,RG,4230,5,D,PD,GR,D
15:05:24,PTBA,RG,4230,1,D,YB,GR,D
15:05:24,PTBA,RG,4230,1,D,PD,GR,D
15:05:24,PTBA,RG,4230,2,D,PD,GR,D
15:05:24,PTBA,RG,4230,20,D,XC,GR,D
15:05:24,PTBA,RG,4230,17,D,GR,GR,D
15:05:07,PTBA,RG,4230,2,D,GR,BK,F
15:05:06,PTBA,RG,4230,20,D,GR,YP,D
15:04:52,PTBA,RG,4230,6,D,GR,BK,F
15:04:51,PTBA,RG,4230,50,D,GR,YP,D
15:04:38,PTBA,RG,4230,4,D,GR,BK,F
15:04:38,PTBA,RG,4230,40,D,GR,CC,D
15:04:33,PTBA,RG,4230,2,D,GR,BK,F
15:04:33,PTBA,RG,4230,20,D,GR,YP,D
15:04:14,PTBA,RG,4230,6,D,GR,BK,F
15:04:14,PTBA,RG,4230,50,D,GR,YP,D
15:03:43,PTBA,RG,4230,11,D,GR,BK,F
15:03:42,PTBA,RG,4230,100,D,GR,KK,D
15:03:01,PTBA,RG,4230,22,D,GR,BK,F
15:03:01,PTBA,RG,4230,200,D,GR,KK,D
15:02:50,PTBA,RG,4230,42,D,GR,BK,F
15:02:49,PTBA,RG,4230,374,D,GR,DH,D
15:02:47,PTBA,RG,4230,1,D,GR,AZ,D
15:02:46,PTBA,RG,4230,1,D,GR,BK,F
15:02:45,PTBA,RG,4230,10,D,GR,SQ,D
15:02:44,PTBA,RG,4230,2,D,GR,LG,D
15:02:30,PTBA,RG,4230,1,D,GR,BK,F
15:02:29,PTBA,RG,4230,6,D,GR,XC,D
15:02:17,PTBA,RG,4230,1,D,GR,BK,F
15:02:17,PTBA,RG,4230,5,D,GR,DR,D
15:02:14,PTBA,RG,4230,2,D,GR,YB,D
15:02:10,PTBA,RG,4230,5,D,GR,YP,D
15:01:35,PTBA,RG,4230,1,D,PD,BK,F
15:01:35,PTBA,RG,4230,4,D,PD,XL,D
15:01:35,PTBA,RG,4230,3,D,YP,XL,D
15:01:35,PTBA,RG,4230,2,D,RG,XL,D
15:01:35,PTBA,RG,4230,1,D,PD,XL,D
15:01:00,PTBA,RG,4230,1,D,PD,YU,D
15:01:00,PTBA,RG,4230,699,D,CC,YU,D
15:00:00,PTBA,RG,4230,1,D,CC,OD,D
15:00:00,PTBA,RG,4230,12,D,CC,EP,D
15:00:00,PTBA,RG,4230,5,D,CC,HP,D
15:00:00,PTBA,RG,4230,200,D,CC,CP,D
15:00:00,PTBA,RG,4230,50,D,CC,YB,D
15:00:00,PTBA,RG,4230,15,D,CC,YP,D
15:00:00,PTBA,RG,4230,10,D,CC,GR,D
15:00:00,PTBA,RG,4230,8,D,CC,AI,D
15:00:00,PTBA,RG,4230,11,D,YP,AI,D
15:00:00,PTBA,RG,4230,1,D,XC,AI,D
15:00:00,PTBA,RG,4230,1,D,PD,AI,D
15:00:00,PTBA,RG,4230,10,D,EP,AI,D
15:00:00,PTBA,RG,4230,10,D,YP,AI,D
15:00:00,PTBA,RG,4230,1,D,CP,AI,D
15:00:00,PTBA,RG,4230,2,D,GR,AI,D
15:00:00,PTBA,RG,4230,10,D,GR,GR,D
15:00:00,PTBA,RG,4230,68,D,GR,BK,F
15:00:00,PTBA,RG,4230,2,D,PD,BK,F
15:00:00,PTBA,RG,4230,1,D,CC,BK,F
15:00:00,PTBA,RG,4230,1,D,CC,BK,F
15:00:00,PTBA,RG,4230,3,D,XC,BK,F
15:00:00,PTBA,RG,4230,50,D,KK,BK,F
15:00:00,PTBA,RG,4230,25,D,OD,BK,F
15:00:00,PTBA,RG,4230,2,D,XC,BK,F
15:00:00,PTBA,RG,4230,24,D,DH,BK,F
15:00:00,PTBA,RG,4230,6,D,PD,BK,F
15:00:00,PTBA,RG,4230,2,D,DR,BK,F
15:00:00,PTBA,RG,4230,100,D,OD,BK,F
15:00:00,PTBA,RG,4230,5,D,BQ,BK,F
15:00:00,PTBA,RG,4230,5,D,YP,BK,F
15:00:00,PTBA,RG,4230,100,D,DH,BK,F
15:00:00,PTBA,RG,4230,29,D,XA,BK,F
15:00:00,PTBA,RG,4230,1,D,XA,BK,F
15:00:00,PTBA,RG,4230,25,D,TF,BK,F
15:00:00,PTBA,RG,4230,1,D,XC,BK,F
15:00:00,PTBA,RG,4230,1,D,YP,BK,F
15:00:00,PTBA,RG,4230,15,D,PD,BK,F
15:00:00,PTBA,RG,4230,10,D,YP,BK,F
15:00:00,PTBA,RG,4230,121,D,OD,BK,F
15:00:00,PTBA,RG,4230,5,D,YP,BK,F
15:00:00,PTBA,RG,4230,2,D,XA,BK,F
15:00:00,PTBA,RG,4230,1,D,XC,BK,F
15:00:00,PTBA,RG,4230,5,D,YP,BK,F
15:00:00,PTBA,RG,4230,3,D,NI,BK,F
15:00:00,PTBA,RG,4230,40,D,YU,BK,F
15:00:00,PTBA,RG,4230,2,D,PD,BK,F
15:00:00,PTBA,RG,4230,2,D,PD,BK,F
15:00:00,PTBA,RG,4230,3,D,LG,BK,F
15:00:00,PTBA,RG,4230,5,D,CC,BK,F
15:00:00,PTBA,RG,4230,1,D,XL,BK,F
15:00:00,PTBA,RG,4230,6,D,NI,BK,F
15:00:00,PTBA,RG,4230,5,D,CC,BK,F
15:00:00,PTBA,RG,4230,50,D,CC,BK,F
15:00:00,PTBA,RG,4230,20,D,PD,BK,F
15:00:00,PTBA,RG,4230,5,D,PD,BK,F
15:00:00,PTBA,RG,4230,8,D,EP,BK,F
15:00:00,PTBA,RG,4230,13,D,PD,BK,F
15:00:00,PTBA,RG,4230,248,D,YP,BK,F
15:00:00,PTBA,RG,4230,5,D,XC,BK,F
15:00:00,PTBA,RG,4230,2,D,XL,BK,F
15:00:00,PTBA,RG,4230,1,D,XC,BK,F
15:00:00,PTBA,RG,4230,1,D,YP,BK,F
15:00:00,PTBA,RG,4230,8,D,XL,BK,F
15:00:00,PTBA,RG,4230,88,D,CC,BK,F
15:00:00,PTBA,RG,4230,100,D,YP,BK,F
15:00:00,PTBA,RG,4230,2,D,YP,BK,F
15:00:00,PTBA,RG,4230,3,D,YP,BK,F
15:00:00,PTBA,RG,4230,565,F,ZP,BK,F
15:00:00,PTBA,RG,4230,40,F,ZP,BK,F
15:00:00,PTBA,RG,4230,72,F,ZP,BK,F
15:00:00,PTBA,RG,4230,132,F,ZP,BK,F
15:00:00,PTBA,RG,4230,21,D,AZ,BK,F
15:00:00,PTBA,RG,4230,11,D,AZ,BK,F
15:00:00,PTBA,RG,4230,2,F,YU,BK,F
15:00:00,PTBA,RG,4230,967,F,AK,BK,F
15:00:00,PTBA,RG,4230,1,F,AK,DR,D
15:00:00,PTBA,RG,4230,10,F,AK,GR,D
15:00:00,PTBA,RG,4230,3,F,AK,BK,F
15:00:00,PTBA,RG,4230,43,F,AK,BK,F
15:00:00,PTBA,RG,4230,3,F,AK,BK,F
15:00:00,PTBA,RG,4230,38,F,AK,BK,F
15:00:00,PTBA,RG,4230,213,F,AK,BK,F
15:00:00,PTBA,RG,4230,1,F,BK,BK,F
15:00:00,PTBA,RG,4230,2,F,BK,BK,F
15:00:00,PTBA,RG,4230,11,F,BK,BK,F
15:00:00,PTBA,RG,4230,42,F,BK,BK,F
15:00:00,PTBA,RG,4230,216,F,BK,BK,F
15:00:00,PTBA,RG,4230,11,F,BK,ZP,F
15:00:00,PTBA,RG,4230,175,F,BK,CS,F
15:00:00,PTBA,RG,4230,75,F,BK,CS,F
15:00:00,PTBA,RG,4230,226,F,BK,ZP,F
15:00:00,PTBA,RG,4230,100,F,BK,BK,F
15:00:00,PTBA,RG,4230,728,F,BK,BK,F
15:00:00,PTBA,RG,4230,172,F,BK,BK,F
15:00:00,PTBA,RG,4230,145,F,BK,BK,F
15:00:00,PTBA,RG,4230,15,F,CS,BK,F
15:00:00,PTBA,RG,4230,35,F,CS,KZ,D
15:00:00,PTBA,RG,4230,39,F,RX,KZ,D
15:00:00,PTBA,RG,4230,4,D,YP,KZ,D
15:00:00,PTBA,RG,4230,8,D,YP,NI,D
15:00:00,PTBA,RG,4230,9,D,YP,YU,D
14:49:57,PTBA,RG,4250,2,F,ZP,BK,F
14:49:52,PTBA,RG,4240,1,D,YP,ZP,F
14:49:51,PTBA,RG,4250,5,F,ZP,CC,D
14:49:50,PTBA,RG,4250,3,F,ZP,CC,D
14:49:48,PTBA,RG,4250,13,F,AK,CC,F
14:49:42,PTBA,RG,4240,1,D,YP,ZP,F
14:49:39,PTBA,RG,4250,1,D,XC,CC,F
14:49:33,PTBA,RG,4250,7,F,RX,CC,F
14:49:32,PTBA,RG,4240,1,D,YP,XC,D
14:49:29,PTBA,RG,4250,27,F,BK,CC,F
14:49:28,PTBA,RG,4250,2,F,BK,CC,F
14:49:28,PTBA,RG,4240,2,D,YP,ZP,F
14:49:26,PTBA,RG,4250,8,F,BK,CC,F
14:49:25,PTBA,RG,4250,16,F,BK,CC,F
14:49:18,PTBA,RG,4250,31,D,DX,CC,F
14:49:18,PTBA,RG,4250,15,D,DX,CC,F
14:49:18,PTBA,RG,4250,185,D,DX,CC,F
14:49:14,PTBA,RG,4240,14,D,YP,BK,F
14:49:14,PTBA,RG,4240,100,D,PD,BK,F
14:49:14,PTBA,RG,4240,5,D,CC,BK,F
14:49:14,PTBA,RG,4240,20,F,BK,BK,F
14:49:14,PTBA,RG,4240,2,D,OD,BK,F
14:49:14,PTBA,RG,4240,5,D,PD,BK,F
14:49:14,PTBA,RG,4240,100,D,XC,BK,F
14:49:14,PTBA,RG,4240,1,D,EP,BK,F
14:49:14,PTBA,RG,4240,20,D,YB,BK,F
14:49:14,PTBA,RG,4240,10,D,GR,BK,F
14:49:14,PTBA,RG,4240,1,D,XC,BK,F
14:49:14,PTBA,RG,4240,2,D,YU,BK,F
14:49:14,PTBA,RG,4240,2,D,DR,BK,F
14:49:14,PTBA,RG,4240,2,D,PD,BK,F
14:49:14,PTBA,RG,4240,1,D,YB,BK,F
14:49:14,PTBA,RG,4240,2,D,BQ,BK,F
14:49:14,PTBA,RG,4240,100,D,CC,BK,F
14:49:14,PTBA,RG,4240,5,D,XC,BK,F
14:49:14,PTBA,RG,4240,1,D,NI,BK,F
14:49:14,PTBA,RG,4240,12,D,XC,BK,F
14:49:14,PTBA,RG,4240,2,F,ZP,BK,F
14:49:14,PTBA,RG,4240,118,D,GR,BK,F
14:49:14,PTBA,RG,4240,29,D,GR,BK,F
14:49:08,PTBA,RG,4250,30,D,PD,CC,F
14:49:05,PTBA,RG,4250,3,D,XL,CC,F
14:49:03,PTBA,RG,4250,13,F,BK,CC,F
14:49:02,PTBA,RG,4250,17,F,BK,CC,F
14:49:01,PTBA,RG,4250,27,F,BK,CC,F
14:49:01,PTBA,RG,4250,9,F,BK,CC,D
14:48:59,PTBA,RG,4250,1,F,AK,CC,D
14:48:53,PTBA,RG,4240,21,D,GR,ZP,F
14:48:52,PTBA,RG,4240,51,D,GR,ZP,F
14:48:46,PTBA,RG,4250,10,D,PD,CC,D
14:48:31,PTBA,RG,4250,16,F,BK,CC,F
14:48:31,PTBA,RG,4250,10,D,YP,CC,F
14:48:31,PTBA,RG,4250,16,F,BK,CC,F
14:48:31,PTBA,RG,4250,2,D,OD,CC,F
14:48:31,PTBA,RG,4250,14,F,BK,CC,F
14:48:31,PTBA,RG,4250,1,D,XC,CC,F
14:48:31,PTBA,RG,4250,69,D,OD,CC,F
14:48:30,PTBA,RG,4250,4,D,OD,ZP,F
14:48:29,PTBA,RG,4250,1,D,OD,LG,D
14:48:20,PTBA,RG,4250,1,D,OD,SQ,D
14:48:19,PTBA,RG,4250,23,D,OD,CC,F
14:48:14,PTBA,RG,4250,10,D,OD,CC,D
14:48:12,PTBA,RG,4260,38,F,ZP,SQ,D
14:48:12,PTBA,RG,4260,2,F,ZP,CP,D
14:48:12,PTBA,RG,4260,12,F,ZP,NI,D
14:48:12,PTBA,RG,4250,28,D,OD,LG,D
14:48:12,PTBA,RG,4250,74,D,OD,LG,D
14:48:12,PTBA,RG,4250,1,D,YP,LG,D
14:48:12,PTBA,RG,4250,1,F,AK,LG,D
14:48:12,PTBA,RG,4250,18,F,BK,LG,D
14:48:12,PTBA,RG,4250,2,D,XA,LG,D
14:48:12,PTBA,RG,4250,10,D,XL,LG,D
14:48:12,PTBA,RG,4250,5,D,PD,LG,D
14:48:12,PTBA,RG,4250,10,D,PD,LG,D
14:48:12,PTBA,RG,4250,1,F,AK,LG,D
14:48:12,PTBA,RG,4250,72,F,ZP,LG,D
14:48:12,PTBA,RG,4250,277,F,BK,LG,D
14:48:12,PTBA,RG,4250,6,F,BK,XC,D
14:48:12,PTBA,RG,4250,9,F,RX,XC,D
14:48:03,PTBA,RG,4260,17,F,BK,NI,D
14:47:57,PTBA,RG,4260,22,F,BK,NI,D
14:47:57,PTBA,RG,4250,7,F,BK,ZP,F
14:47:57,PTBA,RG,4250,7,F,BK,ZP,F
14:47:55,PTBA,RG,4260,1,D,DR,NI,D
14:47:54,PTBA,RG,4260,8,F,RX,NI,D
14:47:53,PTBA,RG,4260,1,F,BK,PD,D
14:47:53,PTBA,RG,4260,10,F,BK,YP,D
14:47:53,PTBA,RG,4260,13,F,BK,XL,D
14:47:51,PTBA,RG,4260,2,D,DR,XL,D
14:47:47,PTBA,RG,4250,3,F,BK,XL,D
14:47:45,PTBA,RG,4250,10,F,BK,IP,D
14:47:44,PTBA,RG,4260,18,F,BK,XL,D
14:47:41,PTBA,RG,4260,2,D,DR,XL,D
14:47:39,PTBA,RG,4260,24,F,BK,XL,D
14:47:36,PTBA,RG,4260,21,F,BK,XL,D
14:47:30,PTBA,RG,4250,4,F,BK,ZP,F
14:47:30,PTBA,RG,4250,8,F,BK,ZP,F
14:47:30,PTBA,RG,4250,7,F,BK,ZP,F
14:47:30,PTBA,RG,4250,100,F,BK,DR,D
14:47:23,PTBA,RG,4260,18,F,BK,XL,D
14:47:22,PTBA,RG,4260,27,F,BK,XL,D
14:47:18,PTBA,RG,4260,20,F,BK,XL,D
14:47:17,PTBA,RG,4260,1,D,XA,XL,D
14:47:17,PTBA,RG,4250,9,F,BK,CC,D
14:47:17,PTBA,RG,4250,90,F,BK,CC,D
14:47:17,PTBA,RG,4250,1,F,AK,CC,D
14:47:15,PTBA,RG,4260,2,D,XL,XL,D
14:47:12,PTBA,RG,4260,27,F,ZP,XL,D
14:47:10,PTBA,RG,4250,1,F,AK,ZP,F
14:47:09,PTBA,RG,4260,24,F,YU,XL,D
14:47:09,PTBA,RG,4250,91,F,BK,KK,D
14:47:09,PTBA,RG,4250,109,F,AK,KK,D
14:47:08,PTBA,RG,4260,20,F,BK,XL,D
14:47:07,PTBA,RG,4260,17,F,BK,XL,D
14:47:06,PTBA,RG,4260,58,F,ZP,XL,D
14:47:05,PTBA,RG,4260,16,F,BK,XL,D
14:47:05,PTBA,RG,4260,17,F,BK,XL,D
14:47:02,PTBA,RG,4260,15,F,BK,XL,D
14:46:59,PTBA,RG,4260,19,F,BK,XL,D
14:46:58,PTBA,RG,4260,15,F,BK,XL,D
14:46:56,PTBA,RG,4250,2,F,AK,ZP,F
14:46:56,PTBA,RG,4250,310,F,AK,PD,D
14:46:54,PTBA,RG,4250,50,F,AK,YP,D
14:46:54,PTBA,RG,4250,1,F,AK,XC,D
14:46:48,PTBA,RG,4260,17,F,BK,XL,D
14:46:48,PTBA,RG,4260,16,F,BK,XL,D
14:46:45,PTBA,RG,4260,29,F,BK,XL,D
14:46:45,PTBA,RG,4260,9,F,RX,XL,D
14:46:44,PTBA,RG,4250,76,F,AK,CC,D
14:46:44,PTBA,RG,4250,2,F,CS,CC,D
14:46:42,PTBA,RG,4260,16,F,BK,XL,D
14:46:37,PTBA,RG,4260,107,D,NI,XL,D
14:46:37,PTBA,RG,4260,4,D,XC,XL,D
14:46:36,PTBA,RG,4260,25,F,BK,XL,D
14:46:35,PTBA,RG,4260,1,D,DR,XL,D
14:46:31,PTBA,RG,4260,17,F,BK,XL,D
14:46:28,PTBA,RG,4260,16,F,BK,XL,D
14:46:28,PTBA,RG,4260,16,F,BK,XL,D
14:46:27,PTBA,RG,4260,40,F,BK,XL,D
14:46:22,PTBA,RG,4260,11,F,BK,XL,D
14:46:22,PTBA,RG,4260,1,F,BK,GR,D
14:46:22,PTBA,RG,4260,4,F,BK,GR,D
14:46:18,PTBA,RG,4260,16,F,BK,GR,D
14:46:15,PTBA,RG,4250,1,F,CS,NI,D
14:46:14,PTBA,RG,4260,17,F,BK,GR,D
14:46:12,PTBA,RG,4260,10,D,XC,GR,D
14:46:08,PTBA,RG,4260,30,F,BK,GR,D
14:46:06,PTBA,RG,4260,27,F,BK,GR,D
14:46:05,PTBA,RG,4260,6,F,RX,GR,D
14:46:03,PTBA,RG,4260,16,F,BK,GR,D
14:46:03,PTBA,RG,4260,5,F,RX,GR,D
14:46:00,PTBA,RG,4260,16,F,BK,GR,D
14:45:59,PTBA,RG,4260,16,F,BK,GR,D
14:45:58,PTBA,RG,4260,17,F,BK,GR,D
14:45:52,PTBA,RG,4260,17,F,BK,GR,D
14:45:50,PTBA,RG,4260,41,F,BK,GR,D
14:45:36,PTBA,RG,4260,16,F,BK,GR,D
14:45:32,PTBA,RG,4260,46,F,BK,GR,D
14:45:32,PTBA,RG,4260,2,F,BK,XC,D
14:45:32,PTBA,RG,4260,3,F,BK,SQ,D
14:45:23,PTBA,RG,4260,16,F,BK,SQ,D
14:45:19,PTBA,RG,4260,18,F,BK,SQ,D
14:45:14,PTBA,RG,4260,16,F,ZP,SQ,D
14:45:14,PTBA,RG,4250,13,F,AK,ZP,F
14:45:14,PTBA,RG,4250,4,F,AK,YP,D
14:45:14,PTBA,RG,4250,14,F,AK,ZP,F
14:45:14,PTBA,RG,4250,3,F,AK,KK,D
14:45:14,PTBA,RG,4250,1,F,AK,XC,D
14:45:14,PTBA,RG,4250,18,F,AK,ZP,F
14:45:14,PTBA,RG,4250,5,F,AK,OD,D
14:45:14,PTBA,RG,4250,50,F,AK,CC,D
14:45:14,PTBA,RG,4250,136,F,AK,XL,D
14:45:14,PTBA,RG,4250,16,F,AK,ZP,F
14:45:14,PTBA,RG,4250,316,F,AK,BK,F
14:45:14,PTBA,RG,4250,45,F,AK,YP,D
14:45:14,PTBA,RG,4250,2,F,AK,YP,D
14:45:14,PTBA,RG,4250,3,F,AK,YP,D
14:45:14,PTBA,RG,4250,2,F,AK,PD,D
14:45:14,PTBA,RG,4250,21,F,AK,ZP,F
14:45:14,PTBA,RG,4250,407,F,AK,BK,F
14:45:14,PTBA,RG,4240,17,D,GR,BK,F
14:45:14,PTBA,RG,4240,1,D,XL,BK,F
14:45:13,PTBA,RG,4250,4,D,YP,BK,F
14:45:10,PTBA,RG,4250,46,F,BK,BK,F
14:45:08,PTBA,RG,4240,11,D,XL,BQ,D
14:45:08,PTBA,RG,4240,54,F,BK,BQ,D
14:45:08,PTBA,RG,4240,935,D,BQ,BQ,D
14:45:04,PTBA,RG,4250,18,F,BK,BK,F
14:45:01,PTBA,RG,4240,16,D,BQ,BK,F
14:44:58,PTBA,RG,4240,25,D,BQ,BK,F
14:44:55,PTBA,RG,4250,48,F,BK,BK,F
14:44:55,PTBA,RG,4240,24,D,BQ,BK,F
14:44:55,PTBA,RG,4240,1,D,PD,BK,F
14:44:55,PTBA,RG,4240,89,D,TF,BK,F
14:44:54,PTBA,RG,4250,16,F,BK,BK,F
14:44:54,PTBA,RG,4240,3,D,TF,ZP,F
14:44:54,PTBA,RG,4250,30,F,ZP,BK,F
14:44:54,PTBA,RG,4250,167,D,DH,BK,F
14:44:54,PTBA,RG,4250,50,D,DH,NI,D
14:44:54,PTBA,RG,4250,3,D,DH,XC,D
14:44:54,PTBA,RG,4250,27,D,DH,LG,D
14:44:54,PTBA,RG,4250,473,D,DH,LG,D
14:44:54,PTBA,RG,4250,3,D,DH,ZP,F
14:44:54,PTBA,RG,4250,100,D,DH,NI,D
14:44:54,PTBA,RG,4250,3,D,DH,YP,D
14:44:54,PTBA,RG,4250,100,D,DH,NI,D
14:44:54,PTBA,RG,4250,74,D,DH,NI,D
14:44:54,PTBA,RG,4250,18,F,BK,NI,D
14:44:52,PTBA,RG,4250,1,D,EP,NI,D
14:44:49,PTBA,RG,4250,7,F,BK,NI,D
14:44:49,PTBA,RG,4250,9,F,BK,ZP,F
14:44:43,PTBA,RG,4250,8,F,RX,ZP,F
14:44:40,PTBA,RG,4250,18,F,BK,ZP,F
14:44:33,PTBA,RG,4240,5,D,TF,GR,D
14:44:33,PTBA,RG,4250,18,F,BK,ZP,F
14:44:25,PTBA,RG,4250,18,F,BK,ZP,F
14:44:18,PTBA,RG,4250,16,F,BK,ZP,F
14:44:05,PTBA,RG,4240,3,D,TF,BK,F
14:44:05,PTBA,RG,4240,5,D,ZP,BK,F
14:44:05,PTBA,RG,4240,1,D,XC,BK,F
14:44:05,PTBA,RG,4240,5,D,YP,BK,F
14:44:05,PTBA,RG,4240,3,F,BK,BK,F
14:44:04,PTBA,RG,4250,17,F,BK,ZP,F
14:44:03,PTBA,RG,4250,16,F,BK,ZP,F
14:43:58,PTBA,RG,4240,5,F,BK,GR,D
14:43:55,PTBA,RG,4250,13,F,BK,ZP,F
14:43:55,PTBA,RG,4250,4,F,BK,NI,D
14:43:51,PTBA,RG,4240,11,F,BK,ZP,F
14:43:46,PTBA,RG,4250,16,F,BK,NI,D
14:43:46,PTBA,RG,4250,8,F,RX,NI,D
14:43:46,PTBA,RG,4240,5,F,BK,NI,D
14:43:45,PTBA,RG,4250,1,D,XL,NI,D
14:43:44,PTBA,RG,4250,16,F,BK,NI,D
14:43:34,PTBA,RG,4250,21,F,BK,NI,D
14:43:31,PTBA,RG,4240,11,F,BK,ZP,F
14:43:25,PTBA,RG,4240,5,F,BK,GR,D
14:43:21,PTBA,RG,4240,1,F,BK,SQ,D
14:43:17,PTBA,RG,4250,2,D,XC,NI,D
14:43:13,PTBA,RG,4250,21,F,BK,NI,D
14:43:11,PTBA,RG,4240,4,F,BK,ZP,F
14:43:11,PTBA,RG,4240,7,F,BK,ZP,F
14:42:58,PTBA,RG,4240,2,F,BK,CC,D
14:42:51,PTBA,RG,4240,9,F,BK,BK,F
14:42:50,PTBA,RG,4240,10,F,BK,ZP,F
14:42:50,PTBA,RG,4240,3,F,BK,YP,D
14:42:50,PTBA,RG,4240,14,F,BK,YP,D
14:42:31,PTBA,RG,4240,10,F,BK,ZP,F
14:41:36,PTBA,RG,4250,5,D,YP,NI,D
14:41:32,PTBA,RG,4250,1,D,XC,NI,D
14:40:57,PTBA,RG,4250,5,D,PD,NI,D
14:40:17,PTBA,RG,4240,2,F,BK,YP,D
14:40:17,PTBA,RG,4250,6,F,CS,YP,D
14:40:17,PTBA,RG,4250,6,D,DR,YP,D
14:39:40,PTBA,RG,4250,1,D,XC,ZP,F
14:39:34,PTBA,RG,4250,11,F,BK,YP,D
14:39:34,PTBA,RG,4250,2,D,YB,YP,D
14:39:34,PTBA,RG,4250,16,F,BK,YP,D
14:39:34,PTBA,RG,4250,18,F,BK,YP,D
14:39:34,PTBA,RG,4250,1,F,AK,YP,D
14:39:34,PTBA,RG,4250,47,F,ZP,YP,D
14:39:34,PTBA,RG,4250,1,D,BQ,YP,D
14:39:34,PTBA,RG,4250,4,F,CS,YP,D
14:39:31,PTBA,RG,4250,2,F,CS,XC,D
14:39:19,PTBA,RG,4250,2,F,CS,NI,D
14:39:19,PTBA,RG,4250,24,F,BK,NI,D
14:39:09,PTBA,RG,4250,4,F,BK,ZP,F
14:39:09,PTBA,RG,4250,78,F,BK,CS,D
14:39:09,PTBA,RG,4250,28,F,BK,CS,D
14:39:09,PTBA,RG,4250,13,F,RX,CS,D
14:39:09,PTBA,RG,4250,69,F,BK,CS,D
14:39:09,PTBA,RG,4250,5,D,XC,CS,D
14:39:09,PTBA,RG,4250,17,D,OD,CS,D
14:39:09,PTBA,RG,4250,10,F,CC,CS,D
14:39:09,PTBA,RG,4250,24,F,BK,CS,D
14:39:09,PTBA,RG,4250,28,F,ZP,CS,D
14:39:06,PTBA,RG,4250,10,F,ZP,HP,D
14:39:06,PTBA,RG,4250,3,F,BK,HP,D
14:38:57,PTBA,RG,4250,66,F,BK,YP,D
14:38:57,PTBA,RG,4250,6,F,AK,YP,D
14:38:57,PTBA,RG,4250,25,F,BK,YP,D
14:38:57,PTBA,RG,4250,3,F,CS,YP,D
14:38:54,PTBA,RG,4260,1,D,BQ,SQ,D
14:38:50,PTBA,RG,4250,5,F,CS,CS,D
14:38:50,PTBA,RG,4250,34,F,CS,BQ,D
14:38:50,PTBA,RG,4250,120,F,BK,BQ,D
14:38:50,PTBA,RG,4250,67,F,BK,BQ,D
14:38:50,PTBA,RG,4250,24,F,BK,BQ,D
14:38:50,PTBA,RG,4250,18,F,RX,BQ,D
14:38:50,PTBA,RG,4250,46,F,BK,BQ,D
14:38:50,PTBA,RG,4250,164,F,BK,BQ,D
14:38:50,PTBA,RG,4250,239,F,BK,BQ,D
14:38:50,PTBA,RG,4250,1,F,AK,BQ,D
14:38:50,PTBA,RG,4250,134,F,BK,BQ,D
14:38:50,PTBA,RG,4250,153,F,AK,BQ,D
14:38:48,PTBA,RG,4250,1,F,AK,XC,D
14:38:43,PTBA,RG,4250,14,F,AK,CS,D
14:38:43,PTBA,RG,4260,20,D,BQ,SQ,D
14:38:39,PTBA,RG,4260,8,D,YP,SQ,D
14:38:29,PTBA,RG,4260,18,D,PD,SQ,D
14:38:29,PTBA,RG,4260,4,D,PD,DR,D
14:38:26,PTBA,RG,4250,50,F,AK,DR,D
14:38:22,PTBA,RG,4250,12,F,AK,CS,D
14:38:15,PTBA,RG,4250,7,F,AK,CC,D
14:38:05,PTBA,RG,4250,20,F,AK,YP,D
14:38:02,PTBA,RG,4250,13,F,AK,CS,D
14:37:51,PTBA,RG,4260,6,D,PD,DR,D
14:37:51,PTBA,RG,4260,1,D,PD,CC,D
14:37:51,PTBA,RG,4260,2,D,PD,YP,D
14:37:51,PTBA,RG,4260,1,D,PD,BQ,D
14:37:51,PTBA,RG,4260,1,D,PD,CC,D
14:37:51,PTBA,RG,4260,35,D,PD,YP,D
14:37:42,PTBA,RG,4250,12,F,AK,CS,D
14:37:23,PTBA,RG,4250,11,F,AK,CS,D
14:37:23,PTBA,RG,4250,27,F,AK,LG,D
14:37:23,PTBA,RG,4250,53,F,AK,LG,D
14:37:23,PTBA,RG,4250,33,F,BK,LG,D
14:37:23,PTBA,RG,4250,40,F,ZP,LG,D
14:37:23,PTBA,RG,4250,4,F,CS,LG,D
14:37:23,PTBA,RG,4250,5,F,CS,LG,D
14:37:23,PTBA,RG,4250,3,F,CS,LG,D
14:37:23,PTBA,RG,4250,335,D,DR,LG,D
14:37:13,PTBA,RG,4260,8,D,NI,YP,D
14:36:26,PTBA,RG,4260,1,D,XC,YP,D
14:36:07,PTBA,RG,4260,46,D,PD,YP,D
14:35:58,PTBA,RG,4250,79,D,DR,ZP,F
14:35:58,PTBA,RG,4250,200,D,DR,YP,D
14:35:58,PTBA,RG,4250,36,D,DR,XC,D
14:35:58,PTBA,RG,4250,7,D,DR,ZP,F
14:35:58,PTBA,RG,4250,25,D,DR,MK,D
14:35:58,PTBA,RG,4250,1,D,DR,XC,D
14:35:58,PTBA,RG,4250,10,D,DR,YP,D
14:35:58,PTBA,RG,4250,3,D,DR,XC,D
14:35:58,PTBA,RG,4250,2,D,DR,OD,D
14:35:58,PTBA,RG,4250,15,D,DR,KK,D
14:35:58,PTBA,RG,4250,4,D,DR,DR,D
14:35:58,PTBA,RG,4250,1,D,DR,CP,D
14:35:58,PTBA,RG,4250,34,D,DR,NI,D
14:35:58,PTBA,RG,4250,2,D,DR,YP,D
14:35:58,PTBA,RG,4250,50,D,DR,CC,D
14:35:58,PTBA,RG,4250,5,D,DR,XC,D
14:35:58,PTBA,RG,4250,100,D,DR,CC,D
14:35:58,PTBA,RG,4250,25,D,DR,ZP,F
14:35:58,PTBA,RG,4250,1,D,DR,CC,D
14:35:58,PTBA,RG,4250,500,D,DR,BQ,D
14:35:58,PTBA,RG,4250,70,D,DR,ZP,D
14:35:58,PTBA,RG,4250,10,D,DR,SQ,D
14:35:58,PTBA,RG,4250,5,D,DR,YP,D
14:35:58,PTBA,RG,4250,10,D,DR,YP,D
14:35:58,PTBA,RG,4250,50,D,DR,YP,D
14:35:58,PTBA,RG,4250,20,D,DR,ZP,F
14:35:58,PTBA,RG,4250,23,D,DR,CS,D
14:35:58,PTBA,RG,4250,20,D,DR,CC,D
14:35:58,PTBA,RG,4250,50,D,DR,YP,D
14:35:58,PTBA,RG,4250,2,D,DR,CP,D
14:35:58,PTBA,RG,4250,17,D,DR,ZP,F
14:35:58,PTBA,RG,4250,5,D,DR,YP,D
14:35:58,PTBA,RG,4250,3,D,DR,PD,D
14:35:58,PTBA,RG,4250,1,D,DR,ZP,F
14:35:58,PTBA,RG,4250,30,D,DR,YP,D
14:35:58,PTBA,RG,4250,3,D,DR,NI,D
14:35:58,PTBA,RG,4250,20,D,DR,ZP,F
14:35:58,PTBA,RG,4250,443,D,DR,BK,F
14:35:58,PTBA,RG,4250,101,D,DR,EP,D
14:35:58,PTBA,RG,4250,1,D,DR,XC,D
14:35:58,PTBA,RG,4250,150,D,DR,FS,D
14:35:58,PTBA,RG,4250,31,D,DR,YP,D
14:35:42,PTBA,RG,4240,50,F,AK,KK,D
14:35:34,PTBA,RG,4240,107,F,AK,BQ,D
14:35:34,PTBA,RG,4240,26,F,BK,BQ,D
14:35:34,PTBA,RG,4240,23,F,BK,BQ,D
14:35:34,PTBA,RG,4240,10,D,YP,BQ,D
14:35:34,PTBA,RG,4240,10,D,YP,BQ,D
14:35:34,PTBA,RG,4240,34,F,ZP,BQ,D
14:35:34,PTBA,RG,4240,108,F,BK,BQ,D
14:35:34,PTBA,RG,4240,1,D,BQ,BQ,D
14:35:34,PTBA,RG,4240,40,F,CS,BQ,D
14:35:34,PTBA,RG,4240,57,F,BK,BQ,D
14:35:34,PTBA,RG,4240,54,F,BK,BQ,D
14:35:34,PTBA,RG,4240,23,F,BK,BQ,D
14:35:34,PTBA,RG,4240,10,D,NI,BQ,D
14:35:34,PTBA,RG,4240,21,F,BK,BQ,D
14:35:34,PTBA,RG,4240,102,F,BK,BQ,D
14:35:34,PTBA,RG,4240,11,F,CS,BQ,D
14:35:34,PTBA,RG,4240,56,F,BK,BQ,D
14:35:34,PTBA,RG,4240,48,F,BK,BQ,D
14:35:34,PTBA,RG,4240,22,F,BK,BQ,D
14:35:34,PTBA,RG,4240,20,F,BK,BQ,D
14:35:34,PTBA,RG,4240,91,F,BK,BQ,D
14:35:34,PTBA,RG,4240,15,D,YP,BQ,D
14:35:34,PTBA,RG,4240,1,F,AK,BQ,D
14:35:34,PTBA,RG,4240,51,F,BK,BQ,D
14:35:34,PTBA,RG,4240,10,D,YP,BQ,D
14:35:34,PTBA,RG,4240,18,F,BK,BQ,D
14:35:34,PTBA,RG,4240,18,F,BK,BQ,D
14:35:34,PTBA,RG,4240,13,F,BK,BQ,D
14:35:24,PTBA,RG,4250,19,D,PD,YP,D
14:35:24,PTBA,RG,4250,17,D,PD,XC,D
14:35:11,PTBA,RG,4240,1,F,BK,PD,D
14:34:25,PTBA,RG,4250,5,D,XL,XC,D
14:33:54,PTBA,RG,4250,25,D,DR,XC,D
14:33:51,PTBA,RG,4240,1,F,BK,PD,D
14:33:45,PTBA,RG,4240,1,F,BK,CP,D
14:33:04,PTBA,RG,4250,3,D,DR,XC,D
14:33:04,PTBA,RG,4250,6,D,DR,ZP,F
14:32:54,PTBA,RG,4250,6,D,XC,ZP,F
14:32:53,PTBA,RG,4240,2,D,BQ,BQ,D
14:32:53,PTBA,RG,4240,17,F,BK,BQ,D
14:32:53,PTBA,RG,4240,17,F,BK,BQ,D
14:32:53,PTBA,RG,4240,237,F,AK,BQ,D
14:32:53,PTBA,RG,4240,24,F,ZP,BQ,D
14:32:53,PTBA,RG,4240,11,D,PD,BQ,D
14:32:53,PTBA,RG,4240,20,D,XA,BQ,D
14:32:53,PTBA,RG,4240,2,D,LG,BQ,D
14:32:53,PTBA,RG,4240,10,D,SQ,BQ,D
14:32:53,PTBA,RG,4240,1,D,CC,BQ,D
14:32:53,PTBA,RG,4240,89,D,YP,BQ,D
14:32:53,PTBA,RG,4240,2,D,YP,BQ,D
14:32:53,PTBA,RG,4240,3,D,CC,BQ,D
14:32:53,PTBA,RG,4240,2,F,ZP,BQ,D
14:32:53,PTBA,RG,4240,1,D,XC,BQ,D
14:32:53,PTBA,RG,4240,5,D,YP,BQ,D
14:32:53,PTBA,RG,4240,20,D,NI,BQ,D
14:32:53,PTBA,RG,4240,1,D,YP,BQ,D
14:32:53,PTBA,RG,4240,1,D,AG,BQ,D
14:32:53,PTBA,RG,4240,12,D,CC,BQ,D
14:32:53,PTBA,RG,4240,1,D,KK,BQ,D
14:32:53,PTBA,RG,4240,10,D,YP,BQ,D
14:32:53,PTBA,RG,4240,25,D,YP,BQ,D
14:32:53,PTBA,RG,4240,2,D,SQ,BQ,D
14:32:53,PTBA,RG,4240,8,D,XC,BQ,D
14:32:53,PTBA,RG,4240,1,D,PD,BQ,D
14:32:53,PTBA,RG,4240,1,D,YP,BQ,D
14:32:53,PTBA,RG,4240,8,D,XC,BQ,D
14:32:53,PTBA,RG,4240,30,D,YP,BQ,D
14:32:53,PTBA,RG,4240,1,D,PD,BQ,D
14:32:53,PTBA,RG,4240,1,D,YP,BQ,D
14:32:53,PTBA,RG,4240,1,D,YP,BQ,D
14:32:53,PTBA,RG,4240,1,D,YP,BQ,D
14:32:53,PTBA,RG,4240,1,D,YP,BQ,D
14:32:53,PTBA,RG,4240,1,D,YP,BQ,D
14:32:53,PTBA,RG,4240,1,D,YP,BQ,D
14:32:53,PTBA,RG,4240,1,D,YP,BQ,D
14:32:53,PTBA,RG,4240,1,D,NI,BQ,D
14:32:53,PTBA,RG,4240,1,D,PD,BQ,D
14:32:53,PTBA,RG,4240,150,D,LG,BQ,D
14:32:53,PTBA,RG,4240,2,D,XC,BQ,D
14:32:53,PTBA,RG,4240,1,D,CC,BQ,D
14:32:53,PTBA,RG,4240,10,D,HP,BQ,D
14:32:53,PTBA,RG,4240,4,D,YP,BQ,D
14:32:53,PTBA,RG,4240,1,D,CC,BQ,D
14:32:53,PTBA,RG,4240,1,D,XC,BQ,D
14:32:53,PTBA,RG,4240,1,D,YP,BQ,D
14:32:53,PTBA,RG,4240,7,D,DX,BQ,D
14:32:26,PTBA,RG,4250,75,D,KK,ZP,F
14:32:26,PTBA,RG,4250,25,D,KK,CS,D
14:31:48,PTBA,RG,4250,11,D,CC,CS,D
14:30:47,PTBA,RG,4240,15,D,DX,CC,D
14:30:47,PTBA,RG,4240,15,D,DX,CC,D
14:30:47,PTBA,RG,4240,70,D,DX,CC,D
14:30:08,PTBA,RG,4240,11,D,DX,XC,D
14:29:21,PTBA,RG,4250,15,D,OD,CS,D
14:29:21,PTBA,RG,4250,40,D,OD,CS,D
14:29:21,PTBA,RG,4250,3,D,OD,CS,D
14:29:21,PTBA,RG,4250,142,D,OD,PD,D
14:29:10,PTBA,RG,4250,1,D,CC,PD,D
14:28:58,PTBA,RG,4250,2,F,CC,PD,D
14:28:58,PTBA,RG,4250,25,F,ZP,PD,D
14:28:58,PTBA,RG,4250,13,F,CS,PD,D
14:28:58,PTBA,RG,4250,3,D,KK,PD,D
14:28:58,PTBA,RG,4250,3,F,AK,PD,D
14:28:58,PTBA,RG,4250,1,F,AK,PD,D
14:28:58,PTBA,RG,4250,4,F,BK,PD,D
14:28:58,PTBA,RG,4250,25,D,DR,PD,D
14:28:58,PTBA,RG,4250,31,F,BK,PD,D
14:28:50,PTBA,RG,4250,88,F,AK,ZP,F
14:28:50,PTBA,RG,4250,12,F,AK,ZP,F
14:28:50,PTBA,RG,4250,10,F,AK,CS,D
14:28:50,PTBA,RG,4250,584,F,AK,LG,D
14:28:50,PTBA,RG,4250,62,F,BK,LG,D
14:28:50,PTBA,RG,4250,8,F,CS,LG,D
14:28:50,PTBA,RG,4250,103,F,BK,LG,D
14:28:50,PTBA,RG,4250,3,F,CC,LG,D
14:28:50,PTBA,RG,4250,5,D,PD,LG,D
14:28:50,PTBA,RG,4250,25,F,BK,LG,D
14:28:50,PTBA,RG,4250,20,F,BK,LG,D
14:28:50,PTBA,RG,4250,50,D,KK,LG,D
14:28:50,PTBA,RG,4250,200,D,OD,LG,D
14:28:50,PTBA,RG,4250,35,F,CS,LG,D
14:28:50,PTBA,RG,4250,21,F,RX,LG,D
14:28:50,PTBA,RG,4250,63,F,BK,LG,D
14:28:50,PTBA,RG,4250,110,F,BK,LG,D
14:28:50,PTBA,RG,4250,61,F,BK,LG,D
14:28:50,PTBA,RG,4250,3,D,PD,LG,D
14:28:50,PTBA,RG,4250,21,F,BK,LG,D
14:28:50,PTBA,RG,4250,6,D,LG,LG,D
14:28:50,PTBA,RG,4250,10,D,YP,LG,D
14:28:50,PTBA,RG,4250,27,F,BK,LG,D
14:28:50,PTBA,RG,4250,3,F,BK,LG,D
14:28:50,PTBA,RG,4250,57,F,BK,LG,D
14:28:50,PTBA,RG,4250,23,F,BK,LG,D
14:28:49,PTBA,RG,4250,5,F,BK,DH,D
14:28:48,PTBA,RG,4250,8,F,BK,ZP,F
14:28:48,PTBA,RG,4250,24,F,BK,NI,D
14:28:48,PTBA,RG,4250,10,F,CS,NI,D
14:28:48,PTBA,RG,4250,16,F,CS,NI,D
14:28:37,PTBA,RG,4250,2,F,CS,RG,D
14:28:36,PTBA,RG,4250,5,F,CS,YP,D
14:28:30,PTBA,RG,4250,6,F,CS,ZP,F
14:28:26,PTBA,RG,4250,5,F,CS,BQ,D
14:28:26,PTBA,RG,4250,22,D,DX,BQ,D
14:28:26,PTBA,RG,4250,15,D,DX,BQ,D
14:28:26,PTBA,RG,4250,185,D,DX,BQ,D
14:28:26,PTBA,RG,4250,114,F,BK,BQ,D
14:28:26,PTBA,RG,4250,27,F,BK,BQ,D
14:28:26,PTBA,RG,4250,62,F,BK,BQ,D
14:28:26,PTBA,RG,4250,22,F,BK,BQ,D
14:28:26,PTBA,RG,4250,62,F,BK,BQ,D
14:28:26,PTBA,RG,4250,10,D,NI,BQ,D
14:28:26,PTBA,RG,4250,10,D,CC,BQ,D
14:28:26,PTBA,RG,4250,68,D,XC,BQ,D
14:28:26,PTBA,RG,4250,25,F,BK,BQ,D
14:28:26,PTBA,RG,4250,62,F,BK,BQ,D
14:28:26,PTBA,RG,4250,10,D,DH,BQ,D
14:28:26,PTBA,RG,4250,61,F,BK,BQ,D
14:28:26,PTBA,RG,4250,1,D,AG,BQ,D
14:28:26,PTBA,RG,4250,126,F,ZP,BQ,D
14:28:26,PTBA,RG,4250,27,F,BK,BQ,D
14:28:26,PTBA,RG,4250,86,F,BK,BQ,D
14:28:22,PTBA,RG,4250,29,F,BK,CS,D
14:28:22,PTBA,RG,4250,5,F,AK,CS,D
14:28:22,PTBA,RG,4250,1,F,AK,CS,D
14:28:22,PTBA,RG,4250,10,F,BK,CS,D
14:28:16,PTBA,RG,4250,25,F,BK,NI,D
14:28:11,PTBA,RG,4250,6,F,BK,ZP,F
14:28:08,PTBA,RG,4250,20,F,BK,XL,D
14:28:08,PTBA,RG,4250,60,F,BK,XL,D
14:28:08,PTBA,RG,4250,2,D,DR,XL,D
14:28:08,PTBA,RG,4250,2,D,DR,XL,D
14:28:08,PTBA,RG,4250,11,F,BK,XL,D
14:27:56,PTBA,RG,4250,6,F,BK,ZP,F
14:27:40,PTBA,RG,4250,1,F,BK,XC,D
14:27:37,PTBA,RG,4250,5,F,BK,ZP,F
14:27:37,PTBA,RG,4250,5,F,BK,DH,D
14:27:37,PTBA,RG,4250,121,F,BK,DH,D
14:27:37,PTBA,RG,4250,64,F,BK,DH,D
14:27:37,PTBA,RG,4250,18,D,DR,DH,D
14:27:37,PTBA,RG,4250,23,F,BK,DH,D
14:27:37,PTBA,RG,4250,60,F,BK,DH,D
14:27:37,PTBA,RG,4250,655,F,AK,DH,D
14:27:37,PTBA,RG,4250,31,F,RX,DH,D
14:27:37,PTBA,RG,4250,23,F,BK,DH,D
14:27:26,PTBA,RG,4250,2,F,BK,NI,D
14:27:21,PTBA,RG,4250,2,F,BK,ZP,F
14:27:21,PTBA,RG,4250,5,F,BK,ZP,F
14:27:13,PTBA,RG,4250,10,F,BK,YP,D
14:27:08,PTBA,RG,4260,24,F,ZP,YP,D
14:27:01,PTBA,RG,4250,5,F,BK,ZP,F
14:26:42,PTBA,RG,4250,2,F,BK,SQ,D
14:26:41,PTBA,RG,4250,8,F,BK,ZP,F
14:26:29,PTBA,RG,4250,50,F,BK,NI,D
14:26:28,PTBA,RG,4250,1,F,BK,XC,D
14:26:26,PTBA,RG,4250,5,F,BK,ZP,F
14:26:21,PTBA,RG,4250,20,F,BK,XC,D
14:26:16,PTBA,RG,4250,11,F,BK,CS,D
14:26:16,PTBA,RG,4250,7,F,CS,CS,D
14:26:16,PTBA,RG,4250,18,F,BK,CS,D
14:26:11,PTBA,RG,4250,42,F,BK,DU,D
14:26:11,PTBA,RG,4250,60,F,BK,DU,D
14:26:11,PTBA,RG,4250,33,F,CS,DU,D
14:26:11,PTBA,RG,4250,24,F,BK,DU,D
14:26:11,PTBA,RG,4250,28,F,BK,DU,D
14:26:11,PTBA,RG,4250,119,F,BK,DU,D
14:26:11,PTBA,RG,4250,63,F,BK,DU,D
14:26:11,PTBA,RG,4250,65,F,BK,DU,D
14:26:11,PTBA,RG,4250,66,D,DH,DU,D
14:26:08,PTBA,RG,4250,5,D,DH,ZP,F
14:25:59,PTBA,RG,4250,80,D,DH,SQ,D
14:25:53,PTBA,RG,4250,1,D,DH,YP,D
14:25:51,PTBA,RG,4260,4,D,DR,YP,D
14:25:49,PTBA,RG,4250,5,D,DH,ZP,F
14:25:45,PTBA,RG,4250,5,D,DH,CC,D
14:25:31,PTBA,RG,4250,6,D,DH,ZP,F
14:25:10,PTBA,RG,4250,6,D,DH,ZP,F
14:25:09,PTBA,RG,4250,6,D,DH,LG,D
14:25:04,PTBA,RG,4260,38,F,ZP,YP,D
14:25:04,PTBA,RG,4250,70,D,DH,XC,D
14:25:04,PTBA,RG,4250,23,F,BK,XC,D
14:25:04,PTBA,RG,4250,28,F,BK,XC,D
14:25:04,PTBA,RG,4250,85,F,BK,XC,D
14:24:59,PTBA,RG,4250,31,F,BK,BQ,D
14:24:59,PTBA,RG,4250,7,F,CS,BQ,D
14:24:59,PTBA,RG,4250,62,F,BK,BQ,D
14:24:59,PTBA,RG,4250,62,F,BK,BQ,D
14:24:59,PTBA,RG,4250,1,D,PD,BQ,D
14:24:59,PTBA,RG,4250,3,D,XC,BQ,D
14:24:59,PTBA,RG,4250,2,D,XC,BQ,D
14:24:59,PTBA,RG,4250,23,F,BK,BQ,D
14:24:59,PTBA,RG,4250,25,F,BK,BQ,D
14:24:59,PTBA,RG,4250,117,F,BK,BQ,D
14:24:59,PTBA,RG,4250,62,F,BK,BQ,D
14:24:59,PTBA,RG,4250,60,F,BK,BQ,D
14:24:59,PTBA,RG,4250,1,D,PD,BQ,D
14:24:59,PTBA,RG,4250,24,F,BK,BQ,D
14:24:59,PTBA,RG,4250,10,D,YP,BQ,D
14:24:59,PTBA,RG,4250,10,F,BK,BQ,D
14:24:50,PTBA,RG,4250,5,F,BK,ZP,F
14:24:37,PTBA,RG,4250,7,F,BK,NI,D
14:24:31,PTBA,RG,4250,5,F,BK,CS,D
14:24:31,PTBA,RG,4250,43,F,BK,CS,D
14:24:29,PTBA,RG,4250,4,F,BK,ZP,F
14:24:29,PTBA,RG,4260,8,F,RX,YP,D
14:24:26,PTBA,RG,4260,46,F,BK,YP,D
14:24:12,PTBA,RG,4250,6,F,BK,ZP,F
14:23:54,PTBA,RG,4260,2,D,NI,YP,D
14:23:53,PTBA,RG,4250,5,F,BK,ZP,F
14:23:53,PTBA,RG,4250,2,F,BK,PD,D
14:23:48,PTBA,RG,4260,1,D,YP,YP,D
14:23:43,PTBA,RG,4260,7,D,DR,YP,D
14:23:43,PTBA,RG,4260,40,F,BK,YP,D
14:23:36,PTBA,RG,4250,6,F,BK,ZP,F
14:23:21,PTBA,RG,4260,1,D,XC,YP,D
14:23:16,PTBA,RG,4250,6,F,BK,ZP,F
14:23:09,PTBA,RG,4260,25,D,PD,YP,D
14:23:04,PTBA,RG,4260,56,D,XL,YP,D
14:22:59,PTBA,RG,4260,46,F,BK,YP,D
14:22:56,PTBA,RG,4250,5,F,BK,ZP,F
14:22:40,PTBA,RG,4260,8,F,RX,YP,D
14:22:38,PTBA,RG,4250,5,F,BK,XL,D
14:22:35,PTBA,RG,4250,4,F,BK,ZP,F
14:22:34,PTBA,RG,4260,50,D,YP,YP,D
14:22:21,PTBA,RG,4260,20,D,PD,YP,D
14:22:16,PTBA,RG,4250,4,F,BK,ZP,F
14:22:07,PTBA,RG,4250,30,F,BK,CS,D
14:22:07,PTBA,RG,4250,13,F,BK,CS,D
14:22:05,PTBA,RG,4250,17,F,BK,EP,D
14:22:03,PTBA,RG,4250,33,F,BK,XL,D
14:22:03,PTBA,RG,4250,47,F,BK,XL,D
14:22:00,PTBA,RG,4250,11,F,BK,ZP,F
14:21:47,PTBA,RG,4250,1,F,BK,XC,D
14:21:40,PTBA,RG,4250,3,F,BK,ZP,F
14:21:40,PTBA,RG,4250,2,D,OD,ZP,F
14:21:30,PTBA,RG,4260,75,F,BK,YP,D
14:21:27,PTBA,RG,4250,2,D,OD,NI,D
14:21:16,PTBA,RG,4260,4,D,PD,YP,D
14:21:16,PTBA,RG,4260,42,D,PD,NI,D
14:21:14,PTBA,RG,4250,24,D,OD,EP,D
14:21:14,PTBA,RG,4250,7,D,DR,EP,D
14:21:14,PTBA,RG,4250,4,D,NI,EP,D
14:21:14,PTBA,RG,4250,16,F,CS,EP,D
14:21:14,PTBA,RG,4250,43,D,YP,EP,D
14:21:14,PTBA,RG,4250,4,F,CS,EP,D
14:21:14,PTBA,RG,4250,3,F,CS,EP,D
14:21:07,PTBA,RG,4250,2,F,CS,YP,D
14:20:46,PTBA,RG,4250,25,D,KK,LG,D
14:20:46,PTBA,RG,4250,1,F,AK,LG,D
14:20:46,PTBA,RG,4250,1,F,AK,LG,D
14:20:46,PTBA,RG,4250,17,F,BK,LG,D
14:20:46,PTBA,RG,4250,13,F,ZP,LG,D
14:20:46,PTBA,RG,4250,23,F,BK,LG,D
14:20:45,PTBA,RG,4260,47,D,XL,NI,D
14:20:40,PTBA,RG,4260,47,D,PD,NI,D
14:20:30,PTBA,RG,4260,16,F,BK,NI,D
14:20:21,PTBA,RG,4250,1,F,BK,YP,D
14:20:10,PTBA,RG,4260,1,D,XC,NI,D
14:20:05,PTBA,RG,4250,1,F,BK,NI,D
14:20:05,PTBA,RG,4260,4,D,PD,NI,D
14:19:55,PTBA,RG,4250,42,F,BK,CS,D
14:19:44,PTBA,RG,4260,7,D,XL,NI,D
14:19:27,PTBA,RG,4260,17,F,BK,NI,D
14:19:17,PTBA,RG,4250,3,F,BK,CC,D
14:19:04,PTBA,RG,4260,9,D,NI,NI,D
14:19:03,PTBA,RG,4250,7,F,BK,BQ,D
14:19:03,PTBA,RG,4250,15,F,BK,BQ,D
14:19:03,PTBA,RG,4250,39,F,BK,BQ,D
14:19:03,PTBA,RG,4250,44,F,BK,BQ,D
14:19:03,PTBA,RG,4250,355,F,AK,BQ,D
14:19:03,PTBA,RG,4250,40,D,XC,BQ,D
14:18:34,PTBA,RG,4250,10,D,XC,KK,D
14:18:23,PTBA,RG,4260,10,F,BK,NI,D
14:18:23,PTBA,RG,4260,7,F,BK,GR,D
14:18:20,PTBA,RG,4260,3,D,DR,GR,D
14:18:20,PTBA,RG,4260,1,D,DR,OD,D
14:18:19,PTBA,RG,4260,2,D,DR,OD,D
14:17:43,PTBA,RG,4250,35,D,XC,CS,D
14:17:25,PTBA,RG,4260,2,D,DR,OD,D
14:17:25,PTBA,RG,4260,3,D,DR,NI,D
14:17:24,PTBA,RG,4250,5,D,XC,XL,D
14:16:19,PTBA,RG,4260,1,D,XL,NI,D
14:16:18,PTBA,RG,4250,5,D,XC,NI,D
14:15:44,PTBA,RG,4260,20,D,NI,NI,D
14:15:40,PTBA,RG,4260,1,D,XC,NI,D
14:15:37,PTBA,RG,4260,1,D,PD,NI,D
14:15:35,PTBA,RG,4260,8,D,PD,NI,D
14:15:35,PTBA,RG,4260,2,D,PD,PD,D
14:15:34,PTBA,RG,4250,10,D,XC,SQ,D
14:14:43,PTBA,RG,4260,2,D,CC,PD,D
14:14:36,PTBA,RG,4260,1,D,MG,PD,D
14:14:16,PTBA,RG,4250,3,D,XC,XC,D
14:13:30,PTBA,RG,4250,2,D,XC,ZP,F
14:13:29,PTBA,RG,4250,124,D,XC,PD,D
14:13:08,PTBA,RG,4250,75,D,XC,NI,D
14:12:34,PTBA,RG,4260,1,D,XC,PD,D
14:12:09,PTBA,RG,4250,400,D,XC,PD,D
14:12:05,PTBA,RG,4250,50,D,XC,DR,D
14:11:50,PTBA,RG,4250,5,D,XC,ZP,F
14:11:50,PTBA,RG,4250,50,D,XC,YP,D
14:11:50,PTBA,RG,4250,16,D,XC,ZP,F
14:11:50,PTBA,RG,4250,170,D,XC,YP,D
14:11:46,PTBA,RG,4250,5,D,XC,YP,D
14:11:20,PTBA,RG,4250,1,D,XC,YP,D
14:11:20,PTBA,RG,4250,16,F,BK,YP,D
14:11:20,PTBA,RG,4250,18,F,BK,YP,D
14:11:20,PTBA,RG,4250,3,F,CS,YP,D
14:11:20,PTBA,RG,4250,18,F,CS,YP,D
14:11:20,PTBA,RG,4250,3,F,CS,YP,D
14:11:20,PTBA,RG,4250,50,D,NI,YP,D
14:11:20,PTBA,RG,4250,31,F,RX,YP,D
14:11:20,PTBA,RG,4250,10,D,NI,YP,D
14:11:20,PTBA,RG,4250,1,F,AK,YP,D
14:11:20,PTBA,RG,4250,1,F,AK,YP,D
14:11:20,PTBA,RG,4250,91,F,BK,YP,D
14:11:20,PTBA,RG,4250,16,F,ZP,YP,D
14:11:20,PTBA,RG,4250,66,F,BK,YP,D
14:11:16,PTBA,RG,4250,327,F,BK,AK,F
14:11:16,PTBA,RG,4250,173,F,BK,AK,F
14:11:12,PTBA,RG,4250,12,F,BK,YJ,D
14:11:12,PTBA,RG,4250,83,F,BK,YJ,D
14:11:12,PTBA,RG,4250,178,F,BK,YJ,D
14:11:12,PTBA,RG,4250,6,F,CS,YJ,D
14:11:12,PTBA,RG,4250,7,F,CS,YJ,D
14:11:12,PTBA,RG,4250,388,F,AK,YJ,D
14:11:12,PTBA,RG,4250,15,F,CS,YJ,D
14:11:12,PTBA,RG,4250,1,F,CS,YJ,D
14:11:12,PTBA,RG,4250,11,F,CS,YJ,D
14:11:12,PTBA,RG,4250,2,F,ZP,YJ,D
14:11:12,PTBA,RG,4250,54,F,ZP,YJ,D
14:11:12,PTBA,RG,4250,243,D,DR,YJ,D
14:11:06,PTBA,RG,4250,4,D,DR,PD,D
14:10:47,PTBA,RG,4250,29,D,DR,SQ,D
14:10:40,PTBA,RG,4250,54,D,DR,ZP,F
14:10:40,PTBA,RG,4250,68,D,DR,CS,D
14:10:40,PTBA,RG,4250,3,D,DR,ZP,F
14:10:40,PTBA,RG,4250,5,D,DR,PD,D
14:10:40,PTBA,RG,4250,1000,D,DR,DH,D
14:10:40,PTBA,RG,4250,500,D,DR,BQ,D
14:10:40,PTBA,RG,4250,1,D,DR,ZP,F
14:10:40,PTBA,RG,4250,10,D,DR,CC,D
14:10:40,PTBA,RG,4250,7,D,DR,ZP,F
14:10:40,PTBA,RG,4250,10,D,DR,CS,D
14:10:40,PTBA,RG,4250,18,D,DR,CS,D
14:10:40,PTBA,RG,4250,3,D,DR,CS,D
14:10:40,PTBA,RG,4250,17,D,DR,CS,D
14:10:40,PTBA,RG,4250,314,D,DR,BK,F
14:10:40,PTBA,RG,4250,5,D,DR,ZP,F
14:10:40,PTBA,RG,4250,5,D,DR,ZP,F
14:10:40,PTBA,RG,4250,150,D,DR,NI,D
14:10:40,PTBA,RG,4250,10,D,DR,ZP,F
14:10:40,PTBA,RG,4250,10,D,DR,CS,D
14:10:40,PTBA,RG,4250,34,D,DR,BQ,D
14:10:18,PTBA,RG,4240,12,D,DX,XC,D
14:09:57,PTBA,RG,4250,1,D,XC,BQ,D
14:09:51,PTBA,RG,4250,1,D,XC,BQ,D
14:09:13,PTBA,RG,4250,3,D,PD,BQ,D
14:08:59,PTBA,RG,4240,80,D,DX,XC,D
14:08:28,PTBA,RG,4240,1,D,DX,LG,D
14:08:06,PTBA,RG,4240,10,D,DX,NI,D
14:07:55,PTBA,RG,4240,1,D,DX,DH,D
14:07:55,PTBA,RG,4240,2,D,PD,DH,D
14:07:55,PTBA,RG,4240,1,D,XC,DH,D
14:07:55,PTBA,RG,4240,38,D,XC,DH,D
14:07:55,PTBA,RG,4240,5,D,YP,DH,D
14:07:55,PTBA,RG,4240,1,D,SQ,DH,D
14:07:55,PTBA,RG,4240,5,D,YP,DH,D
14:07:55,PTBA,RG,4240,1,D,XC,DH,D
14:07:55,PTBA,RG,4240,1,D,XL,DH,D
14:07:55,PTBA,RG,4240,1,D,XL,DH,D
14:07:55,PTBA,RG,4240,1,D,XL,DH,D
14:07:55,PTBA,RG,4240,1,D,CC,DH,D
14:07:55,PTBA,RG,4240,10,D,YP,DH,D
14:07:55,PTBA,RG,4240,1,D,XC,DH,D
14:07:55,PTBA,RG,4240,1,D,CC,DH,D
14:07:55,PTBA,RG,4240,12,D,XC,DH,D
14:07:55,PTBA,RG,4240,1,D,XC,DH,D
14:07:55,PTBA,RG,4240,52,D,OD,DH,D
14:07:55,PTBA,RG,4240,1,D,XC,DH,D
14:07:55,PTBA,RG,4240,1,D,XC,DH,D
14:07:55,PTBA,RG,4240,23,D,OD,DH,D
14:07:55,PTBA,RG,4240,2,D,XC,DH,D
14:07:55,PTBA,RG,4240,3,D,XC,DH,D
14:07:55,PTBA,RG,4240,7,D,YP,DH,D
14:07:55,PTBA,RG,4240,1,D,YP,DH,D
14:07:55,PTBA,RG,4240,1,D,DR,DH,D
14:07:55,PTBA,RG,4240,12,D,DR,DH,D
14:07:55,PTBA,RG,4240,50,D,NI,DH,D
14:07:55,PTBA,RG,4240,1,D,PD,DH,D
14:07:55,PTBA,RG,4240,2,D,PD,DH,D
14:07:55,PTBA,RG,4240,10,D,NI,DH,D
14:07:55,PTBA,RG,4240,2,D,KK,DH,D
14:07:55,PTBA,RG,4240,235,D,NI,DH,D
14:07:55,PTBA,RG,4240,3,D,PD,DH,D
14:07:55,PTBA,RG,4240,1,D,PD,DH,D
14:07:55,PTBA,RG,4240,1,D,PD,DH,D
14:07:55,PTBA,RG,4240,3,D,KK,DH,D
14:07:55,PTBA,RG,4240,2,D,EP,DH,D
14:07:55,PTBA,RG,4240,10,D,EP,DH,D
14:07:55,PTBA,RG,4240,4,D,EP,DH,D
14:07:55,PTBA,RG,4240,50,D,AT,DH,D
14:07:55,PTBA,RG,4240,40,D,YP,DH,D
14:07:31,PTBA,RG,4240,19,D,YP,XC,D
14:07:25,PTBA,RG,4250,1,D,NI,BQ,D
14:06:59,PTBA,RG,4240,2,D,YP,PD,D
14:06:49,PTBA,RG,4250,1,D,NI,BQ,D
14:06:44,PTBA,RG,4250,1,D,YP,BQ,D
14:06:43,PTBA,RG,4250,1,D,YP,BQ,D
14:06:41,PTBA,RG,4250,1,D,YP,BQ,D
14:06:31,PTBA,RG,4250,1,F,AK,BQ,D
14:06:31,PTBA,RG,4250,1,F,AK,BQ,D
14:06:31,PTBA,RG,4250,3,F,AK,BQ,D
14:06:31,PTBA,RG,4250,6,F,AK,BQ,D
14:06:30,PTBA,RG,4250,11,F,AK,BQ,D
14:06:30,PTBA,RG,4250,24,F,CS,BQ,D
14:06:30,PTBA,RG,4250,23,F,AK,BQ,D
14:06:30,PTBA,RG,4250,13,F,CS,BQ,D
14:06:30,PTBA,RG,4250,1,F,AK,BQ,D
14:06:30,PTBA,RG,4250,2,F,AK,BQ,D
14:06:30,PTBA,RG,4250,1,D,AG,BQ,D
14:06:30,PTBA,RG,4250,100,D,NI,BQ,D
14:06:30,PTBA,RG,4250,62,F,BK,BQ,D
14:06:30,PTBA,RG,4250,16,F,BK,BQ,D
14:06:30,PTBA,RG,4250,73,F,BK,BQ,D
14:06:30,PTBA,RG,4250,182,F,BK,BQ,D
14:06:30,PTBA,RG,4250,21,D,DR,BQ,D
14:06:30,PTBA,RG,4250,10,D,BQ,BQ,D
14:06:30,PTBA,RG,4250,71,F,BK,BQ,D
14:06:30,PTBA,RG,4250,4,F,CS,BQ,D
14:06:30,PTBA,RG,4250,319,F,AK,BQ,D
14:06:30,PTBA,RG,4250,12,F,CS,BQ,D
14:06:25,PTBA,RG,4250,3,F,CS,YP,D
14:06:25,PTBA,RG,4250,1,F,ZP,YP,D
14:06:25,PTBA,RG,4250,2,F,CS,YP,D
14:06:14,PTBA,RG,4250,3,F,CS,KK,D
14:06:06,PTBA,RG,4250,21,F,AK,ZP,F
14:06:05,PTBA,RG,4250,6,F,AK,ZP,F
14:06:05,PTBA,RG,4250,5,F,AK,DH,D
14:06:05,PTBA,RG,4250,19,F,AK,CS,D
14:06:04,PTBA,RG,4250,15,F,AK,CS,D
14:06:04,PTBA,RG,4250,16,F,AK,CS,D
14:06:04,PTBA,RG,4250,21,F,AK,ZP,F
14:06:04,PTBA,RG,4250,4,F,AK,ZP,F
14:06:04,PTBA,RG,4250,19,F,AK,ZP,F
14:06:04,PTBA,RG,4250,15,F,AK,ZP,F
14:06:04,PTBA,RG,4250,1,F,AK,OD,D
14:06:04,PTBA,RG,4250,15,F,AK,BK,F
14:06:04,PTBA,RG,4250,164,F,AK,BK,F
14:06:04,PTBA,RG,4250,38,F,ZP,BK,F
14:06:04,PTBA,RG,4250,17,F,AK,BK,F
14:06:04,PTBA,RG,4250,74,D,FZ,BK,F
14:06:04,PTBA,RG,4250,140,D,FZ,CC,D
14:06:04,PTBA,RG,4250,243,D,FZ,BK,F
14:06:04,PTBA,RG,4250,88,D,FZ,ZP,F
14:06:04,PTBA,RG,4250,955,D,FZ,YJ,D
14:05:55,PTBA,RG,4240,7,D,YP,ZP,F
14:05:41,PTBA,RG,4240,2,D,YP,PD,D
14:05:41,PTBA,RG,4240,20,D,NI,PD,D
14:05:41,PTBA,RG,4240,1,D,DH,PD,D
14:05:34,PTBA,RG,4240,4,D,DH,ZP,F
14:05:34,PTBA,RG,4250,2,D,PD,YJ,D
14:04:27,PTBA,RG,4250,1,D,XL,YJ,D
14:03:43,PTBA,RG,4240,1,D,NI,YU,D
14:03:43,PTBA,RG,4240,1,D,YP,YU,D
14:03:43,PTBA,RG,4240,2,D,PD,YU,D
14:03:43,PTBA,RG,4240,10,D,CC,YU,D
14:03:43,PTBA,RG,4240,2,D,DR,YU,D
14:03:43,PTBA,RG,4240,39,D,CC,YU,D
14:03:10,PTBA,RG,4240,20,D,CC,KK,D
14:01:58,PTBA,RG,4240,1,D,CC,BB,D
14:01:58,PTBA,RG,4240,3,D,DR,BB,D
14:01:58,PTBA,RG,4240,30,D,XA,BB,D
14:01:58,PTBA,RG,4240,1,D,BQ,BB,D
14:01:58,PTBA,RG,4240,58,D,SQ,BB,D
14:01:54,PTBA,RG,4240,3,D,SQ,PD,D
14:01:48,PTBA,RG,4240,1,D,SQ,XC,D
14:01:22,PTBA,RG,4240,21,D,SQ,LG,D
14:01:12,PTBA,RG,4240,5,D,SQ,XC,D
14:01:06,PTBA,RG,4240,12,D,SQ,CC,D
14:01:06,PTBA,RG,4240,38,D,DR,CC,D
14:01:06,PTBA,RG,4240,62,D,DR,YP,D
14:01:06,PTBA,RG,4240,10,D,LG,YP,D
14:01:06,PTBA,RG,4240,28,D,YP,YP,D
14:00:51,PTBA,RG,4240,19,D,YP,BK,F
14:00:49,PTBA,RG,4240,3,D,YP,AK,F
14:00:49,PTBA,RG,4240,5,F,BK,AK,F
14:00:49,PTBA,RG,4240,1,D,PD,AK,F
14:00:49,PTBA,RG,4240,1,D,YP,AK,F
14:00:49,PTBA,RG,4240,22,D,DX,AK,F
14:00:49,PTBA,RG,4240,15,D,DX,AK,F
14:00:49,PTBA,RG,4240,185,D,DX,AK,F
14:00:49,PTBA,RG,4240,268,D,GR,AK,F
14:00:48,PTBA,RG,4240,200,D,GR,KK,D
14:00:39,PTBA,RG,4240,21,D,GR,BK,F
14:00:36,PTBA,RG,4240,63,D,GR,BK,F
14:00:34,PTBA,RG,4240,448,D,GR,MG,D
14:00:34,PTBA,RG,4240,1,D,YB,MG,D
14:00:34,PTBA,RG,4240,10,D,YP,MG,D
14:00:34,PTBA,RG,4240,5,D,PD,MG,D
14:00:34,PTBA,RG,4240,25,D,YP,MG,D
14:00:34,PTBA,RG,4240,2,D,EP,MG,D
14:00:34,PTBA,RG,4240,3,D,PD,MG,D
14:00:34,PTBA,RG,4240,91,F,BK,MG,D
14:00:34,PTBA,RG,4240,36,F,BK,MG,D
14:00:34,PTBA,RG,4240,22,F,BK,MG,D
14:00:34,PTBA,RG,4240,10,D,YP,MG,D
14:00:34,PTBA,RG,4240,1,D,YP,MG,D
14:00:34,PTBA,RG,4240,23,D,XC,MG,D
14:00:34,PTBA,RG,4240,10,D,KK,MG,D
14:00:34,PTBA,RG,4240,5,F,YP,MG,D
14:00:34,PTBA,RG,4240,1,D,YP,MG,D
14:00:34,PTBA,RG,4240,10,D,YP,MG,D
14:00:34,PTBA,RG,4240,50,D,CP,MG,D
14:00:34,PTBA,RG,4240,1,D,YB,MG,D
14:00:34,PTBA,RG,4240,100,D,SQ,MG,D
14:00:34,PTBA,RG,4240,250,D,IT,MG,D
14:00:34,PTBA,RG,4240,1,D,PD,MG,D
14:00:34,PTBA,RG,4240,1,D,GR,MG,D
14:00:34,PTBA,RG,4240,3,D,EP,MG,D
14:00:34,PTBA,RG,4240,5,D,KK,MG,D
14:00:34,PTBA,RG,4240,1,D,SQ,MG,D
14:00:34,PTBA,RG,4240,885,D,CC,MG,D
14:00:31,PTBA,RG,4250,21,F,CS,YJ,D
14:00:31,PTBA,RG,4250,2,F,AK,YJ,D
14:00:31,PTBA,RG,4250,2,F,AK,YJ,D
14:00:31,PTBA,RG,4250,10,F,BK,YJ,D
14:00:31,PTBA,RG,4250,7,F,CS,YJ,D
14:00:30,PTBA,RG,4250,2,F,CS,BK,F
14:00:30,PTBA,RG,4250,5,D,PD,BK,F
14:00:30,PTBA,RG,4250,1,D,PD,BK,F
14:00:30,PTBA,RG,4250,18,F,BK,BK,F
14:00:30,PTBA,RG,4250,85,F,BK,ZP,F
14:00:30,PTBA,RG,4250,45,F,BK,AK,F
14:00:30,PTBA,RG,4250,7,D,NI,AK,F
14:00:30,PTBA,RG,4250,1,D,XC,AK,F
14:00:30,PTBA,RG,4250,50,D,TP,AK,F
14:00:30,PTBA,RG,4250,3,F,CS,AK,F
14:00:30,PTBA,RG,4250,29,F,CC,AK,F
14:00:30,PTBA,RG,4250,2,D,YP,AK,F
14:00:30,PTBA,RG,4250,81,F,BK,AK,F
14:00:30,PTBA,RG,4250,148,F,BK,AK,F
14:00:30,PTBA,RG,4250,134,D,YJ,AK,F
14:00:29,PTBA,RG,4250,5,D,YJ,ZP,F
14:00:29,PTBA,RG,4250,161,D,YJ,LG,D
14:00:29,PTBA,RG,4250,48,F,AK,LG,D
14:00:29,PTBA,RG,4250,11,D,XC,LG,D
14:00:29,PTBA,RG,4250,1,D,OD,LG,D
14:00:29,PTBA,RG,4250,5,D,YP,LG,D
14:00:29,PTBA,RG,4250,1,D,CC,LG,D
14:00:29,PTBA,RG,4250,1,D,YP,LG,D
14:00:29,PTBA,RG,4250,15,D,DR,LG,D
14:00:29,PTBA,RG,4250,7,F,CS,LG,D
14:00:29,PTBA,RG,4250,50,D,YP,LG,D
14:00:29,PTBA,RG,4250,3,D,XC,LG,D
14:00:29,PTBA,RG,4250,120,D,AZ,LG,D
14:00:29,PTBA,RG,4250,8,D,XC,LG,D
14:00:29,PTBA,RG,4250,2,D,PD,LG,D
14:00:29,PTBA,RG,4250,17,F,CS,LG,D
14:00:29,PTBA,RG,4250,57,D,AZ,LG,D
14:00:29,PTBA,RG,4250,300,D,AZ,LG,D
14:00:29,PTBA,RG,4250,10,D,CP,LG,D
14:00:29,PTBA,RG,4250,9,F,CS,LG,D
14:00:29,PTBA,RG,4250,22,D,DX,LG,D
14:00:29,PTBA,RG,4250,15,D,DX,LG,D
14:00:29,PTBA,RG,4250,185,D,DX,LG,D
14:00:29,PTBA,RG,4250,100,D,NI,LG,D
14:00:29,PTBA,RG,4250,2,D,XL,LG,D
14:00:29,PTBA,RG,4250,7,D,XL,LG,D
14:00:29,PTBA,RG,4250,5,D,DR,LG,D
14:00:29,PTBA,RG,4250,23,F,CS,LG,D
14:00:29,PTBA,RG,4250,6,F,CS,LG,D
14:00:29,PTBA,RG,4250,34,F,RX,LG,D
14:00:29,PTBA,RG,4250,1,D,YP,LG,D
14:00:29,PTBA,RG,4250,34,F,CS,LG,D
14:00:29,PTBA,RG,4250,5,F,CS,LG,D
14:00:29,PTBA,RG,4250,1,D,SQ,LG,D
14:00:29,PTBA,RG,4250,1,F,AK,LG,D
14:00:29,PTBA,RG,4250,7,F,BK,LG,D
14:00:29,PTBA,RG,4250,202,F,BK,LG,D
14:00:29,PTBA,RG,4250,22,F,CS,LG,D
14:00:29,PTBA,RG,4250,4,F,CS,LG,D
14:00:29,PTBA,RG,4250,500,D,NI,LG,D
14:00:29,PTBA,RG,4250,10,D,HP,LG,D
14:00:29,PTBA,RG,4250,12,F,BK,LG,D
14:00:29,PTBA,RG,4250,4,F,CS,LG,D
14:00:29,PTBA,RG,4250,20,D,PD,LG,D
14:00:29,PTBA,RG,4250,1,D,XC,LG,D
14:00:29,PTBA,RG,4250,1,F,AK,LG,D
14:00:29,PTBA,RG,4250,1,F,AK,LG,D
14:00:29,PTBA,RG,4250,1,F,AK,LG,D
14:00:29,PTBA,RG,4250,516,F,BK,LG,D
14:00:29,PTBA,RG,4250,176,F,BK,LG,D
14:00:29,PTBA,RG,4250,156,F,BK,LG,D
14:00:24,PTBA,RG,4250,2,F,BK,ZP,F
14:00:21,PTBA,RG,4260,10,D,PD,BK,F
14:00:06,PTBA,RG,4260,4,D,DR,BK,F
14:00:00,PTBA,RG,4260,1,F,AK,BK,F
13:59:59,PTBA,RG,4260,1,F,BK,BK,F
13:59:55,PTBA,RG,4260,23,F,BK,BK,F
13:59:52,PTBA,RG,4260,23,F,ZP,BK,F
13:59:52,PTBA,RG,4250,192,F,BK,BQ,D
13:59:52,PTBA,RG,4250,27,F,CS,BQ,D
13:59:52,PTBA,RG,4250,215,F,BK,BQ,D
13:59:52,PTBA,RG,4250,3,F,CS,BQ,D
13:59:52,PTBA,RG,4250,1,F,CS,BQ,D
13:59:52,PTBA,RG,4250,312,F,BK,BQ,D
13:59:43,PTBA,RG,4260,2,F,ZP,BK,F
13:59:39,PTBA,RG,4260,1,F,BK,BK,F
13:59:37,PTBA,RG,4260,16,F,CS,BK,F
13:59:35,PTBA,RG,4260,1,F,BK,BK,F
13:59:31,PTBA,RG,4260,13,F,BK,BK,F
13:59:31,PTBA,RG,4260,20,F,BK,CC,D
13:59:31,PTBA,RG,4260,5,F,BK,PD,D
13:59:31,PTBA,RG,4260,6,F,BK,ZP,F
13:59:31,PTBA,RG,4260,1,F,BK,NI,D
13:59:31,PTBA,RG,4260,3,F,BK,CS,D
13:59:31,PTBA,RG,4260,1,F,BK,CS,D
13:59:28,PTBA,RG,4260,1,F,ZP,CS,D
13:59:27,PTBA,RG,4250,5,F,BK,ZP,F
13:59:27,PTBA,RG,4260,8,F,BK,CS,D
13:59:27,PTBA,RG,4260,5,F,BK,ZP,F
13:59:27,PTBA,RG,4260,3,F,BK,ZP,F
13:59:27,PTBA,RG,4260,12,F,BK,EP,D
13:59:08,PTBA,RG,4250,5,F,BK,ZP,F
13:59:08,PTBA,RG,4250,1,F,BK,KK,D
13:59:03,PTBA,RG,4260,10,F,ZP,EP,D
13:59:02,PTBA,RG,4260,18,F,BK,EP,D
13:59:01,PTBA,RG,4260,6,F,RX,EP,D
13:59:01,PTBA,RG,4260,2,F,RX,CD,D
13:58:58,PTBA,RG,4260,8,F,BK,CD,D
13:58:58,PTBA,RG,4260,9,F,BK,YP,D
13:58:58,PTBA,RG,4260,3,F,BK,YP,D
13:58:58,PTBA,RG,4260,14,F,BK,YP,D
13:58:58,PTBA,RG,4260,13,F,BK,BK,F
13:58:50,PTBA,RG,4250,6,F,BK,ZP,F
13:58:50,PTBA,RG,4260,16,F,BK,BK,F
13:58:38,PTBA,RG,4250,1,F,BK,DX,D
13:58:31,PTBA,RG,4250,5,F,BK,ZP,F
13:58:30,PTBA,RG,4260,6,F,BK,BK,F
13:58:30,PTBA,RG,4260,38,F,BK,BK,F
13:58:29,PTBA,RG,4260,18,F,BK,BK,F
13:58:28,PTBA,RG,4260,34,F,BK,BK,F
13:58:25,PTBA,RG,4260,21,F,BK,BK,F
13:58:16,PTBA,RG,4250,4,F,BK,ZP,F
13:58:13,PTBA,RG,4260,24,F,BK,BK,F
13:57:56,PTBA,RG,4250,6,F,BK,ZP,F
13:57:43,PTBA,RG,4260,25,F,BK,BK,F
13:57:39,PTBA,RG,4260,28,F,BK,BK,F
13:57:37,PTBA,RG,4250,6,F,BK,YP,D
13:57:36,PTBA,RG,4250,5,F,BK,ZP,F
13:57:15,PTBA,RG,4250,4,F,BK,ZP,F
13:57:15,PTBA,RG,4260,2,F,AK,BK,F
13:57:07,PTBA,RG,4260,4,F,ZP,BK,F
13:57:01,PTBA,RG,4260,16,F,BK,BK,F
13:56:57,PTBA,RG,4260,18,F,BK,BK,F
13:56:41,PTBA,RG,4260,8,F,RX,BK,F
13:56:34,PTBA,RG,4260,2,D,XC,BK,F
13:56:17,PTBA,RG,4260,47,F,BK,BK,F
13:56:13,PTBA,RG,4260,32,F,ZP,BK,F
13:55:54,PTBA,RG,4260,54,F,BK,BK,F
13:55:48,PTBA,RG,4250,13,F,BK,DH,D
13:55:44,PTBA,RG,4260,1,F,AK,BK,F
13:55:44,PTBA,RG,4260,17,F,BK,BK,F
13:55:43,PTBA,RG,4250,100,F,BK,XC,D
13:55:42,PTBA,RG,4260,5,D,DR,BK,F
13:55:07,PTBA,RG,4250,1,F,BK,CC,D
13:54:59,PTBA,RG,4260,39,F,BK,BK,F
13:54:48,PTBA,RG,4260,38,F,BK,BK,F
13:54:39,PTBA,RG,4260,19,F,BK,BK,F
13:54:39,PTBA,RG,4260,38,F,BK,CS,D
13:54:34,PTBA,RG,4250,4,F,BK,AZ,D
13:54:30,PTBA,RG,4260,1,F,AK,CS,D
13:54:29,PTBA,RG,4260,18,F,BK,CS,D
13:54:10,PTBA,RG,4260,13,F,RX,CS,D
13:54:10,PTBA,RG,4260,2,F,RX,DH,D
13:54:01,PTBA,RG,4260,11,F,BK,DH,D
13:54:01,PTBA,RG,4260,5,F,BK,CC,D
13:53:59,PTBA,RG,4250,9,F,BK,XL,D
13:53:59,PTBA,RG,4250,47,F,AK,XL,D
13:53:46,PTBA,RG,4260,2,D,XL,CC,D
13:53:46,PTBA,RG,4260,42,F,BK,CC,D
13:53:26,PTBA,RG,4260,1,F,AK,CC,D
13:53:25,PTBA,RG,4250,1,F,AK,DX,D
13:53:21,PTBA,RG,4260,20,F,BK,CC,D
13:53:21,PTBA,RG,4260,27,F,BK,BK,F
13:53:17,PTBA,RG,4260,1,D,PD,BK,F
13:53:17,PTBA,RG,4260,17,F,BK,BK,F
13:53:17,PTBA,RG,4260,1,F,BK,ZP,F
13:53:17,PTBA,RG,4260,34,F,BK,BQ,D
13:53:15,PTBA,RG,4260,49,F,CS,BQ,D
13:53:14,PTBA,RG,4260,16,F,BK,BQ,D
13:52:57,PTBA,RG,4260,13,D,XL,BQ,D
13:52:46,PTBA,RG,4260,33,F,BK,BQ,D
13:52:34,PTBA,RG,4260,18,F,BK,BQ,D
13:52:33,PTBA,RG,4260,38,F,BK,BQ,D
13:52:32,PTBA,RG,4250,41,F,AK,BB,D
13:52:29,PTBA,RG,4250,250,F,AK,PD,D
13:52:14,PTBA,RG,4260,1,D,PD,BQ,D
13:52:12,PTBA,RG,4260,18,F,ZP,BQ,D
13:52:11,PTBA,RG,4260,16,F,BK,BQ,D
13:51:57,PTBA,RG,4260,43,F,BK,BQ,D
13:51:44,PTBA,RG,4260,52,F,BK,BQ,D
13:51:38,PTBA,RG,4260,1,D,CC,BQ,D
13:51:36,PTBA,RG,4250,50,F,AK,AI,D
13:51:06,PTBA,RG,4260,47,F,BK,BQ,D
13:50:54,PTBA,RG,4260,44,F,BK,BQ,D
13:50:52,PTBA,RG,4260,18,F,BK,BQ,D
13:50:29,PTBA,RG,4250,5,F,AK,GR,D
13:50:28,PTBA,RG,4260,51,F,BK,BQ,D
13:50:27,PTBA,RG,4250,4,F,AK,BB,D
13:50:15,PTBA,RG,4260,1,F,AK,BQ,D
13:50:12,PTBA,RG,4250,14,F,AK,YB,D
13:50:11,PTBA,RG,4260,7,F,RX,BQ,D
13:50:11,PTBA,RG,4260,1,F,RX,XC,D
13:50:11,PTBA,RG,4260,2,F,RX,EP,D
13:50:04,PTBA,RG,4260,40,F,BK,EP,D
13:50:04,PTBA,RG,4250,5,F,AK,GR,D
13:49:47,PTBA,RG,4260,42,F,BK,EP,D
13:49:47,PTBA,RG,4260,17,F,BK,EP,D
13:49:47,PTBA,RG,4250,15,F,AK,BQ,D
13:49:46,PTBA,RG,4260,16,F,BK,EP,D
13:49:44,PTBA,RG,4260,23,F,BK,EP,D
13:49:43,PTBA,RG,4250,10,F,AK,DH,D
13:49:42,PTBA,RG,4260,41,F,BK,EP,D
13:49:41,PTBA,RG,4260,64,F,ZP,EP,D
13:49:41,PTBA,RG,4250,378,F,AK,AK,F
13:49:41,PTBA,RG,4250,6,F,CS,AK,F
13:49:41,PTBA,RG,4250,6,F,CS,AK,F
13:49:41,PTBA,RG,4250,110,D,XC,AK,F
13:49:40,PTBA,RG,4250,500,D,XC,AK,F
13:49:40,PTBA,RG,4250,500,D,XC,AK,F
13:49:39,PTBA,RG,4250,3,D,XC,CC,D
13:49:24,PTBA,RG,4250,5,D,XC,GR,D
13:49:22,PTBA,RG,4260,36,F,BK,EP,D
13:49:17,PTBA,RG,4260,15,F,BK,EP,D
13:49:16,PTBA,RG,4250,500,D,XC,AK,F
13:49:05,PTBA,RG,4250,5,D,XC,GR,D
13:48:59,PTBA,RG,4250,1,D,XC,AK,F
13:48:58,PTBA,RG,4260,4,F,BK,EP,D
13:48:58,PTBA,RG,4260,16,F,BK,BK,F
13:48:55,PTBA,RG,4260,41,F,ZP,BK,F
13:48:45,PTBA,RG,4250,1,D,XC,AK,F
13:48:43,PTBA,RG,4260,35,F,BK,BK,F
13:48:42,PTBA,RG,4250,20,D,XC,YP,D
13:48:30,PTBA,RG,4250,1,D,XC,AK,F
13:48:28,PTBA,RG,4260,24,F,BK,BK,F
13:48:20,PTBA,RG,4260,19,F,BK,BK,F
13:48:15,PTBA,RG,4250,50,D,XC,CC,D
13:48:06,PTBA,RG,4250,1,D,XC,AK,F
13:48:06,PTBA,RG,4260,2,F,AK,BK,F
13:48:05,PTBA,RG,4260,16,F,BK,BK,F
13:48:03,PTBA,RG,4260,57,F,BK,BK,F
13:48:00,PTBA,RG,4260,26,F,BK,BK,F
13:47:48,PTBA,RG,4260,17,F,BK,BK,F
13:47:48,PTBA,RG,4260,12,F,BK,SQ,D
13:47:45,PTBA,RG,4260,8,D,DX,SQ,D
13:47:45,PTBA,RG,4260,1,D,DX,AK,F
13:47:45,PTBA,RG,4260,8,D,DX,YP,D
13:47:45,PTBA,RG,4260,2,D,DX,BB,D
13:47:45,PTBA,RG,4260,3,D,DX,AH,D
13:47:45,PTBA,RG,4260,15,D,DX,AH,D
13:47:45,PTBA,RG,4260,182,D,DX,AH,D
13:47:45,PTBA,RG,4260,3,D,DX,BK,F
13:47:40,PTBA,RG,4260,10,D,LG,BK,F
13:47:28,PTBA,RG,4260,24,F,BK,BK,F
13:47:18,PTBA,RG,4260,30,D,EP,BK,F
13:47:17,PTBA,RG,4260,17,F,BK,BK,F
13:47:17,PTBA,RG,4250,500,D,XC,BK,F
13:47:15,PTBA,RG,4250,1,D,XC,AK,F
13:47:15,PTBA,RG,4260,19,F,BK,BK,F
13:47:12,PTBA,RG,4260,22,D,DX,BK,F
13:47:12,PTBA,RG,4260,15,D,DX,BK,F
13:47:12,PTBA,RG,4260,185,D,DX,BK,F
13:47:10,PTBA,RG,4260,18,F,BK,BK,F
13:47:06,PTBA,RG,4260,18,F,BK,BK,F
13:47:05,PTBA,RG,4250,1,D,XC,XL,D
13:47:04,PTBA,RG,4260,4,F,ZP,BK,F
13:46:53,PTBA,RG,4250,1,D,XC,PD,D
13:46:51,PTBA,RG,4260,30,F,BK,BK,F
13:46:45,PTBA,RG,4250,1,D,XC,AK,F
13:46:39,PTBA,RG,4250,20,D,XC,PD,D
13:46:38,PTBA,RG,4260,16,D,DR,BK,F
13:46:26,PTBA,RG,4260,44,F,ZP,BK,F
13:46:24,PTBA,RG,4250,1,D,XC,AK,F
13:46:23,PTBA,RG,4260,3,D,YP,BK,F
13:46:19,PTBA,RG,4260,19,F,CS,BK,F
13:46:19,PTBA,RG,4260,54,F,BK,BK,F
13:46:18,PTBA,RG,4260,30,F,BK,BK,F
13:46:08,PTBA,RG,4250,48,D,XC,YP,D
13:46:03,PTBA,RG,4250,1,D,XC,AK,F
13:45:56,PTBA,RG,4260,41,F,BK,BK,F
13:45:54,PTBA,RG,4260,17,F,BK,BK,F
13:45:49,PTBA,RG,4260,18,F,BK,BK,F
13:45:43,PTBA,RG,4250,4,D,XC,CC,D
13:45:34,PTBA,RG,4260,19,F,BK,BK,F
13:45:33,PTBA,RG,4260,24,F,BK,BK,F
13:45:24,PTBA,RG,4250,1,D,XC,AK,F
13:45:23,PTBA,RG,4260,50,D,YP,BK,F
13:45:18,PTBA,RG,4260,10,D,BQ,BK,F
13:45:16,PTBA,RG,4260,15,F,BK,BK,F
13:45:15,PTBA,RG,4250,1,D,XC,AK,F
13:45:14,PTBA,RG,4260,18,F,BK,BK,F
13:45:04,PTBA,RG,4260,5,D,CC,BK,F
13:45:01,PTBA,RG,4260,14,D,YP,BK,F
13:45:01,PTBA,RG,4260,86,D,YP,BK,F
13:45:00,PTBA,RG,4260,10,D,YP,BK,F
13:44:45,PTBA,RG,4260,1,D,PD,BK,F
13:44:45,PTBA,RG,4250,1,D,XC,AK,F
13:44:43,PTBA,RG,4260,1,D,PD,BK,F
13:44:42,PTBA,RG,4250,9,D,XC,BB,D
13:44:36,PTBA,RG,4260,25,D,MK,BK,F
13:44:30,PTBA,RG,4260,48,F,BK,BK,F
13:44:30,PTBA,RG,4260,34,F,BK,BK,F
13:44:28,PTBA,RG,4260,5,D,NI,BK,F
13:44:27,PTBA,RG,4260,35,F,BK,BK,F
13:44:25,PTBA,RG,4260,7,D,CC,BK,F
13:44:25,PTBA,RG,4260,2,D,CC,BB,D
13:44:25,PTBA,RG,4260,41,D,CC,YP,D
13:44:23,PTBA,RG,4260,5,D,XC,YP,D
13:44:22,PTBA,RG,4250,28,D,XC,CC,D
13:44:21,PTBA,RG,4260,20,F,BK,YP,D
13:44:21,PTBA,RG,4260,7,D,NI,YP,D
13:44:21,PTBA,RG,4250,1,D,XC,AK,F
13:44:20,PTBA,RG,4260,1,D,CC,YP,D
13:44:12,PTBA,RG,4260,16,F,BK,YP,D
13:43:56,PTBA,RG,4260,7,F,CS,YP,D
13:43:56,PTBA,RG,4260,3,F,RX,YP,D
13:43:49,PTBA,RG,4260,9,F,RX,KK,D
13:43:49,PTBA,RG,4260,4,D,DR,KK,D
13:43:40,PTBA,RG,4270,20,F,BK,CC,D
13:43:27,PTBA,RG,4270,34,F,BK,CC,D
13:43:19,PTBA,RG,4260,1,D,DR,CP,D
13:43:10,PTBA,RG,4270,17,F,BK,CC,D
13:43:10,PTBA,RG,4270,1,F,RX,CC,D
13:43:10,PTBA,RG,4270,15,F,RX,LG,D
13:43:08,PTBA,RG,4270,43,F,BK,LG,D
13:43:07,PTBA,RG,4260,111,F,BK,BK,F
13:43:07,PTBA,RG,4260,9,F,CS,BK,F
13:43:07,PTBA,RG,4260,21,D,DR,BK,F
13:43:06,PTBA,RG,4260,38,F,ZP,BK,F
13:43:06,PTBA,RG,4260,5,F,CS,BK,F
13:43:06,PTBA,RG,4260,362,F,BK,BK,F
13:43:06,PTBA,RG,4260,2,F,CS,BK,F
13:43:06,PTBA,RG,4260,24,F,AK,BK,F
13:43:06,PTBA,RG,4260,14,F,AK,ZP,F
13:43:06,PTBA,RG,4260,50,F,AK,CS,D
13:43:06,PTBA,RG,4260,5,F,AK,XC,D
13:43:06,PTBA,RG,4260,10,F,AK,YP,D
13:43:06,PTBA,RG,4260,9,F,AK,XC,D
13:43:06,PTBA,RG,4260,59,F,AK,ZP,F
13:43:06,PTBA,RG,4260,1,F,AK,XL,D
13:43:06,PTBA,RG,4260,300,F,AK,YP,D
13:43:06,PTBA,RG,4260,1,F,AK,YP,D
13:43:06,PTBA,RG,4260,1,F,AK,XL,D
13:43:06,PTBA,RG,4260,1,F,AK,YP,D
13:43:06,PTBA,RG,4260,1,F,AK,PD,D
13:43:06,PTBA,RG,4260,14,F,AK,ZP,F
13:43:06,PTBA,RG,4260,100,F,AK,FS,D
13:43:06,PTBA,RG,4260,9,F,AK,XC,D
13:43:06,PTBA,RG,4260,100,F,AK,YB,D
13:43:06,PTBA,RG,4260,2,F,AK,CC,D
13:43:06,PTBA,RG,4260,6,F,AK,YP,D
13:43:06,PTBA,RG,4260,10,F,AK,CC,D
13:43:06,PTBA,RG,4260,50,F,AK,CS,D
13:43:06,PTBA,RG,4260,14,F,AK,ZP,F
13:43:06,PTBA,RG,4260,1,F,ZP,ZP,F
13:43:06,PTBA,RG,4260,10,F,ZP,PD,D
13:43:06,PTBA,RG,4260,2,F,ZP,NI,D
13:43:06,PTBA,RG,4260,5,F,ZP,KK,D
13:43:06,PTBA,RG,4260,59,F,ZP,YP,D
13:43:06,PTBA,RG,4260,28,F,CS,YP,D
13:43:06,PTBA,RG,4250,51,D,XC,ZP,F
13:43:06,PTBA,RG,4250,102,D,XC,BK,F
13:43:06,PTBA,RG,4250,120,D,XC,KK,D
13:43:06,PTBA,RG,4250,5,D,XC,YP,D
13:43:06,PTBA,RG,4250,12,D,XC,NI,D
13:43:06,PTBA,RG,4250,1,D,XC,NI,D
13:43:06,PTBA,RG,4250,3,D,XC,NI,D
13:43:06,PTBA,RG,4250,10,D,XC,PD,D
13:43:06,PTBA,RG,4250,10,D,XC,DR,D
13:43:06,PTBA,RG,4250,20,D,XC,DR,D
13:43:06,PTBA,RG,4250,56,D,XC,CS,D
13:43:06,PTBA,RG,4250,10,D,XC,XC,D
13:43:06,PTBA,RG,4250,3,D,XC,DR,D
13:43:06,PTBA,RG,4250,580,D,XC,AK,F
13:43:06,PTBA,RG,4250,4,D,XC,ZP,F
13:43:06,PTBA,RG,4250,48,D,XC,CC,F
13:43:06,PTBA,RG,4250,39,D,XC,CS,D
13:43:06,PTBA,RG,4250,47,D,XC,CS,D
13:43:06,PTBA,RG,4250,500,D,XC,BQ,D
13:43:06,PTBA,RG,4250,50,D,XC,PD,D
13:43:06,PTBA,RG,4250,1,D,XC,AK,F
13:43:06,PTBA,RG,4250,33,D,XC,ZP,F
13:43:06,PTBA,RG,4250,35,D,XC,ZP,F
13:43:06,PTBA,RG,4250,7,D,XC,BB,D
13:43:06,PTBA,RG,4250,1,D,XC,AK,F
13:43:06,PTBA,RG,4250,1,D,XC,ZP,F
13:43:06,PTBA,RG,4250,35,D,XC,ZP,F
13:43:06,PTBA,RG,4250,1,D,XC,AK,F
13:43:06,PTBA,RG,4250,1,D,XC,XL,D
13:43:06,PTBA,RG,4250,2,D,XC,XC,D
13:43:06,PTBA,RG,4250,3,D,XC,ZP,F
13:43:06,PTBA,RG,4250,304,D,XC,BK,F
13:43:06,PTBA,RG,4250,1,D,XC,PD,D
13:43:06,PTBA,RG,4250,14,D,XC,ZP,F
13:43:06,PTBA,RG,4250,1,D,XC,PD,D
13:43:06,PTBA,RG,4250,573,D,XC,AT,D
13:43:01,PTBA,RG,4240,7,D,CC,ZP,F
13:42:55,PTBA,RG,4250,1,D,PD,AT,D
13:42:52,PTBA,RG,4250,16,F,BK,AT,D
13:42:51,PTBA,RG,4250,28,F,BK,AT,D
13:42:48,PTBA,RG,4240,107,D,CC,CS,D
13:42:45,PTBA,RG,4240,1,D,CC,AK,F
13:42:45,PTBA,RG,4250,22,F,BK,AT,D
13:42:39,PTBA,RG,4250,10,D,HP,AT,D
13:42:39,PTBA,RG,4240,1,D,NI,ZP,F
13:42:39,PTBA,RG,4240,1,D,PD,ZP,F
13:42:39,PTBA,RG,4240,3,D,YP,ZP,F
13:42:38,PTBA,RG,4250,10,F,CS,AT,D
13:42:33,PTBA,RG,4250,9,D,XC,AT,D
13:42:32,PTBA,RG,4250,1,D,PD,AT,D
13:42:21,PTBA,RG,4240,7,D,YP,ZP,F
13:42:14,PTBA,RG,4250,15,D,DR,AT,D
13:42:12,PTBA,RG,4250,5,D,KK,AT,D
13:42:08,PTBA,RG,4250,25,F,ZP,AT,D
13:42:07,PTBA,RG,4240,1,D,YP,AK,F
13:42:06,PTBA,RG,4240,5,D,YP,ZP,F
13:42:03,PTBA,RG,4250,27,F,BK,AT,D
13:42:00,PTBA,RG,4250,8,F,RX,AT,D
13:41:48,PTBA,RG,4250,54,F,BK,AT,D
13:41:47,PTBA,RG,4240,1,D,YP,AK,F
13:41:46,PTBA,RG,4240,6,D,YP,ZP,F
13:41:31,PTBA,RG,4240,7,D,YP,ZP,F
13:41:30,PTBA,RG,4240,1,D,YP,AK,F
13:41:27,PTBA,RG,4250,53,F,BK,AT,D
13:41:16,PTBA,RG,4240,5,D,YP,ZP,F
13:41:10,PTBA,RG,4240,1,D,YP,AK,F
13:41:09,PTBA,RG,4250,22,F,BK,AT,D
13:40:58,PTBA,RG,4250,27,F,BK,AT,D
13:40:56,PTBA,RG,4240,6,D,YP,ZP,F
13:40:52,PTBA,RG,4250,30,D,YP,AT,D
13:40:41,PTBA,RG,4250,36,F,BK,AT,D
13:40:36,PTBA,RG,4240,6,D,YP,ZP,F
13:40:33,PTBA,RG,4250,29,F,BK,AT,D
13:40:30,PTBA,RG,4240,2,D,YP,AK,F
13:40:16,PTBA,RG,4240,6,D,YP,ZP,F
13:40:09,PTBA,RG,4250,20,F,BK,AT,D
13:40:07,PTBA,RG,4250,40,F,BK,AT,D
13:40:05,PTBA,RG,4240,1,D,YP,AK,F
13:40:04,PTBA,RG,4240,8,D,YP,XL,D
13:40:03,PTBA,RG,4250,22,D,DX,AT,D
13:40:03,PTBA,RG,4250,15,D,DX,AT,D
13:40:03,PTBA,RG,4250,185,D,DX,AT,D
13:39:56,PTBA,RG,4240,5,D,YP,ZP,F
13:39:48,PTBA,RG,4240,1,D,YP,AK,F
13:39:41,PTBA,RG,4250,1,D,PD,AT,D
13:39:36,PTBA,RG,4250,13,F,RX,AT,D
13:39:36,PTBA,RG,4240,6,D,YP,ZP,F
13:39:29,PTBA,RG,4240,1,D,YP,AK,F
13:39:29,PTBA,RG,4250,39,F,CS,AT,D
13:39:16,PTBA,RG,4240,7,D,YP,ZP,F
13:39:03,PTBA,RG,4240,1,D,YP,AK,F
13:38:56,PTBA,RG,4240,5,D,YP,ZP,F
13:38:39,PTBA,RG,4250,1,D,XL,AT,D
13:38:39,PTBA,RG,4250,5,D,XC,AT,D
13:38:38,PTBA,RG,4250,1,D,NI,AT,D
13:38:36,PTBA,RG,4240,6,D,YP,ZP,F
13:38:30,PTBA,RG,4240,2,D,YP,AK,F
13:38:23,PTBA,RG,4250,11,F,CS,AT,D
13:38:16,PTBA,RG,4240,4,D,YP,ZP,F
13:38:02,PTBA,RG,4240,1,D,YP,AK,F
13:38:01,PTBA,RG,4240,5,D,YP,ZP,F
13:37:46,PTBA,RG,4240,4,D,YP,ZP,F
13:37:33,PTBA,RG,4240,12,D,YP,XL,D
13:37:31,PTBA,RG,4250,24,F,BK,AT,D
13:37:30,PTBA,RG,4250,1,D,DR,AT,D
13:37:27,PTBA,RG,4240,2,D,YP,AK,F
13:37:26,PTBA,RG,4240,5,D,YP,ZP,F
13:37:21,PTBA,RG,4250,20,D,XC,AT,D
13:37:13,PTBA,RG,4240,7,D,YP,HP,D
13:37:11,PTBA,RG,4250,11,F,RX,AT,D
13:37:10,PTBA,RG,4250,14,F,ZP,AT,D
13:37:06,PTBA,RG,4240,4,D,YP,ZP,F
13:36:51,PTBA,RG,4240,35,D,YP,SQ,D
13:36:46,PTBA,RG,4240,5,D,YP,ZP,F
13:36:45,PTBA,RG,4240,2,D,YP,AK,F
13:36:27,PTBA,RG,4240,1,D,YP,AK,F
13:36:26,PTBA,RG,4240,3,D,YP,ZP,F
13:36:06,PTBA,RG,4240,1,D,YP,AK,F
13:36:05,PTBA,RG,4240,9,D,YP,ZP,F
13:35:59,PTBA,RG,4250,4,D,CC,AT,D
13:35:53,PTBA,RG,4250,9,D,YP,AT,D
13:35:46,PTBA,RG,4240,5,D,YP,ZP,F
13:35:45,PTBA,RG,4240,1,D,YP,AK,F
13:35:29,PTBA,RG,4250,1,D,XL,AT,D
13:35:27,PTBA,RG,4250,1,D,CC,AT,D
13:35:25,PTBA,RG,4250,1,D,XC,AT,D
13:35:25,PTBA,RG,4240,3,D,YP,ZP,F
13:35:14,PTBA,RG,4250,26,F,BK,AT,D
13:35:12,PTBA,RG,4250,10,F,RX,AT,D
13:35:04,PTBA,RG,4250,1,D,DR,AT,D
13:35:03,PTBA,RG,4250,7,D,DR,AT,D
13:34:56,PTBA,RG,4240,2,D,YP,AK,F
13:34:55,PTBA,RG,4250,1,D,XC,AT,D
13:34:46,PTBA,RG,4250,50,D,DR,AT,D
13:34:28,PTBA,RG,4250,42,F,ZP,AT,D
13:34:15,PTBA,RG,4240,2,D,YP,AK,F
13:34:14,PTBA,RG,4250,21,F,BK,AT,D
13:34:00,PTBA,RG,4240,80,D,YP,PD,D
13:33:59,PTBA,RG,4250,18,F,BK,AT,D
13:33:45,PTBA,RG,4250,12,D,XC,AT,D
13:33:43,PTBA,RG,4240,1,D,YP,AK,F
13:33:42,PTBA,RG,4250,17,F,BK,AT,D
13:33:25,PTBA,RG,4250,19,F,BK,AT,D
13:33:10,PTBA,RG,4240,8,D,YP,XC,D
13:33:09,PTBA,RG,4250,8,F,RX,AT,D
13:33:07,PTBA,RG,4250,18,F,BK,AT,D
13:33:00,PTBA,RG,4240,2,D,YP,AK,F
13:32:51,PTBA,RG,4250,17,F,BK,AT,D
13:32:44,PTBA,RG,4240,1,D,YP,PD,D
13:32:34,PTBA,RG,4240,1,D,YP,AK,F
13:32:33,PTBA,RG,4250,9,D,DR,AT,D
13:32:15,PTBA,RG,4240,1,D,YP,AK,F
13:30:52,PTBA,RG,4240,1,D,YP,PD,D
13:30:37,PTBA,RG,4250,284,F,AK,AT,D
13:30:37,PTBA,RG,4250,10,F,AK,KK,D
13:30:37,PTBA,RG,4250,6,F,AK,HP,D
13:30:37,PTBA,RG,4250,6,F,AK,BB,D
13:30:37,PTBA,RG,4250,10,F,AK,DR,D
13:30:37,PTBA,RG,4250,1,F,AK,KK,D
13:30:37,PTBA,RG,4250,2,F,AK,ZP,F
13:30:37,PTBA,RG,4250,10,F,AK,ZP,F
13:30:37,PTBA,RG,4250,16,F,AK,ZP,F
13:30:37,PTBA,RG,4250,2,F,AK,OD,D
13:30:37,PTBA,RG,4250,19,F,AK,ZP,F
13:30:37,PTBA,RG,4250,109,F,AK,YP,D
13:30:37,PTBA,RG,4250,383,F,AK,PD,D
13:30:31,PTBA,RG,4240,1,D,YP,XC,D
13:30:07,PTBA,RG,4250,5,F,AK,PD,D
13:30:07,PTBA,RG,4250,1,D,XL,PD,D
13:30:06,PTBA,RG,4250,1,D,XL,PD,D
13:30:04,PTBA,RG,4240,60,D,YP,XL,D
13:30:03,PTBA,RG,4240,2,D,YP,AK,F
13:30:03,PTBA,RG,4240,2,D,YP,XL,D
13:30:03,PTBA,RG,4240,20,D,YP,CC,D
13:30:03,PTBA,RG,4240,1,D,YP,XC,D
13:30:03,PTBA,RG,4250,1,D,XC,PD,D
13:30:02,PTBA,RG,4250,12,D,XC,PD,D
13:30:02,PTBA,RG,4240,1,D,YP,XC,D
13:30:02,PTBA,RG,4250,200,D,LG,PD,D
13:30:02,PTBA,RG,4240,1,D,YP,XC,D
13:30:02,PTBA,RG,4240,1,D,YP,XC,D
13:30:02,PTBA,RG,4240,2,D,YP,YP,D
13:30:02,PTBA,RG,4250,6,D,YP,PD,D
13:30:02,PTBA,RG,4240,5,D,YP,YP,D
13:30:02,PTBA,RG,4250,85,D,LG,PD,D
13:30:02,PTBA,RG,4240,1,D,YP,DR,D
13:30:02,PTBA,RG,4240,3,D,YP,YP,D
13:30:01,PTBA,RG,4240,16,D,YP,PD,D
13:30:01,PTBA,RG,4240,1,D,YP,PD,D
13:30:01,PTBA,RG,4240,24,D,YP,PD,D
13:30:01,PTBA,RG,4250,34,D,PD,PD,D
13:30:01,PTBA,RG,4250,10,D,PD,PD,D
13:30:01,PTBA,RG,4240,1,D,YP,PD,D
13:30:01,PTBA,RG,4240,5,D,YP,PD,D
13:30:01,PTBA,RG,4250,2,D,PD,PD,D
13:30:01,PTBA,RG,4240,3,D,YP,PD,D
13:30:01,PTBA,RG,4240,25,D,YP,KK,D
13:30:01,PTBA,RG,4240,1,D,YP,DH,D
13:30:01,PTBA,RG,4240,5,D,YP,SQ,D
13:30:01,PTBA,RG,4240,1,D,YP,PD,D
13:30:01,PTBA,RG,4240,1,D,YP,TF,D
13:30:01,PTBA,RG,4250,10,D,DH,PD,D
11:29:56,PTBA,RG,4240,1,D,YP,AK,F
11:29:55,PTBA,RG,4240,22,D,YP,YP,D
11:29:53,PTBA,RG,4250,15,F,BK,BK,F
11:29:53,PTBA,RG,4250,10,D,PD,BK,F
11:29:45,PTBA,RG,4250,22,D,DX,BK,F
11:29:45,PTBA,RG,4250,15,D,DX,BK,F
11:29:45,PTBA,RG,4250,184,D,DX,BK,F
11:29:45,PTBA,RG,4250,1,D,DX,ZP,F
11:29:41,PTBA,RG,4250,1,D,DR,ZP,F
11:29:37,PTBA,RG,4250,13,F,BK,ZP,F
11:29:37,PTBA,RG,4250,1,F,BK,ZP,F
11:29:37,PTBA,RG,4250,2,F,BK,SQ,D
11:29:32,PTBA,RG,4250,18,F,BK,SQ,D
11:29:30,PTBA,RG,4250,5,D,DR,SQ,D
11:29:21,PTBA,RG,4250,5,D,DR,SQ,D
11:29:16,PTBA,RG,4250,16,F,BK,SQ,D
11:29:16,PTBA,RG,4250,2,F,BK,XC,D
11:29:11,PTBA,RG,4250,19,F,BK,ZP,F
11:29:00,PTBA,RG,4250,8,F,RX,ZP,F
11:29:00,PTBA,RG,4240,1,D,YP,AK,F
11:28:54,PTBA,RG,4250,16,F,BK,ZP,F
11:28:54,PTBA,RG,4250,18,F,BK,ZP,F
11:28:48,PTBA,RG,4250,6,F,BK,ZP,F
11:28:48,PTBA,RG,4250,12,F,BK,BQ,D
11:28:43,PTBA,RG,4250,23,D,GR,BQ,D
11:28:34,PTBA,RG,4250,1,D,XC,BQ,D
11:28:32,PTBA,RG,4250,16,F,BK,BQ,D
11:28:32,PTBA,RG,4250,18,F,BK,BQ,D
11:28:29,PTBA,RG,4250,1,D,DR,BQ,D
11:28:20,PTBA,RG,4250,1,D,XC,BQ,D
11:28:12,PTBA,RG,4250,16,F,BK,BQ,D
11:28:11,PTBA,RG,4250,17,F,BK,BQ,D
11:28:10,PTBA,RG,4250,16,F,BK,BQ,D
11:27:50,PTBA,RG,4250,17,F,BK,BQ,D
11:27:49,PTBA,RG,4240,5,D,YP,EP,D
11:27:47,PTBA,RG,4250,17,F,BK,BQ,D
11:27:39,PTBA,RG,4250,1,F,AK,BQ,D
11:27:35,PTBA,RG,4250,16,F,BK,BQ,D
11:27:23,PTBA,RG,4250,15,D,YP,BQ,D
11:27:22,PTBA,RG,4250,18,F,BK,BQ,D
11:27:16,PTBA,RG,4250,16,F,BK,BQ,D
11:27:12,PTBA,RG,4250,17,F,BK,BQ,D
11:27:12,PTBA,RG,4240,2,D,YP,BB,D
11:27:08,PTBA,RG,4240,1,D,YP,BB,D
11:27:06,PTBA,RG,4250,7,D,DR,BQ,D
11:27:03,PTBA,RG,4240,1,D,YP,AK,F
11:27:02,PTBA,RG,4250,15,F,BK,BQ,D
11:26:45,PTBA,RG,4250,13,D,CC,BQ,D
11:26:44,PTBA,RG,4250,17,F,BK,BQ,D
11:26:42,PTBA,RG,4250,17,F,BK,BQ,D
11:26:35,PTBA,RG,4250,17,F,BK,BQ,D
11:26:27,PTBA,RG,4250,18,F,BK,BQ,D
11:26:22,PTBA,RG,4250,18,F,BK,BQ,D
11:26:07,PTBA,RG,4250,2,D,DR,BQ,D
11:26:06,PTBA,RG,4250,20,D,YP,BQ,D
11:26:06,PTBA,RG,4250,3,D,BQ,BQ,D
11:26:05,PTBA,RG,4250,17,F,BK,BQ,D
11:26:04,PTBA,RG,4250,98,D,PD,BQ,D
11:26:04,PTBA,RG,4250,1,D,PD,CC,D
11:26:04,PTBA,RG,4250,5,D,PD,OD,D
11:26:04,PTBA,RG,4250,5,D,PD,GR,D
11:26:04,PTBA,RG,4250,2,D,PD,ZP,F
11:26:04,PTBA,RG,4250,4,D,PD,ZP,F
11:26:04,PTBA,RG,4250,6,D,PD,ZP,F
11:26:04,PTBA,RG,4250,13,D,PD,OD,D
11:26:04,PTBA,RG,4250,3,D,PD,BB,D
11:26:04,PTBA,RG,4250,113,D,PD,BK,F
11:26:01,PTBA,RG,4250,18,F,BK,BK,F
11:25:47,PTBA,RG,4250,10,D,DR,BK,F
11:25:46,PTBA,RG,4240,8,D,YP,BB,D
11:25:46,PTBA,RG,4250,2,D,XL,BK,F
11:25:43,PTBA,RG,4250,18,F,BK,BK,F
11:25:41,PTBA,RG,4250,3,D,NI,BK,F
11:25:39,PTBA,RG,4250,17,F,BK,BK,F
11:25:35,PTBA,RG,4250,17,F,BK,BK,F
11:25:35,PTBA,RG,4250,1,D,XC,BK,F
11:25:23,PTBA,RG,4250,19,F,BK,BK,F
11:25:19,PTBA,RG,4250,16,F,BK,BK,F
11:25:02,PTBA,RG,4250,17,F,BK,BK,F
11:25:02,PTBA,RG,4250,4,D,PD,BK,F
11:24:54,PTBA,RG,4250,18,F,BK,BK,F
11:24:53,PTBA,RG,4250,16,F,BK,BK,F
11:24:38,PTBA,RG,4250,3,D,CC,BK,F
11:24:38,PTBA,RG,4250,7,D,CC,ZP,F
11:24:36,PTBA,RG,4250,2,F,BK,ZP,F
11:24:36,PTBA,RG,4250,10,F,BK,PD,D
11:24:36,PTBA,RG,4250,5,F,BK,CC,D
11:24:35,PTBA,RG,4250,5,F,BK,CC,D
11:24:35,PTBA,RG,4250,3,F,BK,YP,D
11:24:35,PTBA,RG,4250,1,F,BK,AK,F
11:24:35,PTBA,RG,4250,7,F,BK,ZP,F
11:24:26,PTBA,RG,4240,11,D,YP,XL,D
11:24:16,PTBA,RG,4250,3,F,BK,ZP,F
11:24:16,PTBA,RG,4250,14,F,BK,AZ,D
11:24:09,PTBA,RG,4250,18,F,BK,AZ,D
11:24:00,PTBA,RG,4250,17,F,BK,AZ,D
11:23:59,PTBA,RG,4250,1,D,PD,AZ,D
11:23:56,PTBA,RG,4250,17,F,BK,AZ,D
11:23:47,PTBA,RG,4250,18,F,BK,AZ,D
11:23:33,PTBA,RG,4240,1,D,YP,AK,F
11:23:30,PTBA,RG,4250,50,D,YP,AZ,D
11:23:28,PTBA,RG,4250,1000,F,AK,AZ,D
11:23:27,PTBA,RG,4250,17,F,BK,AZ,D
11:23:25,PTBA,RG,4250,3,D,DR,AZ,D
11:23:20,PTBA,RG,4250,22,F,BK,AZ,D
11:23:14,PTBA,RG,4250,17,F,BK,AZ,D
11:22:53,PTBA,RG,4240,2,D,YP,BB,D
11:22:33,PTBA,RG,4250,50,D,YP,AZ,D
11:22:13,PTBA,RG,4250,1,D,DR,AZ,D
11:21:39,PTBA,RG,4250,10,D,HP,AZ,D
11:21:25,PTBA,RG,4250,10,D,EP,AZ,D
11:21:06,PTBA,RG,4250,10,D,EP,AZ,D
11:20:56,PTBA,RG,4240,8,D,YP,PD,D
11:20:36,PTBA,RG,4250,5,D,CC,AZ,D
11:19:35,PTBA,RG,4250,50,D,YP,AZ,D
11:19:28,PTBA,RG,4250,5,D,DR,AZ,D
11:19:25,PTBA,RG,4250,30,D,KK,AZ,D
11:19:09,PTBA,RG,4250,50,D,YP,AZ,D
11:18:39,PTBA,RG,4250,4,D,XC,AZ,D
11:18:37,PTBA,RG,4240,5,D,YP,PD,D
11:18:34,PTBA,RG,4250,5,D,PD,AZ,D
11:18:20,PTBA,RG,4250,3,D,DR,AZ,D
11:18:02,PTBA,RG,4250,22,D,DX,AZ,D
11:18:02,PTBA,RG,4250,15,D,DX,AZ,D
11:18:02,PTBA,RG,4250,136,D,DX,AZ,D
11:18:02,PTBA,RG,4250,21,D,DX,ZP,F
11:18:02,PTBA,RG,4250,2,D,DX,ZP,F
11:18:02,PTBA,RG,4250,26,D,DX,AZ,D
11:17:59,PTBA,RG,4250,5,D,NI,AZ,D
11:17:45,PTBA,RG,4250,4,D,DR,AZ,D
11:17:45,PTBA,RG,4250,50,D,SQ,AZ,D
11:16:56,PTBA,RG,4240,791,D,YP,BK,F
11:16:10,PTBA,RG,4250,1,D,PD,AZ,D
11:16:10,PTBA,RG,4250,1,F,AK,AZ,D
11:16:10,PTBA,RG,4250,1,D,XC,AZ,D
11:16:10,PTBA,RG,4250,20,D,IH,AZ,D
11:16:10,PTBA,RG,4250,1,D,YB,AZ,D
11:16:10,PTBA,RG,4250,20,D,KK,AZ,D
11:16:10,PTBA,RG,4250,11,F,CS,AZ,D
11:16:10,PTBA,RG,4250,10,D,GR,AZ,D
11:16:10,PTBA,RG,4250,50,D,SQ,AZ,D
11:16:10,PTBA,RG,4250,1,D,YP,AZ,D
11:16:10,PTBA,RG,4250,48,D,XL,AZ,D
11:16:10,PTBA,RG,4250,211,F,AK,AZ,D
11:16:10,PTBA,RG,4250,4,F,CS,AZ,D
11:16:10,PTBA,RG,4250,1,F,CS,AZ,D
11:16:10,PTBA,RG,4250,25,D,SQ,AZ,D
11:16:10,PTBA,RG,4250,1,D,NI,AZ,D
11:16:10,PTBA,RG,4250,15,D,YP,AZ,D
11:16:10,PTBA,RG,4250,4,F,CS,AZ,D
11:16:10,PTBA,RG,4250,25,D,YP,AZ,D
11:16:10,PTBA,RG,4250,8,F,CS,AZ,D
11:16:10,PTBA,RG,4250,49,D,YP,AZ,D
11:16:10,PTBA,RG,4250,1,F,AK,AZ,D
11:16:10,PTBA,RG,4250,1,F,AK,AZ,D
11:16:10,PTBA,RG,4250,87,F,BK,AZ,D
11:16:10,PTBA,RG,4250,20,F,CC,AZ,D
11:16:10,PTBA,RG,4250,85,F,BK,AZ,D
11:16:10,PTBA,RG,4250,25,D,DR,AZ,D
11:16:10,PTBA,RG,4250,32,F,BK,AZ,D
11:16:10,PTBA,RG,4250,657,F,AK,AZ,D
11:16:03,PTBA,RG,4260,10,D,YP,YP,D
11:15:23,PTBA,RG,4250,15,F,AK,XL,D
11:15:21,PTBA,RG,4260,9,D,DR,YP,D
11:15:18,PTBA,RG,4260,1,D,NI,YP,D
11:15:18,PTBA,RG,4250,15,F,AK,PD,D
11:14:57,PTBA,RG,4260,1,D,YP,YP,D
11:14:22,PTBA,RG,4250,1,F,AK,XC,D
11:14:10,PTBA,RG,4250,222,F,AK,BQ,D
11:14:10,PTBA,RG,4250,223,F,AK,BQ,D
11:14:10,PTBA,RG,4250,3,F,CS,BQ,D
11:14:10,PTBA,RG,4250,9,F,CS,BQ,D
11:14:10,PTBA,RG,4250,11,F,CS,BQ,D
11:14:10,PTBA,RG,4250,32,D,AT,BQ,D
11:13:18,PTBA,RG,4250,4,D,AT,NI,D
11:13:17,PTBA,RG,4250,12,D,AT,CS,D
11:13:17,PTBA,RG,4250,8,D,AT,CS,D
11:13:17,PTBA,RG,4250,5,D,AT,ZP,F
11:13:17,PTBA,RG,4250,1,D,AT,AK,F
11:13:17,PTBA,RG,4250,1,D,AT,BB,D
11:13:17,PTBA,RG,4250,1,D,AT,AK,F
11:13:17,PTBA,RG,4250,22,D,AT,ZP,F
11:13:17,PTBA,RG,4250,1,D,AT,YP,D
11:13:17,PTBA,RG,4250,26,D,AT,CS,D
11:13:17,PTBA,RG,4250,8,D,AT,CS,D
11:13:17,PTBA,RG,4250,3,D,AT,AZ,D
11:13:17,PTBA,RG,4250,200,D,AT,CC,D
11:13:17,PTBA,RG,4250,1,D,AT,AK,F
11:13:17,PTBA,RG,4250,1600,D,AT,AZ,D
11:13:17,PTBA,RG,4250,75,D,AT,AZ,D
11:13:15,PTBA,RG,4250,1000,F,AK,AZ,D
11:13:10,PTBA,RG,4250,1,D,XL,AZ,D
11:13:09,PTBA,RG,4240,660,D,YP,BK,F
11:13:09,PTBA,RG,4240,1,D,PD,BK,F
11:13:09,PTBA,RG,4240,3,D,YP,BK,F
11:13:09,PTBA,RG,4240,2,D,PD,BK,F
11:13:09,PTBA,RG,4240,20,D,NI,BK,F
11:13:09,PTBA,RG,4240,1,D,XC,BK,F
11:13:09,PTBA,RG,4240,1,D,XC,BK,F
11:13:09,PTBA,RG,4240,2,D,XC,BK,F
11:13:09,PTBA,RG,4240,10,D,EP,BK,F
11:13:09,PTBA,RG,4240,16,D,LG,BK,F
11:12:57,PTBA,RG,4250,50,D,XL,AZ,D
11:12:48,PTBA,RG,4250,374,F,AK,AZ,D
11:12:48,PTBA,RG,4250,16,F,AK,CS,D
11:12:48,PTBA,RG,4250,1,F,AK,ZP,F
11:12:48,PTBA,RG,4250,50,F,AK,PD,D
11:12:48,PTBA,RG,4250,10,F,AK,ZP,F
11:12:48,PTBA,RG,4250,1,F,AK,AK,F
11:12:48,PTBA,RG,4250,1,F,AK,ZP,F
11:12:48,PTBA,RG,4250,547,F,AK,BK,F
11:12:47,PTBA,RG,4250,25,D,SQ,BK,F
11:12:42,PTBA,RG,4250,144,D,DH,BK,F
11:12:42,PTBA,RG,4250,4,D,DH,PD,D
11:12:42,PTBA,RG,4250,100,D,DH,BQ,D
11:12:42,PTBA,RG,4250,5,D,DH,XC,D
11:12:42,PTBA,RG,4250,15,D,DH,ZP,F
11:12:42,PTBA,RG,4250,93,D,DH,OD,D
11:12:42,PTBA,RG,4250,16,D,DH,ZP,F
11:12:42,PTBA,RG,4250,50,D,DH,CS,D
11:12:42,PTBA,RG,4250,1,D,DH,AK,F
11:12:42,PTBA,RG,4250,32,D,DH,ZP,F
11:12:42,PTBA,RG,4250,12,D,DH,BB,D
11:12:42,PTBA,RG,4250,28,D,DH,YB,D
11:12:23,PTBA,RG,4250,1,D,XC,YB,D
11:12:02,PTBA,RG,4250,2,D,YP,YB,D
11:11:38,PTBA,RG,4250,10,D,YP,YB,D
11:11:01,PTBA,RG,4250,2,D,XC,YB,D
11:10:58,PTBA,RG,4240,34,D,LG,CC,D
11:10:58,PTBA,RG,4240,66,D,DH,CC,D
11:10:57,PTBA,RG,4250,1,D,YP,YB,D
11:10:51,PTBA,RG,4250,5,D,YP,YB,D
11:10:41,PTBA,RG,4250,5,D,BQ,YB,D
11:10:32,PTBA,RG,4240,10,D,DH,CC,D
11:10:30,PTBA,RG,4250,7,D,HP,YB,D
11:10:24,PTBA,RG,4240,1,D,DH,NI,D
11:10:24,PTBA,RG,4250,2,D,XC,YB,D
11:10:24,PTBA,RG,4250,1,D,CC,YB,D
11:09:46,PTBA,RG,4250,50,D,IU,YB,D
11:09:45,PTBA,RG,4240,1,D,DH,PD,D
11:09:43,PTBA,RG,4240,9,D,DH,YP,D
11:09:20,PTBA,RG,4250,15,D,YP,YB,D
11:09:18,PTBA,RG,4240,13,D,DH,YP,D
11:09:18,PTBA,RG,4240,6,D,YP,YP,D
11:09:18,PTBA,RG,4240,4,D,YP,BQ,D
11:09:18,PTBA,RG,4240,9,D,ZP,BQ,D
11:09:18,PTBA,RG,4240,5,D,CC,BQ,D
11:09:18,PTBA,RG,4240,1,D,CP,BQ,D
11:09:18,PTBA,RG,4240,1,D,XC,AK,F
11:08:58,PTBA,RG,4250,1,D,YB,YB,D
11:08:58,PTBA,RG,4250,21,F,CS,YB,D
11:08:58,PTBA,RG,4250,1,D,PD,YB,D
11:08:58,PTBA,RG,4250,1,D,YP,YB,D
11:08:58,PTBA,RG,4250,5,D,PD,YB,D
11:08:58,PTBA,RG,4250,1,D,NI,YB,D
11:08:58,PTBA,RG,4250,15,D,XL,YB,D
11:08:58,PTBA,RG,4250,10,D,YP,YB,D
11:08:58,PTBA,RG,4250,25,D,PD,YB,D
11:08:58,PTBA,RG,4250,10,D,YP,YB,D
11:08:58,PTBA,RG,4250,22,D,DX,YB,D
11:08:58,PTBA,RG,4250,15,D,DX,YB,D
11:08:58,PTBA,RG,4250,44,D,DX,YB,D
11:08:57,PTBA,RG,4250,141,D,DX,AZ,D
11:08:57,PTBA,RG,4250,37,D,AG,AZ,D
11:08:57,PTBA,RG,4250,6,F,CS,AZ,D
11:08:57,PTBA,RG,4250,10,F,CC,AZ,D
11:08:57,PTBA,RG,4250,5,D,AG,AZ,D
11:08:57,PTBA,RG,4250,3,D,XC,AZ,D
11:08:57,PTBA,RG,4250,1,F,AK,AZ,D
11:08:57,PTBA,RG,4250,1,D,CC,AZ,D
11:08:57,PTBA,RG,4250,20,F,CS,AZ,D
11:08:57,PTBA,RG,4250,3,D,XC,AZ,D
11:08:57,PTBA,RG,4250,5,D,PD,AZ,D
11:08:57,PTBA,RG,4250,5,D,CC,AZ,D
11:08:57,PTBA,RG,4250,2,D,BQ,AZ,D
11:08:57,PTBA,RG,4250,6,F,CS,AZ,D
11:08:57,PTBA,RG,4250,258,F,AK,AZ,D
11:08:57,PTBA,RG,4250,10,D,NI,AZ,D
11:08:57,PTBA,RG,4250,1,D,PD,AZ,D
11:08:57,PTBA,RG,4250,2,D,YP,AZ,D
11:08:57,PTBA,RG,4250,25,D,YP,AZ,D
11:08:57,PTBA,RG,4250,1,F,AK,AZ,D
11:08:57,PTBA,RG,4250,2,D,KK,AZ,D
11:08:57,PTBA,RG,4250,1,D,YP,AZ,D
11:08:57,PTBA,RG,4250,10,D,XC,AZ,D
11:08:57,PTBA,RG,4250,1,D,XL,AZ,D
11:08:57,PTBA,RG,4250,3,D,PD,AZ,D
11:08:57,PTBA,RG,4250,1,F,AK,AZ,D
11:08:57,PTBA,RG,4250,1,D,NI,AZ,D
11:08:57,PTBA,RG,4250,177,F,BK,AZ,D
11:08:57,PTBA,RG,4250,177,F,BK,AZ,D
11:08:57,PTBA,RG,4250,1,D,YP,AZ,D
11:08:57,PTBA,RG,4250,15,F,BK,AZ,D
11:08:57,PTBA,RG,4250,20,F,BK,AZ,D
11:08:57,PTBA,RG,4250,4,D,XC,AZ,D
11:08:57,PTBA,RG,4250,50,D,NI,AZ,D
11:08:57,PTBA,RG,4250,1,D,OD,AZ,D
11:08:57,PTBA,RG,4250,5,D,PD,AZ,D
11:08:57,PTBA,RG,4250,5,D,PD,AZ,D
11:08:57,PTBA,RG,4250,21,F,BK,AZ,D
11:08:57,PTBA,RG,4250,10,D,KK,AZ,D
11:08:57,PTBA,RG,4250,1,D,NI,AZ,D
11:08:57,PTBA,RG,4250,1,D,XC,AZ,D
11:08:57,PTBA,RG,4250,6,D,PD,AZ,D
11:08:57,PTBA,RG,4250,1,D,XL,AZ,D
11:08:57,PTBA,RG,4250,57,F,BK,AZ,D
11:08:57,PTBA,RG,4250,11,D,SQ,AZ,D
11:08:57,PTBA,RG,4250,11,D,SQ,AZ,D
11:08:57,PTBA,RG,4250,10,D,DR,AZ,D
11:08:57,PTBA,RG,4250,40,D,AG,AZ,D
11:08:57,PTBA,RG,4250,1,D,XC,AZ,D
11:08:57,PTBA,RG,4250,10,D,YP,AZ,D
11:08:57,PTBA,RG,4250,3,D,XC,AZ,D
11:08:57,PTBA,RG,4250,5,D,XL,AZ,D
11:08:57,PTBA,RG,4250,1,D,YB,AZ,D
11:08:57,PTBA,RG,4250,1,D,PD,AZ,D
11:08:57,PTBA,RG,4250,394,D,GR,AZ,D
11:08:54,PTBA,RG,4250,2,D,GR,ZP,F
11:08:54,PTBA,RG,4250,1104,D,GR,AZ,D
11:08:54,PTBA,RG,4250,1,D,NI,AZ,D
11:08:54,PTBA,RG,4250,1,D,GR,AZ,D
11:08:54,PTBA,RG,4250,100,D,NI,AZ,D
11:08:54,PTBA,RG,4250,7,D,PD,AZ,D
11:08:54,PTBA,RG,4250,5,D,KK,AZ,D
11:08:54,PTBA,RG,4250,3,D,PD,AZ,D
11:08:54,PTBA,RG,4250,30,D,CC,AZ,D
11:08:54,PTBA,RG,4250,1,D,YP,AZ,D
11:08:54,PTBA,RG,4250,1,D,XC,AZ,D
11:08:54,PTBA,RG,4250,1,D,PD,AZ,D
11:08:54,PTBA,RG,4250,2,D,YP,AZ,D
11:08:54,PTBA,RG,4250,5,D,PD,AZ,D
11:08:54,PTBA,RG,4250,2,D,YP,AZ,D
11:08:54,PTBA,RG,4250,3,D,XC,AZ,D
11:08:54,PTBA,RG,4250,13,D,PD,AZ,D
11:08:54,PTBA,RG,4250,10,D,CC,AZ,D
11:08:54,PTBA,RG,4250,1,D,XC,AZ,D
11:08:54,PTBA,RG,4250,40,D,AZ,AZ,D
11:08:54,PTBA,RG,4250,1,D,PD,AZ,D
11:08:54,PTBA,RG,4250,3,D,XL,AZ,D
11:08:54,PTBA,RG,4250,1,D,PD,AZ,D
11:08:54,PTBA,RG,4250,1,D,PD,AZ,D
11:08:54,PTBA,RG,4250,1,D,XL,AZ,D
11:08:54,PTBA,RG,4250,1,D,CC,AZ,D
11:08:54,PTBA,RG,4250,3,D,XC,AZ,D
11:08:54,PTBA,RG,4250,2,D,KK,AZ,D
11:08:54,PTBA,RG,4250,157,D,YP,AZ,D
11:08:43,PTBA,RG,4250,10,D,YP,SQ,D
11:08:24,PTBA,RG,4250,4,D,YP,OD,D
11:07:46,PTBA,RG,4250,5,D,YP,YP,D
11:07:35,PTBA,RG,4250,290,D,YP,PD,D
11:07:25,PTBA,RG,4260,3,D,YP,YP,D
11:07:07,PTBA,RG,4250,4,D,YP,XC,D
11:06:41,PTBA,RG,4250,530,D,YP,AZ,D
11:06:41,PTBA,RG,4250,10,D,XL,AZ,D
11:06:41,PTBA,RG,4250,2,D,XC,AZ,D
11:06:41,PTBA,RG,4250,1,D,AZ,AZ,D
11:06:41,PTBA,RG,4250,1,D,PD,AZ,D
11:06:41,PTBA,RG,4250,5,D,PD,AZ,D
11:06:41,PTBA,RG,4250,5,D,PD,AZ,D
11:06:41,PTBA,RG,4250,10,D,EP,AZ,D
11:06:41,PTBA,RG,4250,3,D,YU,AZ,D
11:06:41,PTBA,RG,4250,3,D,XL,AZ,D
11:06:41,PTBA,RG,4250,3,D,YP,AZ,D
11:06:41,PTBA,RG,4250,1027,D,DR,AZ,D
11:06:35,PTBA,RG,4250,1473,D,DR,AZ,D
11:06:35,PTBA,RG,4250,2,D,YP,AZ,D
11:06:35,PTBA,RG,4250,4,D,XL,AZ,D
11:06:35,PTBA,RG,4250,20,D,XC,AZ,D
11:06:35,PTBA,RG,4250,1,D,KK,AZ,D
11:06:15,PTBA,RG,4260,9,D,OD,YP,D
11:06:15,PTBA,RG,4260,1,D,OD,AK,F
11:06:15,PTBA,RG,4260,16,D,OD,EP,D
11:05:41,PTBA,RG,4250,1,D,KK,XC,D
11:05:41,PTBA,RG,4250,1,D,PD,XC,D
11:05:41,PTBA,RG,4250,5,D,CC,XC,D
11:05:40,PTBA,RG,4260,1,D,PD,EP,D
11:05:31,PTBA,RG,4250,4,D,CC,YP,D
11:05:14,PTBA,RG,4250,1,D,CC,AK,F
11:05:13,PTBA,RG,4260,1,D,GR,EP,D
11:04:54,PTBA,RG,4260,1,D,XC,EP,D
11:04:53,PTBA,RG,4250,2,D,CC,XL,D
11:04:53,PTBA,RG,4260,11,D,YP,EP,D
11:04:53,PTBA,RG,4260,9,D,YP,ZP,F
11:04:47,PTBA,RG,4260,2,D,PD,ZP,F
11:04:45,PTBA,RG,4260,1,D,KK,ZP,F
11:04:42,PTBA,RG,4260,27,D,XC,ZP,F
11:04:23,PTBA,RG,4260,2,D,YP,ZP,F
11:04:23,PTBA,RG,4260,23,D,PD,ZP,F
11:04:23,PTBA,RG,4260,4,D,PD,ZP,F
11:04:23,PTBA,RG,4260,10,D,PD,ZP,F
11:04:23,PTBA,RG,4260,13,D,PD,BB,D
11:03:46,PTBA,RG,4260,1,D,NI,BB,D
11:03:45,PTBA,RG,4260,2,D,KK,BB,D
11:03:45,PTBA,RG,4260,1,D,KK,ZP,F
11:03:45,PTBA,RG,4260,7,D,KK,IF,D
11:03:40,PTBA,RG,4250,1,D,CC,XC,D
11:03:19,PTBA,RG,4250,7,D,CC,CC,D
11:03:19,PTBA,RG,4250,3,D,YP,CC,D
11:03:18,PTBA,RG,4250,7,D,YP,YP,D
11:03:18,PTBA,RG,4250,20,D,YP,YP,D
11:03:18,PTBA,RG,4250,1,D,CP,YP,D
11:03:18,PTBA,RG,4250,2,D,YP,YP,D
11:03:18,PTBA,RG,4250,5,D,CC,YP,D
11:03:18,PTBA,RG,4250,1,D,PD,YP,D
11:03:18,PTBA,RG,4250,10,D,OD,YP,D
11:03:18,PTBA,RG,4250,4,D,PD,YP,D
11:03:18,PTBA,RG,4250,1,D,PD,AK,F
11:03:14,PTBA,RG,4260,5,D,CC,IF,D
11:02:52,PTBA,RG,4260,20,D,ZP,IF,D
11:02:49,PTBA,RG,4260,9,D,CC,IF,D
11:02:46,PTBA,RG,4260,1,F,CS,IF,D
11:02:46,PTBA,RG,4260,1,D,NI,IF,D
11:02:46,PTBA,RG,4260,2,D,OD,IF,D
11:02:46,PTBA,RG,4260,15,F,BK,IF,D
11:02:46,PTBA,RG,4260,25,D,YP,IF,D
11:02:46,PTBA,RG,4260,1,D,YP,IF,D
11:02:46,PTBA,RG,4260,9,F,CS,IF,D
11:02:46,PTBA,RG,4260,6,F,CS,IF,D
11:02:46,PTBA,RG,4260,1,D,XC,IF,D
11:02:46,PTBA,RG,4260,22,D,DX,IF,D
11:02:46,PTBA,RG,4260,15,D,DX,IF,D
11:02:46,PTBA,RG,4260,11,D,DX,IF,D
11:02:43,PTBA,RG,4260,94,D,DX,EP,D
11:02:43,PTBA,RG,4260,77,D,DX,ZP,F
11:02:43,PTBA,RG,4260,3,D,DX,YP,D
11:02:43,PTBA,RG,4260,2,D,YP,YP,D
11:02:43,PTBA,RG,4260,7,F,CC,YP,D
11:02:43,PTBA,RG,4260,3,F,CS,YP,D
11:02:43,PTBA,RG,4260,14,F,CS,YP,D
11:02:43,PTBA,RG,4260,3,D,PD,YP,D
11:02:43,PTBA,RG,4260,5,D,NI,YP,D
11:02:43,PTBA,RG,4260,11,D,YP,YP,D
11:02:43,PTBA,RG,4260,3,F,CS,YP,D
11:02:43,PTBA,RG,4260,21,F,CS,YP,D
11:02:43,PTBA,RG,4260,38,F,BK,YP,D
11:02:43,PTBA,RG,4260,45,F,BK,YP,D
11:02:43,PTBA,RG,4260,25,D,DR,YP,D
11:02:43,PTBA,RG,4260,1,F,AK,YP,D
11:02:43,PTBA,RG,4260,3,F,CS,YP,D
11:02:43,PTBA,RG,4260,2,D,PD,YP,D
11:02:43,PTBA,RG,4260,23,F,AK,YP,D
11:02:36,PTBA,RG,4260,5,F,AK,ZP,F
11:02:05,PTBA,RG,4260,5,F,AK,SQ,D
11:02:03,PTBA,RG,4260,5,F,AK,CS,D
11:02:03,PTBA,RG,4260,10,D,DR,CS,D
11:02:03,PTBA,RG,4260,25,F,BK,CS,D
11:02:03,PTBA,RG,4260,1,D,YP,CS,D
11:02:03,PTBA,RG,4260,1,F,AK,CS,D
11:02:03,PTBA,RG,4260,5,D,PD,CS,D
11:02:03,PTBA,RG,4260,2,D,XL,CS,D
11:02:03,PTBA,RG,4260,1,F,AK,CS,D
11:02:03,PTBA,RG,4260,10,D,SQ,CS,D
11:02:03,PTBA,RG,4260,10,D,SQ,CS,D
11:02:03,PTBA,RG,4260,1,D,OD,CS,D
11:02:03,PTBA,RG,4260,5,D,XL,CS,D
11:02:03,PTBA,RG,4260,1,F,AK,CS,D
11:02:03,PTBA,RG,4260,10,D,PD,CS,D
11:02:03,PTBA,RG,4260,5,D,PD,CS,D
11:02:03,PTBA,RG,4260,5,D,PD,CS,D
11:02:03,PTBA,RG,4260,13,D,YP,CS,D
11:02:03,PTBA,RG,4260,10,D,YP,CC,D
11:02:03,PTBA,RG,4260,1,D,NI,CC,D
11:02:03,PTBA,RG,4260,5,D,YP,CC,D
11:02:03,PTBA,RG,4260,2,D,YP,CC,D
11:02:03,PTBA,RG,4260,5,D,DR,CC,D
11:02:03,PTBA,RG,4260,2,D,PD,CC,D
11:02:03,PTBA,RG,4260,1,D,PD,CC,D
11:02:03,PTBA,RG,4260,19,F,BK,CC,D
11:02:03,PTBA,RG,4260,24,F,BK,CC,D
11:02:03,PTBA,RG,4260,1,D,YB,CC,D
11:02:03,PTBA,RG,4260,1,D,PD,CC,D
11:02:03,PTBA,RG,4260,1,D,PD,CC,D
11:02:03,PTBA,RG,4260,6,D,PD,CC,D
11:02:03,PTBA,RG,4260,2,D,YP,CC,D
11:02:03,PTBA,RG,4260,2,D,PD,CC,D
11:02:03,PTBA,RG,4260,118,D,BQ,CC,D
11:01:59,PTBA,RG,4260,10,D,BQ,NI,D
11:01:58,PTBA,RG,4260,3,D,BQ,ZP,F
11:01:54,PTBA,RG,4260,7,D,BQ,XC,D
11:01:49,PTBA,RG,4260,3,D,BQ,ZP,F
11:01:49,PTBA,RG,4260,859,D,BQ,NI,D
11:01:49,PTBA,RG,4260,25,D,YP,NI,D
11:01:49,PTBA,RG,4260,1,D,XL,NI,D
11:01:49,PTBA,RG,4260,5,D,PD,NI,D
11:01:49,PTBA,RG,4260,10,D,DR,NI,D
11:01:49,PTBA,RG,4260,5,D,BQ,NI,D
11:01:49,PTBA,RG,4260,5,D,YP,NI,D
11:01:49,PTBA,RG,4260,3,D,YP,NI,D
11:01:49,PTBA,RG,4260,5,D,PD,NI,D
11:01:49,PTBA,RG,4260,40,D,AZ,NI,D
11:01:49,PTBA,RG,4260,5,D,YP,NI,D
11:01:49,PTBA,RG,4260,5,D,ZP,NI,D
11:01:49,PTBA,RG,4260,1,D,YP,NI,D
11:01:49,PTBA,RG,4260,31,D,KK,NI,D
11:01:42,PTBA,RG,4260,69,D,KK,BQ,D
11:01:42,PTBA,RG,4260,3,D,DR,BQ,D
11:01:42,PTBA,RG,4260,10,D,NI,BQ,D
11:01:42,PTBA,RG,4260,7,D,XC,BQ,D
11:01:42,PTBA,RG,4260,1,D,XA,BQ,D
11:01:42,PTBA,RG,4260,2,D,YP,BQ,D
11:01:42,PTBA,RG,4260,108,D,XA,BQ,D
11:01:42,PTBA,RG,4260,109,D,XA,BQ,D
11:01:42,PTBA,RG,4260,91,D,XA,BQ,D
11:01:42,PTBA,RG,4260,150,D,XA,BQ,D
11:01:41,PTBA,RG,4260,120,D,XA,BQ,D
11:01:41,PTBA,RG,4260,1,D,YP,BQ,D
11:01:41,PTBA,RG,4260,40,D,YP,BQ,D
11:01:41,PTBA,RG,4260,1,D,XL,BQ,D
11:01:41,PTBA,RG,4260,1,D,DR,BQ,D
11:01:41,PTBA,RG,4260,1,D,PD,BQ,D
11:01:41,PTBA,RG,4260,10,D,YP,BQ,D
11:01:41,PTBA,RG,4260,126,D,DR,BQ,D
11:01:41,PTBA,RG,4260,150,D,DR,BQ,D
11:01:40,PTBA,RG,4260,150,D,DR,BQ,D
11:01:40,PTBA,RG,4260,150,D,DR,BQ,D
11:01:40,PTBA,RG,4260,150,D,DR,BQ,D
11:01:40,PTBA,RG,4260,300,D,DR,BQ,D
11:01:40,PTBA,RG,4260,200,D,DR,BQ,D
11:01:39,PTBA,RG,4260,200,D,DR,BQ,D
11:01:39,PTBA,RG,4260,200,D,DR,BQ,D
11:01:39,PTBA,RG,4260,5,D,DR,ZP,F
11:01:39,PTBA,RG,4260,400,D,DR,BQ,D
11:01:39,PTBA,RG,4260,200,D,DR,BQ,D
11:01:20,PTBA,RG,4260,25,D,DR,XL,D
11:01:11,PTBA,RG,4260,3,D,DR,YP,D
11:01:01,PTBA,RG,4260,5,D,DR,ZP,F
11:01:01,PTBA,RG,4260,4,D,DR,PD,D
11:00:45,PTBA,RG,4260,10,D,DR,XL,D
11:00:41,PTBA,RG,4260,4,D,DR,ZP,F
11:00:09,PTBA,RG,4260,2,D,DR,BB,D
11:00:03,PTBA,RG,4260,58,D,DR,OD,D
10:59:52,PTBA,RG,4260,13,D,DR,XC,D
10:59:24,PTBA,RG,4260,1,D,DR,XC,D
10:59:19,PTBA,RG,4270,5,D,PD,LG,D
10:59:11,PTBA,RG,4260,2,D,DR,BQ,D
10:59:03,PTBA,RG,4260,1,D,DR,AK,F
10:58:46,PTBA,RG,4270,2,D,CC,LG,D
10:58:37,PTBA,RG,4260,14,D,DR,LS,D
10:58:33,PTBA,RG,4270,1,D,YP,LG,D
10:57:53,PTBA,RG,4260,15,D,DR,DR,D
10:57:45,PTBA,RG,4260,1,D,DR,XL,D
10:57:24,PTBA,RG,4260,2,D,DR,BQ,D
10:57:17,PTBA,RG,4270,20,D,CC,LG,D
10:56:35,PTBA,RG,4270,5,D,YP,LG,D
10:55:02,PTBA,RG,4270,5,D,XC,LG,D
10:54:53,PTBA,RG,4270,3,D,PD,LG,D
10:54:04,PTBA,RG,4270,12,F,CS,LG,D
10:54:04,PTBA,RG,4270,1,D,NI,LG,D
10:54:04,PTBA,RG,4270,1,D,YP,LG,D
10:54:04,PTBA,RG,4270,6,F,CS,LG,D
10:54:04,PTBA,RG,4270,16,F,CS,LG,D
10:54:04,PTBA,RG,4270,54,F,AK,LG,D
10:54:04,PTBA,RG,4270,11,F,AK,LG,D
10:54:03,PTBA,RG,4270,100,F,AK,YB,D
10:54:03,PTBA,RG,4270,50,F,AK,YP,D
10:53:58,PTBA,RG,4270,100,F,AK,KK,D
10:53:55,PTBA,RG,4270,20,F,AK,CC,D
10:53:50,PTBA,RG,4270,4,F,AK,YP,D
10:53:49,PTBA,RG,4270,100,F,AK,YB,D
10:53:49,PTBA,RG,4270,88,F,AK,XA,D
10:53:47,PTBA,RG,4270,416,F,AK,LG,D
10:53:47,PTBA,RG,4270,2,D,NI,LG,D
10:53:47,PTBA,RG,4270,40,D,CC,LG,D
10:53:47,PTBA,RG,4270,5,F,CS,LG,D
10:53:47,PTBA,RG,4270,1,D,YP,LG,D
10:53:47,PTBA,RG,4270,9,D,KK,LG,D
10:53:47,PTBA,RG,4270,1,D,KK,LG,D
10:53:47,PTBA,RG,4270,1,D,XC,LG,D
10:53:47,PTBA,RG,4270,1,D,CC,LG,D
10:53:47,PTBA,RG,4270,4,D,XC,LG,D
10:53:47,PTBA,RG,4270,11,F,CS,LG,D
10:53:47,PTBA,RG,4270,9,D,CC,LG,D
10:53:46,PTBA,RG,4270,1,D,CC,FS,D
10:53:46,PTBA,RG,4270,8,F,CS,FS,D
10:53:46,PTBA,RG,4270,10,F,CS,FS,D
10:53:46,PTBA,RG,4270,1,D,PD,FS,D
10:53:46,PTBA,RG,4270,2,D,XC,FS,D
10:53:46,PTBA,RG,4270,1,D,PD,FS,D
10:53:46,PTBA,RG,4270,3,D,XC,FS,D
10:53:46,PTBA,RG,4270,24,F,CS,FS,D
10:53:44,PTBA,RG,4270,6,F,CS,BQ,D
10:53:44,PTBA,RG,4270,4,D,PD,BQ,D
10:53:44,PTBA,RG,4270,12,D,PD,BQ,D
10:53:41,PTBA,RG,4270,3,D,PD,RF,D
10:53:41,PTBA,RG,4270,50,D,CC,RF,D
10:53:41,PTBA,RG,4270,1,D,PD,RF,D
10:53:41,PTBA,RG,4270,3,F,CS,RF,D
10:53:41,PTBA,RG,4270,4,D,CC,RF,D
10:53:41,PTBA,RG,4270,28,D,DR,RF,D
10:53:41,PTBA,RG,4270,4,D,YP,RF,D
10:53:41,PTBA,RG,4270,6,F,CS,RF,D
10:53:41,PTBA,RG,4270,20,D,KK,RF,D
10:53:41,PTBA,RG,4270,5,D,NI,RF,D
10:53:41,PTBA,RG,4270,1,D,CP,RF,D
10:53:41,PTBA,RG,4270,7,D,XC,RF,D
10:53:41,PTBA,RG,4270,22,F,CS,RF,D
10:53:41,PTBA,RG,4270,7,D,EP,RF,D
10:53:41,PTBA,RG,4270,7,F,CS,RF,D
10:53:41,PTBA,RG,4270,1,F,AK,RF,D
10:53:41,PTBA,RG,4270,1,D,KK,RF,D
10:53:41,PTBA,RG,4270,1,D,NI,RF,D
10:53:41,PTBA,RG,4270,11,D,YP,RF,D
10:53:41,PTBA,RG,4270,1,D,NI,RF,D
10:53:41,PTBA,RG,4270,5,D,NI,RF,D
10:53:41,PTBA,RG,4270,12,D,XC,RF,D
10:53:39,PTBA,RG,4270,3,D,XC,ZP,F
10:53:39,PTBA,RG,4270,33,F,CS,ZP,F
10:53:39,PTBA,RG,4270,23,D,YP,ZP,F
10:53:39,PTBA,RG,4270,1,F,AK,ZP,F
10:53:39,PTBA,RG,4270,1,D,AT,ZP,F
10:53:39,PTBA,RG,4270,5,D,DR,ZP,F
10:53:39,PTBA,RG,4270,5,F,CS,ZP,F
10:53:39,PTBA,RG,4270,1,F,AK,ZP,F
10:53:39,PTBA,RG,4270,2,D,XC,ZP,F
10:53:39,PTBA,RG,4270,3,D,DR,ZP,F
10:53:39,PTBA,RG,4270,1,D,KK,ZP,F
10:53:39,PTBA,RG,4270,1,D,KK,AK,F
10:53:39,PTBA,RG,4270,9,D,XL,AK,F
10:53:39,PTBA,RG,4270,1,F,AK,AK,F
10:53:39,PTBA,RG,4270,22,D,DX,AK,F
10:53:39,PTBA,RG,4270,15,D,DX,AK,F
10:53:39,PTBA,RG,4270,185,D,DX,AK,F
10:53:39,PTBA,RG,4270,46,D,NI,AK,F
10:53:39,PTBA,RG,4270,5,D,YP,AK,F
10:53:39,PTBA,RG,4270,1,D,XL,AK,F
10:53:39,PTBA,RG,4270,6,F,CS,AK,F
10:53:39,PTBA,RG,4270,84,F,AK,AK,F
10:53:39,PTBA,RG,4270,5,D,HP,AK,F
10:53:39,PTBA,RG,4270,1,D,HP,AK,F
10:53:39,PTBA,RG,4270,1,D,EP,AK,F
10:53:39,PTBA,RG,4270,3,D,NI,AK,F
10:53:39,PTBA,RG,4270,1,D,BQ,AK,F
10:53:39,PTBA,RG,4270,5,D,YP,AK,F
10:53:39,PTBA,RG,4270,372,F,BK,AK,F
10:53:39,PTBA,RG,4270,165,F,BK,AK,F
10:53:39,PTBA,RG,4270,396,F,BK,AK,F
10:53:39,PTBA,RG,4270,10,D,YP,AK,F
10:53:39,PTBA,RG,4270,2592,D,DR,AK,F
10:53:37,PTBA,RG,4280,34,F,BK,YB,D
10:53:31,PTBA,RG,4270,4,D,DR,NI,D
10:53:30,PTBA,RG,4270,100,D,DR,YP,D
10:53:27,PTBA,RG,4270,100,D,DR,FS,D
10:53:26,PTBA,RG,4270,3,D,DR,ZP,F
10:53:12,PTBA,RG,4280,22,F,BK,YB,D
10:53:09,PTBA,RG,4270,500,D,DR,YB,D
10:53:04,PTBA,RG,4270,4,D,DR,ZP,F
10:53:03,PTBA,RG,4270,100,D,DR,YP,D
10:53:01,PTBA,RG,4270,2,D,DR,XC,D
10:53:00,PTBA,RG,4280,16,F,BK,YB,D
10:52:51,PTBA,RG,4270,11,D,DR,ZP,F
10:52:50,PTBA,RG,4270,4,D,DR,PD,D
10:52:49,PTBA,RG,4270,25,D,DR,YP,D
10:52:47,PTBA,RG,4270,2836,D,DR,LG,D
10:52:47,PTBA,RG,4270,164,D,DR,LG,D
10:52:46,PTBA,RG,4270,3000,D,DR,DR,D
10:52:45,PTBA,RG,4270,100,D,DR,YP,D
10:52:45,PTBA,RG,4270,2,D,DR,ZP,F
10:52:45,PTBA,RG,4270,100,D,DR,YB,D
10:52:39,PTBA,RG,4280,1,F,AK,YB,D
10:52:34,PTBA,RG,4280,27,F,BK,YB,D
10:52:31,PTBA,RG,4270,10,D,DR,PD,D
10:52:24,PTBA,RG,4280,21,F,BK,YB,D
10:52:11,PTBA,RG,4280,22,D,BQ,YB,D
10:51:47,PTBA,RG,4280,1,D,YP,YB,D
10:51:46,PTBA,RG,4280,1,D,YP,YB,D
10:51:44,PTBA,RG,4270,300,D,DR,YP,D
10:51:43,PTBA,RG,4280,8,D,DR,YB,D
10:51:38,PTBA,RG,4280,15,F,BK,YB,D
10:51:36,PTBA,RG,4270,43,D,DR,BK,F
10:51:36,PTBA,RG,4270,33,D,NI,BK,F
10:51:36,PTBA,RG,4270,1,D,PD,BK,F
10:51:36,PTBA,RG,4270,21,D,YP,BK,F
10:51:36,PTBA,RG,4270,2,D,YP,BK,F
10:51:36,PTBA,RG,4270,25,D,GR,BK,F
10:51:36,PTBA,RG,4270,19,D,XC,BK,F
10:51:36,PTBA,RG,4270,25,D,YP,BK,F
10:51:36,PTBA,RG,4270,1,D,XL,BK,F
10:51:36,PTBA,RG,4270,541,D,BQ,BK,F
10:51:19,PTBA,RG,4280,2,F,BK,YB,D
10:51:19,PTBA,RG,4280,1,F,BK,OD,D
10:51:19,PTBA,RG,4280,6,F,BK,ZP,F
10:51:19,PTBA,RG,4280,1,F,BK,AK,F
10:51:19,PTBA,RG,4280,3,F,BK,ZP,F
10:51:19,PTBA,RG,4280,6,F,BK,YP,D
10:51:19,PTBA,RG,4280,6,F,BK,ZP,F
10:51:19,PTBA,RG,4280,7,F,BK,BK,F
10:51:17,PTBA,RG,4270,6,D,BQ,XC,D
10:51:11,PTBA,RG,4270,6,D,BQ,ZP,F
10:51:00,PTBA,RG,4280,35,F,BK,BK,F
10:50:50,PTBA,RG,4270,9,D,BQ,PD,D
10:50:37,PTBA,RG,4270,17,D,BQ,CC,D
10:50:34,PTBA,RG,4270,5,D,BQ,ZP,F
10:50:33,PTBA,RG,4280,1,D,XC,BK,F
10:50:27,PTBA,RG,4280,1,D,XC,BK,F
10:50:25,PTBA,RG,4280,1,D,XC,BK,F
10:50:23,PTBA,RG,4280,25,F,BK,BK,F
10:50:22,PTBA,RG,4280,1,D,XC,BK,F
10:50:20,PTBA,RG,4280,1,D,XC,BK,F
10:50:17,PTBA,RG,4280,1,D,XC,BK,F
10:50:16,PTBA,RG,4270,3,D,BQ,ZP,F
10:50:05,PTBA,RG,4280,17,F,BK,BK,F
10:49:56,PTBA,RG,4270,2,D,BQ,ZP,F
10:49:46,PTBA,RG,4280,16,F,BK,BK,F
10:49:44,PTBA,RG,4280,33,F,BK,BK,F
10:49:24,PTBA,RG,4280,1,F,AK,BK,F
10:48:55,PTBA,RG,4280,328,D,DH,BK,F
10:48:55,PTBA,RG,4280,9,D,DH,ZP,F
10:48:55,PTBA,RG,4280,50,D,DH,MI,D
10:48:55,PTBA,RG,4280,30,D,DH,XC,D
10:48:55,PTBA,RG,4280,6,D,DH,YP,D
10:48:55,PTBA,RG,4280,1,D,DH,AK,F
10:48:55,PTBA,RG,4280,1,D,DH,AK,F
10:48:55,PTBA,RG,4280,1,D,DH,AK,F
10:48:55,PTBA,RG,4280,4,D,DH,ZP,F
10:48:55,PTBA,RG,4280,70,D,DH,AZ,D
10:48:53,PTBA,RG,4270,1,D,BQ,CC,D
10:48:50,PTBA,RG,4280,2,D,XC,AZ,D
10:48:43,PTBA,RG,4280,15,F,BK,AZ,D
10:48:41,PTBA,RG,4270,3,D,BQ,ZP,F
10:48:34,PTBA,RG,4280,30,F,BK,AZ,D
10:48:29,PTBA,RG,4280,34,F,BK,AZ,D
10:48:29,PTBA,RG,4270,4,D,BQ,NI,D
10:48:26,PTBA,RG,4270,4,D,BQ,ZP,F
10:48:08,PTBA,RG,4270,4,D,BQ,ZP,F
10:48:03,PTBA,RG,4270,1,D,BQ,AK,F
10:47:58,PTBA,RG,4280,117,D,YP,AZ,D
10:47:51,PTBA,RG,4270,3,D,BQ,ZP,F
10:47:43,PTBA,RG,4280,5,D,CC,AZ,D
10:47:42,PTBA,RG,4280,19,F,BK,AZ,D
10:47:31,PTBA,RG,4280,28,F,BK,AZ,D
10:47:31,PTBA,RG,4270,4,D,BQ,ZP,F
10:47:17,PTBA,RG,4280,17,F,BK,AZ,D
10:47:11,PTBA,RG,4270,4,D,BQ,ZP,F
10:46:51,PTBA,RG,4270,3,D,BQ,ZP,F
10:46:46,PTBA,RG,4280,25,F,BK,AZ,D
10:46:45,PTBA,RG,4280,14,D,DR,AZ,D
10:46:36,PTBA,RG,4280,23,F,BK,AZ,D
10:46:34,PTBA,RG,4270,3,D,BQ,ZP,F
10:46:33,PTBA,RG,4270,1,D,BQ,AK,F
10:46:25,PTBA,RG,4270,376,D,BQ,BQ,D
10:46:25,PTBA,RG,4270,1,D,LG,BQ,D
10:46:25,PTBA,RG,4270,1,D,YP,BQ,D
10:46:25,PTBA,RG,4270,1,D,PD,BQ,D
10:46:25,PTBA,RG,4270,100,D,KK,BQ,D
10:46:25,PTBA,RG,4270,10,D,YP,BQ,D
10:46:25,PTBA,RG,4270,361,D,YP,BQ,D
10:46:16,PTBA,RG,4270,4,D,YP,ZP,F
10:46:03,PTBA,RG,4280,17,F,BK,AZ,D
10:45:59,PTBA,RG,4270,4,D,YP,ZP,F
10:45:59,PTBA,RG,4270,16,D,YP,BB,D
10:45:58,PTBA,RG,4270,7,D,YP,XC,D
10:45:52,PTBA,RG,4270,46,D,YP,NI,D
10:45:49,PTBA,RG,4270,7,D,YP,YP,D
10:45:45,PTBA,RG,4280,28,F,BK,AZ,D
10:45:40,PTBA,RG,4280,18,F,BK,AZ,D
10:45:39,PTBA,RG,4270,5,D,YP,ZP,F
10:45:39,PTBA,RG,4270,1,D,YP,NI,D
10:45:19,PTBA,RG,4270,4,D,YP,ZP,F
10:45:12,PTBA,RG,4270,100,D,YP,YU,D
10:45:03,PTBA,RG,4270,1,D,YP,AK,F
10:45:01,PTBA,RG,4270,5,D,YP,ZP,F
10:44:42,PTBA,RG,4280,34,F,BK,AZ,D
10:44:40,PTBA,RG,4270,3,D,YP,ZP,F
10:44:37,PTBA,RG,4280,29,F,BK,AZ,D
10:44:26,PTBA,RG,4270,4,D,YP,ZP,F
10:44:13,PTBA,RG,4280,17,F,BK,AZ,D
10:44:06,PTBA,RG,4270,4,D,YP,ZP,F
10:44:06,PTBA,RG,4280,18,F,BK,AZ,D
10:43:52,PTBA,RG,4280,5,D,XL,AZ,D
10:43:47,PTBA,RG,4270,1,D,YP,AK,F
10:43:46,PTBA,RG,4270,5,D,YP,ZP,F
10:43:29,PTBA,RG,4280,31,F,BK,AZ,D
10:43:22,PTBA,RG,4270,3,D,YP,ZP,F
10:43:22,PTBA,RG,4280,18,F,BK,AZ,D
10:43:06,PTBA,RG,4270,3,D,YP,ZP,F
10:42:56,PTBA,RG,4280,15,F,BK,AZ,D
10:42:51,PTBA,RG,4270,4,D,YP,ZP,F
10:42:50,PTBA,RG,4280,17,F,BK,AZ,D
10:42:31,PTBA,RG,4270,4,D,YP,ZP,F
10:42:29,PTBA,RG,4280,25,F,BK,AZ,D
10:42:28,PTBA,RG,4270,76,D,YP,EP,D
10:42:25,PTBA,RG,4270,2,D,YP,PD,D
10:42:11,PTBA,RG,4270,3,D,YP,ZP,F
10:42:10,PTBA,RG,4270,1,D,YP,SQ,D
10:42:06,PTBA,RG,4280,21,F,BK,AZ,D
10:41:51,PTBA,RG,4270,4,D,YP,ZP,F
10:41:40,PTBA,RG,4280,1,D,PD,AZ,D
10:41:32,PTBA,RG,4280,16,F,BK,AZ,D
10:41:31,PTBA,RG,4270,4,D,YP,ZP,F
10:41:16,PTBA,RG,4270,1,D,YP,AK,F
10:41:15,PTBA,RG,4280,33,F,BK,AZ,D
10:41:11,PTBA,RG,4270,3,D,YP,ZP,F
10:41:02,PTBA,RG,4280,29,F,BK,AZ,D
10:40:55,PTBA,RG,4270,4,D,YP,ZP,F
10:40:51,PTBA,RG,4280,1,D,XC,AZ,D
10:40:36,PTBA,RG,4270,5,D,YP,ZP,F
10:40:16,PTBA,RG,4270,5,D,YP,ZP,F
10:40:13,PTBA,RG,4280,23,F,BK,AZ,D
10:40:07,PTBA,RG,4280,33,F,BK,AZ,D
10:40:07,PTBA,RG,4270,72,D,YP,XL,D
10:40:03,PTBA,RG,4270,1,D,YP,AK,F
10:39:11,PTBA,RG,4270,227,D,YP,BQ,D
10:39:11,PTBA,RG,4270,1,D,YP,BQ,D
10:39:11,PTBA,RG,4270,1,D,PD,BQ,D
10:39:11,PTBA,RG,4270,5,D,YP,BQ,D
10:39:11,PTBA,RG,4270,12,D,SQ,BQ,D
10:39:11,PTBA,RG,4270,5,D,PD,BQ,D
10:39:11,PTBA,RG,4270,33,D,SQ,BQ,D
10:39:11,PTBA,RG,4270,9,D,AT,BQ,D
10:39:11,PTBA,RG,4270,1,D,PD,BQ,D
10:39:11,PTBA,RG,4270,2,D,XC,BQ,D
10:39:11,PTBA,RG,4270,200,D,YP,BQ,D
10:39:11,PTBA,RG,4270,2,D,XC,BQ,D
10:39:11,PTBA,RG,4270,2,D,EP,BQ,D
10:38:46,PTBA,RG,4280,231,D,DH,AZ,D
10:38:35,PTBA,RG,4280,1,D,PD,AZ,D
10:38:31,PTBA,RG,4270,1,D,XL,DR,D
10:38:31,PTBA,RG,4270,5,D,NI,DR,D
10:38:31,PTBA,RG,4270,4,D,PD,DR,D
10:38:20,PTBA,RG,4280,10,D,CC,AZ,D
10:38:20,PTBA,RG,4280,374,D,DH,AZ,D
10:38:02,PTBA,RG,4280,63,D,SQ,AZ,D
10:37:48,PTBA,RG,4270,1,D,PD,PD,D
10:37:47,PTBA,RG,4270,5,D,PD,PD,D
10:37:47,PTBA,RG,4270,3,D,XC,PD,D
10:37:47,PTBA,RG,4270,1,D,OD,PD,D
10:37:47,PTBA,RG,4270,1,D,YP,PD,D
10:37:38,PTBA,RG,4270,2,D,PD,AK,F
10:37:37,PTBA,RG,4280,10,D,SQ,AZ,D
10:37:05,PTBA,RG,4280,20,D,XL,AZ,D
10:37:04,PTBA,RG,4280,11,D,YP,AZ,D
10:37:02,PTBA,RG,4270,4,D,DH,BQ,D
10:36:40,PTBA,RG,4280,11,D,YP,AZ,D
10:36:20,PTBA,RG,4270,1,D,DH,PD,D
10:36:07,PTBA,RG,4270,200,D,DH,RF,D
10:35:29,PTBA,RG,4270,25,D,DH,GR,D
10:35:27,PTBA,RG,4280,5,D,YP,AZ,D
10:35:12,PTBA,RG,4270,1,D,DH,XL,D
10:35:09,PTBA,RG,4280,11,D,YP,AZ,D
10:34:57,PTBA,RG,4280,33,D,YP,AZ,D
10:34:47,PTBA,RG,4280,5,D,CC,AZ,D
10:34:28,PTBA,RG,4270,2,D,DH,YP,D
10:33:41,PTBA,RG,4280,10,D,CC,AZ,D
10:33:39,PTBA,RG,4280,1,D,CC,AZ,D
10:33:21,PTBA,RG,4270,1,D,DH,CC,D
10:33:19,PTBA,RG,4270,27,D,DH,GR,D
10:33:08,PTBA,RG,4270,8,D,DH,DR,D
10:33:08,PTBA,RG,4270,1,D,CC,DR,D
10:33:08,PTBA,RG,4270,11,D,AZ,DR,D
10:32:57,PTBA,RG,4270,1,D,AZ,PD,D
10:32:51,PTBA,RG,4280,4,D,XC,AZ,D
10:32:44,PTBA,RG,4280,5,D,NI,AZ,D
10:32:42,PTBA,RG,4280,10,D,PD,AZ,D
10:32:38,PTBA,RG,4280,5,D,PD,AZ,D
10:32:27,PTBA,RG,4280,1,D,PD,AZ,D
10:32:06,PTBA,RG,4280,99,D,YP,AZ,D
10:32:06,PTBA,RG,4280,1,D,DR,AZ,D
10:32:00,PTBA,RG,4280,3,D,XC,AZ,D
10:31:59,PTBA,RG,4280,5,D,ZP,AZ,D
10:31:55,PTBA,RG,4270,1,D,AZ,YU,D
10:31:38,PTBA,RG,4280,14,F,YU,AZ,D
10:31:37,PTBA,RG,4280,101,D,YP,AZ,D
10:31:33,PTBA,RG,4280,13,D,DR,AZ,D
10:31:26,PTBA,RG,4280,14,F,YU,AZ,D
10:31:23,PTBA,RG,4270,2,D,AZ,XC,D
10:31:18,PTBA,RG,4280,305,D,YP,AZ,D
10:31:13,PTBA,RG,4280,13,F,YU,AZ,D
10:31:04,PTBA,RG,4280,1,D,CC,AZ,D
10:31:00,PTBA,RG,4280,3,D,CC,AZ,D
10:30:58,PTBA,RG,4280,14,F,YU,AZ,D
10:30:57,PTBA,RG,4280,10,D,PD,AZ,D
10:30:51,PTBA,RG,4280,500,D,KK,AZ,D
10:30:46,PTBA,RG,4280,27,F,YU,AZ,D
10:30:39,PTBA,RG,4280,200,D,KK,AZ,D
10:30:22,PTBA,RG,4270,1,D,AZ,BQ,D
10:30:16,PTBA,RG,4280,120,D,YP,AZ,D
10:30:12,PTBA,RG,4280,36,F,YU,AZ,D
10:30:07,PTBA,RG,4280,9,D,PD,AZ,D
10:29:57,PTBA,RG,4270,4,D,AZ,KK,D
10:29:56,PTBA,RG,4270,15,D,AZ,CC,D
10:29:56,PTBA,RG,4270,1,D,AZ,XL,D
10:29:53,PTBA,RG,4280,2,D,PD,AZ,D
10:29:52,PTBA,RG,4280,25,D,CP,AZ,D
10:29:48,PTBA,RG,4280,3,D,EP,AZ,D
10:29:48,PTBA,RG,4280,13,F,YU,AZ,D
10:29:36,PTBA,RG,4280,20,F,AK,AZ,D
10:29:36,PTBA,RG,4280,36,F,AK,ZP,F
10:29:36,PTBA,RG,4280,6,F,AK,ZP,F
10:29:36,PTBA,RG,4280,1,F,AK,CS,D
10:29:36,PTBA,RG,4280,4,F,AK,ZP,F
10:29:36,PTBA,RG,4280,14,F,AK,CS,D
10:29:36,PTBA,RG,4280,22,F,AK,CS,D
10:29:36,PTBA,RG,4280,126,F,AK,AZ,D
10:29:32,PTBA,RG,4280,20,D,YP,AZ,D
10:29:32,PTBA,RG,4280,23,F,CS,AZ,D
10:29:31,PTBA,RG,4280,70,D,YP,AZ,D
10:29:31,PTBA,RG,4280,6,D,CC,AZ,D
10:29:31,PTBA,RG,4280,16,F,BK,AZ,D
10:29:31,PTBA,RG,4280,1,D,PD,AZ,D
10:29:31,PTBA,RG,4280,10,D,PD,AZ,D
10:29:31,PTBA,RG,4280,21,F,YU,AZ,D
10:29:31,PTBA,RG,4280,24,F,BK,AZ,D
10:29:31,PTBA,RG,4280,17,F,BK,AZ,D
10:29:31,PTBA,RG,4280,765,F,CC,AZ,D
10:29:31,PTBA,RG,4280,1,F,AK,AZ,D
10:29:31,PTBA,RG,4280,1,D,LG,AZ,D
10:29:31,PTBA,RG,4280,10,D,XL,AZ,D
10:29:31,PTBA,RG,4280,10,D,YP,AZ,D
10:29:31,PTBA,RG,4280,24,D,DR,AZ,D
10:29:31,PTBA,RG,4280,70,D,GR,AZ,D
10:29:31,PTBA,RG,4280,16,F,YU,AZ,D
10:29:31,PTBA,RG,4280,12,D,ZP,AZ,D
10:29:31,PTBA,RG,4280,8,D,ZP,AZ,D
10:29:31,PTBA,RG,4280,8,D,ZP,AZ,D
10:29:31,PTBA,RG,4280,8,D,ZP,AZ,D
10:29:31,PTBA,RG,4280,8,D,ZP,AZ,D
10:29:31,PTBA,RG,4280,8,D,ZP,AZ,D
10:29:31,PTBA,RG,4280,8,D,ZP,AZ,D
10:29:31,PTBA,RG,4280,8,D,ZP,AZ,D
10:29:31,PTBA,RG,4280,8,D,ZP,AZ,D
10:29:31,PTBA,RG,4280,8,D,ZP,AZ,D
10:29:31,PTBA,RG,4280,8,D,ZP,AZ,D
10:29:31,PTBA,RG,4280,8,D,ZP,AZ,D
10:29:31,PTBA,RG,4280,10,D,YP,AZ,D
10:29:31,PTBA,RG,4280,5,D,YP,AZ,D
10:29:31,PTBA,RG,4280,10,D,YU,AZ,D
10:29:31,PTBA,RG,4280,105,F,YU,AZ,D
10:29:31,PTBA,RG,4280,10,D,KK,AZ,D
10:29:31,PTBA,RG,4280,1,D,NI,AZ,D
10:29:31,PTBA,RG,4280,65,F,AK,AZ,D
10:29:15,PTBA,RG,4290,3,D,CC,AH,D
10:28:35,PTBA,RG,4280,23,F,AK,GR,D
10:28:35,PTBA,RG,4280,5,D,LG,GR,D
10:28:35,PTBA,RG,4280,5,D,YP,GR,D
10:28:35,PTBA,RG,4280,12,D,CC,GR,D
10:28:35,PTBA,RG,4280,5,F,CC,GR,D
10:28:13,PTBA,RG,4280,5,F,CC,XC,D
10:28:13,PTBA,RG,4280,1,D,XL,XC,D
10:28:13,PTBA,RG,4280,4,D,YP,XC,D
10:27:55,PTBA,RG,4280,1,D,YP,YP,D
10:27:55,PTBA,RG,4280,1,D,XL,YP,D
10:27:55,PTBA,RG,4280,2,F,CS,YP,D
10:27:55,PTBA,RG,4280,1,D,IF,YP,D
10:27:55,PTBA,RG,4280,5,D,YP,YP,D
10:27:55,PTBA,RG,4280,5,D,DH,YP,D
10:27:55,PTBA,RG,4280,9,F,CS,YP,D
10:27:55,PTBA,RG,4280,1,F,AK,YP,D
10:27:55,PTBA,RG,4280,2,D,YP,YP,D
10:27:55,PTBA,RG,4280,50,D,YP,YP,D
10:27:55,PTBA,RG,4280,1,D,YP,YP,D
10:27:55,PTBA,RG,4280,50,D,BQ,YP,D
10:27:55,PTBA,RG,4280,2,D,EP,YP,D
10:27:55,PTBA,RG,4280,45,D,YP,YP,D
10:27:55,PTBA,RG,4280,1,D,XL,YP,D
10:27:55,PTBA,RG,4280,1,D,YP,YP,D
10:27:51,PTBA,RG,4280,2,D,YP,YP,D
10:27:32,PTBA,RG,4280,2,D,YP,DR,D
10:27:32,PTBA,RG,4280,1,D,SQ,DR,D
10:27:32,PTBA,RG,4280,5,D,HP,DR,D
10:27:32,PTBA,RG,4280,2,D,YP,DR,D
10:27:17,PTBA,RG,4280,1,D,SQ,YP,D
10:27:15,PTBA,RG,4280,10,D,YP,PD,D
10:27:15,PTBA,RG,4280,20,D,DH,PD,D
10:27:15,PTBA,RG,4280,10,D,DH,XC,D
10:26:56,PTBA,RG,4280,5,D,DH,PD,D
10:26:56,PTBA,RG,4280,50,D,DH,GR,D
10:26:53,PTBA,RG,4280,1,D,DH,YP,D
10:26:50,PTBA,RG,4280,14,D,DH,PD,D
10:26:50,PTBA,RG,4280,10,D,EP,PD,D
10:26:50,PTBA,RG,4280,26,D,PD,PD,D
10:26:35,PTBA,RG,4280,20,D,PD,YP,D
10:26:34,PTBA,RG,4280,15,D,PD,PD,D
10:26:31,PTBA,RG,4290,20,D,CC,AH,D
10:26:26,PTBA,RG,4280,1,D,PD,XL,D
10:26:18,PTBA,RG,4280,1,D,PD,YP,D
10:26:15,PTBA,RG,4290,255,D,PD,AH,D
10:26:15,PTBA,RG,4290,10,D,PD,ZP,F
10:26:15,PTBA,RG,4290,35,D,PD,YP,D
10:26:05,PTBA,RG,4290,20,D,PD,YP,D
10:26:01,PTBA,RG,4280,935,F,BK,BK,F
10:26:01,PTBA,RG,4280,29,D,FS,BK,F
10:26:00,PTBA,RG,4280,171,D,FS,YP,D
10:26:00,PTBA,RG,4280,10,D,CP,YP,D
10:26:00,PTBA,RG,4280,26,D,BQ,YP,D
10:25:59,PTBA,RG,4290,317,D,YP,YP,D
10:25:59,PTBA,RG,4290,1,D,YP,AK,F
10:25:59,PTBA,RG,4290,1,D,YP,YP,D
10:25:59,PTBA,RG,4290,11,D,YP,ZP,F
10:25:59,PTBA,RG,4290,263,D,YP,YP,D
10:25:59,PTBA,RG,4290,22,D,YP,XC,D
10:25:59,PTBA,RG,4290,23,D,YP,ZP,F
10:25:59,PTBA,RG,4290,100,D,YP,CC,D
10:25:59,PTBA,RG,4290,12,D,YP,ZP,F
10:25:49,PTBA,RG,4290,2,D,PD,ZP,F
10:25:47,PTBA,RG,4280,4,D,BQ,KK,D
10:25:47,PTBA,RG,4280,10,D,BQ,DR,D
10:25:42,PTBA,RG,4280,5,D,BQ,YP,D
10:25:41,PTBA,RG,4280,1,D,BQ,YP,D
10:25:41,PTBA,RG,4280,281,D,BQ,YP,D
10:25:29,PTBA,RG,4290,2,D,YP,ZP,F
10:25:29,PTBA,RG,4290,48,D,YP,YP,D
10:25:27,PTBA,RG,4290,25,D,YP,YP,D
10:25:27,PTBA,RG,4280,5,D,BQ,PD,D
10:25:21,PTBA,RG,4290,7,F,CS,YP,D
10:25:21,PTBA,RG,4290,122,F,CC,YP,D
10:25:21,PTBA,RG,4290,1,D,IF,YP,D
10:25:21,PTBA,RG,4290,349,F,YU,YP,D
10:25:21,PTBA,RG,4290,5,D,PD,YP,D
10:25:21,PTBA,RG,4290,4,D,PD,YP,D
10:25:21,PTBA,RG,4290,26,D,NI,YP,D
10:25:21,PTBA,RG,4290,46,D,YP,YP,D
10:25:21,PTBA,RG,4290,4,D,YP,YP,D
10:25:21,PTBA,RG,4290,16,D,DX,YP,D
10:25:20,PTBA,RG,4300,1,D,IF,AZ,D
10:25:20,PTBA,RG,4290,6,D,DX,YP,D
10:25:20,PTBA,RG,4290,12,D,DX,YP,D
10:25:20,PTBA,RG,4290,3,D,DX,XC,D
10:25:20,PTBA,RG,4290,47,D,DX,XC,D
10:25:19,PTBA,RG,4290,15,D,DX,XC,D
10:25:16,PTBA,RG,4290,1,D,DX,YP,D
10:25:14,PTBA,RG,4290,5,D,DX,YP,D
10:25:14,PTBA,RG,4290,13,D,DX,PD,D
10:25:14,PTBA,RG,4290,104,D,DX,YP,D
10:25:14,PTBA,RG,4290,1,D,EP,YP,D
10:25:14,PTBA,RG,4290,3,D,XC,YP,D
10:25:14,PTBA,RG,4290,8,D,YP,YP,D
10:25:14,PTBA,RG,4290,5,D,DH,YP,D
10:25:14,PTBA,RG,4290,1,D,PD,YP,D
10:25:14,PTBA,RG,4290,2,D,YP,YP,D
10:25:14,PTBA,RG,4290,1000,D,AH,YP,D
10:25:14,PTBA,RG,4290,1,D,PD,YP,D
10:25:14,PTBA,RG,4290,20,D,YP,YP,D
10:25:14,PTBA,RG,4290,200,D,FS,YP,D
10:25:14,PTBA,RG,4290,183,D,MG,YP,D
10:24:59,PTBA,RG,4300,20,D,PD,AZ,D
10:24:59,PTBA,RG,4300,556,F,AK,AZ,D
10:24:59,PTBA,RG,4300,107,F,CC,AZ,D
10:24:59,PTBA,RG,4300,16,F,CS,AZ,D
10:24:59,PTBA,RG,4300,4,F,CS,AZ,D
10:24:59,PTBA,RG,4300,259,F,AK,AZ,D
10:24:59,PTBA,RG,4300,5,D,PD,AZ,D
10:24:59,PTBA,RG,4300,1,D,XC,AZ,D
10:24:59,PTBA,RG,4300,1,D,KK,AZ,D
10:24:59,PTBA,RG,4300,1,D,CP,AZ,D
10:24:59,PTBA,RG,4300,1,D,XC,AZ,D
10:24:59,PTBA,RG,4300,100,D,ZP,AZ,D
10:24:59,PTBA,RG,4300,25,D,YP,AZ,D
10:24:59,PTBA,RG,4300,3,D,XL,AZ,D
10:24:59,PTBA,RG,4300,8,D,DH,AZ,D
10:24:59,PTBA,RG,4300,30,D,YB,AZ,D
10:24:59,PTBA,RG,4300,1,D,XC,AZ,D
10:24:59,PTBA,RG,4300,20,D,PD,AZ,D
10:24:59,PTBA,RG,4300,1,D,XL,AZ,D
10:24:59,PTBA,RG,4300,5,D,PD,AZ,D
10:24:59,PTBA,RG,4300,43,D,PD,AZ,D
10:24:59,PTBA,RG,4300,20,D,PD,AZ,D
10:24:59,PTBA,RG,4300,5,D,XC,AZ,D
10:24:59,PTBA,RG,4300,35,D,YP,AZ,D
10:24:59,PTBA,RG,4300,1,D,PD,AZ,D
10:24:59,PTBA,RG,4300,2,D,EP,AZ,D
10:24:59,PTBA,RG,4300,5,D,PD,AZ,D
10:24:59,PTBA,RG,4300,2,D,PD,AZ,D
10:24:59,PTBA,RG,4300,25,D,XL,AZ,D
10:24:59,PTBA,RG,4300,8,D,EP,AZ,D
10:24:59,PTBA,RG,4300,1,D,XL,AZ,D
10:24:59,PTBA,RG,4300,22,D,DX,AZ,D
10:24:59,PTBA,RG,4300,15,D,DX,AZ,D
10:24:59,PTBA,RG,4300,185,D,DX,AZ,D
10:24:59,PTBA,RG,4300,2,D,XC,AZ,D
10:24:59,PTBA,RG,4300,1,F,AK,AZ,D
10:24:59,PTBA,RG,4300,35,D,CC,AZ,D
10:24:59,PTBA,RG,4300,2,D,HP,AZ,D
10:24:59,PTBA,RG,4300,10,D,CC,AZ,D
10:24:59,PTBA,RG,4300,10,D,NI,AZ,D
10:24:59,PTBA,RG,4300,1,D,YP,AZ,D
10:24:59,PTBA,RG,4300,1,F,AK,AZ,D
10:24:59,PTBA,RG,4300,30,D,PD,AZ,D
10:24:59,PTBA,RG,4300,1,D,YP,AZ,D
10:24:59,PTBA,RG,4300,109,D,YP,AZ,D
10:24:59,PTBA,RG,4300,2,D,YP,AZ,D
10:24:59,PTBA,RG,4300,1,D,PD,AZ,D
10:24:59,PTBA,RG,4300,7,D,YP,AZ,D
10:24:58,PTBA,RG,4300,15,D,YP,LG,D
10:24:54,PTBA,RG,4300,15,D,YP,XC,D
10:24:50,PTBA,RG,4300,170,D,YP,AI,D
10:24:50,PTBA,RG,4300,139,D,YP,AI,D
10:24:50,PTBA,RG,4310,3,D,YP,CS,D
10:24:50,PTBA,RG,4300,142,D,YP,AI,D
10:24:50,PTBA,RG,4300,1,D,PD,AI,D
10:24:50,PTBA,RG,4300,20,D,YP,AI,D
10:24:50,PTBA,RG,4300,372,D,YP,AI,D
10:24:50,PTBA,RG,4300,263,D,YP,AI,D
10:24:50,PTBA,RG,4300,20,D,PD,AI,D
10:24:50,PTBA,RG,4300,633,D,YP,AI,D
10:24:50,PTBA,RG,4300,68,F,BK,AI,D
10:24:50,PTBA,RG,4300,57,F,BK,AI,D
10:24:50,PTBA,RG,4300,134,F,BK,AI,D
10:24:50,PTBA,RG,4300,520,F,BK,AI,D
10:24:47,PTBA,RG,4310,10,D,CC,AI,D
10:24:40,PTBA,RG,4310,1,F,AK,AI,D
10:24:40,PTBA,RG,4310,1,F,AK,AI,D
10:24:40,PTBA,RG,4310,556,F,AK,AI,D
10:24:40,PTBA,RG,4310,1,F,CS,AI,D
10:24:40,PTBA,RG,4310,6,F,CS,AI,D
10:24:40,PTBA,RG,4310,18,F,CS,AI,D
10:24:40,PTBA,RG,4310,7,F,CS,AI,D
10:24:40,PTBA,RG,4310,1,D,PD,AI,D
10:24:40,PTBA,RG,4310,10,D,CC,AI,D
10:24:40,PTBA,RG,4310,18,F,YU,AI,D
10:24:40,PTBA,RG,4310,1,D,AT,AI,D
10:24:40,PTBA,RG,4310,34,D,XC,AI,D
10:24:40,PTBA,RG,4310,2,F,CS,AI,D
10:24:40,PTBA,RG,4310,16,F,CS,AI,D
10:24:40,PTBA,RG,4310,7,F,CS,AI,D
10:24:40,PTBA,RG,4310,15,F,CS,AI,D
10:24:40,PTBA,RG,4310,2,D,XC,AI,D
10:24:40,PTBA,RG,4310,25,D,YP,AI,D
10:24:40,PTBA,RG,4310,29,F,YU,AI,D
10:24:40,PTBA,RG,4310,1,D,XC,AI,D
