Time,Stock,Brd,Price,Qty,BT,BC,SC,ST
15:14:58,PTBA,RG,3750,2,D,YJ,DR,D
15:14:31,PTBA,RG,3750,13,D,YJ,KK,D
15:14:31,PTBA,RG,3750,40,D,YP,KK,D
15:14:31,PTBA,RG,3750,20,D,YJ,KK,D
15:14:31,PTBA,RG,3750,2,D,PD,KK,D
15:14:31,PTBA,RG,3750,1,D,YB,KK,D
15:14:31,PTBA,RG,3750,5,D,LS,KK,D
15:14:31,PTBA,RG,3750,2,D,LG,KK,D
15:14:31,PTBA,RG,3750,1,D,DR,KK,D
15:14:31,PTBA,RG,3750,166,D,OD,KK,D
15:14:05,PTBA,RG,3750,1,D,OD,PD,D
15:13:40,PTBA,RG,3750,33,D,OD,KK,D
15:13:40,PTBA,RG,3750,1,D,DH,KK,D
15:13:40,PTBA,RG,3750,3,D,XL,KK,D
15:13:40,PTBA,RG,3750,100,D,DH,KK,D
15:13:40,PTBA,RG,3750,113,D,YP,KK,D
15:12:59,PTBA,RG,3750,1,D,YP,YP,D
15:12:56,PTBA,RG,3750,22,D,YP,CC,D
15:12:39,PTBA,RG,3750,1,D,YP,XA,D
15:12:10,PTBA,RG,3750,13,D,YP,CC,D
15:12:10,PTBA,RG,3750,187,D,OD,CC,D
15:11:53,PTBA,RG,3750,13,D,OD,CC,D
15:11:53,PTBA,RG,3750,2,D,YP,CC,D
15:11:53,PTBA,RG,3750,3,D,EP,CC,D
15:11:53,PTBA,RG,3750,1,D,XC,CC,D
15:11:53,PTBA,RG,3750,2,D,YP,CC,D
15:11:53,PTBA,RG,3750,8,D,EP,CC,D
15:11:53,PTBA,RG,3750,1,D,PD,CC,D
15:11:53,PTBA,RG,3750,10,D,SQ,CC,D
15:11:53,PTBA,RG,3750,2,D,PD,CC,D
15:11:53,PTBA,RG,3750,5,D,PD,CC,D
15:11:53,PTBA,RG,3750,1,D,PD,CC,D
15:11:53,PTBA,RG,3750,2,D,NI,CC,D
15:11:53,PTBA,RG,3750,2,D,EP,CC,D
15:11:53,PTBA,RG,3750,9,D,XC,CC,D
15:11:53,PTBA,RG,3750,13,D,NI,CC,D
15:11:53,PTBA,RG,3750,1,D,XC,CC,D
15:11:53,PTBA,RG,3750,4,D,XL,CC,D
15:11:53,PTBA,RG,3750,50,D,MI,CC,D
15:11:53,PTBA,RG,3750,100,D,AG,CC,D
15:11:53,PTBA,RG,3750,2,D,XL,CC,D
15:11:53,PTBA,RG,3750,25,D,CP,CC,D
15:11:53,PTBA,RG,3750,20,D,KK,CC,D
15:11:53,PTBA,RG,3750,1,D,XC,CC,D
15:11:53,PTBA,RG,3750,300,D,YP,CC,D
15:11:53,PTBA,RG,3750,50,D,KK,CC,D
15:11:53,PTBA,RG,3750,5,D,CC,CC,D
15:11:53,PTBA,RG,3750,1,D,FS,CC,D
15:11:53,PTBA,RG,3750,1,D,XL,CC,D
15:11:53,PTBA,RG,3750,2,D,PD,CC,D
15:11:53,PTBA,RG,3750,3,D,YP,CC,D
15:11:53,PTBA,RG,3750,1,D,PD,CC,D
15:11:53,PTBA,RG,3750,3,D,CC,CC,D
15:11:53,PTBA,RG,3750,1,D,YP,CC,D
15:11:53,PTBA,RG,3750,6,D,YP,CC,D
15:11:25,PTBA,RG,3750,26,D,YP,OD,D
15:11:23,PTBA,RG,3750,1,D,YP,XL,D
15:11:21,PTBA,RG,3750,5,D,YP,XC,D
15:11:17,PTBA,RG,3750,1,D,YP,AT,D
15:11:11,PTBA,RG,3750,61,D,YP,LG,D
15:11:11,PTBA,RG,3750,1,D,PD,LG,D
15:11:11,PTBA,RG,3750,1,D,XL,LG,D
15:11:11,PTBA,RG,3750,25,D,CC,LG,D
15:11:11,PTBA,RG,3750,1,D,YP,LG,D
15:11:11,PTBA,RG,3750,1,D,XC,LG,D
15:11:11,PTBA,RG,3750,1,D,NI,LG,D
15:11:11,PTBA,RG,3750,9,D,YP,LG,D
15:10:28,PTBA,RG,3750,1,D,YP,YP,D
15:10:28,PTBA,RG,3750,1,D,YP,YP,D
15:10:28,PTBA,RG,3750,13,D,SQ,YP,D
15:09:57,PTBA,RG,3750,8,D,SQ,XC,D
15:09:48,PTBA,RG,3750,3,D,SQ,YP,D
15:08:13,PTBA,RG,3750,2,D,SQ,XC,D
15:07:36,PTBA,RG,3750,20,D,SQ,NI,D
15:06:14,PTBA,RG,3750,50,D,SQ,CC,D
15:06:12,PTBA,RG,3750,1,D,SQ,OD,D
15:05:36,PTBA,RG,3750,1,D,SQ,PD,D
15:05:06,PTBA,RG,3750,1,D,SQ,PD,D
15:05:02,PTBA,RG,3750,10,D,SQ,PD,D
15:04:19,PTBA,RG,3750,27,D,SQ,YP,D
15:03:59,PTBA,RG,3750,5,D,SQ,KK,D
15:03:57,PTBA,RG,3750,10,D,SQ,YP,D
15:03:46,PTBA,RG,3750,5,D,SQ,CC,D
15:03:29,PTBA,RG,3750,10,D,SQ,YP,D
15:03:08,PTBA,RG,3750,7,D,SQ,NI,D
15:02:53,PTBA,RG,3750,327,D,SQ,PD,D
15:02:53,PTBA,RG,3750,1,D,XC,PD,D
15:02:53,PTBA,RG,3750,1,D,NI,PD,D
15:02:53,PTBA,RG,3750,40,D,YP,PD,D
15:02:53,PTBA,RG,3750,1,D,CC,PD,D
15:02:53,PTBA,RG,3750,2,D,CC,PD,D
15:02:53,PTBA,RG,3750,4,D,KK,PD,D
15:02:53,PTBA,RG,3750,3,D,XL,PD,D
15:02:53,PTBA,RG,3750,2,D,XL,PD,D
15:02:53,PTBA,RG,3750,1,D,PD,PD,D
15:02:53,PTBA,RG,3750,1,D,YP,PD,D
15:02:53,PTBA,RG,3750,2,D,YP,PD,D
15:02:53,PTBA,RG,3750,5,D,CP,PD,D
15:02:53,PTBA,RG,3750,1,D,NI,PD,D
15:02:53,PTBA,RG,3750,4,D,PD,PD,D
15:02:53,PTBA,RG,3750,1,D,AT,PD,D
15:02:53,PTBA,RG,3750,50,D,XC,PD,D
15:02:53,PTBA,RG,3750,1,D,PD,PD,D
15:02:53,PTBA,RG,3750,2,D,AT,PD,D
15:02:53,PTBA,RG,3750,18,D,PD,PD,D
15:02:45,PTBA,RG,3750,2,D,PD,CC,D
15:02:45,PTBA,RG,3750,3,D,PD,CC,D
15:02:44,PTBA,RG,3750,37,D,PD,XA,D
15:02:38,PTBA,RG,3750,10,D,PD,HP,D
15:02:33,PTBA,RG,3750,18,D,PD,YP,D
15:02:33,PTBA,RG,3750,2,D,XC,YP,D
15:02:33,PTBA,RG,3750,6,D,YP,YP,D
15:02:33,PTBA,RG,3750,100,D,PD,YP,D
15:02:33,PTBA,RG,3750,20,D,NI,YP,D
15:02:33,PTBA,RG,3750,1,D,GR,YP,D
15:02:33,PTBA,RG,3750,3,D,PD,YP,D
15:02:33,PTBA,RG,3750,1,D,KK,YP,D
15:02:33,PTBA,RG,3750,5,D,YP,YP,D
15:02:33,PTBA,RG,3750,10,D,GR,YP,D
15:02:33,PTBA,RG,3750,20,D,PD,YP,D
15:02:33,PTBA,RG,3750,5,D,KK,YP,D
15:02:33,PTBA,RG,3750,1,D,GR,YP,D
15:02:33,PTBA,RG,3750,8,D,XC,YP,D
15:02:33,PTBA,RG,3750,1,D,XC,PD,D
15:02:17,PTBA,RG,3750,2,D,XC,YP,D
15:02:17,PTBA,RG,3750,25,D,PD,YP,D
15:02:17,PTBA,RG,3750,3,D,PD,YP,D
15:02:17,PTBA,RG,3750,10,D,XL,YP,D
15:02:17,PTBA,RG,3750,26,D,YP,YP,D
15:02:12,PTBA,RG,3750,4,D,YP,DH,D
15:02:06,PTBA,RG,3750,170,D,YP,NI,D
15:02:06,PTBA,RG,3750,20,D,YP,NI,D
15:02:06,PTBA,RG,3750,5,D,AT,NI,D
15:02:06,PTBA,RG,3750,5,D,YP,NI,D
15:02:06,PTBA,RG,3750,50,D,YP,NI,D
15:02:02,PTBA,RG,3750,50,D,YP,YP,D
15:02:02,PTBA,RG,3750,5,D,KK,YP,D
15:02:02,PTBA,RG,3750,6,D,XL,YP,D
15:02:02,PTBA,RG,3750,17,D,PD,YP,D
15:02:02,PTBA,RG,3750,2,D,XC,YP,D
15:02:02,PTBA,RG,3750,5,D,KK,YP,D
15:02:02,PTBA,RG,3750,8,D,SQ,YP,D
15:02:02,PTBA,RG,3750,2,D,PD,YP,D
15:02:02,PTBA,RG,3750,5,D,CC,YP,D
15:01:53,PTBA,RG,3750,22,D,CC,XC,D
15:01:53,PTBA,RG,3750,30,D,GR,XC,D
15:01:53,PTBA,RG,3750,1,D,CC,XC,D
15:01:43,PTBA,RG,3750,5,D,CC,PD,D
15:01:43,PTBA,RG,3750,5,D,CC,DX,D
15:01:41,PTBA,RG,3750,2,D,CC,YP,D
15:01:38,PTBA,RG,3750,7,D,CC,YP,D
15:01:30,PTBA,RG,3750,10,D,CC,PD,D
15:01:16,PTBA,RG,3750,1,D,XC,SQ,D
15:01:16,PTBA,RG,3750,7,D,YJ,SQ,D
15:00:00,PTBA,RG,3750,18,D,YJ,EP,D
15:00:00,PTBA,RG,3750,10,D,YJ,YP,D
15:00:00,PTBA,RG,3750,2,D,YJ,YP,D
15:00:00,PTBA,RG,3750,3,D,YJ,NI,D
15:00:00,PTBA,RG,3750,1,D,YJ,XL,D
15:00:00,PTBA,RG,3750,9,D,YJ,YB,D
15:00:00,PTBA,RG,3750,3,D,CC,YB,D
15:00:00,PTBA,RG,3750,3,D,PD,YB,D
15:00:00,PTBA,RG,3750,10,D,PD,YB,D
15:00:00,PTBA,RG,3750,50,D,YP,YB,D
15:00:00,PTBA,RG,3750,1,D,YP,YB,D
15:00:00,PTBA,RG,3750,4,D,XL,YB,D
15:00:00,PTBA,RG,3750,1,D,XL,PD,D
15:00:00,PTBA,RG,3750,1,D,NI,PD,D
15:00:00,PTBA,RG,3750,2,D,XC,YP,D
15:00:00,PTBA,RG,3750,3,D,XC,DH,D
15:00:00,PTBA,RG,3750,5,D,XC,DH,D
15:00:00,PTBA,RG,3750,1,D,PD,DH,D
15:00:00,PTBA,RG,3750,1,D,YB,DH,D
15:00:00,PTBA,RG,3750,2,D,PD,CC,D
15:00:00,PTBA,RG,3750,10,D,PD,CC,D
15:00:00,PTBA,RG,3750,1,D,YP,CC,D
15:00:00,PTBA,RG,3750,9,D,YP,GR,D
15:00:00,PTBA,RG,3750,1,D,XL,GR,D
15:00:00,PTBA,RG,3750,90,D,EP,GR,D
15:00:00,PTBA,RG,3750,10,D,EP,GR,D
15:00:00,PTBA,RG,3750,25,D,PD,GR,D
15:00:00,PTBA,RG,3750,1,D,XC,GR,D
15:00:00,PTBA,RG,3750,13,D,CC,GR,D
15:00:00,PTBA,RG,3750,2,D,XC,GR,D
15:00:00,PTBA,RG,3750,46,D,XL,GR,D
15:00:00,PTBA,RG,3750,23,D,XL,GR,D
15:00:00,PTBA,RG,3750,10,D,PD,GR,D
15:00:00,PTBA,RG,3750,5,D,NI,GR,D
15:00:00,PTBA,RG,3750,7,D,XC,GR,D
15:00:00,PTBA,RG,3750,7,D,PD,GR,D
15:00:00,PTBA,RG,3750,2,D,YP,GR,D
15:00:00,PTBA,RG,3750,80,D,PD,GR,D
15:00:00,PTBA,RG,3750,5,D,CC,GR,D
15:00:00,PTBA,RG,3750,1,D,XC,GR,D
15:00:00,PTBA,RG,3750,10,D,YP,GR,D
15:00:00,PTBA,RG,3750,14,D,BR,GR,D
15:00:00,PTBA,RG,3750,20,D,SQ,GR,D
15:00:00,PTBA,RG,3750,40,D,YP,GR,D
15:00:00,PTBA,RG,3750,2,D,CP,GR,D
15:00:00,PTBA,RG,3750,13,D,XC,GR,D
15:00:00,PTBA,RG,3750,5,D,XC,GR,D
15:00:00,PTBA,RG,3750,81,D,YP,GR,D
15:00:00,PTBA,RG,3750,10,D,PD,GR,D
15:00:00,PTBA,RG,3750,2,D,CC,GR,D
15:00:00,PTBA,RG,3750,5,D,XC,GR,D
15:00:00,PTBA,RG,3750,14,D,XL,GR,D
15:00:00,PTBA,RG,3750,1,D,XC,GR,D
15:00:00,PTBA,RG,3750,11,D,PD,GR,D
15:00:00,PTBA,RG,3750,2,D,KK,GR,D
15:00:00,PTBA,RG,3750,5,D,YP,GR,D
15:00:00,PTBA,RG,3750,2,D,XL,GR,D
15:00:00,PTBA,RG,3750,1,D,NI,GR,D
15:00:00,PTBA,RG,3750,50,D,PD,GR,D
15:00:00,PTBA,RG,3750,5,D,PD,GR,D
15:00:00,PTBA,RG,3750,155,D,YP,GR,D
15:00:00,PTBA,RG,3750,12,D,XC,GR,D
15:00:00,PTBA,RG,3750,1,D,PD,GR,D
15:00:00,PTBA,RG,3750,2,D,YP,GR,D
15:00:00,PTBA,RG,3750,100,D,EP,GR,D
15:00:00,PTBA,RG,3750,11,D,YP,GR,D
15:00:00,PTBA,RG,3750,9,D,YP,LS,D
15:00:00,PTBA,RG,3750,3,D,XC,LS,D
15:00:00,PTBA,RG,3750,8,D,YP,LS,D
15:00:00,PTBA,RG,3750,2,D,YP,XL,D
15:00:00,PTBA,RG,3750,2,D,PD,XL,D
15:00:00,PTBA,RG,3750,12,D,PD,CP,D
15:00:00,PTBA,RG,3750,8,F,AK,CP,D
15:00:00,PTBA,RG,3750,1,F,AK,AT,D
15:00:00,PTBA,RG,3750,67,F,AK,NI,D
15:00:00,PTBA,RG,3750,54,D,YP,NI,D
15:00:00,PTBA,RG,3750,1,D,YP,NI,D
15:00:00,PTBA,RG,3750,100,D,YU,NI,D
15:00:00,PTBA,RG,3750,150,D,AI,NI,D
15:00:00,PTBA,RG,3750,2,D,CC,NI,D
15:00:00,PTBA,RG,3750,5,D,PD,NI,D
15:00:00,PTBA,RG,3750,1,D,CC,NI,D
15:00:00,PTBA,RG,3750,1,D,XC,NI,D
15:00:00,PTBA,RG,3750,50,D,YP,NI,D
15:00:00,PTBA,RG,3750,10,D,PD,NI,D
15:00:00,PTBA,RG,3750,75,D,CC,NI,D
15:00:00,PTBA,RG,3750,80,D,NI,NI,D
15:00:00,PTBA,RG,3750,49,F,RX,NI,D
15:00:00,PTBA,RG,3750,6,F,RX,NI,D
15:00:00,PTBA,RG,3750,2,F,RX,NI,D
15:00:00,PTBA,RG,3750,1,F,RX,NI,D
15:00:00,PTBA,RG,3750,11,F,RX,NI,D
15:00:00,PTBA,RG,3750,8,F,RX,NI,D
15:00:00,PTBA,RG,3750,1,F,RX,NI,D
15:00:00,PTBA,RG,3750,9,F,RX,NI,D
15:00:00,PTBA,RG,3750,157,F,RX,NI,D
15:00:00,PTBA,RG,3750,156,F,RX,NI,D
15:00:00,PTBA,RG,3750,2,F,ZP,NI,D
15:00:00,PTBA,RG,3750,539,F,ZP,NI,D
15:00:00,PTBA,RG,3750,67,F,ZP,DR,D
15:00:00,PTBA,RG,3750,40,F,RX,DR,D
15:00:00,PTBA,RG,3750,115,F,RX,DR,D
15:00:00,PTBA,RG,3750,338,F,ZP,DR,D
15:00:00,PTBA,RG,3750,440,D,CS,DR,D
15:00:00,PTBA,RG,3750,2,D,CS,IP,D
15:00:00,PTBA,RG,3750,8,D,CS,RO,D
15:00:00,PTBA,RG,3750,2,F,BK,RO,D
15:00:00,PTBA,RG,3750,44,F,BK,SQ,D
15:00:00,PTBA,RG,3750,47,F,BK,SQ,D
15:00:00,PTBA,RG,3750,9,F,ZP,SQ,D
15:00:00,PTBA,RG,3750,116,F,ZP,ZP,D
15:00:00,PTBA,RG,3750,33,F,ZP,ZP,D
15:00:00,PTBA,RG,3750,12,D,AZ,ZP,D
15:00:00,PTBA,RG,3750,22,D,AZ,ZP,D
15:00:00,PTBA,RG,3750,16,D,AZ,ZP,D
15:00:00,PTBA,RG,3750,21,D,BB,ZP,D
15:00:00,PTBA,RG,3750,196,D,CC,ZP,D
15:00:00,PTBA,RG,3750,84,D,CC,ZP,D
15:00:00,PTBA,RG,3750,662,D,CC,BK,F
15:00:00,PTBA,RG,3750,7,D,CC,ZP,F
15:00:00,PTBA,RG,3750,8,D,CC,ZP,F
15:00:00,PTBA,RG,3750,8,D,CC,ZP,F
15:00:00,PTBA,RG,3750,7,D,CC,ZP,F
15:00:00,PTBA,RG,3750,14,D,CC,ZP,F
15:00:00,PTBA,RG,3750,9,D,CC,ZP,F
15:00:00,PTBA,RG,3750,64,D,CC,TP,F
15:00:00,PTBA,RG,3750,106,D,CC,OD,D
15:00:00,PTBA,RG,3750,19,D,DP,OD,D
14:49:59,PTBA,RG,3760,16,F,ZP,DX,D
14:49:57,PTBA,RG,3760,10,F,ZP,DX,D
14:49:55,PTBA,RG,3760,28,F,ZP,DX,D
14:49:55,PTBA,RG,3760,225,D,DH,DX,D
14:49:55,PTBA,RG,3760,10,D,DH,YP,D
14:49:55,PTBA,RG,3760,1,D,DH,PD,D
14:49:55,PTBA,RG,3760,1,D,DH,XC,D
14:49:55,PTBA,RG,3760,33,D,DH,HD,D
14:49:55,PTBA,RG,3760,8,F,RX,HD,D
14:49:54,PTBA,RG,3760,10,D,PD,HD,D
14:49:53,PTBA,RG,3760,35,F,ZP,HD,D
14:49:51,PTBA,RG,3760,14,F,ZP,HD,D
14:49:51,PTBA,RG,3760,42,F,ZP,BK,F
14:49:42,PTBA,RG,3750,4,D,XL,KK,D
14:49:41,PTBA,RG,3760,44,F,ZP,BK,F
14:49:37,PTBA,RG,3760,45,F,RX,BK,F
14:49:31,PTBA,RG,3760,3,D,YP,BK,F
14:49:28,PTBA,RG,3760,9,F,ZP,BK,F
14:49:28,PTBA,RG,3760,38,F,ZP,NI,D
14:49:26,PTBA,RG,3750,3,D,XC,TP,F
14:49:26,PTBA,RG,3750,3,D,PD,TP,F
14:49:26,PTBA,RG,3750,18,D,BQ,TP,F
14:49:25,PTBA,RG,3760,12,D,YP,NI,D
14:49:18,PTBA,RG,3760,28,F,RX,NI,D
14:49:17,PTBA,RG,3760,5,D,CC,NI,D
14:49:14,PTBA,RG,3760,45,D,YP,NI,D
14:49:13,PTBA,RG,3760,35,F,ZP,NI,D
14:49:00,PTBA,RG,3760,8,F,AK,NI,D
14:49:00,PTBA,RG,3760,1,F,AK,NI,D
14:48:59,PTBA,RG,3760,1,D,XA,NI,D
14:48:59,PTBA,RG,3760,1,F,AK,NI,D
14:48:58,PTBA,RG,3760,1,D,YU,NI,D
14:48:51,PTBA,RG,3760,45,F,RX,NI,D
14:48:50,PTBA,RG,3770,6,D,XL,GR,D
14:48:46,PTBA,RG,3770,183,F,RX,GR,D
14:48:46,PTBA,RG,3770,19,F,RX,PD,D
14:48:44,PTBA,RG,3760,70,F,RX,NI,D
14:48:44,PTBA,RG,3760,15,D,CC,NI,D
14:48:44,PTBA,RG,3760,115,F,ZP,NI,D
14:48:35,PTBA,RG,3770,15,F,ZP,PD,D
14:48:35,PTBA,RG,3770,1,F,ZP,PD,D
14:48:35,PTBA,RG,3770,15,F,ZP,PD,D
14:48:35,PTBA,RG,3760,30,F,ZP,YU,D
14:48:35,PTBA,RG,3760,5,F,ZP,YP,D
14:48:35,PTBA,RG,3760,38,F,ZP,BK,F
14:48:35,PTBA,RG,3760,107,D,NI,BK,F
14:48:35,PTBA,RG,3760,50,D,NI,YP,D
14:48:35,PTBA,RG,3760,50,D,NI,DR,D
14:48:35,PTBA,RG,3760,1,D,NI,XC,D
14:48:35,PTBA,RG,3760,5,D,NI,PD,D
14:48:35,PTBA,RG,3760,20,D,NI,CC,D
14:48:35,PTBA,RG,3760,78,D,NI,YP,D
14:48:35,PTBA,RG,3760,45,D,NI,SQ,D
14:48:35,PTBA,RG,3760,3,D,NI,PD,D
14:48:35,PTBA,RG,3760,250,D,NI,KK,D
14:48:35,PTBA,RG,3760,17,D,NI,DR,D
14:48:35,PTBA,RG,3760,33,D,NI,DR,D
14:48:35,PTBA,RG,3760,32,D,NI,YP,D
14:48:35,PTBA,RG,3760,101,D,NI,YP,D
14:48:35,PTBA,RG,3760,42,D,NI,YP,D
14:48:35,PTBA,RG,3760,25,D,NI,YP,D
14:48:35,PTBA,RG,3760,27,D,NI,YB,D
14:48:35,PTBA,RG,3760,30,D,NI,SQ,D
14:48:35,PTBA,RG,3760,58,D,NI,CC,D
14:48:35,PTBA,RG,3760,10,D,NI,XA,D
14:48:35,PTBA,RG,3760,66,D,NI,RF,D
14:48:35,PTBA,RG,3760,10,D,NI,PD,D
14:48:35,PTBA,RG,3760,50,D,NI,XC,D
14:48:35,PTBA,RG,3760,50,D,NI,GR,D
14:48:35,PTBA,RG,3760,2,D,NI,XC,D
14:48:35,PTBA,RG,3760,54,D,NI,YP,D
14:48:35,PTBA,RG,3760,1,D,NI,BK,F
14:48:35,PTBA,RG,3760,50,D,NI,AG,D
14:48:35,PTBA,RG,3760,1,D,NI,EP,D
14:48:35,PTBA,RG,3760,25,D,NI,SQ,D
14:48:35,PTBA,RG,3760,100,D,NI,TP,D
14:48:35,PTBA,RG,3760,1,D,NI,XC,D
14:48:35,PTBA,RG,3760,1,D,NI,XC,D
14:48:35,PTBA,RG,3760,1,D,NI,KK,D
14:48:35,PTBA,RG,3760,2,D,NI,CC,D
14:48:35,PTBA,RG,3760,300,D,NI,OD,D
14:48:35,PTBA,RG,3760,85,D,NI,OD,D
14:48:35,PTBA,RG,3760,15,D,NI,OD,D
14:48:35,PTBA,RG,3760,1,D,NI,XL,D
14:48:35,PTBA,RG,3760,2,D,NI,OD,D
14:48:35,PTBA,RG,3760,2,D,NI,NI,D
14:48:34,PTBA,RG,3760,8,D,NI,NI,D
14:48:34,PTBA,RG,3760,4,D,NI,XL,D
14:48:34,PTBA,RG,3760,2,D,NI,NI,D
14:48:34,PTBA,RG,3760,25,D,NI,SQ,D
14:48:34,PTBA,RG,3760,3,D,NI,YP,D
14:48:34,PTBA,RG,3760,2,D,NI,PD,D
14:48:34,PTBA,RG,3760,1,D,NI,CC,D
14:48:34,PTBA,RG,3760,2,D,NI,CC,D
14:48:34,PTBA,RG,3760,15,D,NI,RO,D
14:48:34,PTBA,RG,3760,15,D,NI,NI,D
14:48:34,PTBA,RG,3760,3,D,NI,SQ,D
14:48:34,PTBA,RG,3760,10,D,NI,LG,D
14:48:34,PTBA,RG,3760,34,D,NI,DH,D
14:48:31,PTBA,RG,3760,20,F,RX,DH,D
14:48:30,PTBA,RG,3760,16,F,BK,DH,D
14:48:29,PTBA,RG,3760,3,F,RX,DH,D
14:48:24,PTBA,RG,3760,17,F,BK,DH,D
14:48:22,PTBA,RG,3760,10,F,AK,DH,D
14:48:22,PTBA,RG,3760,1,F,AK,XC,D
14:48:22,PTBA,RG,3760,1,F,AK,XC,D
14:48:22,PTBA,RG,3760,10,F,RX,XC,D
14:48:22,PTBA,RG,3760,5,F,RX,YP,D
14:48:22,PTBA,RG,3760,62,F,RX,XC,D
14:48:22,PTBA,RG,3760,3,F,RX,CC,D
14:48:19,PTBA,RG,3760,1,D,XC,CC,D
14:48:17,PTBA,RG,3760,15,F,ZP,CC,D
14:48:17,PTBA,RG,3760,6,F,ZP,SQ,D
14:48:17,PTBA,RG,3760,5,F,ZP,SQ,D
14:48:17,PTBA,RG,3760,100,F,ZP,SQ,D
14:48:17,PTBA,RG,3760,25,F,ZP,GR,D
14:48:17,PTBA,RG,3760,10,F,ZP,YP,D
14:48:17,PTBA,RG,3760,1,F,ZP,CC,D
14:48:17,PTBA,RG,3760,25,F,ZP,GR,D
14:48:17,PTBA,RG,3760,19,F,ZP,PD,D
14:48:17,PTBA,RG,3750,340,D,BQ,DX,D
14:48:15,PTBA,RG,3760,2,F,AK,PD,D
14:48:13,PTBA,RG,3760,18,F,RX,PD,D
14:48:10,PTBA,RG,3760,1,F,AK,PD,D
14:48:10,PTBA,RG,3760,1,F,RX,PD,D
14:48:10,PTBA,RG,3760,5,F,RX,KK,D
14:48:10,PTBA,RG,3750,14,D,BQ,SS,D
14:48:04,PTBA,RG,3750,24,D,BQ,KZ,D
14:48:04,PTBA,RG,3750,2,D,BQ,KZ,D
14:48:04,PTBA,RG,3750,2,D,BQ,KZ,D
14:48:04,PTBA,RG,3750,2,D,BQ,KZ,D
14:48:04,PTBA,RG,3750,7,D,BQ,KZ,D
14:48:04,PTBA,RG,3760,21,F,RX,KK,D
14:47:55,PTBA,RG,3760,3,D,XC,KK,D
14:47:51,PTBA,RG,3760,1,F,RX,KK,D
14:47:51,PTBA,RG,3760,20,F,RX,YU,D
14:47:51,PTBA,RG,3760,5,F,RX,CP,D
14:47:51,PTBA,RG,3760,46,F,RX,ZP,F
14:47:51,PTBA,RG,3760,1,F,RX,YP,D
14:47:51,PTBA,RG,3760,2,F,RX,XL,D
14:47:51,PTBA,RG,3760,8,F,RX,YP,D
14:47:50,PTBA,RG,3760,400,D,AZ,YP,D
14:47:49,PTBA,RG,3760,1,F,RX,YP,D
14:47:45,PTBA,RG,3760,10,F,AK,YP,D
14:47:33,PTBA,RG,3760,18,F,RX,YP,D
14:47:30,PTBA,RG,3760,5,F,AK,YP,D
14:47:24,PTBA,RG,3760,18,F,RX,YP,D
14:47:21,PTBA,RG,3760,1,F,RX,YP,D
14:47:19,PTBA,RG,3760,1,D,XC,YP,D
14:47:14,PTBA,RG,3760,9,D,XC,YP,D
14:47:14,PTBA,RG,3760,29,F,RX,YP,D
14:47:14,PTBA,RG,3760,1,F,RX,BK,F
14:47:14,PTBA,RG,3760,40,F,RX,YP,D
14:47:14,PTBA,RG,3760,1,D,NI,YP,D
14:47:12,PTBA,RG,3760,1,F,RX,YP,D
14:47:08,PTBA,RG,3760,1,D,NI,YP,D
14:46:53,PTBA,RG,3760,27,F,RX,YP,D
14:46:51,PTBA,RG,3760,179,F,ZP,YP,D
14:46:51,PTBA,RG,3760,5,F,ZP,YP,D
14:46:51,PTBA,RG,3760,15,F,ZP,XC,D
14:46:51,PTBA,RG,3760,20,F,ZP,CC,D
14:46:51,PTBA,RG,3760,1,F,ZP,KK,D
14:46:51,PTBA,RG,3760,3,F,ZP,LG,D
14:46:51,PTBA,RG,3760,1,F,ZP,YP,D
14:46:51,PTBA,RG,3760,2,F,ZP,BQ,D
14:46:51,PTBA,RG,3760,1,F,ZP,HP,D
14:46:46,PTBA,RG,3760,2,D,CC,HP,D
14:46:46,PTBA,RG,3760,2,D,CC,KK,D
14:46:46,PTBA,RG,3760,6,D,CC,DR,D
14:46:45,PTBA,RG,3760,9,F,AK,DR,D
14:46:39,PTBA,RG,3760,20,F,RX,DR,D
14:46:36,PTBA,RG,3760,5,F,RX,DR,D
14:46:36,PTBA,RG,3760,2,F,RX,XC,D
14:46:36,PTBA,RG,3760,4,F,RX,SQ,D
14:46:33,PTBA,RG,3750,100,D,BQ,PD,D
14:46:29,PTBA,RG,3760,20,F,RX,SQ,D
14:46:26,PTBA,RG,3760,18,F,BK,SQ,D
14:46:26,PTBA,RG,3760,2,F,RX,SQ,D
14:46:25,PTBA,RG,3760,9,F,BK,SQ,D
14:46:25,PTBA,RG,3760,3,F,BK,KK,D
14:46:25,PTBA,RG,3760,1,F,BK,YP,D
14:46:25,PTBA,RG,3760,1,F,BK,OD,D
14:46:25,PTBA,RG,3760,4,F,BK,NI,D
14:46:20,PTBA,RG,3760,16,F,RX,NI,D
14:46:20,PTBA,RG,3760,3,F,RX,PD,D
14:46:20,PTBA,RG,3760,25,F,RX,BK,F
14:46:17,PTBA,RG,3760,1,F,RX,BK,F
14:46:15,PTBA,RG,3760,9,F,AK,BK,F
14:46:11,PTBA,RG,3760,257,F,ZP,BK,F
14:46:11,PTBA,RG,3760,11,F,ZP,SQ,D
14:46:11,PTBA,RG,3760,39,F,RX,SQ,D
14:46:11,PTBA,RG,3760,31,F,RX,BK,F
14:46:09,PTBA,RG,3760,11,F,RX,BK,F
14:46:06,PTBA,RG,3760,100,D,GR,BK,F
14:46:00,PTBA,RG,3760,340,D,DX,BK,F
14:45:54,PTBA,RG,3760,41,F,RX,BK,F
14:45:50,PTBA,RG,3750,2,D,BQ,AT,D
14:45:33,PTBA,RG,3760,18,F,RX,BK,F
14:45:30,PTBA,RG,3760,3,F,RX,BK,F
14:45:27,PTBA,RG,3760,3,D,XL,BK,F
14:45:26,PTBA,RG,3760,2,D,XL,BK,F
14:45:26,PTBA,RG,3760,25,D,YP,BK,F
14:45:24,PTBA,RG,3760,8,F,RX,BK,F
14:45:21,PTBA,RG,3760,10,F,RX,BK,F
14:45:18,PTBA,RG,3760,40,F,ZP,BK,F
14:45:15,PTBA,RG,3760,15,F,AK,BK,F
14:44:52,PTBA,RG,3760,6,D,YP,BK,F
14:44:48,PTBA,RG,3760,15,F,BK,BK,F
14:44:47,PTBA,RG,3760,15,F,BK,BK,F
14:44:33,PTBA,RG,3760,69,F,ZP,BK,F
14:44:33,PTBA,RG,3750,489,D,BQ,DR,D
14:44:33,PTBA,RG,3750,1,D,PD,DR,D
14:44:33,PTBA,RG,3750,1,D,YP,DR,D
14:44:33,PTBA,RG,3750,1,D,YP,DR,D
14:44:33,PTBA,RG,3750,5,D,YP,DR,D
14:44:33,PTBA,RG,3750,1,D,LG,DR,D
14:44:33,PTBA,RG,3750,10,D,NI,DR,D
14:44:33,PTBA,RG,3750,10,D,PD,DR,D
14:44:33,PTBA,RG,3750,10,D,LG,DR,D
14:44:33,PTBA,RG,3750,97,D,NI,DR,D
14:43:55,PTBA,RG,3760,6,F,BK,BK,F
14:43:35,PTBA,RG,3760,10,D,NI,BK,F
14:43:30,PTBA,RG,3760,15,D,YP,BK,F
14:43:17,PTBA,RG,3760,73,F,ZP,BK,F
14:43:04,PTBA,RG,3760,16,F,BK,BK,F
14:42:58,PTBA,RG,3750,5,D,NI,XL,D
14:42:56,PTBA,RG,3760,26,D,AI,BK,F
14:42:50,PTBA,RG,3750,1,D,NI,PD,D
14:42:46,PTBA,RG,3750,5,D,NI,CC,D
14:42:45,PTBA,RG,3760,18,F,BK,BK,F
14:42:36,PTBA,RG,3760,248,F,ZP,BK,F
14:42:36,PTBA,RG,3750,2,D,NI,XL,D
14:42:33,PTBA,RG,3750,181,D,NI,KK,D
14:42:33,PTBA,RG,3750,31,D,NI,KK,D
14:42:33,PTBA,RG,3750,47,D,NI,KK,D
14:42:33,PTBA,RG,3750,20,D,NI,KK,D
14:42:33,PTBA,RG,3750,21,D,NI,KK,D
14:42:28,PTBA,RG,3750,45,D,NI,YU,D
14:42:19,PTBA,RG,3760,2,D,CC,BK,F
14:42:15,PTBA,RG,3760,40,D,LG,BK,F
14:42:15,PTBA,RG,3760,35,F,AK,BK,F
14:42:05,PTBA,RG,3760,2,D,PD,BK,F
14:42:04,PTBA,RG,3750,5,D,NI,CC,D
14:42:03,PTBA,RG,3760,3,D,XL,BK,F
14:41:54,PTBA,RG,3750,5,D,NI,CC,D
14:41:38,PTBA,RG,3760,1,D,NI,BK,F
14:41:34,PTBA,RG,3760,1,D,YP,BK,F
14:41:34,PTBA,RG,3760,1,D,NI,BK,F
14:41:33,PTBA,RG,3760,1,D,PC,BK,F
14:41:29,PTBA,RG,3760,1,D,NI,BK,F
14:41:26,PTBA,RG,3760,108,D,NI,BK,F
14:41:26,PTBA,RG,3760,10,D,NI,PD,D
14:41:26,PTBA,RG,3760,3,D,NI,EP,D
14:41:26,PTBA,RG,3760,10,D,NI,YP,D
14:41:26,PTBA,RG,3760,8,D,NI,OD,D
14:41:25,PTBA,RG,3760,1,D,NI,OD,D
14:41:22,PTBA,RG,3760,1,D,NI,OD,D
14:41:07,PTBA,RG,3760,10,F,BK,OD,D
14:41:07,PTBA,RG,3760,1,F,BK,XC,D
14:41:07,PTBA,RG,3760,6,F,BK,RF,D
14:41:03,PTBA,RG,3760,20,D,NI,RF,D
14:40:59,PTBA,RG,3760,16,F,BK,RF,D
14:40:55,PTBA,RG,3750,1,D,NI,YP,D
14:40:50,PTBA,RG,3760,24,D,DR,RF,D
14:40:50,PTBA,RG,3760,4,D,DR,YP,D
14:40:50,PTBA,RG,3760,2,D,DR,NI,D
14:40:42,PTBA,RG,3750,100,D,NI,ZP,D
14:40:41,PTBA,RG,3760,1,D,PC,NI,D
14:40:10,PTBA,RG,3750,141,D,NI,ZP,D
14:40:05,PTBA,RG,3750,27,D,NI,XC,D
14:40:00,PTBA,RG,3750,10,D,NI,PD,D
14:39:54,PTBA,RG,3760,1,D,YP,NI,D
14:39:42,PTBA,RG,3760,1,D,XC,NI,D
14:39:33,PTBA,RG,3760,4,D,KK,NI,D
14:39:24,PTBA,RG,3750,1,D,NI,XL,D
14:39:17,PTBA,RG,3760,3,D,CC,NI,D
14:39:17,PTBA,RG,3760,1,D,PC,NI,D
14:39:14,PTBA,RG,3760,1,D,XC,NI,D
14:39:11,PTBA,RG,3760,17,F,BK,NI,D
14:39:00,PTBA,RG,3760,6,F,BK,NI,D
14:38:56,PTBA,RG,3750,1,D,NI,XC,D
14:38:55,PTBA,RG,3750,5,D,NI,XC,D
14:38:51,PTBA,RG,3760,1,D,KK,NI,D
14:38:44,PTBA,RG,3750,44,D,NI,YP,D
14:38:31,PTBA,RG,3750,1,D,NI,XC,D
14:38:22,PTBA,RG,3750,34,D,NI,ZP,F
14:38:22,PTBA,RG,3750,8,D,NI,ZP,F
14:37:49,PTBA,RG,3760,42,D,KK,NI,D
14:37:49,PTBA,RG,3760,58,D,KK,PD,D
14:37:34,PTBA,RG,3750,2,D,NI,RF,D
14:37:34,PTBA,RG,3750,60,D,NI,RF,D
14:37:34,PTBA,RG,3750,4,F,AK,RF,D
14:37:34,PTBA,RG,3750,1,F,AK,XC,D
14:37:28,PTBA,RG,3750,504,F,AK,CC,D
14:37:26,PTBA,RG,3760,41,D,HP,PD,D
14:37:26,PTBA,RG,3760,3,D,HP,YP,D
14:37:26,PTBA,RG,3760,1,D,HP,DH,D
14:37:26,PTBA,RG,3760,30,D,HP,KK,D
14:37:26,PTBA,RG,3760,25,D,HP,PD,D
14:37:16,PTBA,RG,3750,1,F,AK,PD,D
14:37:12,PTBA,RG,3750,1,F,AK,XC,D
14:37:01,PTBA,RG,3760,3,D,EP,PD,D
14:37:00,PTBA,RG,3750,2,F,AK,LG,D
14:37:00,PTBA,RG,3760,15,D,XL,PD,D
14:36:53,PTBA,RG,3760,12,D,YP,PD,D
14:36:53,PTBA,RG,3760,1,D,YP,BQ,D
14:36:53,PTBA,RG,3760,1,D,YP,BK,F
14:36:53,PTBA,RG,3760,51,D,YP,CC,D
14:36:40,PTBA,RG,3750,2,F,AK,NI,D
14:36:28,PTBA,RG,3750,41,F,AK,CC,D
14:35:49,PTBA,RG,3750,25,F,AK,SQ,D
14:35:44,PTBA,RG,3760,1,D,PD,CC,D
14:35:25,PTBA,RG,3750,1,F,AK,XL,D
14:35:14,PTBA,RG,3760,23,D,YP,CC,D
14:34:50,PTBA,RG,3750,3,F,AK,XL,D
14:34:39,PTBA,RG,3750,25,F,AK,DR,D
14:34:08,PTBA,RG,3750,10,F,AK,XL,D
14:34:08,PTBA,RG,3750,1,D,PD,XL,D
14:34:08,PTBA,RG,3750,16,F,BK,XL,D
14:34:08,PTBA,RG,3750,3,D,YP,XL,D
14:34:06,PTBA,RG,3760,25,F,ZP,CC,D
14:34:06,PTBA,RG,3760,1,F,ZP,PD,D
14:34:06,PTBA,RG,3760,146,F,ZP,BK,F
14:34:06,PTBA,RG,3760,100,F,BK,BK,F
14:34:02,PTBA,RG,3760,50,D,YP,BK,F
14:33:53,PTBA,RG,3760,128,F,BK,BK,F
14:33:46,PTBA,RG,3760,55,F,BK,BK,F
14:33:46,PTBA,RG,3760,3,F,BK,YP,D
14:33:46,PTBA,RG,3760,1,F,BK,XC,D
14:33:46,PTBA,RG,3760,250,F,BK,AZ,D
14:33:46,PTBA,RG,3760,17,F,BK,TP,F
14:33:46,PTBA,RG,3760,43,F,BK,ZP,F
14:33:46,PTBA,RG,3760,17,F,BK,KZ,D
14:33:46,PTBA,RG,3760,273,F,BK,BQ,D
14:33:45,PTBA,RG,3760,40,D,YP,BQ,D
14:33:32,PTBA,RG,3760,2,D,XL,BQ,D
14:33:27,PTBA,RG,3760,5,D,YP,BQ,D
14:33:22,PTBA,RG,3760,2,D,PC,BQ,D
14:33:02,PTBA,RG,3760,5,D,YP,BQ,D
14:32:51,PTBA,RG,3760,10,D,SQ,BQ,D
14:32:44,PTBA,RG,3760,1,D,LG,BQ,D
14:32:24,PTBA,RG,3750,6,D,YP,CC,D
14:32:20,PTBA,RG,3760,15,D,EP,BQ,D
14:32:06,PTBA,RG,3760,70,D,CC,BQ,D
14:31:58,PTBA,RG,3760,25,F,BK,BQ,D
14:31:58,PTBA,RG,3760,22,F,RX,BQ,D
14:31:58,PTBA,RG,3760,2,D,XC,BQ,D
14:31:58,PTBA,RG,3760,15,D,XL,BQ,D
14:31:58,PTBA,RG,3760,17,F,BK,BQ,D
14:31:58,PTBA,RG,3760,1,D,XC,BQ,D
14:31:58,PTBA,RG,3760,1,D,GR,BQ,D
14:31:58,PTBA,RG,3760,1,D,CC,BQ,D
14:31:58,PTBA,RG,3760,50,D,YU,BQ,D
14:31:58,PTBA,RG,3760,20,D,YP,BQ,D
14:31:58,PTBA,RG,3760,3,D,YP,BQ,D
14:31:58,PTBA,RG,3760,1,D,XC,BQ,D
14:31:58,PTBA,RG,3760,33,F,RX,BQ,D
14:31:58,PTBA,RG,3760,28,D,PD,BQ,D
14:31:58,PTBA,RG,3760,50,D,CP,BQ,D
14:31:58,PTBA,RG,3760,195,F,ZP,BQ,D
14:31:58,PTBA,RG,3760,27,D,DX,BQ,D
14:31:58,PTBA,RG,3760,14,F,RX,BQ,D
14:31:58,PTBA,RG,3760,30,D,CC,BQ,D
14:31:58,PTBA,RG,3760,19,D,XL,BQ,D
14:31:58,PTBA,RG,3760,10,D,NI,BQ,D
14:31:58,PTBA,RG,3760,29,F,AK,BQ,D
14:31:58,PTBA,RG,3760,1,D,YP,BQ,D
14:31:58,PTBA,RG,3760,24,F,ZP,BQ,D
14:31:58,PTBA,RG,3760,160,F,RX,BQ,D
14:31:58,PTBA,RG,3760,7,F,AK,BQ,D
14:31:58,PTBA,RG,3760,50,D,CC,BQ,D
14:31:58,PTBA,RG,3760,536,D,YP,BQ,D
14:31:58,PTBA,RG,3760,40,D,LG,BQ,D
14:31:58,PTBA,RG,3760,1,F,BK,BQ,D
14:31:58,PTBA,RG,3760,26,F,ZP,BQ,D
14:31:58,PTBA,RG,3760,139,D,YP,BQ,D
14:31:53,PTBA,RG,3760,1,D,YP,XC,D
14:31:50,PTBA,RG,3760,50,D,YP,EP,D
14:31:39,PTBA,RG,3760,3,D,YP,XL,D
14:31:28,PTBA,RG,3770,55,D,YP,PD,D
14:31:28,PTBA,RG,3770,5,D,YP,PD,D
14:31:28,PTBA,RG,3770,13,D,YP,EP,D
14:31:28,PTBA,RG,3770,2,D,YP,PD,D
14:31:28,PTBA,RG,3770,10,D,YP,PD,D
14:31:28,PTBA,RG,3770,2,D,YP,YB,D
14:31:28,PTBA,RG,3770,3,D,YP,HP,D
14:31:26,PTBA,RG,3760,7,D,YP,YP,D
14:31:26,PTBA,RG,3760,6,D,XC,YP,D
14:31:26,PTBA,RG,3760,20,D,YP,YP,D
14:31:26,PTBA,RG,3760,18,F,BK,YP,D
14:31:26,PTBA,RG,3760,6,D,YP,YP,D
14:31:26,PTBA,RG,3760,17,F,BK,YP,D
14:31:26,PTBA,RG,3760,37,F,BK,YP,D
14:31:26,PTBA,RG,3760,25,D,PD,YP,D
14:31:26,PTBA,RG,3760,33,F,ZP,YP,D
14:31:26,PTBA,RG,3760,22,F,ZP,YP,D
14:31:26,PTBA,RG,3760,108,D,KK,YP,D
14:31:16,PTBA,RG,3760,1,D,KK,XC,D
14:31:04,PTBA,RG,3760,20,D,KK,KK,D
14:31:03,PTBA,RG,3760,40,D,KK,PD,D
14:31:03,PTBA,RG,3760,50,D,KK,DR,D
14:30:57,PTBA,RG,3760,1,D,KK,XC,D
14:30:22,PTBA,RG,3760,2,D,KK,YP,D
14:30:15,PTBA,RG,3760,5,D,KK,OD,D
14:30:11,PTBA,RG,3760,3,D,KK,EP,D
14:30:05,PTBA,RG,3760,100,D,KK,EP,D
14:30:01,PTBA,RG,3760,54,D,KK,XC,D
14:29:47,PTBA,RG,3760,43,D,KK,CC,D
14:29:45,PTBA,RG,3760,73,D,KK,CC,D
14:29:45,PTBA,RG,3760,27,F,RX,CC,D
14:29:43,PTBA,RG,3760,1,F,RX,PD,D
14:29:43,PTBA,RG,3760,5,D,HP,PD,D
14:29:43,PTBA,RG,3760,5,D,HP,CC,D
14:29:22,PTBA,RG,3760,2,D,HP,EP,D
14:29:22,PTBA,RG,3760,7,F,ZP,EP,D
14:29:17,PTBA,RG,3760,5,F,ZP,YP,D
14:29:16,PTBA,RG,3760,5,F,ZP,OD,D
14:29:12,PTBA,RG,3760,100,F,ZP,AO,F
14:29:12,PTBA,RG,3760,1,D,CC,AO,F
14:29:12,PTBA,RG,3760,10,D,PD,AO,F
14:29:12,PTBA,RG,3760,1,D,XC,AO,F
14:29:12,PTBA,RG,3760,6,F,AK,AO,F
14:29:12,PTBA,RG,3760,82,F,RX,AO,F
14:29:04,PTBA,RG,3760,200,F,RX,AO,F
14:28:53,PTBA,RG,3770,1,D,GR,HP,D
14:28:48,PTBA,RG,3760,288,F,RX,AO,F
14:28:48,PTBA,RG,3760,67,F,ZP,AO,F
14:28:48,PTBA,RG,3760,561,F,RX,AO,F
14:28:48,PTBA,RG,3760,9,F,AK,AO,F
14:28:48,PTBA,RG,3760,225,F,ZP,AO,F
14:28:43,PTBA,RG,3760,10,F,ZP,XL,D
14:28:39,PTBA,RG,3760,11,F,ZP,CC,D
14:28:25,PTBA,RG,3760,7,F,ZP,PD,D
14:28:22,PTBA,RG,3760,1,F,ZP,YP,D
14:28:17,PTBA,RG,3760,2,F,ZP,CC,D
14:28:08,PTBA,RG,3760,1,F,ZP,YP,D
14:27:52,PTBA,RG,3760,1,F,ZP,YP,D
14:27:50,PTBA,RG,3760,10,F,ZP,OD,D
14:27:24,PTBA,RG,3760,7,F,ZP,CC,D
14:27:13,PTBA,RG,3760,2,F,ZP,NI,D
14:27:13,PTBA,RG,3760,8,F,BK,NI,D
14:27:12,PTBA,RG,3760,20,F,BK,TP,D
14:27:07,PTBA,RG,3770,2,D,PD,HP,D
14:27:04,PTBA,RG,3760,3,F,BK,XC,D
14:27:00,PTBA,RG,3770,2,D,PD,HP,D
14:26:51,PTBA,RG,3760,2,F,BK,NI,D
14:26:27,PTBA,RG,3760,1,F,BK,NI,D
14:26:27,PTBA,RG,3760,1,F,BK,PD,D
14:26:06,PTBA,RG,3760,21,F,BK,YP,D
14:26:06,PTBA,RG,3760,177,F,BK,YP,D
14:26:06,PTBA,RG,3760,73,F,BK,YP,D
14:26:06,PTBA,RG,3760,8,F,BK,YP,D
14:26:06,PTBA,RG,3760,21,F,ZP,YP,D
14:25:59,PTBA,RG,3770,10,D,PD,HP,D
14:25:59,PTBA,RG,3760,100,F,ZP,DH,D
14:25:47,PTBA,RG,3760,50,F,ZP,AG,D
14:25:42,PTBA,RG,3760,8,F,ZP,XC,D
14:25:37,PTBA,RG,3760,100,F,ZP,NI,D
14:25:31,PTBA,RG,3770,18,F,BK,HP,D
14:25:25,PTBA,RG,3770,14,F,BK,HP,D
14:25:25,PTBA,RG,3770,1,F,BK,XC,D
14:25:25,PTBA,RG,3770,1,F,BK,PD,D
14:25:23,PTBA,RG,3760,168,F,ZP,BK,F
14:25:23,PTBA,RG,3760,462,F,ZP,BK,F
14:25:23,PTBA,RG,3760,566,F,AK,BK,F
14:25:23,PTBA,RG,3760,10,F,AK,YP,D
14:25:23,PTBA,RG,3760,18,F,AK,TP,F
14:25:23,PTBA,RG,3760,20,F,AK,GR,D
14:25:23,PTBA,RG,3760,1,F,AK,XC,D
14:25:23,PTBA,RG,3760,50,F,AK,YP,D
14:25:23,PTBA,RG,3760,1,F,AK,XL,D
14:25:23,PTBA,RG,3760,10,F,AK,PD,D
14:25:23,PTBA,RG,3760,13,F,AK,PD,D
14:25:23,PTBA,RG,3760,14,F,AK,KZ,D
14:25:23,PTBA,RG,3760,1,F,AK,GR,D
14:25:23,PTBA,RG,3760,15,F,AK,XC,D
14:25:23,PTBA,RG,3760,17,F,AK,TP,F
14:25:23,PTBA,RG,3760,15,F,AK,XL,D
14:25:23,PTBA,RG,3760,5,F,AK,KK,D
14:25:23,PTBA,RG,3760,10,F,AK,YP,D
14:25:23,PTBA,RG,3760,18,F,AK,PD,D
14:25:23,PTBA,RG,3760,6,F,AK,EP,D
14:25:23,PTBA,RG,3760,2,F,AK,XC,D
14:25:23,PTBA,RG,3760,15,F,AK,CC,D
14:25:23,PTBA,RG,3760,13,F,AK,XC,D
14:25:23,PTBA,RG,3760,5,F,AK,CC,D
14:25:23,PTBA,RG,3760,10,F,AK,YP,D
14:25:23,PTBA,RG,3760,300,F,AK,EP,D
14:25:23,PTBA,RG,3760,18,F,AK,TP,F
14:25:23,PTBA,RG,3760,24,F,AK,XC,D
14:25:23,PTBA,RG,3760,1,F,AK,GR,D
14:25:23,PTBA,RG,3760,1,F,AK,NI,D
14:25:23,PTBA,RG,3760,200,F,AK,NI,D
14:25:23,PTBA,RG,3760,17,F,AK,TP,F
14:25:23,PTBA,RG,3760,25,F,AK,XL,D
14:25:23,PTBA,RG,3760,10,F,AK,PD,D
14:25:23,PTBA,RG,3760,1,F,AK,NI,D
14:25:23,PTBA,RG,3760,10,F,AK,YP,D
14:25:23,PTBA,RG,3760,3,F,AK,OD,D
14:25:23,PTBA,RG,3760,10,F,AK,YP,D
14:25:23,PTBA,RG,3760,18,F,AK,TP,F
14:25:23,PTBA,RG,3760,10,F,AK,YP,D
14:25:23,PTBA,RG,3760,6,F,AK,YP,D
14:25:23,PTBA,RG,3760,25,F,AK,GR,D
14:25:23,PTBA,RG,3760,2,F,AK,NI,D
14:25:23,PTBA,RG,3760,10,F,AK,PD,D
14:25:23,PTBA,RG,3760,1,F,AK,XL,D
14:25:23,PTBA,RG,3760,1,F,AK,BK,F
14:25:23,PTBA,RG,3760,50,F,AK,YP,D
14:25:23,PTBA,RG,3760,100,F,AK,TP,D
14:25:23,PTBA,RG,3760,2,F,AK,YP,D
14:25:23,PTBA,RG,3760,26,F,AK,TP,F
14:25:23,PTBA,RG,3760,5,F,AK,PD,D
14:25:23,PTBA,RG,3760,2,F,AK,YP,D
14:25:23,PTBA,RG,3760,2,F,AK,NI,D
14:25:23,PTBA,RG,3760,7,F,AK,PD,D
14:25:23,PTBA,RG,3760,14,F,AK,KZ,D
14:25:23,PTBA,RG,3760,154,F,AK,DH,D
14:25:23,PTBA,RG,3760,2,F,AK,BQ,D
14:25:23,PTBA,RG,3760,50,F,AK,XA,D
14:25:23,PTBA,RG,3760,2,F,AK,XC,D
14:25:23,PTBA,RG,3760,1,F,AK,XL,D
14:25:23,PTBA,RG,3760,1,F,AK,BK,F
14:25:23,PTBA,RG,3760,25,F,AK,TP,F
14:25:23,PTBA,RG,3760,1,F,AK,YP,D
14:25:23,PTBA,RG,3760,1,F,AK,NI,D
14:25:23,PTBA,RG,3760,2,F,AK,SQ,D
14:25:23,PTBA,RG,3760,3,F,AK,PD,D
14:25:23,PTBA,RG,3760,14,F,AK,CC,D
14:25:23,PTBA,RG,3760,51,F,AK,YP,D
14:25:23,PTBA,RG,3760,200,F,AK,TF,D
14:25:23,PTBA,RG,3760,52,F,AK,YP,D
14:25:23,PTBA,RG,3760,10,F,AK,YP,D
14:25:23,PTBA,RG,3760,2,F,AK,YB,D
14:25:23,PTBA,RG,3760,3,F,AK,YP,D
14:25:23,PTBA,RG,3760,50,F,AK,NI,D
14:25:23,PTBA,RG,3760,8,F,AK,XL,D
14:25:23,PTBA,RG,3760,5,F,AK,PD,D
14:25:23,PTBA,RG,3760,36,F,AK,TP,F
14:25:23,PTBA,RG,3760,20,F,AK,PD,D
14:25:23,PTBA,RG,3760,45,F,AK,CC,D
14:25:23,PTBA,RG,3760,1,F,AK,XC,D
14:25:23,PTBA,RG,3760,5,F,AK,YP,D
14:25:23,PTBA,RG,3760,7,F,AK,XL,D
14:25:23,PTBA,RG,3760,30,F,AK,SQ,D
14:25:23,PTBA,RG,3760,2,F,AK,XC,D
14:25:23,PTBA,RG,3760,42,F,AK,ZP,F
14:25:23,PTBA,RG,3760,6,F,AK,PD,D
14:25:23,PTBA,RG,3760,10,F,AK,AZ,D
14:25:23,PTBA,RG,3760,20,F,AK,PD,D
14:25:23,PTBA,RG,3760,275,F,AK,OD,D
14:25:23,PTBA,RG,3760,65,F,AK,OD,D
14:25:23,PTBA,RG,3760,27,F,AK,YP,D
14:25:23,PTBA,RG,3760,10,F,AK,KK,D
14:25:23,PTBA,RG,3760,126,F,AK,BK,F
14:25:22,PTBA,RG,3760,152,D,NI,BK,F
14:25:22,PTBA,RG,3760,26,D,NI,TP,F
14:25:22,PTBA,RG,3760,1,D,NI,BK,F
14:25:22,PTBA,RG,3760,6,D,NI,XC,D
14:25:22,PTBA,RG,3760,3,D,NI,PD,D
14:25:22,PTBA,RG,3760,8,D,NI,SQ,D
14:25:22,PTBA,RG,3760,100,D,NI,NI,D
14:25:22,PTBA,RG,3760,5,D,NI,YP,D
14:25:22,PTBA,RG,3760,1,D,NI,CC,D
14:25:22,PTBA,RG,3760,11,D,NI,PD,D
14:25:22,PTBA,RG,3760,1,D,NI,MU,D
14:25:22,PTBA,RG,3760,2,D,NI,PD,D
14:25:22,PTBA,RG,3760,238,D,NI,BK,F
14:25:22,PTBA,RG,3760,14,D,NI,BK,F
14:25:22,PTBA,RG,3760,6,D,NI,OD,D
14:25:22,PTBA,RG,3760,2,D,NI,KK,D
14:25:22,PTBA,RG,3760,20,D,NI,XC,D
14:25:22,PTBA,RG,3760,40,D,NI,BK,F
14:25:22,PTBA,RG,3760,53,D,NI,BK,F
14:25:22,PTBA,RG,3760,34,D,NI,BK,F
14:25:22,PTBA,RG,3760,83,D,NI,BK,F
14:25:22,PTBA,RG,3760,30,D,NI,NI,D
14:25:22,PTBA,RG,3760,20,D,NI,NI,D
14:25:22,PTBA,RG,3760,210,D,NI,BK,F
14:25:22,PTBA,RG,3760,1,D,NI,NI,D
14:25:22,PTBA,RG,3760,5,D,NI,SQ,D
14:25:22,PTBA,RG,3760,1,D,NI,KK,D
14:25:22,PTBA,RG,3760,2,D,NI,BQ,D
14:25:22,PTBA,RG,3760,1,D,NI,GR,D
14:25:22,PTBA,RG,3760,5,D,NI,YP,D
14:25:22,PTBA,RG,3760,1,D,NI,XC,D
14:25:22,PTBA,RG,3760,20,D,NI,NI,D
14:25:22,PTBA,RG,3760,9,D,NI,GR,D
14:25:22,PTBA,RG,3760,5,D,NI,PD,D
14:25:22,PTBA,RG,3760,2,D,NI,GR,D
14:25:22,PTBA,RG,3760,9,D,NI,XL,D
14:25:22,PTBA,RG,3760,2,D,NI,EP,D
14:25:22,PTBA,RG,3760,1,D,NI,BQ,D
14:25:22,PTBA,RG,3760,18,D,NI,NI,D
14:25:22,PTBA,RG,3760,10,D,NI,YP,D
14:25:22,PTBA,RG,3760,1,D,NI,PD,D
14:25:22,PTBA,RG,3760,2,D,NI,CC,D
14:25:22,PTBA,RG,3760,28,D,NI,NI,D
14:25:22,PTBA,RG,3760,10,D,NI,DH,D
14:25:22,PTBA,RG,3760,8,D,NI,PD,D
14:25:22,PTBA,RG,3760,10,D,NI,PD,D
14:25:22,PTBA,RG,3760,25,D,NI,NI,D
14:25:22,PTBA,RG,3760,1,D,NI,PD,D
14:25:22,PTBA,RG,3760,20,D,NI,CC,D
14:25:22,PTBA,RG,3760,1,D,NI,XC,D
14:25:22,PTBA,RG,3760,47,D,NI,XL,D
14:25:22,PTBA,RG,3760,13,D,NI,YP,D
14:25:22,PTBA,RG,3760,1,D,NI,XC,D
14:25:22,PTBA,RG,3760,20,D,NI,AZ,D
14:25:22,PTBA,RG,3760,3,D,NI,KK,D
14:25:22,PTBA,RG,3760,3,D,NI,PD,D
14:25:22,PTBA,RG,3760,5,D,NI,YP,D
14:25:22,PTBA,RG,3760,10,D,NI,GR,D
14:25:22,PTBA,RG,3760,1,D,NI,PD,D
14:25:22,PTBA,RG,3760,10,D,NI,CC,D
14:25:22,PTBA,RG,3760,4,D,NI,YP,D
14:25:22,PTBA,RG,3760,6,D,NI,YP,D
14:25:22,PTBA,RG,3760,2,D,NI,PD,D
14:25:22,PTBA,RG,3760,11,D,NI,XC,D
14:25:22,PTBA,RG,3760,10,D,NI,CC,D
14:25:22,PTBA,RG,3760,1,D,NI,GR,D
14:25:22,PTBA,RG,3760,5,D,NI,CC,D
14:25:22,PTBA,RG,3760,50,D,NI,DR,D
14:25:22,PTBA,RG,3760,5,D,NI,PD,D
14:25:22,PTBA,RG,3760,5,D,NI,KK,D
14:25:22,PTBA,RG,3760,5,D,NI,KK,D
14:25:22,PTBA,RG,3760,1,D,NI,XC,D
14:25:22,PTBA,RG,3760,10,D,NI,YP,D
14:25:22,PTBA,RG,3760,20,D,NI,YP,D
14:25:22,PTBA,RG,3760,1,D,NI,LG,D
14:25:22,PTBA,RG,3760,1,D,NI,PD,D
14:25:22,PTBA,RG,3760,1,D,NI,NI,D
14:25:22,PTBA,RG,3760,7,D,NI,NI,D
14:25:22,PTBA,RG,3760,1,D,NI,YP,D
14:25:22,PTBA,RG,3760,13,D,NI,PD,D
14:25:22,PTBA,RG,3760,2,D,NI,DR,D
14:25:22,PTBA,RG,3760,1,D,NI,YP,D
14:25:22,PTBA,RG,3760,1,D,NI,PD,D
14:25:22,PTBA,RG,3760,1,D,NI,KK,D
14:25:22,PTBA,RG,3760,1,D,NI,NI,D
14:25:22,PTBA,RG,3760,1,D,NI,NI,D
14:25:22,PTBA,RG,3760,5,D,NI,YP,D
14:25:22,PTBA,RG,3760,12,D,NI,AT,D
14:25:22,PTBA,RG,3760,3,D,NI,NI,D
14:25:22,PTBA,RG,3760,6,D,NI,AT,D
14:25:22,PTBA,RG,3760,3,D,NI,YP,D
14:25:22,PTBA,RG,3760,1,D,NI,NI,D
14:25:22,PTBA,RG,3760,19,D,NI,PD,D
14:25:07,PTBA,RG,3760,6,D,HP,PD,D
14:25:07,PTBA,RG,3760,9,D,HP,XC,D
14:25:05,PTBA,RG,3750,5,D,YP,CC,D
14:25:03,PTBA,RG,3760,18,F,AK,XC,D
14:25:03,PTBA,RG,3760,50,F,AK,NI,D
14:25:03,PTBA,RG,3760,25,F,AK,YU,D
14:25:03,PTBA,RG,3760,3,F,AK,XA,D
14:25:03,PTBA,RG,3760,5,F,AK,CC,D
14:25:03,PTBA,RG,3760,100,F,AK,SQ,D
14:25:03,PTBA,RG,3760,5,F,AK,CC,D
14:25:03,PTBA,RG,3760,5,F,AK,PD,D
14:25:03,PTBA,RG,3760,500,F,AK,YP,D
14:25:03,PTBA,RG,3760,1,F,AK,PD,D
14:25:03,PTBA,RG,3760,4,F,AK,AT,D
14:25:03,PTBA,RG,3760,5,F,AK,SQ,D
14:25:03,PTBA,RG,3760,5,F,AK,AI,D
14:25:03,PTBA,RG,3760,35,F,AK,PD,D
14:25:03,PTBA,RG,3760,10,F,AK,XL,D
14:25:03,PTBA,RG,3760,100,F,AK,CC,D
14:25:03,PTBA,RG,3760,130,F,AK,NI,D
14:25:03,PTBA,RG,3760,3,F,AK,XC,D
14:25:03,PTBA,RG,3760,20,F,AK,CC,D
14:25:03,PTBA,RG,3760,5,F,AK,NI,D
14:25:03,PTBA,RG,3760,1,F,AK,PD,D
14:25:03,PTBA,RG,3760,3,F,AK,XL,D
14:25:03,PTBA,RG,3760,1,F,AK,XC,D
14:25:02,PTBA,RG,3760,1,D,XC,YP,D
14:24:36,PTBA,RG,3750,2,D,YP,YP,D
14:24:15,PTBA,RG,3760,37,F,AK,YP,D
14:24:13,PTBA,RG,3750,10,D,YP,DR,D
14:24:13,PTBA,RG,3750,5,D,CC,DR,D
14:24:13,PTBA,RG,3750,1,D,SQ,DR,D
14:24:13,PTBA,RG,3750,3,D,PD,DR,D
14:24:13,PTBA,RG,3750,81,D,YP,DR,D
14:24:11,PTBA,RG,3750,1,D,YP,BK,F
14:24:03,PTBA,RG,3760,12,D,XC,YP,D
14:23:47,PTBA,RG,3760,1,D,XC,YP,D
14:23:47,PTBA,RG,3750,2,D,YP,SQ,D
14:23:29,PTBA,RG,3760,1,D,YP,YP,D
14:23:16,PTBA,RG,3750,6,D,YP,XL,D
14:23:14,PTBA,RG,3760,2,D,PD,YP,D
14:23:13,PTBA,RG,3760,1,D,XC,YP,D
14:23:12,PTBA,RG,3760,1,D,YP,YP,D
14:23:11,PTBA,RG,3760,36,D,NI,YP,D
14:23:11,PTBA,RG,3760,5,D,NI,YP,D
14:23:11,PTBA,RG,3760,10,D,NI,YP,D
14:23:11,PTBA,RG,3760,29,D,NI,XL,D
14:23:11,PTBA,RG,3760,69,D,NI,YP,D
14:23:11,PTBA,RG,3760,1,D,NI,XL,D
14:23:11,PTBA,RG,3760,20,D,NI,OD,D
14:23:11,PTBA,RG,3760,1,D,NI,OD,D
14:23:11,PTBA,RG,3760,5,D,NI,CC,D
14:23:11,PTBA,RG,3760,8,D,NI,YP,D
14:23:11,PTBA,RG,3760,3,D,NI,PD,D
14:23:11,PTBA,RG,3760,5,D,NI,PD,D
14:23:11,PTBA,RG,3760,10,D,NI,YP,D
14:23:11,PTBA,RG,3760,40,D,NI,KK,D
14:23:11,PTBA,RG,3760,3,D,NI,AG,D
14:23:11,PTBA,RG,3760,2,D,NI,YP,D
14:23:11,PTBA,RG,3760,2,D,NI,NI,D
14:23:11,PTBA,RG,3760,10,D,NI,KK,D
14:23:11,PTBA,RG,3760,1,D,NI,PD,D
14:23:11,PTBA,RG,3760,2,D,NI,PD,D
14:23:11,PTBA,RG,3760,4,D,NI,EP,D
14:23:11,PTBA,RG,3760,1,D,NI,EP,D
14:23:11,PTBA,RG,3760,1,D,NI,PD,D
14:23:11,PTBA,RG,3760,10,D,NI,CD,D
14:23:11,PTBA,RG,3760,16,D,NI,CC,D
14:23:11,PTBA,RG,3760,18,D,NI,CC,D
14:23:11,PTBA,RG,3760,16,D,NI,CC,D
14:23:11,PTBA,RG,3760,5,D,NI,KK,D
14:23:11,PTBA,RG,3760,1,D,NI,XL,D
14:23:11,PTBA,RG,3760,3,D,NI,YP,D
14:23:11,PTBA,RG,3760,5,D,NI,PD,D
14:23:11,PTBA,RG,3760,1,D,NI,XC,D
14:23:11,PTBA,RG,3760,10,D,NI,CP,D
14:23:11,PTBA,RG,3760,2,D,NI,PD,D
14:23:11,PTBA,RG,3760,3,D,NI,PD,D
14:23:11,PTBA,RG,3760,5,D,NI,XC,D
14:23:11,PTBA,RG,3760,66,D,NI,RF,D
14:23:11,PTBA,RG,3760,2,D,NI,KZ,D
14:23:11,PTBA,RG,3760,5,D,NI,YP,D
14:23:11,PTBA,RG,3760,12,D,NI,MK,D
14:23:11,PTBA,RG,3760,10,D,NI,XC,D
14:23:11,PTBA,RG,3760,3,D,NI,YP,D
14:23:11,PTBA,RG,3760,1,D,NI,XL,D
14:23:11,PTBA,RG,3760,1,D,NI,KK,D
14:23:11,PTBA,RG,3760,5,D,NI,XC,D
14:23:11,PTBA,RG,3760,4,D,NI,PD,D
14:23:11,PTBA,RG,3760,1,D,NI,PD,D
14:23:11,PTBA,RG,3760,1,D,NI,PD,D
14:23:11,PTBA,RG,3760,6,D,NI,XL,D
14:23:11,PTBA,RG,3760,100,D,NI,YP,D
14:23:11,PTBA,RG,3760,4,D,NI,NI,D
14:23:11,PTBA,RG,3760,5,D,NI,OD,D
14:23:11,PTBA,RG,3760,1,D,NI,XL,D
14:23:11,PTBA,RG,3760,10,D,NI,OD,D
14:23:11,PTBA,RG,3760,5,D,NI,EP,D
14:23:11,PTBA,RG,3760,154,D,NI,CC,D
14:23:11,PTBA,RG,3760,9,D,NI,CC,D
14:23:11,PTBA,RG,3760,37,D,NI,CC,D
14:23:11,PTBA,RG,3760,18,D,NI,YP,D
14:23:00,PTBA,RG,3760,2,F,AK,YP,D
14:23:00,PTBA,RG,3760,1,F,AK,KK,D
14:23:00,PTBA,RG,3760,2,F,AK,YP,D
14:22:56,PTBA,RG,3750,10,D,YP,RF,D
14:22:56,PTBA,RG,3750,17,F,RX,RF,D
14:22:56,PTBA,RG,3750,1,D,SQ,RF,D
14:22:56,PTBA,RG,3750,32,D,PD,RF,D
14:22:45,PTBA,RG,3760,9,D,NI,YP,D
14:22:45,PTBA,RG,3760,20,D,NI,XA,D
14:22:45,PTBA,RG,3760,50,D,NI,PD,D
14:22:45,PTBA,RG,3760,80,D,NI,KK,D
14:22:45,PTBA,RG,3760,38,D,NI,NI,D
14:22:45,PTBA,RG,3760,70,D,NI,PD,D
14:22:45,PTBA,RG,3760,1,D,NI,PD,D
14:22:45,PTBA,RG,3760,5,D,NI,PD,D
14:22:45,PTBA,RG,3760,25,D,NI,SQ,D
14:22:45,PTBA,RG,3760,162,D,NI,GR,D
14:22:43,PTBA,RG,3750,3,D,PD,PD,D
14:22:42,PTBA,RG,3750,1,D,PD,XC,D
14:22:41,PTBA,RG,3760,282,D,NI,GR,D
14:22:41,PTBA,RG,3760,30,D,NI,GR,D
14:22:41,PTBA,RG,3760,26,D,NI,GR,D
14:22:41,PTBA,RG,3760,20,D,NI,BS,D
14:22:41,PTBA,RG,3760,19,D,NI,BS,D
14:22:41,PTBA,RG,3760,427,D,NI,BS,D
14:22:41,PTBA,RG,3760,9,D,NI,BS,D
14:22:41,PTBA,RG,3760,58,D,NI,BS,D
14:22:41,PTBA,RG,3750,10,D,PD,XC,D
14:22:08,PTBA,RG,3750,1,D,PD,YP,D
14:22:08,PTBA,RG,3750,2,F,BK,YP,D
14:21:55,PTBA,RG,3750,1,F,BK,CC,D
14:21:51,PTBA,RG,3750,14,F,BK,XL,D
14:21:51,PTBA,RG,3750,1,D,BQ,XL,D
14:21:50,PTBA,RG,3760,6,D,NI,BS,D
14:21:10,PTBA,RG,3760,61,D,YP,BS,D
14:21:10,PTBA,RG,3760,100,D,YP,YU,D
14:21:10,PTBA,RG,3760,140,D,YP,PD,D
14:21:10,PTBA,RG,3750,7,D,BQ,PD,D
14:21:10,PTBA,RG,3750,12,F,BK,PD,D
14:20:57,PTBA,RG,3760,1,D,XC,PD,D
14:20:51,PTBA,RG,3750,5,F,BK,GR,D
14:20:51,PTBA,RG,3750,5,F,AK,GR,D
14:20:35,PTBA,RG,3750,10,F,ZP,YU,D
14:20:26,PTBA,RG,3750,4,F,ZP,XL,D
14:19:58,PTBA,RG,3750,1,F,ZP,XC,D
14:19:40,PTBA,RG,3750,2,F,ZP,XL,D
14:19:25,PTBA,RG,3750,4,F,ZP,XC,D
14:19:20,PTBA,RG,3760,3,D,XL,PD,D
14:19:16,PTBA,RG,3760,1,D,GR,PD,D
14:19:05,PTBA,RG,3760,17,F,BK,PD,D
14:18:46,PTBA,RG,3760,18,F,BK,PD,D
14:18:29,PTBA,RG,3760,1,D,PD,PD,D
14:18:11,PTBA,RG,3750,1,F,ZP,XC,D
14:17:58,PTBA,RG,3750,4,F,ZP,NI,D
14:17:56,PTBA,RG,3750,2,F,ZP,SQ,D
14:17:50,PTBA,RG,3750,3,F,ZP,XC,D
14:17:23,PTBA,RG,3750,11,F,ZP,PD,D
14:17:22,PTBA,RG,3750,2,F,ZP,PD,D
14:17:13,PTBA,RG,3750,10,F,ZP,CC,D
14:17:13,PTBA,RG,3750,3,D,PD,CC,D
14:17:13,PTBA,RG,3750,2,D,DR,CC,D
14:17:13,PTBA,RG,3750,15,F,RX,CC,D
14:17:12,PTBA,RG,3750,25,F,RX,GR,D
14:16:59,PTBA,RG,3750,1,F,RX,XC,D
14:16:56,PTBA,RG,3750,1,F,RX,XC,D
14:16:40,PTBA,RG,3750,29,F,RX,XC,D
14:16:32,PTBA,RG,3750,15,F,RX,XL,D
14:16:29,PTBA,RG,3750,2,F,RX,XL,D
14:16:18,PTBA,RG,3760,2,D,PD,PD,D
14:15:58,PTBA,RG,3760,1,D,XL,PD,D
14:15:57,PTBA,RG,3750,5,F,RX,CC,D
14:15:30,PTBA,RG,3750,8,F,RX,XL,D
14:15:21,PTBA,RG,3760,6,D,CC,PD,D
14:15:07,PTBA,RG,3750,111,F,RX,XC,D
14:15:07,PTBA,RG,3750,40,D,LG,XC,D
14:15:07,PTBA,RG,3750,5,F,AK,XC,D
14:15:07,PTBA,RG,3750,50,D,NI,XC,D
14:15:07,PTBA,RG,3750,2,F,RX,XC,D
14:15:06,PTBA,RG,3750,72,F,RX,CC,D
14:15:01,PTBA,RG,3760,2,D,GR,PD,D
14:14:53,PTBA,RG,3760,2,D,PD,PD,D
14:14:51,PTBA,RG,3750,25,F,RX,PD,D
14:14:46,PTBA,RG,3760,7,D,PD,PD,D
14:14:38,PTBA,RG,3760,9,F,BK,PD,D
14:14:34,PTBA,RG,3750,10,F,RX,CC,D
14:14:23,PTBA,RG,3760,1,D,DH,PD,D
14:14:17,PTBA,RG,3760,3,D,XC,PD,D
14:14:17,PTBA,RG,3760,5,D,XC,NI,D
14:14:17,PTBA,RG,3760,100,D,XC,YP,D
14:14:17,PTBA,RG,3760,5,D,XC,EP,D
14:14:17,PTBA,RG,3760,11,D,XC,YP,D
14:14:17,PTBA,RG,3760,200,D,XC,DH,D
14:14:17,PTBA,RG,3760,76,D,XC,CC,D
14:14:16,PTBA,RG,3760,1,D,XC,CC,D
14:14:15,PTBA,RG,3760,15,F,AK,CC,D
14:14:08,PTBA,RG,3750,10,F,RX,YB,D
14:13:47,PTBA,RG,3750,5,F,RX,XL,D
14:13:29,PTBA,RG,3750,5,F,RX,PD,D
14:13:19,PTBA,RG,3750,1,F,RX,PD,D
14:13:06,PTBA,RG,3750,24,F,RX,EP,D
14:13:03,PTBA,RG,3760,8,D,NI,CC,D
14:13:03,PTBA,RG,3760,1,D,NI,KK,D
14:13:03,PTBA,RG,3760,21,D,NI,DR,D
14:12:48,PTBA,RG,3750,10,F,RX,PD,D
14:12:24,PTBA,RG,3750,8,F,RX,KZ,D
14:11:52,PTBA,RG,3760,2,D,PD,DR,D
14:11:48,PTBA,RG,3750,100,F,RX,CC,D
14:11:42,PTBA,RG,3750,3,F,RX,EP,D
14:11:20,PTBA,RG,3750,1,F,RX,PD,D
14:11:20,PTBA,RG,3750,14,F,RX,PD,D
14:11:13,PTBA,RG,3750,1,F,RX,XC,D
14:11:09,PTBA,RG,3760,5,D,YP,DR,D
14:10:48,PTBA,RG,3760,4,D,YP,DR,D
14:10:45,PTBA,RG,3760,12,F,AK,DR,D
14:10:39,PTBA,RG,3750,10,F,RX,PD,D
14:10:31,PTBA,RG,3750,1,F,RX,NI,D
14:10:25,PTBA,RG,3750,60,F,RX,RF,D
14:10:19,PTBA,RG,3750,1,F,RX,YP,D
14:10:19,PTBA,RG,3750,10,F,RX,SQ,D
14:10:09,PTBA,RG,3750,10,F,RX,IF,D
14:09:56,PTBA,RG,3750,1,F,RX,PD,D
14:09:24,PTBA,RG,3750,20,F,RX,YP,D
14:09:24,PTBA,RG,3760,5,D,HP,DR,D
14:09:20,PTBA,RG,3750,5,F,RX,PD,D
14:09:14,PTBA,RG,3750,2,F,RX,PD,D
14:09:03,PTBA,RG,3750,243,F,AK,ZP,D
14:09:03,PTBA,RG,3750,100,D,PD,ZP,D
14:09:03,PTBA,RG,3750,54,F,ZP,ZP,D
14:09:03,PTBA,RG,3750,297,D,NI,ZP,D
14:09:03,PTBA,RG,3750,31,D,NI,ZP,D
14:09:03,PTBA,RG,3750,48,D,NI,ZP,D
14:09:03,PTBA,RG,3750,20,D,NI,ZP,D
14:09:03,PTBA,RG,3750,207,D,NI,ZP,D
14:08:56,PTBA,RG,3750,1,D,NI,KK,D
14:08:54,PTBA,RG,3750,5,D,NI,XC,D
14:08:50,PTBA,RG,3750,1,D,NI,BQ,D
14:08:42,PTBA,RG,3750,5,D,NI,PD,D
14:08:32,PTBA,RG,3760,1,D,CC,DR,D
14:08:32,PTBA,RG,3760,9,D,CC,KK,D
14:08:25,PTBA,RG,3750,5,D,NI,YP,D
14:08:20,PTBA,RG,3750,5,D,NI,PD,D
14:08:13,PTBA,RG,3750,4,D,NI,XC,D
14:08:13,PTBA,RG,3750,125,D,NI,CC,D
14:08:06,PTBA,RG,3750,50,D,NI,XC,D
14:08:00,PTBA,RG,3750,42,D,NI,CC,D
14:08:00,PTBA,RG,3750,10,D,NI,CC,D
14:08:00,PTBA,RG,3750,61,D,NI,CC,D
14:08:00,PTBA,RG,3750,33,F,ZP,CC,D
14:08:00,PTBA,RG,3750,78,F,ZP,CC,D
14:08:00,PTBA,RG,3750,3,F,BK,CC,D
14:08:00,PTBA,RG,3750,18,F,BK,CC,D
14:08:00,PTBA,RG,3750,5,F,BK,CC,D
14:07:59,PTBA,RG,3750,10,F,BK,NI,D
14:07:26,PTBA,RG,3750,2,F,BK,CC,D
14:07:26,PTBA,RG,3750,2,F,ZP,CC,D
14:07:26,PTBA,RG,3750,46,D,NI,CC,D
14:06:16,PTBA,RG,3750,10,D,NI,CC,D
14:06:00,PTBA,RG,3750,20,D,NI,HP,D
14:05:50,PTBA,RG,3750,2,D,NI,PD,D
14:05:48,PTBA,RG,3760,1,D,YP,KK,D
14:05:38,PTBA,RG,3750,10,D,NI,HP,D
14:05:31,PTBA,RG,3750,3,D,NI,XC,D
14:05:05,PTBA,RG,3750,1,D,NI,XC,D
14:05:02,PTBA,RG,3760,1,D,PD,YB,D
14:04:44,PTBA,RG,3750,40,D,NI,NI,D
14:04:14,PTBA,RG,3750,3,D,NI,YP,D
14:03:26,PTBA,RG,3750,166,D,NI,YP,D
14:03:26,PTBA,RG,3750,32,D,NI,YP,D
14:03:26,PTBA,RG,3750,2,D,NI,YP,D
14:03:21,PTBA,RG,3750,10,D,NI,CC,D
14:03:21,PTBA,RG,3750,37,D,NI,SQ,D
14:03:21,PTBA,RG,3750,20,D,NI,SQ,D
14:03:21,PTBA,RG,3750,43,D,NI,SQ,D
14:03:21,PTBA,RG,3750,287,D,NI,BK,F
14:03:21,PTBA,RG,3750,46,D,NI,ZP,F
14:03:21,PTBA,RG,3750,1,D,NI,BK,F
14:03:21,PTBA,RG,3750,70,D,NI,CC,D
14:03:21,PTBA,RG,3750,1,D,NI,CC,D
14:03:21,PTBA,RG,3750,8,D,NI,TP,F
14:03:21,PTBA,RG,3750,10,D,NI,TP,F
14:03:21,PTBA,RG,3750,2,D,NI,TP,F
14:03:21,PTBA,RG,3750,10,D,NI,CP,D
14:03:21,PTBA,RG,3750,49,D,NI,YP,D
14:03:21,PTBA,RG,3750,1,D,HP,YP,D
14:03:21,PTBA,RG,3750,135,D,HP,CC,D
14:03:21,PTBA,RG,3750,17,D,HP,XC,D
14:03:21,PTBA,RG,3750,20,D,HP,XC,D
14:03:21,PTBA,RG,3750,8,D,HP,KZ,D
14:03:21,PTBA,RG,3750,1,D,HP,NI,D
14:03:21,PTBA,RG,3750,18,D,HP,RF,D
14:03:16,PTBA,RG,3750,20,D,YP,RF,D
14:03:12,PTBA,RG,3750,3,D,AI,RF,D
14:03:10,PTBA,RG,3750,4,D,XC,RF,D
14:03:05,PTBA,RG,3750,5,D,EP,RF,D
14:03:04,PTBA,RG,3750,16,D,ZP,RF,D
14:03:04,PTBA,RG,3750,3,D,ZP,YP,D
14:03:04,PTBA,RG,3750,5,D,ZP,YP,D
14:03:04,PTBA,RG,3750,76,D,ZP,TP,F
14:02:47,PTBA,RG,3750,5,F,AK,TP,F
14:02:47,PTBA,RG,3750,5,F,AK,TP,F
14:02:47,PTBA,RG,3750,10,F,AK,TP,F
14:02:47,PTBA,RG,3750,46,F,BK,TP,F
14:02:47,PTBA,RG,3750,328,F,BK,BK,F
14:02:47,PTBA,RG,3750,45,F,BK,ZP,F
14:02:47,PTBA,RG,3750,1,F,BK,CC,F
14:02:47,PTBA,RG,3750,2,F,BK,BK,F
14:02:47,PTBA,RG,3750,578,F,BK,OD,D
14:02:46,PTBA,RG,3750,20,F,AK,OD,D
14:02:46,PTBA,RG,3750,250,D,YP,OD,D
14:02:00,PTBA,RG,3750,41,F,AK,OD,D
14:02:00,PTBA,RG,3750,500,D,YP,OD,D
14:01:52,PTBA,RG,3740,1,D,DR,XC,D
14:01:32,PTBA,RG,3740,54,D,DR,HP,D
14:01:20,PTBA,RG,3740,1,D,DR,YP,D
14:01:18,PTBA,RG,3740,1,D,DR,YP,D
14:00:42,PTBA,RG,3750,2,D,XL,OD,D
14:00:41,PTBA,RG,3750,50,D,DH,OD,D
14:00:27,PTBA,RG,3750,82,F,AK,OD,D
14:00:27,PTBA,RG,3750,163,F,AK,OD,D
14:00:27,PTBA,RG,3750,200,D,YP,OD,D
14:00:05,PTBA,RG,3740,1,D,DR,XC,D
14:00:05,PTBA,RG,3750,6,D,YU,OD,D
14:00:01,PTBA,RG,3750,2,D,NI,OD,D
13:59:46,PTBA,RG,3750,1,D,XC,OD,D
13:59:43,PTBA,RG,3750,2,F,BK,OD,D
13:59:43,PTBA,RG,3750,18,F,RX,OD,D
13:59:43,PTBA,RG,3750,15,D,XC,OD,D
13:59:43,PTBA,RG,3750,87,F,ZP,OD,D
13:59:43,PTBA,RG,3750,20,D,CP,OD,D
13:59:43,PTBA,RG,3750,15,D,XL,OD,D
13:59:43,PTBA,RG,3750,1,D,NI,OD,D
13:59:43,PTBA,RG,3750,19,F,ZP,OD,D
13:59:43,PTBA,RG,3750,14,D,XC,OD,D
13:59:43,PTBA,RG,3750,105,F,RX,OD,D
13:59:43,PTBA,RG,3750,307,D,NI,OD,D
13:59:43,PTBA,RG,3750,32,D,NI,OD,D
13:59:43,PTBA,RG,3750,50,D,NI,OD,D
13:59:43,PTBA,RG,3750,20,D,NI,OD,D
13:59:43,PTBA,RG,3750,400,D,NI,OD,D
13:59:31,PTBA,RG,3750,1,D,NI,XL,D
13:59:21,PTBA,RG,3750,3,D,NI,PD,D
13:59:20,PTBA,RG,3750,62,D,NI,YP,D
13:59:20,PTBA,RG,3750,10,D,NI,YP,D
13:59:20,PTBA,RG,3750,52,D,NI,YP,D
13:59:20,PTBA,RG,3750,137,F,RX,YP,D
13:59:20,PTBA,RG,3750,3,F,BK,YP,D
13:59:20,PTBA,RG,3750,3,F,AK,YP,D
13:59:09,PTBA,RG,3750,2,F,AK,YP,D
13:58:51,PTBA,RG,3750,7,F,AK,DR,D
13:58:51,PTBA,RG,3750,1,D,AT,DR,D
13:58:51,PTBA,RG,3750,42,F,RX,DR,D
13:58:41,PTBA,RG,3750,15,F,RX,YP,D
13:58:41,PTBA,RG,3750,25,F,ZP,YP,D
13:58:32,PTBA,RG,3750,10,F,ZP,YP,D
13:58:16,PTBA,RG,3750,20,F,ZP,HP,D
13:58:05,PTBA,RG,3750,66,F,ZP,RF,D
13:58:05,PTBA,RG,3750,100,F,ZP,YU,D
13:58:04,PTBA,RG,3750,17,F,ZP,OD,D
13:58:02,PTBA,RG,3750,100,F,ZP,GR,D
13:57:58,PTBA,RG,3750,2,F,ZP,GR,D
13:57:49,PTBA,RG,3750,5,F,ZP,PD,D
13:57:49,PTBA,RG,3750,10,F,ZP,SQ,D
13:57:48,PTBA,RG,3750,100,F,ZP,YP,D
13:57:44,PTBA,RG,3750,5,F,ZP,PD,D
13:57:37,PTBA,RG,3750,25,F,ZP,YP,D
13:57:32,PTBA,RG,3750,166,F,ZP,AZ,D
13:57:32,PTBA,RG,3750,84,D,NI,AZ,D
13:57:30,PTBA,RG,3750,223,D,NI,YP,D
13:57:30,PTBA,RG,3750,32,D,NI,YP,D
13:57:30,PTBA,RG,3750,50,D,NI,YP,D
13:57:30,PTBA,RG,3750,20,D,NI,YP,D
13:57:30,PTBA,RG,3750,466,D,NI,YP,D
13:57:30,PTBA,RG,3750,10,D,NI,YP,D
13:57:30,PTBA,RG,3750,61,D,NI,YP,D
13:57:30,PTBA,RG,3750,288,F,RX,YP,D
13:57:30,PTBA,RG,3750,6,F,AK,YP,D
13:57:30,PTBA,RG,3750,5,F,AK,YP,D
13:57:30,PTBA,RG,3750,1,D,GR,YP,D
13:57:30,PTBA,RG,3750,40,F,ZP,YP,D
13:57:30,PTBA,RG,3750,10,D,YU,YP,D
13:57:30,PTBA,RG,3750,3,D,YP,YP,D
13:57:30,PTBA,RG,3750,10,D,DR,YP,D
13:57:30,PTBA,RG,3750,17,F,BK,YP,D
13:57:30,PTBA,RG,3750,10,D,PD,YP,D
13:57:30,PTBA,RG,3750,7,D,PD,YP,D
13:57:30,PTBA,RG,3750,1,D,PD,YP,D
13:57:30,PTBA,RG,3750,1,D,XC,YP,D
13:57:30,PTBA,RG,3750,400,D,KK,YP,D
13:57:30,PTBA,RG,3750,3,D,XL,YP,D
13:57:30,PTBA,RG,3750,2,D,YP,YP,D
13:57:30,PTBA,RG,3750,1,F,BK,YP,D
13:57:30,PTBA,RG,3750,8,D,PD,YP,D
13:57:30,PTBA,RG,3750,7,D,PD,YP,D
13:57:30,PTBA,RG,3750,100,D,GR,YP,D
13:57:30,PTBA,RG,3750,5,D,NI,YP,D
13:57:30,PTBA,RG,3750,18,F,ZP,YP,D
13:57:30,PTBA,RG,3750,40,F,ZP,YP,D
13:57:30,PTBA,RG,3750,15,F,RX,YP,D
13:57:30,PTBA,RG,3750,25,D,CC,YP,D
13:57:30,PTBA,RG,3750,8,D,SQ,YP,D
13:57:30,PTBA,RG,3750,17,F,BK,YP,D
13:57:30,PTBA,RG,3750,53,D,XL,YP,D
13:57:30,PTBA,RG,3750,27,F,RX,YP,D
13:57:30,PTBA,RG,3750,1,D,XC,YP,D
13:57:30,PTBA,RG,3750,9,F,ZP,YP,D
13:57:30,PTBA,RG,3750,1,F,ZP,BK,F
13:57:29,PTBA,RG,3750,10,F,ZP,KK,D
13:57:26,PTBA,RG,3750,19,F,ZP,NI,D
13:57:26,PTBA,RG,3750,11,D,NI,NI,D
13:57:09,PTBA,RG,3750,72,D,NI,PD,D
13:56:47,PTBA,RG,3750,417,D,NI,CC,D
13:56:47,PTBA,RG,3750,4,D,CC,CC,D
13:56:47,PTBA,RG,3750,20,D,KK,CC,D
13:56:47,PTBA,RG,3750,19,F,RX,CC,D
13:56:47,PTBA,RG,3750,1,D,PD,CC,D
13:56:47,PTBA,RG,3750,1,D,DR,CC,D
13:56:47,PTBA,RG,3750,20,D,LG,CC,D
13:56:47,PTBA,RG,3750,14,F,RX,CC,D
13:56:47,PTBA,RG,3750,16,F,ZP,CC,D
13:56:47,PTBA,RG,3750,13,D,OD,CC,D
13:56:46,PTBA,RG,3750,2,D,OD,XC,D
13:56:46,PTBA,RG,3750,10,D,CC,XC,D
13:56:46,PTBA,RG,3750,6,D,CC,XC,D
13:56:39,PTBA,RG,3750,8,D,CC,KZ,D
13:56:34,PTBA,RG,3750,1,D,CC,XC,D
13:56:33,PTBA,RG,3750,15,D,CC,YP,D
13:56:33,PTBA,RG,3750,44,F,ZP,YP,D
13:56:33,PTBA,RG,3750,15,F,RX,YP,D
13:56:33,PTBA,RG,3750,10,D,XA,YP,D
13:56:33,PTBA,RG,3750,10,D,XA,YP,D
13:56:33,PTBA,RG,3750,10,D,XA,YP,D
13:56:33,PTBA,RG,3750,10,D,XA,YP,D
13:56:33,PTBA,RG,3750,10,D,YB,YP,D
13:56:33,PTBA,RG,3750,10,D,XA,YP,D
13:56:33,PTBA,RG,3750,10,D,AZ,YP,D
13:56:33,PTBA,RG,3750,2,D,CP,YP,D
13:56:33,PTBA,RG,3750,5,D,CC,YP,D
13:56:33,PTBA,RG,3750,1,D,YP,YP,D
13:56:33,PTBA,RG,3750,19,F,RX,YP,D
13:56:33,PTBA,RG,3750,10,F,AK,YP,D
13:56:33,PTBA,RG,3750,1,D,XC,YP,D
13:56:33,PTBA,RG,3750,6,D,GR,YP,D
13:56:33,PTBA,RG,3750,5,D,XC,YP,D
13:56:33,PTBA,RG,3750,1,D,KK,YP,D
13:56:33,PTBA,RG,3750,100,D,EP,YP,D
13:56:33,PTBA,RG,3750,18,F,ZP,YP,D
13:56:33,PTBA,RG,3750,5,D,EP,YP,D
13:56:33,PTBA,RG,3750,270,F,BK,YP,D
13:56:33,PTBA,RG,3750,42,F,ZP,YP,D
13:56:33,PTBA,RG,3750,211,F,ZP,YP,D
13:56:33,PTBA,RG,3750,1,D,XC,YP,D
13:56:33,PTBA,RG,3750,14,F,RX,YP,D
13:56:33,PTBA,RG,3750,17,F,BK,YP,D
13:56:33,PTBA,RG,3750,13,D,EP,YP,D
13:56:33,PTBA,RG,3750,2,D,NI,YP,D
13:56:33,PTBA,RG,3750,2,D,YB,YP,D
13:56:33,PTBA,RG,3750,17,F,BK,YP,D
13:56:33,PTBA,RG,3750,309,D,NI,YP,D
13:56:33,PTBA,RG,3750,32,D,NI,YP,D
13:56:33,PTBA,RG,3750,50,D,NI,YP,D
13:56:33,PTBA,RG,3750,20,D,NI,YP,D
13:56:33,PTBA,RG,3750,468,D,NI,YP,D
13:56:33,PTBA,RG,3750,10,D,NI,YP,D
13:56:33,PTBA,RG,3750,61,D,NI,YP,D
13:56:33,PTBA,RG,3750,29,F,RX,YP,D
13:56:33,PTBA,RG,3750,1,D,XC,YP,D
13:56:33,PTBA,RG,3750,1,D,XC,YP,D
13:56:33,PTBA,RG,3750,50,D,YP,YP,D
13:56:33,PTBA,RG,3750,5,D,CC,YP,D
13:56:33,PTBA,RG,3750,3,D,YP,YP,D
13:56:33,PTBA,RG,3750,34,F,ZP,YP,D
13:56:33,PTBA,RG,3750,125,F,ZP,YP,D
13:56:33,PTBA,RG,3750,30,D,SQ,YP,D
13:56:33,PTBA,RG,3750,39,F,RX,YP,D
13:56:33,PTBA,RG,3750,17,F,BK,YP,D
13:56:33,PTBA,RG,3750,20,D,CC,YP,D
13:56:33,PTBA,RG,3750,18,F,BK,YP,D
13:56:33,PTBA,RG,3750,300,D,YJ,YP,D
13:56:33,PTBA,RG,3750,1,D,YP,YP,D
13:56:33,PTBA,RG,3750,20,D,CC,YP,D
13:56:33,PTBA,RG,3750,1,D,PD,YP,D
13:56:33,PTBA,RG,3750,17,F,ZP,YP,D
13:56:26,PTBA,RG,3760,2,D,XL,OD,D
13:56:18,PTBA,RG,3750,2,F,ZP,XL,D
13:56:16,PTBA,RG,3750,26,F,ZP,DR,D
13:56:16,PTBA,RG,3750,17,F,BK,DR,D
13:56:16,PTBA,RG,3750,7,F,AK,DR,D
13:56:07,PTBA,RG,3750,1,D,YB,PD,D
13:56:07,PTBA,RG,3750,1,D,XL,PD,D
13:56:00,PTBA,RG,3750,1,D,XL,CC,D
13:55:54,PTBA,RG,3750,2,D,XL,KZ,D
13:55:54,PTBA,RG,3750,10,F,RX,KZ,D
13:55:30,PTBA,RG,3750,15,F,RX,AZ,D
13:55:27,PTBA,RG,3760,2,D,GR,OD,D
13:55:26,PTBA,RG,3760,1,D,XC,OD,D
13:55:26,PTBA,RG,3760,4,D,XC,YP,D
13:55:22,PTBA,RG,3750,10,F,RX,XC,D
13:55:13,PTBA,RG,3750,10,F,RX,YP,D
13:55:09,PTBA,RG,3750,3,F,RX,YP,D
13:55:07,PTBA,RG,3760,2,D,XL,YP,D
13:55:03,PTBA,RG,3750,11,F,RX,YP,D
13:54:58,PTBA,RG,3750,1,F,RX,PD,D
13:54:58,PTBA,RG,3750,11,F,RX,YP,D
13:54:30,PTBA,RG,3760,2,D,OD,YP,D
13:54:04,PTBA,RG,3750,1,F,RX,CC,D
13:54:03,PTBA,RG,3760,1,D,XC,YP,D
13:54:01,PTBA,RG,3750,4,F,RX,YP,D
13:54:01,PTBA,RG,3750,8,F,AK,YP,D
13:54:01,PTBA,RG,3750,3,F,BK,YP,D
13:53:38,PTBA,RG,3760,3,D,XC,YP,D
13:53:32,PTBA,RG,3760,25,D,OD,YP,D
13:53:04,PTBA,RG,3750,2,F,BK,PD,D
13:53:03,PTBA,RG,3750,8,F,BK,YP,D
13:52:47,PTBA,RG,3760,6,D,CC,YP,D
13:52:34,PTBA,RG,3750,4,F,BK,KZ,D
13:52:34,PTBA,RG,3750,4,D,YP,KZ,D
13:52:30,PTBA,RG,3750,2,D,YP,SQ,D
13:52:21,PTBA,RG,3750,1,D,YP,PD,D
13:52:05,PTBA,RG,3760,1,D,CC,YP,D
13:52:00,PTBA,RG,3760,6,F,AK,YP,D
13:51:53,PTBA,RG,3760,6,F,BK,EL,D
13:51:40,PTBA,RG,3750,5,D,YP,NI,D
13:51:14,PTBA,RG,3750,1,D,YP,PD,D
13:51:00,PTBA,RG,3750,66,D,YP,RF,D
13:50:45,PTBA,RG,3760,6,D,SQ,EL,D
13:50:43,PTBA,RG,3750,5,D,YP,CC,D
13:50:11,PTBA,RG,3760,16,F,BK,EL,D
13:50:10,PTBA,RG,3760,5,F,AK,EL,D
13:50:10,PTBA,RG,3750,10,D,YP,YP,D
13:50:01,PTBA,RG,3760,2,D,SQ,EL,D
13:49:33,PTBA,RG,3760,1,D,XL,EL,D
13:49:27,PTBA,RG,3750,1,D,YP,YP,D
13:49:09,PTBA,RG,3760,3,D,CC,EL,D
13:48:57,PTBA,RG,3760,1,D,CC,EL,D
13:48:37,PTBA,RG,3760,160,D,XC,EL,D
13:48:37,PTBA,RG,3760,27,D,XC,KK,D
13:48:37,PTBA,RG,3760,13,D,XC,CC,D
13:48:33,PTBA,RG,3760,5,F,AK,CC,D
13:48:04,PTBA,RG,3760,10,D,EP,CC,D
13:47:43,PTBA,RG,3750,5,D,YP,NI,D
13:47:36,PTBA,RG,3760,17,F,BK,CC,D
13:47:29,PTBA,RG,3760,1,D,XC,CC,D
13:47:16,PTBA,RG,3750,7,D,YP,PD,D
13:47:13,PTBA,RG,3750,1,D,YP,PD,D
13:46:47,PTBA,RG,3760,44,D,XC,CC,D
13:46:40,PTBA,RG,3750,100,D,YP,PD,D
13:46:30,PTBA,RG,3760,10,D,LG,CC,D
13:46:30,PTBA,RG,3760,2,D,LG,PD,D
13:46:30,PTBA,RG,3760,8,D,LG,CP,D
13:46:19,PTBA,RG,3760,1,D,CC,CP,D
13:46:00,PTBA,RG,3760,1,F,AK,CP,D
13:46:00,PTBA,RG,3760,8,F,AK,CC,D
13:45:43,PTBA,RG,3760,1,D,PD,CC,D
13:45:38,PTBA,RG,3760,24,D,EP,CC,D
13:45:18,PTBA,RG,3760,10,D,XC,CC,D
13:45:14,PTBA,RG,3760,1,D,PD,CC,D
13:45:12,PTBA,RG,3750,10,D,YP,AG,D
13:45:12,PTBA,RG,3760,6,F,BK,CC,D
13:45:12,PTBA,RG,3760,3,F,BK,CC,D
13:45:12,PTBA,RG,3760,8,F,BK,PD,D
13:45:04,PTBA,RG,3750,1,D,YP,CC,D
13:44:48,PTBA,RG,3750,2,D,YP,PD,D
13:44:30,PTBA,RG,3760,2,F,AK,PD,D
13:44:30,PTBA,RG,3760,1,F,AK,XL,D
13:44:30,PTBA,RG,3760,4,F,AK,DR,D
13:44:27,PTBA,RG,3750,1,D,YP,XC,D
13:44:22,PTBA,RG,3760,3,D,CC,DR,D
13:43:34,PTBA,RG,3760,18,F,BK,DR,D
13:43:30,PTBA,RG,3750,1,D,YP,CC,D
13:43:25,PTBA,RG,3750,20,D,YP,NI,D
13:43:20,PTBA,RG,3750,2,D,YP,XC,D
13:43:15,PTBA,RG,3750,9,D,YP,KK,D
13:43:13,PTBA,RG,3750,1,D,YP,LG,D
13:43:09,PTBA,RG,3760,7,F,BK,DR,D
13:43:02,PTBA,RG,3760,1,D,PD,DR,D
13:42:56,PTBA,RG,3750,4,D,YP,YP,D
13:42:55,PTBA,RG,3750,4,D,YP,XC,D
13:42:45,PTBA,RG,3750,10,D,YP,YB,D
13:42:36,PTBA,RG,3750,50,D,YP,YP,D
13:42:19,PTBA,RG,3760,3,D,XC,DR,D
13:42:10,PTBA,RG,3760,2,D,CP,DR,D
13:42:09,PTBA,RG,3760,2,D,NI,DR,D
13:42:09,PTBA,RG,3760,5,D,NI,CP,D
13:42:09,PTBA,RG,3760,17,D,NI,KK,D
13:42:05,PTBA,RG,3760,13,F,BK,KK,D
13:42:05,PTBA,RG,3760,5,F,BK,YU,D
13:41:19,PTBA,RG,3760,1,F,ZP,YU,D
13:41:18,PTBA,RG,3750,1,D,YP,YP,D
13:41:10,PTBA,RG,3760,14,F,BK,YU,D
13:41:10,PTBA,RG,3760,1,F,BK,PD,D
13:40:56,PTBA,RG,3750,72,D,YP,CC,D
13:40:47,PTBA,RG,3750,1,D,YP,PD,D
13:40:29,PTBA,RG,3760,1,D,NI,PD,D
13:40:29,PTBA,RG,3760,25,D,NI,PD,D
13:40:29,PTBA,RG,3760,1,D,NI,XC,D
13:40:29,PTBA,RG,3760,3,D,NI,OD,D
13:40:03,PTBA,RG,3760,5,D,CC,OD,D
13:39:56,PTBA,RG,3760,12,F,BK,OD,D
13:39:56,PTBA,RG,3760,3,F,BK,YP,D
13:39:56,PTBA,RG,3760,1,F,BK,NI,D
13:39:24,PTBA,RG,3750,2,D,YP,PD,D
13:39:13,PTBA,RG,3760,16,F,BK,PD,D
13:39:07,PTBA,RG,3750,10,D,YP,YP,D
13:39:06,PTBA,RG,3750,1,D,YP,CC,D
13:38:51,PTBA,RG,3760,1,D,XL,PD,D
13:38:42,PTBA,RG,3750,5,D,YP,OD,D
13:38:02,PTBA,RG,3750,9,D,YP,PD,D
13:37:07,PTBA,RG,3750,40,D,YP,CC,D
13:37:07,PTBA,RG,3760,18,D,LG,PD,D
13:37:07,PTBA,RG,3760,1,D,LG,PD,D
13:37:07,PTBA,RG,3760,1,D,LG,GR,D
13:37:04,PTBA,RG,3750,5,D,YP,XC,D
13:37:02,PTBA,RG,3750,31,D,YP,YU,D
13:37:02,PTBA,RG,3750,1,D,XL,YU,D
13:37:02,PTBA,RG,3750,68,F,ZP,YU,D
13:36:57,PTBA,RG,3750,1,F,ZP,PD,D
13:36:42,PTBA,RG,3750,5,F,ZP,PD,D
13:36:37,PTBA,RG,3750,3,F,ZP,YP,D
13:36:32,PTBA,RG,3750,19,F,ZP,TP,F
13:36:32,PTBA,RG,3750,2,F,RX,TP,F
13:36:28,PTBA,RG,3750,4,F,RX,YP,D
13:36:20,PTBA,RG,3750,26,F,RX,XC,D
13:36:15,PTBA,RG,3760,1,D,PD,GR,D
13:35:52,PTBA,RG,3760,1,D,YP,GR,D
13:35:39,PTBA,RG,3750,5,F,RX,GR,D
13:35:39,PTBA,RG,3750,10,F,RX,SQ,D
13:35:29,PTBA,RG,3750,1,F,RX,PD,D
13:35:23,PTBA,RG,3750,1,F,RX,YP,D
13:35:21,PTBA,RG,3750,5,F,RX,PD,D
13:35:15,PTBA,RG,3750,15,F,RX,XA,D
13:35:06,PTBA,RG,3750,2,F,RX,YP,D
13:34:52,PTBA,RG,3750,1,F,RX,CC,D
13:34:47,PTBA,RG,3750,1,F,RX,XC,D
13:34:45,PTBA,RG,3750,62,F,RX,YP,D
13:34:45,PTBA,RG,3750,50,D,NI,YP,D
13:34:45,PTBA,RG,3750,21,D,NI,YP,D
13:34:37,PTBA,RG,3750,289,D,NI,CC,D
13:34:37,PTBA,RG,3750,32,D,NI,CC,D
13:34:37,PTBA,RG,3750,20,D,NI,CC,D
13:34:37,PTBA,RG,3750,471,D,NI,CC,D
13:34:37,PTBA,RG,3750,10,D,NI,CC,D
13:34:37,PTBA,RG,3750,62,D,NI,CC,D
13:34:37,PTBA,RG,3750,142,F,ZP,CC,D
13:34:37,PTBA,RG,3750,835,F,RX,CC,D
13:34:37,PTBA,RG,3750,57,F,ZP,CC,D
13:34:37,PTBA,RG,3750,6,F,BK,CC,D
13:34:37,PTBA,RG,3750,17,F,BK,CC,D
13:34:37,PTBA,RG,3750,59,F,ZP,CC,D
13:34:29,PTBA,RG,3760,3,D,EP,GR,D
13:34:22,PTBA,RG,3760,1,D,XL,GR,D
13:34:06,PTBA,RG,3760,3,D,YP,GR,D
13:33:42,PTBA,RG,3750,1,F,ZP,CC,D
13:33:41,PTBA,RG,3750,26,F,ZP,PD,D
13:33:27,PTBA,RG,3750,3,F,ZP,XL,D
13:33:19,PTBA,RG,3750,1,F,ZP,PD,D
13:33:07,PTBA,RG,3750,4,F,ZP,XL,D
13:33:06,PTBA,RG,3750,20,F,ZP,YP,D
13:33:06,PTBA,RG,3760,1,F,ZP,OD,D
13:33:06,PTBA,RG,3760,4,F,ZP,AI,D
13:33:06,PTBA,RG,3750,25,F,ZP,AZ,D
13:33:05,PTBA,RG,3760,1,D,PD,AI,D
13:32:57,PTBA,RG,3750,3,F,ZP,CC,D
13:32:46,PTBA,RG,3750,4,F,ZP,YP,D
13:32:46,PTBA,RG,3760,6,D,NI,AI,D
13:32:44,PTBA,RG,3760,2,D,XL,AI,D
13:32:36,PTBA,RG,3760,5,F,RX,AI,D
13:32:34,PTBA,RG,3760,2,F,RX,AI,D
13:32:34,PTBA,RG,3760,3,F,RX,BQ,D
13:32:34,PTBA,RG,3760,1,F,RX,PD,D
13:32:34,PTBA,RG,3760,10,F,RX,PD,D
13:32:29,PTBA,RG,3760,10,D,NI,PD,D
13:32:29,PTBA,RG,3760,2,D,NI,XL,D
13:32:29,PTBA,RG,3760,2,D,NI,XL,D
13:32:29,PTBA,RG,3760,5,D,NI,CC,D
13:32:29,PTBA,RG,3760,1,D,NI,PD,D
13:32:29,PTBA,RG,3760,100,D,NI,NI,D
13:31:52,PTBA,RG,3760,1,D,DR,XC,D
13:31:52,PTBA,RG,3760,5,D,DR,KK,D
13:31:52,PTBA,RG,3760,7,D,DR,XC,D
13:31:45,PTBA,RG,3760,1,D,PD,XC,D
13:31:39,PTBA,RG,3750,5,F,ZP,XA,D
13:30:57,PTBA,RG,3750,3,F,ZP,PD,D
13:30:57,PTBA,RG,3750,1,D,PD,PD,D
13:30:32,PTBA,RG,3760,2,D,CC,XC,D
13:30:32,PTBA,RG,3760,10,D,CC,CC,D
13:30:32,PTBA,RG,3760,50,D,CC,YP,D
13:30:32,PTBA,RG,3760,8,D,CC,CC,D
13:30:21,PTBA,RG,3760,92,F,RX,CC,D
13:30:21,PTBA,RG,3760,1,F,RX,NI,D
13:30:21,PTBA,RG,3760,1,F,RX,XL,D
13:30:21,PTBA,RG,3760,6,F,RX,YP,D
13:30:21,PTBA,RG,3760,200,F,RX,NI,D
13:30:21,PTBA,RG,3760,10,F,RX,CC,D
13:30:21,PTBA,RG,3760,2,F,RX,XC,D
13:30:21,PTBA,RG,3760,100,F,RX,NI,D
13:30:21,PTBA,RG,3760,5,F,RX,YP,D
13:30:21,PTBA,RG,3760,100,F,RX,TP,D
13:30:21,PTBA,RG,3760,2,F,RX,AZ,D
13:30:21,PTBA,RG,3760,2,F,RX,XC,D
13:30:21,PTBA,RG,3760,10,F,RX,YP,D
13:30:21,PTBA,RG,3760,25,F,RX,XC,D
13:30:21,PTBA,RG,3760,2,F,RX,CC,D
13:30:21,PTBA,RG,3760,10,F,RX,PD,D
13:30:21,PTBA,RG,3760,1,F,RX,YP,D
13:30:21,PTBA,RG,3760,1,F,RX,KK,D
13:30:21,PTBA,RG,3760,100,F,RX,YP,D
13:30:21,PTBA,RG,3760,50,F,RX,AG,D
13:30:21,PTBA,RG,3760,6,F,RX,KK,D
13:30:21,PTBA,RG,3760,2,F,RX,DH,D
13:30:21,PTBA,RG,3760,10,F,RX,CC,D
13:30:21,PTBA,RG,3760,2,F,RX,YP,D
13:30:21,PTBA,RG,3760,6,F,RX,YP,D
13:30:21,PTBA,RG,3760,3,F,RX,CC,D
13:30:21,PTBA,RG,3760,2,F,RX,PD,D
13:30:21,PTBA,RG,3760,30,F,RX,XA,D
13:30:21,PTBA,RG,3760,10,F,RX,PD,D
13:30:21,PTBA,RG,3760,10,F,RX,PD,D
13:30:21,PTBA,RG,3760,1,F,RX,PD,D
13:30:21,PTBA,RG,3760,40,F,RX,SQ,D
13:30:21,PTBA,RG,3760,2,F,RX,YB,D
13:30:21,PTBA,RG,3760,30,F,RX,YJ,D
13:30:14,PTBA,RG,3750,1,F,AK,XC,D
13:30:14,PTBA,RG,3750,26,F,AK,XL,D
13:30:14,PTBA,RG,3750,1,F,AK,XC,D
13:30:14,PTBA,RG,3750,10,F,AK,XL,D
13:30:14,PTBA,RG,3750,1,F,AK,XC,D
13:30:14,PTBA,RG,3750,14,F,AK,KZ,D
13:30:14,PTBA,RG,3750,8,F,AK,XC,D
13:30:14,PTBA,RG,3750,1,F,AK,XC,D
13:30:14,PTBA,RG,3750,100,F,AK,YP,D
13:30:14,PTBA,RG,3750,1,F,AK,XL,D
13:30:14,PTBA,RG,3750,1,F,AK,CC,D
13:30:14,PTBA,RG,3750,2,F,AK,XC,D
13:30:14,PTBA,RG,3750,3,F,AK,XC,D
13:30:14,PTBA,RG,3750,20,F,AK,YP,D
13:30:14,PTBA,RG,3750,15,F,AK,XL,D
13:30:14,PTBA,RG,3750,15,F,AK,YP,D
13:30:14,PTBA,RG,3750,15,F,AK,YP,D
13:30:14,PTBA,RG,3750,1,F,AK,XC,D
13:30:14,PTBA,RG,3750,6,F,AK,XL,D
13:30:14,PTBA,RG,3750,2,F,AK,CC,D
13:30:14,PTBA,RG,3750,13,F,AK,YP,D
13:30:14,PTBA,RG,3750,2,F,AK,XC,D
13:30:14,PTBA,RG,3750,2,F,AK,XC,D
13:30:14,PTBA,RG,3750,95,F,AK,XL,D
13:30:14,PTBA,RG,3750,10,F,AK,XC,D
13:30:14,PTBA,RG,3750,1,F,AK,XC,D
13:30:14,PTBA,RG,3750,2,F,AK,OD,D
13:30:14,PTBA,RG,3750,200,F,AK,CC,D
13:30:14,PTBA,RG,3750,10,F,AK,YP,D
13:30:14,PTBA,RG,3750,20,F,AK,YP,D
13:30:14,PTBA,RG,3750,20,F,AK,PD,D
13:30:14,PTBA,RG,3750,100,F,AK,PD,D
13:30:14,PTBA,RG,3750,1,F,AK,PD,D
13:30:14,PTBA,RG,3750,7,F,AK,CC,D
13:30:14,PTBA,RG,3750,50,F,AK,TP,F
13:30:14,PTBA,RG,3750,50,F,AK,YP,D
13:30:14,PTBA,RG,3750,3,F,AK,PD,D
13:30:14,PTBA,RG,3750,1,F,AK,PD,D
13:30:14,PTBA,RG,3750,15,F,AK,PD,D
13:30:14,PTBA,RG,3750,1,F,AK,NI,D
13:30:14,PTBA,RG,3750,10,F,AK,NI,D
13:30:14,PTBA,RG,3750,5,F,AK,PD,D
13:30:14,PTBA,RG,3750,25,F,AK,SQ,D
13:30:14,PTBA,RG,3750,15,F,AK,SQ,D
13:30:14,PTBA,RG,3750,155,F,AK,AZ,D
13:30:14,PTBA,RG,3750,5,F,AK,SQ,D
13:30:14,PTBA,RG,3750,10,F,AK,SQ,D
13:30:14,PTBA,RG,3750,1,F,AK,GR,D
13:30:14,PTBA,RG,3750,3,F,AK,AG,D
13:30:14,PTBA,RG,3750,8,F,AK,NI,D
13:30:14,PTBA,RG,3750,100,F,AK,KK,D
13:30:14,PTBA,RG,3750,2,F,AK,SQ,D
13:30:14,PTBA,RG,3750,40,F,AK,NI,D
13:30:14,PTBA,RG,3750,50,F,AK,YJ,D
13:30:14,PTBA,RG,3750,1,F,AK,XC,D
13:30:14,PTBA,RG,3750,4,F,AK,XC,D
13:30:14,PTBA,RG,3750,45,F,AK,ZP,F
13:30:14,PTBA,RG,3750,10,F,AK,XC,D
13:30:14,PTBA,RG,3750,20,F,AK,CC,D
13:30:14,PTBA,RG,3750,18,F,AK,XL,D
13:30:14,PTBA,RG,3750,1,F,AK,XC,D
13:30:14,PTBA,RG,3750,50,F,AK,OD,D
13:30:14,PTBA,RG,3750,5,F,AK,EP,D
13:30:14,PTBA,RG,3750,1,F,AK,CC,D
13:30:14,PTBA,RG,3750,65,F,AK,PD,D
13:30:14,PTBA,RG,3750,9,F,AK,XA,D
13:30:14,PTBA,RG,3750,1,F,ZP,XA,D
13:30:14,PTBA,RG,3750,15,F,ZP,KK,D
13:30:14,PTBA,RG,3750,2,F,ZP,XC,D
13:30:14,PTBA,RG,3750,20,F,ZP,PD,D
13:30:14,PTBA,RG,3750,2,F,ZP,XC,D
13:30:14,PTBA,RG,3750,15,F,ZP,PD,D
13:30:14,PTBA,RG,3750,1,F,ZP,BK,F
13:30:14,PTBA,RG,3750,100,F,ZP,CC,D
13:30:14,PTBA,RG,3750,2,F,AK,PD,D
13:30:14,PTBA,RG,3750,18,F,AK,XL,D
13:30:14,PTBA,RG,3750,3,F,AK,PD,D
13:30:14,PTBA,RG,3750,5,F,AK,PD,D
13:30:14,PTBA,RG,3750,20,F,AK,PD,D
13:30:14,PTBA,RG,3750,55,F,AK,CC,D
13:30:14,PTBA,RG,3750,2,F,AK,CC,D
13:30:14,PTBA,RG,3750,60,F,AK,PD,D
13:30:14,PTBA,RG,3750,7,F,AK,CC,D
13:30:14,PTBA,RG,3750,7,F,AK,LG,D
13:30:14,PTBA,RG,3750,10,F,AK,PD,D
13:30:14,PTBA,RG,3750,50,F,AK,GR,D
13:30:14,PTBA,RG,3750,54,F,AK,YP,D
13:30:14,PTBA,RG,3750,30,F,AK,CC,D
13:30:14,PTBA,RG,3750,5,F,AK,KK,D
13:30:14,PTBA,RG,3750,1,F,AK,DR,D
13:30:14,PTBA,RG,3750,6,F,AK,KK,D
13:30:14,PTBA,RG,3750,3,F,AK,YP,D
13:30:14,PTBA,RG,3750,5,F,AK,PD,D
13:30:14,PTBA,RG,3750,1,F,AK,XL,D
13:30:14,PTBA,RG,3750,17,F,AK,XC,D
13:30:14,PTBA,RG,3750,5,F,AK,YP,D
13:30:14,PTBA,RG,3750,1,F,AK,KZ,D
13:30:14,PTBA,RG,3750,3,F,AK,SQ,D
13:30:14,PTBA,RG,3750,1,F,AK,GR,D
13:30:14,PTBA,RG,3750,1,F,AK,XL,D
13:30:14,PTBA,RG,3750,5,F,AK,YP,D
13:30:14,PTBA,RG,3750,100,F,AK,XL,D
13:30:14,PTBA,RG,3750,50,F,AK,NI,D
13:30:14,PTBA,RG,3750,10,F,AK,YP,D
13:30:14,PTBA,RG,3750,27,F,AK,XC,D
13:30:14,PTBA,RG,3750,4,F,AK,PD,D
13:30:14,PTBA,RG,3750,2,F,AK,CC,D
13:30:14,PTBA,RG,3750,38,F,AK,YP,D
13:30:14,PTBA,RG,3750,39,F,AK,XC,D
13:30:14,PTBA,RG,3750,66,F,AK,RF,D
13:30:14,PTBA,RG,3750,10,F,AK,YP,D
13:30:14,PTBA,RG,3750,1,F,AK,NI,D
13:30:14,PTBA,RG,3750,10,F,AK,PD,D
13:30:14,PTBA,RG,3750,2,F,AK,XC,D
13:30:14,PTBA,RG,3750,2,F,AK,KZ,D
13:30:14,PTBA,RG,3750,10,F,AK,CP,D
13:30:14,PTBA,RG,3750,7,F,AK,OD,D
13:30:14,PTBA,RG,3750,1,F,AK,YP,D
13:30:14,PTBA,RG,3750,1,F,AK,XC,D
13:30:14,PTBA,RG,3750,5,F,AK,PD,D
13:30:14,PTBA,RG,3750,3,F,AK,PD,D
13:30:14,PTBA,RG,3750,3,F,AK,PD,D
13:30:14,PTBA,RG,3750,10,F,AK,NI,D
13:30:14,PTBA,RG,3750,5,F,AK,YP,D
13:30:14,PTBA,RG,3750,25,F,AK,CP,D
13:30:14,PTBA,RG,3750,5,F,AK,YP,D
13:30:14,PTBA,RG,3750,1,F,AK,BQ,D
13:30:14,PTBA,RG,3750,1,F,AK,EP,D
13:30:14,PTBA,RG,3750,100,F,AK,PD,D
13:30:14,PTBA,RG,3750,10,F,AK,YP,D
13:30:14,PTBA,RG,3750,1,F,AK,XL,D
13:30:14,PTBA,RG,3750,24,F,AK,PD,D
13:30:14,PTBA,RG,3750,10,F,AK,CP,D
13:30:14,PTBA,RG,3750,2,F,AK,PD,D
13:30:14,PTBA,RG,3750,100,F,AK,XC,D
13:30:14,PTBA,RG,3750,10,F,AK,KK,D
13:30:14,PTBA,RG,3750,10,F,AK,XC,D
13:30:14,PTBA,RG,3750,232,F,AK,XC,D
13:30:14,PTBA,RG,3750,2,F,AK,NI,D
13:30:14,PTBA,RG,3750,1,F,AK,YP,D
13:30:14,PTBA,RG,3750,7,F,AK,EP,D
13:30:14,PTBA,RG,3750,3,F,AK,XL,D
13:30:14,PTBA,RG,3750,1,F,AK,CC,D
13:30:14,PTBA,RG,3750,477,F,AK,XC,D
13:30:14,PTBA,RG,3750,10,F,AK,DH,D
13:30:14,PTBA,RG,3750,1,F,AK,PD,D
13:30:14,PTBA,RG,3750,1,F,AK,XC,D
13:30:14,PTBA,RG,3750,4,F,AK,XC,D
13:30:14,PTBA,RG,3750,10,F,AK,PD,D
13:30:14,PTBA,RG,3750,3,F,AK,YP,D
13:30:14,PTBA,RG,3750,1,F,AK,XC,D
13:30:14,PTBA,RG,3750,92,F,AK,SQ,D
13:30:14,PTBA,RG,3750,4,F,AK,XC,D
13:30:14,PTBA,RG,3750,5,F,AK,XC,D
13:30:14,PTBA,RG,3750,1,F,AK,PD,D
13:30:14,PTBA,RG,3750,2,F,AK,PD,D
13:30:14,PTBA,RG,3750,15,F,AK,LG,D
13:30:14,PTBA,RG,3750,6,F,AK,PD,D
13:30:14,PTBA,RG,3750,1,F,AK,XC,D
13:30:14,PTBA,RG,3750,200,F,AK,CC,D
13:30:14,PTBA,RG,3750,30,F,AK,YP,D
13:30:14,PTBA,RG,3750,4,F,AK,PD,D
13:30:14,PTBA,RG,3750,10,F,AK,IF,D
13:30:14,PTBA,RG,3750,1,F,AK,YP,D
13:30:14,PTBA,RG,3750,1,F,AK,XC,D
13:30:14,PTBA,RG,3750,5,F,AK,PD,D
13:30:14,PTBA,RG,3750,9,F,AK,XC,D
13:30:14,PTBA,RG,3750,15,F,AK,SQ,D
13:30:14,PTBA,RG,3750,1,F,AK,EP,D
13:30:14,PTBA,RG,3750,1,F,AK,CC,D
13:30:14,PTBA,RG,3750,12,F,AK,XL,D
13:30:14,PTBA,RG,3750,10,F,AK,CC,D
13:30:14,PTBA,RG,3750,35,F,AK,YU,D
13:30:14,PTBA,RG,3750,30,F,AK,OK,D
13:30:14,PTBA,RG,3750,1,F,AK,XC,D
13:30:14,PTBA,RG,3750,1,F,AK,YP,D
13:30:14,PTBA,RG,3750,3,F,AK,XC,D
13:30:14,PTBA,RG,3750,1,F,AK,PD,D
13:30:14,PTBA,RG,3750,2,F,AK,XL,D
13:30:14,PTBA,RG,3750,3,F,AK,NI,D
13:30:14,PTBA,RG,3750,10,F,AK,SQ,D
13:30:14,PTBA,RG,3750,2,F,AK,XC,D
13:30:14,PTBA,RG,3750,5,F,AK,PD,D
13:30:14,PTBA,RG,3750,8,F,AK,XC,D
13:30:14,PTBA,RG,3750,1,F,AK,CD,D
13:30:14,PTBA,RG,3750,40,F,AK,YP,D
13:30:14,PTBA,RG,3750,7,F,AK,PD,D
13:30:14,PTBA,RG,3750,1,F,AK,XC,D
13:30:14,PTBA,RG,3750,35,F,AK,YP,D
13:30:14,PTBA,RG,3750,2,F,AK,KK,D
13:30:14,PTBA,RG,3750,12,F,AK,YP,D
13:30:14,PTBA,RG,3750,10,F,AK,PD,D
13:30:14,PTBA,RG,3750,2,F,AK,PD,D
13:30:14,PTBA,RG,3750,1,F,AK,PD,D
13:30:14,PTBA,RG,3750,5,F,AK,KK,D
13:30:14,PTBA,RG,3750,23,F,AK,PD,D
13:30:13,PTBA,RG,3750,7,F,AK,PD,D
13:30:13,PTBA,RG,3750,2,F,AK,GR,D
13:30:13,PTBA,RG,3750,50,F,AK,PO,D
13:30:13,PTBA,RG,3750,61,F,AK,XC,D
13:30:13,PTBA,RG,3750,1,F,AK,PD,D
13:30:13,PTBA,RG,3750,30,F,AK,YP,D
13:30:13,PTBA,RG,3750,3,F,AK,LG,D
13:30:13,PTBA,RG,3750,8,F,AK,XC,D
13:30:13,PTBA,RG,3750,1,F,AK,NI,D
13:30:13,PTBA,RG,3750,1,F,AK,XC,D
13:30:13,PTBA,RG,3750,1,F,AK,PD,D
13:30:13,PTBA,RG,3750,1,F,AK,GR,D
13:30:13,PTBA,RG,3750,100,F,AK,YP,D
13:30:13,PTBA,RG,3750,20,F,AK,PD,D
13:30:13,PTBA,RG,3750,1,F,AK,XC,D
13:30:13,PTBA,RG,3750,1,F,AK,YP,D
13:30:13,PTBA,RG,3750,5,F,AK,PD,D
13:30:13,PTBA,RG,3750,60,F,AK,YP,D
13:30:13,PTBA,RG,3750,40,F,AK,CC,D
13:30:13,PTBA,RG,3750,20,F,AK,XC,D
13:30:13,PTBA,RG,3750,3,F,AK,CC,D
13:30:13,PTBA,RG,3750,1,F,AK,YP,D
13:30:13,PTBA,RG,3750,80,F,AK,PD,D
13:30:13,PTBA,RG,3750,100,F,AK,NI,D
13:30:13,PTBA,RG,3750,1,F,AK,PD,D
13:30:13,PTBA,RG,3750,10,F,AK,KK,D
13:30:13,PTBA,RG,3750,50,F,AK,CC,D
13:30:13,PTBA,RG,3750,2,F,AK,SQ,D
13:30:13,PTBA,RG,3750,77,F,AK,MK,D
13:30:13,PTBA,RG,3750,30,F,AK,YP,D
13:30:13,PTBA,RG,3750,10,F,AK,XC,D
13:30:13,PTBA,RG,3750,10,F,AK,NI,D
13:30:13,PTBA,RG,3750,7,F,AK,CC,D
13:30:13,PTBA,RG,3750,10,F,AK,DH,D
13:30:13,PTBA,RG,3750,2496,F,AK,SQ,D
13:30:13,PTBA,RG,3750,125,F,AK,XC,D
13:30:13,PTBA,RG,3750,1,F,AK,PD,D
13:30:13,PTBA,RG,3750,33,F,AK,XC,D
13:30:13,PTBA,RG,3750,7,F,AK,XC,D
13:30:13,PTBA,RG,3750,200,F,AK,RO,D
13:30:13,PTBA,RG,3750,6,F,AK,PD,D
13:30:13,PTBA,RG,3750,31,F,AK,PD,D
13:30:13,PTBA,RG,3750,1,F,AK,YP,D
13:30:13,PTBA,RG,3750,1,F,AK,XL,D
13:30:13,PTBA,RG,3750,875,F,AK,CC,D
13:30:11,PTBA,RG,3750,200,F,RX,CC,D
13:30:09,PTBA,RG,3750,129,F,RX,CC,D
13:30:04,PTBA,RG,3750,1,D,XC,CC,D
13:30:04,PTBA,RG,3750,1,D,XL,CC,D
13:30:04,PTBA,RG,3750,2,D,XC,CC,D
13:30:04,PTBA,RG,3750,7,D,XC,CC,D
13:30:04,PTBA,RG,3740,2,D,DR,XL,D
13:30:04,PTBA,RG,3740,1,D,DR,CC,D
13:30:03,PTBA,RG,3740,10,D,DR,XL,D
13:30:03,PTBA,RG,3750,1,D,XL,CC,D
13:30:03,PTBA,RG,3750,14,D,XL,CC,D
13:30:03,PTBA,RG,3750,3,D,XL,CC,D
13:30:03,PTBA,RG,3750,1,D,XL,CC,D
13:30:03,PTBA,RG,3740,5,D,DR,XL,D
13:30:03,PTBA,RG,3750,4,D,YP,CC,D
13:30:03,PTBA,RG,3750,2,D,CC,CC,D
13:30:03,PTBA,RG,3750,26,D,YP,CC,D
13:30:03,PTBA,RG,3750,1,D,YP,CC,D
13:30:03,PTBA,RG,3750,13,D,CC,CC,D
13:30:03,PTBA,RG,3750,24,D,XC,CC,D
13:30:03,PTBA,RG,3750,1,D,XL,CC,D
13:30:03,PTBA,RG,3750,19,F,AK,CC,D
13:30:02,PTBA,RG,3750,5,D,XC,CC,D
13:30:02,PTBA,RG,3740,30,D,DR,CC,D
13:30:02,PTBA,RG,3750,1,D,XC,CC,D
13:30:02,PTBA,RG,3750,5,D,CC,CC,D
13:30:02,PTBA,RG,3750,10,D,XC,CC,D
13:30:02,PTBA,RG,3750,5,D,CC,CC,D
13:30:02,PTBA,RG,3750,20,D,CC,PD,D
13:30:02,PTBA,RG,3750,1,D,CC,SQ,D
13:30:02,PTBA,RG,3750,2,D,CC,CC,D
13:30:02,PTBA,RG,3750,8,D,CC,CC,D
13:30:02,PTBA,RG,3750,3,D,CC,NI,D
13:30:02,PTBA,RG,3750,10,D,CC,YP,D
13:30:02,PTBA,RG,3750,9,D,CC,YP,D
13:30:02,PTBA,RG,3750,15,D,PD,YP,D
13:30:02,PTBA,RG,3750,3,D,PD,YP,D
13:30:02,PTBA,RG,3750,13,D,CC,YP,D
13:30:02,PTBA,RG,3750,1,D,CC,XC,D
13:30:02,PTBA,RG,3750,16,D,CC,AN,D
13:30:02,PTBA,RG,3750,2,D,YP,AN,D
13:30:01,PTBA,RG,3750,11,D,PD,AN,D
13:30:01,PTBA,RG,3750,1,D,PD,AN,D
13:30:01,PTBA,RG,3750,3,D,YP,AN,D
13:30:01,PTBA,RG,3740,10,D,DR,XA,D
13:30:01,PTBA,RG,3750,1,D,PD,AN,D
13:30:01,PTBA,RG,3740,5,D,DR,PD,D
13:30:01,PTBA,RG,3750,5,D,OD,AN,D
13:30:01,PTBA,RG,3750,1,D,PD,AN,D
13:30:01,PTBA,RG,3750,1,D,PD,AN,D
13:30:01,PTBA,RG,3750,8,D,PD,AN,D
13:30:01,PTBA,RG,3750,1,D,PD,AN,D
13:30:01,PTBA,RG,3740,1,D,DR,PD,D
13:30:01,PTBA,RG,3750,15,D,PD,AN,D
13:30:01,PTBA,RG,3750,35,D,KK,AN,D
13:30:01,PTBA,RG,3750,25,D,KK,KK,D
13:30:01,PTBA,RG,3750,10,D,KK,PD,D
13:30:01,PTBA,RG,3750,1,D,KK,KK,D
13:30:01,PTBA,RG,3750,20,D,KK,NI,D
13:30:01,PTBA,RG,3750,12,D,KK,PD,D
13:30:01,PTBA,RG,3750,15,D,KK,XL,D
13:30:01,PTBA,RG,3750,50,D,KK,YP,D
13:30:01,PTBA,RG,3750,1,D,KK,YB,D
13:30:01,PTBA,RG,3750,54,D,KK,OD,D
13:30:01,PTBA,RG,3750,10,D,KK,YP,D
13:30:01,PTBA,RG,3750,10,D,KK,YP,D
13:30:01,PTBA,RG,3750,2,D,KK,XC,D
13:30:01,PTBA,RG,3750,40,D,KK,CC,D
13:30:01,PTBA,RG,3750,2,D,KK,PD,D
13:30:01,PTBA,RG,3750,1,D,KK,CC,D
13:30:01,PTBA,RG,3750,3,D,KK,YP,D
13:30:01,PTBA,RG,3750,1,D,KK,YP,D
13:30:01,PTBA,RG,3750,3,D,SQ,YP,D
13:30:01,PTBA,RG,3750,1,D,DR,YP,D
13:30:01,PTBA,RG,3750,1,D,DH,CC,D
13:30:01,PTBA,RG,3750,3,D,DH,CC,D
13:30:01,PTBA,RG,3750,1,D,SQ,CC,D
13:30:01,PTBA,RG,3750,1,D,SQ,CC,D
13:30:01,PTBA,RG,3750,2,D,SQ,CC,D
13:30:01,PTBA,RG,3750,297,D,SH,CC,D
13:30:01,PTBA,RG,3750,15,D,SH,KK,D
13:30:01,PTBA,RG,3750,2,D,SH,CC,D
13:30:01,PTBA,RG,3750,5,D,SH,YP,D
13:30:01,PTBA,RG,3750,20,D,SH,EP,D
13:30:01,PTBA,RG,3750,1,D,SH,LG,D
13:30:01,PTBA,RG,3750,7,D,SH,XL,D
13:30:01,PTBA,RG,3750,28,D,SH,YP,D
13:30:01,PTBA,RG,3750,13,D,SH,YP,D
13:30:01,PTBA,RG,3750,112,D,SH,CC,D
13:30:01,PTBA,RG,3740,1,D,DR,PD,D
13:30:01,PTBA,RG,3750,1,D,EP,CC,D
13:30:01,PTBA,RG,3750,25,D,SQ,CC,D
13:30:01,PTBA,RG,3750,212,F,EP,CC,D
13:30:01,PTBA,RG,3750,1,F,EP,IP,D
13:30:01,PTBA,RG,3750,1,F,EP,PD,D
13:30:01,PTBA,RG,3750,7,F,EP,LS,D
13:30:01,PTBA,RG,3750,50,F,EP,IH,D
13:30:01,PTBA,RG,3750,150,F,EP,DR,D
13:30:01,PTBA,RG,3750,10,F,EP,YP,D
13:30:01,PTBA,RG,3750,12,F,EP,YP,D
13:30:01,PTBA,RG,3750,11,F,EP,XL,D
13:30:01,PTBA,RG,3750,5,F,EP,NI,D
13:30:01,PTBA,RG,3750,9,F,EP,OD,D
13:30:01,PTBA,RG,3750,1,F,EP,YP,D
13:30:01,PTBA,RG,3750,2,F,EP,XL,D
13:30:01,PTBA,RG,3750,3,F,EP,XC,D
13:30:01,PTBA,RG,3750,1,F,EP,YP,D
13:30:01,PTBA,RG,3750,50,F,EP,NI,D
13:30:01,PTBA,RG,3750,20,F,EP,GR,D
13:30:01,PTBA,RG,3750,5,F,EP,NI,D
13:30:01,PTBA,RG,3750,3,F,EP,SQ,D
13:30:01,PTBA,RG,3750,500,F,EP,YP,D
13:30:01,PTBA,RG,3750,2,F,EP,XL,D
13:30:01,PTBA,RG,3750,1,F,EP,PD,D
13:30:01,PTBA,RG,3750,8,F,EP,XL,D
13:30:01,PTBA,RG,3750,500,F,EP,YP,D
13:30:01,PTBA,RG,3750,2,F,EP,CC,D
13:30:01,PTBA,RG,3750,10,F,EP,GR,D
13:30:01,PTBA,RG,3750,15,F,EP,CC,D
13:30:01,PTBA,RG,3750,40,F,EP,PC,D
13:30:01,PTBA,RG,3750,3,F,EP,CC,D
13:30:01,PTBA,RG,3750,1,F,EP,CC,D
13:30:01,PTBA,RG,3750,365,F,EP,CC,D
11:29:56,PTBA,RG,3750,1,F,AK,CC,D
11:29:51,PTBA,RG,3740,20,D,DR,CC,D
11:29:41,PTBA,RG,3750,1,F,AK,CC,D
11:29:27,PTBA,RG,3750,5,D,CC,CC,D
11:29:19,PTBA,RG,3750,6,D,KZ,CC,D
11:28:53,PTBA,RG,3740,61,D,DR,XC,D
11:28:52,PTBA,RG,3740,2,D,DR,XL,D
11:28:49,PTBA,RG,3750,10,F,RX,CC,D
11:28:49,PTBA,RG,3750,6,F,RX,XC,D
11:28:47,PTBA,RG,3750,1,F,RX,GR,D
11:28:43,PTBA,RG,3740,66,D,DR,RF,D
11:28:34,PTBA,RG,3740,50,D,DR,YP,D
11:28:20,PTBA,RG,3740,7,D,DR,XC,D
11:28:13,PTBA,RG,3740,5,D,DR,DR,D
11:28:11,PTBA,RG,3740,2,D,DR,XC,D
11:28:11,PTBA,RG,3750,8,F,AK,GR,D
11:28:11,PTBA,RG,3750,1,F,AK,GR,D
11:28:05,PTBA,RG,3740,12,D,DR,XC,D
11:27:57,PTBA,RG,3750,3,F,BK,GR,D
11:27:39,PTBA,RG,3750,1,D,KZ,GR,D
11:27:11,PTBA,RG,3750,5,F,AK,GR,D
11:26:49,PTBA,RG,3740,1,D,DR,CC,D
11:26:41,PTBA,RG,3750,2,F,AK,GR,D
11:26:22,PTBA,RG,3750,8,D,XC,GR,D
11:26:13,PTBA,RG,3750,1,D,XC,GR,D
11:25:58,PTBA,RG,3750,88,F,RX,GR,D
11:25:57,PTBA,RG,3750,15,D,XL,GR,D
11:25:53,PTBA,RG,3740,1,D,DR,NI,D
11:25:47,PTBA,RG,3750,1,D,PD,GR,D
11:25:46,PTBA,RG,3740,840,D,DR,BK,F
11:25:44,PTBA,RG,3750,20,D,KZ,GR,D
11:25:41,PTBA,RG,3750,5,F,AK,GR,D
11:25:36,PTBA,RG,3750,1,D,YB,GR,D
11:25:36,PTBA,RG,3750,340,F,RX,GR,D
11:25:36,PTBA,RG,3750,50,F,RX,HP,D
11:25:36,PTBA,RG,3750,1,F,RX,PD,D
11:25:36,PTBA,RG,3750,10,F,RX,PD,D
11:25:36,PTBA,RG,3750,2,F,RX,PD,D
11:25:36,PTBA,RG,3750,1,F,RX,PD,D
11:25:36,PTBA,RG,3750,2,F,RX,BQ,D
11:25:36,PTBA,RG,3750,2,F,RX,YP,D
11:25:36,PTBA,RG,3750,5,F,RX,OD,D
11:25:36,PTBA,RG,3750,40,F,RX,PD,D
11:25:36,PTBA,RG,3750,10,F,RX,XC,D
11:25:36,PTBA,RG,3750,3,F,RX,YP,D
11:25:36,PTBA,RG,3750,5,F,RX,PD,D
11:25:36,PTBA,RG,3750,9,F,RX,XC,D
11:25:36,PTBA,RG,3750,48,F,RX,CC,D
11:25:28,PTBA,RG,3740,2,D,DR,PD,D
11:25:28,PTBA,RG,3740,227,D,DR,BK,F
11:25:28,PTBA,RG,3740,63,D,DR,PD,D
11:25:28,PTBA,RG,3740,1,D,DR,NI,D
11:25:28,PTBA,RG,3740,31,D,DR,SQ,D
11:25:28,PTBA,RG,3740,29,D,DR,XC,D
11:25:28,PTBA,RG,3740,1,D,DR,PD,D
11:25:28,PTBA,RG,3740,50,D,DR,PD,D
11:25:28,PTBA,RG,3740,1,D,DR,OD,D
11:25:28,PTBA,RG,3740,1,D,DR,DR,D
11:25:28,PTBA,RG,3740,2,D,DR,XA,D
11:25:28,PTBA,RG,3740,8,D,DR,KK,D
11:25:28,PTBA,RG,3740,6,D,DR,PD,D
11:25:28,PTBA,RG,3740,5,D,DR,NI,D
11:25:28,PTBA,RG,3740,1,D,DR,DR,D
11:25:28,PTBA,RG,3740,599,D,DR,YP,D
11:25:28,PTBA,RG,3740,5,D,DR,PD,D
11:25:28,PTBA,RG,3740,50,D,DR,DR,D
11:25:28,PTBA,RG,3740,16,D,DR,PD,D
11:25:28,PTBA,RG,3740,200,D,DR,TF,D
11:25:28,PTBA,RG,3740,10,D,DR,CC,D
11:25:28,PTBA,RG,3740,10,D,DR,XC,D
11:25:28,PTBA,RG,3740,2000,D,DR,CC,D
11:25:28,PTBA,RG,3740,1,D,DR,YP,D
11:25:28,PTBA,RG,3740,1,D,DR,NI,D
11:25:28,PTBA,RG,3740,1,D,DR,PD,D
11:25:28,PTBA,RG,3740,2,D,DR,NI,D
11:25:28,PTBA,RG,3740,10,D,DR,PD,D
11:25:28,PTBA,RG,3740,100,D,DR,HD,D
11:25:28,PTBA,RG,3740,1000,D,DR,DH,D
11:25:28,PTBA,RG,3740,4,D,DR,GR,D
11:25:28,PTBA,RG,3740,19,D,DR,TP,F
11:25:28,PTBA,RG,3740,5,D,DR,YP,D
11:25:28,PTBA,RG,3740,9,D,DR,XL,D
11:25:28,PTBA,RG,3740,5,D,DR,PD,D
11:25:28,PTBA,RG,3740,20,D,DR,CC,D
11:25:28,PTBA,RG,3740,1,D,DR,KK,D
11:25:28,PTBA,RG,3740,10,D,DR,XL,D
11:25:28,PTBA,RG,3740,5,D,DR,KK,D
11:25:28,PTBA,RG,3740,1,D,DR,BK,F
11:25:28,PTBA,RG,3740,165,D,DR,BK,F
11:25:28,PTBA,RG,3740,144,D,DR,XC,D
11:25:28,PTBA,RG,3740,6,D,DR,KK,D
11:25:28,PTBA,RG,3740,2,D,DR,YP,D
11:25:28,PTBA,RG,3740,17,D,DR,PD,D
11:25:28,PTBA,RG,3740,15,D,DR,TP,F
11:25:28,PTBA,RG,3740,44,D,DR,ZP,F
11:25:28,PTBA,RG,3740,9,D,DR,PD,D
11:25:28,PTBA,RG,3740,1,D,DR,CP,D
11:25:28,PTBA,RG,3740,21,D,DR,CC,D
11:25:28,PTBA,RG,3740,1,D,DR,XC,D
11:25:28,PTBA,RG,3740,50,D,DR,LG,D
11:25:28,PTBA,RG,3740,20,D,DR,XC,D
11:25:28,PTBA,RG,3740,100,D,DR,OD,D
11:25:28,PTBA,RG,3740,1,D,DR,PD,D
11:25:28,PTBA,RG,3740,10,D,DR,KK,D
11:25:28,PTBA,RG,3740,1,D,DR,GR,D
11:25:28,PTBA,RG,3740,1,D,DR,AZ,D
11:25:28,PTBA,RG,3740,6,D,DR,CC,D
11:25:28,PTBA,RG,3740,5,D,DR,YP,D
11:25:28,PTBA,RG,3740,10,D,DR,YP,D
11:25:28,PTBA,RG,3740,18,D,DR,TP,F
11:25:28,PTBA,RG,3740,2,D,DR,XC,D
11:25:28,PTBA,RG,3740,9,D,DR,YP,D
11:25:28,PTBA,RG,3740,1,D,DR,XL,D
11:25:28,PTBA,RG,3740,2,D,DR,XC,D
11:25:28,PTBA,RG,3740,6,D,DR,YP,D
11:25:28,PTBA,RG,3740,5,D,DR,YP,D
11:25:28,PTBA,RG,3740,1,D,DR,BK,F
11:25:28,PTBA,RG,3740,2,D,DR,YP,D
11:25:28,PTBA,RG,3740,1,D,DR,XC,D
11:25:28,PTBA,RG,3740,11,D,DR,YP,D
11:25:28,PTBA,RG,3740,12,D,DR,XC,D
11:25:28,PTBA,RG,3740,5,D,DR,EP,D
11:25:28,PTBA,RG,3740,18,D,DR,CC,D
11:25:28,PTBA,RG,3740,63,D,DR,YJ,D
11:25:03,PTBA,RG,3730,2,F,RX,XL,D
11:24:58,PTBA,RG,3740,1,D,OD,YJ,D
11:24:57,PTBA,RG,3740,149,F,RX,YJ,D
11:24:52,PTBA,RG,3740,87,D,YP,YJ,D
11:24:52,PTBA,RG,3740,5,D,YP,YB,D
11:24:52,PTBA,RG,3740,18,D,YP,TP,F
11:24:52,PTBA,RG,3740,36,D,YP,AT,D
11:24:52,PTBA,RG,3740,66,D,YP,RF,D
11:24:52,PTBA,RG,3740,2,D,YP,NI,D
11:24:52,PTBA,RG,3740,18,D,YP,TP,F
11:24:52,PTBA,RG,3740,965,D,YP,NI,D
11:24:52,PTBA,RG,3740,10,D,YP,CP,D
11:24:52,PTBA,RG,3740,1,D,YP,OD,D
11:24:52,PTBA,RG,3740,3,D,YP,YP,D
11:24:52,PTBA,RG,3740,335,D,YP,SQ,D
11:24:52,PTBA,RG,3740,1,D,YP,YP,D
11:24:52,PTBA,RG,3740,5,D,YP,YP,D
11:24:52,PTBA,RG,3740,5,D,YP,YP,D
11:24:52,PTBA,RG,3740,25,D,YP,YP,D
11:24:52,PTBA,RG,3740,15,D,YP,TP,F
11:24:52,PTBA,RG,3740,2588,D,YP,OD,D
11:24:41,PTBA,RG,3740,5,F,AK,OD,D
11:24:20,PTBA,RG,3730,1,F,RX,CC,D
11:24:20,PTBA,RG,3730,15,F,RX,TP,F
11:24:01,PTBA,RG,3730,1,D,XC,XC,D
11:24:01,PTBA,RG,3730,2,D,XL,XC,D
11:23:58,PTBA,RG,3740,3,F,BK,OD,D
11:23:46,PTBA,RG,3730,1,D,BQ,XL,D
11:23:46,PTBA,RG,3730,1,D,XC,XL,D
11:23:46,PTBA,RG,3730,1,D,KZ,XL,D
11:23:36,PTBA,RG,3740,6,F,AK,OD,D
11:23:35,PTBA,RG,3730,1,D,KZ,XC,D
11:23:32,PTBA,RG,3730,19,D,KZ,CC,D
11:23:03,PTBA,RG,3730,6,D,KZ,KZ,D
11:23:03,PTBA,RG,3730,1,F,CC,KZ,D
11:23:03,PTBA,RG,3730,1,D,XC,KZ,D
11:22:45,PTBA,RG,3730,1,D,XC,BK,F
11:22:36,PTBA,RG,3740,45,F,ZP,OD,D
11:22:36,PTBA,RG,3730,309,F,ZP,CC,D
11:22:36,PTBA,RG,3730,100,D,YP,CC,D
11:22:36,PTBA,RG,3730,1,D,YP,CC,D
11:22:36,PTBA,RG,3730,175,F,RX,CC,D
11:22:36,PTBA,RG,3730,1,D,XL,CC,D
11:22:36,PTBA,RG,3730,2,D,XC,CC,D
11:22:36,PTBA,RG,3730,3,D,CC,CC,D
11:22:36,PTBA,RG,3730,2,D,PD,CC,D
11:22:36,PTBA,RG,3730,1,D,DR,CC,D
11:22:36,PTBA,RG,3730,1,D,YP,CC,D
11:22:36,PTBA,RG,3730,1,D,PD,CC,D
11:22:36,PTBA,RG,3730,3,D,PD,CC,D
11:22:36,PTBA,RG,3730,300,D,YP,CC,D
11:22:36,PTBA,RG,3730,1,D,XC,CC,D
11:22:36,PTBA,RG,3730,5,D,GR,CC,D
11:22:36,PTBA,RG,3730,1,D,PD,CC,D
11:22:36,PTBA,RG,3730,40,D,LG,CC,D
11:22:36,PTBA,RG,3730,842,F,ZP,CC,D
11:22:36,PTBA,RG,3730,22,F,ZP,CC,D
11:22:36,PTBA,RG,3730,10,D,EP,CC,D
11:22:36,PTBA,RG,3730,25,F,ZP,CC,D
11:22:36,PTBA,RG,3730,1,D,XL,CC,D
11:22:36,PTBA,RG,3730,5,D,XC,CC,D
11:22:36,PTBA,RG,3730,5,D,NI,CC,D
11:22:36,PTBA,RG,3730,14,F,RX,CC,D
11:22:36,PTBA,RG,3730,5,D,SQ,CC,D
11:22:36,PTBA,RG,3730,1,D,YP,CC,D
11:22:36,PTBA,RG,3730,17,F,ZP,CC,D
11:22:36,PTBA,RG,3730,12,F,BK,CC,D
11:22:36,PTBA,RG,3730,10,D,NI,CC,D
11:22:36,PTBA,RG,3730,21,F,BK,CC,D
11:22:36,PTBA,RG,3730,314,D,NI,CC,D
11:22:36,PTBA,RG,3730,33,D,NI,CC,D
11:22:36,PTBA,RG,3730,50,D,NI,CC,D
11:22:36,PTBA,RG,3730,20,D,NI,CC,D
11:22:36,PTBA,RG,3730,312,D,NI,CC,D
11:22:19,PTBA,RG,3730,9,D,NI,XC,D
11:22:09,PTBA,RG,3730,155,D,NI,SQ,D
11:22:09,PTBA,RG,3730,10,D,NI,SQ,D
11:22:09,PTBA,RG,3730,62,D,NI,SQ,D
11:22:09,PTBA,RG,3730,31,F,ZP,SQ,D
11:22:09,PTBA,RG,3730,1,D,PD,SQ,D
11:22:09,PTBA,RG,3730,3,D,NI,SQ,D
11:22:09,PTBA,RG,3730,250,D,SQ,SQ,D
11:22:09,PTBA,RG,3730,41,F,RX,SQ,D
11:22:09,PTBA,RG,3730,2,D,CP,SQ,D
11:22:09,PTBA,RG,3730,18,F,ZP,SQ,D
11:22:09,PTBA,RG,3730,20,F,BK,SQ,D
11:22:09,PTBA,RG,3730,17,F,BK,SQ,D
11:22:09,PTBA,RG,3730,10,D,YP,SQ,D
11:22:09,PTBA,RG,3730,30,D,IU,SQ,D
11:22:05,PTBA,RG,3730,70,D,IU,PD,D
11:22:05,PTBA,RG,3730,3,D,YP,PD,D
11:22:05,PTBA,RG,3730,31,F,RX,PD,D
11:22:05,PTBA,RG,3730,4,D,XC,PD,D
11:22:05,PTBA,RG,3730,17,F,RX,PD,D
11:22:05,PTBA,RG,3730,7,D,XC,PD,D
11:22:05,PTBA,RG,3730,20,D,YP,PD,D
11:22:05,PTBA,RG,3730,10,D,CC,PD,D
11:22:05,PTBA,RG,3730,24,F,ZP,PD,D
11:22:05,PTBA,RG,3730,5,D,KI,PD,D
11:22:05,PTBA,RG,3730,2,D,YP,PD,D
11:22:05,PTBA,RG,3730,18,F,ZP,PD,D
11:22:05,PTBA,RG,3730,1,D,YP,PD,D
11:22:05,PTBA,RG,3730,21,F,RX,PD,D
11:22:05,PTBA,RG,3730,1,D,YP,PD,D
11:22:05,PTBA,RG,3730,5,D,CC,PD,D
11:22:05,PTBA,RG,3730,1,D,XL,PD,D
11:22:05,PTBA,RG,3730,24,F,ZP,PD,D
11:22:05,PTBA,RG,3730,50,D,YP,PD,D
11:22:05,PTBA,RG,3730,14,F,RX,PD,D
11:22:05,PTBA,RG,3730,1,D,KK,PD,D
11:22:05,PTBA,RG,3730,6,F,AK,PD,D
11:22:05,PTBA,RG,3730,30,D,AT,PD,D
11:22:05,PTBA,RG,3730,1,D,YP,PD,D
11:22:05,PTBA,RG,3730,20,F,ZP,PD,D
11:21:43,PTBA,RG,3730,4,F,ZP,PD,D
11:21:43,PTBA,RG,3730,1,D,AT,PD,D
11:20:51,PTBA,RG,3730,4,D,AT,YP,D
11:20:51,PTBA,RG,3730,3,D,XC,YP,D
11:20:51,PTBA,RG,3730,17,F,BK,YP,D
11:20:51,PTBA,RG,3730,7,F,AK,YP,D
11:20:51,PTBA,RG,3730,2,D,NI,YP,D
11:20:51,PTBA,RG,3730,1,D,PD,YP,D
11:20:51,PTBA,RG,3730,17,F,BK,YP,D
11:20:51,PTBA,RG,3730,1,D,XC,YP,D
11:20:51,PTBA,RG,3730,48,D,YP,YP,D
11:20:48,PTBA,RG,3730,4,D,YP,CC,D
11:20:18,PTBA,RG,3730,17,D,YP,TP,F
11:20:13,PTBA,RG,3740,51,F,ZP,OD,D
11:20:09,PTBA,RG,3740,9,D,KZ,OD,D
11:20:03,PTBA,RG,3740,3,F,BK,OD,D
11:19:59,PTBA,RG,3730,44,D,YP,ZP,F
11:19:24,PTBA,RG,3730,6,D,YP,KZ,D
11:19:18,PTBA,RG,3730,10,D,YP,KZ,D
11:19:15,PTBA,RG,3730,6,D,YP,RF,D
11:19:15,PTBA,RG,3730,21,D,KZ,RF,D
11:19:15,PTBA,RG,3730,18,F,BK,RF,D
11:19:15,PTBA,RG,3730,21,F,RX,RF,D
11:19:09,PTBA,RG,3740,19,F,BK,OD,D
11:19:00,PTBA,RG,3730,7,F,RX,YP,D
11:19:00,PTBA,RG,3730,25,F,ZP,YP,D
11:19:00,PTBA,RG,3730,6,F,AK,YP,D
11:19:00,PTBA,RG,3730,3,D,AT,YP,D
11:19:00,PTBA,RG,3730,9,F,RX,YP,D
11:18:52,PTBA,RG,3730,5,F,RX,PD,D
11:18:43,PTBA,RG,3740,71,F,ZP,OD,D
11:18:40,PTBA,RG,3740,20,D,LG,OD,D
11:18:37,PTBA,RG,3730,1,F,RX,ZR,D
11:18:20,PTBA,RG,3740,2,D,PD,OD,D
11:17:50,PTBA,RG,3730,10,F,RX,NI,D
11:17:44,PTBA,RG,3730,2,F,RX,XC,D
11:17:16,PTBA,RG,3730,1,F,RX,XC,D
11:17:05,PTBA,RG,3730,1,F,BK,SQ,D
11:17:03,PTBA,RG,3740,1,D,XC,OD,D
11:16:45,PTBA,RG,3740,22,F,ZP,OD,D
11:16:35,PTBA,RG,3740,82,F,ZP,OD,D
11:16:14,PTBA,RG,3740,10,D,PD,OD,D
11:16:13,PTBA,RG,3740,3,F,BK,OD,D
11:16:04,PTBA,RG,3730,8,F,BK,PD,D
11:15:55,PTBA,RG,3740,14,F,AK,OD,D
11:15:55,PTBA,RG,3740,1,D,XC,OD,D
11:15:50,PTBA,RG,3730,5,F,BK,YP,D
11:15:27,PTBA,RG,3740,28,F,ZP,OD,D
11:15:26,PTBA,RG,3740,17,F,BK,OD,D
11:15:26,PTBA,RG,3740,1,F,BK,PD,D
11:15:12,PTBA,RG,3740,8,F,ZP,GR,D
11:15:12,PTBA,RG,3740,1,F,ZP,XC,D
11:15:12,PTBA,RG,3740,10,F,ZP,GR,D
11:15:12,PTBA,RG,3740,5,F,ZP,XC,D
11:15:12,PTBA,RG,3740,1,F,ZP,BQ,D
11:15:12,PTBA,RG,3740,1,F,ZP,YP,D
11:15:12,PTBA,RG,3740,8,F,ZP,XC,D
11:15:12,PTBA,RG,3740,40,F,ZP,PC,D
11:14:59,PTBA,RG,3740,13,D,PD,PC,D
11:14:31,PTBA,RG,3730,5,F,BK,XL,D
11:14:12,PTBA,RG,3740,12,F,BK,PC,D
11:14:12,PTBA,RG,3740,5,F,BK,XL,D
11:14:12,PTBA,RG,3740,1,D,XC,XL,D
11:14:08,PTBA,RG,3740,1,D,XC,XL,D
11:13:52,PTBA,RG,3740,3,D,XC,XL,D
11:13:52,PTBA,RG,3740,1,D,XC,XC,D
11:13:52,PTBA,RG,3740,5,D,XC,DH,D
11:13:49,PTBA,RG,3730,6,F,BK,YP,D
11:13:34,PTBA,RG,3740,5,F,ZP,DH,D
11:13:34,PTBA,RG,3740,21,F,ZP,TP,F
11:13:34,PTBA,RG,3740,20,F,ZP,NI,D
11:13:34,PTBA,RG,3740,10,F,ZP,YU,D
11:13:34,PTBA,RG,3740,10,F,ZP,YP,D
11:13:34,PTBA,RG,3740,2,F,ZP,NI,D
11:13:34,PTBA,RG,3740,5,F,ZP,PD,D
11:13:34,PTBA,RG,3740,5,F,ZP,DR,D
11:13:31,PTBA,RG,3730,10,F,BK,CC,D
11:13:29,PTBA,RG,3740,18,F,BK,DR,D
11:12:43,PTBA,RG,3740,5,D,PD,DR,D
11:12:39,PTBA,RG,3740,25,F,ZP,DR,D
11:12:36,PTBA,RG,3740,5,D,XC,DR,D
11:12:15,PTBA,RG,3740,3,F,BK,DR,D
11:12:13,PTBA,RG,3730,5,F,BK,CC,D
11:11:46,PTBA,RG,3740,2,D,XC,DR,D
11:11:27,PTBA,RG,3740,37,D,XC,DR,D
11:11:27,PTBA,RG,3740,3,D,XC,XL,D
11:11:27,PTBA,RG,3740,26,D,XC,CC,D
11:11:24,PTBA,RG,3740,4,D,YP,CC,D
11:11:18,PTBA,RG,3730,1,F,BK,YP,D
11:11:13,PTBA,RG,3740,1,D,YP,CC,D
11:10:45,PTBA,RG,3740,1,D,XL,CC,D
11:10:25,PTBA,RG,3730,109,F,BK,YP,D
11:10:25,PTBA,RG,3730,1,D,PD,YP,D
11:10:25,PTBA,RG,3730,41,F,RX,YP,D
11:10:10,PTBA,RG,3740,18,F,ZP,CC,D
11:10:09,PTBA,RG,3740,26,F,AK,CC,D
11:10:08,PTBA,RG,3730,138,F,RX,SQ,D
11:10:08,PTBA,RG,3730,12,F,ZP,SQ,D
11:10:01,PTBA,RG,3740,41,F,ZP,CC,D
11:10:00,PTBA,RG,3730,2,F,ZP,SQ,D
11:09:56,PTBA,RG,3730,2,F,ZP,XL,D
11:09:40,PTBA,RG,3730,2,F,ZP,XC,D
11:09:24,PTBA,RG,3730,13,F,ZP,KZ,D
11:09:21,PTBA,RG,3740,3,D,XL,CC,D
11:09:21,PTBA,RG,3730,36,F,ZP,XC,D
11:09:21,PTBA,RG,3730,5,D,CC,XC,D
11:09:21,PTBA,RG,3730,50,D,CP,XC,D
11:09:21,PTBA,RG,3730,3,D,PD,XC,D
11:09:21,PTBA,RG,3730,8,D,PD,XC,D
11:09:13,PTBA,RG,3730,1,D,PD,XC,D
11:09:08,PTBA,RG,3730,1,D,PD,SQ,D
11:09:08,PTBA,RG,3730,9,D,BQ,SQ,D
11:08:54,PTBA,RG,3730,4,D,BQ,TP,F
11:08:54,PTBA,RG,3730,1,D,PD,TP,F
11:08:54,PTBA,RG,3730,8,D,KZ,TP,F
11:08:54,PTBA,RG,3730,2,D,YP,TP,F
11:08:54,PTBA,RG,3730,3,D,PD,TP,F
11:08:46,PTBA,RG,3740,3,D,DX,CC,D
11:08:32,PTBA,RG,3740,17,F,BK,CC,D
11:08:24,PTBA,RG,3740,27,D,KZ,CC,D
11:08:21,PTBA,RG,3740,33,D,YP,CC,D
11:08:21,PTBA,RG,3740,20,D,YP,NI,D
11:08:21,PTBA,RG,3740,1,D,YP,NI,D
11:08:21,PTBA,RG,3740,210,D,YP,CC,D
11:08:21,PTBA,RG,3740,3,D,YP,AI,D
11:07:41,PTBA,RG,3740,16,F,ZP,CC,D
11:07:40,PTBA,RG,3730,1,D,PD,CC,D
11:07:40,PTBA,RG,3730,7,D,PD,CC,D
11:07:27,PTBA,RG,3730,5,D,PD,XL,D
11:07:18,PTBA,RG,3740,17,F,BK,CC,D
11:07:17,PTBA,RG,3730,3,D,PD,XC,D
11:07:08,PTBA,RG,3730,10,D,PD,KZ,D
11:07:08,PTBA,RG,3740,4,F,BK,CC,D
11:06:50,PTBA,RG,3730,10,D,NI,SQ,D
11:06:27,PTBA,RG,3730,25,D,NI,EP,D
11:06:25,PTBA,RG,3740,17,F,BK,CC,D
11:06:22,PTBA,RG,3730,10,D,NI,YP,D
11:05:25,PTBA,RG,3730,3,D,NI,NI,D
11:05:17,PTBA,RG,3730,10,D,NI,CC,D
11:04:58,PTBA,RG,3730,5,D,NI,SQ,D
11:04:48,PTBA,RG,3730,100,D,NI,DX,D
11:04:41,PTBA,RG,3740,17,F,BK,CC,D
11:04:35,PTBA,RG,3740,25,D,NI,CC,D
11:04:17,PTBA,RG,3740,2,D,SQ,CC,D
11:04:07,PTBA,RG,3730,1,D,NI,XC,D
11:04:01,PTBA,RG,3740,2,D,YP,CC,D
11:03:28,PTBA,RG,3740,1,D,KK,CC,D
11:03:26,PTBA,RG,3730,1,D,NI,IF,D
11:03:24,PTBA,RG,3740,3,D,PD,CC,D
11:03:13,PTBA,RG,3740,2,D,XC,CC,D
11:03:06,PTBA,RG,3740,94,D,PD,CC,D
11:03:06,PTBA,RG,3740,20,D,PD,ZP,D
11:03:06,PTBA,RG,3740,6,D,PD,BK,F
11:02:49,PTBA,RG,3740,106,D,KK,BK,F
11:02:46,PTBA,RG,3730,3,D,NI,XL,D
11:02:15,PTBA,RG,3730,1,D,NI,XL,D
11:01:56,PTBA,RG,3740,17,F,AK,BK,F
11:01:56,PTBA,RG,3740,3,F,AK,TP,F
11:01:49,PTBA,RG,3740,1,D,CC,TP,F
11:01:25,PTBA,RG,3740,13,F,BK,TP,F
11:01:25,PTBA,RG,3740,5,F,BK,YP,D
11:01:16,PTBA,RG,3740,19,F,BK,ZP,F
11:01:09,PTBA,RG,3730,29,D,NI,YP,D
11:01:03,PTBA,RG,3740,5,F,BK,ZP,F
11:00:53,PTBA,RG,3740,9,F,BK,ZP,F
11:00:53,PTBA,RG,3740,9,F,BK,OD,D
11:00:26,PTBA,RG,3730,2,D,NI,OD,D
11:00:26,PTBA,RG,3730,1,D,PD,OD,D
11:00:26,PTBA,RG,3730,12,F,ZP,OD,D
10:59:26,PTBA,RG,3740,3,D,PD,OD,D
10:58:52,PTBA,RG,3730,10,F,ZP,PD,D
10:58:50,PTBA,RG,3730,15,F,ZP,PD,D
10:58:50,PTBA,RG,3730,5,D,YP,PD,D
10:58:50,PTBA,RG,3730,4,D,EP,PD,D
10:58:50,PTBA,RG,3730,15,D,CC,PD,D
10:58:50,PTBA,RG,3730,33,D,GR,PD,D
10:58:31,PTBA,RG,3740,17,F,BK,OD,D
10:58:26,PTBA,RG,3740,3,D,NI,OD,D
10:58:09,PTBA,RG,3740,26,D,KZ,OD,D
10:58:01,PTBA,RG,3740,10,D,NI,OD,D
10:57:39,PTBA,RG,3740,10,D,SQ,OD,D
10:57:37,PTBA,RG,3740,100,D,CC,OD,D
10:57:19,PTBA,RG,3740,13,D,CC,OD,D
10:56:57,PTBA,RG,3740,16,F,BK,OD,D
10:56:51,PTBA,RG,3740,27,D,XL,OD,D
10:56:50,PTBA,RG,3740,15,F,BK,OD,D
10:56:19,PTBA,RG,3740,32,D,KZ,OD,D
10:55:48,PTBA,RG,3740,16,F,BK,OD,D
10:55:11,PTBA,RG,3740,12,F,AK,OD,D
10:53:39,PTBA,RG,3730,7,D,GR,KZ,D
10:53:31,PTBA,RG,3730,1,D,GR,PD,D
10:53:23,PTBA,RG,3740,6,F,BK,OD,D
10:53:22,PTBA,RG,3730,9,D,GR,DR,D
10:53:16,PTBA,RG,3730,15,D,GR,CC,D
10:53:11,PTBA,RG,3730,50,D,GR,MG,D
10:53:07,PTBA,RG,3730,1,D,GR,XC,D
10:52:58,PTBA,RG,3730,5,D,GR,XL,D
10:52:50,PTBA,RG,3740,1,D,XC,OD,D
10:52:32,PTBA,RG,3730,4,D,GR,YP,D
10:52:20,PTBA,RG,3740,1,D,XC,OD,D
10:52:09,PTBA,RG,3740,1,D,PD,OD,D
10:51:41,PTBA,RG,3740,12,F,AK,OD,D
10:51:07,PTBA,RG,3730,1,D,GR,XL,D
10:50:32,PTBA,RG,3740,17,F,BK,OD,D
10:50:24,PTBA,RG,3730,18,D,GR,DR,D
10:50:18,PTBA,RG,3730,10,D,GR,PD,D
10:49:44,PTBA,RG,3730,5,D,GR,YP,D
10:49:36,PTBA,RG,3740,10,D,CC,OD,D
10:48:24,PTBA,RG,3740,17,D,KZ,OD,D
10:48:19,PTBA,RG,3740,1,D,XC,OD,D
10:47:49,PTBA,RG,3740,12,F,AK,OD,D
10:47:48,PTBA,RG,3740,10,D,XL,OD,D
10:47:22,PTBA,RG,3740,1,D,YP,OD,D
10:47:11,PTBA,RG,3740,4,F,BK,OD,D
10:46:54,PTBA,RG,3730,10,D,GR,XC,D
10:46:50,PTBA,RG,3730,7,D,GR,XL,D
10:46:46,PTBA,RG,3730,200,D,GR,NI,D
10:46:46,PTBA,RG,3730,50,D,GR,MG,D
10:46:40,PTBA,RG,3730,41,D,GR,PD,D
10:46:27,PTBA,RG,3730,5,D,GR,YP,D
10:46:08,PTBA,RG,3730,5,D,GR,NI,D
10:45:52,PTBA,RG,3730,1,D,GR,XL,D
10:45:38,PTBA,RG,3730,44,D,GR,YP,D
10:45:08,PTBA,RG,3730,220,D,GR,EP,D
10:45:05,PTBA,RG,3730,7,D,GR,NI,D
10:44:37,PTBA,RG,3730,14,D,GR,PD,D
10:44:30,PTBA,RG,3740,6,D,CC,OD,D
10:44:17,PTBA,RG,3740,40,D,LG,OD,D
10:44:01,PTBA,RG,3730,1,D,GR,CC,D
10:43:51,PTBA,RG,3730,5,D,GR,NI,D
10:43:48,PTBA,RG,3740,100,D,IU,OD,D
10:43:36,PTBA,RG,3740,2,D,PD,OD,D
10:42:24,PTBA,RG,3730,15,D,GR,CC,D
10:42:17,PTBA,RG,3740,2,D,YP,OD,D
10:42:11,PTBA,RG,3740,10,D,CC,OD,D
10:42:09,PTBA,RG,3740,1,D,XC,OD,D
10:41:51,PTBA,RG,3740,5,D,YP,OD,D
10:41:33,PTBA,RG,3740,1,D,YP,OD,D
10:41:19,PTBA,RG,3740,4,F,BK,OD,D
10:40:45,PTBA,RG,3740,5,D,PD,OD,D
10:40:41,PTBA,RG,3730,1,D,GR,YP,D
10:40:10,PTBA,RG,3730,80,D,GR,PD,D
10:39:33,PTBA,RG,3740,1,D,XL,OD,D
10:38:54,PTBA,RG,3730,30,D,GR,XC,D
10:38:48,PTBA,RG,3730,1,D,GR,XL,D
10:38:44,PTBA,RG,3730,50,D,GR,PD,D
10:37:19,PTBA,RG,3730,2,D,GR,NI,D
10:37:19,PTBA,RG,3730,25,D,KK,NI,D
10:37:00,PTBA,RG,3730,1,D,KK,XC,D
10:36:49,PTBA,RG,3730,1,D,KK,PD,D
10:36:23,PTBA,RG,3730,3,D,KK,YP,D
10:36:23,PTBA,RG,3730,1,D,XC,YP,D
10:36:23,PTBA,RG,3730,1,D,LG,YP,D
10:36:16,PTBA,RG,3730,1,D,LG,AZ,D
10:36:04,PTBA,RG,3730,1,D,LG,XC,D
10:35:47,PTBA,RG,3730,1,D,LG,XL,D
10:35:23,PTBA,RG,3740,5,F,BK,OD,D
10:35:07,PTBA,RG,3740,1,D,XC,OD,D
10:34:58,PTBA,RG,3730,1,D,LG,PD,D
10:34:49,PTBA,RG,3730,1,D,PD,PD,D
10:34:43,PTBA,RG,3730,1,D,PD,XC,D
10:34:43,PTBA,RG,3730,16,D,AT,XC,D
10:34:42,PTBA,RG,3730,6,D,AT,XA,D
10:34:03,PTBA,RG,3740,19,D,CC,OD,D
10:33:55,PTBA,RG,3740,1,D,PD,OD,D
10:33:24,PTBA,RG,3740,2,D,KK,OD,D
10:33:07,PTBA,RG,3730,6,D,AT,XC,D
10:32:56,PTBA,RG,3730,1,D,AT,PD,D
10:32:38,PTBA,RG,3730,5,D,AT,XL,D
10:32:36,PTBA,RG,3730,32,D,AT,YP,D
10:32:36,PTBA,RG,3730,18,F,BK,YP,D
10:31:11,PTBA,RG,3740,1,D,PD,OD,D
10:31:05,PTBA,RG,3740,12,D,XL,OD,D
10:31:03,PTBA,RG,3740,94,D,AT,OD,D
10:30:58,PTBA,RG,3740,1,D,XC,OD,D
10:30:42,PTBA,RG,3740,2,D,GR,OD,D
10:30:10,PTBA,RG,3740,16,F,BK,OD,D
10:30:10,PTBA,RG,3740,19,F,ZP,OD,D
10:30:10,PTBA,RG,3740,5,D,CC,OD,D
10:30:10,PTBA,RG,3740,1,D,PD,OD,D
10:30:10,PTBA,RG,3740,10,D,PD,OD,D
10:30:10,PTBA,RG,3740,1,D,BQ,OD,D
10:30:10,PTBA,RG,3740,73,D,XL,OD,D
10:30:10,PTBA,RG,3740,8,D,XL,OD,D
10:30:10,PTBA,RG,3740,6,F,AK,OD,D
10:30:10,PTBA,RG,3740,100,D,CC,OD,D
10:30:10,PTBA,RG,3740,8,D,OD,OD,D
10:30:10,PTBA,RG,3740,5,D,CC,OD,D
10:30:10,PTBA,RG,3740,24,F,ZP,OD,D
10:30:10,PTBA,RG,3740,385,F,ZP,OD,D
10:30:10,PTBA,RG,3740,1,D,XC,OD,D
10:30:10,PTBA,RG,3740,23,F,BK,OD,D
10:30:10,PTBA,RG,3740,5,F,AK,OD,D
10:30:10,PTBA,RG,3740,1,F,BK,OD,D
10:30:10,PTBA,RG,3740,18,F,BK,OD,D
10:30:10,PTBA,RG,3740,5,D,EP,OD,D
10:30:10,PTBA,RG,3740,134,F,RX,OD,D
10:30:10,PTBA,RG,3740,800,D,NI,OD,D
10:30:10,PTBA,RG,3740,200,D,EP,OD,D
10:30:10,PTBA,RG,3740,23,F,BK,OD,D
10:30:10,PTBA,RG,3740,319,D,NI,OD,D
10:30:10,PTBA,RG,3740,32,D,NI,OD,D
10:30:10,PTBA,RG,3740,50,D,NI,OD,D
10:30:10,PTBA,RG,3740,20,D,NI,OD,D
10:30:10,PTBA,RG,3740,473,D,NI,OD,D
10:30:10,PTBA,RG,3740,10,D,NI,OD,D
10:30:10,PTBA,RG,3740,62,D,NI,OD,D
10:30:10,PTBA,RG,3740,1,D,PD,OD,D
10:30:10,PTBA,RG,3740,17,F,BK,OD,D
10:30:10,PTBA,RG,3740,6,F,AK,OD,D
10:30:10,PTBA,RG,3740,319,F,RX,OD,D
10:30:10,PTBA,RG,3740,336,F,RX,OD,D
10:30:10,PTBA,RG,3740,4,D,XC,OD,D
10:30:10,PTBA,RG,3740,105,F,ZP,OD,D
10:30:10,PTBA,RG,3740,16,F,ZP,OD,D
10:30:10,PTBA,RG,3740,65,F,BK,OD,D
10:30:10,PTBA,RG,3740,21,D,KZ,OD,D
10:30:10,PTBA,RG,3740,210,F,BK,OD,D
10:30:10,PTBA,RG,3740,59,F,AK,OD,D
10:30:08,PTBA,RG,3750,21,F,RX,CC,D
10:30:02,PTBA,RG,3740,1,F,AK,XC,D
10:29:58,PTBA,RG,3740,10,F,AK,CC,D
10:29:55,PTBA,RG,3740,50,F,AK,YP,D
10:29:47,PTBA,RG,3740,50,F,AK,ZP,D
10:29:34,PTBA,RG,3750,1,F,BK,CC,D
10:29:34,PTBA,RG,3750,1,F,BK,YP,D
10:29:33,PTBA,RG,3740,1,F,AK,PD,D
10:29:33,PTBA,RG,3750,3,F,RX,YP,D
10:29:33,PTBA,RG,3750,7,F,RX,XC,D
10:29:33,PTBA,RG,3740,100,F,AK,YP,D
10:29:31,PTBA,RG,3750,11,F,RX,XC,D
10:29:31,PTBA,RG,3750,2,F,RX,CC,D
10:29:31,PTBA,RG,3750,3,F,RX,KK,D
10:29:31,PTBA,RG,3750,5,F,RX,SQ,D
10:29:31,PTBA,RG,3750,31,F,RX,CC,D
10:29:29,PTBA,RG,3750,2,F,BK,CC,D
10:29:27,PTBA,RG,3740,600,F,AK,TP,D
10:29:06,PTBA,RG,3750,18,F,BK,CC,D
10:29:00,PTBA,RG,3750,6,F,RX,CC,D
10:29:00,PTBA,RG,3750,2,F,RX,GR,D
10:28:59,PTBA,RG,3740,25,F,AK,XL,D
10:28:58,PTBA,RG,3750,8,F,RX,GR,D
10:28:58,PTBA,RG,3750,2,F,RX,KK,D
10:28:58,PTBA,RG,3750,4,F,RX,YU,D
10:28:56,PTBA,RG,3740,65,F,AK,YP,D
10:28:45,PTBA,RG,3740,1,F,AK,XC,D
10:28:27,PTBA,RG,3740,10,F,AK,PD,D
10:28:26,PTBA,RG,3740,16,F,AK,CC,D
10:28:18,PTBA,RG,3740,35,F,AK,PC,D
10:28:11,PTBA,RG,3750,1,D,XL,YU,D
10:27:56,PTBA,RG,3740,60,F,AK,AT,D
10:27:50,PTBA,RG,3750,25,F,RX,YU,D
10:27:50,PTBA,RG,3750,11,F,RX,PD,D
10:27:48,PTBA,RG,3740,7,F,AK,XL,D
10:27:39,PTBA,RG,3750,2,D,XC,PD,D
10:27:39,PTBA,RG,3740,200,F,AK,AT,D
10:27:31,PTBA,RG,3740,4,F,AK,SQ,D
10:27:31,PTBA,RG,3740,26,F,ZP,SQ,D
10:27:31,PTBA,RG,3740,2,F,ZP,CC,D
10:27:11,PTBA,RG,3740,100,F,ZP,AT,D
10:27:03,PTBA,RG,3750,10,F,BK,CC,D
10:27:03,PTBA,RG,3750,1,F,BK,PD,D
10:27:03,PTBA,RG,3750,3,F,BK,KK,D
10:27:03,PTBA,RG,3750,2,F,BK,YP,D
10:27:01,PTBA,RG,3740,1,F,ZP,NI,D
10:26:55,PTBA,RG,3750,18,F,RX,YP,D
10:26:55,PTBA,RG,3750,1,F,RX,PD,D
10:26:55,PTBA,RG,3750,3,F,RX,LG,D
10:26:53,PTBA,RG,3750,2,F,RX,LG,D
10:26:41,PTBA,RG,3740,5,F,ZP,NI,D
10:26:37,PTBA,RG,3740,100,F,ZP,CC,D
10:26:29,PTBA,RG,3740,79,F,ZP,AT,D
10:26:29,PTBA,RG,3740,6,F,AK,AT,D
10:26:29,PTBA,RG,3740,5,F,AK,AT,D
10:26:29,PTBA,RG,3740,2,F,BK,AT,D
10:26:29,PTBA,RG,3740,8,F,BK,AT,D
10:26:28,PTBA,RG,3740,10,F,BK,YP,D
10:26:19,PTBA,RG,3740,2,F,BK,XC,D
10:26:15,PTBA,RG,3740,5,F,BK,YP,D
10:26:09,PTBA,RG,3740,1,F,BK,XC,D
10:26:06,PTBA,RG,3740,10,F,BK,TP,D
10:26:06,PTBA,RG,3740,2,F,BK,XL,D
10:26:02,PTBA,RG,3740,10,F,BK,LG,D
10:26:01,PTBA,RG,3750,5,F,RX,LG,D
10:26:01,PTBA,RG,3750,1,F,RX,YP,D
10:26:01,PTBA,RG,3750,10,F,RX,KK,D
10:25:58,PTBA,RG,3750,118,D,CC,KK,D
10:25:49,PTBA,RG,3740,2,F,BK,PD,D
10:25:41,PTBA,RG,3740,43,F,BK,CC,D
10:25:39,PTBA,RG,3750,194,F,RX,KK,D
10:25:39,PTBA,RG,3750,10,F,RX,YP,D
10:25:39,PTBA,RG,3750,10,F,RX,YP,D
10:25:39,PTBA,RG,3750,5,F,RX,YP,D
10:25:29,PTBA,RG,3740,60,F,AK,GR,D
10:25:28,PTBA,RG,3750,5,D,CC,YP,D
10:25:28,PTBA,RG,3750,5,D,CC,CC,D
10:25:28,PTBA,RG,3750,35,D,CC,CC,D
10:25:28,PTBA,RG,3750,15,D,CC,XL,D
10:25:28,PTBA,RG,3750,5,D,CC,XL,D
10:25:28,PTBA,RG,3750,40,D,CC,PD,D
10:25:28,PTBA,RG,3750,1,D,CC,PD,D
10:25:28,PTBA,RG,3740,53,F,AK,AT,D
10:25:28,PTBA,RG,3740,5,F,AK,AT,D
10:25:28,PTBA,RG,3740,5,F,AK,AT,D
10:25:28,PTBA,RG,3740,37,F,ZP,AT,D
10:25:28,PTBA,RG,3750,10,F,RX,YP,D
10:25:28,PTBA,RG,3750,5,F,RX,NI,D
10:25:28,PTBA,RG,3750,150,F,RX,LG,D
10:25:28,PTBA,RG,3750,20,F,RX,CC,D
10:25:28,PTBA,RG,3750,70,F,RX,PD,D
10:25:28,PTBA,RG,3750,10,F,RX,XC,D
10:25:28,PTBA,RG,3750,20,F,RX,PD,D
10:25:28,PTBA,RG,3750,1,F,RX,PD,D
10:25:28,PTBA,RG,3750,25,F,RX,XC,D
10:25:28,PTBA,RG,3750,5,F,RX,XL,D
10:25:28,PTBA,RG,3750,3,F,RX,XC,D
10:25:28,PTBA,RG,3750,30,F,RX,KK,D
10:25:28,PTBA,RG,3750,1,F,RX,XC,D
10:25:28,PTBA,RG,3750,5,F,RX,YP,D
10:25:28,PTBA,RG,3750,100,F,RX,CC,D
10:25:28,PTBA,RG,3750,10,F,RX,CC,D
10:25:28,PTBA,RG,3750,1,F,RX,CC,D
10:25:28,PTBA,RG,3750,2,F,RX,CC,D
10:25:28,PTBA,RG,3750,17,F,RX,XC,D
10:25:28,PTBA,RG,3750,3,F,RX,XC,D
10:25:28,PTBA,RG,3750,10,F,RX,KK,D
10:25:28,PTBA,RG,3750,100,F,RX,CC,D
10:25:28,PTBA,RG,3750,12,F,RX,YP,D
10:25:28,PTBA,RG,3750,50,F,RX,DR,D
10:25:28,PTBA,RG,3750,1,F,RX,PD,D
10:25:28,PTBA,RG,3750,4,F,RX,XC,D
10:25:28,PTBA,RG,3750,1,F,RX,YP,D
10:25:28,PTBA,RG,3750,60,F,RX,NI,D
10:25:28,PTBA,RG,3750,2,F,RX,OD,D
10:25:28,PTBA,RG,3750,12,F,RX,DR,D
10:25:28,PTBA,RG,3750,3,F,RX,CC,D
10:25:28,PTBA,RG,3750,10,F,RX,YP,D
10:25:28,PTBA,RG,3750,66,F,RX,RF,D
10:25:28,PTBA,RG,3750,26,F,RX,YP,D
10:25:26,PTBA,RG,3740,22,F,AK,XL,D
10:25:26,PTBA,RG,3740,1,F,AK,XC,D
10:25:26,PTBA,RG,3740,1,F,AK,YP,D
10:25:26,PTBA,RG,3740,25,F,AK,XL,D
10:25:26,PTBA,RG,3740,1,F,AK,XC,D
10:25:26,PTBA,RG,3740,10,F,AK,YP,D
10:25:26,PTBA,RG,3740,1,F,AK,CC,F
10:25:26,PTBA,RG,3740,1,F,AK,PD,D
10:25:26,PTBA,RG,3740,1,F,AK,PD,D
10:25:26,PTBA,RG,3740,10,F,AK,SQ,D
10:25:26,PTBA,RG,3740,2,F,AK,XC,D
10:25:26,PTBA,RG,3740,10,F,AK,XC,D
10:25:26,PTBA,RG,3740,2,F,AK,YP,D
10:25:26,PTBA,RG,3740,1,F,AK,NI,D
10:25:26,PTBA,RG,3740,44,F,AK,ZP,F
10:25:26,PTBA,RG,3740,129,F,AK,BK,F
10:25:26,PTBA,RG,3740,2,F,AK,OD,D
10:25:26,PTBA,RG,3740,2,F,AK,KK,D
10:25:26,PTBA,RG,3740,1,F,AK,XC,D
10:25:26,PTBA,RG,3740,150,F,AK,CC,D
10:25:26,PTBA,RG,3740,650,F,AK,YP,F
10:25:26,PTBA,RG,3740,5,F,AK,XL,D
10:25:26,PTBA,RG,3740,18,F,AK,TP,F
10:25:26,PTBA,RG,3740,1,F,AK,GR,D
10:25:26,PTBA,RG,3740,20,F,AK,LS,D
10:25:26,PTBA,RG,3740,50,F,AK,TF,D
10:25:26,PTBA,RG,3740,2,F,AK,GR,D
10:25:26,PTBA,RG,3740,26,F,AK,DH,D
10:25:26,PTBA,RG,3740,2,F,AK,PD,D
10:25:26,PTBA,RG,3740,6,F,AK,XL,D
10:25:26,PTBA,RG,3740,1,F,AK,DH,D
10:25:26,PTBA,RG,3740,8,F,AK,XC,D
10:25:26,PTBA,RG,3740,10,F,AK,CC,D
10:25:26,PTBA,RG,3740,8,F,AK,KK,D
10:25:26,PTBA,RG,3740,3,F,AK,YB,D
10:25:26,PTBA,RG,3740,5,F,AK,XC,D
10:25:26,PTBA,RG,3740,52,F,AK,XL,D
10:25:26,PTBA,RG,3740,3,F,AK,XL,D
10:25:26,PTBA,RG,3740,45,F,AK,PD,D
10:25:26,PTBA,RG,3740,590,F,AK,GR,D
10:25:25,PTBA,RG,3740,310,F,AK,GR,D
10:25:25,PTBA,RG,3740,10,F,AK,CC,D
10:25:25,PTBA,RG,3740,50,F,AK,CC,D
10:25:25,PTBA,RG,3740,290,F,AK,YP,D
10:25:25,PTBA,RG,3740,10,F,AK,YP,D
10:25:25,PTBA,RG,3740,11,F,AK,PD,D
10:25:25,PTBA,RG,3740,125,F,AK,SQ,D
10:25:25,PTBA,RG,3740,1,F,AK,XC,D
10:25:25,PTBA,RG,3740,6,F,AK,PD,D
10:25:25,PTBA,RG,3740,1,F,AK,PD,D
10:25:25,PTBA,RG,3740,1,F,AK,XC,D
10:25:25,PTBA,RG,3740,104,F,AK,YP,D
10:25:25,PTBA,RG,3740,20,F,AK,XA,D
10:25:25,PTBA,RG,3740,2,F,AK,PD,D
10:25:25,PTBA,RG,3740,7,F,AK,XC,D
10:25:25,PTBA,RG,3740,30,F,AK,AZ,D
10:25:25,PTBA,RG,3740,5,F,AK,PD,D
10:25:25,PTBA,RG,3740,4,F,AK,YP,D
10:25:25,PTBA,RG,3740,265,F,AK,SQ,D
10:25:25,PTBA,RG,3740,5,F,AK,KK,D
10:25:25,PTBA,RG,3740,25,F,AK,XC,D
10:25:25,PTBA,RG,3740,25,F,AK,YP,D
10:25:25,PTBA,RG,3740,10,F,AK,LG,D
10:25:25,PTBA,RG,3740,1,F,AK,CC,D
10:25:25,PTBA,RG,3740,20,F,AK,PD,D
10:25:25,PTBA,RG,3740,10,F,AK,OD,D
10:25:25,PTBA,RG,3740,250,F,AK,OD,D
10:25:25,PTBA,RG,3740,2,F,AK,YP,D
10:25:25,PTBA,RG,3740,500,F,AK,CP,D
10:25:25,PTBA,RG,3740,15,F,AK,SQ,D
10:25:25,PTBA,RG,3740,10,F,AK,PD,D
10:25:25,PTBA,RG,3740,1,F,AK,YP,D
10:25:25,PTBA,RG,3740,2,F,AK,XL,D
10:25:25,PTBA,RG,3740,2,F,AK,KK,D
10:25:25,PTBA,RG,3740,2,F,AK,BQ,D
10:25:25,PTBA,RG,3740,2,F,AK,BQ,D
10:25:25,PTBA,RG,3740,1,F,AK,GR,D
10:25:25,PTBA,RG,3740,27,F,AK,CD,D
10:25:25,PTBA,RG,3740,2,F,AK,AT,D
10:25:25,PTBA,RG,3740,20,F,AK,IT,D
10:25:25,PTBA,RG,3740,10,F,AK,PD,D
10:25:25,PTBA,RG,3740,1,F,AK,GR,D
10:25:25,PTBA,RG,3740,1,F,AK,BQ,D
10:25:25,PTBA,RG,3740,120,F,AK,IT,D
10:25:25,PTBA,RG,3740,1,F,AK,XC,D
10:25:25,PTBA,RG,3740,30,F,AK,DR,D
10:25:25,PTBA,RG,3740,30,F,AK,AZ,D
10:25:25,PTBA,RG,3740,10,F,AK,CC,D
10:25:25,PTBA,RG,3740,10,F,AK,YP,D
10:25:25,PTBA,RG,3740,4,F,AK,XC,D
10:25:25,PTBA,RG,3740,1,F,AK,PD,D
10:25:25,PTBA,RG,3740,15,F,AK,PD,D
10:25:25,PTBA,RG,3740,100,F,AK,RO,D
10:25:25,PTBA,RG,3740,13,F,AK,YP,D
10:25:25,PTBA,RG,3740,1,F,AK,XC,D
10:25:25,PTBA,RG,3740,241,F,AK,SQ,D
10:25:25,PTBA,RG,3740,59,F,AK,SQ,D
10:25:25,PTBA,RG,3740,100,F,AK,LG,D
10:25:25,PTBA,RG,3740,20,F,AK,YP,D
10:25:25,PTBA,RG,3740,5,F,AK,YP,D
10:25:25,PTBA,RG,3740,4,F,AK,PD,D
10:25:25,PTBA,RG,3740,3,F,AK,NI,D
10:25:25,PTBA,RG,3740,20,F,AK,CC,D
10:25:25,PTBA,RG,3740,1,F,AK,XL,D
10:25:25,PTBA,RG,3740,30,F,AK,PD,D
10:25:25,PTBA,RG,3740,2,F,AK,YP,D
10:25:25,PTBA,RG,3740,5,F,AK,XC,D
10:25:25,PTBA,RG,3740,2,F,AK,NI,D
10:25:25,PTBA,RG,3740,20,F,AK,YP,D
10:25:25,PTBA,RG,3740,5,F,AK,CC,D
10:25:25,PTBA,RG,3740,10,F,AK,XC,D
10:25:25,PTBA,RG,3740,1,F,AK,NI,D
10:25:25,PTBA,RG,3740,3,F,AK,PD,D
10:25:25,PTBA,RG,3740,5,F,AK,YP,D
10:25:25,PTBA,RG,3740,33,F,AK,PD,D
10:25:25,PTBA,RG,3740,1,F,AK,XL,D
10:25:25,PTBA,RG,3740,5,F,AK,HP,D
10:25:25,PTBA,RG,3740,12,F,AK,XC,D
10:25:25,PTBA,RG,3740,2,F,AK,XL,D
10:25:25,PTBA,RG,3740,1,F,AK,OD,D
10:25:25,PTBA,RG,3740,2,F,AK,BQ,D
10:25:25,PTBA,RG,3740,1,F,AK,PD,D
10:25:25,PTBA,RG,3740,7,F,AK,XL,D
10:25:25,PTBA,RG,3740,1,F,AK,XC,D
10:25:25,PTBA,RG,3740,1,F,AK,PD,D
10:25:25,PTBA,RG,3740,66,F,AK,RF,D
10:25:25,PTBA,RG,3740,2,F,AK,NI,D
10:25:25,PTBA,RG,3740,25,F,AK,YP,D
10:25:25,PTBA,RG,3740,14,F,AK,OD,D
10:25:25,PTBA,RG,3740,10,F,AK,YP,D
10:25:25,PTBA,RG,3740,5,F,AK,XC,D
10:25:25,PTBA,RG,3740,10,F,AK,CC,D
10:25:25,PTBA,RG,3740,299,F,AK,XL,D
10:25:25,PTBA,RG,3740,10,F,AK,PD,D
10:25:25,PTBA,RG,3740,50,F,AK,NI,D
10:25:25,PTBA,RG,3740,30,F,AK,PC,D
10:25:25,PTBA,RG,3740,100,F,AK,YP,D
10:25:25,PTBA,RG,3740,1,F,AK,KK,D
10:25:25,PTBA,RG,3740,1,F,AK,NI,D
10:25:25,PTBA,RG,3740,2,F,AK,NI,D
10:25:25,PTBA,RG,3740,20,F,AK,XL,D
10:25:25,PTBA,RG,3740,5,F,AK,DH,D
10:25:25,PTBA,RG,3740,10,F,AK,XL,D
10:25:25,PTBA,RG,3740,4,F,AK,XC,D
10:25:25,PTBA,RG,3740,1,F,AK,YB,D
10:25:25,PTBA,RG,3740,1746,F,AK,CC,D
10:25:25,PTBA,RG,3740,1154,F,AK,CC,D
10:25:25,PTBA,RG,3740,2,F,AK,XC,D
10:25:25,PTBA,RG,3740,100,F,AK,CC,D
10:25:25,PTBA,RG,3740,2,F,AK,CC,D
10:25:25,PTBA,RG,3740,602,F,AK,YP,D
10:25:25,PTBA,RG,3740,5,F,AK,YB,D
10:25:25,PTBA,RG,3740,5,F,AK,OD,D
10:25:25,PTBA,RG,3740,5,F,AK,CP,D
10:25:25,PTBA,RG,3740,10,F,AK,SQ,D
10:25:25,PTBA,RG,3740,10,F,AK,NI,D
10:25:25,PTBA,RG,3740,14,F,AK,YB,D
10:25:25,PTBA,RG,3740,400,F,AK,NI,D
10:25:25,PTBA,RG,3740,5,F,AK,PD,D
10:25:25,PTBA,RG,3740,2,F,AK,PD,D
10:25:25,PTBA,RG,3740,20,F,AK,YP,F
10:25:25,PTBA,RG,3740,1,F,AK,CC,D
10:25:25,PTBA,RG,3740,1,F,AK,CC,D
10:25:25,PTBA,RG,3740,434,F,AK,SF,D
10:25:24,PTBA,RG,3740,2,F,RX,SF,D
10:25:17,PTBA,RG,3740,15,D,EP,SF,D
10:24:59,PTBA,RG,3730,100,F,BK,PD,D
10:24:41,PTBA,RG,3740,17,F,BK,SF,D
10:23:45,PTBA,RG,3740,1,D,PD,SF,D
10:23:27,PTBA,RG,3740,7,F,BK,SF,D
10:22:53,PTBA,RG,3730,10,F,BK,AG,D
10:22:47,PTBA,RG,3730,1,F,BK,YB,D
10:22:47,PTBA,RG,3740,24,F,RX,SF,D
10:22:47,PTBA,RG,3740,7,F,RX,CC,D
10:22:47,PTBA,RG,3740,29,F,RX,DH,D
10:22:45,PTBA,RG,3740,11,F,RX,DH,D
10:22:44,PTBA,RG,3730,1,F,BK,YB,D
10:22:38,PTBA,RG,3730,100,F,BK,PD,D
10:22:37,PTBA,RG,3730,330,F,BK,BQ,D
10:22:37,PTBA,RG,3730,61,F,ZP,BQ,D
10:22:37,PTBA,RG,3730,25,D,NI,BQ,D
10:22:37,PTBA,RG,3730,38,D,NI,BQ,D
10:22:37,PTBA,RG,3730,15,D,NI,BQ,D
10:22:37,PTBA,RG,3730,31,D,NI,BQ,D
10:22:04,PTBA,RG,3740,18,F,BK,DH,D
10:21:58,PTBA,RG,3740,18,F,BK,DH,D
10:21:42,PTBA,RG,3740,18,F,BK,DH,D
10:21:37,PTBA,RG,3730,5,D,NI,NI,D
10:21:11,PTBA,RG,3730,2,D,NI,PD,D
10:20:58,PTBA,RG,3730,4,D,NI,YB,D
10:20:57,PTBA,RG,3740,6,F,AK,DH,D
10:20:57,PTBA,RG,3740,1,F,AK,YP,D
10:20:57,PTBA,RG,3740,1,F,AK,XC,D
10:20:57,PTBA,RG,3740,8,F,AK,SQ,D
10:20:56,PTBA,RG,3730,1,D,NI,YP,D
10:20:05,PTBA,RG,3730,30,D,NI,LG,D
10:19:08,PTBA,RG,3740,22,F,RX,SQ,D
10:19:08,PTBA,RG,3740,2,F,RX,GR,D
10:19:05,PTBA,RG,3740,8,F,RX,GR,D
