Time,Stock,Brd,Price,Qty,BT,BC,SC,ST
15:13:31,PTBA,RG,4040,7,D,DR,PD,D
15:13:07,PTBA,RG,4040,7,D,DR,YP,D
15:11:53,PTBA,RG,4040,30,D,DR,PD,D
15:11:47,PTBA,RG,4040,90,D,DR,DR,D
15:11:22,PTBA,RG,4040,2,D,DR,PD,D
15:11:22,PTBA,RG,4040,2,D,XC,PD,D
15:11:22,PTBA,RG,4040,2,D,PD,PD,D
15:11:22,PTBA,RG,4040,1,D,CC,PD,D
15:11:22,PTBA,RG,4040,2,D,YP,PD,D
15:11:22,PTBA,RG,4040,2,D,YP,PD,D
15:11:22,PTBA,RG,4040,10,D,PD,PD,D
15:11:22,PTBA,RG,4040,15,D,PD,PD,D
15:11:22,PTBA,RG,4040,5,D,YP,PD,D
15:11:22,PTBA,RG,4040,4,D,YP,PD,D
15:11:19,PTBA,RG,4040,1,D,YP,YB,D
15:10:57,PTBA,RG,4040,5,D,YP,SQ,D
15:10:57,PTBA,RG,4040,2,D,PD,SQ,D
15:10:57,PTBA,RG,4040,15,D,XL,SQ,D
15:10:57,PTBA,RG,4040,78,D,SQ,SQ,D
15:10:25,PTBA,RG,4040,2,D,SQ,CC,D
15:09:45,PTBA,RG,4040,20,D,SQ,XC,D
15:07:56,PTBA,RG,4040,2,D,XC,SQ,D
15:07:56,PTBA,RG,4040,8,D,XL,SQ,D
15:07:26,PTBA,RG,4040,4,D,XL,EP,D
15:07:26,PTBA,RG,4040,1,D,OD,EP,D
15:07:22,PTBA,RG,4040,1,D,OD,PD,D
15:07:22,PTBA,RG,4040,4,D,CC,PD,D
15:07:09,PTBA,RG,4040,9,D,CC,HP,D
15:07:09,PTBA,RG,4040,3,D,XC,HP,D
15:07:08,PTBA,RG,4040,7,D,XC,PD,D
15:07:08,PTBA,RG,4040,1,D,AZ,PD,D
15:07:08,PTBA,RG,4040,2,D,YP,PD,D
15:07:08,PTBA,RG,4040,1,D,PD,PD,D
15:07:08,PTBA,RG,4040,2,D,OD,PD,D
15:07:08,PTBA,RG,4040,12,D,YP,PD,D
15:06:57,PTBA,RG,4040,88,D,YP,YP,D
15:06:57,PTBA,RG,4040,5,D,KK,YP,D
15:06:57,PTBA,RG,4040,3,D,XC,YP,D
15:06:57,PTBA,RG,4040,3,D,XC,YP,D
15:06:57,PTBA,RG,4040,2,D,YP,YP,D
15:06:57,PTBA,RG,4040,2,D,NI,YP,D
15:06:57,PTBA,RG,4040,1,D,PD,YP,D
15:06:57,PTBA,RG,4040,15,D,CP,YP,D
15:06:57,PTBA,RG,4040,2,D,YB,YP,D
15:06:57,PTBA,RG,4040,1,D,NI,YP,D
15:06:57,PTBA,RG,4040,25,D,DR,YP,D
15:06:57,PTBA,RG,4040,1,D,PD,YP,D
15:06:57,PTBA,RG,4040,2,D,SQ,YP,D
15:06:57,PTBA,RG,4040,5,D,YP,YP,D
15:06:57,PTBA,RG,4040,5,D,YP,YP,D
15:06:57,PTBA,RG,4040,3,D,NI,YP,D
15:06:57,PTBA,RG,4040,20,D,PD,YP,D
15:06:57,PTBA,RG,4040,1,D,YP,YP,D
15:06:57,PTBA,RG,4040,77,D,DR,YP,D
15:06:57,PTBA,RG,4040,5,D,YP,YP,D
15:06:57,PTBA,RG,4040,1,D,XC,YP,D
15:06:57,PTBA,RG,4040,10,D,YP,YP,D
15:06:57,PTBA,RG,4040,6,D,XL,YP,D
15:06:57,PTBA,RG,4040,5,D,CC,YP,D
15:06:57,PTBA,RG,4040,5,D,PD,YP,D
15:06:57,PTBA,RG,4040,100,D,SQ,YP,D
15:06:57,PTBA,RG,4040,1,D,NI,YP,D
15:06:57,PTBA,RG,4040,3,D,YP,YP,D
15:06:57,PTBA,RG,4040,1,D,PD,YP,D
15:06:57,PTBA,RG,4040,2,D,AO,YP,D
15:06:57,PTBA,RG,4040,1,D,XC,YP,D
15:06:57,PTBA,RG,4040,1,D,NI,YP,D
15:06:57,PTBA,RG,4040,1,D,XC,YP,D
15:06:57,PTBA,RG,4040,70,D,PD,YP,D
15:06:31,PTBA,RG,4040,1,D,PD,PD,D
15:05:56,PTBA,RG,4040,10,D,PD,NI,D
15:05:32,PTBA,RG,4040,4,D,PD,EP,D
15:05:26,PTBA,RG,4040,2,D,PD,NI,D
15:04:32,PTBA,RG,4040,6,D,PD,PD,D
15:04:08,PTBA,RG,4040,10,D,PD,KK,D
15:04:06,PTBA,RG,4040,1,D,PD,PD,D
15:04:02,PTBA,RG,4040,46,D,PD,EP,D
15:04:02,PTBA,RG,4040,10,D,YP,EP,D
15:04:02,PTBA,RG,4040,1,D,XC,EP,D
15:04:02,PTBA,RG,4040,1,D,PD,EP,D
15:04:02,PTBA,RG,4040,5,D,SQ,EP,D
15:04:02,PTBA,RG,4040,1,D,YP,EP,D
15:04:02,PTBA,RG,4040,1,D,AI,EP,D
15:04:02,PTBA,RG,4040,1,D,XL,EP,D
15:04:02,PTBA,RG,4040,934,D,DX,EP,D
15:04:02,PTBA,RG,4040,1,D,DX,YB,D
15:03:58,PTBA,RG,4040,5,D,DX,KK,D
15:03:49,PTBA,RG,4040,150,D,DX,XA,D
15:03:41,PTBA,RG,4040,122,D,DX,MK,D
15:03:41,PTBA,RG,4040,1,D,DX,IF,D
15:03:41,PTBA,RG,4040,15,D,DX,PD,D
15:03:15,PTBA,RG,4040,250,D,DX,YP,D
15:02:59,PTBA,RG,4040,100,D,DX,DR,D
15:02:58,PTBA,RG,4040,122,D,DX,MK,D
15:02:43,PTBA,RG,4040,2,D,DX,XC,D
15:02:42,PTBA,RG,4040,5,D,DX,YB,D
15:02:37,PTBA,RG,4040,7,D,DX,BQ,D
15:02:22,PTBA,RG,4040,15,D,DX,XC,D
15:02:07,PTBA,RG,4040,5,D,DX,XC,D
15:01:57,PTBA,RG,4040,1,D,DX,XC,D
15:01:44,PTBA,RG,4040,2,D,DX,YP,D
15:01:39,PTBA,RG,4040,3,D,DX,YP,D
15:01:22,PTBA,RG,4040,150,D,DX,XA,D
15:01:12,PTBA,RG,4040,1,D,DX,YB,D
15:01:12,PTBA,RG,4040,75,D,DX,KK,D
15:01:11,PTBA,RG,4040,1,D,DX,EP,D
15:01:03,PTBA,RG,4040,427,D,DX,YU,D
15:01:00,PTBA,RG,4040,4,D,DX,XC,D
15:01:00,PTBA,RG,4040,7,D,DX,KK,D
15:01:00,PTBA,RG,4040,1,D,DX,YB,D
15:00:00,PTBA,RG,4040,4,D,DX,YB,D
15:00:00,PTBA,RG,4040,11,D,DX,YB,D
15:00:00,PTBA,RG,4040,11,D,DX,YP,D
15:00:00,PTBA,RG,4040,36,D,DX,YP,D
15:00:00,PTBA,RG,4040,3,D,DX,YP,D
15:00:00,PTBA,RG,4040,3,D,DX,YB,D
15:00:00,PTBA,RG,4040,700,D,DX,DR,D
15:00:00,PTBA,RG,4040,882,D,DX,CC,D
15:00:00,PTBA,RG,4040,100,D,YP,CC,D
15:00:00,PTBA,RG,4040,1000,D,CP,CC,D
15:00:00,PTBA,RG,4040,1120,F,CS,CC,D
15:00:00,PTBA,RG,4040,3,D,CC,CC,D
15:00:00,PTBA,RG,4040,10,D,CC,CC,D
15:00:00,PTBA,RG,4040,2,D,PD,CC,D
15:00:00,PTBA,RG,4040,200,D,BQ,CC,D
15:00:00,PTBA,RG,4040,10,D,KK,CC,D
15:00:00,PTBA,RG,4040,10,D,CC,CC,D
15:00:00,PTBA,RG,4040,4,D,KK,CC,D
15:00:00,PTBA,RG,4040,100,D,LG,CC,D
15:00:00,PTBA,RG,4040,1,D,XC,CC,D
15:00:00,PTBA,RG,4040,100,D,YP,CC,D
15:00:00,PTBA,RG,4040,1,D,MK,CC,D
15:00:00,PTBA,RG,4040,3,D,DR,CC,D
15:00:00,PTBA,RG,4040,10,D,YP,CC,D
15:00:00,PTBA,RG,4040,100,D,NI,CC,D
15:00:00,PTBA,RG,4040,100,D,OD,CC,D
15:00:00,PTBA,RG,4040,28,D,NI,CC,D
15:00:00,PTBA,RG,4040,5,D,PD,CC,D
15:00:00,PTBA,RG,4040,12,D,CC,CC,D
15:00:00,PTBA,RG,4040,50,D,NI,CC,D
15:00:00,PTBA,RG,4040,1,D,NI,CC,D
15:00:00,PTBA,RG,4040,3,D,PD,CC,D
15:00:00,PTBA,RG,4040,3,D,CC,CC,D
15:00:00,PTBA,RG,4040,200,D,YU,CC,D
15:00:00,PTBA,RG,4040,3,D,PD,CC,D
15:00:00,PTBA,RG,4040,47,D,YP,CC,D
15:00:00,PTBA,RG,4040,1,D,YP,CC,D
15:00:00,PTBA,RG,4040,5,D,YP,CC,D
15:00:00,PTBA,RG,4040,2,D,XC,CC,D
15:00:00,PTBA,RG,4040,1,D,DR,CC,D
15:00:00,PTBA,RG,4040,1,D,NI,CC,D
15:00:00,PTBA,RG,4040,1,D,YP,CC,D
15:00:00,PTBA,RG,4040,100,D,CC,CC,D
15:00:00,PTBA,RG,4040,2,D,PD,CC,D
15:00:00,PTBA,RG,4040,11,D,XC,CC,D
15:00:00,PTBA,RG,4040,10,D,XC,CC,D
15:00:00,PTBA,RG,4040,20,D,PD,CC,D
15:00:00,PTBA,RG,4040,11,D,XL,CC,D
15:00:00,PTBA,RG,4040,1,D,XC,CC,D
15:00:00,PTBA,RG,4040,2,D,PD,CC,D
15:00:00,PTBA,RG,4040,5,D,YP,CC,D
15:00:00,PTBA,RG,4040,2,D,XL,CC,D
15:00:00,PTBA,RG,4040,10,D,YP,CC,D
15:00:00,PTBA,RG,4040,1000,D,MG,CC,D
15:00:00,PTBA,RG,4040,1,D,NI,CC,D
15:00:00,PTBA,RG,4040,100,D,XC,CC,D
15:00:00,PTBA,RG,4040,50,D,DH,CC,D
15:00:00,PTBA,RG,4040,25,D,KK,CC,D
15:00:00,PTBA,RG,4040,3,D,KK,CC,D
15:00:00,PTBA,RG,4040,100,D,NI,CC,D
15:00:00,PTBA,RG,4040,125,D,OK,CC,D
15:00:00,PTBA,RG,4040,10,D,PD,CC,D
15:00:00,PTBA,RG,4040,130,D,YP,CC,D
15:00:00,PTBA,RG,4040,3,D,NI,CC,D
15:00:00,PTBA,RG,4040,1100,F,RX,CC,D
15:00:00,PTBA,RG,4040,12,F,AK,CC,D
15:00:00,PTBA,RG,4040,48,F,BK,CC,D
15:00:00,PTBA,RG,4040,50,F,BK,DR,D
15:00:00,PTBA,RG,4040,4,F,BK,YB,D
15:00:00,PTBA,RG,4040,10,F,BK,KK,D
15:00:00,PTBA,RG,4040,5,F,BK,PD,D
15:00:00,PTBA,RG,4040,25,F,BK,CP,D
15:00:00,PTBA,RG,4040,30,F,BK,YP,D
15:00:00,PTBA,RG,4040,1,F,BK,XL,D
15:00:00,PTBA,RG,4040,12,F,BK,XL,D
15:00:00,PTBA,RG,4040,100,F,BK,YP,D
15:00:00,PTBA,RG,4040,60,F,BK,YP,D
15:00:00,PTBA,RG,4040,7,F,BK,CC,D
15:00:00,PTBA,RG,4040,25,F,BK,YP,D
15:00:00,PTBA,RG,4040,50,F,BK,YP,D
15:00:00,PTBA,RG,4040,1,F,BK,XA,D
15:00:00,PTBA,RG,4040,100,F,BK,YP,D
15:00:00,PTBA,RG,4040,10,F,BK,YP,D
15:00:00,PTBA,RG,4040,250,F,BK,NI,D
15:00:00,PTBA,RG,4040,30,F,BK,CC,D
15:00:00,PTBA,RG,4040,75,F,BK,DR,D
15:00:00,PTBA,RG,4040,13,F,BK,YP,D
15:00:00,PTBA,RG,4040,2,F,BK,YB,D
15:00:00,PTBA,RG,4040,50,F,BK,CC,D
15:00:00,PTBA,RG,4040,25,F,BK,XA,D
15:00:00,PTBA,RG,4040,20,F,BK,HD,D
15:00:00,PTBA,RG,4040,143,D,KZ,HD,D
15:00:00,PTBA,RG,4040,141,D,KZ,YP,D
15:00:00,PTBA,RG,4040,2,D,KZ,YP,D
15:00:00,PTBA,RG,4040,7,F,ZP,YP,D
15:00:00,PTBA,RG,4040,23,F,ZP,YP,D
15:00:00,PTBA,RG,4040,23,F,AK,YP,D
15:00:00,PTBA,RG,4040,50,F,AK,YP,D
15:00:00,PTBA,RG,4040,100,F,AK,YP,D
15:00:00,PTBA,RG,4040,1561,F,AK,BQ,D
15:00:00,PTBA,RG,4040,1439,F,AK,BQ,D
15:00:00,PTBA,RG,4040,1,F,AK,ZP,F
15:00:00,PTBA,RG,4040,61,F,AK,ZP,F
15:00:00,PTBA,RG,4040,5,F,AK,ZP,F
15:00:00,PTBA,RG,4040,3,F,AK,GR,D
15:00:00,PTBA,RG,4040,7,F,ZP,GR,D
15:00:00,PTBA,RG,4040,25,F,ZP,GR,D
15:00:00,PTBA,RG,4040,8,F,ZP,AK,F
15:00:00,PTBA,RG,4040,3,D,YU,AK,F
15:00:00,PTBA,RG,4040,23,D,PD,AK,F
15:00:00,PTBA,RG,4040,39,D,PD,AK,F
15:00:00,PTBA,RG,4040,1,D,PD,AK,F
15:00:00,PTBA,RG,4040,1,D,PD,AK,F
15:00:00,PTBA,RG,4040,5,D,PD,KZ,D
14:49:58,PTBA,RG,4040,1,D,DX,ZP,F
14:49:58,PTBA,RG,4050,1,D,SQ,YU,D
14:49:58,PTBA,RG,4040,1,D,DX,ZP,F
14:49:57,PTBA,RG,4050,1,D,PD,YU,D
14:49:57,PTBA,RG,4050,2,D,IF,YU,D
14:49:56,PTBA,RG,4050,300,D,CC,YU,D
14:49:55,PTBA,RG,4040,5,D,DX,YU,F
14:49:54,PTBA,RG,4040,5,D,DX,ZP,F
14:49:50,PTBA,RG,4050,20,D,CC,YU,D
14:49:50,PTBA,RG,4040,3,D,DX,ZP,F
14:49:48,PTBA,RG,4040,526,D,DX,BQ,D
14:49:45,PTBA,RG,4040,1,D,DX,AK,F
14:49:42,PTBA,RG,4040,3,D,DX,YP,D
14:49:40,PTBA,RG,4050,5,D,EP,YU,D
14:49:39,PTBA,RG,4040,4,D,DX,KK,D
14:49:38,PTBA,RG,4050,1,D,XC,YU,D
14:49:37,PTBA,RG,4050,10,D,BQ,YU,D
14:49:37,PTBA,RG,4040,2,D,DX,ZP,F
14:49:35,PTBA,RG,4050,71,F,AK,YU,D
14:49:35,PTBA,RG,4040,363,D,DX,RX,D
14:49:34,PTBA,RG,4050,9,D,HP,YU,D
14:49:34,PTBA,RG,4040,30,D,DX,RX,D
14:49:34,PTBA,RG,4040,10,D,YP,RX,D
14:49:34,PTBA,RG,4040,10,D,YP,RX,D
14:49:34,PTBA,RG,4040,1,D,XC,RX,D
14:49:34,PTBA,RG,4040,37,D,CC,RX,D
14:49:32,PTBA,RG,4040,144,D,CC,RX,D
14:49:31,PTBA,RG,4050,6,D,PD,YU,D
14:49:30,PTBA,RG,4050,10,D,XC,YU,D
14:49:28,PTBA,RG,4040,125,D,CC,RX,D
14:49:27,PTBA,RG,4050,1,D,SQ,YU,D
14:49:27,PTBA,RG,4040,6,D,CC,ZP,F
14:49:27,PTBA,RG,4040,31,D,CC,RX,D
14:49:27,PTBA,RG,4040,21,D,CC,RX,D
14:49:23,PTBA,RG,4050,142,F,AK,YU,D
14:49:23,PTBA,RG,4050,200,D,CC,YU,D
14:49:22,PTBA,RG,4040,245,D,CC,BQ,D
14:49:21,PTBA,RG,4040,27,D,CC,RX,D
14:49:20,PTBA,RG,4050,27,D,XC,YU,D
14:49:17,PTBA,RG,4040,91,D,CC,RX,D
14:49:15,PTBA,RG,4050,1,D,SQ,YU,D
14:49:15,PTBA,RG,4050,2,D,PD,YU,D
14:49:14,PTBA,RG,4040,15,D,CC,ZP,F
14:49:13,PTBA,RG,4050,5,D,XC,YU,D
14:49:13,PTBA,RG,4050,1,D,XL,YU,D
14:49:13,PTBA,RG,4050,5,D,EP,YU,D
14:49:13,PTBA,RG,4050,1,D,SQ,YU,D
14:49:13,PTBA,RG,4050,500,D,CC,YU,D
14:49:13,PTBA,RG,4050,20,D,EP,YU,D
14:49:13,PTBA,RG,4050,6,D,PD,YU,D
14:49:13,PTBA,RG,4050,25,D,PD,YU,D
14:49:13,PTBA,RG,4050,30,D,BQ,YU,D
14:49:13,PTBA,RG,4050,1,D,SQ,YU,D
14:49:13,PTBA,RG,4050,100,D,YP,YU,D
14:49:13,PTBA,RG,4050,25,D,XL,YU,D
14:49:13,PTBA,RG,4050,2,D,YP,YU,D
14:49:13,PTBA,RG,4050,50,D,NI,YU,D
14:49:13,PTBA,RG,4050,8,D,CC,YU,D
14:49:13,PTBA,RG,4050,100,D,NI,YU,D
14:49:13,PTBA,RG,4050,1,F,AK,YU,D
14:49:13,PTBA,RG,4050,1,D,YP,YU,D
14:49:13,PTBA,RG,4050,5,D,XC,YU,D
14:49:13,PTBA,RG,4050,5,D,PD,YU,D
14:49:13,PTBA,RG,4050,10,D,NI,YU,D
14:49:13,PTBA,RG,4050,23,D,EP,YU,D
14:49:13,PTBA,RG,4050,5,D,XC,YU,D
14:49:13,PTBA,RG,4050,1,D,AI,YU,D
14:49:13,PTBA,RG,4050,10,D,YP,YU,D
14:49:13,PTBA,RG,4050,1,D,YP,YU,D
14:49:13,PTBA,RG,4050,10,D,YP,YU,D
14:49:13,PTBA,RG,4050,63,D,KK,YU,D
14:49:12,PTBA,RG,4050,36,D,KK,RX,D
14:49:12,PTBA,RG,4060,5,F,ZP,BQ,D
14:49:09,PTBA,RG,4050,101,D,KK,RX,D
14:49:09,PTBA,RG,4050,20,D,XA,RX,D
14:49:09,PTBA,RG,4050,15,D,CC,RX,D
14:49:09,PTBA,RG,4060,7,F,ZP,BQ,D
14:49:08,PTBA,RG,4050,20,D,CC,XC,D
14:49:08,PTBA,RG,4050,1,D,YP,XC,D
14:49:08,PTBA,RG,4050,1,D,YP,XC,D
14:49:08,PTBA,RG,4050,1,D,PD,XC,D
14:49:06,PTBA,RG,4050,4,D,YP,RX,D
14:49:06,PTBA,RG,4050,2,D,XC,RX,D
14:49:06,PTBA,RG,4050,24,D,YP,RX,D
14:49:06,PTBA,RG,4050,16,D,PD,RX,D
14:49:06,PTBA,RG,4050,33,D,PD,RX,D
14:49:04,PTBA,RG,4050,2,D,PD,YP,D
14:49:00,PTBA,RG,4050,29,D,PD,RX,D
14:49:00,PTBA,RG,4050,1,D,PD,AK,D
14:48:58,PTBA,RG,4050,4,D,PD,SQ,D
14:48:57,PTBA,RG,4050,10,D,PD,YP,D
14:48:55,PTBA,RG,4050,4,D,PD,AK,D
14:48:55,PTBA,RG,4050,1,D,XC,AK,D
14:48:55,PTBA,RG,4050,12,D,PD,AK,D
14:48:55,PTBA,RG,4050,1,D,PD,AK,D
14:48:55,PTBA,RG,4050,1,D,PD,AK,D
14:48:54,PTBA,RG,4050,6,D,PD,RX,D
14:48:54,PTBA,RG,4050,8,D,CC,RX,D
14:48:54,PTBA,RG,4050,13,D,XL,RX,D
14:48:54,PTBA,RG,4050,2,D,XC,RX,D
14:48:54,PTBA,RG,4050,3,D,XC,RX,D
14:48:54,PTBA,RG,4050,7,D,PD,RX,D
14:48:54,PTBA,RG,4060,10,D,GR,BQ,D
14:48:51,PTBA,RG,4060,3,F,ZP,BQ,D
14:48:51,PTBA,RG,4060,3,F,ZP,BQ,D
14:48:50,PTBA,RG,4050,16,D,PD,YU,F
14:48:46,PTBA,RG,4050,1,D,PD,AK,D
14:48:45,PTBA,RG,4050,1,D,PD,AK,F
14:48:45,PTBA,RG,4050,14,D,YP,AK,F
14:48:45,PTBA,RG,4050,2,D,YP,AK,F
14:48:43,PTBA,RG,4050,4,D,YP,RX,D
14:48:43,PTBA,RG,4050,2,D,KK,RX,D
14:48:43,PTBA,RG,4050,5,D,SQ,RX,D
14:48:43,PTBA,RG,4050,1,D,XC,RX,D
14:48:43,PTBA,RG,4050,5,D,PD,RX,D
14:48:43,PTBA,RG,4050,1,D,XC,RX,D
14:48:43,PTBA,RG,4050,1,D,YP,RX,D
14:48:43,PTBA,RG,4050,1,D,YP,RX,D
14:48:43,PTBA,RG,4050,1,D,CC,RX,D
14:48:43,PTBA,RG,4050,1,D,XL,RX,D
14:48:43,PTBA,RG,4050,2,F,ZP,RX,D
14:48:43,PTBA,RG,4050,16,D,GR,RX,D
14:48:43,PTBA,RG,4060,2,F,ZP,BQ,D
14:48:43,PTBA,RG,4050,34,D,GR,EP,D
14:48:43,PTBA,RG,4050,5,D,SQ,EP,D
14:48:43,PTBA,RG,4050,12,D,YP,EP,D
14:48:43,PTBA,RG,4050,1,D,YP,EP,D
14:48:43,PTBA,RG,4050,2,D,YP,EP,D
14:48:43,PTBA,RG,4050,6,F,ZP,EP,D
14:48:43,PTBA,RG,4050,2,F,ZP,EP,D
14:48:43,PTBA,RG,4050,15,D,NI,EP,D
14:48:43,PTBA,RG,4050,50,D,YP,EP,D
14:48:43,PTBA,RG,4050,173,F,CS,EP,D
14:48:41,PTBA,RG,4050,461,F,CS,PD,D
14:48:41,PTBA,RG,4050,139,D,CC,PD,D
14:48:40,PTBA,RG,4050,3,D,CC,AK,D
14:48:39,PTBA,RG,4050,190,D,CC,BQ,D
14:48:35,PTBA,RG,4050,21,D,CC,RX,D
14:48:35,PTBA,RG,4050,28,D,CC,RX,D
14:48:32,PTBA,RG,4060,1,F,ZP,BQ,D
14:48:32,PTBA,RG,4050,29,D,CC,RX,D
14:48:30,PTBA,RG,4050,30,D,CC,ZP,F
14:48:30,PTBA,RG,4060,4,D,CC,BQ,D
14:48:30,PTBA,RG,4060,353,D,CC,RX,D
14:48:28,PTBA,RG,4060,3,D,PD,RX,D
14:48:25,PTBA,RG,4050,310,D,CC,BQ,D
14:48:24,PTBA,RG,4050,36,D,CC,RX,D
14:48:21,PTBA,RG,4050,510,D,CC,BQ,D
14:48:21,PTBA,RG,4060,50,D,CC,RX,D
14:48:21,PTBA,RG,4060,2,F,ZP,RX,D
14:48:21,PTBA,RG,4050,90,D,CC,RX,D
14:48:20,PTBA,RG,4060,2,D,XC,RX,D
14:48:17,PTBA,RG,4050,200,D,CC,EP,D
14:48:16,PTBA,RG,4050,22,D,CC,RX,D
14:48:16,PTBA,RG,4050,30,D,CC,RX,D
14:48:15,PTBA,RG,4050,12,D,CC,AK,D
14:48:15,PTBA,RG,4050,750,D,CC,YU,D
14:48:14,PTBA,RG,4050,35,D,CC,RX,D
14:48:14,PTBA,RG,4050,1,D,CC,AK,D
14:48:13,PTBA,RG,4050,94,D,CC,RX,D
14:48:10,PTBA,RG,4050,2,D,CC,AK,D
14:48:10,PTBA,RG,4050,750,D,CC,YU,D
14:48:06,PTBA,RG,4060,4,F,ZP,RX,D
14:48:06,PTBA,RG,4060,5,D,AZ,RX,D
14:48:04,PTBA,RG,4050,29,D,CC,RX,D
14:48:04,PTBA,RG,4050,69,D,CC,RX,D
14:48:02,PTBA,RG,4050,54,D,CC,RX,D
14:48:00,PTBA,RG,4050,10,D,CC,AK,F
14:47:59,PTBA,RG,4050,2,D,CC,AT,D
14:47:59,PTBA,RG,4050,8,D,CC,HP,D
14:47:58,PTBA,RG,4050,14,D,CC,SQ,D
14:47:57,PTBA,RG,4060,1,D,NI,RX,D
14:47:56,PTBA,RG,4050,6,D,CC,AK,D
14:47:56,PTBA,RG,4050,3,D,CC,YU,D
14:47:56,PTBA,RG,4050,15,D,CC,RX,D
14:47:56,PTBA,RG,4050,25,D,CC,RX,D
14:47:55,PTBA,RG,4050,17,D,CC,RX,D
14:47:54,PTBA,RG,4050,7,D,CC,RX,D
14:47:54,PTBA,RG,4050,17,D,CC,RX,D
14:47:53,PTBA,RG,4050,22,D,CC,ZP,F
14:47:53,PTBA,RG,4050,1000,D,CC,SA,D
14:47:53,PTBA,RG,4050,5,D,CC,RX,D
14:47:51,PTBA,RG,4050,91,D,CC,RX,D
14:47:45,PTBA,RG,4050,4,D,CC,AK,F
14:47:45,PTBA,RG,4050,32,D,CC,RX,D
14:47:43,PTBA,RG,4050,119,D,CC,RX,D
14:47:42,PTBA,RG,4060,7,F,ZP,RX,D
14:47:36,PTBA,RG,4050,29,D,CC,RX,D
14:47:33,PTBA,RG,4050,16,D,CC,RX,D
14:47:33,PTBA,RG,4050,26,D,CC,RX,D
14:47:32,PTBA,RG,4050,77,D,CC,RX,D
14:47:28,PTBA,RG,4050,39,D,CC,RX,D
14:47:22,PTBA,RG,4050,90,D,CC,RX,D
14:47:22,PTBA,RG,4060,24,D,CP,RX,D
14:47:22,PTBA,RG,4060,1,D,YP,RX,D
14:47:16,PTBA,RG,4050,18,D,CC,RX,D
14:47:16,PTBA,RG,4050,39,D,CC,RX,D
14:47:15,PTBA,RG,4050,24,D,CC,RX,D
14:47:15,PTBA,RG,4050,6,D,CC,AK,F
14:47:15,PTBA,RG,4050,23,D,CC,AK,D
14:47:14,PTBA,RG,4050,114,D,CC,RX,D
14:47:05,PTBA,RG,4050,23,D,CC,RX,D
14:47:04,PTBA,RG,4050,95,D,CC,RX,D
14:46:58,PTBA,RG,4060,7,D,PD,RX,D
14:46:55,PTBA,RG,4050,83,D,CC,RX,D
14:46:53,PTBA,RG,4060,8,F,ZP,RX,D
14:46:47,PTBA,RG,4050,103,D,CC,RX,D
14:46:41,PTBA,RG,4060,10,D,PD,RX,D
14:46:37,PTBA,RG,4050,104,D,CC,RX,D
14:46:34,PTBA,RG,4050,104,D,CC,YU,D
14:46:34,PTBA,RG,4060,1,D,YU,RX,D
14:46:32,PTBA,RG,4060,1,D,YU,RX,D
14:46:23,PTBA,RG,4060,1,D,NI,RX,D
14:46:18,PTBA,RG,4060,109,D,XL,RX,D
14:46:18,PTBA,RG,4050,24,D,CC,RX,D
14:46:17,PTBA,RG,4050,132,D,CC,CC,D
14:46:17,PTBA,RG,4050,3,D,PD,CC,D
14:46:17,PTBA,RG,4050,20,D,CC,CC,D
14:46:17,PTBA,RG,4050,250,D,OD,CC,D
14:46:17,PTBA,RG,4050,5,F,ZP,CC,D
14:46:17,PTBA,RG,4050,1000,D,MG,CC,D
14:46:17,PTBA,RG,4050,217,D,CP,CC,D
14:46:13,PTBA,RG,4050,1,D,CP,YP,D
14:46:09,PTBA,RG,4050,26,D,CP,ZP,F
14:46:09,PTBA,RG,4060,3,D,PD,RX,D
14:46:00,PTBA,RG,4050,87,D,CP,YU,D
14:45:59,PTBA,RG,4060,1,D,XC,RX,D
14:45:58,PTBA,RG,4060,7,F,ZP,RX,D
14:45:54,PTBA,RG,4060,12,D,DX,RX,D
14:45:54,PTBA,RG,4060,58,D,DX,RX,D
14:45:49,PTBA,RG,4060,316,D,MG,RX,D
14:45:49,PTBA,RG,4060,87,D,MG,RX,D
14:45:49,PTBA,RG,4060,123,D,MG,RX,D
14:45:49,PTBA,RG,4060,282,D,MG,RX,D
14:45:49,PTBA,RG,4060,20,D,MG,YP,D
14:45:49,PTBA,RG,4060,19,D,MG,AK,F
14:45:49,PTBA,RG,4060,13,D,MG,AK,D
14:45:49,PTBA,RG,4060,1,D,MG,PD,D
14:45:49,PTBA,RG,4060,20,D,MG,EP,D
14:45:49,PTBA,RG,4060,27,D,MG,XA,D
14:45:49,PTBA,RG,4060,92,D,MG,DR,D
14:45:48,PTBA,RG,4060,1,D,XC,DR,D
14:45:46,PTBA,RG,4060,10,D,PD,DR,D
14:45:41,PTBA,RG,4050,204,D,CP,RX,D
14:45:40,PTBA,RG,4050,29,D,CP,RX,D
14:45:39,PTBA,RG,4050,22,D,CP,RX,D
14:45:37,PTBA,RG,4050,100,D,CP,PD,D
14:45:37,PTBA,RG,4050,25,D,CP,RX,D
14:45:32,PTBA,RG,4050,36,D,CP,RX,D
14:45:23,PTBA,RG,4050,113,D,CP,RX,D
14:45:22,PTBA,RG,4050,28,D,CP,RX,D
14:45:19,PTBA,RG,4050,29,D,CP,RX,D
14:45:18,PTBA,RG,4050,16,D,CP,RX,D
14:45:18,PTBA,RG,4050,12,D,CP,ZP,F
14:45:13,PTBA,RG,4050,28,D,CP,RX,D
14:45:12,PTBA,RG,4050,27,D,CP,RX,D
14:45:12,PTBA,RG,4050,65,D,NI,RX,D
14:45:09,PTBA,RG,4050,10,D,NI,XC,D
14:45:08,PTBA,RG,4060,1,F,ZP,DR,D
14:45:05,PTBA,RG,4050,25,D,NI,RX,D
14:45:05,PTBA,RG,4050,10,D,PD,RX,D
14:45:05,PTBA,RG,4050,2,D,YP,RX,D
14:45:04,PTBA,RG,4050,8,D,YP,RX,D
14:45:04,PTBA,RG,4050,3,D,XC,RX,D
14:45:04,PTBA,RG,4050,1,F,AK,RX,D
14:45:04,PTBA,RG,4050,5,D,YP,RX,D
14:45:04,PTBA,RG,4050,1,D,AZ,RX,D
14:45:04,PTBA,RG,4050,5,D,XC,RX,D
14:45:04,PTBA,RG,4050,17,D,PD,RX,D
14:45:04,PTBA,RG,4050,1,D,PD,RX,D
14:45:04,PTBA,RG,4050,1,D,SQ,RX,D
14:45:04,PTBA,RG,4050,12,D,NI,RX,D
14:45:04,PTBA,RG,4050,74,F,CC,RX,D
14:45:02,PTBA,RG,4050,21,F,CC,RX,D
14:45:00,PTBA,RG,4050,18,F,CC,RX,D
14:45:00,PTBA,RG,4050,20,F,CC,KK,D
14:45:00,PTBA,RG,4050,81,F,CC,CC,D
14:45:00,PTBA,RG,4050,1,D,XC,CC,D
14:45:00,PTBA,RG,4050,50,D,NI,CC,D
14:45:00,PTBA,RG,4050,1,D,XC,CC,D
14:45:00,PTBA,RG,4050,27,D,CC,CC,D
14:45:00,PTBA,RG,4050,13,D,PD,CC,D
14:45:00,PTBA,RG,4050,3,D,AZ,CC,D
14:45:00,PTBA,RG,4050,5,D,NI,CC,D
14:45:00,PTBA,RG,4050,6,D,XC,CC,D
14:45:00,PTBA,RG,4050,1,F,ZP,CC,D
14:45:00,PTBA,RG,4050,9,D,DX,CC,D
14:45:00,PTBA,RG,4050,52,D,DX,CC,D
14:45:00,PTBA,RG,4050,843,F,CS,CC,D
14:45:00,PTBA,RG,4050,5,D,EP,CC,D
14:45:00,PTBA,RG,4050,50,D,YP,CC,D
14:45:00,PTBA,RG,4050,1,F,ZP,CC,D
14:45:00,PTBA,RG,4050,26,D,TF,CC,D
14:45:00,PTBA,RG,4060,285,F,AK,DR,D
14:44:59,PTBA,RG,4060,40,D,PD,DR,D
14:44:56,PTBA,RG,4060,1000,D,MG,DR,D
14:44:56,PTBA,RG,4060,3,D,PD,DR,D
14:44:55,PTBA,RG,4050,31,D,TF,RX,D
14:44:53,PTBA,RG,4050,109,D,TF,RX,D
14:44:49,PTBA,RG,4050,29,D,TF,RX,D
14:44:48,PTBA,RG,4050,5,D,TF,PD,D
14:44:48,PTBA,RG,4050,1,D,NI,PD,D
14:44:48,PTBA,RG,4050,1,D,PD,PD,D
14:44:48,PTBA,RG,4050,1,F,ZP,PD,D
14:44:48,PTBA,RG,4050,6,F,ZP,PD,D
14:44:48,PTBA,RG,4050,1,D,YP,PD,D
14:44:48,PTBA,RG,4050,6,D,CC,PD,D
14:44:47,PTBA,RG,4050,41,F,BK,RX,D
14:44:44,PTBA,RG,4050,21,F,BK,RX,D
14:44:44,PTBA,RG,4050,37,F,BK,RX,D
14:44:44,PTBA,RG,4050,1,F,ZP,RX,D
14:44:44,PTBA,RG,4050,5,D,YP,RX,D
14:44:44,PTBA,RG,4050,1,F,AK,RX,D
14:44:44,PTBA,RG,4050,5,D,PD,RX,D
14:44:44,PTBA,RG,4050,1,D,PD,RX,D
14:44:44,PTBA,RG,4050,2,D,YP,RX,D
14:44:44,PTBA,RG,4050,2,D,YP,RX,D
14:44:44,PTBA,RG,4050,1,D,YP,RX,D
14:44:44,PTBA,RG,4050,66,D,OD,RX,D
14:44:43,PTBA,RG,4060,6,F,AK,DR,D
14:44:41,PTBA,RG,4050,1,D,OD,CC,D
14:44:36,PTBA,RG,4050,42,D,OD,RX,D
14:44:34,PTBA,RG,4050,120,D,OD,RX,D
14:44:30,PTBA,RG,4050,28,D,OD,RX,D
14:44:28,PTBA,RG,4050,6,D,OD,YP,D
14:44:28,PTBA,RG,4050,12,D,OD,YB,D
14:44:25,PTBA,RG,4050,31,D,OD,RX,D
14:44:25,PTBA,RG,4050,20,D,OD,RX,D
14:44:24,PTBA,RG,4050,74,D,OD,RX,D
14:44:24,PTBA,RG,4050,2,D,XC,RX,D
14:44:24,PTBA,RG,4050,6,D,XC,RX,D
14:44:24,PTBA,RG,4050,20,D,YP,RX,D
14:44:24,PTBA,RG,4050,31,D,DX,RX,D
14:44:19,PTBA,RG,4060,20,D,YU,DR,D
14:44:18,PTBA,RG,4060,49,D,YP,DR,D
14:44:17,PTBA,RG,4060,8,F,ZP,DR,D
14:44:17,PTBA,RG,4050,30,D,DX,RX,D
14:44:16,PTBA,RG,4050,25,D,DX,YP,D
14:44:13,PTBA,RG,4050,25,D,DX,RX,D
14:44:13,PTBA,RG,4050,96,D,DX,RX,D
14:44:09,PTBA,RG,4050,42,D,DX,RX,D
14:44:09,PTBA,RG,4050,22,D,DX,PD,D
14:44:08,PTBA,RG,4050,23,D,DX,RX,D
14:44:05,PTBA,RG,4050,120,D,DX,RX,D
14:44:02,PTBA,RG,4050,19,D,DX,KK,D
14:44:01,PTBA,RG,4050,186,D,DX,YU,D
14:43:58,PTBA,RG,4050,50,D,DX,KK,D
14:43:58,PTBA,RG,4050,30,D,DX,RX,D
14:43:57,PTBA,RG,4060,2,D,PD,DR,D
14:43:57,PTBA,RG,4050,27,D,DX,RX,D
14:43:55,PTBA,RG,4050,109,D,DX,RX,D
14:43:54,PTBA,RG,4060,7,D,XC,DR,D
14:43:50,PTBA,RG,4050,38,D,DX,RX,D
14:43:47,PTBA,RG,4050,24,D,DX,RX,D
14:43:46,PTBA,RG,4050,109,D,DX,RX,D
14:43:40,PTBA,RG,4050,42,D,DX,RX,D
14:43:40,PTBA,RG,4050,35,D,DX,RX,D
14:43:39,PTBA,RG,4050,50,D,DX,OD,D
14:43:37,PTBA,RG,4050,1,D,DX,XC,D
14:43:37,PTBA,RG,4050,120,D,DX,RX,D
14:43:29,PTBA,RG,4050,30,D,DX,RX,D
14:43:27,PTBA,RG,4050,21,D,DX,RX,D
14:43:27,PTBA,RG,4050,133,D,DX,RX,D
14:43:26,PTBA,RG,4060,1,F,ZP,DR,D
14:43:26,PTBA,RG,4050,11,D,DX,CC,D
14:43:22,PTBA,RG,4060,3,D,XL,DR,D
14:43:21,PTBA,RG,4050,42,D,DX,RX,D
14:43:18,PTBA,RG,4050,18,D,DX,RX,D
14:43:16,PTBA,RG,4050,132,D,DX,RX,D
14:43:15,PTBA,RG,4050,54,D,DX,AK,D
14:43:10,PTBA,RG,4050,2143,D,DX,YU,D
14:43:09,PTBA,RG,4050,38,D,DX,RX,D
14:43:07,PTBA,RG,4050,23,D,DX,RX,D
14:43:06,PTBA,RG,4050,33,D,DX,RX,D
14:43:04,PTBA,RG,4050,108,D,DX,RX,D
14:43:03,PTBA,RG,4050,11,D,DX,YP,D
14:43:00,PTBA,RG,4050,1434,D,DX,CC,D
14:42:59,PTBA,RG,4050,38,D,DX,RX,D
14:42:57,PTBA,RG,4060,4,D,XC,DR,D
14:42:55,PTBA,RG,4050,133,D,DX,RX,D
14:42:51,PTBA,RG,4060,5,D,PD,DR,D
14:42:49,PTBA,RG,4050,34,D,DX,RX,D
14:42:47,PTBA,RG,4050,21,D,DX,RX,D
14:42:45,PTBA,RG,4050,27,D,DX,RX,D
14:42:45,PTBA,RG,4060,1,D,SQ,DR,D
14:42:44,PTBA,RG,4050,109,D,DX,RX,D
14:42:41,PTBA,RG,4050,4153,D,DX,YU,D
14:42:41,PTBA,RG,4050,1,D,XC,YU,D
14:42:41,PTBA,RG,4050,4,D,PD,YU,D
14:42:41,PTBA,RG,4050,10,D,YP,YU,D
14:42:41,PTBA,RG,4050,500,D,CC,YU,D
14:42:41,PTBA,RG,4050,3,D,CC,YU,D
14:42:41,PTBA,RG,4050,17,D,PD,YU,D
14:42:40,PTBA,RG,4050,35,D,PD,RX,D
14:42:35,PTBA,RG,4050,47,D,PD,RX,D
14:42:35,PTBA,RG,4050,2,D,PD,RX,D
14:42:35,PTBA,RG,4050,1,D,EP,RX,D
14:42:35,PTBA,RG,4050,55,D,PD,RX,D
14:42:35,PTBA,RG,4050,142,D,DR,RX,D
14:42:33,PTBA,RG,4060,5,D,XC,DR,D
14:42:32,PTBA,RG,4050,21,D,DR,PD,D
14:42:31,PTBA,RG,4050,37,D,DR,RX,D
14:42:31,PTBA,RG,4050,10,D,KK,RX,D
14:42:31,PTBA,RG,4050,22,D,YP,RX,D
14:42:31,PTBA,RG,4050,1,D,KI,RX,D
14:42:29,PTBA,RG,4060,25,D,PD,DR,D
14:42:28,PTBA,RG,4050,38,D,KI,RX,D
14:42:28,PTBA,RG,4050,49,D,KI,RX,D
14:42:25,PTBA,RG,4050,12,D,KI,RX,D
14:42:25,PTBA,RG,4050,10,D,YP,RX,D
14:42:25,PTBA,RG,4050,1,D,NI,RX,D
14:42:25,PTBA,RG,4050,114,D,DH,RX,D
14:42:23,PTBA,RG,4050,39,D,DH,RX,D
14:42:21,PTBA,RG,4050,1,D,DH,CC,D
14:42:20,PTBA,RG,4060,2,D,XL,DR,D
14:42:14,PTBA,RG,4050,46,D,DH,RX,D
14:42:14,PTBA,RG,4050,65,D,OD,RX,D
14:42:13,PTBA,RG,4050,35,D,OD,RX,D
14:42:08,PTBA,RG,4050,19,D,DH,RX,D
14:42:06,PTBA,RG,4050,21,D,DH,RX,D
14:42:05,PTBA,RG,4050,60,D,DH,RX,D
14:42:05,PTBA,RG,4050,20,D,NI,RX,D
14:42:05,PTBA,RG,4050,5,D,NI,RX,D
14:42:05,PTBA,RG,4050,25,D,XA,RX,D
14:42:04,PTBA,RG,4060,50,D,GR,DR,D
14:42:04,PTBA,RG,4060,1,D,YP,DR,D
14:42:04,PTBA,RG,4060,50,F,CC,DR,D
14:42:04,PTBA,RG,4060,1,F,ZP,DR,D
14:42:04,PTBA,RG,4060,1,F,ZP,DR,D
14:42:04,PTBA,RG,4060,10,F,ZP,DR,D
14:42:04,PTBA,RG,4060,123,D,SQ,DR,D
14:42:04,PTBA,RG,4060,2,D,XC,DR,D
14:42:04,PTBA,RG,4060,1,F,ZP,DR,D
14:42:04,PTBA,RG,4060,191,D,KK,DR,D
14:42:04,PTBA,RG,4060,39,D,KK,RX,D
14:42:00,PTBA,RG,4060,20,D,KK,YU,D
14:42:00,PTBA,RG,4060,10,D,XL,YU,D
14:42:00,PTBA,RG,4060,20,D,NI,YU,D
14:42:00,PTBA,RG,4060,2,D,XC,YU,D
14:42:00,PTBA,RG,4060,1,F,ZP,YU,D
14:42:00,PTBA,RG,4060,2,D,YP,YU,D
14:42:00,PTBA,RG,4060,1,D,NI,YU,D
14:42:00,PTBA,RG,4060,1,F,AK,YU,D
14:42:00,PTBA,RG,4060,50,D,CP,YU,D
14:42:00,PTBA,RG,4060,19,D,XL,YU,D
14:42:00,PTBA,RG,4060,1,F,ZP,YU,D
14:42:00,PTBA,RG,4060,2,D,YP,YU,D
14:42:00,PTBA,RG,4060,310,F,BK,BQ,D
14:41:58,PTBA,RG,4060,3,F,BK,XL,D
14:41:57,PTBA,RG,4060,34,F,BK,RX,D
14:41:56,PTBA,RG,4060,127,F,BK,RX,D
14:41:56,PTBA,RG,4060,5,D,XL,RX,D
14:41:56,PTBA,RG,4060,5,F,CC,RX,D
14:41:55,PTBA,RG,4060,7,F,CC,BQ,D
14:41:55,PTBA,RG,4060,1,F,ZP,BQ,D
14:41:55,PTBA,RG,4060,1,D,SQ,BQ,D
14:41:55,PTBA,RG,4060,47,D,DX,BQ,D
14:41:55,PTBA,RG,4060,11,D,DX,BQ,D
14:41:55,PTBA,RG,4060,20,D,CC,BQ,D
14:41:55,PTBA,RG,4060,1,F,ZP,BQ,D
14:41:55,PTBA,RG,4060,8,F,ZP,BQ,D
14:41:55,PTBA,RG,4060,184,D,CC,BQ,D
14:41:54,PTBA,RG,4060,1,D,CC,YP,D
14:41:54,PTBA,RG,4060,39,D,CC,RX,D
14:41:48,PTBA,RG,4060,21,D,CC,RX,D
14:41:45,PTBA,RG,4060,136,D,CC,RX,D
14:41:44,PTBA,RG,4060,32,D,CC,RX,D
14:41:38,PTBA,RG,4060,22,D,CC,PD,D
14:41:37,PTBA,RG,4060,19,D,CC,ZP,F
14:41:36,PTBA,RG,4060,8,D,CC,RX,D
14:41:36,PTBA,RG,4060,26,F,CS,RX,D
14:41:36,PTBA,RG,4060,18,F,CS,RX,D
14:41:34,PTBA,RG,4060,111,F,CS,RX,D
14:41:30,PTBA,RG,4070,7,D,XC,YU,D
14:41:30,PTBA,RG,4060,17,F,CS,RX,D
14:41:27,PTBA,RG,4060,39,F,CS,RX,D
14:41:25,PTBA,RG,4060,124,F,CS,RX,D
14:41:25,PTBA,RG,4060,18,F,CS,RX,D
14:41:21,PTBA,RG,4070,7,F,ZP,YU,D
14:41:17,PTBA,RG,4070,9,D,XL,YU,D
14:41:17,PTBA,RG,4060,18,F,CS,RX,D
14:41:15,PTBA,RG,4060,21,F,CS,RX,D
14:41:13,PTBA,RG,4060,23,F,CS,RX,D
14:41:10,PTBA,RG,4070,1,D,XL,YU,D
14:40:54,PTBA,RG,4060,26,F,CS,PD,D
14:40:45,PTBA,RG,4070,10,D,NI,YU,D
14:40:36,PTBA,RG,4060,23,F,CS,NI,D
14:40:35,PTBA,RG,4060,150,F,CS,RF,D
14:40:18,PTBA,RG,4070,60,D,SQ,YU,D
14:40:10,PTBA,RG,4070,63,D,DX,YU,D
14:40:09,PTBA,RG,4070,12,D,DX,YU,D
14:40:08,PTBA,RG,4060,30,F,CS,XC,D
14:40:07,PTBA,RG,4060,240,F,CS,YU,D
14:40:07,PTBA,RG,4060,10,F,ZP,YU,D
14:40:07,PTBA,RG,4060,7,F,ZP,YU,D
14:40:07,PTBA,RG,4060,243,D,BQ,YU,D
14:40:06,PTBA,RG,4060,2,D,BQ,YU,F
14:40:06,PTBA,RG,4060,5,D,BQ,PD,D
14:40:06,PTBA,RG,4060,6,D,BQ,EP,D
14:40:06,PTBA,RG,4060,14,D,BQ,YU,F
14:40:06,PTBA,RG,4060,2,D,BQ,YU,F
14:40:06,PTBA,RG,4060,761,D,BQ,RX,D
14:40:06,PTBA,RG,4060,72,D,BQ,RX,D
14:40:06,PTBA,RG,4060,101,D,BQ,RX,D
14:40:06,PTBA,RG,4060,240,D,BQ,RX,D
14:40:06,PTBA,RG,4060,45,D,BQ,XA,D
14:40:06,PTBA,RG,4060,1,D,BQ,PD,D
14:40:06,PTBA,RG,4060,18,D,BQ,YU,D
14:40:06,PTBA,RG,4060,2,D,BQ,KK,D
14:40:06,PTBA,RG,4060,75,D,BQ,YP,D
14:40:06,PTBA,RG,4060,1,D,BQ,PD,D
14:40:06,PTBA,RG,4060,36,D,BQ,YU,D
14:40:06,PTBA,RG,4060,5,D,BQ,XL,D
14:40:06,PTBA,RG,4060,50,D,BQ,YP,D
14:40:06,PTBA,RG,4060,1,D,BQ,YP,D
14:40:06,PTBA,RG,4060,16,D,BQ,AK,F
14:40:06,PTBA,RG,4060,420,D,BQ,XA,D
14:40:06,PTBA,RG,4060,310,D,BQ,BQ,D
14:40:06,PTBA,RG,4060,280,D,BQ,BQ,D
14:40:06,PTBA,RG,4060,15,D,BQ,YP,D
14:40:06,PTBA,RG,4060,15,D,BQ,AK,F
14:40:06,PTBA,RG,4060,15,D,BQ,AK,D
14:40:06,PTBA,RG,4060,14,D,BQ,AK,D
14:40:06,PTBA,RG,4060,235,D,BQ,CC,D
14:40:05,PTBA,RG,4050,7,D,XA,YP,D
14:40:05,PTBA,RG,4050,1,D,YP,YP,D
14:40:05,PTBA,RG,4050,15,D,YU,YP,D
14:40:05,PTBA,RG,4050,1,D,PD,YP,D
14:40:05,PTBA,RG,4050,1,D,XC,YP,D
14:40:03,PTBA,RG,4050,9,D,XC,ZP,D
14:40:03,PTBA,RG,4050,1,D,IF,ZP,D
14:40:03,PTBA,RG,4050,1,D,NI,ZP,D
14:40:03,PTBA,RG,4050,20,D,DR,ZP,D
14:40:03,PTBA,RG,4050,1,F,ZP,ZP,D
14:40:03,PTBA,RG,4050,2,D,YB,ZP,D
14:40:03,PTBA,RG,4050,10,D,PD,ZP,D
14:40:03,PTBA,RG,4050,1,D,XC,ZP,D
14:40:03,PTBA,RG,4050,1,F,ZP,ZP,D
14:40:03,PTBA,RG,4050,4,F,CS,ZP,D
14:40:01,PTBA,RG,4050,10,F,CS,PD,D
14:40:00,PTBA,RG,4050,166,F,CS,YU,D
14:40:00,PTBA,RG,4060,10,D,AI,CC,D
14:39:59,PTBA,RG,4050,13,F,CS,RX,D
14:39:59,PTBA,RG,4050,5,D,NI,RX,D
14:39:57,PTBA,RG,4050,95,D,NI,RX,D
14:39:57,PTBA,RG,4050,1,D,YP,RX,D
14:39:57,PTBA,RG,4050,35,D,AI,RX,D
14:39:56,PTBA,RG,4050,15,D,AI,RX,D
14:39:56,PTBA,RG,4050,34,D,HP,RX,D
14:39:51,PTBA,RG,4050,5,D,HP,YB,D
14:39:47,PTBA,RG,4050,35,D,HP,RX,D
14:39:47,PTBA,RG,4060,50,D,YP,CC,D
14:39:41,PTBA,RG,4060,36,D,NI,CC,D
14:39:41,PTBA,RG,4060,14,D,NI,YU,F
14:39:39,PTBA,RG,4060,1,D,PD,YU,F
14:39:26,PTBA,RG,4050,25,D,HP,YP,D
14:39:26,PTBA,RG,4060,1,D,NI,YU,F
14:39:09,PTBA,RG,4060,5,D,YB,RX,D
14:39:03,PTBA,RG,4050,20,D,HP,CC,D
14:39:01,PTBA,RG,4060,1,D,YB,RX,D
14:39:00,PTBA,RG,4050,26,D,HP,CC,D
14:39:00,PTBA,RG,4050,1,D,EP,CC,D
14:39:00,PTBA,RG,4050,1,F,ZP,CC,D
14:39:00,PTBA,RG,4050,50,D,AZ,CC,D
14:39:00,PTBA,RG,4050,8,F,ZP,CC,D
14:39:00,PTBA,RG,4050,482,F,CS,CC,D
14:39:00,PTBA,RG,4050,5,F,CC,CC,D
14:39:00,PTBA,RG,4050,1,F,ZP,CC,D
14:39:00,PTBA,RG,4050,5,D,PD,CC,D
14:39:00,PTBA,RG,4050,30,D,YP,CC,D
14:39:00,PTBA,RG,4050,1,D,CC,CC,D
14:39:00,PTBA,RG,4050,4,D,XC,CC,D
14:39:00,PTBA,RG,4050,13,D,PD,CC,D
14:39:00,PTBA,RG,4050,10,D,PD,CC,D
14:39:00,PTBA,RG,4050,30,D,KK,CC,D
14:39:00,PTBA,RG,4050,7,D,PD,CC,D
14:39:00,PTBA,RG,4050,2,D,PD,CC,D
14:39:00,PTBA,RG,4050,5,D,YP,CC,D
14:39:00,PTBA,RG,4050,500,D,YP,CC,D
14:39:00,PTBA,RG,4050,1,D,YP,CC,D
14:39:00,PTBA,RG,4050,10,D,PD,CC,D
14:39:00,PTBA,RG,4050,10,D,XC,CC,D
14:39:00,PTBA,RG,4050,1,D,XC,CC,D
14:39:00,PTBA,RG,4050,2,D,PD,CC,D
14:39:00,PTBA,RG,4050,300,D,XA,CC,D
14:39:00,PTBA,RG,4050,20,D,KK,CC,D
14:39:00,PTBA,RG,4050,9,D,NI,CC,D
14:39:00,PTBA,RG,4050,1,D,PD,CC,D
14:39:00,PTBA,RG,4050,15,D,PD,CC,D
14:39:00,PTBA,RG,4050,60,D,NI,CC,D
14:39:00,PTBA,RG,4050,5,D,XC,CC,D
14:39:00,PTBA,RG,4050,5,D,XL,CC,D
14:39:00,PTBA,RG,4050,2,D,AZ,CC,D
14:39:00,PTBA,RG,4050,147,D,NI,CC,D
14:38:59,PTBA,RG,4060,10,D,NI,RX,D
14:38:47,PTBA,RG,4060,1,D,XC,RX,D
14:38:44,PTBA,RG,4060,1,D,PD,RX,D
14:38:43,PTBA,RG,4060,10,F,ZP,RX,D
14:38:32,PTBA,RG,4060,20,D,XL,RX,D
14:38:24,PTBA,RG,4060,2,D,PD,RX,D
14:38:18,PTBA,RG,4050,100,D,NI,PD,D
14:38:11,PTBA,RG,4060,5,D,AZ,RX,D
14:38:08,PTBA,RG,4050,10,D,NI,YP,D
14:38:01,PTBA,RG,4050,182,D,NI,YU,D
14:37:50,PTBA,RG,4050,50,D,NI,DH,D
14:37:47,PTBA,RG,4050,6,D,NI,CC,D
14:37:47,PTBA,RG,4050,30,D,CC,CC,D
14:37:47,PTBA,RG,4050,290,F,AK,CC,D
14:37:40,PTBA,RG,4060,6,F,ZP,RX,D
14:37:20,PTBA,RG,4060,1,D,XC,RX,D
14:37:20,PTBA,RG,4060,1,D,XL,RX,D
14:37:18,PTBA,RG,4060,25,D,PD,RX,D
14:37:14,PTBA,RG,4060,5,D,PD,RX,D
14:37:00,PTBA,RG,4050,287,F,AK,CC,D
14:36:55,PTBA,RG,4050,79,F,AK,AK,D
14:36:54,PTBA,RG,4050,2,F,AK,XL,D
14:36:43,PTBA,RG,4060,8,F,ZP,RX,D
14:36:21,PTBA,RG,4050,5,F,AK,CC,D
14:36:20,PTBA,RG,4050,25,F,AK,YP,D
14:36:20,PTBA,RG,4050,42,F,AK,EP,D
14:36:18,PTBA,RG,4050,1,F,AK,XC,D
14:36:13,PTBA,RG,4050,30,F,AK,XC,D
14:36:00,PTBA,RG,4050,149,F,AK,CC,D
14:36:00,PTBA,RG,4050,1,D,XC,CC,D
14:36:00,PTBA,RG,4050,2,D,PD,CC,D
14:36:00,PTBA,RG,4050,25,D,NI,CC,D
14:36:00,PTBA,RG,4050,3,D,YP,CC,D
14:36:00,PTBA,RG,4050,1,D,PD,CC,D
14:36:00,PTBA,RG,4050,3,D,YP,CC,D
14:36:00,PTBA,RG,4050,5,D,PD,CC,D
14:36:00,PTBA,RG,4050,50,D,DR,CC,D
14:36:00,PTBA,RG,4050,3,D,PD,CC,D
14:36:00,PTBA,RG,4050,3,D,YP,CC,D
14:36:00,PTBA,RG,4050,50,D,DR,CC,D
14:36:00,PTBA,RG,4050,1,D,YP,CC,D
14:36:00,PTBA,RG,4050,1,D,KK,CC,D
14:36:00,PTBA,RG,4050,1,D,XL,CC,D
14:36:00,PTBA,RG,4050,1,D,PD,CC,D
14:36:00,PTBA,RG,4050,10,D,YP,CC,D
14:36:00,PTBA,RG,4050,1,D,EP,CC,D
14:36:00,PTBA,RG,4050,5,D,XL,CC,D
14:36:00,PTBA,RG,4050,4,D,KK,CC,D
14:36:00,PTBA,RG,4050,1,D,NI,CC,D
14:36:00,PTBA,RG,4050,2,D,NI,CC,D
14:36:00,PTBA,RG,4050,1,D,PD,CC,D
14:36:00,PTBA,RG,4050,300,D,XA,CC,D
14:36:00,PTBA,RG,4050,1,D,SQ,CC,D
14:36:00,PTBA,RG,4050,20,D,YP,CC,D
14:36:00,PTBA,RG,4050,5,D,DR,CC,D
14:36:00,PTBA,RG,4050,1,D,SQ,CC,D
14:36:00,PTBA,RG,4050,1104,D,DX,CC,D
14:35:44,PTBA,RG,4060,1,D,XC,RX,D
14:35:42,PTBA,RG,4060,100,D,NI,RX,D
14:35:38,PTBA,RG,4060,50,D,KK,RX,D
14:35:35,PTBA,RG,4060,2,D,YP,RX,D
14:35:35,PTBA,RG,4060,2,D,YP,RX,D
14:35:35,PTBA,RG,4060,3,F,AK,RX,D
14:35:35,PTBA,RG,4060,50,D,YP,RX,D
14:35:35,PTBA,RG,4060,100,D,BQ,RX,D
14:35:35,PTBA,RG,4060,2,F,ZP,RX,D
14:35:35,PTBA,RG,4060,53,D,DX,RX,D
14:35:35,PTBA,RG,4060,12,D,DX,RX,D
14:35:35,PTBA,RG,4060,941,F,BK,RX,D
14:35:35,PTBA,RG,4060,204,F,BK,RX,D
14:35:35,PTBA,RG,4060,289,F,BK,RX,D
14:35:35,PTBA,RG,4060,462,F,BK,RX,D
14:35:35,PTBA,RG,4060,15,D,SQ,RX,D
14:35:35,PTBA,RG,4060,1,D,YP,RX,D
14:35:35,PTBA,RG,4060,8,F,ZP,RX,D
14:35:35,PTBA,RG,4060,10,D,EP,RX,D
14:35:35,PTBA,RG,4060,3,D,CC,RX,D
14:35:35,PTBA,RG,4060,50,D,HD,RX,D
14:35:35,PTBA,RG,4060,2,D,DR,RX,D
14:35:35,PTBA,RG,4060,2,D,CC,RX,D
14:35:35,PTBA,RG,4060,7,F,ZP,RX,D
14:35:35,PTBA,RG,4060,123,D,XC,RX,D
14:35:35,PTBA,RG,4060,1,D,XC,RX,D
14:35:35,PTBA,RG,4060,1,D,CC,RX,D
14:35:35,PTBA,RG,4060,1,F,AK,RX,D
14:35:35,PTBA,RG,4060,5,D,YJ,RX,D
14:35:21,PTBA,RG,4070,30,D,YP,YU,D
14:35:18,PTBA,RG,4070,4,D,YP,YU,D
14:35:08,PTBA,RG,4070,7,F,ZP,YU,D
14:35:07,PTBA,RG,4060,5,D,YJ,XL,D
14:35:03,PTBA,RG,4060,90,D,YJ,SQ,D
14:35:03,PTBA,RG,4060,110,F,CS,SQ,D
14:35:00,PTBA,RG,4060,81,F,CS,YU,D
14:35:00,PTBA,RG,4060,10,D,CC,YU,D
14:35:00,PTBA,RG,4060,3,D,XL,YU,D
14:35:00,PTBA,RG,4060,9,D,YU,YU,D
14:35:00,PTBA,RG,4060,3,D,PD,YU,D
14:35:00,PTBA,RG,4060,50,D,YP,YU,D
14:35:00,PTBA,RG,4060,10,F,CS,YU,D
14:34:57,PTBA,RG,4060,20,F,CS,YP,D
14:34:55,PTBA,RG,4070,2,D,NI,YU,D
14:34:49,PTBA,RG,4060,174,F,CS,AI,D
14:34:49,PTBA,RG,4060,5,F,CC,AI,D
14:34:49,PTBA,RG,4060,6,D,TF,AI,D
14:34:49,PTBA,RG,4060,1,D,PD,AI,D
14:34:49,PTBA,RG,4060,10,D,DX,AI,D
14:34:49,PTBA,RG,4060,4,D,DX,AI,D
14:34:47,PTBA,RG,4060,53,D,DX,YP,D
14:34:47,PTBA,RG,4060,39,D,XC,YP,D
14:34:47,PTBA,RG,4060,9,D,YP,YP,D
14:34:47,PTBA,RG,4060,1,F,AK,YP,D
14:34:47,PTBA,RG,4060,1,D,NI,YP,D
14:34:47,PTBA,RG,4060,1,F,ZP,YP,D
14:34:47,PTBA,RG,4060,1,D,XC,YP,D
14:34:47,PTBA,RG,4060,27,D,CC,YP,D
14:34:47,PTBA,RG,4060,1,F,ZP,YP,D
14:34:47,PTBA,RG,4060,2,D,NI,YP,D
14:34:47,PTBA,RG,4060,10,D,PD,YP,D
14:34:47,PTBA,RG,4060,1,F,ZP,YP,D
14:34:47,PTBA,RG,4060,1,F,ZP,YP,D
14:34:47,PTBA,RG,4060,171,F,BK,YP,D
14:34:41,PTBA,RG,4070,15,D,NI,YU,D
14:34:41,PTBA,RG,4070,1,D,YP,YU,D
14:34:30,PTBA,RG,4070,20,D,PD,YU,D
14:34:26,PTBA,RG,4060,50,F,BK,XA,D
14:34:20,PTBA,RG,4070,1,D,PD,YU,D
14:34:16,PTBA,RG,4060,1200,F,BK,OD,D
14:34:16,PTBA,RG,4060,1116,F,BK,OD,D
14:34:16,PTBA,RG,4060,84,F,CS,OD,D
14:34:16,PTBA,RG,4060,100,F,CS,OD,D
14:34:11,PTBA,RG,4060,36,F,CS,XA,D
14:34:11,PTBA,RG,4060,14,D,XC,XA,D
14:34:10,PTBA,RG,4070,2,F,ZP,YU,D
14:34:07,PTBA,RG,4070,20,D,XC,YU,D
14:34:06,PTBA,RG,4060,23,D,XC,XA,D
14:34:06,PTBA,RG,4060,5,F,ZP,XA,D
14:34:06,PTBA,RG,4060,249,D,YP,XA,D
14:33:55,PTBA,RG,4060,50,D,YP,XA,D
14:33:45,PTBA,RG,4070,10,D,XC,YU,D
14:33:37,PTBA,RG,4060,30,D,YP,YP,D
14:33:21,PTBA,RG,4070,8,F,ZP,YU,D
14:33:06,PTBA,RG,4070,1,D,PD,YU,D
14:33:00,PTBA,RG,4060,139,D,YP,YU,D
14:32:57,PTBA,RG,4070,5,D,YB,YU,D
14:32:57,PTBA,RG,4060,10,D,YP,YB,D
14:32:52,PTBA,RG,4060,22,D,YP,RX,D
14:32:52,PTBA,RG,4060,1,D,CC,RX,D
14:32:52,PTBA,RG,4060,12,D,NI,RX,D
14:32:52,PTBA,RG,4060,446,D,CC,RX,D
14:32:52,PTBA,RG,4060,1,D,KK,RX,D
14:32:52,PTBA,RG,4060,1,D,YP,RX,D
14:32:52,PTBA,RG,4060,300,D,XA,RX,D
14:32:52,PTBA,RG,4060,1,D,PD,RX,D
14:32:52,PTBA,RG,4060,2,D,PD,RX,D
14:32:52,PTBA,RG,4060,4250,D,DX,RX,D
14:32:52,PTBA,RG,4060,723,D,DX,RX,D
14:32:52,PTBA,RG,4060,27,D,DX,RX,D
14:32:52,PTBA,RG,4060,50,D,CC,RX,D
14:32:52,PTBA,RG,4060,10,D,YP,RX,D
14:32:52,PTBA,RG,4060,1,D,CC,RX,D
14:32:52,PTBA,RG,4060,510,F,AK,RX,D
14:32:52,PTBA,RG,4060,1130,D,DX,RX,D
14:32:52,PTBA,RG,4060,511,D,DX,RX,D
14:32:32,PTBA,RG,4060,6,D,DX,CC,D
14:32:27,PTBA,RG,4070,7,F,ZP,YU,D
14:32:26,PTBA,RG,4060,12,D,DX,IF,D
14:32:05,PTBA,RG,4060,2,D,DX,PD,D
14:31:50,PTBA,RG,4060,20,D,DX,PD,D
14:31:41,PTBA,RG,4070,3,D,XL,YU,D
14:31:38,PTBA,RG,4070,2,F,ZP,YU,D
14:31:35,PTBA,RG,4070,1,D,LG,YU,D
14:31:26,PTBA,RG,4060,3,D,DX,PD,D
14:31:25,PTBA,RG,4060,50,D,DX,XA,D
14:31:24,PTBA,RG,4070,1,D,NI,YU,D
14:31:10,PTBA,RG,4070,1,D,XL,YU,D
14:31:06,PTBA,RG,4070,8,D,YP,YU,D
14:30:46,PTBA,RG,4070,12,D,XL,YU,D
14:30:46,PTBA,RG,4070,1,D,YP,YU,D
14:30:46,PTBA,RG,4070,5,F,CC,YU,D
14:30:46,PTBA,RG,4070,1,F,ZP,YU,D
14:30:44,PTBA,RG,4070,1,F,AK,CP,D
14:30:42,PTBA,RG,4070,20,F,BK,CC,D
14:30:40,PTBA,RG,4070,30,F,BK,DR,D
14:30:39,PTBA,RG,4070,25,F,BK,CP,D
14:30:33,PTBA,RG,4070,908,F,BK,OD,D
14:30:33,PTBA,RG,4070,10,F,ZP,OD,D
14:30:33,PTBA,RG,4070,1,F,ZP,OD,D
14:30:33,PTBA,RG,4070,57,D,DX,OD,D
14:30:33,PTBA,RG,4070,10,F,CC,OD,D
14:30:33,PTBA,RG,4070,1,D,SQ,OD,D
14:30:33,PTBA,RG,4070,7,D,BQ,OD,D
14:30:33,PTBA,RG,4070,1,D,PD,OD,D
14:30:33,PTBA,RG,4070,25,D,OD,OD,D
14:30:33,PTBA,RG,4070,140,F,CS,OD,D
14:30:33,PTBA,RG,4070,230,F,CS,OD,D
14:30:33,PTBA,RG,4070,20,F,CS,OD,D
14:30:25,PTBA,RG,4080,2,D,CC,YU,D
14:30:20,PTBA,RG,4070,2,F,CS,LG,D
14:30:16,PTBA,RG,4070,50,F,CS,YU,D
14:30:10,PTBA,RG,4080,9,F,ZP,YU,D
14:30:10,PTBA,RG,4070,1,F,CS,XC,D
14:30:09,PTBA,RG,4080,8,D,XL,YU,D
14:30:04,PTBA,RG,4080,1,D,XC,YU,D
14:30:02,PTBA,RG,4080,50,D,NI,YP,D
14:30:00,PTBA,RG,4070,255,F,CS,RX,D
14:30:00,PTBA,RG,4070,657,F,CS,RX,D
14:30:00,PTBA,RG,4070,2,D,PD,RX,D
14:30:00,PTBA,RG,4070,40,D,OD,RX,D
14:30:00,PTBA,RG,4070,5,D,PD,RX,D
14:30:00,PTBA,RG,4070,484,F,BK,RX,D
14:30:00,PTBA,RG,4070,37,F,BK,RX,D
14:30:00,PTBA,RG,4070,1328,F,BK,RX,D
14:30:00,PTBA,RG,4070,2,D,XC,RX,D
14:30:00,PTBA,RG,4080,1,F,ZP,RX,D
14:30:00,PTBA,RG,4080,10,D,DX,RX,D
14:30:00,PTBA,RG,4080,313,F,CS,RX,D
14:30:00,PTBA,RG,4080,388,F,CS,RX,D
14:30:00,PTBA,RG,4080,476,D,DX,RX,D
14:29:58,PTBA,RG,4080,100,D,DX,YP,D
14:29:58,PTBA,RG,4080,50,D,DX,XA,D
14:29:58,PTBA,RG,4080,8,D,DX,SQ,D
14:29:58,PTBA,RG,4080,50,D,DX,YP,D
14:29:58,PTBA,RG,4080,50,D,DX,PD,D
14:29:58,PTBA,RG,4080,4108,D,DX,YP,D
14:29:58,PTBA,RG,4080,3,D,DX,CC,D
14:29:58,PTBA,RG,4080,2325,D,DX,YU,D
14:29:58,PTBA,RG,4080,10,D,DX,CP,D
14:29:58,PTBA,RG,4080,1,D,DX,YP,D
14:29:58,PTBA,RG,4080,16,D,DX,ZP,F
14:29:58,PTBA,RG,4080,1125,D,DX,YU,D
14:29:58,PTBA,RG,4080,1,D,DX,CC,D
14:29:58,PTBA,RG,4080,16,D,DX,AK,F
14:29:58,PTBA,RG,4080,100,D,DX,CC,D
14:29:58,PTBA,RG,4080,17,D,DX,AK,D
14:29:58,PTBA,RG,4080,1544,D,DX,MK,D
14:29:57,PTBA,RG,4080,2,D,XC,MK,D
14:29:52,PTBA,RG,4070,782,F,AK,BK,F
14:29:52,PTBA,RG,4070,702,D,DX,BK,F
14:29:52,PTBA,RG,4070,124,D,DX,AK,F
14:29:52,PTBA,RG,4070,2518,D,DX,RX,D
14:29:52,PTBA,RG,4070,255,D,DX,RX,D
14:29:52,PTBA,RG,4070,361,D,DX,RX,D
14:29:52,PTBA,RG,4070,864,D,DX,RX,D
14:29:43,PTBA,RG,4080,12,D,DX,MK,D
14:29:43,PTBA,RG,4080,1000,F,AK,MK,D
14:29:42,PTBA,RG,4080,5,D,XC,MK,D
14:29:35,PTBA,RG,4080,1,D,PD,MK,D
14:29:28,PTBA,RG,4080,200,D,YB,MK,D
14:29:26,PTBA,RG,4080,25,D,ZP,MK,D
14:29:24,PTBA,RG,4080,6,D,GR,MK,D
14:29:15,PTBA,RG,4080,1,D,EP,MK,D
14:29:15,PTBA,RG,4080,1,F,ZP,MK,D
14:29:14,PTBA,RG,4080,5,D,BQ,MK,D
14:29:14,PTBA,RG,4080,10,D,PD,MK,D
14:29:14,PTBA,RG,4080,1,F,AK,MK,D
14:29:14,PTBA,RG,4080,1,F,AK,MK,D
14:29:14,PTBA,RG,4080,1,F,AK,MK,D
14:29:14,PTBA,RG,4080,1,F,ZP,MK,D
14:29:14,PTBA,RG,4080,133,F,CS,MK,D
14:29:11,PTBA,RG,4080,1243,F,CS,YU,D
14:29:11,PTBA,RG,4080,700,F,AK,YU,D
14:29:11,PTBA,RG,4080,1057,D,DX,YU,D
14:29:11,PTBA,RG,4080,3000,D,DX,YU,D
14:29:10,PTBA,RG,4080,10,D,DX,YP,D
14:29:06,PTBA,RG,4080,4,D,DX,YP,D
14:29:00,PTBA,RG,4080,50,D,DX,OD,D
14:28:59,PTBA,RG,4080,2,D,DX,PD,D
14:28:58,PTBA,RG,4080,20,D,DX,KK,D
14:28:57,PTBA,RG,4080,1,D,DX,YP,D
14:28:57,PTBA,RG,4080,1,D,DX,PD,D
14:28:57,PTBA,RG,4080,1000,D,DX,YP,D
14:28:57,PTBA,RG,4080,1,D,DX,PD,D
14:28:57,PTBA,RG,4080,23,D,DX,ZP,F
14:28:57,PTBA,RG,4080,13,D,DX,AK,D
14:28:57,PTBA,RG,4080,1,D,DX,YP,D
14:28:57,PTBA,RG,4080,4817,D,DX,YU,D
14:28:54,PTBA,RG,4080,6,D,GR,YU,D
14:28:49,PTBA,RG,4080,1,D,XC,YU,D
14:28:41,PTBA,RG,4080,10,D,NI,YU,D
14:28:28,PTBA,RG,4080,10,D,XC,YU,D
14:28:28,PTBA,RG,4080,15,D,EP,YU,D
14:28:28,PTBA,RG,4080,1,F,ZP,YU,D
14:28:28,PTBA,RG,4080,1,F,AK,YU,D
14:28:28,PTBA,RG,4080,1,F,AK,YU,D
14:28:28,PTBA,RG,4080,700,F,AK,YU,D
14:28:28,PTBA,RG,4080,1366,F,CS,YU,D
14:28:28,PTBA,RG,4080,2072,D,DX,YU,D
14:28:27,PTBA,RG,4080,4,D,DX,CC,D
14:28:21,PTBA,RG,4080,1,D,DX,YP,D
14:28:20,PTBA,RG,4080,1,D,DX,XC,D
14:28:17,PTBA,RG,4080,98,D,DX,YP,D
14:28:09,PTBA,RG,4080,44,D,DX,YU,D
14:28:09,PTBA,RG,4080,687,D,DX,CC,D
14:28:09,PTBA,RG,4080,16,D,DX,YU,F
14:28:09,PTBA,RG,4080,16,D,DX,AK,D
14:28:09,PTBA,RG,4080,2,D,DX,PD,D
14:28:09,PTBA,RG,4080,60,D,DX,ZP,F
14:28:09,PTBA,RG,4080,10,D,DX,YP,D
14:28:09,PTBA,RG,4080,50,D,DX,XA,D
14:28:09,PTBA,RG,4080,50,D,DX,XA,D
14:28:09,PTBA,RG,4080,50,D,DX,XA,D
14:28:09,PTBA,RG,4080,5,D,DX,YP,D
14:28:09,PTBA,RG,4080,5,D,DX,YP,D
14:28:09,PTBA,RG,4080,10,D,DX,YP,D
14:28:09,PTBA,RG,4080,10,D,DX,YP,D
14:28:09,PTBA,RG,4080,25,D,DX,KK,D
14:28:09,PTBA,RG,4080,1070,D,DX,YP,D
14:28:09,PTBA,RG,4080,1,D,DX,XC,D
14:28:09,PTBA,RG,4080,180,D,DX,XA,D
14:28:09,PTBA,RG,4080,4,D,DX,ZP,F
14:28:09,PTBA,RG,4080,10,D,DX,KK,D
14:28:09,PTBA,RG,4080,50,D,DX,XA,D
14:28:09,PTBA,RG,4080,100,D,DX,XA,D
14:28:09,PTBA,RG,4080,50,D,DX,XA,D
14:28:09,PTBA,RG,4080,3500,D,DX,MK,D
14:28:09,PTBA,RG,4080,2,D,DX,IP,D
14:28:09,PTBA,RG,4080,250,D,DX,HD,D
14:28:09,PTBA,RG,4080,20,D,DX,PD,D
14:28:09,PTBA,RG,4080,50,D,DX,XA,D
14:28:09,PTBA,RG,4080,125,D,DX,XA,D
14:28:09,PTBA,RG,4080,58,D,DX,XA,D
14:28:09,PTBA,RG,4080,31,D,DX,XA,D
14:28:09,PTBA,RG,4080,50,D,DX,DH,D
14:28:09,PTBA,RG,4080,15,D,DX,TP,D
14:28:09,PTBA,RG,4080,2500,D,DX,YU,D
14:28:09,PTBA,RG,4080,45,D,DX,YP,D
14:28:09,PTBA,RG,4080,50,D,DX,XA,D
14:28:09,PTBA,RG,4080,6,D,DX,PD,D
14:28:09,PTBA,RG,4080,100,D,DX,XA,D
14:28:09,PTBA,RG,4080,500,D,DX,MK,D
14:28:09,PTBA,RG,4080,50,D,DX,XA,D
14:28:09,PTBA,RG,4080,31,D,DX,XA,D
14:28:09,PTBA,RG,4080,2,D,DX,XA,D
14:28:09,PTBA,RG,4080,1,D,DX,YB,D
14:28:09,PTBA,RG,4080,1,D,DX,CC,D
14:28:09,PTBA,RG,4080,1,D,DX,YP,D
14:28:09,PTBA,RG,4080,50,D,DX,XA,D
14:28:09,PTBA,RG,4080,10,D,DX,ZP,D
14:28:09,PTBA,RG,4080,5,D,DX,YP,D
14:28:09,PTBA,RG,4080,5,D,DX,YP,D
14:28:09,PTBA,RG,4080,5,D,DX,YP,D
14:28:09,PTBA,RG,4080,272,D,DX,AZ,D
14:28:09,PTBA,RG,4080,150,D,DX,YP,D
14:28:09,PTBA,RG,4080,50,D,DX,XA,D
14:28:09,PTBA,RG,4080,5,D,DX,XA,D
14:28:09,PTBA,RG,4080,42,D,DX,PD,D
14:28:09,PTBA,RG,4080,250,D,DX,CC,D
14:28:09,PTBA,RG,4080,5,D,DX,YP,D
14:28:09,PTBA,RG,4080,50,D,DX,PD,D
14:28:09,PTBA,RG,4080,50,D,DX,XA,D
14:28:09,PTBA,RG,4080,300,D,DX,DR,D
14:28:09,PTBA,RG,4080,100,D,DX,XA,D
14:28:09,PTBA,RG,4080,1,D,DX,KK,D
14:28:09,PTBA,RG,4080,1,D,DX,NI,D
14:28:09,PTBA,RG,4080,1,D,DX,PD,D
14:28:09,PTBA,RG,4080,50,D,DX,XA,D
14:28:09,PTBA,RG,4080,25,D,DX,PD,D
14:28:09,PTBA,RG,4080,10,D,DX,DH,D
14:28:09,PTBA,RG,4080,10,D,DX,CC,D
14:28:09,PTBA,RG,4080,24,D,DX,CC,D
14:28:09,PTBA,RG,4080,1,D,DX,PD,D
14:28:09,PTBA,RG,4080,5,D,DX,YP,D
14:28:09,PTBA,RG,4080,5,D,DX,YP,D
14:28:09,PTBA,RG,4080,1,D,DX,PD,D
14:28:09,PTBA,RG,4080,100,D,DX,OD,D
14:28:09,PTBA,RG,4080,13,D,DX,EP,D
14:28:09,PTBA,RG,4080,2,D,DX,PD,D
14:28:09,PTBA,RG,4080,5,D,DX,YP,D
14:28:09,PTBA,RG,4080,10,D,DX,YP,D
14:28:09,PTBA,RG,4080,200,D,DX,EP,D
14:28:09,PTBA,RG,4080,10,D,DX,YP,D
14:28:09,PTBA,RG,4080,50,D,DX,ZP,D
14:28:09,PTBA,RG,4080,2,D,DX,NI,D
14:28:09,PTBA,RG,4080,2,D,DX,NI,D
14:28:09,PTBA,RG,4080,200,D,DX,YP,D
14:28:09,PTBA,RG,4080,50,D,DX,XA,D
14:28:09,PTBA,RG,4080,200,D,DX,XL,D
14:28:09,PTBA,RG,4080,10,D,DX,RG,D
14:28:09,PTBA,RG,4080,1,D,DX,NI,D
14:28:09,PTBA,RG,4080,1,D,DX,PD,D
14:28:09,PTBA,RG,4080,310,D,DX,BQ,D
14:28:09,PTBA,RG,4080,280,D,DX,BQ,D
14:28:09,PTBA,RG,4080,1,D,DX,PD,D
14:28:09,PTBA,RG,4080,1,D,DX,YP,D
14:28:07,PTBA,RG,4070,1,D,DX,YP,D
14:28:06,PTBA,RG,4070,15,D,DX,YP,D
14:28:01,PTBA,RG,4070,160,D,DX,XC,D
14:28:01,PTBA,RG,4070,1,F,ZP,XC,D
14:28:01,PTBA,RG,4070,39,D,CC,XC,D
14:27:55,PTBA,RG,4070,4,D,CC,PD,D
14:27:55,PTBA,RG,4070,1,D,CC,ZP,F
14:27:55,PTBA,RG,4070,35,D,CC,YP,D
14:27:53,PTBA,RG,4070,9,D,XL,YP,D
14:27:53,PTBA,RG,4070,5,D,XC,YP,D
14:27:53,PTBA,RG,4070,48,D,KK,YP,D
14:27:52,PTBA,RG,4070,2,D,KK,YP,D
14:27:52,PTBA,RG,4070,1,F,ZP,YP,D
14:27:52,PTBA,RG,4070,2,D,PD,YP,D
14:27:52,PTBA,RG,4070,5,D,PD,YP,D
14:27:52,PTBA,RG,4070,3,D,PD,YP,D
14:27:52,PTBA,RG,4070,1,F,AK,YP,D
14:27:52,PTBA,RG,4070,1,F,ZP,YP,D
14:27:52,PTBA,RG,4070,5,F,ZP,YP,D
14:27:52,PTBA,RG,4070,2,F,ZP,YP,D
14:27:52,PTBA,RG,4070,1,D,KK,YP,D
14:27:52,PTBA,RG,4070,2,F,CS,YP,D
14:27:51,PTBA,RG,4070,5,F,CS,KK,D
14:27:50,PTBA,RG,4070,5,F,CS,YP,D
14:27:50,PTBA,RG,4070,50,F,CS,HD,D
14:27:48,PTBA,RG,4070,500,F,CS,YP,D
14:27:48,PTBA,RG,4070,310,F,CS,BQ,D
14:27:47,PTBA,RG,4070,100,F,CS,CC,D
14:27:44,PTBA,RG,4070,280,F,CS,BQ,D
14:27:35,PTBA,RG,4070,149,F,CS,YP,D
14:27:35,PTBA,RG,4070,1,F,AK,YP,D
14:27:33,PTBA,RG,4070,443,F,AK,GR,D
14:27:33,PTBA,RG,4070,1412,F,CS,GR,D
14:27:33,PTBA,RG,4070,50,D,LG,GR,D
14:27:33,PTBA,RG,4070,57,D,DX,GR,D
14:27:33,PTBA,RG,4070,13,D,YU,GR,D
14:27:33,PTBA,RG,4070,6,F,ZP,GR,D
14:27:33,PTBA,RG,4070,19,F,ZP,GR,D
14:27:33,PTBA,RG,4070,1,F,ZP,YP,D
14:27:21,PTBA,RG,4070,1,F,ZP,CC,D
14:27:20,PTBA,RG,4070,1,F,AK,PD,D
14:27:20,PTBA,RG,4070,8,F,AK,YU,D
14:27:20,PTBA,RG,4070,86,F,AK,YU,D
14:27:20,PTBA,RG,4070,1,F,AK,YP,D
14:27:20,PTBA,RG,4070,20,F,AK,EP,D
14:27:20,PTBA,RG,4070,1,F,AK,DR,D
14:27:20,PTBA,RG,4070,15,F,AK,AK,D
14:27:20,PTBA,RG,4070,54,F,AK,YU,D
14:27:20,PTBA,RG,4070,85,F,AK,CC,D
14:27:20,PTBA,RG,4070,813,D,DX,CC,D
14:27:20,PTBA,RG,4070,28,D,DX,AK,F
14:27:20,PTBA,RG,4070,58,D,DX,ZP,F
14:27:20,PTBA,RG,4070,58,D,DX,AK,D
14:27:20,PTBA,RG,4070,30,D,DX,KK,D
14:27:20,PTBA,RG,4070,2,D,DX,XC,D
14:27:20,PTBA,RG,4070,2,D,DX,XC,D
14:27:20,PTBA,RG,4070,5,D,DX,YP,D
14:27:20,PTBA,RG,4070,8,D,DX,ZP,F
14:27:20,PTBA,RG,4070,100,D,DX,MK,D
14:27:20,PTBA,RG,4070,20,D,DX,CC,D
14:27:20,PTBA,RG,4070,2,D,DX,XC,D
14:27:20,PTBA,RG,4070,1,D,DX,YP,D
14:27:20,PTBA,RG,4070,271,D,DX,YP,D
14:27:20,PTBA,RG,4070,5,D,DX,YP,D
14:27:20,PTBA,RG,4070,235,D,DX,YP,D
14:27:20,PTBA,RG,4070,21,D,DX,YP,D
14:27:20,PTBA,RG,4070,1,D,DX,CC,D
14:27:20,PTBA,RG,4070,3,D,DX,NI,D
14:27:20,PTBA,RG,4070,5,D,DX,YP,D
14:27:20,PTBA,RG,4070,5,D,DX,YP,D
14:27:20,PTBA,RG,4070,5,D,DX,YP,D
14:27:20,PTBA,RG,4070,23,D,DX,YP,D
14:27:20,PTBA,RG,4070,5,D,DX,YP,D
14:27:20,PTBA,RG,4070,5,D,DX,YP,D
14:27:20,PTBA,RG,4070,64,D,DX,YP,D
14:27:20,PTBA,RG,4070,129,D,DX,YP,D
14:27:20,PTBA,RG,4070,50,D,DX,YB,D
14:27:20,PTBA,RG,4070,5,D,DX,YP,D
14:27:20,PTBA,RG,4070,1,D,DX,YB,D
14:27:20,PTBA,RG,4070,5,D,DX,CC,D
14:27:20,PTBA,RG,4070,2,D,DX,PD,D
14:27:20,PTBA,RG,4070,1,D,DX,PD,D
14:27:20,PTBA,RG,4070,5,D,DX,DH,D
14:27:20,PTBA,RG,4070,109,D,DX,XL,D
14:27:20,PTBA,RG,4070,1,D,DX,PD,D
14:27:20,PTBA,RG,4070,5,D,DX,XC,D
14:27:20,PTBA,RG,4070,3,D,DX,PD,D
14:27:20,PTBA,RG,4070,5,D,DX,YP,D
14:27:20,PTBA,RG,4070,5,D,DX,YP,D
14:27:20,PTBA,RG,4070,1007,D,DX,RX,D
14:27:20,PTBA,RG,4070,102,D,DX,RX,D
14:27:20,PTBA,RG,4070,144,D,DX,RX,D
14:27:20,PTBA,RG,4070,345,D,DX,RX,D
14:27:20,PTBA,RG,4070,1,D,DX,XC,D
14:27:20,PTBA,RG,4070,310,D,DX,BQ,D
14:27:20,PTBA,RG,4070,280,D,DX,BQ,D
14:27:20,PTBA,RG,4070,5,D,DX,YP,D
14:27:20,PTBA,RG,4070,280,D,DX,BQ,D
14:27:20,PTBA,RG,4070,310,D,DX,BQ,D
14:27:20,PTBA,RG,4070,115,D,DX,NI,D
14:27:07,PTBA,RG,4070,20,D,XC,NI,D
14:27:07,PTBA,RG,4070,1000,F,AK,NI,D
14:27:06,PTBA,RG,4070,47,D,DX,NI,D
14:27:02,PTBA,RG,4070,12,D,DX,NI,D
14:26:53,PTBA,RG,4070,50,D,CC,NI,D
14:26:51,PTBA,RG,4070,1,D,YP,NI,D
14:26:48,PTBA,RG,4070,50,D,KK,NI,D
14:26:42,PTBA,RG,4070,205,F,AK,NI,D
14:26:42,PTBA,RG,4070,2,F,AK,PD,D
14:26:42,PTBA,RG,4070,100,F,AK,FS,D
14:26:42,PTBA,RG,4070,1,F,AK,PD,D
14:26:42,PTBA,RG,4070,1,F,AK,YP,D
14:26:42,PTBA,RG,4070,200,F,AK,HD,D
14:26:42,PTBA,RG,4070,462,F,AK,OD,D
14:26:42,PTBA,RG,4070,29,F,AK,OD,D
14:26:37,PTBA,RG,4070,9,D,YP,OD,D
14:26:37,PTBA,RG,4070,10,D,YP,RG,D
14:26:37,PTBA,RG,4070,1,D,YP,XC,D
14:26:02,PTBA,RG,4070,1,D,NI,XC,D
14:25:58,PTBA,RG,4070,1,D,SQ,XC,D
14:25:48,PTBA,RG,4060,15,D,DX,CC,D
14:25:40,PTBA,RG,4060,1,D,DX,YP,D
14:25:38,PTBA,RG,4060,70,D,DX,SQ,D
14:25:37,PTBA,RG,4060,1,D,DX,YP,D
14:25:27,PTBA,RG,4060,61,D,DX,EP,D
14:25:27,PTBA,RG,4060,1510,D,DX,RX,D
14:25:27,PTBA,RG,4060,153,D,DX,RX,D
14:25:27,PTBA,RG,4060,518,D,DX,RX,D
14:25:27,PTBA,RG,4060,217,D,DX,RX,D
14:25:27,PTBA,RG,4060,1,D,DX,NI,D
14:25:27,PTBA,RG,4060,719,D,DX,OD,D
14:25:19,PTBA,RG,4060,1,F,ZP,OD,D
14:25:19,PTBA,RG,4060,280,D,CC,OD,D
14:25:14,PTBA,RG,4060,5,D,CC,YP,D
14:25:13,PTBA,RG,4060,152,D,CC,OD,D
14:25:13,PTBA,RG,4060,47,F,CC,OD,D
14:25:13,PTBA,RG,4060,1,F,ZP,OD,D
14:25:11,PTBA,RG,4060,11,F,ZP,OD,D
14:25:11,PTBA,RG,4060,12,F,ZP,OD,D
14:25:11,PTBA,RG,4060,277,D,DX,OD,D
14:25:06,PTBA,RG,4060,1,D,DX,PD,D
14:25:06,PTBA,RG,4060,20,D,DX,CC,D
14:25:06,PTBA,RG,4060,716,D,DX,CC,D
14:25:06,PTBA,RG,4060,1,D,DX,XC,D
14:25:06,PTBA,RG,4060,10,D,DX,PD,D
14:25:06,PTBA,RG,4060,11,D,DX,AK,F
14:25:06,PTBA,RG,4060,1,D,DX,PD,D
14:25:06,PTBA,RG,4060,4,D,DX,OD,D
14:25:06,PTBA,RG,4060,16,D,DX,YU,F
14:25:06,PTBA,RG,4060,47,D,DX,YU,D
14:25:06,PTBA,RG,4060,573,D,DX,CC,D
14:25:06,PTBA,RG,4060,15,D,DX,AK,D
14:25:06,PTBA,RG,4060,310,D,DX,BQ,D
14:25:06,PTBA,RG,4060,2,D,DX,CC,D
14:25:06,PTBA,RG,4060,41,D,DX,YU,D
14:25:06,PTBA,RG,4060,1,D,DX,EP,D
14:25:06,PTBA,RG,4060,210,D,DX,OD,D
14:25:06,PTBA,RG,4060,10,D,DX,EP,D
14:25:06,PTBA,RG,4060,1,D,DX,DR,D
14:25:06,PTBA,RG,4060,20,D,DX,OD,D
14:25:06,PTBA,RG,4060,597,D,DX,CC,D
14:25:06,PTBA,RG,4060,1,D,DX,YP,D
14:25:06,PTBA,RG,4060,15,D,DX,AK,D
14:25:06,PTBA,RG,4060,11,D,DX,AK,F
14:25:06,PTBA,RG,4060,35,D,DX,ZP,F
14:25:06,PTBA,RG,4060,1,D,DX,CC,D
14:25:06,PTBA,RG,4060,500,D,DX,OD,D
14:25:06,PTBA,RG,4060,1264,D,DX,YU,D
14:25:06,PTBA,RG,4060,289,D,DX,YU,D
14:25:00,PTBA,RG,4050,126,D,DX,YU,D
14:24:59,PTBA,RG,4060,14,F,ZP,YU,D
14:24:52,PTBA,RG,4060,350,D,NI,YU,D
14:24:39,PTBA,RG,4050,26,D,DX,CC,D
14:24:30,PTBA,RG,4060,9,D,DX,YU,D
14:24:30,PTBA,RG,4060,63,D,DX,YU,D
14:24:20,PTBA,RG,4050,10,D,DX,EP,D
14:23:45,PTBA,RG,4050,5,D,DX,CC,D
14:23:30,PTBA,RG,4050,10,D,DX,PD,D
14:23:29,PTBA,RG,4060,8,F,ZP,YU,D
14:23:21,PTBA,RG,4050,1,D,DX,PD,D
14:23:17,PTBA,RG,4060,2,D,PD,YU,D
14:22:47,PTBA,RG,4060,50,D,PD,YU,D
14:22:33,PTBA,RG,4050,1,D,DX,XC,D
14:22:00,PTBA,RG,4060,12,D,NI,YU,D
14:21:57,PTBA,RG,4060,56,D,DX,YU,D
14:21:56,PTBA,RG,4060,12,D,DX,YU,D
14:21:55,PTBA,RG,4060,50,D,SQ,YU,D
14:21:32,PTBA,RG,4050,21,D,DX,XC,D
14:21:27,PTBA,RG,4050,5,D,DX,YP,D
14:21:21,PTBA,RG,4050,3,D,DX,HP,D
14:21:10,PTBA,RG,4060,10,D,YP,YU,D
14:21:04,PTBA,RG,4060,15,D,CC,YU,D
14:20:55,PTBA,RG,4060,1,D,CC,YU,D
14:20:49,PTBA,RG,4060,1,D,YP,YU,D
14:20:28,PTBA,RG,4060,1,D,YP,YU,D
14:20:21,PTBA,RG,4060,1,D,KK,YU,D
14:20:20,PTBA,RG,4050,8,D,DX,XC,D
14:20:20,PTBA,RG,4060,1,D,KK,YU,D
14:20:20,PTBA,RG,4060,36,F,ZP,YU,D
14:20:20,PTBA,RG,4060,2,F,AK,YU,D
14:20:20,PTBA,RG,4060,2,D,SQ,YU,D
14:20:20,PTBA,RG,4060,1,D,KK,YU,D
14:20:20,PTBA,RG,4060,1,D,PD,YU,D
14:20:20,PTBA,RG,4060,150,D,SQ,YU,D
14:20:20,PTBA,RG,4060,14,F,ZP,YU,D
14:20:20,PTBA,RG,4060,1,D,XC,YU,D
14:20:20,PTBA,RG,4060,348,D,DX,YU,D
14:20:15,PTBA,RG,4060,1,D,DX,YP,D
14:20:13,PTBA,RG,4060,18,D,DX,YU,D
14:20:03,PTBA,RG,4060,3,D,DX,XC,D
14:20:03,PTBA,RG,4060,36,D,DX,DH,D
14:20:03,PTBA,RG,4060,5,D,DX,YP,D
14:20:03,PTBA,RG,4060,18,D,DX,AK,D
14:20:03,PTBA,RG,4060,82,D,DX,YU,D
14:20:03,PTBA,RG,4060,811,D,DX,CC,D
14:20:03,PTBA,RG,4060,2,D,DX,XC,D
14:20:03,PTBA,RG,4060,359,D,DX,CC,D
14:20:03,PTBA,RG,4060,10,D,DX,DR,D
14:20:03,PTBA,RG,4060,5,D,DX,XC,D
14:20:03,PTBA,RG,4060,1,D,DX,YP,D
14:20:03,PTBA,RG,4060,10,D,DX,NI,D
14:20:03,PTBA,RG,4060,2,D,DX,ZP,F
14:20:03,PTBA,RG,4060,150,D,DX,DH,D
14:20:03,PTBA,RG,4060,217,D,DX,GR,D
14:20:03,PTBA,RG,4060,1,D,DX,PD,D
14:20:03,PTBA,RG,4060,10,D,DX,DX,D
14:20:03,PTBA,RG,4060,5,D,DX,EP,D
14:20:03,PTBA,RG,4060,1000,D,DX,OD,D
14:20:03,PTBA,RG,4060,80,D,DX,OD,D
14:20:03,PTBA,RG,4060,50,D,DX,XC,D
14:20:03,PTBA,RG,4060,1,D,DX,PD,D
14:20:03,PTBA,RG,4060,10,D,DX,KK,D
14:20:03,PTBA,RG,4060,7,D,DX,XA,D
14:20:03,PTBA,RG,4060,5,D,DX,CC,D
14:20:03,PTBA,RG,4060,2,D,DX,XC,D
14:20:03,PTBA,RG,4060,1,D,DX,XC,D
14:20:03,PTBA,RG,4060,11,D,DX,DH,D
14:20:03,PTBA,RG,4060,15,D,DX,XC,D
14:20:03,PTBA,RG,4060,2,D,DX,HP,D
14:20:03,PTBA,RG,4060,2,D,DX,NI,D
14:20:03,PTBA,RG,4060,1,D,DX,EP,D
14:20:03,PTBA,RG,4060,1,D,DX,YP,D
14:20:03,PTBA,RG,4060,1510,D,DX,RX,D
14:20:03,PTBA,RG,4060,153,D,DX,RX,D
14:20:03,PTBA,RG,4060,55,D,DX,RX,D
14:19:47,PTBA,RG,4060,1,D,XC,RX,D
14:19:37,PTBA,RG,4060,35,D,YP,RX,D
14:19:37,PTBA,RG,4050,257,D,DX,IN,D
14:19:28,PTBA,RG,4060,5,D,XC,RX,D
14:19:24,PTBA,RG,4060,46,D,DX,RX,D
14:19:21,PTBA,RG,4060,12,D,YP,RX,D
14:19:16,PTBA,RG,4060,10,D,DX,RX,D
14:18:53,PTBA,RG,4060,53,D,YP,RX,D
14:18:53,PTBA,RG,4060,518,D,YP,RX,D
14:18:53,PTBA,RG,4060,429,D,YP,OD,D
14:18:52,PTBA,RG,4050,1,D,DX,YP,D
14:18:39,PTBA,RG,4060,11,F,ZP,OD,D
14:18:30,PTBA,RG,4050,3,D,DX,BQ,D
14:18:30,PTBA,RG,4050,14,D,DX,AK,D
14:18:30,PTBA,RG,4050,1,D,DX,YP,D
14:18:30,PTBA,RG,4050,11,D,DX,AK,F
14:18:30,PTBA,RG,4050,15,D,DX,YP,D
14:18:30,PTBA,RG,4050,280,D,DX,BQ,D
14:18:30,PTBA,RG,4050,310,D,DX,BQ,D
14:18:30,PTBA,RG,4050,80,D,DX,AK,D
14:18:30,PTBA,RG,4050,16,D,DX,YU,F
14:18:30,PTBA,RG,4050,610,D,DX,ZP,D
14:18:30,PTBA,RG,4050,20,D,DX,KK,D
14:18:30,PTBA,RG,4050,10,D,DX,DH,D
14:18:30,PTBA,RG,4050,12,D,DX,DR,D
14:18:30,PTBA,RG,4050,10,D,DX,AK,F
14:18:30,PTBA,RG,4050,10,D,DX,YB,D
14:18:30,PTBA,RG,4050,205,D,DX,BQ,D
14:18:30,PTBA,RG,4050,15,D,DX,DR,D
14:18:30,PTBA,RG,4050,185,D,DX,BQ,D
14:18:30,PTBA,RG,4050,1,D,DX,PD,D
14:18:30,PTBA,RG,4050,1,D,DX,YP,D
14:18:30,PTBA,RG,4050,5,D,DX,YP,D
14:18:30,PTBA,RG,4050,15,D,DX,PD,D
14:18:30,PTBA,RG,4050,2,D,DX,DH,D
14:18:30,PTBA,RG,4050,41,D,DX,YU,D
14:18:30,PTBA,RG,4050,801,D,DX,CC,D
14:18:30,PTBA,RG,4050,1510,D,DX,RX,D
14:18:30,PTBA,RG,4050,153,D,DX,RX,D
14:18:30,PTBA,RG,4050,217,D,DX,RX,D
14:18:30,PTBA,RG,4050,518,D,DX,RX,D
14:18:30,PTBA,RG,4050,2,D,DX,EP,D
14:18:30,PTBA,RG,4050,205,D,DX,BQ,D
14:18:30,PTBA,RG,4050,185,D,DX,BQ,D
14:18:30,PTBA,RG,4050,30,D,DX,YP,D
14:18:30,PTBA,RG,4050,67,D,DX,YU,D
14:18:30,PTBA,RG,4050,15,D,DX,HP,D
14:18:30,PTBA,RG,4050,1,D,DX,PD,D
14:18:30,PTBA,RG,4050,5,D,DX,YP,D
14:18:30,PTBA,RG,4050,1250,D,DX,YU,D
14:18:30,PTBA,RG,4050,1250,D,DX,YU,D
14:18:30,PTBA,RG,4050,8,D,DX,ZP,F
14:18:30,PTBA,RG,4050,333,D,DX,CC,D
14:18:16,PTBA,RG,4050,20,F,AK,CC,D
14:17:55,PTBA,RG,4050,10,D,YP,CC,D
14:17:37,PTBA,RG,4040,15,D,YU,CC,D
14:17:26,PTBA,RG,4040,3,D,YU,DH,D
14:17:17,PTBA,RG,4040,1,D,YU,SQ,D
14:17:17,PTBA,RG,4040,57,D,YU,YU,D
14:17:17,PTBA,RG,4040,1,D,YU,AZ,D
14:17:17,PTBA,RG,4040,60,D,YU,XC,D
14:17:17,PTBA,RG,4040,250,D,YU,XC,D
14:17:17,PTBA,RG,4040,8,D,YU,XC,D
14:17:17,PTBA,RG,4040,13,D,YU,YB,D
14:17:17,PTBA,RG,4040,25,D,YU,CC,D
14:17:17,PTBA,RG,4040,6,D,YU,YP,D
14:17:17,PTBA,RG,4040,24,D,YU,ZP,F
14:17:17,PTBA,RG,4040,37,D,YU,EP,D
14:17:17,PTBA,RG,4040,5,D,YU,KK,D
14:17:17,PTBA,RG,4040,1,D,YU,XC,D
14:17:17,PTBA,RG,4040,1,D,YU,YP,D
14:17:17,PTBA,RG,4040,9,D,YU,AK,F
14:17:17,PTBA,RG,4040,14,D,YU,AK,F
14:17:17,PTBA,RG,4040,17,D,YU,AK,D
14:17:17,PTBA,RG,4040,14,D,YU,AK,D
14:17:17,PTBA,RG,4040,125,D,YU,YP,D
14:17:17,PTBA,RG,4040,30,D,YU,BQ,D
14:17:17,PTBA,RG,4040,1,D,YU,PD,D
14:17:17,PTBA,RG,4040,280,D,YU,BQ,D
14:17:17,PTBA,RG,4040,125,D,YU,YP,D
14:17:17,PTBA,RG,4040,16,D,YU,YU,F
14:17:17,PTBA,RG,4040,255,D,YU,RX,D
14:17:17,PTBA,RG,4040,814,D,YU,RX,D
14:17:14,PTBA,RG,4040,119,D,XA,RX,D
14:17:11,PTBA,RG,4040,3,D,YP,RX,D
14:17:08,PTBA,RG,4040,158,D,XA,RX,D
14:16:54,PTBA,RG,4040,10,D,XC,RX,D
14:16:34,PTBA,RG,4040,235,D,YP,RX,D
14:16:32,PTBA,RG,4040,50,D,XA,RX,D
14:16:29,PTBA,RG,4040,17,D,XA,RX,D
14:16:24,PTBA,RG,4040,50,D,XA,RX,D
14:16:14,PTBA,RG,4040,1,D,XL,RX,D
14:16:08,PTBA,RG,4040,10,D,XL,RX,D
14:16:07,PTBA,RG,4040,10,D,CC,RX,D
14:16:01,PTBA,RG,4040,1,D,PD,RX,D
14:15:59,PTBA,RG,4040,12,D,YP,RX,D
14:15:58,PTBA,RG,4040,30,D,DR,RX,D
14:15:55,PTBA,RG,4040,9,D,PD,RX,D
14:15:48,PTBA,RG,4040,100,D,PC,RX,D
14:15:46,PTBA,RG,4040,5,D,YP,RX,D
14:15:40,PTBA,RG,4040,1,D,XL,RX,D
14:15:28,PTBA,RG,4030,1,D,YP,XC,D
14:15:27,PTBA,RG,4040,1,D,YB,RX,D
14:15:15,PTBA,RG,4040,5,D,KK,RX,D
14:15:09,PTBA,RG,4030,12,D,YP,XC,D
14:15:07,PTBA,RG,4040,100,D,GR,RX,D
14:15:00,PTBA,RG,4030,101,D,YP,YU,D
14:15:00,PTBA,RG,4030,956,D,YP,CC,D
14:15:00,PTBA,RG,4030,10,D,SQ,CC,D
14:15:00,PTBA,RG,4030,10,D,GR,CC,D
14:15:00,PTBA,RG,4030,1,D,XL,CC,D
14:15:00,PTBA,RG,4030,9,D,DH,CC,D
14:15:00,PTBA,RG,4030,32,D,XA,CC,D
14:15:00,PTBA,RG,4030,4,D,PD,CC,D
14:15:00,PTBA,RG,4030,3,D,CP,CC,D
14:15:00,PTBA,RG,4030,88,D,YP,CC,D
14:15:00,PTBA,RG,4030,2,D,YP,CC,D
14:15:00,PTBA,RG,4030,2,D,YP,CC,D
14:15:00,PTBA,RG,4030,1,D,LG,CC,D
14:15:00,PTBA,RG,4030,1,D,YP,CC,D
14:15:00,PTBA,RG,4030,2,D,PD,CC,D
14:15:00,PTBA,RG,4030,5,D,XC,CC,D
14:15:00,PTBA,RG,4030,1,D,XC,CC,D
14:15:00,PTBA,RG,4030,2,D,PD,CC,D
14:15:00,PTBA,RG,4030,2,D,PD,CC,D
14:15:00,PTBA,RG,4030,5,D,KK,CC,D
14:15:00,PTBA,RG,4030,1,D,DR,CC,D
14:15:00,PTBA,RG,4030,5,D,RO,CC,D
14:15:00,PTBA,RG,4030,1,D,XL,CC,D
14:15:00,PTBA,RG,4030,10,D,XC,CC,D
14:15:00,PTBA,RG,4030,125,D,XA,CC,D
14:15:00,PTBA,RG,4030,100,D,MK,CC,D
14:14:59,PTBA,RG,4040,5,D,XC,RX,D
14:14:55,PTBA,RG,4040,2,D,XC,RX,D
14:14:54,PTBA,RG,4040,50,D,YB,RX,D
14:14:50,PTBA,RG,4040,20,D,PD,RX,D
14:14:50,PTBA,RG,4040,2,D,LG,RX,D
14:14:50,PTBA,RG,4040,2,D,XL,RX,D
14:14:46,PTBA,RG,4040,1,D,PD,RX,D
14:14:45,PTBA,RG,4040,10,D,XA,RX,D
14:14:44,PTBA,RG,4040,1,D,PD,RX,D
14:14:38,PTBA,RG,4040,1,D,NI,RX,D
14:14:32,PTBA,RG,4040,1,D,XC,RX,D
14:14:32,PTBA,RG,4040,48,D,DX,RX,D
14:14:32,PTBA,RG,4040,2,F,ZP,RX,D
14:14:32,PTBA,RG,4040,11,D,DX,RX,D
14:14:32,PTBA,RG,4040,1,D,CC,RX,D
14:14:32,PTBA,RG,4040,14,D,YP,RX,D
14:14:32,PTBA,RG,4040,10,D,CC,RX,D
14:14:32,PTBA,RG,4040,50,D,BQ,RX,D
14:14:32,PTBA,RG,4040,1,D,KK,RX,D
14:14:32,PTBA,RG,4040,1,D,NI,RX,D
14:14:32,PTBA,RG,4040,3,D,PD,RX,D
14:14:32,PTBA,RG,4040,3,D,YP,RX,D
14:14:32,PTBA,RG,4040,5,F,ZP,RX,D
14:14:32,PTBA,RG,4040,3,D,PD,RX,D
14:14:32,PTBA,RG,4040,70,D,XL,RX,D
14:14:32,PTBA,RG,4040,3,D,XC,RX,D
14:14:32,PTBA,RG,4040,10,D,SQ,RX,D
14:14:32,PTBA,RG,4040,1,D,XC,RX,D
14:14:32,PTBA,RG,4040,1,D,XA,RX,D
14:14:32,PTBA,RG,4040,1,D,XA,RX,D
14:14:32,PTBA,RG,4040,2,D,XA,RX,D
14:14:32,PTBA,RG,4040,3,D,XA,RX,D
14:14:32,PTBA,RG,4040,5,D,LS,RX,D
14:14:32,PTBA,RG,4040,2,D,XC,RX,D
14:14:32,PTBA,RG,4040,5,D,XA,RX,D
14:14:32,PTBA,RG,4040,30,D,YP,RX,D
14:14:32,PTBA,RG,4040,8,D,XA,RX,D
14:14:32,PTBA,RG,4040,24,D,PD,RX,D
14:14:32,PTBA,RG,4040,14,D,XA,RX,D
14:14:32,PTBA,RG,4040,10,D,YP,RX,D
14:14:32,PTBA,RG,4040,24,D,XA,RX,D
14:14:32,PTBA,RG,4040,25,D,YP,RX,D
14:14:32,PTBA,RG,4040,1,D,HP,RX,D
14:14:32,PTBA,RG,4040,1,D,PD,RX,D
14:14:32,PTBA,RG,4040,34,D,YP,RX,D
14:14:32,PTBA,RG,4040,3,D,PD,RX,D
14:14:32,PTBA,RG,4040,2,D,PD,RX,D
14:14:32,PTBA,RG,4040,100,D,YP,RX,D
14:14:32,PTBA,RG,4040,1,F,ZP,RX,D
14:14:32,PTBA,RG,4040,150,D,CP,RX,D
14:14:32,PTBA,RG,4040,142,D,CP,RX,D
14:14:32,PTBA,RG,4040,10,D,YP,RX,D
14:14:32,PTBA,RG,4040,1,F,AK,RX,D
14:14:32,PTBA,RG,4040,5,D,YP,RX,D
14:14:32,PTBA,RG,4040,9,D,YU,RX,D
14:14:32,PTBA,RG,4040,1,F,ZP,RX,D
14:14:32,PTBA,RG,4040,20,D,YP,RX,D
14:14:32,PTBA,RG,4040,50,D,XA,RX,D
14:14:32,PTBA,RG,4040,1,D,PD,RX,D
14:14:32,PTBA,RG,4040,1,D,GR,RX,D
14:14:32,PTBA,RG,4040,1,D,PD,RX,D
14:14:32,PTBA,RG,4040,1,F,AK,RX,D
14:14:32,PTBA,RG,4040,50,D,XA,RX,D
14:14:32,PTBA,RG,4040,1,D,GR,RX,D
14:14:32,PTBA,RG,4040,1,F,ZP,RX,D
14:14:32,PTBA,RG,4040,50,D,XA,RX,D
14:14:32,PTBA,RG,4040,17,F,BK,RX,D
14:14:32,PTBA,RG,4040,864,F,BK,RX,D
14:14:23,PTBA,RG,4040,15,F,BK,AZ,D
14:14:08,PTBA,RG,4050,10,D,NI,CC,D
14:14:07,PTBA,RG,4050,55,D,DX,CC,D
14:14:04,PTBA,RG,4040,33,F,BK,PD,D
14:14:03,PTBA,RG,4050,12,D,DX,CC,D
14:13:54,PTBA,RG,4040,28,F,BK,ZP,F
14:13:54,PTBA,RG,4040,202,F,BK,BQ,D
14:13:54,PTBA,RG,4040,1,F,AK,BQ,D
14:13:54,PTBA,RG,4040,105,D,XC,BQ,D
14:13:54,PTBA,RG,4040,2,D,CC,BQ,D
14:13:49,PTBA,RG,4040,2,D,CC,BQ,D
14:13:49,PTBA,RG,4040,1,D,KK,BQ,D
14:13:49,PTBA,RG,4040,1,D,XC,BQ,D
14:13:49,PTBA,RG,4040,1,F,ZP,BQ,D
14:13:49,PTBA,RG,4040,1,D,XC,BQ,D
14:13:49,PTBA,RG,4040,274,D,YP,BQ,D
14:13:33,PTBA,RG,4040,5,D,YP,PD,D
14:13:30,PTBA,RG,4050,1,D,NI,CC,D
14:13:00,PTBA,RG,4040,60,D,YP,YU,D
14:13:00,PTBA,RG,4040,3,D,OD,YU,D
14:13:00,PTBA,RG,4040,76,D,CC,YU,D
14:12:47,PTBA,RG,4050,2,D,XC,CC,D
14:12:46,PTBA,RG,4050,50,D,LG,CC,D
14:12:46,PTBA,RG,4050,10,D,AZ,CC,D
14:12:45,PTBA,RG,4050,13,D,OD,CC,D
14:12:40,PTBA,RG,4050,1,D,XC,CC,D
14:12:33,PTBA,RG,4050,5,D,PD,CC,D
14:12:14,PTBA,RG,4050,15,D,AZ,CC,D
14:12:08,PTBA,RG,4050,1,D,CC,CC,D
14:12:04,PTBA,RG,4040,5,D,CC,HP,D
14:12:03,PTBA,RG,4040,19,D,CC,PD,D
14:12:03,PTBA,RG,4040,5,D,CC,PD,D
14:11:52,PTBA,RG,4050,1,D,XC,CC,D
14:11:15,PTBA,RG,4050,2,D,PD,CC,D
14:10:28,PTBA,RG,4040,1,D,CC,YP,D
14:10:24,PTBA,RG,4040,4,D,CC,XC,D
14:10:24,PTBA,RG,4040,1,F,ZP,XC,D
14:10:21,PTBA,RG,4040,1,F,ZP,ZP,F
14:10:21,PTBA,RG,4040,8,D,NI,ZP,F
14:10:16,PTBA,RG,4040,2,D,NI,PD,D
14:09:45,PTBA,RG,4040,100,F,AK,CC,D
14:09:45,PTBA,RG,4040,16,F,AK,AK,D
14:09:45,PTBA,RG,4040,12,F,AK,ZP,F
14:09:45,PTBA,RG,4040,50,F,AK,RX,D
14:09:44,PTBA,RG,4040,1,D,NI,RX,D
14:09:43,PTBA,RG,4040,1,D,PD,RX,D
14:09:41,PTBA,RG,4040,3,D,XC,RX,D
14:09:40,PTBA,RG,4040,2,D,KK,RX,D
14:09:39,PTBA,RG,4040,6,D,XC,RX,D
14:09:38,PTBA,RG,4040,1,D,YP,RX,D
14:09:33,PTBA,RG,4040,30,D,NI,RX,D
14:09:25,PTBA,RG,4040,2,D,XA,RX,D
14:09:25,PTBA,RG,4040,1,D,PD,RX,D
14:09:23,PTBA,RG,4040,5,D,YP,RX,D
14:09:21,PTBA,RG,4040,2,D,XC,RX,D
14:09:21,PTBA,RG,4040,2,D,YP,RX,D
14:09:21,PTBA,RG,4040,5,D,HP,RX,D
14:09:21,PTBA,RG,4040,64,D,DX,RX,D
14:09:21,PTBA,RG,4040,10,D,DX,RX,D
14:09:21,PTBA,RG,4040,454,D,CC,RX,D
14:09:21,PTBA,RG,4040,13,D,XC,RX,D
14:09:21,PTBA,RG,4040,1,F,ZP,RX,D
14:09:21,PTBA,RG,4040,1,F,ZP,RX,D
14:09:21,PTBA,RG,4040,10,D,NI,RX,D
14:09:21,PTBA,RG,4040,1,F,ZP,RX,D
14:09:21,PTBA,RG,4040,10,D,KK,RX,D
14:09:21,PTBA,RG,4040,50,D,GR,RX,D
14:09:21,PTBA,RG,4040,2,D,XC,RX,D
14:09:21,PTBA,RG,4040,1,D,NI,RX,D
14:09:21,PTBA,RG,4040,23,F,ZP,RX,D
14:09:21,PTBA,RG,4040,5,D,YB,RX,D
14:09:21,PTBA,RG,4040,10,D,NI,RX,D
14:09:21,PTBA,RG,4040,2,D,XC,RX,D
14:09:21,PTBA,RG,4040,30,D,YP,RX,D
14:09:21,PTBA,RG,4040,50,D,BQ,RX,D
14:09:21,PTBA,RG,4040,333,F,CC,RX,D
14:09:21,PTBA,RG,4040,1,D,PD,RX,D
14:09:21,PTBA,RG,4040,15,D,NI,RX,D
14:09:21,PTBA,RG,4040,1,F,AK,RX,D
14:09:21,PTBA,RG,4040,1,D,YP,RX,D
14:09:21,PTBA,RG,4040,10,D,NI,RX,D
14:09:21,PTBA,RG,4040,646,F,AK,RX,D
14:09:21,PTBA,RG,4040,1,D,YP,RX,D
14:09:21,PTBA,RG,4040,1165,F,BK,RX,D
14:09:21,PTBA,RG,4040,306,F,BK,RX,D
14:09:21,PTBA,RG,4040,42,F,BK,RX,D
14:09:21,PTBA,RG,4040,10,D,KK,RX,D
14:09:21,PTBA,RG,4040,1,D,XC,RX,D
14:09:21,PTBA,RG,4040,1,F,AK,RX,D
14:09:21,PTBA,RG,4040,16,D,PD,RX,D
14:09:21,PTBA,RG,4040,200,D,YP,RX,D
14:09:21,PTBA,RG,4040,1,F,AK,RX,D
14:09:21,PTBA,RG,4040,163,D,XA,RX,D
14:09:21,PTBA,RG,4040,137,D,XA,RX,D
14:09:21,PTBA,RG,4040,2,D,LG,RX,D
14:09:21,PTBA,RG,4040,5,D,CC,RX,D
14:09:21,PTBA,RG,4040,893,D,ZP,RX,D
14:09:19,PTBA,RG,4040,5,D,ZP,OD,D
14:09:08,PTBA,RG,4050,5,D,PD,CC,D
14:08:59,PTBA,RG,4050,1,D,PD,CC,D
14:08:58,PTBA,RG,4050,173,D,CC,CC,D
14:08:58,PTBA,RG,4050,20,D,CC,EP,D
14:08:58,PTBA,RG,4050,16,D,CC,AK,D
14:08:58,PTBA,RG,4050,5,D,CC,XL,D
14:08:58,PTBA,RG,4050,10,D,CC,YB,D
14:08:58,PTBA,RG,4050,1,D,CC,YP,D
14:08:58,PTBA,RG,4050,10,D,CC,AK,F
14:08:58,PTBA,RG,4050,15,D,CC,IN,D
14:08:52,PTBA,RG,4050,1,D,XL,IN,D
14:08:51,PTBA,RG,4050,48,D,DX,IN,D
14:08:46,PTBA,RG,4050,5,D,YU,IN,D
14:08:37,PTBA,RG,4050,5,D,EP,IN,D
14:08:34,PTBA,RG,4040,12,D,ZP,XL,D
14:08:33,PTBA,RG,4050,1,D,XC,IN,D
14:08:32,PTBA,RG,4050,5,D,YP,IN,D
14:08:30,PTBA,RG,4050,112,D,YP,IN,D
14:08:30,PTBA,RG,4050,7,D,PD,IN,D
14:08:28,PTBA,RG,4050,1,D,PD,IN,D
14:08:27,PTBA,RG,4050,41,D,YP,YU,D
14:08:27,PTBA,RG,4050,1,D,YP,YP,D
14:08:27,PTBA,RG,4050,153,D,YP,RX,D
14:08:27,PTBA,RG,4050,5,D,YP,RX,D
14:08:26,PTBA,RG,4050,10,D,YP,RX,D
14:08:22,PTBA,RG,4050,1,D,XC,RX,D
14:08:20,PTBA,RG,4050,5,D,CC,RX,D
14:08:19,PTBA,RG,4050,1,D,KK,RX,D
14:08:16,PTBA,RG,4050,24,D,PD,RX,D
14:08:13,PTBA,RG,4050,10,D,XA,RX,D
14:08:11,PTBA,RG,4050,50,D,YP,RX,D
14:08:10,PTBA,RG,4050,30,D,NI,RX,D
14:08:10,PTBA,RG,4050,5,D,HP,RX,D
14:08:08,PTBA,RG,4050,5,D,PD,RX,D
14:08:07,PTBA,RG,4050,2,D,YP,RX,D
14:08:06,PTBA,RG,4050,5,D,DX,RX,D
14:08:05,PTBA,RG,4050,25,D,YP,RX,D
14:08:00,PTBA,RG,4050,1,D,XC,RX,D
14:07:57,PTBA,RG,4050,1,D,XC,RX,D
14:07:50,PTBA,RG,4050,10,D,PD,RX,D
14:07:50,PTBA,RG,4050,15,F,ZP,RX,D
14:07:50,PTBA,RG,4050,1,F,AK,RX,D
14:07:50,PTBA,RG,4050,1,F,AK,RX,D
14:07:50,PTBA,RG,4050,10,D,DX,RX,D
14:07:50,PTBA,RG,4050,2,F,ZP,RX,D
14:07:50,PTBA,RG,4050,1508,F,CS,RX,D
14:07:50,PTBA,RG,4050,513,F,CS,RX,D
14:07:50,PTBA,RG,4050,1,F,ZP,RX,D
14:07:50,PTBA,RG,4050,4,D,YU,RX,D
14:07:40,PTBA,RG,4050,1,D,YU,ZP,F
14:07:40,PTBA,RG,4050,10,D,YU,OD,D
14:07:40,PTBA,RG,4050,15,F,BK,AK,D
14:07:40,PTBA,RG,4050,3,F,BK,CC,D
14:07:40,PTBA,RG,4050,1,F,BK,AI,D
14:07:40,PTBA,RG,4050,330,F,BK,CC,D
14:07:40,PTBA,RG,4050,15,F,BK,AK,D
14:07:40,PTBA,RG,4050,10,F,BK,NI,D
14:07:40,PTBA,RG,4050,5,F,BK,PD,D
14:07:40,PTBA,RG,4050,3,F,BK,XC,D
14:07:40,PTBA,RG,4050,1,F,BK,AZ,D
14:07:40,PTBA,RG,4050,8,F,BK,ZP,F
14:07:40,PTBA,RG,4050,2,F,BK,XC,D
14:07:40,PTBA,RG,4050,5,F,BK,XL,D
14:07:40,PTBA,RG,4050,25,F,BK,HP,D
14:07:40,PTBA,RG,4050,9,F,BK,HP,D
14:07:40,PTBA,RG,4050,4,F,BK,XA,D
14:07:40,PTBA,RG,4050,50,F,BK,PD,D
14:07:40,PTBA,RG,4050,1,F,BK,PD,D
14:07:40,PTBA,RG,4050,31,F,BK,XC,D
14:07:40,PTBA,RG,4050,5,F,BK,XC,D
14:07:40,PTBA,RG,4050,30,F,BK,XA,D
14:07:40,PTBA,RG,4050,1,F,BK,PD,D
14:07:40,PTBA,RG,4050,5,F,BK,EP,D
14:07:40,PTBA,RG,4050,6,F,BK,YU,D
14:07:40,PTBA,RG,4050,5,F,BK,DX,D
14:07:40,PTBA,RG,4050,180,F,BK,XC,D
14:07:40,PTBA,RG,4050,18,F,BK,LG,D
14:07:40,PTBA,RG,4050,5,F,BK,YP,D
14:07:40,PTBA,RG,4050,1,F,BK,XC,D
14:07:40,PTBA,RG,4050,6,F,BK,XC,D
14:07:40,PTBA,RG,4050,8,F,BK,CC,D
14:07:40,PTBA,RG,4050,10,F,BK,EP,D
14:07:40,PTBA,RG,4050,50,F,BK,KK,D
14:07:40,PTBA,RG,4050,50,F,BK,KK,D
14:07:40,PTBA,RG,4050,28,F,BK,NI,D
14:07:40,PTBA,RG,4050,100,F,BK,AI,D
14:07:40,PTBA,RG,4050,1,F,BK,PD,D
14:07:40,PTBA,RG,4050,265,F,BK,OD,D
14:07:39,PTBA,RG,4050,124,F,AK,OD,D
14:07:39,PTBA,RG,4050,571,D,YU,OD,D
14:07:39,PTBA,RG,4050,80,D,YU,OD,D
14:07:39,PTBA,RG,4050,10,D,YU,DX,D
14:07:39,PTBA,RG,4050,20,D,YU,PD,D
14:07:39,PTBA,RG,4050,1,D,YU,CC,D
14:07:39,PTBA,RG,4050,4,D,YU,XC,D
14:07:39,PTBA,RG,4050,1,D,YU,YP,D
14:07:39,PTBA,RG,4050,10,D,YU,PD,D
14:07:39,PTBA,RG,4050,166,D,YU,CC,D
14:07:39,PTBA,RG,4050,1637,D,YU,OD,D
14:07:38,PTBA,RG,4050,100,D,BQ,OD,D
14:07:38,PTBA,RG,4050,100,D,BQ,OD,D
14:07:38,PTBA,RG,4050,100,D,BQ,OD,D
14:07:38,PTBA,RG,4050,63,D,BQ,OD,D
14:07:38,PTBA,RG,4050,1,D,BQ,YP,D
14:07:38,PTBA,RG,4050,8,D,BQ,KK,D
14:07:38,PTBA,RG,4050,28,D,BQ,BQ,D
14:07:37,PTBA,RG,4050,225,D,BQ,BQ,D
14:07:37,PTBA,RG,4050,57,D,BQ,BQ,D
14:07:37,PTBA,RG,4050,93,D,BQ,BQ,D
14:07:37,PTBA,RG,4050,100,D,BQ,BQ,D
14:07:37,PTBA,RG,4050,87,D,BQ,BQ,D
14:07:37,PTBA,RG,4050,1,D,BQ,XC,D
14:07:37,PTBA,RG,4050,212,D,BQ,RX,D
14:07:37,PTBA,RG,4050,150,D,BQ,RX,D
14:07:37,PTBA,RG,4050,100,D,BQ,RX,D
14:07:37,PTBA,RG,4050,150,D,BQ,RX,D
14:07:37,PTBA,RG,4050,300,D,BQ,RX,D
14:07:37,PTBA,RG,4050,95,D,BQ,RX,D
14:07:37,PTBA,RG,4050,102,D,BQ,RX,D
14:07:37,PTBA,RG,4050,103,D,BQ,RX,D
14:07:34,PTBA,RG,4040,5,D,ZP,CC,D
14:07:22,PTBA,RG,4050,1,D,NI,RX,D
14:07:16,PTBA,RG,4050,1,D,XC,RX,D
14:07:14,PTBA,RG,4040,85,D,ZP,LG,D
14:07:14,PTBA,RG,4040,21,D,YP,LG,D
14:07:14,PTBA,RG,4040,40,F,CC,LG,D
14:07:14,PTBA,RG,4040,1,F,ZP,LG,D
14:07:14,PTBA,RG,4040,2,D,PD,LG,D
14:07:14,PTBA,RG,4040,2,F,ZP,LG,D
14:06:30,PTBA,RG,4050,2,D,PD,RX,D
14:06:29,PTBA,RG,4040,3,F,ZP,YP,D
14:06:29,PTBA,RG,4040,3,F,ZP,YP,D
14:06:23,PTBA,RG,4040,39,F,ZP,AZ,D
14:06:23,PTBA,RG,4040,61,D,KI,AZ,D
14:06:22,PTBA,RG,4050,1,D,XC,RX,D
14:06:20,PTBA,RG,4050,36,D,DX,RX,D
14:06:20,PTBA,RG,4050,17,D,DX,RX,D
14:06:20,PTBA,RG,4040,3,D,KI,NI,D
14:06:17,PTBA,RG,4040,5,D,KI,XL,D
14:06:17,PTBA,RG,4040,72,D,KI,YU,D
14:06:17,PTBA,RG,4040,1,D,KI,PD,D
14:06:17,PTBA,RG,4040,1,D,KI,XC,D
14:06:17,PTBA,RG,4040,16,D,KI,AK,D
14:06:17,PTBA,RG,4040,11,D,KI,AK,F
14:06:17,PTBA,RG,4040,18,D,KI,ZP,F
14:06:17,PTBA,RG,4040,30,D,KI,KK,D
14:06:17,PTBA,RG,4040,32,D,KI,BQ,D
14:06:16,PTBA,RG,4040,1,D,YP,BQ,D
14:06:12,PTBA,RG,4040,172,D,CC,BQ,D
14:06:12,PTBA,RG,4040,28,D,CC,BQ,D
14:06:12,PTBA,RG,4040,10,D,OD,BQ,D
14:06:10,PTBA,RG,4040,12,D,DX,BQ,D
14:06:06,PTBA,RG,4030,5,F,CS,EP,D
14:06:05,PTBA,RG,4040,135,D,YP,BQ,D
14:06:05,PTBA,RG,4040,1,D,YP,YP,D
14:06:05,PTBA,RG,4040,46,D,YP,CC,D
14:06:05,PTBA,RG,4040,111,D,YP,RX,D
14:06:05,PTBA,RG,4040,100,D,KK,RX,D
14:05:59,PTBA,RG,4040,10,F,AK,RX,D
14:05:58,PTBA,RG,4040,7,F,AK,RX,D
14:05:58,PTBA,RG,4040,1,D,XL,RX,D
14:05:58,PTBA,RG,4040,99,F,AK,RX,D
14:05:58,PTBA,RG,4040,77,F,AK,RX,D
14:05:58,PTBA,RG,4040,1000,D,YP,RX,D
14:05:53,PTBA,RG,4040,5,D,PD,RX,D
14:05:49,PTBA,RG,4040,23,D,YP,RX,D
14:05:48,PTBA,RG,4040,56,D,XC,RX,D
14:05:46,PTBA,RG,4040,5,D,PD,RX,D
14:05:44,PTBA,RG,4040,1,D,YP,RX,D
14:05:42,PTBA,RG,4040,5,D,NI,RX,D
14:05:39,PTBA,RG,4040,10,D,ZP,RX,D
14:05:28,PTBA,RG,4040,5,D,YB,RX,D
14:05:21,PTBA,RG,4040,1,D,PD,RX,D
14:05:21,PTBA,RG,4030,25,F,CS,HP,D
14:05:18,PTBA,RG,4040,24,D,XL,RX,D
14:05:18,PTBA,RG,4040,5,D,NI,RX,D
14:05:09,PTBA,RG,4040,50,D,XA,RX,D
14:04:49,PTBA,RG,4040,50,D,XA,RX,D
14:04:48,PTBA,RG,4040,1,D,XC,RX,D
14:04:46,PTBA,RG,4040,1,D,XC,RX,D
14:04:44,PTBA,RG,4040,10,D,CC,RX,D
14:04:40,PTBA,RG,4040,5,D,DH,RX,D
14:04:36,PTBA,RG,4040,1,D,XC,RX,D
14:04:30,PTBA,RG,4040,50,D,XA,RX,D
14:04:28,PTBA,RG,4040,46,D,YP,RX,D
14:04:28,PTBA,RG,4040,2,D,PD,RX,D
14:04:28,PTBA,RG,4040,5,D,YP,RX,D
14:04:28,PTBA,RG,4040,10,D,PD,RX,D
14:04:28,PTBA,RG,4040,48,D,XA,RX,D
14:04:28,PTBA,RG,4040,10,D,XC,RX,D
14:04:28,PTBA,RG,4040,46,D,CC,RX,D
14:04:27,PTBA,RG,4040,442,D,CC,RX,D
14:04:27,PTBA,RG,4040,5,D,YB,RX,D
14:04:27,PTBA,RG,4040,5,D,YP,RX,D
14:04:27,PTBA,RG,4040,8,F,ZP,RX,D
14:04:27,PTBA,RG,4040,23,F,ZP,RX,D
14:04:27,PTBA,RG,4040,35,D,ZP,RX,D
14:04:19,PTBA,RG,4040,19,D,ZP,ZP,F
14:04:19,PTBA,RG,4040,83,D,ZP,AK,D
14:04:19,PTBA,RG,4040,2,D,ZP,HP,D
14:04:19,PTBA,RG,4040,84,D,ZP,YU,D
14:04:19,PTBA,RG,4040,1,D,ZP,YP,D
14:04:19,PTBA,RG,4040,1,D,ZP,PD,D
14:04:19,PTBA,RG,4040,17,D,ZP,YU,F
14:04:19,PTBA,RG,4040,13,D,ZP,AK,F
14:04:19,PTBA,RG,4040,500,D,ZP,OD,D
14:04:19,PTBA,RG,4040,5,D,ZP,YP,D
14:04:19,PTBA,RG,4040,1,D,ZP,YP,D
14:04:19,PTBA,RG,4040,50,D,ZP,YP,D
14:04:19,PTBA,RG,4040,23,D,ZP,ZP,F
14:04:19,PTBA,RG,4040,89,D,ZP,YU,D
14:04:19,PTBA,RG,4040,14,D,ZP,AK,F
14:04:19,PTBA,RG,4040,63,D,ZP,NI,D
14:04:18,PTBA,RG,4040,1,D,CC,NI,D
14:04:18,PTBA,RG,4040,9,D,CC,YU,D
14:04:18,PTBA,RG,4040,1,D,TP,YU,D
14:04:18,PTBA,RG,4040,42,D,YP,YU,D
14:04:18,PTBA,RG,4040,12,D,YP,YP,D
14:04:18,PTBA,RG,4040,10,D,YP,AK,D
14:04:17,PTBA,RG,4040,6,F,ZP,AK,D
14:04:17,PTBA,RG,4040,2,F,ZP,XC,D
14:04:16,PTBA,RG,4040,5,D,XA,XC,D
14:04:16,PTBA,RG,4040,5,D,XA,YP,D
14:04:16,PTBA,RG,4040,12,D,XA,AK,F
14:04:16,PTBA,RG,4040,20,D,XA,AK,D
14:04:16,PTBA,RG,4040,5,D,XA,PD,D
14:04:16,PTBA,RG,4040,16,D,XA,YU,F
14:04:16,PTBA,RG,4040,1,D,XA,ZP,F
14:04:16,PTBA,RG,4040,9,D,XA,OD,D
14:04:16,PTBA,RG,4040,177,D,XA,OD,D
14:04:14,PTBA,RG,4040,10,D,NI,OD,D
14:04:13,PTBA,RG,4040,1,D,TP,OD,D
14:04:11,PTBA,RG,4040,125,D,YP,OD,D
14:04:10,PTBA,RG,4040,125,D,YP,OD,D
14:04:09,PTBA,RG,4040,62,D,NI,OD,D
14:04:09,PTBA,RG,4040,3,D,NI,YP,D
14:04:09,PTBA,RG,4040,29,D,NI,CC,D
14:04:09,PTBA,RG,4040,24,D,NI,RF,D
14:04:08,PTBA,RG,4040,1,D,XC,RF,D
14:04:08,PTBA,RG,4040,1,D,TP,RF,D
14:04:02,PTBA,RG,4040,10,D,YP,RF,D
14:04:01,PTBA,RG,4040,1,D,TP,RF,D
14:04:00,PTBA,RG,4040,2,D,PD,RF,D
14:04:00,PTBA,RG,4040,1,D,TP,RF,D
14:03:59,PTBA,RG,4040,30,D,YP,RF,D
14:03:48,PTBA,RG,4040,107,D,YP,RF,D
14:03:44,PTBA,RG,4040,10,D,XA,RF,D
14:03:44,PTBA,RG,4040,5,D,PD,RF,D
14:03:39,PTBA,RG,4040,12,D,DX,RF,D
14:03:38,PTBA,RG,4040,46,D,DX,RF,D
14:03:38,PTBA,RG,4040,13,D,DX,RX,D
14:03:23,PTBA,RG,4040,5,D,XC,RX,D
14:03:19,PTBA,RG,4040,10,D,MK,RX,D
14:03:14,PTBA,RG,4040,129,D,YP,RX,D
14:03:10,PTBA,RG,4040,20,D,NI,RX,D
14:03:09,PTBA,RG,4040,100,D,OD,RX,D
14:03:06,PTBA,RG,4030,18,F,CS,XL,D
14:03:05,PTBA,RG,4030,10,F,CS,PD,D
14:03:00,PTBA,RG,4030,183,F,CS,YU,D
14:02:57,PTBA,RG,4030,93,F,CS,SQ,D
14:02:56,PTBA,RG,4040,5,D,YP,RX,D
14:02:51,PTBA,RG,4040,5,D,YP,RX,D
14:02:51,PTBA,RG,4040,50,D,XL,RX,D
14:02:48,PTBA,RG,4040,5,D,OD,RX,D
14:02:45,PTBA,RG,4040,10,D,CC,RX,D
14:02:44,PTBA,RG,4040,1,D,PD,RX,D
14:02:40,PTBA,RG,4030,5,F,CS,YP,D
14:02:37,PTBA,RG,4040,10,D,YP,RX,D
14:02:35,PTBA,RG,4040,2,D,PD,RX,D
14:02:35,PTBA,RG,4040,3,D,LG,RX,D
14:02:30,PTBA,RG,4040,2,D,NI,RX,D
14:02:30,PTBA,RG,4040,5,D,PD,RX,D
14:02:28,PTBA,RG,4040,10,D,YP,RX,D
14:02:25,PTBA,RG,4040,5,D,YP,RX,D
14:02:24,PTBA,RG,4040,5,D,YP,RX,D
14:02:24,PTBA,RG,4030,13,F,CS,HP,D
14:02:19,PTBA,RG,4040,1,D,XC,RX,D
14:02:19,PTBA,RG,4040,10,D,YP,RX,D
14:02:19,PTBA,RG,4040,10,D,YP,RX,D
14:02:19,PTBA,RG,4040,10,D,YP,RX,D
14:02:16,PTBA,RG,4040,5,D,PD,RX,D
14:02:13,PTBA,RG,4040,2,D,YP,RX,D
14:02:10,PTBA,RG,4040,1,D,PD,RX,D
14:02:09,PTBA,RG,4040,245,F,AK,RX,D
14:02:08,PTBA,RG,4040,831,D,YU,RX,D
14:02:08,PTBA,RG,4040,153,D,YU,RX,D
14:02:08,PTBA,RG,4040,217,D,YU,RX,D
14:02:08,PTBA,RG,4040,518,D,YU,RX,D
14:02:08,PTBA,RG,4040,1,D,YU,YP,D
14:02:08,PTBA,RG,4040,1,D,YU,PD,D
14:02:08,PTBA,RG,4040,1,D,YU,PD,D
14:02:08,PTBA,RG,4040,310,D,YU,BQ,D
14:02:08,PTBA,RG,4040,280,D,YU,BQ,D
14:02:08,PTBA,RG,4040,188,D,YU,RF,D
14:02:01,PTBA,RG,4040,1,D,NI,RF,D
14:01:58,PTBA,RG,4030,15,F,CS,YP,D
14:01:55,PTBA,RG,4040,15,D,KK,RF,D
14:01:46,PTBA,RG,4030,10,F,CS,NI,D
14:01:37,PTBA,RG,4030,1,F,CS,XC,D
14:01:31,PTBA,RG,4030,50,F,CS,CC,D
14:01:27,PTBA,RG,4030,3,F,CS,SQ,D
14:01:23,PTBA,RG,4030,2,F,CS,PD,D
14:01:08,PTBA,RG,4040,10,D,DX,RF,D
14:01:07,PTBA,RG,4030,3,F,CS,XC,D
14:01:00,PTBA,RG,4040,6,D,DX,RF,D
14:01:00,PTBA,RG,4040,56,D,DX,RF,D
14:00:57,PTBA,RG,4030,1,F,CS,YP,D
14:00:50,PTBA,RG,4030,10,F,CS,PD,D
14:00:44,PTBA,RG,4030,86,F,CS,YP,D
14:00:43,PTBA,RG,4030,1128,F,CS,NI,D
14:00:43,PTBA,RG,4030,5,D,XA,NI,D
14:00:43,PTBA,RG,4030,6,F,ZP,NI,D
14:00:43,PTBA,RG,4030,876,D,MK,NI,D
14:00:31,PTBA,RG,4030,10,D,MK,SQ,D
14:00:30,PTBA,RG,4030,87,D,MK,XC,D
14:00:23,PTBA,RG,4030,15,D,MK,YP,D
14:00:22,PTBA,RG,4030,5,D,MK,YP,D
14:00:15,PTBA,RG,4030,1,D,MK,DH,D
13:59:41,PTBA,RG,4030,1,D,MK,NI,D
13:59:31,PTBA,RG,4040,2,D,MG,RF,D
13:59:26,PTBA,RG,4030,5,D,MK,PD,D
13:59:23,PTBA,RG,4040,8,D,XC,RF,D
13:59:18,PTBA,RG,4030,263,F,AK,SQ,D
13:59:18,PTBA,RG,4030,67,F,ZP,SQ,D
13:59:18,PTBA,RG,4030,4239,D,SQ,SQ,D
13:59:14,PTBA,RG,4040,10,D,XC,RF,D
13:59:06,PTBA,RG,4040,2,D,XA,RF,D
13:59:02,PTBA,RG,4040,3,D,XA,RF,D
13:59:02,PTBA,RG,4040,50,D,PD,RF,D
13:59:00,PTBA,RG,4040,1,D,XC,RF,D
13:58:54,PTBA,RG,4040,10,D,GR,RF,D
13:58:50,PTBA,RG,4030,5,D,SQ,NI,D
13:58:49,PTBA,RG,4040,5,D,PD,RF,D
13:58:42,PTBA,RG,4040,9,D,XC,RF,D
13:58:37,PTBA,RG,4030,10,D,SQ,CC,D
13:58:33,PTBA,RG,4040,154,D,XA,RF,D
13:58:33,PTBA,RG,4040,46,D,XA,KI,D
13:58:29,PTBA,RG,4040,10,D,DX,KI,D
13:58:28,PTBA,RG,4040,5,D,XA,KI,D
13:58:28,PTBA,RG,4040,5,D,YP,KI,D
13:58:26,PTBA,RG,4040,56,D,DX,KI,D
13:58:21,PTBA,RG,4040,1,D,XL,KI,D
13:58:21,PTBA,RG,4040,50,D,NI,KI,D
13:58:17,PTBA,RG,4040,2,D,NI,KI,D
13:58:14,PTBA,RG,4040,1,D,YP,KI,D
13:58:06,PTBA,RG,4030,1,D,SQ,XL,D
13:58:02,PTBA,RG,4040,2,D,YP,KI,D
13:57:56,PTBA,RG,4030,5,D,SQ,NI,D
13:57:49,PTBA,RG,4040,2,D,YP,KI,D
13:57:47,PTBA,RG,4040,250,D,YP,KI,D
13:57:46,PTBA,RG,4040,1,D,YP,KI,D
13:57:46,PTBA,RG,4030,1,D,SQ,PD,D
13:57:35,PTBA,RG,4040,1,D,NI,KI,D
13:57:33,PTBA,RG,4030,5,D,SQ,CC,D
13:57:27,PTBA,RG,4030,1,D,SQ,PD,D
13:57:24,PTBA,RG,4040,5,D,YP,KI,D
13:57:18,PTBA,RG,4040,19,F,BK,KI,D
13:57:17,PTBA,RG,4030,1,D,SQ,EP,D
13:57:16,PTBA,RG,4030,1,D,SQ,YB,D
13:57:15,PTBA,RG,4040,44,F,BK,KI,D
13:57:13,PTBA,RG,4030,10,D,SQ,YP,D
13:57:13,PTBA,RG,4030,6,D,SQ,RO,D
13:57:13,PTBA,RG,4030,56,D,SQ,YU,D
13:57:13,PTBA,RG,4030,21,D,SQ,ZP,F
13:57:13,PTBA,RG,4030,2,D,SQ,NI,D
13:57:13,PTBA,RG,4030,15,D,SQ,AK,D
13:57:13,PTBA,RG,4030,621,D,SQ,DR,D
13:57:13,PTBA,RG,4030,5,D,YP,DR,D
13:57:12,PTBA,RG,4030,137,F,BK,DR,D
13:57:11,PTBA,RG,4030,2,D,NI,DR,D
13:57:11,PTBA,RG,4030,1,D,XC,DR,D
13:57:11,PTBA,RG,4030,50,D,XA,DR,D
13:57:11,PTBA,RG,4030,98,D,YP,DR,D
13:57:10,PTBA,RG,4030,1086,F,AK,DR,D
13:57:10,PTBA,RG,4030,681,F,AK,CC,D
13:57:10,PTBA,RG,4030,2,F,AK,KK,D
13:57:10,PTBA,RG,4030,1,F,AK,XC,D
13:57:10,PTBA,RG,4030,10,F,AK,PD,D
13:57:10,PTBA,RG,4030,720,F,AK,OD,D
13:57:10,PTBA,RG,4030,136,D,AZ,OD,D
13:57:10,PTBA,RG,4020,10,F,AK,XC,D
13:57:10,PTBA,RG,4030,10,D,YP,OD,D
13:57:04,PTBA,RG,4030,25,D,XL,OD,D
13:57:02,PTBA,RG,4030,1,D,YB,OD,D
13:57:00,PTBA,RG,4030,50,D,XA,OD,D
13:56:58,PTBA,RG,4030,25,D,XL,OD,D
13:56:57,PTBA,RG,4030,8,D,YP,OD,D
13:56:57,PTBA,RG,4030,10,D,YP,OD,D
13:56:56,PTBA,RG,4030,1,D,PD,OD,D
13:56:56,PTBA,RG,4030,6,D,XA,OD,D
13:56:56,PTBA,RG,4030,49,D,XA,OD,D
13:56:56,PTBA,RG,4030,29,D,XA,OD,D
13:56:56,PTBA,RG,4030,18,D,XA,OD,D
13:56:56,PTBA,RG,4030,50,D,LG,OD,D
13:56:56,PTBA,RG,4030,45,D,YP,OD,D
13:56:56,PTBA,RG,4030,23,F,BK,OD,D
13:56:54,PTBA,RG,4030,211,D,YP,OD,D
13:56:51,PTBA,RG,4030,23,D,XA,OD,D
13:56:51,PTBA,RG,4030,27,D,XA,OD,D
13:56:51,PTBA,RG,4030,21,F,BK,OD,D
13:56:51,PTBA,RG,4030,20,D,YP,OD,D
13:56:50,PTBA,RG,4030,21,D,XC,OD,D
13:56:49,PTBA,RG,4030,51,D,YP,OD,D
13:56:49,PTBA,RG,4030,109,F,BK,OD,D
13:56:46,PTBA,RG,4030,213,F,BK,OD,D
13:56:46,PTBA,RG,4030,38,F,BK,OD,D
13:56:46,PTBA,RG,4030,1,F,BK,YP,D
13:56:46,PTBA,RG,4030,1,F,BK,PD,D
13:56:46,PTBA,RG,4030,5,F,BK,KK,D
13:56:46,PTBA,RG,4030,1,F,BK,PD,D
13:56:46,PTBA,RG,4030,6,F,BK,PD,D
13:56:46,PTBA,RG,4030,3,F,BK,EP,D
13:56:46,PTBA,RG,4030,10,F,BK,KK,D
13:56:46,PTBA,RG,4030,3,F,BK,PD,D
13:56:46,PTBA,RG,4030,5,F,BK,GR,D
13:56:46,PTBA,RG,4030,3,F,BK,PD,D
13:56:46,PTBA,RG,4030,50,F,BK,OD,D
13:56:46,PTBA,RG,4030,2,F,BK,XL,D
13:56:46,PTBA,RG,4030,4,F,BK,NI,D
13:56:46,PTBA,RG,4030,5,F,BK,NI,D
13:56:46,PTBA,RG,4030,72,F,BK,YU,D
13:56:46,PTBA,RG,4030,61,F,BK,YU,D
13:56:46,PTBA,RG,4030,5,F,BK,ZP,F
13:56:46,PTBA,RG,4030,2012,F,BK,SQ,D
13:56:46,PTBA,RG,4030,10,D,YP,SQ,D
13:56:38,PTBA,RG,4030,50,D,YP,SQ,D
13:56:35,PTBA,RG,4020,1,F,AK,AT,D
13:56:33,PTBA,RG,4030,1,D,SQ,SQ,D
13:56:31,PTBA,RG,4030,20,D,XA,SQ,D
13:56:29,PTBA,RG,4030,26,F,BK,SQ,D
13:56:29,PTBA,RG,4020,345,F,AK,YP,D
13:56:28,PTBA,RG,4030,20,D,YP,SQ,D
13:56:26,PTBA,RG,4030,65,D,XA,SQ,D
13:56:25,PTBA,RG,4030,21,F,BK,SQ,D
13:56:24,PTBA,RG,4020,24,F,AK,EP,D
13:56:23,PTBA,RG,4030,7,D,XA,SQ,D
13:56:23,PTBA,RG,4030,5,D,XA,SQ,D
13:56:21,PTBA,RG,4030,26,F,BK,SQ,D
13:56:19,PTBA,RG,4030,1000,D,MK,SQ,D
13:56:16,PTBA,RG,4030,26,F,BK,SQ,D
13:56:13,PTBA,RG,4030,28,F,BK,SQ,D
13:56:13,PTBA,RG,4020,500,F,AK,CC,D
13:56:11,PTBA,RG,4020,200,F,AK,YJ,D
13:56:10,PTBA,RG,4030,32,F,BK,SQ,D
13:56:08,PTBA,RG,4020,570,F,AK,CC,D
13:56:08,PTBA,RG,4020,430,D,YP,CC,D
13:56:04,PTBA,RG,4020,8,D,YP,YB,D
13:56:03,PTBA,RG,4020,8,D,YP,MG,D
13:56:02,PTBA,RG,4030,10,D,YP,SQ,D
13:55:59,PTBA,RG,4030,1,D,YP,SQ,D
13:55:59,PTBA,RG,4020,1500,D,YP,CC,D
13:55:57,PTBA,RG,4020,70,D,YP,NI,D
13:55:54,PTBA,RG,4020,11,D,YP,PD,D
13:55:54,PTBA,RG,4030,5,D,YP,SQ,D
13:55:53,PTBA,RG,4030,1,D,XC,SQ,D
13:55:43,PTBA,RG,4030,5,D,YP,SQ,D
13:55:41,PTBA,RG,4020,3,D,YP,XC,D
13:55:38,PTBA,RG,4030,3,D,XC,SQ,D
13:55:36,PTBA,RG,4020,15,D,YP,AK,F
13:55:36,PTBA,RG,4020,13,D,YP,AK,F
13:55:36,PTBA,RG,4020,21,D,YP,YP,D
13:55:36,PTBA,RG,4020,158,D,YP,PD,D
13:55:36,PTBA,RG,4020,2,D,YP,AZ,D
13:55:36,PTBA,RG,4020,1,D,YP,XC,D
13:55:36,PTBA,RG,4020,12,D,YP,ZP,F
13:55:36,PTBA,RG,4020,52,D,YP,AK,D
13:55:36,PTBA,RG,4020,13,D,YP,AK,F
13:55:36,PTBA,RG,4020,11,D,YP,AK,F
13:55:36,PTBA,RG,4020,15,D,YP,NI,D
13:55:36,PTBA,RG,4020,4,D,YP,PD,D
13:55:36,PTBA,RG,4020,95,D,YP,YU,D
13:55:36,PTBA,RG,4020,3,D,YP,XC,D
13:55:36,PTBA,RG,4020,12,D,YP,AK,F
13:55:36,PTBA,RG,4020,2,D,YP,PD,D
13:55:36,PTBA,RG,4020,1,D,YP,XC,D
13:55:36,PTBA,RG,4020,100,D,YP,EP,D
13:55:36,PTBA,RG,4020,2,D,YP,PD,D
13:55:36,PTBA,RG,4020,8,D,YP,XC,D
13:55:36,PTBA,RG,4020,1,D,YP,AZ,D
13:55:36,PTBA,RG,4020,1,D,YP,XL,D
13:55:36,PTBA,RG,4020,536,D,YP,CC,D
13:55:35,PTBA,RG,4020,5,D,PD,CC,D
13:55:35,PTBA,RG,4020,1,D,MK,CC,D
13:55:35,PTBA,RG,4020,1,D,MK,CC,D
13:55:35,PTBA,RG,4020,1,D,MK,CC,D
13:55:35,PTBA,RG,4020,1,D,MK,CC,D
13:55:35,PTBA,RG,4020,1,D,MK,CC,D
13:55:35,PTBA,RG,4020,1,D,MK,CC,D
13:55:34,PTBA,RG,4020,1,D,MK,CC,D
13:55:34,PTBA,RG,4020,1,D,MK,CC,D
13:55:34,PTBA,RG,4020,1,D,MK,CC,D
13:55:34,PTBA,RG,4020,20,D,GR,CC,D
13:55:34,PTBA,RG,4020,4,D,PD,CC,D
13:55:33,PTBA,RG,4020,5,D,EP,CC,D
13:55:33,PTBA,RG,4020,11,D,YP,CC,D
13:55:31,PTBA,RG,4020,10,D,CC,CC,D
13:55:31,PTBA,RG,4020,61,D,EP,CC,D
13:55:31,PTBA,RG,4020,70,D,GR,CC,D
13:55:31,PTBA,RG,4020,20,D,GR,CC,D
13:55:31,PTBA,RG,4020,410,D,GR,CC,D
13:55:30,PTBA,RG,4020,1,D,YP,CC,D
13:55:29,PTBA,RG,4020,12,D,YP,CC,D
13:55:29,PTBA,RG,4020,20,D,OD,CC,D
13:55:28,PTBA,RG,4020,1,D,YP,CC,D
13:55:28,PTBA,RG,4020,50,D,CC,CC,D
13:55:28,PTBA,RG,4010,25,D,SA,KK,D
13:55:27,PTBA,RG,4020,18,D,YU,CC,D
13:55:27,PTBA,RG,4010,34,D,SA,YB,D
13:55:26,PTBA,RG,4020,3,D,XC,CC,D
13:55:22,PTBA,RG,4020,2,D,NI,CC,D
13:55:21,PTBA,RG,4020,1,D,PD,CC,D
13:55:20,PTBA,RG,4020,3,F,AK,CC,D
13:55:20,PTBA,RG,4020,50,D,DH,CC,D
13:55:20,PTBA,RG,4020,6,F,AK,CC,D
13:55:20,PTBA,RG,4020,42,F,AK,CC,D
13:55:20,PTBA,RG,4020,53,F,AK,CC,D
13:55:20,PTBA,RG,4020,14,F,AK,AK,F
13:55:20,PTBA,RG,4020,11,F,AK,AK,F
13:55:20,PTBA,RG,4020,33,F,AK,YU,F
13:55:20,PTBA,RG,4020,15,F,AK,AK,D
13:55:20,PTBA,RG,4020,39,F,AK,AK,D
13:55:20,PTBA,RG,4020,5,F,AK,ZP,F
13:55:20,PTBA,RG,4020,428,F,AK,BK,F
13:55:17,PTBA,RG,4020,11,D,XA,BK,F
13:55:16,PTBA,RG,4020,1,D,NI,BK,F
13:55:11,PTBA,RG,4020,80,D,NI,BK,F
13:55:05,PTBA,RG,4020,1,D,YP,BK,F
13:55:04,PTBA,RG,4020,1,D,BQ,BK,F
13:55:01,PTBA,RG,4020,28,D,PD,BK,F
13:55:00,PTBA,RG,4020,3,D,XL,BK,F
13:54:59,PTBA,RG,4020,2,D,YP,BK,F
13:54:57,PTBA,RG,4020,2,D,YP,BK,F
13:54:57,PTBA,RG,4020,5,D,SQ,BK,F
13:54:56,PTBA,RG,4020,5,D,YP,BK,F
13:54:56,PTBA,RG,4020,1,D,XC,BK,F
13:54:55,PTBA,RG,4020,25,D,OD,BK,F
13:54:52,PTBA,RG,4010,5,D,SA,KK,D
13:54:51,PTBA,RG,4010,20,D,SA,CC,D
13:54:51,PTBA,RG,4010,2,D,SA,PD,D
13:54:51,PTBA,RG,4010,1,D,SA,XA,D
13:54:51,PTBA,RG,4020,3,D,AT,BK,F
13:54:50,PTBA,RG,4010,1,D,SA,YP,D
13:54:50,PTBA,RG,4010,20,D,SA,EP,D
13:54:50,PTBA,RG,4010,5,D,SA,TF,D
13:54:50,PTBA,RG,4010,63,D,SA,DR,D
13:54:50,PTBA,RG,4010,2,D,SA,XC,D
13:54:49,PTBA,RG,4020,7,D,YP,BK,F
13:54:49,PTBA,RG,4020,8,D,SQ,BK,F
13:54:48,PTBA,RG,4020,125,D,OD,BK,F
13:54:45,PTBA,RG,4020,37,D,YP,BK,F
13:54:44,PTBA,RG,4020,9,D,YP,RX,D
13:54:44,PTBA,RG,4020,1,D,OD,RX,D
13:54:44,PTBA,RG,4020,25,D,XA,RX,D
13:54:44,PTBA,RG,4020,1,D,PD,RX,D
13:54:44,PTBA,RG,4020,12,F,CC,RX,D
13:54:44,PTBA,RG,4020,49,F,ZP,RX,D
13:54:44,PTBA,RG,4020,20,D,YP,RX,D
13:54:44,PTBA,RG,4020,5,F,ZP,RX,D
13:54:44,PTBA,RG,4020,50,D,CC,RX,D
13:54:44,PTBA,RG,4020,1,D,LG,RX,D
13:54:44,PTBA,RG,4020,1,D,AT,RX,D
13:54:44,PTBA,RG,4020,5,D,PD,RX,D
13:54:44,PTBA,RG,4020,2,D,IF,RX,D
13:54:44,PTBA,RG,4020,1,F,AK,RX,D
13:54:44,PTBA,RG,4020,2,D,NI,RX,D
13:54:44,PTBA,RG,4020,1,D,NI,RX,D
13:54:44,PTBA,RG,4020,3,D,PD,RX,D
13:54:44,PTBA,RG,4020,50,D,CC,RX,D
13:54:44,PTBA,RG,4020,2,D,LG,RX,D
13:54:44,PTBA,RG,4020,3,D,YP,RX,D
13:54:44,PTBA,RG,4020,1,D,KK,RX,D
13:54:44,PTBA,RG,4020,1,D,XC,RX,D
13:54:44,PTBA,RG,4020,2,D,PD,RX,D
13:54:44,PTBA,RG,4020,760,D,DR,RX,D
13:54:44,PTBA,RG,4020,102,D,DR,RX,D
13:54:44,PTBA,RG,4020,345,D,DR,RX,D
13:54:44,PTBA,RG,4020,144,D,DR,RX,D
13:54:42,PTBA,RG,4020,310,D,DR,BQ,D
13:54:41,PTBA,RG,4020,90,D,DR,NI,D
13:54:40,PTBA,RG,4020,10,D,DR,YB,D
13:54:39,PTBA,RG,4020,3,D,DR,YP,D
13:54:39,PTBA,RG,4020,35,D,DR,YP,D
13:54:38,PTBA,RG,4020,2,D,DR,XC,D
13:54:38,PTBA,RG,4020,5,D,DR,YP,D
13:54:38,PTBA,RG,4020,61,D,DR,ZP,F
13:54:38,PTBA,RG,4020,125,D,DR,YP,D
13:54:38,PTBA,RG,4020,8,D,DR,BQ,D
13:54:38,PTBA,RG,4020,1,D,LG,BQ,D
13:54:38,PTBA,RG,4020,1,D,XL,BQ,D
13:54:38,PTBA,RG,4020,2,D,XC,BQ,D
13:54:38,PTBA,RG,4020,5,D,SQ,BQ,D
13:54:38,PTBA,RG,4020,50,D,OD,BQ,D
13:54:38,PTBA,RG,4020,5,D,CC,BQ,D
13:54:38,PTBA,RG,4020,52,D,DX,BQ,D
13:54:38,PTBA,RG,4020,1,D,PD,BQ,D
13:54:38,PTBA,RG,4020,1,D,KK,BQ,D
13:54:38,PTBA,RG,4020,12,D,DX,BQ,D
13:54:38,PTBA,RG,4020,5,D,CC,BQ,D
13:54:38,PTBA,RG,4020,5,D,CC,BQ,D
13:54:38,PTBA,RG,4020,5,D,KK,BQ,D
13:54:38,PTBA,RG,4020,50,D,KK,BQ,D
13:54:38,PTBA,RG,4020,2,D,SQ,BQ,D
13:54:38,PTBA,RG,4020,33,D,PD,BQ,D
13:54:38,PTBA,RG,4020,1,D,XC,BQ,D
13:54:38,PTBA,RG,4020,20,D,XC,BQ,D
13:54:38,PTBA,RG,4020,1,D,XC,BQ,D
13:54:38,PTBA,RG,4020,4,D,XA,BQ,D
13:54:38,PTBA,RG,4020,16,D,CC,BQ,D
13:54:37,PTBA,RG,4020,34,D,CC,YP,D
13:54:37,PTBA,RG,4020,3,D,CC,YP,D
13:54:37,PTBA,RG,4020,1,D,PD,YP,D
13:54:37,PTBA,RG,4020,13,D,DH,YP,D
13:54:37,PTBA,RG,4020,2,D,PD,YP,D
13:54:37,PTBA,RG,4020,1,D,CC,YP,D
13:54:37,PTBA,RG,4020,1,D,PD,YP,D
13:54:37,PTBA,RG,4020,22,D,YP,YP,D
13:54:37,PTBA,RG,4020,1,D,XC,YP,D
13:54:37,PTBA,RG,4020,1,D,XC,YP,D
13:54:37,PTBA,RG,4020,1,D,YP,YP,D
13:54:37,PTBA,RG,4020,2,D,CC,YP,D
13:54:37,PTBA,RG,4020,43,D,YP,YP,D
13:54:36,PTBA,RG,4020,57,D,YP,BQ,D
13:54:36,PTBA,RG,4020,2,D,PD,BQ,D
13:54:36,PTBA,RG,4020,2,D,NI,BQ,D
13:54:36,PTBA,RG,4020,10,D,PD,BQ,D
13:54:36,PTBA,RG,4020,10,D,PD,BQ,D
13:54:36,PTBA,RG,4020,4,D,NI,BQ,D
13:54:36,PTBA,RG,4020,65,D,YP,BQ,D
13:54:36,PTBA,RG,4020,15,D,YP,YP,D
13:54:36,PTBA,RG,4020,20,D,YP,BK,F
13:54:36,PTBA,RG,4020,2,D,YP,BK,F
13:54:36,PTBA,RG,4020,3,D,CC,BK,F
13:54:36,PTBA,RG,4020,258,F,CS,BK,F
13:54:36,PTBA,RG,4020,10,D,PD,BK,F
13:54:36,PTBA,RG,4020,1,F,AK,BK,F
13:54:36,PTBA,RG,4020,24,D,XL,BK,F
13:54:36,PTBA,RG,4020,10,D,YP,BK,F
13:54:36,PTBA,RG,4020,1,F,ZP,BK,F
13:54:36,PTBA,RG,4020,25,D,NI,BK,F
13:54:36,PTBA,RG,4020,8,D,YU,BK,F
13:54:36,PTBA,RG,4020,1,F,ZP,BK,F
13:54:36,PTBA,RG,4020,1,D,BQ,BK,F
13:54:36,PTBA,RG,4020,315,D,LG,BK,F
13:54:36,PTBA,RG,4020,1,D,KK,BK,F
13:54:36,PTBA,RG,4020,3,D,PD,BK,F
13:54:36,PTBA,RG,4020,30,D,YP,BK,F
13:54:36,PTBA,RG,4020,1,D,XC,BK,F
13:54:36,PTBA,RG,4020,3,D,XL,BK,F
13:54:36,PTBA,RG,4020,1,D,GR,BK,F
13:54:36,PTBA,RG,4020,1,D,PD,BK,F
13:54:36,PTBA,RG,4020,46,D,YP,BK,F
13:54:36,PTBA,RG,4020,54,D,YP,BQ,D
13:54:36,PTBA,RG,4020,1,D,PD,BQ,D
13:54:36,PTBA,RG,4020,1,D,YP,BQ,D
13:54:36,PTBA,RG,4020,2,D,KK,BQ,D
13:54:36,PTBA,RG,4020,2,D,PD,BQ,D
13:54:36,PTBA,RG,4020,3,D,XL,BQ,D
13:54:36,PTBA,RG,4020,1,D,NI,BQ,D
13:54:36,PTBA,RG,4020,1,D,KK,BQ,D
13:54:36,PTBA,RG,4020,11,D,PD,BQ,D
13:54:36,PTBA,RG,4020,1,F,ZP,BQ,D
13:54:36,PTBA,RG,4020,1,D,YP,BQ,D
13:54:36,PTBA,RG,4020,2,D,PD,BQ,D
13:54:36,PTBA,RG,4020,3,D,DH,BQ,D
13:54:36,PTBA,RG,4020,1,D,XC,BQ,D
13:54:36,PTBA,RG,4020,5,D,NI,BQ,D
13:54:36,PTBA,RG,4020,2,D,PD,BQ,D
13:54:36,PTBA,RG,4020,9,D,PD,BQ,D
13:54:35,PTBA,RG,4020,1,D,PD,BQ,D
13:54:35,PTBA,RG,4020,2,D,PD,BQ,D
13:54:35,PTBA,RG,4020,97,D,KK,BQ,D
13:54:35,PTBA,RG,4020,3,D,KK,BQ,D
13:54:35,PTBA,RG,4020,1,F,ZP,BQ,D
13:54:35,PTBA,RG,4020,96,F,CS,BQ,D
13:54:35,PTBA,RG,4020,100,F,CS,BQ,D
13:54:35,PTBA,RG,4020,39,F,CS,BQ,D
13:54:35,PTBA,RG,4020,1,D,PD,BQ,D
13:54:35,PTBA,RG,4020,6,F,CC,BQ,D
13:54:35,PTBA,RG,4020,179,F,CS,BQ,D
13:54:35,PTBA,RG,4020,1,F,CS,NI,D
13:54:35,PTBA,RG,4020,100,F,CS,BQ,D
13:54:35,PTBA,RG,4020,300,F,CS,BQ,D
13:54:34,PTBA,RG,4020,150,F,CS,BQ,D
13:54:34,PTBA,RG,4020,100,F,CS,BQ,D
13:54:34,PTBA,RG,4020,150,F,CS,BQ,D
13:54:34,PTBA,RG,4030,1,D,NI,SQ,D
13:54:34,PTBA,RG,4020,300,F,CS,BQ,D
13:54:34,PTBA,RG,4020,300,F,CS,BQ,D
13:54:32,PTBA,RG,4030,11,D,XC,SQ,D
13:54:32,PTBA,RG,4030,289,D,YP,SQ,D
13:54:32,PTBA,RG,4020,445,F,CS,DR,D
13:54:32,PTBA,RG,4020,90,F,ZP,DR,D
13:54:32,PTBA,RG,4020,1,D,PD,DR,D
13:54:32,PTBA,RG,4020,1,F,AK,DR,D
13:54:32,PTBA,RG,4020,20,D,XL,DR,D
13:54:32,PTBA,RG,4020,50,D,YP,DR,D
13:54:32,PTBA,RG,4020,3,D,YP,DR,D
13:54:32,PTBA,RG,4020,2,D,CC,DR,D
13:54:32,PTBA,RG,4020,1,D,CC,DR,D
13:54:32,PTBA,RG,4020,100,D,KK,DR,D
13:54:32,PTBA,RG,4020,1,F,AK,DR,D
13:54:32,PTBA,RG,4020,1,D,XC,DR,D
13:54:32,PTBA,RG,4020,5,D,YP,DR,D
13:54:32,PTBA,RG,4020,2,D,CC,DR,D
13:54:32,PTBA,RG,4020,10,D,YP,DR,D
13:54:32,PTBA,RG,4020,3,D,KK,DR,D
13:54:32,PTBA,RG,4020,1,D,XC,DR,D
13:54:32,PTBA,RG,4020,1,D,PD,DR,D
13:54:32,PTBA,RG,4020,100,D,NI,DR,D
13:54:32,PTBA,RG,4020,5,D,PD,DR,D
13:54:32,PTBA,RG,4020,1,D,YP,DR,D
13:54:32,PTBA,RG,4020,25,D,ZP,DR,D
13:54:32,PTBA,RG,4020,2,D,PD,DR,D
13:54:32,PTBA,RG,4020,1,D,CC,DR,D
13:54:32,PTBA,RG,4020,100,D,LG,DR,D
13:54:32,PTBA,RG,4020,50,D,YP,DR,D
13:54:32,PTBA,RG,4020,20,D,LG,DR,D
13:54:32,PTBA,RG,4020,50,D,ZP,DR,D
13:54:32,PTBA,RG,4020,50,D,ZP,DR,D
13:54:32,PTBA,RG,4020,50,D,ZP,DR,D
13:54:32,PTBA,RG,4020,50,D,ZP,DR,D
13:54:32,PTBA,RG,4020,50,D,ZP,DR,D
13:54:32,PTBA,RG,4020,50,D,ZP,DR,D
13:54:32,PTBA,RG,4020,50,D,ZP,DR,D
13:54:32,PTBA,RG,4020,50,D,ZP,DR,D
13:54:32,PTBA,RG,4020,50,D,ZP,DR,D
13:54:32,PTBA,RG,4020,50,D,ZP,DR,D
13:54:32,PTBA,RG,4020,10,D,NI,DR,D
13:54:32,PTBA,RG,4020,1,D,SQ,DR,D
13:54:32,PTBA,RG,4020,1,D,PD,DR,D
13:54:32,PTBA,RG,4020,20,D,GR,DR,D
13:54:32,PTBA,RG,4020,2,D,PD,DR,D
13:54:32,PTBA,RG,4020,1,D,PD,DR,D
13:54:32,PTBA,RG,4020,1,D,PD,DR,D
13:54:32,PTBA,RG,4020,5,D,XC,DR,D
13:54:32,PTBA,RG,4020,10,D,KK,DR,D
13:54:32,PTBA,RG,4020,1,D,PD,DR,D
13:54:32,PTBA,RG,4020,10,D,XC,DR,D
13:54:32,PTBA,RG,4020,20,D,OD,DR,D
13:54:32,PTBA,RG,4020,2,D,PD,DR,D
13:54:32,PTBA,RG,4020,5,D,KK,DR,D
13:54:32,PTBA,RG,4020,10,D,XL,DR,D
13:54:32,PTBA,RG,4020,1,D,XL,DR,D
13:54:32,PTBA,RG,4020,2,D,PD,DR,D
13:54:32,PTBA,RG,4020,1,D,YP,DR,D
13:54:32,PTBA,RG,4020,1,D,YP,DR,D
13:54:32,PTBA,RG,4020,10,D,YP,DR,D
13:54:32,PTBA,RG,4020,2,D,YP,DR,D
13:54:32,PTBA,RG,4020,10,D,YP,DR,D
13:54:32,PTBA,RG,4020,100,D,YP,DR,D
13:54:32,PTBA,RG,4020,4,D,CC,DR,D
13:54:32,PTBA,RG,4020,1,D,CC,DR,D
13:54:32,PTBA,RG,4020,4,D,XC,DR,D
13:54:32,PTBA,RG,4020,5,D,CC,DR,D
13:54:32,PTBA,RG,4020,5,D,LG,DR,D
13:54:32,PTBA,RG,4020,2,D,XC,DR,D
13:54:32,PTBA,RG,4020,10,D,XC,DR,D
13:54:32,PTBA,RG,4020,1,D,EP,DR,D
13:54:32,PTBA,RG,4020,1,D,CC,DR,D
13:54:32,PTBA,RG,4020,5,D,BQ,DR,D
13:54:32,PTBA,RG,4020,10,D,CC,DR,D
13:54:32,PTBA,RG,4020,3,D,YP,DR,D
13:54:32,PTBA,RG,4020,50,D,PD,DR,D
13:54:32,PTBA,RG,4020,13,D,PD,DR,D
13:54:32,PTBA,RG,4020,292,D,CP,DR,D
13:54:32,PTBA,RG,4020,1,D,PD,DR,D
13:54:32,PTBA,RG,4020,3,D,PD,DR,D
13:54:32,PTBA,RG,4020,5,D,PD,DR,D
13:54:32,PTBA,RG,4020,5,D,PD,DR,D
13:54:32,PTBA,RG,4020,1,D,SQ,DR,D
13:54:32,PTBA,RG,4020,5,D,PD,DR,D
13:54:32,PTBA,RG,4020,1,D,KK,DR,D
13:54:32,PTBA,RG,4020,1,D,KK,DR,D
13:54:32,PTBA,RG,4020,200,D,AN,DR,D
13:54:32,PTBA,RG,4020,573,D,XC,DR,D
13:54:32,PTBA,RG,4020,1,D,XC,DR,D
13:54:32,PTBA,RG,4020,2,D,XL,DR,D
13:54:32,PTBA,RG,4020,3,D,PD,DR,D
13:54:32,PTBA,RG,4020,1,D,DH,DR,D
13:54:32,PTBA,RG,4020,1,D,NI,DR,D
13:54:32,PTBA,RG,4020,2,D,XC,DR,D
13:54:32,PTBA,RG,4020,1,D,XL,DR,D
13:54:32,PTBA,RG,4020,10,D,XL,DR,D
13:54:32,PTBA,RG,4020,1,D,XC,DR,D
13:54:32,PTBA,RG,4020,10,D,DH,DR,D
13:54:27,PTBA,RG,4020,1,D,OD,NI,D
13:54:26,PTBA,RG,4030,10,D,CC,SQ,D
13:54:11,PTBA,RG,4030,13,D,DR,SQ,D
13:54:07,PTBA,RG,4020,1,D,OD,PD,D
13:54:07,PTBA,RG,4020,1,D,YP,PD,D
13:54:07,PTBA,RG,4020,1,D,DH,YU,F
13:54:07,PTBA,RG,4020,2,D,CC,YU,F
13:54:07,PTBA,RG,4020,5,D,PD,YU,F
13:54:07,PTBA,RG,4020,5,D,YP,YU,F
13:54:07,PTBA,RG,4020,3,D,XL,YU,F
13:54:06,PTBA,RG,4030,1,D,PD,SQ,D
13:54:05,PTBA,RG,4020,6,D,XL,CC,D
13:54:03,PTBA,RG,4020,50,D,XL,AZ,D
13:54:01,PTBA,RG,4020,41,D,XL,YP,D
13:54:01,PTBA,RG,4020,2,D,CC,YP,D
13:54:01,PTBA,RG,4020,7,D,YP,YP,D
13:54:01,PTBA,RG,4020,8,D,YP,YP,D
13:54:01,PTBA,RG,4020,2,D,PD,YP,D
13:54:01,PTBA,RG,4020,2,D,XL,YP,D
13:54:01,PTBA,RG,4020,11,D,YU,YP,D
13:54:01,PTBA,RG,4020,27,D,YU,YP,D
13:54:01,PTBA,RG,4020,2,D,CC,YP,D
13:54:01,PTBA,RG,4020,21,D,PD,YP,D
13:54:00,PTBA,RG,4030,10,D,PD,SQ,D
13:54:00,PTBA,RG,4020,13,D,PD,AK,F
13:54:00,PTBA,RG,4020,6,D,PD,YU,D
13:54:00,PTBA,RG,4020,50,D,XC,YU,D
13:54:00,PTBA,RG,4020,29,D,CC,YU,D
13:53:58,PTBA,RG,4020,1971,D,CC,YP,D
13:53:58,PTBA,RG,4020,2,D,NI,YP,D
13:53:58,PTBA,RG,4020,1,D,AZ,YP,D
13:53:58,PTBA,RG,4020,3,D,XC,YP,D
13:53:58,PTBA,RG,4020,1,D,XL,YP,D
13:53:58,PTBA,RG,4020,1,D,XC,YP,D
13:53:58,PTBA,RG,4020,1,D,CC,YP,D
13:53:58,PTBA,RG,4020,1,D,XC,YP,D
13:53:58,PTBA,RG,4020,1,D,PD,YP,D
13:53:58,PTBA,RG,4020,2,D,XL,YP,D
13:53:58,PTBA,RG,4020,250,D,XC,YP,D
13:53:58,PTBA,RG,4020,2,D,OD,YP,D
13:53:58,PTBA,RG,4020,1,D,MG,YP,D
13:53:58,PTBA,RG,4020,3,D,PD,YP,D
13:53:58,PTBA,RG,4020,1,D,PD,YP,D
13:53:58,PTBA,RG,4020,20,D,YJ,YP,D
13:53:58,PTBA,RG,4020,1,D,PD,YP,D
13:53:58,PTBA,RG,4020,2,D,XC,YP,D
13:53:58,PTBA,RG,4020,1,D,XL,YP,D
13:53:58,PTBA,RG,4020,1,D,PD,YP,D
13:53:58,PTBA,RG,4020,100,D,YP,YP,D
13:53:58,PTBA,RG,4020,2,D,OD,YP,D
13:53:58,PTBA,RG,4020,5,D,YP,YP,D
13:53:58,PTBA,RG,4020,5,D,YP,YP,D
13:53:58,PTBA,RG,4020,1,D,YP,YP,D
13:53:58,PTBA,RG,4020,10,D,DR,YP,D
13:53:58,PTBA,RG,4020,20,D,SQ,YP,D
13:53:58,PTBA,RG,4020,1,D,XC,YP,D
13:53:58,PTBA,RG,4020,3,D,KK,YP,D
13:53:58,PTBA,RG,4020,100,D,CD,YP,D
13:53:58,PTBA,RG,4020,421,D,OD,YP,D
13:53:58,PTBA,RG,4020,3,D,LG,YP,D
13:53:58,PTBA,RG,4020,1,D,YP,YP,D
13:53:58,PTBA,RG,4020,1,D,XC,YP,D
13:53:58,PTBA,RG,4020,50,D,GR,YP,D
13:53:58,PTBA,RG,4020,3,D,NI,YP,D
13:53:58,PTBA,RG,4020,8,D,LG,YP,D
13:53:57,PTBA,RG,4020,2,D,LG,AZ,D
13:53:57,PTBA,RG,4020,20,D,XA,AZ,D
13:53:57,PTBA,RG,4020,10,D,YP,AZ,D
13:53:57,PTBA,RG,4020,3,D,YP,AZ,D
13:53:57,PTBA,RG,4020,2,D,PD,AZ,D
13:53:57,PTBA,RG,4020,1,D,PD,AZ,D
13:53:57,PTBA,RG,4020,2,D,YP,AZ,D
13:53:56,PTBA,RG,4020,3,D,YP,XC,D
13:53:56,PTBA,RG,4020,10,D,XA,XC,D
13:53:56,PTBA,RG,4020,5,D,PD,XC,D
13:53:56,PTBA,RG,4020,1,D,YP,XC,D
13:53:56,PTBA,RG,4020,1,D,XC,XC,D
13:53:56,PTBA,RG,4020,1,D,NI,XC,D
13:53:56,PTBA,RG,4020,1,D,YP,XC,D
13:53:56,PTBA,RG,4020,20,D,BQ,XC,D
13:53:56,PTBA,RG,4020,1,D,XC,XC,D
13:53:56,PTBA,RG,4020,3,D,PD,XC,D
13:53:56,PTBA,RG,4020,26,D,YP,XC,D
13:53:42,PTBA,RG,4020,3,D,YP,XA,D
13:53:42,PTBA,RG,4020,3,D,YP,PD,D
13:53:38,PTBA,RG,4020,20,D,YP,EP,D
13:53:28,PTBA,RG,4020,5,D,YP,NI,D
13:53:27,PTBA,RG,4020,7,D,YP,PD,D
13:53:26,PTBA,RG,4020,3,D,YP,PD,D
13:53:24,PTBA,RG,4030,25,D,DR,SQ,D
13:53:23,PTBA,RG,4020,7,D,YP,PD,D
13:53:22,PTBA,RG,4030,5,D,CC,SQ,D
13:53:21,PTBA,RG,4020,926,D,YP,CC,D
13:53:21,PTBA,RG,4020,3,D,XC,CC,D
13:53:21,PTBA,RG,4020,1,D,PD,CC,D
13:53:21,PTBA,RG,4020,1,D,YP,CC,D
13:53:21,PTBA,RG,4020,75,D,CC,CC,D
13:53:21,PTBA,RG,4020,10,D,NI,CC,D
13:53:21,PTBA,RG,4020,100,D,CC,CC,D
13:53:21,PTBA,RG,4020,3,D,YP,CC,D
13:53:21,PTBA,RG,4020,1,D,XC,CC,D
13:53:21,PTBA,RG,4020,2,D,YP,CC,D
13:53:21,PTBA,RG,4020,50,D,KI,CC,D
13:53:21,PTBA,RG,4020,28,D,KK,CC,D
13:53:20,PTBA,RG,4020,20,D,KK,NI,D
13:53:20,PTBA,RG,4030,51,D,DX,SQ,D
13:53:17,PTBA,RG,4020,500,D,KK,CC,D
13:53:14,PTBA,RG,4030,11,D,DX,SQ,D
13:53:14,PTBA,RG,4020,300,D,KK,PD,D
13:53:09,PTBA,RG,4020,500,D,KK,CC,D
13:53:03,PTBA,RG,4020,16,D,KK,PD,D
13:53:03,PTBA,RG,4030,1,D,XL,SQ,D
13:53:03,PTBA,RG,4020,500,D,KK,CC,D
13:52:56,PTBA,RG,4030,1,D,PD,SQ,D
13:52:54,PTBA,RG,4030,3,D,XC,SQ,D
13:52:53,PTBA,RG,4030,1,D,CC,SQ,D
13:52:44,PTBA,RG,4030,1,D,XC,SQ,D
13:52:39,PTBA,RG,4020,4,D,KK,PD,D
13:52:38,PTBA,RG,4030,1,D,CC,SQ,D
13:52:36,PTBA,RG,4020,25,D,KK,YP,D
13:52:32,PTBA,RG,4020,100,D,KK,PD,D
13:52:29,PTBA,RG,4030,2,D,PD,SQ,D
13:52:22,PTBA,RG,4020,3,D,KK,XC,D
13:52:21,PTBA,RG,4030,5,D,YB,SQ,D
13:52:18,PTBA,RG,4030,5,D,SQ,SQ,D
13:52:15,PTBA,RG,4020,4,D,KK,KK,D
13:52:15,PTBA,RG,4020,10,D,YP,KK,D
13:52:15,PTBA,RG,4020,10,D,CP,KK,D
13:52:15,PTBA,RG,4020,1,D,PD,KK,D
13:52:15,PTBA,RG,4020,5,D,GR,KK,D
13:52:15,PTBA,RG,4020,24,D,YP,KK,D
13:52:13,PTBA,RG,4020,16,D,YP,YB,D
13:52:13,PTBA,RG,4020,1,D,RO,YB,D
13:52:13,PTBA,RG,4020,1,D,PD,YB,D
13:52:13,PTBA,RG,4020,2,D,PD,YB,D
13:52:11,PTBA,RG,4020,1,D,PD,PD,D
13:52:11,PTBA,RG,4020,1,D,XC,PD,D
13:52:11,PTBA,RG,4020,1,D,SQ,PD,D
13:52:09,PTBA,RG,4030,10,D,YP,SQ,D
13:52:07,PTBA,RG,4020,1,D,SQ,PD,D
13:52:07,PTBA,RG,4020,4,D,PD,PD,D
13:52:00,PTBA,RG,4020,1,D,PD,YU,D
13:52:00,PTBA,RG,4020,10,D,SQ,YU,D
13:52:00,PTBA,RG,4020,1,D,KK,YU,D
13:52:00,PTBA,RG,4020,2,D,EP,YU,D
13:52:00,PTBA,RG,4020,3,D,XL,YU,D
13:52:00,PTBA,RG,4020,5,D,YP,YU,D
13:52:00,PTBA,RG,4020,50,D,KK,YU,D
13:52:00,PTBA,RG,4020,1,D,XL,YU,D
13:52:00,PTBA,RG,4020,1,D,KK,YU,D
13:52:00,PTBA,RG,4020,14,D,YP,YU,D
13:52:00,PTBA,RG,4020,6,D,YP,AK,F
13:52:00,PTBA,RG,4020,1,D,GR,AK,F
13:52:00,PTBA,RG,4020,5,D,YP,AK,F
13:51:59,PTBA,RG,4020,25,D,YP,AK,D
13:51:59,PTBA,RG,4020,8,D,YP,AK,D
13:51:59,PTBA,RG,4020,1,D,LG,AK,D
13:51:59,PTBA,RG,4020,5,D,PD,AK,D
13:51:59,PTBA,RG,4020,9,D,PD,AK,D
13:51:59,PTBA,RG,4020,2,D,ZP,AK,D
13:51:59,PTBA,RG,4020,1,D,XC,AK,D
13:51:59,PTBA,RG,4020,3,D,YP,AK,D
13:51:59,PTBA,RG,4020,11,D,YP,AK,D
13:51:59,PTBA,RG,4030,50,D,CC,SQ,D
13:51:56,PTBA,RG,4030,25,D,OD,SQ,D
13:51:55,PTBA,RG,4030,1,D,BQ,SQ,D
13:51:54,PTBA,RG,4030,1,D,DR,SQ,D
13:51:50,PTBA,RG,4030,5,D,XC,SQ,D
13:51:48,PTBA,RG,4020,2,D,YP,CC,D
13:51:48,PTBA,RG,4020,10,D,XL,CC,D
13:51:48,PTBA,RG,4020,38,D,YP,CC,D
13:51:46,PTBA,RG,4030,25,D,OD,SQ,D
13:51:42,PTBA,RG,4030,2,D,XL,SQ,D
13:51:41,PTBA,RG,4030,1,D,XC,SQ,D
13:51:40,PTBA,RG,4020,4,D,YP,AZ,D
13:51:34,PTBA,RG,4030,5,D,XL,SQ,D
13:51:29,PTBA,RG,4030,30,D,KK,SQ,D
13:51:24,PTBA,RG,4030,25,D,OD,SQ,D
13:51:17,PTBA,RG,4020,27,D,YP,XC,D
13:51:15,PTBA,RG,4030,1,D,KK,SQ,D
13:51:14,PTBA,RG,4030,2,D,XC,SQ,D
13:51:14,PTBA,RG,4020,1,D,YP,XC,D
13:51:12,PTBA,RG,4030,25,D,OD,SQ,D
13:51:09,PTBA,RG,4030,1,D,LG,SQ,D
13:51:05,PTBA,RG,4030,1,D,XC,SQ,D
13:51:04,PTBA,RG,4020,10,D,YP,XC,D
13:51:01,PTBA,RG,4020,20,D,YP,KK,D
13:51:01,PTBA,RG,4020,2,D,EP,KK,D
13:51:01,PTBA,RG,4020,10,D,PD,KK,D
13:51:01,PTBA,RG,4020,10,D,PD,KK,D
13:51:01,PTBA,RG,4020,4,D,DH,KK,D
13:51:01,PTBA,RG,4020,4,D,PD,KK,D
13:51:01,PTBA,RG,4020,6,D,PD,KK,D
13:51:01,PTBA,RG,4020,1,D,YB,KK,D
13:51:01,PTBA,RG,4020,1,D,YP,KK,D
13:51:01,PTBA,RG,4020,1,D,CC,KK,D
13:51:01,PTBA,RG,4020,16,D,XA,KK,D
13:51:01,PTBA,RG,4020,34,D,XA,KK,D
13:51:01,PTBA,RG,4020,9,D,NI,KK,D
13:51:00,PTBA,RG,4020,1,D,NI,YP,D
13:51:00,PTBA,RG,4020,5,D,YB,YP,D
13:51:00,PTBA,RG,4020,2,D,XL,YP,D
13:51:00,PTBA,RG,4020,1,D,GR,YP,D
13:51:00,PTBA,RG,4020,10,D,PD,YP,D
13:51:00,PTBA,RG,4020,20,D,GR,YP,D
13:51:00,PTBA,RG,4020,10,D,YB,YP,D
13:51:00,PTBA,RG,4020,50,D,NI,YP,D
13:51:00,PTBA,RG,4020,2,D,NI,YP,D
13:51:00,PTBA,RG,4020,1,D,YB,YP,D
13:51:00,PTBA,RG,4020,4,D,YB,YP,D
13:51:00,PTBA,RG,4020,40,D,CP,YP,D
13:51:00,PTBA,RG,4020,3,D,XC,YP,D
13:51:00,PTBA,RG,4020,1,D,YP,YP,D
13:51:00,PTBA,RG,4020,29,D,YP,YP,D
13:51:00,PTBA,RG,4020,20,D,YP,YP,D
13:51:00,PTBA,RG,4020,9,D,YP,XL,D
13:51:00,PTBA,RG,4020,15,D,PD,XL,D
13:51:00,PTBA,RG,4020,5,D,YP,XL,D
13:51:00,PTBA,RG,4020,2,D,YP,XL,D
13:51:00,PTBA,RG,4020,1,D,YP,XL,D
13:51:00,PTBA,RG,4020,10,D,PD,XL,D
13:51:00,PTBA,RG,4020,2,D,PD,XL,D
13:51:00,PTBA,RG,4020,3,D,YP,XL,D
13:51:00,PTBA,RG,4020,50,D,YP,XL,D
13:51:00,PTBA,RG,4020,2,D,CC,XL,D
13:51:00,PTBA,RG,4020,1,D,NI,XL,D
13:51:00,PTBA,RG,4020,1,D,YP,XL,D
13:51:00,PTBA,RG,4020,2,D,PD,XL,D
13:51:00,PTBA,RG,4020,4,D,PD,XL,D
13:51:00,PTBA,RG,4020,5,D,YP,XL,D
13:51:00,PTBA,RG,4020,1,D,YP,XL,D
13:51:00,PTBA,RG,4020,2,D,PD,XL,D
13:51:00,PTBA,RG,4020,10,D,NI,XL,D
13:51:00,PTBA,RG,4020,5,D,YP,XL,D
13:51:00,PTBA,RG,4020,20,D,XA,XL,D
13:51:00,PTBA,RG,4020,80,D,XA,EP,D
13:51:00,PTBA,RG,4020,5,D,YP,EP,D
13:51:00,PTBA,RG,4020,47,D,PD,EP,D
13:51:00,PTBA,RG,4020,28,D,PD,NI,D
13:51:00,PTBA,RG,4020,25,D,LG,NI,D
13:51:00,PTBA,RG,4020,2,D,AT,NI,D
13:51:00,PTBA,RG,4020,8,D,RF,NI,D
13:51:00,PTBA,RG,4020,12,D,RF,PD,D
13:51:00,PTBA,RG,4020,1,D,PD,PD,D
13:51:00,PTBA,RG,4020,1,D,YP,PD,D
13:51:00,PTBA,RG,4020,2,D,XC,PD,D
13:51:00,PTBA,RG,4020,2,D,YB,PD,D
13:51:00,PTBA,RG,4020,2,D,YB,PD,D
13:51:00,PTBA,RG,4020,5,D,PD,PD,D
13:51:00,PTBA,RG,4020,2,D,NI,PD,D
13:51:00,PTBA,RG,4020,7,D,HD,PD,D
13:51:00,PTBA,RG,4030,1,D,PD,SQ,D
13:51:00,PTBA,RG,4020,25,D,HD,HP,D
13:51:00,PTBA,RG,4020,20,D,HD,DR,D
13:51:00,PTBA,RG,4020,3,D,HD,MG,D
13:51:00,PTBA,RG,4020,120,D,HD,CC,D
13:51:00,PTBA,RG,4020,2,D,AZ,CC,D
13:51:00,PTBA,RG,4020,43,D,CC,CC,D
13:51:00,PTBA,RG,4020,2,D,YP,CC,D
13:51:00,PTBA,RG,4020,10,D,EP,CC,D
13:51:00,PTBA,RG,4020,8,D,CC,CC,D
13:51:00,PTBA,RG,4020,3,D,YP,CC,D
13:51:00,PTBA,RG,4020,2,D,KK,CC,D
13:51:00,PTBA,RG,4020,2,D,KK,CC,D
13:51:00,PTBA,RG,4020,63,D,CC,CC,D
13:51:00,PTBA,RG,4020,1,D,PD,CC,D
13:51:00,PTBA,RG,4020,20,D,SQ,CC,D
13:51:00,PTBA,RG,4020,1,D,PD,CC,D
13:51:00,PTBA,RG,4020,5,D,EP,CC,D
13:51:00,PTBA,RG,4020,5,D,PD,CC,D
13:51:00,PTBA,RG,4020,5,D,DR,CC,D
13:51:00,PTBA,RG,4020,1,D,YB,CC,D
13:51:00,PTBA,RG,4020,1,D,YB,CC,D
13:51:00,PTBA,RG,4020,2,D,PD,CC,D
13:51:00,PTBA,RG,4020,3,D,PD,CC,D
13:51:00,PTBA,RG,4020,1,D,PD,CC,D
13:51:00,PTBA,RG,4020,1,D,PD,CC,D
13:51:00,PTBA,RG,4020,148,D,YB,CC,D
13:51:00,PTBA,RG,4020,20,D,AI,CC,D
13:51:00,PTBA,RG,4020,1000,D,SA,CC,D
13:51:00,PTBA,RG,4020,20,D,AI,CC,D
13:50:51,PTBA,RG,4030,11,D,XC,SQ,D
13:50:43,PTBA,RG,4030,10,D,PD,SQ,D
13:50:42,PTBA,RG,4030,1,D,XC,SQ,D
13:50:42,PTBA,RG,4030,2,F,ZP,SQ,D
13:50:42,PTBA,RG,4030,10,D,SQ,SQ,D
13:50:42,PTBA,RG,4030,1,D,XC,SQ,D
13:50:42,PTBA,RG,4030,10,D,PD,SQ,D
13:50:42,PTBA,RG,4030,1,D,CC,SQ,D
13:50:42,PTBA,RG,4030,5,D,CC,SQ,D
13:50:42,PTBA,RG,4030,50,D,XL,SQ,D
13:50:42,PTBA,RG,4030,14,D,YU,SQ,D
13:50:42,PTBA,RG,4030,1,D,CC,SQ,D
13:50:42,PTBA,RG,4030,1,D,XC,SQ,D
13:50:42,PTBA,RG,4030,5,D,XL,SQ,D
13:50:42,PTBA,RG,4030,2,D,CC,SQ,D
13:50:42,PTBA,RG,4030,100,D,DR,SQ,D
13:50:42,PTBA,RG,4030,4,D,CC,SQ,D
13:50:42,PTBA,RG,4030,1,D,PD,SQ,D
13:50:42,PTBA,RG,4030,1,F,ZP,SQ,D
13:50:42,PTBA,RG,4030,4,D,XC,SQ,D
13:50:42,PTBA,RG,4030,5,D,IF,SQ,D
13:50:42,PTBA,RG,4030,300,D,SQ,SQ,D
13:50:42,PTBA,RG,4030,1,F,ZP,SQ,D
13:50:42,PTBA,RG,4030,1,D,NI,SQ,D
13:50:42,PTBA,RG,4030,5,D,YP,SQ,D
13:50:42,PTBA,RG,4030,1,D,PD,SQ,D
13:50:42,PTBA,RG,4030,1,D,XC,SQ,D
13:50:42,PTBA,RG,4030,100,D,KK,SQ,D
13:50:42,PTBA,RG,4030,1,D,XC,SQ,D
13:50:42,PTBA,RG,4030,1,D,XC,SQ,D
13:50:42,PTBA,RG,4030,3,D,XC,SQ,D
13:50:42,PTBA,RG,4030,5,D,YP,SQ,D
13:50:42,PTBA,RG,4030,1,F,ZP,SQ,D
13:50:42,PTBA,RG,4030,2,D,KK,SQ,D
13:50:42,PTBA,RG,4030,1,D,XL,SQ,D
13:50:42,PTBA,RG,4030,5,D,YP,SQ,D
13:50:42,PTBA,RG,4030,12,D,NI,SQ,D
13:50:42,PTBA,RG,4030,5,D,YP,SQ,D
13:50:42,PTBA,RG,4030,5,D,NI,SQ,D
13:50:42,PTBA,RG,4030,1,F,ZP,SQ,D
13:50:42,PTBA,RG,4030,1389,F,AK,SQ,D
13:50:42,PTBA,RG,4030,2,D,PD,SQ,D
13:50:42,PTBA,RG,4030,2,F,AK,SQ,D
13:50:42,PTBA,RG,4030,50,D,CC,SQ,D
13:50:42,PTBA,RG,4030,1,D,PD,SQ,D
13:50:42,PTBA,RG,4030,1,D,NI,SQ,D
13:50:42,PTBA,RG,4030,3,D,XL,SQ,D
13:50:42,PTBA,RG,4030,30,D,XC,SQ,D
13:50:42,PTBA,RG,4030,1,D,XC,SQ,D
13:50:42,PTBA,RG,4030,5,D,PD,SQ,D
13:50:42,PTBA,RG,4030,10,D,PD,SQ,D
13:50:42,PTBA,RG,4030,1,D,PD,SQ,D
13:50:42,PTBA,RG,4030,35,D,NI,SQ,D
13:50:42,PTBA,RG,4030,181,D,OD,SQ,D
13:50:42,PTBA,RG,4030,10,D,DR,SQ,D
13:50:42,PTBA,RG,4030,1,D,XL,SQ,D
13:50:42,PTBA,RG,4030,2,D,PD,SQ,D
13:50:42,PTBA,RG,4030,25,D,DH,SQ,D
13:50:42,PTBA,RG,4030,10,D,PD,SQ,D
13:50:42,PTBA,RG,4030,5,D,KK,SQ,D
13:50:42,PTBA,RG,4030,49,F,ZP,SQ,D
13:50:42,PTBA,RG,4030,1,F,AK,SQ,D
13:50:42,PTBA,RG,4030,1,D,AZ,SQ,D
13:50:42,PTBA,RG,4030,10,D,YU,SQ,D
13:50:42,PTBA,RG,4030,5,D,EP,SQ,D
13:50:42,PTBA,RG,4030,5,D,YP,SQ,D
13:50:42,PTBA,RG,4030,2,D,CC,SQ,D
13:50:42,PTBA,RG,4030,50,D,XA,SQ,D
13:50:42,PTBA,RG,4030,3,D,XC,SQ,D
13:50:42,PTBA,RG,4030,5,D,DX,SQ,D
13:50:42,PTBA,RG,4030,1,D,NI,SQ,D
