Time,Stock,Brd,Price,Qty,BT,BC,SC,ST
15:14:01,PTBA,RG,3330,3,D,YU,XL,D
15:13:35,PTBA,RG,3330,1,D,YU,AK,F
15:13:35,PTBA,RG,3330,30,D,YU,XC,D
15:12:07,PTBA,RG,3330,1,D,YU,AT,D
15:10:52,PTBA,RG,3330,1,D,YU,AK,F
15:10:51,PTBA,RG,3330,50,D,YU,YU,D
15:09:29,PTBA,RG,3330,3,D,YU,AK,F
15:09:28,PTBA,RG,3330,100,D,YU,PD,D
15:06:46,PTBA,RG,3330,1,D,YU,EP,D
15:06:22,PTBA,RG,3330,10,D,YU,AK,F
15:06:21,PTBA,RG,3330,300,D,YU,NI,D
15:06:05,PTBA,RG,3330,14,D,YU,OD,D
15:05:33,PTBA,RG,3330,2,D,YU,EP,D
15:05:25,PTBA,RG,3330,3,D,YU,AK,F
15:05:23,PTBA,RG,3330,100,D,YU,YP,D
15:05:09,PTBA,RG,3330,1,D,YU,AK,F
15:05:08,PTBA,RG,3330,25,D,YU,PD,D
15:04:53,PTBA,RG,3330,1,D,YU,AK,F
15:04:52,PTBA,RG,3330,40,D,YU,NI,D
15:04:32,PTBA,RG,3330,3,D,YU,AK,F
15:04:30,PTBA,RG,3330,100,D,YU,MG,D
15:03:42,PTBA,RG,3330,6,D,YU,YP,D
15:03:01,PTBA,RG,3330,2,D,YU,AK,F
15:02:59,PTBA,RG,3330,50,D,YU,OD,D
15:02:57,PTBA,RG,3330,1,D,YU,PD,D
15:02:50,PTBA,RG,3330,1,D,YU,XC,D
15:02:50,PTBA,RG,3330,1,D,YU,KK,D
15:02:50,PTBA,RG,3330,1,D,YU,AK,F
15:02:50,PTBA,RG,3330,50,D,YU,PD,D
15:02:50,PTBA,RG,3330,565,D,YU,AK,F
15:02:50,PTBA,RG,3330,5,D,YU,PD,D
15:02:50,PTBA,RG,3330,34,D,YU,XL,D
15:02:50,PTBA,RG,3330,372,D,YU,CS,F
15:02:50,PTBA,RG,3330,21,D,YU,XC,D
15:02:50,PTBA,RG,3330,2,D,YU,PD,D
15:02:50,PTBA,RG,3330,1,D,YU,XL,D
15:02:50,PTBA,RG,3330,5,D,YU,PD,D
15:02:50,PTBA,RG,3330,1,D,YU,XA,D
15:02:50,PTBA,RG,3330,5,D,YU,CC,D
15:02:50,PTBA,RG,3330,7,D,YU,YU,D
15:02:50,PTBA,RG,3330,1,D,YU,XA,D
15:02:50,PTBA,RG,3330,20,D,YU,EP,D
15:02:50,PTBA,RG,3330,79,D,YU,AZ,D
15:02:50,PTBA,RG,3330,10,D,YU,YP,D
15:02:50,PTBA,RG,3330,1931,D,YU,SQ,D
15:02:50,PTBA,RG,3330,5000,D,YU,SQ,D
15:02:50,PTBA,RG,3330,30,D,PD,SQ,D
15:02:50,PTBA,RG,3330,5000,D,YU,SQ,D
15:02:50,PTBA,RG,3330,5000,D,YU,SQ,D
15:02:44,PTBA,RG,3330,442,D,YP,SQ,D
15:01:48,PTBA,RG,3330,200,D,PD,SQ,D
15:01:30,PTBA,RG,3330,80,D,PD,SQ,D
15:01:09,PTBA,RG,3330,4,D,NI,SQ,D
15:01:00,PTBA,RG,3330,9,D,YB,SQ,D
15:00:00,PTBA,RG,3330,2,D,CC,SQ,D
15:00:00,PTBA,RG,3330,1,D,PD,SQ,D
15:00:00,PTBA,RG,3330,6,D,XC,SQ,D
15:00:00,PTBA,RG,3330,140,D,PD,SQ,D
15:00:00,PTBA,RG,3330,1,D,YP,SQ,D
15:00:00,PTBA,RG,3330,154,D,KK,SQ,D
15:00:00,PTBA,RG,3330,50,D,KK,PD,D
15:00:00,PTBA,RG,3330,1,D,KK,PD,D
15:00:00,PTBA,RG,3330,3,D,KK,DH,D
15:00:00,PTBA,RG,3330,2,D,KK,PD,D
15:00:00,PTBA,RG,3330,3,D,KK,XC,D
15:00:00,PTBA,RG,3330,1,D,KK,PD,D
15:00:00,PTBA,RG,3330,100,D,KK,PD,D
15:00:00,PTBA,RG,3330,10,D,KK,YP,D
15:00:00,PTBA,RG,3330,7,D,KK,YP,D
15:00:00,PTBA,RG,3330,5,D,KK,DR,D
15:00:00,PTBA,RG,3330,10,D,KK,IP,D
15:00:00,PTBA,RG,3330,10,D,KK,DR,D
15:00:00,PTBA,RG,3330,14,D,KK,CC,D
15:00:00,PTBA,RG,3330,4,D,XL,CC,D
15:00:00,PTBA,RG,3330,2,D,NI,CC,D
15:00:00,PTBA,RG,3330,5,D,NI,EP,D
15:00:00,PTBA,RG,3330,62,D,NI,DR,D
15:00:00,PTBA,RG,3330,21,D,NI,PD,D
15:00:00,PTBA,RG,3330,94,D,NI,CP,D
15:00:00,PTBA,RG,3330,6,D,YP,CP,D
15:00:00,PTBA,RG,3330,4,D,YP,BK,F
15:00:00,PTBA,RG,3330,3,D,KK,BK,F
15:00:00,PTBA,RG,3330,20,D,CC,BK,F
15:00:00,PTBA,RG,3330,100,D,PD,BK,F
15:00:00,PTBA,RG,3330,20,D,CC,BK,F
15:00:00,PTBA,RG,3330,10,D,KK,BK,F
15:00:00,PTBA,RG,3330,3,D,YP,BK,F
15:00:00,PTBA,RG,3330,35,D,YP,BK,F
15:00:00,PTBA,RG,3330,1,D,XC,BK,F
15:00:00,PTBA,RG,3330,30,D,PD,BK,F
15:00:00,PTBA,RG,3330,220,D,PD,BK,F
15:00:00,PTBA,RG,3330,1,D,CC,BK,F
15:00:00,PTBA,RG,3330,30,D,EP,BK,F
15:00:00,PTBA,RG,3330,1,D,HP,BK,F
15:00:00,PTBA,RG,3330,300,D,YP,BK,F
15:00:00,PTBA,RG,3330,869,D,TP,BK,F
15:00:00,PTBA,RG,3330,131,D,TP,AK,F
15:00:00,PTBA,RG,3330,40,D,NI,AK,F
15:00:00,PTBA,RG,3330,180,D,NI,OD,D
15:00:00,PTBA,RG,3330,80,D,NI,OD,D
15:00:00,PTBA,RG,3330,1,D,XC,OD,D
15:00:00,PTBA,RG,3330,1,D,YP,OD,D
15:00:00,PTBA,RG,3330,14,D,CC,OD,D
15:00:00,PTBA,RG,3330,1,D,KK,OD,D
15:00:00,PTBA,RG,3330,1,F,ZP,OD,D
15:00:00,PTBA,RG,3330,71,F,ZP,OD,D
15:00:00,PTBA,RG,3330,956,F,BK,OD,D
15:00:00,PTBA,RG,3330,50,F,BK,OD,D
15:00:00,PTBA,RG,3330,9,F,BK,AK,F
15:00:00,PTBA,RG,3330,2,F,BK,AK,F
15:00:00,PTBA,RG,3330,8,F,BK,AK,F
15:00:00,PTBA,RG,3330,1,F,BK,AK,F
15:00:00,PTBA,RG,3330,1,F,BK,AK,F
15:00:00,PTBA,RG,3330,6,F,BK,AK,F
15:00:00,PTBA,RG,3330,7,F,BK,AK,F
15:00:00,PTBA,RG,3330,3,D,DH,AK,F
15:00:00,PTBA,RG,3330,4,D,BB,AK,F
15:00:00,PTBA,RG,3330,6,D,BB,AK,F
15:00:00,PTBA,RG,3330,3,D,BB,AK,F
15:00:00,PTBA,RG,3330,66,D,BB,AK,F
15:00:00,PTBA,RG,3330,15,D,YU,AK,F
15:00:00,PTBA,RG,3330,8,D,YU,RX,F
15:00:00,PTBA,RG,3330,26,D,DX,RX,F
15:00:00,PTBA,RG,3330,10,D,DX,RX,F
15:00:00,PTBA,RG,3330,18,D,DX,RX,F
15:00:00,PTBA,RG,3330,1,D,DX,RX,F
15:00:00,PTBA,RG,3330,59,D,DX,RX,F
15:00:00,PTBA,RG,3330,97,D,BQ,RX,F
15:00:00,PTBA,RG,3330,2,D,BQ,AK,F
15:00:00,PTBA,RG,3330,95,D,BQ,AK,D
15:00:00,PTBA,RG,3330,5,D,BQ,RX,F
14:49:59,PTBA,RG,3330,1,F,ZP,BK,F
14:49:59,PTBA,RG,3320,3,D,HP,AK,F
14:49:58,PTBA,RG,3320,34,D,HP,BK,F
14:49:58,PTBA,RG,3320,50,D,CC,BK,F
14:49:58,PTBA,RG,3320,1,D,DH,BK,F
14:49:57,PTBA,RG,3330,1,F,ZP,BK,F
14:49:55,PTBA,RG,3330,1,D,YP,BK,F
14:49:53,PTBA,RG,3330,1,D,CC,BK,F
14:49:52,PTBA,RG,3330,1,F,ZP,BK,F
14:49:51,PTBA,RG,3330,2,F,ZP,BK,F
14:49:50,PTBA,RG,3320,1,D,DH,AK,F
14:49:48,PTBA,RG,3320,9,D,DH,DR,D
14:49:37,PTBA,RG,3320,24,D,DH,RX,F
14:49:36,PTBA,RG,3320,1,D,DH,AK,F
14:49:35,PTBA,RG,3320,7,D,DH,RX,F
14:49:33,PTBA,RG,3320,5,D,DH,DR,D
14:49:21,PTBA,RG,3320,3,D,DH,HD,D
14:49:15,PTBA,RG,3320,2,D,DH,AK,F
14:49:14,PTBA,RG,3320,64,D,DH,RX,F
14:49:14,PTBA,RG,3320,1,D,DH,AK,F
14:49:12,PTBA,RG,3320,38,D,DH,RX,F
14:49:10,PTBA,RG,3320,1,D,DH,AK,F
14:49:09,PTBA,RG,3320,29,D,DH,BK,F
14:49:04,PTBA,RG,3320,3,D,DH,AK,F
14:49:03,PTBA,RG,3320,11,D,DH,BK,F
14:49:03,PTBA,RG,3320,114,D,XC,BK,F
14:49:03,PTBA,RG,3320,5,D,YP,BK,F
14:49:03,PTBA,RG,3320,5,D,PD,BK,F
14:49:03,PTBA,RG,3320,2,D,CC,BK,F
14:49:03,PTBA,RG,3320,1,D,CC,RX,F
14:49:03,PTBA,RG,3320,3,D,CC,RX,F
14:49:01,PTBA,RG,3320,2,D,CC,AK,F
14:49:01,PTBA,RG,3330,18,F,ZP,BK,F
14:49:01,PTBA,RG,3330,9,D,KK,BK,F
14:49:00,PTBA,RG,3330,1,D,KK,AK,F
14:49:00,PTBA,RG,3330,1,F,BK,AK,D
14:49:00,PTBA,RG,3330,1,F,BK,AK,D
14:49:00,PTBA,RG,3340,4,F,BK,YP,D
14:49:00,PTBA,RG,3340,1,F,ZP,YP,D
14:49:00,PTBA,RG,3330,1,F,BK,AK,D
14:49:00,PTBA,RG,3340,1,F,AK,YP,D
14:48:59,PTBA,RG,3340,14,F,ZP,YP,D
14:48:59,PTBA,RG,3340,10,F,ZP,GR,D
14:48:59,PTBA,RG,3330,1,F,BK,AK,F
14:48:59,PTBA,RG,3330,20,D,CC,AK,F
14:48:59,PTBA,RG,3330,1,F,BK,AK,F
14:48:59,PTBA,RG,3330,1,F,AK,AK,F
14:48:59,PTBA,RG,3330,12,F,ZP,AK,F
14:48:58,PTBA,RG,3340,3,F,ZP,GR,D
14:48:58,PTBA,RG,3340,1141,D,CC,GR,D
14:48:55,PTBA,RG,3330,2,D,CC,AK,F
14:48:54,PTBA,RG,3330,25,D,CC,NI,D
14:48:54,PTBA,RG,3330,29,D,CC,BK,F
14:48:54,PTBA,RG,3330,2,D,CC,AK,F
14:48:53,PTBA,RG,3330,48,D,CC,RX,F
14:48:51,PTBA,RG,3330,8,D,CC,RX,F
14:48:49,PTBA,RG,3330,1,D,CC,AK,F
14:48:49,PTBA,RG,3330,26,D,CC,BK,F
14:48:46,PTBA,RG,3330,25,D,CC,AK,F
14:48:46,PTBA,RG,3340,12,F,ZP,GR,D
14:48:45,PTBA,RG,3330,1,D,CC,AK,F
14:48:45,PTBA,RG,3340,806,D,CC,GR,D
14:48:45,PTBA,RG,3330,19,D,CC,RX,F
14:48:43,PTBA,RG,3330,6,D,CC,AK,D
14:48:43,PTBA,RG,3330,10,D,CC,RX,F
14:48:42,PTBA,RG,3340,8,D,PD,GR,D
14:48:42,PTBA,RG,3330,5,D,CC,NI,D
14:48:40,PTBA,RG,3330,1,D,CC,XC,D
14:48:37,PTBA,RG,3330,3,D,CC,AK,F
14:48:36,PTBA,RG,3330,68,D,CC,AK,F
14:48:30,PTBA,RG,3340,1,F,AK,GR,D
14:48:28,PTBA,RG,3330,27,D,CC,RX,F
14:48:26,PTBA,RG,3330,1,D,CC,AK,F
14:48:26,PTBA,RG,3330,25,D,CC,RX,F
14:48:25,PTBA,RG,3330,9,D,CC,AK,F
14:48:24,PTBA,RG,3330,300,D,CC,ES,D
14:48:20,PTBA,RG,3330,3,D,CC,AK,F
14:48:19,PTBA,RG,3330,78,D,CC,PD,D
14:48:18,PTBA,RG,3330,2,D,CC,AK,F
14:48:17,PTBA,RG,3330,66,D,CC,AK,F
14:48:15,PTBA,RG,3330,1,D,CC,AK,F
14:48:15,PTBA,RG,3340,1,F,AK,GR,D
14:48:10,PTBA,RG,3330,15,D,CC,PD,D
14:48:08,PTBA,RG,3330,4,D,CC,AK,F
14:48:07,PTBA,RG,3330,100,D,CC,RX,F
14:48:06,PTBA,RG,3330,5,D,CC,YP,D
14:48:00,PTBA,RG,3330,29,D,CC,AK,F
14:47:59,PTBA,RG,3330,50,D,CC,YP,D
14:47:59,PTBA,RG,3330,10,D,CC,IP,D
14:47:59,PTBA,RG,3330,390,D,CC,BK,F
14:47:59,PTBA,RG,3330,465,D,CC,CC,D
14:47:59,PTBA,RG,3330,20,D,KK,CC,D
14:47:54,PTBA,RG,3330,15,D,YP,CC,D
14:47:53,PTBA,RG,3320,2,D,CC,AK,F
14:47:52,PTBA,RG,3320,53,D,CC,BK,F
14:47:51,PTBA,RG,3320,1,D,CC,AK,F
14:47:50,PTBA,RG,3320,57,D,CC,BK,F
14:47:49,PTBA,RG,3320,1,D,CC,AK,F
14:47:48,PTBA,RG,3330,2,F,BK,BK,F
14:47:48,PTBA,RG,3330,2,F,BK,BK,F
14:47:48,PTBA,RG,3330,2,F,BK,BK,F
14:47:48,PTBA,RG,3330,2,F,BK,BK,F
14:47:47,PTBA,RG,3330,2,D,NI,BK,F
14:47:45,PTBA,RG,3320,6,D,CC,AK,F
14:47:45,PTBA,RG,3330,1,F,AK,AK,F
14:47:44,PTBA,RG,3320,4,D,CC,AK,F
14:47:44,PTBA,RG,3320,245,D,CC,BK,F
14:47:43,PTBA,RG,3320,102,D,CC,RX,F
14:47:42,PTBA,RG,3320,38,D,CC,AK,F
14:47:42,PTBA,RG,3330,28,F,ZP,AK,F
14:47:42,PTBA,RG,3330,1,F,AK,AK,F
14:47:42,PTBA,RG,3330,3,D,PD,AK,F
14:47:42,PTBA,RG,3330,21,D,CC,AK,F
14:47:42,PTBA,RG,3330,6,F,BK,AK,F
14:47:42,PTBA,RG,3330,35,F,ZP,AK,F
14:47:42,PTBA,RG,3330,561,D,CC,AK,F
14:47:41,PTBA,RG,3330,1,D,CC,AK,F
14:47:41,PTBA,RG,3330,586,D,CC,YP,D
14:47:40,PTBA,RG,3330,12,D,CC,AK,F
14:47:40,PTBA,RG,3330,43,D,CC,BK,F
14:47:39,PTBA,RG,3330,300,D,CC,YP,D
14:47:39,PTBA,RG,3330,72,D,CC,DX,D
14:47:34,PTBA,RG,3330,1,D,CC,AK,F
14:47:33,PTBA,RG,3330,50,D,CC,YP,D
14:47:26,PTBA,RG,3330,2,D,CC,AK,F
14:47:25,PTBA,RG,3330,46,D,CC,BK,F
14:47:24,PTBA,RG,3330,1,D,CC,AK,F
14:47:23,PTBA,RG,3330,40,D,CC,YP,D
14:47:18,PTBA,RG,3330,5,D,CC,NI,D
14:47:16,PTBA,RG,3330,1,D,CC,AK,F
14:47:15,PTBA,RG,3330,29,D,CC,BK,F
14:47:11,PTBA,RG,3330,1,D,CC,AK,F
14:47:10,PTBA,RG,3330,41,D,CC,AK,F
14:47:10,PTBA,RG,3330,2,F,BK,AK,F
14:47:10,PTBA,RG,3330,19,F,ZP,AK,F
14:47:10,PTBA,RG,3330,15,F,ZP,BK,F
14:47:10,PTBA,RG,3330,24,D,CC,BK,F
14:47:09,PTBA,RG,3340,18,D,CC,GR,D
14:47:09,PTBA,RG,3340,100,D,CC,YP,D
14:47:09,PTBA,RG,3340,5,D,CC,CC,D
14:47:09,PTBA,RG,3340,1,D,CC,XC,D
14:47:09,PTBA,RG,3340,100,D,CC,CC,D
14:47:09,PTBA,RG,3340,7,D,CC,XC,D
14:47:09,PTBA,RG,3340,20,D,CC,XC,D
14:47:09,PTBA,RG,3340,1450,D,CC,GR,D
14:47:09,PTBA,RG,3340,10,D,CC,NI,D
14:47:09,PTBA,RG,3340,3,D,CC,PD,D
14:47:09,PTBA,RG,3340,1,D,CC,PD,D
14:47:09,PTBA,RG,3340,2,D,CC,PD,D
14:47:09,PTBA,RG,3340,6,D,CC,PD,D
14:47:09,PTBA,RG,3340,5,D,CC,PD,D
14:47:09,PTBA,RG,3340,1,D,CC,XC,D
14:47:09,PTBA,RG,3340,3,D,CC,PD,D
14:47:09,PTBA,RG,3340,5,D,CC,XC,D
14:47:09,PTBA,RG,3340,1,D,CC,XC,D
14:47:09,PTBA,RG,3340,5,D,CC,PD,D
14:47:09,PTBA,RG,3340,150,D,CC,YP,D
14:47:09,PTBA,RG,3340,28,D,CC,XC,D
14:47:09,PTBA,RG,3340,1,D,CC,YP,D
14:47:09,PTBA,RG,3340,50,D,CC,AZ,D
14:47:09,PTBA,RG,3340,1,D,CC,PD,D
14:47:09,PTBA,RG,3340,2,D,CC,DX,D
14:47:09,PTBA,RG,3340,5,D,CC,PD,D
14:47:09,PTBA,RG,3340,15,D,CC,YP,D
14:47:09,PTBA,RG,3340,5,D,CC,PD,D
14:47:08,PTBA,RG,3330,3,D,CC,AK,F
14:47:08,PTBA,RG,3330,90,D,CC,HP,D
14:47:00,PTBA,RG,3330,4,D,CC,YP,D
14:46:58,PTBA,RG,3330,3,D,CC,AK,F
14:46:57,PTBA,RG,3330,100,D,CC,ZP,D
14:46:47,PTBA,RG,3330,5,D,CC,AK,F
14:46:46,PTBA,RG,3330,22,D,CC,AK,F
14:46:46,PTBA,RG,3330,155,D,CC,AK,F
14:46:46,PTBA,RG,3330,23,D,CC,AK,F
14:46:45,PTBA,RG,3330,125,D,CC,AK,F
14:46:45,PTBA,RG,3330,1,D,CC,AK,D
14:46:45,PTBA,RG,3330,1,D,CC,DR,D
14:46:45,PTBA,RG,3330,44,D,CC,CC,D
14:46:45,PTBA,RG,3330,28,D,CC,RX,F
14:46:45,PTBA,RG,3330,451,D,CC,BK,F
14:46:45,PTBA,RG,3330,78,D,CC,AK,F
14:46:45,PTBA,RG,3330,48,D,CC,RX,F
14:46:45,PTBA,RG,3330,21,D,CC,AK,D
14:46:45,PTBA,RG,3330,23,D,CC,PD,D
14:46:45,PTBA,RG,3330,5,D,CC,CC,D
14:46:45,PTBA,RG,3330,6,D,CC,AK,F
14:46:45,PTBA,RG,3330,3,D,CC,YB,D
14:46:45,PTBA,RG,3330,5,D,CC,NI,D
14:46:45,PTBA,RG,3330,250,D,CC,YP,D
14:46:45,PTBA,RG,3330,1,D,CC,PD,D
14:46:45,PTBA,RG,3330,15,D,CC,PD,D
14:46:45,PTBA,RG,3330,50,D,CC,YP,D
14:46:45,PTBA,RG,3330,20,D,CC,PD,D
14:46:45,PTBA,RG,3330,10,D,CC,DH,D
14:46:45,PTBA,RG,3330,1,D,CC,YP,D
14:46:45,PTBA,RG,3330,30,D,CC,AT,D
14:46:45,PTBA,RG,3330,1,D,CC,XC,D
14:46:45,PTBA,RG,3330,100,D,CC,GR,D
14:46:45,PTBA,RG,3330,200,D,CC,YP,D
14:46:45,PTBA,RG,3330,20,D,CC,AK,F
14:46:45,PTBA,RG,3330,1,D,CC,AK,F
14:46:45,PTBA,RG,3330,10,D,CC,PD,D
14:46:45,PTBA,RG,3330,4,D,CC,NI,D
14:46:45,PTBA,RG,3330,19,D,CC,XL,D
14:46:44,PTBA,RG,3320,1,D,CC,AK,D
14:46:44,PTBA,RG,3320,1,D,CC,AK,F
14:46:43,PTBA,RG,3330,20,D,CC,XL,D
14:46:30,PTBA,RG,3330,1,F,AK,XL,D
14:46:15,PTBA,RG,3320,7,D,CC,AK,D
14:46:00,PTBA,RG,3320,3,D,CC,AK,D
14:46:00,PTBA,RG,3330,1,F,AK,XL,D
14:45:51,PTBA,RG,3320,1,D,CC,XC,D
14:45:50,PTBA,RG,3320,1,D,CC,AK,F
14:45:49,PTBA,RG,3330,3,D,YP,XL,D
14:45:48,PTBA,RG,3320,3,D,CC,AK,F
14:45:47,PTBA,RG,3320,121,D,CC,ZP,D
14:45:45,PTBA,RG,3320,1,D,CC,AK,F
14:45:34,PTBA,RG,3320,1,D,CC,AK,F
14:45:34,PTBA,RG,3320,5,D,CC,NI,D
14:45:33,PTBA,RG,3320,7,D,CC,CC,D
14:45:15,PTBA,RG,3320,2,D,CC,EP,D
14:45:04,PTBA,RG,3320,1,D,CC,AK,F
14:45:03,PTBA,RG,3330,3,F,BK,XL,D
14:45:03,PTBA,RG,3330,5,F,BK,YP,D
14:45:03,PTBA,RG,3330,15,F,BK,CC,D
14:45:03,PTBA,RG,3330,6,F,BK,YP,D
14:44:56,PTBA,RG,3320,1,D,CC,AK,F
14:44:54,PTBA,RG,3320,36,D,CC,DX,D
14:44:48,PTBA,RG,3330,15,D,YP,YP,D
14:44:29,PTBA,RG,3330,3,F,BK,YP,D
14:44:23,PTBA,RG,3320,1,D,CC,AK,F
14:44:21,PTBA,RG,3320,10,D,CC,PD,D
14:44:00,PTBA,RG,3320,10,D,CC,PD,D
14:43:19,PTBA,RG,3320,2,D,CC,AK,F
14:43:19,PTBA,RG,3320,14,D,CC,AK,F
14:43:19,PTBA,RG,3320,25,D,CC,KK,D
14:43:19,PTBA,RG,3320,40,D,CC,DX,D
14:43:19,PTBA,RG,3320,21,D,CC,CC,D
14:43:19,PTBA,RG,3320,1,D,CC,AK,F
14:43:19,PTBA,RG,3320,6,D,CC,PD,D
14:43:19,PTBA,RG,3320,13,D,CC,AK,F
14:43:19,PTBA,RG,3320,161,D,CC,YP,D
14:43:19,PTBA,RG,3320,117,D,CC,RX,F
14:43:19,PTBA,RG,3320,392,D,CC,RX,F
14:43:19,PTBA,RG,3320,9,D,CC,AK,D
14:43:19,PTBA,RG,3320,8,D,CC,AK,D
14:43:19,PTBA,RG,3320,163,D,CC,AI,D
14:43:18,PTBA,RG,3310,1,D,CC,AK,F
14:43:17,PTBA,RG,3310,22,D,CC,RX,F
14:43:15,PTBA,RG,3310,5,D,CC,RX,F
14:43:10,PTBA,RG,3310,3,D,CC,AK,F
14:43:09,PTBA,RG,3320,100,D,CC,AI,D
14:43:08,PTBA,RG,3320,5,D,PD,AI,D
14:43:00,PTBA,RG,3310,1,D,CC,AK,F
14:43:00,PTBA,RG,3310,25,D,CC,RX,F
14:42:59,PTBA,RG,3310,8,D,CC,CC,D
14:42:58,PTBA,RG,3310,9,D,CC,RX,F
14:42:55,PTBA,RG,3310,3,D,CC,AK,F
14:42:53,PTBA,RG,3320,83,D,PD,AI,D
14:42:45,PTBA,RG,3310,3,D,CC,AK,F
14:42:43,PTBA,RG,3320,49,D,HD,AI,D
14:42:43,PTBA,RG,3320,51,D,HD,DH,D
14:42:39,PTBA,RG,3320,1,D,XC,DH,D
14:42:37,PTBA,RG,3310,8,D,CC,CC,D
14:42:35,PTBA,RG,3320,2,D,DH,DH,D
14:42:19,PTBA,RG,3310,3,D,CC,AK,F
14:42:17,PTBA,RG,3310,117,D,CC,AK,F
14:42:17,PTBA,RG,3320,57,F,ZP,AK,F
14:42:17,PTBA,RG,3320,1,F,ZP,AK,F
14:42:17,PTBA,RG,3320,1,F,ZP,AK,F
14:42:17,PTBA,RG,3320,5,F,ZP,CC,D
14:42:17,PTBA,RG,3320,60,F,ZP,AK,F
14:42:17,PTBA,RG,3320,1,F,AK,AK,F
14:42:17,PTBA,RG,3320,1,F,AK,AK,F
14:42:16,PTBA,RG,3320,1,F,AK,AK,F
14:42:16,PTBA,RG,3320,1,F,AK,AK,F
14:42:16,PTBA,RG,3330,11,F,ZP,YP,D
14:42:16,PTBA,RG,3320,100,D,CC,AK,F
14:42:16,PTBA,RG,3320,1,F,BK,AK,F
14:42:16,PTBA,RG,3320,1,D,XC,AK,F
14:42:16,PTBA,RG,3320,1,D,YP,AK,F
14:42:16,PTBA,RG,3320,25,D,SQ,AK,F
14:42:16,PTBA,RG,3320,100,D,CC,AK,F
14:42:16,PTBA,RG,3320,1,D,XC,AK,F
14:42:16,PTBA,RG,3320,4,D,XL,AK,F
14:42:16,PTBA,RG,3320,50,D,YU,AK,F
14:42:16,PTBA,RG,3320,1,D,XL,AK,F
14:42:16,PTBA,RG,3320,5,D,NI,AK,F
14:42:16,PTBA,RG,3320,3,F,CC,AK,F
14:42:16,PTBA,RG,3320,9,F,CS,AK,F
14:42:16,PTBA,RG,3320,3,D,YP,AK,F
14:42:16,PTBA,RG,3320,9,D,PD,AK,F
14:42:16,PTBA,RG,3320,1,D,XC,AK,F
14:42:16,PTBA,RG,3320,4,D,XC,AK,F
14:42:16,PTBA,RG,3320,20,D,LG,AK,F
14:42:16,PTBA,RG,3320,1,D,XC,AK,F
14:42:16,PTBA,RG,3320,5,D,DH,AK,F
14:42:16,PTBA,RG,3320,1,D,XC,AK,F
14:42:16,PTBA,RG,3320,50,D,PD,AK,F
14:42:16,PTBA,RG,3320,92,F,CS,AK,F
14:42:16,PTBA,RG,3320,50,D,YP,AK,F
14:42:16,PTBA,RG,3320,2,D,XC,AK,F
14:42:16,PTBA,RG,3320,10,D,CC,AK,F
14:42:16,PTBA,RG,3320,11,F,CS,AK,F
14:42:16,PTBA,RG,3320,1,F,BK,AK,F
14:42:16,PTBA,RG,3320,1,D,XC,AK,F
14:42:16,PTBA,RG,3320,1,D,PD,AK,F
14:42:16,PTBA,RG,3320,3,D,XC,AK,F
14:42:16,PTBA,RG,3320,13,D,PD,AK,F
14:42:16,PTBA,RG,3320,112,F,CS,AK,F
14:42:16,PTBA,RG,3320,33,D,XC,AK,F
14:42:16,PTBA,RG,3320,5,D,PD,AK,F
14:42:16,PTBA,RG,3320,6,F,CS,AK,F
14:42:16,PTBA,RG,3320,1,D,KK,AK,F
14:42:16,PTBA,RG,3320,1,D,NI,AK,F
14:42:16,PTBA,RG,3320,50,D,PD,AK,F
14:42:16,PTBA,RG,3320,13,F,CS,AK,F
14:42:16,PTBA,RG,3320,20,D,AT,AK,F
14:42:16,PTBA,RG,3320,2,D,PD,AK,F
14:42:16,PTBA,RG,3320,1,D,OD,AK,F
14:42:16,PTBA,RG,3320,5,D,NI,AK,F
14:42:16,PTBA,RG,3320,25,D,PD,AK,F
14:42:16,PTBA,RG,3320,2,D,NI,AK,F
14:42:16,PTBA,RG,3320,3,D,NI,AK,F
14:42:16,PTBA,RG,3320,1,F,AK,AK,F
14:42:16,PTBA,RG,3320,1,D,XL,AK,F
14:42:16,PTBA,RG,3320,1,F,AK,AK,F
14:42:16,PTBA,RG,3320,51,F,CS,AK,F
14:42:16,PTBA,RG,3320,17,F,ZP,AK,F
14:42:16,PTBA,RG,3320,9,F,ZP,AK,F
14:42:16,PTBA,RG,3320,1,F,AK,AK,F
14:42:16,PTBA,RG,3320,1000,D,DR,AK,F
14:42:16,PTBA,RG,3320,20,D,XL,AK,F
14:42:16,PTBA,RG,3320,1,D,HP,AK,F
14:42:16,PTBA,RG,3320,46,D,YP,AK,F
14:42:16,PTBA,RG,3320,11,F,ZP,AK,F
14:42:16,PTBA,RG,3320,103,F,ZP,AK,F
14:42:16,PTBA,RG,3320,23,F,ZP,AK,F
14:42:16,PTBA,RG,3320,1,D,AT,AK,F
14:42:16,PTBA,RG,3320,2,D,PD,AK,F
14:42:16,PTBA,RG,3320,1,D,PD,AK,F
14:42:16,PTBA,RG,3320,10,D,KK,AK,F
14:42:16,PTBA,RG,3320,30,D,YP,AK,F
14:42:16,PTBA,RG,3320,25,D,CP,AK,F
14:42:16,PTBA,RG,3320,10,D,NI,AK,F
14:42:16,PTBA,RG,3320,10,D,SQ,AK,F
14:42:16,PTBA,RG,3320,3,D,PD,AK,F
14:42:16,PTBA,RG,3320,1,D,XC,AK,F
14:42:16,PTBA,RG,3320,10,D,LG,AK,F
14:42:16,PTBA,RG,3320,480,D,CC,AK,F
14:42:16,PTBA,RG,3320,7,D,KK,AK,F
14:42:16,PTBA,RG,3320,20,D,YP,AK,F
14:42:16,PTBA,RG,3320,1,D,PD,AK,F
14:42:16,PTBA,RG,3320,5,D,YP,AK,F
14:42:16,PTBA,RG,3320,6,D,PD,AK,F
14:42:16,PTBA,RG,3320,2,D,XC,AK,F
14:42:16,PTBA,RG,3320,1,D,PD,AK,F
14:42:16,PTBA,RG,3320,10,D,NI,AK,F
14:42:16,PTBA,RG,3320,5,D,PD,AK,F
14:42:16,PTBA,RG,3320,7,F,ZP,AK,F
14:42:16,PTBA,RG,3320,1,D,YP,AK,F
14:42:16,PTBA,RG,3320,2,D,YP,AK,F
14:42:16,PTBA,RG,3320,500,D,IF,AK,F
14:42:16,PTBA,RG,3320,50,D,LG,AK,F
14:42:16,PTBA,RG,3320,528,D,DR,AK,F
14:42:16,PTBA,RG,3320,18,D,NI,AK,F
14:42:16,PTBA,RG,3320,5,D,CC,AK,F
14:42:16,PTBA,RG,3320,1,D,YP,AK,F
14:42:16,PTBA,RG,3320,1,D,PD,AK,F
14:42:16,PTBA,RG,3320,10,D,PD,AK,F
14:42:16,PTBA,RG,3320,1000,D,CC,AK,F
14:42:16,PTBA,RG,3320,1,D,XC,AK,F
14:42:16,PTBA,RG,3320,1,D,YP,AK,F
14:42:16,PTBA,RG,3320,1,D,XC,AK,F
14:42:16,PTBA,RG,3320,10,D,OD,AK,F
14:42:16,PTBA,RG,3320,6,D,AT,AK,F
14:42:16,PTBA,RG,3320,4,D,PD,AK,F
14:42:16,PTBA,RG,3320,2,D,NI,AK,F
14:42:16,PTBA,RG,3320,10,D,PD,AK,F
14:42:16,PTBA,RG,3320,1,D,NI,AK,F
14:42:16,PTBA,RG,3320,1,D,CC,AK,F
14:42:16,PTBA,RG,3320,5,D,YP,AK,F
14:42:16,PTBA,RG,3320,2,D,XC,AK,F
14:42:16,PTBA,RG,3320,40,D,CC,AK,F
14:42:16,PTBA,RG,3320,15,D,PD,AK,F
14:42:16,PTBA,RG,3320,2,D,PD,AK,F
14:42:16,PTBA,RG,3320,20,D,YP,AK,F
14:42:16,PTBA,RG,3320,1,D,PD,AK,F
14:42:16,PTBA,RG,3320,650,D,YP,AK,F
14:42:16,PTBA,RG,3320,1,D,YP,AK,F
14:42:16,PTBA,RG,3320,10,D,PD,AK,F
14:42:16,PTBA,RG,3320,3,D,PD,AK,F
14:42:16,PTBA,RG,3330,25,F,ZP,YP,D
14:42:16,PTBA,RG,3330,4,F,ZP,XC,D
14:42:16,PTBA,RG,3330,6,F,ZP,CC,D
14:42:16,PTBA,RG,3330,17,F,ZP,AT,D
14:42:15,PTBA,RG,3320,7,D,PD,KI,D
14:42:15,PTBA,RG,3320,1250,D,DR,KI,D
14:42:15,PTBA,RG,3320,10,D,PD,KI,D
14:42:15,PTBA,RG,3320,1,D,YP,KI,D
14:42:15,PTBA,RG,3320,732,D,CC,KI,D
14:42:04,PTBA,RG,3320,1,D,CC,AK,F
14:42:03,PTBA,RG,3330,21,F,BK,AT,D
14:42:03,PTBA,RG,3320,20,D,CC,NI,D
14:42:01,PTBA,RG,3320,5,D,CC,AT,D
14:41:57,PTBA,RG,3320,6,D,CC,CC,D
14:41:54,PTBA,RG,3320,2,D,CC,AK,F
14:41:52,PTBA,RG,3320,58,D,CC,AK,F
14:41:51,PTBA,RG,3320,13,D,CC,AK,F
14:41:50,PTBA,RG,3320,163,D,CC,AK,F
14:41:50,PTBA,RG,3320,15,D,KK,AK,F
14:41:50,PTBA,RG,3320,239,D,YB,AK,F
14:41:50,PTBA,RG,3320,1,D,YB,AK,F
14:41:48,PTBA,RG,3330,21,F,ZP,AT,D
14:41:48,PTBA,RG,3330,26,F,ZP,AK,F
14:41:35,PTBA,RG,3320,6,D,YB,CC,D
14:41:35,PTBA,RG,3320,1,D,YB,AK,F
14:41:33,PTBA,RG,3330,4,F,CS,AK,F
14:41:33,PTBA,RG,3330,3,F,CS,AK,F
14:41:30,PTBA,RG,3320,1,D,YB,AK,F
14:41:30,PTBA,RG,3330,1,F,AK,AK,F
14:41:21,PTBA,RG,3320,1,D,YB,AK,F
14:41:20,PTBA,RG,3320,43,D,YB,DX,D
14:41:15,PTBA,RG,3320,6,D,YB,CC,D
14:41:06,PTBA,RG,3320,1,D,YB,AK,F
14:41:06,PTBA,RG,3330,10,D,TP,AK,F
14:40:56,PTBA,RG,3320,1,D,YB,AK,F
14:40:55,PTBA,RG,3320,5,D,YB,CC,D
14:40:45,PTBA,RG,3330,1,F,AK,AK,F
14:40:42,PTBA,RG,3330,1,D,XC,AK,F
14:40:35,PTBA,RG,3320,5,D,YB,CC,D
14:40:34,PTBA,RG,3330,2,D,XC,AK,F
14:40:29,PTBA,RG,3330,1,D,YP,AK,F
14:40:26,PTBA,RG,3330,1,D,XL,AK,F
14:40:18,PTBA,RG,3320,8,D,YB,AK,F
14:40:18,PTBA,RG,3320,5,D,YB,AK,F
14:40:16,PTBA,RG,3320,152,D,YB,YP,D
14:40:15,PTBA,RG,3320,7,D,YB,CC,D
14:40:13,PTBA,RG,3320,1,D,YB,AK,F
14:40:12,PTBA,RG,3320,1,D,YB,AK,F
14:40:12,PTBA,RG,3330,13,F,ZP,AK,F
14:40:04,PTBA,RG,3320,1,D,YB,AI,D
14:39:56,PTBA,RG,3320,1,D,YB,AK,F
14:39:56,PTBA,RG,3330,15,D,AK,AK,F
14:39:56,PTBA,RG,3320,6,D,YB,AK,D
14:39:55,PTBA,RG,3320,4,D,YB,AK,D
14:39:55,PTBA,RG,3320,5,D,YB,CC,D
14:39:52,PTBA,RG,3330,2,F,CS,AK,F
14:39:51,PTBA,RG,3330,4,F,CS,AK,F
14:39:50,PTBA,RG,3320,6,D,YB,XC,D
14:39:43,PTBA,RG,3320,2,D,YB,EP,D
14:39:35,PTBA,RG,3320,6,D,YB,CC,D
14:39:18,PTBA,RG,3320,3,D,YB,AK,F
14:39:17,PTBA,RG,3320,100,D,YB,CC,D
14:39:13,PTBA,RG,3320,5,D,YB,CC,D
14:39:10,PTBA,RG,3320,1,D,YB,AK,F
14:39:09,PTBA,RG,3330,20,F,ZP,AK,F
14:39:07,PTBA,RG,3330,1,F,AK,AK,F
14:39:06,PTBA,RG,3320,1,D,YB,AK,D
14:38:53,PTBA,RG,3320,6,D,YB,CC,D
14:38:44,PTBA,RG,3320,1,D,YB,AK,F
14:38:43,PTBA,RG,3330,26,F,BK,AK,F
14:38:41,PTBA,RG,3330,2,D,XL,AK,F
14:38:31,PTBA,RG,3320,7,D,YB,CC,D
14:38:24,PTBA,RG,3320,2,D,YB,AK,F
14:38:23,PTBA,RG,3320,40,D,YB,DX,D
14:38:15,PTBA,RG,3330,1,F,AK,AK,F
14:38:11,PTBA,RG,3320,6,D,YB,CC,D
14:38:01,PTBA,RG,3320,1,D,YB,AK,F
14:38:00,PTBA,RG,3320,20,D,YB,XC,D
14:37:51,PTBA,RG,3320,5,D,YB,CC,D
14:37:45,PTBA,RG,3330,10,D,YP,AK,F
14:37:31,PTBA,RG,3320,5,D,YB,CC,D
14:37:30,PTBA,RG,3330,1,F,AK,AK,F
14:37:18,PTBA,RG,3320,2,D,YB,AK,F
14:37:17,PTBA,RG,3330,62,D,XC,AK,F
14:37:11,PTBA,RG,3320,5,D,YB,CC,D
14:37:09,PTBA,RG,3320,1,D,YB,AK,F
14:37:08,PTBA,RG,3330,19,F,ZP,AK,F
14:37:05,PTBA,RG,3330,10,D,YP,AK,F
14:37:00,PTBA,RG,3330,10,D,HP,AK,F
14:36:50,PTBA,RG,3320,1,D,YB,AK,F
14:36:49,PTBA,RG,3320,7,D,YB,CC,D
14:36:45,PTBA,RG,3330,15,D,XC,AK,F
14:36:44,PTBA,RG,3320,2,D,YB,AK,F
14:36:43,PTBA,RG,3330,50,D,LG,AK,F
14:36:29,PTBA,RG,3320,6,D,YB,CC,D
14:36:23,PTBA,RG,3330,9,D,OD,AK,F
14:36:23,PTBA,RG,3330,13,D,OD,AK,D
14:36:23,PTBA,RG,3330,5,D,OD,PD,D
14:36:23,PTBA,RG,3330,14,D,OD,XL,D
14:36:23,PTBA,RG,3330,20,D,OD,PD,D
14:36:23,PTBA,RG,3330,1,D,OD,AK,D
14:36:23,PTBA,RG,3330,1,D,OD,AK,D
14:36:23,PTBA,RG,3330,12,D,OD,YP,D
14:36:17,PTBA,RG,3330,38,D,EP,YP,D
14:36:17,PTBA,RG,3330,6,D,EP,PD,D
14:36:17,PTBA,RG,3330,4,D,EP,AK,F
14:36:17,PTBA,RG,3330,1,D,EP,AK,F
14:36:17,PTBA,RG,3330,1,D,EP,IU,D
14:36:17,PTBA,RG,3320,1,D,YB,PD,D
14:36:09,PTBA,RG,3320,6,D,YB,CC,D
14:36:00,PTBA,RG,3330,1,F,AK,IU,D
14:35:51,PTBA,RG,3330,1,D,PD,IU,D
14:35:51,PTBA,RG,3330,1,D,HP,IU,D
14:35:51,PTBA,RG,3330,9,D,HP,RX,F
14:35:50,PTBA,RG,3320,1,D,YB,AK,F
14:35:50,PTBA,RG,3330,10,D,AK,RX,F
14:35:49,PTBA,RG,3320,4,D,YB,CC,D
14:35:30,PTBA,RG,3320,1,D,YB,AK,F
14:35:29,PTBA,RG,3320,38,D,YB,DX,D
14:35:29,PTBA,RG,3320,6,D,YB,CC,D
14:35:23,PTBA,RG,3320,1,D,YB,AK,F
14:35:22,PTBA,RG,3330,25,F,ZP,RX,F
14:35:15,PTBA,RG,3330,1,F,AK,RX,F
14:35:11,PTBA,RG,3330,13,F,ZP,RX,F
14:35:11,PTBA,RG,3330,1,F,ZP,YU,D
14:35:09,PTBA,RG,3320,6,D,YB,CC,D
14:35:09,PTBA,RG,3320,3,D,YB,AK,F
14:35:08,PTBA,RG,3330,74,D,XC,YU,D
14:34:55,PTBA,RG,3320,1,D,YB,AK,F
14:34:54,PTBA,RG,3330,28,F,BK,YU,D
14:34:49,PTBA,RG,3320,6,D,YB,CC,D
14:34:28,PTBA,RG,3330,1,F,AK,YU,D
14:34:27,PTBA,RG,3320,6,D,YB,CC,D
14:34:07,PTBA,RG,3320,7,D,YB,CC,D
14:34:07,PTBA,RG,3320,1,D,YB,AK,F
14:34:05,PTBA,RG,3330,30,D,LG,YU,D
14:33:51,PTBA,RG,3320,5,D,YB,AK,F
14:33:50,PTBA,RG,3320,31,D,YB,AK,F
14:33:49,PTBA,RG,3330,21,F,ZP,YU,D
14:33:49,PTBA,RG,3330,138,F,ZP,YU,D
14:33:48,PTBA,RG,3330,707,D,KK,YU,D
14:33:48,PTBA,RG,3330,42,D,KK,AK,D
14:33:48,PTBA,RG,3330,3,D,KK,AK,D
14:33:48,PTBA,RG,3330,1,D,KK,AK,D
14:33:48,PTBA,RG,3330,189,D,KK,RX,F
14:33:48,PTBA,RG,3330,3,D,KK,EP,D
14:33:48,PTBA,RG,3330,55,D,KK,RX,F
14:33:47,PTBA,RG,3320,4,D,YB,CC,D
14:33:29,PTBA,RG,3320,1,D,YB,AK,F
14:33:28,PTBA,RG,3320,26,D,YB,AK,D
14:33:27,PTBA,RG,3320,7,D,YB,CC,D
14:33:15,PTBA,RG,3330,1,F,AK,RX,F
14:33:05,PTBA,RG,3320,6,D,YB,CC,D
14:33:00,PTBA,RG,3330,2,D,DH,RX,F
14:32:45,PTBA,RG,3320,1,D,YB,AK,F
14:32:45,PTBA,RG,3320,6,D,YB,CC,D
14:32:37,PTBA,RG,3320,3,D,YB,AK,D
14:32:36,PTBA,RG,3320,10,D,YB,AZ,D
14:32:28,PTBA,RG,3320,1,D,YB,AK,F
14:32:27,PTBA,RG,3320,5,D,YB,CC,D
14:32:26,PTBA,RG,3320,33,D,YB,DX,D
14:32:19,PTBA,RG,3320,1,D,YB,NI,D
14:32:15,PTBA,RG,3330,1,F,AK,RX,F
14:32:05,PTBA,RG,3320,5,D,YB,CC,D
14:32:05,PTBA,RG,3320,1,D,YB,AK,F
14:32:03,PTBA,RG,3330,10,D,KK,RX,F
14:31:53,PTBA,RG,3330,1,D,YP,RX,F
14:31:23,PTBA,RG,3320,6,D,YB,CC,D
14:31:15,PTBA,RG,3330,1,F,AK,RX,F
14:31:05,PTBA,RG,3320,5,D,YB,CC,D
14:30:43,PTBA,RG,3320,4,D,YB,CC,D
14:30:23,PTBA,RG,3320,6,D,YB,CC,D
14:30:16,PTBA,RG,3320,1,D,YB,AK,F
14:30:15,PTBA,RG,3320,2,D,YB,AK,D
14:30:15,PTBA,RG,3320,8,D,GR,AK,D
14:30:03,PTBA,RG,3320,6,D,GR,CC,D
14:30:00,PTBA,RG,3330,1,F,AK,RX,F
14:29:43,PTBA,RG,3320,6,D,GR,CC,D
14:29:33,PTBA,RG,3330,10,D,YP,RX,F
14:29:28,PTBA,RG,3320,1,D,GR,AK,F
14:29:27,PTBA,RG,3330,7,D,NI,RX,F
14:29:24,PTBA,RG,3320,1,D,GR,AK,F
14:29:23,PTBA,RG,3320,5,D,GR,CC,D
14:29:23,PTBA,RG,3320,43,D,GR,DX,D
14:29:14,PTBA,RG,3320,7,D,GR,NI,D
14:29:01,PTBA,RG,3320,5,D,GR,CC,D
14:29:00,PTBA,RG,3330,1,F,AK,RX,F
14:28:42,PTBA,RG,3320,1,D,GR,AK,F
14:28:41,PTBA,RG,3320,6,D,GR,CC,D
14:28:32,PTBA,RG,3320,1,D,GR,DX,D
14:28:21,PTBA,RG,3320,5,D,GR,CC,D
14:28:07,PTBA,RG,3330,2,D,YP,RX,F
14:27:59,PTBA,RG,3320,6,D,GR,CC,D
14:27:59,PTBA,RG,3330,3,D,CC,RX,F
14:27:53,PTBA,RG,3320,1,D,GR,AK,F
14:27:52,PTBA,RG,3320,10,D,GR,XL,D
14:27:39,PTBA,RG,3320,5,D,GR,CC,D
14:27:19,PTBA,RG,3320,4,D,GR,CC,D
14:26:59,PTBA,RG,3320,5,D,GR,CC,D
14:26:49,PTBA,RG,3330,1,D,NI,RX,F
14:26:39,PTBA,RG,3320,4,D,GR,CC,D
14:26:28,PTBA,RG,3320,1,D,GR,AK,F
14:26:27,PTBA,RG,3320,43,D,GR,DX,D
14:26:20,PTBA,RG,3320,1,D,GR,AK,F
14:26:19,PTBA,RG,3320,6,D,GR,CC,D
14:25:59,PTBA,RG,3320,4,D,GR,CC,D
14:25:39,PTBA,RG,3320,5,D,GR,CC,D
14:25:37,PTBA,RG,3330,12,D,PD,RX,F
14:25:28,PTBA,RG,3320,10,D,GR,XC,D
14:25:25,PTBA,RG,3320,100,D,GR,NI,D
14:25:19,PTBA,RG,3320,6,D,GR,CC,D
14:25:04,PTBA,RG,3320,5,D,GR,PD,D
14:25:03,PTBA,RG,3320,13,D,GR,AK,F
14:25:03,PTBA,RG,3320,24,D,GR,AK,F
14:25:03,PTBA,RG,3330,205,D,KI,RX,F
14:25:03,PTBA,RG,3330,5,D,KI,AK,F
14:25:03,PTBA,RG,3330,10,D,KI,AK,D
14:25:03,PTBA,RG,3330,10,D,KI,AK,D
14:25:03,PTBA,RG,3330,1,D,KI,AK,F
14:25:03,PTBA,RG,3330,1,D,KI,AK,F
14:25:03,PTBA,RG,3330,1,D,KI,AK,D
14:25:03,PTBA,RG,3330,1,D,KI,AK,D
14:25:03,PTBA,RG,3330,1,D,KI,AK,D
14:25:03,PTBA,RG,3330,1,D,KI,AK,D
14:25:03,PTBA,RG,3330,1000,D,KI,AH,D
14:25:03,PTBA,RG,3330,53,D,KI,AK,F
14:25:03,PTBA,RG,3330,441,D,KI,BK,F
14:25:03,PTBA,RG,3330,1253,D,KI,CC,F
14:25:03,PTBA,RG,3330,2,D,KI,AK,F
14:25:03,PTBA,RG,3330,15,D,KI,CC,D
14:24:59,PTBA,RG,3320,4,D,GR,CC,D
14:24:55,PTBA,RG,3330,1,D,AI,CC,D
14:24:37,PTBA,RG,3320,5,D,GR,CC,D
14:24:17,PTBA,RG,3320,6,D,GR,CC,D
14:24:12,PTBA,RG,3320,1,D,GR,AK,F
14:24:11,PTBA,RG,3320,27,D,GR,BK,F
14:24:08,PTBA,RG,3320,2,D,GR,AK,F
14:24:07,PTBA,RG,3320,52,D,GR,BK,F
14:24:05,PTBA,RG,3320,2,D,GR,AK,F
14:24:04,PTBA,RG,3320,44,D,GR,CC,D
14:24:04,PTBA,RG,3320,9,D,GR,AK,F
14:24:04,PTBA,RG,3320,2,D,XL,AK,F
14:24:04,PTBA,RG,3320,15,D,KK,AK,F
14:24:04,PTBA,RG,3320,2,D,XC,AK,F
14:24:04,PTBA,RG,3320,6,D,KK,AK,F
14:24:04,PTBA,RG,3320,3,D,GR,AK,F
14:24:04,PTBA,RG,3320,20,D,XC,AK,F
14:24:04,PTBA,RG,3320,50,D,KK,AK,F
14:24:04,PTBA,RG,3320,2,D,YP,AK,F
14:24:03,PTBA,RG,3330,21,F,CS,AK,F
14:24:03,PTBA,RG,3330,35,F,ZP,AK,F
14:24:02,PTBA,RG,3330,181,F,ZP,AK,F
14:24:02,PTBA,RG,3330,27,F,ZP,AK,F
14:24:02,PTBA,RG,3330,1,F,AK,AK,F
14:24:02,PTBA,RG,3330,4,F,CS,AK,F
14:24:02,PTBA,RG,3330,53,F,CS,AK,F
14:24:02,PTBA,RG,3330,3,D,CC,AK,F
14:24:02,PTBA,RG,3330,20,D,YB,AK,F
14:24:02,PTBA,RG,3330,7,F,CS,AK,F
14:24:02,PTBA,RG,3330,2,D,GR,AK,F
14:24:02,PTBA,RG,3330,5,D,XA,AK,F
14:24:02,PTBA,RG,3330,38,F,CS,AK,F
14:24:02,PTBA,RG,3330,3,D,NI,AK,F
14:24:02,PTBA,RG,3330,3,D,YP,AK,F
14:24:02,PTBA,RG,3330,6,D,YP,AK,F
14:24:02,PTBA,RG,3330,8,F,ZP,AK,F
14:24:01,PTBA,RG,3330,41,F,ZP,YU,D
14:24:01,PTBA,RG,3330,60,F,CS,YU,D
14:24:01,PTBA,RG,3330,4,F,CS,YU,D
14:24:01,PTBA,RG,3330,11,F,CS,YU,D
14:24:01,PTBA,RG,3330,5,D,KK,YU,D
14:24:01,PTBA,RG,3330,10,D,YP,YU,D
14:24:01,PTBA,RG,3330,10,D,CC,YU,D
14:24:01,PTBA,RG,3330,74,F,CS,YU,D
14:24:01,PTBA,RG,3330,29,F,BK,YU,D
14:24:01,PTBA,RG,3330,1,D,PD,YU,D
14:24:01,PTBA,RG,3330,2,D,AK,YU,D
14:24:01,PTBA,RG,3330,6,D,AK,YU,D
14:24:01,PTBA,RG,3330,5,D,EP,YU,D
14:24:01,PTBA,RG,3330,1,D,XC,YU,D
14:24:01,PTBA,RG,3330,10,D,NI,YU,D
14:24:01,PTBA,RG,3330,10,D,NI,YU,D
14:24:01,PTBA,RG,3330,1,D,XC,YU,D
14:24:01,PTBA,RG,3330,2,D,XC,YU,D
14:24:01,PTBA,RG,3330,1,D,NI,YU,D
14:24:01,PTBA,RG,3330,2,D,XL,YU,D
14:24:01,PTBA,RG,3330,50,D,PD,YU,D
14:24:01,PTBA,RG,3330,1500,D,CC,YU,D
14:24:01,PTBA,RG,3330,3,D,PD,YU,D
14:24:01,PTBA,RG,3330,1,D,XC,YU,D
14:24:01,PTBA,RG,3330,7,D,PD,YU,D
14:24:01,PTBA,RG,3330,440,D,YP,YU,D
14:24:01,PTBA,RG,3330,1000,D,YP,YU,D
14:24:01,PTBA,RG,3330,1,F,AK,YU,D
14:24:01,PTBA,RG,3330,5,D,CC,YU,D
14:24:01,PTBA,RG,3330,11,D,NI,YU,D
14:24:01,PTBA,RG,3330,32,F,ZP,YU,D
14:24:01,PTBA,RG,3330,1,F,AK,YU,D
14:24:01,PTBA,RG,3330,28,D,PD,YU,D
14:24:01,PTBA,RG,3330,5,D,TF,YU,D
14:24:01,PTBA,RG,3330,10,D,YP,YU,D
14:24:01,PTBA,RG,3330,100,D,OD,YU,D
14:24:01,PTBA,RG,3330,50,D,KK,YU,D
14:24:01,PTBA,RG,3330,10,D,HP,YU,D
14:24:01,PTBA,RG,3330,10,F,ZP,YU,D
14:24:01,PTBA,RG,3330,150,D,YP,YU,D
14:24:01,PTBA,RG,3330,1,D,XC,YU,D
14:24:01,PTBA,RG,3330,100,D,DH,YU,D
14:24:01,PTBA,RG,3330,1,D,YP,YU,D
14:24:01,PTBA,RG,3330,6,D,SQ,YU,D
14:24:01,PTBA,RG,3330,1,D,XC,YU,D
14:24:01,PTBA,RG,3330,1000,D,KI,YU,D
14:24:01,PTBA,RG,3330,192,D,CC,YU,D
14:23:57,PTBA,RG,3330,5,D,CC,CC,D
14:23:41,PTBA,RG,3330,1,D,CC,OD,D
14:23:37,PTBA,RG,3330,5,D,CC,CC,D
14:23:34,PTBA,RG,3330,1,D,CC,PD,D
14:23:22,PTBA,RG,3330,2,D,CC,AK,F
14:23:21,PTBA,RG,3330,35,D,CC,DX,D
14:23:20,PTBA,RG,3330,2,D,CC,PD,D
14:23:17,PTBA,RG,3330,5,D,CC,CC,D
14:23:08,PTBA,RG,3330,17,D,CC,CC,D
14:23:07,PTBA,RG,3330,1,D,CC,AK,F
14:23:06,PTBA,RG,3340,10,D,AK,AK,F
14:23:00,PTBA,RG,3340,1,F,AK,AK,F
14:22:55,PTBA,RG,3330,5,D,CC,CC,D
14:22:35,PTBA,RG,3330,6,D,CC,CC,D
14:22:32,PTBA,RG,3330,5,D,CC,AK,F
14:22:31,PTBA,RG,3330,175,D,CC,PD,D
14:22:00,PTBA,RG,3340,1,F,AK,AK,F
14:21:54,PTBA,RG,3330,1,D,CC,AK,F
14:21:53,PTBA,RG,3330,5,D,CC,CC,D
14:21:38,PTBA,RG,3330,5,D,CC,XC,D
14:21:37,PTBA,RG,3330,1,D,CC,PD,D
14:21:33,PTBA,RG,3330,5,D,CC,CC,D
14:21:13,PTBA,RG,3330,6,D,CC,CC,D
14:20:56,PTBA,RG,3340,1,F,AK,AK,F
14:20:54,PTBA,RG,3330,1,D,CC,XL,D
14:20:31,PTBA,RG,3330,5,D,CC,CC,D
14:20:22,PTBA,RG,3330,5,D,CC,XC,D
14:20:21,PTBA,RG,3330,2,D,CC,AK,F
14:20:20,PTBA,RG,3330,40,D,CC,DX,D
14:20:14,PTBA,RG,3330,3,D,CC,AI,D
14:20:11,PTBA,RG,3330,5,D,CC,CC,D
14:20:04,PTBA,RG,3330,1,D,CC,DX,D
14:20:04,PTBA,RG,3330,1,D,CC,AK,F
14:20:03,PTBA,RG,3340,19,D,PD,AK,F
14:20:02,PTBA,RG,3330,1,D,CC,AK,F
14:20:01,PTBA,RG,3330,30,D,CC,XL,D
14:19:51,PTBA,RG,3330,5,D,CC,CC,D
14:19:45,PTBA,RG,3340,1,F,AK,AK,F
14:19:27,PTBA,RG,3330,1,D,CC,PD,D
14:19:11,PTBA,RG,3330,6,D,CC,CC,D
14:19:07,PTBA,RG,3330,5,D,CC,AK,F
14:19:06,PTBA,RG,3330,150,D,CC,NI,D
14:19:02,PTBA,RG,3330,25,D,CC,YP,D
14:18:49,PTBA,RG,3330,5,D,CC,CC,D
14:18:45,PTBA,RG,3330,1,D,CC,AK,F
14:18:45,PTBA,RG,3340,1,F,AK,AK,F
14:18:29,PTBA,RG,3330,5,D,CC,CC,D
14:18:09,PTBA,RG,3330,6,D,CC,CC,D
14:17:49,PTBA,RG,3330,6,D,CC,CC,D
14:17:45,PTBA,RG,3340,1,F,AK,AK,F
14:17:32,PTBA,RG,3340,11,D,XC,AK,F
14:17:28,PTBA,RG,3330,1,D,CC,AK,F
14:17:27,PTBA,RG,3330,5,D,CC,CC,D
14:17:25,PTBA,RG,3330,3,D,CC,DX,D
14:17:07,PTBA,RG,3330,7,D,CC,NI,D
14:17:07,PTBA,RG,3330,6,D,CC,CC,D
14:16:45,PTBA,RG,3330,5,D,CC,CC,D
14:16:41,PTBA,RG,3340,3,D,XC,AK,F
14:16:31,PTBA,RG,3340,1,D,YP,AK,F
14:16:30,PTBA,RG,3330,1,D,CC,AK,F
14:16:30,PTBA,RG,3340,1,D,GR,AK,F
14:16:30,PTBA,RG,3340,1,F,AK,AK,F
14:16:29,PTBA,RG,3340,4,D,YP,AK,F
14:16:26,PTBA,RG,3340,13,D,YP,AK,F
14:16:26,PTBA,RG,3340,1,D,YP,AK,F
14:16:23,PTBA,RG,3340,15,F,CS,AK,F
14:16:23,PTBA,RG,3340,3,F,CS,AK,F
14:16:23,PTBA,RG,3340,29,D,YP,AK,F
14:16:21,PTBA,RG,3340,1,D,YP,AK,F
14:16:20,PTBA,RG,3340,1,D,YP,IF,D
14:16:20,PTBA,RG,3340,6,D,YP,CC,D
14:16:20,PTBA,RG,3340,5,D,YP,PD,D
14:16:20,PTBA,RG,3340,3,D,YP,GR,D
14:16:20,PTBA,RG,3340,1,D,YP,AK,D
14:16:20,PTBA,RG,3340,5,D,YP,BK,F
14:16:14,PTBA,RG,3340,11,D,NI,BK,F
14:16:10,PTBA,RG,3330,1,D,CC,AK,F
14:16:09,PTBA,RG,3330,24,D,CC,CC,D
14:16:03,PTBA,RG,3330,6,D,CC,CC,D
14:15:52,PTBA,RG,3330,1,D,CC,PD,D
14:15:30,PTBA,RG,3330,9,D,CC,AK,F
14:15:29,PTBA,RG,3340,2,F,CS,BK,F
14:15:29,PTBA,RG,3340,2,F,CS,BK,F
14:15:29,PTBA,RG,3340,21,F,CS,BK,F
14:15:29,PTBA,RG,3340,3,F,CS,BK,F
14:15:29,PTBA,RG,3340,1,F,CS,BK,F
14:15:29,PTBA,RG,3340,13,F,CS,BK,F
14:15:28,PTBA,RG,3340,26,F,BK,AK,F
14:15:28,PTBA,RG,3340,50,D,BQ,AK,F
14:15:28,PTBA,RG,3340,16,D,BQ,RX,F
14:15:28,PTBA,RG,3340,4,D,BQ,CC,D
14:15:28,PTBA,RG,3340,5,D,BQ,PD,D
14:15:28,PTBA,RG,3340,50,D,BQ,YP,D
14:15:28,PTBA,RG,3340,5,D,BQ,PD,D
14:15:28,PTBA,RG,3340,85,D,BQ,BK,F
14:15:28,PTBA,RG,3340,90,D,BQ,BK,F
14:15:25,PTBA,RG,3340,4,D,CC,BK,F
14:15:25,PTBA,RG,3340,1,D,CC,PD,D
14:15:23,PTBA,RG,3330,5,D,CC,CC,D
14:14:52,PTBA,RG,3330,22,D,CC,AK,F
14:14:52,PTBA,RG,3330,1,D,CC,AK,F
14:14:52,PTBA,RG,3330,24,D,CC,AK,F
14:14:52,PTBA,RG,3340,4,F,CS,AK,F
14:14:51,PTBA,RG,3340,6,F,CS,AK,F
14:14:51,PTBA,RG,3340,18,D,CC,AK,F
14:14:51,PTBA,RG,3340,6,D,CC,DX,D
14:14:51,PTBA,RG,3340,33,D,CC,DX,D
14:14:51,PTBA,RG,3340,5,D,CC,CC,D
14:14:51,PTBA,RG,3340,1,D,CC,PD,D
14:14:51,PTBA,RG,3340,1,D,CC,AK,D
14:14:51,PTBA,RG,3340,11,D,CC,AK,D
14:14:51,PTBA,RG,3340,55,D,CC,AK,F
14:14:51,PTBA,RG,3340,1,D,CC,YB,D
14:14:51,PTBA,RG,3340,2,D,CC,YP,D
14:14:51,PTBA,RG,3340,5,D,CC,XC,D
14:14:51,PTBA,RG,3340,171,D,CC,RX,F
14:14:51,PTBA,RG,3340,45,D,CC,RX,F
14:14:51,PTBA,RG,3340,4,D,CC,AK,F
14:14:51,PTBA,RG,3340,1,D,CC,AK,F
14:14:51,PTBA,RG,3340,12,D,CC,AK,D
14:14:51,PTBA,RG,3340,1,D,CC,AK,D
14:14:51,PTBA,RG,3340,1,D,CC,AK,D
14:14:51,PTBA,RG,3340,604,D,CC,BK,F
14:14:51,PTBA,RG,3340,1523,D,CC,BK,F
14:14:41,PTBA,RG,3330,5,D,CC,CC,D
14:14:21,PTBA,RG,3330,6,D,CC,CC,D
14:14:05,PTBA,RG,3330,1,D,CC,AK,F
14:14:04,PTBA,RG,3340,44,D,HP,BK,F
14:14:00,PTBA,RG,3330,1,D,CC,AK,F
14:13:59,PTBA,RG,3330,4,D,CC,CC,D
14:13:44,PTBA,RG,3330,1,D,CC,DX,D
14:13:34,PTBA,RG,3330,36,D,CC,AK,F
14:13:34,PTBA,RG,3340,10,F,CS,AK,F
14:13:33,PTBA,RG,3340,6,F,CS,CC,D
14:13:33,PTBA,RG,3340,1,F,CS,DH,D
14:13:33,PTBA,RG,3340,1,F,AK,DH,D
14:13:33,PTBA,RG,3340,12,F,CS,DH,D
14:13:33,PTBA,RG,3340,9,D,EP,DH,D
14:13:33,PTBA,RG,3340,8,D,YP,DH,D
14:13:33,PTBA,RG,3340,20,D,NI,DH,D
14:13:33,PTBA,RG,3340,2,D,AK,DH,D
14:13:33,PTBA,RG,3340,3,D,AK,DH,D
14:13:33,PTBA,RG,3340,1,F,AK,DH,D
14:13:33,PTBA,RG,3340,26,F,BK,DH,D
14:13:33,PTBA,RG,3340,2,F,CS,DH,D
14:13:33,PTBA,RG,3340,44,F,CS,DH,D
14:13:33,PTBA,RG,3340,5,F,CS,DH,D
14:13:33,PTBA,RG,3340,6,F,CS,DH,D
14:13:33,PTBA,RG,3340,1360,D,MG,DH,D
14:13:19,PTBA,RG,3340,5,D,MG,CC,D
14:13:15,PTBA,RG,3350,1,F,AK,AH,D
14:13:00,PTBA,RG,3340,1,D,MG,AK,F
14:12:59,PTBA,RG,3340,5,D,MG,CC,D
14:12:52,PTBA,RG,3340,1,D,MG,PD,D
14:12:39,PTBA,RG,3340,5,D,MG,CC,D
14:12:28,PTBA,RG,3340,1,D,MG,YP,D
14:12:10,PTBA,RG,3340,15,D,MG,AK,F
14:12:09,PTBA,RG,3340,218,D,MG,AK,F
14:12:08,PTBA,RG,3340,2,D,MG,AK,F
14:12:08,PTBA,RG,3340,9,D,MG,AK,F
14:12:08,PTBA,RG,3340,1,D,MG,AK,F
14:12:08,PTBA,RG,3340,13,D,MG,DX,D
14:12:08,PTBA,RG,3340,5,D,MG,CC,D
14:12:08,PTBA,RG,3340,43,D,MG,DX,D
14:12:08,PTBA,RG,3340,1,D,MG,PD,D
14:12:08,PTBA,RG,3340,10,D,MG,EP,D
14:12:08,PTBA,RG,3340,21,D,MG,RX,F
14:12:08,PTBA,RG,3340,10,D,MG,AK,D
14:12:08,PTBA,RG,3340,54,D,MG,BK,F
14:12:08,PTBA,RG,3340,5,D,MG,PD,D
14:12:08,PTBA,RG,3340,50,D,MG,CC,F
14:12:08,PTBA,RG,3340,5,D,MG,PD,D
14:12:08,PTBA,RG,3340,70,D,MG,NI,D
14:12:08,PTBA,RG,3340,4,D,MG,IU,D
14:12:08,PTBA,RG,3340,22,D,MG,AK,F
14:12:08,PTBA,RG,3340,5,D,MG,CC,F
14:12:08,PTBA,RG,3340,17,D,MG,LG,D
14:12:08,PTBA,RG,3340,6,D,MG,DX,D
14:12:08,PTBA,RG,3340,1,D,MG,XC,D
14:12:08,PTBA,RG,3340,1,D,MG,YP,D
14:12:08,PTBA,RG,3340,1,D,MG,XC,D
14:12:08,PTBA,RG,3340,522,D,MG,RX,F
14:12:08,PTBA,RG,3340,6,D,MG,DX,D
14:12:08,PTBA,RG,3340,300,D,MG,KK,D
14:12:08,PTBA,RG,3340,1,D,MG,AK,F
14:12:08,PTBA,RG,3340,1,D,MG,AK,F
14:12:08,PTBA,RG,3340,1,D,MG,AK,F
14:12:08,PTBA,RG,3340,10,D,MG,AK,D
14:12:08,PTBA,RG,3340,1,D,MG,AK,D
14:12:08,PTBA,RG,3340,3,D,MG,AK,D
14:12:08,PTBA,RG,3340,1,D,MG,AK,D
14:12:08,PTBA,RG,3340,1,D,MG,AK,D
14:12:08,PTBA,RG,3340,100,D,MG,YP,D
14:12:08,PTBA,RG,3340,86,D,MG,AK,F
14:12:08,PTBA,RG,3340,20,D,NI,AK,F
14:12:00,PTBA,RG,3340,1,F,AK,AK,F
14:11:57,PTBA,RG,3330,6,D,CC,CC,D
14:11:42,PTBA,RG,3330,1,D,CC,XC,D
14:11:37,PTBA,RG,3330,5,D,CC,CC,D
14:11:32,PTBA,RG,3330,1,D,CC,AK,F
14:11:30,PTBA,RG,3340,9,D,RF,AK,F
14:11:30,PTBA,RG,3330,1,D,CC,AK,F
14:11:29,PTBA,RG,3330,44,D,CC,DX,D
14:11:17,PTBA,RG,3330,5,D,CC,CC,D
14:10:58,PTBA,RG,3330,1,D,CC,AK,F
14:10:58,PTBA,RG,3330,4,D,CC,AK,D
14:10:57,PTBA,RG,3330,6,D,CC,CC,D
14:10:49,PTBA,RG,3330,1,D,CC,XC,D
14:10:47,PTBA,RG,3330,2,D,CC,AK,F
14:10:47,PTBA,RG,3340,5,D,YP,AK,F
14:10:45,PTBA,RG,3330,60,D,CC,AK,D
14:10:45,PTBA,RG,3340,1,F,AK,AK,F
14:10:44,PTBA,RG,3330,2,D,CC,AK,F
14:10:42,PTBA,RG,3330,69,D,CC,PD,D
14:10:35,PTBA,RG,3330,1,D,CC,XC,D
14:10:35,PTBA,RG,3330,5,D,CC,CC,D
14:10:17,PTBA,RG,3330,4,D,CC,CC,D
14:09:56,PTBA,RG,3330,3,D,CC,AK,D
14:09:55,PTBA,RG,3330,6,D,CC,CC,D
14:09:46,PTBA,RG,3340,10,D,PD,AK,F
14:09:35,PTBA,RG,3330,5,D,CC,CC,D
14:09:30,PTBA,RG,3340,1,F,AK,AK,F
14:09:27,PTBA,RG,3330,1,D,CC,OD,D
14:09:15,PTBA,RG,3330,11,D,CC,AK,D
14:08:24,PTBA,RG,3330,42,D,CC,DX,D
14:08:12,PTBA,RG,3330,2,D,CC,DX,D
14:08:10,PTBA,RG,3340,46,D,PD,AK,F
14:08:10,PTBA,RG,3340,4,D,PD,AK,F
14:08:06,PTBA,RG,3330,10,D,CC,PD,D
14:07:41,PTBA,RG,3330,1,D,CC,AK,F
14:07:41,PTBA,RG,3330,1,D,CC,AK,F
14:07:41,PTBA,RG,3330,100,D,CC,TP,D
14:07:41,PTBA,RG,3340,1,D,PD,AK,F
14:06:58,PTBA,RG,3330,2,D,CC,PD,D
14:06:55,PTBA,RG,3330,1,D,CC,KK,D
14:06:16,PTBA,RG,3330,1,D,CC,AK,F
14:06:15,PTBA,RG,3330,25,D,CC,XC,D
14:06:09,PTBA,RG,3330,2,D,CC,AK,F
14:06:08,PTBA,RG,3330,7,D,CC,KK,D
14:06:08,PTBA,RG,3330,49,D,CC,YU,D
14:05:21,PTBA,RG,3330,1,D,CC,AK,F
14:05:20,PTBA,RG,3330,33,D,CC,DX,D
14:05:06,PTBA,RG,3330,15,D,CC,AK,F
14:05:03,PTBA,RG,3340,10,F,CS,YP,D
14:05:03,PTBA,RG,3340,79,F,CS,YP,D
14:05:03,PTBA,RG,3340,36,F,CS,YP,D
14:05:03,PTBA,RG,3340,6,F,CS,YP,D
14:05:03,PTBA,RG,3340,10,F,ZP,YP,D
14:05:03,PTBA,RG,3340,10,D,YP,YP,D
14:05:03,PTBA,RG,3340,1,D,CC,YP,D
14:05:03,PTBA,RG,3340,2,D,AK,YP,D
14:05:03,PTBA,RG,3340,5,F,CS,YP,D
14:05:03,PTBA,RG,3340,25,F,CS,YP,D
14:05:03,PTBA,RG,3340,1,F,AK,YP,D
14:05:03,PTBA,RG,3340,307,D,YP,YP,D
14:04:56,PTBA,RG,3340,3,D,YP,XC,D
14:04:45,PTBA,RG,3340,16,D,YP,AK,F
14:04:44,PTBA,RG,3340,500,D,YP,YP,D
14:04:31,PTBA,RG,3340,3,D,YP,AK,F
14:04:30,PTBA,RG,3340,140,D,YP,PD,D
14:04:10,PTBA,RG,3350,449,D,XL,AH,D
14:04:10,PTBA,RG,3350,1,D,XL,AK,D
14:04:10,PTBA,RG,3350,10,D,XL,PD,D
14:04:10,PTBA,RG,3350,10,D,XL,PD,D
14:04:10,PTBA,RG,3350,19,D,XL,AK,F
14:04:10,PTBA,RG,3340,39,D,YP,AK,F
14:04:09,PTBA,RG,3340,115,D,YP,AK,F
14:04:09,PTBA,RG,3340,317,D,YP,DH,D
14:04:09,PTBA,RG,3340,18,F,CS,DH,D
14:04:09,PTBA,RG,3340,11,F,CS,DH,D
14:04:09,PTBA,RG,3340,3,D,CC,DH,D
14:04:09,PTBA,RG,3340,9,D,DH,DH,D
14:04:09,PTBA,RG,3340,1,D,XC,DH,D
14:04:09,PTBA,RG,3340,2,D,AK,DH,D
14:04:09,PTBA,RG,3340,2,D,CC,DH,D
14:04:09,PTBA,RG,3340,62,F,CS,DH,D
14:04:09,PTBA,RG,3340,1,F,AK,DH,D
14:04:09,PTBA,RG,3340,10,D,YP,DH,D
14:04:09,PTBA,RG,3340,25,F,ZP,DH,D
14:04:09,PTBA,RG,3340,5,F,CS,DH,D
14:04:09,PTBA,RG,3340,1000,D,CC,DH,D
14:04:09,PTBA,RG,3340,2,D,PD,DH,D
14:04:09,PTBA,RG,3340,11,D,YP,DH,D
14:04:09,PTBA,RG,3340,21,D,RF,DH,D
14:04:09,PTBA,RG,3340,100,D,RF,YP,D
14:04:00,PTBA,RG,3340,351,D,RF,NI,D
14:03:49,PTBA,RG,3340,10,D,RF,YP,D
14:03:35,PTBA,RG,3340,7,D,RF,DX,D
14:03:29,PTBA,RG,3340,10,D,RF,PD,D
14:03:11,PTBA,RG,3340,1,D,RF,AZ,D
14:03:11,PTBA,RG,3340,2,D,DH,AZ,D
14:03:11,PTBA,RG,3340,3,D,AK,AZ,D
14:03:11,PTBA,RG,3340,4,F,CS,AZ,D
14:02:33,PTBA,RG,3340,10,F,CS,PD,D
14:02:25,PTBA,RG,3340,32,F,CS,DX,D
14:02:25,PTBA,RG,3340,2,F,CS,DX,D
14:02:01,PTBA,RG,3340,1,F,CS,NI,D
14:02:01,PTBA,RG,3340,1,F,AK,NI,D
14:02:01,PTBA,RG,3340,1,D,PD,NI,D
14:01:58,PTBA,RG,3340,2,D,PD,SQ,D
14:01:58,PTBA,RG,3340,1,D,PD,SQ,D
14:01:58,PTBA,RG,3340,1,D,XC,SQ,D
14:01:58,PTBA,RG,3340,1,D,XC,SQ,D
14:01:58,PTBA,RG,3340,2,D,NI,SQ,D
14:01:58,PTBA,RG,3340,8,D,RF,SQ,D
14:01:45,PTBA,RG,3350,25,D,PD,AK,F
14:01:32,PTBA,RG,3340,3,D,RF,PD,D
14:01:25,PTBA,RG,3340,7,D,RF,AK,F
14:01:24,PTBA,RG,3340,300,D,RF,CC,D
14:01:02,PTBA,RG,3350,2,D,DR,AK,F
14:01:02,PTBA,RG,3350,3,D,DR,RX,F
14:01:02,PTBA,RG,3340,5,D,RF,YP,D
14:00:59,PTBA,RG,3340,5,D,RF,PD,D
14:00:53,PTBA,RG,3340,2,D,RF,AK,F
14:00:51,PTBA,RG,3340,38,D,RF,YP,D
14:00:51,PTBA,RG,3340,20,D,RF,AG,D
14:00:50,PTBA,RG,3340,9,D,RF,AK,F
14:00:48,PTBA,RG,3340,103,D,RF,KK,D
14:00:48,PTBA,RG,3340,197,D,DX,KK,D
14:00:46,PTBA,RG,3340,1,D,DX,DX,D
14:00:42,PTBA,RG,3340,16,D,DX,AK,F
14:00:40,PTBA,RG,3340,85,D,DX,YP,D
14:00:40,PTBA,RG,3340,2,D,AK,YP,D
14:00:40,PTBA,RG,3340,30,D,PD,YP,D
14:00:40,PTBA,RG,3340,20,D,PD,YP,D
14:00:40,PTBA,RG,3340,12,D,EP,YP,D
14:00:40,PTBA,RG,3340,3,D,PD,YP,D
14:00:40,PTBA,RG,3340,20,D,CC,YP,D
14:00:40,PTBA,RG,3340,103,D,NI,YP,D
14:00:40,PTBA,RG,3340,3,D,AK,YP,D
14:00:40,PTBA,RG,3340,4,D,PD,YP,D
14:00:40,PTBA,RG,3340,23,D,AT,YP,D
14:00:40,PTBA,RG,3340,1,D,YP,YP,D
14:00:40,PTBA,RG,3340,10,D,YP,YP,D
14:00:40,PTBA,RG,3340,3,D,XL,YP,D
14:00:40,PTBA,RG,3340,10,D,CC,YP,D
14:00:40,PTBA,RG,3340,1,D,PD,YP,D
14:00:40,PTBA,RG,3340,44,F,CS,YP,D
14:00:40,PTBA,RG,3340,22,F,CS,YP,D
14:00:40,PTBA,RG,3340,7,F,CC,YP,D
14:00:40,PTBA,RG,3340,8,F,CS,YP,D
14:00:40,PTBA,RG,3340,45,F,ZP,YP,D
14:00:40,PTBA,RG,3340,3,D,NI,YP,D
14:00:40,PTBA,RG,3340,1,D,YP,YP,D
14:00:40,PTBA,RG,3340,40,D,CP,YP,D
14:00:39,PTBA,RG,3340,1,D,CP,AK,F
14:00:38,PTBA,RG,3340,20,D,CP,PD,D
14:00:30,PTBA,RG,3340,35,D,CP,AK,F
14:00:28,PTBA,RG,3340,840,D,CP,CP,D
14:00:28,PTBA,RG,3340,8,D,XL,CP,D
14:00:28,PTBA,RG,3340,2,D,XC,CP,D
14:00:28,PTBA,RG,3340,1,D,AT,CP,D
14:00:28,PTBA,RG,3340,17,F,CS,CP,D
14:00:28,PTBA,RG,3340,7,F,BK,CP,D
14:00:28,PTBA,RG,3340,29,F,BK,CP,D
14:00:28,PTBA,RG,3340,19,F,CS,CP,D
14:00:28,PTBA,RG,3340,1,F,CS,CP,D
14:00:28,PTBA,RG,3340,226,D,BQ,CP,D
14:00:15,PTBA,RG,3350,1,F,AK,RX,F
13:59:28,PTBA,RG,3340,1,D,BQ,AK,F
13:59:27,PTBA,RG,3340,23,D,BQ,DX,D
13:59:27,PTBA,RG,3340,17,D,BQ,DX,D
13:59:27,PTBA,RG,3340,1,D,BQ,AK,F
13:59:26,PTBA,RG,3340,7,D,BQ,PD,D
13:59:24,PTBA,RG,3340,1,D,BQ,AK,F
13:59:23,PTBA,RG,3340,52,D,BQ,DR,D
13:59:05,PTBA,RG,3340,1,D,BQ,AK,F
13:59:04,PTBA,RG,3350,18,D,XC,RX,F
13:58:55,PTBA,RG,3350,1,D,PD,RX,F
13:58:48,PTBA,RG,3350,5,D,CC,RX,F
13:58:48,PTBA,RG,3340,4,D,BQ,BS,D
13:58:19,PTBA,RG,3350,3,D,EP,RX,F
13:58:13,PTBA,RG,3340,31,D,BQ,AK,F
13:58:12,PTBA,RG,3340,31,D,BQ,AK,F
13:58:12,PTBA,RG,3340,230,D,BQ,AK,F
13:58:12,PTBA,RG,3340,250,D,BQ,AK,F
13:58:12,PTBA,RG,3340,250,D,BQ,AK,F
13:58:12,PTBA,RG,3340,270,D,BQ,AK,F
13:58:11,PTBA,RG,3340,480,D,BQ,AK,F
13:58:11,PTBA,RG,3340,500,D,BQ,AK,F
13:58:11,PTBA,RG,3340,20,D,BQ,AK,F
13:58:00,PTBA,RG,3340,5,D,BQ,PD,D
13:57:14,PTBA,RG,3340,31,D,BQ,AK,F
13:57:13,PTBA,RG,3350,310,D,RF,RX,F
13:57:13,PTBA,RG,3350,2,D,RF,NI,D
13:57:13,PTBA,RG,3350,10,D,RF,PD,D
13:57:13,PTBA,RG,3350,500,D,RF,GR,D
13:57:13,PTBA,RG,3350,80,D,RF,AK,F
13:57:13,PTBA,RG,3350,30,D,RF,RX,F
13:57:13,PTBA,RG,3350,5,D,RF,YP,D
13:57:13,PTBA,RG,3350,2,D,RF,XC,D
13:57:13,PTBA,RG,3350,30,D,RF,PD,D
13:57:13,PTBA,RG,3350,11,D,RF,AK,D
13:57:13,PTBA,RG,3350,20,D,RF,XC,D
13:57:00,PTBA,RG,3340,10,D,BQ,KI,D
13:56:54,PTBA,RG,3340,1,D,BQ,AK,F
13:56:53,PTBA,RG,3340,10,D,BQ,KK,D
13:56:51,PTBA,RG,3340,9,D,BQ,PD,D
13:56:51,PTBA,RG,3340,7,D,BQ,PD,D
13:56:42,PTBA,RG,3340,2,D,BQ,XC,D
13:56:25,PTBA,RG,3340,2,D,BQ,AK,F
13:56:24,PTBA,RG,3340,15,D,BQ,YP,D
13:56:24,PTBA,RG,3340,45,D,BQ,DX,D
13:56:17,PTBA,RG,3340,3,D,BQ,AK,F
13:56:17,PTBA,RG,3340,100,D,BQ,CP,D
13:55:28,PTBA,RG,3340,1,D,BQ,AK,F
13:55:27,PTBA,RG,3350,8,D,YP,XC,D
13:55:27,PTBA,RG,3350,7,D,YP,GR,D
13:55:27,PTBA,RG,3340,4,D,BQ,EP,D
13:55:21,PTBA,RG,3340,1,D,BQ,AK,F
13:55:20,PTBA,RG,3350,20,D,AG,GR,D
13:55:20,PTBA,RG,3350,10,D,HP,GR,D
13:55:04,PTBA,RG,3340,3,D,BQ,AK,F
13:55:04,PTBA,RG,3340,2,D,BQ,PD,D
13:55:03,PTBA,RG,3350,63,D,CP,GR,D
13:55:03,PTBA,RG,3350,1,D,CP,AK,D
13:55:03,PTBA,RG,3350,1,D,CP,AK,D
13:55:03,PTBA,RG,3350,1,D,CP,OD,D
13:55:03,PTBA,RG,3350,34,D,CP,CD,D
13:54:59,PTBA,RG,3350,4,D,PD,CD,D
13:54:58,PTBA,RG,3350,4,D,NI,CD,D
13:54:57,PTBA,RG,3340,1,D,BQ,AK,F
13:54:56,PTBA,RG,3340,39,D,BQ,BK,F
13:54:56,PTBA,RG,3340,1,D,BQ,AK,F
13:54:55,PTBA,RG,3340,2,D,BQ,AK,F
13:54:55,PTBA,RG,3350,1,F,CS,CD,D
13:54:55,PTBA,RG,3350,2,F,CS,CD,D
13:54:55,PTBA,RG,3350,1,F,CS,CD,D
13:54:54,PTBA,RG,3350,1,F,CS,CD,D
13:54:54,PTBA,RG,3350,4,F,CS,CD,D
13:54:54,PTBA,RG,3350,1,F,CS,CD,D
13:54:54,PTBA,RG,3350,13,F,CS,CD,D
13:54:54,PTBA,RG,3350,10,F,CS,CD,D
13:54:54,PTBA,RG,3350,2,F,CS,CD,D
13:54:54,PTBA,RG,3350,1,F,CS,CD,D
13:54:54,PTBA,RG,3350,4,F,CS,CD,D
13:54:54,PTBA,RG,3350,4,F,CS,CD,D
13:54:54,PTBA,RG,3350,14,F,CS,CD,D
13:54:54,PTBA,RG,3350,3,F,CS,AK,F
13:54:54,PTBA,RG,3350,7,D,AG,AK,F
13:54:54,PTBA,RG,3350,40,D,AG,BK,F
13:54:53,PTBA,RG,3350,173,D,AG,KK,D
13:54:53,PTBA,RG,3350,2,F,CS,KK,D
13:54:53,PTBA,RG,3350,100,D,AG,KK,D
13:54:53,PTBA,RG,3350,4,F,CS,KK,D
13:54:53,PTBA,RG,3350,2,F,CS,KK,D
13:54:53,PTBA,RG,3350,19,D,DH,KK,D
13:54:53,PTBA,RG,3350,6,D,DH,PD,D
13:54:53,PTBA,RG,3350,1,D,DH,AK,F
13:54:53,PTBA,RG,3350,3,D,DH,XL,D
13:54:52,PTBA,RG,3350,26,D,DH,YJ,D
13:54:52,PTBA,RG,3350,10,D,PD,YJ,D
13:54:52,PTBA,RG,3350,12,D,AK,YJ,D
13:54:52,PTBA,RG,3350,2,F,CS,YJ,D
13:54:52,PTBA,RG,3350,5,F,CS,AK,F
13:54:51,PTBA,RG,3350,10,F,CS,XL,D
13:54:51,PTBA,RG,3350,17,F,CS,BK,F
13:54:51,PTBA,RG,3350,27,F,CS,BK,F
13:54:51,PTBA,RG,3350,10,D,NI,BK,F
13:54:51,PTBA,RG,3350,3,D,NI,BK,F
13:54:51,PTBA,RG,3350,63,D,YB,BK,F
13:54:50,PTBA,RG,3350,61,D,YB,AK,F
13:54:49,PTBA,RG,3350,43,D,YB,KK,D
13:54:49,PTBA,RG,3350,40,D,NI,KK,D
13:54:49,PTBA,RG,3350,8,F,BK,KK,D
13:54:49,PTBA,RG,3350,5,F,CC,KK,D
13:54:49,PTBA,RG,3350,3,F,CS,KK,D
13:54:49,PTBA,RG,3350,10,F,CS,KK,D
13:54:49,PTBA,RG,3350,17,F,CS,KK,D
13:54:49,PTBA,RG,3350,4,F,CS,KK,D
13:54:49,PTBA,RG,3350,4,F,CS,KK,D
13:54:49,PTBA,RG,3350,10,D,KK,KK,D
13:54:49,PTBA,RG,3350,1,D,YP,KK,D
13:54:49,PTBA,RG,3350,50,D,OD,KK,D
13:54:49,PTBA,RG,3350,67,F,ZP,KK,D
13:54:49,PTBA,RG,3350,1738,F,BK,KK,D
13:54:44,PTBA,RG,3350,1,F,BK,AK,F
13:54:43,PTBA,RG,3350,5,F,BK,YP,D
13:54:35,PTBA,RG,3350,4,F,BK,OD,D
13:54:34,PTBA,RG,3350,10,F,BK,AK,F
13:54:33,PTBA,RG,3350,350,F,BK,KK,D
13:54:26,PTBA,RG,3350,1,F,BK,AK,F
13:54:25,PTBA,RG,3350,1,F,BK,NI,D
13:54:22,PTBA,RG,3350,30,F,BK,AK,F
13:54:21,PTBA,RG,3350,152,F,BK,GR,D
13:54:21,PTBA,RG,3350,500,D,BR,GR,D
13:54:21,PTBA,RG,3350,250,D,PD,GR,D
13:54:21,PTBA,RG,3350,3,D,AK,GR,D
13:54:21,PTBA,RG,3350,2,D,AK,GR,D
13:54:21,PTBA,RG,3350,3,F,CS,GR,D
13:54:21,PTBA,RG,3350,28,F,BK,GR,D
13:54:21,PTBA,RG,3350,53,F,CS,GR,D
13:54:21,PTBA,RG,3350,9,F,CS,GR,D
13:54:16,PTBA,RG,3350,1,F,CS,KK,D
13:54:07,PTBA,RG,3350,1,F,CS,PD,D
13:53:59,PTBA,RG,3350,1,F,CS,AK,F
13:53:58,PTBA,RG,3350,2,F,CS,XC,D
13:53:58,PTBA,RG,3350,2,F,CS,XC,D
13:53:58,PTBA,RG,3350,1,F,CS,XC,D
13:53:54,PTBA,RG,3360,20,D,NI,XC,D
13:53:53,PTBA,RG,3360,3,D,NI,XC,D
13:53:53,PTBA,RG,3350,2,F,CS,XC,D
13:53:42,PTBA,RG,3350,4,D,CP,AK,F
13:53:41,PTBA,RG,3360,21,D,NI,XC,D
13:53:41,PTBA,RG,3360,3,D,PD,XC,D
13:53:41,PTBA,RG,3360,2,D,PD,DR,D
13:53:41,PTBA,RG,3360,1,D,PD,YB,D
13:53:41,PTBA,RG,3360,15,D,PD,PD,D
13:53:41,PTBA,RG,3360,2,D,PD,PD,D
13:53:41,PTBA,RG,3360,1,D,PD,PD,D
13:53:41,PTBA,RG,3360,1,D,PD,PD,D
13:53:41,PTBA,RG,3360,49,D,PD,GR,D
13:53:41,PTBA,RG,3360,1,D,PD,GR,D
13:53:41,PTBA,RG,3360,1,D,YB,PD,D
13:53:41,PTBA,RG,3360,1,D,CC,AZ,D
13:53:41,PTBA,RG,3360,1,D,ZP,AZ,D
13:53:41,PTBA,RG,3350,30,D,CP,AK,F
13:53:41,PTBA,RG,3360,1,D,YP,KK,D
13:53:40,PTBA,RG,3360,1000,D,RF,SA,D
13:53:38,PTBA,RG,3350,1,D,CP,AK,F
13:53:37,PTBA,RG,3350,5,D,CP,YP,D
13:53:36,PTBA,RG,3350,10,D,CP,PD,D
13:53:31,PTBA,RG,3350,14,D,CP,DH,D
13:53:31,PTBA,RG,3350,86,D,CC,DH,D
13:53:28,PTBA,RG,3350,150,D,CC,CC,D
13:53:25,PTBA,RG,3350,1,D,CC,KK,D
13:53:15,PTBA,RG,3350,11,D,CC,PD,D
13:53:13,PTBA,RG,3350,10,D,CC,PD,D
13:53:12,PTBA,RG,3340,17,D,BQ,AK,F
13:53:12,PTBA,RG,3350,8,D,YP,AK,F
13:53:11,PTBA,RG,3350,1,D,XC,AK,F
13:53:09,PTBA,RG,3350,560,D,OD,AK,F
13:53:01,PTBA,RG,3350,6,D,NI,AK,F
13:53:00,PTBA,RG,3340,1,D,BQ,AK,F
13:52:59,PTBA,RG,3350,4,F,CS,AK,F
13:52:59,PTBA,RG,3350,3,F,CS,AK,F
13:52:58,PTBA,RG,3350,33,D,YP,AK,F
13:52:58,PTBA,RG,3350,53,D,YP,NI,D
13:52:57,PTBA,RG,3350,36,F,CS,NI,D
13:52:57,PTBA,RG,3350,1,F,CS,NI,D
13:52:57,PTBA,RG,3350,3,F,CS,NI,D
13:52:57,PTBA,RG,3350,3,F,CS,PD,D
13:52:53,PTBA,RG,3350,12,F,AK,AK,D
13:52:53,PTBA,RG,3350,151,F,AK,XC,D
13:52:53,PTBA,RG,3350,678,F,AK,RX,F
13:52:53,PTBA,RG,3350,10,F,AK,NI,D
13:52:53,PTBA,RG,3350,102,F,AK,AK,F
13:52:53,PTBA,RG,3350,1,F,AK,LG,D
13:52:53,PTBA,RG,3350,1,F,AK,XC,D
13:52:53,PTBA,RG,3350,10,F,AK,YP,D
13:52:53,PTBA,RG,3350,198,F,AK,BK,F
13:52:53,PTBA,RG,3350,50,F,AK,ES,D
13:52:53,PTBA,RG,3350,10,F,AK,DH,D
13:52:53,PTBA,RG,3350,1,F,AK,XC,D
13:52:53,PTBA,RG,3350,18,F,AK,XC,D
13:52:53,PTBA,RG,3350,2,F,AK,NI,D
13:52:53,PTBA,RG,3350,1,F,AK,KK,D
13:52:53,PTBA,RG,3350,5,F,AK,XL,D
13:52:53,PTBA,RG,3350,20,F,AK,PD,D
13:52:53,PTBA,RG,3350,1,F,AK,XC,D
13:52:53,PTBA,RG,3350,8,F,AK,XC,D
13:52:53,PTBA,RG,3350,15,F,AK,XL,D
13:52:53,PTBA,RG,3350,2,F,AK,PD,D
13:52:53,PTBA,RG,3350,118,F,AK,YP,D
13:52:53,PTBA,RG,3350,82,D,CC,YP,D
13:52:53,PTBA,RG,3350,10,D,CC,CC,D
13:52:53,PTBA,RG,3350,15,D,CC,CC,D
13:52:53,PTBA,RG,3350,1,D,CC,YP,D
13:52:53,PTBA,RG,3350,5,D,CC,PD,D
13:52:53,PTBA,RG,3350,10,D,CC,PD,D
13:52:53,PTBA,RG,3350,3,D,CC,PD,D
13:52:53,PTBA,RG,3350,7,D,CC,PD,D
13:52:53,PTBA,RG,3350,3,D,CC,KK,D
13:52:53,PTBA,RG,3350,1,D,CC,YP,D
13:52:53,PTBA,RG,3350,300,D,CC,AT,D
13:52:53,PTBA,RG,3350,5,D,CC,PD,D
13:52:53,PTBA,RG,3350,13,D,CC,KK,D
13:52:53,PTBA,RG,3350,1,D,CC,PD,D
13:52:53,PTBA,RG,3350,30,D,CC,PD,D
13:52:53,PTBA,RG,3350,100,D,CC,PD,D
13:52:53,PTBA,RG,3350,1,D,CC,PD,D
13:52:53,PTBA,RG,3350,3,D,CC,KK,D
13:52:53,PTBA,RG,3350,10,D,CC,EP,D
13:52:53,PTBA,RG,3350,5,D,CC,TP,D
13:52:53,PTBA,RG,3350,25,D,CC,SQ,D
13:52:53,PTBA,RG,3350,20,D,CC,CC,D
13:52:53,PTBA,RG,3350,1,D,CC,GR,D
13:52:53,PTBA,RG,3350,45,D,CC,KK,D
13:52:53,PTBA,RG,3350,25,D,CC,YP,D
13:52:53,PTBA,RG,3350,20,D,CC,CP,D
13:52:53,PTBA,RG,3350,2,D,CC,KK,D
13:52:53,PTBA,RG,3350,10,D,CC,CC,D
13:52:53,PTBA,RG,3350,25,D,CC,KK,D
13:52:53,PTBA,RG,3350,50,D,CC,PD,D
13:52:53,PTBA,RG,3350,5,D,CC,YP,D
13:52:53,PTBA,RG,3350,35,D,CC,PD,D
13:52:53,PTBA,RG,3350,1000,D,CC,OD,D
13:52:53,PTBA,RG,3350,2,D,CC,NI,D
13:52:53,PTBA,RG,3350,1,D,CC,PD,D
13:52:53,PTBA,RG,3350,100,D,CC,DH,D
13:52:53,PTBA,RG,3350,5,D,CC,YP,D
13:52:53,PTBA,RG,3350,1,D,CC,LG,D
13:52:53,PTBA,RG,3350,23,D,CC,XC,D
13:52:52,PTBA,RG,3340,2,D,BQ,AK,F
13:52:51,PTBA,RG,3340,41,D,BQ,BK,F
13:52:51,PTBA,RG,3340,7,D,BQ,BK,F
13:52:50,PTBA,RG,3340,3,D,BQ,AK,F
13:52:49,PTBA,RG,3340,136,D,BQ,AK,F
13:52:48,PTBA,RG,3350,10,F,ZP,PD,D
13:52:48,PTBA,RG,3350,1,F,ZP,PD,D
13:52:48,PTBA,RG,3350,94,F,ZP,AO,D
13:52:48,PTBA,RG,3350,10,D,YP,AO,D
13:52:48,PTBA,RG,3350,96,D,YU,AO,D
13:52:48,PTBA,RG,3350,50,D,YU,YP,D
13:52:48,PTBA,RG,3350,1,D,YU,PD,D
13:52:48,PTBA,RG,3350,25,D,YU,AG,D
13:52:48,PTBA,RG,3350,80,D,YU,PD,D
13:52:48,PTBA,RG,3350,1,D,YU,XC,D
13:52:48,PTBA,RG,3350,20,D,YU,CC,D
13:52:48,PTBA,RG,3350,1,D,YU,GR,D
13:52:48,PTBA,RG,3350,150,D,YU,DR,D
13:52:48,PTBA,RG,3350,200,D,YU,NI,D
13:52:48,PTBA,RG,3350,100,D,YU,OD,D
13:52:48,PTBA,RG,3350,25,D,YU,PD,D
13:52:48,PTBA,RG,3350,50,D,YU,PD,D
13:52:48,PTBA,RG,3350,3,D,YU,XC,D
13:52:48,PTBA,RG,3350,500,D,YU,CC,D
13:52:48,PTBA,RG,3350,30,D,YU,NI,D
13:52:48,PTBA,RG,3350,1,D,YU,PD,D
13:52:48,PTBA,RG,3350,1,D,YU,CP,D
13:52:48,PTBA,RG,3350,10,D,YU,EP,D
13:52:48,PTBA,RG,3350,1,D,YU,PD,D
13:52:48,PTBA,RG,3350,50,D,YU,KK,D
13:52:48,PTBA,RG,3350,65,D,YU,PD,D
13:52:48,PTBA,RG,3350,1,D,YU,NI,D
13:52:48,PTBA,RG,3350,1,D,YU,YP,D
13:52:48,PTBA,RG,3350,1,D,YU,PD,D
13:52:48,PTBA,RG,3350,2,D,YU,DR,D
13:52:48,PTBA,RG,3350,1,D,YU,XC,D
13:52:48,PTBA,RG,3350,2,D,YU,XC,D
13:52:48,PTBA,RG,3350,2,D,YU,XC,D
13:52:48,PTBA,RG,3350,3,D,YU,XL,D
13:52:48,PTBA,RG,3350,1,D,YU,EP,D
13:52:48,PTBA,RG,3350,3,D,YU,PD,D
13:52:48,PTBA,RG,3350,2,D,YU,DR,D
13:52:48,PTBA,RG,3350,1,D,YU,YP,D
13:52:48,PTBA,RG,3350,45,D,YU,CD,D
13:52:48,PTBA,RG,3350,1,D,YU,GR,D
13:52:48,PTBA,RG,3350,50,D,YU,DH,D
13:52:48,PTBA,RG,3350,3,D,YU,PD,D
13:52:48,PTBA,RG,3350,40,D,YU,NI,D
13:52:48,PTBA,RG,3350,1,D,YU,YP,D
13:52:48,PTBA,RG,3350,20,D,YU,PD,D
13:52:48,PTBA,RG,3350,1,D,YU,GR,D
13:52:48,PTBA,RG,3350,163,D,YU,NI,D
13:52:48,PTBA,RG,3350,1,D,YU,CC,D
13:52:48,PTBA,RG,3350,15,D,YU,CC,D
13:52:48,PTBA,RG,3350,1,D,YU,DR,D
13:52:48,PTBA,RG,3350,1,D,YU,KK,D
13:52:48,PTBA,RG,3350,10,D,YU,NI,D
13:52:48,PTBA,RG,3350,3,D,YU,PD,D
13:52:48,PTBA,RG,3350,1,D,YU,XC,D
13:52:48,PTBA,RG,3350,2,D,YU,XC,D
13:52:48,PTBA,RG,3350,26,D,YU,PD,D
13:52:48,PTBA,RG,3350,8,D,YU,YP,D
13:52:48,PTBA,RG,3350,1,D,YU,PD,D
13:52:48,PTBA,RG,3350,1,D,YU,NI,D
13:52:48,PTBA,RG,3350,500,D,YU,DR,D
13:52:48,PTBA,RG,3350,15,D,YU,SQ,D
13:52:48,PTBA,RG,3350,26,D,YU,LG,D
13:52:48,PTBA,RG,3350,7,D,YU,PD,D
13:52:48,PTBA,RG,3350,52,D,YU,PD,D
13:52:48,PTBA,RG,3350,5,D,YU,PD,D
13:52:48,PTBA,RG,3350,100,D,YU,YB,D
13:52:48,PTBA,RG,3350,18,D,YU,PD,D
13:52:48,PTBA,RG,3350,10,D,YU,YP,D
13:52:48,PTBA,RG,3350,2,D,YU,EP,D
13:52:48,PTBA,RG,3350,5,D,YU,NI,D
13:52:48,PTBA,RG,3350,50,D,YU,OD,D
13:52:48,PTBA,RG,3350,5,D,YU,PD,D
13:52:48,PTBA,RG,3350,831,D,YU,BQ,D
13:52:48,PTBA,RG,3340,1,D,BQ,AK,F
13:52:47,PTBA,RG,3350,169,D,YP,BQ,D
13:52:47,PTBA,RG,3350,100,D,YP,MG,D
13:52:47,PTBA,RG,3350,5,D,YP,YP,D
13:52:47,PTBA,RG,3350,2,D,YP,YP,D
13:52:47,PTBA,RG,3350,2,D,YP,YP,D
13:52:47,PTBA,RG,3350,41,D,YP,CC,D
13:52:47,PTBA,RG,3350,2,D,YP,PD,D
13:52:47,PTBA,RG,3350,20,D,YP,AI,D
13:52:47,PTBA,RG,3350,1,D,YP,XC,D
13:52:47,PTBA,RG,3350,555,D,YP,GR,D
13:52:46,PTBA,RG,3350,10,D,YP,GR,D
13:52:45,PTBA,RG,3340,90,D,BQ,AK,F
13:52:44,PTBA,RG,3350,929,D,CC,GR,D
13:52:44,PTBA,RG,3340,1,D,BQ,AK,F
13:52:44,PTBA,RG,3350,744,D,AH,GR,D
13:52:44,PTBA,RG,3350,10,D,AH,PD,D
13:52:44,PTBA,RG,3350,2,D,AH,AZ,D
13:52:44,PTBA,RG,3350,30,D,AH,GR,D
13:52:44,PTBA,RG,3350,15,D,AH,IF,D
13:52:44,PTBA,RG,3350,1,D,AH,YB,D
13:52:44,PTBA,RG,3350,1198,D,AH,KI,D
13:52:43,PTBA,RG,3350,9,D,PD,KI,D
13:52:40,PTBA,RG,3340,6,D,BQ,AK,F
13:52:40,PTBA,RG,3340,1,D,BQ,KK,D
13:52:39,PTBA,RG,3340,200,D,BQ,CC,D
13:52:39,PTBA,RG,3340,55,D,BQ,AK,F
13:52:38,PTBA,RG,3350,5,D,YB,KI,D
13:52:38,PTBA,RG,3350,1788,D,CC,KI,D
13:52:38,PTBA,RG,3350,10,D,CC,YB,D
13:52:38,PTBA,RG,3350,200,D,CC,KK,D
13:52:38,PTBA,RG,3350,1,D,CC,PD,D
13:52:38,PTBA,RG,3350,1,D,CC,KK,D
13:52:38,PTBA,RG,3350,2000,D,CC,SA,D
13:52:28,PTBA,RG,3340,7,F,AK,AK,F
13:52:28,PTBA,RG,3340,6,F,AK,AK,F
13:52:28,PTBA,RG,3340,7,F,AK,AK,F
13:52:28,PTBA,RG,3340,21,F,AK,AK,F
13:52:28,PTBA,RG,3340,20,F,AK,DH,D
13:52:28,PTBA,RG,3340,7,F,AK,YP,D
13:52:28,PTBA,RG,3340,1,F,AK,AK,F
13:52:28,PTBA,RG,3340,10,F,AK,AK,D
13:52:28,PTBA,RG,3340,100,F,AK,PD,D
13:52:28,PTBA,RG,3340,60,F,AK,YP,D
13:52:28,PTBA,RG,3340,1,F,AK,PD,D
13:52:28,PTBA,RG,3340,1,F,AK,AK,D
13:52:28,PTBA,RG,3340,663,F,AK,RX,F
13:52:28,PTBA,RG,3340,50,F,AK,DR,D
13:52:28,PTBA,RG,3340,50,F,AK,OD,D
13:52:28,PTBA,RG,3340,183,F,AK,BK,F
13:52:28,PTBA,RG,3340,38,F,AK,DX,D
13:52:28,PTBA,RG,3340,20,F,AK,CC,D
13:52:28,PTBA,RG,3340,289,F,AK,AK,F
13:52:28,PTBA,RG,3340,2,F,AK,AK,F
13:52:28,PTBA,RG,3340,1,F,AK,AK,F
13:52:28,PTBA,RG,3340,1701,F,AK,XL,D
13:52:28,PTBA,RG,3340,100,F,AK,PD,D
13:52:28,PTBA,RG,3340,20,F,AK,CC,D
13:52:28,PTBA,RG,3340,25,F,AK,HP,D
13:52:28,PTBA,RG,3340,3,F,AK,YP,D
13:52:28,PTBA,RG,3340,1,F,AK,KK,D
13:52:28,PTBA,RG,3340,35,F,AK,XC,D
13:52:28,PTBA,RG,3340,1,F,AK,XC,D
13:52:28,PTBA,RG,3340,23,F,AK,XL,D
13:52:28,PTBA,RG,3340,1,F,AK,YP,D
13:52:28,PTBA,RG,3340,10,F,AK,CC,D
13:52:28,PTBA,RG,3340,20,F,AK,YP,D
13:52:28,PTBA,RG,3340,6,F,AK,YP,D
13:52:28,PTBA,RG,3340,1,F,AK,PD,D
13:52:28,PTBA,RG,3340,10,F,AK,OD,D
13:52:28,PTBA,RG,3340,10,F,AK,CC,D
13:52:28,PTBA,RG,3340,16,F,AK,YP,D
13:52:28,PTBA,RG,3340,1,F,AK,PD,D
13:52:28,PTBA,RG,3340,1000,F,AK,HD,D
13:52:28,PTBA,RG,3340,1,F,AK,XL,D
13:52:28,PTBA,RG,3340,3,F,AK,YP,D
13:52:28,PTBA,RG,3340,500,F,AK,BQ,D
13:52:28,PTBA,RG,3340,1,F,AK,PD,D
13:52:28,PTBA,RG,3340,30,F,AK,YP,D
13:52:28,PTBA,RG,3340,1,F,AK,PD,D
13:52:28,PTBA,RG,3340,10,F,AK,XC,D
13:52:28,PTBA,RG,3340,1,F,AK,XC,D
13:52:28,PTBA,RG,3340,30,F,AK,NI,D
13:52:28,PTBA,RG,3340,5,F,AK,YP,D
13:52:28,PTBA,RG,3340,1,F,AK,OD,D
13:52:28,PTBA,RG,3340,100,F,AK,DR,D
13:52:28,PTBA,RG,3340,100,F,AK,HD,D
13:52:28,PTBA,RG,3340,1470,F,AK,XA,D
13:52:28,PTBA,RG,3340,365,D,BQ,XA,D
13:52:28,PTBA,RG,3340,20,D,BQ,SQ,D
13:52:28,PTBA,RG,3340,12,D,BQ,XC,D
13:52:28,PTBA,RG,3340,2,D,BQ,NI,D
13:52:28,PTBA,RG,3340,4,D,BQ,AK,F
13:52:28,PTBA,RG,3340,15,D,BQ,YP,D
13:52:28,PTBA,RG,3340,50,D,BQ,PD,D
13:52:28,PTBA,RG,3340,8,D,BQ,KK,D
13:52:28,PTBA,RG,3340,1,D,BQ,YP,D
13:52:28,PTBA,RG,3340,2,D,BQ,CC,D
13:52:28,PTBA,RG,3340,1,D,BQ,PD,D
13:52:28,PTBA,RG,3340,20,D,BQ,KK,D
13:52:28,PTBA,RG,3340,30,D,BQ,KK,D
13:52:28,PTBA,RG,3340,50,D,BQ,KK,D
13:52:28,PTBA,RG,3340,2,D,BQ,NI,D
13:52:28,PTBA,RG,3340,1,D,BQ,PD,D
13:52:28,PTBA,RG,3340,1,D,BQ,PD,D
13:52:28,PTBA,RG,3340,100,D,BQ,DR,D
13:52:28,PTBA,RG,3340,1,D,BQ,PD,D
13:52:28,PTBA,RG,3340,65,D,BQ,YP,D
13:52:28,PTBA,RG,3340,185,D,BQ,YP,D
13:52:28,PTBA,RG,3340,1,D,BQ,YP,D
13:52:28,PTBA,RG,3340,1,D,BQ,YP,D
13:52:28,PTBA,RG,3340,25,D,BQ,YP,D
13:52:28,PTBA,RG,3340,1,D,BQ,PD,D
13:52:28,PTBA,RG,3340,5,D,BQ,YP,D
13:52:28,PTBA,RG,3340,12,D,BQ,YP,D
13:52:28,PTBA,RG,3340,1,D,BQ,CC,D
13:52:28,PTBA,RG,3340,3,D,BQ,GR,D
13:52:28,PTBA,RG,3340,20,D,BQ,GR,D
13:52:28,PTBA,RG,3340,3,D,BQ,PD,D
13:52:28,PTBA,RG,3340,100,D,BQ,KK,D
13:52:28,PTBA,RG,3340,2,D,BQ,XL,D
13:52:28,PTBA,RG,3340,60,D,BQ,PD,D
13:52:28,PTBA,RG,3340,3,D,BQ,YP,D
13:52:28,PTBA,RG,3340,78,D,BQ,XC,D
13:52:28,PTBA,RG,3340,27,D,BQ,XC,D
13:52:28,PTBA,RG,3340,5,D,BQ,PD,D
13:52:28,PTBA,RG,3340,345,D,BQ,YP,D
13:52:28,PTBA,RG,3340,50,D,BQ,SQ,D
13:52:28,PTBA,RG,3340,5,D,BQ,PD,D
13:52:28,PTBA,RG,3340,68,D,BQ,BQ,D
13:52:28,PTBA,RG,3340,432,D,BQ,BQ,D
13:52:28,PTBA,RG,3340,4,D,BQ,OD,D
13:52:28,PTBA,RG,3340,30,D,BQ,YP,D
13:52:28,PTBA,RG,3340,2,D,BQ,AZ,D
13:52:28,PTBA,RG,3340,10,D,BQ,XL,D
13:52:28,PTBA,RG,3340,2,D,BQ,PD,D
13:52:28,PTBA,RG,3340,20,D,BQ,DR,D
13:52:04,PTBA,RG,3330,5,F,ZP,YP,D
13:51:35,PTBA,RG,3330,2,F,ZP,AK,F
13:51:34,PTBA,RG,3330,60,F,ZP,YP,D
13:51:30,PTBA,RG,3330,1,F,ZP,AK,F
13:51:29,PTBA,RG,3340,10,D,XC,GR,D
13:51:15,PTBA,RG,3340,1,D,XC,GR,D
13:51:06,PTBA,RG,3330,1,F,ZP,SH,D
13:50:57,PTBA,RG,3340,1,D,PD,GR,D
13:50:51,PTBA,RG,3330,1,F,ZP,NI,D
13:50:45,PTBA,RG,3330,1,F,ZP,AK,F
13:50:43,PTBA,RG,3340,19,F,BK,GR,D
13:50:43,PTBA,RG,3340,5,F,BK,PD,D
13:50:43,PTBA,RG,3340,1,F,BK,PD,D
13:50:43,PTBA,RG,3340,1,F,BK,YP,D
13:50:43,PTBA,RG,3340,1,F,BK,YB,D
13:50:43,PTBA,RG,3340,1,F,BK,DH,D
13:50:43,PTBA,RG,3340,1,F,BK,PD,D
13:50:42,PTBA,RG,3330,2,F,ZP,YP,D
13:50:41,PTBA,RG,3330,6,F,ZP,AK,F
13:50:40,PTBA,RG,3330,194,F,ZP,AK,F
13:50:39,PTBA,RG,3330,1,F,CS,KK,D
13:50:30,PTBA,RG,3340,1,F,CS,KK,D
13:50:30,PTBA,RG,3320,3,D,RF,AK,F
13:50:29,PTBA,RG,3330,1,F,AK,AK,D
13:50:29,PTBA,RG,3330,1,F,AK,AK,D
13:50:29,PTBA,RG,3330,48,F,AK,AK,F
13:50:29,PTBA,RG,3330,50,F,AK,CC,D
13:50:29,PTBA,RG,3330,28,F,AK,DX,D
13:50:29,PTBA,RG,3330,5,F,AK,XC,D
13:50:29,PTBA,RG,3330,1,F,AK,AK,D
13:50:29,PTBA,RG,3330,21,F,AK,RX,F
13:50:29,PTBA,RG,3330,1,F,AK,CC,D
13:50:29,PTBA,RG,3330,1396,F,AK,EP,D
13:50:29,PTBA,RG,3320,16,D,RF,AK,F
13:50:29,PTBA,RG,3320,4,D,RF,AK,F
13:50:28,PTBA,RG,3330,18,F,CS,EP,D
13:50:28,PTBA,RG,3330,142,F,CS,EP,D
13:50:28,PTBA,RG,3330,344,D,KK,EP,D
13:50:28,PTBA,RG,3330,2,D,KK,AK,D
13:50:28,PTBA,RG,3330,1,D,KK,AK,F
13:50:28,PTBA,RG,3330,3,D,KK,PD,D
13:50:28,PTBA,RG,3330,35,D,KK,YP,D
13:50:28,PTBA,RG,3330,55,D,KK,SQ,D
13:50:28,PTBA,RG,3330,22,D,KK,PD,D
13:50:28,PTBA,RG,3330,4,D,KK,XC,D
13:50:28,PTBA,RG,3330,10,D,KK,DR,D
13:50:28,PTBA,RG,3330,5,D,KK,NI,D
13:50:28,PTBA,RG,3330,10,D,KK,YP,D
13:50:28,PTBA,RG,3330,62,D,KK,AK,D
13:50:28,PTBA,RG,3330,11,D,KK,NI,D
13:50:28,PTBA,RG,3330,2,D,KK,XL,D
13:50:28,PTBA,RG,3330,1,D,KK,PD,D
13:50:28,PTBA,RG,3330,10,D,KK,KK,D
13:50:28,PTBA,RG,3330,80,D,KK,AG,F
13:50:28,PTBA,RG,3330,350,D,KK,PD,D
13:50:28,PTBA,RG,3330,10,D,KK,KK,D
13:50:28,PTBA,RG,3330,21,D,KK,RX,F
13:50:28,PTBA,RG,3330,10,D,KK,PD,D
13:50:28,PTBA,RG,3330,2,D,KK,PD,D
13:50:28,PTBA,RG,3330,15,D,KK,NI,D
13:50:28,PTBA,RG,3330,10,D,KK,YP,D
13:50:28,PTBA,RG,3330,1,D,KK,KK,D
13:50:28,PTBA,RG,3330,1,D,KK,CC,D
13:50:28,PTBA,RG,3330,1,D,KK,PD,D
13:50:28,PTBA,RG,3330,2,D,KK,NI,D
13:50:28,PTBA,RG,3330,6,D,KK,XC,D
13:50:28,PTBA,RG,3330,9,D,KK,NI,D
13:50:28,PTBA,RG,3330,50,D,KK,OD,D
13:50:28,PTBA,RG,3330,1,D,KK,AK,F
13:50:28,PTBA,RG,3330,100,D,KK,GR,D
13:50:28,PTBA,RG,3330,100,D,KK,YB,D
13:50:28,PTBA,RG,3330,28,D,KK,RX,F
13:50:28,PTBA,RG,3330,7,D,KK,AK,F
13:50:28,PTBA,RG,3330,2,D,KK,AK,F
13:50:28,PTBA,RG,3330,9,D,KK,NI,D
13:50:28,PTBA,RG,3330,24,D,KK,RX,F
13:50:28,PTBA,RG,3330,1,D,KK,XC,D
13:50:28,PTBA,RG,3330,3,D,KK,XC,D
13:50:28,PTBA,RG,3330,1,D,KK,AK,D
13:50:28,PTBA,RG,3330,1,D,KK,XC,D
13:50:28,PTBA,RG,3330,56,D,KK,AK,F
13:50:28,PTBA,RG,3330,1,D,KK,AK,D
13:50:28,PTBA,RG,3330,50,D,KK,NI,D
13:50:28,PTBA,RG,3330,40,D,KK,CC,D
13:50:28,PTBA,RG,3330,254,D,KK,RX,F
13:50:28,PTBA,RG,3330,11,D,KK,AK,D
13:50:28,PTBA,RG,3330,7,D,KK,XC,D
13:50:28,PTBA,RG,3330,1,D,KK,XC,D
13:50:28,PTBA,RG,3330,1,D,KK,XC,D
13:50:28,PTBA,RG,3330,3,D,KK,XC,D
13:50:28,PTBA,RG,3330,5,D,KK,YP,D
13:50:28,PTBA,RG,3330,15,D,KK,PD,D
13:50:28,PTBA,RG,3330,30,D,KK,YP,D
13:50:28,PTBA,RG,3330,512,D,KK,AK,F
13:50:28,PTBA,RG,3330,1,D,KK,AK,F
13:50:28,PTBA,RG,3330,10,D,KK,YP,D
13:50:28,PTBA,RG,3330,15,D,KK,YP,D
13:50:28,PTBA,RG,3330,2,D,KK,PD,D
13:50:28,PTBA,RG,3330,1,D,KK,PD,D
13:50:28,PTBA,RG,3330,10,D,KK,PD,D
13:50:28,PTBA,RG,3330,11,D,KK,PD,D
13:50:28,PTBA,RG,3330,2,D,KK,KK,D
13:50:28,PTBA,RG,3330,5,D,KK,DR,D
13:50:28,PTBA,RG,3330,5,D,KK,DR,D
13:50:28,PTBA,RG,3330,10,D,KK,YP,D
13:50:28,PTBA,RG,3330,3,D,KK,PD,D
13:50:28,PTBA,RG,3330,53,D,KK,KK,D
13:50:28,PTBA,RG,3330,10,D,KK,PD,D
13:50:28,PTBA,RG,3330,20,D,KK,PD,D
13:50:28,PTBA,RG,3330,1,D,KK,PD,D
13:50:28,PTBA,RG,3330,100,D,KK,IF,D
13:50:28,PTBA,RG,3330,5,D,KK,GR,D
13:50:28,PTBA,RG,3330,1,D,KK,YB,D
13:50:28,PTBA,RG,3330,30,D,KK,AG,D
13:50:28,PTBA,RG,3330,66,D,KK,EP,D
13:50:28,PTBA,RG,3330,1,D,KK,NI,D
13:50:28,PTBA,RG,3330,1,D,KK,NI,D
13:50:28,PTBA,RG,3330,30,D,KK,NI,D
13:50:28,PTBA,RG,3330,20,D,KK,XC,D
13:50:28,PTBA,RG,3330,10,D,KK,OD,D
13:50:28,PTBA,RG,3330,1,D,KK,DR,D
13:50:28,PTBA,RG,3330,20,D,KK,XC,D
13:50:28,PTBA,RG,3330,1,D,KK,NI,D
13:50:28,PTBA,RG,3330,25,D,KK,YP,D
13:50:28,PTBA,RG,3330,6,D,KK,XA,D
13:50:28,PTBA,RG,3330,10,D,KK,MG,D
13:50:28,PTBA,RG,3330,2,D,KK,XL,D
13:50:28,PTBA,RG,3330,1,D,KK,SQ,D
13:50:28,PTBA,RG,3330,1,D,KK,NI,D
13:50:28,PTBA,RG,3330,150,D,KK,YP,D
13:50:28,PTBA,RG,3330,6,D,KK,DR,D
13:50:28,PTBA,RG,3330,5,D,KK,IP,D
13:50:28,PTBA,RG,3330,1,D,KK,XL,D
13:50:28,PTBA,RG,3330,30,D,KK,PD,D
13:50:28,PTBA,RG,3330,1,D,KK,CC,D
13:50:28,PTBA,RG,3330,50,D,KK,KK,D
13:50:28,PTBA,RG,3330,2,D,KK,AT,D
13:50:28,PTBA,RG,3330,14,D,KK,XC,D
13:50:28,PTBA,RG,3330,200,D,KK,YJ,D
13:50:28,PTBA,RG,3330,5,D,KK,DH,D
13:50:28,PTBA,RG,3330,30,D,KK,XC,D
13:50:28,PTBA,RG,3330,4,D,KK,PD,D
13:50:28,PTBA,RG,3330,221,D,KK,RX,F
13:50:28,PTBA,RG,3330,100,D,KK,OK,D
13:50:28,PTBA,RG,3330,1,D,KK,LG,D
13:50:28,PTBA,RG,3330,1,D,KK,PD,D
13:50:28,PTBA,RG,3330,100,D,KK,YJ,D
13:50:28,PTBA,RG,3330,1,D,KK,NI,D
13:50:28,PTBA,RG,3330,4,D,KK,XA,D
13:50:28,PTBA,RG,3330,1,D,KK,PD,D
13:50:28,PTBA,RG,3330,5,D,KK,XC,D
13:50:28,PTBA,RG,3330,1,D,KK,PD,D
13:50:28,PTBA,RG,3330,2,D,KK,PD,D
13:50:28,PTBA,RG,3330,2,D,KK,PD,D
13:50:28,PTBA,RG,3330,1,D,KK,XC,D
13:50:28,PTBA,RG,3330,4,D,KK,PD,D
13:50:28,PTBA,RG,3330,21,D,KK,DR,D
13:50:28,PTBA,RG,3330,36,D,KK,AK,F
13:50:28,PTBA,RG,3330,103,D,KK,SQ,D
13:50:28,PTBA,RG,3330,11,F,ZP,SQ,D
13:50:24,PTBA,RG,3320,1,D,RF,AK,F
13:50:22,PTBA,RG,3320,28,D,RF,DX,D
13:49:56,PTBA,RG,3320,1,D,RF,AK,F
13:49:55,PTBA,RG,3320,16,D,RF,XL,D
13:49:48,PTBA,RG,3320,12,D,RF,AK,D
13:49:40,PTBA,RG,3320,1,D,RF,YP,D
13:49:28,PTBA,RG,3320,1,D,RF,AK,F
13:49:26,PTBA,RG,3330,26,F,ZP,SQ,D
13:49:14,PTBA,RG,3320,1,D,RF,AK,F
13:49:13,PTBA,RG,3330,55,D,DH,SQ,D
13:48:45,PTBA,RG,3320,1,D,RF,AK,F
13:48:45,PTBA,RG,3320,3,D,RF,AK,D
13:48:23,PTBA,RG,3320,10,D,RF,NI,D
13:47:44,PTBA,RG,3320,1,D,RF,AK,F
13:47:44,PTBA,RG,3320,14,D,RF,AK,D
13:47:43,PTBA,RG,3320,11,D,RF,DX,D
13:47:16,PTBA,RG,3330,23,F,ZP,SQ,D
13:47:06,PTBA,RG,3330,4,D,EP,SQ,D
13:47:00,PTBA,RG,3320,1,D,RF,AK,F
13:47:00,PTBA,RG,3320,6,D,RF,AK,D
13:46:45,PTBA,RG,3320,2,D,RF,PD,D
13:46:33,PTBA,RG,3320,14,D,RF,YP,D
13:46:25,PTBA,RG,3320,1,D,RF,NI,D
13:46:00,PTBA,RG,3320,1,D,RF,AK,F
13:45:29,PTBA,RG,3320,1,D,RF,AK,F
13:45:28,PTBA,RG,3330,20,F,ZP,SQ,D
13:45:25,PTBA,RG,3320,2,D,RF,NI,D
13:45:08,PTBA,RG,3330,8,F,BK,SQ,D
13:45:07,PTBA,RG,3320,1,D,RF,XC,D
13:45:04,PTBA,RG,3320,1,D,RF,AK,F
13:45:03,PTBA,RG,3320,18,D,RF,AK,D
13:45:00,PTBA,RG,3330,14,D,AK,SQ,D
13:44:51,PTBA,RG,3320,1,D,RF,AK,D
13:44:34,PTBA,RG,3330,10,D,PD,SQ,D
13:44:01,PTBA,RG,3320,1,D,RF,AK,F
13:44:00,PTBA,RG,3320,1,D,RF,AK,D
13:43:52,PTBA,RG,3320,30,D,RF,YP,D
13:43:39,PTBA,RG,3320,1,D,RF,AK,F
13:43:38,PTBA,RG,3330,29,F,ZP,SQ,D
13:43:38,PTBA,RG,3320,1,D,RF,AK,F
13:43:37,PTBA,RG,3320,16,D,RF,XL,D
13:43:30,PTBA,RG,3330,2,D,AK,SQ,D
13:42:57,PTBA,RG,3330,1,D,PD,SQ,D
13:42:48,PTBA,RG,3320,1,D,RF,SQ,D
13:42:30,PTBA,RG,3320,11,D,RF,AK,D
13:42:22,PTBA,RG,3320,2,D,RF,XL,D
13:42:15,PTBA,RG,3320,1,D,RF,AK,D
13:41:58,PTBA,RG,3320,1,D,RF,AK,F
13:41:56,PTBA,RG,3330,28,F,ZP,SQ,D
13:41:54,PTBA,RG,3320,1,D,RF,PD,D
13:41:48,PTBA,RG,3320,1,D,RF,PD,D
13:41:26,PTBA,RG,3320,1,D,RF,AK,F
13:41:25,PTBA,RG,3320,28,D,RF,XL,D
13:41:02,PTBA,RG,3320,2,D,RF,XL,D
13:40:58,PTBA,RG,3320,1,D,RF,XC,D
13:40:22,PTBA,RG,3320,1,D,RF,AK,F
13:40:20,PTBA,RG,3330,36,F,ZP,SQ,D
13:40:16,PTBA,RG,3330,3,D,YP,SQ,D
13:39:34,PTBA,RG,3320,2,D,RF,AK,F
13:39:32,PTBA,RG,3320,38,D,RF,AK,F
13:39:12,PTBA,RG,3320,20,D,RF,SQ,D
13:38:57,PTBA,RG,3320,2,D,RF,KI,D
13:38:44,PTBA,RG,3320,1,D,RF,AK,F
13:38:42,PTBA,RG,3330,5,D,XL,SQ,D
13:38:29,PTBA,RG,3320,14,D,RF,AK,F
13:38:29,PTBA,RG,3320,1,D,KK,AK,F
13:38:29,PTBA,RG,3320,4,D,PD,AK,F
13:38:28,PTBA,RG,3330,1000,D,RF,SQ,D
13:38:20,PTBA,RG,3330,1,D,YP,SQ,D
13:37:16,PTBA,RG,3330,23,F,ZP,SQ,D
13:37:06,PTBA,RG,3320,20,D,PD,XC,D
13:36:41,PTBA,RG,3320,1,D,PD,XL,D
13:36:41,PTBA,RG,3320,1,F,CS,XL,D
13:36:35,PTBA,RG,3320,1,F,CS,NI,D
13:36:34,PTBA,RG,3320,1,F,CS,PD,D
13:35:24,PTBA,RG,3320,2,F,CS,XC,D
13:35:21,PTBA,RG,3330,18,F,ZP,SQ,D
13:35:01,PTBA,RG,3320,30,F,CS,HP,D
13:35:01,PTBA,RG,3320,4,F,CS,HP,D
13:35:01,PTBA,RG,3320,1,D,NI,HP,D
13:35:01,PTBA,RG,3320,9,D,XC,HP,D
13:34:52,PTBA,RG,3320,11,D,XC,YP,D
13:34:52,PTBA,RG,3320,2,D,XL,YP,D
13:34:32,PTBA,RG,3330,55,D,NI,SQ,D
13:34:27,PTBA,RG,3330,38,F,ZP,SQ,D
13:33:36,PTBA,RG,3320,3,D,XL,XC,D
13:33:36,PTBA,RG,3320,7,F,CS,XC,D
13:33:08,PTBA,RG,3330,5,D,YP,SQ,D
13:32:37,PTBA,RG,3330,2,D,CC,SQ,D
13:32:27,PTBA,RG,3330,55,F,ZP,SQ,D
13:32:02,PTBA,RG,3330,1,D,NI,SQ,D
13:31:47,PTBA,RG,3330,1,D,XA,SQ,D
13:30:58,PTBA,RG,3330,423,D,OD,SQ,D
13:30:58,PTBA,RG,3330,5,D,OD,GR,D
13:30:58,PTBA,RG,3330,7,D,OD,LG,D
13:30:54,PTBA,RG,3330,5,D,NI,LG,D
13:30:32,PTBA,RG,3330,1,D,XL,LG,D
13:30:30,PTBA,RG,3320,41,F,CS,AK,F
13:30:30,PTBA,RG,3320,7,F,CS,AK,F
13:30:30,PTBA,RG,3320,10,D,IF,AK,F
13:30:30,PTBA,RG,3320,30,F,BK,AK,F
13:30:30,PTBA,RG,3320,437,D,CC,AK,F
13:30:25,PTBA,RG,3330,22,F,ZP,LG,D
13:30:22,PTBA,RG,3330,18,D,OD,LG,D
13:30:17,PTBA,RG,3330,50,D,XC,LG,D
13:30:17,PTBA,RG,3320,2,D,CC,XC,D
13:30:17,PTBA,RG,3330,3,D,XC,LG,D
13:30:17,PTBA,RG,3320,1,D,CC,XC,D
13:30:17,PTBA,RG,3320,240,D,CC,XC,D
13:30:12,PTBA,RG,3330,31,D,NI,LG,D
13:30:12,PTBA,RG,3320,24,D,CC,NI,D
13:30:10,PTBA,RG,3330,1,D,XL,LG,D
13:30:09,PTBA,RG,3330,50,F,KK,LG,D
13:30:08,PTBA,RG,3330,3,D,XL,LG,D
13:30:08,PTBA,RG,3320,1,D,CC,XL,D
13:30:08,PTBA,RG,3330,3,D,CC,LG,D
13:30:06,PTBA,RG,3330,5,D,YP,LG,D
13:30:06,PTBA,RG,3330,5,D,CC,LG,D
13:30:06,PTBA,RG,3320,1,D,CC,AK,D
13:30:06,PTBA,RG,3330,2,D,XC,LG,D
13:30:06,PTBA,RG,3330,6,D,AK,LG,D
13:30:06,PTBA,RG,3320,3,D,CC,AK,D
13:30:05,PTBA,RG,3330,1,D,PD,LG,D
13:30:05,PTBA,RG,3330,5,D,PD,LG,D
13:30:05,PTBA,RG,3330,10,D,PD,LG,D
13:30:05,PTBA,RG,3320,1,D,CC,PD,D
13:30:05,PTBA,RG,3330,50,D,CC,LG,D
13:30:05,PTBA,RG,3330,22,D,PD,LG,D
13:30:05,PTBA,RG,3330,2,D,PD,NI,D
13:30:05,PTBA,RG,3330,1,D,PD,PD,D
13:30:05,PTBA,RG,3330,1,D,PD,XC,D
13:30:05,PTBA,RG,3330,1,D,PD,XC,D
13:30:05,PTBA,RG,3330,7,D,PD,CC,D
13:30:04,PTBA,RG,3320,1,D,CC,AK,F
13:30:04,PTBA,RG,3320,100,D,CC,PD,D
13:30:03,PTBA,RG,3330,3,D,YP,CC,D
13:30:03,PTBA,RG,3330,3,D,YP,XC,D
13:30:03,PTBA,RG,3330,1,D,YP,PD,D
13:30:03,PTBA,RG,3330,8,D,YP,EP,D
13:30:03,PTBA,RG,3320,2,D,CC,PD,D
13:30:03,PTBA,RG,3330,7,D,GR,EP,D
13:30:03,PTBA,RG,3320,1,D,CC,PD,D
13:30:03,PTBA,RG,3320,26,D,CC,AK,D
13:30:03,PTBA,RG,3330,2,D,PD,EP,D
13:30:03,PTBA,RG,3330,8,D,YP,EP,D
13:30:03,PTBA,RG,3320,1,D,CC,PD,D
13:30:02,PTBA,RG,3330,2,D,KK,EP,D
13:30:02,PTBA,RG,3330,4,D,KK,EP,D
13:30:02,PTBA,RG,3320,5,D,CC,PD,D
13:30:02,PTBA,RG,3330,1,D,PD,EP,D
13:30:02,PTBA,RG,3330,1,F,ZP,EP,D
13:30:01,PTBA,RG,3320,34,D,CC,PD,D
13:30:01,PTBA,RG,3330,3,D,DH,EP,D
13:30:01,PTBA,RG,3330,1,D,KK,EP,D
13:30:01,PTBA,RG,3320,30,D,CC,PD,D
13:30:01,PTBA,RG,3330,1,D,KK,EP,D
13:30:01,PTBA,RG,3320,90,D,CC,EP,D
13:30:01,PTBA,RG,3320,1,D,PD,EP,D
13:30:01,PTBA,RG,3320,8,F,CS,EP,D
13:30:01,PTBA,RG,3320,41,F,CS,EP,D
13:30:01,PTBA,RG,3320,3,D,PD,EP,D
13:30:01,PTBA,RG,3320,50,D,KK,EP,D
13:30:01,PTBA,RG,3320,32,D,GR,EP,D
13:30:01,PTBA,RG,3330,1,D,PD,EP,D
13:30:01,PTBA,RG,3330,12,D,PD,EP,D
13:30:01,PTBA,RG,3330,10,D,TP,EP,D
13:30:01,PTBA,RG,3320,12,D,GR,KK,F
11:29:59,PTBA,RG,3330,2,D,KI,EP,D
11:29:58,PTBA,RG,3320,1,D,GR,AK,D
11:29:57,PTBA,RG,3330,1,F,ZP,EP,D
11:29:55,PTBA,RG,3320,1,D,GR,AK,D
11:29:55,PTBA,RG,3320,1,D,GR,AK,D
11:29:51,PTBA,RG,3330,3,F,ZP,EP,D
11:29:41,PTBA,RG,3330,2,F,ZP,EP,D
11:29:40,PTBA,RG,3320,1,D,GR,AK,D
11:29:39,PTBA,RG,3330,1,D,PD,EP,D
11:29:39,PTBA,RG,3330,14,D,PD,NI,D
11:29:32,PTBA,RG,3330,49,D,GR,NI,D
11:29:32,PTBA,RG,3330,1,D,GR,XC,D
11:29:32,PTBA,RG,3330,42,D,GR,LG,D
11:29:32,PTBA,RG,3330,23,D,GR,AK,F
11:29:32,PTBA,RG,3330,1,D,GR,PD,D
11:29:32,PTBA,RG,3330,100,D,GR,DR,D
11:29:32,PTBA,RG,3330,102,D,GR,DH,D
11:29:29,PTBA,RG,3330,1,D,AK,DH,D
11:29:29,PTBA,RG,3320,1,D,GR,AK,F
11:29:27,PTBA,RG,3330,10,F,ZP,DH,D
11:29:20,PTBA,RG,3320,1,D,GR,XL,D
11:29:06,PTBA,RG,3330,12,F,ZP,DH,D
11:29:06,PTBA,RG,3330,1,F,ZP,DH,D
11:28:59,PTBA,RG,3330,1,D,AK,DH,D
11:28:44,PTBA,RG,3320,1,D,GR,AK,D
11:28:41,PTBA,RG,3320,12,D,GR,AK,D
11:28:40,PTBA,RG,3320,2,D,GR,AK,D
11:28:40,PTBA,RG,3320,1,D,GR,AK,D
11:28:24,PTBA,RG,3330,28,F,ZP,DH,D
11:28:22,PTBA,RG,3330,6,F,ZP,DH,D
11:28:11,PTBA,RG,3330,2,D,PD,DH,D
11:28:03,PTBA,RG,3330,27,F,BK,DH,D
11:27:45,PTBA,RG,3330,1,D,YP,DH,D
11:27:42,PTBA,RG,3320,1,D,GR,AK,D
11:27:40,PTBA,RG,3320,11,D,GR,AK,D
11:27:15,PTBA,RG,3330,109,D,YP,DH,D
11:27:15,PTBA,RG,3330,7,D,YP,PD,D
11:27:15,PTBA,RG,3330,31,D,YP,YP,D
11:27:15,PTBA,RG,3330,15,D,YP,PD,D
11:27:15,PTBA,RG,3330,2,D,YP,CC,D
11:27:15,PTBA,RG,3330,50,D,YP,PD,D
11:27:15,PTBA,RG,3330,1,D,YP,NI,D
11:27:15,PTBA,RG,3330,16,D,YP,AK,F
11:27:15,PTBA,RG,3330,65,D,YP,AK,F
11:27:15,PTBA,RG,3330,4,D,YP,KI,D
11:27:11,PTBA,RG,3320,1,D,GR,PD,D
11:27:09,PTBA,RG,3320,10,D,GR,NI,D
11:27:03,PTBA,RG,3330,1,D,KK,KI,D
11:26:59,PTBA,RG,3320,1,D,GR,AK,D
11:26:47,PTBA,RG,3320,1,D,GR,AK,F
11:26:46,PTBA,RG,3320,9,D,GR,AK,D
11:26:44,PTBA,RG,3320,1,D,GR,AK,D
11:25:54,PTBA,RG,3320,10,D,GR,NI,D
11:25:46,PTBA,RG,3320,1,D,GR,PD,D
11:25:44,PTBA,RG,3330,8,D,AK,KI,D
11:25:26,PTBA,RG,3320,1,D,GR,AK,F
11:25:25,PTBA,RG,3330,24,F,ZP,KI,D
11:25:14,PTBA,RG,3320,1,D,GR,AK,D
11:25:13,PTBA,RG,3330,6,F,ZP,KI,D
11:24:59,PTBA,RG,3330,2,D,AK,KI,D
11:24:23,PTBA,RG,3330,1,D,AK,KI,D
11:24:23,PTBA,RG,3320,1,D,GR,AK,F
11:24:22,PTBA,RG,3320,10,D,GR,YP,D
11:24:15,PTBA,RG,3330,1,D,GR,KI,D
11:24:07,PTBA,RG,3330,13,F,ZP,KI,D
11:23:58,PTBA,RG,3330,1,D,PD,KI,D
11:23:45,PTBA,RG,3320,2,D,GR,XC,D
11:23:44,PTBA,RG,3320,3,D,GR,XA,D
11:23:30,PTBA,RG,3320,1,D,GR,AK,F
11:23:29,PTBA,RG,3320,4,D,GR,EP,D
11:23:29,PTBA,RG,3320,10,D,GR,AZ,D
11:22:27,PTBA,RG,3330,10,D,OD,KI,D
11:22:20,PTBA,RG,3320,1,D,GR,AK,F
11:22:20,PTBA,RG,3330,5,D,AK,KI,D
11:22:19,PTBA,RG,3330,13,F,ZP,KI,D
11:22:14,PTBA,RG,3320,2,D,GR,AK,D
11:22:00,PTBA,RG,3320,1,D,GR,AK,F
11:21:56,PTBA,RG,3320,5,D,GR,AK,D
11:21:56,PTBA,RG,3320,2,D,GR,AK,F
11:21:55,PTBA,RG,3320,56,D,GR,AK,D
11:21:42,PTBA,RG,3330,1,D,YP,KI,D
11:21:23,PTBA,RG,3320,1,D,GR,AK,F
11:21:22,PTBA,RG,3330,29,F,BK,KI,D
11:21:16,PTBA,RG,3320,9,D,GR,AK,F
11:21:15,PTBA,RG,3330,300,D,YP,KI,D
11:21:00,PTBA,RG,3320,5,D,GR,YP,D
11:20:47,PTBA,RG,3320,10,D,GR,AZ,D
11:20:37,PTBA,RG,3320,1,D,GR,AK,F
11:20:35,PTBA,RG,3320,20,D,GR,NI,D
11:20:19,PTBA,RG,3330,7,F,ZP,KI,D
11:20:14,PTBA,RG,3320,10,D,GR,AZ,D
11:20:13,PTBA,RG,3320,1,D,GR,AK,F
11:20:11,PTBA,RG,3330,9,F,ZP,KI,D
11:20:03,PTBA,RG,3330,2,D,CP,KI,D
11:19:41,PTBA,RG,3320,6,D,GR,NI,D
11:19:31,PTBA,RG,3320,3,D,GR,AK,F
11:19:30,PTBA,RG,3330,100,D,CC,KI,D
11:18:46,PTBA,RG,3320,5,D,GR,NI,D
11:18:33,PTBA,RG,3330,2,D,XL,KI,D
11:18:29,PTBA,RG,3330,2,D,YP,KI,D
11:18:19,PTBA,RG,3320,1,D,GR,AK,F
11:18:18,PTBA,RG,3320,21,D,GR,EP,D
11:18:03,PTBA,RG,3320,10,D,GR,BS,D
11:18:00,PTBA,RG,3320,1,D,GR,AK,F
11:17:50,PTBA,RG,3320,1,D,GR,AK,F
11:17:48,PTBA,RG,3320,10,D,GR,AZ,D
11:17:12,PTBA,RG,3320,8,D,GR,AK,F
11:17:12,PTBA,RG,3320,22,D,GR,AK,F
11:17:11,PTBA,RG,3320,7,D,GR,AK,F
11:17:11,PTBA,RG,3320,671,D,GR,IU,D
11:17:11,PTBA,RG,3320,29,D,RF,IU,D
11:17:10,PTBA,RG,3330,234,D,YU,KI,D
11:17:05,PTBA,RG,3320,10,D,RF,AZ,D
11:16:40,PTBA,RG,3320,11,D,RF,AK,F
11:16:38,PTBA,RG,3320,350,D,RF,YP,D
11:15:31,PTBA,RG,3320,1,D,RF,PD,D
11:15:25,PTBA,RG,3330,4,F,ZP,KI,D
11:14:59,PTBA,RG,3320,2,D,RF,AT,D
11:14:53,PTBA,RG,3320,1,D,RF,AK,F
11:14:52,PTBA,RG,3330,15,F,ZP,KI,D
11:14:33,PTBA,RG,3320,10,D,RF,DH,D
11:14:31,PTBA,RG,3320,6,D,RF,AK,F
11:14:30,PTBA,RG,3320,80,D,RF,GR,D
11:14:30,PTBA,RG,3320,16,D,YP,GR,D
11:14:30,PTBA,RG,3320,2,D,AK,GR,D
11:14:30,PTBA,RG,3320,2,D,AK,GR,D
11:14:30,PTBA,RG,3320,7,F,BK,GR,D
11:14:30,PTBA,RG,3320,11,F,CS,GR,D
11:14:30,PTBA,RG,3320,82,D,RF,GR,D
11:14:17,PTBA,RG,3320,1,D,RF,AK,F
11:14:16,PTBA,RG,3320,15,D,RF,GR,D
11:14:09,PTBA,RG,3320,1,D,RF,YP,D
11:14:08,PTBA,RG,3320,15,D,RF,XL,D
11:13:40,PTBA,RG,3320,3,D,RF,PD,D
11:12:53,PTBA,RG,3320,1,D,RF,AK,F
11:12:52,PTBA,RG,3330,20,F,ZP,KI,D
11:12:23,PTBA,RG,3330,10,D,OD,KI,D
11:11:36,PTBA,RG,3320,4,D,RF,AK,F
11:11:35,PTBA,RG,3320,25,D,RF,NI,D
11:11:35,PTBA,RG,3330,100,D,YP,KI,D
11:11:07,PTBA,RG,3320,3,D,RF,XC,D
11:10:29,PTBA,RG,3320,4,D,RF,LG,D
11:10:25,PTBA,RG,3320,1,D,RF,AK,F
11:10:24,PTBA,RG,3330,13,F,ZP,KI,D
11:09:32,PTBA,RG,3320,10,D,RF,PD,D
11:09:19,PTBA,RG,3320,3,D,RF,NI,D
11:08:38,PTBA,RG,3330,1,D,PD,KI,D
11:08:10,PTBA,RG,3320,10,D,RF,AK,F
11:08:08,PTBA,RG,3320,5,D,RF,YU,D
11:08:08,PTBA,RG,3320,62,D,RF,AK,D
11:08:08,PTBA,RG,3320,5,D,RF,AK,D
11:08:08,PTBA,RG,3320,3,D,RF,AK,D
11:08:08,PTBA,RG,3320,197,D,RF,AK,F
11:08:08,PTBA,RG,3320,5,D,RF,KK,D
11:08:08,PTBA,RG,3320,30,D,RF,CC,D
11:08:08,PTBA,RG,3320,15,D,RF,YP,D
11:07:51,PTBA,RG,3320,1,D,XL,YP,D
11:07:49,PTBA,RG,3310,47,D,CC,AK,F
11:07:49,PTBA,RG,3320,4,D,GR,YP,D
11:07:49,PTBA,RG,3320,50,D,GR,AZ,D
11:07:49,PTBA,RG,3320,1,D,GR,AK,F
11:07:49,PTBA,RG,3320,1,D,GR,AK,F
11:07:49,PTBA,RG,3320,1,D,GR,AK,D
11:07:49,PTBA,RG,3320,1,D,GR,AK,D
11:07:49,PTBA,RG,3320,100,D,GR,IF,D
11:07:49,PTBA,RG,3320,1,D,GR,AK,D
11:07:49,PTBA,RG,3320,1,D,GR,AK,D
11:07:49,PTBA,RG,3320,14,D,GR,AK,D
11:07:49,PTBA,RG,3320,11,D,GR,AK,D
11:07:49,PTBA,RG,3320,399,D,GR,RX,F
11:07:49,PTBA,RG,3320,1,D,GR,PD,D
11:07:49,PTBA,RG,3320,48,D,GR,AK,F
11:07:49,PTBA,RG,3320,933,D,GR,XA,D
11:07:17,PTBA,RG,3320,1,D,AI,XA,D
11:06:58,PTBA,RG,3310,1,D,CC,AK,F
11:06:56,PTBA,RG,3320,5,D,CC,XA,D
11:06:38,PTBA,RG,3320,5,D,YP,XA,D
11:06:31,PTBA,RG,3320,1,D,CC,XA,D
11:06:21,PTBA,RG,3310,2,D,CC,AK,F
11:06:19,PTBA,RG,3310,68,D,CC,RX,F
11:06:16,PTBA,RG,3310,4,D,CC,PD,D
11:06:16,PTBA,RG,3310,33,D,CC,AK,F
11:06:15,PTBA,RG,3320,7,F,CS,XA,D
11:06:15,PTBA,RG,3320,4,F,CS,XA,D
11:06:15,PTBA,RG,3320,500,D,CC,XA,D
11:06:15,PTBA,RG,3320,2,D,AK,XA,D
11:06:15,PTBA,RG,3320,24,D,PD,XA,D
11:06:15,PTBA,RG,3320,15,D,YB,XA,D
11:06:15,PTBA,RG,3320,54,F,CS,XA,D
11:06:15,PTBA,RG,3320,15,D,NI,XA,D
11:06:15,PTBA,RG,3320,3,D,AK,XA,D
11:06:15,PTBA,RG,3320,5,F,CS,XA,D
11:06:15,PTBA,RG,3320,30,F,BK,XA,D
11:06:15,PTBA,RG,3320,1,D,SQ,XA,D
11:06:15,PTBA,RG,3320,395,D,YB,XA,D
11:06:05,PTBA,RG,3320,25,D,YB,NI,D
11:05:38,PTBA,RG,3320,2,D,YB,PD,D
11:05:00,PTBA,RG,3320,1,D,YB,PD,D
11:05:00,PTBA,RG,3320,1,D,YB,AK,F
11:04:59,PTBA,RG,3320,7,D,YB,XC,D
11:04:42,PTBA,RG,3320,4,D,YB,AG,D
11:04:18,PTBA,RG,3320,1,D,YB,AK,F
11:04:17,PTBA,RG,3320,25,D,YB,AZ,D
11:04:03,PTBA,RG,3320,1,D,YB,AK,F
11:04:03,PTBA,RG,3320,31,D,YB,AK,F
11:04:02,PTBA,RG,3320,61,D,YB,AK,F
11:04:01,PTBA,RG,3320,446,D,YB,YP,D
11:04:01,PTBA,RG,3320,1,D,PD,YP,D
11:04:01,PTBA,RG,3320,500,D,RF,YP,D
11:04:01,PTBA,RG,3320,1,D,SQ,YP,D
11:04:01,PTBA,RG,3320,2,D,AK,YP,D
11:04:01,PTBA,RG,3320,20,D,LG,YP,D
11:04:01,PTBA,RG,3320,30,D,CC,YP,D
11:03:33,PTBA,RG,3320,1,F,CS,PD,D
11:02:13,PTBA,RG,3320,1,F,CS,AK,F
11:02:12,PTBA,RG,3320,1,F,CS,AK,F
11:02:11,PTBA,RG,3330,4,D,PD,KI,D
11:01:41,PTBA,RG,3320,1,F,CS,AK,F
11:01:41,PTBA,RG,3320,2,F,CS,AK,F
11:01:40,PTBA,RG,3320,25,F,CS,KK,D
11:01:40,PTBA,RG,3320,4,F,CS,DR,D
11:01:40,PTBA,RG,3320,5,F,CS,DR,D
11:01:26,PTBA,RG,3320,5,D,LG,SQ,D
11:01:00,PTBA,RG,3320,5,D,LG,BQ,D
11:00:40,PTBA,RG,3320,15,D,LG,PD,D
11:00:38,PTBA,RG,3320,1,D,LG,AK,F
11:00:37,PTBA,RG,3320,5,D,LG,YP,D
11:00:37,PTBA,RG,3320,5,D,LG,AZ,D
11:00:25,PTBA,RG,3320,23,D,LG,AK,F
11:00:24,PTBA,RG,3320,10,D,LG,GR,D
11:00:24,PTBA,RG,3320,74,D,DX,GR,D
11:00:24,PTBA,RG,3320,6,D,YP,GR,D
11:00:24,PTBA,RG,3320,2,D,AK,GR,D
11:00:24,PTBA,RG,3320,2,F,CS,GR,D
11:00:24,PTBA,RG,3320,5,F,CS,GR,D
11:00:24,PTBA,RG,3320,8,F,CS,GR,D
11:00:24,PTBA,RG,3320,4,D,CC,GR,D
11:00:24,PTBA,RG,3320,500,D,CC,GR,D
11:00:24,PTBA,RG,3320,5,D,BQ,GR,D
11:00:24,PTBA,RG,3320,4,D,AK,GR,D
11:00:24,PTBA,RG,3320,28,F,CS,GR,D
11:00:24,PTBA,RG,3320,5,F,CS,GR,D
11:00:24,PTBA,RG,3320,1,F,CS,GR,D
11:00:24,PTBA,RG,3320,91,D,NI,GR,D
11:00:16,PTBA,RG,3320,4,D,NI,PD,D
11:00:11,PTBA,RG,3320,3,D,NI,NI,D
11:00:05,PTBA,RG,3320,4,D,NI,OD,D
10:59:58,PTBA,RG,3320,10,D,NI,XC,D
10:59:51,PTBA,RG,3320,1,D,NI,AK,F
10:59:50,PTBA,RG,3320,10,D,NI,AZ,D
10:59:43,PTBA,RG,3320,31,D,NI,AK,F
10:59:42,PTBA,RG,3320,208,D,NI,CD,D
10:59:42,PTBA,RG,3320,15,D,KK,CD,D
10:59:42,PTBA,RG,3320,1,D,SQ,CD,D
10:59:42,PTBA,RG,3320,20,F,CS,CD,D
10:59:42,PTBA,RG,3320,22,F,CS,CD,D
10:59:42,PTBA,RG,3320,5,F,CS,CD,D
10:59:42,PTBA,RG,3320,1,F,CS,CD,D
10:59:42,PTBA,RG,3320,5,F,CS,CD,D
10:59:42,PTBA,RG,3320,3,F,CS,CD,D
10:59:42,PTBA,RG,3320,720,D,CC,CD,D
10:59:23,PTBA,RG,3320,1,D,CC,AK,F
10:59:22,PTBA,RG,3320,50,D,CC,CC,D
10:59:21,PTBA,RG,3320,1,D,CC,KK,D
10:59:06,PTBA,RG,3320,1,D,CC,PD,D
10:59:02,PTBA,RG,3320,1,D,CC,PD,D
10:58:37,PTBA,RG,3320,4,D,CC,AK,F
10:58:36,PTBA,RG,3320,118,D,CC,YP,D
10:58:25,PTBA,RG,3330,1,D,PD,KI,D
10:58:14,PTBA,RG,3330,4,D,PD,KI,D
10:58:01,PTBA,RG,3320,1,D,CC,XC,D
10:57:52,PTBA,RG,3330,5,D,BQ,KI,D
10:57:48,PTBA,RG,3320,62,D,CC,AK,F
10:57:47,PTBA,RG,3320,41,D,CC,SQ,D
10:57:47,PTBA,RG,3320,24,F,CS,SQ,D
10:57:47,PTBA,RG,3320,3,F,CS,SQ,D
10:57:47,PTBA,RG,3320,1,D,PD,SQ,D
10:57:47,PTBA,RG,3320,5,D,NI,SQ,D
10:57:47,PTBA,RG,3320,3,D,PD,SQ,D
10:57:47,PTBA,RG,3320,200,D,LG,SQ,D
10:57:47,PTBA,RG,3320,14,F,CS,SQ,D
10:57:47,PTBA,RG,3320,3,F,CS,SQ,D
10:57:47,PTBA,RG,3320,31,F,CS,SQ,D
10:57:47,PTBA,RG,3320,3,F,CS,SQ,D
10:57:47,PTBA,RG,3320,1000,D,RF,SQ,D
10:57:47,PTBA,RG,3320,10,D,YP,SQ,D
10:57:47,PTBA,RG,3320,478,F,BK,SQ,D
10:57:47,PTBA,RG,3320,30,F,BK,SQ,D
10:57:47,PTBA,RG,3320,1,F,CS,SQ,D
10:57:47,PTBA,RG,3320,52,F,CS,SQ,D
10:57:47,PTBA,RG,3320,2,D,AK,SQ,D
10:57:47,PTBA,RG,3320,2,D,AK,SQ,D
10:57:47,PTBA,RG,3320,3,F,CS,SQ,D
10:57:47,PTBA,RG,3320,3,F,CS,SQ,D
10:57:47,PTBA,RG,3320,91,D,AI,SQ,D
10:57:39,PTBA,RG,3320,5,D,AI,YP,D
10:57:34,PTBA,RG,3330,5,D,YP,KI,D
10:57:21,PTBA,RG,3320,1,D,AI,AK,F
10:57:20,PTBA,RG,3320,15,D,AI,NI,D
10:57:15,PTBA,RG,3320,5,D,AI,XC,D
10:57:14,PTBA,RG,3320,1,D,AI,PD,D
10:56:59,PTBA,RG,3320,5,D,AI,YP,D
10:56:58,PTBA,RG,3320,1,D,AI,AK,F
10:56:57,PTBA,RG,3320,37,D,AI,XL,D
10:56:42,PTBA,RG,3320,31,D,AI,AK,F
10:56:41,PTBA,RG,3330,43,D,RF,KI,D
10:56:41,PTBA,RG,3330,957,D,RF,KI,D
10:56:22,PTBA,RG,3320,1,D,AI,SQ,D
10:56:01,PTBA,RG,3320,2,D,AI,CC,D
10:55:41,PTBA,RG,3320,1,D,AI,AK,F
10:55:40,PTBA,RG,3320,28,D,AI,KK,D
10:55:40,PTBA,RG,3320,1,D,AI,AK,F
10:55:39,PTBA,RG,3320,10,D,AI,IF,D
10:55:37,PTBA,RG,3320,2,D,AI,PD,D
10:55:12,PTBA,RG,3320,2,D,AI,PD,D
10:55:04,PTBA,RG,3320,2,D,AI,PD,D
10:54:44,PTBA,RG,3330,17,D,AK,KI,D
10:53:30,PTBA,RG,3320,12,D,AI,AK,F
10:53:29,PTBA,RG,3320,25,D,AI,AK,D
10:53:29,PTBA,RG,3320,3,D,AI,AK,D
10:53:29,PTBA,RG,3320,1,D,AI,AK,D
10:53:29,PTBA,RG,3320,118,D,AI,AK,F
10:53:28,PTBA,RG,3320,64,F,ZP,AK,F
10:53:28,PTBA,RG,3320,159,F,ZP,AK,F
10:53:28,PTBA,RG,3320,4,F,ZP,YB,D
10:53:26,PTBA,RG,3320,11,D,RF,YB,D
10:53:26,PTBA,RG,3320,10,D,RF,AK,F
10:53:26,PTBA,RG,3320,4,D,RF,PD,D
10:53:26,PTBA,RG,3320,47,D,RF,CC,D
10:53:26,PTBA,RG,3320,1,D,RF,PD,D
10:53:26,PTBA,RG,3320,10,D,RF,DR,D
10:53:26,PTBA,RG,3320,1,D,RF,PD,D
10:53:26,PTBA,RG,3320,6,D,RF,AK,F
10:53:26,PTBA,RG,3320,1,D,RF,AK,F
10:53:26,PTBA,RG,3320,23,D,RF,RX,F
10:53:26,PTBA,RG,3320,50,D,RF,AZ,D
10:53:26,PTBA,RG,3320,1,D,RF,PD,D
10:53:26,PTBA,RG,3320,88,D,RF,XC,D
10:53:26,PTBA,RG,3320,28,D,RF,XC,D
10:53:26,PTBA,RG,3320,100,D,RF,YP,D
10:53:26,PTBA,RG,3320,23,D,RF,RX,F
10:53:26,PTBA,RG,3320,1,D,RF,PD,D
10:53:26,PTBA,RG,3320,117,D,RF,KK,D
10:53:26,PTBA,RG,3320,20,D,RF,AZ,D
10:53:26,PTBA,RG,3320,20,D,RF,XC,D
10:53:26,PTBA,RG,3320,50,D,RF,OD,D
10:53:26,PTBA,RG,3320,20,D,RF,AZ,D
10:53:26,PTBA,RG,3320,20,D,RF,YP,D
10:53:26,PTBA,RG,3320,5,D,RF,XL,D
10:53:26,PTBA,RG,3320,1,D,RF,AK,D
10:53:26,PTBA,RG,3320,1,D,RF,AK,F
10:53:26,PTBA,RG,3320,10,D,RF,YB,D
10:53:26,PTBA,RG,3320,1,D,RF,PD,D
10:53:26,PTBA,RG,3320,271,D,RF,RX,F
10:53:26,PTBA,RG,3320,12,D,RF,AK,D
10:53:26,PTBA,RG,3320,12,D,RF,AK,D
10:53:26,PTBA,RG,3320,1,D,RF,AK,D
10:53:26,PTBA,RG,3320,1,D,RF,AK,D
10:53:26,PTBA,RG,3320,1,D,RF,AK,D
10:53:26,PTBA,RG,3320,32,D,RF,AK,F
10:52:56,PTBA,RG,3320,37,D,YP,AK,F
10:52:56,PTBA,RG,3320,23,D,YP,AK,F
10:52:56,PTBA,RG,3320,241,D,YP,AG,D
10:52:44,PTBA,RG,3320,1,D,PD,AG,D
10:52:28,PTBA,RG,3320,7,F,BK,AG,D
10:52:15,PTBA,RG,3320,2,D,XL,AG,D
10:52:12,PTBA,RG,3320,2,D,EP,AG,D
10:51:58,PTBA,RG,3310,1,D,CC,AK,F
10:51:57,PTBA,RG,3320,26,F,BK,AG,D
10:51:42,PTBA,RG,3310,4,D,CC,PD,D
10:51:12,PTBA,RG,3320,3,D,PD,AG,D
10:50:42,PTBA,RG,3310,3,D,CC,AK,D
10:50:41,PTBA,RG,3310,2,D,CC,PD,D
10:49:41,PTBA,RG,3310,1,D,CC,AK,F
10:49:40,PTBA,RG,3320,5,D,XC,AG,D
10:49:29,PTBA,RG,3310,6,D,CC,AK,D
10:49:13,PTBA,RG,3310,1,D,CC,PD,D
10:49:02,PTBA,RG,3310,2,D,CC,AK,F
10:49:01,PTBA,RG,3310,67,D,CC,AK,D
10:49:00,PTBA,RG,3320,1,D,XC,AG,D
10:48:52,PTBA,RG,3320,5,D,XC,AG,D
10:47:37,PTBA,RG,3310,2,D,CC,XL,D
10:47:19,PTBA,RG,3310,1,D,CC,AK,F
10:47:18,PTBA,RG,3320,30,D,XL,AG,D
10:46:56,PTBA,RG,3310,1,D,CC,PD,D
10:46:53,PTBA,RG,3310,2,D,CC,IF,D
10:46:29,PTBA,RG,3310,1,D,CC,XC,D
10:46:03,PTBA,RG,3310,1,D,CC,AK,F
10:46:01,PTBA,RG,3320,10,D,LG,AG,D
10:45:53,PTBA,RG,3310,1,D,CC,AK,F
10:45:52,PTBA,RG,3320,50,D,PD,AG,D
10:45:32,PTBA,RG,3310,2,D,CC,AK,F
10:45:31,PTBA,RG,3320,50,D,IF,AG,D
10:45:24,PTBA,RG,3320,1,D,XC,AG,D
10:45:02,PTBA,RG,3320,2,D,CC,AG,D
10:44:30,PTBA,RG,3320,10,D,LG,AG,D
10:44:25,PTBA,RG,3310,2,D,CC,AK,F
10:44:24,PTBA,RG,3320,50,D,IF,AG,D
10:44:21,PTBA,RG,3310,2,D,CC,PD,D
10:43:09,PTBA,RG,3310,6,D,CC,PD,D
10:42:26,PTBA,RG,3320,9,D,EP,AG,D
10:41:57,PTBA,RG,3310,3,D,CC,AK,F
10:41:55,PTBA,RG,3320,100,D,LG,AG,D
10:41:30,PTBA,RG,3310,1,D,CC,PD,D
10:41:18,PTBA,RG,3310,1,D,CC,AK,F
10:41:16,PTBA,RG,3310,30,D,CC,HP,D
10:40:54,PTBA,RG,3310,2,D,CC,AK,F
10:40:53,PTBA,RG,3320,50,D,PD,AG,D
10:40:19,PTBA,RG,3320,2,D,DH,AG,D
10:40:00,PTBA,RG,3320,10,D,PD,AG,D
10:39:47,PTBA,RG,3320,10,D,PD,AG,D
10:39:38,PTBA,RG,3310,1,D,CC,AK,F
10:39:38,PTBA,RG,3310,5,D,CC,GR,D
10:39:31,PTBA,RG,3320,10,D,PD,AG,D
10:39:11,PTBA,RG,3320,3,D,CC,AG,D
10:38:22,PTBA,RG,3310,8,D,CC,AK,F
10:38:21,PTBA,RG,3320,250,D,PD,AG,D
10:38:13,PTBA,RG,3310,107,D,CC,AK,F
10:38:12,PTBA,RG,3320,30,F,CS,AK,F
10:38:12,PTBA,RG,3320,13,D,AK,AK,F
10:38:12,PTBA,RG,3320,47,D,CC,AK,F
10:38:12,PTBA,RG,3320,5,F,CS,AK,F
10:38:12,PTBA,RG,3320,50,D,YP,AK,F
10:38:12,PTBA,RG,3320,9,F,CS,AK,F
10:38:12,PTBA,RG,3320,1,D,YP,AK,F
10:38:12,PTBA,RG,3320,28,F,CS,AK,F
10:38:12,PTBA,RG,3320,1,D,PD,AK,F
10:38:12,PTBA,RG,3320,40,D,PD,AK,F
10:38:12,PTBA,RG,3320,52,D,HP,AK,F
10:38:12,PTBA,RG,3320,20,D,EP,AK,F
10:38:12,PTBA,RG,3320,27,D,HP,AK,F
10:38:12,PTBA,RG,3320,23,F,CS,AK,F
10:38:12,PTBA,RG,3320,5,D,NI,AK,F
10:38:12,PTBA,RG,3320,100,D,PD,AK,F
10:38:12,PTBA,RG,3320,30,D,YP,AK,F
10:38:12,PTBA,RG,3320,1,D,HP,AK,F
10:38:12,PTBA,RG,3320,1,D,OD,AK,F
10:38:12,PTBA,RG,3320,301,D,YP,AK,F
10:38:12,PTBA,RG,3320,22,F,CS,AK,F
10:38:12,PTBA,RG,3320,4,D,NI,AK,F
10:38:12,PTBA,RG,3320,9,F,CS,AK,F
10:38:12,PTBA,RG,3320,30,D,YP,AK,F
10:38:12,PTBA,RG,3320,1,D,XC,AK,F
10:38:12,PTBA,RG,3320,20,D,KK,AK,F
10:38:12,PTBA,RG,3320,5,D,PD,AK,F
10:38:12,PTBA,RG,3320,29,F,CS,AK,F
10:38:12,PTBA,RG,3320,90,D,YP,AK,F
10:38:12,PTBA,RG,3320,20,D,XC,AK,F
10:38:12,PTBA,RG,3320,25,D,CC,AK,F
10:38:12,PTBA,RG,3320,133,D,YP,AK,F
10:38:12,PTBA,RG,3320,21,F,CS,AK,F
10:38:12,PTBA,RG,3320,14,F,CS,AK,F
10:38:12,PTBA,RG,3320,5,D,PD,AK,F
10:38:12,PTBA,RG,3320,55,D,PD,AK,F
10:38:12,PTBA,RG,3320,210,D,GR,AK,F
10:38:11,PTBA,RG,3320,90,D,GR,AK,F
10:38:11,PTBA,RG,3320,1,D,YB,AK,F
10:38:11,PTBA,RG,3320,1,D,PD,AK,F
10:38:11,PTBA,RG,3320,8,D,SQ,AK,F
10:38:11,PTBA,RG,3320,20,F,CS,AK,F
10:38:11,PTBA,RG,3320,31,F,CS,AK,F
10:38:11,PTBA,RG,3320,1,F,CS,AK,F
10:38:11,PTBA,RG,3320,848,D,CC,AK,F
10:38:11,PTBA,RG,3320,31,D,CC,AK,F
10:38:11,PTBA,RG,3320,1000,D,CC,AK,F
10:38:10,PTBA,RG,3320,121,D,CC,AK,F
10:38:10,PTBA,RG,3320,250,D,IF,AK,F
10:38:10,PTBA,RG,3320,5,D,YP,AK,F
10:38:10,PTBA,RG,3320,27,F,BK,AK,F
10:38:10,PTBA,RG,3320,2,D,AK,AK,F
10:38:10,PTBA,RG,3320,140,D,OD,AK,F
10:38:10,PTBA,RG,3320,152,D,YP,AK,F
10:38:10,PTBA,RG,3320,2,D,PD,AK,F
10:38:10,PTBA,RG,3320,4,D,XC,AK,F
10:38:10,PTBA,RG,3320,99,D,YP,AK,F
10:38:10,PTBA,RG,3320,1,D,PD,AK,F
10:38:10,PTBA,RG,3320,60,D,EP,AK,F
10:38:10,PTBA,RG,3320,5,D,AK,AK,F
10:38:10,PTBA,RG,3320,10,D,PD,AK,F
10:38:10,PTBA,RG,3320,2,F,ZP,AK,F
10:38:10,PTBA,RG,3320,120,F,BK,AK,F
10:38:09,PTBA,RG,3320,1,F,BK,PD,D
10:38:05,PTBA,RG,3330,2,D,CC,KI,D
10:37:54,PTBA,RG,3330,6,D,XC,KI,D
10:37:52,PTBA,RG,3320,1,F,BK,XL,D
10:37:46,PTBA,RG,3320,2,F,BK,AK,F
10:37:45,PTBA,RG,3320,50,F,BK,CC,D
10:37:34,PTBA,RG,3320,1,F,BK,AK,F
10:37:33,PTBA,RG,3320,20,F,BK,AZ,D
10:37:27,PTBA,RG,3330,18,D,XC,KI,D
10:37:18,PTBA,RG,3320,4,F,BK,XC,D
10:37:00,PTBA,RG,3330,1,D,YP,YP,D
10:36:46,PTBA,RG,3320,3,F,BK,AK,F
10:36:45,PTBA,RG,3320,100,F,BK,CC,D
10:36:27,PTBA,RG,3320,1,F,BK,AK,F
10:36:26,PTBA,RG,3320,5,F,BK,DH,D
10:35:40,PTBA,RG,3320,10,F,BK,SQ,D
10:35:32,PTBA,RG,3320,1,F,BK,AK,F
10:35:32,PTBA,RG,3320,14,F,BK,SQ,D
10:35:32,PTBA,RG,3320,6,D,AI,SQ,D
10:35:31,PTBA,RG,3320,2,D,AI,XC,D
10:35:17,PTBA,RG,3330,7,F,BK,YP,D
10:35:17,PTBA,RG,3330,20,F,BK,AK,D
10:35:01,PTBA,RG,3320,3,D,AI,CC,D
10:34:30,PTBA,RG,3320,1,D,AI,XC,D
10:34:25,PTBA,RG,3330,3,D,EP,AK,D
10:34:25,PTBA,RG,3330,2,D,EP,AK,D
10:34:20,PTBA,RG,3330,1,D,YP,AK,D
10:34:20,PTBA,RG,3330,1,D,YP,AK,D
10:34:20,PTBA,RG,3330,2,D,YP,AK,F
10:34:20,PTBA,RG,3330,7,D,YP,YP,D
10:34:20,PTBA,RG,3330,5,D,YP,XC,D
10:34:20,PTBA,RG,3330,34,D,YP,YP,D
10:34:15,PTBA,RG,3330,5,D,CC,YP,D
10:34:05,PTBA,RG,3330,1,D,XC,YP,D
10:34:03,PTBA,RG,3320,2,D,AI,AK,F
10:34:01,PTBA,RG,3330,59,D,YP,YP,D
10:34:01,PTBA,RG,3330,1,D,YP,AK,F
10:34:01,PTBA,RG,3330,3,D,YP,YP,D
10:34:01,PTBA,RG,3330,137,D,YP,PD,D
10:33:58,PTBA,RG,3330,25,D,XA,PD,D
10:33:48,PTBA,RG,3330,24,F,ZP,PD,D
10:33:48,PTBA,RG,3330,14,F,ZP,PD,D
10:33:48,PTBA,RG,3330,1,F,ZP,AK,F
10:33:48,PTBA,RG,3330,1,F,ZP,PD,D
10:33:48,PTBA,RG,3330,1,F,ZP,NI,D
10:33:48,PTBA,RG,3330,4,F,ZP,OD,D
10:33:48,PTBA,RG,3330,15,F,ZP,CC,D
10:33:48,PTBA,RG,3330,1,F,ZP,AK,D
10:33:48,PTBA,RG,3330,2,F,ZP,NI,D
10:33:48,PTBA,RG,3330,11,F,ZP,AK,D
10:33:48,PTBA,RG,3330,1,F,ZP,DX,D
10:33:48,PTBA,RG,3330,10,F,ZP,PD,D
10:33:48,PTBA,RG,3330,62,F,ZP,PD,D
10:33:48,PTBA,RG,3330,38,D,CC,PD,D
10:33:48,PTBA,RG,3330,2,D,CC,YB,D
10:33:48,PTBA,RG,3330,1,D,CC,XA,D
10:33:48,PTBA,RG,3330,1,D,CC,AK,D
10:33:48,PTBA,RG,3330,12,D,CC,AK,D
10:33:48,PTBA,RG,3330,10,D,CC,XC,D
10:33:48,PTBA,RG,3330,1,D,CC,AK,D
10:33:48,PTBA,RG,3330,1,D,CC,YP,D
10:33:48,PTBA,RG,3330,318,D,CC,RX,F
10:33:48,PTBA,RG,3330,1,D,CC,AK,D
10:33:48,PTBA,RG,3330,35,D,CC,OD,D
10:33:48,PTBA,RG,3330,5,D,CC,YP,D
10:33:48,PTBA,RG,3330,40,D,CC,XL,D
10:33:48,PTBA,RG,3330,50,D,CC,YP,D
10:33:48,PTBA,RG,3330,1,D,CC,PD,D
10:33:48,PTBA,RG,3330,2,D,CC,XC,D
10:33:48,PTBA,RG,3330,50,D,CC,EP,D
10:33:48,PTBA,RG,3330,3,D,CC,CC,D
10:33:48,PTBA,RG,3330,3,D,CC,XC,D
10:33:48,PTBA,RG,3330,100,D,CC,DR,D
10:33:48,PTBA,RG,3330,1,D,CC,PD,D
10:33:48,PTBA,RG,3330,200,D,CC,HD,D
10:33:48,PTBA,RG,3330,1,D,CC,PD,D
10:33:48,PTBA,RG,3330,2,D,CC,XC,D
10:33:48,PTBA,RG,3330,15,D,CC,SQ,D
10:33:48,PTBA,RG,3330,1,D,CC,XC,D
10:33:48,PTBA,RG,3330,69,D,CC,AK,F
10:33:48,PTBA,RG,3330,25,D,CC,YP,D
10:33:48,PTBA,RG,3330,120,D,CC,YP,D
10:33:48,PTBA,RG,3330,10,D,CC,YP,D
10:33:48,PTBA,RG,3330,1,D,CC,KK,D
10:33:48,PTBA,RG,3330,3,D,CC,YP,D
10:33:48,PTBA,RG,3330,3,D,CC,DX,D
10:33:48,PTBA,RG,3330,25,D,CC,KK,D
10:33:48,PTBA,RG,3330,850,D,CC,MG,D
10:33:35,PTBA,RG,3320,2,D,AI,XC,D
10:33:26,PTBA,RG,3320,1,D,AI,AK,F
10:33:25,PTBA,RG,3330,30,D,YP,MG,D
10:33:20,PTBA,RG,3320,2,D,AI,YP,D
10:32:57,PTBA,RG,3330,2,D,XC,MG,D
10:32:41,PTBA,RG,3330,3,D,EP,MG,D
10:32:32,PTBA,RG,3320,62,D,AI,AK,F
10:32:31,PTBA,RG,3330,1115,D,CC,MG,D
10:32:31,PTBA,RG,3330,5,D,CC,XA,D
10:32:31,PTBA,RG,3330,9,D,CC,XC,D
10:32:31,PTBA,RG,3330,10,D,CC,YP,D
10:32:31,PTBA,RG,3330,10,D,CC,AZ,D
10:32:31,PTBA,RG,3330,17,D,CC,PD,D
10:32:31,PTBA,RG,3330,10,D,CC,YP,D
10:32:31,PTBA,RG,3330,3,D,CC,PD,D
10:32:31,PTBA,RG,3330,1,D,CC,PD,D
10:32:31,PTBA,RG,3330,1,D,CC,KK,D
10:32:31,PTBA,RG,3330,3,D,CC,PD,D
10:32:31,PTBA,RG,3330,50,D,CC,YP,D
10:32:31,PTBA,RG,3330,1,D,CC,DH,D
10:32:31,PTBA,RG,3330,2,D,CC,PD,D
10:32:31,PTBA,RG,3330,30,D,CC,PD,D
10:32:31,PTBA,RG,3330,1,D,CC,LG,D
10:32:31,PTBA,RG,3330,6,D,CC,YP,D
10:32:31,PTBA,RG,3330,350,D,CC,YP,D
10:32:31,PTBA,RG,3330,1,D,CC,XC,D
10:32:31,PTBA,RG,3330,5,D,CC,PD,D
10:32:31,PTBA,RG,3330,1,D,CC,XC,D
10:32:31,PTBA,RG,3330,5,D,CC,NI,D
10:32:31,PTBA,RG,3330,2,D,CC,EP,D
10:32:31,PTBA,RG,3330,50,D,CC,OD,D
10:32:31,PTBA,RG,3330,3,D,CC,YP,D
10:32:31,PTBA,RG,3330,200,D,CC,GR,D
10:32:31,PTBA,RG,3330,10,D,CC,XL,D
10:32:31,PTBA,RG,3330,5,D,CC,CC,D
10:32:31,PTBA,RG,3330,20,D,CC,DR,D
10:32:31,PTBA,RG,3330,1,D,CC,PD,D
10:32:31,PTBA,RG,3330,1,D,CC,PD,D
10:32:31,PTBA,RG,3330,19,D,CC,PD,D
10:32:31,PTBA,RG,3330,1,D,CC,AT,D
10:32:31,PTBA,RG,3330,1,D,CC,PD,D
10:32:31,PTBA,RG,3330,1,D,CC,YB,D
10:32:31,PTBA,RG,3330,50,D,CC,CC,D
10:32:25,PTBA,RG,3320,1,D,AI,PD,D
10:31:55,PTBA,RG,3320,1,D,AI,YP,D
10:31:52,PTBA,RG,3330,3,D,YP,DH,D
10:31:45,PTBA,RG,3320,3,D,AI,PD,D
10:31:41,PTBA,RG,3320,3,D,AI,AK,F
10:31:39,PTBA,RG,3320,101,D,AI,EP,D
10:31:21,PTBA,RG,3320,1,D,AI,AK,F
10:31:20,PTBA,RG,3320,6,D,AI,XC,D
10:31:19,PTBA,RG,3320,3,D,AI,AZ,D
10:31:19,PTBA,RG,3320,10,D,LG,AZ,D
10:31:19,PTBA,RG,3320,1,F,CS,AZ,D
10:31:19,PTBA,RG,3320,16,F,CS,AZ,D
10:31:11,PTBA,RG,3320,1,F,CS,AK,F
10:31:09,PTBA,RG,3330,15,D,PD,DH,D
10:30:57,PTBA,RG,3330,1,D,XC,DH,D
10:30:56,PTBA,RG,3320,3,F,CS,RG,D
10:30:39,PTBA,RG,3330,5,D,PD,DH,D
10:30:29,PTBA,RG,3330,4,D,XC,DH,D
10:30:19,PTBA,RG,3330,7,D,XC,DH,D
10:30:05,PTBA,RG,3320,1,F,CS,AK,F
10:30:03,PTBA,RG,3330,15,D,PD,DH,D
10:29:57,PTBA,RG,3320,1,F,CS,AK,F
10:29:57,PTBA,RG,3330,15,D,PD,DH,D
10:29:56,PTBA,RG,3330,14,D,YP,DH,D
10:29:50,PTBA,RG,3320,1,F,CS,AK,F
10:29:49,PTBA,RG,3320,1,F,CS,AK,F
10:29:49,PTBA,RG,3330,50,D,PD,DH,D
10:29:48,PTBA,RG,3330,30,D,XC,DH,D
10:29:16,PTBA,RG,3330,5,D,YP,DH,D
10:29:05,PTBA,RG,3330,9,D,PD,DH,D
10:29:01,PTBA,RG,3320,1,F,CS,AK,F
10:29:00,PTBA,RG,3330,8,D,SQ,DH,D
10:28:55,PTBA,RG,3330,5,D,PD,DH,D
10:28:44,PTBA,RG,3330,14,D,HP,DH,D
10:28:44,PTBA,RG,3330,1,D,HP,KK,D
10:28:13,PTBA,RG,3320,2,F,CS,XL,D
10:28:02,PTBA,RG,3320,1,F,CS,AK,F
10:28:02,PTBA,RG,3320,1,F,CS,PD,D
10:28:01,PTBA,RG,3320,9,F,CS,AZ,D
10:28:01,PTBA,RG,3320,1,D,KK,AZ,D
10:27:34,PTBA,RG,3320,1,D,KK,XC,D
10:27:17,PTBA,RG,3320,4,D,KK,EP,D
10:27:10,PTBA,RG,3320,6,D,KK,EP,D
10:26:04,PTBA,RG,3320,1,D,KK,AK,F
10:26:03,PTBA,RG,3320,15,D,KK,XC,D
10:26:03,PTBA,RG,3320,5,D,KK,HP,D
10:25:41,PTBA,RG,3320,1,D,KK,AK,F
10:25:40,PTBA,RG,3320,16,D,KK,AK,D
10:25:40,PTBA,RG,3320,2,D,AK,AK,D
10:25:40,PTBA,RG,3320,2,D,AK,AK,D
10:25:40,PTBA,RG,3320,7,F,CS,AK,D
10:25:40,PTBA,RG,3320,14,F,BK,AK,D
10:25:28,PTBA,RG,3320,10,F,BK,KK,D
10:25:16,PTBA,RG,3320,1,F,BK,AK,F
10:25:15,PTBA,RG,3320,2,F,BK,EP,D
10:25:15,PTBA,RG,3320,8,F,CS,EP,D
10:25:15,PTBA,RG,3320,7,F,CS,AK,F
10:25:13,PTBA,RG,3320,75,F,AK,AK,F
10:25:13,PTBA,RG,3320,21,F,ZP,AK,F
10:25:13,PTBA,RG,3320,9,F,CS,AK,F
10:25:13,PTBA,RG,3320,137,D,MG,AK,F
10:25:07,PTBA,RG,3320,1,D,MG,AK,D
10:25:07,PTBA,RG,3320,9,D,MG,YB,D
10:25:07,PTBA,RG,3320,1,D,MG,AK,D
10:25:07,PTBA,RG,3320,1,D,MG,AK,F
10:25:07,PTBA,RG,3320,1,D,MG,YP,D
10:25:07,PTBA,RG,3320,5,D,MG,XC,D
10:25:07,PTBA,RG,3320,1,D,MG,KK,D
10:25:07,PTBA,RG,3320,1,D,MG,LG,D
10:25:07,PTBA,RG,3320,1,D,MG,AK,D
10:25:07,PTBA,RG,3320,1,D,MG,AK,D
10:25:07,PTBA,RG,3320,200,D,MG,KK,D
10:25:07,PTBA,RG,3320,50,D,MG,DR,D
10:25:07,PTBA,RG,3320,257,D,MG,RX,F
10:25:07,PTBA,RG,3320,10,D,MG,KK,D
10:25:07,PTBA,RG,3320,300,D,MG,YP,D
10:25:07,PTBA,RG,3320,10,D,MG,XL,D
10:25:07,PTBA,RG,3320,34,D,MG,CC,F
10:25:07,PTBA,RG,3320,20,D,MG,AZ,D
10:25:07,PTBA,RG,3320,51,D,MG,AK,F
10:25:07,PTBA,RG,3320,5,D,MG,AK,F
10:25:07,PTBA,RG,3320,1,D,MG,AK,F
10:25:07,PTBA,RG,3320,20,D,MG,YP,D
10:25:07,PTBA,RG,3320,268,D,MG,AK,F
10:25:07,PTBA,RG,3320,615,D,MG,EP,D
10:24:54,PTBA,RG,3320,5,D,YP,EP,D
10:24:51,PTBA,RG,3310,8,D,CC,AK,F
10:24:50,PTBA,RG,3310,15,D,CC,AK,F
10:24:50,PTBA,RG,3320,250,F,AK,EP,D
10:24:49,PTBA,RG,3320,130,F,AK,EP,D
10:24:49,PTBA,RG,3320,120,F,AK,YP,D
10:24:49,PTBA,RG,3310,4,D,CC,AK,F
10:24:49,PTBA,RG,3320,250,F,AK,YP,D
10:24:48,PTBA,RG,3320,18,D,YP,YP,D
10:24:47,PTBA,RG,3320,100,D,LG,YP,D
10:24:42,PTBA,RG,3310,29,D,CC,AK,F
10:24:41,PTBA,RG,3320,940,D,AG,YP,D
10:24:41,PTBA,RG,3310,15,D,CC,AK,F
10:24:40,PTBA,RG,3320,250,F,AK,YP,D
10:24:40,PTBA,RG,3310,8,D,CC,AK,F
10:24:40,PTBA,RG,3320,250,F,AK,YP,D
10:24:39,PTBA,RG,3310,8,D,CC,AK,F
10:24:39,PTBA,RG,3320,250,F,AK,YP,D
10:24:38,PTBA,RG,3310,8,D,CC,AK,F
10:24:38,PTBA,RG,3320,250,F,AK,YP,D
10:24:37,PTBA,RG,3320,250,F,AK,YP,D
10:24:29,PTBA,RG,3310,3,D,CC,DH,D
10:24:04,PTBA,RG,3310,3,D,CC,AK,F
10:24:02,PTBA,RG,3320,22,D,OD,YP,D
10:24:02,PTBA,RG,3320,78,D,OD,GR,D
10:23:10,PTBA,RG,3310,5,D,CC,NI,D
10:23:00,PTBA,RG,3310,1,D,CC,AK,F
10:22:58,PTBA,RG,3320,20,D,NI,GR,D
10:22:53,PTBA,RG,3310,5,D,CC,AK,F
10:22:52,PTBA,RG,3320,159,D,NI,GR,D
10:22:42,PTBA,RG,3320,10,D,XC,GR,D
10:22:31,PTBA,RG,3320,1,D,XC,GR,D
10:22:09,PTBA,RG,3320,5,D,PD,GR,D
10:22:01,PTBA,RG,3320,10,D,PD,GR,D
10:21:55,PTBA,RG,3310,2,D,CC,AK,F
10:21:53,PTBA,RG,3320,50,D,PD,GR,D
10:21:49,PTBA,RG,3310,2,D,CC,YP,D
10:21:36,PTBA,RG,3310,1,D,CC,AK,F
10:21:34,PTBA,RG,3320,25,D,PD,GR,D
10:21:27,PTBA,RG,3310,2,D,CC,NI,D
10:20:45,PTBA,RG,3310,1,D,CC,YU,D
10:20:32,PTBA,RG,3310,1,D,CC,AK,F
10:20:31,PTBA,RG,3310,1,D,CC,AK,D
10:20:31,PTBA,RG,3310,28,D,CC,RX,F
10:20:22,PTBA,RG,3310,10,D,CC,RX,F
10:20:19,PTBA,RG,3310,9,D,LS,RX,F
10:20:07,PTBA,RG,3310,1,D,KK,RX,F
10:19:58,PTBA,RG,3300,7,D,DR,AK,F
10:19:58,PTBA,RG,3300,5,D,KK,AK,F
10:19:58,PTBA,RG,3300,3,F,ZP,AK,F
10:19:58,PTBA,RG,3300,1,F,ZP,AK,F
10:19:57,PTBA,RG,3310,154,D,YP,RX,F
10:19:57,PTBA,RG,3310,1,D,YP,PD,D
10:19:57,PTBA,RG,3310,1,D,YP,AK,D
10:19:57,PTBA,RG,3310,1,D,YP,AK,D
10:19:57,PTBA,RG,3310,1,D,YP,AK,D
10:19:57,PTBA,RG,3310,342,D,YP,GR,D
10:19:34,PTBA,RG,3310,2,D,PD,GR,D
10:19:24,PTBA,RG,3310,5,D,CC,GR,D
10:19:10,PTBA,RG,3310,15,D,PD,GR,D
10:19:06,PTBA,RG,3310,1,D,XL,GR,D
10:19:05,PTBA,RG,3300,5,F,ZP,AK,F
10:19:04,PTBA,RG,3310,27,F,CS,GR,D
10:19:04,PTBA,RG,3310,100,D,CP,GR,D
10:19:04,PTBA,RG,3310,8,F,CS,GR,D
10:19:02,PTBA,RG,3310,2,F,CS,AZ,D
10:19:02,PTBA,RG,3310,1,D,XC,AZ,D
10:19:02,PTBA,RG,3310,17,D,LG,AZ,D
10:19:01,PTBA,RG,3310,3,D,AT,YP,D
10:18:59,PTBA,RG,3310,2,D,AT,AK,F
10:18:58,PTBA,RG,3310,48,F,BK,LG,D
10:18:58,PTBA,RG,3310,2,D,AK,LG,D
10:18:42,PTBA,RG,3310,4,F,CS,AK,F
10:18:41,PTBA,RG,3310,5,F,CS,CC,D
10:18:41,PTBA,RG,3310,16,D,XC,CC,D
10:18:41,PTBA,RG,3310,120,F,ZP,CC,D
10:18:40,PTBA,RG,3310,4,F,ZP,AK,F
10:18:39,PTBA,RG,3310,30,F,ZP,AK,F
10:18:39,PTBA,RG,3310,58,F,ZP,AK,F
10:18:39,PTBA,RG,3310,2,D,AK,AK,F
10:18:39,PTBA,RG,3310,5,D,CC,AK,F
10:18:39,PTBA,RG,3310,4,F,CS,AK,F
10:18:39,PTBA,RG,3310,40,D,CP,AK,F
10:18:38,PTBA,RG,3310,260,D,CP,YP,D
10:18:38,PTBA,RG,3310,1,F,EP,YP,D
10:18:38,PTBA,RG,3310,100,D,SQ,YP,D
10:18:38,PTBA,RG,3310,47,F,CS,YP,D
10:18:38,PTBA,RG,3310,2,D,CP,YP,D
10:18:38,PTBA,RG,3310,25,F,ZP,YP,D
10:18:38,PTBA,RG,3310,8,F,BK,YP,D
10:18:38,PTBA,RG,3310,10,D,YB,YP,D
10:18:38,PTBA,RG,3310,2,D,XL,YP,D
10:18:38,PTBA,RG,3310,350,D,EP,YP,D
10:18:38,PTBA,RG,3310,3,D,CC,YP,D
10:18:38,PTBA,RG,3310,14,D,PD,YP,D
10:18:38,PTBA,RG,3310,1,D,YP,YP,D
10:18:38,PTBA,RG,3310,2,D,XC,YP,D
10:18:38,PTBA,RG,3310,10,D,PD,YP,D
10:18:38,PTBA,RG,3310,2,D,OD,YP,D
10:18:38,PTBA,RG,3310,1,D,YP,YP,D
10:18:38,PTBA,RG,3310,8,D,PD,YP,D
10:18:38,PTBA,RG,3310,5,D,CC,YP,D
10:18:38,PTBA,RG,3310,60,D,LS,YP,D
10:18:38,PTBA,RG,3310,3,D,PD,YP,D
10:18:38,PTBA,RG,3310,10,D,YP,YP,D
10:18:38,PTBA,RG,3310,2,D,PD,YP,D
10:18:38,PTBA,RG,3310,1,D,XC,YP,D
10:18:38,PTBA,RG,3310,5,D,YP,YP,D
10:18:38,PTBA,RG,3310,10,D,CC,YP,D
10:18:38,PTBA,RG,3310,1,D,XC,YP,D
10:18:38,PTBA,RG,3310,2,D,PD,YP,D
10:18:38,PTBA,RG,3310,34,D,YP,YP,D
10:18:17,PTBA,RG,3310,1,D,YP,AK,F
10:18:17,PTBA,RG,3310,15,D,YP,AZ,D
10:18:17,PTBA,RG,3310,2,D,NI,AZ,D
10:18:17,PTBA,RG,3310,1,D,XC,AZ,D
10:18:17,PTBA,RG,3310,12,D,CC,AZ,D
10:18:07,PTBA,RG,3310,2,D,CC,AK,F
10:18:07,PTBA,RG,3310,1,D,XC,AK,F
10:18:07,PTBA,RG,3310,29,D,YP,AK,F
10:18:06,PTBA,RG,3310,117,D,YP,GR,D
10:18:06,PTBA,RG,3310,15,D,XC,GR,D
10:18:06,PTBA,RG,3310,50,D,YP,GR,D
10:18:06,PTBA,RG,3310,10,D,XC,GR,D
10:18:06,PTBA,RG,3310,500,D,CC,GR,D
10:18:06,PTBA,RG,3310,10,D,NI,GR,D
10:18:06,PTBA,RG,3310,20,D,KK,GR,D
10:18:06,PTBA,RG,3310,1,D,XL,GR,D
10:18:06,PTBA,RG,3310,10,D,YP,GR,D
10:18:06,PTBA,RG,3310,140,D,PD,GR,D
10:18:06,PTBA,RG,3310,13,F,ZP,GR,D
10:18:06,PTBA,RG,3310,33,F,ZP,GR,D
10:18:06,PTBA,RG,3310,2,D,LS,GR,D
10:18:06,PTBA,RG,3310,1,D,XC,GR,D
10:18:06,PTBA,RG,3310,2,D,PD,GR,D
10:18:06,PTBA,RG,3310,76,D,YP,GR,D
10:18:06,PTBA,RG,3310,50,D,YP,YP,D
10:17:45,PTBA,RG,3310,8,D,YP,AK,F
10:17:45,PTBA,RG,3310,2,D,YP,AK,F
10:17:45,PTBA,RG,3310,300,D,YP,CC,D
10:17:41,PTBA,RG,3310,4,D,YP,AK,F
10:17:41,PTBA,RG,3310,150,D,YP,YP,D
10:17:34,PTBA,RG,3310,1,D,YP,PD,D
10:16:49,PTBA,RG,3310,1,D,YP,AK,F
10:16:48,PTBA,RG,3310,11,D,YP,OD,D
10:16:09,PTBA,RG,3310,1,D,YP,PD,D
10:16:04,PTBA,RG,3310,1,D,YP,AK,F
10:16:03,PTBA,RG,3310,3,D,YP,AK,F
10:16:03,PTBA,RG,3320,35,F,CS,GR,D
10:16:02,PTBA,RG,3320,3,F,CS,GR,D
10:16:02,PTBA,RG,3320,24,F,CS,GR,D
10:16:02,PTBA,RG,3320,10,F,CS,GR,D
10:16:02,PTBA,RG,3320,4,F,CS,GR,D
10:16:02,PTBA,RG,3320,7,F,CS,GR,D
10:16:02,PTBA,RG,3320,5,F,CS,GR,D
10:16:02,PTBA,RG,3320,25,D,PD,GR,D
10:16:02,PTBA,RG,3320,29,F,CS,GR,D
10:15:59,PTBA,RG,3320,4,F,CS,XC,D
10:15:57,PTBA,RG,3320,3,F,CS,AK,F
10:15:56,PTBA,RG,3320,4,F,CS,XL,D
10:15:56,PTBA,RG,3320,31,F,CS,YP,D
10:15:56,PTBA,RG,3320,3,F,CS,YP,D
10:15:56,PTBA,RG,3320,1,F,CS,YP,D
10:15:56,PTBA,RG,3320,22,F,AK,YP,D
10:15:56,PTBA,RG,3320,1,F,AK,YP,D
10:15:56,PTBA,RG,3320,42,D,EP,YP,D
10:15:50,PTBA,RG,3320,3,D,EP,AK,F
10:15:49,PTBA,RG,3320,25,D,EP,DH,D
10:15:49,PTBA,RG,3320,75,D,YP,DH,D
10:15:43,PTBA,RG,3320,1,D,YP,AK,F
10:15:42,PTBA,RG,3320,25,D,YP,NI,D
10:15:37,PTBA,RG,3320,3,D,YP,AK,F
10:15:36,PTBA,RG,3320,1,D,YP,AK,D
10:15:36,PTBA,RG,3320,95,D,YP,RX,F
10:15:34,PTBA,RG,3320,2,D,YP,RX,F
10:15:29,PTBA,RG,3320,4,D,PD,RX,F
10:15:29,PTBA,RG,3320,1,D,PD,XC,D
10:15:29,PTBA,RG,3310,1,D,YP,AK,F
10:15:28,PTBA,RG,3320,10,D,YP,XC,D
10:15:19,PTBA,RG,3320,3,D,PD,XC,D
10:15:19,PTBA,RG,3320,1,D,DR,XC,D
10:15:17,PTBA,RG,3320,3,F,CS,AK,F
10:15:16,PTBA,RG,3320,21,F,BK,KK,D
10:15:16,PTBA,RG,3320,13,F,AK,KK,D
10:15:16,PTBA,RG,3320,3,D,XC,KK,D
10:15:16,PTBA,RG,3320,63,D,XC,KK,D
10:15:14,PTBA,RG,3320,6,D,XC,AK,F
10:15:13,PTBA,RG,3320,195,D,XC,YP,D
10:15:11,PTBA,RG,3320,1,D,YP,YP,D
10:15:11,PTBA,RG,3320,4,F,AK,YP,D
10:15:09,PTBA,RG,3320,3,F,AK,AK,F
10:15:08,PTBA,RG,3320,3,F,AK,AK,F
10:15:08,PTBA,RG,3320,1,F,AK,AK,F
10:15:08,PTBA,RG,3320,2,F,CS,AK,F
10:15:08,PTBA,RG,3320,78,D,CC,AK,F
10:15:07,PTBA,RG,3320,1,D,CC,PD,D
10:15:07,PTBA,RG,3320,50,D,CC,YP,D
10:15:07,PTBA,RG,3320,10,D,CC,AZ,D
10:15:07,PTBA,RG,3320,29,D,CC,YP,D
10:15:07,PTBA,RG,3320,1,D,CC,AK,D
10:15:07,PTBA,RG,3320,131,D,CC,HD,D
10:15:05,PTBA,RG,3310,1,D,YP,AK,F
10:15:03,PTBA,RG,3320,10,D,YP,HD,D
10:14:57,PTBA,RG,3310,2,D,YP,AK,F
10:14:56,PTBA,RG,3320,2,F,CS,HD,D
10:14:56,PTBA,RG,3320,10,F,AK,HD,D
10:14:56,PTBA,RG,3320,12,F,CS,HD,D
10:14:56,PTBA,RG,3320,7,F,CS,HD,D
10:14:56,PTBA,RG,3320,21,F,CS,HD,D
10:14:56,PTBA,RG,3320,4,D,AK,HD,D
10:14:56,PTBA,RG,3320,1,F,CS,HD,D
10:14:56,PTBA,RG,3320,2,F,CS,HD,D
10:14:56,PTBA,RG,3320,3,F,CS,AK,F
10:14:56,PTBA,RG,3320,5,F,CS,AK,F
10:14:55,PTBA,RG,3320,4,F,CS,AK,F
10:14:55,PTBA,RG,3320,95,D,YP,AK,F
10:14:55,PTBA,RG,3320,1,F,CS,AK,F
