Time,Stock,Brd,Price,Qty,BT,BC,SC,ST
15:14:39,PTBA,RG,3290,1,D,YP,AK,F
15:14:38,PTBA,RG,3290,23,D,YP,NI,D
15:14:20,PTBA,RG,3290,10,D,YP,PD,D
15:11:47,PTBA,RG,3290,1,D,YP,AK,F
15:11:45,PTBA,RG,3290,30,D,YP,PD,D
15:11:16,PTBA,RG,3290,15,D,YP,PD,D
15:10:55,PTBA,RG,3290,5,D,YP,AK,F
15:10:54,PTBA,RG,3290,150,D,YP,CC,D
15:10:28,PTBA,RG,3290,3,D,YP,AK,F
15:10:26,PTBA,RG,3290,100,D,YP,YB,D
15:09:59,PTBA,RG,3290,5,D,YP,PD,D
15:09:23,PTBA,RG,3290,1,D,YP,PD,D
15:08:57,PTBA,RG,3290,1,D,YP,KK,D
15:08:45,PTBA,RG,3290,1,D,YP,AK,F
15:08:43,PTBA,RG,3290,8,D,YP,KK,D
15:08:43,PTBA,RG,3290,9,D,YP,PD,D
15:08:33,PTBA,RG,3290,6,D,YP,AK,F
15:08:31,PTBA,RG,3290,200,D,YP,CC,D
15:08:11,PTBA,RG,3290,2,D,YP,AK,F
15:08:09,PTBA,RG,3290,60,D,YP,XC,D
15:07:47,PTBA,RG,3290,31,D,YP,AK,F
15:07:46,PTBA,RG,3290,898,D,YP,DR,D
15:07:46,PTBA,RG,3290,102,D,YP,DR,D
15:07:44,PTBA,RG,3290,1,D,YP,YP,D
15:06:40,PTBA,RG,3290,5,D,YP,CD,D
15:04:10,PTBA,RG,3290,2,D,YP,XC,D
15:03:56,PTBA,RG,3290,1,D,YP,DH,D
15:02:40,PTBA,RG,3290,5,D,YP,NI,D
15:02:40,PTBA,RG,3290,3,D,YP,XA,D
15:02:32,PTBA,RG,3290,1,D,YP,YP,D
15:01:54,PTBA,RG,3290,16,D,YP,AK,F
15:01:53,PTBA,RG,3290,16,D,YP,GR,D
15:01:53,PTBA,RG,3290,12,D,DR,GR,D
15:01:53,PTBA,RG,3290,3,D,XC,GR,D
15:01:53,PTBA,RG,3290,13,D,XC,GR,D
15:01:53,PTBA,RG,3290,5,D,CC,GR,D
15:01:53,PTBA,RG,3290,6,D,XC,GR,D
15:01:53,PTBA,RG,3290,10,D,DR,GR,D
15:01:53,PTBA,RG,3290,10,D,DR,GR,D
15:01:53,PTBA,RG,3290,1,D,PD,GR,D
15:01:53,PTBA,RG,3290,10,D,PD,GR,D
15:01:53,PTBA,RG,3290,5,D,YP,GR,D
15:01:53,PTBA,RG,3290,4,D,PD,GR,D
15:01:53,PTBA,RG,3290,1,D,NI,GR,D
15:01:53,PTBA,RG,3290,1,D,YP,GR,D
15:01:53,PTBA,RG,3290,2,D,CC,GR,D
15:01:53,PTBA,RG,3290,25,D,YP,GR,D
15:01:53,PTBA,RG,3290,376,D,YU,GR,D
15:01:18,PTBA,RG,3290,2,D,YU,AK,F
15:01:17,PTBA,RG,3290,71,D,YU,EP,D
15:01:02,PTBA,RG,3290,2,D,YU,EP,D
15:01:00,PTBA,RG,3290,1,D,YU,XC,D
15:01:00,PTBA,RG,3290,5,D,YU,PD,D
15:00:00,PTBA,RG,3290,45,D,YU,NI,D
15:00:00,PTBA,RG,3290,600,D,YU,OD,D
15:00:00,PTBA,RG,3290,10,D,YU,YP,D
15:00:00,PTBA,RG,3290,1,D,YU,OD,D
15:00:00,PTBA,RG,3290,1,D,YU,DH,D
15:00:00,PTBA,RG,3290,5,D,YU,DR,D
15:00:00,PTBA,RG,3290,2,D,YU,XL,D
15:00:00,PTBA,RG,3290,95,D,YU,CC,D
15:00:00,PTBA,RG,3290,3,D,PD,CC,D
15:00:00,PTBA,RG,3290,2,D,KK,CC,D
15:00:00,PTBA,RG,3290,10,D,KK,YP,D
15:00:00,PTBA,RG,3290,10,D,KK,YP,D
15:00:00,PTBA,RG,3290,1,D,KK,CC,D
15:00:00,PTBA,RG,3290,100,D,KK,DR,D
15:00:00,PTBA,RG,3290,51,D,KK,YP,D
15:00:00,PTBA,RG,3290,15,D,KK,GR,D
15:00:00,PTBA,RG,3290,400,D,KK,OD,D
15:00:00,PTBA,RG,3290,311,D,KK,EP,D
15:00:00,PTBA,RG,3290,5,D,YP,EP,D
15:00:00,PTBA,RG,3290,30,D,YB,EP,D
15:00:00,PTBA,RG,3290,4,D,XC,EP,D
15:00:00,PTBA,RG,3290,610,D,FZ,EP,D
15:00:00,PTBA,RG,3290,5,D,BQ,EP,D
15:00:00,PTBA,RG,3290,7,D,SQ,EP,D
15:00:00,PTBA,RG,3290,7,D,AZ,EP,D
15:00:00,PTBA,RG,3290,19,D,PD,EP,D
15:00:00,PTBA,RG,3290,5,D,PD,YP,D
15:00:00,PTBA,RG,3290,75,D,PD,KK,D
15:00:00,PTBA,RG,3290,12,D,PD,XC,D
15:00:00,PTBA,RG,3290,100,D,PD,MG,D
15:00:00,PTBA,RG,3290,94,D,PD,PD,D
15:00:00,PTBA,RG,3290,1,D,LG,PD,D
15:00:00,PTBA,RG,3290,10,D,PD,PD,D
15:00:00,PTBA,RG,3290,3,D,PD,PD,D
15:00:00,PTBA,RG,3290,1,D,KK,PD,D
15:00:00,PTBA,RG,3290,7,D,YP,PD,D
15:00:00,PTBA,RG,3290,2,D,PD,PD,D
15:00:00,PTBA,RG,3290,1,D,XC,PD,D
15:00:00,PTBA,RG,3290,381,D,YP,PD,D
15:00:00,PTBA,RG,3290,2,D,YP,KK,D
15:00:00,PTBA,RG,3290,117,D,YP,NI,D
15:00:00,PTBA,RG,3290,30,D,IU,NI,D
15:00:00,PTBA,RG,3290,1,D,YP,NI,D
15:00:00,PTBA,RG,3290,2,D,PD,NI,D
15:00:00,PTBA,RG,3290,7,D,PD,YB,D
15:00:00,PTBA,RG,3290,11,D,PD,PD,D
15:00:00,PTBA,RG,3290,6,F,ZP,PD,D
15:00:00,PTBA,RG,3290,30,F,ZP,DR,D
15:00:00,PTBA,RG,3290,1,F,ZP,GR,D
15:00:00,PTBA,RG,3290,17,F,ZP,CC,D
15:00:00,PTBA,RG,3290,83,F,ZP,CC,D
15:00:00,PTBA,RG,3290,20,F,ZP,GR,D
15:00:00,PTBA,RG,3290,341,F,ZP,KZ,D
15:00:00,PTBA,RG,3290,240,F,ZP,BK,F
15:00:00,PTBA,RG,3290,56,F,AK,BK,F
15:00:00,PTBA,RG,3290,853,F,BK,BK,F
15:00:00,PTBA,RG,3290,3,F,BK,RX,F
15:00:00,PTBA,RG,3290,2,F,BK,AK,F
15:00:00,PTBA,RG,3290,1,F,BK,AK,F
15:00:00,PTBA,RG,3290,29,F,BK,RX,F
15:00:00,PTBA,RG,3290,16,F,BK,AK,F
15:00:00,PTBA,RG,3290,26,F,BK,RX,F
15:00:00,PTBA,RG,3290,16,F,BK,AK,F
15:00:00,PTBA,RG,3290,3,F,BK,RX,F
15:00:00,PTBA,RG,3290,2,F,BK,AK,F
15:00:00,PTBA,RG,3290,1,F,BK,AK,F
15:00:00,PTBA,RG,3290,225,F,BK,YU,D
15:00:00,PTBA,RG,3290,19,F,KZ,YU,D
15:00:00,PTBA,RG,3290,1,F,KZ,RX,F
15:00:00,PTBA,RG,3290,62,F,KZ,RX,F
15:00:00,PTBA,RG,3290,38,F,KZ,AK,F
15:00:00,PTBA,RG,3290,1,F,KZ,RX,F
15:00:00,PTBA,RG,3290,1,F,KZ,AK,F
15:00:00,PTBA,RG,3290,48,F,KZ,RX,F
15:00:00,PTBA,RG,3290,28,F,KZ,AK,F
15:00:00,PTBA,RG,3290,16,F,KZ,RX,F
15:00:00,PTBA,RG,3290,5,F,KZ,AK,F
15:00:00,PTBA,RG,3290,3,F,KZ,AK,F
15:00:00,PTBA,RG,3290,3,F,KZ,AK,F
15:00:00,PTBA,RG,3290,72,F,KZ,RX,F
15:00:00,PTBA,RG,3290,2,F,KZ,AK,F
15:00:00,PTBA,RG,3290,2,F,KZ,AK,F
15:00:00,PTBA,RG,3290,83,F,KZ,AK,F
15:00:00,PTBA,RG,3290,3,F,KZ,AK,F
15:00:00,PTBA,RG,3290,1,F,KZ,AK,F
15:00:00,PTBA,RG,3290,29,F,KZ,AK,F
15:00:00,PTBA,RG,3290,18,F,KZ,RX,F
15:00:00,PTBA,RG,3290,1,F,KZ,RX,F
15:00:00,PTBA,RG,3290,35,F,KZ,RX,F
15:00:00,PTBA,RG,3290,1,F,KZ,AK,F
15:00:00,PTBA,RG,3290,324,F,KZ,PD,D
15:00:00,PTBA,RG,3290,2,F,BK,PD,D
15:00:00,PTBA,RG,3290,110,F,BK,PD,D
15:00:00,PTBA,RG,3290,44,F,BK,PD,D
15:00:00,PTBA,RG,3290,60,F,DX,PD,D
15:00:00,PTBA,RG,3290,21,F,YU,PD,D
15:00:00,PTBA,RG,3290,61,F,AK,PD,D
15:00:00,PTBA,RG,3290,3,F,AK,PD,D
15:00:00,PTBA,RG,3290,25,F,AK,PD,D
14:49:59,PTBA,RG,3290,11,F,KZ,EP,D
14:49:59,PTBA,RG,3290,1,F,AK,EP,D
14:49:59,PTBA,RG,3290,30,D,CC,EP,D
14:49:58,PTBA,RG,3290,10,D,AT,EP,D
14:49:56,PTBA,RG,3280,7,D,YU,XL,D
14:49:52,PTBA,RG,3290,10,D,CC,EP,D
14:49:50,PTBA,RG,3290,75,D,YP,EP,D
14:49:45,PTBA,RG,3290,1,F,AK,EP,D
14:49:45,PTBA,RG,3290,1,F,AK,EP,D
14:49:45,PTBA,RG,3290,1,F,AK,EP,D
14:49:44,PTBA,RG,3290,2,F,ZP,EP,D
14:49:44,PTBA,RG,3290,3,F,ZP,EP,D
14:49:35,PTBA,RG,3290,1,F,ZP,EP,D
14:49:35,PTBA,RG,3290,9,F,ZP,EP,D
14:49:25,PTBA,RG,3280,1,D,YU,NI,D
14:49:24,PTBA,RG,3290,10,D,PD,EP,D
14:49:23,PTBA,RG,3290,3,D,OD,EP,D
14:49:22,PTBA,RG,3290,78,F,ZP,EP,D
14:49:22,PTBA,RG,3290,33,F,ZP,EP,D
14:49:22,PTBA,RG,3290,48,F,ZP,EP,D
14:49:21,PTBA,RG,3290,18,F,YU,EP,D
14:49:19,PTBA,RG,3290,5,D,XC,EP,D
14:49:11,PTBA,RG,3290,9,F,ZP,EP,D
14:49:07,PTBA,RG,3290,2,F,ZP,EP,D
14:49:03,PTBA,RG,3290,50,D,YP,EP,D
14:48:57,PTBA,RG,3290,4,D,GR,EP,D
14:48:52,PTBA,RG,3290,72,F,KZ,EP,D
14:48:52,PTBA,RG,3290,98,F,KZ,RX,F
14:48:52,PTBA,RG,3290,49,F,KZ,RX,F
14:48:47,PTBA,RG,3290,4,F,ZP,RX,F
14:48:47,PTBA,RG,3290,3,F,ZP,AK,F
14:48:47,PTBA,RG,3290,3,F,ZP,AK,F
14:48:46,PTBA,RG,3290,21,F,AK,AK,F
14:48:46,PTBA,RG,3290,4,F,AK,AK,F
14:48:40,PTBA,RG,3290,1,F,ZP,AK,F
14:48:40,PTBA,RG,3290,2,F,ZP,AK,F
14:48:35,PTBA,RG,3290,1,D,YP,AK,F
14:48:30,PTBA,RG,3280,1,D,YU,NI,D
14:48:28,PTBA,RG,3280,51,D,YU,RX,F
14:48:26,PTBA,RG,3280,2,D,YU,RX,F
14:48:23,PTBA,RG,3290,16,F,YU,AK,F
14:48:21,PTBA,RG,3290,8,F,ZP,AK,F
14:48:07,PTBA,RG,3290,22,F,ZP,AK,F
14:48:07,PTBA,RG,3290,29,F,ZP,CC,F
14:48:07,PTBA,RG,3290,19,F,ZP,YP,D
14:48:07,PTBA,RG,3280,2,D,YU,AK,F
14:48:06,PTBA,RG,3290,600,D,OD,YP,D
14:48:05,PTBA,RG,3280,62,D,YU,RX,F
14:48:05,PTBA,RG,3280,6,D,YU,AK,F
14:48:03,PTBA,RG,3280,179,D,YU,RX,F
14:48:03,PTBA,RG,3280,132,D,YU,AK,F
14:48:02,PTBA,RG,3290,178,F,KZ,YP,D
14:48:02,PTBA,RG,3280,784,D,YU,DR,D
14:48:02,PTBA,RG,3280,5,D,SQ,DR,D
14:48:02,PTBA,RG,3280,7,D,EP,DR,D
14:48:02,PTBA,RG,3280,100,D,FZ,DR,D
14:48:02,PTBA,RG,3280,10,D,YB,DR,D
14:48:02,PTBA,RG,3280,4,D,CC,DR,D
14:48:02,PTBA,RG,3280,25,D,KK,DR,D
14:48:02,PTBA,RG,3280,5,D,NI,DR,D
14:48:02,PTBA,RG,3280,10,D,XC,DR,D
14:48:02,PTBA,RG,3280,500,D,DR,DR,D
14:48:02,PTBA,RG,3280,1,D,PD,DR,D
14:48:02,PTBA,RG,3280,5,D,NI,DR,D
14:48:02,PTBA,RG,3280,500,D,KI,DR,D
14:48:02,PTBA,RG,3280,500,D,KI,DR,D
14:48:02,PTBA,RG,3280,35,D,CC,DR,D
14:48:02,PTBA,RG,3280,2,D,XC,DR,D
14:48:02,PTBA,RG,3280,2,D,XL,DR,D
14:48:02,PTBA,RG,3280,2,D,CC,DR,D
14:48:02,PTBA,RG,3280,10,D,YP,DR,D
14:48:02,PTBA,RG,3280,4,D,PD,DR,D
14:48:02,PTBA,RG,3280,150,D,YP,DR,D
14:48:02,PTBA,RG,3280,100,D,YP,DR,D
14:48:02,PTBA,RG,3280,1,D,PD,DR,D
14:48:02,PTBA,RG,3280,628,D,YP,DR,D
14:48:02,PTBA,RG,3290,208,F,KZ,YP,D
14:48:02,PTBA,RG,3290,216,F,KZ,YP,D
14:48:02,PTBA,RG,3290,35,F,KZ,YP,D
14:48:02,PTBA,RG,3290,229,F,KZ,YP,D
14:48:02,PTBA,RG,3290,7,F,KZ,YP,D
14:48:02,PTBA,RG,3290,8,F,KZ,YP,D
14:48:00,PTBA,RG,3290,12,F,AK,YP,D
14:48:00,PTBA,RG,3280,1,D,YP,AK,F
14:48:00,PTBA,RG,3280,1,D,YP,AK,F
14:48:00,PTBA,RG,3290,9,F,ZP,YP,D
14:47:56,PTBA,RG,3280,1,D,YP,AK,F
14:47:54,PTBA,RG,3280,31,D,YP,RX,F
14:47:53,PTBA,RG,3280,3,D,YP,AK,F
14:47:53,PTBA,RG,3290,29,F,DX,YP,D
14:47:52,PTBA,RG,3280,1,D,YP,RX,F
14:47:52,PTBA,RG,3280,10,D,YP,LG,D
14:47:52,PTBA,RG,3280,35,D,YP,LG,D
14:47:51,PTBA,RG,3290,36,F,KZ,YP,D
14:47:45,PTBA,RG,3290,7,F,AK,YP,D
14:47:08,PTBA,RG,3280,1,D,YP,AK,F
14:47:07,PTBA,RG,3280,23,D,YP,RX,F
14:47:05,PTBA,RG,3280,5,D,YP,RX,F
14:46:50,PTBA,RG,3280,2,D,YP,AK,F
14:46:48,PTBA,RG,3280,50,D,YP,NI,D
14:46:36,PTBA,RG,3280,10,D,YP,PD,D
14:46:34,PTBA,RG,3290,1,D,YP,YP,D
14:46:33,PTBA,RG,3280,1,D,YP,AK,F
14:46:32,PTBA,RG,3290,31,D,EP,YP,D
14:46:32,PTBA,RG,3280,1,D,YP,NI,D
14:46:30,PTBA,RG,3280,1,D,YP,AK,F
14:46:30,PTBA,RG,3280,31,D,YP,RX,F
14:46:28,PTBA,RG,3280,1,D,YP,RX,F
14:46:21,PTBA,RG,3280,2,D,YP,AK,F
14:46:19,PTBA,RG,3290,62,F,AK,YP,D
14:46:11,PTBA,RG,3280,3,D,YP,SQ,D
14:46:04,PTBA,RG,3290,10,D,NI,YP,D
14:45:55,PTBA,RG,3280,1,D,YP,AK,F
14:45:54,PTBA,RG,3280,11,D,YP,PD,D
14:45:47,PTBA,RG,3280,1,D,YP,AK,F
14:45:45,PTBA,RG,3280,29,D,YP,RX,F
14:45:43,PTBA,RG,3280,7,D,YP,RX,F
14:45:40,PTBA,RG,3290,2,D,YU,YP,D
14:45:36,PTBA,RG,3280,4,D,YP,AK,F
14:45:34,PTBA,RG,3280,139,D,YP,PD,D
14:45:25,PTBA,RG,3280,1,D,YP,AK,F
14:45:23,PTBA,RG,3290,19,F,ZP,YP,D
14:45:21,PTBA,RG,3290,6,D,NI,YP,D
14:45:10,PTBA,RG,3280,2,D,YP,XL,D
14:45:05,PTBA,RG,3280,5,D,YP,YP,D
14:45:03,PTBA,RG,3290,3,D,XL,YP,D
14:45:02,PTBA,RG,3280,1,D,YP,AK,F
14:45:01,PTBA,RG,3280,12,D,YP,RX,F
14:44:59,PTBA,RG,3280,22,D,YP,RX,F
14:44:56,PTBA,RG,3280,13,D,YP,AK,F
14:44:54,PTBA,RG,3280,401,D,YP,DX,D
14:44:40,PTBA,RG,3280,26,D,YP,RX,F
14:44:37,PTBA,RG,3280,1,D,YP,CC,D
14:44:25,PTBA,RG,3280,2,D,YP,AK,F
14:44:25,PTBA,RG,3280,3,D,YP,AK,F
14:44:24,PTBA,RG,3290,54,F,ZP,YP,D
14:44:24,PTBA,RG,3280,9,D,YP,AK,F
14:44:23,PTBA,RG,3290,100,D,EP,YP,D
14:44:23,PTBA,RG,3280,299,D,YP,DX,D
14:44:23,PTBA,RG,3280,5,D,YP,AK,F
14:44:21,PTBA,RG,3290,155,F,KZ,YP,D
14:44:20,PTBA,RG,3280,2,D,YP,YP,D
14:44:14,PTBA,RG,3280,3,D,YP,OD,D
14:44:08,PTBA,RG,3280,1,D,YP,AK,F
14:44:07,PTBA,RG,3290,3,D,XC,YP,D
14:43:37,PTBA,RG,3290,26,D,YP,YP,D
14:43:32,PTBA,RG,3280,5,D,YP,AK,F
14:43:31,PTBA,RG,3290,145,F,KZ,YP,D
14:43:29,PTBA,RG,3290,3,D,XC,YP,D
14:43:26,PTBA,RG,3280,1,D,YP,AK,F
14:43:26,PTBA,RG,3280,1,D,YP,NI,D
14:43:25,PTBA,RG,3290,50,D,PD,YP,D
14:42:42,PTBA,RG,3280,5,D,YP,AK,F
14:42:41,PTBA,RG,3290,145,F,KZ,YP,D
14:42:25,PTBA,RG,3280,1,D,YP,AK,F
14:42:24,PTBA,RG,3280,24,D,YP,XL,D
14:42:24,PTBA,RG,3280,5,D,YP,YP,D
14:42:20,PTBA,RG,3280,10,D,YP,NI,D
14:42:19,PTBA,RG,3280,1,D,YP,XC,D
14:42:04,PTBA,RG,3280,3,D,YP,CC,D
14:42:02,PTBA,RG,3290,2,D,PD,YP,D
14:41:52,PTBA,RG,3280,5,D,YP,AK,F
14:41:51,PTBA,RG,3290,150,F,KZ,YP,D
14:41:33,PTBA,RG,3290,1,D,YP,YP,D
14:41:30,PTBA,RG,3290,13,D,YP,YP,D
14:41:10,PTBA,RG,3280,1,D,YP,AK,F
14:41:09,PTBA,RG,3290,5,D,KK,YP,D
14:40:49,PTBA,RG,3280,74,D,YP,AK,F
14:40:48,PTBA,RG,3290,10,F,CS,YP,D
14:40:48,PTBA,RG,3290,2,F,CS,YP,D
14:40:48,PTBA,RG,3290,3,F,CS,YP,D
14:40:48,PTBA,RG,3290,4,F,CS,YP,D
14:40:48,PTBA,RG,3290,5,F,CS,YP,D
14:40:48,PTBA,RG,3290,2,D,PD,YP,D
14:40:48,PTBA,RG,3290,61,F,AK,YP,D
14:40:48,PTBA,RG,3290,921,F,BK,YP,D
14:40:48,PTBA,RG,3290,25,D,YB,YP,D
14:40:48,PTBA,RG,3290,1,F,ZP,YP,D
14:40:48,PTBA,RG,3290,1,F,BK,YP,D
14:40:48,PTBA,RG,3290,28,F,CS,YP,D
14:40:48,PTBA,RG,3290,4,F,CS,YP,D
14:40:48,PTBA,RG,3290,6,F,CS,YP,D
14:40:48,PTBA,RG,3290,12,F,ZP,YP,D
14:40:48,PTBA,RG,3290,77,F,AK,YP,D
14:40:48,PTBA,RG,3290,137,F,ZP,YP,D
14:40:48,PTBA,RG,3290,16,F,CS,YP,D
14:40:48,PTBA,RG,3290,1106,D,KK,YP,D
14:40:35,PTBA,RG,3290,1,D,KK,AK,F
14:40:34,PTBA,RG,3290,5,D,KK,YP,D
14:40:23,PTBA,RG,3290,2,D,KK,GR,D
14:40:18,PTBA,RG,3290,5,D,KK,AK,F
14:40:17,PTBA,RG,3290,70,D,KK,AK,F
14:40:17,PTBA,RG,3290,101,D,KK,AK,F
14:40:16,PTBA,RG,3290,13,D,KK,AK,F
14:40:16,PTBA,RG,3290,3,D,KK,AK,F
14:40:16,PTBA,RG,3290,11,D,KK,BQ,D
14:40:16,PTBA,RG,3290,5,D,KK,AK,F
14:40:16,PTBA,RG,3290,40,D,KK,RX,F
14:40:16,PTBA,RG,3290,100,D,KK,SQ,D
14:40:16,PTBA,RG,3290,102,D,KK,PD,D
14:40:16,PTBA,RG,3290,83,D,KK,PD,D
14:40:16,PTBA,RG,3290,13,D,KK,CC,F
14:40:16,PTBA,RG,3290,80,D,KK,CC,F
14:40:16,PTBA,RG,3290,260,D,KK,DX,D
14:40:08,PTBA,RG,3280,3,D,YP,AK,F
14:40:07,PTBA,RG,3290,75,D,YP,DX,D
14:40:03,PTBA,RG,3280,4,D,YP,AK,F
14:40:03,PTBA,RG,3290,1,D,NI,DX,D
14:40:01,PTBA,RG,3290,1,F,KZ,AK,F
14:40:01,PTBA,RG,3290,1,F,KZ,AK,F
14:40:01,PTBA,RG,3290,1,F,KZ,AK,F
14:40:01,PTBA,RG,3290,11,F,KZ,BQ,D
14:40:01,PTBA,RG,3290,10,F,KZ,NI,D
14:40:01,PTBA,RG,3290,140,F,KZ,SQ,D
14:39:54,PTBA,RG,3290,1,D,YU,SQ,D
14:39:54,PTBA,RG,3290,10,D,CC,SQ,D
14:39:39,PTBA,RG,3280,1,D,YP,AK,F
14:39:38,PTBA,RG,3290,20,D,KK,SQ,D
14:39:21,PTBA,RG,3280,2,D,YP,AK,F
14:39:19,PTBA,RG,3290,75,D,YP,SQ,D
14:39:15,PTBA,RG,3290,2,D,XL,SQ,D
14:39:08,PTBA,RG,3280,6,D,YP,AK,F
14:39:07,PTBA,RG,3290,100,D,KK,SQ,D
14:39:06,PTBA,RG,3290,67,F,KZ,SQ,D
14:39:06,PTBA,RG,3290,27,F,KZ,RX,F
14:39:06,PTBA,RG,3290,12,F,KZ,NI,D
14:39:06,PTBA,RG,3280,4,D,YP,AK,F
14:39:05,PTBA,RG,3280,2,D,YP,AK,F
14:39:04,PTBA,RG,3290,108,F,AK,NI,D
14:39:04,PTBA,RG,3280,10,D,DH,AK,F
14:39:03,PTBA,RG,3290,65,F,ZP,NI,D
14:39:03,PTBA,RG,3290,9,F,ZP,IF,D
14:39:03,PTBA,RG,3290,91,D,YU,IF,D
14:39:03,PTBA,RG,3290,16,D,YU,LG,D
14:39:03,PTBA,RG,3290,20,D,YU,KK,D
14:39:03,PTBA,RG,3290,399,D,YU,RX,F
14:39:03,PTBA,RG,3290,1,D,YU,AK,F
14:39:03,PTBA,RG,3290,1,D,YU,AK,F
14:39:03,PTBA,RG,3290,1,D,YU,AK,F
14:39:03,PTBA,RG,3290,35,D,YU,AK,F
14:39:03,PTBA,RG,3290,60,D,YU,CC,D
14:39:03,PTBA,RG,3290,10,D,YU,CC,F
14:39:03,PTBA,RG,3290,192,D,YU,EP,D
14:39:03,PTBA,RG,3290,683,D,YU,YP,D
14:38:58,PTBA,RG,3280,1,D,DH,AK,F
14:38:56,PTBA,RG,3280,19,D,DH,RX,F
14:38:56,PTBA,RG,3280,1,D,XL,RX,F
14:38:56,PTBA,RG,3280,3,D,NI,RX,F
14:38:56,PTBA,RG,3280,1,F,ZP,RX,F
14:38:56,PTBA,RG,3280,10,D,YP,RX,F
14:38:56,PTBA,RG,3280,3,D,PD,RX,F
14:38:56,PTBA,RG,3280,9,D,YP,RX,F
14:38:54,PTBA,RG,3280,1,D,YP,RX,F
14:38:54,PTBA,RG,3280,1,D,KK,RX,F
14:38:51,PTBA,RG,3280,1,D,KK,AK,F
14:38:51,PTBA,RG,3280,2,D,PD,AK,F
14:38:51,PTBA,RG,3280,1,D,XL,AK,F
14:38:51,PTBA,RG,3280,3,D,YP,AK,F
14:38:51,PTBA,RG,3280,5,D,PD,AK,F
14:38:50,PTBA,RG,3280,25,D,PD,DX,D
14:38:50,PTBA,RG,3280,200,D,ZR,DX,D
14:38:50,PTBA,RG,3280,50,D,CC,DX,D
14:38:50,PTBA,RG,3280,12,D,YP,DX,D
14:38:50,PTBA,RG,3280,3,F,ZP,DX,D
14:38:50,PTBA,RG,3280,56,F,KZ,DX,D
14:38:50,PTBA,RG,3280,1,D,PD,DX,D
14:38:50,PTBA,RG,3280,1,D,GR,DX,D
14:38:50,PTBA,RG,3280,1,D,PD,DX,D
14:38:50,PTBA,RG,3280,1,D,PD,DX,D
14:38:50,PTBA,RG,3280,10,D,AG,DX,D
14:38:50,PTBA,RG,3280,5,D,DR,DX,D
14:38:50,PTBA,RG,3280,1,D,GR,DX,D
14:38:50,PTBA,RG,3280,1,D,XC,DX,D
14:38:50,PTBA,RG,3280,5,D,XC,DX,D
14:38:50,PTBA,RG,3280,3,D,PD,DX,D
14:38:49,PTBA,RG,3280,1,D,PD,AK,F
14:38:48,PTBA,RG,3280,1,D,PD,AK,F
14:38:48,PTBA,RG,3280,3,D,PD,AK,F
14:38:47,PTBA,RG,3290,57,F,KZ,YP,D
14:38:46,PTBA,RG,3290,32,F,KZ,YP,D
14:38:46,PTBA,RG,3290,2,F,KZ,YP,D
14:38:46,PTBA,RG,3290,1,F,KZ,YP,D
14:38:46,PTBA,RG,3290,78,F,KZ,YP,D
14:38:46,PTBA,RG,3290,5,D,YP,YP,D
14:38:32,PTBA,RG,3290,1,D,ZP,YP,D
14:38:30,PTBA,RG,3280,1,D,PD,AK,F
14:38:22,PTBA,RG,3290,1,D,YP,YP,D
14:37:59,PTBA,RG,3280,1,D,PD,AK,F
14:37:57,PTBA,RG,3290,20,D,CP,YP,D
14:37:57,PTBA,RG,3280,3,D,PD,AK,F
14:37:57,PTBA,RG,3280,1,D,XC,AK,F
14:37:57,PTBA,RG,3280,2,D,SH,AK,F
14:37:56,PTBA,RG,3280,3,D,SH,YP,D
14:37:56,PTBA,RG,3280,1,D,PD,YP,D
14:37:56,PTBA,RG,3280,196,D,EP,YP,D
14:37:49,PTBA,RG,3290,1,D,PD,YP,D
14:37:39,PTBA,RG,3280,3,D,EP,EP,D
14:37:06,PTBA,RG,3280,10,D,EP,XC,D
14:37:04,PTBA,RG,3280,3,D,EP,AK,F
14:37:03,PTBA,RG,3280,88,D,EP,DH,D
14:37:03,PTBA,RG,3280,1,D,XC,DH,D
14:37:03,PTBA,RG,3280,11,D,PD,DH,D
14:37:01,PTBA,RG,3280,1,D,PD,AK,F
14:37:00,PTBA,RG,3280,1,D,PD,AK,F
14:37:00,PTBA,RG,3280,12,D,PD,CC,D
14:37:00,PTBA,RG,3280,1,D,XC,CC,D
14:37:00,PTBA,RG,3280,1,D,XC,CC,D
14:37:00,PTBA,RG,3280,2,D,KK,CC,D
14:37:00,PTBA,RG,3280,1,D,YP,CC,D
14:37:00,PTBA,RG,3280,2,D,RG,CC,D
14:37:00,PTBA,RG,3280,5,D,XC,CC,D
14:37:00,PTBA,RG,3280,1,D,PD,CC,D
14:37:00,PTBA,RG,3280,10,D,PD,CC,D
14:37:00,PTBA,RG,3280,2,D,YP,CC,D
14:37:00,PTBA,RG,3280,1,D,PD,CC,D
14:37:00,PTBA,RG,3280,1,D,XC,CC,D
14:37:00,PTBA,RG,3280,1,D,XC,CC,D
14:36:59,PTBA,RG,3290,3,D,DH,YP,D
14:36:41,PTBA,RG,3280,1,D,XC,AK,F
14:36:40,PTBA,RG,3280,8,D,XC,YJ,D
14:36:40,PTBA,RG,3280,1,D,PD,YJ,D
14:36:40,PTBA,RG,3280,2,D,XC,YJ,D
14:36:40,PTBA,RG,3280,1,D,PD,YJ,D
14:36:40,PTBA,RG,3280,38,D,CC,YJ,D
14:36:22,PTBA,RG,3280,5,D,CC,CC,D
14:36:13,PTBA,RG,3280,1,D,CC,AK,F
14:36:11,PTBA,RG,3290,1,D,XC,YP,D
14:36:08,PTBA,RG,3280,6,D,CC,RX,F
14:36:08,PTBA,RG,3280,1,D,PD,RX,F
14:36:08,PTBA,RG,3280,1,D,KK,RX,F
14:36:08,PTBA,RG,3280,1,D,YP,RX,F
14:36:08,PTBA,RG,3280,1,D,OD,RX,F
14:36:08,PTBA,RG,3280,1,D,DR,RX,F
14:36:08,PTBA,RG,3280,8,D,PD,RX,F
14:36:06,PTBA,RG,3280,6,D,PD,RX,F
14:36:03,PTBA,RG,3280,12,D,PD,AK,F
14:36:02,PTBA,RG,3280,4,D,PD,DX,D
14:36:02,PTBA,RG,3280,10,D,NI,DX,D
14:36:02,PTBA,RG,3280,2,D,YP,DX,D
14:36:02,PTBA,RG,3280,3,D,PD,DX,D
14:36:02,PTBA,RG,3280,25,D,PD,DX,D
14:36:02,PTBA,RG,3280,30,D,NI,DX,D
14:36:02,PTBA,RG,3280,1,D,YP,DX,D
14:36:02,PTBA,RG,3280,32,D,CC,DX,D
14:36:02,PTBA,RG,3280,2,D,NI,DX,D
14:36:02,PTBA,RG,3280,10,D,CC,DX,D
14:36:02,PTBA,RG,3280,5,D,PD,DX,D
14:36:02,PTBA,RG,3280,1,D,XC,DX,D
14:36:02,PTBA,RG,3280,3,D,CC,DX,D
14:36:02,PTBA,RG,3280,3,D,PD,DX,D
14:36:02,PTBA,RG,3280,1,D,LG,DX,D
14:36:02,PTBA,RG,3280,100,D,EP,DX,D
14:36:02,PTBA,RG,3280,4,D,XL,DX,D
14:36:02,PTBA,RG,3280,5,D,PD,DX,D
14:36:02,PTBA,RG,3280,5,D,PD,DX,D
14:36:02,PTBA,RG,3280,5,D,GR,DX,D
14:36:02,PTBA,RG,3280,1,D,XC,DX,D
14:36:02,PTBA,RG,3280,20,D,AT,DX,D
14:36:02,PTBA,RG,3280,1,D,YP,DX,D
14:36:02,PTBA,RG,3280,1,D,YP,DX,D
14:36:02,PTBA,RG,3280,100,D,YP,DX,D
14:36:02,PTBA,RG,3280,10,D,GR,DX,D
14:36:02,PTBA,RG,3280,1,D,MG,DX,D
14:36:02,PTBA,RG,3280,1,D,SQ,DX,D
14:36:01,PTBA,RG,3280,1,D,SQ,NI,D
14:35:40,PTBA,RG,3280,2,D,SQ,AK,F
14:35:39,PTBA,RG,3290,6,F,KZ,YP,D
14:35:39,PTBA,RG,3290,66,D,EP,YP,D
14:35:36,PTBA,RG,3280,1,D,SQ,AK,F
14:35:35,PTBA,RG,3290,1,D,OD,YP,D
14:35:28,PTBA,RG,3290,5,F,KZ,YP,D
14:35:27,PTBA,RG,3290,4,D,YP,YP,D
14:35:26,PTBA,RG,3280,2,D,SQ,AK,F
14:35:25,PTBA,RG,3290,1,F,KZ,YP,D
14:35:25,PTBA,RG,3290,1,F,KZ,YP,D
14:35:24,PTBA,RG,3280,25,D,SQ,RX,F
14:35:24,PTBA,RG,3290,6,F,KZ,YP,D
14:35:24,PTBA,RG,3290,32,F,KZ,YP,D
14:35:24,PTBA,RG,3290,3,F,KZ,YP,D
14:35:23,PTBA,RG,3290,6,F,ZP,YP,D
14:35:15,PTBA,RG,3290,5,D,YP,YP,D
14:35:14,PTBA,RG,3280,2,D,SQ,AK,F
14:35:12,PTBA,RG,3290,50,D,CC,YP,D
14:34:56,PTBA,RG,3280,13,D,SQ,AK,F
14:34:55,PTBA,RG,3290,15,D,YP,YP,D
14:34:55,PTBA,RG,3280,1,D,SQ,OD,D
14:34:54,PTBA,RG,3290,398,D,YP,YP,D
14:34:45,PTBA,RG,3280,1,D,SQ,AK,F
14:34:44,PTBA,RG,3280,41,D,SQ,RX,F
14:34:44,PTBA,RG,3280,1,D,SQ,AK,F
14:34:42,PTBA,RG,3290,24,F,DX,YP,D
14:34:42,PTBA,RG,3280,4,D,SQ,RX,F
14:34:42,PTBA,RG,3290,24,F,KZ,YP,D
14:34:40,PTBA,RG,3280,10,D,SQ,AK,F
14:34:38,PTBA,RG,3290,292,F,KZ,YP,D
14:34:36,PTBA,RG,3280,18,D,SQ,AK,F
14:34:35,PTBA,RG,3290,4,F,KZ,YP,D
14:34:35,PTBA,RG,3290,8,F,KZ,YP,D
14:34:35,PTBA,RG,3290,1,D,YP,YP,D
14:34:34,PTBA,RG,3290,12,F,KZ,YP,D
14:34:34,PTBA,RG,3290,572,F,KZ,YP,D
14:34:14,PTBA,RG,3290,10,D,NI,YP,D
14:34:03,PTBA,RG,3280,1,D,SQ,AK,F
14:34:02,PTBA,RG,3290,10,D,YP,YP,D
14:33:58,PTBA,RG,3290,3,D,XL,YP,D
14:33:44,PTBA,RG,3280,25,D,SQ,RX,F
14:33:41,PTBA,RG,3280,4,D,SQ,AK,F
14:33:40,PTBA,RG,3280,124,D,SQ,YP,D
14:33:33,PTBA,RG,3280,1,D,SQ,AK,F
14:33:32,PTBA,RG,3290,20,F,DX,YP,D
14:33:31,PTBA,RG,3290,1,D,XC,YP,D
14:33:24,PTBA,RG,3290,1,D,XC,YP,D
14:33:22,PTBA,RG,3290,1,D,PD,YP,D
14:33:17,PTBA,RG,3280,11,D,SQ,AK,F
14:33:16,PTBA,RG,3280,211,D,SQ,DX,D
14:33:16,PTBA,RG,3280,1,D,PD,DX,D
14:33:16,PTBA,RG,3280,1,D,YP,DX,D
14:33:16,PTBA,RG,3280,1,D,YP,DX,D
14:33:16,PTBA,RG,3280,1,D,YP,DX,D
14:33:16,PTBA,RG,3280,4,D,NI,DX,D
14:33:16,PTBA,RG,3280,13,D,YP,DX,D
14:33:16,PTBA,RG,3280,5,D,XC,DX,D
14:33:16,PTBA,RG,3280,132,D,YP,DX,D
14:32:57,PTBA,RG,3280,3,D,YP,AK,F
14:32:56,PTBA,RG,3280,65,D,YP,RX,F
14:32:56,PTBA,RG,3280,1,D,NI,RX,F
14:32:56,PTBA,RG,3280,1,D,CC,RX,F
14:32:56,PTBA,RG,3280,2,D,PD,RX,F
14:32:56,PTBA,RG,3280,13,D,PD,RX,F
14:32:54,PTBA,RG,3280,2,D,PD,RX,F
14:32:54,PTBA,RG,3280,2,D,YP,RX,F
14:32:52,PTBA,RG,3280,47,D,YP,AK,F
14:32:51,PTBA,RG,3290,1520,D,YU,YP,D
14:32:49,PTBA,RG,3280,5,D,YP,AK,F
14:32:48,PTBA,RG,3290,152,D,GR,YP,D
14:32:22,PTBA,RG,3290,8,D,SQ,YP,D
14:32:20,PTBA,RG,3280,1,D,YP,NI,D
14:32:04,PTBA,RG,3280,1,D,YP,AK,F
14:32:03,PTBA,RG,3280,32,D,YP,BK,F
14:32:01,PTBA,RG,3280,2,D,YP,AK,F
14:32:01,PTBA,RG,3280,37,D,YP,RX,F
14:32:00,PTBA,RG,3280,1,D,YP,AK,F
14:32:00,PTBA,RG,3280,36,D,YP,BK,F
14:31:59,PTBA,RG,3280,8,D,YP,AK,F
14:31:59,PTBA,RG,3280,249,D,YP,RX,F
14:31:58,PTBA,RG,3280,181,D,YP,AK,F
14:31:57,PTBA,RG,3290,42,F,CS,YP,D
14:31:57,PTBA,RG,3290,72,F,CS,YP,D
14:31:57,PTBA,RG,3290,12,F,CS,YP,D
14:31:57,PTBA,RG,3290,19,F,AK,YP,D
14:31:57,PTBA,RG,3290,50,D,KK,YP,D
14:31:57,PTBA,RG,3290,6,F,KZ,YP,D
14:31:57,PTBA,RG,3290,9,D,AT,YP,D
14:31:57,PTBA,RG,3290,100,D,OD,YP,D
14:31:57,PTBA,RG,3290,152,F,KZ,YP,D
14:31:57,PTBA,RG,3290,518,F,KZ,YP,D
14:31:57,PTBA,RG,3290,26,F,DX,YP,D
14:31:57,PTBA,RG,3290,27,F,CS,YP,D
14:31:57,PTBA,RG,3290,5,D,DR,YP,D
14:31:57,PTBA,RG,3290,5,D,YP,YP,D
14:31:57,PTBA,RG,3290,1,D,YP,YP,D
14:31:57,PTBA,RG,3290,11,F,KZ,YP,D
14:31:57,PTBA,RG,3290,18,F,KZ,YP,D
14:31:57,PTBA,RG,3290,132,F,BK,YP,D
14:31:57,PTBA,RG,3290,1,D,CC,YP,D
14:31:57,PTBA,RG,3290,106,F,KZ,YP,D
14:31:57,PTBA,RG,3290,7,F,CS,YP,D
14:31:57,PTBA,RG,3290,1,F,CS,YP,D
14:31:57,PTBA,RG,3290,13,F,CS,YP,D
14:31:57,PTBA,RG,3290,84,F,ZP,YP,D
14:31:57,PTBA,RG,3290,10,D,NI,YP,D
14:31:57,PTBA,RG,3290,3,D,DR,YP,D
14:31:57,PTBA,RG,3290,5,D,PD,YP,D
14:31:57,PTBA,RG,3290,50,D,OD,YP,D
14:31:57,PTBA,RG,3290,1,D,XL,YP,D
14:31:57,PTBA,RG,3290,2,D,PD,YP,D
14:31:57,PTBA,RG,3290,1,D,PD,YP,D
14:31:57,PTBA,RG,3290,3,D,YP,YP,D
14:31:57,PTBA,RG,3290,1,D,XC,YP,D
14:31:57,PTBA,RG,3290,300,D,CC,YP,D
14:31:57,PTBA,RG,3290,1,D,PD,YP,D
14:31:57,PTBA,RG,3290,5,D,NI,YP,D
14:31:57,PTBA,RG,3290,20,D,CC,YP,D
14:31:57,PTBA,RG,3290,10,D,NI,YP,D
14:31:57,PTBA,RG,3290,8,F,ZP,YP,D
14:31:57,PTBA,RG,3290,1,D,GR,YP,D
14:31:57,PTBA,RG,3290,5,D,YU,YP,D
14:31:57,PTBA,RG,3290,1,D,XC,YP,D
14:31:57,PTBA,RG,3290,10,D,NI,YP,D
14:31:57,PTBA,RG,3290,1000,D,KI,YP,D
14:31:57,PTBA,RG,3290,50,D,YP,YP,D
14:31:57,PTBA,RG,3290,2,D,XC,YP,D
14:31:57,PTBA,RG,3290,1,D,XC,YP,D
14:31:57,PTBA,RG,3290,5,D,GR,YP,D
14:31:57,PTBA,RG,3290,1,D,XC,YP,D
14:31:57,PTBA,RG,3290,20,D,KK,YP,D
14:31:57,PTBA,RG,3290,5,D,DR,YP,D
14:31:57,PTBA,RG,3290,25,D,YP,YP,D
14:31:57,PTBA,RG,3290,30,D,CC,YP,D
14:31:57,PTBA,RG,3290,100,D,YU,YP,D
14:31:57,PTBA,RG,3290,3,D,CC,YP,D
14:31:57,PTBA,RG,3290,10,D,CC,YP,D
14:31:57,PTBA,RG,3290,2,D,CC,YP,D
14:31:57,PTBA,RG,3290,1,D,NI,YP,D
14:31:57,PTBA,RG,3290,10,D,CC,YP,D
14:31:57,PTBA,RG,3290,1,D,XC,YP,D
14:31:57,PTBA,RG,3290,1,D,NI,YP,D
14:31:57,PTBA,RG,3290,100,D,KK,YP,D
14:31:57,PTBA,RG,3290,3,D,ZP,YP,D
14:31:57,PTBA,RG,3290,2,D,KK,YP,D
14:31:57,PTBA,RG,3290,1612,F,CS,YP,D
14:31:57,PTBA,RG,3290,1,D,PD,YP,D
14:31:57,PTBA,RG,3290,2,D,XL,YP,D
14:31:57,PTBA,RG,3290,210,F,KZ,YP,D
14:31:57,PTBA,RG,3290,1,D,AZ,YP,D
14:31:57,PTBA,RG,3290,1,D,XC,YP,D
14:31:57,PTBA,RG,3290,1,D,XC,YP,D
14:31:57,PTBA,RG,3290,1,D,KK,YP,D
14:31:57,PTBA,RG,3290,10,D,YP,YP,D
14:31:57,PTBA,RG,3290,1,D,XC,YP,D
14:31:57,PTBA,RG,3290,8,D,YP,YP,D
14:31:57,PTBA,RG,3290,1,D,YP,YP,D
14:31:57,PTBA,RG,3290,5,D,PD,YP,D
14:31:57,PTBA,RG,3290,1,D,YP,YP,D
14:31:57,PTBA,RG,3290,10,D,DX,YP,D
14:31:57,PTBA,RG,3290,8,D,YP,YP,D
14:31:57,PTBA,RG,3290,10,D,SQ,YP,D
14:31:57,PTBA,RG,3290,2,D,XC,YP,D
14:31:57,PTBA,RG,3290,30,D,YP,YP,D
14:31:57,PTBA,RG,3290,40,D,XC,YP,D
14:31:57,PTBA,RG,3290,5,D,CC,YP,D
14:31:57,PTBA,RG,3290,30,D,PD,YP,D
14:31:57,PTBA,RG,3290,1,D,XC,YP,D
14:31:57,PTBA,RG,3290,5,D,KK,YP,D
14:31:57,PTBA,RG,3290,3,D,XC,YP,D
14:31:57,PTBA,RG,3290,1,D,YP,YP,D
14:31:57,PTBA,RG,3290,50,D,OD,YP,D
14:31:57,PTBA,RG,3290,2,D,PD,YP,D
14:31:57,PTBA,RG,3290,1,D,XC,YP,D
14:31:57,PTBA,RG,3290,10,D,NI,YP,D
14:31:57,PTBA,RG,3290,1,D,HP,YP,D
14:31:57,PTBA,RG,3290,1,D,CC,YP,D
14:31:57,PTBA,RG,3290,10,D,PD,YP,D
14:31:57,PTBA,RG,3290,5,D,DR,YP,D
14:31:57,PTBA,RG,3290,10,D,NI,YP,D
14:31:57,PTBA,RG,3290,3,D,PD,YP,D
14:31:57,PTBA,RG,3290,1,D,PD,YP,D
14:31:57,PTBA,RG,3290,1,D,PD,YP,D
14:31:57,PTBA,RG,3290,3,D,PD,YP,D
14:31:57,PTBA,RG,3290,1,D,XC,YP,D
14:31:57,PTBA,RG,3290,5,D,CC,YP,D
14:31:57,PTBA,RG,3290,1,D,XC,YP,D
14:31:57,PTBA,RG,3290,1,D,GR,YP,D
14:31:57,PTBA,RG,3290,1,D,YP,YP,D
14:31:57,PTBA,RG,3290,3,D,XC,YP,D
14:31:57,PTBA,RG,3290,1,D,PD,YP,D
14:31:57,PTBA,RG,3290,2,D,NI,YP,D
14:31:57,PTBA,RG,3290,1,D,YP,YP,D
14:31:57,PTBA,RG,3290,2,D,XC,YP,D
14:31:57,PTBA,RG,3290,1,D,DR,YP,D
14:31:57,PTBA,RG,3290,1,D,XC,YP,D
14:31:57,PTBA,RG,3290,3,D,PD,YP,D
14:31:57,PTBA,RG,3290,35,D,PD,YP,D
14:31:57,PTBA,RG,3290,5,D,NI,YP,D
14:31:57,PTBA,RG,3290,1,D,XC,YP,D
14:31:57,PTBA,RG,3290,1,D,DX,YP,D
14:31:57,PTBA,RG,3290,1,D,PD,YP,D
14:31:57,PTBA,RG,3290,20,D,CC,YP,D
14:31:57,PTBA,RG,3290,1,D,ZP,YP,D
14:31:57,PTBA,RG,3290,11,D,PD,YP,D
14:31:57,PTBA,RG,3290,5,D,XC,YP,D
14:31:57,PTBA,RG,3290,6,F,ZP,YP,D
14:31:57,PTBA,RG,3290,22,F,CS,YP,D
14:31:57,PTBA,RG,3290,37,F,ZP,YP,D
14:31:57,PTBA,RG,3290,5,D,NI,YP,D
14:31:57,PTBA,RG,3290,8,F,CS,YP,D
14:31:57,PTBA,RG,3290,1,D,XL,YP,D
14:31:57,PTBA,RG,3290,21,F,AK,YP,D
14:31:57,PTBA,RG,3290,5,D,CC,YP,D
14:31:57,PTBA,RG,3290,26,F,CS,YP,D
14:31:57,PTBA,RG,3290,2,D,CC,YP,D
14:31:57,PTBA,RG,3290,1,F,CS,YP,D
14:31:57,PTBA,RG,3290,9,D,DR,YP,D
14:31:57,PTBA,RG,3290,1,D,PD,YP,D
14:31:57,PTBA,RG,3290,10,D,KK,YP,D
14:31:57,PTBA,RG,3290,1,D,PD,YP,D
14:31:57,PTBA,RG,3290,3,D,PD,YP,D
14:31:57,PTBA,RG,3290,15,D,PD,YP,D
14:31:57,PTBA,RG,3290,1,D,GR,YP,D
14:31:57,PTBA,RG,3290,16,D,CC,YP,D
14:31:57,PTBA,RG,3290,15,D,CC,YP,D
14:31:57,PTBA,RG,3290,4,D,XC,YP,D
14:31:57,PTBA,RG,3290,1,D,NI,YP,D
14:31:57,PTBA,RG,3290,1,D,CC,YP,D
14:31:57,PTBA,RG,3290,10,D,DX,YP,D
14:31:57,PTBA,RG,3290,10,D,NI,YP,D
14:31:57,PTBA,RG,3290,30,D,BQ,YP,D
14:31:57,PTBA,RG,3290,1,D,NI,YP,D
14:31:57,PTBA,RG,3290,1,D,NI,YP,D
14:31:57,PTBA,RG,3290,2,D,XL,YP,D
14:31:57,PTBA,RG,3290,1,D,XC,YP,D
14:31:57,PTBA,RG,3290,1,D,YP,YP,D
14:31:57,PTBA,RG,3290,5,F,ZP,YP,D
14:31:57,PTBA,RG,3290,1,D,YP,YP,D
14:31:57,PTBA,RG,3290,1,D,NI,YP,D
14:31:57,PTBA,RG,3290,1,D,PD,YP,D
14:31:57,PTBA,RG,3290,1,D,CC,YP,D
14:31:57,PTBA,RG,3290,1,D,YP,YP,D
14:31:57,PTBA,RG,3290,3,D,CC,YP,D
14:31:57,PTBA,RG,3290,1,D,PD,YP,D
14:31:57,PTBA,RG,3290,1,D,XC,YP,D
14:31:57,PTBA,RG,3290,1,D,IH,YP,D
14:31:57,PTBA,RG,3290,57,D,NI,YP,D
14:31:57,PTBA,RG,3290,35,D,XC,YP,D
14:31:57,PTBA,RG,3290,5,D,YP,YP,D
14:31:57,PTBA,RG,3290,1,D,YP,YP,D
14:31:57,PTBA,RG,3290,45,D,DH,YP,D
14:31:38,PTBA,RG,3290,1,D,DH,RX,F
14:31:37,PTBA,RG,3290,1,D,DH,AK,F
14:31:36,PTBA,RG,3290,3,D,DH,RX,F
14:31:36,PTBA,RG,3290,11,D,PD,RX,F
14:31:36,PTBA,RG,3290,5,D,PD,RX,F
14:31:36,PTBA,RG,3290,15,D,XC,RX,F
14:31:31,PTBA,RG,3290,5,D,XC,NI,D
14:31:30,PTBA,RG,3290,16,D,XC,AK,F
14:31:29,PTBA,RG,3290,204,D,XC,CC,D
14:31:29,PTBA,RG,3290,10,D,NI,CC,D
14:31:29,PTBA,RG,3290,20,D,YP,CC,D
14:31:29,PTBA,RG,3290,10,D,KK,CC,D
14:31:29,PTBA,RG,3290,10,D,KK,CC,D
14:31:29,PTBA,RG,3290,1,D,XC,CC,D
14:31:29,PTBA,RG,3290,1,D,AZ,CC,D
14:31:29,PTBA,RG,3290,1,D,PD,CC,D
14:31:29,PTBA,RG,3290,243,D,DR,CC,D
14:31:27,PTBA,RG,3290,5,D,DR,AZ,D
14:30:46,PTBA,RG,3290,3,D,DR,AK,F
14:30:45,PTBA,RG,3300,67,D,YP,CC,F
14:30:45,PTBA,RG,3300,22,D,YP,CC,F
14:30:43,PTBA,RG,3290,1,D,DR,AK,F
14:30:42,PTBA,RG,3290,50,D,DR,BK,F
14:30:38,PTBA,RG,3290,2,D,DR,AK,F
14:30:37,PTBA,RG,3290,51,D,DR,BK,F
14:30:36,PTBA,RG,3290,6,D,DR,AK,F
14:30:35,PTBA,RG,3290,139,D,DR,RX,F
14:30:35,PTBA,RG,3290,1,D,PD,RX,F
14:30:35,PTBA,RG,3290,2,D,DR,RX,F
14:30:35,PTBA,RG,3290,27,D,YP,RX,F
14:30:35,PTBA,RG,3290,46,D,KI,RX,F
14:30:33,PTBA,RG,3290,1,D,KI,AK,F
14:30:32,PTBA,RG,3290,32,D,KI,BK,F
14:30:31,PTBA,RG,3290,5,D,KI,AK,F
14:30:30,PTBA,RG,3290,138,D,KI,BK,F
14:30:28,PTBA,RG,3290,12,D,KI,AK,F
14:30:27,PTBA,RG,3290,266,D,KI,BK,F
14:30:27,PTBA,RG,3290,37,D,XC,BK,F
14:30:27,PTBA,RG,3290,1,D,XC,BK,F
14:30:27,PTBA,RG,3290,1,D,PD,BK,F
14:30:27,PTBA,RG,3290,100,D,CC,BK,F
14:30:27,PTBA,RG,3290,249,D,YP,BK,F
14:30:25,PTBA,RG,3290,98,D,YP,AK,F
14:30:25,PTBA,RG,3300,6,F,CS,AK,F
14:30:24,PTBA,RG,3300,1,F,CS,AK,F
14:30:24,PTBA,RG,3300,1,F,CS,AK,F
14:30:24,PTBA,RG,3300,3,F,CS,AK,F
14:30:24,PTBA,RG,3300,15,F,CS,BK,F
14:30:24,PTBA,RG,3300,11,F,CS,BK,F
14:30:24,PTBA,RG,3300,3,F,CS,BK,F
14:30:24,PTBA,RG,3300,5,F,CS,BK,F
14:30:24,PTBA,RG,3300,13,F,CS,BK,F
14:30:24,PTBA,RG,3300,2,F,CS,BK,F
14:30:24,PTBA,RG,3300,21,F,CS,BK,F
14:30:24,PTBA,RG,3300,1,F,CS,BK,F
14:30:24,PTBA,RG,3300,2,F,CS,BK,F
14:30:24,PTBA,RG,3300,5,F,CS,BK,F
14:30:24,PTBA,RG,3300,166,F,AK,BK,F
14:30:24,PTBA,RG,3300,18,F,AK,BK,F
14:30:24,PTBA,RG,3300,4,F,CS,BK,F
14:30:24,PTBA,RG,3300,20,F,AK,BK,F
14:30:24,PTBA,RG,3300,1,D,CC,BK,F
14:30:24,PTBA,RG,3300,2,D,XC,BK,F
14:30:24,PTBA,RG,3300,1,D,YP,BK,F
14:30:24,PTBA,RG,3300,10,D,NI,BK,F
14:30:24,PTBA,RG,3300,3,F,KZ,BK,F
14:30:24,PTBA,RG,3300,247,F,KZ,BK,F
14:30:24,PTBA,RG,3300,127,F,KZ,BK,F
14:30:24,PTBA,RG,3300,6,D,DR,BK,F
14:30:24,PTBA,RG,3300,45,D,GR,BK,F
14:30:24,PTBA,RG,3300,20,D,NI,BK,F
14:30:24,PTBA,RG,3300,5,D,PD,BK,F
14:30:24,PTBA,RG,3300,10,D,NI,BK,F
14:30:24,PTBA,RG,3300,5,D,DR,BK,F
14:30:24,PTBA,RG,3300,16,F,ZP,BK,F
14:30:23,PTBA,RG,3300,7,F,ZP,AK,F
14:30:23,PTBA,RG,3300,73,F,ZP,BK,F
14:30:23,PTBA,RG,3300,10,D,NI,BK,F
14:30:23,PTBA,RG,3300,2,D,EP,BK,F
14:30:23,PTBA,RG,3300,1,D,XC,BK,F
14:30:23,PTBA,RG,3300,2,D,NI,BK,F
14:30:23,PTBA,RG,3300,20,D,AT,BK,F
14:30:23,PTBA,RG,3300,1,D,PD,BK,F
14:30:23,PTBA,RG,3300,3,D,YP,BK,F
14:30:23,PTBA,RG,3300,86,F,KZ,BK,F
14:30:23,PTBA,RG,3300,5,F,CS,BK,F
14:30:23,PTBA,RG,3300,1,F,CS,BK,F
14:30:23,PTBA,RG,3300,4,F,CS,BK,F
14:30:23,PTBA,RG,3300,2,F,CS,BK,F
14:30:23,PTBA,RG,3300,3,D,NI,BK,F
14:30:23,PTBA,RG,3300,6,D,YP,BK,F
14:30:23,PTBA,RG,3300,2,D,PD,BK,F
14:30:23,PTBA,RG,3300,2,D,XL,BK,F
14:30:23,PTBA,RG,3300,1,D,PD,BK,F
14:30:23,PTBA,RG,3300,1,D,XL,BK,F
14:30:23,PTBA,RG,3300,1,F,CS,BK,F
14:30:23,PTBA,RG,3300,4,F,CS,BK,F
14:30:23,PTBA,RG,3300,1,D,XC,BK,F
14:30:23,PTBA,RG,3300,5,D,YP,BK,F
14:30:23,PTBA,RG,3300,16,D,XC,BK,F
14:30:23,PTBA,RG,3300,3,F,CS,BK,F
14:30:23,PTBA,RG,3300,5,F,CS,BK,F
14:30:23,PTBA,RG,3300,2,F,CS,BK,F
14:30:23,PTBA,RG,3300,1,F,CS,BK,F
14:30:23,PTBA,RG,3300,1,F,CS,BK,F
14:30:23,PTBA,RG,3300,3,D,CC,BK,F
14:30:23,PTBA,RG,3300,4,F,CS,BK,F
14:30:23,PTBA,RG,3300,2,F,CS,BK,F
14:30:23,PTBA,RG,3300,100,D,PD,BK,F
14:30:23,PTBA,RG,3300,1,D,PD,BK,F
14:30:23,PTBA,RG,3300,5,D,AT,BK,F
14:30:23,PTBA,RG,3300,34,F,CS,BK,F
14:30:23,PTBA,RG,3300,16,F,CS,BK,F
14:30:23,PTBA,RG,3300,7,F,CS,BK,F
14:30:23,PTBA,RG,3300,7,F,ZP,BK,F
14:30:23,PTBA,RG,3300,100,D,PD,BK,F
14:30:23,PTBA,RG,3300,50,D,YJ,BK,F
14:30:23,PTBA,RG,3300,3,D,XC,BK,F
14:30:23,PTBA,RG,3300,11,F,ZP,BK,F
14:30:23,PTBA,RG,3300,20,F,AK,BK,F
14:30:23,PTBA,RG,3300,1,F,CS,BK,F
14:30:23,PTBA,RG,3300,4,F,CS,BK,F
14:30:23,PTBA,RG,3300,5,F,CS,BK,F
14:30:23,PTBA,RG,3300,20,F,CS,BK,F
14:30:23,PTBA,RG,3300,21,F,CS,BK,F
14:30:23,PTBA,RG,3300,1,F,CS,BK,F
14:30:23,PTBA,RG,3300,7,F,CS,BK,F
14:30:23,PTBA,RG,3300,10,D,PD,BK,F
14:30:23,PTBA,RG,3300,17,F,AK,BK,F
14:30:23,PTBA,RG,3300,1,F,CS,BK,F
14:30:23,PTBA,RG,3300,7,F,CS,BK,F
14:30:23,PTBA,RG,3300,3,F,CS,BK,F
14:30:23,PTBA,RG,3300,12,F,CS,BK,F
14:30:23,PTBA,RG,3300,1515,D,YU,BK,F
14:30:23,PTBA,RG,3300,10,D,PD,BK,F
14:30:23,PTBA,RG,3300,5,D,PD,BK,F
14:30:23,PTBA,RG,3300,14,D,PD,BK,F
14:30:23,PTBA,RG,3300,1,D,YP,BK,F
14:30:23,PTBA,RG,3300,1,F,CS,BK,F
14:30:23,PTBA,RG,3300,3,F,CS,BK,F
14:30:23,PTBA,RG,3300,3,F,CS,BK,F
14:30:23,PTBA,RG,3300,40,F,CS,BK,F
14:30:23,PTBA,RG,3300,88,F,KZ,BK,F
14:30:23,PTBA,RG,3300,84,F,AK,BK,F
14:30:22,PTBA,RG,3300,213,F,BK,DX,D
14:30:15,PTBA,RG,3300,1,F,BK,AK,F
14:30:13,PTBA,RG,3300,36,F,BK,BK,F
14:30:11,PTBA,RG,3300,1,F,BK,AK,F
14:30:10,PTBA,RG,3310,10,D,XC,GR,D
14:30:00,PTBA,RG,3310,12,D,KK,GR,D
14:29:52,PTBA,RG,3310,8,D,NI,GR,D
14:29:52,PTBA,RG,3300,1,F,BK,AK,F
14:29:50,PTBA,RG,3300,20,F,BK,NI,D
14:29:41,PTBA,RG,3300,1,F,BK,OD,D
14:29:36,PTBA,RG,3300,1,F,BK,AK,F
14:29:35,PTBA,RG,3300,34,F,BK,RX,F
14:29:35,PTBA,RG,3300,1,F,BK,AK,F
14:29:34,PTBA,RG,3300,5,F,BK,XC,D
14:29:34,PTBA,RG,3300,1,F,BK,AK,F
14:29:34,PTBA,RG,3300,35,F,BK,BK,F
14:29:33,PTBA,RG,3300,22,F,BK,RX,F
14:29:33,PTBA,RG,3300,2,F,BK,AK,F
14:29:32,PTBA,RG,3300,57,F,BK,BK,F
14:29:28,PTBA,RG,3300,6,F,BK,AK,F
14:29:27,PTBA,RG,3300,223,F,BK,BK,F
14:29:27,PTBA,RG,3300,3,F,BK,AK,F
14:29:26,PTBA,RG,3300,31,F,BK,AK,F
14:29:26,PTBA,RG,3300,97,F,BK,AK,F
14:29:25,PTBA,RG,3310,122,D,NI,GR,D
14:29:25,PTBA,RG,3310,10,D,NI,CC,D
14:29:25,PTBA,RG,3310,1,D,NI,PD,D
14:29:25,PTBA,RG,3310,867,D,NI,CC,D
14:28:52,PTBA,RG,3300,1,F,BK,AK,F
14:28:51,PTBA,RG,3300,32,F,BK,BK,F
14:28:48,PTBA,RG,3300,2,F,BK,AK,F
14:28:47,PTBA,RG,3300,27,F,BK,BK,F
14:28:47,PTBA,RG,3300,1,F,KZ,BK,F
14:28:47,PTBA,RG,3300,2,F,KZ,BK,F
14:28:47,PTBA,RG,3300,26,F,AK,BK,F
14:28:47,PTBA,RG,3300,6,F,KZ,BK,F
14:28:47,PTBA,RG,3300,1,F,KZ,BK,F
14:28:43,PTBA,RG,3300,8,F,KZ,AK,F
14:28:42,PTBA,RG,3300,78,F,KZ,BK,F
14:28:42,PTBA,RG,3300,2,F,BK,BK,F
14:28:42,PTBA,RG,3300,5,F,ZP,BK,F
14:28:42,PTBA,RG,3300,11,F,ZP,BK,F
14:28:42,PTBA,RG,3300,7,F,ZP,BK,F
14:28:42,PTBA,RG,3300,10,F,ZP,BK,F
14:28:42,PTBA,RG,3300,138,D,GR,BK,F
14:28:42,PTBA,RG,3300,47,D,GR,AK,F
14:28:41,PTBA,RG,3310,133,D,YU,CC,D
14:28:41,PTBA,RG,3310,7,D,YU,PD,D
14:28:41,PTBA,RG,3310,600,D,YU,GR,D
14:28:41,PTBA,RG,3310,570,D,YU,OD,D
14:28:41,PTBA,RG,3310,64,D,YU,PD,D
14:28:41,PTBA,RG,3310,50,D,YU,YP,D
14:28:41,PTBA,RG,3310,1,D,YU,YP,D
14:28:41,PTBA,RG,3310,2,D,YU,XC,D
14:28:41,PTBA,RG,3310,1,D,YU,CC,D
14:28:41,PTBA,RG,3310,1,D,YU,XC,D
14:28:41,PTBA,RG,3310,16,D,YU,DX,D
14:28:41,PTBA,RG,3310,45,D,YU,KK,D
14:28:41,PTBA,RG,3310,1,D,YU,PD,D
14:28:41,PTBA,RG,3310,3,D,YU,PD,D
14:28:41,PTBA,RG,3310,1,D,YU,PD,D
14:28:41,PTBA,RG,3310,25,D,YU,PD,D
14:28:39,PTBA,RG,3310,1,D,CC,PD,D
14:28:16,PTBA,RG,3300,1,D,GR,AK,F
14:28:15,PTBA,RG,3310,17,F,AK,PD,D
14:28:15,PTBA,RG,3300,1,D,GR,AK,F
14:27:59,PTBA,RG,3300,1,D,GR,AK,F
14:27:59,PTBA,RG,3300,5,D,GR,PD,D
14:27:58,PTBA,RG,3300,30,D,GR,HP,D
14:27:54,PTBA,RG,3300,3,D,GR,AK,F
14:27:53,PTBA,RG,3300,3,D,GR,AK,F
14:27:53,PTBA,RG,3300,71,D,GR,DX,D
14:27:53,PTBA,RG,3300,10,F,ZP,DX,D
14:27:53,PTBA,RG,3300,10,F,ZP,DX,D
14:27:43,PTBA,RG,3310,21,D,EP,PD,D
14:27:16,PTBA,RG,3310,1,D,YP,PD,D
14:27:06,PTBA,RG,3300,2,F,ZP,AK,F
14:27:06,PTBA,RG,3300,3,F,ZP,AK,F
14:27:05,PTBA,RG,3300,3,F,ZP,AK,F
14:27:05,PTBA,RG,3300,3,F,ZP,AK,F
14:27:05,PTBA,RG,3300,4,F,ZP,AK,F
14:27:04,PTBA,RG,3300,7,F,ZP,AK,F
14:27:04,PTBA,RG,3300,4,F,CS,AK,F
14:27:04,PTBA,RG,3300,4,F,CS,AK,F
14:27:04,PTBA,RG,3300,2,F,CS,AK,F
14:27:04,PTBA,RG,3300,3,F,CS,AK,F
14:27:04,PTBA,RG,3300,11,F,ZP,AK,F
14:27:04,PTBA,RG,3300,102,F,ZP,PD,D
14:26:59,PTBA,RG,3300,3,F,ZP,AK,F
14:26:59,PTBA,RG,3300,8,F,ZP,AK,F
14:26:57,PTBA,RG,3300,102,F,ZP,PD,D
14:26:44,PTBA,RG,3300,1,F,ZP,AK,F
14:26:43,PTBA,RG,3300,3,F,ZP,AK,F
14:26:42,PTBA,RG,3300,23,F,ZP,CC,D
14:26:28,PTBA,RG,3300,1,F,ZP,CC,D
14:26:23,PTBA,RG,3310,9,F,ZP,PD,D
14:26:17,PTBA,RG,3300,1,F,ZP,AK,F
14:26:17,PTBA,RG,3300,1,F,ZP,CC,D
14:26:16,PTBA,RG,3300,2,F,ZP,AK,F
14:26:15,PTBA,RG,3300,33,F,ZP,YP,D
14:26:03,PTBA,RG,3300,1,F,ZP,AK,F
14:26:02,PTBA,RG,3300,4,F,ZP,AK,F
14:26:02,PTBA,RG,3300,14,F,ZP,SQ,D
14:25:47,PTBA,RG,3300,1,F,ZP,AK,F
14:25:45,PTBA,RG,3310,24,F,AK,PD,D
14:25:13,PTBA,RG,3300,4,F,ZP,YP,D
14:25:03,PTBA,RG,3300,3,F,ZP,AK,F
14:25:02,PTBA,RG,3300,1,F,ZP,AK,F
14:25:01,PTBA,RG,3300,116,F,ZP,AK,F
14:25:00,PTBA,RG,3300,163,F,ZP,YP,D
14:24:45,PTBA,RG,3300,50,F,ZP,NI,D
14:24:23,PTBA,RG,3310,4,F,ZP,PD,D
14:24:23,PTBA,RG,3310,5,F,ZP,DX,D
14:24:15,PTBA,RG,3310,5,F,ZP,DX,D
14:24:15,PTBA,RG,3310,50,F,ZP,PD,D
14:24:15,PTBA,RG,3310,3,F,ZP,YP,D
14:24:03,PTBA,RG,3310,1,D,XC,YP,D
14:23:56,PTBA,RG,3300,1,F,ZP,YP,D
14:23:21,PTBA,RG,3310,8,F,AK,YP,D
14:23:21,PTBA,RG,3310,1,F,AK,LG,D
14:23:21,PTBA,RG,3310,11,F,AK,OD,D
14:23:05,PTBA,RG,3300,16,F,ZP,NI,D
14:22:49,PTBA,RG,3300,3,F,ZP,XC,D
14:22:45,PTBA,RG,3300,1,F,ZP,OD,D
14:22:25,PTBA,RG,3300,3,F,ZP,XC,D
14:22:16,PTBA,RG,3310,64,F,ZP,OD,D
14:21:58,PTBA,RG,3310,9,F,ZP,OD,D
14:21:31,PTBA,RG,3300,1,F,ZP,CC,D
14:21:31,PTBA,RG,3300,4,F,KZ,CC,D
14:21:31,PTBA,RG,3300,4,F,CS,CC,D
14:21:31,PTBA,RG,3300,11,F,CS,CC,D
14:21:13,PTBA,RG,3310,16,F,CS,OD,D
14:21:13,PTBA,RG,3310,26,F,CS,DR,D
14:21:13,PTBA,RG,3310,1,F,CS,XC,D
14:21:13,PTBA,RG,3310,49,F,CS,YP,D
14:21:13,PTBA,RG,3310,15,F,CS,KK,D
14:21:13,PTBA,RG,3310,47,F,CS,CC,D
14:21:06,PTBA,RG,3310,29,F,CS,CC,D
14:20:50,PTBA,RG,3300,4,F,CS,DR,D
14:20:50,PTBA,RG,3300,25,D,KK,DR,D
14:20:22,PTBA,RG,3310,1,D,CC,CC,D
14:20:22,PTBA,RG,3310,23,F,ZP,CC,D
14:20:22,PTBA,RG,3310,46,F,ZP,CC,D
14:19:44,PTBA,RG,3310,29,F,CS,CC,D
14:19:40,PTBA,RG,3310,1,D,XC,CC,D
14:19:31,PTBA,RG,3310,4,D,XL,CC,D
14:19:22,PTBA,RG,3310,1,D,PD,CC,D
14:19:21,PTBA,RG,3310,9,F,ZP,CC,D
14:19:14,PTBA,RG,3310,10,D,MG,CC,D
14:19:14,PTBA,RG,3310,100,D,MG,CC,D
14:19:14,PTBA,RG,3310,1,D,MG,NI,D
14:19:14,PTBA,RG,3310,139,D,MG,YP,D
14:19:14,PTBA,RG,3310,10,F,ZP,YP,D
14:19:14,PTBA,RG,3310,3,F,ZP,XC,D
14:19:14,PTBA,RG,3310,5,F,ZP,DH,D
14:19:14,PTBA,RG,3310,25,F,ZP,YP,D
14:19:14,PTBA,RG,3310,2,F,ZP,YP,D
14:19:14,PTBA,RG,3310,5,F,ZP,YP,D
14:19:14,PTBA,RG,3310,2,F,ZP,YP,D
14:19:14,PTBA,RG,3310,35,F,ZP,LG,D
14:18:45,PTBA,RG,3310,14,F,AK,LG,D
14:17:38,PTBA,RG,3310,2,D,YP,LG,D
14:17:31,PTBA,RG,3310,2,D,KK,LG,D
14:17:17,PTBA,RG,3310,122,F,ZP,LG,D
14:17:04,PTBA,RG,3310,9,F,ZP,LG,D
14:16:56,PTBA,RG,3300,10,D,KK,XL,D
14:16:43,PTBA,RG,3300,1,D,KK,OD,D
14:16:36,PTBA,RG,3300,1,D,KK,PD,D
14:16:30,PTBA,RG,3310,16,F,AK,LG,D
14:15:43,PTBA,RG,3300,1,D,KK,OD,D
14:15:27,PTBA,RG,3310,10,F,ZP,CC,D
14:15:27,PTBA,RG,3310,4,F,ZP,YP,D
14:15:27,PTBA,RG,3310,5,F,ZP,XC,D
14:15:27,PTBA,RG,3310,2,F,ZP,PD,D
14:15:27,PTBA,RG,3310,17,F,ZP,DX,D
14:15:06,PTBA,RG,3300,2,D,KK,PD,D
14:14:50,PTBA,RG,3310,3,F,ZP,DX,D
14:14:50,PTBA,RG,3310,6,F,ZP,YB,D
14:14:43,PTBA,RG,3300,3,D,KK,OD,D
14:14:39,PTBA,RG,3310,9,F,ZP,YB,D
14:14:39,PTBA,RG,3310,50,F,ZP,CC,D
14:14:39,PTBA,RG,3310,8,F,ZP,BQ,D
14:14:39,PTBA,RG,3310,1,F,ZP,CC,D
14:14:39,PTBA,RG,3310,10,F,ZP,YB,D
14:14:39,PTBA,RG,3310,12,F,ZP,CC,D
14:14:33,PTBA,RG,3310,1,D,CC,CC,D
14:14:33,PTBA,RG,3310,2,D,CC,PD,D
14:14:32,PTBA,RG,3310,5,D,NI,PD,D
14:14:32,PTBA,RG,3310,1,D,NI,PD,D
14:14:32,PTBA,RG,3310,5,D,NI,YP,D
14:14:32,PTBA,RG,3310,1,D,NI,YP,D
14:14:32,PTBA,RG,3310,3,D,NI,PD,D
14:14:14,PTBA,RG,3310,1,D,DH,KK,D
14:13:45,PTBA,RG,3310,18,F,AK,KK,D
14:13:45,PTBA,RG,3300,4,D,KK,OD,D
14:13:29,PTBA,RG,3310,5,D,CC,KK,D
14:13:29,PTBA,RG,3310,3,D,KK,KK,D
14:13:24,PTBA,RG,3310,1,F,BK,KK,D
14:12:47,PTBA,RG,3300,3,D,KK,OD,D
14:12:21,PTBA,RG,3310,55,F,ZP,KK,D
14:12:20,PTBA,RG,3310,5,D,PD,KK,D
14:11:45,PTBA,RG,3300,4,D,KK,OD,D
14:11:30,PTBA,RG,3310,12,F,AK,KK,D
14:11:30,PTBA,RG,3310,3,F,AK,YP,D
14:11:23,PTBA,RG,3300,1,D,KK,XL,D
14:11:08,PTBA,RG,3300,3,D,KK,PD,D
14:11:07,PTBA,RG,3300,1,D,KK,XC,D
14:10:59,PTBA,RG,3310,5,D,CC,AK,F
14:10:44,PTBA,RG,3310,6,D,EP,AK,F
14:10:20,PTBA,RG,3310,16,F,ZP,AK,F
14:10:04,PTBA,RG,3300,53,D,KK,AK,F
14:10:04,PTBA,RG,3300,31,D,KK,AK,F
14:10:03,PTBA,RG,3300,3,D,KK,OD,D
14:10:03,PTBA,RG,3300,18,D,KK,XC,D
14:10:03,PTBA,RG,3300,13,D,KK,XC,D
14:10:03,PTBA,RG,3300,30,D,KK,RX,F
14:10:03,PTBA,RG,3300,2,D,KK,HP,D
14:10:03,PTBA,RG,3300,100,D,KK,NI,D
14:10:03,PTBA,RG,3300,25,D,KK,YB,D
14:10:03,PTBA,RG,3300,500,D,KK,EP,D
14:10:03,PTBA,RG,3300,11,D,KK,YU,D
14:10:03,PTBA,RG,3300,1,D,KK,AK,F
14:10:03,PTBA,RG,3300,33,D,KK,BK,F
14:10:03,PTBA,RG,3300,1,D,KK,AK,F
14:10:03,PTBA,RG,3300,100,D,KK,YP,D
14:10:03,PTBA,RG,3300,20,D,KK,CC,F
14:10:00,PTBA,RG,3300,3,F,KZ,CC,F
14:09:58,PTBA,RG,3300,9,F,ZP,CC,F
14:09:58,PTBA,RG,3300,6,F,KZ,CC,F
14:09:57,PTBA,RG,3300,22,F,ZP,CC,F
14:09:57,PTBA,RG,3300,10,F,ZP,CP,D
14:09:57,PTBA,RG,3300,26,F,ZP,RX,F
14:09:50,PTBA,RG,3300,5,D,OD,RX,F
14:09:48,PTBA,RG,3300,5,F,KZ,NI,D
14:09:48,PTBA,RG,3300,13,F,KZ,RX,F
14:09:46,PTBA,RG,3300,19,D,ZP,RX,F
14:09:46,PTBA,RG,3300,20,D,ZP,YB,D
14:09:46,PTBA,RG,3300,1,D,ZP,DR,D
14:09:46,PTBA,RG,3300,17,D,ZP,NI,D
14:09:46,PTBA,RG,3300,15,D,ZP,XC,D
14:09:46,PTBA,RG,3300,22,D,ZP,YP,D
14:09:46,PTBA,RG,3300,6,D,ZP,PD,D
14:09:45,PTBA,RG,3290,4,D,YP,OD,D
14:09:31,PTBA,RG,3300,1,F,KZ,PD,D
14:09:27,PTBA,RG,3300,5,D,OD,PD,D
14:09:13,PTBA,RG,3300,1,F,KZ,PD,D
14:09:09,PTBA,RG,3300,2,D,AT,PD,D
14:09:09,PTBA,RG,3300,5,D,AT,LG,D
14:09:09,PTBA,RG,3300,3,D,AT,RX,F
14:08:56,PTBA,RG,3290,4,D,YP,CC,D
14:08:48,PTBA,RG,3300,4,F,KZ,RX,F
14:08:47,PTBA,RG,3300,26,D,CC,RX,F
14:08:47,PTBA,RG,3300,11,D,CC,DX,D
14:08:45,PTBA,RG,3300,1,F,KZ,DX,D
14:08:45,PTBA,RG,3300,19,F,AK,DX,D
14:08:43,PTBA,RG,3290,4,D,YP,OD,D
14:08:35,PTBA,RG,3300,5,D,KK,DX,D
14:08:18,PTBA,RG,3300,1,F,KZ,DX,D
14:08:18,PTBA,RG,3300,9,F,ZP,DX,D
14:08:14,PTBA,RG,3300,6,F,KZ,DX,D
14:08:14,PTBA,RG,3300,86,F,AK,DX,D
14:08:09,PTBA,RG,3300,7,F,KZ,DX,D
14:08:08,PTBA,RG,3300,32,F,YU,DX,D
14:08:07,PTBA,RG,3300,4,F,KZ,DX,D
14:08:07,PTBA,RG,3300,39,D,HD,DX,D
14:08:07,PTBA,RG,3300,9,D,HD,PD,D
14:08:07,PTBA,RG,3300,1,D,HD,XC,D
14:08:07,PTBA,RG,3300,54,D,HD,PD,D
14:08:06,PTBA,RG,3300,16,F,KZ,PD,D
14:08:06,PTBA,RG,3300,1,F,KZ,AK,F
14:08:06,PTBA,RG,3300,7,F,KZ,OD,D
14:08:04,PTBA,RG,3300,1,F,KZ,OD,D
14:08:04,PTBA,RG,3300,5,F,CS,OD,D
14:08:03,PTBA,RG,3300,2,F,ZP,OD,D
14:08:03,PTBA,RG,3300,2,F,ZP,DR,D
14:08:03,PTBA,RG,3300,8,F,ZP,BQ,D
14:08:03,PTBA,RG,3300,4,F,ZP,PD,D
14:08:03,PTBA,RG,3300,52,F,ZP,RX,F
14:08:03,PTBA,RG,3300,17,F,ZP,AK,F
14:08:03,PTBA,RG,3300,8,F,CS,AK,F
14:08:03,PTBA,RG,3300,29,F,CS,AK,F
14:08:03,PTBA,RG,3300,23,F,CS,RX,F
14:08:03,PTBA,RG,3300,6,F,CS,LG,D
14:07:49,PTBA,RG,3300,4,F,KZ,LG,D
14:07:49,PTBA,RG,3300,15,F,KZ,PD,D
14:07:49,PTBA,RG,3300,22,F,KZ,RX,F
14:07:49,PTBA,RG,3300,21,F,KZ,RX,F
14:07:49,PTBA,RG,3300,3,F,KZ,KK,D
14:07:49,PTBA,RG,3300,65,F,KZ,YP,D
14:07:49,PTBA,RG,3290,10,D,YP,CC,D
14:07:46,PTBA,RG,3300,5,F,KZ,YP,D
14:07:46,PTBA,RG,3300,3,F,KZ,SQ,D
14:07:46,PTBA,RG,3300,12,F,KZ,KK,D
14:07:46,PTBA,RG,3300,15,F,KZ,PD,D
14:07:46,PTBA,RG,3300,10,F,KZ,YP,D
14:07:46,PTBA,RG,3300,27,F,KZ,AK,F
14:07:46,PTBA,RG,3300,7,F,KZ,LG,D
14:07:45,PTBA,RG,3300,3,D,GR,LG,D
14:07:45,PTBA,RG,3300,102,D,GR,PD,D
14:07:45,PTBA,RG,3300,2,D,GR,RX,F
14:07:45,PTBA,RG,3300,1,D,GR,AK,F
14:07:45,PTBA,RG,3300,1,D,GR,AK,F
14:07:45,PTBA,RG,3300,32,D,GR,GR,D
14:07:45,PTBA,RG,3300,58,D,GR,CC,D
14:07:45,PTBA,RG,3300,1,D,GR,PD,D
14:07:41,PTBA,RG,3290,3,D,YP,OD,D
14:07:00,PTBA,RG,3290,5,D,YP,YP,D
14:06:53,PTBA,RG,3290,4,D,YP,TP,D
14:06:45,PTBA,RG,3290,4,D,YP,OD,D
14:06:13,PTBA,RG,3290,1,D,YP,AK,F
14:06:12,PTBA,RG,3300,6,F,ZP,TP,D
14:06:12,PTBA,RG,3300,3,F,ZP,XL,D
14:05:45,PTBA,RG,3290,2,D,YP,AK,F
14:05:44,PTBA,RG,3290,75,D,YP,OD,D
14:05:43,PTBA,RG,3290,4,D,YP,OD,D
14:05:37,PTBA,RG,3300,7,F,CS,XL,D
14:05:37,PTBA,RG,3300,8,F,CS,YB,D
14:05:24,PTBA,RG,3290,2,D,YP,AK,F
14:05:23,PTBA,RG,3300,48,F,ZP,YB,D
14:04:49,PTBA,RG,3300,15,F,CS,YB,D
14:04:42,PTBA,RG,3290,1,D,YP,AK,F
14:04:41,PTBA,RG,3290,3,D,YP,OD,D
14:04:24,PTBA,RG,3290,6,D,YP,XC,D
14:04:13,PTBA,RG,3290,1,D,YP,YP,D
14:04:12,PTBA,RG,3300,9,F,ZP,YB,D
14:03:47,PTBA,RG,3290,1,D,YP,AK,F
14:03:45,PTBA,RG,3300,16,F,AK,YB,D
14:03:38,PTBA,RG,3290,4,D,YP,OD,D
14:03:03,PTBA,RG,3300,1,D,XC,YB,D
14:02:53,PTBA,RG,3290,3,D,YP,AK,F
14:02:51,PTBA,RG,3290,102,D,YP,PD,D
14:02:47,PTBA,RG,3290,3,D,YP,AK,F
14:02:46,PTBA,RG,3300,10,D,AT,YB,D
14:02:46,PTBA,RG,3300,77,F,CS,YB,D
14:02:43,PTBA,RG,3290,2,D,YP,AK,F
14:02:42,PTBA,RG,3300,84,F,ZP,YB,D
14:02:40,PTBA,RG,3290,4,D,YP,OD,D
14:02:19,PTBA,RG,3300,8,F,KZ,YB,D
14:02:16,PTBA,RG,3290,4,D,YP,AK,F
14:02:15,PTBA,RG,3290,102,D,YP,PD,D
14:02:07,PTBA,RG,3300,1,F,KZ,YB,D
14:02:07,PTBA,RG,3300,9,F,ZP,YB,D
14:02:04,PTBA,RG,3290,6,D,YP,AK,F
14:02:04,PTBA,RG,3290,3,D,YP,AK,F
14:02:03,PTBA,RG,3300,194,F,KZ,YB,D
14:02:00,PTBA,RG,3290,1,D,YP,AK,F
14:02:00,PTBA,RG,3290,2,D,YP,AK,F
14:02:00,PTBA,RG,3290,61,D,YP,CC,D
14:01:55,PTBA,RG,3300,1,D,CC,YB,D
14:01:40,PTBA,RG,3290,3,D,YP,OD,D
14:01:38,PTBA,RG,3300,1,D,XC,YB,D
14:01:28,PTBA,RG,3290,1,D,YP,DR,D
14:01:28,PTBA,RG,3290,1,D,YP,YP,D
14:01:04,PTBA,RG,3300,10,D,YB,YB,D
14:01:01,PTBA,RG,3290,1,D,YP,AK,F
14:01:00,PTBA,RG,3300,16,F,AK,YB,D
14:00:57,PTBA,RG,3290,14,D,YP,AK,F
14:00:56,PTBA,RG,3290,202,D,YP,OD,D
14:00:56,PTBA,RG,3290,2,D,CC,OD,D
14:00:56,PTBA,RG,3290,8,D,PD,OD,D
14:00:56,PTBA,RG,3290,5,D,PD,OD,D
14:00:56,PTBA,RG,3290,2,D,PD,OD,D
14:00:56,PTBA,RG,3290,5,D,YB,OD,D
14:00:56,PTBA,RG,3290,20,D,YP,OD,D
14:00:56,PTBA,RG,3290,10,D,XC,OD,D
14:00:56,PTBA,RG,3290,1,F,KZ,OD,D
14:00:56,PTBA,RG,3290,2,F,KZ,OD,D
14:00:56,PTBA,RG,3290,2,D,NI,OD,D
14:00:56,PTBA,RG,3290,10,D,YP,OD,D
14:00:56,PTBA,RG,3290,40,D,NI,OD,D
14:00:56,PTBA,RG,3290,10,D,CC,OD,D
14:00:56,PTBA,RG,3290,1,D,YP,OD,D
14:00:56,PTBA,RG,3290,14,D,PD,OD,D
14:00:56,PTBA,RG,3290,100,D,CC,OD,D
14:00:56,PTBA,RG,3290,3,D,KK,OD,D
14:00:56,PTBA,RG,3290,10,D,XC,OD,D
14:00:56,PTBA,RG,3290,1,D,YP,OD,D
14:00:56,PTBA,RG,3290,1,D,CC,OD,D
14:00:56,PTBA,RG,3290,13,F,ZP,OD,D
14:00:56,PTBA,RG,3290,1,D,KK,OD,D
14:00:56,PTBA,RG,3290,5,D,KK,OD,D
14:00:56,PTBA,RG,3290,20,D,DX,OD,D
14:00:56,PTBA,RG,3290,2,D,OD,OD,D
14:00:56,PTBA,RG,3290,1,D,XC,OD,D
14:00:56,PTBA,RG,3290,1,D,IF,OD,D
14:00:56,PTBA,RG,3290,2,D,CC,OD,D
14:00:56,PTBA,RG,3290,1,D,PD,OD,D
14:00:56,PTBA,RG,3290,5,D,AG,OD,D
14:00:40,PTBA,RG,3290,4,D,AG,OD,D
14:00:25,PTBA,RG,3300,16,F,ZP,YB,D
13:59:51,PTBA,RG,3290,1,D,AG,HP,D
13:59:51,PTBA,RG,3290,7,F,ZP,HP,D
13:59:51,PTBA,RG,3290,6,D,EP,HP,D
13:59:51,PTBA,RG,3290,1,D,PD,HP,D
13:59:51,PTBA,RG,3290,5,D,CC,HP,D
13:59:51,PTBA,RG,3290,2,D,PD,HP,D
13:59:51,PTBA,RG,3290,1,D,YP,HP,D
13:59:51,PTBA,RG,3290,2,D,GR,HP,D
13:59:38,PTBA,RG,3290,1,D,GR,OD,D
13:59:38,PTBA,RG,3290,2,F,KZ,OD,D
13:59:06,PTBA,RG,3290,20,F,KZ,PD,D
13:58:58,PTBA,RG,3290,10,F,KZ,LG,D
13:58:54,PTBA,RG,3290,30,F,KZ,DR,D
13:58:45,PTBA,RG,3300,15,F,AK,YB,D
13:58:40,PTBA,RG,3290,3,F,KZ,OD,D
13:58:33,PTBA,RG,3300,256,F,AK,YB,D
13:58:32,PTBA,RG,3300,19,F,CS,YB,D
13:58:32,PTBA,RG,3300,19,F,CS,YB,D
13:58:31,PTBA,RG,3300,1,D,PD,YB,D
13:57:49,PTBA,RG,3300,3,D,YP,YB,D
13:57:40,PTBA,RG,3290,4,F,KZ,OD,D
13:57:15,PTBA,RG,3300,9,F,ZP,YB,D
13:56:55,PTBA,RG,3300,1,D,KK,YB,D
13:56:50,PTBA,RG,3300,24,F,YU,YB,D
13:56:43,PTBA,RG,3290,5,F,KZ,AK,F
13:56:42,PTBA,RG,3290,3,F,KZ,OD,D
13:56:37,PTBA,RG,3300,100,D,KK,YB,D
13:56:30,PTBA,RG,3300,16,F,AK,YB,D
13:56:15,PTBA,RG,3300,3,D,YP,YB,D
13:56:11,PTBA,RG,3300,10,D,XA,YB,D
13:56:01,PTBA,RG,3300,1,D,XC,AK,F
13:56:01,PTBA,RG,3300,4,D,XC,BQ,D
13:55:52,PTBA,RG,3290,5,F,KZ,AZ,D
13:55:45,PTBA,RG,3290,3,F,KZ,AK,F
13:55:45,PTBA,RG,3290,1,F,KZ,AK,F
13:55:44,PTBA,RG,3290,5,F,KZ,XC,D
13:55:44,PTBA,RG,3290,4,F,KZ,OD,D
13:55:30,PTBA,RG,3300,5,F,CS,BQ,D
13:55:30,PTBA,RG,3300,52,F,CS,CC,F
13:55:30,PTBA,RG,3300,47,F,CS,RX,F
13:55:03,PTBA,RG,3290,10,F,KZ,KK,D
13:54:44,PTBA,RG,3290,3,F,KZ,OD,D
13:54:36,PTBA,RG,3290,45,F,KZ,AK,F
13:54:32,PTBA,RG,3300,8,D,XL,RX,F
13:54:32,PTBA,RG,3300,48,D,XL,AK,F
13:54:32,PTBA,RG,3300,701,D,XL,YB,D
13:54:28,PTBA,RG,3300,9,F,ZP,YB,D
13:54:25,PTBA,RG,3290,5,F,KZ,YP,D
13:54:16,PTBA,RG,3290,1,F,KZ,AK,F
13:54:15,PTBA,RG,3300,17,F,AK,YB,D
13:53:42,PTBA,RG,3290,2,F,KZ,OD,D
13:53:42,PTBA,RG,3290,2,D,GR,OD,D
13:53:04,PTBA,RG,3290,4,D,GR,AK,F
13:53:02,PTBA,RG,3300,151,D,CC,YB,D
13:52:42,PTBA,RG,3290,1,D,GR,AK,F
13:52:40,PTBA,RG,3290,4,D,GR,OD,D
13:51:40,PTBA,RG,3290,4,D,GR,OD,D
13:51:36,PTBA,RG,3290,27,D,GR,AK,F
13:51:34,PTBA,RG,3290,1,D,GR,AK,F
13:51:32,PTBA,RG,3300,9,F,ZP,YB,D
13:51:30,PTBA,RG,3300,16,F,AK,YB,D
13:51:12,PTBA,RG,3290,8,D,GR,AK,F
13:51:12,PTBA,RG,3290,250,D,GR,NI,D
13:51:09,PTBA,RG,3290,5,D,GR,NI,D
13:50:40,PTBA,RG,3290,3,D,GR,OD,D
13:50:15,PTBA,RG,3300,2,D,KK,YB,D
13:50:02,PTBA,RG,3290,1,D,GR,XL,D
13:49:51,PTBA,RG,3290,1,D,GR,AK,F
13:49:50,PTBA,RG,3300,14,F,CS,YB,D
13:49:49,PTBA,RG,3290,3,D,GR,AK,F
13:49:48,PTBA,RG,3300,81,D,NI,YB,D
13:49:48,PTBA,RG,3300,10,D,NI,LG,D
13:49:48,PTBA,RG,3300,9,D,NI,RX,F
13:49:43,PTBA,RG,3290,4,D,GR,OD,D
13:49:20,PTBA,RG,3290,9,D,GR,AK,F
13:49:19,PTBA,RG,3290,173,D,GR,LG,D
13:49:19,PTBA,RG,3290,127,D,CC,LG,D
13:49:07,PTBA,RG,3290,3,D,CC,AK,F
13:49:06,PTBA,RG,3290,20,D,CC,PD,D
13:49:06,PTBA,RG,3290,1,D,YP,PD,D
13:49:06,PTBA,RG,3290,1,D,YP,PD,D
13:49:06,PTBA,RG,3290,3,D,PD,PD,D
13:49:06,PTBA,RG,3290,1,D,YP,PD,D
13:49:06,PTBA,RG,3290,31,D,PD,PD,D
13:49:06,PTBA,RG,3290,2,D,YP,PD,D
13:49:06,PTBA,RG,3290,2,D,PD,PD,D
13:49:06,PTBA,RG,3290,1,D,XC,PD,D
13:49:06,PTBA,RG,3290,10,D,CC,PD,D
13:49:06,PTBA,RG,3290,30,D,DR,PD,D
13:48:44,PTBA,RG,3290,1,D,DR,AK,F
13:48:43,PTBA,RG,3290,4,D,DR,OD,D
13:48:37,PTBA,RG,3290,1,D,DR,XL,D
13:48:36,PTBA,RG,3300,5,D,NI,RX,F
13:48:33,PTBA,RG,3300,14,F,CS,RX,F
13:48:30,PTBA,RG,3290,1,D,DR,AK,F
13:47:45,PTBA,RG,3290,4,D,DR,OD,D
13:47:22,PTBA,RG,3290,3,D,DR,AK,F
13:47:21,PTBA,RG,3300,60,D,DR,RX,F
13:47:21,PTBA,RG,3300,12,F,AK,RX,F
13:47:21,PTBA,RG,3300,3,F,AK,RX,F
13:46:47,PTBA,RG,3290,3,D,DR,OD,D
13:45:47,PTBA,RG,3290,4,D,DR,OD,D
13:45:25,PTBA,RG,3290,2,D,DR,AK,F
13:45:23,PTBA,RG,3300,73,F,CS,RX,F
13:44:49,PTBA,RG,3300,1,F,KZ,RX,F
13:44:47,PTBA,RG,3290,3,D,DR,OD,D
13:44:46,PTBA,RG,3300,3,D,PD,RX,F
13:44:46,PTBA,RG,3290,1,D,DR,AK,F
13:44:44,PTBA,RG,3300,20,F,KZ,RX,F
13:44:44,PTBA,RG,3300,2,D,NI,RX,F
13:43:51,PTBA,RG,3300,3,F,CS,RX,F
13:43:51,PTBA,RG,3300,1,F,CS,AK,F
13:43:51,PTBA,RG,3300,8,F,CS,YP,D
13:43:51,PTBA,RG,3300,2,F,CS,NI,D
13:43:48,PTBA,RG,3290,1,D,DR,AK,F
13:43:47,PTBA,RG,3290,4,D,DR,OD,D
13:43:00,PTBA,RG,3290,61,D,DR,CC,D
13:42:49,PTBA,RG,3290,3,D,DR,OD,D
13:42:48,PTBA,RG,3290,10,D,DR,YP,D
13:42:45,PTBA,RG,3300,1,F,KZ,NI,D
13:42:45,PTBA,RG,3300,3,F,KZ,AK,F
13:42:45,PTBA,RG,3300,1,F,KZ,XL,D
13:42:45,PTBA,RG,3300,2,F,KZ,XL,D
13:42:45,PTBA,RG,3300,35,F,KZ,OD,D
13:42:43,PTBA,RG,3290,1,D,DR,AK,F
13:42:41,PTBA,RG,3300,18,D,PD,OD,D
13:42:16,PTBA,RG,3290,25,D,DR,CC,D
13:41:49,PTBA,RG,3290,4,D,DR,OD,D
13:41:47,PTBA,RG,3290,6,D,DR,AK,F
13:41:46,PTBA,RG,3300,187,D,LG,OD,D
13:41:40,PTBA,RG,3290,1,D,DR,AK,F
13:41:39,PTBA,RG,3290,19,D,DR,RX,F
13:41:37,PTBA,RG,3290,6,D,DR,RX,F
13:41:35,PTBA,RG,3290,1,D,DR,AK,F
13:41:34,PTBA,RG,3290,25,D,DR,CC,D
13:41:29,PTBA,RG,3300,20,D,CC,OD,D
13:41:20,PTBA,RG,3290,1,D,DR,AK,F
13:41:20,PTBA,RG,3300,3,D,PD,OD,D
13:40:51,PTBA,RG,3290,3,D,DR,OD,D
13:40:49,PTBA,RG,3290,1,D,DR,AK,F
13:40:48,PTBA,RG,3290,1,D,DR,AK,F
13:40:48,PTBA,RG,3290,20,D,DR,CC,D
13:40:48,PTBA,RG,3290,10,D,XL,CC,D
13:40:48,PTBA,RG,3290,5,D,NI,CC,D
13:40:48,PTBA,RG,3290,3,D,XC,CC,D
13:40:48,PTBA,RG,3290,22,D,YP,CC,D
13:40:48,PTBA,RG,3300,10,D,XC,OD,D
13:40:29,PTBA,RG,3300,2,D,PD,OD,D
13:40:15,PTBA,RG,3300,1,D,YP,OD,D
13:39:51,PTBA,RG,3290,4,D,YP,OD,D
13:39:35,PTBA,RG,3290,2,D,YP,YP,D
13:38:53,PTBA,RG,3290,3,D,YP,OD,D
13:38:13,PTBA,RG,3290,1,D,YP,AK,F
13:38:12,PTBA,RG,3290,37,D,YP,YP,D
13:37:53,PTBA,RG,3290,3,D,YP,OD,D
13:37:10,PTBA,RG,3300,2,D,DH,OD,D
13:36:56,PTBA,RG,3290,1,D,YP,AK,F
13:36:54,PTBA,RG,3290,4,D,YP,OD,D
13:36:34,PTBA,RG,3290,3,D,YP,PD,D
13:36:24,PTBA,RG,3290,1,D,YP,AK,F
13:36:22,PTBA,RG,3300,33,F,KZ,OD,D
13:36:22,PTBA,RG,3300,1,F,KZ,OD,D
13:36:17,PTBA,RG,3290,2,D,YP,YP,D
13:36:07,PTBA,RG,3300,1,D,AT,OD,D
13:36:05,PTBA,RG,3290,20,D,YP,CC,D
13:35:54,PTBA,RG,3290,1,D,YP,AK,F
13:35:52,PTBA,RG,3290,3,D,YP,OD,D
13:35:52,PTBA,RG,3300,3,D,CC,OD,D
13:35:23,PTBA,RG,3300,1,D,YU,OD,D
13:34:54,PTBA,RG,3290,4,D,YP,OD,D
13:34:32,PTBA,RG,3290,10,D,YP,PD,D
13:33:52,PTBA,RG,3290,3,D,YP,OD,D
13:33:20,PTBA,RG,3300,5,D,NI,OD,D
13:33:16,PTBA,RG,3290,3,D,YP,AK,F
13:33:15,PTBA,RG,3300,92,F,ZP,OD,D
13:33:11,PTBA,RG,3300,1,D,XC,OD,D
13:33:00,PTBA,RG,3290,2,D,YP,AK,F
13:32:58,PTBA,RG,3290,50,D,YP,CC,D
13:32:54,PTBA,RG,3290,4,D,YP,OD,D
13:32:53,PTBA,RG,3290,6,D,YP,XC,D
13:32:53,PTBA,RG,3300,4,D,XC,OD,D
13:32:50,PTBA,RG,3290,3,D,YP,AK,F
13:32:49,PTBA,RG,3290,84,D,YP,LG,D
13:31:52,PTBA,RG,3290,3,D,YP,OD,D
13:30:54,PTBA,RG,3290,3,D,YP,OD,D
13:30:33,PTBA,RG,3290,1,D,YP,AK,F
13:30:32,PTBA,RG,3290,27,D,YP,RX,F
13:30:28,PTBA,RG,3290,2,D,YP,AK,F
13:30:27,PTBA,RG,3300,80,F,ZP,OD,D
13:30:15,PTBA,RG,3300,1,D,YP,OD,D
13:30:15,PTBA,RG,3300,2,D,YP,XC,D
13:30:15,PTBA,RG,3300,2,D,YP,CC,D
13:30:14,PTBA,RG,3300,7,D,YP,CC,D
13:30:14,PTBA,RG,3300,3,D,YP,CC,D
13:30:14,PTBA,RG,3300,1,D,YP,CC,D
13:30:13,PTBA,RG,3300,6,D,YP,CC,D
13:30:13,PTBA,RG,3300,4,D,YP,XC,D
13:30:13,PTBA,RG,3300,1,D,YP,XC,D
13:30:11,PTBA,RG,3300,5,D,YP,BK,F
13:30:11,PTBA,RG,3290,1,D,YP,AK,F
13:30:10,PTBA,RG,3300,1,D,CC,BK,F
13:30:09,PTBA,RG,3290,4,D,YP,AK,F
13:30:09,PTBA,RG,3300,10,D,CC,BK,F
13:30:09,PTBA,RG,3290,2,D,YP,AK,F
13:30:08,PTBA,RG,3300,3,D,CC,BK,F
13:30:08,PTBA,RG,3300,3,D,CC,BK,F
13:30:08,PTBA,RG,3290,138,D,YP,PD,D
13:30:07,PTBA,RG,3290,2,D,YP,AK,F
13:30:07,PTBA,RG,3300,1,D,PD,BK,F
13:30:07,PTBA,RG,3300,8,D,PD,BK,F
13:30:07,PTBA,RG,3300,1,D,XC,BK,F
13:30:07,PTBA,RG,3300,1,D,XC,BK,F
13:30:07,PTBA,RG,3300,5,D,XC,BK,F
13:30:07,PTBA,RG,3300,3,D,XC,BK,F
13:30:07,PTBA,RG,3300,15,D,XC,BK,F
13:30:07,PTBA,RG,3300,1,D,XC,BK,F
13:30:07,PTBA,RG,3300,15,D,OD,BK,F
13:30:07,PTBA,RG,3300,3,D,XC,BK,F
13:30:07,PTBA,RG,3300,20,F,AK,BK,F
13:30:06,PTBA,RG,3300,3,F,AK,XC,D
13:30:06,PTBA,RG,3310,1,D,XL,AK,F
13:30:06,PTBA,RG,3300,28,F,AK,AK,F
13:30:06,PTBA,RG,3300,46,F,AK,AK,F
13:30:06,PTBA,RG,3300,3,F,AK,XC,D
13:30:06,PTBA,RG,3300,6,F,AK,CC,D
13:30:06,PTBA,RG,3300,4,F,AK,PD,D
13:30:06,PTBA,RG,3300,2,F,AK,XC,D
13:30:06,PTBA,RG,3300,3,F,AK,DR,D
13:30:06,PTBA,RG,3300,4,F,AK,KK,D
13:30:05,PTBA,RG,3300,1,D,CC,KK,D
13:30:05,PTBA,RG,3300,3,D,CC,PD,D
13:30:05,PTBA,RG,3300,1,D,CC,PD,D
13:30:05,PTBA,RG,3300,1,D,PD,PD,D
13:30:05,PTBA,RG,3300,3,D,PD,KK,D
13:30:05,PTBA,RG,3300,3,D,PD,EP,D
13:30:05,PTBA,RG,3300,1,D,PD,PD,D
13:30:05,PTBA,RG,3300,8,D,PD,PD,D
13:30:05,PTBA,RG,3300,4,D,KK,PD,D
13:30:05,PTBA,RG,3300,2,D,CC,PD,D
13:30:05,PTBA,RG,3300,1,D,CC,PD,D
13:30:04,PTBA,RG,3300,17,F,KZ,PD,D
13:30:04,PTBA,RG,3300,6,F,KZ,PD,D
13:30:04,PTBA,RG,3290,1,D,YP,AK,F
13:30:03,PTBA,RG,3300,64,D,DR,PD,D
13:30:03,PTBA,RG,3300,101,D,DR,PD,D
13:30:03,PTBA,RG,3300,85,D,DR,YB,D
13:30:03,PTBA,RG,3300,21,F,YU,YB,D
13:30:03,PTBA,RG,3300,2,D,CC,YB,D
13:30:03,PTBA,RG,3300,287,F,BK,YB,D
13:30:03,PTBA,RG,3300,1,D,PD,YB,D
13:30:03,PTBA,RG,3300,1,D,EP,YB,D
13:30:03,PTBA,RG,3300,18,D,KK,YB,D
13:30:02,PTBA,RG,3300,2,D,PD,YB,D
13:30:02,PTBA,RG,3300,2,D,PD,YB,D
13:30:02,PTBA,RG,3300,1,D,YB,YB,D
13:30:02,PTBA,RG,3300,2,D,PD,YB,D
13:30:01,PTBA,RG,3300,3,D,PD,YB,D
13:30:01,PTBA,RG,3300,3,D,PD,YB,D
13:30:01,PTBA,RG,3300,10,D,AZ,YB,D
13:30:01,PTBA,RG,3300,1,D,PD,YB,D
13:30:01,PTBA,RG,3300,18,D,KK,YB,D
13:30:01,PTBA,RG,3300,2,D,YB,YB,D
13:30:01,PTBA,RG,3300,3,D,EP,YB,D
13:30:01,PTBA,RG,3300,70,D,SQ,YB,D
13:30:01,PTBA,RG,3300,8,F,ZP,YB,D
13:30:01,PTBA,RG,3300,8,F,CS,YB,D
13:30:01,PTBA,RG,3300,24,F,CS,YB,D
13:30:01,PTBA,RG,3300,1,D,XC,YB,D
13:30:01,PTBA,RG,3300,8,F,CS,YB,D
13:30:01,PTBA,RG,3300,30,D,DH,YB,D
13:30:01,PTBA,RG,3300,6,F,CS,YB,D
13:30:01,PTBA,RG,3300,7,F,ZP,YB,D
13:30:01,PTBA,RG,3300,10,D,PD,YB,D
13:30:01,PTBA,RG,3300,1,D,NI,YB,D
13:30:01,PTBA,RG,3300,1,D,NI,YB,D
13:30:01,PTBA,RG,3300,24,F,CS,YB,D
13:30:01,PTBA,RG,3300,5,D,DX,YB,D
13:30:01,PTBA,RG,3300,4,F,CS,YB,D
13:30:01,PTBA,RG,3300,3,F,CS,YB,D
13:30:01,PTBA,RG,3300,100,D,DH,YB,D
13:30:01,PTBA,RG,3300,12,F,KZ,YB,D
13:30:01,PTBA,RG,3300,1,F,KZ,YB,D
13:30:01,PTBA,RG,3300,1,F,KZ,YB,D
13:30:01,PTBA,RG,3300,167,F,KZ,YB,D
13:30:01,PTBA,RG,3300,11,F,ZP,YB,D
13:30:01,PTBA,RG,3300,36,D,XA,YB,D
13:30:01,PTBA,RG,3300,500,D,XA,YB,D
13:30:01,PTBA,RG,3300,464,D,XA,YB,D
13:30:01,PTBA,RG,3300,3,F,KZ,YB,D
13:30:01,PTBA,RG,3300,1,F,KZ,YB,D
13:30:01,PTBA,RG,3300,1,F,CS,YB,D
13:30:01,PTBA,RG,3300,24,F,ZP,YB,D
13:30:01,PTBA,RG,3300,16,F,CS,YB,D
13:30:01,PTBA,RG,3300,7,F,CS,YB,D
13:30:01,PTBA,RG,3300,3,F,CS,YB,D
13:30:01,PTBA,RG,3300,2,F,CS,YB,D
13:30:01,PTBA,RG,3300,437,F,ZP,YB,D
13:30:01,PTBA,RG,3300,42,D,KK,YB,D
13:30:01,PTBA,RG,3300,1,D,KK,TP,D
13:30:01,PTBA,RG,3300,3,D,KK,GR,D
13:30:01,PTBA,RG,3310,5,D,EP,AK,F
13:30:01,PTBA,RG,3300,500,D,KK,YB,D
11:29:59,PTBA,RG,3300,2,D,KK,KI,D
11:29:30,PTBA,RG,3310,4,F,AK,AK,F
11:29:15,PTBA,RG,3310,1,F,AK,AK,F
11:29:07,PTBA,RG,3300,2,D,KK,YP,D
11:29:00,PTBA,RG,3310,2,F,AK,AK,F
11:28:45,PTBA,RG,3310,1,F,AK,AK,F
11:28:20,PTBA,RG,3300,12,D,KK,YP,D
11:27:16,PTBA,RG,3300,1,D,KK,AK,F
11:27:15,PTBA,RG,3310,12,F,AK,AK,F
11:27:15,PTBA,RG,3310,1,F,AK,YP,D
11:26:45,PTBA,RG,3310,3,F,AK,YP,D
11:25:05,PTBA,RG,3300,1,D,KK,AK,F
11:25:04,PTBA,RG,3300,5,D,KK,PD,D
11:24:37,PTBA,RG,3300,20,D,KK,OD,D
11:24:29,PTBA,RG,3300,1,D,KK,XL,D
11:24:21,PTBA,RG,3300,1,D,KK,AK,F
11:24:20,PTBA,RG,3300,25,D,KK,YP,D
11:24:05,PTBA,RG,3300,1,D,KK,AK,F
11:24:04,PTBA,RG,3300,22,D,KK,AK,F
11:24:04,PTBA,RG,3300,1,D,KK,AK,F
11:24:04,PTBA,RG,3300,27,D,KK,AK,F
11:24:04,PTBA,RG,3300,2,D,KK,AK,F
11:24:04,PTBA,RG,3300,1,D,KK,AK,F
11:24:04,PTBA,RG,3300,1,D,KK,AK,F
11:24:03,PTBA,RG,3300,2,D,KK,XC,D
11:24:03,PTBA,RG,3300,10,D,KK,PD,D
11:24:03,PTBA,RG,3300,44,D,KK,RX,F
11:24:03,PTBA,RG,3300,203,D,KK,RX,F
11:24:03,PTBA,RG,3300,2,D,KK,NI,D
11:24:03,PTBA,RG,3300,800,D,KK,RF,D
11:24:03,PTBA,RG,3300,1,D,KK,AK,F
11:24:03,PTBA,RG,3300,476,D,KK,BK,F
11:24:03,PTBA,RG,3300,291,D,KK,RF,D
11:23:56,PTBA,RG,3290,1,D,YP,AK,F
11:23:54,PTBA,RG,3290,11,D,YP,NI,D
11:23:47,PTBA,RG,3290,1,D,YP,AK,F
11:23:46,PTBA,RG,3290,30,D,YP,BK,F
11:23:45,PTBA,RG,3290,6,D,YP,AK,F
11:23:44,PTBA,RG,3300,59,D,LG,RF,D
11:23:44,PTBA,RG,3300,26,D,LG,CC,D
11:23:44,PTBA,RG,3300,13,D,LG,CC,D
11:23:44,PTBA,RG,3300,102,D,LG,YB,D
11:23:33,PTBA,RG,3290,7,D,YP,XC,D
11:23:29,PTBA,RG,3300,1,D,XL,YB,D
11:23:01,PTBA,RG,3290,1,D,YP,AK,F
11:23:00,PTBA,RG,3290,15,D,YP,CC,D
11:22:58,PTBA,RG,3290,1,D,YP,AK,F
11:22:57,PTBA,RG,3290,50,D,YP,LG,D
11:22:20,PTBA,RG,3290,1,D,YP,AK,F
11:22:19,PTBA,RG,3290,3,D,YP,AK,F
11:22:18,PTBA,RG,3290,42,D,YP,BK,F
11:22:18,PTBA,RG,3290,95,D,YP,RX,F
11:22:14,PTBA,RG,3290,2,D,YP,AK,F
11:22:13,PTBA,RG,3290,33,D,YP,BK,F
11:22:13,PTBA,RG,3290,8,D,ZP,BK,F
11:22:12,PTBA,RG,3290,2,D,ZP,AK,F
11:22:11,PTBA,RG,3290,56,D,ZP,AK,F
11:22:10,PTBA,RG,3300,40,F,CS,YB,D
11:22:10,PTBA,RG,3300,5,F,CS,YB,D
11:22:10,PTBA,RG,3300,4,F,CS,YB,D
11:22:10,PTBA,RG,3300,41,F,CS,YB,D
11:22:10,PTBA,RG,3300,7,F,CS,YB,D
11:22:10,PTBA,RG,3300,23,F,CS,YB,D
11:22:10,PTBA,RG,3300,9,F,CS,YB,D
11:22:10,PTBA,RG,3300,14,F,AK,YB,D
11:22:10,PTBA,RG,3300,3,F,CS,YB,D
11:22:10,PTBA,RG,3300,4,F,CS,YB,D
11:22:10,PTBA,RG,3300,25,F,CS,YB,D
11:22:10,PTBA,RG,3300,60,D,PD,YB,D
11:22:10,PTBA,RG,3300,9,F,KZ,YB,D
11:22:10,PTBA,RG,3300,71,F,KZ,YB,D
11:22:10,PTBA,RG,3300,78,F,AK,YB,D
11:22:10,PTBA,RG,3300,1,D,CC,YB,D
11:22:10,PTBA,RG,3300,11,D,DX,YB,D
11:22:10,PTBA,RG,3300,7,F,CS,YB,D
11:22:10,PTBA,RG,3300,10,F,ZP,YB,D
11:22:10,PTBA,RG,3300,10,D,DX,YB,D
11:22:10,PTBA,RG,3300,1,D,YP,YB,D
11:22:10,PTBA,RG,3300,1,D,NI,YB,D
11:22:10,PTBA,RG,3300,24,F,CS,YB,D
11:22:10,PTBA,RG,3300,2,D,PD,YB,D
11:22:10,PTBA,RG,3300,1,D,XL,YB,D
11:22:10,PTBA,RG,3300,9,F,CS,YB,D
11:22:10,PTBA,RG,3300,2,F,CS,YB,D
11:22:10,PTBA,RG,3300,8,F,CS,YB,D
11:22:10,PTBA,RG,3300,1,F,BK,YB,D
11:22:10,PTBA,RG,3300,1,D,YP,YB,D
11:22:10,PTBA,RG,3300,5,D,PD,YB,D
11:22:10,PTBA,RG,3300,5,D,PD,YB,D
11:22:10,PTBA,RG,3300,6,D,PD,YB,D
11:22:10,PTBA,RG,3300,1,D,PD,YB,D
11:22:10,PTBA,RG,3300,1,D,YP,YB,D
11:22:10,PTBA,RG,3300,7,F,ZP,YB,D
11:22:10,PTBA,RG,3300,2,D,NI,YB,D
11:22:10,PTBA,RG,3300,1,D,XL,YB,D
11:22:10,PTBA,RG,3300,3,F,KZ,YB,D
11:22:10,PTBA,RG,3300,11,F,KZ,YB,D
11:22:10,PTBA,RG,3300,1,D,PD,YB,D
11:22:10,PTBA,RG,3300,1,D,YP,YB,D
11:22:10,PTBA,RG,3300,14,F,AK,YB,D
11:22:10,PTBA,RG,3300,10,D,PC,YB,D
11:22:10,PTBA,RG,3300,10,D,LG,YB,D
11:22:10,PTBA,RG,3300,1,D,PD,YB,D
11:22:10,PTBA,RG,3300,1,D,XC,YB,D
11:22:10,PTBA,RG,3300,500,D,YP,YB,D
11:22:10,PTBA,RG,3300,3,D,KK,YB,D
11:22:10,PTBA,RG,3300,24,D,CC,YB,D
11:22:10,PTBA,RG,3300,1,D,IH,YB,D
11:22:10,PTBA,RG,3300,7,D,CC,YB,D
11:22:10,PTBA,RG,3300,15,D,DX,YB,D
11:22:10,PTBA,RG,3300,15,D,CC,YB,D
11:22:10,PTBA,RG,3300,8,D,PD,YB,D
11:22:10,PTBA,RG,3300,2,D,YP,YB,D
11:22:10,PTBA,RG,3300,3,D,CC,YB,D
11:22:10,PTBA,RG,3300,2,D,CC,YB,D
11:22:10,PTBA,RG,3300,30,D,CC,YB,D
11:22:10,PTBA,RG,3300,1,D,CC,YB,D
11:22:10,PTBA,RG,3300,1,D,YP,YB,D
11:22:10,PTBA,RG,3300,30,F,KZ,YB,D
11:22:10,PTBA,RG,3300,3,D,PD,YB,D
11:22:10,PTBA,RG,3300,8,F,ZP,YB,D
11:22:10,PTBA,RG,3300,4,D,PD,YB,D
11:22:10,PTBA,RG,3300,1,D,YP,YB,D
11:22:10,PTBA,RG,3300,4,F,CS,YB,D
11:22:10,PTBA,RG,3300,20,D,CC,YB,D
11:22:10,PTBA,RG,3300,7,F,ZP,YB,D
11:22:10,PTBA,RG,3300,30,D,XC,YB,D
11:22:10,PTBA,RG,3300,4,F,CS,YB,D
11:22:10,PTBA,RG,3300,302,D,NI,YB,D
11:22:10,PTBA,RG,3300,5,D,CC,YB,D
11:22:10,PTBA,RG,3300,10,D,XC,YB,D
11:22:10,PTBA,RG,3300,29,F,KZ,YB,D
11:22:10,PTBA,RG,3300,7,D,PD,YB,D
11:22:10,PTBA,RG,3300,36,F,CS,YB,D
11:22:10,PTBA,RG,3300,223,F,ZP,YB,D
11:22:06,PTBA,RG,3300,1,F,ZP,AK,F
11:22:05,PTBA,RG,3300,10,F,ZP,OD,D
11:21:52,PTBA,RG,3300,5,F,ZP,BQ,D
11:21:39,PTBA,RG,3300,1,F,ZP,AK,F
11:21:37,PTBA,RG,3300,24,F,ZP,RX,F
11:21:32,PTBA,RG,3300,3,F,ZP,AK,F
11:21:30,PTBA,RG,3300,70,F,ZP,CC,D
11:21:30,PTBA,RG,3300,20,F,KZ,CC,D
11:21:30,PTBA,RG,3310,6,F,AK,YP,D
11:21:30,PTBA,RG,3310,10,F,AK,OD,D
11:21:30,PTBA,RG,3300,1,F,KZ,AK,F
11:21:30,PTBA,RG,3300,5,F,KZ,XC,D
11:20:50,PTBA,RG,3300,10,F,KZ,CC,D
11:20:37,PTBA,RG,3300,2,F,KZ,XC,D
11:20:30,PTBA,RG,3300,3,F,KZ,AK,F
11:20:28,PTBA,RG,3300,27,F,KZ,YU,D
11:20:28,PTBA,RG,3300,48,F,KZ,YU,D
11:20:28,PTBA,RG,3300,3,F,CS,YU,D
11:20:28,PTBA,RG,3300,5,D,PD,YU,D
11:20:28,PTBA,RG,3300,17,F,AK,YU,D
11:20:19,PTBA,RG,3300,1,F,AK,AK,F
11:20:17,PTBA,RG,3310,19,F,ZP,PD,D
11:20:15,PTBA,RG,3310,11,F,AK,PD,D
11:20:15,PTBA,RG,3310,2,F,AK,PD,D
11:20:04,PTBA,RG,3300,1,F,AK,AK,F
11:20:02,PTBA,RG,3300,1,F,AK,XC,D
11:19:26,PTBA,RG,3300,3,F,AK,AK,F
11:19:25,PTBA,RG,3300,28,F,AK,CC,D
11:19:25,PTBA,RG,3300,5,D,XC,CC,D
11:19:25,PTBA,RG,3300,5,F,CS,CC,D
11:19:25,PTBA,RG,3300,7,F,ZP,CC,D
11:19:25,PTBA,RG,3300,10,D,NI,CC,D
11:19:25,PTBA,RG,3300,1,D,AZ,CC,D
11:19:25,PTBA,RG,3300,10,D,XC,CC,D
11:19:25,PTBA,RG,3300,7,F,ZP,CC,D
11:19:25,PTBA,RG,3300,27,D,CC,CC,D
11:19:07,PTBA,RG,3300,5,D,CC,BQ,D
11:17:53,PTBA,RG,3300,8,D,CC,BQ,D
11:17:28,PTBA,RG,3300,5,D,CC,PD,D
11:17:15,PTBA,RG,3300,1,D,CC,AK,F
11:17:12,PTBA,RG,3300,4,D,CC,AK,F
11:17:11,PTBA,RG,3300,2,D,PD,CC,D
11:17:11,PTBA,RG,3300,7,F,CS,CC,D
11:17:11,PTBA,RG,3300,10,D,YP,CC,D
11:17:11,PTBA,RG,3300,2,D,PD,CC,D
11:17:11,PTBA,RG,3300,3,D,PD,CC,D
11:17:11,PTBA,RG,3300,1,D,YP,CC,D
11:17:11,PTBA,RG,3300,2,D,PD,CC,D
11:17:11,PTBA,RG,3300,7,F,ZP,CC,D
11:17:11,PTBA,RG,3300,3,D,NI,CC,D
11:17:11,PTBA,RG,3300,4,D,NI,CC,D
11:17:11,PTBA,RG,3300,24,F,CS,CC,D
11:17:11,PTBA,RG,3300,5,D,YP,CC,D
11:17:11,PTBA,RG,3300,8,F,ZP,CC,D
11:17:11,PTBA,RG,3300,7,F,CS,CC,D
11:17:11,PTBA,RG,3300,3,F,CS,CC,D
11:17:11,PTBA,RG,3300,1,D,NI,CC,D
11:17:11,PTBA,RG,3300,20,D,DX,CC,D
11:17:11,PTBA,RG,3300,8,F,CS,CC,D
11:17:11,PTBA,RG,3300,3,D,YP,CC,D
11:17:08,PTBA,RG,3310,1,D,PD,PD,D
11:17:07,PTBA,RG,3300,1,D,YP,YP,D
11:16:50,PTBA,RG,3300,1,D,YP,AK,F
11:16:49,PTBA,RG,3300,5,D,YP,RX,F
11:16:49,PTBA,RG,3300,1,D,YP,RX,F
11:16:49,PTBA,RG,3300,22,F,CS,RX,F
11:16:42,PTBA,RG,3310,1,D,KI,PD,D
11:16:42,PTBA,RG,3310,1,D,KI,CC,D
11:16:38,PTBA,RG,3300,6,F,CS,AK,F
11:16:38,PTBA,RG,3300,7,F,CS,YP,D
11:16:38,PTBA,RG,3300,20,D,XC,YP,D
11:16:38,PTBA,RG,3300,7,F,ZP,YP,D
11:16:38,PTBA,RG,3300,2,D,YP,YP,D
11:16:38,PTBA,RG,3300,10,D,YP,YP,D
11:16:38,PTBA,RG,3300,1,D,XC,YP,D
11:16:38,PTBA,RG,3300,1,F,BK,YP,D
11:16:38,PTBA,RG,3300,19,F,AK,YP,D
11:16:38,PTBA,RG,3300,146,D,PD,YP,D
11:16:27,PTBA,RG,3300,1,D,PD,AK,F
11:16:26,PTBA,RG,3310,3,D,PD,CC,D
11:15:32,PTBA,RG,3300,2,D,PD,NI,D
11:14:54,PTBA,RG,3310,5,D,XC,CC,D
11:14:50,PTBA,RG,3300,1,D,PD,NI,D
11:14:40,PTBA,RG,3300,2,D,PD,AK,F
11:14:39,PTBA,RG,3300,68,D,PD,NI,D
11:14:15,PTBA,RG,3300,1,D,PD,AK,F
11:13:45,PTBA,RG,3310,9,F,ZP,CC,D
11:13:17,PTBA,RG,3300,1,D,PD,AK,F
11:13:16,PTBA,RG,3300,10,D,PD,XL,D
11:11:53,PTBA,RG,3300,4,D,PD,EP,D
11:11:32,PTBA,RG,3300,1,D,PD,AK,F
11:11:30,PTBA,RG,3310,5,F,AK,YP,D
11:11:30,PTBA,RG,3310,34,F,AK,YP,D
11:11:02,PTBA,RG,3300,5,D,PD,AK,F
11:11:01,PTBA,RG,3300,8,D,PD,DR,D
11:11:01,PTBA,RG,3300,5,F,CS,DR,D
11:11:01,PTBA,RG,3300,2,F,KZ,DR,D
11:11:01,PTBA,RG,3300,144,F,KZ,DR,D
11:11:00,PTBA,RG,3300,1,F,KZ,AK,F
11:11:00,PTBA,RG,3300,26,F,KZ,CC,D
11:10:38,PTBA,RG,3300,1,F,KZ,XC,D
11:09:09,PTBA,RG,3310,1,D,PD,YP,D
11:09:02,PTBA,RG,3300,20,F,KZ,PD,D
11:08:48,PTBA,RG,3300,1,F,KZ,AK,F
11:08:47,PTBA,RG,3310,9,F,ZP,YP,D
11:08:31,PTBA,RG,3300,23,F,KZ,RX,F
11:08:29,PTBA,RG,3300,1,F,KZ,RX,F
11:08:17,PTBA,RG,3300,1,F,KZ,AK,F
11:08:16,PTBA,RG,3300,14,F,KZ,XC,D
11:08:15,PTBA,RG,3300,1,F,KZ,AK,F
11:08:04,PTBA,RG,3300,14,F,KZ,XC,D
11:07:30,PTBA,RG,3300,2,F,KZ,SQ,D
11:06:57,PTBA,RG,3300,1,F,KZ,AK,F
11:06:55,PTBA,RG,3310,16,D,XL,YP,D
11:06:45,PTBA,RG,3300,1,F,KZ,PD,D
11:06:23,PTBA,RG,3300,1,F,KZ,PD,D
11:05:11,PTBA,RG,3300,1,F,KZ,YP,D
11:05:00,PTBA,RG,3300,20,F,KZ,YP,D
11:04:36,PTBA,RG,3300,1,F,KZ,AK,F
11:04:35,PTBA,RG,3310,9,F,ZP,YP,D
11:03:51,PTBA,RG,3300,1,F,KZ,PD,D
11:03:40,PTBA,RG,3300,1,F,KZ,AK,F
11:03:39,PTBA,RG,3300,50,F,KZ,DR,D
11:03:20,PTBA,RG,3310,5,D,XL,YP,D
11:02:58,PTBA,RG,3300,1,F,KZ,AK,F
11:02:57,PTBA,RG,3300,2,F,KZ,NI,D
11:02:30,PTBA,RG,3310,9,F,ZP,YP,D
11:01:52,PTBA,RG,3300,10,F,KZ,PD,D
11:01:06,PTBA,RG,3300,2,F,KZ,AK,F
11:01:05,PTBA,RG,3310,47,F,AK,YP,D
11:00:59,PTBA,RG,3310,2,D,YP,YP,D
11:00:55,PTBA,RG,3300,2,F,KZ,XL,D
11:00:27,PTBA,RG,3310,9,F,ZP,YP,D
11:00:15,PTBA,RG,3300,1,F,KZ,AK,F
11:00:09,PTBA,RG,3300,1,F,KZ,AK,F
11:00:08,PTBA,RG,3300,19,F,KZ,OD,D
10:59:48,PTBA,RG,3300,10,F,KZ,PD,D
10:58:45,PTBA,RG,3300,1,F,KZ,AK,F
10:58:45,PTBA,RG,3300,14,F,KZ,SQ,D
10:58:45,PTBA,RG,3300,16,D,YP,SQ,D
10:58:41,PTBA,RG,3300,1,D,YP,CC,D
10:58:09,PTBA,RG,3300,3,D,YP,AK,F
10:58:08,PTBA,RG,3300,55,D,YP,OD,D
10:58:08,PTBA,RG,3300,38,F,KZ,OD,D
10:58:08,PTBA,RG,3300,7,D,KK,OD,D
10:58:05,PTBA,RG,3300,1,D,KK,YP,D
10:58:04,PTBA,RG,3310,5,D,CC,YP,D
10:58:02,PTBA,RG,3300,5,D,KK,YP,D
10:58:00,PTBA,RG,3300,1,D,KK,AK,F
10:58:00,PTBA,RG,3300,27,D,KK,CC,D
10:57:46,PTBA,RG,3310,9,F,ZP,YP,D
10:57:43,PTBA,RG,3300,2,D,KK,AK,F
10:57:41,PTBA,RG,3300,60,D,KK,CC,D
10:57:37,PTBA,RG,3300,1,D,KK,AK,F
10:57:36,PTBA,RG,3300,11,D,KK,YP,D
10:57:03,PTBA,RG,3300,1,D,KK,AK,F
10:57:01,PTBA,RG,3300,56,D,KK,YB,D
10:55:58,PTBA,RG,3300,1,D,KK,YP,D
10:55:39,PTBA,RG,3300,1,D,KK,AK,F
10:55:37,PTBA,RG,3300,5,D,KK,PD,D
10:55:11,PTBA,RG,3300,1,D,KK,XL,D
10:55:07,PTBA,RG,3300,2,D,KK,YP,D
10:54:54,PTBA,RG,3310,1,D,YP,YP,D
10:54:49,PTBA,RG,3300,9,D,KK,AK,F
10:54:47,PTBA,RG,3300,300,D,KK,YP,D
10:54:25,PTBA,RG,3310,1,D,YP,YP,D
10:53:29,PTBA,RG,3300,9,D,KK,GR,D
10:53:29,PTBA,RG,3300,6,F,AK,GR,D
10:52:37,PTBA,RG,3300,4,F,AK,AK,F
10:52:37,PTBA,RG,3300,3,F,AK,YP,D
10:52:37,PTBA,RG,3300,12,F,KZ,YP,D
10:52:37,PTBA,RG,3300,85,D,IF,YP,D
10:52:03,PTBA,RG,3300,4,D,IF,AK,F
10:52:02,PTBA,RG,3300,61,D,IF,DR,D
10:52:02,PTBA,RG,3300,26,F,KZ,DR,D
10:52:02,PTBA,RG,3300,56,F,KZ,DR,D
10:52:02,PTBA,RG,3300,3,F,CS,DR,D
10:52:02,PTBA,RG,3300,2,F,CS,DR,D
10:52:02,PTBA,RG,3300,4,F,ZP,DR,D
10:51:44,PTBA,RG,3310,5,D,CC,YP,D
10:51:20,PTBA,RG,3300,4,F,ZP,DR,D
10:50:41,PTBA,RG,3300,1,F,ZP,AK,F
10:50:40,PTBA,RG,3300,5,F,ZP,YP,D
10:50:23,PTBA,RG,3300,1,F,ZP,XC,D
10:50:19,PTBA,RG,3300,10,F,ZP,DR,D
10:49:58,PTBA,RG,3300,1,F,ZP,PD,D
10:49:33,PTBA,RG,3300,2,F,ZP,YP,D
10:49:32,PTBA,RG,3300,1,F,ZP,AK,F
10:49:31,PTBA,RG,3300,4,F,ZP,DR,D
10:49:31,PTBA,RG,3300,11,F,CS,DR,D
10:49:23,PTBA,RG,3300,5,F,CS,AK,F
10:49:22,PTBA,RG,3300,4,F,CS,YP,D
10:49:22,PTBA,RG,3300,172,D,KK,YP,D
10:49:21,PTBA,RG,3300,1,D,KK,AK,F
10:49:20,PTBA,RG,3310,41,F,AK,YP,D
10:48:33,PTBA,RG,3300,2,D,KK,YP,D
10:48:02,PTBA,RG,3300,1,D,KK,AK,F
10:48:01,PTBA,RG,3300,31,D,KK,YP,D
10:47:59,PTBA,RG,3300,2,D,KK,XL,D
10:47:39,PTBA,RG,3300,3,D,KK,KK,D
10:45:24,PTBA,RG,3300,1,D,KK,AK,F
10:45:23,PTBA,RG,3310,4,D,OD,YP,D
10:45:23,PTBA,RG,3300,1,D,KK,AK,F
10:45:21,PTBA,RG,3300,40,D,KK,CC,D
10:44:09,PTBA,RG,3310,4,D,XL,YP,D
10:44:09,PTBA,RG,3300,1,D,KK,PD,D
10:43:53,PTBA,RG,3300,13,D,KK,YP,D
10:43:45,PTBA,RG,3300,1,D,KK,CC,D
10:42:59,PTBA,RG,3300,2,D,KK,AK,F
10:42:59,PTBA,RG,3310,55,D,CC,YP,D
10:42:34,PTBA,RG,3300,11,D,KK,AK,F
10:42:33,PTBA,RG,3310,31,D,EP,YP,D
10:42:33,PTBA,RG,3310,4,D,EP,BQ,D
10:42:33,PTBA,RG,3310,1,D,EP,AK,F
10:42:33,PTBA,RG,3310,4,D,EP,BQ,D
10:42:33,PTBA,RG,3310,460,D,EP,PD,D
10:42:25,PTBA,RG,3300,9,D,KK,HP,D
10:40:40,PTBA,RG,3310,2,D,XC,PD,D
10:38:48,PTBA,RG,3310,1,D,CC,PD,D
10:37:50,PTBA,RG,3310,1,D,YB,PD,D
10:37:38,PTBA,RG,3310,2,D,SQ,PD,D
10:37:20,PTBA,RG,3310,34,D,YP,PD,D
10:37:20,PTBA,RG,3310,20,D,YP,YP,D
10:37:20,PTBA,RG,3310,1,D,YP,AK,F
10:37:20,PTBA,RG,3310,8,D,YP,AK,F
10:37:20,PTBA,RG,3310,9,D,YP,DH,D
10:37:20,PTBA,RG,3310,20,D,YP,DX,D
10:37:20,PTBA,RG,3310,39,D,YP,GR,D
10:36:21,PTBA,RG,3310,7,D,DX,GR,D
10:36:00,PTBA,RG,3300,1,D,KK,YP,D
10:35:36,PTBA,RG,3300,1,D,KK,CC,D
10:34:32,PTBA,RG,3300,2,D,KK,AK,F
10:34:30,PTBA,RG,3310,74,D,EP,GR,D
10:34:01,PTBA,RG,3300,1,D,KK,AK,F
10:34:01,PTBA,RG,3300,15,D,KK,AK,F
10:34:01,PTBA,RG,3300,1,D,KK,AK,F
10:34:00,PTBA,RG,3300,6,D,KK,AK,F
10:34:00,PTBA,RG,3300,1,D,KK,AK,F
10:34:00,PTBA,RG,3300,662,D,KK,CC,F
10:34:00,PTBA,RG,3300,19,D,KK,RX,F
10:34:00,PTBA,RG,3290,3,D,ZP,AK,F
10:34:00,PTBA,RG,3300,100,D,IF,RX,F
10:33:27,PTBA,RG,3290,1,D,ZP,RX,F
10:33:26,PTBA,RG,3300,2,F,CS,RX,F
10:33:26,PTBA,RG,3300,1,F,KZ,RX,F
10:33:25,PTBA,RG,3300,1,F,CS,AK,F
10:33:24,PTBA,RG,3300,14,F,CS,RX,F
10:33:24,PTBA,RG,3300,10,F,KZ,RX,F
10:33:24,PTBA,RG,3300,4,F,CS,RX,F
10:33:24,PTBA,RG,3300,9,F,ZP,RX,F
10:33:24,PTBA,RG,3300,3,F,CS,RX,F
10:33:24,PTBA,RG,3300,1,F,CS,RX,F
10:33:24,PTBA,RG,3300,9,F,CS,RX,F
10:33:21,PTBA,RG,3290,2,D,ZP,AK,F
10:33:21,PTBA,RG,3300,9,F,CS,AK,F
10:33:21,PTBA,RG,3300,20,F,CS,AK,F
10:33:20,PTBA,RG,3300,1,F,CS,KI,D
10:33:20,PTBA,RG,3300,7,F,CS,KI,D
10:33:20,PTBA,RG,3300,3,F,CS,KI,D
10:33:20,PTBA,RG,3300,4,F,CS,KI,D
10:33:20,PTBA,RG,3300,8,D,OD,KI,D
10:33:20,PTBA,RG,3300,50,D,CC,KI,D
10:33:20,PTBA,RG,3300,3,D,PD,KI,D
10:33:20,PTBA,RG,3300,10,D,KK,KI,D
10:33:20,PTBA,RG,3300,5,F,KZ,KI,D
10:33:20,PTBA,RG,3300,2,F,KZ,KI,D
10:33:20,PTBA,RG,3300,112,F,BK,KI,D
10:33:20,PTBA,RG,3300,62,F,KZ,KI,D
10:33:20,PTBA,RG,3300,60,F,KZ,KI,D
10:33:20,PTBA,RG,3300,10,D,XL,KI,D
10:33:20,PTBA,RG,3300,12,F,KZ,KI,D
10:33:20,PTBA,RG,3300,4,F,CS,KI,D
10:33:20,PTBA,RG,3300,280,F,ZP,KI,D
10:33:20,PTBA,RG,3300,17,F,AK,KI,D
10:33:20,PTBA,RG,3300,9,F,CS,KI,D
10:33:20,PTBA,RG,3300,28,F,CS,KI,D
10:33:20,PTBA,RG,3300,1,D,XC,KI,D
10:33:20,PTBA,RG,3300,3,D,PD,KI,D
10:33:20,PTBA,RG,3300,11,F,AK,KI,D
10:33:20,PTBA,RG,3300,10,D,PD,KI,D
10:33:20,PTBA,RG,3300,1,D,XC,KI,D
10:33:20,PTBA,RG,3300,2,D,XC,KI,D
10:33:20,PTBA,RG,3300,1,D,DR,KI,D
10:33:20,PTBA,RG,3300,8,F,CS,KI,D
10:33:20,PTBA,RG,3300,276,D,GR,KI,D
10:32:44,PTBA,RG,3300,3,D,GR,AK,F
10:32:43,PTBA,RG,3300,100,D,GR,PD,D
10:32:02,PTBA,RG,3310,2,D,XC,GR,D
10:31:53,PTBA,RG,3310,1,D,XC,GR,D
10:31:35,PTBA,RG,3300,1,D,GR,AK,F
10:31:35,PTBA,RG,3300,27,D,GR,RX,F
10:31:31,PTBA,RG,3300,31,D,GR,AK,F
10:31:31,PTBA,RG,3300,62,D,GR,IF,D
10:31:31,PTBA,RG,3300,5,D,PD,IF,D
10:31:31,PTBA,RG,3300,98,F,KZ,IF,D
10:31:31,PTBA,RG,3300,100,F,KZ,IF,D
10:31:31,PTBA,RG,3300,1,D,YP,IF,D
10:31:31,PTBA,RG,3300,12,D,XC,IF,D
10:31:31,PTBA,RG,3300,4,D,YP,IF,D
10:31:31,PTBA,RG,3300,30,D,YP,IF,D
10:31:31,PTBA,RG,3300,100,D,CC,IF,D
10:31:31,PTBA,RG,3300,2,D,XC,IF,D
10:31:31,PTBA,RG,3300,3,D,YP,IF,D
10:31:31,PTBA,RG,3300,1,D,PD,IF,D
10:31:31,PTBA,RG,3300,23,F,CS,IF,D
10:31:31,PTBA,RG,3300,7,F,CS,IF,D
10:31:31,PTBA,RG,3300,1,D,NI,IF,D
10:31:31,PTBA,RG,3300,7,F,CS,IF,D
10:31:31,PTBA,RG,3300,1,F,CS,IF,D
10:31:31,PTBA,RG,3300,10,D,KK,IF,D
10:31:31,PTBA,RG,3300,5,D,XC,IF,D
10:31:31,PTBA,RG,3300,42,D,XC,IF,D
10:31:31,PTBA,RG,3300,1,D,PD,IF,D
10:31:31,PTBA,RG,3300,7,D,PD,IF,D
10:31:31,PTBA,RG,3300,11,F,ZP,IF,D
10:31:31,PTBA,RG,3300,20,D,KK,IF,D
10:31:31,PTBA,RG,3300,1,D,YP,IF,D
10:31:31,PTBA,RG,3300,6,F,CS,IF,D
10:31:31,PTBA,RG,3300,1,F,CS,IF,D
10:31:31,PTBA,RG,3300,7,D,PD,IF,D
10:31:31,PTBA,RG,3300,4,D,KK,IF,D
10:31:31,PTBA,RG,3300,1,D,XC,IF,D
10:31:31,PTBA,RG,3300,2,F,CS,IF,D
10:31:31,PTBA,RG,3300,8,F,ZP,IF,D
10:31:31,PTBA,RG,3300,2,F,CS,IF,D
10:31:31,PTBA,RG,3300,130,F,KZ,IF,D
10:31:31,PTBA,RG,3300,3,F,CS,IF,D
10:31:31,PTBA,RG,3300,1,F,CS,IF,D
10:31:31,PTBA,RG,3300,28,D,PD,IF,D
10:31:31,PTBA,RG,3300,10,D,CC,IF,D
10:31:31,PTBA,RG,3300,21,F,CS,IF,D
10:31:31,PTBA,RG,3300,222,D,LG,IF,D
10:31:27,PTBA,RG,3300,2,D,LG,AK,F
10:31:26,PTBA,RG,3300,31,D,LG,AK,F
10:31:26,PTBA,RG,3300,75,D,LG,AK,F
10:31:26,PTBA,RG,3300,2,D,LG,AK,F
10:31:25,PTBA,RG,3300,168,D,LG,IF,D
10:31:25,PTBA,RG,3300,45,F,DX,IF,D
10:31:25,PTBA,RG,3300,20,F,KZ,IF,D
10:31:25,PTBA,RG,3300,1,F,KZ,IF,D
10:31:25,PTBA,RG,3300,14,F,AK,IF,D
10:31:25,PTBA,RG,3300,46,F,KZ,IF,D
10:31:25,PTBA,RG,3300,1,F,CS,IF,D
10:31:25,PTBA,RG,3300,5,F,CS,IF,D
10:31:25,PTBA,RG,3300,10,F,ZP,IF,D
10:31:25,PTBA,RG,3300,7,F,ZP,IF,D
10:31:25,PTBA,RG,3300,155,F,ZP,IF,D
10:31:25,PTBA,RG,3300,76,F,AK,IF,D
10:31:25,PTBA,RG,3300,34,F,CS,IF,D
10:31:25,PTBA,RG,3300,6,F,CS,IF,D
10:31:25,PTBA,RG,3300,412,D,KK,IF,D
10:31:24,PTBA,RG,3300,1,D,KK,AK,F
10:31:23,PTBA,RG,3310,5,D,XC,GR,D
10:31:00,PTBA,RG,3300,1,D,KK,AK,F
10:29:16,PTBA,RG,3300,1,D,KK,AK,F
10:29:15,PTBA,RG,3310,40,F,AK,GR,D
10:28:18,PTBA,RG,3310,11,D,XL,GR,D
10:27:55,PTBA,RG,3300,1,D,KK,AK,F
10:27:53,PTBA,RG,3300,30,D,KK,YP,D
10:27:02,PTBA,RG,3300,1,D,KK,AK,F
10:27:00,PTBA,RG,3310,15,F,AK,GR,D
10:25:27,PTBA,RG,3300,7,D,KK,AK,F
10:25:25,PTBA,RG,3300,250,D,KK,PD,D
10:24:45,PTBA,RG,3300,1,D,KK,AK,F
10:24:44,PTBA,RG,3310,6,F,ZP,GR,D
10:24:44,PTBA,RG,3310,5,F,ZP,CC,D
10:22:55,PTBA,RG,3310,9,F,ZP,CC,D
10:22:35,PTBA,RG,3300,2,D,KK,PD,D
10:22:23,PTBA,RG,3300,1,D,KK,KK,D
10:21:58,PTBA,RG,3300,10,D,KK,GR,D
10:21:30,PTBA,RG,3300,2,D,KK,AK,F
10:21:29,PTBA,RG,3300,39,D,KK,XL,D
10:21:22,PTBA,RG,3300,2,D,KK,AK,F
10:21:21,PTBA,RG,3300,5,D,KK,PD,D
10:21:09,PTBA,RG,3300,10,D,KK,YP,D
10:19:31,PTBA,RG,3300,2,D,KK,PD,D
10:18:50,PTBA,RG,3300,4,D,KK,DH,D
10:18:19,PTBA,RG,3300,5,D,KK,YP,D
10:17:35,PTBA,RG,3300,1,D,KK,AK,F
10:17:34,PTBA,RG,3300,10,D,KK,PD,D
10:17:32,PTBA,RG,3300,4,D,KK,XC,D
10:17:07,PTBA,RG,3300,13,D,KK,AK,F
10:16:31,PTBA,RG,3300,2,D,KK,XC,D
10:16:23,PTBA,RG,3300,2,D,KK,XC,D
10:14:38,PTBA,RG,3300,3,D,KK,AK,F
10:14:37,PTBA,RG,3300,65,D,KK,RX,F
10:14:37,PTBA,RG,3300,1,D,KK,AK,F
10:14:37,PTBA,RG,3300,3,D,KK,AK,F
10:14:37,PTBA,RG,3300,109,D,KK,CC,D
10:14:23,PTBA,RG,3290,9,D,ZP,AK,F
10:14:21,PTBA,RG,3300,63,D,NI,CC,D
10:14:21,PTBA,RG,3300,1,D,NI,AK,F
10:14:21,PTBA,RG,3300,8,D,NI,AK,F
10:14:21,PTBA,RG,3300,10,D,NI,PD,D
10:14:21,PTBA,RG,3300,10,D,NI,PD,D
10:14:21,PTBA,RG,3300,1,D,NI,PD,D
10:14:21,PTBA,RG,3300,3,D,NI,BQ,D
10:14:21,PTBA,RG,3300,5,D,NI,YP,D
10:14:21,PTBA,RG,3300,50,D,NI,CC,D
10:14:21,PTBA,RG,3300,10,D,NI,PD,D
10:14:21,PTBA,RG,3300,201,D,NI,XA,D
10:14:21,PTBA,RG,3300,50,D,NI,PD,D
10:14:21,PTBA,RG,3300,50,D,NI,PD,D
10:14:21,PTBA,RG,3300,100,D,NI,RX,F
10:14:20,PTBA,RG,3300,10,D,PD,RX,F
10:14:20,PTBA,RG,3290,19,D,ZP,AK,F
10:14:20,PTBA,RG,3290,5,D,CC,AK,F
10:14:18,PTBA,RG,3290,45,D,CC,AZ,D
10:14:18,PTBA,RG,3290,100,D,DH,AZ,D
10:14:18,PTBA,RG,3290,50,D,YB,AZ,D
10:14:18,PTBA,RG,3290,805,D,YP,AZ,D
10:14:09,PTBA,RG,3300,5,F,KZ,RX,F
10:14:06,PTBA,RG,3290,9,D,YP,PD,D
10:13:54,PTBA,RG,3300,10,D,AG,CC,F
10:13:35,PTBA,RG,3300,3,F,KZ,CC,F
10:13:33,PTBA,RG,3300,1,F,KZ,CC,F
10:13:33,PTBA,RG,3300,4,F,KZ,CC,F
10:13:32,PTBA,RG,3300,16,F,AK,CC,F
10:13:32,PTBA,RG,3300,1,F,AK,AK,F
10:13:32,PTBA,RG,3300,10,F,AK,AK,F
10:13:32,PTBA,RG,3300,52,F,AK,KI,D
10:13:22,PTBA,RG,3300,2,F,KZ,KI,D
10:13:20,PTBA,RG,3290,1,D,YP,AK,F
10:13:19,PTBA,RG,3290,30,D,YP,RX,F
10:13:08,PTBA,RG,3300,3,F,KZ,KI,D
10:13:05,PTBA,RG,3290,3,D,YP,DR,D
10:13:00,PTBA,RG,3290,1,D,YP,AK,F
10:12:59,PTBA,RG,3300,5,D,NI,KI,D
10:12:33,PTBA,RG,3290,1,D,YP,AK,F
10:12:32,PTBA,RG,3300,10,F,KZ,KI,D
10:12:32,PTBA,RG,3300,45,D,PD,KI,D
10:12:03,PTBA,RG,3300,3,D,YB,KI,D
10:11:44,PTBA,RG,3300,1,D,XC,KI,D
10:11:23,PTBA,RG,3290,1,D,YP,AK,F
10:11:23,PTBA,RG,3300,5,D,XC,KI,D
10:11:12,PTBA,RG,3300,20,D,PD,KI,D
10:11:09,PTBA,RG,3300,4,D,PD,KI,D
10:11:05,PTBA,RG,3290,1,D,YP,AK,F
10:11:04,PTBA,RG,3300,1,D,XC,KI,D
10:11:04,PTBA,RG,3300,30,D,OD,KI,D
10:10:37,PTBA,RG,3290,3,D,YP,YP,D
10:10:32,PTBA,RG,3300,2,D,XC,KI,D
10:10:10,PTBA,RG,3290,1,D,YP,XC,D
10:09:03,PTBA,RG,3290,15,D,YP,AK,F
10:09:02,PTBA,RG,3300,480,F,KZ,KI,D
10:09:02,PTBA,RG,3290,1,D,YP,AK,F
10:09:01,PTBA,RG,3290,28,D,YP,RX,F
10:08:59,PTBA,RG,3290,11,D,YP,AK,F
10:08:58,PTBA,RG,3300,10,D,PD,KI,D
10:08:58,PTBA,RG,3300,37,F,CS,KI,D
10:08:58,PTBA,RG,3300,2,D,YU,KI,D
10:08:58,PTBA,RG,3300,8,F,ZP,KI,D
10:08:58,PTBA,RG,3300,6,F,KZ,KI,D
10:08:58,PTBA,RG,3300,143,F,KZ,KI,D
10:08:58,PTBA,RG,3300,10,F,CS,KI,D
10:08:58,PTBA,RG,3300,4,F,CS,KI,D
10:08:58,PTBA,RG,3300,3,F,KZ,KI,D
10:08:58,PTBA,RG,3300,1,F,KZ,KI,D
10:08:58,PTBA,RG,3300,15,F,KZ,KI,D
10:08:58,PTBA,RG,3300,10,D,YP,KI,D
10:08:58,PTBA,RG,3300,11,F,KZ,KI,D
10:08:58,PTBA,RG,3300,77,F,ZP,KI,D
10:08:26,PTBA,RG,3300,3,F,ZP,AK,F
10:08:25,PTBA,RG,3300,23,F,ZP,YP,D
10:08:25,PTBA,RG,3300,50,F,CS,YP,D
10:08:25,PTBA,RG,3300,21,F,AK,YP,D
10:08:25,PTBA,RG,3300,1,D,XC,YP,D
10:08:25,PTBA,RG,3300,5,F,ZP,YP,D
10:08:21,PTBA,RG,3300,1,F,ZP,AK,F
10:08:20,PTBA,RG,3300,2,F,ZP,YP,D
10:08:20,PTBA,RG,3300,3,F,KZ,YP,D
10:08:20,PTBA,RG,3300,45,D,PD,YP,D
10:07:57,PTBA,RG,3300,1,D,PD,AK,F
10:07:56,PTBA,RG,3300,4,D,PD,YU,D
10:07:56,PTBA,RG,3300,5,F,KZ,YU,D
10:07:36,PTBA,RG,3300,5,F,CS,ZP,D
10:07:31,PTBA,RG,3300,1,F,CS,XC,D
10:07:26,PTBA,RG,3300,3,F,CS,NI,D
10:07:26,PTBA,RG,3300,1,D,ZP,NI,D
10:07:18,PTBA,RG,3300,2,D,ZP,AK,F
10:07:17,PTBA,RG,3300,60,F,BK,SQ,D
10:06:53,PTBA,RG,3300,24,F,BK,RX,F
10:06:41,PTBA,RG,3300,16,F,BK,AK,F
10:06:40,PTBA,RG,3300,3,F,BK,YB,D
10:06:40,PTBA,RG,3300,163,F,KZ,YB,D
10:06:40,PTBA,RG,3300,5,D,XC,YB,D
10:06:40,PTBA,RG,3300,1,D,YU,YB,D
10:06:40,PTBA,RG,3300,3,D,YP,YB,D
10:06:40,PTBA,RG,3300,5,D,SQ,YB,D
10:06:40,PTBA,RG,3300,9,F,CS,YB,D
10:06:40,PTBA,RG,3300,10,D,PD,YB,D
10:06:40,PTBA,RG,3300,1,D,CC,YB,D
10:06:40,PTBA,RG,3300,15,D,SQ,YB,D
10:06:40,PTBA,RG,3300,10,D,XL,YB,D
10:06:40,PTBA,RG,3300,20,D,CC,YB,D
10:06:40,PTBA,RG,3300,5,D,XC,YB,D
10:06:40,PTBA,RG,3300,1,F,KZ,YB,D
10:06:40,PTBA,RG,3300,1,D,YP,YB,D
10:06:40,PTBA,RG,3300,14,D,PD,YB,D
10:06:40,PTBA,RG,3300,3,D,NI,YB,D
10:06:40,PTBA,RG,3300,16,F,KZ,YB,D
10:06:40,PTBA,RG,3300,1,D,KK,YB,D
10:06:40,PTBA,RG,3300,3,F,CS,YB,D
10:06:40,PTBA,RG,3300,1,D,PD,YB,D
10:06:40,PTBA,RG,3300,40,D,KK,YB,D
10:06:40,PTBA,RG,3300,22,F,CS,YB,D
10:06:40,PTBA,RG,3300,50,D,KK,YB,D
10:06:40,PTBA,RG,3300,10,D,CC,YB,D
10:06:40,PTBA,RG,3300,35,D,XC,YB,D
10:06:40,PTBA,RG,3300,53,F,KZ,YB,D
10:06:19,PTBA,RG,3310,3,D,PD,CC,D
10:06:16,PTBA,RG,3300,1,F,KZ,AK,F
10:06:15,PTBA,RG,3300,37,F,KZ,RX,F
10:06:14,PTBA,RG,3300,47,F,KZ,AK,F
10:06:13,PTBA,RG,3300,27,F,KZ,IU,D
10:06:13,PTBA,RG,3300,41,F,ZP,IU,D
10:06:13,PTBA,RG,3300,1,D,NI,IU,D
10:06:13,PTBA,RG,3300,82,F,KZ,IU,D
10:06:13,PTBA,RG,3300,10,D,PD,IU,D
10:06:13,PTBA,RG,3300,21,F,AK,IU,D
10:06:13,PTBA,RG,3300,2,D,XC,IU,D
10:06:13,PTBA,RG,3300,1,F,BK,IU,D
10:06:13,PTBA,RG,3300,44,F,CS,IU,D
10:06:13,PTBA,RG,3300,4,D,NI,IU,D
10:06:13,PTBA,RG,3300,22,F,DX,IU,D
10:06:13,PTBA,RG,3300,10,D,XL,IU,D
10:06:13,PTBA,RG,3300,1,D,PD,IU,D
10:06:13,PTBA,RG,3300,2,D,XC,IU,D
10:06:13,PTBA,RG,3300,3,D,YP,IU,D
10:06:13,PTBA,RG,3300,3,D,XL,IU,D
10:06:13,PTBA,RG,3300,2,D,XL,IU,D
10:06:13,PTBA,RG,3300,1,D,PD,IU,D
10:06:13,PTBA,RG,3300,25,F,DX,IU,D
10:06:13,PTBA,RG,3300,2,D,YP,IU,D
10:06:13,PTBA,RG,3300,5,D,XL,IU,D
10:06:13,PTBA,RG,3300,10,D,PD,IU,D
10:06:13,PTBA,RG,3300,3,D,YP,IU,D
10:06:13,PTBA,RG,3300,50,D,CC,IU,D
10:06:13,PTBA,RG,3300,6,D,PD,IU,D
10:06:13,PTBA,RG,3300,27,D,DR,IU,D
10:06:13,PTBA,RG,3300,4,D,YU,IU,D
10:06:13,PTBA,RG,3300,2,D,CC,IU,D
10:06:13,PTBA,RG,3300,35,D,SQ,IU,D
10:06:13,PTBA,RG,3300,1,D,XC,IU,D
10:06:13,PTBA,RG,3300,3,D,YP,IU,D
10:06:13,PTBA,RG,3300,2,D,XC,IU,D
10:06:13,PTBA,RG,3300,1,D,PD,IU,D
10:06:13,PTBA,RG,3300,5,D,GR,IU,D
10:06:13,PTBA,RG,3300,2,D,NI,IU,D
10:06:13,PTBA,RG,3300,2,D,OD,IU,D
10:06:13,PTBA,RG,3300,5,D,XC,IU,D
10:06:13,PTBA,RG,3300,2,D,XL,IU,D
10:06:13,PTBA,RG,3300,5,D,CC,IU,D
10:06:13,PTBA,RG,3300,4,D,NI,IU,D
10:06:13,PTBA,RG,3300,1,D,PD,IU,D
10:06:13,PTBA,RG,3300,1,D,XC,IU,D
10:06:13,PTBA,RG,3300,1,D,XC,IU,D
10:06:13,PTBA,RG,3300,6,D,PD,IU,D
10:06:13,PTBA,RG,3300,20,D,NI,IU,D
10:06:13,PTBA,RG,3300,24,F,AK,IU,D
10:06:13,PTBA,RG,3300,15,D,CC,IU,D
10:06:13,PTBA,RG,3300,7,F,ZP,IU,D
10:06:13,PTBA,RG,3300,17,D,NI,IU,D
10:06:13,PTBA,RG,3300,2,D,XA,IU,D
10:06:13,PTBA,RG,3300,5,D,YP,IU,D
10:06:13,PTBA,RG,3300,3,D,XL,IU,D
10:06:13,PTBA,RG,3300,25,D,PD,IU,D
10:06:13,PTBA,RG,3300,4,D,XC,IU,D
10:06:13,PTBA,RG,3300,334,F,CS,IU,D
10:06:13,PTBA,RG,3300,10,D,XC,IU,D
10:06:13,PTBA,RG,3300,547,F,CS,IU,D
10:05:31,PTBA,RG,3300,3,F,CS,XL,D
10:05:07,PTBA,RG,3300,15,F,CS,AK,F
10:05:06,PTBA,RG,3300,1,F,CS,AK,F
10:05:05,PTBA,RG,3300,64,F,CS,AR,D
10:05:05,PTBA,RG,3300,436,F,CS,AR,D
10:05:04,PTBA,RG,3310,25,D,YP,CC,D
10:04:53,PTBA,RG,3310,15,D,XC,CC,D
10:03:49,PTBA,RG,3300,1,F,CS,YU,D
10:03:38,PTBA,RG,3300,1,F,CS,AK,F
10:03:37,PTBA,RG,3300,6,F,CS,XC,D
10:03:33,PTBA,RG,3310,1,D,YU,CC,D
10:02:49,PTBA,RG,3300,7,F,CS,AK,F
10:02:48,PTBA,RG,3300,239,F,CS,EP,D
10:02:34,PTBA,RG,3300,15,F,CS,HP,D
10:02:30,PTBA,RG,3300,2,F,CS,AK,F
10:02:30,PTBA,RG,3310,42,D,OD,CC,D
10:02:30,PTBA,RG,3310,15,D,OD,CC,D
10:02:30,PTBA,RG,3310,1,D,OD,PD,D
10:02:30,PTBA,RG,3310,10,D,OD,CC,F
10:02:30,PTBA,RG,3310,1,D,OD,PD,D
10:02:30,PTBA,RG,3310,2,D,OD,YP,D
10:02:30,PTBA,RG,3310,3,D,OD,CC,D
10:02:30,PTBA,RG,3310,1,D,OD,AK,F
10:02:30,PTBA,RG,3310,2,D,OD,AK,F
10:02:30,PTBA,RG,3310,23,D,OD,RX,F
10:02:30,PTBA,RG,3300,2,F,CS,CC,D
10:02:03,PTBA,RG,3310,10,D,PD,RX,F
10:01:59,PTBA,RG,3310,11,D,PD,RX,F
10:01:29,PTBA,RG,3310,3,D,PD,RX,F
10:01:27,PTBA,RG,3300,6,F,CS,AK,F
10:01:27,PTBA,RG,3310,1,F,KZ,RX,F
10:01:27,PTBA,RG,3310,7,F,KZ,XC,D
10:01:26,PTBA,RG,3310,89,D,CC,BK,F
10:01:26,PTBA,RG,3310,1,D,CC,AK,F
10:01:26,PTBA,RG,3310,1,D,CC,AK,F
10:01:26,PTBA,RG,3310,100,D,CC,RX,F
10:01:26,PTBA,RG,3310,109,D,CC,BK,F
10:01:17,PTBA,RG,3310,5,F,KZ,BK,F
10:01:17,PTBA,RG,3310,3,F,KZ,AK,F
10:01:16,PTBA,RG,3310,1,F,KZ,AK,F
10:01:13,PTBA,RG,3300,4,F,CS,AK,F
10:01:12,PTBA,RG,3310,30,F,KZ,AK,F
10:01:12,PTBA,RG,3310,1,F,KZ,AK,F
10:01:12,PTBA,RG,3310,1000,F,KZ,YP,D
10:01:12,PTBA,RG,3310,123,F,KZ,BQ,D
10:01:12,PTBA,RG,3310,3,F,KZ,BQ,D
10:01:12,PTBA,RG,3310,1,D,XL,BQ,D
10:01:10,PTBA,RG,3310,1,D,CC,BQ,D
10:00:53,PTBA,RG,3310,2,D,CC,BQ,D
10:00:20,PTBA,RG,3300,1,F,CS,AK,F
10:00:19,PTBA,RG,3300,50,F,CS,PD,D
10:00:17,PTBA,RG,3300,3,F,CS,AK,F
10:00:16,PTBA,RG,3300,14,F,CS,RX,F
10:00:16,PTBA,RG,3300,25,D,XC,RX,F
10:00:16,PTBA,RG,3300,5,D,NI,RX,F
10:00:16,PTBA,RG,3300,1,D,NI,RX,F
10:00:16,PTBA,RG,3300,23,D,YP,RX,F
10:00:15,PTBA,RG,3300,17,D,YP,AK,F
10:00:14,PTBA,RG,3300,15,D,YP,AK,F
10:00:14,PTBA,RG,3300,245,D,YP,BK,F
10:00:14,PTBA,RG,3300,1,D,PD,BK,F
10:00:14,PTBA,RG,3300,2,D,PD,BK,F
10:00:14,PTBA,RG,3300,20,D,YP,BK,F
10:00:14,PTBA,RG,3300,2,D,XC,BK,F
10:00:14,PTBA,RG,3300,1,D,DR,BK,F
10:00:14,PTBA,RG,3300,10,D,PD,BK,F
10:00:14,PTBA,RG,3300,5,D,EP,BK,F
10:00:14,PTBA,RG,3300,26,F,AK,BK,F
10:00:14,PTBA,RG,3300,26,D,PD,BK,F
10:00:14,PTBA,RG,3300,1,D,PD,BK,F
10:00:14,PTBA,RG,3300,2,D,NI,BK,F
10:00:14,PTBA,RG,3300,2,D,NI,BK,F
10:00:14,PTBA,RG,3300,157,D,YP,BK,F
10:00:14,PTBA,RG,3300,43,D,YP,RX,F
10:00:14,PTBA,RG,3300,10,D,NI,RX,F
10:00:14,PTBA,RG,3300,2,D,PD,RX,F
10:00:13,PTBA,RG,3300,9,D,PD,AK,F
10:00:13,PTBA,RG,3300,1,D,NI,AK,F
10:00:13,PTBA,RG,3300,5,D,CC,AK,F
10:00:13,PTBA,RG,3300,1,D,XC,AK,F
10:00:13,PTBA,RG,3300,100,D,EP,BK,F
10:00:13,PTBA,RG,3300,7,D,XC,BK,F
10:00:13,PTBA,RG,3300,5,D,SQ,BK,F
10:00:13,PTBA,RG,3300,388,D,GR,BK,F
10:00:12,PTBA,RG,3300,112,D,GR,BK,F
10:00:12,PTBA,RG,3300,1,D,XC,BK,F
10:00:12,PTBA,RG,3300,4,D,KK,BK,F
10:00:12,PTBA,RG,3300,10,D,PD,BK,F
10:00:12,PTBA,RG,3300,1,D,CC,BK,F
10:00:12,PTBA,RG,3300,30,D,XC,BK,F
10:00:12,PTBA,RG,3300,15,D,PD,BK,F
10:00:12,PTBA,RG,3300,327,D,GR,BK,F
10:00:11,PTBA,RG,3300,15,D,GR,AK,F
10:00:11,PTBA,RG,3300,158,D,GR,BK,F
10:00:11,PTBA,RG,3300,30,D,XC,BK,F
10:00:11,PTBA,RG,3300,20,F,ZP,BK,F
10:00:11,PTBA,RG,3300,10,D,DH,BK,F
10:00:11,PTBA,RG,3300,1,D,YP,BK,F
10:00:11,PTBA,RG,3300,1,D,DR,BK,F
10:00:11,PTBA,RG,3300,1,F,ZP,BK,F
10:00:11,PTBA,RG,3300,1,D,XC,BK,F
10:00:11,PTBA,RG,3300,15,D,CC,BK,F
10:00:11,PTBA,RG,3300,2,D,NI,BK,F
10:00:11,PTBA,RG,3300,5,D,KK,BK,F
10:00:11,PTBA,RG,3300,5,D,EP,BK,F
10:00:11,PTBA,RG,3300,251,D,LG,BK,F
10:00:10,PTBA,RG,3300,16,D,LG,AK,F
10:00:09,PTBA,RG,3300,500,D,LG,BK,F
10:00:08,PTBA,RG,3300,7,D,LG,AK,F
10:00:07,PTBA,RG,3310,1,D,KK,BQ,D
10:00:07,PTBA,RG,3300,244,D,LG,RX,F
10:00:06,PTBA,RG,3300,84,D,LG,AK,F
10:00:05,PTBA,RG,3300,119,D,LG,RX,F
10:00:05,PTBA,RG,3300,2602,D,LG,AK,F
10:00:04,PTBA,RG,3300,68,D,LG,AK,F
10:00:04,PTBA,RG,3300,1109,D,LG,GR,D
10:00:04,PTBA,RG,3300,1,F,KZ,GR,D
10:00:04,PTBA,RG,3300,1,D,DH,GR,D
10:00:04,PTBA,RG,3300,2,D,GR,GR,D
10:00:04,PTBA,RG,3300,28,F,KZ,GR,D
10:00:04,PTBA,RG,3300,1,D,AT,GR,D
10:00:04,PTBA,RG,3300,250,D,DR,GR,D
10:00:04,PTBA,RG,3300,2,D,YP,GR,D
10:00:04,PTBA,RG,3300,7,D,PD,GR,D
10:00:04,PTBA,RG,3300,83,F,KZ,GR,D
10:00:04,PTBA,RG,3300,5,D,GR,GR,D
10:00:04,PTBA,RG,3300,1,D,OD,GR,D
10:00:04,PTBA,RG,3300,300,D,DH,GR,D
10:00:04,PTBA,RG,3300,1,D,YP,GR,D
10:00:04,PTBA,RG,3300,2,D,SQ,GR,D
10:00:04,PTBA,RG,3300,30,D,YP,GR,D
10:00:04,PTBA,RG,3300,13,D,NI,GR,D
10:00:04,PTBA,RG,3300,10,D,GR,GR,D
10:00:04,PTBA,RG,3300,10,D,LG,GR,D
10:00:04,PTBA,RG,3300,3,D,PD,GR,D
10:00:04,PTBA,RG,3300,15,D,YP,GR,D
10:00:04,PTBA,RG,3300,1,D,AZ,GR,D
10:00:04,PTBA,RG,3300,4,D,PD,GR,D
10:00:04,PTBA,RG,3300,1,D,PD,GR,D
10:00:04,PTBA,RG,3300,5,D,GR,GR,D
10:00:04,PTBA,RG,3300,20,D,PD,GR,D
10:00:04,PTBA,RG,3300,5,D,YP,GR,D
10:00:04,PTBA,RG,3300,6,D,NI,GR,D
10:00:04,PTBA,RG,3300,1,D,NI,GR,D
10:00:04,PTBA,RG,3300,1,D,YP,GR,D
10:00:04,PTBA,RG,3300,282,D,YP,GR,D
10:00:02,PTBA,RG,3300,3,D,YP,AK,F
10:00:02,PTBA,RG,3300,18,D,YP,YP,D
10:00:02,PTBA,RG,3300,30,D,NI,YP,D
10:00:02,PTBA,RG,3300,2,F,ZP,YP,D
10:00:02,PTBA,RG,3300,10,D,XL,YP,D
10:00:02,PTBA,RG,3300,15,D,HP,YP,D
9:59:50,PTBA,RG,3300,1,D,YP,AK,F
9:59:50,PTBA,RG,3300,2,D,YP,AK,F
9:59:50,PTBA,RG,3310,3,F,CS,BQ,D
9:59:50,PTBA,RG,3310,5,F,CS,BQ,D
9:59:50,PTBA,RG,3310,30,F,CS,BQ,D
9:59:50,PTBA,RG,3310,10,F,CS,BQ,D
9:59:49,PTBA,RG,3310,7,F,CS,BQ,D
9:59:49,PTBA,RG,3310,30,F,CS,BQ,D
9:59:49,PTBA,RG,3310,4,F,CS,BQ,D
9:59:49,PTBA,RG,3310,7,F,CS,BQ,D
9:59:49,PTBA,RG,3310,13,F,KZ,BQ,D
9:59:49,PTBA,RG,3310,4,F,KZ,BQ,D
9:59:49,PTBA,RG,3310,6,F,KZ,BQ,D
9:59:49,PTBA,RG,3310,7,F,KZ,AK,F
9:59:48,PTBA,RG,3310,17,F,KZ,PD,D
9:59:48,PTBA,RG,3310,8,F,CS,PD,D
9:59:48,PTBA,RG,3310,3,F,CS,PD,D
9:59:48,PTBA,RG,3310,172,F,ZP,PD,D
9:59:31,PTBA,RG,3320,1,D,XC,HD,D
9:59:31,PTBA,RG,3310,18,F,ZP,AK,F
9:59:31,PTBA,RG,3310,1,F,CS,AK,F
9:59:31,PTBA,RG,3310,22,F,AK,AK,F
9:59:31,PTBA,RG,3310,8,F,CS,AK,F
9:59:30,PTBA,RG,3310,8,F,CS,AK,F
9:59:30,PTBA,RG,3310,6,F,CS,AK,F
9:59:30,PTBA,RG,3310,1,F,CS,AK,F
9:59:30,PTBA,RG,3310,1,F,CS,AK,F
9:59:30,PTBA,RG,3310,1,D,AZ,AK,F
9:59:30,PTBA,RG,3310,5,D,DR,AK,F
9:59:30,PTBA,RG,3310,2,D,YP,AK,F
9:59:30,PTBA,RG,3310,1,D,PD,AK,F
9:59:30,PTBA,RG,3310,300,D,PD,AK,F
9:59:30,PTBA,RG,3310,50,D,YP,AK,F
9:59:30,PTBA,RG,3310,1,D,XC,AK,F
9:59:30,PTBA,RG,3310,10,F,KZ,AK,F
9:59:30,PTBA,RG,3310,1,D,PD,AK,F
9:59:30,PTBA,RG,3310,30,D,OD,AK,F
9:59:30,PTBA,RG,3310,1,D,DR,AK,F
9:59:30,PTBA,RG,3310,1,D,YP,AK,F
9:59:30,PTBA,RG,3310,3,F,KZ,AK,F
9:59:30,PTBA,RG,3310,10,D,YP,AK,F
9:59:30,PTBA,RG,3310,3,F,CS,AK,F
9:59:30,PTBA,RG,3310,38,F,CS,AK,F
9:59:30,PTBA,RG,3310,1,D,PD,AK,F
9:59:30,PTBA,RG,3310,1,D,CD,AK,F
9:59:30,PTBA,RG,3310,11,F,ZP,AK,F
9:59:30,PTBA,RG,3310,1,D,NI,AK,F
9:59:30,PTBA,RG,3310,40,D,PD,AK,F
9:59:30,PTBA,RG,3310,2,D,XC,AK,F
9:59:30,PTBA,RG,3310,55,F,AK,AK,F
9:59:30,PTBA,RG,3310,1,F,KZ,AK,F
9:59:30,PTBA,RG,3310,6,D,SQ,AK,F
9:59:30,PTBA,RG,3310,37,F,KZ,AK,F
9:59:30,PTBA,RG,3310,94,F,KZ,AK,F
9:59:30,PTBA,RG,3310,20,D,PD,AK,F
9:59:30,PTBA,RG,3310,60,D,YP,AK,F
9:59:30,PTBA,RG,3310,8,D,SQ,AK,F
9:59:30,PTBA,RG,3310,1,D,PD,AK,F
9:59:30,PTBA,RG,3310,5,D,KK,AK,F
9:59:30,PTBA,RG,3310,5,F,CS,AK,F
9:59:30,PTBA,RG,3310,2,D,EP,AK,F
9:59:30,PTBA,RG,3310,10,D,PD,AK,F
9:59:30,PTBA,RG,3310,10,F,ZP,AK,F
9:59:30,PTBA,RG,3310,86,F,ZP,AK,F
9:59:30,PTBA,RG,3310,100,D,PC,AK,F
9:59:30,PTBA,RG,3310,11,F,CS,AK,F
9:59:30,PTBA,RG,3310,35,F,CS,AK,F
9:59:30,PTBA,RG,3310,6,F,CS,AK,F
9:59:30,PTBA,RG,3310,2,D,YP,AK,F
9:59:30,PTBA,RG,3310,100,D,KK,AK,F
9:59:30,PTBA,RG,3310,125,F,ZP,AK,F
9:59:30,PTBA,RG,3310,24,F,AK,AK,F
9:59:30,PTBA,RG,3310,38,F,CS,AK,F
9:59:30,PTBA,RG,3310,5,F,CS,AK,F
9:59:30,PTBA,RG,3310,4,F,CS,AK,F
9:59:30,PTBA,RG,3310,10,D,XC,AK,F
9:59:30,PTBA,RG,3310,1,F,KZ,AK,F
9:59:30,PTBA,RG,3310,22,F,AK,AK,F
9:59:30,PTBA,RG,3310,215,D,LG,AK,F
9:59:29,PTBA,RG,3310,500,D,LG,YB,D
9:59:16,PTBA,RG,3310,1,D,LG,AK,F
9:59:15,PTBA,RG,3320,2,F,AK,HD,D
9:59:15,PTBA,RG,3320,34,F,AK,PD,D
9:59:00,PTBA,RG,3310,7,D,LG,CC,D
9:58:52,PTBA,RG,3310,1,D,LG,AK,F
9:58:52,PTBA,RG,3310,10,D,LG,PD,D
9:58:51,PTBA,RG,3320,9,F,ZP,PD,D
9:58:35,PTBA,RG,3310,4,D,LG,YP,D
9:58:08,PTBA,RG,3310,5,D,LG,PD,D
9:57:45,PTBA,RG,3310,15,D,LG,XC,D
9:57:43,PTBA,RG,3310,1,D,LG,AK,F
9:57:42,PTBA,RG,3320,1,D,DH,PD,D
9:56:45,PTBA,RG,3320,11,F,AK,PD,D
9:56:45,PTBA,RG,3320,10,F,AK,XC,D
9:56:42,PTBA,RG,3320,3,D,YP,PD,D
9:56:42,PTBA,RG,3320,1,D,YP,GR,D
9:56:08,PTBA,RG,3320,2,D,YP,GR,D
9:56:04,PTBA,RG,3310,1,D,LG,AK,F
9:56:03,PTBA,RG,3310,19,D,LG,RX,F
9:56:01,PTBA,RG,3310,10,D,LG,RX,F
9:55:57,PTBA,RG,3310,5,D,LG,AK,F
9:55:55,PTBA,RG,3310,40,D,LG,PD,D
9:55:55,PTBA,RG,3310,24,F,KZ,PD,D
9:55:55,PTBA,RG,3310,5,D,YP,PD,D
9:55:55,PTBA,RG,3310,2,D,XC,PD,D
9:55:55,PTBA,RG,3310,20,D,YP,PD,D
9:55:55,PTBA,RG,3310,40,D,RO,PD,D
9:55:55,PTBA,RG,3310,15,D,XC,PD,D
9:55:55,PTBA,RG,3310,2,D,YP,PD,D
9:55:55,PTBA,RG,3310,2,D,XC,PD,D
9:55:34,PTBA,RG,3320,8,F,ZP,GR,D
9:55:34,PTBA,RG,3320,1,F,ZP,YP,D
9:55:16,PTBA,RG,3320,1,D,YP,YP,D
9:55:06,PTBA,RG,3320,1,D,CC,YP,D
9:55:04,PTBA,RG,3310,3,D,XC,PD,D
9:55:03,PTBA,RG,3310,2,F,KZ,YP,D
9:54:58,PTBA,RG,3310,1,F,KZ,OD,D
9:54:54,PTBA,RG,3310,1,F,KZ,AK,F
9:54:53,PTBA,RG,3320,16,D,XL,YP,D
9:54:21,PTBA,RG,3310,6,F,KZ,SQ,D
9:53:54,PTBA,RG,3320,3,D,AZ,YP,D
9:53:22,PTBA,RG,3320,1,D,DH,YP,D
9:52:29,PTBA,RG,3310,1,F,KZ,AK,F
9:52:28,PTBA,RG,3310,10,F,KZ,XL,D
9:52:16,PTBA,RG,3310,1,F,KZ,AK,F
9:52:15,PTBA,RG,3310,11,F,KZ,IF,D
9:52:15,PTBA,RG,3310,2,D,YP,IF,D
9:52:15,PTBA,RG,3310,37,F,KZ,IF,D
9:52:11,PTBA,RG,3310,2,F,KZ,AK,F
9:52:10,PTBA,RG,3310,18,F,KZ,YU,D
9:52:10,PTBA,RG,3310,1,F,KZ,YU,D
9:52:10,PTBA,RG,3310,8,F,ZP,YU,D
9:52:10,PTBA,RG,3310,11,F,KZ,YU,D
9:52:10,PTBA,RG,3310,12,D,PD,YU,D
9:51:47,PTBA,RG,3310,2,D,PD,AK,F
9:51:46,PTBA,RG,3310,70,D,PD,LG,D
9:51:37,PTBA,RG,3310,1,D,PD,AK,F
9:51:37,PTBA,RG,3310,50,D,PD,DH,D
9:50:50,PTBA,RG,3310,1,D,PD,AK,F
9:50:49,PTBA,RG,3320,8,D,YP,YP,D
9:50:35,PTBA,RG,3310,3,D,PD,YP,D
9:50:31,PTBA,RG,3310,18,D,PD,CC,D
9:50:31,PTBA,RG,3310,2,F,ZP,CC,D
9:50:21,PTBA,RG,3320,1,D,PD,YP,D
9:50:08,PTBA,RG,3320,1,D,RB,YP,D
9:49:56,PTBA,RG,3310,1,F,ZP,AK,F
9:49:56,PTBA,RG,3320,1,D,YP,YP,D
9:49:55,PTBA,RG,3310,5,F,ZP,CC,D
9:49:55,PTBA,RG,3310,10,D,PD,CC,D
9:49:42,PTBA,RG,3310,3,D,PD,AK,F
9:49:41,PTBA,RG,3310,7,D,PD,YP,D
9:49:41,PTBA,RG,3310,28,F,ZP,YP,D
9:49:41,PTBA,RG,3310,13,F,CS,YP,D
9:49:41,PTBA,RG,3310,3,D,NI,YP,D
9:49:41,PTBA,RG,3310,49,D,XC,YP,D
9:49:29,PTBA,RG,3310,3,D,XC,XC,D
9:49:19,PTBA,RG,3310,1,D,XC,AK,F
9:49:18,PTBA,RG,3310,20,D,XC,YP,D
9:48:14,PTBA,RG,3310,3,D,XC,XC,D
9:48:12,PTBA,RG,3310,9,D,XC,RX,F
9:48:11,PTBA,RG,3310,1,D,XC,AK,F
9:48:10,PTBA,RG,3310,14,D,XC,RX,F
9:48:10,PTBA,RG,3310,1,D,YP,RX,F
9:48:10,PTBA,RG,3310,1,D,KK,RX,F
9:48:10,PTBA,RG,3310,2,D,SQ,RX,F
9:48:05,PTBA,RG,3310,15,D,SQ,AK,F
9:48:04,PTBA,RG,3310,33,D,SQ,CC,D
9:48:04,PTBA,RG,3310,2,D,CC,CC,D
9:48:04,PTBA,RG,3310,8,F,ZP,CC,D
9:48:04,PTBA,RG,3310,84,F,AK,CC,D
9:48:04,PTBA,RG,3310,1,F,BK,CC,D
9:48:04,PTBA,RG,3310,3,D,PD,CC,D
9:48:04,PTBA,RG,3310,140,D,SQ,CC,D
9:48:04,PTBA,RG,3310,45,F,ZP,CC,D
9:48:04,PTBA,RG,3310,1,D,XL,CC,D
9:48:04,PTBA,RG,3310,1,D,NI,CC,D
9:48:04,PTBA,RG,3310,25,F,AK,CC,D
9:48:04,PTBA,RG,3310,10,D,GR,CC,D
9:48:04,PTBA,RG,3310,5,D,MU,CC,D
9:48:04,PTBA,RG,3310,60,F,CS,CC,D
9:48:04,PTBA,RG,3310,10,F,CS,CC,D
9:48:04,PTBA,RG,3310,5,D,OD,CC,D
9:48:04,PTBA,RG,3310,67,D,YP,CC,D
9:47:26,PTBA,RG,3310,3,D,YP,CC,D
9:47:26,PTBA,RG,3310,1,D,YP,AK,F
9:47:24,PTBA,RG,3310,29,D,YP,XC,D
9:47:24,PTBA,RG,3310,6,D,SQ,XC,D
9:47:06,PTBA,RG,3310,6,D,SQ,XL,D
9:46:58,PTBA,RG,3310,1,D,SQ,AK,F
9:46:57,PTBA,RG,3320,5,D,AZ,YP,D
9:46:34,PTBA,RG,3320,1,D,YP,YP,D
9:45:53,PTBA,RG,3310,7,D,SQ,LG,D
9:45:53,PTBA,RG,3310,2,F,KZ,LG,D
9:45:37,PTBA,RG,3320,9,F,ZP,YP,D
9:44:57,PTBA,RG,3310,3,F,KZ,NI,D
9:44:41,PTBA,RG,3320,1,D,NI,YP,D
9:44:39,PTBA,RG,3310,7,F,KZ,CC,D
9:44:15,PTBA,RG,3310,1,F,KZ,AK,F
9:44:14,PTBA,RG,3310,3,F,KZ,EP,D
9:44:14,PTBA,RG,3310,3,F,KZ,EP,D
9:43:58,PTBA,RG,3310,3,F,KZ,BQ,D
9:43:20,PTBA,RG,3310,2,F,KZ,XC,D
9:43:20,PTBA,RG,3320,9,F,ZP,YP,D
9:43:02,PTBA,RG,3310,1,F,KZ,AK,F
9:43:01,PTBA,RG,3310,1,F,KZ,XL,D
9:43:01,PTBA,RG,3320,15,D,PD,YP,D
9:42:44,PTBA,RG,3310,4,F,KZ,AK,F
9:42:44,PTBA,RG,3310,1,F,KZ,AK,F
9:42:44,PTBA,RG,3310,10,D,YP,AK,F
9:42:43,PTBA,RG,3310,1,D,YP,AK,F
9:42:43,PTBA,RG,3310,89,D,YP,BK,F
9:42:43,PTBA,RG,3310,92,F,KZ,BK,F
9:42:43,PTBA,RG,3310,23,D,CC,BK,F
9:42:43,PTBA,RG,3310,296,F,CS,BK,F
9:42:42,PTBA,RG,3310,18,F,CS,PD,D
9:41:20,PTBA,RG,3310,1,F,CS,XL,D
9:41:20,PTBA,RG,3310,2,F,CS,PD,D
9:41:16,PTBA,RG,3310,24,F,CS,XC,D
9:40:25,PTBA,RG,3310,1,F,CS,AK,F
9:40:24,PTBA,RG,3310,10,F,CS,CC,D
9:38:32,PTBA,RG,3310,3,F,CS,AK,F
9:38:31,PTBA,RG,3310,120,F,CS,IF,D
9:38:27,PTBA,RG,3310,2,F,CS,AK,F
9:38:25,PTBA,RG,3310,41,F,CS,CC,D
9:38:17,PTBA,RG,3310,1,F,CS,XC,D
9:38:05,PTBA,RG,3310,9,F,CS,AK,F
9:38:05,PTBA,RG,3310,10,F,CS,LG,D
9:38:04,PTBA,RG,3310,288,F,CS,DX,D
9:37:42,PTBA,RG,3310,1,F,CS,AK,F
9:37:41,PTBA,RG,3310,20,F,CS,ZP,D
9:37:41,PTBA,RG,3310,4,F,CS,PD,D
9:37:35,PTBA,RG,3310,9,F,ZP,XC,D
9:37:29,PTBA,RG,3310,1,F,ZP,AK,F
9:37:28,PTBA,RG,3310,6,F,ZP,GR,D
9:37:28,PTBA,RG,3310,37,F,ZP,GR,D
9:37:27,PTBA,RG,3320,2,D,XL,YP,D
9:37:25,PTBA,RG,3310,2,F,ZP,AK,F
9:37:24,PTBA,RG,3310,52,F,ZP,PD,D
9:37:24,PTBA,RG,3310,4,F,AK,PD,D
9:37:24,PTBA,RG,3310,1,F,AK,PD,D
9:37:24,PTBA,RG,3310,3,F,CS,PD,D
9:37:06,PTBA,RG,3310,3,F,CS,KK,D
9:36:58,PTBA,RG,3310,3,F,CS,AK,F
9:36:57,PTBA,RG,3310,1,F,CS,YP,D
9:36:57,PTBA,RG,3310,99,D,KK,YP,D
9:36:54,PTBA,RG,3310,1,D,KK,AK,F
9:36:53,PTBA,RG,3320,5,D,OD,YP,D
9:36:07,PTBA,RG,3310,1,D,KK,NI,D
9:36:07,PTBA,RG,3310,4,D,KK,XL,D
9:36:02,PTBA,RG,3310,6,D,KK,AK,F
9:36:01,PTBA,RG,3310,187,D,KK,XA,D
9:35:54,PTBA,RG,3310,8,D,KK,AK,F
9:35:53,PTBA,RG,3310,1,D,KK,AK,F
9:35:53,PTBA,RG,3310,1,D,KK,AK,F
9:35:53,PTBA,RG,3310,1,D,KK,AK,F
9:35:53,PTBA,RG,3310,12,D,KK,AK,F
9:35:53,PTBA,RG,3310,100,D,KK,PD,D
9:35:53,PTBA,RG,3310,9,D,KK,XL,D
9:35:53,PTBA,RG,3310,5,D,KK,YP,D
9:35:53,PTBA,RG,3310,5,D,KK,EP,D
9:35:53,PTBA,RG,3310,847,D,KK,GR,D
9:35:53,PTBA,RG,3310,5,D,KK,XC,D
9:35:53,PTBA,RG,3310,4,D,KK,XC,D
9:35:53,PTBA,RG,3310,30,D,KK,XL,D
9:35:53,PTBA,RG,3310,2,D,KK,GR,D
9:35:53,PTBA,RG,3310,10,D,KK,PD,D
9:35:53,PTBA,RG,3310,84,D,KK,NI,D
9:35:53,PTBA,RG,3310,5,D,KK,DH,D
9:35:53,PTBA,RG,3310,5,D,KK,PD,D
9:35:53,PTBA,RG,3310,2,D,KK,AK,F
9:35:53,PTBA,RG,3310,1,D,KK,AK,F
9:35:53,PTBA,RG,3310,1,D,KK,AK,F
9:35:53,PTBA,RG,3310,750,D,KK,MG,D
9:35:53,PTBA,RG,3310,35,D,KK,AK,F
9:35:53,PTBA,RG,3310,23,D,KK,AK,F
9:35:53,PTBA,RG,3310,1,D,KK,AK,F
9:35:53,PTBA,RG,3310,755,D,KK,GR,D
9:35:38,PTBA,RG,3300,1,D,YP,PD,D
9:35:24,PTBA,RG,3310,1,D,YU,GR,D
9:35:23,PTBA,RG,3300,23,D,YP,AK,F
9:35:22,PTBA,RG,3310,750,D,GR,GR,D
9:35:18,PTBA,RG,3300,1,D,YP,AK,F
9:35:16,PTBA,RG,3300,30,D,YP,YP,D
9:35:00,PTBA,RG,3300,5,D,YP,AK,F
9:34:59,PTBA,RG,3310,175,D,GR,GR,D
9:34:23,PTBA,RG,3310,1,D,XL,GR,D
9:34:12,PTBA,RG,3310,3,D,YU,GR,D
9:34:05,PTBA,RG,3300,7,D,YP,AK,F
9:34:03,PTBA,RG,3310,200,D,KK,GR,D
9:33:50,PTBA,RG,3310,2,D,YU,GR,D
9:33:31,PTBA,RG,3310,1,D,YP,GR,D
9:33:29,PTBA,RG,3300,5,D,YP,YB,D
9:33:14,PTBA,RG,3300,20,D,YP,PD,D
9:33:10,PTBA,RG,3300,6,D,YP,AK,F
9:33:09,PTBA,RG,3310,89,F,KZ,GR,D
9:33:09,PTBA,RG,3310,1,F,KZ,GR,D
9:33:09,PTBA,RG,3310,22,F,CS,GR,D
9:33:09,PTBA,RG,3310,6,F,CS,YU,D
9:33:09,PTBA,RG,3310,10,F,KZ,YU,D
9:33:09,PTBA,RG,3310,13,F,CS,YU,D
9:33:09,PTBA,RG,3310,4,D,XC,YU,D
9:33:09,PTBA,RG,3310,1,D,EP,YU,D
9:33:09,PTBA,RG,3310,21,D,YP,YU,D
9:33:02,PTBA,RG,3310,3,D,YP,AK,F
9:33:02,PTBA,RG,3310,1,D,YP,PD,D
9:33:01,PTBA,RG,3310,75,D,YP,FS,D
9:33:01,PTBA,RG,3310,2,D,YB,FS,D
9:33:01,PTBA,RG,3310,11,F,KZ,FS,D
9:33:01,PTBA,RG,3310,8,F,ZP,FS,D
9:33:01,PTBA,RG,3310,2,F,KZ,FS,D
9:33:01,PTBA,RG,3310,2,F,CS,FS,D
9:32:57,PTBA,RG,3310,20,F,CS,YP,D
9:32:49,PTBA,RG,3310,2,F,CS,AK,F
9:32:48,PTBA,RG,3310,2,F,AK,OD,D
9:32:48,PTBA,RG,3310,3,D,EP,OD,D
9:32:48,PTBA,RG,3310,3,D,SQ,OD,D
9:32:48,PTBA,RG,3310,6,F,CS,OD,D
9:32:48,PTBA,RG,3310,1,D,XC,OD,D
9:32:48,PTBA,RG,3310,1,D,XC,OD,D
9:32:48,PTBA,RG,3310,13,F,KZ,OD,D
9:32:48,PTBA,RG,3310,2,F,KZ,OD,D
9:32:48,PTBA,RG,3310,8,F,KZ,OD,D
9:32:48,PTBA,RG,3310,11,F,AK,OD,D
9:32:29,PTBA,RG,3310,20,F,AK,KK,D
9:32:16,PTBA,RG,3310,19,F,KZ,AK,F
9:32:15,PTBA,RG,3310,67,F,KZ,IU,D
9:32:15,PTBA,RG,3310,199,F,ZP,IU,D
9:32:15,PTBA,RG,3310,37,F,KZ,IU,D
9:32:15,PTBA,RG,3310,211,F,AK,IU,D
9:32:15,PTBA,RG,3310,23,F,AK,IU,D
9:32:15,PTBA,RG,3310,24,F,AK,IU,D
9:32:15,PTBA,RG,3310,30,F,CS,IU,D
9:32:15,PTBA,RG,3310,9,D,OD,IU,D
9:32:03,PTBA,RG,3310,1,D,OD,AK,F
9:32:03,PTBA,RG,3310,5,D,CC,AK,F
9:32:02,PTBA,RG,3310,35,D,CC,YP,D
9:32:02,PTBA,RG,3310,9,F,CS,YP,D
9:32:02,PTBA,RG,3310,2,D,CC,YP,D
9:32:02,PTBA,RG,3310,10,F,ZP,YP,D
9:32:02,PTBA,RG,3310,31,D,YP,YP,D
9:32:02,PTBA,RG,3310,1,D,PD,YP,D
9:32:02,PTBA,RG,3310,7,D,DR,YP,D
9:32:02,PTBA,RG,3310,105,D,DR,YP,D
9:31:50,PTBA,RG,3310,13,D,DR,AK,F
9:31:49,PTBA,RG,3310,32,D,DR,IU,D
9:31:49,PTBA,RG,3310,9,F,CS,IU,D
9:31:49,PTBA,RG,3310,359,D,CC,IU,D
9:31:46,PTBA,RG,3310,15,D,CC,PD,D
9:31:37,PTBA,RG,3310,1,D,CC,AK,F
9:31:37,PTBA,RG,3310,20,D,CC,PD,D
9:31:34,PTBA,RG,3310,94,D,CC,AK,F
9:31:33,PTBA,RG,3310,511,D,CC,RF,D
9:31:33,PTBA,RG,3310,4,F,KZ,RF,D
9:31:33,PTBA,RG,3310,100,D,YP,RF,D
9:31:33,PTBA,RG,3310,10,D,XC,RF,D
9:31:33,PTBA,RG,3310,38,D,DR,RF,D
9:31:33,PTBA,RG,3310,1,D,KK,RF,D
9:31:33,PTBA,RG,3310,8,D,YP,RF,D
9:31:33,PTBA,RG,3310,1,D,YP,RF,D
9:31:33,PTBA,RG,3310,75,F,CS,RF,D
9:31:33,PTBA,RG,3310,15,F,CS,RF,D
9:31:33,PTBA,RG,3310,1,D,PD,RF,D
9:31:33,PTBA,RG,3310,1,D,KK,RF,D
9:31:33,PTBA,RG,3310,1,F,AK,RF,D
9:31:33,PTBA,RG,3310,1,D,DR,RF,D
9:31:33,PTBA,RG,3310,71,F,AK,RF,D
9:31:33,PTBA,RG,3310,2,D,PD,RF,D
9:31:33,PTBA,RG,3310,25,F,AK,RF,D
9:31:33,PTBA,RG,3310,68,F,ZP,RF,D
9:31:33,PTBA,RG,3310,4,F,CS,RF,D
9:31:33,PTBA,RG,3310,8,F,ZP,RF,D
9:31:33,PTBA,RG,3310,83,F,AK,RF,D
9:31:33,PTBA,RG,3310,10,D,PD,RF,D
9:31:33,PTBA,RG,3310,10,D,PD,RF,D
9:31:33,PTBA,RG,3310,3,D,PD,RF,D
9:31:33,PTBA,RG,3310,2,D,PD,RF,D
9:31:33,PTBA,RG,3310,1,F,CS,RF,D
9:31:33,PTBA,RG,3310,13,D,XC,RF,D
9:31:33,PTBA,RG,3310,6,F,CS,RF,D
9:31:33,PTBA,RG,3310,1,D,XC,RF,D
9:31:33,PTBA,RG,3310,11,F,CS,RF,D
9:31:33,PTBA,RG,3310,45,F,KZ,RF,D
9:31:33,PTBA,RG,3310,6,F,KZ,RF,D
9:31:33,PTBA,RG,3310,3,F,KZ,RF,D
9:31:33,PTBA,RG,3310,70,F,CS,RF,D
9:31:33,PTBA,RG,3310,2,D,XL,RF,D
9:31:33,PTBA,RG,3310,50,D,XA,RF,D
9:31:33,PTBA,RG,3310,28,F,AK,RF,D
9:31:33,PTBA,RG,3310,10,D,GR,RF,D
9:31:33,PTBA,RG,3310,100,D,DH,RF,D
9:31:33,PTBA,RG,3310,3,D,XC,RF,D
9:31:33,PTBA,RG,3310,2,D,XC,RF,D
9:31:33,PTBA,RG,3310,112,F,KZ,RF,D
9:31:33,PTBA,RG,3310,20,D,YP,RF,D
9:31:33,PTBA,RG,3310,1,D,YP,RF,D
9:31:33,PTBA,RG,3310,5,D,YP,RF,D
9:31:33,PTBA,RG,3310,22,D,DR,RF,D
9:31:33,PTBA,RG,3310,28,F,AK,RF,D
9:31:33,PTBA,RG,3310,40,D,PD,RF,D
9:31:33,PTBA,RG,3310,2,D,NI,RF,D
9:31:33,PTBA,RG,3310,1000,D,CC,RF,D
9:31:33,PTBA,RG,3310,3,D,PD,RF,D
9:31:33,PTBA,RG,3310,1,D,YP,RF,D
9:31:33,PTBA,RG,3310,7,D,CC,RF,D
9:31:33,PTBA,RG,3310,3,D,KK,RF,D
9:31:33,PTBA,RG,3310,2,D,DR,RF,D
9:31:33,PTBA,RG,3310,22,F,ZP,RF,D
9:31:33,PTBA,RG,3310,100,D,PD,RF,D
9:31:33,PTBA,RG,3310,1,D,CC,RF,D
9:31:33,PTBA,RG,3310,90,F,KZ,RF,D
9:31:33,PTBA,RG,3310,186,D,XC,RF,D
9:31:31,PTBA,RG,3320,2,D,XC,YP,D
9:31:30,PTBA,RG,3310,12,D,XC,PD,D
9:31:27,PTBA,RG,3310,1,D,XC,AK,F
9:31:26,PTBA,RG,3310,15,D,XC,YP,D
9:31:22,PTBA,RG,3310,1,D,XC,CC,D
9:31:10,PTBA,RG,3310,6,D,XC,CC,D
9:30:17,PTBA,RG,3310,1,D,XC,XL,D
9:29:08,PTBA,RG,3320,2,D,YP,YP,D
9:28:32,PTBA,RG,3320,5,D,YU,YP,D
9:28:14,PTBA,RG,3310,2,D,XC,YP,D
9:27:50,PTBA,RG,3320,1,D,PD,YP,D
9:27:44,PTBA,RG,3310,1,D,XC,NI,D
9:27:43,PTBA,RG,3310,1,D,XC,AK,F
9:27:42,PTBA,RG,3310,4,D,XC,PD,D
9:27:41,PTBA,RG,3310,8,D,XC,XC,D
9:27:40,PTBA,RG,3310,34,D,XC,AK,F
9:27:38,PTBA,RG,3310,629,D,XC,IU,D
9:27:38,PTBA,RG,3310,10,D,KK,IU,D
9:27:38,PTBA,RG,3310,10,D,GR,IU,D
9:27:38,PTBA,RG,3310,250,D,DR,IU,D
9:27:38,PTBA,RG,3310,8,F,KZ,IU,D
9:27:38,PTBA,RG,3310,1,D,XC,IU,D
9:27:38,PTBA,RG,3310,2,D,YU,IU,D
9:27:38,PTBA,RG,3310,2,D,PD,IU,D
9:27:38,PTBA,RG,3310,10,D,YB,IU,D
9:27:38,PTBA,RG,3310,4,D,PD,IU,D
9:27:38,PTBA,RG,3310,100,D,XA,IU,D
9:27:38,PTBA,RG,3310,15,F,ZP,IU,D
9:27:38,PTBA,RG,3310,10,D,SQ,IU,D
9:27:38,PTBA,RG,3310,2,D,AT,IU,D
9:27:38,PTBA,RG,3310,1,D,DR,IU,D
9:27:38,PTBA,RG,3310,5,D,PD,IU,D
9:27:38,PTBA,RG,3310,2,D,EP,IU,D
9:27:38,PTBA,RG,3310,5,D,CC,IU,D
9:27:38,PTBA,RG,3310,1,D,PD,IU,D
9:27:38,PTBA,RG,3310,5,D,GR,IU,D
9:27:38,PTBA,RG,3310,1,D,MG,IU,D
9:27:38,PTBA,RG,3310,27,D,YP,IU,D
