Time,Stock,Brd,Price,Qty,BT,BC,SC,ST
15:14:57,PTBA,RG,3700,5,D,GR,BQ,D
15:14:55,PTBA,RG,3700,1,D,NI,BQ,D
15:14:39,PTBA,RG,3700,1,D,PD,BQ,D
15:14:37,PTBA,RG,3700,5,D,GR,BQ,D
15:14:15,PTBA,RG,3700,4,D,XL,BQ,D
15:14:13,PTBA,RG,3700,10,D,CC,BQ,D
15:14:06,PTBA,RG,3700,15,D,CC,BQ,D
15:13:57,PTBA,RG,3700,30,D,ZP,BQ,D
15:13:50,PTBA,RG,3700,50,D,YU,BQ,D
15:13:34,PTBA,RG,3700,823,D,XA,BQ,D
15:13:34,PTBA,RG,3700,20,D,XA,YU,D
15:13:34,PTBA,RG,3700,10,D,XA,YP,D
15:13:34,PTBA,RG,3700,100,D,XA,PD,D
15:13:34,PTBA,RG,3700,15,D,XA,YP,D
15:13:34,PTBA,RG,3700,30,D,XA,DR,D
15:13:34,PTBA,RG,3700,1,D,XA,NI,D
15:13:34,PTBA,RG,3700,1,D,XA,CC,D
15:13:17,PTBA,RG,3700,13,D,XC,CC,D
15:12:36,PTBA,RG,3700,7,D,KK,CC,D
15:12:36,PTBA,RG,3700,2,D,KK,HP,D
15:12:36,PTBA,RG,3700,1,D,KK,YP,D
15:12:32,PTBA,RG,3700,10,D,XC,YP,D
15:12:31,PTBA,RG,3700,1,D,CC,YP,D
15:12:09,PTBA,RG,3700,2,D,XC,YP,D
15:12:08,PTBA,RG,3700,186,D,XA,YP,D
15:12:08,PTBA,RG,3700,500,D,XA,LG,D
15:12:08,PTBA,RG,3700,10,D,XA,YB,D
15:12:08,PTBA,RG,3700,1,D,XA,YP,D
15:12:08,PTBA,RG,3700,4,D,XA,XL,D
15:12:08,PTBA,RG,3700,10,D,XA,XC,D
15:12:08,PTBA,RG,3700,1,D,XA,XC,D
15:12:08,PTBA,RG,3700,5,D,XA,YP,D
15:12:08,PTBA,RG,3700,5,D,XA,YP,D
15:12:08,PTBA,RG,3700,40,D,XA,CC,D
15:12:08,PTBA,RG,3700,1000,D,XA,YJ,D
15:12:08,PTBA,RG,3700,10,D,XA,KK,D
15:12:08,PTBA,RG,3700,228,D,XA,YP,D
15:11:50,PTBA,RG,3700,1,D,DH,YP,D
15:11:36,PTBA,RG,3700,5,D,XC,YP,D
15:11:34,PTBA,RG,3700,14,D,XL,YP,D
15:10:49,PTBA,RG,3700,1,D,CC,YP,D
15:10:03,PTBA,RG,3700,2,D,YP,YP,D
15:09:10,PTBA,RG,3700,3,D,XC,YP,D
15:07:45,PTBA,RG,3700,10,D,SQ,YP,D
15:07:08,PTBA,RG,3700,5,D,DR,YP,D
15:07:04,PTBA,RG,3700,1,D,PD,YP,D
15:06:50,PTBA,RG,3700,1,D,YP,YP,D
15:06:23,PTBA,RG,3700,1,D,YP,YP,D
15:06:15,PTBA,RG,3700,1,D,YP,YP,D
15:06:06,PTBA,RG,3700,10,D,OD,YP,D
15:05:27,PTBA,RG,3700,269,D,GR,YP,D
15:05:03,PTBA,RG,3700,25,D,OD,YP,D
15:04:04,PTBA,RG,3700,50,D,CC,YP,D
15:03:45,PTBA,RG,3700,5,D,XL,YP,D
15:03:44,PTBA,RG,3700,1,D,XC,YP,D
15:03:15,PTBA,RG,3700,4,D,PD,YP,D
15:03:15,PTBA,RG,3700,50,D,OD,YP,D
15:03:15,PTBA,RG,3700,225,D,PD,YP,D
15:03:15,PTBA,RG,3700,75,D,YP,YP,D
15:03:15,PTBA,RG,3700,20,D,PD,YP,D
15:03:15,PTBA,RG,3700,3,D,NI,YP,D
15:03:15,PTBA,RG,3700,6,D,YP,YP,D
15:03:15,PTBA,RG,3700,1,D,CC,YP,D
15:03:15,PTBA,RG,3700,5,D,CC,YP,D
15:03:15,PTBA,RG,3700,1,D,YP,YP,D
15:03:15,PTBA,RG,3700,1,D,YP,YP,D
15:03:15,PTBA,RG,3700,1,D,XC,YP,D
15:03:15,PTBA,RG,3700,975,D,YB,YP,D
15:03:13,PTBA,RG,3700,5,D,YB,YP,D
15:03:11,PTBA,RG,3700,1,D,YB,ZP,D
15:03:08,PTBA,RG,3700,19,D,YB,ZP,D
15:03:08,PTBA,RG,3700,31,D,YB,ZP,D
15:02:56,PTBA,RG,3700,87,D,YB,CC,D
15:02:54,PTBA,RG,3700,300,D,YB,KK,D
15:02:52,PTBA,RG,3700,20,D,YB,PD,D
15:02:47,PTBA,RG,3700,87,D,YB,CC,D
15:02:47,PTBA,RG,3700,8,D,YB,DR,D
15:02:29,PTBA,RG,3700,25,D,YB,CP,D
15:02:28,PTBA,RG,3700,1,D,YB,ZP,D
15:02:28,PTBA,RG,3700,50,D,YB,CC,D
15:02:19,PTBA,RG,3700,62,D,YB,CC,D
15:02:13,PTBA,RG,3700,2,D,YB,NI,D
15:02:10,PTBA,RG,3700,40,D,YB,YP,D
15:02:06,PTBA,RG,3700,10,D,YB,XC,D
15:02:03,PTBA,RG,3700,50,D,YB,CP,D
15:01:58,PTBA,RG,3700,87,D,YB,CC,D
15:01:49,PTBA,RG,3700,90,D,YB,YP,D
15:01:40,PTBA,RG,3700,2,D,YB,XL,D
15:01:37,PTBA,RG,3700,48,D,YB,YU,D
15:01:37,PTBA,RG,3700,10,D,OD,YU,D
15:01:37,PTBA,RG,3700,10,D,YU,YU,D
15:01:37,PTBA,RG,3700,1,D,DH,YU,D
15:01:37,PTBA,RG,3700,1,D,XL,YU,D
15:01:37,PTBA,RG,3700,1,D,AT,YU,D
15:01:37,PTBA,RG,3700,1,D,DH,YU,D
15:01:37,PTBA,RG,3700,3,D,CC,YU,D
15:01:37,PTBA,RG,3700,5,D,EP,YU,D
15:01:37,PTBA,RG,3700,3,D,CC,YU,D
15:01:37,PTBA,RG,3700,917,D,CC,YU,D
15:01:35,PTBA,RG,3700,62,D,CC,CC,D
15:01:31,PTBA,RG,3700,6,D,CC,YP,D
15:01:19,PTBA,RG,3700,50,D,CC,KK,D
15:01:14,PTBA,RG,3700,100,D,CC,DR,D
15:01:06,PTBA,RG,3700,100,D,CC,YP,D
15:01:04,PTBA,RG,3700,10,D,CC,IF,D
15:01:02,PTBA,RG,3700,100,D,CC,YP,D
15:00:00,PTBA,RG,3700,155,D,CC,EP,D
15:00:00,PTBA,RG,3700,6,D,PD,EP,D
15:00:00,PTBA,RG,3700,10,D,YP,EP,D
15:00:00,PTBA,RG,3700,2,D,XL,EP,D
15:00:00,PTBA,RG,3700,127,D,DH,EP,D
15:00:00,PTBA,RG,3700,23,D,DH,CS,F
15:00:00,PTBA,RG,3700,183,D,IU,CS,F
15:00:00,PTBA,RG,3700,117,D,IU,CS,F
15:00:00,PTBA,RG,3700,1,D,AZ,CS,F
15:00:00,PTBA,RG,3700,1,D,NI,CS,F
15:00:00,PTBA,RG,3700,340,D,HD,CS,F
15:00:00,PTBA,RG,3700,23,D,SQ,CS,F
15:00:00,PTBA,RG,3700,20,D,YP,CS,F
15:00:00,PTBA,RG,3700,1934,D,CC,CS,F
15:00:00,PTBA,RG,3700,1,D,CC,XL,D
15:00:00,PTBA,RG,3700,1,D,CC,CP,D
15:00:00,PTBA,RG,3700,21,D,CC,DR,D
15:00:00,PTBA,RG,3700,1,D,CC,YP,D
15:00:00,PTBA,RG,3700,9,D,CC,PD,D
15:00:00,PTBA,RG,3700,2,D,CC,KK,D
15:00:00,PTBA,RG,3700,1,D,CC,PD,D
15:00:00,PTBA,RG,3700,5,D,CC,PD,D
15:00:00,PTBA,RG,3700,2,D,CC,YP,D
15:00:00,PTBA,RG,3700,25,D,CC,YP,D
15:00:00,PTBA,RG,3700,200,D,CC,YP,D
15:00:00,PTBA,RG,3700,298,D,CC,YJ,D
15:00:00,PTBA,RG,3700,5,D,XC,YJ,D
15:00:00,PTBA,RG,3700,697,D,TP,YJ,D
15:00:00,PTBA,RG,3700,1000,D,TP,AZ,D
15:00:00,PTBA,RG,3700,2,D,TP,XC,D
15:00:00,PTBA,RG,3700,46,D,TP,CC,D
15:00:00,PTBA,RG,3700,3,D,TP,NI,D
15:00:00,PTBA,RG,3700,252,D,TP,RF,D
15:00:00,PTBA,RG,3700,300,D,IU,RF,D
15:00:00,PTBA,RG,3700,1,D,YP,RF,D
15:00:00,PTBA,RG,3700,327,D,CC,RF,D
15:00:00,PTBA,RG,3700,115,D,CC,CS,F
15:00:00,PTBA,RG,3700,5,D,CC,XC,D
15:00:00,PTBA,RG,3700,30,D,CC,CC,D
15:00:00,PTBA,RG,3700,27,D,CC,YB,D
15:00:00,PTBA,RG,3700,4,D,CC,OD,D
15:00:00,PTBA,RG,3700,750,D,CC,BQ,D
15:00:00,PTBA,RG,3700,40,D,CC,DR,D
15:00:00,PTBA,RG,3700,10,D,CC,NI,D
15:00:00,PTBA,RG,3700,100,D,CC,GR,D
15:00:00,PTBA,RG,3700,10,D,CC,KK,D
15:00:00,PTBA,RG,3700,1,D,CC,YP,D
15:00:00,PTBA,RG,3700,45,D,CC,PD,D
15:00:00,PTBA,RG,3700,6,D,CC,YP,D
15:00:00,PTBA,RG,3700,4,D,CC,HP,D
15:00:00,PTBA,RG,3700,186,D,CC,NI,D
15:00:00,PTBA,RG,3700,4,D,CC,CC,D
15:00:00,PTBA,RG,3700,1,D,CC,PD,D
15:00:00,PTBA,RG,3700,2,D,CC,KK,D
15:00:00,PTBA,RG,3700,80,D,CC,AT,D
15:00:00,PTBA,RG,3700,253,D,CC,YB,D
15:00:00,PTBA,RG,3700,1,D,PD,YB,D
15:00:00,PTBA,RG,3700,200,D,IU,YB,D
15:00:00,PTBA,RG,3700,146,D,IU,YB,D
15:00:00,PTBA,RG,3700,354,D,IU,CC,D
15:00:00,PTBA,RG,3700,46,D,IU,CC,D
15:00:00,PTBA,RG,3700,2,D,IU,PD,D
15:00:00,PTBA,RG,3700,4,D,IU,YP,D
15:00:00,PTBA,RG,3700,2,D,IU,DR,D
15:00:00,PTBA,RG,3700,1,D,IU,YP,D
15:00:00,PTBA,RG,3700,10,D,IU,PD,D
15:00:00,PTBA,RG,3700,2,D,IU,YP,D
15:00:00,PTBA,RG,3700,433,D,IU,MG,D
15:00:00,PTBA,RG,3700,8,D,YP,MG,D
15:00:00,PTBA,RG,3700,1,D,YP,MG,D
15:00:00,PTBA,RG,3700,5,D,CC,MG,D
15:00:00,PTBA,RG,3700,36,D,GR,MG,D
15:00:00,PTBA,RG,3700,36,D,GR,MG,D
15:00:00,PTBA,RG,3700,112,D,GR,MG,D
15:00:00,PTBA,RG,3700,8,D,GR,MG,D
15:00:00,PTBA,RG,3700,361,D,KI,MG,D
15:00:00,PTBA,RG,3700,1,D,KI,PD,D
15:00:00,PTBA,RG,3700,15,D,KI,YB,D
15:00:00,PTBA,RG,3700,5,D,KI,PD,D
15:00:00,PTBA,RG,3700,5,D,KI,YP,D
15:00:00,PTBA,RG,3700,78,D,KI,KK,D
15:00:00,PTBA,RG,3700,135,D,KI,BK,F
15:00:00,PTBA,RG,3700,140,D,YU,BK,F
15:00:00,PTBA,RG,3700,15,D,YU,GR,D
15:00:00,PTBA,RG,3700,20,D,YU,GR,D
15:00:00,PTBA,RG,3700,25,D,YU,GR,D
15:00:00,PTBA,RG,3700,144,D,YU,AK,F
15:00:00,PTBA,RG,3700,76,D,YU,KZ,D
15:00:00,PTBA,RG,3700,1380,D,YU,RX,F
15:00:00,PTBA,RG,3700,1,F,ZP,RX,F
15:00:00,PTBA,RG,3700,58,F,ZP,RX,F
15:00:00,PTBA,RG,3700,467,D,OD,RX,F
15:00:00,PTBA,RG,3700,137,D,OD,YU,F
15:00:00,PTBA,RG,3700,15,D,OD,AK,F
15:00:00,PTBA,RG,3700,5,D,OD,AK,F
15:00:00,PTBA,RG,3700,81,D,OD,DP,D
15:00:00,PTBA,RG,3700,24,D,OD,AK,F
15:00:00,PTBA,RG,3700,4,D,OD,AK,F
14:49:59,PTBA,RG,3690,5,D,CC,YP,D
14:49:58,PTBA,RG,3700,1,F,ZP,CC,D
14:49:57,PTBA,RG,3700,1,F,ZP,CC,D
14:49:57,PTBA,RG,3700,1,D,XC,CC,D
14:49:57,PTBA,RG,3690,21,D,CC,YU,F
14:49:55,PTBA,RG,3690,17,D,CC,YU,F
14:49:52,PTBA,RG,3700,1,F,ZP,CC,D
14:49:52,PTBA,RG,3700,1,F,ZP,AK,F
14:49:50,PTBA,RG,3700,4,F,ZP,CC,F
14:49:49,PTBA,RG,3690,9,D,CC,DR,D
14:49:45,PTBA,RG,3690,1,D,CC,AK,F
14:49:43,PTBA,RG,3690,3,D,CC,BK,F
14:49:43,PTBA,RG,3700,5,F,ZP,CC,F
14:49:36,PTBA,RG,3690,159,D,CC,YP,D
14:49:34,PTBA,RG,3700,10,D,DR,CC,F
14:49:34,PTBA,RG,3700,10,D,XA,CC,F
14:49:33,PTBA,RG,3690,10,D,CC,XC,D
14:49:32,PTBA,RG,3690,1,D,CC,AK,F
14:49:31,PTBA,RG,3690,61,D,CC,CS,F
14:49:30,PTBA,RG,3700,5,F,ZP,CC,F
14:49:30,PTBA,RG,3690,1,D,CC,AK,F
14:49:18,PTBA,RG,3700,10,D,NI,CC,F
14:49:09,PTBA,RG,3700,3,D,XC,CC,F
14:49:07,PTBA,RG,3690,173,D,CC,RX,F
14:49:04,PTBA,RG,3700,265,D,CC,CC,F
14:49:04,PTBA,RG,3700,6,D,CC,YP,D
14:48:59,PTBA,RG,3690,54,D,CC,RX,F
14:48:53,PTBA,RG,3690,1,D,CC,PD,D
14:48:50,PTBA,RG,3690,43,D,CC,RX,F
14:48:31,PTBA,RG,3690,28,D,CC,BK,F
14:48:30,PTBA,RG,3690,50,D,CC,LG,D
14:48:27,PTBA,RG,3690,36,D,CC,AK,F
14:48:25,PTBA,RG,3700,19,D,KK,YP,D
14:48:25,PTBA,RG,3700,1,D,KK,YU,D
14:48:20,PTBA,RG,3690,33,D,CC,BK,F
14:48:14,PTBA,RG,3690,187,D,CC,BK,F
14:48:11,PTBA,RG,3700,10,D,KK,AK,F
14:48:11,PTBA,RG,3700,22,F,ZP,AK,F
14:48:11,PTBA,RG,3700,3,D,KK,AK,F
14:48:11,PTBA,RG,3700,50,D,GR,AK,F
14:48:11,PTBA,RG,3700,10,D,CC,AK,F
14:48:11,PTBA,RG,3700,248,D,OD,AK,F
14:48:10,PTBA,RG,3700,149,D,OD,YU,D
14:48:10,PTBA,RG,3700,9,D,OD,YU,D
14:48:10,PTBA,RG,3700,147,D,OD,YU,D
14:48:10,PTBA,RG,3700,324,D,OD,YU,D
14:48:10,PTBA,RG,3700,397,D,OD,YU,D
14:48:10,PTBA,RG,3700,9,D,OD,YU,D
14:48:10,PTBA,RG,3700,147,D,OD,YU,D
14:48:10,PTBA,RG,3700,324,D,OD,YU,D
14:48:10,PTBA,RG,3700,1,D,CC,YU,D
14:48:10,PTBA,RG,3700,1493,D,CC,YU,D
14:48:09,PTBA,RG,3700,5,D,CC,NI,D
14:47:56,PTBA,RG,3700,15,D,CC,YP,D
14:47:56,PTBA,RG,3710,5,D,XC,YP,D
14:47:56,PTBA,RG,3710,2,D,XC,YP,D
14:47:46,PTBA,RG,3700,7,D,CC,CS,D
14:47:45,PTBA,RG,3700,2,D,CC,PD,D
14:47:44,PTBA,RG,3710,2,D,NI,YP,D
14:47:39,PTBA,RG,3700,66,D,CC,CS,D
14:47:39,PTBA,RG,3700,6,D,CC,PD,D
14:47:39,PTBA,RG,3700,30,D,CC,CS,D
14:47:34,PTBA,RG,3700,15,D,CC,PD,D
14:47:29,PTBA,RG,3710,10,D,YP,YP,D
14:47:29,PTBA,RG,3700,49,D,CC,CS,D
14:47:28,PTBA,RG,3710,6,D,YP,YP,D
14:47:28,PTBA,RG,3710,3,D,YP,CC,D
14:47:28,PTBA,RG,3710,9,D,YP,XC,D
14:47:27,PTBA,RG,3710,1,D,YP,XC,D
14:47:22,PTBA,RG,3700,2,D,CC,KK,D
14:47:21,PTBA,RG,3700,3,D,CC,NI,D
14:47:04,PTBA,RG,3700,10,D,CC,EP,D
14:46:51,PTBA,RG,3700,30,D,CC,YP,D
14:46:51,PTBA,RG,3700,196,D,CC,CS,D
14:46:51,PTBA,RG,3700,20,D,CC,YP,D
14:46:51,PTBA,RG,3700,2,D,CC,CC,D
14:46:51,PTBA,RG,3700,30,D,CC,KK,D
14:46:51,PTBA,RG,3700,5,D,CC,PD,D
14:46:51,PTBA,RG,3700,600,D,CC,YJ,D
14:46:51,PTBA,RG,3700,10,D,CC,KK,D
14:46:51,PTBA,RG,3700,300,D,CC,YJ,D
14:46:51,PTBA,RG,3700,11,D,CC,YP,D
14:46:51,PTBA,RG,3700,20,D,CC,KK,D
14:46:51,PTBA,RG,3700,250,D,CC,YP,D
14:46:51,PTBA,RG,3700,1,D,CC,PD,D
14:46:51,PTBA,RG,3700,1,D,CC,YP,D
14:46:51,PTBA,RG,3700,50,D,CC,YJ,D
14:46:51,PTBA,RG,3700,2,D,CC,PD,D
14:46:51,PTBA,RG,3700,50,D,CC,CC,D
14:46:51,PTBA,RG,3700,20,D,CC,EP,D
14:46:51,PTBA,RG,3700,2,D,CC,PD,D
14:46:51,PTBA,RG,3700,1,D,CC,PD,D
14:46:51,PTBA,RG,3700,1,D,CC,PD,D
14:46:51,PTBA,RG,3700,46,D,CC,CS,D
14:46:51,PTBA,RG,3700,100,D,CC,PD,D
14:46:51,PTBA,RG,3700,100,D,CC,GR,D
14:46:51,PTBA,RG,3700,500,D,CC,TF,D
14:46:51,PTBA,RG,3700,13,D,CC,CC,D
14:46:51,PTBA,RG,3700,936,D,CC,YJ,D
14:46:36,PTBA,RG,3700,1,D,YU,YJ,D
14:46:24,PTBA,RG,3690,3,D,CC,AK,F
14:46:24,PTBA,RG,3690,1,D,CC,AK,F
14:46:24,PTBA,RG,3690,64,D,CC,AK,F
14:46:24,PTBA,RG,3690,165,D,CC,CS,D
14:46:24,PTBA,RG,3690,155,D,CC,CS,D
14:46:24,PTBA,RG,3690,909,D,CC,CC,D
14:46:22,PTBA,RG,3690,1,D,EP,CC,D
14:46:21,PTBA,RG,3690,3,D,DH,CC,D
14:46:12,PTBA,RG,3690,20,D,KK,CC,D
14:46:12,PTBA,RG,3690,25,D,PD,CC,D
14:46:12,PTBA,RG,3690,9,D,PD,CC,D
14:46:12,PTBA,RG,3690,1,D,YP,CC,D
14:46:12,PTBA,RG,3690,1,F,ZP,CC,D
14:46:12,PTBA,RG,3690,25,D,XA,CC,D
14:46:12,PTBA,RG,3690,5,D,XA,CC,D
14:46:12,PTBA,RG,3690,20,D,KK,CC,D
14:46:12,PTBA,RG,3690,2,D,NI,CC,D
14:46:12,PTBA,RG,3690,21,F,ZP,CC,D
14:46:12,PTBA,RG,3690,15,D,PD,CC,D
14:46:12,PTBA,RG,3690,1,D,XC,CC,D
14:46:12,PTBA,RG,3690,1,D,EP,CC,D
14:46:12,PTBA,RG,3690,4,D,XC,CC,D
14:46:12,PTBA,RG,3690,2,D,XL,CC,D
14:46:12,PTBA,RG,3690,1,D,XC,CC,D
14:46:12,PTBA,RG,3690,2,D,SQ,CC,D
14:46:12,PTBA,RG,3690,932,D,CC,CC,D
14:46:08,PTBA,RG,3690,84,D,CC,CS,D
14:45:56,PTBA,RG,3690,96,D,CC,AK,F
14:45:55,PTBA,RG,3690,101,D,CC,CS,D
14:45:50,PTBA,RG,3690,130,D,CC,NI,D
14:45:44,PTBA,RG,3690,100,D,CC,CP,D
14:45:39,PTBA,RG,3690,125,D,CC,CS,D
14:45:39,PTBA,RG,3700,1,D,XC,YJ,D
14:45:31,PTBA,RG,3690,1,D,CC,XC,D
14:45:19,PTBA,RG,3690,90,D,CC,CS,D
14:45:19,PTBA,RG,3690,20,D,YP,CS,D
14:45:19,PTBA,RG,3690,11,D,OD,CS,D
14:44:53,PTBA,RG,3690,200,D,OD,PD,D
14:44:46,PTBA,RG,3700,5,D,XA,YJ,D
14:44:37,PTBA,RG,3700,1,D,XL,YJ,D
14:44:22,PTBA,RG,3700,56,F,AK,YJ,D
14:44:20,PTBA,RG,3690,577,D,OD,IF,D
14:44:20,PTBA,RG,3690,12,D,OD,IF,D
14:44:20,PTBA,RG,3690,292,D,OD,IF,D
14:44:20,PTBA,RG,3690,651,D,OD,IF,D
14:44:20,PTBA,RG,3690,1,D,KK,IF,D
14:44:20,PTBA,RG,3690,10,D,YP,IF,D
14:44:20,PTBA,RG,3690,5,F,CC,IF,D
14:44:20,PTBA,RG,3690,48,F,ZP,IF,D
14:44:20,PTBA,RG,3690,186,D,CC,IF,D
14:44:20,PTBA,RG,3700,20,F,AK,IF,D
14:44:19,PTBA,RG,3700,20,F,AK,DR,D
14:44:17,PTBA,RG,3690,25,D,CC,EP,D
14:44:09,PTBA,RG,3700,5,F,AK,AK,F
14:44:09,PTBA,RG,3700,70,F,AK,CS,D
14:44:09,PTBA,RG,3700,285,F,AK,CS,D
14:44:09,PTBA,RG,3700,1000,F,AK,YB,D
14:44:09,PTBA,RG,3700,50,F,AK,CC,D
14:44:09,PTBA,RG,3700,200,F,AK,OD,D
14:44:09,PTBA,RG,3700,1,F,AK,PD,D
14:44:09,PTBA,RG,3700,1,F,AK,XL,D
14:44:09,PTBA,RG,3700,1,F,AK,NI,D
14:44:09,PTBA,RG,3700,3,F,AK,NI,D
14:44:09,PTBA,RG,3700,1,F,AK,XC,D
14:44:09,PTBA,RG,3700,30,F,AK,MU,D
14:44:04,PTBA,RG,3700,1,D,KK,MU,D
14:44:00,PTBA,RG,3700,19,D,OD,MU,D
14:44:00,PTBA,RG,3700,86,D,OD,OD,D
14:44:00,PTBA,RG,3700,125,D,OD,CC,D
14:44:00,PTBA,RG,3700,5,D,OD,PD,D
14:44:00,PTBA,RG,3700,5,D,OD,YP,D
14:44:00,PTBA,RG,3700,157,D,OD,NI,D
14:44:00,PTBA,RG,3700,9,D,OD,NI,D
14:44:00,PTBA,RG,3700,147,D,OD,CC,D
14:44:00,PTBA,RG,3700,53,D,OD,CC,D
14:44:00,PTBA,RG,3700,5,D,OD,KK,D
14:44:00,PTBA,RG,3700,13,D,OD,NI,D
14:44:00,PTBA,RG,3700,5,D,OD,YP,D
14:44:00,PTBA,RG,3700,10,D,OD,PD,D
14:44:00,PTBA,RG,3700,10,D,OD,YP,D
14:44:00,PTBA,RG,3700,8,D,OD,YP,D
14:44:00,PTBA,RG,3700,114,D,OD,YP,D
14:44:00,PTBA,RG,3700,1,D,OD,CC,D
14:44:00,PTBA,RG,3700,3,D,OD,XC,D
14:44:00,PTBA,RG,3700,20,D,OD,XC,D
14:44:00,PTBA,RG,3700,15,D,OD,PD,D
14:44:00,PTBA,RG,3700,5,D,OD,XC,D
14:44:00,PTBA,RG,3700,50,D,OD,CC,D
14:44:00,PTBA,RG,3700,1,D,OD,ZP,D
14:44:00,PTBA,RG,3700,1,D,OD,AZ,D
14:44:00,PTBA,RG,3700,5,D,OD,KK,D
14:44:00,PTBA,RG,3700,5,D,OD,YU,D
14:43:59,PTBA,RG,3700,69,D,OD,YU,D
14:43:59,PTBA,RG,3700,2,D,OD,YB,D
14:43:59,PTBA,RG,3700,14,D,OD,YP,D
14:43:59,PTBA,RG,3700,1,D,OD,KK,D
14:43:59,PTBA,RG,3700,10,D,OD,DH,D
14:43:59,PTBA,RG,3700,2,D,OD,LG,D
14:43:59,PTBA,RG,3700,75,D,OD,PD,D
14:43:59,PTBA,RG,3700,5,D,OD,PD,D
14:43:59,PTBA,RG,3700,18,D,OD,YP,D
14:43:59,PTBA,RG,3700,6,D,OD,EP,D
14:43:59,PTBA,RG,3700,1,D,OD,NI,D
14:43:59,PTBA,RG,3700,15,D,OD,CC,D
14:43:59,PTBA,RG,3700,4,D,OD,KK,D
14:43:59,PTBA,RG,3700,12,D,OD,PD,D
14:43:59,PTBA,RG,3700,25,D,OD,PD,D
14:43:59,PTBA,RG,3700,1,D,OD,PD,D
14:43:59,PTBA,RG,3700,10,D,OD,PD,D
14:43:59,PTBA,RG,3700,10,D,OD,PD,D
14:43:59,PTBA,RG,3700,7,D,OD,XC,D
14:43:59,PTBA,RG,3700,100,D,OD,ZP,D
14:43:59,PTBA,RG,3700,10,D,OD,NI,D
14:43:59,PTBA,RG,3700,9,D,OD,NI,D
14:43:59,PTBA,RG,3700,6,D,OD,NI,D
14:43:59,PTBA,RG,3700,1,D,OD,PD,D
14:43:59,PTBA,RG,3700,2,D,OD,NI,D
14:43:59,PTBA,RG,3700,138,D,OD,XC,D
14:43:59,PTBA,RG,3700,42,D,OD,XC,D
14:43:59,PTBA,RG,3700,1,D,OD,PD,D
14:43:59,PTBA,RG,3700,1,D,OD,XC,D
14:43:59,PTBA,RG,3700,3,D,OD,PD,D
14:43:59,PTBA,RG,3700,4,D,OD,YP,D
14:43:59,PTBA,RG,3700,1,D,OD,XL,D
14:43:59,PTBA,RG,3700,1,D,OD,NI,D
14:43:59,PTBA,RG,3700,271,D,OD,YP,D
14:43:58,PTBA,RG,3700,2,D,KI,YP,D
14:43:58,PTBA,RG,3700,1,D,KI,YP,D
14:43:58,PTBA,RG,3700,1,D,KI,YP,D
14:43:58,PTBA,RG,3700,1,D,KI,YP,D
14:43:58,PTBA,RG,3700,1,D,KI,YP,D
14:43:58,PTBA,RG,3700,1,D,KI,YP,D
14:43:58,PTBA,RG,3700,1,D,KI,YP,D
14:43:58,PTBA,RG,3700,1,D,KI,YP,D
14:43:58,PTBA,RG,3700,1,D,KI,YP,D
14:43:58,PTBA,RG,3700,1,D,KI,YP,D
14:43:58,PTBA,RG,3700,1,D,KI,YP,D
14:43:58,PTBA,RG,3700,1,D,KI,YP,D
14:43:58,PTBA,RG,3700,1,D,KI,YP,D
14:43:58,PTBA,RG,3700,1,D,KI,YP,D
14:43:58,PTBA,RG,3700,1,D,KI,YP,D
14:43:58,PTBA,RG,3700,1,D,KI,YP,D
14:43:58,PTBA,RG,3700,1,D,KI,YP,D
14:43:58,PTBA,RG,3700,1,D,KI,YP,D
14:43:58,PTBA,RG,3700,1,D,KI,YP,D
14:43:58,PTBA,RG,3700,1,D,KI,YP,D
14:43:58,PTBA,RG,3700,1,D,KI,YP,D
14:43:58,PTBA,RG,3700,1,D,KI,YP,D
14:43:58,PTBA,RG,3700,1,D,KI,YP,D
14:43:58,PTBA,RG,3700,1,D,KI,YP,D
14:43:58,PTBA,RG,3700,1,D,KI,YP,D
14:43:58,PTBA,RG,3700,1,D,KI,YP,D
14:43:58,PTBA,RG,3700,1,D,KI,YP,D
14:43:58,PTBA,RG,3700,1,D,KI,YP,D
14:43:58,PTBA,RG,3700,1,D,KI,YP,D
14:43:58,PTBA,RG,3700,1,D,KI,YP,D
14:43:58,PTBA,RG,3700,1,D,KI,YP,D
14:43:58,PTBA,RG,3700,1,D,KI,YP,D
14:43:58,PTBA,RG,3700,1,D,KI,YP,D
14:43:58,PTBA,RG,3700,1,D,KI,YP,D
14:43:58,PTBA,RG,3700,1,D,KI,YP,D
14:43:58,PTBA,RG,3700,1,D,KI,YP,D
14:43:58,PTBA,RG,3700,1,D,KI,YP,D
14:43:58,PTBA,RG,3700,1,D,KI,YP,D
14:43:57,PTBA,RG,3700,1,D,KI,YP,D
14:43:57,PTBA,RG,3700,1,D,KI,YP,D
14:43:57,PTBA,RG,3700,1,D,KI,YP,D
14:43:57,PTBA,RG,3700,1,D,KI,YP,D
14:43:57,PTBA,RG,3700,5,D,KI,YP,D
14:43:57,PTBA,RG,3700,1,D,KI,YP,D
14:43:57,PTBA,RG,3700,4,D,KI,YP,D
14:43:57,PTBA,RG,3700,6,D,KI,YP,D
14:43:57,PTBA,RG,3700,3,D,KI,YP,D
14:43:57,PTBA,RG,3700,4,D,KI,YP,D
14:43:57,PTBA,RG,3700,3,D,KI,YP,D
14:43:57,PTBA,RG,3700,5,D,KI,YP,D
14:43:53,PTBA,RG,3700,2,D,CC,YP,D
14:43:52,PTBA,RG,3700,25,D,PD,YP,D
14:43:44,PTBA,RG,3690,1,D,CC,YB,D
14:43:43,PTBA,RG,3690,10,D,CC,PD,D
14:43:42,PTBA,RG,3700,28,F,AK,YP,D
14:43:42,PTBA,RG,3700,2,F,AK,PD,D
14:43:42,PTBA,RG,3700,1,F,AK,PD,D
14:43:42,PTBA,RG,3700,2,F,AK,YP,D
14:43:42,PTBA,RG,3700,1,F,AK,XC,D
14:43:42,PTBA,RG,3700,5,F,AK,XC,D
14:43:42,PTBA,RG,3700,1,F,AK,XC,D
14:43:42,PTBA,RG,3700,5,F,AK,SQ,D
14:43:42,PTBA,RG,3700,50,F,AK,EP,D
14:43:42,PTBA,RG,3700,1,F,AK,PD,D
14:43:42,PTBA,RG,3700,1,F,AK,XL,D
14:43:42,PTBA,RG,3700,100,F,AK,DH,D
14:43:42,PTBA,RG,3700,3,F,AK,YP,D
14:43:42,PTBA,RG,3700,1,F,AK,PD,D
14:43:42,PTBA,RG,3700,9,F,AK,NI,D
14:43:42,PTBA,RG,3700,20,F,AK,PD,D
14:43:42,PTBA,RG,3700,50,F,AK,AF,D
14:43:42,PTBA,RG,3700,1,F,AK,XC,D
14:43:42,PTBA,RG,3700,2,F,AK,YP,D
14:43:42,PTBA,RG,3700,5,F,AK,AO,D
14:43:42,PTBA,RG,3700,1,F,AK,PD,D
14:43:42,PTBA,RG,3700,15,F,AK,CC,D
14:43:42,PTBA,RG,3700,4,F,AK,PD,D
14:43:42,PTBA,RG,3700,2,F,AK,XL,D
14:43:42,PTBA,RG,3700,6,F,AK,YP,D
14:43:42,PTBA,RG,3700,270,F,AK,YP,D
14:43:42,PTBA,RG,3700,1,F,AK,CC,D
14:43:42,PTBA,RG,3700,6,F,AK,CC,D
14:43:42,PTBA,RG,3700,3,F,ZP,CC,D
14:43:42,PTBA,RG,3700,9,F,ZP,GR,D
14:43:42,PTBA,RG,3700,4,F,ZP,SQ,D
14:43:42,PTBA,RG,3700,1,F,ZP,SQ,D
14:43:42,PTBA,RG,3690,122,D,CC,EP,D
14:43:41,PTBA,RG,3690,1,D,CC,XC,D
14:43:32,PTBA,RG,3690,20,D,CC,EP,D
14:43:32,PTBA,RG,3690,1,D,CC,AK,F
14:43:32,PTBA,RG,3690,1,D,CC,CC,D
14:43:32,PTBA,RG,3690,5,D,CC,XC,D
14:43:32,PTBA,RG,3690,300,D,CC,YP,D
14:43:32,PTBA,RG,3690,190,D,CC,CS,D
14:43:32,PTBA,RG,3690,1,D,CC,CS,F
14:43:32,PTBA,RG,3690,100,D,CC,YP,D
14:43:32,PTBA,RG,3690,1914,D,CC,RX,F
14:43:32,PTBA,RG,3690,224,D,CC,PD,D
14:43:32,PTBA,RG,3690,1,D,CC,CP,D
14:43:32,PTBA,RG,3690,2,D,CC,XL,D
14:43:32,PTBA,RG,3690,50,D,CC,DR,D
14:43:32,PTBA,RG,3690,500,D,CC,YJ,D
14:43:32,PTBA,RG,3690,300,D,CC,YJ,D
14:43:32,PTBA,RG,3690,650,D,CC,YJ,D
14:43:32,PTBA,RG,3690,100,D,CC,YP,D
14:43:32,PTBA,RG,3690,5,D,CC,PD,D
14:43:32,PTBA,RG,3690,16,D,CC,LG,D
14:43:32,PTBA,RG,3690,52,D,CC,YP,D
14:43:32,PTBA,RG,3690,190,D,CC,OD,D
14:43:32,PTBA,RG,3690,33,D,CC,YJ,D
14:43:25,PTBA,RG,3690,967,F,AK,YJ,D
14:43:25,PTBA,RG,3690,578,F,AK,YU,D
14:43:24,PTBA,RG,3690,163,F,AK,YU,D
14:43:24,PTBA,RG,3690,125,F,AK,YU,D
14:43:24,PTBA,RG,3690,298,F,AK,YU,D
14:43:24,PTBA,RG,3690,803,F,AK,YU,D
14:43:24,PTBA,RG,3690,15,F,AK,XC,D
14:43:24,PTBA,RG,3690,1,F,AK,CP,D
14:43:24,PTBA,RG,3690,3,F,AK,YP,D
14:43:24,PTBA,RG,3690,10,F,AK,YP,D
14:43:24,PTBA,RG,3690,5,F,AK,YP,D
14:43:24,PTBA,RG,3690,15,F,AK,SQ,D
14:43:24,PTBA,RG,3690,5,F,AK,YP,D
14:43:24,PTBA,RG,3690,8,F,AK,YP,D
14:43:24,PTBA,RG,3690,10,F,AK,YP,D
14:43:24,PTBA,RG,3690,1,F,AK,CC,D
14:43:24,PTBA,RG,3690,1,F,AK,CC,D
14:43:24,PTBA,RG,3690,10,F,AK,KK,D
14:43:24,PTBA,RG,3690,10,F,AK,PD,D
14:43:24,PTBA,RG,3690,1,F,AK,PD,D
14:43:24,PTBA,RG,3690,5,F,AK,YU,D
14:43:24,PTBA,RG,3690,10,F,AK,GR,D
14:43:24,PTBA,RG,3690,1,F,AK,PD,D
14:43:24,PTBA,RG,3690,1,F,AK,PD,D
14:43:24,PTBA,RG,3690,1,F,AK,PD,D
14:43:24,PTBA,RG,3690,100,F,AK,ZP,D
14:43:24,PTBA,RG,3690,20,F,AK,SQ,D
14:43:24,PTBA,RG,3690,1,F,AK,PD,D
14:43:24,PTBA,RG,3690,3,F,AK,PC,D
14:43:24,PTBA,RG,3690,40,F,AK,CC,D
14:43:24,PTBA,RG,3690,50,F,AK,OD,D
14:43:24,PTBA,RG,3690,9,F,AK,CD,D
14:43:24,PTBA,RG,3690,2,F,AK,AT,D
14:43:24,PTBA,RG,3690,40,F,AK,KK,D
14:43:24,PTBA,RG,3690,1,F,AK,PD,D
14:43:24,PTBA,RG,3690,5,F,AK,ZP,D
14:43:24,PTBA,RG,3690,20,F,AK,PD,D
14:43:24,PTBA,RG,3690,200,F,AK,YP,D
14:43:24,PTBA,RG,3690,500,F,AK,YP,D
14:43:24,PTBA,RG,3690,5,F,AK,PD,D
14:43:24,PTBA,RG,3690,72,F,AK,CC,D
14:43:24,PTBA,RG,3690,1,F,AK,KK,D
14:43:24,PTBA,RG,3690,1,F,AK,PD,D
14:43:24,PTBA,RG,3690,15,F,AK,YP,D
14:43:24,PTBA,RG,3690,30,F,AK,YP,D
14:43:24,PTBA,RG,3690,8,F,AK,YP,D
14:43:24,PTBA,RG,3690,2,F,AK,YP,D
14:43:24,PTBA,RG,3690,50,F,AK,YP,D
14:43:24,PTBA,RG,3690,1,F,AK,PD,D
14:43:24,PTBA,RG,3690,1,F,AK,LG,D
14:43:24,PTBA,RG,3690,1,F,AK,PD,D
14:43:24,PTBA,RG,3690,200,F,AK,PD,D
14:43:24,PTBA,RG,3690,206,F,AK,BQ,D
14:43:23,PTBA,RG,3680,94,D,CC,CS,D
14:43:21,PTBA,RG,3690,700,D,EP,BQ,D
14:43:08,PTBA,RG,3690,10,D,PD,BQ,D
14:43:07,PTBA,RG,3690,12,F,AK,BQ,D
14:43:07,PTBA,RG,3690,1,D,YP,BQ,D
14:43:07,PTBA,RG,3680,117,D,CC,CS,D
14:42:58,PTBA,RG,3680,1,D,CC,CC,D
14:42:57,PTBA,RG,3690,22,F,ZP,BQ,D
14:42:53,PTBA,RG,3690,10,D,PD,BQ,D
14:42:47,PTBA,RG,3690,9,F,AK,BQ,D
14:42:46,PTBA,RG,3680,114,D,CC,CS,D
14:42:31,PTBA,RG,3680,5,D,CC,NI,D
14:42:02,PTBA,RG,3690,30,F,AK,BQ,D
14:42:02,PTBA,RG,3690,5,F,AK,KK,D
14:42:02,PTBA,RG,3690,1,F,AK,PD,D
14:42:02,PTBA,RG,3690,150,F,AK,PD,D
14:42:02,PTBA,RG,3690,1,F,AK,PD,D
14:42:02,PTBA,RG,3690,5,F,AK,SQ,D
14:42:02,PTBA,RG,3690,1,F,AK,PD,D
14:42:02,PTBA,RG,3690,1,F,AK,YP,D
14:42:02,PTBA,RG,3690,1,F,AK,CC,D
14:42:02,PTBA,RG,3690,19,F,AK,PD,D
14:42:02,PTBA,RG,3690,10,F,AK,KK,D
14:42:02,PTBA,RG,3690,2,F,AK,PD,D
14:42:02,PTBA,RG,3690,50,F,AK,GR,D
14:42:02,PTBA,RG,3690,2,F,AK,PD,D
14:42:02,PTBA,RG,3690,2,F,AK,PD,D
14:42:02,PTBA,RG,3690,1,F,AK,EP,D
14:42:02,PTBA,RG,3690,1,F,AK,PD,D
14:42:02,PTBA,RG,3690,15,F,AK,YB,D
14:42:02,PTBA,RG,3690,114,F,AK,DR,D
14:42:02,PTBA,RG,3690,10,F,AK,YB,D
14:42:02,PTBA,RG,3690,81,F,AK,YU,F
14:42:01,PTBA,RG,3690,19,F,ZP,YU,F
14:42:01,PTBA,RG,3680,165,D,CC,AK,F
14:42:00,PTBA,RG,3680,8,D,CC,AK,F
14:42:00,PTBA,RG,3680,1,D,CC,AK,F
14:42:00,PTBA,RG,3680,1,D,CC,AK,F
14:42:00,PTBA,RG,3680,1,D,CC,AK,F
14:42:00,PTBA,RG,3680,9,D,CC,AK,F
14:42:00,PTBA,RG,3680,7,D,CC,AK,F
14:42:00,PTBA,RG,3680,308,D,CC,CS,D
14:42:00,PTBA,RG,3680,295,D,CC,RX,F
14:42:00,PTBA,RG,3680,2,D,CC,CC,D
14:42:00,PTBA,RG,3680,1,D,CC,CP,D
14:42:00,PTBA,RG,3680,20,D,CC,EP,D
14:42:00,PTBA,RG,3680,21,D,CC,CS,F
14:42:00,PTBA,RG,3680,89,D,CC,XC,D
14:42:00,PTBA,RG,3680,20,D,CC,YP,D
14:42:00,PTBA,RG,3680,24,D,CC,RX,F
14:42:00,PTBA,RG,3680,37,D,CC,RX,F
14:42:00,PTBA,RG,3680,10,D,CC,CS,F
14:42:00,PTBA,RG,3680,800,D,CC,CC,D
14:42:00,PTBA,RG,3680,26,D,CC,RX,F
14:42:00,PTBA,RG,3680,30,D,CC,RX,F
14:42:00,PTBA,RG,3680,71,D,CC,AK,F
14:42:00,PTBA,RG,3680,30,D,CC,RX,F
14:42:00,PTBA,RG,3680,2,D,CC,KK,D
14:42:00,PTBA,RG,3680,26,D,CC,YU,F
14:42:00,PTBA,RG,3680,53,D,CC,RX,F
14:42:00,PTBA,RG,3680,50,D,CC,CC,D
14:42:00,PTBA,RG,3680,25,D,CC,RX,F
14:42:00,PTBA,RG,3680,30,D,CC,SQ,D
14:42:00,PTBA,RG,3680,17,D,CC,CS,F
14:42:00,PTBA,RG,3680,32,D,CC,RX,F
14:42:00,PTBA,RG,3680,21,D,CC,YU,F
14:42:00,PTBA,RG,3680,1259,D,CC,RX,F
14:42:00,PTBA,RG,3680,20,D,CC,YP,D
14:42:00,PTBA,RG,3680,5,D,CC,AK,F
14:42:00,PTBA,RG,3680,1,D,CC,AK,F
14:42:00,PTBA,RG,3680,5,D,CC,PD,D
14:42:00,PTBA,RG,3680,1,D,CC,AK,F
14:42:00,PTBA,RG,3680,1,D,CC,KK,D
14:42:00,PTBA,RG,3680,1,D,CC,AK,F
14:42:00,PTBA,RG,3680,8,D,CC,YU,D
14:42:00,PTBA,RG,3680,6,D,CC,AK,F
14:42:00,PTBA,RG,3680,3,D,CC,AK,F
14:42:00,PTBA,RG,3680,50,D,CC,CC,D
14:42:00,PTBA,RG,3680,74,D,CC,XL,D
14:42:00,PTBA,RG,3680,5,D,CC,YP,D
14:42:00,PTBA,RG,3680,3,D,CC,PD,D
14:42:00,PTBA,RG,3680,6,D,CC,CC,D
14:42:00,PTBA,RG,3680,168,D,CC,DR,D
14:42:00,PTBA,RG,3680,1,D,CC,PD,D
14:42:00,PTBA,RG,3680,1,D,CC,XL,D
14:42:00,PTBA,RG,3680,10,D,CC,EP,D
14:42:00,PTBA,RG,3680,1,D,CC,LG,D
14:42:00,PTBA,RG,3680,1,D,CC,PD,D
14:42:00,PTBA,RG,3680,500,D,CC,EP,D
14:42:00,PTBA,RG,3680,250,D,CC,EP,D
14:42:00,PTBA,RG,3680,2,D,CC,PD,D
14:42:00,PTBA,RG,3680,15,D,CC,NI,D
14:42:00,PTBA,RG,3680,4,D,CC,YP,D
14:42:00,PTBA,RG,3680,5,D,CC,PD,D
14:42:00,PTBA,RG,3680,2,D,CC,PD,D
14:42:00,PTBA,RG,3680,10,D,CC,XL,D
14:42:00,PTBA,RG,3680,1,D,CC,XL,D
14:42:00,PTBA,RG,3680,1,D,CC,YP,D
14:42:00,PTBA,RG,3680,3,D,CC,YP,D
14:42:00,PTBA,RG,3680,1,D,CC,YP,D
14:42:00,PTBA,RG,3680,3,D,CC,CC,D
14:42:00,PTBA,RG,3680,9,D,CC,CC,D
14:42:00,PTBA,RG,3680,1,D,CC,CC,D
14:42:00,PTBA,RG,3680,1,D,CC,CC,D
14:42:00,PTBA,RG,3680,10,D,CC,KK,D
14:42:00,PTBA,RG,3680,7,D,CC,XC,D
14:42:00,PTBA,RG,3680,5,D,CC,PD,D
14:42:00,PTBA,RG,3680,7,D,CC,CC,D
14:42:00,PTBA,RG,3680,1,D,CC,KK,D
14:42:00,PTBA,RG,3680,1,D,CC,PD,D
14:42:00,PTBA,RG,3680,5,D,CC,PD,D
14:42:00,PTBA,RG,3680,5,D,CC,PD,D
14:42:00,PTBA,RG,3680,2,D,CC,EP,D
14:42:00,PTBA,RG,3680,5,D,CC,PD,D
14:42:00,PTBA,RG,3680,20,D,CC,PD,D
14:42:00,PTBA,RG,3680,10,D,CC,OD,D
14:42:00,PTBA,RG,3680,6,D,CC,PD,D
14:42:00,PTBA,RG,3680,50,D,CC,CC,D
14:42:00,PTBA,RG,3680,3,D,CC,PD,D
14:42:00,PTBA,RG,3680,50,D,CC,YP,D
14:42:00,PTBA,RG,3680,100,D,CC,ZP,D
14:42:00,PTBA,RG,3680,300,D,CC,PD,D
14:42:00,PTBA,RG,3680,2,D,CC,XC,D
14:42:00,PTBA,RG,3680,13,D,CC,PD,D
14:42:00,PTBA,RG,3680,100,D,CC,DR,D
14:42:00,PTBA,RG,3680,2,D,CC,CD,D
14:42:00,PTBA,RG,3680,3,D,CC,KK,D
14:42:00,PTBA,RG,3680,5,D,CC,YP,D
14:42:00,PTBA,RG,3680,1000,D,CC,BQ,D
14:42:00,PTBA,RG,3680,10,D,CC,YP,D
14:42:00,PTBA,RG,3680,20,D,CC,OD,D
14:42:00,PTBA,RG,3680,10,D,CC,AT,D
14:42:00,PTBA,RG,3680,100,D,CC,DH,D
14:42:00,PTBA,RG,3680,1,D,CC,NI,D
14:42:00,PTBA,RG,3680,20,D,CC,KK,D
14:42:00,PTBA,RG,3680,12,D,CC,PD,D
14:42:00,PTBA,RG,3680,19,D,CC,XC,D
14:42:00,PTBA,RG,3680,1,D,CC,XC,D
14:42:00,PTBA,RG,3680,100,D,CC,GR,D
14:42:00,PTBA,RG,3680,1,D,CC,PD,D
14:42:00,PTBA,RG,3680,5,D,CC,YP,D
14:42:00,PTBA,RG,3680,10,D,CC,KK,D
14:42:00,PTBA,RG,3680,15,D,CC,KK,D
14:42:00,PTBA,RG,3680,10,D,CC,YP,D
14:42:00,PTBA,RG,3680,15,D,CC,NI,D
14:42:00,PTBA,RG,3680,2,D,CC,CP,D
14:42:00,PTBA,RG,3680,26,D,CC,CC,D
14:42:00,PTBA,RG,3680,140,D,CC,YP,D
14:41:51,PTBA,RG,3670,10,F,AK,KK,D
14:41:48,PTBA,RG,3670,44,F,AK,RX,F
14:41:44,PTBA,RG,3680,18,F,ZP,YP,D
14:41:44,PTBA,RG,3680,92,D,YU,YP,D
14:41:44,PTBA,RG,3680,870,D,YU,YP,D
14:41:44,PTBA,RG,3680,2,D,YU,XL,D
14:41:44,PTBA,RG,3680,20,D,YU,YB,D
14:41:44,PTBA,RG,3680,2,D,YU,EP,D
14:41:44,PTBA,RG,3680,1,D,YU,YP,D
14:41:44,PTBA,RG,3680,17,D,YU,XL,D
14:41:44,PTBA,RG,3680,20,D,YU,KK,D
14:41:44,PTBA,RG,3680,1,D,YU,XC,D
14:41:44,PTBA,RG,3680,1,D,YU,PD,D
14:41:44,PTBA,RG,3680,174,D,YU,BQ,D
14:41:29,PTBA,RG,3670,4,F,AK,EP,D
14:41:15,PTBA,RG,3670,8,F,AK,AK,F
14:41:00,PTBA,RG,3670,4,F,AK,AK,F
14:40:39,PTBA,RG,3680,5,D,YP,BQ,D
14:40:37,PTBA,RG,3680,22,D,EP,BQ,D
14:40:25,PTBA,RG,3680,4,F,ZP,BQ,D
14:40:16,PTBA,RG,3670,2,F,AK,CC,D
14:40:15,PTBA,RG,3680,30,D,KK,BQ,D
14:39:50,PTBA,RG,3670,27,F,AK,CS,D
14:39:50,PTBA,RG,3670,100,F,AK,CS,D
14:39:47,PTBA,RG,3670,20,F,AK,PD,D
14:39:40,PTBA,RG,3670,12,F,AK,PD,D
14:39:40,PTBA,RG,3670,15,D,CC,PD,D
14:39:36,PTBA,RG,3680,39,D,YU,BQ,D
14:39:15,PTBA,RG,3670,7,D,CC,AK,F
14:39:07,PTBA,RG,3670,26,D,CC,XC,D
14:39:03,PTBA,RG,3680,1,D,YU,BQ,D
14:38:31,PTBA,RG,3670,9,D,CC,XC,D
14:38:14,PTBA,RG,3670,2,D,CC,CC,D
14:38:11,PTBA,RG,3680,1,D,XC,BQ,D
14:38:06,PTBA,RG,3670,2,D,CC,CC,D
14:37:50,PTBA,RG,3680,22,D,CC,BQ,D
14:37:24,PTBA,RG,3680,1,D,RG,BQ,D
14:37:11,PTBA,RG,3680,1,D,YP,BQ,D
14:37:03,PTBA,RG,3680,1,D,PD,BQ,D
14:36:38,PTBA,RG,3680,2,D,CC,BQ,D
14:36:34,PTBA,RG,3680,6,F,AK,BQ,D
14:36:33,PTBA,RG,3670,80,D,CC,CC,D
14:36:15,PTBA,RG,3680,1,F,AK,BQ,D
14:36:14,PTBA,RG,3670,9,D,CC,AK,F
14:36:13,PTBA,RG,3680,2,D,YP,BQ,D
14:36:10,PTBA,RG,3670,2,D,CC,CC,D
14:35:48,PTBA,RG,3680,31,F,AK,BQ,D
14:35:46,PTBA,RG,3670,54,D,CC,CS,D
14:35:46,PTBA,RG,3670,38,D,CC,CS,D
14:35:43,PTBA,RG,3670,8,D,CC,NI,D
14:35:38,PTBA,RG,3670,20,D,CC,HP,D
14:35:38,PTBA,RG,3670,50,D,CC,CC,D
14:35:16,PTBA,RG,3670,87,D,CC,CS,D
14:35:06,PTBA,RG,3670,9,D,CC,CC,D
14:34:47,PTBA,RG,3670,67,D,CC,PD,D
14:34:45,PTBA,RG,3670,82,D,CC,CS,D
14:34:15,PTBA,RG,3680,6,F,AK,BQ,D
14:34:15,PTBA,RG,3670,83,D,CC,CS,D
14:34:11,PTBA,RG,3680,9,F,AK,BQ,D
14:34:10,PTBA,RG,3680,5,D,YP,BQ,D
14:34:04,PTBA,RG,3670,105,D,CC,MG,D
14:34:00,PTBA,RG,3670,2,D,CC,CC,D
14:33:59,PTBA,RG,3670,1,D,CC,DH,D
14:33:55,PTBA,RG,3680,10,D,CC,BQ,D
14:33:45,PTBA,RG,3680,9,F,AK,BQ,D
14:33:45,PTBA,RG,3670,110,D,CC,CS,D
14:33:28,PTBA,RG,3680,1,D,XC,BQ,D
14:33:06,PTBA,RG,3680,2,F,AK,BQ,D
14:33:06,PTBA,RG,3670,31,D,CC,CC,D
14:33:06,PTBA,RG,3680,8,F,AK,BQ,D
14:33:05,PTBA,RG,3670,106,D,CC,CS,D
14:33:04,PTBA,RG,3680,5,F,AK,BQ,D
14:33:04,PTBA,RG,3670,55,D,CC,NI,D
14:32:44,PTBA,RG,3680,1,D,YP,BQ,D
14:32:44,PTBA,RG,3670,2,D,CC,XC,D
14:32:44,PTBA,RG,3680,3,D,XL,BQ,D
14:32:26,PTBA,RG,3680,6,F,AK,BQ,D
14:32:26,PTBA,RG,3670,81,D,CC,CS,D
14:32:14,PTBA,RG,3670,4,D,CC,PD,D
14:32:00,PTBA,RG,3680,10,F,AK,BQ,D
14:31:58,PTBA,RG,3670,34,D,CC,YU,F
14:31:58,PTBA,RG,3670,75,D,CC,RX,F
14:31:58,PTBA,RG,3670,76,D,CC,CS,D
14:31:58,PTBA,RG,3670,26,D,CC,CS,D
14:31:58,PTBA,RG,3670,99,D,CC,YU,F
14:31:58,PTBA,RG,3670,28,D,CC,RX,F
14:31:58,PTBA,RG,3670,113,D,CC,CS,D
14:31:58,PTBA,RG,3670,269,D,CC,RX,F
14:31:58,PTBA,RG,3670,1,D,CC,CS,D
14:31:58,PTBA,RG,3670,129,D,CC,AK,F
14:31:58,PTBA,RG,3670,3,D,CC,CS,F
14:31:56,PTBA,RG,3660,2,D,KI,CC,D
14:31:40,PTBA,RG,3670,1,D,PD,XC,D
14:31:24,PTBA,RG,3660,99,D,KI,PD,D
14:30:38,PTBA,RG,3670,12,F,AK,CS,D
14:30:37,PTBA,RG,3670,5,D,NI,CS,D
14:30:31,PTBA,RG,3660,3,D,KI,CS,D
14:30:31,PTBA,RG,3670,2,F,AK,CS,D
14:30:30,PTBA,RG,3670,9,F,AK,CS,D
14:30:30,PTBA,RG,3670,1,F,AK,CS,D
14:30:30,PTBA,RG,3680,10,D,XC,BQ,D
14:30:30,PTBA,RG,3670,10,D,NI,CS,D
14:30:22,PTBA,RG,3670,1,F,AK,CS,D
14:30:22,PTBA,RG,3670,2,D,XL,CS,D
14:30:21,PTBA,RG,3670,2,D,XL,CS,D
14:30:20,PTBA,RG,3670,1,D,XL,CS,D
14:30:20,PTBA,RG,3670,1,D,NI,CS,D
14:30:19,PTBA,RG,3670,1,D,NI,CS,D
14:30:19,PTBA,RG,3670,3,D,NI,CS,D
14:30:18,PTBA,RG,3670,5,D,NI,CS,D
14:30:18,PTBA,RG,3670,6,F,AK,CS,D
14:30:17,PTBA,RG,3670,1,F,AK,DR,D
14:30:17,PTBA,RG,3670,1,D,PD,DR,D
14:30:17,PTBA,RG,3670,18,F,AK,DR,D
14:30:14,PTBA,RG,3670,2,F,AK,CS,D
14:30:13,PTBA,RG,3670,9,F,AK,CS,D
14:30:13,PTBA,RG,3670,1,F,AK,KK,D
14:30:12,PTBA,RG,3670,1,F,AK,NI,D
14:30:10,PTBA,RG,3670,3,F,AK,CS,D
14:30:09,PTBA,RG,3680,61,F,AK,BQ,D
14:30:09,PTBA,RG,3670,5,F,AK,CS,D
14:30:08,PTBA,RG,3670,20,D,YP,AK,F
14:30:08,PTBA,RG,3670,10,F,CC,AK,F
14:30:08,PTBA,RG,3670,13,F,AK,AK,F
14:30:08,PTBA,RG,3670,1,F,AK,AK,F
14:30:08,PTBA,RG,3670,42,D,OD,AK,F
14:30:07,PTBA,RG,3670,24,D,OD,CS,D
14:30:00,PTBA,RG,3670,53,D,OD,AK,F
14:29:58,PTBA,RG,3670,15,D,OD,CS,D
14:29:58,PTBA,RG,3670,3,D,OD,OD,D
14:29:52,PTBA,RG,3670,11,D,OD,CS,D
14:29:51,PTBA,RG,3670,20,D,OD,DR,D
14:29:50,PTBA,RG,3670,5,D,OD,EP,D
14:29:22,PTBA,RG,3670,10,D,OD,KK,D
14:29:09,PTBA,RG,3670,118,D,OD,CS,D
14:29:09,PTBA,RG,3670,9,D,OD,CS,D
14:29:09,PTBA,RG,3670,51,D,OD,CS,D
14:29:09,PTBA,RG,3670,36,D,OD,CS,D
14:29:09,PTBA,RG,3670,9,D,OD,CS,D
14:29:09,PTBA,RG,3670,51,D,OD,CS,D
14:29:08,PTBA,RG,3670,9,D,OD,CS,F
14:29:08,PTBA,RG,3670,3,D,OD,OD,D
14:29:08,PTBA,RG,3670,63,D,OD,CS,D
14:29:08,PTBA,RG,3670,21,D,OD,RX,F
14:29:08,PTBA,RG,3670,312,D,OD,RX,F
14:29:08,PTBA,RG,3670,5,D,OD,CC,D
14:29:08,PTBA,RG,3670,2,D,OD,CC,D
14:29:08,PTBA,RG,3670,5,D,OD,YU,F
14:28:57,PTBA,RG,3670,20,D,NI,YU,F
14:28:39,PTBA,RG,3670,1,D,YP,YU,F
14:28:36,PTBA,RG,3670,3,D,YP,YU,F
14:28:36,PTBA,RG,3670,18,F,ZP,YU,F
14:28:35,PTBA,RG,3670,7,D,KK,YU,F
14:28:35,PTBA,RG,3670,63,D,KK,CS,D
14:28:35,PTBA,RG,3670,5,D,KK,YP,D
14:28:34,PTBA,RG,3670,10,D,YP,YP,D
14:28:32,PTBA,RG,3670,32,D,YP,YP,D
14:28:21,PTBA,RG,3670,10,D,YP,YP,D
14:28:21,PTBA,RG,3670,1,F,AK,YP,D
14:28:20,PTBA,RG,3660,4,D,KI,OD,D
14:28:12,PTBA,RG,3670,1,D,PD,YP,D
14:27:50,PTBA,RG,3660,1,D,KI,XC,D
14:27:32,PTBA,RG,3670,10,D,YP,YP,D
14:27:30,PTBA,RG,3670,1,D,XC,YP,D
14:27:26,PTBA,RG,3670,30,F,YU,YP,D
14:27:18,PTBA,RG,3670,29,D,YP,CS,D
14:27:10,PTBA,RG,3670,21,F,AK,CS,F
14:27:10,PTBA,RG,3670,30,F,AK,DH,D
14:27:10,PTBA,RG,3670,67,F,AK,CS,D
14:27:10,PTBA,RG,3670,4,F,AK,XC,D
14:27:10,PTBA,RG,3670,49,F,AK,YU,F
14:27:10,PTBA,RG,3670,4,F,AK,OD,D
14:27:10,PTBA,RG,3670,520,F,AK,RX,F
14:27:10,PTBA,RG,3670,2,F,AK,CC,D
14:27:10,PTBA,RG,3670,20,F,AK,PD,D
14:27:10,PTBA,RG,3670,50,F,AK,KK,D
14:27:10,PTBA,RG,3670,10,F,AK,KK,D
14:27:10,PTBA,RG,3670,9,F,AK,YP,D
14:27:10,PTBA,RG,3670,90,F,AK,YU,F
14:27:10,PTBA,RG,3670,2,F,AK,AK,F
14:27:10,PTBA,RG,3670,3,F,AK,AK,F
14:27:10,PTBA,RG,3670,1,F,AK,AK,F
14:27:10,PTBA,RG,3670,7,F,AK,AK,F
14:27:10,PTBA,RG,3670,5,F,AK,GR,D
14:27:10,PTBA,RG,3670,19,F,AK,CS,F
14:27:10,PTBA,RG,3670,1,F,AK,CS,F
14:27:10,PTBA,RG,3670,1,F,AK,CS,F
14:26:57,PTBA,RG,3670,4,D,XL,CS,F
14:26:57,PTBA,RG,3670,1,D,XL,EP,D
14:26:52,PTBA,RG,3670,1,D,XC,EP,D
14:26:51,PTBA,RG,3660,1,D,KI,PD,D
14:26:46,PTBA,RG,3670,8,D,NI,CS,F
14:26:46,PTBA,RG,3670,2,D,NI,YU,F
14:26:45,PTBA,RG,3670,2,D,YP,YU,F
14:26:29,PTBA,RG,3670,30,D,CC,YU,F
14:26:16,PTBA,RG,3660,3,D,KI,OD,D
14:26:10,PTBA,RG,3670,22,F,YU,YU,F
14:26:10,PTBA,RG,3670,3,D,EP,YU,F
14:26:10,PTBA,RG,3670,2,D,EP,RX,F
14:25:59,PTBA,RG,3670,18,F,YU,RX,F
14:25:45,PTBA,RG,3670,1,D,PD,RX,F
14:25:40,PTBA,RG,3660,2,D,KI,CC,D
14:25:36,PTBA,RG,3670,26,F,YU,RX,F
14:25:26,PTBA,RG,3670,10,F,ZP,RX,F
14:25:18,PTBA,RG,3670,19,F,YU,RX,F
14:25:13,PTBA,RG,3660,4,D,KI,OD,D
14:25:10,PTBA,RG,3670,54,F,YU,RX,F
14:25:04,PTBA,RG,3670,15,D,CC,RX,F
14:24:59,PTBA,RG,3670,50,D,NI,RX,F
14:24:58,PTBA,RG,3660,5,D,KI,XC,D
14:24:48,PTBA,RG,3670,16,F,YU,RX,F
14:24:17,PTBA,RG,3670,1,D,PD,RX,F
14:24:13,PTBA,RG,3660,3,D,KI,OD,D
14:23:34,PTBA,RG,3660,2,D,KI,CC,D
14:23:26,PTBA,RG,3670,1,D,BQ,RX,F
14:23:22,PTBA,RG,3670,5,D,NI,RX,F
14:23:09,PTBA,RG,3660,4,D,KI,OD,D
14:23:01,PTBA,RG,3670,421,D,YU,RX,F
14:23:01,PTBA,RG,3670,50,D,YU,YP,D
14:23:01,PTBA,RG,3670,7,D,YU,CS,F
14:23:01,PTBA,RG,3670,1362,D,YU,TP,D
14:23:01,PTBA,RG,3670,1,D,YU,AK,F
14:23:01,PTBA,RG,3670,5,D,YU,PD,D
14:23:01,PTBA,RG,3670,3,D,YU,AK,F
14:23:01,PTBA,RG,3670,1,D,YU,AK,F
14:23:01,PTBA,RG,3670,25,D,YU,YP,D
14:23:01,PTBA,RG,3670,50,D,YU,KK,D
14:23:01,PTBA,RG,3670,4,D,YU,AK,F
14:23:01,PTBA,RG,3670,1,D,YU,DR,D
14:23:01,PTBA,RG,3670,500,D,YU,YJ,D
14:23:01,PTBA,RG,3670,2,D,YU,GR,D
14:23:01,PTBA,RG,3670,4,D,YU,AK,F
14:23:01,PTBA,RG,3670,1,D,YU,AK,F
14:23:01,PTBA,RG,3670,100,D,YU,NI,D
14:23:01,PTBA,RG,3670,3,D,YU,CS,F
14:23:01,PTBA,RG,3670,155,D,YU,SS,D
14:23:01,PTBA,RG,3670,305,D,YU,FS,D
14:22:54,PTBA,RG,3660,20,D,KI,NI,D
14:22:42,PTBA,RG,3660,34,D,KI,CC,D
14:22:11,PTBA,RG,3660,4,D,KI,OD,D
14:22:02,PTBA,RG,3660,123,D,KI,PD,D
14:21:40,PTBA,RG,3660,10,D,KI,OD,D
14:21:21,PTBA,RG,3660,1,D,KI,XC,D
14:21:16,PTBA,RG,3660,1,D,KI,PD,D
14:21:16,PTBA,RG,3660,1,D,SQ,PD,D
14:21:08,PTBA,RG,3660,2,F,AK,CS,F
14:21:08,PTBA,RG,3660,75,F,AK,AK,F
14:21:08,PTBA,RG,3660,2,F,AK,CC,D
14:21:07,PTBA,RG,3660,3,F,AK,OD,D
14:21:05,PTBA,RG,3660,32,F,AK,AK,F
14:21:05,PTBA,RG,3660,20,F,YU,AK,F
14:21:04,PTBA,RG,3660,4,F,YU,TP,D
14:21:04,PTBA,RG,3660,33,F,YU,TP,D
14:21:04,PTBA,RG,3660,1,D,XC,TP,D
14:21:04,PTBA,RG,3660,2,D,CC,TP,D
14:21:04,PTBA,RG,3660,23,F,ZP,TP,D
14:21:04,PTBA,RG,3660,32,F,YU,TP,D
14:21:04,PTBA,RG,3660,21,F,YU,TP,D
14:21:04,PTBA,RG,3660,20,F,YU,TP,D
14:21:04,PTBA,RG,3660,20,D,OD,TP,D
14:21:04,PTBA,RG,3660,19,F,YU,TP,D
14:21:04,PTBA,RG,3660,21,F,YU,TP,D
14:21:04,PTBA,RG,3660,10,D,NI,TP,D
14:21:04,PTBA,RG,3660,890,F,AK,TP,D
14:21:04,PTBA,RG,3660,20,F,YU,TP,D
14:21:04,PTBA,RG,3660,397,D,OD,TP,D
14:21:04,PTBA,RG,3660,9,D,OD,TP,D
14:21:04,PTBA,RG,3660,147,D,OD,TP,D
14:21:04,PTBA,RG,3660,131,D,OD,TP,D
14:20:55,PTBA,RG,3660,50,D,OD,PD,D
14:20:46,PTBA,RG,3660,123,D,OD,PD,D
14:20:44,PTBA,RG,3660,10,D,OD,CC,D
14:20:22,PTBA,RG,3660,10,D,OD,PD,D
14:20:22,PTBA,RG,3660,17,F,ZP,PD,D
14:20:22,PTBA,RG,3660,96,D,YP,PD,D
14:20:17,PTBA,RG,3660,4,D,YP,KK,D
14:20:17,PTBA,RG,3660,196,F,YU,KK,D
14:20:11,PTBA,RG,3660,4,F,YU,OD,D
14:20:02,PTBA,RG,3660,78,F,YU,PD,D
14:20:02,PTBA,RG,3660,1,D,PD,PD,D
14:20:02,PTBA,RG,3660,44,D,KI,PD,D
14:20:00,PTBA,RG,3660,50,D,KI,PD,D
14:19:53,PTBA,RG,3660,3,D,KI,XC,D
14:19:13,PTBA,RG,3660,1,D,KI,AT,D
14:18:43,PTBA,RG,3660,6,D,KI,PD,D
14:18:36,PTBA,RG,3660,5,D,KI,CC,D
14:18:35,PTBA,RG,3660,48,D,KI,RX,F
14:18:35,PTBA,RG,3660,189,D,KI,YU,F
14:18:35,PTBA,RG,3660,3,D,KI,OD,D
14:18:35,PTBA,RG,3660,649,D,KI,RX,F
14:18:35,PTBA,RG,3660,2,D,KI,AK,F
14:18:27,PTBA,RG,3660,1,D,CC,AK,F
14:18:15,PTBA,RG,3650,893,D,CC,RX,F
14:18:15,PTBA,RG,3650,4,D,CC,OD,D
14:18:11,PTBA,RG,3660,51,F,YU,AK,F
14:18:11,PTBA,RG,3660,2,F,YU,CC,D
14:18:09,PTBA,RG,3650,3,D,CC,YP,D
14:18:08,PTBA,RG,3650,60,D,CC,PD,D
14:18:08,PTBA,RG,3650,1,D,PD,PD,D
14:18:08,PTBA,RG,3650,60,D,PD,PD,D
14:18:08,PTBA,RG,3650,2,F,ZP,PD,D
14:18:07,PTBA,RG,3660,21,F,YU,AK,F
14:18:07,PTBA,RG,3660,9,D,DR,AK,F
14:18:06,PTBA,RG,3660,6,D,DR,TP,D
14:18:06,PTBA,RG,3660,10,D,YP,TP,D
14:18:06,PTBA,RG,3660,1,D,CC,TP,D
14:18:06,PTBA,RG,3660,10,D,YP,TP,D
14:18:06,PTBA,RG,3660,1,D,NI,TP,D
14:18:06,PTBA,RG,3660,50,D,YP,TP,D
14:18:06,PTBA,RG,3660,25,F,YU,TP,D
14:18:06,PTBA,RG,3660,5,D,YP,TP,D
14:18:06,PTBA,RG,3660,1,D,PD,TP,D
14:18:06,PTBA,RG,3660,3,D,XC,TP,D
14:18:06,PTBA,RG,3660,1,D,CP,TP,D
14:18:06,PTBA,RG,3660,1,D,YP,TP,D
14:18:06,PTBA,RG,3660,17,F,YU,TP,D
14:18:06,PTBA,RG,3660,3,D,XL,TP,D
14:18:06,PTBA,RG,3660,3,D,XC,TP,D
14:18:06,PTBA,RG,3660,3,D,PD,TP,D
14:18:06,PTBA,RG,3660,20,D,YP,TP,D
14:18:06,PTBA,RG,3660,1,D,XC,TP,D
14:18:06,PTBA,RG,3660,10,D,DR,TP,D
14:18:06,PTBA,RG,3660,89,D,NI,TP,D
14:18:06,PTBA,RG,3660,1,D,DR,TP,D
14:18:06,PTBA,RG,3660,271,F,YU,TP,D
14:18:06,PTBA,RG,3660,20,D,YP,TP,D
14:18:06,PTBA,RG,3660,2,D,DR,TP,D
14:18:06,PTBA,RG,3660,8,F,CC,TP,D
14:18:06,PTBA,RG,3660,1,D,PD,TP,D
14:18:06,PTBA,RG,3660,71,D,ZP,TP,D
14:18:06,PTBA,RG,3660,50,D,ZP,TP,D
14:18:06,PTBA,RG,3660,139,D,YP,TP,D
14:18:06,PTBA,RG,3660,2,D,EP,TP,D
14:18:06,PTBA,RG,3660,7,D,XC,TP,D
14:18:06,PTBA,RG,3660,1,D,PD,TP,D
14:18:06,PTBA,RG,3660,24,F,ZP,TP,D
14:18:06,PTBA,RG,3660,5,D,NI,TP,D
14:18:06,PTBA,RG,3660,10,D,CC,TP,D
14:18:06,PTBA,RG,3660,1,D,YP,TP,D
14:18:06,PTBA,RG,3660,5,D,YP,TP,D
14:18:06,PTBA,RG,3660,2,D,YP,TP,D
14:18:06,PTBA,RG,3660,1,D,PD,TP,D
14:18:06,PTBA,RG,3660,5,D,PD,TP,D
14:18:06,PTBA,RG,3660,3,D,XL,TP,D
14:18:06,PTBA,RG,3660,98,D,NI,TP,D
14:18:06,PTBA,RG,3660,10,D,XC,TP,D
14:18:06,PTBA,RG,3660,2,D,NI,TP,D
14:18:06,PTBA,RG,3660,397,D,OD,TP,D
14:18:06,PTBA,RG,3660,9,D,OD,TP,D
14:18:06,PTBA,RG,3660,147,D,OD,TP,D
14:18:06,PTBA,RG,3660,324,D,OD,TP,D
14:18:06,PTBA,RG,3660,2,D,YP,TP,D
14:18:06,PTBA,RG,3660,5,D,PD,TP,D
14:18:06,PTBA,RG,3660,1,D,CC,TP,D
14:18:06,PTBA,RG,3660,50,D,KK,TP,D
14:18:06,PTBA,RG,3660,1,D,PD,TP,D
14:18:06,PTBA,RG,3660,10,D,KK,TP,D
14:18:06,PTBA,RG,3660,10,D,LG,TP,D
14:18:06,PTBA,RG,3660,1,D,YP,TP,D
14:18:06,PTBA,RG,3660,10,D,IP,TP,D
14:18:06,PTBA,RG,3660,2,D,NI,TP,D
14:18:06,PTBA,RG,3660,5,D,XC,TP,D
14:18:06,PTBA,RG,3660,1,D,CC,TP,D
14:18:06,PTBA,RG,3660,1000,D,CC,TP,D
14:18:06,PTBA,RG,3660,5,D,CC,TP,D
14:18:06,PTBA,RG,3660,5,D,YP,TP,D
14:18:06,PTBA,RG,3660,400,D,YU,TP,D
14:18:06,PTBA,RG,3660,200,D,NI,TP,D
14:18:06,PTBA,RG,3660,10,D,NI,TP,D
14:18:06,PTBA,RG,3660,1,D,YP,TP,D
14:18:06,PTBA,RG,3660,2,D,AZ,TP,D
14:18:06,PTBA,RG,3660,1,D,YP,TP,D
14:18:06,PTBA,RG,3660,3,D,YP,TP,D
14:18:06,PTBA,RG,3660,1,D,XC,TP,D
14:18:06,PTBA,RG,3660,50,D,YP,TP,D
14:18:06,PTBA,RG,3660,2,D,XC,TP,D
14:18:06,PTBA,RG,3660,46,D,DR,TP,D
14:18:03,PTBA,RG,3660,21,D,DR,CC,D
14:17:41,PTBA,RG,3660,33,D,DR,OD,D
14:17:41,PTBA,RG,3660,1,D,XC,OD,D
14:17:41,PTBA,RG,3660,1,D,PD,OD,D
14:17:41,PTBA,RG,3660,2,D,PD,OD,D
14:17:28,PTBA,RG,3660,1,D,PD,RX,F
14:17:28,PTBA,RG,3660,10,D,XC,RX,F
14:17:28,PTBA,RG,3660,2,D,XC,RX,F
14:17:28,PTBA,RG,3660,1,D,CC,RX,F
14:17:28,PTBA,RG,3660,4,D,PD,RX,F
14:17:26,PTBA,RG,3660,1,D,PD,RX,F
14:17:26,PTBA,RG,3660,5,D,YP,RX,F
14:17:26,PTBA,RG,3660,3,D,EP,RX,F
14:17:18,PTBA,RG,3660,30,D,EP,NI,D
14:17:18,PTBA,RG,3660,2,D,XC,CC,D
14:17:15,PTBA,RG,3660,4,D,XC,OD,D
14:16:41,PTBA,RG,3660,123,D,XC,PD,D
14:16:30,PTBA,RG,3670,1,D,KK,FS,D
14:16:26,PTBA,RG,3660,21,D,XC,PD,D
14:16:26,PTBA,RG,3660,5,D,NI,PD,D
14:16:26,PTBA,RG,3660,27,D,PD,PD,D
14:16:26,PTBA,RG,3660,2,D,CC,PD,D
14:16:26,PTBA,RG,3660,20,D,OD,PD,D
14:16:26,PTBA,RG,3660,30,D,CC,PD,D
14:16:26,PTBA,RG,3660,2,D,XC,PD,D
14:16:26,PTBA,RG,3660,16,D,CC,PD,D
14:16:17,PTBA,RG,3660,3,D,CC,OD,D
14:16:16,PTBA,RG,3670,1,D,PD,FS,D
14:15:33,PTBA,RG,3670,1,D,PD,FS,D
14:15:31,PTBA,RG,3670,1,D,PD,FS,D
14:15:18,PTBA,RG,3660,30,D,CC,NI,D
14:15:17,PTBA,RG,3660,3,D,CC,OD,D
14:15:16,PTBA,RG,3660,2,D,CC,CC,D
14:15:06,PTBA,RG,3660,1,D,CC,YP,D
14:15:06,PTBA,RG,3660,1,D,XC,YP,D
14:15:05,PTBA,RG,3660,1,D,XC,XC,D
14:14:58,PTBA,RG,3660,9,D,XC,KK,D
14:14:58,PTBA,RG,3660,17,D,CC,KK,D
14:14:52,PTBA,RG,3670,2,D,XC,FS,D
14:14:19,PTBA,RG,3660,4,D,CC,OD,D
14:13:51,PTBA,RG,3660,1,D,CC,PD,D
14:13:37,PTBA,RG,3660,5,D,CC,CC,D
14:13:19,PTBA,RG,3660,3,D,CC,OD,D
14:13:10,PTBA,RG,3660,2,D,CC,CC,D
14:12:35,PTBA,RG,3660,1,D,CC,GR,D
14:12:21,PTBA,RG,3660,3,D,CC,OD,D
14:11:55,PTBA,RG,3660,20,D,CC,LG,D
14:11:49,PTBA,RG,3670,1,D,YP,FS,D
14:11:47,PTBA,RG,3670,838,D,CC,FS,D
14:11:21,PTBA,RG,3670,825,D,CC,FS,D
14:11:18,PTBA,RG,3670,100,D,CC,YP,D
14:11:06,PTBA,RG,3670,143,D,CC,YU,F
14:11:06,PTBA,RG,3670,682,D,CC,RX,F
14:11:06,PTBA,RG,3670,128,D,CC,BK,F
14:11:06,PTBA,RG,3670,3,D,CC,OD,D
14:11:06,PTBA,RG,3670,281,D,CC,YP,D
14:11:03,PTBA,RG,3670,13,D,CC,YP,D
14:10:55,PTBA,RG,3660,44,D,CC,RX,F
14:10:55,PTBA,RG,3660,10,D,PD,RX,F
14:10:55,PTBA,RG,3660,2,D,CC,RX,F
14:10:50,PTBA,RG,3670,2,D,PD,YP,D
14:10:50,PTBA,RG,3670,4,D,NI,YP,D
14:10:50,PTBA,RG,3670,1,D,PD,YP,D
14:10:50,PTBA,RG,3670,667,D,CC,YP,D
14:10:34,PTBA,RG,3670,380,D,CC,RX,F
14:10:32,PTBA,RG,3670,84,D,CC,RX,F
14:10:30,PTBA,RG,3670,10,D,CC,NI,D
14:10:25,PTBA,RG,3670,316,D,CC,AK,F
14:10:23,PTBA,RG,3670,4,D,CC,CS,F
14:10:23,PTBA,RG,3670,11,D,CC,CS,F
14:10:23,PTBA,RG,3670,4,D,CC,AK,F
14:10:23,PTBA,RG,3670,1,D,CC,AK,F
14:10:23,PTBA,RG,3670,347,D,CC,BK,F
14:10:23,PTBA,RG,3670,5,D,CC,EP,D
14:10:23,PTBA,RG,3670,1122,D,CC,BK,F
14:10:23,PTBA,RG,3670,4,D,CC,CS,F
14:10:23,PTBA,RG,3670,44,D,CC,AK,F
14:10:23,PTBA,RG,3670,1,D,CC,CC,D
14:10:21,PTBA,RG,3660,4,D,CC,OD,D
14:10:07,PTBA,RG,3670,10,D,SQ,AK,F
14:10:06,PTBA,RG,3670,2,D,NI,AK,F
14:10:06,PTBA,RG,3670,1,D,XC,AK,F
14:10:06,PTBA,RG,3670,2,D,NI,AK,F
14:10:06,PTBA,RG,3670,3,D,YP,AK,F
14:10:06,PTBA,RG,3670,170,D,YU,AK,F
14:10:05,PTBA,RG,3670,272,D,YU,RX,F
14:10:05,PTBA,RG,3670,158,D,YU,CC,F
14:10:05,PTBA,RG,3670,60,D,PD,CC,F
14:10:05,PTBA,RG,3670,10,D,YP,CC,F
14:10:05,PTBA,RG,3670,1,D,YP,CC,F
14:10:05,PTBA,RG,3670,25,F,ZP,CC,F
14:10:05,PTBA,RG,3670,1,D,YP,CC,F
14:10:05,PTBA,RG,3670,1719,D,YU,CC,F
14:10:04,PTBA,RG,3670,95,D,YU,DH,D
14:09:31,PTBA,RG,3670,274,D,YU,SQ,D
14:09:19,PTBA,RG,3670,3,D,YU,OD,D
14:09:04,PTBA,RG,3670,10,D,YU,YP,D
14:08:52,PTBA,RG,3670,50,D,YU,CC,D
14:08:33,PTBA,RG,3670,5,D,YU,CC,D
14:08:21,PTBA,RG,3670,28,D,YU,XL,D
14:07:49,PTBA,RG,3670,36,D,YU,AK,F
14:07:49,PTBA,RG,3670,250,D,YU,AK,F
14:07:49,PTBA,RG,3670,5,D,YU,AK,F
14:07:49,PTBA,RG,3670,2,D,YU,AK,F
14:07:49,PTBA,RG,3670,5,D,YU,YP,D
14:07:49,PTBA,RG,3670,377,D,YU,RX,F
14:07:49,PTBA,RG,3670,4,D,YU,AK,F
14:07:49,PTBA,RG,3670,1,D,YU,AK,F
14:07:49,PTBA,RG,3670,136,D,YU,AK,F
14:07:42,PTBA,RG,3670,1,D,YP,AK,F
14:07:38,PTBA,RG,3670,1,D,YP,AK,F
14:07:32,PTBA,RG,3670,1,D,PD,AK,F
14:07:30,PTBA,RG,3660,4,D,CC,RX,F
14:07:30,PTBA,RG,3660,1,D,NI,RX,F
14:07:30,PTBA,RG,3660,3,D,NI,RX,F
14:07:30,PTBA,RG,3660,3,D,NI,RX,F
14:07:30,PTBA,RG,3660,1,D,YP,RX,F
14:07:30,PTBA,RG,3660,5,D,XL,RX,F
14:07:30,PTBA,RG,3660,3,D,YU,RX,F
14:07:30,PTBA,RG,3660,3,D,XL,RX,F
14:07:30,PTBA,RG,3660,3,D,XC,RX,F
14:07:30,PTBA,RG,3660,2,D,LG,RX,F
14:07:30,PTBA,RG,3660,1,D,LG,RX,F
14:07:30,PTBA,RG,3660,1,D,PD,RX,F
14:07:30,PTBA,RG,3660,5,D,NI,RX,F
14:07:30,PTBA,RG,3660,1,D,PD,RX,F
14:07:30,PTBA,RG,3660,1,D,PD,RX,F
14:07:30,PTBA,RG,3660,20,D,YP,RX,F
14:07:30,PTBA,RG,3660,2,D,TP,RX,F
14:07:30,PTBA,RG,3660,5,D,DR,RX,F
14:07:30,PTBA,RG,3660,1,D,XC,RX,F
14:07:30,PTBA,RG,3660,1,D,PD,RX,F
14:07:30,PTBA,RG,3660,5,D,OD,RX,F
14:07:30,PTBA,RG,3660,60,D,OD,RX,F
14:07:30,PTBA,RG,3660,4,D,XL,RX,F
14:07:24,PTBA,RG,3670,169,F,ZP,AK,F
14:07:23,PTBA,RG,3670,31,D,YU,AK,F
14:07:23,PTBA,RG,3670,13,D,YU,CS,F
14:07:23,PTBA,RG,3670,4,D,YU,AK,F
14:07:23,PTBA,RG,3670,1,D,YU,AK,F
14:07:23,PTBA,RG,3670,4,D,YU,AK,F
14:07:23,PTBA,RG,3670,1,D,YU,AK,F
14:07:23,PTBA,RG,3670,15,D,YU,CS,F
14:07:23,PTBA,RG,3670,6,D,YU,CS,F
14:07:23,PTBA,RG,3670,4,D,YU,OD,D
14:07:23,PTBA,RG,3670,2,D,YU,CC,D
14:07:23,PTBA,RG,3670,6,D,YU,RX,F
14:07:23,PTBA,RG,3670,34,D,YU,CC,D
14:07:23,PTBA,RG,3670,40,D,YU,YP,D
14:07:23,PTBA,RG,3670,2,D,YU,DR,D
14:07:23,PTBA,RG,3670,48,D,YU,YU,F
14:07:23,PTBA,RG,3670,2,D,YU,CC,D
14:07:23,PTBA,RG,3670,31,D,YU,RX,F
14:07:23,PTBA,RG,3670,31,D,YU,KK,D
14:07:23,PTBA,RG,3670,203,D,YU,DR,D
14:07:23,PTBA,RG,3670,5,D,YU,CC,D
14:07:23,PTBA,RG,3670,18,D,YU,CC,D
14:07:23,PTBA,RG,3670,3,D,YU,RX,F
14:07:23,PTBA,RG,3670,46,D,YU,CP,D
14:07:23,PTBA,RG,3670,3,D,YU,RX,F
14:07:23,PTBA,RG,3670,47,D,YU,YU,F
14:07:23,PTBA,RG,3670,4,D,YU,AK,F
14:07:23,PTBA,RG,3670,1,D,YU,AK,F
14:07:23,PTBA,RG,3670,3,D,YU,RX,F
14:07:23,PTBA,RG,3670,1,D,YU,YP,D
14:07:23,PTBA,RG,3670,3,D,YU,YP,D
14:07:23,PTBA,RG,3670,43,D,YU,YU,F
14:07:23,PTBA,RG,3670,3,D,YU,RX,F
14:07:23,PTBA,RG,3670,3,D,YU,RX,F
14:07:23,PTBA,RG,3670,11,D,YU,CS,F
14:07:23,PTBA,RG,3670,100,D,YU,DR,D
14:07:23,PTBA,RG,3670,51,D,YU,YU,F
14:07:23,PTBA,RG,3670,1,D,YU,PD,D
14:07:23,PTBA,RG,3670,20,D,YU,YU,D
14:07:23,PTBA,RG,3670,90,D,YU,SQ,D
14:07:23,PTBA,RG,3670,10,D,YU,CS,F
14:07:23,PTBA,RG,3670,1000,D,YU,CC,D
14:07:23,PTBA,RG,3670,56,D,YU,YU,F
14:07:23,PTBA,RG,3670,2,D,YU,YP,D
14:07:23,PTBA,RG,3670,2,D,YU,PD,D
14:07:23,PTBA,RG,3670,23,D,YU,RX,F
14:07:23,PTBA,RG,3670,45,D,YU,YU,F
14:07:23,PTBA,RG,3670,41,D,YU,RX,F
14:07:23,PTBA,RG,3670,15,D,YU,CS,F
14:07:23,PTBA,RG,3670,38,D,YU,YU,F
14:07:23,PTBA,RG,3670,5,D,YU,AK,F
14:07:23,PTBA,RG,3670,1,D,YU,AK,F
14:07:23,PTBA,RG,3670,355,D,YU,RX,F
14:07:23,PTBA,RG,3670,200,D,YU,YB,D
14:07:23,PTBA,RG,3670,117,D,YU,AK,F
14:07:23,PTBA,RG,3670,156,D,YU,YB,D
14:07:22,PTBA,RG,3660,19,D,XL,RX,F
14:07:19,PTBA,RG,3660,5,D,XL,RX,F
14:07:19,PTBA,RG,3660,1,D,YP,RX,F
14:07:18,PTBA,RG,3660,8,D,YP,LG,D
14:07:18,PTBA,RG,3670,12,D,PD,YB,D
14:07:15,PTBA,RG,3660,2,D,YP,OD,D
14:07:15,PTBA,RG,3660,1,D,YP,OD,D
14:07:04,PTBA,RG,3660,2,D,YP,CC,D
14:06:58,PTBA,RG,3670,4,D,YP,YB,D
14:06:51,PTBA,RG,3670,10,D,CC,YB,D
14:06:33,PTBA,RG,3670,10,D,YP,YB,D
14:06:13,PTBA,RG,3660,3,D,YP,OD,D
14:06:10,PTBA,RG,3670,30,D,YP,YB,D
14:05:49,PTBA,RG,3670,25,D,YP,YB,D
14:05:48,PTBA,RG,3660,5,D,YP,AI,D
14:05:38,PTBA,RG,3660,26,D,YP,RX,F
14:05:28,PTBA,RG,3660,66,D,YP,GR,D
14:05:13,PTBA,RG,3660,3,D,YP,OD,D
14:05:07,PTBA,RG,3660,10,D,YP,CC,D
14:05:07,PTBA,RG,3670,1,D,XL,YB,D
14:04:58,PTBA,RG,3660,2,D,YP,CC,D
14:04:54,PTBA,RG,3660,5,D,YP,XL,D
14:04:54,PTBA,RG,3660,1,D,YP,XL,D
14:04:54,PTBA,RG,3660,3,D,YP,XL,D
14:04:54,PTBA,RG,3660,12,D,XL,XL,D
14:04:47,PTBA,RG,3660,2,D,XL,XA,D
14:04:44,PTBA,RG,3660,1,D,XL,CS,F
14:04:33,PTBA,RG,3660,2,D,XL,AK,F
14:04:33,PTBA,RG,3660,6,F,AK,AK,F
14:04:13,PTBA,RG,3660,3,F,AK,OD,D
14:04:13,PTBA,RG,3660,287,F,AK,RX,F
14:03:59,PTBA,RG,3660,117,F,AK,CC,D
14:03:59,PTBA,RG,3660,2,D,KK,CC,D
14:03:59,PTBA,RG,3660,1,D,XC,CC,D
14:03:59,PTBA,RG,3660,136,D,XC,CC,D
14:03:59,PTBA,RG,3660,4,D,CC,CC,D
14:03:59,PTBA,RG,3660,990,D,CC,CC,D
14:03:58,PTBA,RG,3670,1,D,CC,YB,D
14:03:55,PTBA,RG,3660,15,D,CC,YP,D
14:03:53,PTBA,RG,3660,6,D,CC,PD,D
14:03:30,PTBA,RG,3660,22,D,CC,RX,F
14:03:28,PTBA,RG,3660,2,D,CC,RX,F
14:03:27,PTBA,RG,3670,1,D,XC,YB,D
14:03:13,PTBA,RG,3660,4,D,CC,OD,D
14:03:11,PTBA,RG,3660,80,D,CC,YP,D
14:03:08,PTBA,RG,3660,10,D,CC,KK,D
14:02:56,PTBA,RG,3660,2,D,CC,CC,D
14:02:47,PTBA,RG,3660,10,D,CC,NI,D
14:02:28,PTBA,RG,3660,20,D,CC,RX,F
14:02:26,PTBA,RG,3660,10,D,CC,RX,F
14:02:25,PTBA,RG,3660,40,D,CC,NI,D
14:02:11,PTBA,RG,3660,3,D,CC,OD,D
14:02:11,PTBA,RG,3670,5,D,PD,YB,D
14:01:48,PTBA,RG,3660,1,D,CC,XC,D
14:01:20,PTBA,RG,3660,25,D,CC,YP,D
14:01:11,PTBA,RG,3660,3,D,CC,OD,D
14:01:00,PTBA,RG,3660,50,D,CC,NI,D
14:00:55,PTBA,RG,3660,1,D,CC,XC,D
14:00:50,PTBA,RG,3660,19,D,CC,RX,F
14:00:50,PTBA,RG,3660,2,D,CC,CC,D
14:00:48,PTBA,RG,3660,5,D,CC,RX,F
14:00:38,PTBA,RG,3660,1,D,CC,CC,D
14:00:36,PTBA,RG,3670,4,D,DH,YB,D
14:00:09,PTBA,RG,3660,3,D,CC,OD,D
14:00:08,PTBA,RG,3660,5,D,CC,YP,D
14:00:04,PTBA,RG,3670,10,D,PD,YB,D
13:59:39,PTBA,RG,3670,2,D,XC,YB,D
13:59:32,PTBA,RG,3660,14,D,CC,AK,F
13:59:32,PTBA,RG,3670,3,D,PD,YB,D
13:59:32,PTBA,RG,3670,2,D,XC,YB,D
13:59:10,PTBA,RG,3670,31,D,NI,YB,D
13:59:09,PTBA,RG,3660,3,D,CC,OD,D
13:58:55,PTBA,RG,3660,1,D,CC,YP,D
13:58:51,PTBA,RG,3660,5,D,CC,AK,F
13:58:41,PTBA,RG,3670,10,D,DR,YB,D
13:58:40,PTBA,RG,3660,2,D,CC,CC,D
13:58:30,PTBA,RG,3670,10,D,YP,YB,D
13:58:19,PTBA,RG,3670,5,D,YP,YB,D
13:58:16,PTBA,RG,3660,19,D,CC,RX,F
13:58:14,PTBA,RG,3660,9,D,CC,RX,F
13:58:11,PTBA,RG,3660,33,D,CC,YB,D
13:58:11,PTBA,RG,3660,3,D,CC,OD,D
13:57:37,PTBA,RG,3670,5,D,NI,YB,D
13:57:30,PTBA,RG,3670,27,D,PD,YB,D
13:57:24,PTBA,RG,3670,1,D,XC,YB,D
13:57:21,PTBA,RG,3660,50,D,CC,NI,D
13:57:11,PTBA,RG,3660,3,D,CC,OD,D
13:56:54,PTBA,RG,3660,1,D,CC,CC,D
13:56:50,PTBA,RG,3660,22,D,CC,RX,F
13:56:48,PTBA,RG,3660,2,D,CC,RX,F
13:56:45,PTBA,RG,3660,1,D,CC,AK,F
13:56:39,PTBA,RG,3660,3,D,CC,CC,D
13:56:36,PTBA,RG,3660,2,D,XC,CC,D
13:56:09,PTBA,RG,3660,3,D,CC,OD,D
13:55:58,PTBA,RG,3660,7,D,CC,YP,D
13:55:58,PTBA,RG,3660,16,F,ZP,YP,D
13:55:58,PTBA,RG,3660,32,D,PD,YP,D
13:55:48,PTBA,RG,3660,1,D,PD,PD,D
13:55:42,PTBA,RG,3660,2,D,PD,PD,D
13:55:32,PTBA,RG,3660,27,D,PD,XL,D
13:55:13,PTBA,RG,3660,4,D,PD,XC,D
13:55:07,PTBA,RG,3660,3,D,PD,OD,D
13:54:41,PTBA,RG,3660,3,D,PD,XC,D
13:54:30,PTBA,RG,3660,2,D,PD,CC,D
13:54:24,PTBA,RG,3660,24,D,PD,RX,F
13:54:18,PTBA,RG,3660,2,D,PD,YP,D
13:54:18,PTBA,RG,3660,1,D,PD,YP,D
13:54:14,PTBA,RG,3660,2,D,PD,YP,D
13:54:14,PTBA,RG,3660,6,D,XC,YP,D
13:54:14,PTBA,RG,3660,6,D,XC,YP,D
13:54:09,PTBA,RG,3660,4,D,XC,OD,D
13:53:37,PTBA,RG,3660,1,D,XC,PD,D
13:53:07,PTBA,RG,3660,2,D,XC,OD,D
13:53:02,PTBA,RG,3660,3,D,XC,PD,D
13:52:44,PTBA,RG,3660,4,D,XC,AK,F
13:52:44,PTBA,RG,3660,1,D,PD,AK,F
13:52:44,PTBA,RG,3660,1,D,GR,AK,F
13:52:44,PTBA,RG,3660,6,D,PD,AK,F
13:52:43,PTBA,RG,3670,1,D,XC,YB,D
13:52:28,PTBA,RG,3670,1,D,NI,YB,D
13:52:24,PTBA,RG,3660,2,D,PD,CC,D
13:52:07,PTBA,RG,3660,4,D,PD,OD,D
13:51:49,PTBA,RG,3660,21,D,PD,YP,D
13:51:49,PTBA,RG,3660,2,D,KK,YP,D
13:51:49,PTBA,RG,3660,2,D,OD,YP,D
13:51:48,PTBA,RG,3660,13,D,OD,XC,D
13:51:25,PTBA,RG,3660,7,D,OD,XC,D
13:51:05,PTBA,RG,3660,3,D,OD,OD,D
13:51:04,PTBA,RG,3670,5,D,YP,YB,D
13:50:54,PTBA,RG,3670,5,D,YP,YB,D
13:50:51,PTBA,RG,3660,117,D,OD,RX,F
13:50:50,PTBA,RG,3660,255,D,OD,KK,D
13:50:50,PTBA,RG,3660,9,D,OD,KK,D
13:50:50,PTBA,RG,3660,147,D,OD,KK,D
13:50:50,PTBA,RG,3660,89,D,OD,KK,D
13:50:47,PTBA,RG,3670,1,D,PD,YB,D
13:50:40,PTBA,RG,3660,1,D,OD,PD,D
13:50:38,PTBA,RG,3660,10,D,OD,YB,D
13:50:26,PTBA,RG,3660,2,D,OD,CC,D
13:50:20,PTBA,RG,3670,1,D,HP,YB,D
13:50:19,PTBA,RG,3670,1,D,YB,YB,D
13:50:05,PTBA,RG,3660,3,D,OD,OD,D
13:49:47,PTBA,RG,3660,4,D,OD,NI,D
13:49:44,PTBA,RG,3660,215,D,OD,RX,F
13:49:44,PTBA,RG,3660,5,D,PD,RX,F
13:49:44,PTBA,RG,3660,2,D,PD,RX,F
13:49:44,PTBA,RG,3660,1,D,PD,RX,F
13:49:44,PTBA,RG,3660,3,D,DR,RX,F
13:49:42,PTBA,RG,3660,2,D,DR,CC,D
13:49:42,PTBA,RG,3660,1,D,PD,CC,D
13:49:42,PTBA,RG,3660,1,D,PD,CC,D
13:49:42,PTBA,RG,3660,1,D,PD,CC,D
13:49:42,PTBA,RG,3660,18,D,XA,CC,D
13:49:42,PTBA,RG,3660,30,D,GR,CC,D
13:49:42,PTBA,RG,3660,4,D,XL,CC,D
13:49:42,PTBA,RG,3660,1,D,CC,CC,D
13:49:42,PTBA,RG,3660,8,D,XC,CC,D
13:49:42,PTBA,RG,3660,4,F,ZP,CC,D
13:49:42,PTBA,RG,3660,1,D,PD,CC,D
13:49:42,PTBA,RG,3660,1,D,XC,CC,D
13:49:42,PTBA,RG,3660,928,D,CC,CC,D
13:49:07,PTBA,RG,3660,3,D,CC,OD,D
13:49:05,PTBA,RG,3660,1,D,CC,PD,D
13:49:01,PTBA,RG,3660,68,D,CC,RX,F
13:48:56,PTBA,RG,3660,2,D,PD,CC,D
13:48:56,PTBA,RG,3660,50,D,NI,CC,D
13:48:56,PTBA,RG,3660,5,D,CC,CC,D
13:48:56,PTBA,RG,3660,10,D,CC,CC,D
13:48:56,PTBA,RG,3660,208,D,PD,CC,D
13:48:26,PTBA,RG,3660,2,D,PD,CC,D
13:48:05,PTBA,RG,3660,3,D,PD,OD,D
13:48:04,PTBA,RG,3670,10,D,YP,YB,D
13:47:52,PTBA,RG,3670,1,D,AZ,YB,D
13:47:49,PTBA,RG,3670,1,D,YP,YB,D
13:47:35,PTBA,RG,3670,1,D,YP,YB,D
13:47:14,PTBA,RG,3670,5,D,CC,YB,D
13:47:12,PTBA,RG,3670,1,D,NI,YB,D
13:47:05,PTBA,RG,3660,3,D,PD,OD,D
13:47:00,PTBA,RG,3670,1,D,PD,YB,D
13:46:41,PTBA,RG,3660,122,D,PD,RX,F
13:46:39,PTBA,RG,3660,4,D,PD,RX,F
13:46:28,PTBA,RG,3660,5,D,PD,NI,D
13:46:12,PTBA,RG,3660,139,D,PD,RX,F
13:45:56,PTBA,RG,3670,1,F,AK,XA,D
13:45:55,PTBA,RG,3670,11,F,AK,AK,F
13:45:55,PTBA,RG,3670,274,F,AK,CC,D
13:45:55,PTBA,RG,3670,397,D,OD,CC,D
13:45:55,PTBA,RG,3670,9,D,OD,CC,D
13:45:55,PTBA,RG,3670,147,D,OD,CC,D
13:45:55,PTBA,RG,3670,173,D,OD,CC,D
13:45:54,PTBA,RG,3670,13,D,OD,YP,D
13:45:54,PTBA,RG,3670,2,D,OD,KK,D
13:45:54,PTBA,RG,3670,5,D,OD,PD,D
13:45:54,PTBA,RG,3670,3,D,OD,OD,D
13:45:54,PTBA,RG,3670,8,D,OD,PD,D
13:45:54,PTBA,RG,3670,1,D,OD,CC,D
13:45:54,PTBA,RG,3670,50,D,OD,YU,F
13:45:54,PTBA,RG,3670,2,D,OD,CC,D
13:45:54,PTBA,RG,3670,25,D,OD,CC,D
13:45:54,PTBA,RG,3670,2,D,OD,AT,D
13:45:54,PTBA,RG,3670,13,D,OD,CS,F
13:45:54,PTBA,RG,3670,27,D,OD,YP,D
13:45:43,PTBA,RG,3670,1,D,PD,YP,D
13:45:37,PTBA,RG,3660,6,D,PD,PD,D
13:45:19,PTBA,RG,3660,3,D,PD,XL,D
13:45:15,PTBA,RG,3670,4,D,YU,YP,D
13:45:11,PTBA,RG,3660,5,D,PD,PD,D
13:45:11,PTBA,RG,3660,18,D,CC,PD,D
13:45:07,PTBA,RG,3660,4,D,CC,OD,D
13:44:50,PTBA,RG,3670,1,D,NI,YP,D
13:44:25,PTBA,RG,3670,133,D,OD,YP,D
13:44:25,PTBA,RG,3670,44,D,OD,YU,F
13:44:25,PTBA,RG,3670,1,D,OD,YP,D
13:44:25,PTBA,RG,3670,22,D,OD,EP,D
13:44:19,PTBA,RG,3670,27,D,PD,EP,D
13:44:12,PTBA,RG,3660,21,D,CC,PD,D
13:44:12,PTBA,RG,3660,2,D,CC,CC,D
13:44:09,PTBA,RG,3660,5,D,CC,OD,D
13:44:01,PTBA,RG,3660,362,D,CC,KK,D
13:43:50,PTBA,RG,3670,1,D,CC,EP,D
13:43:23,PTBA,RG,3670,174,D,YU,BK,F
13:43:23,PTBA,RG,3670,1,D,YU,PD,D
13:43:23,PTBA,RG,3670,4,D,YU,YP,D
13:43:23,PTBA,RG,3670,34,D,YU,YU,F
13:43:23,PTBA,RG,3670,238,D,YU,RX,F
13:43:23,PTBA,RG,3670,50,D,YU,CC,D
13:43:23,PTBA,RG,3670,1,D,YU,CC,D
13:43:23,PTBA,RG,3670,98,D,YU,CC,D
13:43:11,PTBA,RG,3660,3,D,CC,OD,D
13:43:07,PTBA,RG,3670,2,D,YP,CC,D
13:42:24,PTBA,RG,3660,1,D,CC,XA,D
13:42:13,PTBA,RG,3660,32,D,CC,XC,D
13:42:12,PTBA,RG,3660,2,D,CC,CC,D
13:42:09,PTBA,RG,3660,5,D,CC,OD,D
13:42:06,PTBA,RG,3670,1,D,XC,CS,F
13:42:03,PTBA,RG,3660,61,D,CC,RX,F
13:41:51,PTBA,RG,3660,150,D,CC,TP,D
13:41:12,PTBA,RG,3660,41,D,CC,RX,F
13:41:09,PTBA,RG,3660,4,D,CC,OD,D
13:40:55,PTBA,RG,3670,1,D,PD,CS,F
13:40:52,PTBA,RG,3660,35,D,CC,RX,F
13:40:38,PTBA,RG,3670,1,D,YP,CS,F
13:40:33,PTBA,RG,3660,11,D,CC,RX,F
13:40:31,PTBA,RG,3660,30,D,CC,RX,F
13:40:30,PTBA,RG,3660,75,D,CC,CC,D
13:40:11,PTBA,RG,3660,138,D,CC,RX,F
13:40:11,PTBA,RG,3660,5,D,CC,RX,F
13:40:11,PTBA,RG,3660,22,D,YU,RX,F
13:40:09,PTBA,RG,3660,12,D,YU,RX,F
13:40:09,PTBA,RG,3660,4,D,YU,OD,D
13:39:58,PTBA,RG,3670,1,D,YP,CS,F
13:39:44,PTBA,RG,3660,4,D,YU,RX,F
13:39:43,PTBA,RG,3670,1,D,YP,RX,F
13:39:43,PTBA,RG,3670,15,D,YU,RX,F
13:39:42,PTBA,RG,3670,20,D,YU,YP,D
13:39:32,PTBA,RG,3670,25,D,YU,RX,F
13:39:30,PTBA,RG,3670,7,D,YU,YP,D
13:39:20,PTBA,RG,3670,533,D,YU,CC,D
13:39:20,PTBA,RG,3670,39,D,NI,CC,D
13:39:20,PTBA,RG,3670,128,D,CC,CC,D
13:39:17,PTBA,RG,3670,45,D,CC,RX,F
13:39:09,PTBA,RG,3670,100,D,CC,KI,D
13:39:01,PTBA,RG,3670,75,D,CC,YP,D
13:38:59,PTBA,RG,3670,1,D,CC,NI,D
13:38:56,PTBA,RG,3670,183,D,CC,SQ,D
13:38:54,PTBA,RG,3670,14,D,CC,RX,F
13:38:52,PTBA,RG,3670,101,D,CC,RX,F
13:38:50,PTBA,RG,3670,100,D,CC,OD,D
13:38:46,PTBA,RG,3670,5,D,CC,NI,D
13:38:44,PTBA,RG,3670,9,D,CC,AK,F
13:38:43,PTBA,RG,3670,209,D,CC,AK,F
13:38:42,PTBA,RG,3670,130,D,CC,AK,F
13:38:42,PTBA,RG,3670,125,D,CC,AK,F
13:38:42,PTBA,RG,3670,1,D,CC,AK,F
13:38:42,PTBA,RG,3670,4,D,CC,AK,F
13:38:42,PTBA,RG,3670,1,D,CC,AK,F
13:38:41,PTBA,RG,3670,8,D,CC,CS,F
13:38:41,PTBA,RG,3670,75,D,CC,XL,D
13:38:41,PTBA,RG,3670,1,D,CC,AK,F
13:38:41,PTBA,RG,3670,5,D,CC,OD,D
13:38:41,PTBA,RG,3670,2,D,CC,CC,D
13:38:41,PTBA,RG,3670,53,D,CC,AK,F
13:38:41,PTBA,RG,3670,48,D,CC,YU,F
13:38:41,PTBA,RG,3670,2,D,CC,YB,D
13:38:41,PTBA,RG,3670,500,D,CC,CC,D
13:38:41,PTBA,RG,3670,44,D,CC,YU,F
13:38:41,PTBA,RG,3670,5,D,CC,CS,F
13:38:41,PTBA,RG,3670,1,D,CC,XC,D
13:38:41,PTBA,RG,3670,52,D,CC,RX,F
13:38:41,PTBA,RG,3670,4,D,CC,AK,F
13:38:41,PTBA,RG,3670,200,D,CC,DH,D
13:38:41,PTBA,RG,3670,357,D,CC,RX,F
13:38:41,PTBA,RG,3670,425,D,CC,YP,D
13:38:41,PTBA,RG,3670,100,D,CC,YP,D
13:38:41,PTBA,RG,3670,4,D,CC,RX,F
13:38:41,PTBA,RG,3670,4,D,CC,AK,F
13:38:41,PTBA,RG,3670,1,D,CC,AK,F
13:38:41,PTBA,RG,3670,5,D,CC,AG,D
13:38:41,PTBA,RG,3670,11,D,CC,CS,F
13:38:41,PTBA,RG,3670,250,D,CC,YP,D
13:38:41,PTBA,RG,3670,377,D,CC,BK,F
13:38:41,PTBA,RG,3670,63,D,CC,YU,F
13:38:41,PTBA,RG,3670,10,D,CC,CC,D
13:38:41,PTBA,RG,3670,21,D,CC,YU,F
13:38:41,PTBA,RG,3670,107,D,CC,AK,F
13:38:41,PTBA,RG,3670,34,D,CC,PD,D
13:38:32,PTBA,RG,3670,9,D,NI,PD,D
13:38:16,PTBA,RG,3660,1,D,YU,XC,D
13:38:07,PTBA,RG,3660,4,D,YU,OD,D
13:38:06,PTBA,RG,3660,5,D,YU,XC,D
13:38:00,PTBA,RG,3660,2,D,YU,CC,D
13:37:58,PTBA,RG,3660,1,D,YU,XA,D
13:37:09,PTBA,RG,3660,4,D,YU,OD,D
13:36:28,PTBA,RG,3670,3,D,YU,PD,D
13:36:09,PTBA,RG,3660,5,D,YU,OD,D
13:36:00,PTBA,RG,3660,2,D,YU,CC,D
13:35:30,PTBA,RG,3660,20,D,YU,PD,D
13:35:07,PTBA,RG,3660,5,D,YU,OD,D
13:35:05,PTBA,RG,3660,49,D,YU,RX,F
13:35:03,PTBA,RG,3660,211,D,YU,DH,D
13:34:57,PTBA,RG,3670,2,D,PD,PD,D
13:34:47,PTBA,RG,3660,3,D,YU,DR,D
13:34:25,PTBA,RG,3660,26,D,YU,RX,F
13:34:17,PTBA,RG,3660,100,D,YU,DR,D
13:34:16,PTBA,RG,3670,14,D,XL,PD,D
13:34:05,PTBA,RG,3660,5,D,YU,OD,D
13:34:00,PTBA,RG,3660,2,D,YU,CC,D
13:33:20,PTBA,RG,3660,89,D,YU,XC,D
13:33:03,PTBA,RG,3660,4,D,YU,OD,D
13:32:54,PTBA,RG,3660,20,D,YU,PD,D
13:32:54,PTBA,RG,3660,1,D,XC,PD,D
13:32:54,PTBA,RG,3660,1,D,PD,PD,D
13:32:54,PTBA,RG,3660,28,D,CC,PD,D
13:32:32,PTBA,RG,3660,15,D,CC,PD,D
13:32:31,PTBA,RG,3660,10,D,CC,YP,D
13:32:27,PTBA,RG,3660,1,D,CC,NI,D
13:32:03,PTBA,RG,3660,4,D,CC,OD,D
13:31:45,PTBA,RG,3670,22,D,XC,PD,D
13:31:36,PTBA,RG,3670,16,F,ZP,PD,D
13:31:27,PTBA,RG,3670,1,D,NI,AK,F
13:31:27,PTBA,RG,3670,11,D,OD,AK,F
13:31:26,PTBA,RG,3670,100,D,OD,YJ,D
13:31:03,PTBA,RG,3670,15,D,OD,XL,D
13:30:53,PTBA,RG,3670,1,D,OD,PD,D
13:30:49,PTBA,RG,3670,1,D,OD,NI,D
13:30:48,PTBA,RG,3680,3,D,XL,BQ,D
13:30:48,PTBA,RG,3680,1,D,XL,BQ,D
13:30:44,PTBA,RG,3670,38,D,OD,YU,F
13:30:44,PTBA,RG,3670,1,D,OD,YP,D
13:30:44,PTBA,RG,3670,2,D,OD,AK,F
13:30:44,PTBA,RG,3670,31,D,OD,YU,F
13:30:40,PTBA,RG,3670,3,D,OD,YU,F
13:30:24,PTBA,RG,3670,5,F,ZP,YU,F
13:30:18,PTBA,RG,3670,1,D,YP,YU,F
13:30:17,PTBA,RG,3670,5,D,YP,YU,F
13:30:17,PTBA,RG,3670,5,D,YP,YU,F
13:30:16,PTBA,RG,3670,161,F,AK,YU,F
13:30:16,PTBA,RG,3670,1,F,AK,XC,D
13:30:16,PTBA,RG,3670,4,F,AK,OD,D
13:30:16,PTBA,RG,3670,3,F,AK,PD,D
13:30:16,PTBA,RG,3670,6,F,AK,AK,F
13:30:16,PTBA,RG,3670,1,F,AK,PD,D
13:30:16,PTBA,RG,3670,6,F,AK,PD,D
13:30:16,PTBA,RG,3670,4,F,AK,PD,D
13:30:16,PTBA,RG,3670,10,F,AK,PD,D
13:30:16,PTBA,RG,3670,25,F,AK,YU,D
13:30:16,PTBA,RG,3670,279,F,AK,YB,D
13:30:15,PTBA,RG,3670,1,D,YP,YB,D
13:30:14,PTBA,RG,3670,3,D,YP,YB,D
13:30:13,PTBA,RG,3670,1,D,YP,YB,D
13:30:13,PTBA,RG,3670,1,D,YP,YB,D
13:30:13,PTBA,RG,3670,1,D,YP,YB,D
13:30:13,PTBA,RG,3670,2,D,YP,YB,D
13:30:13,PTBA,RG,3670,5,D,YP,YB,D
13:30:12,PTBA,RG,3670,50,D,CC,YB,D
13:30:12,PTBA,RG,3670,1,D,CC,YB,D
13:30:11,PTBA,RG,3670,1,D,CC,YB,D
13:30:10,PTBA,RG,3670,2,D,CC,YB,D
13:30:10,PTBA,RG,3670,10,D,CC,YB,D
13:30:09,PTBA,RG,3670,5,D,CC,YB,D
13:30:08,PTBA,RG,3670,138,F,AK,YB,D
13:30:08,PTBA,RG,3670,1,F,AK,EP,D
13:30:08,PTBA,RG,3670,5,F,AK,KI,D
13:30:08,PTBA,RG,3670,5,F,AK,PD,D
13:30:08,PTBA,RG,3670,351,F,AK,YB,D
13:30:07,PTBA,RG,3670,4,D,PD,YB,D
13:30:06,PTBA,RG,3660,3,D,CC,AK,F
13:30:06,PTBA,RG,3670,1,D,PD,YB,D
13:30:06,PTBA,RG,3670,4,D,PD,YB,D
13:30:06,PTBA,RG,3670,640,D,KK,YB,D
13:30:06,PTBA,RG,3670,60,D,KK,YB,D
13:30:06,PTBA,RG,3670,27,D,XC,YB,D
13:30:06,PTBA,RG,3670,10,D,CC,YB,D
13:30:06,PTBA,RG,3670,135,D,XC,YB,D
13:30:06,PTBA,RG,3670,1,D,XC,YB,D
13:30:05,PTBA,RG,3670,1,D,XC,YB,D
13:30:05,PTBA,RG,3670,1,D,XC,YB,D
13:30:05,PTBA,RG,3670,4,D,XC,YB,D
13:30:05,PTBA,RG,3670,2,D,XC,YB,D
13:30:05,PTBA,RG,3670,2,D,XC,YB,D
13:30:05,PTBA,RG,3670,11,D,PD,YB,D
13:30:05,PTBA,RG,3670,1,D,PD,YB,D
13:30:05,PTBA,RG,3670,1,D,PD,YB,D
13:30:05,PTBA,RG,3670,2,D,XC,YB,D
13:30:05,PTBA,RG,3670,1,D,PD,YB,D
13:30:05,PTBA,RG,3670,1,D,PD,YB,D
13:30:05,PTBA,RG,3670,1,D,PD,YB,D
13:30:04,PTBA,RG,3670,3,D,XC,YB,D
13:30:03,PTBA,RG,3670,1,D,PD,YB,D
13:30:03,PTBA,RG,3670,1,D,CC,YB,D
13:30:03,PTBA,RG,3670,15,D,LG,YB,D
13:30:03,PTBA,RG,3670,2,D,PD,YB,D
13:30:03,PTBA,RG,3660,12,D,CC,AK,F
13:30:03,PTBA,RG,3670,2,D,PD,YB,D
13:30:03,PTBA,RG,3670,1,D,PD,YB,D
13:30:03,PTBA,RG,3670,1,D,DX,YB,D
13:30:03,PTBA,RG,3670,15,D,AZ,YB,D
13:30:02,PTBA,RG,3670,5,D,PD,YB,D
13:30:02,PTBA,RG,3670,2,D,PD,YB,D
13:30:02,PTBA,RG,3670,20,D,PD,YB,D
13:30:02,PTBA,RG,3670,3,D,DH,YB,D
13:30:02,PTBA,RG,3670,100,D,PD,YB,D
13:30:02,PTBA,RG,3670,1,D,PD,YB,D
13:30:02,PTBA,RG,3670,10,D,EP,YB,D
13:30:01,PTBA,RG,3670,3,D,PD,YB,D
13:30:01,PTBA,RG,3670,2,D,LG,YB,D
13:30:01,PTBA,RG,3670,3,D,PD,YB,D
13:30:01,PTBA,RG,3670,1,D,PD,YB,D
13:30:01,PTBA,RG,3670,8,F,CC,YB,D
13:30:01,PTBA,RG,3670,50,D,EP,YB,D
13:30:01,PTBA,RG,3670,50,D,EP,YB,D
13:30:01,PTBA,RG,3670,5,F,ZP,YB,D
13:30:01,PTBA,RG,3670,1,D,PD,YB,D
13:30:01,PTBA,RG,3670,434,D,YU,YB,D
13:30:01,PTBA,RG,3680,16,D,XA,BQ,D
13:30:01,PTBA,RG,3670,1,D,YU,EP,D
13:30:01,PTBA,RG,3670,198,D,YU,ZP,D
11:29:59,PTBA,RG,3680,2,D,KI,BQ,D
11:29:59,PTBA,RG,3680,2,D,KI,BQ,D
11:29:59,PTBA,RG,3680,1,D,KI,BQ,D
11:29:54,PTBA,RG,3670,30,D,YU,GR,D
11:29:38,PTBA,RG,3670,3,D,YU,NI,D
11:29:38,PTBA,RG,3670,2,D,YU,OD,D
11:29:38,PTBA,RG,3670,12,D,YU,SQ,D
11:29:30,PTBA,RG,3660,1,D,CC,AK,F
11:29:20,PTBA,RG,3670,2,D,XC,SQ,D
11:29:20,PTBA,RG,3670,6,F,ZP,SQ,D
11:29:10,PTBA,RG,3670,1,F,AK,CS,F
11:29:10,PTBA,RG,3670,9,F,AK,CS,F
11:29:10,PTBA,RG,3670,2,F,AK,OD,D
11:29:10,PTBA,RG,3670,2,F,AK,CC,D
11:29:10,PTBA,RG,3670,131,F,AK,CC,D
11:29:09,PTBA,RG,3670,1,D,CC,CC,D
11:29:09,PTBA,RG,3670,340,F,AK,CC,D
11:29:09,PTBA,RG,3670,28,D,KK,CC,D
11:29:00,PTBA,RG,3670,1,D,KK,AK,F
11:28:58,PTBA,RG,3670,1,D,KK,PD,D
11:28:53,PTBA,RG,3680,135,D,NI,BQ,D
11:28:41,PTBA,RG,3670,5,F,AK,PD,D
11:28:41,PTBA,RG,3670,1,D,CC,PD,D
11:28:41,PTBA,RG,3670,1,D,KK,PD,D
11:28:35,PTBA,RG,3670,91,F,AK,GR,D
11:28:35,PTBA,RG,3670,6,F,ZP,GR,D
11:28:35,PTBA,RG,3670,3,D,KK,GR,D
11:28:02,PTBA,RG,3680,351,D,NI,BQ,D
11:28:02,PTBA,RG,3680,1,D,NI,KK,D
11:28:02,PTBA,RG,3680,40,D,NI,EP,D
11:28:02,PTBA,RG,3680,50,D,NI,PD,D
11:28:02,PTBA,RG,3680,221,D,NI,YP,D
11:27:47,PTBA,RG,3670,8,D,KK,CC,D
11:27:39,PTBA,RG,3670,1,D,KK,PD,D
11:27:39,PTBA,RG,3670,2,D,KK,CC,D
11:27:39,PTBA,RG,3670,2,D,KK,OD,D
11:27:39,PTBA,RG,3670,14,D,KK,XA,D
11:27:32,PTBA,RG,3670,1,F,CC,XA,D
11:27:19,PTBA,RG,3670,3,D,XC,OD,D
11:26:06,PTBA,RG,3660,3,D,CC,PD,D
11:26:04,PTBA,RG,3660,10,D,CC,NI,D
11:25:57,PTBA,RG,3660,443,D,CC,CC,D
11:25:57,PTBA,RG,3670,57,F,ZP,CC,D
11:25:56,PTBA,RG,3670,21,F,ZP,AK,F
11:25:55,PTBA,RG,3670,37,D,CC,AK,F
11:25:55,PTBA,RG,3670,10,D,CC,CS,F
11:25:55,PTBA,RG,3670,6,D,CC,CS,F
11:25:55,PTBA,RG,3670,2,D,CC,OD,D
11:25:55,PTBA,RG,3670,1,D,CC,CC,D
11:25:55,PTBA,RG,3670,9,D,CC,CS,F
11:25:55,PTBA,RG,3670,89,D,CC,YP,D
11:25:55,PTBA,RG,3670,20,D,CC,DH,D
11:25:55,PTBA,RG,3670,170,D,CC,GR,D
11:25:55,PTBA,RG,3670,50,D,CC,AK,F
11:25:55,PTBA,RG,3670,1,D,CC,PD,D
11:25:55,PTBA,RG,3670,1,D,CC,XC,D
11:25:55,PTBA,RG,3670,5,D,CC,YP,D
11:25:55,PTBA,RG,3670,20,D,CC,AT,D
11:25:55,PTBA,RG,3670,7,D,CC,XL,D
11:25:55,PTBA,RG,3670,6,D,CC,CS,F
11:25:55,PTBA,RG,3670,50,D,CC,CC,D
11:25:55,PTBA,RG,3670,6,D,CC,CS,F
11:25:55,PTBA,RG,3670,87,D,CC,NI,D
11:25:55,PTBA,RG,3670,4,D,CC,CC,D
11:25:55,PTBA,RG,3670,8,D,CC,CS,F
11:25:55,PTBA,RG,3670,3,D,CC,NI,D
11:25:55,PTBA,RG,3670,22,D,CC,KK,D
11:25:55,PTBA,RG,3670,1,D,CC,PD,D
11:25:55,PTBA,RG,3670,24,D,CC,YU,F
11:25:55,PTBA,RG,3670,50,D,CC,YU,D
11:25:55,PTBA,RG,3670,3,D,CC,AK,F
11:25:55,PTBA,RG,3670,100,D,CC,DR,D
11:25:55,PTBA,RG,3670,27,D,CC,YU,F
11:25:55,PTBA,RG,3670,2,D,CC,XC,D
11:25:55,PTBA,RG,3670,29,D,CC,YU,F
11:25:55,PTBA,RG,3670,100,D,CC,YJ,D
11:25:55,PTBA,RG,3670,3,D,CC,PD,D
11:25:55,PTBA,RG,3670,1,D,CC,NI,D
11:25:55,PTBA,RG,3670,25,D,CC,SQ,D
11:25:55,PTBA,RG,3670,1,D,CC,DR,D
11:25:55,PTBA,RG,3670,4,D,CC,CS,F
11:25:55,PTBA,RG,3670,4,D,CC,ZP,D
11:25:55,PTBA,RG,3670,35,D,CC,YU,F
11:25:55,PTBA,RG,3670,6,D,CC,PD,D
11:25:55,PTBA,RG,3670,7,D,CC,XC,D
11:25:55,PTBA,RG,3670,1000,D,CC,YJ,D
11:25:55,PTBA,RG,3670,2,D,CC,NI,D
11:25:55,PTBA,RG,3670,30,D,CC,YP,D
11:25:55,PTBA,RG,3670,1,D,CC,NI,D
11:25:55,PTBA,RG,3670,1,D,CC,NI,D
11:25:55,PTBA,RG,3670,1,D,CC,EP,D
11:25:55,PTBA,RG,3670,20,D,CC,CC,D
11:25:55,PTBA,RG,3670,50,D,CC,LG,D
11:25:55,PTBA,RG,3670,20,D,CC,PD,D
11:25:55,PTBA,RG,3670,1,D,CC,NI,D
11:25:55,PTBA,RG,3670,1,D,CC,NI,D
11:25:55,PTBA,RG,3670,8,D,CC,DH,D
11:25:55,PTBA,RG,3670,1,D,CC,NI,D
11:25:55,PTBA,RG,3670,3,D,CC,NI,D
11:25:55,PTBA,RG,3670,4,D,CC,NI,D
11:25:55,PTBA,RG,3670,6,D,CC,NI,D
11:25:55,PTBA,RG,3670,1,D,CC,AK,F
11:25:55,PTBA,RG,3670,4,D,CC,NI,D
11:25:55,PTBA,RG,3670,1,D,CC,YP,D
11:25:55,PTBA,RG,3670,6,D,CC,NI,D
11:25:55,PTBA,RG,3670,3,D,CC,AK,F
11:25:55,PTBA,RG,3670,200,D,CC,NI,D
11:25:55,PTBA,RG,3670,1,D,CC,AK,F
11:25:55,PTBA,RG,3670,2,D,CC,AK,F
11:25:55,PTBA,RG,3670,140,D,CC,HD,D
11:25:55,PTBA,RG,3670,457,D,CC,DR,D
11:25:39,PTBA,RG,3660,7,D,CC,YP,D
11:25:19,PTBA,RG,3660,2,D,CC,OD,D
11:25:15,PTBA,RG,3660,4,D,CC,AK,F
11:25:00,PTBA,RG,3660,1,D,CC,AK,F
11:24:32,PTBA,RG,3660,1,D,CC,AK,F
11:24:30,PTBA,RG,3660,1,D,CC,AK,F
11:24:21,PTBA,RG,3660,2,D,CC,OD,D
11:24:02,PTBA,RG,3660,2,D,CC,CC,D
11:24:02,PTBA,RG,3670,50,D,EP,DR,D
11:23:56,PTBA,RG,3670,1,D,PD,DR,D
11:23:21,PTBA,RG,3660,150,D,CC,AZ,D
11:23:21,PTBA,RG,3660,2,D,CC,OD,D
11:22:30,PTBA,RG,3660,7,D,CC,AK,F
11:22:28,PTBA,RG,3660,250,D,CC,AZ,D
11:22:23,PTBA,RG,3660,3,D,CC,OD,D
11:22:00,PTBA,RG,3660,2,D,CC,AK,F
11:21:52,PTBA,RG,3660,2,D,CC,CC,D
11:21:45,PTBA,RG,3660,2,D,CC,AK,F
11:21:39,PTBA,RG,3660,1,D,CC,SQ,D
11:21:24,PTBA,RG,3660,31,D,CC,XC,D
11:21:24,PTBA,RG,3660,3,D,CC,XC,D
11:21:24,PTBA,RG,3660,1,D,CC,XC,D
11:21:24,PTBA,RG,3660,35,D,YU,XC,D
11:21:24,PTBA,RG,3660,1,D,GR,XC,D
11:21:24,PTBA,RG,3660,10,D,YP,XC,D
11:21:24,PTBA,RG,3660,10,D,CC,XC,D
11:21:24,PTBA,RG,3660,2,D,SQ,XC,D
11:21:24,PTBA,RG,3660,25,D,PD,XC,D
11:21:24,PTBA,RG,3660,1,D,OD,XC,D
11:21:24,PTBA,RG,3660,1,D,OD,XC,D
11:21:24,PTBA,RG,3660,1,D,CC,XC,D
11:21:24,PTBA,RG,3660,6,D,CC,XC,D
11:21:24,PTBA,RG,3660,10,D,PD,XC,D
11:21:24,PTBA,RG,3660,2,D,XC,XC,D
11:21:24,PTBA,RG,3660,1,D,XL,XC,D
11:21:23,PTBA,RG,3660,2,D,XL,OD,D
11:21:21,PTBA,RG,3660,1,D,XL,PD,D
11:21:15,PTBA,RG,3660,3,D,XL,AK,F
11:20:51,PTBA,RG,3660,10,D,XL,PD,D
11:20:31,PTBA,RG,3660,33,D,XL,HP,D
11:20:31,PTBA,RG,3660,1,D,XC,HP,D
11:20:31,PTBA,RG,3660,1,D,YP,HP,D
11:20:31,PTBA,RG,3660,1,D,CC,HP,D
11:20:31,PTBA,RG,3660,3,D,AO,HP,D
11:20:31,PTBA,RG,3660,1,D,YP,HP,D
11:20:31,PTBA,RG,3660,5,D,YP,HP,D
11:20:28,PTBA,RG,3660,26,D,SQ,EP,D
11:20:23,PTBA,RG,3660,2,D,SQ,OD,D
11:20:15,PTBA,RG,3660,1,D,SQ,AK,F
11:20:04,PTBA,RG,3670,1,D,PD,DR,D
11:19:52,PTBA,RG,3660,2,D,SQ,CC,D
11:19:42,PTBA,RG,3670,3,D,XL,DR,D
11:19:21,PTBA,RG,3660,3,D,SQ,OD,D
11:19:01,PTBA,RG,3660,157,D,SQ,PD,D
11:19:01,PTBA,RG,3660,27,F,ZP,PD,D
11:19:01,PTBA,RG,3660,233,D,CC,PD,D
11:19:00,PTBA,RG,3660,1,D,CC,AK,F
11:18:56,PTBA,RG,3660,20,D,CC,HP,D
11:18:30,PTBA,RG,3660,7,D,CC,AK,F
11:18:29,PTBA,RG,3660,5,D,CC,PD,D
11:18:19,PTBA,RG,3660,2,D,CC,OD,D
11:17:44,PTBA,RG,3660,2,D,CC,CC,D
11:17:37,PTBA,RG,3660,8,D,CC,NI,D
11:17:30,PTBA,RG,3660,1,D,CC,AK,F
11:17:21,PTBA,RG,3660,2,D,CC,OD,D
11:17:05,PTBA,RG,3660,170,D,CC,KK,D
11:16:54,PTBA,RG,3660,10,D,CC,NI,D
11:16:25,PTBA,RG,3660,180,D,CC,TP,F
11:16:23,PTBA,RG,3660,2,D,CC,OD,D
11:16:20,PTBA,RG,3660,1,D,CC,OD,D
11:16:17,PTBA,RG,3670,10,D,YP,DR,D
11:16:16,PTBA,RG,3660,70,D,CC,TP,D
11:15:46,PTBA,RG,3660,2,D,CC,CC,D
11:15:36,PTBA,RG,3660,1,D,CC,GR,D
11:15:35,PTBA,RG,3670,2,D,PD,DR,D
11:15:25,PTBA,RG,3660,3,D,CC,OD,D
11:15:11,PTBA,RG,3660,2,D,CC,KK,D
11:15:10,PTBA,RG,3660,3,D,CC,PD,D
11:14:47,PTBA,RG,3660,5,D,CC,DR,D
11:14:41,PTBA,RG,3660,13,D,CC,CC,D
11:14:25,PTBA,RG,3660,3,D,CC,OD,D
11:14:23,PTBA,RG,3670,1,D,RG,DR,D
11:14:20,PTBA,RG,3660,2,D,CC,XC,D
11:14:18,PTBA,RG,3660,2,D,CC,AK,F
11:13:42,PTBA,RG,3660,2,D,CC,CC,D
11:13:24,PTBA,RG,3660,11,D,CC,AK,F
11:13:23,PTBA,RG,3660,2,D,CC,OD,D
11:13:03,PTBA,RG,3660,20,D,CC,HP,D
11:13:00,PTBA,RG,3670,6,D,PD,DR,D
11:12:45,PTBA,RG,3670,5,D,PD,DR,D
11:12:29,PTBA,RG,3660,18,D,CC,YU,F
11:12:28,PTBA,RG,3670,5,D,PD,DR,D
11:12:25,PTBA,RG,3660,2,D,CC,OD,D
11:12:11,PTBA,RG,3670,1,D,PD,DR,D
11:12:03,PTBA,RG,3660,3,D,CC,YP,D
11:11:50,PTBA,RG,3660,1,D,CC,CC,D
11:11:34,PTBA,RG,3660,2,D,CC,CC,D
11:11:30,PTBA,RG,3660,1,D,CC,AK,F
11:11:23,PTBA,RG,3660,3,D,CC,OD,D
11:11:21,PTBA,RG,3670,6,D,XL,DR,D
11:10:54,PTBA,RG,3660,17,D,CC,YU,F
11:10:49,PTBA,RG,3670,4,D,XL,DR,D
11:10:25,PTBA,RG,3660,2,D,CC,OD,D
11:09:36,PTBA,RG,3670,1,D,PD,DR,D
11:09:28,PTBA,RG,3660,18,D,CC,YU,F
11:09:16,PTBA,RG,3670,5,D,PD,DR,D
11:08:54,PTBA,RG,3660,2,D,CC,MK,D
11:08:54,PTBA,RG,3660,1007,D,CC,XC,D
11:08:36,PTBA,RG,3660,3,D,CC,XC,D
11:08:35,PTBA,RG,3660,3,D,CC,CS,F
11:08:35,PTBA,RG,3660,3,D,CC,CS,F
11:08:35,PTBA,RG,3660,52,D,CC,CC,F
11:08:35,PTBA,RG,3660,2,D,CC,OD,D
11:08:35,PTBA,RG,3660,2,D,CC,CS,F
11:08:35,PTBA,RG,3660,4,D,CC,CS,F
11:08:35,PTBA,RG,3660,70,D,CC,YJ,D
11:08:24,PTBA,RG,3660,2,D,EP,YJ,D
11:08:23,PTBA,RG,3660,928,D,CC,YJ,D
11:08:23,PTBA,RG,3660,72,D,CC,AK,F
11:08:20,PTBA,RG,3660,25,D,CC,AK,F
11:08:20,PTBA,RG,3660,6,D,CC,CS,F
11:08:20,PTBA,RG,3660,1,D,CC,CS,F
11:08:20,PTBA,RG,3660,3,D,CC,OD,D
11:08:20,PTBA,RG,3660,2,D,CC,CC,D
11:08:20,PTBA,RG,3660,963,D,CC,NI,D
11:08:16,PTBA,RG,3660,5,D,PD,NI,D
11:08:16,PTBA,RG,3660,20,D,YP,NI,D
11:08:16,PTBA,RG,3660,12,D,PD,NI,D
11:08:10,PTBA,RG,3660,43,D,PD,CC,F
11:08:10,PTBA,RG,3660,5,D,KK,CC,F
11:08:10,PTBA,RG,3660,1,D,NI,CC,F
11:08:10,PTBA,RG,3660,1,D,CC,CC,F
11:08:10,PTBA,RG,3660,1,D,YP,CC,F
11:08:10,PTBA,RG,3660,5,F,CC,CC,F
11:08:10,PTBA,RG,3660,5,D,PD,CC,F
11:08:10,PTBA,RG,3660,1,D,PD,CC,F
11:08:10,PTBA,RG,3660,1,D,NI,CC,F
11:08:10,PTBA,RG,3660,2,D,XC,CC,F
11:08:10,PTBA,RG,3660,19,F,ZP,CC,F
11:08:04,PTBA,RG,3660,16,F,ZP,YU,F
11:08:04,PTBA,RG,3660,16,D,YU,YU,F
11:08:03,PTBA,RG,3660,163,D,YU,CC,F
11:08:00,PTBA,RG,3660,2,D,YU,NI,D
11:08:00,PTBA,RG,3660,419,D,YU,CC,F
11:08:00,PTBA,RG,3660,5,D,YP,CC,F
11:08:00,PTBA,RG,3660,1,D,PD,CC,F
11:08:00,PTBA,RG,3660,1,D,XC,CC,F
11:08:00,PTBA,RG,3660,1,D,GR,CC,F
11:08:00,PTBA,RG,3660,1,D,CC,CC,F
11:08:00,PTBA,RG,3660,968,D,CC,CC,F
11:07:59,PTBA,RG,3660,500,D,CC,PD,D
11:07:37,PTBA,RG,3660,3,D,CC,MK,D
11:07:32,PTBA,RG,3660,2,D,CC,CC,D
11:07:21,PTBA,RG,3660,2,D,CC,OD,D
11:07:17,PTBA,RG,3660,2,D,CC,KK,D
11:07:05,PTBA,RG,3660,172,D,CC,AK,F
11:06:50,PTBA,RG,3660,123,D,CC,PD,D
11:06:27,PTBA,RG,3660,16,D,CC,SQ,D
11:06:26,PTBA,RG,3660,1,D,CC,XC,D
11:06:23,PTBA,RG,3670,2,D,AG,DR,D
11:06:19,PTBA,RG,3660,3,D,CC,OD,D
11:06:15,PTBA,RG,3660,3,D,CC,NI,D
11:05:55,PTBA,RG,3660,2,D,CC,YP,D
11:05:46,PTBA,RG,3660,1,D,CC,YJ,D
11:05:37,PTBA,RG,3660,1,D,CC,NI,D
11:05:32,PTBA,RG,3660,2,D,CC,CC,D
11:05:31,PTBA,RG,3670,3,D,YP,DR,D
11:05:21,PTBA,RG,3660,2,D,CC,OD,D
11:05:12,PTBA,RG,3670,11,D,XL,DR,D
11:04:57,PTBA,RG,3660,15,D,CC,YU,D
11:04:38,PTBA,RG,3660,123,D,CC,PD,D
11:04:34,PTBA,RG,3670,1,D,CC,DR,D
11:04:29,PTBA,RG,3670,1,D,YP,DR,D
11:04:17,PTBA,RG,3660,3,D,CC,OD,D
11:03:29,PTBA,RG,3660,2,D,CC,XC,D
11:03:24,PTBA,RG,3660,1,D,CC,CC,D
11:03:19,PTBA,RG,3660,2,D,CC,OD,D
11:02:27,PTBA,RG,3660,7,D,CC,PD,D
11:02:26,PTBA,RG,3670,15,D,CC,DR,D
11:02:19,PTBA,RG,3660,2,D,CC,OD,D
11:01:58,PTBA,RG,3670,10,D,YP,DR,D
11:01:48,PTBA,RG,3660,50,D,CC,DR,D
11:01:21,PTBA,RG,3660,3,D,CC,OD,D
11:01:16,PTBA,RG,3660,2,D,CC,CC,D
11:01:11,PTBA,RG,3660,147,D,CC,AK,F
11:01:10,PTBA,RG,3660,94,D,CC,OD,D
11:01:00,PTBA,RG,3660,2,D,CC,PD,D
11:00:36,PTBA,RG,3660,2,D,CC,CC,D
11:00:19,PTBA,RG,3660,2,D,CC,OD,D
11:00:06,PTBA,RG,3660,68,D,CC,OD,D
10:59:32,PTBA,RG,3660,4,D,CC,EP,D
10:59:21,PTBA,RG,3660,3,D,CC,OD,D
10:59:16,PTBA,RG,3660,123,D,CC,PD,D
10:59:07,PTBA,RG,3670,1,D,XC,DR,D
10:58:59,PTBA,RG,3670,5,D,CC,DR,D
10:58:40,PTBA,RG,3670,1,D,XC,DR,D
10:58:07,PTBA,RG,3670,5,D,KK,DR,D
10:58:04,PTBA,RG,3660,4,D,CC,DH,D
10:58:04,PTBA,RG,3660,2,D,CC,OD,D
10:58:04,PTBA,RG,3660,2,D,CC,CC,D
10:58:04,PTBA,RG,3660,38,D,CC,YU,F
10:58:04,PTBA,RG,3660,50,D,CC,DR,D
10:58:04,PTBA,RG,3660,12,D,CC,DR,D
10:58:04,PTBA,RG,3660,8,D,CC,CS,F
10:58:04,PTBA,RG,3660,154,D,CC,KK,D
10:58:04,PTBA,RG,3660,10,D,CC,NI,D
10:58:04,PTBA,RG,3660,50,D,CC,GR,D
10:58:04,PTBA,RG,3660,5,D,CC,CC,D
10:58:04,PTBA,RG,3660,31,D,CC,YU,F
10:58:04,PTBA,RG,3660,1,D,CC,AK,F
10:58:04,PTBA,RG,3660,4,D,CC,AK,F
10:58:04,PTBA,RG,3660,5,D,CC,YU,D
10:58:04,PTBA,RG,3660,1,D,CC,AK,F
10:58:04,PTBA,RG,3660,8,D,CC,AK,F
10:58:04,PTBA,RG,3660,16,D,CC,EP,D
10:58:04,PTBA,RG,3660,100,D,CC,CC,D
10:58:04,PTBA,RG,3660,41,D,CC,LG,D
10:58:04,PTBA,RG,3650,123,D,YU,PD,D
10:58:01,PTBA,RG,3650,270,D,YU,YP,D
10:57:50,PTBA,RG,3650,12,D,YU,AK,F
10:57:49,PTBA,RG,3660,5,D,CC,LG,D
10:57:41,PTBA,RG,3660,3,D,OD,LG,D
10:57:34,PTBA,RG,3660,20,D,OD,LG,D
10:57:31,PTBA,RG,3660,27,D,EP,LG,D
10:57:25,PTBA,RG,3650,123,D,YU,PD,D
10:57:19,PTBA,RG,3650,3,D,YU,OD,D
10:57:14,PTBA,RG,3660,1,D,OD,LG,D
10:57:08,PTBA,RG,3650,2,D,YU,CC,D
10:56:57,PTBA,RG,3660,174,D,XA,LG,D
10:56:38,PTBA,RG,3650,10,D,YU,YP,D
10:56:23,PTBA,RG,3650,2,D,YU,OD,D
10:55:23,PTBA,RG,3650,3,D,YU,OD,D
10:55:19,PTBA,RG,3660,1,D,PD,LG,D
10:55:18,PTBA,RG,3650,3,D,YU,AK,F
10:55:17,PTBA,RG,3660,9,D,NI,LG,D
10:55:08,PTBA,RG,3650,2,D,YU,CC,D
10:54:48,PTBA,RG,3660,14,D,XL,LG,D
10:54:32,PTBA,RG,3660,16,D,PD,LG,D
10:54:25,PTBA,RG,3660,5,D,OD,LG,D
10:54:25,PTBA,RG,3650,2,D,YU,OD,D
10:54:23,PTBA,RG,3660,1,D,YP,LG,D
10:54:20,PTBA,RG,3660,2,D,KK,LG,D
10:54:17,PTBA,RG,3660,3,D,YP,LG,D
10:54:12,PTBA,RG,3660,10,D,YP,LG,D
10:53:48,PTBA,RG,3660,5,D,XC,LG,D
10:53:44,PTBA,RG,3650,1000,D,YU,GR,D
10:53:22,PTBA,RG,3660,1,D,SQ,LG,D
10:53:20,PTBA,RG,3650,2,D,YU,NI,D
10:53:07,PTBA,RG,3650,6,D,YU,EP,D
10:53:03,PTBA,RG,3650,4,D,YU,CS,F
10:53:03,PTBA,RG,3650,4,D,YU,CS,F
10:53:03,PTBA,RG,3650,2,D,YU,CC,F
10:53:03,PTBA,RG,3650,3,D,YU,OD,D
10:53:03,PTBA,RG,3650,15,D,YU,XL,D
10:53:03,PTBA,RG,3650,2,D,YU,CC,D
10:53:03,PTBA,RG,3650,5,D,YU,YP,D
10:53:03,PTBA,RG,3650,10,D,YU,TP,D
10:53:03,PTBA,RG,3650,10,D,YU,TP,D
10:53:03,PTBA,RG,3650,2,D,YU,CS,F
10:53:03,PTBA,RG,3650,5,D,YU,CS,F
10:53:03,PTBA,RG,3650,342,D,YU,YJ,D
10:52:55,PTBA,RG,3650,1,D,NI,YJ,D
10:52:31,PTBA,RG,3640,5,D,YP,SQ,D
10:52:25,PTBA,RG,3650,19,D,YP,YJ,D
10:52:23,PTBA,RG,3640,2,D,YP,OD,D
10:52:06,PTBA,RG,3650,10,D,DH,YJ,D
10:51:55,PTBA,RG,3650,3,D,CC,YJ,D
10:51:51,PTBA,RG,3640,1,D,YP,XC,D
10:51:50,PTBA,RG,3650,5,D,XL,YJ,D
10:51:42,PTBA,RG,3640,8,D,YP,XC,D
10:51:42,PTBA,RG,3640,2,D,YP,NI,D
10:51:38,PTBA,RG,3640,1,D,YP,XC,D
10:51:31,PTBA,RG,3640,2,D,YP,LG,D
10:51:28,PTBA,RG,3640,1,D,YP,PD,D
10:51:12,PTBA,RG,3640,10,D,YP,AK,F
10:51:11,PTBA,RG,3650,5,D,YP,YJ,D
10:51:10,PTBA,RG,3650,24,D,OD,YJ,D
10:51:05,PTBA,RG,3650,27,D,XC,YJ,D
10:51:03,PTBA,RG,3650,1,D,CC,YJ,D
10:50:45,PTBA,RG,3650,1,D,XC,YJ,D
10:50:45,PTBA,RG,3650,62,D,CC,YJ,D
10:50:45,PTBA,RG,3650,71,D,CC,YU,F
10:50:45,PTBA,RG,3650,3,D,CC,OD,D
10:50:45,PTBA,RG,3650,15,D,CC,KK,D
10:50:45,PTBA,RG,3650,2,D,CC,CC,D
10:50:45,PTBA,RG,3650,3,D,CC,CS,F
10:50:45,PTBA,RG,3650,3,D,CC,CS,F
10:50:45,PTBA,RG,3650,131,D,CC,GR,D
10:50:42,PTBA,RG,3650,1,D,PD,GR,D
10:50:24,PTBA,RG,3650,7,D,XC,GR,D
10:50:23,PTBA,RG,3640,2,D,YP,OD,D
10:50:17,PTBA,RG,3650,1,D,PD,GR,D
10:50:17,PTBA,RG,3650,8,D,XC,GR,D
10:50:17,PTBA,RG,3650,2,D,PD,GR,D
10:50:17,PTBA,RG,3650,10,F,ZP,GR,D
10:50:17,PTBA,RG,3650,1,D,YU,GR,D
10:50:17,PTBA,RG,3650,3,D,CC,GR,D
10:50:17,PTBA,RG,3650,336,D,NI,GR,D
10:50:11,PTBA,RG,3650,1,D,NI,KK,D
10:50:06,PTBA,RG,3650,3,D,NI,YP,D
10:49:57,PTBA,RG,3650,2,D,NI,HP,D
10:49:57,PTBA,RG,3650,246,D,NI,AK,F
10:49:55,PTBA,RG,3660,1,D,YU,LG,D
10:49:48,PTBA,RG,3650,1,D,NI,PD,D
10:49:38,PTBA,RG,3650,17,D,NI,YP,D
10:49:38,PTBA,RG,3650,2,D,NI,YP,D
10:49:25,PTBA,RG,3650,2,D,NI,OD,D
10:49:22,PTBA,RG,3650,60,D,NI,XC,D
10:49:20,PTBA,RG,3650,1000,D,NI,SQ,D
10:49:14,PTBA,RG,3650,218,D,NI,PD,D
10:49:14,PTBA,RG,3650,10,D,SQ,PD,D
10:49:14,PTBA,RG,3650,100,D,DR,PD,D
10:49:14,PTBA,RG,3650,57,D,CC,PD,D
10:49:13,PTBA,RG,3650,61,D,CC,XC,D
10:49:02,PTBA,RG,3650,108,D,CC,AK,F
10:49:02,PTBA,RG,3650,2,D,CC,CC,D
10:48:42,PTBA,RG,3650,9,D,CC,PD,D
10:48:42,PTBA,RG,3650,763,D,CC,YP,D
10:48:42,PTBA,RG,3650,3,D,LG,YP,D
10:48:42,PTBA,RG,3650,1000,D,MG,YP,D
10:48:42,PTBA,RG,3650,50,D,CC,YP,D
10:48:42,PTBA,RG,3650,10,D,PD,YP,D
10:48:42,PTBA,RG,3650,397,D,OD,YP,D
10:48:42,PTBA,RG,3650,9,D,OD,YP,D
10:48:42,PTBA,RG,3650,147,D,OD,YP,D
10:48:42,PTBA,RG,3650,324,D,OD,YP,D
10:48:42,PTBA,RG,3650,10,D,PD,YP,D
10:48:42,PTBA,RG,3650,1,D,YB,YP,D
10:48:42,PTBA,RG,3650,23,F,ZP,YP,D
10:48:42,PTBA,RG,3650,75,D,PD,YP,D
10:48:42,PTBA,RG,3650,6,D,CC,YP,D
10:48:42,PTBA,RG,3650,3,D,XL,YP,D
10:48:42,PTBA,RG,3650,6,D,PD,YP,D
10:48:42,PTBA,RG,3650,1000,D,BQ,YP,D
10:48:42,PTBA,RG,3650,5,D,YP,YP,D
10:48:42,PTBA,RG,3650,1,D,XL,YP,D
10:48:42,PTBA,RG,3650,25,D,YB,YP,D
10:48:42,PTBA,RG,3650,2,D,YP,YP,D
10:48:42,PTBA,RG,3650,1,D,YP,YP,D
10:48:42,PTBA,RG,3650,27,D,DR,YP,D
10:48:42,PTBA,RG,3650,1000,D,NI,YP,D
10:48:42,PTBA,RG,3650,20,D,DR,YP,D
10:48:42,PTBA,RG,3650,10,D,PD,YP,D
10:48:42,PTBA,RG,3650,1,D,NI,YP,D
10:48:42,PTBA,RG,3650,3,D,XC,YP,D
10:48:42,PTBA,RG,3650,30,D,DR,YP,D
10:48:42,PTBA,RG,3650,5,D,EP,YP,D
10:48:42,PTBA,RG,3650,28,D,CC,YP,D
10:48:42,PTBA,RG,3650,30,D,DR,YP,D
10:48:42,PTBA,RG,3650,3,D,DH,YP,D
10:48:42,PTBA,RG,3650,1,D,CC,YP,D
10:48:42,PTBA,RG,3650,380,F,AK,YP,D
10:48:42,PTBA,RG,3650,400,D,YU,YP,D
10:48:42,PTBA,RG,3650,1,D,PD,YP,D
10:48:42,PTBA,RG,3650,1,D,SQ,YP,D
10:48:42,PTBA,RG,3650,1,D,YP,YP,D
10:48:42,PTBA,RG,3650,10,D,NI,YP,D
10:48:42,PTBA,RG,3650,48,D,KK,YP,D
10:48:42,PTBA,RG,3650,1,D,HP,YP,D
10:48:42,PTBA,RG,3650,5,D,PD,YP,D
10:48:42,PTBA,RG,3650,10,D,PD,YP,D
10:48:42,PTBA,RG,3650,1,D,PD,YP,D
10:48:42,PTBA,RG,3650,1,F,ZP,YP,D
10:48:42,PTBA,RG,3650,10,D,YP,YP,D
10:48:42,PTBA,RG,3650,1,D,YP,YP,D
10:48:42,PTBA,RG,3650,5,D,YP,YP,D
10:48:27,PTBA,RG,3650,3,D,YP,OD,D
10:48:24,PTBA,RG,3660,9,F,ZP,LG,D
10:47:58,PTBA,RG,3660,2,D,PD,LG,D
10:47:57,PTBA,RG,3660,1,D,XC,LG,D
10:47:54,PTBA,RG,3660,10,D,XC,LG,D
10:47:30,PTBA,RG,3660,5,D,PD,LG,D
10:47:27,PTBA,RG,3650,2,D,YP,OD,D
10:47:25,PTBA,RG,3660,1,D,XC,LG,D
10:47:11,PTBA,RG,3660,1,D,XC,LG,D
10:47:09,PTBA,RG,3660,2,D,YP,LG,D
10:46:47,PTBA,RG,3660,30,D,CP,LG,D
10:46:47,PTBA,RG,3660,10,D,CP,YP,D
10:46:47,PTBA,RG,3660,2,D,CP,CS,F
10:46:47,PTBA,RG,3660,1,D,CP,CS,F
10:46:47,PTBA,RG,3660,57,D,CP,PD,D
10:46:27,PTBA,RG,3650,3,D,YP,OD,D
10:46:23,PTBA,RG,3660,1,D,PD,PD,D
10:46:11,PTBA,RG,3660,10,F,ZP,PD,D
10:46:09,PTBA,RG,3660,1,D,PD,PD,D
10:46:07,PTBA,RG,3650,10,D,KK,KK,D
10:45:53,PTBA,RG,3660,14,D,YP,PD,D
10:45:47,PTBA,RG,3660,1,D,PD,PD,D
10:45:28,PTBA,RG,3660,1,D,PD,PD,D
10:45:28,PTBA,RG,3660,1,D,XC,PD,D
10:45:26,PTBA,RG,3660,125,D,YP,PD,D
10:45:21,PTBA,RG,3660,39,D,XC,PD,D
10:45:21,PTBA,RG,3660,2,D,XC,CC,D
10:45:21,PTBA,RG,3660,33,D,XC,YU,F
10:45:21,PTBA,RG,3660,1,D,XC,OD,D
10:45:03,PTBA,RG,3660,1,D,NI,OD,D
10:44:19,PTBA,RG,3670,1,D,XC,DR,D
10:43:55,PTBA,RG,3650,3,D,KK,PD,D
10:43:42,PTBA,RG,3660,1,F,ZP,AK,F
10:43:42,PTBA,RG,3660,97,D,KI,AK,F
10:43:41,PTBA,RG,3660,3,D,KI,CC,F
10:43:41,PTBA,RG,3660,2,D,KI,NI,D
10:43:41,PTBA,RG,3660,2,D,KI,OD,D
10:43:41,PTBA,RG,3660,1,D,KI,CC,D
10:43:41,PTBA,RG,3660,53,D,KI,XL,D
10:43:41,PTBA,RG,3660,6,D,KI,XC,D
10:43:41,PTBA,RG,3660,28,D,KI,CC,D
10:43:41,PTBA,RG,3660,8,D,KI,CS,F
10:43:41,PTBA,RG,3660,45,D,KI,YP,D
10:43:41,PTBA,RG,3660,3,D,KI,CS,F
10:43:41,PTBA,RG,3660,1,D,KI,YP,D
10:43:41,PTBA,RG,3660,548,D,KI,SQ,D
10:43:41,PTBA,RG,3660,37,D,KI,YU,F
10:43:41,PTBA,RG,3660,40,D,KI,KK,D
10:43:41,PTBA,RG,3660,1,D,KI,NI,D
10:43:41,PTBA,RG,3660,8,D,KI,EP,D
10:43:41,PTBA,RG,3660,45,D,KI,GR,D
10:43:41,PTBA,RG,3660,72,D,KI,SQ,D
10:43:35,PTBA,RG,3660,150,D,YP,SQ,D
10:43:26,PTBA,RG,3650,2,D,KK,OD,D
10:43:25,PTBA,RG,3660,5,D,NI,SQ,D
10:43:24,PTBA,RG,3660,9,D,XC,SQ,D
10:43:07,PTBA,RG,3660,110,D,YP,SQ,D
10:42:50,PTBA,RG,3660,2,D,DH,SQ,D
10:42:38,PTBA,RG,3660,2,D,XC,SQ,D
10:42:27,PTBA,RG,3660,50,D,GR,SQ,D
10:42:27,PTBA,RG,3650,2,D,YP,OD,D
10:42:15,PTBA,RG,3660,20,D,EP,SQ,D
10:42:13,PTBA,RG,3660,2,D,NI,SQ,D
10:42:11,PTBA,RG,3660,50,D,YP,SQ,D
10:41:46,PTBA,RG,3660,45,D,CC,SQ,D
10:41:39,PTBA,RG,3660,2,D,PD,SQ,D
10:41:31,PTBA,RG,3660,6,D,KK,SQ,D
10:41:24,PTBA,RG,3650,2,D,YP,OD,D
10:41:18,PTBA,RG,3660,5,D,SQ,SQ,D
10:41:12,PTBA,RG,3660,1,D,XC,SQ,D
10:40:39,PTBA,RG,3660,1,D,YP,SQ,D
10:40:34,PTBA,RG,3660,5,D,YP,SQ,D
10:40:08,PTBA,RG,3660,2,D,AG,SQ,D
10:40:07,PTBA,RG,3660,5,D,YP,SQ,D
10:40:06,PTBA,RG,3650,1,D,YP,OD,D
10:40:04,PTBA,RG,3650,1,D,YP,OD,D
10:40:04,PTBA,RG,3650,4,D,YP,DR,D
10:40:03,PTBA,RG,3650,5,D,YP,DR,D
10:40:01,PTBA,RG,3650,5,D,YP,DR,D
10:40:01,PTBA,RG,3650,54,D,YP,DR,D
10:39:58,PTBA,RG,3650,1,D,PD,DR,D
10:39:58,PTBA,RG,3650,5,D,YP,DR,D
10:39:58,PTBA,RG,3650,1,D,KK,DR,D
10:39:58,PTBA,RG,3650,10,D,NI,DR,D
10:39:58,PTBA,RG,3650,2,F,ZP,DR,D
10:39:58,PTBA,RG,3650,13,D,YJ,DR,D
10:39:52,PTBA,RG,3660,4,D,XC,SQ,D
10:39:52,PTBA,RG,3660,15,D,XC,PD,D
10:39:52,PTBA,RG,3660,25,D,XC,XC,D
10:39:51,PTBA,RG,3650,200,D,YJ,NI,D
10:39:13,PTBA,RG,3650,1,D,YJ,AK,F
10:39:13,PTBA,RG,3650,2,D,YJ,AK,F
10:39:13,PTBA,RG,3650,10,D,YJ,BQ,D
10:39:13,PTBA,RG,3650,76,D,YJ,AK,F
10:39:13,PTBA,RG,3650,3,D,YJ,XC,D
10:39:13,PTBA,RG,3650,3,D,YJ,OD,D
10:39:13,PTBA,RG,3650,34,D,YJ,YU,F
10:39:13,PTBA,RG,3650,26,D,YJ,GR,D
10:39:13,PTBA,RG,3650,200,D,YJ,CC,D
10:39:13,PTBA,RG,3650,1,D,YJ,AK,F
10:39:13,PTBA,RG,3650,4,D,YJ,AK,F
10:39:13,PTBA,RG,3650,1507,D,YJ,DR,D
10:39:13,PTBA,RG,3650,20,D,YJ,PD,D
10:39:13,PTBA,RG,3650,1,D,YJ,KK,D
10:39:13,PTBA,RG,3650,2,D,YJ,PD,D
10:39:13,PTBA,RG,3650,45,D,YJ,YU,F
10:39:13,PTBA,RG,3650,6,D,YJ,CS,F
10:39:13,PTBA,RG,3650,3,D,YJ,CS,F
10:39:13,PTBA,RG,3650,343,D,YJ,DR,D
10:39:08,PTBA,RG,3640,31,D,YP,EP,D
10:39:00,PTBA,RG,3650,1,D,PD,DR,D
10:38:52,PTBA,RG,3650,100,D,YP,DR,D
10:38:37,PTBA,RG,3650,1,D,PD,DR,D
10:38:26,PTBA,RG,3640,2,D,YP,OD,D
10:38:18,PTBA,RG,3650,1,D,PD,DR,D
10:38:17,PTBA,RG,3640,11,D,YP,XL,D
10:38:15,PTBA,RG,3650,1,D,XL,DR,D
10:38:08,PTBA,RG,3650,10,D,XC,DR,D
10:37:50,PTBA,RG,3650,2,D,PD,DR,D
10:37:41,PTBA,RG,3650,2,D,YP,DR,D
10:37:29,PTBA,RG,3640,9,D,YP,PD,D
10:37:29,PTBA,RG,3640,1,D,PD,PD,D
10:37:29,PTBA,RG,3640,1,D,PD,PD,D
10:37:29,PTBA,RG,3640,1,D,CC,PD,D
10:37:29,PTBA,RG,3640,3,D,PD,PD,D
10:37:28,PTBA,RG,3640,2,D,PD,OD,D
10:37:28,PTBA,RG,3650,5,D,XC,DR,D
10:37:11,PTBA,RG,3650,10,D,DR,DR,D
10:37:07,PTBA,RG,3650,2,D,YP,DR,D
10:37:00,PTBA,RG,3650,5,D,PD,DR,D
10:36:56,PTBA,RG,3650,4,D,CC,DR,D
10:36:49,PTBA,RG,3650,2,D,YP,DR,D
10:36:47,PTBA,RG,3650,2,D,YP,DR,D
10:36:45,PTBA,RG,3650,10,D,YU,DR,D
10:36:28,PTBA,RG,3650,2,D,KK,DR,D
10:36:28,PTBA,RG,3650,16,D,XC,DR,D
10:36:28,PTBA,RG,3650,917,D,YP,DR,D
10:36:28,PTBA,RG,3650,5,D,NI,DR,D
10:36:28,PTBA,RG,3650,32,F,ZP,DR,D
10:36:28,PTBA,RG,3650,2,D,YP,DR,D
10:36:28,PTBA,RG,3650,20,D,CC,DR,D
10:36:28,PTBA,RG,3650,3,D,PD,DR,D
10:36:28,PTBA,RG,3650,5,D,NI,DR,D
10:36:28,PTBA,RG,3650,10,D,CC,DR,D
10:36:28,PTBA,RG,3650,1,D,NI,DR,D
10:36:28,PTBA,RG,3650,100,D,SQ,DR,D
10:36:28,PTBA,RG,3650,1,D,PD,DR,D
10:36:28,PTBA,RG,3650,100,D,OD,DR,D
10:36:28,PTBA,RG,3650,2,D,OD,DR,D
10:36:28,PTBA,RG,3650,50,D,YP,DR,D
10:36:28,PTBA,RG,3650,1,D,XL,DR,D
10:36:28,PTBA,RG,3650,1,D,XL,DR,D
10:36:28,PTBA,RG,3650,1,D,XC,DR,D
10:36:28,PTBA,RG,3650,50,D,CC,DR,D
10:36:28,PTBA,RG,3650,1,D,NI,DR,D
10:36:28,PTBA,RG,3650,10,D,YP,DR,D
10:36:28,PTBA,RG,3650,2,D,YP,DR,D
10:36:28,PTBA,RG,3650,1,D,PD,DR,D
10:36:28,PTBA,RG,3650,1,D,PD,DR,D
10:36:28,PTBA,RG,3650,5,D,GR,DR,D
10:36:28,PTBA,RG,3650,1,D,PD,DR,D
10:36:28,PTBA,RG,3650,25,D,CC,DR,D
10:36:28,PTBA,RG,3650,10,D,GR,DR,D
10:36:28,PTBA,RG,3650,50,D,PD,DR,D
10:36:28,PTBA,RG,3650,2,D,CC,DR,D
10:36:28,PTBA,RG,3650,10,D,PD,DR,D
10:36:28,PTBA,RG,3650,1,D,HP,DR,D
10:36:28,PTBA,RG,3650,7,D,PD,DR,D
10:36:28,PTBA,RG,3650,10,D,YP,DR,D
10:36:28,PTBA,RG,3650,544,D,OD,DR,D
10:36:28,PTBA,RG,3650,2,D,OD,OD,D
10:36:19,PTBA,RG,3660,50,D,NI,YU,F
10:35:34,PTBA,RG,3660,1,D,XC,YU,F
10:35:34,PTBA,RG,3660,1,D,XC,NI,D
10:35:29,PTBA,RG,3660,2,D,YP,NI,D
10:35:27,PTBA,RG,3650,64,D,OD,DH,D
10:35:26,PTBA,RG,3660,2,D,YP,NI,D
10:35:26,PTBA,RG,3650,183,D,OD,DR,D
10:35:26,PTBA,RG,3650,17,D,OD,DR,D
10:35:26,PTBA,RG,3650,293,D,OD,DR,D
10:35:26,PTBA,RG,3650,648,D,OD,DR,D
10:35:26,PTBA,RG,3650,1,D,PD,DR,D
10:35:26,PTBA,RG,3650,1,D,XC,DR,D
10:35:26,PTBA,RG,3650,6,D,XC,DR,D
10:35:26,PTBA,RG,3650,3,D,CC,DR,D
10:35:26,PTBA,RG,3650,1,D,LG,DR,D
10:35:26,PTBA,RG,3650,55,D,XC,DR,D
10:35:26,PTBA,RG,3650,3,D,XC,DR,D
10:35:26,PTBA,RG,3650,2,D,SQ,DR,D
10:35:26,PTBA,RG,3650,1000,D,IF,DR,D
10:35:26,PTBA,RG,3650,50,D,XA,DR,D
10:35:26,PTBA,RG,3650,1,D,YP,DR,D
10:35:26,PTBA,RG,3650,5,D,XA,DR,D
10:35:26,PTBA,RG,3650,2,D,XC,DR,D
10:35:26,PTBA,RG,3650,2,F,ZP,DR,D
10:35:26,PTBA,RG,3650,50,D,DR,DR,D
10:35:26,PTBA,RG,3650,150,D,CC,DR,D
10:35:26,PTBA,RG,3650,10,D,XA,DR,D
10:35:26,PTBA,RG,3650,1,D,PD,DR,D
10:35:26,PTBA,RG,3650,5,D,PD,DR,D
10:35:26,PTBA,RG,3650,1,D,XC,DR,D
10:35:26,PTBA,RG,3650,10,D,PD,DR,D
10:35:26,PTBA,RG,3650,3,D,EP,OD,D
10:35:24,PTBA,RG,3660,2,D,YP,NI,D
10:35:21,PTBA,RG,3660,35,D,PD,NI,D
10:35:18,PTBA,RG,3660,10,D,YU,NI,D
10:35:10,PTBA,RG,3660,5,D,YP,NI,D
10:35:01,PTBA,RG,3660,100,D,YB,NI,D
10:34:42,PTBA,RG,3660,1,D,XC,NI,D
10:34:28,PTBA,RG,3660,15,D,CC,NI,D
10:34:24,PTBA,RG,3650,2,D,EP,OD,D
10:34:16,PTBA,RG,3660,4,D,PD,NI,D
10:34:07,PTBA,RG,3660,5,D,XC,NI,D
10:34:05,PTBA,RG,3660,1,D,PD,NI,D
10:33:48,PTBA,RG,3660,1,D,YP,NI,D
10:33:25,PTBA,RG,3660,1,D,YP,AK,F
10:33:23,PTBA,RG,3660,85,F,CS,AK,F
10:33:23,PTBA,RG,3660,3,F,CS,CS,F
10:33:23,PTBA,RG,3660,48,F,CS,AK,F
10:33:23,PTBA,RG,3660,5,F,CS,CS,F
10:33:23,PTBA,RG,3660,616,F,CS,DR,D
10:33:22,PTBA,RG,3660,5,D,PP,DR,D
10:33:22,PTBA,RG,3660,1,D,YP,DR,D
10:33:22,PTBA,RG,3660,50,D,OD,DR,D
10:33:22,PTBA,RG,3660,1,D,PD,DR,D
10:33:22,PTBA,RG,3660,9,D,XC,DR,D
10:33:22,PTBA,RG,3660,1,D,EP,DR,D
10:33:22,PTBA,RG,3660,1,D,CC,DR,D
10:33:22,PTBA,RG,3660,4,D,YP,DR,D
10:33:22,PTBA,RG,3660,600,D,YU,DR,D
10:33:22,PTBA,RG,3660,1,D,CC,DR,D
10:33:22,PTBA,RG,3660,27,D,AT,DR,D
10:33:22,PTBA,RG,3660,10,D,DR,DR,D
10:33:22,PTBA,RG,3660,1000,D,CC,DR,D
10:33:22,PTBA,RG,3660,3,D,XC,DR,D
10:33:22,PTBA,RG,3660,4,D,PD,DR,D
10:33:22,PTBA,RG,3660,1,D,YP,DR,D
10:33:22,PTBA,RG,3660,7,D,XC,DR,D
10:33:22,PTBA,RG,3660,1,D,PD,DR,D
10:33:22,PTBA,RG,3660,10,D,OD,DR,D
10:33:22,PTBA,RG,3660,7,D,XC,DR,D
10:33:22,PTBA,RG,3660,1,D,YP,DR,D
10:33:22,PTBA,RG,3660,5,D,YP,DR,D
10:33:22,PTBA,RG,3660,1,D,YU,DR,D
10:33:22,PTBA,RG,3660,2,D,XC,DR,D
10:33:22,PTBA,RG,3660,5,D,XC,DR,D
10:33:22,PTBA,RG,3660,1,D,YP,DR,D
10:33:22,PTBA,RG,3660,126,D,NI,DR,D
10:33:22,PTBA,RG,3660,34,D,NI,DR,D
10:33:22,PTBA,RG,3660,5,D,SQ,DR,D
10:33:22,PTBA,RG,3660,1,D,YP,DR,D
10:33:22,PTBA,RG,3660,1,D,PD,DR,D
10:33:22,PTBA,RG,3660,1,D,XC,DR,D
10:33:22,PTBA,RG,3660,30,D,SQ,DR,D
10:33:22,PTBA,RG,3660,1,D,XC,DR,D
10:33:22,PTBA,RG,3660,31,D,XC,DR,D
10:33:22,PTBA,RG,3660,5,D,GR,DR,D
10:33:22,PTBA,RG,3660,1,D,XC,DR,D
10:33:22,PTBA,RG,3660,1,D,XC,DR,D
10:33:22,PTBA,RG,3660,2,D,CC,DR,D
10:33:22,PTBA,RG,3660,30,D,CP,DR,D
10:33:22,PTBA,RG,3660,3,D,XC,DR,D
10:33:22,PTBA,RG,3660,1,D,DH,DR,D
10:33:22,PTBA,RG,3660,1,D,YP,DR,D
10:33:22,PTBA,RG,3660,1,D,XC,DR,D
10:33:22,PTBA,RG,3660,10,D,PD,DR,D
10:33:22,PTBA,RG,3660,10,D,NI,DR,D
10:33:22,PTBA,RG,3660,5,D,CC,DR,D
10:33:22,PTBA,RG,3660,1500,D,ZP,DR,D
10:33:22,PTBA,RG,3660,2,D,CC,DR,D
10:33:22,PTBA,RG,3660,3,D,XC,DR,D
10:33:22,PTBA,RG,3660,2,D,AT,DR,D
10:33:22,PTBA,RG,3660,20,D,DU,DR,D
10:33:22,PTBA,RG,3660,1,D,XC,DR,D
10:33:22,PTBA,RG,3660,4,D,PD,DR,D
10:33:22,PTBA,RG,3660,13,D,XC,DR,D
10:33:22,PTBA,RG,3660,3,D,CC,DR,D
10:33:22,PTBA,RG,3660,100,D,OD,DR,D
10:33:22,PTBA,RG,3660,1,D,HP,DR,D
10:33:22,PTBA,RG,3660,2,D,NI,DR,D
10:33:22,PTBA,RG,3660,1,D,PD,DR,D
10:33:22,PTBA,RG,3660,674,F,CS,DR,D
10:33:22,PTBA,RG,3660,2,F,CS,OD,D
10:32:58,PTBA,RG,3670,1,D,PD,DR,D
10:32:58,PTBA,RG,3670,3,D,XC,DR,D
10:32:58,PTBA,RG,3670,1,F,CC,DR,D
10:32:58,PTBA,RG,3670,1,D,OD,DR,D
10:32:58,PTBA,RG,3670,1,D,SQ,DR,D
10:32:58,PTBA,RG,3670,1,D,XC,DR,D
10:32:58,PTBA,RG,3670,11,D,PD,DR,D
10:32:58,PTBA,RG,3670,1,D,PD,DR,D
10:32:58,PTBA,RG,3670,1,D,EP,DR,D
10:32:58,PTBA,RG,3670,2,D,XL,DR,D
10:32:58,PTBA,RG,3670,1,D,PD,DR,D
10:32:58,PTBA,RG,3670,10,D,SQ,DR,D
10:32:58,PTBA,RG,3670,19,F,ZP,DR,D
10:32:58,PTBA,RG,3670,1,D,CC,DR,D
10:32:58,PTBA,RG,3670,1,D,YU,DR,D
10:32:58,PTBA,RG,3670,5,D,PD,DR,D
10:32:58,PTBA,RG,3670,5,D,YU,DR,D
10:32:58,PTBA,RG,3670,1,D,YP,DR,D
10:32:58,PTBA,RG,3670,793,D,OD,DR,D
10:32:58,PTBA,RG,3670,17,D,OD,DR,D
10:32:58,PTBA,RG,3670,293,D,OD,DR,D
10:32:58,PTBA,RG,3670,648,D,OD,DR,D
10:32:58,PTBA,RG,3670,1,D,OD,DR,D
10:32:58,PTBA,RG,3670,65,F,ZP,DR,D
10:32:58,PTBA,RG,3670,3,D,CC,DR,D
10:32:58,PTBA,RG,3670,75,D,CC,CP,D
10:32:22,PTBA,RG,3670,2,D,CC,OD,D
10:32:15,PTBA,RG,3680,20,D,NI,YP,D
10:32:05,PTBA,RG,3680,2,D,XC,YP,D
10:31:50,PTBA,RG,3680,1,D,YP,YP,D
10:31:26,PTBA,RG,3680,6,D,DU,YP,D
10:31:26,PTBA,RG,3680,14,D,DU,YB,D
10:31:24,PTBA,RG,3670,3,D,CC,OD,D
10:31:00,PTBA,RG,3680,7,D,YP,YB,D
10:30:56,PTBA,RG,3680,1,D,PD,YB,D
10:30:51,PTBA,RG,3670,3,D,CC,PD,D
10:30:45,PTBA,RG,3670,53,D,CC,IU,D
10:30:43,PTBA,RG,3670,4,D,CC,SQ,D
10:30:34,PTBA,RG,3680,1,D,PD,YB,D
10:30:22,PTBA,RG,3670,2,D,CC,OD,D
10:30:03,PTBA,RG,3680,2,D,YU,YB,D
10:29:35,PTBA,RG,3670,9,D,CC,PD,D
10:29:22,PTBA,RG,3670,2,D,CC,OD,D
10:28:34,PTBA,RG,3670,50,D,CC,HD,D
10:28:28,PTBA,RG,3670,10,D,CC,YP,D
10:28:21,PTBA,RG,3670,137,D,CC,AK,F
10:28:21,PTBA,RG,3670,1,D,CC,AK,F
10:28:21,PTBA,RG,3670,4,D,CC,AK,F
10:28:21,PTBA,RG,3670,1,D,CC,AK,F
10:28:21,PTBA,RG,3670,3,D,CC,AK,F
10:28:20,PTBA,RG,3670,6,D,CC,CS,F
10:28:20,PTBA,RG,3670,8,D,CC,OD,D
10:28:20,PTBA,RG,3670,2,D,CC,OD,D
10:28:20,PTBA,RG,3670,1,D,CC,MK,D
10:28:20,PTBA,RG,3670,43,D,CC,YU,F
10:28:20,PTBA,RG,3670,7,D,CC,CS,F
10:28:20,PTBA,RG,3670,40,D,CC,YU,F
10:28:20,PTBA,RG,3670,10,D,CC,CS,F
10:28:20,PTBA,RG,3670,49,D,CC,NI,D
10:28:20,PTBA,RG,3670,33,D,CC,YU,F
10:28:20,PTBA,RG,3670,526,D,CC,BK,F
10:28:20,PTBA,RG,3670,6,D,CC,CS,F
10:28:20,PTBA,RG,3670,26,D,CC,YU,F
10:28:20,PTBA,RG,3670,2,D,CC,PD,D
10:28:20,PTBA,RG,3670,4,D,CC,CS,F
10:28:20,PTBA,RG,3670,25,D,CC,YP,D
10:28:20,PTBA,RG,3670,10,D,CC,EP,D
10:28:20,PTBA,RG,3670,1,D,CC,AK,F
10:28:20,PTBA,RG,3670,1,D,CC,YP,D
10:28:20,PTBA,RG,3670,6,D,CC,CS,F
10:28:20,PTBA,RG,3670,4,D,CC,AK,F
10:28:20,PTBA,RG,3670,1,D,CC,CS,F
10:28:20,PTBA,RG,3670,244,D,CC,AK,F
10:28:20,PTBA,RG,3670,1,D,CC,AK,F
10:28:20,PTBA,RG,3670,4,D,CC,AK,F
10:28:20,PTBA,RG,3670,45,D,CC,PD,D
10:28:20,PTBA,RG,3670,1,D,CC,AK,F
10:28:20,PTBA,RG,3670,4,D,CC,AK,F
10:28:20,PTBA,RG,3670,10,D,CC,DX,D
10:28:20,PTBA,RG,3670,65,D,CC,XC,D
10:28:20,PTBA,RG,3670,11,D,CC,XC,D
10:28:20,PTBA,RG,3670,10,D,CC,DH,D
10:28:20,PTBA,RG,3670,50,D,CC,PD,D
10:28:20,PTBA,RG,3670,1,D,CC,KK,D
10:28:20,PTBA,RG,3670,10,D,CC,PD,D
10:28:20,PTBA,RG,3670,7,D,CC,NI,D
10:28:20,PTBA,RG,3670,3,D,CC,PD,D
10:28:20,PTBA,RG,3670,30,D,CC,PD,D
10:28:20,PTBA,RG,3670,500,D,CC,SQ,D
10:28:20,PTBA,RG,3670,2,D,CC,EP,D
10:28:20,PTBA,RG,3670,3,D,CC,YP,D
10:28:20,PTBA,RG,3670,30,D,CC,XC,D
10:28:20,PTBA,RG,3670,2,D,CC,AZ,F
10:28:20,PTBA,RG,3670,10,D,CC,RG,D
10:28:20,PTBA,RG,3670,50,D,CC,XC,D
10:28:20,PTBA,RG,3670,163,D,CC,CC,D
10:28:20,PTBA,RG,3670,1,D,CC,PD,D
10:28:20,PTBA,RG,3670,3,D,CC,YP,D
10:28:20,PTBA,RG,3670,1000,D,CC,BQ,D
10:28:20,PTBA,RG,3670,25,D,CC,XA,D
10:28:20,PTBA,RG,3670,250,D,CC,YP,D
10:28:20,PTBA,RG,3670,292,D,CC,YB,D
10:28:06,PTBA,RG,3660,10,F,CS,AK,F
10:28:04,PTBA,RG,3660,3,F,CS,PD,D
10:27:31,PTBA,RG,3670,5,D,DR,YB,D
10:27:28,PTBA,RG,3660,3,F,CS,XL,D
10:27:26,PTBA,RG,3660,2,F,CS,OD,D
10:26:54,PTBA,RG,3660,1,F,CS,PD,D
10:26:44,PTBA,RG,3660,108,F,CS,EP,D
10:26:36,PTBA,RG,3670,2,D,DR,YB,D
10:26:30,PTBA,RG,3660,2,F,CS,OD,D
10:26:09,PTBA,RG,3660,44,F,CS,GR,D
10:26:09,PTBA,RG,3660,5,F,ZP,GR,D
10:26:09,PTBA,RG,3660,27,D,SQ,GR,D
10:26:07,PTBA,RG,3660,10,D,SQ,GR,D
10:26:05,PTBA,RG,3670,2,D,PD,YB,D
10:25:59,PTBA,RG,3660,7,D,SQ,KK,D
10:25:56,PTBA,RG,3660,10,D,SQ,NI,D
10:25:55,PTBA,RG,3660,1,D,SQ,YP,D
10:25:32,PTBA,RG,3660,3,D,SQ,OD,D
10:25:22,PTBA,RG,3660,42,D,SQ,NI,D
10:25:22,PTBA,RG,3660,28,D,OD,NI,D
10:24:32,PTBA,RG,3660,2,D,OD,OD,D
10:24:10,PTBA,RG,3660,10,D,OD,XC,D
10:23:51,PTBA,RG,3660,1,D,OD,CC,D
10:23:41,PTBA,RG,3660,150,D,OD,YP,D
10:23:39,PTBA,RG,3660,5,D,OD,YP,D
10:23:38,PTBA,RG,3670,1,D,XC,YB,D
10:23:36,PTBA,RG,3660,85,D,OD,BQ,D
10:23:34,PTBA,RG,3660,2,D,OD,OD,D
10:23:34,PTBA,RG,3660,20,D,OD,EP,D
10:23:33,PTBA,RG,3670,1,D,PD,YB,D
10:23:25,PTBA,RG,3660,3,D,OD,YP,D
10:23:09,PTBA,RG,3660,3,D,OD,NI,D
10:22:35,PTBA,RG,3660,1,D,OD,XC,D
10:22:32,PTBA,RG,3660,2,D,OD,OD,D
10:22:29,PTBA,RG,3660,4,D,OD,XC,D
10:22:12,PTBA,RG,3660,1,D,OD,NI,D
10:22:07,PTBA,RG,3670,1,D,XC,YB,D
10:21:58,PTBA,RG,3670,1,D,XL,YB,D
10:21:51,PTBA,RG,3660,1,D,OD,XL,D
10:21:49,PTBA,RG,3660,25,D,OD,CC,D
10:21:48,PTBA,RG,3660,450,D,OD,GR,D
10:21:48,PTBA,RG,3660,17,D,OD,GR,D
10:21:48,PTBA,RG,3660,33,D,OD,GR,D
10:21:45,PTBA,RG,3660,10,D,OD,CC,D
10:21:34,PTBA,RG,3660,2,D,OD,OD,D
10:21:23,PTBA,RG,3660,3,D,OD,PD,D
10:21:20,PTBA,RG,3660,245,D,OD,PD,D
10:21:20,PTBA,RG,3660,255,D,OD,PD,D
10:20:48,PTBA,RG,3660,20,D,OD,EP,D
10:20:36,PTBA,RG,3660,80,D,OD,OD,D
10:20:32,PTBA,RG,3660,2,D,OD,OD,D
10:20:27,PTBA,RG,3660,1,D,OD,NI,D
10:20:12,PTBA,RG,3660,20,D,OD,XL,D
10:20:11,PTBA,RG,3670,18,D,GR,YB,D
10:20:07,PTBA,RG,3660,1,D,OD,PD,D
10:19:46,PTBA,RG,3670,3,D,XC,YB,D
10:19:34,PTBA,RG,3660,2,D,OD,OD,D
10:19:22,PTBA,RG,3670,6,D,XC,YB,D
10:19:07,PTBA,RG,3670,33,D,EP,YB,D
10:19:06,PTBA,RG,3660,1,D,OD,NI,D
10:18:32,PTBA,RG,3660,3,D,OD,OD,D
10:18:13,PTBA,RG,3660,1,D,OD,NI,D
10:18:02,PTBA,RG,3660,4,D,OD,YB,D
10:17:49,PTBA,RG,3660,22,D,OD,YP,D
10:17:32,PTBA,RG,3660,2,D,OD,OD,D
10:17:28,PTBA,RG,3670,24,D,XL,YB,D
10:17:20,PTBA,RG,3660,1,D,OD,NI,D
10:17:11,PTBA,RG,3670,5,D,PD,YB,D
10:16:55,PTBA,RG,3670,2,D,AT,YB,D
10:16:53,PTBA,RG,3670,75,D,EP,YB,D
10:16:45,PTBA,RG,3670,5,D,PD,YB,D
10:16:19,PTBA,RG,3670,22,D,XC,YB,D
10:16:10,PTBA,RG,3660,20,D,OD,PD,D
10:16:09,PTBA,RG,3660,10,D,OD,DH,D
10:16:05,PTBA,RG,3670,2,D,XC,YB,D
10:15:54,PTBA,RG,3660,1,D,OD,XC,D
10:15:43,PTBA,RG,3660,5,D,OD,KK,D
10:15:42,PTBA,RG,3660,2,D,OD,OD,D
10:15:42,PTBA,RG,3660,5,D,OD,PD,D
10:15:42,PTBA,RG,3660,16,D,OD,DH,D
10:15:42,PTBA,RG,3660,14,D,OD,CS,F
10:15:42,PTBA,RG,3660,48,D,OD,YU,F
10:15:42,PTBA,RG,3660,20,D,OD,AT,D
10:15:42,PTBA,RG,3660,3,D,OD,PD,D
10:15:42,PTBA,RG,3660,13,D,OD,YP,D
10:15:42,PTBA,RG,3660,8,D,OD,PD,D
10:15:42,PTBA,RG,3660,5,D,OD,YP,D
10:15:42,PTBA,RG,3660,1,D,OD,NI,D
10:15:42,PTBA,RG,3660,62,D,OD,HD,D
10:15:40,PTBA,RG,3660,1,D,PD,HD,D
10:15:39,PTBA,RG,3660,87,D,IH,HD,D
10:15:39,PTBA,RG,3660,1,D,IH,KK,D
10:15:39,PTBA,RG,3660,2,D,IH,NI,D
10:15:39,PTBA,RG,3660,10,D,IH,YU,F
10:15:36,PTBA,RG,3650,3,D,YU,OD,D
10:15:31,PTBA,RG,3660,10,D,GR,YU,F
10:15:29,PTBA,RG,3650,1,D,YU,NI,D
10:15:19,PTBA,RG,3660,7,F,ZP,YU,F
10:15:14,PTBA,RG,3660,6,D,PD,YU,F
10:15:06,PTBA,RG,3660,1,D,YP,YU,F
10:15:06,PTBA,RG,3660,1,D,YP,XC,D
10:15:06,PTBA,RG,3660,1,D,YP,AK,F
10:15:06,PTBA,RG,3660,17,D,YP,OD,D
10:14:59,PTBA,RG,3660,13,D,PD,OD,D
10:14:59,PTBA,RG,3660,7,D,PD,CS,F
10:14:54,PTBA,RG,3660,1,D,PD,CS,F
10:14:54,PTBA,RG,3660,5,D,PD,AK,F
10:14:54,PTBA,RG,3660,20,D,PD,KK,D
10:14:54,PTBA,RG,3660,2,D,PD,DR,D
10:14:53,PTBA,RG,3660,48,D,YP,DR,D
10:14:53,PTBA,RG,3660,44,D,YP,YU,F
10:14:53,PTBA,RG,3660,8,D,YP,XL,D
10:14:39,PTBA,RG,3660,2,D,YP,XL,D
10:14:39,PTBA,RG,3660,6,D,YP,AK,F
10:14:39,PTBA,RG,3660,2,D,YP,SQ,D
10:14:36,PTBA,RG,3650,3,D,YU,OD,D
10:14:35,PTBA,RG,3660,9,F,ZP,SQ,D
10:14:30,PTBA,RG,3660,10,D,EP,SQ,D
10:14:29,PTBA,RG,3660,4,D,NI,SQ,D
10:14:21,PTBA,RG,3650,29,D,YU,NI,D
10:14:08,PTBA,RG,3660,30,D,PD,SQ,D
10:14:07,PTBA,RG,3660,1,D,NI,SQ,D
10:13:57,PTBA,RG,3660,2,D,PD,SQ,D
10:13:47,PTBA,RG,3660,42,D,YB,SQ,D
10:13:47,PTBA,RG,3660,2,D,YB,GR,D
10:13:47,PTBA,RG,3660,1,D,YB,KK,D
10:13:47,PTBA,RG,3660,50,D,YB,PD,D
10:13:47,PTBA,RG,3660,4,D,YB,AK,F
10:13:47,PTBA,RG,3660,1,D,YB,YJ,D
10:13:45,PTBA,RG,3660,439,F,AK,YJ,D
10:13:45,PTBA,RG,3660,3,F,AK,PD,D
10:13:45,PTBA,RG,3660,1,F,AK,KK,D
10:13:45,PTBA,RG,3660,10,F,AK,PD,D
10:13:45,PTBA,RG,3660,4,F,AK,PD,D
10:13:45,PTBA,RG,3660,4,F,AK,XC,D
10:13:45,PTBA,RG,3660,1,F,AK,BQ,D
10:13:45,PTBA,RG,3660,20,F,AK,GR,D
10:13:45,PTBA,RG,3660,18,F,AK,YP,D
10:13:45,PTBA,RG,3660,15,F,ZP,YP,D
10:13:45,PTBA,RG,3660,6,F,ZP,SQ,D
10:13:45,PTBA,RG,3660,494,D,OD,SQ,D
10:13:45,PTBA,RG,3660,1,D,OD,PD,D
10:13:45,PTBA,RG,3660,20,D,OD,CC,D
10:13:45,PTBA,RG,3660,5,D,OD,AI,D
10:13:45,PTBA,RG,3660,50,D,OD,BQ,D
10:13:45,PTBA,RG,3660,12,D,OD,EP,D
10:13:45,PTBA,RG,3660,100,D,OD,HD,D
10:13:45,PTBA,RG,3660,11,D,OD,YP,D
10:13:45,PTBA,RG,3660,100,D,OD,PD,D
10:13:45,PTBA,RG,3660,3,D,OD,PD,D
10:13:45,PTBA,RG,3660,14,D,OD,OD,D
10:13:45,PTBA,RG,3660,32,D,OD,DH,D
10:13:45,PTBA,RG,3660,8,D,OD,XC,D
10:13:45,PTBA,RG,3660,13,D,OD,EP,D
10:13:45,PTBA,RG,3660,2,D,OD,YP,D
10:13:45,PTBA,RG,3660,2,D,OD,PD,D
10:13:45,PTBA,RG,3660,13,D,OD,YB,D
10:13:45,PTBA,RG,3660,1,D,OD,PD,D
10:13:45,PTBA,RG,3660,10,D,OD,NI,D
10:13:45,PTBA,RG,3660,3,D,OD,YP,D
10:13:45,PTBA,RG,3660,209,D,OD,BQ,D
10:13:45,PTBA,RG,3660,648,D,OD,BQ,D
10:13:44,PTBA,RG,3660,10,D,YP,BQ,D
10:13:41,PTBA,RG,3650,79,D,YU,NI,D
10:13:36,PTBA,RG,3650,4,D,YU,OD,D
10:13:20,PTBA,RG,3660,45,D,KK,BQ,D
10:12:58,PTBA,RG,3660,5,D,XC,BQ,D
10:12:48,PTBA,RG,3660,30,D,SQ,BQ,D
10:12:38,PTBA,RG,3650,1,D,YU,NI,D
10:12:38,PTBA,RG,3650,4,D,DH,OD,D
10:12:37,PTBA,RG,3660,12,D,OD,BQ,D
10:12:11,PTBA,RG,3660,1,D,CC,BQ,D
10:11:49,PTBA,RG,3660,2,D,CC,BQ,D
10:11:48,PTBA,RG,3650,1,D,DH,PD,D
10:11:40,PTBA,RG,3660,2,D,MG,BQ,D
10:11:38,PTBA,RG,3650,3,D,DH,OD,D
10:11:35,PTBA,RG,3660,2,D,PD,BQ,D
10:11:27,PTBA,RG,3660,20,D,SQ,BQ,D
10:11:01,PTBA,RG,3660,14,D,DR,BQ,D
10:10:51,PTBA,RG,3650,2,D,DH,NI,D
10:10:34,PTBA,RG,3650,4,D,DH,OD,D
10:10:30,PTBA,RG,3650,2,D,DH,XC,D
10:09:48,PTBA,RG,3650,1,D,DH,NI,D
10:09:37,PTBA,RG,3650,3,D,DH,CC,D
10:09:37,PTBA,RG,3650,7,F,ZP,CC,D
10:09:34,PTBA,RG,3650,1,F,ZP,LG,D
10:09:31,PTBA,RG,3650,1,F,ZP,CC,D
10:09:25,PTBA,RG,3650,5,F,ZP,CC,D
10:09:25,PTBA,RG,3650,245,D,KK,CC,D
10:09:24,PTBA,RG,3650,1,D,KK,XL,D
10:09:10,PTBA,RG,3650,1,D,KK,NI,D
10:08:59,PTBA,RG,3650,1,D,KK,XC,D
10:08:57,PTBA,RG,3650,2,D,KK,OD,D
10:08:50,PTBA,RG,3650,2,D,NI,OD,D
10:08:50,PTBA,RG,3650,1,D,NI,XC,D
10:08:46,PTBA,RG,3650,2,D,PD,XC,D
10:08:45,PTBA,RG,3640,50,D,YP,YP,D
10:08:42,PTBA,RG,3640,1,D,YP,CC,D
10:08:27,PTBA,RG,3640,2,D,YP,NI,D
10:08:26,PTBA,RG,3650,1,D,CC,XC,D
10:08:22,PTBA,RG,3640,1,D,YP,XL,D
10:08:13,PTBA,RG,3650,9,F,BK,CS,F
10:08:12,PTBA,RG,3650,17,F,BK,CS,F
10:08:12,PTBA,RG,3650,1,F,BK,AK,F
10:08:12,PTBA,RG,3650,2,F,BK,AK,F
10:08:12,PTBA,RG,3650,5,F,BK,OD,D
10:08:12,PTBA,RG,3650,3,F,BK,YP,D
10:08:12,PTBA,RG,3650,3,F,BK,KK,D
10:08:12,PTBA,RG,3650,3,F,BK,XL,D
10:08:12,PTBA,RG,3650,1,F,BK,XC,D
10:08:12,PTBA,RG,3650,10,F,BK,XC,D
10:08:12,PTBA,RG,3650,7,F,BK,PD,D
10:08:12,PTBA,RG,3650,47,F,BK,YU,F
10:08:12,PTBA,RG,3650,10,F,BK,PD,D
10:08:12,PTBA,RG,3650,6,F,BK,AK,F
10:08:12,PTBA,RG,3650,2,F,BK,XC,D
10:08:12,PTBA,RG,3650,40,F,BK,CC,D
10:08:12,PTBA,RG,3650,6,F,BK,XC,D
10:08:12,PTBA,RG,3650,2,F,BK,EP,D
10:08:12,PTBA,RG,3650,4,F,BK,PD,D
10:08:12,PTBA,RG,3650,2,F,BK,YP,D
10:08:12,PTBA,RG,3650,1,F,BK,XL,D
10:08:12,PTBA,RG,3650,5,F,BK,XL,D
10:08:12,PTBA,RG,3650,7,F,BK,AK,F
10:08:12,PTBA,RG,3650,34,F,BK,YU,F
10:08:12,PTBA,RG,3650,11,F,BK,CS,F
10:08:12,PTBA,RG,3650,4,F,BK,CC,F
10:08:12,PTBA,RG,3650,10,F,BK,BQ,D
10:08:12,PTBA,RG,3650,35,F,BK,YU,F
10:08:12,PTBA,RG,3650,2,F,BK,GR,D
10:08:12,PTBA,RG,3650,9,F,BK,CS,F
10:08:12,PTBA,RG,3650,160,F,BK,XC,D
10:08:12,PTBA,RG,3650,23,F,BK,AK,F
10:08:12,PTBA,RG,3650,10,F,BK,PD,D
10:08:12,PTBA,RG,3650,1,F,BK,NI,D
10:08:12,PTBA,RG,3650,9,F,BK,YP,D
10:08:12,PTBA,RG,3650,90,F,ZP,YP,D
10:08:11,PTBA,RG,3650,81,F,AK,YP,D
10:08:11,PTBA,RG,3650,5,F,AK,CS,F
10:08:11,PTBA,RG,3650,6,F,AK,CS,F
10:08:11,PTBA,RG,3650,3,F,AK,DR,D
10:08:11,PTBA,RG,3650,28,F,AK,YU,F
10:08:11,PTBA,RG,3650,14,F,AK,CS,F
10:08:11,PTBA,RG,3650,8,F,AK,YP,D
10:08:11,PTBA,RG,3650,1,F,AK,PD,D
10:08:11,PTBA,RG,3650,5,F,AK,KK,D
10:08:11,PTBA,RG,3650,1,F,AK,XC,D
10:08:11,PTBA,RG,3650,15,F,AK,CC,D
10:08:11,PTBA,RG,3650,2,F,AK,PD,D
10:08:11,PTBA,RG,3650,13,F,AK,CC,D
10:08:11,PTBA,RG,3650,1,F,AK,XC,D
10:08:11,PTBA,RG,3650,317,F,AK,CP,D
10:08:11,PTBA,RG,3650,500,F,AK,CP,D
10:08:10,PTBA,RG,3650,183,F,AK,CP,D
10:08:10,PTBA,RG,3650,3,F,AK,YP,D
10:08:10,PTBA,RG,3650,134,F,AK,PD,D
10:08:10,PTBA,RG,3650,20,F,AK,LG,D
10:08:10,PTBA,RG,3650,1,F,AK,YP,D
10:08:10,PTBA,RG,3650,3,F,AK,PD,D
10:08:10,PTBA,RG,3650,10,F,AK,PD,D
10:08:10,PTBA,RG,3650,1,F,AK,AK,F
10:08:10,PTBA,RG,3650,3,F,AK,NI,D
10:08:10,PTBA,RG,3650,5,F,AK,MK,D
10:08:10,PTBA,RG,3650,13,F,AK,KK,D
10:08:10,PTBA,RG,3650,25,F,AK,EP,D
10:08:10,PTBA,RG,3650,63,F,AK,DX,D
10:08:10,PTBA,RG,3650,36,F,AK,SQ,D
10:08:09,PTBA,RG,3650,14,F,AK,SQ,D
10:08:09,PTBA,RG,3650,13,F,AK,CC,D
10:08:09,PTBA,RG,3650,3,F,AK,YP,D
10:08:09,PTBA,RG,3650,10,F,AK,KK,D
10:08:09,PTBA,RG,3650,20,F,AK,PD,D
10:08:09,PTBA,RG,3650,1,F,AK,AK,F
10:08:09,PTBA,RG,3650,11,F,AK,DR,D
10:08:09,PTBA,RG,3650,4,F,AK,PD,D
10:08:09,PTBA,RG,3650,1,F,AK,AK,F
10:08:09,PTBA,RG,3650,423,F,AK,YJ,D
10:07:48,PTBA,RG,3640,1,D,YP,NI,D
10:07:45,PTBA,RG,3640,2,D,YP,AK,F
10:07:43,PTBA,RG,3650,2,D,XL,YJ,D
10:07:43,PTBA,RG,3640,2,D,YP,NI,D
10:07:30,PTBA,RG,3640,4,D,YP,OD,D
10:06:45,PTBA,RG,3650,3,D,AZ,YJ,D
10:06:39,PTBA,RG,3650,2,D,EP,YJ,D
10:06:38,PTBA,RG,3650,5,D,DR,YJ,D
