Time,Stock,Brd,Price,Qty,BT,BC,SC,ST
15:11:37,PTBA,RG,3660,1,D,CP,CC,D
15:11:14,PTBA,RG,3660,20,D,CP,PD,D
15:10:07,PTBA,RG,3660,10,D,CP,SH,D
15:09:06,PTBA,RG,3660,100,D,CP,OD,D
15:07:12,PTBA,RG,3660,1,D,CP,PD,D
15:07:09,PTBA,RG,3660,1,D,CP,XC,D
15:07:00,PTBA,RG,3660,3,D,CP,XC,D
15:05:46,PTBA,RG,3660,244,D,CP,YB,D
15:05:46,PTBA,RG,3660,5,D,GR,YB,D
15:05:46,PTBA,RG,3660,7,D,EP,YB,D
15:05:46,PTBA,RG,3660,44,D,MG,YB,D
15:05:19,PTBA,RG,3660,30,D,MG,YU,D
15:04:28,PTBA,RG,3660,17,D,MG,KK,D
15:04:20,PTBA,RG,3660,84,D,MG,CC,D
15:04:20,PTBA,RG,3660,10,D,EP,CC,D
15:04:20,PTBA,RG,3660,1,D,XL,CC,D
15:04:20,PTBA,RG,3660,50,D,EP,CC,D
15:04:20,PTBA,RG,3660,5,D,KK,CC,D
15:04:20,PTBA,RG,3660,40,D,YP,CC,D
15:03:14,PTBA,RG,3660,160,D,YP,KK,D
15:03:08,PTBA,RG,3660,500,D,YP,YP,D
15:02:41,PTBA,RG,3660,2,D,YP,PD,D
15:02:10,PTBA,RG,3660,229,D,YP,YP,D
15:02:10,PTBA,RG,3660,21,D,PD,YP,D
15:02:08,PTBA,RG,3660,79,D,PD,CC,D
15:02:08,PTBA,RG,3660,21,D,YP,CC,D
15:01:56,PTBA,RG,3660,3,D,YP,PD,D
15:01:47,PTBA,RG,3660,1,D,YP,XC,D
15:01:47,PTBA,RG,3660,2,D,YP,XC,D
15:01:47,PTBA,RG,3660,1,D,AZ,XC,D
15:01:36,PTBA,RG,3660,1,D,AZ,XC,D
15:01:28,PTBA,RG,3660,1,D,AZ,YP,D
15:01:28,PTBA,RG,3660,1,D,XC,YP,D
15:01:28,PTBA,RG,3660,2,D,YP,YP,D
15:01:28,PTBA,RG,3660,1,D,XC,YP,D
15:01:06,PTBA,RG,3660,10,D,PD,YP,D
15:01:06,PTBA,RG,3660,240,F,BK,YP,D
15:01:03,PTBA,RG,3660,1,F,BK,NI,D
15:01:00,PTBA,RG,3660,1,F,BK,XC,D
15:00:00,PTBA,RG,3660,248,F,BK,PD,D
15:00:00,PTBA,RG,3660,2,F,BK,PD,D
15:00:00,PTBA,RG,3660,250,F,BK,AG,D
15:00:00,PTBA,RG,3660,30,F,BK,PD,D
15:00:00,PTBA,RG,3660,20,F,CC,PD,D
15:00:00,PTBA,RG,3660,1,F,CC,OD,D
15:00:00,PTBA,RG,3660,20,F,CC,YU,D
15:00:00,PTBA,RG,3660,6,F,CC,YU,D
15:00:00,PTBA,RG,3660,1,D,YP,YU,D
15:00:00,PTBA,RG,3660,1,D,CC,YU,D
15:00:00,PTBA,RG,3660,4,D,YP,YU,D
15:00:00,PTBA,RG,3660,5,D,NI,YU,D
15:00:00,PTBA,RG,3660,5,D,BQ,YU,D
15:00:00,PTBA,RG,3660,2,D,YP,YU,D
15:00:00,PTBA,RG,3660,2,D,KK,YU,D
15:00:00,PTBA,RG,3660,100,D,RO,YU,D
15:00:00,PTBA,RG,3660,1,D,PD,YU,D
15:00:00,PTBA,RG,3660,20,D,XA,YU,D
15:00:00,PTBA,RG,3660,50,D,SQ,YU,D
15:00:00,PTBA,RG,3660,1,D,XL,YU,D
15:00:00,PTBA,RG,3660,5,D,YP,YU,D
15:00:00,PTBA,RG,3660,7,D,CC,YU,D
15:00:00,PTBA,RG,3660,300,D,OD,YU,D
15:00:00,PTBA,RG,3660,1,D,CC,YU,D
15:00:00,PTBA,RG,3660,1,D,YP,YU,D
15:00:00,PTBA,RG,3660,1,D,XL,YU,D
15:00:00,PTBA,RG,3660,87,D,YP,YU,D
15:00:00,PTBA,RG,3660,13,D,YP,YB,D
15:00:00,PTBA,RG,3660,2,D,AZ,YB,D
15:00:00,PTBA,RG,3660,10,D,YP,YB,D
15:00:00,PTBA,RG,3660,4,D,DR,YB,D
15:00:00,PTBA,RG,3660,5,D,CC,YB,D
15:00:00,PTBA,RG,3660,76,D,CC,YB,D
15:00:00,PTBA,RG,3660,47,F,BK,YB,D
15:00:00,PTBA,RG,3660,339,F,BK,BK,F
15:00:00,PTBA,RG,3660,20,D,LG,BK,F
15:00:00,PTBA,RG,3660,3,D,YP,BK,F
15:00:00,PTBA,RG,3660,20,D,PD,BK,F
15:00:00,PTBA,RG,3660,2,D,YP,BK,F
15:00:00,PTBA,RG,3660,3,D,NI,BK,F
15:00:00,PTBA,RG,3660,1,D,XC,BK,F
15:00:00,PTBA,RG,3660,1,D,PD,BK,F
15:00:00,PTBA,RG,3660,8,D,CD,BK,F
15:00:00,PTBA,RG,3660,500,D,MG,BK,F
15:00:00,PTBA,RG,3660,30,D,PD,BK,F
15:00:00,PTBA,RG,3660,3,D,AZ,BK,F
15:00:00,PTBA,RG,3660,100,D,HD,BK,F
15:00:00,PTBA,RG,3660,1,D,PD,BK,F
15:00:00,PTBA,RG,3660,5,D,PD,BK,F
15:00:00,PTBA,RG,3660,50,D,DR,BK,F
15:00:00,PTBA,RG,3660,1,D,YP,BK,F
15:00:00,PTBA,RG,3660,20,D,YP,BK,F
15:00:00,PTBA,RG,3660,1,D,XC,BK,F
15:00:00,PTBA,RG,3660,1,D,YP,BK,F
15:00:00,PTBA,RG,3660,2,D,EP,BK,F
15:00:00,PTBA,RG,3660,24,D,YP,BK,F
15:00:00,PTBA,RG,3660,1,D,CC,BK,F
15:00:00,PTBA,RG,3660,28,D,SQ,BK,F
15:00:00,PTBA,RG,3660,5,D,XC,BK,F
15:00:00,PTBA,RG,3660,1,D,NI,BK,F
15:00:00,PTBA,RG,3660,72,F,AK,BK,F
15:00:00,PTBA,RG,3660,25,D,MG,BK,F
15:00:00,PTBA,RG,3660,2,D,YP,BK,F
15:00:00,PTBA,RG,3660,25,D,MG,BK,F
15:00:00,PTBA,RG,3660,2,D,NI,BK,F
15:00:00,PTBA,RG,3660,1,D,PD,BK,F
15:00:00,PTBA,RG,3660,1337,F,BK,BK,F
15:00:00,PTBA,RG,3660,72,F,ZP,BK,F
15:00:00,PTBA,RG,3660,3,F,ZP,BK,F
15:00:00,PTBA,RG,3660,76,F,ZP,BK,F
15:00:00,PTBA,RG,3660,19,F,ZP,BK,F
15:00:00,PTBA,RG,3660,22,F,ZP,ZP,F
15:00:00,PTBA,RG,3660,162,F,KZ,ZP,F
15:00:00,PTBA,RG,3660,76,D,KZ,ZP,F
15:00:00,PTBA,RG,3660,5,D,KZ,KZ,D
15:00:00,PTBA,RG,3660,9,D,KZ,KZ,D
15:00:00,PTBA,RG,3660,7,D,CC,KZ,D
15:00:00,PTBA,RG,3660,8,F,YU,KZ,D
15:00:00,PTBA,RG,3660,72,F,YU,KZ,D
15:00:00,PTBA,RG,3660,19,F,YU,KZ,D
15:00:00,PTBA,RG,3660,10,F,YU,KZ,D
15:00:00,PTBA,RG,3660,9,F,YU,KZ,D
15:00:00,PTBA,RG,3660,42,F,YU,BK,F
15:00:00,PTBA,RG,3660,211,F,YU,BK,F
15:00:00,PTBA,RG,3660,72,F,YU,BK,F
15:00:00,PTBA,RG,3660,19,F,YU,BK,F
15:00:00,PTBA,RG,3660,19,F,YU,BK,F
15:00:00,PTBA,RG,3660,69,F,YU,BK,F
15:00:00,PTBA,RG,3660,70,D,RX,BK,F
15:00:00,PTBA,RG,3660,1,D,RX,YU,F
15:00:00,PTBA,RG,3660,11,D,RX,AK,F
15:00:00,PTBA,RG,3660,4,D,AZ,AK,F
15:00:00,PTBA,RG,3660,3,D,AZ,AK,F
15:00:00,PTBA,RG,3660,7,D,AZ,AK,F
15:00:00,PTBA,RG,3660,7,D,AZ,AK,F
14:49:56,PTBA,RG,3670,2,F,BK,PD,D
14:49:52,PTBA,RG,3670,5,F,BK,PD,D
14:49:48,PTBA,RG,3660,15,D,SQ,XC,D
14:49:48,PTBA,RG,3670,2,D,CC,PD,D
14:49:48,PTBA,RG,3670,1,F,BK,PD,D
14:49:47,PTBA,RG,3660,1,D,SQ,AK,F
14:49:47,PTBA,RG,3660,1,D,SQ,AK,F
14:49:32,PTBA,RG,3670,1,F,BK,PD,D
14:49:29,PTBA,RG,3660,2,D,SQ,BK,F
14:49:28,PTBA,RG,3670,2,F,BK,PD,D
14:49:16,PTBA,RG,3670,3,F,KZ,PD,D
14:49:16,PTBA,RG,3670,8,F,YU,PD,D
14:49:16,PTBA,RG,3670,2,F,KZ,PD,D
14:49:16,PTBA,RG,3670,8,F,YU,PD,D
14:49:16,PTBA,RG,3670,3,D,YP,PD,D
14:49:16,PTBA,RG,3670,18,F,YU,PD,D
14:49:16,PTBA,RG,3670,107,F,BK,PD,D
14:49:16,PTBA,RG,3670,90,F,BK,PD,D
14:49:14,PTBA,RG,3680,1,F,KZ,CP,D
14:49:12,PTBA,RG,3670,20,F,BK,XL,D
14:49:12,PTBA,RG,3670,7,F,YU,XL,D
14:49:12,PTBA,RG,3670,3,F,KZ,XL,D
14:49:11,PTBA,RG,3680,1,F,KZ,CP,D
14:49:09,PTBA,RG,3680,38,F,BK,CP,D
14:49:09,PTBA,RG,3670,1,F,KZ,BB,D
14:49:08,PTBA,RG,3680,1,F,KZ,CP,D
14:49:07,PTBA,RG,3680,17,F,BK,CP,D
14:49:06,PTBA,RG,3680,20,F,YU,CP,D
14:49:06,PTBA,RG,3680,3,F,KZ,CP,D
14:49:06,PTBA,RG,3680,149,F,BK,CP,D
14:49:03,PTBA,RG,3680,17,F,BK,CP,D
14:49:03,PTBA,RG,3680,34,F,YU,CP,D
14:49:03,PTBA,RG,3680,8,F,KZ,CP,D
14:49:01,PTBA,RG,3680,45,F,BK,CP,D
14:49:01,PTBA,RG,3680,15,F,BK,PD,D
14:49:01,PTBA,RG,3680,8,F,BK,HP,D
14:49:01,PTBA,RG,3680,229,F,BK,PD,D
14:49:01,PTBA,RG,3680,3,F,KZ,PD,D
14:49:00,PTBA,RG,3680,18,F,YU,PD,D
14:49:00,PTBA,RG,3680,17,F,YU,OD,D
14:49:00,PTBA,RG,3680,59,F,BK,OD,D
14:48:59,PTBA,RG,3670,1,F,KZ,XC,D
14:48:58,PTBA,RG,3680,5,F,YU,OD,D
14:48:58,PTBA,RG,3680,19,F,YU,OD,D
14:48:58,PTBA,RG,3670,3,F,YU,AZ,D
14:48:58,PTBA,RG,3670,40,F,YU,PD,D
14:48:58,PTBA,RG,3670,2,F,YU,XC,D
14:48:58,PTBA,RG,3670,20,F,YU,GR,D
14:48:58,PTBA,RG,3670,131,F,YU,YP,D
14:48:58,PTBA,RG,3670,19,F,KZ,YP,D
14:48:58,PTBA,RG,3660,1,D,SQ,AK,F
14:48:56,PTBA,RG,3660,27,F,AK,MG,D
14:48:56,PTBA,RG,3660,1,F,AK,AK,F
14:48:56,PTBA,RG,3660,155,F,AK,YP,D
14:48:56,PTBA,RG,3660,342,F,AK,BK,F
14:48:56,PTBA,RG,3660,4,F,AK,AK,F
14:48:56,PTBA,RG,3660,2,F,AK,AK,F
14:48:56,PTBA,RG,3660,2,F,AK,PD,D
14:48:56,PTBA,RG,3660,8,F,AK,BK,F
14:48:56,PTBA,RG,3660,135,F,AK,FZ,D
14:48:56,PTBA,RG,3660,359,F,AK,BK,F
14:48:56,PTBA,RG,3660,12,F,AK,BB,D
14:48:56,PTBA,RG,3660,24,F,KZ,BB,D
14:48:56,PTBA,RG,3660,62,F,BK,BB,D
14:48:56,PTBA,RG,3660,717,F,BK,BB,D
14:48:56,PTBA,RG,3660,283,F,BK,BK,F
14:48:55,PTBA,RG,3650,24,D,YJ,BK,F
14:48:55,PTBA,RG,3660,3,F,KZ,BK,F
14:48:55,PTBA,RG,3660,62,F,BK,BK,F
14:48:55,PTBA,RG,3660,1,F,KZ,BK,F
14:48:55,PTBA,RG,3660,22,F,YU,BK,F
14:48:55,PTBA,RG,3660,6,F,KZ,BK,F
14:48:55,PTBA,RG,3660,165,D,KK,BK,F
14:48:53,PTBA,RG,3660,2,F,KZ,BK,F
14:48:53,PTBA,RG,3650,25,D,YJ,CC,D
14:48:53,PTBA,RG,3660,23,F,YU,BK,F
14:48:53,PTBA,RG,3660,4,F,KZ,BK,F
14:48:53,PTBA,RG,3650,83,D,YJ,ZP,F
14:48:52,PTBA,RG,3650,10,D,YJ,ZP,F
14:48:51,PTBA,RG,3660,4,F,KZ,BK,F
14:48:51,PTBA,RG,3650,92,D,YJ,BB,D
14:48:51,PTBA,RG,3660,2,D,XC,BK,F
14:48:49,PTBA,RG,3660,1,F,KZ,BK,F
14:48:49,PTBA,RG,3660,18,F,BK,BK,F
14:48:49,PTBA,RG,3660,11,F,YU,BK,F
14:48:49,PTBA,RG,3660,1,F,KZ,BK,F
14:48:49,PTBA,RG,3650,24,D,YJ,BK,F
14:48:48,PTBA,RG,3660,1,F,KZ,BK,F
14:48:48,PTBA,RG,3660,29,D,NI,BK,F
14:48:47,PTBA,RG,3660,1,F,KZ,BK,F
14:48:47,PTBA,RG,3660,18,F,BK,BK,F
14:48:45,PTBA,RG,3660,1,F,KZ,BK,F
14:48:45,PTBA,RG,3650,21,D,YJ,BK,F
14:48:45,PTBA,RG,3660,16,F,YU,BK,F
14:48:44,PTBA,RG,3660,1,F,KZ,BK,F
14:48:44,PTBA,RG,3660,10,F,YU,BK,F
14:48:43,PTBA,RG,3660,4,F,KZ,BK,F
14:48:43,PTBA,RG,3660,25,F,BK,BK,F
14:48:43,PTBA,RG,3660,2,F,KZ,BK,F
14:48:43,PTBA,RG,3650,61,D,YJ,BB,D
14:48:43,PTBA,RG,3650,1,D,NI,BB,D
14:48:43,PTBA,RG,3650,5,D,XC,BB,D
14:48:43,PTBA,RG,3650,3,D,NI,BB,D
14:48:43,PTBA,RG,3650,5,D,CC,BB,D
14:48:43,PTBA,RG,3650,3,D,PD,BB,D
14:48:43,PTBA,RG,3650,2,D,IP,BB,D
14:48:43,PTBA,RG,3650,40,D,IT,BB,D
14:48:42,PTBA,RG,3660,19,D,PD,BK,F
14:48:41,PTBA,RG,3650,5,D,IT,NI,D
14:48:41,PTBA,RG,3660,1,F,KZ,BK,F
14:48:41,PTBA,RG,3650,20,D,IT,BK,F
14:48:41,PTBA,RG,3660,1,F,KZ,BK,F
14:48:41,PTBA,RG,3650,18,D,IT,BK,F
14:48:41,PTBA,RG,3660,1,F,KZ,BK,F
14:48:39,PTBA,RG,3660,19,F,BK,BK,F
14:48:39,PTBA,RG,3660,12,F,YU,BK,F
14:48:39,PTBA,RG,3660,2,F,KZ,BK,F
14:48:39,PTBA,RG,3650,33,D,IT,BK,F
14:48:35,PTBA,RG,3660,9,D,XC,BK,F
14:48:35,PTBA,RG,3660,1,F,KZ,BK,F
14:48:35,PTBA,RG,3660,5,D,YP,BK,F
14:48:35,PTBA,RG,3660,27,F,BK,BK,F
14:48:33,PTBA,RG,3660,1,F,KZ,BK,F
14:48:33,PTBA,RG,3650,26,D,IT,NI,D
14:48:33,PTBA,RG,3660,6,F,KZ,BK,F
14:48:33,PTBA,RG,3660,12,F,YU,BK,F
14:48:32,PTBA,RG,3660,2,F,KZ,BK,F
14:48:32,PTBA,RG,3650,8,D,IT,BB,D
14:48:32,PTBA,RG,3650,106,D,OD,BB,D
14:48:32,PTBA,RG,3660,2,F,KZ,BK,F
14:48:31,PTBA,RG,3660,3,F,YU,BK,F
14:48:31,PTBA,RG,3660,9,F,YU,BK,F
14:48:31,PTBA,RG,3660,22,F,BK,BK,F
14:48:30,PTBA,RG,3650,32,D,OD,BK,F
14:48:30,PTBA,RG,3660,16,F,KZ,BK,F
14:48:29,PTBA,RG,3660,1,F,KZ,BK,F
14:48:27,PTBA,RG,3650,20,D,OD,SQ,D
14:48:27,PTBA,RG,3660,20,F,YU,BK,F
14:48:27,PTBA,RG,3660,6,F,KZ,BK,F
14:48:26,PTBA,RG,3660,13,F,KZ,BK,F
14:48:25,PTBA,RG,3660,50,D,PD,BK,F
14:48:25,PTBA,RG,3660,16,F,BK,BK,F
14:48:24,PTBA,RG,3650,30,D,OD,BK,F
14:48:24,PTBA,RG,3660,5,F,KZ,BK,F
14:48:23,PTBA,RG,3660,45,F,BK,BK,F
14:48:22,PTBA,RG,3660,10,D,SQ,BK,F
14:48:22,PTBA,RG,3660,27,F,YU,BK,F
14:48:22,PTBA,RG,3650,120,D,OD,BB,D
14:48:20,PTBA,RG,3660,63,F,KZ,BK,F
14:48:20,PTBA,RG,3650,31,D,OD,BK,F
14:48:20,PTBA,RG,3660,2,F,KZ,BK,F
14:48:20,PTBA,RG,3660,30,F,BK,BK,F
14:48:19,PTBA,RG,3660,1,D,NI,BK,F
14:48:18,PTBA,RG,3660,22,F,YU,BK,F
14:48:17,PTBA,RG,3660,148,F,KZ,BK,F
14:48:17,PTBA,RG,3660,16,F,BK,BK,F
14:48:16,PTBA,RG,3650,9,D,OD,XC,D
14:48:16,PTBA,RG,3660,2,F,KZ,BK,F
14:48:14,PTBA,RG,3660,43,F,YU,BK,F
14:48:13,PTBA,RG,3660,23,F,KZ,BK,F
14:48:12,PTBA,RG,3660,79,F,BK,BK,F
14:48:11,PTBA,RG,3660,10,F,YU,BK,F
14:48:11,PTBA,RG,3650,47,D,OD,BB,D
14:48:11,PTBA,RG,3650,2,D,EP,BB,D
14:48:11,PTBA,RG,3650,1,D,XL,BB,D
14:48:11,PTBA,RG,3650,2,D,XL,BB,D
14:48:11,PTBA,RG,3650,1,D,XL,BB,D
14:48:11,PTBA,RG,3650,15,D,OD,BB,D
14:48:11,PTBA,RG,3650,250,D,OD,BB,D
14:48:11,PTBA,RG,3650,83,D,YP,BB,D
14:48:11,PTBA,RG,3660,3,D,KK,BK,F
14:48:11,PTBA,RG,3660,3,F,KZ,BK,F
14:48:10,PTBA,RG,3660,1,D,CC,BK,F
14:48:09,PTBA,RG,3660,10,F,YU,BK,F
14:48:09,PTBA,RG,3650,37,D,YP,BK,F
14:48:04,PTBA,RG,3660,1,F,KZ,BK,F
14:48:02,PTBA,RG,3650,30,D,YP,RX,D
14:48:02,PTBA,RG,3650,1,D,YP,RX,D
14:48:02,PTBA,RG,3650,1,D,YP,RX,D
14:48:02,PTBA,RG,3650,6,D,YP,RX,D
14:47:57,PTBA,RG,3660,16,F,BK,BK,F
14:47:54,PTBA,RG,3660,11,F,YU,BK,F
14:47:53,PTBA,RG,3650,94,D,YP,XC,D
14:47:53,PTBA,RG,3650,1,D,YP,XC,D
14:47:53,PTBA,RG,3650,2,D,YP,XC,D
14:47:53,PTBA,RG,3650,3,D,CC,XC,D
14:47:53,PTBA,RG,3650,2,D,CC,PD,D
14:47:50,PTBA,RG,3660,11,F,YU,BK,F
14:47:50,PTBA,RG,3660,17,F,BK,BK,F
14:47:50,PTBA,RG,3650,16,D,CC,RX,D
14:47:47,PTBA,RG,3660,33,F,BK,BK,F
14:47:47,PTBA,RG,3650,1,D,CC,AK,F
14:47:45,PTBA,RG,3660,1,D,XC,BK,F
14:47:45,PTBA,RG,3660,40,F,YU,BK,F
14:47:44,PTBA,RG,3660,132,F,YU,BK,F
14:47:44,PTBA,RG,3660,263,F,BK,BK,F
14:47:44,PTBA,RG,3650,16,D,CC,BK,F
14:47:41,PTBA,RG,3660,430,F,AK,BK,F
14:47:41,PTBA,RG,3660,550,F,AK,BK,F
14:47:41,PTBA,RG,3660,12,F,YU,BK,F
14:47:41,PTBA,RG,3660,123,F,YU,BK,F
14:47:41,PTBA,RG,3660,148,F,BK,BK,F
14:47:41,PTBA,RG,3660,50,D,YP,BK,F
14:47:41,PTBA,RG,3660,3,D,YP,BK,F
14:47:41,PTBA,RG,3660,5,D,YP,BK,F
14:47:41,PTBA,RG,3660,1,F,KZ,BK,F
14:47:41,PTBA,RG,3660,10,D,YP,BK,F
14:47:41,PTBA,RG,3660,8,F,KZ,BK,F
14:47:41,PTBA,RG,3660,1,F,KZ,BK,F
14:47:41,PTBA,RG,3660,302,F,BK,BK,F
14:47:41,PTBA,RG,3660,8,F,KZ,BK,F
14:47:41,PTBA,RG,3660,1,D,NI,BK,F
14:47:41,PTBA,RG,3660,1,F,KZ,BK,F
14:47:41,PTBA,RG,3660,8,F,KZ,BK,F
14:47:41,PTBA,RG,3660,22,F,KZ,BK,F
14:47:41,PTBA,RG,3660,6,F,KZ,BK,F
14:47:41,PTBA,RG,3660,26,F,YU,BK,F
14:47:41,PTBA,RG,3660,1,D,PD,BK,F
14:47:41,PTBA,RG,3660,100,D,YP,BK,F
14:47:41,PTBA,RG,3660,3,D,NI,BK,F
14:47:41,PTBA,RG,3660,200,D,YP,BK,F
14:47:41,PTBA,RG,3660,5,D,XL,BK,F
14:47:41,PTBA,RG,3660,10,D,DR,BK,F
14:47:41,PTBA,RG,3660,2,D,XC,BK,F
14:47:41,PTBA,RG,3660,100,D,YP,BK,F
14:47:41,PTBA,RG,3660,2,D,XC,BK,F
14:47:41,PTBA,RG,3660,4,D,XL,BK,F
14:47:41,PTBA,RG,3660,500,D,KK,BK,F
14:47:41,PTBA,RG,3660,1,D,NI,BK,F
14:47:41,PTBA,RG,3660,1,D,NI,BK,F
14:47:41,PTBA,RG,3660,100,D,YP,BK,F
14:47:41,PTBA,RG,3660,1,D,XC,BK,F
14:47:41,PTBA,RG,3660,1,D,MG,BK,F
14:47:41,PTBA,RG,3660,2,F,YU,BK,F
14:47:41,PTBA,RG,3660,69,F,BK,BK,F
14:47:41,PTBA,RG,3660,11,D,YP,BK,F
14:47:41,PTBA,RG,3660,1,D,CC,BK,F
14:47:41,PTBA,RG,3660,1,D,AG,BK,F
14:47:41,PTBA,RG,3660,1,D,EP,BK,F
14:47:41,PTBA,RG,3660,2,D,XL,BK,F
14:47:41,PTBA,RG,3660,5,D,BQ,BK,F
14:47:41,PTBA,RG,3660,15,D,YP,BK,F
14:47:41,PTBA,RG,3660,1,D,DR,BK,F
14:47:41,PTBA,RG,3660,1,D,KK,BK,F
14:47:41,PTBA,RG,3660,1,D,EP,BK,F
14:47:41,PTBA,RG,3660,1,D,YP,BK,F
14:47:41,PTBA,RG,3660,63,D,ZP,BK,F
14:47:40,PTBA,RG,3670,15,F,YU,BK,F
14:47:40,PTBA,RG,3670,132,F,BK,BK,F
14:47:38,PTBA,RG,3670,6,F,YU,BK,F
14:47:38,PTBA,RG,3670,19,F,YU,BK,F
14:47:38,PTBA,RG,3670,126,F,BK,BK,F
14:47:36,PTBA,RG,3670,31,F,YU,BK,F
14:47:36,PTBA,RG,3670,86,F,YU,ZP,F
14:47:35,PTBA,RG,3660,337,D,ZP,BB,D
14:47:35,PTBA,RG,3660,1,D,DR,BB,D
14:47:35,PTBA,RG,3660,2,D,YP,BB,D
14:47:35,PTBA,RG,3660,10,D,XC,BB,D
14:47:35,PTBA,RG,3660,400,D,ZP,BB,D
14:47:35,PTBA,RG,3660,1,D,YP,BB,D
14:47:35,PTBA,RG,3660,5,D,XC,BB,D
14:47:35,PTBA,RG,3660,411,D,CP,BB,D
14:47:34,PTBA,RG,3670,10,F,YU,ZP,F
14:47:34,PTBA,RG,3660,43,D,CP,BK,F
14:47:29,PTBA,RG,3660,40,D,CP,BK,F
14:47:28,PTBA,RG,3670,1,D,PD,ZP,F
14:47:20,PTBA,RG,3670,5,D,PD,ZP,F
14:47:16,PTBA,RG,3670,9,F,YU,ZP,F
14:47:16,PTBA,RG,3660,53,D,CP,BK,F
14:47:15,PTBA,RG,3660,18,D,CP,RX,D
14:47:10,PTBA,RG,3670,10,D,OD,ZP,F
14:47:06,PTBA,RG,3670,9,F,YU,ZP,F
14:47:06,PTBA,RG,3660,49,D,CP,BK,F
14:47:01,PTBA,RG,3670,9,D,OD,ZP,F
14:46:58,PTBA,RG,3670,31,F,YU,ZP,F
14:46:57,PTBA,RG,3660,52,D,CP,BK,F
14:46:55,PTBA,RG,3670,119,D,YP,ZP,F
14:46:55,PTBA,RG,3670,13,D,YP,BK,F
14:46:55,PTBA,RG,3670,35,D,YP,BB,D
14:46:55,PTBA,RG,3670,33,D,YP,YP,D
14:46:55,PTBA,RG,3670,7,D,DR,YP,D
14:46:54,PTBA,RG,3660,23,D,CP,RX,D
14:46:53,PTBA,RG,3670,1,D,NI,YP,D
14:46:52,PTBA,RG,3660,57,D,CP,BK,F
14:46:52,PTBA,RG,3670,9,F,KZ,YP,D
14:46:51,PTBA,RG,3660,4,D,CP,ZP,F
14:46:51,PTBA,RG,3660,1,D,XL,ZP,F
14:46:51,PTBA,RG,3660,3,D,NI,ZP,F
14:46:51,PTBA,RG,3660,1,D,PD,ZP,F
14:46:50,PTBA,RG,3670,3,F,YU,YP,D
14:46:50,PTBA,RG,3670,3,F,YU,YP,D
14:46:50,PTBA,RG,3670,2,D,XC,YP,D
14:46:50,PTBA,RG,3670,35,F,BK,YP,D
14:46:50,PTBA,RG,3670,7,F,KZ,YP,D
14:46:50,PTBA,RG,3670,1,F,KZ,YP,D
14:46:50,PTBA,RG,3670,1,F,KZ,YP,D
14:46:50,PTBA,RG,3670,2,F,KZ,YP,D
14:46:50,PTBA,RG,3670,1,F,KZ,YP,D
14:46:50,PTBA,RG,3670,2,F,YU,YP,D
14:46:50,PTBA,RG,3670,3,F,KZ,YP,D
14:46:50,PTBA,RG,3670,6,F,KZ,YP,D
14:46:50,PTBA,RG,3670,2,F,YU,YP,D
14:46:50,PTBA,RG,3670,1,D,TP,YP,D
14:46:50,PTBA,RG,3670,1,D,YP,YP,D
14:46:50,PTBA,RG,3670,1,F,YU,YP,D
14:46:50,PTBA,RG,3670,1,F,KZ,YP,D
14:46:50,PTBA,RG,3670,27,D,XC,YP,D
14:46:50,PTBA,RG,3670,4,F,YU,YP,D
14:46:50,PTBA,RG,3670,2,F,YU,YP,D
14:46:35,PTBA,RG,3680,12,F,YU,BK,F
14:46:29,PTBA,RG,3670,1,F,KZ,BK,F
14:46:29,PTBA,RG,3670,51,F,BK,BK,F
14:46:29,PTBA,RG,3680,16,D,NI,BK,F
14:46:29,PTBA,RG,3680,15,D,NI,AK,F
14:46:29,PTBA,RG,3680,6,D,NI,AT,D
14:46:29,PTBA,RG,3680,9,D,NI,ZP,F
14:46:29,PTBA,RG,3680,16,D,NI,BK,F
14:46:29,PTBA,RG,3680,7,D,NI,ZP,F
14:46:29,PTBA,RG,3680,6,D,NI,YP,D
14:46:29,PTBA,RG,3680,4,D,NI,ZP,F
14:46:29,PTBA,RG,3680,32,D,NI,BK,F
14:46:17,PTBA,RG,3670,1,F,BK,GR,D
14:46:15,PTBA,RG,3670,35,F,BK,YP,D
14:46:15,PTBA,RG,3670,2,F,KZ,YP,D
14:46:15,PTBA,RG,3670,2,D,NI,YP,D
14:46:15,PTBA,RG,3670,2,D,NI,YP,D
14:46:15,PTBA,RG,3670,1,F,KZ,YP,D
14:46:15,PTBA,RG,3670,28,D,CC,YP,D
14:46:13,PTBA,RG,3670,16,D,CC,ZP,F
14:45:56,PTBA,RG,3670,16,D,CC,RX,D
14:45:56,PTBA,RG,3670,6,F,KZ,RX,D
14:45:54,PTBA,RG,3670,3,F,KZ,ZP,F
14:45:54,PTBA,RG,3670,8,F,KZ,ZP,F
14:45:54,PTBA,RG,3670,3,F,KZ,ZP,F
14:45:54,PTBA,RG,3670,3,F,YU,ZP,F
14:45:51,PTBA,RG,3670,10,F,YU,BK,F
14:45:51,PTBA,RG,3670,10,D,XC,BK,F
14:45:51,PTBA,RG,3670,1,F,KZ,BK,F
14:45:51,PTBA,RG,3670,49,F,KZ,BK,F
14:45:49,PTBA,RG,3670,5,F,KZ,GR,D
14:45:45,PTBA,RG,3670,17,F,KZ,BK,F
14:45:43,PTBA,RG,3670,16,F,KZ,YP,D
14:45:38,PTBA,RG,3670,14,F,KZ,ZP,F
14:45:38,PTBA,RG,3670,1,F,KZ,ZP,F
14:45:38,PTBA,RG,3670,3,F,YU,ZP,F
14:45:36,PTBA,RG,3670,20,F,YU,BK,F
14:45:36,PTBA,RG,3670,1,F,KZ,BK,F
14:45:36,PTBA,RG,3670,8,F,BK,BK,F
14:45:23,PTBA,RG,3670,3,F,BK,ZP,F
14:45:23,PTBA,RG,3670,16,F,BK,ZP,F
14:45:20,PTBA,RG,3670,11,F,BK,XC,D
14:45:12,PTBA,RG,3680,14,F,YU,BK,F
14:45:12,PTBA,RG,3670,48,F,BK,BK,F
14:45:12,PTBA,RG,3670,20,F,BK,XL,D
14:45:06,PTBA,RG,3670,5,F,BK,PD,D
14:45:05,PTBA,RG,3670,3,F,BK,ZP,F
14:45:04,PTBA,RG,3670,20,F,BK,ZP,F
14:45:04,PTBA,RG,3670,15,F,BK,RX,D
14:44:59,PTBA,RG,3680,26,F,YU,BK,F
14:44:59,PTBA,RG,3680,230,D,CC,BK,F
14:44:50,PTBA,RG,3680,1,D,NI,BK,F
14:44:50,PTBA,RG,3670,1,F,BK,NI,D
14:44:48,PTBA,RG,3670,18,F,BK,ZP,F
14:44:47,PTBA,RG,3670,2,F,BK,AK,F
14:44:46,PTBA,RG,3680,9,F,YU,BK,F
14:44:46,PTBA,RG,3670,16,F,BK,BK,F
14:44:43,PTBA,RG,3670,46,F,BK,BK,F
14:44:43,PTBA,RG,3680,1,D,PD,BK,F
14:44:36,PTBA,RG,3680,18,F,BK,BK,F
14:44:35,PTBA,RG,3680,9,F,YU,BK,F
14:44:32,PTBA,RG,3680,20,F,BK,BK,F
14:44:31,PTBA,RG,3670,19,F,KZ,ZP,F
14:44:31,PTBA,RG,3670,1,D,XL,ZP,F
14:44:27,PTBA,RG,3680,21,F,YU,BK,F
14:44:27,PTBA,RG,3680,12,F,YU,XC,D
14:44:27,PTBA,RG,3680,17,F,YU,BK,F
14:44:26,PTBA,RG,3660,1,D,XL,BB,D
14:44:26,PTBA,RG,3660,2,D,XC,BB,D
14:44:26,PTBA,RG,3660,1,D,NI,BB,D
14:44:26,PTBA,RG,3660,1,D,XC,BB,D
14:44:26,PTBA,RG,3660,1,D,PD,BB,D
14:44:26,PTBA,RG,3660,1,D,NI,BB,D
14:44:26,PTBA,RG,3660,50,D,EP,BB,D
14:44:26,PTBA,RG,3660,1,D,PD,BB,D
14:44:26,PTBA,RG,3660,1,D,NI,BB,D
14:44:26,PTBA,RG,3660,1,D,KK,BB,D
14:44:26,PTBA,RG,3660,1,D,XC,BB,D
14:44:26,PTBA,RG,3660,1,D,XL,BB,D
14:44:26,PTBA,RG,3660,1,D,XC,BB,D
14:44:26,PTBA,RG,3660,3,D,XL,BB,D
14:44:26,PTBA,RG,3660,2,D,KK,BB,D
14:44:26,PTBA,RG,3660,10,D,PD,BB,D
14:44:26,PTBA,RG,3660,5,D,GR,BB,D
14:44:26,PTBA,RG,3660,5,D,CC,BB,D
14:44:26,PTBA,RG,3660,10,D,PD,BB,D
14:44:26,PTBA,RG,3660,2,D,PD,BB,D
14:44:26,PTBA,RG,3660,1,D,YP,BB,D
14:44:26,PTBA,RG,3660,5,D,XC,BB,D
14:44:26,PTBA,RG,3660,2,D,PD,BB,D
14:44:26,PTBA,RG,3660,1,D,KK,BB,D
14:44:26,PTBA,RG,3660,4,D,XL,BB,D
14:44:26,PTBA,RG,3660,10,D,KK,BB,D
14:44:26,PTBA,RG,3660,3,D,YP,BB,D
14:44:26,PTBA,RG,3660,273,D,YU,BB,D
14:44:26,PTBA,RG,3670,1,D,NI,BB,D
14:44:26,PTBA,RG,3670,7,F,YU,BB,D
14:44:26,PTBA,RG,3670,43,F,KZ,BB,D
14:44:26,PTBA,RG,3670,4,F,YU,BB,D
14:44:26,PTBA,RG,3670,1,F,YU,BB,D
14:44:26,PTBA,RG,3670,1,F,KZ,BB,D
14:44:26,PTBA,RG,3670,2,D,XC,BB,D
14:44:26,PTBA,RG,3670,1,F,YU,BB,D
14:44:26,PTBA,RG,3670,5,D,YP,BB,D
14:44:26,PTBA,RG,3670,1,F,KZ,BB,D
14:44:26,PTBA,RG,3670,2,F,YU,BB,D
14:44:26,PTBA,RG,3670,10,D,XC,BB,D
14:44:26,PTBA,RG,3670,13,F,KZ,BB,D
14:44:26,PTBA,RG,3670,2,F,YU,BB,D
14:44:26,PTBA,RG,3670,1,F,YU,BB,D
14:44:26,PTBA,RG,3670,1,F,YU,BB,D
14:44:26,PTBA,RG,3670,1,D,CC,BB,D
14:44:26,PTBA,RG,3670,5,D,XL,BB,D
14:44:26,PTBA,RG,3670,2,F,YU,BB,D
14:44:26,PTBA,RG,3670,10,F,KZ,BB,D
14:44:26,PTBA,RG,3670,2,D,YP,BB,D
14:44:26,PTBA,RG,3670,1,F,YU,BB,D
14:44:26,PTBA,RG,3670,1,F,YU,BB,D
14:44:26,PTBA,RG,3670,2,F,KZ,BB,D
14:44:26,PTBA,RG,3670,1,F,YU,BB,D
14:44:26,PTBA,RG,3670,1,D,NI,BB,D
14:44:26,PTBA,RG,3670,18,F,YU,BB,D
14:44:26,PTBA,RG,3670,202,F,BK,BB,D
14:44:26,PTBA,RG,3670,4,D,PD,BB,D
14:44:26,PTBA,RG,3670,2,F,YU,BB,D
14:44:26,PTBA,RG,3670,1,D,NI,BB,D
14:44:26,PTBA,RG,3670,3,F,YU,BB,D
14:44:26,PTBA,RG,3670,5,D,GR,BB,D
14:44:26,PTBA,RG,3670,25,D,BQ,BB,D
14:44:26,PTBA,RG,3670,3,F,YU,BB,D
14:44:26,PTBA,RG,3670,14,D,CC,BB,D
14:44:26,PTBA,RG,3670,23,F,YU,BB,D
14:44:26,PTBA,RG,3670,191,D,YU,BB,D
14:44:25,PTBA,RG,3670,309,D,YU,YP,D
14:44:25,PTBA,RG,3670,5,D,DR,YP,D
14:44:25,PTBA,RG,3670,1,D,NI,YP,D
14:44:25,PTBA,RG,3670,1,D,NI,YP,D
14:44:25,PTBA,RG,3670,1,D,PD,YP,D
14:44:25,PTBA,RG,3670,1,D,XL,YP,D
14:44:25,PTBA,RG,3670,3,F,CC,YP,D
14:44:25,PTBA,RG,3670,25,F,YU,YP,D
14:44:25,PTBA,RG,3670,2,D,PD,YP,D
14:44:25,PTBA,RG,3670,15,D,XC,YP,D
14:44:25,PTBA,RG,3670,1,D,CC,YP,D
14:44:25,PTBA,RG,3670,10,D,YP,YP,D
14:44:25,PTBA,RG,3670,10,D,CC,YP,D
14:44:25,PTBA,RG,3670,4,D,NI,YP,D
14:44:25,PTBA,RG,3670,1,D,MG,YP,D
14:44:25,PTBA,RG,3670,5,F,KZ,YP,D
14:44:25,PTBA,RG,3670,17,F,KZ,YP,D
14:44:25,PTBA,RG,3670,2,D,XC,YP,D
14:44:25,PTBA,RG,3670,31,D,ZP,YP,D
14:44:21,PTBA,RG,3670,15,D,ZP,PD,D
14:44:19,PTBA,RG,3680,10,F,YU,BK,F
14:44:19,PTBA,RG,3670,26,D,ZP,BK,F
14:44:18,PTBA,RG,3670,23,D,ZP,RX,D
14:44:13,PTBA,RG,3670,10,D,ZP,ZP,F
14:44:12,PTBA,RG,3670,295,D,ZP,XC,D
14:44:12,PTBA,RG,3670,5,D,NI,XC,D
14:44:12,PTBA,RG,3670,36,D,CC,XC,D
14:44:02,PTBA,RG,3680,10,D,XC,BK,F
14:43:56,PTBA,RG,3670,5,D,CC,XL,D
14:43:54,PTBA,RG,3670,2,D,CC,XC,D
14:43:52,PTBA,RG,3670,12,D,CC,ZP,F
14:43:52,PTBA,RG,3670,1,D,CC,PC,D
14:43:52,PTBA,RG,3680,1,F,KZ,BK,F
14:43:50,PTBA,RG,3670,2,D,CC,HP,D
14:43:46,PTBA,RG,3680,1,F,KZ,BK,F
14:43:46,PTBA,RG,3680,21,F,KZ,BK,F
14:43:46,PTBA,RG,3680,15,F,KZ,BK,F
14:43:46,PTBA,RG,3680,1,F,KZ,PD,D
14:43:46,PTBA,RG,3680,80,F,KZ,AZ,D
14:43:46,PTBA,RG,3680,1,F,KZ,AZ,D
14:43:41,PTBA,RG,3670,17,D,CC,BK,F
14:43:37,PTBA,RG,3680,5,D,YP,AZ,D
14:43:34,PTBA,RG,3670,9,D,CC,ZP,F
14:43:34,PTBA,RG,3670,62,D,CC,CC,D
14:43:34,PTBA,RG,3670,8,D,CC,CC,D
14:43:33,PTBA,RG,3670,27,D,CC,BK,F
14:43:25,PTBA,RG,3670,14,D,CC,BK,F
14:43:24,PTBA,RG,3670,1,D,CC,PD,D
14:43:24,PTBA,RG,3670,8,D,YP,PD,D
14:43:24,PTBA,RG,3670,1,D,XL,PD,D
14:43:24,PTBA,RG,3670,1,F,KZ,PD,D
14:43:24,PTBA,RG,3670,14,F,KZ,PD,D
14:43:23,PTBA,RG,3670,20,F,KZ,BK,F
14:43:19,PTBA,RG,3680,1,D,XC,AZ,D
14:43:16,PTBA,RG,3670,11,F,KZ,ZP,F
14:43:15,PTBA,RG,3670,5,F,KZ,PD,D
14:43:08,PTBA,RG,3670,14,F,KZ,BK,F
14:43:08,PTBA,RG,3670,2,F,YU,BK,F
14:43:08,PTBA,RG,3670,7,D,NI,BK,F
14:43:05,PTBA,RG,3670,12,D,NI,RX,D
14:43:05,PTBA,RG,3670,1,D,XC,RX,D
14:43:05,PTBA,RG,3670,1,D,NI,RX,D
14:43:05,PTBA,RG,3670,7,D,CC,RX,D
14:43:05,PTBA,RG,3670,2,D,XC,RX,D
14:43:05,PTBA,RG,3670,5,F,YU,RX,D
14:43:02,PTBA,RG,3670,19,F,YU,AK,F
14:42:54,PTBA,RG,3670,8,F,YU,ZP,F
14:42:46,PTBA,RG,3670,34,F,YU,BK,F
14:42:45,PTBA,RG,3670,17,F,YU,NI,D
14:42:45,PTBA,RG,3670,58,D,OD,NI,D
14:42:41,PTBA,RG,3680,8,F,YU,AZ,D
14:42:40,PTBA,RG,3670,10,D,OD,CC,D
14:42:38,PTBA,RG,3670,11,D,OD,ZP,F
14:42:33,PTBA,RG,3670,17,D,OD,BK,F
14:42:29,PTBA,RG,3670,1,D,OD,SQ,D
14:42:25,PTBA,RG,3670,34,D,OD,BK,F
14:42:24,PTBA,RG,3680,8,F,YU,AZ,D
14:42:24,PTBA,RG,3670,30,D,OD,CC,D
14:42:24,PTBA,RG,3670,1,D,OD,NI,D
14:42:18,PTBA,RG,3670,11,D,OD,ZP,F
14:42:06,PTBA,RG,3680,2,D,YP,AZ,D
14:42:04,PTBA,RG,3670,27,D,OD,BK,F
14:42:02,PTBA,RG,3670,1,D,OD,XC,D
14:41:43,PTBA,RG,3680,13,F,YU,AZ,D
14:41:42,PTBA,RG,3670,51,D,OD,SQ,D
14:41:42,PTBA,RG,3670,16,D,OD,RX,D
14:41:40,PTBA,RG,3670,6,D,OD,AK,F
14:41:40,PTBA,RG,3670,38,D,OD,BK,F
14:41:30,PTBA,RG,3680,13,F,YU,AZ,D
14:41:25,PTBA,RG,3670,708,D,OD,BB,D
14:41:25,PTBA,RG,3670,1,D,NI,BB,D
14:41:25,PTBA,RG,3670,2,D,CC,BB,D
14:41:25,PTBA,RG,3670,1,D,YP,BB,D
14:41:25,PTBA,RG,3670,25,D,GR,BB,D
14:41:25,PTBA,RG,3670,3,D,PD,BB,D
14:41:25,PTBA,RG,3670,95,F,YU,BB,D
14:41:25,PTBA,RG,3670,173,D,BQ,BB,D
14:41:08,PTBA,RG,3670,48,D,BQ,BK,F
14:40:47,PTBA,RG,3670,1,D,BQ,AK,F
14:40:44,PTBA,RG,3670,16,D,BQ,BK,F
14:40:40,PTBA,RG,3680,10,F,YU,AZ,D
14:40:40,PTBA,RG,3670,41,D,BQ,BK,F
14:40:28,PTBA,RG,3680,1,F,KZ,AZ,D
14:40:28,PTBA,RG,3680,1,F,KZ,AZ,D
14:40:28,PTBA,RG,3680,1,F,KZ,AZ,D
14:40:28,PTBA,RG,3680,2,F,KZ,AZ,D
14:40:28,PTBA,RG,3680,1,F,KZ,AZ,D
14:40:28,PTBA,RG,3680,1,F,KZ,AZ,D
14:40:13,PTBA,RG,3670,44,D,BQ,BK,F
14:40:10,PTBA,RG,3680,8,F,YU,AZ,D
14:40:08,PTBA,RG,3670,16,D,BQ,XC,D
14:40:02,PTBA,RG,3670,18,D,BQ,BK,F
14:39:59,PTBA,RG,3680,46,F,YU,AZ,D
14:39:59,PTBA,RG,3670,410,D,BQ,CC,D
14:39:41,PTBA,RG,3670,22,D,BQ,BK,F
14:39:32,PTBA,RG,3670,20,D,BQ,BK,F
14:39:25,PTBA,RG,3680,8,F,YU,AZ,D
14:39:22,PTBA,RG,3670,5,D,BQ,CC,D
14:39:19,PTBA,RG,3670,18,D,BQ,BK,F
14:39:11,PTBA,RG,3670,3,D,BQ,DR,D
14:39:00,PTBA,RG,3670,30,D,BQ,BK,F
14:38:48,PTBA,RG,3670,16,D,BQ,BK,F
14:38:46,PTBA,RG,3680,8,F,YU,AZ,D
14:38:42,PTBA,RG,3670,13,D,BQ,NI,D
14:38:30,PTBA,RG,3670,10,D,BQ,GR,D
14:38:26,PTBA,RG,3670,36,D,BQ,BK,F
14:38:24,PTBA,RG,3670,60,D,BQ,PD,D
14:38:24,PTBA,RG,3670,40,D,YP,PD,D
14:38:24,PTBA,RG,3670,100,D,YP,BB,D
14:38:24,PTBA,RG,3670,10,D,YP,BB,D
14:38:24,PTBA,RG,3670,10,D,YP,BB,D
14:38:24,PTBA,RG,3670,2,F,CC,BB,D
14:38:24,PTBA,RG,3670,3,D,NI,BB,D
14:38:24,PTBA,RG,3670,6,D,SQ,BB,D
14:38:24,PTBA,RG,3670,25,D,GR,BB,D
14:38:24,PTBA,RG,3670,5,F,YU,BB,D
14:38:24,PTBA,RG,3670,14,F,YU,BB,D
14:38:24,PTBA,RG,3670,300,D,YU,BB,D
14:38:24,PTBA,RG,3670,1,F,KZ,BB,D
14:38:24,PTBA,RG,3670,2,F,KZ,BB,D
14:38:24,PTBA,RG,3670,1,D,XL,BB,D
14:38:24,PTBA,RG,3670,1,F,KZ,BB,D
14:38:24,PTBA,RG,3670,9,D,KK,BB,D
14:38:24,PTBA,RG,3670,50,D,EP,BB,D
14:38:24,PTBA,RG,3670,2,F,KZ,BB,D
14:38:24,PTBA,RG,3670,1,F,KZ,BB,D
14:38:24,PTBA,RG,3670,5,D,XC,BB,D
14:38:24,PTBA,RG,3670,2,F,KZ,BB,D
14:38:24,PTBA,RG,3670,25,D,GR,BB,D
14:38:24,PTBA,RG,3670,19,F,KZ,BB,D
14:38:23,PTBA,RG,3670,2,F,KZ,YP,D
14:38:23,PTBA,RG,3670,7,D,YP,YP,D
14:38:23,PTBA,RG,3670,1,F,YU,YP,D
14:38:17,PTBA,RG,3680,9,F,YU,AZ,D
14:38:17,PTBA,RG,3670,56,F,YU,YP,D
14:38:17,PTBA,RG,3670,2,F,KZ,YP,D
14:38:17,PTBA,RG,3670,1,D,KK,YP,D
14:38:17,PTBA,RG,3670,6,D,EP,YP,D
14:38:10,PTBA,RG,3670,27,D,EP,BK,F
14:37:54,PTBA,RG,3670,25,D,EP,BK,F
14:37:45,PTBA,RG,3670,34,D,EP,NI,D
14:37:38,PTBA,RG,3680,9,F,YU,AZ,D
14:37:38,PTBA,RG,3680,2,F,YU,PD,D
14:37:38,PTBA,RG,3670,13,D,EP,GR,D
14:37:37,PTBA,RG,3670,26,D,EP,BK,F
14:37:24,PTBA,RG,3670,21,D,EP,BK,F
14:37:20,PTBA,RG,3670,15,D,EP,PD,D
14:37:13,PTBA,RG,3670,18,D,EP,BK,F
14:36:57,PTBA,RG,3680,10,F,YU,PD,D
14:36:55,PTBA,RG,3670,29,D,EP,BK,F
14:36:44,PTBA,RG,3670,13,D,EP,YP,D
14:36:43,PTBA,RG,3670,26,D,EP,BK,F
14:36:41,PTBA,RG,3670,6,D,EP,XC,D
14:36:40,PTBA,RG,3680,4,D,XC,PD,D
14:36:37,PTBA,RG,3680,1,D,XL,PD,D
14:36:33,PTBA,RG,3670,17,D,EP,BK,F
14:36:18,PTBA,RG,3680,10,F,YU,PD,D
14:36:17,PTBA,RG,3670,26,D,EP,BK,F
14:36:12,PTBA,RG,3670,18,D,EP,BK,F
14:36:00,PTBA,RG,3670,22,D,EP,BK,F
14:35:52,PTBA,RG,3670,1,D,EP,PD,D
14:35:48,PTBA,RG,3670,26,D,EP,BK,F
14:35:45,PTBA,RG,3680,9,F,YU,PD,D
14:35:44,PTBA,RG,3670,10,D,EP,CC,D
14:35:39,PTBA,RG,3670,18,D,EP,BK,F
14:35:38,PTBA,RG,3680,1,D,XL,PD,D
14:35:32,PTBA,RG,3670,24,D,EP,BK,F
14:35:30,PTBA,RG,3680,2,D,PD,PD,D
14:35:29,PTBA,RG,3670,3,D,EP,XC,D
14:35:23,PTBA,RG,3670,17,D,EP,BK,F
14:35:18,PTBA,RG,3670,17,D,EP,BK,F
14:35:14,PTBA,RG,3670,16,D,EP,BK,F
14:35:09,PTBA,RG,3670,23,D,EP,AZ,D
14:35:01,PTBA,RG,3670,3,D,EP,BK,F
14:35:01,PTBA,RG,3670,2,F,KZ,BK,F
14:35:01,PTBA,RG,3670,6,F,YU,BK,F
14:35:01,PTBA,RG,3670,7,F,KZ,BK,F
14:34:56,PTBA,RG,3670,14,F,KZ,BK,F
14:34:56,PTBA,RG,3670,3,F,YU,BK,F
14:34:53,PTBA,RG,3680,10,F,YU,PD,D
14:34:52,PTBA,RG,3670,25,D,GR,NI,D
14:34:52,PTBA,RG,3670,1,F,KZ,NI,D
14:34:52,PTBA,RG,3670,5,D,CC,NI,D
14:34:52,PTBA,RG,3670,2,D,XC,NI,D
14:34:52,PTBA,RG,3670,50,D,CC,NI,D
14:34:52,PTBA,RG,3670,2,D,YP,NI,D
14:34:52,PTBA,RG,3670,20,F,YU,NI,D
14:34:52,PTBA,RG,3670,152,D,ZP,NI,D
14:34:49,PTBA,RG,3670,22,D,ZP,BK,F
14:34:40,PTBA,RG,3670,18,D,ZP,BK,F
14:34:37,PTBA,RG,3670,1,D,ZP,XC,D
14:34:36,PTBA,RG,3670,207,D,ZP,YP,D
14:34:36,PTBA,RG,3670,2,F,KZ,YP,D
14:34:36,PTBA,RG,3670,1,D,YP,YP,D
14:34:36,PTBA,RG,3670,25,D,PD,YP,D
14:34:36,PTBA,RG,3670,10,D,PD,YP,D
14:34:36,PTBA,RG,3670,3,D,XL,YP,D
14:34:36,PTBA,RG,3670,1,D,XC,YP,D
14:34:36,PTBA,RG,3670,16,F,YU,YP,D
14:34:30,PTBA,RG,3670,14,F,YU,BK,F
14:34:30,PTBA,RG,3670,2,F,KZ,BK,F
14:34:24,PTBA,RG,3670,10,F,KZ,BK,F
14:34:24,PTBA,RG,3670,2,F,KZ,BK,F
14:34:24,PTBA,RG,3670,3,D,XL,BK,F
14:34:24,PTBA,RG,3670,1,F,KZ,BK,F
14:34:24,PTBA,RG,3670,1,F,KZ,BK,F
14:34:23,PTBA,RG,3680,8,F,YU,PD,D
14:34:19,PTBA,RG,3680,3,D,XL,PD,D
14:33:47,PTBA,RG,3680,27,D,YP,PD,D
14:32:59,PTBA,RG,3680,3,D,CC,PD,D
14:32:48,PTBA,RG,3670,3,F,KZ,OD,D
14:32:48,PTBA,RG,3670,1,F,KZ,OD,D
14:32:48,PTBA,RG,3670,1,F,KZ,OD,D
14:32:48,PTBA,RG,3670,1,F,KZ,OD,D
14:32:48,PTBA,RG,3670,6,F,KZ,OD,D
14:32:48,PTBA,RG,3670,2,D,BQ,OD,D
14:32:24,PTBA,RG,3670,4,D,BQ,YP,D
14:32:17,PTBA,RG,3680,10,F,YU,PD,D
14:32:17,PTBA,RG,3680,5,F,YU,CP,D
14:32:17,PTBA,RG,3680,2,F,YU,XL,D
14:32:17,PTBA,RG,3680,8,F,BK,XL,D
14:32:17,PTBA,RG,3680,1,F,BK,DR,D
14:32:17,PTBA,RG,3680,3,F,BK,AK,F
14:32:17,PTBA,RG,3680,5,F,BK,XC,D
14:32:13,PTBA,RG,3680,11,F,BK,XC,D
14:32:13,PTBA,RG,3680,2,F,BK,XC,D
14:32:13,PTBA,RG,3680,10,F,BK,GR,D
14:32:13,PTBA,RG,3680,1,F,BK,ZP,F
14:32:13,PTBA,RG,3680,16,F,BK,PD,D
14:32:12,PTBA,RG,3680,24,F,YU,PD,D
14:32:12,PTBA,RG,3680,3,F,YU,ZP,F
14:32:12,PTBA,RG,3670,13,D,BQ,ZP,F
14:32:12,PTBA,RG,3670,1,D,BQ,AK,F
14:32:12,PTBA,RG,3670,4,D,BQ,AK,F
14:32:12,PTBA,RG,3670,59,D,BQ,ZP,F
14:32:12,PTBA,RG,3670,20,D,BQ,YP,D
14:32:12,PTBA,RG,3670,197,D,BQ,BK,F
14:32:10,PTBA,RG,3670,17,F,BK,BK,F
14:32:08,PTBA,RG,3670,39,F,BK,BK,F
14:32:06,PTBA,RG,3670,10,F,YU,XC,D
14:32:05,PTBA,RG,3670,28,F,YU,XC,D
14:32:05,PTBA,RG,3670,17,F,YU,BK,F
14:32:05,PTBA,RG,3670,11,F,YU,CC,D
14:32:05,PTBA,RG,3670,45,F,YU,RX,D
14:32:05,PTBA,RG,3670,5,F,YU,XA,D
14:32:05,PTBA,RG,3670,1,F,YU,BK,F
14:32:04,PTBA,RG,3670,144,F,BK,BK,F
14:32:04,PTBA,RG,3670,2,D,YP,BK,F
14:32:01,PTBA,RG,3670,10,F,YU,BK,F
14:32:01,PTBA,RG,3670,217,D,OD,BK,F
14:32:01,PTBA,RG,3670,28,D,OD,NI,D
14:32:01,PTBA,RG,3670,10,D,OD,ZP,F
14:32:01,PTBA,RG,3670,32,D,OD,ZP,F
14:32:01,PTBA,RG,3670,50,D,OD,YP,D
14:32:01,PTBA,RG,3670,150,D,OD,CC,D
14:32:01,PTBA,RG,3670,10,D,OD,XC,D
14:32:01,PTBA,RG,3670,2,D,OD,AK,F
14:32:01,PTBA,RG,3670,13,D,OD,BK,F
14:32:01,PTBA,RG,3670,384,D,OD,BB,D
14:32:01,PTBA,RG,3670,18,D,OD,BK,F
14:32:01,PTBA,RG,3670,86,D,OD,BB,D
14:31:56,PTBA,RG,3670,8,F,YU,BB,D
14:31:49,PTBA,RG,3670,17,F,BK,BB,D
14:31:43,PTBA,RG,3670,39,F,BK,BB,D
14:31:43,PTBA,RG,3670,1,D,NI,BB,D
14:31:42,PTBA,RG,3670,30,F,YU,BB,D
14:31:42,PTBA,RG,3660,5,D,YU,SQ,D
14:31:40,PTBA,RG,3670,104,F,BK,BB,D
14:31:40,PTBA,RG,3670,6,F,BK,ZP,F
14:31:40,PTBA,RG,3670,15,F,BK,XC,D
14:31:40,PTBA,RG,3670,6,F,BK,ZP,F
14:31:40,PTBA,RG,3670,1,F,BK,AK,F
14:31:40,PTBA,RG,3670,2,F,BK,AK,F
14:31:40,PTBA,RG,3670,87,F,BK,YP,D
14:31:40,PTBA,RG,3670,65,F,YU,YP,D
14:31:40,PTBA,RG,3670,350,D,OD,YP,D
14:31:38,PTBA,RG,3670,84,F,YU,YP,D
14:31:37,PTBA,RG,3660,222,D,YU,BB,D
14:31:37,PTBA,RG,3660,778,D,BQ,BB,D
14:31:35,PTBA,RG,3670,1,D,XL,YP,D
14:31:03,PTBA,RG,3670,3,D,CC,YP,D
14:30:51,PTBA,RG,3670,1,D,PD,YP,D
14:30:46,PTBA,RG,3660,1,D,BQ,AK,F
14:30:27,PTBA,RG,3670,1,D,XL,YP,D
14:30:24,PTBA,RG,3660,4,D,BQ,XL,D
14:30:19,PTBA,RG,3660,1,D,BQ,XC,D
14:30:19,PTBA,RG,3660,39,D,BQ,XC,D
14:30:19,PTBA,RG,3670,10,F,YU,YP,D
14:30:19,PTBA,RG,3660,32,D,BQ,XC,D
14:30:18,PTBA,RG,3670,1,D,YP,YP,D
14:30:12,PTBA,RG,3670,1,D,NI,YP,D
14:30:03,PTBA,RG,3670,22,F,BK,YP,D
14:30:01,PTBA,RG,3670,5,D,XC,YP,D
14:29:59,PTBA,RG,3670,1,D,YP,YP,D
14:29:43,PTBA,RG,3670,1,D,PD,YP,D
14:29:37,PTBA,RG,3670,1,D,YP,YP,D
14:29:16,PTBA,RG,3670,35,F,YU,YP,D
14:29:14,PTBA,RG,3670,19,F,YU,YP,D
14:29:14,PTBA,RG,3670,312,D,DR,YP,D
14:29:14,PTBA,RG,3670,5,D,DR,KK,D
14:29:14,PTBA,RG,3670,10,D,DR,BQ,D
14:29:14,PTBA,RG,3670,2,D,DR,ZP,F
14:29:14,PTBA,RG,3670,5,D,DR,ZP,F
14:29:14,PTBA,RG,3670,140,D,DR,BK,F
14:29:13,PTBA,RG,3670,1,D,PD,BK,F
14:29:13,PTBA,RG,3670,1,D,CC,BK,F
14:29:11,PTBA,RG,3670,47,F,YU,BK,F
14:29:11,PTBA,RG,3660,432,D,BQ,BB,D
14:29:03,PTBA,RG,3670,18,D,YP,BK,F
14:29:03,PTBA,RG,3670,15,F,YU,BK,F
14:29:03,PTBA,RG,3670,100,D,KK,BK,F
14:28:51,PTBA,RG,3670,1,D,XL,BK,F
14:28:41,PTBA,RG,3670,1,D,CC,BK,F
14:28:31,PTBA,RG,3660,1,D,BQ,AK,F
14:28:29,PTBA,RG,3660,1,D,BQ,CC,D
14:27:57,PTBA,RG,3670,11,F,YU,BK,F
14:27:57,PTBA,RG,3670,20,D,YP,BK,F
14:27:57,PTBA,RG,3670,16,D,YP,BK,F
14:27:57,PTBA,RG,3670,64,D,YP,BB,D
14:27:56,PTBA,RG,3670,5,D,XL,BB,D
14:27:53,PTBA,RG,3670,1,D,XC,BB,D
14:27:47,PTBA,RG,3670,15,D,PD,BB,D
14:27:47,PTBA,RG,3670,5,D,PD,ZP,F
14:27:41,PTBA,RG,3670,3,F,YU,ZP,F
14:27:41,PTBA,RG,3670,20,F,YU,RX,D
14:27:41,PTBA,RG,3670,3,D,XC,RX,D
14:27:41,PTBA,RG,3660,200,D,BQ,KK,D
14:27:39,PTBA,RG,3660,1,D,BQ,XC,D
14:27:29,PTBA,RG,3670,1,D,YP,RX,D
14:27:28,PTBA,RG,3660,2,D,BQ,CC,D
14:27:22,PTBA,RG,3670,1,D,XC,RX,D
14:27:17,PTBA,RG,3670,5,D,LG,RX,D
14:27:16,PTBA,RG,3670,4,F,KZ,ZP,F
14:27:15,PTBA,RG,3670,1,D,XL,ZP,F
14:27:12,PTBA,RG,3670,7,F,YU,ZP,F
14:27:12,PTBA,RG,3670,1,F,KZ,ZP,F
14:27:12,PTBA,RG,3670,8,F,KZ,CC,D
14:27:12,PTBA,RG,3670,1,F,KZ,CC,D
14:27:12,PTBA,RG,3670,10,F,KZ,CC,D
14:27:12,PTBA,RG,3670,11,F,KZ,CC,D
14:27:12,PTBA,RG,3670,1,F,KZ,CC,D
14:27:12,PTBA,RG,3670,1,F,KZ,CC,D
14:27:12,PTBA,RG,3670,36,F,YU,CC,D
14:27:12,PTBA,RG,3670,1,F,KZ,CC,D
14:27:12,PTBA,RG,3670,8,D,XC,CC,D
14:27:10,PTBA,RG,3670,10,D,EP,CC,D
14:27:10,PTBA,RG,3670,20,F,YU,CC,D
14:27:10,PTBA,RG,3670,143,D,DR,CC,D
14:27:10,PTBA,RG,3670,1,D,DR,KK,D
14:27:10,PTBA,RG,3670,15,D,DR,PD,D
14:27:10,PTBA,RG,3670,8,D,DR,ZP,F
14:27:10,PTBA,RG,3670,9,D,DR,ZP,F
14:27:10,PTBA,RG,3670,7,D,DR,ZP,F
14:27:10,PTBA,RG,3670,110,D,DR,PD,D
14:27:10,PTBA,RG,3670,19,D,DR,BK,F
14:27:10,PTBA,RG,3670,12,D,DR,BK,F
14:27:10,PTBA,RG,3670,176,D,DR,BB,D
14:27:07,PTBA,RG,3670,1,F,KZ,BB,D
14:27:06,PTBA,RG,3670,22,F,YU,BB,D
14:27:04,PTBA,RG,3670,1,F,KZ,BB,D
14:27:04,PTBA,RG,3670,1,F,KZ,BB,D
14:27:04,PTBA,RG,3670,57,F,KZ,BB,D
14:27:04,PTBA,RG,3670,9,F,KZ,ZP,F
14:27:04,PTBA,RG,3670,90,F,KZ,BK,F
14:27:04,PTBA,RG,3670,20,F,KZ,BK,F
14:27:04,PTBA,RG,3670,4,F,KZ,BK,F
14:27:04,PTBA,RG,3670,14,F,KZ,BK,F
14:27:04,PTBA,RG,3670,3,F,KZ,BK,F
14:27:04,PTBA,RG,3670,3,F,KZ,BK,F
14:26:46,PTBA,RG,3670,1,D,PD,BK,F
14:26:37,PTBA,RG,3670,1,D,XC,BK,F
14:26:36,PTBA,RG,3670,1,D,XC,BK,F
14:26:20,PTBA,RG,3670,1,D,CC,BK,F
14:26:18,PTBA,RG,3670,15,F,YU,BK,F
14:26:18,PTBA,RG,3670,100,D,XC,BK,F
14:26:18,PTBA,RG,3670,1,D,XL,BK,F
14:26:15,PTBA,RG,3670,1,D,CC,BK,F
14:26:14,PTBA,RG,3670,51,F,YU,BK,F
14:26:13,PTBA,RG,3660,500,D,BQ,OD,D
14:26:05,PTBA,RG,3670,3,D,YP,BK,F
14:26:02,PTBA,RG,3670,8,F,YU,BK,F
14:26:01,PTBA,RG,3660,8,D,BQ,XC,D
14:26:01,PTBA,RG,3660,1,D,KK,XC,D
14:25:58,PTBA,RG,3670,1,D,OD,BK,F
14:25:31,PTBA,RG,3670,8,D,XC,BK,F
14:25:31,PTBA,RG,3670,11,D,XC,BK,F
14:25:24,PTBA,RG,3670,1,D,YP,BK,F
14:25:12,PTBA,RG,3670,1,D,NI,BK,F
14:25:11,PTBA,RG,3670,47,F,YU,BK,F
14:25:09,PTBA,RG,3670,32,F,YU,BK,F
14:25:09,PTBA,RG,3670,369,F,BK,BK,F
14:25:09,PTBA,RG,3670,53,F,BK,BB,D
14:25:09,PTBA,RG,3670,13,F,BK,ZP,F
14:25:09,PTBA,RG,3670,265,F,BK,BK,F
14:24:57,PTBA,RG,3670,1,D,NI,BK,F
14:24:55,PTBA,RG,3670,53,F,YU,BK,F
14:24:54,PTBA,RG,3650,15,D,CC,CC,D
14:24:54,PTBA,RG,3650,5,D,CC,CC,D
14:24:54,PTBA,RG,3650,2,D,PD,BQ,D
14:24:54,PTBA,RG,3650,1,D,XA,BQ,D
14:24:54,PTBA,RG,3650,7,D,CC,BQ,D
14:24:54,PTBA,RG,3650,1,D,DH,BQ,D
14:24:54,PTBA,RG,3650,10,D,SQ,BQ,D
14:24:54,PTBA,RG,3650,1,D,DH,BQ,D
14:24:54,PTBA,RG,3650,40,D,SQ,BQ,D
14:24:54,PTBA,RG,3650,6,D,PD,BQ,D
14:24:54,PTBA,RG,3650,1,D,PD,BQ,D
14:24:54,PTBA,RG,3650,2,D,CC,BQ,D
14:24:54,PTBA,RG,3650,1,D,EP,BQ,D
14:24:54,PTBA,RG,3650,1,D,YP,BQ,D
14:24:54,PTBA,RG,3650,10,D,YP,BQ,D
14:24:54,PTBA,RG,3650,1,D,CC,BQ,D
14:24:54,PTBA,RG,3650,60,D,CC,BQ,D
14:24:54,PTBA,RG,3650,5,D,XC,BQ,D
14:24:54,PTBA,RG,3650,1,D,PD,BQ,D
14:24:54,PTBA,RG,3650,10,D,AG,BQ,D
14:24:54,PTBA,RG,3650,8,D,KK,BQ,D
14:24:54,PTBA,RG,3650,10,D,DX,BQ,D
14:24:54,PTBA,RG,3650,2,D,NI,BQ,D
14:24:54,PTBA,RG,3650,2,D,KK,BQ,D
14:24:54,PTBA,RG,3660,89,F,YU,BQ,D
14:24:54,PTBA,RG,3660,180,F,KZ,BQ,D
14:24:54,PTBA,RG,3660,5,D,CC,BQ,D
14:24:54,PTBA,RG,3660,10,D,CC,BQ,D
14:24:54,PTBA,RG,3660,12,F,BK,BQ,D
14:24:54,PTBA,RG,3660,1,F,YU,BQ,D
14:24:54,PTBA,RG,3660,10,D,PD,BQ,D
14:24:54,PTBA,RG,3660,5,D,YB,BQ,D
14:24:54,PTBA,RG,3660,10,D,EP,BQ,D
14:24:54,PTBA,RG,3660,3,D,CC,BQ,D
14:24:54,PTBA,RG,3660,1,D,YP,BQ,D
14:24:54,PTBA,RG,3660,5,D,YP,BQ,D
14:24:54,PTBA,RG,3660,1,D,XL,BQ,D
14:24:54,PTBA,RG,3660,4,D,CC,BQ,D
14:24:54,PTBA,RG,3660,82,D,PD,BQ,D
14:24:54,PTBA,RG,3670,90,F,YU,BK,F
14:24:54,PTBA,RG,3670,1,D,DH,BK,F
14:24:54,PTBA,RG,3660,18,D,PD,BQ,D
14:24:54,PTBA,RG,3660,3,D,PD,BQ,D
14:24:54,PTBA,RG,3660,100,D,SQ,BQ,D
14:24:54,PTBA,RG,3660,5,D,XL,BQ,D
14:24:54,PTBA,RG,3660,5,D,YP,BQ,D
14:24:54,PTBA,RG,3660,2,D,CC,BQ,D
14:24:54,PTBA,RG,3660,20,D,GR,BQ,D
14:24:54,PTBA,RG,3660,5,D,BQ,BQ,D
14:24:54,PTBA,RG,3660,3,D,LG,BQ,D
14:24:54,PTBA,RG,3660,10,D,YP,BQ,D
14:24:54,PTBA,RG,3660,3,D,XC,BQ,D
14:24:54,PTBA,RG,3660,1,D,XC,BQ,D
14:24:54,PTBA,RG,3660,8,D,XC,BQ,D
14:24:54,PTBA,RG,3660,2,D,YP,BQ,D
14:24:54,PTBA,RG,3660,1,D,PD,BQ,D
14:24:54,PTBA,RG,3660,2,D,PD,BQ,D
14:24:54,PTBA,RG,3660,1,D,GR,BQ,D
14:24:54,PTBA,RG,3660,2,D,PD,BQ,D
14:24:54,PTBA,RG,3660,3,D,NI,BQ,D
14:24:54,PTBA,RG,3660,5,D,CC,BQ,D
14:24:54,PTBA,RG,3660,10,D,SQ,BQ,D
14:24:54,PTBA,RG,3660,3,D,CC,BQ,D
14:24:54,PTBA,RG,3660,2,D,CC,BQ,D
14:24:54,PTBA,RG,3660,11,D,YP,BQ,D
14:24:54,PTBA,RG,3670,6,F,YU,ZP,F
14:24:54,PTBA,RG,3670,25,F,YU,ZP,F
14:24:54,PTBA,RG,3670,53,F,YU,BB,D
14:24:54,PTBA,RG,3660,39,D,YP,BQ,D
14:24:54,PTBA,RG,3660,50,D,MG,BQ,D
14:24:54,PTBA,RG,3660,5,D,NI,BQ,D
14:24:54,PTBA,RG,3660,2,D,YP,BQ,D
14:24:54,PTBA,RG,3660,1,D,XC,BQ,D
14:24:54,PTBA,RG,3660,4,D,YP,BQ,D
14:24:54,PTBA,RG,3660,1,D,PD,BQ,D
14:24:54,PTBA,RG,3660,10,D,PD,BQ,D
14:24:54,PTBA,RG,3660,10,D,XC,BQ,D
14:24:54,PTBA,RG,3660,1,D,PD,BQ,D
14:24:54,PTBA,RG,3660,1,D,XC,BQ,D
14:24:54,PTBA,RG,3660,30,D,YP,BQ,D
14:24:54,PTBA,RG,3660,1,D,YP,BQ,D
14:24:54,PTBA,RG,3660,1,D,YP,BQ,D
14:24:54,PTBA,RG,3660,10,D,YP,BQ,D
14:24:54,PTBA,RG,3660,1,D,XL,BQ,D
14:24:54,PTBA,RG,3660,1,D,GR,BQ,D
14:24:54,PTBA,RG,3660,1,D,LG,BQ,D
14:24:54,PTBA,RG,3660,10,D,YP,BQ,D
14:24:54,PTBA,RG,3660,46,D,YP,BQ,D
14:24:53,PTBA,RG,3660,154,D,YP,BQ,D
14:24:53,PTBA,RG,3660,1,D,PD,BQ,D
14:24:53,PTBA,RG,3660,70,D,ZP,BQ,D
14:24:53,PTBA,RG,3660,225,D,ZP,BQ,D
14:24:53,PTBA,RG,3660,105,D,ZP,BQ,D
14:24:53,PTBA,RG,3660,11,D,XC,BQ,D
14:24:53,PTBA,RG,3660,109,D,DR,BQ,D
14:24:53,PTBA,RG,3660,91,D,DR,BQ,D
14:24:53,PTBA,RG,3660,1,D,CC,BQ,D
14:24:53,PTBA,RG,3660,20,D,PD,BQ,D
14:24:53,PTBA,RG,3660,10,D,PD,BQ,D
14:24:53,PTBA,RG,3660,1,D,XC,BQ,D
14:24:53,PTBA,RG,3660,5,D,CC,BQ,D
14:24:53,PTBA,RG,3660,10,D,CC,BQ,D
14:24:53,PTBA,RG,3660,10,D,YP,BQ,D
14:24:53,PTBA,RG,3660,2,D,XC,BQ,D
14:24:53,PTBA,RG,3660,10,D,KK,BQ,D
14:24:53,PTBA,RG,3660,2,D,XC,BQ,D
14:24:53,PTBA,RG,3660,1,D,PD,BQ,D
14:24:53,PTBA,RG,3660,1,D,CC,BQ,D
14:24:53,PTBA,RG,3660,3,D,XC,BQ,D
14:24:53,PTBA,RG,3660,1,D,PD,BQ,D
14:24:53,PTBA,RG,3660,1,D,NI,BQ,D
14:24:53,PTBA,RG,3660,3,D,CC,BQ,D
14:24:53,PTBA,RG,3660,1,D,YP,BQ,D
14:24:53,PTBA,RG,3660,250,D,CC,BQ,D
14:24:53,PTBA,RG,3660,10,D,YP,BQ,D
14:24:53,PTBA,RG,3660,2,D,YP,BQ,D
14:24:53,PTBA,RG,3660,2,D,PD,BQ,D
14:24:53,PTBA,RG,3660,13,D,XL,BQ,D
14:24:53,PTBA,RG,3660,2,D,XL,AT,D
14:24:53,PTBA,RG,3660,1,D,CC,AT,D
14:24:53,PTBA,RG,3660,1,D,PD,AT,D
14:24:53,PTBA,RG,3660,1,D,PD,AT,D
14:24:53,PTBA,RG,3660,2,D,YP,AT,D
14:24:53,PTBA,RG,3660,3,D,YP,BQ,D
14:24:53,PTBA,RG,3660,1,D,PD,BQ,D
14:24:53,PTBA,RG,3660,5,D,EP,BQ,D
14:24:53,PTBA,RG,3660,200,D,YP,BQ,D
14:24:53,PTBA,RG,3660,1,D,DH,BQ,D
14:24:53,PTBA,RG,3660,1,D,YP,BQ,D
14:24:53,PTBA,RG,3660,1,D,YP,BQ,D
14:24:53,PTBA,RG,3660,1,D,YP,BQ,D
14:24:53,PTBA,RG,3660,1,D,YP,BQ,D
14:24:53,PTBA,RG,3660,4,D,CC,BQ,D
14:24:53,PTBA,RG,3660,15,D,XC,BQ,D
14:24:53,PTBA,RG,3660,28,D,NI,BQ,D
14:24:53,PTBA,RG,3660,1,D,DH,BQ,D
14:24:53,PTBA,RG,3660,1,D,XC,BQ,D
14:24:53,PTBA,RG,3660,1,D,PD,BQ,D
14:24:53,PTBA,RG,3660,3,D,XL,BQ,D
14:24:53,PTBA,RG,3660,1,D,OD,BQ,D
14:24:53,PTBA,RG,3660,2,D,PD,BQ,D
14:24:53,PTBA,RG,3660,1,D,XA,BQ,D
14:24:53,PTBA,RG,3660,7,D,CC,BQ,D
14:24:53,PTBA,RG,3660,10,D,SQ,BQ,D
14:24:53,PTBA,RG,3660,1,D,PD,BQ,D
14:24:53,PTBA,RG,3660,1,D,YP,BQ,D
14:24:53,PTBA,RG,3660,10,D,AG,BQ,D
14:24:53,PTBA,RG,3670,5,D,GR,AK,F
14:24:53,PTBA,RG,3670,87,D,YP,AK,F
14:24:53,PTBA,RG,3670,1,D,KK,AK,F
14:24:53,PTBA,RG,3670,1,D,PD,AK,F
14:24:53,PTBA,RG,3670,4,F,RX,AK,F
14:24:53,PTBA,RG,3670,39,F,BK,AK,F
14:24:53,PTBA,RG,3670,1,D,XC,AK,F
14:24:53,PTBA,RG,3670,64,F,YU,AK,F
14:24:53,PTBA,RG,3670,38,F,YU,AK,F
14:24:53,PTBA,RG,3670,236,F,YU,AK,F
14:24:53,PTBA,RG,3670,1,D,XC,AK,F
14:24:53,PTBA,RG,3670,50,D,YP,AK,F
14:24:53,PTBA,RG,3670,25,D,BQ,AK,F
14:24:53,PTBA,RG,3670,10,D,KK,AK,F
14:24:53,PTBA,RG,3670,1,D,PD,AK,F
14:24:53,PTBA,RG,3670,5,F,YU,AK,F
14:24:53,PTBA,RG,3670,52,F,YU,AK,F
14:24:53,PTBA,RG,3670,1,F,KZ,AK,F
14:24:53,PTBA,RG,3670,243,F,KZ,AK,F
14:24:53,PTBA,RG,3670,20,D,AI,AK,F
14:24:53,PTBA,RG,3670,5,D,XL,AK,F
14:24:53,PTBA,RG,3670,10,D,PD,AK,F
14:24:53,PTBA,RG,3670,5,D,YB,AK,F
14:24:53,PTBA,RG,3670,1,D,PD,AK,F
14:24:53,PTBA,RG,3670,1,D,NI,AK,F
14:24:53,PTBA,RG,3670,2,D,PD,AK,F
14:24:53,PTBA,RG,3670,5,D,YP,AK,F
14:24:53,PTBA,RG,3670,1,D,LG,AK,F
14:24:53,PTBA,RG,3670,1,D,NI,AK,F
14:24:53,PTBA,RG,3670,1,D,PD,AK,F
14:24:53,PTBA,RG,3670,50,D,YP,AK,F
14:24:53,PTBA,RG,3670,2,D,XL,AK,F
14:24:53,PTBA,RG,3670,200,D,SQ,AK,F
14:24:53,PTBA,RG,3670,100,D,PD,AK,F
14:24:53,PTBA,RG,3670,1,D,CC,AK,F
14:24:53,PTBA,RG,3670,1,D,PD,AK,F
14:24:53,PTBA,RG,3670,3,D,YP,AK,F
14:24:53,PTBA,RG,3670,100,D,CC,AK,F
14:24:53,PTBA,RG,3670,1,D,PD,AK,F
14:24:53,PTBA,RG,3670,30,D,KK,AK,F
14:24:53,PTBA,RG,3670,10,D,PD,AK,F
14:24:53,PTBA,RG,3670,2,D,DR,AK,F
14:24:53,PTBA,RG,3670,1,D,NI,AK,F
14:24:53,PTBA,RG,3670,2,D,PD,AK,F
14:24:53,PTBA,RG,3670,1,D,YP,AK,F
14:24:53,PTBA,RG,3670,1,D,XL,AK,F
14:24:53,PTBA,RG,3670,1,D,PD,AK,F
14:24:53,PTBA,RG,3670,12,D,XC,AK,F
14:24:53,PTBA,RG,3670,5,D,BQ,AK,F
14:24:53,PTBA,RG,3670,5,D,DR,AK,F
14:24:53,PTBA,RG,3670,1,D,NI,AK,F
14:24:53,PTBA,RG,3670,1,D,XC,AK,F
14:24:53,PTBA,RG,3670,4,D,KK,AK,F
14:24:53,PTBA,RG,3670,50,D,NI,AK,F
14:24:53,PTBA,RG,3670,1,D,PD,AK,F
14:24:53,PTBA,RG,3670,10,D,YP,AK,F
14:24:53,PTBA,RG,3670,5,D,YP,AK,F
14:24:53,PTBA,RG,3670,2,D,XL,AK,F
14:24:53,PTBA,RG,3670,2,D,XL,AK,F
14:24:53,PTBA,RG,3670,1,D,PD,AK,F
14:24:53,PTBA,RG,3670,1,D,PD,AK,F
14:24:53,PTBA,RG,3670,1,D,PD,AK,F
14:24:53,PTBA,RG,3670,100,D,YP,AK,F
14:24:53,PTBA,RG,3670,5,D,GR,AK,F
14:24:53,PTBA,RG,3670,5,D,GR,AK,F
14:24:53,PTBA,RG,3670,3,D,AZ,AK,F
14:24:53,PTBA,RG,3670,2,D,YB,AK,F
14:24:53,PTBA,RG,3670,2,D,PD,AK,F
14:24:53,PTBA,RG,3670,1,D,YP,AK,F
14:24:53,PTBA,RG,3670,1,D,PD,AK,F
14:24:53,PTBA,RG,3670,5,D,DX,AK,F
14:24:53,PTBA,RG,3670,10,D,XC,AK,F
14:24:53,PTBA,RG,3670,1,D,KK,AK,F
14:24:53,PTBA,RG,3670,1,D,PD,AK,F
14:24:53,PTBA,RG,3670,50,D,YP,AK,F
14:24:53,PTBA,RG,3670,1,D,XC,AK,F
14:24:53,PTBA,RG,3670,2,D,YP,AK,F
14:24:53,PTBA,RG,3670,2,D,KK,AK,F
14:24:53,PTBA,RG,3670,25,D,YP,AK,F
14:24:53,PTBA,RG,3670,10,D,MK,AK,F
14:24:53,PTBA,RG,3670,100,D,YP,AK,F
14:24:53,PTBA,RG,3670,1,D,PD,AK,F
14:24:53,PTBA,RG,3670,20,D,YU,AK,F
14:24:53,PTBA,RG,3670,25,D,MG,AK,F
14:24:53,PTBA,RG,3670,66,D,YP,AK,F
14:24:53,PTBA,RG,3670,34,D,YP,BQ,D
14:24:53,PTBA,RG,3670,65,D,OD,BQ,D
14:24:53,PTBA,RG,3670,5,D,CC,BQ,D
14:24:53,PTBA,RG,3670,1,D,PD,BQ,D
14:24:53,PTBA,RG,3670,100,D,CC,BQ,D
14:24:53,PTBA,RG,3670,1,D,XC,BQ,D
14:24:53,PTBA,RG,3670,2,D,NI,BQ,D
14:24:53,PTBA,RG,3670,1,D,NI,BQ,D
14:24:53,PTBA,RG,3670,16,D,YP,BQ,D
14:24:53,PTBA,RG,3670,34,D,YP,BQ,D
14:24:53,PTBA,RG,3670,1,D,CC,BQ,D
14:24:53,PTBA,RG,3670,35,D,YP,BQ,D
14:24:53,PTBA,RG,3670,20,D,XL,BQ,D
14:24:53,PTBA,RG,3670,2,D,PD,BQ,D
14:24:53,PTBA,RG,3670,1,D,XL,BQ,D
14:24:53,PTBA,RG,3670,4,D,YP,BQ,D
14:24:53,PTBA,RG,3670,10,D,OD,BQ,D
14:24:53,PTBA,RG,3670,10,D,YP,BQ,D
14:24:53,PTBA,RG,3670,1,D,XC,BQ,D
14:24:53,PTBA,RG,3670,5,D,EP,BQ,D
14:24:53,PTBA,RG,3670,1,D,XC,BQ,D
14:24:53,PTBA,RG,3670,1,D,PD,BQ,D
14:24:53,PTBA,RG,3670,1,D,XC,BQ,D
14:24:53,PTBA,RG,3670,1,D,PD,BQ,D
14:24:53,PTBA,RG,3670,2,D,KK,BQ,D
14:24:53,PTBA,RG,3670,1,D,PD,BQ,D
14:24:53,PTBA,RG,3670,1,D,KK,BQ,D
14:24:53,PTBA,RG,3670,1,D,KK,BQ,D
14:24:53,PTBA,RG,3670,8,D,SQ,BQ,D
14:24:53,PTBA,RG,3670,1,D,XL,BQ,D
14:24:53,PTBA,RG,3670,1,D,PD,BQ,D
14:24:53,PTBA,RG,3670,1,D,XL,BQ,D
14:24:53,PTBA,RG,3670,20,D,YP,BQ,D
14:24:53,PTBA,RG,3670,1,D,YP,BQ,D
14:24:53,PTBA,RG,3670,5,D,CC,BQ,D
14:24:53,PTBA,RG,3670,1,D,PD,BQ,D
14:24:53,PTBA,RG,3670,3,D,IP,BQ,D
14:24:53,PTBA,RG,3670,1,D,XL,BQ,D
14:24:53,PTBA,RG,3670,100,D,DH,BQ,D
14:24:53,PTBA,RG,3670,1,D,YP,BQ,D
14:24:53,PTBA,RG,3670,25,D,XC,BQ,D
14:24:53,PTBA,RG,3670,35,D,XC,BQ,D
14:24:53,PTBA,RG,3670,2,D,KK,BQ,D
14:24:53,PTBA,RG,3670,1,D,YP,BQ,D
14:24:53,PTBA,RG,3670,200,D,YP,BQ,D
14:24:53,PTBA,RG,3670,1,D,PD,BQ,D
14:24:53,PTBA,RG,3670,61,D,OD,BQ,D
14:24:53,PTBA,RG,3670,300,D,OD,BQ,D
14:24:53,PTBA,RG,3680,1,F,KZ,BB,D
14:24:53,PTBA,RG,3680,5,F,KZ,BB,D
14:24:53,PTBA,RG,3670,300,D,OD,BQ,D
14:24:52,PTBA,RG,3680,10,F,KZ,BB,D
14:24:52,PTBA,RG,3680,5,F,KZ,ZP,F
14:24:52,PTBA,RG,3680,4,F,KZ,ZP,F
14:24:52,PTBA,RG,3680,7,F,KZ,ZP,F
14:24:52,PTBA,RG,3680,3,F,KZ,ZP,F
14:24:52,PTBA,RG,3680,5,F,KZ,BK,F
14:24:52,PTBA,RG,3680,11,F,YU,BK,F
14:24:52,PTBA,RG,3670,339,D,OD,BQ,D
14:24:52,PTBA,RG,3670,2,D,YP,BQ,D
14:24:52,PTBA,RG,3670,1,D,XC,BQ,D
14:24:52,PTBA,RG,3670,5,D,XC,BQ,D
14:24:52,PTBA,RG,3670,150,D,AZ,BQ,D
14:24:52,PTBA,RG,3670,5,D,CC,BQ,D
14:24:52,PTBA,RG,3670,3,D,KK,BQ,D
14:24:52,PTBA,RG,3670,2,D,XC,BQ,D
14:24:52,PTBA,RG,3670,2,D,CC,BQ,D
14:24:52,PTBA,RG,3670,91,D,YP,BQ,D
14:24:52,PTBA,RG,3670,181,D,YP,BQ,D
14:24:52,PTBA,RG,3670,150,D,ZP,BQ,D
14:24:52,PTBA,RG,3670,1,D,XC,BQ,D
14:24:52,PTBA,RG,3670,1,D,PD,BQ,D
14:24:52,PTBA,RG,3670,1,D,XC,BQ,D
14:24:52,PTBA,RG,3670,1,D,PD,BQ,D
14:24:52,PTBA,RG,3670,1,D,KK,BQ,D
14:24:52,PTBA,RG,3670,50,D,DR,BQ,D
14:24:52,PTBA,RG,3670,1,D,CC,BQ,D
14:24:52,PTBA,RG,3670,5,D,YP,BQ,D
14:24:52,PTBA,RG,3670,4,D,XL,BQ,D
14:24:52,PTBA,RG,3670,5,D,NI,BQ,D
14:24:52,PTBA,RG,3670,10,D,OD,BQ,D
14:24:52,PTBA,RG,3670,89,D,ZP,BQ,D
14:24:38,PTBA,RG,3680,1,F,RX,BK,F
14:24:36,PTBA,RG,3680,3,D,GR,BK,F
14:24:11,PTBA,RG,3680,3,F,RX,CC,D
14:24:11,PTBA,RG,3680,2,F,RX,HP,D
14:23:56,PTBA,RG,3680,1,F,RX,HP,D
14:23:54,PTBA,RG,3680,7,F,YU,HP,D
14:23:54,PTBA,RG,3670,29,D,ZP,AK,F
14:23:53,PTBA,RG,3680,1,D,YP,HP,D
14:23:33,PTBA,RG,3680,1,D,DH,HP,D
14:23:16,PTBA,RG,3680,40,F,YU,HP,D
14:23:13,PTBA,RG,3680,12,F,YU,HP,D
14:23:13,PTBA,RG,3680,21,D,YP,HP,D
14:23:13,PTBA,RG,3680,17,D,YP,BK,F
14:23:13,PTBA,RG,3680,348,D,YP,BB,D
14:23:13,PTBA,RG,3680,110,D,YP,ZP,F
14:23:13,PTBA,RG,3680,4,D,YP,BK,F
14:22:53,PTBA,RG,3680,12,F,YU,BK,F
14:22:53,PTBA,RG,3680,291,D,YU,BK,F
14:22:53,PTBA,RG,3680,9,D,YU,RX,D
14:22:42,PTBA,RG,3680,60,D,KK,RX,D
14:22:42,PTBA,RG,3680,43,D,KK,BK,F
14:22:42,PTBA,RG,3680,24,D,KK,XC,D
14:22:42,PTBA,RG,3680,54,D,KK,ZP,F
14:22:42,PTBA,RG,3680,56,D,KK,BB,D
14:22:33,PTBA,RG,3670,100,D,ZP,KK,D
14:22:25,PTBA,RG,3680,6,D,NI,BB,D
14:22:16,PTBA,RG,3670,1,D,ZP,AK,F
14:22:12,PTBA,RG,3680,1,D,PD,BB,D
14:22:10,PTBA,RG,3670,7,D,ZP,XC,D
14:22:07,PTBA,RG,3670,24,D,ZP,NI,D
14:22:07,PTBA,RG,3670,25,D,BQ,NI,D
14:22:07,PTBA,RG,3670,1,D,XC,NI,D
14:21:52,PTBA,RG,3680,2,D,YU,BB,D
14:21:49,PTBA,RG,3680,57,F,YU,AK,F
14:21:49,PTBA,RG,3680,64,F,YU,AK,F
14:21:49,PTBA,RG,3680,115,F,YU,AK,F
14:21:49,PTBA,RG,3680,20,F,YU,BB,D
14:21:49,PTBA,RG,3680,10,D,PD,BB,D
14:21:49,PTBA,RG,3680,70,D,YP,BB,D
14:21:49,PTBA,RG,3680,50,D,BQ,BB,D
14:21:49,PTBA,RG,3680,5,D,YP,BB,D
14:21:49,PTBA,RG,3680,5,D,NI,BB,D
14:21:49,PTBA,RG,3680,4,D,XL,BB,D
14:21:49,PTBA,RG,3680,5,D,PD,BB,D
14:21:49,PTBA,RG,3680,3,D,BQ,BB,D
14:21:49,PTBA,RG,3680,10,D,YP,BB,D
14:21:49,PTBA,RG,3680,5,F,CC,BB,D
14:21:49,PTBA,RG,3680,1,D,PD,BB,D
14:21:49,PTBA,RG,3680,10,D,PD,BB,D
14:21:49,PTBA,RG,3680,10,D,PD,BB,D
14:21:49,PTBA,RG,3680,5,D,YB,BB,D
14:21:49,PTBA,RG,3680,3,D,YB,BB,D
14:21:49,PTBA,RG,3680,3,D,YB,BB,D
14:21:49,PTBA,RG,3680,177,D,XA,BB,D
14:21:49,PTBA,RG,3680,10,D,PD,BB,D
14:21:49,PTBA,RG,3680,2,D,YP,BB,D
14:21:49,PTBA,RG,3680,5,D,KK,BB,D
14:21:49,PTBA,RG,3680,1,D,NI,BB,D
14:21:49,PTBA,RG,3680,3,D,XL,BB,D
14:21:49,PTBA,RG,3680,25,D,XC,BB,D
14:21:49,PTBA,RG,3680,1,D,PD,BB,D
14:21:49,PTBA,RG,3680,10,D,XC,BB,D
14:21:49,PTBA,RG,3680,2,F,KZ,BB,D
14:21:49,PTBA,RG,3680,1,D,PD,BB,D
14:21:49,PTBA,RG,3680,2,D,CC,BB,D
14:21:49,PTBA,RG,3680,2,F,RX,BB,D
14:21:49,PTBA,RG,3680,2,D,YP,BB,D
14:21:49,PTBA,RG,3680,2,F,KZ,BB,D
14:21:49,PTBA,RG,3680,2,F,KZ,BB,D
14:21:49,PTBA,RG,3680,1,F,KZ,BB,D
14:21:49,PTBA,RG,3680,11,F,KZ,BB,D
14:21:49,PTBA,RG,3680,2,F,KZ,BB,D
14:21:49,PTBA,RG,3680,15,F,KZ,BB,D
14:21:49,PTBA,RG,3680,30,F,YU,BB,D
14:21:49,PTBA,RG,3680,4,F,KZ,BB,D
14:21:49,PTBA,RG,3680,14,D,DH,BB,D
14:21:49,PTBA,RG,3680,1,D,PD,BB,D
14:21:49,PTBA,RG,3680,100,D,YP,BB,D
14:21:49,PTBA,RG,3680,1,D,XC,BB,D
14:21:49,PTBA,RG,3680,3,D,XC,BB,D
14:21:49,PTBA,RG,3680,20,D,SQ,BB,D
14:21:49,PTBA,RG,3680,1,D,PD,BB,D
14:21:49,PTBA,RG,3680,20,D,PD,BB,D
14:21:49,PTBA,RG,3680,10,D,XL,BB,D
14:21:49,PTBA,RG,3680,50,D,YP,BB,D
14:21:49,PTBA,RG,3680,100,D,KI,BB,D
14:21:49,PTBA,RG,3680,1,D,AT,BB,D
14:21:49,PTBA,RG,3680,1,D,XC,BB,D
14:21:49,PTBA,RG,3680,1,D,PD,BB,D
14:21:49,PTBA,RG,3680,1,D,SQ,BB,D
14:21:49,PTBA,RG,3680,25,D,YJ,BB,D
14:21:49,PTBA,RG,3680,1,D,YP,BB,D
14:21:49,PTBA,RG,3680,11,D,SQ,BB,D
14:21:49,PTBA,RG,3680,5,D,YP,BB,D
14:21:49,PTBA,RG,3680,2,D,PD,BB,D
14:21:49,PTBA,RG,3680,2,D,LG,BB,D
14:21:49,PTBA,RG,3680,1101,D,BQ,BB,D
14:21:37,PTBA,RG,3690,1,D,EP,BB,D
14:21:32,PTBA,RG,3690,6,F,YU,BB,D
14:21:32,PTBA,RG,3690,18,F,YU,BB,D
14:21:32,PTBA,RG,3690,16,F,YU,BK,F
14:21:32,PTBA,RG,3690,56,F,YU,RX,D
14:21:28,PTBA,RG,3690,7,F,YU,RX,D
14:21:28,PTBA,RG,3680,899,D,BQ,BB,D
14:21:28,PTBA,RG,3680,30,D,BQ,BB,D
14:20:47,PTBA,RG,3690,1,D,NI,BB,D
14:20:42,PTBA,RG,3680,2,D,BQ,XL,D
14:20:25,PTBA,RG,3680,18,D,BQ,YB,D
14:20:14,PTBA,RG,3690,3,D,XL,BB,D
14:19:51,PTBA,RG,3690,1,D,SQ,BB,D
14:19:30,PTBA,RG,3690,6,F,YU,BB,D
14:19:29,PTBA,RG,3690,15,D,DH,BB,D
14:19:09,PTBA,RG,3690,2,D,XL,BB,D
14:18:51,PTBA,RG,3690,43,F,YU,BB,D
14:18:51,PTBA,RG,3690,1,F,YU,BK,F
14:18:46,PTBA,RG,3680,3,F,AK,AK,F
14:18:46,PTBA,RG,3690,34,F,YU,BK,F
14:18:46,PTBA,RG,3690,30,F,YU,ZP,F
14:18:46,PTBA,RG,3680,378,F,AK,ZP,D
14:18:46,PTBA,RG,3680,622,D,CP,ZP,D
14:17:40,PTBA,RG,3680,6,D,CP,XC,D
14:17:10,PTBA,RG,3690,1,D,XL,ZP,F
14:17:10,PTBA,RG,3690,7,F,YU,ZP,F
14:17:10,PTBA,RG,3680,30,D,CP,EP,D
14:17:04,PTBA,RG,3680,1,D,CP,XC,D
14:16:52,PTBA,RG,3680,1,D,CP,PD,D
14:16:45,PTBA,RG,3680,31,D,CP,RX,D
14:16:42,PTBA,RG,3690,9,F,YU,ZP,F
14:16:42,PTBA,RG,3690,86,F,YU,ZP,F
14:16:40,PTBA,RG,3690,18,F,YU,ZP,F
14:16:40,PTBA,RG,3680,309,D,CP,OD,D
14:16:40,PTBA,RG,3680,1,D,XC,OD,D
14:16:40,PTBA,RG,3680,1,D,NI,OD,D
14:16:40,PTBA,RG,3680,10,D,XC,OD,D
14:16:40,PTBA,RG,3680,5,D,CC,OD,D
14:16:40,PTBA,RG,3680,1,D,YP,OD,D
14:16:40,PTBA,RG,3680,10,D,PD,OD,D
14:16:40,PTBA,RG,3680,1,D,PD,OD,D
14:16:40,PTBA,RG,3680,1,D,PD,OD,D
14:16:40,PTBA,RG,3680,346,D,BQ,OD,D
14:16:40,PTBA,RG,3680,2,D,YP,OD,D
14:16:40,PTBA,RG,3680,1,D,NI,OD,D
14:16:40,PTBA,RG,3680,1,D,XC,OD,D
14:16:40,PTBA,RG,3680,3,D,PD,OD,D
14:16:40,PTBA,RG,3680,1,D,XL,OD,D
14:16:40,PTBA,RG,3680,1,D,YP,OD,D
14:16:40,PTBA,RG,3680,1,D,NI,OD,D
14:16:40,PTBA,RG,3680,5,D,XL,OD,D
14:16:40,PTBA,RG,3680,9,D,XC,OD,D
14:16:40,PTBA,RG,3680,30,D,BQ,OD,D
14:16:40,PTBA,RG,3680,4,D,XL,OD,D
14:16:40,PTBA,RG,3680,1,D,PD,OD,D
14:16:40,PTBA,RG,3680,50,D,PD,OD,D
14:16:40,PTBA,RG,3680,50,D,PD,OD,D
14:16:40,PTBA,RG,3680,1,D,YP,OD,D
14:16:40,PTBA,RG,3680,5,D,DH,OD,D
14:16:40,PTBA,RG,3680,150,D,OD,OD,D
14:16:31,PTBA,RG,3680,1,D,OD,AK,F
14:16:18,PTBA,RG,3680,4,D,OD,XC,D
14:16:08,PTBA,RG,3680,12,D,OD,BK,F
14:16:02,PTBA,RG,3690,1,D,NI,ZP,F
14:15:57,PTBA,RG,3680,4,D,OD,NI,D
14:15:44,PTBA,RG,3690,7,F,YU,ZP,F
14:15:38,PTBA,RG,3680,25,D,OD,CC,D
14:15:21,PTBA,RG,3680,2,D,OD,YU,D
14:15:21,PTBA,RG,3680,1,D,OD,NI,D
14:14:26,PTBA,RG,3680,1,D,OD,YU,F
14:14:26,PTBA,RG,3680,10,D,KK,YU,F
14:14:26,PTBA,RG,3680,1,D,XC,YU,F
14:14:26,PTBA,RG,3680,1,D,CC,YU,F
14:14:26,PTBA,RG,3680,1,D,PD,YU,F
14:14:26,PTBA,RG,3680,8,D,SQ,YU,F
14:14:15,PTBA,RG,3690,15,F,YU,ZP,F
14:14:15,PTBA,RG,3690,13,F,YU,ZP,F
14:14:14,PTBA,RG,3690,29,D,CC,ZP,F
14:14:14,PTBA,RG,3690,114,D,CC,BB,D
14:14:14,PTBA,RG,3690,171,D,CC,AZ,D
14:13:52,PTBA,RG,3690,1,D,DR,AZ,D
14:13:52,PTBA,RG,3690,3,F,KZ,AZ,D
14:13:52,PTBA,RG,3690,2,D,XC,AZ,D
14:13:52,PTBA,RG,3690,1,F,KZ,AZ,D
14:13:52,PTBA,RG,3690,5,D,XC,AZ,D
14:13:52,PTBA,RG,3690,1,D,KK,AZ,D
14:13:52,PTBA,RG,3690,1,F,CC,AZ,D
14:13:52,PTBA,RG,3690,2,F,KZ,AZ,D
14:13:52,PTBA,RG,3690,1,D,YP,AZ,D
14:13:52,PTBA,RG,3690,1,D,XL,AZ,D
14:13:52,PTBA,RG,3690,20,D,YP,AZ,D
14:13:52,PTBA,RG,3690,1,D,XC,AZ,D
14:13:52,PTBA,RG,3690,14,F,YU,AZ,D
14:13:52,PTBA,RG,3690,1,F,KZ,AZ,D
14:13:52,PTBA,RG,3690,25,F,KZ,AZ,D
14:13:50,PTBA,RG,3690,1,F,KZ,PD,D
14:13:47,PTBA,RG,3700,4,D,XL,BB,D
14:13:22,PTBA,RG,3700,8,F,YU,BB,D
14:13:22,PTBA,RG,3690,50,F,KZ,DH,D
14:12:44,PTBA,RG,3700,30,D,XL,BB,D
14:12:27,PTBA,RG,3700,7,F,YU,BB,D
14:12:27,PTBA,RG,3690,20,F,KZ,YU,D
14:12:27,PTBA,RG,3690,1,F,RX,YU,D
14:12:27,PTBA,RG,3690,2,D,KK,YU,D
14:12:27,PTBA,RG,3690,2,D,YP,YU,D
14:12:27,PTBA,RG,3690,1,D,KK,YU,D
14:12:27,PTBA,RG,3690,4,D,PD,YU,D
14:11:51,PTBA,RG,3700,2,D,XC,BB,D
14:11:16,PTBA,RG,3700,1,D,PD,BB,D
14:11:11,PTBA,RG,3690,1,D,PD,XC,D
14:10:59,PTBA,RG,3690,2,D,PD,XC,D
14:10:58,PTBA,RG,3690,12,D,PD,BB,D
14:10:47,PTBA,RG,3690,6,D,PD,LG,D
14:10:47,PTBA,RG,3690,2,D,YP,LG,D
14:09:17,PTBA,RG,3690,1,D,YP,PD,D
14:09:01,PTBA,RG,3700,1,D,XC,BB,D
14:08:25,PTBA,RG,3700,13,F,YU,BB,D
14:08:22,PTBA,RG,3690,47,D,YP,BB,D
14:08:22,PTBA,RG,3690,100,D,KK,BB,D
14:08:22,PTBA,RG,3690,1,D,PD,BB,D
14:08:22,PTBA,RG,3690,3,F,KZ,BB,D
14:08:22,PTBA,RG,3690,35,F,KZ,BB,D
14:08:22,PTBA,RG,3690,6,F,YU,BB,D
14:08:22,PTBA,RG,3690,1,D,DR,BB,D
14:08:22,PTBA,RG,3690,5,D,KK,BB,D
14:08:22,PTBA,RG,3690,6,F,YU,BB,D
14:08:22,PTBA,RG,3690,79,F,YU,BB,D
14:08:22,PTBA,RG,3690,717,D,CP,BB,D
14:08:10,PTBA,RG,3690,10,D,CP,XC,D
14:07:48,PTBA,RG,3690,1,D,CP,NI,D
14:07:45,PTBA,RG,3690,1,D,CP,NI,D
14:07:24,PTBA,RG,3690,1,D,CP,XL,D
14:07:16,PTBA,RG,3700,27,F,YU,BB,D
14:07:12,PTBA,RG,3690,254,D,CP,YP,D
14:07:12,PTBA,RG,3690,6,F,YU,YP,D
14:07:12,PTBA,RG,3690,25,D,PD,YP,D
14:07:12,PTBA,RG,3690,41,F,KZ,YP,D
14:07:12,PTBA,RG,3690,7,F,YU,YP,D
14:07:12,PTBA,RG,3690,2,F,YU,YP,D
14:07:12,PTBA,RG,3690,2,D,XL,YP,D
14:07:12,PTBA,RG,3690,5,D,CC,YP,D
14:07:12,PTBA,RG,3690,5,F,KZ,YP,D
14:07:12,PTBA,RG,3690,5,D,DR,YP,D
14:07:12,PTBA,RG,3690,48,D,YP,YP,D
14:06:48,PTBA,RG,3700,1,D,XL,BB,D
14:05:49,PTBA,RG,3700,1,D,XC,BB,D
14:05:30,PTBA,RG,3690,2,D,YP,AZ,D
14:05:30,PTBA,RG,3690,10,F,YU,AZ,D
14:05:30,PTBA,RG,3690,100,D,YP,AZ,D
14:05:30,PTBA,RG,3690,5,D,PD,AZ,D
14:05:30,PTBA,RG,3690,7,F,YU,AZ,D
14:05:30,PTBA,RG,3690,100,D,HD,AZ,D
14:05:30,PTBA,RG,3690,3,D,DR,AZ,D
14:05:30,PTBA,RG,3690,1,F,RX,AZ,D
14:05:30,PTBA,RG,3690,1,F,KZ,AZ,D
14:05:30,PTBA,RG,3690,2,F,KZ,AZ,D
14:05:30,PTBA,RG,3690,9,F,YU,AZ,D
14:05:30,PTBA,RG,3690,3,D,DR,AZ,D
14:05:30,PTBA,RG,3690,50,D,BQ,AZ,D
14:05:30,PTBA,RG,3690,13,F,YU,AZ,D
14:05:30,PTBA,RG,3690,50,D,EP,AZ,D
14:05:30,PTBA,RG,3690,1,D,YP,AZ,D
14:05:30,PTBA,RG,3690,3,D,DR,AZ,D
14:05:30,PTBA,RG,3690,5,D,CC,AZ,D
14:05:30,PTBA,RG,3690,10,D,LS,AZ,D
14:05:30,PTBA,RG,3690,1,D,NI,AZ,D
14:05:30,PTBA,RG,3690,24,D,YP,AZ,D
14:05:17,PTBA,RG,3700,7,F,YU,BB,D
14:05:17,PTBA,RG,3690,46,D,YP,DH,D
14:05:17,PTBA,RG,3690,1,F,KZ,DH,D
14:05:17,PTBA,RG,3690,1,F,RX,DH,D
14:05:17,PTBA,RG,3690,1,F,KZ,DH,D
14:05:17,PTBA,RG,3690,1,D,PD,DH,D
14:05:04,PTBA,RG,3700,1,D,XC,BB,D
14:04:01,PTBA,RG,3700,1,D,XL,BB,D
14:03:49,PTBA,RG,3700,3,D,CC,BB,D
14:03:48,PTBA,RG,3700,2,D,PD,BB,D
14:03:45,PTBA,RG,3700,2,D,DR,BB,D
14:03:21,PTBA,RG,3700,5,F,YU,BB,D
14:03:21,PTBA,RG,3700,30,D,NI,BB,D
14:03:07,PTBA,RG,3700,3,D,DR,BB,D
14:02:45,PTBA,RG,3700,1,D,DR,BB,D
14:02:42,PTBA,RG,3700,5,D,YB,BB,D
14:02:34,PTBA,RG,3700,1,D,NI,BB,D
14:00:47,PTBA,RG,3700,14,F,YU,BB,D
14:00:44,PTBA,RG,3700,10,D,YP,BB,D
14:00:43,PTBA,RG,3700,1,F,KZ,BB,D
14:00:43,PTBA,RG,3700,1,F,KZ,BB,D
14:00:41,PTBA,RG,3700,7,F,YU,BB,D
14:00:41,PTBA,RG,3700,116,F,KZ,BB,D
14:00:41,PTBA,RG,3700,5,F,KZ,CC,D
14:00:41,PTBA,RG,3700,3,F,KZ,SQ,D
14:00:41,PTBA,RG,3700,57,F,KZ,YP,D
14:00:41,PTBA,RG,3700,7,F,YU,YP,D
14:00:38,PTBA,RG,3700,13,F,KZ,YP,D
14:00:38,PTBA,RG,3700,1,F,KZ,YP,D
14:00:38,PTBA,RG,3700,1,F,KZ,YP,D
14:00:38,PTBA,RG,3700,3,F,KZ,YP,D
14:00:38,PTBA,RG,3700,4,F,KZ,YP,D
14:00:38,PTBA,RG,3700,1,F,KZ,YP,D
14:00:38,PTBA,RG,3700,7,F,KZ,YP,D
14:00:38,PTBA,RG,3700,21,F,KZ,YP,D
14:00:38,PTBA,RG,3700,21,F,YU,YP,D
14:00:33,PTBA,RG,3700,164,F,YU,YP,D
14:00:33,PTBA,RG,3700,1,F,YU,YP,D
14:00:33,PTBA,RG,3700,2,F,YU,NI,D
14:00:33,PTBA,RG,3700,3,F,YU,AK,F
14:00:33,PTBA,RG,3700,21,F,YU,BK,F
14:00:33,PTBA,RG,3700,20,F,YU,ZP,F
14:00:33,PTBA,RG,3690,4,D,CP,ZP,F
14:00:32,PTBA,RG,3690,3,D,CP,AK,F
14:00:32,PTBA,RG,3690,11,D,CP,ZP,F
14:00:32,PTBA,RG,3690,222,D,CP,BB,D
14:00:32,PTBA,RG,3690,3,D,CP,AK,F
14:00:32,PTBA,RG,3690,1,D,CP,AK,F
14:00:32,PTBA,RG,3690,38,D,CP,NI,D
14:00:32,PTBA,RG,3690,3,D,CP,CC,F
14:00:32,PTBA,RG,3690,10,D,CP,YP,D
14:00:32,PTBA,RG,3690,9,D,CP,ZP,F
14:00:32,PTBA,RG,3690,10,D,CP,YP,D
14:00:32,PTBA,RG,3690,30,D,CP,CC,D
14:00:32,PTBA,RG,3690,19,D,CP,RX,D
14:00:32,PTBA,RG,3690,5,D,CP,NI,D
14:00:32,PTBA,RG,3690,9,D,CP,XA,D
14:00:32,PTBA,RG,3690,1,D,CP,YP,D
14:00:32,PTBA,RG,3690,3,D,CP,AK,F
14:00:32,PTBA,RG,3690,4,D,CP,XC,D
14:00:32,PTBA,RG,3690,72,D,CP,BK,F
14:00:31,PTBA,RG,3690,29,F,AK,BK,F
14:00:31,PTBA,RG,3690,29,F,AK,BK,F
14:00:31,PTBA,RG,3690,59,F,AK,BK,F
14:00:31,PTBA,RG,3690,10,F,YU,BK,F
14:00:31,PTBA,RG,3690,35,F,AK,BK,F
14:00:31,PTBA,RG,3690,82,F,AK,BB,D
14:00:31,PTBA,RG,3690,533,D,XA,BB,D
14:00:31,PTBA,RG,3690,1,D,XA,AK,F
14:00:31,PTBA,RG,3690,3,D,XA,AK,F
14:00:31,PTBA,RG,3690,62,D,XA,RX,D
14:00:31,PTBA,RG,3690,13,D,XA,BK,F
14:00:31,PTBA,RG,3690,560,D,XA,BK,F
14:00:31,PTBA,RG,3690,64,D,XA,BK,F
14:00:31,PTBA,RG,3690,173,D,XA,ZP,F
14:00:31,PTBA,RG,3690,91,D,XA,ZP,F
14:00:28,PTBA,RG,3690,6,F,YU,ZP,F
14:00:24,PTBA,RG,3680,2,D,SQ,BK,F
14:00:24,PTBA,RG,3680,14,D,ES,BK,F
14:00:24,PTBA,RG,3690,2,D,YP,ZP,F
14:00:22,PTBA,RG,3690,34,F,YU,ZP,F
14:00:22,PTBA,RG,3690,11,F,YU,BB,D
14:00:14,PTBA,RG,3690,7,F,YU,BB,D
14:00:14,PTBA,RG,3680,1,D,ES,KK,D
14:00:14,PTBA,RG,3680,50,D,DH,KK,D
14:00:14,PTBA,RG,3680,1,D,XC,KK,D
14:00:14,PTBA,RG,3680,2,D,XC,KK,D
14:00:14,PTBA,RG,3680,6,D,YP,KK,D
14:00:14,PTBA,RG,3680,3,D,XC,KK,D
14:00:14,PTBA,RG,3680,1,D,YP,KK,D
14:00:14,PTBA,RG,3680,2,D,XL,KK,D
14:00:14,PTBA,RG,3680,10,D,PD,KK,D
14:00:14,PTBA,RG,3680,1,D,PD,KK,D
14:00:14,PTBA,RG,3680,1,D,DH,KK,D
14:00:14,PTBA,RG,3680,1,D,SQ,KK,D
14:00:14,PTBA,RG,3680,1,D,AZ,KK,D
14:00:14,PTBA,RG,3680,2,D,EP,KK,D
14:00:14,PTBA,RG,3680,15,D,DR,KK,D
14:00:14,PTBA,RG,3680,1,D,NI,KK,D
14:00:14,PTBA,RG,3680,1,D,YP,KK,D
14:00:14,PTBA,RG,3680,1,D,NI,KK,D
14:00:14,PTBA,RG,3680,1,D,PD,KK,D
14:00:14,PTBA,RG,3680,2,D,PD,KK,D
14:00:14,PTBA,RG,3680,5,D,CC,KK,D
14:00:14,PTBA,RG,3680,3,D,YP,KK,D
14:00:14,PTBA,RG,3680,6,D,XC,KK,D
14:00:14,PTBA,RG,3680,1,D,XC,KK,D
14:00:14,PTBA,RG,3680,2,D,EP,KK,D
14:00:14,PTBA,RG,3680,1,D,XL,KK,D
14:00:14,PTBA,RG,3680,1,D,GR,KK,D
14:00:14,PTBA,RG,3680,1,D,PD,KK,D
14:00:14,PTBA,RG,3680,2,D,KK,KK,D
14:00:14,PTBA,RG,3680,100,D,OD,KK,D
14:00:14,PTBA,RG,3680,10,D,PD,KK,D
14:00:14,PTBA,RG,3680,10,D,XC,KK,D
14:00:14,PTBA,RG,3680,1,D,XL,KK,D
14:00:14,PTBA,RG,3680,1,D,NI,KK,D
14:00:14,PTBA,RG,3680,2,D,XC,KK,D
14:00:14,PTBA,RG,3680,1,D,XC,KK,D
14:00:14,PTBA,RG,3680,1,D,XC,KK,D
14:00:14,PTBA,RG,3680,1,D,YP,KK,D
14:00:14,PTBA,RG,3680,2,D,XL,KK,D
14:00:14,PTBA,RG,3680,30,D,NI,KK,D
14:00:14,PTBA,RG,3680,2,D,PD,KK,D
14:00:14,PTBA,RG,3680,100,D,CC,KK,D
14:00:14,PTBA,RG,3680,1,D,PD,KK,D
14:00:14,PTBA,RG,3680,5,D,XL,KK,D
14:00:14,PTBA,RG,3680,50,D,MG,KK,D
14:00:14,PTBA,RG,3680,58,D,YP,KK,D
14:00:08,PTBA,RG,3680,4,D,YP,ZP,F
13:59:57,PTBA,RG,3680,1,D,YP,YP,D
13:59:56,PTBA,RG,3690,6,F,YU,BB,D
13:59:56,PTBA,RG,3690,65,F,YU,BB,D
13:59:54,PTBA,RG,3690,45,F,YU,BB,D
13:59:54,PTBA,RG,3680,37,D,YP,BB,D
13:59:54,PTBA,RG,3680,3,D,YP,BB,D
13:59:54,PTBA,RG,3680,1,D,XL,BB,D
13:59:54,PTBA,RG,3680,5,D,XC,BB,D
13:59:54,PTBA,RG,3680,1,D,XC,BB,D
13:59:54,PTBA,RG,3680,100,D,CC,BB,D
13:59:54,PTBA,RG,3680,10,D,RF,BB,D
13:59:54,PTBA,RG,3680,5,D,NI,BB,D
13:59:54,PTBA,RG,3680,2,D,XC,BB,D
13:59:54,PTBA,RG,3680,10,D,YP,BB,D
13:59:54,PTBA,RG,3680,1,D,XC,BB,D
13:59:54,PTBA,RG,3680,7,D,PD,BB,D
13:59:54,PTBA,RG,3680,1,D,CC,BB,D
13:59:54,PTBA,RG,3680,1,D,PD,BB,D
13:59:54,PTBA,RG,3680,2,D,XC,BB,D
13:59:54,PTBA,RG,3680,1,D,YP,BB,D
13:59:54,PTBA,RG,3680,2,D,NI,BB,D
13:59:54,PTBA,RG,3680,5,D,XL,BB,D
13:59:54,PTBA,RG,3680,3,D,XC,BB,D
13:59:54,PTBA,RG,3680,1,D,KK,BB,D
13:59:54,PTBA,RG,3680,5,D,DH,BB,D
13:59:54,PTBA,RG,3680,1,D,SQ,BB,D
13:59:54,PTBA,RG,3680,1,D,PD,BB,D
13:59:54,PTBA,RG,3680,2,D,CC,BB,D
13:59:54,PTBA,RG,3680,2,D,KK,BB,D
13:59:54,PTBA,RG,3680,50,D,YP,BB,D
13:59:54,PTBA,RG,3680,2,D,CC,BB,D
13:59:54,PTBA,RG,3680,1,D,PD,BB,D
13:59:54,PTBA,RG,3680,25,D,YP,BB,D
13:59:54,PTBA,RG,3680,1,D,XL,BB,D
13:59:54,PTBA,RG,3680,10,D,PD,BB,D
13:59:54,PTBA,RG,3680,20,D,ZP,BB,D
13:59:54,PTBA,RG,3680,1,D,DX,BB,D
13:59:54,PTBA,RG,3680,1,D,XC,BB,D
13:59:54,PTBA,RG,3680,1,D,YP,BB,D
13:59:54,PTBA,RG,3680,2,D,PD,BB,D
13:59:54,PTBA,RG,3680,1,D,PD,BB,D
13:59:54,PTBA,RG,3680,2,D,KK,BB,D
13:59:54,PTBA,RG,3680,1,D,LG,BB,D
13:59:54,PTBA,RG,3680,200,D,YP,BB,D
13:59:54,PTBA,RG,3680,50,D,BQ,BB,D
13:59:54,PTBA,RG,3680,1,D,CC,BB,D
13:59:54,PTBA,RG,3680,20,D,CP,BB,D
13:59:54,PTBA,RG,3680,400,D,ZP,BB,D
13:59:54,PTBA,RG,3680,1,D,NI,BB,D
13:59:54,PTBA,RG,3680,1,D,XC,BB,D
13:59:54,PTBA,RG,3680,20,D,BQ,BB,D
13:59:47,PTBA,RG,3680,5,D,BQ,ZP,F
13:59:47,PTBA,RG,3690,20,D,YU,BB,D
13:59:40,PTBA,RG,3690,1,D,YP,BB,D
13:59:40,PTBA,RG,3690,6,F,YU,BB,D
13:59:40,PTBA,RG,3690,30,F,KZ,BB,D
13:59:40,PTBA,RG,3690,1,F,KZ,BB,D
13:59:37,PTBA,RG,3690,14,F,YU,BB,D
13:59:37,PTBA,RG,3690,3,F,KZ,BB,D
13:59:37,PTBA,RG,3690,1,F,KZ,BB,D
13:59:37,PTBA,RG,3690,1,F,KZ,BB,D
13:59:37,PTBA,RG,3690,5,F,KZ,BB,D
13:59:37,PTBA,RG,3690,118,F,KZ,BB,D
13:59:37,PTBA,RG,3690,1,F,KZ,BB,D
13:59:37,PTBA,RG,3690,1,D,NI,BB,D
13:59:28,PTBA,RG,3680,9,D,BQ,AK,F
13:59:27,PTBA,RG,3680,6,D,BQ,ZP,F
13:59:16,PTBA,RG,3690,5,F,YU,BB,D
13:59:15,PTBA,RG,3680,16,D,BQ,RX,D
13:59:08,PTBA,RG,3680,6,D,BQ,ZP,F
13:59:04,PTBA,RG,3680,7,D,BQ,XL,D
13:58:57,PTBA,RG,3680,1,D,BQ,CC,D
13:58:47,PTBA,RG,3680,6,D,BQ,ZP,F
13:58:44,PTBA,RG,3680,7,D,BQ,XC,D
13:58:44,PTBA,RG,3680,1,D,BQ,XC,D
13:58:32,PTBA,RG,3680,6,D,BQ,ZP,F
13:58:30,PTBA,RG,3690,7,F,YU,BB,D
13:58:30,PTBA,RG,3680,56,D,BQ,EP,D
13:58:20,PTBA,RG,3690,9,F,YU,BB,D
13:58:20,PTBA,RG,3680,50,D,BQ,CC,D
13:58:15,PTBA,RG,3680,12,D,BQ,BK,F
13:58:13,PTBA,RG,3680,7,D,BQ,ZP,F
13:57:52,PTBA,RG,3680,6,D,BQ,ZP,F
13:57:35,PTBA,RG,3680,5,D,BQ,ZP,F
13:57:34,PTBA,RG,3690,5,D,XC,BB,D
13:57:31,PTBA,RG,3680,1,D,BQ,AK,F
13:57:26,PTBA,RG,3680,1,D,BQ,XC,D
13:57:23,PTBA,RG,3690,7,F,YU,BB,D
13:57:22,PTBA,RG,3680,16,D,BQ,BK,F
13:57:18,PTBA,RG,3680,11,D,BQ,ZP,F
13:56:56,PTBA,RG,3680,5,D,BQ,ZP,F
13:56:55,PTBA,RG,3680,20,D,BQ,PD,D
13:56:38,PTBA,RG,3680,6,D,BQ,ZP,F
13:56:26,PTBA,RG,3690,3,D,XL,BK,F
13:56:21,PTBA,RG,3680,5,D,BQ,NI,D
13:56:18,PTBA,RG,3690,5,F,YU,BK,F
13:56:17,PTBA,RG,3680,6,D,BQ,ZP,F
13:56:03,PTBA,RG,3680,10,D,BQ,ZP,F
13:55:46,PTBA,RG,3680,9,D,BQ,XC,D
13:55:43,PTBA,RG,3690,1,D,XC,BK,F
13:55:42,PTBA,RG,3680,10,D,BQ,ZP,F
13:55:26,PTBA,RG,3690,10,F,YU,BK,F
13:55:22,PTBA,RG,3680,9,D,BQ,ZP,F
13:55:22,PTBA,RG,3690,92,F,YU,BK,F
13:55:22,PTBA,RG,3680,910,D,BQ,BB,D
13:54:55,PTBA,RG,3690,6,F,YU,BK,F
13:54:54,PTBA,RG,3680,42,D,BQ,BB,D
13:54:50,PTBA,RG,3690,3,D,CC,BK,F
13:54:40,PTBA,RG,3680,16,D,BQ,BK,F
13:54:36,PTBA,RG,3690,2,D,XC,BK,F
13:54:24,PTBA,RG,3690,5,F,YU,BK,F
13:54:24,PTBA,RG,3680,3,D,BQ,CC,D
13:54:22,PTBA,RG,3680,29,D,BQ,RX,D
13:54:20,PTBA,RG,3690,1,D,YP,BK,F
13:54:19,PTBA,RG,3690,1,D,XL,BK,F
13:54:08,PTBA,RG,3690,8,F,YU,BK,F
13:54:07,PTBA,RG,3690,81,F,YU,BK,F
13:54:07,PTBA,RG,3690,1,F,KZ,BK,F
13:54:07,PTBA,RG,3690,20,F,KZ,BK,F
13:54:07,PTBA,RG,3690,16,F,KZ,BK,F
13:54:07,PTBA,RG,3690,1,F,KZ,BK,F
13:54:07,PTBA,RG,3690,50,D,PD,BK,F
13:54:07,PTBA,RG,3690,32,F,KZ,BK,F
13:54:07,PTBA,RG,3690,144,F,YU,BK,F
13:54:07,PTBA,RG,3690,760,D,BQ,BK,F
13:54:07,PTBA,RG,3690,1240,D,BQ,BK,F
13:54:07,PTBA,RG,3690,10,D,PD,BK,F
13:54:07,PTBA,RG,3690,25,D,SQ,BK,F
13:54:07,PTBA,RG,3690,1,D,PD,BK,F
13:54:07,PTBA,RG,3690,1,D,YP,BK,F
13:54:07,PTBA,RG,3690,1,D,XC,BK,F
13:54:07,PTBA,RG,3690,25,D,YP,BK,F
13:54:07,PTBA,RG,3690,9,F,YU,BK,F
13:54:07,PTBA,RG,3690,100,D,OD,BK,F
13:54:07,PTBA,RG,3690,16,F,YU,BK,F
13:54:07,PTBA,RG,3690,50,D,YP,BK,F
13:54:07,PTBA,RG,3690,5,D,PD,BK,F
13:54:07,PTBA,RG,3690,68,D,XL,BK,F
13:54:07,PTBA,RG,3690,2,D,XC,BK,F
13:54:07,PTBA,RG,3690,10,D,EP,BK,F
13:54:07,PTBA,RG,3690,1,D,PD,BK,F
13:54:07,PTBA,RG,3690,7,D,SQ,BK,F
13:54:07,PTBA,RG,3690,10,D,DH,BK,F
13:54:07,PTBA,RG,3690,1,D,PD,BK,F
13:54:07,PTBA,RG,3690,102,F,YU,BK,F
13:54:07,PTBA,RG,3690,50,D,EP,BK,F
13:54:07,PTBA,RG,3690,1,F,RX,BK,F
13:54:07,PTBA,RG,3690,1,F,KZ,BK,F
13:54:07,PTBA,RG,3690,5,D,SQ,BK,F
13:54:07,PTBA,RG,3690,75,D,YP,BK,F
13:54:07,PTBA,RG,3690,5,D,XC,BK,F
13:54:07,PTBA,RG,3690,81,D,YP,BK,F
13:54:07,PTBA,RG,3690,50,D,YP,BK,F
13:54:07,PTBA,RG,3690,5,D,OD,BK,F
13:54:07,PTBA,RG,3690,1,D,KK,BK,F
13:54:07,PTBA,RG,3690,1,D,PD,BK,F
13:54:07,PTBA,RG,3690,1,D,XL,BK,F
13:54:07,PTBA,RG,3690,1,D,YP,BK,F
13:54:07,PTBA,RG,3690,1,D,NI,BK,F
13:54:07,PTBA,RG,3690,10,D,NI,BK,F
13:54:07,PTBA,RG,3690,1,D,NI,BK,F
13:54:07,PTBA,RG,3690,50,D,OD,BK,F
13:54:07,PTBA,RG,3690,9,D,XC,BK,F
13:54:07,PTBA,RG,3690,1,D,YP,BK,F
13:54:07,PTBA,RG,3690,50,D,NI,BK,F
13:54:07,PTBA,RG,3690,1,D,YP,BK,F
13:54:07,PTBA,RG,3690,1,D,PD,BK,F
13:54:07,PTBA,RG,3690,38,D,BQ,BK,F
13:54:07,PTBA,RG,3690,100,D,PD,BK,F
13:54:07,PTBA,RG,3690,50,D,YP,BK,F
13:54:07,PTBA,RG,3690,50,D,BQ,BK,F
13:54:07,PTBA,RG,3690,1,D,XC,BK,F
13:54:07,PTBA,RG,3690,1,D,XC,BK,F
13:54:07,PTBA,RG,3690,1,D,XC,BK,F
13:54:07,PTBA,RG,3690,5,D,YP,BK,F
13:54:07,PTBA,RG,3690,68,D,XL,BK,F
13:54:07,PTBA,RG,3690,1,D,XL,BK,F
13:54:07,PTBA,RG,3690,17,D,XL,BK,F
13:54:07,PTBA,RG,3690,30,D,XL,BK,F
13:54:07,PTBA,RG,3690,1,D,YP,BK,F
13:54:07,PTBA,RG,3690,1,D,XL,BK,F
13:54:07,PTBA,RG,3690,41,D,PD,BK,F
13:54:06,PTBA,RG,3700,6,F,YU,BB,D
13:54:06,PTBA,RG,3700,52,D,EP,BB,D
13:53:44,PTBA,RG,3700,3,D,KK,BB,D
13:53:25,PTBA,RG,3700,11,F,YU,BB,D
13:53:25,PTBA,RG,3700,1,F,KZ,BB,D
13:53:25,PTBA,RG,3700,84,F,KZ,BB,D
13:53:20,PTBA,RG,3690,10,D,PD,XC,D
13:52:49,PTBA,RG,3700,11,F,YU,BB,D
13:52:49,PTBA,RG,3700,68,F,KZ,BB,D
13:52:49,PTBA,RG,3700,1,F,KZ,BB,D
13:52:47,PTBA,RG,3700,1,F,KZ,BB,D
13:52:47,PTBA,RG,3700,1,F,KZ,BB,D
13:52:47,PTBA,RG,3700,1,F,KZ,BB,D
13:52:47,PTBA,RG,3700,10,F,KZ,BB,D
13:52:47,PTBA,RG,3700,1,F,KZ,BB,D
13:52:46,PTBA,RG,3700,20,F,KZ,BB,D
13:52:46,PTBA,RG,3700,4,F,YU,BB,D
13:52:41,PTBA,RG,3700,10,D,DH,BB,D
13:52:20,PTBA,RG,3690,15,D,PD,BK,F
13:52:19,PTBA,RG,3700,20,F,YU,BB,D
13:52:19,PTBA,RG,3690,167,D,PD,DR,D
13:52:00,PTBA,RG,3690,4,D,PD,XC,D
13:51:24,PTBA,RG,3700,4,D,CC,BB,D
13:50:28,PTBA,RG,3690,6,D,PD,PD,D
13:50:26,PTBA,RG,3700,8,F,YU,BB,D
13:50:26,PTBA,RG,3690,7,D,PD,BB,D
13:50:26,PTBA,RG,3690,2,D,YP,BB,D
13:50:26,PTBA,RG,3690,1,D,XL,BB,D
13:50:26,PTBA,RG,3690,2,D,LG,BB,D
13:50:26,PTBA,RG,3690,20,D,LG,BB,D
13:50:26,PTBA,RG,3690,1,D,PD,BB,D
13:50:26,PTBA,RG,3690,1,D,PD,BB,D
13:50:26,PTBA,RG,3690,20,D,KK,BB,D
13:50:26,PTBA,RG,3690,5,D,NI,BB,D
13:50:24,PTBA,RG,3690,1,D,NI,LG,D
13:50:14,PTBA,RG,3690,1,D,NI,XL,D
13:50:14,PTBA,RG,3690,1,D,PD,XL,D
13:50:14,PTBA,RG,3690,6,D,RO,XL,D
13:50:00,PTBA,RG,3690,3,D,RO,PD,D
13:49:20,PTBA,RG,3690,1,D,RO,CC,D
13:49:20,PTBA,RG,3690,3,D,DR,CC,D
13:49:20,PTBA,RG,3690,9,D,IU,CC,D
13:48:45,PTBA,RG,3700,6,F,YU,BB,D
13:48:42,PTBA,RG,3690,2,D,IU,PD,D
13:48:41,PTBA,RG,3690,19,D,IU,XC,D
13:48:23,PTBA,RG,3690,4,D,IU,XC,D
13:48:15,PTBA,RG,3690,9,D,IU,XL,D
13:48:06,PTBA,RG,3700,10,D,PD,BB,D
13:48:05,PTBA,RG,3700,1,D,PD,BB,D
13:46:51,PTBA,RG,3690,1,D,IU,CC,D
13:46:47,PTBA,RG,3700,9,F,YU,BB,D
13:46:41,PTBA,RG,3700,1,D,NI,BB,D
13:46:39,PTBA,RG,3700,1,F,YU,BB,D
13:46:39,PTBA,RG,3700,2,D,XL,BB,D
13:46:39,PTBA,RG,3700,2,D,LG,BB,D
13:46:39,PTBA,RG,3700,1,F,YU,BB,D
13:46:39,PTBA,RG,3700,4,F,YU,BB,D
13:46:39,PTBA,RG,3700,54,D,XL,BB,D
13:46:39,PTBA,RG,3700,1,F,YU,BB,D
13:46:39,PTBA,RG,3700,9,F,YU,BB,D
13:46:39,PTBA,RG,3700,5,F,KZ,BB,D
13:46:39,PTBA,RG,3700,150,D,PD,BB,D
13:46:39,PTBA,RG,3700,5,D,SQ,BB,D
13:46:39,PTBA,RG,3700,2,D,PD,BB,D
13:46:39,PTBA,RG,3700,10,D,CC,BB,D
13:46:39,PTBA,RG,3700,1,F,KZ,BB,D
13:46:39,PTBA,RG,3700,2,D,CC,BB,D
13:46:39,PTBA,RG,3700,7,F,KZ,BB,D
13:46:39,PTBA,RG,3700,8,F,KZ,BB,D
13:46:39,PTBA,RG,3700,4,F,KZ,BB,D
13:46:39,PTBA,RG,3700,1,F,RX,BB,D
13:46:39,PTBA,RG,3700,1,F,KZ,BB,D
13:46:39,PTBA,RG,3700,1,D,PD,BB,D
13:46:39,PTBA,RG,3700,8,F,KZ,BB,D
13:46:39,PTBA,RG,3700,4,D,XC,BB,D
13:46:39,PTBA,RG,3700,9,F,YU,BB,D
13:46:39,PTBA,RG,3700,50,D,YU,BB,D
13:46:39,PTBA,RG,3700,50,D,YP,BB,D
13:46:39,PTBA,RG,3700,1,D,XL,BB,D
13:46:39,PTBA,RG,3700,100,D,NI,BB,D
13:46:39,PTBA,RG,3700,28,F,KZ,BB,D
13:46:39,PTBA,RG,3700,30,D,XC,BB,D
13:46:39,PTBA,RG,3700,2,D,YP,BB,D
13:46:39,PTBA,RG,3700,2,D,OD,BB,D
13:46:39,PTBA,RG,3700,1,F,YU,BB,D
13:46:39,PTBA,RG,3700,3,D,CC,BB,D
13:46:39,PTBA,RG,3700,8,D,XL,BB,D
13:46:39,PTBA,RG,3700,17,D,YP,BB,D
13:46:39,PTBA,RG,3700,5,F,CC,BB,D
13:46:39,PTBA,RG,3700,7,F,YU,BB,D
13:46:39,PTBA,RG,3700,18,D,IU,BB,D
13:46:02,PTBA,RG,3700,8,D,IU,BB,D
13:46:00,PTBA,RG,3700,2,D,IU,DH,D
13:45:53,PTBA,RG,3700,3,D,IU,BB,D
13:45:52,PTBA,RG,3700,1,D,IU,PD,D
13:45:46,PTBA,RG,3710,1,D,NI,BK,F
13:45:37,PTBA,RG,3700,3,D,IU,BB,D
13:45:37,PTBA,RG,3700,1,D,PD,BB,D
13:45:37,PTBA,RG,3700,6,D,XC,BB,D
13:45:33,PTBA,RG,3700,1,D,YP,BB,D
13:45:33,PTBA,RG,3700,7,F,YU,BB,D
13:45:33,PTBA,RG,3700,41,D,YP,BB,D
13:45:13,PTBA,RG,3710,3,D,PD,BK,F
13:45:06,PTBA,RG,3700,19,D,YP,BB,D
13:45:06,PTBA,RG,3700,40,D,YP,CC,D
13:44:55,PTBA,RG,3700,1,F,KZ,BB,D
13:44:55,PTBA,RG,3700,31,F,YU,BB,D
13:44:55,PTBA,RG,3700,14,F,KZ,BB,D
13:44:55,PTBA,RG,3710,4,F,YU,BK,F
13:44:52,PTBA,RG,3710,6,F,YU,BK,F
13:44:52,PTBA,RG,3710,1,F,KZ,BK,F
13:44:52,PTBA,RG,3710,2,F,KZ,BK,F
13:44:52,PTBA,RG,3710,10,F,KZ,CP,D
13:44:52,PTBA,RG,3710,1,F,KZ,XC,D
13:44:52,PTBA,RG,3710,12,F,KZ,XC,D
13:44:52,PTBA,RG,3710,6,F,KZ,KK,D
13:44:52,PTBA,RG,3710,2,F,KZ,DR,D
13:44:52,PTBA,RG,3710,1,F,KZ,DR,D
13:44:52,PTBA,RG,3710,2,F,KZ,PD,D
13:44:52,PTBA,RG,3710,41,F,KZ,OD,D
13:44:52,PTBA,RG,3710,1,F,KZ,OD,D
13:44:52,PTBA,RG,3710,8,F,KZ,OD,D
13:44:50,PTBA,RG,3700,5,F,KZ,YP,D
13:43:58,PTBA,RG,3700,5,F,KZ,PD,D
13:43:54,PTBA,RG,3710,5,F,YU,OD,D
13:43:50,PTBA,RG,3700,15,F,KZ,XC,D
13:43:50,PTBA,RG,3700,13,D,PD,XC,D
13:43:47,PTBA,RG,3700,10,D,PD,YP,D
13:43:40,PTBA,RG,3710,4,F,YU,OD,D
13:43:39,PTBA,RG,3710,20,D,OD,OD,D
13:43:39,PTBA,RG,3700,7,D,PD,LG,D
13:43:26,PTBA,RG,3710,2,D,PD,OD,D
13:42:46,PTBA,RG,3710,17,F,YU,OD,D
13:42:46,PTBA,RG,3700,140,D,PD,BB,D
13:42:36,PTBA,RG,3710,2,D,NI,OD,D
13:42:27,PTBA,RG,3700,2,D,PD,SQ,D
13:42:16,PTBA,RG,3710,2,D,OD,OD,D
13:42:06,PTBA,RG,3700,78,D,PD,BB,D
13:42:06,PTBA,RG,3700,1,F,KZ,BB,D
13:42:06,PTBA,RG,3700,16,F,YU,BB,D
13:42:06,PTBA,RG,3700,4,F,KZ,BB,D
13:42:06,PTBA,RG,3700,77,F,KZ,BB,D
13:41:00,PTBA,RG,3710,7,F,YU,OD,D
13:41:00,PTBA,RG,3700,45,F,KZ,AI,D
13:40:46,PTBA,RG,3700,6,F,KZ,PD,D
13:40:12,PTBA,RG,3700,12,F,KZ,YP,D
13:40:11,PTBA,RG,3710,6,F,YU,OD,D
13:40:11,PTBA,RG,3700,40,F,KZ,PD,D
13:40:02,PTBA,RG,3700,1,F,KZ,XC,D
13:39:38,PTBA,RG,3700,1,F,KZ,LG,D
13:39:19,PTBA,RG,3710,2,D,PD,OD,D
13:38:43,PTBA,RG,3710,3,D,XC,OD,D
13:38:16,PTBA,RG,3700,61,F,KZ,PD,D
13:38:16,PTBA,RG,3700,9,F,YU,PD,D
13:38:14,PTBA,RG,3700,1,F,YU,DH,D
13:38:14,PTBA,RG,3700,5,D,KK,DH,D
13:38:14,PTBA,RG,3700,4,D,YP,DH,D
13:37:59,PTBA,RG,3700,6,D,YP,PD,D
13:37:55,PTBA,RG,3710,28,F,YU,OD,D
13:37:50,PTBA,RG,3710,1,D,XL,OD,D
13:37:49,PTBA,RG,3700,90,D,YP,YP,D
13:37:49,PTBA,RG,3700,5,D,XC,YP,D
13:37:49,PTBA,RG,3700,3,D,AZ,YP,D
13:37:49,PTBA,RG,3700,1,F,RX,YP,D
13:37:49,PTBA,RG,3700,7,F,YU,YP,D
13:37:49,PTBA,RG,3700,67,F,YU,YP,D
13:37:49,PTBA,RG,3700,250,D,AZ,YP,D
13:37:49,PTBA,RG,3700,2,F,KZ,YP,D
13:37:49,PTBA,RG,3700,1,F,KZ,YP,D
13:37:49,PTBA,RG,3700,35,F,KZ,YP,D
13:37:49,PTBA,RG,3700,13,F,KZ,YP,D
13:37:49,PTBA,RG,3700,7,F,KZ,YP,D
13:37:49,PTBA,RG,3700,1,F,KZ,YP,D
13:37:49,PTBA,RG,3700,10,F,KZ,YP,D
13:37:49,PTBA,RG,3700,3,F,KZ,YP,D
13:37:49,PTBA,RG,3700,505,D,BQ,YP,D
13:37:48,PTBA,RG,3710,1,D,PD,OD,D
13:37:31,PTBA,RG,3710,21,F,YU,OD,D
13:37:29,PTBA,RG,3710,5,F,YU,OD,D
13:37:29,PTBA,RG,3710,124,F,YU,OD,D
13:37:29,PTBA,RG,3710,30,F,YU,XC,D
13:37:29,PTBA,RG,3710,1,F,YU,PD,D
13:37:29,PTBA,RG,3710,24,F,YU,SQ,D
13:37:29,PTBA,RG,3710,1,F,YU,PD,D
13:37:29,PTBA,RG,3710,1,F,YU,NI,D
13:37:29,PTBA,RG,3710,20,F,YU,GR,D
13:37:29,PTBA,RG,3710,20,F,YU,RG,D
13:37:29,PTBA,RG,3710,2,F,YU,YP,D
13:37:29,PTBA,RG,3710,4,F,YU,XC,D
13:37:29,PTBA,RG,3710,10,F,YU,PD,D
13:37:29,PTBA,RG,3710,10,F,YU,DR,D
13:37:24,PTBA,RG,3710,2,F,YU,XC,D
13:37:24,PTBA,RG,3710,1,F,YU,PD,D
13:37:24,PTBA,RG,3710,2,F,YU,NI,D
13:37:24,PTBA,RG,3700,3,D,BQ,AK,F
13:37:24,PTBA,RG,3700,1,D,BQ,AK,F
13:37:23,PTBA,RG,3700,14,D,BQ,BK,F
13:37:23,PTBA,RG,3700,17,D,BQ,BK,F
13:37:23,PTBA,RG,3700,14,D,BQ,XL,D
13:37:23,PTBA,RG,3700,85,D,BQ,XL,D
13:37:23,PTBA,RG,3700,27,D,BQ,RX,D
13:37:23,PTBA,RG,3700,3,D,BQ,PD,D
13:37:23,PTBA,RG,3700,169,D,BQ,ZP,F
13:37:23,PTBA,RG,3700,5,D,BQ,ZP,D
13:37:23,PTBA,RG,3700,4,D,BQ,AK,F
13:37:23,PTBA,RG,3700,20,D,BQ,BK,F
13:37:23,PTBA,RG,3700,224,D,BQ,BK,F
13:37:23,PTBA,RG,3700,565,D,BQ,BB,D
13:37:23,PTBA,RG,3700,36,D,BQ,RX,D
13:37:23,PTBA,RG,3700,23,D,BQ,YU,F
13:37:23,PTBA,RG,3700,4,D,BQ,AK,F
13:37:23,PTBA,RG,3700,446,D,BQ,BB,D
13:37:23,PTBA,RG,3700,200,D,BQ,YP,D
13:37:23,PTBA,RG,3700,1,D,BQ,AK,F
13:37:23,PTBA,RG,3700,66,D,BQ,ZP,F
13:37:23,PTBA,RG,3700,17,D,BQ,BK,F
13:37:23,PTBA,RG,3700,4,D,BQ,AK,F
13:37:23,PTBA,RG,3700,2,D,BQ,XC,D
13:37:23,PTBA,RG,3700,10,D,BQ,ZP,F
13:37:23,PTBA,RG,3700,5,D,BQ,XC,D
13:37:23,PTBA,RG,3700,3,D,BQ,XC,D
13:37:23,PTBA,RG,3700,10,D,BQ,XL,D
13:37:23,PTBA,RG,3700,1,D,BQ,YP,D
13:37:23,PTBA,RG,3700,3,D,BQ,XC,D
13:37:23,PTBA,RG,3700,265,D,BQ,BK,F
13:37:23,PTBA,RG,3700,21,D,BQ,XL,D
13:37:23,PTBA,RG,3700,50,D,BQ,YP,D
13:37:23,PTBA,RG,3700,4,D,BQ,YP,D
13:37:23,PTBA,RG,3700,100,D,BQ,XL,D
13:37:23,PTBA,RG,3700,9,D,BQ,PD,D
13:37:23,PTBA,RG,3700,1,D,BQ,YP,D
13:37:23,PTBA,RG,3700,30,D,BQ,PD,D
13:37:23,PTBA,RG,3700,2,D,BQ,PD,D
13:37:23,PTBA,RG,3700,31,D,BQ,BK,F
13:37:21,PTBA,RG,3690,1,D,IU,NI,D
13:37:19,PTBA,RG,3700,5,D,KK,BK,F
13:36:58,PTBA,RG,3690,2,D,IU,XC,D
13:36:50,PTBA,RG,3690,1,D,IU,PD,D
13:36:37,PTBA,RG,3700,14,F,YU,BK,F
13:36:37,PTBA,RG,3700,95,D,KK,BK,F
13:36:37,PTBA,RG,3700,10,D,KK,PD,D
13:36:37,PTBA,RG,3700,4,D,KK,YP,D
13:36:19,PTBA,RG,3700,1,F,RX,YP,D
13:36:13,PTBA,RG,3700,10,D,PD,YP,D
13:35:48,PTBA,RG,3700,10,F,YU,YP,D
13:35:48,PTBA,RG,3700,8,F,YU,RX,D
13:35:47,PTBA,RG,3700,6,F,YU,RX,D
13:35:47,PTBA,RG,3700,25,D,LG,RX,D
13:35:47,PTBA,RG,3700,1,D,LG,KK,D
13:35:47,PTBA,RG,3700,4,D,LG,PD,D
13:35:47,PTBA,RG,3700,12,D,LG,KK,D
13:35:47,PTBA,RG,3700,3,D,LG,NI,D
13:35:47,PTBA,RG,3700,2,D,LG,YP,D
13:35:47,PTBA,RG,3700,100,D,LG,YU,D
13:35:47,PTBA,RG,3700,6,D,LG,ZP,F
13:35:47,PTBA,RG,3700,19,D,LG,ZP,F
13:35:47,PTBA,RG,3700,1,D,LG,PD,D
13:35:47,PTBA,RG,3700,1,D,LG,PD,D
13:35:47,PTBA,RG,3700,18,D,LG,BK,F
13:35:47,PTBA,RG,3700,8,D,LG,RX,D
13:35:45,PTBA,RG,3700,6,F,YU,RX,D
13:35:45,PTBA,RG,3700,4,D,XC,RX,D
13:35:45,PTBA,RG,3700,1,D,XC,XC,D
13:35:45,PTBA,RG,3700,25,D,XC,CC,D
13:35:45,PTBA,RG,3700,54,D,XC,NI,D
13:35:35,PTBA,RG,3700,7,F,YU,NI,D
13:35:33,PTBA,RG,3700,6,F,YU,NI,D
13:35:33,PTBA,RG,3700,33,D,NI,NI,D
13:35:33,PTBA,RG,3700,7,D,NI,PD,D
13:35:33,PTBA,RG,3700,10,D,NI,GR,D
13:35:33,PTBA,RG,3700,10,D,NI,NI,D
13:35:33,PTBA,RG,3700,21,D,NI,RX,D
13:35:33,PTBA,RG,3700,19,D,NI,AZ,D
13:35:30,PTBA,RG,3700,1,D,PD,AZ,D
13:35:05,PTBA,RG,3700,5,D,YP,AT,D
13:34:59,PTBA,RG,3690,15,D,IU,RX,D
13:34:23,PTBA,RG,3700,1,D,PD,AT,D
13:34:21,PTBA,RG,3700,4,F,YU,AT,D
13:34:20,PTBA,RG,3690,3,D,IU,PD,D
13:34:14,PTBA,RG,3690,5,D,IU,PD,D
13:33:35,PTBA,RG,3700,6,D,XC,AT,D
13:32:55,PTBA,RG,3700,1,F,RX,AT,D
13:32:36,PTBA,RG,3690,1,D,IU,KK,D
13:32:32,PTBA,RG,3700,8,D,PD,AT,D
13:32:31,PTBA,RG,3700,1,D,PD,AT,D
13:32:15,PTBA,RG,3700,8,F,YU,AT,D
13:32:15,PTBA,RG,3690,52,D,IU,XC,D
13:32:04,PTBA,RG,3700,25,D,NI,AT,D
13:31:53,PTBA,RG,3700,2,D,PD,AT,D
13:31:50,PTBA,RG,3700,1,D,PD,AT,D
13:31:12,PTBA,RG,3700,1,D,XC,AT,D
13:30:12,PTBA,RG,3700,4,F,YU,AT,D
13:30:10,PTBA,RG,3700,27,F,YU,AT,D
13:30:10,PTBA,RG,3700,6,F,YU,AT,D
13:30:10,PTBA,RG,3700,1,F,YU,BQ,D
13:30:10,PTBA,RG,3700,9,F,YU,BK,F
13:30:09,PTBA,RG,3690,11,D,IU,AK,F
13:30:09,PTBA,RG,3690,2,D,IU,AK,F
13:30:08,PTBA,RG,3700,4,F,YU,BK,F
13:30:06,PTBA,RG,3700,2,D,YP,BK,F
13:30:05,PTBA,RG,3700,2,F,RX,BK,F
13:30:05,PTBA,RG,3700,2,F,RX,PD,D
13:30:05,PTBA,RG,3700,4,F,RX,XL,D
13:30:05,PTBA,RG,3700,3,D,XC,XL,D
13:30:04,PTBA,RG,3690,2,D,IU,XC,D
13:30:04,PTBA,RG,3700,1,D,XC,XL,D
13:30:04,PTBA,RG,3700,1,D,XC,XL,D
13:30:03,PTBA,RG,3700,3,D,XC,XL,D
13:30:03,PTBA,RG,3700,1,D,XC,XL,D
13:30:03,PTBA,RG,3700,2,D,XC,PD,D
13:30:03,PTBA,RG,3700,6,D,XC,XL,D
13:30:03,PTBA,RG,3690,4,D,IU,XL,D
13:30:03,PTBA,RG,3690,86,D,IU,YP,D
13:30:03,PTBA,RG,3700,14,D,XC,XL,D
13:30:03,PTBA,RG,3700,4,D,XC,XC,D
13:30:03,PTBA,RG,3700,1,D,XC,XC,D
13:30:03,PTBA,RG,3700,7,D,XC,EP,D
13:30:03,PTBA,RG,3700,20,D,XC,PD,D
13:30:03,PTBA,RG,3700,1,D,XC,PD,D
13:30:03,PTBA,RG,3700,20,D,XC,PD,D
13:30:03,PTBA,RG,3700,1,D,XC,YP,D
13:30:03,PTBA,RG,3700,5,D,XC,KK,D
13:30:03,PTBA,RG,3700,27,D,XC,BB,D
13:30:03,PTBA,RG,3700,1,D,XC,BB,D
13:30:03,PTBA,RG,3700,1,D,XC,BB,D
13:30:03,PTBA,RG,3700,1,D,YP,BB,D
13:30:02,PTBA,RG,3700,50,D,YP,BB,D
13:30:02,PTBA,RG,3700,1,D,LG,BB,D
13:30:02,PTBA,RG,3690,1,D,IU,CC,D
13:30:02,PTBA,RG,3700,3,D,CC,BB,D
13:30:02,PTBA,RG,3700,20,D,PD,BB,D
13:30:02,PTBA,RG,3690,3,D,IU,PD,D
13:30:02,PTBA,RG,3700,2,D,LG,BB,D
13:30:02,PTBA,RG,3700,1,D,PD,BB,D
13:30:02,PTBA,RG,3700,100,D,PD,BB,D
13:30:02,PTBA,RG,3700,1,D,PD,BB,D
13:30:02,PTBA,RG,3700,1,D,PD,BB,D
13:30:01,PTBA,RG,3700,5,D,PD,BB,D
13:30:01,PTBA,RG,3690,17,D,IU,YU,F
13:30:01,PTBA,RG,3690,1,F,KZ,YU,F
13:30:01,PTBA,RG,3690,1,F,KZ,YU,F
13:30:01,PTBA,RG,3700,4,D,PD,BB,D
13:30:01,PTBA,RG,3700,1,D,PD,BB,D
13:30:01,PTBA,RG,3690,5,F,KZ,PD,D
13:30:01,PTBA,RG,3700,3,D,SQ,BB,D
13:30:01,PTBA,RG,3700,2,D,PD,BB,D
13:30:01,PTBA,RG,3690,8,F,KZ,PD,D
13:30:01,PTBA,RG,3690,6,F,KZ,PD,D
13:30:01,PTBA,RG,3690,2,F,YU,PD,D
13:30:01,PTBA,RG,3700,1,D,NI,BB,D
13:30:01,PTBA,RG,3700,8,D,NI,BB,D
13:30:01,PTBA,RG,3690,1,D,YP,PD,D
11:29:55,PTBA,RG,3700,4,F,YU,BB,D
11:29:54,PTBA,RG,3680,137,D,BQ,BB,D
11:29:53,PTBA,RG,3690,52,F,KZ,BB,D
11:29:53,PTBA,RG,3690,17,F,YU,BB,D
11:29:50,PTBA,RG,3700,5,D,PD,BB,D
11:29:47,PTBA,RG,3690,1,F,YU,AK,F
11:29:47,PTBA,RG,3690,1,F,YU,ZP,F
11:29:47,PTBA,RG,3700,1,D,XC,BB,D
11:29:46,PTBA,RG,3690,1,F,YU,BB,D
11:29:46,PTBA,RG,3690,5,F,YU,BK,F
11:29:46,PTBA,RG,3690,2,F,KZ,BK,F
11:29:46,PTBA,RG,3690,1,F,YU,BK,F
11:29:46,PTBA,RG,3690,1,D,YP,BK,F
11:29:46,PTBA,RG,3690,11,F,KZ,BK,F
11:29:46,PTBA,RG,3690,1,F,YU,BK,F
11:29:46,PTBA,RG,3690,5,D,CC,BK,F
11:29:46,PTBA,RG,3690,2,F,KZ,BK,F
11:29:46,PTBA,RG,3690,1,D,XL,BK,F
11:29:46,PTBA,RG,3690,1,F,YU,BK,F
11:29:46,PTBA,RG,3690,10,F,KZ,BK,F
11:29:46,PTBA,RG,3690,1,F,KZ,BK,F
11:29:46,PTBA,RG,3690,1,D,PD,BK,F
11:29:46,PTBA,RG,3690,1,F,KZ,BK,F
11:29:46,PTBA,RG,3690,1,F,YU,BK,F
11:29:46,PTBA,RG,3690,2,F,KZ,BK,F
11:29:46,PTBA,RG,3690,8,F,YU,BK,F
11:29:46,PTBA,RG,3690,2,F,KZ,BK,F
11:29:46,PTBA,RG,3690,1,D,PD,BK,F
11:29:46,PTBA,RG,3690,25,D,MG,BK,F
11:29:46,PTBA,RG,3690,11,F,YU,BK,F
11:29:46,PTBA,RG,3690,220,D,CP,BK,F
11:29:33,PTBA,RG,3690,8,D,CP,BB,D
11:29:24,PTBA,RG,3690,22,D,CP,BB,D
11:29:24,PTBA,RG,3690,25,D,AZ,BB,D
11:29:23,PTBA,RG,3690,10,D,AZ,LS,D
11:29:16,PTBA,RG,3690,50,D,AZ,CC,D
11:29:08,PTBA,RG,3690,2,D,AZ,BB,D
11:29:08,PTBA,RG,3690,13,D,AZ,BK,F
11:29:08,PTBA,RG,3690,1,D,PD,BK,F
11:29:08,PTBA,RG,3690,3,F,KZ,BK,F
11:29:03,PTBA,RG,3690,2,F,KZ,BB,D
11:28:46,PTBA,RG,3690,4,F,KZ,BB,D
11:28:32,PTBA,RG,3690,2,F,KZ,PD,D
11:28:28,PTBA,RG,3690,4,F,KZ,BB,D
11:28:16,PTBA,RG,3690,3,F,KZ,BB,D
11:28:16,PTBA,RG,3690,3,F,KZ,AK,F
11:28:01,PTBA,RG,3690,1,D,YP,BB,D
11:28:01,PTBA,RG,3690,1,D,YP,AK,F
11:27:51,PTBA,RG,3690,2,D,SQ,BB,D
11:27:51,PTBA,RG,3690,12,F,KZ,BB,D
11:27:51,PTBA,RG,3690,2,F,YU,BB,D
11:27:47,PTBA,RG,3690,1,F,YU,DR,D
11:27:41,PTBA,RG,3690,7,F,YU,CC,D
11:27:41,PTBA,RG,3690,10,F,KZ,CC,D
11:27:41,PTBA,RG,3690,13,F,KZ,CC,D
11:27:37,PTBA,RG,3690,4,F,KZ,CC,D
11:27:31,PTBA,RG,3690,1,F,KZ,AK,F
11:27:30,PTBA,RG,3690,1,F,KZ,DR,D
11:26:37,PTBA,RG,3690,1,D,DR,BK,F
11:26:37,PTBA,RG,3690,1,F,KZ,BK,F
11:26:37,PTBA,RG,3690,17,F,YU,BK,F
11:26:37,PTBA,RG,3700,21,D,DR,BB,D
11:26:26,PTBA,RG,3700,1,D,SQ,BB,D
11:25:24,PTBA,RG,3700,1,D,XC,BB,D
11:25:15,PTBA,RG,3700,5,F,YU,BB,D
11:25:09,PTBA,RG,3690,4,F,YU,BB,D
11:25:09,PTBA,RG,3690,1,F,KZ,BB,D
11:25:09,PTBA,RG,3690,30,D,BQ,BB,D
11:25:09,PTBA,RG,3690,39,D,CP,BB,D
11:25:02,PTBA,RG,3700,16,F,YU,BB,D
11:25:02,PTBA,RG,3690,150,D,CP,TP,D
11:24:25,PTBA,RG,3700,9,F,YU,BB,D
11:24:25,PTBA,RG,3690,86,D,CP,BB,D
11:24:19,PTBA,RG,3700,4,F,YU,BB,D
11:24:18,PTBA,RG,3700,15,F,YU,BB,D
11:24:17,PTBA,RG,3690,25,D,CP,BK,F
11:24:17,PTBA,RG,3690,5,F,KZ,BK,F
11:24:17,PTBA,RG,3690,135,D,YP,BK,F
11:24:16,PTBA,RG,3700,3,F,YU,BB,D
11:24:16,PTBA,RG,3690,7,D,YP,BB,D
11:24:11,PTBA,RG,3690,10,D,YP,CC,D
11:24:05,PTBA,RG,3690,6,D,YP,BB,D
11:24:00,PTBA,RG,3690,39,D,YP,BB,D
11:24:00,PTBA,RG,3690,3,D,YP,DR,D
11:23:56,PTBA,RG,3680,60,D,BQ,BB,D
11:23:56,PTBA,RG,3680,52,D,BQ,BB,D
11:23:56,PTBA,RG,3690,16,F,KZ,BB,D
11:23:56,PTBA,RG,3690,9,F,YU,BB,D
11:23:56,PTBA,RG,3690,1,D,XL,BB,D
11:23:56,PTBA,RG,3690,3,D,XC,BB,D
11:23:56,PTBA,RG,3690,3,F,KZ,BB,D
11:23:56,PTBA,RG,3690,2,F,KZ,BB,D
11:23:56,PTBA,RG,3690,1,F,KZ,BB,D
11:23:56,PTBA,RG,3690,1,F,KZ,BB,D
11:23:56,PTBA,RG,3690,2,F,KZ,BB,D
11:23:56,PTBA,RG,3690,2,D,KK,BB,D
11:23:56,PTBA,RG,3690,2,F,KZ,BB,D
11:23:56,PTBA,RG,3690,10,F,YU,BB,D
11:23:55,PTBA,RG,3700,7,F,YU,BB,D
11:23:54,PTBA,RG,3690,3,F,YU,BB,D
11:23:54,PTBA,RG,3690,5,D,KK,BB,D
11:23:54,PTBA,RG,3690,10,D,KK,NI,D
11:23:54,PTBA,RG,3690,50,D,KK,NI,D
11:23:54,PTBA,RG,3690,11,F,RX,NI,D
11:23:54,PTBA,RG,3690,1,F,KZ,NI,D
11:23:54,PTBA,RG,3690,50,D,MG,NI,D
11:23:54,PTBA,RG,3690,24,F,YU,NI,D
11:23:54,PTBA,RG,3690,3,F,KZ,NI,D
11:23:54,PTBA,RG,3690,158,D,AZ,NI,D
11:23:33,PTBA,RG,3690,14,D,AZ,BB,D
11:23:14,PTBA,RG,3690,3,D,AZ,BB,D
11:23:05,PTBA,RG,3700,5,F,YU,BB,D
11:23:04,PTBA,RG,3690,18,D,AZ,BB,D
11:23:04,PTBA,RG,3700,1,D,XC,BB,D
11:22:46,PTBA,RG,3690,18,D,AZ,BB,D
11:22:44,PTBA,RG,3690,10,D,AZ,BB,D
11:22:43,PTBA,RG,3700,1,D,PD,BB,D
11:22:23,PTBA,RG,3700,4,F,YU,BB,D
11:22:22,PTBA,RG,3690,5,D,AZ,BB,D
11:22:22,PTBA,RG,3700,11,D,YU,BB,D
11:22:11,PTBA,RG,3690,4,D,AZ,CC,D
11:22:10,PTBA,RG,3690,13,D,AZ,BB,D
11:21:58,PTBA,RG,3700,5,F,YU,BB,D
11:21:55,PTBA,RG,3690,17,D,AZ,BB,D
11:21:49,PTBA,RG,3690,8,D,AZ,BB,D
11:21:34,PTBA,RG,3690,9,D,AZ,BB,D
11:21:21,PTBA,RG,3700,10,F,YU,BB,D
11:21:19,PTBA,RG,3700,14,F,YU,BB,D
11:21:19,PTBA,RG,3700,20,F,YU,LG,D
11:21:19,PTBA,RG,3690,23,D,AZ,BB,D
11:21:19,PTBA,RG,3690,2,F,KZ,BB,D
11:21:19,PTBA,RG,3690,2,F,KZ,BB,D
11:21:19,PTBA,RG,3690,2,F,KZ,BB,D
11:21:19,PTBA,RG,3690,1,F,KZ,BB,D
11:21:19,PTBA,RG,3690,3,F,KZ,BB,D
11:21:19,PTBA,RG,3690,3,F,KZ,BB,D
11:21:19,PTBA,RG,3690,34,F,KZ,BB,D
11:21:19,PTBA,RG,3690,330,D,CP,BB,D
11:21:11,PTBA,RG,3700,8,F,YU,ZP,F
11:21:11,PTBA,RG,3700,84,F,YU,ZP,F
11:21:09,PTBA,RG,3700,5,F,YU,ZP,F
11:21:09,PTBA,RG,3690,3,D,CP,AK,F
11:21:09,PTBA,RG,3690,139,D,CP,ZP,F
11:21:09,PTBA,RG,3690,2,D,CP,DR,D
11:21:09,PTBA,RG,3690,1,D,CP,AK,F
11:21:09,PTBA,RG,3690,9,D,CP,AK,F
11:21:09,PTBA,RG,3690,298,D,CP,BB,D
11:21:09,PTBA,RG,3690,100,D,CP,CP,D
11:21:09,PTBA,RG,3690,120,D,CP,BK,F
11:21:09,PTBA,RG,3690,8,D,CP,XC,D
11:21:09,PTBA,RG,3690,46,D,CP,BK,F
11:21:09,PTBA,RG,3690,69,D,CP,RX,D
11:21:09,PTBA,RG,3690,5,D,CP,ZP,F
11:21:09,PTBA,RG,3690,16,D,CP,BK,F
11:21:09,PTBA,RG,3690,3,D,CP,DR,D
11:21:09,PTBA,RG,3690,4,D,CP,ZP,F
11:21:09,PTBA,RG,3690,6,D,CP,ZP,F
11:21:09,PTBA,RG,3690,15,D,CP,ZP,F
11:21:09,PTBA,RG,3690,26,D,CP,BB,D
11:21:02,PTBA,RG,3680,10,D,BQ,SQ,D
11:20:57,PTBA,RG,3690,8,F,YU,BB,D
11:20:57,PTBA,RG,3680,24,D,BQ,SQ,D
11:20:57,PTBA,RG,3680,23,D,BQ,BB,D
11:20:44,PTBA,RG,3680,15,D,BQ,RX,D
11:20:44,PTBA,RG,3680,9,D,BQ,BB,D
11:20:17,PTBA,RG,3680,1,D,BQ,AK,F
11:20:14,PTBA,RG,3690,4,F,YU,BB,D
11:20:14,PTBA,RG,3680,17,D,BQ,BB,D
11:19:45,PTBA,RG,3680,15,D,BQ,PD,D
11:19:27,PTBA,RG,3690,1,D,XC,BB,D
11:19:19,PTBA,RG,3690,1,D,CC,BB,D
11:19:14,PTBA,RG,3680,1,D,BQ,PD,D
11:19:10,PTBA,RG,3680,2,D,BQ,PD,D
11:18:59,PTBA,RG,3680,18,D,BQ,BK,F
11:18:46,PTBA,RG,3680,7,D,BQ,AK,F
11:18:05,PTBA,RG,3680,1,D,BQ,DR,D
11:18:04,PTBA,RG,3680,1,D,BQ,DR,D
11:18:02,PTBA,RG,3680,15,D,BQ,XL,D
11:17:33,PTBA,RG,3680,3,D,BQ,PD,D
11:17:18,PTBA,RG,3680,15,D,BQ,RX,D
11:17:17,PTBA,RG,3680,1,D,BQ,AK,F
11:17:01,PTBA,RG,3680,2,D,BQ,DR,D
11:16:50,PTBA,RG,3690,25,D,YP,AZ,D
11:16:39,PTBA,RG,3690,1,D,YP,AZ,D
11:16:39,PTBA,RG,3690,1,F,KZ,AZ,D
11:16:39,PTBA,RG,3690,33,F,YU,AZ,D
11:16:39,PTBA,RG,3690,88,F,KZ,AZ,D
11:16:39,PTBA,RG,3690,16,D,YP,AZ,D
11:16:38,PTBA,RG,3690,34,D,YP,ZP,F
11:16:38,PTBA,RG,3690,2,D,RO,ZP,F
11:16:38,PTBA,RG,3690,5,D,CC,ZP,F
11:16:38,PTBA,RG,3690,10,D,PD,ZP,F
11:16:38,PTBA,RG,3690,15,F,KZ,ZP,F
11:16:38,PTBA,RG,3690,1,F,KZ,ZP,F
11:16:38,PTBA,RG,3690,4,F,KZ,ZP,F
11:16:38,PTBA,RG,3690,1,D,XC,ZP,F
11:16:38,PTBA,RG,3690,1,F,KZ,ZP,F
11:16:38,PTBA,RG,3690,7,F,KZ,ZP,F
11:16:38,PTBA,RG,3690,9,F,KZ,ZP,F
11:16:38,PTBA,RG,3700,17,F,YU,ZP,F
11:16:37,PTBA,RG,3700,5,F,YU,ZP,F
11:16:37,PTBA,RG,3690,59,F,KZ,BB,D
11:16:37,PTBA,RG,3690,1,F,CC,BB,D
11:16:37,PTBA,RG,3690,1,D,NI,BB,D
11:16:37,PTBA,RG,3690,9,D,XC,BB,D
11:16:37,PTBA,RG,3690,1,D,PD,BB,D
11:16:37,PTBA,RG,3690,5,D,PD,BB,D
11:16:37,PTBA,RG,3690,50,D,YP,BB,D
11:16:37,PTBA,RG,3690,25,D,MG,BB,D
11:16:37,PTBA,RG,3690,1,D,KK,BB,D
11:16:37,PTBA,RG,3690,1,D,YP,BB,D
11:16:37,PTBA,RG,3690,9,F,RX,BB,D
11:16:37,PTBA,RG,3690,30,D,CC,BB,D
11:16:32,PTBA,RG,3690,10,D,CC,NI,D
11:16:30,PTBA,RG,3700,9,F,YU,ZP,F
11:16:27,PTBA,RG,3690,10,D,CC,AZ,D
11:16:27,PTBA,RG,3690,2,D,SQ,AZ,D
11:16:27,PTBA,RG,3690,5,D,CC,AZ,D
11:16:27,PTBA,RG,3690,5,D,YP,AZ,D
11:16:27,PTBA,RG,3690,3,D,XC,AZ,D
11:16:27,PTBA,RG,3690,1,D,PD,AZ,D
11:16:27,PTBA,RG,3690,4,D,CC,AZ,D
11:16:27,PTBA,RG,3690,75,D,BQ,AZ,D
11:16:27,PTBA,RG,3690,18,F,YU,AZ,D
11:16:27,PTBA,RG,3690,53,D,AZ,AZ,D
11:16:27,PTBA,RG,3690,8,D,PC,AZ,D
11:16:27,PTBA,RG,3690,1,D,CC,AZ,D
11:16:27,PTBA,RG,3690,11,D,XC,AZ,D
11:16:27,PTBA,RG,3690,5,D,CC,AZ,D
11:16:27,PTBA,RG,3690,3,D,NI,AZ,D
11:16:27,PTBA,RG,3690,14,D,XC,AZ,D
11:16:27,PTBA,RG,3690,5,F,RX,AZ,D
11:16:27,PTBA,RG,3690,3,D,XC,AZ,D
11:16:27,PTBA,RG,3690,1,D,CC,AZ,D
11:16:27,PTBA,RG,3690,1,D,XC,AZ,D
11:16:27,PTBA,RG,3690,3,F,KZ,AZ,D
11:16:27,PTBA,RG,3690,19,F,KZ,AZ,D
11:16:26,PTBA,RG,3700,22,F,YU,ZP,F
11:16:26,PTBA,RG,3690,190,F,KZ,BB,D
11:16:26,PTBA,RG,3690,6,D,PD,BB,D
11:16:24,PTBA,RG,3700,22,F,YU,ZP,F
11:16:22,PTBA,RG,3700,7,F,YU,ZP,F
11:16:22,PTBA,RG,3690,19,D,PD,BB,D
11:16:22,PTBA,RG,3690,10,D,XC,BB,D
11:16:22,PTBA,RG,3690,3,D,NI,BB,D
11:16:22,PTBA,RG,3690,3,D,XA,BB,D
11:16:22,PTBA,RG,3690,50,D,YP,BB,D
11:16:22,PTBA,RG,3690,1,D,YP,BB,D
11:16:22,PTBA,RG,3690,1,D,XC,BB,D
11:16:22,PTBA,RG,3690,14,D,KK,BB,D
11:16:22,PTBA,RG,3690,2,D,NI,BB,D
11:16:22,PTBA,RG,3690,2,D,NI,BB,D
11:16:22,PTBA,RG,3690,1,D,PD,BB,D
11:16:22,PTBA,RG,3690,2,D,PD,BB,D
11:16:22,PTBA,RG,3690,1,D,OD,BB,D
11:16:22,PTBA,RG,3690,1,D,PD,BB,D
11:16:22,PTBA,RG,3690,1,D,OD,BB,D
11:16:22,PTBA,RG,3690,75,D,BQ,BB,D
11:16:22,PTBA,RG,3690,2,D,XL,BB,D
11:16:22,PTBA,RG,3690,1,D,PD,BB,D
11:16:22,PTBA,RG,3690,20,D,YP,BB,D
11:16:22,PTBA,RG,3690,2,D,PD,BB,D
11:16:22,PTBA,RG,3690,2,D,KK,BB,D
11:16:22,PTBA,RG,3690,2,D,PD,BB,D
11:16:22,PTBA,RG,3690,3,D,SQ,BB,D
11:16:22,PTBA,RG,3690,1,D,XL,BB,D
11:16:22,PTBA,RG,3690,44,D,SQ,BB,D
11:16:17,PTBA,RG,3690,4,D,SQ,ZP,F
11:16:03,PTBA,RG,3690,1,D,SQ,XC,D
11:16:01,PTBA,RG,3690,6,D,SQ,BB,D
11:15:57,PTBA,RG,3690,5,D,SQ,ZP,F
11:15:50,PTBA,RG,3700,3,F,YU,BB,D
11:15:47,PTBA,RG,3690,18,D,SQ,BB,D
11:15:40,PTBA,RG,3690,8,D,SQ,AK,F
11:15:39,PTBA,RG,3700,4,F,YU,BB,D
11:15:38,PTBA,RG,3690,8,D,SQ,BB,D
11:15:38,PTBA,RG,3690,4,D,SQ,ZP,F
11:15:33,PTBA,RG,3690,11,D,SQ,SQ,D
11:15:33,PTBA,RG,3690,9,D,SQ,BB,D
11:15:17,PTBA,RG,3690,3,D,SQ,ZP,F
11:15:12,PTBA,RG,3690,5,D,SQ,BB,D
11:15:12,PTBA,RG,3700,1,D,DR,BB,D
11:15:08,PTBA,RG,3700,4,F,YU,BB,D
11:15:06,PTBA,RG,3690,4,D,SQ,BB,D
11:15:06,PTBA,RG,3700,5,D,XC,BB,D
11:15:03,PTBA,RG,3690,3,D,SQ,ZP,F
11:15:00,PTBA,RG,3690,5,D,SQ,BB,D
11:14:59,PTBA,RG,3690,1,D,SQ,PD,D
11:14:49,PTBA,RG,3690,3,D,SQ,BB,D
11:14:43,PTBA,RG,3690,6,D,SQ,BB,D
11:14:43,PTBA,RG,3690,4,D,SQ,ZP,F
11:14:24,PTBA,RG,3690,7,D,SQ,BB,D
11:14:21,PTBA,RG,3700,4,F,YU,BB,D
11:14:18,PTBA,RG,3690,9,D,SQ,BB,D
11:14:18,PTBA,RG,3690,3,D,SQ,ZP,F
11:13:58,PTBA,RG,3690,6,D,SQ,BB,D
11:13:58,PTBA,RG,3690,4,D,SQ,ZP,F
11:13:46,PTBA,RG,3690,1,D,SQ,DR,D
11:13:45,PTBA,RG,3690,13,D,SQ,BB,D
11:13:45,PTBA,RG,3690,1,D,SQ,DR,D
11:13:38,PTBA,RG,3700,4,F,YU,BB,D
11:13:37,PTBA,RG,3690,4,D,SQ,ZP,F
11:13:32,PTBA,RG,3690,10,D,PD,BB,D
11:13:32,PTBA,RG,3690,11,D,KK,BB,D
11:13:32,PTBA,RG,3690,1,D,KK,AK,F
11:13:26,PTBA,RG,3700,6,F,YU,BB,D
11:13:26,PTBA,RG,3690,6,D,KK,BB,D
11:13:26,PTBA,RG,3690,2,D,KK,RX,D
11:13:26,PTBA,RG,3690,5,D,CC,RX,D
11:13:26,PTBA,RG,3690,1,D,OD,RX,D
11:13:26,PTBA,RG,3690,1,D,XL,RX,D
11:13:26,PTBA,RG,3690,10,D,CD,RX,D
11:13:26,PTBA,RG,3690,3,D,AT,RX,D
11:13:26,PTBA,RG,3690,13,D,YP,RX,D
11:13:18,PTBA,RG,3690,4,D,YP,BB,D
11:13:18,PTBA,RG,3690,5,D,YP,ZP,F
11:13:08,PTBA,RG,3690,5,D,YP,BB,D
11:13:08,PTBA,RG,3690,6,D,CC,BB,D
11:13:08,PTBA,RG,3700,4,F,YU,BB,D
11:13:07,PTBA,RG,3690,4,D,CC,BK,F
11:13:07,PTBA,RG,3690,5,D,CC,BK,F
11:13:07,PTBA,RG,3690,2,D,YP,BK,F
11:13:07,PTBA,RG,3690,5,D,PD,BK,F
11:13:00,PTBA,RG,3690,4,D,PD,BB,D
11:12:55,PTBA,RG,3690,4,D,PD,ZP,F
11:12:37,PTBA,RG,3690,2,D,PD,ZP,F
11:12:37,PTBA,RG,3690,2,D,CC,ZP,F
11:12:37,PTBA,RG,3690,2,D,YP,BB,D
11:12:37,PTBA,RG,3690,2,D,YP,DR,D
11:12:28,PTBA,RG,3700,1,F,KZ,BB,D
11:12:26,PTBA,RG,3690,6,D,YP,BB,D
11:12:23,PTBA,RG,3700,5,F,YU,BB,D
11:12:18,PTBA,RG,3690,1,D,YP,BB,D
11:12:18,PTBA,RG,3690,20,D,XC,BB,D
11:12:17,PTBA,RG,3690,4,D,CC,ZP,F
11:12:07,PTBA,RG,3700,3,F,YU,BB,D
11:12:07,PTBA,RG,3700,2,F,KZ,BB,D
11:12:07,PTBA,RG,3700,5,F,KZ,BB,D
11:12:07,PTBA,RG,3700,1,F,KZ,BB,D
11:12:07,PTBA,RG,3700,3,F,KZ,BB,D
11:12:07,PTBA,RG,3700,4,F,KZ,BB,D
11:12:07,PTBA,RG,3700,14,F,KZ,BB,D
11:12:03,PTBA,RG,3690,12,D,CC,BB,D
11:12:03,PTBA,RG,3690,4,D,CC,ZP,F
11:11:48,PTBA,RG,3700,4,F,YU,BB,D
11:11:43,PTBA,RG,3690,6,D,CC,BB,D
11:11:43,PTBA,RG,3690,4,D,CC,ZP,F
11:11:33,PTBA,RG,3690,11,D,CC,BB,D
11:11:33,PTBA,RG,3700,5,D,PD,BB,D
11:11:22,PTBA,RG,3690,3,D,CC,ZP,F
11:11:17,PTBA,RG,3690,7,D,CC,BB,D
11:11:17,PTBA,RG,3700,3,F,YU,BB,D
11:11:13,PTBA,RG,3690,12,D,CC,YP,D
11:11:09,PTBA,RG,3690,11,D,CC,BB,D
11:11:09,PTBA,RG,3700,1,D,NI,BB,D
11:11:03,PTBA,RG,3700,4,F,YU,BB,D
11:11:02,PTBA,RG,3690,4,D,CC,ZP,F
11:11:02,PTBA,RG,3690,5,D,CC,BB,D
11:11:02,PTBA,RG,3690,5,D,CC,CC,D
11:10:52,PTBA,RG,3690,8,D,CC,BB,D
11:10:41,PTBA,RG,3690,4,D,CC,ZP,F
11:10:41,PTBA,RG,3690,1,D,YB,BB,D
11:10:41,PTBA,RG,3690,2,D,PD,BB,D
11:10:41,PTBA,RG,3690,8,D,ZP,BB,D
11:10:33,PTBA,RG,3700,3,F,YU,BB,D
11:10:31,PTBA,RG,3690,9,D,ZP,XC,D
11:10:23,PTBA,RG,3690,10,D,ZP,BB,D
11:10:23,PTBA,RG,3690,3,D,ZP,ZP,F
11:10:16,PTBA,RG,3690,1,D,ZP,XL,D
11:10:13,PTBA,RG,3690,7,D,ZP,BB,D
11:10:13,PTBA,RG,3700,4,F,YU,BB,D
11:10:08,PTBA,RG,3690,13,D,ZP,BB,D
11:10:07,PTBA,RG,3690,6,D,ZP,ZP,F
11:09:45,PTBA,RG,3690,4,D,ZP,ZP,F
11:09:45,PTBA,RG,3690,8,D,ZP,BB,D
11:09:45,PTBA,RG,3700,3,F,YU,BB,D
11:09:39,PTBA,RG,3690,6,D,ZP,XC,D
11:09:37,PTBA,RG,3690,6,D,ZP,BB,D
11:09:28,PTBA,RG,3700,1,F,KZ,BB,D
11:09:26,PTBA,RG,3690,5,D,ZP,ZP,F
11:09:26,PTBA,RG,3690,11,D,ZP,BB,D
11:09:26,PTBA,RG,3700,3,F,YU,BB,D
11:09:21,PTBA,RG,3690,10,D,ZP,XC,D
11:09:19,PTBA,RG,3690,10,D,ZP,BB,D
11:09:19,PTBA,RG,3690,2,D,ZP,DR,D
11:09:17,PTBA,RG,3690,1,D,ZP,DR,D
11:09:08,PTBA,RG,3690,4,D,ZP,ZP,F
11:09:01,PTBA,RG,3700,5,F,YU,BB,D
11:09:01,PTBA,RG,3690,40,D,ZP,BB,D
11:08:52,PTBA,RG,3700,8,F,RX,BB,D
11:08:48,PTBA,RG,3700,5,F,YU,BB,D
11:08:48,PTBA,RG,3700,41,F,KZ,BB,D
11:08:48,PTBA,RG,3700,1,F,KZ,BB,D
11:08:48,PTBA,RG,3700,3,F,KZ,BB,D
11:08:48,PTBA,RG,3700,2,F,KZ,BB,D
11:08:48,PTBA,RG,3700,4,F,YU,BB,D
11:08:46,PTBA,RG,3690,4,D,ZP,ZP,F
11:08:46,PTBA,RG,3690,4,D,ZP,BB,D
11:08:46,PTBA,RG,3700,1,F,KZ,BB,D
11:08:42,PTBA,RG,3690,1,D,ZP,XL,D
11:08:40,PTBA,RG,3690,5,D,ZP,BB,D
11:08:28,PTBA,RG,3690,3,D,ZP,ZP,F
11:08:26,PTBA,RG,3690,10,D,ZP,BB,D
11:08:13,PTBA,RG,3690,2,D,ZP,DR,D
11:08:09,PTBA,RG,3690,4,D,ZP,ZP,F
11:08:07,PTBA,RG,3700,4,F,YU,BB,D
11:08:07,PTBA,RG,3690,16,D,ZP,BB,D
11:08:05,PTBA,RG,3690,19,D,ZP,BK,F
11:08:04,PTBA,RG,3700,4,F,YU,BB,D
11:08:03,PTBA,RG,3690,22,D,ZP,BB,D
11:07:55,PTBA,RG,3690,10,D,ZP,AK,F
11:07:55,PTBA,RG,3700,1,F,KZ,BB,D
11:07:55,PTBA,RG,3700,1,F,KZ,BB,D
11:07:55,PTBA,RG,3700,5,F,YU,BB,D
11:07:55,PTBA,RG,3700,1,F,KZ,BB,D
11:07:55,PTBA,RG,3700,1,F,KZ,BB,D
11:07:55,PTBA,RG,3700,1,F,KZ,BB,D
11:07:55,PTBA,RG,3700,11,F,KZ,BB,D
11:07:53,PTBA,RG,3690,24,D,ZP,BB,D
11:07:53,PTBA,RG,3690,5,D,ZP,ZP,F
11:07:35,PTBA,RG,3700,4,F,YU,BB,D
11:07:35,PTBA,RG,3690,19,D,ZP,RX,D
11:07:33,PTBA,RG,3690,6,D,ZP,ZP,F
11:07:32,PTBA,RG,3690,12,D,ZP,BB,D
11:07:32,PTBA,RG,3700,4,F,YU,BB,D
11:07:29,PTBA,RG,3690,18,D,ZP,BK,F
11:07:22,PTBA,RG,3690,7,D,ZP,BB,D
11:07:17,PTBA,RG,3700,1,D,XC,BB,D
11:07:13,PTBA,RG,3690,9,D,ZP,BB,D
11:07:12,PTBA,RG,3690,5,D,ZP,ZP,F
11:07:05,PTBA,RG,3700,3,F,YU,BB,D
11:07:04,PTBA,RG,3690,10,D,ZP,BB,D
11:07:04,PTBA,RG,3700,5,D,EP,BB,D
11:06:53,PTBA,RG,3700,4,F,YU,BB,D
11:06:53,PTBA,RG,3690,12,D,ZP,BB,D
11:06:52,PTBA,RG,3690,3,D,ZP,ZP,F
11:06:50,PTBA,RG,3690,6,D,ZP,BB,D
11:06:50,PTBA,RG,3690,1,D,YP,BB,D
11:06:50,PTBA,RG,3690,15,D,XC,BB,D
11:06:50,PTBA,RG,3690,6,D,YP,BB,D
11:06:50,PTBA,RG,3690,1,D,YP,PD,D
11:06:34,PTBA,RG,3700,5,F,YU,BB,D
11:06:33,PTBA,RG,3690,5,D,YP,BB,D
11:06:33,PTBA,RG,3690,4,D,CC,BB,D
11:06:33,PTBA,RG,3690,6,D,YP,BB,D
11:06:33,PTBA,RG,3700,5,F,YU,BB,D
11:06:33,PTBA,RG,3690,4,D,YP,PD,D
11:06:33,PTBA,RG,3690,2,D,PD,PD,D
11:06:33,PTBA,RG,3690,6,D,XC,PD,D
11:06:33,PTBA,RG,3690,15,D,CC,PD,D
11:06:33,PTBA,RG,3690,6,D,PD,PD,D
11:06:33,PTBA,RG,3690,1,D,XL,PD,D
11:06:33,PTBA,RG,3690,22,D,OD,PD,D
11:06:32,PTBA,RG,3690,4,D,OD,ZP,F
11:06:13,PTBA,RG,3690,15,D,OD,BB,D
11:06:12,PTBA,RG,3690,3,D,OD,ZP,F
11:05:55,PTBA,RG,3700,3,F,YU,BB,D
11:05:53,PTBA,RG,3690,4,D,OD,ZP,F
11:05:53,PTBA,RG,3690,17,D,OD,BB,D
11:05:52,PTBA,RG,3690,5,D,OD,PD,D
11:05:38,PTBA,RG,3700,3,F,YU,BB,D
11:05:37,PTBA,RG,3690,5,D,OD,PD,D
11:05:35,PTBA,RG,3690,19,D,OD,BB,D
11:05:35,PTBA,RG,3700,3,F,YU,BB,D
11:05:35,PTBA,RG,3690,3,D,OD,ZP,F
11:05:34,PTBA,RG,3700,8,D,XC,BB,D
11:05:30,PTBA,RG,3690,4,D,OD,BB,D
11:05:30,PTBA,RG,3690,15,D,OD,BK,F
11:05:20,PTBA,RG,3700,3,F,YU,BB,D
11:05:18,PTBA,RG,3690,6,D,OD,BB,D
11:05:18,PTBA,RG,3690,4,D,OD,ZP,F
11:05:15,PTBA,RG,3690,19,D,OD,RX,D
11:05:08,PTBA,RG,3700,4,F,YU,BB,D
11:05:07,PTBA,RG,3690,33,D,OD,BB,D
11:05:01,PTBA,RG,3690,3,D,OD,ZP,F
11:05:01,PTBA,RG,3690,2,D,OD,DR,D
11:05:00,PTBA,RG,3700,4,F,YU,BB,D
11:04:55,PTBA,RG,3690,22,D,OD,BB,D
11:04:45,PTBA,RG,3700,1,D,CC,BB,D
11:04:43,PTBA,RG,3690,5,D,OD,ZP,F
11:04:37,PTBA,RG,3700,5,F,YU,BB,D
11:04:37,PTBA,RG,3690,23,D,OD,BB,D
11:04:37,PTBA,RG,3690,22,D,OD,XC,D
11:04:25,PTBA,RG,3700,8,F,YU,BB,D
11:04:25,PTBA,RG,3700,50,D,KK,BB,D
11:04:21,PTBA,RG,3690,5,D,OD,ZP,F
11:04:21,PTBA,RG,3690,7,D,OD,BB,D
11:04:15,PTBA,RG,3690,9,D,OD,BB,D
11:04:08,PTBA,RG,3690,1,D,OD,PD,D
11:04:08,PTBA,RG,3700,3,F,YU,BB,D
11:04:01,PTBA,RG,3690,4,D,OD,ZP,F
11:04:01,PTBA,RG,3690,8,D,OD,BB,D
11:03:49,PTBA,RG,3690,2,D,OD,DR,D
11:03:44,PTBA,RG,3690,1,D,OD,PD,D
11:03:43,PTBA,RG,3690,8,D,OD,ZP,F
11:03:22,PTBA,RG,3690,4,D,OD,ZP,F
11:03:22,PTBA,RG,3690,1,D,OD,XL,D
11:03:12,PTBA,RG,3700,3,F,YU,BB,D
11:03:11,PTBA,RG,3690,16,D,OD,RX,D
11:03:06,PTBA,RG,3690,4,D,OD,ZP,F
11:02:48,PTBA,RG,3690,5,D,OD,ZP,F
11:02:34,PTBA,RG,3700,1,D,YP,BB,D
11:02:31,PTBA,RG,3700,1,D,XC,BB,D
11:02:28,PTBA,RG,3690,4,D,OD,ZP,F
11:02:14,PTBA,RG,3700,3,F,YU,BB,D
11:02:08,PTBA,RG,3690,4,D,OD,ZP,F
11:02:01,PTBA,RG,3690,23,D,OD,PD,D
11:01:57,PTBA,RG,3700,3,F,YU,BB,D
11:01:56,PTBA,RG,3690,16,D,OD,BK,F
11:01:47,PTBA,RG,3690,4,D,OD,ZP,F
11:01:35,PTBA,RG,3690,2,D,OD,XC,D
11:01:34,PTBA,RG,3700,3,F,YU,BB,D
11:01:29,PTBA,RG,3690,16,D,OD,RX,D
11:01:28,PTBA,RG,3690,3,D,OD,ZP,F
11:01:08,PTBA,RG,3690,5,D,OD,ZP,F
11:00:48,PTBA,RG,3700,7,F,YU,BB,D
11:00:48,PTBA,RG,3690,51,D,OD,YP,D
11:00:48,PTBA,RG,3690,10,D,OD,ZP,F
11:00:31,PTBA,RG,3690,2,D,OD,DR,D
11:00:28,PTBA,RG,3690,6,D,OD,ZP,F
11:00:13,PTBA,RG,3690,4,D,OD,ZP,F
11:00:10,PTBA,RG,3700,4,F,YU,BB,D
11:00:04,PTBA,RG,3700,32,F,YU,BB,D
11:00:04,PTBA,RG,3690,303,D,OD,OD,D
11:00:01,PTBA,RG,3690,16,D,OD,BK,F
10:59:52,PTBA,RG,3690,3,D,OD,ZP,F
10:59:33,PTBA,RG,3700,3,F,YU,BB,D
10:59:32,PTBA,RG,3690,4,D,OD,ZP,F
10:59:25,PTBA,RG,3690,2,D,OD,DR,D
10:59:14,PTBA,RG,3690,2,D,OD,XL,D
10:59:13,PTBA,RG,3690,4,D,OD,ZP,F
10:59:05,PTBA,RG,3700,6,D,PD,BB,D
10:58:53,PTBA,RG,3690,4,D,OD,ZP,F
10:58:32,PTBA,RG,3690,3,D,OD,ZP,F
10:58:19,PTBA,RG,3700,3,F,YU,BB,D
10:58:14,PTBA,RG,3690,25,D,OD,XL,D
10:58:12,PTBA,RG,3690,4,D,OD,ZP,F
10:57:55,PTBA,RG,3700,3,F,YU,BB,D
10:57:53,PTBA,RG,3690,3,D,OD,ZP,F
10:57:33,PTBA,RG,3690,4,D,OD,ZP,F
10:57:13,PTBA,RG,3690,4,D,OD,ZP,F
10:56:14,PTBA,RG,3690,2,D,OD,HP,D
10:56:08,PTBA,RG,3690,2,D,OD,DR,D
10:55:38,PTBA,RG,3690,1,D,OD,PD,D
10:55:01,PTBA,RG,3690,3,D,OD,DR,D
10:54:27,PTBA,RG,3690,7,D,OD,PD,D
10:54:26,PTBA,RG,3690,1,D,OD,XL,D
10:54:18,PTBA,RG,3700,3,F,YU,BB,D
10:54:14,PTBA,RG,3690,17,D,OD,BK,F
10:53:45,PTBA,RG,3700,1,D,XL,BB,D
10:53:38,PTBA,RG,3700,13,F,YU,BB,D
10:53:37,PTBA,RG,3690,16,D,OD,RX,D
10:53:33,PTBA,RG,3700,10,F,YU,BB,D
10:53:33,PTBA,RG,3700,18,F,KZ,BB,D
10:53:33,PTBA,RG,3700,12,F,KZ,BB,D
10:53:33,PTBA,RG,3700,1,D,XC,BB,D
10:53:33,PTBA,RG,3700,1,D,CC,BB,D
10:53:33,PTBA,RG,3700,2,F,KZ,BB,D
10:53:33,PTBA,RG,3700,9,D,XC,BB,D
10:53:33,PTBA,RG,3700,31,F,KZ,BB,D
10:53:33,PTBA,RG,3700,1,D,CC,BB,D
10:53:33,PTBA,RG,3700,5,D,YP,BB,D
10:53:33,PTBA,RG,3700,1,D,PD,BB,D
10:53:33,PTBA,RG,3700,2,D,DR,BB,D
10:53:33,PTBA,RG,3700,126,F,YU,BB,D
10:53:33,PTBA,RG,3700,20,D,XL,BB,D
10:53:33,PTBA,RG,3700,2,D,YP,BB,D
10:53:33,PTBA,RG,3700,5,D,YP,BB,D
10:53:33,PTBA,RG,3700,2,F,KZ,BB,D
10:53:33,PTBA,RG,3700,2,F,KZ,BB,D
10:53:33,PTBA,RG,3700,1,D,KK,BB,D
10:53:33,PTBA,RG,3700,1,D,DH,BB,D
10:53:33,PTBA,RG,3700,1,D,PD,BB,D
10:53:33,PTBA,RG,3700,3,F,RX,BB,D
10:53:33,PTBA,RG,3700,1,D,PD,BB,D
10:53:33,PTBA,RG,3700,1,D,PD,BB,D
10:53:33,PTBA,RG,3700,1,D,XC,BB,D
10:53:33,PTBA,RG,3700,2,D,NI,BB,D
10:53:33,PTBA,RG,3700,1,D,NI,BB,D
10:53:33,PTBA,RG,3700,5,D,XL,BB,D
10:53:33,PTBA,RG,3700,1,D,XC,BB,D
10:53:33,PTBA,RG,3700,4,D,XC,BB,D
10:53:33,PTBA,RG,3700,1,D,PD,BB,D
10:53:33,PTBA,RG,3700,1,D,DH,BB,D
10:53:33,PTBA,RG,3700,1,D,PD,BB,D
10:53:33,PTBA,RG,3700,2,D,PD,BB,D
10:53:33,PTBA,RG,3700,9,F,RX,BB,D
10:53:33,PTBA,RG,3700,2,D,BQ,BB,D
10:53:33,PTBA,RG,3700,5,D,XC,BB,D
10:53:33,PTBA,RG,3700,1,D,XC,BB,D
10:53:33,PTBA,RG,3700,28,D,NI,BB,D
10:53:33,PTBA,RG,3700,1,D,DR,BB,D
10:53:33,PTBA,RG,3700,1,D,XC,BB,D
10:53:33,PTBA,RG,3700,5,D,XL,BB,D
10:53:33,PTBA,RG,3700,1,D,YP,BB,D
10:53:33,PTBA,RG,3700,10,D,XC,BB,D
10:53:33,PTBA,RG,3700,5,D,CC,BB,D
10:53:33,PTBA,RG,3700,3,D,YP,BB,D
10:53:33,PTBA,RG,3700,4,D,SQ,BB,D
10:53:33,PTBA,RG,3700,2,D,CC,BB,D
10:53:33,PTBA,RG,3700,1,D,AT,BB,D
10:53:33,PTBA,RG,3700,26,F,YU,BB,D
10:53:33,PTBA,RG,3700,20,D,DX,BB,D
10:53:33,PTBA,RG,3700,1,D,NI,BB,D
10:53:33,PTBA,RG,3700,3,D,XC,BB,D
10:53:33,PTBA,RG,3700,1,D,DR,BB,D
10:53:33,PTBA,RG,3700,28,D,YP,BB,D
10:53:33,PTBA,RG,3700,1,D,NI,BB,D
10:53:33,PTBA,RG,3700,2,D,CC,BB,D
10:53:33,PTBA,RG,3700,1,D,YB,BB,D
10:53:33,PTBA,RG,3700,1,D,PD,BB,D
10:53:33,PTBA,RG,3700,2,D,XL,BB,D
10:53:33,PTBA,RG,3700,10,D,XC,BB,D
10:53:33,PTBA,RG,3700,10,D,CC,BB,D
10:53:33,PTBA,RG,3700,10,D,PD,BB,D
10:53:33,PTBA,RG,3700,5,D,LG,BB,D
10:53:33,PTBA,RG,3700,2,D,YU,BB,D
10:53:33,PTBA,RG,3700,2,D,XC,BB,D
10:53:33,PTBA,RG,3700,1,D,OD,BB,D
10:53:33,PTBA,RG,3700,2,D,XL,BB,D
10:53:33,PTBA,RG,3700,81,D,YU,BB,D
10:53:33,PTBA,RG,3700,1,D,XL,BB,D
10:53:33,PTBA,RG,3700,1,D,XL,BB,D
10:53:33,PTBA,RG,3700,2,D,XC,BB,D
10:53:33,PTBA,RG,3700,25,D,NI,BB,D
10:53:33,PTBA,RG,3700,68,D,XL,BB,D
10:53:33,PTBA,RG,3700,600,D,BQ,BB,D
10:53:33,PTBA,RG,3700,225,D,BQ,BB,D
10:53:33,PTBA,RG,3700,225,D,BQ,BB,D
10:53:33,PTBA,RG,3700,8,D,BQ,BB,D
10:53:28,PTBA,RG,3710,9,F,YU,BK,F
10:53:28,PTBA,RG,3710,1,F,YU,ZP,F
10:53:28,PTBA,RG,3700,100,D,BQ,SQ,D
10:53:24,PTBA,RG,3710,4,F,YU,ZP,F
10:53:22,PTBA,RG,3700,18,D,BQ,BK,F
10:52:17,PTBA,RG,3700,1,D,BQ,AK,F
10:52:03,PTBA,RG,3710,1,D,XL,ZP,F
10:51:49,PTBA,RG,3710,2,F,KZ,ZP,F
10:51:49,PTBA,RG,3700,9,D,BQ,XC,D
10:51:49,PTBA,RG,3710,2,F,KZ,ZP,F
10:51:47,PTBA,RG,3710,3,F,YU,ZP,F
10:51:47,PTBA,RG,3710,6,F,KZ,ZP,F
10:51:47,PTBA,RG,3710,1,F,KZ,XL,D
10:51:47,PTBA,RG,3710,7,F,KZ,XL,D
10:51:46,PTBA,RG,3710,1,F,KZ,XL,D
10:51:46,PTBA,RG,3710,5,F,KZ,XL,D
10:51:46,PTBA,RG,3710,1,F,KZ,GR,D
10:51:46,PTBA,RG,3710,6,F,KZ,ZP,F
10:51:46,PTBA,RG,3710,4,F,KZ,ZP,F
10:51:46,PTBA,RG,3710,2,D,CC,ZP,F
10:51:40,PTBA,RG,3700,1,D,BQ,DR,D
10:51:39,PTBA,RG,3710,4,F,YU,ZP,F
10:51:38,PTBA,RG,3700,1,D,BQ,DR,D
10:51:34,PTBA,RG,3700,15,D,BQ,AK,F
10:51:30,PTBA,RG,3700,5,D,BQ,XL,D
10:50:43,PTBA,RG,3710,5,D,PD,ZP,F
10:50:37,PTBA,RG,3700,2,D,BQ,DR,D
10:50:14,PTBA,RG,3700,3,D,BQ,XL,D
10:50:06,PTBA,RG,3710,3,F,YU,ZP,F
10:50:05,PTBA,RG,3700,4,D,BQ,CC,D
10:50:04,PTBA,RG,3700,20,D,BQ,RX,D
10:49:53,PTBA,RG,3710,3,F,YU,ZP,F
10:49:52,PTBA,RG,3710,32,F,YU,ZP,F
10:49:49,PTBA,RG,3700,38,D,BQ,CC,D
10:49:49,PTBA,RG,3700,225,D,BQ,CC,D
10:49:49,PTBA,RG,3700,52,D,BQ,CC,D
10:49:48,PTBA,RG,3710,8,F,YU,ZP,F
10:49:48,PTBA,RG,3700,75,D,BQ,YP,D
