Time,Stock,Brd,Price,Qty,BT,BC,SC,ST
15:14:57,PTBA,RG,3960,10,D,CD,LG,D
15:14:57,PTBA,RG,3960,30,D,NI,LG,D
15:14:53,PTBA,RG,3960,3,D,YP,LG,D
15:14:46,PTBA,RG,3960,1,D,XL,LG,D
15:14:38,PTBA,RG,3960,1,D,YP,LG,D
15:14:35,PTBA,RG,3960,2,D,DX,LG,D
15:14:32,PTBA,RG,3960,1,D,CC,LG,D
15:14:31,PTBA,RG,3960,1,D,YP,LG,D
15:14:26,PTBA,RG,3960,1,D,XC,LG,D
15:14:21,PTBA,RG,3960,5,D,CC,LG,D
15:14:12,PTBA,RG,3960,5,D,XL,LG,D
15:14:08,PTBA,RG,3960,1,D,SQ,LG,D
15:14:07,PTBA,RG,3960,3,D,XC,LG,D
15:14:06,PTBA,RG,3960,10,D,PD,LG,D
15:13:58,PTBA,RG,3960,1,D,XC,LG,D
15:13:58,PTBA,RG,3960,10,D,PD,LG,D
15:13:56,PTBA,RG,3960,16,D,NI,LG,D
15:13:56,PTBA,RG,3960,9,D,NI,LG,D
15:13:47,PTBA,RG,3960,2,D,YP,LG,D
15:13:46,PTBA,RG,3960,1,D,XC,LG,D
15:13:35,PTBA,RG,3960,1,D,XL,LG,D
15:13:35,PTBA,RG,3960,2,D,OD,LG,D
15:13:34,PTBA,RG,3960,2,D,SQ,LG,D
15:13:33,PTBA,RG,3960,5,D,LS,LG,D
15:13:30,PTBA,RG,3960,20,D,XC,LG,D
15:13:29,PTBA,RG,3960,5,D,PD,LG,D
15:13:24,PTBA,RG,3960,1,D,XC,LG,D
15:13:20,PTBA,RG,3960,1,D,KK,LG,D
15:13:20,PTBA,RG,3960,1,D,DH,LG,D
15:13:13,PTBA,RG,3960,3,D,YP,LG,D
15:13:11,PTBA,RG,3960,1,D,XC,LG,D
15:13:10,PTBA,RG,3960,30,D,PD,LG,D
15:13:03,PTBA,RG,3960,1,D,XC,LG,D
15:12:59,PTBA,RG,3960,25,D,YP,LG,D
15:12:57,PTBA,RG,3960,1,D,XC,LG,D
15:12:54,PTBA,RG,3960,358,D,CC,LG,D
15:12:54,PTBA,RG,3960,51,D,CC,LG,D
15:12:44,PTBA,RG,3960,10,D,PD,LG,D
15:12:43,PTBA,RG,3960,2,D,XC,LG,D
15:12:40,PTBA,RG,3960,1,D,YB,LG,D
15:12:39,PTBA,RG,3960,1,D,XC,LG,D
15:12:31,PTBA,RG,3960,2,D,XL,LG,D
15:12:28,PTBA,RG,3960,1,D,CC,LG,D
15:12:19,PTBA,RG,3960,1,D,XC,LG,D
15:12:11,PTBA,RG,3960,1,D,XC,LG,D
15:12:10,PTBA,RG,3960,10,D,XC,LG,D
15:12:01,PTBA,RG,3960,1,D,XC,LG,D
15:11:49,PTBA,RG,3960,23,D,XC,LG,D
15:11:45,PTBA,RG,3960,1,D,SQ,LG,D
15:11:42,PTBA,RG,3960,3,D,YP,LG,D
15:11:40,PTBA,RG,3960,50,D,YP,LG,D
15:11:38,PTBA,RG,3960,5,D,XC,LG,D
15:11:36,PTBA,RG,3960,5,D,PD,LG,D
15:11:31,PTBA,RG,3960,2,D,XC,LG,D
15:11:12,PTBA,RG,3960,10,D,CC,LG,D
15:11:02,PTBA,RG,3960,28,D,XC,LG,D
15:10:54,PTBA,RG,3960,25,D,YP,LG,D
15:10:49,PTBA,RG,3960,1,D,XL,LG,D
15:10:44,PTBA,RG,3960,2,D,YP,LG,D
15:10:43,PTBA,RG,3960,1,D,XL,LG,D
15:10:41,PTBA,RG,3960,1,D,PD,LG,D
15:10:38,PTBA,RG,3960,1,D,NI,LG,D
15:10:38,PTBA,RG,3960,4,D,XL,LG,D
15:10:34,PTBA,RG,3960,10,D,CP,LG,D
15:10:34,PTBA,RG,3960,1,D,CC,LG,D
15:10:31,PTBA,RG,3960,1,D,XL,LG,D
15:10:28,PTBA,RG,3960,100,D,OD,LG,D
15:10:27,PTBA,RG,3960,10,D,XC,LG,D
15:10:20,PTBA,RG,3960,10,D,DR,LG,D
15:09:57,PTBA,RG,3960,100,D,YP,LG,D
15:09:50,PTBA,RG,3960,1,D,XC,LG,D
15:09:47,PTBA,RG,3960,1,D,PD,LG,D
15:09:44,PTBA,RG,3960,1,D,XC,LG,D
15:09:42,PTBA,RG,3960,15,D,YP,LG,D
15:09:41,PTBA,RG,3960,1,D,XC,LG,D
15:09:33,PTBA,RG,3960,2,D,XL,LG,D
15:09:27,PTBA,RG,3960,3,D,NI,LG,D
15:09:27,PTBA,RG,3960,2,D,PD,LG,D
15:09:23,PTBA,RG,3960,1,D,XC,LG,D
15:09:22,PTBA,RG,3960,13,D,GR,LG,D
15:09:17,PTBA,RG,3960,1,D,PD,LG,D
15:09:10,PTBA,RG,3960,6,D,SQ,LG,D
15:09:10,PTBA,RG,3960,4,D,SQ,LG,D
15:09:07,PTBA,RG,3960,5,D,OD,LG,D
15:09:06,PTBA,RG,3960,25,D,CC,LG,D
15:09:04,PTBA,RG,3960,18,D,XC,LG,D
15:09:04,PTBA,RG,3960,50,D,SQ,LG,D
15:09:01,PTBA,RG,3960,1,D,YP,LG,D
15:08:57,PTBA,RG,3960,1,D,PD,LG,D
15:08:54,PTBA,RG,3960,1,D,AZ,LG,D
15:08:51,PTBA,RG,3960,3,D,XC,LG,D
15:08:49,PTBA,RG,3960,10,D,SQ,LG,D
15:08:48,PTBA,RG,3960,1,D,PD,LG,D
15:08:46,PTBA,RG,3960,2,D,PD,LG,D
15:08:38,PTBA,RG,3960,1,D,YP,LG,D
15:08:36,PTBA,RG,3960,3,D,PD,LG,D
15:08:29,PTBA,RG,3960,1,D,PD,LG,D
15:08:28,PTBA,RG,3960,1,D,YP,LG,D
15:08:17,PTBA,RG,3960,1,D,YP,LG,D
15:08:12,PTBA,RG,3960,1,D,YP,LG,D
15:08:11,PTBA,RG,3960,1,D,XC,LG,D
15:07:56,PTBA,RG,3960,1,D,PD,LG,D
15:07:55,PTBA,RG,3960,1,D,PD,LG,D
15:07:54,PTBA,RG,3960,1,D,YP,LG,D
15:07:50,PTBA,RG,3960,1,D,NI,LG,D
15:07:48,PTBA,RG,3960,3,D,XL,LG,D
15:07:42,PTBA,RG,3960,1,D,XC,LG,D
15:07:40,PTBA,RG,3960,5,D,PD,LG,D
15:07:40,PTBA,RG,3960,1,D,YP,LG,D
15:07:39,PTBA,RG,3960,1,D,XC,LG,D
15:07:38,PTBA,RG,3960,5,D,PD,LG,D
15:07:32,PTBA,RG,3960,10,D,KK,LG,D
15:07:30,PTBA,RG,3960,1,D,NI,LG,D
15:07:27,PTBA,RG,3960,1,D,YP,LG,D
15:07:26,PTBA,RG,3960,1,D,XC,LG,D
15:07:11,PTBA,RG,3960,1,D,PD,LG,D
15:07:03,PTBA,RG,3960,1,D,SQ,LG,D
15:06:59,PTBA,RG,3960,55,D,OD,LG,D
15:06:55,PTBA,RG,3960,1,D,XC,LG,D
15:06:48,PTBA,RG,3960,3,D,OD,LG,D
15:06:46,PTBA,RG,3960,1,D,CC,LG,D
15:06:40,PTBA,RG,3960,2,D,YP,LG,D
15:06:31,PTBA,RG,3960,1,D,XC,LG,D
15:06:30,PTBA,RG,3960,4,D,XC,LG,D
15:06:10,PTBA,RG,3960,9,D,XC,LG,D
15:06:08,PTBA,RG,3960,10,D,XL,LG,D
15:06:07,PTBA,RG,3960,2,D,XL,LG,D
15:06:03,PTBA,RG,3960,50,D,CC,LG,D
15:06:01,PTBA,RG,3960,5,D,YP,LG,D
15:05:58,PTBA,RG,3960,3,D,PD,LG,D
15:05:55,PTBA,RG,3960,5,D,XC,LG,D
15:05:54,PTBA,RG,3960,1,D,XL,LG,D
15:05:52,PTBA,RG,3960,1,D,AI,LG,D
15:05:48,PTBA,RG,3960,1,D,KK,LG,D
15:05:45,PTBA,RG,3960,4,D,PD,LG,D
15:05:45,PTBA,RG,3960,1,D,KK,LG,D
15:05:42,PTBA,RG,3960,1,D,XC,LG,D
15:05:38,PTBA,RG,3960,1,D,XL,LG,D
15:05:37,PTBA,RG,3960,10,D,XC,LG,D
15:05:35,PTBA,RG,3960,1,D,XL,LG,D
15:05:35,PTBA,RG,3960,1,D,LG,LG,D
15:05:33,PTBA,RG,3960,2,D,NI,LG,D
15:05:29,PTBA,RG,3960,1,D,PD,LG,D
15:05:24,PTBA,RG,3960,10,D,DH,LG,D
15:05:22,PTBA,RG,3960,12,D,AZ,LG,D
15:05:17,PTBA,RG,3960,5,D,YP,LG,D
15:05:12,PTBA,RG,3960,26,D,PD,LG,D
15:05:10,PTBA,RG,3960,20,D,GR,LG,D
15:05:04,PTBA,RG,3960,94,D,ZP,LG,D
15:05:04,PTBA,RG,3960,770,D,ZP,LG,D
15:05:04,PTBA,RG,3960,1136,D,ZP,LG,D
15:05:04,PTBA,RG,3960,5,D,CC,LG,D
15:05:01,PTBA,RG,3960,1,D,XC,LG,D
15:04:57,PTBA,RG,3960,5,D,YP,LG,D
15:04:57,PTBA,RG,3960,1,D,XL,LG,D
15:04:48,PTBA,RG,3960,50,D,YP,LG,D
15:04:47,PTBA,RG,3960,5,D,GR,LG,D
15:04:44,PTBA,RG,3960,5,D,PD,LG,D
15:04:44,PTBA,RG,3960,1,D,PD,LG,D
15:04:38,PTBA,RG,3960,486,D,ZP,LG,D
15:04:38,PTBA,RG,3960,451,D,ZP,LG,D
15:04:38,PTBA,RG,3960,63,D,ZP,LG,D
15:04:36,PTBA,RG,3960,4,D,XC,LG,D
15:04:35,PTBA,RG,3960,2,D,XC,LG,D
15:04:35,PTBA,RG,3960,1,D,XL,LG,D
15:04:34,PTBA,RG,3960,2,D,YP,LG,D
15:04:32,PTBA,RG,3960,5,D,KK,LG,D
15:04:31,PTBA,RG,3960,19,D,CC,LG,D
15:04:27,PTBA,RG,3960,10,D,PD,LG,D
15:04:18,PTBA,RG,3960,2,D,XC,LG,D
15:04:17,PTBA,RG,3960,50,D,OD,LG,D
15:04:14,PTBA,RG,3960,30,D,YU,LG,D
15:04:07,PTBA,RG,3960,50,D,EP,LG,D
15:03:59,PTBA,RG,3960,11,D,CC,LG,D
15:03:53,PTBA,RG,3960,20,D,YU,LG,D
15:03:52,PTBA,RG,3960,1,D,XC,LG,D
15:03:41,PTBA,RG,3960,3,D,CC,LG,D
15:03:38,PTBA,RG,3960,200,D,YB,LG,D
15:03:37,PTBA,RG,3960,2,D,CC,LG,D
15:03:37,PTBA,RG,3960,3,D,CC,LG,D
15:03:35,PTBA,RG,3960,10,D,CC,LG,D
15:03:33,PTBA,RG,3960,778,D,SA,LG,D
15:03:33,PTBA,RG,3960,222,D,SA,LG,D
15:03:32,PTBA,RG,3960,30,D,CC,LG,D
15:03:26,PTBA,RG,3960,11,D,XL,LG,D
15:03:24,PTBA,RG,3960,1,D,AZ,LG,D
15:03:23,PTBA,RG,3960,1,D,XC,LG,D
15:03:22,PTBA,RG,3960,2,D,XC,LG,D
15:03:16,PTBA,RG,3960,1,D,XL,LG,D
15:03:09,PTBA,RG,3960,10,D,CC,LG,D
15:02:55,PTBA,RG,3960,1,D,XC,LG,D
15:02:54,PTBA,RG,3960,1,D,PD,LG,D
15:02:39,PTBA,RG,3960,1,D,XL,LG,D
15:02:36,PTBA,RG,3960,1,D,XC,LG,D
15:02:36,PTBA,RG,3960,1,D,SQ,LG,D
15:02:25,PTBA,RG,3960,1,D,XC,LG,D
15:02:20,PTBA,RG,3960,41,D,YP,LG,D
15:02:19,PTBA,RG,3960,12,D,XC,LG,D
15:02:14,PTBA,RG,3960,5,D,YP,LG,D
15:02:13,PTBA,RG,3960,114,D,SA,LG,D
15:02:13,PTBA,RG,3960,500,D,SA,LG,D
15:02:13,PTBA,RG,3960,386,D,SA,LG,D
15:02:09,PTBA,RG,3960,3,D,XL,LG,D
15:02:07,PTBA,RG,3960,8,D,XC,LG,D
15:02:04,PTBA,RG,3960,80,D,XL,LG,D
15:02:04,PTBA,RG,3960,920,D,XL,LG,D
15:02:03,PTBA,RG,3960,1,D,XC,LG,D
15:02:03,PTBA,RG,3960,1,D,PD,LG,D
15:01:56,PTBA,RG,3960,2,D,CC,LG,D
15:01:51,PTBA,RG,3960,1,D,YP,LG,D
15:01:47,PTBA,RG,3960,3,D,YP,LG,D
15:01:46,PTBA,RG,3960,10,D,PD,LG,D
15:01:45,PTBA,RG,3960,10,D,CP,LG,D
15:01:42,PTBA,RG,3960,1,D,XC,LG,D
15:01:40,PTBA,RG,3960,3,D,SQ,LG,D
15:01:39,PTBA,RG,3960,3,D,PD,LG,D
15:01:39,PTBA,RG,3960,30,D,SQ,LG,D
15:01:38,PTBA,RG,3960,3,D,DR,LG,D
15:01:36,PTBA,RG,3960,2,D,XC,LG,D
15:01:33,PTBA,RG,3960,10,D,CC,LG,D
15:01:29,PTBA,RG,3960,1,D,XC,LG,D
15:01:28,PTBA,RG,3960,6,D,CC,LG,D
15:01:27,PTBA,RG,3960,10,D,XC,LG,D
15:01:26,PTBA,RG,3960,1,D,XC,LG,D
15:01:22,PTBA,RG,3960,30,D,AT,LG,D
15:01:19,PTBA,RG,3960,5,D,CC,LG,D
15:01:19,PTBA,RG,3960,40,D,CC,LG,D
15:01:19,PTBA,RG,3960,3,D,CC,LG,D
15:01:19,PTBA,RG,3960,30,D,CC,LG,D
15:01:19,PTBA,RG,3960,10,D,CC,LG,D
15:01:19,PTBA,RG,3960,2,D,CC,LG,D
15:01:19,PTBA,RG,3960,51,D,CC,LG,D
15:01:19,PTBA,RG,3960,1,D,CC,LG,D
15:01:19,PTBA,RG,3960,1,D,CC,LG,D
15:01:19,PTBA,RG,3960,1,D,CC,LG,D
15:01:13,PTBA,RG,3960,40,D,YP,LG,D
15:01:11,PTBA,RG,3960,25,D,XL,LG,D
15:01:11,PTBA,RG,3960,27,D,KK,LG,D
15:01:10,PTBA,RG,3960,2,D,PD,LG,D
15:01:03,PTBA,RG,3960,2,D,DX,LG,D
15:01:02,PTBA,RG,3960,100,D,EL,LG,D
15:01:02,PTBA,RG,3960,2,D,OD,LG,D
15:01:01,PTBA,RG,3960,5,D,LG,LG,D
15:01:01,PTBA,RG,3960,3,D,XL,LG,D
15:01:01,PTBA,RG,3960,9,D,XL,LG,D
15:01:01,PTBA,RG,3960,1,D,XL,LG,D
15:01:01,PTBA,RG,3960,8,D,XL,LG,D
15:01:01,PTBA,RG,3960,1,D,YP,LG,D
15:01:01,PTBA,RG,3960,1,D,XL,LG,D
15:01:01,PTBA,RG,3960,25,D,XL,LG,D
15:01:01,PTBA,RG,3960,99,D,YP,LG,D
15:01:01,PTBA,RG,3960,70,D,YP,LG,D
15:01:01,PTBA,RG,3960,5,D,YP,LG,D
15:01:01,PTBA,RG,3960,5,D,YP,LG,D
15:01:01,PTBA,RG,3960,15,D,YP,LG,D
15:01:01,PTBA,RG,3960,5,D,YP,LG,D
15:01:01,PTBA,RG,3960,18,D,YP,LG,D
15:01:01,PTBA,RG,3960,132,D,YP,LG,D
15:01:01,PTBA,RG,3960,5,D,YP,LG,D
15:01:01,PTBA,RG,3960,25,D,YP,LG,D
15:01:01,PTBA,RG,3960,10,D,YP,LG,D
15:01:01,PTBA,RG,3960,2,D,YP,LG,D
15:01:01,PTBA,RG,3960,1,D,YP,LG,D
15:01:00,PTBA,RG,3960,1,D,XC,LG,D
15:01:00,PTBA,RG,3960,2,D,XC,LG,D
15:01:00,PTBA,RG,3960,1,D,XC,LG,D
15:01:00,PTBA,RG,3960,4,D,XC,LG,D
15:01:00,PTBA,RG,3960,1,D,XC,LG,D
15:01:00,PTBA,RG,3960,1,D,XC,LG,D
15:01:00,PTBA,RG,3960,1,D,XC,LG,D
15:01:00,PTBA,RG,3960,3,D,XC,LG,D
15:01:00,PTBA,RG,3960,2,D,XC,LG,D
15:01:00,PTBA,RG,3960,30,D,SQ,LG,D
15:01:00,PTBA,RG,3960,3,D,XC,LG,D
15:01:00,PTBA,RG,3960,4,D,XC,LG,D
15:01:00,PTBA,RG,3960,1,D,XC,LG,D
15:01:00,PTBA,RG,3960,1,D,XC,LG,D
15:01:00,PTBA,RG,3960,1,D,XC,LG,D
15:01:00,PTBA,RG,3960,1,D,XC,LG,D
15:01:00,PTBA,RG,3960,2,D,XC,LG,D
15:01:00,PTBA,RG,3960,1,D,XC,LG,D
15:01:00,PTBA,RG,3960,10,D,KK,LG,D
15:01:00,PTBA,RG,3960,2,D,PD,LG,D
15:01:00,PTBA,RG,3960,5,D,DR,LG,D
15:01:00,PTBA,RG,3960,7,D,PD,LG,D
15:00:00,PTBA,RG,3960,1,D,KK,LG,D
15:00:00,PTBA,RG,3960,5,D,AT,LG,D
15:00:00,PTBA,RG,3960,1,D,XL,LG,D
15:00:00,PTBA,RG,3960,1,D,XC,LG,D
15:00:00,PTBA,RG,3960,22,D,YP,LG,D
15:00:00,PTBA,RG,3960,1,D,SQ,LG,D
15:00:00,PTBA,RG,3960,50,D,YP,LG,D
15:00:00,PTBA,RG,3960,3,D,XL,LG,D
15:00:00,PTBA,RG,3960,1,D,XC,LG,D
15:00:00,PTBA,RG,3960,1,D,XC,LG,D
15:00:00,PTBA,RG,3960,2,D,KK,LG,D
15:00:00,PTBA,RG,3960,10,D,XC,LG,D
15:00:00,PTBA,RG,3960,2,D,DH,LG,D
15:00:00,PTBA,RG,3960,8,D,PD,LG,D
15:00:00,PTBA,RG,3960,204,D,KK,LG,D
15:00:00,PTBA,RG,3960,596,D,KK,LG,D
15:00:00,PTBA,RG,3960,3,D,XC,LG,D
15:00:00,PTBA,RG,3960,28,D,BQ,LG,D
15:00:00,PTBA,RG,3960,3,D,XC,LG,D
15:00:00,PTBA,RG,3960,9,D,XC,LG,D
15:00:00,PTBA,RG,3960,10,D,TP,LG,D
15:00:00,PTBA,RG,3960,1,D,XC,LG,D
15:00:00,PTBA,RG,3960,5,D,XL,LG,D
15:00:00,PTBA,RG,3960,25,D,XC,LG,D
15:00:00,PTBA,RG,3960,1,D,SQ,LG,D
15:00:00,PTBA,RG,3960,1,D,PD,LG,D
15:00:00,PTBA,RG,3960,10,D,XC,LG,D
15:00:00,PTBA,RG,3960,1,D,KK,LG,D
15:00:00,PTBA,RG,3960,20,D,PD,LG,D
15:00:00,PTBA,RG,3960,10,D,SQ,LG,D
15:00:00,PTBA,RG,3960,10,D,CC,LG,D
15:00:00,PTBA,RG,3960,1,D,XC,LG,D
15:00:00,PTBA,RG,3960,3,D,YP,LG,D
15:00:00,PTBA,RG,3960,9,D,XC,LG,D
15:00:00,PTBA,RG,3960,1,D,XC,LG,D
15:00:00,PTBA,RG,3960,10,D,KK,LG,D
15:00:00,PTBA,RG,3960,2,D,XL,LG,D
15:00:00,PTBA,RG,3960,13,D,YP,LG,D
15:00:00,PTBA,RG,3960,10,D,LS,LG,D
15:00:00,PTBA,RG,3960,10,D,KK,LG,D
15:00:00,PTBA,RG,3960,1,D,PD,LG,D
15:00:00,PTBA,RG,3960,2,D,XL,LG,D
15:00:00,PTBA,RG,3960,5,D,OD,LG,D
15:00:00,PTBA,RG,3960,2,D,PD,LG,D
15:00:00,PTBA,RG,3960,1,D,CC,LG,D
15:00:00,PTBA,RG,3960,1,D,PD,LG,D
15:00:00,PTBA,RG,3960,4,D,KK,LG,D
15:00:00,PTBA,RG,3960,2,D,PD,LG,D
15:00:00,PTBA,RG,3960,25,D,KK,LG,D
15:00:00,PTBA,RG,3960,15,D,NI,LG,D
15:00:00,PTBA,RG,3960,1,D,XC,LG,D
15:00:00,PTBA,RG,3960,6,D,OD,LG,D
15:00:00,PTBA,RG,3960,1,D,BQ,LG,D
15:00:00,PTBA,RG,3960,1,D,XC,LG,D
15:00:00,PTBA,RG,3960,2,D,XL,LG,D
15:00:00,PTBA,RG,3960,2,D,KK,LG,D
15:00:00,PTBA,RG,3960,20,D,NI,LG,D
15:00:00,PTBA,RG,3960,10,D,YU,LG,D
15:00:00,PTBA,RG,3960,4,D,XC,LG,D
15:00:00,PTBA,RG,3960,1,D,XC,LG,D
15:00:00,PTBA,RG,3960,10,D,CC,LG,D
15:00:00,PTBA,RG,3960,5,D,XA,LG,D
15:00:00,PTBA,RG,3960,1,D,PD,LG,D
15:00:00,PTBA,RG,3960,5,D,XL,LG,D
15:00:00,PTBA,RG,3960,10,D,TP,LG,D
15:00:00,PTBA,RG,3960,9,D,LS,LG,D
15:00:00,PTBA,RG,3960,6,D,XC,LG,D
15:00:00,PTBA,RG,3960,19,D,XC,LG,D
15:00:00,PTBA,RG,3960,1,D,XC,LG,D
15:00:00,PTBA,RG,3960,9,D,SQ,LG,D
15:00:00,PTBA,RG,3960,2,D,PD,LG,D
15:00:00,PTBA,RG,3960,1,D,PD,LG,D
15:00:00,PTBA,RG,3960,1,D,YP,LG,D
15:00:00,PTBA,RG,3960,1,D,PD,LG,D
15:00:00,PTBA,RG,3960,2,D,YP,LG,D
15:00:00,PTBA,RG,3960,25,D,YP,LG,D
15:00:00,PTBA,RG,3960,50,D,NI,LG,D
15:00:00,PTBA,RG,3960,1,D,XC,LG,D
15:00:00,PTBA,RG,3960,1,D,PD,LG,D
15:00:00,PTBA,RG,3960,10,D,PD,LG,D
15:00:00,PTBA,RG,3960,1,D,LS,LG,D
15:00:00,PTBA,RG,3960,2,D,YP,LG,D
15:00:00,PTBA,RG,3960,1,D,YP,LG,D
15:00:00,PTBA,RG,3960,10,D,PD,LG,D
15:00:00,PTBA,RG,3960,1,D,XC,LG,D
15:00:00,PTBA,RG,3960,2,D,PD,LG,D
15:00:00,PTBA,RG,3960,1,D,PD,LG,D
15:00:00,PTBA,RG,3960,3,D,NI,LG,D
15:00:00,PTBA,RG,3960,5,D,YP,LG,D
15:00:00,PTBA,RG,3960,3,D,NI,LG,D
15:00:00,PTBA,RG,3960,1,D,XL,LG,D
15:00:00,PTBA,RG,3960,10,D,OD,LG,D
15:00:00,PTBA,RG,3960,5,D,YP,LG,D
15:00:00,PTBA,RG,3960,3,D,PD,LG,D
15:00:00,PTBA,RG,3960,10,D,PD,LG,D
15:00:00,PTBA,RG,3960,5,D,YP,LG,D
15:00:00,PTBA,RG,3960,2,D,DH,LG,D
15:00:00,PTBA,RG,3960,3,D,XC,LG,D
15:00:00,PTBA,RG,3960,1,D,YP,LG,D
15:00:00,PTBA,RG,3960,3,D,NI,LG,D
15:00:00,PTBA,RG,3960,2,D,OD,LG,D
15:00:00,PTBA,RG,3960,1,D,YP,LG,D
15:00:00,PTBA,RG,3960,1,D,KK,LG,D
15:00:00,PTBA,RG,3960,1,D,SQ,LG,D
15:00:00,PTBA,RG,3960,2,D,XL,LG,D
15:00:00,PTBA,RG,3960,1,D,GR,LG,D
15:00:00,PTBA,RG,3960,2,D,YP,LG,D
15:00:00,PTBA,RG,3960,20,D,GR,LG,D
15:00:00,PTBA,RG,3960,20,D,XC,LG,D
15:00:00,PTBA,RG,3960,1,D,DH,LG,D
15:00:00,PTBA,RG,3960,30,D,CC,LG,D
15:00:00,PTBA,RG,3960,1,D,DR,LG,D
15:00:00,PTBA,RG,3960,15,D,XL,LG,D
15:00:00,PTBA,RG,3960,2,D,XC,LG,D
15:00:00,PTBA,RG,3960,1,D,XC,LG,D
15:00:00,PTBA,RG,3960,1,D,IF,LG,D
15:00:00,PTBA,RG,3960,5,D,YP,LG,D
15:00:00,PTBA,RG,3960,1,D,XC,LG,D
15:00:00,PTBA,RG,3960,2,D,PD,LG,D
15:00:00,PTBA,RG,3960,50,D,YP,LG,D
15:00:00,PTBA,RG,3960,3,D,PD,LG,D
15:00:00,PTBA,RG,3960,2,D,CC,LG,D
15:00:00,PTBA,RG,3960,1,D,PD,LG,D
15:00:00,PTBA,RG,3960,5,D,PD,LG,D
15:00:00,PTBA,RG,3960,10,D,XC,LG,D
15:00:00,PTBA,RG,3960,2,D,PD,LG,D
15:00:00,PTBA,RG,3960,25,D,PD,LG,D
15:00:00,PTBA,RG,3960,2,D,RB,LG,D
15:00:00,PTBA,RG,3960,20,D,EP,LG,D
15:00:00,PTBA,RG,3960,3,D,YP,LG,D
15:00:00,PTBA,RG,3960,1,D,XC,LG,D
15:00:00,PTBA,RG,3960,5,D,NI,LG,D
15:00:00,PTBA,RG,3960,100,D,YP,LG,D
15:00:00,PTBA,RG,3960,2,D,XC,LG,D
15:00:00,PTBA,RG,3960,2,D,NI,LG,D
15:00:00,PTBA,RG,3960,52,D,KK,LG,D
15:00:00,PTBA,RG,3960,448,D,KK,LG,D
15:00:00,PTBA,RG,3960,3,D,YP,LG,D
15:00:00,PTBA,RG,3960,2,D,NI,LG,D
15:00:00,PTBA,RG,3960,10,D,PD,LG,D
15:00:00,PTBA,RG,3960,5,D,PD,LG,D
15:00:00,PTBA,RG,3960,3,D,NI,LG,D
15:00:00,PTBA,RG,3960,1,D,DH,LG,D
15:00:00,PTBA,RG,3960,4,D,SQ,LG,D
15:00:00,PTBA,RG,3960,1,D,XC,LG,D
15:00:00,PTBA,RG,3960,14,D,IU,LG,D
15:00:00,PTBA,RG,3960,11,D,IU,LG,D
15:00:00,PTBA,RG,3960,17,D,DR,LG,D
15:00:00,PTBA,RG,3960,25,D,EP,LG,D
15:00:00,PTBA,RG,3960,20,D,LG,LG,D
15:00:00,PTBA,RG,3960,10,D,NI,LG,D
15:00:00,PTBA,RG,3960,5,D,XC,LG,D
15:00:00,PTBA,RG,3960,1,D,NI,LG,D
15:00:00,PTBA,RG,3960,500,D,YU,LG,D
15:00:00,PTBA,RG,3960,2,D,NI,LG,D
15:00:00,PTBA,RG,3960,1,D,XC,LG,D
15:00:00,PTBA,RG,3960,25,D,XC,LG,D
15:00:00,PTBA,RG,3960,1,D,KK,LG,D
15:00:00,PTBA,RG,3960,10,D,NI,LG,D
15:00:00,PTBA,RG,3960,1,D,XL,LG,D
15:00:00,PTBA,RG,3960,5,D,DR,LG,D
15:00:00,PTBA,RG,3960,3,D,XL,LG,D
15:00:00,PTBA,RG,3960,1,D,PD,LG,D
15:00:00,PTBA,RG,3960,6,D,NI,LG,D
15:00:00,PTBA,RG,3960,1,D,XC,LG,D
15:00:00,PTBA,RG,3960,1,D,DH,LG,D
15:00:00,PTBA,RG,3960,2,D,YP,LG,D
15:00:00,PTBA,RG,3960,1,D,XL,LG,D
15:00:00,PTBA,RG,3960,1,D,DH,LG,D
15:00:00,PTBA,RG,3960,2,D,XC,LG,D
15:00:00,PTBA,RG,3960,1,D,PD,LG,D
15:00:00,PTBA,RG,3960,2,D,SQ,LG,D
15:00:00,PTBA,RG,3960,3,D,YP,LG,D
15:00:00,PTBA,RG,3960,50,D,PD,LG,D
15:00:00,PTBA,RG,3960,1,D,XC,LG,D
15:00:00,PTBA,RG,3960,1,D,KK,LG,D
15:00:00,PTBA,RG,3960,100,D,CC,LG,D
15:00:00,PTBA,RG,3960,1,D,YP,LG,D
15:00:00,PTBA,RG,3960,20,D,PD,LG,D
15:00:00,PTBA,RG,3960,1,D,PD,LG,D
15:00:00,PTBA,RG,3960,39,D,XC,LG,D
15:00:00,PTBA,RG,3960,1,D,OD,LG,D
15:00:00,PTBA,RG,3960,10,D,CC,LG,D
15:00:00,PTBA,RG,3960,1,D,XC,LG,D
15:00:00,PTBA,RG,3960,3,D,SQ,LG,D
15:00:00,PTBA,RG,3960,3,D,CC,LG,D
15:00:00,PTBA,RG,3960,2,D,PD,LG,D
15:00:00,PTBA,RG,3960,5,D,XL,LG,D
15:00:00,PTBA,RG,3960,1,D,LG,LG,D
15:00:00,PTBA,RG,3960,47,D,YP,LG,D
15:00:00,PTBA,RG,3960,3,D,YP,LG,D
15:00:00,PTBA,RG,3960,1,D,XL,LG,D
15:00:00,PTBA,RG,3960,10,D,YP,LG,D
15:00:00,PTBA,RG,3960,1,D,XC,LG,D
15:00:00,PTBA,RG,3960,1,D,KK,LG,D
15:00:00,PTBA,RG,3960,1,D,XC,LG,D
15:00:00,PTBA,RG,3960,12,D,XL,LG,D
15:00:00,PTBA,RG,3960,26,D,XL,LG,D
15:00:00,PTBA,RG,3960,25,D,AZ,LG,D
15:00:00,PTBA,RG,3960,100,D,YP,LG,D
15:00:00,PTBA,RG,3960,1,D,XC,LG,D
15:00:00,PTBA,RG,3960,1,D,PD,LG,D
15:00:00,PTBA,RG,3960,5,D,PD,LG,D
15:00:00,PTBA,RG,3960,1,D,YP,LG,D
15:00:00,PTBA,RG,3960,50,D,DR,LG,D
15:00:00,PTBA,RG,3960,1,D,XC,LG,D
15:00:00,PTBA,RG,3960,2,D,XC,LG,D
15:00:00,PTBA,RG,3960,2,D,PD,LG,D
15:00:00,PTBA,RG,3960,5,D,GR,LG,D
15:00:00,PTBA,RG,3960,10,D,PD,LG,D
15:00:00,PTBA,RG,3960,13,D,XC,LG,D
15:00:00,PTBA,RG,3960,50,D,NI,LG,D
15:00:00,PTBA,RG,3960,10,D,YP,LG,D
15:00:00,PTBA,RG,3960,10,D,PD,LG,D
15:00:00,PTBA,RG,3960,20,D,YP,LG,D
15:00:00,PTBA,RG,3960,10,D,NI,LG,D
15:00:00,PTBA,RG,3960,1,D,NI,LG,D
15:00:00,PTBA,RG,3960,50,D,NI,LG,D
15:00:00,PTBA,RG,3960,27,D,YP,LG,D
15:00:00,PTBA,RG,3960,13,D,YP,LG,D
15:00:00,PTBA,RG,3960,1,D,KK,LG,D
15:00:00,PTBA,RG,3960,2,D,XC,LG,D
15:00:00,PTBA,RG,3960,4,D,NI,LG,D
15:00:00,PTBA,RG,3960,1,D,NI,CC,D
15:00:00,PTBA,RG,3960,11,D,PD,CC,D
15:00:00,PTBA,RG,3960,4,D,PD,YP,D
15:00:00,PTBA,RG,3960,2,D,PD,YP,D
15:00:00,PTBA,RG,3960,6,D,DH,YP,D
15:00:00,PTBA,RG,3960,10,D,DH,RO,D
15:00:00,PTBA,RG,3960,39,D,DH,YP,D
15:00:00,PTBA,RG,3960,10,D,DH,CC,D
15:00:00,PTBA,RG,3960,15,D,DH,XC,D
15:00:00,PTBA,RG,3960,20,D,DH,PD,D
15:00:00,PTBA,RG,3960,19,D,DH,XC,D
15:00:00,PTBA,RG,3960,20,D,DH,RG,D
15:00:00,PTBA,RG,3960,65,D,DH,CC,D
15:00:00,PTBA,RG,3960,35,D,DH,IH,D
15:00:00,PTBA,RG,3960,34,D,DH,YP,D
15:00:00,PTBA,RG,3960,866,D,DH,PD,D
15:00:00,PTBA,RG,3960,27,D,DH,PD,D
15:00:00,PTBA,RG,3960,25,D,DH,PD,D
15:00:00,PTBA,RG,3960,203,D,DH,PD,D
15:00:00,PTBA,RG,3960,15,D,DH,PD,D
15:00:00,PTBA,RG,3960,37,D,DH,PD,D
15:00:00,PTBA,RG,3960,220,D,DH,PD,D
15:00:00,PTBA,RG,3960,174,D,DH,PD,D
15:00:00,PTBA,RG,3960,53,D,DH,PD,D
15:00:00,PTBA,RG,3960,64,D,DH,PD,D
15:00:00,PTBA,RG,3960,24,D,DH,PD,D
15:00:00,PTBA,RG,3960,1,D,DH,PD,D
15:00:00,PTBA,RG,3960,18,D,DH,PD,D
15:00:00,PTBA,RG,3960,5,D,AG,PD,D
15:00:00,PTBA,RG,3960,5,D,AI,PD,D
15:00:00,PTBA,RG,3960,6,D,PD,PD,D
15:00:00,PTBA,RG,3960,1,D,NI,PD,D
15:00:00,PTBA,RG,3960,2,D,PD,PD,D
15:00:00,PTBA,RG,3960,80,D,CC,PD,D
15:00:00,PTBA,RG,3960,1,D,AT,PD,D
15:00:00,PTBA,RG,3960,34,D,AF,PD,D
15:00:00,PTBA,RG,3960,10,D,AF,PD,D
15:00:00,PTBA,RG,3960,6,D,AF,XC,D
15:00:00,PTBA,RG,3960,2,D,YP,XC,D
15:00:00,PTBA,RG,3960,10,D,GR,XC,D
15:00:00,PTBA,RG,3960,60,D,YP,XC,D
15:00:00,PTBA,RG,3960,1,D,OD,XC,D
15:00:00,PTBA,RG,3960,5,D,NI,XC,D
15:00:00,PTBA,RG,3960,5,D,KK,XC,D
15:00:00,PTBA,RG,3960,25,D,KK,XC,D
15:00:00,PTBA,RG,3960,6,D,YP,XC,D
15:00:00,PTBA,RG,3960,10,D,PD,XC,D
15:00:00,PTBA,RG,3960,2,D,YP,XC,D
15:00:00,PTBA,RG,3960,3,D,XL,XC,D
15:00:00,PTBA,RG,3960,20,D,CC,XC,D
15:00:00,PTBA,RG,3960,5,D,YP,XC,D
15:00:00,PTBA,RG,3960,1,D,NI,XC,D
15:00:00,PTBA,RG,3960,1,D,OD,XC,D
15:00:00,PTBA,RG,3960,10,D,YP,XC,D
15:00:00,PTBA,RG,3960,13,D,XC,XC,D
15:00:00,PTBA,RG,3960,15,D,YP,XC,D
15:00:00,PTBA,RG,3960,12,D,YP,YP,D
15:00:00,PTBA,RG,3960,3,D,YP,YP,D
15:00:00,PTBA,RG,3960,1,D,PD,YP,D
15:00:00,PTBA,RG,3960,3,D,XC,YP,D
15:00:00,PTBA,RG,3960,13,F,ZP,YP,D
15:00:00,PTBA,RG,3960,2,F,ZP,PD,D
15:00:00,PTBA,RG,3960,26,F,ZP,XC,D
15:00:00,PTBA,RG,3960,15,F,ZP,PD,D
15:00:00,PTBA,RG,3960,10,F,ZP,MG,D
15:00:00,PTBA,RG,3960,6,F,ZP,YP,D
15:00:00,PTBA,RG,3960,466,F,ZP,YP,D
15:00:00,PTBA,RG,3960,10,F,ZP,YP,D
15:00:00,PTBA,RG,3960,2,F,ZP,XC,D
15:00:00,PTBA,RG,3960,23,F,ZP,CC,D
15:00:00,PTBA,RG,3960,15,F,ZP,CC,D
15:00:00,PTBA,RG,3960,5,F,ZP,EP,D
15:00:00,PTBA,RG,3960,32,F,ZP,PD,D
15:00:00,PTBA,RG,3960,10,F,ZP,KK,D
15:00:00,PTBA,RG,3960,900,F,ZP,CC,D
15:00:00,PTBA,RG,3960,100,F,ZP,LG,D
15:00:00,PTBA,RG,3960,12,F,ZP,PD,D
15:00:00,PTBA,RG,3960,1,F,ZP,XL,D
15:00:00,PTBA,RG,3960,449,F,ZP,PD,D
15:00:00,PTBA,RG,3960,27,F,ZP,PD,D
15:00:00,PTBA,RG,3960,23,F,ZP,PD,D
15:00:00,PTBA,RG,3960,50,F,ZP,YP,D
15:00:00,PTBA,RG,3960,15,F,ZP,AZ,D
15:00:00,PTBA,RG,3960,1,F,ZP,YP,D
15:00:00,PTBA,RG,3960,10,F,ZP,PD,D
15:00:00,PTBA,RG,3960,12,F,ZP,AK,D
15:00:00,PTBA,RG,3960,39,F,ZP,AK,D
15:00:00,PTBA,RG,3960,493,F,ZP,AK,D
15:00:00,PTBA,RG,3960,9,F,ZP,AK,D
15:00:00,PTBA,RG,3960,21,F,BK,AK,D
15:00:00,PTBA,RG,3960,15,F,AG,AK,D
15:00:00,PTBA,RG,3960,97,F,AK,AK,D
15:00:00,PTBA,RG,3960,454,F,AK,AK,D
15:00:00,PTBA,RG,3960,322,F,AK,AK,D
15:00:00,PTBA,RG,3960,10,F,AK,YP,D
15:00:00,PTBA,RG,3960,35,F,AK,AK,F
15:00:00,PTBA,RG,3960,12,F,AK,AK,D
15:00:00,PTBA,RG,3960,39,F,AK,AK,D
15:00:00,PTBA,RG,3960,30,F,AK,AK,D
15:00:00,PTBA,RG,3960,463,F,AK,AK,D
15:00:00,PTBA,RG,3960,142,F,AK,AK,D
15:00:00,PTBA,RG,3960,289,F,AK,AK,D
15:00:00,PTBA,RG,3960,487,F,AK,AK,D
15:00:00,PTBA,RG,3960,36,F,AK,AK,F
15:00:00,PTBA,RG,3960,540,F,AK,CC,D
15:00:00,PTBA,RG,3960,20,F,AK,CC,D
15:00:00,PTBA,RG,3960,7,F,AK,DH,D
15:00:00,PTBA,RG,3960,9,F,AK,XL,D
15:00:00,PTBA,RG,3960,10,F,AK,XC,D
15:00:00,PTBA,RG,3960,12,F,AK,AK,D
15:00:00,PTBA,RG,3960,39,F,AK,AK,D
15:00:00,PTBA,RG,3960,493,F,AK,AK,D
15:00:00,PTBA,RG,3960,142,F,AK,AK,D
15:00:00,PTBA,RG,3960,319,F,AK,AK,D
15:00:00,PTBA,RG,3960,11,F,AK,CP,D
15:00:00,PTBA,RG,3960,325,F,AK,YP,D
15:00:00,PTBA,RG,3960,65,F,AK,YP,D
15:00:00,PTBA,RG,3960,35,D,BB,YP,D
15:00:00,PTBA,RG,3960,97,D,BB,YP,D
15:00:00,PTBA,RG,3960,11,D,BB,YP,D
15:00:00,PTBA,RG,3960,20,D,BB,YP,D
15:00:00,PTBA,RG,3960,59,D,BB,YP,D
15:00:00,PTBA,RG,3960,89,D,CC,YP,D
15:00:00,PTBA,RG,3960,138,D,YU,YP,D
14:49:59,PTBA,RG,3960,1,F,AK,AK,D
14:49:59,PTBA,RG,3960,1,F,ZP,AK,D
14:49:58,PTBA,RG,3960,2,D,YP,AK,D
14:49:58,PTBA,RG,3960,1,F,ZP,AK,D
14:49:58,PTBA,RG,3960,2,F,ZP,AK,D
14:49:57,PTBA,RG,3960,2,F,ZP,AK,D
14:49:56,PTBA,RG,3960,1,D,XC,AK,D
14:49:56,PTBA,RG,3960,2,D,YP,AK,D
14:49:56,PTBA,RG,3960,8,F,ZP,AK,D
14:49:54,PTBA,RG,3960,1,F,AK,AK,D
14:49:54,PTBA,RG,3960,13,F,CS,AK,D
14:49:52,PTBA,RG,3960,30,D,SQ,AK,D
14:49:52,PTBA,RG,3960,3,F,ZP,AK,D
14:49:51,PTBA,RG,3960,95,D,LG,AK,D
14:49:51,PTBA,RG,3960,1,F,AK,AK,D
14:49:51,PTBA,RG,3960,24,F,ZP,AK,D
14:49:47,PTBA,RG,3960,1,F,AK,AK,D
14:49:46,PTBA,RG,3960,5,D,PD,AK,D
14:49:43,PTBA,RG,3960,1,D,XL,AK,D
14:49:42,PTBA,RG,3960,10,D,OK,AK,D
14:49:40,PTBA,RG,3960,2,F,AK,AK,D
14:49:40,PTBA,RG,3960,3,D,CC,AK,D
14:49:40,PTBA,RG,3960,22,F,ZP,AK,D
14:49:35,PTBA,RG,3960,125,F,CS,AK,D
14:49:33,PTBA,RG,3960,1,D,XL,AK,D
14:49:32,PTBA,RG,3960,10,D,SQ,AK,D
14:49:32,PTBA,RG,3960,1,D,PD,AK,D
14:49:31,PTBA,RG,3960,3,F,AK,AK,D
14:49:31,PTBA,RG,3960,22,F,ZP,AK,D
14:49:30,PTBA,RG,3960,1,D,PD,AK,D
14:49:29,PTBA,RG,3960,2,D,NI,AK,D
14:49:27,PTBA,RG,3960,2,D,XL,AK,D
14:49:26,PTBA,RG,3960,1,D,CC,AK,D
14:49:26,PTBA,RG,3960,2,D,PD,AK,D
14:49:25,PTBA,RG,3960,20,D,CC,AK,D
14:49:25,PTBA,RG,3960,15,D,NI,AK,D
14:49:24,PTBA,RG,3960,2,D,XC,AK,D
14:49:23,PTBA,RG,3960,4,D,PD,AK,D
14:49:22,PTBA,RG,3960,1,D,LG,AK,D
14:49:22,PTBA,RG,3960,3,D,XL,AK,D
14:49:20,PTBA,RG,3960,11,F,ZP,AK,D
14:49:20,PTBA,RG,3960,23,F,ZP,YP,D
14:49:19,PTBA,RG,3960,20,D,YU,YP,D
14:49:19,PTBA,RG,3960,1,D,XC,YP,D
14:49:18,PTBA,RG,3960,3,D,XL,YP,D
14:49:17,PTBA,RG,3960,7,D,YP,YP,D
14:49:16,PTBA,RG,3960,188,D,SQ,YP,D
14:49:16,PTBA,RG,3960,25,D,SQ,MG,D
14:49:16,PTBA,RG,3960,37,D,SQ,YP,D
14:49:16,PTBA,RG,3960,5,F,AK,YP,D
14:49:15,PTBA,RG,3960,3,D,MG,YP,D
14:49:13,PTBA,RG,3960,5,D,KK,YP,D
14:49:13,PTBA,RG,3960,1,D,XC,YP,D
14:49:13,PTBA,RG,3960,50,D,XC,YP,D
14:49:12,PTBA,RG,3960,13,D,SS,YP,D
14:49:12,PTBA,RG,3960,1,D,XC,YP,D
14:49:11,PTBA,RG,3960,1,D,PD,YP,D
14:49:10,PTBA,RG,3960,2,D,KK,YP,D
14:49:09,PTBA,RG,3960,14,D,PD,YP,D
14:49:09,PTBA,RG,3960,36,D,PD,YP,D
14:49:09,PTBA,RG,3960,24,F,AG,YP,D
14:49:04,PTBA,RG,3960,35,F,ZP,YP,D
14:49:03,PTBA,RG,3960,1,D,OD,YP,D
14:49:02,PTBA,RG,3960,2,D,PD,YP,D
14:49:02,PTBA,RG,3960,50,D,PD,YP,D
14:49:01,PTBA,RG,3960,3,D,PD,YP,D
14:49:01,PTBA,RG,3960,50,D,KK,YP,D
14:49:01,PTBA,RG,3960,5,D,YP,YP,D
14:49:00,PTBA,RG,3960,1,D,SQ,YP,D
14:49:00,PTBA,RG,3960,5,D,PD,YP,D
14:48:59,PTBA,RG,3960,10,D,YP,YP,D
14:48:59,PTBA,RG,3960,10,D,AG,YP,D
14:48:54,PTBA,RG,3960,2,D,GR,YP,D
14:48:51,PTBA,RG,3960,20,D,CC,YP,D
14:48:51,PTBA,RG,3960,1,D,XC,YP,D
14:48:49,PTBA,RG,3960,10,D,XC,YP,D
14:48:47,PTBA,RG,3960,10,F,AK,YP,D
14:48:47,PTBA,RG,3960,37,F,ZP,YP,D
14:48:47,PTBA,RG,3960,1,D,XC,YP,D
14:48:44,PTBA,RG,3960,52,F,CS,YP,D
14:48:44,PTBA,RG,3960,20,F,CS,YP,D
14:48:44,PTBA,RG,3960,322,F,CS,AK,D
14:48:42,PTBA,RG,3960,2,D,YP,AK,D
14:48:42,PTBA,RG,3960,20,D,YU,AK,D
14:48:41,PTBA,RG,3960,1,D,XL,AK,D
14:48:39,PTBA,RG,3960,1,D,XL,AK,D
14:48:39,PTBA,RG,3960,10,D,XL,AK,D
14:48:38,PTBA,RG,3960,10,D,KK,AK,D
14:48:37,PTBA,RG,3960,5,D,YP,AK,D
14:48:36,PTBA,RG,3960,10,D,PD,AK,D
14:48:35,PTBA,RG,3960,100,D,DR,AK,D
14:48:34,PTBA,RG,3960,1,D,XC,AK,D
14:48:32,PTBA,RG,3960,50,D,DR,AK,D
14:48:30,PTBA,RG,3960,20,D,CC,AK,D
14:48:30,PTBA,RG,3960,70,D,XC,AK,D
14:48:27,PTBA,RG,3960,33,F,ZP,AK,D
14:48:27,PTBA,RG,3960,20,D,YU,AK,D
14:48:25,PTBA,RG,3960,5,D,YP,AK,D
14:48:24,PTBA,RG,3960,12,D,XL,AK,D
14:48:23,PTBA,RG,3960,8,D,XL,AK,D
14:48:22,PTBA,RG,3960,1,D,SQ,AK,D
14:48:21,PTBA,RG,3960,10,D,NI,AK,D
14:48:20,PTBA,RG,3960,38,D,XC,AK,D
14:48:18,PTBA,RG,3960,10,D,XC,AK,D
14:48:17,PTBA,RG,3960,50,D,DR,AK,D
14:48:16,PTBA,RG,3960,65,D,IF,AK,D
14:48:15,PTBA,RG,3960,2,D,AT,AK,D
14:48:11,PTBA,RG,3960,8,D,XC,AK,D
14:48:10,PTBA,RG,3960,37,F,ZP,AK,D
14:48:10,PTBA,RG,3960,3,D,XC,AK,D
14:48:07,PTBA,RG,3960,1,D,PD,AK,D
14:48:07,PTBA,RG,3960,1,D,CC,AK,D
14:48:06,PTBA,RG,3960,20,D,AI,AK,D
14:48:06,PTBA,RG,3960,5,D,RO,AK,D
14:48:06,PTBA,RG,3960,1,D,XC,AK,D
14:48:02,PTBA,RG,3960,65,D,AZ,AK,D
14:48:01,PTBA,RG,3960,1,D,YU,AK,D
14:48:00,PTBA,RG,3960,2,D,PD,AK,D
14:48:00,PTBA,RG,3960,11,D,XC,AK,D
14:47:59,PTBA,RG,3960,1,D,XC,AK,D
14:47:59,PTBA,RG,3960,1,D,DR,AK,D
14:47:59,PTBA,RG,3960,16,F,AK,AK,D
14:47:58,PTBA,RG,3960,4,D,XL,AK,D
14:47:56,PTBA,RG,3960,50,D,OD,AK,D
14:47:55,PTBA,RG,3960,1,D,XC,AK,D
14:47:54,PTBA,RG,3960,1,D,XC,AK,D
14:47:53,PTBA,RG,3960,10,D,YP,AK,D
14:47:53,PTBA,RG,3960,100,D,CC,AK,D
14:47:52,PTBA,RG,3960,10,D,XC,AK,D
14:47:52,PTBA,RG,3960,36,F,ZP,AK,D
14:47:48,PTBA,RG,3960,1,D,CC,AK,D
14:47:46,PTBA,RG,3960,1,F,CS,AK,D
14:47:46,PTBA,RG,3960,20,D,XL,AK,D
14:47:45,PTBA,RG,3960,5,D,XC,AK,D
14:47:45,PTBA,RG,3960,2,D,YB,AK,D
14:47:44,PTBA,RG,3960,1,D,CC,AK,D
14:47:43,PTBA,RG,3960,10,D,YB,AK,D
14:47:41,PTBA,RG,3960,9,D,KK,AK,D
14:47:40,PTBA,RG,3960,5,D,PD,AK,D
14:47:35,PTBA,RG,3960,2,D,CC,AK,D
14:47:35,PTBA,RG,3960,1,D,YP,AK,D
14:47:34,PTBA,RG,3960,23,F,ZP,AK,D
14:47:33,PTBA,RG,3960,10,D,YP,AK,D
14:47:33,PTBA,RG,3960,3,D,CC,AK,D
14:47:33,PTBA,RG,3960,100,D,XC,AK,D
14:47:32,PTBA,RG,3960,12,D,YP,AK,D
14:47:30,PTBA,RG,3960,30,D,NI,AK,D
14:47:30,PTBA,RG,3960,8,F,BK,AK,D
14:47:29,PTBA,RG,3960,1,D,CC,AK,D
14:47:29,PTBA,RG,3960,2,D,PD,AK,D
14:47:28,PTBA,RG,3960,2,D,NI,AK,D
14:47:28,PTBA,RG,3960,1,D,XC,AK,D
14:47:26,PTBA,RG,3960,6,F,CS,AK,D
14:47:25,PTBA,RG,3960,3,D,XC,AK,D
14:47:23,PTBA,RG,3960,1,D,XL,AK,D
14:47:22,PTBA,RG,3960,36,F,ZP,AK,D
14:47:22,PTBA,RG,3960,5,D,KK,AK,D
14:47:21,PTBA,RG,3960,1,D,PD,AK,D
14:47:21,PTBA,RG,3960,1,D,XL,AK,D
14:47:20,PTBA,RG,3960,2000,D,IF,AK,D
14:47:20,PTBA,RG,3960,15,D,YP,AK,D
14:47:18,PTBA,RG,3960,1,D,XL,AK,D
14:47:18,PTBA,RG,3960,2,D,PD,AK,D
14:47:18,PTBA,RG,3960,1,D,YP,AK,D
14:47:16,PTBA,RG,3960,1,D,YP,AK,D
14:47:16,PTBA,RG,3960,1,D,XL,AK,D
14:47:15,PTBA,RG,3960,1,D,YP,AK,D
14:47:14,PTBA,RG,3960,1,D,XC,AK,D
14:47:14,PTBA,RG,3960,1,D,XC,AK,D
14:47:13,PTBA,RG,3960,20,D,EP,AK,D
14:47:13,PTBA,RG,3960,1,D,PD,AK,D
14:47:12,PTBA,RG,3960,1,D,YP,AK,D
14:47:11,PTBA,RG,3960,10,D,DH,AK,D
14:47:11,PTBA,RG,3960,5,D,KK,AK,D
14:47:11,PTBA,RG,3960,5,D,OD,AK,D
14:47:10,PTBA,RG,3960,1,D,XC,AK,D
14:47:09,PTBA,RG,3960,3,D,PD,AK,D
14:47:09,PTBA,RG,3960,3,D,XC,AK,D
14:47:08,PTBA,RG,3960,2,D,NI,AK,D
14:47:04,PTBA,RG,3960,37,F,ZP,AK,D
14:47:04,PTBA,RG,3960,475,D,XA,AK,D
14:47:04,PTBA,RG,3960,10,D,XA,YP,D
14:47:04,PTBA,RG,3960,82,D,XA,ZP,F
14:47:04,PTBA,RG,3960,20,D,XA,XL,D
14:47:04,PTBA,RG,3960,1,D,XA,YP,D
14:47:04,PTBA,RG,3960,20,D,XA,NI,D
14:47:04,PTBA,RG,3960,20,D,XA,BQ,D
14:47:04,PTBA,RG,3960,17,D,XA,AG,F
14:47:04,PTBA,RG,3960,38,D,XA,KK,D
14:47:04,PTBA,RG,3960,2,D,XA,XL,D
14:47:04,PTBA,RG,3960,1,D,XA,KK,D
14:47:04,PTBA,RG,3960,25,D,XA,PD,D
14:47:04,PTBA,RG,3960,12,D,XA,AK,D
14:47:04,PTBA,RG,3960,39,D,XA,AK,D
14:47:04,PTBA,RG,3960,493,D,XA,AK,D
14:47:04,PTBA,RG,3960,142,D,XA,AK,D
14:47:04,PTBA,RG,3960,526,D,XA,AK,D
14:47:04,PTBA,RG,3960,1,D,PD,AK,D
14:47:03,PTBA,RG,3960,100,D,CC,AK,D
14:47:02,PTBA,RG,3960,2,D,NI,AK,D
14:47:02,PTBA,RG,3960,10,D,PD,AK,D
14:47:00,PTBA,RG,3960,1,D,XC,AK,D
14:47:00,PTBA,RG,3960,20,D,PD,AK,D
14:46:59,PTBA,RG,3960,1,D,CC,AK,D
14:46:59,PTBA,RG,3960,1,D,PD,AK,D
14:46:57,PTBA,RG,3960,100,D,SQ,AK,D
14:46:56,PTBA,RG,3960,5,D,OD,AK,D
14:46:56,PTBA,RG,3960,4,D,KK,AK,D
14:46:55,PTBA,RG,3960,3,D,XC,AK,D
14:46:52,PTBA,RG,3960,2,D,DR,AK,D
14:46:52,PTBA,RG,3960,25,D,DR,YP,D
14:46:52,PTBA,RG,3960,14,D,DR,AG,F
14:46:52,PTBA,RG,3960,5,D,DR,EP,D
14:46:52,PTBA,RG,3960,8,D,DR,YP,D
14:46:52,PTBA,RG,3960,16,D,DR,AG,F
14:46:52,PTBA,RG,3960,1,D,DR,XC,D
14:46:52,PTBA,RG,3960,25,D,DR,EP,D
14:46:52,PTBA,RG,3960,4,D,DR,CC,D
14:46:51,PTBA,RG,3960,22,D,NI,CC,D
14:46:49,PTBA,RG,3960,1,D,NI,CC,D
14:46:49,PTBA,RG,3960,25,D,AI,CC,D
14:46:49,PTBA,RG,3960,37,D,PD,CC,D
14:46:48,PTBA,RG,3960,1,D,PD,CC,D
14:46:47,PTBA,RG,3960,2,D,YP,CC,D
14:46:44,PTBA,RG,3960,14,D,PD,CC,D
14:46:44,PTBA,RG,3960,42,D,XC,CC,D
14:46:44,PTBA,RG,3960,5,D,XL,CC,D
14:46:44,PTBA,RG,3960,38,F,ZP,CC,D
14:46:43,PTBA,RG,3960,19,D,XC,CC,D
14:46:42,PTBA,RG,3960,1,D,CC,CC,D
14:46:42,PTBA,RG,3960,2,D,YP,CC,D
14:46:38,PTBA,RG,3960,1,D,NI,CC,D
14:46:37,PTBA,RG,3960,3,F,CS,CC,D
14:46:37,PTBA,RG,3960,27,F,AK,CC,D
14:46:36,PTBA,RG,3960,1,D,XC,CC,D
14:46:32,PTBA,RG,3960,10,D,NI,CC,D
14:46:32,PTBA,RG,3960,2,D,YP,CC,D
14:46:31,PTBA,RG,3960,20,D,CC,CC,D
14:46:27,PTBA,RG,3960,2,D,PD,CC,D
14:46:26,PTBA,RG,3960,6,D,YP,CC,D
14:46:22,PTBA,RG,3960,1,D,YB,CC,D
14:46:21,PTBA,RG,3960,5,D,PD,CC,D
14:46:21,PTBA,RG,3960,39,F,ZP,CC,D
14:46:21,PTBA,RG,3960,1,D,YP,CC,D
14:46:21,PTBA,RG,3960,4,D,XC,CC,D
14:46:19,PTBA,RG,3960,8,D,SQ,CC,D
14:46:16,PTBA,RG,3960,17,D,YP,CC,D
14:46:16,PTBA,RG,3960,8,D,YP,YP,D
14:46:15,PTBA,RG,3960,1,D,YP,YP,D
14:46:14,PTBA,RG,3960,1,D,YP,YP,D
14:46:13,PTBA,RG,3960,15,D,KK,YP,D
14:46:13,PTBA,RG,3960,5,D,YP,YP,D
14:46:10,PTBA,RG,3960,1,D,XL,YP,D
14:46:08,PTBA,RG,3960,9,D,SQ,YP,D
14:46:08,PTBA,RG,3960,10,D,SQ,DX,D
14:46:08,PTBA,RG,3960,81,D,SQ,SQ,D
14:46:08,PTBA,RG,3960,6,D,XC,SQ,D
14:46:06,PTBA,RG,3960,2,D,PD,SQ,D
14:46:05,PTBA,RG,3960,1,D,XL,SQ,D
14:46:02,PTBA,RG,3960,2,D,YP,SQ,D
14:45:59,PTBA,RG,3960,20,D,KK,SQ,D
14:45:58,PTBA,RG,3960,4,D,CC,SQ,D
14:45:58,PTBA,RG,3960,1,D,PD,SQ,D
14:45:57,PTBA,RG,3960,33,F,ZP,SQ,D
14:45:57,PTBA,RG,3960,6,F,ZP,XL,D
14:45:57,PTBA,RG,3960,15,F,CS,XL,D
14:45:54,PTBA,RG,3960,5,D,PD,XL,D
14:45:53,PTBA,RG,3960,10,D,DH,XL,D
14:45:52,PTBA,RG,3960,1,D,PD,XL,D
14:45:52,PTBA,RG,3960,1,D,IF,XL,D
14:45:51,PTBA,RG,3960,2,D,PD,XL,D
14:45:51,PTBA,RG,3960,12,D,PD,PD,D
14:45:50,PTBA,RG,3960,2,D,PD,PD,D
14:45:50,PTBA,RG,3960,10,D,YP,PD,D
14:45:49,PTBA,RG,3960,4,D,XC,PD,D
14:45:47,PTBA,RG,3960,2,D,NI,PD,D
14:45:43,PTBA,RG,3960,1,D,PD,PD,D
14:45:43,PTBA,RG,3960,1,D,PD,PD,D
14:45:43,PTBA,RG,3960,10,D,YB,PD,D
14:45:43,PTBA,RG,3960,3,D,DH,PD,D
14:45:43,PTBA,RG,3960,2,D,DH,KK,D
14:45:42,PTBA,RG,3960,5,D,YP,KK,D
14:45:39,PTBA,RG,3960,2,D,NI,KK,D
14:45:38,PTBA,RG,3960,1,D,CC,KK,D
14:45:37,PTBA,RG,3960,90,D,YP,KK,D
14:45:37,PTBA,RG,3960,2,D,YP,ZP,F
14:45:37,PTBA,RG,3960,5,D,YP,NI,D
14:45:37,PTBA,RG,3960,44,D,YP,NI,D
14:45:37,PTBA,RG,3960,1,D,YP,XC,D
14:45:37,PTBA,RG,3960,200,D,YP,RS,D
14:45:37,PTBA,RG,3960,18,D,YP,XL,D
14:45:37,PTBA,RG,3960,10,D,YP,PD,F
14:45:37,PTBA,RG,3960,2,D,YP,XC,D
14:45:37,PTBA,RG,3960,3,D,YP,PD,D
14:45:37,PTBA,RG,3960,50,D,YP,YP,D
14:45:37,PTBA,RG,3960,1,D,YP,SQ,D
14:45:37,PTBA,RG,3960,100,D,YP,EP,D
14:45:33,PTBA,RG,3960,10,D,NI,EP,D
14:45:33,PTBA,RG,3960,2,D,PD,EP,D
14:45:33,PTBA,RG,3960,2,D,PD,EP,D
14:45:32,PTBA,RG,3960,36,D,XC,EP,D
14:45:32,PTBA,RG,3960,1,D,XC,EP,D
14:45:32,PTBA,RG,3960,45,D,XC,SQ,D
14:45:32,PTBA,RG,3960,3,D,XC,CC,D
14:45:32,PTBA,RG,3960,14,D,XC,AG,F
14:45:32,PTBA,RG,3960,72,D,XC,YP,D
14:45:29,PTBA,RG,3960,28,F,ZP,YP,D
14:45:29,PTBA,RG,3960,12,F,ZP,YP,D
14:45:29,PTBA,RG,3960,6,D,OD,YP,D
14:45:26,PTBA,RG,3960,5,D,YP,YP,D
14:45:25,PTBA,RG,3960,7,D,NI,YP,D
14:45:25,PTBA,RG,3960,13,D,NI,YP,D
14:45:25,PTBA,RG,3960,5,D,NI,CC,D
14:45:25,PTBA,RG,3960,2,D,NI,XC,D
14:45:25,PTBA,RG,3960,50,D,NI,YP,D
14:45:23,PTBA,RG,3960,1,D,SQ,YP,D
14:45:23,PTBA,RG,3960,3,D,OD,YP,D
14:45:23,PTBA,RG,3960,3,D,PD,YP,D
14:45:21,PTBA,RG,3960,3,D,PD,YP,D
14:45:21,PTBA,RG,3960,5,D,YP,YP,D
14:45:13,PTBA,RG,3960,55,D,CP,YP,D
14:45:13,PTBA,RG,3960,1,D,CP,PD,D
14:45:13,PTBA,RG,3960,1,D,CP,XC,D
14:45:13,PTBA,RG,3960,15,D,CP,ZP,D
14:45:13,PTBA,RG,3960,28,D,CP,PD,D
14:45:12,PTBA,RG,3960,1,D,XC,PD,D
14:45:12,PTBA,RG,3960,1,D,PD,PD,D
14:45:10,PTBA,RG,3960,2,D,XL,PD,D
14:45:10,PTBA,RG,3960,4,D,XL,PD,D
14:45:10,PTBA,RG,3960,1,D,CC,PD,D
14:45:09,PTBA,RG,3960,2,D,PD,PD,D
14:45:09,PTBA,RG,3960,15,D,OD,PD,D
14:45:09,PTBA,RG,3960,10,D,PD,PD,D
14:45:09,PTBA,RG,3960,15,D,PD,AK,F
14:45:09,PTBA,RG,3960,16,D,PD,YB,D
14:45:08,PTBA,RG,3960,5,D,GR,YB,D
14:45:08,PTBA,RG,3960,2,D,SS,YB,D
14:45:07,PTBA,RG,3960,1,D,YP,YB,D
14:45:07,PTBA,RG,3960,12,D,XC,YB,D
14:45:07,PTBA,RG,3960,10,D,NI,YB,D
14:45:06,PTBA,RG,3960,2,D,PD,YB,D
14:45:05,PTBA,RG,3960,1,D,PD,YB,D
14:45:05,PTBA,RG,3960,10,D,CC,YB,D
14:45:05,PTBA,RG,3960,2,D,XC,YB,D
14:45:04,PTBA,RG,3960,2,D,XL,YB,D
14:45:04,PTBA,RG,3960,89,D,AT,YB,D
14:45:04,PTBA,RG,3960,5,D,AT,YB,D
14:45:04,PTBA,RG,3960,6,D,AT,CC,D
14:45:04,PTBA,RG,3960,5,D,CC,CC,D
14:45:02,PTBA,RG,3960,5,D,XC,CC,D
14:45:01,PTBA,RG,3960,34,F,ZP,CC,D
14:45:01,PTBA,RG,3960,7,F,ZP,AK,F
14:45:00,PTBA,RG,3960,44,D,LG,AK,F
14:45:00,PTBA,RG,3960,1,D,LG,ZP,F
14:45:00,PTBA,RG,3960,33,D,LG,YP,D
14:45:00,PTBA,RG,3960,42,D,LG,LG,D
14:45:00,PTBA,RG,3960,80,D,LG,CC,D
14:44:59,PTBA,RG,3960,9,D,NI,CC,D
14:44:59,PTBA,RG,3960,2,D,NI,AR,D
14:44:58,PTBA,RG,3960,1,D,XC,AR,D
14:44:58,PTBA,RG,3960,81,D,CD,AR,D
14:44:58,PTBA,RG,3960,2,D,SQ,AR,D
14:44:56,PTBA,RG,3960,10,D,XC,AR,D
14:44:54,PTBA,RG,3960,1,D,KK,AR,D
14:44:54,PTBA,RG,3960,1,D,IF,AR,D
14:44:54,PTBA,RG,3960,2,D,PD,AR,D
14:44:53,PTBA,RG,3960,1,D,OD,AR,D
14:44:52,PTBA,RG,3960,160,D,DH,AR,D
14:44:52,PTBA,RG,3960,5,D,PD,AR,D
14:44:51,PTBA,RG,3960,4,D,KK,AR,D
14:44:50,PTBA,RG,3960,3,D,DH,AR,D
14:44:45,PTBA,RG,3960,25,D,YP,AR,D
14:44:45,PTBA,RG,3960,2,F,ZP,AR,D
14:44:45,PTBA,RG,3960,16,F,ZP,AG,F
14:44:45,PTBA,RG,3960,16,F,ZP,AG,F
14:44:45,PTBA,RG,3960,8,F,ZP,HP,D
14:44:44,PTBA,RG,3960,2,D,NI,HP,D
14:44:44,PTBA,RG,3960,1,D,NI,XL,D
14:44:44,PTBA,RG,3960,1,D,NI,BQ,D
14:44:44,PTBA,RG,3960,6,D,NI,XC,D
14:44:44,PTBA,RG,3960,5,D,CC,XC,D
14:44:40,PTBA,RG,3960,5,D,XL,XC,D
14:44:38,PTBA,RG,3960,1,D,YP,BQ,D
14:44:38,PTBA,RG,3960,2,D,YP,AG,D
14:44:36,PTBA,RG,3960,3,D,XC,AG,D
14:44:36,PTBA,RG,3960,50,D,XL,PD,D
14:44:34,PTBA,RG,3960,20,D,KK,PD,D
14:44:34,PTBA,RG,3960,1,D,KK,LG,D
14:44:34,PTBA,RG,3960,50,D,KK,XL,D
14:44:34,PTBA,RG,3960,44,D,KK,AG,F
14:44:34,PTBA,RG,3960,15,D,KK,AG,F
14:44:34,PTBA,RG,3960,9,D,KK,KK,D
14:44:34,PTBA,RG,3960,1,D,KK,LG,D
14:44:34,PTBA,RG,3960,10,D,KK,KK,D
14:44:34,PTBA,RG,3960,10,D,KK,PD,D
14:44:34,PTBA,RG,3960,1,D,KK,PD,D
14:44:34,PTBA,RG,3960,63,D,KK,PD,D
14:44:34,PTBA,RG,3960,14,D,KK,YP,D
14:44:34,PTBA,RG,3960,4,D,KK,XL,D
14:44:34,PTBA,RG,3960,10,D,KK,LG,D
14:44:34,PTBA,RG,3960,54,D,KK,LG,D
14:44:34,PTBA,RG,3960,33,D,KK,LG,D
14:44:34,PTBA,RG,3960,41,D,KK,LG,D
14:44:34,PTBA,RG,3960,1,D,XC,LG,D
14:44:34,PTBA,RG,3960,2,D,GR,LG,D
14:44:34,PTBA,RG,3960,8,D,GR,LG,D
14:44:32,PTBA,RG,3960,5,D,NI,LG,D
14:44:32,PTBA,RG,3960,3,D,PD,LG,D
14:44:32,PTBA,RG,3960,1,D,YP,LG,D
14:44:32,PTBA,RG,3960,1,D,PD,LG,D
14:44:31,PTBA,RG,3960,1,D,IF,LG,D
14:44:31,PTBA,RG,3960,2,D,YP,LG,D
14:44:30,PTBA,RG,3960,10,D,CC,LG,D
14:44:29,PTBA,RG,3960,3,F,ZP,LG,D
14:44:29,PTBA,RG,3960,42,F,ZP,LG,D
14:44:26,PTBA,RG,3960,15,D,CC,LG,D
14:44:25,PTBA,RG,3960,15,D,DR,LG,D
14:44:25,PTBA,RG,3960,1,D,PD,LG,D
14:44:25,PTBA,RG,3960,1,D,XC,LG,D
14:44:24,PTBA,RG,3960,5,D,KK,LG,D
14:44:23,PTBA,RG,3960,50,D,AT,LG,D
14:44:22,PTBA,RG,3960,10,D,XC,LG,D
14:44:20,PTBA,RG,3960,3,D,CC,LG,D
14:44:20,PTBA,RG,3960,30,D,NI,LG,D
14:44:18,PTBA,RG,3960,8,D,PD,LG,D
14:44:17,PTBA,RG,3960,1,D,KK,LG,D
14:44:16,PTBA,RG,3960,2,F,AK,LG,D
14:44:16,PTBA,RG,3960,44,F,AK,LG,D
14:44:16,PTBA,RG,3960,1,D,NI,LG,D
14:44:16,PTBA,RG,3960,6,D,YP,LG,D
14:44:14,PTBA,RG,3960,1,D,SQ,LG,D
14:44:13,PTBA,RG,3960,59,D,OD,LG,D
14:44:13,PTBA,RG,3960,149,D,OD,LG,D
14:44:13,PTBA,RG,3960,40,D,OD,YP,D
14:44:13,PTBA,RG,3960,1,D,OD,XC,D
14:44:13,PTBA,RG,3960,751,D,OD,XC,D
14:44:13,PTBA,RG,3960,400,D,NI,XC,D
14:44:12,PTBA,RG,3960,44,F,ZP,XC,D
14:44:10,PTBA,RG,3960,20,D,NI,XC,D
14:44:10,PTBA,RG,3960,2,D,PD,XC,D
14:44:07,PTBA,RG,3960,1,D,XC,XC,D
14:44:05,PTBA,RG,3960,1,D,XC,XC,D
14:44:02,PTBA,RG,3960,10,D,KK,XC,D
14:44:02,PTBA,RG,3960,61,D,YP,XC,D
14:44:02,PTBA,RG,3960,1,D,YP,XC,D
14:44:02,PTBA,RG,3960,20,D,YP,YB,D
14:44:02,PTBA,RG,3960,1,D,YP,AT,D
14:44:02,PTBA,RG,3960,3,D,YP,BK,F
14:44:02,PTBA,RG,3960,6,D,YP,ZP,F
14:44:02,PTBA,RG,3960,8,D,YP,DH,D
14:44:01,PTBA,RG,3960,5,D,AZ,DH,D
14:43:59,PTBA,RG,3960,1,D,PD,DH,D
14:43:57,PTBA,RG,3960,16,D,OD,DH,D
14:43:57,PTBA,RG,3960,2,D,OD,XL,D
14:43:55,PTBA,RG,3960,1,D,XC,XL,D
14:43:54,PTBA,RG,3960,3,F,ZP,XL,D
14:43:54,PTBA,RG,3960,42,F,ZP,YU,D
14:43:54,PTBA,RG,3960,4,D,CC,YU,D
14:43:53,PTBA,RG,3960,5,D,XC,YU,D
14:43:51,PTBA,RG,3960,1,D,YP,YU,D
14:43:50,PTBA,RG,3960,100,D,CC,YU,D
14:43:49,PTBA,RG,3960,8,D,CC,YU,D
14:43:49,PTBA,RG,3960,2,D,XC,YU,D
14:43:48,PTBA,RG,3960,1,D,PD,YU,D
14:43:48,PTBA,RG,3960,5,D,PD,YU,D
14:43:48,PTBA,RG,3960,59,D,PD,LG,D
14:43:48,PTBA,RG,3960,36,D,PD,LG,D
14:43:46,PTBA,RG,3960,5,D,AZ,LG,D
14:43:46,PTBA,RG,3960,5,D,YP,LG,D
14:43:45,PTBA,RG,3960,25,D,SQ,LG,D
14:43:44,PTBA,RG,3960,2,D,YP,LG,D
14:43:42,PTBA,RG,3960,25,D,DH,LG,D
14:43:42,PTBA,RG,3960,1,D,XC,LG,D
14:43:42,PTBA,RG,3960,30,D,PD,LG,D
14:43:41,PTBA,RG,3960,2,D,XC,LG,D
14:43:39,PTBA,RG,3960,5,D,YP,LG,D
14:43:39,PTBA,RG,3960,1,D,PD,LG,D
14:43:38,PTBA,RG,3960,177,D,KK,LG,D
14:43:38,PTBA,RG,3960,191,D,KK,LG,D
14:43:38,PTBA,RG,3960,77,D,KK,LG,D
14:43:36,PTBA,RG,3960,10,D,YP,LG,D
14:43:35,PTBA,RG,3960,2,D,YP,LG,D
14:43:34,PTBA,RG,3960,3,D,PD,LG,D
14:43:32,PTBA,RG,3960,1,D,DR,LG,D
14:43:32,PTBA,RG,3960,20,D,XC,LG,D
14:43:31,PTBA,RG,3960,46,F,ZP,LG,D
14:43:31,PTBA,RG,3960,26,D,KK,LG,D
14:43:31,PTBA,RG,3960,10,D,PD,LG,D
14:43:30,PTBA,RG,3960,2,D,PD,LG,D
14:43:30,PTBA,RG,3960,1,D,PD,LG,D
14:43:29,PTBA,RG,3960,20,D,CC,LG,D
14:43:29,PTBA,RG,3960,25,D,XC,LG,D
14:43:28,PTBA,RG,3960,8,D,KK,LG,D
14:43:25,PTBA,RG,3960,1,D,CC,LG,D
14:43:25,PTBA,RG,3960,1,D,DR,LG,D
14:43:24,PTBA,RG,3960,2,D,NI,LG,D
14:43:24,PTBA,RG,3960,8,D,NI,KK,D
14:43:22,PTBA,RG,3960,12,D,PD,KK,D
14:43:22,PTBA,RG,3960,10,D,PD,CC,D
14:43:22,PTBA,RG,3960,78,D,PD,BK,D
14:43:21,PTBA,RG,3960,1,D,YP,BK,D
14:43:20,PTBA,RG,3960,233,D,CC,BK,D
14:43:20,PTBA,RG,3960,17,D,CC,EP,D
14:43:19,PTBA,RG,3960,8,D,XC,EP,D
14:43:19,PTBA,RG,3960,12,D,XC,AG,F
14:43:15,PTBA,RG,3960,10,D,CC,AG,F
14:43:15,PTBA,RG,3960,5,D,NI,AG,F
14:43:14,PTBA,RG,3960,17,D,XC,AG,F
14:43:14,PTBA,RG,3960,1,D,XC,CC,D
14:43:14,PTBA,RG,3960,12,D,XC,MG,D
14:43:13,PTBA,RG,3960,5,D,NI,MG,D
14:43:13,PTBA,RG,3960,20,D,YB,MG,D
14:43:11,PTBA,RG,3960,3,D,EP,MG,D
14:43:11,PTBA,RG,3960,3,D,SQ,MG,D
14:43:10,PTBA,RG,3960,64,D,YP,MG,D
14:43:08,PTBA,RG,3960,50,F,ZP,MG,D
14:43:06,PTBA,RG,3960,1,D,XC,MG,D
14:43:05,PTBA,RG,3960,1,D,XC,MG,D
14:43:04,PTBA,RG,3960,12,F,BK,MG,D
14:43:02,PTBA,RG,3960,5,D,YP,MG,D
14:43:02,PTBA,RG,3960,5,D,XC,MG,D
14:43:02,PTBA,RG,3960,5,D,YP,MG,D
14:43:01,PTBA,RG,3960,5,D,PD,MG,D
14:43:01,PTBA,RG,3960,10,D,CC,MG,D
14:43:00,PTBA,RG,3960,3,D,NI,MG,D
14:42:58,PTBA,RG,3960,1,D,PD,MG,D
14:42:57,PTBA,RG,3960,5,D,PD,MG,D
14:42:57,PTBA,RG,3960,9,D,AT,MG,D
14:42:56,PTBA,RG,3960,49,D,DR,MG,D
14:42:55,PTBA,RG,3960,5,D,GR,MG,D
14:42:53,PTBA,RG,3960,3,D,EP,MG,D
14:42:53,PTBA,RG,3960,10,D,PD,MG,D
14:42:51,PTBA,RG,3960,10,D,GR,MG,D
14:42:49,PTBA,RG,3960,1,D,XC,MG,D
14:42:49,PTBA,RG,3960,6,D,OD,MG,D
14:42:46,PTBA,RG,3960,1,D,YP,MG,D
14:42:46,PTBA,RG,3960,123,D,CC,MG,D
14:42:45,PTBA,RG,3960,50,D,PD,MG,D
14:42:45,PTBA,RG,3960,20,D,KK,MG,D
14:42:44,PTBA,RG,3960,15,D,PD,MG,D
14:42:42,PTBA,RG,3960,2,D,CC,MG,D
14:42:41,PTBA,RG,3960,4,D,YP,MG,D
14:42:41,PTBA,RG,3960,3,D,PD,MG,D
14:42:40,PTBA,RG,3960,10,D,PD,MG,D
14:42:40,PTBA,RG,3960,25,D,CP,MG,D
14:42:39,PTBA,RG,3960,14,D,XC,MG,D
14:42:37,PTBA,RG,3960,10,D,NI,MG,D
14:42:36,PTBA,RG,3960,1,D,XC,MG,D
14:42:36,PTBA,RG,3960,5,D,ZP,MG,D
14:42:34,PTBA,RG,3960,23,F,ZP,MG,D
14:42:33,PTBA,RG,3960,1,D,PD,MG,D
14:42:33,PTBA,RG,3960,5,D,YP,MG,D
14:42:29,PTBA,RG,3960,90,D,AZ,MG,D
14:42:29,PTBA,RG,3960,7,D,AZ,ZP,F
14:42:29,PTBA,RG,3960,5,D,AZ,YP,D
14:42:29,PTBA,RG,3960,5,D,AZ,PD,D
14:42:29,PTBA,RG,3960,5,D,AZ,XC,D
14:42:29,PTBA,RG,3960,25,D,AZ,YP,D
14:42:29,PTBA,RG,3960,5,D,AZ,AO,D
14:42:29,PTBA,RG,3960,6,D,AZ,YP,D
14:42:29,PTBA,RG,3960,10,D,AZ,NI,D
14:42:29,PTBA,RG,3960,3,D,AZ,YP,D
14:42:29,PTBA,RG,3960,30,D,AZ,YP,D
14:42:29,PTBA,RG,3960,7,D,AZ,ZP,F
14:42:29,PTBA,RG,3960,10,D,AZ,KK,D
14:42:29,PTBA,RG,3960,20,D,AZ,SQ,D
14:42:29,PTBA,RG,3960,2,D,AZ,PD,D
14:42:29,PTBA,RG,3960,3,D,AZ,PD,D
14:42:29,PTBA,RG,3960,10,D,AZ,YB,D
14:42:29,PTBA,RG,3960,9,D,AZ,BB,D
14:42:27,PTBA,RG,3960,3,D,YP,BB,D
14:42:26,PTBA,RG,3960,4,D,YP,BB,D
14:42:25,PTBA,RG,3960,1,D,XL,BB,D
14:42:25,PTBA,RG,3960,1,D,YP,BB,D
14:42:23,PTBA,RG,3960,11,D,EP,BB,D
14:42:22,PTBA,RG,3960,1,D,XC,BB,D
14:42:21,PTBA,RG,3960,2,D,PD,BB,D
14:42:20,PTBA,RG,3960,10,D,LG,BB,D
14:42:20,PTBA,RG,3960,2,D,PD,BB,D
14:42:19,PTBA,RG,3960,4,D,XC,BB,D
14:42:17,PTBA,RG,3960,2,D,XC,BB,D
14:42:16,PTBA,RG,3960,220,D,NI,BB,D
14:42:16,PTBA,RG,3960,80,D,NI,BB,D
14:42:15,PTBA,RG,3960,1,D,YP,BB,D
14:42:15,PTBA,RG,3960,1,D,GR,BB,D
14:42:14,PTBA,RG,3960,3,D,YP,BB,D
14:42:14,PTBA,RG,3960,1,D,NI,BB,D
14:42:14,PTBA,RG,3960,18,D,CC,BB,D
14:42:13,PTBA,RG,3960,10,D,LG,BB,D
14:42:12,PTBA,RG,3960,50,D,YP,BB,D
14:42:11,PTBA,RG,3960,10,D,YP,BB,D
14:42:11,PTBA,RG,3960,90,D,PD,BB,D
14:42:08,PTBA,RG,3960,1,D,YP,BB,D
14:42:08,PTBA,RG,3960,10,D,LG,BB,D
14:42:06,PTBA,RG,3960,5,D,PD,BB,D
14:42:06,PTBA,RG,3960,2,D,PD,BB,D
14:42:04,PTBA,RG,3960,5,D,YP,BB,D
14:42:04,PTBA,RG,3960,95,D,NI,BB,D
14:42:02,PTBA,RG,3960,11,D,DR,BB,D
14:42:02,PTBA,RG,3960,10,D,XL,BB,D
14:42:01,PTBA,RG,3960,5,D,CC,BB,D
14:41:59,PTBA,RG,3960,1,D,PD,BB,D
14:41:56,PTBA,RG,3960,10,D,PD,BB,D
14:41:56,PTBA,RG,3960,10,D,PD,BB,D
14:41:54,PTBA,RG,3960,1000,D,YJ,BB,D
14:41:54,PTBA,RG,3960,4,D,PD,BB,D
14:41:53,PTBA,RG,3960,6,D,NI,BB,D
14:41:52,PTBA,RG,3960,10,D,AT,BB,D
14:41:52,PTBA,RG,3960,20,D,EP,BB,D
14:41:51,PTBA,RG,3960,200,D,RF,BB,D
14:41:51,PTBA,RG,3960,1,D,XL,BB,D
14:41:50,PTBA,RG,3960,2,D,PD,BB,D
14:41:50,PTBA,RG,3960,260,D,KK,BB,D
14:41:50,PTBA,RG,3960,1,D,CC,BB,D
14:41:48,PTBA,RG,3960,1,D,YP,BB,D
14:41:46,PTBA,RG,3960,20,D,XC,BB,D
14:41:46,PTBA,RG,3960,150,D,EP,BB,D
14:41:46,PTBA,RG,3960,2,D,PD,BB,D
14:41:45,PTBA,RG,3960,76,D,XC,BB,D
14:41:42,PTBA,RG,3960,15,D,YP,BB,D
14:41:42,PTBA,RG,3960,3,D,PD,BB,D
14:41:40,PTBA,RG,3960,5,D,CC,BB,D
14:41:38,PTBA,RG,3960,2,D,YP,BB,D
14:41:36,PTBA,RG,3960,5,D,PD,BB,D
14:41:36,PTBA,RG,3960,1,D,XL,BB,D
14:41:36,PTBA,RG,3960,3,D,XC,BB,D
14:41:36,PTBA,RG,3960,10,D,PD,BB,D
14:41:35,PTBA,RG,3960,2,D,YP,BB,D
14:41:34,PTBA,RG,3960,1,D,XL,BB,D
14:41:34,PTBA,RG,3960,55,D,PD,BB,D
14:41:33,PTBA,RG,3960,1,D,XL,BB,D
14:41:33,PTBA,RG,3960,10,D,YP,BB,D
14:41:33,PTBA,RG,3960,5,D,XC,BB,D
14:41:32,PTBA,RG,3960,50,D,YJ,BB,D
14:41:31,PTBA,RG,3960,2,D,PD,BB,D
14:41:30,PTBA,RG,3960,18,D,XC,BB,D
14:41:29,PTBA,RG,3960,2,D,NI,BB,D
14:41:24,PTBA,RG,3960,15,D,PD,BB,D
14:41:22,PTBA,RG,3960,2,D,CP,BB,D
14:41:22,PTBA,RG,3960,20,D,CC,BB,D
14:41:19,PTBA,RG,3960,100,D,CC,BB,D
14:41:19,PTBA,RG,3960,5,D,PD,BB,D
14:41:18,PTBA,RG,3960,20,D,CC,BB,D
14:41:17,PTBA,RG,3960,7,D,CC,BB,D
14:41:17,PTBA,RG,3960,1,D,PD,BB,D
14:41:16,PTBA,RG,3960,4,D,XC,BB,D
14:41:15,PTBA,RG,3960,5,D,PD,BB,D
14:41:14,PTBA,RG,3960,5,D,PD,BB,D
14:41:14,PTBA,RG,3960,5,D,XC,BB,D
14:41:14,PTBA,RG,3960,10,D,NI,BB,D
14:41:14,PTBA,RG,3960,1,D,XC,BB,D
14:41:12,PTBA,RG,3960,1,D,YP,BB,D
14:41:11,PTBA,RG,3960,5,D,YP,BB,D
14:41:10,PTBA,RG,3960,10,D,DR,BB,D
14:41:07,PTBA,RG,3960,2,D,CC,BB,D
14:41:06,PTBA,RG,3960,1,D,XC,BB,D
14:41:06,PTBA,RG,3960,285,D,PD,BB,D
14:41:04,PTBA,RG,3960,1,D,PD,BB,D
14:41:01,PTBA,RG,3960,2,D,PD,BB,D
14:40:58,PTBA,RG,3960,5,D,NI,BB,D
14:40:56,PTBA,RG,3960,30,D,AZ,BB,D
14:40:56,PTBA,RG,3960,40,D,XA,BB,D
14:40:55,PTBA,RG,3960,50,D,XL,BB,D
14:40:54,PTBA,RG,3960,1,D,YP,BB,D
14:40:50,PTBA,RG,3960,3,D,XC,BB,D
14:40:49,PTBA,RG,3960,64,D,DH,BB,D
14:40:48,PTBA,RG,3960,10,D,XL,BB,D
14:40:47,PTBA,RG,3960,3,D,XC,BB,D
14:40:47,PTBA,RG,3960,10,D,XC,BB,D
14:40:47,PTBA,RG,3960,20,D,OK,BB,D
14:40:47,PTBA,RG,3960,10,D,DH,BB,D
14:40:42,PTBA,RG,3960,2,D,XC,BB,D
14:40:39,PTBA,RG,3960,5,F,AG,BB,D
14:40:39,PTBA,RG,3960,4,D,XL,BB,D
14:40:38,PTBA,RG,3960,1,D,CC,BB,D
14:40:37,PTBA,RG,3960,2,D,XC,BB,D
14:40:36,PTBA,RG,3960,2,D,NI,BB,D
14:40:35,PTBA,RG,3960,380,D,KK,BB,D
14:40:34,PTBA,RG,3960,1,D,XC,BB,D
14:40:33,PTBA,RG,3960,1,D,PD,BB,D
14:40:31,PTBA,RG,3960,8,F,AG,BB,D
14:40:30,PTBA,RG,3960,4,D,XC,BB,D
14:40:28,PTBA,RG,3960,3,D,PD,BB,D
14:40:28,PTBA,RG,3960,7,D,XL,BB,D
14:40:25,PTBA,RG,3960,1,D,PD,BB,D
14:40:24,PTBA,RG,3960,5,D,CC,BB,D
14:40:24,PTBA,RG,3960,3,D,PD,BB,D
14:40:22,PTBA,RG,3960,65,D,CC,BB,D
14:40:21,PTBA,RG,3960,1,D,CC,BB,D
14:40:21,PTBA,RG,3960,23,D,XC,BB,D
14:40:21,PTBA,RG,3960,5,D,PD,BB,D
14:40:20,PTBA,RG,3960,4,D,XL,BB,D
14:40:19,PTBA,RG,3960,10,D,CC,BB,D
14:40:18,PTBA,RG,3960,25,D,YP,BB,D
14:40:17,PTBA,RG,3960,1,F,AG,BB,D
14:40:16,PTBA,RG,3960,6,F,AG,BB,D
14:40:14,PTBA,RG,3960,1,D,XC,BB,D
14:40:11,PTBA,RG,3960,20,D,CC,BB,D
14:40:09,PTBA,RG,3960,4,D,XL,BB,D
14:40:09,PTBA,RG,3960,1,D,XC,BB,D
14:40:07,PTBA,RG,3960,78,F,AK,BB,D
14:40:07,PTBA,RG,3960,3,D,YP,BB,D
14:40:05,PTBA,RG,3960,1,D,PD,BB,D
14:40:04,PTBA,RG,3960,10,D,XL,BB,D
14:40:04,PTBA,RG,3960,1,D,XC,BB,D
14:40:04,PTBA,RG,3960,3,D,CC,BB,D
14:40:02,PTBA,RG,3960,1,D,XC,BB,D
14:40:02,PTBA,RG,3960,1,D,HP,BB,D
14:40:00,PTBA,RG,3960,4,D,XL,BB,D
14:39:59,PTBA,RG,3960,5,F,AG,BB,D
14:39:59,PTBA,RG,3960,3,D,NI,BB,D
14:39:58,PTBA,RG,3960,1,F,AG,BB,D
14:39:58,PTBA,RG,3960,100,D,NI,BB,D
14:39:58,PTBA,RG,3960,10,D,DH,BB,D
14:39:52,PTBA,RG,3960,5,F,AG,BB,D
14:39:52,PTBA,RG,3960,2,D,XL,BB,D
14:39:50,PTBA,RG,3960,5,D,SQ,BB,D
14:39:50,PTBA,RG,3960,5,D,DH,BB,D
14:39:49,PTBA,RG,3960,3,D,XC,BB,D
14:39:49,PTBA,RG,3960,1,D,CC,BB,D
14:39:49,PTBA,RG,3960,5,D,PD,BB,D
14:39:49,PTBA,RG,3960,25,D,YP,BB,D
14:39:48,PTBA,RG,3960,50,D,CC,BB,D
14:39:47,PTBA,RG,3960,5,D,PD,BB,D
14:39:47,PTBA,RG,3960,1,D,XL,BB,D
14:39:44,PTBA,RG,3960,1,F,AG,BB,D
14:39:43,PTBA,RG,3960,5,F,AG,BB,D
14:39:43,PTBA,RG,3960,100,D,CC,BB,D
14:39:42,PTBA,RG,3960,3,F,AG,BB,D
14:39:41,PTBA,RG,3960,4,D,PD,BB,D
14:39:41,PTBA,RG,3960,3,D,PD,BB,D
14:39:39,PTBA,RG,3960,5,D,CC,BB,D
14:39:38,PTBA,RG,3960,9,D,SQ,BB,D
14:39:36,PTBA,RG,3960,1,D,PD,BB,D
14:39:34,PTBA,RG,3960,50,D,TP,BB,D
14:39:33,PTBA,RG,3960,2,F,AG,BB,D
14:39:32,PTBA,RG,3960,1,D,PD,BB,D
14:39:32,PTBA,RG,3960,25,D,NI,BB,D
14:39:32,PTBA,RG,3960,5,F,AG,BB,D
14:39:31,PTBA,RG,3960,100,D,CC,BB,D
14:39:31,PTBA,RG,3960,7,F,AG,BB,D
14:39:31,PTBA,RG,3960,100,D,LG,BB,D
14:39:30,PTBA,RG,3960,24,F,AG,BB,D
14:39:30,PTBA,RG,3960,30,D,PD,BB,D
14:39:29,PTBA,RG,3960,1,D,XC,BB,D
14:39:28,PTBA,RG,3960,200,D,CC,BB,D
14:39:27,PTBA,RG,3960,1,D,PD,BB,D
14:39:27,PTBA,RG,3960,20,D,PD,BB,D
14:39:26,PTBA,RG,3960,1,D,PD,BB,D
14:39:26,PTBA,RG,3960,1,D,YP,BB,D
14:39:26,PTBA,RG,3960,1,D,XC,BB,D
14:39:25,PTBA,RG,3960,3,D,OD,BB,D
14:39:25,PTBA,RG,3960,1,D,SQ,BB,D
14:39:24,PTBA,RG,3960,200,D,KK,BB,D
14:39:22,PTBA,RG,3960,8,D,XL,BB,D
14:39:22,PTBA,RG,3960,1,D,PD,BB,D
14:39:21,PTBA,RG,3960,5,D,XC,BB,D
14:39:21,PTBA,RG,3960,1,D,XL,BB,D
14:39:20,PTBA,RG,3960,10,D,NI,BB,D
14:39:20,PTBA,RG,3960,10,D,LG,BB,D
14:39:18,PTBA,RG,3960,1,F,AG,BB,D
14:39:17,PTBA,RG,3960,5,D,CC,BB,D
14:39:17,PTBA,RG,3960,3,D,NI,BB,D
14:39:15,PTBA,RG,3960,4,D,PD,BB,D
14:39:10,PTBA,RG,3960,6,D,CC,BB,D
14:39:09,PTBA,RG,3960,1,D,PD,BB,D
14:39:08,PTBA,RG,3960,1,F,AG,BB,D
14:39:07,PTBA,RG,3960,1,D,LG,BB,D
14:39:06,PTBA,RG,3960,10,D,YP,BB,D
14:39:03,PTBA,RG,3960,6,F,AG,BB,D
14:39:01,PTBA,RG,3960,5,D,CC,BB,D
14:39:01,PTBA,RG,3960,105,D,YP,BB,D
14:38:59,PTBA,RG,3960,1,D,DH,BB,D
14:38:54,PTBA,RG,3960,5,D,KK,BB,D
14:38:53,PTBA,RG,3960,2,D,XC,BB,D
14:38:53,PTBA,RG,3960,1,F,AG,BB,D
14:38:52,PTBA,RG,3960,13,F,AG,BB,D
14:38:52,PTBA,RG,3960,50,D,OD,BB,D
14:38:49,PTBA,RG,3960,100,D,DR,BB,D
14:38:47,PTBA,RG,3960,2,D,XC,BB,D
14:38:46,PTBA,RG,3960,100,D,XA,BB,D
14:38:46,PTBA,RG,3960,5,D,PD,BB,D
14:38:45,PTBA,RG,3960,2,F,AG,BB,D
14:38:44,PTBA,RG,3960,50,D,YJ,BB,D
14:38:44,PTBA,RG,3960,1,F,AG,BB,D
14:38:44,PTBA,RG,3960,5,D,PD,BB,D
14:38:43,PTBA,RG,3960,1,F,AG,BB,D
14:38:43,PTBA,RG,3960,3,D,PD,BB,D
14:38:42,PTBA,RG,3960,1,D,XC,BB,D
14:38:42,PTBA,RG,3960,17,F,AG,BB,D
14:38:42,PTBA,RG,3960,2,D,PD,BB,D
14:38:42,PTBA,RG,3960,1,D,XC,BB,D
14:38:42,PTBA,RG,3960,2,D,SQ,BB,D
14:38:42,PTBA,RG,3960,1,D,XC,BB,D
14:38:40,PTBA,RG,3960,10,D,XC,BB,D
14:38:40,PTBA,RG,3960,10,D,NI,BB,D
14:38:39,PTBA,RG,3960,55,D,CC,BB,D
14:38:39,PTBA,RG,3960,200,D,YP,BB,D
14:38:37,PTBA,RG,3960,1,D,XL,BB,D
14:38:36,PTBA,RG,3960,10,D,YP,BB,D
14:38:36,PTBA,RG,3960,1,D,XC,BB,D
14:38:36,PTBA,RG,3960,1,D,XL,BB,D
14:38:35,PTBA,RG,3960,5,D,PD,BB,D
14:38:34,PTBA,RG,3960,10,D,EP,BB,D
14:38:34,PTBA,RG,3960,1,D,PD,BB,D
14:38:33,PTBA,RG,3960,1,D,YP,BB,D
14:38:32,PTBA,RG,3960,5,D,CC,BB,D
14:38:32,PTBA,RG,3960,40,D,YP,BB,D
14:38:31,PTBA,RG,3960,1,D,CC,BB,D
14:38:31,PTBA,RG,3960,1,D,OD,BB,D
14:38:29,PTBA,RG,3960,1,D,PD,BB,D
14:38:29,PTBA,RG,3960,1,D,BQ,BB,D
14:38:28,PTBA,RG,3960,30,D,XC,BB,D
14:38:27,PTBA,RG,3960,10,D,XL,BB,D
14:38:27,PTBA,RG,3960,4,D,PD,BB,D
14:38:26,PTBA,RG,3960,47,D,XC,BB,D
14:38:21,PTBA,RG,3960,100,D,KK,BB,D
14:38:21,PTBA,RG,3960,1,D,CC,BB,D
14:38:19,PTBA,RG,3960,10,D,EP,BB,D
14:38:19,PTBA,RG,3960,5,D,PD,BB,D
14:38:19,PTBA,RG,3960,10,F,SH,BB,D
14:38:16,PTBA,RG,3960,100,D,YP,BB,D
14:38:16,PTBA,RG,3960,5,D,CC,BB,D
14:38:16,PTBA,RG,3960,50,D,YP,BB,D
14:38:15,PTBA,RG,3960,10,D,OD,BB,D
14:38:14,PTBA,RG,3960,10,D,SQ,BB,D
14:38:13,PTBA,RG,3960,100,D,NI,BB,D
14:38:13,PTBA,RG,3960,1,D,CC,BB,D
14:38:13,PTBA,RG,3960,10,D,XC,BB,D
14:38:11,PTBA,RG,3960,50,D,OD,BB,D
14:38:10,PTBA,RG,3960,10,D,PD,BB,D
14:38:10,PTBA,RG,3960,1,D,YP,BB,D
14:38:09,PTBA,RG,3960,12,D,PD,BB,D
14:38:06,PTBA,RG,3960,1,D,YP,BB,D
14:38:06,PTBA,RG,3960,11,D,OD,BB,D
14:38:06,PTBA,RG,3960,23,D,PD,BB,D
14:38:04,PTBA,RG,3960,30,D,YP,BB,D
14:38:01,PTBA,RG,3960,1,D,YP,BB,D
14:38:01,PTBA,RG,3960,12,D,NI,BB,D
14:37:59,PTBA,RG,3960,1,D,PD,BB,D
14:37:59,PTBA,RG,3960,5,D,LG,BB,D
14:37:56,PTBA,RG,3960,1,D,XL,BB,D
14:37:56,PTBA,RG,3960,1,D,XC,BB,D
14:37:55,PTBA,RG,3960,3,D,ZP,BB,D
14:37:55,PTBA,RG,3960,15,D,SQ,BB,D
14:37:52,PTBA,RG,3960,1,D,XC,BB,D
14:37:52,PTBA,RG,3960,20,D,DR,BB,D
14:37:52,PTBA,RG,3960,251,D,YP,BB,D
14:37:52,PTBA,RG,3960,276,D,YP,BB,D
14:37:52,PTBA,RG,3960,1,D,YP,BB,D
14:37:51,PTBA,RG,3960,80,D,DR,BB,D
14:37:50,PTBA,RG,3960,20,D,PD,BB,D
14:37:49,PTBA,RG,3960,100,D,YP,BB,D
14:37:45,PTBA,RG,3960,1,D,XC,BB,D
14:37:45,PTBA,RG,3960,1,D,PD,BB,D
14:37:44,PTBA,RG,3960,1,D,CC,BB,D
14:37:43,PTBA,RG,3960,25,D,YP,BB,D
14:37:43,PTBA,RG,3960,3,D,CC,BB,D
14:37:42,PTBA,RG,3960,300,D,CC,BB,D
14:37:38,PTBA,RG,3960,50,D,KK,BB,D
14:37:36,PTBA,RG,3960,5,D,YU,BB,D
14:37:34,PTBA,RG,3960,1,D,XC,BB,D
14:37:31,PTBA,RG,3960,3,D,PD,BB,D
14:37:28,PTBA,RG,3960,10,D,YP,BB,D
14:37:26,PTBA,RG,3960,1,D,PD,BB,D
14:37:24,PTBA,RG,3960,10,D,PD,BB,D
14:37:24,PTBA,RG,3960,1,D,XL,BB,D
14:37:23,PTBA,RG,3960,4,D,DX,BB,D
14:37:22,PTBA,RG,3960,5,D,GR,BB,D
14:37:22,PTBA,RG,3960,50,D,YP,BB,D
14:37:20,PTBA,RG,3960,1,D,XC,BB,D
14:37:20,PTBA,RG,3960,20,D,PD,BB,D
14:37:20,PTBA,RG,3960,5,D,GR,BB,D
14:37:19,PTBA,RG,3960,6,D,NI,BB,D
14:37:19,PTBA,RG,3960,1,D,XL,BB,D
14:37:18,PTBA,RG,3960,1,D,XL,BB,D
14:37:18,PTBA,RG,3960,3,D,XC,BB,D
14:37:18,PTBA,RG,3960,1,D,NI,BB,D
14:37:15,PTBA,RG,3960,40,D,YU,BB,D
14:37:14,PTBA,RG,3960,1,D,XC,BB,D
14:37:10,PTBA,RG,3960,60,D,YP,BB,D
14:37:09,PTBA,RG,3960,1,D,XC,BB,D
14:37:09,PTBA,RG,3960,13,D,CC,BB,D
14:37:08,PTBA,RG,3960,1,D,PD,BB,D
14:37:04,PTBA,RG,3960,40,D,EP,BB,D
14:37:04,PTBA,RG,3960,13,D,NI,BB,D
14:37:03,PTBA,RG,3960,10,D,LG,BB,D
14:37:02,PTBA,RG,3960,10,D,OD,BB,D
14:37:01,PTBA,RG,3960,2,D,YP,BB,D
14:37:01,PTBA,RG,3960,1,D,XC,BB,D
14:37:01,PTBA,RG,3960,1,D,NI,BB,D
14:37:01,PTBA,RG,3960,1,D,XL,BB,D
14:37:00,PTBA,RG,3960,6,D,XC,BB,D
14:37:00,PTBA,RG,3960,2,D,NI,BB,D
14:37:00,PTBA,RG,3960,3,D,XL,BB,D
14:37:00,PTBA,RG,3960,37,D,XC,BB,D
14:36:58,PTBA,RG,3960,3,D,PD,BB,D
14:36:58,PTBA,RG,3960,1,D,CC,BB,D
14:36:57,PTBA,RG,3960,10,D,PD,BB,D
14:36:56,PTBA,RG,3960,1,D,XC,BB,D
14:36:55,PTBA,RG,3960,5,D,AZ,BB,D
14:36:54,PTBA,RG,3960,1,D,XC,BB,D
14:36:53,PTBA,RG,3960,3,D,CC,BB,D
14:36:52,PTBA,RG,3960,1,D,NI,BB,D
14:36:51,PTBA,RG,3960,5,D,PD,BB,D
14:36:51,PTBA,RG,3960,1,D,XC,BB,D
14:36:50,PTBA,RG,3960,1,D,PD,BB,D
14:36:50,PTBA,RG,3960,1,D,NI,BB,D
14:36:48,PTBA,RG,3960,10,D,LG,BB,D
14:36:48,PTBA,RG,3960,5,D,NI,BB,D
14:36:48,PTBA,RG,3960,1,D,XC,BB,D
14:36:48,PTBA,RG,3960,1,D,XL,BB,D
14:36:47,PTBA,RG,3960,1,D,XL,BB,D
14:36:47,PTBA,RG,3960,2,D,OD,BB,D
14:36:46,PTBA,RG,3960,40,D,CC,BB,D
14:36:46,PTBA,RG,3960,37,D,YP,BB,D
14:36:45,PTBA,RG,3960,5,D,XL,BB,D
14:36:44,PTBA,RG,3960,30,D,SQ,BB,D
14:36:44,PTBA,RG,3960,2,D,XC,BB,D
14:36:43,PTBA,RG,3960,1,D,XL,BB,D
14:36:42,PTBA,RG,3960,5,D,XL,BB,D
14:36:42,PTBA,RG,3960,1,D,KK,BB,D
14:36:41,PTBA,RG,3960,10,D,XC,BB,D
14:36:38,PTBA,RG,3960,1,D,NI,BB,D
14:36:38,PTBA,RG,3960,2,D,CC,BB,D
14:36:37,PTBA,RG,3960,5,D,YU,BB,D
14:36:37,PTBA,RG,3960,12,D,PD,BB,D
14:36:37,PTBA,RG,3960,2,D,PD,BB,D
14:36:36,PTBA,RG,3960,3,D,XC,BB,D
14:36:36,PTBA,RG,3960,1,D,DR,BB,D
14:36:35,PTBA,RG,3960,18,D,PD,BB,D
14:36:34,PTBA,RG,3960,15,D,YP,BB,D
14:36:31,PTBA,RG,3960,3,D,KK,BB,D
14:36:30,PTBA,RG,3960,10,D,YP,BB,D
14:36:30,PTBA,RG,3960,30,D,SQ,BB,D
14:36:24,PTBA,RG,3960,1,D,LG,BB,D
14:36:24,PTBA,RG,3960,3,D,PD,BB,D
14:36:23,PTBA,RG,3960,5,D,CC,BB,D
14:36:22,PTBA,RG,3960,100,D,NI,BB,D
14:36:19,PTBA,RG,3960,2180,D,YP,BB,D
14:36:19,PTBA,RG,3960,12,D,YP,BB,D
14:36:18,PTBA,RG,3960,75,D,YP,BB,D
14:36:16,PTBA,RG,3960,18,D,OD,BB,D
14:36:16,PTBA,RG,3960,13,D,XL,BB,D
14:36:16,PTBA,RG,3960,1,D,CC,BB,D
14:36:15,PTBA,RG,3960,526,D,YP,BB,D
14:36:15,PTBA,RG,3960,50,D,YP,BB,D
14:36:13,PTBA,RG,3960,5,D,RO,BB,D
14:36:11,PTBA,RG,3960,1,D,YP,BB,D
14:36:10,PTBA,RG,3960,1,D,KK,BB,D
14:36:10,PTBA,RG,3960,2,D,YP,BB,D
14:36:10,PTBA,RG,3960,50,D,IF,BB,D
14:36:09,PTBA,RG,3960,2,D,YP,BB,D
14:36:09,PTBA,RG,3960,2,D,CC,BB,D
14:36:08,PTBA,RG,3960,1,D,XC,BB,D
14:36:07,PTBA,RG,3960,10,D,YB,BB,D
14:36:05,PTBA,RG,3960,2,D,XC,BB,D
14:36:05,PTBA,RG,3960,20,D,GR,BB,D
14:36:04,PTBA,RG,3960,1,D,XC,BB,D
14:36:03,PTBA,RG,3960,10,D,XC,BB,D
14:35:59,PTBA,RG,3960,10,D,YP,BB,D
14:35:59,PTBA,RG,3960,5,D,CC,BB,D
14:35:58,PTBA,RG,3960,1,D,PD,BB,D
14:35:57,PTBA,RG,3960,5,D,XL,BB,D
14:35:57,PTBA,RG,3960,1,D,XL,BB,D
14:35:56,PTBA,RG,3960,3,D,XL,BB,D
14:35:56,PTBA,RG,3960,6,D,PD,BB,D
14:35:54,PTBA,RG,3960,1,D,XC,BB,D
14:35:53,PTBA,RG,3960,50,D,OD,BB,D
14:35:52,PTBA,RG,3960,18,D,DH,BB,D
14:35:52,PTBA,RG,3960,2,D,PD,BB,D
14:35:51,PTBA,RG,3960,1,D,DH,BB,D
14:35:50,PTBA,RG,3960,1,D,PD,BB,D
14:35:50,PTBA,RG,3960,500,D,OD,BB,D
14:35:49,PTBA,RG,3960,22,D,XL,BB,D
14:35:49,PTBA,RG,3960,10,D,YP,BB,D
14:35:48,PTBA,RG,3960,2,D,XL,BB,D
14:35:47,PTBA,RG,3960,1,D,XC,BB,D
14:35:45,PTBA,RG,3960,10,D,YP,BB,D
14:35:45,PTBA,RG,3960,10,D,CC,BB,D
14:35:43,PTBA,RG,3960,2,D,CC,BB,D
14:35:41,PTBA,RG,3960,10,D,PD,BB,D
14:35:41,PTBA,RG,3960,1,D,PD,BB,D
14:35:39,PTBA,RG,3960,10,D,XC,BB,D
14:35:39,PTBA,RG,3960,1,D,PD,BB,D
14:35:39,PTBA,RG,3960,21,D,XC,BB,D
14:35:38,PTBA,RG,3960,20,D,CC,BB,D
14:35:38,PTBA,RG,3960,2,D,YP,BB,D
14:35:37,PTBA,RG,3960,1,D,XL,BB,D
14:35:36,PTBA,RG,3960,1,D,NI,BB,D
14:35:36,PTBA,RG,3960,5,D,YP,BB,D
14:35:35,PTBA,RG,3960,50,D,CC,BB,D
14:35:35,PTBA,RG,3960,10,D,LG,BB,D
14:35:34,PTBA,RG,3960,1,D,SQ,BB,D
14:35:34,PTBA,RG,3960,10,D,CC,BB,D
14:35:29,PTBA,RG,3960,20,D,PG,BB,D
14:35:29,PTBA,RG,3960,17,D,OD,BB,D
14:35:26,PTBA,RG,3960,1,D,XA,BB,D
14:35:26,PTBA,RG,3960,10,D,CC,BB,D
14:35:24,PTBA,RG,3960,10,D,KK,BB,D
14:35:24,PTBA,RG,3960,2,D,CC,BB,D
14:35:22,PTBA,RG,3960,1,D,XC,BB,D
14:35:22,PTBA,RG,3960,1,D,XC,BB,D
14:35:20,PTBA,RG,3960,2,D,XC,BB,D
14:35:20,PTBA,RG,3960,5,D,RF,BB,D
14:35:20,PTBA,RG,3960,1,D,CC,BB,D
14:35:18,PTBA,RG,3960,10,D,KK,BB,D
14:35:18,PTBA,RG,3960,1,D,YP,BB,D
14:35:18,PTBA,RG,3960,2,D,BQ,BB,D
14:35:18,PTBA,RG,3960,10,D,YP,BB,D
14:35:17,PTBA,RG,3960,1,D,PD,BB,D
14:35:17,PTBA,RG,3960,7,D,PD,BB,D
14:35:17,PTBA,RG,3960,10,D,AT,BB,D
14:35:16,PTBA,RG,3960,1,D,KK,BB,D
14:35:16,PTBA,RG,3960,1,D,XC,BB,D
14:35:15,PTBA,RG,3960,5,D,PD,BB,D
14:35:15,PTBA,RG,3960,5,D,GR,BB,D
14:35:15,PTBA,RG,3960,31,D,CC,BB,D
14:35:14,PTBA,RG,3960,1,D,PD,BB,D
14:35:13,PTBA,RG,3960,50,D,OD,BB,D
14:35:13,PTBA,RG,3960,10,D,XL,BB,D
14:35:12,PTBA,RG,3960,100,D,NI,BB,D
14:35:12,PTBA,RG,3960,26,D,DH,BB,D
14:35:11,PTBA,RG,3960,50,D,SQ,BB,D
14:35:07,PTBA,RG,3960,1,D,XL,BB,D
14:35:06,PTBA,RG,3960,1,D,XC,BB,D
14:35:05,PTBA,RG,3960,50,D,CC,BB,D
14:35:05,PTBA,RG,3960,1,D,KK,BB,D
14:35:04,PTBA,RG,3960,2,D,XL,BB,D
14:35:03,PTBA,RG,3960,10,D,YP,BB,D
14:35:02,PTBA,RG,3960,100,D,NI,BB,D
14:35:02,PTBA,RG,3960,3,D,CC,BB,D
14:35:02,PTBA,RG,3960,4,D,PD,BB,D
14:35:01,PTBA,RG,3960,25,D,YP,BB,D
14:35:00,PTBA,RG,3960,1,D,XC,BB,D
14:34:59,PTBA,RG,3960,1,D,XL,BB,D
14:34:58,PTBA,RG,3960,10,D,YP,BB,D
14:34:56,PTBA,RG,3960,1,D,PD,BB,D
14:34:56,PTBA,RG,3960,1,D,XC,BB,D
14:34:56,PTBA,RG,3960,1,D,YP,BB,D
14:34:56,PTBA,RG,3960,1,D,YP,BB,D
14:34:55,PTBA,RG,3960,1,D,CC,BB,D
14:34:52,PTBA,RG,3960,116,D,DR,BB,D
14:34:52,PTBA,RG,3960,10,D,XC,BB,D
14:34:52,PTBA,RG,3960,10,D,LG,BB,D
14:34:49,PTBA,RG,3960,40,D,KK,BB,D
14:34:48,PTBA,RG,3960,1,D,XC,BB,D
14:34:47,PTBA,RG,3960,1,D,XC,BB,D
14:34:47,PTBA,RG,3960,50,D,PD,BB,D
14:34:47,PTBA,RG,3960,10,D,PD,BB,D
14:34:46,PTBA,RG,3960,5,D,XL,BB,D
14:34:46,PTBA,RG,3960,40,D,XA,BB,D
14:34:46,PTBA,RG,3960,10,D,XC,BB,D
14:34:46,PTBA,RG,3960,17,D,CC,BB,D
14:34:46,PTBA,RG,3960,3,D,MG,BB,D
14:34:45,PTBA,RG,3960,4,D,YP,BB,D
14:34:44,PTBA,RG,3960,20,D,YP,BB,D
14:34:44,PTBA,RG,3960,16,D,SQ,BB,D
14:34:44,PTBA,RG,3960,1,D,XC,BB,D
14:34:43,PTBA,RG,3960,1,D,NI,BB,D
14:34:42,PTBA,RG,3960,2,D,XL,BB,D
14:34:42,PTBA,RG,3960,1,D,XC,BB,D
14:34:42,PTBA,RG,3960,7,D,XL,BB,D
14:34:41,PTBA,RG,3960,3,D,YP,BB,D
14:34:41,PTBA,RG,3960,20,D,PD,BB,D
14:34:41,PTBA,RG,3960,17,D,NI,BB,D
14:34:40,PTBA,RG,3960,1,D,XC,BB,D
14:34:38,PTBA,RG,3960,20,D,NI,BB,D
14:34:37,PTBA,RG,3960,1,D,DH,BB,D
14:34:37,PTBA,RG,3960,1,D,PD,BB,D
14:34:36,PTBA,RG,3960,7,D,YP,BB,D
14:34:35,PTBA,RG,3960,160,D,CC,BB,D
14:34:35,PTBA,RG,3960,21,D,CC,DR,D
14:34:35,PTBA,RG,3960,10,D,CC,XC,D
14:34:35,PTBA,RG,3960,90,D,CC,ZP,D
14:34:35,PTBA,RG,3960,525,D,CC,CC,D
14:34:35,PTBA,RG,3960,194,D,CC,YU,D
14:34:35,PTBA,RG,3960,4,D,XL,YU,D
14:34:34,PTBA,RG,3960,2,D,XL,YU,D
14:34:34,PTBA,RG,3960,18,D,XL,CC,D
14:34:33,PTBA,RG,3960,1,D,NI,CC,D
14:34:32,PTBA,RG,3960,5,D,KK,CC,D
14:34:31,PTBA,RG,3960,1,D,PD,CC,D
14:34:30,PTBA,RG,3960,2,D,XL,CC,D
14:34:29,PTBA,RG,3960,1,D,XC,CC,D
14:34:28,PTBA,RG,3960,47,D,KK,CC,D
14:34:28,PTBA,RG,3960,10,D,KK,PD,D
14:34:28,PTBA,RG,3960,58,D,KK,AG,F
14:34:28,PTBA,RG,3960,27,D,KK,PD,D
14:34:28,PTBA,RG,3960,25,D,KK,PD,D
14:34:28,PTBA,RG,3960,33,D,KK,PD,D
14:34:28,PTBA,RG,3960,5,D,CC,PD,D
14:34:27,PTBA,RG,3960,129,D,CC,PD,D
14:34:27,PTBA,RG,3960,36,D,NI,PD,D
14:34:27,PTBA,RG,3960,14,D,NI,PD,D
14:34:26,PTBA,RG,3960,1,D,YP,PD,D
14:34:25,PTBA,RG,3960,1,D,PD,PD,D
14:34:25,PTBA,RG,3960,1,D,YP,PD,D
14:34:24,PTBA,RG,3960,3,D,XL,PD,D
14:34:24,PTBA,RG,3960,10,D,YP,PD,D
14:34:23,PTBA,RG,3960,1,D,NI,PD,D
14:34:23,PTBA,RG,3960,1,D,XC,PD,D
14:34:22,PTBA,RG,3960,10,D,IF,PD,D
14:34:22,PTBA,RG,3960,10,F,AK,PD,D
14:34:22,PTBA,RG,3960,6,F,AK,ZP,F
14:34:22,PTBA,RG,3960,174,F,AK,PD,D
14:34:22,PTBA,RG,3960,1,D,KK,PD,D
14:34:21,PTBA,RG,3960,5,D,PD,PD,D
14:34:21,PTBA,RG,3960,6,D,PD,PD,D
14:34:21,PTBA,RG,3960,5,D,DR,PD,D
14:34:20,PTBA,RG,3960,1,D,PD,PD,D
14:34:20,PTBA,RG,3960,3,D,YP,PD,D
14:34:19,PTBA,RG,3960,25,D,SQ,PD,D
14:34:19,PTBA,RG,3960,75,D,SQ,PD,D
14:34:19,PTBA,RG,3960,1,D,YP,PD,D
14:34:18,PTBA,RG,3960,1,D,XC,PD,D
14:34:17,PTBA,RG,3960,97,D,CC,PD,D
14:34:17,PTBA,RG,3960,53,D,CC,PD,D
14:34:17,PTBA,RG,3960,50,D,CC,PD,D
14:34:17,PTBA,RG,3960,1,D,LG,PD,D
14:34:16,PTBA,RG,3960,13,D,YP,PD,D
14:34:16,PTBA,RG,3960,7,D,YP,PD,D
14:34:16,PTBA,RG,3960,2,D,CC,PD,D
14:34:16,PTBA,RG,3960,1,D,PD,PD,D
14:34:14,PTBA,RG,3960,1,D,XC,PD,D
14:34:12,PTBA,RG,3960,10,D,LG,PD,D
14:34:12,PTBA,RG,3960,3,D,YP,PD,D
14:34:12,PTBA,RG,3960,1,D,YP,PD,D
14:34:12,PTBA,RG,3960,2,D,YP,PD,D
14:34:12,PTBA,RG,3960,10,D,GR,PD,D
14:34:12,PTBA,RG,3960,50,D,NI,PD,D
14:34:12,PTBA,RG,3960,3,D,PD,PD,D
14:34:11,PTBA,RG,3960,15,D,YP,PD,D
14:34:10,PTBA,RG,3960,10,D,YP,PD,D
14:34:09,PTBA,RG,3960,10,D,CC,PD,D
14:34:09,PTBA,RG,3960,10,D,KK,PD,D
14:34:09,PTBA,RG,3960,25,D,YP,PD,D
14:34:07,PTBA,RG,3960,1,D,PD,PD,D
14:34:07,PTBA,RG,3960,16,D,XA,PD,D
14:34:07,PTBA,RG,3960,4,D,XA,MG,D
14:34:06,PTBA,RG,3960,2,D,PD,MG,D
14:34:05,PTBA,RG,3960,94,D,YP,MG,D
14:34:05,PTBA,RG,3960,4,D,YP,YP,D
14:34:05,PTBA,RG,3960,3,D,YP,XL,D
14:34:05,PTBA,RG,3960,10,D,YP,YP,D
14:34:05,PTBA,RG,3960,14,D,YP,PD,D
14:34:05,PTBA,RG,3960,20,D,LG,PD,D
14:34:04,PTBA,RG,3960,466,D,KK,PD,D
14:34:04,PTBA,RG,3960,6,D,KK,BK,F
14:34:04,PTBA,RG,3960,134,D,KK,BK,F
14:34:04,PTBA,RG,3960,20,D,KK,YP,D
14:34:04,PTBA,RG,3960,1,D,KK,ZP,F
14:34:04,PTBA,RG,3960,27,D,KK,PD,D
14:34:04,PTBA,RG,3960,24,D,KK,PD,D
14:34:04,PTBA,RG,3960,203,D,KK,PD,D
14:34:04,PTBA,RG,3960,15,D,KK,PD,D
14:34:04,PTBA,RG,3960,1404,D,KK,YP,D
14:34:02,PTBA,RG,3960,43,D,AT,YP,D
14:33:59,PTBA,RG,3960,12,D,DX,YP,D
14:33:59,PTBA,RG,3960,2,D,PD,YP,D
14:33:59,PTBA,RG,3960,1,D,YP,YP,D
14:33:56,PTBA,RG,3960,1,D,XL,YP,D
14:33:55,PTBA,RG,3960,1,D,YP,YP,D
14:33:54,PTBA,RG,3960,1,D,XL,YP,D
14:33:54,PTBA,RG,3960,3,D,YP,YP,D
14:33:53,PTBA,RG,3960,80,D,YP,YP,D
14:33:53,PTBA,RG,3960,1,D,PD,YP,D
14:33:52,PTBA,RG,3960,1,D,CC,YP,D
14:33:51,PTBA,RG,3960,1,D,YP,YP,D
14:33:51,PTBA,RG,3960,50,D,DR,YP,D
14:33:51,PTBA,RG,3960,14,D,XC,YP,D
14:33:50,PTBA,RG,3960,9,D,PD,YP,D
14:33:48,PTBA,RG,3960,7,D,NI,YP,D
14:33:46,PTBA,RG,3960,1,D,PD,YP,D
14:33:45,PTBA,RG,3960,10,D,SQ,YP,D
14:33:45,PTBA,RG,3960,1,D,PD,YP,D
14:33:44,PTBA,RG,3960,1,D,KK,YP,D
14:33:43,PTBA,RG,3960,1,D,XC,YP,D
14:33:43,PTBA,RG,3960,10,D,LG,YP,D
14:33:42,PTBA,RG,3960,2,D,PD,YP,D
14:33:42,PTBA,RG,3960,103,D,PD,YP,D
14:33:42,PTBA,RG,3960,3,D,NI,YP,D
14:33:41,PTBA,RG,3960,2,D,XC,YP,D
14:33:41,PTBA,RG,3960,20,D,GR,YP,D
14:33:41,PTBA,RG,3960,8,D,XL,YP,D
14:33:41,PTBA,RG,3960,100,D,YP,YP,D
14:33:40,PTBA,RG,3960,1,D,CC,YP,D
14:33:40,PTBA,RG,3960,2,D,PD,YP,D
14:33:40,PTBA,RG,3960,5,D,PD,YP,D
14:33:39,PTBA,RG,3960,1,D,PD,YP,D
14:33:37,PTBA,RG,3960,1,D,XL,YP,D
14:33:36,PTBA,RG,3960,3,D,NI,YP,D
14:33:35,PTBA,RG,3960,1,D,NI,YP,D
14:33:34,PTBA,RG,3960,9,D,YU,YP,D
14:33:34,PTBA,RG,3960,4,D,EP,YP,D
14:33:34,PTBA,RG,3960,100,D,YP,YP,D
14:33:33,PTBA,RG,3960,2,D,PD,YP,D
14:33:30,PTBA,RG,3960,10,D,PD,YP,D
14:33:30,PTBA,RG,3960,100,D,CC,YP,D
14:33:30,PTBA,RG,3960,5,D,XL,YP,D
14:33:30,PTBA,RG,3960,203,D,YP,YP,D
14:33:29,PTBA,RG,3960,1,D,PD,YP,D
14:33:29,PTBA,RG,3960,16,D,YP,YP,D
14:33:27,PTBA,RG,3960,30,D,CC,YP,D
14:33:27,PTBA,RG,3960,3,D,OD,YP,D
14:33:27,PTBA,RG,3960,1,D,PD,YP,D
14:33:27,PTBA,RG,3960,3,D,YP,YP,D
14:33:25,PTBA,RG,3960,1,D,YP,YP,D
14:33:25,PTBA,RG,3960,9,D,XL,YP,D
14:33:25,PTBA,RG,3960,125,D,AZ,YP,D
14:33:25,PTBA,RG,3960,4,D,CC,YP,D
14:33:24,PTBA,RG,3960,1,D,YP,YP,D
14:33:24,PTBA,RG,3960,4,D,CP,YP,D
14:33:23,PTBA,RG,3960,100,D,CC,YP,D
14:33:23,PTBA,RG,3960,100,D,YP,YP,D
14:33:22,PTBA,RG,3960,10,D,XL,YP,D
14:33:20,PTBA,RG,3960,3,D,XL,YP,D
14:33:19,PTBA,RG,3960,1,D,NI,YP,D
14:33:19,PTBA,RG,3960,100,D,YP,YP,D
14:33:19,PTBA,RG,3960,1,D,CC,YP,D
14:33:18,PTBA,RG,3960,2,D,YP,YP,D
14:33:18,PTBA,RG,3960,1,D,YP,YP,D
14:33:18,PTBA,RG,3960,10,D,PD,YP,D
14:33:17,PTBA,RG,3960,1,D,YP,YP,D
14:33:16,PTBA,RG,3960,5,D,YU,YP,D
14:33:15,PTBA,RG,3960,100,D,NI,YP,D
14:33:14,PTBA,RG,3960,2,D,NI,YP,D
14:33:13,PTBA,RG,3960,7,D,PD,YP,D
14:33:13,PTBA,RG,3960,2,D,CC,YP,D
14:33:13,PTBA,RG,3960,1,D,XL,YP,D
14:33:11,PTBA,RG,3960,5,D,EP,YP,D
14:33:09,PTBA,RG,3960,1,D,XC,YP,D
14:33:09,PTBA,RG,3960,25,D,YP,YP,D
14:33:09,PTBA,RG,3960,100,D,MG,YP,D
14:33:09,PTBA,RG,3960,1,D,YP,YP,D
14:33:08,PTBA,RG,3960,12,D,SQ,YP,D
14:33:05,PTBA,RG,3960,1,D,XL,YP,D
14:33:05,PTBA,RG,3960,1,D,YP,YP,D
14:33:04,PTBA,RG,3960,5,D,CC,YP,D
14:33:04,PTBA,RG,3960,1,D,XC,YP,D
14:33:04,PTBA,RG,3960,1,D,KK,YP,D
14:33:03,PTBA,RG,3960,5,D,CC,YP,D
14:33:02,PTBA,RG,3960,1,D,XC,YP,D
14:33:02,PTBA,RG,3960,3,D,PD,YP,D
14:33:02,PTBA,RG,3960,10,D,CC,YP,D
14:33:02,PTBA,RG,3960,5,D,PD,YP,D
14:33:01,PTBA,RG,3960,25,D,XL,YP,D
14:33:00,PTBA,RG,3960,50,D,OD,YP,D
14:33:00,PTBA,RG,3960,10,D,PD,YP,D
14:33:00,PTBA,RG,3960,2,D,PD,YP,D
14:32:58,PTBA,RG,3960,10,D,GR,YP,D
14:32:58,PTBA,RG,3960,1,D,XL,YP,D
14:32:57,PTBA,RG,3960,1,D,XC,YP,D
14:32:57,PTBA,RG,3960,100,D,NI,YP,D
14:32:57,PTBA,RG,3960,3,D,YP,YP,D
14:32:57,PTBA,RG,3960,1,D,YP,YP,D
14:32:56,PTBA,RG,3960,7,D,PD,YP,D
14:32:56,PTBA,RG,3960,80,D,CC,YP,D
14:32:55,PTBA,RG,3960,2,D,DR,YP,D
14:32:54,PTBA,RG,3960,1,D,YP,YP,D
14:32:54,PTBA,RG,3960,10,D,YP,YP,D
14:32:54,PTBA,RG,3960,15,D,XC,YP,D
14:32:54,PTBA,RG,3960,10,D,YU,YP,D
14:32:52,PTBA,RG,3960,1,D,PD,YP,D
14:32:52,PTBA,RG,3960,3,D,YP,YP,D
14:32:51,PTBA,RG,3960,1,D,YP,YP,D
14:32:51,PTBA,RG,3960,4,D,NI,YP,D
14:32:51,PTBA,RG,3960,1,D,GR,YP,D
14:32:51,PTBA,RG,3960,20,D,YP,YP,D
14:32:51,PTBA,RG,3960,6,D,XL,YP,D
14:32:49,PTBA,RG,3960,1,D,DH,YP,D
14:32:48,PTBA,RG,3960,20,D,PD,YP,D
14:32:48,PTBA,RG,3960,1,D,NI,YP,D
14:32:48,PTBA,RG,3960,10,D,CP,YP,D
14:32:45,PTBA,RG,3960,2,D,XL,YP,D
14:32:45,PTBA,RG,3960,1,D,YP,YP,D
14:32:44,PTBA,RG,3960,10,D,DR,YP,D
14:32:44,PTBA,RG,3960,1,D,XC,YP,D
14:32:43,PTBA,RG,3960,61,D,XC,YP,D
14:32:42,PTBA,RG,3960,1,D,XC,YP,D
14:32:40,PTBA,RG,3960,50,D,YP,YP,D
14:32:39,PTBA,RG,3960,25,D,EP,YP,D
14:32:38,PTBA,RG,3960,4,D,PD,YP,D
14:32:37,PTBA,RG,3960,1,D,XC,YP,D
14:32:36,PTBA,RG,3960,1,D,YP,YP,D
14:32:35,PTBA,RG,3960,2,D,XL,YP,D
14:32:34,PTBA,RG,3960,1,D,PD,YP,D
14:32:33,PTBA,RG,3960,16,D,NI,YP,D
14:32:33,PTBA,RG,3960,1,D,XC,YP,D
14:32:33,PTBA,RG,3960,50,D,AZ,YP,D
14:32:33,PTBA,RG,3960,1,D,CC,YP,D
14:32:32,PTBA,RG,3960,50,D,IF,YP,D
14:32:32,PTBA,RG,3960,2,D,PD,YP,D
14:32:32,PTBA,RG,3960,20,D,SQ,YP,D
14:32:31,PTBA,RG,3960,1,D,YP,YP,D
14:32:30,PTBA,RG,3960,1,D,YP,YP,D
14:32:29,PTBA,RG,3960,3,D,XL,YP,D
14:32:29,PTBA,RG,3960,1,D,PD,YP,D
14:32:28,PTBA,RG,3960,1,D,YP,YP,D
14:32:28,PTBA,RG,3960,3,D,XC,YP,D
14:32:28,PTBA,RG,3960,10,D,XL,YP,D
14:32:28,PTBA,RG,3960,15,D,NI,YP,D
14:32:27,PTBA,RG,3960,1,D,AZ,YP,D
14:32:27,PTBA,RG,3960,3,D,XL,YP,D
14:32:27,PTBA,RG,3960,1,D,CC,YP,D
14:32:27,PTBA,RG,3960,1,D,YP,YP,D
14:32:26,PTBA,RG,3960,5,D,YP,YP,D
14:32:25,PTBA,RG,3960,10,D,PD,YP,D
14:32:25,PTBA,RG,3960,1,D,GR,YP,D
14:32:25,PTBA,RG,3960,85,F,AK,YP,D
14:32:24,PTBA,RG,3960,25,D,EP,YP,D
14:32:23,PTBA,RG,3960,1,D,XC,YP,D
14:32:22,PTBA,RG,3960,20,D,NI,YP,D
14:32:22,PTBA,RG,3960,20,D,KK,YP,D
14:32:21,PTBA,RG,3960,1,D,XL,YP,D
14:32:20,PTBA,RG,3960,2,D,XC,YP,D
14:32:19,PTBA,RG,3960,3,D,DH,YP,D
14:32:18,PTBA,RG,3960,1,D,PD,YP,D
14:32:17,PTBA,RG,3960,5,D,YB,YP,D
14:32:17,PTBA,RG,3960,1,D,IF,YP,D
14:32:16,PTBA,RG,3960,1,D,YP,YP,D
14:32:16,PTBA,RG,3960,5,D,CC,YP,D
14:32:15,PTBA,RG,3960,10,D,DR,YP,D
14:32:14,PTBA,RG,3960,6,D,XL,YP,D
14:32:14,PTBA,RG,3960,1,D,XC,YP,D
14:32:14,PTBA,RG,3960,1,D,YP,YP,D
14:32:12,PTBA,RG,3960,1,D,YP,YP,D
14:32:12,PTBA,RG,3960,1,D,HP,YP,D
14:32:12,PTBA,RG,3960,250,D,NI,YP,D
14:32:12,PTBA,RG,3960,5,D,PC,YP,D
14:32:11,PTBA,RG,3960,15,D,XC,YP,D
14:32:11,PTBA,RG,3960,10,D,SQ,YP,D
14:32:11,PTBA,RG,3960,5,D,XL,YP,D
14:32:11,PTBA,RG,3960,1,D,EP,YP,D
14:32:08,PTBA,RG,3960,1,D,XC,YP,D
14:32:08,PTBA,RG,3960,1,D,NI,YP,D
14:32:07,PTBA,RG,3960,5,D,YP,YP,D
14:32:07,PTBA,RG,3960,13,D,DH,YP,D
14:32:07,PTBA,RG,3960,5,D,YP,YP,D
14:32:06,PTBA,RG,3960,1,D,YP,YP,D
14:32:05,PTBA,RG,3960,1,D,YP,YP,D
14:32:05,PTBA,RG,3960,2,D,PD,YP,D
14:32:05,PTBA,RG,3960,1,D,XL,YP,D
14:32:03,PTBA,RG,3960,362,D,MG,YP,D
14:32:03,PTBA,RG,3960,36,D,MG,PD,D
14:32:03,PTBA,RG,3960,220,D,MG,PD,D
14:32:03,PTBA,RG,3960,174,D,MG,PD,D
14:32:03,PTBA,RG,3960,53,D,MG,PD,D
14:32:03,PTBA,RG,3960,64,D,MG,PD,D
14:32:03,PTBA,RG,3960,24,D,MG,PD,D
14:32:03,PTBA,RG,3960,67,D,MG,YP,D
14:32:03,PTBA,RG,3960,3,D,XC,YP,D
14:32:00,PTBA,RG,3960,2,D,XC,YP,D
14:32:00,PTBA,RG,3960,1,D,YP,YP,D
14:32:00,PTBA,RG,3960,20,D,CC,YP,D
14:31:57,PTBA,RG,3960,1,D,PD,YP,D
14:31:56,PTBA,RG,3960,14,D,KK,YP,D
14:31:56,PTBA,RG,3960,392,D,FS,YP,D
14:31:56,PTBA,RG,3960,1,D,FS,PD,D
14:31:56,PTBA,RG,3960,7,D,FS,PD,D
14:31:56,PTBA,RG,3960,30,D,GR,PD,D
14:31:56,PTBA,RG,3960,5,D,EP,PD,D
14:31:55,PTBA,RG,3960,5,D,PD,PD,D
14:31:52,PTBA,RG,3960,10,D,PD,PD,D
14:31:51,PTBA,RG,3960,10,D,YP,PD,D
14:31:51,PTBA,RG,3960,13,D,PD,PD,D
14:31:50,PTBA,RG,3960,1,D,PD,PD,D
14:31:49,PTBA,RG,3960,4,D,XC,PD,D
14:31:48,PTBA,RG,3960,20,D,XC,PD,D
14:31:48,PTBA,RG,3960,1,D,XC,PD,D
14:31:47,PTBA,RG,3960,1,D,IF,PD,D
14:31:47,PTBA,RG,3960,45,D,XC,PD,D
14:31:47,PTBA,RG,3960,1,D,XC,ZP,F
14:31:47,PTBA,RG,3960,99,D,XC,CC,D
14:31:47,PTBA,RG,3960,99,D,XC,CC,D
14:31:47,PTBA,RG,3960,1305,D,XC,AZ,D
14:31:46,PTBA,RG,3960,60,D,NI,AZ,D
14:31:46,PTBA,RG,3960,10,D,KK,AZ,D
14:31:45,PTBA,RG,3960,10,D,CC,AZ,D
14:31:43,PTBA,RG,3960,1,D,YP,AZ,D
14:31:43,PTBA,RG,3960,4,D,YP,AZ,D
14:31:42,PTBA,RG,3960,1,D,YP,AZ,D
14:31:41,PTBA,RG,3960,5,D,KK,AZ,D
14:31:41,PTBA,RG,3960,1,D,YP,AZ,D
14:31:41,PTBA,RG,3960,5,D,PD,AZ,D
14:31:41,PTBA,RG,3960,1,D,PD,AZ,D
14:31:41,PTBA,RG,3960,25,D,XC,AZ,D
14:31:41,PTBA,RG,3960,10,D,PD,AZ,D
14:31:40,PTBA,RG,3960,2,D,YP,AZ,D
14:31:39,PTBA,RG,3960,3,D,CC,AZ,D
14:31:39,PTBA,RG,3960,5,D,AI,AZ,D
14:31:38,PTBA,RG,3960,1,D,YP,AZ,D
14:31:37,PTBA,RG,3960,6,D,XL,AZ,D
14:31:37,PTBA,RG,3960,11,D,PD,AZ,D
14:31:37,PTBA,RG,3960,2,D,IF,AZ,D
14:31:36,PTBA,RG,3960,10,D,YB,AZ,D
14:31:36,PTBA,RG,3960,50,D,YP,AZ,D
14:31:36,PTBA,RG,3960,100,D,YP,AZ,D
14:31:35,PTBA,RG,3960,2,D,PD,AZ,D
14:31:35,PTBA,RG,3960,5,D,XL,AZ,D
14:31:34,PTBA,RG,3960,1,D,PD,AZ,D
14:31:33,PTBA,RG,3960,200,D,SQ,AZ,D
14:31:33,PTBA,RG,3960,1,D,XL,AZ,D
14:31:33,PTBA,RG,3960,10,D,AI,AZ,D
14:31:32,PTBA,RG,3960,10,D,YP,AZ,D
14:31:31,PTBA,RG,3960,10,D,KK,AZ,D
14:31:31,PTBA,RG,3960,5,D,NI,AZ,D
14:31:31,PTBA,RG,3960,50,D,YP,AZ,D
14:31:30,PTBA,RG,3960,3,D,XC,AZ,D
14:31:30,PTBA,RG,3960,25,D,CC,AZ,D
14:31:30,PTBA,RG,3960,1,D,PD,AZ,D
14:31:30,PTBA,RG,3960,50,D,KK,AZ,D
14:31:30,PTBA,RG,3960,2,D,YP,AZ,D
14:31:29,PTBA,RG,3960,1,D,CC,AZ,D
14:31:29,PTBA,RG,3960,10,D,YP,AZ,D
14:31:29,PTBA,RG,3960,7,D,YP,AZ,D
14:31:28,PTBA,RG,3960,1000,D,FZ,AZ,D
14:31:28,PTBA,RG,3960,1,D,XC,AZ,D
14:31:28,PTBA,RG,3960,1,D,YP,AZ,D
14:31:28,PTBA,RG,3960,5,D,PD,AZ,D
14:31:26,PTBA,RG,3960,100,D,KK,AZ,D
14:31:26,PTBA,RG,3960,50,D,RG,AZ,D
14:31:26,PTBA,RG,3960,25,D,XC,AZ,D
14:31:26,PTBA,RG,3960,252,D,YP,AZ,D
14:31:25,PTBA,RG,3960,50,D,YP,AZ,D
14:31:23,PTBA,RG,3960,25,D,PD,AZ,D
14:31:23,PTBA,RG,3960,5,D,XC,AZ,D
14:31:23,PTBA,RG,3960,1,D,XL,AZ,D
14:31:22,PTBA,RG,3960,2,D,XL,AZ,D
14:31:21,PTBA,RG,3960,2,D,YP,AZ,D
14:31:21,PTBA,RG,3960,11,D,XC,AZ,D
14:31:21,PTBA,RG,3960,1,D,XC,AZ,D
14:31:20,PTBA,RG,3960,15,D,XC,AZ,D
14:31:18,PTBA,RG,3960,3,D,NI,AZ,D
14:31:18,PTBA,RG,3960,1,D,EP,AZ,D
14:31:17,PTBA,RG,3960,50,D,PD,AZ,D
14:31:16,PTBA,RG,3960,2,D,AT,AZ,D
14:31:16,PTBA,RG,3960,10,D,YP,AZ,D
14:31:16,PTBA,RG,3960,4,D,XC,AZ,D
14:31:15,PTBA,RG,3960,3,D,XC,AZ,D
14:31:14,PTBA,RG,3960,500,D,CP,AZ,D
14:31:12,PTBA,RG,3960,1,D,OD,AZ,D
14:31:11,PTBA,RG,3960,10,D,KK,AZ,D
14:31:11,PTBA,RG,3960,2,D,ZP,AZ,D
14:31:10,PTBA,RG,3960,1,D,PD,AZ,D
14:31:09,PTBA,RG,3960,5,D,YP,AZ,D
14:31:09,PTBA,RG,3960,45,D,YP,AZ,D
14:31:08,PTBA,RG,3960,30,D,CC,AZ,D
14:31:08,PTBA,RG,3960,1,D,XL,AZ,D
14:31:08,PTBA,RG,3960,2,D,XL,AZ,D
14:31:08,PTBA,RG,3960,10,D,YP,AZ,D
14:31:08,PTBA,RG,3960,1,D,CC,AZ,D
14:31:08,PTBA,RG,3960,45,D,PD,AZ,D
14:31:08,PTBA,RG,3960,50,D,GR,AZ,D
14:31:06,PTBA,RG,3960,1,D,YP,AZ,D
14:31:05,PTBA,RG,3960,1,D,XL,AZ,D
14:31:04,PTBA,RG,3960,250,D,RG,AZ,D
14:31:04,PTBA,RG,3960,2,D,GR,AZ,D
14:31:04,PTBA,RG,3960,1,D,ZP,AZ,D
14:31:03,PTBA,RG,3960,5,D,YP,AZ,D
14:31:03,PTBA,RG,3960,140,D,TP,AZ,D
14:31:02,PTBA,RG,3960,2,D,XL,AZ,D
14:31:00,PTBA,RG,3960,3,D,CC,AZ,D
14:31:00,PTBA,RG,3960,10,D,YP,AZ,D
14:30:59,PTBA,RG,3960,5,D,NI,AZ,D
14:30:59,PTBA,RG,3960,1,D,XC,AZ,D
14:30:59,PTBA,RG,3960,1,D,XC,AZ,D
14:30:58,PTBA,RG,3960,4,D,PD,AZ,D
14:30:58,PTBA,RG,3960,5,D,KK,AZ,D
14:30:57,PTBA,RG,3960,3,D,PD,AZ,D
14:30:57,PTBA,RG,3960,2,D,PD,AZ,D
14:30:57,PTBA,RG,3960,2,D,PD,AZ,D
14:30:56,PTBA,RG,3960,3,D,OD,AZ,D
14:30:56,PTBA,RG,3960,10,D,XL,AZ,D
14:30:54,PTBA,RG,3960,2,D,NI,AZ,D
14:30:54,PTBA,RG,3960,1,D,DH,AZ,D
14:30:54,PTBA,RG,3960,140,D,TP,AZ,D
14:30:53,PTBA,RG,3960,2,D,NI,AZ,D
14:30:53,PTBA,RG,3960,12,D,YP,AZ,D
14:30:52,PTBA,RG,3960,1,D,YP,AZ,D
14:30:51,PTBA,RG,3960,5,D,KK,AZ,D
14:30:49,PTBA,RG,3960,2,D,CC,AZ,D
14:30:49,PTBA,RG,3960,88,D,OD,AZ,D
14:30:48,PTBA,RG,3960,2,D,YP,AZ,D
14:30:48,PTBA,RG,3960,1,D,XL,AZ,D
14:30:47,PTBA,RG,3960,2,D,KK,AZ,D
14:30:46,PTBA,RG,3960,100,D,YP,AZ,D
14:30:45,PTBA,RG,3960,10,D,NI,AZ,D
14:30:45,PTBA,RG,3960,1,D,OD,AZ,D
14:30:45,PTBA,RG,3960,2,D,XL,AZ,D
14:30:44,PTBA,RG,3960,3,D,YP,AZ,D
14:30:43,PTBA,RG,3960,1,D,CC,AZ,D
14:30:43,PTBA,RG,3960,200,D,AZ,AZ,D
14:30:42,PTBA,RG,3960,11,D,PD,AZ,D
14:30:42,PTBA,RG,3960,2,D,XL,AZ,D
14:30:42,PTBA,RG,3960,25,D,CC,AZ,D
14:30:42,PTBA,RG,3960,1,D,NI,AZ,D
14:30:41,PTBA,RG,3960,2,D,PD,AZ,D
14:30:41,PTBA,RG,3960,5,D,XC,AZ,D
14:30:41,PTBA,RG,3960,30,D,PD,AZ,D
14:30:40,PTBA,RG,3960,1,D,YP,AZ,D
14:30:40,PTBA,RG,3960,2,D,XC,AZ,D
14:30:40,PTBA,RG,3960,1,D,YP,AZ,D
14:30:39,PTBA,RG,3960,1,D,DH,AZ,D
14:30:39,PTBA,RG,3960,10,D,XL,AZ,D
14:30:39,PTBA,RG,3960,200,D,NI,AZ,D
14:30:39,PTBA,RG,3960,5,D,PD,AZ,D
14:30:38,PTBA,RG,3960,5,D,NI,AZ,D
14:30:38,PTBA,RG,3960,20,D,CC,AZ,D
14:30:37,PTBA,RG,3960,1,D,PD,AZ,D
14:30:37,PTBA,RG,3960,20,D,TP,AZ,D
14:30:35,PTBA,RG,3960,1,D,XC,AZ,D
14:30:34,PTBA,RG,3960,5,D,PD,AZ,D
14:30:33,PTBA,RG,3960,13,D,PD,AZ,D
14:30:33,PTBA,RG,3960,7,D,XC,AZ,D
14:30:33,PTBA,RG,3960,6,D,KK,AZ,D
14:30:33,PTBA,RG,3960,19,D,KK,CC,D
14:30:33,PTBA,RG,3960,5,D,KK,CC,D
14:30:32,PTBA,RG,3960,5,D,XL,CC,D
14:30:32,PTBA,RG,3960,2,D,IF,CC,D
14:30:32,PTBA,RG,3960,5,D,XC,CC,D
14:30:32,PTBA,RG,3960,15,D,YP,CC,D
14:30:32,PTBA,RG,3960,5,D,CC,CC,D
14:30:31,PTBA,RG,3960,43,D,CC,CC,D
14:30:31,PTBA,RG,3960,99,D,CC,CC,D
14:30:31,PTBA,RG,3960,99,D,CC,CC,D
14:30:31,PTBA,RG,3960,274,D,CC,CC,D
14:30:31,PTBA,RG,3960,1,D,CC,CC,D
14:30:31,PTBA,RG,3960,202,D,CC,CC,D
14:30:31,PTBA,RG,3960,537,D,CC,AG,F
14:30:31,PTBA,RG,3960,18,D,CC,BK,F
14:30:31,PTBA,RG,3960,66,D,CC,YP,D
14:30:31,PTBA,RG,3960,2,D,CC,YP,D
14:30:31,PTBA,RG,3960,229,D,CC,MG,D
14:30:31,PTBA,RG,3960,60,D,CC,YP,D
14:30:31,PTBA,RG,3960,500,D,CC,CC,D
14:30:31,PTBA,RG,3960,98,D,CC,AG,F
14:30:31,PTBA,RG,3960,14,D,CC,AG,F
14:30:31,PTBA,RG,3960,1,D,CC,GR,D
14:30:31,PTBA,RG,3960,55,D,CC,PD,D
14:30:31,PTBA,RG,3960,49,D,CC,PD,D
14:30:31,PTBA,RG,3960,407,D,CC,PD,D
14:30:31,PTBA,RG,3960,30,D,CC,PD,D
14:30:31,PTBA,RG,3960,16,D,CC,PD,D
14:30:31,PTBA,RG,3960,1,D,YP,PD,D
14:30:30,PTBA,RG,3960,5,D,XC,PD,D
14:30:29,PTBA,RG,3960,8,D,PD,PD,D
14:30:29,PTBA,RG,3960,1,D,XL,PD,D
14:30:28,PTBA,RG,3960,20,D,SQ,PD,D
14:30:27,PTBA,RG,3960,13,D,XL,PD,D
14:30:27,PTBA,RG,3960,5,D,PD,PD,D
14:30:27,PTBA,RG,3960,1,D,XC,PD,D
14:30:26,PTBA,RG,3960,4,D,YP,PD,D
14:30:26,PTBA,RG,3960,21,D,YP,PD,D
14:30:26,PTBA,RG,3960,15,D,PG,PD,D
14:30:26,PTBA,RG,3960,50,D,KK,PD,D
14:30:26,PTBA,RG,3960,10,D,AZ,PD,D
14:30:25,PTBA,RG,3960,1,D,AZ,PD,D
14:30:25,PTBA,RG,3960,5,D,BQ,PD,D
14:30:24,PTBA,RG,3960,10,D,XL,PD,D
14:30:24,PTBA,RG,3960,1,D,XC,PD,D
14:30:24,PTBA,RG,3960,2,D,XL,PD,D
14:30:22,PTBA,RG,3960,5,D,SQ,PD,D
14:30:22,PTBA,RG,3960,2,D,PD,PD,D
14:30:22,PTBA,RG,3960,1,D,XC,PD,D
14:30:21,PTBA,RG,3960,30,D,PD,PD,D
14:30:21,PTBA,RG,3960,1,D,YP,PD,D
14:30:21,PTBA,RG,3960,10,D,YP,PD,D
14:30:21,PTBA,RG,3960,1,D,IP,PD,D
14:30:20,PTBA,RG,3960,160,D,NI,PD,D
14:30:20,PTBA,RG,3960,116,D,OD,PD,D
14:30:20,PTBA,RG,3960,52,D,OD,PD,D
14:30:19,PTBA,RG,3960,90,D,OD,PD,D
14:30:19,PTBA,RG,3960,8,D,KK,PD,D
14:30:19,PTBA,RG,3960,1,D,ZP,PD,D
14:30:19,PTBA,RG,3960,6,D,NI,PD,D
14:30:18,PTBA,RG,3960,3,D,OD,PD,D
14:30:18,PTBA,RG,3960,10,D,XL,PD,D
14:30:18,PTBA,RG,3960,100,D,KK,PD,D
14:30:16,PTBA,RG,3960,10,D,OD,PD,D
14:30:16,PTBA,RG,3960,5,D,KK,PD,D
14:30:16,PTBA,RG,3960,2,D,YP,PD,D
14:30:16,PTBA,RG,3960,5,D,XL,PD,D
14:30:16,PTBA,RG,3960,10,D,CC,PD,D
14:30:15,PTBA,RG,3960,1,D,OD,PD,D
14:30:15,PTBA,RG,3960,1,D,GR,PD,D
14:30:15,PTBA,RG,3960,2,D,YP,PD,D
14:30:15,PTBA,RG,3960,1,D,XC,PD,D
14:30:15,PTBA,RG,3960,42,D,YP,PD,D
14:30:15,PTBA,RG,3960,8,D,YP,PD,D
14:30:13,PTBA,RG,3960,10,D,YP,PD,D
14:30:13,PTBA,RG,3960,88,D,CC,PD,D
14:30:13,PTBA,RG,3960,100,D,CC,PD,D
14:30:12,PTBA,RG,3960,28,D,NI,PD,D
14:30:12,PTBA,RG,3960,5,D,YP,PD,D
14:30:12,PTBA,RG,3960,30,D,YP,PD,D
14:30:12,PTBA,RG,3960,5,D,CC,PD,D
14:30:11,PTBA,RG,3960,3,D,BQ,PD,D
14:30:11,PTBA,RG,3960,1,D,PD,PD,D
14:30:10,PTBA,RG,3960,3,D,NI,PD,D
14:30:10,PTBA,RG,3960,20,D,NI,YP,D
14:30:10,PTBA,RG,3960,2,D,NI,PD,D
14:30:10,PTBA,RG,3960,37,D,NI,PD,D
14:30:10,PTBA,RG,3960,1,D,GR,PD,D
14:30:09,PTBA,RG,3960,1,D,XC,PD,D
14:30:09,PTBA,RG,3960,5,D,NI,PD,D
14:30:08,PTBA,RG,3960,7,D,XL,PD,D
14:30:08,PTBA,RG,3960,10,D,CC,PD,D
14:30:08,PTBA,RG,3960,10,D,AI,PD,D
14:30:08,PTBA,RG,3960,5,D,GR,PD,D
14:30:08,PTBA,RG,3960,15,D,OD,PD,D
14:30:06,PTBA,RG,3960,20,D,NI,PD,D
14:30:06,PTBA,RG,3960,1,D,PD,PD,D
14:30:05,PTBA,RG,3960,10,D,LG,PD,D
14:30:05,PTBA,RG,3960,3,D,YP,PD,D
14:30:05,PTBA,RG,3960,1,D,XL,PD,D
14:30:04,PTBA,RG,3960,25,D,XC,PD,D
14:30:04,PTBA,RG,3960,1,D,XL,PD,D
14:30:03,PTBA,RG,3960,1,D,YP,PD,D
14:30:03,PTBA,RG,3960,5,D,YU,PD,D
14:30:02,PTBA,RG,3960,1,D,YP,PD,D
14:30:01,PTBA,RG,3960,1,D,AZ,PD,D
14:30:01,PTBA,RG,3960,1,D,ZP,PD,D
14:29:59,PTBA,RG,3960,20,D,CC,PD,D
14:29:59,PTBA,RG,3960,1,D,NI,PD,D
14:29:59,PTBA,RG,3960,3,D,XL,PD,D
14:29:59,PTBA,RG,3960,20,D,PD,PD,D
14:29:58,PTBA,RG,3960,30,D,YP,PD,D
14:29:58,PTBA,RG,3960,10,D,PD,PD,D
14:29:58,PTBA,RG,3960,3,D,YP,PD,D
14:29:57,PTBA,RG,3960,1,D,NI,PD,D
14:29:57,PTBA,RG,3960,11,D,AG,PD,D
14:29:56,PTBA,RG,3960,35,D,NI,PD,D
14:29:56,PTBA,RG,3960,3,D,CC,PD,D
14:29:56,PTBA,RG,3960,5,D,YP,PD,D
14:29:56,PTBA,RG,3960,1,D,YP,PD,D
14:29:56,PTBA,RG,3960,1,D,CC,PD,D
14:29:56,PTBA,RG,3960,9,D,CC,BQ,D
14:29:55,PTBA,RG,3960,100,D,CC,BQ,D
14:29:55,PTBA,RG,3960,5,D,YP,BQ,D
14:29:55,PTBA,RG,3960,3,D,NI,BQ,D
14:29:54,PTBA,RG,3960,10,D,CC,BQ,D
14:29:54,PTBA,RG,3960,1,D,CC,BQ,D
14:29:54,PTBA,RG,3960,20,D,YP,BQ,D
14:29:54,PTBA,RG,3960,50,D,PD,BQ,D
14:29:53,PTBA,RG,3960,2,D,PD,BQ,D
14:29:53,PTBA,RG,3960,15,D,PD,AK,F
14:29:53,PTBA,RG,3960,5,D,PD,HP,D
14:29:53,PTBA,RG,3960,185,D,PD,EP,D
14:29:53,PTBA,RG,3960,2,D,XC,EP,D
14:29:53,PTBA,RG,3960,1,D,XL,EP,D
14:29:53,PTBA,RG,3960,2,D,PD,EP,D
14:29:52,PTBA,RG,3960,10,D,YP,EP,D
14:29:51,PTBA,RG,3960,25,D,AZ,EP,D
14:29:49,PTBA,RG,3960,252,D,PD,EP,D
14:29:49,PTBA,RG,3960,1,D,XC,EP,D
14:29:49,PTBA,RG,3960,5,D,PD,EP,D
14:29:48,PTBA,RG,3960,5,D,PD,EP,D
14:29:48,PTBA,RG,3960,1,D,YP,EP,D
14:29:48,PTBA,RG,3960,2,D,GR,EP,D
14:29:48,PTBA,RG,3960,5,D,OD,EP,D
14:29:48,PTBA,RG,3960,6,D,NI,EP,D
14:29:47,PTBA,RG,3960,100,D,NI,EP,D
14:29:47,PTBA,RG,3960,10,D,TP,EP,D
14:29:46,PTBA,RG,3960,2,D,YU,EP,D
14:29:45,PTBA,RG,3960,2,D,YP,EP,D
14:29:45,PTBA,RG,3960,100,D,AI,EP,D
14:29:44,PTBA,RG,3960,20,D,IU,EP,D
14:29:43,PTBA,RG,3960,1,D,XL,EP,D
14:29:42,PTBA,RG,3960,3,D,XL,EP,D
14:29:42,PTBA,RG,3960,20,D,YP,EP,D
14:29:42,PTBA,RG,3960,10,D,AI,EP,D
14:29:41,PTBA,RG,3960,10,D,AZ,EP,D
14:29:38,PTBA,RG,3960,10,D,KK,EP,D
14:29:38,PTBA,RG,3960,20,D,PD,EP,D
14:29:38,PTBA,RG,3960,2,D,CC,EP,D
14:29:37,PTBA,RG,3960,1,D,PD,AG,F
14:29:36,PTBA,RG,3960,9,D,YP,AG,F
14:29:36,PTBA,RG,3960,5,D,OD,AG,F
14:29:36,PTBA,RG,3960,4,D,OD,XC,D
14:29:36,PTBA,RG,3960,1,D,OD,PD,D
14:29:36,PTBA,RG,3960,4,D,XC,PD,D
14:29:36,PTBA,RG,3960,4,D,XC,LG,D
14:29:35,PTBA,RG,3960,1,D,YP,LG,D
14:29:35,PTBA,RG,3960,7,D,YP,XC,D
14:29:35,PTBA,RG,3960,1,D,YP,DR,D
14:29:35,PTBA,RG,3960,3,D,YP,CC,D
14:29:35,PTBA,RG,3960,1,D,YP,XC,D
14:29:35,PTBA,RG,3960,20,D,YP,BQ,D
14:29:35,PTBA,RG,3960,112,D,YP,AG,F
14:29:34,PTBA,RG,3960,2,D,HP,AG,F
14:29:33,PTBA,RG,3960,10,D,OD,AG,F
14:29:32,PTBA,RG,3960,10,D,KK,AG,F
14:29:32,PTBA,RG,3960,5,D,PD,AG,F
14:29:32,PTBA,RG,3960,3,D,YP,AG,F
14:29:32,PTBA,RG,3960,1,D,YP,AG,F
14:29:32,PTBA,RG,3960,20,D,YP,AG,F
14:29:32,PTBA,RG,3960,5,D,YP,AG,F
14:29:31,PTBA,RG,3960,10,D,OD,AG,F
14:29:31,PTBA,RG,3960,1,D,XL,AG,F
14:29:31,PTBA,RG,3960,6,D,XL,AG,F
14:29:30,PTBA,RG,3960,80,D,IU,AG,F
14:29:30,PTBA,RG,3960,1,D,PD,AG,F
14:29:30,PTBA,RG,3960,25,D,YU,AG,F
14:29:30,PTBA,RG,3960,3,D,OD,AG,F
14:29:30,PTBA,RG,3960,4,D,CC,AG,F
14:29:30,PTBA,RG,3960,1,D,YP,AG,F
14:29:29,PTBA,RG,3960,3,D,KK,AG,F
14:29:29,PTBA,RG,3960,1,D,PD,AG,F
14:29:29,PTBA,RG,3960,2,D,PD,AG,F
14:29:29,PTBA,RG,3960,100,D,SQ,AG,F
14:29:28,PTBA,RG,3960,2,D,KK,AG,F
14:29:28,PTBA,RG,3960,10,D,YP,AG,F
14:29:28,PTBA,RG,3960,5,D,YP,AG,F
14:29:28,PTBA,RG,3960,2,D,OD,AG,F
14:29:27,PTBA,RG,3960,4,D,SQ,AG,F
14:29:27,PTBA,RG,3960,1,D,NI,AG,F
14:29:27,PTBA,RG,3960,30,D,YP,AG,F
14:29:27,PTBA,RG,3960,1,D,XC,AG,F
14:29:27,PTBA,RG,3960,5,D,YU,AG,F
14:29:27,PTBA,RG,3960,20,D,NI,AG,F
14:29:27,PTBA,RG,3960,1,D,CC,AG,F
14:29:26,PTBA,RG,3960,1,D,CC,AG,F
14:29:26,PTBA,RG,3960,1,D,CC,AG,F
14:29:26,PTBA,RG,3960,2,D,PD,AG,F
14:29:25,PTBA,RG,3960,3,D,CC,AG,F
14:29:25,PTBA,RG,3960,2,D,XC,AG,F
14:29:25,PTBA,RG,3960,5,D,YP,AG,F
14:29:25,PTBA,RG,3960,7,D,OD,AG,F
14:29:25,PTBA,RG,3960,3,D,OD,AG,F
14:29:25,PTBA,RG,3960,11,D,YP,AG,F
14:29:25,PTBA,RG,3960,2,D,YP,ZP,F
14:29:25,PTBA,RG,3960,7,D,YP,YP,D
14:29:24,PTBA,RG,3960,2,D,KK,YP,D
14:29:24,PTBA,RG,3960,3,D,KK,YP,D
14:29:24,PTBA,RG,3960,15,D,YP,YP,D
14:29:24,PTBA,RG,3960,10,D,PD,YP,D
14:29:24,PTBA,RG,3960,1,D,YP,YP,D
14:29:23,PTBA,RG,3960,1,D,XL,YP,D
14:29:23,PTBA,RG,3960,5,D,YB,YP,D
14:29:23,PTBA,RG,3960,5,D,YP,YP,D
14:29:23,PTBA,RG,3960,5,D,DH,YP,D
14:29:23,PTBA,RG,3960,66,D,OD,YP,D
14:29:23,PTBA,RG,3960,5,D,OD,ZP,F
14:29:23,PTBA,RG,3960,10,D,OD,GR,D
14:29:23,PTBA,RG,3960,9,D,OD,CC,D
14:29:23,PTBA,RG,3960,4,D,YP,CC,D
14:29:23,PTBA,RG,3960,9,D,XL,CC,D
14:29:22,PTBA,RG,3960,25,D,YP,CC,D
14:29:22,PTBA,RG,3960,6,D,YP,CC,D
14:29:21,PTBA,RG,3960,1,D,MK,CC,D
14:29:21,PTBA,RG,3960,1,D,CC,CC,D
14:29:21,PTBA,RG,3960,5,D,YP,CC,D
14:29:21,PTBA,RG,3960,100,D,YP,CC,D
14:29:21,PTBA,RG,3960,10,D,XL,CC,D
14:29:21,PTBA,RG,3960,364,D,YP,CC,D
14:29:21,PTBA,RG,3960,500,D,YP,PD,D
14:29:21,PTBA,RG,3960,77,D,YP,PD,D
14:29:21,PTBA,RG,3960,1,D,YP,YP,D
14:29:21,PTBA,RG,3960,18,D,YP,AG,F
14:29:21,PTBA,RG,3960,10,D,YP,EP,D
14:29:21,PTBA,RG,3960,4,D,YP,XC,D
14:29:21,PTBA,RG,3960,5,D,YP,AZ,D
14:29:21,PTBA,RG,3960,1,D,YP,YP,D
14:29:21,PTBA,RG,3960,20,D,YP,PD,D
14:29:20,PTBA,RG,3960,7,D,PD,PD,D
14:29:20,PTBA,RG,3960,3,D,PD,PD,D
14:29:19,PTBA,RG,3960,10,D,XL,PD,D
14:29:19,PTBA,RG,3960,2,D,CC,PD,D
14:29:19,PTBA,RG,3960,4,D,PD,PD,D
14:29:19,PTBA,RG,3960,5,D,PD,PD,D
14:29:19,PTBA,RG,3960,5,D,PD,PD,D
14:29:18,PTBA,RG,3960,2,D,IF,PD,D
14:29:18,PTBA,RG,3960,2,D,NI,PD,D
14:29:18,PTBA,RG,3960,3,D,KK,PD,D
14:29:17,PTBA,RG,3960,10,D,PD,PD,D
14:29:17,PTBA,RG,3960,2,D,YP,PD,D
14:29:17,PTBA,RG,3960,12,D,XC,PD,D
14:29:17,PTBA,RG,3960,100,D,CC,PD,D
14:29:16,PTBA,RG,3960,1,D,YP,PD,D
14:29:16,PTBA,RG,3960,1,D,YP,PD,D
14:29:16,PTBA,RG,3960,12,D,DH,PD,D
14:29:16,PTBA,RG,3960,53,D,OD,PD,D
14:29:16,PTBA,RG,3960,14,D,OD,PD,D
14:29:16,PTBA,RG,3960,33,D,OD,PD,D
14:29:16,PTBA,RG,3960,4,D,YP,PD,D
14:29:16,PTBA,RG,3960,16,D,YP,PD,D
14:29:16,PTBA,RG,3960,10,D,KK,PD,D
14:29:16,PTBA,RG,3960,10,D,XC,PD,D
14:29:16,PTBA,RG,3960,1,D,YP,PD,D
14:29:15,PTBA,RG,3960,3,D,NI,PD,D
14:29:15,PTBA,RG,3960,4,D,NI,PD,D
14:29:15,PTBA,RG,3960,20,D,XL,PD,D
14:29:15,PTBA,RG,3960,4,D,PD,PD,D
14:29:15,PTBA,RG,3960,100,D,YP,PD,D
14:29:14,PTBA,RG,3960,52,D,KK,PD,D
14:29:14,PTBA,RG,3960,148,D,KK,PD,D
14:29:14,PTBA,RG,3960,5,D,XC,PD,D
14:29:14,PTBA,RG,3960,21,D,NI,PD,D
14:29:14,PTBA,RG,3960,53,D,NI,PD,D
14:29:14,PTBA,RG,3960,56,D,NI,PD,D
14:29:14,PTBA,RG,3960,8,D,YP,PD,D
14:29:14,PTBA,RG,3960,2,D,YP,PD,D
14:29:14,PTBA,RG,3960,20,D,SQ,PD,D
14:29:13,PTBA,RG,3960,2,F,AG,PD,D
14:29:13,PTBA,RG,3960,1,F,AG,PD,D
14:29:13,PTBA,RG,3960,53,F,AG,PD,D
14:29:13,PTBA,RG,3960,50,D,CC,PD,D
14:29:13,PTBA,RG,3960,37,D,XC,PD,D
14:29:13,PTBA,RG,3960,3,D,XL,PD,D
14:29:13,PTBA,RG,3960,9,D,IU,PD,D
14:29:13,PTBA,RG,3960,226,D,IU,AG,F
14:29:12,PTBA,RG,3970,1,D,YP,DR,D
14:29:12,PTBA,RG,3960,1,D,IU,GR,D
14:29:12,PTBA,RG,3960,5,D,IU,DR,D
14:29:12,PTBA,RG,3960,59,D,IU,XC,D
14:29:12,PTBA,RG,3960,10,D,YP,XC,D
14:29:11,PTBA,RG,3960,27,D,HP,XC,D
14:29:11,PTBA,RG,3960,14,D,HP,ZP,F
14:29:11,PTBA,RG,3960,1,D,HP,ZP,F
14:29:11,PTBA,RG,3960,258,D,HP,YP,D
14:29:11,PTBA,RG,3960,2,D,YP,YP,D
14:29:11,PTBA,RG,3960,3,D,BQ,YP,D
14:29:10,PTBA,RG,3960,28,D,YP,YP,D
14:29:10,PTBA,RG,3960,8,D,YB,YP,D
14:29:10,PTBA,RG,3960,1,D,XL,YP,D
14:29:10,PTBA,RG,3960,30,D,EP,YP,D
14:29:09,PTBA,RG,3960,100,D,YU,YP,D
14:29:09,PTBA,RG,3960,3,D,YP,YP,D
14:29:08,PTBA,RG,3960,90,D,OD,YP,D
14:29:08,PTBA,RG,3960,10,D,KK,YP,D
14:29:08,PTBA,RG,3960,5,D,XC,YP,D
14:29:08,PTBA,RG,3960,1,D,YP,YP,D
14:29:08,PTBA,RG,3960,15,D,PD,YP,D
14:29:07,PTBA,RG,3960,10,D,YP,YP,D
14:29:07,PTBA,RG,3960,3,D,YP,YP,D
14:29:07,PTBA,RG,3960,30,D,GR,YP,D
14:29:07,PTBA,RG,3960,1,D,YP,YP,D
14:29:07,PTBA,RG,3960,20,D,PD,YP,D
14:29:07,PTBA,RG,3960,16,F,AG,YP,D
14:29:07,PTBA,RG,3960,16,D,CC,YP,D
14:29:07,PTBA,RG,3960,2,D,YP,YP,D
14:29:07,PTBA,RG,3960,9,D,NI,YP,D
14:29:07,PTBA,RG,3960,4,D,PD,YP,D
14:29:07,PTBA,RG,3960,1,D,YP,YP,D
14:29:07,PTBA,RG,3960,25,D,XL,YP,D
14:29:07,PTBA,RG,3960,300,D,CP,YP,D
14:29:07,PTBA,RG,3960,1,D,YP,YP,D
14:29:07,PTBA,RG,3960,18,D,CC,YP,D
14:29:07,PTBA,RG,3960,1,D,XC,YP,D
14:29:07,PTBA,RG,3960,3,D,YP,YP,D
14:29:07,PTBA,RG,3960,2000,D,MG,YP,D
14:29:07,PTBA,RG,3960,200,D,DR,YP,D
14:29:07,PTBA,RG,3960,1,D,SQ,YP,D
14:29:07,PTBA,RG,3960,20,D,EP,YP,D
14:29:07,PTBA,RG,3960,27,D,YP,YP,D
14:29:07,PTBA,RG,3960,1,D,XC,YP,D
14:29:07,PTBA,RG,3960,1,D,NI,YP,D
14:29:07,PTBA,RG,3960,88,F,AK,YP,D
14:29:07,PTBA,RG,3960,17,D,XC,YP,D
14:29:07,PTBA,RG,3960,5,D,PD,YP,D
14:29:07,PTBA,RG,3960,10,D,KK,YP,D
14:29:07,PTBA,RG,3960,20,D,GR,YP,D
14:29:07,PTBA,RG,3960,8,D,CC,YP,D
14:29:07,PTBA,RG,3960,375,D,BR,YP,D
14:29:07,PTBA,RG,3960,12,D,DR,YP,D
14:29:07,PTBA,RG,3960,2,D,CC,YP,D
14:29:07,PTBA,RG,3960,7,D,NI,YP,D
14:29:07,PTBA,RG,3960,1,D,XL,YP,D
14:29:07,PTBA,RG,3960,1,D,PD,YP,D
14:29:07,PTBA,RG,3960,25,D,MG,YP,D
14:29:07,PTBA,RG,3960,10,D,CC,YP,D
14:29:07,PTBA,RG,3960,126,D,PD,YP,D
14:29:07,PTBA,RG,3960,15,D,XC,YP,D
14:29:07,PTBA,RG,3960,1,D,PD,YP,D
14:29:07,PTBA,RG,3960,45,D,KK,YP,D
14:29:07,PTBA,RG,3960,1,D,PD,YP,D
14:29:07,PTBA,RG,3960,3,D,XL,YP,D
14:29:07,PTBA,RG,3960,2,D,XL,YP,D
14:29:07,PTBA,RG,3960,30,D,DR,YP,D
14:29:07,PTBA,RG,3960,2,D,PD,YP,D
14:29:07,PTBA,RG,3960,17,D,YP,YP,D
14:29:07,PTBA,RG,3960,1,D,YP,YP,D
14:29:07,PTBA,RG,3960,2,D,PD,YP,D
14:29:07,PTBA,RG,3960,100,D,YP,YP,D
14:29:07,PTBA,RG,3960,1,D,DR,YP,D
14:29:07,PTBA,RG,3960,1,D,NI,YP,D
14:29:07,PTBA,RG,3960,2,D,XC,YP,D
14:29:07,PTBA,RG,3960,50,D,EP,YP,D
14:29:07,PTBA,RG,3960,50,D,OD,YP,D
14:29:07,PTBA,RG,3960,5,D,PD,YP,D
14:29:07,PTBA,RG,3960,55,D,YB,YP,D
14:29:07,PTBA,RG,3960,10,D,NI,YP,D
14:29:07,PTBA,RG,3960,44,F,AG,YP,D
14:29:07,PTBA,RG,3960,5,D,NI,YP,D
14:29:07,PTBA,RG,3960,1,D,PD,YP,D
14:29:07,PTBA,RG,3960,1,D,KK,YP,D
14:29:07,PTBA,RG,3960,1,D,LG,YP,D
14:29:07,PTBA,RG,3960,2,D,YP,YP,D
14:29:07,PTBA,RG,3960,7,D,CC,YP,D
14:29:07,PTBA,RG,3960,1,D,XC,YP,D
14:29:07,PTBA,RG,3960,1000,D,KK,YP,D
14:29:07,PTBA,RG,3960,5,D,GR,YP,D
14:29:07,PTBA,RG,3960,50,D,YP,YP,D
14:29:07,PTBA,RG,3960,19,D,OD,YP,D
14:29:07,PTBA,RG,3960,1,D,YP,YP,D
14:29:07,PTBA,RG,3960,3,D,PD,YP,D
14:29:07,PTBA,RG,3960,10,D,PD,YP,D
14:29:07,PTBA,RG,3960,1,D,PD,YP,D
14:29:07,PTBA,RG,3960,10,D,PD,YP,D
14:29:07,PTBA,RG,3960,5,D,XL,YP,D
14:29:07,PTBA,RG,3960,18,D,DR,YP,D
14:29:07,PTBA,RG,3960,50,D,XA,YP,D
14:29:07,PTBA,RG,3960,10,D,XC,YP,D
14:29:07,PTBA,RG,3960,3,D,KK,YP,D
14:29:07,PTBA,RG,3960,200,D,PD,YP,D
14:29:07,PTBA,RG,3960,1,D,EP,YP,D
14:29:07,PTBA,RG,3960,55,F,ZP,YP,D
14:29:07,PTBA,RG,3960,1,D,YP,YP,D
14:29:07,PTBA,RG,3960,2132,D,GR,YP,D
14:29:03,PTBA,RG,3960,57,D,GR,XA,D
14:29:02,PTBA,RG,3960,2000,D,GR,YU,D
14:29:02,PTBA,RG,3960,5,D,GR,PD,D
14:28:58,PTBA,RG,3960,3,D,GR,XC,D
14:28:58,PTBA,RG,3960,750,D,GR,ZP,D
14:28:56,PTBA,RG,3970,1,D,YP,DR,D
14:28:56,PTBA,RG,3970,4,D,PD,DR,D
14:28:56,PTBA,RG,3970,1,D,PD,YP,D
14:28:56,PTBA,RG,3970,3,D,PD,BQ,D
14:28:56,PTBA,RG,3970,2,D,PD,SQ,D
14:28:55,PTBA,RG,3970,1,D,XC,SQ,D
14:28:55,PTBA,RG,3960,449,D,GR,PD,D
14:28:55,PTBA,RG,3960,50,D,GR,PD,D
14:28:55,PTBA,RG,3960,300,D,GR,CC,D
14:28:54,PTBA,RG,3970,207,D,YP,SQ,D
14:28:54,PTBA,RG,3970,25,D,YP,NI,D
14:28:54,PTBA,RG,3970,13,D,YP,LG,D
14:28:51,PTBA,RG,3970,1,D,YP,LG,D
14:28:51,PTBA,RG,3960,25,D,GR,XL,D
14:28:51,PTBA,RG,3960,4229,D,GR,CC,D
14:28:51,PTBA,RG,3960,10,D,AI,CC,D
14:28:51,PTBA,RG,3960,1,D,SQ,CC,D
14:28:51,PTBA,RG,3960,1,D,AZ,CC,D
14:28:51,PTBA,RG,3960,1,D,YB,CC,D
14:28:51,PTBA,RG,3960,1,D,BQ,CC,D
14:28:51,PTBA,RG,3960,1,D,YP,CC,D
14:28:51,PTBA,RG,3960,1,D,XL,CC,D
14:28:51,PTBA,RG,3960,5,D,YP,CC,D
14:28:51,PTBA,RG,3960,400,D,YP,CC,D
14:28:51,PTBA,RG,3960,75,D,GR,CC,D
14:28:51,PTBA,RG,3960,26,D,YP,CC,D
14:28:51,PTBA,RG,3960,20,D,PD,CC,D
14:28:51,PTBA,RG,3960,107,D,CC,CC,D
14:28:51,PTBA,RG,3960,5,D,PD,CC,D
14:28:51,PTBA,RG,3960,2,D,XC,CC,D
14:28:51,PTBA,RG,3960,10,D,PD,CC,D
14:28:51,PTBA,RG,3960,31,D,NI,CC,D
14:28:51,PTBA,RG,3960,3,D,CC,CC,D
14:28:51,PTBA,RG,3960,14,D,YP,CC,D
14:28:51,PTBA,RG,3960,10,D,YP,CC,D
14:28:51,PTBA,RG,3960,500,D,KK,CC,D
14:28:51,PTBA,RG,3960,1,D,XL,CC,D
14:28:51,PTBA,RG,3960,200,D,YP,CC,D
14:28:51,PTBA,RG,3960,10,D,XL,CC,D
14:28:51,PTBA,RG,3960,13,D,NI,CC,D
14:28:51,PTBA,RG,3960,2,D,YP,CC,D
14:28:51,PTBA,RG,3960,1,D,YB,CC,D
14:28:51,PTBA,RG,3960,1,D,YP,CC,D
14:28:51,PTBA,RG,3960,1,D,YP,CC,D
14:28:51,PTBA,RG,3960,1,D,YP,CC,D
14:28:51,PTBA,RG,3960,20,D,YP,CC,D
14:28:51,PTBA,RG,3960,150,D,YP,CC,D
14:28:51,PTBA,RG,3960,50,D,CC,CC,D
14:28:51,PTBA,RG,3960,11,D,EP,CC,D
14:28:51,PTBA,RG,3960,14,F,AG,CC,D
14:28:51,PTBA,RG,3960,1,D,YP,CC,D
14:28:51,PTBA,RG,3960,71,D,PD,CC,D
14:28:50,PTBA,RG,3960,100,D,PD,PD,D
14:28:49,PTBA,RG,3970,6,D,GR,LG,D
14:28:49,PTBA,RG,3970,17,D,GR,XC,D
14:28:49,PTBA,RG,3970,5,D,GR,OD,D
14:28:49,PTBA,RG,3970,7,D,GR,BB,D
14:28:49,PTBA,RG,3960,5,D,PD,NI,D
14:28:48,PTBA,RG,3970,1,D,YP,BB,D
14:28:48,PTBA,RG,3960,24,D,PD,PD,D
14:28:48,PTBA,RG,3960,1,D,OD,PD,D
14:28:48,PTBA,RG,3960,7,F,CS,PD,D
14:28:47,PTBA,RG,3970,1,D,XL,BB,D
14:28:47,PTBA,RG,3970,3,D,YP,BB,D
14:28:46,PTBA,RG,3960,12,F,CS,YP,D
14:28:46,PTBA,RG,3960,3,D,PD,YP,D
14:28:45,PTBA,RG,3960,1,D,PD,CC,D
14:28:44,PTBA,RG,3960,1,D,PD,CC,D
14:28:44,PTBA,RG,3960,1,D,XL,CC,D
14:28:43,PTBA,RG,3960,12,D,XL,XC,D
14:28:43,PTBA,RG,3970,13,D,PD,BB,D
14:28:40,PTBA,RG,3960,1,D,XL,XC,D
14:28:39,PTBA,RG,3960,12,D,XL,YP,D
14:28:39,PTBA,RG,3960,33,D,XL,PD,D
14:28:39,PTBA,RG,3960,3,D,YP,PD,D
14:28:39,PTBA,RG,3960,3,D,XL,PD,D
14:28:39,PTBA,RG,3960,12,F,CS,PD,D
14:28:39,PTBA,RG,3960,12,D,YP,PD,D
14:28:39,PTBA,RG,3960,55,D,YP,XA,D
14:28:39,PTBA,RG,3960,3,D,XL,XA,D
14:28:39,PTBA,RG,3960,11,D,XL,PD,D
14:28:39,PTBA,RG,3960,2,D,XL,YP,D
14:28:39,PTBA,RG,3960,10,D,NI,YP,D
14:28:39,PTBA,RG,3960,15,D,YP,YP,D
14:28:39,PTBA,RG,3960,10,D,YP,XC,D
14:28:39,PTBA,RG,3960,16,D,YP,PD,D
14:28:39,PTBA,RG,3960,9,D,YP,YU,D
14:28:38,PTBA,RG,3960,36,D,XL,YU,D
14:28:38,PTBA,RG,3960,5,D,YP,YU,D
14:28:38,PTBA,RG,3960,5,D,YP,YU,D
14:28:38,PTBA,RG,3960,50,D,CC,YU,D
14:28:37,PTBA,RG,3960,63,D,YP,YU,D
14:28:37,PTBA,RG,3960,50,D,NI,YU,D
14:28:36,PTBA,RG,3960,50,D,YP,YU,D
14:28:36,PTBA,RG,3960,1,D,XC,YU,D
14:28:36,PTBA,RG,3960,1,D,YP,YU,D
14:28:36,PTBA,RG,3960,367,F,AG,YU,D
14:28:36,PTBA,RG,3960,100,D,PD,YU,D
14:28:35,PTBA,RG,3960,5,D,YP,YU,D
14:28:35,PTBA,RG,3960,12,D,PD,YU,D
14:28:35,PTBA,RG,3960,1,D,XC,YU,D
14:28:35,PTBA,RG,3960,2,F,AG,ZP,F
14:28:35,PTBA,RG,3960,5,F,AG,YP,D
14:28:35,PTBA,RG,3960,222,F,AG,LG,D
14:28:35,PTBA,RG,3960,69,F,AG,LG,D
14:28:35,PTBA,RG,3960,366,F,AG,LG,D
14:28:35,PTBA,RG,3960,79,F,AG,LG,D
14:28:35,PTBA,RG,3960,1,D,PD,LG,D
14:28:35,PTBA,RG,3960,200,D,HP,LG,D
14:28:35,PTBA,RG,3960,18,D,PD,LG,D
14:28:35,PTBA,RG,3960,2,D,PD,AG,F
14:28:34,PTBA,RG,3960,1,D,AZ,AG,F
14:28:34,PTBA,RG,3960,12,F,AG,AG,F
14:28:34,PTBA,RG,3960,5,F,AG,YP,D
14:28:34,PTBA,RG,3960,12,F,AG,AG,F
14:28:34,PTBA,RG,3960,10,D,NI,AG,F
14:28:34,PTBA,RG,3960,5,D,KK,AG,F
14:28:34,PTBA,RG,3960,1,D,XC,AG,F
14:28:33,PTBA,RG,3960,5,D,DH,AG,F
14:28:33,PTBA,RG,3960,9,D,KK,AG,F
14:28:33,PTBA,RG,3960,1,D,KK,ZP,F
14:28:33,PTBA,RG,3960,5,D,XC,ZP,F
14:28:33,PTBA,RG,3960,81,F,AG,YP,D
14:28:33,PTBA,RG,3960,10,D,PD,YP,D
14:28:32,PTBA,RG,3960,1,D,KK,YP,D
14:28:32,PTBA,RG,3960,1,D,KK,ZP,F
14:28:32,PTBA,RG,3960,1,D,KK,YP,D
14:28:32,PTBA,RG,3960,2,D,KK,YP,D
14:28:32,PTBA,RG,3960,2,D,NI,YP,D
14:28:32,PTBA,RG,3960,1,F,AG,YP,D
14:28:32,PTBA,RG,3960,31,F,AG,YP,D
14:28:31,PTBA,RG,3960,25,D,YP,YP,D
14:28:31,PTBA,RG,3960,522,F,AG,YP,D
14:28:31,PTBA,RG,3960,1,D,YP,YP,D
14:28:30,PTBA,RG,3960,300,D,YP,YP,D
14:28:30,PTBA,RG,3960,13,D,SQ,YP,D
14:28:30,PTBA,RG,3960,5,D,KK,YP,D
14:28:30,PTBA,RG,3960,5,D,YP,YP,D
14:28:30,PTBA,RG,3960,5,D,BQ,YP,D
14:28:30,PTBA,RG,3960,4,D,YP,YP,D
14:28:30,PTBA,RG,3960,20,D,PD,YP,D
14:28:30,PTBA,RG,3960,9,D,YP,YP,D
14:28:30,PTBA,RG,3960,71,F,AG,YP,D
14:28:30,PTBA,RG,3960,3,D,XL,YP,D
14:28:30,PTBA,RG,3960,4,F,CS,YP,D
14:28:30,PTBA,RG,3960,17,D,YP,YP,D
14:28:29,PTBA,RG,3960,1,D,YP,YB,D
14:28:29,PTBA,RG,3960,25,D,YP,MU,D
14:28:29,PTBA,RG,3960,12,D,YP,XC,D
14:28:28,PTBA,RG,3960,30,D,YP,YU,D
14:28:28,PTBA,RG,3960,4,D,YP,XC,D
14:28:28,PTBA,RG,3960,10,D,YP,DR,D
14:28:28,PTBA,RG,3960,1,D,YP,YP,D
14:28:28,PTBA,RG,3960,55,F,AG,YP,D
14:28:28,PTBA,RG,3960,4,F,AG,XC,D
14:28:28,PTBA,RG,3960,31,F,AG,CP,D
14:28:28,PTBA,RG,3960,1,D,YP,CP,D
14:28:27,PTBA,RG,3960,1,D,XC,CP,D
14:28:27,PTBA,RG,3960,75,D,YP,CP,D
14:28:27,PTBA,RG,3960,42,F,AG,CP,D
14:28:27,PTBA,RG,3960,178,F,AG,YP,D
14:28:27,PTBA,RG,3960,1,F,AG,PD,D
14:28:27,PTBA,RG,3960,32,F,AG,XL,D
14:28:27,PTBA,RG,3960,397,F,AG,YP,D
14:28:27,PTBA,RG,3960,100,F,AG,CC,D
14:28:27,PTBA,RG,3960,250,F,AG,CC,D
14:28:27,PTBA,RG,3960,5,F,AG,KK,D
14:28:27,PTBA,RG,3960,3,F,AG,BK,D
14:28:27,PTBA,RG,3960,1,D,XC,BK,D
14:28:26,PTBA,RG,3960,5,D,DH,BK,D
14:28:26,PTBA,RG,3960,114,F,AG,BK,D
14:28:26,PTBA,RG,3960,83,F,AG,PD,D
14:28:26,PTBA,RG,3960,74,F,AG,PD,D
14:28:26,PTBA,RG,3960,612,F,AG,PD,D
14:28:26,PTBA,RG,3960,44,F,AG,PD,D
14:28:26,PTBA,RG,3960,8,F,AG,PD,D
14:28:26,PTBA,RG,3960,74,F,AG,TP,D
14:28:26,PTBA,RG,3960,111,F,AG,PD,D
14:28:26,PTBA,RG,3960,662,F,AG,PD,D
14:28:26,PTBA,RG,3960,524,F,AG,PD,D
14:28:26,PTBA,RG,3960,160,F,AG,PD,D
14:28:26,PTBA,RG,3960,193,F,AG,PD,D
14:28:26,PTBA,RG,3960,72,F,AG,PD,D
14:28:26,PTBA,RG,3960,200,F,AG,CC,D
14:28:26,PTBA,RG,3960,3,F,AG,PD,D
14:28:26,PTBA,RG,3960,336,F,AG,PD,D
14:28:25,PTBA,RG,3960,122,F,AG,PD,D
14:28:25,PTBA,RG,3960,100,F,AG,HP,D
14:28:25,PTBA,RG,3960,1,F,AG,XL,D
14:28:25,PTBA,RG,3960,14,F,AG,AG,F
14:28:25,PTBA,RG,3960,300,F,AG,YP,D
14:28:25,PTBA,RG,3960,5,F,AG,NI,D
14:28:25,PTBA,RG,3960,28,F,AG,ZP,F
14:28:25,PTBA,RG,3960,25,F,AG,YP,D
14:28:25,PTBA,RG,3960,76,F,AG,BK,F
14:28:25,PTBA,RG,3960,3600,F,AG,MG,D
14:28:25,PTBA,RG,3960,497,F,AG,MG,D
14:28:25,PTBA,RG,3960,100,D,YP,MG,D
14:28:24,PTBA,RG,3960,500,D,YP,MG,D
14:28:24,PTBA,RG,3960,303,F,AG,MG,D
14:28:24,PTBA,RG,3960,38,F,AG,LG,D
14:28:24,PTBA,RG,3960,341,F,AG,LG,D
14:28:24,PTBA,RG,3960,25,D,PD,LG,D
14:28:24,PTBA,RG,3960,5,D,YP,LG,D
14:28:24,PTBA,RG,3960,1,D,XC,LG,D
14:28:24,PTBA,RG,3960,9,F,BK,LG,D
14:28:24,PTBA,RG,3960,138,D,KK,LG,D
14:28:24,PTBA,RG,3960,171,D,KK,LG,D
14:28:24,PTBA,RG,3960,691,D,KK,LG,D
14:28:24,PTBA,RG,3960,5,D,PD,LG,D
14:28:24,PTBA,RG,3960,5,D,CC,LG,D
14:28:24,PTBA,RG,3960,5,D,SQ,LG,D
14:28:24,PTBA,RG,3960,5,D,CC,LG,D
14:28:24,PTBA,RG,3960,20,D,PD,LG,D
14:28:24,PTBA,RG,3960,10,D,XC,LG,D
14:28:24,PTBA,RG,3960,2,D,YP,LG,D
14:28:24,PTBA,RG,3960,1,D,NI,LG,D
14:28:24,PTBA,RG,3960,1,D,XC,LG,D
14:28:24,PTBA,RG,3960,1,D,XL,LG,D
14:28:24,PTBA,RG,3960,100,D,YP,LG,D
14:28:24,PTBA,RG,3960,15,D,YP,LG,D
14:28:24,PTBA,RG,3960,55,D,AI,LG,D
14:28:24,PTBA,RG,3960,12,D,AI,PD,D
14:28:24,PTBA,RG,3960,33,D,AI,LG,D
14:28:24,PTBA,RG,3960,20,D,XL,LG,D
14:28:24,PTBA,RG,3960,15,D,NI,LG,D
14:28:24,PTBA,RG,3960,2,D,XC,LG,D
14:28:24,PTBA,RG,3960,1,D,YP,LG,D
14:28:24,PTBA,RG,3960,8,D,PD,LG,D
14:28:24,PTBA,RG,3960,2,D,XC,LG,D
14:28:24,PTBA,RG,3960,1,D,NI,LG,D
14:28:24,PTBA,RG,3960,10,D,YP,LG,D
14:28:24,PTBA,RG,3960,5,D,OD,LG,D
14:28:24,PTBA,RG,3960,1,D,CC,LG,D
14:28:24,PTBA,RG,3960,10,D,YP,LG,D
14:28:24,PTBA,RG,3960,10,D,XC,LG,D
14:28:24,PTBA,RG,3960,1,D,KK,LG,D
14:28:24,PTBA,RG,3960,17,F,AG,LG,D
14:28:24,PTBA,RG,3960,47,F,CS,LG,D
14:28:24,PTBA,RG,3960,4,D,XC,LG,D
14:28:24,PTBA,RG,3960,22,D,XC,LG,D
14:28:24,PTBA,RG,3960,1,D,EP,LG,D
14:28:24,PTBA,RG,3960,200,D,YU,LG,D
14:28:24,PTBA,RG,3960,6,D,NI,LG,D
14:28:24,PTBA,RG,3960,20,D,XL,LG,D
14:28:24,PTBA,RG,3960,1,D,XC,LG,D
14:28:24,PTBA,RG,3960,30,D,XC,LG,D
14:28:24,PTBA,RG,3960,10,D,PD,LG,D
14:28:24,PTBA,RG,3960,1,D,PD,LG,D
14:28:24,PTBA,RG,3960,1,D,XL,LG,D
14:28:24,PTBA,RG,3960,1,D,PD,LG,D
14:28:24,PTBA,RG,3960,100,D,YP,LG,D
14:28:24,PTBA,RG,3960,13,D,CC,LG,D
14:28:24,PTBA,RG,3960,1,D,LG,LG,D
14:28:24,PTBA,RG,3960,152,D,YP,LG,D
14:28:24,PTBA,RG,3960,7,D,YP,YP,D
14:28:24,PTBA,RG,3960,10,D,YP,YP,D
14:28:24,PTBA,RG,3960,33,D,DR,YP,D
14:28:23,PTBA,RG,3970,2,D,PD,BB,D
14:28:23,PTBA,RG,3960,7,D,DR,AZ,D
14:28:23,PTBA,RG,3960,3,D,XL,AZ,D
14:28:23,PTBA,RG,3960,10,D,OD,AZ,D
14:28:23,PTBA,RG,3960,3,D,KK,AZ,D
14:28:23,PTBA,RG,3960,25,D,YP,AZ,D
14:28:23,PTBA,RG,3960,5,D,XL,AZ,D
14:28:23,PTBA,RG,3960,1,F,CS,AZ,D
14:28:23,PTBA,RG,3960,20,D,GR,AZ,D
14:28:23,PTBA,RG,3960,20,D,DH,AZ,D
14:28:23,PTBA,RG,3960,1000,D,CC,AZ,D
14:28:23,PTBA,RG,3960,10,D,NI,AZ,D
14:28:23,PTBA,RG,3960,92,D,XL,AZ,D
14:28:23,PTBA,RG,3960,1,D,NI,AZ,D
14:28:23,PTBA,RG,3960,10,D,OD,AZ,D
14:28:23,PTBA,RG,3960,2,D,NI,AZ,D
14:28:23,PTBA,RG,3960,2,D,KK,AZ,D
14:28:23,PTBA,RG,3960,5,D,NI,AZ,D
14:28:23,PTBA,RG,3960,1,D,PD,AZ,D
14:28:23,PTBA,RG,3960,4,D,DX,AZ,D
14:28:23,PTBA,RG,3960,1,D,YB,AZ,D
14:28:23,PTBA,RG,3960,300,D,OD,AZ,D
14:28:23,PTBA,RG,3960,5,D,XC,AZ,D
14:28:23,PTBA,RG,3960,3,D,XL,AZ,D
14:28:23,PTBA,RG,3960,25,D,SQ,AZ,D
14:28:23,PTBA,RG,3960,10,D,YP,AZ,D
14:28:23,PTBA,RG,3960,1,D,YU,AZ,D
14:28:23,PTBA,RG,3960,1,D,LG,AZ,D
14:28:23,PTBA,RG,3960,10,D,SQ,AZ,D
14:28:23,PTBA,RG,3960,5,D,SQ,AZ,D
14:28:23,PTBA,RG,3960,7,D,YP,AZ,D
14:28:23,PTBA,RG,3960,200,D,LG,AZ,D
14:28:23,PTBA,RG,3960,4,D,XL,AZ,D
14:28:23,PTBA,RG,3960,1,D,BQ,AZ,D
14:28:23,PTBA,RG,3960,3,D,YP,AZ,D
14:28:23,PTBA,RG,3960,8,D,XL,AZ,D
14:28:23,PTBA,RG,3960,1,D,PC,AZ,D
14:28:23,PTBA,RG,3960,1,D,XC,AZ,D
14:28:23,PTBA,RG,3960,25,D,PD,AZ,D
14:28:23,PTBA,RG,3960,15,D,PD,AZ,D
14:28:23,PTBA,RG,3960,2,D,XC,AZ,D
14:28:23,PTBA,RG,3960,90,D,CC,AZ,D
14:28:23,PTBA,RG,3960,5,D,PD,AZ,D
14:28:23,PTBA,RG,3960,42,F,CS,AZ,D
14:28:23,PTBA,RG,3960,3,D,DH,AZ,D
14:28:23,PTBA,RG,3960,2,D,PD,AZ,D
14:28:23,PTBA,RG,3960,2,D,XC,AZ,D
14:28:23,PTBA,RG,3960,1,D,PD,AZ,D
14:28:23,PTBA,RG,3960,1,D,XC,AZ,D
14:28:23,PTBA,RG,3960,1,D,PD,AZ,D
14:28:23,PTBA,RG,3960,1,D,AZ,AZ,D
14:28:23,PTBA,RG,3960,1,D,PD,AZ,D
14:28:23,PTBA,RG,3960,2,D,NI,AZ,D
14:28:23,PTBA,RG,3960,6,D,CC,AZ,D
14:28:23,PTBA,RG,3960,1,D,XL,AZ,D
14:28:23,PTBA,RG,3960,2,D,YP,AZ,D
14:28:23,PTBA,RG,3960,1,D,PD,AZ,D
14:28:23,PTBA,RG,3960,8,D,XL,AZ,D
14:28:23,PTBA,RG,3960,3,D,PD,AZ,D
14:28:23,PTBA,RG,3960,1,D,XC,AZ,D
14:28:23,PTBA,RG,3960,5,D,CC,AZ,D
14:28:23,PTBA,RG,3960,1,D,IP,AZ,D
14:28:23,PTBA,RG,3960,200,D,KK,AZ,D
14:28:23,PTBA,RG,3960,39,D,DH,AZ,D
14:28:23,PTBA,RG,3960,5,D,XC,AZ,D
14:28:23,PTBA,RG,3960,1,D,SQ,AZ,D
14:28:23,PTBA,RG,3960,5,D,KK,AZ,D
14:28:23,PTBA,RG,3960,3,D,DH,AZ,D
14:28:23,PTBA,RG,3960,25,D,YP,AZ,D
14:28:23,PTBA,RG,3960,5,D,MG,AZ,D
14:28:23,PTBA,RG,3960,50,D,KK,AZ,D
14:28:23,PTBA,RG,3960,1,D,PD,AZ,D
14:28:23,PTBA,RG,3960,10,D,CC,AZ,D
14:28:23,PTBA,RG,3960,20,D,CC,AZ,D
14:28:23,PTBA,RG,3960,20,D,CC,AZ,D
14:28:23,PTBA,RG,3960,1,D,PD,AZ,D
14:28:23,PTBA,RG,3960,1,D,CC,AZ,D
14:28:23,PTBA,RG,3960,10,D,MG,AZ,D
14:28:23,PTBA,RG,3960,18,F,AG,AZ,D
14:28:23,PTBA,RG,3960,1,D,YP,AZ,D
14:28:23,PTBA,RG,3960,1,D,XL,AZ,D
14:28:23,PTBA,RG,3960,50,D,KK,AZ,D
