Time,Stock,Brd,Price,Qty,BT,BC,SC,ST
15:13:43,PTBA,RG,3890,2,D,KI,YP,D
15:12:29,PTBA,RG,3890,92,D,KI,PD,D
15:12:29,PTBA,RG,3890,2,D,YP,PD,D
15:12:29,PTBA,RG,3890,100,D,LG,PD,D
15:12:29,PTBA,RG,3890,2,D,XL,PD,D
15:12:29,PTBA,RG,3890,204,D,CP,PD,D
15:11:06,PTBA,RG,3890,2,D,CP,CC,D
15:10:57,PTBA,RG,3890,2,D,CP,NI,D
15:10:53,PTBA,RG,3890,1,D,CP,PD,D
15:09:58,PTBA,RG,3890,291,D,CP,CC,D
15:09:58,PTBA,RG,3890,10,D,XC,CC,D
15:09:58,PTBA,RG,3890,3,D,XL,CC,D
15:09:58,PTBA,RG,3890,25,D,YP,CC,D
15:08:05,PTBA,RG,3890,2,D,YP,XC,D
15:07:51,PTBA,RG,3890,2,D,YP,SQ,D
15:07:41,PTBA,RG,3890,21,D,YP,BQ,D
15:07:41,PTBA,RG,3890,5,D,CC,BQ,D
15:07:41,PTBA,RG,3890,1,D,OD,BQ,D
15:07:41,PTBA,RG,3890,10,D,YP,BQ,D
15:07:41,PTBA,RG,3890,20,D,XL,BQ,D
15:07:41,PTBA,RG,3890,28,D,NI,BQ,D
15:07:41,PTBA,RG,3890,164,D,BQ,BQ,D
15:07:11,PTBA,RG,3890,5,D,BQ,SQ,D
15:07:08,PTBA,RG,3890,9,D,BQ,OD,D
15:06:38,PTBA,RG,3890,2,D,BQ,SQ,D
15:06:25,PTBA,RG,3890,20,D,BQ,EP,D
15:05:38,PTBA,RG,3890,1,D,BQ,EP,D
15:05:36,PTBA,RG,3890,10,D,BQ,SQ,D
15:04:58,PTBA,RG,3890,1,D,BQ,XC,D
15:03:58,PTBA,RG,3890,1,D,BQ,YP,D
15:03:51,PTBA,RG,3890,2,D,BQ,DM,D
15:03:35,PTBA,RG,3890,5,D,BQ,YP,D
15:03:32,PTBA,RG,3890,11,D,BQ,BQ,D
15:03:27,PTBA,RG,3890,4,D,BQ,YP,D
15:03:25,PTBA,RG,3890,100,D,BQ,PD,D
15:02:19,PTBA,RG,3890,3,D,BQ,YP,D
15:02:04,PTBA,RG,3890,20,D,BQ,SQ,D
15:02:02,PTBA,RG,3890,2,D,BQ,YP,D
15:01:34,PTBA,RG,3890,5,D,BQ,YP,D
15:01:27,PTBA,RG,3890,2,D,BQ,XC,D
15:01:15,PTBA,RG,3890,40,D,BQ,YP,D
15:01:00,PTBA,RG,3890,2,D,BQ,XC,D
15:01:00,PTBA,RG,3890,5,D,BQ,SQ,D
15:01:00,PTBA,RG,3890,3,D,BQ,SQ,D
15:01:00,PTBA,RG,3890,1,D,BQ,XC,D
15:01:00,PTBA,RG,3890,82,D,BQ,YU,D
15:01:00,PTBA,RG,3890,3,D,XC,YU,D
15:01:00,PTBA,RG,3890,1,D,YP,YU,D
15:01:00,PTBA,RG,3890,10,D,XA,YU,D
15:01:00,PTBA,RG,3890,20,D,KK,YU,D
15:00:00,PTBA,RG,3890,10,D,KK,KK,D
15:00:00,PTBA,RG,3890,5,D,KK,DR,D
15:00:00,PTBA,RG,3890,50,D,KK,KK,D
15:00:00,PTBA,RG,3890,4,D,KK,AT,D
15:00:00,PTBA,RG,3890,911,D,KK,HP,D
15:00:00,PTBA,RG,3890,89,D,CC,HP,D
15:00:00,PTBA,RG,3890,5,D,CC,CC,D
15:00:00,PTBA,RG,3890,67,D,CC,YP,D
15:00:00,PTBA,RG,3890,18,D,CP,YP,D
15:00:00,PTBA,RG,3890,5,D,CP,XA,D
15:00:00,PTBA,RG,3890,2,D,CP,XA,D
15:00:00,PTBA,RG,3890,2,D,CP,NI,D
15:00:00,PTBA,RG,3890,54,D,CP,YP,D
15:00:00,PTBA,RG,3890,18,D,CP,YP,D
15:00:00,PTBA,RG,3890,901,D,CP,YP,D
15:00:00,PTBA,RG,3890,13,D,KK,YP,D
15:00:00,PTBA,RG,3890,12,D,KK,YB,D
15:00:00,PTBA,RG,3890,30,D,KK,YB,D
15:00:00,PTBA,RG,3890,11,D,KK,HP,D
15:00:00,PTBA,RG,3890,40,D,KK,CD,D
15:00:00,PTBA,RG,3890,59,D,KK,YP,D
15:00:00,PTBA,RG,3890,10,D,KK,EP,D
15:00:00,PTBA,RG,3890,25,D,KK,DR,D
15:00:00,PTBA,RG,3890,1,D,MG,DR,D
15:00:00,PTBA,RG,3890,4,D,PD,DR,D
15:00:00,PTBA,RG,3890,6,D,PD,NI,D
15:00:00,PTBA,RG,3890,10,D,YP,NI,D
15:00:00,PTBA,RG,3890,30,D,CC,NI,D
15:00:00,PTBA,RG,3890,40,D,GR,NI,D
15:00:00,PTBA,RG,3890,4,D,KI,NI,D
15:00:00,PTBA,RG,3890,100,D,KI,HP,D
15:00:00,PTBA,RG,3890,12,D,KI,PD,D
15:00:00,PTBA,RG,3890,100,D,KI,DR,D
15:00:00,PTBA,RG,3890,100,D,KI,PD,D
15:00:00,PTBA,RG,3890,32,D,KI,HD,D
15:00:00,PTBA,RG,3890,5,D,KI,HP,D
15:00:00,PTBA,RG,3890,25,D,KI,YP,D
15:00:00,PTBA,RG,3890,50,D,KI,MG,D
15:00:00,PTBA,RG,3890,2,D,KI,YP,D
15:00:00,PTBA,RG,3890,25,D,KI,GR,D
15:00:00,PTBA,RG,3890,30,D,KI,GR,D
15:00:00,PTBA,RG,3890,232,D,KI,DX,D
15:00:00,PTBA,RG,3890,25,D,KI,GR,D
15:00:00,PTBA,RG,3890,258,D,KI,BK,F
15:00:00,PTBA,RG,3890,1,D,YP,BK,F
15:00:00,PTBA,RG,3890,10,D,YP,BK,F
15:00:00,PTBA,RG,3890,6,D,XC,BK,F
15:00:00,PTBA,RG,3890,51,D,PD,BK,F
15:00:00,PTBA,RG,3890,5,D,GR,BK,F
15:00:00,PTBA,RG,3890,10,D,NI,BK,F
15:00:00,PTBA,RG,3890,70,D,YP,BK,F
15:00:00,PTBA,RG,3890,2,D,PD,BK,F
15:00:00,PTBA,RG,3890,1,D,YP,BK,F
15:00:00,PTBA,RG,3890,1,D,PD,BK,F
15:00:00,PTBA,RG,3890,2,D,PD,GR,D
15:00:00,PTBA,RG,3890,1,F,ZP,GR,D
15:00:00,PTBA,RG,3890,22,F,ZP,GR,D
15:00:00,PTBA,RG,3890,119,F,ZP,OD,D
15:00:00,PTBA,RG,3890,25,F,ZP,GR,D
15:00:00,PTBA,RG,3890,3,F,ZP,YU,D
15:00:00,PTBA,RG,3890,62,F,ZP,LG,D
15:00:00,PTBA,RG,3890,14,F,ZP,AK,F
15:00:00,PTBA,RG,3890,432,F,ZP,BB,F
15:00:00,PTBA,RG,3890,6,F,ZP,AK,F
15:00:00,PTBA,RG,3890,1152,F,ZP,CC,D
15:00:00,PTBA,RG,3890,11,D,KZ,CC,D
15:00:00,PTBA,RG,3890,6,F,BK,CC,D
14:49:58,PTBA,RG,3890,5,F,ZP,YP,D
14:49:55,PTBA,RG,3890,54,D,XC,YP,D
14:49:53,PTBA,RG,3890,12,F,ZP,YP,D
14:49:51,PTBA,RG,3890,15,F,ZP,YP,D
14:49:51,PTBA,RG,3890,1,F,ZP,AT,D
14:49:51,PTBA,RG,3890,2,F,ZP,YU,D
14:49:49,PTBA,RG,3880,1,D,YB,AK,F
14:49:48,PTBA,RG,3890,23,D,YP,YU,D
14:49:40,PTBA,RG,3890,1,F,ZP,YU,D
14:49:37,PTBA,RG,3890,71,F,ZP,YU,D
14:49:36,PTBA,RG,3890,6,D,XL,YU,D
14:49:35,PTBA,RG,3880,6,D,YB,RX,D
14:49:35,PTBA,RG,3880,42,D,YB,RX,D
14:49:34,PTBA,RG,3880,5,D,YB,RX,D
14:49:34,PTBA,RG,3880,19,D,YB,RX,D
14:49:24,PTBA,RG,3890,22,F,ZP,YU,D
14:49:23,PTBA,RG,3890,75,D,YP,YU,D
14:49:23,PTBA,RG,3890,76,D,YP,DR,D
14:49:23,PTBA,RG,3890,4,D,YP,RX,D
14:49:23,PTBA,RG,3890,1,D,YP,RX,D
14:49:23,PTBA,RG,3890,44,D,YP,BK,F
14:49:21,PTBA,RG,3880,1,D,YB,NI,D
14:49:20,PTBA,RG,3880,30,D,YB,CC,D
14:49:15,PTBA,RG,3880,3,D,YB,AK,F
14:49:14,PTBA,RG,3880,3,D,YB,BB,D
14:49:12,PTBA,RG,3890,2,D,EP,BK,F
14:49:12,PTBA,RG,3880,61,D,YB,BB,F
14:49:12,PTBA,RG,3880,1,D,NI,BB,F
14:49:12,PTBA,RG,3880,1,D,PD,BB,F
14:49:12,PTBA,RG,3880,197,D,BQ,BB,F
14:49:10,PTBA,RG,3880,1,D,BQ,BB,D
14:49:08,PTBA,RG,3890,1,D,BB,BK,F
14:49:07,PTBA,RG,3880,2,D,BQ,BB,F
14:49:07,PTBA,RG,3880,3,D,YP,BB,F
14:49:07,PTBA,RG,3880,6,D,CC,BB,F
14:49:06,PTBA,RG,3890,50,D,CC,BK,F
14:49:01,PTBA,RG,3880,17,D,CC,BB,F
14:49:00,PTBA,RG,3890,5,F,AK,BK,F
14:49:00,PTBA,RG,3890,17,F,AK,BK,F
14:49:00,PTBA,RG,3890,14,F,AK,BB,F
14:49:00,PTBA,RG,3890,23,F,AK,RX,D
14:49:00,PTBA,RG,3880,2,D,CC,AK,F
14:48:59,PTBA,RG,3880,8,D,CC,RX,D
14:48:56,PTBA,RG,3880,17,D,CC,RX,D
14:48:56,PTBA,RG,3880,5,D,SQ,RX,D
14:48:55,PTBA,RG,3880,1,D,SQ,PD,D
14:48:54,PTBA,RG,3880,5,D,SQ,RX,D
14:48:53,PTBA,RG,3880,12,D,SQ,BB,F
14:48:53,PTBA,RG,3880,1,D,PD,BB,F
14:48:53,PTBA,RG,3880,1,D,CC,BB,F
14:48:53,PTBA,RG,3880,1,D,YP,BB,F
14:48:53,PTBA,RG,3880,48,D,BQ,BB,F
14:48:52,PTBA,RG,3880,1,D,BQ,RX,D
14:48:46,PTBA,RG,3880,24,D,BQ,BK,F
14:48:45,PTBA,RG,3880,1,D,BQ,AK,F
14:48:45,PTBA,RG,3880,5,D,BQ,PD,D
14:48:44,PTBA,RG,3880,143,D,BQ,EP,D
14:48:42,PTBA,RG,3890,10,D,CC,RX,D
14:48:38,PTBA,RG,3880,50,D,BQ,BB,F
14:48:36,PTBA,RG,3890,5,D,PD,RX,D
14:48:34,PTBA,RG,3880,1,D,BQ,AK,F
14:48:34,PTBA,RG,3890,1,D,EP,RX,D
14:48:31,PTBA,RG,3890,1,D,YP,RX,D
14:48:27,PTBA,RG,3880,27,D,BQ,BB,F
14:48:27,PTBA,RG,3880,12,D,NI,BB,F
14:48:23,PTBA,RG,3880,40,D,NI,RX,D
14:48:19,PTBA,RG,3880,32,D,NI,BB,F
14:48:10,PTBA,RG,3880,16,D,NI,BK,F
14:48:10,PTBA,RG,3880,5,D,SQ,BK,F
14:48:10,PTBA,RG,3890,3,D,XC,RX,D
14:48:10,PTBA,RG,3880,25,D,SQ,BB,F
14:48:10,PTBA,RG,3880,1,D,YP,BB,F
14:48:10,PTBA,RG,3900,50,D,XC,CC,D
14:48:09,PTBA,RG,3890,3,F,AK,BB,D
14:48:09,PTBA,RG,3890,4,F,AK,BB,F
14:48:09,PTBA,RG,3890,25,F,AK,NI,D
14:48:07,PTBA,RG,3880,1,D,YP,RX,D
14:48:07,PTBA,RG,3880,7,D,YP,RX,D
14:48:05,PTBA,RG,3890,1,F,AK,BK,F
14:48:05,PTBA,RG,3890,1,D,YP,BK,F
14:48:03,PTBA,RG,3880,2,D,YP,BB,D
14:48:02,PTBA,RG,3880,118,D,YP,BB,F
14:48:02,PTBA,RG,3880,3,D,PD,BB,F
14:48:02,PTBA,RG,3890,40,F,ZP,BB,F
14:48:02,PTBA,RG,3900,89,F,ZP,CC,D
14:48:02,PTBA,RG,3890,5,D,GR,BB,F
14:48:02,PTBA,RG,3890,23,D,YP,BB,F
14:48:02,PTBA,RG,3890,1,D,YP,BB,F
14:48:02,PTBA,RG,3890,1,D,XC,BB,F
14:48:02,PTBA,RG,3890,50,D,YP,BB,F
14:48:02,PTBA,RG,3890,1,D,NI,BB,F
14:48:02,PTBA,RG,3890,2,D,XL,BB,F
14:48:02,PTBA,RG,3890,2,D,XC,BB,F
14:48:02,PTBA,RG,3890,2,D,XC,BB,F
14:48:02,PTBA,RG,3890,2,D,PD,BB,F
14:48:02,PTBA,RG,3890,2,D,XL,BB,F
14:48:02,PTBA,RG,3890,50,D,BB,BB,F
14:48:02,PTBA,RG,3890,5,D,NI,BB,F
14:48:02,PTBA,RG,3890,25,D,AO,BB,F
14:48:02,PTBA,RG,3890,23,D,YP,BB,F
14:48:01,PTBA,RG,3900,32,D,BB,CC,D
14:48:00,PTBA,RG,3890,1,D,YP,CC,D
14:47:59,PTBA,RG,3890,23,D,YP,RX,D
14:47:57,PTBA,RG,3890,6,D,YP,RX,D
14:47:52,PTBA,RG,3900,3,D,XL,CC,D
14:47:47,PTBA,RG,3900,2,D,XL,CC,D
14:47:44,PTBA,RG,3890,47,D,YP,CC,D
14:47:44,PTBA,RG,3890,1,D,CC,CC,D
14:47:44,PTBA,RG,3890,1,D,OD,CC,D
14:47:44,PTBA,RG,3890,1,D,YP,CC,D
14:47:36,PTBA,RG,3890,1,D,OD,RX,D
14:47:36,PTBA,RG,3890,2,D,YP,RX,D
14:47:36,PTBA,RG,3890,1,D,CC,RX,D
14:47:36,PTBA,RG,3890,1,D,PD,RX,D
14:47:36,PTBA,RG,3890,10,D,NI,RX,D
14:47:36,PTBA,RG,3890,7,D,YP,RX,D
14:47:19,PTBA,RG,3890,2,D,YP,BB,D
14:47:18,PTBA,RG,3890,4,D,YP,YP,D
14:47:09,PTBA,RG,3890,26,D,YP,RX,D
14:47:07,PTBA,RG,3890,10,D,YP,YP,D
14:47:07,PTBA,RG,3890,1,D,YP,AT,D
14:47:02,PTBA,RG,3890,5,D,YP,RX,D
14:47:00,PTBA,RG,3890,1,D,YP,RX,D
14:47:00,PTBA,RG,3890,20,D,YP,RX,D
14:46:59,PTBA,RG,3890,5,D,YP,XL,D
14:46:58,PTBA,RG,3890,3,D,YP,RX,D
14:46:56,PTBA,RG,3890,7,D,YP,RX,D
14:46:43,PTBA,RG,3890,33,D,YP,EP,D
14:46:42,PTBA,RG,3890,20,D,YP,RX,D
14:46:41,PTBA,RG,3890,38,D,YP,YP,D
14:46:41,PTBA,RG,3890,25,D,CC,YP,D
14:46:41,PTBA,RG,3890,5,D,YP,YP,D
14:46:41,PTBA,RG,3890,25,D,AO,YP,D
14:46:41,PTBA,RG,3890,1,D,KK,YP,D
14:46:41,PTBA,RG,3890,5,D,XL,YP,D
14:46:41,PTBA,RG,3890,11,D,NI,YP,D
14:46:41,PTBA,RG,3890,190,D,BQ,YP,D
14:46:39,PTBA,RG,3890,5,D,BQ,RX,D
14:46:37,PTBA,RG,3890,5,D,BQ,YP,D
14:46:37,PTBA,RG,3890,2,D,CC,YP,D
14:46:37,PTBA,RG,3890,3,F,ZP,YP,D
14:46:29,PTBA,RG,3890,50,F,ZP,CC,D
14:46:29,PTBA,RG,3890,2,F,ZP,BB,D
14:46:22,PTBA,RG,3890,4,F,ZP,XC,D
14:46:17,PTBA,RG,3890,25,F,ZP,YP,D
14:46:17,PTBA,RG,3900,14,D,BB,CC,D
14:46:12,PTBA,RG,3890,8,F,ZP,RX,D
14:46:12,PTBA,RG,3890,17,D,NI,RX,D
14:46:07,PTBA,RG,3900,123,F,ZP,CC,D
14:46:07,PTBA,RG,3890,196,D,NI,BB,F
14:46:07,PTBA,RG,3890,1,D,YP,BB,F
14:46:07,PTBA,RG,3890,3,D,PD,BB,F
14:46:07,PTBA,RG,3890,3,D,SQ,BB,F
14:46:07,PTBA,RG,3890,24,D,BB,BB,F
14:46:07,PTBA,RG,3890,75,D,YP,BB,F
14:46:07,PTBA,RG,3890,63,D,SQ,BB,F
14:46:07,PTBA,RG,3890,7,D,SQ,RX,D
14:46:00,PTBA,RG,3890,6,D,SQ,RX,D
14:46:00,PTBA,RG,3890,22,D,SQ,RX,D
14:45:56,PTBA,RG,3890,33,D,SQ,EP,D
14:45:54,PTBA,RG,3890,5,D,SQ,YP,D
14:45:44,PTBA,RG,3890,26,D,SQ,RX,D
14:45:40,PTBA,RG,3890,2,D,SQ,BB,D
14:45:22,PTBA,RG,3900,11,F,BK,CC,D
14:45:13,PTBA,RG,3890,28,D,SQ,RX,D
14:45:08,PTBA,RG,3890,3,D,SQ,PD,D
14:45:06,PTBA,RG,3890,7,D,SQ,RX,D
14:45:02,PTBA,RG,3890,20,D,SQ,RX,D
14:45:00,PTBA,RG,3890,6,D,SQ,RX,D
14:44:54,PTBA,RG,3890,353,D,SQ,DX,D
14:44:53,PTBA,RG,3890,1,D,SQ,BB,D
14:44:46,PTBA,RG,3890,22,D,SQ,RX,D
14:44:38,PTBA,RG,3900,2,D,YP,CC,D
14:44:27,PTBA,RG,3890,22,D,SQ,RX,D
14:44:24,PTBA,RG,3890,338,D,SQ,DX,D
14:44:23,PTBA,RG,3890,23,D,SQ,RX,D
14:44:22,PTBA,RG,3890,6,D,SQ,RX,D
14:44:18,PTBA,RG,3890,7,D,SQ,RX,D
14:44:08,PTBA,RG,3890,36,D,SQ,RX,D
14:44:06,PTBA,RG,3890,25,D,SQ,GR,D
14:43:59,PTBA,RG,3900,5,D,PD,CC,D
14:43:59,PTBA,RG,3900,2,D,PD,BB,D
14:43:59,PTBA,RG,3900,30,D,PD,YP,D
14:43:57,PTBA,RG,3890,4,D,SQ,YP,D
14:43:45,PTBA,RG,3890,5,D,SQ,NI,D
14:43:45,PTBA,RG,3890,1,D,SQ,XC,D
14:43:41,PTBA,RG,3890,3,D,SQ,BB,D
14:43:25,PTBA,RG,3890,2,D,SQ,GR,D
14:43:25,PTBA,RG,3900,13,D,SQ,YP,D
14:43:24,PTBA,RG,3890,34,D,SQ,YB,D
14:43:08,PTBA,RG,3900,30,D,DH,YP,D
14:43:08,PTBA,RG,3890,6,D,SQ,YB,D
14:42:56,PTBA,RG,3900,2,D,PD,YP,D
14:42:56,PTBA,RG,3900,25,D,NI,YP,D
14:42:54,PTBA,RG,3900,4,D,NI,YP,D
14:42:51,PTBA,RG,3900,100,D,NI,YP,D
14:42:51,PTBA,RG,3900,84,D,NI,YU,D
14:42:51,PTBA,RG,3900,2,D,YP,YU,D
14:42:51,PTBA,RG,3900,2,F,BK,YU,D
14:42:51,PTBA,RG,3900,12,F,ZP,YU,D
14:42:46,PTBA,RG,3900,4,F,ZP,YP,D
14:42:33,PTBA,RG,3900,4,F,ZP,YP,D
14:42:18,PTBA,RG,3900,25,F,ZP,YP,D
14:42:13,PTBA,RG,3900,50,F,ZP,YP,D
14:42:12,PTBA,RG,3900,5,F,ZP,YP,D
14:42:10,PTBA,RG,3900,46,F,ZP,YP,D
14:42:10,PTBA,RG,3900,4,D,NI,YP,D
14:42:07,PTBA,RG,3910,26,F,ZP,DR,D
14:42:07,PTBA,RG,3910,30,F,ZP,CC,D
14:42:07,PTBA,RG,3910,2,F,ZP,XC,D
14:42:07,PTBA,RG,3910,8,F,ZP,YP,D
14:42:07,PTBA,RG,3910,1,F,ZP,PD,D
14:42:07,PTBA,RG,3910,5,F,ZP,YP,D
14:42:07,PTBA,RG,3910,4,F,ZP,YP,D
14:41:57,PTBA,RG,3900,3,F,AK,BB,D
14:41:57,PTBA,RG,3900,6,F,AK,YU,D
14:41:57,PTBA,RG,3900,64,D,BQ,YU,D
14:41:57,PTBA,RG,3900,5,D,BQ,AK,F
14:41:57,PTBA,RG,3900,1,D,BQ,YP,D
14:41:57,PTBA,RG,3900,2,D,BQ,CP,D
14:41:57,PTBA,RG,3900,500,D,BQ,DR,D
14:41:57,PTBA,RG,3900,6,D,BQ,NI,D
14:41:57,PTBA,RG,3900,11,D,BQ,YP,D
14:41:57,PTBA,RG,3900,100,D,BQ,PD,D
14:41:57,PTBA,RG,3900,1,D,BQ,YP,D
14:41:57,PTBA,RG,3900,5,D,BQ,OD,D
14:41:57,PTBA,RG,3900,25,D,BQ,YP,D
14:41:57,PTBA,RG,3900,1,D,BQ,XC,D
14:41:57,PTBA,RG,3900,5,D,BQ,AK,F
14:41:57,PTBA,RG,3900,1,D,BQ,NI,D
14:41:57,PTBA,RG,3900,2,D,BQ,NI,D
14:41:57,PTBA,RG,3900,6,D,BQ,DX,D
14:41:57,PTBA,RG,3900,107,D,BQ,NI,D
14:41:57,PTBA,RG,3900,10,D,BQ,AZ,D
14:41:57,PTBA,RG,3900,10,D,BQ,NI,D
14:41:57,PTBA,RG,3900,10,D,BQ,DX,D
14:41:57,PTBA,RG,3900,7,D,BQ,CC,D
14:41:57,PTBA,RG,3900,1,D,BQ,XC,D
14:41:57,PTBA,RG,3900,2,D,BQ,PD,D
14:41:57,PTBA,RG,3900,10,D,BQ,GR,D
14:41:57,PTBA,RG,3900,1,D,BQ,YP,D
14:41:57,PTBA,RG,3900,11,D,BQ,CC,D
14:41:57,PTBA,RG,3900,6,D,BQ,YP,D
14:41:57,PTBA,RG,3900,10,D,BQ,YP,D
14:41:57,PTBA,RG,3900,10,D,BQ,HP,D
14:41:57,PTBA,RG,3900,3,D,BQ,AK,F
14:41:57,PTBA,RG,3900,22,D,BQ,BK,F
14:41:57,PTBA,RG,3900,25,D,BQ,KK,D
14:41:57,PTBA,RG,3900,5,D,BQ,CC,D
14:41:57,PTBA,RG,3900,15,D,BQ,DX,D
14:41:36,PTBA,RG,3890,324,D,SQ,CC,D
14:41:36,PTBA,RG,3890,62,D,SQ,RX,D
14:41:36,PTBA,RG,3890,142,D,SQ,RX,D
14:41:36,PTBA,RG,3890,19,D,SQ,RX,D
14:41:36,PTBA,RG,3890,17,D,SQ,RX,D
14:41:36,PTBA,RG,3890,298,D,SQ,DX,D
14:41:36,PTBA,RG,3890,40,D,SQ,CC,D
14:41:36,PTBA,RG,3890,1,D,SQ,BB,D
14:41:36,PTBA,RG,3890,10,D,SQ,CC,D
14:41:36,PTBA,RG,3890,500,D,SQ,DR,D
14:41:36,PTBA,RG,3890,100,D,SQ,AZ,D
14:41:36,PTBA,RG,3890,267,D,SQ,BB,F
14:41:36,PTBA,RG,3890,1,D,SQ,YP,D
14:41:36,PTBA,RG,3890,720,D,SQ,DX,D
14:41:36,PTBA,RG,3890,1,D,SQ,XC,D
14:41:36,PTBA,RG,3890,6,D,SQ,AK,F
14:41:36,PTBA,RG,3890,3,D,SQ,AK,F
14:41:36,PTBA,RG,3890,3,D,SQ,AK,F
14:41:36,PTBA,RG,3890,80,D,SQ,AZ,D
14:41:36,PTBA,RG,3890,4,D,SQ,XL,D
14:41:36,PTBA,RG,3890,40,D,SQ,TF,D
14:41:36,PTBA,RG,3890,296,D,SQ,DX,D
14:41:36,PTBA,RG,3890,49,D,SQ,HD,D
14:41:36,PTBA,RG,3890,50,D,SQ,AZ,D
14:41:36,PTBA,RG,3890,5,D,SQ,AK,F
14:41:36,PTBA,RG,3890,1,D,SQ,XC,D
14:41:36,PTBA,RG,3890,148,D,SQ,BB,F
14:41:36,PTBA,RG,3890,335,D,SQ,DX,D
14:41:36,PTBA,RG,3890,250,D,SQ,CC,F
14:41:36,PTBA,RG,3890,112,D,SQ,CC,D
14:41:18,PTBA,RG,3890,77,F,ZP,CC,D
14:41:09,PTBA,RG,3880,2,D,XC,BB,D
14:40:50,PTBA,RG,3880,3,D,XC,AO,D
14:40:17,PTBA,RG,3880,2,D,XC,BB,D
14:40:16,PTBA,RG,3880,43,D,XC,YP,D
14:40:16,PTBA,RG,3880,73,D,BQ,YP,D
14:40:06,PTBA,RG,3880,1,D,BQ,XC,D
14:40:04,PTBA,RG,3880,1,D,BQ,YP,D
14:40:02,PTBA,RG,3880,6,D,BQ,YP,D
14:39:57,PTBA,RG,3880,119,D,BQ,BB,F
14:39:57,PTBA,RG,3880,130,D,YP,BB,F
14:39:57,PTBA,RG,3880,10,D,YJ,BB,F
14:39:57,PTBA,RG,3880,1,D,CC,BB,F
14:39:57,PTBA,RG,3880,7,D,BB,BB,F
14:39:57,PTBA,RG,3880,30,D,YP,BB,F
14:38:34,PTBA,RG,3880,1,D,YP,BB,D
14:38:34,PTBA,RG,3880,99,D,YP,CC,D
14:38:31,PTBA,RG,3880,2,D,KK,CC,D
14:38:30,PTBA,RG,3880,1,D,YP,CC,D
14:38:28,PTBA,RG,3880,5,D,AG,CC,D
14:38:28,PTBA,RG,3880,57,D,BB,CC,D
14:38:28,PTBA,RG,3880,321,D,NI,CC,D
14:38:24,PTBA,RG,3890,21,F,ZP,CC,D
14:38:21,PTBA,RG,3880,1,D,NI,BB,D
14:38:21,PTBA,RG,3880,11,D,NI,RX,D
14:38:21,PTBA,RG,3880,62,D,NI,RX,D
14:38:21,PTBA,RG,3880,37,D,NI,RX,D
14:38:21,PTBA,RG,3880,11,D,NI,RX,D
14:38:21,PTBA,RG,3880,5,D,NI,XC,D
14:38:21,PTBA,RG,3880,258,D,NI,NI,D
14:38:21,PTBA,RG,3880,111,D,NI,BB,F
14:38:21,PTBA,RG,3880,83,D,NI,RX,D
14:38:21,PTBA,RG,3880,12,D,NI,RX,D
14:38:21,PTBA,RG,3880,36,D,NI,RX,D
14:38:21,PTBA,RG,3880,10,D,NI,RX,D
14:38:21,PTBA,RG,3880,12,D,NI,AK,F
14:38:21,PTBA,RG,3880,30,D,NI,AZ,D
14:38:14,PTBA,RG,3880,1,D,XL,AZ,D
14:38:06,PTBA,RG,3880,17,D,DH,AZ,D
14:38:04,PTBA,RG,3880,5,D,BB,AZ,D
14:38:00,PTBA,RG,3880,1,D,YP,AZ,D
14:37:58,PTBA,RG,3880,56,D,BQ,AZ,D
14:37:58,PTBA,RG,3880,2,D,BQ,BB,D
14:37:58,PTBA,RG,3880,242,D,BQ,DR,D
14:37:57,PTBA,RG,3880,4,D,AZ,DR,D
14:37:57,PTBA,RG,3880,1,D,PD,DR,D
14:37:55,PTBA,RG,3870,1,D,XC,RX,D
14:37:55,PTBA,RG,3870,5,D,ZP,RX,D
14:37:55,PTBA,RG,3870,10,D,XL,RX,D
14:37:55,PTBA,RG,3870,7,D,PD,RX,D
14:37:49,PTBA,RG,3870,2,D,PD,BB,D
14:37:23,PTBA,RG,3880,2,D,CC,DR,D
14:37:21,PTBA,RG,3880,250,D,GR,DR,D
14:37:05,PTBA,RG,3880,10,D,XC,DR,D
14:37:03,PTBA,RG,3880,1,D,PD,DR,D
14:37:00,PTBA,RG,3880,4,D,XC,DR,D
14:37:00,PTBA,RG,3870,1,D,PD,BB,D
14:37:00,PTBA,RG,3870,1,D,GR,BB,D
14:36:53,PTBA,RG,3870,1,D,GR,PD,D
14:36:53,PTBA,RG,3870,1,D,YP,PD,D
14:36:53,PTBA,RG,3870,20,D,XL,PD,D
14:36:53,PTBA,RG,3870,3,D,YP,PD,D
14:36:45,PTBA,RG,3880,60,D,PD,DR,D
14:36:45,PTBA,RG,3880,3,D,PD,DR,D
14:36:45,PTBA,RG,3880,5,D,OD,DR,D
14:36:45,PTBA,RG,3880,10,D,PD,DR,D
14:36:45,PTBA,RG,3880,10,D,PD,DR,D
14:36:45,PTBA,RG,3880,10,D,PD,DR,D
14:36:45,PTBA,RG,3880,10,D,PD,DR,D
14:36:45,PTBA,RG,3880,20,D,YP,DR,D
14:36:45,PTBA,RG,3880,10,D,PD,DR,D
14:36:45,PTBA,RG,3880,25,D,BB,DR,D
14:36:45,PTBA,RG,3880,10,D,PD,DR,D
14:36:45,PTBA,RG,3880,10,D,PD,DR,D
14:36:45,PTBA,RG,3880,9,D,CC,DR,D
14:36:45,PTBA,RG,3880,10,D,PD,DR,D
14:36:45,PTBA,RG,3880,10,D,PD,DR,D
14:36:45,PTBA,RG,3880,343,D,BQ,DR,D
14:36:44,PTBA,RG,3880,157,D,BQ,BB,F
14:36:44,PTBA,RG,3880,10,D,PD,BB,F
14:36:44,PTBA,RG,3880,10,D,PD,BB,F
14:36:44,PTBA,RG,3880,10,D,PD,BB,F
14:36:44,PTBA,RG,3880,1,D,CC,BB,F
14:36:44,PTBA,RG,3880,7,D,XL,BB,F
14:36:44,PTBA,RG,3880,10,D,DH,BB,F
14:36:44,PTBA,RG,3880,2,D,DH,BB,F
14:36:44,PTBA,RG,3880,25,D,XC,BB,F
14:36:44,PTBA,RG,3880,2,D,DH,BB,F
14:36:44,PTBA,RG,3880,11,D,XC,BB,F
14:36:44,PTBA,RG,3880,10,D,XC,BB,F
14:36:44,PTBA,RG,3880,50,D,YJ,BB,F
14:36:44,PTBA,RG,3880,14,D,NI,BB,F
14:36:44,PTBA,RG,3880,2,D,YP,BB,F
14:36:44,PTBA,RG,3880,1,D,NI,BB,F
14:36:44,PTBA,RG,3880,19,D,PD,BB,F
14:36:30,PTBA,RG,3880,1,D,PD,YP,D
14:36:24,PTBA,RG,3880,10,D,PD,YP,D
14:36:09,PTBA,RG,3880,18,D,PD,CC,D
14:36:09,PTBA,RG,3880,10,D,XC,CC,D
14:35:58,PTBA,RG,3880,2,D,YU,XC,D
14:35:58,PTBA,RG,3880,5,D,PD,XC,D
14:35:39,PTBA,RG,3880,95,D,PD,LG,D
14:35:39,PTBA,RG,3880,105,D,YU,LG,D
14:35:29,PTBA,RG,3880,15,D,YU,XC,D
14:35:17,PTBA,RG,3880,5,D,YU,YP,D
14:34:31,PTBA,RG,3880,1,D,YU,XC,D
14:34:22,PTBA,RG,3880,27,D,YU,BB,F
14:34:22,PTBA,RG,3880,1,D,YU,BB,D
14:34:22,PTBA,RG,3880,35,D,YU,RX,D
14:34:22,PTBA,RG,3880,11,D,YU,RX,D
14:34:18,PTBA,RG,3880,33,D,XC,RX,D
14:34:18,PTBA,RG,3880,11,D,XC,RX,D
14:34:18,PTBA,RG,3880,31,D,XC,RX,D
14:34:18,PTBA,RG,3880,70,D,XC,RX,D
14:34:18,PTBA,RG,3880,9,D,XC,RX,D
14:34:18,PTBA,RG,3880,12,D,XC,RX,D
14:34:18,PTBA,RG,3880,23,D,XC,YU,D
14:34:16,PTBA,RG,3870,3,D,YP,SQ,D
14:34:16,PTBA,RG,3870,2,D,CC,SQ,D
14:34:13,PTBA,RG,3880,177,D,YP,YU,D
14:34:13,PTBA,RG,3880,1,D,YP,BB,D
14:34:13,PTBA,RG,3880,20,D,YP,PD,D
14:34:13,PTBA,RG,3880,13,D,YP,BB,F
14:34:13,PTBA,RG,3880,46,D,YP,KK,D
14:33:56,PTBA,RG,3880,3,D,PD,KK,D
14:33:54,PTBA,RG,3880,1,D,PD,KK,D
14:33:50,PTBA,RG,3880,25,D,YP,KK,D
14:33:50,PTBA,RG,3880,2,D,KK,KK,D
14:33:50,PTBA,RG,3880,7,D,KK,BB,D
14:33:43,PTBA,RG,3880,3,F,AK,BB,D
14:33:43,PTBA,RG,3880,5,F,AK,BB,F
14:33:43,PTBA,RG,3880,8,F,AK,BB,F
14:33:43,PTBA,RG,3880,79,F,AK,PD,D
14:33:41,PTBA,RG,3880,10,D,BB,PD,D
14:33:41,PTBA,RG,3880,2,D,EP,PD,D
14:33:41,PTBA,RG,3880,159,D,KK,PD,D
14:33:40,PTBA,RG,3880,500,D,KK,KK,D
14:33:37,PTBA,RG,3880,341,D,KK,BB,F
14:33:37,PTBA,RG,3880,25,D,XC,BB,F
14:33:37,PTBA,RG,3880,5,D,CC,BB,F
14:33:37,PTBA,RG,3880,10,D,XL,BB,F
14:33:37,PTBA,RG,3880,3,D,PD,BB,F
14:33:37,PTBA,RG,3880,5,D,BB,BB,F
14:33:37,PTBA,RG,3880,5,D,DH,BB,F
14:33:36,PTBA,RG,3880,9,D,DH,AK,F
14:33:35,PTBA,RG,3890,1,D,NI,CC,D
14:33:19,PTBA,RG,3880,1,D,DH,BB,D
14:33:19,PTBA,RG,3880,1,D,PD,BB,D
14:33:19,PTBA,RG,3880,5,D,YP,BB,D
14:33:19,PTBA,RG,3880,1,D,PD,YP,D
14:32:40,PTBA,RG,3880,4,D,PD,AZ,D
14:32:40,PTBA,RG,3880,5,D,BB,AZ,D
14:32:40,PTBA,RG,3880,22,D,AG,AZ,D
14:32:39,PTBA,RG,3880,1,D,AG,BB,D
14:32:39,PTBA,RG,3880,7,D,AG,CC,D
14:32:33,PTBA,RG,3880,20,D,KK,CC,D
14:32:33,PTBA,RG,3880,10,D,XL,CC,D
14:32:33,PTBA,RG,3880,10,D,DH,CC,D
14:32:33,PTBA,RG,3880,1,D,PD,CC,D
14:32:33,PTBA,RG,3880,7,D,XC,CC,D
14:32:33,PTBA,RG,3880,1,D,YP,CC,D
14:32:33,PTBA,RG,3880,1,D,YP,CC,D
14:32:33,PTBA,RG,3880,2,D,XC,CC,D
14:32:33,PTBA,RG,3880,5,D,XC,CC,D
14:32:33,PTBA,RG,3880,100,D,XC,CC,D
14:32:33,PTBA,RG,3880,100,D,AG,CC,D
14:32:33,PTBA,RG,3880,1,D,XC,CC,D
14:32:33,PTBA,RG,3880,10,D,NI,CC,D
14:32:33,PTBA,RG,3880,5,D,SQ,CC,D
14:32:33,PTBA,RG,3880,1,D,PD,CC,D
14:32:33,PTBA,RG,3880,45,D,XL,CC,D
14:32:33,PTBA,RG,3880,1,D,NI,CC,D
14:32:33,PTBA,RG,3880,1,D,NI,CC,D
14:32:33,PTBA,RG,3880,2,D,XC,CC,D
14:32:33,PTBA,RG,3880,10,D,PD,CC,D
14:32:33,PTBA,RG,3880,2,D,NI,CC,D
14:32:33,PTBA,RG,3880,2,D,KK,CC,D
14:32:33,PTBA,RG,3880,52,D,XL,CC,D
14:32:33,PTBA,RG,3880,20,D,EP,CC,D
14:32:33,PTBA,RG,3880,5,D,YP,CC,D
14:32:33,PTBA,RG,3880,2,D,YP,CC,D
14:32:33,PTBA,RG,3880,1,D,NI,CC,D
14:32:33,PTBA,RG,3880,2,D,YP,CC,D
14:32:33,PTBA,RG,3880,2,D,CC,CC,D
14:32:33,PTBA,RG,3880,1,D,XL,CC,D
14:32:33,PTBA,RG,3880,50,D,CC,CC,D
14:32:33,PTBA,RG,3880,5,D,PD,CC,D
14:32:33,PTBA,RG,3880,1,D,DH,CC,D
14:32:33,PTBA,RG,3880,15,F,ZP,CC,D
14:32:26,PTBA,RG,3880,41,F,ZP,CC,D
14:32:26,PTBA,RG,3880,1,D,YP,CC,D
14:32:26,PTBA,RG,3880,3,D,YP,CC,D
14:32:26,PTBA,RG,3880,1,D,LG,CC,D
14:32:26,PTBA,RG,3880,60,D,PD,CC,D
14:32:26,PTBA,RG,3880,1,D,PD,CC,D
14:32:26,PTBA,RG,3880,3,D,XC,CC,D
14:32:26,PTBA,RG,3880,5,D,YP,CC,D
14:32:26,PTBA,RG,3880,25,D,BB,CC,D
14:32:26,PTBA,RG,3880,310,D,AG,CC,D
14:32:09,PTBA,RG,3890,1,D,YP,CC,D
14:31:59,PTBA,RG,3890,39,D,BB,CC,D
14:31:57,PTBA,RG,3880,1,D,AG,PD,D
14:31:44,PTBA,RG,3880,150,D,AG,NI,D
14:31:43,PTBA,RG,3880,3,D,AG,XL,D
14:31:38,PTBA,RG,3890,1,D,YP,CC,D
14:31:05,PTBA,RG,3890,5,D,XL,CC,D
14:30:46,PTBA,RG,3880,5,D,AG,LG,D
14:30:36,PTBA,RG,3890,1,D,NI,CC,D
14:30:31,PTBA,RG,3880,154,D,AG,BB,F
14:29:54,PTBA,RG,3880,50,D,AG,NI,D
14:29:51,PTBA,RG,3880,50,D,AG,YP,D
14:29:44,PTBA,RG,3880,2,D,AG,PD,D
14:29:11,PTBA,RG,3880,50,D,AG,NI,D
14:28:59,PTBA,RG,3890,5,D,XC,CC,D
14:28:54,PTBA,RG,3890,2,D,XL,CC,D
14:28:52,PTBA,RG,3890,9,D,BB,CC,D
14:28:37,PTBA,RG,3880,25,D,AG,YU,D
14:28:35,PTBA,RG,3880,13,D,AG,BQ,D
14:28:33,PTBA,RG,3890,26,D,YP,CC,D
14:28:33,PTBA,RG,3890,19,D,YP,AZ,D
14:28:33,PTBA,RG,3880,3,D,AG,YP,D
14:28:19,PTBA,RG,3890,17,F,BK,AZ,D
14:28:19,PTBA,RG,3890,18,F,ZP,AZ,D
14:28:19,PTBA,RG,3890,88,D,SQ,AZ,D
14:28:15,PTBA,RG,3890,100,D,SQ,YP,D
14:28:10,PTBA,RG,3890,100,D,SQ,YP,D
14:28:00,PTBA,RG,3890,4,D,SQ,YP,D
14:27:46,PTBA,RG,3890,10,D,SQ,EP,D
14:27:37,PTBA,RG,3890,5,D,SQ,YP,D
14:27:37,PTBA,RG,3890,25,D,SQ,CC,D
14:27:37,PTBA,RG,3890,23,D,SQ,CC,D
14:27:37,PTBA,RG,3890,208,D,SQ,BK,F
14:27:37,PTBA,RG,3890,222,D,SQ,BB,F
14:27:37,PTBA,RG,3890,100,D,SQ,YP,D
14:27:37,PTBA,RG,3890,50,D,SQ,YP,D
14:27:37,PTBA,RG,3890,5,D,SQ,AK,F
14:27:37,PTBA,RG,3890,30,D,SQ,AZ,D
14:27:37,PTBA,RG,3890,6,D,SQ,BB,D
14:27:37,PTBA,RG,3890,7,D,SQ,BB,F
14:27:37,PTBA,RG,3890,83,D,SQ,RX,D
14:27:37,PTBA,RG,3890,27,D,SQ,RX,D
14:27:37,PTBA,RG,3890,199,D,SQ,RX,D
14:27:37,PTBA,RG,3890,26,D,SQ,RX,D
14:27:37,PTBA,RG,3890,182,D,SQ,DX,D
14:27:29,PTBA,RG,3880,184,D,AG,BB,F
14:27:29,PTBA,RG,3880,1,D,XC,BB,F
14:27:29,PTBA,RG,3880,1,D,PD,BB,F
14:27:29,PTBA,RG,3880,3,D,CC,BB,F
14:27:29,PTBA,RG,3880,4,D,XC,BB,F
14:27:29,PTBA,RG,3880,2,D,AZ,BB,F
14:27:29,PTBA,RG,3880,1,D,YP,BB,F
14:27:29,PTBA,RG,3880,1,D,XL,BB,F
14:27:29,PTBA,RG,3880,158,F,ZP,BB,F
14:27:29,PTBA,RG,3880,22,D,PD,BB,F
14:27:13,PTBA,RG,3880,28,D,PD,SQ,F
14:27:13,PTBA,RG,3880,2,D,PD,SQ,F
14:27:13,PTBA,RG,3880,3,D,XC,SQ,F
14:27:13,PTBA,RG,3880,115,D,YP,SQ,F
14:27:13,PTBA,RG,3880,3,D,XC,SQ,F
14:27:13,PTBA,RG,3880,49,D,XL,SQ,F
14:27:13,PTBA,RG,3880,5,D,PD,SQ,F
14:27:13,PTBA,RG,3880,528,D,YP,SQ,F
14:27:13,PTBA,RG,3880,11,D,BQ,SQ,F
14:27:13,PTBA,RG,3880,1,D,PD,SQ,F
14:27:13,PTBA,RG,3880,10,D,YP,SQ,F
14:27:13,PTBA,RG,3880,3,D,YP,SQ,F
14:27:13,PTBA,RG,3880,1,D,KK,SQ,F
14:27:13,PTBA,RG,3880,10,D,AI,SQ,F
14:27:13,PTBA,RG,3880,1,D,XL,SQ,F
14:27:13,PTBA,RG,3880,1,D,YP,SQ,F
14:27:13,PTBA,RG,3880,1,D,PD,SQ,F
14:27:13,PTBA,RG,3880,1,D,PD,SQ,F
14:27:13,PTBA,RG,3880,1,D,YP,SQ,F
14:27:13,PTBA,RG,3880,2,D,PD,SQ,F
14:27:13,PTBA,RG,3880,5,D,KK,SQ,F
14:27:13,PTBA,RG,3880,75,D,YP,SQ,F
14:27:13,PTBA,RG,3880,44,D,XC,SQ,F
14:27:10,PTBA,RG,3890,2,D,XC,DX,D
14:26:53,PTBA,RG,3880,33,D,XC,RX,D
14:26:50,PTBA,RG,3880,23,D,XC,YP,D
14:26:50,PTBA,RG,3880,77,D,DH,YP,D
14:26:50,PTBA,RG,3880,12,D,DH,RX,D
14:26:49,PTBA,RG,3890,130,D,YU,DX,D
14:26:49,PTBA,RG,3890,80,D,YU,AZ,D
14:26:49,PTBA,RG,3890,140,D,YU,OD,D
14:26:49,PTBA,RG,3890,5,D,PD,OD,D
14:26:49,PTBA,RG,3890,1,D,XL,OD,D
14:26:48,PTBA,RG,3880,42,D,DH,RX,D
14:26:46,PTBA,RG,3880,69,D,DH,YP,D
14:26:46,PTBA,RG,3880,20,D,AZ,YP,D
14:26:46,PTBA,RG,3880,11,D,PD,YP,D
14:26:45,PTBA,RG,3890,100,D,YP,OD,D
14:26:45,PTBA,RG,3880,89,D,PD,YP,D
14:26:45,PTBA,RG,3880,11,D,YP,YP,D
14:26:45,PTBA,RG,3880,13,D,YP,RX,D
14:26:43,PTBA,RG,3880,76,D,YP,RX,D
14:26:42,PTBA,RG,3880,100,D,YP,YP,D
14:26:42,PTBA,RG,3880,10,D,DX,YP,D
14:26:42,PTBA,RG,3880,6,D,YP,YP,D
14:26:42,PTBA,RG,3880,84,D,GR,YP,D
14:26:41,PTBA,RG,3880,16,D,GR,YP,D
14:26:41,PTBA,RG,3880,5,D,DH,YP,D
14:26:41,PTBA,RG,3880,5,D,PD,YP,D
14:26:41,PTBA,RG,3880,1,D,XC,YP,D
14:26:41,PTBA,RG,3880,3,D,DR,YP,D
14:26:41,PTBA,RG,3880,1,D,PD,YP,D
14:26:41,PTBA,RG,3880,1,D,NI,YP,D
14:26:41,PTBA,RG,3880,1,D,YP,YP,D
14:26:41,PTBA,RG,3880,10,D,CC,YP,D
14:26:41,PTBA,RG,3880,2,D,DR,YP,D
14:26:41,PTBA,RG,3880,1,D,XC,YP,D
14:26:41,PTBA,RG,3880,1,D,XC,YP,D
14:26:41,PTBA,RG,3880,1,D,XC,YP,D
14:26:41,PTBA,RG,3880,10,D,YP,YP,D
14:26:41,PTBA,RG,3880,10,D,YP,YP,D
14:26:41,PTBA,RG,3880,26,D,CC,YP,D
14:26:41,PTBA,RG,3880,1,D,NI,YP,D
14:26:41,PTBA,RG,3880,5,D,YP,YP,D
14:26:34,PTBA,RG,3880,5,D,YP,YP,D
14:26:34,PTBA,RG,3880,12,D,SQ,YP,D
14:26:19,PTBA,RG,3890,1,D,PD,OD,D
14:26:12,PTBA,RG,3890,1,D,XL,OD,D
14:26:12,PTBA,RG,3880,6,D,SQ,RX,D
14:26:05,PTBA,RG,3880,12,D,SQ,YP,D
14:26:05,PTBA,RG,3880,1,D,XL,YP,D
14:26:05,PTBA,RG,3880,1,D,YP,YP,D
14:26:05,PTBA,RG,3880,6,D,PD,YP,D
14:26:05,PTBA,RG,3880,4,D,PD,RX,D
14:26:05,PTBA,RG,3880,2,D,YP,RX,D
14:26:05,PTBA,RG,3880,5,D,GR,RX,D
14:26:05,PTBA,RG,3880,5,D,YP,RX,D
14:26:05,PTBA,RG,3880,9,D,DX,RX,D
14:26:01,PTBA,RG,3890,2,F,AK,OD,D
14:26:01,PTBA,RG,3890,24,F,AK,CC,D
14:26:01,PTBA,RG,3890,11,F,AK,BB,D
14:26:01,PTBA,RG,3890,7,F,AK,BB,F
14:26:01,PTBA,RG,3890,42,F,AK,CC,D
14:26:01,PTBA,RG,3890,1,D,XL,CC,D
14:25:54,PTBA,RG,3880,3,D,DX,PD,D
14:25:40,PTBA,RG,3890,1,D,XL,CC,D
14:25:38,PTBA,RG,3890,10,D,AI,CC,D
14:25:38,PTBA,RG,3890,16,D,BB,CC,D
14:25:35,PTBA,RG,3890,11,D,BB,RX,D
14:25:35,PTBA,RG,3890,10,D,CC,RX,D
14:25:35,PTBA,RG,3890,69,F,ZP,CC,D
14:25:35,PTBA,RG,3890,20,D,GR,CC,D
14:25:35,PTBA,RG,3890,1,D,YP,CC,D
14:25:35,PTBA,RG,3890,5,D,YP,CC,D
14:25:35,PTBA,RG,3890,2,D,XC,CC,D
14:25:35,PTBA,RG,3890,403,D,XL,CC,D
14:25:34,PTBA,RG,3890,2,D,XL,NI,D
14:25:30,PTBA,RG,3890,101,D,XL,CC,D
14:25:30,PTBA,RG,3890,199,D,YP,CC,D
14:25:23,PTBA,RG,3890,10,D,YP,YP,D
14:25:21,PTBA,RG,3890,7,D,YP,RX,D
14:25:21,PTBA,RG,3890,23,D,YP,RX,D
14:25:14,PTBA,RG,3890,10,D,YP,YP,D
14:25:02,PTBA,RG,3890,20,D,YP,CC,D
14:25:00,PTBA,RG,3900,1,D,XL,CC,D
14:24:59,PTBA,RG,3890,105,D,YP,DR,D
14:24:58,PTBA,RG,3890,281,D,YP,DX,D
14:24:58,PTBA,RG,3890,97,D,SQ,DX,D
14:24:54,PTBA,RG,3890,1,D,SQ,PD,D
14:24:33,PTBA,RG,3890,6,D,SQ,RX,D
14:24:31,PTBA,RG,3890,8,D,SQ,PD,D
14:24:28,PTBA,RG,3890,288,D,SQ,BB,F
14:24:28,PTBA,RG,3890,1,D,SQ,BB,F
14:24:28,PTBA,RG,3890,20,D,BB,BB,F
14:24:28,PTBA,RG,3890,3,D,YP,BB,F
14:24:28,PTBA,RG,3890,1,D,PD,BB,F
14:24:28,PTBA,RG,3890,1,D,DH,BB,F
14:24:28,PTBA,RG,3890,2,D,NI,BB,F
14:24:28,PTBA,RG,3890,69,F,ZP,BB,F
14:24:24,PTBA,RG,3890,20,F,ZP,PD,D
14:24:20,PTBA,RG,3890,21,F,ZP,RX,D
14:24:12,PTBA,RG,3890,9,F,ZP,BB,D
14:24:11,PTBA,RG,3890,23,F,ZP,OD,D
14:24:11,PTBA,RG,3890,6,D,DX,OD,D
14:24:11,PTBA,RG,3890,11,D,PD,OD,D
14:23:58,PTBA,RG,3890,20,D,PD,CC,D
14:23:45,PTBA,RG,3890,1,D,PD,NI,D
14:23:23,PTBA,RG,3900,1,D,PD,CC,D
14:23:19,PTBA,RG,3890,16,D,PD,RX,D
14:23:19,PTBA,RG,3890,4,D,KK,RX,D
14:23:04,PTBA,RG,3890,1,D,KK,XC,D
14:23:01,PTBA,RG,3890,5,D,KK,RX,D
14:23:01,PTBA,RG,3890,2,D,NI,RX,D
14:23:01,PTBA,RG,3890,15,D,PD,RX,D
14:22:52,PTBA,RG,3890,9,D,PD,CC,D
14:22:52,PTBA,RG,3890,11,D,BB,CC,D
14:22:44,PTBA,RG,3890,9,D,BB,HP,D
14:22:44,PTBA,RG,3890,4,D,XC,HP,D
14:22:40,PTBA,RG,3900,1,D,BB,CC,D
14:22:38,PTBA,RG,3890,1,D,XC,SQ,D
14:22:25,PTBA,RG,3890,5,D,XC,RX,D
14:22:25,PTBA,RG,3890,1,D,NI,RX,D
14:22:25,PTBA,RG,3890,1,D,KK,RX,D
14:22:08,PTBA,RG,3890,2,D,XL,XC,D
14:21:59,PTBA,RG,3890,5,D,XL,PD,D
14:21:54,PTBA,RG,3890,1,D,XL,NI,D
14:21:54,PTBA,RG,3890,5,F,ZP,NI,D
14:21:44,PTBA,RG,3890,23,F,ZP,CC,D
14:21:41,PTBA,RG,3890,20,F,ZP,RX,D
14:21:37,PTBA,RG,3890,3,F,ZP,SQ,D
14:21:26,PTBA,RG,3890,5,F,ZP,CC,D
14:21:25,PTBA,RG,3890,24,F,ZP,BB,F
14:21:25,PTBA,RG,3890,20,D,BB,BB,F
14:21:25,PTBA,RG,3890,10,D,NI,BB,F
14:21:25,PTBA,RG,3890,24,D,XC,BB,F
14:21:25,PTBA,RG,3890,2,D,XC,BB,F
14:21:25,PTBA,RG,3890,4,D,XC,BB,F
14:21:25,PTBA,RG,3890,1,D,XC,BB,F
14:21:25,PTBA,RG,3890,1,D,YP,BB,F
14:21:25,PTBA,RG,3890,1,D,NI,BB,F
14:21:25,PTBA,RG,3890,5,D,DX,BB,F
14:21:25,PTBA,RG,3890,10,D,YP,BB,F
14:21:25,PTBA,RG,3890,1,D,PD,BB,F
14:21:25,PTBA,RG,3890,1,D,NI,BB,F
14:21:25,PTBA,RG,3890,282,D,YP,BB,F
14:21:24,PTBA,RG,3890,6,D,YP,RX,D
14:21:18,PTBA,RG,3890,10,D,YP,XL,D
14:20:51,PTBA,RG,3890,2,D,YP,PD,D
14:20:49,PTBA,RG,3890,9,D,YP,BB,D
14:20:36,PTBA,RG,3890,22,D,YP,CC,D
14:20:30,PTBA,RG,3890,27,D,YP,RX,D
14:20:27,PTBA,RG,3890,156,D,YP,CC,D
14:20:27,PTBA,RG,3890,24,D,BB,CC,D
14:20:27,PTBA,RG,3890,100,D,GR,CC,D
14:20:27,PTBA,RG,3890,1,D,YP,CC,D
14:20:27,PTBA,RG,3890,19,F,ZP,CC,D
14:20:27,PTBA,RG,3890,25,F,ZP,RX,D
14:20:25,PTBA,RG,3890,10,F,ZP,ZP,D
14:19:51,PTBA,RG,3900,2,D,YP,CC,D
14:19:40,PTBA,RG,3900,43,D,BB,CC,D
14:19:27,PTBA,RG,3890,2,F,ZP,XL,D
14:19:24,PTBA,RG,3890,22,F,ZP,CC,D
14:19:17,PTBA,RG,3900,1,D,XL,CC,D
14:19:15,PTBA,RG,3890,20,F,ZP,RX,D
14:18:57,PTBA,RG,3890,108,F,ZP,PD,D
14:18:57,PTBA,RG,3890,1,D,PD,PD,D
14:18:57,PTBA,RG,3890,11,D,YP,PD,D
14:18:22,PTBA,RG,3890,89,D,YP,BB,F
14:18:22,PTBA,RG,3890,5,D,XC,BB,F
14:18:22,PTBA,RG,3890,1,D,PD,BB,F
14:18:22,PTBA,RG,3890,4,D,BB,BB,F
14:18:22,PTBA,RG,3890,3,D,XL,BB,F
14:18:22,PTBA,RG,3890,278,D,YP,BB,F
14:18:21,PTBA,RG,3900,66,F,ZP,CC,D
14:18:21,PTBA,RG,3900,1,F,ZP,YP,D
14:18:16,PTBA,RG,3890,22,D,YP,CC,D
14:18:11,PTBA,RG,3900,1,D,KK,YP,D
14:18:02,PTBA,RG,3900,1,D,PD,YP,D
14:18:01,PTBA,RG,3890,25,D,YP,SQ,D
14:17:40,PTBA,RG,3900,1,D,XL,YP,D
14:17:29,PTBA,RG,3900,6,D,KK,YP,D
14:17:29,PTBA,RG,3900,60,D,KK,AZ,D
14:17:29,PTBA,RG,3900,8,D,KK,BB,F
14:17:29,PTBA,RG,3900,1,D,KK,AZ,D
14:17:25,PTBA,RG,3890,4,D,YP,BB,D
14:17:06,PTBA,RG,3900,1,D,CC,AZ,D
14:17:04,PTBA,RG,3890,24,D,YP,CC,D
14:16:48,PTBA,RG,3890,10,D,YP,YP,D
14:16:41,PTBA,RG,3900,6,D,NI,AZ,D
14:16:15,PTBA,RG,3900,1,D,XC,AZ,D
14:15:59,PTBA,RG,3900,20,D,YP,AZ,D
14:15:57,PTBA,RG,3890,3,D,YP,PD,D
14:15:55,PTBA,RG,3900,21,D,BB,AZ,D
14:15:54,PTBA,RG,3890,21,D,YP,CC,D
14:15:54,PTBA,RG,3890,20,D,YP,BQ,D
14:15:18,PTBA,RG,3890,107,D,YP,BB,F
14:15:18,PTBA,RG,3890,2,D,YP,BB,F
14:15:18,PTBA,RG,3890,1,D,XC,BB,F
14:15:18,PTBA,RG,3890,1,D,KK,BB,F
14:15:18,PTBA,RG,3890,1,D,NI,BB,F
14:15:18,PTBA,RG,3890,10,D,YP,BB,F
14:15:18,PTBA,RG,3890,4,D,BB,BB,F
14:15:18,PTBA,RG,3890,6,D,YP,BB,F
14:15:18,PTBA,RG,3890,2,D,DR,BB,F
14:15:18,PTBA,RG,3890,17,F,ZP,BB,F
14:15:18,PTBA,RG,3890,110,D,EP,BB,F
14:14:59,PTBA,RG,3890,10,D,EP,YP,D
14:14:46,PTBA,RG,3890,22,D,EP,CC,D
14:14:32,PTBA,RG,3890,6,D,EP,PD,D
14:13:46,PTBA,RG,3890,5,D,EP,XC,D
14:13:39,PTBA,RG,3890,10,D,EP,YP,D
14:13:01,PTBA,RG,3890,5,D,EP,BB,F
14:13:01,PTBA,RG,3890,23,D,EP,CC,D
14:13:01,PTBA,RG,3890,3,D,EP,CC,D
14:13:01,PTBA,RG,3890,6,D,EP,BB,D
14:12:57,PTBA,RG,3890,1,D,YU,BB,D
14:12:57,PTBA,RG,3890,20,D,YU,CC,D
14:12:57,PTBA,RG,3890,4,D,YU,BB,F
14:12:35,PTBA,RG,3890,19,D,DR,CC,D
14:12:35,PTBA,RG,3890,6,D,DR,CC,D
14:12:24,PTBA,RG,3890,9,F,AK,CC,D
14:12:23,PTBA,RG,3890,49,F,AK,CC,D
14:12:23,PTBA,RG,3890,16,F,AK,CC,D
14:12:23,PTBA,RG,3890,2,F,AK,BB,D
14:12:23,PTBA,RG,3890,1,F,AK,XC,D
14:12:23,PTBA,RG,3890,4,F,AK,AK,F
14:12:23,PTBA,RG,3890,26,F,AK,CC,D
14:12:23,PTBA,RG,3890,99,D,BQ,CC,D
14:12:23,PTBA,RG,3890,40,D,BQ,RX,D
14:12:23,PTBA,RG,3890,6,D,BQ,RX,D
14:12:23,PTBA,RG,3890,40,D,BQ,YP,D
14:12:23,PTBA,RG,3890,116,D,BQ,BB,F
14:12:23,PTBA,RG,3890,5,D,BQ,RX,D
14:12:23,PTBA,RG,3890,21,D,BQ,BK,F
14:12:23,PTBA,RG,3890,36,D,BQ,RX,D
14:12:23,PTBA,RG,3890,9,D,BQ,RX,D
14:12:23,PTBA,RG,3890,31,D,BQ,RX,D
14:12:23,PTBA,RG,3890,8,D,BQ,RX,D
14:12:23,PTBA,RG,3890,78,D,BQ,XC,D
14:12:23,PTBA,RG,3890,11,D,BQ,XL,D
14:12:19,PTBA,RG,3890,5,D,DH,XL,D
14:12:15,PTBA,RG,3880,6,D,PD,BB,F
14:12:15,PTBA,RG,3880,200,D,CC,BB,F
14:12:15,PTBA,RG,3880,104,F,ZP,BB,F
14:12:15,PTBA,RG,3880,1,D,NI,BB,F
14:12:15,PTBA,RG,3880,50,D,DR,BB,F
14:12:15,PTBA,RG,3880,12,D,BB,BB,F
14:12:15,PTBA,RG,3880,12,D,BQ,BB,F
14:12:14,PTBA,RG,3890,3,D,PD,XL,D
14:12:09,PTBA,RG,3880,8,D,BQ,CC,D
14:12:09,PTBA,RG,3880,7,D,BQ,RX,D
14:11:48,PTBA,RG,3880,20,D,BQ,RX,D
14:11:39,PTBA,RG,3880,1,D,BQ,SQ,D
14:11:28,PTBA,RG,3880,59,D,BQ,YP,D
14:11:20,PTBA,RG,3880,6,D,BQ,RX,D
14:11:18,PTBA,RG,3880,35,D,BQ,YP,D
14:11:14,PTBA,RG,3890,8,D,YP,XL,D
14:11:14,PTBA,RG,3880,15,D,BQ,SQ,D
14:11:01,PTBA,RG,3880,2,D,BQ,BB,D
14:10:53,PTBA,RG,3890,4,D,LG,AK,F
14:10:53,PTBA,RG,3890,1,D,LG,BB,D
14:10:53,PTBA,RG,3890,35,D,LG,RX,D
14:10:53,PTBA,RG,3890,120,D,LG,BQ,D
14:10:52,PTBA,RG,3890,1,D,PD,BQ,D
14:10:44,PTBA,RG,3890,8,D,DX,BQ,D
14:10:42,PTBA,RG,3890,2,D,XL,BQ,D
14:10:36,PTBA,RG,3880,22,D,BQ,RX,D
14:10:31,PTBA,RG,3890,1,D,YP,BQ,D
14:10:12,PTBA,RG,3890,1,D,PD,BQ,D
14:10:06,PTBA,RG,3880,13,D,BQ,YP,D
14:10:06,PTBA,RG,3880,1,D,NI,YP,D
14:10:06,PTBA,RG,3880,5,D,YP,YP,D
14:10:06,PTBA,RG,3880,6,D,YP,YP,D
14:09:58,PTBA,RG,3890,1,D,XC,BQ,D
14:09:46,PTBA,RG,3880,14,D,YP,DR,D
14:09:46,PTBA,RG,3880,25,D,KK,DR,D
14:09:46,PTBA,RG,3880,1,D,YP,DR,D
14:09:46,PTBA,RG,3880,10,D,BB,DR,D
14:09:28,PTBA,RG,3880,2,D,BB,YP,D
14:09:17,PTBA,RG,3880,8,F,ZP,SQ,D
14:09:17,PTBA,RG,3880,1,D,PD,SQ,D
14:09:17,PTBA,RG,3880,250,D,SQ,SQ,D
14:09:17,PTBA,RG,3880,5,D,PD,SQ,D
14:09:17,PTBA,RG,3880,5,D,DH,SQ,D
14:09:17,PTBA,RG,3880,1,D,PD,SQ,D
14:09:17,PTBA,RG,3880,1,D,XC,SQ,D
14:09:17,PTBA,RG,3880,1,D,YP,SQ,D
14:09:17,PTBA,RG,3880,2,D,NI,SQ,D
14:09:17,PTBA,RG,3880,10,D,XL,SQ,D
14:09:17,PTBA,RG,3880,1,D,EP,SQ,D
14:09:17,PTBA,RG,3880,25,D,CC,SQ,D
14:09:17,PTBA,RG,3880,5,D,PD,SQ,D
14:09:17,PTBA,RG,3880,15,D,CP,SQ,D
14:09:17,PTBA,RG,3880,1,D,XC,SQ,D
14:09:17,PTBA,RG,3880,23,F,BK,SQ,D
14:09:17,PTBA,RG,3880,5,D,SQ,SQ,D
14:09:17,PTBA,RG,3880,5,D,GR,SQ,D
14:09:17,PTBA,RG,3880,20,D,GR,SQ,D
14:09:17,PTBA,RG,3880,1,D,YP,SQ,D
14:09:17,PTBA,RG,3880,1,D,CC,SQ,D
14:09:17,PTBA,RG,3880,30,D,SQ,SQ,D
14:09:17,PTBA,RG,3880,2,D,PD,SQ,D
14:09:17,PTBA,RG,3880,1,D,PD,SQ,D
14:09:17,PTBA,RG,3880,181,D,BQ,SQ,D
14:09:16,PTBA,RG,3880,1,D,BQ,XL,D
14:09:13,PTBA,RG,3880,18,D,BQ,BB,F
14:09:13,PTBA,RG,3880,10,D,KK,BB,F
14:09:13,PTBA,RG,3880,4,D,SQ,BB,F
14:09:13,PTBA,RG,3880,1,D,XC,BB,F
14:09:13,PTBA,RG,3880,100,D,CC,BB,F
14:09:13,PTBA,RG,3880,5,D,SQ,BB,F
14:09:13,PTBA,RG,3880,1,D,NI,BB,F
14:09:13,PTBA,RG,3880,1,D,NI,BB,F
14:09:13,PTBA,RG,3880,2,D,XC,BB,F
14:09:13,PTBA,RG,3880,1,D,XC,BB,F
14:09:13,PTBA,RG,3880,10,D,XL,BB,F
14:09:13,PTBA,RG,3880,1,D,PD,BB,F
14:09:13,PTBA,RG,3880,58,F,ZP,BB,F
14:09:13,PTBA,RG,3880,1,D,YP,BB,F
14:09:13,PTBA,RG,3880,10,D,YB,BB,F
14:09:13,PTBA,RG,3880,5,D,DX,BB,F
14:09:13,PTBA,RG,3880,1,D,YP,BB,F
14:09:13,PTBA,RG,3880,1,D,XL,BB,F
14:09:13,PTBA,RG,3880,4,D,YP,BB,F
14:09:13,PTBA,RG,3880,1,D,XC,BB,F
14:09:13,PTBA,RG,3880,2,D,XL,BB,F
14:09:13,PTBA,RG,3880,1,D,NI,BB,F
14:09:13,PTBA,RG,3880,5,D,CC,BB,F
14:09:13,PTBA,RG,3880,1,D,PD,BB,F
14:09:13,PTBA,RG,3880,1,D,EP,BB,F
14:09:13,PTBA,RG,3880,10,D,PD,BB,F
14:09:13,PTBA,RG,3880,32,D,BB,BB,F
14:09:13,PTBA,RG,3880,20,D,XC,BB,F
14:09:13,PTBA,RG,3880,1,D,PD,BB,F
14:09:13,PTBA,RG,3880,1,D,OD,BB,F
14:09:13,PTBA,RG,3880,1,D,XC,BB,F
14:09:13,PTBA,RG,3880,2,D,YP,BB,F
14:09:13,PTBA,RG,3880,2,D,PD,BB,F
14:09:13,PTBA,RG,3880,1,D,XC,BB,F
14:09:13,PTBA,RG,3880,1,D,SQ,BB,F
14:09:13,PTBA,RG,3880,75,D,IT,BB,F
14:08:43,PTBA,RG,3890,16,D,PD,BQ,D
14:08:43,PTBA,RG,3890,2,D,PD,HP,D
14:08:40,PTBA,RG,3890,1,D,BB,HP,D
14:08:40,PTBA,RG,3890,39,D,BB,BQ,D
14:08:14,PTBA,RG,3890,5,D,SS,BQ,D
14:08:00,PTBA,RG,3890,50,D,EP,BQ,D
14:07:47,PTBA,RG,3880,15,D,IT,KK,D
14:07:25,PTBA,RG,3880,10,D,IT,PD,D
14:07:25,PTBA,RG,3880,19,D,CC,PD,D
14:07:16,PTBA,RG,3890,4,D,NI,BQ,D
14:07:10,PTBA,RG,3880,6,D,CC,OD,D
14:07:10,PTBA,RG,3880,5,D,NI,OD,D
14:07:10,PTBA,RG,3880,34,D,PD,OD,D
14:07:07,PTBA,RG,3880,1,D,PD,AT,D
14:06:49,PTBA,RG,3890,5,D,YP,BQ,D
14:06:29,PTBA,RG,3890,25,D,EP,BQ,D
14:06:20,PTBA,RG,3890,44,D,XC,BQ,D
14:06:10,PTBA,RG,3890,5,D,CC,BQ,D
14:06:07,PTBA,RG,3880,15,D,PD,BB,F
14:06:07,PTBA,RG,3880,2,D,PD,BB,F
14:06:07,PTBA,RG,3880,4,D,PD,BB,F
14:06:07,PTBA,RG,3880,1,D,XC,BB,F
14:06:07,PTBA,RG,3880,5,D,NI,BB,F
14:06:07,PTBA,RG,3880,20,D,PD,BB,F
14:06:07,PTBA,RG,3880,10,D,YP,BB,F
14:06:07,PTBA,RG,3880,3,D,XL,BB,F
14:06:07,PTBA,RG,3880,2,D,YP,BB,F
14:06:07,PTBA,RG,3880,5,D,PD,BB,F
14:06:07,PTBA,RG,3880,5,D,PD,BB,F
14:06:07,PTBA,RG,3880,5,D,EP,BB,F
14:06:07,PTBA,RG,3880,1,D,XC,BB,F
14:06:07,PTBA,RG,3880,1,D,XC,BB,F
14:06:07,PTBA,RG,3880,3,D,PD,BB,F
14:06:07,PTBA,RG,3880,100,D,DH,BB,F
14:06:07,PTBA,RG,3880,1,D,XC,BB,F
14:06:07,PTBA,RG,3880,1,D,PD,BB,F
14:06:07,PTBA,RG,3880,5,D,GR,BB,F
14:06:07,PTBA,RG,3880,10,D,YP,BB,F
14:06:07,PTBA,RG,3880,1,D,XC,BB,F
14:06:07,PTBA,RG,3880,5,D,YP,BB,F
14:06:07,PTBA,RG,3880,1,D,PD,BB,F
14:06:07,PTBA,RG,3880,5,D,XL,BB,F
14:06:07,PTBA,RG,3880,1,D,XC,BB,F
14:06:07,PTBA,RG,3880,64,D,CC,BB,F
14:06:05,PTBA,RG,3890,23,D,PD,BQ,D
14:06:04,PTBA,RG,3890,1,D,DR,YB,D
14:06:00,PTBA,RG,3890,9,D,EP,YB,D
14:05:59,PTBA,RG,3890,1,D,EP,HP,D
14:05:58,PTBA,RG,3890,3,D,EP,BB,D
14:05:58,PTBA,RG,3890,17,D,EP,CC,D
14:05:57,PTBA,RG,3890,1,D,YP,CC,D
14:05:57,PTBA,RG,3890,1,D,YP,BB,D
14:05:57,PTBA,RG,3890,3,D,YP,DR,D
14:05:55,PTBA,RG,3890,1,D,PD,PD,D
14:05:50,PTBA,RG,3890,1,D,XC,BB,D
14:05:46,PTBA,RG,3890,1,D,XL,BB,D
14:05:46,PTBA,RG,3890,8,D,XL,DR,D
14:05:46,PTBA,RG,3890,1,D,XL,BB,F
14:05:38,PTBA,RG,3890,1,D,XC,BB,F
14:05:37,PTBA,RG,3880,36,D,CC,ZP,F
14:05:37,PTBA,RG,3880,5,D,PD,ZP,F
14:05:37,PTBA,RG,3880,50,D,YU,ZP,F
14:05:37,PTBA,RG,3880,1,D,KK,ZP,F
14:05:37,PTBA,RG,3880,5,D,NI,ZP,F
14:05:37,PTBA,RG,3880,100,D,PD,ZP,F
14:05:37,PTBA,RG,3880,1,D,PD,ZP,F
14:05:37,PTBA,RG,3880,2,D,KK,ZP,F
14:05:28,PTBA,RG,3890,7,D,BB,BB,F
14:05:11,PTBA,RG,3910,8,D,PD,BB,F
14:05:11,PTBA,RG,3910,5,D,PD,YB,D
14:05:11,PTBA,RG,3910,150,D,PD,YP,D
14:05:11,PTBA,RG,3910,12,D,PD,PD,D
14:05:11,PTBA,RG,3910,3,D,PD,AK,F
14:05:11,PTBA,RG,3910,41,D,PD,BK,F
14:05:11,PTBA,RG,3910,2,D,PD,AK,F
14:05:11,PTBA,RG,3900,14,D,PD,SQ,D
14:05:11,PTBA,RG,3900,22,D,PD,BK,F
14:05:11,PTBA,RG,3900,20,D,PD,DX,D
14:05:11,PTBA,RG,3900,1,D,PD,YP,D
14:05:11,PTBA,RG,3900,88,D,PD,DR,D
14:05:11,PTBA,RG,3900,5,D,PD,AK,F
14:05:11,PTBA,RG,3900,3,D,PD,AK,F
14:05:11,PTBA,RG,3900,3,D,PD,AK,F
14:05:11,PTBA,RG,3900,60,D,PD,AZ,D
14:05:11,PTBA,RG,3900,210,D,PD,BK,F
14:05:11,PTBA,RG,3900,400,D,PD,DH,D
14:05:11,PTBA,RG,3900,4,D,PD,AK,F
14:05:11,PTBA,RG,3900,52,D,PD,BB,F
14:05:11,PTBA,RG,3900,261,D,PD,CC,D
14:05:11,PTBA,RG,3890,5,D,PD,AK,F
14:05:11,PTBA,RG,3890,22,D,PD,CC,D
14:05:11,PTBA,RG,3890,322,D,PD,YP,D
14:05:11,PTBA,RG,3890,2,D,PD,XC,D
14:05:11,PTBA,RG,3890,4,D,PD,BB,D
14:05:11,PTBA,RG,3890,28,D,PD,RX,D
14:05:11,PTBA,RG,3890,7,D,PD,RX,D
14:05:11,PTBA,RG,3890,46,D,PD,RX,D
14:05:11,PTBA,RG,3890,4,D,PD,AK,F
14:05:11,PTBA,RG,3890,22,D,PD,BK,F
14:05:11,PTBA,RG,3890,190,D,PD,BK,F
14:05:11,PTBA,RG,3890,204,D,PD,BQ,D
14:04:46,PTBA,RG,3890,50,D,EP,BQ,D
14:04:39,PTBA,RG,3890,5,D,CC,BQ,D
14:04:16,PTBA,RG,3890,41,D,EP,BQ,D
14:04:16,PTBA,RG,3890,9,D,EP,CC,D
14:04:14,PTBA,RG,3890,1,D,YP,CC,D
14:04:03,PTBA,RG,3890,2,D,PD,CC,D
14:03:53,PTBA,RG,3890,10,D,PD,CC,D
14:03:48,PTBA,RG,3890,2,D,CC,CC,D
14:03:48,PTBA,RG,3890,98,D,CC,BQ,D
14:03:46,PTBA,RG,3890,50,D,EP,BQ,D
14:03:45,PTBA,RG,3890,2,D,BB,BQ,D
14:03:39,PTBA,RG,3890,28,D,BB,BQ,D
14:03:39,PTBA,RG,3890,122,D,YP,BQ,D
14:03:35,PTBA,RG,3890,4,D,YP,BB,D
14:03:35,PTBA,RG,3890,8,D,YP,RX,D
14:03:35,PTBA,RG,3890,100,D,YP,YP,D
14:03:35,PTBA,RG,3890,23,D,YP,BK,F
14:03:35,PTBA,RG,3890,19,D,YP,BB,F
14:03:35,PTBA,RG,3890,5,D,YP,YP,D
14:03:34,PTBA,RG,3890,1,D,PD,YP,D
14:03:28,PTBA,RG,3890,5,D,XL,YP,D
14:03:27,PTBA,RG,3890,14,D,DR,YP,D
14:03:27,PTBA,RG,3890,11,D,DR,CC,D
14:03:24,PTBA,RG,3890,10,F,ZP,CC,D
14:03:24,PTBA,RG,3890,21,F,ZP,CC,D
14:03:24,PTBA,RG,3890,9,F,ZP,RX,D
14:03:24,PTBA,RG,3890,34,F,ZP,RX,D
14:03:21,PTBA,RG,3890,12,D,DX,RX,D
14:03:20,PTBA,RG,3890,20,D,YP,RX,D
14:03:20,PTBA,RG,3890,5,D,YP,PD,D
14:03:20,PTBA,RG,3890,8,D,YP,RX,D
14:03:20,PTBA,RG,3890,1,D,YP,GR,D
14:03:20,PTBA,RG,3890,3,D,YP,BB,D
14:03:20,PTBA,RG,3890,21,D,YP,BK,F
14:03:20,PTBA,RG,3890,4,D,YP,AK,F
14:03:20,PTBA,RG,3890,20,D,YP,BB,F
14:03:20,PTBA,RG,3890,18,D,YP,RX,D
14:03:09,PTBA,RG,3880,1,D,KK,XL,D
14:03:05,PTBA,RG,3880,7,D,KK,BB,F
14:03:05,PTBA,RG,3880,1,D,XL,BB,F
14:03:05,PTBA,RG,3880,7,D,XL,BB,F
14:03:05,PTBA,RG,3880,2,D,XL,BB,F
14:03:05,PTBA,RG,3880,10,D,XL,BB,F
14:03:05,PTBA,RG,3880,10,D,XL,BB,F
14:03:05,PTBA,RG,3880,1,D,XL,BB,F
14:03:05,PTBA,RG,3880,30,D,YP,BB,F
14:03:05,PTBA,RG,3880,1,D,XL,BB,F
14:03:05,PTBA,RG,3880,1,D,YP,BB,F
14:03:05,PTBA,RG,3880,12,D,YP,BB,F
14:03:05,PTBA,RG,3880,12,D,YP,BB,F
14:03:05,PTBA,RG,3880,150,D,YP,BB,F
14:03:05,PTBA,RG,3880,5,D,YP,BB,F
14:03:05,PTBA,RG,3880,5,D,YP,BB,F
14:03:05,PTBA,RG,3880,5,D,YP,BB,F
14:03:05,PTBA,RG,3880,7,D,YP,BB,F
14:03:05,PTBA,RG,3880,1,D,XL,BB,F
14:03:05,PTBA,RG,3880,1,D,XC,BB,F
14:03:05,PTBA,RG,3880,2,D,XC,BB,F
14:03:05,PTBA,RG,3880,1,D,XC,BB,F
14:03:05,PTBA,RG,3880,1,D,XC,BB,F
14:03:05,PTBA,RG,3880,1,D,XC,BB,F
14:03:05,PTBA,RG,3880,24,D,XC,BB,F
14:03:05,PTBA,RG,3880,3,D,XC,BB,F
14:03:05,PTBA,RG,3880,1,D,CC,BB,F
14:03:05,PTBA,RG,3880,1,D,CC,BB,F
14:03:05,PTBA,RG,3880,10,D,CC,BB,F
14:03:05,PTBA,RG,3880,1,D,XC,BB,F
14:03:05,PTBA,RG,3880,1,D,XC,BB,F
14:03:05,PTBA,RG,3880,3,D,XC,BB,F
14:03:05,PTBA,RG,3880,4,D,XL,BB,F
14:03:05,PTBA,RG,3880,1,D,XC,BB,F
14:03:05,PTBA,RG,3880,10,D,XC,BB,F
14:03:05,PTBA,RG,3880,5,D,XC,BB,F
14:03:05,PTBA,RG,3880,16,D,OD,BB,F
14:03:05,PTBA,RG,3880,1,D,XC,BB,F
14:03:05,PTBA,RG,3880,7,D,OD,BB,F
14:03:00,PTBA,RG,3890,8,D,XL,RX,D
14:02:59,PTBA,RG,3890,10,D,NI,RX,D
14:02:58,PTBA,RG,3890,5,D,YB,RX,D
14:02:48,PTBA,RG,3890,1,D,SQ,RX,D
14:02:44,PTBA,RG,3890,15,D,YP,RX,D
14:02:44,PTBA,RG,3890,10,D,YP,RX,D
14:02:39,PTBA,RG,3890,10,D,DR,RX,D
14:02:33,PTBA,RG,3890,1,D,SQ,RX,D
14:02:28,PTBA,RG,3890,6,D,BB,RX,D
14:02:20,PTBA,RG,3880,3,D,OD,HP,D
14:02:20,PTBA,RG,3880,10,D,XC,HP,D
14:02:20,PTBA,RG,3880,1,D,OD,HP,D
14:02:20,PTBA,RG,3880,3,D,OD,HP,D
14:02:20,PTBA,RG,3880,1,D,XC,HP,D
14:02:20,PTBA,RG,3880,10,D,LG,HP,D
14:02:20,PTBA,RG,3880,1,D,LG,HP,D
14:02:14,PTBA,RG,3890,1,D,SQ,RX,D
14:01:41,PTBA,RG,3880,3,D,LG,CC,D
14:01:25,PTBA,RG,3880,9,D,LG,RX,D
14:01:25,PTBA,RG,3880,3,D,KK,RX,D
14:01:25,PTBA,RG,3880,5,D,KK,RX,D
14:01:25,PTBA,RG,3880,1,D,LG,RX,D
14:01:25,PTBA,RG,3880,3,D,KK,RX,D
14:01:20,PTBA,RG,3880,10,D,KK,XC,D
14:01:20,PTBA,RG,3880,2,D,KK,XC,D
14:01:02,PTBA,RG,3890,7,D,YP,RX,D
14:01:00,PTBA,RG,3890,5,D,XC,RX,D
14:00:51,PTBA,RG,3890,35,D,SQ,RX,D
14:00:47,PTBA,RG,3890,1,D,NI,RX,D
14:00:45,PTBA,RG,3890,1,D,XL,RX,D
14:00:45,PTBA,RG,3890,11,F,AK,RX,D
14:00:45,PTBA,RG,3890,32,F,AK,RX,D
14:00:45,PTBA,RG,3890,16,F,AK,RX,D
14:00:45,PTBA,RG,3890,11,F,AK,RX,D
14:00:45,PTBA,RG,3890,23,F,AK,CC,D
14:00:45,PTBA,RG,3890,23,F,AK,CC,D
14:00:45,PTBA,RG,3890,6,F,AK,YP,D
14:00:45,PTBA,RG,3890,1,D,YP,YP,D
14:00:31,PTBA,RG,3890,3,D,YP,YP,D
14:00:31,PTBA,RG,3890,61,D,YP,BK,F
14:00:24,PTBA,RG,3880,1,D,PD,YP,D
14:00:24,PTBA,RG,3890,7,D,EP,BK,F
14:00:24,PTBA,RG,3890,10,D,EP,BB,D
14:00:24,PTBA,RG,3890,20,D,EP,BB,F
14:00:24,PTBA,RG,3890,13,D,EP,BQ,D
14:00:23,PTBA,RG,3890,100,D,CC,BQ,D
14:00:08,PTBA,RG,3890,1,D,NI,BQ,D
14:00:05,PTBA,RG,3880,2,D,PD,BB,F
14:00:05,PTBA,RG,3880,1,D,PD,BB,F
14:00:05,PTBA,RG,3880,3,F,ZP,BB,F
14:00:05,PTBA,RG,3880,1,D,PD,BB,F
14:00:05,PTBA,RG,3880,20,D,PD,BB,F
14:00:05,PTBA,RG,3880,1,D,PD,BB,F
14:00:05,PTBA,RG,3880,1,D,YP,BB,F
14:00:05,PTBA,RG,3880,1,D,YP,BB,F
14:00:05,PTBA,RG,3880,1,D,YP,BB,F
14:00:05,PTBA,RG,3880,5,D,YP,BB,F
14:00:05,PTBA,RG,3880,1,D,PD,BB,F
14:00:05,PTBA,RG,3880,1,D,AZ,BB,F
14:00:05,PTBA,RG,3880,1,D,PD,BB,F
14:00:05,PTBA,RG,3880,2,D,YP,BB,F
14:00:05,PTBA,RG,3880,1,D,PD,BB,F
14:00:05,PTBA,RG,3880,1,D,PD,BB,F
14:00:05,PTBA,RG,3880,100,D,PD,BB,F
14:00:05,PTBA,RG,3880,1,D,PD,BB,F
14:00:05,PTBA,RG,3880,1,D,SQ,BB,F
14:00:05,PTBA,RG,3880,1,D,PD,BB,F
14:00:05,PTBA,RG,3880,2,D,DH,BB,F
14:00:05,PTBA,RG,3880,15,D,DH,BB,F
14:00:05,PTBA,RG,3880,5,D,DR,BB,F
14:00:05,PTBA,RG,3880,3,D,DR,BB,F
14:00:05,PTBA,RG,3880,220,D,ZP,BB,F
13:59:59,PTBA,RG,3890,7,D,BB,BQ,D
13:59:59,PTBA,RG,3890,2,D,PD,BQ,D
13:59:59,PTBA,RG,3890,27,F,ZP,BQ,D
13:59:51,PTBA,RG,3890,23,F,ZP,BK,F
13:59:50,PTBA,RG,3890,100,D,OD,BQ,D
13:59:50,PTBA,RG,3890,40,D,SQ,BQ,D
13:59:50,PTBA,RG,3890,10,D,XL,BQ,D
13:59:50,PTBA,RG,3890,1,D,PD,BQ,D
13:59:50,PTBA,RG,3890,1,D,YP,BQ,D
13:59:50,PTBA,RG,3890,13,D,PD,BQ,D
13:59:50,PTBA,RG,3890,1,D,XL,BQ,D
13:59:50,PTBA,RG,3890,2,D,XC,BQ,D
13:59:50,PTBA,RG,3890,29,D,BB,BQ,D
13:59:50,PTBA,RG,3890,2,D,YP,BQ,D
13:59:50,PTBA,RG,3890,1,D,XL,BQ,D
13:59:50,PTBA,RG,3890,3,D,KK,BQ,D
13:59:50,PTBA,RG,3890,4,D,PD,BQ,D
13:59:50,PTBA,RG,3890,20,D,XL,BQ,D
13:59:50,PTBA,RG,3890,5,D,DR,BQ,D
13:59:50,PTBA,RG,3890,3,D,XL,BQ,D
13:59:50,PTBA,RG,3890,2,D,SQ,BQ,D
13:59:50,PTBA,RG,3890,1,D,DH,BQ,D
13:59:50,PTBA,RG,3890,25,D,CC,BQ,D
13:59:50,PTBA,RG,3890,3,D,EP,BQ,D
13:59:50,PTBA,RG,3890,2,D,YP,BQ,D
13:59:50,PTBA,RG,3890,82,D,GR,BQ,D
13:59:49,PTBA,RG,3890,118,D,GR,BQ,D
13:59:49,PTBA,RG,3890,4,D,PD,BQ,D
13:59:49,PTBA,RG,3890,1,D,CC,BQ,D
13:59:49,PTBA,RG,3890,1,D,OD,BQ,D
13:59:49,PTBA,RG,3890,12,D,YB,BQ,D
13:59:49,PTBA,RG,3890,64,D,PD,BQ,D
13:59:49,PTBA,RG,3890,36,D,PD,BQ,D
13:59:49,PTBA,RG,3890,2,D,YP,BQ,D
13:59:49,PTBA,RG,3890,62,D,YP,BQ,D
13:59:49,PTBA,RG,3890,200,D,YP,BQ,D
13:59:49,PTBA,RG,3890,115,D,YP,BQ,D
13:59:49,PTBA,RG,3890,2,D,KK,BQ,D
13:59:49,PTBA,RG,3890,6,D,PD,BQ,D
13:59:49,PTBA,RG,3890,20,D,YP,BQ,D
13:59:49,PTBA,RG,3890,6,D,YP,BQ,D
13:59:49,PTBA,RG,3890,1,D,YP,BQ,D
13:59:49,PTBA,RG,3890,2,D,OD,BQ,D
13:59:49,PTBA,RG,3890,15,D,CC,BQ,D
13:59:49,PTBA,RG,3890,2,D,PD,BQ,D
13:59:49,PTBA,RG,3890,5,D,PD,BQ,D
13:59:49,PTBA,RG,3890,10,D,DX,BQ,D
13:59:49,PTBA,RG,3890,30,D,YP,BQ,D
13:59:49,PTBA,RG,3890,1,D,PD,BQ,D
13:59:49,PTBA,RG,3890,5,D,NI,BQ,D
13:59:49,PTBA,RG,3890,5,D,CC,BQ,D
13:59:49,PTBA,RG,3890,10,D,YP,BQ,D
13:59:49,PTBA,RG,3890,5,D,YP,BQ,D
13:59:49,PTBA,RG,3890,4,D,YP,BQ,D
13:59:49,PTBA,RG,3890,1,D,CC,BQ,D
13:59:49,PTBA,RG,3890,155,D,PD,BQ,D
13:59:48,PTBA,RG,3890,200,D,PD,BQ,D
13:59:42,PTBA,RG,3900,10,D,NI,CC,D
13:59:38,PTBA,RG,3890,6,D,PD,BB,D
13:59:34,PTBA,RG,3900,20,D,CC,CC,D
13:59:33,PTBA,RG,3900,5,D,XL,CC,D
13:59:28,PTBA,RG,3900,4,D,XC,CC,D
13:59:10,PTBA,RG,3900,1,D,BB,XC,D
13:59:09,PTBA,RG,3900,2,D,BB,LG,D
13:59:08,PTBA,RG,3900,3,D,BB,CC,D
13:59:08,PTBA,RG,3900,100,D,YP,CC,D
13:59:08,PTBA,RG,3900,1,D,EP,CC,D
13:59:08,PTBA,RG,3900,6,D,PD,CC,D
13:59:08,PTBA,RG,3900,1,D,CC,CC,D
13:59:08,PTBA,RG,3900,10,D,XL,CC,D
13:59:08,PTBA,RG,3900,1,D,XC,CC,D
13:59:08,PTBA,RG,3900,38,D,CC,CC,D
13:59:07,PTBA,RG,3910,1,D,CC,AK,F
13:59:07,PTBA,RG,3910,14,D,CC,DR,D
13:59:01,PTBA,RG,3900,62,D,CC,YU,D
13:59:01,PTBA,RG,3900,10,D,YP,YU,D
13:59:01,PTBA,RG,3900,66,F,ZP,YU,D
13:59:01,PTBA,RG,3900,3,D,YP,YU,D
13:59:01,PTBA,RG,3900,1,D,YP,YU,D
13:59:01,PTBA,RG,3900,1,D,PD,YU,D
13:59:01,PTBA,RG,3900,6,D,BB,YU,D
13:59:01,PTBA,RG,3900,10,D,PD,YU,D
13:59:01,PTBA,RG,3900,50,D,YJ,YU,D
13:59:01,PTBA,RG,3900,25,D,CC,YU,D
13:59:01,PTBA,RG,3900,50,D,DR,YU,D
13:59:01,PTBA,RG,3900,25,D,SQ,YU,D
13:59:01,PTBA,RG,3900,10,D,CC,YU,D
13:59:01,PTBA,RG,3900,120,F,ZP,YU,D
13:59:01,PTBA,RG,3900,61,D,KK,YU,D
13:58:58,PTBA,RG,3900,25,D,KK,CC,D
13:58:40,PTBA,RG,3910,4,D,PD,DR,D
13:58:38,PTBA,RG,3900,25,D,KK,KK,D
13:58:37,PTBA,RG,3900,13,D,KK,EP,D
13:57:48,PTBA,RG,3900,23,D,KK,CC,D
13:57:47,PTBA,RG,3900,3,D,KK,XC,D
13:57:24,PTBA,RG,3900,7,D,KK,YP,D
13:57:04,PTBA,RG,3900,4,D,KK,BB,D
13:57:00,PTBA,RG,3900,391,D,KK,BB,F
13:56:38,PTBA,RG,3900,23,D,KK,CC,D
13:56:20,PTBA,RG,3910,1,D,XC,DR,D
13:55:45,PTBA,RG,3910,4,D,XL,DR,D
13:55:44,PTBA,RG,3900,2,D,KK,XC,D
13:55:28,PTBA,RG,3900,50,D,KK,HP,D
13:55:27,PTBA,RG,3900,10,D,KK,YP,D
13:55:26,PTBA,RG,3900,7,D,KK,OD,D
13:55:15,PTBA,RG,3900,1,D,KK,EP,D
13:54:37,PTBA,RG,3900,50,D,KK,YP,D
13:54:37,PTBA,RG,3900,22,D,KK,CC,D
13:54:37,PTBA,RG,3900,40,D,KK,YP,D
13:54:37,PTBA,RG,3900,6,D,KK,AK,F
13:54:37,PTBA,RG,3900,17,D,KK,RX,D
13:54:37,PTBA,RG,3900,19,D,KK,RX,D
13:54:37,PTBA,RG,3900,118,D,KK,RX,D
13:54:37,PTBA,RG,3900,61,D,KK,RX,D
13:54:37,PTBA,RG,3900,5,D,KK,PD,D
13:54:37,PTBA,RG,3900,7,D,KK,BB,D
13:54:37,PTBA,RG,3900,10,D,KK,BK,F
13:54:24,PTBA,RG,3900,1,D,PD,BK,F
13:54:22,PTBA,RG,3900,3,D,XL,BK,F
13:54:22,PTBA,RG,3890,22,D,PD,CC,D
13:54:16,PTBA,RG,3890,50,D,PD,YP,D
13:54:11,PTBA,RG,3890,20,D,PD,RX,D
13:54:06,PTBA,RG,3900,3,F,AK,BK,F
13:54:06,PTBA,RG,3900,43,F,AK,BK,F
13:54:05,PTBA,RG,3900,34,F,AK,AZ,D
13:54:05,PTBA,RG,3900,19,D,BB,AZ,D
13:54:05,PTBA,RG,3900,10,D,PD,AZ,D
13:54:05,PTBA,RG,3900,2,D,XC,AZ,D
13:54:05,PTBA,RG,3900,10,D,CP,AZ,D
13:54:05,PTBA,RG,3900,2,D,YP,AZ,D
13:54:05,PTBA,RG,3900,3,D,PD,AZ,D
13:54:00,PTBA,RG,3900,17,D,PD,DR,D
13:54:00,PTBA,RG,3900,1,D,PD,DR,D
13:54:00,PTBA,RG,3900,32,D,SQ,DR,D
13:53:57,PTBA,RG,3900,10,D,SQ,YP,D
13:53:57,PTBA,RG,3900,8,D,SQ,NI,D
13:53:57,PTBA,RG,3900,5,D,YP,NI,D
13:53:57,PTBA,RG,3900,1,D,PD,NI,D
13:53:57,PTBA,RG,3900,50,D,SQ,NI,D
13:53:57,PTBA,RG,3900,10,D,YP,NI,D
13:53:57,PTBA,RG,3900,1,D,XL,NI,D
13:53:57,PTBA,RG,3900,105,D,PD,NI,D
13:53:57,PTBA,RG,3900,59,D,BB,NI,D
13:53:57,PTBA,RG,3900,12,D,YP,NI,D
13:53:57,PTBA,RG,3900,1,D,GR,NI,D
13:53:54,PTBA,RG,3900,4,D,GR,BB,F
13:53:54,PTBA,RG,3900,3,D,PD,BB,F
13:53:54,PTBA,RG,3900,15,D,YP,BB,F
13:53:54,PTBA,RG,3900,2,D,XC,BB,F
13:53:54,PTBA,RG,3900,3,D,YP,BB,F
13:53:54,PTBA,RG,3900,50,D,SQ,BB,F
13:53:54,PTBA,RG,3900,1,D,XC,BB,F
13:53:54,PTBA,RG,3900,2,D,NI,BB,F
13:53:54,PTBA,RG,3900,8,F,ZP,BB,F
13:53:54,PTBA,RG,3900,7,D,PD,BB,F
13:53:54,PTBA,RG,3900,5,D,CC,BB,F
13:53:54,PTBA,RG,3900,116,D,NI,BB,F
13:53:54,PTBA,RG,3900,1,D,YP,BB,F
13:53:54,PTBA,RG,3900,122,F,ZP,BB,F
13:53:54,PTBA,RG,3900,43,D,YP,BB,F
13:53:51,PTBA,RG,3900,5,D,YP,YP,D
13:53:48,PTBA,RG,3900,21,D,YP,BK,F
13:53:36,PTBA,RG,3910,1,D,XL,DR,D
13:53:21,PTBA,RG,3900,30,D,YP,SQ,D
13:53:21,PTBA,RG,3900,22,D,YP,RX,D
13:53:18,PTBA,RG,3900,7,D,YP,RX,D
13:53:14,PTBA,RG,3900,18,D,YP,CC,D
13:53:07,PTBA,RG,3900,6,D,YP,RX,D
13:52:58,PTBA,RG,3900,20,D,YP,EP,D
13:52:47,PTBA,RG,3900,50,D,YP,AZ,D
13:52:46,PTBA,RG,3900,20,D,YP,RX,D
13:52:35,PTBA,RG,3900,3,D,YP,PD,D
13:52:30,PTBA,RG,3900,11,D,YP,PD,D
13:52:26,PTBA,RG,3900,21,D,YP,RX,D
13:52:24,PTBA,RG,3900,5,D,YP,YP,D
13:52:23,PTBA,RG,3900,4,D,YP,BB,D
13:52:08,PTBA,RG,3900,23,D,YP,CC,D
13:52:00,PTBA,RG,3900,92,D,YP,XC,D
13:51:54,PTBA,RG,3910,1,D,XL,DR,D
13:51:46,PTBA,RG,3900,7,D,YP,XC,D
13:51:34,PTBA,RG,3900,22,D,YP,RX,D
13:51:34,PTBA,RG,3900,5,D,YP,XC,D
13:51:13,PTBA,RG,3900,39,D,YP,EP,D
13:51:10,PTBA,RG,3900,10,D,YP,YP,D
13:51:08,PTBA,RG,3900,6,D,YP,RX,D
13:51:00,PTBA,RG,3900,20,D,YP,CC,D
13:50:56,PTBA,RG,3900,20,D,YP,RX,D
13:50:55,PTBA,RG,3900,7,D,YP,RX,D
13:50:53,PTBA,RG,3900,104,D,YP,BB,F
13:50:53,PTBA,RG,3900,3,D,PD,BB,F
13:50:53,PTBA,RG,3900,28,D,BB,BB,F
13:50:53,PTBA,RG,3900,5,D,XL,BB,F
13:50:53,PTBA,RG,3900,13,D,SQ,BB,F
13:50:53,PTBA,RG,3900,100,D,SQ,BB,F
13:50:53,PTBA,RG,3900,5,D,XC,BB,F
13:50:53,PTBA,RG,3900,128,D,BQ,BB,F
13:50:38,PTBA,RG,3900,21,D,BQ,RX,D
13:50:34,PTBA,RG,3900,10,D,BQ,YP,D
13:50:14,PTBA,RG,3900,10,D,BQ,YP,D
13:49:53,PTBA,RG,3900,15,D,BQ,HP,D
13:49:50,PTBA,RG,3900,16,D,BQ,CC,D
13:49:50,PTBA,RG,3900,1,D,XC,CC,D
13:49:50,PTBA,RG,3900,2,D,BQ,CC,D
13:49:32,PTBA,RG,3910,100,D,PD,DR,D
13:49:32,PTBA,RG,3900,20,D,BQ,RX,D
13:48:59,PTBA,RG,3900,1,D,BQ,AK,F
13:48:58,PTBA,RG,3900,77,D,BQ,ZP,D
13:48:58,PTBA,RG,3900,23,D,XL,ZP,D
13:48:52,PTBA,RG,3900,31,D,XL,PD,D
13:48:44,PTBA,RG,3900,21,D,XL,CC,D
13:48:43,PTBA,RG,3900,13,D,XL,BK,F
13:48:43,PTBA,RG,3900,6,D,YB,BK,F
13:48:43,PTBA,RG,3900,2,D,GR,BK,F
13:48:43,PTBA,RG,3900,4,D,GR,SQ,D
13:48:39,PTBA,RG,3910,1,D,KK,DR,D
13:48:17,PTBA,RG,3900,1,D,GR,PD,D
13:48:02,PTBA,RG,3900,1,D,GR,PD,D
13:48:00,PTBA,RG,3900,1,D,GR,AK,F
13:47:57,PTBA,RG,3900,10,D,GR,RX,D
13:47:56,PTBA,RG,3900,1,D,GR,RX,D
13:47:56,PTBA,RG,3900,1,D,YP,RX,D
13:47:56,PTBA,RG,3900,9,D,PD,RX,D
13:47:52,PTBA,RG,3900,4,D,PD,RX,D
13:47:52,PTBA,RG,3900,2,D,KK,RX,D
13:47:52,PTBA,RG,3900,2,D,AZ,RX,D
13:47:52,PTBA,RG,3900,2,D,KK,RX,D
13:47:52,PTBA,RG,3900,20,D,YP,RX,D
13:47:52,PTBA,RG,3900,11,D,PD,RX,D
13:47:52,PTBA,RG,3900,37,D,PD,RX,D
13:47:51,PTBA,RG,3900,362,D,PD,BB,F
13:47:43,PTBA,RG,3910,31,D,SQ,DR,D
13:47:43,PTBA,RG,3910,1,D,SQ,BB,D
13:47:43,PTBA,RG,3910,18,D,SQ,BB,F
13:47:38,PTBA,RG,3900,23,D,PD,CC,D
13:47:34,PTBA,RG,3900,21,D,PD,RX,D
13:47:29,PTBA,RG,3910,3,D,PD,BB,F
13:47:15,PTBA,RG,3900,1,D,PD,AK,F
13:47:12,PTBA,RG,3900,45,D,PD,PD,D
13:46:59,PTBA,RG,3910,2,D,PD,AK,F
13:46:59,PTBA,RG,3910,20,D,CC,AK,F
13:46:59,PTBA,RG,3910,20,F,BK,AK,F
13:46:59,PTBA,RG,3910,70,F,ZP,YB,D
13:46:59,PTBA,RG,3910,8,D,XL,YB,D
13:46:59,PTBA,RG,3910,100,D,EP,YB,D
13:46:59,PTBA,RG,3910,50,D,EP,YB,D
13:46:59,PTBA,RG,3910,272,D,YP,YB,D
13:46:59,PTBA,RG,3910,1,D,YP,YP,D
13:46:56,PTBA,RG,3910,118,D,YP,BK,F
13:46:56,PTBA,RG,3910,22,D,YP,BK,F
13:46:53,PTBA,RG,3910,93,D,YP,CC,D
13:46:42,PTBA,RG,3910,5,D,YP,CC,D
13:46:42,PTBA,RG,3910,2,D,XC,CC,D
13:46:42,PTBA,RG,3910,20,D,PD,CC,D
13:46:42,PTBA,RG,3910,15,D,PD,CC,D
13:46:42,PTBA,RG,3910,5,D,PD,CC,D
13:46:42,PTBA,RG,3910,5,D,BB,CC,D
13:46:34,PTBA,RG,3910,47,D,BB,CC,D
13:46:34,PTBA,RG,3910,53,F,ZP,CC,D
13:46:34,PTBA,RG,3910,4,F,ZP,PD,D
13:46:32,PTBA,RG,3910,10,D,PD,CC,D
13:46:32,PTBA,RG,3910,1,D,AG,CC,D
13:46:32,PTBA,RG,3910,1,D,DR,CC,D
13:46:32,PTBA,RG,3910,12,D,EP,CC,D
13:46:31,PTBA,RG,3910,10,D,EP,YP,D
13:46:30,PTBA,RG,3910,1,D,EP,AK,F
13:46:29,PTBA,RG,3910,6,D,EP,PD,D
13:46:28,PTBA,RG,3920,1,D,PD,YU,D
13:46:20,PTBA,RG,3910,4,D,EP,DR,D
13:46:19,PTBA,RG,3910,1,D,EP,NI,D
13:46:15,PTBA,RG,3910,1,D,EP,AK,F
13:46:03,PTBA,RG,3910,13,D,EP,CD,D
13:45:50,PTBA,RG,3920,59,D,YP,YU,D
13:45:38,PTBA,RG,3920,1,D,XC,YU,D
13:45:35,PTBA,RG,3910,3,D,EP,DR,D
13:45:31,PTBA,RG,3910,21,D,EP,RX,D
13:45:22,PTBA,RG,3920,3,D,XC,YU,D
13:45:22,PTBA,RG,3910,21,D,EP,CC,D
13:45:16,PTBA,RG,3910,1,D,EP,XL,D
13:45:15,PTBA,RG,3910,1,D,EP,AK,F
13:45:04,PTBA,RG,3910,55,D,EP,DX,D
13:45:04,PTBA,RG,3910,2,D,YP,DX,D
13:45:04,PTBA,RG,3910,59,D,EP,DX,D
13:44:53,PTBA,RG,3910,1,D,EP,PD,D
13:44:49,PTBA,RG,3910,90,D,EP,BB,F
13:44:49,PTBA,RG,3910,1,D,NI,BB,F
13:44:49,PTBA,RG,3910,61,F,ZP,BB,F
13:44:49,PTBA,RG,3910,57,D,BQ,BB,F
13:44:34,PTBA,RG,3910,1,D,BQ,AK,F
13:44:33,PTBA,RG,3910,2,D,BQ,DR,D
13:44:15,PTBA,RG,3910,1,D,BQ,AK,F
13:44:14,PTBA,RG,3910,24,D,BQ,CC,D
13:44:12,PTBA,RG,3910,75,D,BQ,DR,D
13:43:59,PTBA,RG,3910,23,D,BQ,BK,F
13:43:57,PTBA,RG,3920,2,D,XC,YU,D
13:43:45,PTBA,RG,3910,1,D,BQ,AK,F
13:43:41,PTBA,RG,3920,1,D,PD,YU,D
13:43:40,PTBA,RG,3910,1,D,BQ,YP,D
13:43:39,PTBA,RG,3910,15,D,BQ,DR,D
13:43:39,PTBA,RG,3910,1,D,XC,DR,D
13:43:39,PTBA,RG,3910,1,D,PD,DR,D
13:43:39,PTBA,RG,3910,63,D,EP,DR,D
13:43:29,PTBA,RG,3910,37,D,EP,YP,D
13:43:29,PTBA,RG,3910,25,D,DR,YP,D
13:43:29,PTBA,RG,3910,7,D,OD,YP,D
13:43:29,PTBA,RG,3910,49,D,CC,YP,D
13:43:18,PTBA,RG,3910,10,D,CC,YP,D
13:43:15,PTBA,RG,3910,1,D,CC,PD,D
13:43:15,PTBA,RG,3910,6,D,CC,XC,D
13:43:14,PTBA,RG,3910,8,D,CC,PD,D
13:43:04,PTBA,RG,3910,24,D,CC,CC,D
13:42:59,PTBA,RG,3910,2,D,CC,YP,D
13:42:59,PTBA,RG,3910,1,D,NI,YP,D
13:42:59,PTBA,RG,3910,7,D,BB,YP,D
13:42:47,PTBA,RG,3910,5,D,BB,YP,D
13:42:45,PTBA,RG,3910,1,D,BB,AK,F
13:42:32,PTBA,RG,3910,30,D,BB,DX,D
13:42:32,PTBA,RG,3910,30,D,SQ,DX,D
13:42:32,PTBA,RG,3910,56,D,EP,DX,D
13:42:28,PTBA,RG,3910,10,D,EP,EP,D
13:42:23,PTBA,RG,3920,2,D,YP,YU,D
13:42:14,PTBA,RG,3920,1,D,PD,YU,D
13:42:11,PTBA,RG,3910,23,D,EP,BK,F
13:42:07,PTBA,RG,3920,674,D,YP,YU,D
13:42:07,PTBA,RG,3920,1,D,YP,YP,D
13:42:07,PTBA,RG,3920,1,D,YP,PD,D
13:42:07,PTBA,RG,3920,18,D,YP,XL,D
13:42:07,PTBA,RG,3920,2,D,YP,XC,D
13:42:07,PTBA,RG,3920,1,D,YP,DH,D
13:42:07,PTBA,RG,3920,607,D,YP,CP,D
13:41:59,PTBA,RG,3920,193,D,NI,CP,D
13:41:59,PTBA,RG,3920,5,D,NI,YP,D
13:41:59,PTBA,RG,3920,46,D,NI,PD,D
13:41:59,PTBA,RG,3920,5,D,NI,YP,D
13:41:59,PTBA,RG,3920,30,D,NI,AZ,D
13:41:59,PTBA,RG,3920,10,D,NI,YP,D
13:41:59,PTBA,RG,3920,1,D,NI,KK,D
13:41:59,PTBA,RG,3920,1,D,NI,YP,D
13:41:59,PTBA,RG,3920,5,D,NI,PD,D
13:41:59,PTBA,RG,3920,10,D,NI,DX,D
13:41:59,PTBA,RG,3920,1,D,NI,NI,D
13:41:59,PTBA,RG,3920,5,D,NI,CC,D
13:41:59,PTBA,RG,3920,10,D,NI,YP,D
13:41:59,PTBA,RG,3920,2,D,NI,XC,D
13:41:59,PTBA,RG,3920,10,D,NI,YB,D
13:41:59,PTBA,RG,3920,15,D,NI,CP,D
13:41:59,PTBA,RG,3920,138,D,NI,OD,D
13:41:59,PTBA,RG,3920,4,D,NI,XC,D
13:41:59,PTBA,RG,3920,2,D,NI,NI,D
13:41:59,PTBA,RG,3920,200,D,NI,CC,D
13:41:59,PTBA,RG,3920,3,D,NI,KK,D
13:41:59,PTBA,RG,3920,2,D,NI,RO,D
13:41:59,PTBA,RG,3920,1,D,NI,YP,D
13:41:59,PTBA,RG,3920,1,D,NI,PD,D
13:41:56,PTBA,RG,3910,22,D,EP,CC,D
13:41:49,PTBA,RG,3910,39,D,EP,NI,D
13:41:49,PTBA,RG,3910,6,D,DH,NI,D
13:41:49,PTBA,RG,3910,41,D,YU,NI,D
13:41:41,PTBA,RG,3910,4,D,YU,YP,D
13:40:48,PTBA,RG,3910,20,D,YU,CC,D
13:40:47,PTBA,RG,3910,5,D,YU,OD,D
13:40:47,PTBA,RG,3910,3,D,DR,OD,D
13:40:47,PTBA,RG,3910,2,D,CC,OD,D
13:40:47,PTBA,RG,3910,2,D,NI,OD,D
13:40:47,PTBA,RG,3910,118,D,YP,OD,D
13:40:40,PTBA,RG,3910,21,D,YP,BK,F
13:40:38,PTBA,RG,3910,1,D,YP,BQ,D
13:40:38,PTBA,RG,3910,182,D,YP,DR,D
13:40:38,PTBA,RG,3910,53,D,BB,DR,D
13:40:38,PTBA,RG,3910,36,F,ZP,DR,D
13:40:38,PTBA,RG,3910,233,D,PD,DR,D
13:40:22,PTBA,RG,3910,1,D,PD,XC,D
13:40:20,PTBA,RG,3910,20,D,PD,BK,F
13:40:17,PTBA,RG,3910,1,D,PD,XC,D
13:40:10,PTBA,RG,3910,1,D,PD,XC,D
13:40:05,PTBA,RG,3910,10,D,PD,CC,D
13:39:59,PTBA,RG,3910,28,D,PD,XL,D
13:39:42,PTBA,RG,3910,34,D,PD,BB,F
13:39:42,PTBA,RG,3910,50,D,PD,DR,D
13:39:42,PTBA,RG,3910,7,D,PD,RX,D
13:39:42,PTBA,RG,3910,23,D,PD,RX,D
13:39:42,PTBA,RG,3910,8,D,PD,RX,D
13:39:42,PTBA,RG,3910,24,D,PD,RX,D
13:39:42,PTBA,RG,3910,1,D,PD,AK,F
13:39:42,PTBA,RG,3910,59,D,PD,SQ,D
13:39:40,PTBA,RG,3910,25,D,NI,SQ,D
13:39:33,PTBA,RG,3910,116,D,NI,SQ,D
13:39:33,PTBA,RG,3910,89,D,NI,BB,F
13:39:33,PTBA,RG,3910,23,D,NI,CC,D
13:39:33,PTBA,RG,3910,372,D,NI,DR,D
13:39:28,PTBA,RG,3910,10,D,YP,DR,D
13:39:17,PTBA,RG,3910,1,D,YP,DR,D
13:39:17,PTBA,RG,3910,3,D,BQ,DR,D
13:38:55,PTBA,RG,3910,200,D,BQ,DR,D
13:38:53,PTBA,RG,3910,20,D,GR,DR,D
13:38:52,PTBA,RG,3910,20,D,YP,DR,D
13:38:50,PTBA,RG,3910,1,D,LG,DR,D
13:38:48,PTBA,RG,3910,6,D,XL,DR,D
13:38:48,PTBA,RG,3910,50,D,CC,DR,D
13:38:42,PTBA,RG,3910,1,D,NI,DR,D
13:38:41,PTBA,RG,3910,4,D,DR,DR,D
13:38:40,PTBA,RG,3920,1,D,EP,AT,D
13:38:40,PTBA,RG,3910,46,D,DR,BB,F
13:38:36,PTBA,RG,3910,4,D,NI,BB,F
13:38:33,PTBA,RG,3910,50,D,SQ,BB,F
13:38:32,PTBA,RG,3910,6,D,YJ,BB,F
13:38:32,PTBA,RG,3910,8,D,PD,BB,F
13:38:28,PTBA,RG,3910,25,D,DR,BB,F
13:38:27,PTBA,RG,3910,13,D,DR,BB,F
13:38:27,PTBA,RG,3910,85,D,DR,DX,D
13:38:27,PTBA,RG,3910,2,D,DR,BB,D
13:38:24,PTBA,RG,3910,200,D,KK,CP,D
13:38:23,PTBA,RG,3910,39,D,EP,CP,D
13:38:22,PTBA,RG,3910,1,D,NI,CP,D
13:38:21,PTBA,RG,3910,50,D,SQ,CP,D
13:38:21,PTBA,RG,3910,8,D,XC,CP,D
13:38:20,PTBA,RG,3910,100,D,BQ,CP,D
13:38:19,PTBA,RG,3910,100,D,PD,CP,D
13:38:19,PTBA,RG,3910,100,D,YP,CP,D
13:38:18,PTBA,RG,3910,2,D,XC,CP,D
13:38:18,PTBA,RG,3910,37,D,XC,CC,F
13:38:18,PTBA,RG,3910,63,F,ZP,CC,F
13:38:18,PTBA,RG,3910,25,F,ZP,BB,F
13:38:18,PTBA,RG,3910,50,F,ZP,DX,D
13:38:16,PTBA,RG,3910,75,D,EP,DX,D
13:38:14,PTBA,RG,3910,20,D,YB,DX,D
13:38:14,PTBA,RG,3910,50,D,YP,DX,D
13:38:13,PTBA,RG,3910,5,D,SQ,DX,D
13:38:10,PTBA,RG,3910,10,D,XL,DX,D
13:38:10,PTBA,RG,3910,20,D,YP,DX,D
13:38:09,PTBA,RG,3910,250,F,BK,DX,D
13:38:09,PTBA,RG,3910,250,F,BK,DX,D
13:38:09,PTBA,RG,3910,250,F,BK,DX,D
13:38:08,PTBA,RG,3910,250,F,BK,DX,D
13:38:08,PTBA,RG,3910,300,D,BQ,DX,D
13:38:08,PTBA,RG,3910,250,F,BK,DX,D
13:38:08,PTBA,RG,3910,150,D,BQ,DX,D
13:38:08,PTBA,RG,3910,133,D,PD,DX,D
13:38:08,PTBA,RG,3910,1,D,PD,AK,F
13:38:08,PTBA,RG,3910,1,D,PD,AK,F
13:38:08,PTBA,RG,3910,6,D,PD,BB,D
13:38:08,PTBA,RG,3910,139,D,PD,DX,D
13:38:08,PTBA,RG,3910,3,D,PD,AK,F
13:38:08,PTBA,RG,3910,194,D,PD,BB,F
13:38:08,PTBA,RG,3910,1,D,PD,BQ,D
13:38:08,PTBA,RG,3910,2,D,PD,NI,D
13:38:08,PTBA,RG,3910,1,D,PD,YP,D
13:38:08,PTBA,RG,3910,10,D,PD,AZ,D
13:38:08,PTBA,RG,3910,9,D,PD,BK,F
13:38:07,PTBA,RG,3910,86,D,BQ,BK,F
13:38:07,PTBA,RG,3910,5,D,BQ,PD,D
13:38:07,PTBA,RG,3910,30,D,BQ,PD,D
13:38:07,PTBA,RG,3910,29,D,BQ,DR,D
13:38:07,PTBA,RG,3910,1,D,PD,DR,D
13:38:07,PTBA,RG,3910,150,D,BQ,DR,D
13:38:07,PTBA,RG,3910,150,D,BQ,DR,D
13:38:06,PTBA,RG,3910,200,D,BQ,DR,D
13:38:06,PTBA,RG,3910,250,F,BK,DR,D
13:38:06,PTBA,RG,3910,220,D,NI,DR,D
13:38:06,PTBA,RG,3910,1,D,NI,DH,D
13:38:06,PTBA,RG,3910,2,D,NI,XA,D
13:38:06,PTBA,RG,3910,2,D,NI,YB,D
13:38:06,PTBA,RG,3910,12,D,NI,XC,D
13:38:06,PTBA,RG,3910,5,D,NI,BQ,D
13:38:06,PTBA,RG,3910,5,D,NI,YP,D
13:38:06,PTBA,RG,3910,5,D,NI,DX,D
13:38:06,PTBA,RG,3910,106,D,BQ,DX,D
13:38:06,PTBA,RG,3910,5,D,BQ,CC,D
13:38:06,PTBA,RG,3910,39,D,BQ,AZ,D
13:38:06,PTBA,RG,3900,20,F,ZP,BK,F
13:38:06,PTBA,RG,3900,3,D,YU,BK,F
13:38:06,PTBA,RG,3910,41,F,BK,AZ,D
13:38:06,PTBA,RG,3910,126,F,BK,DX,D
13:38:06,PTBA,RG,3910,83,F,BK,DX,D
13:38:06,PTBA,RG,3910,27,D,BQ,DX,D
13:38:06,PTBA,RG,3910,4,D,BQ,PD,D
13:38:06,PTBA,RG,3910,169,D,BQ,DR,D
13:38:06,PTBA,RG,3910,200,D,BQ,DR,D
13:38:06,PTBA,RG,3910,187,F,BK,DR,D
13:38:06,PTBA,RG,3910,63,F,BK,DX,D
13:38:06,PTBA,RG,3910,59,D,BQ,DX,D
13:38:06,PTBA,RG,3910,1,D,BQ,XC,D
13:38:06,PTBA,RG,3910,40,D,BQ,CC,D
13:38:05,PTBA,RG,3910,12,D,BQ,CC,D
13:38:05,PTBA,RG,3910,140,D,BQ,DX,D
13:38:05,PTBA,RG,3910,1,D,BQ,YP,D
13:38:05,PTBA,RG,3910,47,D,BQ,DX,D
13:38:05,PTBA,RG,3910,80,D,BQ,DX,D
13:38:05,PTBA,RG,3910,20,D,BQ,AZ,D
13:38:05,PTBA,RG,3910,20,D,BQ,YP,D
13:38:05,PTBA,RG,3910,2,D,BQ,PD,D
13:38:05,PTBA,RG,3910,137,D,BQ,DX,D
13:38:05,PTBA,RG,3910,1,D,BQ,XC,D
13:38:05,PTBA,RG,3910,131,D,BQ,DX,D
13:38:05,PTBA,RG,3910,9,D,BQ,DX,D
13:38:05,PTBA,RG,3910,106,D,BQ,DX,D
13:38:05,PTBA,RG,3910,94,D,BQ,CC,D
13:38:04,PTBA,RG,3910,1,D,YU,CC,D
13:37:57,PTBA,RG,3910,41,D,XC,CC,D
13:37:54,PTBA,RG,3910,1,D,YP,CC,D
13:37:41,PTBA,RG,3910,113,F,BK,CC,D
13:37:41,PTBA,RG,3910,108,F,BK,DX,D
13:37:41,PTBA,RG,3910,29,F,BK,DX,D
13:37:40,PTBA,RG,3910,108,F,BK,DX,D
13:37:40,PTBA,RG,3910,137,F,BK,DX,D
13:37:40,PTBA,RG,3910,1,F,BK,YP,D
13:37:40,PTBA,RG,3910,4,F,BK,DX,D
13:37:40,PTBA,RG,3910,105,F,BK,DX,D
13:37:40,PTBA,RG,3910,145,F,BK,DX,D
13:37:40,PTBA,RG,3910,116,F,BK,DX,D
13:37:40,PTBA,RG,3910,3,F,BK,XL,D
13:37:40,PTBA,RG,3910,131,F,BK,DX,D
13:37:39,PTBA,RG,3910,7,F,BK,DX,D
13:37:39,PTBA,RG,3910,1,F,BK,DR,D
13:37:39,PTBA,RG,3910,79,F,BK,DX,D
13:37:39,PTBA,RG,3910,33,F,BK,DX,D
13:37:39,PTBA,RG,3910,2,F,BK,YP,D
13:37:39,PTBA,RG,3910,3,F,BK,XL,D
13:37:39,PTBA,RG,3910,10,F,BK,OD,D
13:37:39,PTBA,RG,3910,115,F,BK,CC,D
13:37:39,PTBA,RG,3910,135,F,BK,CC,D
13:37:39,PTBA,RG,3910,115,F,BK,LG,D
13:37:36,PTBA,RG,3900,22,D,YU,CC,D
13:37:36,PTBA,RG,3900,1,D,YU,AK,F
13:37:36,PTBA,RG,3900,10,D,YU,XL,D
13:37:36,PTBA,RG,3900,3,D,YU,AK,F
13:37:36,PTBA,RG,3900,100,D,YU,CC,D
13:37:36,PTBA,RG,3900,22,D,YU,RX,D
13:37:36,PTBA,RG,3900,242,D,YU,BB,F
13:37:36,PTBA,RG,3900,1,D,YU,BB,D
13:37:36,PTBA,RG,3900,2,D,YU,CC,D
13:37:36,PTBA,RG,3900,46,D,YU,RX,D
13:37:36,PTBA,RG,3900,5,D,YU,RX,D
13:37:36,PTBA,RG,3900,20,D,YU,RX,D
13:37:36,PTBA,RG,3900,6,D,YU,RX,D
13:37:36,PTBA,RG,3900,4,D,YU,AK,F
13:37:36,PTBA,RG,3900,23,D,YU,RX,D
13:37:36,PTBA,RG,3900,53,D,YU,RX,D
13:37:36,PTBA,RG,3900,7,D,YU,RX,D
13:37:36,PTBA,RG,3900,7,D,YU,RX,D
13:37:36,PTBA,RG,3900,1,D,YU,CC,D
13:37:36,PTBA,RG,3900,115,D,YU,BB,F
13:37:36,PTBA,RG,3900,1,D,YU,AK,F
13:37:36,PTBA,RG,3900,10,D,YU,YP,D
13:37:36,PTBA,RG,3900,2,D,YU,AK,F
13:37:36,PTBA,RG,3900,4,D,YU,AK,F
13:37:36,PTBA,RG,3900,8,D,YU,XC,D
13:37:36,PTBA,RG,3900,12,D,YU,XC,D
13:37:36,PTBA,RG,3900,30,D,YU,EP,D
13:37:36,PTBA,RG,3900,3,D,YU,XC,D
13:37:36,PTBA,RG,3900,50,D,YU,CC,F
13:37:36,PTBA,RG,3900,13,D,YU,LG,D
13:37:36,PTBA,RG,3900,3,D,YU,PD,D
13:37:36,PTBA,RG,3900,1,D,YU,SQ,D
13:37:36,PTBA,RG,3900,2,D,YU,DH,D
13:37:36,PTBA,RG,3900,50,D,YU,GR,D
13:37:36,PTBA,RG,3900,1,D,YU,XL,D
13:37:36,PTBA,RG,3900,5,D,YU,YP,D
13:37:36,PTBA,RG,3900,50,D,YU,PD,D
13:37:36,PTBA,RG,3900,15,D,YU,PD,D
13:37:36,PTBA,RG,3900,50,D,YU,YP,D
13:37:36,PTBA,RG,3900,150,D,YU,YP,D
13:37:36,PTBA,RG,3900,11,D,YU,CC,D
13:37:36,PTBA,RG,3900,5,D,YU,ZP,D
13:37:36,PTBA,RG,3900,1,D,YU,XL,D
13:37:36,PTBA,RG,3900,2,D,YU,CC,D
13:37:36,PTBA,RG,3900,60,D,YU,AZ,D
13:37:36,PTBA,RG,3900,50,D,YU,AZ,D
13:37:36,PTBA,RG,3900,2,D,YU,YP,D
13:37:36,PTBA,RG,3900,2,D,YU,YU,D
13:37:36,PTBA,RG,3900,2,D,YU,YP,D
13:37:36,PTBA,RG,3900,100,D,YU,CC,D
13:37:36,PTBA,RG,3900,2,D,YU,OD,D
13:37:36,PTBA,RG,3900,26,D,YU,XC,D
13:37:36,PTBA,RG,3900,25,D,YU,CC,D
13:37:36,PTBA,RG,3900,500,D,YU,CC,D
13:37:36,PTBA,RG,3900,500,D,YU,NI,D
13:37:36,PTBA,RG,3900,25,D,YU,PD,D
13:37:36,PTBA,RG,3900,2,D,YU,XL,D
13:37:36,PTBA,RG,3900,32,D,YU,BK,F
13:37:25,PTBA,RG,3890,20,D,PD,CC,D
13:37:07,PTBA,RG,3900,5,D,DR,BK,F
13:37:00,PTBA,RG,3890,1,D,PD,AK,F
13:36:53,PTBA,RG,3900,1,D,PD,YP,D
13:36:44,PTBA,RG,3900,4,D,XL,YP,D
13:36:30,PTBA,RG,3890,1,D,PD,AK,F
13:36:26,PTBA,RG,3900,1,D,XL,NI,D
13:36:26,PTBA,RG,3900,1,D,XL,AZ,D
13:36:19,PTBA,RG,3890,10,D,PD,YP,D
13:36:16,PTBA,RG,3890,5,D,PD,XA,D
13:36:15,PTBA,RG,3890,1,D,PD,AK,F
13:36:14,PTBA,RG,3890,9,D,PD,RX,D
13:36:14,PTBA,RG,3890,2,D,XC,RX,D
13:36:14,PTBA,RG,3890,4,D,BB,RX,D
13:36:14,PTBA,RG,3890,2,D,PD,RX,D
13:36:14,PTBA,RG,3890,3,D,XL,RX,D
13:35:58,PTBA,RG,3890,2,D,XL,PD,D
13:35:45,PTBA,RG,3890,1,D,XL,AK,F
13:35:37,PTBA,RG,3890,4,D,XL,RX,D
13:35:37,PTBA,RG,3890,17,D,YP,RX,D
13:35:34,PTBA,RG,3890,7,D,YP,RX,D
13:35:32,PTBA,RG,3890,6,D,YP,RX,D
13:35:21,PTBA,RG,3890,2,D,XC,XA,D
13:35:21,PTBA,RG,3890,5,D,NI,XA,D
13:35:21,PTBA,RG,3890,50,D,MG,XA,D
13:35:21,PTBA,RG,3890,47,D,XC,XA,D
13:35:21,PTBA,RG,3890,20,D,XC,XA,D
13:35:21,PTBA,RG,3890,26,F,ZP,XA,D
13:35:09,PTBA,RG,3890,46,F,ZP,XL,D
13:35:07,PTBA,RG,3890,39,F,ZP,RX,D
13:35:00,PTBA,RG,3890,1,F,ZP,AK,F
13:34:55,PTBA,RG,3890,32,F,ZP,CC,D
13:34:52,PTBA,RG,3900,2,D,XL,AZ,D
13:34:30,PTBA,RG,3890,1,F,ZP,AK,F
13:34:11,PTBA,RG,3890,5,F,ZP,XA,D
13:34:08,PTBA,RG,3890,3,F,ZP,PD,D
13:34:06,PTBA,RG,3890,1,F,ZP,AK,F
13:34:00,PTBA,RG,3890,12,F,ZP,CC,D
13:33:58,PTBA,RG,3890,100,F,ZP,XA,D
13:33:58,PTBA,RG,3890,50,D,YB,XA,D
13:33:45,PTBA,RG,3890,1,D,YB,AK,F
13:33:27,PTBA,RG,3900,30,D,YP,AZ,D
13:33:25,PTBA,RG,3890,100,D,YB,SQ,D
13:33:20,PTBA,RG,3900,17,F,ZP,AZ,D
13:33:20,PTBA,RG,3900,2,F,ZP,KK,D
13:33:20,PTBA,RG,3900,1,F,ZP,YP,D
13:33:20,PTBA,RG,3900,24,F,ZP,AZ,D
13:33:15,PTBA,RG,3890,34,D,YB,CC,D
13:33:00,PTBA,RG,3890,1,D,YB,AK,F
13:33:00,PTBA,RG,3890,5,D,YB,NI,D
13:32:46,PTBA,RG,3890,2,D,YB,XC,D
13:32:38,PTBA,RG,3900,20,D,XL,AZ,D
13:32:22,PTBA,RG,3890,47,D,YB,YP,D
13:31:47,PTBA,RG,3890,6,D,YB,YP,D
13:31:39,PTBA,RG,3890,1,D,YB,CC,D
13:31:34,PTBA,RG,3890,34,D,YB,BB,F
13:31:34,PTBA,RG,3890,24,D,YB,BK,F
13:31:34,PTBA,RG,3890,3,D,YB,PD,D
13:31:34,PTBA,RG,3890,192,D,YB,CC,D
13:31:08,PTBA,RG,3890,5,D,BQ,CC,D
13:31:06,PTBA,RG,3890,53,D,PD,CC,D
13:31:06,PTBA,RG,3890,1,D,PD,BB,D
13:31:06,PTBA,RG,3890,14,D,PD,BB,F
13:31:06,PTBA,RG,3890,4,D,PD,XL,D
13:31:06,PTBA,RG,3890,5,D,PD,YP,D
13:31:06,PTBA,RG,3890,23,D,PD,BK,F
13:31:00,PTBA,RG,3890,6,D,YU,BK,F
13:31:00,PTBA,RG,3890,13,D,YU,CC,D
13:31:00,PTBA,RG,3890,1,D,YU,XC,D
13:31:00,PTBA,RG,3890,30,D,YU,CC,D
13:30:58,PTBA,RG,3890,50,D,YP,RX,D
13:30:53,PTBA,RG,3890,2,D,DR,RX,D
13:30:14,PTBA,RG,3880,45,D,ZP,YP,D
13:30:13,PTBA,RG,3880,1,D,ZP,XL,D
13:30:08,PTBA,RG,3880,2,D,ZP,XL,D
13:30:08,PTBA,RG,3880,10,D,ZP,YP,D
13:30:07,PTBA,RG,3880,22,D,ZP,YP,D
13:30:07,PTBA,RG,3880,38,D,ZP,YP,D
13:30:07,PTBA,RG,3880,5,D,ZP,XL,D
13:30:06,PTBA,RG,3880,30,D,ZP,YP,D
13:30:06,PTBA,RG,3880,2,D,ZP,AK,F
13:30:06,PTBA,RG,3890,23,D,XL,RX,D
13:30:06,PTBA,RG,3890,3,D,XL,RX,D
13:30:05,PTBA,RG,3880,10,D,ZP,XL,D
13:30:05,PTBA,RG,3880,3,D,ZP,CC,D
13:30:04,PTBA,RG,3880,11,D,ZP,AK,F
13:30:04,PTBA,RG,3880,1,D,ZP,XC,D
13:30:04,PTBA,RG,3880,1,D,DH,XC,D
13:30:04,PTBA,RG,3880,1,D,NI,XC,D
13:30:04,PTBA,RG,3880,1,D,NI,XC,D
13:30:04,PTBA,RG,3890,1,D,XL,RX,D
13:30:04,PTBA,RG,3880,2,D,NI,XC,D
13:30:04,PTBA,RG,3880,4,D,NI,CC,D
13:30:04,PTBA,RG,3890,3,D,CC,RX,D
13:30:04,PTBA,RG,3880,1,D,NI,CC,D
13:30:04,PTBA,RG,3880,19,D,NI,EP,D
13:30:04,PTBA,RG,3880,21,D,NI,EP,D
13:30:04,PTBA,RG,3890,4,D,XC,EP,D
13:30:04,PTBA,RG,3890,6,D,XC,RX,D
13:30:03,PTBA,RG,3890,1,D,XC,XC,D
13:30:03,PTBA,RG,3890,3,D,XC,XC,D
13:30:03,PTBA,RG,3880,1,D,NI,XC,D
13:30:03,PTBA,RG,3880,9,D,NI,XC,D
13:30:02,PTBA,RG,3880,26,D,NI,OD,D
13:30:02,PTBA,RG,3880,10,D,KK,OD,D
13:30:02,PTBA,RG,3880,10,D,BQ,OD,D
13:30:02,PTBA,RG,3880,139,D,HP,OD,D
13:30:02,PTBA,RG,3890,3,D,XC,OD,D
13:30:02,PTBA,RG,3890,1,D,PD,OD,D
13:30:02,PTBA,RG,3890,5,D,PD,OD,D
13:30:02,PTBA,RG,3890,5,D,PD,OD,D
13:30:02,PTBA,RG,3890,2,D,PD,OD,D
13:30:02,PTBA,RG,3890,1,D,PD,OD,D
13:30:02,PTBA,RG,3890,48,D,PD,OD,D
13:30:02,PTBA,RG,3890,10,D,PD,OD,D
13:30:01,PTBA,RG,3890,10,D,PD,KK,D
13:30:01,PTBA,RG,3890,1,D,PD,PD,D
13:30:01,PTBA,RG,3890,14,D,PD,PD,D
13:30:01,PTBA,RG,3890,15,D,PD,PD,D
13:30:01,PTBA,RG,3890,3,D,PD,PD,D
13:30:01,PTBA,RG,3890,1,D,PD,PD,D
13:30:01,PTBA,RG,3890,147,D,PD,CC,D
13:30:01,PTBA,RG,3890,2,D,PD,PD,D
13:30:01,PTBA,RG,3890,4,D,PD,PD,D
13:30:01,PTBA,RG,3890,1,D,PD,PD,D
13:30:01,PTBA,RG,3880,3,D,HP,PD,D
13:30:01,PTBA,RG,3890,3,D,PD,PD,D
13:30:01,PTBA,RG,3880,1,D,HP,SQ,D
13:30:01,PTBA,RG,3890,2,D,DR,SQ,D
13:30:01,PTBA,RG,3890,97,D,GR,SQ,D
13:30:01,PTBA,RG,3890,9,D,GR,PD,D
13:30:01,PTBA,RG,3890,51,D,GR,DH,D
13:30:01,PTBA,RG,3890,1,D,GR,SQ,D
13:30:01,PTBA,RG,3890,2,D,GR,YB,D
13:30:01,PTBA,RG,3890,34,D,GR,BB,D
13:30:01,PTBA,RG,3890,50,D,GR,GR,D
13:30:01,PTBA,RG,3890,23,D,GR,BK,F
13:30:01,PTBA,RG,3890,1,D,GR,PD,D
13:30:01,PTBA,RG,3890,60,D,GR,AZ,D
13:30:01,PTBA,RG,3890,3,D,GR,BB,F
13:30:01,PTBA,RG,3890,50,D,GR,YP,D
13:30:01,PTBA,RG,3890,60,D,GR,AZ,D
13:30:01,PTBA,RG,3890,59,D,GR,YP,D
13:30:00,PTBA,RG,3890,41,D,YU,YP,D
13:30:00,PTBA,RG,3890,100,D,YU,YP,D
13:30:00,PTBA,RG,3890,59,D,YU,YP,D
11:29:58,PTBA,RG,3880,6,D,HP,BB,F
11:29:55,PTBA,RG,3890,1,D,BB,YP,D
11:29:53,PTBA,RG,3880,100,D,HP,SQ,D
11:29:52,PTBA,RG,3880,1,D,HP,NI,D
11:29:35,PTBA,RG,3880,2,D,OD,BK,F
11:29:35,PTBA,RG,3880,9,D,PD,BK,F
11:29:33,PTBA,RG,3880,1,D,PD,AK,F
11:29:28,PTBA,RG,3870,8,D,CC,BB,F
11:29:28,PTBA,RG,3870,2,D,NI,BB,F
11:29:28,PTBA,RG,3870,2,D,PD,BB,F
11:29:24,PTBA,RG,3880,81,D,KK,AK,F
11:29:24,PTBA,RG,3880,6,D,KK,RX,D
11:29:24,PTBA,RG,3880,1,D,KK,RX,D
11:29:24,PTBA,RG,3880,11,D,KK,RX,D
11:29:24,PTBA,RG,3880,1,D,KK,RX,D
11:29:24,PTBA,RG,3880,5,D,KK,XC,D
11:29:24,PTBA,RG,3880,100,D,KK,NI,D
11:29:24,PTBA,RG,3880,45,D,KK,BK,F
11:29:21,PTBA,RG,3870,4,D,PD,BK,F
11:29:21,PTBA,RG,3870,1,D,YP,BK,F
11:29:21,PTBA,RG,3870,1,D,PD,BK,F
11:29:21,PTBA,RG,3870,10,D,YJ,BK,F
11:29:21,PTBA,RG,3870,1,D,CC,BK,F
11:29:21,PTBA,RG,3870,10,D,PD,BK,F
11:29:21,PTBA,RG,3870,13,D,PD,BK,F
11:29:19,PTBA,RG,3870,27,D,PD,EP,D
11:29:19,PTBA,RG,3870,1,D,XC,EP,D
11:29:19,PTBA,RG,3870,5,D,CP,EP,D
11:29:19,PTBA,RG,3870,27,D,XL,EP,D
11:29:19,PTBA,RG,3870,59,D,PD,EP,D
11:29:19,PTBA,RG,3870,1,D,XL,EP,D
11:29:19,PTBA,RG,3870,50,D,AZ,EP,D
11:29:19,PTBA,RG,3870,8,D,AO,EP,D
11:29:19,PTBA,RG,3870,10,D,PD,EP,D
11:29:19,PTBA,RG,3870,10,D,PD,EP,D
11:29:19,PTBA,RG,3870,1,D,XC,EP,D
11:29:19,PTBA,RG,3870,1,D,LG,EP,D
11:29:19,PTBA,RG,3870,1,D,NI,EP,D
11:29:19,PTBA,RG,3870,1,D,XC,EP,D
11:29:19,PTBA,RG,3870,5,D,GR,EP,D
11:29:19,PTBA,RG,3870,1,D,OD,EP,D
11:29:19,PTBA,RG,3870,3,D,PD,EP,D
11:29:19,PTBA,RG,3870,10,D,KK,EP,D
11:29:19,PTBA,RG,3870,3,D,YP,EP,D
11:29:19,PTBA,RG,3870,30,D,DR,EP,D
11:29:19,PTBA,RG,3870,2,D,CC,EP,D
11:29:19,PTBA,RG,3870,20,D,GR,EP,D
11:29:19,PTBA,RG,3870,130,D,OD,EP,D
11:29:19,PTBA,RG,3870,1,D,PD,EP,D
11:29:19,PTBA,RG,3870,5,D,PD,EP,D
11:29:19,PTBA,RG,3870,100,D,EP,EP,D
11:29:19,PTBA,RG,3870,15,D,GR,EP,D
11:29:19,PTBA,RG,3870,1,D,PD,EP,D
11:29:19,PTBA,RG,3870,1,D,PD,EP,D
11:29:19,PTBA,RG,3870,1,D,PD,EP,D
11:29:19,PTBA,RG,3870,8,D,YP,EP,D
11:29:19,PTBA,RG,3870,10,D,YP,EP,D
11:29:19,PTBA,RG,3870,2,D,CC,EP,D
11:29:19,PTBA,RG,3870,8,D,CC,BQ,D
11:29:19,PTBA,RG,3870,1,D,YB,BQ,D
11:29:19,PTBA,RG,3870,5,D,NI,BQ,D
11:29:19,PTBA,RG,3870,1,D,PD,BQ,D
11:29:19,PTBA,RG,3870,26,D,XL,BQ,D
11:29:19,PTBA,RG,3870,4,D,YP,BQ,D
11:29:19,PTBA,RG,3870,3,D,YP,BQ,D
11:29:19,PTBA,RG,3870,7,D,XC,BQ,D
11:29:19,PTBA,RG,3870,10,D,EP,BQ,D
11:29:19,PTBA,RG,3870,20,D,YP,BQ,D
11:29:19,PTBA,RG,3870,2,D,GR,BQ,D
11:29:19,PTBA,RG,3870,10,D,KK,BQ,D
11:29:19,PTBA,RG,3870,13,D,PD,BQ,D
11:29:19,PTBA,RG,3870,10,D,PD,BQ,D
11:29:19,PTBA,RG,3870,1,D,EP,BQ,D
11:29:19,PTBA,RG,3870,6,D,NI,BQ,D
11:29:19,PTBA,RG,3870,5,D,XC,BQ,D
11:29:19,PTBA,RG,3870,30,D,CC,BQ,D
11:29:19,PTBA,RG,3870,2,D,PD,BQ,D
11:29:19,PTBA,RG,3870,1,D,NI,BQ,D
11:29:19,PTBA,RG,3870,1,D,NI,BQ,D
11:29:19,PTBA,RG,3870,10,D,CC,BQ,D
11:29:19,PTBA,RG,3870,1,D,CC,BQ,D
11:29:19,PTBA,RG,3870,2,D,XC,BQ,D
11:29:19,PTBA,RG,3870,6,D,XL,BQ,D
11:29:19,PTBA,RG,3870,25,D,LG,BQ,D
11:29:19,PTBA,RG,3870,2,D,DH,BQ,D
11:29:19,PTBA,RG,3870,1,D,PD,BQ,D
11:29:19,PTBA,RG,3870,1,D,YP,BQ,D
11:29:19,PTBA,RG,3870,4,D,XL,BQ,D
11:29:19,PTBA,RG,3870,5,D,NI,BQ,D
11:29:19,PTBA,RG,3870,10,D,CC,BQ,D
11:29:19,PTBA,RG,3870,10,D,EP,BQ,D
11:29:19,PTBA,RG,3870,1,D,XC,BQ,D
11:29:19,PTBA,RG,3870,56,D,YP,BQ,D
11:29:19,PTBA,RG,3870,144,D,YP,BQ,D
11:29:19,PTBA,RG,3870,10,D,PD,BQ,D
11:29:19,PTBA,RG,3870,1,D,YP,BQ,D
11:29:19,PTBA,RG,3870,5,D,DR,BQ,D
11:29:19,PTBA,RG,3870,1,D,PD,BQ,D
11:29:19,PTBA,RG,3870,100,D,BQ,BQ,D
11:29:19,PTBA,RG,3870,25,D,PD,BQ,D
11:29:19,PTBA,RG,3870,2,D,XC,BQ,D
11:29:19,PTBA,RG,3870,2,D,PD,BQ,D
11:29:19,PTBA,RG,3870,1,D,PD,BQ,D
11:29:19,PTBA,RG,3870,9,D,DR,BQ,D
11:29:19,PTBA,RG,3870,1,D,DR,BQ,D
11:29:19,PTBA,RG,3870,2,D,DH,BQ,D
11:29:19,PTBA,RG,3870,1,D,PD,BQ,D
11:29:19,PTBA,RG,3870,1,D,PD,BQ,D
11:29:19,PTBA,RG,3870,1,D,YP,BQ,D
11:29:19,PTBA,RG,3870,25,D,XA,BQ,D
11:29:19,PTBA,RG,3870,100,D,CC,BQ,D
11:29:19,PTBA,RG,3870,9,D,PD,BQ,D
11:29:19,PTBA,RG,3870,20,D,CC,BQ,D
11:29:19,PTBA,RG,3870,9,D,PD,BQ,D
11:29:19,PTBA,RG,3870,2,D,CC,BQ,D
11:29:19,PTBA,RG,3870,1,D,MG,BQ,D
11:29:19,PTBA,RG,3870,1,D,YP,BQ,D
11:29:19,PTBA,RG,3870,3,D,KK,BQ,D
11:29:19,PTBA,RG,3870,5,D,NI,BQ,D
11:29:19,PTBA,RG,3870,1,D,PD,BQ,D
11:29:19,PTBA,RG,3870,1,D,YP,BQ,D
11:29:19,PTBA,RG,3870,10,D,SQ,BQ,D
11:29:19,PTBA,RG,3870,13,D,XL,BQ,D
11:29:19,PTBA,RG,3870,11,D,YP,BQ,D
11:29:19,PTBA,RG,3870,5,D,NI,BQ,D
11:29:19,PTBA,RG,3870,5,D,CP,BQ,D
11:29:19,PTBA,RG,3870,1,D,PD,BQ,D
11:29:19,PTBA,RG,3870,1,D,NI,BQ,D
11:29:19,PTBA,RG,3870,2,D,YP,BQ,D
11:29:19,PTBA,RG,3870,15,D,YP,BQ,D
11:29:19,PTBA,RG,3870,4,D,PD,BQ,D
11:29:19,PTBA,RG,3870,3,D,XC,BQ,D
11:29:19,PTBA,RG,3870,2,D,CC,BQ,D
11:29:19,PTBA,RG,3870,10,D,NI,BQ,D
11:29:19,PTBA,RG,3870,1,D,YP,BQ,D
11:29:19,PTBA,RG,3870,8,D,KK,BQ,D
11:29:19,PTBA,RG,3870,26,D,CC,BQ,D
11:29:19,PTBA,RG,3870,69,D,CC,BQ,D
11:29:19,PTBA,RG,3870,7,D,XC,BQ,D
11:29:19,PTBA,RG,3870,1,D,XC,BQ,D
11:29:19,PTBA,RG,3870,223,D,YP,BQ,D
11:29:18,PTBA,RG,3870,277,D,YP,BQ,D
11:29:18,PTBA,RG,3870,2,D,XC,BQ,D
11:29:18,PTBA,RG,3870,1,D,XC,BQ,D
11:29:18,PTBA,RG,3870,1,D,XC,BQ,D
11:29:18,PTBA,RG,3870,11,D,XC,BQ,D
11:29:18,PTBA,RG,3870,5,D,PD,BQ,D
11:29:18,PTBA,RG,3870,1,D,PD,BQ,D
11:29:18,PTBA,RG,3870,1,D,NI,BQ,D
11:29:18,PTBA,RG,3870,101,D,GR,BQ,D
11:29:17,PTBA,RG,3870,40,D,GR,BK,F
11:29:15,PTBA,RG,3870,1,D,GR,AK,F
11:29:14,PTBA,RG,3870,108,D,GR,YU,D
11:29:14,PTBA,RG,3870,800,D,PD,YU,D
11:29:14,PTBA,RG,3870,50,D,TP,YU,D
11:29:14,PTBA,RG,3870,250,D,YP,YU,D
11:29:14,PTBA,RG,3870,1,D,PD,YU,D
11:29:13,PTBA,RG,3870,1,D,PD,YU,D
11:29:13,PTBA,RG,3870,2,D,XC,YU,D
11:29:13,PTBA,RG,3870,1,D,AZ,YU,D
11:29:13,PTBA,RG,3870,16,D,HD,YU,D
11:29:13,PTBA,RG,3870,1,D,PD,YU,D
11:29:13,PTBA,RG,3870,1,D,PD,YU,D
11:29:13,PTBA,RG,3870,2,D,PD,YU,D
11:29:13,PTBA,RG,3870,3,D,PD,YU,D
11:29:13,PTBA,RG,3870,10,D,YP,YU,D
11:29:13,PTBA,RG,3870,1,D,XL,YU,D
11:29:13,PTBA,RG,3870,1,D,EP,YU,D
11:29:13,PTBA,RG,3870,1,D,PD,YU,D
11:29:13,PTBA,RG,3870,1,D,GR,YU,D
11:29:13,PTBA,RG,3870,100,D,PD,YU,D
11:29:13,PTBA,RG,3870,1000,D,GR,YU,D
11:29:13,PTBA,RG,3870,30,D,LG,YU,D
11:29:13,PTBA,RG,3870,1,D,YP,YU,D
11:29:13,PTBA,RG,3870,2,D,YP,YU,D
11:29:13,PTBA,RG,3870,20,D,KK,YU,D
11:29:13,PTBA,RG,3870,10,D,YP,YU,D
11:29:13,PTBA,RG,3870,1,D,PD,YU,D
11:29:13,PTBA,RG,3870,1,D,PD,YU,D
11:29:13,PTBA,RG,3870,2,D,YP,YU,D
11:29:13,PTBA,RG,3870,2,D,NI,YU,D
11:29:13,PTBA,RG,3870,1,D,YP,YU,D
11:29:13,PTBA,RG,3870,49,D,NI,YU,D
11:29:12,PTBA,RG,3880,5,D,YP,BK,F
11:29:11,PTBA,RG,3880,1,D,KK,BK,F
11:29:11,PTBA,RG,3880,2,D,KK,RX,D
11:29:10,PTBA,RG,3880,2,D,XL,RX,D
11:29:03,PTBA,RG,3870,1,D,NI,AK,F
11:28:59,PTBA,RG,3880,4,D,GR,RX,D
11:28:59,PTBA,RG,3880,1,D,GR,RX,D
11:28:58,PTBA,RG,3880,1,D,PD,RX,D
11:28:57,PTBA,RG,3870,10,D,NI,RX,D
11:28:46,PTBA,RG,3880,15,D,CC,AZ,D
11:28:38,PTBA,RG,3880,10,D,YP,AZ,D
11:28:33,PTBA,RG,3870,1,D,NI,AK,F
11:28:27,PTBA,RG,3880,1,D,PD,AZ,D
11:28:26,PTBA,RG,3870,39,D,NI,BB,F
11:28:26,PTBA,RG,3870,10,D,NI,BB,F
11:28:26,PTBA,RG,3870,5,D,PD,BB,F
11:28:26,PTBA,RG,3870,5,D,PD,BB,F
11:28:26,PTBA,RG,3870,2,D,PD,BB,F
11:28:26,PTBA,RG,3870,1,D,PD,BB,F
11:28:26,PTBA,RG,3870,1,D,KK,BB,F
11:28:26,PTBA,RG,3870,1,D,PD,BB,F
11:28:26,PTBA,RG,3870,1,D,YP,BB,F
11:28:26,PTBA,RG,3870,1,D,YP,BB,F
11:28:26,PTBA,RG,3870,2,D,PD,BB,F
11:28:26,PTBA,RG,3870,10,D,DR,BB,F
11:28:26,PTBA,RG,3870,14,D,XL,BB,F
11:28:26,PTBA,RG,3870,1,D,BQ,BB,F
11:28:26,PTBA,RG,3870,4,D,CC,BB,F
11:28:26,PTBA,RG,3870,4,D,XL,BB,F
11:28:26,PTBA,RG,3870,5,D,GR,BB,F
11:28:26,PTBA,RG,3870,1,D,CC,BB,F
11:28:21,PTBA,RG,3880,1,D,YP,AZ,D
11:28:18,PTBA,RG,3880,10,D,ES,AZ,D
11:28:05,PTBA,RG,3880,5,D,NI,AZ,D
11:28:04,PTBA,RG,3870,6,D,CC,XL,D
11:28:03,PTBA,RG,3870,13,D,CC,YB,D
11:28:03,PTBA,RG,3870,7,D,PD,YB,D
11:28:03,PTBA,RG,3870,1,D,PD,YB,D
11:28:03,PTBA,RG,3870,10,D,AF,YB,D
11:28:03,PTBA,RG,3870,1,D,PD,YB,D
11:28:03,PTBA,RG,3870,2,D,SQ,YB,D
11:28:03,PTBA,RG,3870,2,D,NI,YB,D
11:28:03,PTBA,RG,3870,20,D,CC,YB,D
11:28:03,PTBA,RG,3870,1,D,YP,YB,D
11:28:03,PTBA,RG,3870,1,D,XC,YB,D
11:28:03,PTBA,RG,3870,1,D,CC,YB,D
11:28:03,PTBA,RG,3870,2,D,NI,YB,D
11:28:03,PTBA,RG,3870,5,D,PD,YB,D
11:28:03,PTBA,RG,3870,34,D,AZ,YB,D
11:28:03,PTBA,RG,3880,1,D,SQ,AZ,D
11:28:03,PTBA,RG,3870,1,D,AZ,AK,F
11:27:54,PTBA,RG,3880,2,D,PD,AZ,D
11:27:53,PTBA,RG,3880,5,D,CC,AZ,D
11:27:50,PTBA,RG,3880,10,D,XL,AZ,D
11:27:48,PTBA,RG,3880,1,D,OD,AZ,D
11:27:48,PTBA,RG,3880,2,D,YP,AZ,D
11:27:48,PTBA,RG,3880,5,D,PD,AZ,D
11:27:48,PTBA,RG,3880,85,D,CC,AZ,D
11:27:48,PTBA,RG,3880,6,D,XC,AZ,D
11:27:46,PTBA,RG,3880,3,D,XC,RX,D
11:27:46,PTBA,RG,3880,1,D,XC,BK,F
11:27:46,PTBA,RG,3880,1,D,NI,BK,F
11:27:46,PTBA,RG,3880,1,D,YP,BK,F
11:27:46,PTBA,RG,3880,1,D,XC,BK,F
11:27:46,PTBA,RG,3880,1,D,CC,BK,F
11:27:46,PTBA,RG,3880,1,D,XC,BK,F
11:27:46,PTBA,RG,3880,3,D,HP,BK,F
11:27:46,PTBA,RG,3880,15,D,PD,BK,F
11:27:45,PTBA,RG,3880,3,D,PD,BQ,D
11:27:45,PTBA,RG,3880,2,D,CC,BQ,D
11:27:45,PTBA,RG,3880,1,D,PD,BQ,D
11:27:45,PTBA,RG,3880,1,D,SQ,BQ,D
11:27:45,PTBA,RG,3880,1,D,NI,BQ,D
11:27:45,PTBA,RG,3880,2,D,YP,BQ,D
11:27:45,PTBA,RG,3880,1,D,NI,BQ,D
11:27:45,PTBA,RG,3880,11,D,BB,BQ,D
11:27:45,PTBA,RG,3880,5,D,CP,BQ,D
11:27:45,PTBA,RG,3880,1,D,CC,BQ,D
11:27:45,PTBA,RG,3880,99,D,EP,BQ,D
11:27:45,PTBA,RG,3880,100,D,EP,BQ,D
11:27:45,PTBA,RG,3880,2,D,NI,BQ,D
11:27:45,PTBA,RG,3880,58,D,XC,BQ,D
11:27:45,PTBA,RG,3880,39,D,LG,BQ,D
11:27:45,PTBA,RG,3880,3,D,RO,BQ,D
11:27:45,PTBA,RG,3880,3,D,XL,BQ,D
11:27:45,PTBA,RG,3880,5,D,NI,BQ,D
11:27:45,PTBA,RG,3880,5,D,YP,BQ,D
11:27:45,PTBA,RG,3880,13,D,PD,BQ,D
11:27:45,PTBA,RG,3880,5,D,YP,BQ,D
11:27:45,PTBA,RG,3880,3,D,PD,BQ,D
11:27:45,PTBA,RG,3880,10,D,LG,BQ,D
11:27:45,PTBA,RG,3880,3,D,NI,BQ,D
11:27:45,PTBA,RG,3880,38,D,XC,BQ,D
11:27:45,PTBA,RG,3880,1,D,XC,BQ,D
11:27:45,PTBA,RG,3880,6,D,XL,BQ,D
11:27:45,PTBA,RG,3880,5,D,XC,BQ,D
11:27:45,PTBA,RG,3880,5,D,NI,BQ,D
11:27:45,PTBA,RG,3880,10,D,NI,BQ,D
11:27:45,PTBA,RG,3880,2,D,GR,BQ,D
11:27:45,PTBA,RG,3880,25,D,CC,BQ,D
11:27:45,PTBA,RG,3880,1,D,YP,BQ,D
11:27:45,PTBA,RG,3880,1,D,YB,BQ,D
11:27:45,PTBA,RG,3880,1,D,XC,BQ,D
11:27:45,PTBA,RG,3880,10,D,XL,BQ,D
11:27:45,PTBA,RG,3880,1,D,NI,BQ,D
11:27:45,PTBA,RG,3880,1,D,PD,BQ,D
11:27:45,PTBA,RG,3880,7,D,PD,BQ,D
11:27:45,PTBA,RG,3880,1,D,YP,BQ,D
11:27:45,PTBA,RG,3880,5,D,YP,BQ,D
11:27:45,PTBA,RG,3880,2,D,NI,BQ,D
11:27:45,PTBA,RG,3880,1,D,XC,BQ,D
11:27:45,PTBA,RG,3880,1,D,PD,BQ,D
11:27:45,PTBA,RG,3880,1,D,YP,BQ,D
11:27:45,PTBA,RG,3880,3,D,YP,BQ,D
11:27:45,PTBA,RG,3880,1,D,PD,BQ,D
11:27:45,PTBA,RG,3880,2,D,XL,BQ,D
11:27:45,PTBA,RG,3880,1,D,PD,BQ,D
11:27:45,PTBA,RG,3880,15,D,YP,BQ,D
11:27:45,PTBA,RG,3880,77,D,YP,BQ,D
11:27:44,PTBA,RG,3880,2,D,YP,RX,D
11:27:43,PTBA,RG,3880,23,D,YP,BK,F
11:27:42,PTBA,RG,3880,148,D,YP,BQ,D
11:27:42,PTBA,RG,3880,20,D,XC,BQ,D
11:27:42,PTBA,RG,3880,1,D,XC,BQ,D
11:27:42,PTBA,RG,3880,1,D,YP,BQ,D
11:27:42,PTBA,RG,3880,10,D,YP,BQ,D
11:27:42,PTBA,RG,3880,1,D,YP,BQ,D
11:27:42,PTBA,RG,3880,3,D,XC,BQ,D
11:27:42,PTBA,RG,3880,1,D,XC,BQ,D
11:27:42,PTBA,RG,3880,10,D,PD,BQ,D
11:27:42,PTBA,RG,3880,20,D,KK,BQ,D
11:27:42,PTBA,RG,3880,6,D,XC,BQ,D
11:27:42,PTBA,RG,3880,1,D,PD,BQ,D
11:27:42,PTBA,RG,3880,2,D,EP,BQ,D
11:27:42,PTBA,RG,3880,76,D,XC,BQ,D
11:27:40,PTBA,RG,3880,400,D,XC,BQ,D
11:27:39,PTBA,RG,3880,24,D,XC,BQ,D
11:27:39,PTBA,RG,3880,25,D,CC,BQ,D
11:27:39,PTBA,RG,3880,1,D,XC,BQ,D
11:27:39,PTBA,RG,3880,2,D,PD,BQ,D
11:27:39,PTBA,RG,3880,10,D,DR,BQ,D
11:27:39,PTBA,RG,3880,1,D,XC,BQ,D
11:27:39,PTBA,RG,3880,5,D,DR,BQ,D
11:27:39,PTBA,RG,3880,7,D,PD,BQ,D
11:27:39,PTBA,RG,3880,1,D,PD,BQ,D
11:27:39,PTBA,RG,3880,324,D,EP,BQ,D
11:27:39,PTBA,RG,3880,200,D,EP,BQ,D
11:27:38,PTBA,RG,3880,26,D,EP,BQ,D
11:27:38,PTBA,RG,3880,10,D,PD,BQ,D
11:27:38,PTBA,RG,3880,1,D,PD,BQ,D
11:27:38,PTBA,RG,3880,20,D,YP,BQ,D
11:27:38,PTBA,RG,3880,3,D,DH,BQ,D
11:27:38,PTBA,RG,3880,1,D,XC,BQ,D
11:27:38,PTBA,RG,3880,11,D,KK,BQ,D
11:27:38,PTBA,RG,3880,50,D,PD,BQ,D
11:27:38,PTBA,RG,3880,1,D,DH,BQ,D
11:27:38,PTBA,RG,3880,5,D,XL,BQ,D
11:27:38,PTBA,RG,3880,1,D,NI,BQ,D
11:27:38,PTBA,RG,3880,5,D,PD,BQ,D
11:27:38,PTBA,RG,3880,50,D,NI,BQ,D
11:27:38,PTBA,RG,3880,2,D,XC,BQ,D
11:27:38,PTBA,RG,3880,3,D,YP,BQ,D
11:27:38,PTBA,RG,3880,40,D,PD,BQ,D
11:27:38,PTBA,RG,3880,2,D,PD,BQ,D
11:27:38,PTBA,RG,3880,5,D,PD,BQ,D
11:27:38,PTBA,RG,3880,1,D,PD,BQ,D
11:27:38,PTBA,RG,3880,1,D,XC,BQ,D
11:27:38,PTBA,RG,3880,15,F,KK,BQ,D
11:27:38,PTBA,RG,3880,5,D,PD,BQ,D
11:27:38,PTBA,RG,3880,1,D,MU,BQ,D
11:27:38,PTBA,RG,3880,5,D,YB,BQ,D
11:27:38,PTBA,RG,3880,3,D,DR,BQ,D
11:27:38,PTBA,RG,3880,2,D,YP,BQ,D
11:27:38,PTBA,RG,3880,131,D,CC,BQ,D
11:27:37,PTBA,RG,3880,24,D,CC,BK,F
11:27:37,PTBA,RG,3880,3,D,CC,RX,D
11:27:37,PTBA,RG,3880,142,D,CC,BQ,D
11:27:37,PTBA,RG,3880,5,D,PD,BQ,D
11:27:37,PTBA,RG,3880,1,D,PD,BQ,D
11:27:37,PTBA,RG,3880,2,D,CC,BQ,D
11:27:37,PTBA,RG,3880,1,D,PD,BQ,D
11:27:37,PTBA,RG,3880,2,D,NI,BQ,D
11:27:37,PTBA,RG,3880,10,D,YP,BQ,D
11:27:37,PTBA,RG,3880,10,D,NI,BQ,D
11:27:37,PTBA,RG,3880,1,D,PD,BQ,D
11:27:37,PTBA,RG,3880,5,D,XC,BQ,D
11:27:37,PTBA,RG,3880,2,D,KK,BQ,D
11:27:37,PTBA,RG,3880,2,D,LG,BQ,D
11:27:37,PTBA,RG,3880,2,D,XC,BQ,D
11:27:37,PTBA,RG,3880,1,D,XL,BQ,D
11:27:37,PTBA,RG,3880,20,D,KK,BQ,D
11:27:37,PTBA,RG,3880,1,D,NI,BQ,D
11:27:37,PTBA,RG,3880,6,D,XC,BQ,D
11:27:37,PTBA,RG,3880,1,D,XC,BQ,D
11:27:37,PTBA,RG,3880,8,D,XC,BQ,D
11:27:37,PTBA,RG,3880,10,D,YP,BQ,D
11:27:37,PTBA,RG,3880,1,D,NI,BQ,D
11:27:37,PTBA,RG,3880,10,D,YP,BQ,D
11:27:37,PTBA,RG,3880,11,D,PD,BQ,D
11:27:37,PTBA,RG,3880,3,D,PD,BQ,D
11:27:37,PTBA,RG,3880,10,D,KK,BQ,D
11:27:37,PTBA,RG,3880,2,D,AZ,BQ,D
11:27:37,PTBA,RG,3880,1,D,YP,BQ,D
11:27:37,PTBA,RG,3880,1,D,GR,BQ,D
11:27:37,PTBA,RG,3880,5,D,PD,BQ,D
11:27:37,PTBA,RG,3880,5,D,CC,BQ,D
11:27:37,PTBA,RG,3880,10,D,NI,BQ,D
11:27:37,PTBA,RG,3880,1,D,XC,BQ,D
11:27:37,PTBA,RG,3880,50,D,KK,BQ,D
11:27:37,PTBA,RG,3880,1,D,XC,BQ,D
11:27:37,PTBA,RG,3880,100,D,BQ,BQ,D
11:27:37,PTBA,RG,3880,10,D,YP,BQ,D
11:27:37,PTBA,RG,3880,3,D,LG,BQ,D
11:27:37,PTBA,RG,3880,200,D,LS,BQ,D
11:27:37,PTBA,RG,3880,4,D,AT,BQ,D
11:27:37,PTBA,RG,3880,1,D,NI,BQ,D
11:27:37,PTBA,RG,3880,3,D,KK,BQ,D
11:27:37,PTBA,RG,3880,1,D,CC,BQ,D
11:27:37,PTBA,RG,3880,1,D,YB,BQ,D
11:27:37,PTBA,RG,3880,1,D,XL,BQ,D
11:27:37,PTBA,RG,3880,2,D,YP,BQ,D
11:27:37,PTBA,RG,3880,3,D,DR,BQ,D
11:27:37,PTBA,RG,3880,3,D,XC,BQ,D
11:27:37,PTBA,RG,3880,50,D,XC,BQ,D
11:27:37,PTBA,RG,3880,4,D,XC,BQ,D
11:27:37,PTBA,RG,3880,71,D,GR,BQ,D
11:27:37,PTBA,RG,3880,179,D,GR,BK,F
11:27:37,PTBA,RG,3880,71,D,CC,BK,F
11:27:37,PTBA,RG,3880,289,D,CC,BQ,D
11:27:37,PTBA,RG,3880,25,D,XC,BQ,D
11:27:37,PTBA,RG,3880,5,D,YP,BQ,D
11:27:37,PTBA,RG,3880,1,D,YP,BQ,D
11:27:37,PTBA,RG,3880,3,D,XC,BQ,D
11:27:37,PTBA,RG,3880,10,D,XL,BQ,D
11:27:37,PTBA,RG,3880,5,D,NI,BQ,D
11:27:37,PTBA,RG,3880,1,D,YP,BQ,D
11:27:37,PTBA,RG,3880,61,D,GR,BQ,D
11:27:35,PTBA,RG,3880,250,D,GR,BK,F
11:27:35,PTBA,RG,3880,3,D,GR,RX,D
11:27:34,PTBA,RG,3880,250,D,GR,BK,F
11:27:34,PTBA,RG,3880,95,D,GR,XC,D
11:27:33,PTBA,RG,3880,250,D,GR,BK,F
11:27:33,PTBA,RG,3880,1,D,GR,AK,F
11:27:15,PTBA,RG,3880,90,D,GR,BK,F
11:27:15,PTBA,RG,3880,1,D,XL,BK,F
11:27:15,PTBA,RG,3880,1,D,PD,BK,F
11:27:15,PTBA,RG,3880,10,D,SQ,BK,F
11:27:15,PTBA,RG,3880,10,D,DR,BK,F
11:27:15,PTBA,RG,3880,5,D,DR,BK,F
11:27:15,PTBA,RG,3880,1,D,XL,BK,F
11:27:15,PTBA,RG,3880,5,D,EP,BK,F
11:27:15,PTBA,RG,3880,127,D,XC,BK,F
11:27:15,PTBA,RG,3880,4,D,XC,AK,F
11:27:12,PTBA,RG,3890,1,D,LG,CC,F
11:27:05,PTBA,RG,3890,1,D,OD,CC,F
11:26:56,PTBA,RG,3880,1,D,XC,PD,D
11:26:49,PTBA,RG,3880,5,D,XC,XC,D
11:26:38,PTBA,RG,3890,1,D,XL,BB,F
11:26:33,PTBA,RG,3880,1,D,XC,AK,F
11:26:23,PTBA,RG,3890,1,D,SQ,BB,F
11:26:20,PTBA,RG,3880,62,D,XC,BB,F
11:26:20,PTBA,RG,3880,1,D,PD,BB,F
11:26:20,PTBA,RG,3880,1,D,YP,BB,F
11:26:20,PTBA,RG,3880,10,D,YB,BB,F
11:26:20,PTBA,RG,3880,4,D,YP,BB,F
11:26:20,PTBA,RG,3880,1,D,NI,BB,F
11:26:20,PTBA,RG,3880,1,D,XC,BB,F
11:26:20,PTBA,RG,3880,1,D,PD,BB,F
11:26:20,PTBA,RG,3880,1,D,BQ,BB,F
11:26:20,PTBA,RG,3880,5,D,NI,BB,F
11:26:20,PTBA,RG,3880,1,D,PD,BB,F
11:26:20,PTBA,RG,3880,2,D,PD,BB,F
11:26:20,PTBA,RG,3880,1,D,AT,BB,F
11:26:20,PTBA,RG,3880,319,D,GR,BB,F
11:26:10,PTBA,RG,3890,1,D,YP,BB,F
11:26:10,PTBA,RG,3890,1,D,YP,BB,D
11:26:10,PTBA,RG,3890,1,D,YP,NI,D
11:26:07,PTBA,RG,3880,152,D,GR,PD,D
11:26:06,PTBA,RG,3880,10,D,GR,PD,D
11:26:02,PTBA,RG,3880,25,D,GR,PD,D
11:26:00,PTBA,RG,3880,3,D,GR,AK,F
11:25:57,PTBA,RG,3880,10,D,GR,XL,D
11:25:48,PTBA,RG,3880,1,D,GR,AK,F
11:25:45,PTBA,RG,3880,1,D,GR,AK,F
11:25:35,PTBA,RG,3880,6,D,GR,YP,D
11:25:18,PTBA,RG,3880,1,D,GR,AK,F
11:24:45,PTBA,RG,3880,2,D,GR,AK,F
11:24:15,PTBA,RG,3880,225,D,GR,XL,D
11:24:09,PTBA,RG,3890,5,D,SQ,NI,D
11:24:00,PTBA,RG,3880,1,D,GR,AK,F
11:24:00,PTBA,RG,3890,1,D,XC,NI,D
11:23:57,PTBA,RG,3890,2,D,XC,NI,D
11:23:47,PTBA,RG,3880,20,D,GR,CD,D
11:23:47,PTBA,RG,3890,5,D,XC,NI,D
11:23:46,PTBA,RG,3880,242,D,GR,PD,D
11:23:43,PTBA,RG,3890,1,D,XC,NI,D
11:23:39,PTBA,RG,3890,3,D,PD,NI,D
11:23:04,PTBA,RG,3880,1,D,GR,PD,D
11:23:00,PTBA,RG,3890,15,D,CC,NI,D
11:23:00,PTBA,RG,3890,1,D,YP,NI,D
11:23:00,PTBA,RG,3890,10,D,BB,NI,D
11:23:00,PTBA,RG,3890,2,D,YP,NI,D
11:23:00,PTBA,RG,3890,54,D,XC,NI,D
11:22:57,PTBA,RG,3890,100,D,XC,NI,D
11:22:46,PTBA,RG,3890,1,D,XC,PD,D
11:22:43,PTBA,RG,3890,8,D,XC,XL,D
11:22:38,PTBA,RG,3890,23,D,XC,PD,D
11:22:37,PTBA,RG,3890,31,D,XC,CC,D
11:22:36,PTBA,RG,3890,100,D,XC,YP,D
11:22:30,PTBA,RG,3890,2,D,XC,AK,F
11:22:16,PTBA,RG,3890,107,D,XC,BB,F
11:22:16,PTBA,RG,3890,8,D,YP,BB,F
11:22:16,PTBA,RG,3890,10,D,XC,BB,F
11:22:16,PTBA,RG,3890,2,D,YP,BB,F
11:22:16,PTBA,RG,3890,5,D,KK,BB,F
11:22:16,PTBA,RG,3890,20,D,CC,BB,F
11:22:16,PTBA,RG,3890,13,D,PD,BB,F
11:22:16,PTBA,RG,3890,10,D,NI,BB,F
11:22:16,PTBA,RG,3890,5,D,YP,BB,F
11:22:16,PTBA,RG,3890,20,D,XC,BB,F
11:22:16,PTBA,RG,3890,100,D,CP,BB,F
11:22:16,PTBA,RG,3890,2,D,YP,BB,F
11:22:16,PTBA,RG,3890,23,F,BK,BB,F
11:22:16,PTBA,RG,3890,56,D,BB,BB,F
11:22:16,PTBA,RG,3890,97,D,YP,BB,F
11:22:14,PTBA,RG,3900,2,D,PD,AZ,D
11:21:47,PTBA,RG,3890,4,D,YP,XL,D
11:21:33,PTBA,RG,3890,2,D,YP,AK,F
11:21:30,PTBA,RG,3900,1,D,YP,AZ,D
11:21:19,PTBA,RG,3900,3,D,PD,AZ,D
11:21:19,PTBA,RG,3900,2,D,PD,AZ,D
11:21:17,PTBA,RG,3890,1,D,YP,AK,F
11:21:17,PTBA,RG,3890,1,D,YP,AK,F
11:20:57,PTBA,RG,3890,30,D,YP,CC,D
11:20:52,PTBA,RG,3890,1,D,YP,AK,F
11:20:35,PTBA,RG,3890,70,D,YP,PD,D
11:20:17,PTBA,RG,3900,2,D,BB,AZ,D
11:20:17,PTBA,RG,3900,7,D,BB,BK,F
11:19:23,PTBA,RG,3890,10,D,YP,DH,D
11:19:23,PTBA,RG,3890,50,D,YP,YP,D
11:19:23,PTBA,RG,3890,20,D,YP,CC,D
11:19:23,PTBA,RG,3890,10,D,YP,AZ,D
11:19:23,PTBA,RG,3890,1,D,YP,YP,D
11:19:23,PTBA,RG,3890,4,D,YP,BB,D
11:19:23,PTBA,RG,3890,1,D,YP,AK,F
11:19:23,PTBA,RG,3890,2,D,YP,AK,F
11:19:23,PTBA,RG,3890,31,D,YP,CC,D
11:19:23,PTBA,RG,3890,21,D,YP,BK,F
11:19:23,PTBA,RG,3890,125,D,YP,CC,F
11:19:23,PTBA,RG,3890,19,D,YP,BB,F
11:19:07,PTBA,RG,3880,1,D,GR,AK,F
11:19:00,PTBA,RG,3890,15,D,YP,BB,F
11:18:52,PTBA,RG,3890,5,D,YP,BB,F
11:18:37,PTBA,RG,3890,20,D,XC,BB,F
11:18:03,PTBA,RG,3890,5,D,NI,BB,F
11:17:56,PTBA,RG,3890,5,D,PD,BB,F
11:17:55,PTBA,RG,3890,1,D,YP,BB,F
11:17:36,PTBA,RG,3890,2,D,KK,BB,F
11:17:36,PTBA,RG,3890,23,D,KK,YP,D
11:17:29,PTBA,RG,3890,27,D,YP,YP,D
11:17:29,PTBA,RG,3890,84,D,YP,YP,D
11:17:29,PTBA,RG,3890,3,D,XL,YP,D
11:17:27,PTBA,RG,3890,13,D,ZP,YP,D
11:17:27,PTBA,RG,3890,35,D,ZP,CC,D
11:17:27,PTBA,RG,3890,32,D,ZP,CC,D
11:17:27,PTBA,RG,3890,4,D,ZP,AK,F
11:17:27,PTBA,RG,3890,1,D,ZP,AK,F
11:17:27,PTBA,RG,3890,50,D,ZP,AZ,D
11:17:27,PTBA,RG,3890,15,D,ZP,RX,D
11:17:25,PTBA,RG,3890,20,F,NI,RX,D
11:17:23,PTBA,RG,3890,10,D,AR,RX,D
11:17:23,PTBA,RG,3890,10,D,AR,RX,D
11:17:23,PTBA,RG,3890,8,D,AR,RX,D
11:17:23,PTBA,RG,3890,87,D,AR,RX,D
11:17:23,PTBA,RG,3890,57,D,AR,BK,F
11:17:23,PTBA,RG,3890,3,D,AR,BB,D
11:17:23,PTBA,RG,3890,18,D,AR,BB,F
11:17:23,PTBA,RG,3890,57,D,AR,CC,D
11:17:14,PTBA,RG,3890,2,D,KK,CC,D
11:17:07,PTBA,RG,3880,1,D,GR,AK,F
11:16:53,PTBA,RG,3890,2,D,NI,CC,D
11:16:50,PTBA,RG,3880,15,D,GR,SQ,D
11:16:45,PTBA,RG,3880,4,D,GR,AK,F
11:16:39,PTBA,RG,3890,10,D,XC,CC,D
11:16:23,PTBA,RG,3890,12,D,XL,CC,D
11:16:22,PTBA,RG,3880,1,D,GR,AK,F
11:16:16,PTBA,RG,3890,10,D,XC,CC,D
11:16:05,PTBA,RG,3880,28,D,GR,RX,D
11:16:04,PTBA,RG,3880,19,D,GR,RX,D
11:16:03,PTBA,RG,3880,2,D,GR,NI,D
11:15:59,PTBA,RG,3880,21,D,GR,BK,F
11:15:58,PTBA,RG,3880,389,D,GR,BB,F
11:15:58,PTBA,RG,3880,2,D,NI,BB,F
11:15:58,PTBA,RG,3880,10,D,XL,BB,F
11:15:58,PTBA,RG,3880,1,D,XC,BB,F
11:15:58,PTBA,RG,3880,1,D,PD,BB,F
11:15:58,PTBA,RG,3880,53,D,CC,BB,F
11:15:55,PTBA,RG,3890,1,D,PD,CC,D
11:15:44,PTBA,RG,3890,10,D,LG,CC,D
11:15:35,PTBA,RG,3890,87,D,DR,CC,D
11:15:35,PTBA,RG,3890,3,D,XL,CC,D
11:15:35,PTBA,RG,3890,1,D,YP,CC,D
11:15:35,PTBA,RG,3890,7,D,CC,CC,D
11:15:35,PTBA,RG,3890,5,D,NI,CC,D
11:15:35,PTBA,RG,3890,100,D,CC,CC,D
11:15:35,PTBA,RG,3890,1,D,PD,CC,D
11:15:35,PTBA,RG,3890,6,D,YP,CC,D
11:15:35,PTBA,RG,3890,425,D,XC,CC,D
11:15:35,PTBA,RG,3890,1,D,XL,CC,D
11:15:35,PTBA,RG,3890,8,D,CC,CC,D
11:15:35,PTBA,RG,3890,4,D,XL,CC,D
11:15:35,PTBA,RG,3890,5,D,DX,CC,D
11:15:35,PTBA,RG,3890,40,D,PD,CC,D
11:15:35,PTBA,RG,3890,1,D,YP,CC,D
11:15:35,PTBA,RG,3890,15,D,XC,CC,D
11:15:35,PTBA,RG,3890,1,D,IN,CC,D
11:15:35,PTBA,RG,3890,25,D,XC,CC,D
11:15:35,PTBA,RG,3890,5,D,HP,CC,D
11:15:35,PTBA,RG,3890,50,D,PD,CC,D
11:15:35,PTBA,RG,3890,3,D,PD,CC,D
11:15:35,PTBA,RG,3890,25,D,PD,CC,D
11:15:35,PTBA,RG,3890,2,D,YP,CC,D
11:15:35,PTBA,RG,3890,1,D,PD,CC,D
11:15:35,PTBA,RG,3890,1,D,LG,CC,D
11:15:35,PTBA,RG,3890,1,D,XC,CC,D
11:15:35,PTBA,RG,3890,2,D,PD,CC,D
11:15:35,PTBA,RG,3890,4,D,XL,CC,D
11:15:35,PTBA,RG,3890,3,D,PD,CC,D
11:15:35,PTBA,RG,3890,2,D,CC,CC,D
11:15:35,PTBA,RG,3890,25,D,PD,CC,D
11:15:35,PTBA,RG,3890,10,D,XC,CC,D
11:15:35,PTBA,RG,3890,2,D,PD,CC,D
11:15:35,PTBA,RG,3890,19,D,BB,CC,D
11:15:35,PTBA,RG,3890,2,D,YP,CC,D
11:15:35,PTBA,RG,3890,4,D,PD,CC,D
11:15:35,PTBA,RG,3890,1,D,PD,BB,D
11:15:30,PTBA,RG,3890,2,D,PD,AK,F
11:15:22,PTBA,RG,3890,1,D,PD,AK,F
11:15:16,PTBA,RG,3900,1,D,DH,BK,F
11:14:09,PTBA,RG,3890,2,D,PD,CC,D
11:14:09,PTBA,RG,3890,1,D,XL,CC,D
11:14:09,PTBA,RG,3890,1,D,XC,CC,D
11:14:09,PTBA,RG,3890,1,D,YP,CC,D
11:14:09,PTBA,RG,3890,2,D,YP,CC,D
11:14:09,PTBA,RG,3890,1,D,XL,CC,D
11:14:09,PTBA,RG,3890,3,D,XC,CC,D
11:14:09,PTBA,RG,3890,1,D,YP,CC,D
11:14:09,PTBA,RG,3890,20,D,BQ,CC,D
11:14:07,PTBA,RG,3890,1,D,BQ,AK,F
11:14:03,PTBA,RG,3890,5,D,BQ,RX,D
11:14:03,PTBA,RG,3900,23,D,BB,BK,F
11:14:03,PTBA,RG,3900,1,D,BB,BB,D
11:14:03,PTBA,RG,3900,4,D,BB,BB,F
11:14:00,PTBA,RG,3890,2,D,BQ,AK,F
11:13:55,PTBA,RG,3890,122,D,BQ,CC,D
11:13:55,PTBA,RG,3890,45,D,BQ,CC,D
11:13:37,PTBA,RG,3890,1,D,BQ,NI,D
11:13:22,PTBA,RG,3890,1,D,BQ,AK,F
11:13:22,PTBA,RG,3890,2,D,BQ,BB,D
11:12:46,PTBA,RG,3890,6,D,BQ,RX,D
11:12:23,PTBA,RG,3890,35,D,BQ,CC,D
11:12:22,PTBA,RG,3890,1,D,BQ,AK,F
11:12:17,PTBA,RG,3900,1,D,PD,BB,F
11:12:00,PTBA,RG,3890,2,D,BQ,AK,F
11:11:52,PTBA,RG,3890,1,D,BQ,AK,F
11:11:44,PTBA,RG,3900,1,D,XC,BB,F
11:11:35,PTBA,RG,3900,10,D,YP,BB,F
11:11:24,PTBA,RG,3890,3,D,BQ,BB,D
11:10:52,PTBA,RG,3890,1,D,BQ,AK,F
11:10:43,PTBA,RG,3890,32,D,BQ,CC,D
11:10:26,PTBA,RG,3890,1,D,BQ,NI,D
11:10:24,PTBA,RG,3890,19,D,BQ,KK,D
11:10:24,PTBA,RG,3890,61,D,BQ,KK,D
11:10:15,PTBA,RG,3890,2,D,BQ,AK,F
11:10:14,PTBA,RG,3890,25,D,BQ,RX,D
11:10:07,PTBA,RG,3890,1,D,BQ,AK,F
11:09:39,PTBA,RG,3890,11,D,BQ,YU,D
11:09:25,PTBA,RG,3900,4,D,BB,BB,F
11:09:21,PTBA,RG,3900,100,D,NI,BB,F
11:09:21,PTBA,RG,3890,1,D,BQ,AK,F
11:09:21,PTBA,RG,3890,2,D,BQ,BB,D
11:09:06,PTBA,RG,3890,47,D,BQ,YP,D
11:09:06,PTBA,RG,3890,53,D,BQ,YP,D
11:09:03,PTBA,RG,3890,32,D,BQ,CC,D
11:09:01,PTBA,RG,3890,5,D,BQ,CC,D
11:08:55,PTBA,RG,3890,34,D,BQ,YP,D
11:08:52,PTBA,RG,3890,1,D,BQ,AK,F
11:08:48,PTBA,RG,3890,1,D,BQ,XC,D
11:08:40,PTBA,RG,3890,2,D,BQ,XC,D
11:08:14,PTBA,RG,3890,19,D,BQ,RX,D
11:08:00,PTBA,RG,3890,3,D,BQ,AK,F
11:07:52,PTBA,RG,3890,1,D,BQ,AK,F
11:07:22,PTBA,RG,3890,5,D,BQ,RX,D
11:07:19,PTBA,RG,3890,21,D,BQ,RX,D
11:07:19,PTBA,RG,3890,35,D,BQ,CC,D
11:07:07,PTBA,RG,3890,1,D,BQ,AK,F
11:07:00,PTBA,RG,3890,2,D,BQ,BB,D
11:06:49,PTBA,RG,3890,21,D,BQ,BK,F
11:06:46,PTBA,RG,3890,214,D,BQ,BB,F
11:06:46,PTBA,RG,3890,200,D,BQ,BB,F
11:06:46,PTBA,RG,3890,1,D,AT,BB,F
11:06:46,PTBA,RG,3890,1,D,XL,BB,F
11:06:46,PTBA,RG,3890,20,D,BB,BB,F
11:06:46,PTBA,RG,3890,1,D,YP,BB,F
11:06:46,PTBA,RG,3890,3,D,SQ,BB,F
11:06:46,PTBA,RG,3890,2,D,XL,BB,F
11:06:46,PTBA,RG,3890,10,D,SQ,BB,F
11:06:46,PTBA,RG,3890,3,D,XL,BB,F
11:06:46,PTBA,RG,3890,1,D,PD,BB,F
11:06:46,PTBA,RG,3890,1,D,CC,BB,F
11:06:46,PTBA,RG,3890,2,D,XL,BB,F
11:06:46,PTBA,RG,3890,10,D,PD,BB,F
11:06:37,PTBA,RG,3890,1,D,GR,AK,F
11:06:30,PTBA,RG,3890,2,D,GR,AK,F
11:06:23,PTBA,RG,3890,2,D,GR,XC,D
11:06:23,PTBA,RG,3890,1,D,XL,XC,D
11:06:23,PTBA,RG,3890,1,D,YP,XC,D
11:06:23,PTBA,RG,3890,8,D,XC,XC,D
11:06:23,PTBA,RG,3890,4,D,BQ,XC,D
11:06:20,PTBA,RG,3890,10,D,BQ,PD,D
11:06:07,PTBA,RG,3890,1,D,BQ,AK,F
11:05:53,PTBA,RG,3890,100,D,BQ,YP,D
11:05:39,PTBA,RG,3890,34,D,BQ,CC,D
11:05:22,PTBA,RG,3890,1,D,BQ,AK,F
11:05:21,PTBA,RG,3900,5,D,PD,BB,F
11:05:10,PTBA,RG,3900,2,D,PD,BB,F
11:05:02,PTBA,RG,3890,3,D,BQ,PD,D
11:04:56,PTBA,RG,3890,47,D,BQ,YP,D
11:04:56,PTBA,RG,3890,53,D,BQ,YP,D
11:04:52,PTBA,RG,3890,1,D,BQ,AK,F
11:04:52,PTBA,RG,3900,10,D,PD,BB,F
11:04:47,PTBA,RG,3890,1,D,BQ,AT,D
11:04:39,PTBA,RG,3890,3,D,BQ,BB,D
11:04:35,PTBA,RG,3900,10,D,DR,BB,F
11:04:23,PTBA,RG,3890,92,D,BQ,YP,D
11:04:23,PTBA,RG,3890,200,D,BQ,YP,D
11:04:23,PTBA,RG,3890,100,D,BQ,YP,D
11:04:23,PTBA,RG,3890,1,D,PD,YP,D
11:04:23,PTBA,RG,3890,1,D,XL,YP,D
11:04:23,PTBA,RG,3890,2,D,XC,YP,D
11:04:23,PTBA,RG,3890,1,D,PD,YP,D
11:04:23,PTBA,RG,3890,3,D,MG,YP,D
11:04:22,PTBA,RG,3890,1,D,MG,AK,F
11:03:53,PTBA,RG,3890,11,D,MG,CC,D
11:03:53,PTBA,RG,3890,1,D,YP,CC,D
11:03:53,PTBA,RG,3890,10,D,XC,CC,D
11:03:53,PTBA,RG,3890,15,D,BB,CC,D
11:03:53,PTBA,RG,3890,13,D,CC,CC,D
11:03:52,PTBA,RG,3890,1,D,CC,AK,F
11:03:49,PTBA,RG,3890,21,D,CC,BK,F
11:03:48,PTBA,RG,3890,25,D,CC,CC,D
11:03:48,PTBA,RG,3890,10,D,YP,CC,D
11:03:48,PTBA,RG,3890,1,D,YP,CC,D
11:03:48,PTBA,RG,3890,5,D,PD,CC,D
11:03:48,PTBA,RG,3890,9,D,CC,CC,D
11:03:48,PTBA,RG,3890,10,D,OD,CC,D
11:03:48,PTBA,RG,3890,40,D,CP,CC,D
11:03:11,PTBA,RG,3900,2,D,XL,BB,F
11:03:07,PTBA,RG,3890,1,D,CP,AK,F
11:02:54,PTBA,RG,3890,100,D,CP,YP,D
11:02:37,PTBA,RG,3890,1,D,CP,AK,F
11:02:32,PTBA,RG,3900,10,D,PD,BB,F
11:02:21,PTBA,RG,3890,2,D,CP,BB,D
11:01:53,PTBA,RG,3900,1,D,YP,BB,F
11:01:52,PTBA,RG,3890,1,D,CP,AK,F
11:01:39,PTBA,RG,3900,6,D,XL,BB,F
11:01:32,PTBA,RG,3900,62,D,SQ,BB,F
11:01:32,PTBA,RG,3900,88,D,SQ,YP,D
11:01:18,PTBA,RG,3890,500,D,CP,YP,D
11:01:07,PTBA,RG,3890,1,D,CP,AK,F
11:00:41,PTBA,RG,3900,12,D,XL,YP,D
11:00:30,PTBA,RG,3890,15,D,CP,PD,D
11:00:24,PTBA,RG,3890,4,D,CP,BB,D
11:00:08,PTBA,RG,3890,5,D,CP,YP,D
10:59:52,PTBA,RG,3900,11,D,XL,YP,D
10:59:51,PTBA,RG,3890,23,D,CP,BK,F
10:59:47,PTBA,RG,3890,107,D,CP,YP,D
10:59:47,PTBA,RG,3890,27,D,BB,YP,D
10:59:47,PTBA,RG,3890,1,D,PD,YP,D
10:59:47,PTBA,RG,3890,2,D,PD,YP,D
10:59:47,PTBA,RG,3890,2,D,YP,YP,D
10:59:47,PTBA,RG,3890,15,D,PD,YP,D
10:59:47,PTBA,RG,3890,2,D,DH,YP,D
10:59:47,PTBA,RG,3890,1,D,YP,YP,D
10:59:47,PTBA,RG,3890,1,D,IF,YP,D
10:59:47,PTBA,RG,3890,20,D,MG,YP,D
10:59:47,PTBA,RG,3890,1,D,PD,YP,D
10:59:47,PTBA,RG,3890,215,D,XC,YP,D
10:59:47,PTBA,RG,3890,1,D,XC,YP,D
10:59:47,PTBA,RG,3890,105,D,BQ,YP,D
10:59:35,PTBA,RG,3900,27,D,EP,YP,D
10:59:32,PTBA,RG,3900,1,D,YP,YP,D
10:58:48,PTBA,RG,3900,1,D,XL,YP,D
10:58:48,PTBA,RG,3900,1,D,XL,YP,D
10:58:27,PTBA,RG,3900,59,D,NI,YP,D
10:58:27,PTBA,RG,3900,30,D,NI,XC,D
10:58:27,PTBA,RG,3900,2,D,NI,AK,F
10:58:27,PTBA,RG,3900,3,D,NI,AK,F
10:58:27,PTBA,RG,3900,30,D,NI,OD,D
10:58:27,PTBA,RG,3900,500,D,NI,YP,D
10:58:27,PTBA,RG,3900,4,D,NI,RX,D
10:58:27,PTBA,RG,3900,7,D,NI,NI,D
10:58:27,PTBA,RG,3900,10,D,NI,YP,D
10:58:27,PTBA,RG,3900,1,D,NI,XC,D
10:58:27,PTBA,RG,3900,18,D,NI,YP,D
10:58:27,PTBA,RG,3900,20,D,NI,YP,D
10:58:27,PTBA,RG,3900,1,D,NI,AK,F
10:58:27,PTBA,RG,3900,3,D,NI,AK,F
10:58:27,PTBA,RG,3900,150,D,NI,AZ,D
10:58:27,PTBA,RG,3900,11,D,NI,RX,D
10:58:27,PTBA,RG,3900,12,D,NI,RX,D
10:58:27,PTBA,RG,3900,39,D,NI,RX,D
10:58:27,PTBA,RG,3900,90,D,NI,RX,D
10:58:22,PTBA,RG,3890,1,D,BQ,AK,F
10:58:06,PTBA,RG,3900,4,D,XL,BK,F
10:58:04,PTBA,RG,3890,1,D,BQ,BB,D
10:57:34,PTBA,RG,3900,12,D,XC,BK,F
10:57:34,PTBA,RG,3890,93,D,BQ,BB,F
10:57:34,PTBA,RG,3890,400,D,BQ,BB,F
10:57:34,PTBA,RG,3890,6,D,BB,BB,F
10:57:34,PTBA,RG,3890,1,D,YP,BB,F
10:57:34,PTBA,RG,3890,3,D,XC,BB,F
10:57:34,PTBA,RG,3890,5,D,PD,BB,F
10:57:34,PTBA,RG,3890,19,D,PD,BB,F
10:57:28,PTBA,RG,3900,2,D,XL,BK,F
10:57:22,PTBA,RG,3890,1,D,PD,AK,F
10:57:09,PTBA,RG,3890,10,D,PD,KK,D
10:56:52,PTBA,RG,3890,1,D,PD,AK,F
10:56:22,PTBA,RG,3890,1,D,PD,AK,F
10:56:16,PTBA,RG,3890,21,D,PD,RX,D
10:56:09,PTBA,RG,3890,21,D,PD,BK,F
10:56:08,PTBA,RG,3890,51,D,PD,YP,D
10:56:08,PTBA,RG,3890,5,D,CC,YP,D
10:56:08,PTBA,RG,3890,10,D,NI,YP,D
10:56:08,PTBA,RG,3890,216,D,XC,YP,D
10:56:08,PTBA,RG,3890,20,F,BK,YP,D
10:56:08,PTBA,RG,3890,1,D,NI,YP,D
10:56:08,PTBA,RG,3890,5,D,PD,YP,D
10:56:08,PTBA,RG,3890,25,D,XC,YP,D
10:56:08,PTBA,RG,3890,1,D,PD,YP,D
10:56:08,PTBA,RG,3890,1,D,NI,YP,D
10:56:08,PTBA,RG,3890,6,D,BB,YP,D
10:56:08,PTBA,RG,3890,13,D,BQ,YP,D
10:56:08,PTBA,RG,3890,146,D,CP,YP,D
10:56:04,PTBA,RG,3890,1,D,CP,BB,D
10:55:52,PTBA,RG,3890,1,D,CP,AK,F
10:55:32,PTBA,RG,3890,2,D,CP,KK,D
10:55:31,PTBA,RG,3890,100,D,CP,YP,D
10:55:30,PTBA,RG,3900,2,D,NI,BK,F
10:55:29,PTBA,RG,3890,5,D,CP,BQ,D
10:55:22,PTBA,RG,3890,5,D,CP,BQ,D
10:55:18,PTBA,RG,3890,4,D,CP,XC,D
10:55:07,PTBA,RG,3890,1,D,CP,AK,F
10:55:04,PTBA,RG,3900,1,D,LG,BK,F
10:55:01,PTBA,RG,3890,3,D,CP,NI,D
10:54:46,PTBA,RG,3890,6,D,CP,RX,D
10:54:46,PTBA,RG,3890,20,D,CP,RX,D
10:54:45,PTBA,RG,3890,8,D,CP,AK,F
10:54:40,PTBA,RG,3890,298,D,CP,YP,D
10:54:40,PTBA,RG,3890,1,D,CC,YP,D
10:54:40,PTBA,RG,3890,1,D,CC,YP,D
10:54:40,PTBA,RG,3890,200,D,BQ,YP,D
10:54:37,PTBA,RG,3890,1,D,XC,AK,F
10:54:35,PTBA,RG,3890,1,D,XC,PD,D
10:54:35,PTBA,RG,3890,1,D,XC,PD,D
10:54:35,PTBA,RG,3890,1,D,KK,PD,D
10:54:35,PTBA,RG,3890,1,D,YP,PD,D
10:54:35,PTBA,RG,3890,1,D,PD,PD,D
10:54:35,PTBA,RG,3890,1,D,CC,PD,D
10:54:35,PTBA,RG,3890,1,D,XL,PD,D
10:54:35,PTBA,RG,3890,1,D,PD,PD,D
10:54:35,PTBA,RG,3890,3,D,PD,PD,D
10:54:35,PTBA,RG,3890,10,D,XC,PD,D
10:54:35,PTBA,RG,3890,10,D,CC,PD,D
10:54:35,PTBA,RG,3890,6,D,BB,PD,D
10:54:14,PTBA,RG,3900,10,D,HP,BK,F
10:54:07,PTBA,RG,3890,1,D,BB,AK,F
10:54:02,PTBA,RG,3900,1,D,KK,BK,F
10:54:00,PTBA,RG,3890,2,D,BB,RX,D
10:54:00,PTBA,RG,3890,1,D,XC,RX,D
10:54:00,PTBA,RG,3890,1,D,PD,RX,D
10:54:00,PTBA,RG,3890,3,D,XL,RX,D
10:54:00,PTBA,RG,3890,13,D,CC,RX,D
10:54:00,PTBA,RG,3890,5,D,CC,RX,D
10:53:57,PTBA,RG,3890,2,D,CC,BB,D
10:53:52,PTBA,RG,3900,1,D,PD,BK,F
10:53:44,PTBA,RG,3890,10,D,CC,PD,D
10:53:44,PTBA,RG,3890,9,D,CC,PD,D
10:53:44,PTBA,RG,3890,10,D,CP,PD,D
10:53:44,PTBA,RG,3890,2,D,PD,PD,D
10:53:44,PTBA,RG,3890,3,D,YP,PD,D
10:53:44,PTBA,RG,3890,36,D,KK,PD,D
10:53:43,PTBA,RG,3900,2,D,BB,BK,F
10:53:43,PTBA,RG,3900,7,D,BB,CC,F
10:53:37,PTBA,RG,3890,1,D,KK,AK,F
10:53:36,PTBA,RG,3900,1,D,PD,CC,F
10:53:15,PTBA,RG,3890,3,D,KK,AK,F
10:53:08,PTBA,RG,3890,10,D,KK,CC,D
10:53:00,PTBA,RG,3890,100,D,KK,CC,D
10:52:52,PTBA,RG,3890,1,D,KK,AK,F
10:52:39,PTBA,RG,3890,1,D,KK,BB,D
10:52:32,PTBA,RG,3890,1,D,KK,CC,D
10:52:22,PTBA,RG,3890,1,D,KK,AK,F
10:52:05,PTBA,RG,3890,24,D,KK,RX,D
10:51:57,PTBA,RG,3890,122,D,KK,YP,D
10:51:57,PTBA,RG,3890,9,D,BB,YP,D
10:51:57,PTBA,RG,3890,5,D,DR,YP,D
10:51:57,PTBA,RG,3890,1,D,PD,YP,D
10:51:57,PTBA,RG,3890,5,D,PD,YP,D
10:51:57,PTBA,RG,3890,2,D,XL,YP,D
10:51:57,PTBA,RG,3890,5,D,YP,YP,D
10:51:57,PTBA,RG,3890,1,D,NI,YP,D
10:51:57,PTBA,RG,3890,1,D,PD,YP,D
10:51:57,PTBA,RG,3890,3,D,DR,YP,D
10:51:57,PTBA,RG,3890,1,D,XC,YP,D
10:51:57,PTBA,RG,3890,1,D,DH,YP,D
10:51:57,PTBA,RG,3890,2,D,XC,YP,D
10:51:57,PTBA,RG,3890,10,D,YP,YP,D
10:51:57,PTBA,RG,3890,5,D,XC,YP,D
10:51:57,PTBA,RG,3890,10,D,PD,YP,D
10:51:57,PTBA,RG,3890,8,D,PD,YP,D
10:51:57,PTBA,RG,3890,1,D,XL,YP,D
10:51:57,PTBA,RG,3890,5,D,YP,YP,D
10:51:57,PTBA,RG,3890,5,D,XC,YP,D
10:51:57,PTBA,RG,3890,1,D,PD,YP,D
10:51:57,PTBA,RG,3890,100,D,BQ,YP,D
