Time,Stock,Brd,Price,Qty,BT,BC,SC,ST
15:14:23,PTBA,RG,3790,2,D,DR,BQ,D
15:14:09,PTBA,RG,3790,3,F,CS,BQ,D
15:14:06,PTBA,RG,3790,1,D,PD,BQ,D
15:14:01,PTBA,RG,3790,45,D,YP,BQ,D
15:13:54,PTBA,RG,3790,5,D,DR,BQ,D
15:13:49,PTBA,RG,3790,1,F,CS,BQ,D
15:13:46,PTBA,RG,3790,10,D,AZ,BQ,D
15:13:35,PTBA,RG,3790,1,D,NI,BQ,D
15:13:27,PTBA,RG,3790,2,D,PD,BQ,D
15:13:21,PTBA,RG,3790,1,D,YP,BQ,D
15:13:11,PTBA,RG,3790,1,D,YP,BQ,D
15:13:00,PTBA,RG,3790,3,D,XL,BQ,D
15:12:49,PTBA,RG,3790,5,D,NI,BQ,D
15:12:38,PTBA,RG,3790,1,F,CS,BQ,D
15:12:30,PTBA,RG,3790,3,D,YP,BQ,D
15:12:25,PTBA,RG,3790,10,D,PD,BQ,D
15:11:37,PTBA,RG,3790,1,F,CS,BQ,D
15:11:32,PTBA,RG,3790,18,D,DR,BQ,D
15:10:56,PTBA,RG,3790,1,F,CS,BQ,D
15:10:56,PTBA,RG,3790,3,F,CS,BQ,D
15:10:55,PTBA,RG,3790,10,D,LG,BQ,D
15:10:52,PTBA,RG,3790,50,D,YP,BQ,D
15:10:46,PTBA,RG,3790,1,F,CS,BQ,D
15:10:45,PTBA,RG,3790,17,D,DR,BQ,D
15:10:38,PTBA,RG,3790,2,D,CC,BQ,D
15:10:36,PTBA,RG,3790,1,F,CS,BQ,D
15:10:34,PTBA,RG,3790,5,D,GR,BQ,D
15:10:25,PTBA,RG,3790,2,F,CS,BQ,D
15:10:23,PTBA,RG,3790,25,D,CC,BQ,D
15:10:20,PTBA,RG,3790,5,D,GR,BQ,D
15:10:05,PTBA,RG,3790,1,F,CS,BQ,D
15:10:04,PTBA,RG,3790,23,D,DR,BQ,D
15:09:56,PTBA,RG,3790,1,F,CS,BQ,D
15:09:55,PTBA,RG,3790,12,F,CS,BQ,D
15:09:55,PTBA,RG,3790,200,D,CC,BQ,D
15:09:24,PTBA,RG,3790,1,F,CS,BQ,D
15:09:24,PTBA,RG,3790,15,D,XC,BQ,D
15:08:59,PTBA,RG,3790,5,D,XC,BQ,D
15:08:58,PTBA,RG,3790,1,D,PD,BQ,D
15:08:54,PTBA,RG,3790,1,F,CS,BQ,D
15:08:47,PTBA,RG,3790,8,D,XC,BQ,D
15:08:30,PTBA,RG,3790,1,D,PD,BQ,D
15:08:20,PTBA,RG,3790,1,D,PD,BQ,D
15:08:18,PTBA,RG,3790,1,D,PD,BQ,D
15:08:13,PTBA,RG,3790,2,F,CS,BQ,D
15:08:13,PTBA,RG,3790,30,F,CS,BQ,D
15:08:12,PTBA,RG,3790,500,D,CP,BQ,D
15:07:42,PTBA,RG,3790,9,F,CS,BQ,D
15:07:39,PTBA,RG,3790,150,D,ZP,BQ,D
15:07:32,PTBA,RG,3790,1,F,CS,BQ,D
15:07:32,PTBA,RG,3790,3,F,CS,BQ,D
15:07:27,PTBA,RG,3790,50,D,PD,BQ,D
15:07:06,PTBA,RG,3790,1,D,PD,BQ,D
15:07:01,PTBA,RG,3790,7,F,CS,BQ,D
15:07:01,PTBA,RG,3790,100,D,NI,BQ,D
15:06:52,PTBA,RG,3790,15,D,NI,BQ,D
15:05:54,PTBA,RG,3790,5,D,PD,BQ,D
15:05:49,PTBA,RG,3790,2,F,CS,BQ,D
15:05:45,PTBA,RG,3790,30,D,XC,BQ,D
15:05:38,PTBA,RG,3790,2,D,PD,BQ,D
15:05:19,PTBA,RG,3790,1,F,CS,BQ,D
15:05:19,PTBA,RG,3790,6,F,CS,BQ,D
15:05:17,PTBA,RG,3790,78,D,GR,BQ,D
15:05:17,PTBA,RG,3790,3,D,GR,YP,D
15:05:17,PTBA,RG,3790,3,D,GR,XC,D
15:05:17,PTBA,RG,3790,16,D,GR,SQ,D
15:04:20,PTBA,RG,3790,1,D,YP,SQ,D
15:04:17,PTBA,RG,3790,1,F,CS,SQ,D
15:04:12,PTBA,RG,3790,2,D,YP,SQ,D
15:04:09,PTBA,RG,3790,20,D,YP,NI,D
15:03:39,PTBA,RG,3790,2,D,YP,NI,D
15:03:37,PTBA,RG,3790,2,F,CS,NI,D
15:03:34,PTBA,RG,3790,22,D,XC,NI,D
15:03:34,PTBA,RG,3790,2,D,XC,XC,D
15:03:34,PTBA,RG,3790,6,D,XC,YB,D
15:03:16,PTBA,RG,3790,1,F,CS,YB,D
15:03:13,PTBA,RG,3790,6,D,SQ,YB,D
15:03:13,PTBA,RG,3790,1,D,SQ,NI,D
15:03:13,PTBA,RG,3790,1,D,SQ,XC,D
15:03:13,PTBA,RG,3790,5,D,SQ,GR,D
15:02:46,PTBA,RG,3790,1,F,CS,GR,D
15:02:41,PTBA,RG,3790,10,D,PD,GR,D
15:02:21,PTBA,RG,3790,2,D,DX,GR,D
15:02:09,PTBA,RG,3790,1,D,YP,GR,D
15:02:06,PTBA,RG,3790,1,D,NI,GR,D
15:02:05,PTBA,RG,3790,1,D,YP,PD,D
15:01:58,PTBA,RG,3790,2,D,YP,CC,D
15:01:41,PTBA,RG,3790,1,D,PD,CC,D
15:01:34,PTBA,RG,3790,1,F,CS,CC,D
15:01:33,PTBA,RG,3790,5,D,DR,CC,D
15:01:33,PTBA,RG,3790,5,D,DR,HP,D
15:01:33,PTBA,RG,3790,3,D,DR,BQ,D
15:01:09,PTBA,RG,3790,1,D,SQ,BQ,D
15:01:04,PTBA,RG,3790,1,F,CS,BQ,D
15:01:01,PTBA,RG,3790,1,D,YP,BQ,D
15:01:01,PTBA,RG,3790,4,D,YP,CC,D
15:00:00,PTBA,RG,3790,1,D,YP,CC,D
15:00:00,PTBA,RG,3790,5,D,XL,CC,D
15:00:00,PTBA,RG,3790,1,D,CC,CC,D
15:00:00,PTBA,RG,3790,11,D,PD,CC,D
15:00:00,PTBA,RG,3790,5,D,ZP,CC,D
15:00:00,PTBA,RG,3790,3,D,YP,CC,D
15:00:00,PTBA,RG,3790,1,D,YP,YP,D
15:00:00,PTBA,RG,3790,1,D,SQ,YP,D
15:00:00,PTBA,RG,3790,5,D,XL,YP,D
15:00:00,PTBA,RG,3790,1,D,YP,YP,D
15:00:00,PTBA,RG,3790,18,D,KK,YP,D
15:00:00,PTBA,RG,3790,2,D,CC,YP,D
15:00:00,PTBA,RG,3790,122,D,SH,YP,D
15:00:00,PTBA,RG,3790,100,D,SH,NI,D
15:00:00,PTBA,RG,3790,42,D,SH,CC,D
15:00:00,PTBA,RG,3790,10,D,SH,AZ,D
15:00:00,PTBA,RG,3790,23,D,SH,CC,F
15:00:00,PTBA,RG,3790,20,D,SH,YP,D
15:00:00,PTBA,RG,3790,1,D,SH,OD,D
15:00:00,PTBA,RG,3790,6,D,SH,YP,D
15:00:00,PTBA,RG,3790,8,D,SH,XL,D
15:00:00,PTBA,RG,3790,1,D,SH,NI,D
15:00:00,PTBA,RG,3790,13,D,SH,YP,D
15:00:00,PTBA,RG,3790,1,D,SH,DR,D
15:00:00,PTBA,RG,3790,9,D,SH,XC,D
15:00:00,PTBA,RG,3790,30,D,SH,EP,D
15:00:00,PTBA,RG,3790,100,D,SH,YU,D
15:00:00,PTBA,RG,3790,1,D,SH,YP,D
15:00:00,PTBA,RG,3790,11,D,SH,XL,D
15:00:00,PTBA,RG,3790,1,D,SH,NI,D
15:00:00,PTBA,RG,3790,1,D,SH,NI,D
15:00:00,PTBA,RG,3790,3,D,AT,YP,D
15:00:00,PTBA,RG,3790,25,D,EP,YP,D
15:00:00,PTBA,RG,3790,1,D,YP,YP,D
15:00:00,PTBA,RG,3790,21,D,YP,YP,D
15:00:00,PTBA,RG,3790,2,D,YP,YP,D
15:00:00,PTBA,RG,3790,1,D,YP,PD,D
15:00:00,PTBA,RG,3790,2,D,YP,ZP,D
15:00:00,PTBA,RG,3790,2,D,CC,ZP,D
15:00:00,PTBA,RG,3790,7,D,XC,ZP,D
15:00:00,PTBA,RG,3790,1,D,YP,ZP,D
15:00:00,PTBA,RG,3790,1,D,CC,ZP,D
15:00:00,PTBA,RG,3790,26,D,NI,ZP,D
15:00:00,PTBA,RG,3790,10,D,YP,ZP,D
15:00:00,PTBA,RG,3790,1,D,PD,ZP,D
15:00:00,PTBA,RG,3790,3,D,YP,ZP,D
15:00:00,PTBA,RG,3790,11,D,YP,ZP,D
15:00:00,PTBA,RG,3790,52,D,PD,ZP,D
15:00:00,PTBA,RG,3790,2,D,XL,ZP,D
15:00:00,PTBA,RG,3790,150,F,CS,ZP,D
15:00:00,PTBA,RG,3790,75,F,CS,ZP,D
15:00:00,PTBA,RG,3790,152,F,CS,ZP,D
15:00:00,PTBA,RG,3790,8,F,CS,YU,D
15:00:00,PTBA,RG,3790,2,F,CS,GR,D
15:00:00,PTBA,RG,3790,5,F,CS,HP,D
15:00:00,PTBA,RG,3790,8,F,CS,OD,D
15:00:00,PTBA,RG,3790,5,F,CS,GR,D
15:00:00,PTBA,RG,3790,17,F,CS,BK,F
15:00:00,PTBA,RG,3790,408,F,CS,BK,F
15:00:00,PTBA,RG,3790,2,F,ZP,BK,F
15:00:00,PTBA,RG,3790,210,F,ZP,BK,F
15:00:00,PTBA,RG,3790,116,F,AK,BK,F
15:00:00,PTBA,RG,3790,174,F,BK,BK,F
15:00:00,PTBA,RG,3790,30,F,BK,BK,F
15:00:00,PTBA,RG,3790,75,F,BK,BK,F
15:00:00,PTBA,RG,3790,7,F,BK,BK,F
15:00:00,PTBA,RG,3790,49,F,BK,BK,F
15:00:00,PTBA,RG,3790,43,F,BK,BK,F
15:00:00,PTBA,RG,3790,24,F,BK,KZ,D
15:00:00,PTBA,RG,3790,42,F,BK,BB,D
15:00:00,PTBA,RG,3790,16,F,BK,RX,F
15:00:00,PTBA,RG,3790,478,F,BK,RX,F
15:00:00,PTBA,RG,3790,8,F,BK,RX,F
15:00:00,PTBA,RG,3790,6,F,BK,RX,F
15:00:00,PTBA,RG,3790,10,F,BK,RX,F
15:00:00,PTBA,RG,3790,8,D,KZ,RX,F
15:00:00,PTBA,RG,3790,26,F,AK,RX,F
15:00:00,PTBA,RG,3790,22,D,OD,RX,F
15:00:00,PTBA,RG,3790,6,D,LG,RX,F
14:49:59,PTBA,RG,3780,6,D,XC,RX,F
14:49:59,PTBA,RG,3780,2,D,PD,RX,F
14:49:59,PTBA,RG,3780,1,D,KK,RX,F
14:49:59,PTBA,RG,3780,3,D,CC,RX,F
14:49:59,PTBA,RG,3780,4,D,SQ,RX,F
14:49:57,PTBA,RG,3780,1,D,SQ,XC,D
14:49:56,PTBA,RG,3790,4,F,ZP,CC,D
14:49:54,PTBA,RG,3790,4,F,ZP,CC,D
14:49:50,PTBA,RG,3790,7,F,ZP,CC,D
14:49:48,PTBA,RG,3790,1,F,AK,CC,D
14:49:48,PTBA,RG,3780,16,D,SQ,RX,F
14:49:47,PTBA,RG,3780,8,D,SQ,EP,D
14:49:46,PTBA,RG,3790,6,F,ZP,CC,D
14:49:37,PTBA,RG,3780,28,D,SQ,RX,F
14:49:33,PTBA,RG,3790,31,F,ZP,CC,D
14:49:30,PTBA,RG,3790,1,F,AK,CC,D
14:49:20,PTBA,RG,3780,30,D,SQ,RX,F
14:49:15,PTBA,RG,3780,1,D,SQ,SQ,D
14:49:09,PTBA,RG,3780,12,D,SQ,RX,F
14:49:09,PTBA,RG,3780,1,D,YP,RX,F
14:49:09,PTBA,RG,3780,6,F,BK,RX,F
14:49:07,PTBA,RG,3780,5,F,BK,PC,D
14:49:04,PTBA,RG,3780,31,F,BK,PD,D
14:49:04,PTBA,RG,3780,19,F,ZP,PD,D
14:49:03,PTBA,RG,3790,6,F,BK,CC,D
14:49:02,PTBA,RG,3780,9,F,ZP,IF,D
14:49:00,PTBA,RG,3780,3,F,ZP,RX,F
14:49:00,PTBA,RG,3780,1,F,AK,RX,F
14:49:00,PTBA,RG,3780,1,D,XC,RX,F
14:49:00,PTBA,RG,3780,5,D,XL,RX,F
14:49:00,PTBA,RG,3780,2,D,CC,RX,F
14:49:00,PTBA,RG,3780,10,D,PD,RX,F
14:49:00,PTBA,RG,3780,5,D,YP,RX,F
14:49:00,PTBA,RG,3780,15,D,PD,RX,F
14:49:00,PTBA,RG,3790,11,F,AK,CC,D
14:49:00,PTBA,RG,3790,6,F,AK,CC,D
14:49:00,PTBA,RG,3790,4,F,AK,CC,D
14:49:00,PTBA,RG,3790,3,F,AK,CC,D
14:49:00,PTBA,RG,3790,1,F,AK,CC,D
14:49:00,PTBA,RG,3790,5,F,AK,CC,D
14:48:48,PTBA,RG,3790,2,F,CS,CC,D
14:48:48,PTBA,RG,3790,241,F,CS,CC,D
14:48:48,PTBA,RG,3790,565,F,CS,CC,D
14:48:45,PTBA,RG,3790,1,F,AK,CC,D
14:48:41,PTBA,RG,3780,12,D,PD,RX,F
14:48:41,PTBA,RG,3780,5,D,PD,RX,F
14:48:41,PTBA,RG,3780,1,D,YP,RX,F
14:48:34,PTBA,RG,3790,1,F,AK,CC,D
14:48:33,PTBA,RG,3780,9,D,YP,RX,F
14:48:33,PTBA,RG,3780,20,D,YP,RX,F
14:48:33,PTBA,RG,3780,2,D,KK,RX,F
14:48:33,PTBA,RG,3780,2,D,CC,RX,F
14:48:33,PTBA,RG,3780,13,D,PD,RX,F
14:48:22,PTBA,RG,3790,65,F,AK,CC,D
14:48:12,PTBA,RG,3780,18,F,AK,RX,F
14:48:04,PTBA,RG,3780,18,F,AK,RX,F
14:48:04,PTBA,RG,3780,2,D,KK,RX,F
14:48:03,PTBA,RG,3790,2,D,PD,CC,D
14:47:55,PTBA,RG,3790,6,D,DR,CC,D
14:47:55,PTBA,RG,3780,8,D,KK,RX,F
14:47:55,PTBA,RG,3780,16,D,DH,RX,F
14:47:52,PTBA,RG,3780,1,D,DH,NI,D
14:47:45,PTBA,RG,3790,7,D,DR,CC,D
14:47:43,PTBA,RG,3780,16,D,DH,RX,F
14:47:41,PTBA,RG,3780,17,D,DH,RX,F
14:47:41,PTBA,RG,3780,2,F,BK,RX,F
14:47:38,PTBA,RG,3790,1,D,XL,CC,D
14:47:33,PTBA,RG,3780,1,F,BK,LG,D
14:47:33,PTBA,RG,3780,1,F,BK,LG,D
14:47:33,PTBA,RG,3780,17,F,BK,LG,D
14:47:33,PTBA,RG,3780,1,D,AI,LG,D
14:47:33,PTBA,RG,3780,5,D,PD,LG,D
14:47:33,PTBA,RG,3780,1,D,DR,LG,D
14:47:33,PTBA,RG,3780,1,F,AK,LG,D
14:47:33,PTBA,RG,3780,1,F,BK,LG,D
14:47:33,PTBA,RG,3780,178,F,BK,LG,D
14:47:33,PTBA,RG,3780,26,F,BK,LG,D
14:47:33,PTBA,RG,3780,94,F,BK,LG,D
14:47:33,PTBA,RG,3780,3,F,BK,LG,D
14:47:33,PTBA,RG,3780,2,F,AK,LG,D
14:47:33,PTBA,RG,3780,14,F,CS,LG,D
14:47:33,PTBA,RG,3780,20,F,AK,LG,D
14:47:33,PTBA,RG,3780,2,F,AK,LG,D
14:47:33,PTBA,RG,3780,38,D,YP,LG,D
14:47:30,PTBA,RG,3790,17,F,CS,CC,D
14:47:30,PTBA,RG,3790,6,D,DR,CC,D
14:47:24,PTBA,RG,3780,2,D,YP,AT,D
14:47:20,PTBA,RG,3790,17,F,CS,CC,D
14:47:20,PTBA,RG,3790,50,D,DH,CC,D
14:47:09,PTBA,RG,3790,26,F,CS,CC,D
14:47:09,PTBA,RG,3780,1,F,CS,XA,D
14:47:00,PTBA,RG,3780,20,F,CS,RX,F
14:46:57,PTBA,RG,3780,1,F,CS,XC,D
14:46:57,PTBA,RG,3790,5,F,BK,CC,D
14:46:55,PTBA,RG,3780,1,F,CS,NI,D
14:46:49,PTBA,RG,3790,13,F,CS,CC,D
14:46:49,PTBA,RG,3790,17,F,CS,CC,D
14:46:49,PTBA,RG,3790,7,F,BK,CC,D
14:46:49,PTBA,RG,3780,33,F,CS,RX,F
14:46:44,PTBA,RG,3780,28,F,CS,XC,D
14:46:41,PTBA,RG,3790,17,F,BK,CC,D
14:46:38,PTBA,RG,3780,80,F,CS,IF,D
14:46:31,PTBA,RG,3780,25,F,CS,RX,F
14:46:18,PTBA,RG,3780,301,F,CS,AK,F
14:46:18,PTBA,RG,3780,55,D,YP,AK,F
14:46:18,PTBA,RG,3780,45,D,YP,YP,D
14:46:18,PTBA,RG,3780,150,D,CC,YP,D
14:46:18,PTBA,RG,3780,5,F,ZP,YP,D
14:46:11,PTBA,RG,3780,80,F,ZP,IF,D
14:46:11,PTBA,RG,3780,1,F,CS,IF,D
14:46:11,PTBA,RG,3780,1,F,CS,IF,D
14:46:11,PTBA,RG,3780,10,D,PD,IF,D
14:46:11,PTBA,RG,3780,3,D,XC,IF,D
14:46:11,PTBA,RG,3780,2,D,XL,IF,D
14:46:11,PTBA,RG,3780,5,F,BK,IF,D
14:46:11,PTBA,RG,3780,10,D,XL,IF,D
14:46:11,PTBA,RG,3780,20,F,BK,IF,D
14:45:53,PTBA,RG,3780,7,F,BK,RX,F
14:45:53,PTBA,RG,3780,70,F,AK,RX,F
14:45:49,PTBA,RG,3780,67,F,AK,BQ,D
14:45:49,PTBA,RG,3780,1,D,YP,BQ,D
14:45:49,PTBA,RG,3780,90,F,BK,BQ,D
14:45:49,PTBA,RG,3780,1,F,CS,BQ,D
14:45:49,PTBA,RG,3780,28,F,AK,BQ,D
14:45:49,PTBA,RG,3780,4,F,AK,BQ,D
14:45:49,PTBA,RG,3780,2,F,AK,BQ,D
14:45:49,PTBA,RG,3780,30,F,AK,BQ,D
14:45:49,PTBA,RG,3780,1,F,BK,BQ,D
14:45:49,PTBA,RG,3780,1,F,AK,BQ,D
14:45:49,PTBA,RG,3780,10,D,PD,BQ,D
14:45:49,PTBA,RG,3780,10,D,YP,BQ,D
14:45:49,PTBA,RG,3780,2,F,AK,BQ,D
14:45:49,PTBA,RG,3780,1,F,BK,BQ,D
14:45:49,PTBA,RG,3780,5,D,YP,BQ,D
14:45:49,PTBA,RG,3780,13,D,XC,BQ,D
14:45:49,PTBA,RG,3780,1,F,BK,BQ,D
14:45:49,PTBA,RG,3780,2,D,DX,BQ,D
14:45:49,PTBA,RG,3780,50,D,CC,BQ,D
14:45:49,PTBA,RG,3780,9,D,PD,BQ,D
14:45:49,PTBA,RG,3780,1,D,NI,BQ,D
14:45:49,PTBA,RG,3780,27,D,LG,BQ,D
14:45:49,PTBA,RG,3780,100,D,NI,BQ,D
14:45:49,PTBA,RG,3780,3,D,XC,BQ,D
14:45:49,PTBA,RG,3780,41,D,NI,BQ,D
14:45:34,PTBA,RG,3780,27,D,NI,RX,F
14:45:34,PTBA,RG,3780,32,D,NI,AK,F
14:45:34,PTBA,RG,3780,1,F,BK,AK,F
14:45:34,PTBA,RG,3780,13,F,BK,AK,F
14:45:34,PTBA,RG,3780,450,F,CS,AK,F
14:45:30,PTBA,RG,3780,100,F,CS,IF,D
14:45:28,PTBA,RG,3790,2,F,ZP,CC,D
14:45:22,PTBA,RG,3790,13,D,DR,CC,D
14:45:21,PTBA,RG,3780,20,F,CS,XC,D
14:45:17,PTBA,RG,3780,107,F,CS,AK,F
14:45:17,PTBA,RG,3780,5,D,NI,AK,F
14:45:17,PTBA,RG,3780,10,D,YP,AK,F
14:45:17,PTBA,RG,3780,500,D,YU,AK,F
14:45:17,PTBA,RG,3780,2,D,NI,AK,F
14:45:17,PTBA,RG,3780,26,D,YP,AK,F
14:45:17,PTBA,RG,3780,9,F,CS,AK,F
14:45:17,PTBA,RG,3780,40,D,ZP,AK,F
14:45:17,PTBA,RG,3780,1,D,PD,AK,F
14:45:17,PTBA,RG,3780,10,D,YP,AK,F
14:45:17,PTBA,RG,3780,46,D,DR,AK,F
14:45:17,PTBA,RG,3780,5,D,PD,AK,F
14:45:17,PTBA,RG,3780,61,D,XL,AK,F
14:45:17,PTBA,RG,3780,3,D,PD,AK,F
14:45:17,PTBA,RG,3780,7,D,SQ,AK,F
14:45:17,PTBA,RG,3780,38,F,CS,AK,F
14:45:17,PTBA,RG,3780,2,D,CC,AK,F
14:45:17,PTBA,RG,3780,5,D,NI,AK,F
14:45:17,PTBA,RG,3780,30,D,SQ,AK,F
14:45:17,PTBA,RG,3780,3,D,CC,AK,F
14:45:17,PTBA,RG,3780,90,D,NI,AK,F
14:45:14,PTBA,RG,3780,10,D,NI,YP,D
14:45:14,PTBA,RG,3780,10,D,NI,YP,D
14:45:14,PTBA,RG,3780,2,D,PD,YP,D
14:45:14,PTBA,RG,3780,3,D,LG,YP,D
14:44:59,PTBA,RG,3780,2,D,LG,NI,D
14:44:59,PTBA,RG,3780,1,D,YP,NI,D
14:44:50,PTBA,RG,3780,4,D,YP,GR,D
14:44:50,PTBA,RG,3780,3,D,CC,GR,D
14:44:50,PTBA,RG,3780,3,D,EP,GR,D
14:44:48,PTBA,RG,3780,7,D,EP,RX,F
14:44:48,PTBA,RG,3780,10,D,YP,RX,F
14:44:48,PTBA,RG,3780,64,F,AK,RX,F
14:44:48,PTBA,RG,3780,7,D,AT,RX,F
14:44:46,PTBA,RG,3790,5,D,KK,CC,D
14:44:45,PTBA,RG,3780,1,D,AT,XL,D
14:44:45,PTBA,RG,3780,12,D,AT,AK,F
14:44:45,PTBA,RG,3780,1,D,CC,AK,F
14:44:45,PTBA,RG,3780,2,D,PD,AK,F
14:44:45,PTBA,RG,3780,1,D,XC,AK,F
14:44:45,PTBA,RG,3780,46,F,CS,AK,F
14:44:45,PTBA,RG,3780,20,D,SQ,AK,F
14:44:45,PTBA,RG,3780,100,D,LS,AK,F
14:44:45,PTBA,RG,3780,5,D,EP,AK,F
14:44:45,PTBA,RG,3780,20,D,CC,AK,F
14:44:45,PTBA,RG,3780,14,D,YP,AK,F
14:44:45,PTBA,RG,3780,1,F,CS,AK,F
14:44:45,PTBA,RG,3780,1,D,PD,AK,F
14:44:45,PTBA,RG,3780,5,D,PD,AK,F
14:44:45,PTBA,RG,3780,1,D,CC,AK,F
14:44:45,PTBA,RG,3780,1,F,CS,AK,F
14:44:45,PTBA,RG,3780,5,D,XC,AK,F
14:44:45,PTBA,RG,3780,5,D,PD,AK,F
14:44:45,PTBA,RG,3780,35,F,CS,AK,F
14:44:45,PTBA,RG,3780,20,D,LG,AK,F
14:44:45,PTBA,RG,3780,200,D,PD,AK,F
14:44:45,PTBA,RG,3780,1,D,PD,AK,F
14:44:45,PTBA,RG,3780,20,D,PD,AK,F
14:44:45,PTBA,RG,3780,46,F,ZP,AK,F
14:44:45,PTBA,RG,3780,310,F,CS,AK,F
14:44:45,PTBA,RG,3780,1,F,CS,AK,F
14:44:45,PTBA,RG,3780,1,D,KK,AK,F
14:44:45,PTBA,RG,3780,10,D,XL,AK,F
14:44:45,PTBA,RG,3780,29,F,AK,AK,F
14:44:45,PTBA,RG,3780,39,F,AK,AK,F
14:44:45,PTBA,RG,3780,2,F,AK,AK,F
14:44:45,PTBA,RG,3780,4,F,AK,AK,F
14:44:45,PTBA,RG,3780,1,D,XL,AK,F
14:44:45,PTBA,RG,3780,25,D,CC,AK,F
14:44:45,PTBA,RG,3780,16,F,BK,AK,F
14:44:44,PTBA,RG,3780,130,F,BK,IF,D
14:44:42,PTBA,RG,3780,150,F,BK,YP,D
14:44:37,PTBA,RG,3790,4,F,BK,CC,D
14:44:37,PTBA,RG,3790,3,F,BK,CC,D
14:44:30,PTBA,RG,3780,13,F,BK,RX,F
14:44:27,PTBA,RG,3780,23,F,BK,RX,F
14:44:23,PTBA,RG,3790,22,F,BK,CC,D
14:44:14,PTBA,RG,3780,20,F,BK,YP,D
14:44:14,PTBA,RG,3790,73,F,CS,CC,D
14:44:09,PTBA,RG,3780,150,F,BK,IF,D
14:44:07,PTBA,RG,3790,31,F,ZP,CC,D
14:44:07,PTBA,RG,3780,143,F,BK,RX,F
14:44:01,PTBA,RG,3780,3,F,BK,XC,D
14:43:58,PTBA,RG,3780,20,F,BK,RX,F
14:43:50,PTBA,RG,3780,23,F,BK,YP,D
14:43:49,PTBA,RG,3780,166,F,BK,RX,F
14:43:49,PTBA,RG,3780,200,F,BK,DH,D
14:43:47,PTBA,RG,3780,30,F,BK,EP,D
14:43:38,PTBA,RG,3790,19,D,DR,CC,D
14:43:30,PTBA,RG,3790,26,F,AK,CC,D
14:43:15,PTBA,RG,3790,53,F,ZP,CC,D
14:43:00,PTBA,RG,3790,2,F,AK,CC,D
14:42:59,PTBA,RG,3790,6,F,BK,CC,D
14:42:58,PTBA,RG,3790,1,D,AI,CC,D
14:42:57,PTBA,RG,3780,1,F,BK,YP,D
14:42:54,PTBA,RG,3790,85,F,CS,CC,D
14:42:32,PTBA,RG,3780,22,F,BK,RX,F
14:42:30,PTBA,RG,3790,4,F,AK,CC,D
14:42:22,PTBA,RG,3780,38,F,BK,RX,F
14:42:20,PTBA,RG,3790,5,F,BK,CC,D
14:42:19,PTBA,RG,3790,124,F,AK,CC,D
14:42:07,PTBA,RG,3780,5,F,BK,CC,D
14:42:04,PTBA,RG,3790,2,F,AK,CC,D
14:42:04,PTBA,RG,3780,47,F,BK,RX,F
14:42:04,PTBA,RG,3780,50,F,BK,DR,D
14:41:43,PTBA,RG,3780,44,F,BK,RX,F
14:41:36,PTBA,RG,3780,719,F,BK,CC,D
14:41:36,PTBA,RG,3780,21,F,BK,CC,D
14:41:36,PTBA,RG,3780,28,F,BK,CC,D
14:41:36,PTBA,RG,3780,32,D,DR,CC,D
14:41:22,PTBA,RG,3790,90,F,CS,CC,D
14:41:04,PTBA,RG,3790,33,F,ZP,CC,D
14:41:00,PTBA,RG,3790,18,F,AK,CC,D
14:41:00,PTBA,RG,3790,7,F,AK,CC,D
14:40:59,PTBA,RG,3780,2,D,DR,YU,D
14:40:48,PTBA,RG,3790,189,F,BK,CC,D
14:40:43,PTBA,RG,3790,21,F,BK,CC,D
14:40:42,PTBA,RG,3790,13,D,PD,CC,D
14:40:42,PTBA,RG,3790,40,D,ZP,CC,D
14:40:36,PTBA,RG,3780,3,D,DR,NI,D
14:40:27,PTBA,RG,3790,19,F,ZP,CC,D
14:40:25,PTBA,RG,3790,125,F,BK,CC,D
14:40:04,PTBA,RG,3790,25,D,CC,CC,D
14:40:01,PTBA,RG,3790,1,D,DR,CC,D
14:40:00,PTBA,RG,3790,3,F,AK,CC,D
14:39:38,PTBA,RG,3790,5,D,XL,CC,D
14:39:37,PTBA,RG,3780,68,D,DR,FS,D
14:39:37,PTBA,RG,3780,9,F,CS,FS,D
14:39:30,PTBA,RG,3790,150,D,YU,CC,D
14:39:29,PTBA,RG,3790,95,F,CS,CC,D
14:39:22,PTBA,RG,3790,1,D,XL,CC,D
14:39:19,PTBA,RG,3790,19,F,BK,CC,D
14:39:02,PTBA,RG,3790,244,F,BK,CC,D
14:38:51,PTBA,RG,3790,21,F,BK,CC,D
14:38:50,PTBA,RG,3790,13,F,AK,CC,D
14:38:47,PTBA,RG,3790,96,D,DX,CC,D
14:38:30,PTBA,RG,3790,4,F,AK,CC,D
14:38:10,PTBA,RG,3790,70,D,DR,CC,D
14:38:08,PTBA,RG,3790,3,D,DR,CC,D
14:38:02,PTBA,RG,3790,185,F,BK,CC,D
14:38:00,PTBA,RG,3790,225,D,YU,CC,D
14:37:57,PTBA,RG,3790,1,D,XC,CC,D
14:37:44,PTBA,RG,3790,20,F,BK,CC,D
14:37:35,PTBA,RG,3780,1,D,YU,XC,D
14:37:24,PTBA,RG,3780,61,D,YU,GR,D
14:37:24,PTBA,RG,3780,39,F,CS,GR,D
14:37:06,PTBA,RG,3790,5,D,SQ,CC,D
14:37:02,PTBA,RG,3790,184,F,BK,CC,D
14:37:02,PTBA,RG,3790,12,F,BK,XC,D
14:37:02,PTBA,RG,3790,66,F,BK,BK,F
14:36:43,PTBA,RG,3790,80,F,AK,BK,F
14:36:42,PTBA,RG,3790,74,F,CS,BK,F
14:36:42,PTBA,RG,3790,1,F,CS,XC,D
14:36:42,PTBA,RG,3790,22,F,CS,CC,D
14:36:20,PTBA,RG,3790,72,D,DR,CC,D
14:36:20,PTBA,RG,3780,2,F,CS,PD,D
14:36:18,PTBA,RG,3790,1,D,XL,CC,D
14:36:15,PTBA,RG,3780,1,F,CS,NI,D
14:36:11,PTBA,RG,3790,5,F,BK,CC,D
14:36:11,PTBA,RG,3790,1,F,BK,AT,D
14:36:11,PTBA,RG,3790,3,F,BK,CP,D
14:36:10,PTBA,RG,3780,4,F,CS,XL,D
14:36:03,PTBA,RG,3790,17,F,BK,CP,D
14:36:03,PTBA,RG,3790,4,F,BK,HP,D
14:36:00,PTBA,RG,3790,3,D,YU,HP,D
14:36:00,PTBA,RG,3790,1,D,YU,NI,D
14:36:00,PTBA,RG,3790,10,D,YU,XA,D
14:36:00,PTBA,RG,3790,50,D,YU,CC,D
14:36:00,PTBA,RG,3790,10,D,YU,GR,D
14:36:00,PTBA,RG,3790,2,D,YU,XC,D
14:36:00,PTBA,RG,3790,17,D,YU,XL,D
14:36:00,PTBA,RG,3790,1,D,YU,NI,D
14:36:00,PTBA,RG,3790,5,D,YU,NI,D
14:36:00,PTBA,RG,3790,10,D,YU,CC,D
14:36:00,PTBA,RG,3790,5,D,YU,PD,D
14:36:00,PTBA,RG,3790,45,D,YU,YP,D
14:36:00,PTBA,RG,3790,1,D,AZ,YP,D
14:35:58,PTBA,RG,3780,1,F,CS,NI,D
14:35:48,PTBA,RG,3780,25,F,CS,PD,D
14:35:48,PTBA,RG,3790,14,D,PD,YP,D
14:35:44,PTBA,RG,3780,5,F,CS,AI,D
14:35:38,PTBA,RG,3790,20,F,BK,YP,D
14:35:08,PTBA,RG,3790,16,D,PD,YP,D
14:35:08,PTBA,RG,3790,3,D,PD,XC,D
14:35:08,PTBA,RG,3790,1,D,PD,XL,D
14:35:00,PTBA,RG,3780,3,F,CS,CC,D
14:34:54,PTBA,RG,3780,4,F,CS,YP,D
14:34:54,PTBA,RG,3780,1,F,CS,YP,D
14:34:54,PTBA,RG,3780,3,D,YU,YP,D
14:34:30,PTBA,RG,3790,4,F,AK,XL,D
14:34:30,PTBA,RG,3790,25,F,AK,LG,D
14:34:30,PTBA,RG,3790,16,F,AK,LG,D
14:34:25,PTBA,RG,3790,21,F,BK,LG,D
14:34:15,PTBA,RG,3790,4,F,AK,LG,D
14:33:47,PTBA,RG,3790,10,D,NI,LG,D
14:33:36,PTBA,RG,3790,2,D,SQ,LG,D
14:33:34,PTBA,RG,3790,28,F,CS,LG,D
14:33:34,PTBA,RG,3790,93,D,DR,LG,D
14:33:34,PTBA,RG,3790,3,D,DR,XC,D
14:33:34,PTBA,RG,3790,25,D,DR,LG,D
14:33:34,PTBA,RG,3790,79,D,DR,LG,D
14:33:20,PTBA,RG,3790,5,D,PD,LG,D
14:33:16,PTBA,RG,3790,10,D,GR,LG,D
14:33:07,PTBA,RG,3790,16,F,BK,LG,D
14:33:02,PTBA,RG,3790,1,D,PD,LG,D
14:33:02,PTBA,RG,3780,5,D,YU,DR,D
14:33:00,PTBA,RG,3790,68,D,YU,LG,D
14:33:00,PTBA,RG,3790,2,D,YU,YP,D
14:33:00,PTBA,RG,3790,50,D,YU,XL,D
14:33:00,PTBA,RG,3790,99,D,YU,MG,F
14:33:00,PTBA,RG,3780,39,D,YU,LG,D
14:33:00,PTBA,RG,3790,33,F,AK,MG,F
14:33:00,PTBA,RG,3790,3,D,XL,MG,F
14:32:55,PTBA,RG,3790,19,F,BK,MG,F
14:32:55,PTBA,RG,3790,38,F,CS,MG,F
14:32:55,PTBA,RG,3790,282,F,AK,MG,F
14:32:41,PTBA,RG,3790,2,D,YP,MG,F
14:32:34,PTBA,RG,3790,230,D,PD,MG,F
14:32:25,PTBA,RG,3780,52,D,YU,AZ,D
14:32:24,PTBA,RG,3790,13,F,AK,MG,F
14:32:23,PTBA,RG,3790,30,D,KK,MG,F
14:32:22,PTBA,RG,3780,40,D,YU,XL,D
14:32:15,PTBA,RG,3780,4,D,YU,KK,D
14:32:12,PTBA,RG,3790,21,F,BK,MG,F
14:32:09,PTBA,RG,3790,20,D,KK,MG,F
14:32:01,PTBA,RG,3790,3,F,CS,MG,F
14:32:01,PTBA,RG,3780,6,F,AK,CC,D
14:32:01,PTBA,RG,3780,30,F,AK,PD,D
14:32:01,PTBA,RG,3780,49,F,AK,RX,F
14:32:01,PTBA,RG,3780,30,F,AK,CC,D
14:32:01,PTBA,RG,3780,2,F,AK,NI,D
14:32:01,PTBA,RG,3780,15,F,AK,NI,D
14:32:01,PTBA,RG,3780,12,F,AK,PD,D
14:32:01,PTBA,RG,3780,5,F,AK,KK,D
14:32:01,PTBA,RG,3780,1,F,AK,PD,D
14:32:01,PTBA,RG,3780,68,F,AK,PD,D
14:32:01,PTBA,RG,3780,3,F,AK,XC,D
14:32:01,PTBA,RG,3780,3,F,AK,XL,D
14:32:01,PTBA,RG,3780,1,F,AK,XC,D
14:32:01,PTBA,RG,3780,1,F,AK,NI,D
14:32:01,PTBA,RG,3780,38,F,AK,LG,D
14:32:01,PTBA,RG,3780,32,F,AK,LG,D
14:32:01,PTBA,RG,3780,1,F,CS,LG,D
14:32:01,PTBA,RG,3780,22,F,AK,LG,D
14:32:01,PTBA,RG,3780,190,F,ZP,LG,D
14:32:01,PTBA,RG,3780,16,F,CS,LG,D
14:32:01,PTBA,RG,3780,150,F,CS,RX,F
14:32:01,PTBA,RG,3780,38,F,CS,RX,F
14:32:01,PTBA,RG,3780,6,F,CS,HP,D
14:32:01,PTBA,RG,3780,136,F,CS,BK,F
14:32:01,PTBA,RG,3780,551,F,CS,BK,F
14:32:01,PTBA,RG,3780,5,F,CS,NI,D
14:32:01,PTBA,RG,3780,4,F,CS,YP,D
14:32:01,PTBA,RG,3780,7,F,CS,YP,D
14:32:01,PTBA,RG,3780,8,F,CS,YP,D
14:32:01,PTBA,RG,3780,266,F,CS,RX,F
14:32:01,PTBA,RG,3780,7,F,CS,GR,D
14:32:01,PTBA,RG,3780,3,F,CS,GR,D
14:31:56,PTBA,RG,3780,59,F,CS,CC,D
14:31:56,PTBA,RG,3780,1,D,YP,CC,D
14:31:41,PTBA,RG,3780,13,D,NI,CC,D
14:31:39,PTBA,RG,3780,1,D,XL,CC,D
14:31:38,PTBA,RG,3770,10,F,CS,YP,D
14:31:08,PTBA,RG,3780,10,D,YP,CC,D
14:31:05,PTBA,RG,3780,20,F,BK,CC,D
14:31:03,PTBA,RG,3780,23,F,BK,CC,D
14:31:02,PTBA,RG,3780,3,D,YP,CC,D
14:31:00,PTBA,RG,3780,189,D,YU,CC,D
14:31:00,PTBA,RG,3780,36,F,AK,CC,D
14:30:56,PTBA,RG,3770,40,F,CS,DH,D
14:30:52,PTBA,RG,3770,170,F,CS,RX,F
14:30:52,PTBA,RG,3770,5,D,KK,RX,F
14:30:47,PTBA,RG,3770,10,D,KK,KK,D
14:30:47,PTBA,RG,3770,37,D,KK,XC,D
14:30:47,PTBA,RG,3770,1,D,KK,PD,D
14:30:47,PTBA,RG,3770,11,D,KK,XC,D
14:30:38,PTBA,RG,3770,13,D,KK,XC,D
14:30:36,PTBA,RG,3780,1,D,DR,CC,D
14:30:33,PTBA,RG,3780,1,D,PD,CC,D
14:30:33,PTBA,RG,3780,55,F,CS,CC,D
14:30:29,PTBA,RG,3780,62,D,DR,CC,D
14:30:28,PTBA,RG,3780,7,D,DR,CC,D
14:30:20,PTBA,RG,3780,1,D,XC,CC,D
14:29:55,PTBA,RG,3780,1,D,CC,CC,D
14:29:45,PTBA,RG,3780,7,F,AK,CC,D
14:29:36,PTBA,RG,3780,270,D,YU,CC,D
14:29:27,PTBA,RG,3780,15,F,BK,CC,D
14:29:27,PTBA,RG,3780,20,F,BK,CC,D
14:29:20,PTBA,RG,3780,20,D,CC,CC,D
14:29:11,PTBA,RG,3780,59,F,CS,CC,D
14:29:10,PTBA,RG,3780,1,D,LG,CC,D
14:29:10,PTBA,RG,3770,2,D,KK,SQ,D
14:28:56,PTBA,RG,3780,20,F,BK,CC,D
14:28:32,PTBA,RG,3780,76,D,DR,CC,D
14:28:27,PTBA,RG,3780,4,D,PD,CC,D
14:28:20,PTBA,RG,3780,2,D,PD,CC,D
14:27:57,PTBA,RG,3770,20,D,KK,YP,D
14:27:43,PTBA,RG,3780,22,F,BK,CC,D
14:27:38,PTBA,RG,3780,74,F,CS,CC,D
14:27:00,PTBA,RG,3780,173,D,YU,CC,D
14:26:58,PTBA,RG,3770,10,D,KK,YP,D
14:26:50,PTBA,RG,3780,4,F,AK,CC,D
14:26:45,PTBA,RG,3770,1,D,KK,DR,D
14:26:45,PTBA,RG,3780,75,F,AK,CC,D
14:26:45,PTBA,RG,3770,24,D,KK,RX,F
14:26:31,PTBA,RG,3780,20,D,XC,CC,D
14:26:26,PTBA,RG,3770,22,D,KK,YP,D
14:26:25,PTBA,RG,3770,11,D,KK,EP,D
14:26:21,PTBA,RG,3770,73,D,KK,XC,D
14:26:21,PTBA,RG,3770,2,D,XC,XC,D
14:26:21,PTBA,RG,3770,40,D,NI,XC,D
14:26:21,PTBA,RG,3770,1,D,XC,XC,D
14:26:21,PTBA,RG,3770,14,D,XL,XC,D
14:26:21,PTBA,RG,3770,16,F,AK,XC,D
14:26:21,PTBA,RG,3770,4,D,YB,XC,D
14:26:04,PTBA,RG,3780,1,D,AT,CC,D
14:26:02,PTBA,RG,3780,1,D,PD,CC,D
14:25:48,PTBA,RG,3780,1,D,PD,CC,D
14:25:47,PTBA,RG,3780,10,D,CC,CC,D
14:25:44,PTBA,RG,3780,69,F,CS,CC,D
14:25:33,PTBA,RG,3780,48,D,LG,CC,D
14:25:33,PTBA,RG,3780,2,D,LG,LG,D
14:25:28,PTBA,RG,3780,17,F,BK,LG,D
14:25:28,PTBA,RG,3780,4,F,BK,LG,D
14:25:28,PTBA,RG,3780,7,D,PD,LG,D
14:25:00,PTBA,RG,3780,119,D,YU,LG,D
14:25:00,PTBA,RG,3780,10,D,YU,KK,D
14:25:00,PTBA,RG,3780,49,D,YU,RX,F
14:24:57,PTBA,RG,3780,7,D,XC,RX,F
14:24:52,PTBA,RG,3780,7,D,XL,RX,F
14:24:50,PTBA,RG,3780,5,D,XC,RX,F
14:24:27,PTBA,RG,3780,10,D,XL,RX,F
14:23:51,PTBA,RG,3780,39,F,CS,RX,F
14:23:51,PTBA,RG,3780,4,F,CS,XL,D
14:23:51,PTBA,RG,3780,25,F,CS,BK,F
14:23:25,PTBA,RG,3770,6,D,YB,RX,F
14:23:25,PTBA,RG,3770,1,D,PD,RX,F
14:23:25,PTBA,RG,3770,5,D,YP,RX,F
14:23:25,PTBA,RG,3770,8,D,PD,RX,F
14:23:20,PTBA,RG,3780,5,F,AK,BK,F
14:23:01,PTBA,RG,3770,2,D,PD,XC,D
14:23:01,PTBA,RG,3770,5,D,CC,XC,D
14:23:01,PTBA,RG,3770,1,D,YU,XC,D
14:22:58,PTBA,RG,3770,19,D,YU,RX,F
14:22:41,PTBA,RG,3780,2,D,PD,BK,F
14:22:24,PTBA,RG,3780,4,D,YP,BK,F
14:22:21,PTBA,RG,3770,1,D,YU,HP,D
14:22:19,PTBA,RG,3770,24,D,YU,DR,D
14:22:19,PTBA,RG,3770,1,D,PD,DR,D
14:22:19,PTBA,RG,3770,17,F,ZP,DR,D
14:22:19,PTBA,RG,3770,3,D,XC,DR,D
14:22:19,PTBA,RG,3770,19,F,BK,DR,D
14:22:19,PTBA,RG,3770,1,D,PD,DR,D
14:22:19,PTBA,RG,3770,1,D,PD,DR,D
14:22:19,PTBA,RG,3770,73,D,YU,DR,D
14:22:19,PTBA,RG,3770,7,D,KK,DR,D
14:22:19,PTBA,RG,3770,4,D,XC,DR,D
14:22:19,PTBA,RG,3770,10,D,NI,DR,D
14:22:19,PTBA,RG,3770,3,D,CC,DR,D
14:22:19,PTBA,RG,3770,29,D,NI,DR,D
14:22:19,PTBA,RG,3770,5,D,AZ,DR,D
14:22:19,PTBA,RG,3770,5,D,YP,DR,D
14:22:19,PTBA,RG,3770,1,D,XC,DR,D
14:22:19,PTBA,RG,3770,282,F,CS,DR,D
14:22:19,PTBA,RG,3770,10,D,PD,DR,D
14:22:19,PTBA,RG,3770,5,D,NI,DR,D
14:22:17,PTBA,RG,3780,33,D,DR,BK,F
14:22:17,PTBA,RG,3780,2,D,XC,BK,F
14:22:16,PTBA,RG,3780,29,D,DR,BK,F
14:22:13,PTBA,RG,3780,20,F,BK,BK,F
14:22:13,PTBA,RG,3780,2,D,PD,BK,F
14:21:57,PTBA,RG,3780,70,F,CS,BK,F
14:21:49,PTBA,RG,3780,27,F,AK,BK,F
14:21:48,PTBA,RG,3780,1,D,CC,BK,F
14:21:29,PTBA,RG,3780,5,D,PD,BK,F
14:21:17,PTBA,RG,3780,5,D,YP,BK,F
14:21:03,PTBA,RG,3780,21,F,BK,BK,F
14:21:03,PTBA,RG,3780,2,D,CC,BK,F
14:21:00,PTBA,RG,3780,11,F,BK,BK,F
14:20:49,PTBA,RG,3770,2,D,NI,YP,D
14:20:32,PTBA,RG,3780,2,D,PD,BK,F
14:20:07,PTBA,RG,3770,4,D,YP,YP,D
14:20:03,PTBA,RG,3770,4,D,YP,TF,D
14:20:00,PTBA,RG,3780,116,D,YU,BK,F
14:20:00,PTBA,RG,3780,28,F,AK,BK,F
14:19:44,PTBA,RG,3780,174,D,XC,BK,F
14:19:44,PTBA,RG,3780,5,D,XC,CP,D
14:19:44,PTBA,RG,3780,2,D,XC,LG,D
14:19:26,PTBA,RG,3780,42,D,DR,LG,D
14:19:26,PTBA,RG,3780,42,D,DR,LG,D
14:19:22,PTBA,RG,3780,14,D,PD,LG,D
14:19:02,PTBA,RG,3780,5,D,SQ,LG,D
14:18:45,PTBA,RG,3780,3,F,AK,LG,D
14:18:23,PTBA,RG,3770,3,D,YP,HP,D
14:18:15,PTBA,RG,3770,39,D,YP,DR,D
14:18:15,PTBA,RG,3770,1,D,GR,DR,D
14:18:00,PTBA,RG,3780,191,D,YU,LG,D
14:17:56,PTBA,RG,3770,19,D,GR,YP,D
14:17:56,PTBA,RG,3770,2,D,XC,YP,D
14:17:56,PTBA,RG,3770,5,D,XL,YP,D
14:17:56,PTBA,RG,3770,14,F,AK,YP,D
14:17:56,PTBA,RG,3770,10,F,BK,YP,D
14:17:07,PTBA,RG,3770,1,F,BK,XC,D
14:17:04,PTBA,RG,3780,5,D,PD,LG,D
14:16:59,PTBA,RG,3780,21,F,BK,LG,D
14:16:54,PTBA,RG,3780,1,D,PD,LG,D
14:16:52,PTBA,RG,3780,10,D,HP,LG,D
14:16:29,PTBA,RG,3780,13,F,AK,LG,D
14:16:29,PTBA,RG,3780,70,F,AK,YP,D
14:16:29,PTBA,RG,3780,20,F,AK,AI,D
14:16:29,PTBA,RG,3780,5,F,AK,HP,D
14:16:29,PTBA,RG,3780,19,F,AK,YP,D
14:16:29,PTBA,RG,3780,25,F,AK,RX,F
14:16:28,PTBA,RG,3780,91,F,AK,RX,F
14:16:28,PTBA,RG,3780,70,F,AK,BK,F
14:16:28,PTBA,RG,3780,3,F,AK,BK,F
14:16:28,PTBA,RG,3780,123,F,ZP,BK,F
14:16:28,PTBA,RG,3780,1,F,CS,BK,F
14:16:28,PTBA,RG,3780,201,F,AK,BK,F
14:16:28,PTBA,RG,3780,127,F,CS,BK,F
14:16:28,PTBA,RG,3780,28,F,CS,CC,F
14:16:28,PTBA,RG,3780,96,F,CS,RX,F
14:16:28,PTBA,RG,3780,3,F,CS,CC,D
14:16:28,PTBA,RG,3780,44,F,CS,LG,D
14:16:28,PTBA,RG,3780,305,F,CS,LG,D
14:16:28,PTBA,RG,3780,64,F,CS,NI,D
14:16:28,PTBA,RG,3780,1,F,CS,NI,D
14:16:28,PTBA,RG,3780,85,F,CS,CC,D
14:16:28,PTBA,RG,3780,314,F,CS,DR,D
14:16:28,PTBA,RG,3780,186,D,YP,DR,D
14:16:28,PTBA,RG,3780,107,D,YP,RX,F
14:16:28,PTBA,RG,3780,4,D,YP,XC,D
14:16:28,PTBA,RG,3780,233,D,YP,YU,D
14:16:28,PTBA,RG,3780,2,D,PD,YU,D
14:16:15,PTBA,RG,3780,1,D,CC,YU,D
14:16:08,PTBA,RG,3780,29,F,AK,YU,D
14:16:07,PTBA,RG,3780,21,F,BK,YU,D
14:16:00,PTBA,RG,3780,14,D,YU,YU,D
14:16:00,PTBA,RG,3780,25,D,YU,NI,D
14:16:00,PTBA,RG,3780,65,D,YU,NI,D
14:16:00,PTBA,RG,3780,93,D,YU,RX,F
14:16:00,PTBA,RG,3780,28,D,YU,LG,D
14:16:00,PTBA,RG,3780,14,D,YU,LG,D
14:15:55,PTBA,RG,3770,5,F,BK,SQ,D
14:15:48,PTBA,RG,3770,2,F,BK,YU,D
14:15:45,PTBA,RG,3780,3,D,XC,LG,D
14:15:26,PTBA,RG,3780,1,D,XC,LG,D
14:14:48,PTBA,RG,3770,1,F,BK,YP,D
14:14:48,PTBA,RG,3770,3,F,AK,YP,D
14:14:48,PTBA,RG,3770,2,F,AK,YP,D
14:14:47,PTBA,RG,3770,9,F,AK,HP,D
14:14:38,PTBA,RG,3780,1,D,YP,LG,D
14:14:29,PTBA,RG,3780,2,D,XL,LG,D
14:14:29,PTBA,RG,3770,15,F,AK,SQ,D
14:14:14,PTBA,RG,3780,50,D,MG,LG,D
14:14:13,PTBA,RG,3780,59,D,DR,LG,D
14:14:10,PTBA,RG,3770,2,F,AK,YU,F
14:14:10,PTBA,RG,3770,3,F,AK,YU,F
14:14:10,PTBA,RG,3770,20,F,AK,YU,F
14:13:48,PTBA,RG,3780,33,D,XC,LG,D
14:13:21,PTBA,RG,3780,1,D,AZ,LG,D
14:13:18,PTBA,RG,3780,5,D,YP,LG,D
14:13:14,PTBA,RG,3780,1,D,YP,LG,D
14:13:14,PTBA,RG,3780,2,D,PD,LG,D
14:13:00,PTBA,RG,3780,24,D,YU,LG,D
14:13:00,PTBA,RG,3780,5,D,YU,DH,D
14:13:00,PTBA,RG,3780,1,D,YU,XC,D
14:13:00,PTBA,RG,3780,95,D,YU,RX,F
14:13:00,PTBA,RG,3780,3,D,YU,CC,D
14:13:00,PTBA,RG,3780,28,D,YU,LG,D
14:13:00,PTBA,RG,3780,16,D,YU,LG,D
14:12:39,PTBA,RG,3770,10,F,AK,KK,D
14:12:06,PTBA,RG,3770,10,F,AK,KK,D
14:12:00,PTBA,RG,3780,3,F,AK,LG,D
14:11:52,PTBA,RG,3780,23,F,BK,LG,D
14:11:38,PTBA,RG,3780,67,D,DR,LG,D
14:11:31,PTBA,RG,3770,23,F,AK,XC,D
14:11:29,PTBA,RG,3780,52,D,YP,LG,D
14:11:28,PTBA,RG,3770,1,F,AK,DX,D
14:11:28,PTBA,RG,3770,12,D,DR,DX,D
14:11:28,PTBA,RG,3770,4,D,PD,DX,D
14:11:17,PTBA,RG,3780,30,D,PD,LG,D
14:11:00,PTBA,RG,3780,5,D,YU,LG,D
14:11:00,PTBA,RG,3780,5,D,YU,PD,D
14:11:00,PTBA,RG,3780,29,D,YU,RX,F
14:11:00,PTBA,RG,3780,5,D,YU,XC,D
14:11:00,PTBA,RG,3780,5,D,YU,CC,F
14:11:00,PTBA,RG,3780,120,D,YU,BK,F
14:11:00,PTBA,RG,3780,1,D,CC,BK,F
14:10:52,PTBA,RG,3780,1,D,XL,BK,F
14:10:48,PTBA,RG,3780,2,D,XC,BK,F
14:10:38,PTBA,RG,3770,1,F,CS,XC,D
14:10:38,PTBA,RG,3770,1,D,XL,XC,D
14:10:35,PTBA,RG,3780,1,D,PD,BK,F
14:10:26,PTBA,RG,3780,1,D,XL,BK,F
14:10:15,PTBA,RG,3780,50,D,YP,BK,F
14:10:00,PTBA,RG,3780,24,F,AK,BK,F
14:09:58,PTBA,RG,3780,31,D,CC,BK,F
14:09:25,PTBA,RG,3780,2,D,PD,BK,F
14:09:21,PTBA,RG,3780,15,D,CC,BK,F
14:09:19,PTBA,RG,3780,10,D,PD,BK,F
14:09:06,PTBA,RG,3780,1,D,XL,BK,F
14:09:06,PTBA,RG,3780,3,D,XL,BK,F
14:09:00,PTBA,RG,3780,95,D,YU,BK,F
14:08:59,PTBA,RG,3780,2,D,SQ,BK,F
14:08:43,PTBA,RG,3780,3,D,DR,BK,F
14:08:39,PTBA,RG,3780,1,D,HP,BK,F
14:08:37,PTBA,RG,3780,20,F,BK,BK,F
14:08:15,PTBA,RG,3780,28,F,AK,BK,F
14:08:08,PTBA,RG,3780,2,D,EP,BK,F
14:07:49,PTBA,RG,3780,1,D,PD,BK,F
14:07:30,PTBA,RG,3780,5,D,GR,BK,F
14:07:27,PTBA,RG,3770,3,D,PD,YP,D
14:07:27,PTBA,RG,3770,5,D,PD,YP,D
14:07:27,PTBA,RG,3770,2,D,KK,YP,D
14:07:27,PTBA,RG,3770,1,D,YP,YP,D
14:07:27,PTBA,RG,3770,9,D,YP,YP,D
14:07:20,PTBA,RG,3780,10,D,PD,BK,F
14:07:17,PTBA,RG,3770,21,D,YP,CC,D
14:07:17,PTBA,RG,3770,10,D,DR,CC,D
14:07:17,PTBA,RG,3770,1,D,PD,CC,D
14:07:17,PTBA,RG,3770,5,D,CC,CC,D
14:07:17,PTBA,RG,3770,29,D,SQ,CC,D
14:07:17,PTBA,RG,3770,2,D,XC,CC,D
14:07:17,PTBA,RG,3770,15,F,BK,CC,D
14:07:17,PTBA,RG,3770,17,F,BK,CC,D
14:07:09,PTBA,RG,3770,1,F,BK,GR,D
14:07:00,PTBA,RG,3780,5,D,PD,BK,F
14:07:00,PTBA,RG,3780,43,D,YU,BK,F
14:07:00,PTBA,RG,3780,1,D,YU,PD,D
14:07:00,PTBA,RG,3780,1,D,YU,NI,D
14:07:00,PTBA,RG,3780,2,D,YU,CC,D
14:07:00,PTBA,RG,3780,25,D,YU,CC,D
14:07:00,PTBA,RG,3780,109,D,YU,NI,D
14:06:47,PTBA,RG,3770,232,F,BK,HP,D
14:06:47,PTBA,RG,3770,1,F,CS,HP,D
14:06:47,PTBA,RG,3770,371,F,BK,HP,D
14:06:20,PTBA,RG,3780,23,D,DR,NI,D
14:05:46,PTBA,RG,3770,3,F,BK,KK,D
14:05:32,PTBA,RG,3770,65,F,BK,GR,D
14:05:22,PTBA,RG,3780,4,D,XL,NI,D
14:05:09,PTBA,RG,3780,1,D,PD,NI,D
14:05:00,PTBA,RG,3780,3,D,YU,NI,D
14:05:00,PTBA,RG,3780,3,D,YU,NI,D
14:05:00,PTBA,RG,3780,5,D,YU,MG,D
14:05:00,PTBA,RG,3780,28,D,YU,LG,D
14:05:00,PTBA,RG,3780,74,D,YU,LG,D
14:04:57,PTBA,RG,3770,10,F,BK,HP,D
14:04:55,PTBA,RG,3780,23,F,BK,LG,D
14:04:34,PTBA,RG,3780,1,D,PD,LG,D
14:03:50,PTBA,RG,3780,23,D,DR,LG,D
14:03:29,PTBA,RG,3770,1,F,BK,KK,D
14:03:25,PTBA,RG,3770,3,F,BK,HP,D
14:03:22,PTBA,RG,3780,16,D,PD,LG,D
14:03:04,PTBA,RG,3770,10,F,BK,PD,D
14:03:00,PTBA,RG,3770,1,F,BK,PD,D
14:02:43,PTBA,RG,3770,1,F,BK,XC,D
14:02:42,PTBA,RG,3770,27,F,BK,CC,D
14:02:42,PTBA,RG,3770,8,F,BK,XL,D
14:02:05,PTBA,RG,3770,2,F,BK,XC,D
14:01:44,PTBA,RG,3770,23,F,BK,LG,D
14:01:41,PTBA,RG,3780,5,D,NI,LG,D
14:01:24,PTBA,RG,3780,1,D,XL,LG,D
14:01:21,PTBA,RG,3770,1,F,BK,YP,D
14:01:21,PTBA,RG,3770,2,D,NI,YP,D
14:01:21,PTBA,RG,3770,1,D,CC,YP,D
14:01:21,PTBA,RG,3770,150,D,YP,YP,D
14:01:21,PTBA,RG,3770,2,D,DH,YP,D
14:01:21,PTBA,RG,3770,10,D,YP,YP,D
14:01:21,PTBA,RG,3770,3,D,XC,YP,D
14:01:21,PTBA,RG,3770,10,D,NI,YP,D
14:01:21,PTBA,RG,3770,10,D,CC,YP,D
14:01:21,PTBA,RG,3770,1,D,CC,YP,D
14:01:21,PTBA,RG,3770,2,D,NI,YP,D
14:01:21,PTBA,RG,3770,5,D,XC,YP,D
14:01:21,PTBA,RG,3770,10,D,DR,YP,D
14:01:21,PTBA,RG,3770,1,D,PD,YP,D
14:01:21,PTBA,RG,3770,30,D,EP,YP,D
14:01:21,PTBA,RG,3770,1,D,PD,YP,D
14:01:21,PTBA,RG,3770,9,F,AK,YP,D
14:01:21,PTBA,RG,3770,1,D,GR,YP,D
14:01:21,PTBA,RG,3770,1,D,PD,YP,D
14:01:21,PTBA,RG,3770,6,D,NI,YP,D
14:01:21,PTBA,RG,3770,19,F,BK,YP,D
14:01:21,PTBA,RG,3770,1,F,CS,YP,D
14:01:21,PTBA,RG,3770,21,F,BK,YP,D
14:01:21,PTBA,RG,3770,10,D,OD,YP,D
14:01:21,PTBA,RG,3770,1,D,AT,YP,D
14:01:21,PTBA,RG,3770,2,D,HP,YP,D
14:01:21,PTBA,RG,3770,3,D,XL,YP,D
14:01:21,PTBA,RG,3770,1,D,GR,YP,D
14:01:21,PTBA,RG,3770,3,D,CC,YP,D
14:01:21,PTBA,RG,3770,8,D,XL,YP,D
14:01:21,PTBA,RG,3770,55,D,YP,YP,D
14:01:21,PTBA,RG,3770,1,D,YU,YP,D
14:01:21,PTBA,RG,3770,1,D,PD,YP,D
14:01:21,PTBA,RG,3770,99,D,DR,YP,D
14:01:21,PTBA,RG,3770,1,D,XL,YP,D
14:01:21,PTBA,RG,3770,1,D,PD,YP,D
14:01:21,PTBA,RG,3770,10,D,IF,YP,D
14:01:21,PTBA,RG,3770,22,F,BK,YP,D
14:01:21,PTBA,RG,3770,5,D,XL,YP,D
14:01:21,PTBA,RG,3770,10,D,GR,YP,D
14:01:21,PTBA,RG,3770,30,F,YP,YP,D
14:01:21,PTBA,RG,3770,11,D,SQ,YP,D
14:01:21,PTBA,RG,3770,9,F,AK,YP,D
14:01:21,PTBA,RG,3770,6,D,XC,YP,D
14:01:21,PTBA,RG,3770,10,D,MG,YP,D
14:01:21,PTBA,RG,3770,1,F,CS,YP,D
14:01:21,PTBA,RG,3770,1,D,XC,YP,D
14:01:21,PTBA,RG,3770,2,D,YP,YP,D
14:01:21,PTBA,RG,3770,1,D,XC,YP,D
14:01:21,PTBA,RG,3770,1,D,XL,YP,D
14:01:21,PTBA,RG,3770,20,D,KK,YP,D
14:01:21,PTBA,RG,3770,78,D,YU,YP,D
14:01:21,PTBA,RG,3770,1,D,XL,YP,D
14:01:21,PTBA,RG,3770,4,D,XC,YP,D
14:01:21,PTBA,RG,3770,3,D,XC,YP,D
14:01:21,PTBA,RG,3770,2,D,NI,YP,D
14:01:21,PTBA,RG,3770,538,F,CS,YP,D
14:01:21,PTBA,RG,3770,1,D,XC,YP,D
14:01:21,PTBA,RG,3770,1,D,CC,YP,D
14:01:21,PTBA,RG,3770,719,F,CS,YP,D
14:01:21,PTBA,RG,3770,58,F,ZP,YP,D
14:01:21,PTBA,RG,3770,37,F,CS,YP,D
14:01:21,PTBA,RG,3770,1,D,YP,YP,D
14:01:21,PTBA,RG,3770,56,D,YU,YP,D
14:01:21,PTBA,RG,3770,3,F,AK,YP,D
14:01:21,PTBA,RG,3770,15,F,BK,YP,D
14:01:21,PTBA,RG,3770,30,D,NI,YP,D
14:01:21,PTBA,RG,3770,1,D,PD,YP,D
14:01:21,PTBA,RG,3770,1,D,EP,YP,D
14:01:21,PTBA,RG,3770,88,F,AK,YP,D
14:01:21,PTBA,RG,3770,5,D,XC,YP,D
14:01:21,PTBA,RG,3770,5,D,DR,YP,D
14:01:21,PTBA,RG,3770,10,D,SQ,YP,D
14:01:21,PTBA,RG,3770,1,D,XL,YP,D
14:01:21,PTBA,RG,3770,6,D,PD,YP,D
14:01:21,PTBA,RG,3770,1,D,PD,YP,D
14:01:21,PTBA,RG,3770,40,D,NI,YP,D
14:01:21,PTBA,RG,3770,1,D,NI,YP,D
14:01:21,PTBA,RG,3770,30,F,AK,YP,D
14:01:21,PTBA,RG,3770,4,D,SQ,YP,D
14:01:21,PTBA,RG,3770,3,F,AK,YP,D
14:01:21,PTBA,RG,3770,25,F,AK,YP,D
14:01:21,PTBA,RG,3770,1,D,GR,YP,D
14:01:21,PTBA,RG,3770,2,D,PD,YP,D
14:01:21,PTBA,RG,3770,1,D,XL,YP,D
14:01:21,PTBA,RG,3770,2,D,XC,YP,D
14:01:21,PTBA,RG,3770,8,D,EP,YP,D
14:01:21,PTBA,RG,3770,3,F,AK,YP,D
14:01:21,PTBA,RG,3770,29,F,AK,YP,D
14:01:21,PTBA,RG,3770,1,D,XL,YP,D
14:01:21,PTBA,RG,3770,3,D,PD,YP,D
14:01:21,PTBA,RG,3770,50,D,YP,YP,D
14:01:21,PTBA,RG,3770,2,D,YP,YP,D
14:01:21,PTBA,RG,3770,1,D,YP,YP,D
14:01:21,PTBA,RG,3770,2,D,PD,YP,D
14:01:21,PTBA,RG,3770,1,D,YP,YP,D
14:01:21,PTBA,RG,3770,2,D,YP,YP,D
14:01:21,PTBA,RG,3770,2,D,PD,YP,D
14:01:21,PTBA,RG,3770,1,D,NI,YP,D
14:01:21,PTBA,RG,3770,1,D,XC,YP,D
14:01:21,PTBA,RG,3770,5,D,PD,YP,D
14:01:21,PTBA,RG,3770,8,D,DX,YP,D
14:01:21,PTBA,RG,3770,1,D,XC,YP,D
14:01:21,PTBA,RG,3770,20,D,NI,YP,D
14:01:21,PTBA,RG,3770,20,D,GR,YP,D
14:01:21,PTBA,RG,3770,2,D,XC,YP,D
14:01:21,PTBA,RG,3770,100,D,PD,YP,D
14:01:21,PTBA,RG,3770,1,D,XC,YP,D
14:01:21,PTBA,RG,3770,3,D,NI,YP,D
14:01:21,PTBA,RG,3770,10,D,YP,YP,D
14:01:21,PTBA,RG,3770,40,D,NI,YP,D
14:01:21,PTBA,RG,3770,20,D,NI,YP,D
14:01:21,PTBA,RG,3770,5,D,GR,YP,D
14:01:21,PTBA,RG,3770,1,D,CC,YP,D
14:01:21,PTBA,RG,3770,10,D,XC,YP,D
14:01:21,PTBA,RG,3770,3,D,XC,YP,D
14:01:21,PTBA,RG,3770,14,D,XC,YP,D
14:01:21,PTBA,RG,3770,1,D,XL,YP,D
14:01:21,PTBA,RG,3770,15,D,CC,YP,D
14:01:21,PTBA,RG,3770,1,D,XC,YP,D
14:01:21,PTBA,RG,3770,10,D,SQ,YP,D
14:01:21,PTBA,RG,3770,10,D,XL,YP,D
14:01:21,PTBA,RG,3770,19,F,BK,YP,D
14:01:21,PTBA,RG,3770,691,F,BK,YP,D
14:01:21,PTBA,RG,3770,1,D,XC,YP,D
14:01:21,PTBA,RG,3770,53,D,XL,YP,D
14:01:21,PTBA,RG,3770,4,D,XC,YP,D
14:01:21,PTBA,RG,3770,20,F,BK,YP,D
14:01:21,PTBA,RG,3770,2,D,XC,YP,D
14:01:21,PTBA,RG,3770,10,D,XC,YP,D
14:01:21,PTBA,RG,3770,20,D,XC,YP,D
14:01:21,PTBA,RG,3770,27,D,XL,YP,D
14:01:21,PTBA,RG,3770,1,D,XC,YP,D
14:01:21,PTBA,RG,3770,1,D,XC,YP,D
14:01:21,PTBA,RG,3770,2,D,XC,YP,D
14:01:21,PTBA,RG,3770,1,D,XC,YP,D
14:01:21,PTBA,RG,3770,1,D,XC,YP,D
14:01:21,PTBA,RG,3770,3,D,XC,YP,D
14:01:21,PTBA,RG,3770,5,D,CC,YP,D
14:01:21,PTBA,RG,3770,1,D,CC,YP,D
14:01:21,PTBA,RG,3770,1,D,XL,YP,D
14:01:21,PTBA,RG,3770,1,D,YP,YP,D
14:01:21,PTBA,RG,3770,1,D,XL,YP,D
14:01:21,PTBA,RG,3770,26,D,YP,YP,D
14:01:21,PTBA,RG,3770,1,D,YP,YP,D
14:01:21,PTBA,RG,3770,125,D,XL,YP,D
14:01:21,PTBA,RG,3770,1,D,YP,YP,D
14:01:21,PTBA,RG,3770,180,F,BK,YP,D
14:01:11,PTBA,RG,3780,5,D,DH,LG,D
14:01:02,PTBA,RG,3780,21,F,BK,LG,D
14:01:00,PTBA,RG,3780,27,D,YU,LG,D
14:01:00,PTBA,RG,3780,5,D,YU,PD,D
14:01:00,PTBA,RG,3780,10,D,YU,YP,D
14:01:00,PTBA,RG,3780,103,D,YU,CC,D
14:00:56,PTBA,RG,3780,2,D,PD,CC,D
14:00:51,PTBA,RG,3780,15,F,AK,CC,D
14:00:50,PTBA,RG,3780,60,F,AK,CC,D
14:00:50,PTBA,RG,3770,200,F,BK,GR,D
14:00:49,PTBA,RG,3770,20,F,BK,CC,D
14:00:41,PTBA,RG,3770,1,F,BK,YP,D
14:00:21,PTBA,RG,3780,3,D,YP,CC,D
14:00:20,PTBA,RG,3780,5,F,ZP,CC,D
14:00:00,PTBA,RG,3780,141,F,AK,CC,D
14:00:00,PTBA,RG,3780,26,F,AK,CC,D
13:59:53,PTBA,RG,3780,5,D,AZ,CC,D
13:59:44,PTBA,RG,3780,5,D,NI,CC,D
13:59:35,PTBA,RG,3780,4,F,AK,CC,D
13:59:34,PTBA,RG,3780,109,F,ZP,CC,D
13:59:34,PTBA,RG,3780,5,D,PD,CC,D
13:59:21,PTBA,RG,3780,20,D,CC,CC,D
13:59:16,PTBA,RG,3780,10,D,PD,CC,D
13:59:05,PTBA,RG,3780,50,D,YP,CC,D
13:59:02,PTBA,RG,3780,3,D,XC,CC,D
13:59:00,PTBA,RG,3780,199,D,YU,CC,D
13:58:57,PTBA,RG,3770,50,F,BK,DR,D
13:58:52,PTBA,RG,3780,51,D,DR,CC,D
13:58:38,PTBA,RG,3780,1,D,KK,CC,D
13:58:26,PTBA,RG,3780,1,D,PD,CC,D
13:58:19,PTBA,RG,3780,100,D,YP,CC,D
13:58:14,PTBA,RG,3770,20,F,BK,LG,D
13:58:07,PTBA,RG,3780,10,D,XC,CC,D
13:58:01,PTBA,RG,3780,222,F,AK,CC,D
13:58:00,PTBA,RG,3780,1,F,CS,CC,D
13:58:00,PTBA,RG,3780,349,F,CS,CC,D
13:58:00,PTBA,RG,3780,510,F,CS,BK,F
13:58:00,PTBA,RG,3780,274,F,CS,AK,F
13:57:59,PTBA,RG,3780,23,F,BK,AK,F
13:57:47,PTBA,RG,3780,1,D,PD,AK,F
13:57:24,PTBA,RG,3780,1,D,NI,AK,F
13:57:17,PTBA,RG,3780,1,D,CC,AK,F
13:57:06,PTBA,RG,3780,1,D,YP,AK,F
13:57:00,PTBA,RG,3780,199,D,YU,AK,F
13:56:52,PTBA,RG,3780,3,D,KK,AK,F
13:56:44,PTBA,RG,3770,18,F,BK,NI,D
13:56:25,PTBA,RG,3770,500,F,BK,CC,D
13:56:20,PTBA,RG,3780,1,D,CC,AK,F
13:56:12,PTBA,RG,3780,3,D,PD,AK,F
13:56:02,PTBA,RG,3780,64,D,DR,AK,F
13:56:00,PTBA,RG,3780,26,F,AK,AK,F
13:56:00,PTBA,RG,3780,1,D,PD,AK,F
13:55:54,PTBA,RG,3770,1029,F,BK,CC,D
13:55:54,PTBA,RG,3770,1,D,YP,CC,D
13:55:54,PTBA,RG,3770,1,D,YP,CC,D
13:55:54,PTBA,RG,3770,1,D,YP,CC,D
13:55:54,PTBA,RG,3770,5,D,YP,CC,D
13:55:54,PTBA,RG,3770,10,D,OD,CC,D
13:55:54,PTBA,RG,3770,2,D,LG,CC,D
13:55:54,PTBA,RG,3770,1,D,LG,CC,D
13:55:54,PTBA,RG,3770,2,D,PD,CC,D
13:55:54,PTBA,RG,3770,1,D,PD,CC,D
13:55:54,PTBA,RG,3770,2,D,PD,CC,D
13:55:54,PTBA,RG,3770,1,D,PD,CC,D
13:55:54,PTBA,RG,3770,10,D,PD,CC,D
13:55:54,PTBA,RG,3770,10,D,PD,CC,D
13:55:54,PTBA,RG,3770,5,D,PD,CC,D
13:55:54,PTBA,RG,3770,1,D,PD,CC,D
13:55:54,PTBA,RG,3770,1,D,PD,CC,D
13:55:54,PTBA,RG,3770,5,D,PD,CC,D
13:55:54,PTBA,RG,3770,1,D,PD,CC,D
13:55:54,PTBA,RG,3770,1,D,PD,CC,D
13:55:54,PTBA,RG,3770,1,D,KK,CC,D
13:55:54,PTBA,RG,3770,2,D,PD,CC,D
13:55:54,PTBA,RG,3770,17,D,PD,CC,D
13:55:54,PTBA,RG,3770,1,D,PD,CC,D
13:55:54,PTBA,RG,3770,1,D,PD,CC,D
13:55:54,PTBA,RG,3770,36,D,SQ,CC,D
13:55:54,PTBA,RG,3770,3,D,KK,CC,D
13:55:54,PTBA,RG,3770,13,D,KK,CC,D
13:55:54,PTBA,RG,3770,1,D,PD,CC,D
13:55:54,PTBA,RG,3770,3,D,NI,CC,D
13:55:54,PTBA,RG,3770,100,D,SQ,CC,D
13:55:54,PTBA,RG,3770,3,D,PD,CC,D
13:55:54,PTBA,RG,3770,1,D,PD,CC,D
13:55:54,PTBA,RG,3770,1,D,SQ,CC,D
13:55:54,PTBA,RG,3770,1,D,SQ,CC,D
13:55:54,PTBA,RG,3770,30,D,GR,CC,D
13:55:54,PTBA,RG,3770,1,D,HP,CC,D
13:55:54,PTBA,RG,3770,100,D,NI,CC,D
13:55:54,PTBA,RG,3770,10,D,ZP,CC,D
13:55:54,PTBA,RG,3770,100,D,YB,CC,D
13:55:54,PTBA,RG,3770,50,D,GR,CC,D
13:55:54,PTBA,RG,3770,1,D,CC,CC,D
13:55:54,PTBA,RG,3770,24,D,CC,CC,D
13:55:54,PTBA,RG,3770,1,D,XC,CC,D
13:55:54,PTBA,RG,3770,30,D,XC,CC,D
13:55:54,PTBA,RG,3770,224,F,BK,CC,D
13:55:54,PTBA,RG,3770,10,F,ZP,CC,D
13:55:54,PTBA,RG,3770,645,D,BQ,CC,D
13:55:46,PTBA,RG,3780,1,D,XL,AK,F
13:55:42,PTBA,RG,3780,1,D,NI,AK,F
13:55:39,PTBA,RG,3770,50,D,BQ,YP,D
13:55:33,PTBA,RG,3780,1,D,GR,AK,F
13:55:03,PTBA,RG,3780,38,D,XC,AK,F
13:55:00,PTBA,RG,3780,231,D,YU,AK,F
13:55:00,PTBA,RG,3780,95,D,YU,RX,F
13:54:23,PTBA,RG,3780,54,D,DR,RX,F
13:54:07,PTBA,RG,3780,1,D,XC,RX,F
13:53:57,PTBA,RG,3780,82,D,YU,RX,F
13:53:57,PTBA,RG,3780,18,D,YU,RX,F
13:53:40,PTBA,RG,3780,1,D,NI,RX,F
13:53:24,PTBA,RG,3770,100,D,BQ,PD,D
13:53:04,PTBA,RG,3770,10,D,BQ,SQ,D
13:53:00,PTBA,RG,3780,238,D,YU,RX,F
13:52:25,PTBA,RG,3770,27,D,BQ,RX,F
13:52:17,PTBA,RG,3770,5,D,BQ,AZ,D
13:52:04,PTBA,RG,3780,3,D,EP,RX,F
13:51:27,PTBA,RG,3770,18,D,BQ,RX,F
13:51:12,PTBA,RG,3780,2,D,YP,RX,F
13:51:06,PTBA,RG,3770,1,D,BQ,XC,D
13:50:56,PTBA,RG,3770,2,D,BQ,XC,D
13:50:30,PTBA,RG,3770,1,D,BQ,AZ,D
13:50:25,PTBA,RG,3780,20,D,SQ,RX,F
13:50:08,PTBA,RG,3780,129,F,CS,RX,F
13:50:08,PTBA,RG,3780,1,D,YP,RX,F
13:49:56,PTBA,RG,3780,217,F,CS,CC,D
13:49:56,PTBA,RG,3780,123,D,YU,CC,D
13:49:56,PTBA,RG,3780,19,F,BK,CC,D
13:49:56,PTBA,RG,3780,96,F,BK,CC,D
13:49:56,PTBA,RG,3780,12,F,AK,CC,D
13:49:56,PTBA,RG,3780,2,F,CS,CC,D
13:49:56,PTBA,RG,3780,29,F,ZP,CC,D
13:49:56,PTBA,RG,3780,2,D,XL,CC,D
13:49:25,PTBA,RG,3790,1,D,NI,MG,F
13:49:08,PTBA,RG,3790,1,D,XL,MG,F
13:48:51,PTBA,RG,3790,1,D,XL,MG,F
13:48:46,PTBA,RG,3780,29,F,CS,HP,D
13:48:42,PTBA,RG,3790,72,F,CS,MG,F
13:48:42,PTBA,RG,3780,71,F,CS,CC,D
13:48:42,PTBA,RG,3780,1,F,CS,CC,D
13:48:42,PTBA,RG,3780,5,D,YP,CC,D
13:48:42,PTBA,RG,3780,211,F,CS,CC,D
13:48:42,PTBA,RG,3780,1,F,CS,CC,D
13:48:42,PTBA,RG,3780,80,D,LG,CC,D
13:48:42,PTBA,RG,3780,5,D,NI,CC,D
13:48:42,PTBA,RG,3780,1,D,YP,CC,D
13:48:42,PTBA,RG,3780,125,F,BK,CC,D
13:48:10,PTBA,RG,3780,3,F,BK,YP,D
13:48:10,PTBA,RG,3780,2,D,YP,YP,D
13:48:10,PTBA,RG,3780,1,F,CS,YP,D
13:48:10,PTBA,RG,3780,29,D,CC,YP,D
13:48:09,PTBA,RG,3780,1,D,CC,PD,D
13:48:09,PTBA,RG,3780,1,D,PD,PD,D
13:47:48,PTBA,RG,3780,499,F,CS,CC,D
13:47:48,PTBA,RG,3780,1,F,CS,CC,D
13:47:48,PTBA,RG,3780,10,D,LG,LG,D
13:47:48,PTBA,RG,3780,18,F,CS,LG,D
13:47:48,PTBA,RG,3780,89,F,CS,LG,D
13:47:48,PTBA,RG,3780,5,D,NI,LG,D
13:47:48,PTBA,RG,3780,5,D,YP,LG,D
13:47:48,PTBA,RG,3780,11,F,AK,LG,D
13:47:48,PTBA,RG,3780,25,D,AZ,LG,D
13:47:48,PTBA,RG,3780,1,F,CS,LG,D
13:47:48,PTBA,RG,3780,23,F,BK,LG,D
13:47:48,PTBA,RG,3780,37,F,BK,LG,D
13:47:39,PTBA,RG,3780,124,F,BK,YP,D
13:47:39,PTBA,RG,3780,25,F,BK,PD,D
13:47:29,PTBA,RG,3780,30,F,BK,KK,D
13:47:29,PTBA,RG,3780,65,F,BK,DR,D
13:47:29,PTBA,RG,3780,74,F,BK,NI,D
13:47:29,PTBA,RG,3780,1,F,CS,NI,D
13:47:29,PTBA,RG,3780,95,D,YU,NI,D
13:47:27,PTBA,RG,3780,4,D,YU,NI,D
13:47:27,PTBA,RG,3780,1,D,PD,NI,D
13:47:22,PTBA,RG,3790,1,D,PD,MG,F
13:47:17,PTBA,RG,3780,8,D,CC,AK,F
13:47:17,PTBA,RG,3780,21,F,BK,AK,F
13:47:17,PTBA,RG,3780,88,D,DR,AK,F
13:47:17,PTBA,RG,3780,140,F,CS,CC,D
13:47:17,PTBA,RG,3780,5,D,XL,CC,D
13:47:17,PTBA,RG,3780,10,D,ZP,CC,D
13:47:17,PTBA,RG,3780,10,D,YP,CC,D
13:47:17,PTBA,RG,3780,50,D,EP,CC,D
13:47:17,PTBA,RG,3780,5,D,GR,CC,D
13:47:17,PTBA,RG,3780,80,D,EP,CC,D
13:47:17,PTBA,RG,3780,1,D,XL,CC,D
13:47:17,PTBA,RG,3780,5,D,NI,CC,D
13:47:17,PTBA,RG,3780,1,D,XC,CC,D
13:47:17,PTBA,RG,3780,1,D,DX,CC,D
13:47:17,PTBA,RG,3780,4,D,XC,CC,D
13:47:17,PTBA,RG,3780,23,D,XA,CC,D
13:47:17,PTBA,RG,3780,10,D,DR,CC,D
13:47:17,PTBA,RG,3780,1,D,XC,CC,D
13:47:17,PTBA,RG,3780,1,D,PD,CC,D
13:47:17,PTBA,RG,3780,1,D,OD,CC,D
13:47:17,PTBA,RG,3780,18,D,PD,CC,D
13:47:17,PTBA,RG,3780,21,F,BK,CC,D
13:47:17,PTBA,RG,3780,2,D,CC,CC,D
13:47:17,PTBA,RG,3780,2,D,PD,CC,D
13:47:17,PTBA,RG,3780,1,D,XC,CC,D
13:47:17,PTBA,RG,3780,9,F,AK,CC,D
13:47:17,PTBA,RG,3780,1,D,TP,CC,D
13:47:17,PTBA,RG,3780,2,D,XC,CC,D
13:47:17,PTBA,RG,3780,1,F,CS,CC,D
13:47:17,PTBA,RG,3780,77,F,ZP,CC,D
13:47:17,PTBA,RG,3780,21,F,BK,CC,D
13:47:17,PTBA,RG,3780,13,F,BK,CC,D
13:47:17,PTBA,RG,3780,1,D,XC,CC,D
13:47:17,PTBA,RG,3780,3,D,PD,CC,D
13:47:17,PTBA,RG,3780,30,D,CC,CC,D
13:47:17,PTBA,RG,3780,2,D,CC,CC,D
13:47:17,PTBA,RG,3780,1,D,PD,CC,D
13:47:17,PTBA,RG,3780,1,D,DX,CC,D
13:47:17,PTBA,RG,3780,1,D,KK,CC,D
13:47:17,PTBA,RG,3780,21,F,BK,CC,D
13:47:17,PTBA,RG,3780,79,F,AK,CC,D
13:47:17,PTBA,RG,3780,30,D,YP,CC,D
13:47:17,PTBA,RG,3780,10,D,YP,CC,D
13:47:17,PTBA,RG,3780,45,D,CC,CC,D
13:47:17,PTBA,RG,3780,29,F,AK,CC,D
13:47:17,PTBA,RG,3780,29,F,AK,CC,D
13:47:17,PTBA,RG,3780,24,F,AK,CC,D
13:47:17,PTBA,RG,3780,3,F,AK,CC,D
13:47:17,PTBA,RG,3780,3,F,AK,CC,D
13:47:17,PTBA,RG,3780,3,D,PD,CC,D
13:47:17,PTBA,RG,3780,15,D,XL,CC,D
13:47:17,PTBA,RG,3780,15,F,BK,CC,D
13:47:17,PTBA,RG,3780,10,D,XL,CC,D
13:47:17,PTBA,RG,3780,1,D,PD,CC,D
13:47:17,PTBA,RG,3780,1,D,PD,CC,D
13:47:17,PTBA,RG,3780,5,D,XC,CC,D
13:47:17,PTBA,RG,3780,40,D,YU,CC,D
13:47:17,PTBA,RG,3780,3,D,XC,CC,D
13:47:17,PTBA,RG,3780,1,F,CS,CC,D
13:47:17,PTBA,RG,3780,530,F,BK,CC,D
13:47:17,PTBA,RG,3780,10,F,CS,CC,D
13:47:17,PTBA,RG,3780,361,F,CS,CC,D
13:47:17,PTBA,RG,3780,2,D,XL,CC,D
13:47:17,PTBA,RG,3780,77,D,DR,CC,D
13:47:17,PTBA,RG,3780,2,D,XL,CC,D
13:47:17,PTBA,RG,3780,28,D,YP,CC,D
13:47:17,PTBA,RG,3780,4,F,BK,CC,D
13:47:17,PTBA,RG,3780,64,D,YU,CC,D
13:47:03,PTBA,RG,3780,10,D,YU,LG,D
13:47:03,PTBA,RG,3780,18,F,BK,LG,D
13:47:03,PTBA,RG,3780,6,F,BK,LG,D
13:47:03,PTBA,RG,3780,183,F,CS,LG,D
13:47:03,PTBA,RG,3780,7,F,CS,LG,D
13:47:02,PTBA,RG,3780,5,F,CS,NI,D
13:47:01,PTBA,RG,3780,34,F,CS,AG,D
13:47:01,PTBA,RG,3780,1,F,CS,AG,D
13:47:01,PTBA,RG,3780,100,F,CS,AG,D
13:46:57,PTBA,RG,3780,1,F,CS,CC,D
13:46:42,PTBA,RG,3780,5,F,CS,NI,D
13:46:26,PTBA,RG,3780,3,F,CS,LG,D
13:46:22,PTBA,RG,3780,73,F,CS,LG,D
13:46:22,PTBA,RG,3780,123,F,BK,LG,D
13:46:22,PTBA,RG,3780,28,F,BK,LG,D
13:46:22,PTBA,RG,3790,21,F,BK,BK,F
13:46:06,PTBA,RG,3790,20,D,ZP,BK,F
13:45:52,PTBA,RG,3780,5,F,BK,DH,D
13:45:38,PTBA,RG,3780,10,F,BK,LG,D
13:45:26,PTBA,RG,3780,4,F,BK,XA,D
13:45:20,PTBA,RG,3790,1,D,PD,BK,F
13:45:14,PTBA,RG,3780,2,F,BK,XC,D
13:45:11,PTBA,RG,3790,12,D,YP,BK,F
13:45:01,PTBA,RG,3790,162,D,YU,BK,F
13:44:37,PTBA,RG,3790,80,D,OD,BK,F
13:44:31,PTBA,RG,3790,14,D,YP,BK,F
13:44:25,PTBA,RG,3780,1,F,BK,NI,D
13:44:16,PTBA,RG,3790,30,D,CC,BK,F
13:44:13,PTBA,RG,3790,4,D,DH,BK,F
13:44:08,PTBA,RG,3780,7,F,BK,CC,D
13:43:47,PTBA,RG,3790,23,D,DR,BK,F
13:43:46,PTBA,RG,3790,1,D,EP,BK,F
13:43:33,PTBA,RG,3780,250,F,BK,YP,D
13:43:19,PTBA,RG,3780,280,F,BK,DH,D
13:43:12,PTBA,RG,3780,31,F,BK,PD,D
13:43:08,PTBA,RG,3780,1000,F,BK,YP,D
13:43:07,PTBA,RG,3790,12,D,YP,BK,F
13:43:00,PTBA,RG,3790,147,D,YU,BK,F
13:43:00,PTBA,RG,3790,1,D,YU,NI,D
13:43:00,PTBA,RG,3790,1,D,YU,CC,F
13:43:00,PTBA,RG,3790,10,D,YU,LG,D
13:43:00,PTBA,RG,3790,4,D,YU,BQ,D
13:43:00,PTBA,RG,3790,4,D,YU,XL,D
13:43:00,PTBA,RG,3790,7,D,YU,YP,D
13:42:51,PTBA,RG,3780,2,F,BK,XC,D
13:42:49,PTBA,RG,3790,1,D,NI,YP,D
13:42:47,PTBA,RG,3780,18,F,BK,FS,D
13:42:42,PTBA,RG,3790,10,D,GR,YP,D
13:42:23,PTBA,RG,3790,11,D,XL,YP,D
13:42:22,PTBA,RG,3790,3,D,XC,YP,D
13:42:00,PTBA,RG,3790,5,D,DR,YP,D
13:41:59,PTBA,RG,3790,2,D,PD,YP,D
13:41:44,PTBA,RG,3790,5,D,DR,YP,D
13:41:44,PTBA,RG,3790,19,D,DR,CC,D
13:41:44,PTBA,RG,3790,2,D,DR,XL,D
13:41:40,PTBA,RG,3790,5,D,PD,XL,D
13:41:20,PTBA,RG,3790,3,D,XL,XL,D
13:40:59,PTBA,RG,3780,1,D,XC,CC,D
13:40:59,PTBA,RG,3780,9,F,ZP,CC,D
13:40:19,PTBA,RG,3780,1,F,ZP,XC,D
13:40:07,PTBA,RG,3780,26,F,ZP,YP,D
13:40:07,PTBA,RG,3780,1,D,XC,YP,D
13:40:07,PTBA,RG,3780,6,D,XC,YP,D
13:40:07,PTBA,RG,3780,1,D,EP,YP,D
13:40:07,PTBA,RG,3780,16,F,BK,YP,D
13:40:03,PTBA,RG,3780,1,F,BK,XC,D
13:40:00,PTBA,RG,3780,4,F,BK,YP,D
13:40:00,PTBA,RG,3780,1,D,XC,YP,D
13:40:00,PTBA,RG,3780,5,D,PD,YP,D
13:40:00,PTBA,RG,3780,2,D,YP,YP,D
13:40:00,PTBA,RG,3780,27,F,AK,YP,D
13:40:00,PTBA,RG,3780,11,F,AK,YP,D
13:40:00,PTBA,RG,3790,4,D,YU,XL,D
13:40:00,PTBA,RG,3790,2,D,YU,PD,D
13:40:00,PTBA,RG,3790,5,D,YU,AZ,D
13:40:00,PTBA,RG,3790,106,D,YU,YP,D
13:39:56,PTBA,RG,3780,21,F,AK,LG,D
13:39:56,PTBA,RG,3780,9,F,AK,LG,D
13:39:56,PTBA,RG,3780,8,F,AK,LG,D
13:39:56,PTBA,RG,3780,3,F,AK,LG,D
13:39:56,PTBA,RG,3780,3,F,AK,LG,D
13:39:56,PTBA,RG,3780,8,F,BK,LG,D
13:39:56,PTBA,RG,3780,12,F,BK,LG,D
13:39:56,PTBA,RG,3780,347,F,BK,LG,D
13:39:47,PTBA,RG,3790,2,D,PD,YP,D
13:38:43,PTBA,RG,3780,10,F,BK,YU,D
13:38:34,PTBA,RG,3780,35,F,BK,YP,D
13:38:21,PTBA,RG,3780,22,F,BK,XC,D
13:38:18,PTBA,RG,3780,5,F,BK,PD,D
13:38:16,PTBA,RG,3790,22,F,BK,YP,D
13:38:13,PTBA,RG,3780,718,F,BK,AK,F
13:38:13,PTBA,RG,3780,13,F,BK,AK,F
13:38:13,PTBA,RG,3780,23,F,BK,AK,F
13:38:13,PTBA,RG,3780,88,D,DR,AK,F
13:38:13,PTBA,RG,3780,27,F,CS,AK,F
13:38:13,PTBA,RG,3780,1,F,CS,AK,F
13:38:13,PTBA,RG,3780,130,D,YU,AK,F
13:38:12,PTBA,RG,3780,52,D,YU,LG,D
13:38:12,PTBA,RG,3780,61,D,YU,LG,D
13:38:12,PTBA,RG,3780,298,F,CS,LG,D
13:37:21,PTBA,RG,3780,10,F,CS,DH,D
13:37:18,PTBA,RG,3790,1,D,XC,YP,D
13:37:11,PTBA,RG,3780,3,F,CS,SQ,D
13:37:00,PTBA,RG,3790,140,D,YU,YP,D
13:36:53,PTBA,RG,3790,20,D,KK,YP,D
13:36:43,PTBA,RG,3790,6,D,XC,YP,D
13:36:35,PTBA,RG,3790,1,D,KK,YP,D
13:35:59,PTBA,RG,3790,1,D,XC,YP,D
13:35:47,PTBA,RG,3790,1,D,NI,YP,D
13:35:47,PTBA,RG,3790,1,D,NI,CP,D
13:35:47,PTBA,RG,3790,29,D,NI,DR,D
13:35:47,PTBA,RG,3790,35,D,NI,YP,D
13:35:47,PTBA,RG,3790,4,D,NI,DR,D
13:35:47,PTBA,RG,3790,4,D,NI,YP,D
13:35:47,PTBA,RG,3790,9,D,NI,PD,D
13:35:47,PTBA,RG,3790,2,D,NI,XC,D
13:35:47,PTBA,RG,3790,4,D,NI,XC,D
13:35:47,PTBA,RG,3790,3,D,NI,DX,D
13:35:47,PTBA,RG,3790,9,D,NI,CC,D
13:35:44,PTBA,RG,3790,2,D,XC,CC,D
13:35:36,PTBA,RG,3790,2,D,RG,CC,D
13:35:15,PTBA,RG,3790,1,D,XC,CC,D
13:34:15,PTBA,RG,3790,5,D,YP,CC,D
13:34:14,PTBA,RG,3790,1,D,XC,CC,D
13:34:14,PTBA,RG,3790,1,D,XC,NI,D
13:34:14,PTBA,RG,3790,1,D,XC,PD,D
13:34:03,PTBA,RG,3790,1,F,CS,PD,D
13:34:03,PTBA,RG,3790,2,F,CS,YP,D
13:34:03,PTBA,RG,3780,1,F,BK,XC,D
13:34:03,PTBA,RG,3780,2,F,BK,XC,D
13:34:03,PTBA,RG,3780,4,F,BK,XC,D
13:34:03,PTBA,RG,3780,11,F,BK,XC,D
13:34:03,PTBA,RG,3780,18,F,BK,XC,D
13:34:03,PTBA,RG,3780,1,F,BK,XC,D
13:34:03,PTBA,RG,3780,9,F,BK,XC,D
13:34:03,PTBA,RG,3780,4,F,BK,CC,D
13:34:03,PTBA,RG,3780,130,F,BK,CC,D
13:34:03,PTBA,RG,3780,1,F,BK,CC,F
13:34:03,PTBA,RG,3780,22,F,BK,CC,D
13:34:03,PTBA,RG,3780,80,F,BK,YP,D
13:34:03,PTBA,RG,3780,4,F,BK,CC,D
13:34:03,PTBA,RG,3780,10,F,BK,CC,D
13:34:03,PTBA,RG,3780,30,F,BK,YP,D
13:34:03,PTBA,RG,3780,552,F,BK,BK,F
13:34:03,PTBA,RG,3780,2,F,BK,PD,D
13:34:03,PTBA,RG,3780,1,F,BK,PD,D
13:34:03,PTBA,RG,3780,16,F,BK,YU,F
13:34:03,PTBA,RG,3780,1,F,BK,PD,D
13:34:03,PTBA,RG,3780,24,F,BK,KK,D
13:34:03,PTBA,RG,3780,2,F,BK,KI,D
13:34:03,PTBA,RG,3780,100,F,BK,SQ,D
13:34:03,PTBA,RG,3780,1,F,BK,NI,D
13:34:03,PTBA,RG,3780,8,F,BK,XL,D
13:34:03,PTBA,RG,3780,23,F,BK,YP,D
13:34:03,PTBA,RG,3780,1,F,BK,CC,D
13:34:03,PTBA,RG,3780,200,F,BK,CC,D
13:34:03,PTBA,RG,3780,10,F,BK,XC,D
13:34:03,PTBA,RG,3780,15,F,BK,OK,D
13:34:03,PTBA,RG,3780,986,F,BK,MG,F
13:34:01,PTBA,RG,3780,124,F,AK,MG,F
13:34:00,PTBA,RG,3780,1,F,CS,MG,F
13:34:00,PTBA,RG,3780,943,F,CS,MG,F
13:34:00,PTBA,RG,3780,89,D,YU,MG,F
13:33:55,PTBA,RG,3780,23,F,BK,MG,F
13:33:52,PTBA,RG,3780,78,F,ZP,MG,F
13:33:52,PTBA,RG,3780,500,D,XL,MG,F
13:33:52,PTBA,RG,3780,10,D,HP,MG,F
13:33:34,PTBA,RG,3780,2,D,XC,MG,F
13:33:19,PTBA,RG,3780,200,D,PG,MG,F
13:33:19,PTBA,RG,3770,7,D,BQ,XC,D
13:33:16,PTBA,RG,3770,9,D,BQ,PD,D
13:32:25,PTBA,RG,3770,3,D,BQ,AZ,D
13:32:21,PTBA,RG,3770,5,D,BQ,PD,D
13:32:15,PTBA,RG,3770,2,D,BQ,CP,D
13:32:02,PTBA,RG,3780,6,D,DR,MG,F
13:32:01,PTBA,RG,3770,1,D,BQ,PD,D
13:31:55,PTBA,RG,3770,100,D,BQ,NI,D
13:31:53,PTBA,RG,3770,14,D,BQ,PD,D
13:31:53,PTBA,RG,3770,1,D,XL,PD,D
13:31:53,PTBA,RG,3770,1,D,XC,PD,D
13:31:53,PTBA,RG,3770,4,D,CC,PD,D
13:31:45,PTBA,RG,3770,1,D,CC,IF,D
13:31:45,PTBA,RG,3770,7,D,YP,IF,D
13:31:39,PTBA,RG,3780,38,D,YP,MG,F
13:31:39,PTBA,RG,3780,362,D,YP,PD,D
13:31:25,PTBA,RG,3770,23,D,YP,PD,D
13:31:25,PTBA,RG,3770,1,D,NI,PD,D
13:31:25,PTBA,RG,3770,1,F,CS,PD,D
13:31:25,PTBA,RG,3770,2,D,NI,PD,D
13:31:25,PTBA,RG,3770,19,D,YP,PD,D
13:31:22,PTBA,RG,3780,51,D,DR,PD,D
13:30:49,PTBA,RG,3770,3,D,YP,EP,D
13:30:41,PTBA,RG,3780,49,D,DR,PD,D
13:30:06,PTBA,RG,3780,1,D,XC,PD,D
13:30:06,PTBA,RG,3780,1,D,XC,PD,D
13:30:06,PTBA,RG,3780,131,D,XC,PD,D
13:30:06,PTBA,RG,3780,1,D,XC,PD,D
13:30:06,PTBA,RG,3780,2,D,XC,PD,D
13:30:06,PTBA,RG,3780,7,D,XC,PD,D
13:30:05,PTBA,RG,3780,1,D,XC,PD,D
13:30:05,PTBA,RG,3780,2,D,XL,PD,D
13:30:05,PTBA,RG,3780,1,D,XC,PD,D
13:30:05,PTBA,RG,3780,2,D,XC,PD,D
13:30:05,PTBA,RG,3780,2,D,XC,PD,D
13:30:05,PTBA,RG,3780,1,D,XC,PD,D
13:30:05,PTBA,RG,3770,5,D,YP,XC,D
13:30:05,PTBA,RG,3780,21,F,AK,PD,D
13:30:05,PTBA,RG,3780,8,F,AK,PD,D
13:30:05,PTBA,RG,3780,1,D,XC,PD,D
13:30:05,PTBA,RG,3780,1,D,XL,PD,D
13:30:04,PTBA,RG,3780,1,D,XL,PD,D
13:30:04,PTBA,RG,3770,2,D,YP,CC,D
13:30:04,PTBA,RG,3780,65,F,AK,PD,D
13:30:04,PTBA,RG,3780,2,D,XL,PD,D
13:30:04,PTBA,RG,3770,6,D,YP,XL,D
13:30:03,PTBA,RG,3780,2,D,CC,PD,D
13:30:03,PTBA,RG,3770,9,D,YP,XL,D
13:30:03,PTBA,RG,3780,3,D,XL,PD,D
13:30:03,PTBA,RG,3780,1,D,CC,PD,D
13:30:03,PTBA,RG,3780,1,D,CC,PD,D
13:30:03,PTBA,RG,3780,20,D,YP,PD,D
13:30:03,PTBA,RG,3780,2,D,CC,PD,D
13:30:03,PTBA,RG,3780,50,D,YP,PD,D
13:30:03,PTBA,RG,3780,1,D,YP,PD,D
13:30:03,PTBA,RG,3780,5,D,CC,PD,D
13:30:02,PTBA,RG,3780,25,D,YP,PD,D
13:30:02,PTBA,RG,3780,5,D,YP,PD,D
13:30:02,PTBA,RG,3780,1,D,YP,PD,D
13:30:02,PTBA,RG,3780,3,D,XL,PD,D
13:30:02,PTBA,RG,3780,5,D,XL,PD,D
13:30:02,PTBA,RG,3780,1,D,XL,PD,D
13:30:02,PTBA,RG,3780,2,D,YP,PD,D
13:30:02,PTBA,RG,3770,1,D,YP,OD,D
13:30:02,PTBA,RG,3780,2,D,XA,PD,D
13:30:02,PTBA,RG,3780,10,D,NI,PD,D
13:30:02,PTBA,RG,3770,100,D,YP,PD,D
13:30:02,PTBA,RG,3780,25,D,PD,PD,D
13:30:02,PTBA,RG,3780,2,F,AK,PD,D
13:30:02,PTBA,RG,3780,10,D,PD,PD,D
13:30:02,PTBA,RG,3780,25,D,PD,PD,D
13:30:02,PTBA,RG,3780,2,D,PD,PD,D
13:30:02,PTBA,RG,3780,2,D,PD,PD,D
13:30:02,PTBA,RG,3780,3,D,PD,PD,D
13:30:02,PTBA,RG,3780,1,D,PD,PD,D
13:30:02,PTBA,RG,3780,1,D,PD,PD,D
13:30:02,PTBA,RG,3770,2,D,YP,PD,D
13:30:01,PTBA,RG,3780,1,D,NI,PD,D
13:30:01,PTBA,RG,3780,53,D,PD,PD,D
13:30:01,PTBA,RG,3780,3,D,PD,PD,D
13:30:01,PTBA,RG,3780,10,D,PD,PD,D
13:30:01,PTBA,RG,3780,10,D,PD,PD,D
13:30:01,PTBA,RG,3780,5,D,PD,PD,D
13:30:01,PTBA,RG,3780,10,D,PD,PD,D
13:30:01,PTBA,RG,3770,53,D,YP,CC,D
13:30:01,PTBA,RG,3780,1,D,PD,PD,D
13:30:01,PTBA,RG,3780,2,D,PD,PD,D
13:30:01,PTBA,RG,3780,1,D,PD,PD,D
13:30:01,PTBA,RG,3780,1,D,PD,PD,D
13:30:01,PTBA,RG,3780,1,D,KK,PD,D
13:30:01,PTBA,RG,3780,2,D,KK,PD,D
13:30:01,PTBA,RG,3770,1,D,YP,PD,D
13:30:01,PTBA,RG,3780,1,D,KK,PD,D
13:30:01,PTBA,RG,3780,1,D,DH,PD,D
13:30:01,PTBA,RG,3780,2,D,DH,PD,D
13:30:01,PTBA,RG,3780,19,D,KK,PD,D
13:30:01,PTBA,RG,3780,1,D,KK,PD,D
13:30:01,PTBA,RG,3780,8,D,EP,PD,D
13:30:01,PTBA,RG,3780,1,D,YB,PD,D
13:30:01,PTBA,RG,3780,15,D,AZ,PD,D
13:30:01,PTBA,RG,3770,23,D,YP,EP,D
13:30:01,PTBA,RG,3780,60,D,EP,PD,D
13:30:01,PTBA,RG,3780,1,D,BQ,PD,D
11:29:50,PTBA,RG,3780,1,F,AK,PD,D
11:29:45,PTBA,RG,3780,1,F,AK,PD,D
11:29:45,PTBA,RG,3780,1,F,AK,PD,D
11:29:45,PTBA,RG,3780,1,F,AK,PD,D
11:29:35,PTBA,RG,3780,1,D,SQ,PD,D
11:29:35,PTBA,RG,3780,1,F,AK,PD,D
11:29:24,PTBA,RG,3780,4,F,BK,PD,D
11:29:12,PTBA,RG,3770,3,D,YP,BB,D
11:29:12,PTBA,RG,3770,4,D,YP,BB,D
11:29:12,PTBA,RG,3770,5,D,YP,BB,D
11:29:10,PTBA,RG,3770,3,D,YP,BB,D
11:29:10,PTBA,RG,3770,25,D,YP,BB,D
11:29:10,PTBA,RG,3770,3,D,YP,BB,D
11:29:10,PTBA,RG,3770,2,D,YP,BB,D
11:29:10,PTBA,RG,3770,4,D,YP,BB,D
11:29:10,PTBA,RG,3770,2,D,YP,BB,D
11:29:09,PTBA,RG,3770,5,D,YP,BB,D
11:29:09,PTBA,RG,3770,7,D,YP,BB,D
11:29:09,PTBA,RG,3770,1,D,YP,BB,D
11:29:08,PTBA,RG,3770,4,D,YP,BB,D
11:29:08,PTBA,RG,3770,1,D,YP,BB,D
11:29:08,PTBA,RG,3770,1,D,YP,BB,D
11:29:07,PTBA,RG,3770,1,D,YP,BB,D
11:29:07,PTBA,RG,3770,4,D,YP,BB,D
11:29:07,PTBA,RG,3770,7,D,YP,BB,D
11:29:07,PTBA,RG,3770,1,D,YP,BB,D
11:29:07,PTBA,RG,3770,4,D,YP,BB,D
11:29:07,PTBA,RG,3770,1,D,YP,BB,D
11:29:07,PTBA,RG,3770,1,D,YP,BB,D
11:29:06,PTBA,RG,3770,1,D,YP,BB,D
11:29:06,PTBA,RG,3770,1,D,YP,BB,D
11:29:06,PTBA,RG,3770,1,D,YP,BB,D
11:29:06,PTBA,RG,3770,1,D,YP,BB,D
11:29:06,PTBA,RG,3770,1,D,YP,BB,D
11:29:05,PTBA,RG,3770,2,D,YP,BB,D
11:29:05,PTBA,RG,3770,1,D,CC,BB,D
11:29:05,PTBA,RG,3770,4,F,CS,BB,D
11:29:05,PTBA,RG,3770,2,F,CS,BB,D
11:29:05,PTBA,RG,3770,6,F,CS,BB,D
11:29:05,PTBA,RG,3770,5,F,CS,BB,D
11:29:05,PTBA,RG,3770,5,F,CS,BB,D
11:29:04,PTBA,RG,3770,4,F,CS,BB,D
11:29:04,PTBA,RG,3770,9,F,CS,BB,D
11:29:04,PTBA,RG,3770,7,F,CS,BB,D
11:29:04,PTBA,RG,3770,4,F,CS,BB,D
11:29:04,PTBA,RG,3770,6,F,CS,BB,D
11:29:04,PTBA,RG,3770,1,F,CS,BB,D
11:29:04,PTBA,RG,3770,4,F,CS,BB,D
11:29:03,PTBA,RG,3770,1,F,CS,BB,D
11:29:03,PTBA,RG,3770,1,F,CS,BB,D
11:29:03,PTBA,RG,3770,5,F,CS,BB,D
11:29:03,PTBA,RG,3770,26,F,CS,BB,D
11:29:03,PTBA,RG,3770,1,F,CS,BB,D
11:29:02,PTBA,RG,3770,1,F,CS,BB,D
11:29:02,PTBA,RG,3770,1,F,CS,BB,D
11:29:02,PTBA,RG,3770,9,F,CS,BB,D
11:29:02,PTBA,RG,3770,1,F,CS,BB,D
11:29:02,PTBA,RG,3770,1,F,CS,BB,D
11:29:02,PTBA,RG,3770,1,F,CS,BB,D
11:29:01,PTBA,RG,3770,1,F,CS,BB,D
11:29:01,PTBA,RG,3770,1,F,CS,BB,D
11:29:01,PTBA,RG,3770,1,F,CS,BB,D
11:29:01,PTBA,RG,3770,1,F,CS,BB,D
11:29:01,PTBA,RG,3770,1,F,CS,BB,D
11:29:01,PTBA,RG,3770,1,F,CS,BB,D
11:29:01,PTBA,RG,3770,1,F,CS,BB,D
11:29:00,PTBA,RG,3770,1,F,CS,BB,D
11:29:00,PTBA,RG,3770,1,F,CS,BB,D
11:29:00,PTBA,RG,3770,1,F,CS,BB,D
11:29:00,PTBA,RG,3770,1,F,CS,BB,D
11:29:00,PTBA,RG,3770,2,F,CS,BB,D
11:29:00,PTBA,RG,3770,1,F,CS,BB,D
11:28:59,PTBA,RG,3770,2,F,CS,BB,D
11:28:58,PTBA,RG,3770,235,F,CS,AK,F
11:28:58,PTBA,RG,3770,3,F,AK,AK,F
11:28:58,PTBA,RG,3770,595,F,BK,AK,F
11:28:58,PTBA,RG,3770,159,D,YP,AK,F
11:28:58,PTBA,RG,3770,1,D,YP,BB,D
11:28:57,PTBA,RG,3770,1,D,YP,BB,D
11:28:55,PTBA,RG,3770,1,D,YP,BB,D
11:28:55,PTBA,RG,3770,1,D,YP,BB,D
11:28:55,PTBA,RG,3770,1,D,YP,BB,D
11:28:54,PTBA,RG,3770,836,D,YP,AK,F
11:28:54,PTBA,RG,3770,22,F,BK,AK,F
11:28:54,PTBA,RG,3770,4,F,BK,AK,F
11:28:54,PTBA,RG,3770,14,F,ZP,AK,F
11:28:54,PTBA,RG,3770,1,F,CS,AK,F
11:28:54,PTBA,RG,3770,91,D,YU,AK,F
11:28:54,PTBA,RG,3770,24,D,YU,AK,F
11:28:53,PTBA,RG,3770,1,D,YU,BB,D
11:28:52,PTBA,RG,3770,6,D,YU,BB,D
11:28:51,PTBA,RG,3780,23,F,BK,PD,D
11:28:50,PTBA,RG,3770,1,D,YU,BB,D
11:28:49,PTBA,RG,3770,1,D,YU,BB,D
11:28:48,PTBA,RG,3780,41,F,BK,PD,D
11:28:45,PTBA,RG,3770,2,D,YU,BB,D
11:28:44,PTBA,RG,3770,1,D,YU,BB,D
11:28:44,PTBA,RG,3770,1,D,YU,BB,D
11:28:44,PTBA,RG,3770,1,D,YU,BB,D
11:28:39,PTBA,RG,3770,1,D,YU,BB,D
11:28:37,PTBA,RG,3770,1,D,YU,BB,D
11:28:35,PTBA,RG,3770,1,D,YU,BB,D
11:28:30,PTBA,RG,3770,1,D,YU,BB,D
11:28:28,PTBA,RG,3780,21,F,BK,PD,D
11:28:25,PTBA,RG,3780,14,D,PD,PD,D
11:28:25,PTBA,RG,3780,2,D,XL,PD,D
11:28:23,PTBA,RG,3780,42,F,BK,PD,D
11:28:20,PTBA,RG,3780,5,F,AK,PD,D
11:28:19,PTBA,RG,3770,2,D,YU,BB,D
11:28:18,PTBA,RG,3780,3,D,XC,PD,D
11:28:05,PTBA,RG,3780,1,D,CC,PD,D
11:28:04,PTBA,RG,3770,5,D,YU,BB,D
11:28:02,PTBA,RG,3780,25,F,BK,PD,D
11:28:02,PTBA,RG,3780,6,D,YP,PD,D
11:28:00,PTBA,RG,3780,19,F,AK,PD,D
11:27:46,PTBA,RG,3780,38,F,BK,PD,D
11:27:45,PTBA,RG,3780,3,F,AK,PD,D
11:27:42,PTBA,RG,3780,3,F,AK,PD,D
11:27:41,PTBA,RG,3780,97,F,BK,PD,D
11:27:38,PTBA,RG,3780,165,F,AK,PD,D
11:27:38,PTBA,RG,3780,8,F,AK,YP,D
11:27:38,PTBA,RG,3780,1,F,AK,GR,D
11:27:38,PTBA,RG,3780,21,F,AK,NI,D
11:27:38,PTBA,RG,3780,3,F,AK,YP,D
11:27:38,PTBA,RG,3780,10,F,AK,SQ,D
11:27:38,PTBA,RG,3770,1,F,AK,NI,D
11:27:38,PTBA,RG,3770,1,F,AK,CC,D
11:27:38,PTBA,RG,3770,1,F,AK,XC,D
11:27:38,PTBA,RG,3770,25,F,AK,DR,D
11:27:38,PTBA,RG,3770,1,F,AK,XC,D
11:27:38,PTBA,RG,3770,38,F,AK,CC,F
11:27:38,PTBA,RG,3770,127,F,AK,RX,F
11:27:38,PTBA,RG,3770,3,F,AK,XC,D
11:27:38,PTBA,RG,3770,1,F,AK,XL,D
11:27:38,PTBA,RG,3770,1,F,AK,PD,D
11:27:38,PTBA,RG,3770,424,F,AK,RX,F
11:27:38,PTBA,RG,3770,236,F,AK,BK,F
11:27:38,PTBA,RG,3770,11,F,AK,BB,D
11:27:38,PTBA,RG,3770,15,F,AK,BB,D
11:27:38,PTBA,RG,3770,16,F,AK,BB,D
11:27:38,PTBA,RG,3770,11,F,AK,BB,D
11:27:38,PTBA,RG,3770,13,F,AK,BB,D
11:27:38,PTBA,RG,3770,8,F,AK,BB,D
11:27:38,PTBA,RG,3770,5,F,CS,BB,D
11:27:38,PTBA,RG,3770,10,F,CS,BB,D
11:27:38,PTBA,RG,3770,4,F,CS,BB,D
11:27:38,PTBA,RG,3770,41,F,CS,BB,D
11:27:38,PTBA,RG,3770,27,F,CS,BB,D
11:27:38,PTBA,RG,3770,8,F,CS,BB,D
11:27:38,PTBA,RG,3770,17,F,CS,BB,D
11:27:38,PTBA,RG,3770,136,F,CS,BB,D
11:27:38,PTBA,RG,3770,13,F,CS,BB,D
11:27:38,PTBA,RG,3770,20,F,CS,BB,D
11:27:38,PTBA,RG,3770,37,F,CS,BB,D
11:27:38,PTBA,RG,3770,16,F,CS,BB,D
11:27:38,PTBA,RG,3770,10,F,CS,BB,D
11:27:38,PTBA,RG,3770,64,F,CS,BB,D
11:27:38,PTBA,RG,3770,16,F,CS,BB,D
11:27:38,PTBA,RG,3770,16,F,CS,BB,D
11:27:38,PTBA,RG,3770,10,F,CS,BB,D
11:27:38,PTBA,RG,3770,10,F,CS,BB,D
11:27:38,PTBA,RG,3770,14,F,CS,BB,D
11:27:38,PTBA,RG,3770,10,F,CS,BB,D
11:27:38,PTBA,RG,3770,10,F,CS,BB,D
11:27:38,PTBA,RG,3770,11,F,CS,BB,D
11:27:38,PTBA,RG,3770,19,F,CS,BB,D
11:27:38,PTBA,RG,3770,1,D,XL,BB,D
11:27:34,PTBA,RG,3770,1,D,YP,BB,D
11:27:34,PTBA,RG,3770,11,D,YP,BB,D
11:27:34,PTBA,RG,3770,11,D,YP,PD,D
11:27:34,PTBA,RG,3770,977,D,YP,LG,D
11:27:32,PTBA,RG,3760,11,F,BK,BB,D
11:27:32,PTBA,RG,3760,40,F,BK,BB,D
11:27:28,PTBA,RG,3760,24,F,BK,BB,D
11:27:19,PTBA,RG,3760,13,F,BK,BB,D
11:27:19,PTBA,RG,3770,1,D,DR,LG,D
11:27:00,PTBA,RG,3770,132,D,YU,LG,D
11:27:00,PTBA,RG,3760,50,F,BK,BB,D
11:26:57,PTBA,RG,3760,13,F,BK,BB,D
11:26:51,PTBA,RG,3760,104,F,BK,BB,D
11:26:51,PTBA,RG,3760,6,D,CC,BB,D
11:26:51,PTBA,RG,3760,5,D,AT,BB,D
11:26:51,PTBA,RG,3760,1,D,EP,BB,D
11:26:51,PTBA,RG,3760,4,D,PD,BB,D
11:26:51,PTBA,RG,3760,5,D,SQ,BB,D
11:26:51,PTBA,RG,3760,1,D,NI,BB,D
11:26:51,PTBA,RG,3760,10,D,YU,BB,D
11:26:51,PTBA,RG,3760,1,D,PD,BB,D
11:26:51,PTBA,RG,3760,2,F,AK,BB,D
11:26:51,PTBA,RG,3760,1,D,HP,BB,D
11:26:51,PTBA,RG,3760,5,D,PD,BB,D
11:26:51,PTBA,RG,3760,30,D,SQ,BB,D
11:26:51,PTBA,RG,3760,2,D,XC,BB,D
11:26:51,PTBA,RG,3760,6,F,BK,BB,D
11:26:50,PTBA,RG,3760,11,F,BK,BB,D
11:26:49,PTBA,RG,3760,15,F,BK,BB,D
11:26:45,PTBA,RG,3770,19,F,AK,LG,D
11:26:44,PTBA,RG,3770,500,D,YP,LG,D
11:26:44,PTBA,RG,3770,22,F,BK,LG,D
11:26:37,PTBA,RG,3770,21,F,BK,LG,D
11:26:36,PTBA,RG,3760,7,F,BK,BB,D
11:26:34,PTBA,RG,3760,14,F,BK,BB,D
11:26:33,PTBA,RG,3760,14,F,BK,BB,D
11:26:30,PTBA,RG,3760,19,F,BK,BB,D
11:26:26,PTBA,RG,3760,20,F,BK,RX,F
11:26:15,PTBA,RG,3770,2,F,AK,LG,D
11:26:15,PTBA,RG,3770,9,F,AK,LG,D
11:26:13,PTBA,RG,3760,13,F,BK,BB,D
11:26:09,PTBA,RG,3760,19,F,BK,BB,D
11:26:08,PTBA,RG,3760,13,F,BK,BB,D
11:26:03,PTBA,RG,3760,20,F,BK,BB,D
11:26:00,PTBA,RG,3760,13,F,BK,BB,D
11:26:00,PTBA,RG,3760,20,F,BK,BB,D
11:25:54,PTBA,RG,3760,27,F,BK,BB,D
11:25:50,PTBA,RG,3770,1,D,NI,LG,D
11:25:45,PTBA,RG,3770,1,F,AK,LG,D
11:25:45,PTBA,RG,3770,6,F,AK,LG,D
11:25:44,PTBA,RG,3760,23,F,BK,BB,D
11:25:44,PTBA,RG,3760,13,F,BK,BB,D
11:25:43,PTBA,RG,3770,3,D,EP,LG,D
11:25:39,PTBA,RG,3760,16,F,BK,BB,D
11:25:37,PTBA,RG,3760,18,F,BK,BB,D
11:25:35,PTBA,RG,3760,33,F,BK,BB,D
11:25:32,PTBA,RG,3760,71,F,BK,BB,D
11:25:27,PTBA,RG,3760,22,F,BK,BB,D
11:25:26,PTBA,RG,3770,5,D,CP,LG,D
11:25:19,PTBA,RG,3760,20,F,BK,BB,D
11:25:17,PTBA,RG,3770,3,D,XC,LG,D
11:25:16,PTBA,RG,3760,50,F,BK,RX,F
11:25:15,PTBA,RG,3760,24,F,BK,BB,D
11:25:03,PTBA,RG,3770,1,D,CC,LG,D
11:25:00,PTBA,RG,3770,1,F,AK,LG,D
11:24:54,PTBA,RG,3770,128,D,KK,LG,D
11:24:47,PTBA,RG,3760,2,F,BK,PD,D
11:24:46,PTBA,RG,3760,77,F,BK,BB,D
11:24:42,PTBA,RG,3760,48,F,BK,BB,D
11:24:36,PTBA,RG,3760,20,F,BK,BB,D
11:24:26,PTBA,RG,3760,16,F,BK,PD,D
11:24:26,PTBA,RG,3760,10,F,BK,PD,D
11:24:23,PTBA,RG,3770,10,D,CC,LG,D
11:24:21,PTBA,RG,3770,1,D,XC,LG,D
11:24:18,PTBA,RG,3760,26,F,BK,BB,D
11:24:03,PTBA,RG,3770,10,D,YP,LG,D
11:24:00,PTBA,RG,3770,119,D,YU,LG,D
11:23:54,PTBA,RG,3770,10,D,NI,LG,D
11:23:52,PTBA,RG,3760,1,F,BK,YU,D
11:23:51,PTBA,RG,3760,27,F,BK,BB,D
11:23:50,PTBA,RG,3760,103,F,BK,BB,D
11:23:44,PTBA,RG,3760,20,F,BK,BB,D
11:23:35,PTBA,RG,3760,12,F,BK,BB,D
11:23:34,PTBA,RG,3760,161,F,BK,RX,F
11:23:29,PTBA,RG,3760,29,F,BK,BB,D
11:23:26,PTBA,RG,3760,20,F,BK,BB,D
11:23:26,PTBA,RG,3760,1,D,CC,BB,D
11:23:26,PTBA,RG,3760,1,D,NI,BB,D
11:23:26,PTBA,RG,3760,1,D,CC,BB,D
11:23:26,PTBA,RG,3760,2,D,OD,BB,D
11:23:26,PTBA,RG,3760,25,D,YP,BB,D
11:23:26,PTBA,RG,3760,1,D,XC,BB,D
11:23:26,PTBA,RG,3760,5,D,SQ,BB,D
11:23:26,PTBA,RG,3760,20,F,AK,BB,D
11:23:26,PTBA,RG,3760,1,D,OD,BB,D
11:23:26,PTBA,RG,3760,281,F,CS,BB,D
11:23:25,PTBA,RG,3760,25,F,CS,BB,D
11:23:25,PTBA,RG,3760,2,D,CC,BB,D
11:23:22,PTBA,RG,3760,8,D,CC,BB,D
11:23:22,PTBA,RG,3760,1,D,XC,BB,D
11:23:22,PTBA,RG,3760,2,D,XL,BB,D
11:23:22,PTBA,RG,3760,11,F,BK,BB,D
11:23:22,PTBA,RG,3760,1,D,XC,BB,D
11:23:22,PTBA,RG,3760,2,D,LG,BB,D
11:23:22,PTBA,RG,3760,1,D,YP,BB,D
11:23:22,PTBA,RG,3760,1,D,PD,BB,D
11:23:22,PTBA,RG,3760,1,D,PD,BB,D
11:23:22,PTBA,RG,3760,10,F,AK,BB,D
11:23:22,PTBA,RG,3760,4,D,NI,BB,D
11:23:22,PTBA,RG,3760,10,D,XL,BB,D
11:23:22,PTBA,RG,3760,3,D,XL,BB,D
11:23:22,PTBA,RG,3760,1,D,PD,BB,D
11:23:22,PTBA,RG,3760,3,D,YP,BB,D
11:23:08,PTBA,RG,3760,7,D,YP,BB,D
11:23:08,PTBA,RG,3760,1,D,YP,BB,D
11:23:08,PTBA,RG,3760,1,D,PD,BB,D
11:23:08,PTBA,RG,3760,1,D,PD,BB,D
11:23:08,PTBA,RG,3760,1,D,XC,BB,D
11:23:08,PTBA,RG,3760,13,D,OD,BB,D
11:23:00,PTBA,RG,3770,2,F,AK,LG,D
11:22:57,PTBA,RG,3760,24,D,OD,BB,D
11:22:52,PTBA,RG,3760,13,D,OD,BB,D
11:22:52,PTBA,RG,3760,9,F,BK,BB,D
11:22:47,PTBA,RG,3760,10,F,BK,XL,D
11:22:36,PTBA,RG,3760,37,D,YU,BB,D
11:22:34,PTBA,RG,3770,20,D,DH,LG,D
11:22:30,PTBA,RG,3760,14,D,YU,BB,D
11:22:30,PTBA,RG,3760,22,F,BK,BB,D
11:22:30,PTBA,RG,3770,17,F,AK,LG,D
11:22:21,PTBA,RG,3760,119,F,BK,BB,D
11:22:20,PTBA,RG,3760,24,F,BK,BB,D
11:22:18,PTBA,RG,3760,6,F,BK,XL,D
11:22:17,PTBA,RG,3760,42,F,BK,BB,D
11:22:10,PTBA,RG,3760,42,F,BK,BB,D
11:22:10,PTBA,RG,3760,2,D,XL,BB,D
11:22:10,PTBA,RG,3760,4,D,YP,BB,D
11:22:08,PTBA,RG,3760,38,D,YP,BB,D
11:21:43,PTBA,RG,3770,23,F,BK,LG,D
11:21:42,PTBA,RG,3760,8,D,YP,BB,D
11:21:42,PTBA,RG,3760,1,D,SQ,BB,D
11:21:42,PTBA,RG,3760,1,D,YP,BB,D
11:21:42,PTBA,RG,3760,20,D,XL,BB,D
11:21:42,PTBA,RG,3760,31,D,OD,BB,D
11:21:37,PTBA,RG,3760,19,D,OD,BB,D
11:21:37,PTBA,RG,3760,2,F,AK,BB,D
11:21:37,PTBA,RG,3760,1,D,NI,BB,D
11:21:37,PTBA,RG,3760,2,D,SQ,BB,D
11:21:37,PTBA,RG,3760,1,D,YP,BB,D
11:21:37,PTBA,RG,3760,4,D,KK,BB,D
11:21:30,PTBA,RG,3770,18,F,AK,LG,D
11:21:28,PTBA,RG,3760,32,D,KK,BB,D
11:21:19,PTBA,RG,3770,1,D,PD,LG,D
11:21:05,PTBA,RG,3770,1,D,PD,LG,D
11:21:00,PTBA,RG,3770,1,F,AK,LG,D
11:21:00,PTBA,RG,3760,33,D,KK,BB,D
11:20:47,PTBA,RG,3760,35,D,KK,BB,D
11:20:41,PTBA,RG,3760,39,D,KK,BB,D
11:20:35,PTBA,RG,3770,32,F,AK,LG,D
11:20:30,PTBA,RG,3770,9,D,PD,LG,D
11:20:30,PTBA,RG,3770,1,F,AK,LG,D
11:20:16,PTBA,RG,3770,1,D,XL,LG,D
11:20:11,PTBA,RG,3760,18,D,KK,BB,D
11:20:04,PTBA,RG,3770,2,D,DR,LG,D
11:20:00,PTBA,RG,3770,1,F,AK,LG,D
11:19:57,PTBA,RG,3760,8,D,KK,BQ,D
11:19:56,PTBA,RG,3760,28,D,KK,BB,D
11:19:50,PTBA,RG,3760,103,D,KK,BB,D
11:19:50,PTBA,RG,3760,11,F,AK,BB,D
11:19:33,PTBA,RG,3760,4,F,AK,XC,D
11:19:23,PTBA,RG,3760,6,F,AK,BB,D
11:19:23,PTBA,RG,3760,63,F,CS,BB,D
11:19:15,PTBA,RG,3770,17,F,AK,LG,D
11:19:00,PTBA,RG,3770,159,D,YU,LG,D
11:18:58,PTBA,RG,3760,43,F,CS,BB,D
11:18:53,PTBA,RG,3760,34,F,CS,BB,D
11:18:49,PTBA,RG,3760,28,F,CS,BB,D
11:18:40,PTBA,RG,3770,1,D,DH,LG,D
11:18:38,PTBA,RG,3770,1,D,XL,LG,D
11:18:33,PTBA,RG,3770,1,D,XC,LG,D
11:18:15,PTBA,RG,3770,20,D,NI,LG,D
11:18:04,PTBA,RG,3770,21,F,BK,LG,D
11:18:01,PTBA,RG,3760,29,F,CS,BB,D
11:17:52,PTBA,RG,3760,33,F,CS,BB,D
11:17:42,PTBA,RG,3770,100,D,YP,LG,D
11:17:38,PTBA,RG,3760,32,F,CS,BB,D
11:17:33,PTBA,RG,3760,76,F,CS,BB,D
11:17:30,PTBA,RG,3760,15,F,CS,BQ,D
11:17:28,PTBA,RG,3760,30,F,CS,BB,D
11:17:17,PTBA,RG,3760,1,F,CS,YP,D
11:17:17,PTBA,RG,3760,33,F,CS,BB,D
11:17:16,PTBA,RG,3770,1,D,YP,LG,D
11:17:09,PTBA,RG,3760,67,F,CS,BB,D
11:17:09,PTBA,RG,3760,5,D,PC,BB,D
11:17:09,PTBA,RG,3760,1,D,XL,BB,D
11:17:09,PTBA,RG,3760,12,F,BK,BB,D
11:17:09,PTBA,RG,3760,40,D,NI,BB,D
11:17:09,PTBA,RG,3760,14,D,GR,BB,D
11:17:06,PTBA,RG,3760,86,D,GR,RX,F
11:17:06,PTBA,RG,3760,2,D,NI,RX,F
11:17:06,PTBA,RG,3760,22,F,CS,RX,F
11:17:04,PTBA,RG,3760,28,F,CS,BB,D
11:16:47,PTBA,RG,3760,21,F,CS,BB,D
11:16:46,PTBA,RG,3760,254,F,CS,BB,D
11:16:37,PTBA,RG,3770,5,D,NI,LG,D
11:16:30,PTBA,RG,3770,20,D,ZP,LG,D
11:16:22,PTBA,RG,3760,32,F,CS,CC,D
11:16:14,PTBA,RG,3760,417,F,CS,AK,F
11:16:14,PTBA,RG,3760,1,F,CS,AK,F
11:16:14,PTBA,RG,3760,20,D,CC,AK,F
11:16:14,PTBA,RG,3760,8,F,AK,AK,F
11:16:14,PTBA,RG,3760,1,D,YP,AK,F
11:16:14,PTBA,RG,3760,13,D,XC,AK,F
11:16:14,PTBA,RG,3760,652,F,BK,AK,F
11:16:14,PTBA,RG,3760,20,D,PD,AK,F
11:16:14,PTBA,RG,3760,1,D,PD,AK,F
11:16:14,PTBA,RG,3760,5,D,YP,AK,F
11:16:14,PTBA,RG,3760,4,D,XL,AK,F
11:16:14,PTBA,RG,3760,53,D,YU,AK,F
11:16:14,PTBA,RG,3760,350,D,EP,AK,F
11:16:14,PTBA,RG,3760,10,D,SQ,AK,F
11:16:14,PTBA,RG,3760,10,D,YP,AK,F
11:16:14,PTBA,RG,3760,2,D,XC,AK,F
11:16:14,PTBA,RG,3760,114,F,CS,AK,F
11:16:14,PTBA,RG,3760,500,D,GR,AK,F
11:16:14,PTBA,RG,3760,3,D,XL,AK,F
11:16:14,PTBA,RG,3760,1,D,XL,AK,F
11:16:14,PTBA,RG,3760,5,D,KK,AK,F
11:16:14,PTBA,RG,3760,1,D,XC,AK,F
11:16:14,PTBA,RG,3760,2,D,DR,AK,F
11:16:14,PTBA,RG,3760,87,F,AK,AK,F
11:16:14,PTBA,RG,3760,2,D,CC,AK,F
11:16:14,PTBA,RG,3760,2,D,YP,AK,F
11:16:14,PTBA,RG,3760,3,D,PD,AK,F
11:16:14,PTBA,RG,3760,1,F,BK,AK,F
11:16:14,PTBA,RG,3760,15,F,BK,AK,F
11:16:14,PTBA,RG,3760,2,F,AK,AK,F
11:16:14,PTBA,RG,3760,709,F,BK,AK,F
11:16:14,PTBA,RG,3760,100,F,ZP,AK,F
11:16:14,PTBA,RG,3760,3,D,YP,AK,F
11:16:14,PTBA,RG,3760,15,D,PD,AK,F
11:16:14,PTBA,RG,3760,22,F,ZP,AK,F
11:16:14,PTBA,RG,3760,5,D,XL,AK,F
11:16:14,PTBA,RG,3760,23,D,YP,AK,F
11:16:14,PTBA,RG,3760,1,D,YP,AK,F
11:16:14,PTBA,RG,3760,10,D,PD,AK,F
11:16:14,PTBA,RG,3760,10,D,CC,AK,F
11:16:14,PTBA,RG,3760,5,D,YP,AK,F
11:16:14,PTBA,RG,3760,10,D,YP,AK,F
11:16:14,PTBA,RG,3760,1,D,CC,AK,F
11:16:14,PTBA,RG,3760,39,D,YP,AK,F
11:16:14,PTBA,RG,3760,5,D,SQ,AK,F
11:16:14,PTBA,RG,3760,50,D,CC,AK,F
11:16:14,PTBA,RG,3760,10,D,KK,AK,F
11:16:14,PTBA,RG,3760,1,D,PD,AK,F
11:16:14,PTBA,RG,3760,50,D,PD,AK,F
11:16:14,PTBA,RG,3760,3,D,YP,AK,F
11:16:14,PTBA,RG,3760,1,D,XC,AK,F
11:16:14,PTBA,RG,3760,1,D,XC,AK,F
11:16:14,PTBA,RG,3760,2,D,AN,AK,F
11:16:14,PTBA,RG,3760,15,D,PD,AK,F
11:16:14,PTBA,RG,3760,5,D,PD,AK,F
11:16:14,PTBA,RG,3760,1,D,BQ,AK,F
11:16:14,PTBA,RG,3760,10,D,XA,AK,F
11:16:14,PTBA,RG,3760,6,D,KK,AK,F
11:16:14,PTBA,RG,3760,1,D,YP,AK,F
11:16:14,PTBA,RG,3760,1,D,PD,AK,F
11:16:14,PTBA,RG,3760,10,D,PD,AK,F
11:16:14,PTBA,RG,3760,32,D,YP,AK,F
11:16:14,PTBA,RG,3760,1,D,CC,AK,F
11:16:14,PTBA,RG,3760,1,D,PD,AK,F
11:16:14,PTBA,RG,3760,10,D,PD,AK,F
11:16:14,PTBA,RG,3760,50,D,YP,AK,F
11:16:14,PTBA,RG,3760,25,D,DR,AK,F
11:16:14,PTBA,RG,3760,2,D,XC,AK,F
11:16:14,PTBA,RG,3760,53,D,XC,AK,F
11:16:14,PTBA,RG,3760,5,D,YB,AK,F
11:16:14,PTBA,RG,3760,13,D,YP,AK,F
11:16:14,PTBA,RG,3760,4,D,CC,AK,F
11:16:14,PTBA,RG,3760,1,D,EP,AK,F
11:16:14,PTBA,RG,3760,20,D,PD,AK,F
11:16:14,PTBA,RG,3760,4,D,KK,AK,F
11:16:14,PTBA,RG,3760,1,D,XC,AK,F
11:16:14,PTBA,RG,3760,1,D,XC,AK,F
11:16:14,PTBA,RG,3760,1,D,XC,AK,F
11:16:10,PTBA,RG,3760,1,D,NI,XC,D
11:16:10,PTBA,RG,3760,1,D,AZ,XC,D
11:16:10,PTBA,RG,3760,1,D,XL,XC,D
11:16:10,PTBA,RG,3760,44,D,YP,XC,D
11:16:08,PTBA,RG,3760,26,D,YP,BB,D
11:16:08,PTBA,RG,3760,30,D,YP,BB,D
11:16:08,PTBA,RG,3760,5,D,CC,BB,D
11:16:08,PTBA,RG,3760,1,D,CC,BB,D
11:16:08,PTBA,RG,3760,1,D,OD,BB,D
11:16:08,PTBA,RG,3760,3,D,PD,BB,D
11:16:07,PTBA,RG,3760,2,D,PD,BB,D
11:16:07,PTBA,RG,3760,5,D,PD,BB,D
11:16:07,PTBA,RG,3760,2,D,BQ,BB,D
11:16:07,PTBA,RG,3760,10,D,YP,BB,D
11:16:07,PTBA,RG,3760,1,D,PD,BB,D
11:16:07,PTBA,RG,3760,19,D,BQ,BB,D
11:15:54,PTBA,RG,3760,39,D,BQ,BB,D
11:15:49,PTBA,RG,3760,3,D,BQ,GR,D
11:15:43,PTBA,RG,3760,78,D,BQ,BB,D
11:15:43,PTBA,RG,3760,74,D,BQ,BB,D
11:15:43,PTBA,RG,3760,92,D,BQ,BB,D
11:15:43,PTBA,RG,3760,62,D,BQ,BB,D
11:15:43,PTBA,RG,3760,93,D,BQ,BB,D
11:15:42,PTBA,RG,3760,216,D,BQ,BB,D
11:15:42,PTBA,RG,3760,86,D,BQ,BB,D
11:15:42,PTBA,RG,3760,98,D,BQ,BB,D
11:15:42,PTBA,RG,3760,131,D,BQ,BB,D
11:15:42,PTBA,RG,3760,9,D,BQ,BB,D
11:15:42,PTBA,RG,3760,1,D,YP,BB,D
11:15:42,PTBA,RG,3760,1,D,GR,BB,D
11:15:42,PTBA,RG,3760,2,D,NI,BB,D
11:15:42,PTBA,RG,3760,1,D,XC,BB,D
11:15:42,PTBA,RG,3760,1,D,PD,BB,D
11:15:42,PTBA,RG,3760,5,D,PD,BB,D
11:15:42,PTBA,RG,3760,1,D,PD,BB,D
11:15:42,PTBA,RG,3760,1,D,XC,BB,D
11:15:42,PTBA,RG,3760,10,D,XC,BB,D
11:15:42,PTBA,RG,3760,1,D,PD,BB,D
11:15:42,PTBA,RG,3760,1,D,PD,BB,D
11:15:42,PTBA,RG,3760,25,D,YP,BB,D
11:15:42,PTBA,RG,3760,1,D,YP,BB,D
11:15:42,PTBA,RG,3760,5,D,YP,BB,D
11:15:42,PTBA,RG,3760,1,D,PD,BB,D
11:15:42,PTBA,RG,3760,2,D,XC,BB,D
11:15:42,PTBA,RG,3760,1,D,PD,BB,D
11:15:42,PTBA,RG,3760,1,D,AO,BB,D
11:15:42,PTBA,RG,3760,5,D,CC,BB,D
11:15:42,PTBA,RG,3760,4,D,XC,BB,D
11:15:42,PTBA,RG,3760,2,D,PD,BB,D
11:15:42,PTBA,RG,3760,15,D,NI,BB,D
11:15:42,PTBA,RG,3760,82,D,NI,BB,D
11:15:42,PTBA,RG,3760,74,D,NI,BB,D
11:15:42,PTBA,RG,3760,78,D,NI,BB,D
11:15:42,PTBA,RG,3760,51,D,NI,BB,D
11:15:42,PTBA,RG,3760,10,D,CC,BB,D
11:15:42,PTBA,RG,3760,1,D,PD,BB,D
11:15:42,PTBA,RG,3760,111,F,BK,BB,D
11:15:42,PTBA,RG,3760,93,F,BK,BB,D
11:15:42,PTBA,RG,3760,182,F,BK,BB,D
11:15:42,PTBA,RG,3760,73,F,BK,BB,D
11:15:42,PTBA,RG,3760,88,F,BK,BB,D
11:15:41,PTBA,RG,3760,97,F,BK,BB,D
11:15:41,PTBA,RG,3760,155,F,BK,BB,D
11:15:41,PTBA,RG,3760,547,F,BK,BB,D
11:15:41,PTBA,RG,3760,68,F,BK,BB,D
11:15:41,PTBA,RG,3760,120,F,BK,BB,D
11:15:41,PTBA,RG,3760,5,D,XC,BB,D
11:15:41,PTBA,RG,3760,10,D,GR,BB,D
11:15:41,PTBA,RG,3760,1,D,PD,BB,D
11:15:41,PTBA,RG,3760,2,D,YP,BB,D
11:15:41,PTBA,RG,3760,1,D,PD,BB,D
11:15:41,PTBA,RG,3760,2,D,DR,BB,D
11:15:41,PTBA,RG,3760,5,D,PD,BB,D
11:15:41,PTBA,RG,3760,1,D,XC,BB,D
11:15:41,PTBA,RG,3760,2,D,XC,BB,D
11:15:41,PTBA,RG,3760,1,D,PD,BB,D
11:15:41,PTBA,RG,3760,3,D,PD,BB,D
11:15:41,PTBA,RG,3760,104,D,KK,BB,D
11:15:41,PTBA,RG,3760,31,D,KK,BB,D
11:15:41,PTBA,RG,3760,1,D,GR,BB,D
11:15:41,PTBA,RG,3760,92,D,YP,BB,D
11:15:41,PTBA,RG,3760,8,D,YP,BB,D
11:15:41,PTBA,RG,3760,1,D,XC,BB,D
11:15:41,PTBA,RG,3760,86,D,YP,BB,D
11:15:41,PTBA,RG,3760,64,D,YP,BB,D
11:15:41,PTBA,RG,3760,1,D,PD,BB,D
11:15:41,PTBA,RG,3760,200,D,PD,BB,D
11:15:41,PTBA,RG,3760,1,D,XC,BB,D
11:15:41,PTBA,RG,3760,50,D,YP,BB,D
11:15:41,PTBA,RG,3760,1,F,NI,BB,D
11:15:41,PTBA,RG,3760,1,D,YP,BB,D
11:15:41,PTBA,RG,3760,1,D,XC,BB,D
11:15:41,PTBA,RG,3760,2,D,PD,BB,D
11:15:41,PTBA,RG,3760,25,D,NI,BB,D
11:15:41,PTBA,RG,3760,2,D,SQ,BB,D
11:15:41,PTBA,RG,3760,2,D,YP,BB,D
11:15:41,PTBA,RG,3760,5,D,XC,BB,D
11:15:41,PTBA,RG,3760,45,D,CC,BB,D
11:15:41,PTBA,RG,3760,10,D,YP,BB,D
11:15:41,PTBA,RG,3760,25,D,EP,BB,D
11:15:41,PTBA,RG,3760,2,D,XC,BB,D
11:15:41,PTBA,RG,3760,50,D,XL,BB,D
11:15:41,PTBA,RG,3760,10,D,YP,BB,D
11:15:41,PTBA,RG,3760,1,D,XL,BB,D
11:15:41,PTBA,RG,3760,5,D,YP,BB,D
11:15:41,PTBA,RG,3760,10,D,XC,BB,D
11:15:41,PTBA,RG,3760,5,D,NI,BB,D
11:15:41,PTBA,RG,3760,1,D,XL,BB,D
11:15:41,PTBA,RG,3760,1,D,CC,BB,D
11:15:41,PTBA,RG,3760,1,D,BQ,BB,D
11:15:41,PTBA,RG,3760,50,D,CD,BB,D
11:15:41,PTBA,RG,3760,4,D,CC,BB,D
11:15:41,PTBA,RG,3760,30,D,YP,BB,D
11:15:41,PTBA,RG,3760,8,D,XC,BB,D
11:15:41,PTBA,RG,3760,1,D,YP,BB,D
11:15:41,PTBA,RG,3760,2,D,XL,BB,D
11:15:41,PTBA,RG,3760,2,D,GR,BB,D
11:15:41,PTBA,RG,3760,5,D,MG,BB,D
11:15:41,PTBA,RG,3760,1,D,XC,BB,D
11:15:41,PTBA,RG,3760,1,D,PD,BB,D
11:15:41,PTBA,RG,3760,100,D,YP,BB,D
11:15:41,PTBA,RG,3760,1,D,YP,BB,D
11:15:41,PTBA,RG,3760,1,D,XL,BB,D
11:15:41,PTBA,RG,3760,1,D,XC,BB,D
11:15:41,PTBA,RG,3760,4,D,YP,BB,D
11:15:41,PTBA,RG,3760,10,D,SQ,BB,D
11:15:41,PTBA,RG,3760,1,D,PD,BB,D
11:15:41,PTBA,RG,3760,25,D,YB,BB,D
11:15:41,PTBA,RG,3760,1,D,PD,BB,D
11:15:41,PTBA,RG,3760,1,D,NI,BB,D
11:15:41,PTBA,RG,3760,3,D,AZ,BB,D
11:15:41,PTBA,RG,3760,1,D,OD,BB,D
11:15:41,PTBA,RG,3760,1,D,AI,BB,D
11:15:41,PTBA,RG,3760,2,D,EP,BB,D
11:15:41,PTBA,RG,3760,4,D,XC,BB,D
11:15:41,PTBA,RG,3760,1,D,YP,BB,D
11:15:41,PTBA,RG,3760,1,D,PD,BB,D
11:15:41,PTBA,RG,3760,5,D,PD,BB,D
11:15:41,PTBA,RG,3760,2,D,PD,BB,D
11:15:41,PTBA,RG,3760,4,D,XL,BB,D
11:15:41,PTBA,RG,3760,2,D,PD,BB,D
11:15:41,PTBA,RG,3760,5,D,XC,BB,D
11:15:41,PTBA,RG,3760,3,D,XC,BB,D
11:15:41,PTBA,RG,3760,3,D,XL,BB,D
11:15:41,PTBA,RG,3760,10,D,PD,BB,D
11:15:41,PTBA,RG,3760,14,D,IP,BB,D
11:15:41,PTBA,RG,3760,126,D,IP,BB,D
11:15:41,PTBA,RG,3760,74,D,IP,BB,D
11:15:41,PTBA,RG,3760,94,D,IP,BB,D
11:15:34,PTBA,RG,3760,50,D,IP,PD,D
11:15:29,PTBA,RG,3770,168,F,BK,LG,D
11:15:24,PTBA,RG,3760,50,D,IP,BB,D
11:15:14,PTBA,RG,3770,1,D,OD,LG,D
11:15:13,PTBA,RG,3760,19,D,IP,BB,D
11:15:05,PTBA,RG,3770,30,D,KK,LG,D
11:15:04,PTBA,RG,3760,37,D,IP,BB,D
11:14:54,PTBA,RG,3770,1,D,XC,LG,D
11:14:43,PTBA,RG,3770,100,D,PD,LG,D
11:14:42,PTBA,RG,3770,3,D,CC,LG,D
11:14:34,PTBA,RG,3770,1,D,XL,LG,D
11:14:24,PTBA,RG,3760,58,D,IP,BB,D
11:14:23,PTBA,RG,3770,1,D,XC,LG,D
11:14:22,PTBA,RG,3770,20,F,BK,LG,D
11:14:19,PTBA,RG,3760,27,D,IP,BB,D
11:14:18,PTBA,RG,3770,1,D,DR,LG,D
11:13:57,PTBA,RG,3770,1,D,KK,LG,D
11:13:49,PTBA,RG,3770,1,D,YP,LG,D
11:13:45,PTBA,RG,3770,1,D,DR,LG,D
11:13:36,PTBA,RG,3760,35,D,IP,BB,D
11:13:31,PTBA,RG,3770,50,D,XL,LG,D
11:13:20,PTBA,RG,3770,20,D,XL,LG,D
11:13:17,PTBA,RG,3760,150,D,IP,PD,D
11:13:14,PTBA,RG,3770,95,F,BK,LG,D
11:13:12,PTBA,RG,3760,1,D,IP,NI,D
11:13:11,PTBA,RG,3770,4,D,PD,LG,D
11:13:08,PTBA,RG,3770,272,F,BK,LG,D
11:13:05,PTBA,RG,3770,1677,F,CS,LG,D
11:13:00,PTBA,RG,3770,200,D,YU,LG,D
11:12:42,PTBA,RG,3770,62,F,BK,LG,D
11:12:41,PTBA,RG,3770,20,D,YP,LG,D
11:12:33,PTBA,RG,3760,26,D,IP,BB,D
11:12:29,PTBA,RG,3770,10,D,XC,LG,D
11:12:22,PTBA,RG,3770,1,D,XC,LG,D
11:12:22,PTBA,RG,3760,49,D,IP,RX,F
11:12:16,PTBA,RG,3760,31,D,IP,BB,D
11:11:44,PTBA,RG,3760,43,D,IP,BB,D
11:11:31,PTBA,RG,3760,29,D,IP,BB,D
11:11:23,PTBA,RG,3770,2,D,KK,LG,D
11:11:15,PTBA,RG,3760,28,D,IP,BB,D
11:11:10,PTBA,RG,3770,10,D,XC,LG,D
11:11:01,PTBA,RG,3770,20,F,BK,LG,D
11:10:54,PTBA,RG,3760,2,D,IP,XC,D
11:10:40,PTBA,RG,3760,36,D,IP,RX,F
11:10:33,PTBA,RG,3760,21,D,IP,BB,D
11:10:33,PTBA,RG,3760,1,D,XL,BB,D
11:10:33,PTBA,RG,3760,1,D,XC,BB,D
11:10:33,PTBA,RG,3760,1,D,PD,BB,D
11:10:33,PTBA,RG,3760,10,D,CC,BB,D
11:10:33,PTBA,RG,3760,10,D,PD,BB,D
11:10:33,PTBA,RG,3760,9,D,XL,BB,D
11:10:33,PTBA,RG,3760,2,D,PD,BB,D
11:10:33,PTBA,RG,3760,2,D,GR,BB,D
11:10:33,PTBA,RG,3760,1,D,PD,BB,D
11:10:33,PTBA,RG,3760,13,D,CC,BB,D
11:10:33,PTBA,RG,3760,5,D,PD,BB,D
11:10:33,PTBA,RG,3760,1,D,XC,BB,D
11:10:33,PTBA,RG,3760,10,D,PD,BB,D
11:10:33,PTBA,RG,3760,4,D,PD,BB,D
11:10:24,PTBA,RG,3770,10,D,PD,LG,D
11:09:58,PTBA,RG,3760,3,D,PD,XL,D
11:09:57,PTBA,RG,3760,28,D,PD,BB,D
11:09:55,PTBA,RG,3760,27,D,PD,BB,D
11:09:48,PTBA,RG,3770,2,D,XL,LG,D
11:09:46,PTBA,RG,3770,10,D,YP,LG,D
11:09:43,PTBA,RG,3770,10,D,YP,LG,D
11:09:37,PTBA,RG,3770,1,D,XL,LG,D
11:09:29,PTBA,RG,3770,7,D,XL,LG,D
11:09:28,PTBA,RG,3770,1,D,SQ,LG,D
11:09:20,PTBA,RG,3760,1,D,PD,CC,D
11:09:04,PTBA,RG,3760,37,D,PD,BB,D
11:09:04,PTBA,RG,3760,1,D,YP,BB,D
11:09:00,PTBA,RG,3770,125,D,YU,LG,D
11:08:53,PTBA,RG,3760,1,D,YP,RX,F
11:08:53,PTBA,RG,3760,2,D,CC,RX,F
11:08:53,PTBA,RG,3760,10,D,PD,RX,F
11:08:53,PTBA,RG,3760,1,D,XC,RX,F
11:08:53,PTBA,RG,3760,1,D,LG,RX,F
11:08:53,PTBA,RG,3760,1,D,PD,RX,F
11:08:53,PTBA,RG,3760,1,D,PD,RX,F
11:08:53,PTBA,RG,3760,1,D,PD,RX,F
11:08:53,PTBA,RG,3760,5,D,YP,RX,F
11:08:53,PTBA,RG,3760,1,D,NI,RX,F
11:08:53,PTBA,RG,3760,10,D,YP,RX,F
11:08:53,PTBA,RG,3760,4,D,XL,RX,F
11:08:53,PTBA,RG,3760,1,D,XL,RX,F
11:08:53,PTBA,RG,3760,20,D,PD,RX,F
11:08:53,PTBA,RG,3760,3,D,NI,RX,F
11:08:50,PTBA,RG,3760,7,D,NI,BB,D
11:08:50,PTBA,RG,3760,2,D,CC,BB,D
11:08:50,PTBA,RG,3760,47,D,YP,BB,D
11:08:44,PTBA,RG,3770,1,D,NI,LG,D
11:08:40,PTBA,RG,3760,153,D,YP,EP,D
11:08:40,PTBA,RG,3760,2,D,YP,EP,D
11:08:40,PTBA,RG,3760,1,D,XL,EP,D
11:08:40,PTBA,RG,3760,1,D,YP,EP,D
11:08:40,PTBA,RG,3760,5,D,YP,EP,D
11:08:40,PTBA,RG,3760,5,D,SQ,EP,D
11:08:40,PTBA,RG,3760,5,D,NI,EP,D
11:08:40,PTBA,RG,3760,15,D,YP,EP,D
11:08:40,PTBA,RG,3760,3,D,YP,EP,D
11:08:40,PTBA,RG,3760,10,D,RG,EP,D
11:08:40,PTBA,RG,3760,1,D,RG,XL,D
11:08:40,PTBA,RG,3760,1,D,CC,XL,D
11:08:40,PTBA,RG,3760,2,D,YJ,XL,D
11:08:40,PTBA,RG,3760,24,D,KK,XL,D
11:08:40,PTBA,RG,3760,1,D,KK,BB,D
11:08:40,PTBA,RG,3760,1,D,XC,BB,D
11:08:40,PTBA,RG,3760,1,D,YP,BB,D
11:08:40,PTBA,RG,3760,25,D,CC,BB,D
11:08:40,PTBA,RG,3760,20,D,GR,BB,D
11:08:40,PTBA,RG,3760,25,D,YP,BB,D
11:08:40,PTBA,RG,3760,10,D,DX,BB,D
11:08:40,PTBA,RG,3760,84,D,PD,BB,D
11:08:26,PTBA,RG,3770,2,D,CC,LG,D
11:08:17,PTBA,RG,3770,26,D,SQ,LG,D
11:08:06,PTBA,RG,3770,10,D,PD,LG,D
11:07:45,PTBA,RG,3770,4,D,DH,LG,D
11:07:43,PTBA,RG,3760,22,D,PD,BB,D
11:07:41,PTBA,RG,3770,2,D,CC,LG,D
11:07:39,PTBA,RG,3770,6,D,PD,LG,D
11:07:34,PTBA,RG,3770,3,D,NI,LG,D
11:07:29,PTBA,RG,3760,13,D,PD,PD,D
11:07:27,PTBA,RG,3770,1,D,PD,LG,D
11:07:26,PTBA,RG,3760,25,D,PD,BB,D
11:07:15,PTBA,RG,3770,5,D,CC,LG,D
11:07:04,PTBA,RG,3770,23,F,BK,LG,D
11:07:02,PTBA,RG,3770,5,D,NI,LG,D
11:07:02,PTBA,RG,3770,1,D,XC,LG,D
11:07:01,PTBA,RG,3760,31,D,PD,BB,D
11:06:59,PTBA,RG,3770,2,D,YP,LG,D
11:06:59,PTBA,RG,3770,1,D,XC,LG,D
11:06:51,PTBA,RG,3770,25,D,CC,LG,D
11:06:42,PTBA,RG,3760,27,D,PD,BB,D
11:06:33,PTBA,RG,3760,32,D,PD,BB,D
11:06:24,PTBA,RG,3770,1,D,KK,LG,D
11:06:02,PTBA,RG,3770,1,D,XC,LG,D
11:06:00,PTBA,RG,3770,108,D,YU,LG,D
11:05:52,PTBA,RG,3770,30,D,YP,LG,D
11:05:48,PTBA,RG,3770,1,D,PD,LG,D
11:05:48,PTBA,RG,3760,50,D,PD,XC,D
11:05:45,PTBA,RG,3770,25,D,PD,LG,D
11:05:35,PTBA,RG,3770,5,D,NI,LG,D
11:05:33,PTBA,RG,3770,1,D,YU,LG,D
11:05:26,PTBA,RG,3770,4,D,SQ,LG,D
11:05:22,PTBA,RG,3760,33,D,PD,BB,D
11:05:18,PTBA,RG,3760,22,D,PD,BB,D
11:05:15,PTBA,RG,3760,38,D,PD,BB,D
11:05:08,PTBA,RG,3760,13,D,PD,NI,D
11:04:56,PTBA,RG,3760,22,D,PD,RX,F
11:04:52,PTBA,RG,3770,5,D,CC,LG,D
11:04:51,PTBA,RG,3760,76,D,PD,BB,D
11:04:41,PTBA,RG,3770,1,D,PD,LG,D
11:04:27,PTBA,RG,3760,12,D,PD,BB,D
11:04:27,PTBA,RG,3760,27,D,CC,BB,D
11:04:22,PTBA,RG,3770,1,D,XC,LG,D
11:04:20,PTBA,RG,3770,1,D,YP,LG,D
11:04:19,PTBA,RG,3770,1,D,XC,LG,D
11:03:51,PTBA,RG,3770,1,D,PD,LG,D
11:03:42,PTBA,RG,3770,1,D,PD,LG,D
11:03:37,PTBA,RG,3760,1,D,CC,SQ,D
11:03:35,PTBA,RG,3770,1,D,YP,LG,D
11:03:35,PTBA,RG,3770,1,D,PD,LG,D
11:03:31,PTBA,RG,3760,6,D,CC,PD,D
11:03:28,PTBA,RG,3760,35,D,CC,CC,D
11:03:22,PTBA,RG,3760,20,D,CC,BB,D
11:03:17,PTBA,RG,3760,11,D,CC,BB,D
11:03:17,PTBA,RG,3760,20,D,KK,BB,D
11:03:17,PTBA,RG,3760,10,D,PD,BB,D
11:03:17,PTBA,RG,3760,5,D,GR,BB,D
11:03:17,PTBA,RG,3760,1,D,OD,BB,D
11:03:17,PTBA,RG,3760,10,D,XL,BB,D
11:03:17,PTBA,RG,3760,3,D,CC,BB,D
11:03:17,PTBA,RG,3760,2,D,YP,BB,D
11:03:17,PTBA,RG,3760,100,D,YP,BB,D
11:03:17,PTBA,RG,3760,5,D,XC,BB,D
11:03:17,PTBA,RG,3760,25,D,PD,BB,D
11:03:17,PTBA,RG,3760,25,D,XC,BB,D
11:03:17,PTBA,RG,3760,2,D,BQ,BB,D
11:03:17,PTBA,RG,3760,2,D,BQ,BB,D
11:03:17,PTBA,RG,3760,6,D,XC,BB,D
11:03:17,PTBA,RG,3760,1,D,CC,BB,D
11:03:17,PTBA,RG,3760,5,D,PD,BB,D
11:03:17,PTBA,RG,3760,1,D,AZ,BB,D
11:03:17,PTBA,RG,3760,10,D,CC,BB,D
11:03:17,PTBA,RG,3760,4,D,SQ,BB,D
11:03:16,PTBA,RG,3760,1,D,SQ,BB,D
11:03:16,PTBA,RG,3760,3,D,PD,BB,D
11:03:16,PTBA,RG,3760,5,D,GR,BB,D
11:03:16,PTBA,RG,3760,23,D,DR,BB,D
11:03:09,PTBA,RG,3770,1,D,PD,LG,D
11:02:52,PTBA,RG,3760,35,D,DR,BB,D
11:02:52,PTBA,RG,3760,1,D,NI,BB,D
11:02:52,PTBA,RG,3760,2,D,PD,BB,D
11:02:52,PTBA,RG,3760,3,D,PD,BB,D
11:02:52,PTBA,RG,3760,2,D,YP,BB,D
11:02:48,PTBA,RG,3760,10,D,KK,AG,D
11:02:46,PTBA,RG,3770,1,D,PD,LG,D
11:02:39,PTBA,RG,3770,5,D,XC,LG,D
11:02:22,PTBA,RG,3770,1,D,KK,LG,D
11:02:18,PTBA,RG,3770,2,D,XC,LG,D
11:02:16,PTBA,RG,3770,1,D,XC,LG,D
11:02:14,PTBA,RG,3770,1,D,XC,LG,D
11:02:10,PTBA,RG,3760,40,D,KK,NI,D
11:02:03,PTBA,RG,3770,1,D,PD,LG,D
11:01:57,PTBA,RG,3760,41,D,KK,BB,D
11:01:50,PTBA,RG,3770,1,D,XL,LG,D
11:01:50,PTBA,RG,3760,9,D,KK,BB,D
11:01:50,PTBA,RG,3760,1,D,CC,BB,D
11:01:50,PTBA,RG,3760,22,D,YP,BB,D
11:01:50,PTBA,RG,3770,12,D,NI,LG,D
11:01:44,PTBA,RG,3760,78,D,YP,YP,D
11:01:44,PTBA,RG,3760,1,D,GR,YP,D
11:01:44,PTBA,RG,3760,10,D,IU,YP,D
11:01:44,PTBA,RG,3760,2,D,PD,YP,D
11:01:44,PTBA,RG,3760,15,D,PD,YP,D
11:01:44,PTBA,RG,3760,1,D,PD,YP,D
11:01:44,PTBA,RG,3760,1,D,YP,YP,D
11:01:44,PTBA,RG,3760,10,D,CC,YP,D
11:01:44,PTBA,RG,3760,5,D,YP,YP,D
11:01:44,PTBA,RG,3760,1,D,PD,YP,D
11:01:44,PTBA,RG,3760,1,D,KK,YP,D
11:01:44,PTBA,RG,3760,10,D,XC,YP,D
11:01:44,PTBA,RG,3760,1,D,XC,YP,D
11:01:44,PTBA,RG,3760,5,D,CC,YP,D
11:01:44,PTBA,RG,3760,1,D,CC,YP,D
11:01:44,PTBA,RG,3760,10,D,PD,YP,D
11:01:44,PTBA,RG,3760,5,D,XC,YP,D
11:01:44,PTBA,RG,3760,20,D,YP,YP,D
11:01:44,PTBA,RG,3760,1,D,XC,YP,D
11:01:44,PTBA,RG,3760,12,D,CC,YP,D
11:01:44,PTBA,RG,3760,2,D,YP,YP,D
11:01:44,PTBA,RG,3760,14,D,PD,YP,D
11:01:44,PTBA,RG,3760,30,D,PD,YP,D
11:01:44,PTBA,RG,3760,1,D,PD,YP,D
11:01:44,PTBA,RG,3760,12,D,KK,YP,D
11:01:44,PTBA,RG,3770,5,D,XC,LG,D
11:01:40,PTBA,RG,3760,38,D,KK,BB,D
11:01:40,PTBA,RG,3760,11,D,LG,BB,D
11:01:35,PTBA,RG,3760,24,D,LG,BB,D
11:01:33,PTBA,RG,3760,2,D,LG,AZ,D
11:01:22,PTBA,RG,3770,5,D,KK,LG,D
11:01:21,PTBA,RG,3760,40,D,LG,FS,D
11:01:14,PTBA,RG,3770,1,D,XL,LG,D
11:01:13,PTBA,RG,3770,4,D,NI,LG,D
11:01:06,PTBA,RG,3770,1,D,YP,LG,D
11:01:03,PTBA,RG,3760,123,D,LG,BK,F
11:01:03,PTBA,RG,3760,10,D,YP,BK,F
11:01:03,PTBA,RG,3760,1,D,YB,BK,F
11:01:03,PTBA,RG,3760,2,D,EP,BK,F
11:01:03,PTBA,RG,3760,100,D,YP,BK,F
11:01:03,PTBA,RG,3760,10,D,YP,BK,F
11:01:03,PTBA,RG,3760,5,D,SQ,BK,F
11:01:03,PTBA,RG,3760,1,D,PD,BK,F
11:01:03,PTBA,RG,3760,3,D,NI,BK,F
11:01:03,PTBA,RG,3760,1,D,PD,BK,F
11:01:03,PTBA,RG,3760,20,D,YP,BK,F
11:01:03,PTBA,RG,3760,1,D,PD,BK,F
11:01:03,PTBA,RG,3760,1,D,YP,BK,F
11:01:03,PTBA,RG,3760,7,D,AT,BK,F
11:01:03,PTBA,RG,3760,10,D,BQ,BK,F
11:01:03,PTBA,RG,3760,5,D,YP,BK,F
11:01:03,PTBA,RG,3760,1,D,YP,BK,F
11:01:03,PTBA,RG,3760,1,D,SQ,BK,F
11:01:03,PTBA,RG,3760,1,D,KK,BK,F
11:01:03,PTBA,RG,3760,1,D,PD,BK,F
11:01:03,PTBA,RG,3760,200,D,YP,BK,F
11:01:03,PTBA,RG,3760,1,D,SQ,BK,F
11:01:03,PTBA,RG,3760,3,D,YP,BK,F
11:01:03,PTBA,RG,3760,60,D,NI,BK,F
11:01:03,PTBA,RG,3760,1,D,SQ,BK,F
11:01:03,PTBA,RG,3760,3,D,PD,BK,F
11:01:03,PTBA,RG,3760,1,D,KK,BK,F
11:01:03,PTBA,RG,3760,10,D,AZ,BK,F
11:01:03,PTBA,RG,3760,40,D,XA,BK,F
11:01:03,PTBA,RG,3760,16,D,CC,BK,F
11:01:03,PTBA,RG,3760,10,D,PD,BK,F
11:01:03,PTBA,RG,3760,5,D,YP,BK,F
11:01:03,PTBA,RG,3760,1,D,YP,BK,F
11:01:03,PTBA,RG,3760,9,D,NI,BK,F
11:01:03,PTBA,RG,3760,5,D,PD,BK,F
11:01:03,PTBA,RG,3760,2,D,XC,BK,F
11:01:03,PTBA,RG,3760,1,D,YP,BK,F
11:01:03,PTBA,RG,3760,40,D,YP,BK,F
11:01:03,PTBA,RG,3760,7,D,YP,BK,F
11:01:03,PTBA,RG,3760,10,D,DH,BK,F
11:01:03,PTBA,RG,3760,1,D,NI,BK,F
11:01:03,PTBA,RG,3760,40,D,XA,BK,F
11:01:03,PTBA,RG,3760,30,D,XA,BK,F
11:01:03,PTBA,RG,3760,57,D,YP,BK,F
11:01:00,PTBA,RG,3770,1,D,CC,LG,D
11:00:57,PTBA,RG,3760,3,D,YP,XC,D
11:00:57,PTBA,RG,3770,1,D,NI,LG,D
11:00:56,PTBA,RG,3760,3,D,YP,CC,D
11:00:56,PTBA,RG,3760,1,D,YP,CC,D
11:00:56,PTBA,RG,3760,10,D,YP,CC,D
11:00:56,PTBA,RG,3760,20,D,CC,CC,D
11:00:56,PTBA,RG,3760,5,D,PD,CC,D
11:00:56,PTBA,RG,3760,3,D,YP,CC,D
11:00:56,PTBA,RG,3760,10,F,YP,CC,D
11:00:56,PTBA,RG,3760,1,D,XC,CC,D
11:00:56,PTBA,RG,3760,4,D,PD,CC,D
11:00:56,PTBA,RG,3760,1,D,XC,CC,D
11:00:56,PTBA,RG,3760,10,D,KK,CC,D
11:00:56,PTBA,RG,3760,52,D,YP,CC,D
11:00:56,PTBA,RG,3760,1948,D,YP,AK,F
11:00:56,PTBA,RG,3760,1,D,KK,AK,F
11:00:56,PTBA,RG,3760,1,D,XL,AK,F
11:00:56,PTBA,RG,3760,1,D,XL,AK,F
11:00:56,PTBA,RG,3760,2,D,XL,AK,F
11:00:56,PTBA,RG,3760,2,D,XL,AK,F
11:00:56,PTBA,RG,3760,35,D,YP,AK,F
11:00:56,PTBA,RG,3760,1,D,XL,AK,F
11:00:56,PTBA,RG,3760,23,D,YP,AK,F
11:00:56,PTBA,RG,3760,2,D,YP,AK,F
11:00:56,PTBA,RG,3760,10,D,PD,AK,F
11:00:56,PTBA,RG,3760,2,D,LS,AK,F
11:00:56,PTBA,RG,3760,1,D,PD,AK,F
11:00:56,PTBA,RG,3760,6,D,CC,AK,F
11:00:56,PTBA,RG,3760,5,D,YP,AK,F
11:00:56,PTBA,RG,3760,5,D,GR,AK,F
11:00:56,PTBA,RG,3760,1,D,CP,AK,F
11:00:56,PTBA,RG,3760,10,D,DR,AK,F
11:00:56,PTBA,RG,3760,50,D,BQ,AK,F
11:00:56,PTBA,RG,3760,86,D,BQ,AK,F
11:00:56,PTBA,RG,3760,4,D,DR,AK,F
11:00:56,PTBA,RG,3760,3,D,XC,AK,F
11:00:56,PTBA,RG,3760,1,D,PD,AK,F
11:00:56,PTBA,RG,3760,1,D,KK,AK,F
11:00:56,PTBA,RG,3760,299,D,FS,AK,F
11:00:55,PTBA,RG,3760,1,D,FS,XL,D
11:00:47,PTBA,RG,3770,17,F,BK,LG,D
11:00:47,PTBA,RG,3770,2,F,AK,LG,D
11:00:47,PTBA,RG,3770,3,F,AK,LG,D
11:00:47,PTBA,RG,3770,22,F,AK,LG,D
11:00:47,PTBA,RG,3770,6,D,LG,LG,D
11:00:47,PTBA,RG,3770,1,D,KK,LG,D
11:00:47,PTBA,RG,3770,2,D,CC,LG,D
11:00:47,PTBA,RG,3770,1,D,YP,LG,D
11:00:47,PTBA,RG,3770,1,D,YP,LG,D
11:00:47,PTBA,RG,3770,30,D,YP,LG,D
11:00:47,PTBA,RG,3770,1,D,YP,LG,D
11:00:47,PTBA,RG,3770,1,D,YP,LG,D
11:00:47,PTBA,RG,3770,1,D,YP,LG,D
11:00:47,PTBA,RG,3770,2,D,CC,LG,D
11:00:47,PTBA,RG,3770,1,D,YP,LG,D
11:00:47,PTBA,RG,3770,1,D,NI,LG,D
11:00:47,PTBA,RG,3770,10,D,XL,LG,D
11:00:47,PTBA,RG,3770,4,D,NI,LG,D
11:00:47,PTBA,RG,3770,2,D,CC,LG,D
11:00:47,PTBA,RG,3770,1,D,YP,LG,D
11:00:47,PTBA,RG,3770,50,D,YP,LG,D
11:00:47,PTBA,RG,3770,20,D,CC,LG,D
11:00:47,PTBA,RG,3770,20,D,YU,LG,D
11:00:47,PTBA,RG,3770,2,D,NI,LG,D
11:00:47,PTBA,RG,3770,3,D,NI,LG,D
11:00:47,PTBA,RG,3770,21,D,YP,LG,D
11:00:47,PTBA,RG,3770,7,D,XL,LG,D
11:00:47,PTBA,RG,3770,48,F,AK,LG,D
11:00:47,PTBA,RG,3770,4,D,CC,LG,D
11:00:47,PTBA,RG,3770,2,F,AK,LG,D
11:00:47,PTBA,RG,3770,2,F,AK,LG,D
11:00:47,PTBA,RG,3770,114,F,CS,LG,D
11:00:47,PTBA,RG,3770,26,F,AK,LG,D
11:00:47,PTBA,RG,3770,28,F,AK,LG,D
11:00:47,PTBA,RG,3770,23,F,ZP,LG,D
11:00:47,PTBA,RG,3770,1,D,XC,LG,D
11:00:47,PTBA,RG,3770,388,F,BK,LG,D
11:00:47,PTBA,RG,3770,235,F,CS,LG,D
11:00:47,PTBA,RG,3770,27,D,CC,LG,D
11:00:47,PTBA,RG,3770,15,D,XL,LG,D
11:00:47,PTBA,RG,3770,10,D,PD,LG,D
11:00:47,PTBA,RG,3770,208,F,BK,LG,D
11:00:47,PTBA,RG,3770,10,D,YP,LG,D
11:00:47,PTBA,RG,3770,5,D,PD,LG,D
11:00:47,PTBA,RG,3770,5,D,CC,LG,D
11:00:47,PTBA,RG,3770,5,D,XL,LG,D
11:00:47,PTBA,RG,3770,1,D,DH,LG,D
11:00:47,PTBA,RG,3770,1,F,CS,LG,D
11:00:47,PTBA,RG,3770,5,D,KK,LG,D
11:00:47,PTBA,RG,3770,1,D,CC,LG,D
11:00:47,PTBA,RG,3770,1,D,XC,LG,D
11:00:47,PTBA,RG,3770,1,D,XC,LG,D
11:00:47,PTBA,RG,3770,14,D,YP,LG,D
11:00:47,PTBA,RG,3770,1,D,XC,LG,D
11:00:47,PTBA,RG,3770,100,D,NI,LG,D
11:00:47,PTBA,RG,3770,5,D,XL,LG,D
11:00:47,PTBA,RG,3770,1,D,XL,LG,D
11:00:47,PTBA,RG,3770,10,D,NI,LG,D
11:00:47,PTBA,RG,3770,14,D,XL,LG,D
11:00:47,PTBA,RG,3770,2,D,PD,LG,D
11:00:47,PTBA,RG,3770,2,D,KK,LG,D
11:00:47,PTBA,RG,3770,1,D,PD,LG,D
11:00:47,PTBA,RG,3770,1,D,PD,LG,D
11:00:47,PTBA,RG,3770,5,D,XL,LG,D
11:00:47,PTBA,RG,3770,20,D,NI,LG,D
11:00:47,PTBA,RG,3770,270,F,BK,LG,D
11:00:47,PTBA,RG,3770,2,F,BK,LG,D
11:00:47,PTBA,RG,3770,1,D,YP,LG,D
11:00:47,PTBA,RG,3770,375,F,CS,LG,D
11:00:47,PTBA,RG,3770,1,D,XC,LG,D
11:00:47,PTBA,RG,3770,2,D,CC,LG,D
11:00:47,PTBA,RG,3770,1,D,PD,LG,D
11:00:47,PTBA,RG,3770,13,D,XC,LG,D
11:00:47,PTBA,RG,3770,1,D,XL,LG,D
11:00:47,PTBA,RG,3770,5,D,TP,LG,D
11:00:47,PTBA,RG,3770,5,D,PD,LG,D
11:00:47,PTBA,RG,3770,2,D,SQ,LG,D
11:00:47,PTBA,RG,3770,3,D,YP,LG,D
11:00:28,PTBA,RG,3770,7,D,YP,YP,D
11:00:28,PTBA,RG,3770,5,D,YP,YP,D
11:00:28,PTBA,RG,3770,1,D,XC,YP,D
11:00:27,PTBA,RG,3770,1,D,XC,PD,D
11:00:27,PTBA,RG,3770,5,D,XC,PD,D
11:00:24,PTBA,RG,3770,1,D,XC,BB,D
11:00:24,PTBA,RG,3770,1,D,PD,BB,D
11:00:24,PTBA,RG,3770,12,D,NI,BB,D
11:00:19,PTBA,RG,3770,8,D,NI,PD,D
11:00:19,PTBA,RG,3770,16,D,CC,PD,D
11:00:16,PTBA,RG,3770,1,D,CC,PD,D
11:00:11,PTBA,RG,3770,5,D,CC,PD,D
11:00:10,PTBA,RG,3770,54,D,CC,OD,D
11:00:10,PTBA,RG,3770,5,D,XC,OD,D
11:00:10,PTBA,RG,3770,42,D,PD,OD,D
11:00:10,PTBA,RG,3770,1,D,XC,OD,D
11:00:10,PTBA,RG,3770,30,D,SQ,OD,D
11:00:10,PTBA,RG,3770,2,D,YP,OD,D
11:00:10,PTBA,RG,3770,5,D,YP,OD,D
11:00:10,PTBA,RG,3770,6,F,BK,OD,D
11:00:08,PTBA,RG,3770,169,F,BK,OD,D
11:00:06,PTBA,RG,3770,12,F,BK,BB,D
11:00:06,PTBA,RG,3770,28,F,BK,BB,D
11:00:00,PTBA,RG,3770,25,F,BK,AK,F
10:59:43,PTBA,RG,3770,300,F,BK,LS,D
10:59:38,PTBA,RG,3770,103,F,BK,YP,D
10:59:37,PTBA,RG,3780,22,D,CC,RX,F
10:59:37,PTBA,RG,3780,5,D,CC,BB,D
10:59:29,PTBA,RG,3770,90,F,BK,AK,F
10:59:29,PTBA,RG,3770,18,F,BK,AK,F
10:59:29,PTBA,RG,3770,800,D,SQ,AK,F
10:59:29,PTBA,RG,3770,37,D,DR,AK,F
10:59:29,PTBA,RG,3770,1,D,PD,AK,F
10:59:29,PTBA,RG,3770,100,D,PD,AK,F
10:59:29,PTBA,RG,3770,10,D,NI,AK,F
10:59:29,PTBA,RG,3770,3,D,YP,AK,F
10:59:29,PTBA,RG,3770,1,F,CS,AK,F
10:59:29,PTBA,RG,3770,16,D,XC,AK,F
10:59:29,PTBA,RG,3770,1,D,PD,AK,F
10:59:29,PTBA,RG,3770,50,D,KK,AK,F
10:59:29,PTBA,RG,3770,25,D,YP,AK,F
10:59:29,PTBA,RG,3770,1,D,YP,AK,F
10:59:29,PTBA,RG,3770,1,D,PD,AK,F
10:59:29,PTBA,RG,3770,11,D,NI,AK,F
10:59:29,PTBA,RG,3770,1,D,XC,AK,F
10:59:29,PTBA,RG,3770,5,D,YP,AK,F
10:59:29,PTBA,RG,3770,1,D,XC,AK,F
10:59:29,PTBA,RG,3770,29,D,YP,AK,F
10:59:29,PTBA,RG,3770,1,D,PD,AK,F
10:59:29,PTBA,RG,3770,5,D,PD,AK,F
10:59:29,PTBA,RG,3770,12,F,BK,AK,F
10:59:29,PTBA,RG,3770,50,D,YP,AK,F
10:59:29,PTBA,RG,3770,50,D,NI,AK,F
10:59:29,PTBA,RG,3770,1,D,CC,AK,F
10:59:29,PTBA,RG,3770,35,D,NI,AK,F
10:59:29,PTBA,RG,3770,10,D,PD,AK,F
10:59:29,PTBA,RG,3770,29,D,YU,AK,F
10:59:29,PTBA,RG,3770,1,D,XC,AK,F
10:59:29,PTBA,RG,3770,4,D,XC,AK,F
10:59:29,PTBA,RG,3770,5,D,YP,AK,F
10:59:29,PTBA,RG,3770,1,D,XL,AK,F
10:59:29,PTBA,RG,3770,64,F,AK,AK,F
10:59:29,PTBA,RG,3770,1,F,CS,AK,F
10:59:29,PTBA,RG,3770,1,D,PD,AK,F
10:59:29,PTBA,RG,3770,303,F,BK,AK,F
10:59:29,PTBA,RG,3770,12,D,XL,AK,F
10:59:29,PTBA,RG,3770,2,D,XC,AK,F
10:59:29,PTBA,RG,3770,1,D,XL,AK,F
10:59:29,PTBA,RG,3770,1,D,XC,AK,F
10:59:29,PTBA,RG,3770,10,D,NI,AK,F
10:59:29,PTBA,RG,3770,28,D,PD,AK,F
10:59:29,PTBA,RG,3770,1,D,HD,AK,F
10:59:29,PTBA,RG,3770,1,D,XL,AK,F
10:59:29,PTBA,RG,3770,9,D,XC,AK,F
10:59:29,PTBA,RG,3770,21,F,BK,AK,F
10:59:29,PTBA,RG,3770,5,D,XC,AK,F
10:59:29,PTBA,RG,3770,7,D,XC,AK,F
10:59:29,PTBA,RG,3770,2,D,KK,AK,F
10:59:29,PTBA,RG,3770,2,D,YP,AK,F
10:59:29,PTBA,RG,3770,1,D,PD,AK,F
10:59:29,PTBA,RG,3770,3,D,YP,AK,F
10:59:29,PTBA,RG,3770,20,D,KK,AK,F
10:59:29,PTBA,RG,3770,1,D,PD,AK,F
10:59:29,PTBA,RG,3770,1,D,PD,AK,F
10:59:29,PTBA,RG,3770,10,D,KK,AK,F
10:59:29,PTBA,RG,3770,5,D,NI,AK,F
10:59:29,PTBA,RG,3770,49,D,NI,AK,F
10:59:29,PTBA,RG,3770,46,D,XC,AK,F
10:59:29,PTBA,RG,3770,23,F,AK,AK,F
10:59:29,PTBA,RG,3770,12,D,XC,AK,F
10:59:29,PTBA,RG,3770,1,D,PD,AK,F
10:59:29,PTBA,RG,3770,1,D,PD,AK,F
10:59:29,PTBA,RG,3770,13,D,XC,AK,F
10:59:29,PTBA,RG,3770,13,D,YP,AK,F
10:59:29,PTBA,RG,3770,1,D,XL,AK,F
10:59:29,PTBA,RG,3770,8,D,OD,AK,F
10:59:29,PTBA,RG,3770,2,F,AK,AK,F
10:59:29,PTBA,RG,3770,25,D,DR,AK,F
10:59:29,PTBA,RG,3770,2,D,XC,AK,F
10:59:29,PTBA,RG,3770,10,D,BQ,AK,F
10:59:29,PTBA,RG,3770,40,D,AZ,AK,F
10:59:29,PTBA,RG,3770,1,D,PD,AK,F
10:59:29,PTBA,RG,3770,1,D,PD,AK,F
10:59:29,PTBA,RG,3770,15,D,NI,AK,F
10:59:29,PTBA,RG,3770,21,F,BK,AK,F
10:59:29,PTBA,RG,3770,3,D,DH,AK,F
10:59:29,PTBA,RG,3770,6,D,PD,AK,F
10:59:29,PTBA,RG,3770,10,D,PD,AK,F
10:59:29,PTBA,RG,3770,23,F,AK,AK,F
10:59:29,PTBA,RG,3770,9,D,YP,AK,F
10:59:29,PTBA,RG,3770,480,F,BK,AK,F
10:59:29,PTBA,RG,3770,2,D,XL,AK,F
10:59:29,PTBA,RG,3770,8,F,AK,AK,F
10:59:29,PTBA,RG,3770,10,D,SQ,AK,F
10:59:29,PTBA,RG,3770,5,D,XL,AK,F
10:59:29,PTBA,RG,3770,25,D,SQ,AK,F
10:59:29,PTBA,RG,3770,5,D,GR,AK,F
10:59:29,PTBA,RG,3770,5,D,YB,AK,F
10:59:29,PTBA,RG,3770,2,F,AK,AK,F
10:59:29,PTBA,RG,3770,1,F,CS,AK,F
10:59:29,PTBA,RG,3770,10,D,XC,AK,F
10:59:29,PTBA,RG,3770,11,D,LG,AK,F
10:59:29,PTBA,RG,3770,10,D,YP,AK,F
10:59:29,PTBA,RG,3770,1,D,NI,AK,F
10:59:29,PTBA,RG,3770,50,D,XL,AK,F
10:59:29,PTBA,RG,3770,10,D,OD,AK,F
10:59:29,PTBA,RG,3770,53,D,XC,AK,F
10:59:29,PTBA,RG,3770,1,D,XC,AK,F
10:59:29,PTBA,RG,3770,1,D,PD,AK,F
10:59:29,PTBA,RG,3770,4,D,CC,AK,F
10:59:29,PTBA,RG,3770,1,D,PD,AK,F
10:59:29,PTBA,RG,3770,10,D,GR,AK,F
10:59:29,PTBA,RG,3770,2,D,XC,AK,F
10:59:29,PTBA,RG,3770,1,D,PD,AK,F
10:59:29,PTBA,RG,3770,3,D,NI,AK,F
10:59:29,PTBA,RG,3770,20,F,BK,AK,F
10:59:29,PTBA,RG,3770,2,D,PD,AK,F
10:59:29,PTBA,RG,3770,1,D,YP,AK,F
10:59:29,PTBA,RG,3770,25,F,AK,AK,F
10:59:29,PTBA,RG,3770,21,F,BK,AK,F
10:59:29,PTBA,RG,3770,2,F,AK,AK,F
10:59:29,PTBA,RG,3770,1,D,AZ,AK,F
10:59:29,PTBA,RG,3770,26,D,EP,AK,F
10:59:29,PTBA,RG,3770,9,F,AK,AK,F
10:59:29,PTBA,RG,3770,20,D,DR,AK,F
10:59:29,PTBA,RG,3770,3,D,CC,AK,F
10:59:29,PTBA,RG,3770,10,D,CC,AK,F
10:59:29,PTBA,RG,3770,2,D,PD,AK,F
10:59:29,PTBA,RG,3770,1,D,CC,AK,F
10:59:29,PTBA,RG,3770,5,D,XC,AK,F
10:59:29,PTBA,RG,3770,1,F,CS,AK,F
10:59:29,PTBA,RG,3770,40,D,YU,AK,F
10:59:29,PTBA,RG,3770,30,D,NI,AK,F
10:59:29,PTBA,RG,3770,1,D,XL,AK,F
10:59:29,PTBA,RG,3770,1,D,XC,AK,F
10:59:29,PTBA,RG,3770,1,D,XL,AK,F
10:59:29,PTBA,RG,3770,10,D,XL,AK,F
10:59:29,PTBA,RG,3770,2,D,XC,AK,F
10:59:29,PTBA,RG,3770,1,D,XL,AK,F
10:59:29,PTBA,RG,3770,2,F,AK,AK,F
10:59:29,PTBA,RG,3770,4,D,XL,AK,F
10:59:28,PTBA,RG,3770,6,D,XL,AK,F
10:59:28,PTBA,RG,3770,2,D,BQ,AK,F
10:59:28,PTBA,RG,3770,24,F,AK,AK,F
10:59:28,PTBA,RG,3770,55,D,YU,AK,F
10:59:28,PTBA,RG,3770,4,D,XC,AK,F
10:59:28,PTBA,RG,3770,348,F,CS,AK,F
10:59:28,PTBA,RG,3770,1,D,PD,AK,F
10:59:28,PTBA,RG,3770,100,D,KK,AK,F
10:59:28,PTBA,RG,3770,10,D,YP,AK,F
10:59:28,PTBA,RG,3770,1,D,BQ,AK,F
10:59:28,PTBA,RG,3770,25,D,PD,AK,F
10:59:28,PTBA,RG,3770,1,F,BK,AK,F
10:59:28,PTBA,RG,3770,361,F,BK,AK,F
10:59:28,PTBA,RG,3770,92,F,ZP,AK,F
10:59:28,PTBA,RG,3770,1,D,PD,AK,F
10:59:28,PTBA,RG,3770,6,D,PD,AK,F
10:59:28,PTBA,RG,3770,1000,D,BQ,AK,F
10:59:28,PTBA,RG,3770,10,D,CC,AK,F
10:59:28,PTBA,RG,3770,1,D,XC,AK,F
10:59:28,PTBA,RG,3770,1,D,PD,AK,F
10:59:28,PTBA,RG,3770,5,D,AI,AK,F
10:59:28,PTBA,RG,3770,5,D,XC,AK,F
10:59:28,PTBA,RG,3770,1,D,PD,AK,F
10:59:28,PTBA,RG,3770,1,D,CC,AK,F
10:59:28,PTBA,RG,3770,3,D,KK,AK,F
10:59:28,PTBA,RG,3770,50,D,YP,AK,F
10:59:28,PTBA,RG,3770,5,D,SQ,AK,F
10:59:28,PTBA,RG,3770,5,D,AI,AK,F
10:59:28,PTBA,RG,3770,10,D,XC,AK,F
10:59:28,PTBA,RG,3770,10,D,YP,AK,F
10:59:28,PTBA,RG,3770,2,D,PD,AK,F
10:59:28,PTBA,RG,3770,10,D,YP,AK,F
10:59:28,PTBA,RG,3770,1,D,XC,AK,F
10:59:28,PTBA,RG,3770,1,D,YP,AK,F
10:59:28,PTBA,RG,3770,40,D,XL,AK,F
10:59:28,PTBA,RG,3770,15,F,ZP,AK,F
10:59:28,PTBA,RG,3770,25,D,YP,AK,F
10:59:28,PTBA,RG,3770,18,D,PC,AK,F
10:59:28,PTBA,RG,3770,2,D,YP,AK,F
10:59:28,PTBA,RG,3770,3,D,XC,AK,F
10:59:28,PTBA,RG,3770,2,D,CC,AK,F
10:59:28,PTBA,RG,3770,1,D,PD,AK,F
10:59:28,PTBA,RG,3770,10,D,LG,AK,F
10:59:28,PTBA,RG,3770,1,D,XC,AK,F
10:59:28,PTBA,RG,3770,1,D,EP,AK,F
10:59:28,PTBA,RG,3770,379,F,BK,AK,F
10:59:28,PTBA,RG,3770,200,D,BQ,AK,F
10:59:28,PTBA,RG,3770,50,D,DH,AK,F
10:59:28,PTBA,RG,3770,5,D,CC,AK,F
10:59:28,PTBA,RG,3770,1,D,AO,AK,F
10:59:28,PTBA,RG,3770,2,D,PD,AK,F
10:59:28,PTBA,RG,3770,1,D,AT,AK,F
10:59:28,PTBA,RG,3770,50,D,YP,AK,F
10:59:28,PTBA,RG,3770,1,D,PD,AK,F
10:59:28,PTBA,RG,3770,1,D,PD,AK,F
10:59:28,PTBA,RG,3770,1,D,XC,AK,F
10:59:28,PTBA,RG,3770,1,D,CC,AK,F
10:59:28,PTBA,RG,3770,1,D,YP,AK,F
10:59:28,PTBA,RG,3770,77,D,XC,AK,F
10:59:28,PTBA,RG,3770,158,D,MG,AK,F
10:59:28,PTBA,RG,3770,42,D,MG,AK,F
10:59:28,PTBA,RG,3770,33,D,XC,AK,F
10:59:28,PTBA,RG,3770,1,D,XC,AK,F
10:59:28,PTBA,RG,3770,1,D,YP,AK,F
10:59:28,PTBA,RG,3770,1,D,XC,AK,F
10:59:28,PTBA,RG,3770,25,D,YU,AK,F
10:59:28,PTBA,RG,3770,8,D,PD,AK,F
10:59:28,PTBA,RG,3770,3,D,DR,AK,F
10:59:28,PTBA,RG,3770,1,D,XL,AK,F
10:59:28,PTBA,RG,3770,1,D,PD,AK,F
10:59:28,PTBA,RG,3770,1,D,OD,AK,F
10:59:28,PTBA,RG,3770,2,D,DR,AK,F
10:59:28,PTBA,RG,3770,2,D,PD,AK,F
10:59:28,PTBA,RG,3770,50,D,KK,AK,F
10:59:28,PTBA,RG,3770,1,D,AZ,AK,F
10:59:28,PTBA,RG,3770,5,D,PD,AK,F
10:59:28,PTBA,RG,3770,1,D,PD,AK,F
10:59:28,PTBA,RG,3770,5,D,PD,AK,F
10:59:28,PTBA,RG,3770,3,D,PD,AK,F
10:59:28,PTBA,RG,3770,119,D,CC,AK,F
10:59:28,PTBA,RG,3770,100,D,YP,AK,F
10:59:28,PTBA,RG,3770,1,D,XC,AK,F
10:59:28,PTBA,RG,3770,5,D,XC,AK,F
10:59:28,PTBA,RG,3770,1,D,XC,AK,F
10:59:28,PTBA,RG,3770,2,D,KK,AK,F
10:59:28,PTBA,RG,3770,1,D,XL,AK,F
10:59:28,PTBA,RG,3770,10,D,YP,AK,F
10:59:28,PTBA,RG,3770,2,D,SQ,AK,F
10:59:28,PTBA,RG,3770,1,D,CC,AK,F
10:59:28,PTBA,RG,3770,1,D,PD,AK,F
10:59:28,PTBA,RG,3770,1,D,XC,AK,F
10:59:28,PTBA,RG,3770,53,D,CC,AK,F
10:59:28,PTBA,RG,3770,1,D,BR,AK,F
10:59:28,PTBA,RG,3770,25,D,NI,AK,F
10:59:28,PTBA,RG,3770,20,D,YP,AK,F
10:59:28,PTBA,RG,3770,8,D,XL,AK,F
10:59:28,PTBA,RG,3770,7,D,PD,AK,F
10:59:28,PTBA,RG,3770,2,D,YP,AK,F
10:59:28,PTBA,RG,3770,5,D,SQ,AK,F
10:59:28,PTBA,RG,3770,1,D,XL,AK,F
10:59:28,PTBA,RG,3770,1,D,PD,AK,F
10:59:28,PTBA,RG,3770,2,D,SQ,AK,F
10:59:28,PTBA,RG,3770,2,D,XL,AK,F
10:59:28,PTBA,RG,3770,5,D,PD,AK,F
10:59:28,PTBA,RG,3770,15,D,YU,AK,F
10:59:28,PTBA,RG,3770,1,D,XL,AK,F
10:59:28,PTBA,RG,3770,1,D,NI,AK,F
10:59:28,PTBA,RG,3770,10,D,CC,AK,F
10:59:28,PTBA,RG,3770,26,D,AT,AK,F
10:59:28,PTBA,RG,3770,5,D,PD,AK,F
10:59:28,PTBA,RG,3770,2,D,PD,AK,F
10:59:28,PTBA,RG,3770,27,D,XC,AK,F
10:59:28,PTBA,RG,3770,5,D,PD,AK,F
10:59:28,PTBA,RG,3770,30,D,OD,AK,F
10:59:28,PTBA,RG,3770,100,D,NI,AK,F
10:59:28,PTBA,RG,3770,1,D,PD,AK,F
10:59:28,PTBA,RG,3770,5,D,CC,AK,F
10:59:28,PTBA,RG,3770,100,D,CC,AK,F
10:59:28,PTBA,RG,3770,2,D,XC,AK,F
10:59:28,PTBA,RG,3770,5,D,NI,AK,F
10:59:28,PTBA,RG,3770,4,D,PD,AK,F
10:59:28,PTBA,RG,3770,2,D,XC,AK,F
10:59:28,PTBA,RG,3770,3,D,NI,AK,F
10:59:28,PTBA,RG,3770,15,D,EP,AK,F
10:59:28,PTBA,RG,3770,1,D,PD,AK,F
10:59:28,PTBA,RG,3770,3,D,NI,AK,F
10:59:28,PTBA,RG,3770,3,D,LG,AK,F
10:59:28,PTBA,RG,3770,140,D,YJ,AK,F
10:59:27,PTBA,RG,3770,10,D,YJ,AK,F
10:59:27,PTBA,RG,3770,10,D,SQ,AK,F
10:59:27,PTBA,RG,3770,5,D,KK,AK,F
10:59:27,PTBA,RG,3770,3,D,PD,AK,F
10:59:27,PTBA,RG,3770,2,D,PD,AK,F
10:59:27,PTBA,RG,3770,1,D,XL,AK,F
10:59:27,PTBA,RG,3770,1,D,YP,AK,F
10:59:27,PTBA,RG,3770,1,D,YP,AK,F
10:59:27,PTBA,RG,3770,15,D,NI,AK,F
10:59:27,PTBA,RG,3770,2,D,PD,AK,F
10:59:27,PTBA,RG,3770,1,D,PD,AK,F
10:59:27,PTBA,RG,3770,1,D,XC,AK,F
10:59:27,PTBA,RG,3770,5,D,YP,AK,F
10:59:27,PTBA,RG,3770,5,D,XC,AK,F
10:59:27,PTBA,RG,3770,5,D,YP,AK,F
10:59:27,PTBA,RG,3770,10,D,LG,AK,F
10:59:27,PTBA,RG,3770,2,D,EP,AK,F
10:59:27,PTBA,RG,3770,1,D,NI,AK,F
10:59:27,PTBA,RG,3770,1,D,PD,AK,F
10:59:27,PTBA,RG,3770,10,D,NI,AK,F
10:59:27,PTBA,RG,3770,4,D,KK,AK,F
10:59:27,PTBA,RG,3770,3,D,XL,AK,F
10:59:27,PTBA,RG,3770,3,D,OD,AK,F
10:59:27,PTBA,RG,3770,1,D,YP,AK,F
10:59:27,PTBA,RG,3770,1,D,NI,AK,F
10:59:27,PTBA,RG,3770,5,D,EP,AK,F
10:59:27,PTBA,RG,3770,25,D,PD,AK,F
10:59:27,PTBA,RG,3770,2,D,YP,AK,F
10:59:27,PTBA,RG,3770,1,D,XC,AK,F
10:59:27,PTBA,RG,3770,2,D,YP,AK,F
10:59:27,PTBA,RG,3770,1,D,NI,AK,F
10:59:27,PTBA,RG,3770,10,D,XL,AK,F
10:59:27,PTBA,RG,3770,1,D,XL,AK,F
10:59:27,PTBA,RG,3770,1,D,DH,AK,F
10:59:27,PTBA,RG,3770,1,D,YU,AK,F
10:59:27,PTBA,RG,3770,5,D,YP,AK,F
10:59:27,PTBA,RG,3770,1,D,XC,AK,F
10:59:27,PTBA,RG,3770,2,F,ZP,AK,F
10:59:27,PTBA,RG,3770,1,D,PD,AK,F
10:59:27,PTBA,RG,3770,5,D,LG,AK,F
10:59:27,PTBA,RG,3770,5,D,PD,AK,F
10:59:27,PTBA,RG,3770,1,D,PD,AK,F
10:59:27,PTBA,RG,3770,1,D,GR,AK,F
