Time,Stock,Brd,Price,Qty,BT,BC,SC,ST
15:14:49,PTBA,RG,3920,3,D,AI,KK,D
15:14:45,PTBA,RG,3920,10,D,AI,KK,D
15:14:32,PTBA,RG,3920,412,D,AI,YU,D
15:14:32,PTBA,RG,3920,10,D,CD,YU,D
15:14:32,PTBA,RG,3920,1,D,NI,YU,D
15:14:32,PTBA,RG,3920,4,D,DR,YU,D
15:14:32,PTBA,RG,3920,1,D,YP,YU,D
15:14:32,PTBA,RG,3920,72,D,CP,YU,D
15:14:02,PTBA,RG,3920,100,D,CP,IU,D
15:13:53,PTBA,RG,3920,15,D,CP,KK,D
15:13:44,PTBA,RG,3920,5,D,CP,LG,D
15:13:20,PTBA,RG,3920,1,D,CP,XL,D
15:13:10,PTBA,RG,3920,5,D,CP,PD,D
15:13:01,PTBA,RG,3920,31,D,CP,KK,D
15:12:52,PTBA,RG,3920,5,D,CP,CC,D
15:12:40,PTBA,RG,3920,2,D,CP,OD,D
15:12:32,PTBA,RG,3920,1,D,CP,OD,D
15:12:26,PTBA,RG,3920,25,D,CP,YB,D
15:12:09,PTBA,RG,3920,40,D,CP,CC,D
15:12:08,PTBA,RG,3920,7,D,CP,XC,D
15:12:05,PTBA,RG,3920,1,D,CP,CC,D
15:11:55,PTBA,RG,3920,10,D,CP,CC,D
15:11:41,PTBA,RG,3920,1,D,CP,YP,D
15:11:39,PTBA,RG,3920,50,D,CP,GR,D
15:11:03,PTBA,RG,3920,20,D,CP,YB,D
15:10:55,PTBA,RG,3920,1,D,CP,PC,D
15:10:51,PTBA,RG,3920,1,D,CP,CC,D
15:10:49,PTBA,RG,3920,10,D,CP,CC,D
15:10:45,PTBA,RG,3920,3,D,CP,PD,D
15:10:43,PTBA,RG,3920,366,D,CP,KI,D
15:10:43,PTBA,RG,3920,1,D,XC,KI,D
15:10:43,PTBA,RG,3920,15,D,PD,KI,D
15:10:43,PTBA,RG,3920,1,D,PD,KI,D
15:10:43,PTBA,RG,3920,1,D,PD,KI,D
15:10:43,PTBA,RG,3920,1,D,KK,KI,D
15:10:43,PTBA,RG,3920,20,D,YP,KI,D
15:10:43,PTBA,RG,3920,1,D,PD,KI,D
15:10:43,PTBA,RG,3920,1,D,YP,KI,D
15:10:43,PTBA,RG,3920,5,D,YP,KI,D
15:10:34,PTBA,RG,3920,1,D,PD,KK,D
15:10:34,PTBA,RG,3920,1,D,XC,KK,D
15:10:33,PTBA,RG,3920,1,D,XL,PC,D
15:10:26,PTBA,RG,3920,5,D,XL,YP,D
15:10:26,PTBA,RG,3920,5,D,XL,MG,D
15:09:39,PTBA,RG,3920,4,D,XL,SQ,D
15:09:39,PTBA,RG,3920,4,D,DX,SQ,D
15:09:11,PTBA,RG,3920,1,D,DX,DH,D
15:09:11,PTBA,RG,3920,1,D,GR,DH,D
15:09:11,PTBA,RG,3920,1,D,XC,DH,D
15:09:11,PTBA,RG,3920,1,D,YP,DH,D
15:09:11,PTBA,RG,3920,1,D,XC,DH,D
15:09:11,PTBA,RG,3920,57,D,KK,DH,D
15:09:08,PTBA,RG,3920,1,D,KK,XC,D
15:08:58,PTBA,RG,3920,179,D,KK,GR,D
15:08:47,PTBA,RG,3920,3,D,KK,XC,D
15:08:47,PTBA,RG,3920,20,D,KK,CC,D
15:08:40,PTBA,RG,3920,40,D,KK,YU,D
15:08:40,PTBA,RG,3920,100,D,PD,YU,D
15:08:40,PTBA,RG,3920,70,D,SQ,YU,D
15:08:40,PTBA,RG,3920,500,D,YU,YU,D
15:08:40,PTBA,RG,3920,200,D,YP,YU,D
15:08:40,PTBA,RG,3920,20,D,OD,YU,D
15:08:40,PTBA,RG,3920,20,D,LG,YU,D
15:08:40,PTBA,RG,3920,5,D,EP,YU,D
15:08:40,PTBA,RG,3920,20,D,DR,YU,D
15:08:40,PTBA,RG,3920,10,D,EP,YU,D
15:08:40,PTBA,RG,3920,1,D,PD,YU,D
15:08:40,PTBA,RG,3920,1,D,PD,YU,D
15:08:40,PTBA,RG,3920,2,D,YP,YU,D
15:08:40,PTBA,RG,3920,20,D,NI,YU,D
15:08:40,PTBA,RG,3920,3,D,PD,YU,D
15:08:40,PTBA,RG,3920,10,D,YP,YU,D
15:08:40,PTBA,RG,3920,20,D,DR,YU,D
15:08:40,PTBA,RG,3920,5,D,KK,YU,D
15:08:40,PTBA,RG,3920,2,D,EP,YU,D
15:08:40,PTBA,RG,3920,1500,D,CD,YU,D
15:08:40,PTBA,RG,3920,4,D,XC,YU,D
15:08:40,PTBA,RG,3920,33,D,KK,YU,D
15:08:40,PTBA,RG,3920,150,D,NI,YU,D
15:08:40,PTBA,RG,3920,20,D,EP,YU,D
15:08:40,PTBA,RG,3920,5,D,PD,YU,D
15:08:40,PTBA,RG,3920,4,D,XC,YU,D
15:08:40,PTBA,RG,3920,1,D,EP,YU,D
15:08:40,PTBA,RG,3920,2,D,PD,YU,D
15:08:40,PTBA,RG,3920,200,D,TF,YU,D
15:08:40,PTBA,RG,3920,5,D,XC,YU,D
15:08:40,PTBA,RG,3920,2,D,EP,YU,D
15:08:40,PTBA,RG,3920,1,D,XL,YU,D
15:08:40,PTBA,RG,3920,1,D,PD,YU,D
15:08:40,PTBA,RG,3920,78,D,PD,YU,D
15:08:40,PTBA,RG,3920,1,D,XC,YU,D
15:08:40,PTBA,RG,3920,1,D,XC,YU,D
15:08:40,PTBA,RG,3920,2,D,CC,YU,D
15:08:40,PTBA,RG,3920,1,D,YP,YU,D
15:08:40,PTBA,RG,3920,1,D,XC,YU,D
15:08:40,PTBA,RG,3920,10,D,CC,YU,D
15:08:40,PTBA,RG,3920,500,D,CP,YU,D
15:08:40,PTBA,RG,3920,2,D,DH,YU,D
15:08:40,PTBA,RG,3920,20,D,RB,YU,D
15:08:40,PTBA,RG,3920,23,D,YP,YU,D
15:08:40,PTBA,RG,3920,8,D,YP,YU,D
15:08:40,PTBA,RG,3920,6,D,XC,YU,D
15:08:40,PTBA,RG,3920,200,D,KI,YU,D
15:08:40,PTBA,RG,3920,1,D,CC,YU,D
15:08:40,PTBA,RG,3920,169,D,KI,YU,D
15:08:34,PTBA,RG,3920,2,D,KI,XC,D
15:08:29,PTBA,RG,3920,10,D,KI,EP,D
15:08:16,PTBA,RG,3920,2,D,KI,XC,D
15:08:12,PTBA,RG,3920,17,D,KI,CC,D
15:08:12,PTBA,RG,3920,29,D,KI,CC,D
15:08:07,PTBA,RG,3920,10,D,KI,PD,D
15:08:03,PTBA,RG,3920,3,D,KI,XC,D
15:07:57,PTBA,RG,3920,158,D,KI,YP,D
15:07:57,PTBA,RG,3920,25,D,YP,YP,D
15:07:57,PTBA,RG,3920,200,D,KI,YP,D
15:07:57,PTBA,RG,3920,2,D,PD,YP,D
15:07:57,PTBA,RG,3920,2,D,XC,YP,D
15:07:57,PTBA,RG,3920,25,D,YP,YP,D
15:07:57,PTBA,RG,3920,10,D,PD,YP,D
15:07:57,PTBA,RG,3920,20,D,DH,YP,D
15:07:57,PTBA,RG,3920,1,D,XC,YP,D
15:07:57,PTBA,RG,3920,14,D,PD,YP,D
15:07:57,PTBA,RG,3920,5,D,XL,YP,D
15:07:57,PTBA,RG,3920,1,D,XC,YP,D
15:07:57,PTBA,RG,3920,20,D,PD,YP,D
15:07:57,PTBA,RG,3920,5,D,SQ,YP,D
15:07:57,PTBA,RG,3920,3,D,NI,YP,D
15:07:57,PTBA,RG,3920,4,D,PD,YP,D
15:07:57,PTBA,RG,3920,1,D,AI,YP,D
15:07:57,PTBA,RG,3920,1,D,XC,YP,D
15:07:57,PTBA,RG,3920,5,D,GR,YP,D
15:07:55,PTBA,RG,3920,5,D,GR,KI,D
15:07:55,PTBA,RG,3920,7,D,GR,KI,D
15:07:55,PTBA,RG,3920,10,D,PD,KI,D
15:07:55,PTBA,RG,3920,5,D,PD,KI,D
15:07:55,PTBA,RG,3920,1,D,YP,KI,D
15:07:55,PTBA,RG,3920,10,D,GR,KI,D
15:07:55,PTBA,RG,3920,1,D,BQ,KI,D
15:07:55,PTBA,RG,3920,4,D,DH,KI,D
15:07:55,PTBA,RG,3920,5,D,PD,KI,D
15:07:55,PTBA,RG,3920,1,D,CC,KI,D
15:07:55,PTBA,RG,3920,3,D,AZ,KI,D
15:07:55,PTBA,RG,3920,48,D,CC,KI,D
15:07:47,PTBA,RG,3920,100,D,CC,YP,D
15:07:37,PTBA,RG,3920,1,D,CC,DH,D
15:07:28,PTBA,RG,3920,30,D,CC,YP,D
15:07:12,PTBA,RG,3920,60,D,CC,YP,D
15:06:57,PTBA,RG,3920,1,D,CC,DH,D
15:06:57,PTBA,RG,3920,243,D,CC,NI,D
15:06:50,PTBA,RG,3920,3,D,CC,XC,D
15:06:43,PTBA,RG,3920,500,D,CC,YU,D
15:06:43,PTBA,RG,3920,1,D,CC,XC,D
15:06:42,PTBA,RG,3920,3,D,CC,XC,D
15:06:41,PTBA,RG,3920,5,D,CC,PD,D
15:06:41,PTBA,RG,3920,300,D,CC,KI,D
15:06:40,PTBA,RG,3920,2,D,CC,XC,D
15:06:31,PTBA,RG,3920,10,D,CC,CC,D
15:06:30,PTBA,RG,3920,25,D,CC,PD,D
15:06:14,PTBA,RG,3920,500,D,CC,YU,D
15:06:01,PTBA,RG,3920,1,D,CC,YP,D
15:06:00,PTBA,RG,3920,16,D,CC,XC,D
15:05:53,PTBA,RG,3920,225,D,CC,KK,D
15:05:51,PTBA,RG,3920,22,D,CC,XC,D
15:05:40,PTBA,RG,3920,89,D,CC,XC,D
15:05:33,PTBA,RG,3920,100,D,CC,PD,D
15:05:29,PTBA,RG,3920,215,D,CC,YP,D
15:05:29,PTBA,RG,3920,23,D,SQ,YP,D
15:05:29,PTBA,RG,3920,10,D,XC,YP,D
15:05:29,PTBA,RG,3920,4,D,NI,YP,D
15:05:29,PTBA,RG,3920,13,D,KK,YP,D
15:05:29,PTBA,RG,3920,5,D,YP,YP,D
15:05:29,PTBA,RG,3920,26,D,XC,YP,D
15:05:29,PTBA,RG,3920,1,D,SQ,YP,D
15:05:29,PTBA,RG,3920,1,D,YP,YP,D
15:05:29,PTBA,RG,3920,10,D,YP,YP,D
15:05:29,PTBA,RG,3920,92,D,XA,YP,D
15:05:27,PTBA,RG,3920,100,D,XA,KI,D
15:05:24,PTBA,RG,3920,177,D,XA,XC,D
15:05:15,PTBA,RG,3920,1,D,XA,BQ,D
15:05:14,PTBA,RG,3920,20,D,XA,YB,D
15:05:09,PTBA,RG,3920,200,D,XA,YB,D
15:05:07,PTBA,RG,3920,200,D,XA,YB,D
15:05:05,PTBA,RG,3920,355,D,XA,XC,D
15:05:05,PTBA,RG,3920,50,D,XA,SQ,D
15:05:04,PTBA,RG,3920,1,D,XA,XC,D
15:05:01,PTBA,RG,3920,7,D,XA,PD,D
15:04:59,PTBA,RG,3920,70,D,XA,DR,D
15:04:58,PTBA,RG,3920,25,D,XA,YP,D
15:04:36,PTBA,RG,3920,10,D,XA,ZP,D
15:04:36,PTBA,RG,3920,17,D,XA,PD,D
15:04:36,PTBA,RG,3920,3,D,XA,YU,D
15:04:36,PTBA,RG,3920,10,D,XA,XC,D
15:04:36,PTBA,RG,3920,500,D,XA,PD,D
15:04:36,PTBA,RG,3920,9,D,XA,XL,D
15:04:36,PTBA,RG,3920,57,D,XA,YB,D
15:04:36,PTBA,RG,3920,12,D,XA,AN,D
15:04:36,PTBA,RG,3920,10,D,XA,NI,D
15:04:36,PTBA,RG,3920,2,D,XA,YB,D
15:04:36,PTBA,RG,3920,1072,D,XA,KK,D
15:04:34,PTBA,RG,3920,2,D,NI,KK,D
15:04:34,PTBA,RG,3920,551,D,MG,KK,D
15:04:34,PTBA,RG,3920,14,D,MG,EP,D
15:04:34,PTBA,RG,3920,1,D,MG,XC,D
15:04:34,PTBA,RG,3920,19,D,MG,PD,D
15:04:34,PTBA,RG,3920,75,D,MG,PD,D
15:04:34,PTBA,RG,3920,300,D,MG,YU,D
15:04:34,PTBA,RG,3920,40,D,MG,OD,D
15:04:33,PTBA,RG,3920,5,D,YP,OD,D
15:04:33,PTBA,RG,3920,26,D,XC,OD,D
15:04:30,PTBA,RG,3920,10,D,XC,OD,D
15:04:28,PTBA,RG,3920,5,D,XC,OD,D
15:04:28,PTBA,RG,3920,25,D,YP,OD,D
15:04:27,PTBA,RG,3920,1,D,YP,OD,D
15:04:20,PTBA,RG,3920,6,D,EP,OD,D
15:04:16,PTBA,RG,3920,2,D,PD,OD,D
15:04:16,PTBA,RG,3920,2,D,EP,OD,D
15:04:16,PTBA,RG,3920,2,D,CC,OD,D
15:04:14,PTBA,RG,3920,50,D,CC,OD,D
15:04:11,PTBA,RG,3920,1,D,XC,OD,D
15:04:11,PTBA,RG,3920,30,D,YU,OD,D
15:04:05,PTBA,RG,3920,26,D,PD,OD,D
15:04:03,PTBA,RG,3920,10,D,OD,OD,D
15:04:02,PTBA,RG,3920,1,D,CC,OD,D
15:04:02,PTBA,RG,3920,2,D,PD,OD,D
15:04:00,PTBA,RG,3920,1,D,XC,OD,D
15:03:55,PTBA,RG,3920,10,D,KK,OD,D
15:03:49,PTBA,RG,3920,1,D,XC,OD,D
15:03:48,PTBA,RG,3920,1,D,CC,OD,D
15:03:47,PTBA,RG,3920,3,D,XC,OD,D
15:03:47,PTBA,RG,3920,10,D,XL,OD,D
15:03:42,PTBA,RG,3920,100,D,YU,OD,D
15:03:39,PTBA,RG,3920,25,D,YP,OD,D
15:03:39,PTBA,RG,3920,1,D,SQ,OD,D
15:03:37,PTBA,RG,3920,10,D,PD,OD,D
15:03:36,PTBA,RG,3920,1,D,YP,OD,D
15:03:36,PTBA,RG,3920,3,D,XL,OD,D
15:03:35,PTBA,RG,3920,3,D,CC,OD,D
15:03:33,PTBA,RG,3920,13,D,NI,OD,D
15:03:28,PTBA,RG,3920,1,D,YP,OD,D
15:03:23,PTBA,RG,3920,1,D,KK,OD,D
15:03:19,PTBA,RG,3920,2,D,SF,OD,D
15:03:19,PTBA,RG,3920,9,D,XL,OD,D
15:03:19,PTBA,RG,3920,1,D,NI,OD,D
15:03:17,PTBA,RG,3920,2,D,AZ,OD,D
15:03:14,PTBA,RG,3920,20,D,NI,OD,D
15:03:12,PTBA,RG,3920,1,D,XC,OD,D
15:03:11,PTBA,RG,3920,3,D,XC,OD,D
15:03:03,PTBA,RG,3920,1,D,XC,OD,D
15:03:03,PTBA,RG,3920,1,D,NI,OD,D
15:03:01,PTBA,RG,3920,1,D,XC,OD,D
15:02:59,PTBA,RG,3920,20,D,YP,OD,D
15:02:59,PTBA,RG,3920,1,D,EP,OD,D
15:02:59,PTBA,RG,3920,2,D,YP,OD,D
15:02:59,PTBA,RG,3920,6,D,OD,OD,D
15:02:59,PTBA,RG,3920,75,D,PD,OD,D
15:02:59,PTBA,RG,3920,10,D,PD,OD,D
15:02:59,PTBA,RG,3920,57,D,YP,OD,D
15:02:59,PTBA,RG,3920,34,D,SQ,OD,D
15:02:59,PTBA,RG,3920,3,D,SF,OD,D
15:02:59,PTBA,RG,3920,5,D,XC,OD,D
15:02:59,PTBA,RG,3920,25,D,PD,OD,D
15:02:59,PTBA,RG,3920,3,D,XC,OD,D
15:02:59,PTBA,RG,3920,1,D,PD,OD,D
15:02:59,PTBA,RG,3920,1,D,YB,OD,D
15:02:59,PTBA,RG,3920,10,D,KK,OD,D
15:02:59,PTBA,RG,3920,9,D,XC,OD,D
15:02:59,PTBA,RG,3920,5,D,KK,OD,D
15:02:59,PTBA,RG,3920,1,D,PD,OD,D
15:02:59,PTBA,RG,3920,50,D,CC,OD,D
15:02:59,PTBA,RG,3920,10,D,DR,OD,D
15:02:59,PTBA,RG,3920,7,D,YP,OD,D
15:02:59,PTBA,RG,3920,10,D,YP,OD,D
15:02:59,PTBA,RG,3920,10,D,OD,OD,D
15:02:59,PTBA,RG,3920,1,D,XC,OD,D
15:02:59,PTBA,RG,3920,1,D,YP,OD,D
15:02:59,PTBA,RG,3920,20,D,CC,OD,D
15:02:59,PTBA,RG,3920,1,D,NI,OD,D
15:02:59,PTBA,RG,3920,4,D,YB,OD,D
15:02:59,PTBA,RG,3920,11,D,XC,OD,D
15:02:59,PTBA,RG,3920,1,D,YP,OD,D
15:02:59,PTBA,RG,3920,29,D,YP,OD,D
15:02:59,PTBA,RG,3920,1,D,XC,OD,D
15:02:59,PTBA,RG,3920,25,D,PD,OD,D
15:02:59,PTBA,RG,3920,5,D,PD,OD,D
15:02:59,PTBA,RG,3920,3,D,YP,OD,D
15:02:59,PTBA,RG,3920,2,D,PD,OD,D
15:02:59,PTBA,RG,3920,2,D,PD,OD,D
15:02:59,PTBA,RG,3920,1,D,YP,OD,D
15:02:59,PTBA,RG,3920,3,D,NI,OD,D
15:02:59,PTBA,RG,3920,5,D,PD,OD,D
15:02:59,PTBA,RG,3920,5,D,YP,OD,D
15:02:59,PTBA,RG,3920,10,D,KK,OD,D
15:02:59,PTBA,RG,3920,5,D,KK,OD,D
15:02:59,PTBA,RG,3920,2,D,PD,OD,D
15:02:59,PTBA,RG,3920,39,D,YP,OD,D
15:02:56,PTBA,RG,3920,1,D,YP,DR,D
15:02:54,PTBA,RG,3920,2,D,YP,PD,D
15:02:53,PTBA,RG,3920,8,D,YP,KK,D
15:02:53,PTBA,RG,3920,1,D,SQ,KK,D
15:02:53,PTBA,RG,3920,3,D,SQ,KK,D
15:02:53,PTBA,RG,3920,7,D,XC,KK,D
15:02:53,PTBA,RG,3920,5,D,NI,KK,D
15:02:53,PTBA,RG,3920,1,D,XC,KK,D
15:02:53,PTBA,RG,3920,5,D,AI,KK,D
15:02:53,PTBA,RG,3920,10,D,PD,KK,D
15:02:53,PTBA,RG,3920,2,D,PD,KK,D
15:02:53,PTBA,RG,3920,8,D,XC,KK,D
15:02:49,PTBA,RG,3920,10,D,XC,DH,D
15:02:48,PTBA,RG,3920,32,D,XC,SQ,D
15:02:48,PTBA,RG,3920,200,D,EP,SQ,D
15:02:48,PTBA,RG,3920,9,D,XC,SQ,D
15:02:48,PTBA,RG,3920,1,D,XC,SQ,D
15:02:48,PTBA,RG,3920,1,D,XC,SQ,D
15:02:48,PTBA,RG,3920,1,D,XC,SQ,D
15:02:48,PTBA,RG,3920,191,D,XC,SQ,D
15:02:48,PTBA,RG,3920,150,D,DH,SQ,D
15:02:48,PTBA,RG,3920,90,D,PD,SQ,D
15:02:48,PTBA,RG,3920,1613,F,CS,SQ,D
15:02:48,PTBA,RG,3920,2449,F,CS,SQ,D
15:02:48,PTBA,RG,3920,1,D,LG,SQ,D
15:02:48,PTBA,RG,3920,10,D,YP,SQ,D
15:02:48,PTBA,RG,3920,20,D,NI,SQ,D
15:02:48,PTBA,RG,3920,10,D,NI,SQ,D
15:02:48,PTBA,RG,3920,1,D,XC,SQ,D
15:02:48,PTBA,RG,3920,5,D,PD,SQ,D
15:02:48,PTBA,RG,3920,10,D,DR,SQ,D
15:02:48,PTBA,RG,3920,1,D,XL,SQ,D
15:02:48,PTBA,RG,3920,2,D,CD,SQ,D
15:02:48,PTBA,RG,3920,5,D,GR,SQ,D
15:02:48,PTBA,RG,3920,1,D,PD,SQ,D
15:02:48,PTBA,RG,3920,1,D,DH,SQ,D
15:02:48,PTBA,RG,3920,10,D,PD,SQ,D
15:02:48,PTBA,RG,3920,5,D,YP,SQ,D
15:02:48,PTBA,RG,3920,5,D,PD,SQ,D
15:02:48,PTBA,RG,3920,1,D,PD,SQ,D
15:02:48,PTBA,RG,3920,18,D,MG,SQ,D
15:02:48,PTBA,RG,3920,1,D,YP,SQ,D
15:02:48,PTBA,RG,3920,250,D,PD,SQ,D
15:02:48,PTBA,RG,3920,25,D,YP,SQ,D
15:02:48,PTBA,RG,3920,1000,D,BQ,SQ,D
15:02:48,PTBA,RG,3920,8,D,PD,SQ,D
15:02:48,PTBA,RG,3920,5,D,SQ,SQ,D
15:02:48,PTBA,RG,3920,1,D,PD,SQ,D
15:02:48,PTBA,RG,3920,1,D,KK,SQ,D
15:02:48,PTBA,RG,3920,2,D,CC,SQ,D
15:02:48,PTBA,RG,3920,1,D,YP,SQ,D
15:02:48,PTBA,RG,3920,2,D,TF,SQ,D
15:02:48,PTBA,RG,3920,1,D,PD,SQ,D
15:02:48,PTBA,RG,3920,20,D,PD,SQ,D
15:02:48,PTBA,RG,3920,2,D,XC,SQ,D
15:02:48,PTBA,RG,3920,2,D,PD,SQ,D
15:02:48,PTBA,RG,3920,50,D,GR,SQ,D
15:02:48,PTBA,RG,3920,30,D,OD,SQ,D
15:02:48,PTBA,RG,3920,100,D,CC,SQ,D
15:02:48,PTBA,RG,3920,40,D,PD,SQ,D
15:02:48,PTBA,RG,3920,1,D,NI,SQ,D
15:02:48,PTBA,RG,3920,2,D,NI,SQ,D
15:02:48,PTBA,RG,3920,1,D,YP,SQ,D
15:02:48,PTBA,RG,3920,5,D,DH,SQ,D
15:02:48,PTBA,RG,3920,7,D,YP,SQ,D
15:02:45,PTBA,RG,3920,5,D,YP,DX,D
15:02:42,PTBA,RG,3920,7,D,YP,YP,D
15:02:38,PTBA,RG,3920,3,D,YP,XC,D
15:02:33,PTBA,RG,3920,72,D,YP,XC,D
15:02:29,PTBA,RG,3920,6,D,YP,YP,D
15:02:29,PTBA,RG,3920,2,D,SQ,YP,D
15:02:29,PTBA,RG,3920,1,D,KK,YP,D
15:02:29,PTBA,RG,3920,5,D,YP,YP,D
15:02:29,PTBA,RG,3920,1,D,XC,YP,D
15:02:29,PTBA,RG,3920,1,D,XL,YP,D
15:02:29,PTBA,RG,3920,10,D,KK,YP,D
15:02:29,PTBA,RG,3920,7,D,YP,YP,D
15:02:28,PTBA,RG,3920,1,D,YP,YP,D
15:02:28,PTBA,RG,3920,5,D,NI,YP,D
15:02:28,PTBA,RG,3920,20,D,YJ,YP,D
15:02:28,PTBA,RG,3920,274,D,DH,YP,D
15:02:26,PTBA,RG,3920,26,D,DH,DH,D
15:02:26,PTBA,RG,3920,2,D,YP,DH,D
15:02:26,PTBA,RG,3920,12,D,DX,DH,D
15:02:19,PTBA,RG,3920,50,D,DX,CC,D
15:02:19,PTBA,RG,3920,31,D,DX,DR,D
15:02:16,PTBA,RG,3920,5,D,DX,PD,D
15:02:16,PTBA,RG,3920,300,D,DX,YU,D
15:02:15,PTBA,RG,3920,2,D,DX,CC,D
15:02:14,PTBA,RG,3920,100,D,DX,YJ,D
15:02:11,PTBA,RG,3920,1,D,DX,YP,D
15:02:06,PTBA,RG,3920,200,D,DX,CC,D
15:02:06,PTBA,RG,3920,10,D,DX,CC,D
15:02:01,PTBA,RG,3920,6,D,DX,XC,D
15:02:01,PTBA,RG,3920,130,D,DX,CP,D
15:02:00,PTBA,RG,3920,7,D,DX,CC,D
15:01:59,PTBA,RG,3920,6,D,DX,EP,D
15:01:55,PTBA,RG,3920,20,D,DX,PD,D
15:01:55,PTBA,RG,3920,28,D,DX,XC,D
15:01:54,PTBA,RG,3920,10,D,DX,YB,D
15:01:53,PTBA,RG,3920,16,D,DX,XC,D
15:01:48,PTBA,RG,3920,1,D,DX,PD,D
15:01:46,PTBA,RG,3920,34,D,DX,CC,D
15:01:46,PTBA,RG,3920,4,D,DX,EP,D
15:01:43,PTBA,RG,3920,1,D,DX,XC,D
15:01:40,PTBA,RG,3920,76,D,DX,XC,D
15:01:38,PTBA,RG,3920,1,D,DX,CC,D
15:01:37,PTBA,RG,3920,16,D,DX,AG,D
15:01:36,PTBA,RG,3920,2,D,DX,YP,D
15:01:34,PTBA,RG,3920,10,D,DX,YJ,D
15:01:33,PTBA,RG,3920,8,D,DX,SQ,D
15:01:32,PTBA,RG,3920,20,D,DX,KK,D
15:01:32,PTBA,RG,3920,10,D,DX,CC,D
15:01:29,PTBA,RG,3920,12,D,DX,PD,D
15:01:29,PTBA,RG,3920,10,D,DX,XC,D
15:01:27,PTBA,RG,3920,39,D,DX,EP,D
15:01:26,PTBA,RG,3920,37,D,DX,YP,D
15:01:23,PTBA,RG,3920,2,D,DX,YP,D
15:01:22,PTBA,RG,3920,50,D,DX,PD,D
15:01:14,PTBA,RG,3920,15,D,DX,XC,D
15:01:13,PTBA,RG,3920,588,D,DX,YU,D
15:01:13,PTBA,RG,3920,5,D,DX,ZP,D
15:01:13,PTBA,RG,3920,1,D,DX,XC,D
15:01:12,PTBA,RG,3920,459,D,DX,PD,D
15:01:08,PTBA,RG,3920,4,D,DX,YP,D
15:01:08,PTBA,RG,3920,1,D,DX,PD,D
15:01:06,PTBA,RG,3920,20,D,DX,XC,D
15:01:02,PTBA,RG,3920,6,D,DX,YP,D
15:01:01,PTBA,RG,3920,1197,D,DX,YP,D
15:01:01,PTBA,RG,3920,20,D,YP,YP,D
15:01:01,PTBA,RG,3920,6,D,NI,YP,D
15:01:01,PTBA,RG,3920,2,D,PD,YP,D
15:01:01,PTBA,RG,3920,6,D,YP,YP,D
15:01:01,PTBA,RG,3920,1,D,XL,YP,D
15:01:01,PTBA,RG,3920,3,D,XL,YP,D
15:01:00,PTBA,RG,3920,5,D,DH,ZP,D
15:01:00,PTBA,RG,3920,5,D,DH,GR,D
15:01:00,PTBA,RG,3920,1,D,XL,GR,D
15:01:00,PTBA,RG,3920,1,D,XC,GR,D
15:01:00,PTBA,RG,3920,3,D,XC,GR,D
15:01:00,PTBA,RG,3920,1,D,PD,GR,D
15:01:00,PTBA,RG,3920,2,D,XC,GR,D
15:01:00,PTBA,RG,3920,20,D,CC,GR,D
15:01:00,PTBA,RG,3920,67,D,SQ,GR,D
15:00:00,PTBA,RG,3920,5,D,SQ,YP,D
15:00:00,PTBA,RG,3920,3,D,SQ,GR,D
15:00:00,PTBA,RG,3920,22,D,YP,GR,D
15:00:00,PTBA,RG,3920,5,D,YP,YB,D
15:00:00,PTBA,RG,3920,23,D,YP,YP,D
15:00:00,PTBA,RG,3920,20,D,DR,YP,D
15:00:00,PTBA,RG,3920,2,D,XC,YP,D
15:00:00,PTBA,RG,3920,3,D,YP,YP,D
15:00:00,PTBA,RG,3920,1,D,NI,YP,D
15:00:00,PTBA,RG,3920,9,D,XL,YP,D
15:00:00,PTBA,RG,3920,1,D,NI,YP,D
15:00:00,PTBA,RG,3920,1,D,PD,YP,D
15:00:00,PTBA,RG,3920,1,D,NI,YP,D
15:00:00,PTBA,RG,3920,1,D,KK,YP,D
15:00:00,PTBA,RG,3920,5,D,XC,YP,D
15:00:00,PTBA,RG,3920,33,D,CC,YP,D
15:00:00,PTBA,RG,3920,5,D,CC,GR,D
15:00:00,PTBA,RG,3920,1,D,XC,GR,D
15:00:00,PTBA,RG,3920,10,D,NI,GR,D
15:00:00,PTBA,RG,3920,1,D,PD,GR,D
15:00:00,PTBA,RG,3920,1,D,PD,GR,D
15:00:00,PTBA,RG,3920,2,D,YP,GR,D
15:00:00,PTBA,RG,3920,3,D,YP,PD,D
15:00:00,PTBA,RG,3920,22,D,EP,PD,D
15:00:00,PTBA,RG,3920,28,D,EP,YP,D
15:00:00,PTBA,RG,3920,1,D,PD,YP,D
15:00:00,PTBA,RG,3920,1,D,NI,YP,D
15:00:00,PTBA,RG,3920,1,D,XC,CC,D
15:00:00,PTBA,RG,3920,13,D,OD,CC,D
15:00:00,PTBA,RG,3920,15,D,XL,CC,D
15:00:00,PTBA,RG,3920,1,D,NI,CC,D
15:00:00,PTBA,RG,3920,2,D,CC,CC,D
15:00:00,PTBA,RG,3920,100,D,YP,CC,D
15:00:00,PTBA,RG,3920,2,D,XC,CC,D
15:00:00,PTBA,RG,3920,25,D,AT,CC,D
15:00:00,PTBA,RG,3920,10,D,DX,CC,D
15:00:00,PTBA,RG,3920,50,D,YP,CC,D
15:00:00,PTBA,RG,3920,10,D,DH,CC,D
15:00:00,PTBA,RG,3920,1,D,PD,CC,D
15:00:00,PTBA,RG,3920,20,D,DR,CC,D
15:00:00,PTBA,RG,3920,13,D,DH,YU,D
15:00:00,PTBA,RG,3920,50,D,LG,YU,D
15:00:00,PTBA,RG,3920,3,D,XC,YU,D
15:00:00,PTBA,RG,3920,1,D,XL,YU,D
15:00:00,PTBA,RG,3920,1,D,XL,YU,D
15:00:00,PTBA,RG,3920,1,D,XC,YU,D
15:00:00,PTBA,RG,3920,10,D,EP,YU,D
15:00:00,PTBA,RG,3920,40,D,YB,YU,D
15:00:00,PTBA,RG,3920,1,D,PD,YU,D
15:00:00,PTBA,RG,3920,1,D,YP,YU,D
15:00:00,PTBA,RG,3920,1,D,CC,YU,D
15:00:00,PTBA,RG,3920,1,D,YP,YU,D
15:00:00,PTBA,RG,3920,10,D,YP,YU,D
15:00:00,PTBA,RG,3920,4,D,YP,YU,D
15:00:00,PTBA,RG,3920,3,D,BQ,YU,D
15:00:00,PTBA,RG,3920,16,D,PD,YU,D
15:00:00,PTBA,RG,3920,3,D,YP,YU,D
15:00:00,PTBA,RG,3920,20,D,PD,YU,D
15:00:00,PTBA,RG,3920,1,D,PD,YU,D
15:00:00,PTBA,RG,3920,1,D,PD,YU,D
15:00:00,PTBA,RG,3920,3,D,NI,YU,D
15:00:00,PTBA,RG,3920,5,D,NI,YU,D
15:00:00,PTBA,RG,3920,2,D,NI,YU,D
15:00:00,PTBA,RG,3920,2,D,CC,YU,D
15:00:00,PTBA,RG,3920,1,D,XL,YU,D
15:00:00,PTBA,RG,3920,1,D,YP,YU,D
15:00:00,PTBA,RG,3920,5,D,YP,YU,D
15:00:00,PTBA,RG,3920,2,D,XL,YU,D
15:00:00,PTBA,RG,3920,300,D,SQ,YU,D
15:00:00,PTBA,RG,3920,8,D,XC,YU,D
15:00:00,PTBA,RG,3920,1000,D,CC,YU,D
15:00:00,PTBA,RG,3920,1,D,YP,YU,D
15:00:00,PTBA,RG,3920,3,D,AZ,YU,D
15:00:00,PTBA,RG,3920,100,D,LG,YU,D
15:00:00,PTBA,RG,3920,1,D,XC,YU,D
15:00:00,PTBA,RG,3920,2,D,SQ,YU,D
15:00:00,PTBA,RG,3920,10,D,YP,YU,D
15:00:00,PTBA,RG,3920,4,D,NI,YU,D
15:00:00,PTBA,RG,3920,1,D,NI,YU,D
15:00:00,PTBA,RG,3920,2,D,DR,YU,D
15:00:00,PTBA,RG,3920,15,D,KK,YU,D
15:00:00,PTBA,RG,3920,5,D,SQ,YU,D
15:00:00,PTBA,RG,3920,40,D,GR,YU,D
15:00:00,PTBA,RG,3920,1,D,PD,YU,D
15:00:00,PTBA,RG,3920,10,D,XC,YU,D
15:00:00,PTBA,RG,3920,25,D,AZ,YU,D
15:00:00,PTBA,RG,3920,200,D,MG,YU,D
15:00:00,PTBA,RG,3920,1,D,PD,YU,D
15:00:00,PTBA,RG,3920,10,D,NI,YU,D
15:00:00,PTBA,RG,3920,1,D,SQ,YU,D
15:00:00,PTBA,RG,3920,5,D,PD,YU,D
15:00:00,PTBA,RG,3920,300,D,YB,YU,D
15:00:00,PTBA,RG,3920,4,D,XL,YU,D
15:00:00,PTBA,RG,3920,200,D,YP,YU,D
15:00:00,PTBA,RG,3920,50,D,GR,YU,D
15:00:00,PTBA,RG,3920,100,D,DH,YU,D
15:00:00,PTBA,RG,3920,3,D,YP,YU,D
15:00:00,PTBA,RG,3920,1,D,XC,YU,D
15:00:00,PTBA,RG,3920,1,D,PD,YU,D
15:00:00,PTBA,RG,3920,1,D,CC,YU,D
15:00:00,PTBA,RG,3920,150,D,OK,YU,D
15:00:00,PTBA,RG,3920,65,D,KI,YU,D
15:00:00,PTBA,RG,3920,25,D,YP,YU,D
15:00:00,PTBA,RG,3920,1,D,DH,YU,D
15:00:00,PTBA,RG,3920,1,D,OD,YU,D
15:00:00,PTBA,RG,3920,15,D,XC,YU,D
15:00:00,PTBA,RG,3920,5,D,LG,YU,D
15:00:00,PTBA,RG,3920,1,D,AZ,YU,D
15:00:00,PTBA,RG,3920,1,D,DH,YU,D
15:00:00,PTBA,RG,3920,250,D,GR,YU,D
15:00:00,PTBA,RG,3920,3,D,YP,YU,D
15:00:00,PTBA,RG,3920,26,D,OD,YU,D
15:00:00,PTBA,RG,3920,13,D,PD,YU,D
15:00:00,PTBA,RG,3920,1,D,PD,YU,D
15:00:00,PTBA,RG,3920,1,D,PD,YU,D
15:00:00,PTBA,RG,3920,25,D,XC,YU,D
15:00:00,PTBA,RG,3920,5,D,YP,YU,D
15:00:00,PTBA,RG,3920,30,D,XC,YU,D
15:00:00,PTBA,RG,3920,1,D,XC,YU,D
15:00:00,PTBA,RG,3920,1,D,XC,YU,D
15:00:00,PTBA,RG,3920,100,D,YP,YU,D
15:00:00,PTBA,RG,3920,10,D,CP,YU,D
15:00:00,PTBA,RG,3920,100,D,OD,YU,D
15:00:00,PTBA,RG,3920,5,D,PD,YU,D
15:00:00,PTBA,RG,3920,3,D,PD,YU,D
15:00:00,PTBA,RG,3920,3,D,XC,YU,D
15:00:00,PTBA,RG,3920,10,D,PD,YU,D
15:00:00,PTBA,RG,3920,1,D,XC,YU,D
15:00:00,PTBA,RG,3920,1,D,KK,YU,D
15:00:00,PTBA,RG,3920,10,D,CC,YU,D
15:00:00,PTBA,RG,3920,100,D,NI,YU,D
15:00:00,PTBA,RG,3920,10,D,YP,YU,D
15:00:00,PTBA,RG,3920,10,D,PD,YU,D
15:00:00,PTBA,RG,3920,20,D,PD,YU,D
15:00:00,PTBA,RG,3920,1,D,CC,YU,D
15:00:00,PTBA,RG,3920,15,D,XA,YU,D
15:00:00,PTBA,RG,3920,1,D,PD,YU,D
15:00:00,PTBA,RG,3920,7,D,CC,YU,D
15:00:00,PTBA,RG,3920,1,D,NI,YU,D
15:00:00,PTBA,RG,3920,1,D,XL,YU,D
15:00:00,PTBA,RG,3920,3,D,KK,YU,D
15:00:00,PTBA,RG,3920,1,D,PD,YU,D
15:00:00,PTBA,RG,3920,5,D,PD,YU,D
15:00:00,PTBA,RG,3920,2,D,XL,YU,D
15:00:00,PTBA,RG,3920,5,D,LG,YU,D
15:00:00,PTBA,RG,3920,5,D,KK,YU,D
15:00:00,PTBA,RG,3920,1,D,XC,YU,D
15:00:00,PTBA,RG,3920,30,D,AI,YU,D
15:00:00,PTBA,RG,3920,2,D,CC,YU,D
15:00:00,PTBA,RG,3920,1,D,PD,YU,D
15:00:00,PTBA,RG,3920,10,D,PD,YU,D
15:00:00,PTBA,RG,3920,5,D,PD,YU,D
15:00:00,PTBA,RG,3920,150,D,XL,YU,D
15:00:00,PTBA,RG,3920,2,D,NI,YU,D
15:00:00,PTBA,RG,3920,1,D,PD,YU,D
15:00:00,PTBA,RG,3920,5,D,YP,YU,D
15:00:00,PTBA,RG,3920,4,D,XL,YU,D
15:00:00,PTBA,RG,3920,1,D,PD,YU,D
15:00:00,PTBA,RG,3920,5,D,KK,YU,D
15:00:00,PTBA,RG,3920,10,D,GR,YU,D
15:00:00,PTBA,RG,3920,2,D,HP,YU,D
15:00:00,PTBA,RG,3920,1,D,PD,YU,D
15:00:00,PTBA,RG,3920,1,D,YP,YU,D
15:00:00,PTBA,RG,3920,30,D,GR,YU,D
15:00:00,PTBA,RG,3920,1,D,DH,YU,D
15:00:00,PTBA,RG,3920,10,D,YU,YU,D
15:00:00,PTBA,RG,3920,3,D,EP,YU,D
15:00:00,PTBA,RG,3920,10,D,GR,YU,D
15:00:00,PTBA,RG,3920,10,D,CC,YU,D
15:00:00,PTBA,RG,3920,766,D,YP,YU,D
15:00:00,PTBA,RG,3920,5,D,AG,YU,D
15:00:00,PTBA,RG,3920,100,D,SQ,YU,D
15:00:00,PTBA,RG,3920,1,D,XL,YU,D
15:00:00,PTBA,RG,3920,10,D,CC,YU,D
15:00:00,PTBA,RG,3920,30,D,YP,YU,D
15:00:00,PTBA,RG,3920,100,D,YP,YU,D
15:00:00,PTBA,RG,3920,1,D,XC,YU,D
15:00:00,PTBA,RG,3920,1,D,XC,YU,D
15:00:00,PTBA,RG,3920,5,D,XL,YU,D
15:00:00,PTBA,RG,3920,20,D,XC,YU,D
15:00:00,PTBA,RG,3920,5,D,KK,YU,D
15:00:00,PTBA,RG,3920,4,D,PD,YU,D
15:00:00,PTBA,RG,3920,1,D,PD,YP,D
15:00:00,PTBA,RG,3920,4,D,PD,YP,D
15:00:00,PTBA,RG,3920,5,D,DX,YP,D
15:00:00,PTBA,RG,3920,10,D,YP,YP,D
15:00:00,PTBA,RG,3920,1,D,KK,YP,D
15:00:00,PTBA,RG,3920,12,D,YP,YP,D
15:00:00,PTBA,RG,3920,3,D,NI,YP,D
15:00:00,PTBA,RG,3920,5,D,YP,YP,D
15:00:00,PTBA,RG,3920,59,D,YP,YP,D
15:00:00,PTBA,RG,3920,50,D,YP,YP,D
15:00:00,PTBA,RG,3920,28,D,YP,KK,D
15:00:00,PTBA,RG,3920,70,D,YP,YP,D
15:00:00,PTBA,RG,3920,577,D,YP,HD,D
15:00:00,PTBA,RG,3920,35,D,NI,HD,D
15:00:00,PTBA,RG,3920,11,D,PD,HD,D
15:00:00,PTBA,RG,3920,2,D,PD,HD,D
15:00:00,PTBA,RG,3920,5,D,IF,HD,D
15:00:00,PTBA,RG,3920,2,D,YP,HD,D
15:00:00,PTBA,RG,3920,10,D,YP,HD,D
15:00:00,PTBA,RG,3920,20,D,OD,HD,D
15:00:00,PTBA,RG,3920,1,D,NI,HD,D
15:00:00,PTBA,RG,3920,10,D,XL,HD,D
15:00:00,PTBA,RG,3920,15,D,GR,HD,D
15:00:00,PTBA,RG,3920,2,D,YP,HD,D
15:00:00,PTBA,RG,3920,5,D,YP,HD,D
15:00:00,PTBA,RG,3920,3,D,NI,HD,D
15:00:00,PTBA,RG,3920,100,D,DR,HD,D
15:00:00,PTBA,RG,3920,200,D,EP,HD,D
15:00:00,PTBA,RG,3920,20,D,YP,HD,D
15:00:00,PTBA,RG,3920,1,D,XC,HD,D
15:00:00,PTBA,RG,3920,5,D,YP,HD,D
15:00:00,PTBA,RG,3920,10,D,ZP,HD,D
15:00:00,PTBA,RG,3920,64,D,LG,HD,D
15:00:00,PTBA,RG,3920,3,D,PD,HD,D
15:00:00,PTBA,RG,3920,8,D,PD,HD,D
15:00:00,PTBA,RG,3920,1,D,XL,HD,D
15:00:00,PTBA,RG,3920,1,D,PD,HD,D
15:00:00,PTBA,RG,3920,10,D,CC,HD,D
15:00:00,PTBA,RG,3920,3,D,KK,HD,D
15:00:00,PTBA,RG,3920,1,D,CC,HD,D
15:00:00,PTBA,RG,3920,100,D,YP,HD,D
15:00:00,PTBA,RG,3920,1,D,XC,HD,D
15:00:00,PTBA,RG,3920,2,D,KK,HD,D
15:00:00,PTBA,RG,3920,1,D,CP,HD,D
15:00:00,PTBA,RG,3920,2,D,XL,HD,D
15:00:00,PTBA,RG,3920,7,D,CC,HD,D
15:00:00,PTBA,RG,3920,10,D,CC,HD,D
15:00:00,PTBA,RG,3920,3,D,NI,HD,D
15:00:00,PTBA,RG,3920,2,D,PD,HD,D
15:00:00,PTBA,RG,3920,20,D,XL,HD,D
15:00:00,PTBA,RG,3920,10,D,XC,HD,D
15:00:00,PTBA,RG,3920,1,D,SQ,HD,D
15:00:00,PTBA,RG,3920,1,D,XC,HD,D
15:00:00,PTBA,RG,3920,2,D,YB,HD,D
15:00:00,PTBA,RG,3920,1,D,YU,HD,D
15:00:00,PTBA,RG,3920,2,D,YP,HD,D
15:00:00,PTBA,RG,3920,5,D,KK,HD,D
15:00:00,PTBA,RG,3920,1,D,YP,HD,D
15:00:00,PTBA,RG,3920,150,D,XC,HD,D
15:00:00,PTBA,RG,3920,5,D,YP,HD,D
15:00:00,PTBA,RG,3920,35,D,PD,HD,D
15:00:00,PTBA,RG,3920,3,D,XC,HD,D
15:00:00,PTBA,RG,3920,14,D,XC,HD,D
15:00:00,PTBA,RG,3920,6,D,OD,HD,D
15:00:00,PTBA,RG,3920,7,D,XC,HD,D
15:00:00,PTBA,RG,3920,1,D,YP,HD,D
15:00:00,PTBA,RG,3920,20,D,GR,HD,D
15:00:00,PTBA,RG,3920,53,D,XL,HD,D
15:00:00,PTBA,RG,3920,10,D,CC,HD,D
15:00:00,PTBA,RG,3920,10,D,YP,HD,D
15:00:00,PTBA,RG,3920,5,D,XL,HD,D
15:00:00,PTBA,RG,3920,5,D,YP,HD,D
15:00:00,PTBA,RG,3920,10,D,PD,HD,D
15:00:00,PTBA,RG,3920,2,D,KK,HD,D
15:00:00,PTBA,RG,3920,5,D,TP,HD,D
15:00:00,PTBA,RG,3920,100,D,OD,HD,D
15:00:00,PTBA,RG,3920,7,D,XC,HD,D
15:00:00,PTBA,RG,3920,1,D,CC,HD,D
15:00:00,PTBA,RG,3920,2,D,XC,HD,D
15:00:00,PTBA,RG,3920,5,D,DH,HD,D
15:00:00,PTBA,RG,3920,1,D,PD,HD,D
15:00:00,PTBA,RG,3920,10,D,CC,HD,D
15:00:00,PTBA,RG,3920,1,D,YP,HD,D
15:00:00,PTBA,RG,3920,120,D,YP,HD,D
15:00:00,PTBA,RG,3920,25,D,YP,HD,D
15:00:00,PTBA,RG,3920,5,D,XL,HD,D
15:00:00,PTBA,RG,3920,1,D,YP,HD,D
15:00:00,PTBA,RG,3920,2,D,XC,HD,D
15:00:00,PTBA,RG,3920,39,D,XC,HD,D
15:00:00,PTBA,RG,3920,10,D,NI,HD,D
15:00:00,PTBA,RG,3920,1,D,XC,HD,D
15:00:00,PTBA,RG,3920,26,D,NI,HD,D
15:00:00,PTBA,RG,3920,12,D,YP,HD,D
15:00:00,PTBA,RG,3920,1,D,XC,HD,D
15:00:00,PTBA,RG,3920,5,D,LG,HD,D
15:00:00,PTBA,RG,3920,3,D,XC,HD,D
15:00:00,PTBA,RG,3920,5,D,PD,HD,D
15:00:00,PTBA,RG,3920,2,D,DH,HD,D
15:00:00,PTBA,RG,3920,10,D,PD,HD,D
15:00:00,PTBA,RG,3920,142,D,XC,HD,D
15:00:00,PTBA,RG,3920,1,D,PD,HD,D
15:00:00,PTBA,RG,3920,2,D,NI,HD,D
15:00:00,PTBA,RG,3920,100,D,PD,HD,D
15:00:00,PTBA,RG,3920,100,D,NI,HD,D
15:00:00,PTBA,RG,3920,1,D,XC,HD,D
15:00:00,PTBA,RG,3920,2,D,LG,HD,D
15:00:00,PTBA,RG,3920,10,D,DR,HD,D
15:00:00,PTBA,RG,3920,2,D,YP,HD,D
15:00:00,PTBA,RG,3920,2,D,XC,HD,D
15:00:00,PTBA,RG,3920,100,D,OD,HD,D
15:00:00,PTBA,RG,3920,100,D,PD,HD,D
15:00:00,PTBA,RG,3920,1,D,YP,HD,D
15:00:00,PTBA,RG,3920,1,D,PD,HD,D
15:00:00,PTBA,RG,3920,126,D,YP,HD,D
15:00:00,PTBA,RG,3920,2,D,XC,HD,D
15:00:00,PTBA,RG,3920,5,D,NI,HD,D
15:00:00,PTBA,RG,3920,5,D,XC,HD,D
15:00:00,PTBA,RG,3920,50,D,YB,HD,D
15:00:00,PTBA,RG,3920,1,D,KK,HD,D
15:00:00,PTBA,RG,3920,20,D,DR,HD,D
15:00:00,PTBA,RG,3920,10,D,PD,HD,D
15:00:00,PTBA,RG,3920,10,D,YP,HD,D
15:00:00,PTBA,RG,3920,10,D,GR,HD,D
15:00:00,PTBA,RG,3920,29,D,PD,HD,D
15:00:00,PTBA,RG,3920,1,D,NI,HD,D
15:00:00,PTBA,RG,3920,50,D,DR,HD,D
15:00:00,PTBA,RG,3920,25,D,NI,HD,D
15:00:00,PTBA,RG,3920,15,D,PD,HD,D
15:00:00,PTBA,RG,3920,10,D,EP,HD,D
15:00:00,PTBA,RG,3920,25,D,SQ,HD,D
15:00:00,PTBA,RG,3920,1,D,KK,HD,D
15:00:00,PTBA,RG,3920,50,D,DR,HD,D
15:00:00,PTBA,RG,3920,1,D,YP,HD,D
15:00:00,PTBA,RG,3920,1,D,XC,HD,D
15:00:00,PTBA,RG,3920,1,D,YP,HD,D
15:00:00,PTBA,RG,3920,1,D,CC,HD,D
15:00:00,PTBA,RG,3920,5,D,AZ,HD,D
15:00:00,PTBA,RG,3920,3,D,XL,HD,D
15:00:00,PTBA,RG,3920,1,D,PD,HD,D
15:00:00,PTBA,RG,3920,1,D,XC,HD,D
15:00:00,PTBA,RG,3920,2,D,NI,HD,D
15:00:00,PTBA,RG,3920,1,D,XC,HD,D
15:00:00,PTBA,RG,3920,100,D,GR,HD,D
15:00:00,PTBA,RG,3920,1,D,YP,HD,D
15:00:00,PTBA,RG,3920,3842,D,SQ,HD,D
15:00:00,PTBA,RG,3920,287,D,SQ,YP,D
15:00:00,PTBA,RG,3920,2,D,SQ,HP,D
15:00:00,PTBA,RG,3920,10,D,SQ,KK,D
15:00:00,PTBA,RG,3920,20,D,SQ,AZ,D
15:00:00,PTBA,RG,3920,264,D,SQ,AZ,D
15:00:00,PTBA,RG,3920,838,D,SQ,AZ,D
15:00:00,PTBA,RG,3920,545,D,SQ,AZ,D
15:00:00,PTBA,RG,3920,836,D,SQ,AZ,D
15:00:00,PTBA,RG,3920,350,D,SQ,AZ,D
15:00:00,PTBA,RG,3920,892,D,SQ,AZ,D
15:00:00,PTBA,RG,3920,219,D,SQ,AZ,D
15:00:00,PTBA,RG,3920,164,D,SQ,AZ,D
15:00:00,PTBA,RG,3920,265,D,SQ,AZ,D
15:00:00,PTBA,RG,3920,165,D,SQ,AZ,D
15:00:00,PTBA,RG,3920,186,D,SQ,AZ,D
15:00:00,PTBA,RG,3920,1,D,YP,AZ,D
15:00:00,PTBA,RG,3920,10,D,OD,AZ,D
15:00:00,PTBA,RG,3920,9,D,XC,AZ,D
15:00:00,PTBA,RG,3920,1,D,NI,AZ,D
15:00:00,PTBA,RG,3920,5,D,NI,AZ,D
15:00:00,PTBA,RG,3920,1,D,YP,AZ,D
15:00:00,PTBA,RG,3920,19,D,XC,AZ,D
15:00:00,PTBA,RG,3920,6,D,YP,AZ,D
15:00:00,PTBA,RG,3920,616,D,CD,AZ,D
15:00:00,PTBA,RG,3920,336,D,CD,AZ,D
15:00:00,PTBA,RG,3920,890,D,CD,AZ,D
15:00:00,PTBA,RG,3920,785,D,CD,AZ,D
15:00:00,PTBA,RG,3920,315,D,CD,AZ,D
15:00:00,PTBA,RG,3920,164,D,CD,AZ,D
15:00:00,PTBA,RG,3920,344,D,CD,AZ,D
15:00:00,PTBA,RG,3920,1,D,CP,AZ,D
15:00:00,PTBA,RG,3920,20,D,SQ,AZ,D
15:00:00,PTBA,RG,3920,1,D,XC,AZ,D
15:00:00,PTBA,RG,3920,1,D,PD,AZ,D
15:00:00,PTBA,RG,3920,1,D,XC,AZ,D
15:00:00,PTBA,RG,3920,242,D,GR,AZ,D
15:00:00,PTBA,RG,3920,58,D,GR,AZ,D
15:00:00,PTBA,RG,3920,50,D,DH,AZ,D
15:00:00,PTBA,RG,3920,3,D,PD,AZ,D
15:00:00,PTBA,RG,3920,2,D,XL,AZ,D
15:00:00,PTBA,RG,3920,50,D,NI,AZ,D
15:00:00,PTBA,RG,3920,27,D,XC,AZ,D
15:00:00,PTBA,RG,3920,10,D,CC,AZ,D
15:00:00,PTBA,RG,3920,10,D,NI,AZ,D
15:00:00,PTBA,RG,3920,3,D,XC,AZ,D
15:00:00,PTBA,RG,3920,1,D,SQ,AZ,D
15:00:00,PTBA,RG,3920,5,D,YP,AZ,D
15:00:00,PTBA,RG,3920,2,D,XC,AZ,D
15:00:00,PTBA,RG,3920,4,D,XC,AZ,D
15:00:00,PTBA,RG,3920,1,D,YP,AZ,D
15:00:00,PTBA,RG,3920,1,D,YP,AZ,D
15:00:00,PTBA,RG,3920,10,D,PC,AZ,D
15:00:00,PTBA,RG,3920,2,D,PD,AZ,D
15:00:00,PTBA,RG,3920,10,D,CD,AZ,D
15:00:00,PTBA,RG,3920,90,D,OD,AZ,D
15:00:00,PTBA,RG,3920,25,D,XA,AZ,D
15:00:00,PTBA,RG,3920,2,D,MG,AZ,D
15:00:00,PTBA,RG,3920,1,D,DH,AZ,D
15:00:00,PTBA,RG,3920,10,D,NI,AZ,D
15:00:00,PTBA,RG,3920,8,D,MG,AZ,D
15:00:00,PTBA,RG,3920,52,D,MG,AZ,D
15:00:00,PTBA,RG,3920,5,D,CC,AZ,D
15:00:00,PTBA,RG,3920,10,D,DR,AZ,D
15:00:00,PTBA,RG,3920,12,D,NI,AZ,D
15:00:00,PTBA,RG,3920,30,D,KK,AZ,D
15:00:00,PTBA,RG,3920,10,D,YP,AZ,D
15:00:00,PTBA,RG,3920,20,D,CD,AZ,D
15:00:00,PTBA,RG,3920,12,D,YP,AZ,D
15:00:00,PTBA,RG,3920,40,D,BQ,AZ,D
15:00:00,PTBA,RG,3920,3,D,IF,AZ,D
15:00:00,PTBA,RG,3920,1,D,XL,AZ,D
15:00:00,PTBA,RG,3920,487,D,HD,AZ,D
15:00:00,PTBA,RG,3920,182,D,HD,AZ,D
15:00:00,PTBA,RG,3920,675,D,HD,AZ,D
15:00:00,PTBA,RG,3920,384,D,HD,AZ,D
15:00:00,PTBA,RG,3920,175,D,HD,AZ,D
15:00:00,PTBA,RG,3920,257,D,HD,AZ,D
15:00:00,PTBA,RG,3920,334,D,HD,AZ,D
15:00:00,PTBA,RG,3920,94,D,HD,AZ,D
15:00:00,PTBA,RG,3920,524,D,HD,AZ,D
15:00:00,PTBA,RG,3920,534,D,HD,AZ,D
15:00:00,PTBA,RG,3920,266,D,HD,AZ,D
15:00:00,PTBA,RG,3920,216,D,HD,AZ,D
15:00:00,PTBA,RG,3920,889,D,HD,AZ,D
15:00:00,PTBA,RG,3920,403,D,HD,AZ,D
15:00:00,PTBA,RG,3920,730,D,HD,AZ,D
15:00:00,PTBA,RG,3920,506,D,HD,AZ,D
15:00:00,PTBA,RG,3920,69,D,HD,AZ,D
15:00:00,PTBA,RG,3920,275,D,HD,AZ,D
15:00:00,PTBA,RG,3920,12,D,XL,AZ,D
15:00:00,PTBA,RG,3920,2,D,NI,AZ,D
15:00:00,PTBA,RG,3920,1,D,CC,AZ,D
15:00:00,PTBA,RG,3920,100,D,NI,AZ,D
15:00:00,PTBA,RG,3920,1,D,PD,AZ,D
15:00:00,PTBA,RG,3920,470,F,YU,AZ,D
15:00:00,PTBA,RG,3920,180,F,YU,AZ,D
15:00:00,PTBA,RG,3920,903,F,YU,AZ,D
15:00:00,PTBA,RG,3920,447,F,YU,AZ,D
15:00:00,PTBA,RG,3920,1,D,PD,AZ,D
15:00:00,PTBA,RG,3920,221,F,ZP,AZ,D
15:00:00,PTBA,RG,3920,53,F,ZP,AZ,D
15:00:00,PTBA,RG,3920,132,F,AK,AZ,D
15:00:00,PTBA,RG,3920,13,F,BK,AZ,D
15:00:00,PTBA,RG,3920,273,F,DX,AZ,D
15:00:00,PTBA,RG,3920,327,F,DX,AZ,D
15:00:00,PTBA,RG,3920,763,F,DX,AZ,D
15:00:00,PTBA,RG,3920,29,F,DX,AZ,D
15:00:00,PTBA,RG,3920,32,F,DX,CC,D
15:00:00,PTBA,RG,3920,24,F,DX,DH,D
15:00:00,PTBA,RG,3920,140,F,DX,KZ,D
15:00:00,PTBA,RG,3920,1241,F,DX,CS,D
15:00:00,PTBA,RG,3920,352,F,DX,CS,D
15:00:00,PTBA,RG,3920,72,F,DX,CS,D
15:00:00,PTBA,RG,3920,51,F,DX,AK,F
15:00:00,PTBA,RG,3920,8,F,DX,AK,F
15:00:00,PTBA,RG,3920,57,F,DX,AK,F
15:00:00,PTBA,RG,3920,12,F,DX,AK,F
15:00:00,PTBA,RG,3920,1688,F,DX,BK,F
15:00:00,PTBA,RG,3920,939,F,DX,KZ,D
15:00:00,PTBA,RG,3920,19,F,DX,KZ,D
15:00:00,PTBA,RG,3920,12,F,DX,KZ,D
15:00:00,PTBA,RG,3920,67,D,AK,KZ,D
15:00:00,PTBA,RG,3920,1230,D,BB,KZ,D
15:00:00,PTBA,RG,3920,170,D,BB,KZ,D
15:00:00,PTBA,RG,3920,11,D,CC,KZ,D
15:00:00,PTBA,RG,3920,515,D,CC,KZ,D
15:00:00,PTBA,RG,3920,2,D,CC,KZ,D
15:00:00,PTBA,RG,3920,185,D,DX,KZ,D
15:00:00,PTBA,RG,3920,118,D,DX,AK,F
15:00:00,PTBA,RG,3920,5,D,DX,AK,F
15:00:00,PTBA,RG,3920,44,D,DX,AK,F
15:00:00,PTBA,RG,3920,35,D,DX,YU,D
15:00:00,PTBA,RG,3920,306,D,DX,LG,D
15:00:00,PTBA,RG,3920,485,D,DP,LG,D
14:49:56,PTBA,RG,3940,5,D,AG,SQ,D
14:49:54,PTBA,RG,3930,109,D,YP,YP,D
14:49:54,PTBA,RG,3930,2,D,YP,YP,D
14:49:54,PTBA,RG,3930,3,D,PD,YP,D
14:49:54,PTBA,RG,3930,86,D,YP,YP,D
14:49:54,PTBA,RG,3940,1,D,XC,SQ,D
14:49:52,PTBA,RG,3940,5,D,NI,SQ,D
14:49:52,PTBA,RG,3940,11,F,DX,SQ,D
14:49:52,PTBA,RG,3940,20,F,DX,YP,D
14:49:52,PTBA,RG,3940,5,F,DX,YU,D
14:49:52,PTBA,RG,3940,111,F,DX,NI,D
14:49:52,PTBA,RG,3940,60,F,DX,CP,D
14:49:48,PTBA,RG,3930,81,D,YP,GR,D
14:49:46,PTBA,RG,3930,44,D,YP,KZ,D
14:49:45,PTBA,RG,3930,1,D,YP,AK,F
14:49:45,PTBA,RG,3930,5,D,YP,AK,F
14:49:45,PTBA,RG,3930,2,D,YP,AK,F
14:49:45,PTBA,RG,3930,1,D,YP,AK,F
14:49:45,PTBA,RG,3930,1,D,YP,AK,F
14:49:44,PTBA,RG,3930,1,D,YP,BB,D
14:49:44,PTBA,RG,3930,1,D,YP,BB,D
14:49:43,PTBA,RG,3940,36,F,DX,CP,D
14:49:42,PTBA,RG,3930,1,D,YP,BB,D
14:49:42,PTBA,RG,3930,1,D,YP,BB,D
14:49:42,PTBA,RG,3930,1,D,YP,BB,D
14:49:42,PTBA,RG,3940,132,F,DX,CP,D
14:49:41,PTBA,RG,3930,1,D,YP,BB,D
14:49:40,PTBA,RG,3930,10,D,YP,PD,D
14:49:39,PTBA,RG,3930,1,D,YP,BB,D
14:49:39,PTBA,RG,3930,1,D,YP,BB,D
14:49:37,PTBA,RG,3930,3,D,YP,AT,D
14:49:37,PTBA,RG,3930,1,D,YP,BB,D
14:49:35,PTBA,RG,3940,69,F,DX,CP,D
14:49:34,PTBA,RG,3930,1,D,YP,BB,D
14:49:33,PTBA,RG,3940,5,D,PD,CP,D
14:49:32,PTBA,RG,3940,10,D,NI,CP,D
14:49:31,PTBA,RG,3930,706,D,YP,KI,D
14:49:31,PTBA,RG,3930,5,D,XC,KI,D
14:49:31,PTBA,RG,3930,5,D,KK,KI,D
14:49:31,PTBA,RG,3930,1,D,PD,KI,D
14:49:31,PTBA,RG,3930,8,D,YP,KI,D
14:49:31,PTBA,RG,3930,10,D,YP,KI,D
14:49:31,PTBA,RG,3930,1,D,XC,KI,D
14:49:31,PTBA,RG,3930,50,D,HP,KI,D
14:49:31,PTBA,RG,3930,1,D,PD,KI,D
14:49:31,PTBA,RG,3930,18,D,YP,KI,D
14:49:31,PTBA,RG,3930,1,D,DR,KI,D
14:49:31,PTBA,RG,3930,2,D,XL,KI,D
14:49:31,PTBA,RG,3930,1,D,PD,KI,D
14:49:31,PTBA,RG,3930,1,D,PD,KI,D
14:49:31,PTBA,RG,3930,6,D,PD,KI,D
14:49:31,PTBA,RG,3930,3,D,YP,KI,D
14:49:31,PTBA,RG,3930,1,D,NI,KI,D
14:49:31,PTBA,RG,3930,5,D,CC,KI,D
14:49:31,PTBA,RG,3930,4,D,PD,KI,D
14:49:31,PTBA,RG,3930,7,D,CC,KI,D
14:49:31,PTBA,RG,3930,2,D,CC,KI,D
14:49:31,PTBA,RG,3930,1,D,NI,KI,D
14:49:31,PTBA,RG,3930,4,D,XL,KI,D
14:49:31,PTBA,RG,3930,1,D,XC,KI,D
14:49:31,PTBA,RG,3930,1,D,PD,KI,D
14:49:31,PTBA,RG,3930,2,D,XC,KI,D
14:49:30,PTBA,RG,3930,1,D,XC,AK,F
14:49:30,PTBA,RG,3930,1,D,YU,AK,F
14:49:30,PTBA,RG,3940,3,D,KK,CP,D
14:49:28,PTBA,RG,3940,1,D,XC,CP,D
14:49:27,PTBA,RG,3940,5,D,PD,CP,D
14:49:26,PTBA,RG,3930,49,D,YU,BK,F
14:49:26,PTBA,RG,3930,1,D,PD,BK,F
14:49:26,PTBA,RG,3930,1,D,XL,BK,F
14:49:26,PTBA,RG,3930,10,D,PD,BK,F
14:49:26,PTBA,RG,3930,1,D,NI,BK,F
14:49:26,PTBA,RG,3930,10,D,LG,BK,F
14:49:26,PTBA,RG,3930,5,D,OD,BK,F
14:49:26,PTBA,RG,3930,1,D,DH,BK,F
14:49:26,PTBA,RG,3930,35,D,SQ,BK,F
14:49:23,PTBA,RG,3930,5,D,SQ,SQ,D
14:49:22,PTBA,RG,3940,100,D,CC,CP,D
14:49:22,PTBA,RG,3930,10,D,SQ,KZ,D
14:49:22,PTBA,RG,3930,150,D,OD,KZ,D
14:49:22,PTBA,RG,3930,98,F,CC,KZ,D
14:49:22,PTBA,RG,3930,1,D,PD,KZ,D
14:49:19,PTBA,RG,3930,7,D,OD,AZ,D
14:49:18,PTBA,RG,3930,2,D,OD,XC,D
14:49:18,PTBA,RG,3930,1,D,YP,XC,D
14:49:18,PTBA,RG,3930,1,D,XC,XC,D
14:49:18,PTBA,RG,3930,2,D,YP,XC,D
14:49:18,PTBA,RG,3930,2,D,AT,XC,D
14:49:18,PTBA,RG,3930,7,D,NI,XC,D
14:49:18,PTBA,RG,3930,25,D,PD,XC,D
14:49:18,PTBA,RG,3930,21,D,YP,XC,D
14:49:18,PTBA,RG,3930,1,D,XL,XC,D
14:49:18,PTBA,RG,3930,3,D,YP,XC,D
14:49:18,PTBA,RG,3930,20,D,DR,XC,D
14:49:18,PTBA,RG,3930,30,D,CP,XC,D
14:49:16,PTBA,RG,3940,1,D,PD,CP,D
14:49:14,PTBA,RG,3940,5,D,XL,CP,D
14:49:14,PTBA,RG,3930,6,D,CP,PD,D
14:49:13,PTBA,RG,3940,1,D,PD,CP,D
14:49:09,PTBA,RG,3940,457,D,YP,CP,D
14:49:09,PTBA,RG,3940,37,F,DX,CP,D
14:49:08,PTBA,RG,3930,14,D,CP,OD,D
14:49:08,PTBA,RG,3930,5,D,SQ,OD,D
14:49:08,PTBA,RG,3930,3,D,PD,OD,D
14:49:08,PTBA,RG,3930,5,D,NI,OD,D
14:49:08,PTBA,RG,3930,5,D,NI,OD,D
14:49:08,PTBA,RG,3930,2,D,XC,OD,D
14:49:08,PTBA,RG,3930,5,D,PD,OD,D
14:49:08,PTBA,RG,3930,4,D,PD,OD,D
14:49:08,PTBA,RG,3930,7,D,XC,OD,D
14:49:07,PTBA,RG,3930,20,D,XC,PD,D
14:49:07,PTBA,RG,3940,10,D,CC,CP,D
14:49:06,PTBA,RG,3940,10,D,PD,CP,D
14:49:03,PTBA,RG,3930,24,D,XC,BK,F
14:49:03,PTBA,RG,3930,5,D,CC,BK,F
14:49:03,PTBA,RG,3940,4,D,PD,CP,D
14:49:01,PTBA,RG,3940,1,D,YP,CP,D
14:49:00,PTBA,RG,3940,31,F,DX,CP,D
14:49:00,PTBA,RG,3930,8,D,CC,PD,D
14:49:00,PTBA,RG,3930,2,D,CC,BK,F
14:49:00,PTBA,RG,3930,40,D,CC,BK,F
14:49:00,PTBA,RG,3930,30,D,XC,BK,F
14:49:00,PTBA,RG,3930,3,D,XC,BK,F
14:49:00,PTBA,RG,3930,10,D,DH,BK,F
14:49:00,PTBA,RG,3930,15,D,YP,BK,F
14:49:00,PTBA,RG,3930,50,D,LG,BK,F
14:49:00,PTBA,RG,3930,3,D,GR,BK,F
14:49:00,PTBA,RG,3930,1,D,XL,BK,F
14:49:00,PTBA,RG,3930,1,D,NI,BK,F
14:49:00,PTBA,RG,3930,10,D,PD,BK,F
14:49:00,PTBA,RG,3930,1,D,XC,BK,F
14:49:00,PTBA,RG,3930,5,D,XC,BK,F
14:49:00,PTBA,RG,3930,10,D,CC,BK,F
14:49:00,PTBA,RG,3930,2,D,XL,BK,F
14:49:00,PTBA,RG,3930,39,D,PD,BK,F
14:49:00,PTBA,RG,3930,5,D,YP,BK,F
14:49:00,PTBA,RG,3930,1,D,YP,BK,F
14:49:00,PTBA,RG,3930,1,D,PD,BK,F
14:49:00,PTBA,RG,3930,50,D,CC,BK,F
14:49:00,PTBA,RG,3930,70,D,EP,BK,F
14:49:00,PTBA,RG,3930,18,D,DH,BK,F
14:48:57,PTBA,RG,3940,3,D,XC,CP,D
14:48:56,PTBA,RG,3930,32,D,DH,BK,F
14:48:55,PTBA,RG,3940,1,D,NI,CP,D
14:48:52,PTBA,RG,3930,29,D,DH,BK,F
14:48:51,PTBA,RG,3940,1,D,NI,CP,D
14:48:51,PTBA,RG,3930,21,D,DH,YP,D
14:48:51,PTBA,RG,3930,25,D,KK,YP,D
14:48:51,PTBA,RG,3930,7,D,NI,YP,D
14:48:51,PTBA,RG,3930,5,D,CC,YP,D
14:48:51,PTBA,RG,3930,1,D,PD,YP,D
14:48:51,PTBA,RG,3930,5,D,PD,YP,D
14:48:51,PTBA,RG,3930,25,D,PD,YP,D
14:48:51,PTBA,RG,3930,28,D,AZ,YP,D
14:48:51,PTBA,RG,3930,1,D,YP,YP,D
14:48:51,PTBA,RG,3930,1,D,XC,YP,D
14:48:51,PTBA,RG,3930,3,D,CC,YP,D
14:48:51,PTBA,RG,3930,19,D,KK,YP,D
14:48:51,PTBA,RG,3930,2,D,CC,YP,D
14:48:51,PTBA,RG,3930,100,F,EP,YP,D
14:48:51,PTBA,RG,3930,1,D,XA,YP,D
14:48:51,PTBA,RG,3930,6,D,CC,YP,D
14:48:50,PTBA,RG,3940,5,D,PD,CP,D
14:48:50,PTBA,RG,3940,30,D,YP,CP,D
14:48:50,PTBA,RG,3940,70,D,NI,CP,D
14:48:48,PTBA,RG,3940,5,D,KK,CP,D
14:48:47,PTBA,RG,3940,1,D,AZ,CP,D
14:48:46,PTBA,RG,3930,1,D,CC,XC,D
14:48:44,PTBA,RG,3940,3,D,PD,CP,D
14:48:43,PTBA,RG,3940,1,D,PD,CP,D
14:48:42,PTBA,RG,3930,3,D,CC,KZ,D
14:48:42,PTBA,RG,3930,1,D,XL,KZ,D
14:48:42,PTBA,RG,3930,1,D,NI,KZ,D
14:48:42,PTBA,RG,3940,10,D,XL,CP,D
14:48:40,PTBA,RG,3940,5,D,NI,CP,D
14:48:40,PTBA,RG,3940,5,D,PD,CP,D
14:48:40,PTBA,RG,3940,127,F,DX,CP,D
14:48:40,PTBA,RG,3940,2,D,NI,CP,D
14:48:40,PTBA,RG,3940,76,D,YP,CP,D
14:48:40,PTBA,RG,3940,2,D,PD,CP,D
14:48:40,PTBA,RG,3940,5,D,EP,CP,D
14:48:40,PTBA,RG,3940,6,D,XC,CP,D
14:48:40,PTBA,RG,3940,1,D,KK,CP,D
14:48:40,PTBA,RG,3940,2,D,XL,CP,D
14:48:40,PTBA,RG,3940,2,D,CC,CP,D
14:48:40,PTBA,RG,3940,5,D,PO,CP,D
14:48:40,PTBA,RG,3940,1,D,PD,CP,D
14:48:40,PTBA,RG,3940,100,D,DH,CP,D
14:48:40,PTBA,RG,3940,250,D,OD,CP,D
14:48:40,PTBA,RG,3940,2,D,SQ,CP,D
14:48:40,PTBA,RG,3940,301,F,DX,CP,D
14:48:38,PTBA,RG,3940,55,F,DX,KZ,D
14:48:38,PTBA,RG,3940,6,F,DX,KZ,D
14:48:38,PTBA,RG,3940,190,F,DX,KZ,D
14:48:38,PTBA,RG,3940,3,D,YP,KZ,D
14:48:38,PTBA,RG,3940,2,D,CC,KZ,D
14:48:38,PTBA,RG,3940,13,D,PD,KZ,D
14:48:38,PTBA,RG,3940,3,D,PD,KZ,D
14:48:37,PTBA,RG,3940,100,D,SQ,YP,D
14:48:37,PTBA,RG,3940,3,D,DR,PD,D
14:48:34,PTBA,RG,3950,3,D,XC,CP,D
14:48:34,PTBA,RG,3950,4,D,PD,CP,D
14:48:30,PTBA,RG,3940,17,D,DR,YP,D
14:48:30,PTBA,RG,3940,5,D,XL,YP,D
14:48:30,PTBA,RG,3940,20,D,CD,YP,D
14:48:30,PTBA,RG,3940,26,D,DH,YP,D
14:48:30,PTBA,RG,3940,32,D,YP,YP,D
14:48:26,PTBA,RG,3940,204,D,YP,YP,D
14:48:25,PTBA,RG,3940,64,D,YP,CC,D
14:48:25,PTBA,RG,3940,1,D,XC,CC,D
14:48:25,PTBA,RG,3940,1,D,XC,CC,D
14:48:25,PTBA,RG,3940,1,D,XC,CC,D
14:48:25,PTBA,RG,3940,10,D,CC,CC,D
14:48:25,PTBA,RG,3940,1,D,XC,CC,D
14:48:25,PTBA,RG,3940,8,D,BQ,CC,D
14:48:25,PTBA,RG,3940,3,D,LG,CC,D
14:48:25,PTBA,RG,3940,10,D,OD,CC,D
14:48:25,PTBA,RG,3940,5,D,NI,CC,D
14:48:25,PTBA,RG,3940,25,D,XC,CC,D
14:48:25,PTBA,RG,3940,2,D,XL,CC,D
14:48:25,PTBA,RG,3940,69,D,CC,CC,D
14:48:24,PTBA,RG,3940,3,D,CC,YP,D
14:48:22,PTBA,RG,3940,3,D,CC,XC,D
14:48:22,PTBA,RG,3940,8,D,CC,CC,D
14:48:19,PTBA,RG,3940,10,D,CC,YP,D
14:48:19,PTBA,RG,3940,7,D,CC,DR,D
14:48:19,PTBA,RG,3940,1,D,PD,DR,D
14:48:19,PTBA,RG,3940,2,F,DX,DR,D
14:48:18,PTBA,RG,3940,1000,F,DX,DH,D
14:48:17,PTBA,RG,3950,6,D,GR,CP,D
14:48:16,PTBA,RG,3940,8,F,DX,CC,D
14:48:13,PTBA,RG,3940,8,F,DX,PD,D
14:48:10,PTBA,RG,3940,12,F,DX,NI,D
14:48:07,PTBA,RG,3940,288,F,DX,KZ,D
14:48:03,PTBA,RG,3940,222,F,DX,KZ,D
14:48:02,PTBA,RG,3950,2,D,YP,CP,D
14:48:02,PTBA,RG,3950,3,D,CC,CP,D
14:48:00,PTBA,RG,3940,627,F,DX,YP,D
14:48:00,PTBA,RG,3940,11,D,YP,YP,D
14:48:00,PTBA,RG,3940,362,F,DX,YP,D
14:47:59,PTBA,RG,3940,1,F,DX,CC,D
14:47:58,PTBA,RG,3940,1,F,DX,CC,D
14:47:55,PTBA,RG,3940,1,F,DX,PD,D
14:47:52,PTBA,RG,3940,54,F,DX,KZ,D
14:47:49,PTBA,RG,3950,20,D,OD,CP,D
14:47:47,PTBA,RG,3940,107,F,DX,NI,D
14:47:47,PTBA,RG,3940,43,D,OD,NI,D
14:47:45,PTBA,RG,3940,7,D,OD,BQ,D
14:47:45,PTBA,RG,3940,5,D,CC,BQ,D
14:47:45,PTBA,RG,3940,1012,F,DX,BQ,D
14:47:45,PTBA,RG,3940,26,D,KK,BQ,D
14:47:45,PTBA,RG,3940,30,D,DH,BQ,D
14:47:45,PTBA,RG,3940,5,D,YP,BQ,D
14:47:45,PTBA,RG,3940,1,D,XL,BQ,D
14:47:45,PTBA,RG,3940,3,D,PD,BQ,D
14:47:45,PTBA,RG,3940,1,D,YP,BQ,D
14:47:45,PTBA,RG,3940,4,D,XC,BQ,D
14:47:45,PTBA,RG,3940,10,D,PD,BQ,D
14:47:45,PTBA,RG,3940,30,D,CC,BQ,D
14:47:45,PTBA,RG,3940,1,D,XC,BQ,D
14:47:45,PTBA,RG,3940,1,D,PD,BQ,D
14:47:45,PTBA,RG,3940,25,D,PD,BQ,D
14:47:45,PTBA,RG,3940,1,D,SQ,BQ,D
14:47:45,PTBA,RG,3940,150,F,DX,BQ,D
14:47:42,PTBA,RG,3950,176,F,DX,CP,D
14:47:41,PTBA,RG,3940,300,F,DX,NI,D
14:47:41,PTBA,RG,3940,144,F,DX,YP,D
14:47:41,PTBA,RG,3940,6,D,KK,YP,D
14:47:40,PTBA,RG,3950,158,F,DX,CP,D
14:47:40,PTBA,RG,3950,4,F,DX,YP,D
14:47:40,PTBA,RG,3950,117,F,DX,CS,D
14:47:40,PTBA,RG,3950,359,F,DX,CS,D
14:47:40,PTBA,RG,3950,23,F,DX,CS,D
14:47:40,PTBA,RG,3950,5,F,DX,KK,D
14:47:40,PTBA,RG,3950,3,F,DX,SQ,D
14:47:40,PTBA,RG,3950,10,F,DX,LG,D
14:47:40,PTBA,RG,3950,6,F,DX,XL,D
14:47:40,PTBA,RG,3950,10,F,DX,AZ,D
14:47:40,PTBA,RG,3950,5,F,DX,PD,D
14:47:40,PTBA,RG,3950,15,F,DX,XC,D
14:47:40,PTBA,RG,3950,14,F,DX,XL,D
14:47:40,PTBA,RG,3950,10,F,DX,YP,D
14:47:40,PTBA,RG,3950,50,F,DX,DH,D
14:47:40,PTBA,RG,3950,4,F,DX,GR,D
14:47:40,PTBA,RG,3950,50,F,DX,DH,D
14:47:40,PTBA,RG,3950,1,F,DX,XC,D
14:47:40,PTBA,RG,3950,2,F,DX,CC,D
14:47:40,PTBA,RG,3950,2,F,DX,PD,D
14:47:40,PTBA,RG,3950,5,F,DX,XC,D
14:47:40,PTBA,RG,3950,10,F,DX,PD,D
14:47:40,PTBA,RG,3950,5,F,DX,XC,D
14:47:38,PTBA,RG,3940,10,D,KK,XL,D
14:47:37,PTBA,RG,3940,15,D,KK,PD,D
14:47:37,PTBA,RG,3940,10,D,KK,CC,D
14:47:34,PTBA,RG,3940,9,D,KK,XC,D
14:47:34,PTBA,RG,3940,1,D,SQ,XC,D
14:47:34,PTBA,RG,3940,49,D,SQ,DH,D
14:47:34,PTBA,RG,3940,1,D,XL,DH,D
14:47:32,PTBA,RG,3940,1,D,XC,PD,D
14:47:25,PTBA,RG,3940,5,D,XC,YP,D
14:47:09,PTBA,RG,3940,3,D,XC,PD,D
14:47:08,PTBA,RG,3940,1,D,GR,PD,D
14:47:08,PTBA,RG,3940,396,D,MG,PD,D
14:47:08,PTBA,RG,3940,1,D,MG,AK,F
14:47:08,PTBA,RG,3940,95,D,MG,ZP,D
14:47:08,PTBA,RG,3940,80,D,MG,NI,D
14:47:08,PTBA,RG,3940,7,D,MG,AK,F
14:47:08,PTBA,RG,3940,5,D,MG,BB,D
14:47:08,PTBA,RG,3940,34,D,MG,BB,D
14:47:08,PTBA,RG,3940,162,D,MG,BB,D
14:47:08,PTBA,RG,3940,29,D,MG,BB,D
14:47:08,PTBA,RG,3940,122,D,MG,BB,D
14:47:08,PTBA,RG,3940,355,D,MG,BB,D
14:47:08,PTBA,RG,3940,16,D,MG,BB,D
14:47:08,PTBA,RG,3940,2,D,MG,BB,D
14:47:08,PTBA,RG,3940,500,D,MG,YP,D
14:47:08,PTBA,RG,3940,2,D,MG,DX,D
14:47:08,PTBA,RG,3940,19,D,MG,AK,F
14:47:08,PTBA,RG,3940,45,D,MG,DR,D
14:47:08,PTBA,RG,3940,200,D,MG,NI,D
14:47:08,PTBA,RG,3940,500,D,MG,YJ,D
14:47:08,PTBA,RG,3940,20,D,MG,PD,D
14:47:08,PTBA,RG,3940,10,D,MG,YU,D
14:47:08,PTBA,RG,3940,252,D,MG,KZ,D
14:47:08,PTBA,RG,3940,500,D,MG,KI,D
14:47:08,PTBA,RG,3940,27,D,MG,CC,D
14:47:08,PTBA,RG,3940,1,D,MG,MG,D
14:47:08,PTBA,RG,3940,5,D,MG,XC,D
14:47:08,PTBA,RG,3940,475,D,MG,BK,F
14:47:08,PTBA,RG,3940,140,D,MG,KZ,D
14:47:06,PTBA,RG,3940,1,D,XL,KZ,D
14:47:05,PTBA,RG,3940,1,D,XL,KZ,D
14:47:04,PTBA,RG,3940,10,D,YP,KZ,D
14:47:04,PTBA,RG,3940,1,D,CC,KZ,D
14:46:59,PTBA,RG,3940,3,D,XC,KZ,D
14:46:58,PTBA,RG,3930,20,F,DX,PD,D
14:46:57,PTBA,RG,3940,13,F,BK,KZ,D
14:46:57,PTBA,RG,3930,2,F,DX,DX,D
14:46:56,PTBA,RG,3940,4,D,PD,KZ,D
14:46:53,PTBA,RG,3940,5,D,XL,KZ,D
14:46:52,PTBA,RG,3940,1,D,XC,KZ,D
14:46:49,PTBA,RG,3940,104,F,AK,KZ,D
14:46:48,PTBA,RG,3940,2,D,XC,KZ,D
14:46:47,PTBA,RG,3940,264,D,NI,KZ,D
14:46:47,PTBA,RG,3940,50,D,NI,GR,D
14:46:47,PTBA,RG,3940,1,D,NI,XC,D
14:46:47,PTBA,RG,3940,9,D,NI,YP,D
14:46:47,PTBA,RG,3940,1,D,NI,AK,F
14:46:47,PTBA,RG,3940,5,D,NI,AT,D
14:46:47,PTBA,RG,3940,5,D,NI,PD,D
14:46:47,PTBA,RG,3940,4,D,NI,KK,D
14:46:47,PTBA,RG,3940,1,D,NI,XL,D
14:46:47,PTBA,RG,3940,359,D,NI,CS,D
14:46:47,PTBA,RG,3940,117,D,NI,CS,D
14:46:47,PTBA,RG,3940,24,D,NI,CS,D
14:46:47,PTBA,RG,3940,60,D,NI,CC,D
14:46:47,PTBA,RG,3940,390,D,NI,BK,F
14:46:47,PTBA,RG,3940,100,D,NI,BK,F
14:46:47,PTBA,RG,3940,3,D,NI,BB,D
14:46:47,PTBA,RG,3940,10,D,NI,DR,D
14:46:47,PTBA,RG,3940,11,D,NI,BB,D
14:46:47,PTBA,RG,3940,67,D,NI,BB,D
14:46:47,PTBA,RG,3940,45,D,NI,CC,D
14:46:47,PTBA,RG,3940,13,D,NI,AK,F
14:46:47,PTBA,RG,3940,213,D,NI,BB,D
14:46:47,PTBA,RG,3940,200,D,NI,NI,D
14:46:47,PTBA,RG,3940,10,D,NI,BB,D
14:46:47,PTBA,RG,3940,8,D,NI,CC,D
14:46:47,PTBA,RG,3940,14,D,NI,YP,D
14:46:47,PTBA,RG,3940,234,D,NI,KZ,D
14:46:47,PTBA,RG,3940,1,D,NI,BB,D
14:46:47,PTBA,RG,3940,100,D,NI,BB,D
14:46:47,PTBA,RG,3940,20,D,NI,BB,D
14:46:47,PTBA,RG,3940,1,D,NI,AK,F
14:46:47,PTBA,RG,3940,1,D,NI,AK,F
14:46:47,PTBA,RG,3940,1,D,NI,AK,F
14:46:47,PTBA,RG,3940,1,D,NI,AK,F
14:46:47,PTBA,RG,3940,4,D,NI,BQ,D
14:46:47,PTBA,RG,3940,15,D,NI,DR,D
14:46:47,PTBA,RG,3940,10,D,NI,YU,D
14:46:47,PTBA,RG,3940,1,D,NI,CC,D
14:46:47,PTBA,RG,3940,50,D,NI,GR,D
14:46:47,PTBA,RG,3940,20,D,NI,DR,D
14:46:47,PTBA,RG,3940,457,D,NI,ZP,D
14:46:41,PTBA,RG,3930,156,F,DX,CC,D
14:46:40,PTBA,RG,3930,51,F,DX,BK,F
14:46:40,PTBA,RG,3930,1,F,DX,NI,D
14:46:39,PTBA,RG,3930,50,F,DX,KK,D
14:46:38,PTBA,RG,3930,228,F,DX,KZ,D
14:46:36,PTBA,RG,3940,5,D,YP,ZP,D
14:46:36,PTBA,RG,3940,11,D,XL,ZP,D
14:46:35,PTBA,RG,3930,67,F,DX,BK,F
14:46:34,PTBA,RG,3930,500,F,DX,TP,D
14:46:30,PTBA,RG,3940,17,D,SS,ZP,D
14:46:30,PTBA,RG,3930,200,F,DX,CP,D
14:46:29,PTBA,RG,3930,3,F,DX,YP,D
14:46:24,PTBA,RG,3930,77,F,DX,BK,F
14:46:23,PTBA,RG,3930,81,F,DX,XL,D
14:46:23,PTBA,RG,3940,10,D,XC,ZP,D
14:46:20,PTBA,RG,3940,10,D,YP,ZP,D
14:46:19,PTBA,RG,3940,12,D,XC,ZP,D
14:46:17,PTBA,RG,3930,10,F,DX,NI,D
14:46:09,PTBA,RG,3940,1,D,XL,ZP,D
14:46:08,PTBA,RG,3930,31,F,DX,KK,D
14:46:06,PTBA,RG,3930,51,F,DX,XC,D
14:46:05,PTBA,RG,3940,2,D,KK,ZP,D
14:46:02,PTBA,RG,3940,5,D,YP,ZP,D
14:45:58,PTBA,RG,3930,200,F,DX,NI,D
14:45:55,PTBA,RG,3930,3,F,DX,CC,D
14:45:54,PTBA,RG,3940,14,D,XL,ZP,D
14:45:52,PTBA,RG,3930,2,F,DX,BB,D
14:45:51,PTBA,RG,3940,50,D,DH,ZP,D
14:45:50,PTBA,RG,3930,19,F,DX,BB,D
14:45:50,PTBA,RG,3930,500,F,DX,KI,D
14:45:48,PTBA,RG,3940,10,D,CC,ZP,D
14:45:47,PTBA,RG,3940,10,D,XC,ZP,D
14:45:46,PTBA,RG,3930,60,F,DX,BB,D
14:45:43,PTBA,RG,3940,23,D,YP,ZP,D
14:45:42,PTBA,RG,3940,240,F,DX,ZP,D
14:45:41,PTBA,RG,3930,2,F,DX,BB,D
14:45:41,PTBA,RG,3940,1,D,XL,ZP,D
14:45:35,PTBA,RG,3940,2,D,XC,ZP,D
14:45:33,PTBA,RG,3940,63,D,AZ,ZP,D
14:45:32,PTBA,RG,3940,9,D,CC,ZP,D
14:45:31,PTBA,RG,3940,1,D,XL,ZP,D
14:45:30,PTBA,RG,3940,2,D,YP,ZP,D
14:45:29,PTBA,RG,3940,5,D,SQ,ZP,D
14:45:27,PTBA,RG,3940,1,D,XC,ZP,D
14:45:19,PTBA,RG,3940,10,D,YP,ZP,D
14:45:19,PTBA,RG,3930,1,F,DX,XL,D
14:45:18,PTBA,RG,3930,191,F,DX,GR,D
14:45:18,PTBA,RG,3930,187,F,DX,KZ,D
14:45:15,PTBA,RG,3940,1,D,YP,ZP,D
14:45:14,PTBA,RG,3940,1,D,XL,ZP,D
14:45:13,PTBA,RG,3940,1,D,NI,ZP,D
14:45:07,PTBA,RG,3940,3,D,NI,ZP,D
14:45:07,PTBA,RG,3940,11,D,XC,ZP,D
14:45:04,PTBA,RG,3940,10,D,CC,ZP,D
14:45:03,PTBA,RG,3930,10,F,DX,BB,D
14:45:03,PTBA,RG,3940,5,D,CC,ZP,D
14:45:02,PTBA,RG,3940,50,D,DR,ZP,D
14:45:01,PTBA,RG,3940,20,D,XL,ZP,D
14:44:56,PTBA,RG,3940,527,D,YP,ZP,D
14:44:56,PTBA,RG,3940,1,D,YP,AK,F
14:44:56,PTBA,RG,3940,33,D,YP,YP,D
14:44:56,PTBA,RG,3940,1,D,YP,YP,D
14:44:56,PTBA,RG,3940,150,D,YP,GR,D
14:44:56,PTBA,RG,3940,100,D,YP,GR,D
14:44:56,PTBA,RG,3940,412,D,YP,BK,F
14:44:56,PTBA,RG,3940,9,D,YP,PD,D
14:44:56,PTBA,RG,3940,198,D,YP,KZ,D
14:44:56,PTBA,RG,3940,60,D,YP,SQ,D
14:44:56,PTBA,RG,3940,100,D,YP,DH,D
14:44:56,PTBA,RG,3940,2,D,YP,CS,D
14:44:56,PTBA,RG,3940,10,D,YP,KK,D
14:44:56,PTBA,RG,3940,147,D,YP,KZ,D
14:44:54,PTBA,RG,3940,17,D,PD,KZ,D
14:44:54,PTBA,RG,3940,20,D,PD,YP,D
14:44:54,PTBA,RG,3940,83,D,PD,YP,D
14:44:52,PTBA,RG,3940,3,D,XC,YP,D
14:44:49,PTBA,RG,3930,5,F,DX,PD,D
14:44:48,PTBA,RG,3940,8,F,BK,YP,D
14:44:48,PTBA,RG,3930,6,F,DX,BB,D
14:44:46,PTBA,RG,3940,6,F,AK,YP,D
14:44:46,PTBA,RG,3940,33,F,AK,CS,D
14:44:46,PTBA,RG,3940,10,F,AK,DH,D
14:44:46,PTBA,RG,3940,68,F,AK,KZ,D
14:44:43,PTBA,RG,3940,426,D,MG,KZ,D
14:44:43,PTBA,RG,3940,1,D,MG,BB,D
14:44:43,PTBA,RG,3940,38,D,MG,YP,D
14:44:43,PTBA,RG,3940,21,D,MG,AK,F
14:44:43,PTBA,RG,3940,5,D,MG,PD,D
14:44:43,PTBA,RG,3940,1,D,MG,AK,F
14:44:43,PTBA,RG,3940,6,D,MG,XC,D
14:44:43,PTBA,RG,3940,15,D,MG,OD,D
14:44:43,PTBA,RG,3940,1,D,MG,AK,F
14:44:43,PTBA,RG,3940,1,D,MG,AK,F
14:44:43,PTBA,RG,3940,2,D,MG,AK,F
14:44:43,PTBA,RG,3940,61,D,MG,AK,F
14:44:43,PTBA,RG,3940,41,D,MG,XL,D
14:44:43,PTBA,RG,3940,17,D,MG,CS,D
14:44:43,PTBA,RG,3940,130,D,MG,DR,D
14:44:43,PTBA,RG,3940,50,D,MG,GR,D
14:44:43,PTBA,RG,3940,1,D,MG,XC,D
14:44:43,PTBA,RG,3940,47,D,MG,CS,D
14:44:43,PTBA,RG,3940,10,D,MG,LS,D
14:44:43,PTBA,RG,3940,2,D,MG,BB,D
14:44:43,PTBA,RG,3940,16,D,MG,BB,D
14:44:43,PTBA,RG,3940,1,D,MG,BB,D
14:44:43,PTBA,RG,3940,4,D,MG,BB,D
14:44:43,PTBA,RG,3940,71,D,MG,BB,D
14:44:43,PTBA,RG,3940,1,D,MG,BB,D
14:44:43,PTBA,RG,3940,10,D,MG,BB,D
14:44:43,PTBA,RG,3940,1,D,MG,YP,D
14:44:43,PTBA,RG,3940,1,D,MG,YP,D
14:44:43,PTBA,RG,3940,1,D,MG,YP,D
14:44:43,PTBA,RG,3940,1,D,MG,YP,D
14:44:43,PTBA,RG,3940,12,D,MG,YP,D
14:44:43,PTBA,RG,3940,1,D,MG,YP,D
14:44:43,PTBA,RG,3940,20,D,MG,LG,D
14:44:43,PTBA,RG,3940,3,D,MG,PD,D
14:44:43,PTBA,RG,3940,10,D,MG,PD,D
14:44:43,PTBA,RG,3940,138,D,MG,BK,F
14:44:43,PTBA,RG,3940,5,D,MG,NI,D
14:44:43,PTBA,RG,3940,165,D,MG,BK,F
14:44:43,PTBA,RG,3940,500,D,MG,YU,D
14:44:43,PTBA,RG,3940,5,D,MG,PD,D
14:44:43,PTBA,RG,3940,1,D,MG,PD,D
14:44:43,PTBA,RG,3940,3,D,MG,YP,D
14:44:43,PTBA,RG,3940,1000,D,MG,BQ,D
14:44:43,PTBA,RG,3940,1,D,MG,YP,D
14:44:43,PTBA,RG,3940,200,D,MG,YP,D
14:44:43,PTBA,RG,3940,10,D,MG,KK,D
14:44:43,PTBA,RG,3940,200,D,MG,XA,D
14:44:43,PTBA,RG,3940,40,D,MG,NI,D
14:44:43,PTBA,RG,3940,30,D,MG,YP,D
14:44:43,PTBA,RG,3940,235,D,MG,NI,D
14:44:43,PTBA,RG,3940,6,D,MG,DH,D
14:44:43,PTBA,RG,3940,2432,D,MG,NI,D
14:44:42,PTBA,RG,3930,132,F,DX,BB,D
14:44:39,PTBA,RG,3930,70,F,DX,YP,D
14:44:38,PTBA,RG,3930,425,F,DX,YU,D
14:44:37,PTBA,RG,3930,66,F,DX,BK,F
14:44:37,PTBA,RG,3940,1,D,PD,NI,D
14:44:35,PTBA,RG,3930,1,F,DX,PD,D
14:44:35,PTBA,RG,3930,68,F,DX,BK,F
14:44:33,PTBA,RG,3940,1,D,XC,NI,D
14:44:30,PTBA,RG,3940,2,D,XC,NI,D
14:44:27,PTBA,RG,3930,13,F,DX,PD,D
14:44:27,PTBA,RG,3930,1,D,XL,PD,D
14:44:27,PTBA,RG,3930,8,D,NI,PD,D
14:44:27,PTBA,RG,3930,3,D,CC,PD,D
14:44:22,PTBA,RG,3940,3,D,PD,NI,D
14:44:21,PTBA,RG,3930,1,D,CC,PD,D
14:44:18,PTBA,RG,3940,40,D,YB,NI,D
14:44:17,PTBA,RG,3940,2,D,YP,NI,D
14:44:16,PTBA,RG,3930,13,D,CC,DR,D
14:44:14,PTBA,RG,3930,117,D,CC,BK,F
14:44:14,PTBA,RG,3940,7,D,YP,NI,D
14:44:09,PTBA,RG,3940,10,D,NI,NI,D
14:44:08,PTBA,RG,3930,7,D,CC,YP,D
14:44:07,PTBA,RG,3930,59,D,CC,SQ,D
14:44:07,PTBA,RG,3930,5,D,YP,SQ,D
14:44:07,PTBA,RG,3930,3,D,CC,SQ,D
14:44:07,PTBA,RG,3930,1,D,NI,SQ,D
14:44:07,PTBA,RG,3930,4,D,PD,SQ,D
14:44:07,PTBA,RG,3930,5,D,DR,SQ,D
14:44:07,PTBA,RG,3930,20,D,AT,SQ,D
14:44:07,PTBA,RG,3930,37,F,DX,SQ,D
14:44:07,PTBA,RG,3930,50,D,YP,SQ,D
14:44:07,PTBA,RG,3930,1,D,YP,SQ,D
14:44:07,PTBA,RG,3930,35,F,DX,SQ,D
14:44:07,PTBA,RG,3930,100,D,YP,SQ,D
14:44:07,PTBA,RG,3930,5,D,XC,SQ,D
14:44:07,PTBA,RG,3930,1,D,KK,SQ,D
14:44:07,PTBA,RG,3930,59,F,CC,SQ,D
14:44:07,PTBA,RG,3940,5,D,KK,NI,D
14:44:05,PTBA,RG,3930,21,F,CC,BK,F
14:44:05,PTBA,RG,3930,1,D,XC,BK,F
14:44:05,PTBA,RG,3930,2,D,XC,BK,F
14:44:05,PTBA,RG,3930,73,F,DX,BK,F
14:44:04,PTBA,RG,3940,50,D,YP,NI,D
14:44:03,PTBA,RG,3940,2,D,CC,NI,D
14:44:03,PTBA,RG,3940,152,D,CC,NI,D
14:44:03,PTBA,RG,3930,181,F,DX,KZ,D
14:43:58,PTBA,RG,3940,3,D,YP,NI,D
14:43:54,PTBA,RG,3930,1,F,DX,XC,D
14:43:51,PTBA,RG,3930,4,F,DX,YP,D
14:43:50,PTBA,RG,3940,1,D,YP,NI,D
14:43:50,PTBA,RG,3930,15,F,DX,BB,D
14:43:48,PTBA,RG,3940,10,D,YP,NI,D
14:43:47,PTBA,RG,3930,20,F,DX,CC,D
14:43:47,PTBA,RG,3930,2,F,DX,XC,D
14:43:46,PTBA,RG,3940,2,D,XL,NI,D
14:43:44,PTBA,RG,3930,66,F,DX,BB,D
14:43:40,PTBA,RG,3930,200,F,DX,NI,D
14:43:39,PTBA,RG,3930,30,F,DX,BB,D
14:43:37,PTBA,RG,3940,3965,D,CC,NI,D
14:43:37,PTBA,RG,3940,10,D,CC,YP,D
14:43:37,PTBA,RG,3940,3,D,CC,KK,D
14:43:37,PTBA,RG,3940,1,D,CC,XC,D
14:43:37,PTBA,RG,3940,10,D,CC,YP,D
14:43:37,PTBA,RG,3940,4,D,CC,KK,D
14:43:37,PTBA,RG,3940,7,D,CC,PD,D
14:43:36,PTBA,RG,3930,1,F,DX,BB,D
14:43:36,PTBA,RG,3930,10,F,DX,CC,D
14:43:30,PTBA,RG,3930,1,F,DX,XC,D
14:43:28,PTBA,RG,3940,1,D,XC,PD,D
14:43:27,PTBA,RG,3930,20,F,DX,PD,D
14:43:24,PTBA,RG,3930,9,F,DX,BB,D
14:43:20,PTBA,RG,3940,5,D,DH,PD,D
14:43:15,PTBA,RG,3930,62,F,DX,YP,D
14:43:12,PTBA,RG,3930,6,F,DX,BB,D
14:43:11,PTBA,RG,3930,1,F,DX,EP,D
14:43:09,PTBA,RG,3940,2,D,XL,PD,D
14:43:09,PTBA,RG,3930,10,F,DX,PD,D
14:43:08,PTBA,RG,3930,125,F,DX,BB,D
14:42:56,PTBA,RG,3930,3,F,DX,XC,D
14:42:51,PTBA,RG,3930,1,F,DX,XL,D
14:42:51,PTBA,RG,3930,1,F,DX,DH,D
14:42:49,PTBA,RG,3930,5,F,DX,OD,D
14:42:32,PTBA,RG,3930,120,F,DX,DR,D
14:42:22,PTBA,RG,3940,3,D,CC,PD,D
14:42:21,PTBA,RG,3930,2,F,DX,PD,D
14:42:20,PTBA,RG,3930,55,F,DX,AI,D
14:42:18,PTBA,RG,3930,4,F,DX,YP,D
14:42:15,PTBA,RG,3930,15,F,DX,YP,D
14:42:11,PTBA,RG,3930,3,F,DX,CC,D
14:42:10,PTBA,RG,3930,1,F,DX,YP,D
14:42:09,PTBA,RG,3940,32,D,SQ,PD,D
14:42:09,PTBA,RG,3940,1,D,SQ,PD,D
14:42:09,PTBA,RG,3940,1,D,SQ,YP,D
14:42:09,PTBA,RG,3940,16,D,SQ,CC,D
14:42:06,PTBA,RG,3930,1,F,DX,XC,D
14:42:05,PTBA,RG,3930,2,F,DX,CC,D
14:42:02,PTBA,RG,3930,25,F,DX,YP,D
14:42:01,PTBA,RG,3940,3,D,PD,CC,D
14:41:58,PTBA,RG,3940,3,D,CC,CC,D
14:41:57,PTBA,RG,3930,25,F,DX,PD,D
14:41:57,PTBA,RG,3930,13,F,DX,AK,F
14:41:56,PTBA,RG,3930,171,F,DX,YP,D
14:41:56,PTBA,RG,3930,429,F,DX,YP,D
14:41:47,PTBA,RG,3940,3,D,YP,CC,D
14:41:45,PTBA,RG,3940,1,D,PD,CC,D
14:41:44,PTBA,RG,3940,3,D,CC,CC,D
14:41:42,PTBA,RG,3930,8,F,DX,YP,D
14:41:38,PTBA,RG,3930,10,F,DX,YP,D
14:41:38,PTBA,RG,3930,27,F,DX,CC,D
14:41:33,PTBA,RG,3940,1,D,XC,CC,D
14:41:24,PTBA,RG,3940,1,D,CC,CC,D
14:41:19,PTBA,RG,3940,5,D,XC,CC,D
14:41:16,PTBA,RG,3940,2,D,PD,CC,D
14:41:15,PTBA,RG,3930,2,F,DX,XL,D
14:41:14,PTBA,RG,3940,2,D,XC,CC,D
14:41:12,PTBA,RG,3930,1,F,DX,AK,F
14:41:12,PTBA,RG,3930,3,F,DX,AK,F
14:41:11,PTBA,RG,3940,10,F,DX,CC,D
14:41:11,PTBA,RG,3940,10,F,DX,CC,D
14:41:11,PTBA,RG,3940,1,F,DX,XC,D
14:41:11,PTBA,RG,3940,1,F,DX,XC,D
14:41:11,PTBA,RG,3940,1,F,DX,XC,D
14:41:11,PTBA,RG,3940,4,F,DX,YP,D
14:41:11,PTBA,RG,3940,100,F,DX,CC,D
14:41:11,PTBA,RG,3940,22,F,DX,XC,D
14:41:11,PTBA,RG,3940,49,F,DX,YP,D
14:41:09,PTBA,RG,3930,14,F,DX,PD,D
14:41:01,PTBA,RG,3940,43,D,CC,YP,D
14:41:01,PTBA,RG,3940,25,D,CC,NI,D
14:41:01,PTBA,RG,3940,32,D,CC,CC,D
14:41:00,PTBA,RG,3940,13,D,YU,CC,D
14:41:00,PTBA,RG,3940,3,D,YU,PD,D
14:41:00,PTBA,RG,3940,4,D,YU,CC,D
14:40:55,PTBA,RG,3930,2,F,DX,OD,D
14:40:55,PTBA,RG,3930,26,F,DX,PD,D
14:40:44,PTBA,RG,3940,5,D,PD,CC,D
14:40:40,PTBA,RG,3930,12,F,DX,YU,D
14:40:37,PTBA,RG,3940,7,F,DX,CC,D
14:40:37,PTBA,RG,3940,1,F,DX,NI,D
14:40:37,PTBA,RG,3940,36,F,DX,XC,D
14:40:35,PTBA,RG,3940,3,D,XC,XC,D
14:40:33,PTBA,RG,3940,55,D,CC,XC,D
14:40:33,PTBA,RG,3940,6,F,DX,XC,D
14:40:33,PTBA,RG,3940,5,F,DX,SQ,D
14:40:33,PTBA,RG,3940,82,F,DX,DH,D
14:40:28,PTBA,RG,3930,360,F,DX,CS,D
14:40:28,PTBA,RG,3930,117,F,DX,CS,D
14:40:28,PTBA,RG,3930,23,F,DX,CS,D
14:40:26,PTBA,RG,3940,5,D,PD,DH,D
14:40:26,PTBA,RG,3940,13,F,DX,DH,D
14:40:26,PTBA,RG,3940,1,F,DX,CC,D
14:40:26,PTBA,RG,3940,23,F,DX,LG,D
14:40:26,PTBA,RG,3940,5,F,DX,DR,D
14:40:25,PTBA,RG,3930,1,D,IF,AK,F
14:40:25,PTBA,RG,3930,529,D,CC,AK,F
14:40:24,PTBA,RG,3930,58,D,CC,YP,D
14:40:23,PTBA,RG,3930,11,D,CC,AK,F
14:40:23,PTBA,RG,3930,1,D,CC,YP,D
14:40:23,PTBA,RG,3930,167,D,CC,BK,F
14:40:23,PTBA,RG,3930,4,D,CC,PD,D
14:40:23,PTBA,RG,3930,2,D,CC,XC,D
14:40:23,PTBA,RG,3930,7,D,CC,AK,F
14:40:23,PTBA,RG,3930,4,D,CC,YU,D
14:40:23,PTBA,RG,3930,46,D,CC,YP,D
14:40:23,PTBA,RG,3930,1,D,CC,TP,D
14:40:23,PTBA,RG,3930,33,D,CC,AK,F
14:40:23,PTBA,RG,3930,2,D,CC,PD,D
14:40:23,PTBA,RG,3930,66,D,CC,AK,F
14:40:23,PTBA,RG,3930,10,D,CC,CC,D
14:40:23,PTBA,RG,3930,1,D,CC,BB,D
14:40:23,PTBA,RG,3930,4,D,CC,BB,D
14:40:23,PTBA,RG,3930,21,D,CC,BB,D
14:40:23,PTBA,RG,3930,3,D,CC,BB,D
14:40:23,PTBA,RG,3930,10,D,CC,PD,D
14:40:23,PTBA,RG,3930,29,D,CC,BB,D
14:40:23,PTBA,RG,3930,200,D,CC,YP,D
14:40:23,PTBA,RG,3930,1,D,CC,BB,D
14:40:23,PTBA,RG,3930,42,D,CC,BB,D
14:40:23,PTBA,RG,3930,1,D,CC,BB,D
14:40:23,PTBA,RG,3930,1,D,CC,BB,D
14:40:23,PTBA,RG,3930,200,D,CC,YP,D
14:40:23,PTBA,RG,3930,5,D,CC,PD,D
14:40:23,PTBA,RG,3930,5,D,CC,CC,D
14:40:22,PTBA,RG,3920,10,F,DX,YP,D
14:40:20,PTBA,RG,3930,2,D,PD,CC,D
14:40:18,PTBA,RG,3920,9,F,DX,PD,D
14:40:16,PTBA,RG,3930,1,D,CC,CC,D
14:40:16,PTBA,RG,3920,25,F,DX,YP,D
14:40:16,PTBA,RG,3920,10,F,DX,YP,D
14:40:14,PTBA,RG,3920,10,F,DX,AG,D
14:40:11,PTBA,RG,3930,1,D,XC,CC,D
14:40:10,PTBA,RG,3930,58,F,DX,CC,D
14:40:07,PTBA,RG,3930,20,D,CC,CC,D
14:40:07,PTBA,RG,3930,13,D,YP,CC,D
14:40:07,PTBA,RG,3930,12,D,YP,BK,F
14:40:05,PTBA,RG,3930,8,D,PD,BK,F
14:40:05,PTBA,RG,3930,12,F,DX,BK,F
14:40:05,PTBA,RG,3930,21,F,DX,YP,D
14:40:04,PTBA,RG,3920,3,F,DX,XL,D
14:40:03,PTBA,RG,3930,50,D,GR,YP,D
14:40:01,PTBA,RG,3930,129,F,DX,YP,D
14:40:01,PTBA,RG,3930,40,F,DX,DX,D
14:40:01,PTBA,RG,3930,15,F,DX,AK,F
14:40:01,PTBA,RG,3930,26,F,DX,YP,D
14:40:00,PTBA,RG,3930,1,D,XC,YP,D
14:40:00,PTBA,RG,3930,10,D,EP,YP,D
14:39:59,PTBA,RG,3920,2,F,DX,NI,D
14:39:57,PTBA,RG,3930,100,D,XC,YP,D
14:39:56,PTBA,RG,3930,1,D,YP,YP,D
14:39:55,PTBA,RG,3920,3,F,DX,XC,D
14:39:53,PTBA,RG,3920,1,F,DX,BB,D
14:39:48,PTBA,RG,3920,5,F,DX,PD,D
14:39:43,PTBA,RG,3930,29,F,DX,YP,D
14:39:42,PTBA,RG,3930,33,F,DX,YP,D
14:39:42,PTBA,RG,3930,25,F,DX,AK,F
14:39:42,PTBA,RG,3930,3,F,DX,NI,D
14:39:42,PTBA,RG,3930,8,F,DX,YP,D
14:39:41,PTBA,RG,3930,2,D,NI,YP,D
14:39:37,PTBA,RG,3920,1,F,DX,AK,F
14:39:36,PTBA,RG,3930,10,D,NI,YP,D
14:39:34,PTBA,RG,3930,31,F,DX,YP,D
14:39:34,PTBA,RG,3920,2,F,DX,AK,F
14:39:33,PTBA,RG,3930,56,F,DX,YP,D
14:39:30,PTBA,RG,3920,1,F,DX,AK,F
14:39:29,PTBA,RG,3930,26,F,DX,YP,D
14:39:28,PTBA,RG,3920,2,F,DX,AK,F
14:39:28,PTBA,RG,3930,6,D,YP,YP,D
14:39:27,PTBA,RG,3930,1,D,PD,YP,D
14:39:27,PTBA,RG,3930,60,D,CC,YP,D
14:39:26,PTBA,RG,3920,3,F,DX,AK,F
14:39:26,PTBA,RG,3920,15,F,DX,XC,D
14:39:25,PTBA,RG,3930,4,F,DX,BB,D
14:39:25,PTBA,RG,3930,3,F,DX,XC,D
14:39:25,PTBA,RG,3930,105,F,DX,YP,D
14:39:21,PTBA,RG,3930,7,D,YP,YP,D
14:39:17,PTBA,RG,3930,64,F,DX,YP,D
14:39:17,PTBA,RG,3930,24,F,DX,YP,D
14:39:17,PTBA,RG,3930,2,F,DX,BB,D
14:39:17,PTBA,RG,3930,6,F,DX,PD,D
14:39:17,PTBA,RG,3930,10,F,DX,SQ,D
14:39:17,PTBA,RG,3930,10,F,DX,EP,D
14:39:17,PTBA,RG,3930,70,F,DX,YU,D
14:39:15,PTBA,RG,3930,38,D,IU,YU,D
14:39:15,PTBA,RG,3930,30,D,IU,BB,D
14:39:15,PTBA,RG,3930,32,D,IU,BB,D
14:39:13,PTBA,RG,3930,1,D,PD,BB,D
14:39:13,PTBA,RG,3930,1,D,CC,BB,D
14:39:12,PTBA,RG,3930,5,D,KK,BB,D
14:39:12,PTBA,RG,3930,14,D,YP,BB,D
14:39:12,PTBA,RG,3930,11,D,YP,YP,D
14:39:12,PTBA,RG,3920,30,F,DX,CC,D
14:39:10,PTBA,RG,3930,89,F,DX,YP,D
14:39:10,PTBA,RG,3930,16,F,DX,YP,D
14:39:09,PTBA,RG,3930,10,D,PD,YP,D
14:39:09,PTBA,RG,3930,31,D,DR,YP,D
14:39:07,PTBA,RG,3930,43,D,PD,YP,D
14:39:07,PTBA,RG,3930,7,D,PD,YP,D
14:39:04,PTBA,RG,3930,93,D,GR,YP,D
14:39:04,PTBA,RG,3930,94,D,GR,YP,D
14:39:02,PTBA,RG,3930,6,D,YP,YP,D
14:39:02,PTBA,RG,3930,4,D,YP,BB,D
14:39:02,PTBA,RG,3930,5,D,YP,BB,D
14:39:02,PTBA,RG,3930,15,D,DR,BB,D
14:39:02,PTBA,RG,3930,1,D,DR,BB,D
14:39:02,PTBA,RG,3930,3,D,DR,BB,D
14:39:02,PTBA,RG,3930,30,D,DR,PD,D
14:39:02,PTBA,RG,3930,30,D,DR,BB,D
14:39:02,PTBA,RG,3930,1,D,DR,PD,D
14:39:02,PTBA,RG,3930,20,D,DR,YP,D
14:39:01,PTBA,RG,3930,80,F,DX,YP,D
14:39:01,PTBA,RG,3930,7,F,DX,BB,D
14:39:00,PTBA,RG,3930,10,D,XC,BB,D
14:39:00,PTBA,RG,3930,1,D,YP,BB,D
14:39:00,PTBA,RG,3920,1,F,DX,BQ,D
14:38:57,PTBA,RG,3930,81,D,KK,BB,D
14:38:57,PTBA,RG,3930,21,D,KK,CS,D
14:38:57,PTBA,RG,3930,25,D,KK,YP,D
14:38:57,PTBA,RG,3930,1,D,KK,XC,D
14:38:57,PTBA,RG,3930,1,D,KK,BB,D
14:38:57,PTBA,RG,3930,34,D,KK,BK,F
14:38:57,PTBA,RG,3930,1,D,KK,BB,D
14:38:57,PTBA,RG,3930,1,D,KK,BB,D
14:38:57,PTBA,RG,3930,2,D,KK,BB,D
14:38:57,PTBA,RG,3930,1,D,KK,PD,D
14:38:57,PTBA,RG,3930,11,D,KK,BB,D
14:38:57,PTBA,RG,3930,21,D,KK,AK,F
14:38:57,PTBA,RG,3930,8,D,XC,AK,F
14:38:53,PTBA,RG,3930,2,F,DX,AK,F
14:38:53,PTBA,RG,3930,47,F,DX,GR,D
14:38:50,PTBA,RG,3930,3,D,YP,GR,D
14:38:50,PTBA,RG,3930,2,D,YP,BB,D
14:38:50,PTBA,RG,3930,10,D,YP,YU,D
14:38:50,PTBA,RG,3930,7,D,YP,OD,D
14:38:50,PTBA,RG,3930,2,D,YP,PD,D
14:38:50,PTBA,RG,3930,3,D,YP,PD,D
14:38:48,PTBA,RG,3930,99,F,DX,BB,D
14:38:48,PTBA,RG,3930,87,F,DX,XC,D
14:38:48,PTBA,RG,3920,4,F,DX,XL,D
14:38:45,PTBA,RG,3930,1,D,XC,XC,D
14:38:43,PTBA,RG,3930,16,D,MG,XC,D
14:38:43,PTBA,RG,3930,47,D,MG,BB,D
14:38:43,PTBA,RG,3930,63,D,MG,YP,D
14:38:43,PTBA,RG,3930,200,D,MG,DH,D
14:38:43,PTBA,RG,3930,10,D,MG,PD,D
14:38:43,PTBA,RG,3930,2,D,MG,XC,D
14:38:43,PTBA,RG,3930,500,D,MG,YU,D
14:38:43,PTBA,RG,3930,2,D,MG,CP,D
14:38:43,PTBA,RG,3930,5,D,MG,NI,D
14:38:43,PTBA,RG,3930,30,D,MG,YP,D
14:38:43,PTBA,RG,3930,20,D,MG,YP,D
14:38:43,PTBA,RG,3930,51,D,MG,XC,D
14:38:43,PTBA,RG,3930,2,D,MG,YP,D
14:38:43,PTBA,RG,3930,5,D,MG,YP,D
14:38:43,PTBA,RG,3930,1400,D,MG,YJ,D
14:38:43,PTBA,RG,3930,1,D,MG,XC,D
14:38:43,PTBA,RG,3930,125,D,MG,PD,D
14:38:43,PTBA,RG,3930,6,D,MG,AZ,D
14:38:43,PTBA,RG,3930,4,D,MG,KZ,D
14:38:43,PTBA,RG,3930,175,D,MG,KZ,D
14:38:43,PTBA,RG,3930,104,D,MG,KZ,D
14:38:43,PTBA,RG,3930,4,D,MG,CC,D
14:38:43,PTBA,RG,3930,3,D,MG,XC,D
14:38:43,PTBA,RG,3930,4,D,MG,YP,D
14:38:43,PTBA,RG,3930,300,D,MG,OD,D
14:38:43,PTBA,RG,3930,2,D,MG,YP,D
14:38:43,PTBA,RG,3930,10,D,MG,EP,D
14:38:43,PTBA,RG,3930,14,D,MG,XC,D
14:38:43,PTBA,RG,3930,30,D,MG,YP,D
14:38:43,PTBA,RG,3930,500,D,MG,TP,D
14:38:43,PTBA,RG,3930,30,D,MG,CC,D
14:38:43,PTBA,RG,3930,50,D,MG,YU,D
14:38:43,PTBA,RG,3930,60,D,MG,BQ,D
14:38:43,PTBA,RG,3930,30,D,MG,IF,D
14:38:43,PTBA,RG,3930,10,D,MG,YP,D
14:38:43,PTBA,RG,3930,500,D,MG,YP,D
14:38:43,PTBA,RG,3930,5,D,MG,YP,D
14:38:43,PTBA,RG,3930,500,D,MG,YP,D
14:38:43,PTBA,RG,3930,180,D,MG,CS,D
14:38:43,PTBA,RG,3920,62,F,DX,HP,D
14:38:42,PTBA,RG,3930,1,D,XC,CS,D
14:38:42,PTBA,RG,3920,54,F,DX,NI,D
14:38:42,PTBA,RG,3920,1,D,YP,NI,D
14:38:42,PTBA,RG,3920,1,D,XL,NI,D
14:38:42,PTBA,RG,3920,44,D,OD,NI,D
14:38:40,PTBA,RG,3920,10,D,OD,AI,D
14:38:37,PTBA,RG,3930,1,D,XL,CS,D
14:38:24,PTBA,RG,3920,3,D,OD,YP,D
14:38:18,PTBA,RG,3920,1,D,OD,XC,D
14:38:12,PTBA,RG,3920,8,D,OD,XL,D
14:38:09,PTBA,RG,3920,19,D,OD,XC,D
14:38:06,PTBA,RG,3920,36,D,OD,BB,D
14:38:06,PTBA,RG,3920,23,D,OD,YP,D
14:38:06,PTBA,RG,3920,21,D,OD,BB,D
14:38:06,PTBA,RG,3920,2,D,OD,BB,D
14:38:06,PTBA,RG,3920,73,D,OD,BB,D
14:38:06,PTBA,RG,3920,10,D,OD,BB,D
14:38:06,PTBA,RG,3920,1,D,XC,BB,D
14:38:05,PTBA,RG,3920,1,D,PD,BB,D
14:38:05,PTBA,RG,3920,20,D,YP,BB,D
14:38:04,PTBA,RG,3920,2,D,PD,BB,D
14:38:04,PTBA,RG,3920,81,D,GR,BB,D
14:38:04,PTBA,RG,3920,79,D,GR,BB,D
14:38:04,PTBA,RG,3920,20,D,GR,CS,D
14:38:03,PTBA,RG,3920,2,D,GR,BB,D
14:38:03,PTBA,RG,3920,13,D,GR,BB,D
14:38:03,PTBA,RG,3920,5,D,GR,KZ,D
14:38:03,PTBA,RG,3920,7,D,XC,KZ,D
14:38:01,PTBA,RG,3920,404,D,PD,KZ,D
14:38:01,PTBA,RG,3920,2,D,PD,BB,D
14:38:01,PTBA,RG,3920,100,D,PD,YP,D
14:38:01,PTBA,RG,3920,15,D,PD,BB,D
14:38:01,PTBA,RG,3920,47,D,PD,BB,D
14:38:01,PTBA,RG,3920,3,D,PD,BB,D
14:38:01,PTBA,RG,3920,29,D,PD,BB,D
14:38:00,PTBA,RG,3920,4,D,YP,BB,D
14:38:00,PTBA,RG,3910,100,D,SQ,NI,D
14:37:58,PTBA,RG,3920,14,D,YP,BB,D
14:37:58,PTBA,RG,3920,2,D,YP,BB,D
14:37:58,PTBA,RG,3920,34,D,YP,BB,D
14:37:58,PTBA,RG,3920,1,D,CC,BB,D
14:37:57,PTBA,RG,3920,12,F,DX,BB,D
14:37:57,PTBA,RG,3920,24,F,DX,BB,D
14:37:57,PTBA,RG,3920,23,F,DX,BB,D
14:37:57,PTBA,RG,3920,10,F,DX,NI,D
14:37:57,PTBA,RG,3920,10,F,DX,DR,D
14:37:57,PTBA,RG,3920,5,F,DX,BB,D
14:37:56,PTBA,RG,3920,1,D,XC,BB,D
14:37:55,PTBA,RG,3920,10,D,PD,BB,D
14:37:53,PTBA,RG,3920,10,D,PD,BB,D
14:37:53,PTBA,RG,3920,1,D,CC,BB,D
14:37:53,PTBA,RG,3920,19,D,CC,CS,D
14:37:53,PTBA,RG,3920,5,D,CC,YP,D
14:37:52,PTBA,RG,3920,3,D,CC,YP,D
14:37:52,PTBA,RG,3920,7,D,CC,YP,D
14:37:52,PTBA,RG,3920,5,D,YP,YP,D
14:37:51,PTBA,RG,3920,1,D,XC,YP,D
14:37:51,PTBA,RG,3920,50,D,PD,YP,D
14:37:49,PTBA,RG,3920,1,D,YP,YP,D
14:37:49,PTBA,RG,3920,42,D,PD,YP,D
14:37:47,PTBA,RG,3920,25,D,YP,YP,D
14:37:45,PTBA,RG,3920,41,F,DX,YP,D
14:37:45,PTBA,RG,3920,70,F,AK,YP,D
14:37:44,PTBA,RG,3920,196,F,DX,YP,D
14:37:44,PTBA,RG,3920,54,F,AK,YP,D
14:37:44,PTBA,RG,3920,1,F,AK,BB,D
14:37:44,PTBA,RG,3920,1,F,AK,BB,D
14:37:44,PTBA,RG,3920,1,F,AK,BB,D
14:37:44,PTBA,RG,3920,1,F,AK,BB,D
14:37:44,PTBA,RG,3920,1,F,AK,BB,D
14:37:44,PTBA,RG,3920,2,F,AK,CS,D
14:37:44,PTBA,RG,3920,6,F,AK,YP,D
14:37:44,PTBA,RG,3920,2,F,AK,EP,D
14:37:40,PTBA,RG,3920,11,F,AK,YP,D
14:37:40,PTBA,RG,3920,10,F,AK,PD,D
14:37:40,PTBA,RG,3920,343,F,AK,BK,F
14:37:40,PTBA,RG,3920,5,F,AK,DR,D
14:37:40,PTBA,RG,3920,3,F,AK,XC,D
14:37:40,PTBA,RG,3920,1,F,AK,YP,D
14:37:40,PTBA,RG,3920,37,F,AK,CC,D
14:37:40,PTBA,RG,3920,15,F,AK,AZ,D
14:37:40,PTBA,RG,3920,5,F,AK,PD,D
14:37:40,PTBA,RG,3920,59,F,AK,CS,D
14:37:40,PTBA,RG,3920,1,F,AK,YP,D
14:37:40,PTBA,RG,3920,28,F,AK,AK,F
14:37:40,PTBA,RG,3920,2,F,AK,PD,D
14:37:40,PTBA,RG,3920,20,F,AK,NI,D
14:37:40,PTBA,RG,3920,1,F,AK,BB,D
14:37:40,PTBA,RG,3920,10,F,AK,NI,D
14:37:40,PTBA,RG,3920,1,F,AK,XC,D
14:37:40,PTBA,RG,3920,3,F,AK,XL,D
14:37:40,PTBA,RG,3920,307,F,AK,BK,F
14:37:40,PTBA,RG,3920,20,F,AK,NI,D
14:37:40,PTBA,RG,3920,3,F,AK,PD,D
14:37:40,PTBA,RG,3920,1,F,AK,XC,D
14:37:40,PTBA,RG,3920,40,F,AK,AK,F
14:37:40,PTBA,RG,3920,286,F,AK,BK,F
14:37:40,PTBA,RG,3920,20,F,AK,AK,F
14:37:40,PTBA,RG,3920,6,F,AK,AK,F
14:37:40,PTBA,RG,3920,63,F,AK,AK,F
14:37:40,PTBA,RG,3920,39,F,AK,CS,D
14:37:40,PTBA,RG,3920,1,F,AK,YB,D
14:37:40,PTBA,RG,3920,10,F,AK,IP,D
14:37:40,PTBA,RG,3920,7,F,AK,PD,D
14:37:40,PTBA,RG,3920,399,F,AK,KZ,D
14:37:40,PTBA,RG,3920,81,F,AK,BB,D
14:37:39,PTBA,RG,3920,179,D,MG,BB,D
14:37:39,PTBA,RG,3920,100,D,MG,YJ,D
14:37:39,PTBA,RG,3920,289,D,MG,BK,F
14:37:39,PTBA,RG,3920,5,D,MG,AT,D
14:37:39,PTBA,RG,3920,2,D,MG,AK,F
14:37:39,PTBA,RG,3920,25,D,MG,YP,D
14:37:39,PTBA,RG,3920,80,D,MG,BB,D
14:37:39,PTBA,RG,3920,30,D,MG,XC,D
14:37:39,PTBA,RG,3920,10,D,MG,YP,D
14:37:39,PTBA,RG,3920,15,D,MG,YP,D
14:37:39,PTBA,RG,3920,9,D,MG,BB,D
14:37:39,PTBA,RG,3920,25,D,MG,YP,D
14:37:39,PTBA,RG,3920,27,D,MG,BB,D
14:37:39,PTBA,RG,3920,5,D,MG,BB,D
14:37:39,PTBA,RG,3920,2,D,MG,BB,D
14:37:39,PTBA,RG,3920,13,D,MG,BB,D
14:37:39,PTBA,RG,3920,14,D,MG,BB,D
14:37:39,PTBA,RG,3920,50,D,MG,PD,D
14:37:39,PTBA,RG,3920,262,D,MG,BK,F
14:37:39,PTBA,RG,3920,18,D,MG,CS,D
14:37:39,PTBA,RG,3920,50,D,MG,YP,D
14:37:39,PTBA,RG,3920,180,D,MG,YP,D
14:37:39,PTBA,RG,3920,500,D,MG,YB,D
14:37:39,PTBA,RG,3920,3110,D,MG,CP,D
14:37:34,PTBA,RG,3920,10,D,XC,CP,D
14:37:34,PTBA,RG,3920,10,D,YP,CP,D
14:37:33,PTBA,RG,3920,1,D,YB,CP,D
14:37:28,PTBA,RG,3920,2,D,XC,CP,D
14:37:25,PTBA,RG,3910,10,D,SQ,XC,D
14:37:21,PTBA,RG,3920,3,D,XL,CP,D
14:37:19,PTBA,RG,3910,200,D,SQ,CC,D
14:37:18,PTBA,RG,3910,1,D,SQ,XL,D
14:37:12,PTBA,RG,3910,3,D,SQ,XL,D
14:37:11,PTBA,RG,3920,40,D,YP,CP,D
14:37:11,PTBA,RG,3910,15,D,SQ,PD,D
14:37:08,PTBA,RG,3910,25,D,SQ,PD,D
14:37:07,PTBA,RG,3920,10,D,XC,CP,D
14:36:55,PTBA,RG,3920,120,D,DR,CP,D
14:36:53,PTBA,RG,3910,2,D,SQ,PD,D
14:36:50,PTBA,RG,3910,12,D,SQ,CC,D
14:36:50,PTBA,RG,3920,809,D,DX,CP,D
14:36:45,PTBA,RG,3920,25,D,YP,CP,D
14:36:45,PTBA,RG,3910,15,D,SQ,DR,D
14:36:41,PTBA,RG,3920,1,D,YB,CP,D
14:36:40,PTBA,RG,3920,400,D,YP,CP,D
14:36:34,PTBA,RG,3910,1,D,SQ,PD,D
14:36:32,PTBA,RG,3910,50,D,SQ,CC,D
14:36:30,PTBA,RG,3910,20,D,SQ,YP,D
14:36:25,PTBA,RG,3910,50,D,SQ,YP,D
14:36:25,PTBA,RG,3910,10,D,SQ,YP,D
14:36:24,PTBA,RG,3910,52,D,SQ,YP,D
14:36:17,PTBA,RG,3910,1,D,SQ,XC,D
14:36:13,PTBA,RG,3910,3,D,SQ,PD,D
14:36:05,PTBA,RG,3920,3,D,XC,CP,D
14:36:03,PTBA,RG,3920,10,D,OD,CP,D
14:36:03,PTBA,RG,3910,10,D,SQ,XC,D
14:36:01,PTBA,RG,3920,5,D,XC,CP,D
14:36:00,PTBA,RG,3920,1,D,XC,CP,D
14:35:58,PTBA,RG,3910,23,D,SQ,PD,D
14:35:57,PTBA,RG,3920,1,D,KK,CP,D
14:35:54,PTBA,RG,3920,5,D,NI,CP,D
14:35:52,PTBA,RG,3920,1,D,CC,CP,D
14:35:48,PTBA,RG,3920,3,D,KK,CP,D
14:35:48,PTBA,RG,3920,5,D,YP,CP,D
14:35:46,PTBA,RG,3920,1,D,GR,CP,D
14:35:43,PTBA,RG,3920,1,D,NI,CP,D
14:35:41,PTBA,RG,3920,1,D,XC,CP,D
14:35:39,PTBA,RG,3910,200,D,SQ,NI,D
14:35:38,PTBA,RG,3920,1,D,GR,CP,D
14:35:37,PTBA,RG,3920,2,D,CC,CP,D
14:35:35,PTBA,RG,3910,6,D,SQ,NI,D
14:35:34,PTBA,RG,3920,3,D,IF,CP,D
14:35:33,PTBA,RG,3910,10,D,SQ,XC,D
14:35:32,PTBA,RG,3920,50,D,DR,CP,D
14:35:28,PTBA,RG,3920,5,D,PD,CP,D
14:35:26,PTBA,RG,3920,7,D,CC,CP,D
14:35:23,PTBA,RG,3920,10,D,PD,CP,D
14:35:23,PTBA,RG,3920,10,D,XC,CP,D
14:35:20,PTBA,RG,3920,2,D,YP,CP,D
14:35:15,PTBA,RG,3910,1,D,SQ,PD,D
14:35:11,PTBA,RG,3920,1,D,NI,CP,D
14:35:09,PTBA,RG,3920,1,D,PD,CP,D
14:35:07,PTBA,RG,3920,1,D,CC,CP,D
14:35:04,PTBA,RG,3910,12,D,SQ,XC,D
14:35:03,PTBA,RG,3920,1,D,PD,CP,D
14:34:57,PTBA,RG,3910,37,D,SQ,PD,D
14:34:56,PTBA,RG,3910,390,D,SQ,HP,D
14:34:52,PTBA,RG,3920,14,D,DH,CP,D
14:34:51,PTBA,RG,3920,1,D,XC,CP,D
14:34:47,PTBA,RG,3910,1,D,SQ,PD,D
14:34:44,PTBA,RG,3910,4,D,SQ,XL,D
14:34:44,PTBA,RG,3910,3,D,SQ,YP,D
14:34:42,PTBA,RG,3920,65,D,MI,CP,D
14:34:40,PTBA,RG,3920,2,D,KK,CP,D
14:34:38,PTBA,RG,3920,2,D,XC,CP,D
14:34:29,PTBA,RG,3910,5,D,SQ,KK,D
14:34:21,PTBA,RG,3920,98,D,DX,CP,D
14:34:21,PTBA,RG,3920,936,D,DX,PD,D
14:34:21,PTBA,RG,3920,2,D,YP,PD,D
14:34:15,PTBA,RG,3910,2000,D,SQ,PD,D
14:34:12,PTBA,RG,3910,40,D,SQ,YP,D
14:34:11,PTBA,RG,3910,2,D,SQ,CC,D
14:34:10,PTBA,RG,3920,1,D,XC,PD,D
14:34:08,PTBA,RG,3910,450,D,SQ,NI,D
14:34:03,PTBA,RG,3920,10,D,PD,PD,D
14:34:02,PTBA,RG,3920,1,D,XC,PD,D
14:33:59,PTBA,RG,3920,1,D,NI,PD,D
14:33:56,PTBA,RG,3920,3,D,DH,PD,D
14:33:52,PTBA,RG,3920,1,D,PD,PD,D
14:33:51,PTBA,RG,3920,1,D,PD,PD,D
14:33:51,PTBA,RG,3920,44,D,KK,PD,D
14:33:51,PTBA,RG,3920,200,D,KK,KK,D
14:33:51,PTBA,RG,3920,30,D,KK,AI,D
14:33:51,PTBA,RG,3920,23,D,KK,AK,F
14:33:51,PTBA,RG,3920,3,D,KK,LG,D
14:33:50,PTBA,RG,3920,7,D,YP,LG,D
14:33:50,PTBA,RG,3920,2,D,YP,PD,D
14:33:50,PTBA,RG,3920,1,D,YP,BB,D
14:33:47,PTBA,RG,3920,3,D,YP,BB,D
14:33:44,PTBA,RG,3910,2,D,SQ,XC,D
14:33:43,PTBA,RG,3910,300,D,SQ,AI,D
14:33:43,PTBA,RG,3920,3,D,XL,BB,D
14:33:36,PTBA,RG,3910,2,D,SQ,YB,D
14:33:35,PTBA,RG,3920,1,D,YP,BB,D
14:33:30,PTBA,RG,3920,1,D,YP,BB,D
14:33:29,PTBA,RG,3910,32,D,SQ,XL,D
14:33:29,PTBA,RG,3920,2,D,YP,BB,D
14:33:23,PTBA,RG,3920,3,D,YP,BB,D
14:33:22,PTBA,RG,3920,2,D,PD,BB,D
14:33:20,PTBA,RG,3910,4,D,SQ,LG,D
14:33:13,PTBA,RG,3920,2,D,XL,BB,D
14:33:11,PTBA,RG,3920,1,D,XC,BB,D
14:33:09,PTBA,RG,3910,3,D,SQ,YP,D
14:33:08,PTBA,RG,3910,60,D,SQ,PD,D
14:33:07,PTBA,RG,3910,20,D,SQ,NI,D
14:33:07,PTBA,RG,3920,1,D,CC,BB,D
14:33:07,PTBA,RG,3920,1,D,CC,BB,D
14:33:00,PTBA,RG,3920,2,D,OD,BB,D
14:32:52,PTBA,RG,3920,1,D,XC,BB,D
14:32:52,PTBA,RG,3920,7,D,PD,BB,D
14:32:52,PTBA,RG,3920,1,D,PD,BB,D
14:32:52,PTBA,RG,3920,1,D,PD,BB,D
14:32:52,PTBA,RG,3920,1,D,PD,BB,D
14:32:52,PTBA,RG,3920,8,D,PD,BB,D
14:32:52,PTBA,RG,3920,2,D,PD,NI,D
14:32:49,PTBA,RG,3920,10,D,AI,NI,D
14:32:48,PTBA,RG,3920,1,D,XC,NI,D
14:32:47,PTBA,RG,3920,10,D,AZ,NI,D
14:32:43,PTBA,RG,3920,2,D,PD,NI,D
14:32:42,PTBA,RG,3920,1,D,YP,NI,D
14:32:39,PTBA,RG,3910,12,D,SQ,PD,D
14:32:38,PTBA,RG,3920,75,D,YP,NI,D
14:32:37,PTBA,RG,3920,3,D,PD,NI,D
14:32:37,PTBA,RG,3920,1,D,XC,NI,D
14:32:37,PTBA,RG,3920,7,D,PD,NI,D
14:32:36,PTBA,RG,3920,2,D,DR,NI,D
14:32:35,PTBA,RG,3920,2,D,NI,NI,D
14:32:35,PTBA,RG,3920,2,D,YP,NI,D
14:32:30,PTBA,RG,3920,2,D,AG,NI,D
14:32:28,PTBA,RG,3920,1,D,KK,NI,D
14:32:26,PTBA,RG,3920,2,D,YP,NI,D
14:32:25,PTBA,RG,3920,2,D,NI,NI,D
14:32:23,PTBA,RG,3920,10,D,DH,NI,D
14:32:23,PTBA,RG,3920,1,D,XC,NI,D
14:32:23,PTBA,RG,3920,7,D,YP,NI,D
14:32:23,PTBA,RG,3920,3,D,NI,NI,D
14:32:23,PTBA,RG,3920,1,D,XC,NI,D
14:32:23,PTBA,RG,3920,2,D,YP,NI,D
14:32:23,PTBA,RG,3920,351,D,DX,NI,D
14:32:18,PTBA,RG,3920,55,D,DX,AZ,D
14:32:14,PTBA,RG,3920,1,D,DX,BB,D
14:32:14,PTBA,RG,3930,1,D,PD,CS,D
14:32:14,PTBA,RG,3920,23,D,DX,XC,D
14:32:14,PTBA,RG,3920,1,D,DX,XC,D
14:32:14,PTBA,RG,3920,75,D,DX,CS,D
14:32:14,PTBA,RG,3920,150,D,DX,PD,D
14:32:14,PTBA,RG,3920,21,D,DX,AK,F
14:32:14,PTBA,RG,3920,20,D,DX,PD,D
14:32:14,PTBA,RG,3920,10,D,DX,PD,D
14:32:14,PTBA,RG,3920,5,D,DX,BB,D
14:32:14,PTBA,RG,3920,1,D,DX,BB,D
14:32:14,PTBA,RG,3920,9,D,DX,BB,D
14:32:14,PTBA,RG,3920,4,D,DX,CC,D
14:32:14,PTBA,RG,3920,11,D,DX,BB,D
14:32:14,PTBA,RG,3920,118,D,DX,BB,D
14:32:14,PTBA,RG,3920,57,D,DX,BB,D
14:32:14,PTBA,RG,3920,78,D,DX,BB,D
14:32:14,PTBA,RG,3920,8,D,DX,YP,D
14:32:14,PTBA,RG,3920,2,D,DX,AK,F
14:32:14,PTBA,RG,3920,3,D,AT,DH,D
14:32:11,PTBA,RG,3920,10,D,GR,DH,D
14:32:11,PTBA,RG,3920,2,D,PD,DH,D
14:32:10,PTBA,RG,3920,26,D,SQ,DH,D
14:32:10,PTBA,RG,3920,1,D,XC,DH,D
14:32:10,PTBA,RG,3920,1,D,XL,DH,D
14:32:05,PTBA,RG,3920,2,D,NI,DH,D
14:32:05,PTBA,RG,3920,10,D,PD,DH,D
14:32:05,PTBA,RG,3920,1,D,MG,DH,D
14:32:03,PTBA,RG,3920,10,D,XC,DH,D
14:32:00,PTBA,RG,3920,100,D,CP,DH,D
14:31:58,PTBA,RG,3920,34,D,PD,DH,D
14:31:58,PTBA,RG,3920,30,D,PD,PD,D
14:31:58,PTBA,RG,3920,10,D,PD,CC,D
14:31:58,PTBA,RG,3920,26,D,PD,YP,D
14:31:58,PTBA,RG,3920,2,D,YP,YP,D
14:31:58,PTBA,RG,3920,20,D,XC,YP,D
14:31:57,PTBA,RG,3920,2,D,CC,YP,D
14:31:56,PTBA,RG,3910,7,D,SQ,EP,D
14:31:54,PTBA,RG,3920,2,D,CC,YP,D
14:31:54,PTBA,RG,3920,3,D,CC,YP,D
14:31:53,PTBA,RG,3920,9,D,XC,YP,D
14:31:51,PTBA,RG,3920,100,D,PD,YP,D
14:31:51,PTBA,RG,3920,100,D,KK,YP,D
14:31:49,PTBA,RG,3920,7,D,PD,YP,D
14:31:49,PTBA,RG,3920,57,D,XC,YP,D
14:31:47,PTBA,RG,3920,12,D,PD,YP,D
14:31:45,PTBA,RG,3920,12,D,YP,YP,D
14:31:45,PTBA,RG,3920,22,D,YP,CC,D
14:31:45,PTBA,RG,3920,10,D,YP,YP,D
14:31:45,PTBA,RG,3920,5,D,YP,YP,D
14:31:45,PTBA,RG,3920,5,D,YP,NI,D
14:31:45,PTBA,RG,3920,1,D,YP,XC,D
14:31:45,PTBA,RG,3920,25,D,YP,YP,D
14:31:45,PTBA,RG,3920,1,D,YP,BB,D
14:31:45,PTBA,RG,3920,3,D,YP,XL,D
14:31:45,PTBA,RG,3920,1,D,YP,YB,D
14:31:45,PTBA,RG,3920,25,D,YP,YP,D
14:31:45,PTBA,RG,3920,1,D,YP,BB,D
14:31:45,PTBA,RG,3920,10,D,YP,KK,D
14:31:45,PTBA,RG,3920,20,D,YP,YP,D
14:31:45,PTBA,RG,3920,17,D,YP,BB,D
14:31:45,PTBA,RG,3920,3,D,YP,BB,D
14:31:45,PTBA,RG,3920,2,D,YP,BB,D
14:31:45,PTBA,RG,3920,20,D,YP,BB,D
14:31:45,PTBA,RG,3920,12,D,YP,PD,D
14:31:45,PTBA,RG,3920,70,D,YP,CC,D
14:31:45,PTBA,RG,3920,5,D,YP,PD,D
14:31:45,PTBA,RG,3920,5,D,YP,YU,D
14:31:45,PTBA,RG,3920,12,D,YP,YP,D
14:31:45,PTBA,RG,3920,29,D,CC,YP,D
14:31:45,PTBA,RG,3920,9,D,CC,YP,D
14:31:45,PTBA,RG,3920,7,D,CC,LG,D
14:31:45,PTBA,RG,3920,95,D,CC,EP,D
14:31:44,PTBA,RG,3920,10,D,XC,EP,D
14:31:44,PTBA,RG,3920,45,D,SQ,EP,D
14:31:44,PTBA,RG,3920,5,D,SQ,EP,D
14:31:44,PTBA,RG,3920,2551,D,SQ,YP,D
14:31:44,PTBA,RG,3920,13,D,SQ,CS,D
14:31:44,PTBA,RG,3920,42,D,SQ,BB,D
14:31:44,PTBA,RG,3920,5,D,SQ,YP,D
14:31:44,PTBA,RG,3920,1,D,SQ,PD,D
14:31:44,PTBA,RG,3920,300,D,SQ,KK,D
14:31:44,PTBA,RG,3920,28,D,SQ,XC,D
14:31:44,PTBA,RG,3920,15,D,SQ,EP,D
14:31:44,PTBA,RG,3920,3,D,SQ,YP,D
14:31:44,PTBA,RG,3920,4,D,SQ,XL,D
14:31:44,PTBA,RG,3920,25,D,SQ,XL,D
14:31:44,PTBA,RG,3920,210,D,SQ,BK,F
14:31:44,PTBA,RG,3920,2,D,SQ,PD,D
14:31:44,PTBA,RG,3920,20,D,SQ,PD,D
14:31:44,PTBA,RG,3920,2,D,SQ,XL,D
14:31:44,PTBA,RG,3920,10,D,SQ,YP,D
14:31:44,PTBA,RG,3920,20,D,SQ,CC,D
14:31:44,PTBA,RG,3920,19,D,SQ,CC,D
14:31:44,PTBA,RG,3920,279,D,SQ,BK,F
14:31:44,PTBA,RG,3920,20,D,SQ,CC,D
14:31:44,PTBA,RG,3920,50,D,SQ,KK,D
14:31:44,PTBA,RG,3920,911,D,SQ,PD,D
14:31:44,PTBA,RG,3920,100,D,SQ,YP,D
14:31:44,PTBA,RG,3920,10,D,SQ,YU,D
14:31:44,PTBA,RG,3920,12,D,SQ,PD,D
14:31:44,PTBA,RG,3920,6,D,SQ,DR,D
14:31:44,PTBA,RG,3920,200,D,SQ,CC,D
14:31:44,PTBA,RG,3920,3,D,SQ,BB,D
14:31:44,PTBA,RG,3920,1,D,SQ,PD,D
14:31:44,PTBA,RG,3920,20,D,SQ,PD,D
14:31:44,PTBA,RG,3920,6,D,SQ,XC,D
14:31:44,PTBA,RG,3920,2,D,SQ,YP,D
14:31:44,PTBA,RG,3920,2,D,SQ,CC,D
14:31:44,PTBA,RG,3920,58,D,SQ,KZ,D
14:31:43,PTBA,RG,3920,1,D,XC,KZ,D
14:31:38,PTBA,RG,3920,4,D,PD,KZ,D
14:31:35,PTBA,RG,3920,25,D,CP,KZ,D
14:31:33,PTBA,RG,3920,1,D,PD,KZ,D
14:31:33,PTBA,RG,3920,1,D,PD,KZ,D
14:31:23,PTBA,RG,3910,1,D,SQ,EP,D
14:31:22,PTBA,RG,3920,2,D,XC,KZ,D
14:31:22,PTBA,RG,3920,2,D,DH,KZ,D
14:31:20,PTBA,RG,3920,10,D,DR,KZ,D
14:31:20,PTBA,RG,3920,7,D,DR,YP,D
14:31:20,PTBA,RG,3920,5,D,DR,PD,D
14:31:20,PTBA,RG,3920,50,D,DR,AZ,D
14:31:20,PTBA,RG,3920,10,D,DR,XC,D
14:31:20,PTBA,RG,3920,18,D,DR,YP,D
14:31:18,PTBA,RG,3910,40,D,SQ,XC,D
14:31:16,PTBA,RG,3910,100,D,SQ,SQ,D
14:31:16,PTBA,RG,3910,25,D,SQ,AK,F
14:31:16,PTBA,RG,3910,24,D,SQ,AK,F
14:31:16,PTBA,RG,3910,27,D,SQ,AK,F
14:31:16,PTBA,RG,3910,2,D,SQ,AK,F
14:31:16,PTBA,RG,3910,2,D,SQ,AK,F
14:31:16,PTBA,RG,3910,22,D,SQ,AK,F
14:31:16,PTBA,RG,3910,21,D,SQ,AK,F
14:31:16,PTBA,RG,3910,1328,D,SQ,BK,F
14:31:16,PTBA,RG,3910,5,D,SQ,EP,D
14:31:16,PTBA,RG,3910,28,D,SQ,YP,D
14:31:16,PTBA,RG,3910,40,D,SQ,CS,D
14:31:16,PTBA,RG,3910,26,D,SQ,CS,D
14:31:16,PTBA,RG,3910,1215,D,SQ,GR,D
14:31:15,PTBA,RG,3900,20,D,LS,XC,D
14:31:12,PTBA,RG,3910,40,D,YU,GR,D
14:31:11,PTBA,RG,3910,3,D,NI,GR,D
14:31:09,PTBA,RG,3910,2,D,XL,GR,D
14:31:09,PTBA,RG,3910,50,D,LG,GR,D
14:31:09,PTBA,RG,3910,16,D,PD,GR,D
14:31:08,PTBA,RG,3910,8,D,XL,GR,D
14:31:07,PTBA,RG,3910,2,D,XL,GR,D
14:31:07,PTBA,RG,3910,20,D,OD,GR,D
14:31:07,PTBA,RG,3910,100,D,YP,GR,D
14:31:07,PTBA,RG,3910,6,D,PD,GR,D
14:31:07,PTBA,RG,3910,1,D,DH,GR,D
14:31:07,PTBA,RG,3910,50,D,LG,GR,D
14:31:07,PTBA,RG,3910,1,D,PD,GR,D
14:31:07,PTBA,RG,3910,7,D,YP,GR,D
14:31:07,PTBA,RG,3910,125,D,PD,GR,D
14:31:07,PTBA,RG,3910,1,D,XL,GR,D
14:31:07,PTBA,RG,3910,1,D,XC,GR,D
14:31:07,PTBA,RG,3910,10,D,BQ,GR,D
14:31:07,PTBA,RG,3910,12,D,XC,GR,D
14:31:07,PTBA,RG,3910,1,D,XL,GR,D
14:31:07,PTBA,RG,3910,200,D,DH,GR,D
14:31:07,PTBA,RG,3910,1,D,LG,GR,D
14:31:07,PTBA,RG,3910,10,D,XL,GR,D
14:31:07,PTBA,RG,3910,1,D,XC,GR,D
14:31:07,PTBA,RG,3910,2,D,PD,GR,D
14:31:07,PTBA,RG,3910,1,D,NI,GR,D
14:31:07,PTBA,RG,3910,1,D,PD,GR,D
14:31:07,PTBA,RG,3910,5,D,PD,GR,D
14:31:07,PTBA,RG,3910,108,F,DX,GR,D
14:31:04,PTBA,RG,3910,76,F,DX,GR,D
14:31:04,PTBA,RG,3910,59,F,AK,GR,D
14:31:04,PTBA,RG,3910,135,F,DX,GR,D
14:31:04,PTBA,RG,3910,145,F,DX,YU,D
14:31:03,PTBA,RG,3910,6,F,DX,YP,D
14:31:00,PTBA,RG,3910,100,F,DX,CC,D
14:30:59,PTBA,RG,3910,5,F,DX,ZP,D
14:30:58,PTBA,RG,3910,19,F,DX,XC,D
14:30:57,PTBA,RG,3910,5,F,DX,YP,D
14:30:57,PTBA,RG,3910,9,F,DX,DH,D
14:30:55,PTBA,RG,3910,30,F,DX,NI,D
14:30:52,PTBA,RG,3910,1,F,DX,PD,D
14:30:51,PTBA,RG,3910,15,F,DX,YP,D
14:30:48,PTBA,RG,3910,3,F,DX,XC,D
14:30:47,PTBA,RG,3910,204,F,DX,XL,D
14:30:46,PTBA,RG,3910,25,F,DX,YP,D
14:30:39,PTBA,RG,3910,5,F,DX,CC,D
14:30:35,PTBA,RG,3910,15,F,DX,EP,D
14:30:32,PTBA,RG,3910,15,F,DX,PD,D
14:30:21,PTBA,RG,3910,3,F,DX,GR,D
14:30:20,PTBA,RG,3910,50,F,DX,CC,D
14:30:19,PTBA,RG,3910,509,F,DX,PD,D
14:30:19,PTBA,RG,3910,10,D,XC,PD,D
14:30:19,PTBA,RG,3910,5,D,PD,PD,D
14:30:19,PTBA,RG,3910,1,D,PD,PD,D
14:30:19,PTBA,RG,3910,10,D,CC,PD,D
14:30:19,PTBA,RG,3910,128,D,CC,PD,D
14:30:19,PTBA,RG,3910,10,D,YU,PD,D
14:30:19,PTBA,RG,3910,2,D,YP,PD,D
14:30:19,PTBA,RG,3910,1,D,YP,PD,D
14:30:19,PTBA,RG,3910,5,D,PD,PD,D
14:30:19,PTBA,RG,3910,1,D,YP,PD,D
14:30:19,PTBA,RG,3910,1,D,XC,PD,D
14:30:19,PTBA,RG,3910,10,D,CC,PD,D
14:30:19,PTBA,RG,3910,3,D,DH,PD,D
14:30:19,PTBA,RG,3910,1,D,NI,PD,D
14:30:19,PTBA,RG,3910,10,D,XL,PD,D
14:30:19,PTBA,RG,3910,6,D,XL,PD,D
14:30:19,PTBA,RG,3910,236,D,NI,PD,D
14:30:19,PTBA,RG,3910,1,D,EP,PD,D
14:30:19,PTBA,RG,3910,6,D,PD,PD,D
14:30:19,PTBA,RG,3910,3,D,CC,PD,D
14:30:19,PTBA,RG,3910,6,D,XC,PD,D
14:30:19,PTBA,RG,3910,2,D,GR,PD,D
14:30:19,PTBA,RG,3910,33,D,DX,PD,D
14:30:17,PTBA,RG,3910,500,D,DX,NI,D
14:30:15,PTBA,RG,3910,10,D,DX,XC,D
14:30:13,PTBA,RG,3910,25,D,DX,NI,D
14:30:12,PTBA,RG,3910,50,D,DX,KK,D
14:30:09,PTBA,RG,3910,10,D,DX,DR,D
14:30:09,PTBA,RG,3910,50,D,DX,CC,D
14:30:09,PTBA,RG,3910,88,D,DX,KZ,D
14:30:09,PTBA,RG,3910,2,D,GR,KZ,D
14:30:09,PTBA,RG,3910,20,D,XC,KZ,D
14:30:09,PTBA,RG,3910,2,D,PD,KZ,D
14:30:09,PTBA,RG,3910,1,D,XC,KZ,D
14:30:09,PTBA,RG,3910,1,D,XL,KZ,D
14:30:09,PTBA,RG,3910,10,D,PD,KZ,D
14:30:09,PTBA,RG,3910,5,D,PD,KZ,D
14:30:09,PTBA,RG,3910,5,D,XC,KZ,D
14:30:09,PTBA,RG,3910,38,D,NI,KZ,D
14:30:09,PTBA,RG,3910,20,D,YP,KZ,D
14:30:09,PTBA,RG,3910,75,D,CC,KZ,D
14:30:09,PTBA,RG,3910,1,D,XC,KZ,D
14:30:09,PTBA,RG,3910,5,D,PD,KZ,D
14:30:09,PTBA,RG,3910,2,D,YP,KZ,D
14:30:09,PTBA,RG,3910,10,D,XL,KZ,D
14:30:09,PTBA,RG,3910,3,D,YP,KZ,D
14:30:09,PTBA,RG,3910,2,D,NI,KZ,D
14:30:09,PTBA,RG,3910,2,D,XC,KZ,D
14:30:09,PTBA,RG,3910,5,D,KK,KZ,D
14:30:09,PTBA,RG,3910,1,D,PD,KZ,D
14:30:09,PTBA,RG,3910,1,D,NI,KZ,D
14:30:09,PTBA,RG,3910,100,D,LS,KZ,D
14:30:09,PTBA,RG,3910,4,D,YP,KZ,D
14:30:09,PTBA,RG,3910,5,D,CC,KZ,D
14:30:09,PTBA,RG,3910,50,D,CC,KZ,D
14:30:09,PTBA,RG,3910,3,D,PD,KZ,D
14:30:08,PTBA,RG,3910,7,D,PD,PD,D
14:30:08,PTBA,RG,3910,2,D,KK,PD,D
14:30:08,PTBA,RG,3910,40,D,YP,PD,D
14:30:08,PTBA,RG,3910,50,D,BQ,PD,D
14:30:08,PTBA,RG,3910,1,D,PD,PD,D
14:30:08,PTBA,RG,3910,75,F,DX,PD,D
14:30:07,PTBA,RG,3910,20,F,DX,XC,D
14:30:07,PTBA,RG,3910,60,F,DX,YP,D
14:30:04,PTBA,RG,3910,16,F,DX,AZ,D
14:30:04,PTBA,RG,3910,5,D,OD,AZ,D
14:30:04,PTBA,RG,3910,2,D,YP,AZ,D
14:30:04,PTBA,RG,3910,1,D,DR,AZ,D
14:30:04,PTBA,RG,3910,4,D,KK,AZ,D
14:30:04,PTBA,RG,3910,10,D,CC,AZ,D
14:30:04,PTBA,RG,3910,1,D,XC,AZ,D
14:30:04,PTBA,RG,3910,11,D,YP,AZ,D
14:30:04,PTBA,RG,3910,5,D,YP,YP,D
14:30:04,PTBA,RG,3910,5,D,YP,PD,D
14:29:59,PTBA,RG,3910,79,D,YP,KZ,D
14:29:59,PTBA,RG,3910,2,D,YP,KZ,D
14:29:59,PTBA,RG,3910,2,D,XC,KZ,D
14:29:59,PTBA,RG,3910,1,D,NI,KZ,D
14:29:59,PTBA,RG,3910,5,D,YP,KZ,D
14:29:59,PTBA,RG,3910,20,D,BQ,KZ,D
14:29:59,PTBA,RG,3910,1,D,XL,KZ,D
14:29:59,PTBA,RG,3910,7,D,PD,KZ,D
14:29:59,PTBA,RG,3910,3,D,PD,KZ,D
14:29:59,PTBA,RG,3910,50,D,GR,KZ,D
14:29:59,PTBA,RG,3910,4,D,YP,KZ,D
14:29:59,PTBA,RG,3910,10,D,LS,KZ,D
14:29:59,PTBA,RG,3910,5,D,XL,KZ,D
14:29:59,PTBA,RG,3910,13,D,XC,KZ,D
14:29:59,PTBA,RG,3910,3,D,YP,KZ,D
14:29:59,PTBA,RG,3910,50,D,YP,KZ,D
14:29:59,PTBA,RG,3910,25,D,CC,KZ,D
14:29:59,PTBA,RG,3910,1,D,XC,KZ,D
14:29:59,PTBA,RG,3910,5,D,YJ,KZ,D
14:29:59,PTBA,RG,3910,26,D,XL,KZ,D
14:29:59,PTBA,RG,3910,153,F,CC,KZ,D
14:29:58,PTBA,RG,3910,12,F,CC,XC,D
14:29:58,PTBA,RG,3910,30,D,NI,XC,D
14:29:58,PTBA,RG,3910,10,D,CC,XC,D
14:29:58,PTBA,RG,3910,10,D,PD,XC,D
14:29:58,PTBA,RG,3910,3,D,XC,XC,D
14:29:58,PTBA,RG,3910,7,D,CC,XC,D
14:29:58,PTBA,RG,3910,1,D,DH,XC,D
14:29:58,PTBA,RG,3910,5,D,NI,XC,D
14:29:58,PTBA,RG,3910,5,D,MG,XC,D
14:29:58,PTBA,RG,3910,8,D,CC,XC,D
14:29:58,PTBA,RG,3910,97,D,YP,XC,D
14:29:56,PTBA,RG,3910,1,D,YP,NI,D
14:29:56,PTBA,RG,3910,2,D,YP,PD,D
14:29:56,PTBA,RG,3910,6,D,GR,PD,D
14:29:55,PTBA,RG,3910,294,D,GR,AG,D
14:29:55,PTBA,RG,3910,24,F,DX,AG,D
14:29:55,PTBA,RG,3910,35,D,YP,AG,D
14:29:55,PTBA,RG,3910,100,D,GR,AG,D
14:29:55,PTBA,RG,3910,20,D,CC,AG,D
14:29:55,PTBA,RG,3910,64,F,AK,AG,D
14:29:55,PTBA,RG,3910,1,D,XL,AG,D
14:29:55,PTBA,RG,3910,25,D,DH,AG,D
14:29:55,PTBA,RG,3910,1,D,PD,AG,D
14:29:55,PTBA,RG,3910,2,D,PD,AG,D
14:29:55,PTBA,RG,3910,10,D,KK,AG,D
14:29:55,PTBA,RG,3910,1,D,KK,AG,D
14:29:55,PTBA,RG,3910,4,D,PD,AG,D
14:29:55,PTBA,RG,3910,2,D,DR,AG,D
14:29:55,PTBA,RG,3910,1,D,PD,AG,D
14:29:55,PTBA,RG,3910,100,D,YP,AG,D
14:29:55,PTBA,RG,3910,3,D,YP,AG,D
14:29:55,PTBA,RG,3910,3,D,YP,AG,D
14:29:55,PTBA,RG,3910,14,D,XL,AG,D
14:29:55,PTBA,RG,3910,2,D,PD,AG,D
14:29:55,PTBA,RG,3910,2,D,YP,AG,D
14:29:55,PTBA,RG,3910,1,D,XC,AG,D
14:29:55,PTBA,RG,3910,5,D,YP,AG,D
14:29:55,PTBA,RG,3910,100,D,KK,AG,D
14:29:55,PTBA,RG,3910,400,D,PD,AG,D
14:29:55,PTBA,RG,3910,691,D,SQ,AG,D
14:29:55,PTBA,RG,3910,10,D,BQ,AG,D
14:29:55,PTBA,RG,3910,2,D,PC,AG,D
14:29:55,PTBA,RG,3910,1,D,YP,AG,D
14:29:55,PTBA,RG,3910,20,D,YP,AG,D
14:29:55,PTBA,RG,3910,5,F,AG,AG,D
14:29:55,PTBA,RG,3910,1,D,XL,AG,D
14:29:55,PTBA,RG,3910,3,D,LG,AG,D
14:29:55,PTBA,RG,3910,3,D,SQ,AG,D
14:29:55,PTBA,RG,3910,2,D,CC,AG,D
14:29:55,PTBA,RG,3910,15,D,CC,AG,D
14:29:55,PTBA,RG,3910,20,D,HP,AG,D
14:29:55,PTBA,RG,3910,5,D,YP,AG,D
14:29:55,PTBA,RG,3910,1,D,XC,AG,D
14:29:55,PTBA,RG,3910,2,D,NI,AG,D
14:29:55,PTBA,RG,3910,20,D,PD,AG,D
14:29:55,PTBA,RG,3910,10,D,SQ,AG,D
14:29:55,PTBA,RG,3910,25,D,YP,AG,D
14:29:55,PTBA,RG,3910,1,D,NI,AG,D
14:29:55,PTBA,RG,3910,949,F,DX,AG,D
14:29:53,PTBA,RG,3910,156,F,DX,YP,D
14:29:53,PTBA,RG,3910,445,F,DX,YP,D
14:29:47,PTBA,RG,3910,5,F,DX,YP,D
14:29:45,PTBA,RG,3910,1,F,DX,XL,D
14:29:43,PTBA,RG,3910,5,F,DX,YJ,D
14:29:41,PTBA,RG,3920,3,D,CC,YP,D
14:29:40,PTBA,RG,3910,1,F,DX,NI,D
14:29:37,PTBA,RG,3910,10,F,DX,CC,D
14:29:34,PTBA,RG,3910,35,F,DX,XC,D
14:29:29,PTBA,RG,3910,5,F,DX,YP,D
14:29:28,PTBA,RG,3910,3,F,DX,XL,D
14:29:28,PTBA,RG,3920,9,D,XL,YP,D
14:29:28,PTBA,RG,3920,43,D,XL,BK,F
14:29:26,PTBA,RG,3920,13,D,XC,BK,F
14:29:24,PTBA,RG,3920,21,D,DX,BK,F
14:29:24,PTBA,RG,3920,307,D,DX,YU,D
14:29:24,PTBA,RG,3920,2,D,SQ,YU,D
14:29:20,PTBA,RG,3920,1,D,KK,YU,D
14:29:19,PTBA,RG,3910,6,F,DX,ZP,D
14:29:08,PTBA,RG,3910,42,F,DX,ZP,F
14:29:08,PTBA,RG,3910,13,F,DX,ZP,F
14:29:05,PTBA,RG,3910,25,F,DX,PD,D
14:28:57,PTBA,RG,3910,119,F,DX,HP,D
14:28:57,PTBA,RG,3910,11,F,DX,YP,D
14:28:53,PTBA,RG,3920,6,D,XC,YU,D
14:28:45,PTBA,RG,3910,3,F,DX,CC,D
14:28:44,PTBA,RG,3910,5,F,DX,XC,D
14:28:42,PTBA,RG,3910,14,F,DX,BB,D
14:28:42,PTBA,RG,3920,10,D,XC,YU,D
14:28:40,PTBA,RG,3920,1,D,KK,YU,D
14:28:39,PTBA,RG,3910,6,F,DX,XL,D
14:28:38,PTBA,RG,3920,2,D,PD,YU,D
14:28:38,PTBA,RG,3910,10,F,DX,XC,D
14:28:36,PTBA,RG,3910,1,F,DX,BB,D
14:28:35,PTBA,RG,3910,8,F,DX,XA,D
14:28:34,PTBA,RG,3910,366,F,DX,GR,D
14:28:34,PTBA,RG,3910,1,D,PD,GR,D
14:28:34,PTBA,RG,3910,7,D,XC,GR,D
14:28:34,PTBA,RG,3910,10,D,CC,GR,D
14:28:34,PTBA,RG,3910,100,D,HD,GR,D
14:28:34,PTBA,RG,3910,116,F,DX,GR,D
14:28:34,PTBA,RG,3910,5,F,DX,PD,D
14:28:32,PTBA,RG,3910,1,F,DX,KK,D
14:28:29,PTBA,RG,3920,25,D,YU,YU,D
14:28:28,PTBA,RG,3920,1,D,KK,YU,D
14:28:22,PTBA,RG,3910,159,F,DX,NI,D
14:28:22,PTBA,RG,3910,1,D,AZ,NI,D
14:28:22,PTBA,RG,3910,1000,D,EP,NI,D
14:28:22,PTBA,RG,3910,240,D,SQ,NI,D
14:28:21,PTBA,RG,3920,100,D,YP,YU,D
14:28:21,PTBA,RG,3920,1,D,XL,YU,D
14:28:18,PTBA,RG,3910,14,D,SQ,XC,D
14:28:16,PTBA,RG,3910,1,D,SQ,XC,D
14:28:14,PTBA,RG,3920,20,D,BQ,YU,D
14:28:14,PTBA,RG,3920,1,D,NI,YU,D
14:28:11,PTBA,RG,3910,9,D,SQ,EP,D
14:28:11,PTBA,RG,3920,23,D,NI,YU,D
14:28:11,PTBA,RG,3920,27,D,NI,BB,D
14:28:08,PTBA,RG,3920,25,D,YP,BB,D
14:28:08,PTBA,RG,3910,2,D,SQ,XL,D
14:28:05,PTBA,RG,3910,80,D,SQ,YP,D
14:28:03,PTBA,RG,3910,10,D,SQ,IF,D
14:28:00,PTBA,RG,3910,2,D,SQ,YP,D
14:27:54,PTBA,RG,3910,10,D,SQ,NI,D
14:27:53,PTBA,RG,3910,20,D,SQ,PD,D
14:27:53,PTBA,RG,3920,2,D,CC,BB,D
14:27:52,PTBA,RG,3910,3,D,SQ,CC,D
14:27:51,PTBA,RG,3920,7,D,XC,BB,D
14:27:46,PTBA,RG,3910,10,D,SQ,MG,D
14:27:43,PTBA,RG,3910,62,D,SQ,BB,D
14:27:43,PTBA,RG,3920,2,D,XC,BB,D
14:27:40,PTBA,RG,3920,2,D,KK,BB,D
14:27:37,PTBA,RG,3920,10,D,MG,BB,D
14:27:36,PTBA,RG,3920,1,D,NI,BB,D
14:27:30,PTBA,RG,3910,37,D,SQ,YP,D
14:27:30,PTBA,RG,3910,1,D,CC,YP,D
14:27:30,PTBA,RG,3910,5,D,NI,YP,D
14:27:30,PTBA,RG,3910,1,D,YP,YP,D
14:27:30,PTBA,RG,3910,50,D,YP,YP,D
14:27:30,PTBA,RG,3910,3,D,CC,YP,D
14:27:30,PTBA,RG,3910,9,D,NI,YP,D
14:27:30,PTBA,RG,3910,5,D,YP,YP,D
14:27:30,PTBA,RG,3910,54,D,YP,YP,D
14:27:27,PTBA,RG,3910,46,D,YP,NI,D
14:27:27,PTBA,RG,3910,25,D,YP,NI,D
14:27:27,PTBA,RG,3910,200,D,DH,NI,D
14:27:27,PTBA,RG,3910,233,F,DX,NI,D
14:27:27,PTBA,RG,3910,2,D,CP,NI,D
14:27:27,PTBA,RG,3910,44,D,PD,NI,D
14:27:27,PTBA,RG,3910,10,D,PD,PD,D
14:27:23,PTBA,RG,3920,1,D,CC,BB,D
14:27:22,PTBA,RG,3920,2,D,PD,BB,D
14:27:19,PTBA,RG,3910,24,D,PD,XC,D
14:27:18,PTBA,RG,3920,141,D,PD,BB,D
14:27:18,PTBA,RG,3920,9,D,PD,BB,D
14:27:14,PTBA,RG,3910,10,D,PD,PD,D
14:27:13,PTBA,RG,3920,1,D,NI,BB,D
14:27:12,PTBA,RG,3910,11,D,PD,PD,D
14:27:11,PTBA,RG,3920,1,D,KK,BB,D
14:27:09,PTBA,RG,3920,1,D,GR,BB,D
14:27:09,PTBA,RG,3920,14,D,DR,BB,D
14:27:07,PTBA,RG,3910,1,D,PD,PD,D
14:27:07,PTBA,RG,3910,1,D,YP,PD,D
14:27:07,PTBA,RG,3910,5,D,OD,PD,D
14:27:07,PTBA,RG,3910,15,D,DR,PD,D
14:27:07,PTBA,RG,3910,20,D,YP,PD,D
14:27:06,PTBA,RG,3910,34,D,YP,BB,D
14:27:05,PTBA,RG,3920,24,D,XC,BB,D
14:27:02,PTBA,RG,3920,1,D,KK,BB,D
14:27:00,PTBA,RG,3910,15,D,YP,YP,D
14:26:58,PTBA,RG,3920,1,D,SQ,BB,D
14:26:56,PTBA,RG,3920,5,D,CC,BB,D
14:26:54,PTBA,RG,3910,62,D,YP,BB,D
14:26:52,PTBA,RG,3920,1,D,OD,BB,D
14:26:51,PTBA,RG,3920,24,D,XL,BB,D
14:26:51,PTBA,RG,3920,26,D,XL,BB,D
14:26:45,PTBA,RG,3920,2,D,PD,BB,D
14:26:44,PTBA,RG,3910,1,D,YP,XC,D
14:26:41,PTBA,RG,3920,23,F,BK,BB,D
14:26:41,PTBA,RG,3920,11,F,BK,BB,D
14:26:41,PTBA,RG,3920,2,F,BK,BB,D
14:26:38,PTBA,RG,3920,117,D,CC,BB,D
14:26:33,PTBA,RG,3910,20,D,YP,DR,D
14:26:29,PTBA,RG,3920,13,D,YP,BB,D
14:26:28,PTBA,RG,3920,2,D,CC,BB,D
14:26:26,PTBA,RG,3910,4,D,YP,GR,D
14:26:25,PTBA,RG,3920,3,D,YP,BB,D
14:26:20,PTBA,RG,3920,122,D,XL,BB,D
14:26:16,PTBA,RG,3920,2,D,CC,BB,D
14:26:14,PTBA,RG,3920,35,F,BK,BB,D
14:26:14,PTBA,RG,3920,5,D,YP,BB,D
14:26:10,PTBA,RG,3920,34,F,BK,BB,D
14:26:10,PTBA,RG,3910,15,D,YP,LG,D
14:26:09,PTBA,RG,3910,1,D,YP,XC,D
14:26:08,PTBA,RG,3920,2,D,PD,BB,D
14:26:08,PTBA,RG,3910,28,D,YP,BB,D
14:26:07,PTBA,RG,3910,367,D,YP,BB,D
14:26:06,PTBA,RG,3910,12,D,YP,CC,D
14:26:01,PTBA,RG,3910,48,D,YP,BB,D
14:25:59,PTBA,RG,3920,44,F,BK,BB,D
14:25:58,PTBA,RG,3910,100,D,YP,LG,D
14:25:56,PTBA,RG,3920,64,F,BK,BB,D
14:25:54,PTBA,RG,3910,27,D,YP,BB,D
14:25:53,PTBA,RG,3910,3,D,YP,KK,D
14:25:52,PTBA,RG,3910,243,D,YP,BB,D
14:25:52,PTBA,RG,3910,7,D,PD,BB,D
14:25:52,PTBA,RG,3910,8,D,PD,XC,D
14:25:52,PTBA,RG,3910,8,D,PD,CC,D
14:25:52,PTBA,RG,3920,18,F,BK,BB,D
14:25:52,PTBA,RG,3920,80,F,BK,BB,D
14:25:52,PTBA,RG,3920,6,F,BK,BB,D
14:25:51,PTBA,RG,3910,19,D,PD,XC,D
14:25:51,PTBA,RG,3910,1,D,XC,XC,D
14:25:47,PTBA,RG,3910,1,D,YP,XC,D
14:25:47,PTBA,RG,3910,24,F,BK,CS,D
14:25:46,PTBA,RG,3910,1,F,BK,BB,D
14:25:46,PTBA,RG,3910,10,F,BK,BB,D
14:25:46,PTBA,RG,3910,1,F,BK,BB,D
14:25:46,PTBA,RG,3910,2,F,BK,AK,F
14:25:46,PTBA,RG,3910,3,F,BK,XC,D
14:25:46,PTBA,RG,3910,21,F,BK,BK,F
14:25:46,PTBA,RG,3910,9,F,BK,BK,F
14:25:46,PTBA,RG,3910,29,F,BK,AK,F
14:25:46,PTBA,RG,3910,2,F,BK,AK,F
14:25:46,PTBA,RG,3910,27,F,BK,AK,F
14:25:46,PTBA,RG,3910,25,F,BK,AK,F
14:25:46,PTBA,RG,3910,3,F,BK,AK,F
14:25:46,PTBA,RG,3910,2,F,BK,AK,F
14:25:46,PTBA,RG,3910,24,F,BK,AK,F
14:25:46,PTBA,RG,3910,9,D,XC,AK,F
14:25:45,PTBA,RG,3910,18,D,GR,AK,F
14:25:45,PTBA,RG,3910,180,D,GR,CC,D
14:25:45,PTBA,RG,3910,10,D,GR,PD,D
14:25:45,PTBA,RG,3910,188,D,GR,BB,D
14:25:45,PTBA,RG,3910,14,D,GR,BB,D
14:25:45,PTBA,RG,3910,4,D,GR,BB,D
14:25:45,PTBA,RG,3910,33,D,GR,BB,D
14:25:45,PTBA,RG,3910,4,D,GR,BB,D
14:25:45,PTBA,RG,3910,2,D,GR,BB,D
14:25:45,PTBA,RG,3910,32,D,GR,BB,D
14:25:45,PTBA,RG,3910,16,D,GR,CS,D
14:25:45,PTBA,RG,3910,7,D,GR,CS,D
14:25:45,PTBA,RG,3910,1,D,GR,XC,D
14:25:45,PTBA,RG,3910,16,D,GR,PD,D
14:25:45,PTBA,RG,3910,3,D,GR,YP,D
14:25:45,PTBA,RG,3910,1,D,GR,BB,D
14:25:45,PTBA,RG,3910,4,D,GR,XC,D
14:25:45,PTBA,RG,3910,100,D,GR,CC,D
14:25:45,PTBA,RG,3910,5,D,GR,XL,D
14:25:45,PTBA,RG,3910,26,D,GR,ZP,F
14:25:45,PTBA,RG,3910,50,D,GR,YP,D
14:25:45,PTBA,RG,3910,3,D,GR,XC,D
14:25:45,PTBA,RG,3910,32,D,GR,AK,F
14:25:45,PTBA,RG,3910,3,D,GR,AK,F
14:25:45,PTBA,RG,3910,25,D,GR,AK,F
14:25:45,PTBA,RG,3910,3,D,GR,XC,D
14:25:45,PTBA,RG,3910,5,D,GR,PD,D
14:25:45,PTBA,RG,3910,5,D,GR,PD,D
14:25:45,PTBA,RG,3910,1000,D,GR,NI,D
14:25:45,PTBA,RG,3910,55,D,GR,YP,D
14:25:45,PTBA,RG,3910,100,D,GR,YP,D
14:25:45,PTBA,RG,3910,25,D,GR,AK,F
14:25:45,PTBA,RG,3910,29,D,GR,AK,F
14:25:45,PTBA,RG,3910,1,D,GR,AK,F
14:25:45,PTBA,RG,3910,5,D,CC,AK,F
14:25:43,PTBA,RG,3910,7,D,PD,AK,F
14:25:43,PTBA,RG,3910,23,D,YP,AK,F
14:25:43,PTBA,RG,3910,2,D,YP,AK,F
14:25:43,PTBA,RG,3910,2,D,YP,AK,F
14:25:43,PTBA,RG,3910,2,D,YP,AK,F
14:25:43,PTBA,RG,3910,21,D,YP,AK,F
14:25:43,PTBA,RG,3910,33,D,YP,AK,F
14:25:43,PTBA,RG,3910,20,D,YP,AK,F
14:25:43,PTBA,RG,3910,15,D,YP,YP,D
14:25:43,PTBA,RG,3910,25,D,YP,YP,D
14:25:43,PTBA,RG,3910,57,D,YP,YB,D
14:25:43,PTBA,RG,3910,53,F,BK,YB,D
14:25:42,PTBA,RG,3910,1,D,YP,YB,D
14:25:42,PTBA,RG,3910,1,D,YU,YB,D
14:25:41,PTBA,RG,3910,2,D,CC,YB,D
14:25:41,PTBA,RG,3900,1,D,LS,NI,D
14:25:41,PTBA,RG,3910,4,D,PD,YB,D
14:25:41,PTBA,RG,3910,2,F,BK,YB,D
14:25:41,PTBA,RG,3910,2,F,BK,YP,D
14:25:41,PTBA,RG,3910,15,F,BK,KK,D
14:25:41,PTBA,RG,3910,16,F,BK,BK,F
14:25:41,PTBA,RG,3900,100,D,LS,IF,D
14:25:41,PTBA,RG,3900,3,D,LS,EP,D
14:25:40,PTBA,RG,3910,1,D,YP,BK,F
14:25:39,PTBA,RG,3900,7,D,LS,XC,D
14:25:39,PTBA,RG,3910,1,D,DH,BK,F
14:25:38,PTBA,RG,3910,13,D,KK,BK,F
14:25:38,PTBA,RG,3910,25,D,GR,BK,F
14:25:37,PTBA,RG,3910,1,D,YP,BK,F
14:25:37,PTBA,RG,3900,8,D,LS,PD,D
14:25:37,PTBA,RG,3910,139,F,BK,BK,F
14:25:36,PTBA,RG,3910,5,D,MG,BK,F
14:25:35,PTBA,RG,3910,239,F,AK,BK,F
14:25:35,PTBA,RG,3910,16,F,AK,PD,D
14:25:35,PTBA,RG,3910,80,F,AK,LG,D
14:25:35,PTBA,RG,3910,1,F,AK,XC,D
14:25:35,PTBA,RG,3910,59,F,AK,BB,D
14:25:35,PTBA,RG,3910,345,F,AK,BB,D
14:25:35,PTBA,RG,3910,38,F,AK,BB,D
14:25:35,PTBA,RG,3910,61,F,AK,BB,D
14:25:35,PTBA,RG,3910,4,F,AK,BB,D
14:25:35,PTBA,RG,3910,3,F,AK,CS,D
14:25:35,PTBA,RG,3910,8,F,AK,BB,D
14:25:35,PTBA,RG,3910,103,F,AK,BB,D
14:25:33,PTBA,RG,3910,79,F,BK,BB,D
14:25:33,PTBA,RG,3900,1,D,LS,YB,D
14:25:32,PTBA,RG,3910,71,D,KI,BB,D
14:25:32,PTBA,RG,3910,15,D,KI,ZP,F
14:25:32,PTBA,RG,3910,26,D,KI,CS,D
14:25:32,PTBA,RG,3910,10,D,KI,CS,D
14:25:32,PTBA,RG,3910,23,D,KI,CS,D
14:25:32,PTBA,RG,3910,5,D,KI,XC,D
14:25:32,PTBA,RG,3910,100,D,KI,DR,D
14:25:32,PTBA,RG,3910,250,D,CC,DR,D
14:25:31,PTBA,RG,3910,200,D,YP,DR,D
14:25:31,PTBA,RG,3900,70,D,LS,BB,D
14:25:29,PTBA,RG,3900,24,D,LS,CC,D
14:25:28,PTBA,RG,3910,2000,D,GR,DR,D
14:25:27,PTBA,RG,3910,1,D,YP,DR,D
14:25:26,PTBA,RG,3900,25,D,LS,AK,F
14:25:26,PTBA,RG,3910,110,D,CC,DR,D
14:25:25,PTBA,RG,3910,4,D,XC,DR,D
14:25:25,PTBA,RG,3900,9,D,LS,XL,D
14:25:24,PTBA,RG,3900,2,D,LS,YU,D
14:25:24,PTBA,RG,3910,14,D,XC,DR,D
14:25:24,PTBA,RG,3910,1,D,YP,DR,D
14:25:19,PTBA,RG,3910,36,D,YP,DR,D
14:25:18,PTBA,RG,3910,1,D,YP,DR,D
14:25:18,PTBA,RG,3900,11,D,LS,ZP,F
14:25:17,PTBA,RG,3900,1,D,LS,XL,D
14:25:16,PTBA,RG,3910,50,D,NI,DR,D
14:25:16,PTBA,RG,3910,1,D,YP,DR,D
14:25:15,PTBA,RG,3900,1,D,LS,XC,D
14:25:15,PTBA,RG,3910,20,D,YP,DR,D
14:25:14,PTBA,RG,3900,120,D,LS,CC,D
14:25:12,PTBA,RG,3910,1,D,YP,DR,D
14:25:12,PTBA,RG,3910,10,D,AZ,DR,D
14:25:11,PTBA,RG,3910,10,D,AG,DR,D
14:25:10,PTBA,RG,3910,1,D,XC,DR,D
14:25:10,PTBA,RG,3900,353,D,LS,BB,D
14:25:08,PTBA,RG,3910,1,D,YP,DR,D
14:25:05,PTBA,RG,3910,9,D,XL,DR,D
14:25:04,PTBA,RG,3910,1,D,CC,DR,D
14:25:04,PTBA,RG,3910,2,D,YP,DR,D
14:25:03,PTBA,RG,3910,10,D,YP,DR,D
14:25:03,PTBA,RG,3910,1,D,YP,DR,D
14:25:00,PTBA,RG,3910,2,D,XC,DR,D
14:24:59,PTBA,RG,3910,5,D,KK,DR,D
14:24:53,PTBA,RG,3910,1,D,YP,DR,D
14:24:53,PTBA,RG,3900,8,D,LS,XL,D
14:24:52,PTBA,RG,3910,15,D,XL,DR,D
14:24:52,PTBA,RG,3910,5,D,YP,DR,D
14:24:52,PTBA,RG,3910,5,D,YP,DR,D
14:24:51,PTBA,RG,3910,2,D,NI,DR,D
14:24:51,PTBA,RG,3910,1000,D,EP,DR,D
14:24:48,PTBA,RG,3910,5,D,CC,DR,D
14:24:48,PTBA,RG,3910,1,D,CC,DR,D
14:24:48,PTBA,RG,3910,1,D,NI,DR,D
14:24:46,PTBA,RG,3910,10,D,XC,DR,D
14:24:46,PTBA,RG,3910,1,D,DH,DR,D
14:24:46,PTBA,RG,3910,10,D,PD,DR,D
14:24:46,PTBA,RG,3910,1,D,CC,DR,D
14:24:46,PTBA,RG,3910,10,D,PD,DR,D
14:24:46,PTBA,RG,3910,2,D,NI,DR,D
14:24:46,PTBA,RG,3910,1,D,XL,DR,D
14:24:46,PTBA,RG,3910,1,D,CC,DR,D
14:24:46,PTBA,RG,3910,50,D,YP,DR,D
14:24:46,PTBA,RG,3910,1,D,YP,DR,D
14:24:46,PTBA,RG,3910,37,F,DX,DR,D
14:24:43,PTBA,RG,3910,24,F,DX,ZP,F
14:24:43,PTBA,RG,3910,100,F,DX,YP,D
14:24:42,PTBA,RG,3910,100,F,DX,PD,D
14:24:42,PTBA,RG,3910,500,F,DX,NI,D
14:24:41,PTBA,RG,3910,8,F,DX,XL,D
14:24:39,PTBA,RG,3920,1,D,PD,CP,D
14:24:39,PTBA,RG,3920,1,D,PD,CP,D
14:24:38,PTBA,RG,3910,39,F,DX,XC,D
14:24:38,PTBA,RG,3910,10,F,DX,PD,D
14:24:37,PTBA,RG,3910,125,F,DX,DR,D
14:24:35,PTBA,RG,3910,332,F,DX,BB,D
14:24:35,PTBA,RG,3910,25,D,CC,BB,D
14:24:35,PTBA,RG,3910,1,D,NI,BB,D
14:24:35,PTBA,RG,3910,25,D,PD,BB,D
14:24:35,PTBA,RG,3910,507,D,GR,BB,D
14:24:33,PTBA,RG,3910,5,D,GR,LG,D
14:24:32,PTBA,RG,3910,50,D,GR,CC,D
14:24:30,PTBA,RG,3910,50,D,GR,CC,D
14:24:29,PTBA,RG,3910,1,D,GR,PD,D
14:24:29,PTBA,RG,3910,6,D,GR,CS,D
14:24:29,PTBA,RG,3910,13,D,GR,CS,D
14:24:29,PTBA,RG,3910,80,D,GR,XC,D
14:24:29,PTBA,RG,3910,6,D,GR,CS,D
14:24:29,PTBA,RG,3910,22,D,GR,CS,D
14:24:29,PTBA,RG,3910,36,D,GR,CS,D
14:24:29,PTBA,RG,3910,13,D,GR,CS,D
14:24:29,PTBA,RG,3910,7,D,GR,BB,D
14:24:29,PTBA,RG,3910,3,D,GR,BB,D
14:24:29,PTBA,RG,3910,1000,D,GR,KK,D
14:24:29,PTBA,RG,3910,56,D,GR,YP,D
14:24:29,PTBA,RG,3910,10,D,GR,YP,D
14:24:29,PTBA,RG,3910,30,D,GR,YP,D
14:24:29,PTBA,RG,3910,4,D,GR,YP,D
14:24:29,PTBA,RG,3910,1807,D,GR,BK,F
14:24:29,PTBA,RG,3910,8,D,GR,CS,D
14:24:29,PTBA,RG,3910,4,D,GR,BB,D
14:24:29,PTBA,RG,3910,18,D,GR,BB,D
14:24:29,PTBA,RG,3910,2,D,GR,BB,D
14:24:29,PTBA,RG,3910,47,D,GR,BB,D
14:24:29,PTBA,RG,3910,25,D,GR,BB,D
14:24:29,PTBA,RG,3910,4,D,GR,BB,D
14:24:29,PTBA,RG,3910,26,D,GR,CS,D
14:24:29,PTBA,RG,3910,3,D,GR,CS,D
14:24:29,PTBA,RG,3910,157,D,GR,CS,D
14:24:28,PTBA,RG,3900,15,D,LS,YP,D
14:24:27,PTBA,RG,3900,61,D,LS,PD,D
14:24:26,PTBA,RG,3910,10,D,XL,CS,D
14:24:25,PTBA,RG,3910,2,D,PD,CS,D
14:24:21,PTBA,RG,3910,5,D,OD,CS,D
14:24:19,PTBA,RG,3910,10,D,XC,CS,D
14:24:19,PTBA,RG,3910,100,D,CC,CS,D
14:24:18,PTBA,RG,3900,5,D,LS,XC,D
14:24:18,PTBA,RG,3900,15,D,LS,XC,D
14:24:18,PTBA,RG,3900,4,D,LS,OD,D
14:24:18,PTBA,RG,3900,15,D,LS,YP,D
14:24:18,PTBA,RG,3900,40,D,LS,YP,D
14:24:18,PTBA,RG,3900,5,D,LS,YP,D
14:24:18,PTBA,RG,3900,40,D,LS,CC,D
14:24:18,PTBA,RG,3900,5,D,LS,YP,D
14:24:17,PTBA,RG,3900,2,D,LS,PD,D
14:24:17,PTBA,RG,3900,20,D,LS,PD,D
14:24:17,PTBA,RG,3900,49,D,LS,PD,D
14:24:17,PTBA,RG,3900,1,D,LS,PD,D
14:24:17,PTBA,RG,3900,25,D,LS,PD,D
14:24:17,PTBA,RG,3910,2,D,PD,CS,D
14:24:17,PTBA,RG,3900,500,D,LS,YJ,D
14:24:17,PTBA,RG,3900,4,D,LS,YB,D
14:24:17,PTBA,RG,3900,139,D,LS,BK,F
14:24:17,PTBA,RG,3900,50,D,PC,BK,F
14:24:17,PTBA,RG,3910,2,D,CC,CS,D
14:24:16,PTBA,RG,3910,40,D,LG,CS,D
14:24:15,PTBA,RG,3910,2,D,PD,CS,D
14:24:15,PTBA,RG,3910,1,D,CC,CS,D
14:24:15,PTBA,RG,3910,5,D,CC,CS,D
14:24:15,PTBA,RG,3910,1,D,XL,CS,D
14:24:15,PTBA,RG,3910,1,D,DH,CS,D
14:24:15,PTBA,RG,3910,6,D,YP,CS,D
14:24:15,PTBA,RG,3910,10,D,NI,CS,D
14:24:15,PTBA,RG,3910,1,D,XC,CS,D
14:24:15,PTBA,RG,3910,100,D,YP,CS,D
14:24:15,PTBA,RG,3910,5,D,BQ,CS,D
14:24:15,PTBA,RG,3910,50,F,CC,CS,D
14:24:15,PTBA,RG,3910,1,D,XC,CS,D
14:24:15,PTBA,RG,3910,1,D,YP,CS,D
14:24:15,PTBA,RG,3910,100,D,PD,CS,D
14:24:15,PTBA,RG,3910,50,D,YP,CS,D
14:24:15,PTBA,RG,3910,2,D,XC,CS,D
14:24:15,PTBA,RG,3910,50,D,NI,CS,D
14:24:15,PTBA,RG,3910,10,D,YU,CS,D
14:24:15,PTBA,RG,3910,100,D,CC,CS,D
14:24:15,PTBA,RG,3910,1,D,CC,CS,D
14:24:15,PTBA,RG,3910,1,D,XC,CS,D
14:24:15,PTBA,RG,3910,5,D,XC,CS,D
14:24:15,PTBA,RG,3910,248,F,DX,CS,D
14:24:15,PTBA,RG,3910,351,F,DX,CS,D
14:24:15,PTBA,RG,3910,70,F,DX,CS,D
14:24:14,PTBA,RG,3910,150,F,DX,KK,D
14:24:14,PTBA,RG,3910,3,F,DX,PD,D
14:24:14,PTBA,RG,3910,1,D,PD,PD,D
14:24:14,PTBA,RG,3910,10,D,CC,PD,D
14:24:14,PTBA,RG,3910,1,D,KK,PD,D
14:24:13,PTBA,RG,3910,9,D,KK,PD,D
14:24:13,PTBA,RG,3910,10,D,XC,PD,D
14:24:13,PTBA,RG,3910,5,D,CC,PD,D
14:24:13,PTBA,RG,3910,45,F,DX,PD,D
14:24:13,PTBA,RG,3910,20,F,DX,CC,D
14:24:13,PTBA,RG,3910,17,F,DX,XC,D
14:24:11,PTBA,RG,3910,30,F,DX,NI,D
14:24:11,PTBA,RG,3910,2,F,DX,XC,D
14:24:11,PTBA,RG,3910,6,F,DX,YP,D
14:24:11,PTBA,RG,3920,1,D,XC,CP,D
14:24:10,PTBA,RG,3910,7,F,DX,XC,D
14:24:10,PTBA,RG,3910,4,F,DX,XL,D
14:24:09,PTBA,RG,3910,1,F,DX,XC,D
14:24:09,PTBA,RG,3910,5,F,DX,DH,D
14:24:08,PTBA,RG,3910,130,F,DX,CC,D
14:24:08,PTBA,RG,3910,750,F,DX,CC,D
14:24:08,PTBA,RG,3910,390,F,DX,HP,D
14:24:08,PTBA,RG,3910,5,F,DX,YP,D
14:24:07,PTBA,RG,3910,10,F,DX,NI,D
14:24:07,PTBA,RG,3910,20,F,DX,NI,D
14:24:06,PTBA,RG,3910,2,F,DX,KK,D
14:24:06,PTBA,RG,3910,100,F,DX,YP,D
14:24:05,PTBA,RG,3910,10,F,DX,YP,D
14:24:04,PTBA,RG,3910,11,F,DX,XC,D
14:24:04,PTBA,RG,3910,32,F,DX,YP,D
14:24:04,PTBA,RG,3910,183,F,DX,KZ,D
14:24:04,PTBA,RG,3910,1,D,NI,KZ,D
14:24:04,PTBA,RG,3910,37,F,DX,KZ,D
14:24:04,PTBA,RG,3910,2,D,NI,KZ,D
14:24:04,PTBA,RG,3910,2,D,YP,KZ,D
14:24:04,PTBA,RG,3910,20,D,CC,KZ,D
14:24:04,PTBA,RG,3910,1,D,NI,KZ,D
14:24:04,PTBA,RG,3910,1,D,XC,KZ,D
14:24:04,PTBA,RG,3910,1,D,NI,KZ,D
14:24:04,PTBA,RG,3910,1,D,YP,KZ,D
14:24:04,PTBA,RG,3910,3,D,XC,KZ,D
14:24:04,PTBA,RG,3910,1,D,YP,KZ,D
14:24:04,PTBA,RG,3910,5,D,PD,KZ,D
14:24:04,PTBA,RG,3910,100,D,CC,KZ,D
14:24:04,PTBA,RG,3910,5,D,XL,KZ,D
14:24:04,PTBA,RG,3910,1,D,XL,KZ,D
14:24:04,PTBA,RG,3910,15,D,YP,KZ,D
14:24:04,PTBA,RG,3910,100,D,YP,KZ,D
14:24:04,PTBA,RG,3910,2,D,YP,KZ,D
14:24:03,PTBA,RG,3910,1,D,AZ,YB,D
14:24:03,PTBA,RG,3910,1,D,PD,YB,D
14:24:03,PTBA,RG,3910,5,D,PD,YB,D
14:24:03,PTBA,RG,3910,5,D,BQ,YB,D
14:24:03,PTBA,RG,3910,100,D,YP,YB,D
14:24:03,PTBA,RG,3910,50,D,XC,YB,D
14:24:03,PTBA,RG,3910,20,D,AZ,YB,D
14:24:03,PTBA,RG,3910,10,D,NI,YB,D
14:24:03,PTBA,RG,3910,2,D,YP,YB,D
14:24:03,PTBA,RG,3910,3,D,SQ,YB,D
14:24:03,PTBA,RG,3910,1,D,XC,YB,D
14:24:03,PTBA,RG,3910,100,D,ZP,YB,D
14:24:03,PTBA,RG,3910,1,D,PD,YB,D
14:24:03,PTBA,RG,3910,17,D,XC,YB,D
14:24:03,PTBA,RG,3910,60,D,PD,YB,D
14:24:03,PTBA,RG,3910,2,D,XC,YB,D
14:24:03,PTBA,RG,3910,10,D,NI,YB,D
14:24:03,PTBA,RG,3910,1,D,PD,YB,D
14:24:03,PTBA,RG,3910,1,D,CC,YB,D
14:24:03,PTBA,RG,3910,3,D,XC,YB,D
14:24:03,PTBA,RG,3910,1,D,YP,YB,D
14:24:03,PTBA,RG,3910,25,D,XC,YB,D
14:24:03,PTBA,RG,3910,5,D,YP,YB,D
14:24:03,PTBA,RG,3910,10,D,YP,YB,D
14:24:03,PTBA,RG,3910,50,D,KK,YB,D
14:24:03,PTBA,RG,3910,10,D,YP,YB,D
14:24:03,PTBA,RG,3910,3,D,XC,YB,D
14:24:03,PTBA,RG,3910,1,D,YP,YB,D
14:24:03,PTBA,RG,3910,10,D,ZP,YB,D
14:24:03,PTBA,RG,3910,9,D,SQ,YB,D
14:24:03,PTBA,RG,3910,23,F,DX,YB,D
14:24:03,PTBA,RG,3910,1,D,KK,YB,D
14:24:03,PTBA,RG,3910,25,D,XA,YB,D
14:24:03,PTBA,RG,3910,23,F,DX,YB,D
14:24:03,PTBA,RG,3910,1,D,YP,YB,D
14:24:03,PTBA,RG,3910,5,D,YP,YB,D
14:24:03,PTBA,RG,3910,1,D,NI,YB,D
14:24:03,PTBA,RG,3910,5,D,PD,YB,D
14:24:03,PTBA,RG,3910,1,D,PD,YB,D
14:24:03,PTBA,RG,3910,1,D,NI,YB,D
14:24:03,PTBA,RG,3910,10,D,YP,YB,D
14:24:03,PTBA,RG,3910,1,D,PD,YB,D
14:24:03,PTBA,RG,3910,2,D,PD,YB,D
14:24:03,PTBA,RG,3910,1,D,YP,YB,D
14:24:03,PTBA,RG,3910,12,D,CC,YB,D
14:24:03,PTBA,RG,3910,30,D,KK,YB,D
14:24:03,PTBA,RG,3910,10,D,EP,YB,D
14:24:03,PTBA,RG,3910,20,D,AI,YB,D
14:24:03,PTBA,RG,3910,1,D,LG,YB,D
