Time,Stock,Brd,Price,Qty,BT,BC,SC,ST
15:14:47,PTBA,RG,4340,5,D,YP,IP,D
15:14:43,PTBA,RG,4340,1,D,PD,PD,D
15:14:38,PTBA,RG,4340,1,D,NI,PD,D
15:14:38,PTBA,RG,4340,3,D,NI,CC,D
15:14:38,PTBA,RG,4340,1,D,NI,NI,D
15:14:38,PTBA,RG,4340,5,D,NI,YP,D
15:14:38,PTBA,RG,4340,1,D,NI,NI,D
15:14:38,PTBA,RG,4340,1,D,NI,XC,D
15:14:38,PTBA,RG,4340,1,D,NI,NI,D
15:14:38,PTBA,RG,4340,1,D,NI,NI,D
15:14:29,PTBA,RG,4340,5,D,NI,YP,D
15:13:51,PTBA,RG,4340,5,D,YP,YP,D
15:13:48,PTBA,RG,4340,5,D,PD,YP,D
15:13:17,PTBA,RG,4340,2,D,YB,YP,D
15:13:16,PTBA,RG,4340,20,D,KK,YP,D
15:13:15,PTBA,RG,4340,1,D,DR,YP,D
15:12:46,PTBA,RG,4340,7,D,YP,YP,D
15:12:43,PTBA,RG,4340,50,D,ZP,YP,D
15:12:35,PTBA,RG,4340,5,D,YU,YP,D
15:12:35,PTBA,RG,4340,25,D,YU,YP,D
15:12:35,PTBA,RG,4340,30,D,YU,YP,D
15:12:31,PTBA,RG,4340,70,D,XL,YP,D
15:12:09,PTBA,RG,4340,100,D,XL,YP,D
15:12:09,PTBA,RG,4340,17,D,XL,DR,D
15:11:58,PTBA,RG,4340,5,D,YP,DR,D
15:11:47,PTBA,RG,4340,18,D,PD,DR,D
15:11:36,PTBA,RG,4340,10,D,SQ,DR,D
15:11:36,PTBA,RG,4340,50,D,SQ,PD,D
15:11:36,PTBA,RG,4340,40,D,SQ,NI,D
15:10:48,PTBA,RG,4340,10,D,PD,NI,D
15:10:25,PTBA,RG,4340,1,D,DR,YP,D
15:10:25,PTBA,RG,4340,50,D,DR,YP,D
15:10:25,PTBA,RG,4340,3,D,DR,XC,D
15:10:25,PTBA,RG,4340,80,D,DR,DX,D
15:10:25,PTBA,RG,4340,50,D,DR,PD,D
15:10:25,PTBA,RG,4340,2,D,DR,NI,D
15:10:25,PTBA,RG,4340,30,D,DR,SQ,D
15:10:25,PTBA,RG,4340,2,D,DR,NI,D
15:10:25,PTBA,RG,4340,3,D,DR,NI,D
15:10:25,PTBA,RG,4340,4,D,DR,XC,D
15:10:25,PTBA,RG,4340,8,D,DR,YP,D
15:10:25,PTBA,RG,4340,2,D,DR,PD,D
15:10:25,PTBA,RG,4340,50,D,DR,EP,D
15:10:25,PTBA,RG,4340,3,D,DR,NI,D
15:10:25,PTBA,RG,4340,600,D,DR,NI,D
15:10:25,PTBA,RG,4340,1,D,DR,XA,D
15:10:25,PTBA,RG,4340,5,D,DR,NI,D
15:10:25,PTBA,RG,4340,2,D,DR,NI,D
15:10:25,PTBA,RG,4340,20,D,DR,YP,D
15:10:25,PTBA,RG,4340,1,D,DR,YU,D
15:10:25,PTBA,RG,4340,1,D,DR,YP,D
15:10:25,PTBA,RG,4340,5,D,DR,YP,D
15:10:25,PTBA,RG,4340,100,D,DR,MG,D
15:10:25,PTBA,RG,4340,10,D,DR,AZ,D
15:10:25,PTBA,RG,4340,9,D,DR,DR,D
15:10:25,PTBA,RG,4340,1,D,DR,DR,D
15:10:25,PTBA,RG,4340,1,D,DR,YP,D
15:10:25,PTBA,RG,4340,10,D,DR,EP,D
15:10:25,PTBA,RG,4340,2,D,DR,XC,D
15:10:25,PTBA,RG,4340,21,D,DR,YP,D
15:10:25,PTBA,RG,4340,216,D,DR,PD,D
15:10:25,PTBA,RG,4340,200,D,DR,CP,D
15:10:25,PTBA,RG,4340,3,D,DR,OD,D
15:10:25,PTBA,RG,4340,2,D,DR,LG,D
15:10:25,PTBA,RG,4340,5,D,DR,IF,D
15:10:25,PTBA,RG,4340,285,D,DR,SQ,D
15:10:25,PTBA,RG,4340,1,D,DR,YP,D
15:10:25,PTBA,RG,4340,106,D,DR,LG,D
15:10:25,PTBA,RG,4340,10,D,DR,PD,D
15:10:25,PTBA,RG,4340,200,D,DR,AZ,D
15:10:25,PTBA,RG,4340,1,D,DR,CC,D
15:10:25,PTBA,RG,4340,2,D,DR,YP,D
15:10:25,PTBA,RG,4340,10,D,DR,CC,D
15:10:25,PTBA,RG,4340,1,D,DR,OD,D
15:10:25,PTBA,RG,4340,200,D,DR,DR,D
15:10:25,PTBA,RG,4340,6,D,DR,CC,D
15:10:25,PTBA,RG,4340,5,D,DR,PD,D
15:10:25,PTBA,RG,4340,30,D,DR,CC,D
15:10:25,PTBA,RG,4340,39,D,DR,YP,D
15:10:25,PTBA,RG,4340,100,D,DR,OD,D
15:10:25,PTBA,RG,4340,90,D,DR,PD,D
15:10:25,PTBA,RG,4340,10,D,DR,PD,D
15:10:25,PTBA,RG,4340,100,D,DR,SQ,D
15:10:25,PTBA,RG,4340,10,D,DR,PD,D
15:10:25,PTBA,RG,4340,200,D,DR,PD,D
15:10:25,PTBA,RG,4340,10,D,DR,GR,D
15:10:25,PTBA,RG,4340,1,D,DR,DR,D
15:10:25,PTBA,RG,4340,15,D,DR,CC,D
15:10:25,PTBA,RG,4340,2,D,DR,SQ,D
15:10:25,PTBA,RG,4340,200,D,DR,YP,D
15:10:25,PTBA,RG,4340,5,D,DR,GR,D
15:10:25,PTBA,RG,4340,1,D,DR,PD,D
15:10:25,PTBA,RG,4340,21,D,DR,XC,D
15:10:25,PTBA,RG,4340,3,D,DR,KK,D
15:10:25,PTBA,RG,4340,5,D,DR,NI,D
15:10:25,PTBA,RG,4340,1,D,DR,YP,D
15:10:25,PTBA,RG,4340,4,D,DR,CC,D
15:10:24,PTBA,RG,4340,7,D,CC,CC,D
15:10:19,PTBA,RG,4340,2,D,KK,CC,D
15:10:12,PTBA,RG,4340,1,D,PD,CC,D
15:10:12,PTBA,RG,4340,10,D,NI,CC,D
15:09:32,PTBA,RG,4340,10,D,PD,CC,D
15:09:23,PTBA,RG,4340,1,D,NI,XC,D
15:09:19,PTBA,RG,4340,1,D,KK,XC,D
15:08:44,PTBA,RG,4340,2,D,CC,XC,D
15:08:23,PTBA,RG,4340,5,D,DR,XC,D
15:08:20,PTBA,RG,4340,1,D,XL,XC,D
15:07:22,PTBA,RG,4340,2,D,YP,OD,D
15:07:22,PTBA,RG,4340,15,D,YP,YP,D
15:07:22,PTBA,RG,4340,3,D,YP,XC,D
15:07:22,PTBA,RG,4340,3,D,YP,KK,D
15:07:22,PTBA,RG,4340,2,D,YP,YP,D
15:07:10,PTBA,RG,4340,20,D,YP,SQ,D
15:07:10,PTBA,RG,4340,1,D,YP,KK,D
15:07:10,PTBA,RG,4340,5,D,YP,YB,D
15:07:10,PTBA,RG,4340,10,D,YP,YP,D
15:07:10,PTBA,RG,4340,7,D,YP,YP,D
15:07:10,PTBA,RG,4340,1,D,YP,PD,D
15:07:10,PTBA,RG,4340,10,D,YP,YP,D
15:07:10,PTBA,RG,4340,60,D,YP,DR,D
15:07:10,PTBA,RG,4340,43,D,YP,CS,F
15:06:36,PTBA,RG,4340,10,D,DR,CS,F
15:06:12,PTBA,RG,4340,20,D,LG,CS,F
15:06:08,PTBA,RG,4340,91,D,CC,CS,F
15:06:08,PTBA,RG,4340,50,D,CC,AI,D
15:06:08,PTBA,RG,4340,50,D,CC,YP,D
15:06:08,PTBA,RG,4340,11,D,CC,NI,D
15:06:08,PTBA,RG,4340,20,D,CC,RO,D
15:06:08,PTBA,RG,4340,30,D,CC,RO,D
15:06:08,PTBA,RG,4340,1,D,CC,KK,D
15:06:08,PTBA,RG,4340,5,D,CC,PD,D
15:06:08,PTBA,RG,4340,242,D,CC,BQ,D
15:06:00,PTBA,RG,4340,10,D,PD,BQ,D
15:05:48,PTBA,RG,4340,1,D,PD,BQ,D
15:05:26,PTBA,RG,4340,1,D,PD,BQ,D
15:05:09,PTBA,RG,4340,1,D,PD,BQ,D
15:04:59,PTBA,RG,4340,2,D,PD,BQ,D
15:04:59,PTBA,RG,4340,2,D,PD,BQ,D
15:04:59,PTBA,RG,4340,2,D,PD,BQ,D
15:04:59,PTBA,RG,4340,1,D,PD,BQ,D
15:04:51,PTBA,RG,4340,7,D,PD,BQ,D
15:04:51,PTBA,RG,4340,23,D,PD,BQ,D
15:04:27,PTBA,RG,4340,20,D,EP,BQ,D
15:04:19,PTBA,RG,4340,7,D,AK,BQ,D
15:04:04,PTBA,RG,4340,11,D,XC,BQ,D
15:03:49,PTBA,RG,4340,100,D,MG,BQ,D
15:03:49,PTBA,RG,4340,23,D,XC,BQ,D
15:03:36,PTBA,RG,4340,20,D,XC,BQ,D
15:03:22,PTBA,RG,4340,2,D,GR,BQ,D
15:03:20,PTBA,RG,4340,1,D,XL,BQ,D
15:03:12,PTBA,RG,4340,1,D,XL,BQ,D
15:03:10,PTBA,RG,4340,2,D,EP,BQ,D
15:02:53,PTBA,RG,4340,3,D,EP,BQ,D
15:02:27,PTBA,RG,4340,2,D,PD,BQ,D
15:02:18,PTBA,RG,4340,13,D,EP,BQ,D
15:02:07,PTBA,RG,4340,3,D,XC,BQ,D
15:02:00,PTBA,RG,4340,25,D,DR,BQ,D
15:02:00,PTBA,RG,4340,20,D,PD,BQ,D
15:01:56,PTBA,RG,4340,6,D,YP,BQ,D
15:01:56,PTBA,RG,4340,58,D,EP,BQ,D
15:01:52,PTBA,RG,4340,14,D,YP,BQ,D
15:01:50,PTBA,RG,4340,1,D,XL,BQ,D
15:01:44,PTBA,RG,4340,30,D,KK,BQ,D
15:01:39,PTBA,RG,4340,346,D,MG,BQ,D
15:01:39,PTBA,RG,4340,10,D,MG,NI,D
15:01:39,PTBA,RG,4340,1,D,MG,PD,D
15:01:39,PTBA,RG,4340,1,D,MG,NI,D
15:01:39,PTBA,RG,4340,2,D,MG,NI,D
15:01:39,PTBA,RG,4340,2,D,MG,XL,D
15:01:39,PTBA,RG,4340,1,D,MG,AZ,D
15:01:39,PTBA,RG,4340,637,D,MG,BQ,D
15:01:33,PTBA,RG,4340,2,D,CC,BQ,D
15:01:28,PTBA,RG,4340,30,D,KK,BQ,D
15:01:27,PTBA,RG,4340,2,D,YP,BQ,D
15:01:21,PTBA,RG,4340,1,D,NI,BQ,D
15:01:00,PTBA,RG,4340,3,D,XC,BQ,D
15:00:00,PTBA,RG,4340,1,D,NI,BQ,D
15:00:00,PTBA,RG,4340,1,D,XL,BQ,D
15:00:00,PTBA,RG,4340,100,D,YP,BQ,D
15:00:00,PTBA,RG,4340,2,D,YP,BQ,D
15:00:00,PTBA,RG,4340,23,D,DR,BQ,D
15:00:00,PTBA,RG,4340,4,D,YP,BQ,D
15:00:00,PTBA,RG,4340,46,D,DR,BQ,D
15:00:00,PTBA,RG,4340,3,D,LG,BQ,D
15:00:00,PTBA,RG,4340,3,D,XC,BQ,D
15:00:00,PTBA,RG,4340,100,D,YP,BQ,D
15:00:00,PTBA,RG,4340,13,D,DR,BQ,D
15:00:00,PTBA,RG,4340,5,D,XC,BQ,D
15:00:00,PTBA,RG,4340,5,D,EP,BQ,D
15:00:00,PTBA,RG,4340,2,D,CC,BQ,D
15:00:00,PTBA,RG,4340,17,D,NI,BQ,D
15:00:00,PTBA,RG,4340,10,D,NI,YP,D
15:00:00,PTBA,RG,4340,1,D,NI,PD,D
15:00:00,PTBA,RG,4340,1,D,NI,YP,D
15:00:00,PTBA,RG,4340,1,D,NI,XL,D
15:00:00,PTBA,RG,4340,5,D,KK,XL,D
15:00:00,PTBA,RG,4340,10,D,KK,XC,D
15:00:00,PTBA,RG,4340,10,D,KK,YP,D
15:00:00,PTBA,RG,4340,10,D,KK,PD,D
15:00:00,PTBA,RG,4340,8,D,KK,GR,D
15:00:00,PTBA,RG,4340,3,D,PD,GR,D
15:00:00,PTBA,RG,4340,1,D,PD,GR,D
15:00:00,PTBA,RG,4340,3,D,KK,GR,D
15:00:00,PTBA,RG,4340,2,D,KK,BQ,D
15:00:00,PTBA,RG,4340,25,D,KK,GR,D
15:00:00,PTBA,RG,4340,5,D,KK,YP,D
15:00:00,PTBA,RG,4340,30,D,KK,SQ,D
15:00:00,PTBA,RG,4340,14,D,KK,PD,D
15:00:00,PTBA,RG,4340,31,D,KK,PD,D
15:00:00,PTBA,RG,4340,89,D,CC,PD,D
15:00:00,PTBA,RG,4340,22,D,YP,PD,D
15:00:00,PTBA,RG,4340,139,F,BK,PD,D
15:00:00,PTBA,RG,4340,30,D,PD,PD,D
15:00:00,PTBA,RG,4340,24,D,YP,PD,D
15:00:00,PTBA,RG,4340,60,D,YP,PD,D
15:00:00,PTBA,RG,4340,91,D,CD,PD,D
15:00:00,PTBA,RG,4340,100,D,CD,AZ,D
15:00:00,PTBA,RG,4340,50,D,CD,YU,D
15:00:00,PTBA,RG,4340,30,D,CD,SQ,D
15:00:00,PTBA,RG,4340,3,D,CD,NI,D
15:00:00,PTBA,RG,4340,30,D,CD,SQ,D
15:00:00,PTBA,RG,4340,20,D,CD,YP,D
15:00:00,PTBA,RG,4340,4,D,CD,XL,D
15:00:00,PTBA,RG,4340,4,D,CD,XC,D
15:00:00,PTBA,RG,4340,10,D,CD,PD,D
15:00:00,PTBA,RG,4340,1,D,CD,XC,D
15:00:00,PTBA,RG,4340,1,D,CD,XC,D
15:00:00,PTBA,RG,4340,200,D,CD,CC,D
15:00:00,PTBA,RG,4340,3,D,CD,PD,D
15:00:00,PTBA,RG,4340,38,D,CD,XL,D
15:00:00,PTBA,RG,4340,3,F,YU,XL,D
15:00:00,PTBA,RG,4340,10,F,YU,XC,D
15:00:00,PTBA,RG,4340,20,F,YU,PD,D
15:00:00,PTBA,RG,4340,200,F,YU,CC,D
15:00:00,PTBA,RG,4340,38,F,YU,CC,D
15:00:00,PTBA,RG,4340,5,F,YU,YP,D
15:00:00,PTBA,RG,4340,797,F,YU,EP,D
15:00:00,PTBA,RG,4340,305,F,YU,OD,D
15:00:00,PTBA,RG,4340,5,F,YU,NI,D
15:00:00,PTBA,RG,4340,1,F,YU,EP,D
15:00:00,PTBA,RG,4340,2,F,YU,CC,D
15:00:00,PTBA,RG,4340,7,F,YU,XC,D
15:00:00,PTBA,RG,4340,10,F,YU,AI,D
15:00:00,PTBA,RG,4340,457,F,YU,OD,D
15:00:00,PTBA,RG,4340,134,F,ZP,OD,D
15:00:00,PTBA,RG,4340,100,F,ZP,AZ,D
15:00:00,PTBA,RG,4340,2,F,ZP,PD,D
15:00:00,PTBA,RG,4340,2,F,ZP,XC,D
15:00:00,PTBA,RG,4340,1,F,ZP,XC,D
15:00:00,PTBA,RG,4340,50,F,ZP,BR,D
15:00:00,PTBA,RG,4340,5,F,ZP,YP,D
15:00:00,PTBA,RG,4340,52,F,ZP,XC,D
15:00:00,PTBA,RG,4340,33,F,ZP,YP,D
15:00:00,PTBA,RG,4340,5,F,ZP,YP,D
15:00:00,PTBA,RG,4340,31,F,ZP,YP,D
15:00:00,PTBA,RG,4340,28,F,ZP,YP,D
15:00:00,PTBA,RG,4340,1,F,ZP,YB,D
15:00:00,PTBA,RG,4340,50,F,ZP,GR,D
15:00:00,PTBA,RG,4340,3,F,ZP,PD,D
15:00:00,PTBA,RG,4340,5,F,ZP,YP,D
15:00:00,PTBA,RG,4340,1,F,ZP,YP,D
15:00:00,PTBA,RG,4340,2,F,ZP,NI,D
15:00:00,PTBA,RG,4340,15,F,ZP,CC,D
15:00:00,PTBA,RG,4340,5,F,ZP,PD,D
15:00:00,PTBA,RG,4340,2,F,ZP,NI,D
15:00:00,PTBA,RG,4340,30,F,ZP,SQ,D
15:00:00,PTBA,RG,4340,2,F,ZP,YP,D
15:00:00,PTBA,RG,4340,25,F,ZP,GR,D
15:00:00,PTBA,RG,4340,35,F,ZP,GR,D
15:00:00,PTBA,RG,4340,1,F,ZP,XL,D
15:00:00,PTBA,RG,4340,1,F,ZP,YP,D
15:00:00,PTBA,RG,4340,10,F,ZP,XC,D
15:00:00,PTBA,RG,4340,4,F,ZP,YP,D
15:00:00,PTBA,RG,4340,100,F,ZP,PD,D
15:00:00,PTBA,RG,4340,1,F,ZP,AZ,D
15:00:00,PTBA,RG,4340,8,F,ZP,XL,D
15:00:00,PTBA,RG,4340,50,F,ZP,DR,D
15:00:00,PTBA,RG,4340,30,F,ZP,DR,D
15:00:00,PTBA,RG,4340,100,F,ZP,DR,D
15:00:00,PTBA,RG,4340,10,F,ZP,AI,D
15:00:00,PTBA,RG,4340,72,F,ZP,NI,D
15:00:00,PTBA,RG,4340,1,F,ZP,OD,D
15:00:00,PTBA,RG,4340,20,F,ZP,YP,D
15:00:00,PTBA,RG,4340,10,F,ZP,CC,D
15:00:00,PTBA,RG,4340,20,F,ZP,YU,D
15:00:00,PTBA,RG,4340,14,F,ZP,XC,D
15:00:00,PTBA,RG,4340,16,F,ZP,KK,D
15:00:00,PTBA,RG,4340,10,F,ZP,PD,D
15:00:00,PTBA,RG,4340,5,F,ZP,NI,D
15:00:00,PTBA,RG,4340,100,F,ZP,XL,D
15:00:00,PTBA,RG,4340,150,F,ZP,YP,D
15:00:00,PTBA,RG,4340,100,F,ZP,YP,D
15:00:00,PTBA,RG,4340,5,F,ZP,YP,D
15:00:00,PTBA,RG,4340,4,F,ZP,XL,D
15:00:00,PTBA,RG,4340,3,F,ZP,CC,D
15:00:00,PTBA,RG,4340,10,F,ZP,XC,D
15:00:00,PTBA,RG,4340,3,F,ZP,DH,D
15:00:00,PTBA,RG,4340,22,F,ZP,YP,D
15:00:00,PTBA,RG,4340,10,F,ZP,DR,D
15:00:00,PTBA,RG,4340,4,F,ZP,KK,D
15:00:00,PTBA,RG,4340,11,F,ZP,YP,D
15:00:00,PTBA,RG,4340,100,F,ZP,AI,D
15:00:00,PTBA,RG,4340,1,F,ZP,YP,D
15:00:00,PTBA,RG,4340,10,F,ZP,KK,D
15:00:00,PTBA,RG,4340,20,F,ZP,AI,D
15:00:00,PTBA,RG,4340,22,F,ZP,PD,D
15:00:00,PTBA,RG,4340,5,F,ZP,NI,D
15:00:00,PTBA,RG,4340,2,F,ZP,LG,D
15:00:00,PTBA,RG,4340,2,F,ZP,PD,D
15:00:00,PTBA,RG,4340,3,F,ZP,YP,D
15:00:00,PTBA,RG,4340,50,F,ZP,YP,D
15:00:00,PTBA,RG,4340,1,F,ZP,CC,D
15:00:00,PTBA,RG,4340,12,F,ZP,XL,D
15:00:00,PTBA,RG,4340,20,F,ZP,YP,D
15:00:00,PTBA,RG,4340,30,F,ZP,YP,D
15:00:00,PTBA,RG,4340,3,F,ZP,PD,D
15:00:00,PTBA,RG,4340,100,F,ZP,LG,D
15:00:00,PTBA,RG,4340,20,F,ZP,CC,D
15:00:00,PTBA,RG,4340,22,F,ZP,XC,D
15:00:00,PTBA,RG,4340,92,F,ZP,NI,D
15:00:00,PTBA,RG,4340,20,F,ZP,CC,D
15:00:00,PTBA,RG,4340,3,F,ZP,OD,D
15:00:00,PTBA,RG,4340,10,F,ZP,DR,D
15:00:00,PTBA,RG,4340,20,F,ZP,EP,D
15:00:00,PTBA,RG,4340,2,F,ZP,CC,D
15:00:00,PTBA,RG,4340,2,F,ZP,PD,D
15:00:00,PTBA,RG,4340,89,F,ZP,CC,D
15:00:00,PTBA,RG,4340,25,F,ZP,CC,D
15:00:00,PTBA,RG,4340,1,F,ZP,XL,D
15:00:00,PTBA,RG,4340,15,F,ZP,GR,D
15:00:00,PTBA,RG,4340,5,F,ZP,XC,D
15:00:00,PTBA,RG,4340,20,F,ZP,EP,D
15:00:00,PTBA,RG,4340,6,F,ZP,CC,D
15:00:00,PTBA,RG,4340,6,F,CS,CC,D
15:00:00,PTBA,RG,4340,120,F,CS,DR,D
15:00:00,PTBA,RG,4340,2,F,CS,KK,D
15:00:00,PTBA,RG,4340,68,F,CS,KK,D
15:00:00,PTBA,RG,4340,306,F,CS,KK,D
15:00:00,PTBA,RG,4340,376,F,BK,KK,D
15:00:00,PTBA,RG,4340,2,F,BK,PD,D
15:00:00,PTBA,RG,4340,10,F,BK,YP,D
15:00:00,PTBA,RG,4340,5,F,BK,YP,D
15:00:00,PTBA,RG,4340,1,F,BK,XL,D
15:00:00,PTBA,RG,4340,3,F,BK,KK,D
15:00:00,PTBA,RG,4340,35,F,BK,YP,D
15:00:00,PTBA,RG,4340,2,F,BK,PD,D
15:00:00,PTBA,RG,4340,1,F,BK,YP,D
15:00:00,PTBA,RG,4340,3,F,BK,NI,D
15:00:00,PTBA,RG,4340,10,F,BK,KK,D
15:00:00,PTBA,RG,4340,2,F,BK,XC,D
15:00:00,PTBA,RG,4340,60,F,BK,KK,D
15:00:00,PTBA,RG,4340,1,F,BK,OD,D
15:00:00,PTBA,RG,4340,12,F,BK,YP,D
15:00:00,PTBA,RG,4340,100,F,BK,KI,D
15:00:00,PTBA,RG,4340,740,F,BK,SQ,D
15:00:00,PTBA,RG,4340,41,D,KZ,SQ,D
15:00:00,PTBA,RG,4340,71,F,DX,SQ,D
15:00:00,PTBA,RG,4340,648,D,BB,SQ,D
15:00:00,PTBA,RG,4340,10,D,BB,PD,D
15:00:00,PTBA,RG,4340,5,D,BB,KK,D
15:00:00,PTBA,RG,4340,23,D,BB,YP,D
15:00:00,PTBA,RG,4340,3,D,BB,CC,D
15:00:00,PTBA,RG,4340,30,D,BB,PC,D
15:00:00,PTBA,RG,4340,10,D,BB,CC,D
15:00:00,PTBA,RG,4340,4,D,BB,YP,D
15:00:00,PTBA,RG,4340,100,D,BB,YP,D
15:00:00,PTBA,RG,4340,15,D,BB,GR,D
15:00:00,PTBA,RG,4340,1095,D,BB,BK,F
15:00:00,PTBA,RG,4340,133,D,BB,BK,F
15:00:00,PTBA,RG,4340,493,D,BB,ZP,F
15:00:00,PTBA,RG,4340,500,D,BB,ZP,F
15:00:00,PTBA,RG,4340,25,D,BB,GR,D
15:00:00,PTBA,RG,4340,1,D,BB,DR,D
15:00:00,PTBA,RG,4340,35,D,BB,EP,D
15:00:00,PTBA,RG,4340,159,D,BB,BK,F
15:00:00,PTBA,RG,4340,7,D,BB,YU,F
15:00:00,PTBA,RG,4340,32,D,BB,DX,D
15:00:00,PTBA,RG,4340,289,D,BB,DR,D
15:00:00,PTBA,RG,4340,1276,D,BB,DR,D
15:00:00,PTBA,RG,4340,274,D,BB,DR,D
15:00:00,PTBA,RG,4340,2,D,BB,CC,D
14:49:58,PTBA,RG,4330,3,D,KZ,SQ,D
14:49:55,PTBA,RG,4340,1,F,YU,PD,D
14:49:55,PTBA,RG,4340,5,F,YU,HP,D
14:49:55,PTBA,RG,4340,90,F,YU,CC,D
14:49:55,PTBA,RG,4340,10,F,YU,NI,D
14:49:55,PTBA,RG,4340,5,F,YU,YP,D
14:49:55,PTBA,RG,4340,3,F,YU,XL,D
14:49:55,PTBA,RG,4340,8,F,YU,SQ,D
14:49:55,PTBA,RG,4340,10,F,YU,YP,D
14:49:44,PTBA,RG,4330,5,D,KZ,XC,D
14:49:43,PTBA,RG,4330,4,D,KZ,PD,D
14:49:40,PTBA,RG,4330,40,D,KZ,CP,D
14:49:39,PTBA,RG,4330,2,D,KZ,CC,D
14:49:32,PTBA,RG,4330,10,D,KZ,YU,D
14:49:31,PTBA,RG,4330,19,D,KZ,YP,D
14:49:30,PTBA,RG,4330,16,D,KZ,YU,F
14:49:27,PTBA,RG,4330,3,D,KZ,CC,D
14:49:27,PTBA,RG,4330,957,D,KZ,DR,D
14:49:26,PTBA,RG,4330,3,D,PD,DR,D
14:49:26,PTBA,RG,4330,33,F,DX,DR,D
14:49:26,PTBA,RG,4330,7,F,BK,DR,D
14:49:26,PTBA,RG,4330,82,F,BK,BK,F
14:49:21,PTBA,RG,4330,38,F,BK,YP,D
14:49:21,PTBA,RG,4330,2,D,YP,YP,D
14:49:21,PTBA,RG,4330,20,D,AZ,YP,D
14:49:20,PTBA,RG,4330,1,D,KK,DH,D
14:49:16,PTBA,RG,4330,9,D,KK,AG,D
14:49:16,PTBA,RG,4330,1,D,XA,AG,D
14:49:14,PTBA,RG,4330,1,D,XA,PD,D
14:49:11,PTBA,RG,4330,1,D,XA,KK,D
14:49:11,PTBA,RG,4330,1,D,NI,KK,D
14:49:07,PTBA,RG,4330,100,F,YU,XL,D
14:49:06,PTBA,RG,4330,21,F,YU,BK,F
14:49:06,PTBA,RG,4330,6,F,YU,YP,D
14:49:06,PTBA,RG,4330,141,F,YU,YP,D
14:49:06,PTBA,RG,4330,5,D,XC,YP,D
14:49:06,PTBA,RG,4330,15,D,YP,YP,D
14:49:06,PTBA,RG,4330,2,D,GR,YP,D
14:49:06,PTBA,RG,4330,104,F,BK,YP,D
14:49:06,PTBA,RG,4330,282,F,YU,YP,D
14:49:06,PTBA,RG,4330,9,D,XC,YP,D
14:49:06,PTBA,RG,4330,5,D,PD,YP,D
14:49:06,PTBA,RG,4330,231,F,CS,YP,D
14:49:06,PTBA,RG,4330,10,F,CS,CC,D
14:49:04,PTBA,RG,4330,5,F,CS,NI,D
14:49:03,PTBA,RG,4340,15,F,YU,YP,D
14:49:03,PTBA,RG,4340,40,F,YU,XC,D
14:49:03,PTBA,RG,4340,10,F,YU,CC,D
14:49:03,PTBA,RG,4340,5,F,YU,NI,D
14:49:03,PTBA,RG,4330,507,F,CS,DR,D
14:49:03,PTBA,RG,4330,141,F,YU,DR,D
14:49:03,PTBA,RG,4330,85,F,YU,DR,D
14:49:03,PTBA,RG,4330,34,F,YU,DR,D
14:49:03,PTBA,RG,4330,5,D,YP,DR,D
14:49:03,PTBA,RG,4330,22,F,YU,DR,D
14:49:03,PTBA,RG,4330,2,D,XC,DR,D
14:49:03,PTBA,RG,4330,150,D,PD,DR,D
14:49:03,PTBA,RG,4330,1,D,PD,DR,D
14:49:03,PTBA,RG,4330,20,D,CC,DR,D
14:49:03,PTBA,RG,4330,233,D,DX,DR,D
14:49:01,PTBA,RG,4330,170,D,DX,BK,F
14:48:56,PTBA,RG,4330,22,D,DX,BK,F
14:48:52,PTBA,RG,4330,1,D,DX,XC,D
14:48:51,PTBA,RG,4330,21,D,DX,BK,F
14:48:50,PTBA,RG,4330,150,D,DX,CC,D
14:48:46,PTBA,RG,4330,24,D,DX,BK,F
14:48:44,PTBA,RG,4330,1379,D,DX,YP,D
14:48:44,PTBA,RG,4330,1,D,XL,YP,D
14:48:44,PTBA,RG,4330,1,D,YP,YP,D
14:48:44,PTBA,RG,4330,46,D,YJ,YP,D
14:48:44,PTBA,RG,4330,2,D,NI,YP,D
14:48:44,PTBA,RG,4330,571,D,MG,YP,D
14:48:41,PTBA,RG,4330,24,D,MG,BK,F
14:48:38,PTBA,RG,4330,21,D,MG,XC,D
14:48:37,PTBA,RG,4330,12,D,MG,NI,D
14:48:37,PTBA,RG,4330,23,D,MG,BK,F
14:48:37,PTBA,RG,4330,349,D,MG,SQ,D
14:48:37,PTBA,RG,4330,144,F,BK,SQ,D
14:48:36,PTBA,RG,4330,5,F,BK,GR,D
14:48:36,PTBA,RG,4330,1,F,BK,YP,D
14:48:36,PTBA,RG,4330,54,F,BK,PC,D
14:48:36,PTBA,RG,4330,71,F,YU,PC,D
14:48:30,PTBA,RG,4330,14,F,YU,YU,F
14:48:29,PTBA,RG,4330,23,F,YU,BK,F
14:48:25,PTBA,RG,4330,33,F,YU,YP,D
14:48:25,PTBA,RG,4330,141,F,YU,YP,D
14:48:25,PTBA,RG,4330,76,F,YU,YP,D
14:48:24,PTBA,RG,4330,22,F,YU,BK,F
14:48:21,PTBA,RG,4330,21,F,YU,BK,F
14:48:20,PTBA,RG,4340,1,D,YP,NI,D
14:48:19,PTBA,RG,4340,4,D,CP,NI,D
14:48:17,PTBA,RG,4330,22,F,YU,BK,F
14:48:17,PTBA,RG,4330,18,F,YU,BK,F
14:48:16,PTBA,RG,4330,7,F,YU,YU,D
14:48:14,PTBA,RG,4330,5,F,YU,XC,D
14:48:13,PTBA,RG,4330,10,F,YU,SQ,D
14:48:12,PTBA,RG,4330,5,F,YU,NI,D
14:48:04,PTBA,RG,4330,21,F,YU,BK,F
14:48:01,PTBA,RG,4330,1,F,YU,YP,D
14:48:01,PTBA,RG,4330,35,F,YU,BK,F
14:48:00,PTBA,RG,4330,2,F,YU,PD,D
14:47:55,PTBA,RG,4330,35,F,YU,BK,F
14:47:53,PTBA,RG,4330,1,F,YU,XC,D
14:47:52,PTBA,RG,4330,2,F,YU,XL,D
14:47:43,PTBA,RG,4330,5,F,YU,YP,D
14:47:40,PTBA,RG,4330,1,F,YU,XL,D
14:47:40,PTBA,RG,4330,219,D,YP,XL,D
14:47:38,PTBA,RG,4330,10,D,YP,KK,D
14:47:37,PTBA,RG,4340,4,D,NI,NI,D
14:47:37,PTBA,RG,4340,2,D,NI,DH,D
14:47:37,PTBA,RG,4340,2,D,NI,OD,D
14:47:37,PTBA,RG,4340,2,D,NI,CC,D
14:47:32,PTBA,RG,4330,236,D,YP,NI,D
14:47:32,PTBA,RG,4330,11,F,YU,NI,D
14:47:25,PTBA,RG,4330,100,F,YU,KK,D
14:47:21,PTBA,RG,4330,1,F,YU,XC,D
14:46:59,PTBA,RG,4330,22,F,YU,NI,D
14:46:59,PTBA,RG,4330,1,D,YP,NI,D
14:46:52,PTBA,RG,4330,1,D,YP,XC,D
14:46:33,PTBA,RG,4330,1,D,YP,XL,D
14:46:27,PTBA,RG,4340,1,D,XC,CC,D
14:46:27,PTBA,RG,4340,3,D,XC,XC,D
14:46:18,PTBA,RG,4330,11,D,PD,KK,D
14:46:18,PTBA,RG,4330,3,D,YP,KK,D
14:46:15,PTBA,RG,4330,2,D,YP,PD,D
14:46:07,PTBA,RG,4340,3,F,YU,NI,D
14:46:07,PTBA,RG,4340,52,F,YU,AZ,D
14:46:06,PTBA,RG,4340,48,F,YU,AZ,D
14:46:06,PTBA,RG,4340,3,F,YU,NI,D
14:46:06,PTBA,RG,4340,239,F,YU,DR,D
14:46:05,PTBA,RG,4340,1761,F,CS,DR,D
14:46:05,PTBA,RG,4340,20,F,CS,PD,D
14:46:05,PTBA,RG,4340,100,F,CS,DR,D
14:46:05,PTBA,RG,4340,1,F,CS,PD,D
14:46:05,PTBA,RG,4340,10,F,CS,KK,D
14:46:05,PTBA,RG,4340,5,F,CS,EP,D
14:46:05,PTBA,RG,4340,1,F,CS,CC,D
14:46:05,PTBA,RG,4340,592,F,CS,YP,D
14:46:04,PTBA,RG,4340,1408,F,CS,YP,D
14:46:04,PTBA,RG,4340,4,F,CS,CC,D
14:46:04,PTBA,RG,4340,3,F,CS,NI,D
14:46:04,PTBA,RG,4340,10,F,CS,CC,D
14:46:04,PTBA,RG,4340,6,F,CS,EP,D
14:46:04,PTBA,RG,4340,2,F,CS,XC,D
14:46:04,PTBA,RG,4340,300,F,CS,NI,D
14:46:04,PTBA,RG,4340,13,F,CS,YP,D
14:46:04,PTBA,RG,4340,230,F,CS,YU,D
14:46:04,PTBA,RG,4340,1,F,CS,YP,D
14:46:04,PTBA,RG,4340,422,F,CS,BK,F
14:46:04,PTBA,RG,4340,5,F,CS,BQ,D
14:46:04,PTBA,RG,4340,86,F,CS,CC,D
14:46:03,PTBA,RG,4330,15,D,YP,BK,F
14:46:03,PTBA,RG,4330,10,D,CC,BK,F
14:46:03,PTBA,RG,4330,2,D,YP,BK,F
14:46:03,PTBA,RG,4330,1,D,XL,BK,F
14:46:03,PTBA,RG,4330,25,D,YP,BK,F
14:46:03,PTBA,RG,4330,7,F,YU,BK,F
14:46:01,PTBA,RG,4330,20,F,YU,YU,D
14:46:01,PTBA,RG,4330,50,F,YU,ZP,D
14:45:58,PTBA,RG,4340,44,F,YU,CC,D
14:45:58,PTBA,RG,4340,4,F,YU,YP,D
14:45:58,PTBA,RG,4340,1,F,YU,PD,D
14:45:58,PTBA,RG,4340,1,F,YU,XC,D
14:45:58,PTBA,RG,4340,1,F,YU,PD,D
14:45:58,PTBA,RG,4340,10,F,YU,NI,D
14:45:58,PTBA,RG,4330,64,F,YU,YP,D
14:45:58,PTBA,RG,4330,1,D,PD,YP,D
14:45:58,PTBA,RG,4330,250,F,BK,YP,D
14:45:58,PTBA,RG,4330,30,D,DR,YP,D
14:45:58,PTBA,RG,4330,120,D,XC,YP,D
14:45:58,PTBA,RG,4330,10,D,YP,YP,D
14:45:58,PTBA,RG,4330,141,F,YU,YP,D
14:45:58,PTBA,RG,4330,35,D,YP,YP,D
14:45:58,PTBA,RG,4330,141,F,YU,YP,D
14:45:58,PTBA,RG,4330,1,D,AK,YP,D
14:45:58,PTBA,RG,4330,3,D,YP,YP,D
14:45:58,PTBA,RG,4330,1,D,PD,YP,D
14:45:58,PTBA,RG,4330,141,F,YU,YP,D
14:45:58,PTBA,RG,4330,10,D,CC,YP,D
14:45:58,PTBA,RG,4330,50,D,YP,YP,D
14:45:58,PTBA,RG,4330,150,D,YP,YP,D
14:45:58,PTBA,RG,4330,2,D,YP,YP,D
14:45:58,PTBA,RG,4330,5,D,DR,YP,D
14:45:58,PTBA,RG,4330,18,F,AK,YP,D
14:45:58,PTBA,RG,4330,1,D,YP,YP,D
14:45:58,PTBA,RG,4330,15,D,CC,YP,D
14:45:58,PTBA,RG,4330,595,F,CS,YP,D
14:45:58,PTBA,RG,4330,2,D,NI,YP,D
14:45:58,PTBA,RG,4330,1,D,PD,YP,D
14:45:58,PTBA,RG,4330,79,F,YU,YP,D
14:45:58,PTBA,RG,4330,62,F,YU,YP,D
14:45:58,PTBA,RG,4330,3,D,AK,YP,D
14:45:58,PTBA,RG,4330,2,F,AK,YP,D
14:45:58,PTBA,RG,4330,5,D,PD,YP,D
14:45:58,PTBA,RG,4330,1,D,XC,YP,D
14:45:58,PTBA,RG,4330,5,D,CC,YP,D
14:45:58,PTBA,RG,4330,3,D,NI,YP,D
14:45:58,PTBA,RG,4330,5,D,PD,YP,D
14:45:58,PTBA,RG,4330,16,D,CC,YP,D
14:45:58,PTBA,RG,4330,32,F,AK,YP,D
14:45:57,PTBA,RG,4330,1,F,AK,PD,D
14:45:54,PTBA,RG,4340,5,F,YU,NI,D
14:45:54,PTBA,RG,4340,38,F,YU,AZ,D
14:45:54,PTBA,RG,4330,25,F,AK,BK,F
14:45:54,PTBA,RG,4330,19,D,CS,BK,F
14:45:47,PTBA,RG,4330,100,D,CS,CC,D
14:45:41,PTBA,RG,4330,5,D,CS,NI,D
14:45:40,PTBA,RG,4330,12,D,CS,CC,D
14:45:39,PTBA,RG,4330,48,D,CS,BK,F
14:45:35,PTBA,RG,4330,20,D,CS,YP,D
14:45:35,PTBA,RG,4340,1,D,PD,AZ,D
14:45:34,PTBA,RG,4330,4,D,CS,YP,D
14:45:33,PTBA,RG,4340,57,F,YU,AZ,D
14:45:33,PTBA,RG,4330,200,D,CS,KK,D
14:45:29,PTBA,RG,4330,55,D,CS,BK,F
14:45:29,PTBA,RG,4330,1,D,CS,OD,D
14:45:24,PTBA,RG,4340,1,D,XL,AZ,D
14:45:20,PTBA,RG,4330,17,D,CS,NI,D
14:45:18,PTBA,RG,4330,63,D,CS,BK,F
14:45:13,PTBA,RG,4330,5,D,CS,YP,D
14:45:08,PTBA,RG,4330,5,D,CS,NI,D
14:45:03,PTBA,RG,4330,50,D,CS,YP,D
14:45:00,PTBA,RG,4330,81,D,CS,BK,F
14:45:00,PTBA,RG,4330,1,D,CS,XC,D
14:44:59,PTBA,RG,4330,35,D,CS,YP,D
14:44:56,PTBA,RG,4330,5,D,CS,XL,D
14:44:54,PTBA,RG,4330,1,D,CS,YP,D
14:44:53,PTBA,RG,4340,1,D,NI,AZ,D
14:44:53,PTBA,RG,4340,2,D,PD,AZ,D
14:44:53,PTBA,RG,4340,1,D,PD,XL,D
14:44:53,PTBA,RG,4340,1,D,PD,PD,D
14:44:53,PTBA,RG,4340,1,D,PD,NI,D
14:44:53,PTBA,RG,4340,5,D,PD,XC,D
14:44:53,PTBA,RG,4340,1,D,PD,YB,D
14:44:53,PTBA,RG,4340,2,D,PD,PD,D
14:44:53,PTBA,RG,4330,40,D,CS,LG,D
14:44:52,PTBA,RG,4330,4,D,CS,XL,D
14:44:52,PTBA,RG,4330,13,D,CS,SQ,D
14:44:52,PTBA,RG,4330,3,D,PD,SQ,D
14:44:52,PTBA,RG,4330,10,D,YP,SQ,D
14:44:52,PTBA,RG,4330,1,D,XC,SQ,D
14:44:52,PTBA,RG,4330,12,D,PD,SQ,D
14:44:52,PTBA,RG,4330,1,D,CC,SQ,D
14:44:52,PTBA,RG,4330,1,D,XL,SQ,D
14:44:52,PTBA,RG,4330,1,D,EP,SQ,D
14:44:52,PTBA,RG,4330,1,D,YP,SQ,D
14:44:52,PTBA,RG,4330,1,D,XL,SQ,D
14:44:52,PTBA,RG,4330,3,D,NI,SQ,D
14:44:52,PTBA,RG,4330,1,D,XC,SQ,D
14:44:52,PTBA,RG,4330,1,D,XC,SQ,D
14:44:52,PTBA,RG,4330,2,D,XC,SQ,D
14:44:52,PTBA,RG,4330,2,D,OD,SQ,D
14:44:52,PTBA,RG,4330,147,F,BK,SQ,D
14:44:36,PTBA,RG,4330,79,F,BK,BK,F
14:44:34,PTBA,RG,4330,5,F,BK,SQ,D
14:44:33,PTBA,RG,4330,90,F,BK,FZ,D
14:44:33,PTBA,RG,4330,14,F,AK,FZ,D
14:44:33,PTBA,RG,4330,5,D,CC,FZ,D
14:44:33,PTBA,RG,4330,3,F,AK,FZ,D
14:44:33,PTBA,RG,4330,288,F,CS,FZ,D
14:44:32,PTBA,RG,4330,33,F,CS,BK,F
14:44:31,PTBA,RG,4330,3,F,CS,PD,D
14:44:30,PTBA,RG,4330,1,F,CS,LG,D
14:44:30,PTBA,RG,4330,100,F,CS,NI,D
14:44:26,PTBA,RG,4330,33,F,CS,BK,F
14:44:21,PTBA,RG,4330,240,F,CS,PD,D
14:44:21,PTBA,RG,4330,160,D,CS,PD,D
14:44:15,PTBA,RG,4340,2,D,NI,PD,D
14:44:03,PTBA,RG,4330,78,D,CS,BK,F
14:44:02,PTBA,RG,4330,1,D,CS,YP,D
14:44:02,PTBA,RG,4330,34,D,CS,OD,D
14:43:57,PTBA,RG,4330,55,D,CS,BK,F
14:43:53,PTBA,RG,4340,2,D,DR,PD,D
14:43:53,PTBA,RG,4340,48,D,DR,PD,D
14:43:51,PTBA,RG,4340,2,F,AK,PD,D
14:43:49,PTBA,RG,4330,432,D,CS,CC,D
14:43:49,PTBA,RG,4330,3,D,PD,CC,D
14:43:49,PTBA,RG,4330,20,D,CC,CC,D
14:43:49,PTBA,RG,4330,3,D,PD,CC,D
14:43:49,PTBA,RG,4330,141,F,YU,CC,D
14:43:49,PTBA,RG,4330,141,F,YU,CC,D
14:43:49,PTBA,RG,4330,1,D,AK,CC,D
14:43:49,PTBA,RG,4330,2,D,PD,CC,D
14:43:49,PTBA,RG,4330,15,F,AK,CC,D
14:43:49,PTBA,RG,4330,141,F,YU,CC,D
14:43:49,PTBA,RG,4330,11,D,YP,CC,D
14:43:49,PTBA,RG,4330,28,D,KZ,CC,D
14:43:49,PTBA,RG,4330,2,D,KZ,CC,D
14:43:49,PTBA,RG,4330,60,D,KZ,CC,D
14:43:48,PTBA,RG,4330,44,D,KZ,OD,D
14:43:48,PTBA,RG,4330,10,D,KZ,CC,D
14:43:43,PTBA,RG,4330,2,D,KZ,XC,D
14:43:33,PTBA,RG,4330,95,D,KZ,BK,F
14:43:08,PTBA,RG,4330,1,D,KZ,EP,D
14:43:06,PTBA,RG,4330,2,D,KZ,DH,D
14:43:05,PTBA,RG,4340,6,F,YU,NI,D
14:43:05,PTBA,RG,4340,10,F,YU,XC,D
14:43:05,PTBA,RG,4340,5,F,YU,XC,D
14:43:05,PTBA,RG,4340,19,F,YU,GR,D
14:43:05,PTBA,RG,4330,5,D,KZ,NI,D
14:43:05,PTBA,RG,4330,5,D,KZ,YP,D
14:43:03,PTBA,RG,4330,1,D,KZ,YP,D
14:42:46,PTBA,RG,4330,100,D,KZ,YP,D
14:42:45,PTBA,RG,4340,6,D,YU,GR,D
14:42:45,PTBA,RG,4340,3,D,YU,CC,D
14:42:45,PTBA,RG,4340,3,D,YU,AZ,D
14:42:45,PTBA,RG,4340,3,D,YU,CC,D
14:42:45,PTBA,RG,4340,7,D,YU,XC,D
14:42:45,PTBA,RG,4340,78,D,YU,OD,D
14:42:35,PTBA,RG,4330,1,D,KZ,NI,D
14:42:33,PTBA,RG,4330,5,D,KZ,NI,D
14:42:28,PTBA,RG,4340,22,F,YU,OD,D
14:42:28,PTBA,RG,4340,15,F,YU,GR,D
14:42:28,PTBA,RG,4340,10,F,YU,OD,D
14:42:28,PTBA,RG,4340,1,F,YU,XC,D
14:42:28,PTBA,RG,4340,7,F,YU,OD,D
14:42:28,PTBA,RG,4330,267,D,KZ,EP,D
14:42:26,PTBA,RG,4340,27,F,YU,OD,D
14:42:26,PTBA,RG,4340,2,F,YU,PD,D
14:42:26,PTBA,RG,4340,5,F,YU,PD,D
14:42:26,PTBA,RG,4340,10,F,YU,XC,D
14:42:26,PTBA,RG,4340,57,F,YU,PD,D
14:42:25,PTBA,RG,4340,43,F,YU,PD,D
14:42:25,PTBA,RG,4340,5,F,YU,YP,D
14:42:25,PTBA,RG,4340,3,F,YU,XC,D
14:42:25,PTBA,RG,4340,3,F,YU,XC,D
14:42:25,PTBA,RG,4340,10,F,YU,KK,D
14:42:25,PTBA,RG,4340,47,F,YU,DR,D
14:42:24,PTBA,RG,4340,53,F,YU,DR,D
14:42:24,PTBA,RG,4340,1,F,YU,XC,D
14:42:24,PTBA,RG,4340,3,F,YU,SQ,D
14:42:24,PTBA,RG,4340,70,F,YU,TP,D
14:42:23,PTBA,RG,4340,130,D,DX,TP,D
14:42:23,PTBA,RG,4340,20,D,DX,EP,D
14:42:23,PTBA,RG,4340,20,D,DX,YP,D
14:42:23,PTBA,RG,4340,10,D,DX,OD,D
14:42:23,PTBA,RG,4340,4,D,DX,YP,D
14:42:23,PTBA,RG,4340,5,D,DX,CP,D
14:42:23,PTBA,RG,4340,3,D,DX,NI,D
14:42:23,PTBA,RG,4340,100,D,DX,KK,D
14:42:23,PTBA,RG,4340,1,D,DX,XC,D
14:42:23,PTBA,RG,4340,10,D,DX,PD,D
14:42:23,PTBA,RG,4340,10,D,DX,CC,D
14:42:23,PTBA,RG,4340,10,D,DX,YP,D
14:42:23,PTBA,RG,4340,100,D,DX,PD,D
14:42:23,PTBA,RG,4340,1,D,DX,PD,D
14:42:23,PTBA,RG,4340,1,D,DX,NI,D
14:42:23,PTBA,RG,4340,5,D,DX,YP,D
14:42:23,PTBA,RG,4340,100,D,DX,AZ,D
14:42:23,PTBA,RG,4340,200,D,DX,CP,D
14:42:23,PTBA,RG,4340,1,D,DX,YP,D
14:42:23,PTBA,RG,4340,188,D,DX,XL,D
14:42:23,PTBA,RG,4340,5,D,DX,PD,D
14:42:23,PTBA,RG,4340,300,D,DX,BK,F
14:42:23,PTBA,RG,4340,9,D,DX,PD,D
14:42:23,PTBA,RG,4340,1,D,DX,YP,D
14:42:23,PTBA,RG,4340,1,D,DX,CC,D
14:42:23,PTBA,RG,4340,5,D,DX,PD,D
14:42:23,PTBA,RG,4340,760,D,DX,DR,D
14:42:11,PTBA,RG,4340,59,F,YU,DR,D
14:42:08,PTBA,RG,4340,1,D,CS,DR,D
14:42:08,PTBA,RG,4340,1005,D,CS,DR,D
14:42:04,PTBA,RG,4330,98,D,KZ,BK,F
14:42:01,PTBA,RG,4330,5,D,KZ,YP,D
14:41:58,PTBA,RG,4330,1,D,KZ,YP,D
14:41:56,PTBA,RG,4330,3,D,KZ,YP,D
14:41:46,PTBA,RG,4330,3,D,KZ,XC,D
14:41:46,PTBA,RG,4330,2,D,KZ,YP,D
14:41:39,PTBA,RG,4330,9,D,KZ,BK,F
14:41:39,PTBA,RG,4330,25,D,DR,BK,F
14:41:39,PTBA,RG,4330,7,D,DR,BK,F
14:41:39,PTBA,RG,4330,5,D,DR,BK,F
14:41:39,PTBA,RG,4330,2,D,CC,BK,F
14:41:39,PTBA,RG,4330,2,D,EP,BK,F
14:41:39,PTBA,RG,4330,52,F,YU,BK,F
14:41:37,PTBA,RG,4330,5,F,YU,YB,D
14:41:35,PTBA,RG,4330,2,F,YU,NI,D
14:41:34,PTBA,RG,4340,2,D,PD,DR,D
14:41:28,PTBA,RG,4330,20,F,YU,AZ,D
14:41:26,PTBA,RG,4330,55,F,YU,BK,F
14:41:19,PTBA,RG,4330,7,F,YU,GR,D
14:41:19,PTBA,RG,4330,1,D,AK,GR,D
14:41:19,PTBA,RG,4330,1,F,AK,GR,D
14:41:19,PTBA,RG,4330,1,D,KZ,GR,D
14:41:12,PTBA,RG,4330,5,D,KZ,YP,D
14:41:03,PTBA,RG,4340,40,F,YU,DR,D
14:41:03,PTBA,RG,4330,10,D,KZ,KK,D
14:41:01,PTBA,RG,4330,2,D,KZ,XL,D
14:40:56,PTBA,RG,4330,10,D,KZ,KK,D
14:40:55,PTBA,RG,4330,17,D,KZ,NI,D
14:40:51,PTBA,RG,4330,2,D,KZ,PD,D
14:40:49,PTBA,RG,4340,2,D,XC,DR,D
14:40:49,PTBA,RG,4340,1,D,DR,DR,D
14:40:43,PTBA,RG,4340,2,D,PD,DR,D
14:40:43,PTBA,RG,4330,34,D,KZ,OD,D
14:40:38,PTBA,RG,4330,34,D,KZ,OD,D
14:40:34,PTBA,RG,4330,34,D,KZ,OD,D
14:40:23,PTBA,RG,4340,35,D,YP,DR,D
14:40:17,PTBA,RG,4340,45,F,YU,DR,D
14:40:17,PTBA,RG,4330,3,D,KZ,YP,D
14:40:17,PTBA,RG,4330,25,D,YP,YP,D
14:40:17,PTBA,RG,4330,5,D,PD,YP,D
14:40:17,PTBA,RG,4330,1,D,NI,YP,D
14:40:17,PTBA,RG,4330,8,D,EP,YP,D
14:40:17,PTBA,RG,4330,59,D,CS,YP,D
14:40:06,PTBA,RG,4330,5,D,CS,PD,D
14:40:03,PTBA,RG,4330,1,D,CS,XC,D
14:40:01,PTBA,RG,4340,26,D,PD,DR,D
14:39:57,PTBA,RG,4330,7,D,CS,SQ,D
14:39:47,PTBA,RG,4330,2,D,CS,CC,D
14:39:36,PTBA,RG,4330,5,D,CS,GR,D
14:39:34,PTBA,RG,4330,10,D,CS,NI,D
14:39:31,PTBA,RG,4330,24,D,CS,XL,D
14:39:29,PTBA,RG,4330,21,D,CS,SQ,D
14:39:28,PTBA,RG,4330,4,D,CS,YB,D
14:39:26,PTBA,RG,4340,15,D,PD,DR,D
14:39:14,PTBA,RG,4330,1,D,CS,OD,D
14:39:04,PTBA,RG,4330,50,D,CS,DX,D
14:38:58,PTBA,RG,4330,5,D,CS,XC,D
14:38:45,PTBA,RG,4340,1,F,AK,DR,D
14:38:05,PTBA,RG,4340,1,D,XL,DR,D
14:37:55,PTBA,RG,4340,5,F,YU,DR,D
14:37:55,PTBA,RG,4340,1,F,YU,NI,D
14:37:55,PTBA,RG,4340,59,F,YU,BK,F
14:37:54,PTBA,RG,4340,103,D,NI,BK,F
14:37:54,PTBA,RG,4340,13,D,NI,PD,D
14:37:54,PTBA,RG,4340,104,D,NI,YP,F
14:37:44,PTBA,RG,4340,23,D,CC,YP,F
14:37:41,PTBA,RG,4330,21,D,CS,PD,D
14:37:37,PTBA,RG,4330,2,D,CS,YP,D
14:37:25,PTBA,RG,4340,20,D,XC,YP,F
14:37:21,PTBA,RG,4330,1,D,CS,XL,D
14:37:09,PTBA,RG,4330,5,D,CS,YP,D
14:37:08,PTBA,RG,4340,1,D,XL,YP,F
14:36:53,PTBA,RG,4330,25,D,CS,XC,D
14:36:32,PTBA,RG,4330,10,D,CS,LG,D
14:36:29,PTBA,RG,4340,36,D,XC,YP,F
14:36:15,PTBA,RG,4330,20,D,CS,EP,D
14:36:09,PTBA,RG,4340,58,F,YU,YP,F
14:36:07,PTBA,RG,4340,48,F,YU,YP,F
14:36:05,PTBA,RG,4330,328,D,CS,YB,D
14:36:05,PTBA,RG,4330,17,F,AK,YB,D
14:36:05,PTBA,RG,4330,1,F,AK,YB,D
14:36:05,PTBA,RG,4330,11,D,XC,YB,D
14:36:05,PTBA,RG,4330,143,F,BK,YB,D
14:36:05,PTBA,RG,4330,1,F,BK,OD,D
14:36:05,PTBA,RG,4340,210,D,NI,YP,F
14:36:05,PTBA,RG,4340,5,D,NI,YP,D
14:36:05,PTBA,RG,4340,32,D,NI,DH,D
14:36:05,PTBA,RG,4340,1,D,NI,NI,D
14:36:05,PTBA,RG,4340,5,D,NI,YP,D
14:36:05,PTBA,RG,4340,47,D,NI,TF,D
14:35:59,PTBA,RG,4330,5,F,BK,YP,D
14:35:56,PTBA,RG,4330,5,F,BK,YP,D
14:35:56,PTBA,RG,4330,40,F,BK,YP,D
14:35:54,PTBA,RG,4330,5,F,BK,XC,D
14:35:35,PTBA,RG,4330,1,F,BK,YP,D
14:35:29,PTBA,RG,4330,54,F,BK,NI,D
14:35:29,PTBA,RG,4330,25,D,PD,NI,D
14:35:29,PTBA,RG,4330,15,D,CC,NI,D
14:35:19,PTBA,RG,4330,1,D,CC,LG,D
14:35:09,PTBA,RG,4340,1,D,CC,TF,D
14:34:41,PTBA,RG,4340,129,D,CS,TF,D
14:34:41,PTBA,RG,4340,23,D,DX,TF,D
14:34:41,PTBA,RG,4340,100,D,DX,YP,D
14:34:41,PTBA,RG,4340,1,D,DX,YP,D
14:34:41,PTBA,RG,4340,20,D,DX,NI,D
14:34:41,PTBA,RG,4340,5,D,DX,YP,D
14:34:41,PTBA,RG,4340,2,D,DX,XC,D
14:34:41,PTBA,RG,4340,1,D,DX,YP,D
14:34:41,PTBA,RG,4340,1,D,DX,PD,D
14:34:41,PTBA,RG,4340,2,D,DX,YP,D
14:34:41,PTBA,RG,4340,2,D,DX,PD,D
14:34:41,PTBA,RG,4340,1,D,DX,YP,D
14:34:41,PTBA,RG,4340,11,D,DX,XC,D
14:34:41,PTBA,RG,4340,8,D,DX,PD,D
14:34:41,PTBA,RG,4340,5,D,DX,YP,D
14:34:41,PTBA,RG,4340,2,D,DX,PD,D
14:34:41,PTBA,RG,4340,25,D,DX,PD,D
14:34:41,PTBA,RG,4340,119,D,DX,PD,D
14:34:41,PTBA,RG,4340,393,D,DX,BK,F
14:34:41,PTBA,RG,4340,250,D,DX,YP,D
14:34:41,PTBA,RG,4340,1,D,DX,XC,D
14:34:41,PTBA,RG,4340,200,D,DX,YP,D
14:34:41,PTBA,RG,4340,1,D,DX,YP,D
14:34:41,PTBA,RG,4340,5,D,DX,AZ,D
14:34:41,PTBA,RG,4340,1,D,DX,YP,D
14:34:41,PTBA,RG,4340,5,D,DX,YP,D
14:34:41,PTBA,RG,4340,3,D,DX,XC,D
14:34:41,PTBA,RG,4340,2,D,DX,CC,D
14:34:41,PTBA,RG,4340,1,D,DX,YP,D
14:34:41,PTBA,RG,4340,25,D,DX,DR,D
14:34:41,PTBA,RG,4340,10,D,DX,YP,D
14:34:41,PTBA,RG,4340,10,D,DX,YP,D
14:34:41,PTBA,RG,4340,10,D,DX,GR,D
14:34:41,PTBA,RG,4340,1,D,DX,YP,D
14:34:41,PTBA,RG,4340,50,D,DX,PD,D
14:34:41,PTBA,RG,4340,5,D,DX,XC,D
14:34:41,PTBA,RG,4340,3,D,DX,PD,D
14:34:41,PTBA,RG,4340,100,D,DX,AZ,D
14:34:41,PTBA,RG,4340,1,D,DX,YP,D
14:34:41,PTBA,RG,4340,1,D,DX,KK,D
14:34:41,PTBA,RG,4340,200,D,DX,YP,D
14:34:41,PTBA,RG,4340,394,D,DX,BK,F
14:34:40,PTBA,RG,4330,10,D,CC,NI,D
14:34:29,PTBA,RG,4340,1,D,XC,BK,F
14:34:26,PTBA,RG,4340,1,D,PD,BK,F
14:34:23,PTBA,RG,4340,9,D,NI,BK,F
14:34:18,PTBA,RG,4330,2,D,CC,XC,D
14:34:16,PTBA,RG,4330,1,D,CC,XC,D
14:33:59,PTBA,RG,4330,1,D,CC,LG,D
14:33:59,PTBA,RG,4340,16,D,CS,BK,F
14:33:59,PTBA,RG,4340,100,D,CS,YB,D
14:33:59,PTBA,RG,4340,739,D,CS,GR,D
14:33:53,PTBA,RG,4340,1,D,PD,GR,D
14:33:53,PTBA,RG,4330,10,D,CC,NI,D
14:33:52,PTBA,RG,4330,24,D,CC,CC,D
14:33:51,PTBA,RG,4330,6,D,CC,YP,D
14:33:48,PTBA,RG,4330,30,D,CC,KK,D
14:33:48,PTBA,RG,4330,10,D,YP,KK,D
14:33:48,PTBA,RG,4330,3,D,YU,KK,D
14:33:30,PTBA,RG,4330,7,D,YU,PD,D
14:33:30,PTBA,RG,4340,3,D,PD,GR,D
14:33:23,PTBA,RG,4330,2,D,YU,YP,D
14:33:09,PTBA,RG,4330,34,D,YU,OD,D
14:33:08,PTBA,RG,4340,2,D,XC,GR,D
14:33:07,PTBA,RG,4330,4,D,YU,DH,D
14:32:59,PTBA,RG,4330,25,D,YU,YP,D
14:32:58,PTBA,RG,4330,1,D,YU,LG,D
14:32:56,PTBA,RG,4330,24,D,YU,EP,D
14:32:56,PTBA,RG,4330,1,D,PD,EP,D
14:32:56,PTBA,RG,4330,10,D,CC,EP,D
14:32:56,PTBA,RG,4330,100,D,KK,EP,D
14:32:56,PTBA,RG,4330,10,D,PD,EP,D
14:32:56,PTBA,RG,4330,7,D,XC,EP,D
14:32:56,PTBA,RG,4330,1,D,XL,EP,D
14:32:56,PTBA,RG,4330,1,D,KZ,EP,D
14:32:56,PTBA,RG,4330,25,D,PD,EP,D
14:32:56,PTBA,RG,4330,1,D,DR,EP,D
14:32:56,PTBA,RG,4330,1,D,CC,EP,D
14:32:56,PTBA,RG,4330,69,D,ZP,EP,D
14:32:52,PTBA,RG,4330,3,D,ZP,YP,D
14:32:43,PTBA,RG,4330,3,D,ZP,XC,D
14:32:38,PTBA,RG,4340,1,D,NI,GR,D
14:32:34,PTBA,RG,4330,1,D,ZP,NI,D
14:32:29,PTBA,RG,4330,21,D,ZP,XL,D
14:32:27,PTBA,RG,4330,5,D,ZP,YP,D
14:32:19,PTBA,RG,4340,25,D,YP,GR,D
14:32:11,PTBA,RG,4330,25,D,ZP,YP,D
14:32:10,PTBA,RG,4330,1,D,ZP,NI,D
14:32:09,PTBA,RG,4330,2,D,ZP,PD,D
14:32:08,PTBA,RG,4340,1,D,PC,GR,D
14:32:03,PTBA,RG,4330,25,D,ZP,YP,D
14:31:52,PTBA,RG,4330,300,D,ZP,GR,D
14:31:45,PTBA,RG,4330,12,D,ZP,YP,D
14:31:40,PTBA,RG,4330,15,D,ZP,PD,D
14:31:32,PTBA,RG,4330,1,D,ZP,PD,D
14:31:31,PTBA,RG,4330,1,D,ZP,PD,D
14:31:29,PTBA,RG,4330,2,D,ZP,XC,D
14:31:26,PTBA,RG,4330,11,D,ZP,PD,D
14:31:21,PTBA,RG,4330,1,D,ZP,PD,D
14:31:21,PTBA,RG,4330,2,D,ZP,DX,D
14:31:21,PTBA,RG,4330,14,F,AK,DX,D
14:31:21,PTBA,RG,4330,34,F,AK,DX,D
14:31:21,PTBA,RG,4340,3,D,NI,GR,D
14:30:55,PTBA,RG,4340,15,F,YU,GR,D
14:30:55,PTBA,RG,4340,38,F,YU,GR,D
14:30:55,PTBA,RG,4340,88,F,YU,GR,D
14:30:55,PTBA,RG,4340,15,F,YU,GR,D
14:30:55,PTBA,RG,4340,30,D,CC,GR,D
14:30:55,PTBA,RG,4340,1,D,AK,GR,D
14:30:55,PTBA,RG,4340,38,F,YU,GR,D
14:30:53,PTBA,RG,4340,3,D,CS,YP,D
14:30:53,PTBA,RG,4340,12,D,KK,YP,D
14:30:53,PTBA,RG,4340,1,D,XL,YP,D
14:30:53,PTBA,RG,4340,22,F,DX,YP,D
14:30:53,PTBA,RG,4340,7,D,XC,YP,D
14:30:53,PTBA,RG,4340,50,D,KK,YP,D
14:30:53,PTBA,RG,4340,15,F,AK,YP,D
14:30:53,PTBA,RG,4340,3,D,XC,YP,D
14:30:53,PTBA,RG,4340,187,F,BK,YP,D
14:30:53,PTBA,RG,4340,112,F,BK,BQ,D
14:30:53,PTBA,RG,4340,88,F,YU,BQ,D
14:30:53,PTBA,RG,4340,10,F,YU,NI,D
14:30:51,PTBA,RG,4340,5,F,YU,PD,D
14:30:51,PTBA,RG,4340,38,F,YU,YP,D
14:30:51,PTBA,RG,4340,2,D,XA,YP,D
14:30:51,PTBA,RG,4340,20,D,PD,YP,D
14:30:51,PTBA,RG,4340,12,D,EP,YP,D
14:30:51,PTBA,RG,4340,28,F,CS,YP,D
14:30:51,PTBA,RG,4340,414,F,CS,YP,D
14:30:44,PTBA,RG,4340,150,F,CS,GR,D
14:30:41,PTBA,RG,4340,6,F,CS,KK,D
14:30:39,PTBA,RG,4340,17,F,CS,CC,D
14:30:37,PTBA,RG,4340,1,F,CS,YP,D
14:30:29,PTBA,RG,4350,1,D,XC,DH,D
14:30:28,PTBA,RG,4340,70,F,CS,DX,D
14:30:24,PTBA,RG,4340,3,F,CS,AZ,D
14:30:21,PTBA,RG,4340,30,F,CS,YP,D
14:30:05,PTBA,RG,4340,10,F,CS,PD,D
14:30:04,PTBA,RG,4340,1,F,CS,PD,D
14:30:02,PTBA,RG,4350,9,D,DR,DH,D
14:30:01,PTBA,RG,4340,100,F,CS,BQ,D
14:30:00,PTBA,RG,4340,13,F,CS,XC,D
14:29:59,PTBA,RG,4340,5,F,CS,PD,D
14:29:58,PTBA,RG,4340,100,F,YU,AZ,D
14:29:53,PTBA,RG,4340,1,F,YU,CC,D
14:29:53,PTBA,RG,4340,5,D,YP,CC,D
14:29:53,PTBA,RG,4340,4,D,ZP,CC,D
14:29:51,PTBA,RG,4340,33,D,ZP,SQ,D
14:29:51,PTBA,RG,4340,21,D,EP,SQ,D
14:29:51,PTBA,RG,4340,141,F,YU,SQ,D
14:29:51,PTBA,RG,4340,1,D,AK,SQ,D
14:29:51,PTBA,RG,4340,240,D,CS,SQ,D
14:29:51,PTBA,RG,4340,27,F,DX,SQ,D
14:29:51,PTBA,RG,4340,1,D,XL,SQ,D
14:29:51,PTBA,RG,4340,25,F,AK,SQ,D
14:29:51,PTBA,RG,4340,362,F,BK,SQ,D
14:29:50,PTBA,RG,4340,1,F,BK,YP,D
14:29:48,PTBA,RG,4340,5,F,BK,CC,D
14:29:46,PTBA,RG,4340,100,F,BK,YB,D
14:29:46,PTBA,RG,4340,20,F,BK,PD,D
14:29:45,PTBA,RG,4340,44,F,BK,PD,D
14:29:44,PTBA,RG,4340,1,F,BK,KK,D
14:29:44,PTBA,RG,4340,9,F,BK,CC,D
14:29:43,PTBA,RG,4340,1,F,BK,CP,D
14:29:43,PTBA,RG,4340,5,F,BK,XC,D
14:29:42,PTBA,RG,4340,5,F,BK,BQ,D
14:29:39,PTBA,RG,4340,10,F,BK,XC,D
14:29:37,PTBA,RG,4340,5,F,BK,XC,D
14:29:35,PTBA,RG,4340,25,F,BK,IH,D
14:29:31,PTBA,RG,4340,3,F,BK,XA,D
14:29:31,PTBA,RG,4340,217,F,BK,TP,D
14:29:31,PTBA,RG,4340,46,D,DR,TP,D
14:29:31,PTBA,RG,4340,87,D,KZ,TP,D
14:29:29,PTBA,RG,4340,1,D,KZ,RG,D
14:29:29,PTBA,RG,4340,25,D,KZ,YP,D
14:29:16,PTBA,RG,4340,3,D,KZ,NI,D
14:29:14,PTBA,RG,4340,4,D,KZ,XC,D
14:29:12,PTBA,RG,4350,1,D,XL,DH,D
14:29:10,PTBA,RG,4340,1,D,KZ,YP,D
14:29:10,PTBA,RG,4340,1,D,KZ,KK,D
14:29:01,PTBA,RG,4340,25,F,YU,YP,D
14:29:00,PTBA,RG,4340,60,F,YU,KK,D
14:29:00,PTBA,RG,4340,140,F,YU,KK,D
14:28:59,PTBA,RG,4340,1,F,YU,XC,D
14:28:59,PTBA,RG,4340,2,F,AK,PD,D
14:28:59,PTBA,RG,4340,6,D,KK,PD,D
14:28:53,PTBA,RG,4340,10,D,KK,YP,D
14:28:51,PTBA,RG,4340,25,D,KK,YP,D
14:28:51,PTBA,RG,4340,10,D,KK,YP,D
14:28:50,PTBA,RG,4340,49,D,KK,CC,D
14:28:50,PTBA,RG,4340,10,D,XC,CC,D
14:28:50,PTBA,RG,4340,12,D,PD,CC,D
14:28:50,PTBA,RG,4340,5,D,CC,CC,D
14:28:50,PTBA,RG,4340,1,D,KK,CC,D
14:28:42,PTBA,RG,4340,1,D,KK,YP,D
14:28:42,PTBA,RG,4340,3,D,YP,YP,D
14:28:42,PTBA,RG,4340,7,D,XC,YP,D
14:28:41,PTBA,RG,4340,17,D,XC,PD,D
14:28:41,PTBA,RG,4340,10,D,AZ,PD,D
14:28:39,PTBA,RG,4340,20,D,AZ,KK,D
14:28:36,PTBA,RG,4340,1,D,AZ,NI,D
14:28:36,PTBA,RG,4340,10,D,AZ,YP,D
14:28:34,PTBA,RG,4340,10,D,AZ,XC,D
14:28:32,PTBA,RG,4340,64,D,AZ,IH,D
14:28:32,PTBA,RG,4340,26,D,YU,IH,D
14:28:32,PTBA,RG,4340,10,D,YU,YB,D
14:28:31,PTBA,RG,4340,10,D,YU,YP,D
14:28:29,PTBA,RG,4340,10,D,YU,CC,D
14:28:28,PTBA,RG,4340,44,D,YU,YP,D
14:28:28,PTBA,RG,4340,24,F,DX,YP,D
14:28:28,PTBA,RG,4340,1,D,KK,YP,D
14:28:28,PTBA,RG,4340,345,D,AZ,YP,D
14:28:28,PTBA,RG,4340,1,D,YP,YP,D
14:28:28,PTBA,RG,4340,141,F,YU,YP,D
14:28:28,PTBA,RG,4340,1,D,YP,YP,D
14:28:28,PTBA,RG,4340,1,D,YP,YP,D
14:28:28,PTBA,RG,4340,16,F,AK,YP,D
14:28:28,PTBA,RG,4340,1,D,YP,YP,D
14:28:28,PTBA,RG,4340,297,D,CS,YP,D
14:28:28,PTBA,RG,4340,12,D,CS,YP,D
14:28:28,PTBA,RG,4340,1,D,YP,YP,D
14:28:28,PTBA,RG,4340,1,D,YP,YP,D
14:28:28,PTBA,RG,4340,9,D,XC,YP,D
14:28:28,PTBA,RG,4340,105,F,BK,YP,D
14:28:23,PTBA,RG,4340,10,F,BK,YB,D
14:28:19,PTBA,RG,4340,5,F,BK,KK,D
14:28:19,PTBA,RG,4340,2,F,BK,KK,D
14:28:13,PTBA,RG,4340,24,F,BK,YP,D
14:27:57,PTBA,RG,4340,10,F,BK,IP,D
14:27:57,PTBA,RG,4340,1,F,BK,LG,D
14:27:56,PTBA,RG,4340,10,F,BK,CC,D
14:27:56,PTBA,RG,4340,3,F,BK,XC,D
14:27:53,PTBA,RG,4340,85,F,BK,CC,D
14:27:43,PTBA,RG,4340,9,F,BK,AT,D
14:27:42,PTBA,RG,4340,1,F,BK,PD,D
14:27:31,PTBA,RG,4340,10,F,BK,CC,D
14:27:28,PTBA,RG,4350,13,D,PD,DH,D
14:27:24,PTBA,RG,4340,2,F,BK,PD,D
14:27:22,PTBA,RG,4340,100,F,BK,DH,D
14:27:20,PTBA,RG,4340,2,F,BK,OD,D
14:27:19,PTBA,RG,4340,5,F,BK,XL,D
14:27:15,PTBA,RG,4340,1,F,BK,XC,D
14:27:10,PTBA,RG,4340,1,F,BK,XC,D
14:27:07,PTBA,RG,4340,1,F,BK,YP,D
14:27:05,PTBA,RG,4340,1,F,BK,XC,D
14:27:04,PTBA,RG,4340,2,F,BK,KK,D
14:27:04,PTBA,RG,4340,2,F,BK,LG,D
14:27:03,PTBA,RG,4340,10,F,BK,YP,D
14:27:02,PTBA,RG,4340,1,F,BK,PD,D
14:27:02,PTBA,RG,4340,20,F,BK,MG,D
14:27:02,PTBA,RG,4340,2,F,BK,GR,D
14:27:01,PTBA,RG,4340,1,F,BK,YP,D
14:26:59,PTBA,RG,4340,25,F,BK,GR,D
14:26:58,PTBA,RG,4340,1,F,BK,XL,D
14:26:57,PTBA,RG,4340,3,F,BK,BQ,D
14:26:56,PTBA,RG,4340,1,F,BK,KK,D
14:26:54,PTBA,RG,4340,322,F,BK,YP,D
14:26:54,PTBA,RG,4340,55,D,EP,YP,D
14:26:54,PTBA,RG,4340,3,D,AK,YP,D
14:26:54,PTBA,RG,4340,7,F,AK,YP,D
14:26:54,PTBA,RG,4340,1,D,XC,YP,D
14:26:54,PTBA,RG,4340,191,F,DX,YP,D
14:26:54,PTBA,RG,4340,21,D,CS,YP,D
14:26:51,PTBA,RG,4340,1,D,CS,LG,D
14:26:49,PTBA,RG,4340,1,D,CS,NI,D
14:26:45,PTBA,RG,4340,20,D,CS,YP,D
14:26:42,PTBA,RG,4340,9,D,CS,YP,D
14:26:42,PTBA,RG,4340,16,D,CC,YP,D
14:26:40,PTBA,RG,4340,10,D,CC,NI,D
14:26:40,PTBA,RG,4340,3,D,CC,XC,D
14:26:40,PTBA,RG,4340,1,D,CC,KK,D
14:26:25,PTBA,RG,4340,1,D,BQ,KK,D
14:26:24,PTBA,RG,4340,2,D,KK,YP,D
14:26:24,PTBA,RG,4340,3,D,KK,EP,D
14:26:23,PTBA,RG,4340,1,D,KK,OD,D
14:26:22,PTBA,RG,4340,4,D,KK,XL,D
14:26:22,PTBA,RG,4340,3,D,KK,XC,D
14:26:18,PTBA,RG,4340,5,D,KK,YP,D
14:26:18,PTBA,RG,4340,1,D,KK,DR,D
14:26:16,PTBA,RG,4340,1,D,KK,YP,D
14:26:13,PTBA,RG,4340,5,D,KK,XC,D
14:26:10,PTBA,RG,4340,33,F,YU,NI,D
14:26:10,PTBA,RG,4340,75,F,YU,NI,D
14:26:10,PTBA,RG,4340,20,D,PD,NI,D
14:26:10,PTBA,RG,4340,5,D,AK,NI,D
14:26:10,PTBA,RG,4340,2,D,AK,NI,D
14:26:10,PTBA,RG,4340,3,F,AK,NI,D
14:26:10,PTBA,RG,4340,2,F,AK,NI,D
14:26:10,PTBA,RG,4340,30,D,KZ,NI,D
14:26:09,PTBA,RG,4340,10,D,KZ,KK,D
14:26:07,PTBA,RG,4340,2,D,KZ,KK,D
14:26:06,PTBA,RG,4340,65,D,KZ,CC,D
14:26:05,PTBA,RG,4340,1,D,KZ,YP,D
14:26:03,PTBA,RG,4340,20,D,KZ,XC,D
14:25:57,PTBA,RG,4340,2,D,KZ,KK,D
14:25:55,PTBA,RG,4340,1,D,KZ,CC,D
14:25:55,PTBA,RG,4340,10,D,KK,CC,D
14:25:55,PTBA,RG,4340,2,D,CC,CC,D
14:25:55,PTBA,RG,4340,20,F,CC,CC,D
14:25:55,PTBA,RG,4340,474,F,YU,CC,D
14:25:53,PTBA,RG,4340,15,F,YU,PD,D
14:25:51,PTBA,RG,4340,25,F,YU,XC,D
14:25:50,PTBA,RG,4340,50,F,YU,PD,D
14:25:49,PTBA,RG,4350,43,F,YU,DH,D
14:25:48,PTBA,RG,4350,6,F,YU,DH,D
14:25:48,PTBA,RG,4350,2,F,YU,NI,D
14:25:48,PTBA,RG,4350,1,F,YU,EP,D
14:25:48,PTBA,RG,4350,30,F,YU,YP,D
14:25:48,PTBA,RG,4350,5,F,YU,NI,D
14:25:48,PTBA,RG,4350,5,F,YU,YP,D
14:25:48,PTBA,RG,4350,10,F,YU,KK,D
14:25:48,PTBA,RG,4350,4,F,YU,YP,D
14:25:47,PTBA,RG,4350,46,F,YU,YP,D
14:25:47,PTBA,RG,4350,5,F,YU,DH,D
14:25:47,PTBA,RG,4350,12,F,YU,YP,D
14:25:46,PTBA,RG,4350,61,F,YU,YP,D
14:25:45,PTBA,RG,4350,27,F,YU,YP,D
14:25:45,PTBA,RG,4350,10,F,YU,DR,D
14:25:45,PTBA,RG,4350,2,F,YU,XC,D
14:25:45,PTBA,RG,4350,5,F,YU,PD,D
14:25:45,PTBA,RG,4350,37,F,YU,CP,D
14:25:43,PTBA,RG,4340,2,F,YU,EP,D
14:25:42,PTBA,RG,4350,13,F,YU,CP,D
14:25:42,PTBA,RG,4350,20,F,YU,SQ,D
14:25:42,PTBA,RG,4350,1,F,YU,XC,D
14:25:42,PTBA,RG,4350,10,F,YU,YP,D
14:25:42,PTBA,RG,4350,15,F,YU,DR,D
14:25:42,PTBA,RG,4340,100,F,YU,DR,D
14:25:41,PTBA,RG,4350,5,F,YU,DR,D
14:25:41,PTBA,RG,4350,5,F,YU,DH,D
14:25:41,PTBA,RG,4350,1,F,YU,XC,D
14:25:41,PTBA,RG,4350,10,F,YU,YP,D
14:25:41,PTBA,RG,4350,38,F,YU,AZ,D
14:25:40,PTBA,RG,4350,62,F,YU,AZ,D
14:25:40,PTBA,RG,4350,17,F,YU,YO,D
14:25:38,PTBA,RG,4340,36,F,YU,PG,D
14:25:38,PTBA,RG,4340,164,D,DX,PG,D
14:25:38,PTBA,RG,4350,55,F,YU,YO,D
14:25:37,PTBA,RG,4350,28,F,YU,YO,D
14:25:37,PTBA,RG,4350,27,F,YU,DU,D
14:25:37,PTBA,RG,4350,3,D,PD,DU,D
14:25:37,PTBA,RG,4350,1,D,PD,YP,D
14:25:37,PTBA,RG,4350,1,D,PD,XL,D
14:25:37,PTBA,RG,4350,4,D,CS,XL,D
14:25:37,PTBA,RG,4350,100,D,CS,YP,D
14:25:37,PTBA,RG,4350,2,D,CS,PD,D
14:25:37,PTBA,RG,4350,1,D,CS,PD,D
14:25:37,PTBA,RG,4350,50,D,CS,CD,D
14:25:37,PTBA,RG,4350,1,D,CS,PD,D
14:25:37,PTBA,RG,4350,15,D,CS,EP,D
14:25:37,PTBA,RG,4350,1,D,CS,PD,D
14:25:37,PTBA,RG,4350,5,D,CS,YP,D
14:25:37,PTBA,RG,4350,2,D,CS,AZ,D
14:25:37,PTBA,RG,4350,10,D,CS,DR,D
14:25:37,PTBA,RG,4350,5,D,CS,KK,D
14:25:37,PTBA,RG,4350,1,D,CS,YB,D
14:25:37,PTBA,RG,4350,1,D,CS,PD,D
14:25:37,PTBA,RG,4350,10,D,CS,YB,D
14:25:37,PTBA,RG,4350,20,D,CS,AI,D
14:25:37,PTBA,RG,4340,200,D,DX,YP,D
14:25:37,PTBA,RG,4340,1,D,DX,BQ,D
14:25:37,PTBA,RG,4340,1,D,DX,YP,D
14:25:37,PTBA,RG,4340,1,D,DX,GR,D
14:25:37,PTBA,RG,4340,25,D,DX,YP,D
14:25:37,PTBA,RG,4340,2,D,DX,YP,D
14:25:37,PTBA,RG,4340,179,D,DX,XC,D
14:25:37,PTBA,RG,4340,100,D,DX,XC,D
14:25:37,PTBA,RG,4340,2,D,DX,NI,D
14:25:37,PTBA,RG,4340,100,D,DX,AZ,D
14:25:37,PTBA,RG,4340,25,D,DX,PD,D
14:25:37,PTBA,RG,4340,100,D,DX,DR,D
14:25:37,PTBA,RG,4340,180,D,DX,EP,D
14:25:37,PTBA,RG,4340,10,D,DX,CC,D
14:25:37,PTBA,RG,4340,1,D,DX,XC,D
14:25:37,PTBA,RG,4340,4,D,DX,PD,D
14:25:37,PTBA,RG,4340,100,D,DX,BQ,D
14:25:37,PTBA,RG,4340,50,D,DX,NI,D
14:25:37,PTBA,RG,4340,25,D,DX,CC,D
14:25:37,PTBA,RG,4340,900,D,DX,YP,D
14:25:37,PTBA,RG,4340,5,D,DX,SQ,D
14:25:37,PTBA,RG,4340,2,D,DX,KK,D
14:25:37,PTBA,RG,4340,9,D,DX,XC,D
14:25:37,PTBA,RG,4340,5,D,DX,YP,D
14:25:37,PTBA,RG,4340,10,D,DX,XC,D
14:25:37,PTBA,RG,4340,2,D,DX,YP,D
14:25:37,PTBA,RG,4340,1,D,DX,KK,D
14:25:37,PTBA,RG,4340,3,D,DX,PD,D
14:25:37,PTBA,RG,4340,40,D,DX,KK,D
14:25:37,PTBA,RG,4340,2,D,DX,PD,D
14:25:37,PTBA,RG,4340,3,D,DX,XC,D
14:25:37,PTBA,RG,4340,25,D,DX,YP,D
14:25:37,PTBA,RG,4340,20,D,DX,KK,D
14:25:37,PTBA,RG,4340,4,D,DX,PD,D
14:25:37,PTBA,RG,4340,1,D,DX,XC,D
14:25:37,PTBA,RG,4340,2,D,DX,SQ,D
14:25:37,PTBA,RG,4340,1,D,DX,XC,D
14:25:37,PTBA,RG,4340,2,D,DX,YP,D
14:25:37,PTBA,RG,4340,8,D,DX,XC,D
14:25:37,PTBA,RG,4340,10,D,DX,YP,D
14:25:37,PTBA,RG,4340,20,D,DX,PD,D
14:25:37,PTBA,RG,4340,1667,D,DX,OD,D
14:25:27,PTBA,RG,4340,5,D,KK,OD,D
14:25:17,PTBA,RG,4340,46,D,YP,OD,D
14:25:16,PTBA,RG,4340,2,D,DR,OD,D
14:25:15,PTBA,RG,4340,1,F,AK,OD,D
14:25:12,PTBA,RG,4340,60,D,PD,OD,D
14:25:03,PTBA,RG,4340,5,D,CC,OD,D
14:24:40,PTBA,RG,4330,1,F,YU,PD,D
14:24:38,PTBA,RG,4340,17,F,AK,OD,D
14:24:37,PTBA,RG,4340,3,D,SQ,OD,D
14:24:36,PTBA,RG,4340,60,F,YU,OD,D
14:24:35,PTBA,RG,4340,116,F,YU,OD,D
14:24:34,PTBA,RG,4340,117,F,YU,OD,D
14:24:33,PTBA,RG,4340,117,F,YU,OD,D
14:24:32,PTBA,RG,4340,117,F,YU,OD,D
14:24:31,PTBA,RG,4340,117,F,YU,OD,D
14:24:30,PTBA,RG,4340,118,F,YU,OD,D
14:24:29,PTBA,RG,4340,118,F,YU,OD,D
14:24:28,PTBA,RG,4340,119,F,YU,OD,D
14:24:27,PTBA,RG,4340,47,F,YU,OD,D
14:24:26,PTBA,RG,4340,50,D,GR,OD,D
14:24:24,PTBA,RG,4340,25,F,YU,OD,D
14:24:24,PTBA,RG,4340,20,F,YU,OD,D
14:24:24,PTBA,RG,4340,74,F,YU,KK,D
14:24:24,PTBA,RG,4330,310,F,YU,CC,D
14:24:23,PTBA,RG,4340,35,F,AK,KK,D
14:24:23,PTBA,RG,4340,120,F,YU,KK,D
14:24:23,PTBA,RG,4340,271,F,CS,KK,D
14:24:23,PTBA,RG,4340,25,F,CS,PD,D
14:24:23,PTBA,RG,4340,531,F,CS,GR,D
14:24:23,PTBA,RG,4340,1,F,CS,YP,D
14:24:23,PTBA,RG,4340,1,F,CS,BQ,D
14:24:23,PTBA,RG,4340,5,F,CS,KK,D
14:24:23,PTBA,RG,4340,2,F,CS,YP,D
14:24:23,PTBA,RG,4340,500,F,CS,YP,D
14:24:23,PTBA,RG,4340,80,F,CS,GR,D
14:24:23,PTBA,RG,4340,53,F,CS,XC,D
14:24:23,PTBA,RG,4340,5,F,CS,PD,D
14:24:23,PTBA,RG,4340,1,F,CS,YP,D
14:24:23,PTBA,RG,4340,2,F,CS,XL,D
14:24:23,PTBA,RG,4340,200,F,CS,YP,D
14:24:23,PTBA,RG,4340,100,F,CS,CP,D
14:24:23,PTBA,RG,4340,1,F,CS,CC,D
14:24:23,PTBA,RG,4340,9,F,CS,PD,D
14:24:23,PTBA,RG,4340,400,F,CS,PD,D
14:24:23,PTBA,RG,4340,10,F,CS,LS,D
14:24:23,PTBA,RG,4340,5,F,CS,NI,D
14:24:23,PTBA,RG,4340,10,F,CS,YP,D
14:24:23,PTBA,RG,4340,20,F,CS,EP,D
14:24:23,PTBA,RG,4340,20,F,CS,YU,D
14:24:23,PTBA,RG,4340,10,F,CS,DR,D
14:24:23,PTBA,RG,4340,1,F,CS,AT,D
14:24:23,PTBA,RG,4340,1,F,CS,YP,D
14:24:23,PTBA,RG,4340,10,F,CS,SQ,D
14:24:23,PTBA,RG,4340,1,F,CS,YP,D
14:24:23,PTBA,RG,4340,2,F,CS,NI,D
14:24:23,PTBA,RG,4340,20,F,CS,CP,D
14:24:23,PTBA,RG,4340,1,F,CS,PD,D
14:24:23,PTBA,RG,4340,1,F,CS,DR,D
14:24:23,PTBA,RG,4340,10,F,CS,PD,D
14:24:23,PTBA,RG,4340,1,F,CS,PD,D
14:24:23,PTBA,RG,4340,7,F,CS,PD,D
14:24:23,PTBA,RG,4340,5,F,CS,DH,D
14:24:23,PTBA,RG,4340,50,F,CS,YP,D
14:24:23,PTBA,RG,4340,2,F,CS,GR,D
14:24:23,PTBA,RG,4340,1,F,CS,YP,D
14:24:23,PTBA,RG,4340,5,F,CS,EP,D
14:24:23,PTBA,RG,4340,5,F,CS,KK,D
14:24:23,PTBA,RG,4340,10,F,CS,YP,D
14:24:23,PTBA,RG,4340,5,F,CS,YP,D
14:24:23,PTBA,RG,4340,90,F,CS,YP,D
14:24:22,PTBA,RG,4340,10,F,YU,YP,D
14:24:22,PTBA,RG,4340,10,F,YU,PD,D
14:24:22,PTBA,RG,4340,5,F,YU,XC,D
14:24:22,PTBA,RG,4340,1,F,YU,KK,D
14:24:22,PTBA,RG,4340,25,F,YU,YP,D
14:24:22,PTBA,RG,4340,70,F,YU,PD,D
14:24:21,PTBA,RG,4340,30,D,KZ,PD,D
14:24:21,PTBA,RG,4340,2,D,KZ,PD,D
14:24:21,PTBA,RG,4340,1,D,KZ,XC,D
14:24:21,PTBA,RG,4340,7,D,KZ,XC,D
14:24:21,PTBA,RG,4340,47,D,KZ,PD,D
14:24:21,PTBA,RG,4340,3,F,YU,PD,D
14:24:21,PTBA,RG,4340,1,F,YU,XC,D
14:24:21,PTBA,RG,4340,2,F,YU,YP,D
14:24:21,PTBA,RG,4340,100,F,YU,DH,D
14:24:21,PTBA,RG,4340,2,F,YU,OD,D
14:24:21,PTBA,RG,4340,1,F,YU,PD,D
14:24:21,PTBA,RG,4340,1,F,YU,PD,D
14:24:21,PTBA,RG,4340,2,F,YU,YP,D
14:24:21,PTBA,RG,4340,5,F,YU,PD,D
14:24:21,PTBA,RG,4340,3,F,YU,PD,D
14:24:21,PTBA,RG,4340,1,D,CC,PD,D
14:24:21,PTBA,RG,4340,100,D,CC,GR,D
14:24:21,PTBA,RG,4340,5,D,CC,EP,D
14:24:21,PTBA,RG,4340,15,D,CC,PD,D
14:24:21,PTBA,RG,4340,1,D,CC,KK,D
14:24:21,PTBA,RG,4340,4,D,CC,DH,D
14:24:21,PTBA,RG,4340,4,D,CC,PD,D
14:24:21,PTBA,RG,4340,22,D,CC,PD,D
14:24:21,PTBA,RG,4340,5,D,CC,YP,D
14:24:21,PTBA,RG,4340,1,D,CC,NI,D
14:24:21,PTBA,RG,4340,2,D,CC,EP,D
14:24:21,PTBA,RG,4340,6,D,CC,AG,D
14:24:21,PTBA,RG,4340,100,D,CC,AZ,D
14:24:21,PTBA,RG,4340,10,D,CC,YP,D
14:24:21,PTBA,RG,4340,30,D,CC,TP,D
14:24:21,PTBA,RG,4340,10,D,CC,YP,D
14:24:21,PTBA,RG,4340,7,D,CC,YP,D
14:24:21,PTBA,RG,4340,1,D,CC,NI,D
14:24:21,PTBA,RG,4340,10,D,CC,YP,D
14:24:21,PTBA,RG,4340,1,D,CC,OD,D
14:24:21,PTBA,RG,4340,120,D,CC,YP,D
14:24:21,PTBA,RG,4340,1,D,CC,PD,D
14:24:21,PTBA,RG,4340,1,D,CC,PD,D
14:24:21,PTBA,RG,4340,1,D,CC,YP,D
14:24:21,PTBA,RG,4340,30,D,CC,SQ,D
14:24:21,PTBA,RG,4340,2,D,CC,AZ,D
14:24:21,PTBA,RG,4340,20,D,CC,DR,D
14:24:21,PTBA,RG,4340,1,D,CC,YP,D
14:24:21,PTBA,RG,4340,2,D,CC,KK,D
14:24:21,PTBA,RG,4340,23,D,CC,PD,D
14:24:21,PTBA,RG,4340,1,D,CC,PD,D
14:24:21,PTBA,RG,4340,1,D,CC,YB,D
14:24:21,PTBA,RG,4340,462,D,CC,SA,D
14:24:20,PTBA,RG,4340,51,F,YU,SA,D
14:24:19,PTBA,RG,4340,121,F,YU,SA,D
14:24:19,PTBA,RG,4330,70,F,YU,GR,D
14:24:18,PTBA,RG,4340,122,F,YU,SA,D
14:24:17,PTBA,RG,4340,122,F,YU,SA,D
14:24:16,PTBA,RG,4340,122,F,YU,SA,D
14:24:15,PTBA,RG,4330,1,F,AK,XC,D
14:24:15,PTBA,RG,4330,44,F,AK,YP,D
14:24:15,PTBA,RG,4330,159,F,YU,YP,D
14:24:15,PTBA,RG,4330,218,F,BK,YP,D
14:24:15,PTBA,RG,4330,50,F,BK,YP,D
14:24:15,PTBA,RG,4330,50,F,BK,SQ,D
14:24:15,PTBA,RG,4330,4,F,BK,NI,D
14:24:15,PTBA,RG,4330,5,F,BK,XL,D
14:24:15,PTBA,RG,4330,2,F,BK,NI,D
14:24:15,PTBA,RG,4330,4,F,BK,PD,D
14:24:15,PTBA,RG,4330,12,F,BK,XC,D
14:24:15,PTBA,RG,4330,50,F,BK,YP,D
14:24:15,PTBA,RG,4330,1,F,BK,XC,D
14:24:15,PTBA,RG,4330,3,F,BK,CC,D
14:24:15,PTBA,RG,4330,301,F,BK,BK,F
14:24:15,PTBA,RG,4330,1,F,BK,YP,D
14:24:15,PTBA,RG,4330,4,F,BK,CC,D
14:24:15,PTBA,RG,4330,5,F,BK,SQ,D
14:24:15,PTBA,RG,4330,1,F,BK,OD,D
14:24:15,PTBA,RG,4330,2,F,BK,XC,D
14:24:15,PTBA,RG,4330,10,F,BK,DR,D
14:24:15,PTBA,RG,4330,100,F,BK,HD,D
14:24:15,PTBA,RG,4330,50,F,BK,KK,D
14:24:15,PTBA,RG,4330,2,F,BK,PD,D
14:24:15,PTBA,RG,4330,1,F,BK,XL,D
14:24:15,PTBA,RG,4330,25,F,BK,GR,D
14:24:15,PTBA,RG,4330,1,F,BK,YP,D
14:24:15,PTBA,RG,4330,4,F,BK,XC,D
14:24:15,PTBA,RG,4330,2,F,BK,PD,D
14:24:15,PTBA,RG,4330,10,F,BK,XC,D
14:24:15,PTBA,RG,4330,50,F,BK,NI,D
14:24:15,PTBA,RG,4330,6,F,BK,CC,D
14:24:15,PTBA,RG,4330,10,F,BK,XC,D
14:24:15,PTBA,RG,4330,2,F,BK,KK,D
14:24:15,PTBA,RG,4330,10,F,BK,CC,D
14:24:15,PTBA,RG,4330,2,F,BK,XC,D
14:24:15,PTBA,RG,4330,2,F,BK,NI,D
14:24:15,PTBA,RG,4330,3,F,AK,NI,D
14:24:15,PTBA,RG,4330,6,F,AK,CC,D
14:24:15,PTBA,RG,4330,1,F,AK,PD,D
14:24:15,PTBA,RG,4330,10,F,AK,XC,D
14:24:15,PTBA,RG,4330,5,F,AK,KK,D
14:24:15,PTBA,RG,4330,90,F,AK,LG,D
14:24:14,PTBA,RG,4330,10,F,AK,LG,D
14:24:14,PTBA,RG,4330,10,F,AK,XC,D
14:24:14,PTBA,RG,4330,1,F,AK,YB,D
14:24:14,PTBA,RG,4330,50,F,AK,CC,D
14:24:14,PTBA,RG,4330,30,F,AK,YU,D
14:24:14,PTBA,RG,4330,14,F,AK,EP,D
14:24:14,PTBA,RG,4330,101,F,AK,EP,D
14:24:14,PTBA,RG,4330,10,F,AK,NI,D
14:24:14,PTBA,RG,4330,4,F,AK,PD,D
14:24:14,PTBA,RG,4330,13,D,DR,PD,D
14:24:14,PTBA,RG,4330,4,D,DR,ZP,D
14:24:14,PTBA,RG,4330,5,D,DR,XC,D
14:24:14,PTBA,RG,4330,2,D,DR,NI,D
14:24:14,PTBA,RG,4330,100,D,DR,OD,D
14:24:14,PTBA,RG,4330,10,D,DR,CC,D
14:24:14,PTBA,RG,4330,10,D,DR,XC,D
14:24:14,PTBA,RG,4330,13,D,DR,XC,D
14:24:14,PTBA,RG,4330,2,D,DR,PD,D
14:24:14,PTBA,RG,4330,1,D,DR,AT,D
14:24:14,PTBA,RG,4330,1,D,DR,XC,D
14:24:14,PTBA,RG,4330,1,D,DR,PD,D
14:24:14,PTBA,RG,4330,5,D,DR,SQ,D
14:24:14,PTBA,RG,4330,11,D,DR,KK,D
14:24:14,PTBA,RG,4330,250,D,DR,CC,D
14:24:14,PTBA,RG,4330,1000,D,DR,ZP,D
14:24:14,PTBA,RG,4330,2,D,DR,DR,D
14:24:14,PTBA,RG,4330,8,D,DR,PD,D
14:24:14,PTBA,RG,4330,150,D,DR,YP,D
14:24:14,PTBA,RG,4330,1,D,DR,XC,D
14:24:14,PTBA,RG,4330,60,D,DR,CC,D
14:24:14,PTBA,RG,4330,10,D,DR,PD,D
14:24:14,PTBA,RG,4330,10,D,DR,SQ,D
14:24:14,PTBA,RG,4330,1,D,DR,XC,D
14:24:14,PTBA,RG,4330,100,D,DR,YP,D
14:24:14,PTBA,RG,4330,10,D,DR,SQ,D
14:24:14,PTBA,RG,4330,2,D,DR,SQ,D
14:24:14,PTBA,RG,4330,5,D,DR,CC,D
14:24:14,PTBA,RG,4330,2,D,DR,PD,D
14:24:14,PTBA,RG,4330,1,D,DR,XC,D
14:24:14,PTBA,RG,4330,1,D,DR,YP,D
14:24:14,PTBA,RG,4330,25,D,DR,LG,D
14:24:14,PTBA,RG,4330,1,D,DR,XC,D
14:24:14,PTBA,RG,4330,10,D,DR,DH,D
14:24:14,PTBA,RG,4330,10,D,DR,YP,D
14:24:14,PTBA,RG,4330,200,D,DR,IF,D
14:24:14,PTBA,RG,4330,2,D,DR,NI,D
14:24:14,PTBA,RG,4330,20,D,DR,KK,D
14:24:14,PTBA,RG,4330,16,D,DR,XC,D
14:24:14,PTBA,RG,4330,1,D,DR,PD,D
14:24:14,PTBA,RG,4330,10,D,DR,SQ,D
14:24:14,PTBA,RG,4330,10,D,DR,PD,D
14:24:14,PTBA,RG,4330,10,D,DR,EP,D
14:24:14,PTBA,RG,4330,45,D,DR,XL,D
14:24:14,PTBA,RG,4330,1,D,DR,YP,D
14:24:14,PTBA,RG,4330,1,D,DR,OD,D
14:24:14,PTBA,RG,4330,2,D,DR,SQ,D
14:24:14,PTBA,RG,4330,9,D,DR,SQ,D
14:24:14,PTBA,RG,4330,1,D,DR,YP,D
14:24:14,PTBA,RG,4330,50,D,DR,KK,D
14:24:14,PTBA,RG,4330,30,D,DR,SQ,D
14:24:14,PTBA,RG,4330,10,D,DR,SQ,D
14:24:14,PTBA,RG,4330,310,D,DR,BK,F
14:24:14,PTBA,RG,4330,6,D,DR,XC,D
14:24:14,PTBA,RG,4330,5,D,DR,PD,D
14:24:14,PTBA,RG,4330,20,D,DR,YP,D
14:24:14,PTBA,RG,4330,1,D,DR,XC,D
14:24:14,PTBA,RG,4330,3,D,DR,KK,D
14:24:14,PTBA,RG,4330,5,D,DR,XL,D
14:24:14,PTBA,RG,4330,25,D,DR,GR,D
14:24:14,PTBA,RG,4330,1,D,DR,CC,D
14:24:14,PTBA,RG,4330,56,D,DR,GR,D
14:24:14,PTBA,RG,4330,3,D,DR,KK,D
14:24:14,PTBA,RG,4330,20,D,DR,NI,D
14:24:14,PTBA,RG,4330,11,D,DR,YP,D
14:24:14,PTBA,RG,4330,1,D,DR,PD,D
14:24:14,PTBA,RG,4330,2,D,DR,YP,D
14:24:14,PTBA,RG,4330,25,D,DR,CC,D
14:24:14,PTBA,RG,4330,1,D,DR,XC,D
14:24:14,PTBA,RG,4330,2,D,DR,LG,D
14:24:14,PTBA,RG,4330,2,D,DR,NI,D
14:24:14,PTBA,RG,4330,2,D,DR,CC,D
14:24:14,PTBA,RG,4330,1,D,DR,PD,D
14:24:14,PTBA,RG,4330,1,D,DR,PD,D
14:24:14,PTBA,RG,4330,1,D,DR,YP,D
14:24:14,PTBA,RG,4330,5,D,DR,KK,D
14:24:14,PTBA,RG,4330,10,D,DR,PD,D
14:24:14,PTBA,RG,4330,1,D,DR,CC,D
14:24:14,PTBA,RG,4330,39,D,DR,NI,D
14:24:14,PTBA,RG,4330,5,D,DR,NI,D
14:24:14,PTBA,RG,4330,4,D,DR,PD,D
14:24:14,PTBA,RG,4330,10,D,DR,XC,D
14:24:14,PTBA,RG,4330,3,D,DR,YP,D
14:24:14,PTBA,RG,4330,1,D,DR,YP,D
14:24:14,PTBA,RG,4330,20,D,DR,SQ,D
14:24:14,PTBA,RG,4330,20,D,DR,YP,D
14:24:14,PTBA,RG,4330,5,D,DR,DH,D
14:24:14,PTBA,RG,4330,1,D,DR,XC,D
14:24:14,PTBA,RG,4330,8,D,DR,XL,D
14:24:14,PTBA,RG,4330,2,D,DR,YP,D
14:24:14,PTBA,RG,4330,50,D,DR,YP,D
14:24:14,PTBA,RG,4330,200,D,DR,DR,D
14:24:14,PTBA,RG,4330,1,D,DR,YP,D
14:24:14,PTBA,RG,4330,1,D,DR,XC,D
14:24:14,PTBA,RG,4330,100,D,DR,BQ,D
14:24:14,PTBA,RG,4330,20,D,DR,XL,D
14:24:14,PTBA,RG,4330,12,D,DR,XL,D
14:24:14,PTBA,RG,4330,300,D,DR,YP,D
14:24:14,PTBA,RG,4330,1,D,DR,SQ,D
14:24:14,PTBA,RG,4330,1,D,DR,XC,D
14:24:14,PTBA,RG,4330,32,D,DR,XL,D
14:24:14,PTBA,RG,4330,5,D,DR,DR,D
14:24:14,PTBA,RG,4330,100,D,DR,GR,D
14:24:14,PTBA,RG,4330,5,D,DR,YP,D
14:24:14,PTBA,RG,4330,34,D,DR,OD,D
14:24:14,PTBA,RG,4330,193,D,DR,SQ,D
14:24:14,PTBA,RG,4330,1,D,DR,CC,D
14:24:14,PTBA,RG,4330,1,D,DR,CC,D
14:24:14,PTBA,RG,4330,5,D,DR,XC,D
14:24:14,PTBA,RG,4330,1,D,DR,XC,D
14:24:14,PTBA,RG,4330,30,D,DR,XC,D
14:24:14,PTBA,RG,4330,10,D,DR,PD,D
14:24:14,PTBA,RG,4330,390,D,DR,BK,F
14:24:14,PTBA,RG,4330,1,D,DR,PD,D
14:24:14,PTBA,RG,4330,15,D,DR,NI,D
14:24:14,PTBA,RG,4330,1,D,DR,OD,D
14:24:14,PTBA,RG,4330,9,D,DR,YP,D
14:24:14,PTBA,RG,4330,20,D,DR,EP,D
14:24:14,PTBA,RG,4330,5,D,DR,XC,D
14:24:14,PTBA,RG,4330,1,D,DR,BQ,D
14:24:14,PTBA,RG,4330,10,D,DR,YP,D
14:24:14,PTBA,RG,4330,1,D,DR,PD,D
14:24:14,PTBA,RG,4330,3,D,DR,KK,D
14:24:14,PTBA,RG,4330,10,D,DR,XC,D
14:24:14,PTBA,RG,4330,1,D,DR,CC,D
14:24:14,PTBA,RG,4330,377,D,DR,BK,F
14:24:14,PTBA,RG,4330,5,D,DR,NI,D
14:24:14,PTBA,RG,4330,10,D,DR,YP,D
14:24:14,PTBA,RG,4330,1,D,DR,NI,D
14:24:14,PTBA,RG,4330,1,D,DR,XC,D
14:24:14,PTBA,RG,4330,3,D,DR,HP,D
14:24:14,PTBA,RG,4330,2,D,DR,NI,D
14:24:14,PTBA,RG,4330,34,D,DR,XL,D
14:24:14,PTBA,RG,4330,1,D,DR,YP,D
14:24:14,PTBA,RG,4330,30,D,DR,LG,D
14:24:14,PTBA,RG,4330,50,D,DR,OD,D
14:24:14,PTBA,RG,4330,25,D,DR,PD,D
14:24:14,PTBA,RG,4330,5,D,DR,DR,D
14:24:14,PTBA,RG,4330,1,D,DR,XC,D
14:24:14,PTBA,RG,4330,10,D,DR,CC,D
14:24:14,PTBA,RG,4330,10,D,DR,XL,D
14:24:14,PTBA,RG,4330,379,D,DR,BK,F
14:24:14,PTBA,RG,4330,24,D,DR,CC,D
14:24:14,PTBA,RG,4330,10,D,DR,GR,D
14:24:14,PTBA,RG,4330,50,D,DR,YP,D
14:24:14,PTBA,RG,4330,1,D,DR,PD,D
14:24:14,PTBA,RG,4330,200,D,DR,YP,D
14:24:14,PTBA,RG,4330,7,D,DR,XC,D
14:24:14,PTBA,RG,4330,4,D,DR,XL,D
14:24:14,PTBA,RG,4330,13,D,DR,YP,D
14:24:14,PTBA,RG,4330,15,D,DR,CC,D
14:24:14,PTBA,RG,4330,10,D,DR,PD,D
14:24:14,PTBA,RG,4330,5,D,DR,XL,D
14:24:14,PTBA,RG,4330,33,D,DR,BK,F
14:24:14,PTBA,RG,4330,10,D,DR,DR,D
14:24:14,PTBA,RG,4330,2,D,DR,KK,D
14:24:14,PTBA,RG,4330,50,D,DR,YP,D
14:24:14,PTBA,RG,4330,2,D,DR,NI,D
14:24:14,PTBA,RG,4330,1,D,DR,NI,D
14:24:14,PTBA,RG,4330,2,D,DR,PD,D
14:24:14,PTBA,RG,4330,5,D,DR,XC,D
14:24:14,PTBA,RG,4330,5,D,DR,YP,D
14:24:14,PTBA,RG,4330,2,D,DR,KK,D
14:24:14,PTBA,RG,4330,15,D,DR,YP,D
14:24:14,PTBA,RG,4330,50,D,DR,PD,D
14:24:14,PTBA,RG,4330,1,D,DR,XC,D
14:24:14,PTBA,RG,4330,2,D,DR,YP,D
14:24:14,PTBA,RG,4330,50,D,DR,DR,D
14:24:14,PTBA,RG,4330,20,D,DR,YP,D
14:24:14,PTBA,RG,4330,2,D,DR,PD,D
14:24:14,PTBA,RG,4330,10,D,DR,CC,D
14:24:14,PTBA,RG,4330,1,D,DR,XC,D
14:24:14,PTBA,RG,4330,5,D,DR,CC,D
14:24:14,PTBA,RG,4330,10,D,DR,CC,D
14:24:14,PTBA,RG,4330,2,D,DR,PD,D
14:24:14,PTBA,RG,4330,5,D,DR,TP,D
14:24:14,PTBA,RG,4330,2,D,DR,NI,D
14:24:14,PTBA,RG,4330,50,D,DR,CC,D
14:24:14,PTBA,RG,4330,10,D,DR,DR,D
14:24:14,PTBA,RG,4330,1,D,DR,PD,D
14:24:14,PTBA,RG,4330,1,D,DR,XC,D
14:24:14,PTBA,RG,4330,3905,D,DR,YP,D
14:23:59,PTBA,RG,4320,96,F,CS,BK,F
14:23:44,PTBA,RG,4330,45,F,YU,YP,D
14:23:43,PTBA,RG,4320,100,F,CS,ZP,D
14:23:42,PTBA,RG,4320,5,F,CS,YP,D
14:23:40,PTBA,RG,4320,20,F,CS,YP,D
14:23:37,PTBA,RG,4320,2,F,CS,KK,D
14:23:32,PTBA,RG,4320,34,F,CS,OD,D
14:23:30,PTBA,RG,4320,5,F,CS,YP,D
14:23:28,PTBA,RG,4320,15,F,CS,XC,D
14:23:22,PTBA,RG,4320,1,F,CS,KK,D
14:23:15,PTBA,RG,4320,20,F,CS,DH,D
14:22:57,PTBA,RG,4330,40,F,YU,YP,D
14:22:56,PTBA,RG,4320,19,D,DX,BK,F
14:22:56,PTBA,RG,4320,3,D,NI,BK,F
14:22:56,PTBA,RG,4320,1,D,XC,BK,F
14:22:56,PTBA,RG,4320,100,D,YU,BK,F
14:22:56,PTBA,RG,4320,1,D,YP,BK,F
14:22:56,PTBA,RG,4320,1,D,KK,BK,F
14:22:56,PTBA,RG,4320,19,F,AK,BK,F
14:22:56,PTBA,RG,4320,3,D,CS,BK,F
14:22:53,PTBA,RG,4320,2,D,CS,PD,D
14:22:52,PTBA,RG,4320,14,D,CS,PD,D
14:22:47,PTBA,RG,4320,50,D,CS,MG,D
14:22:27,PTBA,RG,4330,1,D,YP,YP,D
14:22:10,PTBA,RG,4330,1,D,XC,YP,D
14:22:09,PTBA,RG,4320,107,D,CS,BK,F
14:22:08,PTBA,RG,4320,1,D,CS,XL,D
14:22:04,PTBA,RG,4320,10,D,CS,EP,D
14:22:04,PTBA,RG,4320,2,D,CS,PD,D
14:21:58,PTBA,RG,4320,1,D,CS,YP,D
14:21:50,PTBA,RG,4320,10,D,CS,XC,D
14:21:50,PTBA,RG,4320,2,D,CS,DH,D
14:21:50,PTBA,RG,4330,45,F,YU,YP,D
14:21:49,PTBA,RG,4320,100,D,CS,DH,D
14:21:41,PTBA,RG,4320,7,D,CS,XC,D
14:21:35,PTBA,RG,4330,49,F,YU,YP,D
14:21:33,PTBA,RG,4330,48,F,YU,YP,D
14:21:33,PTBA,RG,4320,1,D,CS,XC,D
14:21:31,PTBA,RG,4330,56,F,YU,YP,D
14:21:31,PTBA,RG,4320,257,D,CS,YP,D
14:21:31,PTBA,RG,4320,29,F,DX,YP,D
14:21:31,PTBA,RG,4320,1,D,XC,YP,D
14:21:31,PTBA,RG,4320,1,D,AK,YP,D
14:21:31,PTBA,RG,4320,10,D,DR,YP,D
14:21:31,PTBA,RG,4320,4,D,XL,YP,D
14:21:31,PTBA,RG,4320,3,D,XL,YP,D
14:21:31,PTBA,RG,4320,109,D,KZ,YP,D
14:21:31,PTBA,RG,4320,107,D,CS,YP,D
14:21:29,PTBA,RG,4320,380,D,CS,HD,D
14:21:29,PTBA,RG,4320,50,D,KK,HD,D
14:21:29,PTBA,RG,4320,70,F,BK,HD,D
14:21:27,PTBA,RG,4320,59,F,BK,PD,D
14:21:18,PTBA,RG,4320,210,F,BK,OD,D
14:21:12,PTBA,RG,4320,7,F,BK,XC,D
14:21:10,PTBA,RG,4320,133,F,BK,BK,F
14:21:09,PTBA,RG,4330,5,D,HP,YP,D
14:21:06,PTBA,RG,4330,142,D,KZ,YP,D
14:21:03,PTBA,RG,4320,1,F,BK,YP,D
14:20:50,PTBA,RG,4330,2,D,XL,YP,D
14:20:45,PTBA,RG,4320,64,F,BK,BK,F
14:20:43,PTBA,RG,4320,30,F,BK,CC,D
14:20:20,PTBA,RG,4320,6,F,BK,XL,D
14:20:05,PTBA,RG,4330,1,D,NI,YP,D
14:20:04,PTBA,RG,4320,10,F,BK,NI,D
14:20:02,PTBA,RG,4320,34,F,BK,OD,D
14:19:59,PTBA,RG,4320,10,F,BK,YB,D
14:19:56,PTBA,RG,4320,10,F,BK,NI,D
14:19:55,PTBA,RG,4320,39,F,BK,CC,D
14:19:55,PTBA,RG,4320,11,F,YU,CC,D
14:19:46,PTBA,RG,4320,136,F,YU,BK,F
14:19:32,PTBA,RG,4320,1,F,YU,YP,D
14:19:30,PTBA,RG,4320,1,F,YU,SQ,D
14:19:30,PTBA,RG,4320,2,D,CS,SQ,D
14:19:27,PTBA,RG,4320,46,D,CS,BK,F
14:19:26,PTBA,RG,4320,1,D,CS,CC,D
14:19:26,PTBA,RG,4320,20,D,CS,NI,D
14:19:25,PTBA,RG,4320,10,D,CS,KK,D
14:19:22,PTBA,RG,4320,34,D,CS,OD,D
14:19:03,PTBA,RG,4320,100,D,CS,AG,D
14:19:03,PTBA,RG,4320,53,D,CS,BK,F
14:19:02,PTBA,RG,4320,2,D,CS,YP,D
14:18:56,PTBA,RG,4320,20,D,CS,DR,D
14:18:55,PTBA,RG,4320,5,D,CS,KK,D
14:18:54,PTBA,RG,4320,224,D,CS,HD,D
14:18:54,PTBA,RG,4320,2,F,AK,HD,D
14:18:54,PTBA,RG,4320,274,F,CS,HD,D
14:18:38,PTBA,RG,4320,4,F,CS,YP,D
14:18:38,PTBA,RG,4330,2,D,NI,YP,D
14:18:29,PTBA,RG,4330,44,D,ZP,YP,D
14:18:22,PTBA,RG,4320,2,F,CS,YP,D
14:18:19,PTBA,RG,4320,107,F,CS,BK,F
14:18:14,PTBA,RG,4320,13,F,CS,YP,D
14:18:13,PTBA,RG,4320,1,F,CS,EP,D
14:18:08,PTBA,RG,4320,5,F,CS,YP,D
14:18:02,PTBA,RG,4330,1,D,GR,YP,D
14:17:59,PTBA,RG,4320,35,F,CS,SQ,D
14:17:57,PTBA,RG,4320,1,F,CS,XC,D
14:17:48,PTBA,RG,4320,43,F,CS,PD,D
14:17:43,PTBA,RG,4320,40,F,CS,PD,D
14:17:40,PTBA,RG,4320,20,F,CS,XC,D
14:17:33,PTBA,RG,4320,108,F,CS,BK,F
14:17:19,PTBA,RG,4320,4,F,CS,XC,D
14:17:17,PTBA,RG,4320,10,F,CS,PD,D
14:17:13,PTBA,RG,4320,1,F,CS,PD,D
14:17:11,PTBA,RG,4330,2,D,YP,YP,D
14:17:08,PTBA,RG,4320,42,F,CS,BK,F
14:17:08,PTBA,RG,4320,14,F,AK,BK,F
14:17:08,PTBA,RG,4320,8,F,DX,BK,F
14:17:08,PTBA,RG,4320,1,F,DX,EP,D
14:17:07,PTBA,RG,4330,3,D,EP,YP,D
14:17:06,PTBA,RG,4320,16,F,DX,PD,D
14:17:06,PTBA,RG,4320,2,D,XC,PD,D
14:17:06,PTBA,RG,4320,47,D,SQ,PD,D
14:17:03,PTBA,RG,4320,3,D,SQ,CC,D
14:17:03,PTBA,RG,4320,2,D,CC,CC,D
14:17:03,PTBA,RG,4320,2,D,AK,CC,D
14:17:03,PTBA,RG,4320,43,D,KK,CC,D
14:17:00,PTBA,RG,4320,5,D,KK,XC,D
14:16:50,PTBA,RG,4320,2,D,KK,XL,D
14:16:47,PTBA,RG,4330,50,D,CC,YP,D
14:16:44,PTBA,RG,4330,1,D,NI,YP,D
14:16:42,PTBA,RG,4320,1,D,KK,LG,D
14:16:21,PTBA,RG,4320,1,D,KK,YP,D
14:16:17,PTBA,RG,4320,119,D,KK,BK,F
14:16:14,PTBA,RG,4320,1,D,KK,XC,D
14:16:13,PTBA,RG,4320,28,D,KK,PD,D
14:16:13,PTBA,RG,4320,55,F,YU,PD,D
14:16:13,PTBA,RG,4320,26,F,AK,PD,D
14:16:13,PTBA,RG,4320,12,F,YU,PD,D
14:16:08,PTBA,RG,4320,3,F,YU,PD,D
14:15:58,PTBA,RG,4320,42,F,YU,BK,F
14:15:58,PTBA,RG,4320,3,F,YU,PD,D
14:15:45,PTBA,RG,4320,14,F,YU,XC,D
14:15:44,PTBA,RG,4320,2,F,YU,YP,D
14:15:42,PTBA,RG,4320,2,F,YU,YP,D
14:15:39,PTBA,RG,4320,44,F,YU,BK,F
14:15:37,PTBA,RG,4320,11,F,YU,XC,D
14:15:28,PTBA,RG,4320,3,F,YU,OD,D
14:15:26,PTBA,RG,4320,1,F,YU,NI,D
14:15:20,PTBA,RG,4320,4,F,YU,AT,D
14:15:20,PTBA,RG,4320,1,D,CC,AT,D
14:15:20,PTBA,RG,4320,10,D,DR,AT,D
14:15:20,PTBA,RG,4320,1,D,CC,AT,D
14:15:20,PTBA,RG,4320,33,D,CC,AT,D
14:15:20,PTBA,RG,4320,6,D,XL,AT,D
14:15:20,PTBA,RG,4320,1,D,EP,AT,D
14:15:20,PTBA,RG,4320,14,D,LG,AT,D
14:15:19,PTBA,RG,4320,1,D,LG,YP,D
14:15:17,PTBA,RG,4320,2,D,LG,SQ,D
14:15:12,PTBA,RG,4320,8,D,LG,BK,F
14:15:12,PTBA,RG,4320,3,F,AK,BK,F
14:15:12,PTBA,RG,4320,47,F,YU,BK,F
14:15:10,PTBA,RG,4320,1,F,YU,NI,D
14:15:05,PTBA,RG,4330,10,D,CC,YP,D
14:15:05,PTBA,RG,4330,1,D,XL,YP,D
14:14:55,PTBA,RG,4320,30,F,YU,YP,D
14:14:52,PTBA,RG,4330,4,D,CC,YP,D
14:14:45,PTBA,RG,4330,1,D,XL,YP,D
14:14:31,PTBA,RG,4330,3,D,XL,YP,D
14:14:30,PTBA,RG,4330,44,F,YU,YP,D
14:14:28,PTBA,RG,4320,1,D,XL,YP,D
14:14:28,PTBA,RG,4320,2,D,XL,YP,D
14:14:28,PTBA,RG,4320,34,F,DX,BK,F
14:14:28,PTBA,RG,4320,80,D,YP,BK,F
14:14:10,PTBA,RG,4330,11,D,XL,YP,D
14:13:57,PTBA,RG,4320,20,D,YP,BK,F
14:13:57,PTBA,RG,4320,1,D,KK,BK,F
14:13:57,PTBA,RG,4320,5,D,XC,BK,F
14:13:57,PTBA,RG,4320,2,D,DR,BK,F
14:13:57,PTBA,RG,4320,47,D,YU,BK,F
14:13:55,PTBA,RG,4320,53,D,YU,XL,D
14:13:55,PTBA,RG,4320,2,D,CS,XL,D
14:13:44,PTBA,RG,4330,41,F,YU,YP,D
14:13:44,PTBA,RG,4320,15,D,CS,DR,D
14:13:43,PTBA,RG,4320,7,D,CS,LS,D
14:13:31,PTBA,RG,4320,67,D,CS,BK,F
14:13:24,PTBA,RG,4330,70,D,PD,YP,D
14:13:16,PTBA,RG,4330,131,D,YP,YP,D
14:13:15,PTBA,RG,4320,26,D,CS,XC,D
14:13:04,PTBA,RG,4320,2,D,CS,EL,D
14:13:02,PTBA,RG,4320,15,D,CS,YP,D
14:13:00,PTBA,RG,4320,78,D,CS,BK,F
14:12:57,PTBA,RG,4320,1,D,CS,XC,D
14:12:50,PTBA,RG,4320,1,D,CS,YP,D
14:12:46,PTBA,RG,4320,2,D,CS,SQ,D
14:12:43,PTBA,RG,4320,1,D,CS,OD,D
14:12:41,PTBA,RG,4320,13,D,CS,YP,D
14:12:39,PTBA,RG,4320,12,D,CS,XL,D
14:12:37,PTBA,RG,4320,55,D,CS,BK,F
14:12:24,PTBA,RG,4320,10,D,CS,GR,D
14:12:24,PTBA,RG,4320,2,D,CS,CP,D
14:12:17,PTBA,RG,4330,2,D,KK,YP,D
14:12:05,PTBA,RG,4330,125,D,DR,YP,D
14:12:01,PTBA,RG,4320,1,D,CS,PD,D
14:12:00,PTBA,RG,4320,90,D,CS,BK,F
14:12:00,PTBA,RG,4320,94,D,CS,DR,D
14:12:00,PTBA,RG,4320,342,F,BK,DR,D
14:11:59,PTBA,RG,4320,157,F,BK,YP,D
14:11:58,PTBA,RG,4320,2,F,BK,PD,D
14:11:56,PTBA,RG,4320,34,F,BK,OD,D
14:11:56,PTBA,RG,4320,66,F,BK,CC,D
14:11:56,PTBA,RG,4320,23,F,DX,CC,D
14:11:56,PTBA,RG,4320,5,D,YP,CC,D
14:11:56,PTBA,RG,4320,1,D,AK,CC,D
14:11:51,PTBA,RG,4320,1,D,AK,DH,D
14:11:51,PTBA,RG,4320,29,D,YU,DH,D
14:11:50,PTBA,RG,4320,96,D,YU,YP,D
14:11:50,PTBA,RG,4320,5,D,PD,YP,D
14:11:50,PTBA,RG,4320,29,D,PD,YP,D
14:11:46,PTBA,RG,4320,1,D,PD,NI,D
14:11:46,PTBA,RG,4320,1,D,PD,NI,D
14:11:46,PTBA,RG,4320,1,D,PD,XC,D
14:11:41,PTBA,RG,4320,2,D,PD,XL,D
14:11:32,PTBA,RG,4320,1,D,PD,YP,D
14:11:32,PTBA,RG,4320,5,F,AK,YP,D
14:11:29,PTBA,RG,4320,1,F,AK,XC,D
14:11:25,PTBA,RG,4320,3,F,AK,XC,D
14:11:22,PTBA,RG,4320,5,F,AK,KK,D
14:11:20,PTBA,RG,4320,1,F,AK,PD,D
14:11:20,PTBA,RG,4320,1,D,PD,PD,D
14:11:20,PTBA,RG,4320,2,D,NI,PD,D
14:11:15,PTBA,RG,4320,13,D,NI,BK,F
14:11:15,PTBA,RG,4320,60,D,YU,BK,F
14:11:15,PTBA,RG,4320,23,F,DX,BK,F
14:11:15,PTBA,RG,4320,5,D,CC,BK,F
14:11:11,PTBA,RG,4320,3,D,CC,PD,D
14:11:09,PTBA,RG,4320,5,D,CC,YP,D
14:11:07,PTBA,RG,4320,35,D,CC,PD,D
14:11:03,PTBA,RG,4320,52,D,CC,PD,D
14:11:03,PTBA,RG,4320,1,D,XC,PD,D
14:11:03,PTBA,RG,4320,25,D,YP,PD,D
14:11:03,PTBA,RG,4320,9,D,KK,PD,D
14:10:51,PTBA,RG,4320,1,D,KK,YP,D
14:10:50,PTBA,RG,4320,17,D,KK,YP,D
14:10:45,PTBA,RG,4320,73,D,KK,BK,F
14:10:45,PTBA,RG,4320,5,D,CC,BK,F
14:10:45,PTBA,RG,4320,7,F,YU,BK,F
14:10:44,PTBA,RG,4330,5,D,NI,YP,D
14:10:43,PTBA,RG,4320,1,F,YU,XC,D
14:10:36,PTBA,RG,4330,1,D,XC,YP,D
14:10:15,PTBA,RG,4330,100,D,YU,YP,D
14:10:10,PTBA,RG,4320,55,F,YU,KK,D
14:10:10,PTBA,RG,4320,161,D,KZ,KK,D
14:10:10,PTBA,RG,4320,4,D,AK,KK,D
14:10:10,PTBA,RG,4320,4,F,AK,KK,D
14:10:10,PTBA,RG,4320,6,D,PD,KK,D
14:10:10,PTBA,RG,4320,65,D,DR,KK,D
14:10:10,PTBA,RG,4320,5,D,NI,KK,D
14:10:10,PTBA,RG,4320,15,F,AK,KK,D
14:10:10,PTBA,RG,4320,19,F,DX,KK,D
14:10:10,PTBA,RG,4320,22,D,KK,KK,D
14:10:05,PTBA,RG,4320,6,D,KK,XL,D
14:10:04,PTBA,RG,4320,50,D,KK,GR,D
14:10:01,PTBA,RG,4320,22,D,KK,OD,D
14:10:01,PTBA,RG,4320,10,D,PD,OD,D
14:10:01,PTBA,RG,4320,2,D,XC,OD,D
14:10:00,PTBA,RG,4320,3,D,XC,BK,F
14:10:00,PTBA,RG,4320,9,D,PD,BK,F
14:10:00,PTBA,RG,4320,5,D,DR,BK,F
14:10:00,PTBA,RG,4320,2,D,PD,BK,F
14:10:00,PTBA,RG,4320,1,D,XC,BK,F
14:10:00,PTBA,RG,4320,1,D,XC,BK,F
14:10:00,PTBA,RG,4320,90,F,YU,BK,F
14:10:00,PTBA,RG,4330,8,D,KK,YP,D
14:10:00,PTBA,RG,4330,2,D,KK,LG,D
14:09:58,PTBA,RG,4330,1,D,YP,NI,D
14:09:51,PTBA,RG,4330,1,D,YP,NI,D
14:09:51,PTBA,RG,4320,1,F,YU,XC,D
14:09:42,PTBA,RG,4330,1,D,PD,KK,D
14:09:41,PTBA,RG,4320,1,F,YU,XC,D
14:09:39,PTBA,RG,4330,4,D,XC,KK,D
14:09:39,PTBA,RG,4330,1,D,XC,OD,D
14:09:32,PTBA,RG,4320,1,F,YU,XC,D
14:09:24,PTBA,RG,4320,48,F,YU,BK,F
14:09:24,PTBA,RG,4320,51,F,YU,BK,F
14:09:15,PTBA,RG,4330,1,F,AK,OD,D
14:09:04,PTBA,RG,4320,1,F,YU,SQ,D
14:09:03,PTBA,RG,4320,34,F,YU,OD,D
14:09:01,PTBA,RG,4320,7,F,YU,CC,D
14:08:50,PTBA,RG,4320,47,F,YU,CC,D
14:08:48,PTBA,RG,4320,1,F,YU,NI,D
14:08:48,PTBA,RG,4320,1,D,PD,NI,D
14:08:48,PTBA,RG,4320,4,D,XC,NI,D
14:08:48,PTBA,RG,4320,2,F,AK,NI,D
14:08:48,PTBA,RG,4320,42,F,YU,NI,D
14:08:46,PTBA,RG,4330,118,D,KZ,OD,D
14:08:45,PTBA,RG,4320,11,F,YU,XC,D
14:08:41,PTBA,RG,4320,25,F,YU,BK,F
14:08:41,PTBA,RG,4320,84,D,CS,BK,F
14:08:31,PTBA,RG,4320,12,D,CS,PD,D
14:08:24,PTBA,RG,4330,2,D,XL,OD,D
14:08:24,PTBA,RG,4330,41,F,YU,OD,D
14:08:22,PTBA,RG,4330,41,F,YU,OD,D
14:08:20,PTBA,RG,4330,41,F,YU,OD,D
14:08:18,PTBA,RG,4330,45,F,YU,OD,D
14:08:17,PTBA,RG,4320,220,D,CS,GR,D
14:08:17,PTBA,RG,4330,212,D,DR,OD,D
14:08:17,PTBA,RG,4330,2,D,DR,NI,D
14:08:17,PTBA,RG,4330,5,D,DR,YP,D
14:08:17,PTBA,RG,4330,100,D,DR,YP,D
14:08:17,PTBA,RG,4330,15,D,DR,NI,D
14:08:17,PTBA,RG,4330,2,D,DR,YP,D
14:08:17,PTBA,RG,4330,1,D,DR,NI,D
14:08:17,PTBA,RG,4330,1,D,DR,DR,D
14:08:17,PTBA,RG,4330,20,D,DR,SQ,D
14:08:17,PTBA,RG,4330,2,D,DR,YP,D
14:08:17,PTBA,RG,4330,340,D,DR,NI,D
14:08:14,PTBA,RG,4330,5,D,XL,NI,D
14:08:13,PTBA,RG,4330,44,F,YU,NI,D
14:08:12,PTBA,RG,4320,200,D,CS,GR,D
14:08:08,PTBA,RG,4320,5,D,CS,YP,D
14:08:08,PTBA,RG,4320,1,D,CS,YP,D
14:08:04,PTBA,RG,4320,1,D,CS,YP,D
14:08:04,PTBA,RG,4320,92,D,CS,BK,F
14:08:02,PTBA,RG,4330,1,D,PD,NI,D
14:07:56,PTBA,RG,4320,3,D,CS,YP,D
14:07:53,PTBA,RG,4330,42,F,YU,NI,D
14:07:49,PTBA,RG,4330,43,F,YU,NI,D
14:07:46,PTBA,RG,4330,125,D,CC,NI,D
14:07:46,PTBA,RG,4330,20,D,CC,YP,D
14:07:46,PTBA,RG,4330,23,D,CC,PD,D
14:07:46,PTBA,RG,4330,10,D,CC,YP,D
14:07:46,PTBA,RG,4330,2,D,CC,GR,D
14:07:46,PTBA,RG,4330,10,D,CC,PD,D
14:07:46,PTBA,RG,4330,100,D,CC,TF,D
14:07:46,PTBA,RG,4330,1,D,CC,AI,D
14:07:46,PTBA,RG,4330,5,D,CC,PD,D
14:07:46,PTBA,RG,4330,2,D,CC,YP,D
14:07:46,PTBA,RG,4330,10,D,CC,PD,D
14:07:46,PTBA,RG,4330,1,D,CC,XL,D
14:07:46,PTBA,RG,4330,2,D,CC,YP,D
14:07:46,PTBA,RG,4330,189,D,CC,OD,D
14:07:27,PTBA,RG,4330,41,F,YU,OD,D
14:07:26,PTBA,RG,4320,10,D,PD,BK,F
14:07:26,PTBA,RG,4320,1,D,PD,BK,F
14:07:26,PTBA,RG,4320,2,D,YP,BK,F
14:07:26,PTBA,RG,4320,15,D,DR,BK,F
14:07:26,PTBA,RG,4320,74,F,BK,BK,F
14:07:22,PTBA,RG,4320,5,F,BK,DR,D
14:07:22,PTBA,RG,4330,2,D,PD,OD,D
14:07:21,PTBA,RG,4320,3,F,BK,NI,D
14:07:20,PTBA,RG,4320,50,F,BK,GR,D
14:07:17,PTBA,RG,4320,1,F,BK,YP,D
14:07:07,PTBA,RG,4320,1,F,BK,YP,D
14:06:59,PTBA,RG,4320,65,F,BK,BK,F
14:06:47,PTBA,RG,4320,2,F,BK,KK,D
14:06:45,PTBA,RG,4320,1,F,BK,YP,D
14:06:44,PTBA,RG,4320,20,F,BK,NI,D
14:06:38,PTBA,RG,4320,1,F,BK,BQ,D
14:06:37,PTBA,RG,4320,4,F,BK,PD,D
14:06:31,PTBA,RG,4320,1,F,BK,PD,D
14:06:25,PTBA,RG,4330,1,D,DR,OD,D
14:06:23,PTBA,RG,4330,41,F,YU,OD,D
14:06:22,PTBA,RG,4320,33,F,BK,KK,D
14:06:19,PTBA,RG,4320,112,F,BK,BK,F
14:06:08,PTBA,RG,4320,2,F,BK,YP,D
14:06:06,PTBA,RG,4320,1,F,BK,YP,D
14:06:02,PTBA,RG,4320,5,F,BK,KK,D
14:05:51,PTBA,RG,4320,70,F,BK,BK,F
14:05:46,PTBA,RG,4320,2,F,BK,NI,D
14:05:45,PTBA,RG,4320,1,F,BK,YP,D
14:05:34,PTBA,RG,4320,3,F,BK,YP,D
14:05:31,PTBA,RG,4320,5,F,BK,CC,D
14:05:28,PTBA,RG,4330,48,F,YU,OD,D
14:05:28,PTBA,RG,4320,65,F,BK,BK,F
14:05:25,PTBA,RG,4320,1,F,BK,KK,D
14:05:23,PTBA,RG,4320,10,F,BK,LS,D
14:05:17,PTBA,RG,4330,2,D,HP,OD,D
14:05:10,PTBA,RG,4320,5,F,BK,YP,D
14:05:10,PTBA,RG,4320,1,F,BK,XL,D
14:05:10,PTBA,RG,4330,10,D,PD,OD,D
14:05:06,PTBA,RG,4320,26,F,BK,GR,D
14:05:06,PTBA,RG,4320,11,D,AZ,GR,D
14:05:06,PTBA,RG,4320,3,D,KK,GR,D
14:05:06,PTBA,RG,4320,60,D,LG,GR,D
14:05:06,PTBA,RG,4320,140,D,LG,GR,D
14:05:06,PTBA,RG,4320,10,F,CC,GR,D
14:05:04,PTBA,RG,4330,3,D,CC,OD,D
14:05:02,PTBA,RG,4320,1,D,AK,BK,F
14:05:02,PTBA,RG,4320,72,D,CS,BK,F
14:04:58,PTBA,RG,4330,18,D,XL,OD,D
14:04:44,PTBA,RG,4320,198,D,CS,GR,D
14:04:44,PTBA,RG,4320,35,D,DH,GR,D
14:04:44,PTBA,RG,4320,95,F,YU,GR,D
14:04:44,PTBA,RG,4320,120,D,YU,GR,D
14:04:44,PTBA,RG,4320,10,D,GR,GR,D
14:04:44,PTBA,RG,4320,16,F,AK,GR,D
14:04:44,PTBA,RG,4320,26,D,KK,GR,D
14:04:39,PTBA,RG,4320,1,D,KK,DR,D
14:04:39,PTBA,RG,4320,73,D,KK,KK,D
14:04:39,PTBA,RG,4320,47,D,KZ,KK,D
14:04:37,PTBA,RG,4320,34,D,KZ,OD,D
14:04:26,PTBA,RG,4320,22,D,KZ,BK,F
14:04:26,PTBA,RG,4320,1,D,OD,BK,F
14:04:26,PTBA,RG,4320,10,D,EP,BK,F
14:04:26,PTBA,RG,4320,2,F,AK,BK,F
14:04:26,PTBA,RG,4320,1,D,AK,BK,F
14:04:26,PTBA,RG,4320,50,D,DR,BK,F
14:04:26,PTBA,RG,4320,12,F,CS,BK,F
14:04:23,PTBA,RG,4330,3,D,CC,OD,D
14:04:10,PTBA,RG,4330,5,D,LG,OD,D
14:04:05,PTBA,RG,4320,5,F,CS,KK,D
14:04:02,PTBA,RG,4320,50,F,CS,CC,D
14:03:58,PTBA,RG,4320,2,F,CS,YP,D
14:03:53,PTBA,RG,4330,2,D,PD,OD,D
14:03:53,PTBA,RG,4320,3,F,CS,YP,D
14:03:44,PTBA,RG,4330,1,D,XC,OD,D
14:03:39,PTBA,RG,4330,1,D,XC,OD,D
14:03:38,PTBA,RG,4320,15,F,CS,AT,D
14:03:25,PTBA,RG,4330,25,D,YP,OD,D
14:03:18,PTBA,RG,4320,740,F,CS,YP,D
14:03:18,PTBA,RG,4320,47,D,CC,YP,D
14:03:18,PTBA,RG,4320,100,D,YP,YP,D
14:03:18,PTBA,RG,4320,1,D,CC,YP,D
14:03:18,PTBA,RG,4320,1,D,XC,YP,D
14:03:18,PTBA,RG,4320,2,D,CC,YP,D
14:03:18,PTBA,RG,4320,109,F,YU,YP,D
14:03:14,PTBA,RG,4330,70,D,CC,OD,D
14:03:08,PTBA,RG,4320,32,F,YU,YP,D
14:03:08,PTBA,RG,4320,20,D,DR,YP,D
14:03:08,PTBA,RG,4320,5,D,NI,YP,D
14:03:08,PTBA,RG,4320,43,D,YU,YP,D
14:03:05,PTBA,RG,4330,1,D,NI,OD,D
14:02:59,PTBA,RG,4320,15,D,YU,YP,D
14:02:56,PTBA,RG,4320,42,D,YU,CC,D
14:02:56,PTBA,RG,4320,28,F,YU,CC,D
14:02:38,PTBA,RG,4320,1,F,YU,NI,D
14:02:37,PTBA,RG,4320,10,F,YU,AZ,D
14:02:37,PTBA,RG,4320,1,D,PD,AZ,D
14:02:37,PTBA,RG,4320,1,D,PD,CC,D
14:02:37,PTBA,RG,4320,1,D,YP,CC,D
14:02:37,PTBA,RG,4320,2,F,AK,CC,D
14:02:37,PTBA,RG,4320,6,D,BR,CC,D
14:02:33,PTBA,RG,4320,2,D,BR,NI,D
14:02:25,PTBA,RG,4320,42,D,BR,XL,D
14:02:25,PTBA,RG,4320,30,D,PD,XL,D
14:02:25,PTBA,RG,4320,164,D,CC,XL,D
14:02:17,PTBA,RG,4320,2,D,CC,KK,D
14:02:13,PTBA,RG,4320,10,D,CC,YP,D
14:02:12,PTBA,RG,4320,1,D,CC,NI,D
14:02:11,PTBA,RG,4330,11,D,XL,OD,D
14:02:03,PTBA,RG,4320,23,D,CC,XL,D
14:02:03,PTBA,RG,4320,2,D,YP,XL,D
14:01:51,PTBA,RG,4330,1,D,XC,OD,D
14:01:50,PTBA,RG,4320,1,D,YP,XL,D
14:01:50,PTBA,RG,4320,4,F,YU,XL,D
14:01:38,PTBA,RG,4320,3,F,YU,YP,D
14:01:37,PTBA,RG,4320,10,F,YU,PD,D
14:01:33,PTBA,RG,4320,4,F,YU,PD,D
14:01:33,PTBA,RG,4320,1,F,YU,PD,D
14:01:32,PTBA,RG,4330,35,D,NI,OD,D
14:01:27,PTBA,RG,4320,80,F,YU,YP,D
14:01:27,PTBA,RG,4320,305,D,CS,YP,D
14:01:27,PTBA,RG,4320,15,D,CS,YP,D
14:01:23,PTBA,RG,4320,50,D,CS,NI,D
14:01:18,PTBA,RG,4320,137,D,CS,CC,D
14:01:18,PTBA,RG,4320,163,F,BK,CC,D
14:01:17,PTBA,RG,4320,10,F,BK,YP,D
14:01:15,PTBA,RG,4320,23,F,BK,CC,D
14:01:14,PTBA,RG,4320,10,F,BK,PD,D
14:00:58,PTBA,RG,4320,3,F,BK,PD,D
14:00:55,PTBA,RG,4320,4,F,BK,XC,D
14:00:48,PTBA,RG,4320,20,F,BK,YP,D
14:00:44,PTBA,RG,4320,20,F,BK,YP,D
14:00:41,PTBA,RG,4320,2,F,BK,XC,D
14:00:28,PTBA,RG,4320,40,F,BK,NI,D
14:00:26,PTBA,RG,4320,10,F,BK,PD,D
14:00:26,PTBA,RG,4320,3,F,BK,YU,D
14:00:24,PTBA,RG,4320,1,F,BK,PD,D
14:00:22,PTBA,RG,4320,1,F,BK,YP,D
14:00:21,PTBA,RG,4330,3,D,SQ,OD,D
14:00:21,PTBA,RG,4330,4,D,XC,OD,D
14:00:05,PTBA,RG,4320,15,F,BK,NI,D
14:00:02,PTBA,RG,4320,2,F,BK,YP,D
13:59:50,PTBA,RG,4330,50,D,DR,OD,D
13:59:35,PTBA,RG,4320,88,F,BK,XL,D
13:59:35,PTBA,RG,4320,245,D,HD,XL,D
13:59:33,PTBA,RG,4320,10,D,HD,PD,D
13:59:31,PTBA,RG,4320,2,D,HD,YP,D
13:59:31,PTBA,RG,4320,2,D,HD,PD,D
13:59:28,PTBA,RG,4320,1,D,HD,YP,D
13:59:27,PTBA,RG,4320,50,D,HD,NI,D
13:59:26,PTBA,RG,4320,1,D,HD,YP,D
13:59:19,PTBA,RG,4330,1,D,XC,OD,D
13:59:18,PTBA,RG,4320,500,D,HD,GR,D
13:59:16,PTBA,RG,4320,1,D,HD,YP,D
13:59:16,PTBA,RG,4320,3,D,HD,AT,D
13:59:13,PTBA,RG,4320,30,D,HD,GR,D
13:59:08,PTBA,RG,4320,1,D,HD,YP,D
13:59:07,PTBA,RG,4320,10,D,HD,EP,D
13:58:53,PTBA,RG,4320,3,D,HD,OD,D
13:58:48,PTBA,RG,4330,20,D,EP,OD,D
13:58:27,PTBA,RG,4330,5,D,PD,OD,D
13:58:25,PTBA,RG,4330,250,D,YP,OD,D
13:58:24,PTBA,RG,4320,5,D,HD,PD,D
13:58:23,PTBA,RG,4320,1,D,HD,DR,D
13:58:22,PTBA,RG,4330,5,D,PD,OD,D
13:58:17,PTBA,RG,4320,100,D,HD,DR,D
13:58:08,PTBA,RG,4330,2,D,XL,OD,D
13:58:01,PTBA,RG,4320,35,D,HD,YP,D
13:58:01,PTBA,RG,4320,4,D,CS,YP,D
13:58:01,PTBA,RG,4320,29,F,YU,YP,D
13:57:57,PTBA,RG,4320,5,F,YU,PD,D
13:57:54,PTBA,RG,4320,5,F,YU,YP,D
13:57:22,PTBA,RG,4320,102,F,YU,YP,D
13:57:22,PTBA,RG,4320,25,F,AK,YP,D
13:57:22,PTBA,RG,4320,2,D,AK,YP,D
13:57:22,PTBA,RG,4320,12,F,AK,YP,D
13:57:22,PTBA,RG,4320,7,D,XC,YP,D
13:57:22,PTBA,RG,4320,67,F,CS,YP,D
13:57:22,PTBA,RG,4320,250,F,CS,AZ,D
13:57:22,PTBA,RG,4320,10,F,CS,NI,D
13:57:20,PTBA,RG,4330,1,D,XC,OD,D
13:57:19,PTBA,RG,4320,1,F,CS,YP,D
13:57:18,PTBA,RG,4330,49,D,YP,OD,D
13:57:18,PTBA,RG,4330,1,D,YP,XL,D
13:57:18,PTBA,RG,4330,1,D,YP,PD,D
13:57:18,PTBA,RG,4330,1,D,YP,PD,D
13:57:18,PTBA,RG,4330,1,D,YP,PD,D
13:57:18,PTBA,RG,4330,17,D,YP,SQ,D
13:57:18,PTBA,RG,4320,9,F,CS,YP,D
13:57:17,PTBA,RG,4320,50,F,CS,NI,D
13:57:13,PTBA,RG,4320,3,F,CS,YP,D
13:57:04,PTBA,RG,4320,1,F,CS,XC,D
13:57:03,PTBA,RG,4320,1,F,CS,NI,D
13:57:03,PTBA,RG,4320,5,F,CS,OD,D
13:56:59,PTBA,RG,4320,50,F,CS,BQ,D
13:56:57,PTBA,RG,4320,15,F,CS,CC,D
13:56:53,PTBA,RG,4320,3,F,CS,YP,D
13:56:52,PTBA,RG,4320,60,F,CS,PD,D
13:56:50,PTBA,RG,4320,2,F,CS,NI,D
13:56:49,PTBA,RG,4330,33,F,YU,SQ,D
13:56:49,PTBA,RG,4330,5,F,YU,DH,D
13:56:49,PTBA,RG,4330,4,F,YU,YP,D
13:56:49,PTBA,RG,4330,32,F,YU,GR,D
13:56:49,PTBA,RG,4320,382,F,CS,PF,D
13:56:49,PTBA,RG,4320,5,D,PD,PF,D
13:56:49,PTBA,RG,4320,94,D,KZ,PF,D
13:56:49,PTBA,RG,4320,13,F,AK,PF,D
13:56:49,PTBA,RG,4320,2,D,AK,PF,D
13:56:49,PTBA,RG,4320,24,D,YU,PF,D
13:56:49,PTBA,RG,4320,2,F,AK,PF,D
13:56:49,PTBA,RG,4320,44,D,CS,PF,D
13:56:49,PTBA,RG,4320,423,F,YU,PF,D
13:56:49,PTBA,RG,4320,11,D,DX,PF,D
13:56:49,PTBA,RG,4320,23,D,DX,YP,D
13:56:37,PTBA,RG,4320,5,D,DX,OD,D
13:56:32,PTBA,RG,4330,74,F,YU,GR,D
13:56:31,PTBA,RG,4330,74,F,YU,GR,D
13:56:30,PTBA,RG,4330,73,F,YU,GR,D
13:56:29,PTBA,RG,4320,5,D,DX,NI,D
13:56:29,PTBA,RG,4330,47,F,YU,GR,D
13:56:29,PTBA,RG,4330,2,F,YU,AZ,D
13:56:29,PTBA,RG,4330,1,F,YU,YB,D
13:56:29,PTBA,RG,4330,1,F,YU,PD,D
13:56:29,PTBA,RG,4330,77,F,YU,PG,D
13:56:28,PTBA,RG,4320,100,D,DX,NI,D
13:56:28,PTBA,RG,4320,2,D,DX,XL,D
13:56:28,PTBA,RG,4320,24,D,DX,NI,D
13:56:28,PTBA,RG,4320,10,D,DX,PD,D
13:56:28,PTBA,RG,4320,25,D,DX,CC,D
13:56:28,PTBA,RG,4320,15,D,DX,XC,D
13:56:28,PTBA,RG,4320,20,D,DX,CC,D
13:56:28,PTBA,RG,4320,229,D,DX,EP,D
13:56:28,PTBA,RG,4320,5,D,DX,XL,D
13:56:28,PTBA,RG,4320,1,D,DX,BQ,D
13:56:28,PTBA,RG,4320,8,D,DX,XC,D
13:56:28,PTBA,RG,4320,1,D,DX,GR,D
13:56:28,PTBA,RG,4320,2,D,DX,PD,D
13:56:28,PTBA,RG,4320,32,D,DX,YP,D
13:56:28,PTBA,RG,4320,2,D,DX,CC,D
13:56:28,PTBA,RG,4320,3,D,DX,NI,D
13:56:28,PTBA,RG,4320,114,D,DX,YP,D
13:56:28,PTBA,RG,4320,1,D,DX,PD,D
13:56:28,PTBA,RG,4320,10,D,DX,SQ,D
13:56:28,PTBA,RG,4320,1,D,DX,YP,D
13:56:28,PTBA,RG,4320,2,D,DX,XC,D
13:56:28,PTBA,RG,4320,4,D,DX,KK,D
13:56:28,PTBA,RG,4320,5,D,DX,SQ,D
13:56:28,PTBA,RG,4320,1,D,DX,XC,D
13:56:28,PTBA,RG,4320,10,D,DX,YP,D
13:56:28,PTBA,RG,4320,5,D,DX,YP,D
13:56:28,PTBA,RG,4320,5,D,DX,NI,D
13:56:28,PTBA,RG,4320,1,D,DX,CC,D
13:56:28,PTBA,RG,4320,50,D,DX,DR,D
13:56:28,PTBA,RG,4320,3,D,DX,XC,D
13:56:28,PTBA,RG,4320,5,D,DX,PD,D
13:56:28,PTBA,RG,4320,100,D,DX,YP,D
13:56:28,PTBA,RG,4320,1,D,DX,XC,D
13:56:28,PTBA,RG,4320,1,D,DX,XC,D
13:56:28,PTBA,RG,4320,5,D,DX,PD,D
13:56:28,PTBA,RG,4320,2,D,DX,LG,D
13:56:28,PTBA,RG,4320,1,D,DX,BQ,D
13:56:28,PTBA,RG,4320,74,D,DX,CC,D
13:56:28,PTBA,RG,4320,10,D,DX,YP,D
13:56:28,PTBA,RG,4320,150,D,DX,CC,D
13:56:28,PTBA,RG,4320,400,D,DX,SQ,D
13:56:28,PTBA,RG,4320,5,D,DX,XC,D
13:56:28,PTBA,RG,4320,10,D,DX,PD,D
13:56:28,PTBA,RG,4320,25,D,DX,OD,D
13:56:28,PTBA,RG,4320,5,D,DX,CC,D
13:56:28,PTBA,RG,4320,10,D,DX,YP,D
13:56:28,PTBA,RG,4320,15,D,DX,YU,F
13:56:28,PTBA,RG,4320,5,D,DX,KK,D
13:56:28,PTBA,RG,4320,18,D,DX,KK,D
13:56:28,PTBA,RG,4320,5,D,DX,PD,D
13:56:28,PTBA,RG,4320,1,D,DX,YP,D
13:56:28,PTBA,RG,4320,10,D,DX,XL,D
13:56:28,PTBA,RG,4320,50,D,DX,YP,D
13:56:28,PTBA,RG,4320,1,D,DX,YP,D
13:56:28,PTBA,RG,4320,5,D,DX,YP,D
13:56:28,PTBA,RG,4320,351,D,DX,LG,D
13:56:22,PTBA,RG,4320,10,D,XL,LG,D
13:56:18,PTBA,RG,4320,9,D,CC,LG,D
13:56:14,PTBA,RG,4320,10,D,YP,LG,D
13:56:11,PTBA,RG,4320,1,D,EP,LG,D
13:56:02,PTBA,RG,4320,59,F,YU,LG,D
13:56:01,PTBA,RG,4310,4,D,DR,XL,D
13:56:01,PTBA,RG,4320,59,F,YU,LG,D
13:56:00,PTBA,RG,4320,1,F,YU,LG,D
13:56:00,PTBA,RG,4320,10,F,YU,XA,D
13:56:00,PTBA,RG,4320,20,F,YU,XA,D
13:56:00,PTBA,RG,4320,28,F,YU,PD,D
13:55:59,PTBA,RG,4320,3,D,XC,PD,D
13:55:59,PTBA,RG,4320,19,F,YU,PD,D
13:55:59,PTBA,RG,4320,40,F,YU,YP,D
13:55:58,PTBA,RG,4320,58,F,YU,YP,D
13:55:57,PTBA,RG,4320,2,F,YU,YP,D
13:55:57,PTBA,RG,4320,6,F,YU,EP,D
13:55:57,PTBA,RG,4320,12,F,YU,EP,D
13:55:57,PTBA,RG,4320,1,F,YU,YP,D
13:55:57,PTBA,RG,4320,10,F,YU,CC,D
13:55:57,PTBA,RG,4320,10,F,YU,CC,D
13:55:57,PTBA,RG,4320,1,F,YU,YP,D
13:55:57,PTBA,RG,4320,16,F,YU,ES,D
13:55:56,PTBA,RG,4320,58,F,YU,ES,D
13:55:55,PTBA,RG,4320,58,F,YU,ES,D
13:55:54,PTBA,RG,4320,57,F,YU,ES,D
13:55:53,PTBA,RG,4320,11,F,YU,ES,D
13:55:53,PTBA,RG,4320,11,F,YU,YP,D
13:55:53,PTBA,RG,4320,5,F,YU,YP,D
13:55:53,PTBA,RG,4320,20,F,YU,YP,D
13:55:53,PTBA,RG,4320,1,F,YU,XC,D
13:55:53,PTBA,RG,4320,2,F,YU,OD,D
13:55:53,PTBA,RG,4320,1,F,YU,CC,D
13:55:53,PTBA,RG,4320,5,F,YU,PD,D
13:55:53,PTBA,RG,4320,5,D,YU,PD,D
13:55:53,PTBA,RG,4320,95,D,YU,GR,D
13:55:52,PTBA,RG,4320,5,F,YU,GR,D
13:55:52,PTBA,RG,4320,10,F,YU,CC,D
13:55:52,PTBA,RG,4320,5,F,YU,XC,D
13:55:52,PTBA,RG,4320,5,F,YU,PD,D
13:55:52,PTBA,RG,4320,2,F,YU,NI,D
13:55:52,PTBA,RG,4320,10,F,YU,SQ,D
13:55:52,PTBA,RG,4320,5,F,YU,RG,D
13:55:52,PTBA,RG,4320,5,F,YU,HP,D
13:55:52,PTBA,RG,4320,9,F,YU,CC,D
13:55:51,PTBA,RG,4320,41,F,YU,CC,D
13:55:51,PTBA,RG,4320,5,F,YU,OD,D
13:55:51,PTBA,RG,4320,5,F,YU,OD,D
13:55:51,PTBA,RG,4320,2,F,YU,YP,D
13:55:51,PTBA,RG,4320,4,F,YU,YP,D
13:55:50,PTBA,RG,4320,1,F,YU,YP,D
13:55:50,PTBA,RG,4320,3,F,YU,YP,D
13:55:50,PTBA,RG,4320,52,F,YU,YP,D
13:55:49,PTBA,RG,4320,48,F,YU,YP,D
13:55:49,PTBA,RG,4320,7,F,YU,XC,D
13:55:48,PTBA,RG,4310,20,D,DR,OD,D
13:55:48,PTBA,RG,4320,18,F,YU,XC,D
13:55:48,PTBA,RG,4320,2,F,YU,NI,D
13:55:48,PTBA,RG,4320,10,F,YU,YP,D
13:55:48,PTBA,RG,4320,1,F,YU,KK,D
13:55:48,PTBA,RG,4320,2,F,YU,OD,D
13:55:48,PTBA,RG,4320,1,F,YU,YP,D
13:55:48,PTBA,RG,4320,1,F,YU,NI,D
13:55:48,PTBA,RG,4320,1,F,YU,YP,D
13:55:48,PTBA,RG,4320,19,F,YU,NI,D
13:55:47,PTBA,RG,4320,51,F,YU,NI,D
13:55:47,PTBA,RG,4320,1,F,YU,NI,D
13:55:47,PTBA,RG,4320,3,F,YU,XL,D
13:55:47,PTBA,RG,4310,5,D,DR,YP,D
13:55:46,PTBA,RG,4320,2,F,YU,XL,D
13:55:46,PTBA,RG,4320,25,F,YU,TP,D
13:55:46,PTBA,RG,4320,1,F,YU,XC,D
13:55:46,PTBA,RG,4320,27,F,YU,YP,D
13:55:45,PTBA,RG,4320,13,F,YU,YP,D
13:55:45,PTBA,RG,4320,41,F,YU,YP,D
13:55:44,PTBA,RG,4320,53,F,YU,YP,D
13:55:43,PTBA,RG,4320,67,F,YU,YP,D
13:55:42,PTBA,RG,4310,30,D,DR,YU,D
13:55:42,PTBA,RG,4310,25,D,DR,CC,D
13:55:42,PTBA,RG,4310,1,D,DR,PD,D
13:55:42,PTBA,RG,4310,444,D,DR,BK,F
13:55:42,PTBA,RG,4310,2500,D,DR,OD,F
13:55:42,PTBA,RG,4310,10,D,DR,XC,D
13:55:42,PTBA,RG,4310,5,D,DR,SH,D
13:55:42,PTBA,RG,4310,5,D,DR,YP,D
13:55:42,PTBA,RG,4310,20,D,DR,XA,D
13:55:42,PTBA,RG,4310,562,D,DR,CC,D
13:55:42,PTBA,RG,4310,40,D,DR,XL,D
13:55:42,PTBA,RG,4310,25,D,DR,YP,D
13:55:42,PTBA,RG,4310,1,D,DR,YP,D
13:55:42,PTBA,RG,4310,1,D,DR,LG,D
13:55:42,PTBA,RG,4310,20,D,DR,CC,D
13:55:42,PTBA,RG,4310,10,D,DR,GR,D
13:55:42,PTBA,RG,4310,1,D,DR,KK,D
13:55:42,PTBA,RG,4310,10,D,DR,SQ,D
13:55:42,PTBA,RG,4310,2,D,DR,YB,D
13:55:42,PTBA,RG,4310,2,D,DR,NI,D
13:55:42,PTBA,RG,4310,700,D,DR,YP,D
13:55:42,PTBA,RG,4310,5,D,DR,YP,D
13:55:42,PTBA,RG,4310,4,D,DR,XC,D
13:55:42,PTBA,RG,4310,679,D,DR,BK,F
13:55:42,PTBA,RG,4310,1,D,DR,YP,D
13:55:42,PTBA,RG,4310,1691,D,DR,YU,D
13:55:27,PTBA,RG,4300,5,D,CS,SQ,D
13:55:27,PTBA,RG,4300,1,D,CS,XL,D
13:55:23,PTBA,RG,4300,1,D,CS,XC,D
13:55:19,PTBA,RG,4310,10,D,CC,YU,D
13:55:14,PTBA,RG,4300,1,D,CS,ZP,D
13:55:12,PTBA,RG,4310,46,F,YU,YU,D
13:55:12,PTBA,RG,4310,120,D,YP,YU,D
13:54:58,PTBA,RG,4300,17,D,CS,XC,D
13:54:56,PTBA,RG,4300,2,D,CS,CC,D
13:54:52,PTBA,RG,4300,126,D,CS,XC,D
13:54:32,PTBA,RG,4300,5,D,CS,XL,D
13:54:22,PTBA,RG,4310,46,F,YU,YU,D
13:54:20,PTBA,RG,4300,2,D,CS,CC,D
13:54:20,PTBA,RG,4310,59,F,YU,YU,D
13:54:13,PTBA,RG,4300,5,D,CS,YP,D
13:54:10,PTBA,RG,4300,1,D,CS,XC,D
13:54:07,PTBA,RG,4300,27,D,CS,YP,D
13:54:07,PTBA,RG,4300,366,F,BK,YP,D
13:54:07,PTBA,RG,4300,94,D,KZ,YP,D
13:54:07,PTBA,RG,4300,197,D,CS,YP,D
13:54:07,PTBA,RG,4300,200,D,YP,YP,D
13:54:07,PTBA,RG,4300,141,F,YU,YP,D
13:54:07,PTBA,RG,4300,141,F,YU,YP,D
13:54:07,PTBA,RG,4300,25,F,DX,YP,D
13:54:07,PTBA,RG,4300,27,D,KZ,YP,D
13:54:07,PTBA,RG,4300,1,D,YP,YP,D
13:54:07,PTBA,RG,4300,32,F,DX,YP,D
13:54:07,PTBA,RG,4300,1,D,CC,YP,D
13:54:07,PTBA,RG,4300,1,D,AT,YP,D
13:54:07,PTBA,RG,4300,15,D,PD,YP,D
13:54:07,PTBA,RG,4300,2,D,SQ,YP,D
13:54:07,PTBA,RG,4300,2,D,XL,YP,D
13:54:07,PTBA,RG,4300,5,D,XC,YP,D
13:54:07,PTBA,RG,4300,1,D,CC,YP,D
13:54:07,PTBA,RG,4300,50,D,YP,YP,D
13:54:07,PTBA,RG,4300,1,D,XC,YP,D
13:54:07,PTBA,RG,4300,1,D,XL,YP,D
13:54:07,PTBA,RG,4300,1,D,PD,YP,D
13:54:07,PTBA,RG,4300,11,D,CP,YP,D
13:54:07,PTBA,RG,4300,2,D,XC,YP,D
13:54:07,PTBA,RG,4300,2,D,CC,YP,D
13:54:07,PTBA,RG,4300,3,D,PD,YP,D
13:54:07,PTBA,RG,4300,235,D,YP,YP,D
13:54:07,PTBA,RG,4300,6,D,YP,YP,D
13:54:07,PTBA,RG,4300,29,F,DX,YP,D
13:54:07,PTBA,RG,4300,500,D,KK,YP,D
13:54:07,PTBA,RG,4300,100,D,KK,YP,D
13:54:07,PTBA,RG,4300,281,F,CS,YP,D
13:53:59,PTBA,RG,4310,40,F,YU,YU,D
13:53:56,PTBA,RG,4310,200,D,YU,YU,D
13:53:52,PTBA,RG,4300,50,F,CS,YU,D
13:53:47,PTBA,RG,4310,1,D,CC,YU,D
13:53:44,PTBA,RG,4310,3,D,PD,YU,D
13:53:31,PTBA,RG,4310,5,D,DR,YU,D
13:53:29,PTBA,RG,4310,5,D,PD,YU,D
13:53:26,PTBA,RG,4300,1,F,CS,KK,D
13:53:22,PTBA,RG,4300,3,F,CS,PD,D
13:53:22,PTBA,RG,4310,42,F,YU,YU,D
13:53:20,PTBA,RG,4310,1,D,PD,YU,D
13:53:18,PTBA,RG,4300,250,F,CS,DU,D
13:53:06,PTBA,RG,4310,3,D,YP,YU,D
13:52:58,PTBA,RG,4310,20,D,GR,YU,D
13:52:54,PTBA,RG,4310,2,D,PD,YU,D
13:52:51,PTBA,RG,4300,45,F,CS,YP,D
13:52:44,PTBA,RG,4300,22,F,CS,BK,F
13:52:42,PTBA,RG,4300,100,F,CS,YP,D
13:52:41,PTBA,RG,4300,5,F,CS,OD,D
13:52:34,PTBA,RG,4310,3,D,XL,YU,D
13:52:32,PTBA,RG,4300,40,F,CS,YP,D
13:52:27,PTBA,RG,4300,1,F,CS,LG,D
13:52:20,PTBA,RG,4300,1,F,CS,YP,D
13:52:19,PTBA,RG,4300,24,F,CS,BK,F
13:52:16,PTBA,RG,4300,4,F,CS,XL,D
13:52:14,PTBA,RG,4300,53,F,CS,BK,F
13:52:12,PTBA,RG,4310,1,D,XL,YU,D
13:52:08,PTBA,RG,4310,697,F,BK,YU,D
13:52:08,PTBA,RG,4300,5,F,CS,YP,D
13:51:59,PTBA,RG,4300,35,F,CS,BK,F
13:51:57,PTBA,RG,4310,2,D,PD,YU,D
13:51:56,PTBA,RG,4310,3,D,XC,YU,D
13:51:55,PTBA,RG,4300,71,F,CS,BK,F
13:51:53,PTBA,RG,4310,65,F,YU,AK,F
13:51:53,PTBA,RG,4310,141,F,YU,AK,F
13:51:53,PTBA,RG,4310,695,F,BK,AK,F
13:51:53,PTBA,RG,4310,76,F,YU,AK,F
13:51:53,PTBA,RG,4310,667,D,CS,AK,F
13:51:53,PTBA,RG,4310,29,F,YU,AK,F
13:51:53,PTBA,RG,4310,15,F,CC,AK,F
13:51:53,PTBA,RG,4310,100,D,KK,AK,F
13:51:53,PTBA,RG,4310,93,F,DX,AK,F
13:51:53,PTBA,RG,4310,23,D,XC,AK,F
13:51:53,PTBA,RG,4310,3,D,AK,AK,F
13:51:53,PTBA,RG,4310,5,F,AK,AK,F
13:51:53,PTBA,RG,4310,36,F,YU,AK,F
13:51:53,PTBA,RG,4310,637,F,CS,AK,F
13:51:51,PTBA,RG,4310,102,F,CS,YP,D
13:51:51,PTBA,RG,4310,1,F,CS,XC,D
13:51:49,PTBA,RG,4310,267,F,CS,GR,D
13:51:49,PTBA,RG,4310,21,F,AK,GR,D
13:51:49,PTBA,RG,4310,105,F,YU,GR,D
13:51:49,PTBA,RG,4310,107,F,YU,GR,D
13:51:48,PTBA,RG,4310,5,F,YU,NI,D
13:51:46,PTBA,RG,4310,10,F,YU,CC,D
13:51:46,PTBA,RG,4310,7,F,YU,XC,D
13:51:42,PTBA,RG,4310,1,F,YU,XC,D
13:51:38,PTBA,RG,4310,5,F,YU,YP,D
13:51:38,PTBA,RG,4310,5,F,YU,PD,D
13:51:37,PTBA,RG,4310,1,F,YU,YP,D
13:51:32,PTBA,RG,4310,205,D,CS,BK,F
13:51:32,PTBA,RG,4310,21,D,CS,BK,F
13:51:32,PTBA,RG,4310,70,D,CS,GR,D
13:51:32,PTBA,RG,4310,22,F,AK,GR,D
13:51:32,PTBA,RG,4310,20,F,AK,GR,D
13:51:32,PTBA,RG,4310,36,F,YU,GR,D
13:51:32,PTBA,RG,4310,19,F,AK,GR,D
13:51:32,PTBA,RG,4310,2,D,AK,GR,D
13:51:32,PTBA,RG,4310,2,D,AK,GR,D
13:51:32,PTBA,RG,4310,1,F,AK,GR,D
13:51:32,PTBA,RG,4310,2,F,AK,GR,D
13:51:32,PTBA,RG,4310,2,F,AK,GR,D
13:51:32,PTBA,RG,4310,19,F,AK,GR,D
13:51:32,PTBA,RG,4310,22,F,CC,GR,D
13:51:32,PTBA,RG,4310,1018,F,CS,GR,D
13:51:32,PTBA,RG,4310,19,D,CS,GR,D
13:51:32,PTBA,RG,4310,246,F,YU,GR,D
13:51:31,PTBA,RG,4310,36,F,YU,ZP,D
13:51:31,PTBA,RG,4310,14,F,AK,ZP,D
13:51:29,PTBA,RG,4320,1,D,PD,YP,D
13:51:26,PTBA,RG,4320,38,F,YU,YP,D
13:51:26,PTBA,RG,4320,5,F,YU,XL,D
13:51:23,PTBA,RG,4320,1,F,YU,XL,D
13:51:23,PTBA,RG,4320,1,F,YU,OD,D
13:51:23,PTBA,RG,4320,7,F,YU,PD,D
13:51:23,PTBA,RG,4320,22,F,YU,DH,D
13:51:23,PTBA,RG,4320,2,F,YU,AZ,D
13:51:23,PTBA,RG,4320,11,F,YU,BQ,D
13:51:21,PTBA,RG,4310,1,F,AK,XL,D
13:51:20,PTBA,RG,4320,7,F,YU,BQ,D
13:51:20,PTBA,RG,4320,10,F,YU,DR,D
13:51:20,PTBA,RG,4320,1,F,YU,YP,D
13:51:20,PTBA,RG,4320,25,F,YU,KK,D
13:51:17,PTBA,RG,4310,4,F,AK,XC,D
13:51:17,PTBA,RG,4320,43,F,YU,KK,D
13:51:14,PTBA,RG,4300,17,F,YU,YP,D
13:51:14,PTBA,RG,4320,32,D,YP,KK,D
13:51:14,PTBA,RG,4320,1,D,YP,PD,D
13:51:14,PTBA,RG,4320,50,D,YP,XA,D
13:51:14,PTBA,RG,4320,1,D,YP,YB,D
13:51:14,PTBA,RG,4320,1,D,YP,PD,D
13:51:14,PTBA,RG,4320,15,D,YP,AI,D
13:51:13,PTBA,RG,4320,5,D,CS,AI,D
13:51:13,PTBA,RG,4310,5,D,CS,YP,D
13:51:13,PTBA,RG,4310,1,D,CS,YP,D
13:51:13,PTBA,RG,4310,1,D,CS,PD,D
13:51:13,PTBA,RG,4310,12,D,CS,PD,D
13:51:13,PTBA,RG,4310,7,F,YU,PD,D
13:51:13,PTBA,RG,4310,25,F,YU,YP,D
13:51:13,PTBA,RG,4310,15,F,YU,KK,D
13:51:10,PTBA,RG,4310,40,F,YU,KK,D
13:51:10,PTBA,RG,4310,11,F,YU,BK,F
13:51:07,PTBA,RG,4310,13,F,YU,BK,F
13:51:07,PTBA,RG,4310,5,F,YU,YP,D
13:51:07,PTBA,RG,4310,2,F,YU,KK,D
13:51:07,PTBA,RG,4310,11,F,YU,XL,D
13:51:07,PTBA,RG,4310,5,F,YU,SQ,D
13:51:07,PTBA,RG,4310,2,F,YU,DR,D
13:51:07,PTBA,RG,4310,8,F,YU,YP,D
13:51:06,PTBA,RG,4310,3,D,CC,YP,D
13:51:05,PTBA,RG,4300,4,F,YU,PD,D
13:51:04,PTBA,RG,4310,21,D,CS,YP,D
13:51:04,PTBA,RG,4310,14,F,YU,YP,D
13:51:04,PTBA,RG,4310,5,F,YU,HP,D
13:51:04,PTBA,RG,4310,31,F,YU,BK,F
13:51:04,PTBA,RG,4310,1,D,PD,BK,F
13:51:01,PTBA,RG,4310,45,F,DX,BK,F
13:51:01,PTBA,RG,4310,49,F,YU,BK,F
13:51:00,PTBA,RG,4310,5,D,LG,BK,F
13:50:58,PTBA,RG,4310,43,F,YU,BK,F
13:50:56,PTBA,RG,4310,2,D,PD,BK,F
13:50:56,PTBA,RG,4310,5,D,PD,BK,F
13:50:56,PTBA,RG,4310,1,D,CS,BK,F
13:50:56,PTBA,RG,4310,1,D,CS,BQ,D
13:50:56,PTBA,RG,4310,186,D,CS,AG,D
13:50:56,PTBA,RG,4310,214,F,YP,AG,D
13:50:56,PTBA,RG,4310,10,F,YP,GR,D
13:50:56,PTBA,RG,4310,1,F,YP,PD,D
13:50:56,PTBA,RG,4310,20,F,YP,CC,D
13:50:56,PTBA,RG,4310,1,F,YP,YP,D
13:50:56,PTBA,RG,4310,1,F,YP,YP,D
13:50:56,PTBA,RG,4310,20,F,YP,YP,D
13:50:56,PTBA,RG,4310,233,F,YP,KK,D
13:50:55,PTBA,RG,4310,44,F,YU,KK,D
13:50:53,PTBA,RG,4310,2,D,LS,KK,D
13:50:51,PTBA,RG,4310,43,F,YU,KK,D
13:50:49,PTBA,RG,4310,78,D,YP,KK,D
13:50:49,PTBA,RG,4310,1,D,YP,XC,D
13:50:49,PTBA,RG,4310,28,D,YP,YP,D
13:50:47,PTBA,RG,4310,42,F,YU,YP,D
13:50:43,PTBA,RG,4300,31,F,YU,AZ,D
13:50:41,PTBA,RG,4310,30,F,YU,YP,D
13:50:41,PTBA,RG,4310,2,F,YU,KK,D
13:50:41,PTBA,RG,4310,5,F,YU,YP,D
13:50:41,PTBA,RG,4310,5,F,YU,YP,D
13:50:41,PTBA,RG,4310,5,F,YU,XC,D
13:50:41,PTBA,RG,4310,1,F,YU,CC,D
13:50:41,PTBA,RG,4310,2,F,YU,CC,D
13:50:39,PTBA,RG,4310,3,D,DR,CC,D
13:50:37,PTBA,RG,4310,42,F,YU,CC,D
13:50:35,PTBA,RG,4300,15,F,YU,DH,D
13:50:33,PTBA,RG,4310,44,F,YU,CC,D
13:50:33,PTBA,RG,4310,9,D,XC,CC,D
13:50:33,PTBA,RG,4310,111,D,XC,BQ,D
13:50:31,PTBA,RG,4310,20,D,CC,BQ,D
13:50:30,PTBA,RG,4310,14,F,AK,BQ,D
13:50:30,PTBA,RG,4310,44,F,YU,BQ,D
13:50:27,PTBA,RG,4310,51,F,YU,BQ,D
13:50:25,PTBA,RG,4310,1,D,YP,BQ,D
13:50:23,PTBA,RG,4300,5,F,YU,PD,D
13:50:23,PTBA,RG,4310,46,F,YU,BQ,D
13:50:22,PTBA,RG,4300,4,F,YU,YP,D
13:50:19,PTBA,RG,4310,56,F,YU,BQ,D
13:50:15,PTBA,RG,4310,57,F,YU,BQ,D
13:50:14,PTBA,RG,4310,4,D,NI,BQ,D
13:50:12,PTBA,RG,4310,1,D,XC,BQ,D
13:50:11,PTBA,RG,4310,40,D,PD,BQ,D
13:50:11,PTBA,RG,4310,55,F,YU,BQ,D
13:50:11,PTBA,RG,4310,1,F,YU,YP,D
13:50:07,PTBA,RG,4310,24,F,YU,YP,D
13:50:07,PTBA,RG,4310,21,F,YU,PD,D
13:50:06,PTBA,RG,4310,2,D,XC,PD,D
13:50:04,PTBA,RG,4310,47,F,YU,PD,D
13:50:04,PTBA,RG,4310,3,F,YU,YP,D
13:50:00,PTBA,RG,4310,7,F,YU,YP,D
13:50:00,PTBA,RG,4310,6,F,YU,XC,D
13:50:00,PTBA,RG,4310,6,F,YU,NI,D
13:50:00,PTBA,RG,4310,29,F,YU,NI,D
13:50:00,PTBA,RG,4310,1,D,XC,NI,D
13:49:56,PTBA,RG,4310,48,F,YU,NI,D
13:49:52,PTBA,RG,4310,48,F,YU,NI,D
13:49:49,PTBA,RG,4310,10,D,PD,NI,D
13:49:48,PTBA,RG,4310,49,F,YU,NI,D
13:49:46,PTBA,RG,4310,1,D,XL,NI,D
13:49:44,PTBA,RG,4310,116,D,YP,NI,D
13:49:44,PTBA,RG,4310,48,F,YU,NI,D
13:49:42,PTBA,RG,4310,186,D,CS,NI,D
13:49:42,PTBA,RG,4310,764,D,CC,NI,D
13:49:42,PTBA,RG,4310,1,D,CC,XC,D
13:49:42,PTBA,RG,4310,10,D,CC,YU,D
13:49:42,PTBA,RG,4310,10,D,CC,XL,D
13:49:42,PTBA,RG,4310,10,D,CC,NI,D
13:49:42,PTBA,RG,4310,50,D,CC,DR,D
13:49:42,PTBA,RG,4310,155,D,CC,NI,D
13:49:40,PTBA,RG,4310,5,D,YP,NI,D
13:49:40,PTBA,RG,4310,48,F,YU,NI,D
13:49:36,PTBA,RG,4310,42,F,YU,NI,D
13:49:36,PTBA,RG,4310,6,F,YU,DR,D
13:49:32,PTBA,RG,4310,48,F,YU,DR,D
13:49:32,PTBA,RG,4310,3,D,SQ,DR,D
13:49:31,PTBA,RG,4310,2,D,XL,DR,D
13:49:29,PTBA,RG,4310,5,D,YP,DR,D
13:49:28,PTBA,RG,4310,36,F,YU,DR,D
13:49:28,PTBA,RG,4310,5,F,YU,SQ,D
13:49:28,PTBA,RG,4310,2,F,YU,XC,D
13:49:28,PTBA,RG,4310,1,F,YU,CC,D
13:49:28,PTBA,RG,4310,2,F,YU,XC,D
13:49:28,PTBA,RG,4310,2,F,YU,DR,D
13:49:24,PTBA,RG,4310,86,F,YU,DR,D
13:49:22,PTBA,RG,4310,12,F,YU,DR,D
13:49:22,PTBA,RG,4310,12,F,YU,SQ,D
13:49:22,PTBA,RG,4310,1,F,YU,OD,D
13:49:22,PTBA,RG,4310,7,F,YU,XL,D
13:49:22,PTBA,RG,4310,16,F,YU,KK,D
13:49:19,PTBA,RG,4310,4,D,YU,KK,D
13:49:19,PTBA,RG,4310,8,D,YU,XL,D
13:49:19,PTBA,RG,4310,10,D,YU,NI,D
13:49:19,PTBA,RG,4310,28,D,YU,GR,D
13:49:18,PTBA,RG,4310,22,F,YU,GR,D
13:49:18,PTBA,RG,4310,27,F,YU,DR,D
13:49:15,PTBA,RG,4310,3,D,XC,DR,D
13:49:15,PTBA,RG,4310,2,D,XC,YP,D
13:49:14,PTBA,RG,4310,3,D,PD,YP,D
13:49:14,PTBA,RG,4310,48,F,YU,YP,D
13:49:11,PTBA,RG,4310,20,D,YP,YP,D
13:49:10,PTBA,RG,4310,27,F,YU,YP,D
13:49:10,PTBA,RG,4310,3,F,YU,YP,D
13:49:10,PTBA,RG,4310,1,F,YU,XC,D
13:49:10,PTBA,RG,4310,10,F,YU,CC,D
13:49:10,PTBA,RG,4310,7,F,YU,CC,D
13:49:10,PTBA,RG,4310,14,D,YP,CC,D
13:49:07,PTBA,RG,4310,3,D,DR,CC,D
13:49:07,PTBA,RG,4310,26,F,YU,CC,D
13:49:07,PTBA,RG,4310,11,F,YU,XL,D
13:49:07,PTBA,RG,4310,2,F,YU,XC,D
13:49:07,PTBA,RG,4310,3,F,YU,YP,D
13:49:07,PTBA,RG,4310,6,F,YU,YP,D
13:49:07,PTBA,RG,4310,4,D,YP,YP,D
13:49:07,PTBA,RG,4310,1,D,YP,YP,D
13:49:07,PTBA,RG,4310,7,D,YP,PD,D
13:49:07,PTBA,RG,4310,6,D,YP,CC,D
13:49:05,PTBA,RG,4310,19,D,YP,CC,D
13:49:05,PTBA,RG,4310,32,D,YP,PD,D
13:49:05,PTBA,RG,4310,10,D,YP,XL,D
13:49:05,PTBA,RG,4310,39,D,YP,CC,D
13:49:05,PTBA,RG,4310,31,D,AZ,CC,D
13:49:05,PTBA,RG,4310,1,D,BQ,CC,D
13:49:05,PTBA,RG,4310,21,D,YP,CC,D
13:49:02,PTBA,RG,4310,8,F,YU,CC,D
13:49:02,PTBA,RG,4310,39,F,YU,NI,D
13:49:01,PTBA,RG,4310,5,D,OD,NI,D
13:49:01,PTBA,RG,4310,11,D,YP,NI,D
13:48:58,PTBA,RG,4310,45,F,YU,NI,D
13:48:57,PTBA,RG,4310,30,D,YP,PD,D
13:48:57,PTBA,RG,4310,2,D,YP,YP,D
13:48:57,PTBA,RG,4310,3,D,YP,PD,D
13:48:56,PTBA,RG,4310,47,D,KZ,PD,D
13:48:56,PTBA,RG,4310,63,D,KZ,YP,D
13:48:55,PTBA,RG,4310,25,D,PD,YP,D
13:48:54,PTBA,RG,4310,112,D,DR,YP,D
13:48:54,PTBA,RG,4310,80,D,DR,CC,D
13:48:54,PTBA,RG,4310,100,D,DR,YJ,D
13:48:54,PTBA,RG,4310,8,D,DR,YP,D
13:48:54,PTBA,RG,4310,1,F,YU,YP,D
13:48:54,PTBA,RG,4310,44,F,YU,CC,D
13:48:54,PTBA,RG,4310,10,D,XC,CC,D
13:48:54,PTBA,RG,4310,46,D,YP,CC,D
13:48:54,PTBA,RG,4310,79,D,YP,YP,D
13:48:53,PTBA,RG,4310,7,D,LS,YP,D
13:48:51,PTBA,RG,4310,10,D,GR,YP,D
13:48:50,PTBA,RG,4310,1,D,YP,YP,D
13:48:50,PTBA,RG,4310,3,D,DX,YP,D
13:48:50,PTBA,RG,4310,300,D,DX,PD,D
13:48:50,PTBA,RG,4310,1,D,DX,XC,D
13:48:50,PTBA,RG,4310,20,D,DX,AT,D
13:48:50,PTBA,RG,4310,1,D,DX,YP,D
13:48:50,PTBA,RG,4310,50,D,DX,CP,D
13:48:50,PTBA,RG,4310,10,D,DX,NI,D
13:48:50,PTBA,RG,4310,1,D,DX,NI,D
13:48:50,PTBA,RG,4310,1,D,DX,YP,D
13:48:50,PTBA,RG,4310,1,D,DX,XL,D
13:48:50,PTBA,RG,4310,1,D,DX,NI,D
13:48:50,PTBA,RG,4310,5,D,DX,OD,D
13:48:50,PTBA,RG,4310,5,D,DX,OD,D
13:48:50,PTBA,RG,4310,10,D,DX,XL,D
13:48:50,PTBA,RG,4310,25,D,DX,DR,D
13:48:50,PTBA,RG,4310,5,D,DX,XL,D
13:48:50,PTBA,RG,4310,400,D,DX,IF,D
13:48:50,PTBA,RG,4310,1000,D,DX,IF,D
13:48:50,PTBA,RG,4310,3,D,DX,PD,D
13:48:50,PTBA,RG,4310,5,D,DX,PD,D
13:48:50,PTBA,RG,4310,13,D,DX,PD,D
13:48:50,PTBA,RG,4310,2,D,DX,XC,D
13:48:50,PTBA,RG,4310,100,D,DX,PD,D
13:48:50,PTBA,RG,4310,38,D,DX,IF,D
13:48:50,PTBA,RG,4310,45,F,YU,IF,D
13:48:46,PTBA,RG,4310,74,F,YU,IF,D
13:48:45,PTBA,RG,4310,74,F,YU,IF,D
13:48:44,PTBA,RG,4310,2,D,YP,IF,D
13:48:44,PTBA,RG,4310,74,F,YU,IF,D
13:48:43,PTBA,RG,4310,45,D,YP,IF,D
13:48:43,PTBA,RG,4310,3,D,PD,IF,D
13:48:43,PTBA,RG,4310,74,F,YU,IF,D
13:48:42,PTBA,RG,4310,75,F,YU,IF,D
13:48:41,PTBA,RG,4310,74,F,YU,IF,D
13:48:40,PTBA,RG,4310,75,F,YU,IF,D
13:48:39,PTBA,RG,4310,75,F,YU,IF,D
13:48:38,PTBA,RG,4310,75,F,YU,IF,D
13:48:37,PTBA,RG,4310,74,F,YU,IF,D
13:48:36,PTBA,RG,4310,75,F,YU,IF,D
13:48:35,PTBA,RG,4310,48,F,YU,IF,D
13:48:35,PTBA,RG,4310,2,F,YU,NI,D
13:48:35,PTBA,RG,4310,1,F,YU,YP,D
13:48:35,PTBA,RG,4310,15,F,YU,YP,D
13:48:35,PTBA,RG,4310,3,F,YU,PD,D
13:48:35,PTBA,RG,4310,6,F,YU,SQ,D
13:48:34,PTBA,RG,4310,24,F,YU,SQ,D
13:48:34,PTBA,RG,4310,47,F,YU,SQ,D
13:48:33,PTBA,RG,4310,75,F,YU,SQ,D
13:48:33,PTBA,RG,4300,5,F,YU,XC,D
13:48:32,PTBA,RG,4310,75,F,YU,SQ,D
13:48:31,PTBA,RG,4310,38,D,YP,SQ,D
13:48:31,PTBA,RG,4310,63,F,YU,SQ,D
13:48:30,PTBA,RG,4300,8,F,YU,PD,D
13:48:30,PTBA,RG,4300,5,F,YU,PD,D
13:48:30,PTBA,RG,4310,21,F,AK,SQ,D
13:48:30,PTBA,RG,4310,11,D,EP,SQ,D
13:48:30,PTBA,RG,4310,110,F,YU,SQ,D
13:48:29,PTBA,RG,4310,229,D,CS,SQ,D
13:48:29,PTBA,RG,4310,7,D,CS,PD,D
13:48:29,PTBA,RG,4310,1,D,CS,PD,D
13:48:29,PTBA,RG,4310,4,D,CS,YP,D
13:48:29,PTBA,RG,4310,1,D,CS,YB,D
13:48:29,PTBA,RG,4310,1,D,CS,PD,D
13:48:29,PTBA,RG,4310,3,D,CS,SH,D
13:48:29,PTBA,RG,4300,3,F,AK,PD,D
13:48:29,PTBA,RG,4300,1,F,AK,CC,D
13:48:29,PTBA,RG,4300,3,F,AK,LG,D
13:48:29,PTBA,RG,4300,20,F,AK,XL,D
13:48:29,PTBA,RG,4300,1,F,AK,DH,D
13:48:29,PTBA,RG,4300,3,F,AK,XC,D
13:48:29,PTBA,RG,4300,10,F,AK,PD,D
13:48:29,PTBA,RG,4300,2,F,AK,BK,F
13:48:29,PTBA,RG,4300,10,F,AK,NI,D
13:48:29,PTBA,RG,4300,1,F,AK,CC,D
13:48:29,PTBA,RG,4300,100,F,AK,XL,D
13:48:29,PTBA,RG,4300,1,F,AK,XC,D
13:48:29,PTBA,RG,4300,3,F,AK,XC,D
13:48:29,PTBA,RG,4300,1,F,AK,XL,D
13:48:29,PTBA,RG,4300,5,F,AK,CC,D
13:48:29,PTBA,RG,4300,2,F,AK,YB,D
13:48:29,PTBA,RG,4300,1,F,AK,NI,D
13:48:29,PTBA,RG,4300,1,F,AK,PD,D
13:48:29,PTBA,RG,4300,1,F,AK,AT,D
13:48:29,PTBA,RG,4300,2,F,AK,PD,D
13:48:29,PTBA,RG,4300,3,F,AK,XC,D
13:48:29,PTBA,RG,4300,1,F,AK,YP,D
13:48:29,PTBA,RG,4300,100,F,AK,YP,D
13:48:29,PTBA,RG,4300,2,F,AK,YP,D
13:48:29,PTBA,RG,4300,5,F,AK,GR,D
13:48:29,PTBA,RG,4300,10,F,AK,CC,D
13:48:29,PTBA,RG,4300,50,F,AK,CC,D
13:48:29,PTBA,RG,4300,167,F,AK,XL,D
13:48:29,PTBA,RG,4300,1,F,AK,PD,D
13:48:29,PTBA,RG,4300,19,F,AK,XL,D
13:48:29,PTBA,RG,4300,36,F,AK,DR,D
13:48:29,PTBA,RG,4300,150,F,AK,OD,D
13:48:29,PTBA,RG,4300,5,F,AK,PD,D
13:48:29,PTBA,RG,4300,5,F,AK,YP,D
13:48:29,PTBA,RG,4300,10,F,AK,XC,D
13:48:29,PTBA,RG,4300,1,F,AK,CC,D
13:48:29,PTBA,RG,4300,2,F,AK,XC,D
13:48:29,PTBA,RG,4300,1,F,AK,YP,D
13:48:29,PTBA,RG,4300,20,F,AK,YP,D
13:48:29,PTBA,RG,4300,2,F,AK,XC,D
13:48:29,PTBA,RG,4300,2,F,AK,XC,D
13:48:29,PTBA,RG,4300,5,F,AK,XC,D
13:48:29,PTBA,RG,4300,2,F,AK,OD,D
13:48:29,PTBA,RG,4300,20,F,AK,PD,D
13:48:29,PTBA,RG,4300,1,F,AK,YP,D
13:48:29,PTBA,RG,4300,2,F,AK,YP,D
13:48:29,PTBA,RG,4300,10,F,AK,YP,D
13:48:29,PTBA,RG,4300,11,F,AK,PD,D
13:48:29,PTBA,RG,4300,3,F,AK,PD,D
13:48:29,PTBA,RG,4300,17,F,AK,YU,F
13:48:29,PTBA,RG,4300,5,F,AK,PD,D
13:48:29,PTBA,RG,4300,34,F,AK,OD,D
13:48:29,PTBA,RG,4300,34,F,AK,OD,D
13:48:29,PTBA,RG,4300,3,F,AK,DH,D
13:48:29,PTBA,RG,4300,1,F,AK,TP,D
13:48:29,PTBA,RG,4300,2,F,AK,TP,D
13:48:29,PTBA,RG,4300,34,F,AK,CC,D
13:48:29,PTBA,RG,4300,1,F,AK,EP,D
13:48:29,PTBA,RG,4300,15,F,AK,YP,D
13:48:29,PTBA,RG,4300,10,F,AK,SQ,D
13:48:29,PTBA,RG,4300,50,F,AK,CC,D
13:48:29,PTBA,RG,4300,10,F,AK,XC,D
13:48:29,PTBA,RG,4300,1,F,AK,NI,D
13:48:29,PTBA,RG,4300,6,F,AK,XC,D
13:48:29,PTBA,RG,4300,1,F,AK,KK,D
13:48:29,PTBA,RG,4300,1,F,AK,YP,D
13:48:29,PTBA,RG,4300,1,F,AK,YP,D
13:48:29,PTBA,RG,4300,1,F,AK,XC,D
13:48:29,PTBA,RG,4300,1,F,AK,SQ,D
13:48:29,PTBA,RG,4300,25,F,AK,CC,D
13:48:29,PTBA,RG,4300,10,F,AK,YP,D
13:48:29,PTBA,RG,4300,1,F,AK,SQ,D
13:48:29,PTBA,RG,4300,3,F,AK,XL,D
13:48:29,PTBA,RG,4300,56,F,AK,NI,D
13:48:29,PTBA,RG,4300,10,F,AK,PD,D
13:48:29,PTBA,RG,4300,3,F,AK,YP,D
13:48:29,PTBA,RG,4300,254,F,AK,XC,D
13:48:29,PTBA,RG,4300,59,F,AK,XL,D
13:48:29,PTBA,RG,4300,7,F,AK,XL,D
13:48:29,PTBA,RG,4300,5,F,AK,PD,D
13:48:29,PTBA,RG,4300,1000,F,AK,CC,D
13:48:29,PTBA,RG,4300,1,F,AK,IF,D
13:48:29,PTBA,RG,4300,1,F,AK,YP,D
13:48:29,PTBA,RG,4300,1,F,AK,YP,D
13:48:29,PTBA,RG,4300,2,F,AK,YP,D
13:48:29,PTBA,RG,4300,1,F,AK,XC,D
13:48:29,PTBA,RG,4300,189,F,AK,YP,D
13:48:29,PTBA,RG,4300,2500,F,AK,YP,D
13:48:29,PTBA,RG,4300,2311,F,AK,YP,D
13:48:29,PTBA,RG,4300,2,F,AK,XC,D
13:48:29,PTBA,RG,4300,2,F,AK,GR,D
13:48:29,PTBA,RG,4300,2,F,AK,XC,D
13:48:29,PTBA,RG,4300,2,F,AK,GR,D
13:48:29,PTBA,RG,4300,5,F,AK,EP,D
13:48:29,PTBA,RG,4300,200,F,AK,YP,D
13:48:29,PTBA,RG,4300,1,F,AK,PD,D
13:48:29,PTBA,RG,4300,20,F,AK,PD,D
13:48:29,PTBA,RG,4300,1,F,AK,YP,D
13:48:29,PTBA,RG,4300,2,F,AK,PD,D
13:48:29,PTBA,RG,4300,5,F,AK,HP,D
13:48:29,PTBA,RG,4300,1,F,AK,XL,D
13:48:29,PTBA,RG,4300,10,F,AK,IP,D
13:48:29,PTBA,RG,4300,6,F,AK,YP,D
13:48:29,PTBA,RG,4300,4146,F,AK,YP,D
13:48:29,PTBA,RG,4300,854,D,DX,YP,D
13:48:29,PTBA,RG,4300,50,D,DX,GR,D
13:48:29,PTBA,RG,4300,1,D,DX,YP,D
13:48:29,PTBA,RG,4300,2,D,DX,NI,D
13:48:29,PTBA,RG,4300,1,D,DX,PD,D
13:48:29,PTBA,RG,4300,50,D,DX,PD,D
13:48:29,PTBA,RG,4300,3,D,DX,YP,D
13:48:29,PTBA,RG,4300,10,D,DX,YP,D
13:48:29,PTBA,RG,4300,2,D,DX,PD,D
13:48:29,PTBA,RG,4300,60,D,DX,KK,D
13:48:29,PTBA,RG,4300,15,D,DX,DR,D
13:48:29,PTBA,RG,4300,1,D,DX,XC,D
13:48:29,PTBA,RG,4300,30,D,DX,OD,D
13:48:29,PTBA,RG,4300,15,D,DX,AT,D
13:48:29,PTBA,RG,4300,100,D,DX,PD,D
13:48:29,PTBA,RG,4300,290,D,DX,SQ,D
13:48:29,PTBA,RG,4300,39,D,DX,XC,D
13:48:29,PTBA,RG,4300,25,D,DX,AI,D
13:48:29,PTBA,RG,4300,2,D,DX,NI,D
13:48:29,PTBA,RG,4300,100,D,DX,TP,D
13:48:29,PTBA,RG,4300,100,D,DX,YP,D
13:48:29,PTBA,RG,4300,6,D,DX,CC,D
13:48:29,PTBA,RG,4300,1,D,DX,XC,D
13:48:29,PTBA,RG,4300,2,D,DX,NI,D
13:48:29,PTBA,RG,4300,1,D,DX,CC,D
13:48:29,PTBA,RG,4300,3,D,DX,YP,D
13:48:29,PTBA,RG,4300,15,D,DX,PD,D
13:48:29,PTBA,RG,4300,115,D,DX,LG,D
13:48:29,PTBA,RG,4300,6,D,DX,PD,D
13:48:29,PTBA,RG,4300,5,D,DX,PD,D
13:48:29,PTBA,RG,4300,20,D,DX,AT,D
13:48:29,PTBA,RG,4300,50,D,DX,MG,D
13:48:29,PTBA,RG,4300,17,D,DX,XL,D
13:48:29,PTBA,RG,4300,1,D,DX,YP,D
13:48:29,PTBA,RG,4300,10,D,DX,KK,D
13:48:29,PTBA,RG,4300,1,D,DX,YP,D
13:48:29,PTBA,RG,4300,1,D,DX,YP,D
13:48:29,PTBA,RG,4300,1,D,DX,NI,D
13:48:29,PTBA,RG,4300,1,D,DX,NI,D
13:48:29,PTBA,RG,4300,2,D,DX,BQ,D
13:48:29,PTBA,RG,4300,2,D,DX,XC,D
13:48:29,PTBA,RG,4300,5,D,DX,OD,D
13:48:29,PTBA,RG,4300,1,D,DX,YP,D
13:48:29,PTBA,RG,4300,1,D,DX,PD,D
13:48:29,PTBA,RG,4300,1,D,DX,NI,D
13:48:29,PTBA,RG,4300,1,D,DX,KK,D
13:48:29,PTBA,RG,4300,2,D,DX,XC,D
13:48:29,PTBA,RG,4300,1,D,DX,YP,D
13:48:29,PTBA,RG,4300,10,D,DX,YP,D
13:48:29,PTBA,RG,4300,2,D,DX,YP,D
13:48:29,PTBA,RG,4300,5,D,DX,LG,D
13:48:29,PTBA,RG,4300,20,D,DX,NI,D
13:48:29,PTBA,RG,4300,3,D,DX,CC,D
13:48:29,PTBA,RG,4300,1,D,DX,XL,D
13:48:29,PTBA,RG,4300,1,D,DX,PD,D
13:48:29,PTBA,RG,4300,10,D,DX,CC,D
13:48:29,PTBA,RG,4300,1,D,DX,YP,D
13:48:29,PTBA,RG,4300,500,D,DX,DR,D
13:48:29,PTBA,RG,4300,425,D,DX,CP,D
13:48:28,PTBA,RG,4290,12,D,CC,XC,D
13:48:14,PTBA,RG,4290,2,D,CC,XC,D
13:48:14,PTBA,RG,4290,50,D,CC,CC,D
13:48:13,PTBA,RG,4300,11,D,AK,CP,D
13:48:13,PTBA,RG,4300,14,F,AK,CP,D
13:48:13,PTBA,RG,4300,10,D,YP,CP,D
13:48:05,PTBA,RG,4300,1,D,XC,CP,D
13:48:02,PTBA,RG,4300,10,D,YP,CP,D
