Time,Stock,Brd,Price,Qty,BT,BC,SC,ST
15:13:42,PTBA,RG,2870,20,D,ZP,YP,D
15:13:34,PTBA,RG,2870,2,D,ZP,CC,D
15:13:06,PTBA,RG,2870,5,D,ZP,PD,D
15:12:59,PTBA,RG,2870,70,D,ZP,YJ,D
15:12:41,PTBA,RG,2870,2,D,ZP,CC,D
15:12:39,PTBA,RG,2870,3,D,ZP,CC,D
15:11:30,PTBA,RG,2870,4,D,ZP,CC,D
15:11:12,PTBA,RG,2870,5,D,ZP,NI,D
15:11:06,PTBA,RG,2870,10,D,ZP,NI,D
15:11:01,PTBA,RG,2870,80,D,ZP,YP,D
15:10:56,PTBA,RG,2870,150,D,ZP,YP,D
15:10:52,PTBA,RG,2870,50,D,ZP,CC,D
15:10:18,PTBA,RG,2870,1,D,ZP,PD,D
15:10:16,PTBA,RG,2870,50,D,ZP,CC,D
15:10:06,PTBA,RG,2870,500,D,ZP,DR,D
15:08:04,PTBA,RG,2870,20,D,ZP,PD,D
15:08:04,PTBA,RG,2870,1,D,HP,BQ,D
15:07:53,PTBA,RG,2870,1,F,CS,BQ,D
15:07:51,PTBA,RG,2870,24,F,CS,NI,D
15:07:43,PTBA,RG,2870,10,F,CS,DR,D
15:07:15,PTBA,RG,2870,10,F,CS,NI,D
15:07:03,PTBA,RG,2870,348,F,CS,YP,D
15:06:40,PTBA,RG,2870,1,F,CS,PD,D
15:06:38,PTBA,RG,2870,1,F,CS,NI,D
15:06:37,PTBA,RG,2870,15,F,CS,EP,D
15:06:28,PTBA,RG,2870,4,F,CS,NI,D
15:06:22,PTBA,RG,2870,1,F,CS,KK,D
15:06:03,PTBA,RG,2870,10,F,CS,EP,D
15:05:48,PTBA,RG,2870,2,F,CS,CP,D
15:05:07,PTBA,RG,2870,9,F,CS,SQ,D
15:05:01,PTBA,RG,2870,1,F,CS,NI,D
15:04:51,PTBA,RG,2870,1,F,CS,XC,D
15:04:43,PTBA,RG,2870,1,F,CS,YP,D
15:04:32,PTBA,RG,2870,3,F,CS,CC,D
15:04:16,PTBA,RG,2870,2,F,CS,NI,D
15:04:03,PTBA,RG,2870,25,F,CS,KK,D
15:03:56,PTBA,RG,2870,2,F,CS,NI,D
15:03:47,PTBA,RG,2870,50,F,CS,MG,D
15:03:46,PTBA,RG,2870,1,F,CS,YU,D
15:03:41,PTBA,RG,2870,100,F,CS,EL,D
15:03:35,PTBA,RG,2870,4,F,CS,PD,D
15:03:05,PTBA,RG,2870,1,F,CS,NI,D
15:02:50,PTBA,RG,2870,2,F,CS,YB,D
15:02:48,PTBA,RG,2870,100,F,CS,ZR,D
15:02:41,PTBA,RG,2870,3,F,CS,OD,D
15:02:35,PTBA,RG,2870,54,F,CS,EP,D
15:02:32,PTBA,RG,2870,1,F,CS,NI,D
15:02:22,PTBA,RG,2870,1,F,CS,YP,D
15:01:55,PTBA,RG,2870,50,F,CS,GR,D
15:01:28,PTBA,RG,2870,135,F,CS,YP,D
15:01:28,PTBA,RG,2870,1,D,PD,YP,D
15:01:28,PTBA,RG,2870,20,D,KK,YP,D
15:01:28,PTBA,RG,2870,1,D,DR,YP,D
15:01:28,PTBA,RG,2870,7,D,XL,YP,D
15:01:28,PTBA,RG,2870,2,D,XC,YP,D
15:01:28,PTBA,RG,2870,50,D,HP,YP,D
15:01:28,PTBA,RG,2870,49,D,SQ,YP,D
15:01:28,PTBA,RG,2870,7,D,NI,YP,D
15:01:28,PTBA,RG,2870,1,D,YP,YP,D
15:01:28,PTBA,RG,2870,14,D,PD,YP,D
15:01:28,PTBA,RG,2870,13,D,KK,YP,D
15:01:23,PTBA,RG,2870,15,D,KK,DR,D
15:01:07,PTBA,RG,2870,100,D,KK,TP,D
15:00:00,PTBA,RG,2870,1,D,KK,YP,D
15:00:00,PTBA,RG,2870,10,D,KK,DR,D
15:00:00,PTBA,RG,2870,200,D,KK,CC,D
15:00:00,PTBA,RG,2870,161,D,KK,GR,D
15:00:00,PTBA,RG,2870,239,D,XC,GR,D
15:00:00,PTBA,RG,2870,1,D,XC,TP,D
15:00:00,PTBA,RG,2870,10,D,XC,LG,D
15:00:00,PTBA,RG,2870,10,D,XC,DR,D
15:00:00,PTBA,RG,2870,40,D,XC,YP,D
15:00:00,PTBA,RG,2870,2,D,YP,YP,D
15:00:00,PTBA,RG,2870,1,D,NI,YP,D
15:00:00,PTBA,RG,2870,10,D,YP,YP,D
15:00:00,PTBA,RG,2870,147,D,YP,YP,D
15:00:00,PTBA,RG,2870,100,D,YP,GR,D
15:00:00,PTBA,RG,2870,5,D,YP,GR,D
15:00:00,PTBA,RG,2870,96,D,YP,OD,D
15:00:00,PTBA,RG,2870,58,D,YP,KZ,D
15:00:00,PTBA,RG,2870,94,D,YP,AK,D
15:00:00,PTBA,RG,2870,50,D,SQ,AK,D
15:00:00,PTBA,RG,2870,5,D,PD,AK,D
15:00:00,PTBA,RG,2870,1,D,PD,AK,D
15:00:00,PTBA,RG,2870,1,D,DR,AK,D
15:00:00,PTBA,RG,2870,10,D,HP,AK,D
15:00:00,PTBA,RG,2870,539,D,GR,AK,D
15:00:00,PTBA,RG,2870,461,D,GR,AK,D
15:00:00,PTBA,RG,2870,50,D,YP,AK,D
15:00:00,PTBA,RG,2870,1489,D,GR,AK,D
15:00:00,PTBA,RG,2870,511,D,GR,AK,D
15:00:00,PTBA,RG,2870,154,D,DR,AK,D
15:00:00,PTBA,RG,2870,100,D,YP,AK,D
15:00:00,PTBA,RG,2870,1,D,XC,AK,D
15:00:00,PTBA,RG,2870,866,D,ZP,AK,D
15:00:00,PTBA,RG,2870,10,D,CC,AK,D
15:00:00,PTBA,RG,2870,10,D,YP,AK,D
15:00:00,PTBA,RG,2870,3,D,GR,AK,D
15:00:00,PTBA,RG,2870,16,D,DR,AK,D
15:00:00,PTBA,RG,2870,5,D,PD,AK,D
15:00:00,PTBA,RG,2870,21,D,XC,AK,D
15:00:00,PTBA,RG,2870,50,D,DH,AK,D
15:00:00,PTBA,RG,2870,1,D,PD,AK,D
15:00:00,PTBA,RG,2870,100,D,GR,AK,D
15:00:00,PTBA,RG,2870,5,D,NI,AK,D
15:00:00,PTBA,RG,2870,37,D,HP,AK,D
15:00:00,PTBA,RG,2870,1000,D,YP,AK,D
15:00:00,PTBA,RG,2870,10,D,XC,AK,D
15:00:00,PTBA,RG,2870,5,D,OD,AK,D
15:00:00,PTBA,RG,2870,500,D,GR,AK,D
15:00:00,PTBA,RG,2870,27,D,YU,AK,D
15:00:00,PTBA,RG,2870,10,D,TP,AK,D
15:00:00,PTBA,RG,2870,1,D,XC,AK,D
15:00:00,PTBA,RG,2870,17,D,YU,AK,D
15:00:00,PTBA,RG,2870,2,D,PD,AK,D
15:00:00,PTBA,RG,2870,200,D,YP,AK,D
15:00:00,PTBA,RG,2870,1,D,YP,AK,D
15:00:00,PTBA,RG,2870,16,D,PD,AK,D
15:00:00,PTBA,RG,2870,1,D,XC,AK,D
15:00:00,PTBA,RG,2870,3,D,HP,AK,D
15:00:00,PTBA,RG,2870,50,D,DH,AK,D
15:00:00,PTBA,RG,2870,100,D,YP,AK,D
15:00:00,PTBA,RG,2870,100,D,YP,AK,D
15:00:00,PTBA,RG,2870,1,D,AT,AK,D
15:00:00,PTBA,RG,2870,5,D,DR,AK,D
15:00:00,PTBA,RG,2870,2,D,XC,AK,D
15:00:00,PTBA,RG,2870,25,D,YU,AK,D
15:00:00,PTBA,RG,2870,1,D,XC,AK,D
15:00:00,PTBA,RG,2870,100,D,DR,AK,D
15:00:00,PTBA,RG,2870,100,D,DR,AK,D
15:00:00,PTBA,RG,2870,10,D,PD,AK,D
15:00:00,PTBA,RG,2870,100,D,YP,AK,D
15:00:00,PTBA,RG,2870,100,D,PD,AK,D
15:00:00,PTBA,RG,2870,10,D,GR,AK,D
15:00:00,PTBA,RG,2870,10,D,PD,AK,D
15:00:00,PTBA,RG,2870,1,D,PD,AK,D
15:00:00,PTBA,RG,2870,1,D,LG,AK,D
15:00:00,PTBA,RG,2870,16,D,HP,AK,D
15:00:00,PTBA,RG,2870,11,D,YP,AK,D
15:00:00,PTBA,RG,2870,5,D,NI,AK,D
15:00:00,PTBA,RG,2870,5,D,YP,AK,D
15:00:00,PTBA,RG,2870,100,D,TP,AK,D
15:00:00,PTBA,RG,2870,4,D,HP,AK,D
15:00:00,PTBA,RG,2870,1,D,NI,AK,D
15:00:00,PTBA,RG,2870,100,D,YP,AK,D
15:00:00,PTBA,RG,2870,100,D,NI,AK,D
15:00:00,PTBA,RG,2870,1,D,PD,AK,D
15:00:00,PTBA,RG,2870,1,D,YP,AK,D
15:00:00,PTBA,RG,2870,40,D,XL,AK,D
15:00:00,PTBA,RG,2870,60,D,YU,AK,D
15:00:00,PTBA,RG,2870,50,D,ZP,AK,D
15:00:00,PTBA,RG,2870,5,D,YP,AK,D
15:00:00,PTBA,RG,2870,16,D,XC,AK,D
15:00:00,PTBA,RG,2870,120,D,YP,AK,D
15:00:00,PTBA,RG,2870,1,F,ZP,AK,D
15:00:00,PTBA,RG,2870,63,F,ZP,AK,D
15:00:00,PTBA,RG,2870,5,F,ZP,AK,D
15:00:00,PTBA,RG,2870,92,F,AK,AK,D
15:00:00,PTBA,RG,2870,305,F,BK,AK,D
15:00:00,PTBA,RG,2870,396,F,BK,CC,D
15:00:00,PTBA,RG,2870,118,F,BK,AK,F
15:00:00,PTBA,RG,2870,92,F,BK,RX,D
15:00:00,PTBA,RG,2870,58,F,BK,DR,D
15:00:00,PTBA,RG,2870,758,F,BK,DR,D
15:00:00,PTBA,RG,2870,24,F,BK,DP,D
15:00:00,PTBA,RG,2870,207,F,BK,AK,F
15:00:00,PTBA,RG,2870,16,F,BK,PD,D
15:00:00,PTBA,RG,2870,9,F,BK,PD,D
15:00:00,PTBA,RG,2870,190,F,BK,PD,D
15:00:00,PTBA,RG,2870,45,F,CS,PD,D
15:00:00,PTBA,RG,2870,206,F,ZP,PD,D
14:49:59,PTBA,RG,2880,4,D,HP,CC,D
14:49:59,PTBA,RG,2880,10,D,GR,CC,D
14:49:59,PTBA,RG,2880,1,D,NI,CC,D
14:49:59,PTBA,RG,2880,1,D,YP,CC,D
14:49:59,PTBA,RG,2880,10,D,CC,CC,D
14:49:59,PTBA,RG,2880,5,D,PD,CC,D
14:49:59,PTBA,RG,2880,2,D,KK,CC,D
14:49:59,PTBA,RG,2880,17,D,KK,CC,D
14:49:59,PTBA,RG,2890,1,F,ZP,YP,D
14:49:56,PTBA,RG,2890,2,F,ZP,YP,D
14:49:55,PTBA,RG,2890,1,F,ZP,YP,D
14:49:54,PTBA,RG,2890,1,F,ZP,YP,D
14:49:50,PTBA,RG,2890,6,F,ZP,YP,D
14:49:45,PTBA,RG,2890,9,F,ZP,YP,D
14:49:41,PTBA,RG,2880,5,D,KK,YP,D
14:49:38,PTBA,RG,2890,2,D,YP,YP,D
14:49:25,PTBA,RG,2890,21,F,ZP,YP,D
14:49:24,PTBA,RG,2890,2,F,ZP,YP,D
14:49:21,PTBA,RG,2880,18,D,KK,YP,D
14:49:11,PTBA,RG,2890,10,F,ZP,YP,D
14:49:08,PTBA,RG,2890,16,F,ZP,YP,D
14:49:08,PTBA,RG,2890,20,F,ZP,PD,D
14:49:08,PTBA,RG,2890,1,F,ZP,XC,D
14:49:08,PTBA,RG,2890,18,F,ZP,PD,D
14:49:03,PTBA,RG,2890,12,D,LG,PD,D
14:48:58,PTBA,RG,2890,5,D,XL,PD,D
14:48:56,PTBA,RG,2880,2,D,KK,EP,D
14:48:33,PTBA,RG,2880,1,D,KK,PD,D
14:48:33,PTBA,RG,2880,22,D,KK,YP,D
14:48:31,PTBA,RG,2890,11,F,ZP,PD,D
14:48:20,PTBA,RG,2880,1,D,KK,PD,D
14:48:20,PTBA,RG,2880,100,D,KK,YP,D
14:48:14,PTBA,RG,2880,1,D,KK,YB,D
14:48:14,PTBA,RG,2880,8,D,KK,SQ,D
14:48:12,PTBA,RG,2880,18,D,KK,AK,F
14:48:11,PTBA,RG,2880,180,D,KK,AK,F
14:48:11,PTBA,RG,2890,4,F,ZP,PD,D
14:48:11,PTBA,RG,2890,5,F,ZP,YP,D
14:48:11,PTBA,RG,2890,4,F,ZP,YB,D
14:48:11,PTBA,RG,2880,326,D,KK,CC,D
14:48:11,PTBA,RG,2880,7,D,AZ,CC,D
14:48:11,PTBA,RG,2880,1,D,SQ,CC,D
14:48:11,PTBA,RG,2880,292,D,YP,CC,D
14:48:11,PTBA,RG,2880,35,D,YP,CC,D
14:48:11,PTBA,RG,2880,464,F,BK,CC,D
14:48:11,PTBA,RG,2880,333,F,BK,CC,D
14:48:11,PTBA,RG,2880,39,F,ZP,CC,D
14:48:11,PTBA,RG,2880,1,F,ZP,CC,D
14:48:11,PTBA,RG,2880,3,F,ZP,CC,D
14:48:11,PTBA,RG,2880,82,F,RX,CC,D
14:48:08,PTBA,RG,2890,6,F,BK,YB,D
14:48:08,PTBA,RG,2890,10,F,BK,CC,D
14:48:08,PTBA,RG,2890,5,F,BK,CC,D
14:48:08,PTBA,RG,2890,2,F,BK,NI,D
14:48:08,PTBA,RG,2890,12,F,BK,PD,D
14:48:08,PTBA,RG,2880,26,F,RX,AK,F
14:48:05,PTBA,RG,2890,25,F,ZP,PD,D
14:48:04,PTBA,RG,2890,26,F,BK,PD,D
14:48:04,PTBA,RG,2890,23,F,BK,PD,D
14:47:56,PTBA,RG,2890,24,F,BK,PD,D
14:47:55,PTBA,RG,2880,11,F,RX,CC,D
14:47:54,PTBA,RG,2890,26,F,BK,PD,D
14:47:51,PTBA,RG,2880,2,F,RX,YP,D
14:47:49,PTBA,RG,2880,56,F,RX,AK,F
14:47:49,PTBA,RG,2880,22,F,RX,AK,F
14:47:49,PTBA,RG,2890,27,F,BK,PD,D
14:47:49,PTBA,RG,2890,1,F,ZP,PD,D
14:47:48,PTBA,RG,2880,500,F,RX,BQ,D
14:47:48,PTBA,RG,2880,5,F,RX,PD,D
14:47:45,PTBA,RG,2890,24,F,BK,PD,D
14:47:43,PTBA,RG,2880,10,F,RX,CC,D
14:47:42,PTBA,RG,2890,34,F,BK,PD,D
14:47:41,PTBA,RG,2880,5,F,RX,CC,D
14:47:40,PTBA,RG,2890,26,F,BK,PD,D
14:47:38,PTBA,RG,2880,11,F,RX,AK,F
14:47:36,PTBA,RG,2890,1,F,BK,PD,D
14:47:36,PTBA,RG,2890,24,F,BK,NI,D
14:47:32,PTBA,RG,2890,1,D,XL,NI,D
14:47:31,PTBA,RG,2890,26,F,BK,NI,D
14:47:30,PTBA,RG,2880,1,F,RX,MU,D
14:47:29,PTBA,RG,2880,25,F,RX,YP,D
14:47:27,PTBA,RG,2880,4,F,RX,AK,F
14:47:27,PTBA,RG,2890,1,D,XC,NI,D
14:47:27,PTBA,RG,2880,4,F,RX,AK,F
14:47:26,PTBA,RG,2890,25,F,BK,NI,D
14:47:26,PTBA,RG,2880,8,F,RX,AK,F
14:47:25,PTBA,RG,2890,23,F,BK,NI,D
14:47:25,PTBA,RG,2890,3,F,BK,XL,D
14:47:25,PTBA,RG,2890,5,F,BK,YP,D
14:47:25,PTBA,RG,2890,11,F,BK,CC,D
14:47:25,PTBA,RG,2880,13,F,RX,DR,D
14:47:25,PTBA,RG,2890,16,F,ZP,CC,D
14:47:25,PTBA,RG,2890,15,F,ZP,YP,D
14:47:25,PTBA,RG,2890,7,F,ZP,PD,D
14:47:25,PTBA,RG,2880,4,F,RX,AK,F
14:47:24,PTBA,RG,2880,1,F,RX,AK,F
14:47:23,PTBA,RG,2890,8,F,BK,PD,D
14:47:23,PTBA,RG,2890,19,F,BK,NI,D
14:47:23,PTBA,RG,2880,12,F,RX,AK,F
14:47:23,PTBA,RG,2880,6,F,RX,YP,F
14:47:13,PTBA,RG,2880,3,F,RX,PD,D
14:47:10,PTBA,RG,2890,6,F,BK,NI,D
14:47:10,PTBA,RG,2890,1,F,BK,XC,D
14:47:10,PTBA,RG,2890,2,F,BK,KK,D
14:47:10,PTBA,RG,2890,15,F,BK,PD,D
14:47:09,PTBA,RG,2890,5,F,BK,PD,D
14:47:09,PTBA,RG,2890,1,F,BK,PD,D
14:47:09,PTBA,RG,2890,1,F,BK,XC,D
14:47:09,PTBA,RG,2890,2,F,BK,NI,D
14:47:09,PTBA,RG,2890,3,F,BK,NI,D
14:47:09,PTBA,RG,2890,20,F,BK,YP,D
14:47:09,PTBA,RG,2890,1,F,BK,LG,D
14:47:09,PTBA,RG,2890,10,F,BK,YP,D
14:47:09,PTBA,RG,2890,4,F,BK,CC,D
14:47:09,PTBA,RG,2890,2,F,BK,XL,D
14:47:09,PTBA,RG,2890,1,F,BK,XC,D
14:47:09,PTBA,RG,2890,2,F,BK,XC,D
14:47:08,PTBA,RG,2880,13,F,RX,NI,D
14:47:06,PTBA,RG,2890,1,F,BK,XC,D
14:47:06,PTBA,RG,2890,10,F,BK,YU,D
14:47:06,PTBA,RG,2890,13,F,BK,DX,D
14:47:05,PTBA,RG,2880,10,F,RX,XC,D
14:47:05,PTBA,RG,2890,29,F,ZP,DX,D
14:47:00,PTBA,RG,2890,8,F,BK,DX,D
14:47:00,PTBA,RG,2890,1,F,BK,KK,D
14:47:00,PTBA,RG,2890,18,F,BK,DR,D
14:47:00,PTBA,RG,2880,1,F,RX,YP,D
14:46:53,PTBA,RG,2880,17,F,RX,XC,D
14:46:53,PTBA,RG,2890,32,F,BK,DR,D
14:46:53,PTBA,RG,2890,10,D,CC,DR,D
14:46:53,PTBA,RG,2880,100,F,RX,YP,D
14:46:52,PTBA,RG,2890,25,F,BK,DR,D
14:46:48,PTBA,RG,2890,42,F,BK,DR,D
14:46:47,PTBA,RG,2890,27,F,BK,DR,D
14:46:36,PTBA,RG,2890,26,F,BK,DR,D
14:46:35,PTBA,RG,2890,7,F,BK,DR,D
14:46:31,PTBA,RG,2890,48,F,BK,DR,D
14:46:31,PTBA,RG,2880,234,F,RX,CC,D
14:46:31,PTBA,RG,2880,20,F,RX,CC,D
14:46:28,PTBA,RG,2890,25,F,BK,DR,D
14:46:27,PTBA,RG,2890,39,F,ZP,DR,D
14:46:21,PTBA,RG,2880,1,F,RX,CC,D
14:46:20,PTBA,RG,2890,24,F,BK,DR,D
14:46:17,PTBA,RG,2880,8,F,RX,PD,D
14:46:12,PTBA,RG,2880,10,F,RX,CC,D
14:46:12,PTBA,RG,2880,90,F,RX,NI,D
14:46:12,PTBA,RG,2890,46,F,BK,DR,D
14:46:09,PTBA,RG,2890,28,F,BK,DR,D
14:46:04,PTBA,RG,2880,50,F,RX,GR,D
14:46:00,PTBA,RG,2880,1,F,RX,CC,D
14:46:00,PTBA,RG,2880,1,F,RX,CC,D
14:45:59,PTBA,RG,2890,26,F,BK,DR,D
14:45:59,PTBA,RG,2890,134,F,AK,DR,D
14:45:59,PTBA,RG,2890,2,F,ZP,DR,D
14:45:58,PTBA,RG,2880,78,F,RX,AK,F
14:45:58,PTBA,RG,2880,2,F,RX,AK,F
14:45:58,PTBA,RG,2880,5,F,RX,AK,F
14:45:58,PTBA,RG,2880,52,F,RX,AK,F
14:45:58,PTBA,RG,2880,1,F,RX,XC,D
14:45:58,PTBA,RG,2880,10,F,RX,CC,D
14:45:58,PTBA,RG,2880,66,F,RX,NI,D
14:45:58,PTBA,RG,2880,1,F,RX,DH,D
14:45:58,PTBA,RG,2880,61,F,RX,YP,D
14:45:58,PTBA,RG,2880,27,F,RX,XA,D
14:45:58,PTBA,RG,2880,29,F,RX,OD,D
14:45:58,PTBA,RG,2880,22,F,RX,CC,D
14:45:58,PTBA,RG,2880,1,F,RX,NI,D
14:45:58,PTBA,RG,2880,9,F,RX,CC,D
14:45:58,PTBA,RG,2880,291,F,RX,CC,D
14:45:58,PTBA,RG,2880,1,F,RX,YP,D
14:45:58,PTBA,RG,2880,25,F,RX,CC,D
14:45:58,PTBA,RG,2880,2,F,RX,DR,D
14:45:58,PTBA,RG,2880,1,F,RX,YP,D
14:45:58,PTBA,RG,2880,14,F,RX,YP,D
14:45:58,PTBA,RG,2880,3,F,RX,YP,D
14:45:58,PTBA,RG,2880,32,F,RX,CC,D
14:45:58,PTBA,RG,2880,50,F,RX,CC,D
14:45:58,PTBA,RG,2880,25,F,RX,MG,D
14:45:58,PTBA,RG,2880,2,F,RX,CC,D
14:45:58,PTBA,RG,2880,2,F,RX,PD,D
14:45:58,PTBA,RG,2880,1,F,RX,KK,D
14:45:58,PTBA,RG,2880,20,F,RX,DH,D
14:45:58,PTBA,RG,2880,1,F,RX,YU,D
14:45:58,PTBA,RG,2880,9,F,RX,PD,D
14:45:58,PTBA,RG,2880,5,F,RX,CC,D
14:45:58,PTBA,RG,2880,4,F,RX,PD,D
14:45:58,PTBA,RG,2880,1,F,RX,XC,D
14:45:58,PTBA,RG,2880,177,F,RX,YP,D
14:45:58,PTBA,RG,2880,2,F,RX,CC,D
14:45:58,PTBA,RG,2880,10,F,RX,SQ,D
14:45:58,PTBA,RG,2880,19,F,RX,CC,D
14:45:58,PTBA,RG,2880,1000,F,RX,SQ,D
14:45:58,PTBA,RG,2880,55,F,RX,NI,D
14:45:58,PTBA,RG,2880,1,F,RX,CC,F
14:45:58,PTBA,RG,2880,2000,F,RX,SQ,D
14:45:58,PTBA,RG,2880,9,F,RX,AK,F
14:45:58,PTBA,RG,2880,3984,F,RX,SQ,D
14:45:58,PTBA,RG,2880,5,F,RX,YB,D
14:45:58,PTBA,RG,2880,4,F,RX,XC,D
14:45:58,PTBA,RG,2880,2,F,RX,AK,F
14:45:58,PTBA,RG,2880,10,F,RX,PD,D
14:45:58,PTBA,RG,2880,20,F,RX,PD,D
14:45:58,PTBA,RG,2880,200,F,RX,OD,D
14:45:58,PTBA,RG,2880,2,F,RX,CC,D
14:45:58,PTBA,RG,2880,10,F,RX,PD,D
14:45:58,PTBA,RG,2880,4,F,RX,XC,D
14:45:58,PTBA,RG,2880,2,F,RX,CC,D
14:45:58,PTBA,RG,2880,11,F,RX,CC,D
14:45:58,PTBA,RG,2880,207,F,RX,CC,D
14:45:58,PTBA,RG,2880,8,F,RX,YB,D
14:45:58,PTBA,RG,2880,77,F,RX,AK,F
14:45:58,PTBA,RG,2880,11,F,RX,XL,D
14:45:58,PTBA,RG,2880,11,F,RX,XL,D
14:45:58,PTBA,RG,2880,3,F,RX,YP,D
14:45:58,PTBA,RG,2880,20,F,RX,CC,D
14:45:58,PTBA,RG,2880,20,F,RX,HP,D
14:45:58,PTBA,RG,2880,2,F,RX,PD,D
14:45:58,PTBA,RG,2880,1,F,RX,TP,D
14:45:58,PTBA,RG,2880,50,F,RX,NI,D
14:45:58,PTBA,RG,2880,1,F,RX,YP,D
14:45:58,PTBA,RG,2880,1,F,RX,YP,D
14:45:58,PTBA,RG,2880,113,F,RX,AK,F
14:45:58,PTBA,RG,2880,9562,F,RX,CC,D
14:45:52,PTBA,RG,2880,28,F,BK,CC,D
14:45:50,PTBA,RG,2880,46,F,BK,CC,D
14:45:43,PTBA,RG,2880,26,F,BK,CC,D
14:45:36,PTBA,RG,2880,44,F,ZP,CC,D
14:45:33,PTBA,RG,2880,33,F,BK,CC,D
14:45:25,PTBA,RG,2880,10,F,ZP,CC,D
14:45:12,PTBA,RG,2870,50,D,ZP,YP,D
14:45:08,PTBA,RG,2880,59,F,BK,CC,D
14:45:07,PTBA,RG,2870,5,D,ZP,BQ,D
14:45:03,PTBA,RG,2870,47,D,ZP,XA,D
14:45:02,PTBA,RG,2880,100,D,YP,CC,D
14:44:42,PTBA,RG,2880,24,F,ZP,CC,D
14:44:39,PTBA,RG,2880,57,F,ZP,CC,D
14:44:05,PTBA,RG,2870,2,D,ZP,YP,D
14:43:45,PTBA,RG,2880,3,D,DR,CC,D
14:43:44,PTBA,RG,2880,1,D,NI,CC,D
14:43:25,PTBA,RG,2880,7,F,ZP,CC,D
14:43:25,PTBA,RG,2880,6,F,ZP,DR,D
14:43:25,PTBA,RG,2880,5,F,ZP,YP,D
14:43:25,PTBA,RG,2880,5,F,ZP,XC,D
14:43:25,PTBA,RG,2880,2,F,ZP,YP,D
14:43:25,PTBA,RG,2880,10,F,ZP,SQ,D
14:43:25,PTBA,RG,2880,9,F,ZP,KK,D
14:43:25,PTBA,RG,2880,2,F,ZP,YU,D
14:43:25,PTBA,RG,2880,5,F,ZP,KK,D
14:43:25,PTBA,RG,2880,16,F,ZP,YP,D
14:42:58,PTBA,RG,2880,7,D,LG,YP,D
14:42:06,PTBA,RG,2880,1,D,PD,YP,D
14:42:00,PTBA,RG,2880,34,F,ZP,YP,D
14:41:37,PTBA,RG,2870,10,D,ZP,EP,D
14:41:31,PTBA,RG,2880,19,D,YU,YP,D
14:41:21,PTBA,RG,2870,10,D,ZP,DR,D
14:40:53,PTBA,RG,2870,10,D,ZP,KK,D
14:40:35,PTBA,RG,2870,25,F,BK,NI,D
14:40:34,PTBA,RG,2870,233,F,BK,CC,D
14:40:30,PTBA,RG,2870,500,F,BK,GR,D
14:40:29,PTBA,RG,2870,10,F,BK,HP,D
14:40:14,PTBA,RG,2880,24,F,ZP,YP,D
14:40:05,PTBA,RG,2870,10,F,BK,PD,D
14:40:00,PTBA,RG,2870,83,F,BK,EP,D
14:40:00,PTBA,RG,2870,12,D,NI,EP,D
14:39:51,PTBA,RG,2870,5,D,NI,CC,D
14:39:46,PTBA,RG,2870,2,D,NI,CC,D
14:39:42,PTBA,RG,2870,1,D,NI,CC,F
14:39:42,PTBA,RG,2870,1,F,RX,GR,D
14:39:39,PTBA,RG,2870,56,F,RX,GR,D
14:39:38,PTBA,RG,2870,1,D,NI,GR,D
14:39:38,PTBA,RG,2870,9,F,CS,GR,D
14:39:38,PTBA,RG,2870,1172,F,BK,GR,D
14:39:38,PTBA,RG,2870,30,D,GR,GR,D
14:39:38,PTBA,RG,2870,5,D,DR,GR,D
14:39:38,PTBA,RG,2870,10,D,YP,GR,D
14:39:38,PTBA,RG,2870,4,D,HP,GR,D
14:39:38,PTBA,RG,2870,44,D,YU,GR,D
14:39:38,PTBA,RG,2870,2,D,YP,GR,D
14:39:38,PTBA,RG,2870,2,D,YP,GR,D
14:39:38,PTBA,RG,2870,15,F,CS,GR,D
14:39:38,PTBA,RG,2870,900,F,BK,GR,D
14:39:38,PTBA,RG,2870,500,D,GR,GR,D
14:39:38,PTBA,RG,2870,3,D,XL,GR,D
14:39:38,PTBA,RG,2870,8,F,ZP,GR,D
14:39:38,PTBA,RG,2870,20,D,DH,GR,D
14:39:38,PTBA,RG,2870,5,D,NI,GR,D
14:39:38,PTBA,RG,2870,1,D,EP,GR,D
14:39:38,PTBA,RG,2870,1000,D,RF,GR,D
14:39:38,PTBA,RG,2870,426,F,BK,GR,D
14:39:38,PTBA,RG,2870,1,D,NI,GR,D
14:39:38,PTBA,RG,2870,1,D,PD,GR,D
14:39:38,PTBA,RG,2870,1,D,XL,GR,D
14:39:38,PTBA,RG,2870,8,D,XC,GR,D
14:39:38,PTBA,RG,2870,1,F,CS,GR,D
14:39:38,PTBA,RG,2870,2,F,ZP,GR,D
14:39:38,PTBA,RG,2870,5,D,YP,GR,D
14:39:38,PTBA,RG,2870,2,D,NI,GR,D
14:39:38,PTBA,RG,2870,300,D,CC,GR,D
14:39:38,PTBA,RG,2870,200,D,YP,GR,D
14:39:38,PTBA,RG,2870,4,D,SQ,GR,D
14:39:38,PTBA,RG,2870,5,D,YP,GR,D
14:39:38,PTBA,RG,2870,5,D,YP,GR,D
14:39:38,PTBA,RG,2870,1,D,XL,GR,D
14:39:38,PTBA,RG,2870,4,F,ZP,GR,D
14:39:38,PTBA,RG,2870,50,D,YP,GR,D
14:39:38,PTBA,RG,2870,10,D,YP,GR,D
14:39:38,PTBA,RG,2870,258,F,BK,GR,D
14:39:38,PTBA,RG,2870,50,F,BK,GR,D
14:39:38,PTBA,RG,2870,878,D,KK,GR,D
14:39:35,PTBA,RG,2880,11,F,BK,YP,D
14:39:30,PTBA,RG,2880,53,F,BK,YP,D
14:39:25,PTBA,RG,2880,34,F,ZP,YP,D
14:39:21,PTBA,RG,2880,1,F,BK,YP,D
14:39:21,PTBA,RG,2880,1,F,BK,NI,D
14:39:21,PTBA,RG,2880,8,F,BK,YB,D
14:39:21,PTBA,RG,2880,10,F,BK,YP,D
14:39:21,PTBA,RG,2880,1,F,BK,XC,D
14:39:21,PTBA,RG,2880,9,F,BK,AK,F
14:39:11,PTBA,RG,2870,5,D,KK,PD,D
14:39:07,PTBA,RG,2880,44,F,BK,AK,F
14:39:05,PTBA,RG,2870,10,D,KK,XC,D
14:38:58,PTBA,RG,2880,9,F,BK,AK,F
14:38:58,PTBA,RG,2880,36,F,BK,CC,D
14:38:48,PTBA,RG,2880,58,F,BK,CC,D
14:38:45,PTBA,RG,2880,29,F,BK,CC,D
14:38:42,PTBA,RG,2880,2,D,YP,CC,D
14:38:31,PTBA,RG,2880,31,F,ZP,CC,D
14:38:28,PTBA,RG,2880,36,F,BK,CC,D
14:38:24,PTBA,RG,2880,48,F,BK,CC,D
14:38:15,PTBA,RG,2880,26,F,BK,CC,D
14:38:15,PTBA,RG,2880,2,F,BK,CC,D
14:38:12,PTBA,RG,2870,2,D,KK,XC,D
14:38:08,PTBA,RG,2880,37,F,BK,CC,D
14:38:00,PTBA,RG,2870,105,D,KK,CC,D
14:38:00,PTBA,RG,2870,100,D,PD,CC,D
14:38:00,PTBA,RG,2870,2,D,NI,CC,D
14:38:00,PTBA,RG,2870,206,D,CP,CC,D
14:38:00,PTBA,RG,2870,65,D,YU,CC,D
14:37:51,PTBA,RG,2880,28,F,BK,CC,D
14:37:46,PTBA,RG,2880,73,F,BK,CC,D
14:37:43,PTBA,RG,2880,25,F,ZP,CC,D
14:37:39,PTBA,RG,2880,26,F,BK,CC,D
14:37:07,PTBA,RG,2880,59,F,BK,CC,D
14:36:49,PTBA,RG,2870,19,D,YU,PD,D
14:36:36,PTBA,RG,2880,62,F,BK,CC,D
14:36:16,PTBA,RG,2880,34,D,DR,CC,D
14:36:08,PTBA,RG,2880,48,F,BK,CC,D
14:36:00,PTBA,RG,2880,128,D,YU,CC,D
14:36:00,PTBA,RG,2870,5,D,YU,DH,D
14:36:00,PTBA,RG,2870,3,D,NI,DH,D
14:36:00,PTBA,RG,2870,2,D,CC,DH,D
14:36:00,PTBA,RG,2870,5,D,NI,DH,D
14:36:00,PTBA,RG,2870,8,D,YU,DH,D
14:35:50,PTBA,RG,2870,45,D,YU,SQ,D
14:35:50,PTBA,RG,2870,25,F,BK,SQ,D
14:35:50,PTBA,RG,2870,1,D,XC,SQ,D
14:35:50,PTBA,RG,2870,19,F,ZP,SQ,D
14:35:43,PTBA,RG,2880,29,F,ZP,CC,D
14:35:37,PTBA,RG,2880,2,D,NI,CC,D
14:35:34,PTBA,RG,2880,38,F,BK,CC,D
14:34:55,PTBA,RG,2880,29,F,ZP,CC,D
14:34:16,PTBA,RG,2880,1,D,NI,CC,D
14:34:08,PTBA,RG,2880,10,D,AZ,CC,D
14:34:08,PTBA,RG,2880,28,F,ZP,CC,D
14:33:46,PTBA,RG,2880,3,D,NI,CC,D
14:33:46,PTBA,RG,2880,33,F,ZP,CC,D
14:33:26,PTBA,RG,2880,1495,F,AK,CC,D
14:33:25,PTBA,RG,2880,13000,D,ES,CC,D
14:33:23,PTBA,RG,2880,4,F,AK,CC,D
14:33:21,PTBA,RG,2880,30,F,ZP,CC,D
14:33:13,PTBA,RG,2880,3,F,AK,CC,D
14:33:11,PTBA,RG,2880,25,D,CC,CC,D
14:32:33,PTBA,RG,2880,21,F,AK,CC,D
14:32:31,PTBA,RG,2880,190,F,ZP,CC,D
14:32:14,PTBA,RG,2880,27,D,YP,CC,D
14:31:53,PTBA,RG,2880,10,D,AZ,CC,D
14:31:37,PTBA,RG,2880,255,F,ZP,CC,D
14:31:32,PTBA,RG,2870,10,F,ZP,PD,D
14:31:17,PTBA,RG,2870,1,F,ZP,KK,D
14:31:03,PTBA,RG,2880,13,F,ZP,CC,D
14:31:03,PTBA,RG,2880,13,F,ZP,CC,D
14:31:03,PTBA,RG,2880,24,F,BK,CC,D
14:31:03,PTBA,RG,2880,26,F,BK,CC,D
14:31:03,PTBA,RG,2880,90,D,YU,CC,D
14:31:03,PTBA,RG,2880,85,D,PD,CC,D
14:30:59,PTBA,RG,2880,15,D,PD,GR,D
14:30:59,PTBA,RG,2880,4,F,CS,GR,D
14:30:59,PTBA,RG,2880,8,F,CS,GR,D
14:30:59,PTBA,RG,2880,30,D,DR,GR,D
14:30:59,PTBA,RG,2880,41,F,BK,GR,D
14:30:59,PTBA,RG,2880,1,F,ZP,GR,D
14:30:59,PTBA,RG,2880,1,D,YP,GR,D
14:30:59,PTBA,RG,2880,91,F,BK,GR,D
14:30:59,PTBA,RG,2880,9,F,ZP,GR,D
14:30:56,PTBA,RG,2880,24,F,ZP,DR,D
14:30:49,PTBA,RG,2880,13,F,ZP,CC,D
14:30:49,PTBA,RG,2880,97,F,BK,CC,D
14:30:44,PTBA,RG,2880,100,F,BK,YP,D
14:30:43,PTBA,RG,2880,4,F,BK,XC,D
14:30:35,PTBA,RG,2880,50,F,BK,NI,D
14:30:28,PTBA,RG,2880,5,F,BK,PD,D
14:30:24,PTBA,RG,2880,10,F,BK,PD,D
14:30:21,PTBA,RG,2880,223,F,BK,KK,D
14:30:21,PTBA,RG,2880,197,F,BK,KK,D
14:30:21,PTBA,RG,2880,10,F,CS,KK,D
14:30:21,PTBA,RG,2880,17,D,HP,KK,D
14:30:21,PTBA,RG,2880,53,F,AK,KK,D
14:30:20,PTBA,RG,2880,30,F,AK,NI,D
14:30:08,PTBA,RG,2880,3,F,AK,AZ,D
14:30:08,PTBA,RG,2880,1,F,ZP,AZ,D
14:30:08,PTBA,RG,2880,1,D,KK,AZ,D
14:30:05,PTBA,RG,2890,10,D,AZ,DR,D
14:29:58,PTBA,RG,2890,52,F,BK,DR,D
14:29:51,PTBA,RG,2880,2,D,KK,YU,D
14:29:51,PTBA,RG,2880,1,F,ZP,YU,D
14:29:50,PTBA,RG,2880,1,D,SQ,YU,D
14:29:50,PTBA,RG,2880,3,D,SQ,YP,D
14:29:45,PTBA,RG,2880,6,F,BK,CC,D
14:29:45,PTBA,RG,2880,2,F,BK,PD,D
14:29:45,PTBA,RG,2880,5,F,BK,CC,D
14:29:45,PTBA,RG,2880,12,F,BK,YP,D
14:29:43,PTBA,RG,2880,48,D,YP,YP,D
14:29:43,PTBA,RG,2880,46,D,YP,LG,D
14:29:43,PTBA,RG,2880,106,D,YP,CC,D
14:29:28,PTBA,RG,2880,38,F,BK,CC,D
14:29:24,PTBA,RG,2880,18,F,ZP,CC,D
14:29:24,PTBA,RG,2880,1,F,ZP,CC,D
14:29:24,PTBA,RG,2880,9837,D,ES,CC,D
14:29:24,PTBA,RG,2880,1,D,ES,OD,D
14:29:24,PTBA,RG,2880,2,D,ES,CC,F
14:29:24,PTBA,RG,2880,160,D,ES,OD,D
14:29:03,PTBA,RG,2880,30,F,BK,OD,D
14:29:00,PTBA,RG,2880,10,D,YU,OD,D
14:29:00,PTBA,RG,2880,2,D,YU,PD,D
14:29:00,PTBA,RG,2880,2,D,YU,YP,D
14:29:00,PTBA,RG,2880,1,D,YU,YP,D
14:29:00,PTBA,RG,2880,41,D,YU,CC,D
14:29:00,PTBA,RG,2880,78,D,YU,CC,D
14:28:49,PTBA,RG,2870,67,F,ZP,YP,D
14:28:17,PTBA,RG,2880,7,D,OD,CC,D
14:28:13,PTBA,RG,2870,20,F,ZP,YP,D
14:28:09,PTBA,RG,2880,173,D,YJ,CC,D
14:28:09,PTBA,RG,2880,27,D,YJ,CC,D
14:27:55,PTBA,RG,2870,1,F,ZP,PD,D
14:27:41,PTBA,RG,2880,1,D,XC,CC,D
14:27:28,PTBA,RG,2880,92,F,AK,CC,D
14:27:27,PTBA,RG,2880,18,D,HP,CC,D
14:27:27,PTBA,RG,2880,1,F,ZP,CC,D
14:27:27,PTBA,RG,2880,32,F,ZP,CC,D
14:27:26,PTBA,RG,2880,43,D,ES,CC,D
14:27:26,PTBA,RG,2880,1,D,ES,CC,F
14:27:26,PTBA,RG,2880,19,D,ES,LG,D
14:27:26,PTBA,RG,2880,1,D,ES,NI,D
14:27:26,PTBA,RG,2880,1,D,ES,PD,D
14:27:26,PTBA,RG,2880,6,D,ES,CC,D
14:27:26,PTBA,RG,2880,6,D,ES,CC,D
14:27:26,PTBA,RG,2880,550,D,ES,CC,D
14:27:26,PTBA,RG,2880,35,D,ES,YP,D
14:27:26,PTBA,RG,2880,151,D,ES,AK,F
14:27:26,PTBA,RG,2880,300,D,ES,CC,D
14:27:26,PTBA,RG,2880,10,D,ES,NI,D
14:27:26,PTBA,RG,2880,3,D,ES,ZP,D
14:27:26,PTBA,RG,2880,10000,D,ES,CC,D
14:27:26,PTBA,RG,2880,10,D,ES,XC,D
14:27:26,PTBA,RG,2880,89,D,ES,AK,F
14:27:26,PTBA,RG,2880,95,D,ES,AK,F
14:27:26,PTBA,RG,2880,2680,D,ES,CC,D
14:26:49,PTBA,RG,2870,5,F,ZP,LG,D
14:26:49,PTBA,RG,2870,5,F,ZP,LG,D
14:26:23,PTBA,RG,2880,222,F,ZP,CC,D
14:26:19,PTBA,RG,2870,19,F,ZP,EP,D
14:26:19,PTBA,RG,2870,1,D,PD,EP,D
14:25:52,PTBA,RG,2870,5,D,YP,KK,D
14:25:52,PTBA,RG,2870,5,F,CS,KK,D
14:25:33,PTBA,RG,2870,2,F,CS,DR,D
14:25:33,PTBA,RG,2870,40,D,CC,DR,D
14:25:33,PTBA,RG,2870,1,D,YP,DR,D
14:25:32,PTBA,RG,2880,83,D,PD,CC,D
14:25:31,PTBA,RG,2870,2,D,YP,DR,D
14:25:29,PTBA,RG,2870,9,D,YP,CC,D
14:25:29,PTBA,RG,2870,5,D,YP,CC,D
14:25:29,PTBA,RG,2870,50,D,YP,CC,D
14:25:29,PTBA,RG,2870,1,F,ZP,CC,D
14:25:29,PTBA,RG,2870,1,F,CS,CC,D
14:25:29,PTBA,RG,2870,4,F,CS,CC,D
14:25:29,PTBA,RG,2870,2,D,XL,CC,D
14:25:29,PTBA,RG,2870,11,D,NI,CC,D
14:25:29,PTBA,RG,2870,217,D,YB,CC,D
14:25:24,PTBA,RG,2880,15,D,HP,CC,D
14:23:57,PTBA,RG,2870,3,D,YB,KK,D
14:23:45,PTBA,RG,2870,2,D,YB,YP,D
14:23:42,PTBA,RG,2870,28,D,YB,YP,D
14:23:42,PTBA,RG,2870,1,D,YP,YP,D
14:23:42,PTBA,RG,2870,1,D,SQ,YP,D
14:23:42,PTBA,RG,2870,5,D,PD,YP,D
14:23:42,PTBA,RG,2870,1,D,XC,YP,D
14:23:42,PTBA,RG,2870,5,D,NI,YP,D
14:23:42,PTBA,RG,2870,5,F,CS,YP,D
14:23:42,PTBA,RG,2870,46,F,BK,YP,D
14:23:42,PTBA,RG,2870,2,D,NI,YP,D
14:23:42,PTBA,RG,2870,1,D,CC,YP,D
14:23:42,PTBA,RG,2870,5,D,GR,YP,D
14:23:24,PTBA,RG,2870,166,F,RX,IP,D
14:23:24,PTBA,RG,2870,1,D,HP,IP,D
14:23:24,PTBA,RG,2870,59,D,YU,IP,D
14:23:24,PTBA,RG,2870,10,D,YP,IP,D
14:23:24,PTBA,RG,2870,200,D,CC,IP,D
14:23:24,PTBA,RG,2870,2,D,HP,IP,D
14:23:24,PTBA,RG,2870,620,D,PD,IP,D
14:23:24,PTBA,RG,2870,4,F,CS,IP,D
14:23:24,PTBA,RG,2870,500,D,OD,IP,D
14:23:24,PTBA,RG,2870,2,D,NI,IP,D
14:23:24,PTBA,RG,2870,30,D,CC,IP,D
14:23:24,PTBA,RG,2870,199,F,ZP,IP,D
14:23:24,PTBA,RG,2870,8,F,ZP,IP,D
14:23:24,PTBA,RG,2870,5,D,PD,IP,D
14:23:24,PTBA,RG,2870,6,F,CS,IP,D
14:23:24,PTBA,RG,2870,85,F,BK,IP,D
14:23:24,PTBA,RG,2870,50,D,YU,IP,D
14:23:24,PTBA,RG,2870,100,D,YP,IP,D
14:23:24,PTBA,RG,2870,3,D,PD,IP,D
14:23:24,PTBA,RG,2870,10,D,XC,IP,D
14:23:24,PTBA,RG,2870,1,D,XC,IP,D
14:23:24,PTBA,RG,2870,1,D,YP,IP,D
14:23:24,PTBA,RG,2870,2,D,HP,IP,D
14:23:24,PTBA,RG,2870,5,D,YP,IP,D
14:23:24,PTBA,RG,2870,1,D,NI,IP,D
14:23:24,PTBA,RG,2870,430,D,RF,IP,D
14:22:57,PTBA,RG,2870,200,D,RF,CC,D
14:22:44,PTBA,RG,2870,50,D,RF,NI,D
14:21:21,PTBA,RG,2880,55,F,BK,CC,D
14:21:21,PTBA,RG,2880,88,F,ZP,CC,D
14:21:21,PTBA,RG,2880,50,D,YU,CC,D
14:21:21,PTBA,RG,2880,6,D,XC,CC,D
14:21:21,PTBA,RG,2880,5,F,CS,CC,D
14:21:21,PTBA,RG,2880,2,F,CS,CC,D
14:21:21,PTBA,RG,2880,2,F,ZP,CC,D
14:21:21,PTBA,RG,2880,200,D,YP,CC,D
14:21:21,PTBA,RG,2880,1,D,PD,CC,D
14:21:21,PTBA,RG,2880,100,D,KK,CC,D
14:21:21,PTBA,RG,2880,5,D,YB,CC,D
14:21:21,PTBA,RG,2880,19,D,KK,CC,D
14:21:21,PTBA,RG,2880,610,D,AG,CC,D
14:21:21,PTBA,RG,2880,1762,F,BK,CC,D
14:21:21,PTBA,RG,2880,10,D,NI,CC,D
14:21:21,PTBA,RG,2880,13,F,BK,CC,D
14:21:21,PTBA,RG,2880,500,D,AI,CC,D
14:21:21,PTBA,RG,2880,609,F,BK,CC,D
14:21:21,PTBA,RG,2880,7,F,CS,CC,D
14:21:21,PTBA,RG,2880,88,F,AK,CC,D
14:21:21,PTBA,RG,2880,5,F,ZP,CC,D
14:21:21,PTBA,RG,2880,172,F,ZP,CC,D
14:21:21,PTBA,RG,2880,2691,D,RF,CC,D
14:21:13,PTBA,RG,2880,15,D,RF,PD,D
14:21:08,PTBA,RG,2890,24,F,BK,DR,D
14:21:07,PTBA,RG,2890,1,D,YP,DR,D
14:20:54,PTBA,RG,2890,28,F,BK,DR,D
14:20:52,PTBA,RG,2880,1,D,RF,KK,D
14:20:31,PTBA,RG,2890,38,F,BK,DR,D
14:20:25,PTBA,RG,2890,121,F,BK,DR,D
14:20:14,PTBA,RG,2890,36,F,BK,DR,D
14:19:51,PTBA,RG,2890,40,F,BK,DR,D
14:19:45,PTBA,RG,2890,30,D,CC,DR,D
14:19:42,PTBA,RG,2890,25,D,DH,DR,D
14:19:36,PTBA,RG,2890,25,F,BK,DR,D
14:19:17,PTBA,RG,2890,11,F,BK,DR,D
14:19:17,PTBA,RG,2890,10,F,BK,AI,D
14:19:17,PTBA,RG,2890,9,F,BK,NI,D
14:19:07,PTBA,RG,2880,3,D,RF,RG,D
14:19:03,PTBA,RG,2890,31,F,BK,NI,D
14:18:52,PTBA,RG,2890,10,D,XC,NI,D
14:18:52,PTBA,RG,2890,5,D,XC,YP,D
14:18:50,PTBA,RG,2890,5,F,BK,YP,D
14:18:50,PTBA,RG,2890,1,F,BK,YP,D
14:18:50,PTBA,RG,2890,19,F,BK,NI,D
14:18:50,PTBA,RG,2880,2,D,RF,YP,D
14:18:37,PTBA,RG,2890,1,F,BK,NI,D
14:18:37,PTBA,RG,2890,23,F,BK,KK,D
14:18:33,PTBA,RG,2890,26,F,BK,KK,D
14:18:28,PTBA,RG,2890,50,F,BK,KK,D
14:18:26,PTBA,RG,2880,85,D,RF,AK,F
14:18:26,PTBA,RG,2880,49,D,RF,AK,F
14:18:26,PTBA,RG,2880,48,D,RF,AK,F
14:18:26,PTBA,RG,2880,73,D,RF,AK,F
14:18:26,PTBA,RG,2880,4,D,RF,CC,D
14:18:26,PTBA,RG,2880,68,D,RF,CC,D
14:18:26,PTBA,RG,2880,3,D,RF,DH,D
14:18:26,PTBA,RG,2880,254,D,RF,CC,D
14:18:26,PTBA,RG,2880,500,D,RF,CD,D
14:18:26,PTBA,RG,2880,4,D,RF,XC,D
14:18:26,PTBA,RG,2880,100,D,RF,DH,D
14:18:26,PTBA,RG,2880,3,D,RF,EL,D
14:18:26,PTBA,RG,2880,1,D,RF,CC,D
14:18:26,PTBA,RG,2880,5,D,RF,PD,D
14:18:26,PTBA,RG,2880,216,D,RF,CC,D
14:18:26,PTBA,RG,2880,35,D,RF,XC,D
14:18:26,PTBA,RG,2880,1,D,RF,LG,D
14:18:26,PTBA,RG,2880,2,D,RF,NI,D
14:18:26,PTBA,RG,2880,1,D,RF,XC,D
14:18:26,PTBA,RG,2880,1,D,RF,NI,D
14:18:26,PTBA,RG,2880,50,D,RF,YP,D
14:18:26,PTBA,RG,2880,1,D,RF,XC,D
14:18:26,PTBA,RG,2880,3,D,RF,XA,D
14:18:26,PTBA,RG,2880,11,D,RF,CC,D
14:18:26,PTBA,RG,2880,50,D,RF,XC,D
14:18:26,PTBA,RG,2880,200,D,RF,CC,D
14:18:26,PTBA,RG,2880,5,D,RF,YP,D
14:18:26,PTBA,RG,2880,20,D,RF,HP,D
14:18:26,PTBA,RG,2880,250,D,RF,SQ,D
14:18:26,PTBA,RG,2880,5,D,RF,EP,D
14:18:26,PTBA,RG,2880,34,D,RF,EP,D
14:18:26,PTBA,RG,2880,25,D,RF,PD,D
14:18:26,PTBA,RG,2880,50,D,RF,YP,D
14:18:26,PTBA,RG,2880,5,D,RF,GR,D
14:18:26,PTBA,RG,2880,4,D,RF,CC,D
14:18:26,PTBA,RG,2880,35,D,RF,AZ,D
14:18:26,PTBA,RG,2880,25,D,RF,CC,D
14:18:26,PTBA,RG,2880,31,D,RF,YP,D
14:18:26,PTBA,RG,2880,5,D,RF,XC,D
14:18:26,PTBA,RG,2880,7,D,RF,XC,D
14:18:26,PTBA,RG,2880,22,D,RF,DH,D
14:18:26,PTBA,RG,2880,26,D,RF,KK,D
14:18:26,PTBA,RG,2880,2,D,RF,PD,D
14:18:26,PTBA,RG,2880,30,D,RF,YP,D
14:18:26,PTBA,RG,2880,10,D,RF,CC,D
14:18:26,PTBA,RG,2880,3,D,RF,NI,D
14:18:26,PTBA,RG,2880,1,D,RF,YJ,D
14:18:26,PTBA,RG,2880,20,D,RF,PD,D
14:18:26,PTBA,RG,2880,35,D,RF,NI,D
14:18:26,PTBA,RG,2880,100,D,RF,AI,D
14:18:26,PTBA,RG,2880,1,D,RF,NI,D
14:18:26,PTBA,RG,2880,3,D,RF,XC,D
14:18:26,PTBA,RG,2880,40,D,RF,CC,D
14:18:26,PTBA,RG,2880,1,D,RF,GR,D
14:18:26,PTBA,RG,2880,1,D,RF,YP,D
14:18:26,PTBA,RG,2880,90,D,RF,OD,D
14:18:26,PTBA,RG,2880,1,D,RF,PD,D
14:18:26,PTBA,RG,2880,1,D,RF,XC,D
14:18:26,PTBA,RG,2880,250,D,RF,PD,D
14:18:26,PTBA,RG,2880,1,D,RF,PD,D
14:18:26,PTBA,RG,2880,81,D,RF,PD,D
14:18:26,PTBA,RG,2880,70,D,RF,YP,D
14:18:26,PTBA,RG,2880,2,D,RF,YP,D
14:18:26,PTBA,RG,2880,40,D,RF,NI,D
14:18:26,PTBA,RG,2880,1,D,RF,NI,D
14:18:26,PTBA,RG,2880,100,D,RF,PD,D
14:18:26,PTBA,RG,2880,1,D,RF,DR,D
14:18:26,PTBA,RG,2880,3,D,RF,XC,D
14:18:26,PTBA,RG,2880,25,D,RF,EP,D
14:18:26,PTBA,RG,2880,2,D,RF,YP,D
14:18:26,PTBA,RG,2880,496,D,RF,NI,D
14:18:26,PTBA,RG,2880,3,D,RF,NI,D
14:18:26,PTBA,RG,2880,100,D,RF,NI,D
14:18:26,PTBA,RG,2880,6,D,RF,NI,D
14:18:26,PTBA,RG,2880,1,D,RF,DR,D
14:18:26,PTBA,RG,2880,40,D,RF,PD,D
14:18:26,PTBA,RG,2880,10,D,RF,CC,D
14:18:26,PTBA,RG,2880,10,D,RF,SQ,D
14:18:26,PTBA,RG,2880,200,D,RF,ZP,D
14:18:26,PTBA,RG,2880,50,D,RF,TP,D
14:18:26,PTBA,RG,2880,6,D,RF,XC,D
14:18:26,PTBA,RG,2880,200,D,RF,YU,D
14:18:26,PTBA,RG,2880,1,D,RF,PD,D
14:18:26,PTBA,RG,2880,1,D,RF,PD,D
14:18:26,PTBA,RG,2880,1,D,RF,XC,D
14:18:26,PTBA,RG,2880,52,D,RF,SQ,D
14:18:26,PTBA,RG,2880,20,D,RF,NI,D
14:18:26,PTBA,RG,2880,150,D,RF,PD,D
14:18:26,PTBA,RG,2880,2,D,RF,CC,D
14:18:26,PTBA,RG,2880,5,D,RF,DH,D
14:18:26,PTBA,RG,2880,10,D,RF,YP,D
14:18:26,PTBA,RG,2880,2,D,RF,PD,D
14:18:26,PTBA,RG,2880,52,D,RF,AK,F
14:18:26,PTBA,RG,2880,400,D,RF,YP,D
14:18:26,PTBA,RG,2880,30,D,RF,CC,D
14:18:26,PTBA,RG,2880,19,D,RF,LG,D
14:18:26,PTBA,RG,2880,2,D,RF,YP,D
14:18:26,PTBA,RG,2880,4,D,RF,PD,D
14:18:26,PTBA,RG,2880,50,D,RF,OD,D
14:18:26,PTBA,RG,2880,10,D,RF,XC,D
14:18:26,PTBA,RG,2880,1,D,RF,PD,D
14:18:26,PTBA,RG,2880,10,D,RF,PD,D
14:18:26,PTBA,RG,2880,47,D,RF,AK,F
14:18:26,PTBA,RG,2880,5,D,RF,PD,D
14:18:26,PTBA,RG,2880,10,D,RF,EP,D
14:18:26,PTBA,RG,2880,1,D,RF,NI,D
14:18:26,PTBA,RG,2880,2,D,RF,YP,D
14:18:26,PTBA,RG,2880,107,D,RF,CC,D
14:18:26,PTBA,RG,2880,1000,D,RF,OD,D
14:18:26,PTBA,RG,2880,4,D,RF,XC,D
14:18:26,PTBA,RG,2880,46,D,RF,AK,F
14:18:26,PTBA,RG,2880,100,D,RF,XL,D
14:18:26,PTBA,RG,2880,61,D,RF,PD,D
14:18:26,PTBA,RG,2880,3,D,RF,DR,D
14:18:26,PTBA,RG,2880,1,D,RF,YP,D
14:18:26,PTBA,RG,2880,43,D,RF,AK,F
14:18:26,PTBA,RG,2880,3,D,RF,CC,D
14:18:26,PTBA,RG,2880,200,D,RF,CC,D
14:18:26,PTBA,RG,2880,5479,D,RF,CC,D
14:18:19,PTBA,RG,2880,27,F,BK,CC,D
14:18:14,PTBA,RG,2880,123,F,BK,CC,D
14:18:11,PTBA,RG,2880,230,D,DR,CC,D
14:18:05,PTBA,RG,2880,26,F,BK,CC,D
14:18:00,PTBA,RG,2880,94,D,YU,CC,D
14:17:48,PTBA,RG,2880,34,F,BK,CC,D
14:17:46,PTBA,RG,2870,250,D,RF,GR,D
14:17:33,PTBA,RG,2880,26,F,BK,CC,D
14:17:19,PTBA,RG,2880,150,D,DR,CC,D
14:17:11,PTBA,RG,2880,40,F,BK,CC,D
14:16:53,PTBA,RG,2880,32,F,BK,CC,D
14:16:42,PTBA,RG,2880,25,F,BK,CC,D
14:16:38,PTBA,RG,2870,70,D,RF,GR,D
14:16:38,PTBA,RG,2870,4,D,NI,GR,D
14:16:38,PTBA,RG,2870,5,D,CC,GR,D
14:16:38,PTBA,RG,2870,96,F,AK,GR,D
14:16:31,PTBA,RG,2880,4,D,XC,CC,D
14:16:29,PTBA,RG,2880,30,F,BK,CC,D
14:16:12,PTBA,RG,2880,28,F,BK,CC,D
14:16:00,PTBA,RG,2880,5,D,PD,CC,D
14:15:41,PTBA,RG,2880,3,D,HP,CC,D
14:15:30,PTBA,RG,2870,5,D,CC,AK,F
14:15:30,PTBA,RG,2870,1,D,NI,AK,F
14:15:30,PTBA,RG,2870,82,D,CP,AK,F
14:15:30,PTBA,RG,2870,1,D,PD,AK,F
14:15:30,PTBA,RG,2870,3,D,KK,AK,F
14:15:30,PTBA,RG,2870,5,D,PD,AK,F
14:15:30,PTBA,RG,2870,11,D,NI,AK,F
14:15:30,PTBA,RG,2870,8,F,CS,AK,F
14:15:30,PTBA,RG,2870,14,D,HP,AK,F
14:15:30,PTBA,RG,2870,11,D,NI,AK,F
14:14:29,PTBA,RG,2880,425,F,ZP,CC,D
14:14:20,PTBA,RG,2880,2,D,HP,CC,D
14:14:10,PTBA,RG,2870,45,D,NI,YP,D
14:14:10,PTBA,RG,2870,7,D,XC,YP,D
14:14:10,PTBA,RG,2870,2,D,NI,YP,D
14:14:10,PTBA,RG,2870,5,D,NI,YP,D
14:14:10,PTBA,RG,2870,6,D,NI,YP,D
14:14:10,PTBA,RG,2870,4,F,CS,YP,D
14:14:10,PTBA,RG,2870,3,D,KK,YP,D
14:14:10,PTBA,RG,2870,2,D,HP,YP,D
14:14:10,PTBA,RG,2870,2,D,NI,YP,D
14:14:10,PTBA,RG,2870,2,D,NI,YP,D
14:14:10,PTBA,RG,2870,40,D,NI,YP,D
14:14:10,PTBA,RG,2870,8,D,NI,YP,D
14:14:10,PTBA,RG,2870,4,D,PD,YP,D
14:14:10,PTBA,RG,2870,48,D,NI,YP,D
14:14:10,PTBA,RG,2870,10,F,CS,YP,D
14:14:10,PTBA,RG,2870,85,D,LG,YP,D
14:14:05,PTBA,RG,2880,5,D,NI,CC,D
14:14:04,PTBA,RG,2880,90,D,XC,CC,D
14:14:03,PTBA,RG,2870,1,D,LG,CP,D
14:14:00,PTBA,RG,2870,14,D,LG,CC,D
14:14:00,PTBA,RG,2870,2,D,SQ,CC,D
14:14:00,PTBA,RG,2870,65,D,YU,CC,D
14:14:00,PTBA,RG,2870,2,D,PD,CC,D
14:13:58,PTBA,RG,2870,1,D,PD,CP,D
14:13:52,PTBA,RG,2870,7,D,PD,CC,D
14:13:52,PTBA,RG,2870,1,D,NI,CC,D
14:13:41,PTBA,RG,2870,4,D,NI,XC,D
14:13:41,PTBA,RG,2870,2,D,PD,XC,D
14:13:18,PTBA,RG,2870,10,D,PD,PD,D
14:12:39,PTBA,RG,2870,75,D,PD,PD,D
14:12:37,PTBA,RG,2870,13,D,PD,YP,D
14:12:37,PTBA,RG,2870,37,D,NI,YP,D
14:12:36,PTBA,RG,2880,10,D,DR,CC,D
14:12:26,PTBA,RG,2870,3,D,NI,PD,D
14:12:18,PTBA,RG,2870,1,D,NI,XC,D
14:11:22,PTBA,RG,2870,6,D,NI,YP,D
14:11:05,PTBA,RG,2870,1,F,BK,PD,D
14:11:04,PTBA,RG,2870,12,F,BK,PD,D
14:11:04,PTBA,RG,2870,4,D,XC,PD,D
14:11:04,PTBA,RG,2870,10,D,PD,PD,D
14:11:04,PTBA,RG,2870,9,F,BK,PD,D
14:10:45,PTBA,RG,2870,49,F,BK,AK,F
14:10:40,PTBA,RG,2880,12,D,NI,CC,D
14:10:07,PTBA,RG,2880,1326,D,OD,CC,D
14:10:03,PTBA,RG,2870,2,F,BK,PD,D
14:09:44,PTBA,RG,2870,10,F,BK,YP,D
14:09:39,PTBA,RG,2870,131,F,BK,YP,D
14:09:39,PTBA,RG,2870,5,D,NI,YP,D
14:09:39,PTBA,RG,2870,14,F,BK,YP,D
14:09:22,PTBA,RG,2870,6,F,BK,HP,D
14:09:09,PTBA,RG,2870,407,F,BK,HP,D
14:09:09,PTBA,RG,2870,162,F,ZP,HP,D
14:09:09,PTBA,RG,2870,100,D,PD,HP,D
14:09:09,PTBA,RG,2870,46,D,YU,HP,D
14:09:09,PTBA,RG,2870,2,D,YP,HP,D
14:09:09,PTBA,RG,2870,22,F,ZP,HP,D
14:09:09,PTBA,RG,2870,2,F,ZP,HP,D
14:09:09,PTBA,RG,2870,809,F,RX,HP,D
14:08:16,PTBA,RG,2870,1,F,RX,XC,D
14:08:07,PTBA,RG,2870,1,F,RX,XC,D
14:08:05,PTBA,RG,2870,5,F,RX,PD,D
14:07:59,PTBA,RG,2880,10,D,DR,CC,D
14:07:49,PTBA,RG,2870,10,F,RX,CC,D
14:07:46,PTBA,RG,2870,3,F,RX,XC,D
14:07:45,PTBA,RG,2870,78,F,RX,AK,F
14:07:45,PTBA,RG,2880,10,D,DR,CC,D
14:07:40,PTBA,RG,2870,2,F,RX,CC,D
14:07:39,PTBA,RG,2870,1,F,RX,PD,D
14:07:28,PTBA,RG,2870,20,F,RX,YP,D
14:07:14,PTBA,RG,2870,1,F,RX,XC,D
14:06:52,PTBA,RG,2870,10,F,RX,YP,D
14:06:40,PTBA,RG,2880,6,D,HP,CC,D
14:06:33,PTBA,RG,2880,500,D,DR,CC,D
14:06:24,PTBA,RG,2880,500,D,DR,CC,D
14:06:15,PTBA,RG,2870,46,F,RX,AK,F
14:06:05,PTBA,RG,2870,1,F,RX,NI,D
14:05:42,PTBA,RG,2870,1,F,RX,YP,D
14:05:39,PTBA,RG,2870,10,F,RX,CC,D
14:05:35,PTBA,RG,2870,1,F,RX,YP,D
14:05:27,PTBA,RG,2870,40,F,RX,YP,D
14:05:00,PTBA,RG,2870,10,F,RX,HP,D
14:04:51,PTBA,RG,2870,600,F,RX,CC,D
14:04:48,PTBA,RG,2870,61,F,RX,YP,D
14:04:44,PTBA,RG,2870,1,F,RX,YP,D
14:04:33,PTBA,RG,2880,2,D,PD,CC,D
14:04:32,PTBA,RG,2870,5,F,RX,YP,D
14:04:27,PTBA,RG,2870,6,F,RX,YP,D
14:04:16,PTBA,RG,2870,2,F,RX,YP,D
14:04:08,PTBA,RG,2870,32,F,RX,YP,D
14:03:49,PTBA,RG,2870,1,F,RX,XC,D
14:03:13,PTBA,RG,2880,1,D,PD,CC,D
14:03:00,PTBA,RG,2880,99,D,YU,CC,D
14:02:45,PTBA,RG,2870,1,F,RX,GR,D
14:02:36,PTBA,RG,2880,3,D,PD,CC,D
14:02:23,PTBA,RG,2870,250,F,RX,PD,D
14:02:13,PTBA,RG,2870,1,F,RX,LG,D
14:02:12,PTBA,RG,2880,10,D,YP,CC,D
14:02:02,PTBA,RG,2870,1,F,RX,YP,D
14:02:00,PTBA,RG,2880,4,D,HP,CC,D
14:01:49,PTBA,RG,2880,1,D,HP,CC,D
14:01:48,PTBA,RG,2880,1,D,PD,CC,D
14:01:25,PTBA,RG,2880,2,D,HP,CC,D
14:01:22,PTBA,RG,2870,5,F,RX,KK,D
14:01:20,PTBA,RG,2870,1,F,RX,YP,D
14:01:07,PTBA,RG,2870,1,F,RX,YP,D
14:01:00,PTBA,RG,2870,480,F,RX,CC,D
13:59:51,PTBA,RG,2880,7,D,XC,CC,D
13:59:45,PTBA,RG,2870,3,F,RX,NI,D
13:59:32,PTBA,RG,2880,1,D,YP,CC,D
13:59:22,PTBA,RG,2880,1,D,YB,CC,D
13:59:12,PTBA,RG,2880,10,D,YP,CC,D
13:58:58,PTBA,RG,2880,17,D,XC,CC,D
13:58:27,PTBA,RG,2870,117,F,RX,PD,D
13:58:24,PTBA,RG,2880,202,F,ZP,CC,D
13:58:11,PTBA,RG,2880,8,D,PD,CC,D
13:57:47,PTBA,RG,2880,97,D,XC,CC,D
13:57:44,PTBA,RG,2870,2,F,RX,XC,D
13:57:23,PTBA,RG,2870,7,F,RX,XC,D
13:57:16,PTBA,RG,2870,373,F,RX,AG,D
13:57:16,PTBA,RG,2870,3,D,YP,AG,D
13:57:16,PTBA,RG,2870,24,F,ZP,AG,D
13:57:16,PTBA,RG,2870,46,F,BK,AG,D
13:57:16,PTBA,RG,2870,4,F,BK,AG,D
13:57:15,PTBA,RG,2870,100,F,BK,YP,D
13:57:09,PTBA,RG,2870,30,F,BK,PD,D
13:57:05,PTBA,RG,2870,9,F,BK,YP,D
13:57:02,PTBA,RG,2870,10,F,BK,AZ,D
13:56:07,PTBA,RG,2870,25,F,BK,KK,D
13:56:04,PTBA,RG,2870,2,F,BK,YP,D
13:55:58,PTBA,RG,2870,6,F,BK,XC,D
13:55:57,PTBA,RG,2870,20,F,BK,XC,D
13:55:52,PTBA,RG,2870,25,F,BK,CP,D
13:55:46,PTBA,RG,2870,32,F,BK,XC,D
13:55:46,PTBA,RG,2870,20,F,AK,XC,D
13:55:40,PTBA,RG,2870,28,F,AK,XC,D
13:55:29,PTBA,RG,2870,2,F,AK,LG,D
13:55:09,PTBA,RG,2870,25,F,AK,PD,D
13:54:56,PTBA,RG,2870,1,F,AK,XC,D
13:54:55,PTBA,RG,2870,24,F,AK,PD,D
13:54:40,PTBA,RG,2870,10,F,AK,KK,D
13:54:36,PTBA,RG,2870,35,F,AK,AG,D
13:54:36,PTBA,RG,2870,5,F,CS,AG,D
13:54:29,PTBA,RG,2870,20,D,AT,AK,F
13:54:29,PTBA,RG,2870,9,F,CS,AK,F
13:54:29,PTBA,RG,2870,6,D,XC,AK,F
13:54:29,PTBA,RG,2870,5,D,CC,AK,F
13:54:29,PTBA,RG,2870,18,D,DR,AK,F
13:54:29,PTBA,RG,2870,2,D,DR,AK,F
13:54:29,PTBA,RG,2870,1,D,XL,AK,F
13:54:29,PTBA,RG,2870,5,D,KK,AK,F
13:54:29,PTBA,RG,2870,5,D,DR,AK,F
13:54:29,PTBA,RG,2870,45,D,YU,AK,F
13:54:29,PTBA,RG,2870,71,F,ZP,AK,F
13:54:29,PTBA,RG,2870,1,D,PD,AK,F
13:54:29,PTBA,RG,2870,1,D,XC,AK,F
13:54:29,PTBA,RG,2870,4,D,LG,AK,F
13:54:29,PTBA,RG,2870,358,F,BK,AK,F
13:54:29,PTBA,RG,2870,200,D,YP,AK,F
13:54:29,PTBA,RG,2870,5,D,PD,AK,F
13:54:29,PTBA,RG,2870,7,D,LG,AK,F
13:54:29,PTBA,RG,2870,1,D,PD,AK,F
13:54:29,PTBA,RG,2870,8,F,CS,AK,F
13:54:29,PTBA,RG,2870,10,D,XC,AK,F
13:54:29,PTBA,RG,2870,27,D,YU,AK,F
13:54:29,PTBA,RG,2870,24,D,YU,GR,D
13:54:29,PTBA,RG,2870,22,D,DH,GR,D
13:54:29,PTBA,RG,2870,1,D,XL,GR,D
13:54:29,PTBA,RG,2870,5,D,SQ,GR,D
13:54:29,PTBA,RG,2870,50,D,DR,GR,D
13:54:29,PTBA,RG,2870,10,D,PD,GR,D
13:54:29,PTBA,RG,2870,72,F,ZP,GR,D
13:54:29,PTBA,RG,2870,30,D,YP,GR,D
13:54:29,PTBA,RG,2870,10,D,NI,GR,D
13:54:29,PTBA,RG,2870,5,D,PD,GR,D
13:54:29,PTBA,RG,2870,30,D,LG,GR,D
13:54:29,PTBA,RG,2870,5,D,YP,GR,D
13:54:29,PTBA,RG,2870,766,F,BK,GR,D
13:54:29,PTBA,RG,2870,2,D,NI,GR,D
13:54:29,PTBA,RG,2870,1,D,PD,GR,D
13:54:29,PTBA,RG,2870,8,F,CS,GR,D
13:54:29,PTBA,RG,2870,5,D,XC,GR,D
13:54:29,PTBA,RG,2870,100,D,HP,GR,D
13:54:29,PTBA,RG,2870,2,D,PD,GR,D
13:54:29,PTBA,RG,2870,1,F,ZP,GR,D
13:54:29,PTBA,RG,2870,5,D,PD,GR,D
13:54:29,PTBA,RG,2870,2,F,CS,GR,D
13:54:29,PTBA,RG,2870,193,F,RX,GR,D
13:54:29,PTBA,RG,2870,110,F,AK,GR,D
13:54:29,PTBA,RG,2870,5,F,CS,GR,D
13:54:29,PTBA,RG,2870,200,D,EP,GR,D
13:54:29,PTBA,RG,2870,200,D,EP,GR,D
13:54:29,PTBA,RG,2870,200,D,EP,GR,D
13:54:29,PTBA,RG,2870,200,D,EP,GR,D
13:54:29,PTBA,RG,2870,200,D,EP,GR,D
13:54:29,PTBA,RG,2870,200,D,EP,GR,D
13:54:29,PTBA,RG,2870,200,D,EP,GR,D
13:54:29,PTBA,RG,2870,200,D,EP,GR,D
13:54:29,PTBA,RG,2870,200,D,EP,GR,D
13:54:29,PTBA,RG,2870,200,D,EP,GR,D
13:54:29,PTBA,RG,2870,61,D,YU,GR,D
13:54:29,PTBA,RG,2870,1,F,ZP,GR,D
13:54:29,PTBA,RG,2870,25,D,YP,GR,D
13:54:29,PTBA,RG,2870,449,D,MU,GR,D
13:54:18,PTBA,RG,2870,5,D,MU,KK,D
13:54:12,PTBA,RG,2880,10,D,YP,CC,D
13:54:06,PTBA,RG,2870,35,D,MU,XL,D
13:54:04,PTBA,RG,2870,40,D,MU,PD,D
13:53:43,PTBA,RG,2870,50,D,MU,YU,D
13:53:24,PTBA,RG,2870,10,D,MU,PD,D
13:52:38,PTBA,RG,2880,18,F,RX,CC,D
13:52:36,PTBA,RG,2880,122,F,BK,CC,D
13:52:31,PTBA,RG,2870,7,D,MU,PD,D
13:51:57,PTBA,RG,2870,12,D,MU,SQ,D
13:51:40,PTBA,RG,2880,20,D,XA,CC,D
13:51:28,PTBA,RG,2880,4,D,PD,CC,D
13:51:14,PTBA,RG,2880,92,F,BK,CC,D
13:50:41,PTBA,RG,2870,15,D,MU,SQ,D
13:50:38,PTBA,RG,2880,1,D,PD,CC,D
13:50:37,PTBA,RG,2870,10,D,MU,YP,D
13:50:36,PTBA,RG,2870,1,D,MU,XC,D
13:50:33,PTBA,RG,2870,16,D,MU,OD,D
13:50:33,PTBA,RG,2870,34,D,YP,OD,D
13:50:25,PTBA,RG,2870,30,D,YP,PD,D
13:50:06,PTBA,RG,2870,10,D,YP,YP,D
13:50:01,PTBA,RG,2870,3,D,YP,KK,D
13:49:46,PTBA,RG,2870,10,D,YP,YP,D
13:49:11,PTBA,RG,2870,10,D,YP,XC,D
13:48:54,PTBA,RG,2870,23,D,YP,PD,D
13:48:45,PTBA,RG,2870,80,D,YP,PD,D
13:48:45,PTBA,RG,2870,18,F,ZP,PD,D
13:48:45,PTBA,RG,2870,3,F,CS,PD,D
13:48:45,PTBA,RG,2870,3,F,BK,PD,D
13:48:40,PTBA,RG,2870,23,F,BK,XC,D
13:48:40,PTBA,RG,2870,19,D,PD,XC,D
13:48:19,PTBA,RG,2870,10,D,PD,XC,D
13:48:03,PTBA,RG,2870,10,D,PD,XL,D
13:47:54,PTBA,RG,2870,10,D,PD,OD,D
13:46:33,PTBA,RG,2880,5,F,AK,CC,D
13:46:31,PTBA,RG,2870,13,D,PD,CC,D
13:46:19,PTBA,RG,2880,1,D,XL,CC,D
13:46:05,PTBA,RG,2880,9,F,RX,CC,D
13:46:05,PTBA,RG,2880,17,F,RX,PD,D
13:46:05,PTBA,RG,2880,54,F,RX,AK,F
13:46:05,PTBA,RG,2870,5,D,PD,DH,D
13:46:03,PTBA,RG,2880,2,F,AK,AK,F
13:46:03,PTBA,RG,2880,53,F,AK,PD,D
13:46:02,PTBA,RG,2880,47,D,YP,PD,D
13:46:02,PTBA,RG,2880,200,D,YP,CC,D
13:46:02,PTBA,RG,2880,100,D,YP,LG,D
13:46:02,PTBA,RG,2880,10,D,YP,IF,D
13:46:02,PTBA,RG,2880,2,D,YP,YP,D
13:46:02,PTBA,RG,2880,5,D,YP,YP,D
13:46:02,PTBA,RG,2880,1,D,YP,YP,D
13:46:02,PTBA,RG,2880,5,D,YP,YP,D
13:46:02,PTBA,RG,2880,173,D,YP,YP,D
13:46:02,PTBA,RG,2880,2,D,YP,YP,D
13:46:02,PTBA,RG,2880,24,D,YP,YP,D
13:46:02,PTBA,RG,2880,85,D,YP,YP,D
13:46:02,PTBA,RG,2880,1,D,YP,NI,D
13:46:02,PTBA,RG,2880,5,D,YP,NI,D
13:46:02,PTBA,RG,2880,10,D,YP,YP,D
13:46:02,PTBA,RG,2880,34,D,YP,YP,D
13:46:02,PTBA,RG,2880,219,D,YP,CC,D
13:46:02,PTBA,RG,2880,25,D,YP,XC,D
13:46:02,PTBA,RG,2880,2,D,YP,XC,D
13:46:02,PTBA,RG,2880,35,D,YP,XC,D
13:46:02,PTBA,RG,2880,15,D,YP,XC,D
13:45:48,PTBA,RG,2870,13,D,PD,YB,D
13:45:41,PTBA,RG,2870,36,D,PD,XL,D
13:45:41,PTBA,RG,2880,35,F,RX,XC,D
13:45:41,PTBA,RG,2880,5,F,RX,XL,D
13:45:41,PTBA,RG,2880,1,F,RX,KK,D
13:45:41,PTBA,RG,2880,2,F,RX,PD,D
13:45:41,PTBA,RG,2880,1,F,RX,PD,D
13:45:41,PTBA,RG,2880,31,F,RX,PD,D
13:45:37,PTBA,RG,2880,77,D,YP,PD,D
13:45:37,PTBA,RG,2880,1,D,YP,PD,D
13:45:37,PTBA,RG,2880,3,D,YP,PD,D
13:45:37,PTBA,RG,2880,2,D,YP,XC,D
13:45:37,PTBA,RG,2880,50,D,YP,XC,D
13:45:37,PTBA,RG,2880,267,D,YP,AK,F
13:45:37,PTBA,RG,2880,2,D,YP,XC,D
13:45:37,PTBA,RG,2880,2,D,YP,XC,D
13:45:37,PTBA,RG,2880,40,D,YP,CC,D
13:45:37,PTBA,RG,2880,20,D,YP,XC,D
13:45:37,PTBA,RG,2880,39,D,YP,XC,D
13:45:37,PTBA,RG,2880,2,D,YP,SQ,D
13:45:37,PTBA,RG,2880,5,D,YP,KK,D
13:45:37,PTBA,RG,2880,28,D,YP,KK,D
13:45:37,PTBA,RG,2880,8,D,YP,XC,D
13:45:37,PTBA,RG,2880,11,D,YP,PD,D
13:45:37,PTBA,RG,2880,10,D,YP,CC,D
13:45:37,PTBA,RG,2880,4,D,YP,PD,D
13:45:37,PTBA,RG,2880,30,D,YP,PD,D
13:45:37,PTBA,RG,2880,2,D,YP,PD,D
13:45:37,PTBA,RG,2880,60,D,YP,PD,D
13:45:37,PTBA,RG,2880,30,D,YP,PD,D
13:45:37,PTBA,RG,2880,5,D,YP,PD,D
13:45:37,PTBA,RG,2880,40,D,YP,CC,D
13:45:37,PTBA,RG,2880,39,D,YP,DH,D
13:45:37,PTBA,RG,2880,100,D,YP,DH,D
13:45:37,PTBA,RG,2880,6,D,YP,BQ,D
13:45:37,PTBA,RG,2880,1,D,YP,DH,D
13:45:37,PTBA,RG,2880,2,D,YP,DH,D
13:45:37,PTBA,RG,2880,4,D,YP,RG,D
13:45:37,PTBA,RG,2880,1,D,YP,PD,D
13:45:37,PTBA,RG,2880,6,D,YP,LG,D
13:45:37,PTBA,RG,2880,5,D,YP,KK,D
13:45:37,PTBA,RG,2880,31,D,YP,AT,D
13:45:37,PTBA,RG,2880,20,D,YP,PD,D
13:45:37,PTBA,RG,2880,1,D,YP,EP,D
13:45:37,PTBA,RG,2880,33,D,YP,PD,D
13:45:37,PTBA,RG,2880,13,D,YP,KK,D
13:45:25,PTBA,RG,2870,1,D,PD,KK,D
13:45:24,PTBA,RG,2870,33,D,PD,KK,D
13:45:24,PTBA,RG,2870,1,F,CS,KK,D
13:44:52,PTBA,RG,2870,5,F,RX,NI,D
13:44:50,PTBA,RG,2880,3,D,YP,KK,D
13:44:33,PTBA,RG,2870,1,F,RX,PD,D
13:44:00,PTBA,RG,2870,43,F,RX,AK,F
13:44:00,PTBA,RG,2870,172,F,RX,CC,D
13:44:00,PTBA,RG,2870,1,F,ZP,CC,D
13:44:00,PTBA,RG,2870,1,D,CC,CC,D
13:44:00,PTBA,RG,2870,49,D,YU,CC,D
13:43:57,PTBA,RG,2870,7,D,YU,OD,D
13:43:57,PTBA,RG,2870,13,D,OD,OD,D
13:43:51,PTBA,RG,2870,1,D,OD,NI,D
13:43:05,PTBA,RG,2880,4,F,RX,KK,D
13:43:00,PTBA,RG,2880,120,D,YU,KK,D
13:43:00,PTBA,RG,2880,10,D,YU,GR,D
13:42:47,PTBA,RG,2870,38,D,OD,AF,D
13:42:47,PTBA,RG,2870,5,F,CS,AF,D
13:42:47,PTBA,RG,2870,1,F,CS,AF,D
13:42:47,PTBA,RG,2870,6,F,BK,AF,D
13:42:27,PTBA,RG,2880,15,F,ZP,PD,D
13:42:27,PTBA,RG,2880,29,F,ZP,PD,D
13:42:27,PTBA,RG,2880,5,F,ZP,OD,D
13:42:27,PTBA,RG,2880,23,F,ZP,IF,D
13:42:13,PTBA,RG,2870,21,F,BK,PD,D
13:42:13,PTBA,RG,2870,3,D,XC,PD,D
13:42:13,PTBA,RG,2870,26,D,XL,PD,D
13:42:08,PTBA,RG,2870,2,D,XL,PD,D
13:42:04,PTBA,RG,2870,4,D,XL,PD,D
13:41:50,PTBA,RG,2870,3,D,XL,GR,D
13:41:50,PTBA,RG,2870,3,D,XA,GR,D
13:41:50,PTBA,RG,2870,2,F,CS,GR,D
13:41:50,PTBA,RG,2870,2,D,EP,GR,D
13:41:35,PTBA,RG,2870,10,D,EP,NI,D
13:40:44,PTBA,RG,2870,1,D,EP,YP,D
13:40:43,PTBA,RG,2870,1,D,EP,NI,D
13:40:37,PTBA,RG,2870,66,D,EP,DH,D
13:40:37,PTBA,RG,2870,120,D,EP,DH,D
13:40:37,PTBA,RG,2870,200,D,EP,DH,D
13:40:37,PTBA,RG,2870,14,D,EP,DH,D
13:40:33,PTBA,RG,2880,1,D,YP,IF,D
13:39:48,PTBA,RG,2880,16,D,PD,IF,D
13:39:48,PTBA,RG,2880,4,D,PD,EP,D
13:39:07,PTBA,RG,2880,3,D,PD,EP,D
13:38:52,PTBA,RG,2870,3,D,EP,PD,D
13:38:50,PTBA,RG,2870,10,D,EP,YP,D
13:38:27,PTBA,RG,2880,1,D,YP,EP,D
13:38:16,PTBA,RG,2880,17,D,PD,EP,D
13:37:45,PTBA,RG,2880,10,D,CC,EP,D
13:37:22,PTBA,RG,2880,10,D,YP,EP,D
13:37:10,PTBA,RG,2880,3,D,CC,EP,D
13:37:06,PTBA,RG,2870,73,D,EP,CC,D
13:37:06,PTBA,RG,2870,100,D,EP,CC,D
13:37:06,PTBA,RG,2870,27,D,EP,CC,D
13:36:58,PTBA,RG,2870,1,D,EP,XC,D
13:36:57,PTBA,RG,2870,72,D,EP,OD,D
13:36:57,PTBA,RG,2870,400,D,EP,OD,D
13:36:57,PTBA,RG,2870,250,D,EP,OD,D
13:36:57,PTBA,RG,2870,278,D,EP,OD,D
13:36:56,PTBA,RG,2880,1,D,NI,EP,D
13:36:44,PTBA,RG,2870,100,D,EP,CC,D
13:36:38,PTBA,RG,2870,22,D,EP,LG,D
13:36:38,PTBA,RG,2870,8,D,EP,LG,D
13:36:12,PTBA,RG,2870,242,D,EP,CC,D
13:36:12,PTBA,RG,2870,1,D,BQ,CC,D
13:36:12,PTBA,RG,2870,49,D,YU,CC,D
13:36:12,PTBA,RG,2870,1,F,ZP,CC,D
13:36:12,PTBA,RG,2870,7,F,RX,CC,D
13:36:11,PTBA,RG,2870,2,F,RX,DR,D
13:36:00,PTBA,RG,2880,27,D,PD,EP,D
13:35:56,PTBA,RG,2870,5,F,RX,CC,D
13:35:27,PTBA,RG,2870,5,F,RX,YP,D
13:35:06,PTBA,RG,2870,5,F,RX,PD,D
13:34:54,PTBA,RG,2880,1,D,DR,EP,D
13:34:45,PTBA,RG,2880,18,D,NI,EP,D
13:34:45,PTBA,RG,2880,1,D,NI,NI,D
13:34:45,PTBA,RG,2880,1,D,NI,YP,D
13:34:45,PTBA,RG,2880,26,D,NI,AT,D
13:34:45,PTBA,RG,2880,3,D,NI,CC,D
13:34:37,PTBA,RG,2870,1,F,RX,YP,D
13:34:35,PTBA,RG,2870,1,F,RX,CC,D
13:34:35,PTBA,RG,2870,34,F,RX,CC,D
13:34:35,PTBA,RG,2870,1,D,YP,CC,D
13:34:35,PTBA,RG,2870,2,F,CS,CC,D
13:34:35,PTBA,RG,2870,1,F,ZP,CC,D
13:34:35,PTBA,RG,2870,10,D,YP,CC,D
13:34:35,PTBA,RG,2870,35,D,YP,CC,D
13:34:35,PTBA,RG,2870,5,D,YP,CC,D
13:34:35,PTBA,RG,2870,11,D,YP,CC,D
13:34:15,PTBA,RG,2870,1,D,YP,XC,D
13:34:13,PTBA,RG,2880,36,F,ZP,CC,D
13:34:11,PTBA,RG,2870,2,D,YP,KK,D
13:34:11,PTBA,RG,2870,1,F,ZP,KK,D
13:34:11,PTBA,RG,2870,7,F,RX,KK,D
13:33:23,PTBA,RG,2870,1,F,RX,CC,D
13:33:02,PTBA,RG,2870,1,F,RX,XC,D
13:32:55,PTBA,RG,2880,13,D,PD,CC,D
13:32:55,PTBA,RG,2880,37,D,PD,EP,D
13:31:42,PTBA,RG,2880,2,D,PD,EP,D
13:30:21,PTBA,RG,2870,13,F,RX,YP,D
13:30:21,PTBA,RG,2870,2,D,NI,YP,D
13:30:21,PTBA,RG,2870,20,D,CC,YP,D
13:30:20,PTBA,RG,2880,12,D,YP,EP,D
13:30:20,PTBA,RG,2880,10,D,YP,EP,D
13:30:17,PTBA,RG,2880,1,D,YP,EP,D
13:30:15,PTBA,RG,2870,1,D,XC,CC,D
13:30:15,PTBA,RG,2870,1,D,XL,CC,D
13:30:15,PTBA,RG,2870,1,D,PD,CC,D
13:30:15,PTBA,RG,2870,299,D,PD,CC,D
13:30:11,PTBA,RG,2870,51,D,PD,AT,D
13:30:11,PTBA,RG,2870,1,D,XL,AT,D
13:30:11,PTBA,RG,2870,5,D,PD,AT,D
13:30:11,PTBA,RG,2870,20,D,SQ,AT,D
13:30:11,PTBA,RG,2870,4,D,CC,AT,D
13:30:11,PTBA,RG,2870,1,D,PD,AT,D
13:30:11,PTBA,RG,2870,177,D,HP,AT,D
13:30:11,PTBA,RG,2880,1,D,XC,EP,D
13:30:10,PTBA,RG,2880,1,D,XC,EP,D
13:30:10,PTBA,RG,2880,10,D,CC,EP,D
13:30:10,PTBA,RG,2880,43,D,XC,EP,D
13:30:08,PTBA,RG,2870,12,D,HP,PD,D
13:30:08,PTBA,RG,2880,1,D,PD,EP,D
13:30:08,PTBA,RG,2880,10,D,XC,EP,D
13:30:07,PTBA,RG,2880,2,D,XC,EP,D
13:30:07,PTBA,RG,2880,1,D,XL,EP,D
13:30:06,PTBA,RG,2880,15,D,XC,EP,D
13:30:06,PTBA,RG,2880,1,D,PD,EP,D
13:30:06,PTBA,RG,2870,2,D,HP,PD,D
13:30:05,PTBA,RG,2880,10,D,PD,EP,D
13:30:05,PTBA,RG,2870,9,D,HP,PD,D
13:30:05,PTBA,RG,2870,1,D,CC,PD,D
13:30:05,PTBA,RG,2880,4,D,PD,EP,D
13:30:05,PTBA,RG,2880,1,D,CC,EP,D
13:30:04,PTBA,RG,2880,222,D,BQ,EP,D
13:30:04,PTBA,RG,2870,5,D,BQ,PD,D
13:30:04,PTBA,RG,2870,33,D,BQ,PD,D
13:30:04,PTBA,RG,2870,10,D,BQ,PD,D
13:30:04,PTBA,RG,2870,10,D,BQ,LG,D
13:30:04,PTBA,RG,2870,13,D,YB,LG,D
13:30:04,PTBA,RG,2870,30,D,YB,IF,D
13:30:04,PTBA,RG,2870,357,D,YB,LG,D
13:30:04,PTBA,RG,2870,3,D,PD,LG,D
13:30:03,PTBA,RG,2870,1,D,PD,LG,D
13:30:03,PTBA,RG,2870,20,F,SQ,LG,D
13:30:03,PTBA,RG,2870,10,D,PD,LG,D
13:30:03,PTBA,RG,2870,1,D,KK,LG,D
13:30:03,PTBA,RG,2870,1,D,LG,LG,D
13:30:03,PTBA,RG,2870,1,D,LG,LG,D
13:30:03,PTBA,RG,2870,44,D,YU,LG,D
13:30:03,PTBA,RG,2870,50,D,PD,LG,D
13:30:03,PTBA,RG,2870,1,D,GR,LG,D
13:30:03,PTBA,RG,2870,1,D,OD,LG,D
13:30:03,PTBA,RG,2870,1,D,OD,LG,D
13:30:03,PTBA,RG,2870,2,D,OD,LG,D
13:30:03,PTBA,RG,2870,2,D,OD,LG,D
13:30:03,PTBA,RG,2870,3,D,PD,LG,D
13:30:02,PTBA,RG,2870,20,D,DH,LG,D
13:30:02,PTBA,RG,2870,4,D,EP,LG,D
13:30:02,PTBA,RG,2870,2,D,OD,LG,D
13:30:02,PTBA,RG,2870,4,D,LG,LG,D
13:30:01,PTBA,RG,2870,9,D,LG,LG,D
13:30:01,PTBA,RG,2870,2,D,YU,LG,D
13:30:01,PTBA,RG,2870,1,D,AT,LG,D
13:30:01,PTBA,RG,2870,100,D,LG,LG,D
13:30:01,PTBA,RG,2870,4,D,EP,LG,D
13:30:01,PTBA,RG,2870,5,D,TF,LG,D
13:30:01,PTBA,RG,2870,2,D,AT,LG,D
13:30:01,PTBA,RG,2870,2,F,ZP,LG,D
13:30:01,PTBA,RG,2870,2,F,ZP,LG,D
13:30:01,PTBA,RG,2870,32,F,ZP,LG,D
13:30:01,PTBA,RG,2870,175,F,BK,LG,D
13:30:01,PTBA,RG,2870,5,D,XC,LG,D
13:30:01,PTBA,RG,2870,2,D,CC,LG,D
13:30:01,PTBA,RG,2870,4,D,XC,LG,D
13:30:01,PTBA,RG,2870,1,D,PD,LG,D
13:30:01,PTBA,RG,2870,50,D,YP,LG,D
13:30:01,PTBA,RG,2870,12,F,BK,LG,D
13:30:01,PTBA,RG,2870,250,D,HP,LG,D
13:30:01,PTBA,RG,2870,200,D,HP,LG,D
13:30:01,PTBA,RG,2870,10,D,YP,LG,D
13:30:01,PTBA,RG,2870,150,D,KK,LG,D
13:30:01,PTBA,RG,2870,3,D,PD,LG,D
13:30:01,PTBA,RG,2870,1,D,YP,LG,D
13:30:01,PTBA,RG,2870,50,D,PD,LG,D
13:30:01,PTBA,RG,2870,10,D,PD,LG,D
13:30:01,PTBA,RG,2870,1,D,NI,LG,D
13:30:01,PTBA,RG,2870,1,D,PD,LG,D
13:30:01,PTBA,RG,2870,1,D,YP,LG,D
13:30:01,PTBA,RG,2870,1,D,XC,LG,D
13:30:01,PTBA,RG,2870,30,D,CC,LG,D
13:30:01,PTBA,RG,2870,20,D,YP,LG,D
13:30:01,PTBA,RG,2870,1,D,PD,LG,D
13:30:01,PTBA,RG,2870,1,D,PD,LG,D
13:30:01,PTBA,RG,2870,1,D,XC,LG,D
13:30:01,PTBA,RG,2870,2,D,YU,LG,D
13:30:01,PTBA,RG,2870,100,D,KK,LG,D
13:30:01,PTBA,RG,2870,35,D,YP,LG,D
13:30:01,PTBA,RG,2870,25,F,BK,LG,D
13:30:01,PTBA,RG,2870,500,D,HP,LG,D
13:30:01,PTBA,RG,2870,3,D,XC,LG,D
13:30:01,PTBA,RG,2870,5,D,SQ,LG,D
13:30:01,PTBA,RG,2870,4,D,XC,LG,D
13:30:01,PTBA,RG,2870,47,D,YU,LG,D
13:30:01,PTBA,RG,2870,2,D,CC,LG,D
13:30:01,PTBA,RG,2870,2,F,BK,LG,D
13:30:01,PTBA,RG,2870,1,D,YP,LG,D
13:30:01,PTBA,RG,2870,171,F,BK,LG,D
13:30:01,PTBA,RG,2870,49,D,YU,LG,D
13:30:01,PTBA,RG,2870,18,D,XC,LG,D
13:30:01,PTBA,RG,2870,10,D,PD,LG,D
13:30:01,PTBA,RG,2870,178,F,BK,LG,D
13:30:01,PTBA,RG,2870,402,F,RX,LG,D
13:30:01,PTBA,RG,2870,5,D,YP,LG,D
13:30:01,PTBA,RG,2870,100,D,KK,LG,D
13:30:01,PTBA,RG,2870,8,D,KK,LG,D
13:30:01,PTBA,RG,2870,4,D,YP,LG,D
13:30:01,PTBA,RG,2870,2,D,KK,LG,D
13:30:01,PTBA,RG,2870,52,D,YB,LG,D
13:30:01,PTBA,RG,2870,5,D,YP,LG,D
13:30:01,PTBA,RG,2870,36,D,XC,LG,D
13:30:01,PTBA,RG,2870,91,F,BK,LG,D
13:30:01,PTBA,RG,2870,10,D,YP,LG,D
13:30:01,PTBA,RG,2870,4,D,XL,LG,D
13:30:01,PTBA,RG,2870,25,D,DH,LG,D
13:30:01,PTBA,RG,2870,25,D,KK,LG,D
13:30:01,PTBA,RG,2870,175,D,KK,LG,D
13:30:01,PTBA,RG,2870,3,D,CC,LG,D
13:30:01,PTBA,RG,2870,10,D,PD,LG,D
13:30:01,PTBA,RG,2870,1000,D,RF,LG,D
13:30:01,PTBA,RG,2870,105,D,OD,LG,D
13:30:01,PTBA,RG,2870,4,F,ZP,LG,D
13:30:01,PTBA,RG,2870,50,D,NI,LG,D
13:30:01,PTBA,RG,2870,10,D,CP,LG,D
13:30:01,PTBA,RG,2870,100,D,DH,LG,D
13:30:01,PTBA,RG,2870,200,D,CC,LG,D
13:30:01,PTBA,RG,2870,3,D,YP,LG,D
13:30:01,PTBA,RG,2870,600,D,YB,LG,D
13:30:01,PTBA,RG,2870,50,D,PD,LG,D
13:30:01,PTBA,RG,2870,10,D,DR,LG,D
13:30:01,PTBA,RG,2870,35,D,YP,LG,D
13:30:01,PTBA,RG,2870,40,D,CC,LG,D
13:30:01,PTBA,RG,2870,17,D,YP,LG,D
13:30:01,PTBA,RG,2880,1,D,HP,EP,D
13:30:01,PTBA,RG,2880,5,D,TF,EP,D
11:29:52,PTBA,RG,2880,1,F,ZP,EP,D
11:29:52,PTBA,RG,2880,1,F,ZP,EP,D
11:29:45,PTBA,RG,2880,24,F,BK,EP,D
11:29:41,PTBA,RG,2880,1,F,ZP,EP,D
11:29:36,PTBA,RG,2880,26,F,BK,EP,D
11:29:29,PTBA,RG,2880,10,F,ZP,EP,D
11:29:25,PTBA,RG,2880,50,D,YU,EP,D
11:29:12,PTBA,RG,2880,100,D,YU,EP,D
11:29:08,PTBA,RG,2870,33,D,YP,AK,F
11:29:08,PTBA,RG,2870,22,D,RF,AK,F
11:28:50,PTBA,RG,2880,1,D,KK,EP,D
11:28:50,PTBA,RG,2880,2,D,CC,EP,D
11:28:50,PTBA,RG,2880,22,F,RX,EP,D
11:28:50,PTBA,RG,2880,4,F,CS,EP,D
11:28:50,PTBA,RG,2880,200,D,SQ,EP,D
11:28:50,PTBA,RG,2880,1,D,XC,EP,D
11:28:50,PTBA,RG,2880,38,D,YU,EP,D
11:28:50,PTBA,RG,2880,1,F,ZP,EP,D
11:28:50,PTBA,RG,2880,12,D,YP,EP,D
11:28:50,PTBA,RG,2880,2,F,ZP,EP,D
11:28:50,PTBA,RG,2880,32,F,BK,EP,D
11:28:50,PTBA,RG,2880,3,F,CS,EP,D
11:28:50,PTBA,RG,2880,27,F,RX,EP,D
11:28:50,PTBA,RG,2880,52,F,BK,EP,D
11:28:49,PTBA,RG,2890,28,F,BK,KK,D
11:28:23,PTBA,RG,2880,5,F,BK,CC,D
11:28:17,PTBA,RG,2880,10,F,BK,XC,D
11:28:08,PTBA,RG,2880,30,F,BK,NI,D
11:28:08,PTBA,RG,2880,27,F,BK,AK,F
11:27:36,PTBA,RG,2880,35,F,BK,EP,D
11:27:36,PTBA,RG,2880,54,D,EP,EP,D
11:27:36,PTBA,RG,2880,11,F,ZP,EP,D
11:27:36,PTBA,RG,2880,2,D,XL,EP,D
11:27:36,PTBA,RG,2880,7,F,CS,EP,D
11:27:36,PTBA,RG,2880,2,D,CC,EP,D
11:27:36,PTBA,RG,2880,5,D,PD,EP,D
11:27:36,PTBA,RG,2880,10,F,RX,EP,D
11:27:36,PTBA,RG,2880,12,F,BK,EP,D
11:27:36,PTBA,RG,2880,25,D,XC,EP,D
11:27:36,PTBA,RG,2880,6,F,RX,EP,D
11:27:36,PTBA,RG,2880,5,F,ZP,EP,D
11:27:36,PTBA,RG,2880,26,F,BK,EP,D
11:27:31,PTBA,RG,2880,24,F,BK,YP,D
11:27:31,PTBA,RG,2880,11,F,RX,YP,D
11:27:31,PTBA,RG,2880,6,F,BK,YP,D
11:27:20,PTBA,RG,2880,34,F,BK,XA,D
11:27:20,PTBA,RG,2880,1,F,ZP,XA,D
11:27:20,PTBA,RG,2880,3,F,ZP,XA,D
11:27:20,PTBA,RG,2880,62,D,AI,XA,D
11:27:19,PTBA,RG,2890,28,F,BK,KK,D
11:27:14,PTBA,RG,2890,10,D,YP,KK,D
11:27:01,PTBA,RG,2890,25,F,BK,KK,D
11:26:59,PTBA,RG,2890,1,D,PD,KK,D
11:26:53,PTBA,RG,2880,46,D,AI,AK,F
11:26:44,PTBA,RG,2890,27,F,BK,KK,D
11:26:30,PTBA,RG,2890,25,D,PD,KK,D
11:26:15,PTBA,RG,2880,1,D,AI,NI,D
11:26:10,PTBA,RG,2890,3,F,ZP,KK,D
11:26:08,PTBA,RG,2880,147,D,AI,PD,D
11:26:08,PTBA,RG,2880,1,D,AI,XC,D
11:25:59,PTBA,RG,2880,9,D,AI,PD,D
11:25:39,PTBA,RG,2880,10,D,AI,PD,D
11:25:07,PTBA,RG,2880,10,D,AI,YP,D
11:24:52,PTBA,RG,2890,1,D,XL,KK,D
11:24:48,PTBA,RG,2880,1,D,AI,XC,D
11:24:41,PTBA,RG,2880,3,D,AI,PD,D
11:24:37,PTBA,RG,2890,2,F,ZP,KK,D
11:23:56,PTBA,RG,2880,89,D,AI,XC,D
11:23:06,PTBA,RG,2890,7,F,ZP,KK,D
11:23:00,PTBA,RG,2890,96,D,YU,KK,D
11:22:45,PTBA,RG,2890,12,D,PD,KK,D
11:22:38,PTBA,RG,2880,20,D,AI,CC,D
11:22:28,PTBA,RG,2880,1,D,AI,IF,D
11:22:22,PTBA,RG,2880,100,D,AI,YP,D
11:22:10,PTBA,RG,2880,1,D,NI,YP,D
11:22:07,PTBA,RG,2880,49,D,PD,YP,D
11:22:07,PTBA,RG,2880,5,D,PD,CC,D
11:22:07,PTBA,RG,2880,25,D,PD,GR,D
11:22:06,PTBA,RG,2880,3,D,XL,GR,D
11:21:47,PTBA,RG,2880,1,F,CS,GR,D
11:21:47,PTBA,RG,2880,1,F,CS,GR,D
11:21:47,PTBA,RG,2880,1,F,CS,GR,D
11:21:47,PTBA,RG,2880,5,F,ZP,GR,D
11:21:47,PTBA,RG,2880,1,F,CS,GR,D
11:21:47,PTBA,RG,2880,5,F,CS,GR,D
11:21:46,PTBA,RG,2880,1,F,CS,GR,D
11:21:46,PTBA,RG,2880,5,F,CS,GR,D
11:21:46,PTBA,RG,2880,2,F,CS,GR,D
11:21:46,PTBA,RG,2880,5,D,CC,GR,D
11:21:46,PTBA,RG,2880,4,F,CS,GR,D
11:21:46,PTBA,RG,2880,2,F,CS,GR,D
11:21:46,PTBA,RG,2880,1,D,XC,GR,D
11:21:46,PTBA,RG,2880,6,D,XC,GR,D
11:21:46,PTBA,RG,2880,10,D,CC,GR,D
11:21:46,PTBA,RG,2880,5,F,ZP,GR,D
11:21:46,PTBA,RG,2880,90,F,BK,GR,D
11:21:46,PTBA,RG,2880,17,F,ZP,GR,D
11:21:46,PTBA,RG,2880,210,F,BK,GR,D
11:21:33,PTBA,RG,2890,43,F,ZP,KK,D
11:21:24,PTBA,RG,2880,341,F,BK,PD,D
11:21:24,PTBA,RG,2880,293,F,RX,PD,D
11:21:24,PTBA,RG,2880,5,F,CS,PD,D
11:21:24,PTBA,RG,2880,6,F,AK,PD,D
11:21:18,PTBA,RG,2880,72,F,AK,GR,D
11:21:18,PTBA,RG,2880,1,F,ZP,GR,D
11:21:18,PTBA,RG,2880,27,F,RX,GR,D
11:21:16,PTBA,RG,2890,36,F,RX,KK,D
11:21:14,PTBA,RG,2890,54,F,BK,KK,D
11:20:55,PTBA,RG,2880,2,F,RX,DR,D
11:20:40,PTBA,RG,2880,500,F,RX,HP,D
11:20:38,PTBA,RG,2880,3,F,RX,XC,D
11:20:37,PTBA,RG,2890,4,F,RX,KK,D
11:20:36,PTBA,RG,2890,62,F,RX,KK,D
11:20:33,PTBA,RG,2890,76,F,BK,KK,D
11:20:02,PTBA,RG,2880,100,F,RX,YP,D
11:19:59,PTBA,RG,2880,24,F,RX,AK,F
11:19:59,PTBA,RG,2880,30,F,RX,AK,F
11:19:59,PTBA,RG,2880,15,F,RX,KK,D
11:19:59,PTBA,RG,2880,5,F,RX,LG,D
11:19:59,PTBA,RG,2880,50,F,RX,PD,D
11:19:59,PTBA,RG,2880,5,F,RX,YP,D
11:19:59,PTBA,RG,2880,114,F,RX,CC,D
11:19:59,PTBA,RG,2880,200,F,RX,CC,D
11:19:59,PTBA,RG,2880,5,F,RX,CC,D
11:19:59,PTBA,RG,2880,24,F,RX,CC,D
11:19:59,PTBA,RG,2880,80,F,RX,PD,D
11:19:59,PTBA,RG,2880,10,F,RX,CC,D
11:19:59,PTBA,RG,2880,1,F,RX,PD,D
11:19:59,PTBA,RG,2880,3,F,RX,NI,D
11:19:59,PTBA,RG,2880,50,F,RX,CC,D
11:19:59,PTBA,RG,2880,6,F,RX,XC,D
11:19:59,PTBA,RG,2880,5,F,RX,XC,D
11:19:59,PTBA,RG,2880,40,F,RX,CC,D
11:19:59,PTBA,RG,2880,75,F,RX,YP,D
11:19:59,PTBA,RG,2880,100,F,RX,PD,D
11:19:59,PTBA,RG,2880,15,F,RX,NI,D
11:19:59,PTBA,RG,2880,2,F,RX,YB,D
11:19:59,PTBA,RG,2880,100,F,RX,SQ,D
11:19:59,PTBA,RG,2880,4,F,RX,YP,D
11:19:59,PTBA,RG,2880,100,F,RX,YP,D
11:19:59,PTBA,RG,2880,50,F,RX,BS,D
11:19:59,PTBA,RG,2880,4,F,RX,PD,D
11:19:59,PTBA,RG,2880,20,F,RX,YP,D
11:19:59,PTBA,RG,2880,1,F,RX,XC,D
11:19:59,PTBA,RG,2880,2,F,RX,XC,D
11:19:59,PTBA,RG,2880,3,F,RX,NI,D
11:19:59,PTBA,RG,2880,1,F,RX,CC,F
11:19:59,PTBA,RG,2880,100,F,RX,YB,D
11:19:59,PTBA,RG,2880,20,F,RX,DH,D
11:19:59,PTBA,RG,2880,30,F,RX,PD,D
11:19:59,PTBA,RG,2880,100,F,RX,NI,D
11:19:59,PTBA,RG,2880,17,F,RX,XC,D
11:19:59,PTBA,RG,2880,5,F,RX,PD,D
11:19:59,PTBA,RG,2880,16,F,RX,CC,D
11:19:59,PTBA,RG,2880,9,F,RX,XC,D
11:19:59,PTBA,RG,2880,5,F,RX,YP,D
11:19:59,PTBA,RG,2880,118,F,RX,CC,D
11:19:59,PTBA,RG,2880,30,F,RX,CC,D
11:19:59,PTBA,RG,2880,40,F,RX,CC,D
11:19:59,PTBA,RG,2880,10,F,RX,YP,D
11:19:59,PTBA,RG,2880,5,F,RX,PD,D
11:19:59,PTBA,RG,2880,1,F,RX,XC,D
11:19:59,PTBA,RG,2880,7,F,RX,KK,D
11:19:59,PTBA,RG,2880,2,F,RX,YB,D
11:19:59,PTBA,RG,2880,3,F,RX,PD,D
11:19:59,PTBA,RG,2880,2,F,RX,YP,D
11:19:59,PTBA,RG,2880,1,F,RX,PD,D
11:19:59,PTBA,RG,2880,2,F,RX,YP,D
11:19:59,PTBA,RG,2880,2,F,RX,NI,D
11:19:59,PTBA,RG,2880,27,F,RX,AK,F
11:19:59,PTBA,RG,2880,12,F,RX,XC,D
11:19:59,PTBA,RG,2880,32,F,RX,AK,F
11:19:59,PTBA,RG,2880,25,F,RX,PD,D
11:19:59,PTBA,RG,2880,303,F,RX,CC,D
11:19:55,PTBA,RG,2880,5,D,PD,CC,D
11:19:47,PTBA,RG,2870,25,D,RF,PD,D
11:19:46,PTBA,RG,2870,10,D,RF,NI,D
11:19:37,PTBA,RG,2870,4,D,RF,DR,D
11:19:33,PTBA,RG,2880,67,F,BK,CC,D
11:19:30,PTBA,RG,2870,30,D,RF,YP,D
11:19:11,PTBA,RG,2880,42,F,ZP,CC,D
11:19:10,PTBA,RG,2880,4,D,NI,CC,D
11:19:08,PTBA,RG,2870,30,D,RF,PD,D
11:19:05,PTBA,RG,2870,5,D,RF,PD,D
11:18:38,PTBA,RG,2880,1,D,NI,CC,D
11:18:36,PTBA,RG,2870,2,D,RF,PD,D
11:18:24,PTBA,RG,2880,1,D,PD,CC,D
11:18:08,PTBA,RG,2880,5,F,RX,CC,D
11:17:57,PTBA,RG,2880,72,F,BK,CC,D
11:17:55,PTBA,RG,2880,1,D,BQ,CC,D
11:17:51,PTBA,RG,2880,2,F,RX,CC,D
11:17:47,PTBA,RG,2880,15,D,EP,CC,D
11:17:30,PTBA,RG,2880,5,D,YP,CC,D
11:16:57,PTBA,RG,2880,7,F,RX,CC,D
11:16:52,PTBA,RG,2880,44,F,BK,CC,D
11:16:51,PTBA,RG,2880,26,F,ZP,CC,D
11:16:51,PTBA,RG,2880,1,F,ZP,XC,D
11:16:51,PTBA,RG,2880,16,F,ZP,XC,D
11:16:47,PTBA,RG,2880,1,F,RX,XC,D
11:16:45,PTBA,RG,2880,1,D,DH,XC,D
11:16:42,PTBA,RG,2880,10,D,PD,XC,D
11:16:42,PTBA,RG,2880,1,D,PD,YP,D
11:16:42,PTBA,RG,2880,1,D,PD,XC,D
11:16:42,PTBA,RG,2880,4,D,PD,XC,D
11:16:34,PTBA,RG,2880,1,D,DH,XC,D
11:16:23,PTBA,RG,2880,1,D,DH,XC,D
11:16:21,PTBA,RG,2880,4,D,YP,XC,D
11:16:19,PTBA,RG,2880,1,D,XC,AZ,D
11:16:13,PTBA,RG,2880,1,D,DH,AK,F
11:15:51,PTBA,RG,2880,1,D,DH,AK,F
11:15:43,PTBA,RG,2880,1,F,RX,AK,F
11:15:40,PTBA,RG,2880,3,D,PD,AK,F
11:15:40,PTBA,RG,2880,1,D,DH,AK,F
11:15:30,PTBA,RG,2870,2,D,RF,XC,D
11:15:23,PTBA,RG,2880,2,F,RX,AK,F
11:15:19,PTBA,RG,2880,26,F,ZP,AK,F
11:15:16,PTBA,RG,2880,6,F,RX,AK,F
11:15:09,PTBA,RG,2880,78,F,BK,NI,D
11:15:08,PTBA,RG,2880,1,D,XC,NI,D
11:15:07,PTBA,RG,2880,1,D,XL,NI,D
11:14:53,PTBA,RG,2870,26,D,RF,AK,F
11:14:32,PTBA,RG,2880,3,F,RX,NI,D
11:14:28,PTBA,RG,2880,41,F,ZP,NI,D
11:14:10,PTBA,RG,2880,1,D,YP,NI,D
11:14:10,PTBA,RG,2880,3,F,RX,NI,D
11:14:07,PTBA,RG,2880,45,F,BK,NI,D
11:14:06,PTBA,RG,2880,12,F,RX,NI,D
11:14:02,PTBA,RG,2880,15,D,PD,NI,D
11:13:53,PTBA,RG,2870,4,D,RF,CC,D
11:13:50,PTBA,RG,2870,1,D,RF,XC,D
11:13:47,PTBA,RG,2870,5,D,RF,XC,D
11:13:35,PTBA,RG,2870,1,D,RF,NI,D
11:13:35,PTBA,RG,2880,50,F,AK,NI,D
11:13:35,PTBA,RG,2880,3,F,AK,CC,D
11:13:35,PTBA,RG,2880,50,F,AK,CP,D
11:13:35,PTBA,RG,2880,33,F,AK,CC,D
11:13:35,PTBA,RG,2870,1,D,RF,PD,D
11:13:09,PTBA,RG,2870,89,D,RF,DR,D
11:13:05,PTBA,RG,2880,3,F,RX,CC,D
11:13:03,PTBA,RG,2880,50,F,BK,CC,D
11:13:01,PTBA,RG,2870,5,D,RF,PD,D
11:12:53,PTBA,RG,2870,25,D,RF,AK,F
11:12:35,PTBA,RG,2880,26,F,RX,CC,D
11:12:35,PTBA,RG,2880,4,F,RX,YP,D
11:12:32,PTBA,RG,2880,11,D,PD,YP,D
11:12:32,PTBA,RG,2880,1,D,PD,PD,D
11:12:32,PTBA,RG,2880,1,D,PD,NI,D
11:12:32,PTBA,RG,2880,33,D,PD,CC,D
11:12:12,PTBA,RG,2880,41,F,ZP,CC,D
11:12:00,PTBA,RG,2880,92,D,YU,CC,D
11:11:30,PTBA,RG,2880,35,D,PD,CC,D
11:11:15,PTBA,RG,2870,47,D,RF,OD,D
11:10:07,PTBA,RG,2880,19,D,PD,CC,D
11:10:07,PTBA,RG,2880,12,D,PD,CC,D
11:09:56,PTBA,RG,2880,41,F,ZP,CC,D
11:09:55,PTBA,RG,2870,5,D,RF,NI,D
11:09:10,PTBA,RG,2870,161,D,RF,YB,D
11:09:10,PTBA,RG,2870,19,D,NI,YB,D
11:09:10,PTBA,RG,2870,1,D,MG,YB,D
11:09:10,PTBA,RG,2870,19,F,BK,YB,D
11:09:06,PTBA,RG,2870,1,F,BK,AZ,D
11:08:57,PTBA,RG,2870,1,F,BK,PD,D
11:08:57,PTBA,RG,2870,50,F,BK,NI,D
11:08:53,PTBA,RG,2870,44,F,BK,AK,F
11:08:21,PTBA,RG,2870,3,F,BK,PD,D
11:08:10,PTBA,RG,2880,1,D,XC,CC,D
11:07:40,PTBA,RG,2880,41,F,ZP,CC,D
11:07:11,PTBA,RG,2880,1,F,AK,CC,D
11:07:08,PTBA,RG,2870,34,F,BK,AK,F
11:06:48,PTBA,RG,2880,20,D,CC,CC,D
11:06:43,PTBA,RG,2880,10,D,CC,CC,D
11:06:24,PTBA,RG,2880,67,D,PD,CC,D
11:05:58,PTBA,RG,2880,1,D,YP,CC,D
11:05:41,PTBA,RG,2880,1,F,AK,CC,D
11:05:32,PTBA,RG,2870,34,F,BK,AK,F
11:05:31,PTBA,RG,2880,1,D,XC,CC,D
11:05:25,PTBA,RG,2880,41,F,ZP,CC,D
11:05:06,PTBA,RG,2870,14,F,BK,SQ,D
11:05:06,PTBA,RG,2870,1,F,BK,SQ,D
11:03:57,PTBA,RG,2870,1,F,BK,YP,D
11:03:33,PTBA,RG,2880,1,D,XC,CC,D
11:03:11,PTBA,RG,2880,1,F,AK,CC,D
11:03:08,PTBA,RG,2880,55,F,ZP,CC,D
11:03:08,PTBA,RG,2870,39,F,BK,AK,F
11:03:06,PTBA,RG,2880,5,D,ZP,CC,D
11:02:59,PTBA,RG,2880,6,F,ZP,CC,D
11:02:57,PTBA,RG,2880,99,D,PD,CC,D
11:01:55,PTBA,RG,2880,1,D,YU,CC,D
11:01:32,PTBA,RG,2880,26,F,RX,CC,D
11:01:32,PTBA,RG,2880,25,F,BK,CC,D
11:01:32,PTBA,RG,2880,300,D,HP,CC,D
11:01:32,PTBA,RG,2880,13,F,ZP,CC,D
11:01:32,PTBA,RG,2880,2,D,PD,CC,D
11:01:32,PTBA,RG,2880,3,F,CS,CC,D
11:01:32,PTBA,RG,2880,11,F,RX,CC,D
11:01:32,PTBA,RG,2880,16,D,XC,CC,D
11:01:32,PTBA,RG,2880,1,F,ZP,CC,D
11:01:32,PTBA,RG,2880,3,D,XC,CC,D
11:01:32,PTBA,RG,2880,6,F,ZP,CC,D
11:01:32,PTBA,RG,2880,5,D,MG,CC,D
11:01:32,PTBA,RG,2880,48,D,YU,CC,D
11:01:32,PTBA,RG,2880,11,F,RX,CC,D
11:01:32,PTBA,RG,2880,30,D,YP,CC,D
11:01:32,PTBA,RG,2880,95,F,BK,CC,D
11:01:26,PTBA,RG,2880,2,F,BK,XC,D
11:01:26,PTBA,RG,2880,2,F,RX,XC,D
11:01:00,PTBA,RG,2880,5,F,RX,IF,D
11:01:00,PTBA,RG,2880,25,F,BK,IF,D
11:01:00,PTBA,RG,2880,4,F,ZP,IF,D
11:01:00,PTBA,RG,2880,10,D,CC,IF,D
11:01:00,PTBA,RG,2880,4,F,CS,IF,D
11:01:00,PTBA,RG,2880,2,D,DH,IF,D
11:00:55,PTBA,RG,2880,4,D,DH,CC,D
11:00:51,PTBA,RG,2880,5,D,DH,YP,D
11:00:46,PTBA,RG,2880,5,D,DH,NI,D
11:00:40,PTBA,RG,2890,67,F,ZP,KK,D
11:00:38,PTBA,RG,2880,34,D,DH,AK,F
11:00:38,PTBA,RG,2880,1,D,PD,AK,F
11:00:10,PTBA,RG,2880,6,D,PD,YP,D
11:00:10,PTBA,RG,2880,1,D,YP,YP,D
11:00:10,PTBA,RG,2880,1,F,ZP,YP,D
11:00:10,PTBA,RG,2880,2,D,SQ,YP,D
10:59:43,PTBA,RG,2880,8,D,SQ,PD,D
10:59:43,PTBA,RG,2880,2,D,KK,PD,D
10:59:43,PTBA,RG,2880,6,F,RX,PD,D
10:59:43,PTBA,RG,2880,10,D,YP,PD,D
10:59:43,PTBA,RG,2880,13,F,ZP,PD,D
10:59:43,PTBA,RG,2880,30,F,BK,PD,D
10:59:43,PTBA,RG,2880,11,F,RX,PD,D
10:59:43,PTBA,RG,2880,19,F,ZP,PD,D
10:59:43,PTBA,RG,2880,51,F,BK,PD,D
10:59:29,PTBA,RG,2890,1,D,XL,KK,D
10:59:05,PTBA,RG,2880,25,F,BK,YP,D
10:58:55,PTBA,RG,2880,15,F,BK,IF,D
10:58:51,PTBA,RG,2880,1,F,BK,DH,D
10:58:51,PTBA,RG,2880,4,D,NI,DH,D
10:58:31,PTBA,RG,2880,1,D,NI,KK,D
10:58:31,PTBA,RG,2880,1,F,CS,KK,D
10:58:31,PTBA,RG,2880,1,F,CS,KK,D
10:58:31,PTBA,RG,2880,7,D,YU,KK,D
10:58:15,PTBA,RG,2880,12,D,YU,XL,D
10:58:14,PTBA,RG,2880,31,D,YU,NI,D
10:58:14,PTBA,RG,2880,15,F,RX,NI,D
10:58:14,PTBA,RG,2880,4,F,BK,NI,D
10:58:02,PTBA,RG,2880,20,F,BK,PD,D
10:57:50,PTBA,RG,2880,63,F,BK,OD,D
10:57:50,PTBA,RG,2880,3,D,PD,OD,D
10:57:50,PTBA,RG,2880,13,F,BK,OD,D
10:57:50,PTBA,RG,2880,1,F,ZP,OD,D
10:57:50,PTBA,RG,2880,1,D,PD,OD,D
10:57:50,PTBA,RG,2880,20,D,PD,OD,D
10:57:50,PTBA,RG,2880,25,F,RX,OD,D
10:57:50,PTBA,RG,2880,2,F,CS,OD,D
10:57:50,PTBA,RG,2880,23,F,BK,OD,D
10:57:39,PTBA,RG,2880,145,F,BK,DR,D
10:57:39,PTBA,RG,2880,5,F,BK,DR,D
10:57:35,PTBA,RG,2880,1,F,BK,XC,D
10:57:25,PTBA,RG,2880,21,F,BK,XC,D
10:57:06,PTBA,RG,2880,8,F,BK,NI,D
10:56:47,PTBA,RG,2880,5,F,BK,NI,D
10:56:45,PTBA,RG,2890,76,F,ZP,KK,D
10:56:36,PTBA,RG,2880,1,F,BK,PD,D
10:56:29,PTBA,RG,2880,24,F,BK,CC,D
10:56:20,PTBA,RG,2880,10,F,BK,PD,D
10:56:11,PTBA,RG,2880,10,F,BK,YP,D
10:56:00,PTBA,RG,2880,67,F,BK,CC,D
10:56:00,PTBA,RG,2880,55,F,RX,CC,D
10:56:00,PTBA,RG,2880,5,F,CS,CC,D
10:56:00,PTBA,RG,2880,5,F,ZP,CC,D
10:56:00,PTBA,RG,2880,1,F,ZP,CC,D
10:56:00,PTBA,RG,2880,113,D,HP,CC,D
10:55:55,PTBA,RG,2880,13,D,HP,XC,D
10:55:54,PTBA,RG,2880,50,D,HP,KK,D
10:55:54,PTBA,RG,2880,1,D,HP,XC,D
10:55:54,PTBA,RG,2880,10,D,HP,AI,F
10:55:54,PTBA,RG,2880,1,D,HP,YP,D
10:55:54,PTBA,RG,2880,6,D,HP,EP,D
10:55:54,PTBA,RG,2880,200,D,HP,YP,D
10:55:54,PTBA,RG,2880,3,D,HP,YP,D
10:55:54,PTBA,RG,2880,97,D,HP,XA,D
10:55:41,PTBA,RG,2880,4,F,RX,XA,D
10:55:37,PTBA,RG,2880,51,D,PD,XA,D
10:55:20,PTBA,RG,2880,1,F,ZP,XA,D
10:54:55,PTBA,RG,2880,5,F,RX,XA,D
10:54:54,PTBA,RG,2880,34,F,RX,XA,D
10:54:45,PTBA,RG,2880,1,F,ZP,XA,D
10:54:45,PTBA,RG,2880,3,F,CS,XA,D
10:54:45,PTBA,RG,2880,2,F,CS,XA,D
10:54:45,PTBA,RG,2880,2,F,ZP,XA,D
10:54:44,PTBA,RG,2880,25,F,AK,XC,D
10:54:44,PTBA,RG,2880,5,F,AK,CC,D
10:54:44,PTBA,RG,2880,22,F,AK,NI,D
10:54:43,PTBA,RG,2880,13,D,HP,NI,D
10:54:43,PTBA,RG,2880,10,D,HP,CC,D
10:54:43,PTBA,RG,2880,2,D,HP,PD,D
10:54:43,PTBA,RG,2880,400,D,HP,KK,D
10:54:43,PTBA,RG,2880,3,D,HP,XC,D
10:54:43,PTBA,RG,2880,9,D,HP,XC,D
10:54:43,PTBA,RG,2880,14,D,HP,PD,D
10:54:40,PTBA,RG,2880,2,F,RX,PD,D
10:54:36,PTBA,RG,2880,25,D,YP,PD,D
10:53:46,PTBA,RG,2880,15,F,RX,PD,D
10:53:43,PTBA,RG,2880,34,D,YP,PD,D
10:53:43,PTBA,RG,2880,90,D,YP,KK,D
10:53:43,PTBA,RG,2880,10,D,YP,YP,D
10:53:43,PTBA,RG,2880,5,D,YP,KK,D
10:53:43,PTBA,RG,2880,25,D,YP,NI,D
10:53:43,PTBA,RG,2880,1,D,YP,KK,D
10:53:43,PTBA,RG,2880,35,D,YP,CC,D
10:53:11,PTBA,RG,2880,5,D,XC,CC,D
10:53:10,PTBA,RG,2880,1,D,XL,CC,D
10:52:57,PTBA,RG,2880,21,F,RX,CC,D
10:52:54,PTBA,RG,2880,51,D,PD,CC,D
10:52:54,PTBA,RG,2880,25,D,PD,KK,D
10:52:54,PTBA,RG,2880,100,D,PD,DH,D
10:52:54,PTBA,RG,2880,4,D,PD,CC,D
10:52:54,PTBA,RG,2880,2,D,PD,YP,D
10:52:54,PTBA,RG,2880,10,D,PD,GR,D
10:52:54,PTBA,RG,2880,5,D,PD,YP,D
10:52:54,PTBA,RG,2880,30,D,PD,KK,D
10:52:54,PTBA,RG,2880,1,D,PD,CC,D
10:52:54,PTBA,RG,2880,16,D,PD,CC,D
10:52:54,PTBA,RG,2880,25,D,PD,GR,D
10:52:54,PTBA,RG,2880,2,D,PD,YP,D
10:52:54,PTBA,RG,2880,6,D,PD,AK,F
10:52:44,PTBA,RG,2880,1,F,RX,AK,F
10:52:42,PTBA,RG,2880,10,D,CC,AK,F
10:52:24,PTBA,RG,2880,3,D,YP,AK,F
10:52:24,PTBA,RG,2880,27,F,RX,AK,F
10:52:22,PTBA,RG,2880,346,D,PD,YP,D
10:52:18,PTBA,RG,2880,6,D,IP,YP,D
10:51:52,PTBA,RG,2880,10,D,PD,YP,D
10:51:26,PTBA,RG,2880,27,F,RX,YP,D
10:51:23,PTBA,RG,2880,346,D,PD,YP,D
10:50:41,PTBA,RG,2880,5,D,PD,YP,D
10:50:38,PTBA,RG,2870,100,F,BK,AK,F
10:50:26,PTBA,RG,2880,29,F,RX,YP,D
10:50:22,PTBA,RG,2870,4,F,BK,PD,D
10:50:07,PTBA,RG,2870,3,F,BK,XL,D
10:50:06,PTBA,RG,2880,1,D,PD,YP,D
10:50:04,PTBA,RG,2880,17,D,CC,YP,D
10:49:55,PTBA,RG,2880,213,D,PD,YP,D
10:49:55,PTBA,RG,2880,111,D,PD,CC,D
10:49:55,PTBA,RG,2880,15,D,PD,NI,D
10:49:55,PTBA,RG,2880,5,D,PD,CC,D
10:49:55,PTBA,RG,2880,2,D,PD,YP,D
10:49:39,PTBA,RG,2880,30,D,YP,YP,D
10:49:38,PTBA,RG,2870,130,F,BK,PD,D
10:49:37,PTBA,RG,2870,6,F,BK,HP,D
10:48:32,PTBA,RG,2880,1,F,RX,YP,D
10:48:27,PTBA,RG,2880,2,D,YP,YP,D
10:48:18,PTBA,RG,2880,1,F,RX,YP,D
10:48:15,PTBA,RG,2880,13,F,ZP,YP,D
10:48:15,PTBA,RG,2880,9,F,RX,YP,D
10:48:15,PTBA,RG,2880,1,F,ZP,YP,D
10:48:15,PTBA,RG,2880,30,D,YP,YP,D
10:48:15,PTBA,RG,2880,52,F,BK,YP,D
10:48:15,PTBA,RG,2880,28,D,HP,YP,D
10:48:15,PTBA,RG,2880,5,F,CS,YP,D
10:48:15,PTBA,RG,2880,3,D,PC,YP,D
10:48:15,PTBA,RG,2880,58,F,BK,YP,D
10:48:15,PTBA,RG,2880,26,F,ZP,YP,D
10:48:15,PTBA,RG,2880,1,D,PD,YP,D
10:48:15,PTBA,RG,2880,27,D,YU,YP,D
10:48:08,PTBA,RG,2880,46,D,YU,SQ,D
10:48:08,PTBA,RG,2880,4,D,PD,SQ,D
10:48:08,PTBA,RG,2880,135,D,PD,CC,D
10:48:08,PTBA,RG,2880,2,D,YP,CC,D
10:48:08,PTBA,RG,2880,2,D,AT,CC,D
10:48:08,PTBA,RG,2880,5,F,CS,CC,D
10:48:08,PTBA,RG,2880,2,D,XC,CC,D
10:48:08,PTBA,RG,2880,10,D,XC,CC,D
10:48:08,PTBA,RG,2880,1,D,YP,CC,D
10:48:08,PTBA,RG,2880,43,F,RX,CC,D
10:48:04,PTBA,RG,2880,2,F,RX,NI,D
10:47:56,PTBA,RG,2880,50,F,RX,PD,D
10:47:55,PTBA,RG,2880,10,F,RX,XC,D
10:47:47,PTBA,RG,2880,2,F,RX,ZP,D
10:47:43,PTBA,RG,2880,1,F,RX,PD,D
10:47:42,PTBA,RG,2880,36,F,RX,CC,D
10:47:36,PTBA,RG,2890,1,D,XL,KK,D
10:47:35,PTBA,RG,2880,10,F,RX,YJ,D
10:47:35,PTBA,RG,2880,22,F,RX,BQ,D
10:47:35,PTBA,RG,2880,1,F,ZP,BQ,D
10:47:35,PTBA,RG,2880,154,F,BK,BQ,D
10:47:35,PTBA,RG,2880,92,F,ZP,BQ,D
10:47:35,PTBA,RG,2880,100,D,IN,BQ,D
10:47:35,PTBA,RG,2880,32,D,DR,BQ,D
10:47:35,PTBA,RG,2880,100,D,YP,BQ,D
10:47:35,PTBA,RG,2880,6,D,YP,BQ,D
10:47:35,PTBA,RG,2880,35,D,XL,BQ,D
10:47:35,PTBA,RG,2880,157,F,BK,BQ,D
10:47:35,PTBA,RG,2880,4,F,CS,BQ,D
10:47:35,PTBA,RG,2880,5,D,XC,BQ,D
10:47:35,PTBA,RG,2880,50,D,YU,BQ,D
10:47:35,PTBA,RG,2880,66,F,AK,BQ,D
10:47:35,PTBA,RG,2880,5,D,SQ,BQ,D
10:47:35,PTBA,RG,2880,6,D,XC,BQ,D
10:47:35,PTBA,RG,2880,30,D,AZ,BQ,D
10:47:35,PTBA,RG,2880,121,F,BK,BQ,D
10:47:35,PTBA,RG,2880,14,F,BK,BQ,D
10:47:32,PTBA,RG,2880,100,F,BK,PD,D
10:47:29,PTBA,RG,2880,1,F,BK,PD,D
10:47:25,PTBA,RG,2890,45,F,ZP,KK,D
10:47:25,PTBA,RG,2890,3,F,ZP,YP,D
10:47:25,PTBA,RG,2880,3,F,BK,PD,D
10:47:23,PTBA,RG,2880,4,F,BK,CC,D
10:47:21,PTBA,RG,2890,19,F,RX,YP,D
10:47:21,PTBA,RG,2890,1,F,RX,YB,D
10:47:21,PTBA,RG,2890,45,F,RX,KK,D
10:47:14,PTBA,RG,2890,10,D,SQ,KK,D
10:47:11,PTBA,RG,2880,90,F,BK,KK,D
10:46:57,PTBA,RG,2880,4,F,BK,PD,D
10:46:45,PTBA,RG,2880,1,F,BK,KK,D
10:46:38,PTBA,RG,2880,10,D,HP,CC,D
10:46:34,PTBA,RG,2880,4,D,HP,XC,D
10:46:27,PTBA,RG,2880,20,D,HP,CC,D
10:46:12,PTBA,RG,2880,50,D,HP,NI,D
10:46:03,PTBA,RG,2880,200,D,HP,CC,D
10:45:56,PTBA,RG,2880,1,D,HP,DX,D
10:45:55,PTBA,RG,2880,50,D,HP,YP,D
10:45:46,PTBA,RG,2880,643,D,HP,CC,D
10:45:46,PTBA,RG,2880,4,F,CS,CC,D
10:45:46,PTBA,RG,2880,353,D,RF,CC,D
10:45:24,PTBA,RG,2880,36,D,RF,GR,D
10:45:15,PTBA,RG,2880,3,D,RF,NI,D
10:45:03,PTBA,RG,2880,10,D,RF,YP,D
10:45:00,PTBA,RG,2880,20,D,RF,SQ,D
10:44:52,PTBA,RG,2880,5,D,RF,PD,D
10:44:38,PTBA,RG,2890,10,D,YU,KK,D
10:44:38,PTBA,RG,2890,2,D,YU,XC,D
10:44:38,PTBA,RG,2890,100,D,YU,CC,D
10:44:38,PTBA,RG,2890,50,D,YU,NI,D
10:44:38,PTBA,RG,2890,38,D,YU,YP,D
10:44:32,PTBA,RG,2890,3,D,PD,YP,D
10:44:13,PTBA,RG,2880,10,D,RF,YP,D
10:44:02,PTBA,RG,2880,1,D,RF,XC,D
10:43:56,PTBA,RG,2880,5,D,RF,PD,D
10:43:54,PTBA,RG,2880,1,D,RF,NI,D
10:43:52,PTBA,RG,2880,4,D,RF,CC,D
10:43:45,PTBA,RG,2880,2,D,RF,PD,D
10:43:43,PTBA,RG,2880,10,D,RF,PD,D
10:43:42,PTBA,RG,2880,2,D,RF,XC,D
10:43:39,PTBA,RG,2880,2,D,RF,YP,D
10:43:35,PTBA,RG,2880,1,D,RF,PD,D
10:43:09,PTBA,RG,2880,25,D,RF,KK,D
10:43:08,PTBA,RG,2880,10,D,RF,AK,F
10:43:08,PTBA,RG,2880,3,D,XA,AK,F
10:43:08,PTBA,RG,2880,28,F,BK,AK,F
10:43:08,PTBA,RG,2880,3,F,ZP,AK,F
10:43:08,PTBA,RG,2880,1,D,NI,AK,F
10:43:00,PTBA,RG,2880,1,D,NI,PD,D
10:42:51,PTBA,RG,2880,3,D,NI,XC,D
10:42:51,PTBA,RG,2880,10,D,KK,XC,D
10:42:51,PTBA,RG,2880,1,F,ZP,XC,D
10:42:51,PTBA,RG,2880,6,F,ZP,XC,D
10:42:38,PTBA,RG,2880,20,F,ZP,YP,D
10:42:14,PTBA,RG,2880,10,F,ZP,CC,D
10:42:10,PTBA,RG,2880,9,F,ZP,DR,D
10:42:09,PTBA,RG,2880,1,F,ZP,PD,D
10:42:04,PTBA,RG,2880,3,F,ZP,PD,D
10:42:04,PTBA,RG,2890,6,F,ZP,YP,D
10:42:00,PTBA,RG,2880,1,F,ZP,XC,D
10:41:41,PTBA,RG,2890,69,D,YB,YP,D
10:41:13,PTBA,RG,2890,1,D,XA,YP,D
10:40:59,PTBA,RG,2890,10,D,CC,YP,D
10:40:51,PTBA,RG,2880,1,F,ZP,DR,D
10:40:22,PTBA,RG,2880,5,F,ZP,CC,D
10:40:07,PTBA,RG,2880,1,F,ZP,PD,D
10:40:02,PTBA,RG,2880,5,F,ZP,PD,D
10:39:49,PTBA,RG,2880,18,F,ZP,CC,D
10:39:43,PTBA,RG,2880,10,F,ZP,YP,D
10:39:24,PTBA,RG,2880,20,F,ZP,XC,D
10:39:22,PTBA,RG,2880,10,F,ZP,DH,D
10:39:03,PTBA,RG,2880,8,F,ZP,YP,D
10:38:56,PTBA,RG,2880,10,F,ZP,NI,D
10:38:56,PTBA,RG,2880,2,F,AK,NI,D
10:38:56,PTBA,RG,2880,1,D,AT,NI,D
10:38:56,PTBA,RG,2880,1,D,OD,NI,D
10:38:56,PTBA,RG,2880,16,F,BK,NI,D
10:38:43,PTBA,RG,2880,1,F,BK,YP,D
10:38:43,PTBA,RG,2880,40,F,BK,GR,D
10:38:37,PTBA,RG,2880,15,F,BK,DH,D
10:38:20,PTBA,RG,2880,4,F,BK,XC,D
10:38:20,PTBA,RG,2880,6,D,DH,XC,D
10:38:02,PTBA,RG,2880,14,D,DH,CC,D
10:38:02,PTBA,RG,2880,21,F,BK,CC,D
10:37:55,PTBA,RG,2890,15,F,AK,YP,D
10:37:54,PTBA,RG,2880,91,F,BK,KK,D
10:37:54,PTBA,RG,2880,500,D,AI,KK,D
10:37:54,PTBA,RG,2880,500,D,RF,KK,D
10:37:54,PTBA,RG,2880,3,F,CS,KK,D
10:37:54,PTBA,RG,2880,3,F,CS,KK,D
10:37:54,PTBA,RG,2880,200,D,AI,KK,D
10:37:54,PTBA,RG,2880,1,D,CC,KK,D
10:37:54,PTBA,RG,2880,34,F,BK,KK,D
10:37:54,PTBA,RG,2880,668,F,BK,KK,D
10:37:49,PTBA,RG,2890,1,F,AK,YP,D
10:37:48,PTBA,RG,2880,44,F,BK,CC,D
10:37:44,PTBA,RG,2880,50,F,BK,XA,D
10:37:28,PTBA,RG,2880,10,F,BK,YP,D
10:37:15,PTBA,RG,2880,15,F,BK,NI,D
10:37:02,PTBA,RG,2880,44,F,BK,CC,D
10:37:00,PTBA,RG,2880,1,F,BK,NI,D
10:36:56,PTBA,RG,2890,1,D,CC,YP,D
10:36:51,PTBA,RG,2880,16,F,BK,YP,D
10:36:51,PTBA,RG,2880,20,D,YP,YP,D
10:36:51,PTBA,RG,2880,14,F,BK,YP,D
10:36:51,PTBA,RG,2880,37,F,BK,CC,D
10:36:51,PTBA,RG,2880,5,F,ZP,CC,D
10:36:41,PTBA,RG,2880,10,F,ZP,YP,D
10:36:33,PTBA,RG,2880,6,F,ZP,PD,D
10:36:33,PTBA,RG,2880,3,F,ZP,PD,D
10:36:33,PTBA,RG,2880,1,F,ZP,PD,D
10:36:33,PTBA,RG,2880,40,D,MK,PD,D
10:36:00,PTBA,RG,2880,10,D,MK,KK,D
10:35:49,PTBA,RG,2880,5,D,MK,HP,D
10:35:39,PTBA,RG,2880,5,D,MK,YP,D
10:35:38,PTBA,RG,2880,300,D,MK,TF,D
10:35:38,PTBA,RG,2880,3,D,MK,PD,D
10:35:05,PTBA,RG,2880,6,D,MK,SQ,D
10:35:05,PTBA,RG,2880,1,D,MK,XC,D
10:35:04,PTBA,RG,2880,5,D,MK,XC,D
10:35:01,PTBA,RG,2880,10,D,MK,EP,D
10:35:01,PTBA,RG,2880,1,D,MK,CC,D
10:35:01,PTBA,RG,2880,10,D,MK,CC,D
10:35:01,PTBA,RG,2880,2,D,MK,NI,D
10:35:01,PTBA,RG,2880,1,D,MK,YP,D
10:35:01,PTBA,RG,2880,10,D,MK,YP,D
10:35:01,PTBA,RG,2880,11,D,MK,XC,D
10:35:01,PTBA,RG,2880,20,D,MK,YP,D
10:35:01,PTBA,RG,2880,20,D,MK,BQ,D
10:35:01,PTBA,RG,2880,5,D,MK,CC,D
10:35:01,PTBA,RG,2880,1,D,MK,YP,D
10:35:01,PTBA,RG,2880,1,D,MK,YP,D
10:35:01,PTBA,RG,2880,28,D,MK,AK,F
10:35:01,PTBA,RG,2880,117,D,MK,CC,D
10:35:01,PTBA,RG,2880,388,D,MK,SQ,D
10:34:45,PTBA,RG,2880,1,D,XC,SQ,D
10:34:28,PTBA,RG,2880,350,D,MU,SQ,D
10:33:42,PTBA,RG,2880,1,D,YP,SQ,D
10:33:33,PTBA,RG,2880,4,F,RX,SQ,D
10:33:32,PTBA,RG,2880,1,D,YP,SQ,D
10:33:32,PTBA,RG,2880,47,D,YU,SQ,D
10:33:32,PTBA,RG,2880,1,D,PD,SQ,D
10:33:32,PTBA,RG,2880,25,F,ZP,SQ,D
10:33:32,PTBA,RG,2880,7,F,CS,SQ,D
10:33:32,PTBA,RG,2880,20,D,XC,SQ,D
10:33:32,PTBA,RG,2880,4,D,CC,SQ,D
10:33:32,PTBA,RG,2880,2,D,CC,SQ,D
10:33:32,PTBA,RG,2880,100,F,CC,SQ,D
10:33:32,PTBA,RG,2880,35,D,XL,SQ,D
10:33:32,PTBA,RG,2880,10,D,PD,SQ,D
10:33:32,PTBA,RG,2880,94,F,BK,SQ,D
10:33:32,PTBA,RG,2880,83,F,RX,SQ,D
10:33:32,PTBA,RG,2880,242,F,BK,SQ,D
10:33:32,PTBA,RG,2880,500,D,MK,SQ,D
10:33:32,PTBA,RG,2880,2,D,DH,SQ,D
10:33:32,PTBA,RG,2880,1,F,ZP,SQ,D
10:33:32,PTBA,RG,2880,5,D,KK,SQ,D
10:33:32,PTBA,RG,2880,10,D,GR,SQ,D
10:33:32,PTBA,RG,2880,99,F,BK,SQ,D
10:33:32,PTBA,RG,2880,202,F,BK,SQ,D
10:33:32,PTBA,RG,2880,8,F,CS,SQ,D
10:33:32,PTBA,RG,2880,1000,D,AZ,SQ,D
10:33:32,PTBA,RG,2880,52,D,YU,SQ,D
10:33:32,PTBA,RG,2880,67,F,AK,SQ,D
10:33:32,PTBA,RG,2880,1,F,ZP,SQ,D
10:33:32,PTBA,RG,2880,1,D,PD,SQ,D
10:33:32,PTBA,RG,2880,37,F,ZP,SQ,D
10:33:28,PTBA,RG,2880,5,F,ZP,CC,D
10:33:26,PTBA,RG,2880,1,F,ZP,MK,D
10:32:53,PTBA,RG,2880,25,F,ZP,EP,D
10:32:42,PTBA,RG,2890,24,D,EP,YP,D
10:32:42,PTBA,RG,2880,87,F,ZP,DH,D
10:32:42,PTBA,RG,2880,124,F,RX,DH,D
10:32:42,PTBA,RG,2880,12,F,BK,DH,D
10:32:35,PTBA,RG,2880,143,F,BK,DR,D
10:32:35,PTBA,RG,2880,57,F,BK,DR,D
10:32:34,PTBA,RG,2880,1,F,BK,XC,D
10:32:21,PTBA,RG,2880,4,F,BK,PD,D
10:31:59,PTBA,RG,2880,67,F,BK,BR,D
10:31:59,PTBA,RG,2880,1,D,PD,BR,D
10:31:59,PTBA,RG,2880,45,D,YU,BR,D
10:31:59,PTBA,RG,2880,2,D,CC,BR,D
10:31:59,PTBA,RG,2880,12,D,SQ,BR,D
10:31:59,PTBA,RG,2880,3,D,OD,BR,D
10:31:59,PTBA,RG,2880,100,F,CC,BR,D
10:31:59,PTBA,RG,2880,6,F,CS,BR,D
10:31:59,PTBA,RG,2880,14,F,BK,BR,D
10:31:34,PTBA,RG,2880,1,F,BK,YP,D
10:31:27,PTBA,RG,2880,10,F,BK,YP,D
10:31:21,PTBA,RG,2880,114,F,BK,AI,D
10:31:21,PTBA,RG,2880,40,D,YP,AI,D
10:31:21,PTBA,RG,2880,1,D,PD,AI,D
10:31:21,PTBA,RG,2880,20,D,YP,AI,D
10:31:21,PTBA,RG,2880,5,D,SQ,AI,D
10:31:21,PTBA,RG,2880,72,F,RX,AI,D
10:31:21,PTBA,RG,2880,200,D,SQ,AI,D
10:31:21,PTBA,RG,2880,4,D,YP,AI,D
10:31:21,PTBA,RG,2880,17,F,ZP,AI,D
10:31:21,PTBA,RG,2880,27,F,BK,AI,D
10:31:15,PTBA,RG,2880,20,F,BK,PD,D
10:31:10,PTBA,RG,2880,20,F,BK,KK,D
10:30:58,PTBA,RG,2880,25,F,BK,KK,D
10:30:11,PTBA,RG,2890,1,F,RX,YP,D
10:30:08,PTBA,RG,2880,10,F,BK,CC,D
10:30:06,PTBA,RG,2880,4,F,BK,CC,D
10:30:03,PTBA,RG,2890,34,F,RX,YP,D
10:29:51,PTBA,RG,2880,10,F,BK,YP,D
10:29:41,PTBA,RG,2880,19,F,BK,XC,D
10:29:41,PTBA,RG,2880,1,D,MK,XC,D
10:29:35,PTBA,RG,2880,499,D,MK,AZ,D
10:29:35,PTBA,RG,2880,1,D,ZP,AZ,D
10:29:26,PTBA,RG,2890,1,D,XC,YP,D
10:29:03,PTBA,RG,2880,49,D,ZP,CC,D
10:29:03,PTBA,RG,2880,100,F,BK,CC,D
10:29:03,PTBA,RG,2880,41,D,CC,CC,D
10:28:50,PTBA,RG,2880,5,D,CC,YP,D
10:28:43,PTBA,RG,2880,3,D,CC,XC,D
10:28:39,PTBA,RG,2880,5,D,CC,XL,D
10:28:36,PTBA,RG,2880,9,D,CC,PD,D
10:28:34,PTBA,RG,2880,35,D,CC,YP,D
10:28:28,PTBA,RG,2880,3,D,CC,XL,D
10:28:09,PTBA,RG,2880,1,D,CC,XC,D
10:28:02,PTBA,RG,2880,2,D,CC,XL,D
10:28:00,PTBA,RG,2880,1,D,CC,XC,D
10:27:53,PTBA,RG,2880,2,D,CC,CC,D
10:27:51,PTBA,RG,2880,30,D,CC,LG,D
10:27:36,PTBA,RG,2880,30,D,CC,ZP,D
10:27:34,PTBA,RG,2880,1,D,CC,PD,D
10:27:24,PTBA,RG,2880,60,D,CC,YP,D
10:27:05,PTBA,RG,2880,100,D,CC,YB,D
10:27:02,PTBA,RG,2880,2,D,CC,YP,D
10:27:01,PTBA,RG,2880,2,D,CC,LG,D
10:26:56,PTBA,RG,2880,18,D,CC,PD,D
10:26:45,PTBA,RG,2880,15,D,CC,PD,D
10:26:42,PTBA,RG,2880,3,D,CC,CC,D
10:26:34,PTBA,RG,2890,1046,D,CC,YP,D
10:26:34,PTBA,RG,2890,50,D,CC,DR,D
10:26:34,PTBA,RG,2890,1,D,CC,XC,D
10:26:34,PTBA,RG,2890,10,D,CC,AK,F
10:26:34,PTBA,RG,2890,893,D,CC,CD,D
10:26:27,PTBA,RG,2880,100,D,CC,YB,D
10:26:26,PTBA,RG,2890,107,D,YP,CD,D
10:26:26,PTBA,RG,2890,10,D,YP,PD,D
10:26:26,PTBA,RG,2890,13,D,YP,YP,D
10:26:26,PTBA,RG,2890,10,D,YP,PD,D
10:26:26,PTBA,RG,2890,10,D,YP,PD,D
10:26:24,PTBA,RG,2880,20,D,CC,DR,D
10:26:23,PTBA,RG,2880,10,D,CC,XA,D
10:26:06,PTBA,RG,2880,2,D,CC,YP,D
10:26:06,PTBA,RG,2880,4,F,ZP,YP,D
10:26:06,PTBA,RG,2880,3,F,CS,YP,D
10:26:04,PTBA,RG,2880,1,F,CS,XC,D
10:25:58,PTBA,RG,2880,4,F,CS,YB,D
10:25:58,PTBA,RG,2880,15,D,PD,YB,D
10:25:58,PTBA,RG,2880,2,D,AG,YB,D
10:25:58,PTBA,RG,2880,35,D,CC,YB,D
10:25:58,PTBA,RG,2880,52,F,RX,YB,D
10:25:58,PTBA,RG,2880,6,D,PD,YB,D
10:25:58,PTBA,RG,2880,1,F,ZP,YB,D
10:25:58,PTBA,RG,2880,137,F,BK,YB,D
10:25:58,PTBA,RG,2880,5,D,YP,YB,D
10:25:58,PTBA,RG,2880,2,D,KK,YB,D
10:25:58,PTBA,RG,2880,1,D,KK,YB,D
10:25:58,PTBA,RG,2880,20,D,PD,YB,D
10:25:58,PTBA,RG,2880,20,D,YU,YB,D
10:25:52,PTBA,RG,2880,30,D,YU,GR,D
10:25:52,PTBA,RG,2880,1,D,XC,GR,D
10:25:52,PTBA,RG,2880,19,F,BK,GR,D
10:25:50,PTBA,RG,2880,4,F,BK,XL,D
10:25:47,PTBA,RG,2880,24,F,BK,CC,D
10:25:37,PTBA,RG,2880,5,F,BK,YP,D
10:25:21,PTBA,RG,2880,10,F,BK,CC,D
10:25:10,PTBA,RG,2880,4,F,BK,PD,D
10:24:58,PTBA,RG,2880,93,F,BK,YB,D
10:24:58,PTBA,RG,2880,7,F,RX,YB,D
10:24:52,PTBA,RG,2880,2,F,RX,CC,D
10:24:34,PTBA,RG,2880,5,F,RX,LG,D
10:24:33,PTBA,RG,2880,10,F,RX,XC,D
10:24:14,PTBA,RG,2880,7,F,RX,XA,D
10:24:08,PTBA,RG,2880,43,F,RX,CC,D
10:24:08,PTBA,RG,2880,1,D,AZ,CC,D
10:24:06,PTBA,RG,2880,1,D,AZ,XC,D
10:24:06,PTBA,RG,2890,5,D,PD,PD,D
10:23:51,PTBA,RG,2880,18,D,AZ,XL,D
10:23:45,PTBA,RG,2880,20,D,AZ,CC,D
10:23:29,PTBA,RG,2890,1,D,KK,PD,D
10:23:11,PTBA,RG,2890,3,D,XC,PD,D
10:23:08,PTBA,RG,2880,5,D,AZ,CC,D
10:22:40,PTBA,RG,2890,2,D,CC,PD,D
10:22:37,PTBA,RG,2880,44,D,AZ,CC,D
10:22:34,PTBA,RG,2890,1,D,XC,PD,D
10:22:32,PTBA,RG,2880,55,D,AZ,IF,D
10:22:28,PTBA,RG,2880,3,D,AZ,YB,D
10:22:27,PTBA,RG,2880,7,D,AZ,YP,D
10:22:22,PTBA,RG,2880,1,D,AZ,PD,D
10:22:20,PTBA,RG,2880,50,D,AZ,CC,D
10:22:20,PTBA,RG,2880,1,D,AZ,PD,D
10:22:01,PTBA,RG,2880,294,D,AZ,CC,D
10:22:01,PTBA,RG,2880,1,D,XC,CC,D
10:22:01,PTBA,RG,2880,1,D,GR,CC,D
10:22:01,PTBA,RG,2880,1,F,BK,CC,D
10:21:55,PTBA,RG,2880,2,F,BK,NI,D
10:21:54,PTBA,RG,2880,27,F,BK,CC,D
10:21:47,PTBA,RG,2880,1,F,BK,YP,D
10:21:46,PTBA,RG,2880,35,F,BK,YB,D
10:21:44,PTBA,RG,2880,9,F,BK,CC,D
10:21:44,PTBA,RG,2880,15,F,BK,CC,D
10:21:44,PTBA,RG,2880,7,F,CS,CC,D
10:21:44,PTBA,RG,2880,5,F,ZP,CC,D
10:21:36,PTBA,RG,2880,12,F,ZP,CC,D
10:21:36,PTBA,RG,2880,23,F,ZP,CC,D
10:21:36,PTBA,RG,2880,9,F,AK,CC,D
10:21:34,PTBA,RG,2890,18,F,ZP,PD,D
10:21:34,PTBA,RG,2890,2,F,ZP,PD,D
10:21:34,PTBA,RG,2890,2,F,ZP,NI,D
10:21:34,PTBA,RG,2890,5,F,ZP,EP,D
10:21:26,PTBA,RG,2880,62,F,AK,ZP,D
10:21:26,PTBA,RG,2880,5,D,PD,ZP,D
10:21:26,PTBA,RG,2880,3,F,BK,ZP,D
10:21:26,PTBA,RG,2880,11,F,BK,NI,D
10:21:26,PTBA,RG,2880,10,F,BK,NI,D
10:21:07,PTBA,RG,2880,2,F,BK,YP,D
10:21:02,PTBA,RG,2880,10,F,BK,CC,D
10:20:59,PTBA,RG,2880,5,F,BK,KK,D
10:20:58,PTBA,RG,2880,8,F,BK,XC,D
10:20:47,PTBA,RG,2880,1,F,BK,XC,D
10:20:43,PTBA,RG,2880,5,F,BK,XL,D
10:20:39,PTBA,RG,2880,84,F,BK,GR,D
10:20:39,PTBA,RG,2880,37,F,BK,GR,D
10:20:39,PTBA,RG,2880,25,F,BK,GR,D
10:20:39,PTBA,RG,2880,500,D,OD,GR,D
10:20:39,PTBA,RG,2880,1,D,XC,GR,D
10:20:39,PTBA,RG,2880,3,F,ZP,GR,D
10:20:39,PTBA,RG,2880,10,D,CP,GR,D
10:20:39,PTBA,RG,2880,1,D,PD,GR,D
10:20:39,PTBA,RG,2880,53,D,NI,GR,D
10:20:39,PTBA,RG,2880,34,D,YP,GR,D
10:20:39,PTBA,RG,2880,48,D,YU,GR,D
10:20:39,PTBA,RG,2880,4,D,YP,GR,D
10:20:39,PTBA,RG,2880,100,D,CC,GR,D
10:20:39,PTBA,RG,2880,68,D,YP,GR,D
10:20:39,PTBA,RG,2880,1,D,PD,GR,D
10:20:39,PTBA,RG,2880,14,F,BK,GR,D
10:20:39,PTBA,RG,2880,89,F,BK,GR,D
10:20:39,PTBA,RG,2880,128,F,RX,GR,D
10:20:39,PTBA,RG,2880,200,D,RF,GR,D
10:20:29,PTBA,RG,2880,46,D,RF,CP,D
10:20:06,PTBA,RG,2880,30,D,RF,XC,D
10:20:04,PTBA,RG,2890,8,F,ZP,EP,D
10:20:04,PTBA,RG,2890,3,F,ZP,NI,D
10:20:04,PTBA,RG,2890,1,F,ZP,XC,D
10:20:04,PTBA,RG,2890,15,F,ZP,AK,F
10:19:38,PTBA,RG,2880,5,D,RF,CC,D
10:19:18,PTBA,RG,2880,3,D,RF,CC,D
10:19:04,PTBA,RG,2880,1,D,RF,XC,D
10:19:02,PTBA,RG,2890,100,D,CC,AK,F
10:18:55,PTBA,RG,2880,10,D,RF,YP,D
10:18:50,PTBA,RG,2880,3,D,RF,DR,D
10:18:36,PTBA,RG,2890,24,F,ZP,AK,F
10:18:33,PTBA,RG,2890,50,D,KK,AK,F
10:17:55,PTBA,RG,2880,1,D,RF,SQ,D
10:17:54,PTBA,RG,2880,1,D,RF,YP,D
10:17:44,PTBA,RG,2880,1,D,RF,KK,D
10:17:43,PTBA,RG,2880,2,D,RF,NI,D
10:17:40,PTBA,RG,2880,10,D,RF,CC,D
10:17:17,PTBA,RG,2880,1,D,RF,XL,D
10:17:14,PTBA,RG,2890,4,F,ZP,AK,F
10:17:14,PTBA,RG,2890,1,F,ZP,ZP,D
10:17:14,PTBA,RG,2890,4,F,ZP,CC,D
10:16:53,PTBA,RG,2880,1000,D,RF,YP,D
10:16:46,PTBA,RG,2880,1,D,RF,YP,D
10:16:36,PTBA,RG,2880,1,D,RF,PD,D
10:16:36,PTBA,RG,2880,50,D,RF,PD,D
10:16:36,PTBA,RG,2880,11,D,RF,DH,D
10:15:34,PTBA,RG,2890,171,D,PD,KK,D
10:15:34,PTBA,RG,2890,69,D,PD,YP,D
10:15:27,PTBA,RG,2890,1,D,XC,YP,D
10:15:27,PTBA,RG,2890,17,D,YP,YP,D
10:15:16,PTBA,RG,2890,100,D,YB,YP,D
10:15:14,PTBA,RG,2890,6,F,ZP,YP,D
10:15:14,PTBA,RG,2890,7,F,RX,YP,D
10:15:12,PTBA,RG,2890,3,F,RX,CC,D
10:15:11,PTBA,RG,2890,5,D,PD,AK,F
10:15:11,PTBA,RG,2890,5,D,NI,AK,F
10:15:11,PTBA,RG,2890,1,D,XL,AK,F
10:15:11,PTBA,RG,2890,27,F,BK,AK,F
10:15:11,PTBA,RG,2890,6,F,CS,AK,F
10:15:11,PTBA,RG,2890,72,F,BK,AK,F
10:15:11,PTBA,RG,2890,47,F,BK,PD,D
10:15:11,PTBA,RG,2890,5,F,ZP,PD,D
10:15:11,PTBA,RG,2890,54,F,RX,PD,D
10:15:07,PTBA,RG,2890,40,F,RX,NI,D
10:15:06,PTBA,RG,2890,20,F,RX,NI,D
10:15:02,PTBA,RG,2890,2,F,RX,SQ,D
10:15:02,PTBA,RG,2890,19,F,ZP,SQ,D
10:15:02,PTBA,RG,2890,9,D,EP,SQ,D
10:15:00,PTBA,RG,2890,100,D,EP,DR,D
10:14:57,PTBA,RG,2890,15,D,EP,AZ,D
10:14:53,PTBA,RG,2890,100,D,EP,GR,D
10:14:53,PTBA,RG,2890,95,D,EP,XC,D
10:14:52,PTBA,RG,2890,1,D,EP,YP,D
10:14:52,PTBA,RG,2890,49,D,EP,YP,D
10:14:45,PTBA,RG,2890,151,D,EP,CC,D
10:14:45,PTBA,RG,2890,49,D,EP,CC,D
10:14:44,PTBA,RG,2890,91,D,EP,YP,D
10:14:44,PTBA,RG,2890,120,D,EP,YP,D
10:14:44,PTBA,RG,2890,120,D,EP,YP,D
10:14:44,PTBA,RG,2890,47,D,EP,YP,D
10:14:43,PTBA,RG,2890,53,D,EP,CC,D
10:14:43,PTBA,RG,2890,47,D,EP,CC,D
10:14:41,PTBA,RG,2890,1,D,EP,YB,D
10:14:41,PTBA,RG,2890,10,D,EP,YP,D
10:14:41,PTBA,RG,2890,20,D,EP,KK,D
10:14:39,PTBA,RG,2890,122,D,EP,CC,D
10:14:39,PTBA,RG,2890,78,D,EP,CC,D
10:14:37,PTBA,RG,2890,2,D,EP,CP,D
10:14:37,PTBA,RG,2890,20,D,EP,DH,D
10:14:36,PTBA,RG,2890,2,D,EP,YP,D
10:14:33,PTBA,RG,2890,1,D,EP,YB,D
10:14:28,PTBA,RG,2890,6,D,EP,YP,D
10:14:26,PTBA,RG,2890,50,D,EP,YP,D
10:14:25,PTBA,RG,2890,234,D,EP,OD,D
10:14:24,PTBA,RG,2890,35,D,EP,XC,D
10:14:20,PTBA,RG,2890,2,D,EP,LG,D
10:14:19,PTBA,RG,2890,3,D,EP,XC,D
10:14:14,PTBA,RG,2890,30,D,EP,PD,D
10:14:06,PTBA,RG,2890,7,D,EP,XC,D
10:14:00,PTBA,RG,2890,10,D,EP,HP,D
10:13:59,PTBA,RG,2890,20,D,EP,EP,D
10:13:59,PTBA,RG,2890,100,D,EP,EP,D
10:13:59,PTBA,RG,2890,200,D,EP,EP,D
10:13:59,PTBA,RG,2890,35,D,CC,EP,D
10:13:59,PTBA,RG,2890,40,F,BK,EP,D
10:13:59,PTBA,RG,2890,1,F,ZP,EP,D
10:13:59,PTBA,RG,2890,2,D,EP,EP,D
10:13:59,PTBA,RG,2890,83,F,BK,EP,D
10:13:59,PTBA,RG,2890,5,F,CS,EP,D
10:13:59,PTBA,RG,2890,14,F,RX,EP,D
10:13:53,PTBA,RG,2890,40,F,RX,EP,D
10:13:53,PTBA,RG,2890,949,D,EP,EP,D
10:13:53,PTBA,RG,2890,11,F,ZP,EP,D
10:13:45,PTBA,RG,2890,43,F,ZP,XC,D
10:13:45,PTBA,RG,2890,27,F,BK,XC,D
10:13:38,PTBA,RG,2900,34,F,ZP,SH,D
10:13:35,PTBA,RG,2890,1,F,BK,XL,D
10:13:35,PTBA,RG,2890,1,F,RX,XL,D
10:13:33,PTBA,RG,2890,30,F,RX,CC,D
10:13:29,PTBA,RG,2900,2,D,XC,SH,D
10:13:24,PTBA,RG,2890,1,F,RX,DR,D
10:13:12,PTBA,RG,2890,5,F,RX,YP,D
10:13:12,PTBA,RG,2890,10,F,ZP,YP,D
10:13:12,PTBA,RG,2890,1,F,ZP,YP,D
10:13:12,PTBA,RG,2890,84,D,EP,YP,D
10:13:10,PTBA,RG,2890,200,D,EP,LG,D
10:13:06,PTBA,RG,2890,1,D,EP,YB,D
10:12:59,PTBA,RG,2890,115,D,EP,KK,D
10:12:59,PTBA,RG,2890,1,D,CC,KK,D
10:12:59,PTBA,RG,2890,45,F,BK,KK,D
10:12:59,PTBA,RG,2890,100,D,YB,KK,D
10:12:59,PTBA,RG,2890,10,D,GR,KK,D
10:12:59,PTBA,RG,2890,25,D,YP,KK,D
10:12:59,PTBA,RG,2890,1,D,PD,KK,D
10:12:59,PTBA,RG,2890,100,D,DR,KK,D
10:12:59,PTBA,RG,2890,34,F,RX,KK,D
10:12:59,PTBA,RG,2890,5,D,CC,KK,D
10:12:59,PTBA,RG,2890,49,D,YU,KK,D
10:12:59,PTBA,RG,2890,6,F,CS,KK,D
10:12:59,PTBA,RG,2890,509,F,BK,KK,D
10:12:56,PTBA,RG,2890,2,F,BK,AZ,D
10:12:52,PTBA,RG,2900,5,D,XC,SH,D
10:12:37,PTBA,RG,2890,3,F,BK,NI,D
10:12:34,PTBA,RG,2890,10,F,BK,OD,D
10:12:34,PTBA,RG,2890,7,F,BK,OD,D
10:12:33,PTBA,RG,2890,10,F,BK,LG,D
10:12:32,PTBA,RG,2890,8,F,BK,NI,D
10:12:26,PTBA,RG,2890,14,F,BK,XC,D
10:12:25,PTBA,RG,2890,4,F,BK,YP,D
10:12:24,PTBA,RG,2890,30,F,BK,CC,D
10:12:23,PTBA,RG,2890,1,F,BK,KK,D
10:12:19,PTBA,RG,2890,1,F,BK,CC,D
10:12:19,PTBA,RG,2890,16,F,RX,CC,D
10:12:17,PTBA,RG,2890,1,F,RX,CC,D
10:12:11,PTBA,RG,2890,10,F,RX,ES,D
10:12:08,PTBA,RG,2890,2,F,RX,XC,D
10:12:05,PTBA,RG,2890,4,F,RX,PD,D
10:12:04,PTBA,RG,2890,17,F,RX,YP,D
10:11:56,PTBA,RG,2890,10,F,RX,PD,D
10:11:56,PTBA,RG,2890,47,F,RX,NI,D
10:11:56,PTBA,RG,2890,153,D,EP,NI,D
10:11:51,PTBA,RG,2890,100,D,EP,HP,D
10:11:50,PTBA,RG,2890,1,D,EP,PD,D
10:11:50,PTBA,RG,2890,300,D,EP,MG,D
10:11:50,PTBA,RG,2890,205,D,EP,PD,D
10:11:50,PTBA,RG,2890,5,D,EP,KK,D
10:11:50,PTBA,RG,2890,36,D,EP,CC,D
10:11:50,PTBA,RG,2890,30,D,EP,CC,D
10:11:50,PTBA,RG,2890,200,D,EP,CC,D
10:11:50,PTBA,RG,2890,70,D,EP,MG,D
10:11:50,PTBA,RG,2890,300,D,EP,MG,D
10:11:50,PTBA,RG,2890,600,D,EP,MG,D
10:11:48,PTBA,RG,2890,23,F,ZP,MG,D
10:11:42,PTBA,RG,2890,5,D,PD,MG,D
10:11:37,PTBA,RG,2890,1,F,RX,MG,D
10:11:37,PTBA,RG,2890,1,F,ZP,MG,D
10:11:34,PTBA,RG,2890,2,F,CS,HP,D
10:11:34,PTBA,RG,2890,2,F,CS,HP,D
10:11:34,PTBA,RG,2890,5,D,YB,HP,D
10:11:34,PTBA,RG,2890,1,F,ZP,HP,D
10:11:34,PTBA,RG,2890,31,D,PD,AK,F
10:11:34,PTBA,RG,2890,5,D,PD,AK,F
10:11:34,PTBA,RG,2890,24,F,BK,AK,F
10:11:34,PTBA,RG,2890,2,D,XL,AK,F
10:11:34,PTBA,RG,2890,73,F,RX,AK,F
10:11:34,PTBA,RG,2890,112,F,BK,AK,F
10:11:34,PTBA,RG,2890,1,F,CS,AK,F
10:11:34,PTBA,RG,2890,227,D,CC,AK,F
10:11:33,PTBA,RG,2890,300,D,CC,YU,D
10:11:33,PTBA,RG,2890,200,D,CC,CC,D
10:11:33,PTBA,RG,2890,273,D,CC,AK,F
10:11:33,PTBA,RG,2890,10,D,YP,AK,F
10:11:33,PTBA,RG,2890,1,F,ZP,AK,F
10:11:33,PTBA,RG,2890,8,F,ZP,AK,F
10:11:28,PTBA,RG,2890,5,F,BK,XL,D
10:11:28,PTBA,RG,2890,50,F,BK,GR,D
10:11:24,PTBA,RG,2890,15,F,BK,YP,D
10:11:18,PTBA,RG,2890,1,F,BK,DR,D
10:11:15,PTBA,RG,2890,100,F,BK,NI,D
10:11:12,PTBA,RG,2890,1,F,BK,YP,D
10:11:12,PTBA,RG,2900,1,D,XC,SH,D
10:11:09,PTBA,RG,2890,1,F,BK,YP,D
10:11:06,PTBA,RG,2890,12,F,BK,AZ,D
10:11:06,PTBA,RG,2890,6,F,RX,AZ,D
10:11:06,PTBA,RG,2890,1,F,CS,AZ,D
10:11:06,PTBA,RG,2890,31,F,BK,AZ,D
10:11:04,PTBA,RG,2890,1,F,BK,YP,D
10:11:02,PTBA,RG,2890,1,F,BK,PD,D
10:11:01,PTBA,RG,2890,16,F,BK,PD,D
10:11:00,PTBA,RG,2890,10,F,BK,BQ,D
10:11:00,PTBA,RG,2900,9,D,XL,SH,D
10:10:58,PTBA,RG,2890,1,F,BK,YP,D
10:10:58,PTBA,RG,2890,15,F,BK,YP,D
10:10:58,PTBA,RG,2900,1,D,XC,SH,D
10:10:58,PTBA,RG,2890,1,F,BK,YP,D
10:10:57,PTBA,RG,2890,46,F,BK,YP,D
10:10:57,PTBA,RG,2890,75,F,RX,YP,D
10:10:57,PTBA,RG,2890,1,F,ZP,YP,D
10:10:57,PTBA,RG,2890,2,F,CS,YP,D
10:10:57,PTBA,RG,2890,3,F,CS,YP,D
10:10:57,PTBA,RG,2890,1,F,CS,YP,D
10:10:57,PTBA,RG,2890,1,F,CS,YP,D
10:10:57,PTBA,RG,2890,2,F,CS,YP,D
10:10:57,PTBA,RG,2890,369,D,OD,YP,D
10:10:54,PTBA,RG,2890,2,D,OD,PD,D
10:10:48,PTBA,RG,2890,20,D,OD,YP,D
10:10:48,PTBA,RG,2890,3,D,OD,PD,D
10:10:48,PTBA,RG,2890,20,D,OD,YP,D
10:10:48,PTBA,RG,2890,25,D,OD,PD,D
10:10:48,PTBA,RG,2890,50,D,OD,ZP,D
10:10:48,PTBA,RG,2890,1,D,OD,PD,D
10:10:48,PTBA,RG,2890,75,D,OD,CC,D
10:10:48,PTBA,RG,2890,1,D,OD,CC,D
10:10:48,PTBA,RG,2890,88,D,OD,NI,D
10:10:48,PTBA,RG,2890,300,D,OD,FZ,D
10:10:48,PTBA,RG,2890,111,D,OD,CC,D
10:10:48,PTBA,RG,2890,4,D,OD,CC,D
10:10:48,PTBA,RG,2890,107,D,OD,PD,D
10:10:46,PTBA,RG,2890,3,D,XC,PD,D
10:10:44,PTBA,RG,2890,99,D,YP,PD,D
10:10:32,PTBA,RG,2890,35,F,ZP,PD,D
10:10:30,PTBA,RG,2890,1,F,ZP,PD,D
10:10:29,PTBA,RG,2890,5,F,CS,PD,D
10:10:29,PTBA,RG,2890,2,D,KK,AK,F
10:10:29,PTBA,RG,2890,4,D,XC,AK,F
10:10:29,PTBA,RG,2890,1,F,ZP,AK,F
10:10:29,PTBA,RG,2890,20,F,ZP,AK,F
10:10:29,PTBA,RG,2890,10,D,CP,AK,F
10:10:29,PTBA,RG,2890,47,D,YU,AK,F
10:10:29,PTBA,RG,2890,310,D,PD,AK,F
10:10:29,PTBA,RG,2890,10,D,PD,AK,F
10:10:29,PTBA,RG,2890,1,F,ZP,AK,F
10:10:29,PTBA,RG,2890,1,F,ZP,AK,F
10:10:29,PTBA,RG,2890,2,F,CS,AK,F
10:10:29,PTBA,RG,2890,12,F,BK,AK,F
10:10:29,PTBA,RG,2890,102,F,BK,AK,F
10:10:29,PTBA,RG,2890,226,F,BK,AK,F
10:10:28,PTBA,RG,2890,791,F,BK,MK,D
10:10:28,PTBA,RG,2890,449,F,RX,MK,D
10:10:28,PTBA,RG,2890,468,F,BK,MK,D
10:10:28,PTBA,RG,2890,292,F,BK,MK,D
10:10:27,PTBA,RG,2890,1,F,BK,PD,D
10:10:26,PTBA,RG,2890,22,F,BK,XC,D
10:10:26,PTBA,RG,2900,2,D,XC,SH,D
10:10:25,PTBA,RG,2890,1,F,BK,CC,D
10:10:23,PTBA,RG,2890,10,F,BK,YP,D
10:10:07,PTBA,RG,2890,1,F,BK,XC,D
10:10:04,PTBA,RG,2900,3,F,RX,SH,D
10:10:03,PTBA,RG,2900,69,F,BK,SH,D
10:09:52,PTBA,RG,2900,78,F,RX,SH,D
10:09:51,PTBA,RG,2900,1,D,CC,SH,D
10:09:47,PTBA,RG,2890,28,F,BK,PD,D
10:09:46,PTBA,RG,2890,179,F,BK,GR,D
10:09:46,PTBA,RG,2890,76,D,YU,GR,D
10:09:46,PTBA,RG,2890,50,D,YU,GR,D
10:09:46,PTBA,RG,2890,12,F,ZP,GR,D
10:09:46,PTBA,RG,2890,1,F,ZP,GR,D
10:09:46,PTBA,RG,2890,5,F,CS,GR,D
10:09:46,PTBA,RG,2890,1,F,CS,GR,D
10:09:46,PTBA,RG,2890,873,D,BQ,GR,D
10:09:40,PTBA,RG,2890,1,D,BQ,XC,D
10:09:40,PTBA,RG,2900,2,F,RX,SH,D
10:09:39,PTBA,RG,2890,1,D,BQ,PD,D
10:09:38,PTBA,RG,2890,10,D,BQ,AZ,D
10:09:38,PTBA,RG,2890,10,D,BQ,YP,D
10:09:38,PTBA,RG,2900,1,D,YP,SH,D
10:09:38,PTBA,RG,2900,1,D,YP,YB,D
10:09:38,PTBA,RG,2900,6,D,YP,ZP,D
10:09:38,PTBA,RG,2900,8,D,YB,ZP,D
10:09:37,PTBA,RG,2900,26,D,KK,ZP,D
10:09:37,PTBA,RG,2900,1,D,KK,PD,D
10:09:37,PTBA,RG,2900,2,D,KK,YB,D
10:09:37,PTBA,RG,2900,10,D,KK,TP,D
10:09:37,PTBA,RG,2900,1,D,KK,YU,D
10:09:26,PTBA,RG,2890,5,D,BQ,YP,D
10:09:24,PTBA,RG,2890,25,D,BQ,ZP,D
10:09:24,PTBA,RG,2890,2,D,BQ,NI,D
10:09:24,PTBA,RG,2890,73,D,BQ,LG,D
10:09:23,PTBA,RG,2890,49,F,BK,LG,D
10:09:21,PTBA,RG,2890,51,F,BK,LG,D
10:09:21,PTBA,RG,2890,1,D,PD,LG,D
10:09:20,PTBA,RG,2890,26,D,YB,LG,D
10:09:20,PTBA,RG,2890,1,D,YB,KK,D
10:09:20,PTBA,RG,2890,1,D,YB,YP,D
10:09:20,PTBA,RG,2890,1,D,YB,YP,D
10:09:20,PTBA,RG,2890,10,D,YB,CC,D
10:09:20,PTBA,RG,2890,1,D,YB,CC,F
10:09:20,PTBA,RG,2890,2,D,YB,TF,D
10:09:20,PTBA,RG,2890,100,D,YB,DR,D
10:09:20,PTBA,RG,2890,25,D,YB,IT,D
10:09:20,PTBA,RG,2890,50,D,YB,CC,D
10:09:19,PTBA,RG,2890,100,D,YP,CC,D
10:09:19,PTBA,RG,2890,50,D,YP,IT,D
10:09:19,PTBA,RG,2890,35,D,YP,YP,D
10:09:19,PTBA,RG,2890,15,D,YP,YP,D
10:09:15,PTBA,RG,2890,5,F,RX,YP,D
10:09:15,PTBA,RG,2890,2,F,RX,YP,D
10:09:15,PTBA,RG,2890,50,F,RX,PD,D
10:09:13,PTBA,RG,2890,9,D,YP,PD,D
10:09:12,PTBA,RG,2890,24,F,RX,PD,D
10:09:10,PTBA,RG,2890,168,D,PD,PD,D
10:09:10,PTBA,RG,2890,177,D,PD,YP,D
10:09:09,PTBA,RG,2890,23,F,RX,YP,D
10:09:09,PTBA,RG,2890,1,F,RX,EP,D
10:09:09,PTBA,RG,2890,5,F,RX,YP,D
10:09:09,PTBA,RG,2890,2,D,BQ,YP,D
10:09:09,PTBA,RG,2890,98,D,BQ,LG,D
10:09:08,PTBA,RG,2890,2,F,BK,LG,D
10:09:08,PTBA,RG,2890,8,F,BK,PD,D
10:09:08,PTBA,RG,2890,2,F,BK,EP,D
10:09:08,PTBA,RG,2890,3,F,BK,XC,D
10:09:08,PTBA,RG,2890,2,F,BK,CC,D
10:09:08,PTBA,RG,2890,52,F,BK,HP,D
10:09:05,PTBA,RG,2890,2,D,BQ,HP,D
10:09:05,PTBA,RG,2890,5,D,BQ,KK,D
10:09:05,PTBA,RG,2890,100,D,BQ,AG,D
10:09:05,PTBA,RG,2890,10,D,BQ,KK,D
10:09:05,PTBA,RG,2890,330,D,BQ,KK,D
10:09:05,PTBA,RG,2890,10,D,BQ,GR,D
10:09:05,PTBA,RG,2890,50,D,BQ,NI,D
10:09:05,PTBA,RG,2890,1,D,BQ,PD,D
10:09:05,PTBA,RG,2890,100,D,BQ,AZ,D
10:09:05,PTBA,RG,2890,10,D,BQ,PD,D
10:09:05,PTBA,RG,2890,1,D,BQ,YP,D
10:09:05,PTBA,RG,2890,5,D,BQ,YP,D
10:09:05,PTBA,RG,2890,8,D,BQ,PD,D
10:09:05,PTBA,RG,2890,5,D,BQ,NI,D
10:09:05,PTBA,RG,2890,1,D,BQ,PD,D
10:09:05,PTBA,RG,2890,1,D,BQ,YB,D
10:09:05,PTBA,RG,2890,361,D,BQ,KK,D
10:09:05,PTBA,RG,2890,25,D,XC,KK,D
10:09:04,PTBA,RG,2890,2,D,XC,KK,D
10:09:03,PTBA,RG,2880,3,D,RF,XC,D
10:09:03,PTBA,RG,2890,37,F,BK,KK,D
10:08:58,PTBA,RG,2890,575,D,CC,KK,D
10:08:58,PTBA,RG,2890,4,D,CC,YP,D
10:08:58,PTBA,RG,2890,10,D,CC,YP,D
10:08:58,PTBA,RG,2890,3,D,CC,PD,D
10:08:58,PTBA,RG,2890,1,D,CC,PD,D
10:08:58,PTBA,RG,2890,1,D,CC,KK,D
10:08:58,PTBA,RG,2890,1,D,CC,XC,D
10:08:58,PTBA,RG,2890,100,D,CC,DH,D
10:08:58,PTBA,RG,2890,1,D,CC,CC,F
10:08:58,PTBA,RG,2890,74,D,CC,PD,D
10:08:57,PTBA,RG,2880,1,D,RF,YP,D
10:08:55,PTBA,RG,2890,76,D,YP,PD,D
10:08:55,PTBA,RG,2890,24,D,YP,PD,D
10:08:51,PTBA,RG,2890,1,D,TP,PD,D
10:08:51,PTBA,RG,2890,2,D,TP,NI,D
10:08:51,PTBA,RG,2890,18,D,TP,TF,D
10:08:51,PTBA,RG,2890,69,D,TP,YP,D
10:08:51,PTBA,RG,2890,5,D,TP,CC,D
10:08:51,PTBA,RG,2890,5,D,TP,DH,D
10:08:51,PTBA,RG,2890,5,D,CC,DH,D
10:08:45,PTBA,RG,2890,5,D,NI,DH,D
10:08:42,PTBA,RG,2890,5,F,BK,DH,D
10:08:42,PTBA,RG,2890,50,F,BK,YP,D
10:08:42,PTBA,RG,2890,13,F,BK,PD,D
10:08:40,PTBA,RG,2890,17,F,RX,PD,D
10:08:40,PTBA,RG,2890,1,D,DR,PD,D
10:08:39,PTBA,RG,2890,11,F,RX,PD,D
10:08:39,PTBA,RG,2890,143,D,YP,PD,D
10:08:39,PTBA,RG,2890,1,D,YP,XL,D
10:08:39,PTBA,RG,2890,10,D,YP,NI,D
10:08:39,PTBA,RG,2890,50,D,YP,NI,D
10:08:39,PTBA,RG,2890,50,D,YP,NI,D
10:08:39,PTBA,RG,2890,35,D,YP,XC,D
10:08:39,PTBA,RG,2890,2,D,YP,PD,D
10:08:39,PTBA,RG,2890,3,D,YP,PD,D
10:08:39,PTBA,RG,2890,2,D,YP,XC,D
10:08:39,PTBA,RG,2890,3,D,YP,NI,D
10:08:39,PTBA,RG,2890,2,D,YP,AZ,D
10:08:39,PTBA,RG,2890,1,D,YP,PD,D
10:08:39,PTBA,RG,2890,1,D,YP,PD,D
10:08:39,PTBA,RG,2890,25,D,YP,NI,D
10:08:39,PTBA,RG,2890,1,D,YP,XC,D
10:08:39,PTBA,RG,2890,1,D,YP,EP,D
10:08:39,PTBA,RG,2890,20,D,YP,KK,D
10:08:39,PTBA,RG,2890,25,D,YP,PD,D
10:08:39,PTBA,RG,2890,25,D,YP,CC,D
10:08:38,PTBA,RG,2890,1,D,XC,CC,D
10:08:38,PTBA,RG,2890,19,F,BK,CC,D
10:08:38,PTBA,RG,2890,1,F,BK,KK,D
10:08:38,PTBA,RG,2890,3,F,BK,YP,D
10:08:38,PTBA,RG,2890,1,F,BK,YP,D
10:08:38,PTBA,RG,2890,26,F,BK,PD,D
10:08:38,PTBA,RG,2890,74,D,DR,PD,D
10:08:38,PTBA,RG,2890,1,D,DR,NI,D
10:08:38,PTBA,RG,2890,22,D,DR,PD,D
10:08:38,PTBA,RG,2890,130,D,DR,YP,F
10:08:36,PTBA,RG,2890,47,F,RX,YP,F
10:08:34,PTBA,RG,2890,40,F,ZP,YP,F
10:08:34,PTBA,RG,2890,1,F,ZP,YP,F
10:08:34,PTBA,RG,2890,282,D,YP,YP,F
10:08:34,PTBA,RG,2890,20,D,YP,NI,D
10:08:34,PTBA,RG,2890,20,D,YP,PD,D
10:08:34,PTBA,RG,2890,50,D,YP,NI,D
10:08:34,PTBA,RG,2890,2,D,YP,LG,D
10:08:34,PTBA,RG,2890,106,D,YP,DR,D
10:08:34,PTBA,RG,2890,100,D,YP,YP,D
10:08:34,PTBA,RG,2890,50,D,YP,YP,D
10:08:34,PTBA,RG,2890,100,D,YP,DR,D
10:08:34,PTBA,RG,2890,20,D,YP,CP,D
10:08:34,PTBA,RG,2890,1,D,YP,PD,D
10:08:34,PTBA,RG,2890,5,D,YP,YP,D
10:08:34,PTBA,RG,2890,200,D,YP,CC,D
10:08:34,PTBA,RG,2890,3,D,YP,YP,D
10:08:34,PTBA,RG,2890,12,D,YP,PD,D
10:08:34,PTBA,RG,2890,10,D,YP,YP,D
10:08:34,PTBA,RG,2890,1,D,YP,CC,D
10:08:34,PTBA,RG,2890,18,D,YP,YU,D
10:08:33,PTBA,RG,2890,37,F,BK,YU,D
10:08:33,PTBA,RG,2890,33,F,ZP,YU,D
10:08:33,PTBA,RG,2890,27,F,RX,YU,D
10:08:31,PTBA,RG,2890,85,D,PD,YU,D
10:08:31,PTBA,RG,2890,1,D,PD,XA,D
10:08:31,PTBA,RG,2890,3,D,PD,PD,D
10:08:31,PTBA,RG,2890,23,D,PD,DH,D
10:08:31,PTBA,RG,2890,60,D,PD,YP,D
10:08:31,PTBA,RG,2890,10,D,PD,LG,D
10:08:31,PTBA,RG,2890,5,D,PD,OD,D
10:08:31,PTBA,RG,2890,10,D,PD,CP,D
10:08:31,PTBA,RG,2890,250,D,PD,DX,D
10:08:31,PTBA,RG,2890,15,D,PD,YP,D
10:08:31,PTBA,RG,2890,3,D,PD,NI,D
10:08:31,PTBA,RG,2890,2,D,PD,PD,D
10:08:31,PTBA,RG,2890,10,D,PD,CC,D
10:08:31,PTBA,RG,2890,1,D,PD,XL,D
10:08:31,PTBA,RG,2890,172,D,PD,YP,D
10:08:31,PTBA,RG,2890,3,F,RX,YP,D
10:08:30,PTBA,RG,2890,5,D,YP,YP,D
10:08:29,PTBA,RG,2890,69,F,BK,YP,D
10:08:29,PTBA,RG,2880,1,D,RF,PD,D
10:08:29,PTBA,RG,2890,166,F,RX,YP,D
10:08:28,PTBA,RG,2890,23,F,RX,YP,D
10:08:27,PTBA,RG,2890,231,D,CC,YP,D
10:08:27,PTBA,RG,2890,50,D,CC,NI,D
10:08:27,PTBA,RG,2890,117,D,CC,CC,D
10:08:27,PTBA,RG,2890,2,D,CC,PD,D
10:08:27,PTBA,RG,2890,9,D,CC,XC,D
10:08:27,PTBA,RG,2890,5,D,CC,ZP,D
10:08:27,PTBA,RG,2890,8,D,CC,PD,D
10:08:27,PTBA,RG,2890,4,D,CC,NI,D
10:08:27,PTBA,RG,2890,1,D,CC,XC,D
10:08:27,PTBA,RG,2890,1,D,CC,YP,D
10:08:27,PTBA,RG,2890,3,D,CC,PD,D
10:08:27,PTBA,RG,2890,4,D,CC,DX,D
10:08:27,PTBA,RG,2890,3,D,CC,XC,D
10:08:27,PTBA,RG,2890,100,D,CC,YP,D
10:08:27,PTBA,RG,2890,20,D,CC,YP,D
10:08:27,PTBA,RG,2890,1,D,CC,PD,D
10:08:27,PTBA,RG,2890,3,D,CC,YP,D
10:08:27,PTBA,RG,2890,60,D,CC,YP,D
10:08:27,PTBA,RG,2890,3,D,CC,CC,D
10:08:27,PTBA,RG,2890,1,D,CC,YP,D
10:08:27,PTBA,RG,2890,100,D,CC,SQ,D
10:08:27,PTBA,RG,2890,1,D,CC,NI,D
10:08:27,PTBA,RG,2890,46,D,CC,PD,D
10:08:27,PTBA,RG,2890,35,D,CC,CC,D
10:08:27,PTBA,RG,2890,100,D,CC,YP,D
10:08:27,PTBA,RG,2890,6,D,CC,CC,D
10:08:27,PTBA,RG,2890,86,D,CC,YP,D
10:08:27,PTBA,RG,2890,14,D,YP,YP,D
10:08:27,PTBA,RG,2890,124,D,YP,CC,D
10:08:27,PTBA,RG,2890,2,D,YP,YB,D
10:08:27,PTBA,RG,2890,23,D,YP,YP,D
10:08:27,PTBA,RG,2890,2,D,YP,BQ,D
10:08:27,PTBA,RG,2890,100,D,YP,YP,D
10:08:27,PTBA,RG,2890,1,D,YP,XC,D
10:08:27,PTBA,RG,2890,10,D,YP,PD,D
10:08:27,PTBA,RG,2890,10,D,YP,KK,D
10:08:27,PTBA,RG,2890,10,D,YP,CC,D
10:08:27,PTBA,RG,2890,10,D,YP,PD,D
10:08:27,PTBA,RG,2890,44,D,YP,IT,D
10:08:25,PTBA,RG,2890,132,F,RX,IT,D
10:08:25,PTBA,RG,2890,98,F,BK,IT,D
10:08:24,PTBA,RG,2890,226,D,CC,IT,D
10:08:24,PTBA,RG,2890,1,D,CC,KK,D
10:08:24,PTBA,RG,2890,500,D,CC,IT,D
10:08:24,PTBA,RG,2890,50,D,CC,PD,D
10:08:24,PTBA,RG,2890,500,D,CC,IT,D
10:08:24,PTBA,RG,2890,10,D,CC,PD,D
10:08:24,PTBA,RG,2890,1,D,CC,NI,D
10:08:24,PTBA,RG,2890,10,D,CC,YB,D
10:08:24,PTBA,RG,2890,59,D,CC,AT,D
10:08:24,PTBA,RG,2890,15,D,CC,NI,D
10:08:24,PTBA,RG,2890,3,D,CC,OD,D
10:08:24,PTBA,RG,2890,1,D,CC,CP,D
10:08:24,PTBA,RG,2890,40,D,CC,YP,D
10:08:24,PTBA,RG,2890,2,D,CC,NI,D
10:08:24,PTBA,RG,2890,4,D,CC,KK,D
10:08:24,PTBA,RG,2890,10,D,CC,YB,D
10:08:24,PTBA,RG,2890,3,D,CC,YP,D
10:08:24,PTBA,RG,2890,1,D,CC,YP,D
10:08:24,PTBA,RG,2890,5,D,CC,KK,D
10:08:24,PTBA,RG,2890,1,D,CC,SQ,D
10:08:24,PTBA,RG,2890,10,D,CC,AZ,D
10:08:24,PTBA,RG,2890,3,D,CC,PD,D
10:08:24,PTBA,RG,2890,5,D,CC,PD,D
10:08:24,PTBA,RG,2890,100,D,CC,LS,D
10:08:24,PTBA,RG,2890,10,D,CC,CC,D
10:08:24,PTBA,RG,2890,2,D,CC,NI,D
10:08:24,PTBA,RG,2890,50,D,CC,NI,D
10:08:24,PTBA,RG,2890,3,D,CC,NI,D
10:08:24,PTBA,RG,2890,10,D,CC,PD,D
10:08:24,PTBA,RG,2890,10,D,CC,GR,D
10:08:24,PTBA,RG,2890,1,D,CC,XC,D
10:08:24,PTBA,RG,2890,10,D,CC,PD,D
10:08:24,PTBA,RG,2890,1,D,CC,YB,D
10:08:24,PTBA,RG,2890,1,D,CC,XC,D
10:08:24,PTBA,RG,2890,1,D,CC,ZP,D
10:08:24,PTBA,RG,2890,10,D,CC,YP,D
10:08:24,PTBA,RG,2890,1,D,CC,NI,D
10:08:24,PTBA,RG,2890,4,D,CC,PD,D
10:08:24,PTBA,RG,2890,10,D,CC,CC,D
10:08:24,PTBA,RG,2890,3,D,CC,YP,D
10:08:24,PTBA,RG,2890,5,D,CC,NI,D
10:08:24,PTBA,RG,2890,2,D,CC,NI,D
10:08:24,PTBA,RG,2890,10,D,CC,PD,D
10:08:24,PTBA,RG,2890,5,D,CC,PD,D
10:08:24,PTBA,RG,2890,20,D,CC,PD,D
10:08:24,PTBA,RG,2890,130,D,CC,AI,D
10:08:24,PTBA,RG,2890,300,D,CC,YP,D
10:08:24,PTBA,RG,2890,3,D,CC,YP,D
10:08:24,PTBA,RG,2890,20,D,CC,YP,D
10:08:24,PTBA,RG,2890,318,D,CC,ES,D
10:08:22,PTBA,RG,2890,1,F,RX,ES,D
10:08:21,PTBA,RG,2890,26,F,BK,ES,D
10:08:19,PTBA,RG,2890,11,F,RX,ES,D
10:08:17,PTBA,RG,2890,46,F,BK,ES,D
10:08:15,PTBA,RG,2880,2,D,RF,YP,D
10:08:15,PTBA,RG,2890,98,D,PD,ES,D
10:08:15,PTBA,RG,2890,1,D,PD,OD,D
10:08:15,PTBA,RG,2890,200,D,PD,YP,D
10:08:15,PTBA,RG,2890,10,D,PD,YP,D
10:08:15,PTBA,RG,2890,1,D,PD,YP,D
10:08:15,PTBA,RG,2890,10,D,PD,YP,D
10:08:15,PTBA,RG,2890,3,D,PD,YP,D
10:08:15,PTBA,RG,2890,10,D,PD,LG,D
10:08:15,PTBA,RG,2890,7,D,PD,KK,D
10:08:15,PTBA,RG,2890,2,D,PD,YP,D
10:08:15,PTBA,RG,2890,5,D,PD,YP,D
10:08:15,PTBA,RG,2890,1,D,PD,KK,D
10:08:15,PTBA,RG,2890,170,D,PD,CC,D
10:08:15,PTBA,RG,2890,10,D,PD,YP,D
10:08:15,PTBA,RG,2890,2,D,PD,YP,D
10:08:15,PTBA,RG,2890,500,D,PD,CC,D
10:08:15,PTBA,RG,2890,5,D,PD,PD,D
10:08:15,PTBA,RG,2890,1,D,PD,PD,D
10:08:12,PTBA,RG,2890,14,D,XC,PD,D
10:08:08,PTBA,RG,2890,27,F,BK,PD,D
10:08:08,PTBA,RG,2890,2,F,BK,PD,D
10:08:08,PTBA,RG,2890,1,F,BK,DR,D
10:08:08,PTBA,RG,2890,30,F,BK,PD,D
10:08:05,PTBA,RG,2890,20,D,CC,PD,D
10:08:05,PTBA,RG,2890,200,D,CC,YP,D
10:08:05,PTBA,RG,2890,10,D,CC,YP,D
10:08:05,PTBA,RG,2890,500,D,CC,SQ,D
10:08:05,PTBA,RG,2890,1,D,CC,YP,D
10:08:05,PTBA,RG,2890,100,D,CC,PD,D
10:08:05,PTBA,RG,2890,1,D,CC,YP,D
10:08:05,PTBA,RG,2890,3,D,CC,PD,D
10:08:05,PTBA,RG,2890,5,D,CC,YP,D
10:08:05,PTBA,RG,2890,50,D,CC,AG,D
10:08:05,PTBA,RG,2890,10,D,CC,DH,D
10:08:05,PTBA,RG,2890,1,D,CC,DH,D
10:08:05,PTBA,RG,2890,72,D,CC,PD,D
10:08:05,PTBA,RG,2890,500,D,CC,DH,D
10:08:05,PTBA,RG,2890,20,D,CC,GR,D
10:08:05,PTBA,RG,2890,1,D,CC,DH,D
10:08:05,PTBA,RG,2890,10,D,CC,DR,D
