Time,Stock,Brd,Price,Qty,BT,BC,SC,ST
15:14:52,PTBA,RG,3380,100,D,HD,MG,D
15:13:54,PTBA,RG,3380,5,D,HD,PD,D
15:13:51,PTBA,RG,3380,4,D,HD,PD,D
15:13:49,PTBA,RG,3380,100,D,HD,YP,D
15:13:20,PTBA,RG,3380,5,D,HD,PD,D
15:12:05,PTBA,RG,3380,15,D,HD,YP,D
15:11:59,PTBA,RG,3380,115,D,HD,OD,D
15:11:25,PTBA,RG,3380,50,D,HD,YU,D
15:08:30,PTBA,RG,3380,50,D,HD,PD,D
15:08:30,PTBA,RG,3380,3,D,HD,HP,D
15:08:26,PTBA,RG,3380,10,D,HD,HP,D
15:08:11,PTBA,RG,3380,7,D,HD,DR,D
15:07:43,PTBA,RG,3380,1,D,HD,XC,D
15:07:30,PTBA,RG,3380,1,D,HD,YP,D
15:07:20,PTBA,RG,3380,100,D,HD,CC,D
15:07:16,PTBA,RG,3380,10,D,HD,KK,D
15:07:09,PTBA,RG,3380,1,D,HD,XC,D
15:07:02,PTBA,RG,3380,2,D,HD,CP,D
15:07:01,PTBA,RG,3380,30,D,HD,YP,D
15:06:36,PTBA,RG,3380,30,D,HD,PD,D
15:06:12,PTBA,RG,3380,10,D,HD,PD,D
15:06:07,PTBA,RG,3380,25,D,HD,PD,D
15:06:01,PTBA,RG,3380,9,D,HD,XC,D
15:06:01,PTBA,RG,3380,74,D,HD,SQ,D
15:06:01,PTBA,RG,3380,1,D,HD,NI,D
15:06:01,PTBA,RG,3380,5,D,HD,NI,D
15:06:01,PTBA,RG,3380,5,D,HD,YP,D
15:06:01,PTBA,RG,3380,1,D,HD,PD,D
15:06:01,PTBA,RG,3380,30,D,HD,YU,D
15:06:01,PTBA,RG,3380,13,D,HD,MG,D
15:06:00,PTBA,RG,3380,87,D,PD,MG,D
15:06:00,PTBA,RG,3380,5,D,PD,LG,D
15:06:00,PTBA,RG,3380,3,D,PD,PD,D
15:06:00,PTBA,RG,3380,7,D,PD,CC,D
15:06:00,PTBA,RG,3380,1,D,PD,XA,D
15:06:00,PTBA,RG,3380,1,D,PD,PD,D
15:06:00,PTBA,RG,3380,100,D,PD,YB,D
15:06:00,PTBA,RG,3380,15,D,PD,YP,D
15:06:00,PTBA,RG,3380,100,D,PD,PD,D
15:06:00,PTBA,RG,3380,3,D,PD,NI,D
15:06:00,PTBA,RG,3380,178,D,PD,YB,D
15:05:54,PTBA,RG,3380,122,D,YP,YB,D
15:05:54,PTBA,RG,3380,10,D,YP,HP,D
15:05:54,PTBA,RG,3380,26,D,YP,HP,D
15:05:54,PTBA,RG,3380,2,D,YP,PD,D
15:05:54,PTBA,RG,3380,5,D,YP,OD,D
15:05:54,PTBA,RG,3380,100,D,YP,KK,D
15:05:54,PTBA,RG,3380,1,D,YP,SQ,D
15:05:54,PTBA,RG,3380,3,D,YP,YP,D
15:05:54,PTBA,RG,3380,300,D,YP,XL,D
15:05:54,PTBA,RG,3380,5,D,YP,PD,D
15:05:54,PTBA,RG,3380,1,D,YP,YP,D
15:05:54,PTBA,RG,3380,4,D,YP,XC,D
15:05:54,PTBA,RG,3380,5,D,YP,MU,D
15:05:54,PTBA,RG,3380,2,D,YP,LG,D
15:05:54,PTBA,RG,3380,10,D,YP,HP,D
15:05:54,PTBA,RG,3380,2,D,YP,YP,D
15:05:54,PTBA,RG,3380,60,D,YP,EP,D
15:05:54,PTBA,RG,3380,2,D,YP,XC,D
15:05:54,PTBA,RG,3380,12,D,YP,CC,D
15:05:54,PTBA,RG,3380,5,D,YP,XC,D
15:05:54,PTBA,RG,3380,10,D,YP,HP,D
15:05:54,PTBA,RG,3380,30,D,YP,XL,D
15:05:54,PTBA,RG,3380,8,D,YP,CD,D
15:05:54,PTBA,RG,3380,275,D,YP,YP,D
15:05:47,PTBA,RG,3380,725,D,DX,YP,D
15:05:47,PTBA,RG,3380,1,D,DX,YB,D
15:05:47,PTBA,RG,3380,117,D,DX,YP,D
15:05:47,PTBA,RG,3380,12,D,DX,NI,D
15:05:47,PTBA,RG,3380,1,D,DX,PD,D
15:05:47,PTBA,RG,3380,1,D,DX,NI,D
15:05:47,PTBA,RG,3380,1,D,DX,NI,D
15:05:47,PTBA,RG,3380,4,D,DX,XC,D
15:05:47,PTBA,RG,3380,4,D,DX,YP,D
15:05:47,PTBA,RG,3380,1,D,DX,CC,D
15:05:47,PTBA,RG,3380,2,D,DX,PD,D
15:05:47,PTBA,RG,3380,631,D,DX,NI,D
15:05:47,PTBA,RG,3380,5,D,XL,NI,D
15:05:31,PTBA,RG,3380,1,D,CC,NI,D
15:04:58,PTBA,RG,3380,10,D,CC,NI,D
15:04:10,PTBA,RG,3380,3,D,CC,NI,D
15:04:05,PTBA,RG,3380,531,D,MG,NI,D
15:04:05,PTBA,RG,3380,1,D,MG,NI,D
15:04:05,PTBA,RG,3380,1,D,MG,NI,D
15:04:05,PTBA,RG,3380,5,D,MG,PD,D
15:04:05,PTBA,RG,3380,19,D,MG,HP,D
15:04:05,PTBA,RG,3380,1,D,MG,PD,D
15:04:05,PTBA,RG,3380,442,D,MG,YP,D
15:03:55,PTBA,RG,3380,45,D,PD,YP,D
15:03:37,PTBA,RG,3380,55,D,PD,YP,D
15:03:34,PTBA,RG,3380,58,D,IU,YP,D
15:03:34,PTBA,RG,3380,2,D,GR,XC,D
15:03:34,PTBA,RG,3380,100,D,GR,YP,D
15:03:34,PTBA,RG,3380,46,D,GR,YP,D
15:03:17,PTBA,RG,3380,3,D,KK,YP,D
15:03:08,PTBA,RG,3380,1,D,PD,YP,D
15:03:05,PTBA,RG,3380,1,D,NI,YP,D
15:03:05,PTBA,RG,3380,2,D,NI,XC,D
15:03:05,PTBA,RG,3380,1,D,NI,XL,D
15:03:05,PTBA,RG,3380,1,D,NI,YP,D
15:03:05,PTBA,RG,3380,2,D,NI,PD,D
15:02:59,PTBA,RG,3380,1,D,NI,PD,D
15:02:59,PTBA,RG,3380,10,D,NI,YP,D
15:02:42,PTBA,RG,3380,3,D,XC,YP,D
15:02:23,PTBA,RG,3380,12,F,AI,YP,D
15:02:23,PTBA,RG,3380,1,F,AI,PD,D
15:02:23,PTBA,RG,3380,35,F,AI,PD,D
15:02:23,PTBA,RG,3380,3,F,AI,NI,D
15:02:23,PTBA,RG,3380,1,F,AI,KK,D
15:02:23,PTBA,RG,3380,1,F,AI,PD,D
15:02:23,PTBA,RG,3380,10,F,AI,YP,D
15:02:23,PTBA,RG,3380,40,F,AI,YP,D
15:02:23,PTBA,RG,3380,5,F,AI,YP,D
15:02:23,PTBA,RG,3380,25,F,AI,IF,D
15:02:23,PTBA,RG,3380,10,F,AI,PD,D
15:02:23,PTBA,RG,3380,6,F,AI,XC,D
15:02:21,PTBA,RG,3380,4,D,NI,XC,D
15:01:59,PTBA,RG,3380,1,D,YP,PD,D
15:01:59,PTBA,RG,3380,3,D,YP,XL,D
15:01:59,PTBA,RG,3380,29,D,YP,AZ,D
15:01:57,PTBA,RG,3380,1,D,AZ,AZ,D
15:01:57,PTBA,RG,3380,5,D,AZ,CC,D
15:01:57,PTBA,RG,3380,3,D,AZ,PD,D
15:01:57,PTBA,RG,3380,1,D,AZ,TP,D
15:01:57,PTBA,RG,3380,1,D,AZ,NI,D
15:01:57,PTBA,RG,3380,25,D,AZ,XC,D
15:01:57,PTBA,RG,3380,1,D,AZ,KK,D
15:01:57,PTBA,RG,3380,2,D,AZ,XC,D
15:01:57,PTBA,RG,3380,5,D,AZ,YP,D
15:01:57,PTBA,RG,3380,57,D,AZ,KK,D
15:01:56,PTBA,RG,3380,2,D,NI,KK,D
15:01:53,PTBA,RG,3380,1,D,CC,KK,D
15:01:53,PTBA,RG,3380,1,D,CC,CC,D
15:01:38,PTBA,RG,3380,1,D,YP,CC,D
15:01:24,PTBA,RG,3380,10,D,DR,CC,D
15:01:18,PTBA,RG,3380,38,D,YP,CC,D
15:01:18,PTBA,RG,3380,12,D,YP,YP,D
15:01:05,PTBA,RG,3380,7,D,NI,YP,D
15:01:02,PTBA,RG,3380,1,D,XC,YP,D
15:01:02,PTBA,RG,3380,2,D,XC,YP,D
15:01:00,PTBA,RG,3380,3,D,OD,YP,D
15:01:00,PTBA,RG,3380,10,D,MG,YP,D
15:01:00,PTBA,RG,3380,50,D,MG,KK,D
15:01:00,PTBA,RG,3380,5,D,MG,YP,D
15:01:00,PTBA,RG,3380,2,D,MG,DR,D
15:01:00,PTBA,RG,3380,25,D,MG,CC,D
15:01:00,PTBA,RG,3380,3,D,MG,PD,D
15:01:00,PTBA,RG,3380,2,D,MG,PD,D
15:01:00,PTBA,RG,3380,3,D,MG,CC,D
15:01:00,PTBA,RG,3380,17,D,YU,CC,D
15:01:00,PTBA,RG,3380,16,D,YU,PD,D
15:01:00,PTBA,RG,3380,20,D,YU,PD,D
15:01:00,PTBA,RG,3380,25,D,YU,XC,D
15:01:00,PTBA,RG,3380,1,D,YU,PD,D
15:01:00,PTBA,RG,3380,21,D,YU,AZ,D
15:00:00,PTBA,RG,3380,3,D,NI,AZ,D
15:00:00,PTBA,RG,3380,3,D,EP,AZ,D
15:00:00,PTBA,RG,3380,25,D,CC,AZ,D
15:00:00,PTBA,RG,3380,3,D,CC,NI,D
15:00:00,PTBA,RG,3380,2,D,CC,YP,D
15:00:00,PTBA,RG,3380,48,D,NI,YP,D
15:00:00,PTBA,RG,3380,2,D,NI,PD,D
15:00:00,PTBA,RG,3380,5,D,NI,YP,D
15:00:00,PTBA,RG,3380,10,D,NI,YP,D
15:00:00,PTBA,RG,3380,7,D,NI,NI,D
15:00:00,PTBA,RG,3380,6,D,NI,XL,D
15:00:00,PTBA,RG,3380,3,D,NI,PD,D
15:00:00,PTBA,RG,3380,1,D,NI,PD,D
15:00:00,PTBA,RG,3380,100,D,NI,LS,D
15:00:00,PTBA,RG,3380,3,D,NI,YP,D
15:00:00,PTBA,RG,3380,5,D,NI,YP,D
15:00:00,PTBA,RG,3380,5,D,NI,HP,D
15:00:00,PTBA,RG,3380,5,D,NI,YP,D
15:00:00,PTBA,RG,3380,38,D,NI,YP,D
15:00:00,PTBA,RG,3380,12,D,NI,YP,D
15:00:00,PTBA,RG,3380,2,D,PD,YP,D
15:00:00,PTBA,RG,3380,30,D,XA,YP,D
15:00:00,PTBA,RG,3380,5,D,PD,YP,D
15:00:00,PTBA,RG,3380,15,D,TF,YP,D
15:00:00,PTBA,RG,3380,40,D,YP,YP,D
15:00:00,PTBA,RG,3380,3,D,PD,YP,D
15:00:00,PTBA,RG,3380,1,D,XC,YP,D
15:00:00,PTBA,RG,3380,5,D,LG,YP,D
15:00:00,PTBA,RG,3380,5,D,XC,YP,D
15:00:00,PTBA,RG,3380,15,D,NI,YP,D
15:00:00,PTBA,RG,3380,100,D,KK,YP,D
15:00:00,PTBA,RG,3380,3,D,XC,YP,D
15:00:00,PTBA,RG,3380,14,D,YB,YP,D
15:00:00,PTBA,RG,3380,15,D,YB,EP,D
15:00:00,PTBA,RG,3380,1,D,YB,YP,D
15:00:00,PTBA,RG,3380,2,D,YB,YP,D
15:00:00,PTBA,RG,3380,49,D,YB,BK,F
15:00:00,PTBA,RG,3380,919,D,YB,BK,F
15:00:00,PTBA,RG,3380,1,D,PD,BK,F
15:00:00,PTBA,RG,3380,2,D,YP,BK,F
15:00:00,PTBA,RG,3380,2,D,KK,BK,F
15:00:00,PTBA,RG,3380,1,D,YP,BK,F
15:00:00,PTBA,RG,3380,11,D,AT,BK,F
15:00:00,PTBA,RG,3380,200,D,AO,BK,F
15:00:00,PTBA,RG,3380,20,D,IU,BK,F
15:00:00,PTBA,RG,3380,1,D,YP,BK,F
15:00:00,PTBA,RG,3380,10,D,YP,BK,F
15:00:00,PTBA,RG,3380,500,D,FZ,BK,F
15:00:00,PTBA,RG,3380,310,D,IU,BK,F
15:00:00,PTBA,RG,3380,3,D,PD,BK,F
15:00:00,PTBA,RG,3380,3,D,PD,BK,F
15:00:00,PTBA,RG,3380,2,D,CC,BK,F
15:00:00,PTBA,RG,3380,65,D,ZP,BK,F
15:00:00,PTBA,RG,3380,100,D,HD,BK,F
15:00:00,PTBA,RG,3380,100,D,HD,BK,F
15:00:00,PTBA,RG,3380,5,D,BQ,BK,F
15:00:00,PTBA,RG,3380,100,D,YB,BK,F
15:00:00,PTBA,RG,3380,100,D,IU,BK,F
15:00:00,PTBA,RG,3380,2,D,MK,BK,F
15:00:00,PTBA,RG,3380,100,D,ZP,BK,F
15:00:00,PTBA,RG,3380,20,D,ZP,BK,F
15:00:00,PTBA,RG,3380,60,D,YU,BK,F
15:00:00,PTBA,RG,3380,30,D,XL,BK,F
15:00:00,PTBA,RG,3380,49,D,HP,BK,F
15:00:00,PTBA,RG,3380,1,D,HP,AK,F
15:00:00,PTBA,RG,3380,50,D,YP,AK,F
15:00:00,PTBA,RG,3380,100,D,MG,AK,F
15:00:00,PTBA,RG,3380,2,D,XC,AK,F
15:00:00,PTBA,RG,3380,94,F,ZP,AK,F
15:00:00,PTBA,RG,3380,160,F,ZP,CS,F
15:00:00,PTBA,RG,3380,817,F,ZP,CS,F
15:00:00,PTBA,RG,3380,28,F,ZP,YU,F
15:00:00,PTBA,RG,3380,54,F,ZP,OD,D
15:00:00,PTBA,RG,3380,397,F,ZP,ZP,F
15:00:00,PTBA,RG,3380,3,F,BK,ZP,F
15:00:00,PTBA,RG,3380,23,F,BK,ZP,F
15:00:00,PTBA,RG,3380,8,F,BK,ZP,F
15:00:00,PTBA,RG,3380,69,F,BK,ZP,F
15:00:00,PTBA,RG,3380,287,F,BK,AK,F
15:00:00,PTBA,RG,3380,20,F,BK,AK,F
15:00:00,PTBA,RG,3380,493,F,BK,AK,F
15:00:00,PTBA,RG,3380,37,F,BK,AK,F
15:00:00,PTBA,RG,3380,245,F,BK,CC,D
15:00:00,PTBA,RG,3380,195,F,CS,CC,D
15:00:00,PTBA,RG,3380,195,F,CS,CC,D
15:00:00,PTBA,RG,3380,31,F,CS,CC,D
15:00:00,PTBA,RG,3380,27,F,DX,CC,D
15:00:00,PTBA,RG,3380,89,F,YU,CC,D
15:00:00,PTBA,RG,3380,18,F,YU,CC,D
15:00:00,PTBA,RG,3380,74,F,YU,DR,D
15:00:00,PTBA,RG,3380,2,F,YU,DR,D
15:00:00,PTBA,RG,3380,1,F,AK,DR,D
15:00:00,PTBA,RG,3380,113,D,OD,DR,D
15:00:00,PTBA,RG,3380,7,D,OD,YU,D
15:00:00,PTBA,RG,3380,59,D,OD,YU,D
14:49:55,PTBA,RG,3380,27,F,YU,AZ,D
14:49:55,PTBA,RG,3380,35,F,YU,AZ,D
14:49:52,PTBA,RG,3370,32,D,ZP,BK,F
14:49:51,PTBA,RG,3380,1,D,PD,AZ,D
14:49:49,PTBA,RG,3370,38,D,ZP,BK,F
14:49:47,PTBA,RG,3370,2,D,ZP,YP,D
14:49:47,PTBA,RG,3370,5,D,ZP,YP,D
14:49:45,PTBA,RG,3370,40,D,ZP,CC,D
14:49:43,PTBA,RG,3370,26,D,ZP,CS,F
14:49:43,PTBA,RG,3380,20,D,CC,AZ,D
14:49:42,PTBA,RG,3380,5,F,CS,AZ,D
14:49:42,PTBA,RG,3380,3,F,CS,AZ,D
14:49:41,PTBA,RG,3380,2,D,XC,AZ,D
14:49:39,PTBA,RG,3380,5,F,CS,AZ,D
14:49:35,PTBA,RG,3380,32,F,BK,AZ,D
14:49:34,PTBA,RG,3370,13,D,ZP,RX,D
14:49:32,PTBA,RG,3370,28,D,ZP,BK,F
14:49:31,PTBA,RG,3380,32,F,BK,AZ,D
14:49:30,PTBA,RG,3370,24,D,ZP,CS,F
14:49:30,PTBA,RG,3380,7,F,CS,AZ,D
14:49:30,PTBA,RG,3380,15,F,BK,AZ,D
14:49:30,PTBA,RG,3380,2,F,CS,AZ,D
14:49:30,PTBA,RG,3380,21,F,YU,AZ,D
14:49:29,PTBA,RG,3380,315,D,KK,AZ,D
14:49:29,PTBA,RG,3380,1,D,KK,XC,D
14:49:29,PTBA,RG,3380,20,D,KK,CC,D
14:49:29,PTBA,RG,3380,10,D,KK,YP,D
14:49:29,PTBA,RG,3380,1,D,KK,XC,D
14:49:29,PTBA,RG,3380,16,D,KK,XC,D
14:49:29,PTBA,RG,3380,1,D,KK,YP,D
14:49:29,PTBA,RG,3380,10,D,KK,XC,D
14:49:29,PTBA,RG,3380,126,D,KK,DR,D
14:49:24,PTBA,RG,3380,15,F,CS,DR,D
14:49:23,PTBA,RG,3370,27,D,ZP,YU,F
14:49:23,PTBA,RG,3370,8,D,XC,YU,F
14:49:21,PTBA,RG,3380,6,D,YP,DR,D
14:49:21,PTBA,RG,3370,29,D,XC,CS,F
14:49:19,PTBA,RG,3380,9,F,CS,DR,D
14:49:18,PTBA,RG,3370,1,D,XC,PD,D
14:49:10,PTBA,RG,3380,3,F,CS,DR,D
14:49:10,PTBA,RG,3380,35,F,DX,DR,D
14:49:10,PTBA,RG,3370,27,D,XC,CS,F
14:49:09,PTBA,RG,3380,6,D,YP,DR,D
14:49:09,PTBA,RG,3380,4,D,YP,YP,D
14:49:05,PTBA,RG,3380,16,F,BK,YP,D
14:49:05,PTBA,RG,3380,4,F,BK,PD,D
14:49:05,PTBA,RG,3380,8,F,BK,XL,D
14:49:00,PTBA,RG,3370,18,D,XC,CS,F
14:49:00,PTBA,RG,3380,1,F,AK,XL,D
14:48:58,PTBA,RG,3370,7,D,XC,RX,D
14:48:58,PTBA,RG,3370,7,F,BK,RX,D
14:48:56,PTBA,RG,3380,2,D,NI,XL,D
14:48:55,PTBA,RG,3370,58,F,BK,XC,D
14:48:53,PTBA,RG,3380,1,D,AT,XL,D
14:48:53,PTBA,RG,3380,14,F,CS,XL,D
14:48:51,PTBA,RG,3370,19,F,BK,CS,F
14:48:50,PTBA,RG,3370,5,F,BK,CS,F
14:48:48,PTBA,RG,3380,2,D,YP,XL,D
14:48:45,PTBA,RG,3380,1,F,AK,XL,D
14:48:37,PTBA,RG,3370,10,F,BK,CS,F
14:48:37,PTBA,RG,3370,10,D,YP,CS,F
14:48:37,PTBA,RG,3370,7,D,YP,CS,F
14:48:30,PTBA,RG,3380,11,F,BK,XL,D
14:48:30,PTBA,RG,3380,1,F,BK,YP,D
14:48:30,PTBA,RG,3380,1,F,BK,XC,D
14:48:30,PTBA,RG,3380,1,F,BK,XC,D
14:48:30,PTBA,RG,3380,10,F,BK,YP,D
14:48:30,PTBA,RG,3380,7,F,BK,LG,D
14:48:23,PTBA,RG,3380,4,F,CS,LG,D
14:48:22,PTBA,RG,3370,25,D,YP,CS,F
14:48:19,PTBA,RG,3380,48,D,NI,LG,D
14:48:19,PTBA,RG,3380,5,D,NI,PD,D
14:48:19,PTBA,RG,3380,2,D,NI,PD,D
14:48:19,PTBA,RG,3380,1,D,NI,PD,D
14:48:19,PTBA,RG,3380,5,D,NI,AI,D
14:48:19,PTBA,RG,3380,5,D,NI,GR,D
14:48:19,PTBA,RG,3380,8,D,NI,PD,D
14:48:19,PTBA,RG,3380,1,D,NI,SQ,D
14:48:19,PTBA,RG,3380,59,D,NI,SQ,D
14:48:19,PTBA,RG,3380,1,D,NI,PD,D
14:48:19,PTBA,RG,3380,10,D,NI,FZ,D
14:48:19,PTBA,RG,3380,8,D,NI,CC,D
14:48:19,PTBA,RG,3380,3,D,NI,XC,D
14:48:19,PTBA,RG,3380,1,D,NI,LG,D
14:48:19,PTBA,RG,3380,43,D,NI,HP,D
14:48:14,PTBA,RG,3380,24,F,CS,HP,D
14:48:08,PTBA,RG,3370,8,D,YP,CS,F
14:48:08,PTBA,RG,3370,1,F,AK,CS,F
14:48:08,PTBA,RG,3370,3,D,KK,CS,F
14:48:08,PTBA,RG,3370,22,F,BK,CS,F
14:48:07,PTBA,RG,3370,5,F,BK,PD,D
14:48:07,PTBA,RG,3370,65,F,BK,PD,D
14:48:05,PTBA,RG,3380,29,F,BK,HP,D
14:48:04,PTBA,RG,3370,10,F,BK,RX,D
14:48:02,PTBA,RG,3370,3,F,BK,RX,D
14:47:51,PTBA,RG,3380,4,F,BK,HP,D
14:47:51,PTBA,RG,3380,1,F,BK,GR,D
14:47:51,PTBA,RG,3380,10,F,BK,GR,D
14:47:51,PTBA,RG,3380,1,F,BK,XC,D
14:47:51,PTBA,RG,3380,3,F,BK,YP,D
14:47:51,PTBA,RG,3380,9,F,BK,XC,D
14:47:51,PTBA,RG,3380,9,D,CC,XC,D
14:47:50,PTBA,RG,3370,96,F,BK,EP,D
14:47:49,PTBA,RG,3380,28,F,BK,XC,D
14:47:49,PTBA,RG,3370,33,F,BK,CS,F
14:47:45,PTBA,RG,3370,147,F,BK,AK,F
14:47:45,PTBA,RG,3380,2,F,AK,XC,D
14:47:38,PTBA,RG,3370,1,F,BK,PD,D
14:47:33,PTBA,RG,3380,29,F,BK,XC,D
14:47:30,PTBA,RG,3370,54,F,BK,CS,F
14:47:26,PTBA,RG,3380,11,F,BK,XC,D
14:47:22,PTBA,RG,3370,120,F,BK,PD,D
14:47:22,PTBA,RG,3380,5,F,CS,XC,D
14:47:20,PTBA,RG,3380,32,F,BK,XC,D
14:47:15,PTBA,RG,3380,1,F,AK,XC,D
14:47:05,PTBA,RG,3370,11,F,BK,RX,D
14:47:03,PTBA,RG,3370,1,F,BK,RX,D
14:47:03,PTBA,RG,3380,25,F,BK,XC,D
14:47:03,PTBA,RG,3380,4,F,BK,XC,D
14:47:00,PTBA,RG,3370,53,F,BK,CS,F
14:47:00,PTBA,RG,3370,2,D,YP,CS,F
14:46:49,PTBA,RG,3380,1,F,BK,XC,D
14:46:49,PTBA,RG,3380,1,F,BK,XC,D
14:46:49,PTBA,RG,3380,3,F,BK,NI,D
14:46:49,PTBA,RG,3380,5,F,BK,PD,D
14:46:44,PTBA,RG,3380,15,F,BK,PD,D
14:46:44,PTBA,RG,3380,1,F,BK,PD,D
14:46:44,PTBA,RG,3380,15,F,BK,YJ,D
14:46:35,PTBA,RG,3370,37,D,YP,BK,F
14:46:31,PTBA,RG,3380,15,F,BK,YJ,D
14:46:31,PTBA,RG,3380,11,F,BK,YP,D
14:46:29,PTBA,RG,3370,55,D,YP,CS,F
14:46:16,PTBA,RG,3380,31,F,BK,YP,D
14:46:15,PTBA,RG,3380,2,D,PD,YP,D
14:46:06,PTBA,RG,3370,6,D,YP,BK,F
14:46:06,PTBA,RG,3370,23,F,CS,BK,F
14:46:04,PTBA,RG,3370,20,F,CS,PD,D
14:45:59,PTBA,RG,3380,28,F,BK,YP,D
14:45:58,PTBA,RG,3370,24,F,CS,CS,F
14:45:58,PTBA,RG,3370,8,F,CS,CS,F
14:45:58,PTBA,RG,3370,19,F,CS,CS,F
14:45:55,PTBA,RG,3370,3,F,CS,RX,D
14:45:55,PTBA,RG,3370,10,F,CS,RX,D
14:45:52,PTBA,RG,3370,19,F,CS,BK,F
14:45:52,PTBA,RG,3370,10,F,CS,BK,F
14:45:52,PTBA,RG,3370,2,F,CS,PD,D
14:45:51,PTBA,RG,3380,49,F,CS,YP,D
14:45:51,PTBA,RG,3380,5,F,CS,YP,D
14:45:51,PTBA,RG,3380,1,F,CS,XC,D
14:45:46,PTBA,RG,3380,1,D,YU,NI,D
14:45:46,PTBA,RG,3380,2,D,YU,YP,D
14:45:46,PTBA,RG,3380,2,D,YU,YU,D
14:45:45,PTBA,RG,3380,8,F,BK,YU,D
14:45:45,PTBA,RG,3380,5,F,BK,YP,D
14:45:45,PTBA,RG,3380,1,F,BK,PD,D
14:45:45,PTBA,RG,3380,17,F,BK,YP,D
14:45:45,PTBA,RG,3370,2,F,CS,BK,F
14:45:45,PTBA,RG,3370,1,F,CS,BK,F
14:45:45,PTBA,RG,3370,2,D,XC,BK,F
14:45:45,PTBA,RG,3370,4,D,XC,BK,F
14:45:45,PTBA,RG,3370,31,D,PD,BK,F
14:45:42,PTBA,RG,3370,69,D,PD,BK,F
14:45:42,PTBA,RG,3370,1,F,CS,BK,F
14:45:42,PTBA,RG,3370,6,D,BQ,BK,F
14:45:37,PTBA,RG,3370,3,D,BQ,AK,F
14:45:37,PTBA,RG,3370,451,D,YU,AK,F
14:45:33,PTBA,RG,3370,44,D,YU,BK,F
14:45:31,PTBA,RG,3370,16,D,YU,YP,D
14:45:30,PTBA,RG,3370,85,D,YU,CS,F
14:45:28,PTBA,RG,3380,3,F,BK,YP,D
14:45:28,PTBA,RG,3380,10,F,BK,HP,D
14:45:28,PTBA,RG,3380,15,F,BK,CC,D
14:45:23,PTBA,RG,3380,1,D,PD,CC,D
14:45:23,PTBA,RG,3380,9,F,CS,CC,D
14:45:16,PTBA,RG,3380,20,D,NI,CC,D
14:45:14,PTBA,RG,3380,26,F,BK,CC,D
14:45:14,PTBA,RG,3370,4,D,YU,BK,F
14:45:14,PTBA,RG,3370,41,F,BK,BK,F
14:45:12,PTBA,RG,3370,15,F,BK,PD,D
14:45:12,PTBA,RG,3370,35,F,YU,PD,D
14:45:10,PTBA,RG,3370,44,F,YU,BK,F
14:45:07,PTBA,RG,3370,50,F,YU,AZ,D
14:45:07,PTBA,RG,3370,14,D,DX,AZ,D
14:45:07,PTBA,RG,3370,64,D,DX,AZ,D
14:45:07,PTBA,RG,3370,64,D,DX,AZ,D
14:45:07,PTBA,RG,3370,40,D,DX,AZ,D
14:45:06,PTBA,RG,3370,30,D,DX,BK,F
14:45:05,PTBA,RG,3380,2,D,XC,CC,D
14:45:03,PTBA,RG,3370,250,D,DX,PD,D
14:45:01,PTBA,RG,3370,2,D,DX,XC,D
14:45:00,PTBA,RG,3380,30,F,BK,CC,D
14:44:58,PTBA,RG,3370,46,D,DX,BK,F
14:44:54,PTBA,RG,3370,48,D,DX,DX,D
14:44:54,PTBA,RG,3370,88,D,DX,DX,D
14:44:45,PTBA,RG,3380,26,F,BK,CC,D
14:44:44,PTBA,RG,3370,43,D,DX,BK,F
14:44:41,PTBA,RG,3380,56,F,CS,CC,D
14:44:39,PTBA,RG,3370,31,D,DX,BK,F
14:44:39,PTBA,RG,3370,82,D,DX,CS,F
14:44:38,PTBA,RG,3380,6,F,BK,CC,D
14:44:31,PTBA,RG,3370,29,D,DX,KK,D
14:44:29,PTBA,RG,3370,32,D,DX,BK,F
14:44:26,PTBA,RG,3370,116,D,DX,DX,D
14:44:24,PTBA,RG,3370,21,D,DX,DX,D
14:44:24,PTBA,RG,3370,31,D,NI,DX,D
14:44:21,PTBA,RG,3380,5,F,CS,CC,D
14:44:21,PTBA,RG,3380,4,F,CS,CC,D
14:44:21,PTBA,RG,3380,4,F,CS,NI,D
14:44:20,PTBA,RG,3370,1,D,NI,PD,D
14:43:58,PTBA,RG,3370,30,D,NI,DR,D
14:43:53,PTBA,RG,3380,15,F,YU,NI,D
14:43:53,PTBA,RG,3380,1,D,PD,NI,D
14:43:50,PTBA,RG,3370,50,D,NI,BK,F
14:43:46,PTBA,RG,3370,44,D,NI,CS,F
14:43:46,PTBA,RG,3370,33,F,YU,CS,F
14:43:46,PTBA,RG,3370,2,F,YU,PD,D
14:43:40,PTBA,RG,3370,6,F,YU,SQ,D
14:43:40,PTBA,RG,3370,20,F,YU,CC,D
14:43:38,PTBA,RG,3370,96,F,YU,AK,F
14:43:20,PTBA,RG,3370,10,F,YU,BK,F
14:43:20,PTBA,RG,3370,2,F,AK,BK,F
14:43:20,PTBA,RG,3370,35,D,PG,BK,F
14:43:17,PTBA,RG,3370,100,D,PG,KK,D
14:42:58,PTBA,RG,3370,6,D,PG,YP,D
14:42:56,PTBA,RG,3370,83,D,PG,CS,F
14:42:41,PTBA,RG,3380,19,F,CS,NI,D
14:42:30,PTBA,RG,3380,10,F,AK,NI,D
14:42:28,PTBA,RG,3370,1,D,PG,YP,D
14:42:17,PTBA,RG,3370,42,D,PG,BK,F
14:42:15,PTBA,RG,3370,30,D,PG,BK,F
14:42:12,PTBA,RG,3370,125,D,PG,BK,F
14:42:11,PTBA,RG,3370,294,D,PG,AZ,D
14:42:11,PTBA,RG,3370,284,D,PG,AZ,D
14:42:11,PTBA,RG,3370,10,F,DX,AZ,D
14:42:11,PTBA,RG,3370,11,F,DX,AZ,D
14:42:11,PTBA,RG,3370,182,D,CC,AZ,D
14:42:11,PTBA,RG,3370,66,F,BK,AZ,D
14:42:11,PTBA,RG,3370,6,F,BK,AZ,D
14:42:11,PTBA,RG,3370,29,F,BK,AZ,D
14:42:11,PTBA,RG,3370,199,F,BK,AZ,D
14:42:06,PTBA,RG,3380,1,F,AK,NI,D
14:42:05,PTBA,RG,3370,45,F,BK,DX,D
14:42:05,PTBA,RG,3370,3,D,XC,DX,D
14:42:05,PTBA,RG,3370,20,F,CS,DX,D
14:42:05,PTBA,RG,3370,2,F,CS,DX,D
14:42:05,PTBA,RG,3370,5,F,CS,DX,D
14:42:05,PTBA,RG,3370,24,F,CS,DX,D
14:42:05,PTBA,RG,3370,9,F,CS,DX,D
14:42:05,PTBA,RG,3380,5,D,AZ,HP,D
14:42:05,PTBA,RG,3380,1,D,AZ,PD,D
14:42:05,PTBA,RG,3380,1,D,AZ,BQ,D
14:42:05,PTBA,RG,3380,30,D,AZ,CC,D
14:42:05,PTBA,RG,3380,5,D,AZ,XA,D
14:42:05,PTBA,RG,3380,1,D,AZ,YP,D
14:42:05,PTBA,RG,3380,10,D,AZ,KK,D
14:42:05,PTBA,RG,3380,4,D,AZ,XC,D
14:42:05,PTBA,RG,3380,3,D,AZ,AG,F
14:42:05,PTBA,RG,3380,21,D,AZ,CC,D
14:41:56,PTBA,RG,3380,31,F,BK,CC,D
14:41:54,PTBA,RG,3380,45,F,BK,CC,D
14:41:50,PTBA,RG,3380,56,F,BK,CC,D
14:41:48,PTBA,RG,3370,9,F,CS,PD,D
14:41:30,PTBA,RG,3380,42,F,BK,CC,D
14:41:26,PTBA,RG,3380,105,D,NI,CC,D
14:41:26,PTBA,RG,3380,2,D,NI,NI,D
14:41:26,PTBA,RG,3380,10,D,NI,XC,D
14:41:26,PTBA,RG,3380,14,D,NI,NI,D
14:41:26,PTBA,RG,3380,300,D,NI,YO,F
14:41:26,PTBA,RG,3380,1,D,NI,YP,D
14:41:26,PTBA,RG,3380,5,D,NI,YP,D
14:41:26,PTBA,RG,3380,137,D,NI,YP,D
14:41:26,PTBA,RG,3380,26,D,NI,KK,D
14:41:14,PTBA,RG,3380,1,D,YP,KK,D
14:41:10,PTBA,RG,3380,29,F,BK,KK,D
14:40:53,PTBA,RG,3380,19,D,SQ,KK,D
14:40:53,PTBA,RG,3380,31,D,SQ,PD,D
14:40:51,PTBA,RG,3380,30,D,SQ,PD,D
14:40:49,PTBA,RG,3380,34,F,BK,PD,D
14:40:41,PTBA,RG,3370,17,F,CS,CC,D
14:40:41,PTBA,RG,3370,13,F,CS,CC,D
14:40:41,PTBA,RG,3370,3,F,CS,CC,D
14:40:41,PTBA,RG,3370,1,F,CS,CC,D
14:40:41,PTBA,RG,3370,1,F,CS,CC,D
14:40:41,PTBA,RG,3370,3,F,CS,CC,D
14:40:41,PTBA,RG,3370,112,D,NI,CC,D
14:40:37,PTBA,RG,3370,2,D,NI,PD,D
14:40:24,PTBA,RG,3380,25,F,BK,PD,D
14:40:24,PTBA,RG,3380,5,F,BK,DX,D
14:40:24,PTBA,RG,3380,2,F,BK,PD,D
14:40:24,PTBA,RG,3380,14,F,BK,AZ,D
14:40:24,PTBA,RG,3380,8,F,BK,AZ,D
14:40:15,PTBA,RG,3380,5,F,AK,AZ,D
14:40:02,PTBA,RG,3380,1,D,PD,AZ,D
14:39:58,PTBA,RG,3380,14,F,BK,AZ,D
14:39:58,PTBA,RG,3380,10,F,BK,AZ,D
14:39:58,PTBA,RG,3380,16,F,BK,GR,D
14:39:47,PTBA,RG,3380,7,F,CS,GR,D
14:39:47,PTBA,RG,3380,1,F,CS,GR,D
14:39:47,PTBA,RG,3380,1,F,CS,GR,D
14:39:46,PTBA,RG,3370,49,D,NI,AK,F
14:39:46,PTBA,RG,3370,1,D,NI,AK,F
14:39:46,PTBA,RG,3370,116,D,NI,CS,F
14:39:46,PTBA,RG,3370,7,D,KK,CS,F
14:39:46,PTBA,RG,3370,47,D,KK,DX,D
14:39:46,PTBA,RG,3370,45,D,KK,CC,F
14:39:46,PTBA,RG,3370,186,D,KK,AK,F
14:39:46,PTBA,RG,3370,387,D,KK,AK,F
14:39:46,PTBA,RG,3370,1,D,KK,LG,D
14:39:46,PTBA,RG,3370,96,D,KK,DX,D
14:39:46,PTBA,RG,3370,7,D,KK,YP,D
14:39:46,PTBA,RG,3370,26,D,KK,YP,D
14:39:46,PTBA,RG,3370,2,D,KK,EP,D
14:39:46,PTBA,RG,3370,100,D,KK,AT,D
14:39:46,PTBA,RG,3370,96,D,KK,BK,F
14:39:46,PTBA,RG,3370,11,F,CS,BK,F
14:39:46,PTBA,RG,3370,300,D,NI,BK,F
14:39:46,PTBA,RG,3370,140,D,NI,BK,F
14:39:46,PTBA,RG,3370,150,D,NI,BK,F
14:39:44,PTBA,RG,3370,7,D,TP,BK,F
14:39:44,PTBA,RG,3370,8,D,TP,AK,F
14:39:42,PTBA,RG,3370,31,F,BK,AK,F
14:39:40,PTBA,RG,3370,32,F,BK,AK,F
14:39:39,PTBA,RG,3370,2,F,CS,AK,F
14:39:39,PTBA,RG,3370,93,D,HD,AK,F
14:39:39,PTBA,RG,3370,1,D,HD,DH,D
14:39:39,PTBA,RG,3370,1,D,HD,DR,D
14:39:39,PTBA,RG,3370,105,D,HD,DH,D
14:39:38,PTBA,RG,3370,3,D,XC,DH,D
14:39:37,PTBA,RG,3370,5,F,CS,DH,D
14:39:36,PTBA,RG,3370,200,D,OD,DH,D
14:39:36,PTBA,RG,3370,4,F,YU,DH,D
14:39:36,PTBA,RG,3370,1,F,YU,PD,D
14:39:36,PTBA,RG,3370,16,F,YU,YP,D
14:39:32,PTBA,RG,3370,34,F,YU,YP,D
14:39:32,PTBA,RG,3370,5,F,YU,PD,D
14:39:29,PTBA,RG,3370,1,D,KK,PD,D
14:39:19,PTBA,RG,3370,1,F,CS,YP,D
14:39:19,PTBA,RG,3370,14,F,CS,LG,D
14:39:18,PTBA,RG,3360,45,D,NI,BK,F
14:39:16,PTBA,RG,3370,11,F,YU,LG,D
14:39:16,PTBA,RG,3370,10,F,YU,PD,D
14:39:16,PTBA,RG,3370,2,F,YU,YP,D
14:39:16,PTBA,RG,3370,20,F,YU,CC,D
14:39:15,PTBA,RG,3360,185,D,NI,BK,F
14:39:13,PTBA,RG,3370,29,F,BK,CC,D
14:39:12,PTBA,RG,3370,11,F,BK,CC,D
14:39:12,PTBA,RG,3370,45,F,BK,CS,F
14:39:10,PTBA,RG,3370,39,D,KK,CS,F
14:39:10,PTBA,RG,3370,6,D,KK,PD,D
14:39:10,PTBA,RG,3370,1,D,KK,PD,D
14:39:10,PTBA,RG,3370,4,D,KK,PD,D
14:39:10,PTBA,RG,3370,1,D,KK,KK,D
14:39:10,PTBA,RG,3370,1,D,KK,XC,D
14:39:10,PTBA,RG,3370,15,D,KK,PD,D
14:39:10,PTBA,RG,3370,65,D,KK,XC,D
14:39:10,PTBA,RG,3370,5,D,KK,IF,D
14:39:10,PTBA,RG,3370,1,D,KK,TP,D
14:39:10,PTBA,RG,3370,5,D,KK,YP,D
14:39:10,PTBA,RG,3370,25,D,KK,YU,F
14:39:10,PTBA,RG,3370,450,D,KK,PD,D
14:39:10,PTBA,RG,3370,15,D,KK,PD,D
14:39:10,PTBA,RG,3370,3,D,KK,NI,D
14:39:10,PTBA,RG,3370,1,D,KK,YP,D
14:39:10,PTBA,RG,3370,200,D,KK,ZP,F
14:39:10,PTBA,RG,3370,1,D,KK,XC,D
14:39:10,PTBA,RG,3370,5,D,KK,CC,D
14:39:10,PTBA,RG,3370,1,D,KK,PD,D
14:39:10,PTBA,RG,3370,22,D,KK,YU,F
14:39:10,PTBA,RG,3370,100,D,KK,HP,D
14:39:10,PTBA,RG,3370,12,D,KK,NI,D
14:39:10,PTBA,RG,3370,24,D,KK,RX,D
14:39:10,PTBA,RG,3370,18,D,KK,CS,F
14:39:10,PTBA,RG,3370,30,D,KK,PD,D
14:39:10,PTBA,RG,3370,10,D,KK,PD,D
14:39:10,PTBA,RG,3370,1,D,KK,YP,D
14:39:10,PTBA,RG,3370,10,D,KK,HP,D
14:39:10,PTBA,RG,3370,197,D,KK,AK,F
14:39:10,PTBA,RG,3370,17,D,KK,CS,F
14:39:10,PTBA,RG,3370,200,D,KK,ZP,F
14:39:10,PTBA,RG,3370,54,D,KK,AZ,D
14:39:10,PTBA,RG,3370,54,D,KK,AZ,D
14:39:10,PTBA,RG,3370,54,D,KK,AZ,D
14:39:10,PTBA,RG,3370,36,D,KK,AZ,D
14:39:10,PTBA,RG,3370,20,D,KK,YU,F
14:39:10,PTBA,RG,3370,32,D,KK,CS,F
14:39:10,PTBA,RG,3370,30,D,KK,PD,D
14:39:10,PTBA,RG,3370,5,D,KK,CC,D
14:39:10,PTBA,RG,3370,50,D,KK,CC,F
14:39:10,PTBA,RG,3370,15,D,KK,PD,D
14:39:10,PTBA,RG,3370,269,D,KK,BK,F
14:39:10,PTBA,RG,3370,5,D,KK,CC,D
14:39:10,PTBA,RG,3370,19,D,KK,YU,F
14:39:10,PTBA,RG,3370,627,D,KK,AK,F
14:39:10,PTBA,RG,3370,10,D,KK,CC,D
14:39:10,PTBA,RG,3370,52,D,KK,CS,F
14:39:10,PTBA,RG,3370,200,D,KK,ZP,F
14:39:10,PTBA,RG,3370,19,D,KK,YU,F
14:39:10,PTBA,RG,3370,15,D,KK,RX,D
14:39:10,PTBA,RG,3370,1,D,KK,PD,D
14:39:10,PTBA,RG,3370,100,D,KK,KK,D
14:39:10,PTBA,RG,3370,1,D,KK,NI,D
14:39:10,PTBA,RG,3370,1,D,KK,XL,D
14:39:10,PTBA,RG,3370,564,D,KK,YP,D
14:39:10,PTBA,RG,3370,3,D,KK,KK,D
14:39:10,PTBA,RG,3370,5,D,KK,XC,D
14:39:10,PTBA,RG,3370,24,D,KK,XC,D
14:39:10,PTBA,RG,3370,500,D,KK,CC,D
14:39:10,PTBA,RG,3370,19,D,KK,RX,D
14:39:10,PTBA,RG,3370,200,D,KK,ZP,F
14:39:10,PTBA,RG,3370,1,D,KK,NI,D
14:39:10,PTBA,RG,3370,11,D,KK,OD,D
14:39:10,PTBA,RG,3370,10,D,KK,DX,D
14:39:10,PTBA,RG,3370,5,D,KK,YP,D
14:39:10,PTBA,RG,3370,2,D,KK,DR,D
14:39:10,PTBA,RG,3370,2,D,KK,XL,D
14:39:06,PTBA,RG,3370,23,F,CS,XL,D
14:39:06,PTBA,RG,3370,10,F,CS,RX,D
14:39:03,PTBA,RG,3360,6,D,NI,XL,D
14:39:03,PTBA,RG,3370,8,D,XC,RX,D
14:39:03,PTBA,RG,3370,6,D,XC,CS,F
14:39:00,PTBA,RG,3360,44,D,NI,DX,D
14:38:55,PTBA,RG,3370,3,F,CS,CS,F
14:38:55,PTBA,RG,3370,3,F,CS,NI,D
14:38:55,PTBA,RG,3370,8,F,CS,DH,D
14:38:55,PTBA,RG,3370,4,F,CS,YU,F
14:38:52,PTBA,RG,3360,264,D,NI,CC,D
14:38:52,PTBA,RG,3360,236,D,NI,CC,D
14:38:41,PTBA,RG,3360,500,D,NI,CC,D
14:38:40,PTBA,RG,3370,18,F,BK,YU,F
14:38:40,PTBA,RG,3370,32,F,BK,AK,F
14:38:36,PTBA,RG,3370,25,D,PD,AK,F
14:38:20,PTBA,RG,3370,7,F,BK,AK,F
14:38:20,PTBA,RG,3370,4,F,BK,XC,D
14:38:20,PTBA,RG,3370,13,F,BK,BK,F
14:38:20,PTBA,RG,3370,24,F,BK,BK,F
14:38:15,PTBA,RG,3360,14,D,NI,RX,D
14:38:15,PTBA,RG,3360,5,F,YU,RX,D
14:38:10,PTBA,RG,3360,43,F,YU,CS,F
14:38:10,PTBA,RG,3360,5,D,OD,CS,F
14:38:10,PTBA,RG,3360,5,D,SH,CS,F
14:38:10,PTBA,RG,3360,29,F,CS,CS,F
14:38:10,PTBA,RG,3360,20,D,YP,CS,F
14:38:10,PTBA,RG,3360,9,F,DX,CS,F
14:37:56,PTBA,RG,3370,41,F,BK,BK,F
14:37:49,PTBA,RG,3360,1,F,DX,CC,D
14:37:46,PTBA,RG,3370,9,D,KK,BK,F
14:37:29,PTBA,RG,3360,13,F,DX,DX,D
14:37:29,PTBA,RG,3360,6,F,CS,DX,D
14:37:29,PTBA,RG,3360,1,D,PD,DX,D
14:37:29,PTBA,RG,3360,30,D,PD,DX,D
14:37:29,PTBA,RG,3360,1,D,NI,DX,D
14:37:29,PTBA,RG,3360,38,F,YU,DX,D
14:37:26,PTBA,RG,3370,61,F,BK,BK,F
14:37:13,PTBA,RG,3370,49,D,NI,BK,F
14:37:13,PTBA,RG,3370,549,D,NI,PD,D
14:37:02,PTBA,RG,3370,49,F,CS,PD,D
14:36:49,PTBA,RG,3370,7,D,TP,PD,D
14:36:48,PTBA,RG,3360,26,F,YU,CS,F
14:36:48,PTBA,RG,3360,3,F,BK,CS,F
14:36:48,PTBA,RG,3360,48,F,YU,CS,F
14:36:48,PTBA,RG,3360,34,F,BK,CS,F
14:36:46,PTBA,RG,3370,15,D,KK,PD,D
14:36:42,PTBA,RG,3370,28,F,BK,PD,D
14:36:35,PTBA,RG,3370,47,F,CS,PD,D
14:36:22,PTBA,RG,3370,17,F,CS,PD,D
14:36:17,PTBA,RG,3360,53,F,BK,DX,D
14:36:16,PTBA,RG,3370,8,F,CS,PD,D
14:35:50,PTBA,RG,3360,10,F,BK,PD,D
14:35:50,PTBA,RG,3370,80,D,NI,PD,D
14:35:50,PTBA,RG,3370,20,D,NI,AK,F
14:35:26,PTBA,RG,3360,31,F,BK,CS,F
14:35:26,PTBA,RG,3360,88,D,NI,CS,F
14:35:22,PTBA,RG,3360,4,D,NI,XC,D
14:35:21,PTBA,RG,3370,64,F,BK,AK,F
14:35:09,PTBA,RG,3360,112,D,NI,DX,D
14:34:51,PTBA,RG,3360,8,D,NI,OD,D
14:34:32,PTBA,RG,3370,81,F,BK,AK,F
14:34:12,PTBA,RG,3370,1,D,CC,AK,F
14:34:10,PTBA,RG,3370,7,D,CD,AK,F
14:34:04,PTBA,RG,3370,43,F,BK,AK,F
14:34:02,PTBA,RG,3360,5,D,NI,PD,D
14:34:01,PTBA,RG,3360,10,D,NI,OD,D
14:33:56,PTBA,RG,3370,62,D,NI,AK,F
14:33:56,PTBA,RG,3370,29,D,NI,AZ,D
14:33:56,PTBA,RG,3370,27,D,NI,BK,F
14:33:56,PTBA,RG,3370,332,D,NI,ZP,F
14:33:49,PTBA,RG,3370,18,F,CS,ZP,F
14:33:48,PTBA,RG,3360,109,D,NI,CS,F
14:33:47,PTBA,RG,3370,47,F,CS,ZP,F
14:33:27,PTBA,RG,3370,3,F,CS,ZP,F
14:33:27,PTBA,RG,3370,21,F,CS,YU,F
14:33:27,PTBA,RG,3370,11,F,CS,CC,D
14:33:27,PTBA,RG,3370,12,F,CS,CC,D
14:33:27,PTBA,RG,3360,52,D,NI,DX,D
14:33:24,PTBA,RG,3370,87,F,BK,CC,D
14:33:15,PTBA,RG,3360,299,D,NI,AK,F
14:33:13,PTBA,RG,3360,15,D,NI,PD,D
14:33:01,PTBA,RG,3360,9,D,NI,OD,D
14:33:00,PTBA,RG,3360,129,D,NI,CC,D
14:33:00,PTBA,RG,3360,321,D,NI,CC,D
14:32:54,PTBA,RG,3370,9,F,CS,CC,D
14:32:50,PTBA,RG,3360,164,D,NI,ZP,F
14:32:46,PTBA,RG,3360,85,D,NI,DX,D
14:32:36,PTBA,RG,3360,13,D,NI,RX,D
14:32:16,PTBA,RG,3360,95,D,NI,CS,F
14:32:03,PTBA,RG,3360,32,D,NI,YU,F
14:32:03,PTBA,RG,3360,15,D,NI,XC,D
14:31:59,PTBA,RG,3360,11,D,NI,OD,D
14:31:48,PTBA,RG,3360,2,D,NI,CC,D
14:31:28,PTBA,RG,3360,3,D,NI,NI,D
14:31:21,PTBA,RG,3370,15,D,YP,CC,D
14:31:18,PTBA,RG,3360,3,D,NI,NI,D
14:30:59,PTBA,RG,3360,9,D,NI,OD,D
14:30:55,PTBA,RG,3360,92,D,NI,CS,F
14:30:54,PTBA,RG,3370,21,F,CS,CC,D
14:30:49,PTBA,RG,3360,1,D,NI,XC,D
14:30:39,PTBA,RG,3360,44,D,NI,DX,D
14:30:24,PTBA,RG,3360,10,D,NI,XL,D
14:30:24,PTBA,RG,3360,10,F,CS,XL,D
14:30:22,PTBA,RG,3360,27,F,BK,DX,D
14:30:22,PTBA,RG,3360,60,F,YU,DX,D
14:30:20,PTBA,RG,3360,4,F,YU,YP,D
14:30:20,PTBA,RG,3360,22,F,DX,YP,D
14:30:20,PTBA,RG,3360,6,D,CC,YP,D
14:29:57,PTBA,RG,3360,4,D,CC,OD,D
14:29:57,PTBA,RG,3360,6,F,YU,OD,D
14:29:55,PTBA,RG,3360,7,F,YU,CC,D
14:29:41,PTBA,RG,3370,1,D,PD,CC,D
14:29:39,PTBA,RG,3360,10,F,YU,KK,D
14:29:34,PTBA,RG,3360,51,F,YU,CS,F
14:29:34,PTBA,RG,3360,37,D,NI,CS,F
14:29:23,PTBA,RG,3360,1,D,NI,KK,D
14:29:01,PTBA,RG,3360,24,D,NI,YP,D
14:28:58,PTBA,RG,3360,13,D,NI,RX,D
14:28:55,PTBA,RG,3360,9,D,NI,OD,D
14:28:53,PTBA,RG,3360,153,D,NI,ZP,F
14:28:53,PTBA,RG,3360,3,D,SQ,ZP,F
14:28:53,PTBA,RG,3360,4,F,CS,ZP,F
14:28:53,PTBA,RG,3360,15,D,XC,ZP,F
14:28:53,PTBA,RG,3360,25,F,BK,ZP,F
14:28:33,PTBA,RG,3360,10,F,BK,EP,D
14:28:31,PTBA,RG,3360,45,F,BK,AK,F
14:28:31,PTBA,RG,3360,5,D,PD,AK,F
14:28:31,PTBA,RG,3360,56,F,YU,AK,F
14:28:31,PTBA,RG,3360,20,F,CS,AK,F
14:28:31,PTBA,RG,3360,21,F,DX,AK,F
14:28:31,PTBA,RG,3360,2,D,PD,AK,F
14:28:31,PTBA,RG,3360,50,D,DR,AK,F
14:28:31,PTBA,RG,3360,68,F,BK,AK,F
14:28:31,PTBA,RG,3360,200,D,PD,AK,F
14:28:31,PTBA,RG,3360,60,D,XC,AK,F
14:28:31,PTBA,RG,3360,64,F,YU,AK,F
14:28:31,PTBA,RG,3360,100,D,NI,AK,F
14:28:31,PTBA,RG,3360,7,F,CS,AK,F
14:28:31,PTBA,RG,3360,80,F,BK,AK,F
14:28:31,PTBA,RG,3360,75,F,YU,AK,F
14:28:31,PTBA,RG,3360,49,F,CC,AK,F
14:28:30,PTBA,RG,3360,200,F,CC,ZP,F
14:28:24,PTBA,RG,3360,300,F,CC,ZP,F
14:28:20,PTBA,RG,3360,10,F,CC,ZP,F
14:28:20,PTBA,RG,3360,1,D,PD,ZP,F
14:28:20,PTBA,RG,3360,13,F,AK,ZP,F
14:28:20,PTBA,RG,3360,15,D,YP,ZP,F
14:28:20,PTBA,RG,3360,71,F,YU,ZP,F
14:28:20,PTBA,RG,3360,22,F,DX,ZP,F
14:28:20,PTBA,RG,3360,2,D,XC,ZP,F
14:28:20,PTBA,RG,3360,6,F,CS,ZP,F
14:28:20,PTBA,RG,3360,1,D,XC,ZP,F
14:28:20,PTBA,RG,3360,3,D,PD,ZP,F
14:28:20,PTBA,RG,3360,2,D,YP,ZP,F
14:28:20,PTBA,RG,3360,54,F,BK,ZP,F
14:28:10,PTBA,RG,3360,19,F,BK,CS,F
14:28:10,PTBA,RG,3360,2,D,PD,CS,F
14:28:10,PTBA,RG,3360,7,F,CS,CS,F
14:28:10,PTBA,RG,3360,71,F,BK,CS,F
14:28:10,PTBA,RG,3360,4,F,CS,CS,F
14:28:08,PTBA,RG,3360,23,F,CS,RX,D
14:28:01,PTBA,RG,3360,2,F,CS,DX,D
14:28:01,PTBA,RG,3360,32,F,CS,DX,D
14:28:01,PTBA,RG,3360,1,D,PD,DX,D
14:28:01,PTBA,RG,3360,53,F,YU,DX,D
14:28:01,PTBA,RG,3360,20,F,BK,DX,D
14:27:58,PTBA,RG,3360,54,F,BK,DX,D
14:27:57,PTBA,RG,3360,10,F,BK,OD,D
14:27:36,PTBA,RG,3360,1,F,BK,EP,D
14:27:27,PTBA,RG,3360,10,F,BK,EP,D
14:27:25,PTBA,RG,3370,2,D,OD,CC,D
14:27:07,PTBA,RG,3370,49,F,CS,CC,D
14:26:57,PTBA,RG,3360,9,F,BK,OD,D
14:26:49,PTBA,RG,3360,6,F,BK,PD,D
14:26:49,PTBA,RG,3360,24,F,BK,PD,D
14:26:45,PTBA,RG,3370,7,F,AK,CC,D
14:26:40,PTBA,RG,3360,5,F,BK,CC,D
14:26:32,PTBA,RG,3360,74,F,BK,CS,F
14:26:32,PTBA,RG,3360,4,F,CS,CS,F
14:26:32,PTBA,RG,3360,26,D,NI,CS,F
14:26:31,PTBA,RG,3360,187,D,NI,XL,D
14:26:15,PTBA,RG,3360,80,D,NI,YP,D
14:26:09,PTBA,RG,3370,30,D,PD,CC,D
14:26:07,PTBA,RG,3370,29,F,BK,CC,D
14:26:02,PTBA,RG,3370,46,D,EP,CC,D
14:25:57,PTBA,RG,3360,9,D,NI,OD,D
14:25:47,PTBA,RG,3370,1,D,NI,CC,D
14:25:47,PTBA,RG,3360,108,D,NI,DX,D
14:25:44,PTBA,RG,3370,8,F,CS,CC,D
14:25:37,PTBA,RG,3370,2,D,XC,CC,D
14:25:30,PTBA,RG,3370,47,F,CS,CC,D
14:25:26,PTBA,RG,3370,5,D,SQ,CC,D
14:25:20,PTBA,RG,3360,50,D,NI,DX,D
14:25:18,PTBA,RG,3360,15,D,NI,XL,D
14:24:57,PTBA,RG,3360,10,D,NI,OD,D
14:24:55,PTBA,RG,3360,5,D,NI,NI,D
14:24:52,PTBA,RG,3360,106,D,NI,CS,F
14:24:33,PTBA,RG,3360,13,D,NI,RX,D
14:24:28,PTBA,RG,3360,371,D,NI,NI,D
14:24:28,PTBA,RG,3360,29,D,NI,NI,D
14:24:27,PTBA,RG,3360,12,D,NI,YU,D
14:24:12,PTBA,RG,3370,1,D,XL,CC,D
14:24:02,PTBA,RG,3360,28,D,NI,YP,D
14:24:01,PTBA,RG,3360,1,D,NI,NI,D
14:23:55,PTBA,RG,3360,10,D,NI,OD,D
14:23:51,PTBA,RG,3360,5,D,NI,YP,D
14:23:35,PTBA,RG,3370,69,D,CP,CC,D
14:23:30,PTBA,RG,3360,101,D,NI,DX,D
14:23:15,PTBA,RG,3360,613,D,NI,AK,F
14:23:06,PTBA,RG,3360,3,D,NI,AT,D
14:23:01,PTBA,RG,3360,106,D,NI,CS,F
14:22:57,PTBA,RG,3360,11,D,NI,OD,D
14:22:48,PTBA,RG,3370,150,D,DR,CC,D
14:22:42,PTBA,RG,3360,56,D,NI,DX,D
14:22:32,PTBA,RG,3360,1,D,NI,TP,D
14:22:20,PTBA,RG,3360,74,D,NI,AK,F
14:22:20,PTBA,RG,3360,58,F,YU,AK,F
14:21:57,PTBA,RG,3360,5,F,YU,OD,D
14:21:57,PTBA,RG,3360,5,F,DX,OD,D
14:21:55,PTBA,RG,3360,3,F,DX,NI,D
14:21:42,PTBA,RG,3360,16,F,DX,RX,D
14:21:42,PTBA,RG,3360,9,D,PD,RX,D
14:21:42,PTBA,RG,3360,3,D,PD,DR,D
14:21:36,PTBA,RG,3360,43,D,PD,YP,D
14:21:36,PTBA,RG,3360,70,F,BK,YP,D
14:21:36,PTBA,RG,3360,12,F,CS,YP,D
14:21:36,PTBA,RG,3360,27,F,CS,YP,D
14:21:36,PTBA,RG,3360,67,F,BK,YP,D
14:21:36,PTBA,RG,3360,24,F,CS,YP,D
14:21:36,PTBA,RG,3360,1,D,XC,YP,D
14:21:36,PTBA,RG,3360,1,D,SQ,YP,D
14:21:36,PTBA,RG,3360,52,F,YU,YP,D
14:21:36,PTBA,RG,3360,3,D,PD,YP,D
14:21:36,PTBA,RG,3360,1,F,CS,YP,D
14:21:36,PTBA,RG,3360,66,F,BK,YP,D
14:21:36,PTBA,RG,3360,57,F,YU,YP,D
14:21:36,PTBA,RG,3360,27,D,TP,YP,D
14:21:36,PTBA,RG,3360,15,D,NI,YP,D
14:21:36,PTBA,RG,3360,22,F,DX,YP,D
14:21:36,PTBA,RG,3360,12,F,BK,YP,D
14:21:31,PTBA,RG,3370,1,D,DH,CC,D
14:21:28,PTBA,RG,3360,53,F,BK,PD,D
14:21:28,PTBA,RG,3360,8,D,PD,PD,D
14:21:28,PTBA,RG,3360,3,F,AK,PD,D
14:21:28,PTBA,RG,3360,50,F,YU,PD,D
14:21:28,PTBA,RG,3360,10,F,CS,PD,D
14:21:28,PTBA,RG,3360,7,F,CS,PD,D
14:21:28,PTBA,RG,3360,100,D,YP,PD,D
14:21:28,PTBA,RG,3360,19,F,BK,PD,D
14:21:08,PTBA,RG,3360,41,F,BK,CS,F
14:21:08,PTBA,RG,3360,3,D,BQ,CS,F
14:21:08,PTBA,RG,3360,10,F,CS,CS,F
14:21:08,PTBA,RG,3360,6,F,CS,CS,F
14:21:08,PTBA,RG,3360,42,D,HD,CS,F
14:21:08,PTBA,RG,3360,13,D,HD,RX,D
14:21:08,PTBA,RG,3360,45,D,HD,DX,D
14:21:08,PTBA,RG,3360,54,F,BK,DX,D
14:20:57,PTBA,RG,3360,5,F,BK,OD,D
14:20:57,PTBA,RG,3360,4,D,CC,OD,D
14:20:46,PTBA,RG,3370,18,F,CS,CC,D
14:19:57,PTBA,RG,3360,6,D,CC,DX,D
14:19:57,PTBA,RG,3360,39,F,BK,DX,D
14:19:55,PTBA,RG,3360,11,F,BK,OD,D
14:19:44,PTBA,RG,3360,20,F,BK,YP,D
14:19:44,PTBA,RG,3360,16,F,CS,YP,D
14:19:44,PTBA,RG,3360,34,D,KK,YP,D
14:19:39,PTBA,RG,3370,83,F,BK,CC,D
14:19:36,PTBA,RG,3360,1,D,KK,TP,D
14:19:17,PTBA,RG,3360,100,D,KK,CS,F
14:19:12,PTBA,RG,3360,19,D,KK,RX,D
14:19:08,PTBA,RG,3360,10,D,KK,IF,D
14:18:57,PTBA,RG,3370,3,D,YP,CC,D
14:18:53,PTBA,RG,3360,11,D,KK,OD,D
14:18:51,PTBA,RG,3360,7,D,KK,PD,D
14:18:44,PTBA,RG,3370,30,F,BK,CC,D
14:18:44,PTBA,RG,3370,58,F,BK,CC,D
14:18:43,PTBA,RG,3370,6,F,AK,CC,D
14:18:42,PTBA,RG,3360,104,D,KK,DX,D
14:18:27,PTBA,RG,3370,49,F,CS,CC,D
14:18:14,PTBA,RG,3370,49,F,CS,CC,D
14:17:53,PTBA,RG,3360,10,D,KK,OD,D
14:17:47,PTBA,RG,3370,5,D,CC,CC,D
14:17:41,PTBA,RG,3370,51,F,BK,CC,D
14:17:22,PTBA,RG,3370,1,D,OD,CC,D
14:17:22,PTBA,RG,3360,104,D,KK,CS,F
14:17:19,PTBA,RG,3370,8,F,CS,CC,D
14:17:07,PTBA,RG,3360,49,D,KK,DX,D
14:17:02,PTBA,RG,3370,19,F,CS,CC,D
14:16:53,PTBA,RG,3360,9,D,KK,OD,D
14:16:45,PTBA,RG,3360,198,D,KK,AK,F
14:16:31,PTBA,RG,3370,28,F,BK,CC,D
14:16:31,PTBA,RG,3370,22,F,BK,YU,F
14:16:31,PTBA,RG,3370,9,F,BK,AI,D
14:16:24,PTBA,RG,3360,97,D,KK,DX,D
14:16:10,PTBA,RG,3360,14,D,KK,RX,D
14:16:03,PTBA,RG,3360,5,D,KK,PD,D
14:15:57,PTBA,RG,3360,1,D,KK,XL,D
14:15:57,PTBA,RG,3360,9,D,KK,OD,D
14:15:30,PTBA,RG,3370,1,F,BK,AI,D
14:15:30,PTBA,RG,3370,54,F,BK,CS,F
14:14:59,PTBA,RG,3360,8,D,KK,OD,D
14:14:59,PTBA,RG,3360,5,D,KK,YP,D
14:14:52,PTBA,RG,3360,2,D,KK,YP,D
14:14:25,PTBA,RG,3370,1,D,XC,CS,F
14:14:18,PTBA,RG,3360,43,D,KK,DX,D
14:14:09,PTBA,RG,3360,88,D,KK,DX,D
14:14:09,PTBA,RG,3360,14,D,KK,RX,D
14:14:01,PTBA,RG,3360,8,D,KK,OD,D
14:13:53,PTBA,RG,3360,2,D,KK,CC,D
14:13:40,PTBA,RG,3370,47,F,CS,CS,F
14:13:40,PTBA,RG,3370,17,D,EP,CS,F
14:13:40,PTBA,RG,3370,33,D,EP,AK,F
14:13:22,PTBA,RG,3360,9,D,KK,YP,D
14:13:00,PTBA,RG,3370,1,F,AK,AK,F
14:12:59,PTBA,RG,3360,7,D,KK,OD,D
14:12:56,PTBA,RG,3360,32,D,KK,CS,F
14:12:56,PTBA,RG,3360,59,F,BK,CS,F
14:12:56,PTBA,RG,3360,9,F,YU,CS,F
14:12:50,PTBA,RG,3370,3,D,CC,AK,F
14:12:49,PTBA,RG,3370,18,F,CS,AK,F
14:12:43,PTBA,RG,3370,84,F,BK,AK,F
14:12:37,PTBA,RG,3370,4,F,CS,AK,F
14:12:37,PTBA,RG,3370,1,F,CS,XL,D
14:12:37,PTBA,RG,3370,3,F,CS,YP,D
14:12:10,PTBA,RG,3360,1,F,YU,YP,D
14:12:07,PTBA,RG,3360,15,F,YU,XC,D
14:12:07,PTBA,RG,3360,3,F,AK,XC,D
14:12:07,PTBA,RG,3360,1,D,PD,XC,D
14:12:07,PTBA,RG,3360,50,D,YP,XC,D
14:12:07,PTBA,RG,3360,1,D,PD,XC,D
14:12:07,PTBA,RG,3360,20,F,CS,XC,D
14:12:06,PTBA,RG,3360,5,F,CS,KK,D
14:12:06,PTBA,RG,3360,50,F,BK,KK,D
14:11:59,PTBA,RG,3360,8,F,BK,OD,D
14:11:51,PTBA,RG,3360,97,F,BK,DX,D
14:11:48,PTBA,RG,3370,1,D,XC,YP,D
14:11:37,PTBA,RG,3360,55,F,BK,DX,D
14:11:18,PTBA,RG,3370,5,F,BK,YP,D
14:11:18,PTBA,RG,3370,11,F,BK,YP,D
14:11:18,PTBA,RG,3370,15,F,BK,DH,D
14:11:18,PTBA,RG,3370,14,F,BK,AZ,D
14:11:18,PTBA,RG,3370,10,F,BK,KK,D
14:11:18,PTBA,RG,3370,14,F,BK,AZ,D
14:11:18,PTBA,RG,3370,2,F,BK,AZ,D
14:11:10,PTBA,RG,3360,641,F,BK,CC,D
14:10:59,PTBA,RG,3360,7,F,BK,OD,D
14:10:54,PTBA,RG,3370,12,F,CS,AZ,D
14:10:54,PTBA,RG,3370,10,F,CS,AZ,D
14:10:54,PTBA,RG,3370,1,F,CS,PD,D
14:10:54,PTBA,RG,3370,22,F,CS,PD,D
14:10:53,PTBA,RG,3360,104,F,BK,CS,F
14:10:52,PTBA,RG,3360,1,F,BK,HP,D
14:10:44,PTBA,RG,3360,3,F,BK,EP,D
14:10:27,PTBA,RG,3360,3,F,BK,XC,D
14:10:19,PTBA,RG,3360,4,F,BK,XC,D
14:10:01,PTBA,RG,3360,8,F,BK,OD,D
14:09:54,PTBA,RG,3370,1,D,XL,PD,D
14:09:43,PTBA,RG,3360,15,F,BK,NI,D
14:09:27,PTBA,RG,3360,74,F,BK,DX,D
14:09:27,PTBA,RG,3360,1,D,XC,DX,D
14:09:27,PTBA,RG,3360,31,F,BK,DX,D
14:09:08,PTBA,RG,3360,1,F,BK,KK,D
14:09:08,PTBA,RG,3360,6,F,CS,KK,D
14:09:08,PTBA,RG,3360,3,F,BK,KK,D
14:09:05,PTBA,RG,3370,2,D,NI,PD,D
14:09:05,PTBA,RG,3370,2,D,NI,YP,D
14:09:05,PTBA,RG,3370,1,D,NI,NI,D
14:09:05,PTBA,RG,3370,29,D,NI,RX,D
14:09:05,PTBA,RG,3370,84,D,NI,AK,F
14:09:01,PTBA,RG,3360,8,F,BK,OD,D
14:09:00,PTBA,RG,3360,47,F,BK,DX,D
14:09:00,PTBA,RG,3360,2,D,YP,DX,D
14:08:51,PTBA,RG,3360,1,D,YP,XC,D
14:08:38,PTBA,RG,3360,2,D,YP,CS,F
14:08:38,PTBA,RG,3360,24,F,YU,CS,F
14:08:38,PTBA,RG,3360,60,F,BK,CS,F
14:08:38,PTBA,RG,3360,20,F,BK,CS,F
14:08:35,PTBA,RG,3360,12,F,BK,RX,D
14:08:35,PTBA,RG,3360,2,F,CS,RX,D
14:08:25,PTBA,RG,3360,9,F,CS,XC,D
14:08:25,PTBA,RG,3360,2,D,PD,XC,D
14:08:01,PTBA,RG,3360,7,D,NI,OD,D
14:07:57,PTBA,RG,3370,1,D,NI,AK,F
14:07:36,PTBA,RG,3360,1,D,NI,PD,D
14:07:08,PTBA,RG,3360,105,D,NI,DX,D
14:07:03,PTBA,RG,3360,7,D,NI,OD,D
14:06:53,PTBA,RG,3360,13,D,NI,RX,D
14:06:34,PTBA,RG,3360,1,D,NI,NI,D
14:06:25,PTBA,RG,3360,4,D,NI,CC,D
14:06:19,PTBA,RG,3360,56,D,NI,DX,D
14:06:14,PTBA,RG,3360,83,D,NI,CS,F
14:06:05,PTBA,RG,3360,8,D,NI,OD,D
14:05:24,PTBA,RG,3360,2,D,NI,XA,D
14:05:20,PTBA,RG,3360,1,D,NI,XL,D
14:05:18,PTBA,RG,3360,13,D,NI,RX,D
14:05:07,PTBA,RG,3360,8,D,NI,OD,D
14:04:47,PTBA,RG,3360,25,D,NI,PD,D
14:04:46,PTBA,RG,3360,103,D,NI,DX,D
14:04:30,PTBA,RG,3360,25,D,NI,YP,D
14:04:22,PTBA,RG,3360,83,D,NI,CS,F
14:04:05,PTBA,RG,3360,7,D,NI,OD,D
14:03:48,PTBA,RG,3360,15,D,NI,DH,D
14:03:42,PTBA,RG,3360,133,D,NI,CC,D
14:03:42,PTBA,RG,3360,443,D,NI,CC,D
14:03:38,PTBA,RG,3370,62,D,CC,AK,F
14:03:38,PTBA,RG,3370,88,D,CC,BK,F
14:03:28,PTBA,RG,3360,42,D,NI,DX,D
14:03:22,PTBA,RG,3360,4,D,NI,PD,D
14:03:20,PTBA,RG,3360,3,D,NI,PD,D
14:03:13,PTBA,RG,3360,13,D,NI,RX,D
14:03:08,PTBA,RG,3360,8,D,NI,OD,D
14:02:47,PTBA,RG,3370,1,D,YP,BK,F
14:02:40,PTBA,RG,3360,1,D,NI,NI,D
14:02:33,PTBA,RG,3360,10,D,NI,BS,D
14:02:31,PTBA,RG,3360,104,D,NI,DX,D
14:02:27,PTBA,RG,3360,96,D,NI,CS,F
14:02:06,PTBA,RG,3360,7,D,NI,OD,D
14:02:04,PTBA,RG,3370,1,D,YP,BK,F
14:02:01,PTBA,RG,3360,4,D,NI,SQ,D
14:01:48,PTBA,RG,3360,1,D,NI,XC,D
14:01:34,PTBA,RG,3360,7,D,NI,PD,D
14:01:08,PTBA,RG,3360,7,D,NI,RX,D
14:01:08,PTBA,RG,3360,6,D,BQ,RX,D
14:01:04,PTBA,RG,3360,9,D,BQ,OD,D
14:00:58,PTBA,RG,3370,20,D,SQ,BK,F
14:00:47,PTBA,RG,3360,2,D,BQ,YP,D
14:00:36,PTBA,RG,3360,3,D,BQ,YP,D
14:00:36,PTBA,RG,3360,20,F,DX,YP,D
14:00:36,PTBA,RG,3360,4,D,NI,YP,D
14:00:36,PTBA,RG,3360,8,F,YU,YP,D
14:00:33,PTBA,RG,3360,1,F,YU,PD,D
14:00:15,PTBA,RG,3360,16,F,YU,NI,D
14:00:15,PTBA,RG,3360,6,F,CS,NI,D
14:00:15,PTBA,RG,3360,10,D,NI,NI,D
14:00:15,PTBA,RG,3360,4,D,YP,NI,D
14:00:13,PTBA,RG,3360,21,D,YP,CS,F
14:00:13,PTBA,RG,3360,2,D,XC,CS,F
14:00:13,PTBA,RG,3360,29,F,BK,CS,F
14:00:13,PTBA,RG,3360,10,D,KK,CS,F
14:00:13,PTBA,RG,3360,2,D,YP,CS,F
14:00:13,PTBA,RG,3360,1,F,BK,CS,F
14:00:11,PTBA,RG,3360,75,F,BK,DX,D
14:00:11,PTBA,RG,3360,3,F,AK,DX,D
14:00:11,PTBA,RG,3360,2,F,CS,DX,D
14:00:11,PTBA,RG,3360,13,F,BK,DX,D
14:00:08,PTBA,RG,3360,15,F,BK,DX,D
14:00:08,PTBA,RG,3360,20,D,CC,DX,D
14:00:02,PTBA,RG,3360,7,D,CC,OD,D
13:59:18,PTBA,RG,3370,3,D,CC,BK,F
13:59:04,PTBA,RG,3360,26,D,CC,NI,D
13:59:04,PTBA,RG,3360,16,F,CS,NI,D
13:59:04,PTBA,RG,3360,5,D,NI,NI,D
13:59:04,PTBA,RG,3360,13,D,YP,NI,D
13:59:00,PTBA,RG,3360,7,D,YP,OD,D
13:58:46,PTBA,RG,3360,1,D,YP,KK,D
13:58:42,PTBA,RG,3360,13,D,YP,RX,D
13:58:40,PTBA,RG,3360,16,D,YP,CS,F
13:58:40,PTBA,RG,3360,1,D,KK,CS,F
13:58:40,PTBA,RG,3360,2,F,YU,CS,F
13:58:12,PTBA,RG,3360,16,F,YU,CS,F
13:58:03,PTBA,RG,3360,7,F,YU,OD,D
13:57:49,PTBA,RG,3360,9,F,YU,DX,D
13:57:49,PTBA,RG,3360,1,D,KK,DX,D
13:57:49,PTBA,RG,3360,12,D,PD,DX,D
13:57:49,PTBA,RG,3360,18,F,YU,DX,D
13:57:49,PTBA,RG,3360,12,F,YU,CS,F
13:57:48,PTBA,RG,3360,15,F,YU,KK,D
13:57:48,PTBA,RG,3360,9,F,CS,KK,D
13:57:48,PTBA,RG,3360,1,F,CS,KK,D
13:57:48,PTBA,RG,3360,10,F,CS,KK,D
13:57:48,PTBA,RG,3360,9,D,XC,KK,D
13:57:48,PTBA,RG,3360,1,D,NI,KK,D
13:57:48,PTBA,RG,3360,2,D,YP,KK,D
13:57:48,PTBA,RG,3360,23,F,DX,KK,D
13:57:48,PTBA,RG,3360,1,D,XL,KK,D
13:57:48,PTBA,RG,3360,29,D,YP,KK,D
13:57:48,PTBA,RG,3360,89,D,YP,DX,D
13:57:32,PTBA,RG,3360,23,D,YP,CS,F
13:57:31,PTBA,RG,3360,22,D,YP,YU,F
13:57:28,PTBA,RG,3360,10,D,YP,PD,D
13:57:26,PTBA,RG,3360,28,D,YP,BK,F
13:57:21,PTBA,RG,3360,200,D,YP,HP,D
13:57:14,PTBA,RG,3360,1,D,YP,YP,D
13:57:13,PTBA,RG,3360,20,D,YP,YP,D
13:57:13,PTBA,RG,3360,10,D,YP,DX,D
13:57:04,PTBA,RG,3360,23,D,YP,YU,F
13:57:03,PTBA,RG,3360,8,D,YP,OD,D
13:57:00,PTBA,RG,3360,63,D,YP,YP,D
13:56:59,PTBA,RG,3360,33,D,YP,CS,F
13:56:58,PTBA,RG,3360,1,D,YP,YP,D
13:56:58,PTBA,RG,3360,288,D,YP,CC,D
13:56:47,PTBA,RG,3360,73,D,YP,YP,D
13:56:38,PTBA,RG,3360,79,D,YP,NI,D
13:56:38,PTBA,RG,3360,1,D,YP,NI,D
13:56:38,PTBA,RG,3360,19,F,CS,NI,D
13:56:38,PTBA,RG,3360,27,F,CS,NI,D
13:56:38,PTBA,RG,3360,3,F,AK,NI,D
13:56:38,PTBA,RG,3360,5,D,XC,NI,D
13:56:38,PTBA,RG,3360,41,F,YU,NI,D
13:56:38,PTBA,RG,3360,6,F,CS,NI,D
13:56:38,PTBA,RG,3360,1,D,YP,NI,D
13:56:38,PTBA,RG,3360,1,D,XC,NI,D
13:56:38,PTBA,RG,3360,64,F,BK,NI,D
13:56:38,PTBA,RG,3360,5,F,CS,NI,D
13:56:38,PTBA,RG,3360,53,F,YU,NI,D
13:56:38,PTBA,RG,3360,1,D,PD,NI,D
13:56:38,PTBA,RG,3360,10,F,CS,NI,D
13:56:38,PTBA,RG,3360,1,D,YP,NI,D
13:56:38,PTBA,RG,3360,1,D,NI,NI,D
13:56:38,PTBA,RG,3360,3,D,PD,NI,D
13:56:38,PTBA,RG,3360,60,F,BK,NI,D
13:56:38,PTBA,RG,3360,50,D,YP,NI,D
13:56:38,PTBA,RG,3360,9,F,CS,NI,D
13:56:38,PTBA,RG,3360,43,F,YU,NI,D
13:56:38,PTBA,RG,3360,1,D,DH,NI,D
13:56:38,PTBA,RG,3360,10,D,PD,NI,D
13:56:38,PTBA,RG,3360,5,F,CS,NI,D
13:56:38,PTBA,RG,3360,11,F,AK,NI,D
13:56:38,PTBA,RG,3360,62,F,BK,NI,D
13:56:38,PTBA,RG,3360,25,F,CS,NI,D
13:56:38,PTBA,RG,3360,37,F,BK,NI,D
13:56:38,PTBA,RG,3360,3,F,CS,NI,D
13:56:38,PTBA,RG,3360,100,D,OD,NI,D
13:56:38,PTBA,RG,3360,40,F,CS,NI,D
13:56:38,PTBA,RG,3360,5,D,YP,NI,D
13:56:38,PTBA,RG,3360,1,D,PD,NI,D
13:56:38,PTBA,RG,3360,6,F,CS,NI,D
13:56:38,PTBA,RG,3360,62,F,BK,NI,D
13:56:38,PTBA,RG,3360,24,F,DX,NI,D
13:56:38,PTBA,RG,3360,1,F,CS,NI,D
13:56:38,PTBA,RG,3360,2,D,PD,NI,D
13:56:38,PTBA,RG,3360,50,D,YP,NI,D
13:56:38,PTBA,RG,3360,6,D,PD,NI,D
13:56:38,PTBA,RG,3360,52,F,YU,NI,D
13:56:38,PTBA,RG,3360,110,F,BK,NI,D
13:56:38,PTBA,RG,3360,73,F,BK,NI,D
13:56:38,PTBA,RG,3360,2,F,CS,NI,D
13:56:38,PTBA,RG,3360,6,F,CS,NI,D
13:56:38,PTBA,RG,3360,26,F,CS,NI,D
13:56:38,PTBA,RG,3360,5,D,PD,NI,D
13:56:38,PTBA,RG,3360,59,F,BK,NI,D
13:56:38,PTBA,RG,3360,3,D,PD,NI,D
13:56:38,PTBA,RG,3360,2,D,PD,NI,D
13:56:38,PTBA,RG,3360,5,D,PD,NI,D
13:56:38,PTBA,RG,3360,3,F,CS,NI,D
13:56:38,PTBA,RG,3360,19,F,CS,NI,D
13:56:38,PTBA,RG,3360,60,F,BK,NI,D
13:56:38,PTBA,RG,3360,47,F,YU,NI,D
13:56:38,PTBA,RG,3360,1,D,KK,NI,D
13:56:38,PTBA,RG,3360,2,F,CS,NI,D
13:56:38,PTBA,RG,3360,91,D,HD,NI,D
13:56:31,PTBA,RG,3360,5,D,HD,NI,D
13:56:26,PTBA,RG,3360,10,D,HD,NI,D
13:56:10,PTBA,RG,3360,73,D,HD,CS,F
13:56:00,PTBA,RG,3360,7,D,HD,OD,D
13:55:40,PTBA,RG,3360,1,D,HD,XC,D
13:55:27,PTBA,RG,3360,13,D,HD,DX,D
13:55:27,PTBA,RG,3360,6,D,NI,DX,D
13:55:27,PTBA,RG,3360,1,D,CC,DX,D
13:55:27,PTBA,RG,3360,15,F,YU,DX,D
13:55:24,PTBA,RG,3370,9,D,EP,BK,F
13:55:23,PTBA,RG,3360,31,F,YU,DX,D
13:55:23,PTBA,RG,3360,1,D,CC,DX,D
13:55:23,PTBA,RG,3360,58,F,BK,DX,D
13:55:23,PTBA,RG,3360,4,F,CS,DX,D
13:55:21,PTBA,RG,3360,10,F,CS,SA,D
13:55:21,PTBA,RG,3360,280,D,NI,SA,D
13:55:21,PTBA,RG,3360,300,D,NI,SA,D
13:55:21,PTBA,RG,3360,38,F,CS,SA,D
13:55:21,PTBA,RG,3360,5,D,SQ,SA,D
13:55:21,PTBA,RG,3360,1,D,PD,SA,D
13:55:21,PTBA,RG,3360,56,F,BK,SA,D
13:55:21,PTBA,RG,3360,2,D,BQ,SA,D
13:55:21,PTBA,RG,3360,4,F,CS,SA,D
13:55:21,PTBA,RG,3360,100,D,MG,SA,D
13:55:21,PTBA,RG,3360,204,D,XC,SA,D
13:55:17,PTBA,RG,3370,67,F,BK,BK,F
13:55:06,PTBA,RG,3370,10,D,CC,BK,F
13:54:58,PTBA,RG,3360,7,D,XC,OD,D
13:54:58,PTBA,RG,3360,6,D,XC,PD,D
13:54:57,PTBA,RG,3370,1,D,PD,BK,F
13:54:13,PTBA,RG,3370,30,D,CC,CS,F
13:54:00,PTBA,RG,3360,8,D,XC,OD,D
13:53:23,PTBA,RG,3360,13,D,XC,RX,D
13:53:04,PTBA,RG,3360,36,D,XC,DX,D
13:53:02,PTBA,RG,3360,97,D,XC,DX,D
13:53:02,PTBA,RG,3360,10,D,LG,DX,D
13:53:02,PTBA,RG,3360,3,F,AK,DX,D
13:53:02,PTBA,RG,3360,4,F,BK,DX,D
13:53:00,PTBA,RG,3360,7,F,BK,OD,D
13:52:27,PTBA,RG,3370,6,D,PD,CS,F
13:52:16,PTBA,RG,3370,1,D,XC,CS,F
13:52:05,PTBA,RG,3370,49,D,NI,CS,F
13:52:05,PTBA,RG,3370,7,D,NI,CS,F
13:52:05,PTBA,RG,3370,62,D,NI,ZP,F
13:52:04,PTBA,RG,3360,44,F,BK,CS,F
13:52:04,PTBA,RG,3360,56,F,YU,CS,F
13:52:04,PTBA,RG,3360,16,F,BK,CS,F
13:51:58,PTBA,RG,3370,2,D,PD,ZP,F
13:51:58,PTBA,RG,3360,8,F,BK,OD,D
13:51:44,PTBA,RG,3360,29,F,BK,CC,D
13:51:44,PTBA,RG,3360,8,D,XC,CC,D
13:51:44,PTBA,RG,3360,3,D,SQ,CC,D
13:51:44,PTBA,RG,3360,5,D,GR,CC,D
13:51:44,PTBA,RG,3360,3,F,AK,CC,D
13:51:44,PTBA,RG,3360,55,F,BK,CC,D
13:51:44,PTBA,RG,3360,1,D,CC,CC,D
13:51:44,PTBA,RG,3360,17,F,CS,CC,D
13:51:44,PTBA,RG,3360,31,F,CS,CC,D
13:51:44,PTBA,RG,3360,26,F,CS,CC,D
13:51:44,PTBA,RG,3360,2,D,DH,CC,D
13:51:44,PTBA,RG,3360,1,D,PD,CC,D
13:51:44,PTBA,RG,3360,5,D,PD,CC,D
13:51:44,PTBA,RG,3360,4,F,CS,CC,D
13:51:44,PTBA,RG,3360,10,D,PD,CC,D
13:51:44,PTBA,RG,3360,27,F,BK,CC,D
13:51:44,PTBA,RG,3360,18,F,DX,CC,D
13:51:44,PTBA,RG,3360,21,D,AT,CC,D
13:51:44,PTBA,RG,3360,22,F,YU,CC,D
13:51:37,PTBA,RG,3370,1,D,PD,ZP,F
13:51:29,PTBA,RG,3370,118,D,NI,ZP,F
13:51:26,PTBA,RG,3360,3,F,YU,PD,D
13:51:21,PTBA,RG,3370,17,D,CP,ZP,F
13:51:21,PTBA,RG,3370,8,D,CP,YU,F
13:51:01,PTBA,RG,3360,2,F,YU,XC,D
13:50:59,PTBA,RG,3360,1,F,YU,PD,D
13:50:56,PTBA,RG,3360,8,F,YU,OD,D
13:50:47,PTBA,RG,3360,20,F,YU,DX,D
13:50:47,PTBA,RG,3360,50,D,CC,DX,D
13:50:47,PTBA,RG,3360,10,D,CC,DX,D
13:50:47,PTBA,RG,3360,25,F,YU,DX,D
13:50:46,PTBA,RG,3360,13,F,YU,RX,D
13:50:44,PTBA,RG,3360,9,F,YU,DX,D
13:50:44,PTBA,RG,3360,5,D,XC,DX,D
13:50:44,PTBA,RG,3360,5,D,YP,DX,D
13:50:44,PTBA,RG,3360,16,F,YU,DX,D
13:50:38,PTBA,RG,3360,37,F,YU,CC,D
13:50:38,PTBA,RG,3360,1,D,YP,CC,D
13:50:38,PTBA,RG,3360,34,D,XC,CC,D
13:50:38,PTBA,RG,3360,216,D,YP,CC,D
13:50:29,PTBA,RG,3360,1,D,YP,DH,D
13:50:12,PTBA,RG,3360,2,D,YP,PD,D
13:49:59,PTBA,RG,3360,8,D,YP,OD,D
13:49:45,PTBA,RG,3360,1,D,YP,KK,D
13:49:10,PTBA,RG,3360,115,D,YP,CS,F
13:49:04,PTBA,RG,3370,3,D,PD,YU,F
13:48:59,PTBA,RG,3360,8,D,YP,OD,D
13:48:44,PTBA,RG,3370,2,D,PD,YU,F
13:48:42,PTBA,RG,3360,30,D,YP,PD,D
13:48:34,PTBA,RG,3370,11,F,CS,YU,F
13:48:32,PTBA,RG,3360,87,D,YP,DX,D
13:48:27,PTBA,RG,3360,30,D,YP,DX,D
13:48:27,PTBA,RG,3360,13,D,YP,RX,D
13:48:24,PTBA,RG,3360,17,D,YP,PD,D
13:48:07,PTBA,RG,3360,1,D,YP,PD,D
13:47:57,PTBA,RG,3360,8,D,YP,OD,D
13:47:02,PTBA,RG,3370,3,D,PD,YU,F
13:46:55,PTBA,RG,3360,7,D,YP,OD,D
13:46:42,PTBA,RG,3360,10,D,YP,CC,D
13:46:31,PTBA,RG,3360,13,D,YP,RX,D
13:46:28,PTBA,RG,3360,31,D,YP,BK,F
13:46:24,PTBA,RG,3360,113,D,YP,CS,F
13:46:13,PTBA,RG,3360,106,D,YP,DX,D
13:46:10,PTBA,RG,3360,35,D,YP,DX,D
13:46:07,PTBA,RG,3360,1,D,YP,XC,D
13:46:02,PTBA,RG,3360,2,D,YP,CC,D
13:45:57,PTBA,RG,3360,8,D,YP,OD,D
13:45:54,PTBA,RG,3360,4,D,YP,XL,D
13:45:45,PTBA,RG,3370,1,D,YU,YU,F
13:45:18,PTBA,RG,3360,1,D,YP,NI,D
13:45:10,PTBA,RG,3360,3,D,YP,PD,D
13:45:07,PTBA,RG,3360,44,D,YP,BK,F
13:45:04,PTBA,RG,3360,21,D,YP,CC,D
13:44:57,PTBA,RG,3360,8,D,YP,OD,D
13:44:18,PTBA,RG,3360,13,D,YP,RX,D
13:44:16,PTBA,RG,3360,9,D,YP,YP,D
13:44:14,PTBA,RG,3360,1,D,YP,YP,D
13:43:57,PTBA,RG,3360,8,D,YP,OD,D
13:43:51,PTBA,RG,3360,25,D,YP,DX,D
13:43:51,PTBA,RG,3360,1,D,CC,DX,D
13:43:51,PTBA,RG,3360,10,D,PD,DX,D
13:43:51,PTBA,RG,3360,3,D,YB,DX,D
13:43:46,PTBA,RG,3360,104,D,YB,DX,D
13:43:42,PTBA,RG,3360,43,D,YB,BK,F
13:43:42,PTBA,RG,3360,1,D,XC,BK,F
13:43:42,PTBA,RG,3360,8,F,DX,BK,F
13:43:40,PTBA,RG,3360,11,F,DX,CS,F
13:43:40,PTBA,RG,3360,32,F,BK,CS,F
13:43:40,PTBA,RG,3360,86,D,NI,CS,F
13:43:04,PTBA,RG,3360,1,D,NI,YP,D
13:43:04,PTBA,RG,3360,13,D,NI,RX,D
13:42:59,PTBA,RG,3360,9,D,NI,OD,D
13:42:54,PTBA,RG,3360,38,D,NI,BK,F
13:42:49,PTBA,RG,3360,84,D,NI,BK,F
13:42:47,PTBA,RG,3360,469,D,NI,EP,D
13:42:47,PTBA,RG,3360,131,D,NI,EP,D
13:41:59,PTBA,RG,3360,8,D,NI,OD,D
13:41:46,PTBA,RG,3360,6,D,NI,YP,D
13:41:30,PTBA,RG,3360,30,D,NI,BK,F
13:41:26,PTBA,RG,3360,37,D,NI,DX,D
13:41:23,PTBA,RG,3360,84,D,NI,DX,D
13:41:20,PTBA,RG,3360,39,D,NI,BK,F
13:41:18,PTBA,RG,3360,106,D,NI,CC,D
13:41:02,PTBA,RG,3360,4,D,NI,OD,D
13:40:47,PTBA,RG,3360,31,D,NI,BK,F
13:40:42,PTBA,RG,3360,104,D,NI,BK,F
13:40:41,PTBA,RG,3370,5,D,PD,OD,D
13:40:36,PTBA,RG,3360,170,D,NI,BK,F
13:40:36,PTBA,RG,3360,100,D,CC,BK,F
13:40:36,PTBA,RG,3360,29,F,BK,BK,F
13:40:36,PTBA,RG,3360,76,F,BK,BK,F
13:40:36,PTBA,RG,3360,1,D,CC,BK,F
13:40:36,PTBA,RG,3360,1,D,CC,BK,F
13:40:36,PTBA,RG,3360,10,D,PD,BK,F
13:40:36,PTBA,RG,3360,1,D,XL,BK,F
13:40:36,PTBA,RG,3360,50,D,YP,BK,F
13:40:36,PTBA,RG,3360,1,D,XC,BK,F
13:40:36,PTBA,RG,3360,149,D,YP,BK,F
13:40:36,PTBA,RG,3360,1,D,PD,BK,F
13:40:36,PTBA,RG,3360,1,D,XC,BK,F
13:40:36,PTBA,RG,3360,4,D,PD,BK,F
13:40:35,PTBA,RG,3370,18,F,CS,AK,F
13:40:35,PTBA,RG,3370,2,D,YP,AK,F
13:40:35,PTBA,RG,3370,2,D,CC,AK,F
13:40:35,PTBA,RG,3370,3,F,AK,AK,F
13:40:35,PTBA,RG,3370,54,F,YU,AK,F
13:40:35,PTBA,RG,3370,55,F,BK,AK,F
13:40:35,PTBA,RG,3370,10,D,XL,AK,F
13:40:35,PTBA,RG,3370,24,F,DX,AK,F
13:40:35,PTBA,RG,3370,2,D,PD,AK,F
13:40:35,PTBA,RG,3370,3,F,CS,AK,F
13:40:35,PTBA,RG,3370,3,F,CS,AK,F
13:40:35,PTBA,RG,3370,55,F,BK,AK,F
13:40:35,PTBA,RG,3370,9,F,CS,AK,F
13:40:35,PTBA,RG,3370,39,F,BK,AK,F
13:40:35,PTBA,RG,3370,8,F,CS,AK,F
13:40:35,PTBA,RG,3370,5,F,CS,AK,F
13:40:35,PTBA,RG,3370,28,D,PD,AK,F
13:40:35,PTBA,RG,3370,7,F,AK,AK,F
13:40:35,PTBA,RG,3370,23,F,BK,AK,F
13:40:35,PTBA,RG,3370,33,F,BK,SQ,D
13:40:35,PTBA,RG,3370,10,D,KK,SQ,D
13:40:35,PTBA,RG,3370,15,F,CS,SQ,D
13:40:35,PTBA,RG,3370,100,D,YB,SQ,D
13:40:35,PTBA,RG,3370,6,F,CS,SQ,D
13:40:35,PTBA,RG,3370,6,F,CS,SQ,D
13:40:35,PTBA,RG,3370,2,D,NI,SQ,D
13:40:35,PTBA,RG,3370,54,F,BK,SQ,D
13:40:35,PTBA,RG,3370,83,F,YU,SQ,D
13:40:35,PTBA,RG,3370,3,F,CS,SQ,D
13:40:35,PTBA,RG,3370,1,D,XL,SQ,D
13:40:35,PTBA,RG,3370,28,F,BK,SQ,D
13:40:35,PTBA,RG,3370,92,D,PD,SQ,D
13:40:35,PTBA,RG,3370,7,F,CS,SQ,D
13:40:35,PTBA,RG,3370,1000,D,KK,SQ,D
13:40:35,PTBA,RG,3370,742,F,BK,SQ,D
13:40:35,PTBA,RG,3370,6,D,AT,SQ,D
13:40:35,PTBA,RG,3370,75,F,YU,SQ,D
13:40:35,PTBA,RG,3370,5,D,CC,SQ,D
13:40:35,PTBA,RG,3370,10,F,CS,SQ,D
13:40:35,PTBA,RG,3370,15,D,YP,SQ,D
13:40:35,PTBA,RG,3370,54,F,BK,SQ,D
13:40:35,PTBA,RG,3370,34,F,BK,SQ,D
13:40:35,PTBA,RG,3370,13,F,CS,SQ,D
13:40:35,PTBA,RG,3370,8,F,CS,SQ,D
13:40:35,PTBA,RG,3370,4,F,CS,SQ,D
13:40:35,PTBA,RG,3370,100,D,KK,SQ,D
13:40:35,PTBA,RG,3370,66,F,BK,SQ,D
13:40:35,PTBA,RG,3370,29,F,CS,SQ,D
13:40:35,PTBA,RG,3370,2,F,CS,SQ,D
13:40:35,PTBA,RG,3370,397,D,NI,SQ,D
13:40:35,PTBA,RG,3370,90,D,NI,CS,F
13:40:30,PTBA,RG,3370,5,D,NI,YP,D
13:40:26,PTBA,RG,3370,135,D,NI,SQ,D
13:40:14,PTBA,RG,3370,13,D,NI,RX,D
13:39:57,PTBA,RG,3370,7,D,NI,OD,D
13:39:41,PTBA,RG,3370,10,D,NI,YP,D
13:39:26,PTBA,RG,3370,43,D,NI,BK,F
13:39:26,PTBA,RG,3370,5,D,NI,BK,F
13:39:23,PTBA,RG,3370,10,D,NI,YP,D
13:39:05,PTBA,RG,3370,36,D,NI,DX,D
13:39:02,PTBA,RG,3370,109,D,NI,DX,D
13:39:02,PTBA,RG,3370,51,D,NI,BK,F
13:38:59,PTBA,RG,3370,8,D,NI,OD,D
13:38:56,PTBA,RG,3370,85,D,NI,BK,F
13:38:55,PTBA,RG,3370,446,D,NI,EP,D
13:38:55,PTBA,RG,3370,34,F,BK,EP,D
13:38:55,PTBA,RG,3370,20,F,BK,EP,D
13:38:41,PTBA,RG,3370,31,F,BK,BK,F
13:38:41,PTBA,RG,3370,1,F,CS,BK,F
13:38:41,PTBA,RG,3370,1,F,CS,BK,F
13:38:41,PTBA,RG,3370,3,F,AK,BK,F
13:38:41,PTBA,RG,3370,1,D,CC,BK,F
13:38:41,PTBA,RG,3370,7,F,YU,BK,F
13:38:40,PTBA,RG,3370,1,F,YU,XC,D
13:38:38,PTBA,RG,3380,36,D,OD,ZP,F
13:38:38,PTBA,RG,3380,5,D,OD,PD,D
13:38:38,PTBA,RG,3380,259,D,OD,CC,D
13:38:26,PTBA,RG,3370,26,F,YU,BK,F
13:38:21,PTBA,RG,3370,6,F,YU,CS,F
13:38:21,PTBA,RG,3370,94,F,YU,CS,F
13:38:19,PTBA,RG,3370,5,F,YU,PD,D
13:38:18,PTBA,RG,3370,50,F,YU,CC,D
13:37:59,PTBA,RG,3370,7,F,YU,OD,D
13:37:23,PTBA,RG,3370,50,F,YU,CC,D
13:37:15,PTBA,RG,3370,13,F,YU,RX,D
13:36:57,PTBA,RG,3370,8,F,YU,OD,D
13:36:52,PTBA,RG,3370,20,F,YU,DX,D
13:36:52,PTBA,RG,3370,12,F,BK,DX,D
13:36:47,PTBA,RG,3370,40,F,BK,DX,D
13:36:47,PTBA,RG,3370,4,F,AK,DX,D
13:36:47,PTBA,RG,3370,41,F,DX,DX,D
13:36:28,PTBA,RG,3380,1,D,BQ,CC,D
13:36:19,PTBA,RG,3370,2,F,DX,XC,D
13:36:09,PTBA,RG,3370,2,F,DX,YP,D
13:35:57,PTBA,RG,3370,8,F,DX,OD,D
13:35:55,PTBA,RG,3370,4,F,DX,XC,D
13:35:42,PTBA,RG,3370,13,F,DX,RX,D
13:34:59,PTBA,RG,3370,20,F,DX,CC,D
13:34:57,PTBA,RG,3370,3,F,DX,OD,D
13:34:57,PTBA,RG,3370,5,F,BK,OD,D
13:34:52,PTBA,RG,3370,388,F,BK,AK,F
13:34:52,PTBA,RG,3370,729,F,BK,EP,D
13:34:52,PTBA,RG,3370,89,F,BK,EP,D
13:34:52,PTBA,RG,3370,21,F,CS,EP,D
13:34:52,PTBA,RG,3370,83,F,BK,EP,D
13:34:52,PTBA,RG,3370,2,F,CS,EP,D
13:34:52,PTBA,RG,3370,576,D,NI,EP,D
13:34:33,PTBA,RG,3370,29,D,NI,DX,D
13:34:30,PTBA,RG,3380,22,F,BK,CC,D
13:34:29,PTBA,RG,3370,98,D,NI,DX,D
13:34:17,PTBA,RG,3370,100,D,NI,CC,D
13:34:02,PTBA,RG,3380,21,F,DX,CC,D
13:33:59,PTBA,RG,3370,7,D,NI,OD,D
13:33:33,PTBA,RG,3370,1,D,NI,PD,D
13:33:05,PTBA,RG,3370,4,D,NI,BQ,D
13:32:59,PTBA,RG,3370,8,D,NI,OD,D
13:32:44,PTBA,RG,3380,1,D,CD,CC,D
13:32:38,PTBA,RG,3380,1,F,AK,CC,D
13:32:37,PTBA,RG,3370,25,D,NI,YP,D
13:32:04,PTBA,RG,3370,14,D,NI,AZ,D
13:32:03,PTBA,RG,3380,3,F,BK,CC,D
13:32:03,PTBA,RG,3380,1,F,BK,YP,D
13:32:03,PTBA,RG,3380,28,F,BK,CC,D
13:32:01,PTBA,RG,3370,14,D,NI,AZ,D
13:32:00,PTBA,RG,3370,14,D,NI,AZ,D
13:32:00,PTBA,RG,3370,10,D,NI,AZ,D
13:32:00,PTBA,RG,3370,1,D,NI,GR,D
13:32:00,PTBA,RG,3370,50,D,NI,GR,D
13:32:00,PTBA,RG,3370,150,D,NI,CC,F
13:32:00,PTBA,RG,3370,159,D,NI,CC,D
13:32:00,PTBA,RG,3370,141,D,NI,CC,D
13:32:00,PTBA,RG,3370,454,D,NI,AK,F
13:32:00,PTBA,RG,3370,694,D,NI,AK,F
13:32:00,PTBA,RG,3370,29,D,NI,CC,D
13:32:00,PTBA,RG,3370,32,D,NI,YP,D
13:31:59,PTBA,RG,3360,6,D,PD,OD,D
13:31:59,PTBA,RG,3360,2,D,XL,OD,D
13:31:58,PTBA,RG,3370,18,D,DR,YP,D
13:31:58,PTBA,RG,3370,1,D,DR,YP,D
13:31:58,PTBA,RG,3370,11,D,DR,YU,F
13:31:56,PTBA,RG,3370,28,F,BK,YU,F
13:31:53,PTBA,RG,3370,80,D,KK,YU,F
13:31:53,PTBA,RG,3370,2,D,KK,XC,D
13:31:53,PTBA,RG,3370,4,D,KK,XC,D
13:31:53,PTBA,RG,3370,914,D,KK,BK,F
13:31:53,PTBA,RG,3370,30,D,KK,BK,F
13:31:50,PTBA,RG,3370,2,D,CC,BK,F
13:31:38,PTBA,RG,3370,1,F,YU,BK,F
13:31:38,PTBA,RG,3370,21,F,YU,DX,D
13:30:57,PTBA,RG,3360,8,D,XL,OD,D
13:30:47,PTBA,RG,3360,20,D,XL,YU,F
13:30:47,PTBA,RG,3360,9,D,XL,BK,F
13:30:47,PTBA,RG,3360,30,D,YP,BK,F
13:30:47,PTBA,RG,3360,7,F,YU,BK,F
13:30:42,PTBA,RG,3360,86,F,YU,BK,F
13:30:39,PTBA,RG,3360,32,F,YU,BK,F
13:30:38,PTBA,RG,3360,110,F,YU,AK,F
13:30:38,PTBA,RG,3360,237,D,NI,AK,F
13:30:38,PTBA,RG,3360,3,D,XC,AK,F
13:30:38,PTBA,RG,3360,10,D,XC,AK,F
13:30:38,PTBA,RG,3360,2,D,SQ,AK,F
13:30:38,PTBA,RG,3360,100,D,SQ,AK,F
13:30:38,PTBA,RG,3360,6,D,YP,AK,F
13:30:37,PTBA,RG,3360,64,D,YP,BK,F
13:30:37,PTBA,RG,3360,1,D,YP,BK,F
13:30:37,PTBA,RG,3360,1,D,PD,BK,F
13:30:37,PTBA,RG,3360,5,D,CC,BK,F
13:30:37,PTBA,RG,3360,68,D,KK,BK,F
13:30:37,PTBA,RG,3360,7,D,OD,BK,F
13:30:37,PTBA,RG,3360,5,D,GR,BK,F
13:30:37,PTBA,RG,3360,2,D,OD,BK,F
13:30:37,PTBA,RG,3360,2,D,XA,BK,F
13:30:37,PTBA,RG,3360,10,D,GR,BK,F
13:30:37,PTBA,RG,3360,11,D,DH,BK,F
13:30:35,PTBA,RG,3370,31,F,BK,DX,D
13:30:34,PTBA,RG,3370,64,D,NI,DX,D
13:30:34,PTBA,RG,3370,41,D,NI,DX,D
13:30:34,PTBA,RG,3370,3,D,NI,YP,D
13:30:34,PTBA,RG,3370,255,D,NI,DR,D
13:30:34,PTBA,RG,3370,50,D,NI,PD,D
13:30:34,PTBA,RG,3370,4,D,NI,KK,D
13:30:34,PTBA,RG,3370,3,D,NI,KK,D
13:30:34,PTBA,RG,3370,87,D,NI,AT,D
13:30:34,PTBA,RG,3370,5,D,NI,PD,D
13:30:34,PTBA,RG,3370,4,D,NI,CP,D
13:30:34,PTBA,RG,3370,5,D,NI,PD,D
13:30:34,PTBA,RG,3370,1,D,NI,HP,D
13:30:34,PTBA,RG,3370,18,D,NI,RX,D
13:30:34,PTBA,RG,3370,40,D,NI,YP,D
13:30:34,PTBA,RG,3370,5,D,NI,PD,D
13:30:34,PTBA,RG,3370,15,D,NI,DH,D
13:30:34,PTBA,RG,3370,15,D,NI,PD,D
13:30:34,PTBA,RG,3370,1,D,NI,DH,D
13:30:34,PTBA,RG,3370,3,D,NI,PD,D
13:30:34,PTBA,RG,3370,200,D,NI,CC,D
13:30:34,PTBA,RG,3370,181,D,NI,CC,D
13:30:31,PTBA,RG,3360,32,D,DH,BK,F
13:30:30,PTBA,RG,3370,173,F,AK,CC,D
13:30:27,PTBA,RG,3360,27,D,DH,BK,F
13:30:24,PTBA,RG,3370,1,D,NI,CC,D
13:30:23,PTBA,RG,3360,55,D,DH,BK,F
13:30:23,PTBA,RG,3360,3,D,PD,BK,F
13:30:23,PTBA,RG,3360,3,D,PD,BK,F
13:30:23,PTBA,RG,3360,2,D,EP,BK,F
13:30:23,PTBA,RG,3360,1,D,CC,BK,F
13:30:23,PTBA,RG,3360,16,F,CS,BK,F
13:30:14,PTBA,RG,3370,2,D,NI,CC,D
13:30:12,PTBA,RG,3370,20,F,DX,CC,D
13:30:12,PTBA,RG,3360,17,F,CS,BK,F
13:30:12,PTBA,RG,3360,11,F,CS,BK,F
13:30:12,PTBA,RG,3360,1,D,DR,BK,F
13:30:12,PTBA,RG,3360,1,D,XC,BK,F
13:30:12,PTBA,RG,3360,1,F,CS,BK,F
13:30:12,PTBA,RG,3360,1,F,CS,BK,F
13:30:12,PTBA,RG,3360,9,F,CS,BK,F
13:30:12,PTBA,RG,3360,1,F,CS,BK,F
13:30:12,PTBA,RG,3360,22,F,CS,BK,F
13:30:12,PTBA,RG,3360,14,F,CS,BK,F
13:30:12,PTBA,RG,3360,4,F,CS,BK,F
13:30:12,PTBA,RG,3360,3,F,CS,BK,F
13:30:12,PTBA,RG,3360,148,D,YP,BK,F
13:30:12,PTBA,RG,3360,28,F,CS,BK,F
13:30:12,PTBA,RG,3360,5,F,CS,BK,F
13:30:12,PTBA,RG,3360,1,D,PD,BK,F
13:30:12,PTBA,RG,3360,4,F,CS,BK,F
13:30:12,PTBA,RG,3360,16,F,CS,BK,F
13:30:12,PTBA,RG,3360,5,F,CS,BK,F
13:30:12,PTBA,RG,3360,1,D,PD,BK,F
13:30:12,PTBA,RG,3360,10,D,YP,BK,F
13:30:12,PTBA,RG,3360,1,D,KK,BK,F
13:30:12,PTBA,RG,3360,128,D,NI,BK,F
13:30:10,PTBA,RG,3360,1,D,NI,OD,D
13:30:09,PTBA,RG,3360,42,D,NI,CS,F
13:30:08,PTBA,RG,3370,1,D,CC,CC,D
13:30:07,PTBA,RG,3360,14,D,NI,CC,D
13:30:07,PTBA,RG,3360,112,D,NI,AK,F
13:30:07,PTBA,RG,3360,3,D,NI,AK,F
13:30:07,PTBA,RG,3360,10,D,NI,AK,F
13:30:07,PTBA,RG,3370,122,D,YP,CC,D
13:30:07,PTBA,RG,3370,5,D,YP,CC,D
13:30:07,PTBA,RG,3370,1,D,YP,IF,D
13:30:07,PTBA,RG,3370,2,D,YP,CC,D
13:30:07,PTBA,RG,3370,200,D,YP,LG,D
13:30:07,PTBA,RG,3370,52,D,YP,CS,F
13:30:07,PTBA,RG,3370,10,D,YP,CS,F
13:30:07,PTBA,RG,3370,200,D,YP,ZP,F
13:30:07,PTBA,RG,3370,200,D,YP,ZP,F
13:30:07,PTBA,RG,3370,200,D,YP,ZP,F
13:30:07,PTBA,RG,3370,200,D,YP,ZP,F
13:30:07,PTBA,RG,3370,200,D,YP,ZP,F
13:30:07,PTBA,RG,3370,77,D,YP,CS,F
13:30:07,PTBA,RG,3370,7,D,YP,AZ,D
13:30:07,PTBA,RG,3370,7,D,YP,AZ,D
13:30:07,PTBA,RG,3370,7,D,YP,AZ,D
13:30:07,PTBA,RG,3370,5,D,YP,AZ,D
13:30:07,PTBA,RG,3370,5,D,YP,CC,D
13:30:07,PTBA,RG,3370,8,D,YP,CS,F
13:30:07,PTBA,RG,3370,65,D,YP,CS,F
13:30:07,PTBA,RG,3370,1315,D,YP,XA,D
13:30:07,PTBA,RG,3370,8,F,AK,XA,D
13:30:06,PTBA,RG,3370,20,D,CC,XA,D
13:30:06,PTBA,RG,3370,51,D,YP,XA,D
13:30:06,PTBA,RG,3370,3,D,XC,XA,D
13:30:05,PTBA,RG,3360,1,D,NI,PD,D
13:30:05,PTBA,RG,3360,15,D,NI,YP,D
13:30:05,PTBA,RG,3360,2,D,NI,XC,D
13:30:05,PTBA,RG,3370,2,D,YP,XA,D
13:30:05,PTBA,RG,3360,5,D,NI,XL,D
13:30:05,PTBA,RG,3360,2,D,NI,PD,D
13:30:05,PTBA,RG,3360,15,D,NI,XL,D
13:30:05,PTBA,RG,3360,10,D,NI,PD,D
13:30:04,PTBA,RG,3360,3,D,NI,CC,D
13:30:04,PTBA,RG,3360,1,D,NI,PD,D
13:30:04,PTBA,RG,3360,3,D,NI,PD,D
13:30:04,PTBA,RG,3370,27,F,YU,XA,D
13:30:04,PTBA,RG,3360,1,D,NI,XC,D
13:30:04,PTBA,RG,3360,1,D,NI,XC,D
13:30:03,PTBA,RG,3360,3,D,NI,YP,D
13:30:03,PTBA,RG,3360,1,D,NI,YP,D
13:30:03,PTBA,RG,3360,20,D,NI,CC,D
13:30:03,PTBA,RG,3360,167,D,NI,PD,D
13:30:03,PTBA,RG,3360,193,D,NI,PD,D
13:30:03,PTBA,RG,3360,5,D,NI,PD,D
13:30:03,PTBA,RG,3360,100,D,NI,YP,D
13:30:03,PTBA,RG,3360,20,D,NI,PD,D
13:30:03,PTBA,RG,3360,1,D,NI,PD,D
13:30:03,PTBA,RG,3360,100,D,NI,YP,D
13:30:03,PTBA,RG,3360,30,D,NI,DX,D
13:30:03,PTBA,RG,3360,81,D,NI,YP,D
13:30:03,PTBA,RG,3360,2,D,NI,PD,D
13:30:02,PTBA,RG,3360,2,D,NI,PD,D
13:30:02,PTBA,RG,3360,10,D,NI,PD,D
13:30:02,PTBA,RG,3360,56,D,NI,LG,D
13:30:02,PTBA,RG,3360,4,D,YP,LG,D
13:30:02,PTBA,RG,3370,20,D,EP,XA,D
13:30:02,PTBA,RG,3360,4,D,YP,PD,D
13:30:02,PTBA,RG,3360,1,D,YP,PD,D
13:30:02,PTBA,RG,3360,1,D,YP,PD,D
13:30:02,PTBA,RG,3370,2,D,PD,XA,D
13:30:02,PTBA,RG,3360,10,D,YP,GR,D
13:30:02,PTBA,RG,3360,9,D,YP,PD,D
13:30:02,PTBA,RG,3360,1,D,YP,PD,D
13:30:02,PTBA,RG,3360,3,F,BK,PD,D
13:30:02,PTBA,RG,3360,50,F,BK,OD,D
13:30:01,PTBA,RG,3360,4,F,BK,PD,D
13:30:01,PTBA,RG,3360,15,F,BK,PD,D
13:30:01,PTBA,RG,3360,5,F,BK,PD,D
13:30:01,PTBA,RG,3360,33,F,BK,GR,D
13:30:01,PTBA,RG,3360,22,D,NI,GR,D
13:30:01,PTBA,RG,3360,1,D,NI,PD,D
13:30:01,PTBA,RG,3360,100,D,NI,GR,D
13:30:01,PTBA,RG,3360,90,D,NI,GR,D
13:30:01,PTBA,RG,3360,100,D,NI,KK,D
13:30:01,PTBA,RG,3360,247,D,NI,YJ,D
13:30:01,PTBA,RG,3360,113,D,NI,YJ,D
11:29:59,PTBA,RG,3360,2,D,NI,KI,D
11:29:59,PTBA,RG,3370,1,F,AK,XA,D
11:29:57,PTBA,RG,3360,485,D,NI,ZP,F
11:29:57,PTBA,RG,3360,1,D,OD,ZP,F
11:29:57,PTBA,RG,3360,2,D,YP,ZP,F
11:29:57,PTBA,RG,3360,20,D,CC,ZP,F
11:29:57,PTBA,RG,3360,2,D,XL,ZP,F
11:29:57,PTBA,RG,3360,10,D,PD,ZP,F
11:29:57,PTBA,RG,3360,3,D,YP,ZP,F
11:29:57,PTBA,RG,3360,1,D,PD,ZP,F
11:29:57,PTBA,RG,3360,476,D,NI,ZP,F
11:29:55,PTBA,RG,3360,84,D,NI,DX,D
11:29:55,PTBA,RG,3360,31,D,NI,DX,D
11:29:52,PTBA,RG,3360,32,D,NI,DX,D
11:29:46,PTBA,RG,3360,4,D,NI,OD,D
11:29:40,PTBA,RG,3370,28,F,BK,XA,D
11:29:33,PTBA,RG,3360,8,D,NI,RX,D
11:29:17,PTBA,RG,3370,31,F,BK,XA,D
11:29:11,PTBA,RG,3370,1,F,AK,XA,D
11:29:03,PTBA,RG,3360,56,D,NI,BK,F
11:28:57,PTBA,RG,3370,27,F,BK,XA,D
11:28:57,PTBA,RG,3360,93,D,NI,CS,F
11:28:56,PTBA,RG,3370,1,F,AK,XA,D
11:28:48,PTBA,RG,3360,5,D,NI,OD,D
11:28:43,PTBA,RG,3370,1,D,PD,XA,D
11:28:41,PTBA,RG,3370,27,F,BK,XA,D
11:28:32,PTBA,RG,3360,11,D,NI,RX,D
11:28:31,PTBA,RG,3370,32,D,XL,XA,D
11:28:17,PTBA,RG,3370,26,F,BK,XA,D
11:27:52,PTBA,RG,3370,26,F,BK,XA,D
11:27:46,PTBA,RG,3360,5,D,NI,OD,D
11:27:34,PTBA,RG,3360,48,D,NI,BK,F
11:27:33,PTBA,RG,3360,93,D,NI,DX,D
11:27:33,PTBA,RG,3360,36,D,NI,DX,D
11:27:27,PTBA,RG,3370,32,F,BK,XA,D
11:27:24,PTBA,RG,3360,29,D,NI,BK,F
11:27:20,PTBA,RG,3360,65,D,NI,BK,F
11:27:17,PTBA,RG,3360,84,D,NI,NI,D
11:27:17,PTBA,RG,3360,1,D,XC,NI,D
11:27:17,PTBA,RG,3360,2,D,CP,NI,D
11:27:17,PTBA,RG,3360,7,D,XL,NI,D
11:27:17,PTBA,RG,3360,1,D,XC,NI,D
11:27:17,PTBA,RG,3360,1,D,PD,NI,D
11:27:17,PTBA,RG,3360,1,D,PD,NI,D
11:27:17,PTBA,RG,3360,55,D,YP,NI,D
11:27:17,PTBA,RG,3360,25,D,EP,NI,D
11:27:17,PTBA,RG,3360,30,D,MG,NI,D
11:27:17,PTBA,RG,3360,1,D,DH,NI,D
11:27:17,PTBA,RG,3360,118,D,NI,NI,D
11:27:17,PTBA,RG,3360,10,D,YP,NI,D
11:27:17,PTBA,RG,3360,47,D,PD,NI,D
11:27:17,PTBA,RG,3360,5,D,CC,NI,D
11:27:14,PTBA,RG,3360,5,D,CC,CC,D
11:27:08,PTBA,RG,3360,29,D,CC,BK,F
11:27:07,PTBA,RG,3360,11,D,CC,LG,D
11:27:07,PTBA,RG,3360,1,D,DH,LG,D
11:27:07,PTBA,RG,3360,2,D,YP,LG,D
11:27:07,PTBA,RG,3360,1,D,PD,LG,D
11:27:07,PTBA,RG,3360,50,D,YP,LG,D
11:27:07,PTBA,RG,3360,18,D,EP,LG,D
11:27:07,PTBA,RG,3360,2,D,YP,LG,D
11:27:07,PTBA,RG,3360,1,D,PD,LG,D
11:27:07,PTBA,RG,3360,1,D,XC,LG,D
11:27:07,PTBA,RG,3360,10,D,YP,LG,D
11:27:07,PTBA,RG,3360,53,D,LG,LG,D
11:27:05,PTBA,RG,3370,27,F,BK,XA,D
11:27:02,PTBA,RG,3360,38,D,LG,BK,F
11:27:01,PTBA,RG,3360,9,D,LG,AK,F
11:27:01,PTBA,RG,3360,2,D,PD,AK,F
11:27:01,PTBA,RG,3360,1,D,YP,AK,F
11:27:01,PTBA,RG,3360,34,F,BK,AK,F
11:27:01,PTBA,RG,3360,159,D,CD,AK,F
11:26:46,PTBA,RG,3360,5,D,CD,OD,D
11:26:44,PTBA,RG,3370,28,F,BK,XA,D
11:26:24,PTBA,RG,3360,39,D,CD,BK,F
11:26:19,PTBA,RG,3360,97,D,CD,CS,F
11:26:16,PTBA,RG,3360,60,D,CD,AK,F
11:26:10,PTBA,RG,3360,13,D,CD,RX,D
11:26:06,PTBA,RG,3360,5,D,CD,PD,D
11:25:44,PTBA,RG,3360,4,D,CD,OD,D
11:25:37,PTBA,RG,3360,5,D,CD,CC,D
11:25:21,PTBA,RG,3360,31,D,CD,BK,F
11:25:20,PTBA,RG,3360,105,D,CD,DX,D
11:25:18,PTBA,RG,3370,9,D,XC,XA,D
11:25:15,PTBA,RG,3360,32,D,CD,DX,D
11:24:56,PTBA,RG,3370,10,F,AK,XA,D
11:24:42,PTBA,RG,3360,5,D,CD,OD,D
11:24:26,PTBA,RG,3370,1,F,AK,XA,D
11:24:17,PTBA,RG,3360,41,D,CD,BK,F
11:24:16,PTBA,RG,3360,112,D,CD,AK,F
11:23:59,PTBA,RG,3360,7,D,CD,RX,D
11:23:57,PTBA,RG,3360,4,D,CD,RX,D
11:23:47,PTBA,RG,3360,37,D,CD,BK,F
11:23:44,PTBA,RG,3360,4,D,CD,OD,D
11:23:42,PTBA,RG,3360,150,D,CD,LG,D
11:23:28,PTBA,RG,3360,85,D,CD,CS,F
11:23:28,PTBA,RG,3360,5,D,YP,CS,F
11:23:28,PTBA,RG,3360,1,D,PD,CS,F
11:23:28,PTBA,RG,3360,10,D,XC,CS,F
11:23:28,PTBA,RG,3360,10,D,YP,CS,F
11:23:28,PTBA,RG,3360,3,D,XL,CS,F
11:23:06,PTBA,RG,3360,14,D,XL,XC,D
11:23:06,PTBA,RG,3360,3,D,XL,BK,F
11:23:06,PTBA,RG,3360,10,D,YP,BK,F
11:23:06,PTBA,RG,3360,6,D,XL,BK,F
11:23:06,PTBA,RG,3360,20,D,CC,BK,F
11:22:59,PTBA,RG,3360,30,D,CC,DX,D
11:22:59,PTBA,RG,3360,10,D,XC,DX,D
11:22:59,PTBA,RG,3360,3,F,BK,DX,D
11:22:59,PTBA,RG,3360,29,F,BK,DX,D
11:22:59,PTBA,RG,3360,1,D,XC,DX,D
11:22:59,PTBA,RG,3360,1,D,PD,DX,D
11:22:59,PTBA,RG,3360,23,D,YP,DX,D
11:22:56,PTBA,RG,3360,27,D,YP,DX,D
11:22:56,PTBA,RG,3360,10,F,BK,DX,D
11:22:44,PTBA,RG,3360,4,F,BK,OD,D
11:22:31,PTBA,RG,3360,13,F,BK,AK,F
11:22:31,PTBA,RG,3360,5,D,CC,AK,F
11:22:31,PTBA,RG,3360,20,D,LG,AK,F
11:22:31,PTBA,RG,3360,10,D,PD,AK,F
11:22:31,PTBA,RG,3360,18,D,SQ,AK,F
11:22:31,PTBA,RG,3360,3,D,YP,AK,F
11:21:53,PTBA,RG,3370,10,D,NI,XA,D
11:21:52,PTBA,RG,3360,4,D,YP,CC,D
11:21:42,PTBA,RG,3360,5,D,YP,OD,D
11:21:23,PTBA,RG,3360,3,D,YP,BK,F
11:21:23,PTBA,RG,3360,19,F,YU,BK,F
11:21:23,PTBA,RG,3360,5,D,PD,BK,F
11:21:23,PTBA,RG,3360,5,D,CC,BK,F
11:21:23,PTBA,RG,3360,5,D,CC,BK,F
11:21:23,PTBA,RG,3360,1,D,NI,BK,F
11:21:23,PTBA,RG,3360,8,D,GR,BK,F
11:21:21,PTBA,RG,3360,6,D,GR,NI,D
11:20:59,PTBA,RG,3360,11,D,GR,RX,D
11:20:45,PTBA,RG,3370,30,D,PD,XA,D
11:20:42,PTBA,RG,3360,4,D,GR,OD,D
11:20:33,PTBA,RG,3360,27,D,GR,BK,F
11:20:33,PTBA,RG,3360,108,D,GR,DX,D
11:20:31,PTBA,RG,3360,36,D,GR,DX,D
11:20:25,PTBA,RG,3360,29,D,GR,BK,F
11:20:23,PTBA,RG,3360,71,D,GR,BK,F
11:20:21,PTBA,RG,3370,4,F,CS,XA,D
11:20:21,PTBA,RG,3370,27,F,BK,XA,D
11:20:21,PTBA,RG,3370,4,F,CS,XA,D
11:20:21,PTBA,RG,3370,20,F,CS,XA,D
11:20:21,PTBA,RG,3370,10,F,CS,XA,D
11:20:20,PTBA,RG,3370,14,F,CS,XA,D
11:20:20,PTBA,RG,3370,24,F,CS,XA,D
11:20:20,PTBA,RG,3370,10,F,CS,XA,D
11:20:20,PTBA,RG,3370,4,F,CS,XA,D
11:20:20,PTBA,RG,3370,1,D,YP,XA,D
11:20:20,PTBA,RG,3370,1,D,XC,XA,D
11:20:20,PTBA,RG,3370,1,D,DR,XA,D
11:20:20,PTBA,RG,3370,50,D,CC,XA,D
11:20:20,PTBA,RG,3370,150,D,LG,XA,D
11:20:20,PTBA,RG,3370,1,D,YP,XA,D
11:20:20,PTBA,RG,3370,4,F,CS,XA,D
11:20:20,PTBA,RG,3370,3,F,CS,XA,D
11:20:20,PTBA,RG,3370,25,F,CS,XA,D
11:20:20,PTBA,RG,3370,6,F,CS,XA,D
11:20:20,PTBA,RG,3370,2,D,PD,XA,D
11:20:20,PTBA,RG,3370,100,D,YP,XA,D
11:20:20,PTBA,RG,3370,9,F,CS,XA,D
11:20:20,PTBA,RG,3370,28,F,YU,XA,D
11:20:20,PTBA,RG,3370,7,F,CS,XA,D
11:20:20,PTBA,RG,3370,7,F,BK,XA,D
11:20:20,PTBA,RG,3370,1,D,KK,XA,D
11:20:20,PTBA,RG,3370,2,F,CS,XA,D
11:20:20,PTBA,RG,3370,28,F,CS,XA,D
11:20:20,PTBA,RG,3370,45,F,BK,XA,D
11:20:20,PTBA,RG,3370,12,D,XC,XA,D
11:20:20,PTBA,RG,3370,16,F,CS,XA,D
11:20:20,PTBA,RG,3370,23,F,YU,XA,D
11:20:20,PTBA,RG,3370,2,D,YP,XA,D
11:20:20,PTBA,RG,3370,11,F,CS,XA,D
11:20:20,PTBA,RG,3370,43,F,BK,XA,D
11:20:20,PTBA,RG,3370,1,F,CS,XA,D
11:20:20,PTBA,RG,3370,2,D,TF,XA,D
11:20:20,PTBA,RG,3370,27,F,YU,XA,D
11:20:20,PTBA,RG,3370,1,D,YP,XA,D
11:20:20,PTBA,RG,3370,2,F,CS,XA,D
11:20:20,PTBA,RG,3370,1,D,PD,XA,D
11:20:20,PTBA,RG,3370,15,F,CS,XA,D
11:20:20,PTBA,RG,3370,42,F,BK,XA,D
11:20:20,PTBA,RG,3370,3,F,AK,XA,D
11:20:20,PTBA,RG,3370,25,F,YU,XA,D
11:20:20,PTBA,RG,3370,2,F,CS,XA,D
11:20:20,PTBA,RG,3370,2,F,CS,XA,D
11:20:20,PTBA,RG,3370,1,D,CC,XA,D
11:20:20,PTBA,RG,3370,42,F,BK,XA,D
11:20:20,PTBA,RG,3370,4,F,CS,XA,D
11:20:20,PTBA,RG,3370,40,F,BK,XA,D
11:20:20,PTBA,RG,3370,55,D,YP,XA,D
11:20:20,PTBA,RG,3370,26,F,CS,XA,D
11:20:20,PTBA,RG,3370,2,D,XC,XA,D
11:20:20,PTBA,RG,3370,12,F,CS,XA,D
11:20:20,PTBA,RG,3370,27,F,YU,XA,D
11:20:20,PTBA,RG,3370,23,F,CS,XA,D
11:20:20,PTBA,RG,3370,1,D,PD,XA,D
11:20:20,PTBA,RG,3370,40,F,BK,XA,D
11:20:20,PTBA,RG,3370,4,F,AK,XA,D
11:20:20,PTBA,RG,3370,28,F,YU,XA,D
11:20:20,PTBA,RG,3370,42,F,BK,XA,D
11:20:20,PTBA,RG,3370,1,D,KK,XA,D
11:20:20,PTBA,RG,3370,41,F,BK,XA,D
11:20:20,PTBA,RG,3370,1,D,PD,XA,D
11:20:20,PTBA,RG,3370,1,D,XC,XA,D
11:20:20,PTBA,RG,3370,34,F,BK,XA,D
11:20:20,PTBA,RG,3370,2,F,CS,XA,D
11:20:20,PTBA,RG,3370,344,D,NI,XA,D
11:20:18,PTBA,RG,3370,7,D,NI,AZ,D
11:20:16,PTBA,RG,3370,182,D,NI,AK,F
11:20:16,PTBA,RG,3380,6,D,ZP,KK,D
11:20:15,PTBA,RG,3370,7,D,NI,AZ,D
11:20:12,PTBA,RG,3370,7,D,NI,AZ,D
11:20:09,PTBA,RG,3370,5,D,NI,AZ,D
11:20:07,PTBA,RG,3370,10,D,NI,RX,D
11:20:05,PTBA,RG,3370,7,D,NI,RX,D
11:20:03,PTBA,RG,3370,50,D,NI,CS,F
11:19:49,PTBA,RG,3380,30,F,BK,KK,D
11:19:43,PTBA,RG,3370,4,D,NI,OD,D
11:19:28,PTBA,RG,3380,10,D,YP,KK,D
11:19:16,PTBA,RG,3380,3,D,XC,KK,D
11:19:01,PTBA,RG,3380,30,F,BK,KK,D
11:19:01,PTBA,RG,3370,33,D,NI,PD,D
11:18:49,PTBA,RG,3370,12,D,NI,RX,D
11:18:47,PTBA,RG,3370,2,D,NI,CC,D
11:18:45,PTBA,RG,3370,5,D,NI,OD,D
11:18:38,PTBA,RG,3370,15,D,NI,XC,D
11:18:31,PTBA,RG,3370,10,D,NI,CS,F
11:18:31,PTBA,RG,3370,48,D,NI,CS,F
11:18:16,PTBA,RG,3370,104,D,NI,AK,F
11:18:13,PTBA,RG,3370,37,D,NI,DX,D
11:18:09,PTBA,RG,3380,34,F,BK,KK,D
11:18:08,PTBA,RG,3370,92,D,NI,DX,D
11:18:01,PTBA,RG,3370,14,D,NI,AK,F
11:17:44,PTBA,RG,3370,4,D,NI,OD,D
11:17:44,PTBA,RG,3370,30,D,NI,YP,D
11:17:41,PTBA,RG,3370,100,D,NI,LG,D
11:17:33,PTBA,RG,3380,14,D,YP,KK,D
11:17:28,PTBA,RG,3370,321,D,NI,CC,D
11:17:28,PTBA,RG,3370,179,D,AT,CC,D
11:17:24,PTBA,RG,3380,5,D,AT,KK,D
11:17:16,PTBA,RG,3370,21,D,AT,AK,F
11:17:16,PTBA,RG,3370,2,D,PD,AK,F
11:17:16,PTBA,RG,3370,8,F,BK,AK,F
11:17:12,PTBA,RG,3380,6,D,NI,KK,D
11:17:01,PTBA,RG,3380,4,D,XL,KK,D
11:16:48,PTBA,RG,3370,22,F,BK,XL,D
11:16:48,PTBA,RG,3370,12,F,BK,XL,D
11:16:47,PTBA,RG,3370,106,F,BK,CS,F
11:16:44,PTBA,RG,3370,5,F,BK,OD,D
11:16:23,PTBA,RG,3380,35,F,BK,KK,D
11:16:16,PTBA,RG,3370,13,F,BK,RX,D
11:16:07,PTBA,RG,3370,10,F,BK,CC,D
11:16:05,PTBA,RG,3370,313,F,BK,CC,D
11:15:58,PTBA,RG,3370,22,F,BK,DX,D
11:15:49,PTBA,RG,3370,74,F,BK,DX,D
11:15:44,PTBA,RG,3370,5,F,BK,OD,D
11:15:42,PTBA,RG,3380,2,D,XC,KK,D
11:15:17,PTBA,RG,3380,7,F,BK,KK,D
11:15:17,PTBA,RG,3380,1,F,BK,YP,D
11:15:17,PTBA,RG,3380,35,F,BK,CC,D
11:15:12,PTBA,RG,3380,7,D,XA,CC,D
11:15:01,PTBA,RG,3370,111,F,BK,AK,F
11:14:44,PTBA,RG,3370,5,F,BK,OD,D
11:14:27,PTBA,RG,3370,3,F,BK,PD,D
11:14:00,PTBA,RG,3370,10,F,BK,NI,D
11:13:48,PTBA,RG,3370,9,F,BK,DX,D
11:13:48,PTBA,RG,3370,31,F,BK,DX,D
11:13:44,PTBA,RG,3370,14,F,BK,RX,D
11:13:42,PTBA,RG,3370,4,F,BK,OD,D
11:13:38,PTBA,RG,3370,3,F,BK,DH,D
11:13:35,PTBA,RG,3370,110,F,BK,CS,F
11:12:51,PTBA,RG,3370,2,F,BK,AK,F
11:12:44,PTBA,RG,3370,5,F,BK,OD,D
11:12:42,PTBA,RG,3380,35,D,AN,CC,D
11:12:41,PTBA,RG,3380,1,D,DH,CC,D
11:12:18,PTBA,RG,3380,2,D,KI,CC,D
11:11:46,PTBA,RG,3370,4,F,BK,OD,D
11:11:21,PTBA,RG,3370,2,F,BK,PD,D
11:11:10,PTBA,RG,3380,4,D,CC,CC,D
11:10:56,PTBA,RG,3380,5,D,EP,CC,D
11:10:47,PTBA,RG,3380,2,D,KK,CC,D
11:10:46,PTBA,RG,3370,5,F,BK,OD,D
11:10:29,PTBA,RG,3370,4,F,BK,XC,D
11:10:20,PTBA,RG,3370,5,F,BK,YU,D
11:10:16,PTBA,RG,3380,9,D,RO,CC,D
11:10:16,PTBA,RG,3380,6,D,RO,RO,D
11:10:13,PTBA,RG,3370,4,F,BK,AN,D
11:09:44,PTBA,RG,3370,5,F,BK,OD,D
11:09:41,PTBA,RG,3370,2,F,BK,KK,D
11:09:36,PTBA,RG,3370,1,F,BK,XL,D
11:08:42,PTBA,RG,3370,5,F,BK,OD,D
11:08:12,PTBA,RG,3370,2,F,BK,PD,D
11:07:44,PTBA,RG,3370,6,F,BK,OD,D
11:07:13,PTBA,RG,3370,54,F,BK,EP,D
11:07:06,PTBA,RG,3370,6,F,BK,PD,D
11:07:03,PTBA,RG,3370,267,F,BK,AK,F
11:06:42,PTBA,RG,3370,5,F,BK,OD,D
11:06:09,PTBA,RG,3380,6,D,YJ,RO,D
11:05:58,PTBA,RG,3380,18,D,GR,RO,D
11:05:58,PTBA,RG,3380,7,D,GR,PD,D
11:05:47,PTBA,RG,3380,2,D,PD,PD,D
11:05:47,PTBA,RG,3380,3,D,PD,PD,D
11:05:47,PTBA,RG,3380,5,D,PD,XC,D
11:05:47,PTBA,RG,3380,1,D,PD,PD,D
11:05:40,PTBA,RG,3370,6,F,BK,OD,D
11:04:46,PTBA,RG,3380,1,D,XL,PD,D
11:04:26,PTBA,RG,3370,7,F,BK,AZ,D
11:04:26,PTBA,RG,3370,121,F,BK,YP,D
11:04:22,PTBA,RG,3370,7,F,BK,AZ,D
11:04:17,PTBA,RG,3370,7,F,BK,AZ,D
11:04:14,PTBA,RG,3370,5,F,BK,AZ,D
11:04:05,PTBA,RG,3370,26,F,BK,XC,D
11:03:52,PTBA,RG,3370,61,F,BK,YU,F
11:03:50,PTBA,RG,3370,48,F,BK,AK,F
11:03:50,PTBA,RG,3370,58,F,BK,AK,F
11:03:50,PTBA,RG,3370,369,F,BK,AK,F
11:03:50,PTBA,RG,3370,2,F,BK,CS,F
11:03:50,PTBA,RG,3370,50,F,BK,PD,D
11:03:48,PTBA,RG,3370,58,D,MG,CS,F
11:03:48,PTBA,RG,3370,3,D,MG,CS,F
11:03:47,PTBA,RG,3370,65,D,MG,CS,F
11:03:47,PTBA,RG,3370,34,D,MG,CS,F
11:03:47,PTBA,RG,3370,35,D,MG,CS,F
11:03:47,PTBA,RG,3370,10,D,MG,CS,F
11:03:47,PTBA,RG,3370,15,D,MG,RX,D
11:03:47,PTBA,RG,3370,20,D,MG,DR,D
11:03:47,PTBA,RG,3370,4,D,MG,OD,D
11:03:47,PTBA,RG,3370,20,D,MG,CC,F
11:03:47,PTBA,RG,3370,2,D,MG,CS,F
11:03:47,PTBA,RG,3370,234,D,MG,AK,F
11:03:40,PTBA,RG,3360,2,D,GR,AK,F
11:03:39,PTBA,RG,3360,110,D,GR,AK,F
11:03:39,PTBA,RG,3360,14,D,GR,RX,D
11:03:39,PTBA,RG,3360,1,D,GR,YB,D
11:03:38,PTBA,RG,3360,153,D,GR,AK,F
11:03:38,PTBA,RG,3370,560,D,NI,AK,F
11:03:38,PTBA,RG,3370,428,D,NI,AK,F
11:03:38,PTBA,RG,3370,10,D,NI,AK,F
11:03:38,PTBA,RG,3370,1,D,NI,AK,F
11:03:38,PTBA,RG,3370,153,D,NI,AK,F
11:03:38,PTBA,RG,3370,2,D,NI,CS,F
11:03:38,PTBA,RG,3370,6,D,NI,OD,D
11:03:37,PTBA,RG,3370,11,F,AK,AK,F
11:03:37,PTBA,RG,3370,1,F,BK,AK,F
11:03:37,PTBA,RG,3370,30,F,BK,XL,D
11:03:37,PTBA,RG,3370,27,F,BK,AK,F
11:03:37,PTBA,RG,3370,2,F,CS,AK,F
11:03:37,PTBA,RG,3370,13,F,CS,AK,F
11:03:37,PTBA,RG,3370,12,F,CS,AK,F
11:03:37,PTBA,RG,3370,29,F,YU,AK,F
11:03:37,PTBA,RG,3370,18,F,CS,AK,F
11:03:37,PTBA,RG,3370,28,F,BK,AK,F
11:03:37,PTBA,RG,3370,42,F,YU,AK,F
11:03:37,PTBA,RG,3370,1,F,CS,AK,F
11:03:37,PTBA,RG,3370,50,D,NI,AK,F
11:03:37,PTBA,RG,3370,45,D,YP,AK,F
11:03:37,PTBA,RG,3370,1,F,CS,AK,F
11:03:37,PTBA,RG,3370,1,D,AZ,AK,F
11:03:37,PTBA,RG,3370,36,F,YU,AK,F
11:03:37,PTBA,RG,3370,5,D,EP,AK,F
11:03:37,PTBA,RG,3370,2,D,EP,CS,F
11:03:37,PTBA,RG,3370,10,D,YP,CS,F
11:03:36,PTBA,RG,3370,78,D,YP,YP,D
11:03:36,PTBA,RG,3370,34,F,YU,YP,D
11:03:36,PTBA,RG,3370,23,F,DX,YP,D
11:03:36,PTBA,RG,3370,1,D,PD,YP,D
11:03:36,PTBA,RG,3370,1,D,XC,YP,D
11:03:36,PTBA,RG,3370,5,D,YP,YP,D
11:03:36,PTBA,RG,3370,2,D,YP,YP,D
11:03:36,PTBA,RG,3370,29,F,BK,YP,D
11:03:36,PTBA,RG,3370,45,F,YU,YP,D
11:03:36,PTBA,RG,3370,70,D,XL,YP,D
11:03:36,PTBA,RG,3370,1,D,YB,YP,D
11:03:36,PTBA,RG,3370,420,D,NI,YP,D
11:03:36,PTBA,RG,3370,450,D,NI,YP,D
11:03:36,PTBA,RG,3370,37,F,YU,YP,D
11:03:36,PTBA,RG,3370,30,F,BK,YP,D
11:03:36,PTBA,RG,3370,9,F,CS,YP,D
11:03:36,PTBA,RG,3370,2,D,YB,YP,D
11:03:36,PTBA,RG,3370,1,D,XC,YP,D
11:03:36,PTBA,RG,3370,30,D,PD,YP,D
11:03:36,PTBA,RG,3370,20,D,PD,YP,D
11:03:36,PTBA,RG,3370,10,D,YP,YP,D
11:03:36,PTBA,RG,3370,60,D,YP,YP,D
11:03:36,PTBA,RG,3370,33,F,YU,YP,D
11:03:36,PTBA,RG,3370,10,D,PD,YP,D
11:03:36,PTBA,RG,3370,3,D,YP,YP,D
11:03:36,PTBA,RG,3370,1,D,PD,YP,D
11:03:36,PTBA,RG,3370,1,D,PD,YP,D
11:03:36,PTBA,RG,3370,41,F,YU,YP,D
11:03:36,PTBA,RG,3370,3,F,CS,YP,D
11:03:36,PTBA,RG,3370,23,F,DX,YP,D
11:03:36,PTBA,RG,3370,2,F,CS,YP,D
11:03:36,PTBA,RG,3370,52,D,YP,YP,D
11:03:36,PTBA,RG,3370,19,D,LG,YP,D
11:03:36,PTBA,RG,3370,2,D,PD,YP,D
11:03:36,PTBA,RG,3370,4,F,CS,YP,D
11:03:36,PTBA,RG,3370,42,F,YU,YP,D
11:03:36,PTBA,RG,3370,37,F,BK,YP,D
11:03:36,PTBA,RG,3370,3,F,CS,YP,D
11:03:36,PTBA,RG,3370,1,D,PD,YP,D
11:03:36,PTBA,RG,3370,4,F,CS,YP,D
11:03:36,PTBA,RG,3370,47,F,BK,YP,D
11:03:36,PTBA,RG,3370,39,F,YU,YP,D
11:03:36,PTBA,RG,3370,237,D,NI,YP,D
11:03:36,PTBA,RG,3370,3,F,CS,YP,D
11:03:36,PTBA,RG,3370,31,F,BK,YP,D
11:03:36,PTBA,RG,3370,48,F,BK,YP,D
11:03:36,PTBA,RG,3370,30,D,DR,YP,D
11:03:36,PTBA,RG,3370,7,F,CS,YP,D
11:03:36,PTBA,RG,3370,48,F,BK,YP,D
11:03:36,PTBA,RG,3370,26,F,BK,YP,D
11:03:36,PTBA,RG,3370,1,D,PD,YP,D
11:03:36,PTBA,RG,3370,7,F,CS,YP,D
11:03:36,PTBA,RG,3370,400,D,DH,YP,D
11:03:36,PTBA,RG,3370,51,F,BK,YP,D
11:03:36,PTBA,RG,3370,2,F,CS,YP,D
11:03:36,PTBA,RG,3370,1,D,YP,YP,D
11:03:36,PTBA,RG,3370,25,F,CS,YP,D
11:03:36,PTBA,RG,3370,48,F,BK,YP,D
11:03:36,PTBA,RG,3370,1,D,XC,YP,D
11:03:36,PTBA,RG,3370,5,F,CS,YP,D
11:03:36,PTBA,RG,3370,47,F,YU,YP,D
11:03:36,PTBA,RG,3370,135,D,SQ,YP,D
11:03:36,PTBA,RG,3370,48,F,BK,YP,D
11:03:36,PTBA,RG,3370,7,F,CS,YP,D
11:03:36,PTBA,RG,3370,2,F,CS,YP,D
11:03:36,PTBA,RG,3370,4,F,AK,YP,D
11:03:36,PTBA,RG,3370,21,F,CS,YP,D
11:03:36,PTBA,RG,3370,51,F,BK,YP,D
11:03:36,PTBA,RG,3370,8,F,CS,YP,D
11:03:36,PTBA,RG,3370,15,F,CS,YP,D
11:03:36,PTBA,RG,3370,6,D,YB,YP,D
11:03:36,PTBA,RG,3370,1,D,PD,YP,D
11:03:36,PTBA,RG,3370,4,F,CS,YP,D
11:03:36,PTBA,RG,3370,5,D,AT,YP,D
11:03:36,PTBA,RG,3370,6,F,CS,YP,D
11:03:36,PTBA,RG,3370,48,F,BK,YP,D
11:03:36,PTBA,RG,3370,23,F,CS,YP,D
11:03:36,PTBA,RG,3370,10,F,CS,YP,D
11:03:36,PTBA,RG,3370,8,D,XC,YP,D
11:03:36,PTBA,RG,3370,12,F,CS,YP,D
11:03:36,PTBA,RG,3370,3,F,CS,YP,D
11:03:36,PTBA,RG,3370,8,F,CS,YP,D
11:03:36,PTBA,RG,3370,1,D,XC,YP,D
11:03:36,PTBA,RG,3370,4,F,AK,YP,D
11:03:36,PTBA,RG,3370,15,D,CC,YP,D
11:03:36,PTBA,RG,3370,14,F,CS,YP,D
11:03:36,PTBA,RG,3370,16,F,CS,YP,D
11:03:36,PTBA,RG,3370,5,D,CC,YP,D
11:03:36,PTBA,RG,3370,33,F,YU,YP,D
11:03:36,PTBA,RG,3370,42,F,YU,YP,D
11:03:36,PTBA,RG,3370,48,F,YU,YP,D
11:03:36,PTBA,RG,3370,1,D,PD,YP,D
11:03:36,PTBA,RG,3370,25,D,XL,YP,D
11:03:36,PTBA,RG,3370,10,D,AZ,YP,D
11:03:36,PTBA,RG,3370,1,D,PD,YP,D
11:03:36,PTBA,RG,3370,5,D,LG,YP,D
11:03:36,PTBA,RG,3370,1,D,PD,YP,D
11:03:36,PTBA,RG,3370,1,D,YP,YP,D
11:03:36,PTBA,RG,3370,21,D,XC,YP,D
11:03:36,PTBA,RG,3370,15,D,AZ,YP,D
11:03:36,PTBA,RG,3370,1,D,OD,YP,D
11:03:36,PTBA,RG,3370,20,D,KK,YP,D
11:03:36,PTBA,RG,3370,5,D,DH,YP,D
11:03:36,PTBA,RG,3370,1,D,DH,YP,D
11:03:36,PTBA,RG,3370,2,D,XC,YP,D
11:03:36,PTBA,RG,3370,3,D,PD,YP,D
11:03:36,PTBA,RG,3370,23,F,DX,YP,D
11:03:36,PTBA,RG,3370,2,D,XC,YP,D
11:03:36,PTBA,RG,3370,15,D,CC,YP,D
11:03:36,PTBA,RG,3370,1,D,SQ,YP,D
11:03:36,PTBA,RG,3370,100,D,CC,YP,D
11:03:36,PTBA,RG,3370,3,D,CC,YP,D
11:03:36,PTBA,RG,3370,100,D,OD,YP,D
11:03:36,PTBA,RG,3370,15,D,YP,YP,D
11:03:36,PTBA,RG,3370,3,D,YP,YP,D
11:03:36,PTBA,RG,3370,10,D,CC,YP,D
11:03:36,PTBA,RG,3370,50,D,TF,YP,D
11:03:36,PTBA,RG,3370,24,D,NI,YP,D
11:03:36,PTBA,RG,3370,12,F,BK,YP,D
11:03:36,PTBA,RG,3370,3,D,CC,YP,D
11:03:36,PTBA,RG,3370,1,D,PD,YP,D
11:03:36,PTBA,RG,3370,2,D,PD,YP,D
11:03:36,PTBA,RG,3370,2,D,XC,YP,D
11:03:36,PTBA,RG,3370,1,D,CC,YP,D
11:03:36,PTBA,RG,3370,1,D,XC,YP,D
11:03:36,PTBA,RG,3370,6,D,NI,YP,D
11:03:36,PTBA,RG,3370,1,D,NI,YP,D
11:03:36,PTBA,RG,3370,1,D,NI,YP,D
11:03:36,PTBA,RG,3370,2,D,CC,YP,D
11:03:36,PTBA,RG,3370,1,D,PD,YP,D
11:03:36,PTBA,RG,3370,1,D,PD,YP,D
11:03:36,PTBA,RG,3370,5,D,PD,YP,D
11:03:36,PTBA,RG,3370,50,D,CC,YP,D
11:03:36,PTBA,RG,3370,1,D,NI,YP,D
11:03:36,PTBA,RG,3370,100,D,HP,YP,D
11:03:36,PTBA,RG,3370,1,D,PD,YP,D
11:03:36,PTBA,RG,3370,5,D,NI,YP,D
11:03:32,PTBA,RG,3380,5,D,FS,CC,F
11:03:15,PTBA,RG,3380,15,D,DH,CC,F
11:03:13,PTBA,RG,3370,98,D,NI,CS,F
11:03:03,PTBA,RG,3380,11,F,BK,CC,F
11:03:03,PTBA,RG,3380,10,F,BK,PD,D
11:03:03,PTBA,RG,3380,9,F,BK,DR,D
11:03:02,PTBA,RG,3370,1,D,NI,OD,D
11:03:00,PTBA,RG,3370,316,D,NI,CC,D
11:03:00,PTBA,RG,3370,184,D,NI,CC,D
11:02:40,PTBA,RG,3370,5,D,NI,OD,D
11:02:19,PTBA,RG,3380,16,F,CS,DR,D
11:02:19,PTBA,RG,3380,1,F,CS,AK,F
11:02:06,PTBA,RG,3380,37,F,BK,AK,F
11:01:40,PTBA,RG,3370,4,D,NI,OD,D
11:01:29,PTBA,RG,3380,26,F,BK,AK,F
11:01:13,PTBA,RG,3380,8,D,DR,AK,F
11:01:10,PTBA,RG,3380,8,D,GR,AK,F
11:01:07,PTBA,RG,3370,1,D,NI,PD,D
11:00:52,PTBA,RG,3370,130,D,NI,CC,D
11:00:43,PTBA,RG,3380,22,F,BK,AK,F
11:00:43,PTBA,RG,3380,3,F,BK,PD,D
11:00:43,PTBA,RG,3380,7,F,BK,CC,D
11:00:40,PTBA,RG,3370,5,D,NI,OD,D
11:00:21,PTBA,RG,3370,25,D,NI,CC,D
11:00:15,PTBA,RG,3370,1,D,NI,NI,D
11:00:15,PTBA,RG,3370,19,D,NI,RX,D
11:00:13,PTBA,RG,3370,4,D,NI,OD,D
11:00:06,PTBA,RG,3370,24,D,NI,OD,D
11:00:02,PTBA,RG,3370,48,D,NI,OD,D
11:00:02,PTBA,RG,3370,2,D,GR,OD,D
11:00:02,PTBA,RG,3370,1,D,XC,OD,D
11:00:02,PTBA,RG,3370,1,D,KK,OD,D
11:00:02,PTBA,RG,3370,38,F,BK,OD,D
11:00:02,PTBA,RG,3370,100,D,OD,OD,D
11:00:02,PTBA,RG,3370,118,D,NI,OD,D
11:00:02,PTBA,RG,3370,1,D,XC,OD,D
11:00:02,PTBA,RG,3370,5,D,PD,OD,D
11:00:02,PTBA,RG,3370,100,D,YP,OD,D
11:00:02,PTBA,RG,3370,1,D,XC,OD,D
11:00:02,PTBA,RG,3370,16,F,BK,OD,D
11:00:02,PTBA,RG,3370,1,D,XC,OD,D
11:00:02,PTBA,RG,3370,20,D,PD,OD,D
11:00:02,PTBA,RG,3370,25,D,CD,OD,D
10:59:50,PTBA,RG,3370,11,D,CD,RX,D
10:59:40,PTBA,RG,3370,5,D,CD,OD,D
10:59:38,PTBA,RG,3380,30,F,BK,CC,D
10:59:35,PTBA,RG,3370,25,D,CD,OD,D
10:59:25,PTBA,RG,3370,2,D,CD,YP,D
10:59:22,PTBA,RG,3380,24,D,NI,CC,D
10:59:00,PTBA,RG,3380,43,F,CS,CC,D
10:58:55,PTBA,RG,3380,42,F,CS,CC,D
10:58:53,PTBA,RG,3380,29,F,BK,CC,D
10:58:42,PTBA,RG,3370,5,D,CD,OD,D
10:58:38,PTBA,RG,3380,7,F,CS,CC,D
10:58:23,PTBA,RG,3380,8,D,CP,CC,D
10:58:21,PTBA,RG,3370,9,D,CD,SQ,D
10:58:19,PTBA,RG,3380,27,F,BK,CC,D
10:58:04,PTBA,RG,3370,11,D,CD,RX,D
10:57:44,PTBA,RG,3370,4,D,CD,OD,D
10:57:37,PTBA,RG,3380,28,F,BK,CC,D
10:57:08,PTBA,RG,3380,20,D,PD,CC,D
10:56:46,PTBA,RG,3370,5,D,CD,OD,D
10:56:41,PTBA,RG,3380,4,D,CC,CC,D
10:56:31,PTBA,RG,3380,31,F,BK,CC,D
10:56:31,PTBA,RG,3380,10,F,BK,HP,D
10:56:31,PTBA,RG,3380,4,F,BK,RX,D
10:56:12,PTBA,RG,3380,5,D,AZ,RX,D
10:55:52,PTBA,RG,3380,5,F,BK,RX,D
10:55:52,PTBA,RG,3380,3,F,BK,XC,D
10:55:52,PTBA,RG,3380,1,F,BK,NI,D
10:55:52,PTBA,RG,3380,3,F,BK,LG,D
10:55:52,PTBA,RG,3380,6,F,BK,XC,D
10:55:52,PTBA,RG,3380,9,F,BK,ZP,F
10:55:46,PTBA,RG,3370,3,D,CD,XC,D
10:55:46,PTBA,RG,3370,5,D,CD,OD,D
10:55:32,PTBA,RG,3380,1,D,IF,ZP,F
10:55:28,PTBA,RG,3380,16,F,CS,ZP,F
10:55:11,PTBA,RG,3380,22,F,AK,ZP,F
10:55:11,PTBA,RG,3380,30,F,BK,ZP,F
10:54:47,PTBA,RG,3380,7,D,IF,ZP,F
10:54:46,PTBA,RG,3370,5,D,CD,OD,D
10:54:37,PTBA,RG,3370,30,D,CD,OD,D
10:54:31,PTBA,RG,3380,29,F,BK,ZP,F
10:54:20,PTBA,RG,3370,1,D,CD,XC,D
10:54:08,PTBA,RG,3370,3,D,CD,YP,D
10:53:58,PTBA,RG,3370,1,D,CD,CC,D
10:53:48,PTBA,RG,3370,5,D,CD,OD,D
10:53:41,PTBA,RG,3380,37,F,BK,ZP,F
10:53:37,PTBA,RG,3380,15,D,XL,ZP,F
10:53:30,PTBA,RG,3370,121,D,CD,XC,D
10:53:16,PTBA,RG,3370,14,D,CD,RX,D
10:53:07,PTBA,RG,3370,14,D,CD,CC,D
10:52:50,PTBA,RG,3380,4,D,BQ,ZP,F
10:52:50,PTBA,RG,3380,30,F,BK,ZP,F
10:52:50,PTBA,RG,3380,3,F,BK,YP,D
10:52:50,PTBA,RG,3380,5,F,BK,ZP,F
10:52:48,PTBA,RG,3370,5,D,CD,OD,D
10:52:33,PTBA,RG,3380,195,D,NI,ZP,F
10:52:33,PTBA,RG,3380,4,D,NI,YP,D
10:52:33,PTBA,RG,3380,7,D,NI,AZ,D
10:52:33,PTBA,RG,3380,7,D,NI,AZ,D
10:52:33,PTBA,RG,3380,7,D,NI,AZ,D
10:52:33,PTBA,RG,3380,5,D,NI,AZ,D
10:52:33,PTBA,RG,3380,12,D,NI,AK,F
10:52:25,PTBA,RG,3380,10,D,CC,AK,F
10:52:20,PTBA,RG,3370,5,D,CD,PD,D
10:52:04,PTBA,RG,3380,30,F,BK,AK,F
10:51:58,PTBA,RG,3380,42,F,CS,AK,F
10:51:58,PTBA,RG,3380,25,F,CS,AK,F
10:51:58,PTBA,RG,3380,18,F,CS,PD,D
10:51:53,PTBA,RG,3370,5,D,CD,XA,D
10:51:48,PTBA,RG,3370,6,D,CD,OD,D
10:51:35,PTBA,RG,3370,9,D,CD,SQ,D
10:51:35,PTBA,RG,3380,29,F,BK,PD,D
10:51:34,PTBA,RG,3380,7,F,CS,PD,D
10:51:01,PTBA,RG,3380,48,F,BK,PD,D
10:50:56,PTBA,RG,3370,3,D,CD,PD,D
10:50:50,PTBA,RG,3370,5,D,CD,OD,D
10:50:31,PTBA,RG,3380,4,D,RB,PD,D
10:50:18,PTBA,RG,3370,222,D,CD,AK,F
10:50:17,PTBA,RG,3380,32,F,BK,PD,D
10:50:16,PTBA,RG,3370,3,D,CD,PD,D
10:50:05,PTBA,RG,3380,1,D,YB,PD,D
10:49:58,PTBA,RG,3380,10,D,CC,PD,D
10:49:52,PTBA,RG,3380,18,F,CS,PD,D
10:49:48,PTBA,RG,3370,4,D,CD,OD,D
10:49:38,PTBA,RG,3380,27,F,BK,PD,D
10:49:36,PTBA,RG,3370,10,D,CD,XC,D
10:49:32,PTBA,RG,3370,18,D,CD,RX,D
10:49:31,PTBA,RG,3370,3,D,CD,XC,D
10:49:30,PTBA,RG,3380,3,D,KK,PD,D
10:49:27,PTBA,RG,3370,9,D,CD,XC,D
10:48:48,PTBA,RG,3370,5,D,CD,OD,D
10:48:44,PTBA,RG,3380,2,D,YP,PD,D
10:48:44,PTBA,RG,3370,3,D,CD,PD,D
10:48:41,PTBA,RG,3380,20,D,EP,PD,D
10:48:39,PTBA,RG,3380,43,F,BK,PD,D
10:48:39,PTBA,RG,3380,2,D,XL,PD,D
10:47:51,PTBA,RG,3380,39,F,BK,PD,D
10:47:48,PTBA,RG,3370,5,D,CD,OD,D
10:47:44,PTBA,RG,3370,1,D,CD,PD,D
10:47:33,PTBA,RG,3380,1,D,EP,PD,D
10:47:11,PTBA,RG,3380,5,D,EP,PD,D
10:46:52,PTBA,RG,3370,2,D,CD,XL,D
10:46:50,PTBA,RG,3370,3,D,CD,DH,D
10:46:47,PTBA,RG,3380,44,F,BK,PD,D
10:46:46,PTBA,RG,3370,5,D,CD,OD,D
10:46:41,PTBA,RG,3370,1,D,CD,NI,D
10:46:40,PTBA,RG,3370,3,D,CD,CC,D
10:46:13,PTBA,RG,3380,27,F,BK,PD,D
10:45:56,PTBA,RG,3380,4,D,PD,PD,D
10:45:46,PTBA,RG,3370,6,D,CD,OD,D
10:45:39,PTBA,RG,3370,50,D,CD,MI,D
10:45:32,PTBA,RG,3380,44,F,CS,PD,D
10:45:30,PTBA,RG,3380,31,F,BK,PD,D
10:45:20,PTBA,RG,3380,44,F,CS,PD,D
10:45:19,PTBA,RG,3380,1,D,PD,PD,D
10:44:51,PTBA,RG,3380,7,D,CD,PD,D
10:44:42,PTBA,RG,3370,6,D,CD,OD,D
10:44:36,PTBA,RG,3380,42,F,BK,PD,D
10:44:05,PTBA,RG,3370,3,D,CD,XC,D
10:43:57,PTBA,RG,3380,26,D,TP,PD,D
10:43:42,PTBA,RG,3370,7,D,CD,OD,D
10:43:20,PTBA,RG,3370,67,D,CD,YJ,D
10:43:15,PTBA,RG,3380,21,D,CC,PD,D
10:43:15,PTBA,RG,3380,5,D,CC,PD,D
10:43:15,PTBA,RG,3380,34,D,CC,YP,D
10:42:51,PTBA,RG,3370,1,D,CD,XC,D
10:42:44,PTBA,RG,3370,5,D,CD,OD,D
10:42:38,PTBA,RG,3380,1,D,PD,YP,D
10:42:31,PTBA,RG,3380,11,D,YP,YP,D
10:42:13,PTBA,RG,3380,54,D,NI,YP,D
10:42:13,PTBA,RG,3380,28,D,NI,AK,F
10:42:13,PTBA,RG,3380,10,D,NI,AK,F
10:42:13,PTBA,RG,3380,13,D,NI,RX,D
10:42:13,PTBA,RG,3380,13,D,NI,CC,D
10:41:54,PTBA,RG,3370,18,D,CD,CC,D
10:41:44,PTBA,RG,3370,7,D,CD,OD,D
10:41:22,PTBA,RG,3380,2,D,YP,CC,D
10:41:18,PTBA,RG,3370,12,D,CD,RX,D
10:41:05,PTBA,RG,3380,5,D,TP,CC,D
10:41:04,PTBA,RG,3370,179,D,CD,OD,D
10:41:04,PTBA,RG,3370,47,F,BK,OD,D
10:41:04,PTBA,RG,3370,107,F,BK,OD,D
10:41:04,PTBA,RG,3370,103,D,YP,OD,D
10:40:52,PTBA,RG,3380,1,D,EP,CC,D
10:40:45,PTBA,RG,3380,1,D,XC,CC,D
10:40:42,PTBA,RG,3370,6,D,YP,OD,D
10:40:26,PTBA,RG,3380,2,D,PD,CC,D
10:39:44,PTBA,RG,3380,1,D,XC,CC,D
10:39:40,PTBA,RG,3370,6,D,YP,OD,D
10:39:37,PTBA,RG,3370,5,D,YP,XC,D
10:39:20,PTBA,RG,3380,1,D,PD,CC,D
10:39:09,PTBA,RG,3380,5,D,DH,CC,D
10:39:02,PTBA,RG,3380,3,D,PD,CC,D
10:38:44,PTBA,RG,3370,12,D,YP,RX,D
10:38:40,PTBA,RG,3370,5,D,YP,OD,D
10:37:43,PTBA,RG,3380,16,D,CC,CC,D
10:37:43,PTBA,RG,3380,25,D,CC,YU,F
10:37:43,PTBA,RG,3380,9,D,CC,CC,F
10:37:40,PTBA,RG,3370,6,D,YP,OD,D
10:37:37,PTBA,RG,3370,3,D,YP,PD,D
10:37:32,PTBA,RG,3370,31,D,YP,BQ,D
10:37:05,PTBA,RG,3370,10,D,YP,NI,D
10:37:00,PTBA,RG,3380,6,D,AZ,CC,F
10:36:52,PTBA,RG,3380,4,D,NI,CC,F
10:36:52,PTBA,RG,3380,146,D,NI,CC,D
10:36:40,PTBA,RG,3370,6,D,YP,OD,D
10:36:31,PTBA,RG,3370,54,D,YP,EP,D
10:36:12,PTBA,RG,3370,1,D,YP,XC,D
10:35:59,PTBA,RG,3380,2,D,KK,CC,D
10:35:38,PTBA,RG,3370,7,D,YP,OD,D
10:34:38,PTBA,RG,3370,6,D,YP,OD,D
10:34:08,PTBA,RG,3380,7,D,DX,CC,D
10:34:02,PTBA,RG,3380,45,D,DR,CC,D
10:34:02,PTBA,RG,3380,52,D,DR,AK,F
10:34:02,PTBA,RG,3380,1,D,DR,AK,F
10:34:02,PTBA,RG,3380,2,D,DR,AK,F
10:33:52,PTBA,RG,3370,5,D,YP,AK,F
10:33:52,PTBA,RG,3370,18,D,YP,RX,D
10:33:45,PTBA,RG,3370,50,D,YP,AK,F
10:33:45,PTBA,RG,3370,109,D,YP,AK,F
10:33:44,PTBA,RG,3370,156,D,YP,AK,F
10:33:43,PTBA,RG,3370,156,D,YP,AK,F
10:33:43,PTBA,RG,3370,156,D,YP,AK,F
10:33:42,PTBA,RG,3370,156,D,YP,AK,F
10:33:41,PTBA,RG,3370,156,D,YP,AK,F
10:33:39,PTBA,RG,3370,156,D,YP,AK,F
10:33:39,PTBA,RG,3370,156,D,YP,AK,F
10:33:39,PTBA,RG,3370,156,D,YP,AK,F
10:33:38,PTBA,RG,3370,156,D,YP,AK,F
10:33:37,PTBA,RG,3370,156,D,YP,AK,F
10:33:36,PTBA,RG,3370,122,D,YP,AK,F
10:33:36,PTBA,RG,3380,28,F,BK,AK,F
10:33:36,PTBA,RG,3380,4,F,CS,AK,F
10:33:36,PTBA,RG,3380,2,F,CS,AK,F
10:33:36,PTBA,RG,3380,6,F,CS,OD,D
10:33:36,PTBA,RG,3380,3,F,CS,RX,D
10:33:35,PTBA,RG,3380,4,F,CS,RX,D
10:33:35,PTBA,RG,3380,4,F,CS,RX,D
10:33:34,PTBA,RG,3380,35,F,BK,AK,F
10:33:34,PTBA,RG,3380,24,F,CS,AK,F
10:33:34,PTBA,RG,3380,7,F,CS,AK,F
10:33:34,PTBA,RG,3380,100,D,OD,AK,F
10:33:34,PTBA,RG,3380,3,F,AK,AK,F
10:33:34,PTBA,RG,3380,4,F,BK,AK,F
10:33:33,PTBA,RG,3380,26,F,BK,YJ,D
10:33:33,PTBA,RG,3380,10,D,YP,YJ,D
10:33:33,PTBA,RG,3380,10,F,CS,YJ,D
10:33:33,PTBA,RG,3380,2,F,CS,YJ,D
10:33:33,PTBA,RG,3380,6,F,CS,YJ,D
10:33:33,PTBA,RG,3380,46,D,OD,YJ,D
10:33:31,PTBA,RG,3380,2,D,OD,XA,D
10:33:31,PTBA,RG,3380,10,D,OD,NI,D
10:33:28,PTBA,RG,3380,14,D,OD,AZ,D
10:33:25,PTBA,RG,3380,14,D,OD,AZ,D
10:33:24,PTBA,RG,3380,14,D,OD,AK,F
10:33:24,PTBA,RG,3380,1,D,PD,AK,F
10:33:24,PTBA,RG,3380,50,F,BK,AK,F
10:33:24,PTBA,RG,3380,2,D,CC,AK,F
10:33:24,PTBA,RG,3380,13,F,CS,AK,F
10:33:24,PTBA,RG,3380,13,F,CS,AK,F
10:33:24,PTBA,RG,3380,1,D,PD,AK,F
10:33:24,PTBA,RG,3380,4,F,CS,AK,F
10:33:24,PTBA,RG,3380,14,F,CS,AK,F
10:33:24,PTBA,RG,3380,2,F,CS,AK,F
10:33:24,PTBA,RG,3380,10,D,DR,AK,F
10:33:24,PTBA,RG,3380,36,F,YU,AK,F
10:33:24,PTBA,RG,3380,23,F,DX,AK,F
10:33:23,PTBA,RG,3380,50,F,BK,YP,D
10:33:23,PTBA,RG,3380,38,F,YU,YP,D
10:33:23,PTBA,RG,3380,3,F,AK,YP,D
10:33:23,PTBA,RG,3380,1,F,CS,YP,D
10:33:23,PTBA,RG,3380,208,D,XC,YP,D
10:33:21,PTBA,RG,3380,14,D,XC,AZ,D
10:33:19,PTBA,RG,3380,10,D,XC,HP,D
10:33:17,PTBA,RG,3380,1,D,XC,YP,D
10:33:17,PTBA,RG,3380,51,F,BK,YP,D
10:33:17,PTBA,RG,3380,11,F,CS,YP,D
10:33:17,PTBA,RG,3380,1,F,CS,YP,D
10:33:17,PTBA,RG,3380,3,F,CS,YP,D
10:33:17,PTBA,RG,3380,83,D,KK,YP,D
10:33:17,PTBA,RG,3380,4,D,KK,EP,D
10:33:16,PTBA,RG,3380,28,D,KK,AZ,D
10:33:12,PTBA,RG,3380,28,D,KK,AZ,D
10:33:11,PTBA,RG,3380,100,D,KK,OD,D
10:33:07,PTBA,RG,3380,28,D,KK,AZ,D
10:33:06,PTBA,RG,3380,5,D,KK,YP,D
10:33:02,PTBA,RG,3380,10,D,KK,AZ,D
10:33:00,PTBA,RG,3380,35,D,KK,PD,D
10:32:57,PTBA,RG,3380,13,D,KK,PD,D
10:32:56,PTBA,RG,3380,10,D,KK,AZ,D
10:32:54,PTBA,RG,3380,1,D,KK,DR,D
10:32:48,PTBA,RG,3380,1,D,KK,XC,D
10:32:48,PTBA,RG,3380,2,D,KK,XC,D
10:32:36,PTBA,RG,3380,6,D,KK,OD,D
10:32:21,PTBA,RG,3380,41,D,KK,XL,D
10:32:04,PTBA,RG,3380,5,D,KK,YP,D
10:32:04,PTBA,RG,3380,1,D,NI,YP,D
10:32:04,PTBA,RG,3380,2,F,CS,YP,D
10:32:04,PTBA,RG,3380,33,F,BK,YP,D
10:32:04,PTBA,RG,3380,1,F,EP,YP,D
10:32:04,PTBA,RG,3380,8,F,BK,YP,D
10:32:01,PTBA,RG,3380,2,F,BK,GR,D
10:32:00,PTBA,RG,3380,40,F,BK,SA,D
10:32:00,PTBA,RG,3380,1,D,XC,SA,D
10:32:00,PTBA,RG,3380,19,F,CS,SA,D
10:32:00,PTBA,RG,3380,30,D,PD,SA,D
10:32:00,PTBA,RG,3380,3,F,CS,SA,D
10:32:00,PTBA,RG,3380,3,F,AK,SA,D
10:32:00,PTBA,RG,3380,1,D,PD,SA,D
10:32:00,PTBA,RG,3380,1,D,YP,SA,D
10:32:00,PTBA,RG,3380,2,D,YP,SA,D
10:32:00,PTBA,RG,3380,8,F,CS,SA,D
10:32:00,PTBA,RG,3380,1,F,CS,SA,D
10:32:00,PTBA,RG,3380,53,F,BK,SA,D
10:32:00,PTBA,RG,3380,8,F,CS,SA,D
10:32:00,PTBA,RG,3380,14,F,CS,SA,D
10:32:00,PTBA,RG,3380,35,F,YU,SA,D
10:32:00,PTBA,RG,3380,2,F,CS,SA,D
10:32:00,PTBA,RG,3380,62,F,BK,SA,D
10:32:00,PTBA,RG,3380,420,D,NI,SA,D
10:32:00,PTBA,RG,3380,297,D,NI,SA,D
10:31:41,PTBA,RG,3380,14,D,NI,AZ,D
10:31:39,PTBA,RG,3380,2,D,NI,GR,D
10:31:37,PTBA,RG,3380,14,D,NI,AZ,D
10:31:37,PTBA,RG,3380,50,D,NI,FS,D
10:31:36,PTBA,RG,3380,6,D,NI,OD,D
10:31:33,PTBA,RG,3380,1,D,NI,PD,D
10:31:33,PTBA,RG,3380,14,D,NI,AZ,D
10:31:30,PTBA,RG,3380,4,D,NI,DH,D
10:31:29,PTBA,RG,3380,10,D,NI,AZ,D
10:31:28,PTBA,RG,3380,1,D,NI,GR,D
10:31:16,PTBA,RG,3380,2,D,NI,XL,D
10:31:15,PTBA,RG,3390,5,D,AI,PD,D
10:31:11,PTBA,RG,3380,1,D,NI,XC,D
10:31:08,PTBA,RG,3380,34,D,NI,FS,D
10:31:08,PTBA,RG,3380,16,F,YU,FS,D
10:31:02,PTBA,RG,3380,33,F,YU,YP,D
10:30:51,PTBA,RG,3380,28,F,CC,DH,D
10:30:51,PTBA,RG,3380,32,F,BK,DH,D
10:30:51,PTBA,RG,3380,10,F,CS,DH,D
10:30:51,PTBA,RG,3380,1,F,CS,DH,D
10:30:51,PTBA,RG,3380,3,F,CS,DH,D
10:30:51,PTBA,RG,3380,26,D,RO,DH,D
10:30:36,PTBA,RG,3380,6,D,RO,OD,D
10:30:29,PTBA,RG,3380,15,D,RO,AK,F
10:30:26,PTBA,RG,3380,1,D,RO,XC,D
10:30:09,PTBA,RG,3380,14,D,RO,AZ,D
10:30:05,PTBA,RG,3380,14,D,RO,AZ,D
10:30:04,PTBA,RG,3380,1,D,RO,XC,D
10:30:03,PTBA,RG,3390,1,D,PD,PD,D
10:30:01,PTBA,RG,3380,14,D,RO,AZ,D
10:29:57,PTBA,RG,3380,10,D,RO,AZ,D
10:29:48,PTBA,RG,3380,4,D,RO,CC,D
10:29:38,PTBA,RG,3380,6,D,RO,OD,D
10:29:31,PTBA,RG,3380,11,D,RO,RX,D
10:29:26,PTBA,RG,3380,20,D,RO,KK,D
10:29:22,PTBA,RG,3380,100,D,RO,DR,D
10:29:18,PTBA,RG,3380,2,D,RO,XL,D
10:28:48,PTBA,RG,3380,9,D,RO,KK,D
10:28:48,PTBA,RG,3390,7,D,LG,PD,D
10:28:36,PTBA,RG,3380,6,D,RO,OD,D
10:28:14,PTBA,RG,3380,30,D,RO,CC,D
10:28:13,PTBA,RG,3380,311,D,RO,MG,D
10:28:13,PTBA,RG,3380,53,F,BK,MG,D
10:28:13,PTBA,RG,3380,1,D,PD,MG,D
10:28:13,PTBA,RG,3380,6,F,CS,MG,D
10:28:13,PTBA,RG,3380,3,F,CS,MG,D
10:28:13,PTBA,RG,3380,25,F,CS,MG,D
10:28:13,PTBA,RG,3380,18,F,AK,MG,D
10:28:13,PTBA,RG,3380,1,F,CS,MG,D
10:28:13,PTBA,RG,3380,280,D,NI,MG,D
10:28:13,PTBA,RG,3380,300,D,NI,MG,D
10:28:13,PTBA,RG,3380,2,F,CS,MG,D
10:27:44,PTBA,RG,3380,14,F,CS,KK,D
10:27:44,PTBA,RG,3380,53,F,BK,KK,D
10:27:44,PTBA,RG,3380,3,D,KK,KK,D
10:27:34,PTBA,RG,3380,5,D,KK,OD,D
10:27:24,PTBA,RG,3380,20,D,KK,PD,D
10:26:46,PTBA,RG,3390,6,D,KK,PD,D
10:26:46,PTBA,RG,3390,1,D,PD,PD,D
10:26:39,PTBA,RG,3380,21,D,KK,YU,F
10:26:32,PTBA,RG,3380,7,D,KK,OD,D
10:26:16,PTBA,RG,3380,10,D,KK,HP,D
10:25:41,PTBA,RG,3380,1,D,KK,SQ,D
10:25:37,PTBA,RG,3380,1,D,KK,XC,D
10:25:34,PTBA,RG,3380,82,D,KK,CC,D
10:25:34,PTBA,RG,3380,19,F,DX,CC,D
10:25:34,PTBA,RG,3380,3,F,CS,CC,D
10:25:34,PTBA,RG,3380,2,F,CS,CC,D
10:25:34,PTBA,RG,3380,8,F,CS,CC,D
10:25:34,PTBA,RG,3380,1,F,CS,CC,D
10:25:34,PTBA,RG,3380,1,F,CS,CC,D
10:25:34,PTBA,RG,3380,262,F,BK,CC,D
10:25:34,PTBA,RG,3380,10,D,PD,CC,D
10:25:34,PTBA,RG,3380,7,D,TP,CC,D
10:25:34,PTBA,RG,3380,30,D,PD,CC,D
10:25:34,PTBA,RG,3380,31,F,BK,CC,D
10:25:34,PTBA,RG,3380,10,F,CS,CC,D
10:25:34,PTBA,RG,3380,7,F,CS,CC,D
10:25:34,PTBA,RG,3380,5,F,CS,CC,D
10:25:34,PTBA,RG,3380,2,F,CS,CC,D
10:25:34,PTBA,RG,3380,3,F,CS,CC,D
10:25:34,PTBA,RG,3380,3,F,CS,CC,D
10:25:34,PTBA,RG,3380,18,D,CC,CC,D
10:25:34,PTBA,RG,3380,36,F,YU,CC,D
10:25:34,PTBA,RG,3380,53,F,BK,CC,D
10:25:34,PTBA,RG,3380,58,D,PD,CC,D
10:25:34,PTBA,RG,3380,41,F,DX,CC,D
10:25:30,PTBA,RG,3380,1,F,DX,OD,D
10:25:30,PTBA,RG,3380,5,F,YU,OD,D
10:25:19,PTBA,RG,3380,10,F,YU,CC,D
10:25:15,PTBA,RG,3380,5,F,YU,YP,D
10:25:11,PTBA,RG,3380,10,F,YU,GR,D
10:24:45,PTBA,RG,3390,6,D,GR,PD,D
10:24:40,PTBA,RG,3380,10,F,YU,HP,D
10:24:39,PTBA,RG,3380,1,F,YU,PD,D
10:24:38,PTBA,RG,3390,1,D,PD,PD,D
10:24:33,PTBA,RG,3380,170,F,YU,CC,D
10:24:33,PTBA,RG,3380,20,D,PD,CC,D
10:24:33,PTBA,RG,3380,189,F,YU,CC,D
10:24:33,PTBA,RG,3380,1,D,PD,CC,D
10:24:33,PTBA,RG,3380,3,F,AK,CC,D
10:24:33,PTBA,RG,3380,9,F,AK,CC,D
10:24:33,PTBA,RG,3380,108,D,NI,CC,D
10:24:28,PTBA,RG,3380,6,D,NI,OD,D
10:24:09,PTBA,RG,3380,1,D,NI,NI,D
10:23:34,PTBA,RG,3380,2,D,NI,XC,D
10:23:31,PTBA,RG,3380,6,D,NI,OD,D
10:23:15,PTBA,RG,3380,1,D,NI,XC,D
10:23:10,PTBA,RG,3380,26,D,NI,EP,D
10:23:10,PTBA,RG,3380,179,F,BK,EP,D
10:23:03,PTBA,RG,3380,1,F,BK,XC,D
10:22:55,PTBA,RG,3380,198,F,BK,DR,D
10:22:55,PTBA,RG,3380,69,F,BK,DR,D
10:22:55,PTBA,RG,3380,28,F,BK,DR,D
10:22:55,PTBA,RG,3380,2,F,CS,DR,D
10:22:55,PTBA,RG,3380,16,F,CS,DR,D
10:22:55,PTBA,RG,3380,17,F,CS,DR,D
10:22:55,PTBA,RG,3380,6,F,CS,DR,D
10:22:55,PTBA,RG,3380,2,F,CS,DR,D
10:22:55,PTBA,RG,3380,12,F,CS,DR,D
10:22:55,PTBA,RG,3380,1,F,CS,DR,D
10:22:55,PTBA,RG,3380,3,F,CS,DR,D
10:22:55,PTBA,RG,3380,7,F,CS,DR,D
10:22:55,PTBA,RG,3380,3,F,CS,DR,D
10:22:55,PTBA,RG,3380,5,D,NI,DR,D
10:22:47,PTBA,RG,3390,15,F,BK,PD,D
10:22:47,PTBA,RG,3390,1,F,BK,PD,D
10:22:47,PTBA,RG,3390,10,F,BK,YP,D
10:22:47,PTBA,RG,3390,9,F,BK,YP,D
10:22:41,PTBA,RG,3380,25,D,NI,ZP,D
10:22:38,PTBA,RG,3390,1,D,PD,YP,D
10:22:14,PTBA,RG,3380,5,D,NI,PD,D
10:22:14,PTBA,RG,3380,25,D,NI,ZP,D
10:22:13,PTBA,RG,3380,10,D,NI,CC,D
10:21:58,PTBA,RG,3380,5,D,NI,OD,D
10:21:58,PTBA,RG,3380,25,D,NI,YP,D
10:21:58,PTBA,RG,3380,5,D,NI,YP,D
10:21:58,PTBA,RG,3380,25,D,NI,YP,D
10:21:58,PTBA,RG,3380,1,D,NI,PD,D
10:21:58,PTBA,RG,3380,149,D,NI,AK,F
10:21:58,PTBA,RG,3380,136,D,NI,AK,F
10:21:58,PTBA,RG,3380,164,D,NI,AK,F
10:21:55,PTBA,RG,3380,2,F,CS,AK,F
10:21:55,PTBA,RG,3380,5,F,CS,YJ,D
10:21:55,PTBA,RG,3380,7,F,CS,YJ,D
10:21:55,PTBA,RG,3380,5,D,HP,YJ,D
10:21:43,PTBA,RG,3380,3,F,CS,YJ,D
10:21:40,PTBA,RG,3380,56,F,BK,YJ,D
10:21:16,PTBA,RG,3380,23,F,BK,YJ,D
10:21:11,PTBA,RG,3380,47,F,BK,YJ,D
10:21:10,PTBA,RG,3380,630,D,YP,YJ,D
10:21:10,PTBA,RG,3380,12,D,YP,CC,F
10:21:10,PTBA,RG,3380,236,D,YP,AK,F
10:21:10,PTBA,RG,3380,424,D,YP,AK,F
10:21:10,PTBA,RG,3380,319,D,YP,AK,F
10:21:10,PTBA,RG,3380,167,D,YP,AK,F
10:21:10,PTBA,RG,3380,7,D,YP,OD,D
10:21:10,PTBA,RG,3380,26,D,YP,XC,D
10:21:10,PTBA,RG,3380,6,D,YP,XC,D
10:21:10,PTBA,RG,3380,200,D,YP,ZP,F
10:21:10,PTBA,RG,3380,3,D,YP,DR,D
10:21:10,PTBA,RG,3380,1,D,YP,XC,D
10:21:10,PTBA,RG,3380,1,D,YP,NI,D
10:21:10,PTBA,RG,3380,1,D,YP,PD,D
10:21:10,PTBA,RG,3380,10,D,YP,DX,D
10:21:10,PTBA,RG,3380,10,D,YP,YP,D
10:21:10,PTBA,RG,3380,200,D,YP,ZP,F
10:21:10,PTBA,RG,3380,9,D,YP,XC,D
10:21:10,PTBA,RG,3380,30,D,YP,AZ,D
10:21:10,PTBA,RG,3380,30,D,YP,AZ,D
10:21:10,PTBA,RG,3380,30,D,YP,AZ,D
10:21:10,PTBA,RG,3380,20,D,YP,AZ,D
10:21:10,PTBA,RG,3380,100,D,YP,YJ,D
10:21:10,PTBA,RG,3380,1,D,YP,HP,D
10:21:10,PTBA,RG,3380,21,D,YP,YU,F
10:21:10,PTBA,RG,3380,6,D,YP,YP,D
10:21:01,PTBA,RG,3380,4,F,BK,YP,D
10:21:01,PTBA,RG,3380,5,F,BK,GR,D
10:21:01,PTBA,RG,3380,10,F,BK,CC,F
10:21:01,PTBA,RG,3380,12,F,BK,YJ,D
10:21:00,PTBA,RG,3380,20,F,CS,YJ,D
10:21:00,PTBA,RG,3380,18,F,CS,YJ,D
10:21:00,PTBA,RG,3380,1,F,CS,YP,D
10:21:00,PTBA,RG,3380,10,F,CS,YP,D
10:21:00,PTBA,RG,3380,8,F,CS,CC,D
10:21:00,PTBA,RG,3380,2,F,CS,CC,D
10:21:00,PTBA,RG,3380,4,F,CS,NI,D
10:21:00,PTBA,RG,3380,2,F,CS,NI,D
10:21:00,PTBA,RG,3380,2,F,CS,NI,D
10:21:00,PTBA,RG,3380,1,F,CS,DH,D
10:20:59,PTBA,RG,3380,200,D,YP,KK,D
10:20:59,PTBA,RG,3380,3,D,YP,CC,D
10:20:59,PTBA,RG,3380,14,D,YP,AZ,D
10:20:59,PTBA,RG,3380,14,D,YP,AZ,D
10:20:59,PTBA,RG,3380,14,D,YP,AZ,D
10:20:59,PTBA,RG,3380,10,D,YP,AZ,D
10:20:59,PTBA,RG,3380,71,D,YP,YP,D
10:20:59,PTBA,RG,3380,72,D,YP,YP,D
10:20:59,PTBA,RG,3380,1,D,YP,YP,D
10:20:59,PTBA,RG,3380,13,D,YP,CC,D
10:20:59,PTBA,RG,3380,1,D,YP,XC,D
10:20:59,PTBA,RG,3380,13,D,YP,CC,D
10:20:59,PTBA,RG,3380,1,D,YP,PD,D
10:20:59,PTBA,RG,3380,3,D,YP,PD,D
10:20:59,PTBA,RG,3380,50,D,YP,YP,D
10:20:59,PTBA,RG,3380,5,D,YP,NI,D
10:20:59,PTBA,RG,3380,1,D,YP,LG,D
10:20:59,PTBA,RG,3380,5,D,YP,XC,D
10:20:59,PTBA,RG,3380,12,D,YP,RX,D
10:20:59,PTBA,RG,3380,1,D,YP,PD,D
10:20:59,PTBA,RG,3380,21,D,YP,YU,F
10:20:59,PTBA,RG,3380,10,D,YP,PD,D
10:20:59,PTBA,RG,3380,5,D,YP,GR,D
10:20:59,PTBA,RG,3380,14,D,YP,AZ,D
10:20:59,PTBA,RG,3380,14,D,YP,AZ,D
10:20:59,PTBA,RG,3380,14,D,YP,AZ,D
10:20:59,PTBA,RG,3380,10,D,YP,AZ,D
10:20:59,PTBA,RG,3380,300,D,YP,CC,D
10:20:59,PTBA,RG,3380,12,D,YP,PD,D
10:20:59,PTBA,RG,3380,2,D,YP,XC,D
10:20:59,PTBA,RG,3380,30,D,YP,YP,D
10:20:59,PTBA,RG,3380,10,D,YP,OD,D
10:20:59,PTBA,RG,3380,100,D,YP,EP,D
10:20:59,PTBA,RG,3380,2,D,YP,XC,D
10:20:59,PTBA,RG,3380,35,D,YP,RX,D
10:20:59,PTBA,RG,3380,5,D,YP,NI,D
10:20:59,PTBA,RG,3380,10,D,YP,YP,D
10:20:59,PTBA,RG,3380,1,D,YP,XC,D
10:20:59,PTBA,RG,3380,20,D,YP,CC,D
10:20:59,PTBA,RG,3380,100,D,YP,EP,D
10:20:59,PTBA,RG,3380,20,D,YP,YU,F
10:20:59,PTBA,RG,3380,2,D,YP,GR,D
10:20:59,PTBA,RG,3380,15,D,YP,PD,D
10:20:59,PTBA,RG,3380,50,D,YP,SQ,D
10:20:59,PTBA,RG,3380,10,D,YP,PD,D
10:20:59,PTBA,RG,3380,353,D,YP,PD,D
10:20:59,PTBA,RG,3380,3,D,YP,XC,D
10:20:59,PTBA,RG,3380,5,D,YP,CC,D
10:20:59,PTBA,RG,3380,5,D,YP,NI,D
10:20:59,PTBA,RG,3380,50,D,YP,NI,D
10:20:59,PTBA,RG,3380,173,D,YP,AK,F
10:20:59,PTBA,RG,3380,59,D,YP,OD,D
10:20:59,PTBA,RG,3380,79,D,YP,AK,F
10:20:59,PTBA,RG,3380,1,D,YP,AK,F
10:20:59,PTBA,RG,3380,20,D,YP,YP,D
10:20:59,PTBA,RG,3380,305,D,YP,AK,F
10:20:59,PTBA,RG,3380,2,D,YP,KK,D
10:20:59,PTBA,RG,3380,3,D,YP,PD,D
10:20:59,PTBA,RG,3380,1,D,YP,PD,D
10:20:59,PTBA,RG,3380,50,D,YP,DH,D
10:20:59,PTBA,RG,3380,10,D,YP,EP,D
10:20:59,PTBA,RG,3380,2,D,YP,XC,D
10:20:59,PTBA,RG,3380,1,D,YP,XL,D
10:20:59,PTBA,RG,3380,5,D,YP,PD,D
10:20:59,PTBA,RG,3380,1,D,YP,XC,D
10:20:59,PTBA,RG,3380,30,D,YP,YP,D
10:20:59,PTBA,RG,3380,3,D,YP,YP,D
10:20:59,PTBA,RG,3380,200,D,YP,YB,D
10:20:59,PTBA,RG,3380,4,D,YP,NI,D
10:20:59,PTBA,RG,3380,500,D,YP,GR,D
10:20:59,PTBA,RG,3380,1,D,YP,XC,D
10:20:59,PTBA,RG,3380,154,D,YP,AK,F
10:20:59,PTBA,RG,3380,2,D,YP,CC,D
10:20:59,PTBA,RG,3380,50,D,YP,OD,D
10:20:59,PTBA,RG,3380,200,D,YP,ZP,F
10:20:59,PTBA,RG,3380,412,D,YP,GR,D
10:20:46,PTBA,RG,3380,47,F,BK,GR,D
10:20:42,PTBA,RG,3370,3,D,YP,XL,D
10:20:33,PTBA,RG,3380,37,D,XC,GR,D
10:20:29,PTBA,RG,3370,5,D,YP,OD,D
10:20:05,PTBA,RG,3380,4,F,BK,GR,D
10:20:05,PTBA,RG,3380,1,F,BK,PD,D
10:20:05,PTBA,RG,3380,5,F,BK,YP,D
10:20:05,PTBA,RG,3380,26,F,BK,YP,D
10:19:58,PTBA,RG,3380,23,D,NI,YP,D
10:19:46,PTBA,RG,3370,11,D,YP,RX,D
10:19:32,PTBA,RG,3380,26,F,BK,YP,D
10:19:32,PTBA,RG,3380,2,F,BK,DH,D
10:19:29,PTBA,RG,3370,6,D,YP,OD,D
10:19:20,PTBA,RG,3380,10,D,XC,DH,D
10:19:14,PTBA,RG,3380,7,D,CC,DH,D
10:19:04,PTBA,RG,3380,6,F,CS,DH,D
10:18:54,PTBA,RG,3380,25,F,BK,DH,D
10:18:54,PTBA,RG,3380,10,F,BK,HP,D
10:18:54,PTBA,RG,3380,1,F,BK,CC,D
10:18:53,PTBA,RG,3370,4,D,YP,PD,D
10:18:42,PTBA,RG,3380,2,F,CS,CC,D
10:18:42,PTBA,RG,3380,9,F,CS,PD,D
10:18:42,PTBA,RG,3380,3,F,CS,AO,D
10:18:32,PTBA,RG,3370,1,D,YP,HP,D
10:18:27,PTBA,RG,3370,6,D,YP,OD,D
10:18:25,PTBA,RG,3380,26,F,BK,AO,D
10:18:06,PTBA,RG,3370,1,D,YP,PD,D
10:18:05,PTBA,RG,3370,2,D,YP,XC,D
10:17:55,PTBA,RG,3380,26,F,BK,AO,D
10:17:37,PTBA,RG,3380,2,D,NI,AO,D
10:17:35,PTBA,RG,3380,20,D,KK,AO,D
10:17:27,PTBA,RG,3370,6,D,YP,OD,D
10:17:21,PTBA,RG,3380,1,D,NI,AO,D
10:17:20,PTBA,RG,3380,22,F,BK,AO,D
10:17:20,PTBA,RG,3380,3,F,BK,AT,D
10:17:20,PTBA,RG,3380,4,F,BK,CC,D
10:17:19,PTBA,RG,3370,122,D,YP,PD,D
10:17:19,PTBA,RG,3370,19,F,DX,PD,D
10:17:19,PTBA,RG,3370,12,F,CS,PD,D
10:17:19,PTBA,RG,3370,10,D,YP,PD,D
10:17:19,PTBA,RG,3370,13,F,YU,PD,D
10:17:05,PTBA,RG,3380,35,F,CS,CC,D
10:16:56,PTBA,RG,3380,10,D,KK,CC,D
10:16:54,PTBA,RG,3370,9,F,YU,BQ,D
10:16:54,PTBA,RG,3370,31,D,NI,BQ,D
10:16:49,PTBA,RG,3380,11,F,BK,CC,D
10:16:49,PTBA,RG,3380,10,F,BK,KK,D
10:16:49,PTBA,RG,3380,7,F,BK,YP,D
10:16:44,PTBA,RG,3370,11,D,NI,RX,D
10:16:39,PTBA,RG,3380,4,D,YP,YP,D
10:16:30,PTBA,RG,3380,35,F,CS,YP,D
10:16:29,PTBA,RG,3370,5,D,NI,OD,D
10:15:57,PTBA,RG,3380,4,F,BK,YP,D
10:15:57,PTBA,RG,3380,7,F,BK,AZ,D
10:15:57,PTBA,RG,3380,7,F,BK,AZ,D
10:15:57,PTBA,RG,3380,7,F,BK,AZ,D
10:15:57,PTBA,RG,3380,5,F,BK,AZ,D
10:15:57,PTBA,RG,3380,3,F,BK,PD,D
10:15:57,PTBA,RG,3380,1,F,BK,XC,D
10:15:57,PTBA,RG,3380,12,F,BK,DX,D
10:15:41,PTBA,RG,3380,1,D,PD,DX,D
10:15:37,PTBA,RG,3370,100,D,NI,DR,D
10:15:29,PTBA,RG,3370,8,D,NI,OD,D
10:15:26,PTBA,RG,3380,5,D,YP,DX,D
10:15:13,PTBA,RG,3380,1,F,AK,DX,D
10:15:11,PTBA,RG,3380,42,F,BK,DX,D
10:14:58,PTBA,RG,3380,1,D,XL,DX,D
10:14:55,PTBA,RG,3370,12,D,NI,RX,D
10:14:37,PTBA,RG,3380,14,F,CS,DX,D
10:14:28,PTBA,RG,3380,40,F,BK,DX,D
10:14:27,PTBA,RG,3370,7,D,NI,OD,D
10:14:16,PTBA,RG,3380,6,F,CS,DX,D
10:13:58,PTBA,RG,3370,3,D,NI,PD,D
10:13:54,PTBA,RG,3380,28,F,BK,DX,D
10:13:51,PTBA,RG,3380,200,D,OD,DX,D
10:13:37,PTBA,RG,3380,1,D,LG,DX,D
10:13:32,PTBA,RG,3380,1,D,YP,DX,D
10:13:29,PTBA,RG,3370,8,D,NI,OD,D
10:13:18,PTBA,RG,3370,11,D,NI,RX,D
10:13:16,PTBA,RG,3380,35,F,BK,DX,D
10:13:04,PTBA,RG,3380,6,D,YU,DX,D
10:12:45,PTBA,RG,3380,37,F,CS,DX,D
10:12:28,PTBA,RG,3370,13,D,NI,CC,D
10:12:27,PTBA,RG,3370,8,D,NI,OD,D
10:12:20,PTBA,RG,3370,14,D,NI,AZ,D
10:12:19,PTBA,RG,3370,25,D,NI,YP,D
10:12:16,PTBA,RG,3370,14,D,NI,AZ,D
10:12:12,PTBA,RG,3370,10,D,NI,AZ,D
10:12:12,PTBA,RG,3370,4,D,NI,AZ,D
10:12:10,PTBA,RG,3370,262,D,NI,DR,D
10:12:07,PTBA,RG,3370,10,D,NI,AZ,D
10:12:07,PTBA,RG,3380,36,F,CS,DX,D
10:12:00,PTBA,RG,3370,11,D,NI,RX,D
