Time,Stock,Brd,Price,Qty,BT,BC,SC,ST
15:14:58,PTBA,RG,4220,6,D,OD,XC,D
15:14:07,PTBA,RG,4220,2,D,OD,YP,D
15:14:02,PTBA,RG,4220,10,D,OD,YP,D
15:13:45,PTBA,RG,4220,20,D,OD,ZP,F
15:13:45,PTBA,RG,4220,2,D,CC,ZP,F
15:13:45,PTBA,RG,4220,1,D,XC,ZP,F
15:13:45,PTBA,RG,4220,5,D,NI,ZP,F
15:13:45,PTBA,RG,4220,1,D,NI,ZP,F
15:13:45,PTBA,RG,4220,10,D,DR,ZP,F
15:13:45,PTBA,RG,4220,1,D,PD,ZP,F
15:13:45,PTBA,RG,4220,20,D,DR,ZP,F
15:13:45,PTBA,RG,4220,500,D,PD,ZP,F
15:13:45,PTBA,RG,4220,1,D,NI,ZP,F
15:13:45,PTBA,RG,4220,1,D,XC,ZP,F
15:13:45,PTBA,RG,4220,2,D,PD,ZP,F
15:13:45,PTBA,RG,4220,1,D,XC,ZP,F
15:13:45,PTBA,RG,4220,5,D,XC,ZP,F
15:13:45,PTBA,RG,4220,25,D,CP,ZP,F
15:13:45,PTBA,RG,4220,300,D,YP,ZP,F
15:13:45,PTBA,RG,4220,5,D,PD,ZP,F
15:13:45,PTBA,RG,4220,1,D,YP,ZP,F
15:13:45,PTBA,RG,4220,10,D,CC,ZP,F
15:13:45,PTBA,RG,4220,50,D,AZ,ZP,F
15:13:45,PTBA,RG,4220,2,D,NI,ZP,F
15:13:45,PTBA,RG,4220,10,D,DR,ZP,F
15:13:45,PTBA,RG,4220,5,D,BQ,ZP,F
15:13:45,PTBA,RG,4220,1,D,NI,ZP,F
15:13:45,PTBA,RG,4220,1,D,PD,ZP,F
15:13:45,PTBA,RG,4220,1,D,YP,ZP,F
15:13:45,PTBA,RG,4220,1,D,YP,ZP,F
15:13:45,PTBA,RG,4220,18,D,EP,ZP,F
15:13:11,PTBA,RG,4220,750,D,EP,ZP,F
15:11:56,PTBA,RG,4220,17,D,EP,XL,D
15:11:50,PTBA,RG,4220,1,D,EP,PD,D
15:11:21,PTBA,RG,4220,58,D,EP,PD,D
15:11:13,PTBA,RG,4220,16,D,EP,XC,D
15:11:09,PTBA,RG,4220,50,D,EP,YU,D
15:11:01,PTBA,RG,4220,15,D,EP,XC,D
15:10:51,PTBA,RG,4220,110,D,EP,KK,D
15:10:51,PTBA,RG,4220,10,D,EP,XC,D
15:10:35,PTBA,RG,4220,1,D,EP,AZ,D
15:10:35,PTBA,RG,4220,10,D,EP,PD,D
15:10:35,PTBA,RG,4220,6,D,EP,XA,D
15:10:35,PTBA,RG,4220,418,D,EP,MG,D
15:10:33,PTBA,RG,4220,1,D,YP,MG,D
15:10:32,PTBA,RG,4220,1,D,PD,MG,D
15:10:23,PTBA,RG,4220,2,D,PD,MG,D
15:10:23,PTBA,RG,4220,39,D,NI,MG,D
15:10:19,PTBA,RG,4220,9,D,YP,MG,D
15:10:12,PTBA,RG,4220,4,D,XC,MG,D
15:10:08,PTBA,RG,4220,100,D,YP,MG,D
15:10:00,PTBA,RG,4220,20,D,YP,MG,D
15:09:55,PTBA,RG,4220,906,D,CP,MG,D
15:09:55,PTBA,RG,4220,50,D,CP,PC,D
15:09:55,PTBA,RG,4220,44,D,CP,PD,D
15:09:48,PTBA,RG,4220,2,D,NI,PD,D
15:09:48,PTBA,RG,4220,4,D,YP,PD,D
15:09:41,PTBA,RG,4220,91,D,XC,ZP,F
15:09:39,PTBA,RG,4220,1,D,HP,ZP,F
15:09:34,PTBA,RG,4220,5,D,YP,ZP,F
15:09:32,PTBA,RG,4220,7,D,NI,ZP,F
15:09:17,PTBA,RG,4220,905,D,SQ,ZP,F
15:09:17,PTBA,RG,4220,95,D,SQ,YP,D
15:09:14,PTBA,RG,4220,1,D,XL,YP,D
15:09:12,PTBA,RG,4220,5,D,PD,YP,D
15:09:08,PTBA,RG,4220,50,D,EP,YP,D
15:09:08,PTBA,RG,4220,3,D,HP,YP,D
15:09:00,PTBA,RG,4220,1,D,XC,YP,D
15:08:59,PTBA,RG,4220,2,D,XC,YP,D
15:08:58,PTBA,RG,4220,1,D,XL,YP,D
15:08:50,PTBA,RG,4220,4,D,XC,YP,D
15:08:46,PTBA,RG,4220,1,D,CC,YP,D
15:08:31,PTBA,RG,4220,1,D,PD,YP,D
15:08:29,PTBA,RG,4220,2000,D,DR,YP,D
15:08:29,PTBA,RG,4220,3,D,NI,YP,D
15:08:25,PTBA,RG,4220,1000,D,SQ,YP,D
15:08:10,PTBA,RG,4220,1,D,YP,YP,D
15:08:08,PTBA,RG,4220,2,D,XC,YP,D
15:08:06,PTBA,RG,4220,10,D,YP,YP,D
15:08:05,PTBA,RG,4220,2,D,CC,YP,D
15:08:00,PTBA,RG,4220,1,D,XL,YP,D
15:07:58,PTBA,RG,4220,10,D,SQ,YP,D
15:07:55,PTBA,RG,4220,1,D,XC,YP,D
15:07:51,PTBA,RG,4220,4,D,XL,YP,D
15:07:45,PTBA,RG,4220,1,D,KK,YP,D
15:07:44,PTBA,RG,4220,2,D,XC,YP,D
15:07:42,PTBA,RG,4220,15,D,NI,YP,D
15:07:36,PTBA,RG,4220,50,D,CC,YP,D
15:07:30,PTBA,RG,4220,5,D,GR,YP,D
15:07:30,PTBA,RG,4220,50,D,PD,YP,D
15:07:28,PTBA,RG,4220,1,D,CC,YP,D
15:07:25,PTBA,RG,4220,17,D,XC,YP,D
15:07:24,PTBA,RG,4220,1,D,YP,YP,D
15:07:18,PTBA,RG,4220,2,D,NI,YP,D
15:07:13,PTBA,RG,4220,1,D,YP,YP,D
15:07:12,PTBA,RG,4220,1,D,PD,YP,D
15:07:09,PTBA,RG,4220,50,D,KK,YP,D
15:06:57,PTBA,RG,4220,1,D,PD,YP,D
15:06:53,PTBA,RG,4220,17,D,CC,YP,D
15:06:49,PTBA,RG,4220,1,D,PD,YP,D
15:06:45,PTBA,RG,4220,1,D,NI,YP,D
15:06:42,PTBA,RG,4220,15,D,AI,YP,D
15:06:42,PTBA,RG,4220,1,D,YP,YP,D
15:06:34,PTBA,RG,4220,1,D,XC,YP,D
15:06:33,PTBA,RG,4220,50,D,CP,YP,D
15:06:31,PTBA,RG,4220,1,D,YP,YP,D
15:06:30,PTBA,RG,4220,1,D,YP,YP,D
15:06:30,PTBA,RG,4220,100,D,OD,YP,D
15:06:27,PTBA,RG,4220,1,D,PD,YP,D
15:06:19,PTBA,RG,4220,1,D,YP,YP,D
15:06:15,PTBA,RG,4220,20,D,YU,YP,D
15:06:15,PTBA,RG,4220,5,D,CP,YP,D
15:06:12,PTBA,RG,4220,1,D,YP,YP,D
15:06:12,PTBA,RG,4220,10,D,YP,YP,D
15:06:11,PTBA,RG,4220,2,D,PD,YP,D
15:06:10,PTBA,RG,4220,37,D,CC,YP,D
15:06:07,PTBA,RG,4220,1,D,YP,YP,D
15:06:04,PTBA,RG,4220,2,D,XC,YP,D
15:06:02,PTBA,RG,4220,1,D,DR,YP,D
15:05:58,PTBA,RG,4220,10,D,CC,YP,D
15:05:57,PTBA,RG,4220,2,D,XC,YP,D
15:05:49,PTBA,RG,4220,50,D,YP,YP,D
15:05:46,PTBA,RG,4220,25,D,CC,YP,D
15:05:43,PTBA,RG,4220,85,D,YP,YP,D
15:05:39,PTBA,RG,4220,10,D,PD,YP,D
15:05:37,PTBA,RG,4220,1,D,PD,YP,D
15:05:26,PTBA,RG,4220,1,D,XC,YP,D
15:05:24,PTBA,RG,4220,20,D,XC,YP,D
15:05:21,PTBA,RG,4220,1,D,PD,YP,D
15:05:19,PTBA,RG,4220,100,D,PD,YP,D
15:05:19,PTBA,RG,4220,50,D,LG,YP,D
15:05:14,PTBA,RG,4220,50,D,CC,YP,D
15:05:09,PTBA,RG,4220,1,D,PD,YP,D
15:05:06,PTBA,RG,4220,10,D,PD,YP,D
15:05:03,PTBA,RG,4220,10,D,KK,YP,D
15:05:00,PTBA,RG,4220,10,D,PD,YP,D
15:04:59,PTBA,RG,4220,2,D,YP,YP,D
15:04:56,PTBA,RG,4220,1,D,DR,YP,D
15:04:52,PTBA,RG,4220,1,D,PD,YP,D
15:04:51,PTBA,RG,4220,1,D,XC,YP,D
15:04:47,PTBA,RG,4220,895,D,DR,YP,D
15:04:47,PTBA,RG,4220,3,D,DR,PD,D
15:04:47,PTBA,RG,4220,92,D,DR,YP,D
15:04:47,PTBA,RG,4220,10,D,DR,YP,D
15:04:39,PTBA,RG,4220,13,D,XC,YP,D
15:04:38,PTBA,RG,4220,4,D,XC,ZP,F
15:04:38,PTBA,RG,4220,8,D,XC,CC,D
15:04:38,PTBA,RG,4220,1,D,XL,CC,D
15:04:38,PTBA,RG,4220,1,D,YP,CC,D
15:04:37,PTBA,RG,4220,4,D,YP,ZP,F
15:04:37,PTBA,RG,4220,1,D,YP,ZP,F
15:04:36,PTBA,RG,4220,1,D,YP,ZP,F
15:04:36,PTBA,RG,4220,14,D,PD,ZP,F
15:04:36,PTBA,RG,4220,6,D,PD,ZP,F
15:04:36,PTBA,RG,4220,1,D,CC,ZP,F
15:04:36,PTBA,RG,4220,24,D,KK,ZP,F
15:04:36,PTBA,RG,4220,1,D,KK,ZP,F
15:04:36,PTBA,RG,4220,20,D,YP,ZP,F
15:04:36,PTBA,RG,4220,5,D,YP,ZP,F
15:04:36,PTBA,RG,4220,3,D,YP,ZP,F
15:04:36,PTBA,RG,4220,20,D,YP,ZP,F
15:04:36,PTBA,RG,4220,4,D,KK,ZP,F
15:04:36,PTBA,RG,4220,3,D,XL,ZP,F
15:04:36,PTBA,RG,4220,20,D,PD,ZP,F
15:04:36,PTBA,RG,4220,1,D,YP,ZP,F
15:04:36,PTBA,RG,4220,28,D,YP,ZP,F
15:04:36,PTBA,RG,4220,1,D,PD,ZP,F
15:04:36,PTBA,RG,4220,5,D,NI,ZP,F
15:04:36,PTBA,RG,4220,1,D,YP,ZP,F
15:04:36,PTBA,RG,4220,2,D,CC,ZP,F
15:04:36,PTBA,RG,4220,11,D,KK,ZP,F
15:04:36,PTBA,RG,4220,36,D,KK,ZP,F
15:04:36,PTBA,RG,4220,3,D,KK,YP,D
15:04:36,PTBA,RG,4220,1,D,KK,YP,D
15:04:36,PTBA,RG,4220,8,D,EP,YP,D
15:04:36,PTBA,RG,4220,1,D,PD,YP,D
15:04:36,PTBA,RG,4220,2,D,PD,YP,D
15:04:36,PTBA,RG,4220,5,D,DR,YP,D
15:04:36,PTBA,RG,4220,10,D,XC,YP,D
15:04:36,PTBA,RG,4220,2,D,XL,YP,D
15:04:36,PTBA,RG,4220,9,D,EP,YP,D
15:04:36,PTBA,RG,4220,12,D,XL,YP,D
15:04:36,PTBA,RG,4220,1,D,XC,YP,D
15:04:36,PTBA,RG,4220,1,D,XC,YP,D
15:04:36,PTBA,RG,4220,1,D,XC,YP,D
15:04:36,PTBA,RG,4220,3,D,XC,YP,D
15:04:36,PTBA,RG,4220,3,D,XC,YP,D
15:04:36,PTBA,RG,4220,25,D,IF,YP,D
15:04:36,PTBA,RG,4220,2,D,CC,YP,D
15:04:36,PTBA,RG,4220,2,D,XC,YP,D
15:04:36,PTBA,RG,4220,4,D,PD,YP,D
15:04:36,PTBA,RG,4220,24,D,EP,YP,D
15:04:36,PTBA,RG,4220,10,D,YP,YP,D
15:04:36,PTBA,RG,4220,3,D,NI,YP,D
15:04:36,PTBA,RG,4220,10,D,YP,YP,D
15:04:36,PTBA,RG,4220,30,D,GR,YP,D
15:04:36,PTBA,RG,4220,20,D,DR,YP,D
15:04:36,PTBA,RG,4220,20,D,XC,YP,D
15:04:36,PTBA,RG,4220,2,D,DR,YP,D
15:04:36,PTBA,RG,4220,5,D,XC,YP,D
15:04:36,PTBA,RG,4220,50,D,YP,YP,D
15:04:36,PTBA,RG,4220,1,D,XC,YP,D
15:04:36,PTBA,RG,4220,25,D,XC,YP,D
15:04:36,PTBA,RG,4220,1,D,XL,YP,D
15:04:36,PTBA,RG,4220,2,D,NI,YP,D
15:04:36,PTBA,RG,4220,10,D,KK,YP,D
15:04:36,PTBA,RG,4220,41,D,XC,YP,D
15:04:36,PTBA,RG,4220,10,D,DR,YP,D
15:04:36,PTBA,RG,4220,5,D,PD,YP,D
15:04:36,PTBA,RG,4220,12,D,PD,YP,D
15:04:36,PTBA,RG,4220,5,D,YP,YP,D
15:04:36,PTBA,RG,4220,1,D,PD,YP,D
15:04:36,PTBA,RG,4220,1,D,GR,YP,D
15:04:36,PTBA,RG,4220,1,D,XC,YP,D
15:04:36,PTBA,RG,4220,1,D,XC,YP,D
15:04:36,PTBA,RG,4220,1,D,NI,YP,D
15:04:36,PTBA,RG,4220,5,D,PD,YP,D
15:04:36,PTBA,RG,4220,1,D,CC,YP,D
15:04:36,PTBA,RG,4220,50,D,CC,YP,D
15:04:36,PTBA,RG,4220,25,D,CC,YP,D
15:04:36,PTBA,RG,4220,10,D,LG,YP,D
15:04:36,PTBA,RG,4220,10,D,XC,YP,D
15:04:36,PTBA,RG,4220,1,D,XC,YP,D
15:04:36,PTBA,RG,4220,1,D,XC,YP,D
15:04:36,PTBA,RG,4220,1,D,XC,YP,D
15:04:36,PTBA,RG,4220,10,D,XC,YP,D
15:04:30,PTBA,RG,4220,1,D,XC,ZP,F
15:04:28,PTBA,RG,4220,2,D,XC,ZP,F
15:04:28,PTBA,RG,4220,3,D,XC,YP,D
15:04:21,PTBA,RG,4220,2,D,XC,ZP,F
15:04:21,PTBA,RG,4220,9,D,XC,ZP,F
15:04:17,PTBA,RG,4220,20,D,XC,ZP,F
15:04:17,PTBA,RG,4220,8,D,XC,ZP,F
15:04:17,PTBA,RG,4220,48,D,XC,ZP,F
15:04:17,PTBA,RG,4220,25,D,XC,ZP,F
15:04:17,PTBA,RG,4220,1,D,XC,ZP,F
15:04:17,PTBA,RG,4220,3,D,XC,ZP,F
15:04:17,PTBA,RG,4220,2,D,XC,ZP,F
15:04:17,PTBA,RG,4220,14,D,XC,ZP,F
15:04:17,PTBA,RG,4220,80,D,XC,ZP,F
15:04:17,PTBA,RG,4220,10,D,XC,ZP,F
15:04:17,PTBA,RG,4220,1,D,XC,ZP,F
15:04:17,PTBA,RG,4220,3,D,PD,ZP,F
15:04:17,PTBA,RG,4220,10,D,PD,ZP,F
15:04:17,PTBA,RG,4220,20,D,DR,ZP,F
15:04:17,PTBA,RG,4220,1,D,PD,ZP,F
15:04:17,PTBA,RG,4220,2,D,PD,ZP,F
15:04:17,PTBA,RG,4220,50,D,KK,ZP,F
15:04:17,PTBA,RG,4220,1,D,YP,ZP,F
15:04:17,PTBA,RG,4220,10,D,PD,ZP,F
15:04:17,PTBA,RG,4220,5,D,NI,ZP,F
15:04:17,PTBA,RG,4220,1,D,PD,ZP,F
15:04:17,PTBA,RG,4220,4,D,PD,ZP,F
15:04:17,PTBA,RG,4220,3,D,YP,ZP,F
15:04:17,PTBA,RG,4220,5,D,SQ,ZP,F
15:04:17,PTBA,RG,4220,100,D,NI,ZP,F
15:04:17,PTBA,RG,4220,5,D,YP,ZP,F
15:04:17,PTBA,RG,4220,20,D,DR,ZP,F
15:04:17,PTBA,RG,4220,100,D,YP,ZP,F
15:04:17,PTBA,RG,4220,62,F,YU,ZP,F
15:04:17,PTBA,RG,4220,6,D,XC,ZP,F
15:04:17,PTBA,RG,4220,10,D,NI,ZP,F
15:04:17,PTBA,RG,4220,324,F,CS,ZP,F
15:04:17,PTBA,RG,4220,105,F,CS,ZP,F
15:04:17,PTBA,RG,4220,2014,F,CS,YP,D
15:04:17,PTBA,RG,4220,10,D,XL,YP,D
15:04:17,PTBA,RG,4220,5,D,KK,YP,D
15:04:17,PTBA,RG,4220,2,D,YP,YP,D
15:04:17,PTBA,RG,4220,1,D,XC,YP,D
15:04:17,PTBA,RG,4220,10,D,NI,YP,D
15:04:17,PTBA,RG,4220,100,D,CC,YP,D
15:04:17,PTBA,RG,4220,3,D,YP,YP,D
15:04:17,PTBA,RG,4220,5,D,PD,YP,D
15:04:17,PTBA,RG,4220,15,D,XC,YP,D
15:04:17,PTBA,RG,4220,5,D,CC,YP,D
15:04:17,PTBA,RG,4220,1,D,PD,YP,D
15:04:17,PTBA,RG,4220,10,D,XL,YP,D
15:04:17,PTBA,RG,4220,20,D,CC,YP,D
15:04:17,PTBA,RG,4220,100,D,CP,YP,D
15:04:17,PTBA,RG,4220,50,D,YP,YP,D
15:04:17,PTBA,RG,4220,1,D,NI,YP,D
15:04:17,PTBA,RG,4220,10,D,YP,YP,D
15:04:17,PTBA,RG,4220,100,D,YP,YP,D
15:04:17,PTBA,RG,4220,10,D,PD,YP,D
15:04:17,PTBA,RG,4220,28,D,CC,YP,D
15:04:10,PTBA,RG,4220,1,D,CC,ZP,F
15:04:09,PTBA,RG,4220,3,D,CC,ZP,F
15:04:09,PTBA,RG,4220,9,D,CC,ZP,F
15:04:09,PTBA,RG,4220,30,D,CC,ZP,F
15:04:09,PTBA,RG,4220,100,D,CC,YP,D
15:03:30,PTBA,RG,4220,1,D,CC,ZP,F
15:03:30,PTBA,RG,4220,3,D,CC,ZP,F
15:03:30,PTBA,RG,4220,9,D,CC,ZP,F
15:03:30,PTBA,RG,4220,30,D,CC,ZP,F
15:03:30,PTBA,RG,4220,100,D,CC,YU,D
15:03:20,PTBA,RG,4220,1,D,CC,ZP,F
15:03:20,PTBA,RG,4220,2,D,CC,YP,D
15:03:19,PTBA,RG,4220,2,D,CC,ZP,F
15:03:19,PTBA,RG,4220,6,D,CC,YP,D
15:03:09,PTBA,RG,4220,1,D,CC,ZP,F
15:03:08,PTBA,RG,4220,1,D,CC,ZP,F
15:03:08,PTBA,RG,4220,3,D,CC,YP,D
15:03:05,PTBA,RG,4220,3,D,CC,ZP,F
15:03:05,PTBA,RG,4220,7,D,CC,YP,D
15:02:55,PTBA,RG,4220,1,D,CC,ZP,F
15:02:55,PTBA,RG,4220,4,D,CC,XC,D
15:02:33,PTBA,RG,4220,1,D,CC,ZP,F
15:02:33,PTBA,RG,4220,3,D,CC,ZP,F
15:02:33,PTBA,RG,4220,9,D,CC,ZP,F
15:02:33,PTBA,RG,4220,30,D,CC,ZP,F
15:02:32,PTBA,RG,4220,100,D,CC,KK,D
15:02:31,PTBA,RG,4220,2,D,CC,ZP,F
15:02:31,PTBA,RG,4220,4,D,CC,ZP,F
15:02:31,PTBA,RG,4220,6,D,CC,ZP,F
15:02:31,PTBA,RG,4220,2,D,YP,ZP,F
15:02:31,PTBA,RG,4220,1,D,PD,ZP,F
15:02:31,PTBA,RG,4220,7,D,KK,ZP,F
15:02:30,PTBA,RG,4220,13,D,KK,YP,D
15:02:30,PTBA,RG,4220,1,D,PD,YP,D
15:02:30,PTBA,RG,4220,2,D,XC,YP,D
15:02:30,PTBA,RG,4220,1,D,PD,YP,D
15:02:30,PTBA,RG,4220,20,D,RO,YP,D
15:02:30,PTBA,RG,4220,13,D,PD,YP,D
15:02:29,PTBA,RG,4220,1,D,PD,ZP,F
15:02:29,PTBA,RG,4220,5,D,PD,ZP,F
15:02:29,PTBA,RG,4220,15,D,PD,YP,D
15:02:10,PTBA,RG,4220,1,D,PD,ZP,F
15:02:09,PTBA,RG,4220,4,D,PD,PD,D
15:01:51,PTBA,RG,4220,11,D,PD,YP,D
15:01:51,PTBA,RG,4220,1,D,XC,YP,D
15:01:51,PTBA,RG,4220,2,D,NI,YP,D
15:01:51,PTBA,RG,4220,25,D,PD,YP,D
15:01:51,PTBA,RG,4220,3,D,NI,YP,D
15:01:51,PTBA,RG,4220,1,D,XC,YP,D
15:01:51,PTBA,RG,4220,7,D,XC,YP,D
15:01:51,PTBA,RG,4220,50,F,YU,YP,D
15:01:43,PTBA,RG,4220,3,F,YU,OD,D
15:01:39,PTBA,RG,4220,2,F,YU,PD,D
15:01:31,PTBA,RG,4220,15,F,YU,KK,D
15:01:23,PTBA,RG,4220,38,F,YU,ZP,F
15:01:23,PTBA,RG,4220,126,F,YU,AZ,D
15:01:14,PTBA,RG,4220,2,F,YU,ZP,F
15:01:12,PTBA,RG,4220,6,F,YU,ZP,F
15:01:12,PTBA,RG,4220,13,F,YU,ZP,F
15:01:12,PTBA,RG,4220,7,F,YU,YP,D
15:01:09,PTBA,RG,4220,2,F,YU,ZP,F
15:01:09,PTBA,RG,4220,40,F,YU,ZP,F
15:01:00,PTBA,RG,4220,5,F,YU,YP,D
15:01:00,PTBA,RG,4220,3,F,YU,XC,D
15:00:00,PTBA,RG,4220,2,F,YU,KK,D
15:00:00,PTBA,RG,4220,20,F,YU,DR,D
15:00:00,PTBA,RG,4220,23,F,YU,YP,D
15:00:00,PTBA,RG,4220,15,F,YU,CC,D
15:00:00,PTBA,RG,4220,11,F,YU,YP,D
15:00:00,PTBA,RG,4220,4,F,YU,XC,D
15:00:00,PTBA,RG,4220,3,F,YU,NI,D
15:00:00,PTBA,RG,4220,17,F,YU,YP,D
15:00:00,PTBA,RG,4220,140,F,YU,YP,D
15:00:00,PTBA,RG,4220,1,F,YU,CC,D
15:00:00,PTBA,RG,4220,192,F,YU,OD,D
15:00:00,PTBA,RG,4220,30,F,YU,GR,D
15:00:00,PTBA,RG,4220,2,F,YU,PD,D
15:00:00,PTBA,RG,4220,4,F,YU,YP,D
15:00:00,PTBA,RG,4220,15,F,YU,YU,D
15:00:00,PTBA,RG,4220,5,F,YU,YB,D
15:00:00,PTBA,RG,4220,18,F,YU,EP,D
15:00:00,PTBA,RG,4220,10,F,YU,YP,D
15:00:00,PTBA,RG,4220,10,F,YU,GR,D
15:00:00,PTBA,RG,4220,3,F,YU,XC,D
15:00:00,PTBA,RG,4220,5,F,YU,DX,D
15:00:00,PTBA,RG,4220,5,F,YU,PD,D
15:00:00,PTBA,RG,4220,30,F,YU,YP,D
15:00:00,PTBA,RG,4220,222,F,YU,CC,D
15:00:00,PTBA,RG,4220,1,D,PD,CC,D
15:00:00,PTBA,RG,4220,21,D,SQ,CC,D
15:00:00,PTBA,RG,4220,2,D,CC,CC,D
15:00:00,PTBA,RG,4220,25,D,XC,CC,D
15:00:00,PTBA,RG,4220,10,D,KK,CC,D
15:00:00,PTBA,RG,4220,10,D,CC,CC,D
15:00:00,PTBA,RG,4220,10,D,PD,CC,D
15:00:00,PTBA,RG,4220,5,D,XC,CC,D
15:00:00,PTBA,RG,4220,20,D,DR,CC,D
15:00:00,PTBA,RG,4220,1,D,XC,CC,D
15:00:00,PTBA,RG,4220,2,D,XC,CC,D
15:00:00,PTBA,RG,4220,1,D,XC,CC,D
15:00:00,PTBA,RG,4220,20,D,RO,CC,D
15:00:00,PTBA,RG,4220,1,D,YP,PD,D
15:00:00,PTBA,RG,4220,1,D,YP,NI,D
15:00:00,PTBA,RG,4220,2,D,YP,NI,D
15:00:00,PTBA,RG,4220,2,D,YP,YP,D
15:00:00,PTBA,RG,4220,14,D,YP,CC,D
15:00:00,PTBA,RG,4220,7,D,YP,YP,D
15:00:00,PTBA,RG,4220,2,D,PD,YP,D
15:00:00,PTBA,RG,4220,100,D,PD,YP,D
15:00:00,PTBA,RG,4220,20,D,SQ,YP,D
15:00:00,PTBA,RG,4220,1,D,PD,YP,D
15:00:00,PTBA,RG,4220,50,D,CC,YP,D
15:00:00,PTBA,RG,4220,5,D,XC,YP,D
15:00:00,PTBA,RG,4220,3,D,CC,YP,D
15:00:00,PTBA,RG,4220,25,D,CC,YP,D
15:00:00,PTBA,RG,4220,5,D,NI,YP,D
15:00:00,PTBA,RG,4220,10,D,NI,YP,D
15:00:00,PTBA,RG,4220,1,D,OD,YP,D
15:00:00,PTBA,RG,4220,1,D,KK,YP,D
15:00:00,PTBA,RG,4220,120,D,YP,YP,D
15:00:00,PTBA,RG,4220,23,D,YP,YP,D
15:00:00,PTBA,RG,4220,3,D,PD,YP,D
15:00:00,PTBA,RG,4220,5,D,YB,YP,D
15:00:00,PTBA,RG,4220,5,D,SQ,YP,D
15:00:00,PTBA,RG,4220,20,D,DH,CC,D
15:00:00,PTBA,RG,4220,1,D,DH,PD,D
15:00:00,PTBA,RG,4220,1,D,PD,PD,D
15:00:00,PTBA,RG,4220,4,D,GR,PD,D
15:00:00,PTBA,RG,4220,6,D,GR,YP,D
15:00:00,PTBA,RG,4220,4,D,XC,YP,D
15:00:00,PTBA,RG,4220,6,D,XC,YP,D
15:00:00,PTBA,RG,4220,3,D,YP,YP,D
15:00:00,PTBA,RG,4220,10,D,CC,YP,D
15:00:00,PTBA,RG,4220,29,D,AI,YP,D
15:00:00,PTBA,RG,4220,24,D,AI,AZ,D
15:00:00,PTBA,RG,4220,47,D,AI,AZ,D
15:00:00,PTBA,RG,4220,1,D,XC,AZ,D
15:00:00,PTBA,RG,4220,5,D,KK,AZ,D
15:00:00,PTBA,RG,4220,3,D,XL,AZ,D
15:00:00,PTBA,RG,4220,200,D,PD,AZ,D
15:00:00,PTBA,RG,4220,25,D,CC,AZ,D
15:00:00,PTBA,RG,4220,5,D,AZ,AZ,D
15:00:00,PTBA,RG,4220,10,D,DH,AZ,D
15:00:00,PTBA,RG,4220,3,D,XC,AZ,D
15:00:00,PTBA,RG,4220,5,D,YP,AZ,D
15:00:00,PTBA,RG,4220,11,D,YP,AZ,D
15:00:00,PTBA,RG,4220,119,D,PD,AZ,D
15:00:00,PTBA,RG,4220,62,D,DR,AZ,D
15:00:00,PTBA,RG,4220,38,D,DR,AZ,D
15:00:00,PTBA,RG,4220,2,D,XC,AZ,D
15:00:00,PTBA,RG,4220,60,D,PD,AZ,D
15:00:00,PTBA,RG,4220,1,D,XC,AZ,D
15:00:00,PTBA,RG,4220,10,D,DH,AZ,D
15:00:00,PTBA,RG,4220,1,D,OD,AZ,D
15:00:00,PTBA,RG,4220,1,D,XC,AZ,D
15:00:00,PTBA,RG,4220,3,D,KK,AZ,D
15:00:00,PTBA,RG,4220,1,D,YP,AZ,D
15:00:00,PTBA,RG,4220,3,D,XC,AZ,D
15:00:00,PTBA,RG,4220,3,D,XC,AZ,D
15:00:00,PTBA,RG,4220,1,D,DH,AZ,D
15:00:00,PTBA,RG,4220,12,D,NI,AZ,D
15:00:00,PTBA,RG,4220,5,D,YP,AZ,D
15:00:00,PTBA,RG,4220,3,D,YP,AZ,D
15:00:00,PTBA,RG,4220,4,D,HP,AZ,D
15:00:00,PTBA,RG,4220,17,D,XC,AZ,D
15:00:00,PTBA,RG,4220,1,D,CC,AZ,D
15:00:00,PTBA,RG,4220,20,D,YP,AZ,D
15:00:00,PTBA,RG,4220,2,D,YP,AZ,D
15:00:00,PTBA,RG,4220,1,D,PD,AZ,D
15:00:00,PTBA,RG,4220,5,D,YP,AZ,D
15:00:00,PTBA,RG,4220,2,D,PD,AZ,D
15:00:00,PTBA,RG,4220,3,D,NI,AZ,D
15:00:00,PTBA,RG,4220,4,D,PD,AZ,D
15:00:00,PTBA,RG,4220,3,D,NI,AZ,D
15:00:00,PTBA,RG,4220,1,D,XC,AZ,D
15:00:00,PTBA,RG,4220,2,D,XC,AZ,D
15:00:00,PTBA,RG,4220,2,D,DR,AZ,D
15:00:00,PTBA,RG,4220,2,D,GR,AZ,D
15:00:00,PTBA,RG,4220,3,D,PD,AZ,D
15:00:00,PTBA,RG,4220,17,D,YP,AZ,D
15:00:00,PTBA,RG,4220,80,D,YP,AZ,D
15:00:00,PTBA,RG,4220,1,D,XL,AZ,D
15:00:00,PTBA,RG,4220,20,D,DH,AZ,D
15:00:00,PTBA,RG,4220,7,D,NI,AZ,D
15:00:00,PTBA,RG,4220,3,D,XC,AZ,D
15:00:00,PTBA,RG,4220,50,D,TP,AZ,D
15:00:00,PTBA,RG,4220,10,D,YU,AZ,D
15:00:00,PTBA,RG,4220,1,D,PD,AZ,D
15:00:00,PTBA,RG,4220,245,F,YU,AZ,D
15:00:00,PTBA,RG,4220,191,F,YU,AZ,D
15:00:00,PTBA,RG,4220,1,D,PD,AZ,D
15:00:00,PTBA,RG,4220,15,D,YP,AZ,D
15:00:00,PTBA,RG,4220,5,D,PD,AZ,D
15:00:00,PTBA,RG,4220,9,D,YP,AZ,D
15:00:00,PTBA,RG,4220,7,D,EP,AZ,D
15:00:00,PTBA,RG,4220,1,D,YP,AZ,D
15:00:00,PTBA,RG,4220,2,D,PD,AZ,D
15:00:00,PTBA,RG,4220,1,D,PD,AZ,D
15:00:00,PTBA,RG,4220,10,D,KI,AZ,D
15:00:00,PTBA,RG,4220,1,D,KK,AZ,D
15:00:00,PTBA,RG,4220,20,D,RB,AZ,D
15:00:00,PTBA,RG,4220,1,D,XC,AZ,D
15:00:00,PTBA,RG,4220,1,D,XL,AZ,D
15:00:00,PTBA,RG,4220,118,D,OD,AZ,D
15:00:00,PTBA,RG,4220,1,D,PD,AZ,D
15:00:00,PTBA,RG,4220,64,D,SQ,AZ,D
15:00:00,PTBA,RG,4220,306,D,SQ,AZ,D
15:00:00,PTBA,RG,4220,130,D,SQ,AZ,D
15:00:00,PTBA,RG,4220,48,D,XC,AZ,D
15:00:00,PTBA,RG,4220,6,D,YP,AZ,D
15:00:00,PTBA,RG,4220,10,D,DH,AZ,D
15:00:00,PTBA,RG,4220,1,D,CC,AZ,D
15:00:00,PTBA,RG,4220,10,D,PD,AZ,D
15:00:00,PTBA,RG,4220,1,D,PD,AZ,D
15:00:00,PTBA,RG,4220,3,D,XL,AZ,D
15:00:00,PTBA,RG,4220,5,D,DR,AZ,D
15:00:00,PTBA,RG,4220,4,D,XC,AZ,D
15:00:00,PTBA,RG,4220,20,D,YP,AZ,D
15:00:00,PTBA,RG,4220,2,D,YP,AZ,D
15:00:00,PTBA,RG,4220,1,D,YP,AZ,D
15:00:00,PTBA,RG,4220,2,D,OD,AZ,D
15:00:00,PTBA,RG,4220,1,D,PD,AZ,D
15:00:00,PTBA,RG,4220,47,D,YP,AZ,D
15:00:00,PTBA,RG,4220,20,D,YP,AZ,D
15:00:00,PTBA,RG,4220,116,D,XL,AZ,D
15:00:00,PTBA,RG,4220,453,D,XL,AZ,D
15:00:00,PTBA,RG,4220,162,D,XL,AZ,D
15:00:00,PTBA,RG,4220,455,D,XL,AZ,D
15:00:00,PTBA,RG,4220,19,D,XL,AZ,D
15:00:00,PTBA,RG,4220,5,D,YP,AZ,D
15:00:00,PTBA,RG,4220,4,D,YP,AZ,D
15:00:00,PTBA,RG,4220,3,D,PD,AZ,D
15:00:00,PTBA,RG,4220,15,D,PD,AZ,D
15:00:00,PTBA,RG,4220,1,D,HP,AZ,D
15:00:00,PTBA,RG,4220,1,D,PD,AZ,D
15:00:00,PTBA,RG,4220,100,D,YP,AZ,D
15:00:00,PTBA,RG,4220,47,D,CP,AZ,D
15:00:00,PTBA,RG,4220,478,D,CP,AZ,D
15:00:00,PTBA,RG,4220,475,D,CP,AZ,D
15:00:00,PTBA,RG,4220,1,D,SQ,AZ,D
15:00:00,PTBA,RG,4220,1,D,CC,AZ,D
15:00:00,PTBA,RG,4220,10,D,YP,AZ,D
15:00:00,PTBA,RG,4220,8,D,CC,AZ,D
15:00:00,PTBA,RG,4220,42,D,CC,AZ,D
15:00:00,PTBA,RG,4220,5,D,YP,AZ,D
15:00:00,PTBA,RG,4220,1,D,XC,AZ,D
15:00:00,PTBA,RG,4220,15,D,PD,AZ,D
15:00:00,PTBA,RG,4220,5,D,NI,AZ,D
15:00:00,PTBA,RG,4220,3,D,LS,AZ,D
15:00:00,PTBA,RG,4220,2,D,DH,AZ,D
15:00:00,PTBA,RG,4220,8,D,XL,AZ,D
15:00:00,PTBA,RG,4220,1,D,PD,AZ,D
15:00:00,PTBA,RG,4220,3,D,PD,AZ,D
15:00:00,PTBA,RG,4220,1,D,XC,AZ,D
15:00:00,PTBA,RG,4220,10,D,LS,AZ,D
15:00:00,PTBA,RG,4220,5,D,SQ,AZ,D
15:00:00,PTBA,RG,4220,1,D,YP,AZ,D
15:00:00,PTBA,RG,4220,10,D,PD,AZ,D
15:00:00,PTBA,RG,4220,10,D,XC,AZ,D
15:00:00,PTBA,RG,4220,100,D,KK,AZ,D
15:00:00,PTBA,RG,4220,1,D,XC,AZ,D
15:00:00,PTBA,RG,4220,1,D,YP,AZ,D
15:00:00,PTBA,RG,4220,1,D,XC,AZ,D
15:00:00,PTBA,RG,4220,6,D,CP,AZ,D
15:00:00,PTBA,RG,4220,54,D,CP,AZ,D
15:00:00,PTBA,RG,4220,214,D,CP,AZ,D
15:00:00,PTBA,RG,4220,26,D,CP,AZ,D
15:00:00,PTBA,RG,4220,15,D,NI,AZ,D
15:00:00,PTBA,RG,4220,1,D,CC,AZ,D
15:00:00,PTBA,RG,4220,7,D,YP,AZ,D
15:00:00,PTBA,RG,4220,140,D,ZR,AZ,D
15:00:00,PTBA,RG,4220,2,D,PD,AZ,D
15:00:00,PTBA,RG,4220,5,D,PD,AZ,D
15:00:00,PTBA,RG,4220,2,D,XC,AZ,D
15:00:00,PTBA,RG,4220,10,D,YP,AZ,D
15:00:00,PTBA,RG,4220,1,D,CC,AZ,D
15:00:00,PTBA,RG,4220,1,D,LG,AZ,D
15:00:00,PTBA,RG,4220,5,D,CC,AZ,D
15:00:00,PTBA,RG,4220,7,D,NI,AZ,D
15:00:00,PTBA,RG,4220,1,D,XC,AZ,D
15:00:00,PTBA,RG,4220,4,D,XC,AZ,D
15:00:00,PTBA,RG,4220,20,D,SQ,AZ,D
15:00:00,PTBA,RG,4220,3,D,PD,AZ,D
15:00:00,PTBA,RG,4220,3,D,KK,AZ,D
15:00:00,PTBA,RG,4220,5,D,XC,AZ,D
15:00:00,PTBA,RG,4220,1,D,GR,AZ,D
15:00:00,PTBA,RG,4220,2,D,XC,AZ,D
15:00:00,PTBA,RG,4220,25,D,PD,AZ,D
15:00:00,PTBA,RG,4220,2,D,NI,AZ,D
15:00:00,PTBA,RG,4220,50,D,DR,AZ,D
15:00:00,PTBA,RG,4220,3,D,XC,AZ,D
15:00:00,PTBA,RG,4220,23,D,PD,AZ,D
15:00:00,PTBA,RG,4220,12,D,YP,AZ,D
15:00:00,PTBA,RG,4220,2,D,DR,AZ,D
15:00:00,PTBA,RG,4220,10,D,KK,AZ,D
15:00:00,PTBA,RG,4220,10,D,KK,AZ,D
15:00:00,PTBA,RG,4220,1,D,YP,AZ,D
15:00:00,PTBA,RG,4220,60,D,YP,AZ,D
15:00:00,PTBA,RG,4220,1,D,AI,AZ,D
15:00:00,PTBA,RG,4220,50,D,DR,AZ,D
15:00:00,PTBA,RG,4220,5,D,YP,AZ,D
15:00:00,PTBA,RG,4220,1,D,DR,AZ,D
15:00:00,PTBA,RG,4220,1,D,GR,AZ,D
15:00:00,PTBA,RG,4220,2,D,NI,AZ,D
15:00:00,PTBA,RG,4220,1,D,PD,AZ,D
15:00:00,PTBA,RG,4220,1,D,PD,AZ,D
15:00:00,PTBA,RG,4220,5,D,SQ,AZ,D
15:00:00,PTBA,RG,4220,5,D,CC,AZ,D
15:00:00,PTBA,RG,4220,5,D,TP,AZ,D
15:00:00,PTBA,RG,4220,5,D,KK,AZ,D
15:00:00,PTBA,RG,4220,135,D,YP,AZ,D
15:00:00,PTBA,RG,4220,115,D,YP,AZ,D
15:00:00,PTBA,RG,4220,200,D,PD,AZ,D
15:00:00,PTBA,RG,4220,10,D,NI,AZ,D
15:00:00,PTBA,RG,4220,10,D,PD,AZ,D
15:00:00,PTBA,RG,4220,5,D,NI,AZ,D
15:00:00,PTBA,RG,4220,5,D,NI,AZ,D
15:00:00,PTBA,RG,4220,10,D,PD,AZ,D
15:00:00,PTBA,RG,4220,1,D,NI,AZ,D
15:00:00,PTBA,RG,4220,10,D,CC,AZ,D
15:00:00,PTBA,RG,4220,5,D,EP,AZ,D
15:00:00,PTBA,RG,4220,5,D,SQ,AZ,D
15:00:00,PTBA,RG,4220,1,D,PD,AZ,D
15:00:00,PTBA,RG,4220,89,D,PD,AZ,D
15:00:00,PTBA,RG,4220,11,D,PD,AZ,D
15:00:00,PTBA,RG,4220,16,D,EP,AZ,D
15:00:00,PTBA,RG,4220,50,D,DH,AZ,D
15:00:00,PTBA,RG,4220,10,D,PD,AZ,D
15:00:00,PTBA,RG,4220,1,D,PD,AZ,D
15:00:00,PTBA,RG,4220,5,D,PD,AZ,D
15:00:00,PTBA,RG,4220,200,D,XL,AZ,D
15:00:00,PTBA,RG,4220,3,D,XC,AZ,D
15:00:00,PTBA,RG,4220,178,D,XL,AZ,D
15:00:00,PTBA,RG,4220,296,D,XL,AZ,D
15:00:00,PTBA,RG,4220,1,D,XC,AZ,D
15:00:00,PTBA,RG,4220,3,D,PD,AZ,D
15:00:00,PTBA,RG,4220,10,D,YP,AZ,D
15:00:00,PTBA,RG,4220,25,D,PD,AZ,D
15:00:00,PTBA,RG,4220,10,D,PD,AZ,D
15:00:00,PTBA,RG,4220,50,D,CC,AZ,D
15:00:00,PTBA,RG,4220,12,D,PD,AZ,D
15:00:00,PTBA,RG,4220,68,D,YP,AZ,D
15:00:00,PTBA,RG,4220,32,D,YP,AZ,D
15:00:00,PTBA,RG,4220,100,D,CC,AZ,D
15:00:00,PTBA,RG,4220,3,D,YP,AZ,D
15:00:00,PTBA,RG,4220,10,D,XC,AZ,D
15:00:00,PTBA,RG,4220,10,D,XC,AZ,D
15:00:00,PTBA,RG,4220,3,D,PD,AZ,D
15:00:00,PTBA,RG,4220,10,D,NI,AZ,D
15:00:00,PTBA,RG,4220,1,D,SQ,AZ,D
15:00:00,PTBA,RG,4220,3,D,PD,AZ,D
15:00:00,PTBA,RG,4220,3,D,PD,AZ,D
15:00:00,PTBA,RG,4220,1,D,PD,AZ,D
15:00:00,PTBA,RG,4220,50,D,PD,AZ,D
15:00:00,PTBA,RG,4220,35,D,YP,AZ,D
15:00:00,PTBA,RG,4220,1,D,XC,AZ,D
15:00:00,PTBA,RG,4220,3,D,AT,AZ,D
15:00:00,PTBA,RG,4220,42,D,GR,AZ,D
15:00:00,PTBA,RG,4220,8,D,GR,AZ,D
15:00:00,PTBA,RG,4220,1,D,PD,AZ,D
15:00:00,PTBA,RG,4220,1,D,XC,AZ,D
15:00:00,PTBA,RG,4220,1,D,CC,AZ,D
15:00:00,PTBA,RG,4220,15,D,AR,AZ,D
15:00:00,PTBA,RG,4220,5,D,PD,AZ,D
15:00:00,PTBA,RG,4220,2,D,XL,AZ,D
15:00:00,PTBA,RG,4220,1,D,PD,AZ,D
15:00:00,PTBA,RG,4220,1,D,BQ,AZ,D
15:00:00,PTBA,RG,4220,10,D,YU,AZ,D
15:00:00,PTBA,RG,4220,1,D,YP,AZ,D
15:00:00,PTBA,RG,4220,2,D,YP,AZ,D
15:00:00,PTBA,RG,4220,9,D,PD,AZ,D
15:00:00,PTBA,RG,4220,120,D,GR,AZ,D
15:00:00,PTBA,RG,4220,80,D,GR,AZ,D
15:00:00,PTBA,RG,4220,1,D,GR,AZ,D
15:00:00,PTBA,RG,4220,5,D,SQ,AZ,D
15:00:00,PTBA,RG,4220,10,D,GR,AZ,D
15:00:00,PTBA,RG,4220,20,D,YP,AZ,D
15:00:00,PTBA,RG,4220,2,D,XC,AZ,D
15:00:00,PTBA,RG,4220,5,D,DH,AZ,D
15:00:00,PTBA,RG,4220,10,D,YP,AZ,D
15:00:00,PTBA,RG,4220,50,D,NI,AZ,D
15:00:00,PTBA,RG,4220,2,D,YP,AZ,D
15:00:00,PTBA,RG,4220,1,D,XA,AZ,D
15:00:00,PTBA,RG,4220,1,D,XA,AZ,D
15:00:00,PTBA,RG,4220,3,D,YP,AZ,D
15:00:00,PTBA,RG,4220,2,D,PD,AZ,D
15:00:00,PTBA,RG,4220,5,D,NI,AZ,D
15:00:00,PTBA,RG,4220,2,D,NI,AZ,D
15:00:00,PTBA,RG,4220,1,D,XC,AZ,D
15:00:00,PTBA,RG,4220,1,D,PD,AZ,D
15:00:00,PTBA,RG,4220,2,D,CC,AZ,D
15:00:00,PTBA,RG,4220,1,D,XC,AZ,D
15:00:00,PTBA,RG,4220,2,D,PD,AZ,D
15:00:00,PTBA,RG,4220,50,D,GR,AZ,D
15:00:00,PTBA,RG,4220,1,D,XC,AZ,D
15:00:00,PTBA,RG,4220,2,D,YP,AZ,D
15:00:00,PTBA,RG,4220,3,D,NI,AZ,D
15:00:00,PTBA,RG,4220,1,D,XC,AZ,D
15:00:00,PTBA,RG,4220,10,D,YP,AZ,D
15:00:00,PTBA,RG,4220,10,D,XC,AZ,D
15:00:00,PTBA,RG,4220,19,D,CC,AZ,D
15:00:00,PTBA,RG,4220,6,D,CC,AZ,D
15:00:00,PTBA,RG,4220,6,D,KK,AZ,D
15:00:00,PTBA,RG,4220,1,D,XC,AZ,D
15:00:00,PTBA,RG,4220,1,D,CC,AZ,D
15:00:00,PTBA,RG,4220,50,D,PD,AZ,D
15:00:00,PTBA,RG,4220,1,D,PD,AZ,D
15:00:00,PTBA,RG,4220,10,D,YP,AZ,D
15:00:00,PTBA,RG,4220,8,D,XL,AZ,D
15:00:00,PTBA,RG,4220,18,D,YP,AZ,D
15:00:00,PTBA,RG,4220,2,D,YP,AZ,D
15:00:00,PTBA,RG,4220,1,D,PD,AZ,D
15:00:00,PTBA,RG,4220,1,D,PD,AZ,D
15:00:00,PTBA,RG,4220,1,D,XC,AZ,D
15:00:00,PTBA,RG,4220,1,D,XL,AZ,D
15:00:00,PTBA,RG,4220,10,D,XC,AZ,D
15:00:00,PTBA,RG,4220,20,D,CC,AZ,D
15:00:00,PTBA,RG,4220,1,D,YP,AZ,D
15:00:00,PTBA,RG,4220,2,D,YP,AZ,D
15:00:00,PTBA,RG,4220,10,D,YP,AZ,D
15:00:00,PTBA,RG,4220,25,D,YU,AZ,D
15:00:00,PTBA,RG,4220,4,D,XC,AZ,D
15:00:00,PTBA,RG,4220,1,D,PD,AZ,D
15:00:00,PTBA,RG,4220,2,D,PD,AZ,D
15:00:00,PTBA,RG,4220,239,D,DH,AZ,D
15:00:00,PTBA,RG,4220,30,D,DH,AZ,D
15:00:00,PTBA,RG,4220,122,D,DH,AZ,D
15:00:00,PTBA,RG,4220,70,D,DH,AZ,D
15:00:00,PTBA,RG,4220,39,D,DH,AZ,D
15:00:00,PTBA,RG,4220,1,D,PD,AZ,D
15:00:00,PTBA,RG,4220,4,D,XC,AZ,D
15:00:00,PTBA,RG,4220,2,D,NI,AZ,D
15:00:00,PTBA,RG,4220,6,D,PD,AZ,D
15:00:00,PTBA,RG,4220,6,D,PD,AZ,D
15:00:00,PTBA,RG,4220,5,D,YP,AZ,D
15:00:00,PTBA,RG,4220,6,D,CC,AZ,D
15:00:00,PTBA,RG,4220,1,D,XL,AZ,D
15:00:00,PTBA,RG,4220,1,D,NI,AZ,D
15:00:00,PTBA,RG,4220,10,D,YP,AZ,D
15:00:00,PTBA,RG,4220,10,D,XL,AZ,D
15:00:00,PTBA,RG,4220,5,D,AT,AZ,D
15:00:00,PTBA,RG,4220,1,D,PD,AZ,D
15:00:00,PTBA,RG,4220,1,D,YU,AZ,D
15:00:00,PTBA,RG,4220,17,D,YU,AZ,D
15:00:00,PTBA,RG,4220,33,D,YU,AZ,D
15:00:00,PTBA,RG,4220,2,D,XC,AZ,D
15:00:00,PTBA,RG,4220,1,D,YP,AZ,D
15:00:00,PTBA,RG,4220,5,D,XL,AZ,D
15:00:00,PTBA,RG,4220,20,D,DR,AZ,D
15:00:00,PTBA,RG,4220,1,D,PD,AZ,D
15:00:00,PTBA,RG,4220,1,D,YP,AZ,D
15:00:00,PTBA,RG,4220,2,D,BQ,AZ,D
15:00:00,PTBA,RG,4220,1,D,XC,AZ,D
15:00:00,PTBA,RG,4220,5,D,XC,AZ,D
15:00:00,PTBA,RG,4220,1,D,NI,AZ,D
15:00:00,PTBA,RG,4220,3,D,XL,AZ,D
15:00:00,PTBA,RG,4220,23,D,DR,AZ,D
15:00:00,PTBA,RG,4220,20,D,YU,AZ,D
15:00:00,PTBA,RG,4220,5,D,YP,AZ,D
15:00:00,PTBA,RG,4220,1,D,PD,AZ,D
15:00:00,PTBA,RG,4220,5,D,PD,AZ,D
15:00:00,PTBA,RG,4220,14,D,AZ,AZ,D
15:00:00,PTBA,RG,4220,185,D,OD,AZ,D
15:00:00,PTBA,RG,4220,15,D,OD,AZ,D
15:00:00,PTBA,RG,4220,2,D,XL,AZ,D
15:00:00,PTBA,RG,4220,10,D,NI,AZ,D
15:00:00,PTBA,RG,4220,1,D,PD,AZ,D
15:00:00,PTBA,RG,4220,1,D,XL,AZ,D
15:00:00,PTBA,RG,4220,2,D,KK,AZ,D
15:00:00,PTBA,RG,4220,1,D,NI,AZ,D
15:00:00,PTBA,RG,4220,6,D,PD,AZ,D
15:00:00,PTBA,RG,4220,1,D,XC,AZ,D
15:00:00,PTBA,RG,4220,1,D,XC,AZ,D
15:00:00,PTBA,RG,4220,2,D,PD,AZ,D
15:00:00,PTBA,RG,4220,2,D,CC,AZ,D
15:00:00,PTBA,RG,4220,1,D,KK,AZ,D
15:00:00,PTBA,RG,4220,25,D,PD,AZ,D
15:00:00,PTBA,RG,4220,2,D,OD,AZ,D
15:00:00,PTBA,RG,4220,150,D,PD,AZ,D
15:00:00,PTBA,RG,4220,1,D,OD,AZ,D
15:00:00,PTBA,RG,4220,4,D,PD,AZ,D
15:00:00,PTBA,RG,4220,1,D,PD,AZ,D
15:00:00,PTBA,RG,4220,5,D,YP,AZ,D
15:00:00,PTBA,RG,4220,1,D,KK,AZ,D
15:00:00,PTBA,RG,4220,1,D,XL,AZ,D
15:00:00,PTBA,RG,4220,1,D,XC,AZ,D
15:00:00,PTBA,RG,4220,2,D,PD,AZ,D
15:00:00,PTBA,RG,4220,2,D,YP,AZ,D
15:00:00,PTBA,RG,4220,1,D,XL,AZ,D
15:00:00,PTBA,RG,4220,2,D,XC,AZ,D
15:00:00,PTBA,RG,4220,3,D,PD,AZ,D
15:00:00,PTBA,RG,4220,1,D,XC,AZ,D
15:00:00,PTBA,RG,4220,1,D,XC,AZ,D
15:00:00,PTBA,RG,4220,1,D,PD,AZ,D
15:00:00,PTBA,RG,4220,5,D,KK,AZ,D
15:00:00,PTBA,RG,4220,10,D,SQ,AZ,D
15:00:00,PTBA,RG,4220,1,D,IF,AZ,D
15:00:00,PTBA,RG,4220,1,D,KK,AZ,D
15:00:00,PTBA,RG,4220,5,D,NI,AZ,D
15:00:00,PTBA,RG,4220,1,D,YP,AZ,D
15:00:00,PTBA,RG,4220,75,D,YP,AZ,D
15:00:00,PTBA,RG,4220,1,D,YB,AZ,D
15:00:00,PTBA,RG,4220,5,D,PD,AZ,D
15:00:00,PTBA,RG,4220,10,D,YB,AZ,D
15:00:00,PTBA,RG,4220,3,D,NI,AZ,D
15:00:00,PTBA,RG,4220,2,D,PD,AZ,D
15:00:00,PTBA,RG,4220,1,D,YU,AZ,D
15:00:00,PTBA,RG,4220,3,D,SQ,AZ,D
15:00:00,PTBA,RG,4220,2,D,YP,AZ,D
15:00:00,PTBA,RG,4220,1,D,NI,AZ,D
15:00:00,PTBA,RG,4220,24,D,NI,AZ,D
15:00:00,PTBA,RG,4220,47,D,YP,AZ,D
15:00:00,PTBA,RG,4220,3,D,YP,AZ,D
15:00:00,PTBA,RG,4220,5,D,PD,AZ,D
15:00:00,PTBA,RG,4220,18,D,YP,AZ,D
15:00:00,PTBA,RG,4220,3,D,PD,AZ,D
15:00:00,PTBA,RG,4220,100,D,CC,AZ,D
15:00:00,PTBA,RG,4220,25,D,PD,AZ,D
15:00:00,PTBA,RG,4220,10,D,GR,AZ,D
15:00:00,PTBA,RG,4220,2,D,XC,AZ,D
15:00:00,PTBA,RG,4220,1,D,XL,AZ,D
15:00:00,PTBA,RG,4220,50,D,XC,AZ,D
15:00:00,PTBA,RG,4220,20,D,PD,AZ,D
15:00:00,PTBA,RG,4220,10,D,CC,AZ,D
15:00:00,PTBA,RG,4220,2,D,ZP,AZ,D
15:00:00,PTBA,RG,4220,25,D,CC,AZ,D
15:00:00,PTBA,RG,4220,1,D,PD,AZ,D
15:00:00,PTBA,RG,4220,1,D,PD,AZ,D
15:00:00,PTBA,RG,4220,3,D,XL,AZ,D
15:00:00,PTBA,RG,4220,10,D,NI,AZ,D
15:00:00,PTBA,RG,4220,1,D,CC,AZ,D
15:00:00,PTBA,RG,4220,50,D,PD,AZ,D
15:00:00,PTBA,RG,4220,1,D,OD,AZ,D
15:00:00,PTBA,RG,4220,50,D,NI,AZ,D
15:00:00,PTBA,RG,4220,1,D,NI,AZ,D
15:00:00,PTBA,RG,4220,20,D,OD,AZ,D
15:00:00,PTBA,RG,4220,5,D,PD,AZ,D
15:00:00,PTBA,RG,4220,1,D,YP,AZ,D
15:00:00,PTBA,RG,4220,1,D,XL,AZ,D
15:00:00,PTBA,RG,4220,1,D,XC,AZ,D
15:00:00,PTBA,RG,4220,10,D,YP,AZ,D
15:00:00,PTBA,RG,4220,5,D,XL,AZ,D
15:00:00,PTBA,RG,4220,1,D,XC,AZ,D
15:00:00,PTBA,RG,4220,5,D,XL,AZ,D
15:00:00,PTBA,RG,4220,1,D,PD,AZ,D
15:00:00,PTBA,RG,4220,5,D,CC,AZ,D
15:00:00,PTBA,RG,4220,2,D,CC,AZ,D
15:00:00,PTBA,RG,4220,10,D,CP,AZ,D
15:00:00,PTBA,RG,4220,131,D,IP,AZ,D
15:00:00,PTBA,RG,4220,98,D,IP,AZ,D
15:00:00,PTBA,RG,4220,125,D,IP,AZ,D
15:00:00,PTBA,RG,4220,412,D,IP,AZ,D
15:00:00,PTBA,RG,4220,413,D,IP,AZ,D
15:00:00,PTBA,RG,4220,103,D,IP,AZ,D
15:00:00,PTBA,RG,4220,475,D,IP,AZ,D
15:00:00,PTBA,RG,4220,158,D,IP,AZ,D
15:00:00,PTBA,RG,4220,85,D,IP,AZ,D
15:00:00,PTBA,RG,4220,1,D,XL,AZ,D
15:00:00,PTBA,RG,4220,1,D,XL,AZ,D
15:00:00,PTBA,RG,4220,10,D,YB,AZ,D
15:00:00,PTBA,RG,4220,32,D,CC,AZ,D
15:00:00,PTBA,RG,4220,17,D,CC,YP,D
15:00:00,PTBA,RG,4220,1,D,CC,YU,D
15:00:00,PTBA,RG,4220,3,D,HP,YU,D
15:00:00,PTBA,RG,4220,1,D,PD,YU,D
15:00:00,PTBA,RG,4220,1,D,PD,YU,D
15:00:00,PTBA,RG,4220,100,D,AG,YU,D
15:00:00,PTBA,RG,4220,50,D,DH,YU,D
15:00:00,PTBA,RG,4220,10,D,YP,YU,D
15:00:00,PTBA,RG,4220,35,D,XC,YU,D
15:00:00,PTBA,RG,4220,1,D,XC,YU,D
15:00:00,PTBA,RG,4220,1,D,XC,YU,D
15:00:00,PTBA,RG,4220,2,D,CC,YU,D
15:00:00,PTBA,RG,4220,3,D,DH,YU,D
15:00:00,PTBA,RG,4220,1,D,XL,YU,D
15:00:00,PTBA,RG,4220,1,D,PD,YU,D
15:00:00,PTBA,RG,4220,1,D,PD,YU,D
15:00:00,PTBA,RG,4220,25,D,CC,YU,D
15:00:00,PTBA,RG,4220,3,D,CC,YU,D
15:00:00,PTBA,RG,4220,61,D,XL,YU,D
15:00:00,PTBA,RG,4220,5,D,XL,YP,D
15:00:00,PTBA,RG,4220,34,D,XL,RB,D
15:00:00,PTBA,RG,4220,2,D,CC,RB,D
15:00:00,PTBA,RG,4220,14,D,YU,RB,D
15:00:00,PTBA,RG,4220,86,D,YU,KK,D
15:00:00,PTBA,RG,4220,34,D,IP,KK,D
15:00:00,PTBA,RG,4220,2,D,IP,GR,D
15:00:00,PTBA,RG,4220,143,D,IP,OD,D
15:00:00,PTBA,RG,4220,17,D,IP,YP,D
15:00:00,PTBA,RG,4220,12,D,IP,KK,D
15:00:00,PTBA,RG,4220,72,D,IP,KI,D
15:00:00,PTBA,RG,4220,720,D,IP,ZP,F
15:00:00,PTBA,RG,4220,5,D,XL,ZP,F
15:00:00,PTBA,RG,4220,1,D,YP,ZP,F
15:00:00,PTBA,RG,4220,3,D,LG,ZP,F
15:00:00,PTBA,RG,4220,50,D,GR,ZP,F
15:00:00,PTBA,RG,4220,1,D,PD,ZP,F
15:00:00,PTBA,RG,4220,1,D,NI,ZP,F
15:00:00,PTBA,RG,4220,20,D,DH,ZP,F
15:00:00,PTBA,RG,4220,10,D,YP,ZP,F
15:00:00,PTBA,RG,4220,2,D,PD,ZP,F
15:00:00,PTBA,RG,4220,5,D,KK,ZP,F
15:00:00,PTBA,RG,4220,2,D,XL,ZP,F
15:00:00,PTBA,RG,4220,10,D,AZ,ZP,F
15:00:00,PTBA,RG,4220,429,D,CC,ZP,F
15:00:00,PTBA,RG,4220,527,D,CC,ZP,F
15:00:00,PTBA,RG,4220,996,D,YP,ZP,F
15:00:00,PTBA,RG,4220,1004,D,YP,ZP,F
15:00:00,PTBA,RG,4220,10,D,XL,ZP,F
15:00:00,PTBA,RG,4220,58,D,NI,ZP,F
15:00:00,PTBA,RG,4220,1,D,YP,ZP,F
15:00:00,PTBA,RG,4220,1,D,PD,ZP,F
15:00:00,PTBA,RG,4220,10,D,KK,ZP,F
15:00:00,PTBA,RG,4220,2,D,PD,ZP,F
15:00:00,PTBA,RG,4220,1,D,XL,ZP,F
15:00:00,PTBA,RG,4220,1,D,XC,ZP,F
15:00:00,PTBA,RG,4220,1,D,XC,ZP,F
15:00:00,PTBA,RG,4220,100,D,DH,ZP,F
15:00:00,PTBA,RG,4220,5,D,PD,ZP,F
15:00:00,PTBA,RG,4220,2,D,YP,ZP,F
15:00:00,PTBA,RG,4220,1,D,XL,ZP,F
15:00:00,PTBA,RG,4220,1,D,KK,ZP,F
15:00:00,PTBA,RG,4220,3,D,BQ,ZP,F
15:00:00,PTBA,RG,4220,10,D,KK,ZP,F
15:00:00,PTBA,RG,4220,33,D,YP,ZP,F
15:00:00,PTBA,RG,4220,1,D,YP,ZP,F
15:00:00,PTBA,RG,4220,1,D,KK,ZP,F
15:00:00,PTBA,RG,4220,1,D,NI,ZP,F
15:00:00,PTBA,RG,4220,50,D,AI,ZP,F
15:00:00,PTBA,RG,4220,100,D,NI,ZP,F
15:00:00,PTBA,RG,4220,5,D,PD,ZP,F
15:00:00,PTBA,RG,4220,1,D,PD,ZP,F
15:00:00,PTBA,RG,4220,200,D,TF,ZP,F
15:00:00,PTBA,RG,4220,3,D,PD,ZP,F
15:00:00,PTBA,RG,4220,7,D,XL,ZP,F
15:00:00,PTBA,RG,4220,1000,D,DR,ZP,F
15:00:00,PTBA,RG,4220,2,D,XL,ZP,F
15:00:00,PTBA,RG,4220,1,D,XL,ZP,F
15:00:00,PTBA,RG,4220,30,D,XL,ZP,F
15:00:00,PTBA,RG,4220,5,D,XL,ZP,F
15:00:00,PTBA,RG,4220,1,D,XL,ZP,F
15:00:00,PTBA,RG,4220,2,D,EP,ZP,F
15:00:00,PTBA,RG,4220,1,D,XL,ZP,F
15:00:00,PTBA,RG,4220,20,D,PD,ZP,F
15:00:00,PTBA,RG,4220,3,D,XC,ZP,F
15:00:00,PTBA,RG,4220,1,D,KK,ZP,F
15:00:00,PTBA,RG,4220,3515,D,DR,ZP,F
15:00:00,PTBA,RG,4220,1,D,DR,ZP,F
15:00:00,PTBA,RG,4220,3,D,DR,ZP,F
15:00:00,PTBA,RG,4220,270,D,DR,ZP,F
15:00:00,PTBA,RG,4220,12,D,DR,ZP,F
15:00:00,PTBA,RG,4220,1000,D,DR,CC,D
15:00:00,PTBA,RG,4220,500,D,DR,LG,D
15:00:00,PTBA,RG,4220,24,D,DR,CC,D
15:00:00,PTBA,RG,4220,1950,D,DR,AK,D
15:00:00,PTBA,RG,4220,709,D,DR,AK,F
15:00:00,PTBA,RG,4220,16,D,DR,AK,F
15:00:00,PTBA,RG,4220,25,D,XC,AK,F
15:00:00,PTBA,RG,4220,16,D,XL,AK,F
15:00:00,PTBA,RG,4220,1,D,PD,AK,F
15:00:00,PTBA,RG,4220,1,D,PD,AK,F
15:00:00,PTBA,RG,4220,5,D,YP,AK,F
15:00:00,PTBA,RG,4220,10,D,XC,AK,F
15:00:00,PTBA,RG,4220,4,D,PD,AK,F
15:00:00,PTBA,RG,4220,10,D,SQ,AK,F
15:00:00,PTBA,RG,4220,2,D,PD,AK,F
15:00:00,PTBA,RG,4220,1,F,ZP,AK,F
15:00:00,PTBA,RG,4220,98,F,ZP,AK,F
15:00:00,PTBA,RG,4220,993,F,CS,AK,F
15:00:00,PTBA,RG,4220,434,F,CS,AK,F
15:00:00,PTBA,RG,4220,1,F,AK,AK,F
15:00:00,PTBA,RG,4220,7,F,AK,AK,F
15:00:00,PTBA,RG,4220,7,F,AK,AK,F
15:00:00,PTBA,RG,4220,3,F,AK,AK,F
15:00:00,PTBA,RG,4220,22,F,AK,AK,F
15:00:00,PTBA,RG,4220,5,F,AK,AK,F
15:00:00,PTBA,RG,4220,1,F,AK,AK,F
15:00:00,PTBA,RG,4220,4,F,AK,AK,F
15:00:00,PTBA,RG,4220,1,F,AK,AK,F
15:00:00,PTBA,RG,4220,245,D,OD,AK,F
15:00:00,PTBA,RG,4220,31,D,YU,AK,F
15:00:00,PTBA,RG,4220,197,D,DX,AK,F
15:00:00,PTBA,RG,4220,236,D,BQ,AK,F
15:00:00,PTBA,RG,4220,9,D,BQ,ZP,D
15:00:00,PTBA,RG,4220,5,D,BQ,ZP,D
15:00:00,PTBA,RG,4220,55,D,BQ,ZP,D
15:00:00,PTBA,RG,4220,21,D,BQ,CS,F
14:49:59,PTBA,RG,4220,20,D,OD,ZP,F
14:49:57,PTBA,RG,4230,2,F,ZP,AZ,D
14:49:56,PTBA,RG,4220,1,D,OD,ZP,F
14:49:55,PTBA,RG,4230,10,D,YP,AZ,D
14:49:55,PTBA,RG,4220,24,D,OD,ZP,F
14:49:53,PTBA,RG,4220,1,D,OD,ZP,F
14:49:52,PTBA,RG,4220,1,D,OD,ZP,F
14:49:52,PTBA,RG,4230,6,F,ZP,AZ,D
14:49:52,PTBA,RG,4230,2,D,XC,AZ,D
14:49:51,PTBA,RG,4230,10,D,LG,AZ,D
14:49:50,PTBA,RG,4230,1,F,ZP,AZ,D
14:49:47,PTBA,RG,4230,10,D,EP,AZ,D
14:49:47,PTBA,RG,4230,1,D,XC,AZ,D
14:49:47,PTBA,RG,4230,8,F,ZP,AZ,D
14:49:45,PTBA,RG,4230,20,D,GR,AZ,D
14:49:45,PTBA,RG,4230,1,F,AK,AZ,D
14:49:43,PTBA,RG,4220,6,D,OD,ZP,F
14:49:41,PTBA,RG,4230,4,D,XC,AZ,D
14:49:40,PTBA,RG,4230,4,F,ZP,AZ,D
14:49:40,PTBA,RG,4220,1,D,OD,ZP,F
14:49:39,PTBA,RG,4230,1,D,KK,AZ,D
14:49:37,PTBA,RG,4230,1,D,SQ,AZ,D
14:49:36,PTBA,RG,4230,1,D,KK,AZ,D
14:49:33,PTBA,RG,4230,15,D,CC,AZ,D
14:49:33,PTBA,RG,4220,10,D,OD,ZP,F
14:49:32,PTBA,RG,4230,3,D,YP,AZ,D
14:49:31,PTBA,RG,4230,1,D,YP,AZ,D
14:49:30,PTBA,RG,4230,1,F,AK,AZ,D
14:49:30,PTBA,RG,4230,1,F,AK,AZ,D
14:49:29,PTBA,RG,4230,5,D,YP,AZ,D
14:49:26,PTBA,RG,4230,10,F,ZP,AZ,D
14:49:24,PTBA,RG,4220,3,D,OD,ZP,F
14:49:22,PTBA,RG,4230,25,D,GR,AZ,D
14:49:22,PTBA,RG,4230,25,D,YP,AZ,D
14:49:20,PTBA,RG,4230,2,D,XC,AZ,D
14:49:19,PTBA,RG,4230,20,D,PC,AZ,D
14:49:18,PTBA,RG,4230,26,D,CC,AZ,D
14:49:17,PTBA,RG,4230,100,D,YU,AZ,D
14:49:15,PTBA,RG,4230,5,D,EP,AZ,D
14:49:14,PTBA,RG,4230,4,D,PD,AZ,D
14:49:12,PTBA,RG,4220,2,D,OD,ZP,F
14:49:12,PTBA,RG,4230,304,F,AK,AZ,D
14:49:11,PTBA,RG,4230,250,D,YU,AZ,D
14:49:11,PTBA,RG,4230,1,D,YP,AZ,D
14:49:11,PTBA,RG,4230,2,D,XC,AZ,D
14:49:10,PTBA,RG,4230,50,D,PD,AZ,D
14:49:10,PTBA,RG,4230,1,D,PD,AZ,D
14:49:05,PTBA,RG,4230,659,D,XC,AZ,D
14:49:02,PTBA,RG,4230,5,D,YP,AZ,D
14:48:59,PTBA,RG,4230,32,D,YP,AZ,D
14:48:59,PTBA,RG,4230,3,D,NI,AZ,D
14:48:59,PTBA,RG,4230,26,D,XC,AZ,D
14:48:59,PTBA,RG,4230,2,D,XC,AZ,D
14:48:59,PTBA,RG,4230,2,D,NI,AZ,D
14:48:59,PTBA,RG,4230,2,D,OD,AZ,D
14:48:59,PTBA,RG,4230,1,D,XC,AZ,D
14:48:59,PTBA,RG,4230,5,D,NI,AZ,D
14:48:59,PTBA,RG,4230,5,D,OD,AZ,D
14:48:59,PTBA,RG,4230,55,D,YP,AZ,D
14:48:47,PTBA,RG,4230,50,D,YP,EP,D
14:48:43,PTBA,RG,4230,1,D,YP,CC,D
14:48:43,PTBA,RG,4230,12,D,YP,PD,D
14:48:43,PTBA,RG,4230,2,D,YP,CC,D
14:48:43,PTBA,RG,4230,80,D,YP,GR,D
14:48:43,PTBA,RG,4230,10,D,DR,GR,D
14:48:42,PTBA,RG,4230,4,D,CC,GR,D
14:48:42,PTBA,RG,4230,10,D,CC,CC,D
14:48:41,PTBA,RG,4230,1,D,PD,CC,D
14:48:40,PTBA,RG,4230,15,D,YP,CC,D
14:48:39,PTBA,RG,4230,34,D,KK,CC,D
14:48:39,PTBA,RG,4230,25,D,KK,XA,D
14:48:39,PTBA,RG,4230,1,D,KK,PD,D
14:48:39,PTBA,RG,4230,1,D,KK,XC,D
14:48:39,PTBA,RG,4230,39,D,KK,ZP,F
14:48:36,PTBA,RG,4230,86,D,YU,ZP,F
14:48:36,PTBA,RG,4230,3,D,YU,ZP,F
14:48:36,PTBA,RG,4230,211,D,YU,AZ,D
14:48:34,PTBA,RG,4230,5,D,PD,AZ,D
14:48:32,PTBA,RG,4230,1,D,XL,AZ,D
14:48:32,PTBA,RG,4230,10,D,BB,AZ,D
14:48:31,PTBA,RG,4230,1,D,NI,AZ,D
14:48:31,PTBA,RG,4230,1,D,YP,AZ,D
14:48:30,PTBA,RG,4230,1,D,AG,AZ,D
14:48:28,PTBA,RG,4230,1,D,XC,AZ,D
14:48:28,PTBA,RG,4220,32,D,OD,ZP,F
14:48:26,PTBA,RG,4230,5,D,IF,AZ,D
14:48:25,PTBA,RG,4230,2,D,XC,AZ,D
14:48:17,PTBA,RG,4230,24,D,XC,AZ,D
14:48:15,PTBA,RG,4220,1,D,OD,XL,D
14:48:13,PTBA,RG,4230,14,D,SQ,AZ,D
14:48:12,PTBA,RG,4230,10,D,YP,AZ,D
14:48:12,PTBA,RG,4230,2,D,PD,AZ,D
14:48:12,PTBA,RG,4230,3,D,XC,AZ,D
14:48:10,PTBA,RG,4230,5,D,CC,AZ,D
14:48:10,PTBA,RG,4220,23,D,OD,ZP,F
14:48:10,PTBA,RG,4230,500,D,PD,AZ,D
14:47:57,PTBA,RG,4230,60,D,KK,AZ,D
14:47:57,PTBA,RG,4220,42,D,OD,ZP,F
14:47:57,PTBA,RG,4230,1,F,AK,AZ,D
14:47:57,PTBA,RG,4230,1,F,AK,AZ,D
14:47:57,PTBA,RG,4230,348,F,BK,AZ,D
14:47:57,PTBA,RG,4230,1,D,XC,AZ,D
14:47:57,PTBA,RG,4230,10,D,KK,AZ,D
14:47:57,PTBA,RG,4230,1,D,YU,AZ,D
14:47:57,PTBA,RG,4230,12,D,XC,AZ,D
14:47:57,PTBA,RG,4230,1,F,AK,AZ,D
14:47:57,PTBA,RG,4230,2,D,OD,AZ,D
14:47:57,PTBA,RG,4230,10,D,YP,AZ,D
14:47:57,PTBA,RG,4230,1,D,XC,AZ,D
14:47:57,PTBA,RG,4230,3,D,RG,AZ,D
14:47:57,PTBA,RG,4230,5,D,SQ,AZ,D
14:47:57,PTBA,RG,4230,20,D,SQ,AZ,D
14:47:57,PTBA,RG,4230,1,D,PD,AZ,D
14:47:57,PTBA,RG,4230,20,D,PD,AZ,D
14:47:57,PTBA,RG,4230,20,D,YP,AZ,D
14:47:57,PTBA,RG,4230,10,D,EP,AZ,D
14:47:57,PTBA,RG,4230,1,D,NI,AZ,D
14:47:57,PTBA,RG,4230,1,D,NI,AZ,D
14:47:57,PTBA,RG,4230,1,D,YP,AZ,D
14:47:57,PTBA,RG,4230,2,D,PD,AZ,D
14:47:57,PTBA,RG,4230,10,D,CC,AZ,D
14:47:57,PTBA,RG,4230,5,D,SQ,AZ,D
14:47:57,PTBA,RG,4230,20,D,XC,AZ,D
14:47:57,PTBA,RG,4230,2,D,PD,AZ,D
14:47:57,PTBA,RG,4230,839,D,PD,AZ,D
14:47:57,PTBA,RG,4230,160,D,PD,AZ,D
14:47:57,PTBA,RG,4230,5,D,KK,AZ,D
14:47:57,PTBA,RG,4230,10,D,OD,AZ,D
14:47:57,PTBA,RG,4230,10,D,YP,AZ,D
14:47:57,PTBA,RG,4230,62,F,ZP,AZ,D
14:47:57,PTBA,RG,4230,4,D,CC,AZ,D
14:47:57,PTBA,RG,4230,1,D,XC,AZ,D
14:47:57,PTBA,RG,4230,2,D,YP,AZ,D
14:47:57,PTBA,RG,4230,6,D,EP,AZ,D
14:47:57,PTBA,RG,4230,1,D,BQ,AZ,D
14:47:57,PTBA,RG,4230,12,D,SQ,AZ,D
14:47:57,PTBA,RG,4230,5,D,YP,AZ,D
14:47:57,PTBA,RG,4230,20,D,EP,AZ,D
14:47:57,PTBA,RG,4230,457,D,PD,AZ,D
14:47:57,PTBA,RG,4230,5,D,PD,AZ,D
14:47:57,PTBA,RG,4230,1,D,YP,AZ,D
14:47:57,PTBA,RG,4230,5,D,NI,AZ,D
14:47:57,PTBA,RG,4230,1,D,PD,AZ,D
14:47:57,PTBA,RG,4230,2,D,YP,AZ,D
14:47:57,PTBA,RG,4230,1,D,PD,AZ,D
14:47:57,PTBA,RG,4230,6,D,XC,AZ,D
14:47:57,PTBA,RG,4230,10,D,SQ,AZ,D
14:47:57,PTBA,RG,4230,30,D,EP,AZ,D
14:47:57,PTBA,RG,4230,1,D,XL,AZ,D
14:47:57,PTBA,RG,4230,2,D,YP,AZ,D
14:47:57,PTBA,RG,4230,60,D,YP,AZ,D
14:47:57,PTBA,RG,4230,17,D,SQ,AZ,D
14:47:56,PTBA,RG,4230,1,D,SQ,ZP,D
14:47:54,PTBA,RG,4230,982,D,SQ,PD,D
14:47:54,PTBA,RG,4230,2,D,CC,PD,D
14:47:54,PTBA,RG,4230,10,D,PD,PD,D
14:47:54,PTBA,RG,4230,10,D,EP,PD,D
14:47:54,PTBA,RG,4230,5,D,CC,PD,D
14:47:54,PTBA,RG,4230,23,D,YP,PD,D
14:47:54,PTBA,RG,4230,4,D,XC,PD,D
14:47:54,PTBA,RG,4230,1,D,PD,PD,D
14:47:54,PTBA,RG,4230,50,D,PD,PD,D
14:47:54,PTBA,RG,4230,1,D,PD,PD,D
14:47:54,PTBA,RG,4230,1,D,LG,PD,D
14:47:54,PTBA,RG,4230,1,D,LG,PD,D
14:47:54,PTBA,RG,4230,49,D,LG,PD,D
14:47:54,PTBA,RG,4230,7,D,LG,PD,D
14:47:54,PTBA,RG,4230,88,D,LG,PD,D
14:47:54,PTBA,RG,4230,11,D,LG,PD,D
14:47:54,PTBA,RG,4230,3,D,NI,PD,D
14:47:54,PTBA,RG,4230,1,D,CC,PD,D
14:47:54,PTBA,RG,4230,10,D,NI,PD,D
14:47:54,PTBA,RG,4230,10,D,YP,PD,D
14:47:54,PTBA,RG,4230,1,D,PD,PD,D
14:47:54,PTBA,RG,4230,1,D,SQ,PD,D
14:47:54,PTBA,RG,4230,30,D,CP,PD,D
14:47:54,PTBA,RG,4230,1,D,XC,PD,D
14:47:54,PTBA,RG,4230,5,F,PD,PD,D
14:47:54,PTBA,RG,4230,20,D,NI,PD,D
14:47:54,PTBA,RG,4230,10,D,PD,PD,D
14:47:54,PTBA,RG,4230,163,D,YP,PD,D
14:47:52,PTBA,RG,4240,5,D,BB,AZ,D
14:47:44,PTBA,RG,4240,17,D,CS,AZ,D
14:47:44,PTBA,RG,4240,5,D,XC,AZ,D
14:47:32,PTBA,RG,4240,2,D,XL,AZ,D
14:47:32,PTBA,RG,4240,2,D,NI,AZ,D
14:47:30,PTBA,RG,4230,37,D,YP,ZP,F
14:47:30,PTBA,RG,4230,11,D,CD,ZP,F
14:47:30,PTBA,RG,4230,39,D,CD,YP,D
14:47:30,PTBA,RG,4230,200,D,YP,YP,D
14:47:30,PTBA,RG,4230,10,D,YB,YP,D
14:47:30,PTBA,RG,4230,26,D,EP,YP,D
14:47:30,PTBA,RG,4230,34,F,ZP,YP,D
14:47:30,PTBA,RG,4230,1,D,YP,YP,D
14:47:30,PTBA,RG,4230,150,D,PD,YP,D
14:47:30,PTBA,RG,4230,10,D,YP,YP,D
14:47:30,PTBA,RG,4230,1,D,KK,YP,D
14:47:30,PTBA,RG,4230,23,D,YP,YP,D
14:47:30,PTBA,RG,4230,1,D,CC,YP,D
14:47:30,PTBA,RG,4230,1,D,YP,YP,D
14:47:30,PTBA,RG,4230,50,D,SQ,YP,D
14:47:30,PTBA,RG,4230,100,D,PD,YP,D
14:47:30,PTBA,RG,4230,5,D,CC,YP,D
14:47:30,PTBA,RG,4230,1,D,PD,YP,D
14:47:30,PTBA,RG,4230,5,D,NI,YP,D
14:47:30,PTBA,RG,4230,1,D,AT,YP,D
14:47:30,PTBA,RG,4230,300,D,PD,YP,D
14:47:30,PTBA,RG,4230,100,D,YP,YP,D
14:47:30,PTBA,RG,4230,5,F,AK,YP,D
14:47:30,PTBA,RG,4230,14,D,CC,YP,D
14:47:30,PTBA,RG,4230,100,D,YP,YP,D
14:47:30,PTBA,RG,4230,5,D,YP,YP,D
14:47:30,PTBA,RG,4230,949,F,BK,YP,D
14:47:30,PTBA,RG,4230,1,F,BK,ZP,D
14:47:30,PTBA,RG,4240,1,F,AK,AZ,D
14:47:30,PTBA,RG,4240,5,F,AK,AZ,D
14:47:23,PTBA,RG,4240,25,D,CS,AZ,D
14:47:22,PTBA,RG,4240,4,D,CS,AZ,D
14:47:22,PTBA,RG,4240,4,D,XC,AZ,D
14:47:21,PTBA,RG,4240,1,D,XC,AZ,D
14:47:21,PTBA,RG,4240,3,D,PD,AZ,D
14:47:15,PTBA,RG,4240,1,F,AK,AZ,D
14:47:06,PTBA,RG,4240,5,D,NI,AZ,D
14:47:00,PTBA,RG,4240,5,D,NI,AZ,D
14:47:00,PTBA,RG,4240,1,F,AK,AZ,D
14:46:58,PTBA,RG,4240,50,D,PD,AZ,D
14:46:58,PTBA,RG,4240,1,D,XC,AZ,D
14:46:58,PTBA,RG,4240,30,F,ZP,AZ,D
14:46:52,PTBA,RG,4240,33,D,CS,AZ,D
14:46:47,PTBA,RG,4240,10,D,NI,AZ,D
14:46:44,PTBA,RG,4240,1,D,NI,AZ,D
14:46:38,PTBA,RG,4240,1,D,XC,AZ,D
14:46:34,PTBA,RG,4240,23,D,NI,AZ,D
14:46:30,PTBA,RG,4240,13,F,AK,AZ,D
14:46:29,PTBA,RG,4240,10,D,XC,AZ,D
14:46:27,PTBA,RG,4240,22,D,XC,AZ,D
14:46:15,PTBA,RG,4240,1,F,AK,AZ,D
14:46:15,PTBA,RG,4240,2,F,AK,AZ,D
14:46:15,PTBA,RG,4240,1,D,XC,AZ,D
14:46:14,PTBA,RG,4230,8,F,BK,YP,D
14:46:09,PTBA,RG,4240,30,D,LG,AZ,D
14:46:01,PTBA,RG,4240,7,D,NI,AZ,D
14:46:00,PTBA,RG,4240,1,F,AK,AZ,D
14:46:00,PTBA,RG,4240,2,F,AK,AZ,D
14:46:00,PTBA,RG,4240,10,D,XC,AZ,D
14:45:34,PTBA,RG,4240,6,D,PD,AZ,D
14:45:30,PTBA,RG,4240,1,F,AK,AZ,D
14:45:30,PTBA,RG,4240,2,F,AK,AZ,D
14:45:28,PTBA,RG,4240,14,F,ZP,AZ,D
14:45:24,PTBA,RG,4240,6,F,ZP,AZ,D
14:45:22,PTBA,RG,4230,2,F,BK,ZP,D
14:45:17,PTBA,RG,4240,125,D,PD,AZ,D
14:45:17,PTBA,RG,4240,125,D,PD,AN,D
14:45:15,PTBA,RG,4240,2,F,AK,AN,D
14:44:53,PTBA,RG,4240,10,D,YP,AN,D
14:44:50,PTBA,RG,4240,10,D,CC,AN,D
14:44:50,PTBA,RG,4240,2,D,NI,AN,D
14:44:47,PTBA,RG,4240,51,D,DR,AN,D
14:44:47,PTBA,RG,4240,9,D,DR,ZP,F
14:44:47,PTBA,RG,4240,1,D,DR,XC,D
14:44:47,PTBA,RG,4240,3,D,DR,YB,D
14:44:47,PTBA,RG,4240,10,D,DR,NI,D
14:44:47,PTBA,RG,4240,1000,D,DR,AZ,D
14:44:47,PTBA,RG,4240,45,D,DR,ZP,F
14:44:47,PTBA,RG,4240,4,D,DR,ZP,D
14:44:47,PTBA,RG,4240,78,D,DR,ZP,F
14:44:47,PTBA,RG,4240,3,D,DR,CS,F
14:44:47,PTBA,RG,4240,796,D,DR,YP,D
14:44:45,PTBA,RG,4240,1,F,AK,YP,D
14:44:45,PTBA,RG,4240,1,F,AK,YP,D
14:44:45,PTBA,RG,4240,3,F,AK,YP,D
14:44:44,PTBA,RG,4240,1,D,XC,YP,D
14:44:38,PTBA,RG,4240,150,D,PD,YP,D
14:44:38,PTBA,RG,4240,29,D,PD,YP,D
14:44:34,PTBA,RG,4230,77,F,BK,YU,D
14:44:33,PTBA,RG,4230,24,F,BK,YU,D
14:44:33,PTBA,RG,4230,112,F,BK,YU,D
14:44:33,PTBA,RG,4230,10,D,XC,YU,D
14:44:33,PTBA,RG,4230,1,D,OD,YU,D
14:44:33,PTBA,RG,4230,10,D,LG,YU,D
14:44:33,PTBA,RG,4230,4,D,PD,YU,D
14:44:33,PTBA,RG,4230,3,D,BB,YU,D
14:44:33,PTBA,RG,4230,13,D,NI,YU,D
14:44:33,PTBA,RG,4230,38,D,CS,YU,D
14:44:32,PTBA,RG,4230,9,D,CS,YU,D
14:44:32,PTBA,RG,4230,24,D,CS,YU,D
14:44:32,PTBA,RG,4240,1,D,PD,YP,D
14:44:31,PTBA,RG,4240,78,D,CC,YP,D
14:44:31,PTBA,RG,4240,400,D,PD,YP,D
14:44:31,PTBA,RG,4230,29,D,CS,YU,D
14:44:31,PTBA,RG,4230,71,D,PD,YU,D
14:44:30,PTBA,RG,4240,2,D,EP,YP,D
14:44:30,PTBA,RG,4240,26,F,ZP,YP,D
14:44:30,PTBA,RG,4240,2,F,AK,YP,D
14:44:30,PTBA,RG,4240,2,F,AK,YP,D
14:44:29,PTBA,RG,4240,3,D,PD,YP,D
14:44:24,PTBA,RG,4240,1,D,PD,YP,D
14:44:23,PTBA,RG,4240,250,D,PD,YP,D
14:44:20,PTBA,RG,4240,100,D,YP,YP,D
14:44:15,PTBA,RG,4240,1,F,AK,YP,D
14:44:07,PTBA,RG,4230,55,D,PD,PD,D
14:44:01,PTBA,RG,4230,55,D,PD,PD,D
14:44:00,PTBA,RG,4230,1,D,PD,ZP,D
14:44:00,PTBA,RG,4230,6,D,PD,PD,D
14:44:00,PTBA,RG,4240,2,F,AK,YP,D
14:43:55,PTBA,RG,4240,10,D,YB,YP,D
14:43:50,PTBA,RG,4240,141,D,PD,YP,D
14:43:50,PTBA,RG,4240,259,D,PD,AK,D
14:43:45,PTBA,RG,4240,22,D,LG,AK,D
14:43:35,PTBA,RG,4240,92,D,LG,AK,D
14:43:33,PTBA,RG,4240,22,F,ZP,AK,D
14:43:26,PTBA,RG,4240,1,D,YP,AK,D
14:43:24,PTBA,RG,4230,100,D,PD,YP,D
14:43:21,PTBA,RG,4240,1,D,XC,AK,D
14:43:19,PTBA,RG,4240,19,D,CS,AK,D
14:43:19,PTBA,RG,4240,25,D,CS,AK,D
14:43:18,PTBA,RG,4240,59,D,CS,AK,D
14:43:18,PTBA,RG,4240,17,D,CS,PD,D
14:43:15,PTBA,RG,4240,3,F,AK,PD,D
14:43:03,PTBA,RG,4240,1,D,XL,PD,D
14:42:50,PTBA,RG,4240,1,D,PD,PD,D
14:42:45,PTBA,RG,4240,1,F,AK,PD,D
14:42:40,PTBA,RG,4240,17,D,XC,PD,D
14:42:39,PTBA,RG,4240,50,D,NI,PD,D
14:42:34,PTBA,RG,4240,2,D,RO,PD,D
14:42:20,PTBA,RG,4240,6,D,XC,PD,D
14:42:16,PTBA,RG,4230,4,D,PD,XC,D
14:42:16,PTBA,RG,4240,5,D,CC,PD,D
14:42:06,PTBA,RG,4240,397,D,DR,PD,D
14:42:06,PTBA,RG,4240,1,D,DR,ZP,F
14:42:06,PTBA,RG,4240,67,D,DR,YU,D
14:42:06,PTBA,RG,4240,30,D,DR,YU,D
14:42:06,PTBA,RG,4240,24,D,DR,YU,D
14:42:06,PTBA,RG,4240,3,D,DR,YU,D
14:42:06,PTBA,RG,4240,8,D,DR,YU,D
14:42:06,PTBA,RG,4240,9,D,DR,YU,D
14:42:06,PTBA,RG,4240,7,D,DR,ZP,F
14:42:06,PTBA,RG,4240,43,D,DR,CC,D
14:42:06,PTBA,RG,4240,1,D,DR,EP,D
14:42:06,PTBA,RG,4240,32,D,DR,YU,D
14:42:06,PTBA,RG,4240,68,D,DR,YU,D
14:42:06,PTBA,RG,4240,9,D,DR,YU,D
14:42:06,PTBA,RG,4240,9,D,DR,YU,D
14:42:06,PTBA,RG,4240,22,D,DR,YU,D
14:42:06,PTBA,RG,4240,3,D,DR,YU,D
14:42:06,PTBA,RG,4240,267,D,DR,PD,D
14:42:04,PTBA,RG,4240,1,D,SQ,PD,D
14:41:46,PTBA,RG,4240,10,D,CC,PD,D
14:41:40,PTBA,RG,4240,1,D,XC,PD,D
14:41:35,PTBA,RG,4240,9,D,XL,PD,D
14:41:33,PTBA,RG,4230,20,D,PD,SQ,D
14:41:30,PTBA,RG,4240,10,D,NI,PD,D
14:41:29,PTBA,RG,4240,1,D,NI,PD,D
14:41:19,PTBA,RG,4240,100,D,XL,PD,D
14:41:15,PTBA,RG,4240,48,D,XC,PD,D
14:41:11,PTBA,RG,4240,3,D,XC,PD,D
14:41:11,PTBA,RG,4240,1,D,PD,PD,D
14:41:11,PTBA,RG,4240,1,D,XC,PD,D
14:40:59,PTBA,RG,4240,3,D,PD,PD,D
14:40:57,PTBA,RG,4240,45,D,PD,PD,D
14:40:57,PTBA,RG,4240,4,D,PD,CS,F
14:40:57,PTBA,RG,4240,51,D,PD,ZP,F
14:40:57,PTBA,RG,4230,1,D,PD,YP,D
14:40:56,PTBA,RG,4230,1,D,PD,XL,D
14:40:54,PTBA,RG,4230,1,D,PD,ZP,D
14:40:52,PTBA,RG,4240,10,D,KK,ZP,F
14:40:51,PTBA,RG,4240,5,D,CC,ZP,F
14:40:49,PTBA,RG,4240,42,D,NI,ZP,F
14:40:49,PTBA,RG,4240,35,D,NI,XL,D
14:40:49,PTBA,RG,4240,223,D,NI,ZP,F
14:40:46,PTBA,RG,4240,100,D,PD,CS,F
14:40:43,PTBA,RG,4240,84,D,LG,CS,F
14:40:29,PTBA,RG,4240,30,D,NI,CS,F
14:40:28,PTBA,RG,4230,10,D,PD,KK,D
14:40:28,PTBA,RG,4240,114,D,LG,CS,F
14:40:27,PTBA,RG,4240,20,D,NI,CS,F
14:40:23,PTBA,RG,4240,1,D,XL,CS,F
14:40:12,PTBA,RG,4240,307,D,DR,CS,F
14:40:12,PTBA,RG,4240,898,D,DR,CS,F
14:40:12,PTBA,RG,4240,1,D,DR,ZP,F
14:40:12,PTBA,RG,4240,1230,D,DR,ZP,F
14:40:12,PTBA,RG,4240,3,D,DR,XC,D
14:40:12,PTBA,RG,4240,561,D,DR,ZP,F
14:39:46,PTBA,RG,4230,20,D,PD,PD,D
14:39:38,PTBA,RG,4230,5,D,PD,ZP,D
14:39:36,PTBA,RG,4240,50,D,SQ,ZP,F
14:39:35,PTBA,RG,4240,3,D,XL,ZP,F
14:39:30,PTBA,RG,4240,10,D,GR,ZP,F
14:39:22,PTBA,RG,4240,1,D,YP,ZP,F
14:39:07,PTBA,RG,4230,50,D,PD,GR,D
14:38:53,PTBA,RG,4220,217,D,OD,NI,D
14:38:53,PTBA,RG,4220,1,D,XL,NI,D
14:38:53,PTBA,RG,4220,62,D,CC,NI,D
14:38:53,PTBA,RG,4220,20,D,CC,NI,D
14:38:53,PTBA,RG,4220,1,D,XA,NI,D
14:38:53,PTBA,RG,4220,1,D,XA,NI,D
14:38:53,PTBA,RG,4220,5,D,NI,NI,D
14:38:53,PTBA,RG,4220,5,D,PD,NI,D
14:38:53,PTBA,RG,4220,5,D,KK,NI,D
14:38:53,PTBA,RG,4220,2,D,XL,NI,D
14:38:53,PTBA,RG,4220,8,D,XL,NI,D
14:38:53,PTBA,RG,4220,1,D,XL,NI,D
14:38:53,PTBA,RG,4220,1,D,CC,NI,D
14:38:53,PTBA,RG,4220,1,D,XC,NI,D
14:38:53,PTBA,RG,4220,10,D,LS,NI,D
14:38:53,PTBA,RG,4220,2,D,CC,NI,D
14:38:53,PTBA,RG,4220,1,D,XC,NI,D
14:38:53,PTBA,RG,4220,1,D,XC,NI,D
14:38:53,PTBA,RG,4220,3,D,XC,NI,D
14:38:53,PTBA,RG,4220,5,D,LG,NI,D
14:38:53,PTBA,RG,4220,1,D,CC,NI,D
14:38:53,PTBA,RG,4220,5,D,XL,NI,D
14:38:53,PTBA,RG,4220,3,D,XL,NI,D
14:38:53,PTBA,RG,4230,42,D,CS,NI,D
14:38:53,PTBA,RG,4230,12,D,BB,NI,D
14:38:53,PTBA,RG,4230,43,D,CC,NI,D
14:38:53,PTBA,RG,4230,42,D,CC,NI,D
14:38:52,PTBA,RG,4240,808,D,DR,ZP,F
14:38:52,PTBA,RG,4240,500,D,DR,AZ,D
14:38:52,PTBA,RG,4240,1,D,DR,CC,D
14:38:52,PTBA,RG,4240,8,D,DR,XL,D
14:38:52,PTBA,RG,4240,469,D,DR,ZP,F
14:38:52,PTBA,RG,4240,460,D,DR,ZP,F
14:38:52,PTBA,RG,4240,500,D,DR,AK,D
14:38:52,PTBA,RG,4230,2,D,DR,PD,D
14:38:52,PTBA,RG,4230,10,D,DR,KK,D
14:38:52,PTBA,RG,4230,500,D,DR,AK,D
14:38:52,PTBA,RG,4230,4,D,DR,CS,F
14:38:52,PTBA,RG,4230,100,D,DR,YU,D
14:38:52,PTBA,RG,4230,2,D,DR,XL,D
14:38:52,PTBA,RG,4230,27,D,DR,YU,D
14:38:52,PTBA,RG,4230,7,D,DR,YU,D
14:38:52,PTBA,RG,4230,3,D,DR,YU,D
14:38:52,PTBA,RG,4230,71,D,DR,YU,D
14:38:52,PTBA,RG,4230,7,D,DR,YU,D
14:38:52,PTBA,RG,4230,37,D,DR,YU,D
14:38:52,PTBA,RG,4230,11,D,DR,ZP,D
14:38:52,PTBA,RG,4230,1,D,DR,XC,D
14:38:52,PTBA,RG,4230,105,D,DR,ZP,F
14:38:52,PTBA,RG,4230,3,D,DR,CS,F
14:38:52,PTBA,RG,4230,9,D,DR,YU,D
14:38:52,PTBA,RG,4230,21,D,DR,YU,D
14:38:52,PTBA,RG,4230,65,D,DR,YU,D
14:38:52,PTBA,RG,4230,9,D,DR,YU,D
14:38:52,PTBA,RG,4230,31,D,DR,YU,D
14:38:52,PTBA,RG,4230,3,D,DR,YU,D
14:38:52,PTBA,RG,4230,84,D,DR,KI,D
14:38:52,PTBA,RG,4230,110,D,DR,EP,D
14:38:52,PTBA,RG,4230,3,D,DR,XC,D
14:38:52,PTBA,RG,4230,56,D,DR,YU,D
14:38:52,PTBA,RG,4230,36,D,DR,YU,D
14:38:52,PTBA,RG,4230,4,D,DR,ZP,F
14:38:52,PTBA,RG,4230,2,D,DR,YU,D
14:38:52,PTBA,RG,4230,9,D,DR,YU,D
14:38:52,PTBA,RG,4230,22,D,DR,YU,D
14:38:52,PTBA,RG,4230,9,D,DR,YU,D
14:38:52,PTBA,RG,4230,500,D,DR,AK,D
14:38:52,PTBA,RG,4230,370,D,DR,GR,D
14:38:52,PTBA,RG,4230,7,D,DR,XC,D
14:38:52,PTBA,RG,4230,14,D,DR,GR,D
14:38:46,PTBA,RG,4230,1,D,XC,GR,D
14:38:45,PTBA,RG,4230,11,D,XL,GR,D
14:38:45,PTBA,RG,4230,5,D,XC,GR,D
14:38:41,PTBA,RG,4230,10,D,KK,GR,D
14:38:27,PTBA,RG,4220,1,D,YP,XC,D
14:38:25,PTBA,RG,4230,25,D,NI,GR,D
14:38:20,PTBA,RG,4220,6,D,YP,ZP,D
14:38:20,PTBA,RG,4230,14,D,GR,GR,D
14:38:20,PTBA,RG,4230,1,D,GR,SQ,D
14:38:20,PTBA,RG,4230,3,D,GR,CS,F
14:38:20,PTBA,RG,4230,1,D,GR,CS,F
14:38:20,PTBA,RG,4230,81,D,GR,PD,D
14:38:19,PTBA,RG,4230,100,D,YP,PD,D
14:38:17,PTBA,RG,4230,1,D,XL,PD,D
14:38:16,PTBA,RG,4230,35,D,CC,PD,D
14:38:14,PTBA,RG,4230,5,D,NI,PD,D
14:38:10,PTBA,RG,4230,278,D,YP,PD,D
14:38:10,PTBA,RG,4230,1,D,YP,YP,D
14:38:10,PTBA,RG,4230,25,D,YP,ZP,F
14:38:07,PTBA,RG,4230,41,D,PD,ZP,F
14:38:07,PTBA,RG,4230,361,D,PD,PD,D
14:38:07,PTBA,RG,4230,77,D,PD,PD,D
14:37:51,PTBA,RG,4230,1,D,NI,PD,D
14:37:41,PTBA,RG,4230,1,D,XL,PD,D
14:37:39,PTBA,RG,4220,2,D,YP,ZP,F
14:37:39,PTBA,RG,4230,60,D,YP,PD,D
14:37:39,PTBA,RG,4230,250,D,YP,TP,D
14:37:39,PTBA,RG,4230,12,D,YP,ZP,F
14:37:39,PTBA,RG,4230,1,D,YP,CS,F
14:37:39,PTBA,RG,4230,1,D,YP,CS,F
14:37:39,PTBA,RG,4230,84,D,YP,KI,D
14:37:39,PTBA,RG,4230,10,D,YP,ZP,D
14:37:39,PTBA,RG,4230,29,D,YP,CC,F
14:37:34,PTBA,RG,4230,15,D,XC,CC,F
14:37:32,PTBA,RG,4230,1,D,CC,CC,F
14:37:31,PTBA,RG,4230,1,D,XC,CC,F
14:37:30,PTBA,RG,4230,1,D,YP,CC,F
14:37:28,PTBA,RG,4230,1,D,XL,CC,F
14:37:24,PTBA,RG,4230,3,D,YP,CC,F
14:37:23,PTBA,RG,4230,39,D,CC,CC,F
14:37:19,PTBA,RG,4230,30,D,CC,CC,F
14:37:15,PTBA,RG,4230,1,F,AK,CC,F
14:37:01,PTBA,RG,4230,23,D,PD,CC,F
14:36:57,PTBA,RG,4230,5,D,XC,CC,F
14:36:52,PTBA,RG,4230,42,F,ZP,CC,F
14:36:52,PTBA,RG,4230,209,D,PD,CC,F
14:36:52,PTBA,RG,4230,40,D,PD,CC,F
14:36:52,PTBA,RG,4230,7,D,YP,CC,F
14:36:48,PTBA,RG,4220,237,D,YP,PD,D
14:36:48,PTBA,RG,4220,5,D,YP,PD,D
14:36:48,PTBA,RG,4220,5,D,LG,PD,D
14:36:48,PTBA,RG,4220,3,D,YP,PD,D
14:36:44,PTBA,RG,4230,53,D,PD,CC,F
14:36:44,PTBA,RG,4230,4,D,PD,CS,F
14:36:44,PTBA,RG,4230,143,D,PD,ZP,F
14:36:43,PTBA,RG,4230,1,D,CC,ZP,F
14:36:43,PTBA,RG,4230,2,D,BB,ZP,F
14:36:36,PTBA,RG,4230,100,D,XL,ZP,F
14:36:32,PTBA,RG,4230,1,D,YU,ZP,F
14:36:24,PTBA,RG,4230,2,D,EP,ZP,F
14:36:23,PTBA,RG,4230,2,D,XC,ZP,F
14:36:18,PTBA,RG,4230,54,D,XC,ZP,F
14:36:18,PTBA,RG,4230,6,D,XC,YU,D
14:36:17,PTBA,RG,4230,1,D,LG,YU,D
14:36:17,PTBA,RG,4230,8,D,LG,YU,D
14:36:17,PTBA,RG,4230,11,D,LG,YU,D
14:36:06,PTBA,RG,4230,1,D,KK,YU,D
14:35:57,PTBA,RG,4230,10,D,YB,YU,D
14:35:57,PTBA,RG,4230,1,D,XL,YU,D
14:35:53,PTBA,RG,4230,10,D,YP,YU,D
14:35:44,PTBA,RG,4230,4,D,DR,YU,D
14:35:44,PTBA,RG,4230,57,D,DR,YU,D
14:35:44,PTBA,RG,4230,70,D,DR,YU,D
14:35:44,PTBA,RG,4230,33,D,DR,YU,D
14:35:44,PTBA,RG,4230,3,D,DR,YU,D
14:35:44,PTBA,RG,4230,9,D,DR,YU,D
14:35:44,PTBA,RG,4230,25,D,DR,YU,D
14:35:44,PTBA,RG,4230,3,D,DR,YU,D
14:35:44,PTBA,RG,4230,7,D,DR,YU,D
14:35:44,PTBA,RG,4230,23,D,DR,YU,D
14:35:44,PTBA,RG,4230,2,D,DR,CS,F
14:35:44,PTBA,RG,4230,1764,D,DR,ZP,F
14:35:41,PTBA,RG,4230,1,D,XL,ZP,F
14:35:39,PTBA,RG,4230,1,D,YB,ZP,F
14:35:21,PTBA,RG,4230,3,D,PD,ZP,F
14:35:11,PTBA,RG,4230,1,D,NI,ZP,F
14:35:02,PTBA,RG,4230,1,D,YP,ZP,F
14:34:59,PTBA,RG,4230,70,D,CC,ZP,F
14:34:57,PTBA,RG,4230,48,D,PD,ZP,F
14:34:56,PTBA,RG,4230,42,D,NI,ZP,F
14:34:49,PTBA,RG,4220,30,D,YP,DH,D
14:34:48,PTBA,RG,4230,10,D,NI,ZP,F
14:34:47,PTBA,RG,4230,1,D,XC,ZP,F
14:34:47,PTBA,RG,4230,2,D,XC,ZP,F
14:34:40,PTBA,RG,4230,5,D,YP,ZP,F
14:34:28,PTBA,RG,4230,3,D,XL,ZP,F
14:34:27,PTBA,RG,4230,1,D,AT,ZP,F
14:34:26,PTBA,RG,4230,5,D,NI,ZP,F
14:34:16,PTBA,RG,4230,3,D,XC,ZP,F
14:34:14,PTBA,RG,4230,20,D,NI,ZP,F
14:34:11,PTBA,RG,4220,6,D,YP,YU,D
14:34:09,PTBA,RG,4220,26,D,YP,YU,D
14:34:09,PTBA,RG,4220,2,D,YP,YU,D
14:34:09,PTBA,RG,4220,3,D,PD,YU,D
14:34:09,PTBA,RG,4220,18,D,PD,YU,D
14:34:09,PTBA,RG,4220,12,D,PD,YU,D
14:34:09,PTBA,RG,4220,5,D,PD,YU,D
14:34:09,PTBA,RG,4220,1,D,PD,YU,D
14:34:09,PTBA,RG,4220,1,D,PD,YU,D
14:34:09,PTBA,RG,4220,1,D,PD,YU,D
14:34:09,PTBA,RG,4220,1,D,PD,YU,D
14:34:09,PTBA,RG,4220,1,D,PD,YU,D
14:34:09,PTBA,RG,4220,1,D,PD,YU,D
14:34:09,PTBA,RG,4220,4,D,PD,YU,D
14:34:09,PTBA,RG,4220,5,D,PD,YU,D
14:34:09,PTBA,RG,4220,5,D,PD,YU,D
14:34:09,PTBA,RG,4220,3,D,PD,YU,D
14:34:09,PTBA,RG,4220,3,D,PD,YU,D
14:34:09,PTBA,RG,4220,1,D,PD,YU,D
14:34:09,PTBA,RG,4220,1,D,PD,YU,D
14:34:09,PTBA,RG,4220,5,D,PD,YU,D
14:34:09,PTBA,RG,4220,12,D,SQ,YU,D
14:34:08,PTBA,RG,4220,3,D,SQ,YU,D
14:34:08,PTBA,RG,4220,10,D,AZ,YU,D
14:34:08,PTBA,RG,4220,4,D,AZ,YU,D
14:34:08,PTBA,RG,4220,111,D,AZ,YU,D
14:34:08,PTBA,RG,4220,36,D,PD,YU,D
14:34:07,PTBA,RG,4220,15,D,PD,YU,D
14:34:07,PTBA,RG,4230,10,D,XC,ZP,F
14:33:58,PTBA,RG,4230,3,D,PD,ZP,F
14:33:57,PTBA,RG,4230,1,D,OD,ZP,F
14:33:57,PTBA,RG,4230,1,D,CC,ZP,F
14:33:55,PTBA,RG,4230,10,D,DX,ZP,F
14:33:52,PTBA,RG,4230,3,D,XC,ZP,F
14:33:50,PTBA,RG,4230,50,D,YU,ZP,F
14:33:45,PTBA,RG,4230,5,D,PD,ZP,F
14:33:41,PTBA,RG,4230,2,D,PD,ZP,F
14:33:41,PTBA,RG,4230,10,D,YP,ZP,F
14:33:39,PTBA,RG,4230,10,D,LG,ZP,F
14:33:36,PTBA,RG,4230,1,D,PD,ZP,F
14:33:29,PTBA,RG,4230,11,D,XC,ZP,F
14:33:21,PTBA,RG,4230,3,D,XL,ZP,F
14:33:16,PTBA,RG,4220,49,D,PD,YP,D
14:33:16,PTBA,RG,4220,1,D,SQ,YP,D
14:33:12,PTBA,RG,4220,8,D,SQ,PD,D
14:33:11,PTBA,RG,4230,5,D,YP,ZP,F
14:33:11,PTBA,RG,4230,30,D,XC,ZP,F
14:33:07,PTBA,RG,4220,5,D,SQ,EP,D
14:32:57,PTBA,RG,4220,200,D,SQ,EP,D
14:32:51,PTBA,RG,4230,25,D,CC,ZP,F
14:32:47,PTBA,RG,4230,2000,D,DR,ZP,F
14:32:40,PTBA,RG,4230,10,D,DR,ZP,F
14:32:33,PTBA,RG,4230,1,D,XL,ZP,F
14:32:26,PTBA,RG,4230,2,D,XL,ZP,F
14:32:13,PTBA,RG,4220,7,D,SQ,AO,D
14:32:02,PTBA,RG,4220,79,D,SQ,PD,D
14:32:02,PTBA,RG,4220,1,D,KK,PD,D
14:32:02,PTBA,RG,4220,5,D,YP,PD,D
14:32:02,PTBA,RG,4220,3,D,SQ,PD,D
14:32:02,PTBA,RG,4220,50,D,DR,PD,D
14:32:02,PTBA,RG,4220,10,D,RG,PD,D
14:32:02,PTBA,RG,4220,5,D,DR,PD,D
14:32:02,PTBA,RG,4220,1,D,CP,PD,D
14:32:02,PTBA,RG,4220,1,D,YP,PD,D
14:32:02,PTBA,RG,4220,9,D,YP,PD,D
14:32:02,PTBA,RG,4220,5,D,CC,PD,D
14:32:02,PTBA,RG,4220,2,D,CC,PD,D
14:32:02,PTBA,RG,4220,39,D,CC,PD,D
14:32:02,PTBA,RG,4220,2,D,PD,PD,D
14:32:02,PTBA,RG,4220,5,D,YP,PD,D
14:32:02,PTBA,RG,4220,24,D,XL,PD,D
14:32:02,PTBA,RG,4220,20,D,SQ,PD,D
14:32:02,PTBA,RG,4220,10,D,XL,PD,D
14:32:02,PTBA,RG,4220,2,D,CC,PD,D
14:32:02,PTBA,RG,4220,5,D,TP,PD,D
14:32:02,PTBA,RG,4220,3,D,PD,PD,D
14:32:02,PTBA,RG,4220,5,D,DH,PD,D
14:32:02,PTBA,RG,4220,3,D,BQ,PD,D
14:32:02,PTBA,RG,4220,10,D,XL,PD,D
14:32:02,PTBA,RG,4220,10,D,NI,PD,D
14:32:02,PTBA,RG,4220,1,D,NI,PD,D
14:32:02,PTBA,RG,4220,2,D,YP,PD,D
14:32:02,PTBA,RG,4220,100,D,YP,PD,D
14:32:02,PTBA,RG,4220,2,D,PD,PD,D
14:32:02,PTBA,RG,4220,2,D,XL,PD,D
14:32:02,PTBA,RG,4220,100,D,YP,PD,D
14:32:02,PTBA,RG,4220,5,D,DX,PD,D
14:32:02,PTBA,RG,4220,1,D,PD,PD,D
14:32:02,PTBA,RG,4220,1,D,PD,PD,D
14:32:02,PTBA,RG,4220,1,D,NI,PD,D
14:32:02,PTBA,RG,4220,30,D,LG,PD,D
14:32:02,PTBA,RG,4220,1,D,PD,PD,D
14:32:02,PTBA,RG,4220,4,D,XC,PD,D
14:32:02,PTBA,RG,4220,20,D,YP,PD,D
14:32:02,PTBA,RG,4220,2,D,YP,PD,D
14:32:02,PTBA,RG,4220,1,D,XL,PD,D
14:32:02,PTBA,RG,4220,5,D,DX,PD,D
14:32:02,PTBA,RG,4220,5,D,CC,PD,D
14:32:02,PTBA,RG,4220,50,D,XC,PD,D
14:32:02,PTBA,RG,4220,2,D,KK,PD,D
14:32:02,PTBA,RG,4220,1,D,PD,PD,D
14:32:02,PTBA,RG,4220,10,D,CC,PD,D
14:32:02,PTBA,RG,4220,1,D,PD,PD,D
14:32:02,PTBA,RG,4220,5,D,CC,PD,D
14:32:02,PTBA,RG,4220,1,D,PD,PD,D
14:32:02,PTBA,RG,4220,2,D,NI,PD,D
14:32:02,PTBA,RG,4220,10,D,CC,PD,D
14:32:02,PTBA,RG,4220,3,D,BQ,PD,D
14:32:02,PTBA,RG,4220,1,D,YP,PD,D
14:32:02,PTBA,RG,4220,30,D,LG,PD,D
14:32:02,PTBA,RG,4220,3,D,YP,PD,D
14:32:02,PTBA,RG,4220,1,D,YP,PD,D
14:32:02,PTBA,RG,4220,5,D,KK,PD,D
14:32:02,PTBA,RG,4220,10,D,CC,PD,D
14:32:02,PTBA,RG,4220,1,D,NI,PD,D
14:32:02,PTBA,RG,4220,272,D,YP,PD,D
14:31:56,PTBA,RG,4230,1,D,XA,ZP,F
14:31:42,PTBA,RG,4230,2,D,NI,ZP,F
14:31:42,PTBA,RG,4220,16,D,YP,YU,D
14:31:42,PTBA,RG,4220,12,D,YP,YU,D
14:31:42,PTBA,RG,4220,4,D,MG,YU,D
14:31:42,PTBA,RG,4220,46,D,MG,YU,D
14:31:42,PTBA,RG,4220,8,D,XA,YU,D
14:31:40,PTBA,RG,4220,22,D,XA,YU,D
14:31:40,PTBA,RG,4220,12,D,KK,YU,D
14:31:40,PTBA,RG,4220,2,D,YP,YU,D
14:31:40,PTBA,RG,4220,1,D,XC,YU,D
14:31:40,PTBA,RG,4220,4,D,DH,YU,D
14:31:40,PTBA,RG,4220,1,D,NI,YU,D
14:31:40,PTBA,RG,4220,10,D,CC,YU,D
14:31:40,PTBA,RG,4220,2,D,PD,YU,D
14:31:40,PTBA,RG,4220,2,D,XL,YU,D
14:31:40,PTBA,RG,4220,1,D,DR,YU,D
14:31:40,PTBA,RG,4220,24,D,YP,YU,D
14:31:40,PTBA,RG,4220,2,D,XL,YU,D
14:31:40,PTBA,RG,4220,25,D,CC,YU,D
14:31:40,PTBA,RG,4220,12,D,NI,YU,D
14:31:40,PTBA,RG,4220,6,D,NI,YU,D
14:31:38,PTBA,RG,4220,2,D,NI,EP,D
14:31:38,PTBA,RG,4220,10,D,NI,YU,D
14:31:38,PTBA,RG,4220,4,D,PD,YU,D
14:31:38,PTBA,RG,4220,1,D,PD,YU,D
14:31:38,PTBA,RG,4220,4,D,PD,YU,D
14:31:38,PTBA,RG,4220,2,D,PD,YU,D
14:31:38,PTBA,RG,4220,46,D,MG,YU,D
14:31:38,PTBA,RG,4230,1,D,KK,ZP,F
14:31:33,PTBA,RG,4230,2,D,DR,ZP,F
14:31:26,PTBA,RG,4230,1,D,PD,ZP,F
14:31:25,PTBA,RG,4230,2,D,CC,ZP,F
14:31:24,PTBA,RG,4230,1,D,CC,ZP,F
14:31:24,PTBA,RG,4230,30,D,NI,ZP,F
14:31:19,PTBA,RG,4230,300,D,YU,ZP,F
14:31:15,PTBA,RG,4230,2,D,XL,ZP,F
14:31:15,PTBA,RG,4230,1,F,AK,ZP,F
14:31:15,PTBA,RG,4230,10,D,PD,ZP,F
14:31:15,PTBA,RG,4230,2,D,YP,ZP,F
14:31:15,PTBA,RG,4230,10,D,YP,ZP,F
14:31:15,PTBA,RG,4230,5,D,YP,ZP,F
14:31:15,PTBA,RG,4230,10,D,CC,ZP,F
14:31:15,PTBA,RG,4230,2,F,AK,ZP,F
14:31:15,PTBA,RG,4230,61,F,ZP,ZP,F
14:31:15,PTBA,RG,4230,35,D,CC,ZP,F
14:31:15,PTBA,RG,4230,5,D,YP,ZP,F
14:31:15,PTBA,RG,4230,1,D,XL,ZP,F
14:31:15,PTBA,RG,4230,1,D,YP,ZP,F
14:31:15,PTBA,RG,4230,12,D,EP,ZP,F
14:31:15,PTBA,RG,4230,2,D,PD,ZP,F
14:31:15,PTBA,RG,4230,5,D,NI,ZP,F
14:31:15,PTBA,RG,4230,83,D,CS,ZP,F
14:31:15,PTBA,RG,4230,2,D,XC,ZP,F
14:31:15,PTBA,RG,4230,50,D,CC,ZP,F
14:31:15,PTBA,RG,4230,10,D,YP,ZP,F
14:31:15,PTBA,RG,4230,2,D,DH,ZP,F
14:31:15,PTBA,RG,4230,12,D,PD,ZP,F
14:31:15,PTBA,RG,4230,6,D,YP,ZP,F
14:31:15,PTBA,RG,4230,3,F,AK,ZP,F
14:31:15,PTBA,RG,4230,2,D,XC,ZP,F
14:31:15,PTBA,RG,4230,32,D,XL,ZP,F
14:31:15,PTBA,RG,4230,25,D,CC,ZP,F
14:31:15,PTBA,RG,4230,30,D,LG,ZP,F
14:31:15,PTBA,RG,4230,4,D,LG,ZP,F
14:31:15,PTBA,RG,4230,12,D,PD,ZP,F
14:31:15,PTBA,RG,4230,2,D,DH,ZP,F
14:31:15,PTBA,RG,4230,2,F,AK,ZP,F
14:31:15,PTBA,RG,4230,2,D,LG,ZP,F
14:31:15,PTBA,RG,4230,2,D,CC,ZP,F
14:31:15,PTBA,RG,4230,2,F,AK,ZP,F
14:31:15,PTBA,RG,4230,2,D,XC,ZP,F
14:31:15,PTBA,RG,4230,50,D,NI,ZP,F
14:31:15,PTBA,RG,4230,300,D,AN,ZP,F
14:31:15,PTBA,RG,4230,5,D,NI,ZP,F
14:31:15,PTBA,RG,4230,1000,D,EP,ZP,F
14:31:15,PTBA,RG,4230,3,D,XC,ZP,F
14:31:15,PTBA,RG,4230,200,D,YP,ZP,F
14:31:15,PTBA,RG,4230,200,D,YP,ZP,F
14:31:15,PTBA,RG,4230,72,D,YP,ZP,F
14:31:15,PTBA,RG,4230,2,D,XL,ZP,F
14:31:15,PTBA,RG,4230,1,D,XC,ZP,F
14:31:15,PTBA,RG,4230,200,D,PD,ZP,F
14:31:15,PTBA,RG,4230,591,D,CC,ZP,F
14:31:15,PTBA,RG,4230,1,D,XC,ZP,F
14:31:15,PTBA,RG,4230,100,D,SQ,ZP,F
14:31:15,PTBA,RG,4230,1,F,AK,ZP,F
14:31:15,PTBA,RG,4230,5,D,EP,ZP,F
14:31:15,PTBA,RG,4230,1,D,PD,ZP,F
14:31:15,PTBA,RG,4230,1,D,XA,ZP,F
14:31:15,PTBA,RG,4230,35,D,SQ,ZP,F
14:31:15,PTBA,RG,4230,5,D,XC,ZP,F
14:31:15,PTBA,RG,4230,10,D,CC,ZP,F
14:31:15,PTBA,RG,4230,3,F,AK,ZP,F
14:31:15,PTBA,RG,4230,1,D,XC,ZP,F
14:31:15,PTBA,RG,4230,1,D,PD,ZP,F
14:31:15,PTBA,RG,4230,10,D,YP,ZP,F
14:31:15,PTBA,RG,4230,10,D,YP,ZP,F
14:31:15,PTBA,RG,4230,2,D,XC,ZP,F
14:31:15,PTBA,RG,4230,2,D,PD,ZP,F
14:31:15,PTBA,RG,4230,40,D,LG,ZP,F
14:31:15,PTBA,RG,4230,3,D,PD,ZP,F
14:31:15,PTBA,RG,4230,100,D,YP,ZP,F
14:31:15,PTBA,RG,4230,44,D,CS,ZP,F
14:31:15,PTBA,RG,4230,1,D,SQ,ZP,F
14:31:15,PTBA,RG,4230,2,D,YP,ZP,F
14:31:15,PTBA,RG,4230,10,D,NI,ZP,F
14:31:15,PTBA,RG,4230,1,D,XL,ZP,F
14:31:15,PTBA,RG,4230,2,F,AK,ZP,F
14:31:15,PTBA,RG,4230,2,F,AK,ZP,F
14:31:15,PTBA,RG,4230,1,D,PD,ZP,F
14:31:15,PTBA,RG,4230,11,D,YP,ZP,F
14:31:15,PTBA,RG,4230,5,D,XL,ZP,F
14:31:15,PTBA,RG,4230,6,D,PD,ZP,F
14:31:15,PTBA,RG,4230,5,D,PD,ZP,F
14:31:15,PTBA,RG,4230,126,F,BK,ZP,F
14:31:15,PTBA,RG,4230,1,D,XC,ZP,F
14:31:15,PTBA,RG,4230,1,D,PD,ZP,F
14:31:15,PTBA,RG,4230,2,D,BB,ZP,F
14:31:15,PTBA,RG,4230,43,F,ZP,ZP,F
14:31:15,PTBA,RG,4230,1,D,PD,ZP,F
14:31:15,PTBA,RG,4230,10,D,YP,ZP,F
14:31:15,PTBA,RG,4230,808,D,CC,ZP,F
14:31:14,PTBA,RG,4230,2,D,CC,ZP,D
14:31:14,PTBA,RG,4240,1,D,LG,CS,F
14:30:59,PTBA,RG,4240,1,D,CC,CS,F
14:30:59,PTBA,RG,4240,2,D,CC,ZP,F
14:30:59,PTBA,RG,4230,5,D,CC,PD,D
14:30:34,PTBA,RG,4230,185,D,CC,YP,D
14:30:34,PTBA,RG,4230,34,D,CC,YP,D
14:30:34,PTBA,RG,4230,3,D,XL,YP,D
14:30:34,PTBA,RG,4230,1,D,XC,YP,D
14:30:34,PTBA,RG,4230,5,D,PD,YP,D
14:30:34,PTBA,RG,4230,2,D,YP,YP,D
14:30:34,PTBA,RG,4230,1,D,XC,YP,D
14:30:34,PTBA,RG,4230,1,D,XL,YP,D
14:30:34,PTBA,RG,4230,59,D,XL,YP,D
14:30:34,PTBA,RG,4230,100,D,YP,YP,D
14:30:34,PTBA,RG,4230,1,D,YP,YP,D
14:30:34,PTBA,RG,4230,5,D,PD,YP,D
14:30:34,PTBA,RG,4230,59,D,CC,YP,D
14:30:34,PTBA,RG,4230,12,D,CC,YP,D
14:30:34,PTBA,RG,4230,2,D,PD,YP,D
14:30:34,PTBA,RG,4230,10,D,SQ,YP,D
14:30:34,PTBA,RG,4230,1,D,PD,YP,D
14:30:34,PTBA,RG,4230,7,F,ZP,YP,D
14:30:34,PTBA,RG,4230,50,D,PD,YP,D
14:30:34,PTBA,RG,4230,3,D,XC,YP,D
14:30:34,PTBA,RG,4230,25,D,PD,YP,D
14:30:34,PTBA,RG,4230,5,D,YP,YP,D
14:30:34,PTBA,RG,4230,1,D,GR,YP,D
14:30:34,PTBA,RG,4230,1,D,CC,YP,D
14:30:34,PTBA,RG,4230,2,D,XC,YP,D
14:30:34,PTBA,RG,4230,200,D,YP,YP,D
14:30:34,PTBA,RG,4230,1,D,XL,YP,D
14:30:34,PTBA,RG,4230,5,D,NI,YP,D
14:30:34,PTBA,RG,4230,5,D,XC,YP,D
14:30:34,PTBA,RG,4230,1,D,HP,YP,D
14:30:34,PTBA,RG,4230,5,D,PD,YP,D
14:30:34,PTBA,RG,4230,1,D,XC,YP,D
14:30:34,PTBA,RG,4230,2,D,XL,YP,D
14:30:34,PTBA,RG,4230,1,D,XC,YP,D
14:30:34,PTBA,RG,4230,2,D,PD,YP,D
14:30:34,PTBA,RG,4230,500,D,PD,YP,D
14:30:34,PTBA,RG,4230,45,D,XC,YP,D
14:30:34,PTBA,RG,4230,1,D,XC,YP,D
14:30:34,PTBA,RG,4230,3,D,XL,YP,D
14:30:34,PTBA,RG,4230,1,D,YP,YP,D
14:30:34,PTBA,RG,4230,15,D,XL,YP,D
14:30:34,PTBA,RG,4230,200,D,CC,YP,D
14:30:34,PTBA,RG,4230,10,D,PD,YP,D
14:30:34,PTBA,RG,4230,5,D,NI,YP,D
14:30:34,PTBA,RG,4230,100,D,SQ,YP,D
14:30:34,PTBA,RG,4230,2,D,NI,YP,D
14:30:34,PTBA,RG,4230,10,D,YP,YP,D
14:30:34,PTBA,RG,4230,3,D,XC,YP,D
14:30:34,PTBA,RG,4230,10,D,XC,YP,D
14:30:34,PTBA,RG,4230,2,D,DH,YP,D
14:30:34,PTBA,RG,4230,5,D,YP,YP,D
14:30:34,PTBA,RG,4230,2,D,EP,YP,D
14:30:34,PTBA,RG,4230,2,D,BQ,YP,D
14:30:34,PTBA,RG,4230,25,D,CP,YP,D
14:30:34,PTBA,RG,4230,100,D,SQ,YP,D
14:30:34,PTBA,RG,4230,1,D,XL,YP,D
14:30:34,PTBA,RG,4230,5,D,PD,YP,D
14:30:34,PTBA,RG,4230,1,D,SQ,YP,D
14:30:34,PTBA,RG,4230,2,D,YP,YP,D
14:30:34,PTBA,RG,4230,200,D,YP,YP,D
14:30:34,PTBA,RG,4230,1,D,XL,YP,D
14:30:34,PTBA,RG,4230,2,D,YP,YP,D
14:30:34,PTBA,RG,4230,5,D,NI,YP,D
14:30:34,PTBA,RG,4230,2,D,YP,YP,D
14:30:34,PTBA,RG,4230,1,D,SQ,YP,D
14:30:34,PTBA,RG,4230,50,D,XL,YP,D
14:30:34,PTBA,RG,4230,1,D,PD,YP,D
14:30:34,PTBA,RG,4230,10,D,LS,YP,D
14:30:34,PTBA,RG,4230,25,D,KK,YP,D
14:30:34,PTBA,RG,4230,2,D,YP,YP,D
14:30:34,PTBA,RG,4230,2,D,XL,YP,D
14:30:34,PTBA,RG,4230,5,D,NI,YP,D
14:30:34,PTBA,RG,4230,2,D,OD,YP,D
14:30:34,PTBA,RG,4230,5,D,PD,YP,D
14:30:34,PTBA,RG,4230,6,D,XL,YP,D
14:30:34,PTBA,RG,4230,45,D,ZP,YP,D
14:30:34,PTBA,RG,4230,1,D,OD,YP,D
14:30:34,PTBA,RG,4230,1,D,PD,YP,D
14:30:34,PTBA,RG,4230,3,D,XC,YP,D
14:30:34,PTBA,RG,4230,3,D,XC,YP,D
14:30:34,PTBA,RG,4230,36,D,LG,YP,D
14:30:34,PTBA,RG,4230,19,D,YP,YP,D
14:30:34,PTBA,RG,4230,100,D,DR,YP,D
14:30:34,PTBA,RG,4230,5,D,CC,YP,D
14:30:34,PTBA,RG,4230,10,D,PD,YP,D
14:30:34,PTBA,RG,4230,10,D,YP,YP,D
14:30:34,PTBA,RG,4230,2,D,NI,YP,D
14:30:34,PTBA,RG,4230,10,D,PD,YP,D
14:30:34,PTBA,RG,4230,87,D,LG,YP,D
14:30:34,PTBA,RG,4230,12,D,LG,YP,D
14:30:34,PTBA,RG,4230,20,D,SQ,YP,D
14:30:34,PTBA,RG,4230,10,D,PG,YP,D
14:30:34,PTBA,RG,4230,20,D,DR,YP,D
14:30:34,PTBA,RG,4230,2,D,DR,YP,D
14:30:34,PTBA,RG,4230,200,D,PD,YP,D
14:30:34,PTBA,RG,4230,1,D,YP,YP,D
14:30:34,PTBA,RG,4230,50,D,OD,YP,D
14:30:34,PTBA,RG,4230,3,D,PD,YP,D
14:30:34,PTBA,RG,4230,1,D,XL,YP,D
14:30:34,PTBA,RG,4230,1,D,XC,YP,D
14:30:34,PTBA,RG,4230,5,D,PD,YP,D
14:30:34,PTBA,RG,4230,20,D,CC,YP,D
14:30:34,PTBA,RG,4230,25,D,YP,YP,D
14:30:34,PTBA,RG,4230,1,D,NI,YP,D
14:30:34,PTBA,RG,4230,5,D,CC,YP,D
14:30:34,PTBA,RG,4230,3,D,YP,YP,D
14:30:34,PTBA,RG,4230,1,D,PD,YP,D
14:30:34,PTBA,RG,4230,10,D,NI,YP,D
14:30:34,PTBA,RG,4230,3,D,KK,YP,D
14:30:34,PTBA,RG,4230,1,D,DH,YP,D
14:30:34,PTBA,RG,4230,13,D,XL,YP,D
14:30:34,PTBA,RG,4230,1,D,KK,YP,D
14:30:34,PTBA,RG,4230,30,D,GR,YP,D
14:30:34,PTBA,RG,4230,1,D,YP,YP,D
14:30:34,PTBA,RG,4230,20,D,YP,YP,D
14:30:34,PTBA,RG,4230,2,D,XL,YP,D
14:30:34,PTBA,RG,4230,1,D,KK,YP,D
14:30:34,PTBA,RG,4230,1,D,NI,YP,D
14:30:34,PTBA,RG,4230,60,D,KK,YP,D
14:30:34,PTBA,RG,4230,3,D,PD,YP,D
14:30:34,PTBA,RG,4230,1,D,PD,YP,D
14:30:34,PTBA,RG,4230,1,D,XL,YP,D
14:30:34,PTBA,RG,4230,10,D,CC,YP,D
14:30:34,PTBA,RG,4230,13,D,LG,YP,D
14:30:34,PTBA,RG,4230,1,D,YB,YP,D
14:30:34,PTBA,RG,4230,10,D,NI,YP,D
14:30:34,PTBA,RG,4230,1,D,PD,YP,D
14:30:34,PTBA,RG,4230,10,D,PD,YP,D
14:30:34,PTBA,RG,4230,2,D,XC,YP,D
14:30:34,PTBA,RG,4230,10,D,CC,YP,D
14:30:34,PTBA,RG,4230,1,D,XL,YP,D
14:30:34,PTBA,RG,4230,900,D,OD,YP,D
14:30:34,PTBA,RG,4230,2,F,ZP,YP,D
14:30:34,PTBA,RG,4230,10,D,NI,YP,D
14:30:34,PTBA,RG,4230,2,D,ZP,YP,D
14:30:34,PTBA,RG,4230,10,D,CC,YP,D
14:30:34,PTBA,RG,4230,15,D,YP,YP,D
14:30:34,PTBA,RG,4230,1,D,NI,YP,D
14:30:34,PTBA,RG,4230,2,D,CC,YP,D
14:30:34,PTBA,RG,4230,2,D,PD,YP,D
14:30:34,PTBA,RG,4230,2,D,NI,YP,D
14:30:34,PTBA,RG,4230,1,D,PD,YP,D
14:30:34,PTBA,RG,4230,1,D,PD,YP,D
14:30:34,PTBA,RG,4230,1,D,NI,YP,D
14:30:34,PTBA,RG,4230,5,D,KK,YP,D
14:30:34,PTBA,RG,4230,2,D,NI,YP,D
14:30:34,PTBA,RG,4230,2,D,PD,YP,D
14:30:34,PTBA,RG,4230,108,D,GR,YP,D
14:30:34,PTBA,RG,4230,1,D,XC,YP,D
14:30:34,PTBA,RG,4230,10,D,CC,YP,D
14:30:34,PTBA,RG,4230,5,D,CC,YP,D
14:30:34,PTBA,RG,4230,2,D,PD,YP,D
14:30:34,PTBA,RG,4230,1,D,CC,YP,D
14:30:34,PTBA,RG,4230,2,D,DH,YP,D
14:30:34,PTBA,RG,4230,50,D,GR,YP,D
14:30:34,PTBA,RG,4230,1,D,CC,YP,D
14:30:34,PTBA,RG,4230,10,D,YP,YP,D
14:30:34,PTBA,RG,4230,3,D,XL,YP,D
14:30:34,PTBA,RG,4230,8,D,NI,YP,D
14:30:34,PTBA,RG,4230,2,D,CC,YP,D
14:30:34,PTBA,RG,4230,1,D,XC,YP,D
14:30:34,PTBA,RG,4230,1,D,XL,YP,D
14:30:34,PTBA,RG,4230,40,D,DX,YP,D
14:30:34,PTBA,RG,4230,20,D,DH,YP,D
14:30:34,PTBA,RG,4230,1,D,PD,YP,D
14:30:34,PTBA,RG,4230,5,D,TP,YP,D
14:30:34,PTBA,RG,4230,3,D,NI,YP,D
14:30:34,PTBA,RG,4230,1,D,XC,YP,D
14:30:34,PTBA,RG,4230,5,D,XC,YP,D
14:30:34,PTBA,RG,4230,5,D,LG,YP,D
14:30:34,PTBA,RG,4230,5,D,PD,YP,D
14:30:34,PTBA,RG,4230,3,D,PD,YP,D
14:30:34,PTBA,RG,4230,2,D,XC,YP,D
14:30:34,PTBA,RG,4230,10,D,YP,YP,D
14:30:34,PTBA,RG,4230,200,D,YP,YP,D
14:30:34,PTBA,RG,4230,200,D,YP,YP,D
14:30:34,PTBA,RG,4230,1,D,YP,YP,D
14:30:34,PTBA,RG,4230,65,D,LG,YP,D
14:30:34,PTBA,RG,4230,9,D,LG,YP,D
14:30:34,PTBA,RG,4230,100,D,DR,YP,D
14:30:34,PTBA,RG,4230,2,D,PD,YP,D
14:30:34,PTBA,RG,4230,75,D,OD,YP,D
14:30:33,PTBA,RG,4240,1,D,PD,ZP,F
14:30:28,PTBA,RG,4240,21,D,OD,ZP,F
14:30:28,PTBA,RG,4240,3,D,OD,ZP,F
14:30:28,PTBA,RG,4240,69,D,OD,ZP,F
14:30:28,PTBA,RG,4240,7,D,OD,ZP,F
14:30:27,PTBA,RG,4240,3,D,BB,ZP,F
14:30:20,PTBA,RG,4240,1,D,PD,ZP,F
14:30:07,PTBA,RG,4240,3,D,DR,ZP,F
14:29:57,PTBA,RG,4240,1,D,PD,ZP,F
14:29:51,PTBA,RG,4240,5,D,PD,ZP,F
14:29:48,PTBA,RG,4240,3,D,LG,ZP,F
14:29:45,PTBA,RG,4230,1,D,OD,PD,D
14:29:37,PTBA,RG,4240,3,D,KK,ZP,F
14:29:22,PTBA,RG,4230,16,D,OD,XL,D
14:29:15,PTBA,RG,4240,12,D,YP,ZP,F
14:29:15,PTBA,RG,4230,134,D,OD,YU,D
14:29:12,PTBA,RG,4230,17,D,OD,YU,D
14:29:12,PTBA,RG,4230,50,D,OD,YU,D
14:29:12,PTBA,RG,4230,17,D,OD,YU,D
14:29:11,PTBA,RG,4240,5,D,KK,ZP,F
14:29:11,PTBA,RG,4230,63,D,OD,YU,D
14:29:09,PTBA,RG,4230,7,D,OD,ZP,D
14:29:09,PTBA,RG,4230,6,D,OD,YU,D
14:29:03,PTBA,RG,4230,24,D,OD,PD,D
14:28:55,PTBA,RG,4240,2,D,YP,ZP,F
14:28:53,PTBA,RG,4230,18,D,OD,DR,D
14:28:48,PTBA,RG,4240,16,D,XC,ZP,F
14:28:38,PTBA,RG,4240,5,D,XC,ZP,F
14:28:38,PTBA,RG,4240,9,D,AT,ZP,F
14:28:35,PTBA,RG,4240,50,D,CC,ZP,F
14:28:28,PTBA,RG,4240,60,D,OD,ZP,F
14:28:21,PTBA,RG,4240,10,D,CC,ZP,F
14:28:16,PTBA,RG,4240,2,D,XL,ZP,F
14:28:12,PTBA,RG,4240,2,D,NI,ZP,F
14:27:48,PTBA,RG,4240,100,D,GR,ZP,F
14:27:38,PTBA,RG,4240,50,D,PD,ZP,F
14:27:25,PTBA,RG,4230,1,D,OD,XC,D
14:27:23,PTBA,RG,4230,4,D,OD,SQ,D
14:27:22,PTBA,RG,4230,1,D,OD,PD,D
14:27:15,PTBA,RG,4230,1,D,OD,PD,D
14:27:08,PTBA,RG,4240,1,D,PD,ZP,F
14:27:07,PTBA,RG,4230,55,D,OD,PD,D
14:27:00,PTBA,RG,4240,1,F,AK,ZP,F
14:26:59,PTBA,RG,4240,2,D,NI,ZP,F
14:26:55,PTBA,RG,4230,2,D,OD,XC,D
14:26:52,PTBA,RG,4240,10,D,YP,ZP,F
14:26:46,PTBA,RG,4230,6,D,OD,YU,D
14:26:46,PTBA,RG,4230,15,D,OD,YU,D
14:26:44,PTBA,RG,4230,69,D,OD,YU,D
14:26:42,PTBA,RG,4230,44,D,OD,YU,D
14:26:41,PTBA,RG,4230,17,D,OD,YU,D
14:26:40,PTBA,RG,4230,133,D,OD,YU,D
14:26:31,PTBA,RG,4240,1,D,AZ,ZP,F
14:26:27,PTBA,RG,4240,4,D,NI,ZP,F
14:26:19,PTBA,RG,4240,2,D,XL,ZP,F
14:26:18,PTBA,RG,4240,5,D,PD,ZP,F
14:26:17,PTBA,RG,4230,1,D,OD,PD,D
14:25:56,PTBA,RG,4240,1,D,PD,ZP,F
14:25:54,PTBA,RG,4240,3,D,NI,ZP,F
14:25:52,PTBA,RG,4240,35,D,AZ,ZP,F
14:25:49,PTBA,RG,4240,3,D,XA,ZP,F
14:25:48,PTBA,RG,4240,200,D,OD,ZP,F
14:25:40,PTBA,RG,4230,1,D,OD,LG,D
14:25:31,PTBA,RG,4240,5,D,YP,ZP,F
14:25:29,PTBA,RG,4240,50,D,GR,ZP,F
14:25:24,PTBA,RG,4240,3,D,NI,ZP,F
14:25:22,PTBA,RG,4240,1,D,CP,ZP,F
14:25:18,PTBA,RG,4240,100,D,YP,ZP,F
14:25:14,PTBA,RG,4240,10,D,CC,ZP,F
14:25:11,PTBA,RG,4240,1,D,OD,ZP,F
14:25:07,PTBA,RG,4240,1,D,XL,ZP,F
14:24:56,PTBA,RG,4240,100,D,YP,ZP,F
14:24:51,PTBA,RG,4240,50,D,GR,ZP,F
14:24:47,PTBA,RG,4240,5,D,NI,ZP,F
14:24:44,PTBA,RG,4240,30,D,ZP,ZP,F
14:24:43,PTBA,RG,4240,25,D,YP,ZP,F
14:24:41,PTBA,RG,4230,1,D,OD,PD,D
14:24:29,PTBA,RG,4240,50,D,NI,ZP,F
14:24:25,PTBA,RG,4240,5,D,EP,ZP,F
14:24:20,PTBA,RG,4240,5,D,NI,ZP,F
14:24:20,PTBA,RG,4240,40,D,AI,ZP,F
14:24:20,PTBA,RG,4240,2,D,CC,ZP,F
14:24:20,PTBA,RG,4240,8,D,YP,ZP,F
14:24:20,PTBA,RG,4240,1,D,XC,ZP,F
14:24:20,PTBA,RG,4240,6,F,AK,ZP,F
14:24:20,PTBA,RG,4240,4,D,XC,ZP,F
14:24:20,PTBA,RG,4240,68,D,CS,ZP,F
14:24:20,PTBA,RG,4240,15,D,CS,ZP,F
14:24:20,PTBA,RG,4240,500,D,XA,ZP,F
14:24:20,PTBA,RG,4240,2,D,PD,ZP,F
14:24:20,PTBA,RG,4240,5,D,EP,ZP,F
14:24:20,PTBA,RG,4240,1,D,PD,ZP,F
14:24:20,PTBA,RG,4240,50,D,YP,ZP,F
14:24:20,PTBA,RG,4240,2,D,DH,ZP,F
14:24:20,PTBA,RG,4240,1,D,CC,ZP,F
14:24:20,PTBA,RG,4240,1,D,XC,ZP,F
14:24:20,PTBA,RG,4240,10,D,PD,ZP,F
14:24:20,PTBA,RG,4240,10,D,XL,ZP,F
14:24:20,PTBA,RG,4240,1,D,PD,ZP,F
14:24:20,PTBA,RG,4240,2,D,BB,ZP,F
14:24:20,PTBA,RG,4240,20,D,YP,ZP,F
14:24:20,PTBA,RG,4240,1,D,CC,ZP,F
14:24:20,PTBA,RG,4240,47,D,XL,ZP,F
14:24:20,PTBA,RG,4240,2,D,PD,ZP,F
14:24:20,PTBA,RG,4240,4,D,YP,ZP,F
14:24:20,PTBA,RG,4240,100,D,GR,ZP,F
14:24:20,PTBA,RG,4240,2,F,AK,ZP,F
14:24:20,PTBA,RG,4240,2,D,PD,ZP,F
14:24:20,PTBA,RG,4240,1,D,YP,ZP,F
14:24:20,PTBA,RG,4240,1,D,HP,ZP,F
14:24:20,PTBA,RG,4240,1,D,PD,ZP,F
14:24:20,PTBA,RG,4240,2,F,AK,ZP,F
14:24:20,PTBA,RG,4240,1,D,AZ,ZP,F
14:24:20,PTBA,RG,4240,5,D,EP,ZP,F
14:24:20,PTBA,RG,4240,16,F,ZP,ZP,F
14:24:20,PTBA,RG,4240,601,D,CC,ZP,F
14:24:20,PTBA,RG,4240,7,D,XL,ZP,F
14:24:18,PTBA,RG,4240,5,D,XL,YU,D
14:24:18,PTBA,RG,4240,1,D,PD,YU,D
14:24:18,PTBA,RG,4240,44,D,CC,YU,D
14:24:18,PTBA,RG,4240,4,D,NI,YU,D
14:24:18,PTBA,RG,4240,6,D,NI,YU,D
14:24:18,PTBA,RG,4240,2,D,YP,YU,D
14:24:18,PTBA,RG,4240,2,F,AK,YU,D
14:24:18,PTBA,RG,4240,6,F,BK,YU,D
14:24:17,PTBA,RG,4240,16,F,BK,YU,D
14:24:16,PTBA,RG,4240,90,F,BK,YU,D
14:24:16,PTBA,RG,4240,1,D,NI,YU,D
14:24:16,PTBA,RG,4240,3,D,PD,YU,D
14:24:16,PTBA,RG,4240,36,D,SQ,YU,D
14:24:14,PTBA,RG,4240,63,D,SQ,YU,D
14:24:12,PTBA,RG,4240,1,D,SQ,YU,D
14:24:12,PTBA,RG,4240,5,D,KK,YU,D
14:23:59,PTBA,RG,4240,15,D,KK,EP,D
14:23:58,PTBA,RG,4250,3,D,XL,BQ,D
14:23:21,PTBA,RG,4240,1,D,NI,PD,D
14:23:21,PTBA,RG,4240,100,D,YP,PD,D
14:23:21,PTBA,RG,4240,20,D,CC,PD,D
14:23:21,PTBA,RG,4240,100,D,YP,PD,D
14:23:21,PTBA,RG,4240,1,F,AK,PD,D
14:23:21,PTBA,RG,4240,1,D,XC,PD,D
14:23:21,PTBA,RG,4240,2,D,OD,PD,D
14:23:21,PTBA,RG,4240,2,F,AK,PD,D
14:23:21,PTBA,RG,4240,15,D,NI,PD,D
14:23:21,PTBA,RG,4240,1,D,PD,PD,D
14:23:21,PTBA,RG,4240,100,D,AZ,PD,D
14:23:21,PTBA,RG,4240,157,D,CC,PD,D
14:23:13,PTBA,RG,4240,28,D,CC,CC,D
14:23:12,PTBA,RG,4240,2,D,CC,PD,D
14:23:11,PTBA,RG,4240,413,D,CC,IN,D
14:23:11,PTBA,RG,4240,52,D,CS,IN,D
14:23:11,PTBA,RG,4240,1,D,BB,IN,D
14:23:11,PTBA,RG,4240,6,D,CS,IN,D
14:23:11,PTBA,RG,4240,28,D,MG,IN,D
14:22:38,PTBA,RG,4240,4,D,MG,XC,D
14:22:37,PTBA,RG,4240,1,D,MG,AZ,D
14:22:36,PTBA,RG,4240,1,D,MG,YU,D
14:22:22,PTBA,RG,4240,1,D,MG,OD,D
14:21:58,PTBA,RG,4240,1,D,MG,PD,D
14:21:51,PTBA,RG,4250,1,D,XL,BQ,D
14:21:46,PTBA,RG,4240,2,D,MG,AZ,D
14:21:44,PTBA,RG,4250,25,D,NI,BQ,D
14:21:43,PTBA,RG,4240,20,D,MG,EP,D
14:21:17,PTBA,RG,4240,2,D,MG,ZP,F
14:21:17,PTBA,RG,4240,46,D,MG,ZP,F
14:21:17,PTBA,RG,4240,2,D,MG,CS,F
14:21:17,PTBA,RG,4240,3,D,MG,CS,F
14:21:17,PTBA,RG,4240,889,D,MG,CP,D
14:21:16,PTBA,RG,4240,1,D,PD,CP,D
14:21:11,PTBA,RG,4240,3,D,AZ,CP,D
14:21:11,PTBA,RG,4240,2,D,NI,CP,D
14:21:00,PTBA,RG,4240,123,F,BK,CP,D
14:21:00,PTBA,RG,4240,1,D,XC,CP,D
14:21:00,PTBA,RG,4240,1,D,PD,CP,D
14:21:00,PTBA,RG,4240,24,D,XC,CP,D
14:21:00,PTBA,RG,4240,5,D,XC,CP,D
14:21:00,PTBA,RG,4240,1,D,PD,CP,D
14:21:00,PTBA,RG,4240,1,D,PD,CP,D
14:21:00,PTBA,RG,4240,2,F,ZP,CP,D
14:21:00,PTBA,RG,4240,2,D,XC,CP,D
14:21:00,PTBA,RG,4240,4,D,PD,CP,D
14:21:00,PTBA,RG,4240,1,D,PD,CP,D
14:21:00,PTBA,RG,4240,10,D,YP,CP,D
14:21:00,PTBA,RG,4240,3,D,YP,CP,D
14:21:00,PTBA,RG,4240,3,D,XC,CP,D
14:21:00,PTBA,RG,4240,1,F,AK,CP,D
14:21:00,PTBA,RG,4240,1,F,AK,CP,D
14:21:00,PTBA,RG,4240,3,F,AK,CP,D
14:21:00,PTBA,RG,4240,3,F,AK,CP,D
14:21:00,PTBA,RG,4240,1,F,AK,CP,D
14:21:00,PTBA,RG,4240,3,F,AK,CP,D
14:21:00,PTBA,RG,4240,50,D,SQ,CP,D
14:21:00,PTBA,RG,4240,2,D,CS,CP,D
14:21:00,PTBA,RG,4240,1,D,BB,CP,D
14:21:00,PTBA,RG,4240,38,D,CS,CP,D
14:20:43,PTBA,RG,4240,10,D,CS,YP,D
14:20:43,PTBA,RG,4240,45,D,NI,YP,D
14:20:38,PTBA,RG,4240,5,D,NI,YP,D
14:20:11,PTBA,RG,4240,5,D,XA,XA,D
14:20:11,PTBA,RG,4240,20,D,CC,XA,D
14:20:11,PTBA,RG,4240,130,D,CC,CC,F
14:20:11,PTBA,RG,4240,5,D,CC,ZP,F
14:20:11,PTBA,RG,4240,45,D,CC,ZP,F
14:20:11,PTBA,RG,4240,53,D,CC,DR,D
14:20:11,PTBA,RG,4240,25,D,CC,PD,D
14:20:11,PTBA,RG,4240,3,D,CC,XC,D
14:20:11,PTBA,RG,4240,20,D,CC,YP,D
14:20:11,PTBA,RG,4240,9,D,CC,YU,D
14:20:11,PTBA,RG,4240,74,D,CC,YU,D
14:20:11,PTBA,RG,4240,3,D,CC,YU,D
14:20:11,PTBA,RG,4240,29,D,CC,YU,D
14:20:11,PTBA,RG,4240,9,D,CC,YU,D
14:20:11,PTBA,RG,4240,26,D,CC,YU,D
14:20:11,PTBA,RG,4240,1,D,CC,CP,D
14:20:11,PTBA,RG,4240,22,D,CC,YU,D
14:20:11,PTBA,RG,4240,8,D,CC,YU,D
14:20:11,PTBA,RG,4240,9,D,CC,YU,D
14:20:11,PTBA,RG,4240,62,D,CC,YU,D
14:20:11,PTBA,RG,4240,29,D,CC,YU,D
14:20:11,PTBA,RG,4240,3,D,CC,YU,D
14:20:11,PTBA,RG,4240,10,D,CC,KK,D
14:20:11,PTBA,RG,4240,213,D,CC,ZP,F
14:20:11,PTBA,RG,4240,8,D,CC,CC,D
14:20:11,PTBA,RG,4240,184,D,CC,PD,D
14:20:08,PTBA,RG,4240,5,D,NI,PD,D
14:20:07,PTBA,RG,4240,156,F,AK,PD,D
14:20:07,PTBA,RG,4240,2,D,PD,PD,D
14:19:55,PTBA,RG,4240,10,D,KK,PD,D
14:19:52,PTBA,RG,4240,1,D,XC,PD,D
14:19:48,PTBA,RG,4240,1,D,EP,PD,D
14:19:47,PTBA,RG,4240,50,D,NI,PD,D
14:19:44,PTBA,RG,4240,91,D,DR,PD,D
14:19:44,PTBA,RG,4240,336,D,DR,ZP,F
14:19:44,PTBA,RG,4240,51,D,DR,ZP,F
14:19:44,PTBA,RG,4240,522,D,DR,CS,F
14:19:15,PTBA,RG,4240,1,D,XL,CS,F
14:19:08,PTBA,RG,4240,16,D,XL,CS,F
14:19:05,PTBA,RG,4240,1,D,XC,CS,F
14:19:04,PTBA,RG,4230,8,D,OD,YP,D
14:18:59,PTBA,RG,4240,2,D,CC,CS,F
14:18:59,PTBA,RG,4240,3,D,XC,CS,F
14:18:58,PTBA,RG,4240,20,D,PD,CS,F
14:18:57,PTBA,RG,4240,276,D,XC,CS,F
14:18:57,PTBA,RG,4240,17,D,XC,ZP,D
14:18:57,PTBA,RG,4240,2,D,XC,ZP,F
14:18:57,PTBA,RG,4240,37,D,XC,YU,D
14:18:57,PTBA,RG,4240,58,D,XC,YU,D
14:18:57,PTBA,RG,4240,35,D,XC,YU,D
14:18:57,PTBA,RG,4240,47,D,XC,YU,D
14:18:57,PTBA,RG,4240,15,D,OD,YU,D
14:18:57,PTBA,RG,4240,45,D,OD,ZP,F
14:18:54,PTBA,RG,4240,5,D,EP,ZP,F
14:18:49,PTBA,RG,4240,5,D,YP,ZP,F
14:18:40,PTBA,RG,4240,3,D,EP,ZP,F
14:18:40,PTBA,RG,4240,2,D,EP,YU,D
14:18:39,PTBA,RG,4240,2,D,XC,YU,D
14:18:38,PTBA,RG,4240,5,D,XC,YU,D
14:18:38,PTBA,RG,4240,9,D,XC,YU,D
14:18:38,PTBA,RG,4240,3,D,XC,YU,D
14:18:38,PTBA,RG,4240,12,D,XC,YU,D
14:18:30,PTBA,RG,4240,1,D,NI,YU,D
14:18:29,PTBA,RG,4240,1,D,KK,YU,D
14:18:29,PTBA,RG,4240,8,D,YP,YU,D
14:18:29,PTBA,RG,4240,3,D,YP,YU,D
14:18:29,PTBA,RG,4240,23,D,YP,YU,D
14:18:29,PTBA,RG,4240,1,D,YP,CS,F
14:18:29,PTBA,RG,4240,8,D,YP,YU,D
14:18:29,PTBA,RG,4240,1,D,YP,CS,F
14:18:29,PTBA,RG,4240,9,D,YP,YU,D
14:18:29,PTBA,RG,4240,3,D,YP,CS,F
14:18:29,PTBA,RG,4240,444,D,YP,ZP,F
14:18:28,PTBA,RG,4240,2,D,YP,ZP,F
14:18:27,PTBA,RG,4240,1,D,PD,ZP,F
14:17:59,PTBA,RG,4240,50,D,YP,ZP,F
14:17:58,PTBA,RG,4230,2,D,OD,HP,D
14:17:47,PTBA,RG,4240,1,D,KK,ZP,F
14:17:47,PTBA,RG,4240,150,D,EP,ZP,F
14:17:41,PTBA,RG,4240,1,D,YP,ZP,F
14:17:39,PTBA,RG,4240,230,D,CC,ZP,F
14:17:32,PTBA,RG,4240,1,D,XC,ZP,F
14:17:31,PTBA,RG,4240,13,D,PD,ZP,F
14:17:31,PTBA,RG,4240,1,D,HP,ZP,F
14:17:30,PTBA,RG,4240,1000,D,DR,ZP,F
14:17:28,PTBA,RG,4240,1,D,YP,ZP,F
14:17:25,PTBA,RG,4240,30,D,LG,ZP,F
14:17:25,PTBA,RG,4240,1,F,AK,ZP,F
14:17:25,PTBA,RG,4240,51,F,ZP,ZP,F
14:17:25,PTBA,RG,4240,30,D,PD,ZP,F
14:17:25,PTBA,RG,4240,6,D,BB,ZP,F
14:17:25,PTBA,RG,4240,100,D,SQ,ZP,F
14:17:25,PTBA,RG,4240,5,D,NI,ZP,F
14:17:25,PTBA,RG,4240,4,D,XC,ZP,F
14:17:25,PTBA,RG,4240,60,D,CC,ZP,F
14:17:25,PTBA,RG,4240,2,D,PD,ZP,F
14:17:25,PTBA,RG,4240,36,D,CC,ZP,F
14:17:25,PTBA,RG,4240,4,D,CC,ZP,F
14:17:25,PTBA,RG,4240,5,D,PD,ZP,F
14:17:25,PTBA,RG,4240,55,D,CC,ZP,F
14:17:25,PTBA,RG,4240,75,D,OD,ZP,F
14:17:25,PTBA,RG,4240,10,D,NI,ZP,F
14:17:25,PTBA,RG,4240,1,D,NI,ZP,F
14:17:25,PTBA,RG,4240,9,D,PD,ZP,F
14:17:25,PTBA,RG,4240,52,D,EP,ZP,F
14:17:25,PTBA,RG,4240,3,D,NI,ZP,F
14:17:25,PTBA,RG,4240,5,D,PD,ZP,F
14:17:25,PTBA,RG,4240,200,D,YP,ZP,F
14:17:25,PTBA,RG,4240,200,D,YP,ZP,F
14:17:25,PTBA,RG,4240,15,D,YP,ZP,F
14:17:25,PTBA,RG,4240,1,F,AK,ZP,F
14:17:25,PTBA,RG,4240,1,D,YP,ZP,F
14:17:25,PTBA,RG,4240,1,D,XC,ZP,F
14:17:25,PTBA,RG,4240,27,D,LG,ZP,F
14:17:25,PTBA,RG,4240,2,D,CC,ZP,F
14:17:25,PTBA,RG,4240,30,D,LG,ZP,F
14:17:25,PTBA,RG,4240,10,D,NI,ZP,F
14:17:25,PTBA,RG,4240,2,D,DR,ZP,F
14:17:25,PTBA,RG,4240,52,D,XC,ZP,F
14:17:25,PTBA,RG,4240,4,D,YP,ZP,F
14:17:25,PTBA,RG,4240,3,D,XL,ZP,F
14:17:25,PTBA,RG,4240,1,D,DH,ZP,F
14:17:25,PTBA,RG,4240,50,D,PD,ZP,F
14:17:25,PTBA,RG,4240,45,D,LG,ZP,F
14:17:25,PTBA,RG,4240,1,D,NI,ZP,F
14:17:25,PTBA,RG,4240,1,D,NI,ZP,F
14:17:25,PTBA,RG,4240,3,D,PD,ZP,F
14:17:25,PTBA,RG,4240,3,D,CC,ZP,F
14:17:25,PTBA,RG,4240,10,D,SQ,ZP,F
14:17:25,PTBA,RG,4240,26,D,LG,ZP,F
14:17:25,PTBA,RG,4240,3,D,LG,ZP,F
14:17:25,PTBA,RG,4240,3,D,XC,ZP,F
14:17:25,PTBA,RG,4240,1,D,XC,ZP,F
14:17:25,PTBA,RG,4240,131,D,LG,ZP,F
14:17:25,PTBA,RG,4240,18,D,LG,ZP,F
14:17:25,PTBA,RG,4240,26,D,CC,ZP,F
14:17:25,PTBA,RG,4240,10,D,SQ,ZP,F
14:17:25,PTBA,RG,4240,2,D,OD,ZP,F
14:17:25,PTBA,RG,4240,2,D,EP,ZP,F
14:17:25,PTBA,RG,4240,5,D,NI,ZP,F
14:17:25,PTBA,RG,4240,250,D,YP,ZP,F
14:17:25,PTBA,RG,4240,40,D,GR,ZP,F
14:17:25,PTBA,RG,4240,10,D,PD,ZP,F
14:17:25,PTBA,RG,4240,20,D,YP,ZP,F
14:17:25,PTBA,RG,4240,2,D,BQ,ZP,F
14:17:25,PTBA,RG,4240,1,D,NI,ZP,F
14:17:25,PTBA,RG,4240,10,D,PD,ZP,F
14:17:25,PTBA,RG,4240,200,D,YP,ZP,F
14:17:25,PTBA,RG,4240,1000,D,IN,ZP,F
14:17:25,PTBA,RG,4240,1,D,KK,ZP,F
14:17:25,PTBA,RG,4240,1,D,YP,ZP,F
14:17:25,PTBA,RG,4240,10,D,YP,ZP,F
14:17:25,PTBA,RG,4240,1,D,PD,ZP,F
14:17:25,PTBA,RG,4240,1,D,NI,ZP,F
14:17:25,PTBA,RG,4240,1,D,DX,ZP,F
14:17:25,PTBA,RG,4240,5,D,YP,ZP,F
14:17:25,PTBA,RG,4240,15,D,NI,ZP,F
14:17:25,PTBA,RG,4240,4,D,PD,ZP,F
14:17:25,PTBA,RG,4240,9,F,ZP,ZP,F
14:17:25,PTBA,RG,4240,1,D,YP,ZP,F
14:17:25,PTBA,RG,4240,1,D,DH,ZP,F
14:17:25,PTBA,RG,4240,1,D,PD,ZP,F
14:17:25,PTBA,RG,4240,200,D,YP,ZP,F
14:17:25,PTBA,RG,4240,8,D,NI,ZP,F
14:17:25,PTBA,RG,4240,2,D,YP,ZP,F
14:17:25,PTBA,RG,4240,5,D,PD,ZP,F
14:17:25,PTBA,RG,4240,10,D,YP,ZP,F
14:17:25,PTBA,RG,4240,15,D,XC,ZP,F
14:17:25,PTBA,RG,4240,10,D,PD,ZP,F
14:17:25,PTBA,RG,4240,2,D,YP,ZP,F
14:17:25,PTBA,RG,4240,50,D,CC,ZP,F
14:17:25,PTBA,RG,4240,1,D,AZ,ZP,F
14:17:25,PTBA,RG,4240,2,D,XC,ZP,F
14:17:25,PTBA,RG,4240,1,D,NI,ZP,F
14:17:25,PTBA,RG,4240,5,D,XL,ZP,F
14:17:25,PTBA,RG,4240,5,D,PD,ZP,F
14:17:25,PTBA,RG,4240,5,D,CC,ZP,F
14:17:25,PTBA,RG,4240,5,D,PD,ZP,F
14:17:25,PTBA,RG,4240,22,D,LG,ZP,F
14:17:25,PTBA,RG,4240,2,D,KK,ZP,F
14:17:25,PTBA,RG,4240,50,D,IP,ZP,F
14:17:25,PTBA,RG,4240,75,D,PD,ZP,F
14:17:25,PTBA,RG,4240,1,D,PD,ZP,F
14:17:25,PTBA,RG,4240,1,D,KK,ZP,F
14:17:25,PTBA,RG,4240,707,D,YP,ZP,F
14:17:25,PTBA,RG,4240,100,D,PD,ZP,F
14:17:25,PTBA,RG,4240,1,F,AK,ZP,F
14:17:25,PTBA,RG,4240,1,F,AK,ZP,F
14:17:25,PTBA,RG,4240,602,D,MG,ZP,F
14:17:20,PTBA,RG,4250,1,D,HP,BQ,D
14:17:18,PTBA,RG,4250,10,D,XC,BQ,D
14:17:15,PTBA,RG,4240,5,D,MG,PD,D
14:17:13,PTBA,RG,4250,1,D,XC,BQ,D
14:17:11,PTBA,RG,4250,2,D,NI,BQ,D
14:17:05,PTBA,RG,4250,10,D,XL,BQ,D
14:17:04,PTBA,RG,4250,21,F,ZP,BQ,D
14:17:04,PTBA,RG,4250,1,F,AK,BQ,D
14:17:04,PTBA,RG,4250,1,F,AK,BQ,D
14:17:04,PTBA,RG,4250,1,F,AK,BQ,D
14:17:04,PTBA,RG,4250,3,F,AK,BQ,D
14:17:04,PTBA,RG,4250,1,F,AK,BQ,D
14:17:04,PTBA,RG,4250,15,D,PD,BQ,D
14:17:04,PTBA,RG,4250,50,D,NI,BQ,D
14:17:04,PTBA,RG,4250,200,D,YP,BQ,D
14:17:04,PTBA,RG,4250,49,D,CS,BQ,D
14:17:04,PTBA,RG,4250,29,D,CS,BQ,D
14:17:04,PTBA,RG,4250,2,D,YP,BQ,D
14:17:04,PTBA,RG,4250,200,D,YP,BQ,D
14:17:04,PTBA,RG,4250,1,D,DH,BQ,D
14:17:04,PTBA,RG,4250,1,F,AK,BQ,D
14:17:04,PTBA,RG,4250,1,F,AK,BQ,D
14:17:04,PTBA,RG,4250,3,F,AK,BQ,D
14:17:04,PTBA,RG,4250,1,F,AK,BQ,D
14:17:04,PTBA,RG,4250,10,D,KK,BQ,D
14:17:04,PTBA,RG,4250,524,F,BK,BQ,D
14:17:04,PTBA,RG,4250,100,D,YP,BQ,D
14:17:04,PTBA,RG,4250,10,D,PD,BQ,D
14:17:04,PTBA,RG,4250,5,D,PD,BQ,D
14:17:04,PTBA,RG,4250,6,D,CC,BQ,D
14:17:04,PTBA,RG,4250,40,D,CS,BQ,D
14:17:04,PTBA,RG,4250,20,D,CS,BQ,D
14:17:04,PTBA,RG,4250,494,D,YP,BQ,D
14:16:55,PTBA,RG,4250,16,D,YP,YU,D
14:16:54,PTBA,RG,4250,18,D,YP,YU,D
14:16:54,PTBA,RG,4250,20,D,CC,YU,D
14:16:54,PTBA,RG,4250,1,D,AZ,YU,D
14:16:54,PTBA,RG,4250,1,D,KK,YU,D
14:16:54,PTBA,RG,4250,8,D,LG,YU,D
14:16:54,PTBA,RG,4250,14,D,LG,YU,D
14:16:54,PTBA,RG,4250,6,D,BB,YU,D
14:16:54,PTBA,RG,4250,10,D,EP,YU,D
14:16:54,PTBA,RG,4250,39,D,PD,YU,D
14:16:51,PTBA,RG,4250,16,D,PD,YU,D
14:16:50,PTBA,RG,4250,127,D,PD,YU,D
14:16:49,PTBA,RG,4250,6,D,PD,YU,D
14:16:42,PTBA,RG,4250,12,D,PD,YB,D
14:16:42,PTBA,RG,4250,1,D,YU,YB,D
14:16:42,PTBA,RG,4250,1,D,CS,YB,D
14:16:42,PTBA,RG,4250,6,F,ZP,YB,D
14:16:12,PTBA,RG,4260,5,D,NI,ZP,F
14:16:08,PTBA,RG,4250,10,F,ZP,PD,D
14:16:08,PTBA,RG,4250,44,D,CC,PD,D
14:16:08,PTBA,RG,4250,1,D,XC,PD,D
14:16:05,PTBA,RG,4260,10,D,CC,ZP,F
14:15:55,PTBA,RG,4260,1,D,YP,ZP,F
14:15:45,PTBA,RG,4260,1,F,AK,ZP,F
14:15:45,PTBA,RG,4260,20,D,NI,ZP,F
14:15:34,PTBA,RG,4260,1,D,YP,ZP,F
14:15:18,PTBA,RG,4250,1,D,XC,ZP,F
14:15:16,PTBA,RG,4250,43,D,PD,YU,D
14:15:13,PTBA,RG,4250,5,D,CC,YU,D
14:15:09,PTBA,RG,4250,1,D,CC,YU,D
14:15:09,PTBA,RG,4250,10,D,YP,YU,D
14:15:06,PTBA,RG,4250,4,D,TF,YU,D
14:15:06,PTBA,RG,4250,3,D,TF,YU,D
14:15:06,PTBA,RG,4250,8,D,TF,YU,D
14:15:06,PTBA,RG,4250,28,D,TF,YU,D
14:15:06,PTBA,RG,4250,35,D,TF,YU,D
14:15:06,PTBA,RG,4250,22,D,TF,ZP,F
14:15:05,PTBA,RG,4250,11,D,NI,ZP,F
14:14:59,PTBA,RG,4250,1,D,YP,ZP,F
14:14:58,PTBA,RG,4250,5,D,OD,ZP,F
14:14:57,PTBA,RG,4250,3,D,YP,ZP,F
14:14:57,PTBA,RG,4250,22,D,XL,ZP,F
14:14:52,PTBA,RG,4250,72,D,DR,ZP,F
14:14:52,PTBA,RG,4250,1,D,DR,CC,D
14:14:52,PTBA,RG,4250,90,D,DR,PD,D
14:14:52,PTBA,RG,4250,5,D,DR,YP,D
14:14:52,PTBA,RG,4250,226,D,DR,ZP,F
14:14:52,PTBA,RG,4250,30,D,DR,CC,D
14:14:52,PTBA,RG,4250,100,D,DR,CC,F
14:14:52,PTBA,RG,4250,3,D,DR,CS,F
14:14:52,PTBA,RG,4250,74,D,DR,ZP,F
14:14:52,PTBA,RG,4250,399,D,DR,ZP,F
14:14:49,PTBA,RG,4250,8,D,SQ,ZP,F
14:14:49,PTBA,RG,4250,5,D,PD,ZP,F
14:14:47,PTBA,RG,4250,1,D,AZ,ZP,F
14:14:41,PTBA,RG,4250,1,D,XC,ZP,F
14:14:39,PTBA,RG,4250,10,D,EP,ZP,F
14:14:35,PTBA,RG,4250,2,D,EP,ZP,F
14:14:25,PTBA,RG,4240,15,D,MG,YU,D
14:14:21,PTBA,RG,4250,10,D,NI,ZP,F
14:14:21,PTBA,RG,4250,15,D,NI,CS,F
14:14:19,PTBA,RG,4250,10,D,ZP,CS,F
14:14:18,PTBA,RG,4240,12,D,MG,YP,D
14:14:17,PTBA,RG,4250,18,D,XC,CS,F
14:14:12,PTBA,RG,4250,2,D,YP,CS,F
14:14:01,PTBA,RG,4250,5,D,PD,CS,F
14:14:00,PTBA,RG,4250,1,D,NI,CS,F
14:13:55,PTBA,RG,4250,1,D,NI,CS,F
14:13:52,PTBA,RG,4250,5,D,NI,CS,F
14:13:46,PTBA,RG,4250,1,D,YP,CS,F
14:13:44,PTBA,RG,4250,62,F,ZP,CS,F
14:13:44,PTBA,RG,4250,111,D,DR,CS,F
14:13:44,PTBA,RG,4250,5,D,DR,ZP,F
14:13:44,PTBA,RG,4250,500,D,DR,PD,D
14:13:44,PTBA,RG,4250,4,D,DR,CS,F
14:13:44,PTBA,RG,4250,1,D,DR,CS,F
14:13:44,PTBA,RG,4250,500,D,DR,AK,D
14:13:44,PTBA,RG,4250,61,D,DR,ZP,F
14:13:44,PTBA,RG,4250,666,D,DR,ZP,F
14:13:44,PTBA,RG,4250,60,D,DR,CC,F
14:13:44,PTBA,RG,4250,92,D,DR,KK,D
14:13:42,PTBA,RG,4250,1,D,NI,KK,D
14:13:40,PTBA,RG,4250,5,D,PD,KK,D
14:13:18,PTBA,RG,4250,147,D,YP,KK,D
14:13:13,PTBA,RG,4240,18,D,MG,YU,D
14:13:13,PTBA,RG,4240,5,D,MG,YU,D
14:13:12,PTBA,RG,4240,62,D,MG,YU,D
14:13:10,PTBA,RG,4240,138,D,MG,YU,D
14:13:09,PTBA,RG,4240,49,D,MG,YU,D
14:13:08,PTBA,RG,4250,400,D,YP,KK,D
14:13:08,PTBA,RG,4250,400,D,YP,KK,D
14:13:02,PTBA,RG,4250,1,D,XC,KK,D
14:12:57,PTBA,RG,4250,1,D,XC,KK,D
14:12:49,PTBA,RG,4250,1,D,PD,KK,D
14:12:45,PTBA,RG,4250,250,D,CC,KK,D
14:12:43,PTBA,RG,4240,94,D,MG,IU,D
14:12:43,PTBA,RG,4240,6,D,KK,IU,D
14:12:41,PTBA,RG,4240,4,D,KK,PD,D
14:12:33,PTBA,RG,4250,5,D,XC,KK,D
14:12:33,PTBA,RG,4250,5,D,PD,KK,D
14:12:12,PTBA,RG,4250,1,D,PD,KK,D
14:12:10,PTBA,RG,4250,3,D,PD,KK,D
14:12:00,PTBA,RG,4250,8,D,XC,KK,D
14:11:53,PTBA,RG,4240,17,D,KK,YU,D
14:11:51,PTBA,RG,4250,1,D,DR,KK,D
14:11:34,PTBA,RG,4250,10,D,AZ,KK,D
14:11:16,PTBA,RG,4240,1,D,KK,PD,D
14:11:10,PTBA,RG,4250,5,D,YP,KK,D
14:10:57,PTBA,RG,4250,1,D,XC,KK,D
14:10:52,PTBA,RG,4250,1,D,PD,KK,D
14:10:51,PTBA,RG,4250,1,D,CC,KK,D
14:10:50,PTBA,RG,4250,25,D,NI,KK,D
14:10:49,PTBA,RG,4250,18,D,NI,KK,D
14:10:46,PTBA,RG,4250,5,D,PD,KK,D
14:10:43,PTBA,RG,4240,68,D,KK,YU,D
14:10:41,PTBA,RG,4240,6,D,KK,YU,D
14:10:41,PTBA,RG,4240,48,D,KK,YU,D
14:10:41,PTBA,RG,4240,81,D,PD,YU,D
14:10:40,PTBA,RG,4240,45,D,PD,YU,D
14:10:39,PTBA,RG,4250,10,D,YP,KK,D
14:10:39,PTBA,RG,4240,16,D,PD,YU,D
14:10:31,PTBA,RG,4250,1,D,YP,KK,D
14:10:25,PTBA,RG,4250,1,D,YP,KK,D
14:10:22,PTBA,RG,4250,1,F,AK,KK,D
14:10:22,PTBA,RG,4250,5,F,AK,KK,D
14:10:22,PTBA,RG,4250,1,F,AK,KK,D
14:10:22,PTBA,RG,4250,1,D,PD,KK,D
14:10:22,PTBA,RG,4250,2,D,BB,KK,D
14:10:22,PTBA,RG,4250,1,D,DR,KK,D
14:10:22,PTBA,RG,4250,1,F,AK,KK,D
14:10:22,PTBA,RG,4250,5,F,AK,KK,D
14:10:22,PTBA,RG,4250,6,F,AK,KK,D
14:10:22,PTBA,RG,4250,2,F,AK,KK,D
14:10:22,PTBA,RG,4250,1,D,YP,KK,D
14:10:22,PTBA,RG,4250,2,D,DR,KK,D
14:10:22,PTBA,RG,4250,300,D,PD,KK,D
14:10:22,PTBA,RG,4250,5,D,DH,KK,D
14:10:22,PTBA,RG,4250,34,D,CS,KK,D
14:10:22,PTBA,RG,4250,34,D,CC,KK,D
14:10:14,PTBA,RG,4260,1,D,PD,ZP,F
14:10:00,PTBA,RG,4250,15,F,AK,XC,D
14:10:00,PTBA,RG,4250,53,F,AK,BK,F
14:10:00,PTBA,RG,4250,210,F,AK,BK,F
14:10:00,PTBA,RG,4250,286,D,DR,BK,F
14:10:00,PTBA,RG,4250,9,D,DR,YU,D
14:10:00,PTBA,RG,4250,8,D,DR,ZP,D
14:10:00,PTBA,RG,4250,3,D,DR,ZP,F
14:10:00,PTBA,RG,4250,1,D,DR,CS,F
14:10:00,PTBA,RG,4250,25,D,DR,ZP,F
14:10:00,PTBA,RG,4250,3,D,DR,CS,F
14:10:00,PTBA,RG,4250,665,D,DR,ZP,F
14:09:59,PTBA,RG,4240,32,D,PD,BK,F
14:09:58,PTBA,RG,4250,200,D,LG,ZP,F
14:09:49,PTBA,RG,4250,2,D,XC,ZP,F
14:09:42,PTBA,RG,4250,1,D,NI,ZP,F
14:09:40,PTBA,RG,4240,25,D,PD,BK,F
14:09:37,PTBA,RG,4240,35,D,PD,BK,F
14:09:36,PTBA,RG,4250,1,D,EP,ZP,F
14:09:36,PTBA,RG,4250,25,D,XC,ZP,F
14:09:35,PTBA,RG,4250,90,D,XC,ZP,F
14:09:32,PTBA,RG,4250,20,D,OD,ZP,F
14:09:31,PTBA,RG,4240,111,D,PD,BK,F
14:09:30,PTBA,RG,4250,2,D,XC,ZP,F
14:09:29,PTBA,RG,4250,2,F,AK,ZP,F
14:09:29,PTBA,RG,4250,1,F,AK,ZP,F
14:09:29,PTBA,RG,4250,2,D,CC,ZP,F
14:09:29,PTBA,RG,4250,40,D,GR,ZP,F
14:09:29,PTBA,RG,4250,12,D,XC,ZP,F
14:09:29,PTBA,RG,4250,5,D,PD,ZP,F
14:09:29,PTBA,RG,4250,4,F,AK,ZP,F
14:09:29,PTBA,RG,4250,1,F,AK,ZP,F
14:09:29,PTBA,RG,4250,2,F,AK,ZP,F
14:09:29,PTBA,RG,4250,4,D,BB,ZP,F
14:09:29,PTBA,RG,4250,1,D,PD,ZP,F
14:09:29,PTBA,RG,4250,2,D,BQ,ZP,F
14:09:29,PTBA,RG,4250,100,D,YP,ZP,F
14:09:29,PTBA,RG,4250,2,D,YP,ZP,F
14:09:29,PTBA,RG,4250,25,D,YP,ZP,F
14:09:29,PTBA,RG,4250,10,D,SQ,ZP,F
14:09:29,PTBA,RG,4250,10,D,CC,ZP,F
14:09:29,PTBA,RG,4250,500,D,CC,ZP,F
14:09:29,PTBA,RG,4250,250,D,KK,ZP,F
14:09:29,PTBA,RG,4250,10,D,PD,ZP,F
14:09:29,PTBA,RG,4250,5,D,PD,ZP,F
14:09:29,PTBA,RG,4250,100,D,YP,ZP,F
14:09:29,PTBA,RG,4250,10,D,SQ,ZP,F
14:09:29,PTBA,RG,4250,66,D,CS,ZP,F
14:09:29,PTBA,RG,4250,1,D,PD,ZP,F
14:09:29,PTBA,RG,4250,5,D,PD,ZP,F
14:09:29,PTBA,RG,4250,10,D,SQ,ZP,F
14:09:29,PTBA,RG,4250,3,F,AK,ZP,F
14:09:29,PTBA,RG,4250,1,F,AK,ZP,F
14:09:29,PTBA,RG,4250,2,F,AK,ZP,F
14:09:29,PTBA,RG,4250,2,D,NI,ZP,F
14:09:29,PTBA,RG,4250,306,D,YP,ZP,F
14:09:24,PTBA,RG,4250,64,D,YP,ZP,F
14:09:24,PTBA,RG,4250,330,D,YP,PD,D
14:09:24,PTBA,RG,4250,5,D,NI,PD,D
14:09:24,PTBA,RG,4250,1,D,EP,PD,D
14:09:24,PTBA,RG,4250,10,D,YP,PD,D
14:09:24,PTBA,RG,4250,6,D,NI,PD,D
14:09:24,PTBA,RG,4250,20,D,PD,PD,D
14:09:24,PTBA,RG,4250,128,D,PD,PD,D
14:09:17,PTBA,RG,4250,55,D,PD,PD,D
14:09:14,PTBA,RG,4260,1,D,XC,ZP,F
14:09:08,PTBA,RG,4250,17,D,PD,ZP,F
14:09:08,PTBA,RG,4250,94,D,YP,ZP,F
14:09:08,PTBA,RG,4250,50,D,NI,ZP,F
14:09:08,PTBA,RG,4250,10,D,NI,ZP,F
14:09:08,PTBA,RG,4250,3,F,AK,ZP,F
14:09:08,PTBA,RG,4250,2,F,AK,ZP,F
14:09:08,PTBA,RG,4250,3,F,AK,ZP,F
14:09:08,PTBA,RG,4250,18,F,ZP,ZP,F
14:09:08,PTBA,RG,4250,20,D,CC,ZP,F
14:09:08,PTBA,RG,4250,6,D,YP,ZP,F
14:08:44,PTBA,RG,4250,33,D,YP,BK,F
14:08:40,PTBA,RG,4250,67,D,YP,YP,D
14:08:40,PTBA,RG,4260,20,D,GI,ZP,F
14:08:33,PTBA,RG,4260,1,D,PD,ZP,F
14:08:30,PTBA,RG,4260,3,F,AK,ZP,F
14:08:26,PTBA,RG,4260,3,D,NI,ZP,F
14:08:17,PTBA,RG,4250,16,D,YP,YU,D
14:08:17,PTBA,RG,4250,61,D,YP,YU,D
14:08:16,PTBA,RG,4250,17,D,YP,BK,F
14:08:16,PTBA,RG,4250,23,D,ZP,BK,F
14:08:16,PTBA,RG,4250,6,D,ZP,YU,D
14:08:14,PTBA,RG,4250,54,D,ZP,YU,D
14:08:14,PTBA,RG,4250,16,D,ZP,YU,D
14:08:14,PTBA,RG,4250,1,D,ZP,BK,F
14:08:14,PTBA,RG,4250,31,D,YP,BK,F
14:08:13,PTBA,RG,4250,137,D,YP,YU,D
14:08:07,PTBA,RG,4250,30,D,YP,BK,F
14:08:04,PTBA,RG,4260,14,D,XC,ZP,F
14:08:03,PTBA,RG,4250,2,D,YP,PD,D
14:08:03,PTBA,RG,4250,7,D,NI,PD,D
14:08:03,PTBA,RG,4250,10,D,YP,PD,D
14:08:03,PTBA,RG,4250,10,D,YP,PD,D
14:08:03,PTBA,RG,4250,25,D,NI,PD,D
14:08:03,PTBA,RG,4250,1,D,CS,PD,D
14:08:02,PTBA,RG,4250,42,D,CS,BK,F
14:08:01,PTBA,RG,4250,1,D,CS,NI,D
14:07:58,PTBA,RG,4250,29,D,CS,BK,F
14:07:58,PTBA,RG,4250,2,D,DX,BK,F
14:07:58,PTBA,RG,4250,143,D,YP,BK,F
14:07:58,PTBA,RG,4250,1,D,BB,BK,F
14:07:58,PTBA,RG,4250,1,D,NI,BK,F
14:07:58,PTBA,RG,4250,4,D,CC,BK,F
14:07:56,PTBA,RG,4260,1610,D,DR,ZP,F
14:07:56,PTBA,RG,4260,10,D,DR,YP,D
14:07:56,PTBA,RG,4260,250,D,DR,AK,D
14:07:56,PTBA,RG,4260,1,D,DR,PD,D
14:07:56,PTBA,RG,4260,2,D,DR,PD,D
14:07:56,PTBA,RG,4260,5,D,DR,EP,D
14:07:56,PTBA,RG,4260,3,D,DR,NI,D
14:07:56,PTBA,RG,4260,20,D,DR,YP,D
14:07:56,PTBA,RG,4260,5,D,DR,PD,D
14:07:56,PTBA,RG,4260,1,D,DR,PD,D
14:07:56,PTBA,RG,4260,93,D,DR,GR,D
14:07:33,PTBA,RG,4260,10,D,YP,GR,D
14:07:33,PTBA,RG,4260,1,D,HP,GR,D
14:07:31,PTBA,RG,4260,5,D,PD,GR,D
14:07:30,PTBA,RG,4260,30,D,NI,GR,D
14:07:23,PTBA,RG,4260,1,D,IF,GR,D
14:07:23,PTBA,RG,4260,2,D,NI,GR,D
14:07:23,PTBA,RG,4260,1,D,XC,GR,D
14:07:21,PTBA,RG,4260,10,D,CC,GR,D
14:07:08,PTBA,RG,4260,1,D,AZ,GR,D
14:07:05,PTBA,RG,4260,5,D,YP,GR,D
14:07:01,PTBA,RG,4260,20,D,CC,GR,D
14:06:52,PTBA,RG,4260,1,D,YP,GR,D
14:06:42,PTBA,RG,4260,1,D,PD,GR,D
14:06:28,PTBA,RG,4250,4,D,CC,OD,D
14:06:12,PTBA,RG,4250,1,D,CC,PD,D
14:06:11,PTBA,RG,4250,36,D,CC,PD,D
14:06:11,PTBA,RG,4250,5,D,CC,PD,D
14:06:11,PTBA,RG,4250,1,D,PD,PD,D
14:06:11,PTBA,RG,4250,3,F,AK,PD,D
14:06:11,PTBA,RG,4250,1,F,AK,PD,D
14:06:11,PTBA,RG,4250,1,F,AK,PD,D
14:06:11,PTBA,RG,4250,3,D,YP,PD,D
14:06:06,PTBA,RG,4250,25,F,BK,YP,D
14:06:06,PTBA,RG,4250,26,F,BK,CC,D
14:06:04,PTBA,RG,4250,37,F,BK,OD,D
14:06:04,PTBA,RG,4250,30,D,CS,OD,D
14:06:04,PTBA,RG,4250,30,D,CS,OD,D
14:06:04,PTBA,RG,4250,17,D,CS,OD,D
14:06:04,PTBA,RG,4250,7,D,CS,OD,D
14:06:04,PTBA,RG,4250,12,D,CS,OD,D
14:06:04,PTBA,RG,4250,167,D,DR,OD,D
14:06:01,PTBA,RG,4250,100,D,DR,AG,D
14:05:53,PTBA,RG,4250,10,D,DR,YP,D
14:05:50,PTBA,RG,4260,3,D,DX,GR,D
14:05:29,PTBA,RG,4250,223,D,DR,ZP,F
14:05:27,PTBA,RG,4250,5,D,DR,ZP,D
14:05:27,PTBA,RG,4250,1,D,DR,ZP,F
14:05:27,PTBA,RG,4250,68,D,DR,BK,F
14:05:27,PTBA,RG,4250,426,D,DR,PD,D
14:05:23,PTBA,RG,4250,20,D,YP,PD,D
14:05:22,PTBA,RG,4250,2,F,ZP,PD,D
14:05:22,PTBA,RG,4250,10,D,PD,PD,D
14:05:21,PTBA,RG,4250,42,D,LG,PD,D
14:05:21,PTBA,RG,4250,8,D,LG,AK,D
14:05:21,PTBA,RG,4250,45,D,PD,AK,D
14:05:16,PTBA,RG,4250,197,D,PD,AK,D
14:05:16,PTBA,RG,4250,3,D,PD,BK,F
14:05:12,PTBA,RG,4250,20,D,XC,BK,F
14:05:02,PTBA,RG,4250,10,F,AK,PD,D
14:05:02,PTBA,RG,4250,36,F,AK,CS,F
14:05:02,PTBA,RG,4250,208,D,PD,CS,F
14:05:02,PTBA,RG,4250,2,D,PD,CS,F
14:05:02,PTBA,RG,4250,186,D,PD,BK,F
14:05:02,PTBA,RG,4250,107,D,PD,ZP,F
14:05:02,PTBA,RG,4250,96,D,PD,ZP,F
14:05:00,PTBA,RG,4250,15,D,AZ,ZP,F
14:04:58,PTBA,RG,4250,1,D,XC,ZP,F
14:04:52,PTBA,RG,4240,1,D,PD,XL,D
14:04:50,PTBA,RG,4250,2,D,YP,ZP,F
14:04:49,PTBA,RG,4250,1,F,AK,ZP,F
14:04:49,PTBA,RG,4250,1,F,AK,ZP,F
14:04:49,PTBA,RG,4250,1,F,AK,ZP,F
14:04:49,PTBA,RG,4250,1,F,AK,ZP,F
14:04:49,PTBA,RG,4250,1,D,PD,ZP,F
14:04:49,PTBA,RG,4250,1,D,SQ,ZP,F
14:04:49,PTBA,RG,4250,144,D,XC,ZP,F
14:04:49,PTBA,RG,4250,100,D,YP,ZP,F
14:04:49,PTBA,RG,4250,100,D,YP,ZP,F
14:04:49,PTBA,RG,4250,200,D,YB,ZP,F
14:04:49,PTBA,RG,4250,200,D,YP,ZP,F
14:04:49,PTBA,RG,4250,5,D,PD,ZP,F
14:04:49,PTBA,RG,4250,1,D,SQ,ZP,F
14:04:49,PTBA,RG,4250,5,D,DR,ZP,F
14:04:49,PTBA,RG,4250,1,D,PD,ZP,F
14:04:49,PTBA,RG,4250,1,F,AK,ZP,F
14:04:49,PTBA,RG,4250,2,F,AK,ZP,F
14:04:49,PTBA,RG,4250,1,F,AK,ZP,F
14:04:49,PTBA,RG,4250,1,F,AK,ZP,F
14:04:49,PTBA,RG,4250,19,D,CS,ZP,F
14:04:49,PTBA,RG,4250,42,D,CC,ZP,F
14:04:49,PTBA,RG,4250,88,F,BK,ZP,F
14:04:49,PTBA,RG,4250,5,D,BB,ZP,F
14:04:49,PTBA,RG,4250,50,F,ZP,ZP,F
14:04:49,PTBA,RG,4250,30,D,CS,ZP,F
14:04:49,PTBA,RG,4250,8,D,CS,ZP,F
14:04:44,PTBA,RG,4250,250,D,YP,AK,D
14:04:35,PTBA,RG,4260,2,D,XC,GR,D
14:04:26,PTBA,RG,4250,3,D,YP,CC,D
14:04:22,PTBA,RG,4250,1,D,YP,YP,D
14:04:16,PTBA,RG,4260,34,D,CS,GR,D
14:04:16,PTBA,RG,4260,9,D,CS,AZ,D
14:04:16,PTBA,RG,4260,1,D,CS,NI,D
14:04:16,PTBA,RG,4260,7,D,CS,XL,D
14:04:16,PTBA,RG,4260,10,D,CS,CC,D
14:04:16,PTBA,RG,4260,5,D,CS,NI,D
14:04:16,PTBA,RG,4250,1,D,YP,YP,D
14:04:16,PTBA,RG,4250,299,D,YP,CS,F
14:04:16,PTBA,RG,4250,7,D,YP,YU,D
14:04:16,PTBA,RG,4250,27,D,YP,YU,D
14:04:16,PTBA,RG,4250,8,D,YP,YU,D
14:04:16,PTBA,RG,4250,67,D,YP,YU,D
14:04:16,PTBA,RG,4250,33,D,YP,YU,D
14:04:16,PTBA,RG,4250,3,D,YP,YU,D
14:04:16,PTBA,RG,4250,13,D,YP,ZP,F
14:04:16,PTBA,RG,4250,500,D,YP,PD,D
14:04:16,PTBA,RG,4250,9,D,YP,YU,D
14:04:16,PTBA,RG,4250,30,D,YP,YU,D
14:04:16,PTBA,RG,4250,3,D,YP,YU,D
14:04:16,PTBA,RG,4250,21,D,YP,YU,D
14:04:16,PTBA,RG,4250,7,D,YP,YU,D
14:04:16,PTBA,RG,4250,1,D,YP,XC,D
14:04:16,PTBA,RG,4250,72,D,YP,YU,D
14:04:16,PTBA,RG,4250,5,D,YP,PD,D
14:04:16,PTBA,RG,4250,5,D,YP,XC,D
14:04:16,PTBA,RG,4250,5,D,YP,CS,F
14:04:16,PTBA,RG,4250,50,D,YP,OD,D
14:04:16,PTBA,RG,4250,11,D,YP,ZP,D
14:04:16,PTBA,RG,4250,3,D,YP,YU,D
14:04:16,PTBA,RG,4250,32,D,YP,YU,D
14:04:16,PTBA,RG,4250,26,D,YP,YU,D
14:04:16,PTBA,RG,4250,62,D,YP,YU,D
14:04:16,PTBA,RG,4250,9,D,YP,YU,D
14:04:16,PTBA,RG,4250,7,D,YP,YU,D
14:04:16,PTBA,RG,4250,6,D,YP,ZP,F
14:04:16,PTBA,RG,4250,75,D,YP,CC,F
14:04:16,PTBA,RG,4250,130,D,YP,ZP,F
14:04:16,PTBA,RG,4250,60,D,YP,AN,D
14:04:14,PTBA,RG,4250,40,D,CP,AN,D
14:04:14,PTBA,RG,4250,1,D,CP,YP,D
14:04:14,PTBA,RG,4250,1,D,CP,XL,D
14:04:14,PTBA,RG,4250,250,D,CP,AK,D
14:04:14,PTBA,RG,4250,1,D,CP,ZP,F
14:04:14,PTBA,RG,4250,7,D,CP,ZP,F
14:04:14,PTBA,RG,4250,164,D,CP,RF,D
14:04:09,PTBA,RG,4250,1,D,OD,RF,D
14:04:05,PTBA,RG,4250,50,D,EP,RF,D
14:04:01,PTBA,RG,4250,1,D,KK,RF,D
14:03:59,PTBA,RG,4250,1,D,YP,RF,D
14:03:57,PTBA,RG,4250,7,D,YP,RF,D
14:03:55,PTBA,RG,4250,43,D,YP,RF,D
14:03:46,PTBA,RG,4250,1,D,OD,RF,D
14:03:45,PTBA,RG,4250,2,F,AK,RF,D
14:03:40,PTBA,RG,4250,1,D,OD,RF,D
14:03:38,PTBA,RG,4250,3,D,XC,RF,D
14:03:35,PTBA,RG,4250,1,D,OD,RF,D
14:03:34,PTBA,RG,4250,195,D,IN,RF,D
14:03:34,PTBA,RG,4250,5,D,IN,NI,D
14:03:34,PTBA,RG,4250,4,D,IN,XC,D
14:03:34,PTBA,RG,4250,5,D,IN,PD,D
14:03:34,PTBA,RG,4250,15,D,IN,PD,D
14:03:34,PTBA,RG,4250,2,D,IN,PD,D
14:03:34,PTBA,RG,4250,19,D,IN,EP,D
14:03:34,PTBA,RG,4250,49,D,IN,AI,D
14:03:34,PTBA,RG,4250,206,D,IN,KK,D
14:03:34,PTBA,RG,4250,2,D,AZ,KK,D
14:03:33,PTBA,RG,4250,1,D,XC,KK,D
14:03:31,PTBA,RG,4250,26,D,YP,KK,D
14:03:31,PTBA,RG,4250,2,D,YP,PD,D
14:03:31,PTBA,RG,4250,250,D,YP,AK,D
14:03:31,PTBA,RG,4250,10,D,YP,IP,D
14:03:31,PTBA,RG,4250,1,D,YP,NI,D
14:03:31,PTBA,RG,4250,20,D,YP,XC,D
14:03:31,PTBA,RG,4250,4,D,YP,PD,D
14:03:31,PTBA,RG,4250,20,D,YP,SQ,D
14:03:31,PTBA,RG,4250,2,D,YP,PD,D
14:03:31,PTBA,RG,4250,200,D,YP,OD,D
14:03:31,PTBA,RG,4250,4,D,YP,AZ,D
14:03:31,PTBA,RG,4250,60,D,YP,KK,D
14:03:31,PTBA,RG,4250,80,D,YP,CC,D
14:03:31,PTBA,RG,4250,21,D,YP,CC,D
14:03:31,PTBA,RG,4250,10,D,XC,CC,D
14:03:30,PTBA,RG,4250,1,F,AK,CC,D
14:03:26,PTBA,RG,4250,68,D,XC,CC,D
14:03:26,PTBA,RG,4250,5,D,XC,ZP,D
14:03:26,PTBA,RG,4250,23,D,XC,EP,D
14:03:26,PTBA,RG,4250,10,D,XC,CC,D
14:03:26,PTBA,RG,4250,1,D,XC,YP,D
14:03:26,PTBA,RG,4250,100,D,XC,KK,D
14:03:26,PTBA,RG,4250,986,D,XC,ZP,F
14:03:26,PTBA,RG,4250,1,D,OD,ZP,F
14:03:09,PTBA,RG,4250,3,F,AK,ZP,F
14:02:58,PTBA,RG,4250,9,D,PD,ZP,F
14:02:52,PTBA,RG,4250,1,D,YP,ZP,F
14:02:47,PTBA,RG,4250,1,D,OD,ZP,F
14:02:45,PTBA,RG,4250,587,D,PD,ZP,F
14:02:45,PTBA,RG,4250,112,D,PD,ZP,F
14:02:42,PTBA,RG,4240,5,D,PD,XL,D
14:02:41,PTBA,RG,4250,1,D,OD,ZP,F
14:02:36,PTBA,RG,4250,50,D,YP,ZP,F
14:02:36,PTBA,RG,4250,1,D,OD,ZP,F
14:02:32,PTBA,RG,4250,5,D,PD,ZP,F
14:02:31,PTBA,RG,4250,1,D,OD,ZP,F
14:02:25,PTBA,RG,4250,1,D,PD,ZP,F
14:02:23,PTBA,RG,4250,1,D,OD,ZP,F
14:02:12,PTBA,RG,4250,1,D,OD,ZP,F
14:02:05,PTBA,RG,4250,1,F,AK,ZP,F
14:02:04,PTBA,RG,4250,5,D,YP,ZP,F
14:01:59,PTBA,RG,4250,2,D,XC,ZP,F
14:01:57,PTBA,RG,4250,1,D,XC,ZP,F
14:01:56,PTBA,RG,4250,1,D,OD,ZP,F
14:01:55,PTBA,RG,4250,3,D,XC,ZP,F
14:01:48,PTBA,RG,4250,5,D,NI,ZP,F
14:01:47,PTBA,RG,4250,1500,D,DR,ZP,F
14:01:44,PTBA,RG,4250,1,D,OD,ZP,F
14:01:41,PTBA,RG,4250,1,D,YP,ZP,F
14:01:24,PTBA,RG,4250,1,D,OD,ZP,F
14:01:24,PTBA,RG,4250,5,D,CC,ZP,F
14:01:14,PTBA,RG,4250,3,F,AK,ZP,F
14:01:14,PTBA,RG,4250,4,F,AK,ZP,F
14:01:13,PTBA,RG,4250,2,D,PD,ZP,F
14:00:59,PTBA,RG,4250,1,D,OD,ZP,F
14:00:50,PTBA,RG,4240,149,D,PD,AK,D
14:00:50,PTBA,RG,4240,100,D,YP,AK,D
14:00:50,PTBA,RG,4240,1,D,PD,AK,D
14:00:47,PTBA,RG,4250,1000,D,DR,ZP,F
14:00:43,PTBA,RG,4250,1,D,OD,ZP,F
14:00:41,PTBA,RG,4240,4,D,PD,KK,D
14:00:41,PTBA,RG,4240,6,D,CC,KK,D
14:00:32,PTBA,RG,4240,34,D,CC,XL,D
14:00:32,PTBA,RG,4240,5,D,BB,XL,D
14:00:30,PTBA,RG,4250,1,D,OD,ZP,F
14:00:18,PTBA,RG,4240,7,D,BB,EP,D
14:00:04,PTBA,RG,4240,12,D,CS,CS,F
14:00:04,PTBA,RG,4240,185,F,ZP,CS,F
14:00:04,PTBA,RG,4240,210,F,AK,CS,F
14:00:04,PTBA,RG,4240,3,F,AK,CS,F
14:00:04,PTBA,RG,4240,22,F,AK,CC,D
14:00:04,PTBA,RG,4240,1,F,AK,EP,D
14:00:04,PTBA,RG,4240,3,F,AK,YU,D
14:00:04,PTBA,RG,4240,29,F,AK,YU,D
14:00:04,PTBA,RG,4240,8,F,AK,YU,D
14:00:04,PTBA,RG,4240,59,F,AK,YU,D
14:00:04,PTBA,RG,4240,28,F,AK,YU,D
14:00:04,PTBA,RG,4240,8,F,AK,YU,D
14:00:04,PTBA,RG,4240,22,F,AK,CC,F
14:00:04,PTBA,RG,4240,10,F,AK,KK,D
14:00:04,PTBA,RG,4240,7,F,AK,YU,D
14:00:04,PTBA,RG,4240,184,F,AK,CS,F
14:00:04,PTBA,RG,4240,24,F,AK,AK,F
14:00:04,PTBA,RG,4240,26,F,AK,YU,D
14:00:04,PTBA,RG,4240,56,F,AK,YU,D
14:00:04,PTBA,RG,4240,19,D,AZ,YU,D
14:00:04,PTBA,RG,4240,9,D,AZ,YU,D
14:00:04,PTBA,RG,4240,36,D,AZ,YU,D
14:00:04,PTBA,RG,4240,3,D,AZ,YU,D
14:00:04,PTBA,RG,4240,1,D,AZ,XC,D
14:00:04,PTBA,RG,4240,208,D,AZ,CS,F
14:00:04,PTBA,RG,4240,25,D,AZ,AI,D
14:00:04,PTBA,RG,4240,25,D,AZ,ZP,F
14:00:04,PTBA,RG,4240,343,D,AZ,ZP,F
14:00:04,PTBA,RG,4240,5,D,AZ,CS,F
14:00:04,PTBA,RG,4240,10,D,AZ,KK,D
14:00:04,PTBA,RG,4240,20,D,AZ,AG,D
14:00:04,PTBA,RG,4240,206,D,AZ,CS,F
14:00:04,PTBA,RG,4240,186,D,AZ,CS,F
14:00:04,PTBA,RG,4240,250,D,AZ,AK,D
14:00:04,PTBA,RG,4240,5,D,AZ,CS,F
14:00:04,PTBA,RG,4240,1,D,AZ,XC,D
