Time,Stock,Brd,Price,Qty,BT,BC,SC,ST
15:14:30,PTBA,RG,4270,2,D,XC,GR,D
15:14:18,PTBA,RG,4270,115,D,ZP,GR,D
15:13:33,PTBA,RG,4270,23,D,XL,GR,D
15:13:33,PTBA,RG,4270,1,D,AT,GR,D
15:13:22,PTBA,RG,4270,1,D,KK,GR,D
15:13:19,PTBA,RG,4270,3,D,OD,GR,D
15:13:06,PTBA,RG,4270,1,D,YP,GR,D
15:13:01,PTBA,RG,4270,4,D,YP,GR,D
15:12:57,PTBA,RG,4270,18,D,YP,GR,D
15:12:54,PTBA,RG,4270,59,D,YP,GR,D
15:12:54,PTBA,RG,4270,1,D,YP,XL,D
15:12:54,PTBA,RG,4270,14,D,YP,SQ,D
15:12:49,PTBA,RG,4270,211,D,YP,SQ,D
15:12:49,PTBA,RG,4270,1,D,YP,DH,D
15:12:49,PTBA,RG,4270,1,D,YP,YP,D
15:12:49,PTBA,RG,4270,8,D,YP,YP,D
15:12:49,PTBA,RG,4270,82,D,YP,DR,D
15:12:37,PTBA,RG,4270,18,D,OD,DR,D
15:12:37,PTBA,RG,4270,1,D,OD,LG,D
15:12:37,PTBA,RG,4270,1,D,OD,YP,D
15:12:37,PTBA,RG,4270,230,D,OD,DX,D
15:12:02,PTBA,RG,4270,1,D,HP,DX,D
15:11:40,PTBA,RG,4270,1,D,YP,DX,D
15:11:36,PTBA,RG,4270,2,D,YP,DX,D
15:11:31,PTBA,RG,4270,9,D,YP,DX,D
15:11:25,PTBA,RG,4270,35,D,YP,DX,D
15:11:22,PTBA,RG,4270,15,D,DR,DX,D
15:10:55,PTBA,RG,4270,146,D,YP,DX,D
15:10:51,PTBA,RG,4270,3,D,YB,DX,D
15:10:42,PTBA,RG,4270,2,D,XL,DX,D
15:10:18,PTBA,RG,4270,2,D,CC,DX,D
15:10:13,PTBA,RG,4270,4,D,XC,DX,D
15:10:00,PTBA,RG,4270,50,D,YU,DX,D
15:09:51,PTBA,RG,4270,2,D,YP,DX,D
15:09:40,PTBA,RG,4270,1,D,YP,DX,D
15:09:30,PTBA,RG,4270,497,D,KK,DX,D
15:09:30,PTBA,RG,4270,5,D,KK,SQ,D
15:09:30,PTBA,RG,4270,35,D,KK,KK,D
15:09:30,PTBA,RG,4270,634,D,KK,DX,D
15:09:15,PTBA,RG,4270,29,D,YP,DX,D
15:09:08,PTBA,RG,4270,1,D,YP,DX,D
15:09:03,PTBA,RG,4270,10,D,XC,DX,D
15:09:02,PTBA,RG,4270,1,D,YP,DX,D
15:08:55,PTBA,RG,4270,1,D,YP,DX,D
15:08:47,PTBA,RG,4270,1,D,YP,DX,D
15:08:32,PTBA,RG,4270,1,D,YP,DX,D
15:08:30,PTBA,RG,4270,10,D,XC,DX,D
15:08:26,PTBA,RG,4270,1,D,YP,DX,D
15:08:22,PTBA,RG,4270,1,D,YP,DX,D
15:07:58,PTBA,RG,4270,5,D,IP,DX,D
15:07:51,PTBA,RG,4270,1,D,XL,DX,D
15:07:36,PTBA,RG,4270,45,D,CC,DX,D
15:07:18,PTBA,RG,4270,1,D,LG,DX,D
15:07:17,PTBA,RG,4270,1,D,YP,DX,D
15:07:13,PTBA,RG,4270,10,D,PD,DX,D
15:07:12,PTBA,RG,4270,10,D,XC,DX,D
15:06:34,PTBA,RG,4270,1,D,YP,DX,D
15:06:32,PTBA,RG,4270,3,D,XC,DX,D
15:06:26,PTBA,RG,4270,2,D,BQ,DX,D
15:05:55,PTBA,RG,4270,231,D,CC,DX,D
15:05:55,PTBA,RG,4270,3,D,CC,DH,D
15:05:55,PTBA,RG,4270,34,D,CC,DX,D
15:05:54,PTBA,RG,4270,5,D,EP,DX,D
15:05:46,PTBA,RG,4270,10,D,XL,DX,D
15:05:39,PTBA,RG,4270,1,D,XC,DX,D
15:05:30,PTBA,RG,4270,7,D,CC,DX,D
15:05:24,PTBA,RG,4270,1,D,DR,DX,D
15:05:22,PTBA,RG,4270,2,D,CC,DX,D
15:05:17,PTBA,RG,4270,78,D,NI,DX,D
15:05:11,PTBA,RG,4270,20,D,XC,DX,D
15:05:08,PTBA,RG,4270,1,D,DR,DX,D
15:05:05,PTBA,RG,4270,1,D,XC,DX,D
15:04:52,PTBA,RG,4270,3,D,OD,DX,D
15:04:50,PTBA,RG,4270,5,D,DR,DX,D
15:04:47,PTBA,RG,4270,499,D,CC,DX,D
15:04:45,PTBA,RG,4270,5,D,PD,DX,D
15:04:43,PTBA,RG,4270,1,D,XC,DX,D
15:04:38,PTBA,RG,4270,5,D,AZ,DX,D
15:04:35,PTBA,RG,4270,50,D,YP,DX,D
15:04:18,PTBA,RG,4270,5,D,PD,DX,D
15:03:53,PTBA,RG,4270,1,D,OD,DX,D
15:03:53,PTBA,RG,4270,1200,D,KK,DX,D
15:03:50,PTBA,RG,4270,3,D,XC,DX,D
15:03:50,PTBA,RG,4270,1,D,PD,DX,D
15:03:38,PTBA,RG,4270,50,D,YP,DX,D
15:03:24,PTBA,RG,4270,10,D,PD,DX,D
15:03:08,PTBA,RG,4270,2,D,XL,DX,D
15:02:56,PTBA,RG,4270,5,D,KK,DX,D
15:02:55,PTBA,RG,4270,1,D,YB,DX,D
15:02:54,PTBA,RG,4270,10,D,YP,DX,D
15:02:53,PTBA,RG,4270,2,D,XC,DX,D
15:02:50,PTBA,RG,4270,1,D,YB,DX,D
15:02:48,PTBA,RG,4270,20,D,DR,DX,D
15:02:45,PTBA,RG,4270,50,D,GR,DX,D
15:02:44,PTBA,RG,4270,3,D,YB,DX,D
15:02:38,PTBA,RG,4270,5,D,YB,DX,D
15:02:33,PTBA,RG,4270,10,D,YB,DX,D
15:02:32,PTBA,RG,4270,1,D,PD,DX,D
15:02:28,PTBA,RG,4270,20,D,YB,DX,D
15:02:27,PTBA,RG,4270,1,D,YP,DX,D
15:02:27,PTBA,RG,4270,10,D,YP,DX,D
15:02:24,PTBA,RG,4270,40,D,YB,DX,D
15:02:23,PTBA,RG,4270,1,D,XC,DX,D
15:02:19,PTBA,RG,4270,244,D,YP,DX,D
15:02:19,PTBA,RG,4270,81,D,YB,DX,D
15:02:18,PTBA,RG,4270,3,D,YP,DX,D
15:02:14,PTBA,RG,4270,50,D,PD,DX,D
15:02:12,PTBA,RG,4270,1,D,CC,DX,D
15:02:08,PTBA,RG,4270,163,D,YB,DX,D
15:02:08,PTBA,RG,4270,22,D,XC,DX,D
15:02:06,PTBA,RG,4270,200,D,LG,DX,D
15:02:05,PTBA,RG,4270,12,D,PD,DX,D
15:02:05,PTBA,RG,4270,1,D,XL,DX,D
15:01:55,PTBA,RG,4270,34,D,AZ,DX,D
15:01:54,PTBA,RG,4270,15,D,CC,DX,D
15:01:54,PTBA,RG,4270,2,D,PD,DX,D
15:01:54,PTBA,RG,4270,10,D,YP,DX,D
15:01:54,PTBA,RG,4270,500,D,YP,DX,D
15:01:54,PTBA,RG,4270,10,D,PD,DX,D
15:01:54,PTBA,RG,4270,25,D,XL,DX,D
15:01:54,PTBA,RG,4270,464,D,MG,DX,D
15:01:54,PTBA,RG,4270,10,D,YP,DX,D
15:01:54,PTBA,RG,4270,1,D,SQ,DX,D
15:01:54,PTBA,RG,4270,5,D,PD,DX,D
15:01:54,PTBA,RG,4270,25,D,YP,DX,D
15:01:54,PTBA,RG,4270,1,D,XC,DX,D
15:01:54,PTBA,RG,4270,327,D,YB,DX,D
15:01:54,PTBA,RG,4270,1,D,PD,DX,D
15:01:54,PTBA,RG,4270,2,D,YP,DX,D
15:01:54,PTBA,RG,4270,3,D,OD,DX,D
15:01:54,PTBA,RG,4270,38,D,XC,DX,D
15:01:54,PTBA,RG,4270,12,D,XC,DX,D
15:01:54,PTBA,RG,4270,20,D,YB,DX,D
15:01:54,PTBA,RG,4270,5,D,PD,DX,D
15:01:54,PTBA,RG,4270,10,D,YP,DX,D
15:01:54,PTBA,RG,4270,7,D,YP,DX,D
15:01:54,PTBA,RG,4270,1,D,YP,DX,D
15:01:54,PTBA,RG,4270,20,D,HP,DX,D
15:01:54,PTBA,RG,4270,3,D,YP,DX,D
15:01:54,PTBA,RG,4270,2,D,AT,DX,D
15:01:54,PTBA,RG,4270,20,D,PD,DX,D
15:01:54,PTBA,RG,4270,25,D,YP,DX,D
15:01:54,PTBA,RG,4270,25,D,CC,DX,D
15:01:54,PTBA,RG,4270,20,D,YP,DX,D
15:01:54,PTBA,RG,4270,80,D,YP,DX,D
15:01:54,PTBA,RG,4270,25,D,CC,DX,D
15:01:54,PTBA,RG,4270,1,D,YP,DX,D
15:01:54,PTBA,RG,4270,10,D,YP,DX,D
15:01:54,PTBA,RG,4270,5,D,DX,DX,D
15:01:54,PTBA,RG,4270,779,F,CS,DX,D
15:01:50,PTBA,RG,4270,1,F,CS,CC,D
15:01:49,PTBA,RG,4270,1,F,CS,XL,D
15:01:43,PTBA,RG,4270,10,F,CS,NI,D
15:01:38,PTBA,RG,4270,10,F,CS,XC,D
15:01:36,PTBA,RG,4270,1,F,CS,PD,D
15:01:26,PTBA,RG,4270,145,F,CS,ZP,D
15:01:26,PTBA,RG,4270,230,D,IF,ZP,D
15:01:26,PTBA,RG,4270,1,D,XC,ZP,D
15:01:26,PTBA,RG,4270,5,D,SQ,ZP,D
15:01:26,PTBA,RG,4270,1,D,YP,ZP,D
15:01:26,PTBA,RG,4270,3,D,YP,ZP,D
15:01:26,PTBA,RG,4270,1,D,PD,ZP,D
15:01:26,PTBA,RG,4270,1,D,XC,ZP,D
15:01:26,PTBA,RG,4270,5,D,AT,ZP,D
15:01:26,PTBA,RG,4270,2,D,KK,ZP,D
15:01:26,PTBA,RG,4270,6,D,YB,ZP,D
15:01:26,PTBA,RG,4270,74,D,YB,YP,D
15:01:26,PTBA,RG,4270,10,D,NI,YP,D
15:01:26,PTBA,RG,4270,1,D,XL,YP,D
15:01:26,PTBA,RG,4270,10,D,XC,YP,D
15:01:26,PTBA,RG,4270,1,D,XL,YP,D
15:01:26,PTBA,RG,4270,1,D,GR,YP,D
15:01:26,PTBA,RG,4270,1,D,XL,YP,D
15:01:26,PTBA,RG,4270,22,D,CC,YP,D
15:01:23,PTBA,RG,4270,28,D,CC,YU,D
15:01:23,PTBA,RG,4270,1,D,YP,YU,D
15:01:23,PTBA,RG,4270,3,D,YP,YU,D
15:01:23,PTBA,RG,4270,40,D,HP,YU,D
15:01:23,PTBA,RG,4270,3,D,OD,YU,D
15:01:17,PTBA,RG,4270,97,D,OD,PD,D
15:01:17,PTBA,RG,4270,15,D,IF,PD,D
15:01:17,PTBA,RG,4270,50,D,KK,PD,D
15:01:17,PTBA,RG,4270,9,D,XL,PD,D
15:01:17,PTBA,RG,4270,2,D,PD,PD,D
15:01:17,PTBA,RG,4270,50,D,KK,PD,D
15:01:17,PTBA,RG,4270,5,D,YP,PD,D
15:01:17,PTBA,RG,4270,3,D,KK,PD,D
15:01:17,PTBA,RG,4270,1,D,XC,PD,D
15:01:17,PTBA,RG,4270,81,D,NI,PD,D
15:01:17,PTBA,RG,4270,28,D,YP,PD,D
15:01:17,PTBA,RG,4270,6,D,CC,PD,D
15:01:17,PTBA,RG,4270,9,D,XC,PD,D
15:01:17,PTBA,RG,4270,6,D,XL,PD,D
15:01:17,PTBA,RG,4270,10,D,NI,PD,D
15:01:17,PTBA,RG,4270,10,D,CC,PD,D
15:01:17,PTBA,RG,4270,10,D,YP,PD,D
15:01:17,PTBA,RG,4270,1,D,KK,PD,D
15:01:17,PTBA,RG,4270,5,D,YP,PD,D
15:01:17,PTBA,RG,4270,3,D,YP,PD,D
15:01:17,PTBA,RG,4270,50,D,YP,PD,D
15:01:17,PTBA,RG,4270,6,D,CC,PD,D
15:01:17,PTBA,RG,4270,100,D,DH,PD,D
15:01:17,PTBA,RG,4270,1,D,YP,PD,D
15:01:17,PTBA,RG,4270,100,D,YP,PD,D
15:01:17,PTBA,RG,4270,79,D,KK,PD,D
15:01:17,PTBA,RG,4270,25,D,YP,PD,D
15:01:17,PTBA,RG,4270,1,D,YP,PD,D
15:01:17,PTBA,RG,4270,99,D,CC,PD,D
15:01:17,PTBA,RG,4270,6,D,KK,PD,D
15:01:17,PTBA,RG,4270,50,D,YP,PD,D
15:01:17,PTBA,RG,4270,2,D,PD,PD,D
15:01:17,PTBA,RG,4270,10,D,KK,PD,D
15:01:17,PTBA,RG,4270,2,D,YP,PD,D
15:01:17,PTBA,RG,4270,5,D,OD,PD,D
15:01:17,PTBA,RG,4270,5,D,YP,PD,D
15:01:17,PTBA,RG,4270,1,D,XC,PD,D
15:01:17,PTBA,RG,4270,5,D,CC,PD,D
15:01:17,PTBA,RG,4270,2,D,PD,PD,D
15:01:17,PTBA,RG,4270,59,D,CC,PD,D
15:01:17,PTBA,RG,4270,1,D,XC,PD,D
15:01:17,PTBA,RG,4270,390,D,CC,PD,D
15:01:17,PTBA,RG,4270,9,D,CC,OD,D
15:01:16,PTBA,RG,4270,3,D,CC,XC,D
15:01:12,PTBA,RG,4270,1,D,CC,XC,D
15:01:08,PTBA,RG,4270,2,D,CC,PD,D
15:01:00,PTBA,RG,4270,5,D,CC,XC,D
15:01:00,PTBA,RG,4270,25,D,CC,XC,D
15:01:00,PTBA,RG,4270,1,D,CC,XC,D
15:01:00,PTBA,RG,4270,2,D,CC,IF,D
15:01:00,PTBA,RG,4270,47,D,CC,PD,D
15:01:00,PTBA,RG,4270,12,D,CC,PD,D
15:00:00,PTBA,RG,4270,3,D,CC,YP,D
15:00:00,PTBA,RG,4270,30,D,CC,NI,D
15:00:00,PTBA,RG,4270,4,D,CC,IF,D
15:00:00,PTBA,RG,4270,5,D,CC,YP,D
15:00:00,PTBA,RG,4270,12,D,CC,NI,D
15:00:00,PTBA,RG,4270,20,D,CC,CC,D
15:00:00,PTBA,RG,4270,20,D,CC,CC,D
15:00:00,PTBA,RG,4270,1,D,CC,YP,D
15:00:00,PTBA,RG,4270,1,D,CC,CC,D
15:00:00,PTBA,RG,4270,1,D,CC,TP,D
15:00:00,PTBA,RG,4270,1,D,CC,YP,D
15:00:00,PTBA,RG,4270,1,D,CC,XC,D
15:00:00,PTBA,RG,4270,3,D,CC,GR,D
15:00:00,PTBA,RG,4270,2,D,CC,XC,D
15:00:00,PTBA,RG,4270,20,D,CC,KK,D
15:00:00,PTBA,RG,4270,3,D,CC,XC,D
15:00:00,PTBA,RG,4270,19,D,CC,DX,D
15:00:00,PTBA,RG,4270,5,D,CC,AZ,D
15:00:00,PTBA,RG,4270,1,D,CC,XC,D
15:00:00,PTBA,RG,4270,250,D,CC,YU,D
15:00:00,PTBA,RG,4270,30,D,CC,YP,D
15:00:00,PTBA,RG,4270,168,D,CC,YP,D
15:00:00,PTBA,RG,4270,1,D,KK,YP,D
15:00:00,PTBA,RG,4270,181,D,CP,YP,D
15:00:00,PTBA,RG,4270,10,D,CP,OD,D
15:00:00,PTBA,RG,4270,33,D,CP,XC,D
15:00:00,PTBA,RG,4270,10,D,CP,YP,D
15:00:00,PTBA,RG,4270,40,D,CP,PD,D
15:00:00,PTBA,RG,4270,10,D,CP,DH,D
15:00:00,PTBA,RG,4270,1,D,CP,NI,D
15:00:00,PTBA,RG,4270,26,D,CP,CC,D
15:00:00,PTBA,RG,4270,5,D,CP,YP,D
15:00:00,PTBA,RG,4270,10,D,CP,PD,D
15:00:00,PTBA,RG,4270,174,D,CP,AI,D
15:00:00,PTBA,RG,4270,2,D,PD,AI,D
15:00:00,PTBA,RG,4270,200,D,CC,AI,D
15:00:00,PTBA,RG,4270,3,D,XA,AI,D
15:00:00,PTBA,RG,4270,40,D,PD,AI,D
15:00:00,PTBA,RG,4270,50,D,KK,AI,D
15:00:00,PTBA,RG,4270,1,D,PD,AI,D
15:00:00,PTBA,RG,4270,4,D,YP,AI,D
15:00:00,PTBA,RG,4270,5,D,YP,AI,D
15:00:00,PTBA,RG,4270,20,D,XL,AI,D
15:00:00,PTBA,RG,4270,3,D,MK,AI,D
15:00:00,PTBA,RG,4270,20,D,NI,AI,D
15:00:00,PTBA,RG,4270,25,D,KK,AI,D
15:00:00,PTBA,RG,4270,7,D,SQ,AI,D
15:00:00,PTBA,RG,4270,11,D,YP,AI,D
15:00:00,PTBA,RG,4270,1,D,PD,AI,D
15:00:00,PTBA,RG,4270,235,D,CP,AI,D
15:00:00,PTBA,RG,4270,7,D,ZP,AI,D
15:00:00,PTBA,RG,4270,20,D,BQ,AI,D
15:00:00,PTBA,RG,4270,1,D,SQ,AI,D
15:00:00,PTBA,RG,4270,1,D,IU,AI,D
15:00:00,PTBA,RG,4270,3,D,PD,AI,D
15:00:00,PTBA,RG,4270,100,D,YP,AI,D
15:00:00,PTBA,RG,4270,10,D,YP,AI,D
15:00:00,PTBA,RG,4270,1,D,BQ,AI,D
15:00:00,PTBA,RG,4270,6,D,XL,AI,D
15:00:00,PTBA,RG,4270,1,D,HP,AI,D
15:00:00,PTBA,RG,4270,11,D,YP,AI,D
15:00:00,PTBA,RG,4270,38,D,SH,AI,D
15:00:00,PTBA,RG,4270,3,D,SH,YB,D
15:00:00,PTBA,RG,4270,25,D,SH,XA,D
15:00:00,PTBA,RG,4270,100,D,SH,YP,D
15:00:00,PTBA,RG,4270,1,D,SH,PD,D
15:00:00,PTBA,RG,4270,2,D,SH,YP,D
15:00:00,PTBA,RG,4270,1,D,SH,AO,D
15:00:00,PTBA,RG,4270,150,D,SH,YP,D
15:00:00,PTBA,RG,4270,300,D,SH,AI,D
15:00:00,PTBA,RG,4270,10,D,SH,CC,D
15:00:00,PTBA,RG,4270,10,D,SH,XC,D
15:00:00,PTBA,RG,4270,16,D,SH,XC,D
15:00:00,PTBA,RG,4270,2,D,SH,YB,D
15:00:00,PTBA,RG,4270,1,D,SH,YP,D
15:00:00,PTBA,RG,4270,341,D,SH,GR,D
15:00:00,PTBA,RG,4270,3,D,AZ,GR,D
15:00:00,PTBA,RG,4270,200,D,SQ,GR,D
15:00:00,PTBA,RG,4270,6,D,XL,GR,D
15:00:00,PTBA,RG,4270,50,D,IF,GR,D
15:00:00,PTBA,RG,4270,5,D,EP,GR,D
15:00:00,PTBA,RG,4270,1,D,PD,GR,D
15:00:00,PTBA,RG,4270,10,D,YP,GR,D
15:00:00,PTBA,RG,4270,2,D,PD,GR,D
15:00:00,PTBA,RG,4270,70,D,CC,GR,D
15:00:00,PTBA,RG,4270,20,D,KK,GR,D
15:00:00,PTBA,RG,4270,3,D,YP,GR,D
15:00:00,PTBA,RG,4270,230,D,EP,GR,D
15:00:00,PTBA,RG,4270,17,D,EP,GR,D
15:00:00,PTBA,RG,4270,2,D,PD,GR,D
15:00:00,PTBA,RG,4270,2,D,YP,GR,D
15:00:00,PTBA,RG,4270,1,D,KK,GR,D
15:00:00,PTBA,RG,4270,8,D,XC,GR,D
15:00:00,PTBA,RG,4270,2,D,YP,GR,D
15:00:00,PTBA,RG,4270,1,D,YP,GR,D
15:00:00,PTBA,RG,4270,50,D,ZP,GR,D
15:00:00,PTBA,RG,4270,60,D,YU,GR,D
15:00:00,PTBA,RG,4270,5,D,GR,GR,D
15:00:00,PTBA,RG,4270,8,D,YP,GR,D
15:00:00,PTBA,RG,4270,2,D,GR,GR,D
15:00:00,PTBA,RG,4270,5,D,DR,GR,D
15:00:00,PTBA,RG,4270,100,D,YU,GR,D
15:00:00,PTBA,RG,4270,12,D,SQ,GR,D
15:00:00,PTBA,RG,4270,500,D,HD,GR,D
15:00:00,PTBA,RG,4270,5,D,CC,GR,D
15:00:00,PTBA,RG,4270,1,D,PD,GR,D
15:00:00,PTBA,RG,4270,50,D,IU,GR,D
15:00:00,PTBA,RG,4270,6,D,YP,GR,D
15:00:00,PTBA,RG,4270,208,D,YP,GR,D
15:00:00,PTBA,RG,4270,1,D,PD,GR,D
15:00:00,PTBA,RG,4270,2,D,XL,GR,D
15:00:00,PTBA,RG,4270,11,D,YP,GR,D
15:00:00,PTBA,RG,4270,3,D,YP,KK,D
15:00:00,PTBA,RG,4270,2,D,YP,PD,D
15:00:00,PTBA,RG,4270,9,D,YP,YP,D
15:00:00,PTBA,RG,4270,1,F,CS,YP,D
15:00:00,PTBA,RG,4270,150,F,CS,YP,D
15:00:00,PTBA,RG,4270,1,F,CS,XC,D
15:00:00,PTBA,RG,4270,1,F,CS,PD,D
15:00:00,PTBA,RG,4270,10,F,CS,AI,D
15:00:00,PTBA,RG,4270,50,F,CS,CC,D
15:00:00,PTBA,RG,4270,1,F,CS,XL,D
15:00:00,PTBA,RG,4270,5,F,CS,CC,D
15:00:00,PTBA,RG,4270,6,F,CS,XL,D
15:00:00,PTBA,RG,4270,87,F,CS,YP,D
15:00:00,PTBA,RG,4270,7,D,YP,YP,D
15:00:00,PTBA,RG,4270,30,F,ZP,YP,D
15:00:00,PTBA,RG,4270,5,F,ZP,PD,D
15:00:00,PTBA,RG,4270,1,F,ZP,XC,D
15:00:00,PTBA,RG,4270,2,F,ZP,YP,D
15:00:00,PTBA,RG,4270,12,F,ZP,PP,D
15:00:00,PTBA,RG,4270,1,F,ZP,NI,D
15:00:00,PTBA,RG,4270,8,F,ZP,IF,D
15:00:00,PTBA,RG,4270,10,F,ZP,YP,D
15:00:00,PTBA,RG,4270,1,F,ZP,KK,D
15:00:00,PTBA,RG,4270,50,F,ZP,YP,D
15:00:00,PTBA,RG,4270,1,F,ZP,NI,D
15:00:00,PTBA,RG,4270,75,F,ZP,GR,D
15:00:00,PTBA,RG,4270,1,F,ZP,GR,D
15:00:00,PTBA,RG,4270,109,F,ZP,CS,D
15:00:00,PTBA,RG,4270,78,F,ZP,CS,D
15:00:00,PTBA,RG,4270,489,D,CS,CS,D
15:00:00,PTBA,RG,4270,1,D,CS,XC,D
15:00:00,PTBA,RG,4270,110,D,CS,YP,D
15:00:00,PTBA,RG,4270,16,D,CS,YP,D
15:00:00,PTBA,RG,4270,124,D,CS,YP,D
15:00:00,PTBA,RG,4270,1,D,CS,TP,D
15:00:00,PTBA,RG,4270,150,D,CS,YJ,D
15:00:00,PTBA,RG,4270,173,D,CS,PD,D
15:00:00,PTBA,RG,4270,10,D,CS,DH,D
15:00:00,PTBA,RG,4270,1,D,CS,XL,D
15:00:00,PTBA,RG,4270,40,D,CS,YP,D
15:00:00,PTBA,RG,4270,100,D,CS,SQ,D
15:00:00,PTBA,RG,4270,50,D,CS,PD,D
15:00:00,PTBA,RG,4270,5,D,CS,DR,D
15:00:00,PTBA,RG,4270,150,D,CS,YP,D
15:00:00,PTBA,RG,4270,20,D,CS,AT,D
15:00:00,PTBA,RG,4270,5,D,CS,PD,D
15:00:00,PTBA,RG,4270,71,D,CS,PD,D
15:00:00,PTBA,RG,4270,29,F,BK,PD,D
15:00:00,PTBA,RG,4270,10,F,BK,SQ,D
15:00:00,PTBA,RG,4270,30,F,BK,AI,D
15:00:00,PTBA,RG,4270,16,F,BK,KK,D
15:00:00,PTBA,RG,4270,4,F,CS,KK,D
15:00:00,PTBA,RG,4270,70,F,CS,AI,D
15:00:00,PTBA,RG,4270,4,F,CS,LG,D
15:00:00,PTBA,RG,4270,1,F,CS,LG,D
15:00:00,PTBA,RG,4270,8,F,YU,LG,D
15:00:00,PTBA,RG,4270,12,F,DX,LG,D
15:00:00,PTBA,RG,4270,16,F,AK,LG,D
15:00:00,PTBA,RG,4270,17,F,AK,LG,D
15:00:00,PTBA,RG,4270,44,D,LG,LG,D
15:00:00,PTBA,RG,4270,286,D,LG,NI,D
15:00:00,PTBA,RG,4270,140,D,LG,NI,D
15:00:00,PTBA,RG,4270,74,D,LG,NI,D
15:00:00,PTBA,RG,4270,1,D,LG,NI,D
15:00:00,PTBA,RG,4270,13,D,LG,XC,D
15:00:00,PTBA,RG,4270,8,D,LG,XL,D
15:00:00,PTBA,RG,4270,1,D,LG,PD,D
15:00:00,PTBA,RG,4270,50,D,LG,LG,D
15:00:00,PTBA,RG,4270,10,D,LG,YP,D
15:00:00,PTBA,RG,4270,15,D,LG,GR,D
15:00:00,PTBA,RG,4270,1,D,LG,LG,D
15:00:00,PTBA,RG,4270,12,D,LG,YP,D
15:00:00,PTBA,RG,4270,5,D,LG,YP,D
15:00:00,PTBA,RG,4270,225,D,LG,DR,D
15:00:00,PTBA,RG,4270,15,D,LG,PD,D
15:00:00,PTBA,RG,4270,2,D,LG,DH,D
15:00:00,PTBA,RG,4270,1,D,LG,YP,D
15:00:00,PTBA,RG,4270,10,D,LG,EP,D
15:00:00,PTBA,RG,4270,20,D,LG,YU,D
15:00:00,PTBA,RG,4270,59,D,LG,CC,D
15:00:00,PTBA,RG,4270,41,D,LG,CC,D
15:00:00,PTBA,RG,4270,5,D,LG,CC,D
15:00:00,PTBA,RG,4270,1,D,LG,XC,D
15:00:00,PTBA,RG,4270,355,D,LG,YP,D
15:00:00,PTBA,RG,4270,45,D,LG,YP,D
15:00:00,PTBA,RG,4270,150,D,LG,YP,D
15:00:00,PTBA,RG,4270,1,D,LG,CC,D
15:00:00,PTBA,RG,4270,10,D,LG,CC,D
15:00:00,PTBA,RG,4270,189,D,LG,YP,D
15:00:00,PTBA,RG,4270,188,D,LG,YP,D
15:00:00,PTBA,RG,4270,143,D,LG,YP,D
15:00:00,PTBA,RG,4270,68,D,LG,YP,D
15:00:00,PTBA,RG,4270,52,D,LG,YP,D
15:00:00,PTBA,RG,4270,1,D,LG,CC,D
15:00:00,PTBA,RG,4270,24,D,LG,CC,D
15:00:00,PTBA,RG,4270,2,D,LG,CC,D
15:00:00,PTBA,RG,4270,18,D,LG,DR,D
15:00:00,PTBA,RG,4270,10,D,LG,DR,D
15:00:00,PTBA,RG,4270,10,D,NI,DR,D
15:00:00,PTBA,RG,4270,262,D,LG,DR,D
15:00:00,PTBA,RG,4270,5,D,LG,YP,D
15:00:00,PTBA,RG,4270,50,D,LG,KK,D
15:00:00,PTBA,RG,4270,25,D,LG,CC,D
15:00:00,PTBA,RG,4270,275,D,LG,DX,D
15:00:00,PTBA,RG,4270,250,D,LG,DR,D
15:00:00,PTBA,RG,4270,15,D,LG,NI,D
15:00:00,PTBA,RG,4270,50,D,LG,CD,D
15:00:00,PTBA,RG,4270,35,D,LG,KK,D
15:00:00,PTBA,RG,4270,50,D,LG,PC,D
15:00:00,PTBA,RG,4270,1,D,LG,GR,D
15:00:00,PTBA,RG,4270,1,D,LG,AT,D
15:00:00,PTBA,RG,4270,30,D,LG,PD,D
15:00:00,PTBA,RG,4270,60,D,LG,DR,D
15:00:00,PTBA,RG,4270,10,D,LG,CD,D
15:00:00,PTBA,RG,4270,245,D,LG,OD,D
15:00:00,PTBA,RG,4270,8,D,LG,DH,D
15:00:00,PTBA,RG,4270,16,D,LG,PD,D
15:00:00,PTBA,RG,4270,4,D,LG,KK,D
15:00:00,PTBA,RG,4270,214,D,LG,EP,D
15:00:00,PTBA,RG,4270,20,D,LG,NI,D
15:00:00,PTBA,RG,4270,1049,D,LG,BK,F
15:00:00,PTBA,RG,4270,1,D,LG,YU,D
15:00:00,PTBA,RG,4270,15,D,LG,AK,F
15:00:00,PTBA,RG,4270,4,D,LG,KZ,D
15:00:00,PTBA,RG,4270,5,D,LG,GR,D
15:00:00,PTBA,RG,4270,10,D,LG,GR,D
15:00:00,PTBA,RG,4270,10,D,LG,GR,D
15:00:00,PTBA,RG,4270,25,D,LG,GR,D
15:00:00,PTBA,RG,4270,25,D,LG,GR,D
15:00:00,PTBA,RG,4270,25,D,LG,GR,D
15:00:00,PTBA,RG,4270,5,D,LG,YU,D
14:49:58,PTBA,RG,4270,4,D,CC,XC,D
14:49:58,PTBA,RG,4280,1,D,XC,CC,D
14:49:53,PTBA,RG,4270,314,D,CC,LG,D
14:49:53,PTBA,RG,4270,11,D,PD,LG,D
14:49:47,PTBA,RG,4280,1,D,AT,PD,D
14:49:45,PTBA,RG,4280,1,F,AK,PD,D
14:49:41,PTBA,RG,4270,5,D,PD,NI,D
14:49:38,PTBA,RG,4270,14,D,PD,CC,D
14:49:38,PTBA,RG,4270,5,D,RG,CC,D
14:49:38,PTBA,RG,4270,2,D,XC,CC,D
14:49:38,PTBA,RG,4270,12,D,XC,XC,D
14:49:38,PTBA,RG,4270,3,D,YP,XC,D
14:49:36,PTBA,RG,4280,1,D,YU,YP,D
14:49:35,PTBA,RG,4270,3,D,YP,KK,D
14:49:31,PTBA,RG,4280,7,D,YB,KK,D
14:49:29,PTBA,RG,4280,1,D,AT,KK,D
14:49:26,PTBA,RG,4270,8,D,YP,HD,D
14:49:26,PTBA,RG,4270,2,D,CS,HD,D
14:49:26,PTBA,RG,4270,7,D,CS,HD,D
14:49:26,PTBA,RG,4270,244,D,CS,HD,D
14:49:26,PTBA,RG,4270,193,D,CS,HD,D
14:49:26,PTBA,RG,4270,46,D,CS,HD,D
14:49:25,PTBA,RG,4280,2,D,YP,KK,D
14:49:25,PTBA,RG,4280,5,D,YP,XL,D
14:49:25,PTBA,RG,4280,2,D,YP,XL,D
14:49:25,PTBA,RG,4280,91,D,YP,BK,F
14:49:18,PTBA,RG,4280,17,F,YU,BK,F
14:49:17,PTBA,RG,4270,5,D,CS,YP,D
14:49:16,PTBA,RG,4270,5,D,CS,YP,D
14:49:16,PTBA,RG,4270,2,D,CS,YP,D
14:49:11,PTBA,RG,4270,50,D,CS,SQ,D
14:49:10,PTBA,RG,4280,12,D,BB,BK,F
14:49:09,PTBA,RG,4280,20,D,BB,BK,F
14:49:06,PTBA,RG,4270,10,D,CS,CC,D
14:49:05,PTBA,RG,4280,7,D,XC,BK,F
14:49:03,PTBA,RG,4270,1,D,CS,YP,D
14:49:01,PTBA,RG,4280,19,F,DX,BK,F
14:49:01,PTBA,RG,4270,6,D,CS,PD,D
14:49:01,PTBA,RG,4270,54,D,CS,PD,D
14:49:00,PTBA,RG,4270,121,D,CS,AK,D
14:49:00,PTBA,RG,4270,52,D,CS,AK,D
14:49:00,PTBA,RG,4270,24,D,CS,AK,D
14:49:00,PTBA,RG,4270,25,D,CS,AK,D
14:49:00,PTBA,RG,4270,117,D,CS,BK,F
14:49:00,PTBA,RG,4270,50,D,CS,BK,F
14:49:00,PTBA,RG,4270,32,D,CS,AK,D
14:49:00,PTBA,RG,4270,44,D,CS,AK,D
14:49:00,PTBA,RG,4270,5,D,CS,AK,D
14:49:00,PTBA,RG,4270,37,D,CS,AK,D
14:49:00,PTBA,RG,4270,33,D,BB,AK,D
14:49:00,PTBA,RG,4270,3,F,CS,AK,D
14:49:00,PTBA,RG,4270,6,F,CS,AK,D
14:48:59,PTBA,RG,4270,20,F,CS,YP,D
14:48:57,PTBA,RG,4280,7,D,BB,BK,F
14:48:57,PTBA,RG,4270,100,F,CS,YP,D
14:48:54,PTBA,RG,4270,22,F,CS,BK,F
14:48:54,PTBA,RG,4270,48,F,CS,CC,D
14:48:54,PTBA,RG,4270,20,F,CS,SQ,D
14:48:53,PTBA,RG,4270,7,F,CS,XL,D
14:48:51,PTBA,RG,4270,46,F,CS,AK,D
14:48:50,PTBA,RG,4270,58,F,CS,BK,F
14:48:50,PTBA,RG,4270,431,F,CS,YP,D
14:48:46,PTBA,RG,4270,1,F,CS,CP,D
14:48:46,PTBA,RG,4280,13,F,YU,BK,F
14:48:46,PTBA,RG,4270,47,F,CS,XC,D
14:48:45,PTBA,RG,4270,25,F,CS,GR,D
14:48:44,PTBA,RG,4280,3,D,BB,BK,F
14:48:44,PTBA,RG,4270,1,F,CS,YP,D
14:48:43,PTBA,RG,4270,7,F,CS,NI,D
14:48:41,PTBA,RG,4270,70,F,CS,YP,D
14:48:40,PTBA,RG,4270,1,F,CS,XC,D
14:48:40,PTBA,RG,4270,30,F,CS,YB,D
14:48:38,PTBA,RG,4270,200,F,CS,SQ,D
14:48:36,PTBA,RG,4270,100,F,CS,YP,D
14:48:36,PTBA,RG,4270,50,F,CS,CC,D
14:48:33,PTBA,RG,4270,38,F,CS,BK,F
14:48:28,PTBA,RG,4270,4,F,CS,XC,D
14:48:26,PTBA,RG,4270,41,F,CS,BK,F
14:48:19,PTBA,RG,4270,50,D,SQ,AK,F
14:48:19,PTBA,RG,4270,126,D,CS,AK,F
14:48:19,PTBA,RG,4270,396,D,CS,AK,F
14:48:19,PTBA,RG,4270,2,D,CC,AK,F
14:48:19,PTBA,RG,4270,59,D,CC,AK,F
14:48:19,PTBA,RG,4270,117,D,YB,AK,F
14:48:19,PTBA,RG,4270,50,D,YP,AK,F
14:48:19,PTBA,RG,4270,10,D,XC,AK,F
14:48:19,PTBA,RG,4270,1,D,YP,AK,F
14:48:19,PTBA,RG,4270,1,D,YP,AK,F
14:48:19,PTBA,RG,4270,222,D,PD,AK,F
14:48:19,PTBA,RG,4270,20,D,EP,AK,F
14:48:19,PTBA,RG,4270,1,D,PD,AK,F
14:48:19,PTBA,RG,4270,3,D,PD,AK,F
14:48:19,PTBA,RG,4270,1393,F,CS,AK,F
14:48:19,PTBA,RG,4270,1,F,AK,AK,F
14:48:19,PTBA,RG,4270,3,D,HP,AK,F
14:48:19,PTBA,RG,4270,5,D,DR,AK,F
14:48:19,PTBA,RG,4270,10,D,BQ,AK,F
14:48:19,PTBA,RG,4270,25,D,PD,AK,F
14:48:19,PTBA,RG,4270,238,D,CS,AK,F
14:48:19,PTBA,RG,4270,10,D,CS,AK,F
14:48:19,PTBA,RG,4270,3,D,CS,AK,F
14:48:19,PTBA,RG,4270,227,D,CS,AK,F
14:48:18,PTBA,RG,4270,125,D,CS,YP,D
14:48:18,PTBA,RG,4270,1,D,CC,YP,D
14:48:18,PTBA,RG,4270,10,D,YP,YP,D
14:48:18,PTBA,RG,4270,10,D,XC,YP,D
14:48:18,PTBA,RG,4270,8,D,CC,YP,D
14:48:18,PTBA,RG,4270,100,D,EP,YP,D
14:48:18,PTBA,RG,4270,63,D,CS,YP,D
14:48:18,PTBA,RG,4270,115,D,CS,YP,D
14:48:18,PTBA,RG,4270,6,D,CS,YP,D
14:48:18,PTBA,RG,4270,52,D,CS,YP,D
14:48:17,PTBA,RG,4270,2,F,CC,XC,D
14:48:15,PTBA,RG,4270,15,F,CC,YP,D
14:48:15,PTBA,RG,4270,500,F,CC,PD,D
14:48:14,PTBA,RG,4280,1,D,XC,BK,F
14:48:14,PTBA,RG,4270,443,F,CC,YP,D
14:48:14,PTBA,RG,4270,1,F,AK,YP,D
14:48:14,PTBA,RG,4270,1,D,PD,YP,D
14:48:14,PTBA,RG,4270,5,D,PD,YP,D
14:48:14,PTBA,RG,4270,1,D,PD,YP,D
14:48:14,PTBA,RG,4270,25,F,NI,YP,D
14:48:14,PTBA,RG,4270,15,D,EP,YP,D
14:48:14,PTBA,RG,4270,20,D,BB,YP,D
14:48:14,PTBA,RG,4270,50,D,YP,YP,D
14:48:14,PTBA,RG,4270,168,D,CS,YP,D
14:48:14,PTBA,RG,4270,439,D,CS,YP,D
14:48:12,PTBA,RG,4270,14,D,CS,YP,D
14:48:10,PTBA,RG,4270,77,D,CS,AK,D
14:48:10,PTBA,RG,4270,1,D,PD,AK,D
14:48:10,PTBA,RG,4270,26,D,XC,AK,D
14:48:10,PTBA,RG,4270,1,F,AK,AK,D
14:48:10,PTBA,RG,4270,3,D,XC,AK,D
14:48:10,PTBA,RG,4270,66,D,YP,AK,D
14:48:10,PTBA,RG,4270,100,D,PD,AK,D
14:48:10,PTBA,RG,4270,129,D,HD,AK,D
14:48:06,PTBA,RG,4280,8,D,BB,BK,F
14:48:06,PTBA,RG,4270,5,D,HD,XL,D
14:48:03,PTBA,RG,4270,100,D,HD,EP,D
14:47:59,PTBA,RG,4280,119,D,BB,BK,F
14:47:59,PTBA,RG,4280,3,D,BB,PD,D
14:47:59,PTBA,RG,4280,171,D,BB,SQ,D
14:47:59,PTBA,RG,4280,29,D,BB,SQ,D
14:47:59,PTBA,RG,4280,1,D,BB,YP,D
14:47:59,PTBA,RG,4280,1,D,BB,YP,D
14:47:59,PTBA,RG,4280,10,D,BB,DR,D
14:47:59,PTBA,RG,4280,200,D,BB,BQ,D
14:47:59,PTBA,RG,4280,10,D,BB,NI,D
14:47:59,PTBA,RG,4280,3,D,BB,YP,D
14:47:59,PTBA,RG,4280,3,D,BB,NI,D
14:47:59,PTBA,RG,4280,6,D,BB,KK,D
14:47:59,PTBA,RG,4280,1,D,BB,PD,D
14:47:59,PTBA,RG,4280,114,D,BB,CC,D
14:47:59,PTBA,RG,4280,36,D,BB,CC,D
14:47:59,PTBA,RG,4280,9,D,BB,CC,D
14:47:59,PTBA,RG,4280,10,D,BB,YU,D
14:47:59,PTBA,RG,4280,1,D,BB,KK,D
14:47:59,PTBA,RG,4280,43,D,BB,YP,D
14:47:59,PTBA,RG,4280,20,D,BB,PD,D
14:47:59,PTBA,RG,4280,1,D,BB,NI,D
14:47:59,PTBA,RG,4280,14,D,BB,NI,D
14:47:55,PTBA,RG,4270,105,D,HD,AK,D
14:47:53,PTBA,RG,4270,41,D,HD,BK,F
14:47:52,PTBA,RG,4280,31,D,BB,NI,D
14:47:52,PTBA,RG,4270,10,D,HD,KK,D
14:47:49,PTBA,RG,4270,25,D,HD,GR,D
14:47:48,PTBA,RG,4270,45,D,HD,BK,F
14:47:42,PTBA,RG,4270,3,D,HD,PD,D
14:47:39,PTBA,RG,4270,37,D,HD,AK,D
14:47:39,PTBA,RG,4270,3,D,XL,AK,D
14:47:39,PTBA,RG,4270,32,F,BK,AK,D
14:47:39,PTBA,RG,4270,4,D,XC,AK,D
14:47:39,PTBA,RG,4270,31,D,AO,AK,D
14:47:38,PTBA,RG,4270,44,D,AO,BK,F
14:47:32,PTBA,RG,4270,25,D,AO,XC,D
14:47:32,PTBA,RG,4270,169,D,CP,XC,D
14:47:31,PTBA,RG,4280,17,D,SQ,NI,D
14:47:30,PTBA,RG,4270,100,D,CP,YP,D
14:47:29,PTBA,RG,4270,5,D,CP,DH,D
14:47:29,PTBA,RG,4280,19,F,BK,NI,D
14:47:29,PTBA,RG,4270,3,D,CP,CC,D
14:47:26,PTBA,RG,4270,169,D,CP,BK,F
14:47:24,PTBA,RG,4270,55,D,CP,BK,F
14:47:22,PTBA,RG,4270,331,D,CP,AK,D
14:47:21,PTBA,RG,4270,1,D,CP,XC,D
14:47:05,PTBA,RG,4270,24,D,CP,PD,D
14:47:04,PTBA,RG,4280,50,D,YP,NI,D
14:47:01,PTBA,RG,4270,15,D,CP,AK,F
14:47:00,PTBA,RG,4270,558,D,CP,XC,D
14:47:00,PTBA,RG,4270,70,D,CP,BK,F
14:47:00,PTBA,RG,4270,5,D,PD,BK,F
14:47:00,PTBA,RG,4270,180,D,CS,BK,F
14:46:59,PTBA,RG,4280,20,D,BB,NI,D
14:46:56,PTBA,RG,4270,12,D,CS,GR,D
14:46:56,PTBA,RG,4270,7,D,CS,GR,D
14:46:56,PTBA,RG,4270,1,D,CS,GR,D
14:46:54,PTBA,RG,4280,25,D,NI,NI,D
14:46:51,PTBA,RG,4280,23,D,CD,NI,D
14:46:51,PTBA,RG,4280,10,D,CD,XC,D
14:46:51,PTBA,RG,4280,5,D,CD,PD,D
14:46:51,PTBA,RG,4280,27,D,CD,YP,D
14:46:50,PTBA,RG,4270,1,D,CS,CC,D
14:46:50,PTBA,RG,4270,22,D,CS,CC,D
14:46:50,PTBA,RG,4270,26,D,CS,BK,F
14:46:41,PTBA,RG,4270,33,D,CS,BK,F
14:46:40,PTBA,RG,4280,23,D,YP,YP,D
14:46:40,PTBA,RG,4280,35,D,YP,DR,D
14:46:37,PTBA,RG,4270,177,D,CS,AK,D
14:46:37,PTBA,RG,4270,66,D,CS,AK,D
14:46:36,PTBA,RG,4270,18,D,CS,BK,F
14:46:36,PTBA,RG,4270,1,D,CS,BK,F
14:46:36,PTBA,RG,4270,45,D,CS,YU,D
14:46:36,PTBA,RG,4270,1,D,PD,YU,D
14:46:36,PTBA,RG,4270,18,F,BK,YU,D
14:46:36,PTBA,RG,4270,5,D,CS,YU,D
14:46:36,PTBA,RG,4270,11,D,CS,YU,D
14:46:33,PTBA,RG,4280,25,D,YU,DR,D
14:46:33,PTBA,RG,4280,50,D,YU,PD,D
14:46:33,PTBA,RG,4280,1,D,YU,AZ,D
14:46:33,PTBA,RG,4280,2,D,YU,SQ,D
14:46:33,PTBA,RG,4280,2,D,YU,PD,D
14:46:33,PTBA,RG,4280,2,D,YU,XC,D
14:46:33,PTBA,RG,4280,53,D,YU,BK,F
14:46:33,PTBA,RG,4270,29,D,CS,KK,D
14:46:33,PTBA,RG,4270,12,D,OD,KK,D
14:46:32,PTBA,RG,4270,15,D,OD,YU,D
14:46:31,PTBA,RG,4280,296,D,CC,BK,F
14:46:31,PTBA,RG,4280,10,D,CC,ES,D
14:46:31,PTBA,RG,4280,21,D,CC,BK,F
14:46:28,PTBA,RG,4280,2,D,HP,BK,F
14:46:28,PTBA,RG,4270,35,D,OD,BK,F
14:46:27,PTBA,RG,4270,20,D,OD,BK,F
14:46:26,PTBA,RG,4280,1,D,PD,BK,F
14:46:25,PTBA,RG,4270,50,D,OD,BK,F
14:46:22,PTBA,RG,4280,2,D,YP,BK,F
14:46:22,PTBA,RG,4270,21,D,OD,BK,F
14:46:21,PTBA,RG,4280,2,D,XL,BK,F
14:46:17,PTBA,RG,4270,100,D,OD,PD,D
14:46:12,PTBA,RG,4270,33,D,OD,BK,F
14:46:12,PTBA,RG,4270,2,D,OD,NI,D
14:46:11,PTBA,RG,4270,200,D,OD,PD,D
14:46:10,PTBA,RG,4270,1,D,OD,XC,D
14:46:09,PTBA,RG,4270,3,D,OD,KK,D
14:46:09,PTBA,RG,4270,8,D,OD,BK,F
14:46:09,PTBA,RG,4270,11,D,CC,BK,F
14:46:06,PTBA,RG,4270,128,D,CC,AK,D
14:46:05,PTBA,RG,4270,23,D,CC,BK,F
14:46:03,PTBA,RG,4270,38,D,CC,BK,F
14:46:03,PTBA,RG,4270,1,D,YP,BK,F
14:46:03,PTBA,RG,4270,10,D,EP,BK,F
14:46:03,PTBA,RG,4270,49,D,YU,BK,F
14:46:00,PTBA,RG,4270,13,D,YU,EP,D
14:46:00,PTBA,RG,4270,1,D,YU,YU,D
14:45:59,PTBA,RG,4270,67,D,YU,BK,F
14:45:57,PTBA,RG,4280,1,D,XC,BK,F
14:45:57,PTBA,RG,4270,27,D,YU,BK,F
14:45:54,PTBA,RG,4270,20,D,YU,XC,D
14:45:54,PTBA,RG,4270,35,D,YU,PD,D
14:45:54,PTBA,RG,4270,4,D,CC,PD,D
14:45:54,PTBA,RG,4270,47,D,BB,PD,D
14:45:54,PTBA,RG,4270,64,D,KI,PD,D
14:45:51,PTBA,RG,4280,16,D,CC,BK,F
14:45:49,PTBA,RG,4270,19,D,KI,BK,F
14:45:49,PTBA,RG,4270,384,D,KI,AK,D
14:45:49,PTBA,RG,4270,8,D,CS,AK,D
14:45:48,PTBA,RG,4270,10,D,CS,YP,D
14:45:42,PTBA,RG,4280,21,F,BK,BK,F
14:45:40,PTBA,RG,4280,10,D,YP,BK,F
14:45:40,PTBA,RG,4270,25,D,CS,XC,D
14:45:38,PTBA,RG,4270,80,D,CS,BK,F
14:45:38,PTBA,RG,4270,36,D,CS,BK,F
14:45:32,PTBA,RG,4270,13,D,CS,SS,D
14:45:32,PTBA,RG,4280,18,D,XL,BK,F
14:45:28,PTBA,RG,4270,48,D,CS,XC,D
14:45:24,PTBA,RG,4270,25,D,CS,XC,D
14:45:23,PTBA,RG,4280,2,D,BB,BK,F
14:45:23,PTBA,RG,4280,10,D,XC,BK,F
14:45:18,PTBA,RG,4280,22,D,BB,BK,F
14:45:16,PTBA,RG,4270,86,D,CS,BK,F
14:45:15,PTBA,RG,4270,5,D,CS,XL,D
14:45:12,PTBA,RG,4280,10,D,XC,BK,F
14:45:11,PTBA,RG,4280,68,D,BB,BK,F
14:45:07,PTBA,RG,4270,10,D,CS,CC,D
14:45:07,PTBA,RG,4280,1,D,CS,BK,F
14:44:59,PTBA,RG,4280,5,D,CS,BK,F
14:44:57,PTBA,RG,4280,5,D,CS,BK,F
14:44:56,PTBA,RG,4280,5,D,CS,BK,F
14:44:55,PTBA,RG,4280,55,D,CC,BK,F
14:44:55,PTBA,RG,4280,3,D,CC,PD,D
14:44:55,PTBA,RG,4280,279,D,CC,AK,D
14:44:52,PTBA,RG,4270,27,D,CS,BK,F
14:44:51,PTBA,RG,4270,9,D,CS,CC,D
14:44:47,PTBA,RG,4280,10,D,PD,AK,D
14:44:44,PTBA,RG,4270,28,D,CS,BK,F
14:44:43,PTBA,RG,4270,85,D,CS,BK,F
14:44:43,PTBA,RG,4270,20,D,CS,BK,F
14:44:42,PTBA,RG,4280,20,D,NI,AK,D
14:44:41,PTBA,RG,4270,20,D,CS,BK,F
14:44:41,PTBA,RG,4270,39,D,CS,YP,D
14:44:41,PTBA,RG,4270,1,D,NI,YP,D
14:44:41,PTBA,RG,4270,170,D,CS,YP,D
14:44:41,PTBA,RG,4270,234,D,KI,YP,D
14:44:41,PTBA,RG,4270,6,D,CS,YP,D
14:44:41,PTBA,RG,4270,2,D,CS,YP,D
14:44:41,PTBA,RG,4270,133,D,CS,YP,D
14:44:40,PTBA,RG,4270,100,D,CS,CC,D
14:44:40,PTBA,RG,4270,100,D,OD,CC,D
14:44:40,PTBA,RG,4270,48,D,NI,CC,D
14:44:39,PTBA,RG,4270,2,D,NI,PD,D
14:44:39,PTBA,RG,4270,14,F,BK,PD,D
14:44:39,PTBA,RG,4270,5,D,BB,PD,D
14:44:39,PTBA,RG,4270,8,D,BB,PD,D
14:44:39,PTBA,RG,4270,21,D,CS,PD,D
14:44:39,PTBA,RG,4280,50,D,YP,AK,D
14:44:38,PTBA,RG,4270,20,D,CS,BK,F
14:44:38,PTBA,RG,4270,5,D,YP,PD,D
14:44:38,PTBA,RG,4270,1,D,CC,PD,D
14:44:38,PTBA,RG,4270,2,F,AK,PD,D
14:44:38,PTBA,RG,4270,5,D,AZ,PD,D
14:44:38,PTBA,RG,4270,4,D,CS,PD,D
14:44:38,PTBA,RG,4270,36,D,CS,PD,D
14:44:38,PTBA,RG,4270,47,D,BB,PD,D
14:44:38,PTBA,RG,4270,41,D,BB,PD,D
14:44:38,PTBA,RG,4270,3,D,DH,PD,D
14:44:38,PTBA,RG,4270,10,D,YP,PD,D
14:44:38,PTBA,RG,4270,4,D,KK,PD,D
14:44:38,PTBA,RG,4270,2,D,XC,PD,D
14:44:38,PTBA,RG,4270,20,D,YU,PD,D
14:44:37,PTBA,RG,4270,15,D,YU,HP,D
14:44:34,PTBA,RG,4270,20,D,YU,BK,F
14:44:31,PTBA,RG,4270,11,D,YU,PD,D
14:44:30,PTBA,RG,4280,1,D,YU,AK,D
14:44:28,PTBA,RG,4270,20,D,YU,BK,F
14:44:26,PTBA,RG,4270,22,D,YU,BK,F
14:44:21,PTBA,RG,4270,4,D,YU,CC,D
14:44:17,PTBA,RG,4270,34,D,YU,BK,F
14:44:16,PTBA,RG,4280,34,D,BB,AK,D
14:44:14,PTBA,RG,4270,5,D,YU,KK,D
14:44:13,PTBA,RG,4270,20,D,YU,BK,F
14:44:13,PTBA,RG,4270,27,D,YU,BK,F
14:44:13,PTBA,RG,4270,59,D,YU,BK,F
14:44:12,PTBA,RG,4270,1,D,YU,PD,D
14:44:12,PTBA,RG,4270,5,D,YU,DX,D
14:44:09,PTBA,RG,4270,24,D,YU,BK,F
14:44:04,PTBA,RG,4280,57,D,BQ,AK,D
14:44:04,PTBA,RG,4280,54,D,BQ,AK,D
14:44:04,PTBA,RG,4270,5,D,YU,OD,D
14:44:04,PTBA,RG,4270,118,D,YU,AK,D
14:44:04,PTBA,RG,4270,23,D,YU,BK,F
14:43:58,PTBA,RG,4270,8,D,YU,PD,D
14:43:58,PTBA,RG,4270,24,D,YU,BK,F
14:43:55,PTBA,RG,4270,8,D,YU,YP,D
14:43:51,PTBA,RG,4270,31,D,YU,BK,F
14:43:49,PTBA,RG,4270,50,D,YU,YP,D
14:43:48,PTBA,RG,4270,25,D,YU,BK,F
14:43:45,PTBA,RG,4270,10,D,YU,BK,F
14:43:45,PTBA,RG,4270,18,D,BB,BK,F
14:43:45,PTBA,RG,4270,1,F,AK,BK,F
14:43:45,PTBA,RG,4270,31,D,BB,BK,F
14:43:45,PTBA,RG,4270,5,D,PD,BK,F
14:43:45,PTBA,RG,4270,1,D,PD,BK,F
14:43:45,PTBA,RG,4270,30,D,CS,BK,F
14:43:44,PTBA,RG,4270,5,D,CS,DX,D
14:43:42,PTBA,RG,4270,72,D,CS,AK,D
14:43:42,PTBA,RG,4270,324,D,CS,AK,D
14:43:42,PTBA,RG,4270,69,D,CS,AK,D
14:43:42,PTBA,RG,4270,4,D,CS,AK,D
14:43:41,PTBA,RG,4270,19,D,CS,BK,F
14:43:39,PTBA,RG,4270,38,D,CS,EP,D
14:43:39,PTBA,RG,4270,19,D,CS,BK,F
14:43:38,PTBA,RG,4270,3,D,CS,CC,D
14:43:36,PTBA,RG,4270,50,D,CS,YP,D
14:43:35,PTBA,RG,4270,2,D,CS,CC,D
14:43:35,PTBA,RG,4270,1,D,CS,CC,D
14:43:35,PTBA,RG,4270,12,D,CS,BK,F
14:43:35,PTBA,RG,4270,12,F,CS,BK,F
14:43:34,PTBA,RG,4270,3,F,CS,OD,D
14:43:34,PTBA,RG,4270,5,D,CS,OD,D
14:43:34,PTBA,RG,4270,2,D,CS,OD,D
14:43:34,PTBA,RG,4270,90,D,CS,OD,D
14:43:30,PTBA,RG,4270,30,D,CS,YB,D
14:43:29,PTBA,RG,4270,2,D,CS,XC,D
14:43:28,PTBA,RG,4270,76,D,CS,DR,D
14:43:28,PTBA,RG,4270,17,F,BK,DR,D
14:43:28,PTBA,RG,4270,38,D,CS,DR,D
14:43:28,PTBA,RG,4270,3,D,BB,DR,D
14:43:28,PTBA,RG,4270,28,D,BB,DR,D
14:43:28,PTBA,RG,4270,101,D,SQ,DR,D
14:43:26,PTBA,RG,4270,5,D,SQ,PD,D
14:43:25,PTBA,RG,4270,10,D,SQ,PD,D
14:43:25,PTBA,RG,4270,33,D,SQ,BK,F
14:43:20,PTBA,RG,4270,9,D,SQ,XC,D
14:43:20,PTBA,RG,4270,2,D,SQ,PD,D
14:43:20,PTBA,RG,4270,27,D,SQ,BK,F
14:43:19,PTBA,RG,4270,13,D,SQ,BQ,D
14:43:19,PTBA,RG,4270,10,D,YP,BQ,D
14:43:19,PTBA,RG,4270,5,D,CS,BQ,D
14:43:19,PTBA,RG,4270,37,D,CS,BQ,D
14:43:19,PTBA,RG,4270,47,D,BB,BQ,D
14:43:19,PTBA,RG,4270,88,D,BB,BQ,D
14:43:14,PTBA,RG,4270,4,D,BB,BK,F
14:43:14,PTBA,RG,4270,91,D,YU,BK,F
14:43:14,PTBA,RG,4270,34,D,YU,BK,F
14:43:12,PTBA,RG,4270,1,D,YU,PD,D
14:43:11,PTBA,RG,4270,20,D,YU,BK,F
14:43:08,PTBA,RG,4270,100,D,YU,CC,D
14:43:03,PTBA,RG,4270,1,D,YU,BK,F
14:43:03,PTBA,RG,4270,18,D,YU,BK,F
14:43:02,PTBA,RG,4270,1,D,YU,CC,D
14:43:01,PTBA,RG,4270,2,D,YU,XC,D
14:43:00,PTBA,RG,4270,21,D,YU,BK,F
14:43:00,PTBA,RG,4270,3,D,YU,CC,D
14:42:59,PTBA,RG,4270,25,D,YU,CC,D
14:42:58,PTBA,RG,4270,5,D,YU,YP,D
14:42:57,PTBA,RG,4270,21,D,YU,BK,F
14:42:57,PTBA,RG,4270,5,D,YU,DX,D
14:42:54,PTBA,RG,4270,23,D,YU,NI,D
14:42:54,PTBA,RG,4270,1,D,XC,NI,D
14:42:54,PTBA,RG,4270,1,F,AK,NI,D
14:42:54,PTBA,RG,4270,5,D,NI,NI,D
14:42:53,PTBA,RG,4270,5,D,NI,KK,D
14:42:53,PTBA,RG,4270,1,D,NI,EP,D
14:42:50,PTBA,RG,4270,26,D,NI,BK,F
14:42:49,PTBA,RG,4280,36,D,YP,AK,D
14:42:49,PTBA,RG,4280,1,D,YP,PD,D
14:42:49,PTBA,RG,4280,10,D,YP,KK,D
14:42:49,PTBA,RG,4280,1,D,YP,YP,D
14:42:49,PTBA,RG,4280,5,D,YP,NI,D
14:42:49,PTBA,RG,4280,38,D,YP,XC,D
14:42:49,PTBA,RG,4280,5,D,YP,YB,D
14:42:49,PTBA,RG,4280,3,D,YP,CC,D
14:42:49,PTBA,RG,4280,7,D,YP,DR,D
14:42:49,PTBA,RG,4280,20,D,YP,YP,D
14:42:49,PTBA,RG,4280,12,D,YP,XC,D
14:42:49,PTBA,RG,4280,8,D,YP,XC,D
14:42:49,PTBA,RG,4280,30,D,YP,CC,D
14:42:49,PTBA,RG,4280,11,D,YP,LG,D
14:42:46,PTBA,RG,4270,4,D,NI,CC,D
14:42:45,PTBA,RG,4270,14,D,NI,BK,F
14:42:45,PTBA,RG,4270,3,D,EP,BK,F
14:42:45,PTBA,RG,4270,8,F,CC,BK,F
14:42:44,PTBA,RG,4270,145,F,CC,EP,D
14:42:40,PTBA,RG,4270,20,F,CC,BK,F
14:42:38,PTBA,RG,4270,77,F,CC,BK,F
14:42:38,PTBA,RG,4270,5,D,PD,BK,F
14:42:38,PTBA,RG,4270,33,D,CS,BK,F
14:42:35,PTBA,RG,4270,31,D,CS,BK,F
14:42:35,PTBA,RG,4270,46,D,CS,AK,D
14:42:35,PTBA,RG,4270,7,F,BK,AK,D
14:42:35,PTBA,RG,4270,343,D,CS,AK,D
14:42:35,PTBA,RG,4270,18,D,CS,AK,D
14:42:35,PTBA,RG,4270,54,D,CS,AK,D
14:42:35,PTBA,RG,4270,29,D,CS,AK,D
14:42:34,PTBA,RG,4270,132,D,CS,BQ,D
14:42:34,PTBA,RG,4270,31,D,XC,BQ,D
14:42:34,PTBA,RG,4270,6,D,CS,BQ,D
14:42:34,PTBA,RG,4270,2,D,CS,BQ,D
14:42:34,PTBA,RG,4270,29,D,CS,BQ,D
14:42:32,PTBA,RG,4270,196,D,CS,YP,D
14:42:32,PTBA,RG,4270,40,D,CS,YP,D
14:42:32,PTBA,RG,4270,3,D,BB,YP,D
14:42:32,PTBA,RG,4270,1,F,AK,YP,D
14:42:32,PTBA,RG,4270,7,D,YB,YP,D
14:42:32,PTBA,RG,4270,50,D,YP,YP,D
14:42:32,PTBA,RG,4270,237,D,BB,YP,D
14:42:32,PTBA,RG,4270,113,D,BB,YP,D
14:42:32,PTBA,RG,4270,15,D,CC,YP,D
14:42:32,PTBA,RG,4270,338,D,YU,YP,D
14:42:32,PTBA,RG,4270,45,D,YU,KK,D
14:42:30,PTBA,RG,4280,6,D,BB,LG,D
14:42:30,PTBA,RG,4270,27,D,YU,BK,F
14:42:29,PTBA,RG,4270,15,D,YU,DR,D
14:42:26,PTBA,RG,4270,1,D,YU,XC,D
14:42:25,PTBA,RG,4280,27,D,BB,LG,D
14:42:24,PTBA,RG,4270,22,D,YU,BK,F
14:42:22,PTBA,RG,4270,52,D,YU,BK,F
14:42:22,PTBA,RG,4280,150,D,EP,LG,D
14:42:20,PTBA,RG,4270,1,D,YU,YP,D
14:42:19,PTBA,RG,4270,21,D,YU,BK,F
14:42:19,PTBA,RG,4270,1,D,YU,AZ,D
14:42:19,PTBA,RG,4280,1,D,PD,LG,D
14:42:13,PTBA,RG,4270,19,D,YU,BK,F
14:42:12,PTBA,RG,4270,144,D,YU,CC,D
14:42:12,PTBA,RG,4270,306,D,YU,CC,D
14:42:12,PTBA,RG,4270,25,D,YU,CC,D
14:42:11,PTBA,RG,4270,3,D,YU,XC,D
14:42:11,PTBA,RG,4270,13,D,YU,BK,F
14:42:11,PTBA,RG,4270,7,D,KK,BK,F
14:42:07,PTBA,RG,4270,28,D,KK,BK,F
14:42:05,PTBA,RG,4270,7,D,KK,CC,D
14:42:05,PTBA,RG,4270,8,F,CS,CC,D
14:42:02,PTBA,RG,4270,6,F,CS,XC,D
14:42:02,PTBA,RG,4270,1,F,CS,BK,F
14:42:02,PTBA,RG,4270,3,F,AK,BK,F
14:42:02,PTBA,RG,4270,24,D,BB,BK,F
14:42:02,PTBA,RG,4270,10,D,BB,XL,D
14:42:01,PTBA,RG,4270,13,D,BB,BK,F
14:42:01,PTBA,RG,4270,10,D,PD,BK,F
14:42:01,PTBA,RG,4270,4,D,CS,BK,F
14:42:01,PTBA,RG,4270,35,D,CS,BK,F
14:42:01,PTBA,RG,4270,6,D,BB,BK,F
14:42:00,PTBA,RG,4270,1,D,BB,CC,D
14:41:57,PTBA,RG,4270,26,D,BB,BK,F
14:41:56,PTBA,RG,4280,38,D,KK,LG,D
14:41:51,PTBA,RG,4270,22,D,BB,BK,F
14:41:45,PTBA,RG,4270,21,D,BB,BK,F
14:41:42,PTBA,RG,4270,10,D,BB,EP,D
14:41:41,PTBA,RG,4270,65,D,BB,BK,F
14:41:40,PTBA,RG,4270,20,D,BB,BK,F
14:41:37,PTBA,RG,4270,104,D,BB,YP,D
14:41:37,PTBA,RG,4270,19,F,CC,YP,D
14:41:36,PTBA,RG,4280,5,D,XL,LG,D
14:41:34,PTBA,RG,4270,29,F,CC,BK,F
14:41:31,PTBA,RG,4280,62,D,BQ,LG,D
14:41:31,PTBA,RG,4280,3,D,BQ,YP,D
14:41:31,PTBA,RG,4280,30,D,BQ,AK,D
14:41:31,PTBA,RG,4280,153,D,BQ,AK,D
14:41:31,PTBA,RG,4280,20,D,BQ,KK,D
14:41:30,PTBA,RG,4270,12,F,CC,BK,F
14:41:30,PTBA,RG,4270,13,F,BK,BK,F
14:41:29,PTBA,RG,4270,5,D,CS,DX,D
14:41:28,PTBA,RG,4270,5,D,CS,YP,D
14:41:28,PTBA,RG,4270,6,D,CS,PD,D
14:41:26,PTBA,RG,4270,93,D,CS,YP,D
14:41:26,PTBA,RG,4270,237,D,CS,YP,D
14:41:25,PTBA,RG,4270,103,D,CS,BQ,D
14:41:25,PTBA,RG,4270,72,D,CS,BQ,D
14:41:25,PTBA,RG,4270,25,D,CS,BQ,D
14:41:24,PTBA,RG,4270,24,D,CS,BK,F
14:41:21,PTBA,RG,4270,102,D,CS,YU,D
14:41:21,PTBA,RG,4270,6,D,CS,YU,D
14:41:21,PTBA,RG,4270,2,D,CS,YU,D
14:41:21,PTBA,RG,4270,207,D,CS,YU,D
14:41:21,PTBA,RG,4270,37,D,CS,YU,D
14:41:21,PTBA,RG,4270,3,D,BB,YU,D
14:41:21,PTBA,RG,4270,1,D,BB,YU,D
14:41:21,PTBA,RG,4270,1,F,AK,YU,D
14:41:21,PTBA,RG,4270,1,F,AK,YU,D
14:41:21,PTBA,RG,4270,14,F,CS,YU,D
14:41:20,PTBA,RG,4270,25,F,CS,BK,F
14:41:16,PTBA,RG,4270,366,F,CS,AK,D
14:41:16,PTBA,RG,4270,73,F,CS,AK,D
14:41:16,PTBA,RG,4270,21,F,CS,BK,F
14:41:14,PTBA,RG,4270,20,F,CS,BK,F
14:41:11,PTBA,RG,4270,6,F,CS,XC,D
14:41:09,PTBA,RG,4270,1,F,CS,YP,D
14:41:07,PTBA,RG,4270,30,F,CS,BK,F
14:41:03,PTBA,RG,4270,21,F,CS,BK,F
14:41:03,PTBA,RG,4270,30,F,CS,NI,D
14:41:01,PTBA,RG,4270,1,F,CS,PD,D
14:41:01,PTBA,RG,4280,5,D,XL,KK,D
14:40:59,PTBA,RG,4270,22,F,CS,BK,F
14:40:57,PTBA,RG,4270,1,F,CS,EP,D
14:40:57,PTBA,RG,4270,29,F,CS,XC,D
14:40:56,PTBA,RG,4270,22,F,CS,BK,F
14:40:56,PTBA,RG,4270,150,F,CS,YP,D
14:40:55,PTBA,RG,4270,100,F,CS,KK,D
14:40:53,PTBA,RG,4270,10,F,CS,PD,D
14:40:52,PTBA,RG,4270,19,F,CS,BK,F
14:40:52,PTBA,RG,4270,5,F,CS,DX,D
14:40:50,PTBA,RG,4270,30,F,CS,BK,F
14:40:46,PTBA,RG,4270,6,F,CS,YP,D
14:40:45,PTBA,RG,4270,1,F,CS,YP,D
14:40:44,PTBA,RG,4270,26,F,CS,BK,F
14:40:44,PTBA,RG,4270,1,F,CS,XL,D
14:40:43,PTBA,RG,4270,1,F,CS,NI,D
14:40:42,PTBA,RG,4270,19,F,CS,CC,D
14:40:42,PTBA,RG,4270,2,D,PD,CC,D
14:40:42,PTBA,RG,4270,79,D,YU,CC,D
14:40:32,PTBA,RG,4270,12,D,YU,XC,D
14:40:32,PTBA,RG,4270,1,D,YU,YP,D
14:40:31,PTBA,RG,4270,9,D,YU,YB,D
14:40:30,PTBA,RG,4270,6,D,YU,XL,D
14:40:29,PTBA,RG,4270,250,D,YU,MG,D
14:40:29,PTBA,RG,4270,181,D,YU,MG,D
14:40:29,PTBA,RG,4270,51,D,YP,MG,D
14:40:29,PTBA,RG,4270,3,D,DR,MG,D
14:40:29,PTBA,RG,4270,100,D,OD,MG,D
14:40:29,PTBA,RG,4270,50,D,KK,MG,D
14:40:29,PTBA,RG,4270,2,D,PD,MG,D
14:40:29,PTBA,RG,4270,1,D,PD,MG,D
14:40:29,PTBA,RG,4270,5,D,PD,MG,D
14:40:29,PTBA,RG,4270,2,D,TP,MG,D
14:40:29,PTBA,RG,4270,4,D,TP,YP,D
14:40:26,PTBA,RG,4270,4,D,TP,PD,D
14:40:22,PTBA,RG,4270,1,D,TP,YP,D
14:40:22,PTBA,RG,4270,5,D,NI,YP,D
14:40:22,PTBA,RG,4270,4,D,CS,YP,D
14:40:22,PTBA,RG,4270,35,D,CS,YP,D
14:40:22,PTBA,RG,4270,2,D,XL,YP,D
14:40:22,PTBA,RG,4270,21,F,CS,YP,D
14:40:22,PTBA,RG,4270,179,D,YU,YP,D
14:40:22,PTBA,RG,4270,94,D,YU,YP,D
14:40:22,PTBA,RG,4270,200,D,YU,BQ,D
14:40:16,PTBA,RG,4270,12,D,YU,CC,D
14:40:14,PTBA,RG,4270,49,D,YU,AK,D
14:40:14,PTBA,RG,4270,2,D,PD,AK,D
14:40:14,PTBA,RG,4270,20,D,YP,AK,D
14:40:14,PTBA,RG,4270,3,D,BB,AK,D
14:40:14,PTBA,RG,4270,12,D,YP,AK,D
14:40:14,PTBA,RG,4270,3,D,PD,AK,D
14:40:14,PTBA,RG,4270,5,D,PD,AK,D
14:40:14,PTBA,RG,4270,296,F,BK,AK,D
14:40:14,PTBA,RG,4270,5,D,PD,AK,D
14:40:14,PTBA,RG,4270,19,D,BB,AK,D
14:40:14,PTBA,RG,4270,78,D,BB,AK,D
14:40:14,PTBA,RG,4270,48,D,BB,AK,D
14:40:14,PTBA,RG,4270,51,D,BB,AK,D
14:40:13,PTBA,RG,4270,54,D,BB,XC,D
14:40:13,PTBA,RG,4270,25,D,BB,XC,D
14:40:13,PTBA,RG,4270,1,F,AK,XC,D
14:40:13,PTBA,RG,4270,48,D,CS,XC,D
14:40:13,PTBA,RG,4270,127,D,CS,XC,D
14:40:13,PTBA,RG,4270,398,D,CS,XC,D
14:40:13,PTBA,RG,4270,2,D,CS,XC,D
14:40:13,PTBA,RG,4270,343,D,YU,XC,D
14:40:13,PTBA,RG,4270,174,D,YU,XC,D
14:40:13,PTBA,RG,4270,20,D,EP,XC,D
14:40:13,PTBA,RG,4270,2,D,PD,XC,D
14:40:13,PTBA,RG,4270,10,D,DR,XC,D
14:40:13,PTBA,RG,4270,13,D,YP,XC,D
14:40:13,PTBA,RG,4270,30,D,CC,XC,D
14:40:13,PTBA,RG,4270,50,D,PD,XC,D
14:40:13,PTBA,RG,4270,5,D,PD,XC,D
14:40:13,PTBA,RG,4270,2,D,XC,XC,D
14:40:13,PTBA,RG,4270,100,D,NI,XC,D
14:40:13,PTBA,RG,4270,50,D,YP,XC,D
14:40:13,PTBA,RG,4270,2,D,GR,XC,D
14:40:13,PTBA,RG,4270,104,D,CS,XC,D
14:40:13,PTBA,RG,4270,217,D,CS,XC,D
14:40:13,PTBA,RG,4270,8,D,CS,XC,D
14:40:13,PTBA,RG,4270,301,D,CS,XC,D
14:40:13,PTBA,RG,4270,1,F,AK,XC,D
14:40:13,PTBA,RG,4270,17,D,YP,XC,D
14:40:13,PTBA,RG,4270,69,F,CS,XC,D
14:40:13,PTBA,RG,4270,3,D,XL,XC,D
14:40:13,PTBA,RG,4270,1,D,SQ,XC,D
14:40:13,PTBA,RG,4270,50,D,YP,XC,D
14:40:13,PTBA,RG,4270,1,D,BB,XC,D
14:40:13,PTBA,RG,4270,25,D,YP,XC,D
14:40:13,PTBA,RG,4270,2,D,PD,XC,D
14:40:13,PTBA,RG,4270,1,F,AK,XC,D
14:40:13,PTBA,RG,4270,10,D,XC,XC,D
14:40:13,PTBA,RG,4270,21,F,BK,XC,D
14:40:13,PTBA,RG,4270,26,F,CC,XC,D
14:40:09,PTBA,RG,4270,33,F,CC,XC,D
14:40:07,PTBA,RG,4270,91,F,CC,ZP,D
14:40:07,PTBA,RG,4270,1909,F,CS,ZP,D
14:40:05,PTBA,RG,4270,10,F,CS,EP,D
14:40:04,PTBA,RG,4280,25,D,KK,KK,D
14:40:04,PTBA,RG,4280,25,D,KK,CC,D
14:40:03,PTBA,RG,4270,1,F,CS,KK,D
14:39:59,PTBA,RG,4280,5,D,XC,CC,D
14:39:54,PTBA,RG,4270,20,F,CS,CC,D
14:39:45,PTBA,RG,4270,1,F,CS,XC,D
14:39:40,PTBA,RG,4270,1,F,CS,XC,D
14:39:39,PTBA,RG,4280,1,D,NI,CC,D
14:39:30,PTBA,RG,4280,5,D,PD,CC,D
14:39:27,PTBA,RG,4280,37,D,BB,CC,D
14:39:19,PTBA,RG,4270,2,F,CS,YP,D
14:39:19,PTBA,RG,4280,2,D,XL,CC,D
14:39:04,PTBA,RG,4280,1,D,XL,CC,D
14:39:03,PTBA,RG,4270,2,F,CS,AK,D
14:39:03,PTBA,RG,4270,16,F,CS,AK,D
14:39:03,PTBA,RG,4270,1,D,EP,AK,D
14:39:03,PTBA,RG,4270,38,D,CS,AK,D
14:39:03,PTBA,RG,4270,183,F,CC,AK,D
14:39:03,PTBA,RG,4270,4,D,CS,AK,D
14:39:03,PTBA,RG,4270,23,D,XC,AK,D
14:39:03,PTBA,RG,4270,15,D,DH,AK,D
14:39:03,PTBA,RG,4270,100,D,HD,AK,D
14:39:03,PTBA,RG,4270,20,D,XC,AK,D
14:39:03,PTBA,RG,4270,5,D,PD,AK,D
14:39:03,PTBA,RG,4270,24,D,YU,AK,D
14:39:03,PTBA,RG,4270,86,D,YU,AK,D
14:39:03,PTBA,RG,4280,50,D,DR,CC,D
14:38:44,PTBA,RG,4280,1,D,OD,CC,D
14:38:33,PTBA,RG,4270,4,D,YU,YP,D
14:38:31,PTBA,RG,4270,10,D,YU,XC,D
14:38:30,PTBA,RG,4270,1,D,YU,PD,D
14:38:30,PTBA,RG,4270,2,D,YU,NI,D
14:38:19,PTBA,RG,4270,5,D,YU,CC,D
14:38:17,PTBA,RG,4270,1,D,YU,HP,D
14:38:16,PTBA,RG,4270,25,D,YU,XC,D
14:38:16,PTBA,RG,4270,1,D,YU,XC,D
14:38:15,PTBA,RG,4270,3,D,YU,KK,D
14:38:14,PTBA,RG,4270,10,D,YU,XL,D
14:38:11,PTBA,RG,4270,10,D,YU,DR,D
14:38:11,PTBA,RG,4270,5,D,YU,DR,D
14:38:10,PTBA,RG,4270,35,D,YU,YP,D
14:38:09,PTBA,RG,4270,30,D,YU,XC,D
14:38:04,PTBA,RG,4270,8,D,YU,YP,D
14:38:04,PTBA,RG,4270,14,D,YU,ZP,D
14:38:04,PTBA,RG,4270,20,D,PD,ZP,D
14:38:04,PTBA,RG,4270,200,D,HD,ZP,D
14:38:04,PTBA,RG,4270,1,D,YB,ZP,D
14:38:04,PTBA,RG,4270,1,D,PD,ZP,D
14:38:04,PTBA,RG,4270,3,D,CC,ZP,D
14:38:04,PTBA,RG,4270,1,F,AK,ZP,D
14:38:04,PTBA,RG,4270,23,D,AT,ZP,D
14:38:04,PTBA,RG,4270,1,D,YP,ZP,D
14:38:04,PTBA,RG,4270,25,D,BB,ZP,D
14:38:04,PTBA,RG,4270,187,D,BB,ZP,D
14:38:04,PTBA,RG,4270,2,D,GR,ZP,D
14:38:04,PTBA,RG,4270,100,D,AO,ZP,D
14:38:04,PTBA,RG,4270,3,D,PD,ZP,D
14:38:04,PTBA,RG,4270,26,F,AK,ZP,D
14:38:04,PTBA,RG,4270,104,D,BB,ZP,D
14:38:04,PTBA,RG,4270,100,D,OD,ZP,D
14:38:04,PTBA,RG,4270,1,D,YB,ZP,D
14:38:04,PTBA,RG,4270,30,D,ZP,ZP,D
14:38:04,PTBA,RG,4270,100,D,CC,ZP,D
14:38:04,PTBA,RG,4270,10,F,AK,ZP,D
14:38:04,PTBA,RG,4270,1,D,BB,ZP,D
14:38:04,PTBA,RG,4270,961,F,BK,ZP,D
14:38:04,PTBA,RG,4270,1,D,XC,ZP,D
14:38:04,PTBA,RG,4270,100,D,HD,ZP,D
14:38:04,PTBA,RG,4270,198,D,BB,ZP,D
14:38:04,PTBA,RG,4270,5,D,CC,ZP,D
14:38:04,PTBA,RG,4270,10,D,NI,ZP,D
14:38:04,PTBA,RG,4270,6,D,CP,ZP,D
14:38:04,PTBA,RG,4270,50,D,GR,ZP,D
14:38:04,PTBA,RG,4270,1,D,YP,ZP,D
14:38:04,PTBA,RG,4270,115,D,YU,ZP,D
14:38:03,PTBA,RG,4270,30,D,YU,LG,D
14:38:01,PTBA,RG,4270,162,D,YU,AK,D
14:38:01,PTBA,RG,4270,155,D,YU,AK,D
14:38:01,PTBA,RG,4270,32,F,CS,AK,D
14:38:01,PTBA,RG,4270,1,D,CS,AK,D
14:38:01,PTBA,RG,4270,23,D,CS,AK,D
14:38:01,PTBA,RG,4270,25,D,CS,AK,D
14:38:01,PTBA,RG,4270,35,D,CS,AK,D
14:38:01,PTBA,RG,4270,45,D,CS,AK,D
14:38:00,PTBA,RG,4280,8,D,PD,CC,D
14:37:55,PTBA,RG,4270,70,D,CS,CC,D
14:37:45,PTBA,RG,4270,5,D,CS,EP,D
14:37:39,PTBA,RG,4270,2,D,CS,HP,D
14:37:35,PTBA,RG,4270,10,D,CS,NI,D
14:37:33,PTBA,RG,4280,10,D,XC,CC,D
14:37:21,PTBA,RG,4270,7,D,CS,XL,D
14:37:18,PTBA,RG,4270,1,D,CS,XC,D
14:37:17,PTBA,RG,4280,55,D,SQ,CC,D
14:37:14,PTBA,RG,4280,50,D,GR,CC,D
14:37:09,PTBA,RG,4270,1,D,CS,YP,D
14:37:09,PTBA,RG,4280,15,D,KK,CC,D
14:37:08,PTBA,RG,4270,2,D,CS,BQ,D
14:37:07,PTBA,RG,4280,20,D,HP,CC,D
14:37:07,PTBA,RG,4270,10,D,CS,XC,D
14:37:02,PTBA,RG,4280,20,D,XC,CC,D
14:37:01,PTBA,RG,4280,1,D,PD,CC,D
14:37:00,PTBA,RG,4280,16,D,YU,CC,D
14:37:00,PTBA,RG,4280,5,D,YU,DR,D
14:37:00,PTBA,RG,4280,10,D,YU,ZP,D
14:37:00,PTBA,RG,4280,106,D,YU,BK,F
14:37:00,PTBA,RG,4280,118,D,YU,BK,F
14:37:00,PTBA,RG,4280,47,D,YU,BK,F
14:37:00,PTBA,RG,4280,25,D,YU,NI,D
14:37:00,PTBA,RG,4280,1,D,YU,PC,D
14:37:00,PTBA,RG,4280,20,D,YU,YP,D
14:37:00,PTBA,RG,4280,2,D,YU,PD,D
14:37:00,PTBA,RG,4280,30,D,YU,CC,D
14:37:00,PTBA,RG,4280,100,D,YU,LG,D
14:37:00,PTBA,RG,4280,4,D,YU,NI,D
14:37:00,PTBA,RG,4280,4,D,YU,IF,D
14:37:00,PTBA,RG,4280,272,D,YU,CC,D
14:37:00,PTBA,RG,4280,25,D,YP,CC,D
14:36:59,PTBA,RG,4270,1,D,CS,XC,D
14:36:55,PTBA,RG,4280,103,D,LG,CC,D
14:36:55,PTBA,RG,4280,5,D,LG,DR,D
14:36:55,PTBA,RG,4280,3,D,LG,PD,D
14:36:55,PTBA,RG,4280,166,D,LG,BQ,D
14:36:55,PTBA,RG,4280,34,D,LG,BQ,D
14:36:55,PTBA,RG,4280,137,D,LG,AK,D
14:36:55,PTBA,RG,4280,27,D,LG,AK,D
14:36:55,PTBA,RG,4280,15,D,LG,PD,D
14:36:55,PTBA,RG,4280,110,D,LG,PD,D
14:36:55,PTBA,RG,4280,99,D,LG,DH,D
14:36:55,PTBA,RG,4280,100,D,LG,DH,D
14:36:55,PTBA,RG,4280,75,D,LG,DH,D
14:36:54,PTBA,RG,4280,36,D,LG,DH,D
14:36:54,PTBA,RG,4280,28,D,LG,DH,D
14:36:54,PTBA,RG,4280,23,D,LG,DH,D
14:36:54,PTBA,RG,4280,5,D,LG,DH,D
14:36:49,PTBA,RG,4270,31,D,CS,CC,D
14:36:49,PTBA,RG,4270,39,D,CS,CC,D
14:36:49,PTBA,RG,4270,85,D,CS,CC,D
14:36:49,PTBA,RG,4270,3,D,CS,CC,D
14:36:49,PTBA,RG,4270,2,D,CS,CC,D
14:36:49,PTBA,RG,4270,1,D,CS,XC,D
14:36:40,PTBA,RG,4270,20,D,CS,PD,D
14:36:40,PTBA,RG,4270,20,D,CS,OD,D
14:36:33,PTBA,RG,4270,6,D,CS,YP,D
14:36:32,PTBA,RG,4270,8,D,CS,XC,D
14:36:30,PTBA,RG,4270,1,D,CS,YP,D
14:36:26,PTBA,RG,4270,2,D,CS,XL,D
14:36:24,PTBA,RG,4270,2,D,CS,XL,D
14:36:22,PTBA,RG,4280,5,D,NI,DH,D
14:36:04,PTBA,RG,4280,1,D,XC,DH,D
14:35:57,PTBA,RG,4270,22,D,CS,PD,D
14:35:56,PTBA,RG,4280,10,D,DR,DH,D
14:35:49,PTBA,RG,4280,1,D,PD,DH,D
14:35:37,PTBA,RG,4280,147,D,XC,DH,D
14:35:36,PTBA,RG,4270,5,D,CS,YP,D
14:35:36,PTBA,RG,4280,10,D,YP,DH,D
14:35:35,PTBA,RG,4280,20,D,PD,DH,D
14:35:32,PTBA,RG,4280,400,D,AZ,DH,D
14:35:31,PTBA,RG,4280,1,D,XC,DH,D
14:35:29,PTBA,RG,4280,39,D,YP,DH,D
14:35:29,PTBA,RG,4280,1,D,YP,XL,D
14:35:29,PTBA,RG,4280,13,D,YP,YP,D
14:35:29,PTBA,RG,4280,213,D,YP,BK,F
14:35:29,PTBA,RG,4280,87,D,YP,XL,D
14:35:29,PTBA,RG,4280,659,D,YP,AK,D
14:35:29,PTBA,RG,4280,132,D,YP,AK,D
14:35:29,PTBA,RG,4280,1,D,YP,YP,D
14:35:29,PTBA,RG,4280,2,D,YP,AZ,D
14:35:29,PTBA,RG,4280,1,D,YP,BQ,D
14:35:29,PTBA,RG,4280,1,D,YP,XC,D
14:35:29,PTBA,RG,4280,332,D,YP,BK,F
14:35:29,PTBA,RG,4280,59,D,YP,SQ,D
14:35:29,PTBA,RG,4280,510,D,YP,CC,D
14:35:29,PTBA,RG,4270,6,D,CS,XC,D
14:35:27,PTBA,RG,4280,1,D,YP,CC,D
14:35:25,PTBA,RG,4270,17,D,CS,AZ,D
14:35:25,PTBA,RG,4270,1,D,CS,AK,D
14:35:25,PTBA,RG,4270,17,D,CS,AK,D
14:35:25,PTBA,RG,4270,3,D,CS,AK,D
14:35:25,PTBA,RG,4270,75,F,CC,AK,D
14:35:25,PTBA,RG,4270,240,F,CC,AK,D
14:35:25,PTBA,RG,4270,68,F,CC,AK,D
14:35:25,PTBA,RG,4280,1,D,DX,CC,D
14:35:13,PTBA,RG,4280,30,D,PD,CC,D
14:35:09,PTBA,RG,4270,1,F,CC,YP,D
14:35:00,PTBA,RG,4270,3,F,CC,YP,D
14:34:59,PTBA,RG,4270,5,F,CC,NI,D
14:34:58,PTBA,RG,4280,5,D,PD,CC,D
14:34:56,PTBA,RG,4270,9,F,CC,PD,D
14:34:53,PTBA,RG,4280,467,D,KI,CC,D
14:34:45,PTBA,RG,4270,350,F,CC,IF,D
14:34:43,PTBA,RG,4280,234,D,KI,CC,D
14:34:37,PTBA,RG,4270,1,F,CC,XC,D
14:34:35,PTBA,RG,4270,10,F,CC,XC,D
14:34:35,PTBA,RG,4280,5,D,NI,CC,D
14:34:34,PTBA,RG,4270,5,F,CC,AT,D
14:34:33,PTBA,RG,4270,1,F,CC,CC,D
14:34:30,PTBA,RG,4270,5,F,CC,NI,D
14:34:29,PTBA,RG,4270,2,F,CC,YP,D
14:34:29,PTBA,RG,4270,1,F,CC,PD,D
14:34:27,PTBA,RG,4270,1,F,CC,PD,D
14:34:26,PTBA,RG,4270,60,F,CC,XA,D
14:34:26,PTBA,RG,4270,6,D,BB,XA,D
14:34:23,PTBA,RG,4270,1,D,BB,YB,D
14:34:18,PTBA,RG,4270,2,D,BB,YP,D
14:34:18,PTBA,RG,4270,23,D,YP,YP,D
14:34:17,PTBA,RG,4270,15,D,YP,KK,D
14:34:17,PTBA,RG,4270,12,D,YP,NI,D
14:34:17,PTBA,RG,4270,1,F,CS,NI,D
14:34:17,PTBA,RG,4270,3,F,CS,NI,D
14:34:17,PTBA,RG,4270,5,D,PD,NI,D
14:34:17,PTBA,RG,4270,1,D,DR,NI,D
14:34:17,PTBA,RG,4270,2,D,YP,NI,D
14:34:17,PTBA,RG,4270,2,D,XL,NI,D
14:34:17,PTBA,RG,4270,7,D,BB,NI,D
14:34:17,PTBA,RG,4270,12,D,SQ,NI,D
14:34:17,PTBA,RG,4270,1,D,EP,NI,D
14:34:17,PTBA,RG,4270,19,D,BB,NI,D
14:34:17,PTBA,RG,4270,42,D,KK,NI,D
14:34:17,PTBA,RG,4270,2,D,CC,NI,D
14:34:17,PTBA,RG,4270,1,D,PD,NI,D
14:34:17,PTBA,RG,4270,2,D,KK,NI,D
14:34:17,PTBA,RG,4270,5,D,KK,NI,D
14:34:17,PTBA,RG,4270,5,D,DR,NI,D
14:34:17,PTBA,RG,4270,8,D,KK,NI,D
14:34:16,PTBA,RG,4270,1,D,KK,XC,D
14:34:15,PTBA,RG,4280,109,F,AK,CC,D
14:34:15,PTBA,RG,4280,12,F,AK,DH,D
14:34:15,PTBA,RG,4280,88,F,CC,DH,D
14:34:15,PTBA,RG,4280,75,F,CC,CP,D
14:34:15,PTBA,RG,4280,4,F,CC,KK,D
14:34:15,PTBA,RG,4280,50,F,CC,YP,D
14:34:15,PTBA,RG,4280,15,F,CC,TP,D
14:34:15,PTBA,RG,4280,3,F,CC,XC,D
14:34:15,PTBA,RG,4280,143,F,CC,AK,D
14:34:15,PTBA,RG,4280,178,F,CC,AK,D
14:34:15,PTBA,RG,4280,29,F,CC,AK,D
14:34:15,PTBA,RG,4280,36,F,CC,AK,D
14:34:15,PTBA,RG,4280,239,F,CC,BK,F
14:34:12,PTBA,RG,4280,241,F,AK,BK,F
14:34:11,PTBA,RG,4270,11,D,KK,YP,D
14:34:11,PTBA,RG,4270,2,D,NI,YP,D
14:34:11,PTBA,RG,4270,7,D,CP,YP,D
14:34:10,PTBA,RG,4270,8,D,CP,PD,D
14:34:06,PTBA,RG,4270,35,D,CP,BQ,D
14:34:06,PTBA,RG,4270,2,D,XL,BQ,D
14:34:06,PTBA,RG,4270,1,D,HP,BQ,D
14:34:06,PTBA,RG,4270,25,D,NI,BQ,D
14:34:06,PTBA,RG,4270,137,D,BB,BQ,D
14:34:01,PTBA,RG,4270,2,D,BB,XC,D
14:33:58,PTBA,RG,4270,1,D,BB,XC,D
14:33:57,PTBA,RG,4270,20,D,NI,DH,D
14:33:54,PTBA,RG,4280,10,D,CC,BK,F
14:33:53,PTBA,RG,4280,387,F,BK,BK,F
14:33:53,PTBA,RG,4280,920,F,BK,BK,F
14:33:53,PTBA,RG,4280,4,F,BK,YP,D
14:33:53,PTBA,RG,4280,59,F,BK,SQ,D
14:33:52,PTBA,RG,4270,1,D,DR,XL,D
14:33:52,PTBA,RG,4270,10,D,DH,XL,D
14:33:52,PTBA,RG,4270,9,D,XC,XL,D
14:33:52,PTBA,RG,4270,1,D,PD,XL,D
14:33:52,PTBA,RG,4270,3,D,EP,XL,D
14:33:52,PTBA,RG,4270,10,D,SQ,XL,D
14:33:52,PTBA,RG,4270,1,D,NI,XL,D
14:33:52,PTBA,RG,4270,1,D,PD,XL,D
14:33:52,PTBA,RG,4270,6,D,YP,XL,D
14:33:52,PTBA,RG,4270,2,D,XC,XL,D
14:33:52,PTBA,RG,4270,2,D,XL,XL,D
14:33:52,PTBA,RG,4270,50,D,XC,XL,D
14:33:52,PTBA,RG,4270,5,D,PD,XL,D
14:33:52,PTBA,RG,4270,80,D,PD,XL,D
14:33:52,PTBA,RG,4270,1,D,CC,XL,D
14:33:52,PTBA,RG,4270,3,D,CC,XL,D
14:33:52,PTBA,RG,4270,1,D,XC,XL,D
14:33:52,PTBA,RG,4270,500,D,HD,XL,D
14:33:52,PTBA,RG,4270,1,D,XC,XL,D
14:33:52,PTBA,RG,4270,10,D,CC,XL,D
14:33:52,PTBA,RG,4270,1,D,NI,XL,D
14:33:52,PTBA,RG,4270,10,D,CC,XL,D
14:33:52,PTBA,RG,4270,10,D,PD,XL,D
14:33:52,PTBA,RG,4270,30,D,SQ,XL,D
14:33:52,PTBA,RG,4270,2,D,XL,XL,D
14:33:52,PTBA,RG,4270,10,D,BQ,XL,D
14:33:52,PTBA,RG,4270,200,D,KK,XL,D
14:33:52,PTBA,RG,4270,10,D,YB,XL,D
14:33:52,PTBA,RG,4270,90,D,DH,XL,D
14:33:52,PTBA,RG,4270,5,D,PD,XL,D
14:33:52,PTBA,RG,4270,10,D,YP,XL,D
14:33:52,PTBA,RG,4270,5,D,CC,XL,D
14:33:52,PTBA,RG,4270,2,D,XA,XL,D
14:33:52,PTBA,RG,4270,1,D,YP,XL,D
14:33:52,PTBA,RG,4270,10,D,XA,XL,D
14:33:52,PTBA,RG,4270,1,D,YP,XL,D
14:33:52,PTBA,RG,4270,5,D,PD,XL,D
14:33:52,PTBA,RG,4270,5,D,YP,XL,D
14:33:52,PTBA,RG,4270,20,D,NI,XL,D
14:33:52,PTBA,RG,4270,2,D,XL,XL,D
14:33:52,PTBA,RG,4270,10,D,YB,XL,D
14:33:52,PTBA,RG,4270,2,D,LG,XL,D
14:33:52,PTBA,RG,4270,6,D,CS,XL,D
14:33:52,PTBA,RG,4270,2,D,CS,XL,D
14:33:52,PTBA,RG,4270,235,D,CS,XL,D
14:33:52,PTBA,RG,4270,41,D,CS,XL,D
14:33:52,PTBA,RG,4270,34,D,CS,XL,D
14:33:52,PTBA,RG,4270,110,D,CS,XL,D
14:33:52,PTBA,RG,4270,345,D,CS,XL,D
14:33:52,PTBA,RG,4270,73,D,CS,XL,D
14:33:52,PTBA,RG,4270,16,D,CS,XL,D
14:33:51,PTBA,RG,4270,30,D,CS,KK,D
14:33:51,PTBA,RG,4270,20,D,CS,KK,D
14:33:50,PTBA,RG,4270,85,D,CS,AK,F
14:33:50,PTBA,RG,4270,5,D,CS,PD,D
14:33:50,PTBA,RG,4270,2,D,CS,NI,D
14:33:50,PTBA,RG,4270,2,D,CS,ZP,D
14:33:47,PTBA,RG,4280,91,D,EP,SQ,D
14:33:47,PTBA,RG,4280,1,D,EP,PD,D
14:33:47,PTBA,RG,4280,8,D,EP,PD,D
14:33:46,PTBA,RG,4280,2,D,XL,PD,D
14:33:46,PTBA,RG,4280,1,D,XL,AG,D
14:33:45,PTBA,RG,4280,2,D,PD,AG,D
14:33:41,PTBA,RG,4280,2,D,YP,AG,D
14:33:41,PTBA,RG,4280,1,D,YP,XC,D
14:33:41,PTBA,RG,4280,1,D,YP,YU,D
14:33:36,PTBA,RG,4280,5,F,CS,YU,D
14:33:36,PTBA,RG,4280,5,D,PD,YU,D
14:33:36,PTBA,RG,4290,1,D,CS,BK,F
14:33:36,PTBA,RG,4280,3,D,CS,KK,D
14:33:36,PTBA,RG,4280,45,D,CS,KK,D
14:33:36,PTBA,RG,4280,2,D,CS,KK,D
14:33:36,PTBA,RG,4280,443,D,CS,KK,D
14:33:36,PTBA,RG,4280,100,D,YU,KK,D
14:33:36,PTBA,RG,4280,23,D,BB,KK,D
14:33:36,PTBA,RG,4280,475,D,CS,KK,D
14:33:36,PTBA,RG,4280,1,D,XC,KK,D
14:33:36,PTBA,RG,4280,80,D,CS,KK,D
14:33:36,PTBA,RG,4280,146,D,YU,KK,D
14:33:36,PTBA,RG,4280,74,D,YU,KK,D
14:33:36,PTBA,RG,4280,209,D,CS,KK,D
14:33:36,PTBA,RG,4280,657,D,CS,KK,D
14:33:36,PTBA,RG,4280,12,D,CS,KK,D
14:33:36,PTBA,RG,4280,8,D,CS,KK,D
14:33:36,PTBA,RG,4280,4,D,CS,KK,D
14:33:36,PTBA,RG,4280,66,D,CS,KK,D
14:33:36,PTBA,RG,4280,2,D,SQ,KK,D
14:33:36,PTBA,RG,4280,3,F,AK,KK,D
14:33:36,PTBA,RG,4280,23,F,CS,KK,D
14:33:36,PTBA,RG,4280,2,F,CS,KK,D
14:33:36,PTBA,RG,4280,390,F,CC,KK,D
14:33:36,PTBA,RG,4280,3,D,ZP,KK,D
14:33:36,PTBA,RG,4280,34,F,CS,KK,D
14:33:36,PTBA,RG,4280,9,D,PD,KK,D
14:33:36,PTBA,RG,4280,10,D,PD,KK,D
14:33:36,PTBA,RG,4280,9,F,CC,KK,D
14:33:36,PTBA,RG,4280,1,D,EP,KK,D
14:33:36,PTBA,RG,4280,217,D,YU,KK,D
14:33:36,PTBA,RG,4280,109,D,YU,KK,D
14:33:36,PTBA,RG,4280,2,D,XC,KK,D
14:33:36,PTBA,RG,4280,14,F,AK,KK,D
14:33:36,PTBA,RG,4280,100,D,LS,KK,D
14:33:36,PTBA,RG,4280,107,D,BB,KK,D
14:33:36,PTBA,RG,4280,1,D,KK,KK,D
14:33:36,PTBA,RG,4280,79,D,BB,KK,D
14:33:36,PTBA,RG,4280,102,D,BB,KK,D
14:33:36,PTBA,RG,4280,330,D,LG,KK,D
14:33:36,PTBA,RG,4280,140,D,LG,KK,D
14:33:36,PTBA,RG,4280,161,D,YU,KK,D
14:33:36,PTBA,RG,4280,82,D,YU,KK,D
14:33:36,PTBA,RG,4280,155,D,BB,KK,D
14:33:36,PTBA,RG,4280,151,D,CS,KK,D
14:33:36,PTBA,RG,4280,326,D,CS,KK,D
14:33:36,PTBA,RG,4280,100,D,GR,KK,D
14:33:36,PTBA,RG,4280,990,F,BK,KK,D
14:33:31,PTBA,RG,4280,123,F,BK,BK,F
14:33:31,PTBA,RG,4280,2,F,BK,PD,D
14:33:30,PTBA,RG,4280,2,F,BK,NI,D
14:33:29,PTBA,RG,4280,394,F,BK,BR,D
14:33:29,PTBA,RG,4280,50,D,PD,BR,D
14:33:29,PTBA,RG,4280,25,D,XL,BR,D
14:33:29,PTBA,RG,4280,59,F,CS,BR,D
14:33:29,PTBA,RG,4280,3,F,AK,BR,D
14:33:29,PTBA,RG,4280,28,D,BB,BR,D
14:33:29,PTBA,RG,4280,5,D,NI,BR,D
14:33:29,PTBA,RG,4280,2,D,KK,BR,D
14:33:29,PTBA,RG,4280,5,D,SQ,BR,D
14:33:29,PTBA,RG,4280,1,D,YP,BR,D
14:33:29,PTBA,RG,4280,200,D,DR,BR,D
14:33:29,PTBA,RG,4280,9,D,AT,BR,D
14:33:29,PTBA,RG,4280,23,D,YP,BR,D
14:33:29,PTBA,RG,4280,3,D,YP,BR,D
14:33:29,PTBA,RG,4280,2,F,CS,BR,D
14:33:29,PTBA,RG,4280,32,D,YP,BR,D
14:33:29,PTBA,RG,4280,1,D,BB,BR,D
14:33:29,PTBA,RG,4280,3,D,OD,BR,D
14:33:29,PTBA,RG,4280,68,D,YP,BR,D
14:33:29,PTBA,RG,4280,10,D,YP,BR,D
14:33:29,PTBA,RG,4280,55,D,YP,BR,D
14:33:29,PTBA,RG,4280,22,D,YP,BR,D
14:33:26,PTBA,RG,4280,10,D,YP,YB,D
14:33:22,PTBA,RG,4280,1,D,YP,CC,D
14:33:21,PTBA,RG,4280,1,D,YP,PD,D
14:33:19,PTBA,RG,4280,25,D,YP,CC,D
14:33:19,PTBA,RG,4280,1,D,YP,XC,D
14:33:17,PTBA,RG,4280,1,D,YP,PD,D
14:33:17,PTBA,RG,4280,30,D,YP,CC,D
14:33:17,PTBA,RG,4280,20,D,CS,CC,D
14:33:13,PTBA,RG,4280,41,D,CS,CC,D
14:33:13,PTBA,RG,4280,3,D,CS,XC,D
14:33:07,PTBA,RG,4280,5,D,CS,YP,D
14:33:07,PTBA,RG,4280,10,D,CS,CC,D
14:33:06,PTBA,RG,4280,11,D,CS,YP,D
14:33:04,PTBA,RG,4280,5,D,CS,YP,D
14:33:04,PTBA,RG,4290,1,D,YP,BK,F
14:33:00,PTBA,RG,4280,100,D,CS,BF,D
14:32:59,PTBA,RG,4290,1,D,YP,BK,F
14:32:59,PTBA,RG,4280,197,D,CS,YU,D
14:32:59,PTBA,RG,4280,69,D,CS,YU,D
14:32:59,PTBA,RG,4280,183,D,CS,YU,D
14:32:59,PTBA,RG,4280,95,D,CS,YU,D
14:32:56,PTBA,RG,4280,20,D,CS,CC,D
14:32:55,PTBA,RG,4280,1,D,CS,YP,D
14:32:55,PTBA,RG,4280,200,D,CS,BQ,D
14:32:54,PTBA,RG,4280,4,D,CS,LG,D
14:32:51,PTBA,RG,4280,1,D,CS,NI,D
14:32:49,PTBA,RG,4280,5,D,CS,CC,D
14:32:48,PTBA,RG,4280,1,D,CS,YP,D
14:32:46,PTBA,RG,4280,1,D,CS,GR,D
14:32:45,PTBA,RG,4280,123,D,CS,CC,D
14:32:45,PTBA,RG,4280,20,D,CS,YP,D
14:32:41,PTBA,RG,4280,20,D,CS,GR,D
14:32:39,PTBA,RG,4280,15,D,CS,CC,D
14:32:37,PTBA,RG,4280,69,D,CS,AK,D
14:32:37,PTBA,RG,4280,10,D,YP,AK,D
14:32:37,PTBA,RG,4280,10,D,CS,AK,D
14:32:37,PTBA,RG,4280,3,D,CS,AK,D
14:32:37,PTBA,RG,4280,55,D,CS,AK,D
14:32:37,PTBA,RG,4280,6,D,CS,AK,D
14:32:37,PTBA,RG,4280,570,F,CS,AK,D
14:32:37,PTBA,RG,4280,144,F,CS,AK,D
14:32:36,PTBA,RG,4280,35,F,CS,CC,D
14:32:34,PTBA,RG,4280,53,F,CS,CC,D
14:32:29,PTBA,RG,4280,10,F,CS,YP,D
14:32:24,PTBA,RG,4280,3,F,CS,PD,D
14:32:24,PTBA,RG,4280,18,F,CS,XC,D
14:32:22,PTBA,RG,4290,71,D,BB,BK,F
14:32:19,PTBA,RG,4280,1000,F,CS,YP,D
14:32:02,PTBA,RG,4280,100,F,CS,LG,D
14:31:58,PTBA,RG,4290,25,D,CC,BK,F
14:31:58,PTBA,RG,4280,50,F,CS,YP,D
14:31:49,PTBA,RG,4290,93,D,YP,BK,F
14:31:49,PTBA,RG,4290,15,D,EP,BK,F
14:31:46,PTBA,RG,4280,2,F,CS,NI,D
14:31:42,PTBA,RG,4280,1,F,CS,YP,D
14:31:41,PTBA,RG,4280,20,F,CS,KK,D
14:31:40,PTBA,RG,4280,6,F,CS,OD,D
14:31:30,PTBA,RG,4280,200,F,CS,NI,D
14:31:26,PTBA,RG,4280,1,F,CS,YP,D
14:31:15,PTBA,RG,4280,166,F,CS,PD,D
14:31:15,PTBA,RG,4280,13,F,CS,PD,D
14:31:15,PTBA,RG,4280,221,D,BB,PD,D
14:31:06,PTBA,RG,4290,1,D,YP,BK,F
14:31:06,PTBA,RG,4290,48,D,YU,BK,F
14:31:05,PTBA,RG,4280,2,D,BB,NI,D
14:30:57,PTBA,RG,4280,1,D,BB,XC,D
14:30:56,PTBA,RG,4280,1,D,BB,GR,D
14:30:51,PTBA,RG,4280,11,D,BB,LG,D
14:30:47,PTBA,RG,4280,160,D,BB,AK,D
14:30:47,PTBA,RG,4280,13,F,AK,AK,D
14:30:47,PTBA,RG,4280,2,D,YB,AK,D
14:30:47,PTBA,RG,4280,13,F,DX,AK,D
14:30:47,PTBA,RG,4280,205,D,YU,AK,D
14:30:47,PTBA,RG,4280,103,D,YU,AK,D
14:30:47,PTBA,RG,4280,5,D,DR,AK,D
14:30:47,PTBA,RG,4280,1,D,YB,AK,D
14:30:47,PTBA,RG,4280,3,F,AK,AK,D
14:30:47,PTBA,RG,4280,55,D,BB,AK,D
14:30:47,PTBA,RG,4280,101,D,CS,AK,D
14:30:47,PTBA,RG,4280,80,D,CS,AK,D
14:30:47,PTBA,RG,4280,137,D,CS,AK,D
14:30:47,PTBA,RG,4280,1,D,NI,AK,D
14:30:47,PTBA,RG,4280,11,D,ZP,AK,D
14:30:47,PTBA,RG,4290,148,D,BB,BK,F
14:30:43,PTBA,RG,4280,4,D,ZP,CC,D
14:30:33,PTBA,RG,4280,1,D,ZP,PD,D
14:30:32,PTBA,RG,4280,4,D,ZP,CC,D
14:30:32,PTBA,RG,4280,1,D,CC,CC,D
14:30:27,PTBA,RG,4290,5,D,YP,BK,F
14:30:26,PTBA,RG,4280,29,D,CC,CC,D
14:30:26,PTBA,RG,4280,2,D,XL,CC,D
14:30:26,PTBA,RG,4280,171,D,BB,CC,D
14:30:26,PTBA,RG,4280,118,D,BB,CC,D
14:30:25,PTBA,RG,4290,20,D,CC,BK,F
14:30:25,PTBA,RG,4280,91,D,BB,NI,D
14:30:25,PTBA,RG,4280,2,D,SQ,NI,D
14:30:25,PTBA,RG,4280,1,F,CS,NI,D
14:30:25,PTBA,RG,4280,106,D,YU,NI,D
14:30:13,PTBA,RG,4280,40,D,YU,PD,D
14:30:08,PTBA,RG,4290,1,D,XA,BK,F
14:30:07,PTBA,RG,4280,6,D,YU,XC,D
14:30:07,PTBA,RG,4280,78,D,YU,XC,D
14:30:07,PTBA,RG,4280,1,D,CC,XC,D
14:30:07,PTBA,RG,4280,39,F,CS,XC,D
14:30:07,PTBA,RG,4280,30,D,CC,XC,D
14:30:07,PTBA,RG,4280,1,D,PD,XC,D
14:30:07,PTBA,RG,4280,10,D,YP,XC,D
14:30:07,PTBA,RG,4280,80,D,DH,XC,D
14:30:07,PTBA,RG,4280,8,D,SQ,XC,D
14:30:07,PTBA,RG,4280,1,D,XL,XC,D
14:30:07,PTBA,RG,4280,5,D,NI,XC,D
14:30:07,PTBA,RG,4280,5,D,PD,XC,D
14:30:07,PTBA,RG,4280,133,F,BK,XC,D
14:30:03,PTBA,RG,4280,25,F,BK,GR,D
14:30:00,PTBA,RG,4290,364,D,YU,BK,F
14:30:00,PTBA,RG,4290,11,D,YU,CC,D
14:30:00,PTBA,RG,4290,10,D,YU,YP,D
14:30:00,PTBA,RG,4290,58,D,YU,BR,D
14:30:00,PTBA,RG,4290,224,D,YU,BR,D
14:29:48,PTBA,RG,4280,10,F,BK,GR,D
14:29:48,PTBA,RG,4280,1,F,BK,RO,D
14:29:41,PTBA,RG,4280,58,F,BK,BK,F
14:29:38,PTBA,RG,4280,20,F,BK,KK,D
14:29:38,PTBA,RG,4280,200,F,BK,KK,D
14:29:36,PTBA,RG,4290,1,D,HP,BR,D
14:29:35,PTBA,RG,4280,4,F,BK,YP,D
14:29:29,PTBA,RG,4280,1,F,BK,PD,D
14:29:27,PTBA,RG,4280,1,F,BK,PD,D
14:29:26,PTBA,RG,4280,10,F,BK,CC,D
14:29:21,PTBA,RG,4280,2,F,BK,XC,D
14:29:20,PTBA,RG,4280,5,F,BK,GR,D
14:29:19,PTBA,RG,4280,10,F,BK,PD,D
14:29:08,PTBA,RG,4280,85,F,BK,BK,F
14:29:03,PTBA,RG,4280,10,F,BK,CC,D
14:28:59,PTBA,RG,4280,5,F,BK,XC,D
14:28:59,PTBA,RG,4280,1,F,BK,NI,D
14:28:55,PTBA,RG,4280,761,F,BK,AK,D
14:28:55,PTBA,RG,4280,152,F,BK,AK,D
14:28:54,PTBA,RG,4280,10,F,BK,CC,D
14:28:46,PTBA,RG,4280,24,F,BK,BK,F
14:28:46,PTBA,RG,4280,1,D,NI,BK,F
14:28:46,PTBA,RG,4280,5,D,YP,BK,F
14:28:46,PTBA,RG,4280,39,D,YU,BK,F
14:28:43,PTBA,RG,4290,3,D,AZ,BR,D
14:28:35,PTBA,RG,4280,1,D,YU,YP,D
14:28:32,PTBA,RG,4280,1,D,YU,XC,D
14:28:26,PTBA,RG,4280,1,D,YU,XC,D
14:28:23,PTBA,RG,4280,1,D,YU,PD,D
14:28:22,PTBA,RG,4280,50,D,YU,FS,D
14:28:21,PTBA,RG,4280,2,D,YU,BK,F
14:28:21,PTBA,RG,4280,61,D,YU,BK,F
14:28:18,PTBA,RG,4280,128,D,YU,YB,D
14:28:18,PTBA,RG,4280,10,D,CC,YB,D
14:28:18,PTBA,RG,4280,213,D,CS,YB,D
14:28:18,PTBA,RG,4280,200,F,CC,YB,D
14:28:18,PTBA,RG,4280,6,D,CS,YB,D
14:28:18,PTBA,RG,4280,4,D,CS,YB,D
14:28:18,PTBA,RG,4280,2,D,CS,YB,D
14:28:18,PTBA,RG,4280,14,D,CS,YB,D
14:28:18,PTBA,RG,4280,30,D,CS,YB,D
14:28:18,PTBA,RG,4280,96,D,CS,YB,D
14:28:18,PTBA,RG,4280,297,D,CS,YB,D
14:28:18,PTBA,RG,4280,5,D,CS,PD,D
14:28:18,PTBA,RG,4280,1,D,XC,PD,D
14:28:18,PTBA,RG,4280,2,D,NI,PD,D
14:28:18,PTBA,RG,4280,12,D,AZ,PD,D
14:28:16,PTBA,RG,4290,10,D,NI,BR,D
14:28:15,PTBA,RG,4280,5,D,AZ,NI,D
14:28:13,PTBA,RG,4280,1,D,AZ,CC,D
14:28:10,PTBA,RG,4280,11,D,AZ,YP,D
14:28:05,PTBA,RG,4280,1,D,AZ,XC,D
14:28:04,PTBA,RG,4280,10,D,AZ,CC,D
14:28:04,PTBA,RG,4280,60,D,AZ,CC,D
14:28:04,PTBA,RG,4280,3,F,AK,CC,D
14:28:04,PTBA,RG,4280,18,D,XL,CC,D
14:28:04,PTBA,RG,4280,19,D,YP,CC,D
14:28:00,PTBA,RG,4280,3,D,YP,XC,D
14:27:55,PTBA,RG,4280,200,D,YP,BQ,D
14:27:51,PTBA,RG,4280,10,D,YP,TP,D
14:27:50,PTBA,RG,4290,10,D,OD,BR,D
14:27:48,PTBA,RG,4280,1,D,YP,XC,D
14:27:47,PTBA,RG,4280,15,D,YP,SQ,D
14:27:47,PTBA,RG,4280,2,D,YP,YP,D
14:27:47,PTBA,RG,4280,18,D,YP,YP,D
14:27:43,PTBA,RG,4280,5,D,YP,AZ,D
14:27:43,PTBA,RG,4280,3,F,AK,AZ,D
14:27:43,PTBA,RG,4280,2,D,XC,AZ,D
14:27:43,PTBA,RG,4280,1,D,XC,AZ,D
14:27:43,PTBA,RG,4280,3,D,PD,AZ,D
14:27:43,PTBA,RG,4280,10,D,YB,AZ,D
14:27:43,PTBA,RG,4280,5,D,CC,AZ,D
14:27:43,PTBA,RG,4280,100,D,CC,AZ,D
14:27:43,PTBA,RG,4280,157,D,BB,AZ,D
14:27:43,PTBA,RG,4280,30,D,CC,AZ,D
14:27:43,PTBA,RG,4280,1,D,XC,AZ,D
14:27:43,PTBA,RG,4280,35,D,EP,AZ,D
14:27:43,PTBA,RG,4280,48,D,BB,AZ,D
14:27:43,PTBA,RG,4280,100,D,YP,AZ,D
14:27:43,PTBA,RG,4280,10,D,YP,AZ,D
14:27:43,PTBA,RG,4280,12,D,RO,AZ,D
14:27:43,PTBA,RG,4280,2,D,YP,AZ,D
14:27:43,PTBA,RG,4280,2,D,PD,AZ,D
14:27:43,PTBA,RG,4280,10,D,CC,AZ,D
14:27:43,PTBA,RG,4280,1,D,XC,AZ,D
14:27:43,PTBA,RG,4280,5,D,XL,AZ,D
14:27:43,PTBA,RG,4280,5,D,KK,AZ,D
14:27:43,PTBA,RG,4280,2,D,CC,AZ,D
14:27:43,PTBA,RG,4280,1,D,YP,AZ,D
14:27:43,PTBA,RG,4280,5,D,XL,AZ,D
14:27:43,PTBA,RG,4280,1,D,LG,AZ,D
14:27:43,PTBA,RG,4280,5,D,XL,AZ,D
14:27:43,PTBA,RG,4280,1,D,XC,AZ,D
14:27:43,PTBA,RG,4280,10,D,XA,AZ,D
14:27:43,PTBA,RG,4280,20,D,XL,AZ,D
14:27:43,PTBA,RG,4280,1,D,YP,AZ,D
14:27:43,PTBA,RG,4280,5,D,PD,AZ,D
14:27:43,PTBA,RG,4280,1,D,NI,AZ,D
14:27:43,PTBA,RG,4280,285,D,CS,AZ,D
14:27:43,PTBA,RG,4280,116,D,CS,AZ,D
14:27:43,PTBA,RG,4280,1,D,CS,AT,D
14:27:42,PTBA,RG,4280,101,D,CS,BK,F
14:27:41,PTBA,RG,4280,1,D,CS,XC,D
14:27:40,PTBA,RG,4280,5,D,CS,KK,D
14:27:38,PTBA,RG,4280,35,D,CS,YP,D
14:27:32,PTBA,RG,4280,1,D,CS,XC,D
14:27:32,PTBA,RG,4280,10,D,CS,YP,D
14:27:32,PTBA,RG,4280,10,D,CS,TP,D
14:27:29,PTBA,RG,4280,100,D,CS,DR,D
14:27:28,PTBA,RG,4280,40,D,CS,NI,D
14:27:26,PTBA,RG,4280,14,D,CS,XL,D
14:27:23,PTBA,RG,4280,19,D,CS,XC,D
14:27:19,PTBA,RG,4280,35,D,CS,CP,D
14:27:16,PTBA,RG,4280,1,D,CS,YP,D
14:27:16,PTBA,RG,4280,10,D,CS,XC,D
14:27:15,PTBA,RG,4280,1,D,CS,NI,D
14:27:14,PTBA,RG,4280,8,D,CS,NI,D
14:27:12,PTBA,RG,4280,78,D,CS,BK,F
14:27:10,PTBA,RG,4280,1,D,CS,LG,D
14:27:08,PTBA,RG,4280,14,D,CS,KK,D
14:27:07,PTBA,RG,4280,14,D,CS,YB,D
14:27:07,PTBA,RG,4280,16,F,CS,YB,D
14:27:03,PTBA,RG,4280,10,F,CS,YP,D
14:27:03,PTBA,RG,4290,120,D,NI,BR,D
14:27:00,PTBA,RG,4280,2,F,CS,EP,D
14:27:00,PTBA,RG,4280,10,F,CS,KK,D
14:27:00,PTBA,RG,4280,457,F,CS,AK,D
14:27:00,PTBA,RG,4280,331,F,CS,AK,D
14:27:00,PTBA,RG,4280,157,F,CS,AK,D
14:26:59,PTBA,RG,4280,16,F,CS,YP,D
14:26:53,PTBA,RG,4280,25,F,CS,YP,D
14:26:52,PTBA,RG,4280,7,F,CS,XL,D
14:26:52,PTBA,RG,4280,4,F,CS,NI,D
14:26:47,PTBA,RG,4280,55,F,CS,CC,D
14:26:47,PTBA,RG,4280,1,F,CS,CC,D
14:26:47,PTBA,RG,4280,74,F,CS,BK,F
14:26:44,PTBA,RG,4290,100,D,PD,BR,D
14:26:39,PTBA,RG,4280,55,F,CS,YP,D
14:26:32,PTBA,RG,4280,10,F,CS,YP,D
14:26:31,PTBA,RG,4280,3,F,CS,CC,D
14:26:29,PTBA,RG,4280,8,F,CS,XC,D
14:26:28,PTBA,RG,4290,25,D,CC,BR,D
14:26:25,PTBA,RG,4290,2,D,PD,BR,D
14:26:23,PTBA,RG,4290,10,D,YP,BR,D
14:26:21,PTBA,RG,4290,70,D,IF,BR,D
14:26:21,PTBA,RG,4280,1,F,CS,CC,D
14:26:16,PTBA,RG,4280,50,F,CS,CC,D
14:26:14,PTBA,RG,4280,5,F,CS,NI,D
14:26:09,PTBA,RG,4290,74,D,BB,BR,D
14:26:07,PTBA,RG,4280,102,F,CS,BK,F
14:26:06,PTBA,RG,4290,116,D,BB,BR,D
14:26:04,PTBA,RG,4280,240,F,CS,NI,D
14:26:04,PTBA,RG,4280,10,F,CS,XC,D
14:26:01,PTBA,RG,4290,177,F,BK,BR,D
14:26:01,PTBA,RG,4290,1180,F,BK,BK,F
14:26:01,PTBA,RG,4290,5,F,BK,YP,D
14:26:01,PTBA,RG,4290,200,F,BK,PD,D
14:26:01,PTBA,RG,4290,1,F,BK,SQ,D
14:26:01,PTBA,RG,4290,11,F,BK,AT,D
14:26:01,PTBA,RG,4290,324,F,BK,CC,D
14:26:01,PTBA,RG,4290,88,F,BK,BK,F
14:26:01,PTBA,RG,4290,20,D,PD,BK,F
14:26:00,PTBA,RG,4280,10,F,CS,PD,D
14:25:57,PTBA,RG,4290,45,D,CC,BK,F
14:25:56,PTBA,RG,4280,36,F,CS,BK,F
14:25:56,PTBA,RG,4280,1,D,XC,BK,F
14:25:56,PTBA,RG,4280,121,D,YP,BK,F
14:25:55,PTBA,RG,4280,15,D,YP,XC,D
14:25:52,PTBA,RG,4280,32,D,YP,BK,F
14:25:52,PTBA,RG,4280,87,D,CS,BK,F
14:25:52,PTBA,RG,4290,1000,D,YP,LS,D
14:25:52,PTBA,RG,4280,60,D,CS,XL,D
14:25:52,PTBA,RG,4280,7,D,CS,XL,D
14:25:51,PTBA,RG,4280,20,D,CS,PD,D
14:25:51,PTBA,RG,4280,333,D,CS,BK,F
14:25:51,PTBA,RG,4280,100,D,NI,BK,F
14:25:51,PTBA,RG,4280,1,D,CC,BK,F
14:25:51,PTBA,RG,4280,1,D,KK,BK,F
14:25:51,PTBA,RG,4280,5,D,PD,BK,F
14:25:51,PTBA,RG,4280,1,D,LG,BK,F
14:25:51,PTBA,RG,4280,85,D,CS,BK,F
14:25:51,PTBA,RG,4280,20,D,CS,BK,F
14:25:51,PTBA,RG,4280,2,D,CS,BK,F
14:25:51,PTBA,RG,4280,30,D,YP,BK,F
14:25:51,PTBA,RG,4280,12,D,CS,BK,F
14:25:51,PTBA,RG,4280,8,D,CS,BK,F
14:25:51,PTBA,RG,4280,217,D,CS,BK,F
14:25:51,PTBA,RG,4280,318,D,CS,BK,F
14:25:50,PTBA,RG,4280,14,D,CS,DR,D
14:25:50,PTBA,RG,4280,1,D,CS,DX,D
14:25:49,PTBA,RG,4290,6,D,BB,AK,F
14:25:49,PTBA,RG,4290,2,D,BB,AK,F
14:25:49,PTBA,RG,4290,119,D,CS,AK,F
14:25:49,PTBA,RG,4290,66,D,CS,AK,F
14:25:49,PTBA,RG,4290,1,D,CS,AK,F
14:25:49,PTBA,RG,4290,6,D,CS,AK,F
14:25:49,PTBA,RG,4290,11,D,CS,AK,F
14:25:49,PTBA,RG,4290,1,D,CS,AK,F
14:25:49,PTBA,RG,4300,2,D,CS,LG,D
14:25:49,PTBA,RG,4300,1,D,CS,LG,D
14:25:49,PTBA,RG,4300,5,D,CS,EP,D
14:25:49,PTBA,RG,4300,1,D,CS,DH,D
14:25:49,PTBA,RG,4300,1,D,CS,DH,D
14:25:49,PTBA,RG,4300,2,D,CS,SQ,D
14:25:49,PTBA,RG,4300,3,D,CS,SQ,D
14:25:49,PTBA,RG,4300,1,D,CS,XC,D
14:25:49,PTBA,RG,4300,1,D,CS,PD,D
14:25:49,PTBA,RG,4300,1,D,CS,PD,D
14:25:49,PTBA,RG,4300,1,D,CS,PD,D
14:25:49,PTBA,RG,4300,3,D,CS,SQ,D
14:25:49,PTBA,RG,4300,12,D,CS,SQ,D
14:25:49,PTBA,RG,4300,7,D,CS,DR,D
14:25:49,PTBA,RG,4300,1,D,CS,DR,D
14:25:49,PTBA,RG,4300,4,D,CS,DR,D
14:25:49,PTBA,RG,4300,18,D,CS,DR,D
14:25:49,PTBA,RG,4300,1,D,CS,DR,D
14:25:49,PTBA,RG,4300,2,D,CS,DR,D
14:25:49,PTBA,RG,4300,8,D,CS,DR,D
14:25:49,PTBA,RG,4300,9,D,CS,DR,D
14:25:49,PTBA,RG,4300,1,D,CS,CC,D
14:25:49,PTBA,RG,4300,1,D,CS,CC,D
14:25:49,PTBA,RG,4300,2,D,CS,CC,D
14:25:49,PTBA,RG,4300,9,D,CS,CC,D
14:25:49,PTBA,RG,4300,3,D,CS,CC,D
14:25:49,PTBA,RG,4300,2,D,CS,CC,D
14:25:49,PTBA,RG,4300,2,D,CS,CC,D
14:25:49,PTBA,RG,4300,13,D,CS,BK,F
14:25:49,PTBA,RG,4300,1,D,CS,BK,F
14:25:49,PTBA,RG,4300,4,D,CS,BK,F
14:25:49,PTBA,RG,4300,1,D,CS,BK,F
14:25:49,PTBA,RG,4300,2,D,CS,BK,F
14:25:49,PTBA,RG,4300,10,D,CS,BK,F
14:25:49,PTBA,RG,4300,10,D,CS,SQ,D
14:25:49,PTBA,RG,4300,10,D,CS,CC,D
14:25:49,PTBA,RG,4300,10,D,CS,CC,D
14:25:49,PTBA,RG,4300,10,D,CS,PD,D
14:25:49,PTBA,RG,4300,1,D,CS,AT,D
14:25:49,PTBA,RG,4300,10,D,CS,XC,D
14:25:49,PTBA,RG,4300,10,D,CS,NI,D
14:25:49,PTBA,RG,4300,10,D,CS,KK,D
14:25:49,PTBA,RG,4300,5,D,CS,PD,D
14:25:48,PTBA,RG,4300,18,D,CS,PD,D
14:25:48,PTBA,RG,4300,1,D,CS,PD,D
14:25:48,PTBA,RG,4300,76,D,CS,PD,D
14:25:48,PTBA,RG,4300,6,D,CS,PD,D
14:25:48,PTBA,RG,4300,10,D,CS,EP,D
14:25:48,PTBA,RG,4300,8,D,CS,PD,D
14:25:48,PTBA,RG,4300,10,D,CS,PD,D
14:25:48,PTBA,RG,4300,21,D,CS,PD,D
14:25:48,PTBA,RG,4300,4,D,CS,PD,D
14:25:48,PTBA,RG,4300,218,D,CS,PD,D
14:25:48,PTBA,RG,4300,46,D,CS,PD,D
14:25:48,PTBA,RG,4300,1,D,CS,PD,D
14:25:48,PTBA,RG,4300,21,D,CS,PD,D
14:25:48,PTBA,RG,4300,19,D,CS,PD,D
14:25:48,PTBA,RG,4300,3,D,CS,PD,D
14:25:48,PTBA,RG,4300,1,D,CS,PD,D
14:25:48,PTBA,RG,4300,8,D,CS,PD,D
14:25:48,PTBA,RG,4300,9,D,CS,PD,D
14:25:48,PTBA,RG,4300,20,D,CS,PD,D
14:25:48,PTBA,RG,4300,2,D,CS,PD,D
14:25:48,PTBA,RG,4300,2,D,CS,PD,D
14:25:48,PTBA,RG,4300,24,D,CS,PD,D
14:25:48,PTBA,RG,4290,84,F,CS,AK,F
14:25:48,PTBA,RG,4290,6,F,CS,AK,F
14:25:48,PTBA,RG,4300,2,D,CS,PD,D
14:25:48,PTBA,RG,4300,81,D,CS,PD,D
14:25:48,PTBA,RG,4300,5,D,CS,CC,D
14:25:48,PTBA,RG,4300,20,D,CS,NI,D
14:25:48,PTBA,RG,4300,1,D,CS,XC,D
14:25:48,PTBA,RG,4300,14,D,CS,AO,D
14:25:48,PTBA,RG,4300,1,D,CS,AO,D
14:25:48,PTBA,RG,4300,8,D,CS,AO,D
14:25:48,PTBA,RG,4300,11,D,CS,AO,D
14:25:48,PTBA,RG,4300,105,D,CS,AO,D
14:25:48,PTBA,RG,4300,14,D,CS,AO,D
14:25:48,PTBA,RG,4300,34,D,CS,AO,D
14:25:48,PTBA,RG,4300,26,D,CS,AO,D
14:25:48,PTBA,RG,4300,39,D,CS,AO,D
14:25:48,PTBA,RG,4300,174,D,CS,AO,D
14:25:48,PTBA,RG,4300,3,D,CS,AO,D
14:25:48,PTBA,RG,4300,13,D,CS,AO,D
14:25:48,PTBA,RG,4300,6,D,CS,AO,D
14:25:48,PTBA,RG,4290,3,D,XL,AK,F
14:25:48,PTBA,RG,4290,1,D,YP,AK,F
14:25:48,PTBA,RG,4290,5,D,YP,AK,F
14:25:48,PTBA,RG,4290,192,D,YP,AK,F
14:25:48,PTBA,RG,4290,1,D,PD,AK,F
14:25:48,PTBA,RG,4290,50,D,YP,AK,F
14:25:48,PTBA,RG,4290,1,F,CS,AK,F
14:25:48,PTBA,RG,4290,1,D,NI,AK,F
14:25:48,PTBA,RG,4290,280,D,YU,AK,F
14:25:48,PTBA,RG,4290,141,D,YU,AK,F
14:25:48,PTBA,RG,4290,21,D,DR,AK,F
14:25:48,PTBA,RG,4290,2,D,GR,AK,F
14:25:48,PTBA,RG,4290,2,D,KK,AK,F
14:25:48,PTBA,RG,4290,20,F,CS,AK,F
14:25:48,PTBA,RG,4290,5,D,PD,AK,F
14:25:48,PTBA,RG,4290,32,D,KK,AK,F
14:25:48,PTBA,RG,4290,14,F,DX,AK,F
14:25:48,PTBA,RG,4290,5,D,NI,AK,F
14:25:48,PTBA,RG,4290,5,D,YP,AK,F
14:25:48,PTBA,RG,4290,1,D,NI,AK,F
14:25:48,PTBA,RG,4290,20,D,HP,AK,F
14:25:48,PTBA,RG,4290,10,D,NI,AK,F
14:25:48,PTBA,RG,4290,10,D,XC,AK,F
14:25:48,PTBA,RG,4290,1,F,CS,AK,F
14:25:48,PTBA,RG,4290,13,F,AK,AK,F
14:25:48,PTBA,RG,4290,2,D,AZ,AK,F
14:25:48,PTBA,RG,4290,1,D,YP,AK,F
14:25:48,PTBA,RG,4290,34,D,YP,AK,F
14:25:48,PTBA,RG,4290,25,D,HP,AK,F
14:25:48,PTBA,RG,4290,7,D,YP,AK,F
14:25:48,PTBA,RG,4290,46,D,YP,AK,F
14:25:48,PTBA,RG,4290,20,D,XC,AK,F
14:25:48,PTBA,RG,4290,22,D,PD,AK,F
14:25:48,PTBA,RG,4290,23,D,YP,AK,F
14:25:48,PTBA,RG,4290,15,D,XC,AK,F
14:25:48,PTBA,RG,4290,1,D,YP,AK,F
14:25:48,PTBA,RG,4290,5,D,NI,AK,F
14:25:48,PTBA,RG,4290,31,F,BK,AK,F
14:25:48,PTBA,RG,4290,550,F,CC,AK,F
14:25:48,PTBA,RG,4290,20,D,CC,AK,F
14:25:48,PTBA,RG,4290,9,D,NI,AK,F
14:25:48,PTBA,RG,4290,3,D,XL,AK,F
14:25:48,PTBA,RG,4290,16,F,CS,AK,F
14:25:48,PTBA,RG,4290,1,F,CS,AK,F
14:25:48,PTBA,RG,4290,22,D,KK,AK,F
14:25:48,PTBA,RG,4290,58,F,CS,AK,F
14:25:48,PTBA,RG,4290,5,D,GR,AK,F
14:25:48,PTBA,RG,4290,10,D,CC,AK,F
14:25:48,PTBA,RG,4290,19,F,DX,AK,F
14:25:48,PTBA,RG,4290,50,D,CC,AK,F
14:25:48,PTBA,RG,4290,50,D,PD,AK,F
14:25:48,PTBA,RG,4290,28,F,BK,AK,F
14:25:48,PTBA,RG,4290,1,D,PD,AK,F
14:25:48,PTBA,RG,4290,122,D,YU,AK,F
14:25:48,PTBA,RG,4290,60,D,BB,AK,F
14:25:48,PTBA,RG,4290,5,D,PD,AK,F
14:25:48,PTBA,RG,4290,193,D,BB,AK,F
14:25:48,PTBA,RG,4290,23,D,XC,AK,F
14:25:48,PTBA,RG,4290,10,D,CC,AK,F
14:25:48,PTBA,RG,4290,3,D,XL,AK,F
14:25:48,PTBA,RG,4290,2,F,CS,AK,F
14:25:48,PTBA,RG,4290,4,F,AK,AK,F
14:25:48,PTBA,RG,4290,27,F,AK,AK,F
14:25:48,PTBA,RG,4290,11,D,YP,AK,F
14:25:48,PTBA,RG,4290,123,D,YU,AK,F
14:25:48,PTBA,RG,4290,100,D,DR,AK,F
14:25:48,PTBA,RG,4290,4,D,XC,AK,F
14:25:48,PTBA,RG,4290,500,D,GR,AK,F
14:25:48,PTBA,RG,4290,4,D,YP,AK,F
14:25:48,PTBA,RG,4290,10,D,CC,AK,F
14:25:48,PTBA,RG,4290,5,D,YP,AK,F
14:25:48,PTBA,RG,4290,2,F,AK,AK,F
14:25:48,PTBA,RG,4290,15,D,CC,AK,F
14:25:48,PTBA,RG,4290,5,D,YP,AK,F
14:25:48,PTBA,RG,4290,249,D,BB,AK,F
14:25:48,PTBA,RG,4290,33,F,BK,AK,F
14:25:48,PTBA,RG,4290,23,D,PD,AK,F
14:25:48,PTBA,RG,4290,22,F,CS,AK,F
14:25:48,PTBA,RG,4290,277,D,LG,AK,F
14:25:48,PTBA,RG,4290,214,D,LG,AK,F
14:25:48,PTBA,RG,4290,209,D,LG,AK,F
14:25:48,PTBA,RG,4290,100,D,LG,AK,F
14:25:48,PTBA,RG,4290,75,D,LG,AK,F
14:25:48,PTBA,RG,4290,35,D,LG,AK,F
14:25:48,PTBA,RG,4290,28,D,LG,AK,F
14:25:48,PTBA,RG,4290,22,D,LG,AK,F
14:25:48,PTBA,RG,4290,5,D,LG,AK,F
14:25:48,PTBA,RG,4290,1400,D,LG,AK,F
14:25:48,PTBA,RG,4290,330,D,LG,AK,F
14:25:48,PTBA,RG,4290,140,D,LG,AK,F
14:25:48,PTBA,RG,4290,20,D,BB,AK,F
14:25:48,PTBA,RG,4290,6,D,SQ,AK,F
14:25:48,PTBA,RG,4290,1300,F,CS,AK,F
14:25:48,PTBA,RG,4290,5,D,NI,AK,F
14:25:48,PTBA,RG,4290,100,D,YP,AK,F
14:25:48,PTBA,RG,4290,17,F,CS,AK,F
14:25:48,PTBA,RG,4290,70,F,CS,AK,F
14:25:48,PTBA,RG,4290,1,D,PD,AK,F
14:25:48,PTBA,RG,4290,5,D,PD,AK,F
14:25:48,PTBA,RG,4290,1,D,GR,AK,F
14:25:48,PTBA,RG,4290,1,D,CS,AK,F
14:25:48,PTBA,RG,4290,2,F,AK,AK,F
14:25:48,PTBA,RG,4290,5,D,CS,AK,F
14:25:48,PTBA,RG,4290,2,D,PD,AK,F
14:25:48,PTBA,RG,4290,1,D,XC,AK,F
14:25:48,PTBA,RG,4290,211,D,YU,AK,F
14:25:48,PTBA,RG,4290,45,F,BK,AK,F
14:25:48,PTBA,RG,4290,1230,D,CS,AK,F
14:25:48,PTBA,RG,4300,2,D,CS,AO,D
14:25:48,PTBA,RG,4300,2,D,CS,AO,D
14:25:48,PTBA,RG,4290,1051,D,CS,BB,F
14:25:48,PTBA,RG,4290,174,D,CS,BB,F
14:25:48,PTBA,RG,4290,10,D,CS,BB,F
14:25:48,PTBA,RG,4290,388,D,CS,BB,F
14:25:48,PTBA,RG,4290,999,D,CS,BB,F
14:25:48,PTBA,RG,4290,1382,D,CS,BB,F
14:25:48,PTBA,RG,4290,239,D,CS,BB,F
14:25:48,PTBA,RG,4290,22,D,CS,BB,F
14:25:48,PTBA,RG,4290,672,D,CS,BB,F
14:25:48,PTBA,RG,4290,35,D,CS,BB,F
14:25:48,PTBA,RG,4290,1,D,YP,BB,F
14:25:48,PTBA,RG,4290,23,F,BK,BB,F
14:25:48,PTBA,RG,4290,138,D,BB,BB,F
14:25:48,PTBA,RG,4290,5,D,KK,BB,F
14:25:48,PTBA,RG,4290,5,D,XL,BB,F
14:25:48,PTBA,RG,4290,1,D,NI,BB,F
14:25:48,PTBA,RG,4290,9,F,AK,BB,F
14:25:48,PTBA,RG,4290,2,D,XC,BB,F
14:25:48,PTBA,RG,4290,5,D,YP,BB,F
14:25:48,PTBA,RG,4290,10,D,PD,BB,F
14:25:48,PTBA,RG,4290,25,D,ZP,BB,F
14:25:48,PTBA,RG,4290,63,D,YU,BB,F
14:25:48,PTBA,RG,4290,1,F,CS,BB,F
14:25:48,PTBA,RG,4290,2,F,AK,BB,F
14:25:48,PTBA,RG,4290,21,F,BK,BB,F
14:25:48,PTBA,RG,4290,1,D,AT,BB,F
14:25:48,PTBA,RG,4290,1085,F,BK,BB,F
14:25:48,PTBA,RG,4290,40,D,PD,BB,F
14:25:48,PTBA,RG,4290,72,F,BK,BB,F
14:25:48,PTBA,RG,4290,94,D,BB,BB,F
14:25:48,PTBA,RG,4290,197,F,CS,BB,F
14:25:48,PTBA,RG,4290,728,F,CS,BB,F
14:25:48,PTBA,RG,4290,2,F,CS,YB,D
14:25:44,PTBA,RG,4290,10,F,CS,CC,D
14:25:44,PTBA,RG,4300,25,D,YP,AO,D
14:25:42,PTBA,RG,4290,10,F,CS,PD,D
14:25:41,PTBA,RG,4290,37,F,CS,XC,D
14:25:39,PTBA,RG,4290,10,F,CS,AI,D
14:25:35,PTBA,RG,4290,25,F,CS,CC,D
14:25:31,PTBA,RG,4300,1,D,CS,AO,D
14:25:31,PTBA,RG,4290,70,F,CS,BK,F
14:25:30,PTBA,RG,4290,54,F,CS,BK,F
14:25:24,PTBA,RG,4290,11,F,CS,PD,D
14:25:23,PTBA,RG,4290,14,F,CS,YP,D
14:25:18,PTBA,RG,4290,35,F,CS,PD,D
14:25:17,PTBA,RG,4290,10,F,CS,YP,D
14:25:14,PTBA,RG,4290,17,F,CS,XC,D
14:25:14,PTBA,RG,4290,14,F,CS,XC,D
14:25:14,PTBA,RG,4290,7,D,TP,XC,D
14:25:12,PTBA,RG,4290,300,D,TP,OD,D
14:25:09,PTBA,RG,4290,5,D,TP,NI,D
14:25:04,PTBA,RG,4290,73,D,TP,BK,F
14:25:04,PTBA,RG,4300,1,D,GR,AO,D
14:25:03,PTBA,RG,4290,20,D,TP,XA,D
14:25:00,PTBA,RG,4290,25,D,TP,CC,D
14:24:58,PTBA,RG,4290,25,D,TP,XC,D
14:24:57,PTBA,RG,4290,92,D,TP,BK,F
14:24:54,PTBA,RG,4300,1,D,CS,AO,D
14:24:53,PTBA,RG,4300,138,D,BB,AO,D
14:24:52,PTBA,RG,4300,1,D,CS,AO,D
14:24:52,PTBA,RG,4290,100,D,TP,CC,D
14:24:52,PTBA,RG,4300,11,D,AT,AO,D
14:24:48,PTBA,RG,4300,42,D,BB,AO,D
14:24:48,PTBA,RG,4290,12,D,TP,AG,D
14:24:42,PTBA,RG,4290,5,D,TP,PD,D
14:24:42,PTBA,RG,4290,5,D,TP,PD,D
14:24:41,PTBA,RG,4300,1,D,PD,AO,D
14:24:40,PTBA,RG,4300,3,D,XC,AO,D
14:24:39,PTBA,RG,4290,30,D,TP,PD,D
14:24:38,PTBA,RG,4300,50,D,PD,AO,D
14:24:38,PTBA,RG,4300,1,D,XC,AO,D
14:24:37,PTBA,RG,4290,5,D,TP,SQ,D
14:24:27,PTBA,RG,4290,87,D,TP,BK,F
14:24:26,PTBA,RG,4290,99,D,TP,BK,F
14:24:20,PTBA,RG,4300,20,D,XA,AO,D
14:24:10,PTBA,RG,4300,1,D,CS,AO,D
14:24:10,PTBA,RG,4290,559,D,TP,AK,D
14:24:10,PTBA,RG,4290,111,D,TP,AK,D
14:24:06,PTBA,RG,4290,25,D,TP,XL,D
14:24:05,PTBA,RG,4290,4,D,TP,SQ,D
14:24:03,PTBA,RG,4290,50,D,TP,XL,D
14:24:02,PTBA,RG,4300,1,D,CS,AO,D
14:24:02,PTBA,RG,4300,1,D,CS,AO,D
14:24:02,PTBA,RG,4300,984,D,YU,AO,D
14:24:00,PTBA,RG,4300,158,D,YU,AO,D
14:23:55,PTBA,RG,4290,88,D,TP,BK,F
14:23:53,PTBA,RG,4300,250,D,YP,AO,D
14:23:50,PTBA,RG,4300,1,D,CS,AO,D
14:23:50,PTBA,RG,4290,96,D,TP,BK,F
14:23:47,PTBA,RG,4300,3,D,NI,AO,D
14:23:44,PTBA,RG,4290,135,D,TP,PD,D
14:23:42,PTBA,RG,4300,7,D,YP,AO,D
14:23:41,PTBA,RG,4290,1,D,TP,XL,D
14:23:36,PTBA,RG,4290,64,D,TP,BK,F
14:23:35,PTBA,RG,4300,21,D,XA,AO,D
14:23:34,PTBA,RG,4300,7,D,XC,AO,D
14:23:31,PTBA,RG,4300,10,D,YP,AO,D
14:23:29,PTBA,RG,4290,3,D,TP,PD,D
14:23:29,PTBA,RG,4290,1,D,TP,GR,D
14:23:29,PTBA,RG,4300,253,D,BB,AO,D
14:23:26,PTBA,RG,4300,1,D,YP,AO,D
14:23:25,PTBA,RG,4290,1,D,TP,PD,D
14:23:24,PTBA,RG,4300,1,D,CS,AO,D
14:23:24,PTBA,RG,4300,554,D,TP,AO,D
14:23:24,PTBA,RG,4300,1,D,TP,YP,D
14:23:24,PTBA,RG,4300,3,D,TP,XL,D
14:23:24,PTBA,RG,4300,1,D,TP,PD,D
14:23:24,PTBA,RG,4300,4,D,TP,PD,D
14:23:24,PTBA,RG,4300,10,D,TP,PD,D
14:23:24,PTBA,RG,4300,1,D,TP,XL,D
14:23:24,PTBA,RG,4300,1,D,TP,KK,D
14:23:24,PTBA,RG,4300,6,D,TP,EP,D
14:23:24,PTBA,RG,4300,11,D,TP,XL,D
14:23:24,PTBA,RG,4300,100,D,TP,LG,D
14:23:24,PTBA,RG,4300,5,D,TP,YP,D
14:23:24,PTBA,RG,4300,100,D,TP,AN,D
14:23:24,PTBA,RG,4300,10,D,TP,LG,D
14:23:24,PTBA,RG,4300,1,D,TP,XL,D
14:23:24,PTBA,RG,4300,5,D,TP,DH,D
14:23:24,PTBA,RG,4300,2,D,TP,CC,D
14:23:24,PTBA,RG,4300,185,D,TP,CC,D
14:23:23,PTBA,RG,4300,1,D,XC,CC,D
14:23:21,PTBA,RG,4290,25,D,TP,XC,D
14:23:17,PTBA,RG,4290,1,D,TP,LG,D
14:23:12,PTBA,RG,4290,94,D,TP,BK,F
14:23:05,PTBA,RG,4290,92,D,TP,BK,F
14:23:04,PTBA,RG,4290,4,D,TP,YP,D
14:23:00,PTBA,RG,4300,1,D,CS,CC,D
14:23:00,PTBA,RG,4300,143,D,YU,CC,D
14:22:59,PTBA,RG,4290,30,D,TP,YP,D
14:22:58,PTBA,RG,4290,48,D,TP,BK,F
14:22:57,PTBA,RG,4300,10,D,CC,CC,D
14:22:44,PTBA,RG,4300,1,D,CC,CC,D
14:22:43,PTBA,RG,4290,2,D,TP,SQ,D
14:22:43,PTBA,RG,4300,544,D,YU,CC,D
14:22:43,PTBA,RG,4300,50,D,XL,CC,D
14:22:40,PTBA,RG,4290,64,D,TP,BK,F
14:22:40,PTBA,RG,4300,65,D,BR,CC,D
14:22:40,PTBA,RG,4300,1,D,BR,XC,D
14:22:40,PTBA,RG,4300,10,D,BR,PD,D
14:22:40,PTBA,RG,4300,1,D,BR,SQ,D
14:22:40,PTBA,RG,4300,54,D,BR,PD,D
14:22:40,PTBA,RG,4300,10,D,BR,OD,D
14:22:40,PTBA,RG,4300,2,D,BR,XC,D
14:22:40,PTBA,RG,4300,1,D,BR,YP,D
14:22:40,PTBA,RG,4300,3,D,BR,OD,D
14:22:40,PTBA,RG,4300,1,D,BR,NI,D
14:22:40,PTBA,RG,4300,50,D,BR,GR,D
14:22:40,PTBA,RG,4300,5,D,BR,YP,D
14:22:40,PTBA,RG,4300,300,D,BR,PD,D
14:22:40,PTBA,RG,4300,6,D,BR,XL,D
14:22:40,PTBA,RG,4300,1491,D,BR,TP,D
14:22:39,PTBA,RG,4300,9,F,AK,TP,D
14:22:39,PTBA,RG,4300,5,F,AK,NI,D
14:22:39,PTBA,RG,4300,1,F,AK,YP,D
14:22:39,PTBA,RG,4300,5,F,AK,LS,D
14:22:39,PTBA,RG,4300,1,F,AK,PD,D
14:22:39,PTBA,RG,4300,50,F,AK,AI,D
14:22:39,PTBA,RG,4300,5,F,AK,GR,D
14:22:39,PTBA,RG,4300,188,F,AK,NI,D
14:22:39,PTBA,RG,4300,25,F,AK,OD,D
14:22:39,PTBA,RG,4300,7,F,AK,XC,D
14:22:39,PTBA,RG,4300,1,F,AK,XL,D
14:22:39,PTBA,RG,4300,15,F,AK,KK,D
14:22:39,PTBA,RG,4300,50,F,AK,YP,D
14:22:39,PTBA,RG,4300,121,F,AK,NI,D
14:22:39,PTBA,RG,4300,79,D,LS,NI,D
14:22:39,PTBA,RG,4300,117,D,LS,PD,D
14:22:39,PTBA,RG,4300,5,D,LS,XL,D
14:22:39,PTBA,RG,4300,52,D,LS,AZ,D
14:22:39,PTBA,RG,4300,3,D,LS,CC,D
14:22:39,PTBA,RG,4300,1,D,LS,CC,D
14:22:39,PTBA,RG,4300,1,D,LS,LG,D
14:22:39,PTBA,RG,4300,1,D,LS,XC,D
14:22:39,PTBA,RG,4300,200,D,LS,BQ,D
14:22:39,PTBA,RG,4300,16,D,LS,XC,D
14:22:39,PTBA,RG,4300,1,D,LS,PD,D
14:22:39,PTBA,RG,4300,1,D,LS,CP,D
14:22:39,PTBA,RG,4300,1,D,LS,NI,D
14:22:39,PTBA,RG,4300,3,D,LS,PD,D
14:22:39,PTBA,RG,4300,5,D,LS,CC,D
14:22:39,PTBA,RG,4300,10,D,LS,CC,D
14:22:39,PTBA,RG,4300,10,D,LS,NI,D
14:22:39,PTBA,RG,4300,1,D,LS,XC,D
14:22:39,PTBA,RG,4300,24,D,LS,YP,D
14:22:39,PTBA,RG,4300,1,D,LS,XL,D
14:22:39,PTBA,RG,4300,9,D,LS,AT,D
14:22:39,PTBA,RG,4300,100,D,LS,CC,D
14:22:39,PTBA,RG,4300,15,D,LS,OD,D
14:22:39,PTBA,RG,4300,15,D,LS,PD,D
14:22:39,PTBA,RG,4300,3,D,LS,XC,D
14:22:39,PTBA,RG,4300,5,D,LS,GR,D
14:22:39,PTBA,RG,4300,2,D,LS,PD,D
14:22:39,PTBA,RG,4300,5,D,LS,CC,D
14:22:39,PTBA,RG,4300,1,D,LS,OD,D
14:22:39,PTBA,RG,4300,10,D,LS,RG,D
14:22:39,PTBA,RG,4300,100,D,LS,YJ,D
14:22:39,PTBA,RG,4300,10,D,LS,YP,D
14:22:39,PTBA,RG,4300,10,D,LS,PD,D
14:22:39,PTBA,RG,4300,1,D,LS,GR,D
14:22:39,PTBA,RG,4300,5,D,LS,NI,D
14:22:39,PTBA,RG,4300,100,D,LS,CC,D
14:22:39,PTBA,RG,4300,1,D,LS,DR,D
14:22:39,PTBA,RG,4300,100,D,LS,IP,D
14:22:39,PTBA,RG,4300,2,D,LS,YB,D
14:22:39,PTBA,RG,4300,5,D,LS,SQ,D
14:22:39,PTBA,RG,4300,1,D,LS,PD,D
14:22:39,PTBA,RG,4300,1,D,LS,NI,D
14:22:39,PTBA,RG,4300,60,D,LS,YP,D
14:22:39,PTBA,RG,4300,200,D,LS,ZP,D
14:22:39,PTBA,RG,4300,2,D,LS,EP,D
14:22:39,PTBA,RG,4300,5,D,LS,YP,D
14:22:39,PTBA,RG,4300,10,D,LS,CC,D
14:22:39,PTBA,RG,4300,100,D,LS,CC,D
14:22:39,PTBA,RG,4300,3,D,LS,RO,D
14:22:39,PTBA,RG,4300,1,D,LS,PD,D
14:22:39,PTBA,RG,4300,35,D,LS,KK,D
14:22:39,PTBA,RG,4300,5,D,LS,KK,D
14:22:39,PTBA,RG,4300,4,D,LS,YP,D
14:22:39,PTBA,RG,4300,5,D,LS,HP,D
14:22:39,PTBA,RG,4300,40,D,LS,YP,D
14:22:39,PTBA,RG,4300,3,D,LS,YP,D
14:22:39,PTBA,RG,4300,9,D,LS,PD,D
14:22:39,PTBA,RG,4300,1,D,LS,NI,D
14:22:39,PTBA,RG,4300,1,D,LS,XC,D
14:22:39,PTBA,RG,4300,25,D,LS,PD,D
14:22:39,PTBA,RG,4300,1,D,LS,PD,D
14:22:39,PTBA,RG,4300,1,D,LS,XC,D
14:22:39,PTBA,RG,4300,6,D,LS,KK,D
14:22:39,PTBA,RG,4300,2,D,LS,PD,D
14:22:39,PTBA,RG,4300,1,D,LS,IF,D
14:22:39,PTBA,RG,4300,447,D,LS,YP,D
14:22:37,PTBA,RG,4290,50,D,TP,BK,F
14:22:36,PTBA,RG,4290,40,D,TP,YP,D
14:22:35,PTBA,RG,4300,123,D,TP,YP,D
14:22:35,PTBA,RG,4300,1,D,TP,IP,D
14:22:35,PTBA,RG,4300,5,D,TP,PD,D
14:22:35,PTBA,RG,4300,6,D,TP,AT,D
14:22:35,PTBA,RG,4300,1,D,TP,XC,D
14:22:35,PTBA,RG,4300,100,D,TP,IF,D
14:22:35,PTBA,RG,4300,10,D,TP,IP,D
14:22:35,PTBA,RG,4300,20,D,TP,CC,D
14:22:35,PTBA,RG,4300,1734,D,TP,CC,D
14:22:32,PTBA,RG,4290,300,D,TP,CC,D
14:22:26,PTBA,RG,4290,3,D,TP,PD,D
14:22:24,PTBA,RG,4290,13,D,TP,PD,D
14:22:23,PTBA,RG,4290,1,D,TP,YP,D
14:22:23,PTBA,RG,4290,46,D,TP,BK,F
14:22:12,PTBA,RG,4300,3266,D,TP,CC,D
14:22:12,PTBA,RG,4300,5,D,TP,NI,D
14:22:12,PTBA,RG,4300,5,D,TP,CC,D
14:22:12,PTBA,RG,4300,15,D,TP,YP,D
14:22:12,PTBA,RG,4300,5,D,TP,GR,D
14:22:12,PTBA,RG,4300,6,D,TP,NI,D
14:22:12,PTBA,RG,4300,50,D,TP,PD,D
14:22:12,PTBA,RG,4300,12,D,TP,YP,D
14:22:12,PTBA,RG,4300,5,D,TP,GR,D
14:22:12,PTBA,RG,4300,1,D,TP,SQ,D
14:22:12,PTBA,RG,4300,10,D,TP,CC,D
14:22:12,PTBA,RG,4300,10,D,TP,SQ,D
14:22:12,PTBA,RG,4300,10,D,TP,CC,D
14:22:12,PTBA,RG,4300,3,D,TP,KK,D
14:22:12,PTBA,RG,4300,400,D,TP,NI,D
14:22:12,PTBA,RG,4300,2,D,TP,OD,D
14:22:12,PTBA,RG,4300,50,D,TP,LH,D
14:22:12,PTBA,RG,4300,1,D,TP,NI,D
14:22:12,PTBA,RG,4300,2,D,TP,PD,D
14:22:12,PTBA,RG,4300,5,D,TP,YP,D
14:22:12,PTBA,RG,4300,1,D,TP,AT,D
14:22:12,PTBA,RG,4300,1,D,TP,YP,D
14:22:12,PTBA,RG,4300,10,D,TP,CC,D
14:22:12,PTBA,RG,4300,50,D,TP,PD,D
14:22:12,PTBA,RG,4300,25,D,TP,CC,D
14:22:12,PTBA,RG,4300,1,D,TP,DR,D
14:22:12,PTBA,RG,4300,4,D,TP,NI,D
14:22:12,PTBA,RG,4300,8,D,TP,XC,D
14:22:12,PTBA,RG,4300,5,D,TP,KK,D
14:22:12,PTBA,RG,4300,1,D,TP,KK,D
14:22:12,PTBA,RG,4300,20,D,TP,YP,D
14:22:12,PTBA,RG,4300,10,D,TP,NI,D
14:22:12,PTBA,RG,4300,200,D,TP,EP,D
14:22:12,PTBA,RG,4300,4,D,TP,CC,D
14:22:12,PTBA,RG,4300,5,D,TP,XC,D
14:22:12,PTBA,RG,4300,9,D,TP,CC,D
14:22:12,PTBA,RG,4300,4,D,TP,YP,D
14:22:12,PTBA,RG,4300,1,D,TP,PD,D
14:22:12,PTBA,RG,4300,5,D,TP,NI,D
14:22:12,PTBA,RG,4300,25,D,TP,CP,D
14:22:12,PTBA,RG,4300,1,D,TP,YP,D
14:22:12,PTBA,RG,4300,2,D,TP,AZ,D
14:22:12,PTBA,RG,4300,1,D,TP,GR,D
14:22:12,PTBA,RG,4300,50,D,TP,YP,D
14:22:12,PTBA,RG,4300,2,D,TP,KK,D
14:22:12,PTBA,RG,4300,2,D,TP,YB,D
14:22:12,PTBA,RG,4300,550,D,TP,YP,D
14:22:12,PTBA,RG,4300,140,D,TP,YP,D
14:22:05,PTBA,RG,4290,18,D,TP,PD,D
14:22:02,PTBA,RG,4290,12,D,TP,PD,D
14:22:00,PTBA,RG,4300,60,D,YU,YP,D
14:22:00,PTBA,RG,4300,5,D,YU,CC,D
14:22:00,PTBA,RG,4300,2,D,YU,CC,D
14:22:00,PTBA,RG,4300,1,D,YU,YP,D
14:22:00,PTBA,RG,4300,200,D,YU,BQ,D
14:22:00,PTBA,RG,4300,2,D,YU,OD,D
14:22:00,PTBA,RG,4300,7,D,YU,DX,D
14:21:59,PTBA,RG,4290,90,D,TP,XL,D
14:21:58,PTBA,RG,4290,67,D,TP,BK,F
14:21:57,PTBA,RG,4300,1,D,XC,DX,D
14:21:54,PTBA,RG,4290,113,D,TP,BK,F
14:21:51,PTBA,RG,4290,10,D,TP,NI,D
14:21:50,PTBA,RG,4290,2,D,TP,XL,D
14:21:48,PTBA,RG,4290,3,D,TP,ZP,D
14:21:44,PTBA,RG,4300,5,D,YP,DX,D
14:21:44,PTBA,RG,4300,15,D,YP,YP,D
14:21:44,PTBA,RG,4300,10,D,YP,YP,D
14:21:44,PTBA,RG,4300,20,D,YP,NI,D
14:21:41,PTBA,RG,4290,1,D,TP,XC,D
14:21:40,PTBA,RG,4290,30,D,TP,XC,D
14:21:38,PTBA,RG,4290,1,D,TP,XC,D
14:21:37,PTBA,RG,4290,98,D,TP,XL,D
14:21:37,PTBA,RG,4290,31,D,TP,PD,D
14:21:34,PTBA,RG,4290,19,D,TP,KK,D
14:21:31,PTBA,RG,4290,10,D,TP,CC,D
14:21:29,PTBA,RG,4290,48,D,TP,BK,F
14:21:29,PTBA,RG,4300,80,D,BB,NI,D
14:21:29,PTBA,RG,4300,1,D,BB,PD,D
14:21:29,PTBA,RG,4300,3,D,BB,LG,D
14:21:29,PTBA,RG,4300,20,D,BB,KK,D
14:21:29,PTBA,RG,4300,42,D,BB,YP,D
14:21:27,PTBA,RG,4290,107,D,TP,BK,F
14:21:24,PTBA,RG,4290,10,D,TP,PD,D
14:21:20,PTBA,RG,4290,3,D,TP,CC,D
14:21:18,PTBA,RG,4290,12,D,TP,NI,D
14:21:15,PTBA,RG,4290,5,D,TP,LG,D
14:21:15,PTBA,RG,4300,8,D,PD,YP,D
14:21:15,PTBA,RG,4300,20,D,PD,XA,D
14:21:15,PTBA,RG,4300,2,D,PD,NI,D
14:21:13,PTBA,RG,4290,65,D,TP,XL,D
14:21:11,PTBA,RG,4290,4,D,TP,YP,D
14:21:10,PTBA,RG,4300,98,D,CC,NI,D
14:21:10,PTBA,RG,4300,2,D,CC,SQ,D
14:21:05,PTBA,RG,4290,500,D,TP,YJ,D
14:21:03,PTBA,RG,4290,4,D,TP,XC,D
14:21:00,PTBA,RG,4300,128,D,YU,SQ,D
14:21:00,PTBA,RG,4300,1,D,YU,PD,D
14:21:00,PTBA,RG,4300,1,D,YU,YP,D
14:21:00,PTBA,RG,4300,9,D,YU,KI,D
14:20:59,PTBA,RG,4290,69,D,TP,BK,F
14:20:58,PTBA,RG,4290,80,D,TP,YP,D
14:20:57,PTBA,RG,4290,26,D,TP,XL,D
14:20:54,PTBA,RG,4290,75,D,TP,BK,F
14:20:54,PTBA,RG,4290,1,D,TP,DH,D
14:20:53,PTBA,RG,4290,1,D,TP,XL,D
14:20:50,PTBA,RG,4290,1,D,TP,PD,D
14:20:41,PTBA,RG,4290,250,D,TP,YU,D
14:20:40,PTBA,RG,4290,2,D,TP,XC,D
14:20:36,PTBA,RG,4290,25,D,TP,SQ,D
14:20:34,PTBA,RG,4290,1,D,TP,CC,D
14:20:30,PTBA,RG,4290,10,D,TP,YP,D
14:20:30,PTBA,RG,4290,40,D,TP,YP,D
14:20:26,PTBA,RG,4290,20,D,TP,AG,D
14:20:19,PTBA,RG,4290,5,D,TP,CC,D
14:20:18,PTBA,RG,4290,5,D,TP,XL,D
14:20:17,PTBA,RG,4290,76,D,TP,BK,F
14:20:14,PTBA,RG,4290,45,D,TP,DH,D
14:20:13,PTBA,RG,4290,150,D,TP,LS,D
14:20:11,PTBA,RG,4300,4,D,YP,KI,D
14:20:08,PTBA,RG,4300,8,D,DR,KI,D
14:20:08,PTBA,RG,4290,1,D,TP,SQ,D
14:20:01,PTBA,RG,4300,1,D,XC,KI,D
14:19:46,PTBA,RG,4300,5,D,CP,KI,D
14:19:45,PTBA,RG,4290,13,D,TP,OD,D
14:19:45,PTBA,RG,4290,201,D,BB,OD,D
14:19:45,PTBA,RG,4290,1,D,DR,OD,D
14:19:45,PTBA,RG,4290,231,D,YU,OD,D
14:19:45,PTBA,RG,4290,6,D,BB,OD,D
14:19:45,PTBA,RG,4290,48,D,ZP,OD,D
14:19:43,PTBA,RG,4290,20,D,ZP,EP,D
14:19:42,PTBA,RG,4290,2,D,ZP,YP,D
14:19:42,PTBA,RG,4290,8,F,DX,YP,D
14:19:39,PTBA,RG,4300,4,D,PD,KI,D
14:19:37,PTBA,RG,4290,5,F,DX,PD,D
14:19:33,PTBA,RG,4290,3,F,DX,YP,D
14:19:33,PTBA,RG,4290,1,D,XL,YP,D
14:19:33,PTBA,RG,4290,1,D,XC,YP,D
14:19:33,PTBA,RG,4290,1,D,CC,YP,D
14:19:33,PTBA,RG,4290,13,D,SA,YP,D
14:19:33,PTBA,RG,4290,25,D,SA,XC,D
14:19:32,PTBA,RG,4290,88,D,SA,BK,F
14:19:30,PTBA,RG,4290,10,D,SA,AZ,D
14:19:29,PTBA,RG,4290,50,D,SA,EP,D
14:19:28,PTBA,RG,4290,1,D,SA,PD,D
14:19:24,PTBA,RG,4290,3,D,SA,PD,D
14:19:21,PTBA,RG,4300,169,D,BB,KI,D
14:19:21,PTBA,RG,4300,200,D,BB,KI,D
14:19:21,PTBA,RG,4300,178,D,BB,KI,D
14:19:17,PTBA,RG,4290,8,D,SA,PD,D
14:19:16,PTBA,RG,4290,2,D,SA,ZP,D
14:19:16,PTBA,RG,4290,25,D,YP,ZP,D
14:19:16,PTBA,RG,4290,3,D,KK,ZP,D
14:19:14,PTBA,RG,4300,22,D,BB,KI,D
14:19:14,PTBA,RG,4300,16,D,BB,XC,D
14:19:14,PTBA,RG,4300,1,D,BB,PD,D
14:19:14,PTBA,RG,4300,10,D,BB,KK,D
14:19:14,PTBA,RG,4300,20,D,BB,KK,D
14:19:14,PTBA,RG,4300,1,D,BB,XC,D
14:19:14,PTBA,RG,4300,5,D,BB,PD,D
14:19:14,PTBA,RG,4300,3,D,BB,YP,D
14:19:14,PTBA,RG,4300,1,D,BB,CC,D
14:19:14,PTBA,RG,4300,55,D,BB,DR,D
14:19:14,PTBA,RG,4300,50,D,BB,NI,D
14:19:14,PTBA,RG,4300,25,D,BB,KK,D
14:19:14,PTBA,RG,4300,1,D,BB,PD,D
14:19:14,PTBA,RG,4300,1,D,BB,YP,D
14:19:14,PTBA,RG,4300,10,D,BB,KK,D
14:19:14,PTBA,RG,4300,13,D,BB,XL,D
14:19:14,PTBA,RG,4300,25,D,BB,CC,D
14:19:14,PTBA,RG,4300,180,D,BB,YP,D
14:19:14,PTBA,RG,4290,8,D,KK,YP,D
14:19:14,PTBA,RG,4290,29,D,KK,EP,D
14:19:14,PTBA,RG,4290,2,D,XC,EP,D
14:19:14,PTBA,RG,4290,10,D,SQ,EP,D
14:19:14,PTBA,RG,4290,1,D,YP,EP,D
14:19:14,PTBA,RG,4290,5,D,PD,EP,D
14:19:14,PTBA,RG,4290,1,D,NI,EP,D
14:19:14,PTBA,RG,4290,14,D,XL,EP,D
14:19:14,PTBA,RG,4290,10,D,NI,EP,D
14:19:14,PTBA,RG,4290,23,D,YP,EP,D
14:19:14,PTBA,RG,4290,1,D,AT,EP,D
14:19:14,PTBA,RG,4290,4,D,YU,EP,D
14:19:07,PTBA,RG,4290,3,D,YU,KI,D
14:19:02,PTBA,RG,4290,5,D,YU,SQ,D
14:19:00,PTBA,RG,4300,128,D,YU,YP,D
14:18:59,PTBA,RG,4290,14,D,YU,SQ,D
14:18:57,PTBA,RG,4290,1,D,YU,YP,D
14:18:57,PTBA,RG,4290,3,D,YU,OD,D
14:18:52,PTBA,RG,4290,163,D,YU,CC,D
14:18:52,PTBA,RG,4290,100,D,YP,CC,D
14:18:52,PTBA,RG,4290,20,D,AZ,CC,D
14:18:52,PTBA,RG,4290,236,F,CS,CC,D
14:18:51,PTBA,RG,4300,151,D,LG,YP,D
14:18:51,PTBA,RG,4300,1,D,LG,CC,D
14:18:51,PTBA,RG,4300,2,D,LG,YP,D
14:18:51,PTBA,RG,4300,3,D,LG,YP,D
14:18:51,PTBA,RG,4300,5,D,LG,YP,D
14:18:51,PTBA,RG,4300,1,D,LG,XC,D
14:18:51,PTBA,RG,4300,1,D,LG,XC,D
14:18:51,PTBA,RG,4300,24,D,LG,CC,D
14:18:51,PTBA,RG,4300,2,D,LG,XC,D
14:18:51,PTBA,RG,4300,80,D,LG,CC,D
14:18:51,PTBA,RG,4300,2,D,LG,EP,D
14:18:51,PTBA,RG,4300,20,D,LG,YP,D
14:18:51,PTBA,RG,4300,2,D,LG,YP,D
14:18:51,PTBA,RG,4300,500,D,LG,YP,D
14:18:51,PTBA,RG,4300,1,D,LG,YP,D
14:18:51,PTBA,RG,4300,1,D,LG,PD,D
14:18:51,PTBA,RG,4300,10,D,LG,YP,D
14:18:51,PTBA,RG,4300,200,D,LG,CP,D
14:18:51,PTBA,RG,4300,5,D,LG,PD,D
14:18:51,PTBA,RG,4300,5,D,LG,PD,D
14:18:51,PTBA,RG,4300,50,D,LG,SQ,D
14:18:51,PTBA,RG,4300,60,D,LG,PD,D
14:18:51,PTBA,RG,4300,1,D,LG,DH,D
14:18:51,PTBA,RG,4300,5,D,LG,SQ,D
14:18:51,PTBA,RG,4300,30,D,LG,RG,D
14:18:51,PTBA,RG,4300,1,D,LG,KK,D
14:18:51,PTBA,RG,4300,15,D,LG,HP,D
14:18:51,PTBA,RG,4300,5,D,LG,YU,D
14:18:51,PTBA,RG,4300,100,D,LG,PD,D
14:18:51,PTBA,RG,4300,5,D,LG,CC,D
14:18:51,PTBA,RG,4300,1,D,LG,PD,D
14:18:51,PTBA,RG,4300,1,D,LG,CC,D
14:18:51,PTBA,RG,4300,56,D,LG,XC,D
14:18:51,PTBA,RG,4300,53,D,LG,YP,D
14:18:51,PTBA,RG,4300,1,D,LG,ID,D
14:18:42,PTBA,RG,4290,500,F,CS,OD,D
14:18:42,PTBA,RG,4290,1,F,CS,XC,D
14:18:40,PTBA,RG,4290,10,F,CS,XA,D
14:18:37,PTBA,RG,4290,2,F,CS,XC,D
14:18:23,PTBA,RG,4290,1,F,CS,CP,D
14:18:18,PTBA,RG,4300,1,D,PD,ID,D
14:18:18,PTBA,RG,4300,10,D,YP,ID,D
14:18:16,PTBA,RG,4300,8,D,CC,ID,D
14:18:16,PTBA,RG,4300,2,D,CC,XA,D
14:18:11,PTBA,RG,4300,2,D,BB,XA,D
14:18:11,PTBA,RG,4300,5,D,BB,AZ,D
14:18:11,PTBA,RG,4300,50,D,BB,NI,D
14:18:11,PTBA,RG,4300,3,D,BB,YP,D
14:18:11,PTBA,RG,4300,1,D,BB,YP,D
14:18:11,PTBA,RG,4300,4,D,BB,NI,D
14:18:11,PTBA,RG,4290,499,F,CS,OD,D
14:18:00,PTBA,RG,4300,190,D,BB,NI,D
14:18:00,PTBA,RG,4300,6,D,YU,NI,D
14:18:00,PTBA,RG,4300,1,D,YU,PD,D
14:18:00,PTBA,RG,4300,10,D,YU,DH,D
14:18:00,PTBA,RG,4300,60,D,YU,KK,D
14:18:00,PTBA,RG,4300,50,D,YU,NI,D
14:18:00,PTBA,RG,4300,45,D,YU,YP,D
14:18:00,PTBA,RG,4300,50,D,YU,YP,D
14:18:00,PTBA,RG,4300,25,D,YU,YU,D
14:18:00,PTBA,RG,4300,3,D,YU,DH,D
14:18:00,PTBA,RG,4300,17,D,YU,PD,D
14:18:00,PTBA,RG,4300,5,D,YU,NI,D
14:18:00,PTBA,RG,4300,210,D,YU,NI,D
14:17:57,PTBA,RG,4300,40,D,LS,NI,D
14:17:57,PTBA,RG,4300,100,D,LS,EP,D
14:17:57,PTBA,RG,4300,28,D,LS,PD,D
14:17:57,PTBA,RG,4300,5,D,LS,PD,D
14:17:57,PTBA,RG,4300,1,D,LS,YP,D
14:17:57,PTBA,RG,4300,100,D,LS,YU,D
14:17:57,PTBA,RG,4300,25,D,LS,YP,D
14:17:57,PTBA,RG,4300,12,D,LS,XC,D
14:17:57,PTBA,RG,4300,3,D,LS,DR,D
14:17:57,PTBA,RG,4300,12,D,LS,GR,D
14:17:57,PTBA,RG,4300,5,D,LS,KK,D
14:17:57,PTBA,RG,4300,1,D,LS,SQ,D
14:17:57,PTBA,RG,4300,115,D,LS,CC,D
14:17:57,PTBA,RG,4300,5,D,LS,XL,D
14:17:57,PTBA,RG,4300,13,D,LS,ZP,D
14:17:56,PTBA,RG,4290,3,F,CS,AT,D
14:17:56,PTBA,RG,4290,5,D,CC,AT,D
14:17:56,PTBA,RG,4290,22,F,BK,AT,D
14:17:56,PTBA,RG,4290,8,D,BB,AT,D
14:17:54,PTBA,RG,4290,3,D,BB,XL,D
14:17:52,PTBA,RG,4290,2,D,BB,SQ,D
14:17:50,PTBA,RG,4290,20,D,BB,YP,D
14:17:50,PTBA,RG,4300,2,D,PD,ZP,D
14:17:50,PTBA,RG,4300,5,D,BB,ZP,D
14:17:50,PTBA,RG,4300,15,D,BB,XC,D
14:17:50,PTBA,RG,4300,30,D,BB,KK,D
14:17:50,PTBA,RG,4300,4,D,BB,SQ,D
14:17:50,PTBA,RG,4300,15,D,BB,YU,D
14:17:50,PTBA,RG,4300,13,D,BB,NI,D
14:17:50,PTBA,RG,4300,22,D,BB,CC,D
14:17:50,PTBA,RG,4300,20,D,BB,PC,D
14:17:50,PTBA,RG,4300,2,D,BB,DR,D
14:17:50,PTBA,RG,4300,228,D,BB,AR,D
14:17:42,PTBA,RG,4290,5,D,BB,XC,D
14:17:40,PTBA,RG,4290,10,D,BB,PD,D
14:17:38,PTBA,RG,4290,5,D,BB,KK,D
14:17:32,PTBA,RG,4290,23,D,BB,OD,D
14:17:32,PTBA,RG,4290,250,D,YP,OD,D
14:17:32,PTBA,RG,4290,1,D,KK,OD,D
14:17:32,PTBA,RG,4290,2,F,CS,OD,D
14:17:32,PTBA,RG,4290,16,D,CC,OD,D
14:17:32,PTBA,RG,4290,2,D,XC,OD,D
14:17:32,PTBA,RG,4290,6,D,XC,OD,D
14:17:32,PTBA,RG,4290,10,D,BB,OD,D
14:17:32,PTBA,RG,4290,2,F,AK,OD,D
14:17:32,PTBA,RG,4290,1,D,CC,OD,D
14:17:32,PTBA,RG,4290,4,D,KK,OD,D
14:17:32,PTBA,RG,4290,100,D,CD,OD,D
14:17:32,PTBA,RG,4290,1,D,YB,OD,D
14:17:32,PTBA,RG,4290,582,F,CC,OD,D
14:17:31,PTBA,RG,4290,20,F,CC,PD,D
14:17:28,PTBA,RG,4290,1,F,CC,YP,D
14:17:26,PTBA,RG,4290,4,F,CC,XC,D
14:17:26,PTBA,RG,4290,1,F,CC,PD,D
14:17:24,PTBA,RG,4290,1,F,CC,YU,D
14:17:22,PTBA,RG,4300,17,D,CC,AR,D
14:17:17,PTBA,RG,4290,5,F,CC,KK,D
14:17:15,PTBA,RG,4290,73,F,CC,BK,F
14:17:15,PTBA,RG,4290,313,F,CC,LG,D
14:17:15,PTBA,RG,4290,1,D,XL,LG,D
14:17:15,PTBA,RG,4290,330,D,LG,LG,D
14:17:15,PTBA,RG,4290,140,D,LG,LG,D
14:17:15,PTBA,RG,4290,46,D,YB,LG,D
14:17:15,PTBA,RG,4290,9,D,PD,LG,D
14:17:15,PTBA,RG,4290,48,F,CS,LG,D
14:17:15,PTBA,RG,4290,277,D,LG,LG,D
14:17:15,PTBA,RG,4290,209,D,LG,LG,D
14:17:15,PTBA,RG,4290,214,D,LG,LG,D
14:17:15,PTBA,RG,4290,100,D,LG,LG,D
14:17:15,PTBA,RG,4290,75,D,LG,LG,D
14:17:15,PTBA,RG,4290,35,D,LG,LG,D
14:17:15,PTBA,RG,4290,23,D,LG,LG,D
14:17:15,PTBA,RG,4290,28,D,LG,LG,D
14:17:15,PTBA,RG,4290,5,D,LG,LG,D
14:17:15,PTBA,RG,4290,29,F,BK,LG,D
14:17:15,PTBA,RG,4290,200,D,YP,LG,D
14:17:15,PTBA,RG,4290,918,D,LG,LG,D
14:17:12,PTBA,RG,4290,25,D,LG,XL,D
14:17:11,PTBA,RG,4290,1,D,LG,YP,D
14:17:10,PTBA,RG,4290,1,D,LG,XC,D
14:17:07,PTBA,RG,4290,320,D,LG,YU,D
14:17:06,PTBA,RG,4300,5,D,PD,AR,D
14:17:06,PTBA,RG,4290,2,D,LG,OD,D
14:17:06,PTBA,RG,4290,10,D,LG,CC,D
14:17:03,PTBA,RG,4290,50,D,LG,YP,D
14:16:58,PTBA,RG,4290,2,D,LG,CC,D
14:16:55,PTBA,RG,4300,130,D,NI,AR,D
14:16:55,PTBA,RG,4290,10,D,LG,XL,D
14:16:49,PTBA,RG,4290,3,D,LG,YP,D
14:16:46,PTBA,RG,4300,2,D,PD,AR,D
14:16:46,PTBA,RG,4300,1,D,YB,AR,D
14:16:46,PTBA,RG,4300,3,D,XL,AR,D
14:16:39,PTBA,RG,4300,5,D,PD,AR,D
14:16:37,PTBA,RG,4300,109,D,XC,AR,D
14:16:37,PTBA,RG,4300,25,D,XC,PG,D
14:16:37,PTBA,RG,4300,1,D,XC,CP,D
14:16:37,PTBA,RG,4300,2,D,XC,NI,D
14:16:37,PTBA,RG,4300,260,D,XC,HP,D
14:16:36,PTBA,RG,4300,40,D,YP,HP,D
14:16:36,PTBA,RG,4300,5,D,YP,PD,D
14:16:36,PTBA,RG,4300,4,D,YP,XC,D
14:16:36,PTBA,RG,4300,5,D,YP,YP,D
14:16:36,PTBA,RG,4300,1,D,YP,DH,D
14:16:36,PTBA,RG,4300,45,D,YP,YP,D
14:16:33,PTBA,RG,4290,1,D,LG,XC,D
14:16:31,PTBA,RG,4290,10,D,LG,PD,D
14:16:30,PTBA,RG,4300,45,D,CC,YP,D
14:16:28,PTBA,RG,4300,2,D,XL,YP,D
14:16:28,PTBA,RG,4300,137,D,CC,YP,D
14:16:20,PTBA,RG,4300,5,D,XL,YP,D
14:16:17,PTBA,RG,4300,20,D,YP,YP,D
14:16:00,PTBA,RG,4300,190,D,YU,YP,D
14:15:59,PTBA,RG,4300,1,D,XL,YP,D
14:15:50,PTBA,RG,4300,10,D,PD,YP,D
14:15:48,PTBA,RG,4300,5,D,PD,YP,D
14:15:42,PTBA,RG,4300,5,D,KK,YP,D
14:15:41,PTBA,RG,4290,41,D,LG,XL,D
14:15:31,PTBA,RG,4290,1,D,LG,PD,D
14:15:27,PTBA,RG,4300,1,D,PD,YP,D
14:15:26,PTBA,RG,4290,1,D,LG,TF,D
14:15:24,PTBA,RG,4290,4,D,LG,CC,D
14:15:24,PTBA,RG,4290,8,D,YU,CC,D
14:15:23,PTBA,RG,4300,10,D,CP,YP,D
14:15:23,PTBA,RG,4300,200,D,EP,YP,D
14:15:06,PTBA,RG,4290,20,D,YU,YP,D
14:15:01,PTBA,RG,4290,1,D,YU,XL,D
14:15:00,PTBA,RG,4290,23,D,YU,CC,D
14:15:00,PTBA,RG,4290,5,D,NI,CC,D
14:15:00,PTBA,RG,4290,1,D,XC,CC,D
14:15:00,PTBA,RG,4290,5,D,PD,CC,D
14:15:00,PTBA,RG,4290,25,D,YU,CC,D
14:15:00,PTBA,RG,4290,41,D,BB,CC,D
14:14:58,PTBA,RG,4290,75,D,BB,PD,D
14:14:56,PTBA,RG,4290,10,D,BB,SQ,D
14:14:52,PTBA,RG,4300,1,D,XL,YP,D
14:14:48,PTBA,RG,4290,5,D,BB,CC,D
14:14:48,PTBA,RG,4300,1,D,PD,YP,D
14:14:43,PTBA,RG,4290,1,D,BB,PD,D
14:14:30,PTBA,RG,4300,5,D,CC,YP,D
14:14:26,PTBA,RG,4300,1,D,PD,YP,D
14:14:25,PTBA,RG,4300,15,D,HP,YP,D
14:14:20,PTBA,RG,4290,10,D,BB,PD,D
14:14:20,PTBA,RG,4290,14,D,BB,NI,D
14:14:18,PTBA,RG,4290,10,D,BB,CC,D
14:14:17,PTBA,RG,4290,20,D,BB,PD,D
14:14:12,PTBA,RG,4300,1,D,PD,YP,D
14:14:09,PTBA,RG,4290,28,D,BB,XC,D
14:14:09,PTBA,RG,4290,2,D,CC,XC,D
14:14:09,PTBA,RG,4290,10,D,CC,XC,D
14:14:09,PTBA,RG,4290,5,D,YP,XC,D
14:14:09,PTBA,RG,4290,1,D,DR,XC,D
14:14:09,PTBA,RG,4290,4,D,NI,XC,D
14:14:04,PTBA,RG,4290,6,D,NI,GR,D
14:14:04,PTBA,RG,4290,3,D,XC,GR,D
14:14:04,PTBA,RG,4290,1,D,PD,GR,D
14:14:04,PTBA,RG,4290,25,D,YP,GR,D
14:14:04,PTBA,RG,4290,10,D,KK,GR,D
14:14:04,PTBA,RG,4290,10,F,AK,GR,D
14:14:04,PTBA,RG,4290,63,D,YU,GR,D
14:14:04,PTBA,RG,4290,28,F,BK,GR,D
14:14:04,PTBA,RG,4290,10,D,DH,GR,D
14:14:04,PTBA,RG,4290,10,D,XC,GR,D
14:14:04,PTBA,RG,4290,34,F,BK,GR,D
14:14:00,PTBA,RG,4290,2,F,BK,XC,D
14:14:00,PTBA,RG,4300,214,D,YU,YP,D
14:13:59,PTBA,RG,4290,5,F,BK,XA,D
14:13:57,PTBA,RG,4290,8,F,BK,YP,D
14:13:55,PTBA,RG,4290,717,F,BK,YU,D
14:13:55,PTBA,RG,4290,4,D,YB,YU,D
14:13:55,PTBA,RG,4290,250,D,YP,YU,D
14:13:55,PTBA,RG,4290,29,D,XL,YU,D
14:13:53,PTBA,RG,4290,3,D,XL,XC,D
14:13:53,PTBA,RG,4290,50,D,XL,NI,D
14:13:52,PTBA,RG,4290,1,D,XL,PD,D
14:13:51,PTBA,RG,4290,17,D,XL,CC,D
14:13:51,PTBA,RG,4290,33,D,YP,CC,D
14:13:50,PTBA,RG,4290,2,D,YP,XC,D
14:13:49,PTBA,RG,4290,4,D,YP,SQ,D
14:13:49,PTBA,RG,4300,1,D,XL,YP,D
14:13:48,PTBA,RG,4290,10,D,YP,YP,D
14:13:44,PTBA,RG,4290,1,D,YP,OD,D
14:13:44,PTBA,RG,4290,2,D,BB,OD,D
14:13:41,PTBA,RG,4290,5,D,BB,YP,D
14:13:38,PTBA,RG,4290,1,D,BB,XC,D
14:13:36,PTBA,RG,4290,2,D,BB,YP,D
14:13:36,PTBA,RG,4290,1,D,BB,DH,D
14:13:36,PTBA,RG,4290,1,D,BB,XC,D
14:13:36,PTBA,RG,4290,14,D,HP,XC,D
14:13:35,PTBA,RG,4290,10,D,HP,NI,D
14:13:35,PTBA,RG,4290,5,D,HP,XL,D
14:13:34,PTBA,RG,4290,6,D,HP,NI,D
14:13:34,PTBA,RG,4290,1,D,HP,NI,D
14:13:33,PTBA,RG,4290,1,D,HP,YP,D
14:13:32,PTBA,RG,4290,1,D,HP,XC,D
14:13:32,PTBA,RG,4290,125,D,HP,PD,D
14:13:30,PTBA,RG,4300,25,D,DR,YP,D
14:13:26,PTBA,RG,4290,2,D,HP,KK,D
14:13:24,PTBA,RG,4290,6,D,HP,XC,D
14:13:23,PTBA,RG,4290,5,D,HP,YP,D
14:13:20,PTBA,RG,4290,5,D,HP,SQ,D
14:13:12,PTBA,RG,4290,5,D,HP,XL,D
14:13:11,PTBA,RG,4290,1,D,HP,YP,D
14:13:10,PTBA,RG,4290,5,D,HP,SQ,D
14:13:09,PTBA,RG,4290,1,D,HP,NI,D
14:13:07,PTBA,RG,4300,1,D,XC,YP,D
14:13:07,PTBA,RG,4290,10,D,HP,PD,D
14:13:06,PTBA,RG,4290,2,D,HP,PD,D
14:13:04,PTBA,RG,4290,10,D,HP,NI,D
14:13:04,PTBA,RG,4290,1,D,HP,PD,D
14:13:04,PTBA,RG,4290,50,D,HP,YP,D
14:13:04,PTBA,RG,4300,2,D,XC,YP,D
14:13:01,PTBA,RG,4300,1,D,XL,YP,D
14:12:47,PTBA,RG,4300,56,D,EP,YP,D
14:12:47,PTBA,RG,4300,10,D,EP,DH,D
14:12:47,PTBA,RG,4300,134,D,EP,ZP,D
14:12:47,PTBA,RG,4290,34,D,HP,HD,D
14:12:47,PTBA,RG,4290,1,D,CC,HD,D
14:12:47,PTBA,RG,4290,23,D,YP,HD,D
14:12:47,PTBA,RG,4290,5,D,HP,HD,D
14:12:47,PTBA,RG,4290,24,D,YP,HD,D
14:12:47,PTBA,RG,4290,2,D,YP,HD,D
14:12:47,PTBA,RG,4290,49,D,KK,HD,D
14:12:47,PTBA,RG,4290,3,D,XC,HD,D
14:12:47,PTBA,RG,4290,974,D,LS,HD,D
14:12:46,PTBA,RG,4290,25,D,LS,PD,D
14:12:45,PTBA,RG,4290,1,D,LS,NI,D
14:12:45,PTBA,RG,4290,13,D,CC,YP,D
14:12:45,PTBA,RG,4290,10,F,CS,YP,D
14:12:43,PTBA,RG,4290,50,D,PD,DH,D
14:12:42,PTBA,RG,4290,5,D,PD,YP,D
14:12:39,PTBA,RG,4290,25,D,PD,TF,D
14:12:38,PTBA,RG,4290,2,D,PD,YP,D
14:12:37,PTBA,RG,4300,164,D,EP,ZP,D
14:12:37,PTBA,RG,4300,36,D,EP,YU,D
14:12:37,PTBA,RG,4290,10,D,PD,AG,D
14:12:36,PTBA,RG,4290,10,D,PD,PD,D
14:12:35,PTBA,RG,4290,10,D,PD,YP,D
14:12:34,PTBA,RG,4290,60,D,PD,KK,D
14:12:30,PTBA,RG,4290,1,D,PD,XL,D
14:12:30,PTBA,RG,4290,5,D,PD,PD,D
14:12:30,PTBA,RG,4290,2,D,PD,YB,D
14:12:28,PTBA,RG,4290,10,D,PD,XC,D
14:12:26,PTBA,RG,4290,50,D,PD,DR,D
14:12:25,PTBA,RG,4290,30,D,PD,CC,D
14:12:18,PTBA,RG,4290,430,D,PD,SQ,D
14:12:18,PTBA,RG,4290,5,D,AZ,SQ,D
14:12:18,PTBA,RG,4290,1,D,YP,SQ,D
14:12:18,PTBA,RG,4290,100,D,YJ,SQ,D
14:12:18,PTBA,RG,4290,1,D,NI,SQ,D
14:12:18,PTBA,RG,4290,180,F,CC,SQ,D
14:12:18,PTBA,RG,4290,2,D,PD,SQ,D
14:12:18,PTBA,RG,4290,2,D,YP,SQ,D
14:12:18,PTBA,RG,4290,190,D,YP,SQ,D
14:12:18,PTBA,RG,4290,2,F,AK,SQ,D
14:12:18,PTBA,RG,4290,1,D,YP,SQ,D
14:12:18,PTBA,RG,4290,18,F,BK,SQ,D
14:12:18,PTBA,RG,4290,68,D,YU,SQ,D
14:12:12,PTBA,RG,4290,10,D,YU,PD,D
14:12:02,PTBA,RG,4290,10,D,YU,YP,D
14:12:01,PTBA,RG,4290,1,D,YU,XL,D
14:12:00,PTBA,RG,4300,14,D,YU,YU,D
14:12:00,PTBA,RG,4300,1,D,YU,XC,D
14:12:00,PTBA,RG,4300,10,D,YU,SS,D
14:12:00,PTBA,RG,4300,201,D,YU,NI,D
14:12:00,PTBA,RG,4290,2,D,YU,YP,D
14:12:00,PTBA,RG,4290,92,D,YU,BQ,D
14:12:00,PTBA,RG,4290,93,D,YU,BQ,D
14:12:00,PTBA,RG,4290,15,D,YU,BQ,D
14:11:58,PTBA,RG,4300,1,D,XC,NI,D
14:11:58,PTBA,RG,4290,200,D,YU,EP,D
14:11:51,PTBA,RG,4300,1,D,XL,NI,D
14:11:43,PTBA,RG,4300,1,D,XL,NI,D
14:11:42,PTBA,RG,4290,26,D,YU,YP,D
14:11:38,PTBA,RG,4290,82,D,YU,SQ,D
14:11:38,PTBA,RG,4290,48,D,BB,SQ,D
14:11:37,PTBA,RG,4300,1,D,NI,NI,D
14:11:37,PTBA,RG,4290,25,D,BB,XL,D
14:11:34,PTBA,RG,4300,45,D,XL,NI,D
14:11:34,PTBA,RG,4300,5,D,XL,NI,D
14:11:30,PTBA,RG,4300,9,D,XC,NI,D
14:11:29,PTBA,RG,4290,1,D,BB,PD,D
14:11:29,PTBA,RG,4290,5,D,BB,YP,D
14:11:27,PTBA,RG,4290,25,D,BB,XL,D
14:11:25,PTBA,RG,4300,6,D,CC,NI,D
14:11:18,PTBA,RG,4290,2,D,BB,NI,D
14:11:16,PTBA,RG,4290,17,D,BB,XL,D
14:11:16,PTBA,RG,4290,10,D,BB,PD,D
14:11:13,PTBA,RG,4300,30,D,HP,NI,D
14:11:10,PTBA,RG,4300,10,D,PD,NI,D
14:11:09,PTBA,RG,4300,1,D,YU,NI,D
14:11:01,PTBA,RG,4300,1,D,PD,NI,D
14:10:59,PTBA,RG,4290,14,D,BB,XL,D
14:10:59,PTBA,RG,4290,6,D,BB,XL,D
14:10:52,PTBA,RG,4290,9,D,BB,CC,D
14:10:50,PTBA,RG,4300,5,D,HP,NI,D
14:10:41,PTBA,RG,4290,1,D,BB,CC,D
14:10:39,PTBA,RG,4290,14,D,BB,XC,D
14:10:37,PTBA,RG,4290,1,D,BB,XC,D
14:10:37,PTBA,RG,4290,10,D,BB,CC,D
14:10:35,PTBA,RG,4290,1,D,BB,YP,D
14:10:34,PTBA,RG,4290,133,D,BB,XL,D
14:10:34,PTBA,RG,4290,124,D,BB,XL,D
14:10:34,PTBA,RG,4300,33,F,BK,NI,D
14:10:34,PTBA,RG,4300,7,F,BK,XL,D
14:10:34,PTBA,RG,4300,5,F,BK,XL,D
14:10:34,PTBA,RG,4300,1,F,BK,XL,D
14:10:34,PTBA,RG,4300,23,F,BK,XL,D
14:10:34,PTBA,RG,4300,2,F,BK,XL,D
14:10:34,PTBA,RG,4300,1,F,BK,YP,D
14:10:34,PTBA,RG,4300,25,F,BK,AT,D
14:10:34,PTBA,RG,4300,28,F,BK,XC,D
14:10:34,PTBA,RG,4300,45,F,BK,OD,D
14:10:34,PTBA,RG,4300,5,F,BK,SQ,D
14:10:34,PTBA,RG,4300,1,F,BK,DH,D
14:10:34,PTBA,RG,4300,1,F,BK,YP,D
14:10:34,PTBA,RG,4300,100,F,BK,YP,D
14:10:34,PTBA,RG,4300,63,F,BK,ZP,D
14:10:34,PTBA,RG,4300,35,F,BK,PD,D
14:10:34,PTBA,RG,4300,20,F,BK,DH,D
14:10:34,PTBA,RG,4300,6,F,BK,BQ,D
14:10:34,PTBA,RG,4300,18,F,BK,GR,D
14:10:34,PTBA,RG,4300,100,F,BK,DH,D
14:10:34,PTBA,RG,4300,1,F,BK,PD,D
14:10:34,PTBA,RG,4300,1,F,BK,YB,D
14:10:34,PTBA,RG,4300,1,F,BK,PD,D
14:10:34,PTBA,RG,4300,840,F,BK,DR,D
14:10:30,PTBA,RG,4290,60,D,BB,YU,D
14:10:18,PTBA,RG,4290,13,D,BB,XL,D
14:10:18,PTBA,RG,4290,1,F,CS,XL,D
14:10:18,PTBA,RG,4290,11,F,CS,XL,D
14:10:14,PTBA,RG,4290,9,F,CS,XL,D
14:10:14,PTBA,RG,4290,6,F,CS,XL,D
14:10:12,PTBA,RG,4290,2,F,CS,YP,D
14:10:07,PTBA,RG,4290,13,F,CS,PD,D
14:10:06,PTBA,RG,4290,3,F,CS,CC,D
14:10:04,PTBA,RG,4290,2,F,CS,KK,D
14:10:03,PTBA,RG,4290,1,F,CS,PD,D
14:10:02,PTBA,RG,4290,12,F,CS,PD,D
14:10:00,PTBA,RG,4290,1,F,CS,YJ,D
14:10:00,PTBA,RG,4290,999,D,YU,YJ,D
14:10:00,PTBA,RG,4290,2,D,YU,PD,D
14:10:00,PTBA,RG,4290,5,D,YU,PD,D
14:10:00,PTBA,RG,4290,34,D,YU,NI,D
14:10:00,PTBA,RG,4300,102,D,YU,DR,D
14:10:00,PTBA,RG,4300,58,D,YU,DR,D
14:10:00,PTBA,RG,4300,5,D,YU,KI,D
