Time,Stock,Brd,Price,Qty,BT,BC,SC,ST
15:14:49,MYOR,RG,1960,5,D,DR,XC,D
15:13:57,MYOR,RG,1960,23,D,DR,KZ,F
15:13:57,MYOR,RG,1960,200,D,DR,YP,D
15:13:15,MYOR,RG,1960,8,D,DR,KZ,F
15:13:15,MYOR,RG,1960,75,D,DR,YP,D
15:13:01,MYOR,RG,1960,1,D,DR,PD,D
15:10:12,MYOR,RG,1960,11,D,DR,KZ,F
15:10:11,MYOR,RG,1960,100,D,DR,AG,D
15:08:05,MYOR,RG,1960,7,D,DR,KZ,F
15:08:05,MYOR,RG,1960,60,D,DR,PD,D
15:07:29,MYOR,RG,1960,5,D,DR,KZ,F
15:07:29,MYOR,RG,1960,20,D,DR,KZ,F
15:07:29,MYOR,RG,1960,50,D,DR,YB,D
15:07:29,MYOR,RG,1960,178,D,DR,LG,D
15:07:15,MYOR,RG,1960,6,D,DR,KZ,F
15:07:15,MYOR,RG,1960,50,D,DR,YB,D
15:07:05,MYOR,RG,1960,36,D,DR,KZ,F
15:07:05,MYOR,RG,1960,330,D,DR,YP,D
15:07:00,MYOR,RG,1960,1,D,DR,XC,D
15:06:21,MYOR,RG,1960,1,D,DR,KZ,F
15:06:21,MYOR,RG,1960,2,D,DR,XC,D
15:05:04,MYOR,RG,1960,3,D,DR,KZ,F
15:05:04,MYOR,RG,1960,27,D,DR,YP,D
15:04:46,MYOR,RG,1960,1,D,DR,KZ,F
15:04:46,MYOR,RG,1960,10,D,DR,AZ,D
15:03:29,MYOR,RG,1960,1,D,DR,NI,D
15:03:00,MYOR,RG,1960,15,D,DR,KZ,F
15:03:00,MYOR,RG,1960,150,D,DR,YP,D
15:02:40,MYOR,RG,1960,80,D,DR,YP,D
15:02:19,MYOR,RG,1960,10,D,DR,ZP,D
15:02:18,MYOR,RG,1960,25,D,DR,YP,D
15:01:22,MYOR,RG,1960,30,D,DR,YP,D
15:00:00,MYOR,RG,1960,5,D,DR,EL,D
15:00:00,MYOR,RG,1960,5,D,DR,CC,D
15:00:00,MYOR,RG,1960,6,D,DR,CC,D
15:00:00,MYOR,RG,1960,591,D,DR,YU,F
15:00:00,MYOR,RG,1960,535,D,DR,YU,F
15:00:00,MYOR,RG,1960,1,D,XC,YU,F
15:00:00,MYOR,RG,1960,20,D,YP,YU,F
15:00:00,MYOR,RG,1960,1,D,YP,YU,F
15:00:00,MYOR,RG,1960,100,D,MG,YU,F
15:00:00,MYOR,RG,1960,1,D,NI,YU,F
15:00:00,MYOR,RG,1960,5,D,OD,YU,F
15:00:00,MYOR,RG,1960,1,D,XC,YU,F
15:00:00,MYOR,RG,1960,20,D,YP,YU,F
15:00:00,MYOR,RG,1960,10,D,XC,YU,F
15:00:00,MYOR,RG,1960,1,D,XC,YU,F
15:00:00,MYOR,RG,1960,2,D,YP,YU,F
15:00:00,MYOR,RG,1960,1,D,XC,YU,F
15:00:00,MYOR,RG,1960,5,D,SQ,YU,F
15:00:00,MYOR,RG,1960,1,D,DH,YU,F
15:00:00,MYOR,RG,1960,100,D,YP,YU,F
15:00:00,MYOR,RG,1960,1,D,YP,YU,F
15:00:00,MYOR,RG,1960,8,D,YP,YU,F
15:00:00,MYOR,RG,1960,30,D,CC,YU,F
15:00:00,MYOR,RG,1960,5,D,YB,YU,F
15:00:00,MYOR,RG,1960,1,D,XL,YU,F
15:00:00,MYOR,RG,1960,12,D,XC,YU,F
15:00:00,MYOR,RG,1960,20,D,CC,YU,F
15:00:00,MYOR,RG,1960,300,D,MG,YU,F
15:00:00,MYOR,RG,1960,1,D,AZ,YU,F
15:00:00,MYOR,RG,1960,3,D,AZ,YU,F
15:00:00,MYOR,RG,1960,5,D,PD,YU,F
15:00:00,MYOR,RG,1960,10,D,PD,YU,F
15:00:00,MYOR,RG,1960,1,D,XC,YU,F
15:00:00,MYOR,RG,1960,5,D,KK,YU,F
15:00:00,MYOR,RG,1960,212,D,DR,YU,F
15:00:00,MYOR,RG,1960,437,D,DR,YU,F
15:00:00,MYOR,RG,1960,50,D,DR,GR,D
15:00:00,MYOR,RG,1960,5,D,DR,CC,D
15:00:00,MYOR,RG,1960,86,D,DR,AK,F
15:00:00,MYOR,RG,1960,37,D,DR,AK,F
15:00:00,MYOR,RG,1960,228,D,DR,AK,F
15:00:00,MYOR,RG,1960,70,D,DR,AK,F
15:00:00,MYOR,RG,1960,1,D,YP,AK,F
15:00:00,MYOR,RG,1960,3,D,XL,AK,F
15:00:00,MYOR,RG,1960,4,D,XC,AK,F
15:00:00,MYOR,RG,1960,22,D,KK,AK,F
15:00:00,MYOR,RG,1960,15,D,PD,AK,F
15:00:00,MYOR,RG,1960,30,D,PD,AK,F
15:00:00,MYOR,RG,1960,7,D,SQ,AK,F
15:00:00,MYOR,RG,1960,1,D,XC,AK,F
15:00:00,MYOR,RG,1960,5,D,CC,AK,F
15:00:00,MYOR,RG,1960,1,D,XC,AK,F
15:00:00,MYOR,RG,1960,3,D,YP,AK,F
15:00:00,MYOR,RG,1960,1,D,PD,AK,F
15:00:00,MYOR,RG,1960,1,D,YP,AK,F
15:00:00,MYOR,RG,1960,3,D,AT,AK,F
15:00:00,MYOR,RG,1960,1,D,XC,AK,F
15:00:00,MYOR,RG,1960,5,D,XC,AK,F
15:00:00,MYOR,RG,1960,2,D,XL,AK,F
15:00:00,MYOR,RG,1960,1,D,XC,AK,F
15:00:00,MYOR,RG,1960,5,D,YP,AK,F
15:00:00,MYOR,RG,1960,100,D,AZ,AK,F
15:00:00,MYOR,RG,1960,26,D,XC,AK,F
15:00:00,MYOR,RG,1960,3,D,CC,AK,F
15:00:00,MYOR,RG,1960,1,D,PD,AK,F
15:00:00,MYOR,RG,1960,2,D,YB,AK,F
15:00:00,MYOR,RG,1960,44,F,ZP,AK,F
15:00:00,MYOR,RG,1960,43,F,ZP,AK,F
15:00:00,MYOR,RG,1960,194,F,ZP,AK,F
15:00:00,MYOR,RG,1960,4,F,ZP,BK,F
15:00:00,MYOR,RG,1960,6,F,ZP,BK,F
15:00:00,MYOR,RG,1960,140,F,ZP,BK,F
15:00:00,MYOR,RG,1960,182,F,ZP,BK,F
15:00:00,MYOR,RG,1960,1,F,ZP,KZ,F
15:00:00,MYOR,RG,1960,5,F,ZP,KZ,F
15:00:00,MYOR,RG,1960,1,F,ZP,KZ,F
15:00:00,MYOR,RG,1960,2,F,ZP,KZ,F
15:00:00,MYOR,RG,1960,14,F,ZP,KZ,F
15:00:00,MYOR,RG,1960,1,F,ZP,KZ,F
15:00:00,MYOR,RG,1960,1,F,ZP,KZ,F
15:00:00,MYOR,RG,1960,8,F,ZP,KZ,F
15:00:00,MYOR,RG,1960,13,F,ZP,KZ,F
15:00:00,MYOR,RG,1960,4,D,XC,KZ,F
15:00:00,MYOR,RG,1960,10,D,PD,KZ,F
15:00:00,MYOR,RG,1960,7,D,CC,KZ,F
15:00:00,MYOR,RG,1960,40,F,ZP,KZ,F
15:00:00,MYOR,RG,1960,46,F,ZP,KZ,F
15:00:00,MYOR,RG,1960,1,F,ZP,KZ,F
15:00:00,MYOR,RG,1960,1,F,ZP,KZ,F
15:00:00,MYOR,RG,1960,153,F,ZP,KZ,F
15:00:00,MYOR,RG,1960,20,D,YP,KZ,F
15:00:00,MYOR,RG,1960,1,D,XC,KZ,F
15:00:00,MYOR,RG,1960,1,D,PD,KZ,F
15:00:00,MYOR,RG,1960,5,D,YP,KZ,F
15:00:00,MYOR,RG,1960,14,D,YP,KZ,F
15:00:00,MYOR,RG,1960,7,D,YP,KZ,F
15:00:00,MYOR,RG,1960,15,D,GR,KZ,F
15:00:00,MYOR,RG,1960,5,D,CC,KZ,F
15:00:00,MYOR,RG,1960,3,D,PD,KZ,F
15:00:00,MYOR,RG,1960,99,D,CC,KZ,F
15:00:00,MYOR,RG,1960,376,D,CC,BB,D
15:00:00,MYOR,RG,1960,45,D,CC,BB,D
15:00:00,MYOR,RG,1960,31,D,CC,BB,D
15:00:00,MYOR,RG,1960,32,D,CC,PD,D
14:49:42,MYOR,RG,1970,75,F,ZP,YB,D
14:49:18,MYOR,RG,1970,47,F,ZP,CC,D
14:49:18,MYOR,RG,1970,3,F,ZP,CC,D
14:49:12,MYOR,RG,1975,59,D,BB,KZ,F
14:49:12,MYOR,RG,1975,83,D,BB,AK,F
14:49:12,MYOR,RG,1975,51,D,BB,AG,D
14:49:12,MYOR,RG,1975,184,D,BB,AG,D
14:49:12,MYOR,RG,1975,11,D,BB,AG,D
14:49:03,MYOR,RG,1975,54,D,DR,AG,D
14:49:03,MYOR,RG,1975,6,D,DR,YP,D
14:49:03,MYOR,RG,1975,2,D,DR,KZ,F
14:49:03,MYOR,RG,1975,13,D,DR,YP,D
14:48:46,MYOR,RG,1970,10,D,BB,CC,D
14:48:42,MYOR,RG,1970,10,D,BB,CC,D
14:48:42,MYOR,RG,1970,20,D,BB,YP,D
14:48:42,MYOR,RG,1970,14,D,BB,YP,D
14:48:42,MYOR,RG,1970,19,D,BB,BK,F
14:48:42,MYOR,RG,1970,106,D,BB,KZ,F
14:48:42,MYOR,RG,1970,164,D,BB,AK,F
14:48:42,MYOR,RG,1970,48,D,BB,BK,F
14:48:42,MYOR,RG,1970,150,D,BB,XL,D
14:48:42,MYOR,RG,1970,6,D,BB,XL,D
14:48:42,MYOR,RG,1970,23,D,BB,XL,D
14:48:42,MYOR,RG,1970,418,D,BB,XL,D
14:48:30,MYOR,RG,1970,3,D,BB,XL,D
14:48:30,MYOR,RG,1970,16,D,BB,BK,F
14:48:30,MYOR,RG,1970,21,D,BB,BK,F
14:48:30,MYOR,RG,1970,2,D,BB,BK,F
14:48:30,MYOR,RG,1970,20,D,BB,BK,F
14:48:30,MYOR,RG,1970,140,D,BB,AK,F
14:48:30,MYOR,RG,1970,1,D,BB,AK,F
14:48:30,MYOR,RG,1970,5,D,BB,AK,F
14:48:30,MYOR,RG,1970,18,D,BB,AK,F
14:48:30,MYOR,RG,1970,28,D,BB,BK,F
14:48:30,MYOR,RG,1970,5,D,BB,YP,D
14:48:30,MYOR,RG,1970,2,D,BB,KZ,F
14:48:30,MYOR,RG,1970,38,D,BB,BK,F
14:48:28,MYOR,RG,1965,2,F,ZP,AK,F
14:47:59,MYOR,RG,1970,43,D,YP,BK,F
14:47:59,MYOR,RG,1970,1,D,YP,XC,D
14:47:59,MYOR,RG,1970,6,D,YP,BK,F
14:47:59,MYOR,RG,1970,46,D,BB,BK,F
14:47:59,MYOR,RG,1970,2,D,BB,CC,D
14:47:59,MYOR,RG,1970,35,D,BB,XL,D
14:47:59,MYOR,RG,1970,6,D,BB,XC,D
14:47:59,MYOR,RG,1970,1,D,BB,PD,D
14:47:59,MYOR,RG,1970,4,D,BB,EP,D
14:47:59,MYOR,RG,1970,5,D,BB,EP,D
14:47:59,MYOR,RG,1970,1,D,BB,PD,D
14:47:59,MYOR,RG,1970,3,D,BB,PD,D
14:47:59,MYOR,RG,1970,173,D,BB,BK,F
14:47:59,MYOR,RG,1970,140,D,BB,AK,F
14:47:59,MYOR,RG,1970,58,D,BB,YU,F
14:47:59,MYOR,RG,1970,1,D,BB,YU,F
14:47:59,MYOR,RG,1970,3,D,BB,YU,F
14:47:59,MYOR,RG,1970,12,D,BB,YU,F
14:47:59,MYOR,RG,1970,87,D,BB,YU,F
14:47:59,MYOR,RG,1970,1,D,BB,EP,D
14:47:59,MYOR,RG,1970,25,D,BB,PD,D
14:47:59,MYOR,RG,1970,58,D,BB,KZ,F
14:47:59,MYOR,RG,1970,24,D,BB,KZ,F
14:47:59,MYOR,RG,1970,18,D,BB,AG,D
14:47:27,MYOR,RG,1970,2,D,BB,AG,D
14:47:21,MYOR,RG,1970,1,D,BB,AG,D
14:47:21,MYOR,RG,1970,1,D,BB,AG,D
14:47:21,MYOR,RG,1965,11,F,ZP,CC,D
14:47:15,MYOR,RG,1970,1,D,BB,AG,D
14:47:15,MYOR,RG,1970,1,D,BB,AG,D
14:47:15,MYOR,RG,1970,3,D,NI,AG,D
14:47:11,MYOR,RG,1970,1,D,BB,AG,D
14:47:09,MYOR,RG,1970,3,D,BB,AG,D
14:47:09,MYOR,RG,1970,1,D,BB,AG,D
14:47:09,MYOR,RG,1970,1,D,BB,AG,D
14:46:59,MYOR,RG,1970,1,D,YB,AG,D
14:46:59,MYOR,RG,1965,2,F,ZP,KZ,F
14:46:57,MYOR,RG,1970,3,D,BB,AG,D
14:46:56,MYOR,RG,1970,5,D,BB,AG,D
14:46:56,MYOR,RG,1970,1,D,BB,AG,D
14:46:55,MYOR,RG,1970,2,D,DP,AG,D
14:46:49,MYOR,RG,1970,7,D,BB,AG,D
14:46:49,MYOR,RG,1970,4,D,BB,AG,D
14:46:49,MYOR,RG,1970,2,D,BB,AG,D
14:46:48,MYOR,RG,1965,26,F,ZP,YB,D
14:46:41,MYOR,RG,1970,30,D,DP,AG,D
14:46:39,MYOR,RG,1970,6,D,DP,AG,D
14:46:38,MYOR,RG,1970,8,D,BB,AG,D
14:46:38,MYOR,RG,1970,4,D,BB,AG,D
14:46:23,MYOR,RG,1970,1,D,BB,AG,D
14:46:23,MYOR,RG,1970,1,D,BB,AG,D
14:46:23,MYOR,RG,1970,1,D,DP,AG,D
14:46:21,MYOR,RG,1970,1,D,BB,AG,D
14:46:21,MYOR,RG,1970,1,D,BB,AG,D
14:46:21,MYOR,RG,1970,1,D,BB,AG,D
14:46:21,MYOR,RG,1970,5,D,DP,AG,D
14:46:21,MYOR,RG,1970,32,D,DP,AG,D
14:46:00,MYOR,RG,1970,4,D,BB,AG,D
14:46:00,MYOR,RG,1970,2,D,BB,AG,D
14:46:00,MYOR,RG,1970,1,D,BB,AG,D
14:45:28,MYOR,RG,1970,4,D,BB,AG,D
14:45:28,MYOR,RG,1970,2,D,BB,AG,D
14:45:28,MYOR,RG,1970,1,D,BB,AG,D
14:45:09,MYOR,RG,1970,2,D,BB,AG,D
14:45:09,MYOR,RG,1970,2,D,BB,AG,D
14:45:09,MYOR,RG,1965,18,F,ZP,CC,D
14:44:53,MYOR,RG,1970,2,D,BB,AG,D
14:44:53,MYOR,RG,1970,1,D,BB,AG,D
14:44:53,MYOR,RG,1970,1,D,BB,AG,D
14:44:37,MYOR,RG,1970,2,D,BB,AG,D
14:44:34,MYOR,RG,1970,3,D,BB,AG,D
14:44:34,MYOR,RG,1970,1,D,BB,AG,D
14:44:34,MYOR,RG,1970,1,D,BB,AG,D
14:44:19,MYOR,RG,1970,2,D,BB,AG,D
14:44:19,MYOR,RG,1970,1,D,GR,AG,D
14:44:13,MYOR,RG,1970,10,D,BB,AG,D
14:44:13,MYOR,RG,1970,4,D,BB,AG,D
14:44:13,MYOR,RG,1970,2,D,BB,AG,D
14:44:13,MYOR,RG,1970,3,D,DP,AG,D
14:44:13,MYOR,RG,1970,2,D,DP,KZ,F
14:43:55,MYOR,RG,1970,33,D,CC,KZ,F
14:43:55,MYOR,RG,1970,25,D,DP,KZ,F
14:43:55,MYOR,RG,1970,19,D,DP,CC,D
14:43:55,MYOR,RG,1970,1,D,CC,CC,D
14:43:51,MYOR,RG,1970,1,D,BB,CC,D
14:43:42,MYOR,RG,1970,1,D,BB,CC,D
14:43:32,MYOR,RG,1970,2,D,PD,CC,D
14:42:57,MYOR,RG,1970,21,D,CC,CC,D
14:42:38,MYOR,RG,1970,1,D,YB,CC,D
14:42:11,MYOR,RG,1970,4,D,CC,CC,D
14:42:11,MYOR,RG,1970,21,D,CC,XC,D
14:42:11,MYOR,RG,1970,1,D,CC,XC,D
14:42:11,MYOR,RG,1970,32,D,CC,AK,F
14:41:17,MYOR,RG,1965,29,F,ZP,CC,D
14:41:17,MYOR,RG,1965,1,D,CC,CC,D
14:41:08,MYOR,RG,1965,15,F,AK,NI,D
14:41:08,MYOR,RG,1965,2,F,AK,KZ,F
14:41:08,MYOR,RG,1965,5,F,AK,KZ,F
14:41:08,MYOR,RG,1965,29,F,AK,AK,F
14:41:08,MYOR,RG,1965,124,D,BB,AK,F
14:41:08,MYOR,RG,1965,18,D,BB,OD,D
14:41:08,MYOR,RG,1965,17,F,AK,OD,D
14:41:08,MYOR,RG,1965,8,D,BB,OD,D
14:41:08,MYOR,RG,1965,57,D,BB,OD,D
14:41:08,MYOR,RG,1965,1,D,BB,KZ,F
14:41:08,MYOR,RG,1965,5,D,BB,XC,D
14:41:08,MYOR,RG,1965,111,D,BB,KZ,F
14:41:08,MYOR,RG,1965,2,D,BB,AZ,D
14:41:08,MYOR,RG,1965,25,D,BB,EP,D
14:41:08,MYOR,RG,1965,50,D,BB,PD,D
14:41:08,MYOR,RG,1965,100,D,BB,SQ,D
14:41:08,MYOR,RG,1965,215,D,BB,YP,D
14:41:08,MYOR,RG,1965,4,D,BB,YP,D
14:41:08,MYOR,RG,1965,17,D,BB,YP,D
14:41:08,MYOR,RG,1965,264,D,BB,YP,D
14:41:08,MYOR,RG,1965,58,D,BB,GR,D
14:40:25,MYOR,RG,1960,180,D,DR,PD,D
14:40:03,MYOR,RG,1965,42,D,CC,GR,D
14:40:03,MYOR,RG,1965,16,D,CC,KZ,F
14:39:41,MYOR,RG,1965,11,D,YB,KZ,F
14:39:35,MYOR,RG,1965,5,D,DP,KZ,F
14:39:31,MYOR,RG,1965,12,D,YU,KZ,F
14:39:31,MYOR,RG,1965,15,D,YU,YP,D
14:39:31,MYOR,RG,1965,61,D,YU,AK,F
14:39:31,MYOR,RG,1965,13,D,YU,YU,F
14:39:31,MYOR,RG,1965,137,D,YU,YU,F
14:39:30,MYOR,RG,1965,46,D,YU,YU,F
14:39:30,MYOR,RG,1965,10,D,YU,YU,F
14:39:30,MYOR,RG,1965,111,D,YU,AK,F
14:39:06,MYOR,RG,1965,17,D,DP,AK,F
14:39:00,MYOR,RG,1965,1,D,YU,AK,F
14:39:00,MYOR,RG,1965,1,D,YU,AK,F
14:39:00,MYOR,RG,1965,1,D,YU,AK,F
14:39:00,MYOR,RG,1965,1,D,YU,AK,F
14:38:59,MYOR,RG,1960,2,D,DR,KZ,F
14:38:21,MYOR,RG,1965,18,D,YB,AK,F
14:38:21,MYOR,RG,1965,32,D,YB,IP,D
14:38:07,MYOR,RG,1965,75,D,OD,IP,D
14:38:00,MYOR,RG,1965,8,D,YU,IP,D
14:37:55,MYOR,RG,1965,35,D,CC,IP,D
14:37:55,MYOR,RG,1965,12,D,CC,KZ,F
14:37:55,MYOR,RG,1965,6,D,CC,KZ,F
14:37:52,MYOR,RG,1960,20,D,DR,YB,D
14:37:44,MYOR,RG,1965,1,D,CC,KZ,F
14:37:29,MYOR,RG,1960,3,D,DR,KZ,F
14:37:20,MYOR,RG,1960,9,D,DR,XC,D
14:37:10,MYOR,RG,1960,34,D,DR,NI,D
14:37:02,MYOR,RG,1965,10,D,HP,KZ,F
14:36:22,MYOR,RG,1965,2,D,PD,KZ,F
14:36:00,MYOR,RG,1965,18,D,YU,KZ,F
14:36:00,MYOR,RG,1965,5,D,YU,KZ,F
14:36:00,MYOR,RG,1965,34,D,YU,AZ,D
14:35:57,MYOR,RG,1965,54,D,CC,AZ,D
14:35:46,MYOR,RG,1965,6,D,DP,AZ,D
14:35:40,MYOR,RG,1960,5,D,DR,PD,D
14:35:19,MYOR,RG,1965,18,D,DP,AZ,D
14:35:03,MYOR,RG,1960,20,D,DR,GR,D
14:34:20,MYOR,RG,1960,44,D,DR,KZ,F
14:34:20,MYOR,RG,1960,400,D,DR,PD,D
14:33:55,MYOR,RG,1960,8,D,DR,YB,D
14:33:33,MYOR,RG,1965,1,D,PD,AZ,D
14:33:17,MYOR,RG,1965,50,D,PD,AZ,D
14:32:27,MYOR,RG,1965,47,D,CC,AZ,D
14:32:27,MYOR,RG,1965,40,D,YU,AZ,D
14:32:12,MYOR,RG,1965,2,D,YU,KZ,F
14:32:10,MYOR,RG,1965,3,D,YU,KZ,F
14:32:10,MYOR,RG,1965,1,D,YU,OD,D
14:32:10,MYOR,RG,1965,20,F,ZP,OD,D
14:32:10,MYOR,RG,1965,29,F,ZP,OD,D
14:32:03,MYOR,RG,1965,2,F,ZP,KZ,F
14:32:03,MYOR,RG,1965,17,F,ZP,XC,D
14:32:03,MYOR,RG,1965,1,D,XC,XC,D
14:30:35,MYOR,RG,1965,2,F,AK,KZ,F
14:30:35,MYOR,RG,1965,11,F,AK,KZ,F
14:30:35,MYOR,RG,1965,7,F,AK,KZ,F
14:30:35,MYOR,RG,1965,8,F,AK,KZ,F
14:30:23,MYOR,RG,1965,69,F,ZP,AK,F
14:30:23,MYOR,RG,1965,84,F,ZP,KZ,F
14:30:22,MYOR,RG,1965,26,F,ZP,AK,F
14:30:22,MYOR,RG,1965,79,D,YU,AK,F
14:30:22,MYOR,RG,1965,57,D,CC,AK,F
14:30:22,MYOR,RG,1965,6,D,XL,AK,F
14:30:22,MYOR,RG,1965,1,D,SQ,AK,F
14:30:22,MYOR,RG,1965,22,D,YU,AK,F
14:30:22,MYOR,RG,1965,13,D,DP,AK,F
14:30:21,MYOR,RG,1965,27,D,DP,AK,F
14:30:21,MYOR,RG,1965,1,D,CC,AK,F
14:30:21,MYOR,RG,1965,60,D,AZ,AK,F
14:30:21,MYOR,RG,1965,54,D,YU,AK,F
14:30:21,MYOR,RG,1965,48,D,YU,AK,F
14:30:21,MYOR,RG,1965,14,D,DP,AK,F
14:30:21,MYOR,RG,1965,170,D,DP,AK,F
14:30:21,MYOR,RG,1965,34,F,ZP,AK,F
14:30:21,MYOR,RG,1965,7,F,ZP,KZ,F
14:30:21,MYOR,RG,1965,142,F,ZP,AK,F
14:30:21,MYOR,RG,1965,62,F,ZP,AK,F
14:29:57,MYOR,RG,1965,10,F,ZP,AZ,D
14:29:47,MYOR,RG,1970,58,D,CC,AK,F
14:29:45,MYOR,RG,1965,99,F,ZP,YP,D
14:29:41,MYOR,RG,1965,13,F,ZP,XC,D
14:29:24,MYOR,RG,1965,2,F,ZP,PD,D
14:27:46,MYOR,RG,1965,1,F,ZP,KZ,F
14:27:46,MYOR,RG,1965,7,F,ZP,XC,D
14:27:43,MYOR,RG,1965,2,F,ZP,KZ,F
14:27:43,MYOR,RG,1965,4,D,AI,KZ,F
14:27:41,MYOR,RG,1970,55,D,CC,AK,F
14:26:51,MYOR,RG,1965,13,D,AI,KZ,F
14:26:51,MYOR,RG,1965,3,D,AI,XL,D
14:26:00,MYOR,RG,1965,22,D,YB,KZ,F
14:26:00,MYOR,RG,1965,1,D,YB,KZ,F
14:26:00,MYOR,RG,1965,110,D,YB,AK,F
14:26:00,MYOR,RG,1965,50,D,YB,PD,D
14:26:00,MYOR,RG,1965,1,D,YB,KZ,F
14:26:00,MYOR,RG,1965,5,D,YB,KZ,F
14:25:34,MYOR,RG,1960,200,D,DR,PD,D
14:25:31,MYOR,RG,1960,4,D,DR,PD,D
14:24:26,MYOR,RG,1965,5,D,YP,YB,D
14:24:22,MYOR,RG,1965,8,D,DP,YB,D
14:24:21,MYOR,RG,1960,61,D,DR,KZ,F
14:24:20,MYOR,RG,1960,2,D,DR,AT,D
14:24:19,MYOR,RG,1960,1,D,DR,KZ,F
14:24:19,MYOR,RG,1960,27,D,DR,KZ,F
14:24:19,MYOR,RG,1960,6,D,DR,KZ,F
14:24:18,MYOR,RG,1965,56,D,CC,YB,D
14:24:18,MYOR,RG,1965,46,D,YU,YB,D
14:24:18,MYOR,RG,1965,1,D,CC,YB,D
14:24:18,MYOR,RG,1965,3,D,PD,YB,D
14:24:18,MYOR,RG,1965,10,D,GR,YB,D
14:24:18,MYOR,RG,1965,5,D,NI,YB,D
14:24:18,MYOR,RG,1965,17,D,DP,YB,D
14:24:18,MYOR,RG,1965,111,D,DP,YB,D
14:24:18,MYOR,RG,1965,51,D,YU,YB,D
14:24:18,MYOR,RG,1965,21,D,YU,YB,D
14:24:18,MYOR,RG,1965,45,D,YU,YB,D
14:24:18,MYOR,RG,1965,52,D,YU,YB,D
14:24:18,MYOR,RG,1965,1,D,NI,YB,D
14:24:18,MYOR,RG,1965,1,D,XL,YB,D
14:24:18,MYOR,RG,1965,12,F,ZP,YB,D
14:24:18,MYOR,RG,1965,14,F,ZP,YB,D
14:24:18,MYOR,RG,1965,97,F,ZP,YB,D
14:24:17,MYOR,RG,1970,3,D,XC,AK,F
14:24:13,MYOR,RG,1965,2,F,ZP,AZ,D
14:24:13,MYOR,RG,1965,55,D,YU,AZ,D
14:24:13,MYOR,RG,1965,51,D,YU,AZ,D
14:24:13,MYOR,RG,1965,10,D,DP,AZ,D
14:24:13,MYOR,RG,1965,23,D,YU,AZ,D
14:23:47,MYOR,RG,1970,42,D,DP,AK,F
14:23:39,MYOR,RG,1970,52,D,CC,AK,F
14:22:52,MYOR,RG,1970,50,D,PD,AK,F
14:22:26,MYOR,RG,1965,4,D,YU,XC,D
14:22:12,MYOR,RG,1970,1,D,CC,AK,F
14:21:41,MYOR,RG,1970,1,D,PD,AK,F
14:21:29,MYOR,RG,1970,48,D,CC,AK,F
14:21:00,MYOR,RG,1970,18,D,YU,AK,F
14:21:00,MYOR,RG,1970,5,D,YU,KZ,F
14:21:00,MYOR,RG,1970,91,D,YU,YU,F
14:21:00,MYOR,RG,1970,25,D,YU,YP,D
14:21:00,MYOR,RG,1970,24,D,YU,KZ,F
14:20:37,MYOR,RG,1965,10,D,YU,CC,D
14:20:33,MYOR,RG,1965,2,D,YU,XC,D
14:20:28,MYOR,RG,1970,9,D,DP,KZ,F
14:20:28,MYOR,RG,1970,13,D,DP,YP,D
14:20:14,MYOR,RG,1965,3,D,YU,KZ,F
14:20:14,MYOR,RG,1965,4,D,YU,KZ,F
14:20:14,MYOR,RG,1965,6,D,YU,KZ,F
14:20:10,MYOR,RG,1970,37,D,DP,YP,D
14:20:10,MYOR,RG,1970,19,D,DP,PD,D
14:20:10,MYOR,RG,1970,24,D,DP,PD,D
14:19:57,MYOR,RG,1970,1,D,YP,PD,D
14:19:57,MYOR,RG,1970,9,D,YP,LS,D
14:19:21,MYOR,RG,1970,11,D,CC,LS,D
14:19:21,MYOR,RG,1970,49,D,CC,YP,D
14:19:00,MYOR,RG,1970,45,D,YU,YP,D
14:17:17,MYOR,RG,1970,50,D,CC,YP,D
14:16:52,MYOR,RG,1970,1,D,CC,YP,D
14:16:41,MYOR,RG,1965,1,D,YU,YP,D
14:16:41,MYOR,RG,1965,17,D,DP,YP,D
14:16:41,MYOR,RG,1965,5,D,OD,YP,D
14:16:41,MYOR,RG,1965,25,D,YU,YP,D
14:16:41,MYOR,RG,1965,2,D,YU,YP,D
14:16:10,MYOR,RG,1970,5,D,GR,YP,D
14:16:00,MYOR,RG,1970,21,D,YU,YP,D
14:15:15,MYOR,RG,1970,43,D,CC,YP,D
14:15:15,MYOR,RG,1970,2,D,CC,KZ,F
14:15:15,MYOR,RG,1970,1,D,CC,NI,D
14:15:15,MYOR,RG,1970,10,D,CC,YU,F
14:15:00,MYOR,RG,1970,48,D,YU,YU,F
14:14:39,MYOR,RG,1965,5,D,YU,CC,D
14:14:39,MYOR,RG,1965,1,D,YU,KZ,F
14:14:37,MYOR,RG,1970,2,D,DP,YU,F
14:14:23,MYOR,RG,1970,1,D,DP,YU,F
14:13:38,MYOR,RG,1965,1,D,YU,KZ,F
14:13:36,MYOR,RG,1970,8,D,YP,YU,F
14:13:13,MYOR,RG,1965,2,D,YU,KZ,F
14:13:11,MYOR,RG,1965,4,D,YU,KZ,F
14:13:09,MYOR,RG,1970,54,D,CC,YU,F
14:12:36,MYOR,RG,1970,1,D,XC,YU,F
14:12:19,MYOR,RG,1970,7,D,DP,YU,F
14:12:06,MYOR,RG,1965,1,D,YU,KZ,F
14:12:04,MYOR,RG,1970,2,D,DP,YU,F
14:11:11,MYOR,RG,1965,2,D,YU,KZ,F
14:11:11,MYOR,RG,1965,3,D,YU,KZ,F
14:11:09,MYOR,RG,1970,50,D,CC,YU,F
14:11:06,MYOR,RG,1970,1,D,YP,YU,F
14:11:06,MYOR,RG,1965,8,D,YU,KZ,F
14:11:04,MYOR,RG,1965,10,D,YU,KZ,F
14:11:04,MYOR,RG,1965,27,D,YU,PD,D
14:11:04,MYOR,RG,1965,41,D,YU,PD,D
14:11:04,MYOR,RG,1965,4,D,CC,PD,D
14:11:04,MYOR,RG,1965,87,F,ZP,PD,D
14:11:04,MYOR,RG,1965,24,F,ZP,PD,D
14:11:04,MYOR,RG,1965,24,F,ZP,PD,D
14:11:04,MYOR,RG,1965,54,F,ZP,PD,D
14:11:04,MYOR,RG,1965,1,D,CC,PD,D
14:11:04,MYOR,RG,1965,1,D,XC,PD,D
14:11:04,MYOR,RG,1965,67,D,YU,PD,D
14:11:04,MYOR,RG,1965,47,D,YU,PD,D
14:11:04,MYOR,RG,1965,23,D,YP,PD,D
14:10:03,MYOR,RG,1965,5,D,YP,YP,D
14:09:16,MYOR,RG,1965,15,D,YP,YP,D
14:09:01,MYOR,RG,1970,41,D,CC,YU,F
14:09:01,MYOR,RG,1970,10,D,CC,YB,D
14:08:09,MYOR,RG,1965,6,D,YP,KZ,F
14:07:27,MYOR,RG,1970,1,D,DP,NI,D
14:07:27,MYOR,RG,1970,3,D,DP,BK,F
14:07:01,MYOR,RG,1970,15,D,CC,BK,F
14:07:01,MYOR,RG,1970,5,D,CC,NI,D
14:07:01,MYOR,RG,1970,37,D,CC,KZ,F
14:07:01,MYOR,RG,1965,1,D,YP,KZ,F
14:07:01,MYOR,RG,1965,2,D,AZ,KZ,F
14:07:01,MYOR,RG,1965,19,D,YU,KZ,F
14:06:59,MYOR,RG,1965,3,D,YU,KZ,F
14:06:59,MYOR,RG,1965,13,D,YU,KZ,F
14:06:59,MYOR,RG,1965,1,D,YU,KZ,F
14:06:58,MYOR,RG,1965,5,D,YU,KZ,F
14:06:58,MYOR,RG,1965,7,D,YU,CC,D
14:06:58,MYOR,RG,1965,13,D,DP,CC,D
14:06:58,MYOR,RG,1965,10,D,CC,CC,D
14:06:58,MYOR,RG,1965,57,D,YU,CC,D
14:06:58,MYOR,RG,1965,63,D,YU,CC,D
14:06:58,MYOR,RG,1965,26,F,ZP,CC,D
14:06:58,MYOR,RG,1965,25,F,ZP,CC,D
14:06:58,MYOR,RG,1965,1,D,AZ,CC,D
14:06:58,MYOR,RG,1965,48,D,SQ,CC,D
14:06:46,MYOR,RG,1965,1,D,SQ,NI,D
14:06:26,MYOR,RG,1965,15,D,SQ,YP,D
14:06:24,MYOR,RG,1970,2,D,CC,KZ,F
14:06:12,MYOR,RG,1965,6,D,SQ,KK,D
14:05:17,MYOR,RG,1965,5,D,SQ,YP,D
14:05:10,MYOR,RG,1965,25,D,SQ,XL,D
14:05:10,MYOR,RG,1965,3,D,XC,XL,D
14:05:10,MYOR,RG,1965,4,D,PD,XL,D
14:05:06,MYOR,RG,1970,50,D,YP,AK,F
14:05:01,MYOR,RG,1970,10,D,CC,AK,F
14:05:01,MYOR,RG,1970,45,D,CC,AG,D
14:04:49,MYOR,RG,1970,8,D,DP,AG,D
14:03:45,MYOR,RG,1970,3,D,YB,AG,D
14:03:05,MYOR,RG,1970,53,D,CC,AG,D
14:02:52,MYOR,RG,1965,5,D,PD,KZ,F
14:02:50,MYOR,RG,1965,1,D,PD,KZ,F
14:02:50,MYOR,RG,1965,10,D,PD,CC,D
14:02:50,MYOR,RG,1965,1,D,XC,CC,D
14:02:50,MYOR,RG,1965,10,D,YU,CC,D
14:02:50,MYOR,RG,1965,8,D,XL,CC,D
14:02:50,MYOR,RG,1965,2,D,XL,CC,D
14:02:50,MYOR,RG,1965,10,D,YP,CC,D
14:02:50,MYOR,RG,1965,2,D,XC,CC,D
14:02:50,MYOR,RG,1965,5,D,BQ,CC,D
14:02:50,MYOR,RG,1965,4,D,YB,CC,D
14:02:49,MYOR,RG,1965,1,D,YU,KZ,F
14:02:49,MYOR,RG,1965,7,D,YU,PD,D
14:02:49,MYOR,RG,1965,5,D,YP,PD,D
14:02:46,MYOR,RG,1965,1,D,YP,KZ,F
14:02:46,MYOR,RG,1965,2,D,YP,XC,D
14:01:59,MYOR,RG,1965,3,D,YP,KZ,F
14:01:58,MYOR,RG,1965,18,D,YP,KZ,F
14:01:57,MYOR,RG,1965,1,D,YP,AK,F
14:01:57,MYOR,RG,1965,2,D,YU,AK,F
14:01:56,MYOR,RG,1970,1,D,PD,AG,D
14:01:02,MYOR,RG,1970,1,D,XC,AG,D
14:00:04,MYOR,RG,1970,24,D,DP,AG,D
14:00:03,MYOR,RG,1970,100,D,DP,AG,D
14:00:02,MYOR,RG,1970,24,F,ZP,AG,D
14:00:02,MYOR,RG,1970,11,F,ZP,AG,D
14:00:02,MYOR,RG,1970,30,D,CC,AG,D
13:59:55,MYOR,RG,1970,3,D,CC,KZ,F
13:59:53,MYOR,RG,1970,1,D,CC,KZ,F
13:59:53,MYOR,RG,1970,26,D,CC,PD,D
13:59:53,MYOR,RG,1970,4,D,YU,PD,D
13:59:46,MYOR,RG,1970,21,D,YU,KZ,F
13:59:46,MYOR,RG,1970,1,D,AZ,KZ,F
13:59:46,MYOR,RG,1970,19,D,YU,KZ,F
13:59:44,MYOR,RG,1970,37,D,YU,AK,F
13:59:44,MYOR,RG,1970,52,D,YU,AK,F
13:59:44,MYOR,RG,1970,19,D,DP,AK,F
13:59:44,MYOR,RG,1970,1,D,DP,KZ,F
13:59:43,MYOR,RG,1970,108,D,DP,AK,F
13:59:42,MYOR,RG,1970,46,D,DP,AK,F
13:59:42,MYOR,RG,1970,1,D,SQ,AK,F
13:59:42,MYOR,RG,1970,51,D,DP,AK,F
13:59:42,MYOR,RG,1970,10,D,YU,AK,F
13:59:42,MYOR,RG,1970,7,D,YU,KZ,F
13:59:42,MYOR,RG,1970,43,D,YU,AK,F
13:59:42,MYOR,RG,1970,5,D,XC,AK,F
13:59:42,MYOR,RG,1970,60,F,ZP,AK,F
13:58:24,MYOR,RG,1975,1,D,CC,YP,D
13:58:24,MYOR,RG,1975,11,D,YU,YP,D
13:58:20,MYOR,RG,1975,2,D,YU,KZ,F
13:58:20,MYOR,RG,1975,20,D,YU,CC,F
13:58:06,MYOR,RG,1975,1,D,YU,KZ,F
13:58:06,MYOR,RG,1975,7,D,YU,CC,F
13:57:52,MYOR,RG,1975,19,D,CC,CC,F
13:57:44,MYOR,RG,1975,6,D,CC,CC,F
13:57:34,MYOR,RG,1975,3,D,CC,KZ,F
13:57:34,MYOR,RG,1975,29,D,CC,CC,F
13:57:34,MYOR,RG,1975,29,D,YU,CC,F
13:57:29,MYOR,RG,1975,3,D,YU,YP,D
13:57:28,MYOR,RG,1975,1,D,YU,KZ,F
13:57:26,MYOR,RG,1975,3,D,YU,KZ,F
13:57:25,MYOR,RG,1975,7,D,YU,CC,F
13:57:25,MYOR,RG,1975,50,D,YU,CC,F
13:56:36,MYOR,RG,1975,1,D,CC,AK,F
13:56:36,MYOR,RG,1975,7,D,YU,AK,F
13:56:35,MYOR,RG,1975,17,D,YU,CC,F
13:56:35,MYOR,RG,1975,55,D,CC,CC,F
13:56:35,MYOR,RG,1975,34,D,YU,CC,F
13:56:28,MYOR,RG,1975,12,D,YU,CC,F
13:56:28,MYOR,RG,1975,18,D,CC,CC,F
13:56:22,MYOR,RG,1975,4,D,CC,YP,D
13:55:05,MYOR,RG,1980,4,D,PD,PD,D
13:55:02,MYOR,RG,1975,1,D,CC,XL,D
13:54:43,MYOR,RG,1975,1,D,CC,YP,D
13:54:43,MYOR,RG,1975,13,D,CC,KZ,F
13:54:43,MYOR,RG,1975,16,D,CC,BK,F
13:53:52,MYOR,RG,1970,1,F,ZP,NI,D
13:53:07,MYOR,RG,1970,2,F,ZP,KZ,F
13:53:07,MYOR,RG,1970,12,F,ZP,HP,D
13:52:14,MYOR,RG,1970,10,F,ZP,KZ,F
13:52:14,MYOR,RG,1970,1,D,KK,KZ,F
13:52:14,MYOR,RG,1970,4,F,ZP,KZ,F
13:52:09,MYOR,RG,1970,1,F,ZP,KZ,F
13:52:09,MYOR,RG,1970,4,F,ZP,KZ,F
13:52:09,MYOR,RG,1970,6,F,ZP,KZ,F
13:52:09,MYOR,RG,1970,6,F,ZP,KZ,F
13:52:09,MYOR,RG,1970,2,D,PD,KZ,F
13:52:09,MYOR,RG,1970,2,D,XC,KZ,F
13:52:07,MYOR,RG,1970,1,D,PD,KZ,F
13:52:07,MYOR,RG,1970,2,D,XC,KZ,F
13:52:07,MYOR,RG,1970,1,D,DP,KZ,F
13:52:07,MYOR,RG,1970,5,D,OD,KZ,F
13:52:07,MYOR,RG,1970,1,D,AZ,KZ,F
13:52:07,MYOR,RG,1970,10,D,PD,KZ,F
13:52:07,MYOR,RG,1970,14,D,YU,KZ,F
13:52:05,MYOR,RG,1970,34,D,YU,CC,D
13:52:05,MYOR,RG,1970,5,D,PD,CC,D
13:52:05,MYOR,RG,1970,49,D,YU,CC,D
13:52:05,MYOR,RG,1970,53,D,YU,CC,D
13:52:05,MYOR,RG,1970,47,D,YU,CC,D
13:52:05,MYOR,RG,1970,23,D,DP,CC,D
13:52:05,MYOR,RG,1970,50,D,YU,CC,D
13:52:05,MYOR,RG,1970,45,D,YU,CC,D
13:52:05,MYOR,RG,1970,2,D,XC,CC,D
13:52:05,MYOR,RG,1970,92,D,ZP,CC,D
13:52:00,MYOR,RG,1980,19,D,YU,PD,D
13:52:00,MYOR,RG,1980,23,D,YU,CC,D
13:51:49,MYOR,RG,1975,21,D,YU,CC,F
13:51:49,MYOR,RG,1975,1,D,CC,CC,F
13:51:49,MYOR,RG,1975,74,D,YU,CC,F
13:51:49,MYOR,RG,1975,50,D,CC,CC,F
13:51:49,MYOR,RG,1975,5,D,GR,CC,F
13:50:15,MYOR,RG,1980,26,D,PD,CC,D
13:50:07,MYOR,RG,1975,59,D,YU,CC,F
13:49:55,MYOR,RG,1975,3,D,NI,CC,F
13:49:55,MYOR,RG,1975,19,D,CC,CC,F
13:49:46,MYOR,RG,1975,29,D,CC,CC,F
13:49:46,MYOR,RG,1975,2,D,NI,CC,F
13:49:39,MYOR,RG,1980,1,D,PD,CC,D
13:49:39,MYOR,RG,1980,4,D,PD,DR,D
13:49:39,MYOR,RG,1980,1,D,PD,YB,D
13:49:39,MYOR,RG,1980,1,D,PD,NI,D
13:49:39,MYOR,RG,1980,1,D,PD,PD,D
13:49:39,MYOR,RG,1980,2,D,PD,AG,D
13:49:31,MYOR,RG,1975,30,F,ZP,NI,D
13:48:36,MYOR,RG,1980,47,D,CC,AG,D
13:48:34,MYOR,RG,1975,5,D,CC,YP,D
13:48:34,MYOR,RG,1975,5,D,YP,YP,D
13:48:00,MYOR,RG,1975,14,D,YU,BK,F
13:48:00,MYOR,RG,1975,5,D,YU,CC,D
13:48:00,MYOR,RG,1975,10,D,YU,DR,D
13:48:00,MYOR,RG,1975,4,D,YU,KZ,F
13:48:00,MYOR,RG,1975,5,D,YU,KZ,F
13:48:00,MYOR,RG,1975,23,D,YU,KZ,F
13:48:00,MYOR,RG,1975,39,D,YU,BK,F
13:48:00,MYOR,RG,1975,3,D,YU,AK,F
13:48:00,MYOR,RG,1975,44,D,YU,AK,F
13:47:50,MYOR,RG,1970,44,D,ZP,KZ,F
13:47:50,MYOR,RG,1970,200,D,ZP,PD,D
13:47:00,MYOR,RG,1975,70,D,YU,AK,F
13:47:00,MYOR,RG,1975,41,D,YU,DR,D
13:46:39,MYOR,RG,1975,5,D,YP,DR,D
13:46:31,MYOR,RG,1975,1,D,XC,DR,D
13:45:55,MYOR,RG,1975,3,D,YU,DR,D
13:45:54,MYOR,RG,1975,17,D,YU,AK,F
13:45:54,MYOR,RG,1975,1,D,CC,AK,F
13:45:54,MYOR,RG,1975,58,D,CC,AK,F
13:45:54,MYOR,RG,1975,42,F,ZP,AK,F
13:45:02,MYOR,RG,1980,1,D,CC,AG,D
13:44:55,MYOR,RG,1980,38,D,CC,AG,D
13:44:43,MYOR,RG,1980,7,D,PD,AG,D
13:44:31,MYOR,RG,1980,49,D,CC,AG,D
13:44:28,MYOR,RG,1975,5,D,CC,EP,D
13:44:24,MYOR,RG,1970,4,D,ZP,EP,D
13:43:56,MYOR,RG,1970,5,D,ZP,GR,D
13:43:32,MYOR,RG,1970,1,D,ZP,XL,D
13:43:21,MYOR,RG,1975,3,D,XC,EP,D
13:42:50,MYOR,RG,1975,22,F,ZP,EP,D
13:42:50,MYOR,RG,1975,8,F,ZP,KZ,F
13:42:26,MYOR,RG,1975,8,D,CC,KZ,F
13:42:26,MYOR,RG,1975,6,D,CC,EP,D
13:42:26,MYOR,RG,1975,24,D,CC,XC,D
13:42:26,MYOR,RG,1975,1,D,CC,PD,D
13:42:26,MYOR,RG,1975,4,D,CC,EP,D
13:42:26,MYOR,RG,1975,16,D,CC,BK,F
13:41:28,MYOR,RG,1975,1,D,CC,BK,F
13:40:18,MYOR,RG,1975,44,D,CC,CC,F
13:40:18,MYOR,RG,1975,1,D,CC,KZ,F
13:40:18,MYOR,RG,1975,1,D,CC,KZ,F
13:40:18,MYOR,RG,1975,2,D,CC,CC,D
13:40:18,MYOR,RG,1975,4,D,CC,YU,F
13:39:48,MYOR,RG,1975,1,D,CC,YU,F
13:39:13,MYOR,RG,1970,20,D,ZP,DH,D
13:38:16,MYOR,RG,1975,5,D,YB,YU,F
13:38:11,MYOR,RG,1975,33,F,ZP,YU,F
13:38:10,MYOR,RG,1975,21,D,CC,YU,F
13:38:10,MYOR,RG,1975,2,D,CC,CC,D
13:38:10,MYOR,RG,1975,3,D,CC,YP,D
13:38:10,MYOR,RG,1975,9,D,CC,EP,D
13:38:10,MYOR,RG,1975,11,D,CC,KZ,F
13:38:10,MYOR,RG,1975,2,D,CC,SQ,D
13:38:02,MYOR,RG,1970,134,D,ZP,PD,D
13:38:02,MYOR,RG,1970,45,F,ZP,PD,D
13:38:02,MYOR,RG,1970,44,D,YU,PD,D
13:38:02,MYOR,RG,1970,55,D,YU,PD,D
13:38:02,MYOR,RG,1970,61,D,YU,PD,D
13:38:02,MYOR,RG,1970,5,D,PD,PD,D
13:38:02,MYOR,RG,1970,56,D,DP,PD,D
13:37:59,MYOR,RG,1975,20,D,GR,SQ,D
13:36:10,MYOR,RG,1975,27,D,CC,SQ,D
13:36:10,MYOR,RG,1975,23,D,CC,KZ,F
13:36:10,MYOR,RG,1975,2,D,CC,AK,F
13:35:22,MYOR,RG,1975,6,D,PD,AK,F
13:35:16,MYOR,RG,1970,30,D,DP,KK,D
13:35:16,MYOR,RG,1970,41,F,ZP,KK,D
13:35:16,MYOR,RG,1970,5,D,YP,KK,D
13:35:16,MYOR,RG,1970,14,D,DP,KK,D
13:35:15,MYOR,RG,1975,6,D,PD,AK,F
13:34:08,MYOR,RG,1970,1,D,DP,AK,F
13:34:07,MYOR,RG,1975,6,F,ZP,AK,F
13:34:07,MYOR,RG,1975,33,F,ZP,XC,D
13:34:06,MYOR,RG,1970,2,D,DP,AK,F
13:34:06,MYOR,RG,1975,29,D,CC,XC,D
13:34:06,MYOR,RG,1975,2,D,CC,XC,D
13:34:06,MYOR,RG,1975,10,D,CC,EP,D
13:34:06,MYOR,RG,1975,2,D,CC,XC,D
13:34:06,MYOR,RG,1975,1,D,CC,XC,D
13:34:06,MYOR,RG,1975,13,D,CC,KK,D
13:34:00,MYOR,RG,1970,2,D,DP,AK,F
13:34:00,MYOR,RG,1975,7,D,YU,KK,D
13:34:00,MYOR,RG,1975,1,D,YU,PD,D
13:34:00,MYOR,RG,1975,1,D,YU,EP,D
13:34:00,MYOR,RG,1975,10,D,YU,EP,D
13:34:00,MYOR,RG,1975,2,D,YU,EP,D
13:34:00,MYOR,RG,1975,9,D,YU,YU,F
13:34:00,MYOR,RG,1975,15,D,YU,BK,F
13:30:41,MYOR,RG,1970,4,D,DP,CC,F
13:30:41,MYOR,RG,1970,12,D,DP,CC,F
13:30:33,MYOR,RG,1970,10,D,DP,CC,F
13:30:31,MYOR,RG,1970,1,D,DP,AK,F
13:30:31,MYOR,RG,1975,2,D,XL,BK,F
13:30:30,MYOR,RG,1970,1,D,DP,XC,D
13:30:27,MYOR,RG,1970,7,D,DP,YB,D
13:30:18,MYOR,RG,1970,48,D,DP,CC,F
13:30:07,MYOR,RG,1970,2,D,DP,AK,F
13:30:06,MYOR,RG,1975,1,D,XL,BK,F
13:30:06,MYOR,RG,1975,2,D,XL,AK,F
13:30:06,MYOR,RG,1975,5,D,XL,AK,F
13:30:05,MYOR,RG,1975,19,F,ZP,AK,F
13:30:05,MYOR,RG,1975,1,F,ZP,YP,D
13:30:05,MYOR,RG,1975,5,F,ZP,EP,D
13:30:05,MYOR,RG,1975,4,F,ZP,PD,D
13:30:05,MYOR,RG,1975,11,F,ZP,KZ,F
13:30:05,MYOR,RG,1970,1,D,DP,AK,F
13:30:05,MYOR,RG,1975,15,D,YP,KZ,F
13:30:05,MYOR,RG,1970,4,D,DP,AK,F
13:30:05,MYOR,RG,1970,1,D,XC,AK,F
13:30:05,MYOR,RG,1970,5,D,BQ,AK,F
13:30:04,MYOR,RG,1975,2,D,CC,KZ,F
13:30:04,MYOR,RG,1975,2,D,CC,KZ,F
13:30:03,MYOR,RG,1975,29,D,YU,KZ,F
13:30:03,MYOR,RG,1975,27,D,YU,YP,D
13:30:03,MYOR,RG,1975,45,D,YU,YP,D
13:30:02,MYOR,RG,1975,25,D,CC,YP,D
13:30:02,MYOR,RG,1975,49,D,YU,YP,D
13:30:02,MYOR,RG,1975,1,D,EP,YP,D
13:30:01,MYOR,RG,1975,1,D,XC,YP,D
13:30:01,MYOR,RG,1975,1,D,XC,YP,D
13:30:01,MYOR,RG,1975,2,D,PD,YP,D
13:30:01,MYOR,RG,1975,1,D,PD,YP,D
13:30:01,MYOR,RG,1970,5,D,XC,AZ,D
13:30:01,MYOR,RG,1975,2,D,PD,YP,D
13:30:01,MYOR,RG,1975,3,D,PD,YP,D
13:30:01,MYOR,RG,1970,5,D,XC,KK,D
13:30:01,MYOR,RG,1975,5,D,PD,YP,D
13:30:01,MYOR,RG,1975,25,D,PD,YP,D
13:30:01,MYOR,RG,1975,2,D,PD,YP,D
11:29:59,MYOR,RG,1975,9,D,CC,YP,D
11:28:47,MYOR,RG,1970,1,D,EP,CC,F
11:28:47,MYOR,RG,1970,1,D,CC,CC,F
11:28:47,MYOR,RG,1970,24,D,CC,CC,F
11:28:40,MYOR,RG,1970,26,D,CC,CC,F
11:28:40,MYOR,RG,1970,19,D,DP,CC,F
11:28:40,MYOR,RG,1970,62,D,DP,CC,F
11:28:33,MYOR,RG,1970,18,D,CC,CC,F
11:28:30,MYOR,RG,1975,68,D,YU,YP,D
11:28:30,MYOR,RG,1975,31,D,YU,YP,D
11:28:30,MYOR,RG,1975,7,D,YU,YP,D
11:28:30,MYOR,RG,1970,1,D,YU,AK,F
11:28:30,MYOR,RG,1970,5,D,YU,KZ,F
11:28:30,MYOR,RG,1970,3,D,YU,AK,F
11:28:30,MYOR,RG,1970,4,D,YU,CC,F
11:28:30,MYOR,RG,1970,23,D,YU,GR,D
11:27:45,MYOR,RG,1970,1,D,CC,GR,D
11:27:37,MYOR,RG,1970,20,D,PD,GR,D
11:27:21,MYOR,RG,1970,11,D,CC,GR,D
11:27:21,MYOR,RG,1970,1,D,CC,YP,D
11:27:21,MYOR,RG,1970,1,D,CC,YP,D
11:27:21,MYOR,RG,1970,7,D,CC,KZ,F
11:27:21,MYOR,RG,1970,1,D,CC,AK,F
11:27:21,MYOR,RG,1970,16,D,CC,SQ,D
11:27:21,MYOR,RG,1970,20,D,CC,AK,F
11:26:41,MYOR,RG,1970,1,D,PD,AK,F
11:25:17,MYOR,RG,1970,9,D,CC,AK,F
11:25:17,MYOR,RG,1970,2,D,CC,NI,D
11:25:17,MYOR,RG,1970,9,D,CC,XA,D
11:25:17,MYOR,RG,1970,14,D,CC,KZ,F
11:25:17,MYOR,RG,1970,15,D,CC,AK,F
11:24:05,MYOR,RG,1970,4,D,XL,AK,F
11:23:55,MYOR,RG,1970,1,D,XC,AK,F
11:23:19,MYOR,RG,1970,1,D,XC,AK,F
11:23:13,MYOR,RG,1970,55,D,CC,AK,F
11:23:13,MYOR,RG,1970,8,D,DP,AK,F
11:23:13,MYOR,RG,1970,24,D,DP,AK,F
11:23:13,MYOR,RG,1970,4,D,DP,AK,F
11:23:13,MYOR,RG,1970,6,D,DP,AK,F
11:23:13,MYOR,RG,1970,1,D,DP,YP,D
11:22:31,MYOR,RG,1970,1,D,CC,AK,F
11:21:05,MYOR,RG,1970,7,D,CC,AK,F
11:21:05,MYOR,RG,1970,44,D,CC,KZ,F
11:19:18,MYOR,RG,1965,1,D,DP,PD,D
11:19:13,MYOR,RG,1965,2,D,DP,PD,D
11:19:01,MYOR,RG,1965,1,D,CC,KZ,F
11:19:01,MYOR,RG,1965,16,D,CC,BK,F
11:19:01,MYOR,RG,1965,12,D,CC,KZ,F
11:18:49,MYOR,RG,1960,1,D,YU,NI,D
11:17:35,MYOR,RG,1960,5,D,YU,PD,D
11:16:19,MYOR,RG,1960,1,D,YU,KZ,F
11:16:17,MYOR,RG,1965,10,D,XC,AK,F
11:16:13,MYOR,RG,1960,6,D,YU,KZ,F
11:16:11,MYOR,RG,1960,4,D,YU,KZ,F
11:16:11,MYOR,RG,1960,20,D,YU,KZ,F
11:16:09,MYOR,RG,1960,19,D,YU,CC,D
11:16:09,MYOR,RG,1960,1,D,XC,CC,D
11:16:09,MYOR,RG,1960,1,D,PD,CC,D
11:16:09,MYOR,RG,1960,10,D,KK,CC,D
11:16:09,MYOR,RG,1960,1,D,NI,CC,D
11:16:09,MYOR,RG,1960,1,D,XC,CC,D
11:16:09,MYOR,RG,1960,1,D,XC,CC,D
11:16:09,MYOR,RG,1960,10,D,YP,CC,D
11:16:09,MYOR,RG,1960,3,D,PD,CC,D
11:16:09,MYOR,RG,1960,1,D,XC,CC,D
11:16:09,MYOR,RG,1960,1,D,YP,CC,D
11:16:09,MYOR,RG,1960,360,D,DR,CC,D
11:16:09,MYOR,RG,1965,47,D,CC,CC,D
11:16:09,MYOR,RG,1965,34,D,YU,CC,D
11:16:09,MYOR,RG,1965,31,D,YU,CC,D
11:16:09,MYOR,RG,1965,1,D,CC,CC,D
11:16:09,MYOR,RG,1965,78,D,CC,CC,D
11:16:07,MYOR,RG,1970,1,D,DP,KZ,F
11:15:01,MYOR,RG,1970,3,D,XC,KZ,F
11:14:51,MYOR,RG,1970,26,D,CC,KZ,F
11:14:51,MYOR,RG,1970,17,D,CC,BK,F
11:14:51,MYOR,RG,1970,1,D,CC,AK,F
11:13:49,MYOR,RG,1970,1,D,DP,AK,F
11:13:43,MYOR,RG,1965,1,D,CC,KZ,F
11:13:41,MYOR,RG,1970,3,D,DP,AK,F
11:13:40,MYOR,RG,1965,3,D,CC,XC,D
11:13:22,MYOR,RG,1965,2,D,CC,KZ,F
11:13:22,MYOR,RG,1965,15,D,CC,AK,F
11:13:22,MYOR,RG,1965,1,D,CC,AK,F
11:12:32,MYOR,RG,1965,2,D,NI,AK,F
11:12:11,MYOR,RG,1965,2,D,CC,AK,F
11:12:11,MYOR,RG,1965,8,D,CC,KZ,F
11:11:57,MYOR,RG,1965,1,D,XC,KZ,F
11:11:27,MYOR,RG,1965,10,D,CC,KZ,F
11:11:23,MYOR,RG,1965,1,D,DP,KZ,F
11:11:23,MYOR,RG,1965,3,D,DP,KZ,F
11:11:16,MYOR,RG,1965,50,D,CC,AK,F
11:11:16,MYOR,RG,1965,19,D,YU,AK,F
11:11:16,MYOR,RG,1965,40,D,YU,AK,F
11:11:16,MYOR,RG,1965,1,D,NI,AK,F
11:11:16,MYOR,RG,1965,2,D,AT,AK,F
11:11:16,MYOR,RG,1965,20,D,YU,AK,F
11:11:16,MYOR,RG,1965,31,D,YU,AK,F
11:11:16,MYOR,RG,1965,4,D,YU,KZ,F
11:11:16,MYOR,RG,1965,2,D,YU,KZ,F
11:11:16,MYOR,RG,1965,12,D,YU,KZ,F
11:11:15,MYOR,RG,1965,1,D,YU,KZ,F
11:11:15,MYOR,RG,1965,23,D,YU,AK,F
11:11:15,MYOR,RG,1965,10,D,YB,AK,F
11:11:15,MYOR,RG,1965,2,D,XC,AK,F
11:11:15,MYOR,RG,1965,10,D,KK,AK,F
11:11:15,MYOR,RG,1965,6,D,YU,AK,F
11:11:10,MYOR,RG,1965,29,D,YU,PD,D
11:11:10,MYOR,RG,1965,32,D,YU,PD,D
11:11:10,MYOR,RG,1965,34,D,YU,PD,D
11:11:10,MYOR,RG,1965,31,D,YU,PD,D
11:11:10,MYOR,RG,1965,74,D,EP,PD,D
11:10:49,MYOR,RG,1970,1,D,CC,CC,F
11:10:49,MYOR,RG,1970,7,D,CC,CC,F
11:10:41,MYOR,RG,1970,20,D,CC,YP,D
11:10:41,MYOR,RG,1970,1,D,CC,AK,F
11:10:41,MYOR,RG,1970,2,D,CC,KZ,F
11:10:41,MYOR,RG,1970,1,D,CC,YP,D
11:10:41,MYOR,RG,1970,7,D,CC,AK,F
11:10:41,MYOR,RG,1970,1,D,CC,KZ,F
11:10:41,MYOR,RG,1970,11,D,CC,CC,F
11:10:00,MYOR,RG,1970,3,D,YU,CC,F
11:10:00,MYOR,RG,1970,16,D,YU,KZ,F
11:10:00,MYOR,RG,1970,14,D,YU,AK,F
11:09:18,MYOR,RG,1970,1,D,NI,AK,F
11:09:00,MYOR,RG,1970,6,D,YU,AK,F
11:09:00,MYOR,RG,1970,1,D,YU,AK,F
11:09:00,MYOR,RG,1970,24,D,YU,PD,D
11:08:39,MYOR,RG,1970,50,D,CC,PD,D
11:08:00,MYOR,RG,1970,32,D,YU,PD,D
11:06:07,MYOR,RG,1970,1,D,XL,PD,D
11:05:42,MYOR,RG,1970,11,D,DP,PD,D
11:05:42,MYOR,RG,1970,37,D,DP,PD,D
11:05:42,MYOR,RG,1970,45,D,CC,PD,D
11:05:23,MYOR,RG,1970,14,D,CC,PD,D
11:05:23,MYOR,RG,1970,5,D,PD,PD,D
11:05:23,MYOR,RG,1970,1,D,CC,PD,D
11:05:18,MYOR,RG,1970,3,D,DP,YP,D
11:05:13,MYOR,RG,1970,7,D,DP,YP,D
11:05:13,MYOR,RG,1970,3,D,DP,YP,D
11:04:35,MYOR,RG,1970,35,D,DP,CC,F
11:04:35,MYOR,RG,1970,17,D,YU,CC,F
11:04:29,MYOR,RG,1970,1,D,YU,AK,F
11:04:29,MYOR,RG,1975,47,D,CC,YP,D
11:04:19,MYOR,RG,1970,4,D,YU,CC,D
11:04:01,MYOR,RG,1970,1,D,XC,AK,F
11:04:00,MYOR,RG,1975,71,D,YU,YP,D
11:02:29,MYOR,RG,1970,1,D,YU,AK,F
11:02:29,MYOR,RG,1975,44,D,CC,YP,D
11:02:05,MYOR,RG,1970,5,D,YU,PD,D
11:02:05,MYOR,RG,1970,7,D,CC,PD,D
11:02:03,MYOR,RG,1975,32,D,XL,YP,D
11:01:35,MYOR,RG,1970,4,D,CC,XL,D
11:01:00,MYOR,RG,1970,1,D,CC,AK,F
11:01:00,MYOR,RG,1975,2,D,YU,YP,D
11:01:00,MYOR,RG,1975,1,D,YU,KZ,F
11:01:00,MYOR,RG,1975,5,D,YU,YP,D
11:01:00,MYOR,RG,1975,25,D,YU,KZ,F
11:01:00,MYOR,RG,1975,2,D,YU,AK,F
11:01:00,MYOR,RG,1975,2,D,YU,AK,F
11:01:00,MYOR,RG,1975,4,D,YU,AK,F
11:01:00,MYOR,RG,1975,12,D,YU,PD,D
11:01:00,MYOR,RG,1975,5,D,YU,YP,D
11:01:00,MYOR,RG,1975,1,D,YU,DR,D
11:01:00,MYOR,RG,1975,5,D,YU,XC,D
11:01:00,MYOR,RG,1975,8,D,YU,DH,D
11:00:21,MYOR,RG,1970,1,D,CC,AK,F
11:00:21,MYOR,RG,1975,7,D,CC,DH,D
11:00:21,MYOR,RG,1975,1,D,CC,DR,D
11:00:21,MYOR,RG,1975,30,D,CC,BQ,D
11:00:11,MYOR,RG,1970,5,D,CC,PD,D
10:59:01,MYOR,RG,1970,6,D,CC,BS,D
10:59:01,MYOR,RG,1970,1,D,CC,BS,D
10:59:01,MYOR,RG,1970,3,D,YP,BS,D
10:58:23,MYOR,RG,1975,2,D,CC,BQ,D
10:58:20,MYOR,RG,1970,1,D,YP,AK,F
10:58:19,MYOR,RG,1975,11,D,CC,BQ,D
10:58:19,MYOR,RG,1975,10,D,CC,YP,D
10:58:19,MYOR,RG,1975,2,D,CC,PD,D
10:58:19,MYOR,RG,1975,17,D,CC,BK,F
10:58:19,MYOR,RG,1975,11,D,CC,AK,F
10:58:12,MYOR,RG,1975,1,D,AT,AK,F
10:57:21,MYOR,RG,1970,4,D,CC,PD,D
10:57:01,MYOR,RG,1970,1,D,CC,AK,F
10:57:01,MYOR,RG,1975,44,D,YU,AK,F
10:57:01,MYOR,RG,1975,15,D,YU,AK,F
10:57:00,MYOR,RG,1970,4,D,YU,CC,F
10:57:00,MYOR,RG,1970,20,D,YU,CC,F
10:57:00,MYOR,RG,1970,1,D,YU,KZ,F
10:57:00,MYOR,RG,1970,2,D,YU,AK,F
10:57:00,MYOR,RG,1970,8,D,YU,AK,F
10:56:03,MYOR,RG,1970,2,D,NI,AK,F
10:56:03,MYOR,RG,1970,35,D,YU,AK,F
10:55:38,MYOR,RG,1970,17,D,NI,CC,F
10:55:17,MYOR,RG,1970,1,D,XL,CC,F
10:54:46,MYOR,RG,1970,52,D,CC,CC,F
10:54:46,MYOR,RG,1970,1,D,CC,CC,F
10:54:46,MYOR,RG,1970,19,D,DP,CC,F
10:54:41,MYOR,RG,1970,3,D,DP,YP,D
10:54:41,MYOR,RG,1970,6,D,DP,YP,D
10:54:36,MYOR,RG,1970,66,D,DP,CC,F
10:54:19,MYOR,RG,1970,4,D,DP,CC,F
10:54:19,MYOR,RG,1970,7,D,DP,CC,F
10:54:09,MYOR,RG,1975,19,D,CC,AK,F
10:54:09,MYOR,RG,1975,3,D,CC,KZ,F
10:54:09,MYOR,RG,1975,1,D,CC,XC,D
10:54:09,MYOR,RG,1975,1,D,CC,CC,D
10:54:09,MYOR,RG,1975,1,D,CC,YP,D
10:54:09,MYOR,RG,1975,1,D,CC,YP,D
10:54:09,MYOR,RG,1975,27,D,CC,KZ,F
10:54:09,MYOR,RG,1975,1,D,CC,YP,D
10:53:51,MYOR,RG,1970,1,D,DP,XC,D
10:53:46,MYOR,RG,1970,1,D,DP,PD,D
10:53:46,MYOR,RG,1970,1,D,DP,YB,D
10:53:46,MYOR,RG,1970,1,D,DP,GR,D
10:53:46,MYOR,RG,1970,4,D,DP,KZ,F
10:53:46,MYOR,RG,1970,20,D,DP,XL,D
10:53:46,MYOR,RG,1970,4,D,DP,BS,D
10:53:46,MYOR,RG,1970,5,D,DP,AK,F
10:53:46,MYOR,RG,1970,6,D,DP,KZ,F
10:53:46,MYOR,RG,1970,3,D,DP,EP,D
10:53:33,MYOR,RG,1965,10,D,EP,XC,D
10:52:34,MYOR,RG,1965,10,D,EP,NI,D
10:52:29,MYOR,RG,1970,5,D,YP,EP,D
10:52:29,MYOR,RG,1970,2,D,YP,XL,D
10:52:29,MYOR,RG,1970,3,D,YP,BK,F
10:52:05,MYOR,RG,1970,13,D,CC,BK,F
10:52:05,MYOR,RG,1970,38,D,CC,KZ,F
10:51:16,MYOR,RG,1970,1,D,CC,KZ,F
10:51:01,MYOR,RG,1965,6,D,EP,KZ,F
10:50:07,MYOR,RG,1965,1,D,XC,XC,D
10:50:03,MYOR,RG,1970,9,D,CC,KZ,F
10:50:03,MYOR,RG,1970,12,D,CC,AK,F
10:50:03,MYOR,RG,1970,31,D,CC,AK,F
10:49:51,MYOR,RG,1965,13,D,XC,KZ,F
10:48:56,MYOR,RG,1970,1,D,YB,AK,F
10:47:55,MYOR,RG,1970,4,D,CC,AK,F
10:47:55,MYOR,RG,1970,53,D,CC,PD,D
10:47:46,MYOR,RG,1965,1,D,XC,XL,D
10:45:56,MYOR,RG,1965,1,D,XC,KZ,F
10:45:56,MYOR,RG,1965,2,D,XC,KZ,F
10:45:56,MYOR,RG,1965,5,D,XC,KZ,F
10:45:54,MYOR,RG,1970,1,D,CC,PD,D
10:45:51,MYOR,RG,1970,47,D,CC,PD,D
10:44:46,MYOR,RG,1965,1,D,XC,XL,D
10:44:33,MYOR,RG,1970,2,D,XC,PD,D
10:43:47,MYOR,RG,1970,48,D,CC,PD,D
10:43:09,MYOR,RG,1965,20,D,XC,CC,D
10:42:39,MYOR,RG,1965,1,D,PD,XC,D
10:41:51,MYOR,RG,1965,3,D,PD,KZ,F
10:41:51,MYOR,RG,1965,2,D,AT,KZ,F
10:41:51,MYOR,RG,1965,9,D,AT,KZ,F
10:41:50,MYOR,RG,1970,100,D,GR,PD,D
10:41:20,MYOR,RG,1970,3,D,DP,PD,D
10:41:20,MYOR,RG,1970,16,D,DP,PD,D
10:41:01,MYOR,RG,1970,41,D,YU,PD,D
10:41:01,MYOR,RG,1970,46,D,YU,PD,D
10:41:01,MYOR,RG,1970,43,D,CC,PD,D
10:40:58,MYOR,RG,1970,2,D,CC,PD,D
10:40:41,MYOR,RG,1970,2,D,XC,PD,D
10:40:41,MYOR,RG,1970,1,D,XC,KZ,F
10:40:41,MYOR,RG,1970,6,D,XC,DH,D
10:40:41,MYOR,RG,1970,1,D,XC,XC,D
10:40:41,MYOR,RG,1970,5,D,XC,KZ,F
10:40:41,MYOR,RG,1970,15,D,XC,KZ,F
10:40:41,MYOR,RG,1970,16,D,XC,BK,F
10:40:41,MYOR,RG,1970,1,D,XC,KZ,F
10:40:41,MYOR,RG,1970,4,D,XC,KZ,F
10:40:41,MYOR,RG,1970,1,D,XC,AK,F
10:40:41,MYOR,RG,1970,2,D,XC,AK,F
10:40:41,MYOR,RG,1970,26,D,XC,CC,D
10:38:25,MYOR,RG,1970,1,D,XC,CC,D
10:38:15,MYOR,RG,1970,47,D,CC,CC,D
10:38:15,MYOR,RG,1970,6,D,XC,CC,D
10:38:15,MYOR,RG,1970,39,D,YU,CC,D
10:38:15,MYOR,RG,1970,43,D,YU,CC,D
10:38:15,MYOR,RG,1970,34,D,YU,CC,D
10:37:49,MYOR,RG,1970,4,D,YU,YP,D
10:36:43,MYOR,RG,1970,2,D,XC,KZ,F
10:36:43,MYOR,RG,1970,5,D,XC,AK,F
10:36:43,MYOR,RG,1970,5,D,XC,KZ,F
10:36:31,MYOR,RG,1970,19,D,DP,CC,F
10:36:31,MYOR,RG,1970,38,D,DP,CC,F
10:36:27,MYOR,RG,1970,9,D,DP,KZ,F
10:36:26,MYOR,RG,1970,1,D,DP,AK,F
10:36:26,MYOR,RG,1970,21,D,DP,AK,F
10:36:25,MYOR,RG,1970,12,D,YP,AK,F
10:36:25,MYOR,RG,1970,4,D,YP,KZ,F
10:36:25,MYOR,RG,1970,4,D,YP,AK,F
10:36:25,MYOR,RG,1970,1,D,CC,AK,F
10:36:25,MYOR,RG,1970,32,D,YU,AK,F
10:36:25,MYOR,RG,1970,16,D,CC,AK,F
10:36:25,MYOR,RG,1970,34,D,CC,AK,F
10:36:25,MYOR,RG,1970,19,D,YU,AK,F
10:36:25,MYOR,RG,1970,7,D,XL,AK,F
10:36:25,MYOR,RG,1970,20,D,JB,AK,F
10:36:25,MYOR,RG,1970,26,D,DP,AK,F
10:36:25,MYOR,RG,1970,45,D,DP,AK,F
10:36:24,MYOR,RG,1970,47,D,DP,PD,D
10:36:24,MYOR,RG,1970,33,D,YU,PD,D
10:36:24,MYOR,RG,1970,43,D,YU,PD,D
10:36:24,MYOR,RG,1970,33,D,YU,PD,D
10:36:24,MYOR,RG,1970,37,D,YU,PD,D
10:36:24,MYOR,RG,1970,6,D,YU,PD,D
10:34:19,MYOR,RG,1975,22,D,YU,CC,F
10:34:19,MYOR,RG,1975,48,D,CC,CC,F
10:34:19,MYOR,RG,1975,35,D,YU,CC,F
10:34:19,MYOR,RG,1975,1,D,CC,CC,F
10:34:16,MYOR,RG,1980,2,D,YU,AG,D
10:34:15,MYOR,RG,1975,2,D,EP,PD,D
10:34:15,MYOR,RG,1975,1,D,EP,KZ,F
10:34:15,MYOR,RG,1975,1,D,EP,AK,F
10:34:15,MYOR,RG,1975,1,D,EP,CC,F
10:33:34,MYOR,RG,1970,2,D,YU,PD,D
10:33:31,MYOR,RG,1975,18,D,CC,CC,F
10:33:31,MYOR,RG,1975,2,D,CC,AK,F
10:33:31,MYOR,RG,1975,1,D,CC,DR,D
10:33:31,MYOR,RG,1975,2,D,CC,DR,D
10:33:31,MYOR,RG,1975,10,D,CC,YP,D
10:33:31,MYOR,RG,1975,3,D,CC,SQ,D
10:33:31,MYOR,RG,1975,2,D,CC,AZ,D
10:33:31,MYOR,RG,1975,4,D,CC,KZ,F
10:33:31,MYOR,RG,1975,2,D,CC,PD,D
10:33:31,MYOR,RG,1975,3,D,CC,XL,D
10:33:29,MYOR,RG,1975,2,D,XC,XL,D
10:33:11,MYOR,RG,1970,2,D,YU,PD,D
10:33:00,MYOR,RG,1970,14,D,YU,KZ,F
10:33:00,MYOR,RG,1970,4,D,YU,AK,F
10:33:00,MYOR,RG,1970,1,D,YU,PD,D
10:33:00,MYOR,RG,1970,2,D,YU,PD,D
10:33:00,MYOR,RG,1970,6,D,YU,KZ,F
10:33:00,MYOR,RG,1970,25,D,YU,LG,D
10:33:00,MYOR,RG,1970,7,D,YU,KZ,F
10:33:00,MYOR,RG,1970,2,D,YU,PD,D
10:33:00,MYOR,RG,1970,18,D,YU,BK,F
10:33:00,MYOR,RG,1970,4,D,YU,AK,F
10:33:00,MYOR,RG,1970,12,D,YU,AK,F
10:33:00,MYOR,RG,1970,38,D,YU,AK,F
10:32:00,MYOR,RG,1970,70,D,YU,AK,F
10:31:27,MYOR,RG,1970,20,D,CC,AK,F
10:31:27,MYOR,RG,1970,1,D,CC,KZ,F
10:31:27,MYOR,RG,1970,10,D,CC,AK,F
10:31:27,MYOR,RG,1970,1,D,CC,AZ,D
10:31:27,MYOR,RG,1970,16,D,CC,KZ,F
10:30:20,MYOR,RG,1970,1,D,CC,KZ,F
10:29:21,MYOR,RG,1970,2,D,CC,KZ,F
10:29:21,MYOR,RG,1970,2,D,CC,KZ,F
10:29:21,MYOR,RG,1970,28,D,CC,KZ,F
10:29:21,MYOR,RG,1970,25,D,CC,YU,F
10:29:15,MYOR,RG,1970,20,D,PD,YU,F
10:28:50,MYOR,RG,1965,2,D,AT,PD,D
10:27:39,MYOR,RG,1970,12,D,DP,YU,F
10:27:13,MYOR,RG,1970,3,D,CC,YU,F
10:27:13,MYOR,RG,1970,20,D,CC,PD,D
10:27:13,MYOR,RG,1970,29,D,CC,IP,D
10:27:04,MYOR,RG,1970,3,D,DP,IP,D
10:26:53,MYOR,RG,1965,2,D,AT,KZ,F
10:26:53,MYOR,RG,1965,2,D,AT,AK,F
10:26:53,MYOR,RG,1965,1,D,AT,AK,F
10:26:53,MYOR,RG,1965,2,D,AT,PD,D
10:25:05,MYOR,RG,1970,18,D,CC,IP,D
10:25:05,MYOR,RG,1970,1,D,CC,XC,D
10:25:05,MYOR,RG,1970,1,D,CC,XC,D
10:25:05,MYOR,RG,1970,2,D,CC,DR,D
10:25:05,MYOR,RG,1970,1,D,CC,PD,D
10:25:05,MYOR,RG,1970,2,D,CC,PD,D
10:25:05,MYOR,RG,1970,2,D,CC,PD,D
10:25:03,MYOR,RG,1965,2,D,CC,PD,D
10:25:03,MYOR,RG,1965,2,D,CC,KZ,F
10:25:03,MYOR,RG,1965,1,D,CC,AK,F
10:25:03,MYOR,RG,1965,3,D,CC,KZ,F
10:25:03,MYOR,RG,1965,13,D,CC,AK,F
10:23:35,MYOR,RG,1965,1,D,DP,AK,F
10:23:35,MYOR,RG,1965,1,D,DP,KZ,F
10:23:35,MYOR,RG,1965,4,D,DP,YP,D
10:23:35,MYOR,RG,1965,1,D,DP,AK,F
10:23:35,MYOR,RG,1965,7,D,DP,CC,D
10:23:34,MYOR,RG,1965,2,D,DP,CC,D
10:23:03,MYOR,RG,1965,16,D,CC,CC,D
10:23:03,MYOR,RG,1965,1,D,CC,AK,F
10:23:03,MYOR,RG,1965,30,D,CC,CC,D
10:23:03,MYOR,RG,1965,4,D,CC,KZ,F
10:22:13,MYOR,RG,1960,8,D,YU,CC,D
10:22:05,MYOR,RG,1960,2,D,YU,KZ,F
10:22:03,MYOR,RG,1960,1,D,YU,KZ,F
10:22:03,MYOR,RG,1960,17,D,YU,YP,D
10:22:03,MYOR,RG,1960,8,D,YU,YP,D
10:22:00,MYOR,RG,1960,1,D,YU,KZ,F
10:22:00,MYOR,RG,1960,6,D,YU,DH,D
10:21:01,MYOR,RG,1960,19,D,YU,KZ,F
10:20:51,MYOR,RG,1960,1,D,CC,KZ,F
10:20:51,MYOR,RG,1960,7,D,CC,KZ,F
10:20:51,MYOR,RG,1965,1,D,XC,KZ,F
10:20:51,MYOR,RG,1965,23,D,XC,PD,D
10:20:50,MYOR,RG,1960,46,D,CC,PD,D
10:20:50,MYOR,RG,1960,19,D,YU,PD,D
10:20:50,MYOR,RG,1960,2,D,IF,PD,D
10:20:50,MYOR,RG,1960,20,D,YB,PD,D
10:20:50,MYOR,RG,1960,2,D,YB,PD,D
10:20:50,MYOR,RG,1960,32,D,YU,PD,D
10:20:50,MYOR,RG,1960,1,D,KK,PD,D
10:20:50,MYOR,RG,1960,33,D,YU,PD,D
10:20:50,MYOR,RG,1960,45,D,DR,PD,D
10:19:54,MYOR,RG,1965,6,D,KI,PD,D
10:19:53,MYOR,RG,1965,5,D,XC,PD,D
10:19:44,MYOR,RG,1965,11,D,CC,PD,D
10:19:12,MYOR,RG,1965,5,D,AT,PD,D
10:19:12,MYOR,RG,1965,4,D,AT,KZ,F
10:19:12,MYOR,RG,1965,17,D,AT,BK,F
10:19:12,MYOR,RG,1965,24,D,AT,AK,F
10:19:06,MYOR,RG,1960,17,D,DR,KZ,F
10:19:06,MYOR,RG,1960,5,D,DR,KZ,F
10:19:06,MYOR,RG,1960,4,D,DR,KZ,F
10:19:04,MYOR,RG,1965,114,D,DP,CC,F
10:19:04,MYOR,RG,1965,1,D,CC,CC,F
10:19:04,MYOR,RG,1965,39,D,YU,CC,F
10:19:04,MYOR,RG,1965,34,D,YU,CC,F
10:19:04,MYOR,RG,1965,2,D,DP,CC,F
10:18:53,MYOR,RG,1970,48,D,CC,PD,D
10:18:51,MYOR,RG,1965,31,D,DP,KZ,F
10:18:51,MYOR,RG,1965,1,D,XL,KZ,F
10:18:49,MYOR,RG,1965,40,D,XL,OD,D
10:18:49,MYOR,RG,1965,2,D,XL,AK,F
10:18:49,MYOR,RG,1965,37,D,XL,AK,F
10:18:49,MYOR,RG,1965,399,D,XL,YU,F
10:18:49,MYOR,RG,1965,87,D,XL,AK,F
10:18:49,MYOR,RG,1965,5,D,XL,KZ,F
10:18:49,MYOR,RG,1965,5,D,XL,XC,D
10:18:49,MYOR,RG,1965,5,D,XL,YP,D
10:18:49,MYOR,RG,1965,10,D,XL,GR,D
10:18:49,MYOR,RG,1965,17,D,XL,KZ,F
10:18:48,MYOR,RG,1960,25,D,DR,AZ,D
10:18:48,MYOR,RG,1960,25,D,DR,YP,D
10:18:31,MYOR,RG,1965,1,D,GR,KZ,F
10:16:47,MYOR,RG,1965,4,D,CC,KZ,F
10:16:47,MYOR,RG,1965,30,D,CC,KK,D
10:16:47,MYOR,RG,1965,18,D,CC,YP,D
10:16:10,MYOR,RG,1960,17,D,DR,BK,F
10:16:10,MYOR,RG,1960,1,D,DR,YP,D
10:16:10,MYOR,RG,1960,1,D,DR,AK,F
10:16:10,MYOR,RG,1960,22,D,DR,AK,F
10:16:10,MYOR,RG,1960,21,D,DR,KZ,F
10:15:33,MYOR,RG,1955,5,D,XC,KZ,F
10:15:33,MYOR,RG,1955,30,D,XC,BK,F
10:15:33,MYOR,RG,1955,13,D,XC,KZ,F
10:15:33,MYOR,RG,1955,5,D,XC,KZ,F
10:15:33,MYOR,RG,1955,2,D,XC,AK,F
10:15:33,MYOR,RG,1955,1,D,XC,AK,F
10:15:33,MYOR,RG,1955,3,D,XC,KZ,F
10:15:33,MYOR,RG,1955,3,D,XC,PD,D
10:14:30,MYOR,RG,1950,1,D,YU,XL,D
10:13:29,MYOR,RG,1950,1,D,YU,KZ,F
10:13:27,MYOR,RG,1955,12,D,AZ,PD,D
10:13:24,MYOR,RG,1955,31,D,XC,PD,D
10:13:23,MYOR,RG,1955,5,D,AZ,PD,D
10:13:23,MYOR,RG,1955,7,D,XC,PD,D
10:13:23,MYOR,RG,1955,45,D,YU,PD,D
10:13:23,MYOR,RG,1955,48,D,CC,PD,D
10:13:23,MYOR,RG,1955,9,D,CC,PD,D
10:13:23,MYOR,RG,1955,1,D,YB,PD,D
10:13:23,MYOR,RG,1955,16,F,BK,PD,D
10:13:23,MYOR,RG,1955,23,D,YU,PD,D
10:13:15,MYOR,RG,1955,3,D,YU,PD,D
10:12:36,MYOR,RG,1955,2,D,YU,YB,D
10:12:30,MYOR,RG,1955,1,D,YU,KZ,F
10:12:30,MYOR,RG,1955,5,D,YU,CC,D
10:12:01,MYOR,RG,1955,11,D,YU,KZ,F
10:11:37,MYOR,RG,1960,38,D,CD,AK,F
10:11:37,MYOR,RG,1960,1,D,CD,AK,F
10:11:37,MYOR,RG,1960,60,D,CD,AK,F
10:11:37,MYOR,RG,1955,1,D,CD,KK,D
10:11:25,MYOR,RG,1955,1,D,YB,KK,D
10:11:25,MYOR,RG,1955,1,D,XC,KK,D
10:11:01,MYOR,RG,1955,10,D,CC,KZ,F
10:10:59,MYOR,RG,1955,1,D,CC,KZ,F
10:10:59,MYOR,RG,1955,32,D,CC,YB,D
10:10:59,MYOR,RG,1955,28,F,BK,YB,D
10:10:59,MYOR,RG,1955,23,D,YU,YB,D
10:10:59,MYOR,RG,1955,17,D,YU,YB,D
10:10:46,MYOR,RG,1955,17,D,YU,KZ,F
10:10:46,MYOR,RG,1955,33,D,YU,KZ,F
10:10:46,MYOR,RG,1955,22,D,YU,KZ,F
10:10:46,MYOR,RG,1955,8,D,YU,KZ,F
10:10:46,MYOR,RG,1955,4,D,YU,KZ,F
10:10:44,MYOR,RG,1960,69,F,BK,AK,F
10:10:44,MYOR,RG,1960,1,D,CC,AK,F
10:10:44,MYOR,RG,1960,99,D,DR,AK,F
10:10:44,MYOR,RG,1960,169,D,DR,AK,F
10:10:43,MYOR,RG,1960,169,D,DR,AK,F
10:10:43,MYOR,RG,1960,137,D,DR,AK,F
10:10:43,MYOR,RG,1960,32,D,DR,AK,F
10:10:43,MYOR,RG,1960,24,D,DR,KZ,F
10:10:41,MYOR,RG,1960,169,D,DR,AK,F
10:10:41,MYOR,RG,1965,52,D,CC,YP,D
10:10:41,MYOR,RG,1965,1,D,CC,DR,D
10:10:41,MYOR,RG,1965,2,D,CC,PD,D
10:10:32,MYOR,RG,1960,134,D,DR,LG,D
10:10:32,MYOR,RG,1960,34,D,YU,LG,D
10:10:32,MYOR,RG,1960,35,D,YU,LG,D
10:10:32,MYOR,RG,1960,41,D,YU,LG,D
10:10:32,MYOR,RG,1960,36,D,YU,LG,D
10:10:32,MYOR,RG,1960,20,D,YU,LG,D
10:10:01,MYOR,RG,1960,1,D,DR,KZ,F
10:10:01,MYOR,RG,1960,10,D,DR,YP,D
10:10:00,MYOR,RG,1955,3,D,DR,AK,F
10:10:00,MYOR,RG,1955,19,D,DR,KZ,F
10:10:00,MYOR,RG,1955,2,D,DR,KZ,F
10:10:00,MYOR,RG,1955,5,D,DR,XC,D
10:09:27,MYOR,RG,1950,15,D,YU,EP,D
10:09:24,MYOR,RG,1955,1,D,XC,XC,D
10:09:05,MYOR,RG,1955,2,D,YP,XC,D
10:09:05,MYOR,RG,1955,3,D,YP,KZ,F
10:09:05,MYOR,RG,1955,2,D,YP,GR,D
10:09:05,MYOR,RG,1955,1,D,YP,AK,F
10:09:05,MYOR,RG,1955,22,D,YP,AK,F
10:08:52,MYOR,RG,1950,2,D,YU,XL,D
10:08:52,MYOR,RG,1950,1,D,YU,PD,D
10:08:50,MYOR,RG,1955,1,D,CC,AK,F
10:08:46,MYOR,RG,1955,5,D,PD,AK,F
10:08:39,MYOR,RG,1955,38,D,CC,AK,F
10:08:39,MYOR,RG,1955,10,D,CC,KZ,F
10:08:38,MYOR,RG,1955,5,D,PD,KZ,F
10:08:00,MYOR,RG,1955,13,D,YU,KZ,F
10:08:00,MYOR,RG,1955,19,D,YU,BK,F
10:08:00,MYOR,RG,1955,1,D,YU,YU,F
10:08:00,MYOR,RG,1955,32,D,YU,YU,F
10:06:54,MYOR,RG,1955,5,D,XL,YU,F
10:06:34,MYOR,RG,1955,1,D,XC,YU,F
10:06:31,MYOR,RG,1955,57,D,CC,YU,F
10:06:04,MYOR,RG,1955,11,D,PD,YU,F
10:06:03,MYOR,RG,1950,1,D,YU,PD,D
10:05:57,MYOR,RG,1955,5,D,NI,YU,F
10:05:48,MYOR,RG,1955,10,D,XC,YU,F
10:05:37,MYOR,RG,1950,3,D,YU,XC,D
10:04:28,MYOR,RG,1955,1,D,XL,YU,F
10:04:27,MYOR,RG,1955,44,D,CC,YU,F
10:04:20,MYOR,RG,1955,5,D,YP,YU,F
10:03:59,MYOR,RG,1955,1,D,PD,YU,F
10:03:46,MYOR,RG,1955,1,D,CC,YU,F
10:02:37,MYOR,RG,1950,11,D,YU,JB,D
10:02:27,MYOR,RG,1955,50,D,CC,YU,F
10:02:22,MYOR,RG,1950,1,D,YU,YB,D
10:01:54,MYOR,RG,1950,1,D,YU,PD,D
10:01:54,MYOR,RG,1950,1,D,YU,KZ,F
10:01:54,MYOR,RG,1950,67,D,YU,KZ,F
10:01:54,MYOR,RG,1950,7,D,YU,KZ,F
10:01:54,MYOR,RG,1950,1,D,YU,PD,D
10:01:54,MYOR,RG,1950,91,D,YU,AK,F
10:01:54,MYOR,RG,1950,281,D,YU,CC,F
10:01:54,MYOR,RG,1950,259,D,YU,CC,F
10:01:54,MYOR,RG,1950,1,D,YU,AK,F
10:01:54,MYOR,RG,1950,14,D,YU,KZ,F
10:01:54,MYOR,RG,1950,14,D,YU,AK,F
10:01:54,MYOR,RG,1950,7,D,YU,AK,F
10:01:54,MYOR,RG,1950,3,D,YU,BK,F
10:01:53,MYOR,RG,1950,16,D,YU,BK,F
10:01:53,MYOR,RG,1950,1,D,YU,PD,D
10:01:53,MYOR,RG,1950,15,D,YU,XC,D
10:01:53,MYOR,RG,1950,18,D,YU,YP,D
10:01:05,MYOR,RG,1945,5,D,YU,XC,D
10:00:31,MYOR,RG,1945,6,D,YU,KZ,F
10:00:29,MYOR,RG,1950,50,D,CC,YP,D
09:59:38,MYOR,RG,1945,4,D,YU,KZ,F
09:59:38,MYOR,RG,1945,36,D,YU,YP,D
09:59:38,MYOR,RG,1945,4,D,YU,YP,D
09:58:49,MYOR,RG,1945,1,D,YU,KZ,F
09:58:49,MYOR,RG,1945,13,D,YU,CC,F
09:58:43,MYOR,RG,1945,12,D,YU,KZ,F
09:58:43,MYOR,RG,1945,112,D,YU,AK,F
09:58:42,MYOR,RG,1945,86,D,YU,CC,F
09:58:42,MYOR,RG,1945,3,D,YU,CC,F
09:58:25,MYOR,RG,1950,32,D,CC,YP,D
09:58:25,MYOR,RG,1950,11,D,CC,KZ,F
09:58:25,MYOR,RG,1950,4,D,CC,AK,F
09:58:22,MYOR,RG,1945,4,D,YU,XC,D
09:58:22,MYOR,RG,1945,23,D,YU,KZ,F
09:58:22,MYOR,RG,1945,1,D,YU,CC,D
09:58:22,MYOR,RG,1945,97,D,YU,AK,F
09:58:22,MYOR,RG,1945,1,D,YU,YP,D
09:58:22,MYOR,RG,1945,44,D,YU,CC,F
09:58:22,MYOR,RG,1945,5,D,YU,CC,F
09:58:22,MYOR,RG,1945,10,D,YU,YB,D
09:58:22,MYOR,RG,1945,10,D,YU,YB,D
09:58:22,MYOR,RG,1945,5,D,YU,AK,F
09:58:22,MYOR,RG,1945,4,D,YU,AK,F
09:58:22,MYOR,RG,1945,2,D,YU,AK,F
09:58:18,MYOR,RG,1940,18,D,ZP,YP,D
09:58:08,MYOR,RG,1945,1,D,PD,KZ,F
09:57:59,MYOR,RG,1945,1,D,NI,KZ,F
09:57:03,MYOR,RG,1945,1,D,XL,KZ,F
09:57:01,MYOR,RG,1940,3,D,ZP,KZ,F
09:57:01,MYOR,RG,1940,1,D,ZP,KZ,F
09:56:54,MYOR,RG,1940,11,D,ZP,KK,D
09:56:38,MYOR,RG,1940,20,D,ZP,XA,D
09:56:38,MYOR,RG,1940,2,D,ZP,KZ,F
09:56:38,MYOR,RG,1940,1,D,ZP,AK,F
09:56:38,MYOR,RG,1940,14,D,ZP,KZ,F
09:56:38,MYOR,RG,1940,6,D,ZP,AK,F
09:56:38,MYOR,RG,1940,1,D,ZP,KZ,F
09:56:38,MYOR,RG,1940,14,D,ZP,YP,D
09:56:27,MYOR,RG,1940,1,D,PD,YP,D
09:56:19,MYOR,RG,1940,18,F,BK,YP,D
09:56:19,MYOR,RG,1940,5,D,DH,YP,D
09:56:19,MYOR,RG,1940,33,D,YU,YP,D
09:56:19,MYOR,RG,1940,5,D,YP,YP,D
09:56:19,MYOR,RG,1940,10,D,YB,YP,D
09:56:19,MYOR,RG,1940,10,D,PD,YP,D
09:56:19,MYOR,RG,1940,1,D,DR,YP,D
09:56:19,MYOR,RG,1940,5,D,AZ,YP,D
09:56:19,MYOR,RG,1940,25,D,YB,YP,D
09:56:19,MYOR,RG,1940,1,D,PD,YP,D
09:56:19,MYOR,RG,1940,1,D,XC,YP,D
09:56:19,MYOR,RG,1940,2,D,YB,YP,D
09:56:19,MYOR,RG,1940,5,D,YP,YP,D
09:56:19,MYOR,RG,1940,3,D,PD,YP,D
09:56:19,MYOR,RG,1940,2,D,GR,YP,D
09:56:19,MYOR,RG,1940,9,D,CC,YP,D
09:56:10,MYOR,RG,1940,1,D,CC,KZ,F
09:56:10,MYOR,RG,1940,2,D,XC,KZ,F
09:56:10,MYOR,RG,1940,60,F,BK,NI,D
09:55:32,MYOR,RG,1940,10,F,BK,PD,D
09:55:27,MYOR,RG,1945,1,D,XC,KZ,F
09:55:20,MYOR,RG,1940,16,F,BK,XC,D
09:55:16,MYOR,RG,1940,1,D,CC,CC,D
09:55:16,MYOR,RG,1940,49,D,CC,CC,D
09:54:48,MYOR,RG,1940,1,D,CC,CC,D
09:54:48,MYOR,RG,1940,5,D,CC,CC,D
09:54:37,MYOR,RG,1940,1,D,PD,AK,F
09:54:37,MYOR,RG,1940,3,D,PD,AK,F
09:54:35,MYOR,RG,1940,1,D,XC,XC,D
09:54:30,MYOR,RG,1940,44,F,AK,XC,D
09:54:30,MYOR,RG,1940,10,F,AK,CC,D
09:54:30,MYOR,RG,1940,2,F,AK,AK,F
09:54:30,MYOR,RG,1940,22,F,AK,KZ,F
09:54:30,MYOR,RG,1940,16,F,AK,BK,F
09:54:30,MYOR,RG,1940,6,F,AK,KZ,F
09:54:30,MYOR,RG,1940,12,F,AK,AK,F
09:54:26,MYOR,RG,1940,2,D,XC,AK,F
09:54:22,MYOR,RG,1940,112,F,AK,AK,F
09:54:16,MYOR,RG,1940,38,F,AK,AK,F
09:54:16,MYOR,RG,1940,5,D,YP,AK,F
09:54:15,MYOR,RG,1940,2,D,XC,AK,F
09:54:06,MYOR,RG,1940,5,D,CC,AK,F
09:54:05,MYOR,RG,1940,2,D,BS,AK,F
09:54:05,MYOR,RG,1940,1,D,XC,AK,F
09:54:02,MYOR,RG,1940,3,D,AZ,AK,F
09:53:57,MYOR,RG,1940,30,D,EP,HP,D
09:53:55,MYOR,RG,1940,3,D,NI,HP,D
09:53:55,MYOR,RG,1940,17,D,PD,HP,D
09:53:55,MYOR,RG,1940,3,D,PD,KZ,F
09:53:55,MYOR,RG,1940,4,D,PD,AK,F
09:53:55,MYOR,RG,1940,1,D,PD,KZ,F
09:53:55,MYOR,RG,1940,1,D,PD,YP,D
09:53:55,MYOR,RG,1940,10,D,PD,YP,D
09:53:55,MYOR,RG,1940,14,D,PD,BK,F
09:53:52,MYOR,RG,1940,4,D,CC,BK,F
09:53:50,MYOR,RG,1940,1,D,XC,BK,F
09:53:47,MYOR,RG,1940,1,D,DH,KZ,F
09:53:47,MYOR,RG,1940,4,D,DH,AK,F
09:53:47,MYOR,RG,1940,1,D,DH,KZ,F
09:53:47,MYOR,RG,1940,4,D,DH,XC,D
09:53:40,MYOR,RG,1940,2,D,YP,XC,D
09:53:28,MYOR,RG,1940,5,D,CC,XC,D
09:53:24,MYOR,RG,1940,2,D,GR,XC,D
09:53:12,MYOR,RG,1940,5,D,PD,XC,D
09:53:11,MYOR,RG,1940,1,D,NI,XC,D
09:53:10,MYOR,RG,1940,2,D,NI,EP,D
09:53:06,MYOR,RG,1940,5,D,NI,KZ,F
09:53:05,MYOR,RG,1940,2,D,NI,KZ,F
09:53:05,MYOR,RG,1940,21,D,LS,KZ,F
09:53:04,MYOR,RG,1940,4,D,LS,PD,D
09:53:04,MYOR,RG,1940,5,D,SQ,PD,D
09:53:04,MYOR,RG,1940,1,D,YP,PD,D
09:53:04,MYOR,RG,1940,2,D,YP,PD,D
09:53:04,MYOR,RG,1940,5,D,DH,PD,D
09:53:04,MYOR,RG,1940,5,D,BQ,PD,D
09:53:04,MYOR,RG,1940,2,D,AZ,PD,D
09:53:04,MYOR,RG,1940,2,D,EP,PD,D
09:53:04,MYOR,RG,1940,32,D,EP,PD,D
09:53:04,MYOR,RG,1940,2,D,YB,PD,D
09:53:04,MYOR,RG,1940,10,D,XC,PD,D
09:53:04,MYOR,RG,1940,3,D,YP,PD,D
09:53:04,MYOR,RG,1940,5,D,YP,PD,D
09:53:04,MYOR,RG,1940,1,D,XC,PD,D
09:53:04,MYOR,RG,1940,1,D,XC,PD,D
09:53:04,MYOR,RG,1940,1,D,PD,PD,D
09:53:04,MYOR,RG,1940,2,D,XC,PD,D
09:53:04,MYOR,RG,1940,2,D,PD,PD,D
09:53:04,MYOR,RG,1940,12,D,YP,PD,D
09:53:04,MYOR,RG,1940,10,D,CC,PD,D
09:53:04,MYOR,RG,1940,2,D,PD,PD,D
09:53:04,MYOR,RG,1940,2,D,XC,PD,D
09:53:04,MYOR,RG,1940,1,D,PD,PD,D
09:53:04,MYOR,RG,1940,2,D,PD,PD,D
09:53:04,MYOR,RG,1940,5,D,NI,PD,D
09:53:04,MYOR,RG,1940,25,D,LG,PD,D
09:53:04,MYOR,RG,1940,3,D,NI,PD,D
09:53:04,MYOR,RG,1940,15,D,EP,PD,D
09:53:04,MYOR,RG,1940,10,D,JB,PD,D
09:53:04,MYOR,RG,1940,5,D,BS,PD,D
09:53:04,MYOR,RG,1940,1,D,CC,PD,D
09:53:04,MYOR,RG,1940,2,D,XL,PD,D
09:53:04,MYOR,RG,1940,20,D,YB,PD,D
09:53:03,MYOR,RG,1945,3,D,XC,BK,F
09:53:01,MYOR,RG,1945,5,D,XC,BK,F
09:52:53,MYOR,RG,1945,6,D,YP,BK,F
09:52:53,MYOR,RG,1945,4,D,YP,KZ,F
09:52:53,MYOR,RG,1940,18,D,YB,BK,F
09:52:53,MYOR,RG,1945,1,D,PD,CC,F
09:52:53,MYOR,RG,1945,8,D,XC,CC,F
09:52:53,MYOR,RG,1945,10,D,CC,CC,F
09:52:53,MYOR,RG,1945,1,D,YP,CC,F
09:52:53,MYOR,RG,1945,36,D,DR,CC,F
09:52:51,MYOR,RG,1945,13,D,DR,KZ,F
09:52:50,MYOR,RG,1945,29,D,DR,KZ,F
09:52:50,MYOR,RG,1945,3,D,YP,KZ,F
09:52:50,MYOR,RG,1945,97,D,YP,AK,F
09:52:50,MYOR,RG,1945,10,D,EP,AK,F
09:52:50,MYOR,RG,1945,1,D,YP,AK,F
09:52:50,MYOR,RG,1945,1,D,YB,AK,F
09:52:50,MYOR,RG,1945,3,D,YP,AK,F
09:52:49,MYOR,RG,1945,2,D,YP,AK,F
09:52:49,MYOR,RG,1945,5,D,XC,AK,F
09:52:49,MYOR,RG,1945,98,D,YU,AK,F
09:52:49,MYOR,RG,1945,7,D,YU,AK,F
09:52:49,MYOR,RG,1945,1,D,YU,XL,D
09:52:48,MYOR,RG,1945,5,D,YU,KZ,F
09:52:48,MYOR,RG,1945,63,D,YU,AK,F
09:52:48,MYOR,RG,1945,49,D,YU,AK,F
09:52:46,MYOR,RG,1945,2,D,YU,KZ,F
09:52:46,MYOR,RG,1945,2,D,YU,KZ,F
09:52:46,MYOR,RG,1945,5,D,YU,YP,D
09:52:46,MYOR,RG,1945,2,D,YU,YP,D
09:52:46,MYOR,RG,1945,10,D,YU,YP,D
09:52:46,MYOR,RG,1945,1,D,PD,YP,D
09:52:46,MYOR,RG,1945,3,D,XC,YP,D
09:52:46,MYOR,RG,1945,2,D,XC,YP,D
09:52:46,MYOR,RG,1945,1,D,KK,YP,D
09:52:45,MYOR,RG,1945,29,D,KK,AK,F
09:52:45,MYOR,RG,1945,10,D,CC,AK,F
09:52:45,MYOR,RG,1945,1,D,XC,AK,F
09:52:45,MYOR,RG,1945,1,D,GR,AK,F
09:52:45,MYOR,RG,1945,8,D,EP,AK,F
09:52:45,MYOR,RG,1945,10,D,PD,AK,F
09:52:45,MYOR,RG,1945,2,D,CC,AK,F
09:52:45,MYOR,RG,1945,5,D,YP,AK,F
09:52:45,MYOR,RG,1945,2,D,GR,AK,F
09:52:45,MYOR,RG,1945,1,D,XL,AK,F
09:52:45,MYOR,RG,1945,10,D,YP,AK,F
09:52:45,MYOR,RG,1945,2,D,XC,AK,F
09:52:45,MYOR,RG,1945,5,D,PD,AK,F
09:52:45,MYOR,RG,1945,1,D,XC,AK,F
09:52:45,MYOR,RG,1945,1,D,XL,AK,F
09:52:45,MYOR,RG,1945,24,D,AZ,AK,F
09:52:45,MYOR,RG,1945,16,D,AZ,BK,F
09:52:45,MYOR,RG,1945,57,D,AZ,KZ,F
09:52:43,MYOR,RG,1950,1,D,XC,AK,F
09:52:43,MYOR,RG,1950,1,D,PD,AK,F
09:52:43,MYOR,RG,1950,5,D,PD,AK,F
09:52:43,MYOR,RG,1950,20,D,YB,AK,F
09:52:43,MYOR,RG,1950,10,D,KK,AK,F
09:52:43,MYOR,RG,1950,3,D,YP,AK,F
09:52:43,MYOR,RG,1950,10,D,YP,AK,F
09:52:43,MYOR,RG,1950,1,D,YP,AK,F
09:52:43,MYOR,RG,1950,15,D,XL,AK,F
09:52:43,MYOR,RG,1950,10,D,YU,AK,F
09:52:43,MYOR,RG,1950,10,D,YB,AK,F
09:52:43,MYOR,RG,1950,20,D,GR,AK,F
09:52:43,MYOR,RG,1950,10,D,YP,AK,F
09:52:43,MYOR,RG,1950,10,D,PD,AK,F
09:52:43,MYOR,RG,1950,2,D,YP,AK,F
09:52:43,MYOR,RG,1950,20,D,PD,AK,F
09:52:43,MYOR,RG,1950,1,D,PD,AK,F
09:52:43,MYOR,RG,1950,20,D,YP,AK,F
09:52:43,MYOR,RG,1950,1,D,XC,AK,F
09:52:43,MYOR,RG,1950,100,D,OD,AK,F
09:52:43,MYOR,RG,1950,50,D,CC,AK,F
09:52:43,MYOR,RG,1950,1,D,EP,AK,F
09:52:43,MYOR,RG,1950,1,D,XC,AK,F
09:52:43,MYOR,RG,1950,3,D,DR,AK,F
09:52:43,MYOR,RG,1950,1,D,CC,AK,F
09:52:43,MYOR,RG,1950,20,D,PD,AK,F
09:52:43,MYOR,RG,1950,4,D,XL,AK,F
09:52:43,MYOR,RG,1950,1,D,DH,AK,F
09:52:43,MYOR,RG,1950,5,D,PD,AK,F
09:52:43,MYOR,RG,1950,2,D,KK,AK,F
09:52:43,MYOR,RG,1950,2,D,PD,AK,F
09:52:43,MYOR,RG,1950,1,D,AZ,AK,F
09:52:43,MYOR,RG,1950,1,D,XC,AK,F
09:52:43,MYOR,RG,1950,5,D,YP,AK,F
09:52:43,MYOR,RG,1950,25,D,YP,AK,F
09:52:43,MYOR,RG,1950,1,D,XC,AK,F
09:52:43,MYOR,RG,1950,2,D,XC,AK,F
09:52:43,MYOR,RG,1950,2,D,LG,AK,F
09:52:43,MYOR,RG,1950,23,D,LG,AK,F
09:52:43,MYOR,RG,1950,50,D,YP,AK,F
09:52:43,MYOR,RG,1950,2,D,EP,AK,F
09:52:43,MYOR,RG,1950,1,D,XC,AK,F
09:52:43,MYOR,RG,1950,36,D,YU,AK,F
09:52:42,MYOR,RG,1950,122,D,YU,KZ,F
09:52:41,MYOR,RG,1950,70,D,YU,AK,F
09:52:41,MYOR,RG,1950,42,D,YU,AK,F
09:52:41,MYOR,RG,1950,112,D,YU,AK,F
09:52:40,MYOR,RG,1955,51,D,CC,AK,F
09:52:40,MYOR,RG,1955,1,D,PD,AK,F
09:52:40,MYOR,RG,1955,1,D,YP,AK,F
09:52:40,MYOR,RG,1955,5,D,XC,AK,F
09:52:40,MYOR,RG,1955,38,D,YU,AK,F
09:52:40,MYOR,RG,1955,34,D,YU,AK,F
09:52:40,MYOR,RG,1955,55,D,GR,AK,F
09:52:40,MYOR,RG,1955,147,D,YP,AK,F
09:52:40,MYOR,RG,1955,9,D,YP,KZ,F
09:52:40,MYOR,RG,1955,276,D,YP,YP,D
09:52:40,MYOR,RG,1955,6,D,XC,YP,D
09:52:40,MYOR,RG,1955,6,D,CC,YP,D
09:52:40,MYOR,RG,1955,11,D,XC,YP,D
09:52:40,MYOR,RG,1955,1,D,CC,YP,D
09:52:40,MYOR,RG,1955,9,D,YU,YP,D
09:52:40,MYOR,RG,1955,33,D,YU,YP,D
09:52:40,MYOR,RG,1955,36,D,YU,YP,D
09:52:40,MYOR,RG,1955,36,D,YU,YP,D
09:52:40,MYOR,RG,1955,1,D,PD,YP,D
09:52:40,MYOR,RG,1955,60,D,PD,YP,D
09:52:40,MYOR,RG,1955,7,D,XL,YP,D
09:52:40,MYOR,RG,1955,5,D,YB,YP,D
09:52:40,MYOR,RG,1955,10,D,PD,YP,D
09:52:40,MYOR,RG,1955,50,D,YP,YP,D
09:52:40,MYOR,RG,1955,203,D,DR,YP,D
09:52:24,MYOR,RG,1960,3,D,XC,AK,F
09:52:14,MYOR,RG,1960,13,D,CC,AK,F
09:52:14,MYOR,RG,1960,3,D,CC,XC,D
09:52:14,MYOR,RG,1960,3,D,CC,XC,D
09:52:14,MYOR,RG,1960,16,D,CC,KZ,F
09:52:14,MYOR,RG,1960,10,D,CC,CC,F
09:51:41,MYOR,RG,1955,14,D,DR,KZ,F
09:51:41,MYOR,RG,1955,5,D,DR,KZ,F
09:51:36,MYOR,RG,1960,101,D,DR,CC,F
09:51:36,MYOR,RG,1960,79,D,DR,AK,F
09:51:36,MYOR,RG,1960,27,D,DR,KZ,F
09:51:36,MYOR,RG,1960,8,D,DR,AK,F
09:51:36,MYOR,RG,1960,29,D,DR,AK,F
09:51:36,MYOR,RG,1960,19,D,DR,BK,F
09:51:36,MYOR,RG,1960,3,D,DR,GR,D
09:51:36,MYOR,RG,1960,1,D,DR,YU,F
09:51:36,MYOR,RG,1960,115,D,DR,YP,D
09:51:32,MYOR,RG,1960,4,D,XL,YP,D
09:50:50,MYOR,RG,1960,1,D,XL,YP,D
09:50:39,MYOR,RG,1960,1,D,PD,YP,D
09:50:35,MYOR,RG,1960,3,D,KK,YP,D
09:50:16,MYOR,RG,1960,49,D,CC,YP,D
09:50:09,MYOR,RG,1955,13,D,DR,KZ,F
09:50:09,MYOR,RG,1955,112,D,DR,AK,F
09:50:08,MYOR,RG,1955,12,D,DR,KZ,F
09:50:08,MYOR,RG,1955,112,D,DR,AK,F
09:50:08,MYOR,RG,1955,12,D,DR,KZ,F
09:50:08,MYOR,RG,1955,112,D,DR,AK,F
09:50:07,MYOR,RG,1955,13,D,DR,KZ,F
09:50:07,MYOR,RG,1955,112,D,DR,AK,F
09:50:05,MYOR,RG,1955,14,D,DR,KZ,F
09:50:03,MYOR,RG,1960,5,D,DR,YP,D
09:50:03,MYOR,RG,1960,72,D,DR,YP,D
09:50:03,MYOR,RG,1960,36,D,DR,BK,F
09:50:03,MYOR,RG,1960,6,D,DR,CC,F
09:50:03,MYOR,RG,1960,10,D,DR,AK,F
09:50:03,MYOR,RG,1960,26,D,DR,KZ,F
09:50:03,MYOR,RG,1960,85,D,DR,AK,F
09:50:03,MYOR,RG,1960,91,D,DR,AK,F
09:50:03,MYOR,RG,1960,53,D,DR,AK,F
09:47:46,MYOR,RG,1955,24,D,DR,KZ,F
09:47:45,MYOR,RG,1955,31,D,DR,KZ,F
09:47:45,MYOR,RG,1955,112,D,DR,AK,F
09:47:44,MYOR,RG,1955,99,D,DR,AK,F
09:47:44,MYOR,RG,1955,2,D,YP,AK,F
09:47:44,MYOR,RG,1955,11,D,XC,AK,F
09:47:43,MYOR,RG,1960,5,D,OD,AK,F
09:47:43,MYOR,RG,1960,10,D,YB,AK,F
09:47:43,MYOR,RG,1960,1,D,XC,AK,F
09:47:43,MYOR,RG,1960,44,D,DR,AK,F
09:47:43,MYOR,RG,1960,212,D,DR,PD,D
09:47:43,MYOR,RG,1960,35,D,DR,KZ,F
09:47:43,MYOR,RG,1960,318,D,DR,PD,D
09:47:16,MYOR,RG,1960,1,D,DR,KZ,F
09:47:16,MYOR,RG,1960,2,D,DR,KZ,F
09:47:15,MYOR,RG,1960,48,D,DR,KZ,F
09:47:13,MYOR,RG,1960,48,D,DR,AK,F
09:47:13,MYOR,RG,1960,10,D,XC,AK,F
09:47:13,MYOR,RG,1960,50,D,CC,AK,F
09:47:13,MYOR,RG,1960,4,D,DR,AK,F
09:47:13,MYOR,RG,1960,112,D,DR,AK,F
09:47:13,MYOR,RG,1960,112,D,DR,AK,F
09:47:13,MYOR,RG,1960,22,D,DR,AK,F
09:47:13,MYOR,RG,1960,1,D,YP,AK,F
09:47:13,MYOR,RG,1960,38,D,YU,AK,F
09:47:13,MYOR,RG,1960,37,D,YU,AK,F
09:47:13,MYOR,RG,1960,14,D,YU,AK,F
09:47:12,MYOR,RG,1960,19,D,YU,AK,F
09:47:12,MYOR,RG,1960,40,D,YU,AK,F
09:47:12,MYOR,RG,1960,33,D,YU,AK,F
09:47:12,MYOR,RG,1960,20,D,YU,AK,F
09:46:51,MYOR,RG,1965,16,F,BK,CC,F
09:46:51,MYOR,RG,1965,55,D,CC,CC,F
09:46:51,MYOR,RG,1965,20,D,XC,CC,F
09:46:51,MYOR,RG,1965,24,D,MG,CC,F
09:46:47,MYOR,RG,1965,2,D,MG,PD,D
09:46:47,MYOR,RG,1965,7,D,MG,KZ,F
09:46:47,MYOR,RG,1965,55,D,MG,CC,F
09:46:47,MYOR,RG,1965,6,D,MG,KZ,F
09:46:47,MYOR,RG,1965,1,D,MG,DR,D
09:46:47,MYOR,RG,1965,1,D,MG,AK,F
09:46:47,MYOR,RG,1965,4,D,MG,AK,F
09:46:34,MYOR,RG,1965,1,D,XC,AK,F
09:46:29,MYOR,RG,1965,19,D,XC,KZ,F
09:46:29,MYOR,RG,1965,7,D,XC,YP,D
09:46:01,MYOR,RG,1965,3,D,CC,YP,D
09:46:01,MYOR,RG,1965,2,D,CC,PD,D
09:46:01,MYOR,RG,1965,50,D,CC,PD,D
09:45:41,MYOR,RG,1960,1,D,YU,XL,D
09:44:49,MYOR,RG,1960,13,D,YU,KZ,F
09:44:47,MYOR,RG,1960,1,F,AK,YU,F
09:44:47,MYOR,RG,1960,40,F,AK,AK,F
09:44:47,MYOR,RG,1960,16,F,AK,BK,F
09:44:47,MYOR,RG,1960,153,F,AK,GR,D
09:44:47,MYOR,RG,1960,163,D,DR,GR,D
09:44:47,MYOR,RG,1960,100,D,DR,TP,D
09:44:47,MYOR,RG,1960,45,D,DR,KZ,F
09:44:47,MYOR,RG,1960,88,D,DR,NI,D
09:44:17,MYOR,RG,1955,2,D,XC,KZ,F
09:44:17,MYOR,RG,1955,3,D,XC,AK,F
09:44:17,MYOR,RG,1955,2,D,XC,AK,F
09:44:17,MYOR,RG,1955,5,D,XC,KZ,F
09:44:17,MYOR,RG,1955,7,D,XC,PD,D
09:44:15,MYOR,RG,1955,10,D,DH,PD,D
09:43:58,MYOR,RG,1955,76,D,YB,PD,D
09:43:58,MYOR,RG,1955,15,D,FS,PD,D
09:43:58,MYOR,RG,1955,1,D,EP,PD,D
09:43:58,MYOR,RG,1955,5,D,YB,PD,D
09:43:58,MYOR,RG,1955,1,D,YP,PD,D
09:43:58,MYOR,RG,1955,2,D,YP,PD,D
09:43:58,MYOR,RG,1955,9,D,XA,PD,D
09:43:58,MYOR,RG,1955,15,D,KK,PD,D
09:43:58,MYOR,RG,1955,25,D,XA,PD,D
09:43:58,MYOR,RG,1955,1,D,XC,PD,D
09:43:58,MYOR,RG,1955,1,D,CC,PD,D
09:43:58,MYOR,RG,1955,15,F,BK,PD,D
09:43:58,MYOR,RG,1955,17,D,YU,PD,D
09:43:56,MYOR,RG,1960,50,D,CC,NI,D
09:43:46,MYOR,RG,1960,2,D,YP,NI,D
09:43:44,MYOR,RG,1960,2,D,XC,NI,D
09:43:39,MYOR,RG,1960,10,D,DH,NI,D
09:43:31,MYOR,RG,1960,6,D,DH,NI,D
09:43:18,MYOR,RG,1960,2,D,YP,NI,D
09:43:00,MYOR,RG,1955,7,D,YU,AK,F
09:43:00,MYOR,RG,1955,20,D,YU,YP,D
09:43:00,MYOR,RG,1955,1,D,YU,KZ,F
09:43:00,MYOR,RG,1955,25,D,YU,PD,D
09:43:00,MYOR,RG,1955,11,D,YU,KZ,F
09:43:00,MYOR,RG,1955,25,D,YU,KZ,F
09:43:00,MYOR,RG,1955,1,D,YU,AK,F
09:43:00,MYOR,RG,1955,7,D,YU,BK,F
09:42:59,MYOR,RG,1955,9,D,ZP,BK,F
09:42:59,MYOR,RG,1955,1,D,ZP,AK,F
09:42:53,MYOR,RG,1955,20,D,PD,AK,F
09:42:40,MYOR,RG,1955,5,D,ZP,AK,F
09:42:40,MYOR,RG,1955,5,D,ZP,YU,F
09:42:35,MYOR,RG,1955,2,D,YP,YU,F
09:42:29,MYOR,RG,1955,1,D,CC,YU,F
09:42:25,MYOR,RG,1955,4,D,XL,YU,F
09:42:13,MYOR,RG,1955,3,D,CC,YU,F
09:42:02,MYOR,RG,1955,2,D,LS,YU,F
09:42:00,MYOR,RG,1955,34,D,YU,YU,F
09:41:59,MYOR,RG,1955,5,D,AZ,YU,F
09:41:58,MYOR,RG,1950,8,D,YU,KZ,F
09:41:56,MYOR,RG,1950,2,D,YU,KZ,F
09:41:52,MYOR,RG,1955,51,D,CC,YU,F
09:41:49,MYOR,RG,1955,1,D,CC,YU,F
09:41:47,MYOR,RG,1955,5,D,YP,YU,F
09:41:21,MYOR,RG,1955,2,D,PD,YU,F
09:41:14,MYOR,RG,1955,3,D,NI,YU,F
09:41:11,MYOR,RG,1955,5,D,YB,YU,F
09:41:07,MYOR,RG,1955,3,D,NI,YU,F
09:41:05,MYOR,RG,1950,5,D,YU,KZ,F
09:41:05,MYOR,RG,1950,1,D,YU,CC,D
09:41:02,MYOR,RG,1955,41,D,XC,YU,F
09:40:29,MYOR,RG,1955,5,D,YP,YU,F
09:40:21,MYOR,RG,1950,10,D,YU,KK,D
09:40:20,MYOR,RG,1955,6,D,XC,YU,F
09:39:53,MYOR,RG,1950,8,D,YU,KZ,F
09:39:51,MYOR,RG,1955,25,D,XL,YU,F
09:39:51,MYOR,RG,1950,1,D,YU,KZ,F
09:39:50,MYOR,RG,1955,47,D,CC,YU,F
09:39:14,MYOR,RG,1955,2,D,XC,YU,F
09:39:11,MYOR,RG,1955,2,D,DH,YU,F
09:39:07,MYOR,RG,1955,2,D,PD,YU,F
09:39:01,MYOR,RG,1955,3,D,XC,YU,F
09:38:36,MYOR,RG,1955,1,D,PD,YU,F
09:38:22,MYOR,RG,1950,24,D,YU,KZ,F
09:38:21,MYOR,RG,1950,5,D,YU,KZ,F
09:38:20,MYOR,RG,1955,220,D,AZ,YU,F
09:38:16,MYOR,RG,1955,43,D,CD,YU,F
09:38:16,MYOR,RG,1955,2,D,CD,KZ,F
09:38:16,MYOR,RG,1955,2,D,CD,KZ,F
09:38:16,MYOR,RG,1955,3,D,CD,PD,D
09:38:14,MYOR,RG,1955,5,D,XC,PD,D
09:38:09,MYOR,RG,1955,1,D,PD,PD,D
09:38:03,MYOR,RG,1955,1,D,XC,PD,D
09:38:00,MYOR,RG,1955,10,D,YP,PD,D
09:37:52,MYOR,RG,1955,20,D,PD,PD,D
09:37:52,MYOR,RG,1955,3,D,PD,XC,D
09:37:52,MYOR,RG,1955,15,D,PD,KZ,F
09:37:52,MYOR,RG,1955,2,D,PD,KZ,F
09:37:52,MYOR,RG,1955,2,D,PD,KZ,F
09:37:52,MYOR,RG,1955,5,D,PD,AK,F
09:37:52,MYOR,RG,1955,14,D,PD,AK,F
09:37:52,MYOR,RG,1955,109,D,PD,YP,D
09:37:43,MYOR,RG,1955,5,D,YP,YP,D
09:37:35,MYOR,RG,1955,3,D,XC,YP,D
09:37:22,MYOR,RG,1955,5,D,PD,YP,D
09:37:22,MYOR,RG,1955,14,D,XC,YP,D
09:37:22,MYOR,RG,1955,1,D,CC,YP,D
09:37:22,MYOR,RG,1955,49,D,CC,YP,D
09:37:22,MYOR,RG,1955,40,D,YU,YP,D
09:37:22,MYOR,RG,1955,24,D,YU,YP,D
09:37:19,MYOR,RG,1955,15,D,YU,CC,D
09:37:19,MYOR,RG,1955,73,D,YB,CC,D
09:36:51,MYOR,RG,1955,1,D,YB,AK,F
09:36:51,MYOR,RG,1955,1,D,YB,KZ,F
09:36:45,MYOR,RG,1955,8,D,XC,KZ,F
09:36:45,MYOR,RG,1955,13,D,XC,AK,F
09:36:45,MYOR,RG,1955,15,D,XC,BK,F
09:36:45,MYOR,RG,1955,20,D,XC,KK,D
09:36:45,MYOR,RG,1955,23,D,XC,PD,D
09:36:35,MYOR,RG,1955,2,D,XC,PD,D
09:36:34,MYOR,RG,1955,8,D,XL,PD,D
09:36:31,MYOR,RG,1955,1,D,YB,PD,D
09:36:29,MYOR,RG,1955,20,D,YP,PD,D
09:36:27,MYOR,RG,1955,1,D,XC,PD,D
09:36:24,MYOR,RG,1955,1,D,XC,PD,D
09:36:18,MYOR,RG,1955,4,D,YB,PD,D
09:36:08,MYOR,RG,1955,1,D,PD,PD,D
09:36:00,MYOR,RG,1955,31,D,YU,PD,D
09:36:00,MYOR,RG,1955,4,D,YU,YB,D
09:35:52,MYOR,RG,1955,1,D,CC,YB,D
09:35:52,MYOR,RG,1955,10,D,CC,YB,D
09:35:52,MYOR,RG,1955,1,D,CC,AK,F
09:35:52,MYOR,RG,1955,29,D,CC,KZ,F
09:35:52,MYOR,RG,1955,1,D,CC,AK,F
09:34:43,MYOR,RG,1950,12,D,YU,KZ,F
09:34:41,MYOR,RG,1950,1,D,YU,KZ,F
09:34:41,MYOR,RG,1950,1,D,YU,KZ,F
09:34:36,MYOR,RG,1955,16,D,YB,AK,F
09:34:36,MYOR,RG,1955,84,D,YB,CC,D
09:34:29,MYOR,RG,1955,6,D,XC,CC,D
09:34:22,MYOR,RG,1950,5,D,YU,CC,D
09:34:21,MYOR,RG,1950,10,D,YU,XC,D
09:34:19,MYOR,RG,1955,1,D,AZ,CC,D
09:33:56,MYOR,RG,1950,5,D,YU,KZ,F
09:33:56,MYOR,RG,1950,1,D,YU,KZ,F
09:33:52,MYOR,RG,1955,45,D,CC,CC,D
09:33:02,MYOR,RG,1955,10,D,YP,CC,D
09:33:01,MYOR,RG,1955,1,D,CC,CC,D
09:32:53,MYOR,RG,1955,50,D,EP,CC,D
09:32:47,MYOR,RG,1955,1,D,AZ,CC,D
09:32:38,MYOR,RG,1955,2,D,XL,CC,D
09:32:38,MYOR,RG,1955,1,D,XL,KZ,F
09:32:38,MYOR,RG,1955,1,D,XL,KZ,F
09:32:38,MYOR,RG,1955,16,D,XL,HP,D
09:32:16,MYOR,RG,1955,10,D,YB,HP,D
09:31:59,MYOR,RG,1955,6,D,XC,HP,D
09:31:50,MYOR,RG,1955,37,D,CC,HP,D
09:31:50,MYOR,RG,1955,1,D,CC,KZ,F
09:31:50,MYOR,RG,1955,1,D,CC,AK,F
09:31:50,MYOR,RG,1955,2,D,CC,AK,F
09:31:50,MYOR,RG,1955,1,D,CC,AZ,D
09:31:50,MYOR,RG,1955,4,D,CC,KZ,F
09:30:56,MYOR,RG,1955,3,D,NI,KZ,F
09:30:55,MYOR,RG,1955,4,D,XL,KZ,F
09:30:50,MYOR,RG,1955,6,F,AK,KZ,F
09:30:50,MYOR,RG,1950,30,D,YU,DH,D
09:30:22,MYOR,RG,1950,1,D,YU,XC,D
09:30:17,MYOR,RG,1950,9,D,YU,DH,D
09:30:17,MYOR,RG,1950,1,D,YU,DH,D
09:30:12,MYOR,RG,1950,2,D,YU,CC,D
09:29:54,MYOR,RG,1950,10,D,YU,DH,D
09:29:50,MYOR,RG,1950,5,D,YU,YB,D
09:29:50,MYOR,RG,1950,12,D,YU,BK,F
09:29:50,MYOR,RG,1950,5,D,YU,BK,F
09:29:50,MYOR,RG,1950,1,D,YU,KZ,F
09:29:50,MYOR,RG,1950,19,D,YU,KZ,F
09:29:50,MYOR,RG,1950,1,D,YU,AK,F
09:29:50,MYOR,RG,1950,39,D,YU,AK,F
09:29:50,MYOR,RG,1950,114,D,YU,YP,D
09:29:49,MYOR,RG,1950,1,D,PD,YP,D
09:29:45,MYOR,RG,1950,8,D,AZ,YP,D
09:29:34,MYOR,RG,1945,7,D,AZ,KZ,F
09:29:32,MYOR,RG,1950,55,D,XC,YP,D
09:29:12,MYOR,RG,1945,1,D,AZ,XC,D
09:29:03,MYOR,RG,1945,5,D,AZ,KZ,F
09:29:01,MYOR,RG,1945,3,D,AZ,KZ,F
09:28:56,MYOR,RG,1950,1,D,CC,YP,D
09:28:56,MYOR,RG,1950,47,D,CC,YP,D
09:28:56,MYOR,RG,1950,24,D,AZ,YP,D
09:28:35,MYOR,RG,1950,18,D,AZ,XC,D
09:28:35,MYOR,RG,1950,2,D,AZ,YP,D
09:28:32,MYOR,RG,1950,1,D,AZ,KZ,F
09:28:32,MYOR,RG,1950,1,D,AZ,XC,D
09:28:32,MYOR,RG,1950,2,D,AZ,AK,F
09:28:32,MYOR,RG,1950,7,D,AZ,KZ,F
09:28:32,MYOR,RG,1950,11,D,AZ,AK,F
09:28:32,MYOR,RG,1950,34,D,AZ,PD,D
09:28:21,MYOR,RG,1945,2,D,AZ,KZ,F
09:28:21,MYOR,RG,1945,1,D,AZ,KZ,F
09:28:19,MYOR,RG,1950,5,D,PD,PD,D
09:28:17,MYOR,RG,1950,10,D,KK,PD,D
09:28:03,MYOR,RG,1950,1,D,XL,PD,D
09:27:17,MYOR,RG,1945,1,D,AZ,XL,D
09:27:12,MYOR,RG,1950,2,D,XC,PD,D
09:27:05,MYOR,RG,1945,8,D,AZ,KZ,F
09:27:05,MYOR,RG,1945,1,D,XC,KZ,F
09:27:05,MYOR,RG,1945,5,D,XC,KZ,F
09:27:05,MYOR,RG,1945,5,D,YB,KZ,F
09:27:05,MYOR,RG,1945,21,D,YB,KZ,F
09:27:03,MYOR,RG,1950,5,D,XC,PD,D
09:27:02,MYOR,RG,1950,4,D,XC,PD,D
09:27:02,MYOR,RG,1950,280,D,XC,PD,D
09:27:02,MYOR,RG,1950,3,D,EP,PD,D
09:27:02,MYOR,RG,1950,1,D,CC,PD,D
09:27:02,MYOR,RG,1950,5,D,DH,PD,D
09:27:02,MYOR,RG,1950,1,D,XC,PD,D
09:27:02,MYOR,RG,1950,4,D,PD,PD,D
09:27:02,MYOR,RG,1950,3,D,PD,PD,D
09:27:02,MYOR,RG,1950,2,D,XC,PD,D
09:27:02,MYOR,RG,1950,1,D,CC,PD,D
09:27:02,MYOR,RG,1950,57,D,CC,PD,D
09:27:02,MYOR,RG,1950,20,D,XA,PD,D
09:27:02,MYOR,RG,1950,75,D,GR,PD,D
09:26:54,MYOR,RG,1950,2,D,GR,YP,D
09:26:12,MYOR,RG,1950,2,D,GR,AK,F
09:26:12,MYOR,RG,1950,6,D,GR,AK,F
09:26:12,MYOR,RG,1950,5,D,GR,YB,D
09:26:12,MYOR,RG,1950,10,D,GR,KZ,F
09:25:59,MYOR,RG,1945,8,D,YB,KZ,F
09:25:57,MYOR,RG,1950,5,D,XC,KZ,F
09:25:56,MYOR,RG,1950,68,D,YB,AK,F
09:25:56,MYOR,RG,1950,1,D,YB,AK,F
09:25:56,MYOR,RG,1950,10,D,YB,AK,F
09:25:56,MYOR,RG,1950,37,D,YB,BK,F
09:25:46,MYOR,RG,1945,1,D,YB,KZ,F
09:25:46,MYOR,RG,1945,1,D,DH,KZ,F
09:25:46,MYOR,RG,1945,1,D,PD,KZ,F
09:25:45,MYOR,RG,1945,1,D,PD,KZ,F
09:25:45,MYOR,RG,1945,1,D,XC,KZ,F
09:25:45,MYOR,RG,1945,17,D,YU,BK,F
09:25:45,MYOR,RG,1945,1,D,YU,KZ,F
09:25:43,MYOR,RG,1945,1,D,YU,KZ,F
09:25:43,MYOR,RG,1945,16,D,YU,BK,F
09:25:43,MYOR,RG,1945,8,D,YU,BK,F
09:25:41,MYOR,RG,1945,20,D,YU,KK,D
09:24:57,MYOR,RG,1945,14,D,YU,KZ,F
09:24:55,MYOR,RG,1950,3,D,YP,AK,F
09:24:55,MYOR,RG,1950,3,D,PD,AK,F
09:24:55,MYOR,RG,1950,5,D,PD,AK,F
09:24:55,MYOR,RG,1950,10,D,CC,AK,F
09:24:55,MYOR,RG,1950,47,D,CC,AK,F
09:24:55,MYOR,RG,1950,32,D,YU,AK,F
09:24:55,MYOR,RG,1950,4,D,YU,KZ,F
09:24:55,MYOR,RG,1950,5,D,YU,KZ,F
09:24:55,MYOR,RG,1950,27,D,YU,AK,F
09:24:55,MYOR,RG,1950,85,D,YU,AK,F
09:24:43,MYOR,RG,1950,10,D,YU,KZ,F
09:24:41,MYOR,RG,1950,1,D,YU,KZ,F
09:24:38,MYOR,RG,1955,76,D,AZ,CC,F
09:24:38,MYOR,RG,1955,2,D,AZ,AK,F
09:24:38,MYOR,RG,1955,2,D,AZ,AK,F
09:24:38,MYOR,RG,1955,5,D,AZ,YP,D
09:24:32,MYOR,RG,1955,5,D,XL,YP,D
09:24:28,MYOR,RG,1950,1,D,YU,KZ,F
09:24:28,MYOR,RG,1950,1,D,YU,TP,D
09:24:28,MYOR,RG,1950,5,D,YU,TP,D
09:24:24,MYOR,RG,1955,90,D,AZ,YP,D
09:24:24,MYOR,RG,1955,6,D,AZ,KK,D
09:24:24,MYOR,RG,1955,4,D,AZ,KZ,F
09:24:24,MYOR,RG,1955,25,D,AZ,YP,D
09:24:08,MYOR,RG,1950,1,D,YU,KZ,F
09:24:08,MYOR,RG,1950,18,D,YU,BK,F
09:24:08,MYOR,RG,1950,6,D,YU,AK,F
09:24:08,MYOR,RG,1950,29,D,YU,AK,F
09:24:08,MYOR,RG,1950,10,D,YU,YP,D
09:24:08,MYOR,RG,1950,7,D,YU,KZ,F
09:24:08,MYOR,RG,1950,14,D,YU,KZ,F
09:24:08,MYOR,RG,1950,44,D,YU,AK,F
09:24:08,MYOR,RG,1950,10,D,YU,AK,F
09:24:08,MYOR,RG,1950,2,D,YU,AK,F
09:23:46,MYOR,RG,1945,5,D,AZ,YB,D
09:23:41,MYOR,RG,1945,16,D,AZ,KZ,F
09:23:41,MYOR,RG,1945,6,F,BK,KZ,F
09:23:39,MYOR,RG,1950,87,D,YU,AK,F
09:23:39,MYOR,RG,1950,11,D,YU,XC,D
09:23:39,MYOR,RG,1950,4,D,YU,XC,D
09:23:39,MYOR,RG,1950,1,D,YU,AK,F
09:23:39,MYOR,RG,1950,7,D,YU,AK,F
09:23:39,MYOR,RG,1950,19,D,YU,BK,F
09:23:39,MYOR,RG,1950,10,D,YU,YP,D
09:23:39,MYOR,RG,1950,5,D,YU,DH,D
09:23:39,MYOR,RG,1950,30,D,YU,PD,D
09:23:39,MYOR,RG,1950,30,D,YU,PD,D
09:23:39,MYOR,RG,1950,5,D,YU,KZ,F
09:23:39,MYOR,RG,1950,23,D,YU,YP,D
09:23:39,MYOR,RG,1950,10,D,YU,YP,D
09:23:39,MYOR,RG,1950,2,D,YU,YP,D
09:23:36,MYOR,RG,1945,2,F,BK,KZ,F
09:23:34,MYOR,RG,1950,2,D,XL,YP,D
09:23:33,MYOR,RG,1945,1,F,BK,KZ,F
09:23:33,MYOR,RG,1945,18,F,BK,PD,D
09:23:33,MYOR,RG,1945,7,D,CC,PD,D
09:23:12,MYOR,RG,1945,3,D,CC,KK,D
09:23:09,MYOR,RG,1950,1,D,XC,YP,D
09:23:00,MYOR,RG,1945,1,D,CC,KZ,F
09:23:00,MYOR,RG,1945,5,D,CC,YB,D
09:22:43,MYOR,RG,1945,26,D,CC,KZ,F
09:22:41,MYOR,RG,1945,3,D,CC,KZ,F
09:22:41,MYOR,RG,1945,120,D,CC,PD,D
09:22:41,MYOR,RG,1945,35,D,CC,PD,D
09:22:41,MYOR,RG,1945,1,D,YP,PD,D
09:22:41,MYOR,RG,1945,14,D,YP,PD,D
09:22:41,MYOR,RG,1945,1,D,YP,PD,D
09:22:41,MYOR,RG,1945,51,D,CC,PD,D
09:22:41,MYOR,RG,1945,1,D,CC,PD,D
09:22:41,MYOR,RG,1945,17,F,BK,PD,D
09:22:41,MYOR,RG,1945,40,D,YU,PD,D
09:22:10,MYOR,RG,1945,6,D,YU,KZ,F
09:22:10,MYOR,RG,1945,2,D,YU,PD,D
09:22:10,MYOR,RG,1945,11,D,YU,AK,F
09:22:10,MYOR,RG,1945,3,D,YU,YP,D
09:22:10,MYOR,RG,1945,8,D,YU,AK,F
09:22:10,MYOR,RG,1945,30,D,YU,BK,F
09:21:46,MYOR,RG,1940,1,D,YB,AT,D
09:21:23,MYOR,RG,1945,7,D,XC,BK,F
09:21:23,MYOR,RG,1945,3,D,XC,KZ,F
09:21:18,MYOR,RG,1940,1,D,YB,YP,D
09:21:18,MYOR,RG,1940,1,D,PD,YP,D
09:21:10,MYOR,RG,1945,5,D,YP,AK,F
09:21:07,MYOR,RG,1940,1,D,PD,KZ,F
09:21:05,MYOR,RG,1940,1,D,PD,KZ,F
09:21:05,MYOR,RG,1940,2,D,PD,BK,F
09:21:05,MYOR,RG,1940,13,D,YU,BK,F
09:21:02,MYOR,RG,1940,1,D,YU,KZ,F
09:21:00,MYOR,RG,1945,5,D,BS,NI,D
09:20:54,MYOR,RG,1940,1,D,YU,KZ,F
09:20:54,MYOR,RG,1945,28,D,LG,NI,D
09:20:54,MYOR,RG,1945,10,D,AZ,NI,D
09:20:54,MYOR,RG,1945,10,D,GR,NI,D
09:20:54,MYOR,RG,1945,5,D,YB,NI,D
09:20:54,MYOR,RG,1945,24,F,BK,NI,D
09:20:54,MYOR,RG,1945,12,D,AZ,NI,D
09:20:36,MYOR,RG,1945,4,D,AZ,IF,D
09:20:25,MYOR,RG,1945,1,D,AZ,XC,D
09:20:25,MYOR,RG,1945,16,D,AZ,BK,F
09:20:25,MYOR,RG,1945,57,D,AZ,AZ,D
09:20:25,MYOR,RG,1945,2,D,AZ,AK,F
09:20:25,MYOR,RG,1945,8,D,AZ,AK,F
09:20:25,MYOR,RG,1945,11,D,AZ,XC,D
09:20:25,MYOR,RG,1945,16,D,AZ,KZ,F
09:20:25,MYOR,RG,1945,23,D,AZ,KK,D
09:20:13,MYOR,RG,1940,2,D,YU,KZ,F
09:20:11,MYOR,RG,1940,1,D,YU,KZ,F
09:20:11,MYOR,RG,1940,20,D,YU,XC,D
09:20:11,MYOR,RG,1940,14,D,YU,XC,D
09:20:11,MYOR,RG,1940,1,D,YU,KZ,F
09:20:11,MYOR,RG,1940,2,D,YU,YB,D
09:20:11,MYOR,RG,1940,1,D,YU,KZ,F
09:20:11,MYOR,RG,1940,11,D,YU,IF,D
09:20:00,MYOR,RG,1940,1,D,YU,XC,D
09:19:55,MYOR,RG,1940,2,D,YU,KZ,F
09:19:53,MYOR,RG,1945,10,D,YP,KK,D
09:19:52,MYOR,RG,1940,2,D,YU,XL,D
09:19:52,MYOR,RG,1945,5,D,YP,KK,D
09:19:46,MYOR,RG,1945,5,D,BS,KK,D
09:19:42,MYOR,RG,1940,1,D,YU,KZ,F
09:19:40,MYOR,RG,1945,1,D,PD,KK,D
09:19:33,MYOR,RG,1945,5,D,YB,KK,D
09:19:21,MYOR,RG,1945,1,D,PD,KK,D
09:19:14,MYOR,RG,1940,2,D,YP,KZ,F
09:19:14,MYOR,RG,1940,2,D,YP,PD,D
09:19:14,MYOR,RG,1940,18,F,BK,PD,D
09:19:11,MYOR,RG,1940,1,F,BK,KZ,F
09:19:11,MYOR,RG,1940,3,F,BK,CC,D
09:19:04,MYOR,RG,1940,1,F,BK,KZ,F
09:19:04,MYOR,RG,1940,2,D,XC,KZ,F
09:19:04,MYOR,RG,1940,1,D,XC,KZ,F
09:19:04,MYOR,RG,1940,1,D,PD,KZ,F
09:19:02,MYOR,RG,1945,43,D,KK,KK,D
09:18:56,MYOR,RG,1945,1,D,XL,KK,D
09:18:31,MYOR,RG,1940,5,D,CC,KK,D
09:18:15,MYOR,RG,1940,1,D,CC,KZ,F
09:18:13,MYOR,RG,1945,4,D,PD,KK,D
09:18:00,MYOR,RG,1940,4,D,CC,KZ,F
09:18:00,MYOR,RG,1940,6,D,LG,KZ,F
09:17:58,MYOR,RG,1940,6,D,LG,KZ,F
09:17:58,MYOR,RG,1940,38,D,LG,NI,D
09:17:58,MYOR,RG,1940,1,D,YB,NI,D
09:17:58,MYOR,RG,1940,1,D,YP,NI,D
09:17:58,MYOR,RG,1940,5,D,CC,NI,D
09:17:58,MYOR,RG,1940,5,D,YP,NI,D
09:17:58,MYOR,RG,1940,2,D,BS,NI,D
09:17:58,MYOR,RG,1940,20,D,KK,NI,D
09:17:58,MYOR,RG,1940,17,F,BK,NI,D
09:17:58,MYOR,RG,1940,61,D,AZ,NI,D
09:17:51,MYOR,RG,1940,1,D,AZ,KZ,F
09:17:50,MYOR,RG,1940,10,D,AZ,NI,D
09:17:48,MYOR,RG,1945,2,D,YP,KK,D
09:17:46,MYOR,RG,1940,11,D,AZ,XC,D
09:17:36,MYOR,RG,1940,7,D,AZ,YP,D
09:17:33,MYOR,RG,1940,1,D,AZ,AK,F
09:17:33,MYOR,RG,1940,1,D,AZ,AK,F
09:17:33,MYOR,RG,1940,12,D,AZ,KZ,F
09:17:33,MYOR,RG,1940,46,D,AZ,PD,D
09:17:27,MYOR,RG,1940,3,D,CC,PD,D
09:17:27,MYOR,RG,1930,2,D,AZ,XC,D
09:17:26,MYOR,RG,1930,13,D,AZ,XC,D
09:17:24,MYOR,RG,1935,1,F,AK,KZ,F
09:17:24,MYOR,RG,1935,3,F,AK,AK,F
09:17:24,MYOR,RG,1935,67,F,AK,KZ,F
09:17:24,MYOR,RG,1935,18,F,AK,PD,D
09:17:23,MYOR,RG,1930,1,D,AZ,AK,F
09:17:23,MYOR,RG,1930,1,D,AZ,AK,F
09:17:22,MYOR,RG,1930,1,D,XC,AK,F
09:17:15,MYOR,RG,1930,1,D,PD,AK,F
09:17:15,MYOR,RG,1930,1,D,PD,KZ,F
09:17:11,MYOR,RG,1925,2,D,CC,DR,D
09:17:11,MYOR,RG,1925,2,D,CC,KZ,F
09:17:11,MYOR,RG,1925,10,D,CC,MK,D
09:17:11,MYOR,RG,1920,1,D,CC,AK,F
09:17:11,MYOR,RG,1920,4,D,CC,KZ,F
09:17:11,MYOR,RG,1920,2,D,CC,AK,F
09:17:11,MYOR,RG,1920,3,D,CC,PD,D
09:17:08,MYOR,RG,1920,1,D,PD,PD,D
09:17:08,MYOR,RG,1920,5,D,YB,PD,D
09:17:05,MYOR,RG,1920,5,D,KK,PD,D
09:17:05,MYOR,RG,1920,2,D,PD,PD,D
09:16:56,MYOR,RG,1915,1,D,YP,KZ,F
09:16:56,MYOR,RG,1915,3,D,YP,AK,F
09:16:56,MYOR,RG,1915,2,D,YP,AK,F
09:16:53,MYOR,RG,1915,5,D,YB,KZ,F
09:16:52,MYOR,RG,1915,1,D,XC,AK,F
09:16:52,MYOR,RG,1915,3,D,XC,AK,F
09:16:52,MYOR,RG,1915,14,D,XC,BK,F
09:16:50,MYOR,RG,1910,1,D,YP,KZ,F
09:16:50,MYOR,RG,1910,1,D,YP,XC,D
09:16:50,MYOR,RG,1910,3,D,YP,XC,D
09:16:45,MYOR,RG,1910,69,F,AK,KZ,F
09:16:44,MYOR,RG,1910,1,D,PD,KZ,F
09:16:43,MYOR,RG,1915,4,F,AK,BK,F
09:16:43,MYOR,RG,1915,132,F,AK,AK,F
09:16:43,MYOR,RG,1905,5,F,BK,PD,D
09:16:43,MYOR,RG,1905,95,F,AK,PD,D
09:16:42,MYOR,RG,1915,54,D,YP,AK,F
09:16:42,MYOR,RG,1915,8,D,YP,KZ,F
09:16:42,MYOR,RG,1915,2,D,YP,AK,F
09:16:42,MYOR,RG,1910,122,D,YP,AK,F
09:16:42,MYOR,RG,1910,3,D,YP,KZ,F
09:16:42,MYOR,RG,1910,11,D,YP,YP,D
09:16:42,MYOR,RG,1910,1,D,PD,YP,D
09:16:38,MYOR,RG,1915,2,D,CC,AK,F
09:16:38,MYOR,RG,1915,5,D,CC,AK,F
09:16:38,MYOR,RG,1915,22,D,CC,BK,F
09:16:38,MYOR,RG,1910,21,D,CC,KZ,F
09:16:38,MYOR,RG,1910,25,D,AZ,KZ,F
09:16:38,MYOR,RG,1910,8,D,AZ,KZ,F
09:16:38,MYOR,RG,1915,1,D,XC,BK,F
09:16:36,MYOR,RG,1910,2,D,AZ,PD,D
09:16:36,MYOR,RG,1910,5,D,AZ,AK,F
09:16:36,MYOR,RG,1910,5,D,AZ,AK,F
09:16:36,MYOR,RG,1905,3,F,AK,AK,F
09:16:36,MYOR,RG,1905,6,F,AK,AK,F
09:16:36,MYOR,RG,1905,53,F,AK,KZ,F
09:16:36,MYOR,RG,1905,81,F,AK,KZ,F
09:16:36,MYOR,RG,1905,1,D,PD,KZ,F
09:16:36,MYOR,RG,1905,25,D,YP,KZ,F
09:16:36,MYOR,RG,1905,100,D,NI,KZ,F
09:16:36,MYOR,RG,1905,33,D,YP,KZ,F
09:16:36,MYOR,RG,1905,1,D,PD,KZ,F
09:16:36,MYOR,RG,1905,10,D,YP,KZ,F
09:16:35,MYOR,RG,1910,16,F,BK,KZ,F
09:16:35,MYOR,RG,1910,5,D,YP,KZ,F
09:16:35,MYOR,RG,1910,10,D,CC,KZ,F
09:16:35,MYOR,RG,1910,5,D,DH,KZ,F
09:16:35,MYOR,RG,1910,10,D,YP,KZ,F
09:16:35,MYOR,RG,1910,1,D,XL,KZ,F
09:16:35,MYOR,RG,1910,3,D,GR,KZ,F
09:16:35,MYOR,RG,1910,100,D,CC,KZ,F
09:16:35,MYOR,RG,1910,3,D,YP,KZ,F
09:16:35,MYOR,RG,1910,5,D,PD,KZ,F
09:16:35,MYOR,RG,1910,330,D,PD,KZ,F
09:16:33,MYOR,RG,1915,100,D,TP,KZ,F
09:16:33,MYOR,RG,1915,10,D,EP,KZ,F
09:16:33,MYOR,RG,1915,2,D,DH,KZ,F
09:16:31,MYOR,RG,1915,18,D,DH,BK,F
09:16:31,MYOR,RG,1920,53,F,AK,KZ,F
09:16:31,MYOR,RG,1920,1,D,PD,KZ,F
09:16:31,MYOR,RG,1920,11,D,YB,KZ,F
09:16:31,MYOR,RG,1920,10,D,YB,YB,D
09:16:31,MYOR,RG,1920,5,D,YB,KZ,F
09:16:30,MYOR,RG,1930,92,D,YB,AK,F
09:16:30,MYOR,RG,1930,5,D,YB,AK,F
09:16:30,MYOR,RG,1930,7,D,YB,YP,D
09:16:30,MYOR,RG,1930,2,D,YP,YP,D
09:16:30,MYOR,RG,1930,1,D,XC,YP,D
09:16:30,MYOR,RG,1930,10,D,EP,YP,D
09:16:30,MYOR,RG,1935,10,D,DH,KZ,F
09:16:30,MYOR,RG,1935,5,D,XL,KZ,F
09:16:30,MYOR,RG,1935,1,D,PD,KZ,F
09:16:30,MYOR,RG,1935,1,D,DR,KZ,F
09:16:30,MYOR,RG,1935,1,D,XC,KZ,F
09:16:30,MYOR,RG,1935,10,D,EP,KZ,F
09:16:29,MYOR,RG,1940,1,D,PD,PD,D
09:16:29,MYOR,RG,1940,1,D,PD,AT,D
09:16:28,MYOR,RG,1940,1,D,XL,AK,F
09:16:28,MYOR,RG,1940,2,D,PD,AK,F
09:16:28,MYOR,RG,1940,100,D,NI,AK,F
09:16:28,MYOR,RG,1940,1,D,YP,AK,F
09:16:28,MYOR,RG,1940,2,D,YB,AK,F
09:16:28,MYOR,RG,1940,500,D,EP,AK,F
09:16:28,MYOR,RG,1940,100,D,YB,AK,F
09:16:28,MYOR,RG,1940,500,D,YP,AK,F
09:16:28,MYOR,RG,1940,5,D,PD,AK,F
09:16:28,MYOR,RG,1940,5,D,YB,AT,D
09:16:28,MYOR,RG,1940,4,D,YB,AT,D
09:16:28,MYOR,RG,1940,10,D,YP,AT,D
09:16:28,MYOR,RG,1940,5,D,DR,AT,D
09:16:28,MYOR,RG,1940,1,D,XC,AT,D
09:16:28,MYOR,RG,1940,10,D,PD,AK,F
09:16:28,MYOR,RG,1940,5,D,YB,AK,F
09:16:28,MYOR,RG,1940,1,D,DH,AK,F
09:16:28,MYOR,RG,1940,1,D,XC,AK,F
09:16:28,MYOR,RG,1940,2,D,XL,AK,F
09:16:28,MYOR,RG,1940,5,D,CC,AK,F
09:16:28,MYOR,RG,1940,1,D,XC,AK,F
09:16:28,MYOR,RG,1940,10,D,EP,AK,F
09:16:28,MYOR,RG,1940,1,D,KK,AK,F
09:16:28,MYOR,RG,1940,1,D,PD,AK,F
09:16:28,MYOR,RG,1940,3,D,YB,AK,F
09:16:28,MYOR,RG,1940,50,D,YB,AK,F
09:16:28,MYOR,RG,1940,12,D,YB,AK,F
09:16:28,MYOR,RG,1940,1,D,YB,AK,F
09:16:28,MYOR,RG,1940,3,D,YB,AK,F
09:16:28,MYOR,RG,1940,10,D,YB,AK,F
09:16:28,MYOR,RG,1940,20,D,CD,AK,F
09:16:26,MYOR,RG,1945,60,D,NI,AK,F
09:16:26,MYOR,RG,1945,6,D,YB,AK,F
09:16:26,MYOR,RG,1945,26,F,BK,AK,F
09:16:26,MYOR,RG,1945,50,D,YB,AK,F
09:16:26,MYOR,RG,1945,2,D,JB,AK,F
09:16:26,MYOR,RG,1945,5,D,PD,AK,F
09:16:26,MYOR,RG,1945,1,D,DR,AK,F
09:16:26,MYOR,RG,1945,1,D,YB,AK,F
09:16:26,MYOR,RG,1945,1,D,YB,AK,F
09:16:26,MYOR,RG,1945,66,D,IP,AK,F
09:16:26,MYOR,RG,1945,134,D,IP,AK,F
09:16:26,MYOR,RG,1945,2,D,CC,AK,F
09:16:26,MYOR,RG,1945,3,D,CC,KZ,F
09:16:26,MYOR,RG,1945,2,D,EP,KZ,F
09:16:26,MYOR,RG,1945,1,D,EP,KZ,F
09:16:26,MYOR,RG,1945,7,D,EP,KZ,F
09:16:25,MYOR,RG,1950,10,D,YP,YP,D
09:16:25,MYOR,RG,1950,50,D,CC,YP,D
09:16:24,MYOR,RG,1950,2,D,PD,YP,D
09:16:24,MYOR,RG,1950,100,D,YP,YP,D
09:16:24,MYOR,RG,1950,3,D,XC,YP,D
09:16:24,MYOR,RG,1950,3,D,CC,YP,D
09:16:24,MYOR,RG,1950,5,D,HP,YP,D
09:16:24,MYOR,RG,1950,5,D,DH,YP,D
09:16:24,MYOR,RG,1950,20,D,CC,YP,D
09:16:24,MYOR,RG,1950,25,D,PD,YP,D
09:16:24,MYOR,RG,1950,101,D,SQ,YP,D
09:16:24,MYOR,RG,1950,1,D,PD,YP,D
09:16:24,MYOR,RG,1950,1,D,YP,YP,D
09:16:24,MYOR,RG,1950,32,F,BK,YP,D
09:16:24,MYOR,RG,1950,250,D,CC,YP,D
09:16:24,MYOR,RG,1950,1,D,XC,YP,D
09:16:24,MYOR,RG,1950,5,D,YB,YP,D
09:16:24,MYOR,RG,1950,5,D,CC,YP,D
09:16:24,MYOR,RG,1950,20,D,YP,YP,D
09:16:24,MYOR,RG,1950,10,D,LG,YP,D
09:16:24,MYOR,RG,1950,20,D,EP,YP,D
09:16:24,MYOR,RG,1950,2,D,PD,YP,D
09:16:24,MYOR,RG,1950,10,D,GR,YP,D
09:16:24,MYOR,RG,1950,5,D,PD,YP,D
09:16:24,MYOR,RG,1950,1,D,XC,YP,D
09:16:24,MYOR,RG,1950,2,D,BS,YP,D
09:16:24,MYOR,RG,1950,30,D,PD,YP,D
09:16:24,MYOR,RG,1950,5,D,PD,YP,D
09:16:24,MYOR,RG,1950,102,D,SQ,YP,D
09:16:24,MYOR,RG,1950,2,D,XC,YP,D
09:16:24,MYOR,RG,1950,1,D,DR,YP,D
09:16:24,MYOR,RG,1950,17,D,XC,YP,D
09:16:24,MYOR,RG,1950,8,D,XC,YP,D
09:16:24,MYOR,RG,1950,2,D,BS,YP,D
09:16:24,MYOR,RG,1950,10,D,EP,YP,D
09:16:24,MYOR,RG,1950,1,D,GR,YP,D
09:16:24,MYOR,RG,1950,5,D,XL,YP,D
09:16:24,MYOR,RG,1950,20,D,CC,YP,D
09:16:24,MYOR,RG,1950,1,D,XC,YP,D
09:16:24,MYOR,RG,1950,5,D,PD,YP,D
09:16:24,MYOR,RG,1950,1,D,YP,YP,D
09:16:24,MYOR,RG,1950,200,D,MG,YP,D
09:16:24,MYOR,RG,1950,1,D,XC,YP,D
09:16:24,MYOR,RG,1950,5,D,XC,YP,D
09:16:24,MYOR,RG,1950,2,D,PD,YP,D
09:16:24,MYOR,RG,1950,102,D,PD,YP,D
09:16:24,MYOR,RG,1950,2,D,PD,YP,D
09:16:24,MYOR,RG,1950,1,D,YB,YP,D
09:16:24,MYOR,RG,1950,1,D,PD,YP,D
09:16:24,MYOR,RG,1950,100,D,PD,YP,D
09:16:24,MYOR,RG,1950,5,D,YB,YP,D
09:16:24,MYOR,RG,1950,5,D,GR,YP,D
09:16:24,MYOR,RG,1950,30,D,YP,YP,D
09:16:24,MYOR,RG,1950,5,D,YB,YP,D
09:16:24,MYOR,RG,1950,2,D,XC,YP,D
09:16:24,MYOR,RG,1950,5,D,YB,YP,D
09:16:24,MYOR,RG,1950,22,D,YP,YP,D
09:16:24,MYOR,RG,1950,10,D,YP,YP,D
09:16:24,MYOR,RG,1950,10,D,EP,YP,D
09:16:24,MYOR,RG,1950,1,D,EP,YP,D
09:16:24,MYOR,RG,1950,2,D,YU,YP,D
09:16:24,MYOR,RG,1950,1,D,XC,YP,D
09:16:24,MYOR,RG,1950,7,D,PD,YP,D
09:16:24,MYOR,RG,1950,5,D,YB,YP,D
09:16:24,MYOR,RG,1950,2,D,DH,YP,D
09:16:24,MYOR,RG,1950,3,D,PD,YP,D
09:16:24,MYOR,RG,1950,10,D,YB,YP,D
09:16:24,MYOR,RG,1950,20,D,YB,YP,D
09:16:24,MYOR,RG,1950,20,D,YB,YP,D
09:16:24,MYOR,RG,1950,2,D,GR,YP,D
09:16:24,MYOR,RG,1950,10,D,NI,YP,D
09:16:24,MYOR,RG,1950,100,D,RS,YP,D
09:16:24,MYOR,RG,1950,10,D,AZ,YP,D
09:16:24,MYOR,RG,1950,100,D,YB,YP,D
09:16:24,MYOR,RG,1950,10,D,ZP,YP,D
09:16:24,MYOR,RG,1950,513,D,PD,YP,D
09:16:24,MYOR,RG,1955,10,D,XC,YP,D
09:16:24,MYOR,RG,1955,50,D,DH,YP,D
09:16:24,MYOR,RG,1955,48,D,YU,YP,D
09:16:24,MYOR,RG,1955,2,D,YP,YP,D
09:16:24,MYOR,RG,1955,10,D,GR,YP,D
09:16:24,MYOR,RG,1955,1,D,XC,YP,D
09:16:24,MYOR,RG,1955,5,D,XC,YP,D
09:16:24,MYOR,RG,1955,5,D,CC,YP,D
09:16:24,MYOR,RG,1955,50,D,XC,YP,D
09:16:24,MYOR,RG,1955,35,D,YB,YP,D
09:16:24,MYOR,RG,1955,20,D,XL,YP,D
09:16:24,MYOR,RG,1955,3,D,YP,YP,D
09:16:07,MYOR,RG,1955,2,D,YP,PD,D
09:16:07,MYOR,RG,1955,2,D,HP,PD,D
09:16:07,MYOR,RG,1955,1,D,BS,PD,D
09:16:06,MYOR,RG,1955,1,D,BS,YP,D
09:16:06,MYOR,RG,1955,5,D,AZ,YP,D
09:16:06,MYOR,RG,1955,14,F,BK,YP,D
09:16:06,MYOR,RG,1955,2,F,BK,JB,D
09:16:06,MYOR,RG,1955,1,D,PD,JB,D
09:16:06,MYOR,RG,1955,7,D,XC,JB,D
09:16:01,MYOR,RG,1955,3,D,XC,YB,D
09:16:01,MYOR,RG,1955,12,D,YP,YB,D
09:16:01,MYOR,RG,1955,10,D,YP,YP,D
09:15:53,MYOR,RG,1955,2,D,YP,KZ,F
09:15:53,MYOR,RG,1955,10,D,YP,YP,D
09:15:49,MYOR,RG,1955,3,D,YP,KZ,F
09:15:48,MYOR,RG,1955,10,D,YP,JB,D
09:15:47,MYOR,RG,1960,1,D,PD,AK,F
09:15:43,MYOR,RG,1955,1,D,YP,KZ,F
09:15:43,MYOR,RG,1955,4,D,YP,XC,D
09:15:39,MYOR,RG,1955,1,D,YP,CC,D
09:15:36,MYOR,RG,1955,4,D,YP,KZ,F
09:15:36,MYOR,RG,1955,15,D,YP,CC,F
09:15:23,MYOR,RG,1955,12,D,YP,KZ,F
09:15:22,MYOR,RG,1955,1,D,YP,AK,F
09:15:21,MYOR,RG,1955,1,D,YP,AK,F
09:15:21,MYOR,RG,1955,2,D,YP,AK,F
09:15:21,MYOR,RG,1955,9,D,YP,KZ,F
09:15:21,MYOR,RG,1955,4,D,YP,AK,F
09:15:21,MYOR,RG,1955,30,D,YP,KZ,F
09:15:20,MYOR,RG,1955,9,D,YP,AK,F
09:15:20,MYOR,RG,1955,10,D,YP,AK,F
09:15:20,MYOR,RG,1955,8,D,XL,AK,F
09:15:20,MYOR,RG,1955,2,D,XL,YP,D
09:15:20,MYOR,RG,1955,9,D,EP,YP,D
09:15:20,MYOR,RG,1955,19,D,YP,YP,D
09:14:59,MYOR,RG,1960,8,D,YB,AK,F
09:14:58,MYOR,RG,1960,5,D,EP,AK,F
09:14:45,MYOR,RG,1960,61,D,YB,AK,F
09:14:45,MYOR,RG,1960,16,D,YB,AK,F
09:14:45,MYOR,RG,1960,13,D,YB,BK,F
09:14:44,MYOR,RG,1955,1,D,YP,PD,D
09:14:38,MYOR,RG,1960,5,D,HP,BK,F
09:14:28,MYOR,RG,1960,2,D,PD,BK,F
09:14:23,MYOR,RG,1960,1,D,XC,BK,F
09:14:20,MYOR,RG,1960,25,D,CC,BK,F
09:14:20,MYOR,RG,1955,29,F,BK,KZ,F
09:14:20,MYOR,RG,1955,10,D,AZ,KZ,F
09:14:20,MYOR,RG,1955,5,D,PD,KZ,F
09:14:20,MYOR,RG,1955,26,D,AZ,KZ,F
09:14:20,MYOR,RG,1955,136,D,AZ,AK,F
09:14:19,MYOR,RG,1955,88,D,AZ,AK,F
09:14:19,MYOR,RG,1955,3,D,GR,AK,F
09:14:19,MYOR,RG,1955,5,D,CC,AK,F
09:14:19,MYOR,RG,1955,30,D,CC,AK,F
09:14:19,MYOR,RG,1955,10,D,XC,AK,F
09:14:19,MYOR,RG,1960,15,F,BK,BK,F
09:14:19,MYOR,RG,1960,2,D,PD,BK,F
09:14:19,MYOR,RG,1960,2,D,PD,BK,F
09:14:19,MYOR,RG,1960,5,D,YU,BK,F
09:14:18,MYOR,RG,1960,38,D,YU,KZ,F
09:14:18,MYOR,RG,1960,5,D,CC,KZ,F
09:14:18,MYOR,RG,1960,3,D,YB,KZ,F
09:14:16,MYOR,RG,1960,12,D,YB,KZ,F
09:14:16,MYOR,RG,1960,1,D,YB,AK,F
09:14:15,MYOR,RG,1960,4,D,YB,AK,F
09:14:15,MYOR,RG,1960,1,D,XC,AK,F
09:14:15,MYOR,RG,1960,1,D,KK,AK,F
09:14:15,MYOR,RG,1960,5,D,CC,AK,F
09:14:15,MYOR,RG,1960,25,F,BK,AK,F
09:14:15,MYOR,RG,1960,2,F,BK,AK,F
09:14:15,MYOR,RG,1960,68,F,BK,AK,F
09:14:15,MYOR,RG,1960,68,D,AZ,AK,F
09:14:15,MYOR,RG,1960,3,D,AZ,AK,F
09:14:15,MYOR,RG,1960,6,D,AZ,AK,F
09:14:15,MYOR,RG,1960,34,D,AZ,KZ,F
09:14:15,MYOR,RG,1960,136,D,AZ,AK,F
09:14:15,MYOR,RG,1960,3,D,AZ,SQ,D
09:14:12,MYOR,RG,1965,30,D,CC,PD,D
09:14:04,MYOR,RG,1965,1,D,NI,PD,D
09:13:57,MYOR,RG,1965,15,D,YB,PD,D
09:13:42,MYOR,RG,1965,1,D,XC,PD,D
09:13:28,MYOR,RG,1960,16,F,BK,KZ,F
09:13:28,MYOR,RG,1960,62,F,BK,DR,D
09:13:28,MYOR,RG,1960,38,D,YU,DR,D
09:13:28,MYOR,RG,1960,33,D,YU,DR,D
09:13:28,MYOR,RG,1960,16,D,CC,DR,D
09:13:24,MYOR,RG,1960,6,D,CC,DH,D
09:13:21,MYOR,RG,1960,5,D,CC,KZ,F
09:13:21,MYOR,RG,1960,23,D,CC,AK,F
09:13:15,MYOR,RG,1955,1,F,AK,KZ,F
09:13:15,MYOR,RG,1955,1,F,AK,AK,F
09:13:15,MYOR,RG,1955,9,F,AK,AK,F
09:13:15,MYOR,RG,1955,2,F,AK,XC,D
09:13:15,MYOR,RG,1955,6,F,AK,YB,D
09:13:15,MYOR,RG,1955,49,F,AK,BK,F
09:13:15,MYOR,RG,1955,229,F,AK,KZ,F
09:13:15,MYOR,RG,1955,219,F,AK,NI,D
09:13:15,MYOR,RG,1955,136,F,AK,NI,D
09:13:14,MYOR,RG,1955,2,D,CC,NI,D
09:13:13,MYOR,RG,1955,136,F,AK,NI,D
09:13:13,MYOR,RG,1955,136,F,AK,NI,D
09:13:12,MYOR,RG,1955,136,F,AK,NI,D
09:13:12,MYOR,RG,1950,5,D,YB,SQ,D
09:13:03,MYOR,RG,1950,34,D,YB,KZ,F
09:13:01,MYOR,RG,1950,5,D,YB,KZ,F
09:13:01,MYOR,RG,1950,7,D,YB,KZ,F
09:13:00,MYOR,RG,1955,136,F,AK,NI,D
09:12:46,MYOR,RG,1950,23,D,YB,PD,D
09:12:33,MYOR,RG,1955,3,D,DH,NI,D
09:12:31,MYOR,RG,1950,6,D,YB,KZ,F
09:12:31,MYOR,RG,1950,14,D,YB,KZ,F
09:12:30,MYOR,RG,1950,2,D,YB,XC,D
09:12:29,MYOR,RG,1955,19,D,PD,NI,D
09:12:26,MYOR,RG,1950,7,D,YB,KZ,F
09:12:26,MYOR,RG,1950,30,D,YB,XC,D
09:12:24,MYOR,RG,1950,10,D,YB,KK,D
09:12:21,MYOR,RG,1955,10,D,XC,NI,D
09:12:20,MYOR,RG,1950,12,D,YB,AK,F
09:12:20,MYOR,RG,1950,24,D,YB,AK,F
09:12:19,MYOR,RG,1950,193,D,YB,KZ,F
09:12:19,MYOR,RG,1950,36,D,AZ,KZ,F
09:12:19,MYOR,RG,1950,121,F,YU,KZ,F
09:12:19,MYOR,RG,1950,4,F,YU,XC,D
09:12:18,MYOR,RG,1950,2,F,YU,XC,D
09:12:17,MYOR,RG,1955,13,D,XL,NI,D
09:12:16,MYOR,RG,1950,2,F,YU,PD,D
09:12:16,MYOR,RG,1955,50,D,YB,NI,D
09:12:16,MYOR,RG,1950,5,F,YU,YP,D
09:12:16,MYOR,RG,1950,2,F,YU,KZ,F
09:12:16,MYOR,RG,1950,13,F,YU,KZ,F
09:12:16,MYOR,RG,1950,3,F,YU,KZ,F
09:12:16,MYOR,RG,1950,1,F,YU,KZ,F
09:12:16,MYOR,RG,1955,5,D,YB,NI,D
09:12:16,MYOR,RG,1950,90,F,YU,YB,D
09:12:15,MYOR,RG,1950,5,F,YU,DR,D
09:12:15,MYOR,RG,1950,2,F,YU,PD,D
09:12:15,MYOR,RG,1950,200,D,MG,PD,D
09:12:15,MYOR,RG,1950,48,D,AI,PD,D
09:12:15,MYOR,RG,1955,3,D,XC,NI,D
09:12:15,MYOR,RG,1955,5,D,PD,NI,D
09:12:15,MYOR,RG,1955,9,D,NI,NI,D
09:12:15,MYOR,RG,1955,300,F,XA,NI,D
09:12:15,MYOR,RG,1955,1,D,YB,NI,D
09:12:15,MYOR,RG,1955,25,D,DR,NI,D
09:12:15,MYOR,RG,1955,1,D,YB,NI,D
09:12:15,MYOR,RG,1955,50,D,YB,NI,D
09:12:15,MYOR,RG,1955,50,D,YP,NI,D
09:12:15,MYOR,RG,1955,10,D,YP,NI,D
09:12:15,MYOR,RG,1955,5,D,AZ,NI,D
09:12:15,MYOR,RG,1955,10,D,DR,NI,D
09:12:15,MYOR,RG,1955,5,D,YP,NI,D
09:12:15,MYOR,RG,1955,32,D,PD,NI,D
09:12:15,MYOR,RG,1955,3,D,PD,NI,D
09:12:15,MYOR,RG,1955,3,D,PD,NI,D
09:12:15,MYOR,RG,1955,5,D,XC,NI,D
09:12:15,MYOR,RG,1960,2,D,BS,NI,D
09:12:15,MYOR,RG,1960,5,D,EP,NI,D
09:12:15,MYOR,RG,1960,10,D,XL,NI,D
09:12:15,MYOR,RG,1960,1,D,PD,NI,D
09:12:15,MYOR,RG,1960,1,D,KK,NI,D
09:12:15,MYOR,RG,1960,1,D,YB,NI,D
09:12:15,MYOR,RG,1960,5,D,AZ,NI,D
09:12:15,MYOR,RG,1960,1,D,XL,NI,D
09:12:15,MYOR,RG,1960,5,D,XL,NI,D
09:12:15,MYOR,RG,1960,50,D,LG,NI,D
09:12:15,MYOR,RG,1960,80,D,YP,NI,D
09:12:15,MYOR,RG,1960,2,D,XC,NI,D
09:12:15,MYOR,RG,1960,300,D,CC,NI,D
09:12:15,MYOR,RG,1960,19,D,YP,NI,D
09:12:07,MYOR,RG,1965,5,D,EP,PD,D
09:12:04,MYOR,RG,1960,6,D,YP,BK,F
09:12:04,MYOR,RG,1960,1,D,OD,BK,F
09:12:04,MYOR,RG,1960,12,D,YB,BK,F
09:11:59,MYOR,RG,1965,49,D,CC,PD,D
09:11:59,MYOR,RG,1965,7,D,CC,PD,D
09:11:49,MYOR,RG,1970,2,D,EP,AK,F
09:11:49,MYOR,RG,1970,1,D,EP,AK,F
09:11:46,MYOR,RG,1965,24,D,CC,KZ,F
09:11:46,MYOR,RG,1965,18,D,CC,KZ,F
09:11:42,MYOR,RG,1970,1,D,EP,KZ,F
09:11:38,MYOR,RG,1970,2,D,EP,KZ,F
09:11:37,MYOR,RG,1970,10,D,PD,KZ,F
09:11:31,MYOR,RG,1960,8,D,YB,YP,D
09:11:31,MYOR,RG,1960,1,D,YB,YP,D
09:11:31,MYOR,RG,1965,1,D,PD,YP,D
09:11:30,MYOR,RG,1965,19,D,PD,AK,F
09:11:30,MYOR,RG,1965,5,D,AZ,AK,F
09:11:30,MYOR,RG,1965,50,D,YB,AK,F
09:11:30,MYOR,RG,1965,1,D,YB,AK,F
09:11:30,MYOR,RG,1965,5,D,XC,AK,F
09:11:30,MYOR,RG,1965,3,D,AZ,AK,F
09:11:30,MYOR,RG,1965,8,D,XC,AK,F
09:11:30,MYOR,RG,1965,5,D,XC,AK,F
09:11:30,MYOR,RG,1965,40,D,YP,AK,F
09:11:30,MYOR,RG,1965,110,D,YP,KZ,F
09:11:30,MYOR,RG,1965,2,D,PD,KZ,F
09:11:30,MYOR,RG,1965,50,D,KK,KZ,F
09:11:30,MYOR,RG,1965,4,D,YB,KZ,F
09:11:29,MYOR,RG,1970,3,D,GR,AK,F
09:11:29,MYOR,RG,1970,10,D,EP,AK,F
09:11:29,MYOR,RG,1970,1,D,AI,AK,F
09:11:29,MYOR,RG,1970,1,D,XC,AK,F
09:11:29,MYOR,RG,1970,5,D,PD,AK,F
09:11:29,MYOR,RG,1970,2,D,XC,AK,F
09:11:29,MYOR,RG,1970,33,D,YU,AK,F
09:11:29,MYOR,RG,1970,5,D,PD,AK,F
09:11:29,MYOR,RG,1970,5,D,YP,AK,F
09:11:29,MYOR,RG,1970,26,D,YB,AK,F
09:11:29,MYOR,RG,1970,1,D,XC,AK,F
09:11:29,MYOR,RG,1970,1,D,CC,AK,F
09:11:29,MYOR,RG,1970,50,D,RS,AK,F
09:11:29,MYOR,RG,1970,5,D,PD,AK,F
09:11:29,MYOR,RG,1970,6,D,YB,AK,F
09:11:29,MYOR,RG,1970,1,D,XC,AK,F
09:11:29,MYOR,RG,1970,10,D,XC,AK,F
09:11:29,MYOR,RG,1970,93,D,YP,AK,F
09:11:29,MYOR,RG,1970,136,D,YP,AK,F
09:11:29,MYOR,RG,1970,136,D,YP,AK,F
09:11:28,MYOR,RG,1970,135,D,YP,AK,F
09:11:28,MYOR,RG,1970,1,D,BS,AK,F
09:11:28,MYOR,RG,1970,1,D,BS,KZ,F
09:11:28,MYOR,RG,1970,2,D,YB,KZ,F
09:11:28,MYOR,RG,1970,4,D,DR,KZ,F
09:11:28,MYOR,RG,1970,1,D,DR,XL,D
09:11:28,MYOR,RG,1970,27,D,PD,XL,D
09:11:16,MYOR,RG,1970,12,D,PD,KZ,F
09:11:16,MYOR,RG,1970,1,D,PD,KZ,F
09:11:14,MYOR,RG,1975,55,D,PD,AK,F
09:11:14,MYOR,RG,1975,15,D,PD,AK,F
09:10:40,MYOR,RG,1970,5,D,PD,XC,D
09:10:29,MYOR,RG,1970,25,D,PD,KZ,F
09:10:29,MYOR,RG,1970,100,D,PD,EP,D
09:10:26,MYOR,RG,1970,30,D,PD,KZ,F
09:10:26,MYOR,RG,1970,1,D,YP,KZ,F
09:10:26,MYOR,RG,1970,1,D,PD,KZ,F
09:10:26,MYOR,RG,1970,5,D,PD,KZ,F
09:10:26,MYOR,RG,1970,2,D,CC,KZ,F
09:10:26,MYOR,RG,1970,2,D,YP,KZ,F
09:10:26,MYOR,RG,1970,10,D,SQ,KZ,F
09:10:25,MYOR,RG,1970,15,D,SQ,AK,F
09:10:25,MYOR,RG,1970,33,D,YP,AK,F
09:10:24,MYOR,RG,1970,35,D,YP,KZ,F
09:10:24,MYOR,RG,1970,25,D,AT,KZ,F
09:10:24,MYOR,RG,1970,43,D,YP,KZ,F
09:10:22,MYOR,RG,1970,7,D,YP,AK,F
09:10:22,MYOR,RG,1970,10,D,XC,AK,F
09:10:22,MYOR,RG,1970,10,D,KK,AK,F
09:10:22,MYOR,RG,1970,1,D,PD,AK,F
09:10:22,MYOR,RG,1970,108,D,YB,AK,F
09:10:22,MYOR,RG,1975,10,D,DH,KZ,F
09:10:21,MYOR,RG,1970,92,D,YB,AK,F
09:10:21,MYOR,RG,1970,44,D,MG,AK,F
09:10:21,MYOR,RG,1970,5,D,MG,YP,D
09:10:21,MYOR,RG,1970,136,D,MG,AK,F
09:10:21,MYOR,RG,1970,4,D,MG,KZ,F
09:10:21,MYOR,RG,1970,2,D,MG,KZ,F
09:10:21,MYOR,RG,1970,9,D,MG,KZ,F
09:10:20,MYOR,RG,1975,7,D,YU,KZ,F
09:10:19,MYOR,RG,1975,26,D,YU,AK,F
09:10:19,MYOR,RG,1975,3,D,GR,AK,F
09:10:19,MYOR,RG,1975,1,D,CC,AK,F
09:10:19,MYOR,RG,1975,5,D,PD,AK,F
09:10:19,MYOR,RG,1975,1,D,PD,AK,F
09:10:19,MYOR,RG,1975,10,D,XL,AK,F
09:10:19,MYOR,RG,1975,90,D,YP,AK,F
09:10:18,MYOR,RG,1975,110,D,YP,AK,F
09:10:18,MYOR,RG,1975,26,D,YU,AK,F
09:10:18,MYOR,RG,1975,6,D,YU,KZ,F
09:10:18,MYOR,RG,1975,10,D,XC,KZ,F
09:10:18,MYOR,RG,1975,1,D,XC,KZ,F
09:10:18,MYOR,RG,1975,2,D,BS,KZ,F
09:10:18,MYOR,RG,1975,6,D,YU,KZ,F
09:10:16,MYOR,RG,1975,30,D,YU,IF,D
09:10:16,MYOR,RG,1975,5,D,YB,IF,D
09:10:16,MYOR,RG,1975,1,D,XC,IF,D
09:10:16,MYOR,RG,1975,10,D,DR,IF,D
09:10:16,MYOR,RG,1975,2,D,XL,IF,D
09:10:16,MYOR,RG,1975,1,D,YP,IF,D
09:10:16,MYOR,RG,1975,50,D,YB,IF,D
09:10:16,MYOR,RG,1975,1,D,YP,IF,D
09:10:16,MYOR,RG,1975,6,D,CC,IF,D
09:09:45,MYOR,RG,1980,30,D,CC,AG,D
09:09:18,MYOR,RG,1980,1,D,CC,AG,D
09:09:18,MYOR,RG,1980,4,D,XC,AG,D
09:09:18,MYOR,RG,1980,1,D,XC,AG,D
09:09:18,MYOR,RG,1980,18,D,YU,AG,D
09:08:56,MYOR,RG,1980,1,D,YU,XC,D
09:08:51,MYOR,RG,1980,2,D,YU,KZ,F
09:08:51,MYOR,RG,1980,3,D,YU,KZ,F
09:08:51,MYOR,RG,1980,2,D,YU,KZ,F
09:08:29,MYOR,RG,1980,5,D,YU,PD,D
09:08:29,MYOR,RG,1980,5,D,PD,PD,D
09:08:26,MYOR,RG,1980,10,D,OD,XC,D
09:08:26,MYOR,RG,1980,10,D,AZ,XC,D
09:07:51,MYOR,RG,1980,7,D,AZ,KZ,F
09:07:46,MYOR,RG,1980,1,D,AZ,KZ,F
09:07:31,MYOR,RG,1980,3,D,AZ,XA,D
09:07:25,MYOR,RG,1980,10,D,AZ,CC,D
09:07:25,MYOR,RG,1980,14,D,AZ,KZ,F
09:07:25,MYOR,RG,1980,4,D,AZ,AK,F
09:07:25,MYOR,RG,1980,14,D,AZ,AK,F
09:06:40,MYOR,RG,1980,1,D,XC,CC,F
09:06:36,MYOR,RG,1975,34,D,CC,KZ,F
09:06:33,MYOR,RG,1980,58,D,AZ,CC,F
09:05:46,MYOR,RG,1985,1,D,YB,KZ,F
09:05:37,MYOR,RG,1985,34,D,YU,AK,F
09:05:37,MYOR,RG,1985,33,D,YU,AK,F
09:05:37,MYOR,RG,1985,38,D,YU,AK,F
09:05:37,MYOR,RG,1985,27,D,CC,CC,F
09:05:36,MYOR,RG,1985,11,D,CC,KZ,F
09:05:36,MYOR,RG,1985,1,D,CC,AK,F
09:05:36,MYOR,RG,1985,2,D,CC,AK,F
09:05:36,MYOR,RG,1985,6,D,CC,XL,D
09:05:36,MYOR,RG,1980,1,D,CC,KZ,F
09:05:36,MYOR,RG,1980,2,D,CC,KZ,F
09:05:36,MYOR,RG,1980,2,D,BS,KZ,F
09:05:36,MYOR,RG,1980,2,D,AZ,KZ,F
09:05:35,MYOR,RG,1980,3,D,AZ,KZ,F
09:05:35,MYOR,RG,1980,9,D,AZ,HP,D
09:05:31,MYOR,RG,1980,10,D,AZ,CC,D
09:05:25,MYOR,RG,1980,1,D,AZ,YP,D
09:05:25,MYOR,RG,1980,5,D,DR,YP,D
09:05:25,MYOR,RG,1980,9,D,AZ,YP,D
09:05:24,MYOR,RG,1980,1,D,AZ,HP,D
09:05:03,MYOR,RG,1985,1,D,XC,XL,D
09:04:50,MYOR,RG,1980,2,D,AZ,PD,D
09:04:46,MYOR,RG,1980,2,D,AZ,KZ,F
09:04:46,MYOR,RG,1980,1,D,AZ,KZ,F
09:04:46,MYOR,RG,1980,10,D,AZ,KK,D
09:04:46,MYOR,RG,1980,1,D,AZ,KZ,F
09:04:46,MYOR,RG,1980,8,D,AZ,KZ,F
09:04:46,MYOR,RG,1980,20,D,AZ,PD,D
09:04:46,MYOR,RG,1980,2,D,AZ,XL,D
09:04:46,MYOR,RG,1980,1,D,AZ,KZ,F
09:04:46,MYOR,RG,1980,13,D,AZ,KZ,F
09:04:46,MYOR,RG,1980,4,D,AZ,AK,F
09:04:46,MYOR,RG,1980,9,D,AZ,AK,F
09:04:40,MYOR,RG,1975,9,D,CC,PD,D
09:04:40,MYOR,RG,1975,1,D,YP,PD,D
09:04:19,MYOR,RG,1975,1,D,XC,XL,D
09:04:07,MYOR,RG,1980,1,D,YP,AK,F
09:04:07,MYOR,RG,1980,1,D,YP,AK,F
09:03:54,MYOR,RG,1980,1,D,YP,AK,F
09:03:52,MYOR,RG,1980,18,F,AK,BK,F
09:03:52,MYOR,RG,1980,13,F,AK,KZ,F
09:03:52,MYOR,RG,1980,100,F,AK,MG,D
09:03:52,MYOR,RG,1980,1,F,AK,XC,D
09:03:52,MYOR,RG,1980,5,F,AK,CC,D
09:03:52,MYOR,RG,1980,2,F,AK,KZ,F
09:03:52,MYOR,RG,1980,9,F,AK,SQ,D
09:03:52,MYOR,RG,1980,5,F,AK,KZ,F
09:03:51,MYOR,RG,1980,4,D,YB,KZ,F
09:03:51,MYOR,RG,1980,1,D,YB,KZ,F
09:03:51,MYOR,RG,1980,1,D,YB,AK,F
09:03:51,MYOR,RG,1980,2,D,YB,AK,F
09:03:39,MYOR,RG,1980,1,D,YP,AK,F
09:03:39,MYOR,RG,1980,3,D,YP,XC,D
09:03:24,MYOR,RG,1980,1,D,YP,XC,D
09:03:16,MYOR,RG,1980,2,D,YB,XC,D
09:03:15,MYOR,RG,1980,6,D,XL,XC,D
09:03:15,MYOR,RG,1980,1,D,BQ,XC,D
09:03:15,MYOR,RG,1980,2,D,CC,XC,D
09:03:11,MYOR,RG,1980,2,D,CC,YB,D
09:03:02,MYOR,RG,1980,1,D,CC,YP,D
09:03:00,MYOR,RG,1980,12,D,CC,XC,D
09:02:59,MYOR,RG,1980,5,D,CC,KZ,F
09:02:59,MYOR,RG,1980,4,D,CC,KZ,F
09:02:59,MYOR,RG,1980,2,D,CC,AK,F
09:02:59,MYOR,RG,1980,21,D,CC,AK,F
09:02:56,MYOR,RG,1980,4,D,YP,AK,F
09:02:56,MYOR,RG,1980,16,D,YP,XA,D
09:02:52,MYOR,RG,1975,1,F,AK,AK,F
09:02:52,MYOR,RG,1975,16,F,AK,BK,F
09:02:52,MYOR,RG,1975,11,F,AK,AK,F
09:02:52,MYOR,RG,1975,9,F,AK,KZ,F
09:02:50,MYOR,RG,1975,1,D,XC,KZ,F
09:02:48,MYOR,RG,1975,1,D,XC,KZ,F
09:02:48,MYOR,RG,1975,10,D,YP,KZ,F
09:02:48,MYOR,RG,1975,16,D,YB,KZ,F
09:02:46,MYOR,RG,1975,4,D,YB,KZ,F
09:02:46,MYOR,RG,1975,20,D,YB,KZ,F
09:02:46,MYOR,RG,1975,7,D,YB,KZ,F
09:02:45,MYOR,RG,1980,1,D,XL,XA,D
09:02:45,MYOR,RG,1980,1,D,XL,XA,D
09:02:45,MYOR,RG,1975,2,D,YB,AK,F
09:02:45,MYOR,RG,1975,4,D,YB,AK,F
09:02:45,MYOR,RG,1975,41,D,YB,AK,F
09:02:44,MYOR,RG,1975,100,D,YB,CC,D
09:02:44,MYOR,RG,1975,6,D,YB,KZ,F
09:02:44,MYOR,RG,1975,46,D,LG,KZ,F
09:02:44,MYOR,RG,1975,2,D,OD,KZ,F
09:02:42,MYOR,RG,1980,30,D,YP,XA,D
09:02:42,MYOR,RG,1980,26,D,XL,XA,D
09:02:42,MYOR,RG,1980,2,D,YB,XA,D
09:02:42,MYOR,RG,1980,1,D,PD,XA,D
09:02:42,MYOR,RG,1980,9,D,YP,XA,D
09:02:42,MYOR,RG,1980,2,D,CC,XA,D
09:02:42,MYOR,RG,1980,8,D,XC,XA,D
09:02:42,MYOR,RG,1980,1,D,XC,XA,D
09:02:42,MYOR,RG,1980,30,D,CC,XA,D
09:02:42,MYOR,RG,1980,5,D,YB,XA,D
09:02:42,MYOR,RG,1980,25,D,AT,XA,D
09:02:42,MYOR,RG,1980,10,D,AT,XA,D
09:02:42,MYOR,RG,1980,1,D,PD,XA,D
09:02:42,MYOR,RG,1980,65,D,YB,XA,D
09:02:42,MYOR,RG,1980,24,D,ZP,XA,D
09:02:34,MYOR,RG,1985,84,D,AZ,AK,F
09:02:34,MYOR,RG,1985,20,D,AZ,KZ,F
09:02:34,MYOR,RG,1985,80,D,AZ,YP,D
09:02:25,MYOR,RG,1985,1,D,AZ,KZ,F
09:02:25,MYOR,RG,1985,10,D,AZ,NI,D
09:02:25,MYOR,RG,1985,4,D,AZ,AK,F
09:02:25,MYOR,RG,1985,1,D,AZ,AK,F
09:02:12,MYOR,RG,1985,3,D,PD,AK,F
09:02:12,MYOR,RG,1985,7,D,PD,KZ,F
09:02:11,MYOR,RG,1985,8,D,FS,KZ,F
09:02:11,MYOR,RG,1985,62,D,FS,XA,D
09:02:06,MYOR,RG,1985,15,D,FS,KZ,F
09:02:04,MYOR,RG,1985,15,D,FS,KZ,F
09:02:04,MYOR,RG,1985,12,D,YU,KZ,F
09:02:04,MYOR,RG,1990,1,D,XL,MG,D
09:02:04,MYOR,RG,1985,33,D,YU,AG,D
09:02:04,MYOR,RG,1985,32,D,YU,AG,D
09:02:04,MYOR,RG,1985,35,D,YU,AG,D
09:02:02,MYOR,RG,1985,11,D,YU,KZ,F
09:02:02,MYOR,RG,1985,5,D,YU,AK,F
09:02:02,MYOR,RG,1985,1,D,AT,AK,F
09:01:54,MYOR,RG,1990,63,D,KK,MG,D
09:01:54,MYOR,RG,1985,18,D,KK,KZ,F
09:01:54,MYOR,RG,1985,20,D,KK,CC,D
09:01:54,MYOR,RG,1985,1,D,KK,KZ,F
09:01:54,MYOR,RG,1985,3,D,KK,KZ,F
09:01:54,MYOR,RG,1985,1,D,KK,KZ,F
09:01:54,MYOR,RG,1985,1,D,KK,AK,F
09:01:54,MYOR,RG,1985,2,D,KK,AK,F
09:01:54,MYOR,RG,1985,14,D,KK,BK,F
09:01:47,MYOR,RG,1980,61,D,ZP,KK,D
09:01:47,MYOR,RG,1980,1,D,YB,KK,D
09:01:47,MYOR,RG,1980,5,D,YB,KK,D
09:01:45,MYOR,RG,1985,1,D,XL,BK,F
09:01:44,MYOR,RG,1985,1,D,XC,BK,F
09:01:44,MYOR,RG,1985,4,D,XC,YB,D
09:01:38,MYOR,RG,1985,2,D,XL,YB,D
09:01:36,MYOR,RG,1985,1,D,YP,YB,D
09:01:36,MYOR,RG,1985,3,D,YB,YB,D
09:01:36,MYOR,RG,1985,3,D,YB,KZ,F
09:01:35,MYOR,RG,1985,15,D,YB,KZ,F
09:01:34,MYOR,RG,1985,14,D,YB,AZ,D
09:01:34,MYOR,RG,1985,1,D,PD,AZ,D
09:01:34,MYOR,RG,1985,19,D,SQ,AZ,D
09:01:33,MYOR,RG,1985,5,D,SQ,EP,D
09:01:33,MYOR,RG,1985,1,D,SQ,HP,D
09:01:33,MYOR,RG,1985,2,D,LS,HP,D
09:01:33,MYOR,RG,1985,7,D,YP,HP,D
09:01:33,MYOR,RG,1985,2,D,YP,XC,D
09:01:33,MYOR,RG,1985,7,D,PD,XC,D
09:01:33,MYOR,RG,1985,5,D,GR,XC,D
09:01:23,MYOR,RG,1990,5,D,YP,MG,D
09:01:23,MYOR,RG,1990,1,D,YP,MG,D
09:01:23,MYOR,RG,1990,3,D,SQ,MG,D
09:01:11,MYOR,RG,1990,1,D,SQ,KZ,F
09:00:46,MYOR,RG,2000,2,D,CD,KZ,F
09:00:46,MYOR,RG,2000,17,D,CD,BK,F
09:00:46,MYOR,RG,1995,1,D,CD,KZ,F
09:00:45,MYOR,RG,1990,5,D,SQ,AK,F
09:00:45,MYOR,RG,1990,7,D,YP,AK,F
09:00:45,MYOR,RG,1990,2,D,AT,AK,F
09:00:39,MYOR,RG,2000,1,D,YP,BK,F
09:00:36,MYOR,RG,1990,8,D,AT,KZ,F
09:00:36,MYOR,RG,1990,7,D,YP,KZ,F
09:00:36,MYOR,RG,1990,2,D,OD,KZ,F
09:00:36,MYOR,RG,1990,1,D,YP,KZ,F
09:00:36,MYOR,RG,1990,16,D,PD,KZ,F
09:00:36,MYOR,RG,1990,4,D,PD,KZ,F
09:00:36,MYOR,RG,1990,5,D,PD,KZ,F
09:00:35,MYOR,RG,1995,5,D,YP,KZ,F
09:00:35,MYOR,RG,1995,2,D,PD,KZ,F
09:00:35,MYOR,RG,1995,18,D,PD,KZ,F
09:00:33,MYOR,RG,2000,22,D,YP,CC,F
09:00:33,MYOR,RG,2000,2,D,YB,CC,F
09:00:33,MYOR,RG,2000,3,D,YP,CC,F
09:00:33,MYOR,RG,2000,1,D,XC,CC,F
09:00:33,MYOR,RG,2000,30,D,CC,CC,F
09:00:33,MYOR,RG,2000,8,D,XC,CC,F
09:00:33,MYOR,RG,2000,2,D,XC,CC,F
09:00:33,MYOR,RG,2000,20,D,XC,CC,F
09:00:33,MYOR,RG,2000,5,D,DH,CC,F
09:00:33,MYOR,RG,2000,2,D,XC,CC,F
09:00:33,MYOR,RG,2000,5,D,PD,CC,F
09:00:33,MYOR,RG,2000,1,D,PD,CC,F
09:00:33,MYOR,RG,2000,35,D,PD,CC,F
09:00:33,MYOR,RG,2000,2,D,PD,CC,F
09:00:33,MYOR,RG,2000,1,D,PD,CC,F
09:00:33,MYOR,RG,2000,5,D,PD,CC,F
09:00:33,MYOR,RG,2000,5,D,PD,CC,F
09:00:33,MYOR,RG,2000,1,D,PD,CC,F
09:00:33,MYOR,RG,2000,2,D,PD,CC,F
09:00:33,MYOR,RG,2000,25,D,YB,CC,F
09:00:33,MYOR,RG,2000,10,D,GR,CC,F
09:00:33,MYOR,RG,2000,2,D,YB,CC,F
09:00:33,MYOR,RG,2000,27,D,AZ,CC,F
09:00:17,MYOR,RG,2000,48,D,AZ,KZ,F
09:00:17,MYOR,RG,2000,1,D,XC,KZ,F
09:00:17,MYOR,RG,2000,5,D,YB,KZ,F
09:00:17,MYOR,RG,2000,3,D,YB,KZ,F
09:00:15,MYOR,RG,2000,2,D,YB,KZ,F
09:00:15,MYOR,RG,2000,5,D,YB,KZ,F
09:00:15,MYOR,RG,2000,3,D,YB,KZ,F
09:00:15,MYOR,RG,2000,4,D,YB,KZ,F
09:00:14,MYOR,RG,2000,1,D,YB,AK,F
09:00:14,MYOR,RG,2000,8,D,YB,AK,F
09:00:14,MYOR,RG,2000,4,D,YB,AK,F
09:00:14,MYOR,RG,2000,55,D,YB,CC,F
09:00:14,MYOR,RG,2000,10,D,AT,CC,F
09:00:14,MYOR,RG,2000,39,D,YU,CC,F
09:00:14,MYOR,RG,2000,62,D,YU,CC,F
09:00:14,MYOR,RG,2000,39,D,YU,CC,F
09:00:13,MYOR,RG,2000,12,D,YU,KZ,F
09:00:11,MYOR,RG,2000,1,D,YU,CC,D
09:00:11,MYOR,RG,2000,3,D,YU,XC,D
09:00:11,MYOR,RG,2000,5,D,YB,XC,D
09:00:11,MYOR,RG,2000,2,D,YB,XC,D
09:00:11,MYOR,RG,2000,40,D,HP,XC,D
09:00:11,MYOR,RG,2000,1,D,HP,KZ,F
09:00:09,MYOR,RG,2000,3,D,HP,KZ,F
09:00:05,MYOR,RG,2000,3,D,HP,YP,D
09:00:04,MYOR,RG,2000,1,D,HP,PD,D
09:00:04,MYOR,RG,2010,1,D,PD,PD,D
09:00:03,MYOR,RG,2000,2,D,HP,PD,D
09:00:03,MYOR,RG,2010,1,D,PD,PD,D
09:00:03,MYOR,RG,2010,2,D,YB,PD,D
09:00:03,MYOR,RG,2010,2,D,YB,PD,D
09:00:03,MYOR,RG,2010,1,D,YB,PD,D
09:00:02,MYOR,RG,2020,2,D,YB,PD,D
