Time,Stock,Brd,Price,Qty,BT,BC,SC,ST
15:14:32,MYOR,RG,2020,15,D,YP,CC,D
15:14:24,MYOR,RG,2020,3,D,XC,CC,D
15:14:18,MYOR,RG,2020,15,D,YP,CC,D
15:14:01,MYOR,RG,2020,15,D,CC,CC,D
15:13:57,MYOR,RG,2020,5,D,YP,CC,D
15:08:59,MYOR,RG,2020,5,D,EP,CC,D
15:07:27,MYOR,RG,2020,1,D,PD,CC,D
15:07:10,MYOR,RG,2020,6,D,XC,CC,D
15:06:45,MYOR,RG,2020,6,D,XC,CC,D
15:06:36,MYOR,RG,2020,1,D,XC,CC,D
15:02:53,MYOR,RG,2020,3,D,XL,CC,D
15:02:25,MYOR,RG,2020,6,D,BQ,CC,D
15:02:18,MYOR,RG,2020,225,D,BQ,CC,D
15:02:18,MYOR,RG,2020,5,D,BQ,DH,D
15:02:18,MYOR,RG,2020,100,D,BQ,DH,D
15:02:18,MYOR,RG,2020,1,D,BQ,DH,D
15:02:18,MYOR,RG,2020,1,D,BQ,GR,D
15:02:18,MYOR,RG,2020,15,D,BQ,EP,D
15:02:18,MYOR,RG,2020,16,D,BQ,NI,D
15:02:18,MYOR,RG,2020,5,D,BQ,CC,D
15:02:18,MYOR,RG,2020,60,D,BQ,YP,D
15:02:18,MYOR,RG,2020,3,D,BQ,YP,D
15:02:18,MYOR,RG,2020,2,D,BQ,YP,D
15:02:18,MYOR,RG,2020,25,D,BQ,EP,D
15:02:18,MYOR,RG,2020,10,D,BQ,KK,D
15:02:18,MYOR,RG,2020,70,D,BQ,EP,D
15:02:18,MYOR,RG,2020,362,D,BQ,GR,D
15:02:05,MYOR,RG,2020,1,D,PD,GR,D
15:01:14,MYOR,RG,2020,10,D,YP,GR,D
15:01:07,MYOR,RG,2020,5,D,YP,GR,D
15:01:03,MYOR,RG,2020,1,D,YP,GR,D
15:01:03,MYOR,RG,2020,6,D,YP,GR,D
15:01:02,MYOR,RG,2020,10,D,OD,GR,D
15:01:01,MYOR,RG,2020,1,D,YP,GR,D
15:00:00,MYOR,RG,2020,222,D,KK,GR,D
15:00:00,MYOR,RG,2020,30,D,NI,GR,D
15:00:00,MYOR,RG,2020,5,D,PD,GR,D
15:00:00,MYOR,RG,2020,5,D,XC,GR,D
15:00:00,MYOR,RG,2020,160,D,EP,GR,D
15:00:00,MYOR,RG,2020,3,D,XL,GR,D
15:00:00,MYOR,RG,2020,2,D,SQ,GR,D
15:00:00,MYOR,RG,2020,5,D,YP,GR,D
15:00:00,MYOR,RG,2020,50,D,YP,GR,D
15:00:00,MYOR,RG,2020,25,D,NI,GR,D
15:00:00,MYOR,RG,2020,5,D,CC,GR,D
15:00:00,MYOR,RG,2020,3,D,DR,GR,D
15:00:00,MYOR,RG,2020,10,D,YP,GR,D
15:00:00,MYOR,RG,2020,48,D,YB,GR,D
15:00:00,MYOR,RG,2020,44,D,XL,GR,D
15:00:00,MYOR,RG,2020,5,D,XL,YP,D
15:00:00,MYOR,RG,2020,15,D,YP,YP,D
15:00:00,MYOR,RG,2020,50,D,ZP,YP,D
15:00:00,MYOR,RG,2020,3,D,YP,NI,D
15:00:00,MYOR,RG,2020,10,D,YP,KK,D
15:00:00,MYOR,RG,2020,11,D,YP,SQ,D
15:00:00,MYOR,RG,2020,123,D,YP,SQ,D
15:00:00,MYOR,RG,2020,10,D,CC,SQ,D
15:00:00,MYOR,RG,2020,5,D,XC,SQ,D
15:00:00,MYOR,RG,2020,5,D,YB,SQ,D
15:00:00,MYOR,RG,2020,2,D,PD,SQ,D
15:00:00,MYOR,RG,2020,5,D,HP,SQ,D
15:00:00,MYOR,RG,2020,10,D,CC,SQ,D
15:00:00,MYOR,RG,2020,1,D,PD,SQ,D
15:00:00,MYOR,RG,2020,1,D,YP,SQ,D
15:00:00,MYOR,RG,2020,12,D,AZ,SQ,D
15:00:00,MYOR,RG,2020,215,D,BB,SQ,D
15:00:00,MYOR,RG,2020,10,D,BB,NI,D
15:00:00,MYOR,RG,2020,5,D,BB,DH,D
15:00:00,MYOR,RG,2020,4,D,BB,YP,D
15:00:00,MYOR,RG,2020,87,D,BB,MI,D
15:00:00,MYOR,RG,2020,25,D,BB,PD,D
15:00:00,MYOR,RG,2020,15,D,BB,KK,D
15:00:00,MYOR,RG,2020,55,D,BB,EP,D
15:00:00,MYOR,RG,2020,1,D,BB,DH,D
15:00:00,MYOR,RG,2020,20,D,BB,ZP,D
15:00:00,MYOR,RG,2020,1,D,BB,YP,D
15:00:00,MYOR,RG,2020,3,D,BB,SQ,D
15:00:00,MYOR,RG,2020,5,D,BB,OD,D
15:00:00,MYOR,RG,2020,1,D,BB,YP,D
15:00:00,MYOR,RG,2020,36,D,BB,KK,D
15:00:00,MYOR,RG,2020,22,D,BB,MG,D
15:00:00,MYOR,RG,2020,13,D,AT,MG,D
15:00:00,MYOR,RG,2020,15,D,ZP,MG,D
15:00:00,MYOR,RG,2020,2,D,ZP,LG,D
15:00:00,MYOR,RG,2020,2,D,ZP,EL,D
15:00:00,MYOR,RG,2020,36,D,ZP,CC,D
15:00:00,MYOR,RG,2020,1,D,ZP,XL,D
15:00:00,MYOR,RG,2020,7,D,ZP,XL,D
15:00:00,MYOR,RG,2020,10,D,ZP,KK,D
15:00:00,MYOR,RG,2020,2,D,ZP,SQ,D
15:00:00,MYOR,RG,2020,3,D,ZP,YP,D
15:00:00,MYOR,RG,2020,100,D,ZP,YP,D
15:00:00,MYOR,RG,2020,2,D,ZP,KK,D
15:00:00,MYOR,RG,2020,25,D,ZP,YP,D
15:00:00,MYOR,RG,2020,10,D,ZP,YP,D
15:00:00,MYOR,RG,2020,25,D,ZP,XL,D
14:49:46,MYOR,RG,2020,10,D,CC,KK,D
14:49:46,MYOR,RG,2010,20,D,YU,PD,D
14:49:46,MYOR,RG,2010,1,D,XC,PD,D
14:49:46,MYOR,RG,2010,1,D,TF,PD,D
14:49:46,MYOR,RG,2010,5,D,AZ,PD,D
14:49:36,MYOR,RG,2020,4,D,YP,KK,D
14:49:36,MYOR,RG,2020,2,D,YP,YP,D
14:49:36,MYOR,RG,2020,4,D,YP,PD,D
14:49:28,MYOR,RG,2020,1,D,MK,PD,D
14:49:24,MYOR,RG,2020,1,D,PD,AK,F
14:49:24,MYOR,RG,2020,10,D,XL,AK,F
14:49:24,MYOR,RG,2020,20,D,DR,AK,F
14:49:24,MYOR,RG,2020,1,D,YP,AK,F
14:49:24,MYOR,RG,2020,20,D,YP,AK,F
14:49:24,MYOR,RG,2020,12,D,YP,AK,F
14:49:24,MYOR,RG,2020,12,D,YP,MK,D
14:49:24,MYOR,RG,2020,3,D,XC,MK,D
14:49:24,MYOR,RG,2020,35,D,YP,MK,D
14:49:24,MYOR,RG,2020,317,D,CS,MK,D
14:49:24,MYOR,RG,2020,133,D,CS,MK,D
14:49:22,MYOR,RG,2020,2,D,CS,XC,D
14:49:22,MYOR,RG,2020,182,D,CS,AK,F
14:49:22,MYOR,RG,2020,270,D,CS,AK,F
14:49:22,MYOR,RG,2020,48,D,CS,AK,F
14:49:21,MYOR,RG,2020,2,D,CS,DH,D
14:49:21,MYOR,RG,2020,10,D,CS,DR,D
14:49:20,MYOR,RG,2030,208,D,YP,DX,D
14:49:18,MYOR,RG,2020,1,D,CS,XC,D
14:49:15,MYOR,RG,2020,1,D,CS,YP,D
14:49:08,MYOR,RG,2020,200,D,CS,MK,D
14:49:08,MYOR,RG,2020,254,D,CS,MK,D
14:49:08,MYOR,RG,2020,46,D,CS,MK,D
14:49:04,MYOR,RG,2030,5,D,IP,DX,D
14:49:00,MYOR,RG,2030,50,D,XC,DX,D
14:49:00,MYOR,RG,2030,1,D,CC,DX,D
14:49:00,MYOR,RG,2030,20,D,AK,DX,D
14:49:00,MYOR,RG,2030,2,D,AK,DX,D
14:48:59,MYOR,RG,2030,5,D,AK,DX,D
14:48:59,MYOR,RG,2030,10,F,AK,DX,D
14:48:59,MYOR,RG,2030,5,F,AK,DX,D
14:48:59,MYOR,RG,2030,2,F,AK,DX,D
14:48:59,MYOR,RG,2030,1,F,AK,DX,D
14:48:59,MYOR,RG,2030,1,F,AK,DX,D
14:48:51,MYOR,RG,2030,4,D,XA,DX,D
14:48:49,MYOR,RG,2020,3,D,CS,KK,D
14:48:45,MYOR,RG,2030,26,D,PD,DX,D
14:48:45,MYOR,RG,2030,1,F,AK,DX,D
14:48:45,MYOR,RG,2030,24,D,AK,DX,D
14:48:39,MYOR,RG,2020,10,D,CS,BQ,D
14:48:36,MYOR,RG,2020,24,D,CS,XC,D
14:48:35,MYOR,RG,2030,2,D,AK,DX,D
14:48:29,MYOR,RG,2030,6,D,AK,DX,D
14:48:28,MYOR,RG,2020,2,D,CS,DH,D
14:48:25,MYOR,RG,2020,1,D,CS,XC,D
14:48:22,MYOR,RG,2020,70,D,CS,XL,D
14:48:18,MYOR,RG,2020,12,D,CS,AK,F
14:48:12,MYOR,RG,2030,194,D,BB,DX,D
14:48:09,MYOR,RG,2030,1,D,BB,DX,D
14:48:09,MYOR,RG,2030,49,D,BB,DX,D
14:48:09,MYOR,RG,2030,19,D,AK,DX,D
14:48:08,MYOR,RG,2030,170,D,XC,DX,D
14:48:03,MYOR,RG,2020,20,D,CS,XL,D
14:47:59,MYOR,RG,2020,2,D,CS,XC,D
14:47:55,MYOR,RG,2030,36,D,BB,DX,D
14:47:45,MYOR,RG,2030,53,D,BB,DX,D
14:47:40,MYOR,RG,2020,1,D,CS,YP,D
14:47:36,MYOR,RG,2020,10,D,CS,SQ,D
14:47:30,MYOR,RG,2030,41,D,BB,DX,D
14:47:20,MYOR,RG,2030,17,D,YP,DX,D
14:47:18,MYOR,RG,2030,19,D,BB,DX,D
14:47:16,MYOR,RG,2030,10,D,YP,DX,D
14:47:13,MYOR,RG,2030,20,D,BB,DX,D
14:47:07,MYOR,RG,2030,18,D,BB,DX,D
14:47:06,MYOR,RG,2030,2,D,PD,DX,D
14:47:06,MYOR,RG,2030,319,D,CS,DX,D
14:47:03,MYOR,RG,2030,64,D,AK,DX,D
14:47:02,MYOR,RG,2030,39,D,BB,DX,D
14:46:58,MYOR,RG,2020,1,D,CS,DH,D
14:46:58,MYOR,RG,2020,1,D,CS,DH,D
14:46:57,MYOR,RG,2020,2,D,CS,XC,D
14:46:53,MYOR,RG,2020,15,D,CS,XL,D
14:46:51,MYOR,RG,2030,82,D,BB,DX,D
14:46:40,MYOR,RG,2020,9,D,CS,ZP,F
14:46:39,MYOR,RG,2020,1,D,CS,YP,D
14:46:38,MYOR,RG,2020,3,D,CS,CC,D
14:46:36,MYOR,RG,2020,80,D,CS,XC,D
14:46:28,MYOR,RG,2020,1,D,CS,YB,D
14:46:02,MYOR,RG,2030,1,D,PD,DX,D
14:46:02,MYOR,RG,2030,2,D,XL,DX,D
14:45:57,MYOR,RG,2020,3,D,CS,IF,D
14:45:23,MYOR,RG,2020,20,D,CS,AZ,D
14:45:21,MYOR,RG,2020,2,D,CS,NI,D
14:45:12,MYOR,RG,2020,1,D,CS,AK,F
14:45:12,MYOR,RG,2020,26,D,CS,OD,D
14:45:12,MYOR,RG,2020,37,D,CS,YP,D
14:45:12,MYOR,RG,2020,63,D,CS,YP,D
14:45:12,MYOR,RG,2020,5,D,CS,KK,D
14:45:12,MYOR,RG,2020,2,D,CS,YP,D
14:45:12,MYOR,RG,2020,2,D,CS,YP,D
14:45:12,MYOR,RG,2020,1,D,CS,AZ,D
14:45:12,MYOR,RG,2020,2,D,CS,AZ,D
14:45:12,MYOR,RG,2020,1,D,CS,AK,F
14:45:12,MYOR,RG,2020,2,D,CS,AK,F
14:45:12,MYOR,RG,2020,30,D,CS,PD,D
14:45:12,MYOR,RG,2020,22,D,CS,PD,D
14:45:12,MYOR,RG,2020,9,D,CS,BR,D
14:45:12,MYOR,RG,2020,11,D,CS,BR,D
14:45:12,MYOR,RG,2020,1,D,CS,YP,D
14:45:12,MYOR,RG,2020,2,D,CS,OD,F
14:45:12,MYOR,RG,2020,5,D,CS,GR,D
14:45:12,MYOR,RG,2020,5,D,CS,GR,D
14:45:12,MYOR,RG,2020,13,D,CS,GR,D
14:45:12,MYOR,RG,2020,7,D,CS,GR,D
14:45:03,MYOR,RG,2020,1,D,YU,XC,D
14:45:03,MYOR,RG,2020,59,D,YU,KK,D
14:44:46,MYOR,RG,2020,5,D,HP,KK,D
14:44:42,MYOR,RG,2010,1,D,BB,CC,D
14:44:25,MYOR,RG,2010,2,D,BB,EP,D
14:44:25,MYOR,RG,2010,10,D,BB,XC,D
14:44:22,MYOR,RG,2010,3,D,BB,CC,D
14:44:16,MYOR,RG,2010,175,D,BB,CD,D
14:44:03,MYOR,RG,2010,1,D,BB,BK,F
14:44:03,MYOR,RG,2020,1,D,CS,KK,D
14:44:03,MYOR,RG,2020,161,D,CS,AK,F
14:44:03,MYOR,RG,2020,160,D,CS,AK,F
14:44:03,MYOR,RG,2020,9,D,CS,AK,F
14:44:03,MYOR,RG,2020,4,D,CS,GR,D
14:44:03,MYOR,RG,2020,11,D,CS,XC,D
14:44:03,MYOR,RG,2020,6,D,CS,PD,D
14:44:03,MYOR,RG,2020,7,D,CS,CC,D
14:44:03,MYOR,RG,2020,20,D,CS,BQ,D
14:44:03,MYOR,RG,2020,79,D,CS,CC,D
14:44:03,MYOR,RG,2020,104,D,CS,CC,D
14:44:03,MYOR,RG,2020,15,D,CS,XC,D
14:44:03,MYOR,RG,2020,12,D,CS,DR,D
14:44:03,MYOR,RG,2020,98,D,CS,DR,D
14:44:03,MYOR,RG,2020,4,D,CS,DH,D
14:44:03,MYOR,RG,2020,5,D,CS,PD,D
14:44:03,MYOR,RG,2020,5,D,CS,YB,D
14:44:03,MYOR,RG,2020,15,D,CS,AT,D
14:44:03,MYOR,RG,2020,35,D,CS,AT,D
14:44:03,MYOR,RG,2020,2,D,CS,YP,D
14:44:03,MYOR,RG,2020,25,D,CS,YP,D
14:44:03,MYOR,RG,2020,38,D,CS,BK,F
14:44:03,MYOR,RG,2020,54,D,CS,BK,F
14:44:03,MYOR,RG,2020,46,D,CS,AZ,D
14:44:03,MYOR,RG,2020,36,D,CS,AZ,D
14:44:03,MYOR,RG,2020,16,D,CS,AZ,D
14:44:03,MYOR,RG,2020,15,D,CS,AZ,D
14:44:03,MYOR,RG,2020,8,D,CS,AZ,D
14:44:03,MYOR,RG,2020,5,D,CS,AZ,D
14:44:03,MYOR,RG,2020,2,D,CS,AZ,D
14:44:03,MYOR,RG,2020,2,D,CS,AZ,D
14:43:08,MYOR,RG,2010,1,D,BB,XC,D
14:43:05,MYOR,RG,2010,10,D,BB,BK,F
14:43:04,MYOR,RG,2010,20,D,BB,BR,D
14:43:03,MYOR,RG,2010,20,D,BB,BQ,D
14:42:49,MYOR,RG,2010,1,D,BB,XC,D
14:42:23,MYOR,RG,2020,1,D,DH,AZ,D
14:42:15,MYOR,RG,2010,5,D,BB,YB,D
14:42:05,MYOR,RG,2020,1,D,XC,AZ,D
14:42:04,MYOR,RG,2010,12,D,BB,BK,F
14:42:02,MYOR,RG,2010,27,D,BB,BK,F
14:42:01,MYOR,RG,2010,133,D,BB,CC,D
14:42:00,MYOR,RG,2010,2,D,BB,PD,D
14:41:59,MYOR,RG,2020,2,D,YP,AZ,D
14:41:46,MYOR,RG,2010,11,D,BB,BK,F
14:41:43,MYOR,RG,2010,32,D,BB,BK,F
14:41:42,MYOR,RG,2010,41,D,BB,MG,D
14:41:42,MYOR,RG,2010,45,D,SQ,MG,D
14:41:42,MYOR,RG,2010,14,D,CC,MG,D
14:41:40,MYOR,RG,2010,14,D,CC,BK,F
14:41:40,MYOR,RG,2010,43,D,BB,BK,F
14:41:39,MYOR,RG,2010,43,D,BB,CC,D
14:41:39,MYOR,RG,2010,195,D,CS,CC,D
14:41:36,MYOR,RG,2010,68,D,CS,EP,D
14:41:29,MYOR,RG,2010,5,D,CS,DR,D
14:41:29,MYOR,RG,2010,12,D,CS,BK,F
14:41:28,MYOR,RG,2020,30,D,XL,AZ,D
14:41:09,MYOR,RG,2010,11,D,CS,BK,F
14:41:07,MYOR,RG,2020,27,D,AK,AZ,D
14:41:07,MYOR,RG,2020,59,D,AK,AZ,D
14:41:01,MYOR,RG,2020,56,D,AK,AZ,D
14:41:01,MYOR,RG,2020,41,D,AK,AZ,D
14:41:01,MYOR,RG,2020,4,F,CC,AZ,D
14:41:01,MYOR,RG,2020,149,D,CS,AZ,D
14:40:57,MYOR,RG,2020,30,D,CS,SQ,D
14:40:57,MYOR,RG,2020,1,D,CS,PD,D
14:40:57,MYOR,RG,2020,20,D,CS,XL,D
14:40:57,MYOR,RG,2020,1,D,CS,PD,D
14:40:57,MYOR,RG,2020,3,D,CS,DH,D
14:40:57,MYOR,RG,2020,10,D,CS,NI,D
14:40:57,MYOR,RG,2020,12,D,CS,PD,D
14:40:57,MYOR,RG,2020,1,D,CS,KK,D
14:40:57,MYOR,RG,2020,10,D,CS,KK,D
14:40:57,MYOR,RG,2020,1,D,CS,PD,D
14:40:57,MYOR,RG,2020,5,D,CS,DH,D
14:40:57,MYOR,RG,2020,2,D,CS,XC,D
14:40:57,MYOR,RG,2020,3,D,CS,XC,D
14:40:57,MYOR,RG,2020,105,D,CS,PD,D
14:40:57,MYOR,RG,2020,45,D,CS,CC,D
14:40:57,MYOR,RG,2020,4,D,CS,CC,D
14:40:57,MYOR,RG,2020,10,D,CS,PD,D
14:40:57,MYOR,RG,2020,30,D,CS,BQ,D
14:40:57,MYOR,RG,2020,11,D,CS,DR,D
14:40:57,MYOR,RG,2020,4,D,CS,DH,D
14:40:57,MYOR,RG,2020,5,D,CS,AZ,D
14:40:57,MYOR,RG,2020,3,D,CS,PD,D
14:40:57,MYOR,RG,2020,5,D,CS,PD,D
14:40:57,MYOR,RG,2020,1,D,CS,PD,D
14:40:57,MYOR,RG,2020,2,D,CS,PD,D
14:40:57,MYOR,RG,2020,5,D,CS,DH,D
14:40:57,MYOR,RG,2020,45,D,CS,DH,D
14:40:57,MYOR,RG,2020,1,D,CS,YP,D
14:40:57,MYOR,RG,2020,8,D,CS,YP,D
14:40:57,MYOR,RG,2020,4,D,CS,AZ,D
14:40:57,MYOR,RG,2020,127,D,CS,AK,F
14:40:57,MYOR,RG,2020,19,D,CS,CD,D
14:40:57,MYOR,RG,2020,15,D,CS,YP,D
14:40:57,MYOR,RG,2020,1,D,CS,XC,D
14:40:57,MYOR,RG,2020,174,D,CS,XC,D
14:40:57,MYOR,RG,2020,10,D,CS,YP,D
14:40:57,MYOR,RG,2020,1,D,CS,YP,D
14:40:57,MYOR,RG,2020,50,D,CS,SQ,D
14:40:57,MYOR,RG,2020,1,D,CS,IF,D
14:40:57,MYOR,RG,2020,30,D,CS,SQ,D
14:40:57,MYOR,RG,2020,20,D,CS,SQ,D
14:40:57,MYOR,RG,2020,2,D,CS,DH,D
14:40:57,MYOR,RG,2020,2,D,CS,KK,D
14:40:57,MYOR,RG,2020,30,D,CS,CC,D
14:40:57,MYOR,RG,2020,183,D,CS,NI,D
14:40:57,MYOR,RG,2020,25,D,CS,CC,D
14:40:57,MYOR,RG,2020,1,D,CS,NI,D
14:40:57,MYOR,RG,2020,1,D,CS,XC,D
14:40:57,MYOR,RG,2020,2,D,CS,PD,D
14:40:57,MYOR,RG,2020,2,D,CS,NI,D
14:40:57,MYOR,RG,2020,5,D,CS,XL,D
14:40:57,MYOR,RG,2020,4,D,CS,PD,D
14:40:57,MYOR,RG,2020,12,D,CS,PD,D
14:40:57,MYOR,RG,2020,4,D,CS,DH,D
14:40:57,MYOR,RG,2020,40,D,CS,PD,D
14:40:57,MYOR,RG,2020,2,D,CS,YP,D
14:40:57,MYOR,RG,2020,40,D,CS,XC,D
14:40:57,MYOR,RG,2020,1,D,CS,PD,D
14:40:57,MYOR,RG,2020,20,D,CS,XC,D
14:40:57,MYOR,RG,2020,5,D,CS,XC,D
14:40:57,MYOR,RG,2020,6,D,CS,KK,D
14:40:57,MYOR,RG,2020,19,D,CS,KK,D
14:40:57,MYOR,RG,2020,2,D,CS,YP,D
14:40:57,MYOR,RG,2020,1,D,CS,PD,D
14:40:57,MYOR,RG,2020,1,D,CS,XC,D
14:40:57,MYOR,RG,2020,5,D,CS,KK,D
14:40:57,MYOR,RG,2020,1,D,CS,XC,D
14:40:57,MYOR,RG,2020,1,D,CS,YP,D
14:40:57,MYOR,RG,2020,50,D,CS,CC,D
14:40:57,MYOR,RG,2020,3,D,CS,KK,D
14:40:57,MYOR,RG,2020,140,D,CS,YP,D
14:40:57,MYOR,RG,2020,23,D,CS,CC,D
14:40:57,MYOR,RG,2020,7,D,CS,XC,D
14:40:57,MYOR,RG,2020,3,D,CS,XC,D
14:40:57,MYOR,RG,2020,15,D,CS,OD,D
14:40:57,MYOR,RG,2020,25,D,CS,LG,D
14:40:57,MYOR,RG,2020,98,D,CS,AZ,D
14:40:57,MYOR,RG,2020,381,D,CS,AZ,D
14:40:57,MYOR,RG,2020,300,D,CS,AZ,D
14:40:57,MYOR,RG,2020,299,D,CS,AZ,D
14:40:57,MYOR,RG,2020,107,D,CS,AZ,D
14:40:57,MYOR,RG,2020,49,D,CS,AZ,D
14:40:57,MYOR,RG,2020,45,D,CS,AZ,D
14:40:57,MYOR,RG,2020,25,D,CS,AZ,D
14:40:57,MYOR,RG,2020,16,D,CS,AZ,D
14:40:57,MYOR,RG,2020,6,D,CS,AZ,D
14:40:57,MYOR,RG,2020,7,D,CS,AZ,D
14:40:52,MYOR,RG,2010,1,D,CS,ZR,D
14:40:45,MYOR,RG,2010,8,D,CS,XC,D
14:40:36,MYOR,RG,2010,1,D,CS,DH,D
14:40:33,MYOR,RG,2010,10,D,CS,CC,D
14:40:30,MYOR,RG,2010,20,D,CS,BQ,D
14:40:24,MYOR,RG,2010,2,D,CS,BK,F
14:40:21,MYOR,RG,2010,167,D,CS,YP,D
14:40:21,MYOR,RG,2010,46,D,CS,YP,D
14:40:21,MYOR,RG,2010,2,D,CS,YP,D
14:40:21,MYOR,RG,2010,6,D,CS,YP,D
14:40:21,MYOR,RG,2010,29,D,CS,YP,D
14:40:08,MYOR,RG,2010,8,D,CS,KK,D
14:39:51,MYOR,RG,2010,8,D,CS,BK,F
14:39:51,MYOR,RG,2010,2,D,YP,BK,F
14:39:49,MYOR,RG,2010,8,D,YP,PD,D
14:39:49,MYOR,RG,2010,7,D,CS,PD,D
14:39:47,MYOR,RG,2020,1,D,YP,AZ,D
14:39:46,MYOR,RG,2020,10,D,PD,AZ,D
14:39:41,MYOR,RG,2020,5,D,AZ,AZ,D
14:39:37,MYOR,RG,2020,1,D,CS,AZ,D
14:39:35,MYOR,RG,2010,10,D,CS,BK,F
14:39:31,MYOR,RG,2010,28,D,CS,BK,F
14:39:24,MYOR,RG,2010,8,D,CS,BK,F
14:39:24,MYOR,RG,2010,3,D,CS,BK,F
14:39:24,MYOR,RG,2010,26,D,AK,BK,F
14:39:24,MYOR,RG,2010,8,F,AK,BK,F
14:39:20,MYOR,RG,2010,4,F,AK,BK,F
14:39:20,MYOR,RG,2010,22,F,AK,BK,F
14:39:20,MYOR,RG,2010,15,D,CS,BK,F
14:39:20,MYOR,RG,2010,111,D,CS,BK,F
14:39:20,MYOR,RG,2010,16,D,CS,BK,F
14:39:20,MYOR,RG,2010,49,D,CS,BK,F
14:39:18,MYOR,RG,2020,1,D,CS,AZ,D
14:39:18,MYOR,RG,2020,1,D,CS,AZ,D
14:39:18,MYOR,RG,2020,35,D,AK,AZ,D
14:39:18,MYOR,RG,2020,5,D,CS,AZ,D
14:39:18,MYOR,RG,2020,6,D,CS,AZ,D
14:39:18,MYOR,RG,2020,102,D,CS,AZ,D
14:39:18,MYOR,RG,2020,5,D,CS,CC,D
14:39:18,MYOR,RG,2020,28,D,CS,SQ,D
14:39:18,MYOR,RG,2020,10,D,CS,CC,D
14:39:18,MYOR,RG,2020,1,D,CS,BQ,D
14:39:18,MYOR,RG,2020,10,D,CS,YP,D
14:39:18,MYOR,RG,2020,25,D,CS,CC,D
14:39:18,MYOR,RG,2020,5,D,CS,SQ,D
14:39:18,MYOR,RG,2020,2,D,CS,PD,D
14:39:18,MYOR,RG,2020,135,D,CS,CC,D
14:39:18,MYOR,RG,2020,1,D,CS,YU,D
14:39:18,MYOR,RG,2020,6,D,CS,PD,D
14:39:18,MYOR,RG,2020,2,D,CS,PD,D
14:39:18,MYOR,RG,2020,5,D,CS,PD,D
14:39:18,MYOR,RG,2020,30,D,CS,XC,D
14:39:18,MYOR,RG,2020,2,D,CS,PD,D
14:39:18,MYOR,RG,2020,10,D,CS,PD,D
14:39:18,MYOR,RG,2020,200,D,CS,DR,D
14:39:18,MYOR,RG,2020,1,D,CS,XC,D
14:39:18,MYOR,RG,2020,2,D,CS,PD,D
14:39:18,MYOR,RG,2020,10,D,CS,XA,D
14:39:18,MYOR,RG,2020,1,D,CS,XC,D
14:39:18,MYOR,RG,2020,1,D,CS,YP,D
14:39:18,MYOR,RG,2020,15,D,CS,PD,D
14:39:18,MYOR,RG,2020,2,D,CS,YP,D
14:39:18,MYOR,RG,2020,100,D,CS,DR,D
14:39:18,MYOR,RG,2020,289,D,CS,YP,D
14:39:03,MYOR,RG,2020,2,D,CS,YP,D
14:38:57,MYOR,RG,2020,1,D,CS,YP,D
14:38:57,MYOR,RG,2010,25,D,CS,PD,D
14:38:57,MYOR,RG,2010,40,D,CS,PD,D
14:38:46,MYOR,RG,2010,6,D,CS,KK,D
14:38:41,MYOR,RG,2010,7,D,CS,YP,D
14:38:29,MYOR,RG,2020,1,D,CS,YP,D
14:38:29,MYOR,RG,2020,19,D,PD,YP,D
14:38:26,MYOR,RG,2020,1,D,CS,YP,D
14:38:26,MYOR,RG,2020,2,D,CS,YP,D
14:38:02,MYOR,RG,2010,4,D,CS,DR,D
14:37:57,MYOR,RG,2020,100,D,SQ,YP,D
14:37:45,MYOR,RG,2020,1,D,CS,YP,D
14:37:45,MYOR,RG,2020,64,D,AK,YP,D
14:37:35,MYOR,RG,2020,1,D,CS,YP,D
14:37:35,MYOR,RG,2010,6,D,CS,YP,D
14:37:35,MYOR,RG,2010,8,D,CS,YP,D
14:37:35,MYOR,RG,2010,26,D,CS,YP,D
14:37:31,MYOR,RG,2010,30,D,CS,AZ,D
14:37:23,MYOR,RG,2010,1,D,CS,XL,D
14:37:18,MYOR,RG,2010,7,D,CS,XL,D
14:37:18,MYOR,RG,2010,3,D,CS,XL,D
14:37:16,MYOR,RG,2010,5,D,CS,PD,D
14:37:11,MYOR,RG,2020,1,D,AZ,YP,D
14:37:01,MYOR,RG,2010,1,D,CS,XC,D
14:36:46,MYOR,RG,2010,1,D,CS,OD,D
14:36:44,MYOR,RG,2020,1,D,CS,YP,D
14:36:44,MYOR,RG,2010,50,D,CS,DH,D
14:36:36,MYOR,RG,2010,10,D,CS,XC,D
14:36:35,MYOR,RG,2010,10,D,CS,XC,D
14:36:34,MYOR,RG,2010,15,D,CS,YP,D
14:36:09,MYOR,RG,2010,3,D,CS,XC,D
14:36:09,MYOR,RG,2010,2,D,CS,XC,D
14:35:56,MYOR,RG,2010,5,D,CS,PD,D
14:35:51,MYOR,RG,2020,3,D,CS,YP,D
14:35:51,MYOR,RG,2020,3,D,CS,YP,D
14:35:51,MYOR,RG,2010,33,D,CS,YP,D
14:35:51,MYOR,RG,2010,3,D,CS,YP,D
14:35:51,MYOR,RG,2010,6,D,CS,YP,D
14:35:51,MYOR,RG,2010,43,D,CS,YP,D
14:35:51,MYOR,RG,2010,50,D,CS,YP,D
14:35:51,MYOR,RG,2010,2,D,CS,YP,D
14:35:51,MYOR,RG,2010,1,F,CC,YP,D
14:35:51,MYOR,RG,2010,111,D,CS,YP,D
14:35:51,MYOR,RG,2010,4,D,CS,YP,D
14:35:51,MYOR,RG,2010,75,D,CS,YP,D
14:35:51,MYOR,RG,2010,172,D,CS,YP,D
14:35:40,MYOR,RG,2020,1,D,CS,YP,D
14:35:40,MYOR,RG,2020,1,D,CS,YP,D
14:35:38,MYOR,RG,2020,2,D,CS,YP,D
14:35:38,MYOR,RG,2020,1,D,CS,YP,D
14:35:38,MYOR,RG,2020,2,D,CS,YP,D
14:35:38,MYOR,RG,2020,2,D,CS,YP,D
14:35:38,MYOR,RG,2020,1,D,CS,YP,D
14:35:38,MYOR,RG,2020,1,D,CS,YP,D
14:35:38,MYOR,RG,2020,1,D,CS,YP,D
14:35:38,MYOR,RG,2020,1,D,CS,YP,D
14:35:38,MYOR,RG,2020,5,D,CS,PD,D
14:35:38,MYOR,RG,2020,28,D,CS,ZP,D
14:35:38,MYOR,RG,2020,172,D,CS,ZP,D
14:35:38,MYOR,RG,2020,17,D,CS,KK,D
14:35:38,MYOR,RG,2020,3,D,CS,KK,D
14:35:38,MYOR,RG,2020,1,D,CS,DH,D
14:35:38,MYOR,RG,2020,1,D,CS,DH,D
14:35:38,MYOR,RG,2020,30,D,CS,YB,D
14:35:38,MYOR,RG,2020,1,D,CS,GR,D
14:35:38,MYOR,RG,2020,4,D,CS,XC,D
14:35:38,MYOR,RG,2010,1,D,CS,XC,D
14:35:38,MYOR,RG,2010,20,D,CS,YP,D
14:35:38,MYOR,RG,2010,5,D,CS,TP,D
14:35:38,MYOR,RG,2010,5,D,CS,DH,D
14:35:38,MYOR,RG,2010,1,D,CS,XL,D
14:35:38,MYOR,RG,2010,40,D,CS,BQ,D
14:35:38,MYOR,RG,2010,5,D,CS,FS,D
14:35:38,MYOR,RG,2010,5,D,CS,EP,D
14:35:38,MYOR,RG,2010,60,D,CS,YU,D
14:35:38,MYOR,RG,2010,5,D,CS,PD,D
14:35:38,MYOR,RG,2010,9,D,CS,IF,D
14:35:38,MYOR,RG,2010,1,D,CS,IF,D
14:35:38,MYOR,RG,2010,4,D,CS,PD,D
14:35:38,MYOR,RG,2010,10,D,CS,YP,D
14:35:38,MYOR,RG,2010,10,D,CS,PD,D
14:35:38,MYOR,RG,2010,8,D,CS,CC,D
14:35:38,MYOR,RG,2010,1,D,CS,XL,D
14:35:38,MYOR,RG,2010,5,D,CS,DH,D
14:35:38,MYOR,RG,2010,66,D,CS,KK,D
14:35:38,MYOR,RG,2010,1,D,CS,KK,D
14:35:38,MYOR,RG,2010,2,D,CS,KK,D
14:35:38,MYOR,RG,2010,50,D,CS,KK,D
14:35:38,MYOR,RG,2010,5,D,CS,PD,D
14:35:38,MYOR,RG,2010,30,D,CS,CC,D
14:35:38,MYOR,RG,2010,3,D,CS,XC,D
14:35:38,MYOR,RG,2010,10,D,CS,GR,D
14:35:38,MYOR,RG,2010,7,D,CS,MK,D
14:35:38,MYOR,RG,2010,1,D,CS,KK,D
14:35:38,MYOR,RG,2010,72,D,CS,KK,D
14:35:37,MYOR,RG,2010,28,D,CS,KK,D
14:35:37,MYOR,RG,2010,2,D,CS,DH,D
14:35:37,MYOR,RG,2010,47,D,CS,KK,D
14:35:37,MYOR,RG,2010,1,D,CS,KK,D
14:35:37,MYOR,RG,2010,2,D,CS,KK,D
14:35:37,MYOR,RG,2010,2,D,CS,YP,D
14:35:37,MYOR,RG,2010,4,D,CS,PD,D
14:35:37,MYOR,RG,2010,30,D,CS,XL,D
14:35:37,MYOR,RG,2010,9,D,CS,XL,D
14:35:37,MYOR,RG,2010,23,D,CS,XL,D
14:35:37,MYOR,RG,2010,4,D,CS,XL,D
14:35:37,MYOR,RG,2010,30,D,CS,BQ,D
14:35:37,MYOR,RG,2010,5,D,CS,CC,D
14:35:37,MYOR,RG,2010,1,D,CS,DR,D
14:35:37,MYOR,RG,2010,20,D,CS,PD,D
14:35:37,MYOR,RG,2010,1,D,CS,NI,D
14:35:37,MYOR,RG,2010,1,D,CS,CP,D
14:35:37,MYOR,RG,2010,18,D,CS,AK,F
14:35:37,MYOR,RG,2010,4,D,CS,AK,F
14:35:37,MYOR,RG,2010,1,D,CS,AK,F
14:35:37,MYOR,RG,2010,1,D,CS,AK,F
14:35:37,MYOR,RG,2010,1,D,CS,AK,F
14:35:37,MYOR,RG,2010,67,D,CS,AK,F
14:35:37,MYOR,RG,2010,13,D,CS,XC,D
14:35:37,MYOR,RG,2010,1,D,CS,PD,D
14:35:37,MYOR,RG,2010,5,D,CS,DR,D
14:35:37,MYOR,RG,2010,2,D,CS,DH,D
14:35:37,MYOR,RG,2010,10,D,CS,DR,D
14:35:37,MYOR,RG,2010,10,D,CS,NI,D
14:35:37,MYOR,RG,2010,10,D,CS,PD,D
14:35:37,MYOR,RG,2010,2,D,CS,PD,D
14:35:37,MYOR,RG,2010,2,D,CS,OD,D
14:35:37,MYOR,RG,2010,13,D,CS,OD,D
14:35:37,MYOR,RG,2010,15,D,CS,NI,D
14:35:37,MYOR,RG,2010,30,D,CS,CC,D
14:35:37,MYOR,RG,2010,3,D,CS,DH,D
14:35:37,MYOR,RG,2010,28,D,CS,XL,D
14:35:37,MYOR,RG,2010,23,D,CS,XL,D
14:35:36,MYOR,RG,2010,4,D,CS,XL,D
14:35:34,MYOR,RG,2010,2,D,XC,XL,D
14:35:27,MYOR,RG,2010,4,D,BQ,XL,D
14:35:26,MYOR,RG,2010,1,D,CS,XL,D
14:35:26,MYOR,RG,2000,3,D,CS,AK,F
14:35:26,MYOR,RG,2000,20,D,CS,YP,D
14:35:25,MYOR,RG,2010,1,D,CS,XL,D
14:35:25,MYOR,RG,2010,1,D,CS,XL,D
14:35:25,MYOR,RG,2010,1,D,CS,XL,D
14:35:25,MYOR,RG,2010,2,D,CS,XL,D
14:35:25,MYOR,RG,2010,2,D,CS,XL,D
14:35:25,MYOR,RG,2010,1,D,CS,XL,D
14:35:24,MYOR,RG,2010,180,D,BQ,XL,D
14:35:24,MYOR,RG,2010,3,D,BQ,PD,D
14:35:24,MYOR,RG,2010,1,D,BQ,PD,D
14:35:24,MYOR,RG,2010,5,D,BQ,GR,D
14:35:24,MYOR,RG,2010,1,D,BQ,XC,D
14:35:24,MYOR,RG,2010,8,D,BQ,YP,D
14:35:24,MYOR,RG,2010,10,D,BQ,YP,D
14:35:24,MYOR,RG,2010,2,D,BQ,PD,D
14:35:24,MYOR,RG,2010,30,D,BQ,YP,D
14:35:24,MYOR,RG,2010,2,D,BQ,YP,D
14:35:24,MYOR,RG,2010,1,D,BQ,OD,D
14:35:24,MYOR,RG,2010,10,D,BQ,CC,D
14:35:24,MYOR,RG,2010,3,D,BQ,PD,D
14:35:24,MYOR,RG,2010,50,D,BQ,XC,D
14:35:24,MYOR,RG,2010,15,D,BQ,PD,D
14:35:24,MYOR,RG,2010,1,D,BQ,PD,D
14:35:24,MYOR,RG,2010,200,D,BQ,PD,D
14:35:24,MYOR,RG,2010,3,D,BQ,PD,D
14:35:24,MYOR,RG,2010,3,D,BQ,XC,D
14:35:24,MYOR,RG,2010,6,D,BQ,KK,D
14:35:24,MYOR,RG,2010,5,D,BQ,DH,D
14:35:24,MYOR,RG,2010,61,D,BQ,DH,D
14:35:24,MYOR,RG,2010,1,D,CS,DH,D
14:35:24,MYOR,RG,2010,20,D,PC,DH,D
14:35:21,MYOR,RG,2000,5,D,CS,FS,D
14:35:15,MYOR,RG,2000,1,D,CS,AK,F
14:35:15,MYOR,RG,2010,18,D,YP,DH,D
14:35:15,MYOR,RG,2010,2,D,YP,CP,D
14:35:15,MYOR,RG,2010,30,D,YP,CP,D
14:35:14,MYOR,RG,2000,2,D,CS,XL,D
14:35:14,MYOR,RG,2000,17,D,CS,AK,F
14:35:14,MYOR,RG,2010,2,D,CS,CP,D
14:35:14,MYOR,RG,2010,1,D,CS,CP,D
14:35:14,MYOR,RG,2010,1,D,CS,CP,D
14:35:14,MYOR,RG,2010,1,D,CS,CP,D
14:35:14,MYOR,RG,2010,45,D,CS,CP,D
14:35:14,MYOR,RG,2010,10,D,CS,GR,D
14:35:14,MYOR,RG,2010,5,D,CS,DH,D
14:35:14,MYOR,RG,2010,1,D,CS,XC,D
14:35:14,MYOR,RG,2010,1,D,CS,XC,D
14:35:14,MYOR,RG,2010,5,D,CS,EP,D
14:35:14,MYOR,RG,2010,10,D,CS,KK,D
14:35:14,MYOR,RG,2010,3,D,CS,KK,D
14:35:14,MYOR,RG,2010,1,D,CS,CC,D
14:35:14,MYOR,RG,2010,8,D,CS,XC,D
14:35:14,MYOR,RG,2010,10,D,CS,NI,D
14:35:14,MYOR,RG,2010,6,D,CS,PD,D
14:35:14,MYOR,RG,2010,4,D,CS,EP,D
14:35:14,MYOR,RG,2010,26,D,CS,EP,D
14:35:14,MYOR,RG,2010,48,D,CS,YU,F
14:35:14,MYOR,RG,2010,3,D,CS,YU,F
14:35:14,MYOR,RG,2010,1,D,CS,YU,F
14:35:14,MYOR,RG,2010,2,D,CS,YU,F
14:35:14,MYOR,RG,2010,1,D,CS,YU,F
14:35:14,MYOR,RG,2010,10,D,CS,YU,F
14:35:13,MYOR,RG,2010,1,D,CS,YU,F
14:35:13,MYOR,RG,2010,1,D,CS,YU,F
14:35:13,MYOR,RG,2010,1,D,CS,YU,F
14:35:13,MYOR,RG,2010,172,D,CS,YU,F
14:35:13,MYOR,RG,2010,183,D,CS,YU,F
14:35:13,MYOR,RG,2010,1,D,CS,YU,F
14:35:13,MYOR,RG,2010,1,D,CS,YU,F
14:35:13,MYOR,RG,2010,25,D,CS,YU,F
14:35:13,MYOR,RG,2010,102,D,CS,YU,F
14:35:13,MYOR,RG,2010,1,D,CS,YU,F
14:35:13,MYOR,RG,2010,1,D,CS,YU,F
14:35:13,MYOR,RG,2010,23,D,CS,YU,F
14:35:13,MYOR,RG,2010,68,D,CS,YU,F
14:35:13,MYOR,RG,2010,3,D,CS,YU,F
14:35:13,MYOR,RG,2010,120,D,CS,YU,F
14:35:13,MYOR,RG,2000,2,D,CS,AK,F
14:35:13,MYOR,RG,2010,1,D,CS,YU,F
14:35:13,MYOR,RG,2010,1,D,CS,YU,F
14:35:13,MYOR,RG,2010,13,D,CS,YU,F
14:35:13,MYOR,RG,2010,88,D,CS,YU,F
14:35:09,MYOR,RG,2000,9,D,CS,DH,D
14:34:54,MYOR,RG,2010,5,D,XC,YU,F
14:34:40,MYOR,RG,2010,1,D,XL,YU,F
14:34:28,MYOR,RG,2010,4,D,HP,YU,F
14:34:28,MYOR,RG,2010,6,D,HP,CC,D
14:34:27,MYOR,RG,2010,20,D,EP,CC,D
14:34:14,MYOR,RG,2010,1,D,CS,CC,D
14:34:14,MYOR,RG,2010,1,D,CS,CC,D
14:34:14,MYOR,RG,2010,2,D,CS,CC,D
14:34:14,MYOR,RG,2010,1,D,CS,CC,D
14:34:14,MYOR,RG,2010,2,D,CS,CC,D
14:34:14,MYOR,RG,2010,27,D,CS,CC,D
14:34:14,MYOR,RG,2010,10,D,CS,CC,D
14:34:14,MYOR,RG,2010,12,D,CS,CC,D
14:34:14,MYOR,RG,2010,197,D,CS,CC,D
14:34:14,MYOR,RG,2010,2,D,CS,XC,D
14:34:14,MYOR,RG,2010,20,D,CS,CD,D
14:34:14,MYOR,RG,2010,1,D,CS,DH,D
14:34:14,MYOR,RG,2010,10,D,CS,CC,D
14:34:14,MYOR,RG,2010,1000,D,CS,SQ,D
14:34:14,MYOR,RG,2010,704,D,CS,YP,D
14:34:14,MYOR,RG,2010,2,D,CS,CC,D
14:34:14,MYOR,RG,2010,1,D,CS,YP,D
14:34:14,MYOR,RG,2010,5,D,CS,CC,D
14:34:14,MYOR,RG,2010,10,D,CS,OD,D
14:34:14,MYOR,RG,2010,2,D,CS,PD,D
14:34:14,MYOR,RG,2010,3,D,CS,PD,D
14:34:14,MYOR,RG,2010,1,D,CS,XC,D
14:34:14,MYOR,RG,2010,42,D,CS,CC,D
14:34:13,MYOR,RG,2010,5,D,EP,CC,D
14:33:36,MYOR,RG,2010,3,D,OD,CC,D
14:33:36,MYOR,RG,2010,1,D,OD,NI,D
14:33:36,MYOR,RG,2010,1,D,OD,SQ,D
14:33:35,MYOR,RG,2010,2,D,OD,SQ,D
14:33:17,MYOR,RG,2010,1,D,CS,SQ,D
14:33:17,MYOR,RG,2000,1,D,CS,OD,D
14:33:17,MYOR,RG,2000,9,D,CS,OD,D
14:33:17,MYOR,RG,2000,2,D,CS,OD,D
14:33:17,MYOR,RG,2000,1,D,YP,OD,D
14:33:17,MYOR,RG,2000,14,F,AK,OD,D
14:33:17,MYOR,RG,2000,58,D,BB,OD,D
14:33:15,MYOR,RG,2000,6,D,BB,CC,D
14:32:59,MYOR,RG,2000,20,D,BB,YP,D
14:32:58,MYOR,RG,2000,5,D,BB,TP,D
14:32:56,MYOR,RG,2000,1,D,BB,NI,D
14:32:50,MYOR,RG,2000,5,D,BB,XC,D
14:32:47,MYOR,RG,2000,10,D,BB,AI,D
14:32:46,MYOR,RG,2010,1,D,CS,SQ,D
14:32:46,MYOR,RG,2010,7,D,CS,SQ,D
14:32:46,MYOR,RG,2000,641,D,BB,KK,D
14:32:46,MYOR,RG,2000,2,D,CS,KK,D
14:32:46,MYOR,RG,2000,23,D,KZ,KK,D
14:32:46,MYOR,RG,2000,276,D,KZ,KK,D
14:32:46,MYOR,RG,2000,2,D,YP,KK,D
14:32:46,MYOR,RG,2000,128,D,YP,KK,D
14:32:43,MYOR,RG,2000,372,D,YP,PD,D
14:32:43,MYOR,RG,2000,117,D,AK,PD,D
14:32:43,MYOR,RG,2000,32,D,AK,PD,D
14:32:43,MYOR,RG,2000,47,F,AK,PD,D
14:32:43,MYOR,RG,2000,182,D,KZ,PD,D
14:32:41,MYOR,RG,2000,5,D,KZ,EL,D
14:32:26,MYOR,RG,2000,3,D,KZ,BK,F
14:32:25,MYOR,RG,2010,1,D,BQ,PD,D
14:32:25,MYOR,RG,2010,3,D,BQ,CC,D
14:32:22,MYOR,RG,2000,4,D,KZ,BK,F
14:32:21,MYOR,RG,2000,15,D,KZ,AG,D
14:32:20,MYOR,RG,2000,10,D,KZ,PD,D
14:32:20,MYOR,RG,2010,97,D,BQ,CC,D
14:32:20,MYOR,RG,2010,1,D,BQ,KK,D
14:32:20,MYOR,RG,2010,10,D,BQ,KK,D
14:32:20,MYOR,RG,2010,50,D,BQ,YP,D
14:32:20,MYOR,RG,2010,1,D,BQ,PD,D
14:32:20,MYOR,RG,2010,50,D,BQ,YP,D
14:32:20,MYOR,RG,2010,2,D,BQ,PD,D
14:32:20,MYOR,RG,2010,5,D,BQ,DH,D
14:32:20,MYOR,RG,2010,50,D,BQ,LG,D
14:32:20,MYOR,RG,2010,16,D,BQ,EP,D
14:32:20,MYOR,RG,2010,1,D,BQ,PD,D
14:32:20,MYOR,RG,2010,2,D,BQ,PD,D
14:32:20,MYOR,RG,2010,4,D,BQ,XC,D
14:32:20,MYOR,RG,2010,2,D,BQ,XL,D
14:32:20,MYOR,RG,2010,100,D,BQ,KK,D
14:32:20,MYOR,RG,2010,10,D,BQ,GR,D
14:32:20,MYOR,RG,2010,5,D,BQ,YP,D
14:32:20,MYOR,RG,2010,2,D,BQ,PD,D
14:32:20,MYOR,RG,2010,1,D,BQ,YP,D
14:32:20,MYOR,RG,2010,3,D,BQ,EL,D
14:32:20,MYOR,RG,2010,80,D,BQ,YP,D
14:32:20,MYOR,RG,2010,100,D,BQ,YP,D
14:32:20,MYOR,RG,2010,1,D,BQ,NI,D
14:32:20,MYOR,RG,2010,3,D,BQ,PD,D
14:32:20,MYOR,RG,2010,4,D,BQ,YP,D
14:32:10,MYOR,RG,2010,8,D,CS,YP,D
14:32:01,MYOR,RG,2000,20,D,KZ,PD,D
14:31:35,MYOR,RG,2000,20,D,KZ,YP,D
14:31:34,MYOR,RG,2000,6,D,KZ,XC,D
14:31:32,MYOR,RG,2000,40,D,KZ,KK,D
14:31:31,MYOR,RG,2000,5,D,KZ,DH,D
14:31:21,MYOR,RG,2000,62,D,KZ,CC,D
14:31:13,MYOR,RG,2000,5,D,KZ,XL,D
14:31:09,MYOR,RG,2000,20,D,KZ,YP,D
14:31:06,MYOR,RG,2000,1,D,KZ,XC,D
14:30:57,MYOR,RG,2000,1,D,KZ,IP,D
14:30:56,MYOR,RG,2000,7,D,KZ,CC,D
14:30:05,MYOR,RG,2000,11,D,KZ,BK,F
14:30:05,MYOR,RG,2010,88,D,AK,YP,D
14:30:05,MYOR,RG,2010,3,D,AK,XC,D
14:30:05,MYOR,RG,2010,7,D,AK,EP,D
14:30:00,MYOR,RG,2000,18,D,KZ,BK,F
14:29:58,MYOR,RG,2000,6,D,KZ,NI,D
14:29:58,MYOR,RG,2000,2,D,CS,NI,D
14:29:58,MYOR,RG,2000,7,D,CS,NI,D
14:29:57,MYOR,RG,2000,17,D,CS,BK,F
14:29:57,MYOR,RG,2010,1,D,CS,EP,D
14:29:57,MYOR,RG,2010,3,D,CS,EP,D
14:29:57,MYOR,RG,2010,2,D,CS,EP,D
14:29:57,MYOR,RG,2000,96,D,CS,LS,D
14:29:57,MYOR,RG,2000,16,D,CS,LS,D
14:29:57,MYOR,RG,2000,80,D,CS,LS,D
14:29:57,MYOR,RG,2000,7,D,CS,LS,D
14:29:57,MYOR,RG,2000,73,D,CS,LS,D
14:29:57,MYOR,RG,2000,17,D,CS,LS,D
14:29:57,MYOR,RG,2000,68,D,CS,LS,D
14:29:57,MYOR,RG,2000,49,D,CS,LS,D
14:29:57,MYOR,RG,2000,112,D,CS,LS,D
14:29:57,MYOR,RG,2000,3,D,CS,LS,D
14:29:57,MYOR,RG,2000,34,D,CS,LS,D
14:29:46,MYOR,RG,2000,2,D,CS,IF,D
14:29:37,MYOR,RG,2010,2,D,XL,EP,D
14:29:26,MYOR,RG,2010,1,D,CS,EP,D
14:29:26,MYOR,RG,2010,1,D,CS,EP,D
14:29:26,MYOR,RG,2000,22,D,CS,ZP,D
14:29:26,MYOR,RG,2000,7,D,CS,ZP,D
14:29:22,MYOR,RG,2000,38,D,CS,PD,D
14:29:22,MYOR,RG,2000,2,D,CS,PD,D
14:29:22,MYOR,RG,2010,3,D,IP,EP,D
14:29:22,MYOR,RG,2010,1,D,IP,XL,D
14:29:22,MYOR,RG,2010,1,D,IP,EP,D
14:29:22,MYOR,RG,2010,2,D,IP,XC,D
14:29:15,MYOR,RG,2000,2,D,CS,CC,D
14:28:51,MYOR,RG,2000,5,D,CS,DH,D
14:28:42,MYOR,RG,2010,10,D,CC,ZP,D
14:28:11,MYOR,RG,2010,3,D,CS,ZP,D
14:28:10,MYOR,RG,2010,1,D,CS,ZP,D
14:28:10,MYOR,RG,2010,1,D,CS,ZP,D
14:28:10,MYOR,RG,2010,1,D,CS,ZP,D
14:28:10,MYOR,RG,2010,1,D,CS,ZP,D
14:28:10,MYOR,RG,2010,2,D,CS,ZP,D
14:28:10,MYOR,RG,2000,40,F,AK,BQ,D
14:28:10,MYOR,RG,2000,1,F,AK,PD,D
14:28:10,MYOR,RG,2000,20,F,AK,YP,D
14:28:10,MYOR,RG,2000,10,F,AK,KK,D
14:28:10,MYOR,RG,2000,1,F,AK,YB,D
14:28:10,MYOR,RG,2000,3,F,AK,AT,D
14:28:10,MYOR,RG,2000,15,F,AK,XC,D
14:28:10,MYOR,RG,2000,5,F,AK,DH,D
14:28:10,MYOR,RG,2000,2,F,AK,DH,D
14:28:10,MYOR,RG,2000,3,F,AK,KK,D
14:28:10,MYOR,RG,2000,1,F,AK,YP,D
14:28:10,MYOR,RG,2000,50,F,AK,PD,D
14:28:10,MYOR,RG,2000,1,F,AK,YB,D
14:28:10,MYOR,RG,2000,1,F,AK,KK,D
14:28:10,MYOR,RG,2000,1,D,CS,KK,D
14:28:10,MYOR,RG,2000,1,D,CS,KK,D
14:28:10,MYOR,RG,2000,1,D,CS,KK,D
14:28:10,MYOR,RG,2000,1,D,CS,KK,D
14:28:10,MYOR,RG,2000,2,D,CS,KK,D
14:28:10,MYOR,RG,2000,3,D,CS,KK,D
14:28:10,MYOR,RG,2000,9,D,CS,YP,D
14:28:10,MYOR,RG,2000,1,D,CS,YP,D
14:28:10,MYOR,RG,2000,1,D,CS,YP,D
14:28:10,MYOR,RG,2000,2,D,CS,YP,D
14:28:10,MYOR,RG,2000,2,D,CS,YP,D
14:28:10,MYOR,RG,2000,50,D,CS,CC,D
14:28:10,MYOR,RG,2000,30,D,CS,PD,D
14:28:10,MYOR,RG,2000,1,D,CS,PD,D
14:28:10,MYOR,RG,2000,2,D,CS,PD,D
14:28:10,MYOR,RG,2000,4,D,CS,PD,D
14:28:10,MYOR,RG,2000,13,D,CS,PD,D
14:28:10,MYOR,RG,2000,5,D,CS,PD,D
14:28:10,MYOR,RG,2000,22,D,CS,ZP,D
14:28:10,MYOR,RG,2000,8,D,CS,ZP,D
14:28:10,MYOR,RG,2000,1,D,CS,ZP,D
14:28:10,MYOR,RG,2000,1,D,CS,ZP,D
14:28:10,MYOR,RG,2000,76,F,AK,ZP,D
14:28:10,MYOR,RG,2000,100,F,AK,OD,D
14:28:10,MYOR,RG,2000,1,F,AK,ZP,D
14:28:10,MYOR,RG,2000,14,F,AK,XC,D
14:28:10,MYOR,RG,2000,4,F,AK,XL,D
14:28:10,MYOR,RG,2000,4,F,AK,EP,D
14:28:10,MYOR,RG,2000,5,F,AK,YP,D
14:28:10,MYOR,RG,2000,1,F,AK,PD,D
14:28:10,MYOR,RG,2000,5,F,AK,XC,D
14:28:10,MYOR,RG,2000,1,F,AK,YP,D
14:28:10,MYOR,RG,2000,3,F,AK,NI,D
14:28:10,MYOR,RG,2000,4,F,AK,DH,D
14:28:10,MYOR,RG,2000,9,F,AK,TP,D
14:28:10,MYOR,RG,2000,13,F,AK,XL,D
14:28:10,MYOR,RG,2000,7,F,AK,IP,D
14:28:10,MYOR,RG,2000,5,F,AK,EP,D
14:28:10,MYOR,RG,2000,6,F,AK,PD,D
14:28:10,MYOR,RG,2000,1,F,AK,XL,D
14:28:10,MYOR,RG,2000,4,F,AK,XC,D
14:28:10,MYOR,RG,2000,8,F,AK,XC,D
14:28:10,MYOR,RG,2000,5,F,AK,LG,D
14:28:10,MYOR,RG,2000,9,F,AK,XC,D
14:28:10,MYOR,RG,2000,1,D,CS,XC,D
14:28:10,MYOR,RG,2000,1,D,CS,XC,D
14:28:10,MYOR,RG,2000,7,D,CS,XC,D
14:28:10,MYOR,RG,2000,2,D,CS,XC,D
14:28:10,MYOR,RG,2000,3,D,CS,XC,D
14:28:10,MYOR,RG,2000,1,D,CS,XC,D
14:28:10,MYOR,RG,2000,1,D,CS,XC,D
14:28:10,MYOR,RG,2000,1,D,CS,YP,D
14:28:10,MYOR,RG,2000,20,D,AZ,NI,D
14:28:10,MYOR,RG,2000,5,D,AZ,PD,D
14:28:10,MYOR,RG,2000,3,D,AZ,DH,D
14:28:10,MYOR,RG,2000,1,D,AZ,XC,D
14:28:10,MYOR,RG,2000,2,D,AZ,XC,D
14:28:10,MYOR,RG,2000,9,D,AZ,XL,D
14:28:10,MYOR,RG,2000,1,D,AZ,XL,D
14:28:10,MYOR,RG,2000,3,D,AZ,CC,D
14:28:10,MYOR,RG,2000,26,D,AZ,PD,D
14:28:10,MYOR,RG,2000,30,D,AZ,NI,D
14:28:10,MYOR,RG,2000,2,D,AZ,YP,D
14:28:10,MYOR,RG,2000,50,D,AZ,CC,D
14:28:10,MYOR,RG,2000,20,D,AZ,NI,D
14:28:10,MYOR,RG,2000,8,D,AZ,XL,D
14:28:10,MYOR,RG,2000,20,D,AZ,KK,D
14:28:10,MYOR,RG,2000,3,D,AZ,NI,D
14:28:10,MYOR,RG,2000,10,D,AZ,YP,D
14:28:10,MYOR,RG,2000,1,D,AZ,OD,D
14:28:10,MYOR,RG,2000,15,D,AZ,YP,D
14:28:10,MYOR,RG,2000,2,D,AZ,PD,D
14:28:10,MYOR,RG,2000,10,D,AZ,GR,D
14:28:10,MYOR,RG,2000,5,D,AZ,ZP,D
14:28:10,MYOR,RG,2000,1,D,AZ,PD,D
14:28:10,MYOR,RG,2000,15,D,AZ,LG,D
14:28:10,MYOR,RG,2000,20,D,AZ,PD,D
14:28:10,MYOR,RG,2000,5,D,AZ,YP,D
14:28:10,MYOR,RG,2000,1,D,AZ,PD,D
14:28:10,MYOR,RG,2000,8,D,AZ,XL,D
14:28:10,MYOR,RG,2000,204,D,AZ,YP,D
14:28:10,MYOR,RG,2000,2,D,CS,YP,D
14:28:10,MYOR,RG,2000,4,D,CS,YP,D
14:28:10,MYOR,RG,2000,1,D,CS,YP,D
14:28:10,MYOR,RG,2000,1,D,CS,YP,D
14:28:10,MYOR,RG,2000,1,D,CS,YP,D
14:28:09,MYOR,RG,2000,37,F,AK,YP,D
14:28:09,MYOR,RG,2000,1,F,AK,PD,D
14:28:09,MYOR,RG,2000,1,F,AK,PD,D
14:28:09,MYOR,RG,2000,16,F,AK,XC,D
14:28:09,MYOR,RG,2000,5,F,AK,SQ,D
14:28:09,MYOR,RG,2000,4,F,AK,PD,D
14:28:09,MYOR,RG,2000,60,F,AK,CP,D
14:28:09,MYOR,RG,2000,5,F,AK,OD,D
14:28:09,MYOR,RG,2000,40,F,AK,CC,D
14:28:09,MYOR,RG,2000,3,F,AK,PD,D
14:28:09,MYOR,RG,2000,1,F,AK,XC,D
14:28:09,MYOR,RG,2000,3,F,AK,PD,D
14:28:09,MYOR,RG,2000,10,F,AK,YJ,D
14:28:09,MYOR,RG,2000,3,F,AK,XL,D
14:28:09,MYOR,RG,2000,5,F,AK,YP,D
14:28:09,MYOR,RG,2000,4,F,AK,CC,D
14:28:09,MYOR,RG,2000,87,F,AK,YP,D
14:28:09,MYOR,RG,2000,2,D,CS,YP,D
14:28:09,MYOR,RG,2000,2,D,CS,YP,D
14:28:09,MYOR,RG,2000,1,D,CS,YP,D
14:28:09,MYOR,RG,2000,2,D,CS,YP,D
14:28:09,MYOR,RG,2000,6,F,AK,YP,D
14:28:09,MYOR,RG,2000,10,F,AK,YP,D
14:28:09,MYOR,RG,2000,1,F,AK,XC,D
14:28:09,MYOR,RG,2000,1,F,AK,XC,D
14:28:09,MYOR,RG,2000,1,F,AK,XC,D
14:28:09,MYOR,RG,2000,25,F,AK,DR,D
14:28:09,MYOR,RG,2000,20,F,AK,XC,D
14:28:09,MYOR,RG,2000,2,F,AK,PD,D
14:28:09,MYOR,RG,2000,5,F,AK,PD,D
14:28:09,MYOR,RG,2000,2,F,AK,PD,D
14:28:09,MYOR,RG,2000,9,F,AK,PD,D
14:28:09,MYOR,RG,2000,195,F,AK,CC,D
14:28:09,MYOR,RG,2000,1,F,AK,XC,D
14:28:09,MYOR,RG,2000,7,F,AK,XC,D
14:28:09,MYOR,RG,2000,13,F,AK,XC,D
14:28:09,MYOR,RG,2000,30,F,AK,SQ,D
14:28:09,MYOR,RG,2000,6,F,AK,AZ,D
14:28:09,MYOR,RG,2000,4,F,AK,TF,D
14:28:09,MYOR,RG,2000,186,F,AK,YB,D
14:28:09,MYOR,RG,2000,46,F,AK,GR,D
14:28:09,MYOR,RG,2000,54,F,AK,GR,D
14:28:09,MYOR,RG,2000,1,F,AK,XC,D
14:28:09,MYOR,RG,2000,4,F,AK,OD,D
14:28:09,MYOR,RG,2000,20,F,AK,SQ,D
14:28:09,MYOR,RG,2000,1,F,AK,XC,D
14:28:09,MYOR,RG,2000,205,F,AK,KK,D
14:28:08,MYOR,RG,2000,70,D,MK,KK,D
14:28:08,MYOR,RG,2000,5,D,MK,XC,D
14:28:08,MYOR,RG,2000,425,D,MK,LS,D
14:28:07,MYOR,RG,2000,75,F,AK,LS,D
14:28:07,MYOR,RG,2000,9,F,AK,XL,D
14:28:07,MYOR,RG,2000,1,F,AK,DH,D
14:28:07,MYOR,RG,2000,10,F,AK,NI,D
14:28:07,MYOR,RG,1995,45,D,KZ,TP,D
14:28:06,MYOR,RG,2000,16,D,CS,NI,D
14:28:06,MYOR,RG,2000,7,D,CS,XL,D
14:28:06,MYOR,RG,2000,5,D,CS,XL,D
14:28:06,MYOR,RG,2000,6,D,CS,XC,D
14:28:06,MYOR,RG,2000,5,D,CS,YP,D
14:28:06,MYOR,RG,2000,30,D,CS,PD,D
14:28:06,MYOR,RG,2000,2,D,CS,XC,D
14:28:06,MYOR,RG,2000,80,D,CS,KK,D
14:28:06,MYOR,RG,2000,150,D,CS,KK,D
14:28:06,MYOR,RG,2000,108,D,CS,KK,D
14:28:06,MYOR,RG,2000,98,D,CS,KK,D
14:28:06,MYOR,RG,2000,92,D,CS,KK,D
14:28:06,MYOR,RG,2000,79,D,CS,KK,D
14:28:06,MYOR,RG,2000,66,D,CS,KK,D
14:28:06,MYOR,RG,2000,62,D,CS,KK,D
14:28:06,MYOR,RG,2000,21,D,CS,KK,D
14:28:06,MYOR,RG,2000,23,D,CS,KK,D
14:28:06,MYOR,RG,2000,12,D,CS,KK,D
14:28:06,MYOR,RG,2000,9,D,CS,KK,D
14:28:06,MYOR,RG,2000,4,D,CS,KK,D
14:28:06,MYOR,RG,2000,4,D,CS,KK,D
14:28:06,MYOR,RG,2000,12,D,CS,KK,D
14:27:55,MYOR,RG,1995,42,D,KZ,SQ,D
14:27:42,MYOR,RG,1995,7,D,KZ,AT,D
14:27:28,MYOR,RG,2000,5,D,CS,KK,D
14:27:24,MYOR,RG,2000,175,D,MK,KK,D
14:27:24,MYOR,RG,2000,50,D,MK,PD,D
14:27:24,MYOR,RG,2000,4,D,MK,PD,D
14:27:24,MYOR,RG,2000,200,D,MK,GR,D
14:27:24,MYOR,RG,2000,20,D,MK,PD,D
14:27:24,MYOR,RG,2000,3,D,MK,KK,D
14:27:24,MYOR,RG,2000,1,D,MK,PD,D
14:27:24,MYOR,RG,2000,5,D,MK,DR,D
14:27:24,MYOR,RG,2000,5,D,MK,YP,D
14:27:24,MYOR,RG,2000,1,D,MK,PD,D
14:27:24,MYOR,RG,2000,5,D,MK,XC,D
14:27:24,MYOR,RG,2000,10,D,MK,PD,D
14:27:24,MYOR,RG,2000,5,D,MK,XC,D
14:27:24,MYOR,RG,2000,5,D,MK,PD,D
14:27:24,MYOR,RG,2000,11,D,MK,PD,D
14:26:58,MYOR,RG,2000,17,D,AK,PD,D
14:26:58,MYOR,RG,2000,65,D,AK,KK,D
14:26:57,MYOR,RG,1995,3,D,KZ,RG,D
14:26:36,MYOR,RG,2000,15,D,YU,KK,D
14:26:36,MYOR,RG,2000,45,D,YU,SQ,D
14:26:36,MYOR,RG,1995,50,D,KZ,NI,D
14:25:31,MYOR,RG,2000,34,D,BB,SQ,D
14:25:19,MYOR,RG,2000,7,D,AT,SQ,D
14:25:10,MYOR,RG,1995,5,D,KZ,YP,D
14:25:08,MYOR,RG,1995,1,D,KZ,XL,D
14:25:04,MYOR,RG,1995,18,D,KZ,DR,D
14:24:54,MYOR,RG,2000,1,D,CS,SQ,D
14:24:54,MYOR,RG,1995,28,D,KZ,NI,D
14:24:54,MYOR,RG,1995,21,D,KZ,KK,D
14:24:54,MYOR,RG,1995,4,D,KZ,GR,D
14:24:54,MYOR,RG,1995,10,D,KZ,YP,D
14:24:52,MYOR,RG,1990,2,D,CS,PD,D
14:24:49,MYOR,RG,1995,10,D,CS,DR,D
14:24:49,MYOR,RG,1995,2,D,KZ,DR,D
14:24:49,MYOR,RG,1995,1,D,KZ,XC,D
14:24:49,MYOR,RG,1995,54,D,KZ,AG,F
14:24:39,MYOR,RG,1995,1,D,CS,AG,F
14:24:39,MYOR,RG,1995,13,D,CS,AG,F
14:24:26,MYOR,RG,1995,1,D,CS,AG,F
14:24:26,MYOR,RG,1995,21,D,CS,AG,F
14:24:06,MYOR,RG,1995,10,D,CS,AG,F
14:24:06,MYOR,RG,1995,10,D,CS,ZP,D
14:24:06,MYOR,RG,1995,2,D,CS,XC,D
14:24:03,MYOR,RG,1995,1,D,CS,XC,D
14:23:45,MYOR,RG,1995,18,D,CS,XC,D
14:23:45,MYOR,RG,1995,3,D,CS,YP,D
14:23:42,MYOR,RG,1995,1,D,CS,YP,D
14:23:42,MYOR,RG,1995,1,D,CS,YP,D
14:23:42,MYOR,RG,1990,44,D,CS,PD,D
14:23:42,MYOR,RG,1990,25,D,CS,PD,D
14:23:42,MYOR,RG,1990,23,D,CS,PD,D
14:23:42,MYOR,RG,1990,13,D,CS,PD,D
14:23:42,MYOR,RG,1990,10,D,CS,PD,D
14:23:42,MYOR,RG,1990,4,D,CS,PD,D
14:23:42,MYOR,RG,1990,4,D,CS,PD,D
14:23:42,MYOR,RG,1990,42,D,AK,PD,D
14:23:42,MYOR,RG,1990,1,D,BB,PD,D
14:23:42,MYOR,RG,1990,3,D,CS,PD,D
14:23:42,MYOR,RG,1990,1,D,CS,PD,D
14:23:42,MYOR,RG,1990,5,D,CS,PD,D
14:23:42,MYOR,RG,1990,3,D,CS,PD,D
14:23:42,MYOR,RG,1990,7,D,CS,PD,D
14:23:42,MYOR,RG,1990,1,D,CS,PD,D
14:23:42,MYOR,RG,1990,4,D,CS,PD,D
14:23:42,MYOR,RG,1990,1,D,CS,PD,D
14:23:42,MYOR,RG,1990,1,D,CS,PD,D
14:23:42,MYOR,RG,1990,1,D,CS,PD,D
14:23:42,MYOR,RG,1990,1,D,CS,PD,D
14:23:42,MYOR,RG,1990,6,D,CS,PD,D
14:23:25,MYOR,RG,1995,1,D,CS,YP,D
14:23:25,MYOR,RG,1995,19,D,CS,YP,D
14:23:25,MYOR,RG,1995,4,D,CS,DH,D
14:23:21,MYOR,RG,1995,1,D,CS,DH,D
14:23:04,MYOR,RG,1995,1,D,CS,DH,D
14:23:04,MYOR,RG,1995,20,D,CS,PD,D
14:22:44,MYOR,RG,1995,20,D,CS,PD,D
14:22:44,MYOR,RG,1995,2,D,CS,XL,D
14:22:23,MYOR,RG,1995,1,D,CS,XL,D
14:22:23,MYOR,RG,1995,1,D,CS,IF,D
14:22:23,MYOR,RG,1995,21,D,CS,CC,D
14:22:21,MYOR,RG,1995,18,D,PD,CC,D
14:22:14,MYOR,RG,1990,1,D,CS,PD,D
14:22:02,MYOR,RG,1995,1,D,CS,CC,D
14:22:02,MYOR,RG,1995,19,D,CS,BQ,D
14:21:52,MYOR,RG,1990,1,D,CS,YP,D
14:21:42,MYOR,RG,1995,33,D,CS,BQ,D
14:21:31,MYOR,RG,1990,4,D,CS,YP,D
14:21:31,MYOR,RG,1990,1,D,CS,YP,D
14:21:13,MYOR,RG,1990,2,D,CS,NI,D
14:21:11,MYOR,RG,1995,1,D,CS,BQ,D
14:21:11,MYOR,RG,1995,7,D,CS,BQ,D
14:21:11,MYOR,RG,1995,26,D,CS,YP,D
14:20:41,MYOR,RG,1995,34,D,CS,YP,D
14:19:41,MYOR,RG,1995,15,D,KK,YP,D
14:19:15,MYOR,RG,1995,1,D,CS,YP,D
14:19:08,MYOR,RG,1995,4,D,CS,YP,D
14:18:54,MYOR,RG,1990,1,D,CS,YP,D
14:18:54,MYOR,RG,1990,3,D,AK,YP,D
14:18:47,MYOR,RG,1990,5,D,AK,XL,D
14:18:12,MYOR,RG,1990,20,D,AK,XC,D
14:18:12,MYOR,RG,1990,1,D,BB,XC,D
14:18:12,MYOR,RG,1990,3,D,CS,XC,D
14:18:12,MYOR,RG,1990,1,D,YP,XC,D
14:18:09,MYOR,RG,1990,4,D,YP,XL,D
14:18:03,MYOR,RG,1995,20,D,EP,YP,D
14:17:54,MYOR,RG,1990,2,F,BK,YP,D
14:17:51,MYOR,RG,1990,1,D,PD,YP,D
14:17:46,MYOR,RG,1990,1,D,CS,YP,D
14:17:46,MYOR,RG,1990,126,F,BK,YP,D
14:17:44,MYOR,RG,1985,6,D,CS,BQ,D
14:17:44,MYOR,RG,1985,1,D,CS,BQ,D
14:17:44,MYOR,RG,1985,1,D,CS,BQ,D
14:17:44,MYOR,RG,1985,2,D,CS,BQ,D
14:17:44,MYOR,RG,1985,2,D,CS,BQ,D
14:17:44,MYOR,RG,1985,11,D,CS,BQ,D
14:17:44,MYOR,RG,1985,4,D,CS,BQ,D
14:17:03,MYOR,RG,1990,2,D,CS,YP,D
14:17:03,MYOR,RG,1990,5,D,CS,YP,D
14:17:03,MYOR,RG,1990,1,D,CS,YP,D
14:17:00,MYOR,RG,1990,1,D,CS,YP,D
14:17:00,MYOR,RG,1990,2,D,CS,YP,D
14:17:00,MYOR,RG,1990,309,F,AK,YP,D
14:16:59,MYOR,RG,1990,4,D,CS,YP,D
14:16:59,MYOR,RG,1990,1,D,CS,YP,D
14:16:59,MYOR,RG,1990,7,D,CS,YP,D
14:16:59,MYOR,RG,1990,170,F,AK,YP,D
14:16:59,MYOR,RG,1990,1,D,CS,YP,D
14:16:59,MYOR,RG,1990,25,D,BK,YP,D
14:16:59,MYOR,RG,1990,18,D,BK,YP,D
14:16:59,MYOR,RG,1990,58,D,BK,YP,D
14:16:59,MYOR,RG,1990,14,D,BK,YP,D
14:16:59,MYOR,RG,1990,11,D,BK,YP,D
14:16:59,MYOR,RG,1990,23,D,BK,YP,D
14:16:59,MYOR,RG,1990,45,D,KZ,YP,D
14:16:59,MYOR,RG,1990,532,D,KZ,YP,D
14:16:59,MYOR,RG,1990,12,D,BK,YP,D
14:16:59,MYOR,RG,1990,4,D,EP,YP,D
14:16:59,MYOR,RG,1990,11,D,BK,YP,D
14:16:59,MYOR,RG,1990,39,D,BK,YP,D
14:16:59,MYOR,RG,1990,14,D,BK,YP,D
14:16:59,MYOR,RG,1990,4,D,PD,YP,D
14:16:59,MYOR,RG,1990,14,D,BK,YP,D
14:16:59,MYOR,RG,1990,11,D,BK,YP,D
14:16:59,MYOR,RG,1990,47,D,CS,YP,D
14:16:59,MYOR,RG,1990,26,D,CS,YP,D
14:16:59,MYOR,RG,1990,1,D,PD,YP,D
14:16:59,MYOR,RG,1990,2,D,BK,YP,D
14:16:59,MYOR,RG,1990,9,F,AK,YP,D
14:16:59,MYOR,RG,1990,15,D,BK,YP,D
14:16:59,MYOR,RG,1990,37,D,BK,YP,D
14:16:59,MYOR,RG,1990,14,D,BK,YP,D
14:16:59,MYOR,RG,1990,16,D,BK,YP,D
14:16:59,MYOR,RG,1990,98,D,CS,YP,D
14:16:59,MYOR,RG,1990,11,D,BK,YP,D
14:16:59,MYOR,RG,1990,1,D,BK,YP,D
14:16:59,MYOR,RG,1990,8,D,BK,YP,D
14:16:59,MYOR,RG,1990,1,D,CS,YP,D
14:16:59,MYOR,RG,1990,2,D,PD,YP,D
14:16:59,MYOR,RG,1990,6,D,BK,YP,D
14:16:59,MYOR,RG,1990,7,D,BK,YP,D
14:16:59,MYOR,RG,1990,3,D,BK,YP,D
14:16:59,MYOR,RG,1990,9,D,BK,YP,D
14:16:59,MYOR,RG,1990,38,D,BK,YP,D
14:16:59,MYOR,RG,1990,1,D,BK,YP,D
14:16:59,MYOR,RG,1990,13,D,BK,YP,D
14:16:59,MYOR,RG,1990,14,D,BK,YP,D
14:16:59,MYOR,RG,1990,11,D,BK,YP,D
14:16:59,MYOR,RG,1990,52,D,CS,YP,D
14:16:59,MYOR,RG,1990,35,D,BK,YP,D
14:16:59,MYOR,RG,1990,8,D,BK,YP,D
14:16:59,MYOR,RG,1990,1,D,XL,YP,D
14:16:59,MYOR,RG,1990,10,D,YP,YP,D
14:16:59,MYOR,RG,1990,11,D,BK,YP,D
14:16:59,MYOR,RG,1990,17,D,CS,YP,D
14:16:59,MYOR,RG,1990,1,D,CS,YP,D
14:16:59,MYOR,RG,1990,2,D,BK,YP,D
14:16:59,MYOR,RG,1990,3,D,BK,YP,D
14:16:59,MYOR,RG,1990,11,D,BK,YP,D
14:16:59,MYOR,RG,1990,10,D,BK,YP,D
14:16:59,MYOR,RG,1990,3,D,CS,YP,D
14:16:59,MYOR,RG,1990,10,D,BK,YP,D
14:16:59,MYOR,RG,1990,42,D,CS,YP,D
14:16:59,MYOR,RG,1990,1,D,CS,YP,D
14:16:59,MYOR,RG,1990,22,D,CS,YP,D
14:16:59,MYOR,RG,1990,27,D,YP,YP,D
14:16:59,MYOR,RG,1990,11,D,BK,YP,D
14:16:59,MYOR,RG,1990,1,D,YP,YP,D
14:16:59,MYOR,RG,1990,10,D,BK,YP,D
14:16:59,MYOR,RG,1990,9,F,AK,YP,D
14:16:59,MYOR,RG,1990,35,D,AK,YP,D
14:16:59,MYOR,RG,1990,8,D,BK,YP,D
14:16:59,MYOR,RG,1990,3,D,CS,YP,D
14:16:59,MYOR,RG,1990,47,D,BB,YP,D
14:16:59,MYOR,RG,1990,300,D,YU,YP,D
14:16:59,MYOR,RG,1990,31,D,AK,YP,D
14:16:59,MYOR,RG,1990,1,D,CS,YP,D
14:16:59,MYOR,RG,1990,10,D,KZ,YP,D
14:16:59,MYOR,RG,1990,119,D,KZ,YP,D
14:16:59,MYOR,RG,1990,93,D,BB,YP,D
14:16:59,MYOR,RG,1990,7,D,CS,YP,D
14:16:59,MYOR,RG,1990,6,D,CS,YP,D
14:16:59,MYOR,RG,1990,94,D,CS,YP,D
14:16:59,MYOR,RG,1990,64,D,CS,YP,D
14:16:59,MYOR,RG,1990,58,D,CS,YP,D
14:16:59,MYOR,RG,1990,13,D,CS,YP,D
14:16:59,MYOR,RG,1990,18,D,CS,YP,D
14:16:42,MYOR,RG,1995,2,D,CS,HP,D
14:16:42,MYOR,RG,1995,1,D,CS,HP,D
14:16:41,MYOR,RG,2000,13,D,BB,SQ,D
14:16:41,MYOR,RG,2000,3,D,BB,YB,D
14:16:41,MYOR,RG,2000,29,D,BB,XA,D
14:16:41,MYOR,RG,2000,1,D,CS,XA,D
14:16:41,MYOR,RG,1995,4,D,BB,DH,D
14:16:41,MYOR,RG,1995,50,D,BB,YP,D
14:16:41,MYOR,RG,1995,23,D,BB,CC,D
14:16:32,MYOR,RG,1995,2,D,CS,CC,D
14:16:32,MYOR,RG,1995,3,D,CS,DR,D
14:16:32,MYOR,RG,1995,15,D,CS,YP,D
14:16:32,MYOR,RG,1995,12,D,AK,YP,D
14:16:32,MYOR,RG,1995,60,D,AK,YU,D
14:16:32,MYOR,RG,1995,2,D,AK,SS,D
14:16:32,MYOR,RG,1995,20,D,AK,DR,D
14:16:32,MYOR,RG,1995,5,D,AK,PD,D
14:16:32,MYOR,RG,1995,30,D,AK,CC,D
14:16:32,MYOR,RG,1995,18,D,AK,CC,D
14:16:32,MYOR,RG,1995,1,D,AK,XL,D
14:16:32,MYOR,RG,1995,2,D,AK,DH,D
14:16:32,MYOR,RG,1995,20,D,AK,BQ,D
14:16:31,MYOR,RG,1990,5,D,CS,XC,D
14:16:28,MYOR,RG,1990,3,D,CS,YP,D
14:15:54,MYOR,RG,1990,2,D,CS,SQ,D
14:15:48,MYOR,RG,1990,7,D,CS,XC,D
14:15:48,MYOR,RG,1990,3,D,CS,XC,D
14:15:44,MYOR,RG,1995,2,D,CS,BQ,D
14:15:24,MYOR,RG,1990,1,D,CS,PD,D
14:15:13,MYOR,RG,1995,8,D,YP,BQ,D
14:15:13,MYOR,RG,1995,10,D,YP,YP,D
14:15:00,MYOR,RG,1995,3,D,HP,YP,D
14:14:50,MYOR,RG,1995,2,D,XC,YP,D
14:13:19,MYOR,RG,1995,2,D,BQ,XC,D
14:13:16,MYOR,RG,1995,249,D,BQ,BK,F
14:13:16,MYOR,RG,1995,51,D,BQ,OD,D
14:12:42,MYOR,RG,1990,17,D,CS,BK,F
14:12:38,MYOR,RG,1990,11,D,CS,BK,F
14:12:35,MYOR,RG,1990,20,D,CS,BK,F
14:12:35,MYOR,RG,1990,30,D,CS,BK,F
14:12:34,MYOR,RG,1995,250,D,YP,OD,D
14:12:21,MYOR,RG,1990,5,D,CS,IP,D
14:11:59,MYOR,RG,1990,1,D,CS,SS,D
14:11:45,MYOR,RG,1990,2,D,CS,BK,F
14:11:45,MYOR,RG,1990,15,D,CS,BK,F
14:11:43,MYOR,RG,1990,71,D,CS,YP,D
14:11:43,MYOR,RG,1990,2,D,CS,YP,D
14:11:43,MYOR,RG,1990,17,D,CS,YP,D
14:11:15,MYOR,RG,1990,3,D,CS,XC,D
14:10:21,MYOR,RG,1990,16,D,CS,BK,F
14:10:18,MYOR,RG,1990,8,D,CS,BK,F
14:10:18,MYOR,RG,1990,7,D,CS,BK,F
14:10:15,MYOR,RG,1990,5,D,CS,BK,F
14:10:15,MYOR,RG,1990,20,D,DR,BK,F
14:10:15,MYOR,RG,1990,12,D,AI,BK,F
14:10:15,MYOR,RG,1990,21,D,BB,BK,F
14:10:15,MYOR,RG,1995,2,D,BQ,OD,D
14:10:11,MYOR,RG,1995,300,D,BQ,OD,D
14:09:40,MYOR,RG,1990,6,D,BB,DH,D
14:09:25,MYOR,RG,1990,16,D,BB,BK,F
14:09:22,MYOR,RG,1990,15,D,BB,BK,F
14:09:19,MYOR,RG,1995,90,D,YP,OD,D
14:09:18,MYOR,RG,1990,23,D,BB,BK,F
14:09:15,MYOR,RG,1990,1,D,BB,XC,D
14:09:13,MYOR,RG,1990,62,D,BB,BK,F
14:09:09,MYOR,RG,1990,285,D,BB,BK,F
14:09:09,MYOR,RG,1990,1,D,CS,BK,F
14:09:05,MYOR,RG,1995,2,D,CS,OD,D
14:09:05,MYOR,RG,1995,74,D,CS,OD,D
14:09:05,MYOR,RG,1995,2,D,CS,OD,D
14:09:05,MYOR,RG,1995,60,D,YU,OD,D
14:09:05,MYOR,RG,1995,4,F,CC,OD,D
14:09:05,MYOR,RG,1995,6,D,CS,OD,D
14:09:05,MYOR,RG,1995,34,D,CS,OD,D
14:09:05,MYOR,RG,1995,21,D,BB,OD,D
14:09:05,MYOR,RG,1995,11,D,CS,OD,D
14:09:05,MYOR,RG,1995,2,D,CS,OD,D
14:09:05,MYOR,RG,1995,5,D,CS,OD,D
14:09:05,MYOR,RG,1995,127,D,CS,OD,D
14:09:05,MYOR,RG,1995,11,D,CS,OD,D
14:09:05,MYOR,RG,1995,3,D,BK,OD,D
14:09:05,MYOR,RG,1995,34,D,KZ,OD,D
14:09:05,MYOR,RG,1995,403,D,KZ,OD,D
14:09:05,MYOR,RG,1995,109,D,CS,OD,D
14:09:05,MYOR,RG,1995,89,D,CS,OD,D
14:09:05,MYOR,RG,1995,81,D,CS,OD,D
14:09:05,MYOR,RG,1995,3,D,SQ,OD,D
14:09:05,MYOR,RG,1995,75,D,CS,OD,D
14:09:05,MYOR,RG,1995,125,D,CS,OD,D
14:09:05,MYOR,RG,1995,26,D,CS,OD,D
14:09:03,MYOR,RG,1995,16,D,CS,BK,F
14:09:03,MYOR,RG,1995,12,D,CS,FS,D
14:09:03,MYOR,RG,1995,64,D,CS,FS,D
14:09:03,MYOR,RG,1995,1,D,CS,FS,D
14:09:03,MYOR,RG,1995,1,D,NI,FS,D
14:09:03,MYOR,RG,1995,22,D,AK,FS,D
14:08:39,MYOR,RG,1995,16,D,AK,BK,F
14:08:34,MYOR,RG,1995,1,D,AK,BK,F
14:08:34,MYOR,RG,1995,7,D,BB,BK,F
14:08:34,MYOR,RG,1995,1,F,CC,BK,F
14:08:34,MYOR,RG,1995,5,D,CS,BK,F
14:08:34,MYOR,RG,1995,10,D,CS,BK,F
14:08:32,MYOR,RG,1995,2,D,CS,XC,D
14:08:30,MYOR,RG,1995,28,D,CS,BK,F
14:08:30,MYOR,RG,1995,15,D,CS,BK,F
14:08:30,MYOR,RG,1995,10,D,CS,BK,F
14:08:30,MYOR,RG,1995,1,D,CS,BK,F
14:08:30,MYOR,RG,1995,4,D,CS,BK,F
14:08:30,MYOR,RG,1995,52,D,CS,BK,F
14:08:29,MYOR,RG,1995,10,D,CS,YP,D
14:08:26,MYOR,RG,1995,50,D,CS,PD,D
14:08:26,MYOR,RG,2000,70,D,IF,XA,D
14:08:26,MYOR,RG,2000,1,D,IF,PD,D
14:08:26,MYOR,RG,2000,1,D,IF,SQ,D
14:08:26,MYOR,RG,2000,1,D,IF,YP,D
14:08:26,MYOR,RG,2000,3,D,IF,NI,D
14:08:26,MYOR,RG,2000,80,D,IF,YP,D
14:08:26,MYOR,RG,2000,10,D,IF,XC,D
14:08:26,MYOR,RG,2000,10,D,IF,CC,D
14:08:26,MYOR,RG,2000,2,D,IF,XC,D
14:08:26,MYOR,RG,2000,3,D,IF,XC,D
14:08:26,MYOR,RG,2000,15,D,IF,AR,D
14:08:26,MYOR,RG,2000,1,D,IF,PD,D
14:08:26,MYOR,RG,2000,25,D,IF,DH,D
14:08:26,MYOR,RG,2000,55,D,IF,DH,D
14:08:26,MYOR,RG,2000,50,D,IF,SQ,D
14:08:26,MYOR,RG,2000,3,D,IF,PD,D
14:08:26,MYOR,RG,2000,1,D,IF,PD,D
14:08:26,MYOR,RG,2000,2,D,IF,NI,D
14:08:26,MYOR,RG,2000,4,D,IF,CC,D
14:08:26,MYOR,RG,2000,58,D,IF,DR,D
14:08:26,MYOR,RG,2000,3,D,IF,YB,D
14:08:26,MYOR,RG,2000,30,D,IF,CP,D
14:08:26,MYOR,RG,2000,13,D,IF,SQ,D
14:08:26,MYOR,RG,2000,1,D,IF,KK,D
14:08:26,MYOR,RG,2000,5,D,IF,XC,D
14:08:26,MYOR,RG,2000,25,D,IF,SQ,D
14:08:26,MYOR,RG,2000,28,D,IF,XC,D
14:08:25,MYOR,RG,1995,21,D,CS,BK,F
14:08:19,MYOR,RG,1995,20,D,CS,BK,F
14:08:19,MYOR,RG,1995,4,D,CS,BK,F
14:08:19,MYOR,RG,1995,25,D,CS,YP,D
14:08:17,MYOR,RG,1995,75,D,CS,BK,F
14:08:17,MYOR,RG,1995,11,D,CS,BK,F
14:08:14,MYOR,RG,1995,83,D,CS,AZ,D
14:08:14,MYOR,RG,1995,85,D,CS,AZ,D
14:08:14,MYOR,RG,1995,32,D,CS,AZ,D
14:08:12,MYOR,RG,1995,110,D,CS,AZ,D
14:08:12,MYOR,RG,1995,2,D,CS,AZ,D
14:08:12,MYOR,RG,1995,73,D,CS,AZ,D
14:08:12,MYOR,RG,1995,35,D,CS,AZ,D
14:08:03,MYOR,RG,1995,14,D,CS,BK,F
14:08:03,MYOR,RG,1995,5,D,CS,YP,D
14:08:01,MYOR,RG,1995,7,D,CS,BK,F
14:08:01,MYOR,RG,1995,1,D,CS,BK,F
14:08:01,MYOR,RG,1995,1,D,CS,BK,F
14:08:01,MYOR,RG,1995,1,D,CS,BK,F
14:08:01,MYOR,RG,1995,9,D,EP,BK,F
14:07:57,MYOR,RG,1995,11,D,EP,BK,F
14:07:57,MYOR,RG,1995,3,D,CS,BK,F
14:07:57,MYOR,RG,1995,12,D,BK,BK,F
14:07:57,MYOR,RG,1995,62,D,CS,BK,F
14:07:52,MYOR,RG,1995,2,D,CS,BK,F
14:07:52,MYOR,RG,1995,58,D,CS,BK,F
14:07:52,MYOR,RG,1995,8,D,CS,BK,F
14:07:52,MYOR,RG,1995,108,D,CS,BK,F
14:07:52,MYOR,RG,1995,10,D,ZP,BK,F
14:07:52,MYOR,RG,1995,11,D,BK,BK,F
14:07:52,MYOR,RG,1995,157,D,AK,BK,F
14:07:52,MYOR,RG,1995,33,D,AK,BK,F
14:07:52,MYOR,RG,1995,11,F,AK,BK,F
14:07:52,MYOR,RG,1995,9,F,AK,BK,F
14:07:48,MYOR,RG,2000,1,D,CS,XC,D
14:07:48,MYOR,RG,2000,1,D,CS,XC,D
14:07:48,MYOR,RG,2000,1,D,CS,XC,D
14:07:48,MYOR,RG,2000,1,D,CS,PD,D
14:07:48,MYOR,RG,2000,1,D,CS,PD,D
14:07:48,MYOR,RG,2000,2,D,CS,PD,D
14:07:48,MYOR,RG,2000,1,D,CS,PD,D
14:07:48,MYOR,RG,2000,1,D,CS,PD,D
14:07:48,MYOR,RG,2000,4,D,CS,PD,D
14:07:48,MYOR,RG,2000,1,D,CS,PD,D
14:07:48,MYOR,RG,1995,2,F,AK,NI,D
14:07:48,MYOR,RG,1995,16,F,AK,NI,D
14:07:48,MYOR,RG,1995,29,D,BK,NI,D
14:07:48,MYOR,RG,1995,8,D,BK,NI,D
14:07:48,MYOR,RG,1995,6,D,BK,NI,D
14:07:48,MYOR,RG,1995,1,D,BK,NI,D
14:07:48,MYOR,RG,1995,51,D,BK,NI,D
14:07:48,MYOR,RG,1995,18,D,BK,NI,D
14:07:48,MYOR,RG,1995,7,D,BK,NI,D
14:07:48,MYOR,RG,1995,4,D,BK,NI,D
14:07:48,MYOR,RG,1995,3,D,BK,NI,D
14:07:48,MYOR,RG,1995,1,D,BK,NI,D
14:07:48,MYOR,RG,1995,19,D,BK,NI,D
14:07:48,MYOR,RG,1995,122,D,BK,NI,D
14:07:48,MYOR,RG,1995,30,D,BK,NI,D
14:07:48,MYOR,RG,1995,6,D,BK,NI,D
14:07:48,MYOR,RG,1995,20,D,CS,NI,D
14:07:48,MYOR,RG,1995,11,D,CS,NI,D
14:07:48,MYOR,RG,1995,149,D,CS,NI,D
14:07:48,MYOR,RG,1995,8,D,CS,NI,D
14:07:48,MYOR,RG,1995,2,D,CS,NI,D
14:07:48,MYOR,RG,1995,99,D,CS,NI,D
14:07:48,MYOR,RG,1995,90,D,CS,NI,D
14:07:48,MYOR,RG,1995,56,D,CS,NI,D
14:07:48,MYOR,RG,1995,84,D,CS,NI,D
14:07:48,MYOR,RG,1995,61,D,CS,NI,D
14:07:48,MYOR,RG,1995,19,D,CS,NI,D
14:07:48,MYOR,RG,1995,138,D,CS,NI,D
14:07:48,MYOR,RG,1995,3,D,CS,NI,D
14:07:48,MYOR,RG,1995,26,D,BK,NI,D
14:07:48,MYOR,RG,1995,71,D,CS,NI,D
14:07:48,MYOR,RG,1995,13,D,BK,NI,D
14:07:48,MYOR,RG,1995,3,D,BK,NI,D
14:07:48,MYOR,RG,1995,4,D,BK,NI,D
14:07:48,MYOR,RG,1995,1,F,CC,NI,D
14:07:48,MYOR,RG,1995,12,D,BK,NI,D
14:07:48,MYOR,RG,1995,44,D,BK,NI,D
14:07:48,MYOR,RG,1995,11,D,BK,NI,D
14:07:48,MYOR,RG,1995,10,D,YP,NI,D
14:07:48,MYOR,RG,1995,103,D,CS,NI,D
14:07:48,MYOR,RG,1995,9,D,BK,NI,D
14:07:48,MYOR,RG,1995,63,D,CS,NI,D
14:07:48,MYOR,RG,1995,39,D,CS,NI,D
14:07:48,MYOR,RG,1995,1,D,CS,NI,D
14:07:48,MYOR,RG,1995,1,D,CS,NI,D
14:07:48,MYOR,RG,1995,756,D,PD,NI,D
14:07:24,MYOR,RG,1995,3,D,PD,YP,D
14:07:05,MYOR,RG,2000,29,D,AK,PD,D
14:07:05,MYOR,RG,2000,1,D,AK,KK,D
14:07:05,MYOR,RG,2000,1,D,AK,DR,D
14:07:05,MYOR,RG,2000,2,D,AK,XC,D
14:07:05,MYOR,RG,2000,1,D,AK,PD,D
14:07:05,MYOR,RG,2000,1,D,AK,PD,D
14:07:05,MYOR,RG,2000,12,D,AK,NI,D
14:06:55,MYOR,RG,1995,100,D,PD,FS,D
14:06:52,MYOR,RG,2000,1,D,PD,NI,D
14:06:47,MYOR,RG,2000,10,D,YP,NI,D
14:06:30,MYOR,RG,2000,16,D,CS,NI,D
14:06:30,MYOR,RG,2000,3,D,CS,NI,D
14:06:30,MYOR,RG,2000,3,D,CS,NI,D
14:06:30,MYOR,RG,2000,2,D,CS,NI,D
14:06:30,MYOR,RG,1995,1,D,PD,PD,D
14:06:30,MYOR,RG,1995,15,D,PD,YP,D
14:06:30,MYOR,RG,1995,2,D,PD,AK,F
14:06:30,MYOR,RG,1995,100,D,PD,PD,D
14:06:30,MYOR,RG,1995,23,D,PD,AK,F
14:06:21,MYOR,RG,1995,1,D,PD,AK,F
14:06:19,MYOR,RG,1995,1,D,CS,AK,F
14:06:19,MYOR,RG,1995,1,D,CS,AK,F
14:06:19,MYOR,RG,1995,1,D,CS,AK,F
14:06:19,MYOR,RG,1995,1,D,CS,AK,F
14:06:15,MYOR,RG,1995,11,D,CS,AK,F
14:06:15,MYOR,RG,1995,1,D,CS,AK,F
14:06:15,MYOR,RG,1995,2,D,CS,AK,F
14:06:15,MYOR,RG,1995,3,D,CS,AK,F
14:06:15,MYOR,RG,1995,1,D,CS,AK,F
14:06:15,MYOR,RG,1995,1,D,CS,AK,F
14:06:15,MYOR,RG,1995,2,D,CS,AK,F
14:06:12,MYOR,RG,1995,1,D,CS,AK,F
14:06:12,MYOR,RG,1995,14,D,CS,AK,F
14:06:12,MYOR,RG,1995,9,D,CS,AK,F
14:06:12,MYOR,RG,1995,5,D,CS,AK,F
14:06:12,MYOR,RG,1995,14,D,CS,AK,F
14:06:12,MYOR,RG,1995,9,D,CS,AK,F
14:06:12,MYOR,RG,1995,6,D,CS,AK,F
14:06:12,MYOR,RG,1995,8,D,CS,AK,F
14:06:09,MYOR,RG,1995,13,D,CS,AK,F
14:06:08,MYOR,RG,1995,1,D,CS,AK,F
14:06:08,MYOR,RG,1995,2,D,CS,AK,F
14:06:08,MYOR,RG,1995,5,D,CS,AK,F
14:06:08,MYOR,RG,1995,4,D,CS,AK,F
14:06:08,MYOR,RG,1995,26,D,CS,AK,F
14:06:08,MYOR,RG,1995,34,D,CS,AK,F
14:06:08,MYOR,RG,2000,17,D,CS,NI,D
14:06:08,MYOR,RG,2000,14,D,CS,NI,D
14:06:08,MYOR,RG,2000,22,D,CS,NI,D
14:06:08,MYOR,RG,2000,5,D,CS,ZP,D
14:06:08,MYOR,RG,2000,5,D,CS,CC,D
14:06:08,MYOR,RG,2000,6,D,CS,CC,D
14:06:08,MYOR,RG,2000,20,D,CS,YU,D
14:06:08,MYOR,RG,2000,30,D,CS,OD,D
14:06:08,MYOR,RG,2000,38,D,CS,OD,D
14:06:08,MYOR,RG,2000,6,D,CS,OD,D
14:06:08,MYOR,RG,2000,5,D,CS,OD,D
14:06:08,MYOR,RG,2000,50,D,CS,OD,D
14:06:08,MYOR,RG,1995,2,D,CS,BQ,D
14:06:08,MYOR,RG,1995,16,D,CS,BQ,D
14:06:08,MYOR,RG,1995,1,D,CS,PD,D
14:06:08,MYOR,RG,1995,1,D,CS,AK,F
14:06:08,MYOR,RG,1995,3,D,CS,DH,D
14:06:08,MYOR,RG,1995,63,D,CS,AK,F
14:06:08,MYOR,RG,1995,1,D,CS,AK,F
14:06:08,MYOR,RG,1995,12,D,CS,AK,F
14:06:08,MYOR,RG,1995,40,D,CS,AK,F
14:06:08,MYOR,RG,1995,227,D,CS,AK,F
14:06:08,MYOR,RG,1995,1,D,CS,SQ,D
14:06:08,MYOR,RG,1995,2,D,CS,YP,D
14:06:08,MYOR,RG,1995,1,D,CS,YP,D
14:06:08,MYOR,RG,1995,169,D,CS,GR,D
14:06:04,MYOR,RG,1995,3,D,CS,GR,D
14:06:04,MYOR,RG,1995,1,D,CS,GR,D
14:06:04,MYOR,RG,1995,1,F,AK,GR,D
14:06:04,MYOR,RG,1995,26,D,CS,GR,D
14:06:04,MYOR,RG,1995,15,D,CS,NI,D
14:06:04,MYOR,RG,1995,20,D,CS,YP,D
14:06:04,MYOR,RG,1995,1,D,CS,PD,D
14:06:04,MYOR,RG,1995,50,D,CS,LG,D
14:06:04,MYOR,RG,1995,1,D,CS,XC,D
14:06:04,MYOR,RG,1995,70,D,CS,DH,D
14:06:04,MYOR,RG,1995,1,D,CS,DH,D
14:06:04,MYOR,RG,1995,1,D,CS,DH,D
14:06:04,MYOR,RG,1995,28,D,PD,DH,D
14:06:04,MYOR,RG,1995,10,D,PD,YP,D
14:06:04,MYOR,RG,1995,5,D,PD,CC,D
14:06:04,MYOR,RG,1995,3,D,PD,XC,D
14:06:04,MYOR,RG,1995,10,D,PD,XC,D
14:06:04,MYOR,RG,1995,2,D,PD,YP,D
14:06:04,MYOR,RG,1995,5,D,PD,XC,D
14:06:04,MYOR,RG,1995,5,D,PD,XC,D
14:06:04,MYOR,RG,1995,10,D,PD,PD,D
14:06:04,MYOR,RG,1995,1,D,PD,PD,D
14:06:04,MYOR,RG,1995,1,D,PD,XC,D
14:06:04,MYOR,RG,1995,15,D,PD,KK,D
14:06:04,MYOR,RG,1995,2,D,PD,CP,D
14:06:04,MYOR,RG,1995,12,D,PD,XC,D
14:06:04,MYOR,RG,1995,20,D,PD,GR,D
14:06:04,MYOR,RG,1995,1,D,PD,XC,D
14:06:04,MYOR,RG,1995,20,D,PD,YP,D
14:06:04,MYOR,RG,1995,5,D,PD,CC,D
14:06:04,MYOR,RG,1995,1,D,PD,YP,D
14:06:04,MYOR,RG,1995,50,D,PD,PD,D
14:06:04,MYOR,RG,1995,300,D,PD,AG,F
14:06:04,MYOR,RG,1995,10,D,PD,XC,D
14:06:04,MYOR,RG,1995,1,D,PD,YP,D
14:06:04,MYOR,RG,1995,200,D,PD,DR,D
14:06:04,MYOR,RG,1995,34,D,PD,XL,D
14:06:04,MYOR,RG,1995,100,D,PD,YP,D
14:06:04,MYOR,RG,1995,149,D,PD,SQ,D
14:05:56,MYOR,RG,1995,10,D,YP,SQ,D
14:05:53,MYOR,RG,1990,3,D,BK,DH,D
14:05:47,MYOR,RG,1995,41,D,LG,SQ,D
14:05:47,MYOR,RG,1995,4,D,LG,SQ,D
14:05:47,MYOR,RG,1995,1,D,LG,YP,D
14:05:47,MYOR,RG,1995,4,D,LG,PD,D
14:05:47,MYOR,RG,1995,1,D,LG,YP,D
14:05:47,MYOR,RG,1995,60,D,LG,SQ,D
14:05:47,MYOR,RG,1995,1,D,LG,SQ,D
14:05:47,MYOR,RG,1995,3,D,LG,CC,D
14:05:47,MYOR,RG,1995,185,D,LG,AI,D
14:05:46,MYOR,RG,1995,2,D,XC,AI,D
14:05:20,MYOR,RG,1995,54,D,AK,AI,D
14:05:10,MYOR,RG,1990,18,D,BK,OD,D
14:05:10,MYOR,RG,1990,5,D,BK,OD,D
14:05:10,MYOR,RG,1990,12,D,BK,OD,D
14:05:10,MYOR,RG,1990,5,D,BK,OD,D
14:05:10,MYOR,RG,1990,39,D,BK,OD,D
14:05:10,MYOR,RG,1990,139,D,BK,OD,D
14:05:10,MYOR,RG,1990,2,D,BK,OD,D
14:05:10,MYOR,RG,1990,9,D,BK,OD,D
14:05:10,MYOR,RG,1990,1,D,BK,OD,D
14:05:10,MYOR,RG,1990,7,D,BK,OD,D
14:05:10,MYOR,RG,1990,7,D,BK,OD,D
14:05:10,MYOR,RG,1990,31,D,BK,OD,D
14:05:10,MYOR,RG,1990,11,D,BK,OD,D
14:05:10,MYOR,RG,1990,4,D,CS,OD,D
14:05:10,MYOR,RG,1990,44,D,BK,OD,D
14:05:10,MYOR,RG,1990,3,D,CS,OD,D
14:05:10,MYOR,RG,1990,6,D,CS,OD,D
14:05:10,MYOR,RG,1990,27,D,CS,OD,D
14:05:10,MYOR,RG,1990,29,D,CS,OD,D
14:05:10,MYOR,RG,1990,29,D,KZ,OD,D
14:05:10,MYOR,RG,1990,6,D,CS,OD,D
14:05:10,MYOR,RG,1990,44,D,CS,OD,D
14:05:10,MYOR,RG,1990,28,D,BK,OD,D
14:05:10,MYOR,RG,1990,355,D,KZ,OD,D
14:05:10,MYOR,RG,1990,17,D,CS,OD,D
14:05:10,MYOR,RG,1990,18,D,CS,OD,D
14:05:10,MYOR,RG,1990,25,D,CS,OD,D
14:05:10,MYOR,RG,1990,9,D,BK,OD,D
14:05:10,MYOR,RG,1990,41,D,CS,OD,D
14:05:10,MYOR,RG,1990,1,D,CS,OD,D
14:05:10,MYOR,RG,1990,21,D,CS,OD,D
14:05:10,MYOR,RG,1990,1,D,CS,OD,D
14:05:10,MYOR,RG,1990,2,D,CS,OD,D
14:05:10,MYOR,RG,1990,4,D,BQ,OD,D
14:05:03,MYOR,RG,1995,2,D,NI,AI,D
14:03:18,MYOR,RG,1995,1,D,CS,AI,D
14:03:18,MYOR,RG,1995,67,D,AK,AI,D
14:03:17,MYOR,RG,1995,1,D,CS,AI,D
14:03:17,MYOR,RG,1995,1,D,CS,AI,D
14:03:17,MYOR,RG,1995,1,D,CS,AI,D
14:03:17,MYOR,RG,1995,46,D,CS,AI,D
14:03:17,MYOR,RG,1995,1,D,CS,AI,D
14:03:17,MYOR,RG,1995,23,D,CS,AI,D
14:03:17,MYOR,RG,1995,16,D,CS,AI,D
14:03:17,MYOR,RG,1995,2,D,CS,PD,D
14:03:17,MYOR,RG,1995,1,D,CS,PD,D
14:03:17,MYOR,RG,1995,1,D,CS,PD,D
14:03:17,MYOR,RG,1995,7,D,CS,YP,D
14:03:17,MYOR,RG,1995,1,D,CS,PD,D
14:03:17,MYOR,RG,1990,14,D,CS,SQ,D
14:03:17,MYOR,RG,1990,1,D,CS,SQ,D
14:03:17,MYOR,RG,1990,1,D,CS,PD,D
14:03:17,MYOR,RG,1990,3,D,CS,CC,D
14:03:17,MYOR,RG,1990,2,D,CS,NI,D
14:03:17,MYOR,RG,1990,1,F,AK,NI,D
14:03:17,MYOR,RG,1990,10,D,CS,NI,D
14:03:17,MYOR,RG,1990,12,D,CS,NI,D
14:03:17,MYOR,RG,1990,8,D,CS,NI,D
14:03:17,MYOR,RG,1990,6,D,CS,PD,D
14:03:17,MYOR,RG,1990,2,D,CS,AT,D
14:03:17,MYOR,RG,1990,1,D,CS,XC,D
14:03:17,MYOR,RG,1990,21,D,CS,PD,D
14:03:17,MYOR,RG,1990,1,D,CS,PD,D
14:03:17,MYOR,RG,1990,1,D,CS,PD,D
14:03:17,MYOR,RG,1990,1,D,CS,NI,D
14:03:17,MYOR,RG,1990,4,D,CS,NI,D
14:03:17,MYOR,RG,1990,3,D,CS,NI,D
14:03:17,MYOR,RG,1990,8,D,CS,NI,D
14:03:17,MYOR,RG,1990,4,D,CS,CC,D
14:03:17,MYOR,RG,1990,8,D,CS,CC,D
14:03:17,MYOR,RG,1990,27,D,CS,CC,D
14:03:17,MYOR,RG,1990,4,D,CS,CC,D
14:03:17,MYOR,RG,1990,1,D,CS,CC,D
14:03:17,MYOR,RG,1990,56,D,CS,CC,D
14:03:17,MYOR,RG,1990,1,D,CS,XC,D
14:03:17,MYOR,RG,1990,4,D,CS,XL,D
14:03:17,MYOR,RG,1990,3,D,CS,SQ,D
14:03:17,MYOR,RG,1990,2,D,CS,SQ,D
14:03:17,MYOR,RG,1990,13,D,CS,SQ,D
14:03:17,MYOR,RG,1990,34,D,CS,CC,D
14:03:17,MYOR,RG,1990,6,D,BQ,CC,D
14:03:17,MYOR,RG,1990,50,D,BQ,CC,D
14:03:17,MYOR,RG,1990,4,D,BQ,PD,D
14:03:17,MYOR,RG,1990,50,D,BQ,NI,D
14:03:17,MYOR,RG,1990,10,D,BQ,CC,D
14:03:17,MYOR,RG,1990,10,D,BQ,PD,D
14:03:17,MYOR,RG,1990,4,D,BQ,XC,D
14:03:17,MYOR,RG,1990,2,D,BQ,NI,D
14:03:17,MYOR,RG,1990,2,D,BQ,PD,D
14:03:17,MYOR,RG,1990,10,D,BQ,YP,D
14:03:17,MYOR,RG,1990,2,D,BQ,YP,D
14:03:17,MYOR,RG,1990,3,D,BQ,XC,D
14:03:17,MYOR,RG,1990,36,D,BQ,XC,D
14:03:17,MYOR,RG,1990,1,D,BQ,YP,D
14:03:17,MYOR,RG,1990,3,D,BQ,XC,D
14:03:17,MYOR,RG,1990,1,D,BQ,XC,D
14:03:17,MYOR,RG,1990,1,D,BQ,XC,D
14:03:17,MYOR,RG,1990,2,D,BQ,PD,D
14:03:17,MYOR,RG,1990,2,D,BQ,PD,D
14:03:17,MYOR,RG,1990,1,D,BQ,PD,D
14:03:17,MYOR,RG,1990,10,D,BQ,XC,D
14:03:17,MYOR,RG,1990,59,D,BQ,KK,D
14:03:17,MYOR,RG,1990,6,D,BQ,XC,D
14:03:17,MYOR,RG,1990,20,D,BQ,DR,D
14:03:17,MYOR,RG,1990,1,D,BQ,YP,D
14:03:17,MYOR,RG,1990,150,D,BQ,YP,D
14:03:17,MYOR,RG,1990,1,D,BQ,XL,D
14:03:17,MYOR,RG,1990,153,D,BQ,PD,D
14:03:09,MYOR,RG,1990,2,D,XC,PD,D
14:02:35,MYOR,RG,1990,145,D,CS,PD,D
14:02:35,MYOR,RG,1990,1,D,CS,YP,D
14:02:35,MYOR,RG,1990,3,D,CS,DH,D
14:02:07,MYOR,RG,1990,2,D,SQ,DH,D
14:02:07,MYOR,RG,1990,2,D,SQ,XC,D
14:02:07,MYOR,RG,1990,3,D,SQ,KK,D
14:01:57,MYOR,RG,1990,5,D,YP,KK,D
14:01:39,MYOR,RG,1990,10,D,BK,KK,D
14:01:21,MYOR,RG,1985,2,D,BK,XL,D
14:01:15,MYOR,RG,1990,7,D,AK,KK,D
14:01:15,MYOR,RG,1990,2,D,AK,XC,D
14:01:15,MYOR,RG,1990,15,D,AK,XC,D
14:01:15,MYOR,RG,1990,5,D,AK,PD,D
14:01:15,MYOR,RG,1990,21,D,AK,XL,D
14:00:25,MYOR,RG,1990,7,D,BK,XL,D
14:00:23,MYOR,RG,1985,1,D,BK,XL,D
14:00:23,MYOR,RG,1985,1,D,CS,XL,D
14:00:19,MYOR,RG,1990,4,D,CS,XL,D
14:00:19,MYOR,RG,1985,9,D,CS,YP,D
14:00:19,MYOR,RG,1985,1,D,CS,YP,D
14:00:19,MYOR,RG,1985,12,D,CS,CC,D
14:00:19,MYOR,RG,1985,2,D,CS,XC,D
14:00:19,MYOR,RG,1985,100,D,CS,GR,D
14:00:19,MYOR,RG,1985,40,D,KZ,GR,D
14:00:19,MYOR,RG,1985,2,F,AK,GR,D
14:00:19,MYOR,RG,1985,18,D,CS,GR,D
14:00:19,MYOR,RG,1985,1,D,CS,XL,D
14:00:19,MYOR,RG,1985,45,D,CS,AT,D
14:00:19,MYOR,RG,1985,10,D,CS,AT,D
14:00:19,MYOR,RG,1985,50,D,CS,AT,D
14:00:19,MYOR,RG,1985,6,D,CS,OD,D
14:00:19,MYOR,RG,1985,12,D,CS,OD,D
14:00:19,MYOR,RG,1985,1,D,CS,OD,D
14:00:19,MYOR,RG,1985,1,D,CS,OD,D
14:00:19,MYOR,RG,1985,26,D,CS,OD,D
14:00:19,MYOR,RG,1985,3,D,CS,OD,D
14:00:19,MYOR,RG,1985,98,D,CS,OD,D
14:00:19,MYOR,RG,1985,32,D,CS,OD,D
14:00:19,MYOR,RG,1985,1,D,CS,OD,D
14:00:19,MYOR,RG,1985,447,D,KZ,OD,D
14:00:16,MYOR,RG,1985,5,F,AK,OD,D
14:00:16,MYOR,RG,1985,10,F,AK,OD,D
14:00:16,MYOR,RG,1985,1,D,CS,OD,D
14:00:16,MYOR,RG,1985,12,F,AK,OD,D
14:00:16,MYOR,RG,1985,8,F,AK,OD,D
14:00:15,MYOR,RG,1985,2,D,CS,OD,D
14:00:15,MYOR,RG,1985,1,D,CS,OD,D
14:00:15,MYOR,RG,1985,1,D,CS,OD,D
14:00:15,MYOR,RG,1985,23,F,AK,OD,D
14:00:15,MYOR,RG,1985,16,F,AK,OD,D
14:00:15,MYOR,RG,1985,1,D,CS,OD,D
14:00:15,MYOR,RG,1985,123,D,CS,OD,D
14:00:15,MYOR,RG,1985,2,D,CS,OD,D
14:00:15,MYOR,RG,1985,6,D,CS,OD,D
14:00:15,MYOR,RG,1985,322,D,KZ,OD,D
14:00:15,MYOR,RG,1985,27,D,KZ,OD,D
14:00:11,MYOR,RG,1985,3,D,CS,OD,D
13:59:44,MYOR,RG,1985,1,D,CS,OD,D
13:59:44,MYOR,RG,1980,4,D,CS,PD,D
13:59:19,MYOR,RG,1985,1,D,CS,OD,D
13:59:19,MYOR,RG,1985,20,D,AZ,OD,D
13:58:11,MYOR,RG,1985,1,D,CS,OD,D
13:58:11,MYOR,RG,1985,1,D,CS,OD,D
13:58:11,MYOR,RG,1980,70,D,CS,YP,F
13:57:00,MYOR,RG,1985,3,D,YP,OD,D
13:57:00,MYOR,RG,1985,1,D,CS,OD,D
13:57:00,MYOR,RG,1980,2,D,CS,SQ,D
13:57:00,MYOR,RG,1980,1,D,CS,SQ,D
13:57:00,MYOR,RG,1980,1,D,CS,SQ,D
13:57:00,MYOR,RG,1980,8,D,CS,SQ,D
13:57:00,MYOR,RG,1980,2,D,CS,SQ,D
13:57:00,MYOR,RG,1980,14,D,CS,SQ,D
13:57:00,MYOR,RG,1980,5,D,YP,SQ,D
13:57:00,MYOR,RG,1980,2,D,CS,SQ,D
13:57:00,MYOR,RG,1980,17,F,AK,SQ,D
13:57:00,MYOR,RG,1980,48,D,CS,SQ,D
13:56:43,MYOR,RG,1980,1,D,CS,XL,D
13:56:37,MYOR,RG,1985,4,D,CS,OD,D
13:56:28,MYOR,RG,1985,4,D,CS,OD,D
13:56:28,MYOR,RG,1985,1,D,CS,OD,D
13:56:28,MYOR,RG,1985,1,D,CS,OD,D
13:56:28,MYOR,RG,1985,196,D,CS,OD,D
13:56:28,MYOR,RG,1985,1,D,CS,OD,D
13:56:28,MYOR,RG,1985,1,D,CS,OD,D
13:56:28,MYOR,RG,1985,2,D,CS,OD,D
13:56:28,MYOR,RG,1985,572,D,CS,OD,D
13:56:28,MYOR,RG,1985,1,D,CS,YP,D
13:56:28,MYOR,RG,1985,75,D,CS,XC,D
13:56:28,MYOR,RG,1985,1,D,CS,XC,D
13:56:28,MYOR,RG,1985,50,D,CS,SQ,D
13:56:28,MYOR,RG,1985,200,D,CS,NI,D
13:56:28,MYOR,RG,1985,30,D,CS,KK,D
13:56:28,MYOR,RG,1985,15,D,CS,YP,D
13:56:28,MYOR,RG,1985,5,D,CS,ZP,D
13:56:28,MYOR,RG,1985,10,D,CS,NI,D
13:56:28,MYOR,RG,1985,5,D,CS,PD,D
13:56:28,MYOR,RG,1985,10,D,CS,YP,D
13:56:28,MYOR,RG,1985,26,D,CS,YP,D
13:56:20,MYOR,RG,1980,5,D,CS,YP,D
13:56:20,MYOR,RG,1980,5,D,XL,YP,D
13:56:14,MYOR,RG,1985,4,D,CS,YP,D
13:56:10,MYOR,RG,1980,2,D,XL,GR,D
13:55:48,MYOR,RG,1980,1,D,XL,XC,D
13:55:22,MYOR,RG,1980,2,D,XL,SQ,D
13:55:22,MYOR,RG,1980,1,D,PD,SQ,D
13:55:22,MYOR,RG,1980,4,F,ZP,SQ,D
13:55:22,MYOR,RG,1980,123,D,AK,SQ,D
13:55:20,MYOR,RG,1985,1,D,PD,XC,D
13:55:20,MYOR,RG,1985,7,D,PD,XL,D
13:55:20,MYOR,RG,1985,7,D,PD,YP,D
13:55:20,MYOR,RG,1985,1,D,PD,XC,D
13:55:20,MYOR,RG,1985,4,D,PD,SQ,D
13:55:20,MYOR,RG,1985,1,D,PD,XC,D
13:55:17,MYOR,RG,1980,2,D,AK,KK,D
13:54:59,MYOR,RG,1980,17,D,AK,NI,D
13:54:59,MYOR,RG,1980,8,D,CS,NI,D
13:54:51,MYOR,RG,1980,2,D,CS,XC,D
13:54:51,MYOR,RG,1980,6,D,CS,XC,D
13:54:51,MYOR,RG,1980,10,D,CS,XC,D
13:54:51,MYOR,RG,1980,3,D,CS,XC,D
13:54:51,MYOR,RG,1980,2,D,CS,XC,D
13:54:35,MYOR,RG,1985,30,D,AK,CC,D
13:54:35,MYOR,RG,1985,1,D,AK,XL,D
13:54:35,MYOR,RG,1985,8,D,AK,PD,D
13:54:35,MYOR,RG,1985,18,D,AK,YP,D
13:53:18,MYOR,RG,1980,5,D,CS,XC,D
13:53:18,MYOR,RG,1980,5,D,CS,XC,D
13:53:07,MYOR,RG,1980,4,D,CS,PD,D
13:53:07,MYOR,RG,1980,1,D,CS,PD,D
13:52:46,MYOR,RG,1985,2,D,PD,YP,D
13:52:43,MYOR,RG,1980,5,D,CS,OD,D
13:52:30,MYOR,RG,1985,15,D,AK,YP,D
13:52:30,MYOR,RG,1985,1,D,AK,XC,D
13:52:30,MYOR,RG,1985,3,D,AK,YP,D
13:52:30,MYOR,RG,1985,1,D,AK,EP,D
13:52:30,MYOR,RG,1985,4,D,AK,PD,D
13:52:30,MYOR,RG,1985,44,D,AK,OD,D
13:51:00,MYOR,RG,1985,36,D,AK,OD,D
13:50:37,MYOR,RG,1985,1,D,PD,OD,D
13:50:17,MYOR,RG,1980,9,D,CS,PD,D
13:50:17,MYOR,RG,1980,1,D,CS,PD,D
13:50:17,MYOR,RG,1980,8,D,CS,PD,D
13:50:17,MYOR,RG,1980,2,D,CS,PD,D
13:50:17,MYOR,RG,1980,1,D,CS,PD,D
13:50:17,MYOR,RG,1980,12,D,CS,PD,D
13:49:58,MYOR,RG,1980,3,D,CS,KK,D
13:49:35,MYOR,RG,1980,5,D,CS,YP,D
13:49:35,MYOR,RG,1980,5,D,EP,YP,D
13:49:08,MYOR,RG,1985,2,D,KK,OD,D
13:49:06,MYOR,RG,1985,4,D,SQ,OD,D
13:48:31,MYOR,RG,1985,6,D,SQ,OD,D
13:47:44,MYOR,RG,1985,5,D,XL,OD,D
13:47:18,MYOR,RG,1985,1,D,PD,OD,D
13:47:16,MYOR,RG,1985,30,D,CC,OD,D
13:47:16,MYOR,RG,1985,34,D,CS,OD,D
13:47:16,MYOR,RG,1985,52,D,CS,OD,D
13:47:16,MYOR,RG,1985,108,D,CS,OD,D
13:47:16,MYOR,RG,1985,5,D,CS,OD,D
13:47:16,MYOR,RG,1985,3,D,CS,OD,D
13:47:16,MYOR,RG,1985,2,D,CS,OD,D
13:47:16,MYOR,RG,1980,10,D,CS,MG,D
13:47:16,MYOR,RG,1980,20,D,CS,MG,D
13:47:16,MYOR,RG,1980,18,D,CS,MG,D
13:47:16,MYOR,RG,1980,66,D,CS,MG,D
13:47:16,MYOR,RG,1980,7,D,CS,PD,D
13:47:16,MYOR,RG,1980,56,D,CS,PD,D
13:47:13,MYOR,RG,1980,18,D,CS,PD,D
13:47:13,MYOR,RG,1980,51,D,CS,PD,D
13:47:13,MYOR,RG,1980,3,D,CS,PD,D
13:47:13,MYOR,RG,1980,18,D,CS,PD,D
13:47:13,MYOR,RG,1980,107,D,CS,PD,D
13:47:13,MYOR,RG,1980,1,D,CS,PD,D
13:47:13,MYOR,RG,1980,17,D,CS,PD,D
13:47:13,MYOR,RG,1980,1,D,CS,PD,D
13:47:13,MYOR,RG,1980,13,D,CS,PD,D
13:47:13,MYOR,RG,1980,4,D,CS,PD,D
13:47:13,MYOR,RG,1980,2,D,CS,PD,D
13:47:13,MYOR,RG,1980,1,D,CS,PD,D
13:47:13,MYOR,RG,1980,3,D,CS,PD,D
13:47:13,MYOR,RG,1980,7,D,CS,PD,D
13:47:13,MYOR,RG,1980,1,D,CS,PD,D
13:47:13,MYOR,RG,1980,22,D,CS,PD,D
13:47:13,MYOR,RG,1980,1,D,CS,PD,D
13:47:13,MYOR,RG,1980,17,D,CS,PD,D
13:47:13,MYOR,RG,1980,10,D,CS,PD,D
13:47:13,MYOR,RG,1980,4,D,CS,PD,D
13:47:13,MYOR,RG,1980,10,D,CS,PD,D
13:47:13,MYOR,RG,1980,4,D,CS,PD,D
13:47:13,MYOR,RG,1980,12,D,CS,PD,D
13:47:13,MYOR,RG,1980,6,D,CS,PD,D
13:47:13,MYOR,RG,1980,2,D,BK,PD,D
13:47:12,MYOR,RG,1980,2,D,PD,PD,D
13:47:12,MYOR,RG,1980,8,F,AK,PD,D
13:47:12,MYOR,RG,1980,7,D,BK,PD,D
13:47:12,MYOR,RG,1980,418,D,BB,PD,D
13:47:12,MYOR,RG,1980,3000,D,YP,PD,D
13:47:12,MYOR,RG,1980,11,D,BK,PD,D
13:47:12,MYOR,RG,1980,40,D,XC,PD,D
13:47:12,MYOR,RG,1980,11,D,BK,PD,D
13:47:12,MYOR,RG,1980,2,D,XL,PD,D
13:47:12,MYOR,RG,1980,14,D,BK,PD,D
13:47:12,MYOR,RG,1980,14,D,BK,PD,D
13:47:12,MYOR,RG,1980,150,D,BB,PD,D
13:47:12,MYOR,RG,1980,65,D,BK,PD,D
13:47:12,MYOR,RG,1980,13,D,BK,PD,D
13:47:12,MYOR,RG,1980,728,D,BB,PD,D
13:47:12,MYOR,RG,1980,2,D,BK,PD,D
13:47:12,MYOR,RG,1980,11,D,BK,PD,D
13:47:12,MYOR,RG,1980,5,D,YP,PD,D
13:47:12,MYOR,RG,1980,104,D,CS,PD,D
13:47:12,MYOR,RG,1980,8,F,AK,PD,D
13:47:12,MYOR,RG,1980,38,D,AK,PD,D
13:47:12,MYOR,RG,1980,17,D,BK,PD,D
13:47:12,MYOR,RG,1980,20,D,BK,PD,D
13:47:12,MYOR,RG,1980,12,D,BK,PD,D
13:47:12,MYOR,RG,1980,18,D,BK,PD,D
13:47:12,MYOR,RG,1980,119,D,CS,PD,D
13:47:12,MYOR,RG,1980,17,D,CS,PD,D
13:47:12,MYOR,RG,1980,45,D,CS,PD,D
13:47:12,MYOR,RG,1980,112,D,CS,PD,D
13:47:12,MYOR,RG,1980,9,D,CS,PD,D
13:47:12,MYOR,RG,1980,15,D,CS,PD,D
13:47:12,MYOR,RG,1980,7,D,CS,PD,D
13:47:12,MYOR,RG,1980,48,D,CS,PD,D
13:47:12,MYOR,RG,1980,2,D,CS,PD,D
13:47:12,MYOR,RG,1980,56,D,CS,PD,D
13:47:12,MYOR,RG,1980,1,D,CS,PD,D
13:47:12,MYOR,RG,1980,68,D,CS,PD,D
13:47:12,MYOR,RG,1980,74,D,CS,PD,D
13:47:12,MYOR,RG,1980,63,D,CS,PD,D
13:47:12,MYOR,RG,1980,6,D,BK,PD,D
13:47:12,MYOR,RG,1980,34,D,AK,PD,D
13:47:12,MYOR,RG,1980,8,D,BK,PD,D
13:47:12,MYOR,RG,1980,2,D,BK,PD,D
13:47:12,MYOR,RG,1980,10,D,BK,PD,D
13:47:12,MYOR,RG,1980,1,D,XC,PD,D
13:47:12,MYOR,RG,1980,1,D,BK,PD,D
13:47:12,MYOR,RG,1980,10,D,DH,PD,D
13:47:12,MYOR,RG,1980,11,D,BK,PD,D
13:47:12,MYOR,RG,1980,29,D,BK,PD,D
13:47:12,MYOR,RG,1980,5,D,PD,PD,D
13:47:12,MYOR,RG,1980,5,D,YP,PD,D
13:47:12,MYOR,RG,1980,10,D,PC,PD,D
13:47:12,MYOR,RG,1980,1,D,CS,PD,D
13:47:12,MYOR,RG,1980,8,F,AK,PD,D
13:47:12,MYOR,RG,1980,20,D,BK,PD,D
13:47:12,MYOR,RG,1980,29,D,BK,PD,D
13:47:12,MYOR,RG,1980,15,D,BK,PD,D
13:47:12,MYOR,RG,1980,26,D,BK,PD,D
13:47:12,MYOR,RG,1980,65,D,BK,PD,D
13:47:12,MYOR,RG,1980,17,D,BK,PD,D
13:47:12,MYOR,RG,1980,62,D,CS,PD,D
13:47:12,MYOR,RG,1980,12,D,BK,PD,D
13:47:12,MYOR,RG,1980,11,D,BK,PD,D
13:47:12,MYOR,RG,1980,30,D,YP,PD,D
13:47:12,MYOR,RG,1980,2,D,CS,PD,D
13:47:12,MYOR,RG,1980,22,D,BK,PD,D
13:47:12,MYOR,RG,1980,11,D,BK,PD,D
13:47:12,MYOR,RG,1980,2,D,BK,PD,D
13:47:12,MYOR,RG,1980,11,D,BK,PD,D
13:47:12,MYOR,RG,1980,1,D,BK,PD,D
13:47:12,MYOR,RG,1980,6,D,BK,PD,D
13:47:12,MYOR,RG,1980,25,D,BK,PD,D
13:47:12,MYOR,RG,1980,13,D,BK,PD,D
13:47:12,MYOR,RG,1980,13,D,BK,PD,D
13:47:12,MYOR,RG,1980,2,D,CS,PD,D
13:47:12,MYOR,RG,1980,102,D,CS,PD,D
13:47:12,MYOR,RG,1980,11,D,BK,PD,D
13:47:12,MYOR,RG,1980,11,D,BK,PD,D
13:47:12,MYOR,RG,1980,1,D,BK,PD,D
13:47:12,MYOR,RG,1980,17,D,BK,PD,D
13:47:12,MYOR,RG,1980,1,D,BK,PD,D
13:47:12,MYOR,RG,1980,6,D,BK,PD,D
13:47:12,MYOR,RG,1980,3,D,BK,PD,D
13:47:12,MYOR,RG,1980,36,D,BK,PD,D
13:47:12,MYOR,RG,1980,12,D,BK,PD,D
13:47:12,MYOR,RG,1980,11,D,BK,PD,D
13:47:12,MYOR,RG,1980,5,D,ZP,PD,D
13:47:12,MYOR,RG,1980,20,F,ZP,PD,D
13:47:12,MYOR,RG,1980,11,D,BK,PD,D
13:47:12,MYOR,RG,1980,18,D,BK,PD,D
13:47:12,MYOR,RG,1980,11,D,BK,PD,D
13:47:12,MYOR,RG,1980,11,D,BK,PD,D
13:47:12,MYOR,RG,1980,92,D,CS,PD,D
13:47:12,MYOR,RG,1980,11,F,AK,PD,D
13:47:12,MYOR,RG,1980,12,D,BK,PD,D
13:47:12,MYOR,RG,1980,19,D,BK,PD,D
13:47:12,MYOR,RG,1980,1,D,NI,PD,D
13:47:12,MYOR,RG,1980,12,D,BK,PD,D
13:47:12,MYOR,RG,1980,2,D,CS,PD,D
13:47:12,MYOR,RG,1980,11,D,BK,PD,D
13:47:12,MYOR,RG,1980,22,D,BK,PD,D
13:47:12,MYOR,RG,1980,2,D,PD,PD,D
13:47:12,MYOR,RG,1980,3,D,BK,PD,D
13:47:12,MYOR,RG,1980,7,D,BK,PD,D
13:47:12,MYOR,RG,1980,10,D,BK,PD,D
13:47:12,MYOR,RG,1980,11,D,BK,PD,D
13:47:12,MYOR,RG,1980,74,D,CS,PD,D
13:47:00,MYOR,RG,1985,1,D,CS,OD,D
13:47:00,MYOR,RG,1985,1,D,CS,OD,D
13:47:00,MYOR,RG,1985,1,D,CS,OD,D
13:47:00,MYOR,RG,1985,1,D,CS,OD,D
13:47:00,MYOR,RG,1985,1,D,CS,OD,D
13:47:00,MYOR,RG,1985,1,D,CS,OD,D
13:47:00,MYOR,RG,1985,1,D,CS,OD,D
13:47:00,MYOR,RG,1985,1,D,CS,OD,D
13:47:00,MYOR,RG,1985,1,D,CS,OD,D
13:47:00,MYOR,RG,1985,34,D,CS,OD,D
13:46:55,MYOR,RG,1985,1,D,CS,OD,D
13:46:55,MYOR,RG,1985,1,D,CS,OD,D
13:46:52,MYOR,RG,1985,1,D,CS,OD,D
13:46:52,MYOR,RG,1985,1,D,CS,OD,D
13:46:52,MYOR,RG,1985,1,D,CS,OD,D
13:46:52,MYOR,RG,1985,1,D,CS,OD,D
13:46:52,MYOR,RG,1985,18,D,YP,OD,D
13:46:52,MYOR,RG,1985,2,D,CS,OD,D
13:46:52,MYOR,RG,1985,2,D,CS,OD,D
13:46:45,MYOR,RG,1985,1,D,CS,OD,D
13:46:45,MYOR,RG,1985,1,D,CS,OD,D
13:46:45,MYOR,RG,1985,1,D,CS,OD,D
13:46:45,MYOR,RG,1985,1,D,CS,OD,D
13:46:45,MYOR,RG,1985,1,D,CS,OD,D
13:46:45,MYOR,RG,1985,1,D,CS,OD,D
13:46:45,MYOR,RG,1985,1,D,CS,OD,D
13:46:45,MYOR,RG,1985,43,D,XL,OD,D
13:46:45,MYOR,RG,1985,4,D,PD,OD,D
13:46:43,MYOR,RG,1985,1,D,CS,OD,D
13:46:43,MYOR,RG,1985,1,D,CS,OD,D
13:46:39,MYOR,RG,1985,1,D,CS,OD,D
13:46:39,MYOR,RG,1985,1,D,CS,OD,D
13:46:39,MYOR,RG,1985,2,D,CS,OD,D
13:46:39,MYOR,RG,1985,2,D,CS,OD,D
13:46:39,MYOR,RG,1985,1,D,CS,OD,D
13:46:39,MYOR,RG,1985,1,D,CS,OD,D
13:46:39,MYOR,RG,1985,2,D,CS,OD,D
13:46:39,MYOR,RG,1985,2,D,CS,OD,D
13:46:38,MYOR,RG,1985,1,D,CS,OD,D
13:46:35,MYOR,RG,1985,7,D,CS,OD,D
13:46:35,MYOR,RG,1985,16,D,CS,OD,D
13:46:35,MYOR,RG,1985,15,D,CS,OD,D
13:46:35,MYOR,RG,1985,9,D,CS,OD,D
13:46:35,MYOR,RG,1985,8,D,CS,OD,D
13:46:35,MYOR,RG,1985,7,D,CS,OD,D
13:46:35,MYOR,RG,1985,4,D,CS,OD,D
13:46:35,MYOR,RG,1985,6,D,CS,OD,D
13:46:34,MYOR,RG,1985,1,D,CS,OD,D
13:46:34,MYOR,RG,1985,3,D,CS,OD,D
13:46:34,MYOR,RG,1985,1,D,CS,OD,D
13:46:34,MYOR,RG,1985,1,D,CS,OD,D
13:46:34,MYOR,RG,1985,2,D,CS,OD,D
13:46:34,MYOR,RG,1985,373,D,KZ,OD,D
13:46:32,MYOR,RG,1985,2,D,CS,OD,D
13:46:32,MYOR,RG,1985,1,D,CS,OD,D
13:46:32,MYOR,RG,1985,2,D,CS,OD,D
13:46:32,MYOR,RG,1985,4,D,CS,OD,D
13:46:32,MYOR,RG,1985,4,D,CS,OD,D
13:46:32,MYOR,RG,1985,3,D,CS,OD,D
13:46:32,MYOR,RG,1985,2,D,CS,OD,D
13:46:32,MYOR,RG,1985,2,D,CS,OD,D
13:46:30,MYOR,RG,1985,1,D,CS,OD,D
13:46:30,MYOR,RG,1985,1,D,CS,OD,D
13:46:30,MYOR,RG,1985,68,D,CS,OD,D
13:46:29,MYOR,RG,1985,1,D,CS,OD,D
13:46:29,MYOR,RG,1985,1,D,CS,OD,D
13:46:29,MYOR,RG,1985,5,D,CS,OD,D
13:46:29,MYOR,RG,1985,4,D,CS,OD,D
13:46:29,MYOR,RG,1985,2,D,CS,OD,D
13:46:29,MYOR,RG,1985,10,D,CS,OD,D
13:46:29,MYOR,RG,1985,4,D,CS,OD,D
13:46:29,MYOR,RG,1985,6,D,CS,OD,D
13:46:29,MYOR,RG,1985,2,D,CS,OD,D
13:46:29,MYOR,RG,1985,6,D,CS,OD,D
13:46:29,MYOR,RG,1985,31,D,KZ,OD,D
13:46:27,MYOR,RG,1980,1,D,CS,XL,D
13:46:24,MYOR,RG,1985,1,D,CS,OD,D
13:46:24,MYOR,RG,1985,7,D,CS,OD,D
13:46:24,MYOR,RG,1985,1,D,CS,OD,D
13:46:24,MYOR,RG,1985,1,D,CS,OD,D
13:46:24,MYOR,RG,1985,1,D,CS,OD,D
13:46:24,MYOR,RG,1985,7,D,CS,OD,D
13:46:24,MYOR,RG,1985,44,D,CS,OD,D
13:46:24,MYOR,RG,1985,6,D,CS,OD,D
13:46:24,MYOR,RG,1985,29,D,CS,OD,D
13:46:24,MYOR,RG,1985,76,D,CS,OD,D
13:46:24,MYOR,RG,1985,3,D,CS,OD,D
13:46:24,MYOR,RG,1985,45,D,CS,OD,D
13:46:24,MYOR,RG,1985,28,D,CS,OD,D
13:46:24,MYOR,RG,1985,1,D,CS,OD,D
13:46:24,MYOR,RG,1985,9,D,CS,OD,D
13:46:24,MYOR,RG,1985,1,D,CS,OD,D
13:46:24,MYOR,RG,1985,1,D,CS,OD,D
13:46:24,MYOR,RG,1985,1,D,CS,OD,D
13:46:24,MYOR,RG,1985,2,D,CS,OD,D
13:46:24,MYOR,RG,1985,12,D,CS,OD,D
13:46:24,MYOR,RG,1985,1,D,CS,OD,D
13:46:24,MYOR,RG,1985,1,D,CS,OD,D
13:46:24,MYOR,RG,1985,34,D,KZ,OD,D
13:46:24,MYOR,RG,1985,411,D,KZ,OD,D
13:46:17,MYOR,RG,1985,1,D,PD,OD,D
13:45:35,MYOR,RG,1985,3,D,CS,OD,D
13:45:29,MYOR,RG,1985,1,D,CS,OD,D
13:45:29,MYOR,RG,1985,5,D,CS,OD,D
13:45:29,MYOR,RG,1985,150,D,CS,OD,D
13:45:19,MYOR,RG,1985,1,D,KK,OD,D
13:45:07,MYOR,RG,1980,5,D,CS,YJ,D
13:44:53,MYOR,RG,1985,2,D,XC,OD,D
13:43:13,MYOR,RG,1985,3,D,CS,OD,D
13:42:30,MYOR,RG,1985,1,D,CS,OD,D
13:42:30,MYOR,RG,1980,20,D,CS,HP,D
13:42:25,MYOR,RG,1985,1,D,XC,OD,D
13:42:23,MYOR,RG,1980,1,D,CS,NI,D
13:41:55,MYOR,RG,1985,1,D,CS,OD,D
13:41:55,MYOR,RG,1985,1,D,CS,OD,D
13:41:55,MYOR,RG,1985,1,D,CS,OD,D
13:41:55,MYOR,RG,1985,1,D,CS,OD,D
13:41:55,MYOR,RG,1985,3,D,CS,OD,D
13:41:55,MYOR,RG,1985,2,D,CS,OD,D
13:41:55,MYOR,RG,1985,1,D,CS,OD,D
13:41:55,MYOR,RG,1985,3,D,CS,OD,D
13:41:55,MYOR,RG,1985,6,D,CS,OD,D
13:41:55,MYOR,RG,1985,1,D,CS,OD,D
13:41:55,MYOR,RG,1985,1,D,CS,OD,D
13:41:55,MYOR,RG,1985,3,D,CS,DH,D
13:41:55,MYOR,RG,1985,2,D,CS,DH,D
13:41:55,MYOR,RG,1985,1,D,CS,DH,D
13:41:55,MYOR,RG,1985,4,D,CS,CC,D
13:41:55,MYOR,RG,1985,6,D,CS,CC,D
13:41:55,MYOR,RG,1985,1,D,CS,XC,D
13:41:55,MYOR,RG,1985,8,D,CS,OD,D
13:41:55,MYOR,RG,1980,77,D,CS,PD,D
13:41:55,MYOR,RG,1980,9,D,BK,PD,D
13:41:55,MYOR,RG,1980,36,D,AK,PD,D
13:41:55,MYOR,RG,1980,16,D,XL,PD,D
13:41:55,MYOR,RG,1980,22,D,BK,PD,D
13:41:55,MYOR,RG,1980,1,D,XC,PD,D
13:41:55,MYOR,RG,1980,1,D,PD,PD,D
13:41:55,MYOR,RG,1980,11,D,BK,PD,D
13:41:55,MYOR,RG,1980,11,D,BK,PD,D
13:41:55,MYOR,RG,1980,11,D,BK,PD,D
13:41:55,MYOR,RG,1980,12,D,BK,PD,D
13:41:55,MYOR,RG,1980,6,D,BK,PD,D
13:41:55,MYOR,RG,1980,121,D,BB,PD,D
13:41:55,MYOR,RG,1980,7,D,BK,PD,D
13:41:55,MYOR,RG,1980,7,D,CS,PD,D
13:41:55,MYOR,RG,1980,1,D,XC,PD,D
13:41:55,MYOR,RG,1980,1,D,CS,PD,D
13:41:55,MYOR,RG,1980,29,D,CS,PD,D
13:41:55,MYOR,RG,1980,46,D,CS,PD,D
13:41:55,MYOR,RG,1980,24,D,CS,PD,D
13:41:55,MYOR,RG,1980,36,F,ZP,PD,D
13:41:55,MYOR,RG,1980,13,D,CS,PD,D
13:41:55,MYOR,RG,1980,1,D,CS,PD,D
13:41:55,MYOR,RG,1980,11,D,CS,PD,D
13:41:55,MYOR,RG,1980,19,D,CS,PD,D
13:41:55,MYOR,RG,1980,2,D,XC,PD,D
13:41:55,MYOR,RG,1980,6,D,XC,PD,D
13:41:55,MYOR,RG,1980,3,D,XC,PD,D
13:41:55,MYOR,RG,1980,30,D,DR,PD,D
13:41:55,MYOR,RG,1980,14,D,CS,PD,D
13:41:55,MYOR,RG,1980,16,D,PD,PD,D
13:41:55,MYOR,RG,1980,1,D,XC,PD,D
13:41:55,MYOR,RG,1980,2,D,PD,PD,D
13:41:55,MYOR,RG,1980,121,D,BB,PD,D
13:41:55,MYOR,RG,1980,2,D,CS,PD,D
13:41:55,MYOR,RG,1980,1,D,CS,PD,D
13:41:55,MYOR,RG,1980,1,D,CS,PD,D
13:41:55,MYOR,RG,1980,40,D,DR,PD,D
13:41:55,MYOR,RG,1980,10,F,YU,PD,D
13:41:55,MYOR,RG,1980,14,D,CS,PD,D
13:41:55,MYOR,RG,1980,33,F,ZP,PD,D
13:41:55,MYOR,RG,1980,150,D,CS,PD,D
13:41:55,MYOR,RG,1980,25,D,CS,PD,D
13:41:35,MYOR,RG,1985,1,D,CS,OD,D
13:41:35,MYOR,RG,1985,3,D,CS,OD,D
13:41:35,MYOR,RG,1985,1,D,CS,OD,D
13:41:35,MYOR,RG,1985,1,D,CS,OD,D
13:41:35,MYOR,RG,1985,162,D,CS,OD,D
13:41:15,MYOR,RG,1985,2,D,CS,OD,D
13:41:15,MYOR,RG,1985,1,D,CS,OD,D
13:41:15,MYOR,RG,1985,1,D,CS,OD,D
13:41:15,MYOR,RG,1985,1,D,CS,OD,D
13:41:15,MYOR,RG,1985,3,D,CS,OD,D
13:41:15,MYOR,RG,1985,179,D,AK,OD,D
13:40:59,MYOR,RG,1980,30,D,CS,ZP,D
13:40:41,MYOR,RG,1985,3,D,CS,OD,D
13:40:30,MYOR,RG,1985,2,D,PD,OD,D
13:40:00,MYOR,RG,1985,1,D,CS,OD,D
13:40:00,MYOR,RG,1985,1,D,CS,OD,D
13:40:00,MYOR,RG,1985,35,D,AK,OD,D
13:39:23,MYOR,RG,1980,1,D,CS,XC,D
13:39:14,MYOR,RG,1985,1,D,CS,OD,D
13:39:14,MYOR,RG,1980,50,D,CS,CC,D
13:39:12,MYOR,RG,1980,3,D,CS,OD,D
13:39:03,MYOR,RG,1985,3,D,CS,OD,D
13:39:03,MYOR,RG,1985,1,D,CS,OD,D
13:39:03,MYOR,RG,1985,1,D,CS,OD,D
13:39:03,MYOR,RG,1985,1,D,CS,OD,D
13:39:03,MYOR,RG,1985,196,D,CS,OD,D
13:39:00,MYOR,RG,1985,1,D,PD,OD,D
13:38:36,MYOR,RG,1985,1,D,CS,OD,D
13:38:36,MYOR,RG,1985,9,D,NI,OD,D
13:37:14,MYOR,RG,1985,1,D,CS,OD,D
13:37:14,MYOR,RG,1980,1,D,CS,IF,D
13:36:57,MYOR,RG,1985,1,D,CS,OD,D
13:36:56,MYOR,RG,1980,10,D,CS,FS,D
13:36:27,MYOR,RG,1985,1,D,XC,OD,D
13:36:08,MYOR,RG,1985,11,D,XC,OD,D
13:34:48,MYOR,RG,1985,1,D,CS,OD,D
13:34:48,MYOR,RG,1985,50,D,XA,OD,D
13:34:44,MYOR,RG,1985,1,D,CS,OD,D
13:34:44,MYOR,RG,1985,1,D,CS,OD,D
13:34:44,MYOR,RG,1985,30,D,CC,OD,D
13:34:24,MYOR,RG,1985,30,D,CC,OD,D
13:34:24,MYOR,RG,1980,5,D,CS,PD,D
13:33:08,MYOR,RG,1985,6,D,EP,OD,D
13:32:53,MYOR,RG,1985,2,D,CS,OD,D
13:32:53,MYOR,RG,1985,4,D,CS,OD,D
13:32:53,MYOR,RG,1985,3,D,CS,OD,D
13:32:53,MYOR,RG,1985,10,D,CS,OD,D
13:32:53,MYOR,RG,1985,1,D,CS,OD,D
13:32:53,MYOR,RG,1985,1000,D,PD,OD,D
13:32:33,MYOR,RG,1985,14,D,XC,OD,D
13:32:33,MYOR,RG,1985,2,D,PD,OD,D
13:32:33,MYOR,RG,1985,74,D,CS,OD,D
13:32:33,MYOR,RG,1985,12,D,CS,OD,D
13:32:33,MYOR,RG,1985,1,D,CS,OD,D
13:32:33,MYOR,RG,1985,1,D,CS,OD,D
13:32:33,MYOR,RG,1985,32,D,BB,OD,D
13:32:33,MYOR,RG,1985,7,D,YP,OD,D
13:32:33,MYOR,RG,1985,1,D,CS,OD,D
13:32:33,MYOR,RG,1985,2,D,CS,OD,D
13:32:33,MYOR,RG,1985,2,D,CS,OD,D
13:32:33,MYOR,RG,1985,1,D,CS,OD,D
13:32:33,MYOR,RG,1985,14,D,CS,OD,D
13:32:33,MYOR,RG,1985,10,D,CS,OD,D
13:32:33,MYOR,RG,1985,20,D,CS,OD,D
13:32:33,MYOR,RG,1985,1,D,CS,OD,D
13:32:33,MYOR,RG,1985,12,D,CS,OD,D
13:32:33,MYOR,RG,1985,16,D,CS,OD,D
13:32:33,MYOR,RG,1985,6,D,CS,OD,D
13:32:08,MYOR,RG,1990,3,D,XC,XL,D
13:32:01,MYOR,RG,1985,8,D,CS,PD,D
13:32:01,MYOR,RG,1985,15,D,CS,PD,D
13:32:01,MYOR,RG,1985,1,D,BB,PD,D
13:32:01,MYOR,RG,1985,1,D,CS,PD,D
13:32:01,MYOR,RG,1985,5,D,OD,PD,D
13:31:49,MYOR,RG,1990,1,D,XL,XL,D
13:31:44,MYOR,RG,1980,1,D,CS,YB,D
13:31:38,MYOR,RG,1990,2,D,MK,XL,D
13:31:37,MYOR,RG,1985,1,D,CS,AK,F
13:31:37,MYOR,RG,1985,8,D,CS,AK,F
13:31:37,MYOR,RG,1985,6,D,CS,AK,F
13:31:37,MYOR,RG,1985,20,D,CS,AK,F
13:31:37,MYOR,RG,1985,3,D,CS,AK,F
13:31:37,MYOR,RG,1985,5,D,CS,MG,D
13:31:37,MYOR,RG,1985,7,D,CS,MG,D
13:31:37,MYOR,RG,1985,1,D,CS,MG,D
13:31:37,MYOR,RG,1985,3,D,CS,MG,D
13:31:37,MYOR,RG,1985,1,D,CS,MG,D
13:31:37,MYOR,RG,1985,1,D,CS,MG,D
13:31:37,MYOR,RG,1985,17,D,CS,MG,D
13:31:37,MYOR,RG,1985,10,D,CS,MG,D
13:31:37,MYOR,RG,1985,73,D,CS,MG,D
13:31:36,MYOR,RG,1985,1,D,PD,MG,D
13:31:36,MYOR,RG,1985,43,D,BB,MG,D
13:31:36,MYOR,RG,1985,70,D,YP,MG,D
13:31:36,MYOR,RG,1985,33,D,AK,MG,D
13:31:36,MYOR,RG,1985,14,D,CS,MG,D
13:31:36,MYOR,RG,1985,2,D,BQ,MG,D
13:31:36,MYOR,RG,1985,27,D,CS,MG,D
13:31:36,MYOR,RG,1985,11,D,CS,MG,D
13:31:36,MYOR,RG,1985,25,D,CS,MG,D
13:31:36,MYOR,RG,1985,1,D,CS,MG,D
13:31:36,MYOR,RG,1985,2,D,CS,MG,D
13:31:36,MYOR,RG,1985,1,D,CS,MG,D
13:31:36,MYOR,RG,1985,1,D,CS,MG,D
13:31:36,MYOR,RG,1985,16,D,CS,MG,D
13:31:36,MYOR,RG,1985,17,D,CS,MG,D
13:31:36,MYOR,RG,1985,7,D,CS,MG,D
13:31:36,MYOR,RG,1985,93,D,XC,MG,D
13:31:36,MYOR,RG,1985,1,D,CS,MG,D
13:31:36,MYOR,RG,1985,13,D,CS,MG,D
13:31:36,MYOR,RG,1985,2,D,CS,MG,D
13:31:36,MYOR,RG,1985,1,D,CS,MG,D
13:31:36,MYOR,RG,1985,1,D,CS,MG,D
13:31:25,MYOR,RG,1985,9,D,CS,AK,F
13:31:25,MYOR,RG,1985,1,D,CS,AK,F
13:31:25,MYOR,RG,1985,9,D,CS,AK,F
13:31:25,MYOR,RG,1985,3,D,CS,AK,F
13:31:25,MYOR,RG,1985,11,D,CS,AK,F
13:31:25,MYOR,RG,1985,2,D,CS,AK,F
13:31:25,MYOR,RG,1985,1,D,CS,AK,F
13:31:25,MYOR,RG,1985,13,D,CS,AK,F
13:31:25,MYOR,RG,1985,11,D,CS,AK,F
13:31:25,MYOR,RG,1985,25,D,BQ,AK,F
13:31:25,MYOR,RG,1985,275,D,BQ,OD,D
13:31:15,MYOR,RG,1985,10,D,CC,OD,D
13:31:05,MYOR,RG,1985,15,D,YP,OD,D
13:31:02,MYOR,RG,1985,7,D,CS,OD,D
13:31:02,MYOR,RG,1985,400,D,SQ,OD,D
13:31:00,MYOR,RG,1985,1,D,CS,OD,D
13:31:00,MYOR,RG,1985,2,D,CS,OD,D
13:31:00,MYOR,RG,1985,1,D,CS,OD,D
13:31:00,MYOR,RG,1985,1,D,CS,OD,D
13:31:00,MYOR,RG,1985,2,D,CS,OD,D
13:31:00,MYOR,RG,1985,1,D,CS,OD,D
13:31:00,MYOR,RG,1985,2,D,CS,OD,D
13:31:00,MYOR,RG,1985,1,D,CS,OD,D
13:31:00,MYOR,RG,1985,1,D,CS,OD,D
13:31:00,MYOR,RG,1985,34,D,CS,OD,D
13:31:00,MYOR,RG,1985,10,D,CS,OD,D
13:31:00,MYOR,RG,1985,7,D,CS,OD,D
13:31:00,MYOR,RG,1985,5,D,CS,OD,D
13:31:00,MYOR,RG,1985,37,D,CS,OD,D
13:31:00,MYOR,RG,1985,4,D,CS,OD,D
13:31:00,MYOR,RG,1985,1,D,CS,OD,D
13:31:00,MYOR,RG,1985,17,D,CS,OD,D
13:31:00,MYOR,RG,1985,5,D,CS,OD,D
13:31:00,MYOR,RG,1985,12,D,CS,OD,D
13:31:00,MYOR,RG,1985,2,D,CS,OD,D
13:31:00,MYOR,RG,1985,2,D,CS,OD,D
13:31:00,MYOR,RG,1985,11,D,BK,OD,D
13:31:00,MYOR,RG,1985,3,D,BK,OD,D
13:31:00,MYOR,RG,1985,38,D,BK,OD,D
13:31:00,MYOR,RG,1985,12,D,BK,OD,D
13:31:00,MYOR,RG,1985,9,D,BK,OD,D
13:31:00,MYOR,RG,1985,2,D,CS,OD,D
13:31:00,MYOR,RG,1985,11,D,BK,OD,D
13:31:00,MYOR,RG,1985,170,D,CS,OD,D
13:31:00,MYOR,RG,1985,1,D,BK,OD,D
13:31:00,MYOR,RG,1985,2,D,BK,OD,D
13:31:00,MYOR,RG,1985,46,D,CS,OD,D
13:31:00,MYOR,RG,1985,3,D,BK,OD,D
13:31:00,MYOR,RG,1985,1,D,BK,OD,D
13:31:00,MYOR,RG,1985,43,D,CS,OD,D
13:31:00,MYOR,RG,1985,10,D,BK,OD,D
13:31:00,MYOR,RG,1985,11,D,CS,OD,D
13:31:00,MYOR,RG,1985,32,D,BK,OD,D
13:31:00,MYOR,RG,1985,12,D,BK,OD,D
13:31:00,MYOR,RG,1985,3,D,CS,OD,D
13:31:00,MYOR,RG,1985,11,D,BK,OD,D
13:31:00,MYOR,RG,1985,24,D,CS,OD,D
13:31:00,MYOR,RG,1985,11,D,BK,OD,D
13:31:00,MYOR,RG,1985,7,D,BK,OD,D
13:31:00,MYOR,RG,1985,1,D,CS,OD,D
13:31:00,MYOR,RG,1985,3,D,CS,OD,D
13:31:00,MYOR,RG,1985,1,D,CS,OD,D
13:31:00,MYOR,RG,1985,25,D,CS,OD,D
13:31:00,MYOR,RG,1985,28,D,CS,OD,D
13:31:00,MYOR,RG,1985,5,D,CS,OD,D
13:31:00,MYOR,RG,1985,1,D,CS,OD,D
13:31:00,MYOR,RG,1985,20,D,CS,OD,D
13:31:00,MYOR,RG,1985,16,D,CS,OD,D
13:31:00,MYOR,RG,1985,37,F,AK,OD,D
13:31:00,MYOR,RG,1985,37,D,KZ,OD,D
13:31:00,MYOR,RG,1985,435,D,KZ,OD,D
13:31:00,MYOR,RG,1985,1,D,CS,OD,D
13:31:00,MYOR,RG,1985,33,D,CS,OD,D
13:31:00,MYOR,RG,1985,29,D,BB,OD,D
13:30:57,MYOR,RG,1990,2,D,PD,XL,D
13:30:49,MYOR,RG,1990,3,D,YP,XL,D
13:30:48,MYOR,RG,1990,3,D,PD,XL,D
13:30:32,MYOR,RG,1990,18,D,IF,XL,D
13:30:23,MYOR,RG,1990,34,D,BB,XL,D
13:30:13,MYOR,RG,1990,1,D,CS,XL,D
13:30:13,MYOR,RG,1985,5,D,MG,YP,D
13:30:13,MYOR,RG,1985,30,D,MG,YP,D
13:30:13,MYOR,RG,1985,2,D,MG,YP,D
13:30:13,MYOR,RG,1985,77,D,MG,NI,D
13:30:12,MYOR,RG,1985,1,D,CS,NI,D
13:30:12,MYOR,RG,1985,3,D,CS,NI,D
13:30:12,MYOR,RG,1985,2,D,CS,NI,D
13:30:12,MYOR,RG,1985,1,D,CS,NI,D
13:30:12,MYOR,RG,1985,1,D,CS,NI,D
13:30:12,MYOR,RG,1985,2,D,CS,CC,D
13:30:12,MYOR,RG,1985,3,D,CS,CC,D
13:30:12,MYOR,RG,1985,5,D,CS,CC,D
13:30:12,MYOR,RG,1985,1,D,CS,CC,D
13:30:12,MYOR,RG,1985,1,D,CS,CC,D
13:30:12,MYOR,RG,1985,1,D,CS,CC,D
13:30:12,MYOR,RG,1985,5,D,CS,CC,D
13:30:12,MYOR,RG,1985,2,D,CS,CC,D
13:30:12,MYOR,RG,1985,6,D,CS,CC,D
13:30:12,MYOR,RG,1985,3,D,CS,CC,D
13:30:12,MYOR,RG,1985,18,D,BB,CC,D
13:30:12,MYOR,RG,1985,2,D,BB,CC,D
13:30:12,MYOR,RG,1985,10,D,BB,YP,D
13:30:12,MYOR,RG,1985,24,D,BB,YP,D
13:30:12,MYOR,RG,1985,1,D,BB,YP,D
13:30:12,MYOR,RG,1985,20,D,BB,YP,D
13:30:12,MYOR,RG,1985,70,D,BB,YP,D
13:30:12,MYOR,RG,1985,1,D,BB,XC,D
13:30:12,MYOR,RG,1985,1,D,BB,XC,D
13:30:12,MYOR,RG,1985,9,D,BB,XC,D
13:30:12,MYOR,RG,1985,1,D,BB,XC,D
13:30:12,MYOR,RG,1985,1,D,BB,YP,D
13:30:12,MYOR,RG,1985,23,D,BB,XC,D
13:30:12,MYOR,RG,1985,1,D,BB,YP,D
13:30:06,MYOR,RG,1985,2,D,YP,YP,D
13:30:06,MYOR,RG,1985,1,D,CS,YP,D
13:30:06,MYOR,RG,1985,2,D,CS,YP,D
13:30:06,MYOR,RG,1985,1,D,CS,YP,D
13:30:06,MYOR,RG,1985,1,D,CS,YP,D
13:30:06,MYOR,RG,1985,2,D,CS,YP,D
13:30:06,MYOR,RG,1985,1,D,CS,YP,D
13:30:06,MYOR,RG,1980,24,D,CS,NI,D
13:30:06,MYOR,RG,1980,7,D,BK,NI,D
13:30:06,MYOR,RG,1980,49,D,KZ,NI,D
13:30:06,MYOR,RG,1985,1,D,CS,YP,D
13:30:06,MYOR,RG,1985,3,D,CS,YP,D
13:30:06,MYOR,RG,1985,1,D,CS,YP,D
13:30:06,MYOR,RG,1985,1,D,CS,YP,D
13:30:05,MYOR,RG,1985,1,D,CS,YP,D
13:30:05,MYOR,RG,1985,1,D,CS,YP,D
13:30:05,MYOR,RG,1985,1,D,CS,YP,D
13:30:05,MYOR,RG,1985,1,D,CS,YP,D
13:30:05,MYOR,RG,1985,1,D,CS,YP,D
13:30:05,MYOR,RG,1985,5,D,BB,YP,D
13:30:05,MYOR,RG,1985,1,D,BB,XC,D
13:30:05,MYOR,RG,1985,12,D,BB,XC,D
13:30:05,MYOR,RG,1985,10,D,BB,YP,D
13:30:05,MYOR,RG,1985,3,D,BB,XC,D
13:30:05,MYOR,RG,1985,3,D,BB,XC,D
13:30:05,MYOR,RG,1985,3,D,BB,XC,D
13:30:05,MYOR,RG,1985,1,D,CS,XC,D
13:30:05,MYOR,RG,1985,2,D,CS,DR,D
13:30:05,MYOR,RG,1985,1,D,CS,DR,D
13:30:05,MYOR,RG,1985,1,D,CS,DR,D
13:30:05,MYOR,RG,1985,1,D,CS,DR,D
13:30:05,MYOR,RG,1985,1,D,CS,PD,D
13:30:05,MYOR,RG,1985,1,D,CS,PD,D
13:30:05,MYOR,RG,1985,2,D,CS,PD,D
13:30:05,MYOR,RG,1985,1,D,CS,PD,D
13:30:05,MYOR,RG,1985,1,D,CS,PD,D
13:30:05,MYOR,RG,1985,3,D,CS,PD,D
13:30:05,MYOR,RG,1985,1,D,CS,PD,D
13:30:05,MYOR,RG,1985,2,D,CS,PD,D
13:30:05,MYOR,RG,1985,4,D,CS,PD,D
13:30:05,MYOR,RG,1985,110,D,AK,PD,D
13:30:04,MYOR,RG,1985,1,D,CS,PD,D
13:30:04,MYOR,RG,1985,1,D,CS,PD,D
13:30:04,MYOR,RG,1985,23,D,YP,PD,D
13:30:04,MYOR,RG,1985,2,D,YP,PD,D
13:30:04,MYOR,RG,1985,1,D,CS,PD,D
13:30:04,MYOR,RG,1985,1,D,CS,PD,D
13:30:04,MYOR,RG,1985,7,D,XL,PD,D
13:30:04,MYOR,RG,1980,2,D,KZ,XL,D
13:30:04,MYOR,RG,1985,1,D,XL,PD,D
13:30:03,MYOR,RG,1985,1,D,CC,PD,D
13:30:03,MYOR,RG,1985,1,D,CS,PD,D
13:30:03,MYOR,RG,1985,4,D,CS,PD,D
13:30:03,MYOR,RG,1985,2,D,XL,PD,D
13:30:03,MYOR,RG,1985,1,D,CS,PD,D
13:30:03,MYOR,RG,1985,1,D,CS,PD,D
13:30:03,MYOR,RG,1985,1,D,CS,PD,D
13:30:03,MYOR,RG,1985,1,D,CS,PD,D
13:30:03,MYOR,RG,1985,1,D,CS,PD,D
13:30:02,MYOR,RG,1985,1,D,CS,PD,D
13:30:02,MYOR,RG,1985,2,D,CS,PD,D
13:30:02,MYOR,RG,1985,2,D,CS,PD,D
13:30:02,MYOR,RG,1985,1,D,CS,PD,D
13:30:02,MYOR,RG,1985,1,D,CS,PD,D
13:30:02,MYOR,RG,1985,1,D,CS,PD,D
13:30:02,MYOR,RG,1985,1,D,CS,XC,D
13:30:02,MYOR,RG,1985,2,D,CC,XC,D
13:30:02,MYOR,RG,1985,1,D,CS,XC,D
13:30:02,MYOR,RG,1985,1,D,CS,XC,D
13:30:02,MYOR,RG,1985,1,D,KK,XC,D
13:30:02,MYOR,RG,1985,1,D,KK,XC,D
13:30:02,MYOR,RG,1985,2,D,KK,XC,D
13:30:02,MYOR,RG,1985,21,D,KK,KK,D
13:30:02,MYOR,RG,1985,1,D,CS,KK,D
13:30:02,MYOR,RG,1985,1,D,CS,KK,D
13:30:02,MYOR,RG,1985,1,D,CS,KK,D
13:30:02,MYOR,RG,1985,26,D,YB,KK,D
13:30:02,MYOR,RG,1985,22,D,YB,PD,D
13:30:02,MYOR,RG,1985,10,D,YB,KK,D
13:30:02,MYOR,RG,1985,1,D,YB,EP,D
13:30:02,MYOR,RG,1985,1,D,YB,DR,D
13:30:02,MYOR,RG,1985,16,D,YB,GR,D
13:30:02,MYOR,RG,1980,10,D,KZ,LG,D
13:30:01,MYOR,RG,1985,1,D,CS,GR,D
13:30:01,MYOR,RG,1985,1,D,CS,GR,D
13:30:01,MYOR,RG,1985,1,D,PD,GR,D
13:30:01,MYOR,RG,1985,1,D,CS,XC,D
13:30:01,MYOR,RG,1985,1,D,CS,XC,D
13:30:01,MYOR,RG,1985,1,D,CS,XC,D
13:30:01,MYOR,RG,1985,1,D,CS,XC,D
13:30:01,MYOR,RG,1985,2,D,PD,CC,D
13:30:01,MYOR,RG,1980,5,D,KZ,PD,D
13:30:01,MYOR,RG,1985,2,D,XC,CC,D
13:30:01,MYOR,RG,1980,3,D,KZ,PD,D
13:30:01,MYOR,RG,1980,1,D,KZ,PD,D
13:30:01,MYOR,RG,1985,11,D,XC,CC,D
13:30:01,MYOR,RG,1985,1,D,XC,CC,D
13:30:01,MYOR,RG,1985,3,D,CS,CC,D
13:30:01,MYOR,RG,1985,50,D,KK,CC,D
13:30:01,MYOR,RG,1985,1,D,CS,CC,D
13:30:01,MYOR,RG,1985,3,D,CS,CC,D
13:30:01,MYOR,RG,1985,1,D,CS,CC,D
13:30:01,MYOR,RG,1985,1,D,CS,CC,D
13:30:01,MYOR,RG,1985,1,D,CS,CC,D
13:30:01,MYOR,RG,1985,2,D,CS,CC,D
13:30:01,MYOR,RG,1985,1,D,CS,XC,D
13:30:01,MYOR,RG,1985,23,D,YB,XC,D
13:30:01,MYOR,RG,1985,50,D,YB,KK,D
13:30:01,MYOR,RG,1985,3,D,YB,PD,D
11:28:58,MYOR,RG,1985,95,D,CS,AK,F
11:28:58,MYOR,RG,1985,55,D,CS,MK,D
11:28:25,MYOR,RG,1980,1,D,CS,YB,D
11:28:00,MYOR,RG,1975,130,D,KZ,ZR,D
11:28:00,MYOR,RG,1975,18,D,KZ,ZR,D
11:28:00,MYOR,RG,1975,4,D,CS,ZR,D
11:28:00,MYOR,RG,1975,1,D,CS,ZR,D
11:28:00,MYOR,RG,1975,1,D,CS,ZR,D
11:28:00,MYOR,RG,1975,3,D,CS,ZR,D
11:28:00,MYOR,RG,1975,1,D,CS,ZR,D
11:28:00,MYOR,RG,1975,1,D,CS,ZR,D
11:28:00,MYOR,RG,1975,1,D,CS,ZR,D
11:28:00,MYOR,RG,1975,3,D,CS,ZR,D
11:28:00,MYOR,RG,1975,1,D,CS,ZR,D
11:28:00,MYOR,RG,1975,2,D,BK,ZR,D
11:28:00,MYOR,RG,1975,1,D,BK,ZR,D
11:28:00,MYOR,RG,1975,1,D,XC,ZR,D
11:28:00,MYOR,RG,1975,2,D,BK,ZR,D
11:28:00,MYOR,RG,1975,10,D,MG,ZR,D
11:28:00,MYOR,RG,1975,7,D,BK,ZR,D
11:28:00,MYOR,RG,1975,8,D,BK,ZR,D
11:28:00,MYOR,RG,1975,5,D,YP,ZR,D
11:26:07,MYOR,RG,1985,2,D,CS,MK,D
11:26:07,MYOR,RG,1985,9,D,CS,MK,D
11:26:07,MYOR,RG,1985,2,D,CS,MK,D
11:26:07,MYOR,RG,1985,12,D,CS,MK,D
11:26:07,MYOR,RG,1985,17,D,CS,MK,D
11:26:07,MYOR,RG,1985,19,D,CS,MK,D
11:26:07,MYOR,RG,1985,1,D,CS,MK,D
11:26:07,MYOR,RG,1985,3,D,CS,MK,D
11:26:07,MYOR,RG,1985,3,D,CS,MK,D
11:26:07,MYOR,RG,1985,8,D,CS,MK,D
11:26:07,MYOR,RG,1975,5,D,YP,ZR,D
11:26:07,MYOR,RG,1975,11,D,BK,ZR,D
11:26:07,MYOR,RG,1975,14,D,BK,ZR,D
11:26:07,MYOR,RG,1975,11,D,BK,ZR,D
11:26:07,MYOR,RG,1975,9,D,BK,ZR,D
11:26:07,MYOR,RG,1975,13,D,BK,ZR,D
11:26:07,MYOR,RG,1975,20,D,BK,ZR,D
11:26:07,MYOR,RG,1975,15,D,BK,ZR,D
11:26:07,MYOR,RG,1975,20,D,BK,ZR,D
11:26:07,MYOR,RG,1975,12,D,BK,ZR,D
11:26:07,MYOR,RG,1975,57,D,BK,ZR,D
11:26:07,MYOR,RG,1975,3,D,CC,ZR,D
11:26:07,MYOR,RG,1975,1,D,XL,ZR,D
11:26:07,MYOR,RG,1975,1,D,NI,ZR,D
11:26:07,MYOR,RG,1975,25,D,MK,ZR,D
11:26:07,MYOR,RG,1975,10,D,YB,ZR,D
11:26:07,MYOR,RG,1975,20,D,ZP,ZR,D
11:26:07,MYOR,RG,1975,20,D,SQ,ZR,D
11:26:07,MYOR,RG,1975,5,D,XC,ZR,D
11:26:07,MYOR,RG,1975,2,D,PD,ZR,D
11:26:07,MYOR,RG,1975,6,D,PD,ZR,D
11:26:07,MYOR,RG,1975,2,D,BQ,ZR,D
11:26:07,MYOR,RG,1975,300,D,BQ,ZR,D
11:26:07,MYOR,RG,1975,7,D,KZ,ZR,D
11:26:07,MYOR,RG,1975,98,D,KZ,ZR,D
11:26:07,MYOR,RG,1975,2,D,XC,ZR,D
11:26:07,MYOR,RG,1975,1,D,XC,ZR,D
11:26:07,MYOR,RG,1975,1,D,CS,ZR,D
11:26:07,MYOR,RG,1975,10,D,YP,ZR,D
11:26:07,MYOR,RG,1975,5,D,PD,ZR,D
11:26:07,MYOR,RG,1975,10,D,CS,ZR,D
11:26:07,MYOR,RG,1975,6,D,CS,ZR,D
11:26:07,MYOR,RG,1975,1,D,CS,ZR,D
11:26:07,MYOR,RG,1975,5,D,CS,ZR,D
11:26:07,MYOR,RG,1975,2,D,CS,ZR,D
11:26:07,MYOR,RG,1975,1,D,CS,ZR,D
11:26:07,MYOR,RG,1975,2,D,CS,ZR,D
11:26:07,MYOR,RG,1975,2,D,CS,ZR,D
11:26:07,MYOR,RG,1975,9,D,CS,ZR,D
11:26:07,MYOR,RG,1975,4,D,CS,ZR,D
11:26:07,MYOR,RG,1975,1,D,CS,ZR,D
11:26:07,MYOR,RG,1975,5,D,CS,ZR,D
11:26:07,MYOR,RG,1975,4,D,CS,ZR,D
11:26:07,MYOR,RG,1975,25,D,YP,ZR,D
11:26:07,MYOR,RG,1975,5,D,XL,ZR,D
11:26:07,MYOR,RG,1975,3,D,KK,ZR,D
11:26:07,MYOR,RG,1980,1,D,CS,ZR,D
11:26:07,MYOR,RG,1980,42,F,ZP,ZR,D
11:26:07,MYOR,RG,1980,1,D,BK,ZR,D
11:26:07,MYOR,RG,1980,13,D,BK,ZR,D
11:26:07,MYOR,RG,1980,6,D,BK,ZR,D
11:26:07,MYOR,RG,1980,95,D,BK,ZR,D
11:26:07,MYOR,RG,1980,33,D,BK,ZR,D
11:26:07,MYOR,RG,1980,6,D,BK,ZR,D
11:26:07,MYOR,RG,1980,3,D,BK,ZR,D
11:26:07,MYOR,RG,1980,8,D,BK,ZR,D
11:26:07,MYOR,RG,1980,9,D,BK,ZR,D
11:26:07,MYOR,RG,1980,7,D,BK,ZR,D
11:26:07,MYOR,RG,1980,21,D,BK,ZR,D
11:26:07,MYOR,RG,1980,1,F,AK,ZR,D
11:26:07,MYOR,RG,1980,1,F,AK,ZR,D
11:26:07,MYOR,RG,1980,29,D,CS,ZR,D
11:26:07,MYOR,RG,1980,4,D,CS,ZR,D
11:26:07,MYOR,RG,1980,3,D,CS,ZR,D
11:26:07,MYOR,RG,1980,18,D,CS,ZR,D
11:26:07,MYOR,RG,1980,5,D,CS,ZR,D
11:26:07,MYOR,RG,1980,30,D,CS,ZR,D
11:26:07,MYOR,RG,1980,12,D,CS,ZR,D
11:26:07,MYOR,RG,1980,1,D,CS,ZR,D
11:26:07,MYOR,RG,1980,1,D,CS,ZR,D
11:26:07,MYOR,RG,1980,17,D,CS,ZR,D
11:26:07,MYOR,RG,1980,15,D,CS,ZR,D
11:26:07,MYOR,RG,1980,19,D,CS,ZR,D
11:26:07,MYOR,RG,1980,12,D,CS,ZR,D
11:26:07,MYOR,RG,1980,1,D,BK,ZR,D
11:26:07,MYOR,RG,1980,3,D,BK,ZR,D
11:26:07,MYOR,RG,1980,11,D,BK,ZR,D
11:26:07,MYOR,RG,1980,2,D,BK,ZR,D
11:26:07,MYOR,RG,1980,18,D,BK,ZR,D
11:26:07,MYOR,RG,1980,9,D,BK,ZR,D
11:26:07,MYOR,RG,1980,3,D,BK,ZR,D
11:26:07,MYOR,RG,1980,22,D,BK,ZR,D
11:26:07,MYOR,RG,1980,27,D,BK,ZR,D
11:26:02,MYOR,RG,1985,11,D,BK,MK,D
11:25:59,MYOR,RG,1985,11,D,BK,MK,D
11:25:41,MYOR,RG,1985,11,D,BK,MK,D
11:25:31,MYOR,RG,1985,11,D,BK,MK,D
11:25:02,MYOR,RG,1985,12,D,BK,MK,D
11:25:00,MYOR,RG,1985,10,D,BK,MK,D
11:25:00,MYOR,RG,1985,3,D,BK,MK,D
11:24:48,MYOR,RG,1990,3,D,BK,XL,D
11:24:45,MYOR,RG,1985,1,D,CS,XC,D
11:24:45,MYOR,RG,1985,1,D,CS,XC,D
11:24:45,MYOR,RG,1985,3,D,CS,SQ,D
11:24:42,MYOR,RG,1985,5,D,CS,SQ,D
11:24:42,MYOR,RG,1985,26,D,CS,XL,D
11:24:42,MYOR,RG,1985,17,D,CS,XL,D
11:24:42,MYOR,RG,1985,1,D,CS,YP,D
11:24:42,MYOR,RG,1985,11,D,CS,CC,D
11:24:42,MYOR,RG,1985,9,D,CS,CC,D
11:24:42,MYOR,RG,1985,6,D,CS,SQ,D
11:24:42,MYOR,RG,1985,4,D,CS,SQ,D
11:24:42,MYOR,RG,1985,1,D,CS,YP,D
11:24:42,MYOR,RG,1985,13,D,CS,YP,D
11:24:42,MYOR,RG,1985,9,D,CS,YP,D
11:24:42,MYOR,RG,1985,4,D,CS,YP,D
11:24:42,MYOR,RG,1985,7,D,CS,YP,D
11:24:42,MYOR,RG,1985,2,D,CS,YP,D
11:24:42,MYOR,RG,1985,1,D,CS,YP,D
11:24:42,MYOR,RG,1985,12,D,CS,YP,D
11:24:42,MYOR,RG,1985,6,D,CS,YP,D
11:24:42,MYOR,RG,1985,11,D,BK,YP,D
11:24:42,MYOR,RG,1985,10,D,BK,YP,D
11:24:40,MYOR,RG,1985,11,D,BK,YP,D
11:24:36,MYOR,RG,1985,3,D,BK,YP,D
11:24:23,MYOR,RG,1985,20,D,CC,YP,D
11:24:17,MYOR,RG,1985,11,D,BK,YP,D
11:24:17,MYOR,RG,1980,2,D,BK,PD,D
11:24:12,MYOR,RG,1985,12,D,BK,YP,D
11:24:03,MYOR,RG,1985,10,D,BK,YP,D
11:24:03,MYOR,RG,1985,11,D,BK,YP,D
11:23:50,MYOR,RG,1985,11,D,BK,YP,D
11:23:42,MYOR,RG,1985,266,D,KZ,YP,D
11:23:40,MYOR,RG,1985,7,D,BK,YP,D
11:23:34,MYOR,RG,1985,9,D,BK,YP,D
11:23:33,MYOR,RG,1985,6,D,BK,YP,D
11:23:29,MYOR,RG,1985,9,D,BK,YP,D
11:23:27,MYOR,RG,1985,10,D,BK,YP,D
11:23:26,MYOR,RG,1985,9,D,BK,YP,D
11:23:23,MYOR,RG,1985,11,D,BK,YP,D
11:23:06,MYOR,RG,1985,8,D,BK,YP,D
11:23:06,MYOR,RG,1985,2,D,BK,YP,D
11:23:04,MYOR,RG,1985,8,D,BK,YP,D
11:23:04,MYOR,RG,1985,3,D,BK,CC,D
11:23:00,MYOR,RG,1985,12,D,BK,EP,D
11:22:58,MYOR,RG,1985,10,D,BK,EP,D
11:22:57,MYOR,RG,1985,11,D,BK,EP,D
11:22:56,MYOR,RG,1985,11,D,BK,EP,D
11:22:51,MYOR,RG,1985,6,D,BK,EP,D
11:22:51,MYOR,RG,1985,1,D,BK,CC,D
11:22:51,MYOR,RG,1985,3,D,BK,AT,D
11:22:50,MYOR,RG,1985,12,D,BK,AT,D
11:22:18,MYOR,RG,1980,5,D,KZ,XL,D
11:22:16,MYOR,RG,1985,1,D,EP,AT,D
11:20:37,MYOR,RG,1980,70,D,KZ,KK,D
11:20:34,MYOR,RG,1985,50,D,MG,AK,F
11:18:57,MYOR,RG,1980,30,D,KZ,YP,D
11:18:57,MYOR,RG,1980,1,D,KZ,YP,D
11:18:57,MYOR,RG,1980,2,D,KZ,XC,D
11:18:57,MYOR,RG,1980,61,D,KZ,MK,D
11:18:52,MYOR,RG,1980,1,D,CS,MK,D
11:18:52,MYOR,RG,1980,1,D,CS,MK,D
11:18:52,MYOR,RG,1980,36,D,KZ,MK,D
11:18:51,MYOR,RG,1975,2,D,KK,PD,D
11:17:13,MYOR,RG,1980,1,D,CC,MK,D
11:17:02,MYOR,RG,1975,1,D,KK,YP,D
11:16:19,MYOR,RG,1975,2,D,YP,PD,D
11:16:05,MYOR,RG,1975,2,D,YP,XC,D
11:15:12,MYOR,RG,1985,1,D,CS,AK,F
11:15:04,MYOR,RG,1985,7,D,CS,AK,F
11:15:04,MYOR,RG,1985,3,D,CS,YP,D
11:15:00,MYOR,RG,1980,1,D,CS,NI,D
11:14:56,MYOR,RG,1980,4,D,CS,NI,D
11:14:43,MYOR,RG,1985,39,D,CS,YP,D
11:14:43,MYOR,RG,1985,4,D,CS,YP,D
11:14:43,MYOR,RG,1985,5,D,CS,YP,D
11:14:43,MYOR,RG,1985,21,D,CS,YP,D
11:14:43,MYOR,RG,1980,8,D,CS,MK,D
11:14:43,MYOR,RG,1980,29,D,CS,MK,D
11:14:43,MYOR,RG,1980,6,D,CS,MK,D
11:14:43,MYOR,RG,1980,1,D,CS,MK,D
11:14:42,MYOR,RG,1980,5,D,CS,MK,D
11:14:42,MYOR,RG,1980,5,D,CS,MK,D
11:14:42,MYOR,RG,1980,18,F,ZP,MK,D
11:14:42,MYOR,RG,1980,1,D,CS,MK,D
11:14:42,MYOR,RG,1980,3,D,CS,MK,D
11:14:42,MYOR,RG,1980,3,D,CS,MK,D
11:14:42,MYOR,RG,1980,1,D,CS,MK,D
11:14:42,MYOR,RG,1980,4,D,CS,MK,D
11:14:42,MYOR,RG,1980,3,D,CS,MK,D
11:14:42,MYOR,RG,1980,5,D,CS,MK,D
11:14:42,MYOR,RG,1980,6,D,CS,MK,D
11:14:42,MYOR,RG,1980,1,D,CS,MK,D
11:14:42,MYOR,RG,1980,1,D,CS,MK,D
11:14:26,MYOR,RG,1980,2,D,CS,XC,D
11:14:25,MYOR,RG,1980,1,D,CS,NI,D
11:14:25,MYOR,RG,1980,3,D,CS,NI,D
11:13:47,MYOR,RG,1980,3,D,CS,YP,D
11:13:47,MYOR,RG,1980,2,D,CS,YP,D
11:13:47,MYOR,RG,1980,1,D,CS,YP,D
11:13:47,MYOR,RG,1980,2,D,CS,YP,D
11:13:47,MYOR,RG,1980,1,D,CS,YP,D
11:13:47,MYOR,RG,1980,1,D,CS,YP,D
11:13:31,MYOR,RG,1980,1,D,CS,HP,D
11:13:21,MYOR,RG,1980,1,D,CS,YP,D
11:13:21,MYOR,RG,1980,1,D,CS,YP,D
11:13:21,MYOR,RG,1980,1,D,CS,YP,D
11:13:21,MYOR,RG,1980,2,D,CS,YP,D
11:12:52,MYOR,RG,1980,1,D,CS,BK,F
11:12:52,MYOR,RG,1980,2,D,CS,BK,F
11:12:52,MYOR,RG,1980,1,D,CS,BK,F
11:12:52,MYOR,RG,1980,2,D,CS,BK,F
11:12:52,MYOR,RG,1980,2,D,CS,BK,F
11:12:52,MYOR,RG,1980,1,D,CS,BK,F
11:12:52,MYOR,RG,1980,1,F,AK,BK,F
11:12:48,MYOR,RG,1985,1,D,CS,YP,D
11:12:48,MYOR,RG,1985,4,D,CS,YP,D
11:12:48,MYOR,RG,1985,7,D,CS,YP,D
11:12:48,MYOR,RG,1985,1,D,CS,YP,D
11:12:48,MYOR,RG,1985,1,D,CS,YP,D
11:12:48,MYOR,RG,1985,1,D,CS,YP,D
11:12:48,MYOR,RG,1985,1,D,CS,YP,D
11:12:48,MYOR,RG,1985,4,D,CS,YP,D
11:12:48,MYOR,RG,1985,4,D,CS,YP,D
11:12:48,MYOR,RG,1985,3,D,CS,YP,D
11:12:48,MYOR,RG,1985,1,D,CS,YP,D
11:12:47,MYOR,RG,1985,5,D,CS,BK,F
11:12:47,MYOR,RG,1985,3,D,CS,BK,F
11:12:47,MYOR,RG,1985,3,D,CS,BK,F
11:12:45,MYOR,RG,1985,1,D,CS,SQ,D
11:12:42,MYOR,RG,1985,64,D,CS,YP,D
11:12:42,MYOR,RG,1985,10,D,CS,YP,D
11:12:42,MYOR,RG,1985,2,D,CS,YP,D
11:12:42,MYOR,RG,1985,24,D,CS,YP,D
11:12:36,MYOR,RG,1985,37,D,CS,YP,D
11:12:36,MYOR,RG,1985,21,D,CS,YP,D
11:12:36,MYOR,RG,1985,42,D,CS,YP,D
11:12:31,MYOR,RG,1975,6,D,YP,BK,F
11:12:31,MYOR,RG,1975,2,D,XC,BK,F
11:12:31,MYOR,RG,1975,4,D,NI,BK,F
11:12:27,MYOR,RG,1975,4,D,NI,PD,D
11:12:27,MYOR,RG,1975,3,D,DR,PD,D
11:12:27,MYOR,RG,1975,30,D,EP,PD,D
11:12:27,MYOR,RG,1975,3,D,CC,PD,D
11:12:27,MYOR,RG,1975,12,D,CC,BK,F
11:12:27,MYOR,RG,1975,2,D,PD,BK,F
11:12:27,MYOR,RG,1975,3,D,YB,BK,F
11:12:24,MYOR,RG,1980,3,D,CS,BK,F
11:12:24,MYOR,RG,1980,25,D,CS,BK,F
11:12:24,MYOR,RG,1980,1,D,CS,BK,F
11:12:24,MYOR,RG,1980,8,D,CS,BK,F
11:12:24,MYOR,RG,1980,5,D,CS,BK,F
11:12:24,MYOR,RG,1980,1,D,CS,BK,F
11:12:24,MYOR,RG,1980,2,D,CS,BK,F
11:12:24,MYOR,RG,1980,2,D,CS,BK,F
11:12:24,MYOR,RG,1980,7,D,CS,BK,F
11:12:24,MYOR,RG,1980,12,D,CS,BK,F
11:12:24,MYOR,RG,1980,5,D,CS,BK,F
11:12:24,MYOR,RG,1980,1,D,CS,BK,F
11:12:24,MYOR,RG,1980,7,D,CS,BK,F
11:12:24,MYOR,RG,1980,6,D,CS,BK,F
11:12:24,MYOR,RG,1980,10,D,CS,BK,F
11:12:24,MYOR,RG,1980,33,F,ZP,BK,F
11:12:24,MYOR,RG,1980,5,D,SQ,BK,F
11:12:23,MYOR,RG,1980,45,D,SQ,AZ,D
11:12:23,MYOR,RG,1980,105,D,PD,AZ,D
11:12:21,MYOR,RG,1985,22,D,CS,BK,F
11:12:21,MYOR,RG,1985,9,D,CS,BK,F
11:12:21,MYOR,RG,1985,6,D,CS,BK,F
11:12:21,MYOR,RG,1985,1,D,CS,BK,F
11:12:21,MYOR,RG,1985,4,D,CS,BK,F
11:12:21,MYOR,RG,1985,16,D,CS,BK,F
11:12:21,MYOR,RG,1985,7,D,CS,BK,F
11:12:21,MYOR,RG,1985,6,D,CS,BK,F
11:12:21,MYOR,RG,1985,4,D,CS,BK,F
11:12:21,MYOR,RG,1985,1,D,CS,BK,F
11:12:21,MYOR,RG,1985,1,D,CS,BK,F
11:12:21,MYOR,RG,1985,1,D,CS,BK,F
11:12:21,MYOR,RG,1985,6,D,CS,BK,F
11:12:21,MYOR,RG,1985,5,D,CS,BK,F
11:12:21,MYOR,RG,1985,4,D,CS,BK,F
11:12:21,MYOR,RG,1985,8,D,CS,BK,F
11:12:21,MYOR,RG,1985,2,D,CS,BK,F
11:12:21,MYOR,RG,1985,1,D,CS,BK,F
11:12:21,MYOR,RG,1985,2,D,CS,BK,F
11:12:21,MYOR,RG,1985,9,D,CS,BK,F
11:12:21,MYOR,RG,1985,1,F,AK,BK,F
11:12:16,MYOR,RG,1980,395,D,PD,ZR,D
11:12:16,MYOR,RG,1980,7,D,CS,ZR,D
11:12:16,MYOR,RG,1980,500,D,CC,ZR,D
11:12:16,MYOR,RG,1980,50,D,PD,ZR,D
11:12:16,MYOR,RG,1980,94,D,CS,ZR,D
11:12:16,MYOR,RG,1980,87,D,CS,ZR,D
11:12:16,MYOR,RG,1980,58,D,CS,ZR,D
11:12:16,MYOR,RG,1980,53,D,CS,ZR,D
11:12:16,MYOR,RG,1980,51,D,CS,ZR,D
11:12:16,MYOR,RG,1980,38,D,CS,ZR,D
11:12:16,MYOR,RG,1980,35,D,CS,ZR,D
11:12:16,MYOR,RG,1980,45,D,CS,ZR,D
11:12:16,MYOR,RG,1980,13,D,CS,ZR,D
11:12:16,MYOR,RG,1980,12,D,CS,ZR,D
11:12:16,MYOR,RG,1980,6,D,CS,ZR,D
11:12:16,MYOR,RG,1980,5,D,CS,ZR,D
11:12:16,MYOR,RG,1980,2,D,CS,ZR,D
11:12:16,MYOR,RG,1980,1,D,CS,ZR,D
11:12:16,MYOR,RG,1980,50,D,YP,ZR,D
11:12:16,MYOR,RG,1980,50,D,YP,ZR,D
11:12:16,MYOR,RG,1980,7,D,CS,ZR,D
11:12:16,MYOR,RG,1980,1,D,XC,ZR,D
11:12:16,MYOR,RG,1980,1,D,CS,ZR,D
11:12:16,MYOR,RG,1980,348,D,CS,ZR,D
11:12:16,MYOR,RG,1980,1,D,CS,ZR,D
11:12:16,MYOR,RG,1980,15,D,CS,ZR,D
11:12:16,MYOR,RG,1980,2,D,YP,ZR,D
11:12:16,MYOR,RG,1980,9,D,CS,ZR,D
11:12:16,MYOR,RG,1980,1,D,KK,ZR,D
11:12:16,MYOR,RG,1980,1,D,XC,ZR,D
11:12:16,MYOR,RG,1980,322,D,KZ,ZR,D
11:12:16,MYOR,RG,1980,27,D,KZ,ZR,D
11:12:16,MYOR,RG,1980,1,D,CS,ZR,D
11:12:16,MYOR,RG,1980,2,D,CS,ZR,D
11:12:16,MYOR,RG,1980,2,D,CS,ZR,D
11:12:16,MYOR,RG,1980,6,D,CS,ZR,D
11:12:16,MYOR,RG,1980,10,D,CS,ZR,D
11:12:16,MYOR,RG,1980,4,D,CS,ZR,D
11:12:16,MYOR,RG,1980,1,D,CS,ZR,D
11:12:16,MYOR,RG,1980,1,D,CS,ZR,D
11:12:16,MYOR,RG,1985,1,F,AK,ZR,D
11:12:16,MYOR,RG,1985,8,F,AK,ZR,D
11:12:16,MYOR,RG,1985,1,D,CS,ZR,D
11:12:16,MYOR,RG,1985,250,D,CS,ZR,D
11:12:16,MYOR,RG,1985,1,D,CS,ZR,D
11:12:16,MYOR,RG,1985,28,D,KZ,ZR,D
11:12:16,MYOR,RG,1985,342,D,KZ,ZR,D
11:12:16,MYOR,RG,1985,7,D,CS,ZR,D
11:12:16,MYOR,RG,1985,4,D,CS,ZR,D
11:12:16,MYOR,RG,1985,2,D,CS,ZR,D
11:12:16,MYOR,RG,1985,1,D,CS,ZR,D
11:12:16,MYOR,RG,1985,2,D,CS,ZR,D
11:12:16,MYOR,RG,1985,6,D,CS,ZR,D
11:12:16,MYOR,RG,1985,9,D,CS,ZR,D
11:12:16,MYOR,RG,1985,4,D,CS,ZR,D
11:12:16,MYOR,RG,1985,1,D,CS,ZR,D
11:12:16,MYOR,RG,1985,5,D,CS,ZR,D
11:12:16,MYOR,RG,1985,5,D,CS,ZR,D
11:12:16,MYOR,RG,1985,9,D,CS,ZR,D
11:12:13,MYOR,RG,1985,2,D,CS,YP,D
11:12:13,MYOR,RG,1985,1,D,XC,YP,D
11:10:52,MYOR,RG,1985,1,D,DR,YP,D
11:09:55,MYOR,RG,1985,1,D,DR,CC,D
11:09:51,MYOR,RG,1985,3,D,DR,MK,D
11:09:51,MYOR,RG,1985,7,D,CS,MK,D
11:09:51,MYOR,RG,1985,10,D,CS,MK,D
11:09:51,MYOR,RG,1985,9,D,CS,MK,D
11:09:51,MYOR,RG,1985,11,D,CS,MK,D
11:09:51,MYOR,RG,1985,7,D,CS,MK,D
11:09:51,MYOR,RG,1985,2,D,CS,MK,D
11:09:51,MYOR,RG,1985,9,D,CS,MK,D
11:09:51,MYOR,RG,1985,16,D,CS,MK,D
11:09:51,MYOR,RG,1985,2,D,CS,MK,D
11:09:51,MYOR,RG,1985,13,D,CS,MK,D
11:09:51,MYOR,RG,1985,2,D,CS,MK,D
11:09:51,MYOR,RG,1985,1,D,CS,MK,D
11:09:51,MYOR,RG,1985,8,F,ZP,MK,D
11:09:36,MYOR,RG,1985,5,F,ZP,XL,D
11:09:05,MYOR,RG,1985,13,F,ZP,XC,D
11:09:02,MYOR,RG,1985,3,F,ZP,YP,D
11:08:56,MYOR,RG,1985,5,D,CS,PD,D
11:08:56,MYOR,RG,1985,14,D,CS,PD,D
11:08:56,MYOR,RG,1985,1,D,CS,PD,D
11:08:56,MYOR,RG,1985,93,D,CS,YP,D
11:08:56,MYOR,RG,1985,85,D,CS,YP,D
11:08:56,MYOR,RG,1985,58,D,CS,YP,D
11:08:56,MYOR,RG,1985,53,D,CS,YP,D
11:08:56,MYOR,RG,1985,53,D,CS,YP,D
11:08:56,MYOR,RG,1985,45,D,CS,YP,D
11:08:56,MYOR,RG,1985,38,D,CS,YP,D
11:08:56,MYOR,RG,1985,35,D,CS,YP,D
11:08:56,MYOR,RG,1985,13,D,CS,YP,D
11:08:56,MYOR,RG,1985,12,D,CS,YP,D
11:08:56,MYOR,RG,1985,6,D,CS,YP,D
11:08:56,MYOR,RG,1985,5,D,CS,YP,D
11:08:56,MYOR,RG,1985,2,D,CS,YP,D
11:08:56,MYOR,RG,1985,2,D,CS,YP,D
11:08:56,MYOR,RG,1985,2,D,CS,YP,D
11:08:56,MYOR,RG,1985,5,D,CS,YP,D
11:08:56,MYOR,RG,1985,2,D,CS,YP,D
11:08:56,MYOR,RG,1985,1,D,CS,YP,D
11:08:56,MYOR,RG,1985,1,D,CS,YP,D
11:08:56,MYOR,RG,1985,1,D,CS,YP,D
11:08:56,MYOR,RG,1985,3,D,CS,YP,D
11:08:56,MYOR,RG,1985,5,D,CS,YP,D
11:08:56,MYOR,RG,1985,1,D,CS,YP,D
11:08:56,MYOR,RG,1985,3,D,CS,YP,D
11:08:56,MYOR,RG,1985,2,D,CS,YP,D
11:08:56,MYOR,RG,1985,3,D,CS,YP,D
11:08:56,MYOR,RG,1985,1,D,CS,YP,D
11:08:56,MYOR,RG,1985,30,D,CS,YP,D
11:08:15,MYOR,RG,1985,7,D,CS,XC,D
11:08:15,MYOR,RG,1985,57,D,CS,BK,F
11:08:15,MYOR,RG,1985,65,D,CS,BK,F
11:08:15,MYOR,RG,1985,21,D,CS,AZ,D
11:08:15,MYOR,RG,1985,58,D,CS,AZ,D
11:08:15,MYOR,RG,1985,53,D,CS,AZ,D
11:08:15,MYOR,RG,1985,45,D,CS,AZ,D
11:08:15,MYOR,RG,1985,38,D,CS,AZ,D
11:08:15,MYOR,RG,1985,13,D,CS,AZ,D
11:08:15,MYOR,RG,1985,35,D,CS,AZ,D
11:08:15,MYOR,RG,1985,12,D,CS,AZ,D
11:08:15,MYOR,RG,1985,6,D,CS,AZ,D
11:08:15,MYOR,RG,1985,5,D,CS,AZ,D
11:08:15,MYOR,RG,1985,2,D,CS,AZ,D
11:08:15,MYOR,RG,1985,2,D,CS,AZ,D
11:08:15,MYOR,RG,1985,2,D,CS,AZ,D
11:08:15,MYOR,RG,1985,18,D,CS,AZ,D
11:08:15,MYOR,RG,1985,2,D,CS,AZ,D
11:08:15,MYOR,RG,1985,3,D,CS,AZ,D
11:08:15,MYOR,RG,1985,6,D,CS,AZ,D
11:08:15,MYOR,RG,1985,1,D,CS,AZ,D
11:08:15,MYOR,RG,1985,1,D,CS,AZ,D
11:08:15,MYOR,RG,1985,4,D,CS,AZ,D
11:08:15,MYOR,RG,1985,6,D,CS,AZ,D
