Time,Stock,Brd,Price,Qty,BT,BC,SC,ST
15:14:54,MYOR,RG,1845,10,D,SQ,PD,D
15:10:47,MYOR,RG,1845,3,D,XC,PD,D
15:06:17,MYOR,RG,1845,50,D,IF,PD,D
15:06:17,MYOR,RG,1845,7,D,IF,PD,D
15:06:17,MYOR,RG,1845,5,D,IF,AT,D
15:06:17,MYOR,RG,1845,10,D,IF,PD,D
15:06:17,MYOR,RG,1845,3,D,IF,XC,D
15:06:04,MYOR,RG,1845,30,D,DH,XC,D
15:05:55,MYOR,RG,1845,6,D,YP,XC,D
15:05:50,MYOR,RG,1845,7,D,XC,XC,D
15:05:15,MYOR,RG,1845,1,D,PD,XC,D
15:04:50,MYOR,RG,1845,16,D,YP,XC,D
15:04:50,MYOR,RG,1845,2,D,YP,AT,D
15:04:50,MYOR,RG,1845,10,D,YP,PD,D
15:04:17,MYOR,RG,1845,1,D,XA,PD,D
15:04:07,MYOR,RG,1845,5,D,YP,PD,D
15:04:06,MYOR,RG,1845,4,D,CC,PD,D
15:04:06,MYOR,RG,1845,15,D,CC,CC,F
15:04:00,MYOR,RG,1845,26,D,XA,CC,F
15:02:50,MYOR,RG,1845,2,D,YP,CC,F
15:02:44,MYOR,RG,1845,200,D,NI,CC,F
15:02:44,MYOR,RG,1845,1,D,LG,CC,F
15:02:42,MYOR,RG,1845,11,D,XC,CC,F
15:02:12,MYOR,RG,1845,30,D,YP,CC,F
15:01:00,MYOR,RG,1845,10,D,PD,CC,F
15:00:00,MYOR,RG,1845,5,D,PD,CC,F
15:00:00,MYOR,RG,1845,30,D,AT,CC,F
15:00:00,MYOR,RG,1845,1,D,NI,CC,F
15:00:00,MYOR,RG,1845,6,D,KK,CC,F
15:00:00,MYOR,RG,1845,5,D,CC,CC,F
15:00:00,MYOR,RG,1845,1,D,PD,CC,F
15:00:00,MYOR,RG,1845,6,D,XC,CC,F
15:00:00,MYOR,RG,1845,5,D,DH,CC,F
15:00:00,MYOR,RG,1845,1,D,YP,CC,F
15:00:00,MYOR,RG,1845,27,D,CC,CC,F
15:00:00,MYOR,RG,1845,3,D,YP,CC,F
15:00:00,MYOR,RG,1845,1,D,YP,CC,F
15:00:00,MYOR,RG,1845,2,D,CC,CC,F
15:00:00,MYOR,RG,1845,612,D,OD,CC,F
15:00:00,MYOR,RG,1845,1,D,OD,CC,D
15:00:00,MYOR,RG,1845,200,D,OD,YJ,D
15:00:00,MYOR,RG,1845,100,D,OD,YP,D
15:00:00,MYOR,RG,1845,87,D,OD,CC,F
15:00:00,MYOR,RG,1845,1,D,XC,CC,F
15:00:00,MYOR,RG,1845,2,D,YP,CC,F
15:00:00,MYOR,RG,1845,16,D,NI,CC,F
15:00:00,MYOR,RG,1845,2,D,CC,CC,F
15:00:00,MYOR,RG,1845,100,D,YP,CC,F
15:00:00,MYOR,RG,1845,10,D,XA,CC,F
15:00:00,MYOR,RG,1845,1,D,XC,CC,F
15:00:00,MYOR,RG,1845,7,D,YP,CC,F
15:00:00,MYOR,RG,1845,55,D,XL,CC,F
15:00:00,MYOR,RG,1845,3,D,AZ,CC,F
15:00:00,MYOR,RG,1845,311,F,BK,CC,F
15:00:00,MYOR,RG,1845,23,F,BK,CC,F
15:00:00,MYOR,RG,1845,380,F,BK,CC,F
15:00:00,MYOR,RG,1845,2,F,RX,CC,F
15:00:00,MYOR,RG,1845,1,F,RX,SQ,D
15:00:00,MYOR,RG,1845,8,F,RX,CC,F
15:00:00,MYOR,RG,1845,251,F,RX,CC,F
15:00:00,MYOR,RG,1845,1,F,RX,XC,D
15:00:00,MYOR,RG,1845,2,F,RX,YP,D
15:00:00,MYOR,RG,1845,1,F,RX,PD,D
15:00:00,MYOR,RG,1845,3,F,RX,IF,D
15:00:00,MYOR,RG,1845,55,F,RX,YB,D
15:00:00,MYOR,RG,1845,10,F,RX,PD,D
15:00:00,MYOR,RG,1845,15,F,RX,YP,D
15:00:00,MYOR,RG,1845,20,F,RX,DH,D
15:00:00,MYOR,RG,1845,2,F,RX,AK,F
15:00:00,MYOR,RG,1845,5,F,RX,AK,F
15:00:00,MYOR,RG,1845,1,F,RX,AK,F
15:00:00,MYOR,RG,1845,2,F,RX,AK,F
15:00:00,MYOR,RG,1845,16,F,RX,AK,F
15:00:00,MYOR,RG,1845,53,F,RX,AK,F
15:00:00,MYOR,RG,1845,20,F,RX,AK,F
15:00:00,MYOR,RG,1845,11,F,RX,AK,F
15:00:00,MYOR,RG,1845,111,F,RX,ZP,F
15:00:00,MYOR,RG,1845,18,F,RX,ZP,F
14:49:57,MYOR,RG,1845,4,F,BK,CC,F
14:49:54,MYOR,RG,1845,18,F,RX,CC,F
14:49:53,MYOR,RG,1845,3,F,BK,CC,F
14:49:51,MYOR,RG,1845,10,D,CC,CC,F
14:49:50,MYOR,RG,1845,7,F,BK,CC,F
14:49:46,MYOR,RG,1845,21,F,RX,CC,F
14:49:38,MYOR,RG,1845,3,F,BK,CC,F
14:49:37,MYOR,RG,1845,16,F,RX,CC,F
14:49:34,MYOR,RG,1845,4,F,BK,CC,F
14:49:31,MYOR,RG,1845,32,F,RX,CC,F
14:49:22,MYOR,RG,1845,4,F,BK,CC,F
14:49:21,MYOR,RG,1845,27,F,RX,CC,F
14:49:17,MYOR,RG,1845,10,F,BK,CC,F
14:49:15,MYOR,RG,1840,19,D,YP,PD,D
14:49:15,MYOR,RG,1845,54,D,BB,CC,F
14:49:14,MYOR,RG,1845,11,F,BK,CC,F
14:49:12,MYOR,RG,1845,17,F,RX,CC,F
14:49:12,MYOR,RG,1845,12,F,RX,AK,F
14:49:10,MYOR,RG,1845,20,D,BB,AK,F
14:49:09,MYOR,RG,1845,2,D,BB,AK,F
14:49:09,MYOR,RG,1845,2,D,BB,AK,F
14:49:09,MYOR,RG,1845,2,D,BB,AK,F
14:49:09,MYOR,RG,1845,50,D,BB,CC,F
14:49:09,MYOR,RG,1845,3,F,BK,CC,F
14:49:07,MYOR,RG,1845,3,F,BK,CC,F
14:49:07,MYOR,RG,1840,1,D,YP,AK,F
14:49:05,MYOR,RG,1845,23,D,BB,CC,F
14:49:05,MYOR,RG,1840,1,D,YP,AK,F
14:49:04,MYOR,RG,1840,1,D,YP,AK,F
14:49:03,MYOR,RG,1845,6,F,BK,CC,F
14:49:03,MYOR,RG,1840,1,D,YP,AK,F
14:49:03,MYOR,RG,1845,25,F,RX,CC,F
14:49:02,MYOR,RG,1845,6,D,BB,CC,F
14:49:01,MYOR,RG,1845,10,D,BB,CC,F
14:48:58,MYOR,RG,1845,3,F,BK,CC,F
14:48:56,MYOR,RG,1840,1,D,YP,AK,F
14:48:55,MYOR,RG,1840,1,D,YP,AK,F
14:48:55,MYOR,RG,1845,25,F,RX,CC,F
14:48:53,MYOR,RG,1845,10,D,BB,CC,F
14:48:48,MYOR,RG,1845,1,D,YP,CC,F
14:48:48,MYOR,RG,1840,2,D,YP,AK,F
14:48:47,MYOR,RG,1845,9,D,BB,CC,F
14:48:46,MYOR,RG,1845,24,F,RX,CC,F
14:48:40,MYOR,RG,1840,2,D,YP,AK,F
14:48:39,MYOR,RG,1845,7,D,BB,CC,F
14:48:38,MYOR,RG,1845,35,F,RX,CC,F
14:48:37,MYOR,RG,1845,7,D,BB,CC,F
14:48:32,MYOR,RG,1840,1,D,YP,AK,F
14:48:31,MYOR,RG,1845,4,D,BB,CC,F
14:48:30,MYOR,RG,1845,9,F,BK,CC,F
14:48:29,MYOR,RG,1840,1,D,YP,AK,F
14:48:28,MYOR,RG,1845,4,D,BB,CC,F
14:48:27,MYOR,RG,1845,24,F,RX,CC,F
14:48:26,MYOR,RG,1840,1,D,YP,AK,F
14:48:24,MYOR,RG,1845,5,D,BB,CC,F
14:48:23,MYOR,RG,1845,8,F,BK,CC,F
14:48:22,MYOR,RG,1840,1,D,YP,AK,F
14:48:21,MYOR,RG,1845,7,D,BB,CC,F
14:48:21,MYOR,RG,1840,2,D,YP,AK,F
14:48:20,MYOR,RG,1845,7,F,BK,CC,F
14:48:19,MYOR,RG,1845,32,F,RX,CC,F
14:48:18,MYOR,RG,1845,8,D,BB,CC,F
14:48:13,MYOR,RG,1840,1,D,YP,AK,F
14:48:12,MYOR,RG,1845,8,F,BK,CC,F
14:48:11,MYOR,RG,1845,7,D,BB,CC,F
14:48:11,MYOR,RG,1840,2,D,YP,AK,F
14:48:09,MYOR,RG,1845,34,F,RX,CC,F
14:48:06,MYOR,RG,1845,4,D,BB,CC,F
14:48:05,MYOR,RG,1845,9,F,BK,CC,F
14:48:04,MYOR,RG,1840,1,D,YP,AK,F
14:48:02,MYOR,RG,1845,9,D,BB,CC,F
14:48:02,MYOR,RG,1840,11,D,YP,IF,D
14:48:02,MYOR,RG,1840,1,D,YP,AK,F
14:48:00,MYOR,RG,1845,8,F,BK,CC,F
14:48:00,MYOR,RG,1840,1,D,YP,AK,F
14:48:00,MYOR,RG,1845,25,D,BB,CC,F
14:48:00,MYOR,RG,1840,2,D,YP,AK,F
14:47:58,MYOR,RG,1845,32,F,RX,CC,F
14:47:55,MYOR,RG,1845,8,F,BK,CC,F
14:47:53,MYOR,RG,1840,1,D,YP,AK,F
14:47:52,MYOR,RG,1840,3,D,YP,AK,F
14:47:52,MYOR,RG,1845,1,F,BK,CC,F
14:47:52,MYOR,RG,1845,8,F,BK,XC,D
14:47:50,MYOR,RG,1845,12,D,BB,XC,D
14:47:50,MYOR,RG,1845,26,D,BB,YP,D
14:47:50,MYOR,RG,1840,20,D,YP,CC,D
14:47:50,MYOR,RG,1840,1,D,YP,AK,F
14:47:48,MYOR,RG,1845,34,F,RX,YP,D
14:47:38,MYOR,RG,1840,2,D,TP,AK,F
14:47:37,MYOR,RG,1845,24,F,RX,YP,D
14:47:36,MYOR,RG,1845,6,D,PD,YP,D
14:47:25,MYOR,RG,1840,1,D,TP,AK,F
14:47:24,MYOR,RG,1845,10,D,BB,YP,D
14:47:24,MYOR,RG,1845,5,D,BB,XC,D
14:47:24,MYOR,RG,1845,1,D,BB,DH,D
14:47:24,MYOR,RG,1845,1,D,BB,AK,F
14:47:24,MYOR,RG,1845,25,D,BB,ZP,F
14:47:09,MYOR,RG,1840,1,D,TP,AK,F
14:47:09,MYOR,RG,1845,10,D,YP,ZP,F
14:47:00,MYOR,RG,1840,4,D,TP,AK,F
14:47:00,MYOR,RG,1845,7,D,BB,ZP,F
14:47:00,MYOR,RG,1845,1,D,BB,XC,D
14:47:00,MYOR,RG,1845,7,D,BB,PD,D
14:47:00,MYOR,RG,1845,23,D,BB,XL,D
14:46:59,MYOR,RG,1845,4,F,BK,XL,D
14:46:59,MYOR,RG,1845,15,F,BK,CC,D
14:46:59,MYOR,RG,1845,17,F,BK,CC,D
14:46:57,MYOR,RG,1845,3,D,NI,CC,D
14:46:57,MYOR,RG,1845,30,D,NI,SQ,D
14:46:57,MYOR,RG,1845,1,D,NI,XC,D
14:46:57,MYOR,RG,1845,3,D,NI,KK,D
14:46:57,MYOR,RG,1845,2,D,NI,XC,D
14:46:57,MYOR,RG,1845,2,D,NI,CC,D
14:46:57,MYOR,RG,1845,279,D,NI,YP,D
14:46:57,MYOR,RG,1845,1,D,NI,YP,D
14:46:57,MYOR,RG,1845,179,D,NI,CC,F
14:46:57,MYOR,RG,1845,25,F,RX,CC,F
14:46:54,MYOR,RG,1845,8,F,BK,CC,F
14:46:49,MYOR,RG,1845,12,F,BK,CC,F
14:46:46,MYOR,RG,1845,57,F,RX,CC,F
14:46:46,MYOR,RG,1845,13,F,BK,CC,F
14:46:44,MYOR,RG,1845,3,D,NI,CC,F
14:46:43,MYOR,RG,1845,71,F,BK,CC,F
14:46:42,MYOR,RG,1845,132,D,TP,CC,F
14:46:42,MYOR,RG,1845,1,D,TP,PD,D
14:46:42,MYOR,RG,1845,115,D,TP,KK,D
14:46:42,MYOR,RG,1845,23,D,TP,DR,D
14:46:40,MYOR,RG,1845,2,D,YP,DR,D
14:46:40,MYOR,RG,1845,1,D,YP,AK,F
14:46:40,MYOR,RG,1845,39,D,YP,AK,F
14:46:40,MYOR,RG,1845,10,D,YP,YP,D
14:46:40,MYOR,RG,1845,2,D,YP,AK,F
14:46:40,MYOR,RG,1845,82,D,YP,CC,F
14:46:40,MYOR,RG,1845,8,F,BK,CC,F
14:46:38,MYOR,RG,1845,27,F,RX,CC,F
14:46:34,MYOR,RG,1845,11,F,BK,CC,F
14:46:31,MYOR,RG,1845,55,D,BB,CC,F
14:46:30,MYOR,RG,1845,8,F,BK,CC,F
14:46:28,MYOR,RG,1845,49,F,RX,CC,F
14:46:20,MYOR,RG,1845,8,F,BK,CC,F
14:46:19,MYOR,RG,1845,55,D,SQ,CC,F
14:46:16,MYOR,RG,1845,3,D,XC,CC,F
14:46:10,MYOR,RG,1845,51,F,RX,CC,F
14:46:08,MYOR,RG,1845,43,D,BB,CC,F
14:46:05,MYOR,RG,1845,3,F,AK,CC,F
14:45:51,MYOR,RG,1845,27,F,RX,CC,F
14:45:41,MYOR,RG,1845,26,F,RX,CC,F
14:45:41,MYOR,RG,1845,30,D,YP,CC,F
14:45:37,MYOR,RG,1845,14,F,BK,CC,F
14:45:33,MYOR,RG,1845,21,F,BK,CC,F
14:45:32,MYOR,RG,1845,4,D,CC,CC,F
14:45:31,MYOR,RG,1840,1,F,AK,KK,D
14:45:31,MYOR,RG,1845,30,F,RX,CC,F
14:45:30,MYOR,RG,1845,50,D,CC,CC,F
14:45:30,MYOR,RG,1845,65,D,BB,CC,F
14:45:22,MYOR,RG,1845,8,F,BK,CC,F
14:45:20,MYOR,RG,1845,22,F,RX,CC,F
14:45:18,MYOR,RG,1845,1,D,PD,CC,F
14:45:12,MYOR,RG,1845,37,D,BB,CC,F
14:45:12,MYOR,RG,1845,33,F,RX,CC,F
14:45:00,MYOR,RG,1845,15,F,BK,CC,F
14:44:58,MYOR,RG,1845,14,F,RX,CC,F
14:44:58,MYOR,RG,1845,21,F,RX,PD,D
14:44:47,MYOR,RG,1845,9,F,BK,PD,D
14:44:47,MYOR,RG,1845,2,F,BK,AK,F
14:44:44,MYOR,RG,1845,21,F,BK,AK,F
14:44:42,MYOR,RG,1845,35,F,RX,AK,F
14:44:42,MYOR,RG,1845,1,F,RX,YP,D
14:44:42,MYOR,RG,1845,106,F,RX,EP,D
14:44:42,MYOR,RG,1840,1,F,RX,AK,F
14:44:41,MYOR,RG,1840,16,F,RX,DX,D
14:44:40,MYOR,RG,1840,1,F,RX,ZP,F
14:44:40,MYOR,RG,1840,1,F,RX,YP,D
14:44:25,MYOR,RG,1835,1,D,YB,AK,F
14:44:24,MYOR,RG,1845,12,F,BK,EP,D
14:44:23,MYOR,RG,1835,1,D,YB,AK,F
14:44:23,MYOR,RG,1835,1,D,MG,AK,F
14:44:22,MYOR,RG,1845,38,D,BB,EP,D
14:44:18,MYOR,RG,1845,15,F,BK,EP,D
14:44:17,MYOR,RG,1835,5,D,MG,AK,F
14:44:16,MYOR,RG,1845,81,D,BB,EP,D
14:43:48,MYOR,RG,1835,1,D,MG,XL,D
14:43:35,MYOR,RG,1845,9,F,BK,EP,D
14:43:33,MYOR,RG,1835,2,D,MG,AK,F
14:43:32,MYOR,RG,1845,41,D,BB,EP,D
14:43:31,MYOR,RG,1835,1,D,MG,AK,F
14:43:30,MYOR,RG,1845,11,F,BK,EP,D
14:43:24,MYOR,RG,1840,1,F,BK,ZP,F
14:43:21,MYOR,RG,1835,9,D,MG,AK,F
14:43:20,MYOR,RG,1840,1,D,PD,AK,F
14:43:20,MYOR,RG,1845,24,F,BK,EP,D
14:43:19,MYOR,RG,1845,167,F,RX,EP,D
14:43:17,MYOR,RG,1845,2,F,RX,EP,D
14:42:53,MYOR,RG,1835,1,D,MG,AK,F
14:42:52,MYOR,RG,1845,8,F,BK,EP,D
14:42:47,MYOR,RG,1845,12,F,BK,EP,D
14:42:46,MYOR,RG,1835,2,D,MG,AK,F
14:42:45,MYOR,RG,1835,1,D,MG,AK,F
14:42:44,MYOR,RG,1845,42,D,BB,EP,D
14:42:44,MYOR,RG,1835,1,D,MG,AK,F
14:42:44,MYOR,RG,1845,17,D,BB,EP,D
14:42:43,MYOR,RG,1840,17,D,BB,DX,D
14:42:43,MYOR,RG,1835,1,D,MG,PD,D
14:42:40,MYOR,RG,1835,2,D,MG,AK,F
14:42:38,MYOR,RG,1845,39,D,BB,EP,D
14:42:38,MYOR,RG,1840,1,D,BB,XC,D
14:41:48,MYOR,RG,1835,1,D,MG,AK,F
14:41:46,MYOR,RG,1845,14,F,BK,EP,D
14:41:45,MYOR,RG,1835,1,D,MG,AK,F
14:41:45,MYOR,RG,1835,1,D,MG,AK,F
14:41:44,MYOR,RG,1845,20,D,BB,EP,D
14:41:44,MYOR,RG,1840,15,D,BB,NI,D
14:41:44,MYOR,RG,1840,3,D,BB,ZP,F
14:41:44,MYOR,RG,1840,1,D,BB,ZP,F
14:41:09,MYOR,RG,1840,11,F,BK,ZP,F
14:41:09,MYOR,RG,1840,1,F,BK,AK,F
14:41:09,MYOR,RG,1840,2,F,BK,CC,F
14:41:06,MYOR,RG,1835,2,D,MG,AK,F
14:41:05,MYOR,RG,1840,43,F,BK,CC,F
14:41:02,MYOR,RG,1835,19,D,MG,AK,F
14:41:00,MYOR,RG,1840,365,F,BK,CC,F
14:41:00,MYOR,RG,1840,13,F,BK,DX,D
14:41:00,MYOR,RG,1840,1,F,BK,PD,D
14:41:00,MYOR,RG,1840,1,F,BK,XC,D
14:41:00,MYOR,RG,1840,7,F,BK,AK,F
14:41:00,MYOR,RG,1840,113,F,BK,ZP,F
14:40:54,MYOR,RG,1835,2,D,MG,AK,F
14:40:52,MYOR,RG,1840,35,D,BB,ZP,F
14:40:33,MYOR,RG,1840,1,D,AT,ZP,F
14:40:08,MYOR,RG,1835,2,D,MG,AK,F
14:40:06,MYOR,RG,1840,30,D,BB,ZP,F
14:40:00,MYOR,RG,1835,2,D,MG,AK,F
14:40:00,MYOR,RG,1840,7,D,BB,ZP,F
14:40:00,MYOR,RG,1840,2,D,BB,ZP,F
14:40:00,MYOR,RG,1840,29,D,BB,YP,D
14:39:36,MYOR,RG,1835,25,D,MG,AK,F
14:39:34,MYOR,RG,1840,50,D,KK,YP,D
14:39:34,MYOR,RG,1840,50,D,YP,DR,D
14:39:34,MYOR,RG,1840,40,D,EP,DR,D
14:39:34,MYOR,RG,1840,7,D,BB,DR,D
14:39:34,MYOR,RG,1840,53,F,BK,DR,D
14:39:34,MYOR,RG,1840,5,D,NI,DR,D
14:39:34,MYOR,RG,1840,10,D,NI,DR,D
14:39:34,MYOR,RG,1840,1,D,NI,DR,D
14:39:34,MYOR,RG,1840,35,D,EP,DR,D
14:39:34,MYOR,RG,1840,100,D,YP,DR,D
14:39:34,MYOR,RG,1840,3,D,XC,DR,D
14:39:34,MYOR,RG,1840,6,D,BB,DR,D
14:39:34,MYOR,RG,1840,27,F,BK,DR,D
14:39:34,MYOR,RG,1840,88,F,RX,DR,D
14:39:18,MYOR,RG,1840,1,F,RX,AK,F
14:39:17,MYOR,RG,1845,36,D,BB,EP,D
14:39:15,MYOR,RG,1840,1,F,RX,AK,F
14:39:15,MYOR,RG,1840,14,F,RX,DX,D
14:39:05,MYOR,RG,1840,2,F,RX,AK,F
14:39:03,MYOR,RG,1845,33,D,BB,EP,D
14:38:57,MYOR,RG,1840,5,F,RX,XC,D
14:38:42,MYOR,RG,1840,1,F,RX,AK,F
14:38:42,MYOR,RG,1845,10,D,CC,EP,D
14:38:29,MYOR,RG,1840,1,D,BB,AK,F
14:38:28,MYOR,RG,1845,33,D,BB,EP,D
14:37:51,MYOR,RG,1840,1,D,BB,AK,F
14:37:50,MYOR,RG,1840,2,D,BB,PD,D
14:37:37,MYOR,RG,1840,3,D,BB,AK,F
14:37:36,MYOR,RG,1845,70,D,BB,EP,D
14:37:13,MYOR,RG,1845,1,D,EP,EP,D
14:36:59,MYOR,RG,1840,1,D,BB,AK,F
14:36:58,MYOR,RG,1840,1,D,BB,EP,D
14:36:58,MYOR,RG,1840,1,D,BB,EP,D
14:36:58,MYOR,RG,1840,13,F,BK,EP,D
14:36:42,MYOR,RG,1840,1,F,BK,XC,D
14:36:41,MYOR,RG,1840,5,F,BK,PD,D
14:36:38,MYOR,RG,1840,1,F,BK,AK,F
14:36:37,MYOR,RG,1840,16,F,BK,DX,D
14:36:33,MYOR,RG,1840,1,F,BK,AK,F
14:36:32,MYOR,RG,1840,5,F,BK,SQ,D
14:36:22,MYOR,RG,1840,1,D,BB,SQ,D
14:36:22,MYOR,RG,1840,9,D,CC,SQ,D
14:36:10,MYOR,RG,1840,6,D,CC,AK,F
14:36:10,MYOR,RG,1840,5,D,BB,AK,F
14:36:09,MYOR,RG,1840,1,D,BB,YP,D
14:36:09,MYOR,RG,1840,168,F,BK,YP,D
14:36:09,MYOR,RG,1840,8,D,BB,YP,D
14:36:09,MYOR,RG,1840,5,D,YB,YP,D
14:36:09,MYOR,RG,1840,2,D,XC,YP,D
14:36:09,MYOR,RG,1840,16,F,BK,YP,D
14:35:46,MYOR,RG,1840,10,F,BK,YP,D
14:35:45,MYOR,RG,1840,1,F,BK,AK,F
14:35:42,MYOR,RG,1840,1,F,BK,YP,D
14:35:38,MYOR,RG,1840,2,F,BK,ZP,F
14:35:37,MYOR,RG,1840,30,F,BK,AK,F
14:35:37,MYOR,RG,1840,12,F,BK,ZP,F
14:35:36,MYOR,RG,1840,350,F,BK,CC,D
14:35:36,MYOR,RG,1840,5,D,YB,CC,D
14:35:36,MYOR,RG,1840,1,D,XC,CC,D
14:35:36,MYOR,RG,1840,4,F,BK,CC,D
14:35:36,MYOR,RG,1840,1,D,XC,CC,D
14:35:36,MYOR,RG,1840,1,D,XC,CC,D
14:35:36,MYOR,RG,1840,1,D,PD,CC,D
14:35:36,MYOR,RG,1840,60,D,BB,CC,D
14:35:36,MYOR,RG,1840,13,F,BK,CC,D
14:35:36,MYOR,RG,1840,3,D,XL,CC,D
14:35:36,MYOR,RG,1840,47,F,BK,CC,D
14:35:36,MYOR,RG,1840,77,F,BK,CC,D
14:35:23,MYOR,RG,1845,5,D,YB,EP,D
14:35:00,MYOR,RG,1840,1,F,BK,AK,F
14:34:54,MYOR,RG,1840,10,F,BK,XC,D
14:34:48,MYOR,RG,1845,5,D,YB,ZP,F
14:34:46,MYOR,RG,1840,10,F,BK,SQ,D
14:34:35,MYOR,RG,1840,1,F,BK,YP,D
14:34:33,MYOR,RG,1840,4,F,BK,KK,D
14:34:30,MYOR,RG,1840,4,F,BK,AK,F
14:34:26,MYOR,RG,1840,4,F,BK,ZP,F
14:34:22,MYOR,RG,1840,60,F,BK,PD,D
14:34:08,MYOR,RG,1840,14,F,BK,DX,D
14:34:00,MYOR,RG,1840,2,F,BK,AK,F
14:33:56,MYOR,RG,1845,15,D,PD,ZP,F
14:33:54,MYOR,RG,1840,13,F,BK,DR,D
14:33:51,MYOR,RG,1840,1,F,BK,XC,D
14:33:30,MYOR,RG,1840,8,F,BK,AK,F
14:33:23,MYOR,RG,1845,5,D,YP,ZP,F
14:33:23,MYOR,RG,1840,60,F,BK,CC,D
14:33:23,MYOR,RG,1840,16,D,BB,CC,D
14:33:23,MYOR,RG,1840,24,D,BB,CC,D
14:33:23,MYOR,RG,1840,40,F,BK,CC,D
14:33:23,MYOR,RG,1840,10,D,NI,CC,D
14:33:22,MYOR,RG,1840,1,F,BK,YP,D
14:33:15,MYOR,RG,1840,1,F,BK,AK,F
14:33:03,MYOR,RG,1845,10,D,NI,ZP,F
14:32:37,MYOR,RG,1840,52,F,BK,AK,F
14:32:35,MYOR,RG,1840,25,F,BK,PG,D
14:32:35,MYOR,RG,1840,300,D,YJ,PG,D
14:32:35,MYOR,RG,1840,7,D,BB,PG,D
14:32:35,MYOR,RG,1840,20,D,YP,PG,D
14:32:35,MYOR,RG,1840,1,D,NI,PG,D
14:32:35,MYOR,RG,1840,422,D,BB,PG,D
14:32:35,MYOR,RG,1840,3,D,PD,PG,D
14:32:35,MYOR,RG,1840,100,D,XL,PG,D
14:32:35,MYOR,RG,1840,31,F,BK,PG,D
14:32:35,MYOR,RG,1840,77,F,BK,PG,D
14:32:35,MYOR,RG,1840,14,D,OD,PG,D
14:32:02,MYOR,RG,1840,1,D,OD,XC,D
14:31:49,MYOR,RG,1840,1,D,OD,AK,F
14:31:48,MYOR,RG,1840,4,D,OD,PD,D
14:31:45,MYOR,RG,1840,1,D,OD,AK,F
14:31:39,MYOR,RG,1845,1,D,PD,ZP,F
14:31:32,MYOR,RG,1840,17,D,OD,DX,D
14:31:12,MYOR,RG,1845,1,D,EP,ZP,F
14:30:45,MYOR,RG,1840,8,D,OD,AK,F
14:30:44,MYOR,RG,1840,54,D,OD,YP,D
14:30:44,MYOR,RG,1840,96,D,BB,YP,D
14:30:30,MYOR,RG,1840,3,D,BB,AK,F
14:30:02,MYOR,RG,1845,15,F,BK,ZP,F
14:29:57,MYOR,RG,1845,48,F,BK,ZP,F
14:29:57,MYOR,RG,1840,13,D,BB,AK,F
14:29:55,MYOR,RG,1840,2,D,BB,AK,F
14:29:55,MYOR,RG,1845,142,F,BK,ZP,F
14:29:55,MYOR,RG,1845,1,F,BK,AK,F
14:29:55,MYOR,RG,1845,1,F,BK,AK,F
14:29:55,MYOR,RG,1845,131,F,BK,CC,F
14:29:52,MYOR,RG,1840,105,D,BB,AK,F
14:29:51,MYOR,RG,1840,19,D,BB,PD,D
14:29:51,MYOR,RG,1840,162,D,BB,PD,D
14:29:51,MYOR,RG,1840,5,D,YP,PD,D
14:29:51,MYOR,RG,1840,25,D,EP,PD,D
14:29:51,MYOR,RG,1840,2,D,SQ,PD,D
14:29:51,MYOR,RG,1840,28,D,CC,PD,D
14:29:51,MYOR,RG,1840,10,D,YP,PD,D
14:29:51,MYOR,RG,1840,11,D,AT,PD,D
14:29:51,MYOR,RG,1840,20,D,CC,PD,D
14:29:51,MYOR,RG,1840,20,D,PD,PD,D
14:29:51,MYOR,RG,1840,2,D,AT,PD,D
14:29:51,MYOR,RG,1840,25,D,PD,PD,D
14:29:51,MYOR,RG,1840,1,D,SQ,PD,D
14:29:51,MYOR,RG,1840,94,D,BB,PD,D
14:29:51,MYOR,RG,1840,3,D,NI,PD,D
14:29:51,MYOR,RG,1840,1,D,YP,PD,D
14:29:51,MYOR,RG,1840,5,D,KK,PD,D
14:29:51,MYOR,RG,1840,2,D,DR,PD,D
14:29:51,MYOR,RG,1840,13,D,DR,PD,D
14:29:51,MYOR,RG,1840,40,D,XA,PD,D
14:29:51,MYOR,RG,1840,2,D,YP,PD,D
14:29:51,MYOR,RG,1840,7,D,PD,PD,D
14:29:51,MYOR,RG,1840,5,D,CC,PD,D
14:29:51,MYOR,RG,1840,5,D,YP,PD,D
14:29:51,MYOR,RG,1840,2,D,XC,PD,D
14:29:51,MYOR,RG,1840,5,D,PD,PD,D
14:29:51,MYOR,RG,1840,2,D,YP,PD,D
14:29:51,MYOR,RG,1840,55,D,NI,PD,D
14:29:51,MYOR,RG,1840,27,D,DR,PD,D
14:29:51,MYOR,RG,1840,20,D,IH,PD,D
14:29:51,MYOR,RG,1840,60,D,CC,PD,D
14:29:51,MYOR,RG,1840,1,D,PD,PD,D
14:29:51,MYOR,RG,1840,10,D,YP,PD,D
14:29:51,MYOR,RG,1840,10,D,PD,PD,D
14:29:51,MYOR,RG,1840,1,D,XL,PD,D
14:29:51,MYOR,RG,1840,1,D,YP,PD,D
14:29:51,MYOR,RG,1840,1,D,XC,PD,D
14:29:51,MYOR,RG,1840,72,D,YP,PD,D
14:29:51,MYOR,RG,1840,1,D,CC,PD,D
14:29:51,MYOR,RG,1840,1,D,XC,PD,D
14:29:51,MYOR,RG,1840,1,D,XC,PD,D
14:29:51,MYOR,RG,1840,3,D,XC,PD,D
14:29:51,MYOR,RG,1840,1,D,AZ,PD,D
14:29:51,MYOR,RG,1840,105,D,SQ,PD,D
14:29:51,MYOR,RG,1840,15,D,OD,PD,D
14:29:51,MYOR,RG,1840,50,D,YP,PD,D
14:29:51,MYOR,RG,1840,13,D,DR,PD,D
14:29:51,MYOR,RG,1840,150,F,BK,PD,D
14:29:51,MYOR,RG,1840,936,D,YJ,PD,D
14:29:43,MYOR,RG,1840,2,D,YJ,XC,D
14:28:57,MYOR,RG,1840,1,D,YJ,AK,F
14:28:56,MYOR,RG,1840,16,D,YJ,DX,D
14:28:00,MYOR,RG,1845,1,D,EP,CC,F
14:27:17,MYOR,RG,1840,26,D,YJ,AK,F
14:27:16,MYOR,RG,1840,19,D,YJ,AK,F
14:27:16,MYOR,RG,1840,18,D,EP,AK,F
14:27:16,MYOR,RG,1840,1,D,KK,AK,F
14:27:16,MYOR,RG,1840,15,D,EP,AK,F
14:27:16,MYOR,RG,1840,13,D,DR,AK,F
14:27:16,MYOR,RG,1840,40,D,YP,AK,F
14:27:16,MYOR,RG,1840,1,D,PD,AK,F
14:27:16,MYOR,RG,1840,16,D,PD,AK,F
14:27:16,MYOR,RG,1840,55,D,YP,AK,F
14:27:16,MYOR,RG,1845,500,F,BK,CC,F
14:27:15,MYOR,RG,1845,201,D,BB,CC,F
14:27:15,MYOR,RG,1845,10,D,YP,CC,F
14:27:15,MYOR,RG,1845,10,D,PD,CC,F
14:27:15,MYOR,RG,1845,5,D,XC,CC,F
14:27:15,MYOR,RG,1845,1,D,SQ,CC,F
14:27:15,MYOR,RG,1845,8,D,PD,CC,F
14:27:15,MYOR,RG,1845,3,D,CC,CC,F
14:27:15,MYOR,RG,1845,30,D,NI,CC,F
14:27:15,MYOR,RG,1845,1,D,XC,CC,F
14:27:15,MYOR,RG,1845,1,D,YP,CC,F
14:27:15,MYOR,RG,1845,266,D,BB,CC,F
14:27:15,MYOR,RG,1845,595,F,RX,CC,F
14:27:15,MYOR,RG,1845,5,D,XC,CC,F
14:27:15,MYOR,RG,1845,20,D,CC,CC,F
14:27:15,MYOR,RG,1845,55,D,YP,CC,F
14:27:15,MYOR,RG,1845,234,D,BB,CC,F
14:27:15,MYOR,RG,1845,300,D,EP,CC,F
14:27:15,MYOR,RG,1845,200,D,XL,CC,F
14:27:15,MYOR,RG,1845,1,D,XC,CC,F
14:27:15,MYOR,RG,1845,6,D,CC,CC,F
14:27:15,MYOR,RG,1845,50,D,YP,CC,F
14:27:15,MYOR,RG,1845,25,D,PD,CC,F
14:27:15,MYOR,RG,1845,11,D,NI,CC,F
14:27:15,MYOR,RG,1845,2,D,EP,CC,F
14:27:15,MYOR,RG,1845,1,D,KK,CC,F
14:27:15,MYOR,RG,1845,7,D,NI,CC,F
14:27:15,MYOR,RG,1845,4,D,YP,CC,F
14:27:15,MYOR,RG,1845,10,D,KK,CC,F
14:27:15,MYOR,RG,1845,5,D,YP,CC,F
14:27:15,MYOR,RG,1845,20,D,PD,CC,F
14:27:15,MYOR,RG,1845,5,D,SQ,CC,F
14:27:15,MYOR,RG,1845,11,F,BK,CC,F
14:27:15,MYOR,RG,1845,1,D,YP,CC,F
14:27:15,MYOR,RG,1845,1,D,XC,CC,F
14:27:15,MYOR,RG,1845,1,D,NI,CC,F
14:27:15,MYOR,RG,1845,1,D,YP,CC,F
14:27:15,MYOR,RG,1845,1,D,NI,CC,F
14:27:15,MYOR,RG,1845,3,D,CC,CC,F
14:27:15,MYOR,RG,1845,362,D,BB,CC,F
14:27:15,MYOR,RG,1845,2,D,PD,CC,F
14:27:15,MYOR,RG,1845,539,F,RX,CC,F
14:27:15,MYOR,RG,1845,12,D,YP,CC,F
14:27:15,MYOR,RG,1845,1,D,PD,CC,F
14:27:15,MYOR,RG,1845,234,D,BB,CC,F
14:27:15,MYOR,RG,1845,30,D,SQ,CC,F
14:27:15,MYOR,RG,1845,3,D,KK,CC,F
14:27:15,MYOR,RG,1845,5,D,NI,CC,F
14:27:15,MYOR,RG,1845,69,F,BK,CC,F
14:27:14,MYOR,RG,1850,2,D,PD,CC,F
14:26:52,MYOR,RG,1845,1,F,BK,AK,F
14:26:51,MYOR,RG,1850,25,D,YP,CC,F
14:26:21,MYOR,RG,1845,1,F,BK,AK,F
14:26:20,MYOR,RG,1845,14,F,BK,DX,D
14:24:43,MYOR,RG,1850,2,D,GR,CC,F
14:24:41,MYOR,RG,1845,2,F,BK,PD,D
14:24:41,MYOR,RG,1845,3,F,BK,PD,D
14:24:39,MYOR,RG,1845,1,F,BK,PD,D
14:23:53,MYOR,RG,1845,1,F,BK,AK,F
14:23:52,MYOR,RG,1845,14,F,BK,DX,D
14:23:40,MYOR,RG,1850,4,D,NI,CC,F
14:23:18,MYOR,RG,1845,1,F,BK,AK,F
14:23:17,MYOR,RG,1850,16,F,BK,CC,F
14:23:15,MYOR,RG,1845,1,F,BK,AK,F
14:23:13,MYOR,RG,1850,12,F,BK,CC,F
14:23:13,MYOR,RG,1850,1,D,XC,CC,F
14:23:12,MYOR,RG,1845,1,F,BK,AK,F
14:23:10,MYOR,RG,1850,18,F,BK,CC,F
14:23:02,MYOR,RG,1850,10,F,BK,CC,F
14:23:02,MYOR,RG,1850,4,F,BK,PD,D
14:23:02,MYOR,RG,1845,2,F,BK,AK,F
14:23:02,MYOR,RG,1850,1,D,XC,PD,D
14:23:01,MYOR,RG,1850,25,F,BK,PD,D
14:22:58,MYOR,RG,1845,1,F,BK,AK,F
14:22:56,MYOR,RG,1850,20,F,BK,PD,D
14:22:56,MYOR,RG,1850,1,F,BK,XL,D
14:22:55,MYOR,RG,1845,8,F,BK,AK,F
14:22:54,MYOR,RG,1850,6,F,RX,XL,D
14:22:54,MYOR,RG,1850,1,F,RX,CC,D
14:22:54,MYOR,RG,1850,2,F,RX,CC,D
14:22:54,MYOR,RG,1850,1,F,RX,OD,D
14:22:54,MYOR,RG,1850,10,F,RX,PD,D
14:22:54,MYOR,RG,1850,1,F,RX,XL,D
14:22:54,MYOR,RG,1850,1,F,RX,XL,D
14:22:54,MYOR,RG,1850,30,F,RX,PD,D
14:22:54,MYOR,RG,1850,15,F,RX,XL,D
14:22:54,MYOR,RG,1850,5,F,RX,PD,D
14:22:54,MYOR,RG,1850,1,F,RX,PD,D
14:22:54,MYOR,RG,1850,1,F,RX,PD,D
14:22:54,MYOR,RG,1850,5,F,RX,XC,D
14:22:54,MYOR,RG,1850,71,F,RX,CC,F
14:22:48,MYOR,RG,1850,9,F,BK,CC,F
14:22:45,MYOR,RG,1850,1,D,XC,CC,F
14:22:44,MYOR,RG,1845,1,F,BK,AK,F
14:22:43,MYOR,RG,1850,12,F,BK,CC,F
14:22:40,MYOR,RG,1845,3,F,BK,AK,F
14:22:39,MYOR,RG,1845,13,F,BK,AK,F
14:22:39,MYOR,RG,1850,54,F,BK,CC,F
14:22:38,MYOR,RG,1850,248,F,RX,CC,F
14:22:35,MYOR,RG,1845,4,F,BK,AK,F
14:22:34,MYOR,RG,1850,73,F,BK,CC,F
14:22:30,MYOR,RG,1845,22,F,BK,AK,F
14:22:29,MYOR,RG,1850,425,D,BB,CC,F
14:22:21,MYOR,RG,1845,1,F,BK,AK,F
14:22:20,MYOR,RG,1850,25,D,YP,CC,F
14:22:09,MYOR,RG,1845,1,F,BK,OD,D
14:21:41,MYOR,RG,1845,1,F,BK,AK,F
14:21:39,MYOR,RG,1845,5,F,BK,XC,D
14:21:15,MYOR,RG,1850,9,F,BK,CC,F
14:21:13,MYOR,RG,1845,1,F,BK,AK,F
14:21:11,MYOR,RG,1845,16,F,BK,DX,D
14:20:48,MYOR,RG,1845,1,F,BK,AK,F
14:20:46,MYOR,RG,1850,12,D,XC,CC,F
14:20:13,MYOR,RG,1850,9,F,BK,CC,F
14:20:13,MYOR,RG,1845,1,F,BK,XC,D
14:20:12,MYOR,RG,1845,1,F,BK,AK,F
14:20:11,MYOR,RG,1850,25,D,YP,CC,F
14:20:09,MYOR,RG,1845,1,F,BK,AK,F
14:20:08,MYOR,RG,1850,1,D,EP,CC,F
14:19:42,MYOR,RG,1850,15,D,XC,CC,F
14:19:30,MYOR,RG,1850,3,D,XC,CC,F
14:19:24,MYOR,RG,1845,1,F,BK,AK,F
14:19:23,MYOR,RG,1845,5,F,BK,CC,D
14:18:48,MYOR,RG,1845,3,F,BK,YP,D
14:18:45,MYOR,RG,1845,1,F,BK,NI,D
14:18:44,MYOR,RG,1850,8,F,BK,CC,F
14:18:44,MYOR,RG,1850,1,F,BK,XC,D
14:18:42,MYOR,RG,1845,1,F,BK,AK,F
14:18:42,MYOR,RG,1845,16,F,BK,DX,D
14:18:00,MYOR,RG,1850,2,D,CC,XC,D
14:18:00,MYOR,RG,1850,1,D,CC,AT,D
14:18:00,MYOR,RG,1850,1,D,CC,PD,D
14:17:54,MYOR,RG,1845,1,F,BK,AK,F
14:17:53,MYOR,RG,1850,1,D,YP,PD,D
14:17:09,MYOR,RG,1850,1,D,XL,PD,D
14:16:43,MYOR,RG,1845,1,F,BK,LG,D
14:16:07,MYOR,RG,1845,14,F,BK,DX,D
14:15:45,MYOR,RG,1845,1,F,BK,AK,F
14:15:33,MYOR,RG,1845,20,F,BK,YP,D
14:15:30,MYOR,RG,1845,1,F,BK,AK,F
14:15:17,MYOR,RG,1850,2,F,BK,PD,D
14:15:17,MYOR,RG,1850,1,F,BK,SQ,D
14:15:17,MYOR,RG,1850,9,F,BK,CD,D
14:15:16,MYOR,RG,1845,5,F,BK,CC,D
14:14:45,MYOR,RG,1845,1,F,BK,AK,F
14:14:44,MYOR,RG,1845,9,F,BK,XL,D
14:14:44,MYOR,RG,1845,9,D,NI,XL,D
14:13:45,MYOR,RG,1845,2,D,NI,AK,F
14:13:37,MYOR,RG,1845,9,D,NI,DX,D
14:13:37,MYOR,RG,1845,5,D,NI,DX,D
14:13:37,MYOR,RG,1845,2,D,DR,DX,D
14:13:36,MYOR,RG,1850,8,F,BK,CD,D
14:13:32,MYOR,RG,1845,6,D,DR,XC,D
14:13:20,MYOR,RG,1850,9,F,BK,CD,D
14:13:15,MYOR,RG,1845,17,D,DR,AK,F
14:13:15,MYOR,RG,1845,23,F,RX,AK,F
14:13:13,MYOR,RG,1850,47,F,BK,CD,D
14:13:08,MYOR,RG,1850,27,F,BK,CD,D
14:13:08,MYOR,RG,1850,5,F,BK,EP,D
14:13:08,MYOR,RG,1850,9,F,BK,XC,D
14:13:08,MYOR,RG,1850,1,F,BK,DR,D
14:13:08,MYOR,RG,1850,3,F,BK,PD,D
14:13:08,MYOR,RG,1850,10,F,BK,CC,D
14:13:08,MYOR,RG,1850,5,F,BK,YP,D
14:13:08,MYOR,RG,1850,50,F,BK,AT,D
14:13:08,MYOR,RG,1850,70,F,BK,CC,D
14:13:08,MYOR,RG,1850,3,F,BK,XC,D
14:13:08,MYOR,RG,1850,2,F,BK,XC,D
14:13:08,MYOR,RG,1850,5,F,BK,YP,D
14:13:08,MYOR,RG,1850,33,F,BK,CC,D
14:13:08,MYOR,RG,1850,59,F,BK,CC,D
14:13:05,MYOR,RG,1850,108,D,BB,CC,D
14:13:05,MYOR,RG,1850,14,D,BB,XC,D
14:13:05,MYOR,RG,1850,100,D,BB,MK,D
14:13:05,MYOR,RG,1850,100,D,BB,NI,D
14:13:05,MYOR,RG,1850,10,D,BB,CC,D
14:13:05,MYOR,RG,1850,1,D,BB,DH,D
14:13:05,MYOR,RG,1850,1,D,BB,XC,D
14:13:05,MYOR,RG,1850,2,D,BB,XC,D
14:13:05,MYOR,RG,1850,90,D,BB,TP,D
14:12:52,MYOR,RG,1850,1,D,EP,TP,D
14:12:52,MYOR,RG,1850,1,D,PD,TP,D
14:12:30,MYOR,RG,1845,13,F,RX,AK,F
14:12:16,MYOR,RG,1850,245,D,BB,TP,D
14:11:45,MYOR,RG,1845,29,F,RX,AK,F
14:11:42,MYOR,RG,1850,50,D,YP,TP,D
14:11:35,MYOR,RG,1845,290,F,RX,CC,F
14:11:35,MYOR,RG,1845,5,D,PD,CC,F
14:11:35,MYOR,RG,1845,22,D,BB,CC,F
14:11:35,MYOR,RG,1845,141,F,BK,CC,F
14:11:35,MYOR,RG,1845,42,F,BK,CC,F
14:11:15,MYOR,RG,1845,1,F,BK,AK,F
14:11:06,MYOR,RG,1850,14,F,BK,TP,D
14:11:04,MYOR,RG,1850,7,F,BK,TP,D
14:11:00,MYOR,RG,1845,18,F,BK,AK,F
14:10:58,MYOR,RG,1850,21,F,BK,TP,D
14:10:57,MYOR,RG,1850,71,F,RX,TP,D
14:10:57,MYOR,RG,1850,58,F,RX,PD,D
14:10:56,MYOR,RG,1845,14,F,BK,DX,D
14:10:55,MYOR,RG,1850,9,F,BK,PD,D
14:10:52,MYOR,RG,1850,24,F,BK,PD,D
14:10:49,MYOR,RG,1850,89,D,XC,PD,D
14:10:49,MYOR,RG,1850,2,D,XC,XC,D
14:10:49,MYOR,RG,1850,7,D,XC,PD,D
14:10:49,MYOR,RG,1850,1,D,XC,YP,D
14:10:49,MYOR,RG,1850,19,D,XC,XC,D
14:10:49,MYOR,RG,1850,1,D,XC,YP,D
14:10:49,MYOR,RG,1850,1,D,XC,KK,D
14:10:49,MYOR,RG,1850,2,D,XC,PD,D
14:10:49,MYOR,RG,1850,28,D,XC,CC,D
14:10:00,MYOR,RG,1845,1,F,BK,AK,F
14:09:46,MYOR,RG,1850,9,F,BK,CC,D
14:09:45,MYOR,RG,1845,12,F,BK,AK,F
14:09:43,MYOR,RG,1850,25,F,BK,CC,D
14:09:42,MYOR,RG,1850,2,D,CC,CC,D
14:09:42,MYOR,RG,1845,1,F,BK,PD,D
14:09:41,MYOR,RG,1850,200,F,BK,CC,D
14:09:16,MYOR,RG,1845,1,F,BK,XC,D
14:08:51,MYOR,RG,1845,6,F,BK,KK,D
14:08:30,MYOR,RG,1845,2,F,BK,AK,F
14:08:22,MYOR,RG,1850,13,F,BK,CC,D
14:08:18,MYOR,RG,1845,16,F,BK,DX,D
14:07:51,MYOR,RG,1845,6,F,BK,DR,D
14:07:15,MYOR,RG,1845,1,F,BK,AK,F
14:07:13,MYOR,RG,1845,4,F,BK,PD,D
14:07:09,MYOR,RG,1850,5,D,XC,CC,D
14:07:00,MYOR,RG,1845,1,F,BK,AK,F
14:06:46,MYOR,RG,1850,22,F,RX,CC,D
14:06:42,MYOR,RG,1850,2,D,PD,CC,D
14:06:30,MYOR,RG,1845,1,F,BK,AK,F
14:06:19,MYOR,RG,1850,13,F,BK,CC,D
14:06:18,MYOR,RG,1845,6,F,BK,DH,D
14:06:15,MYOR,RG,1845,18,F,BK,AK,F
14:06:14,MYOR,RG,1850,8,F,BK,CC,D
14:06:13,MYOR,RG,1850,20,D,PD,CC,D
14:06:12,MYOR,RG,1845,6,F,BK,XC,D
14:06:12,MYOR,RG,1850,2,D,YB,CC,D
14:06:08,MYOR,RG,1850,8,F,BK,CC,D
14:06:03,MYOR,RG,1850,41,F,BK,CC,D
14:06:01,MYOR,RG,1850,264,D,BB,CC,D
14:06:00,MYOR,RG,1845,1,F,BK,AK,F
14:05:52,MYOR,RG,1850,11,F,RX,CC,D
14:04:45,MYOR,RG,1850,14,D,PD,CC,D
14:04:00,MYOR,RG,1845,1,F,BK,AK,F
14:04:00,MYOR,RG,1845,1,D,NI,AK,F
14:03:48,MYOR,RG,1850,15,F,BK,CC,D
14:03:46,MYOR,RG,1845,1,F,BK,ZP,F
14:03:46,MYOR,RG,1845,5,F,BK,YP,D
14:03:45,MYOR,RG,1840,14,D,YP,AK,F
14:03:41,MYOR,RG,1850,40,F,BK,CC,D
14:03:39,MYOR,RG,1850,188,D,BB,CC,D
14:03:38,MYOR,RG,1845,16,D,BB,DX,D
14:03:38,MYOR,RG,1845,7,D,BB,YP,D
14:03:38,MYOR,RG,1845,2,D,BB,AT,D
14:03:38,MYOR,RG,1845,6,D,BB,XC,D
14:03:38,MYOR,RG,1845,2,D,BB,AK,F
14:03:38,MYOR,RG,1845,6,D,BB,XC,D
14:03:38,MYOR,RG,1845,10,D,BB,ZP,F
14:03:38,MYOR,RG,1845,14,D,BB,ZP,F
14:03:38,MYOR,RG,1845,17,D,BB,DH,D
14:03:30,MYOR,RG,1840,1,D,YP,AK,F
14:03:25,MYOR,RG,1840,28,D,YP,CC,D
14:03:00,MYOR,RG,1840,2,D,YP,AK,F
14:02:53,MYOR,RG,1845,13,F,BK,DH,D
14:02:47,MYOR,RG,1845,13,F,BK,DH,D
14:02:47,MYOR,RG,1840,5,D,EP,AK,F
14:02:45,MYOR,RG,1845,12,D,SQ,DH,D
14:02:45,MYOR,RG,1845,17,D,SQ,DX,D
14:02:45,MYOR,RG,1845,30,D,SQ,OD,D
14:02:45,MYOR,RG,1845,12,D,SQ,ZP,F
14:02:45,MYOR,RG,1845,2,D,SQ,YP,D
14:02:45,MYOR,RG,1845,20,D,SQ,SQ,D
14:02:45,MYOR,RG,1845,7,D,SQ,CC,D
14:02:45,MYOR,RG,1840,3,D,EP,AK,F
14:02:43,MYOR,RG,1845,5,F,BK,CC,D
14:02:43,MYOR,RG,1845,10,F,BK,CC,F
14:02:40,MYOR,RG,1845,41,F,BK,CC,F
14:02:39,MYOR,RG,1840,2,D,EP,AK,F
14:02:39,MYOR,RG,1840,2,D,KK,AK,F
14:02:38,MYOR,RG,1845,249,D,YU,CC,F
14:02:38,MYOR,RG,1845,22,D,YU,ZP,F
14:02:38,MYOR,RG,1845,4,D,YU,AK,F
14:02:35,MYOR,RG,1845,1,F,BK,AK,F
14:02:35,MYOR,RG,1845,5,F,BK,AK,F
14:02:35,MYOR,RG,1845,2,F,BK,ZP,F
14:02:30,MYOR,RG,1840,5,D,KK,AK,F
14:02:28,MYOR,RG,1845,14,F,BK,ZP,F
14:02:27,MYOR,RG,1845,41,D,CC,ZP,F
14:02:27,MYOR,RG,1845,5,D,CC,SQ,D
14:02:27,MYOR,RG,1845,36,D,CC,CC,D
14:02:15,MYOR,RG,1840,1,D,KK,AK,F
14:02:09,MYOR,RG,1840,3,D,KK,XC,D
14:02:03,MYOR,RG,1840,5,D,KK,PD,D
14:01:41,MYOR,RG,1845,2,D,PD,CC,D
14:01:36,MYOR,RG,1840,1,D,KK,NI,D
14:01:00,MYOR,RG,1840,1,D,KK,AK,F
14:00:44,MYOR,RG,1845,8,F,BK,CC,D
14:00:43,MYOR,RG,1840,10,D,KK,DX,D
14:00:43,MYOR,RG,1840,6,D,PD,DX,D
14:00:40,MYOR,RG,1840,1,D,PD,XC,D
14:00:33,MYOR,RG,1845,8,D,YP,CC,D
14:00:30,MYOR,RG,1840,8,D,PD,AK,F
13:59:54,MYOR,RG,1845,8,F,BK,CC,D
13:59:51,MYOR,RG,1845,21,F,BK,CC,D
13:59:50,MYOR,RG,1845,137,D,BB,CC,D
13:59:36,MYOR,RG,1845,1,D,KK,CC,D
13:59:25,MYOR,RG,1845,11,F,BK,CC,D
13:59:23,MYOR,RG,1840,60,D,PD,XC,D
13:59:14,MYOR,RG,1840,1,D,PD,PD,D
13:58:50,MYOR,RG,1845,10,F,BK,CC,D
13:58:48,MYOR,RG,1845,54,D,XL,CC,D
13:58:16,MYOR,RG,1845,55,F,BK,CC,D
13:58:16,MYOR,RG,1845,10,F,BK,ZP,F
13:58:16,MYOR,RG,1845,15,F,BK,YB,D
13:58:16,MYOR,RG,1845,22,F,BK,AK,F
13:58:16,MYOR,RG,1845,47,F,BK,ZP,F
13:58:16,MYOR,RG,1845,51,F,BK,CC,F
13:58:15,MYOR,RG,1840,75,D,PD,XC,D
13:58:15,MYOR,RG,1840,7,D,PD,AK,F
13:58:15,MYOR,RG,1840,11,D,DR,AK,F
13:58:03,MYOR,RG,1840,2,D,DR,DX,D
13:58:03,MYOR,RG,1840,1,D,YP,DX,D
13:58:03,MYOR,RG,1840,5,D,CC,DX,D
13:58:03,MYOR,RG,1840,5,D,BB,DX,D
13:57:14,MYOR,RG,1840,1,D,BB,XC,D
13:57:00,MYOR,RG,1840,25,D,BB,AK,F
13:56:32,MYOR,RG,1845,1,D,XC,CC,F
13:56:08,MYOR,RG,1845,147,D,KK,CC,F
13:55:30,MYOR,RG,1840,27,D,BB,AK,F
13:54:41,MYOR,RG,1845,1,D,EP,CC,F
13:54:41,MYOR,RG,1845,1,D,EP,ZP,F
13:54:27,MYOR,RG,1840,1,D,BB,XC,D
13:54:07,MYOR,RG,1850,70,D,BB,CC,D
13:54:07,MYOR,RG,1850,1,D,BB,XC,D
13:54:07,MYOR,RG,1850,1,D,BB,NI,D
13:54:07,MYOR,RG,1850,10,D,BB,CC,D
13:54:07,MYOR,RG,1850,2,D,BB,XC,D
13:54:07,MYOR,RG,1850,15,D,BB,LS,D
13:54:07,MYOR,RG,1850,8,D,BB,PD,D
13:54:07,MYOR,RG,1850,34,D,BB,XC,D
13:54:06,MYOR,RG,1845,2,D,BB,XC,D
13:54:06,MYOR,RG,1845,3,D,BB,ZP,F
13:54:06,MYOR,RG,1845,16,D,BB,DX,D
13:53:47,MYOR,RG,1840,1,D,BB,XC,D
13:53:34,MYOR,RG,1850,26,D,BB,XC,D
13:53:34,MYOR,RG,1850,1,D,BB,PD,D
13:53:34,MYOR,RG,1850,2,D,BB,AZ,D
13:53:34,MYOR,RG,1850,18,D,BB,PD,D
13:53:34,MYOR,RG,1850,1,D,BB,NI,D
13:53:34,MYOR,RG,1850,1,D,BB,PD,D
13:53:34,MYOR,RG,1850,1,D,BB,XC,D
13:53:34,MYOR,RG,1850,1,D,BB,XC,D
13:53:34,MYOR,RG,1850,1,D,BB,OD,D
13:53:34,MYOR,RG,1850,2,D,BB,YP,D
13:53:24,MYOR,RG,1850,8,D,XL,YP,D
13:53:24,MYOR,RG,1850,3,D,XL,YP,D
13:53:24,MYOR,RG,1850,2,D,XL,NI,D
13:53:24,MYOR,RG,1850,1,D,XL,YP,D
13:53:22,MYOR,RG,1845,1,F,AK,YP,D
13:53:22,MYOR,RG,1845,1,D,AZ,YP,D
13:53:22,MYOR,RG,1845,1,D,YP,YP,D
13:53:22,MYOR,RG,1845,10,D,CC,YP,D
13:53:22,MYOR,RG,1845,6,D,YB,YP,D
13:53:22,MYOR,RG,1845,1,D,BB,YP,D
13:53:00,MYOR,RG,1845,25,D,BB,AK,F
13:52:58,MYOR,RG,1845,14,D,BB,DX,D
13:52:35,MYOR,RG,1850,1,D,XC,XC,D
13:52:35,MYOR,RG,1850,2,D,XC,PD,D
13:52:34,MYOR,RG,1845,10,D,BB,XC,D
13:52:19,MYOR,RG,1845,29,D,BB,CC,F
13:52:19,MYOR,RG,1845,2,D,NI,CC,F
13:52:19,MYOR,RG,1845,126,F,BK,CC,F
13:52:19,MYOR,RG,1845,30,D,YP,CC,F
13:52:19,MYOR,RG,1845,30,D,BB,CC,F
13:52:19,MYOR,RG,1845,8,D,PD,CC,F
13:52:19,MYOR,RG,1845,5,D,KK,CC,F
13:52:19,MYOR,RG,1845,5,F,AK,CC,F
13:52:19,MYOR,RG,1845,25,D,PD,CC,F
13:52:19,MYOR,RG,1845,40,F,AK,CC,F
13:52:06,MYOR,RG,1845,10,F,AK,SQ,D
13:52:06,MYOR,RG,1845,16,F,AK,XC,D
13:51:45,MYOR,RG,1850,1,D,PD,PD,D
13:51:00,MYOR,RG,1845,24,F,AK,AK,F
13:50:39,MYOR,RG,1850,4,D,NI,PD,D
13:50:35,MYOR,RG,1845,5,F,AK,PD,D
13:50:28,MYOR,RG,1850,13,D,BB,PD,D
13:50:28,MYOR,RG,1850,100,D,BB,PD,D
13:50:28,MYOR,RG,1850,2,D,BB,XC,D
13:50:28,MYOR,RG,1850,2,D,BB,PD,D
13:50:28,MYOR,RG,1850,1,D,BB,PD,D
13:50:28,MYOR,RG,1850,1,D,BB,XC,D
13:50:28,MYOR,RG,1850,1,D,BB,XA,D
13:50:28,MYOR,RG,1850,4,D,BB,OD,D
13:50:28,MYOR,RG,1850,5,D,BB,CC,D
13:50:28,MYOR,RG,1850,1,D,BB,BQ,D
13:50:28,MYOR,RG,1850,3,D,BB,XC,D
13:50:28,MYOR,RG,1850,1,D,BB,PD,D
13:50:28,MYOR,RG,1850,1,D,BB,NI,D
13:50:23,MYOR,RG,1845,17,F,AK,DX,D
13:50:15,MYOR,RG,1845,24,F,AK,AK,F
13:50:09,MYOR,RG,1845,5,F,AK,YB,D
13:50:02,MYOR,RG,1845,2,F,AK,PD,D
13:49:59,MYOR,RG,1850,1,D,YP,NI,D
13:49:59,MYOR,RG,1850,19,D,YP,YP,D
13:49:48,MYOR,RG,1845,1,F,AK,XC,D
13:49:34,MYOR,RG,1845,200,F,AK,CC,F
13:49:16,MYOR,RG,1850,1,D,EP,YP,D
13:49:12,MYOR,RG,1845,5,F,AK,CC,F
13:49:12,MYOR,RG,1845,2,D,YP,CC,F
13:49:12,MYOR,RG,1845,293,F,RX,CC,F
13:49:11,MYOR,RG,1845,4,F,RX,PD,D
13:48:56,MYOR,RG,1845,212,F,RX,AI,D
13:48:56,MYOR,RG,1845,1,D,XC,AI,D
13:48:56,MYOR,RG,1845,30,D,BB,AI,D
13:48:56,MYOR,RG,1845,4,F,BK,AI,D
13:48:56,MYOR,RG,1845,53,F,BK,AI,D
13:48:19,MYOR,RG,1850,1,D,EP,YP,D
13:48:02,MYOR,RG,1845,27,F,BK,PD,D
13:47:40,MYOR,RG,1845,41,F,BK,YP,D
13:47:40,MYOR,RG,1845,1,F,AK,YP,D
13:47:40,MYOR,RG,1845,2,F,AK,YP,D
13:47:40,MYOR,RG,1845,11,D,EP,YP,D
13:47:38,MYOR,RG,1850,25,D,MU,YP,D
13:47:33,MYOR,RG,1850,1,D,XC,YP,D
13:47:32,MYOR,RG,1845,1,D,EP,XC,D
13:47:18,MYOR,RG,1850,3,D,BB,YP,D
13:47:18,MYOR,RG,1850,10,D,BB,ZP,D
13:47:18,MYOR,RG,1850,12,D,BB,XC,D
13:47:18,MYOR,RG,1850,1,D,BB,ZP,D
13:47:18,MYOR,RG,1850,22,D,BB,XC,D
13:47:18,MYOR,RG,1850,5,D,BB,YP,D
13:47:18,MYOR,RG,1850,15,D,BB,OD,D
13:47:18,MYOR,RG,1850,20,D,BB,OD,D
13:47:18,MYOR,RG,1850,1,D,BB,PD,D
13:47:18,MYOR,RG,1850,3,D,BB,PD,D
13:47:18,MYOR,RG,1850,10,D,BB,KK,D
13:47:18,MYOR,RG,1850,2,D,BB,YP,D
13:47:18,MYOR,RG,1850,2,D,BB,LS,D
13:47:18,MYOR,RG,1850,25,D,BB,YP,D
13:47:18,MYOR,RG,1850,7,D,BB,YP,D
13:47:18,MYOR,RG,1850,1,D,BB,PD,D
13:47:18,MYOR,RG,1850,1,D,BB,PD,D
13:47:18,MYOR,RG,1850,2,D,BB,PD,D
13:47:01,MYOR,RG,1850,1,D,BB,PD,D
13:47:01,MYOR,RG,1850,10,D,BB,CC,D
13:47:01,MYOR,RG,1850,40,D,BB,SQ,D
13:47:01,MYOR,RG,1850,51,D,BB,ES,D
13:47:00,MYOR,RG,1850,2,D,YP,ES,D
13:46:55,MYOR,RG,1850,13,D,XC,ES,D
13:46:17,MYOR,RG,1850,1,D,EP,ES,D
13:46:11,MYOR,RG,1850,200,F,BK,ES,D
13:46:10,MYOR,RG,1845,2,D,EP,PD,D
13:46:10,MYOR,RG,1845,4,D,EP,ZP,F
13:46:10,MYOR,RG,1845,7,D,EP,AK,F
13:46:08,MYOR,RG,1845,1,D,NI,AK,F
13:46:07,MYOR,RG,1845,5,D,CC,AK,F
13:46:01,MYOR,RG,1845,1,D,EP,AK,F
13:45:53,MYOR,RG,1845,1,D,EP,AK,F
13:45:48,MYOR,RG,1845,1,D,EP,DX,D
13:45:43,MYOR,RG,1845,1,D,EP,DX,D
13:45:31,MYOR,RG,1845,11,F,BK,DX,D
13:45:31,MYOR,RG,1845,11,F,BK,ZP,F
13:45:31,MYOR,RG,1845,1,F,BK,KK,D
13:45:31,MYOR,RG,1845,10,F,BK,YP,D
13:45:31,MYOR,RG,1845,12,F,BK,ZP,F
13:45:31,MYOR,RG,1845,31,F,BK,AK,F
13:45:31,MYOR,RG,1845,28,F,BK,AK,F
13:45:31,MYOR,RG,1845,10,F,BK,KK,D
13:45:31,MYOR,RG,1845,25,F,BK,SQ,D
13:45:31,MYOR,RG,1845,46,F,BK,ZP,F
13:45:31,MYOR,RG,1845,15,F,BK,CC,F
13:45:29,MYOR,RG,1845,185,F,BK,CC,F
13:45:29,MYOR,RG,1845,10,F,BK,ZP,F
13:45:29,MYOR,RG,1845,5,F,BK,YP,D
13:45:11,MYOR,RG,1840,10,D,BB,DX,D
13:45:11,MYOR,RG,1840,4,D,YP,DX,D
13:45:05,MYOR,RG,1845,3,D,PD,YP,D
13:44:59,MYOR,RG,1845,1,D,EP,YP,D
13:44:32,MYOR,RG,1845,1,D,EP,YP,D
13:44:25,MYOR,RG,1840,1,D,YP,YP,D
13:44:25,MYOR,RG,1845,1,D,EP,YP,D
13:44:13,MYOR,RG,1845,1,D,EP,YP,D
13:44:00,MYOR,RG,1845,30,D,BB,YP,D
13:43:46,MYOR,RG,1840,1,D,XC,PD,D
13:43:46,MYOR,RG,1840,99,D,BB,PD,D
13:43:28,MYOR,RG,1845,1,D,EP,YP,D
13:42:42,MYOR,RG,1840,16,D,BB,DX,D
13:42:17,MYOR,RG,1845,13,F,AK,YP,D
13:42:17,MYOR,RG,1845,12,D,BB,YP,D
13:42:17,MYOR,RG,1845,48,F,AK,YP,D
13:42:17,MYOR,RG,1845,1,D,KK,YP,D
13:42:17,MYOR,RG,1845,10,D,CC,YP,D
13:42:17,MYOR,RG,1845,27,D,EP,YP,D
13:42:17,MYOR,RG,1845,5,D,XC,YP,D
13:42:17,MYOR,RG,1845,100,D,YP,YP,D
13:42:17,MYOR,RG,1845,2,D,PD,YP,D
13:42:17,MYOR,RG,1845,5,F,AK,YP,D
13:42:17,MYOR,RG,1845,34,D,BB,YP,D
13:42:07,MYOR,RG,1845,27,D,BB,KI,D
13:42:07,MYOR,RG,1845,46,F,AK,KI,D
13:42:07,MYOR,RG,1845,12,D,BB,KI,D
13:42:07,MYOR,RG,1845,115,F,RX,KI,D
13:42:02,MYOR,RG,1850,99,D,BB,ES,D
13:41:50,MYOR,RG,1845,18,F,RX,XC,D
13:41:31,MYOR,RG,1845,20,F,RX,YU,D
13:40:50,MYOR,RG,1850,82,D,BB,ES,D
13:40:38,MYOR,RG,1845,1,F,RX,YP,D
13:40:28,MYOR,RG,1845,2,F,RX,NI,D
13:40:19,MYOR,RG,1845,533,F,RX,CC,F
13:40:19,MYOR,RG,1845,8,D,BB,CC,F
13:40:19,MYOR,RG,1845,15,D,CC,CC,F
13:40:18,MYOR,RG,1850,8,D,XC,ES,D
13:40:14,MYOR,RG,1850,10,D,XC,ES,D
13:40:12,MYOR,RG,1845,3,D,CC,YP,D
13:39:47,MYOR,RG,1850,1,D,XC,ES,D
13:39:41,MYOR,RG,1845,5,D,CC,XC,D
13:39:33,MYOR,RG,1845,2,D,CC,XC,D
13:39:17,MYOR,RG,1845,5,D,CC,YU,D
13:39:10,MYOR,RG,1845,5,D,CC,XC,D
13:39:06,MYOR,RG,1845,2,D,CC,XL,D
13:38:59,MYOR,RG,1845,2,D,CC,ZP,F
13:38:59,MYOR,RG,1845,8,D,CC,AK,F
13:38:59,MYOR,RG,1845,3,D,CC,AK,F
13:38:40,MYOR,RG,1850,147,D,OD,ES,D
13:38:40,MYOR,RG,1845,10,D,OD,GR,D
13:38:40,MYOR,RG,1845,1,D,OD,PD,D
13:38:40,MYOR,RG,1845,1,D,OD,XC,D
13:38:40,MYOR,RG,1845,13,D,OD,ZP,F
13:38:40,MYOR,RG,1845,13,D,OD,DR,D
13:38:40,MYOR,RG,1845,17,D,OD,DX,D
13:38:40,MYOR,RG,1845,23,D,OD,AK,F
13:38:40,MYOR,RG,1845,5,D,OD,PD,D
13:38:40,MYOR,RG,1845,70,D,OD,NI,D
13:38:40,MYOR,RG,1845,15,D,OD,KK,D
13:38:40,MYOR,RG,1845,5,D,OD,ZP,F
13:38:40,MYOR,RG,1845,50,D,OD,CC,D
13:38:40,MYOR,RG,1845,32,D,OD,AK,F
13:38:40,MYOR,RG,1845,9,D,OD,NI,D
13:38:40,MYOR,RG,1845,5,D,OD,ZP,F
13:38:40,MYOR,RG,1845,5,D,OD,PD,D
13:38:40,MYOR,RG,1845,3,D,OD,ZP,F
13:38:40,MYOR,RG,1845,25,D,OD,NI,D
13:38:40,MYOR,RG,1845,61,D,OD,AK,F
13:38:40,MYOR,RG,1845,15,D,OD,ZP,F
13:38:40,MYOR,RG,1845,2,D,OD,KK,D
13:38:40,MYOR,RG,1845,5,D,OD,PD,D
13:38:40,MYOR,RG,1845,18,D,OD,NI,D
13:38:20,MYOR,RG,1845,32,D,OD,NI,D
13:38:20,MYOR,RG,1845,444,D,OD,CC,F
13:38:20,MYOR,RG,1845,1,D,OD,XC,D
13:38:20,MYOR,RG,1845,200,D,OD,YP,D
13:38:20,MYOR,RG,1845,5,D,OD,CC,D
13:38:20,MYOR,RG,1845,1,D,OD,YP,D
13:38:20,MYOR,RG,1845,2,D,OD,XC,D
13:38:20,MYOR,RG,1845,50,D,OD,PD,D
13:38:20,MYOR,RG,1845,15,D,OD,TP,D
13:38:17,MYOR,RG,1840,11,F,RX,XC,D
13:38:17,MYOR,RG,1840,2,F,AK,XC,D
13:38:12,MYOR,RG,1845,15,D,BB,TP,D
13:38:12,MYOR,RG,1845,1,D,BB,YP,D
13:38:12,MYOR,RG,1845,1,D,BB,PD,D
13:38:12,MYOR,RG,1845,3,D,BB,YP,D
13:38:12,MYOR,RG,1845,5,D,BB,PD,D
13:38:12,MYOR,RG,1845,1,D,BB,EP,D
13:38:12,MYOR,RG,1845,2,D,BB,DR,D
13:38:12,MYOR,RG,1845,3,D,BB,YP,D
13:38:12,MYOR,RG,1845,19,D,BB,KK,D
13:37:41,MYOR,RG,1840,2,F,AK,KK,D
13:37:37,MYOR,RG,1840,2,F,AK,CP,D
13:37:32,MYOR,RG,1840,16,F,AK,DX,D
13:37:16,MYOR,RG,1840,2,F,AK,NI,D
13:37:10,MYOR,RG,1845,1,D,XL,KK,D
13:36:29,MYOR,RG,1845,5,D,CC,KK,D
13:36:29,MYOR,RG,1845,10,D,CC,YB,D
13:36:29,MYOR,RG,1845,15,D,CC,DX,D
13:35:48,MYOR,RG,1840,35,F,AK,XC,D
13:35:35,MYOR,RG,1840,18,F,AK,YP,D
13:35:35,MYOR,RG,1840,2,F,AK,YP,D
13:34:53,MYOR,RG,1835,18,D,MG,PD,D
13:34:53,MYOR,RG,1835,15,D,YP,PD,D
13:34:53,MYOR,RG,1835,13,D,YP,PD,D
13:34:53,MYOR,RG,1840,2,F,AK,PD,D
13:34:53,MYOR,RG,1840,12,D,XA,PD,D
13:34:49,MYOR,RG,1845,2,D,PD,DX,D
13:34:49,MYOR,RG,1840,1,D,XA,AK,F
13:34:49,MYOR,RG,1840,1,D,XA,AK,F
13:34:48,MYOR,RG,1840,32,D,XA,AK,F
13:34:48,MYOR,RG,1840,70,D,XA,NI,D
13:34:48,MYOR,RG,1840,21,D,XA,ZP,F
13:34:48,MYOR,RG,1840,1,D,XA,AK,F
13:34:48,MYOR,RG,1840,17,D,XA,ZP,F
13:34:48,MYOR,RG,1840,50,D,XA,KK,D
13:34:48,MYOR,RG,1840,16,D,XA,DX,D
13:34:48,MYOR,RG,1840,6,D,XA,ZP,F
13:34:48,MYOR,RG,1840,23,D,XA,AK,F
13:34:10,MYOR,RG,1840,4,D,CC,AK,F
13:34:10,MYOR,RG,1840,1,D,CC,ZP,F
13:34:09,MYOR,RG,1835,1,D,YP,XL,D
13:34:05,MYOR,RG,1840,3,D,XC,ZP,F
13:33:49,MYOR,RG,1840,23,D,AZ,ZP,F
13:33:49,MYOR,RG,1840,78,D,AZ,CC,F
13:33:45,MYOR,RG,1840,30,D,PD,CC,F
13:33:17,MYOR,RG,1835,4,D,YP,XC,D
13:33:01,MYOR,RG,1835,5,D,YP,XC,D
13:32:29,MYOR,RG,1835,12,D,YP,DX,D
13:32:29,MYOR,RG,1835,1,D,GR,DX,D
13:32:24,MYOR,RG,1840,15,D,NI,CC,F
13:32:23,MYOR,RG,1840,3,D,XC,CC,F
13:32:23,MYOR,RG,1840,2,D,NI,CC,F
13:32:23,MYOR,RG,1840,2,F,AK,CC,F
13:32:23,MYOR,RG,1840,1,D,YP,CC,F
13:32:23,MYOR,RG,1840,2,F,AK,CC,F
13:32:23,MYOR,RG,1840,17,D,BB,CC,F
13:32:23,MYOR,RG,1840,140,F,AK,CC,F
13:32:23,MYOR,RG,1840,27,D,YP,CC,F
13:32:23,MYOR,RG,1840,4,D,YP,CC,F
13:32:23,MYOR,RG,1840,1,D,YP,CC,F
13:32:23,MYOR,RG,1840,1,D,YP,CC,F
13:32:23,MYOR,RG,1840,10,D,CC,CC,F
13:32:23,MYOR,RG,1840,2,D,CC,CC,F
13:32:23,MYOR,RG,1840,2,D,YP,CC,F
13:32:23,MYOR,RG,1840,20,D,CC,CC,F
13:32:23,MYOR,RG,1840,2,D,CC,CC,F
13:32:23,MYOR,RG,1840,2,D,CC,CC,F
13:32:23,MYOR,RG,1840,1,D,YP,CC,F
13:32:23,MYOR,RG,1840,2,D,YP,CC,F
13:32:23,MYOR,RG,1840,136,D,KK,CC,F
13:32:09,MYOR,RG,1845,1,D,PD,AK,F
13:32:09,MYOR,RG,1845,2,D,PD,PD,D
13:31:52,MYOR,RG,1845,1,D,PD,PD,D
13:31:26,MYOR,RG,1845,1,D,XC,PD,D
13:31:26,MYOR,RG,1845,4,D,XC,AK,F
13:31:11,MYOR,RG,1840,14,D,KK,NI,D
13:31:11,MYOR,RG,1840,88,F,AK,NI,D
13:31:11,MYOR,RG,1840,1,D,SQ,NI,D
13:31:11,MYOR,RG,1840,3,D,BB,NI,D
13:31:11,MYOR,RG,1840,1,D,EP,NI,D
13:31:11,MYOR,RG,1840,3,D,XL,NI,D
13:31:11,MYOR,RG,1840,10,D,PD,NI,D
13:31:11,MYOR,RG,1840,13,D,DR,NI,D
13:31:11,MYOR,RG,1840,27,D,CC,NI,D
13:30:10,MYOR,RG,1840,83,D,CC,YP,D
13:30:10,MYOR,RG,1840,50,D,YP,YP,D
13:30:10,MYOR,RG,1840,82,D,YJ,YP,D
13:30:10,MYOR,RG,1845,1,D,YP,ZP,F
13:30:08,MYOR,RG,1840,118,D,YJ,YP,D
13:30:08,MYOR,RG,1840,1,D,XC,YP,D
13:30:08,MYOR,RG,1840,3,D,PD,YP,D
13:30:08,MYOR,RG,1840,10,D,KK,YP,D
13:30:08,MYOR,RG,1840,1,D,PD,YP,D
13:30:08,MYOR,RG,1840,2,D,XC,YP,D
13:30:08,MYOR,RG,1840,140,F,AK,YP,D
13:30:08,MYOR,RG,1840,2,D,BB,YP,D
13:30:08,MYOR,RG,1840,10,D,PD,YP,D
13:30:08,MYOR,RG,1840,100,D,GR,YP,D
13:30:08,MYOR,RG,1840,1,D,EP,YP,D
13:30:08,MYOR,RG,1840,1,D,EP,YP,D
13:30:08,MYOR,RG,1840,1,D,EP,YP,D
13:30:08,MYOR,RG,1840,1,D,EP,YP,D
13:30:08,MYOR,RG,1840,1,D,EP,YP,D
13:30:08,MYOR,RG,1840,1,D,YP,YP,D
13:30:08,MYOR,RG,1840,2,D,PD,YP,D
13:30:08,MYOR,RG,1840,2,D,XC,YP,D
13:30:08,MYOR,RG,1840,10,D,LG,YP,D
13:30:08,MYOR,RG,1840,3,D,EP,YP,D
13:30:08,MYOR,RG,1840,1,D,EP,YP,D
13:30:08,MYOR,RG,1840,1,D,XC,YP,D
13:30:08,MYOR,RG,1840,3,D,XC,YP,D
13:30:08,MYOR,RG,1840,1,D,EP,YP,D
13:30:08,MYOR,RG,1840,1,D,EP,YP,D
13:30:08,MYOR,RG,1840,1,D,XC,YP,D
13:30:08,MYOR,RG,1840,39,D,XC,YP,D
13:30:08,MYOR,RG,1840,1,D,EP,YP,D
13:30:08,MYOR,RG,1840,1,D,PD,YP,D
13:30:08,MYOR,RG,1840,9,D,DH,YP,D
13:30:08,MYOR,RG,1840,130,F,RX,YP,D
13:30:08,MYOR,RG,1845,163,F,AK,ZP,F
13:30:08,MYOR,RG,1845,18,F,AK,ZP,F
13:30:08,MYOR,RG,1845,19,F,AK,PD,D
13:30:07,MYOR,RG,1840,1,F,RX,XC,D
13:30:06,MYOR,RG,1840,7,F,RX,AK,F
13:30:06,MYOR,RG,1840,2,D,XC,AK,F
13:30:06,MYOR,RG,1840,10,D,EP,AK,F
13:30:06,MYOR,RG,1840,30,D,YP,AK,F
13:30:06,MYOR,RG,1840,3,D,CP,AK,F
13:30:06,MYOR,RG,1840,3,D,YP,AK,F
13:30:06,MYOR,RG,1840,13,D,YJ,AK,F
13:30:05,MYOR,RG,1845,1,D,EP,PD,D
13:30:05,MYOR,RG,1845,1,D,EP,PD,D
13:30:04,MYOR,RG,1845,2,D,PD,PD,D
13:30:04,MYOR,RG,1845,1,D,PD,PD,D
13:30:04,MYOR,RG,1845,5,D,YB,PD,D
13:30:03,MYOR,RG,1840,1,D,YJ,PD,D
13:30:03,MYOR,RG,1845,2,D,PD,PD,D
13:30:03,MYOR,RG,1845,9,D,PD,PD,D
13:30:03,MYOR,RG,1840,1,D,YJ,XC,D
13:30:03,MYOR,RG,1840,2,D,YJ,XC,D
13:30:03,MYOR,RG,1845,10,D,XC,PD,D
13:30:03,MYOR,RG,1845,1,D,CC,PD,D
13:30:03,MYOR,RG,1845,2,D,PD,PD,D
13:30:02,MYOR,RG,1840,2,D,YJ,XC,D
13:30:02,MYOR,RG,1840,2,D,YJ,KK,D
13:30:02,MYOR,RG,1845,1,D,PD,PD,D
13:30:02,MYOR,RG,1840,1,D,YJ,XC,D
13:30:02,MYOR,RG,1840,1,D,YJ,XC,D
13:30:02,MYOR,RG,1840,500,D,YJ,CC,F
13:30:02,MYOR,RG,1845,10,D,DH,PD,D
13:30:02,MYOR,RG,1840,40,D,YJ,KK,D
13:30:02,MYOR,RG,1845,1,D,EP,PD,D
13:30:02,MYOR,RG,1845,1,D,EP,PD,D
13:30:02,MYOR,RG,1845,1,D,EP,PD,D
13:30:01,MYOR,RG,1840,5,D,YJ,XC,D
13:30:01,MYOR,RG,1840,1,D,YJ,XC,D
13:30:01,MYOR,RG,1840,1,D,YJ,XC,D
13:30:01,MYOR,RG,1845,1,D,EP,PD,D
13:30:01,MYOR,RG,1840,5,D,YJ,YB,D
13:30:01,MYOR,RG,1840,25,D,YJ,KK,D
13:30:01,MYOR,RG,1840,1,D,YJ,AZ,D
13:30:01,MYOR,RG,1840,399,D,YJ,TP,D
13:30:01,MYOR,RG,1840,1,D,BB,TP,D
13:30:01,MYOR,RG,1840,23,D,BB,YP,D
13:30:01,MYOR,RG,1845,5,D,PD,PD,D
13:30:01,MYOR,RG,1840,2,D,BB,AT,D
13:30:01,MYOR,RG,1840,41,D,BB,AT,D
13:30:01,MYOR,RG,1840,56,D,BB,AT,D
13:30:01,MYOR,RG,1840,1,D,YP,AT,D
13:30:01,MYOR,RG,1840,5,D,PD,AT,D
13:30:01,MYOR,RG,1840,1,D,NI,AT,D
13:30:01,MYOR,RG,1840,1,D,YP,AT,D
13:30:01,MYOR,RG,1840,3,D,XL,AT,D
13:30:01,MYOR,RG,1840,1,D,XL,AT,D
13:30:01,MYOR,RG,1840,2,D,YP,AT,D
13:30:01,MYOR,RG,1840,100,D,GR,AT,D
13:30:01,MYOR,RG,1840,5,D,YB,AT,D
13:30:01,MYOR,RG,1840,4,D,XC,AT,D
13:30:01,MYOR,RG,1840,2,D,YP,AT,D
13:30:01,MYOR,RG,1840,1,D,YP,AT,D
13:30:01,MYOR,RG,1840,4,D,LG,AT,D
13:30:01,MYOR,RG,1840,10,D,YB,AT,D
13:30:01,MYOR,RG,1840,60,D,EP,AT,D
13:30:01,MYOR,RG,1840,10,D,YP,AT,D
13:30:01,MYOR,RG,1840,1,D,BQ,AT,D
13:30:01,MYOR,RG,1840,25,D,XA,AT,D
13:30:01,MYOR,RG,1840,20,D,PD,AT,D
13:30:01,MYOR,RG,1840,20,D,GR,AT,D
13:30:01,MYOR,RG,1840,1,D,DH,AT,D
13:30:01,MYOR,RG,1840,5,D,YP,AT,D
13:30:01,MYOR,RG,1840,1,D,YP,AT,D
13:30:01,MYOR,RG,1840,5,D,NI,AT,D
13:30:01,MYOR,RG,1840,30,D,CC,AT,D
13:30:01,MYOR,RG,1840,2,D,PD,AT,D
13:30:01,MYOR,RG,1840,4,D,CC,AT,D
13:30:01,MYOR,RG,1840,2,D,YP,AT,D
13:30:01,MYOR,RG,1840,2,D,PD,AT,D
13:30:01,MYOR,RG,1840,1,D,PD,AT,D
13:30:01,MYOR,RG,1840,1,D,AT,AT,D
13:30:01,MYOR,RG,1840,27,D,PD,AT,D
13:30:01,MYOR,RG,1840,106,D,YP,AT,D
13:30:01,MYOR,RG,1840,14,D,YP,PD,D
13:30:01,MYOR,RG,1840,11,D,PD,PD,D
11:29:37,MYOR,RG,1840,1,D,PD,AK,F
11:29:37,MYOR,RG,1840,1,D,PD,AK,F
11:29:07,MYOR,RG,1840,11,D,PD,AK,F
11:28:57,MYOR,RG,1840,6,D,PD,DX,D
11:28:57,MYOR,RG,1840,10,D,EP,DX,D
11:28:27,MYOR,RG,1845,5,D,EP,PD,D
11:28:27,MYOR,RG,1845,42,D,PD,PD,D
11:28:26,MYOR,RG,1845,10,D,PD,KK,D
11:28:22,MYOR,RG,1845,8,D,PD,ZP,F
11:28:21,MYOR,RG,1845,4,F,BK,AZ,D
11:28:21,MYOR,RG,1845,50,D,MG,AZ,D
11:28:21,MYOR,RG,1845,16,D,PD,AZ,D
11:28:08,MYOR,RG,1845,7,D,PD,SQ,D
11:28:08,MYOR,RG,1845,3,D,KK,SQ,D
11:28:05,MYOR,RG,1845,5,D,KK,XC,D
11:27:44,MYOR,RG,1845,3,D,KK,XC,D
11:27:17,MYOR,RG,1845,9,D,KK,OD,D
11:27:12,MYOR,RG,1845,6,D,KK,KK,D
11:27:11,MYOR,RG,1845,6,D,KK,YP,D
11:27:05,MYOR,RG,1845,11,D,KK,ZP,F
11:27:03,MYOR,RG,1845,7,D,KK,YP,D
11:27:03,MYOR,RG,1845,7,D,BB,YP,D
11:27:03,MYOR,RG,1845,8,D,BB,YP,D
11:27:03,MYOR,RG,1845,2,D,DH,YP,D
11:27:03,MYOR,RG,1845,1,D,XL,YP,D
11:27:03,MYOR,RG,1845,20,D,YB,YP,D
11:27:03,MYOR,RG,1845,5,D,PD,YP,D
11:26:52,MYOR,RG,1845,47,D,PD,AK,F
11:26:37,MYOR,RG,1845,7,D,PD,AK,F
11:26:29,MYOR,RG,1850,100,D,EP,ES,D
11:26:28,MYOR,RG,1845,2,D,PD,XL,D
11:26:22,MYOR,RG,1845,14,D,PD,DX,D
11:26:20,MYOR,RG,1845,1,D,PD,XL,D
11:26:12,MYOR,RG,1845,10,D,PD,XC,D
11:26:10,MYOR,RG,1850,50,D,MG,ES,D
11:25:57,MYOR,RG,1845,5,D,PD,PD,D
11:25:56,MYOR,RG,1850,1,D,NI,ES,D
11:25:52,MYOR,RG,1845,9,D,PD,DH,D
11:25:52,MYOR,RG,1845,21,F,BK,DH,D
11:25:52,MYOR,RG,1845,10,F,BK,AK,F
11:25:52,MYOR,RG,1845,5,D,YP,AK,F
11:25:52,MYOR,RG,1845,1,D,DX,AK,F
11:25:29,MYOR,RG,1845,9,D,DX,SQ,D
11:25:25,MYOR,RG,1845,2,D,XC,RG,D
11:25:24,MYOR,RG,1845,3,D,XC,ZP,F
11:25:24,MYOR,RG,1845,1,D,XL,ZP,F
11:25:24,MYOR,RG,1845,5,D,DX,ZP,F
11:25:22,MYOR,RG,1845,5,D,DX,XC,D
11:25:22,MYOR,RG,1845,5,D,OD,XC,D
11:25:22,MYOR,RG,1845,200,D,PD,XC,D
11:25:22,MYOR,RG,1845,364,F,RX,XC,D
11:25:22,MYOR,RG,1845,5,D,XL,XC,D
11:25:22,MYOR,RG,1845,5,D,LG,XC,D
11:25:22,MYOR,RG,1845,4,D,YP,XC,D
11:25:22,MYOR,RG,1845,10,D,YP,XC,D
11:25:22,MYOR,RG,1845,1,D,NI,XC,D
11:25:22,MYOR,RG,1845,4,D,KK,XC,D
11:25:22,MYOR,RG,1845,3,D,YP,XC,D
11:25:22,MYOR,RG,1845,1,D,SQ,XC,D
11:25:22,MYOR,RG,1845,3,D,XC,XC,D
11:25:22,MYOR,RG,1845,50,D,YB,XC,D
11:25:22,MYOR,RG,1845,1,D,CC,XC,D
11:25:22,MYOR,RG,1845,5,D,YB,XC,D
11:25:22,MYOR,RG,1845,100,D,YP,XC,D
11:25:22,MYOR,RG,1845,70,D,BB,XC,D
11:25:22,MYOR,RG,1845,75,D,BB,XC,D
11:25:22,MYOR,RG,1845,2,D,XC,XC,D
11:25:22,MYOR,RG,1845,82,F,AK,XC,D
11:25:22,MYOR,RG,1845,1,D,XL,XC,D
11:25:22,MYOR,RG,1845,1,D,XC,XC,D
11:25:22,MYOR,RG,1845,1,D,KK,XC,D
11:25:22,MYOR,RG,1845,5,D,XC,XC,D
11:25:22,MYOR,RG,1845,15,D,PD,XC,D
11:25:22,MYOR,RG,1845,62,D,GR,XC,D
11:25:20,MYOR,RG,1845,8,D,GR,YP,D
11:25:07,MYOR,RG,1845,12,D,GR,AK,F
11:24:54,MYOR,RG,1845,2,D,GR,XC,D
11:24:42,MYOR,RG,1845,51,D,GR,XC,D
11:24:42,MYOR,RG,1845,69,F,RX,XC,D
11:24:34,MYOR,RG,1845,1,F,RX,XC,D
11:23:48,MYOR,RG,1845,13,F,RX,DX,D
11:23:26,MYOR,RG,1850,20,D,DR,ES,D
11:23:18,MYOR,RG,1845,64,F,RX,YP,D
11:22:50,MYOR,RG,1845,1,F,RX,XC,D
11:22:39,MYOR,RG,1845,2,F,RX,PD,D
11:22:22,MYOR,RG,1845,2,F,RX,AK,F
11:21:40,MYOR,RG,1845,2,F,RX,DR,D
11:21:34,MYOR,RG,1845,20,F,RX,BQ,D
11:21:18,MYOR,RG,1845,1,F,RX,PD,D
11:21:15,MYOR,RG,1845,15,F,RX,DX,D
11:21:12,MYOR,RG,1845,5,F,RX,PD,D
11:20:45,MYOR,RG,1850,11,F,RX,ES,D
11:20:37,MYOR,RG,1845,1,F,RX,AK,F
11:20:27,MYOR,RG,1850,2,D,AT,ES,D
11:20:21,MYOR,RG,1850,18,F,RX,ES,D
11:19:38,MYOR,RG,1845,20,F,RX,NI,D
11:19:22,MYOR,RG,1850,13,D,XL,ES,D
11:19:18,MYOR,RG,1845,2,F,RX,XC,D
11:19:18,MYOR,RG,1850,20,F,RX,ES,D
11:18:56,MYOR,RG,1850,16,D,XC,ES,D
11:18:53,MYOR,RG,1850,1,D,XL,ES,D
11:18:50,MYOR,RG,1845,17,F,RX,DX,D
11:18:24,MYOR,RG,1850,23,F,RX,ES,D
11:18:14,MYOR,RG,1845,10,F,RX,PD,D
11:18:11,MYOR,RG,1850,5,D,YP,ES,D
11:18:07,MYOR,RG,1850,1,D,YP,ES,D
11:17:55,MYOR,RG,1850,1,D,BQ,ES,D
11:17:26,MYOR,RG,1850,1,D,EP,ES,D
11:17:25,MYOR,RG,1850,2,D,XC,ES,D
11:17:11,MYOR,RG,1845,2,F,RX,PD,D
11:17:01,MYOR,RG,1850,1,D,CC,ES,D
11:17:00,MYOR,RG,1850,5,D,LG,ES,D
11:16:48,MYOR,RG,1850,1,D,EP,ES,D
11:16:41,MYOR,RG,1845,20,F,RX,TP,D
11:16:28,MYOR,RG,1850,1,D,EP,ES,D
11:16:19,MYOR,RG,1845,17,F,RX,DX,D
11:15:20,MYOR,RG,1850,2,D,YP,ES,D
11:15:09,MYOR,RG,1845,40,F,RX,LG,D
11:14:21,MYOR,RG,1850,20,D,YB,ES,D
11:14:06,MYOR,RG,1850,5,D,YP,ES,D
11:14:05,MYOR,RG,1850,1,D,EP,ES,D
11:13:57,MYOR,RG,1845,5,F,RX,NI,D
11:13:57,MYOR,RG,1845,2,F,AK,NI,D
11:13:49,MYOR,RG,1850,1,D,EP,ES,D
11:13:47,MYOR,RG,1850,2,D,XL,ES,D
11:13:44,MYOR,RG,1845,13,F,AK,DX,D
11:13:33,MYOR,RG,1850,1,D,EP,ES,D
11:13:22,MYOR,RG,1845,105,F,AK,YP,D
11:13:22,MYOR,RG,1845,55,D,YP,YP,D
11:13:22,MYOR,RG,1845,149,D,BB,YP,D
11:13:22,MYOR,RG,1845,3,F,AK,YP,D
11:13:22,MYOR,RG,1845,82,F,AK,YP,D
11:13:22,MYOR,RG,1845,8,D,XC,YP,D
11:13:22,MYOR,RG,1845,98,D,BB,YP,D
11:12:57,MYOR,RG,1845,19,D,BB,AI,D
11:12:57,MYOR,RG,1845,6,D,YB,AI,D
11:12:49,MYOR,RG,1850,13,D,LG,ES,D
11:12:24,MYOR,RG,1850,27,D,YP,ES,D
11:12:02,MYOR,RG,1850,2,D,XC,ES,D
11:11:49,MYOR,RG,1850,4,F,AK,ES,D
11:11:49,MYOR,RG,1850,1,D,EP,ES,D
11:11:36,MYOR,RG,1845,14,D,YB,AI,D
11:11:36,MYOR,RG,1845,1,D,BQ,AI,D
11:11:36,MYOR,RG,1845,35,D,EP,AI,D
11:11:10,MYOR,RG,1845,17,D,EP,DX,D
11:10:58,MYOR,RG,1845,5,D,EP,YP,D
11:10:44,MYOR,RG,1845,2,D,EP,CC,D
11:10:17,MYOR,RG,1850,1,D,EP,ES,D
11:10:11,MYOR,RG,1850,13,F,AK,ES,D
11:10:11,MYOR,RG,1850,1,F,AK,PD,D
11:10:11,MYOR,RG,1850,4,F,AK,XC,D
11:10:11,MYOR,RG,1850,21,F,AK,XC,D
11:10:11,MYOR,RG,1850,35,F,AK,EP,D
11:10:11,MYOR,RG,1850,25,F,AK,YP,D
11:10:11,MYOR,RG,1850,119,F,AK,GR,D
11:10:04,MYOR,RG,1850,1,D,EP,GR,D
11:09:52,MYOR,RG,1850,1,D,EP,GR,D
11:09:48,MYOR,RG,1850,2,D,YP,GR,D
11:09:33,MYOR,RG,1850,1,D,XC,GR,D
11:09:32,MYOR,RG,1850,3,D,XC,GR,D
11:09:23,MYOR,RG,1845,3,D,EP,CC,D
11:09:22,MYOR,RG,1845,7,D,EP,CC,D
11:08:58,MYOR,RG,1850,1,D,EP,GR,D
11:08:55,MYOR,RG,1845,2,D,EP,KK,D
11:08:46,MYOR,RG,1845,14,D,EP,DX,D
11:08:44,MYOR,RG,1845,1,D,EP,PD,D
11:08:15,MYOR,RG,1850,2,D,XC,GR,D
11:08:07,MYOR,RG,1845,3,D,EP,PD,D
11:07:59,MYOR,RG,1850,20,D,CC,GR,D
11:07:58,MYOR,RG,1845,11,D,EP,CC,D
11:07:58,MYOR,RG,1845,134,F,CC,CC,D
11:07:58,MYOR,RG,1845,5,D,BB,CC,D
11:07:35,MYOR,RG,1850,1,D,EP,GR,D
11:07:29,MYOR,RG,1850,3,D,XL,GR,D
11:07:22,MYOR,RG,1850,10,D,YB,GR,D
11:07:15,MYOR,RG,1850,1,D,EP,GR,D
11:07:14,MYOR,RG,1850,1,D,EP,GR,D
11:07:07,MYOR,RG,1850,1,D,EP,GR,D
11:06:58,MYOR,RG,1850,1,D,EP,GR,D
11:06:47,MYOR,RG,1850,1,D,EP,GR,D
11:06:43,MYOR,RG,1845,2,D,BB,XC,D
11:06:39,MYOR,RG,1850,2,D,YP,GR,D
11:06:39,MYOR,RG,1850,1,D,EP,GR,D
11:06:37,MYOR,RG,1845,3,D,BB,XC,D
11:06:37,MYOR,RG,1845,2,D,BB,XC,D
11:06:20,MYOR,RG,1845,8,D,BB,DX,D
11:06:20,MYOR,RG,1845,8,D,YP,DX,D
11:06:17,MYOR,RG,1845,2,D,YP,KK,D
11:06:00,MYOR,RG,1845,5,D,YP,XC,D
11:05:52,MYOR,RG,1845,6,D,BB,XC,D
11:05:45,MYOR,RG,1845,75,F,AK,TP,D
11:05:45,MYOR,RG,1845,60,F,CC,TP,D
11:05:45,MYOR,RG,1845,4,D,PD,TP,D
11:05:45,MYOR,RG,1845,50,D,KK,TP,D
11:05:45,MYOR,RG,1845,49,D,BB,TP,D
11:05:45,MYOR,RG,1845,49,D,BB,TP,D
11:05:45,MYOR,RG,1845,13,F,AK,TP,D
11:05:30,MYOR,RG,1845,1,F,AK,PD,D
11:05:20,MYOR,RG,1845,13,F,AK,YP,D
11:05:20,MYOR,RG,1845,47,F,BK,YP,D
11:04:59,MYOR,RG,1845,143,F,BK,TP,D
11:04:59,MYOR,RG,1845,59,D,BB,TP,D
11:04:59,MYOR,RG,1845,59,D,BB,TP,D
11:04:59,MYOR,RG,1845,6,F,AK,TP,D
11:04:59,MYOR,RG,1845,30,D,CC,TP,D
11:04:59,MYOR,RG,1845,3,F,AK,TP,D
11:04:42,MYOR,RG,1845,6,F,AK,YP,D
11:04:12,MYOR,RG,1850,2,F,AK,GR,D
11:04:12,MYOR,RG,1850,100,D,KK,GR,D
11:04:09,MYOR,RG,1845,5,F,AK,YP,D
11:04:09,MYOR,RG,1845,34,D,BB,YP,D
11:04:09,MYOR,RG,1845,11,D,BB,YP,D
11:04:08,MYOR,RG,1845,25,D,BB,XC,D
11:04:08,MYOR,RG,1845,1,D,YP,XC,D
11:03:49,MYOR,RG,1845,1,D,NI,DX,D
11:03:49,MYOR,RG,1845,14,F,AK,DX,D
11:03:47,MYOR,RG,1845,9,F,AK,XA,D
11:03:47,MYOR,RG,1845,46,F,AK,XA,D
11:03:47,MYOR,RG,1845,1,D,YP,XA,D
11:03:47,MYOR,RG,1845,1,D,PD,XA,D
11:03:47,MYOR,RG,1845,4,D,YP,XA,D
11:03:47,MYOR,RG,1845,39,D,BB,XA,D
11:03:21,MYOR,RG,1845,29,D,BB,YP,D
11:03:21,MYOR,RG,1845,21,D,BB,YP,D
11:03:07,MYOR,RG,1845,10,D,BB,YB,D
11:03:04,MYOR,RG,1845,41,D,BB,NI,D
11:03:04,MYOR,RG,1845,19,F,RX,NI,D
11:02:59,MYOR,RG,1845,1,F,RX,CC,D
11:02:56,MYOR,RG,1845,1,F,RX,XL,D
11:02:56,MYOR,RG,1845,50,F,RX,YP,D
11:02:46,MYOR,RG,1845,1,F,RX,PD,D
11:02:40,MYOR,RG,1845,2,F,RX,LS,D
11:02:39,MYOR,RG,1845,5,F,RX,YP,D
11:02:20,MYOR,RG,1845,48,F,RX,XC,D
11:02:20,MYOR,RG,1845,152,F,AK,XC,D
11:02:06,MYOR,RG,1845,1,F,AK,PD,D
11:02:04,MYOR,RG,1845,2,F,AK,YP,D
11:02:01,MYOR,RG,1845,5,F,AK,XC,D
11:01:55,MYOR,RG,1845,30,F,AK,PD,D
11:01:47,MYOR,RG,1845,2,F,AK,NI,D
11:01:31,MYOR,RG,1845,10,F,AK,SQ,D
11:01:27,MYOR,RG,1845,1,F,AK,XC,D
11:01:15,MYOR,RG,1845,3,F,AK,YP,D
11:00:38,MYOR,RG,1845,11,F,AK,YP,D
11:00:38,MYOR,RG,1845,3,F,AK,YP,D
11:00:38,MYOR,RG,1845,6,D,BB,YP,D
11:00:38,MYOR,RG,1845,6,D,BB,YP,D
11:00:38,MYOR,RG,1845,30,D,MG,YP,D
11:00:26,MYOR,RG,1845,20,D,MG,YP,D
11:00:26,MYOR,RG,1845,1,D,MG,XC,D
11:00:26,MYOR,RG,1845,4,D,MG,SQ,D
11:00:26,MYOR,RG,1845,13,D,MG,DX,D
11:00:26,MYOR,RG,1845,67,D,MG,ZP,F
11:00:26,MYOR,RG,1845,1,D,MG,PD,D
11:00:26,MYOR,RG,1845,16,D,MG,XC,D
11:00:26,MYOR,RG,1845,1,D,MG,PD,D
11:00:26,MYOR,RG,1845,35,D,MG,NI,D
11:00:26,MYOR,RG,1845,1,D,MG,YP,D
11:00:26,MYOR,RG,1845,11,D,MG,XL,D
11:00:23,MYOR,RG,1845,25,D,PD,XL,D
11:00:14,MYOR,RG,1845,10,D,XC,XL,D
11:00:06,MYOR,RG,1845,18,D,PD,XL,D
11:00:06,MYOR,RG,1845,2,D,PD,PD,D
11:00:04,MYOR,RG,1845,10,D,YP,PD,D
11:00:04,MYOR,RG,1845,40,D,YP,IP,D
10:59:55,MYOR,RG,1845,50,D,PD,IP,D
10:59:28,MYOR,RG,1845,30,D,CC,IP,D
10:59:16,MYOR,RG,1840,9,D,BB,YP,D
10:59:10,MYOR,RG,1845,80,F,BK,IP,D
10:59:10,MYOR,RG,1845,1,F,BK,KK,D
10:59:10,MYOR,RG,1845,17,F,BK,XC,D
10:59:10,MYOR,RG,1845,5,F,BK,YP,D
10:59:10,MYOR,RG,1845,97,F,BK,PD,D
10:59:09,MYOR,RG,1840,15,D,BB,XC,D
10:59:09,MYOR,RG,1840,9,D,BB,XC,D
10:59:09,MYOR,RG,1840,10,D,BB,XC,D
10:59:09,MYOR,RG,1840,117,F,AK,XC,D
10:59:09,MYOR,RG,1840,49,F,RX,XC,D
10:58:58,MYOR,RG,1845,20,D,CC,PD,D
10:58:46,MYOR,RG,1845,15,F,AK,PD,D
10:58:45,MYOR,RG,1845,68,F,BK,PD,D
10:58:45,MYOR,RG,1845,20,F,BK,YP,D
10:58:45,MYOR,RG,1845,5,F,BK,ZP,F
10:58:45,MYOR,RG,1845,38,F,BK,KK,D
10:58:45,MYOR,RG,1845,3,F,BK,AT,D
10:58:45,MYOR,RG,1845,5,F,BK,XL,D
10:58:45,MYOR,RG,1845,3,F,BK,ZP,F
10:58:45,MYOR,RG,1845,3,F,BK,ZP,F
10:58:45,MYOR,RG,1845,3,F,BK,ZP,F
10:58:45,MYOR,RG,1845,10,F,BK,XC,D
10:58:45,MYOR,RG,1845,2,F,BK,PD,D
10:58:45,MYOR,RG,1845,15,F,BK,PD,D
10:58:45,MYOR,RG,1845,1,F,BK,PD,D
10:58:45,MYOR,RG,1845,24,F,BK,CC,D
10:58:45,MYOR,RG,1845,7,D,OD,CC,D
10:58:45,MYOR,RG,1845,2,D,OD,YP,D
10:58:45,MYOR,RG,1845,2,D,OD,NI,D
10:58:45,MYOR,RG,1845,1,D,OD,PD,D
10:58:45,MYOR,RG,1845,20,D,OD,CC,D
10:58:45,MYOR,RG,1845,8,D,OD,YP,D
10:58:45,MYOR,RG,1845,5,D,OD,YP,D
10:58:45,MYOR,RG,1845,1,D,OD,PD,D
10:58:45,MYOR,RG,1845,5,D,OD,CC,D
10:58:45,MYOR,RG,1845,1,D,OD,PD,D
10:58:45,MYOR,RG,1845,50,D,OD,PD,D
10:58:45,MYOR,RG,1845,25,D,OD,XC,D
10:58:45,MYOR,RG,1845,2,D,OD,XC,D
10:58:45,MYOR,RG,1845,9,D,OD,CC,D
10:58:45,MYOR,RG,1845,1,D,OD,CP,D
10:58:45,MYOR,RG,1845,1,D,OD,XC,D
10:58:45,MYOR,RG,1845,15,D,OD,AZ,D
10:58:45,MYOR,RG,1845,4,D,OD,LG,D
10:58:45,MYOR,RG,1845,50,D,OD,YP,D
10:58:45,MYOR,RG,1845,2,D,OD,NI,D
10:58:45,MYOR,RG,1845,1,D,OD,PD,D
10:58:45,MYOR,RG,1845,288,D,OD,CP,D
10:58:42,MYOR,RG,1840,300,F,RX,YP,D
10:58:38,MYOR,RG,1840,17,F,RX,DX,D
10:58:34,MYOR,RG,1845,212,D,OD,CP,D
10:58:34,MYOR,RG,1845,10,D,OD,XC,D
10:58:34,MYOR,RG,1845,78,D,OD,AZ,D
10:58:24,MYOR,RG,1840,1,F,RX,XC,D
10:57:49,MYOR,RG,1840,100,F,RX,EP,D
10:57:28,MYOR,RG,1840,5,F,RX,XL,D
10:57:16,MYOR,RG,1845,1,D,XC,AZ,D
10:56:52,MYOR,RG,1845,21,D,NI,AZ,D
10:56:52,MYOR,RG,1845,1,D,NI,NI,D
10:56:52,MYOR,RG,1845,2,D,NI,PD,D
10:56:52,MYOR,RG,1845,5,D,NI,XC,D
10:56:52,MYOR,RG,1845,26,D,NI,AI,D
10:56:26,MYOR,RG,1845,29,D,PD,AI,D
10:56:10,MYOR,RG,1840,17,F,RX,DX,D
10:56:05,MYOR,RG,1845,34,F,RX,AI,D
10:55:45,MYOR,RG,1845,1,D,EP,AI,D
10:55:18,MYOR,RG,1845,1,D,EP,AI,D
10:54:45,MYOR,RG,1840,5,F,RX,YP,D
10:53:48,MYOR,RG,1840,36,F,RX,YP,D
10:53:42,MYOR,RG,1840,2,F,RX,XC,D
10:53:33,MYOR,RG,1840,14,F,RX,DX,D
10:52:59,MYOR,RG,1840,1,F,RX,NI,D
10:51:42,MYOR,RG,1840,30,F,RX,CC,D
10:51:03,MYOR,RG,1840,15,F,RX,DX,D
10:50:42,MYOR,RG,1845,50,D,SQ,AI,D
10:50:26,MYOR,RG,1845,1,D,EP,AI,D
10:50:05,MYOR,RG,1840,5,F,RX,DR,D
10:49:53,MYOR,RG,1840,4,F,AK,OD,D
10:49:36,MYOR,RG,1845,2,F,AK,AI,D
10:49:35,MYOR,RG,1845,25,D,CC,AI,D
10:49:35,MYOR,RG,1845,1,D,EP,AI,D
10:49:28,MYOR,RG,1845,4,D,PD,AI,D
10:49:25,MYOR,RG,1845,1,D,EP,AI,D
10:49:21,MYOR,RG,1845,21,F,RX,AI,D
10:49:16,MYOR,RG,1845,1,D,EP,AI,D
10:49:04,MYOR,RG,1845,1,D,EP,AI,D
10:49:01,MYOR,RG,1845,45,D,CC,AI,D
10:48:56,MYOR,RG,1845,1,D,EP,AI,D
10:48:46,MYOR,RG,1845,40,D,NI,AI,D
10:48:42,MYOR,RG,1845,16,F,RX,AI,D
10:48:42,MYOR,RG,1845,8,F,RX,PD,D
10:48:42,MYOR,RG,1845,1,F,RX,SQ,D
10:48:42,MYOR,RG,1845,3,F,RX,PD,D
10:48:41,MYOR,RG,1845,1,D,EP,PD,D
10:48:35,MYOR,RG,1845,1,D,EP,PD,D
10:48:30,MYOR,RG,1840,6,F,AK,YU,D
10:48:30,MYOR,RG,1840,1,F,AK,YU,D
10:48:30,MYOR,RG,1840,13,D,BB,YU,D
10:48:24,MYOR,RG,1845,1,F,AK,PD,D
10:48:23,MYOR,RG,1840,24,D,BB,ZP,F
10:48:23,MYOR,RG,1845,6,F,AK,PD,D
10:48:23,MYOR,RG,1845,25,F,AK,XC,D
10:48:23,MYOR,RG,1845,5,F,AK,XL,D
10:48:23,MYOR,RG,1845,1,F,AK,DH,D
10:48:22,MYOR,RG,1840,200,D,BB,KK,D
10:48:22,MYOR,RG,1840,3,D,BB,DH,D
10:48:22,MYOR,RG,1840,1,D,BB,AT,D
10:48:22,MYOR,RG,1840,17,D,BB,DX,D
10:48:22,MYOR,RG,1840,1,D,BB,CP,D
10:48:22,MYOR,RG,1840,50,D,BB,DH,D
10:48:22,MYOR,RG,1840,23,D,BB,ZP,F
10:48:22,MYOR,RG,1840,3,D,BB,PD,D
10:48:22,MYOR,RG,1840,5,D,BB,DR,D
10:48:22,MYOR,RG,1840,36,D,BB,ZP,F
10:48:22,MYOR,RG,1840,40,D,BB,ZP,F
10:48:22,MYOR,RG,1840,76,D,BB,ZP,F
10:48:22,MYOR,RG,1840,150,D,BB,CC,D
10:48:22,MYOR,RG,1840,1,D,BB,XC,D
10:48:22,MYOR,RG,1840,6,D,BB,XL,D
10:48:22,MYOR,RG,1840,3,D,BB,CC,D
10:48:22,MYOR,RG,1840,1,D,BB,XC,D
10:48:22,MYOR,RG,1840,45,D,BB,XL,D
10:48:22,MYOR,RG,1840,10,D,BB,PD,D
10:48:22,MYOR,RG,1840,2,D,BB,CC,D
10:48:22,MYOR,RG,1840,90,D,BB,XC,D
10:48:22,MYOR,RG,1840,2,D,BB,YP,D
10:48:22,MYOR,RG,1840,1,D,BB,PD,D
10:48:22,MYOR,RG,1840,2,D,BB,NI,D
10:48:22,MYOR,RG,1840,20,D,BB,TP,D
10:48:22,MYOR,RG,1840,5,D,BB,PD,D
10:48:22,MYOR,RG,1840,1,D,BB,PD,D
10:48:22,MYOR,RG,1840,10,D,BB,PD,D
10:48:22,MYOR,RG,1840,11,D,BB,SQ,D
10:47:53,MYOR,RG,1840,1,F,AK,SQ,D
10:47:52,MYOR,RG,1840,30,F,RX,SQ,D
10:47:46,MYOR,RG,1840,1,D,NI,SQ,D
10:47:33,MYOR,RG,1840,1,D,XL,SQ,D
10:47:07,MYOR,RG,1840,1,F,AK,SQ,D
10:47:06,MYOR,RG,1840,10,D,YP,SQ,D
10:47:04,MYOR,RG,1840,3,D,DR,SQ,D
10:46:55,MYOR,RG,1840,2,F,RX,SQ,D
10:46:55,MYOR,RG,1840,5,F,RX,CC,D
10:46:55,MYOR,RG,1840,10,F,RX,OD,D
10:46:55,MYOR,RG,1840,2,F,RX,KK,D
10:46:55,MYOR,RG,1840,5,F,RX,YP,D
10:46:55,MYOR,RG,1840,25,F,RX,XC,D
10:46:55,MYOR,RG,1840,1,F,RX,XC,D
10:46:55,MYOR,RG,1840,2,F,RX,PD,D
10:46:54,MYOR,RG,1840,6,D,XC,PD,D
10:46:37,MYOR,RG,1840,1,D,EP,PD,D
10:46:37,MYOR,RG,1840,1,D,EP,PD,D
10:46:37,MYOR,RG,1840,1,D,EP,XC,D
10:46:37,MYOR,RG,1840,1,D,EP,XC,D
10:46:37,MYOR,RG,1840,1,D,EP,XC,D
10:46:27,MYOR,RG,1840,1,F,AK,XC,D
10:46:27,MYOR,RG,1840,1,D,EP,XC,D
10:46:27,MYOR,RG,1840,1,D,EP,YP,D
10:46:27,MYOR,RG,1840,1,D,EP,YP,D
10:46:27,MYOR,RG,1840,1,D,EP,YP,D
10:46:27,MYOR,RG,1840,1,D,EP,YP,D
10:46:25,MYOR,RG,1840,1,F,AK,YP,D
10:46:24,MYOR,RG,1840,1,D,SQ,NI,D
10:46:17,MYOR,RG,1840,1,D,XC,XC,D
10:46:17,MYOR,RG,1840,2,D,XC,PD,D
10:46:17,MYOR,RG,1840,2,D,XC,PD,D
10:46:17,MYOR,RG,1840,5,D,XC,XC,D
10:46:17,MYOR,RG,1840,17,D,XC,YP,D
10:46:09,MYOR,RG,1840,1,D,EP,YP,D
10:46:09,MYOR,RG,1835,9,D,GR,DX,D
10:46:09,MYOR,RG,1835,6,D,CC,DX,D
10:46:04,MYOR,RG,1840,1,D,EP,YP,D
10:45:50,MYOR,RG,1840,1,D,EP,YP,D
10:45:48,MYOR,RG,1840,1,D,NI,YP,D
10:45:21,MYOR,RG,1840,1,F,AK,YP,D
10:45:19,MYOR,RG,1840,8,F,RX,YP,D
10:45:19,MYOR,RG,1840,5,F,RX,XC,D
10:45:19,MYOR,RG,1840,6,F,RX,NI,D
10:45:05,MYOR,RG,1840,1,F,AK,NI,D
10:45:04,MYOR,RG,1840,13,D,YP,NI,D
10:45:04,MYOR,RG,1840,20,D,YP,AZ,D
10:45:04,MYOR,RG,1840,2,D,YP,GR,D
10:44:41,MYOR,RG,1840,5,F,RX,XC,D
10:44:41,MYOR,RG,1840,2,F,RX,YB,D
10:44:41,MYOR,RG,1840,4,F,RX,YP,D
10:44:41,MYOR,RG,1840,8,F,RX,AZ,D
10:44:35,MYOR,RG,1840,1,D,EP,AZ,D
10:44:35,MYOR,RG,1840,1,D,EP,AZ,D
10:44:35,MYOR,RG,1840,1,D,EP,CC,D
10:44:35,MYOR,RG,1840,1,D,EP,YP,D
10:44:35,MYOR,RG,1840,1,D,EP,YP,D
10:44:23,MYOR,RG,1840,1,D,EP,YP,D
10:44:23,MYOR,RG,1840,1,D,EP,YP,D
10:44:23,MYOR,RG,1840,1,D,EP,YP,D
10:44:23,MYOR,RG,1840,1,D,EP,YP,D
10:44:23,MYOR,RG,1840,1,D,EP,YP,D
10:44:16,MYOR,RG,1840,1,D,EP,YP,D
10:44:16,MYOR,RG,1840,1,D,EP,YP,D
10:44:16,MYOR,RG,1840,1,D,EP,YP,D
10:44:16,MYOR,RG,1840,1,D,EP,YP,D
10:44:16,MYOR,RG,1840,1,D,EP,YP,D
10:44:08,MYOR,RG,1840,1,D,EP,YP,D
10:44:08,MYOR,RG,1840,1,D,EP,YP,D
10:44:08,MYOR,RG,1840,1,D,EP,YP,D
10:44:08,MYOR,RG,1840,1,D,EP,YP,D
10:44:08,MYOR,RG,1840,1,D,EP,YP,D
10:44:01,MYOR,RG,1840,3,D,AZ,YP,D
10:44:01,MYOR,RG,1840,100,D,AZ,PD,D
10:44:01,MYOR,RG,1840,1,D,AZ,PD,D
10:44:01,MYOR,RG,1840,1,D,AZ,EP,D
10:44:01,MYOR,RG,1840,2,D,AZ,PD,D
10:44:01,MYOR,RG,1840,94,D,AZ,XL,D
10:44:01,MYOR,RG,1840,16,F,RX,XL,D
10:44:01,MYOR,RG,1840,2,F,RX,XL,D
10:43:41,MYOR,RG,1840,1,D,EP,XL,D
10:43:41,MYOR,RG,1840,1,D,EP,XL,D
10:43:41,MYOR,RG,1840,1,D,EP,XC,D
10:43:41,MYOR,RG,1840,1,D,EP,XC,D
10:43:41,MYOR,RG,1840,1,D,EP,XA,D
10:43:32,MYOR,RG,1840,1,D,EP,XA,D
10:43:32,MYOR,RG,1840,1,D,EP,XA,D
10:43:32,MYOR,RG,1840,1,D,EP,XA,D
10:43:32,MYOR,RG,1840,1,D,EP,XA,D
10:43:32,MYOR,RG,1840,1,D,EP,XA,D
10:43:23,MYOR,RG,1840,1,D,EP,XA,D
10:43:23,MYOR,RG,1840,1,D,EP,XA,D
10:43:23,MYOR,RG,1840,1,D,EP,XA,D
10:43:23,MYOR,RG,1840,1,D,EP,XA,D
10:43:23,MYOR,RG,1840,1,D,EP,XA,D
10:43:21,MYOR,RG,1840,22,F,RX,XA,D
10:43:21,MYOR,RG,1840,5,F,RX,XC,D
10:43:21,MYOR,RG,1840,1,F,RX,PD,D
10:43:21,MYOR,RG,1840,23,F,RX,CC,D
10:43:21,MYOR,RG,1840,1,F,RX,YP,D
10:43:21,MYOR,RG,1840,2,F,RX,LS,D
10:43:21,MYOR,RG,1840,10,F,RX,YP,D
10:43:21,MYOR,RG,1840,150,F,RX,YP,D
10:43:21,MYOR,RG,1840,1,F,RX,PD,D
10:43:21,MYOR,RG,1840,1,F,RX,PD,D
10:43:21,MYOR,RG,1840,1,F,RX,XC,D
10:43:21,MYOR,RG,1840,1,F,RX,PD,D
10:43:21,MYOR,RG,1840,2,F,RX,DR,D
10:43:21,MYOR,RG,1840,50,F,RX,AI,D
10:43:16,MYOR,RG,1840,1,D,EP,AI,D
10:43:16,MYOR,RG,1840,1,D,EP,AI,D
10:43:16,MYOR,RG,1840,1,D,EP,AI,D
10:43:16,MYOR,RG,1840,1,D,EP,AI,D
10:43:16,MYOR,RG,1840,1,D,EP,AI,D
10:43:05,MYOR,RG,1840,1,D,EP,AI,D
10:43:00,MYOR,RG,1840,1,D,EP,AI,D
10:42:43,MYOR,RG,1840,1,D,NI,AI,D
10:42:42,MYOR,RG,1840,27,D,YB,AI,D
10:42:42,MYOR,RG,1840,15,F,RX,AI,D
10:42:29,MYOR,RG,1835,3,D,CC,XC,D
10:42:29,MYOR,RG,1835,14,D,CC,DX,D
10:42:29,MYOR,RG,1835,1,D,CC,XC,D
10:42:29,MYOR,RG,1835,100,D,CC,RB,D
10:42:29,MYOR,RG,1835,200,D,CC,LG,D
10:42:29,MYOR,RG,1835,50,D,CC,NI,D
10:42:29,MYOR,RG,1835,5,D,CC,CC,D
10:42:29,MYOR,RG,1835,1,D,CC,XC,D
10:42:29,MYOR,RG,1835,30,D,CC,MG,D
10:42:29,MYOR,RG,1835,24,D,CC,XC,D
10:42:29,MYOR,RG,1835,2,D,CC,DH,D
10:42:29,MYOR,RG,1835,7,D,CC,XC,D
10:42:29,MYOR,RG,1835,4,D,CC,YP,D
10:42:29,MYOR,RG,1835,5,D,CC,CC,D
10:42:29,MYOR,RG,1835,20,D,CC,PD,D
10:42:29,MYOR,RG,1835,25,D,CC,XC,D
10:42:29,MYOR,RG,1835,2,D,CC,XL,D
10:42:29,MYOR,RG,1835,1,D,CC,RB,D
10:42:17,MYOR,RG,1835,100,D,DR,RB,D
10:42:15,MYOR,RG,1835,19,D,CC,RB,D
10:42:15,MYOR,RG,1835,2,D,CC,XC,D
10:42:15,MYOR,RG,1835,3,D,CC,XC,D
10:42:15,MYOR,RG,1835,1,D,CC,XC,D
10:42:10,MYOR,RG,1835,16,D,YP,XC,D
10:42:10,MYOR,RG,1835,9,D,YP,PD,D
10:42:09,MYOR,RG,1835,1,F,RX,PD,D
10:42:09,MYOR,RG,1835,4,F,RX,XC,D
10:42:09,MYOR,RG,1835,2,F,RX,XL,D
10:42:09,MYOR,RG,1835,10,F,RX,KK,D
10:42:05,MYOR,RG,1835,2,D,CC,KK,D
10:42:05,MYOR,RG,1835,1,D,CC,XC,D
10:42:05,MYOR,RG,1835,2,D,CC,YP,D
10:42:05,MYOR,RG,1835,1,D,CC,PD,D
10:42:05,MYOR,RG,1835,5,D,CC,NI,D
10:42:05,MYOR,RG,1835,4,D,CC,SQ,D
10:42:05,MYOR,RG,1835,10,D,CC,XC,D
10:41:55,MYOR,RG,1835,20,D,YB,XC,D
10:41:50,MYOR,RG,1835,10,D,YP,XC,D
10:41:44,MYOR,RG,1835,2,D,YP,XC,D
10:41:40,MYOR,RG,1835,25,D,YP,XC,D
10:41:37,MYOR,RG,1835,3,D,CC,XC,D
10:41:37,MYOR,RG,1835,17,D,CC,XC,D
10:41:35,MYOR,RG,1835,30,D,NI,XC,D
10:41:35,MYOR,RG,1835,1,D,NI,PD,D
10:41:35,MYOR,RG,1835,1,D,NI,LG,D
10:41:35,MYOR,RG,1835,1,D,NI,XC,D
10:41:35,MYOR,RG,1835,17,D,NI,AT,D
10:41:34,MYOR,RG,1835,3,F,AK,AT,D
10:41:34,MYOR,RG,1835,1,F,AK,XC,D
10:41:34,MYOR,RG,1835,19,F,AK,GR,D
10:41:33,MYOR,RG,1835,181,F,BK,GR,D
10:41:33,MYOR,RG,1835,13,F,BK,NI,D
10:41:33,MYOR,RG,1835,28,F,BK,NI,D
10:41:33,MYOR,RG,1835,1,F,BK,PD,D
10:41:33,MYOR,RG,1835,4,F,BK,PD,D
10:41:33,MYOR,RG,1835,6,F,BK,KK,D
10:41:33,MYOR,RG,1835,5,F,BK,SQ,D
10:41:33,MYOR,RG,1835,5,F,BK,CC,D
10:41:33,MYOR,RG,1835,1,F,BK,PD,D
10:41:33,MYOR,RG,1835,2,F,BK,XC,D
10:41:33,MYOR,RG,1835,2,F,BK,EP,D
10:41:33,MYOR,RG,1835,50,F,BK,YP,D
10:41:33,MYOR,RG,1835,5,F,BK,XC,D
10:41:33,MYOR,RG,1835,4,F,BK,YP,D
10:41:33,MYOR,RG,1835,2,F,BK,PD,D
10:41:33,MYOR,RG,1835,5,F,BK,CC,D
10:41:33,MYOR,RG,1835,1,F,BK,XC,D
10:41:33,MYOR,RG,1835,163,F,BK,CC,D
10:41:33,MYOR,RG,1835,300,F,BK,CC,D
10:41:33,MYOR,RG,1835,2,F,BK,XC,D
10:41:33,MYOR,RG,1835,7,F,BK,NI,D
10:41:33,MYOR,RG,1835,10,F,BK,YP,D
10:41:33,MYOR,RG,1835,3,F,BK,XC,D
10:41:33,MYOR,RG,1835,2,F,BK,XL,D
10:41:33,MYOR,RG,1835,5,F,BK,YB,D
10:41:33,MYOR,RG,1835,9,F,BK,YP,D
10:41:33,MYOR,RG,1835,6,F,BK,LG,D
10:41:33,MYOR,RG,1835,4,F,BK,AT,D
10:41:33,MYOR,RG,1835,35,F,BK,PD,D
10:41:33,MYOR,RG,1835,2,F,BK,PD,D
10:41:33,MYOR,RG,1835,11,F,BK,PD,D
10:41:33,MYOR,RG,1835,10,F,BK,XC,D
10:41:33,MYOR,RG,1835,10,F,BK,XC,D
10:41:33,MYOR,RG,1835,1,F,BK,KK,D
10:41:33,MYOR,RG,1835,1,F,BK,DH,D
10:41:33,MYOR,RG,1835,30,F,BK,XC,D
10:41:33,MYOR,RG,1835,20,F,BK,XC,D
10:41:33,MYOR,RG,1835,2,F,BK,DH,D
10:41:33,MYOR,RG,1835,30,F,BK,AN,D
10:41:33,MYOR,RG,1835,1,F,BK,PD,D
10:41:33,MYOR,RG,1835,1,F,BK,PD,D
10:41:33,MYOR,RG,1835,5,F,BK,PD,D
10:41:33,MYOR,RG,1835,15,F,BK,CC,D
10:41:32,MYOR,RG,1835,17,F,RX,CC,D
10:41:32,MYOR,RG,1835,1,D,EP,CC,D
10:41:32,MYOR,RG,1835,1,D,EP,CC,D
10:41:32,MYOR,RG,1835,1,D,EP,CC,D
10:41:32,MYOR,RG,1835,1,D,EP,CC,D
10:41:32,MYOR,RG,1835,1,D,EP,CC,D
10:41:18,MYOR,RG,1835,1,F,AK,CC,D
10:41:17,MYOR,RG,1835,25,D,CC,CC,D
10:41:15,MYOR,RG,1835,1,D,EP,CC,D
10:41:15,MYOR,RG,1835,1,D,EP,CC,D
10:41:15,MYOR,RG,1835,1,D,EP,CC,D
10:41:15,MYOR,RG,1835,1,D,EP,CC,D
10:41:15,MYOR,RG,1835,1,D,EP,CC,D
10:41:13,MYOR,RG,1835,2,D,YP,CC,D
10:41:11,MYOR,RG,1835,3,D,YP,CC,D
10:41:08,MYOR,RG,1835,1,F,AK,CC,D
10:41:08,MYOR,RG,1830,1,D,PD,OD,D
10:41:08,MYOR,RG,1835,31,F,CC,CC,D
10:41:08,MYOR,RG,1830,14,D,PD,DX,D
10:41:06,MYOR,RG,1835,25,D,CC,CC,D
10:41:04,MYOR,RG,1835,1,D,EP,CC,D
10:41:04,MYOR,RG,1835,1,D,EP,CC,D
10:41:04,MYOR,RG,1835,1,D,EP,CC,D
10:41:04,MYOR,RG,1835,1,D,EP,CC,D
10:41:04,MYOR,RG,1835,1,D,EP,CC,D
10:41:00,MYOR,RG,1835,3,F,AK,CC,D
10:41:00,MYOR,RG,1835,113,F,CC,CC,D
10:40:56,MYOR,RG,1835,1,F,AK,CC,D
10:40:56,MYOR,RG,1835,25,D,CC,CC,D
10:40:55,MYOR,RG,1835,15,F,RX,CC,D
10:40:53,MYOR,RG,1835,1,D,EP,CC,D
10:40:53,MYOR,RG,1835,1,D,EP,CC,D
10:40:53,MYOR,RG,1835,1,D,EP,CC,D
10:40:53,MYOR,RG,1835,1,D,EP,CC,D
10:40:53,MYOR,RG,1835,1,D,EP,CC,D
10:40:51,MYOR,RG,1835,1,F,AK,CC,D
10:40:51,MYOR,RG,1835,26,F,CC,CC,D
10:40:51,MYOR,RG,1835,1,D,XC,CC,D
10:40:44,MYOR,RG,1835,1,F,AK,CC,D
10:40:44,MYOR,RG,1835,58,F,CC,CC,D
10:40:42,MYOR,RG,1835,25,D,CC,CC,D
10:40:39,MYOR,RG,1835,2,F,AK,CC,D
10:40:37,MYOR,RG,1835,1,F,AK,CC,D
10:40:36,MYOR,RG,1835,88,F,CC,CC,D
10:40:36,MYOR,RG,1835,1,F,CC,PD,D
10:40:36,MYOR,RG,1835,2,F,CC,XC,D
10:40:36,MYOR,RG,1835,1,F,CC,XC,D
10:40:36,MYOR,RG,1835,8,F,CC,LG,D
10:40:29,MYOR,RG,1835,1,F,AK,LG,D
10:40:28,MYOR,RG,1835,1,D,CC,LG,D
10:40:28,MYOR,RG,1835,49,D,CC,YP,D
10:40:28,MYOR,RG,1835,4,F,AK,YP,D
10:40:28,MYOR,RG,1835,50,D,CC,YP,D
10:40:28,MYOR,RG,1835,132,F,CC,YP,D
10:40:23,MYOR,RG,1835,15,F,RX,YP,D
10:40:20,MYOR,RG,1835,1,F,AK,YP,D
10:40:19,MYOR,RG,1835,24,F,CC,YP,D
10:40:16,MYOR,RG,1835,1,D,EP,YP,D
10:40:16,MYOR,RG,1835,1,D,EP,YP,D
10:40:16,MYOR,RG,1835,1,D,EP,YP,D
10:40:16,MYOR,RG,1835,1,D,EP,YP,D
10:40:12,MYOR,RG,1835,10,D,GR,YP,D
10:40:07,MYOR,RG,1835,1,F,AK,YP,D
10:40:06,MYOR,RG,1835,47,F,CC,YP,D
10:40:05,MYOR,RG,1830,1,D,PD,NI,D
10:40:00,MYOR,RG,1835,1,D,EP,YP,D
10:40:00,MYOR,RG,1835,1,D,EP,YP,D
10:40:00,MYOR,RG,1835,1,D,EP,YP,D
10:40:00,MYOR,RG,1835,1,D,EP,YP,D
10:40:00,MYOR,RG,1835,1,D,EP,YP,D
10:39:54,MYOR,RG,1835,1,F,AK,YP,D
10:39:52,MYOR,RG,1835,32,F,RX,YP,D
10:39:48,MYOR,RG,1835,1,D,EP,YP,D
10:39:48,MYOR,RG,1835,1,D,EP,YP,D
10:39:48,MYOR,RG,1835,1,D,EP,YP,D
10:39:48,MYOR,RG,1835,1,D,EP,YP,D
10:39:48,MYOR,RG,1835,1,D,EP,YP,D
10:39:41,MYOR,RG,1835,1,F,AK,YP,D
10:39:41,MYOR,RG,1835,1,D,XC,YP,D
10:39:11,MYOR,RG,1830,1,D,PD,XL,D
10:38:49,MYOR,RG,1835,18,F,RX,YP,D
10:38:34,MYOR,RG,1830,16,D,PD,DX,D
10:38:26,MYOR,RG,1835,6,D,XC,YP,D
10:38:16,MYOR,RG,1835,3,F,AK,YP,D
10:38:14,MYOR,RG,1835,16,F,RX,YP,D
10:37:57,MYOR,RG,1835,10,D,YP,YP,D
10:37:43,MYOR,RG,1835,18,F,RX,YP,D
10:37:36,MYOR,RG,1835,1,D,XC,YP,D
10:37:11,MYOR,RG,1835,1,D,BQ,YP,D
10:37:07,MYOR,RG,1835,18,F,RX,YP,D
10:37:05,MYOR,RG,1830,9,D,PD,MG,D
10:37:05,MYOR,RG,1830,11,D,PD,MG,D
10:36:33,MYOR,RG,1835,18,F,RX,YP,D
10:36:02,MYOR,RG,1830,9,D,PD,XL,D
10:36:01,MYOR,RG,1830,14,D,PD,DX,D
10:35:59,MYOR,RG,1830,25,D,PD,KK,D
10:35:56,MYOR,RG,1835,1,D,YP,YP,D
10:35:06,MYOR,RG,1835,26,D,YP,YP,D
10:33:25,MYOR,RG,1835,500,F,BK,YP,D
10:33:24,MYOR,RG,1830,1,D,PD,DX,D
10:33:24,MYOR,RG,1830,2,D,CP,DX,D
10:33:24,MYOR,RG,1830,12,F,BK,DX,D
10:33:17,MYOR,RG,1830,1,F,BK,YP,D
10:32:59,MYOR,RG,1835,2,D,CC,YP,D
10:32:37,MYOR,RG,1835,10,D,XC,YP,D
10:32:32,MYOR,RG,1835,1,D,EP,YP,D
10:32:23,MYOR,RG,1830,5,F,BK,PD,D
10:32:21,MYOR,RG,1835,1,D,EP,YP,D
10:32:18,MYOR,RG,1830,5,F,BK,XC,D
10:31:38,MYOR,RG,1830,1,F,BK,YP,D
10:31:25,MYOR,RG,1835,15,D,YU,YP,D
10:31:01,MYOR,RG,1835,1,D,PD,YP,D
10:30:57,MYOR,RG,1830,12,F,BK,DX,D
10:30:47,MYOR,RG,1835,1,D,EP,YP,D
10:30:36,MYOR,RG,1830,1,F,BK,PD,D
10:30:12,MYOR,RG,1830,10,F,BK,PD,D
10:29:46,MYOR,RG,1830,2,F,BK,XC,D
10:29:30,MYOR,RG,1830,10,F,BK,PD,D
10:28:44,MYOR,RG,1835,1,F,AK,YP,D
10:28:43,MYOR,RG,1830,5,F,BK,DX,D
10:28:43,MYOR,RG,1835,1,F,AK,YP,D
10:28:42,MYOR,RG,1835,15,D,YB,YP,D
10:28:34,MYOR,RG,1830,9,F,BK,YP,D
10:28:21,MYOR,RG,1830,1,F,BK,XL,D
10:27:49,MYOR,RG,1835,2,F,AK,YP,D
10:27:49,MYOR,RG,1835,50,D,EP,YP,D
10:27:45,MYOR,RG,1835,4,D,YP,YP,D
10:27:35,MYOR,RG,1835,1,F,AK,YP,D
10:27:34,MYOR,RG,1835,18,F,RX,YP,D
10:27:15,MYOR,RG,1835,1,D,EP,YP,D
10:27:15,MYOR,RG,1835,1,D,EP,YP,D
10:27:15,MYOR,RG,1835,1,D,EP,YP,D
10:27:15,MYOR,RG,1835,1,D,EP,YP,D
10:27:15,MYOR,RG,1835,1,D,EP,YP,D
10:27:03,MYOR,RG,1835,4,D,NI,YP,D
10:27:01,MYOR,RG,1835,1,D,EP,YP,D
10:27:00,MYOR,RG,1835,1,F,AK,YP,D
10:26:59,MYOR,RG,1835,10,D,XL,YP,D
10:26:57,MYOR,RG,1835,1,D,EP,YP,D
10:26:36,MYOR,RG,1835,1,D,EP,YP,D
10:26:35,MYOR,RG,1835,1,F,AK,YP,D
10:26:35,MYOR,RG,1835,1,D,XC,YP,D
10:26:34,MYOR,RG,1835,14,F,RX,YP,D
10:26:07,MYOR,RG,1835,1,D,YP,YP,D
10:25:46,MYOR,RG,1835,2,F,AK,YP,D
10:25:45,MYOR,RG,1835,46,F,RX,YP,D
10:25:27,MYOR,RG,1835,10,D,CC,YP,D
10:24:35,MYOR,RG,1835,1,D,PD,YP,D
10:24:00,MYOR,RG,1835,1,F,AK,YP,D
10:23:59,MYOR,RG,1830,10,F,BK,CC,D
10:23:36,MYOR,RG,1835,1,D,XC,YP,D
10:23:16,MYOR,RG,1835,1,D,XC,YP,D
10:23:08,MYOR,RG,1835,14,F,RX,YP,D
10:22:54,MYOR,RG,1835,1,F,AK,YP,D
10:22:53,MYOR,RG,1835,1,D,NI,YP,D
10:22:52,MYOR,RG,1835,1,F,AK,YP,D
10:22:51,MYOR,RG,1835,44,D,YB,YP,D
10:22:19,MYOR,RG,1835,14,F,RX,YP,D
10:22:05,MYOR,RG,1835,2,D,YP,YP,D
10:21:42,MYOR,RG,1835,50,D,MG,YP,D
10:21:31,MYOR,RG,1835,1,D,XC,YP,D
10:21:30,MYOR,RG,1835,15,F,RX,YP,D
10:21:22,MYOR,RG,1835,1,D,XC,YP,D
10:20:41,MYOR,RG,1835,3,D,YP,YP,D
10:20:37,MYOR,RG,1835,13,F,RX,YP,D
10:20:32,MYOR,RG,1835,2,D,DX,YP,D
10:20:14,MYOR,RG,1835,16,D,XC,YP,D
10:19:56,MYOR,RG,1835,139,F,AK,YP,D
10:19:56,MYOR,RG,1835,61,F,AK,AT,D
10:19:55,MYOR,RG,1835,39,F,AK,AT,D
10:19:55,MYOR,RG,1835,50,F,AK,YP,D
10:19:55,MYOR,RG,1835,5,F,AK,YP,D
10:19:55,MYOR,RG,1835,1,F,AK,XL,D
10:19:55,MYOR,RG,1835,1,F,AK,PD,D
10:19:55,MYOR,RG,1835,5,F,AK,XC,D
10:19:55,MYOR,RG,1835,10,F,AK,YU,D
10:19:55,MYOR,RG,1835,4,F,AK,XC,D
10:19:55,MYOR,RG,1835,2,F,AK,YP,D
10:19:55,MYOR,RG,1835,83,F,AK,YP,D
10:19:54,MYOR,RG,1835,31,F,RX,YP,D
10:19:53,MYOR,RG,1835,5,D,YB,YP,D
10:19:22,MYOR,RG,1835,1,D,XC,YP,D
10:18:51,MYOR,RG,1835,21,F,RX,YP,D
10:18:34,MYOR,RG,1830,5,F,BK,YP,D
10:18:19,MYOR,RG,1830,10,F,BK,XC,D
10:18:09,MYOR,RG,1835,29,F,RX,YP,D
10:17:59,MYOR,RG,1835,5,D,YP,YP,D
10:17:18,MYOR,RG,1835,5,D,PD,YP,D
10:16:31,MYOR,RG,1830,1,F,BK,CC,D
10:15:53,MYOR,RG,1830,5,F,BK,YP,D
10:14:27,MYOR,RG,1830,2,F,BK,XC,D
10:14:05,MYOR,RG,1830,4,F,BK,XC,D
10:13:46,MYOR,RG,1830,1,F,BK,PD,D
10:13:40,MYOR,RG,1830,38,F,BK,AI,D
10:13:40,MYOR,RG,1830,50,D,NI,AI,D
10:13:40,MYOR,RG,1830,10,D,XC,AI,D
10:13:40,MYOR,RG,1830,1,D,CC,AI,D
10:13:40,MYOR,RG,1830,5,D,YB,AI,D
10:13:40,MYOR,RG,1830,16,D,XL,AI,D
10:13:40,MYOR,RG,1830,180,F,RX,AI,D
10:12:05,MYOR,RG,1830,2,F,RX,NI,D
10:11:54,MYOR,RG,1835,1,D,EP,YP,D
10:11:40,MYOR,RG,1830,90,F,RX,YP,D
10:11:40,MYOR,RG,1830,10,D,XC,YP,D
10:11:36,MYOR,RG,1835,1,D,EP,YP,D
10:11:36,MYOR,RG,1835,1,D,EP,YP,D
10:11:36,MYOR,RG,1835,1,D,EP,YP,D
10:11:36,MYOR,RG,1835,1,D,EP,YP,D
10:11:36,MYOR,RG,1835,1,D,EP,YP,D
10:11:22,MYOR,RG,1835,1,D,CC,YP,D
10:11:11,MYOR,RG,1835,1,D,EP,YP,D
10:10:37,MYOR,RG,1830,5,D,XC,NI,D
10:10:37,MYOR,RG,1830,1,F,AK,NI,D
10:09:28,MYOR,RG,1830,1,F,AK,XL,D
10:09:05,MYOR,RG,1835,1,D,EP,YP,D
10:09:00,MYOR,RG,1835,1,D,EP,YP,D
10:09:00,MYOR,RG,1835,6,D,XC,YP,D
10:08:53,MYOR,RG,1835,1,D,EP,YP,D
10:08:47,MYOR,RG,1835,1,D,EP,YP,D
10:08:46,MYOR,RG,1830,3,F,AK,PD,D
10:08:41,MYOR,RG,1835,1,D,EP,YP,D
10:08:35,MYOR,RG,1830,1,F,AK,KK,D
10:08:35,MYOR,RG,1830,2,D,GR,KK,D
10:08:33,MYOR,RG,1830,10,D,GR,XC,D
10:08:24,MYOR,RG,1830,50,D,GR,KK,D
10:08:07,MYOR,RG,1830,1,D,GR,XC,D
10:07:54,MYOR,RG,1830,25,D,GR,DR,D
10:07:04,MYOR,RG,1830,1,D,GR,XC,D
10:06:51,MYOR,RG,1830,5,D,GR,YP,D
10:06:45,MYOR,RG,1830,20,D,GR,BQ,D
10:06:44,MYOR,RG,1830,1,D,GR,DR,D
10:06:32,MYOR,RG,1830,5,D,GR,PD,D
10:06:28,MYOR,RG,1830,130,D,GR,YP,D
10:06:28,MYOR,RG,1830,20,D,PD,YP,D
10:06:28,MYOR,RG,1830,20,D,YB,YP,D
10:06:28,MYOR,RG,1830,2,D,YP,YP,D
10:06:28,MYOR,RG,1830,2,D,YP,YP,D
10:06:28,MYOR,RG,1830,18,D,PD,YP,D
10:06:28,MYOR,RG,1830,5,D,XC,YP,D
10:06:28,MYOR,RG,1830,3,D,XA,YP,D
10:05:46,MYOR,RG,1830,1,D,XA,XC,D
10:05:43,MYOR,RG,1830,1,D,XA,PD,D
10:05:38,MYOR,RG,1830,14,D,XA,AI,D
10:05:34,MYOR,RG,1835,1,D,XC,YP,D
10:05:17,MYOR,RG,1830,5,D,XA,YP,D
10:05:02,MYOR,RG,1830,1,D,XA,CC,D
10:04:31,MYOR,RG,1830,3,D,XA,PD,D
10:04:31,MYOR,RG,1830,1,D,XC,PD,D
10:04:31,MYOR,RG,1830,1,D,XC,PD,D
10:04:06,MYOR,RG,1835,3,D,DH,YP,D
10:03:31,MYOR,RG,1835,8,D,XL,YP,D
10:02:43,MYOR,RG,1830,1,D,CC,PD,D
10:02:43,MYOR,RG,1830,5,D,AZ,PD,D
10:02:43,MYOR,RG,1830,1,D,BQ,PD,D
10:02:43,MYOR,RG,1830,13,D,YB,PD,D
10:02:18,MYOR,RG,1835,3,D,XL,YP,D
10:01:41,MYOR,RG,1835,30,D,PD,YP,D
10:01:40,MYOR,RG,1830,30,D,YB,PD,D
10:01:30,MYOR,RG,1830,2,D,YB,YP,D
10:01:28,MYOR,RG,1830,3,D,YB,NI,D
10:01:20,MYOR,RG,1830,2,D,YB,KK,D
10:01:20,MYOR,RG,1830,3,F,BK,KK,D
10:01:14,MYOR,RG,1830,1,F,BK,NI,D
10:00:59,MYOR,RG,1830,2,F,BK,XC,D
10:00:17,MYOR,RG,1830,2,F,BK,LS,D
10:00:04,MYOR,RG,1835,11,F,BK,YP,D
10:00:03,MYOR,RG,1835,45,F,BK,YP,D
10:00:03,MYOR,RG,1835,1,F,BK,PD,D
10:00:03,MYOR,RG,1835,3,F,BK,EP,D
10:00:03,MYOR,RG,1835,2,F,BK,PD,D
10:00:03,MYOR,RG,1835,1,F,BK,XL,D
10:00:03,MYOR,RG,1835,1,F,BK,XL,D
10:00:03,MYOR,RG,1835,2,F,BK,YP,D
10:00:03,MYOR,RG,1835,20,F,BK,YP,D
10:00:03,MYOR,RG,1835,1,F,BK,GR,D
10:00:03,MYOR,RG,1835,20,F,BK,GR,D
10:00:03,MYOR,RG,1835,4,F,BK,YP,D
10:00:02,MYOR,RG,1835,96,F,BK,YP,D
10:00:02,MYOR,RG,1835,4,F,BK,YP,D
10:00:02,MYOR,RG,1830,11,F,BK,CC,D
10:00:01,MYOR,RG,1835,1,D,CC,YP,D
9:59:52,MYOR,RG,1830,6,F,BK,XC,D
9:59:52,MYOR,RG,1830,70,F,BK,CC,D
9:59:52,MYOR,RG,1830,5,D,KK,CC,D
9:59:52,MYOR,RG,1830,5,D,KK,CC,D
9:59:51,MYOR,RG,1830,5,D,KK,PD,D
9:59:51,MYOR,RG,1830,13,F,RX,PD,D
9:59:27,MYOR,RG,1830,1,F,RX,XC,D
9:59:04,MYOR,RG,1830,30,F,RX,YP,D
9:58:56,MYOR,RG,1830,100,F,RX,XA,D
9:58:34,MYOR,RG,1835,3,D,XL,YP,D
9:58:20,MYOR,RG,1835,1,D,XL,YP,D
9:58:07,MYOR,RG,1835,1,D,XL,YP,D
9:58:03,MYOR,RG,1835,3,F,BK,NI,D
9:58:03,MYOR,RG,1835,96,F,BK,PD,D
9:58:03,MYOR,RG,1835,1,F,BK,OD,D
9:58:02,MYOR,RG,1835,9,D,YP,OD,D
9:58:02,MYOR,RG,1835,7,D,YP,XC,D
9:58:02,MYOR,RG,1835,2,D,YP,XL,D
9:58:02,MYOR,RG,1835,7,D,YP,XC,D
9:57:55,MYOR,RG,1835,3,D,XL,XC,D
9:57:55,MYOR,RG,1835,7,D,XL,YP,D
9:57:44,MYOR,RG,1830,2,F,RX,NI,D
9:57:20,MYOR,RG,1835,48,D,YB,YP,D
9:57:20,MYOR,RG,1835,2,D,YB,AI,D
9:56:59,MYOR,RG,1835,5,D,PD,AI,D
9:56:39,MYOR,RG,1835,2,D,YP,AI,D
9:56:19,MYOR,RG,1835,1,D,PD,AI,D
9:56:03,MYOR,RG,1835,2,D,YP,AI,D
9:55:52,MYOR,RG,1835,100,D,YB,AI,D
9:55:49,MYOR,RG,1835,10,D,PD,AI,D
9:55:47,MYOR,RG,1830,2,F,RX,XC,D
9:55:46,MYOR,RG,1835,50,D,YB,AI,D
9:55:35,MYOR,RG,1830,1,F,RX,XC,D
9:55:23,MYOR,RG,1835,1,D,XC,AI,D
9:55:19,MYOR,RG,1830,3,F,RX,YP,D
9:54:57,MYOR,RG,1830,5,F,RX,YP,D
9:54:39,MYOR,RG,1835,16,D,YB,AI,D
9:54:20,MYOR,RG,1835,11,F,BK,AI,D
9:54:20,MYOR,RG,1835,10,F,BK,XC,D
9:54:20,MYOR,RG,1835,44,F,BK,XC,D
9:54:20,MYOR,RG,1835,3,F,BK,XL,D
9:54:20,MYOR,RG,1835,32,F,BK,NI,D
9:54:19,MYOR,RG,1835,18,F,RX,NI,D
9:54:19,MYOR,RG,1830,183,F,RX,AI,D
9:54:19,MYOR,RG,1830,83,F,BK,AI,D
9:54:19,MYOR,RG,1830,34,D,GR,AI,D
9:54:08,MYOR,RG,1835,10,D,YB,NI,D
9:53:49,MYOR,RG,1835,16,F,RX,NI,D
9:53:30,MYOR,RG,1830,1,D,GR,LG,D
9:53:23,MYOR,RG,1830,10,D,GR,NI,D
9:53:23,MYOR,RG,1830,9,D,GR,NI,D
9:53:22,MYOR,RG,1830,6,F,RX,NI,D
9:53:22,MYOR,RG,1830,11,F,RX,CP,D
9:53:21,MYOR,RG,1830,5,D,YP,CP,D
9:52:54,MYOR,RG,1830,14,F,RX,CP,D
9:52:53,MYOR,RG,1830,20,D,NI,CP,D
9:52:53,MYOR,RG,1830,3,D,NI,CC,D
9:52:53,MYOR,RG,1830,1,D,NI,XC,D
9:52:53,MYOR,RG,1830,6,D,NI,YP,D
9:52:53,MYOR,RG,1830,6,D,NI,EP,D
9:52:53,MYOR,RG,1830,14,D,NI,PD,D
9:52:31,MYOR,RG,1830,14,F,RX,PD,D
9:52:21,MYOR,RG,1830,4,D,XC,PD,D
9:52:06,MYOR,RG,1830,18,F,RX,PD,D
9:52:06,MYOR,RG,1830,1,F,RX,PD,D
9:52:06,MYOR,RG,1830,1,F,RX,CC,D
9:52:06,MYOR,RG,1830,1,F,RX,GR,D
9:52:06,MYOR,RG,1830,8,F,RX,XC,D
9:52:06,MYOR,RG,1830,7,F,RX,XC,D
9:52:06,MYOR,RG,1830,25,F,RX,PD,D
9:52:02,MYOR,RG,1830,40,D,XC,PD,D
9:51:33,MYOR,RG,1830,35,D,EP,PD,D
9:51:33,MYOR,RG,1830,20,D,EP,YP,D
9:51:33,MYOR,RG,1830,15,D,EP,PD,D
9:50:46,MYOR,RG,1830,5,D,GR,PD,D
9:50:46,MYOR,RG,1830,5,D,GR,PD,D
9:50:00,MYOR,RG,1825,26,D,YP,XC,D
9:48:57,MYOR,RG,1825,1,D,YP,DH,D
9:47:54,MYOR,RG,1830,1,D,PD,CC,D
9:47:20,MYOR,RG,1830,5,D,PD,CC,D
9:47:13,MYOR,RG,1830,2,D,PD,CC,D
9:46:30,MYOR,RG,1825,5,D,YP,DR,D
9:45:54,MYOR,RG,1830,100,F,BK,CC,D
9:45:54,MYOR,RG,1830,100,F,BK,CC,D
9:45:53,MYOR,RG,1830,64,F,BK,CC,D
9:45:53,MYOR,RG,1830,3,F,BK,XC,D
9:45:53,MYOR,RG,1830,1,F,BK,DH,D
9:45:53,MYOR,RG,1830,1,F,BK,NI,D
9:45:53,MYOR,RG,1830,31,F,BK,XC,D
9:45:52,MYOR,RG,1830,129,D,SQ,XC,D
9:45:52,MYOR,RG,1830,15,D,SQ,YP,D
9:45:52,MYOR,RG,1830,20,D,SQ,PD,D
9:45:52,MYOR,RG,1830,20,D,SQ,YP,D
9:45:52,MYOR,RG,1830,16,D,SQ,PD,D
9:45:49,MYOR,RG,1830,1,D,XC,PD,D
9:45:46,MYOR,RG,1825,2,D,YP,PD,D
9:45:07,MYOR,RG,1830,20,D,PD,PD,D
9:44:47,MYOR,RG,1825,1,D,YP,CC,D
9:44:38,MYOR,RG,1830,1,D,PD,PD,D
9:44:34,MYOR,RG,1830,1,D,XC,PD,D
9:44:04,MYOR,RG,1830,3,F,BK,PD,D
9:44:04,MYOR,RG,1830,35,F,BK,CC,D
9:44:04,MYOR,RG,1830,3,F,BK,PD,D
9:44:04,MYOR,RG,1830,59,F,BK,AI,D
9:44:03,MYOR,RG,1830,100,F,BK,AI,D
9:44:02,MYOR,RG,1830,10,D,YP,AI,D
9:44:02,MYOR,RG,1830,100,F,BK,AI,D
9:44:01,MYOR,RG,1830,31,F,BK,AI,D
9:44:01,MYOR,RG,1830,5,F,BK,SQ,D
9:44:01,MYOR,RG,1830,64,F,BK,PD,D
9:44:00,MYOR,RG,1825,3,D,YP,NI,D
9:44:00,MYOR,RG,1825,1,D,YP,YP,D
9:43:52,MYOR,RG,1825,19,D,PD,YP,D
9:43:52,MYOR,RG,1825,2,D,PD,KK,D
9:43:52,MYOR,RG,1825,2,D,PD,XC,D
9:43:52,MYOR,RG,1825,27,D,PD,NI,D
9:43:26,MYOR,RG,1825,4,D,YB,NI,D
9:43:18,MYOR,RG,1825,1,D,PD,NI,D
9:42:27,MYOR,RG,1820,1,D,YP,XL,D
9:42:27,MYOR,RG,1825,10,D,YP,NI,D
9:42:18,MYOR,RG,1825,18,F,BK,NI,D
9:42:18,MYOR,RG,1825,1,F,BK,YP,D
9:42:18,MYOR,RG,1825,10,F,BK,PD,D
9:42:18,MYOR,RG,1825,2,F,BK,XC,D
9:42:18,MYOR,RG,1825,10,F,BK,YP,D
9:42:18,MYOR,RG,1825,6,F,BK,YP,D
9:42:18,MYOR,RG,1825,50,F,BK,PD,D
9:42:18,MYOR,RG,1825,2,F,BK,PD,D
9:42:18,MYOR,RG,1825,1,F,BK,XC,D
9:42:13,MYOR,RG,1825,3,D,PD,CC,D
9:42:00,MYOR,RG,1825,10,D,PD,CC,D
9:41:48,MYOR,RG,1825,5,D,DR,CC,D
9:41:19,MYOR,RG,1825,1,D,YP,CC,D
9:41:04,MYOR,RG,1825,1,D,YP,CC,D
9:40:29,MYOR,RG,1825,1,D,YP,CC,D
9:40:27,MYOR,RG,1820,1,D,YP,YP,D
9:39:42,MYOR,RG,1825,1,D,XC,CC,D
9:39:41,MYOR,RG,1825,6,D,EP,CC,D
9:39:36,MYOR,RG,1820,1,D,YP,XL,D
9:39:17,MYOR,RG,1825,7,D,CC,CC,D
9:38:48,MYOR,RG,1825,2,D,CC,YP,D
9:38:40,MYOR,RG,1830,4,D,CC,PD,D
9:38:29,MYOR,RG,1825,15,F,BK,LG,D
9:38:29,MYOR,RG,1825,1,D,KK,LG,D
9:38:29,MYOR,RG,1825,1,D,NI,LG,D
9:38:29,MYOR,RG,1825,3,D,DH,LG,D
9:38:29,MYOR,RG,1825,5,D,XC,LG,D
9:38:29,MYOR,RG,1825,2,D,YP,LG,D
9:38:29,MYOR,RG,1825,1,D,OD,LG,D
9:38:29,MYOR,RG,1825,10,D,DR,LG,D
9:38:29,MYOR,RG,1825,8,D,YP,LG,D
9:38:29,MYOR,RG,1825,1,D,CC,LG,D
9:38:29,MYOR,RG,1825,2,D,PD,LG,D
9:38:29,MYOR,RG,1825,1,D,PD,LG,D
9:38:29,MYOR,RG,1825,3,D,XC,LG,D
9:38:29,MYOR,RG,1825,1,D,XC,LG,D
9:38:29,MYOR,RG,1825,1,D,YP,LG,D
9:38:29,MYOR,RG,1825,1,D,XC,LG,D
9:38:29,MYOR,RG,1825,20,D,CC,LG,D
9:38:29,MYOR,RG,1825,1,D,YP,LG,D
9:38:29,MYOR,RG,1825,23,D,CC,LG,D
9:38:28,MYOR,RG,1825,6,D,CC,XL,D
9:38:20,MYOR,RG,1825,1,D,CC,XC,D
9:38:07,MYOR,RG,1830,10,D,XL,PD,D
9:37:40,MYOR,RG,1830,2,D,LG,PD,D
9:36:45,MYOR,RG,1830,1,D,NI,PD,D
9:36:45,MYOR,RG,1830,19,D,XC,PD,D
9:36:44,MYOR,RG,1830,6,D,XC,PD,D
9:36:44,MYOR,RG,1830,1,D,XL,PD,D
9:36:44,MYOR,RG,1830,43,D,GR,PD,D
9:36:00,MYOR,RG,1830,10,D,GR,YU,D
9:35:53,MYOR,RG,1835,1,D,NI,NI,D
9:35:31,MYOR,RG,1830,100,D,GR,HP,D
9:35:20,MYOR,RG,1830,10,D,GR,XC,D
9:35:14,MYOR,RG,1835,20,D,PD,NI,D
9:35:06,MYOR,RG,1830,60,D,GR,XC,D
9:34:42,MYOR,RG,1835,2,D,DR,NI,D
9:34:39,MYOR,RG,1830,20,D,GR,XC,D
9:34:36,MYOR,RG,1835,1,D,XC,NI,D
9:34:36,MYOR,RG,1835,1,D,XC,KK,D
9:34:30,MYOR,RG,1830,1,D,GR,PD,D
9:34:17,MYOR,RG,1830,1,D,GR,PD,D
9:34:07,MYOR,RG,1830,65,D,GR,AT,D
9:34:00,MYOR,RG,1830,5,D,GR,PD,D
9:33:55,MYOR,RG,1830,1,D,GR,PD,D
9:33:42,MYOR,RG,1830,6,D,GR,YP,D
9:33:42,MYOR,RG,1830,2,D,GR,NI,D
9:33:42,MYOR,RG,1830,59,D,GR,YP,D
9:33:42,MYOR,RG,1830,30,D,GR,PD,D
9:33:42,MYOR,RG,1830,56,D,GR,DH,D
9:33:42,MYOR,RG,1830,30,D,GR,ZP,D
9:33:42,MYOR,RG,1830,1,D,GR,CC,D
9:33:26,MYOR,RG,1830,1,D,OD,CC,D
9:33:19,MYOR,RG,1825,3,D,CC,XC,D
9:33:17,MYOR,RG,1825,1,D,CC,XL,D
9:33:13,MYOR,RG,1825,21,D,CC,CC,D
9:33:13,MYOR,RG,1825,3,D,YP,CC,D
9:33:13,MYOR,RG,1825,2,D,PD,CC,D
9:33:13,MYOR,RG,1825,2,D,XC,CC,D
9:33:13,MYOR,RG,1825,1,D,XL,CC,D
9:33:13,MYOR,RG,1825,1,D,XC,CC,D
9:33:13,MYOR,RG,1825,10,D,YP,CC,D
9:32:56,MYOR,RG,1825,7,D,YP,NI,D
9:32:36,MYOR,RG,1825,3,D,YP,XC,D
9:32:33,MYOR,RG,1830,10,D,DR,CC,D
9:32:20,MYOR,RG,1825,1,F,BK,PD,D
9:31:48,MYOR,RG,1830,6,D,YP,CC,D
9:31:47,MYOR,RG,1830,2,D,PD,CC,D
9:31:45,MYOR,RG,1825,2,F,BK,CC,D
9:31:43,MYOR,RG,1830,1,D,NI,BK,F
9:31:43,MYOR,RG,1830,5,D,DR,BK,F
9:31:43,MYOR,RG,1830,3,D,PD,BK,F
9:31:43,MYOR,RG,1830,10,D,YP,BK,F
9:31:43,MYOR,RG,1830,20,F,BK,BK,F
9:31:43,MYOR,RG,1830,10,D,YP,BK,F
9:31:43,MYOR,RG,1830,4,D,XC,BK,F
9:31:43,MYOR,RG,1830,19,D,CC,BK,F
9:31:42,MYOR,RG,1830,21,D,CC,YP,D
9:31:42,MYOR,RG,1830,2,D,XC,YP,D
9:31:42,MYOR,RG,1830,1,D,XC,YP,D
9:31:42,MYOR,RG,1830,12,F,BK,YP,D
9:31:42,MYOR,RG,1830,14,D,YP,YP,D
9:31:39,MYOR,RG,1830,38,D,YP,BK,F
9:31:39,MYOR,RG,1830,1,D,XC,BK,F
9:31:39,MYOR,RG,1830,10,D,YB,BK,F
9:31:39,MYOR,RG,1830,12,D,PD,BK,F
9:31:39,MYOR,RG,1830,5,D,PD,BK,F
9:31:39,MYOR,RG,1830,8,D,XC,BK,F
9:31:39,MYOR,RG,1830,1,D,EP,BK,F
9:31:39,MYOR,RG,1830,1,D,XL,BK,F
9:31:39,MYOR,RG,1830,24,F,RX,BK,F
9:31:38,MYOR,RG,1830,100,F,RX,BK,F
9:31:37,MYOR,RG,1830,100,F,RX,BK,F
9:31:37,MYOR,RG,1830,200,F,RX,AI,D
9:31:09,MYOR,RG,1830,3,F,RX,CC,D
9:31:00,MYOR,RG,1830,1,F,RX,PD,D
9:30:58,MYOR,RG,1830,81,F,RX,XA,D
9:30:48,MYOR,RG,1830,7,F,RX,PD,D
9:30:48,MYOR,RG,1830,10,D,YP,PD,D
9:30:48,MYOR,RG,1830,10,D,KK,PD,D
9:30:48,MYOR,RG,1830,10,D,YP,PD,D
9:30:48,MYOR,RG,1830,1,D,XC,PD,D
9:30:48,MYOR,RG,1830,5,D,KK,PD,D
9:30:48,MYOR,RG,1830,11,F,BK,PD,D
9:30:48,MYOR,RG,1830,146,D,EP,PD,D
9:30:44,MYOR,RG,1830,1,D,EP,PD,D
9:30:34,MYOR,RG,1830,53,D,EP,CP,D
9:30:34,MYOR,RG,1830,50,D,CC,CP,D
9:30:34,MYOR,RG,1830,1,D,PD,CP,D
9:30:34,MYOR,RG,1830,9,D,XC,CP,D
9:30:34,MYOR,RG,1830,76,F,BK,CP,D
9:30:34,MYOR,RG,1830,129,F,RX,CP,D
9:30:21,MYOR,RG,1830,2,F,RX,CC,D
9:30:15,MYOR,RG,1830,1,F,RX,CC,D
9:30:06,MYOR,RG,1835,4,F,RX,KK,D
9:30:06,MYOR,RG,1835,1,F,RX,XC,D
9:30:06,MYOR,RG,1835,10,F,RX,XC,D
9:30:06,MYOR,RG,1835,4,F,RX,AT,D
9:29:56,MYOR,RG,1835,1,D,XC,AT,D
9:29:42,MYOR,RG,1835,22,F,RX,AT,D
9:29:28,MYOR,RG,1835,1,D,XC,AT,D
9:29:25,MYOR,RG,1835,2,D,NI,AT,D
9:29:17,MYOR,RG,1835,20,F,RX,AT,D
9:29:17,MYOR,RG,1835,50,F,RX,PD,D
9:29:17,MYOR,RG,1835,4,F,RX,PD,D
9:29:17,MYOR,RG,1835,1,F,RX,CC,D
9:29:17,MYOR,RG,1835,10,F,RX,YP,D
9:29:17,MYOR,RG,1835,5,F,RX,ZP,D
9:29:17,MYOR,RG,1835,10,F,RX,YP,D
9:29:17,MYOR,RG,1835,50,F,RX,YP,D
9:29:04,MYOR,RG,1835,1,D,DR,YP,D
9:28:50,MYOR,RG,1835,5,D,XC,YP,D
9:28:44,MYOR,RG,1835,4,D,OD,YP,D
9:28:44,MYOR,RG,1835,1,D,OD,XC,D
9:28:44,MYOR,RG,1835,5,D,OD,YP,D
9:28:44,MYOR,RG,1835,7,D,OD,YP,D
9:28:40,MYOR,RG,1835,1,D,SQ,XC,D
9:28:35,MYOR,RG,1835,19,D,KK,XC,D
9:28:35,MYOR,RG,1835,1,D,KK,XC,D
9:28:32,MYOR,RG,1830,4,F,RX,XC,D
9:28:31,MYOR,RG,1830,1,F,RX,YP,D
9:28:26,MYOR,RG,1830,5,F,RX,XC,D
9:28:17,MYOR,RG,1830,2,F,RX,DH,D
9:27:58,MYOR,RG,1830,4,F,RX,PD,D
9:27:43,MYOR,RG,1835,10,D,YP,PD,D
9:27:33,MYOR,RG,1830,1,F,RX,PD,D
9:27:23,MYOR,RG,1835,5,D,PD,PD,D
9:27:23,MYOR,RG,1835,10,D,PD,XC,D
9:27:23,MYOR,RG,1835,10,D,PD,DR,D
9:27:23,MYOR,RG,1835,29,D,PD,XC,D
9:27:23,MYOR,RG,1835,5,D,PD,PD,D
9:27:23,MYOR,RG,1835,22,D,PD,CC,D
9:27:12,MYOR,RG,1830,10,F,RX,XC,D
9:27:02,MYOR,RG,1830,1,F,RX,XC,D
9:26:01,MYOR,RG,1830,4,D,CC,XL,D
9:25:35,MYOR,RG,1835,30,D,NI,CC,D
9:25:33,MYOR,RG,1830,1,D,CC,NI,D
9:25:32,MYOR,RG,1835,1,D,YP,CC,D
9:25:21,MYOR,RG,1830,5,D,CC,YP,D
9:25:14,MYOR,RG,1835,28,D,YP,CC,D
9:25:08,MYOR,RG,1835,14,F,BK,CC,D
9:25:07,MYOR,RG,1835,15,D,KK,CC,D
9:25:00,MYOR,RG,1835,2,D,XC,CC,D
9:24:54,MYOR,RG,1830,10,D,CC,YJ,D
9:24:48,MYOR,RG,1830,1,D,CC,XC,D
9:24:35,MYOR,RG,1830,20,D,CC,YJ,D
9:24:27,MYOR,RG,1835,10,D,YP,CC,D
9:24:15,MYOR,RG,1835,1,D,XC,CC,D
9:24:12,MYOR,RG,1835,10,D,YP,CC,D
9:24:02,MYOR,RG,1835,5,D,XC,CC,D
9:23:56,MYOR,RG,1835,3,D,NI,CC,D
9:23:55,MYOR,RG,1835,12,F,BK,CC,D
9:23:53,MYOR,RG,1835,1,D,YP,CC,D
9:23:53,MYOR,RG,1835,2,D,CC,CC,D
9:23:48,MYOR,RG,1835,1,D,AT,CC,D
9:23:28,MYOR,RG,1835,20,D,CC,CC,D
9:23:15,MYOR,RG,1835,30,D,NI,CC,D
9:23:03,MYOR,RG,1835,11,F,BK,CC,D
9:23:00,MYOR,RG,1835,18,D,GR,CC,D
9:23:00,MYOR,RG,1835,114,D,CP,CC,D
9:23:00,MYOR,RG,1835,50,D,CP,CC,D
9:23:00,MYOR,RG,1835,154,D,CP,AI,D
9:22:47,MYOR,RG,1835,28,D,CC,AI,D
9:22:36,MYOR,RG,1835,18,D,EP,AI,D
9:22:36,MYOR,RG,1835,7,D,EP,PD,D
9:22:35,MYOR,RG,1835,1,D,XC,PD,D
9:22:13,MYOR,RG,1835,10,D,CC,PD,D
9:22:13,MYOR,RG,1835,12,D,SQ,PD,D
9:22:13,MYOR,RG,1835,7,D,SQ,BQ,D
9:22:06,MYOR,RG,1835,3,D,XC,BQ,D
9:22:06,MYOR,RG,1835,2,D,XC,GR,D
9:21:47,MYOR,RG,1835,1,D,XC,GR,D
9:21:45,MYOR,RG,1830,6,D,CC,CC,D
9:21:44,MYOR,RG,1830,116,D,CC,SQ,D
9:21:44,MYOR,RG,1830,41,F,BK,SQ,D
9:21:44,MYOR,RG,1830,43,D,KK,SQ,D
9:21:38,MYOR,RG,1835,2,F,RX,GR,D
9:21:38,MYOR,RG,1835,2,F,RX,XC,D
9:21:38,MYOR,RG,1835,1,F,RX,PD,D
9:21:38,MYOR,RG,1835,7,F,RX,KK,D
9:21:38,MYOR,RG,1835,26,F,RX,XC,D
9:21:38,MYOR,RG,1835,3,F,RX,XC,D
9:21:38,MYOR,RG,1835,5,F,RX,YP,D
9:21:38,MYOR,RG,1835,24,F,RX,YP,D
9:21:38,MYOR,RG,1835,5,F,RX,YP,D
9:21:38,MYOR,RG,1835,10,F,RX,XC,D
9:21:38,MYOR,RG,1835,2,F,RX,PD,D
9:21:38,MYOR,RG,1835,2,F,RX,DR,D
9:21:38,MYOR,RG,1835,7,F,RX,PD,D
9:21:38,MYOR,RG,1835,11,F,RX,PD,D
9:21:34,MYOR,RG,1835,14,D,YP,PD,D
9:21:34,MYOR,RG,1835,6,D,YP,YP,D
9:21:32,MYOR,RG,1830,7,D,KK,SQ,D
9:21:32,MYOR,RG,1830,153,F,CC,SQ,D
9:21:32,MYOR,RG,1830,104,F,BK,SQ,D
9:21:32,MYOR,RG,1830,4,D,YP,SQ,D
9:21:27,MYOR,RG,1835,1,D,XC,YP,D
9:21:25,MYOR,RG,1835,3,D,KK,YP,D
9:21:25,MYOR,RG,1835,1,D,KK,PD,D
9:21:25,MYOR,RG,1835,1,D,KK,XC,D
9:21:15,MYOR,RG,1835,12,F,BK,AI,D
9:21:12,MYOR,RG,1835,15,D,YP,AI,D
9:21:12,MYOR,RG,1830,1,D,YP,YP,D
9:21:12,MYOR,RG,1830,2,D,YP,XC,D
9:21:12,MYOR,RG,1830,1,D,YP,XC,D
9:21:12,MYOR,RG,1830,1,D,YP,IF,D
9:21:10,MYOR,RG,1830,13,F,BK,IF,D
9:21:08,MYOR,RG,1830,4,D,XC,IF,D
9:21:06,MYOR,RG,1830,10,D,XC,IF,D
9:21:06,MYOR,RG,1835,48,F,BK,AI,D
9:21:06,MYOR,RG,1835,2,F,BK,DR,D
9:21:03,MYOR,RG,1830,22,F,BK,YP,D
9:21:03,MYOR,RG,1830,38,F,BK,YP,D
9:21:03,MYOR,RG,1830,10,F,BK,GR,D
9:21:03,MYOR,RG,1830,10,F,BK,EP,D
9:21:03,MYOR,RG,1830,1,F,BK,DH,D
9:21:03,MYOR,RG,1830,5,F,BK,CC,D
9:21:03,MYOR,RG,1830,6,F,BK,PD,D
9:21:03,MYOR,RG,1830,10,F,BK,YP,D
9:21:03,MYOR,RG,1830,5,F,BK,PD,D
9:21:03,MYOR,RG,1830,2,F,BK,CC,D
9:21:03,MYOR,RG,1830,1,F,BK,YP,D
9:21:03,MYOR,RG,1830,8,F,BK,YP,D
9:21:03,MYOR,RG,1830,4,F,BK,PD,D
9:21:02,MYOR,RG,1830,26,F,BK,PD,D
9:21:02,MYOR,RG,1830,73,F,BK,YP,D
9:21:02,MYOR,RG,1830,1,F,BK,XL,D
9:21:02,MYOR,RG,1830,2,F,CC,XL,D
9:21:02,MYOR,RG,1830,2,F,CC,XC,D
9:21:02,MYOR,RG,1830,2,F,CC,XC,D
9:21:02,MYOR,RG,1830,2,F,CC,PD,D
9:21:02,MYOR,RG,1830,56,F,CC,SQ,D
9:21:01,MYOR,RG,1830,84,D,OD,SQ,D
9:21:01,MYOR,RG,1830,2,D,OD,NI,D
9:21:01,MYOR,RG,1830,1,D,OD,NI,D
9:21:01,MYOR,RG,1830,10,D,OD,YP,D
9:21:01,MYOR,RG,1830,19,D,OD,KK,D
9:21:01,MYOR,RG,1830,1,D,OD,PD,D
9:21:01,MYOR,RG,1830,133,D,OD,AI,D
9:21:01,MYOR,RG,1830,12,F,BK,AI,D
9:21:00,MYOR,RG,1830,9,F,RX,AI,D
9:20:58,MYOR,RG,1830,30,D,NI,AI,D
9:20:57,MYOR,RG,1830,7,F,BK,AI,D
9:20:55,MYOR,RG,1830,23,F,CC,AI,D
9:20:53,MYOR,RG,1830,1,D,XC,AI,D
9:20:52,MYOR,RG,1830,1,D,EP,AI,D
9:20:45,MYOR,RG,1830,1,D,YP,AI,D
9:20:38,MYOR,RG,1830,1,D,PD,AI,D
9:20:36,MYOR,RG,1830,1,D,EP,AI,D
9:20:32,MYOR,RG,1825,5,D,DR,PD,D
9:20:26,MYOR,RG,1830,1,D,EP,AI,D
9:20:21,MYOR,RG,1830,8,F,RX,AI,D
9:20:20,MYOR,RG,1830,10,D,YP,AI,D
9:20:19,MYOR,RG,1830,1,D,EP,AI,D
9:20:15,MYOR,RG,1830,5,D,YP,AI,D
9:20:10,MYOR,RG,1830,1,D,EP,AI,D
9:20:04,MYOR,RG,1830,1,D,CC,AI,D
9:20:02,MYOR,RG,1830,1,D,EP,AI,D
9:19:58,MYOR,RG,1830,1,D,EP,AI,D
9:19:51,MYOR,RG,1830,10,F,RX,AI,D
9:19:50,MYOR,RG,1830,12,F,BK,AI,D
9:19:48,MYOR,RG,1830,5,D,XC,AI,D
9:19:48,MYOR,RG,1825,5,D,XC,CC,D
9:19:43,MYOR,RG,1825,5,D,YP,CC,D
9:19:36,MYOR,RG,1825,13,F,CC,PD,D
9:19:31,MYOR,RG,1825,12,D,YP,PD,D
9:19:31,MYOR,RG,1825,8,D,YP,YP,D
9:19:31,MYOR,RG,1825,1,D,XC,YP,D
9:19:30,MYOR,RG,1825,1,F,BK,YP,D
9:19:30,MYOR,RG,1825,11,F,BK,XC,D
9:19:26,MYOR,RG,1825,1,D,SQ,XC,D
9:19:26,MYOR,RG,1825,44,D,SQ,YP,D
9:19:26,MYOR,RG,1825,5,D,SQ,YP,D
9:19:22,MYOR,RG,1825,1,D,KK,YP,D
9:19:12,MYOR,RG,1825,1,D,XC,YP,D
9:19:11,MYOR,RG,1825,1,D,KK,YP,D
9:19:04,MYOR,RG,1825,9,F,BK,YP,D
9:19:02,MYOR,RG,1825,33,F,CC,YP,D
9:19:02,MYOR,RG,1825,1,F,CC,CC,D
9:19:02,MYOR,RG,1825,11,F,CC,YP,D
9:19:02,MYOR,RG,1825,7,F,CC,OD,D
9:18:54,MYOR,RG,1825,2,D,PD,OD,D
9:18:53,MYOR,RG,1825,5,D,YP,XC,D
9:18:50,MYOR,RG,1825,6,F,CC,XC,D
9:18:49,MYOR,RG,1825,2,D,YB,XC,D
9:18:44,MYOR,RG,1825,7,F,BK,XC,D
9:18:44,MYOR,RG,1825,1,F,BK,DR,D
9:18:44,MYOR,RG,1825,7,F,BK,PD,D
9:18:42,MYOR,RG,1825,25,D,PD,PD,D
9:18:40,MYOR,RG,1825,18,F,BK,PD,D
9:18:36,MYOR,RG,1825,50,D,AZ,PD,D
9:18:36,MYOR,RG,1825,2,D,AZ,CC,D
9:18:36,MYOR,RG,1825,48,D,AZ,AI,D
9:18:34,MYOR,RG,1825,25,D,PD,AI,D
9:18:34,MYOR,RG,1825,4,D,OD,AI,D
9:18:31,MYOR,RG,1825,1,D,XC,AI,D
9:18:27,MYOR,RG,1825,10,D,BQ,AI,D
9:18:21,MYOR,RG,1825,5,D,XC,AI,D
9:18:20,MYOR,RG,1825,1,D,YP,AI,D
9:18:17,MYOR,RG,1825,20,D,SQ,AI,D
9:18:16,MYOR,RG,1825,9,F,BK,AI,D
9:18:16,MYOR,RG,1825,1,D,YP,AI,D
9:18:15,MYOR,RG,1825,3,D,XC,AI,D
9:18:13,MYOR,RG,1825,6,D,YB,AI,D
9:18:09,MYOR,RG,1825,20,D,DH,AI,D
9:17:54,MYOR,RG,1825,15,D,PD,AI,D
9:17:45,MYOR,RG,1825,3,D,NI,AI,D
9:17:42,MYOR,RG,1825,5,D,KK,AI,D
9:17:39,MYOR,RG,1825,4,D,PD,AI,D
9:17:30,MYOR,RG,1820,1,D,PD,PD,D
9:17:28,MYOR,RG,1825,11,F,BK,AI,D
9:17:23,MYOR,RG,1825,9,F,BK,AI,D
9:17:19,MYOR,RG,1830,25,F,BK,AI,D
9:17:19,MYOR,RG,1830,30,F,BK,YP,D
9:17:19,MYOR,RG,1830,9,F,BK,GR,D
9:17:17,MYOR,RG,1830,1,D,OD,GR,D
9:17:17,MYOR,RG,1830,1,D,OD,YP,D
9:17:17,MYOR,RG,1830,2,D,OD,LS,D
9:17:17,MYOR,RG,1830,5,D,OD,DH,D
9:17:17,MYOR,RG,1830,28,D,OD,KK,D
9:17:17,MYOR,RG,1830,60,D,OD,OD,D
9:17:17,MYOR,RG,1830,2,D,OD,PD,D
9:17:17,MYOR,RG,1830,3,D,OD,XC,D
9:17:17,MYOR,RG,1830,33,D,OD,YP,D
9:17:17,MYOR,RG,1830,4,D,OD,YP,D
9:17:17,MYOR,RG,1830,2,D,OD,DR,D
9:17:17,MYOR,RG,1830,1,D,OD,PD,D
9:17:17,MYOR,RG,1830,1,D,OD,PD,D
9:17:17,MYOR,RG,1830,10,D,OD,YP,D
9:17:17,MYOR,RG,1830,1,D,OD,PD,D
9:17:17,MYOR,RG,1830,20,D,OD,PD,D
9:17:17,MYOR,RG,1830,1,D,OD,PD,D
9:17:17,MYOR,RG,1830,20,D,OD,XC,D
9:17:17,MYOR,RG,1830,2,D,OD,DR,D
9:17:17,MYOR,RG,1830,2,D,OD,DR,D
9:17:17,MYOR,RG,1830,1,D,OD,KK,D
9:17:17,MYOR,RG,1825,25,D,OD,PD,D
9:17:17,MYOR,RG,1825,5,D,OD,YP,D
9:17:17,MYOR,RG,1825,1,D,OD,XC,D
9:17:17,MYOR,RG,1825,3,D,OD,YP,D
9:17:17,MYOR,RG,1825,1,D,OD,XC,D
9:17:17,MYOR,RG,1825,2,D,OD,CC,D
9:17:17,MYOR,RG,1825,60,D,OD,PD,D
9:17:17,MYOR,RG,1825,86,D,OD,XL,D
9:17:17,MYOR,RG,1825,5,D,OD,YP,D
9:17:17,MYOR,RG,1825,30,D,OD,DR,D
9:17:17,MYOR,RG,1825,10,D,OD,GR,D
9:17:17,MYOR,RG,1825,3,D,OD,YP,D
9:17:17,MYOR,RG,1825,22,D,OD,YP,D
9:17:17,MYOR,RG,1825,2,D,OD,DR,D
9:17:17,MYOR,RG,1825,1,D,OD,XC,D
9:17:17,MYOR,RG,1825,10,D,OD,PD,D
9:17:17,MYOR,RG,1825,1,D,OD,PD,D
9:17:17,MYOR,RG,1825,25,D,OD,XC,D
9:17:17,MYOR,RG,1825,1,D,OD,DH,D
9:17:17,MYOR,RG,1825,1,D,OD,PD,D
9:17:17,MYOR,RG,1825,1,D,OD,AT,D
9:17:17,MYOR,RG,1825,1,D,OD,XC,D
9:17:17,MYOR,RG,1825,2,D,OD,DR,D
9:17:17,MYOR,RG,1825,2,D,OD,DR,D
9:17:16,MYOR,RG,1820,5,D,PD,NI,D
9:17:14,MYOR,RG,1820,2,D,PD,XL,D
9:17:03,MYOR,RG,1820,1,D,PD,YP,D
9:16:46,MYOR,RG,1820,1,F,BK,NI,D
9:16:46,MYOR,RG,1820,1,F,BK,NI,D
9:16:46,MYOR,RG,1820,7,F,BK,PD,D
9:16:46,MYOR,RG,1815,16,F,RX,YU,F
9:16:45,MYOR,RG,1820,23,F,BK,PD,D
9:16:45,MYOR,RG,1820,1,F,BK,PD,D
9:16:45,MYOR,RG,1820,11,F,BK,XC,D
9:16:45,MYOR,RG,1820,8,F,BK,YP,D
9:16:45,MYOR,RG,1820,9,F,BK,YP,D
9:16:45,MYOR,RG,1820,10,F,BK,PD,D
9:16:45,MYOR,RG,1820,21,F,BK,SQ,D
9:16:45,MYOR,RG,1820,12,F,BK,XC,D
9:16:45,MYOR,RG,1820,4,F,BK,XC,D
9:16:45,MYOR,RG,1820,1,F,BK,YP,D
9:16:44,MYOR,RG,1820,55,F,BK,YP,D
9:16:44,MYOR,RG,1820,2,F,BK,GR,D
9:16:44,MYOR,RG,1820,10,F,BK,XC,D
9:16:44,MYOR,RG,1820,1,F,BK,CC,D
9:16:44,MYOR,RG,1820,30,F,BK,NI,D
9:16:44,MYOR,RG,1820,2,F,BK,XC,D
9:16:14,MYOR,RG,1810,7,F,CC,YU,F
9:16:14,MYOR,RG,1810,3,D,XL,YU,F
9:16:14,MYOR,RG,1810,1,D,PD,YU,F
9:16:13,MYOR,RG,1815,1,F,BK,YP,D
9:16:13,MYOR,RG,1815,1,F,BK,PD,D
9:16:13,MYOR,RG,1815,10,F,BK,XC,D
9:16:13,MYOR,RG,1815,40,F,BK,CC,D
9:16:13,MYOR,RG,1815,1,F,BK,YP,D
9:16:13,MYOR,RG,1815,92,F,BK,AI,D
9:16:13,MYOR,RG,1815,89,F,CC,AI,D
9:15:42,MYOR,RG,1815,2,D,CC,AI,D
9:15:12,MYOR,RG,1815,5,D,KK,AI,D
9:14:52,MYOR,RG,1810,2,D,PD,YU,F
9:14:51,MYOR,RG,1815,9,F,CC,AI,D
9:14:40,MYOR,RG,1810,2,D,PD,NI,D
9:14:40,MYOR,RG,1810,8,D,DR,NI,D
9:14:09,MYOR,RG,1810,1,D,DR,YU,F
9:14:08,MYOR,RG,1815,1,D,NI,AI,D
9:13:57,MYOR,RG,1815,2,D,XC,AI,D
9:13:53,MYOR,RG,1810,3,D,DR,XC,D
9:13:18,MYOR,RG,1810,1,D,DR,XC,D
9:11:50,MYOR,RG,1810,1,D,DR,YU,F
9:11:49,MYOR,RG,1820,5,D,CC,GR,D
9:11:49,MYOR,RG,1820,2,D,CC,YP,D
9:11:44,MYOR,RG,1810,51,D,DR,YU,F
9:11:43,MYOR,RG,1820,6,D,OD,YU,F
9:11:43,MYOR,RG,1820,280,D,OD,KK,D
9:11:43,MYOR,RG,1820,23,D,OD,YU,F
9:11:43,MYOR,RG,1820,10,D,OD,PD,D
9:11:43,MYOR,RG,1820,10,D,OD,CC,D
9:11:43,MYOR,RG,1820,128,D,OD,AI,D
9:11:43,MYOR,RG,1815,74,D,OD,YP,D
9:11:43,MYOR,RG,1815,10,D,OD,YP,D
9:11:43,MYOR,RG,1815,13,D,OD,DH,D
9:11:43,MYOR,RG,1815,1,D,OD,PD,D
9:11:43,MYOR,RG,1815,5,D,OD,LG,D
9:11:43,MYOR,RG,1815,10,D,OD,CC,D
9:11:43,MYOR,RG,1815,180,D,OD,BQ,D
9:10:43,MYOR,RG,1815,1,D,NI,BQ,D
9:09:58,MYOR,RG,1815,29,D,CC,BQ,D
9:09:58,MYOR,RG,1815,1,D,CC,XC,D
9:09:41,MYOR,RG,1815,1,D,XC,BQ,D
9:09:40,MYOR,RG,1815,4,D,XC,BQ,D
9:09:40,MYOR,RG,1815,5,D,XC,BQ,D
9:09:40,MYOR,RG,1815,1,D,XC,YU,F
9:09:34,MYOR,RG,1815,2,D,XC,YU,F
9:09:31,MYOR,RG,1815,2,D,XC,YU,F
9:09:15,MYOR,RG,1815,10,D,PD,YP,D
9:09:08,MYOR,RG,1810,12,D,DR,YU,F
9:09:06,MYOR,RG,1815,100,D,ZP,YP,D
9:09:05,MYOR,RG,1815,1,D,EP,YP,D
9:08:56,MYOR,RG,1810,4,D,DR,YU,F
9:08:55,MYOR,RG,1815,55,D,CC,YP,D
9:08:55,MYOR,RG,1815,2,D,CC,YU,F
9:08:55,MYOR,RG,1815,20,D,CC,YU,F
9:08:49,MYOR,RG,1815,1,D,EP,YU,F
9:08:47,MYOR,RG,1815,1,D,NI,YU,F
9:08:35,MYOR,RG,1810,19,D,DR,YU,F
9:08:34,MYOR,RG,1815,3,D,SS,BK,F
9:08:34,MYOR,RG,1815,172,F,RX,BK,F
9:08:33,MYOR,RG,1815,200,F,RX,BK,F
9:08:32,MYOR,RG,1815,23,F,RX,YU,F
9:08:31,MYOR,RG,1815,14,F,RX,BK,F
9:08:31,MYOR,RG,1815,25,D,CC,BK,F
9:08:31,MYOR,RG,1815,161,F,CC,BK,F
9:08:23,MYOR,RG,1815,7,F,CC,YU,F
9:08:23,MYOR,RG,1820,60,D,AT,AI,D
9:08:06,MYOR,RG,1820,5,D,NI,AI,D
9:08:02,MYOR,RG,1815,1,D,EP,YU,F
9:08:01,MYOR,RG,1820,5,D,CC,AI,D
9:07:54,MYOR,RG,1820,1,D,EP,AI,D
9:07:46,MYOR,RG,1820,1,D,EP,AI,D
9:07:23,MYOR,RG,1820,1,D,EP,AI,D
9:07:10,MYOR,RG,1820,1,D,EP,AI,D
9:06:39,MYOR,RG,1805,23,F,RX,YU,F
9:06:39,MYOR,RG,1805,8,D,SQ,YU,F
9:06:38,MYOR,RG,1820,98,D,OD,AI,D
9:06:38,MYOR,RG,1820,1,D,OD,NI,D
9:06:38,MYOR,RG,1820,5,D,OD,YP,D
9:06:38,MYOR,RG,1820,8,D,OD,XC,D
9:06:38,MYOR,RG,1820,20,D,OD,YP,D
9:06:38,MYOR,RG,1820,3,D,OD,XC,D
9:06:38,MYOR,RG,1820,11,D,OD,YP,D
9:06:38,MYOR,RG,1820,2,D,OD,YP,D
9:06:38,MYOR,RG,1820,1,D,OD,YP,D
9:06:38,MYOR,RG,1820,10,D,OD,PD,D
9:06:38,MYOR,RG,1820,2,D,OD,DR,D
9:06:38,MYOR,RG,1820,2,D,OD,DR,D
9:06:38,MYOR,RG,1820,50,D,OD,PD,D
9:06:38,MYOR,RG,1820,20,D,OD,SQ,D
9:06:38,MYOR,RG,1820,1,D,OD,PD,D
9:06:38,MYOR,RG,1820,10,D,OD,GR,D
9:06:38,MYOR,RG,1820,2,D,OD,DR,D
9:06:38,MYOR,RG,1820,20,D,OD,NI,D
9:06:38,MYOR,RG,1815,15,D,OD,YU,F
9:06:38,MYOR,RG,1815,140,D,OD,KK,D
9:06:38,MYOR,RG,1815,4,D,OD,YU,F
9:06:38,MYOR,RG,1815,20,D,OD,TP,D
9:06:38,MYOR,RG,1815,2,D,OD,YP,D
9:06:38,MYOR,RG,1815,5,D,OD,GR,D
9:06:38,MYOR,RG,1815,5,D,OD,NI,D
9:06:38,MYOR,RG,1815,5,D,OD,YU,F
9:06:38,MYOR,RG,1815,1,D,OD,YP,D
9:06:38,MYOR,RG,1815,10,D,OD,PD,D
9:06:38,MYOR,RG,1815,3,D,OD,PD,D
9:06:38,MYOR,RG,1815,1,D,OD,PD,D
9:06:38,MYOR,RG,1815,1,D,OD,DH,D
9:06:38,MYOR,RG,1815,1,D,OD,KK,D
9:06:38,MYOR,RG,1815,7,D,OD,PD,D
9:06:38,MYOR,RG,1815,2,D,OD,DR,D
9:06:38,MYOR,RG,1815,2,D,OD,DR,D
9:06:38,MYOR,RG,1815,17,D,OD,NI,D
9:06:38,MYOR,RG,1810,2,D,OD,GR,D
9:06:38,MYOR,RG,1810,10,D,OD,XC,D
9:06:38,MYOR,RG,1810,33,D,OD,YU,F
9:06:38,MYOR,RG,1810,300,D,OD,AI,D
9:06:38,MYOR,RG,1810,2,D,OD,PD,D
9:06:38,MYOR,RG,1810,1,D,OD,YP,D
9:06:38,MYOR,RG,1810,10,D,OD,XC,D
9:06:38,MYOR,RG,1810,3,D,OD,XC,D
9:06:38,MYOR,RG,1810,4,D,OD,YU,F
9:06:38,MYOR,RG,1810,11,D,OD,YU,F
9:06:38,MYOR,RG,1810,16,D,OD,XC,D
9:06:38,MYOR,RG,1810,10,D,OD,XC,D
9:06:38,MYOR,RG,1810,1,D,OD,PD,D
9:06:38,MYOR,RG,1810,90,D,OD,KK,D
9:06:26,MYOR,RG,1805,1,D,SQ,PD,D
9:05:49,MYOR,RG,1805,2,D,SQ,XL,D
9:04:44,MYOR,RG,1805,9,D,SQ,YU,F
9:04:42,MYOR,RG,1805,5,D,SQ,KK,D
9:04:42,MYOR,RG,1805,10,D,CC,KK,D
9:04:42,MYOR,RG,1805,40,D,YP,KK,D
9:04:31,MYOR,RG,1805,25,D,YP,NI,D
9:04:13,MYOR,RG,1805,2,D,YP,YU,F
9:04:12,MYOR,RG,1810,10,D,GR,KK,D
9:04:03,MYOR,RG,1805,4,D,YP,CP,D
9:03:15,MYOR,RG,1810,1,D,PD,DR,D
9:03:05,MYOR,RG,1805,1,D,YP,YU,F
9:03:04,MYOR,RG,1810,1,D,CC,DR,D
9:02:24,MYOR,RG,1805,10,D,YP,XC,D
9:02:16,MYOR,RG,1805,2,D,YP,YU,F
9:02:16,MYOR,RG,1805,16,D,YP,CC,D
9:01:58,MYOR,RG,1800,1,D,EP,YU,F
9:01:56,MYOR,RG,1805,5,D,AT,CC,D
9:01:48,MYOR,RG,1805,5,D,DH,CC,D
9:01:46,MYOR,RG,1805,1,D,EP,CC,D
9:01:43,MYOR,RG,1800,13,D,EP,YU,F
9:01:43,MYOR,RG,1800,1,D,XC,YU,F
9:01:43,MYOR,RG,1800,7,D,XC,YU,F
9:01:43,MYOR,RG,1800,5,D,IP,YU,F
9:01:43,MYOR,RG,1800,3,D,OD,YU,F
9:01:42,MYOR,RG,1805,1,D,XC,CC,D
9:01:42,MYOR,RG,1805,3,D,PD,CC,D
9:01:42,MYOR,RG,1805,25,D,XC,CC,D
9:01:42,MYOR,RG,1805,194,F,RX,CC,D
9:01:42,MYOR,RG,1805,5,D,XL,CC,D
9:01:42,MYOR,RG,1805,7,D,XL,CC,D
9:01:42,MYOR,RG,1805,10,D,XL,CC,D
9:01:42,MYOR,RG,1805,2,D,XL,CC,D
9:01:42,MYOR,RG,1805,6,D,PD,CC,D
9:00:09,MYOR,RG,1805,1,D,PD,PD,D
9:00:06,MYOR,RG,1800,3,D,OD,CC,D
9:00:04,MYOR,RG,1800,4,D,OD,AT,D