Time,Stock,Brd,Price,Qty,BT,BC,SC,ST
15:14:49,MYOR,RG,1630,10,D,PD,RX,F
15:14:49,MYOR,RG,1630,20,D,YP,RX,F
15:14:49,MYOR,RG,1630,1,D,YP,RX,F
15:13:41,MYOR,RG,1630,625,D,CS,RX,F
15:13:41,MYOR,RG,1630,131,D,CS,RX,F
15:13:41,MYOR,RG,1630,535,D,CS,RX,F
15:13:41,MYOR,RG,1630,1240,D,CS,RX,F
15:13:41,MYOR,RG,1630,288,D,CS,RX,F
15:13:41,MYOR,RG,1630,10,D,NI,RX,F
15:13:41,MYOR,RG,1630,30,D,NI,RX,F
15:13:41,MYOR,RG,1630,141,D,CS,RX,F
15:13:03,MYOR,RG,1630,1,D,CS,DH,D
15:12:42,MYOR,RG,1630,431,D,CS,RX,F
15:12:42,MYOR,RG,1630,463,D,CS,RX,F
15:12:42,MYOR,RG,1630,124,D,CS,RX,F
15:12:42,MYOR,RG,1630,113,D,CS,RX,F
15:12:42,MYOR,RG,1630,1075,D,CS,RX,F
15:12:42,MYOR,RG,1630,249,D,CS,RX,F
15:12:42,MYOR,RG,1630,96,D,CS,RX,F
15:12:42,MYOR,RG,1630,441,D,CS,RX,F
15:12:42,MYOR,RG,1630,357,D,CS,RX,F
15:12:42,MYOR,RG,1630,87,D,CS,RX,F
15:12:42,MYOR,RG,1630,827,D,CS,RX,F
15:12:42,MYOR,RG,1630,192,D,CS,RX,F
15:12:42,MYOR,RG,1630,441,D,CS,RX,F
15:12:42,MYOR,RG,1630,96,D,CS,RX,F
15:12:42,MYOR,RG,1630,8,D,CS,RX,F
15:12:18,MYOR,RG,1630,2,D,CS,XC,D
15:11:32,MYOR,RG,1630,100,D,CS,PD,D
15:11:28,MYOR,RG,1630,16,D,CS,YP,D
15:11:10,MYOR,RG,1630,231,D,CS,RX,F
15:11:10,MYOR,RG,1630,87,D,CS,RX,F
15:11:10,MYOR,RG,1630,827,D,CS,RX,F
15:11:10,MYOR,RG,1630,192,D,CS,RX,F
15:11:10,MYOR,RG,1630,20,D,PD,RX,F
15:11:10,MYOR,RG,1630,50,D,AI,RX,F
15:11:10,MYOR,RG,1630,10,D,HP,RX,F
15:11:10,MYOR,RG,1630,9,D,XC,RX,F
15:11:10,MYOR,RG,1630,2,D,OD,RX,F
15:11:10,MYOR,RG,1630,300,D,LG,RX,F
15:11:10,MYOR,RG,1630,92,D,YP,RX,F
15:11:10,MYOR,RG,1630,3,D,XC,RX,F
15:11:10,MYOR,RG,1630,5,D,PD,RX,F
15:11:10,MYOR,RG,1630,6,D,XC,RX,F
15:11:10,MYOR,RG,1630,25,D,YP,RX,F
15:11:10,MYOR,RG,1630,10,D,NI,RX,F
15:11:10,MYOR,RG,1630,96,D,CS,RX,F
15:11:10,MYOR,RG,1630,35,D,CS,RX,F
15:11:03,MYOR,RG,1630,1,D,CS,XC,D
15:10:58,MYOR,RG,1630,405,D,CS,RX,F
15:10:58,MYOR,RG,1630,192,D,CS,RX,F
15:10:58,MYOR,RG,1630,87,D,CS,RX,F
15:10:58,MYOR,RG,1630,316,D,CS,RX,F
15:10:38,MYOR,RG,1630,500,D,CS,CP,D
15:10:32,MYOR,RG,1630,1,D,CS,XC,D
15:10:14,MYOR,RG,1630,10,D,CS,GR,D
15:10:14,MYOR,RG,1630,357,D,CS,GR,D
15:10:14,MYOR,RG,1630,483,D,YP,GR,D
15:10:14,MYOR,RG,1630,1,D,YP,XC,D
15:09:54,MYOR,RG,1630,2,D,YP,XC,D
15:09:31,MYOR,RG,1630,14,D,YP,ZP,F
15:09:31,MYOR,RG,1630,2,D,XC,ZP,F
15:09:31,MYOR,RG,1630,1,D,KK,ZP,F
15:09:31,MYOR,RG,1630,2,D,PD,ZP,F
15:09:31,MYOR,RG,1630,7,D,KK,ZP,F
15:09:31,MYOR,RG,1630,1,D,PD,ZP,F
15:09:31,MYOR,RG,1630,6,D,XC,ZP,F
15:09:31,MYOR,RG,1630,35,D,YP,ZP,F
15:09:31,MYOR,RG,1630,50,D,PD,ZP,F
15:09:31,MYOR,RG,1630,1,D,PD,ZP,F
15:09:31,MYOR,RG,1630,1,D,PD,ZP,F
15:09:31,MYOR,RG,1630,1,D,PD,ZP,F
15:09:31,MYOR,RG,1630,1,D,PD,ZP,F
15:09:31,MYOR,RG,1630,704,D,PD,ZP,F
15:09:31,MYOR,RG,1630,41,D,PD,ZP,F
15:09:31,MYOR,RG,1630,318,D,PD,ZP,F
15:09:31,MYOR,RG,1630,51,D,PD,ZP,F
15:09:31,MYOR,RG,1630,412,D,PD,ZP,F
15:09:31,MYOR,RG,1630,460,D,PD,ZP,F
15:09:31,MYOR,RG,1630,27,D,PD,ZP,F
15:09:31,MYOR,RG,1630,208,D,PD,ZP,F
15:09:31,MYOR,RG,1630,34,D,PD,ZP,F
15:09:31,MYOR,RG,1630,269,D,PD,ZP,F
15:09:31,MYOR,RG,1630,461,D,PD,ZP,F
15:09:31,MYOR,RG,1630,27,D,PD,ZP,F
15:09:31,MYOR,RG,1630,207,D,PD,ZP,F
15:09:31,MYOR,RG,1630,33,D,PD,ZP,F
15:09:31,MYOR,RG,1630,269,D,PD,ZP,F
15:09:31,MYOR,RG,1630,461,D,PD,ZP,F
15:09:31,MYOR,RG,1630,26,D,PD,ZP,F
15:09:31,MYOR,RG,1630,95,D,PD,ZP,F
15:09:30,MYOR,RG,1630,5,D,PD,YP,D
15:09:04,MYOR,RG,1630,62,D,PD,CC,D
15:09:00,MYOR,RG,1630,1,D,PD,XC,D
15:08:54,MYOR,RG,1630,25,D,PD,TF,D
15:08:31,MYOR,RG,1630,3,D,PD,PD,D
15:08:18,MYOR,RG,1630,5,D,PD,PD,D
15:08:00,MYOR,RG,1630,6,D,PD,CC,D
15:07:55,MYOR,RG,1630,1,D,PD,DR,D
15:07:52,MYOR,RG,1630,4,D,PD,XC,D
15:07:52,MYOR,RG,1630,2,D,PD,XC,D
15:07:35,MYOR,RG,1630,2,D,PD,PD,D
15:07:33,MYOR,RG,1630,10,D,PD,XC,D
15:07:26,MYOR,RG,1630,1,D,PD,PD,D
15:07:19,MYOR,RG,1630,1,D,PD,PD,D
15:07:15,MYOR,RG,1630,5,D,PD,XC,D
15:07:07,MYOR,RG,1630,6,D,PD,XC,D
15:07:05,MYOR,RG,1630,4,D,PD,CC,D
15:06:59,MYOR,RG,1630,2,D,PD,XC,D
15:06:59,MYOR,RG,1630,1,D,PD,XC,D
15:06:58,MYOR,RG,1630,30,D,PD,CC,D
15:06:44,MYOR,RG,1630,42,D,PD,DR,D
15:06:27,MYOR,RG,1630,50,D,PD,CC,D
15:06:18,MYOR,RG,1630,35,D,PD,AI,D
15:05:11,MYOR,RG,1630,90,D,PD,LG,D
15:04:50,MYOR,RG,1630,21,D,PD,NI,D
15:04:50,MYOR,RG,1630,29,D,PD,NI,D
15:04:20,MYOR,RG,1630,1,D,PD,XC,D
15:03:38,MYOR,RG,1630,50,D,PD,YP,D
15:03:35,MYOR,RG,1630,15,D,PD,YP,D
15:03:30,MYOR,RG,1630,2,D,PD,XC,D
15:03:23,MYOR,RG,1630,1,D,PD,PD,D
15:03:20,MYOR,RG,1630,150,D,PD,OD,D
15:03:07,MYOR,RG,1630,50,D,PD,SQ,D
15:02:56,MYOR,RG,1630,10,D,PD,DR,D
15:02:36,MYOR,RG,1630,153,D,PD,SQ,D
15:02:36,MYOR,RG,1630,27,D,PD,SQ,D
15:02:36,MYOR,RG,1630,207,D,PD,SQ,D
15:02:36,MYOR,RG,1630,33,D,PD,SQ,D
15:02:36,MYOR,RG,1630,30,D,PD,SQ,D
15:02:32,MYOR,RG,1630,239,D,PD,YP,D
15:02:32,MYOR,RG,1630,261,D,PD,YP,D
15:02:21,MYOR,RG,1630,30,D,PD,YP,D
15:02:21,MYOR,RG,1630,50,D,PD,PS,D
15:02:21,MYOR,RG,1630,100,D,PD,YP,D
15:02:08,MYOR,RG,1630,10,D,PD,PD,D
15:01:37,MYOR,RG,1630,1,D,PD,DR,D
15:01:31,MYOR,RG,1630,9,D,PD,XC,D
15:01:31,MYOR,RG,1630,27,D,PD,XC,D
15:01:31,MYOR,RG,1630,64,D,PD,XC,D
15:01:17,MYOR,RG,1630,3,D,PD,LG,D
15:01:17,MYOR,RG,1630,10,D,PD,YP,D
15:01:10,MYOR,RG,1630,50,D,PD,YP,D
15:00:00,MYOR,RG,1630,80,D,PD,CC,D
15:00:00,MYOR,RG,1630,33,D,PD,CC,D
15:00:00,MYOR,RG,1630,37,D,PD,CC,D
15:00:00,MYOR,RG,1630,232,D,PD,BK,F
15:00:00,MYOR,RG,1630,10,D,XC,BK,F
15:00:00,MYOR,RG,1630,2,D,PD,BK,F
15:00:00,MYOR,RG,1630,10,D,XC,BK,F
15:00:00,MYOR,RG,1630,15,D,KK,BK,F
15:00:00,MYOR,RG,1630,20,D,YB,BK,F
15:00:00,MYOR,RG,1630,2,D,XC,BK,F
15:00:00,MYOR,RG,1630,1,D,XC,BK,F
15:00:00,MYOR,RG,1630,31,D,XC,BK,F
15:00:00,MYOR,RG,1630,2,D,PD,BK,F
15:00:00,MYOR,RG,1630,1,D,XC,BK,F
15:00:00,MYOR,RG,1630,3,D,XC,BK,F
15:00:00,MYOR,RG,1630,1,D,CC,BK,F
15:00:00,MYOR,RG,1630,4,D,YP,BK,F
15:00:00,MYOR,RG,1630,1,D,PD,BK,F
15:00:00,MYOR,RG,1630,10,D,YP,BK,F
15:00:00,MYOR,RG,1630,1,D,DH,BK,F
15:00:00,MYOR,RG,1630,9,D,XC,BK,F
15:00:00,MYOR,RG,1630,732,D,NI,BK,F
15:00:00,MYOR,RG,1630,1268,D,NI,DX,F
15:00:00,MYOR,RG,1630,3,D,PD,DX,F
15:00:00,MYOR,RG,1630,25,D,AZ,DX,F
15:00:00,MYOR,RG,1630,5,D,LG,DX,F
15:00:00,MYOR,RG,1630,10,D,PD,DX,F
15:00:00,MYOR,RG,1630,1,D,YP,DX,F
15:00:00,MYOR,RG,1630,2,D,XC,DX,F
15:00:00,MYOR,RG,1630,1,D,EP,DX,F
15:00:00,MYOR,RG,1630,1,D,YP,DX,F
15:00:00,MYOR,RG,1630,6,D,XC,DX,F
15:00:00,MYOR,RG,1630,1,D,PD,DX,F
15:00:00,MYOR,RG,1630,2,D,XC,DX,F
15:00:00,MYOR,RG,1630,1,D,XC,DX,F
15:00:00,MYOR,RG,1630,10,D,EP,DX,F
15:00:00,MYOR,RG,1630,1,D,XC,DX,F
15:00:00,MYOR,RG,1630,25,D,EP,DX,F
15:00:00,MYOR,RG,1630,2,D,XC,DX,F
15:00:00,MYOR,RG,1630,1,D,KK,DX,F
15:00:00,MYOR,RG,1630,50,D,OD,DX,F
15:00:00,MYOR,RG,1630,1,D,PD,DX,F
15:00:00,MYOR,RG,1630,8,D,XC,DX,F
15:00:00,MYOR,RG,1630,11,D,XC,DX,F
15:00:00,MYOR,RG,1630,149,D,YP,DX,F
15:00:00,MYOR,RG,1630,1,D,YP,KZ,D
15:00:00,MYOR,RG,1630,1,D,YP,KZ,D
15:00:00,MYOR,RG,1630,1,D,XL,KZ,D
15:00:00,MYOR,RG,1630,20,D,KK,KZ,D
15:00:00,MYOR,RG,1630,29,D,PD,KZ,D
15:00:00,MYOR,RG,1630,33,D,PD,RX,F
15:00:00,MYOR,RG,1630,2,D,PD,RX,F
15:00:00,MYOR,RG,1630,6,D,PD,RX,F
15:00:00,MYOR,RG,1630,1,D,PD,RX,F
15:00:00,MYOR,RG,1630,3,D,NI,RX,F
15:00:00,MYOR,RG,1630,10,D,YP,RX,F
15:00:00,MYOR,RG,1630,30,D,XL,RX,F
15:00:00,MYOR,RG,1630,1,D,YP,RX,F
15:00:00,MYOR,RG,1630,3,D,XC,RX,F
15:00:00,MYOR,RG,1630,90,D,CC,RX,F
15:00:00,MYOR,RG,1630,2,D,GR,RX,F
15:00:00,MYOR,RG,1630,30,D,PD,RX,F
15:00:00,MYOR,RG,1630,45,D,YP,RX,F
15:00:00,MYOR,RG,1630,10,D,DH,RX,F
15:00:00,MYOR,RG,1630,10,D,YP,RX,F
15:00:00,MYOR,RG,1630,1,D,YP,RX,F
15:00:00,MYOR,RG,1630,25,D,EP,RX,F
15:00:00,MYOR,RG,1630,18,D,YP,RX,F
15:00:00,MYOR,RG,1630,100,D,YB,RX,F
15:00:00,MYOR,RG,1630,20,D,YP,RX,F
15:00:00,MYOR,RG,1630,25,D,CC,RX,F
15:00:00,MYOR,RG,1630,131,D,DR,RX,F
15:00:00,MYOR,RG,1630,11,D,BQ,RX,F
15:00:00,MYOR,RG,1630,1,D,YP,RX,F
15:00:00,MYOR,RG,1630,23,F,AK,RX,F
15:00:00,MYOR,RG,1630,11,F,AK,RX,F
14:49:55,MYOR,RG,1640,50,D,PD,XA,D
14:49:53,MYOR,RG,1640,22,D,PD,RX,F
14:49:52,MYOR,RG,1640,33,D,PD,RX,F
14:49:51,MYOR,RG,1640,8,D,PD,DX,F
14:49:51,MYOR,RG,1640,32,D,PD,DX,F
14:49:51,MYOR,RG,1640,60,D,PD,DX,F
14:49:49,MYOR,RG,1640,5,D,PD,AT,D
14:49:49,MYOR,RG,1640,122,D,PD,PD,D
14:49:49,MYOR,RG,1640,1,D,PD,YP,D
14:49:49,MYOR,RG,1640,26,D,PD,XL,D
14:49:49,MYOR,RG,1640,43,D,PD,RX,F
14:49:43,MYOR,RG,1635,55,D,CC,RX,F
14:49:43,MYOR,RG,1640,1,D,YP,RX,F
14:49:42,MYOR,RG,1635,98,D,CC,DX,F
14:49:41,MYOR,RG,1635,23,D,CC,DX,F
14:49:41,MYOR,RG,1635,10,D,YP,DX,F
14:49:41,MYOR,RG,1635,6,D,XL,DX,F
14:49:41,MYOR,RG,1635,10,D,AT,DX,F
14:49:41,MYOR,RG,1635,20,D,YP,DX,F
14:49:41,MYOR,RG,1635,31,D,PD,DX,F
14:49:40,MYOR,RG,1640,4,D,AT,RX,F
14:49:40,MYOR,RG,1640,1,D,AT,IF,D
14:49:39,MYOR,RG,1640,2,F,AK,IF,D
14:49:38,MYOR,RG,1640,22,D,PD,IF,D
14:49:38,MYOR,RG,1640,75,D,PD,IF,D
14:49:38,MYOR,RG,1640,100,D,PD,SQ,D
14:49:38,MYOR,RG,1640,1,D,PD,XC,D
14:49:38,MYOR,RG,1640,5,D,PD,YP,D
14:49:38,MYOR,RG,1640,1,D,PD,XC,D
14:49:38,MYOR,RG,1640,5,D,PD,RX,F
14:49:38,MYOR,RG,1635,10,D,PD,SQ,D
14:49:38,MYOR,RG,1640,31,D,PD,RX,F
14:49:38,MYOR,RG,1640,16,D,PD,RX,F
14:49:38,MYOR,RG,1640,9,D,PD,BK,F
14:49:38,MYOR,RG,1640,232,D,PD,EP,D
14:49:38,MYOR,RG,1635,3,D,PD,EP,D
14:49:38,MYOR,RG,1635,39,D,PD,EP,D
14:49:34,MYOR,RG,1635,1,D,PD,YP,D
14:49:30,MYOR,RG,1635,21,D,PD,RX,F
14:49:28,MYOR,RG,1635,95,D,PD,DX,F
14:49:26,MYOR,RG,1635,3,D,PD,CC,D
14:49:26,MYOR,RG,1635,3,D,PD,RX,F
14:49:23,MYOR,RG,1635,5,D,PD,BK,F
14:49:23,MYOR,RG,1635,43,D,PD,RX,F
14:49:22,MYOR,RG,1640,10,D,PD,EP,D
14:49:22,MYOR,RG,1635,165,D,PD,DX,F
14:49:22,MYOR,RG,1635,25,D,PD,DX,F
14:49:19,MYOR,RG,1635,15,D,PD,BK,F
14:49:18,MYOR,RG,1640,8,D,PD,EP,D
14:49:17,MYOR,RG,1640,12,D,PD,KK,D
14:49:17,MYOR,RG,1640,5,D,PD,RX,F
14:49:17,MYOR,RG,1640,5,D,PD,EP,D
14:49:17,MYOR,RG,1640,2,D,PD,RX,F
14:49:17,MYOR,RG,1640,3,D,PD,XC,D
14:49:17,MYOR,RG,1640,1,D,PD,PD,D
14:49:17,MYOR,RG,1640,21,D,PD,RX,F
14:49:17,MYOR,RG,1640,2,D,PD,AT,D
14:49:17,MYOR,RG,1640,1,D,PD,PD,D
14:49:17,MYOR,RG,1640,18,D,PD,YP,D
14:49:17,MYOR,RG,1640,7,D,PD,YP,D
14:49:17,MYOR,RG,1640,15,D,PD,CP,D
14:49:17,MYOR,RG,1640,50,D,PD,IP,D
14:49:17,MYOR,RG,1635,23,D,PD,RX,F
14:49:17,MYOR,RG,1635,102,D,PD,RX,F
14:49:17,MYOR,RG,1635,194,D,PD,DX,F
14:49:15,MYOR,RG,1635,28,D,PD,BK,F
14:49:15,MYOR,RG,1635,96,D,PD,RX,F
14:49:15,MYOR,RG,1635,2,D,PD,XC,D
14:49:15,MYOR,RG,1635,94,D,PD,SQ,D
14:49:15,MYOR,RG,1630,125,D,CC,DX,F
14:49:14,MYOR,RG,1625,47,D,CC,BK,F
14:49:12,MYOR,RG,1625,218,D,CC,DX,F
14:49:12,MYOR,RG,1625,22,D,YP,DX,F
14:49:12,MYOR,RG,1635,6,D,BB,SQ,D
14:49:11,MYOR,RG,1635,4,D,BB,DX,F
14:49:11,MYOR,RG,1635,121,D,XL,DX,F
14:49:09,MYOR,RG,1635,1,D,XL,XC,D
14:49:09,MYOR,RG,1635,25,D,XL,BK,F
14:49:08,MYOR,RG,1635,28,D,XL,RX,F
14:49:08,MYOR,RG,1635,28,D,XL,BK,F
14:49:06,MYOR,RG,1620,75,D,LG,BK,F
14:49:06,MYOR,RG,1620,34,D,XC,BK,F
14:49:06,MYOR,RG,1635,22,D,PD,AK,F
14:49:06,MYOR,RG,1635,21,D,PD,AK,F
14:49:06,MYOR,RG,1635,2,D,PD,XC,D
14:49:06,MYOR,RG,1635,28,D,PD,BK,F
14:49:06,MYOR,RG,1635,136,D,PD,RX,F
14:49:06,MYOR,RG,1635,31,D,PD,RX,F
14:49:06,MYOR,RG,1635,22,D,PD,RX,F
14:49:06,MYOR,RG,1635,236,D,PD,CC,F
14:49:03,MYOR,RG,1625,4,D,BB,BK,F
14:49:03,MYOR,RG,1625,5,D,PD,BK,F
14:49:03,MYOR,RG,1625,1,D,BB,BK,F
14:49:03,MYOR,RG,1625,1,D,BB,BK,F
14:49:03,MYOR,RG,1625,5,D,XC,BK,F
14:49:03,MYOR,RG,1630,6,D,XC,BK,F
14:49:03,MYOR,RG,1630,12,D,XC,BK,F
14:49:01,MYOR,RG,1635,198,D,CC,CC,F
14:49:01,MYOR,RG,1635,6,D,CC,KK,D
14:49:01,MYOR,RG,1635,12,D,CC,BK,F
14:49:01,MYOR,RG,1635,284,D,CC,RX,F
14:49:01,MYOR,RG,1630,3,D,PD,DX,F
14:49:01,MYOR,RG,1630,1,D,YP,DX,F
14:49:01,MYOR,RG,1630,5,D,BB,DX,F
14:49:01,MYOR,RG,1630,295,D,EP,DX,F
14:48:59,MYOR,RG,1630,7,D,EP,YP,D
14:48:58,MYOR,RG,1635,35,D,CC,RX,F
14:48:58,MYOR,RG,1635,100,D,CC,SQ,D
14:48:58,MYOR,RG,1635,27,D,CC,BK,F
14:48:58,MYOR,RG,1635,20,D,CC,PD,D
14:48:58,MYOR,RG,1635,5,D,CC,YP,D
14:48:58,MYOR,RG,1635,313,D,CC,EP,D
14:48:57,MYOR,RG,1630,19,D,EP,BK,F
14:48:56,MYOR,RG,1630,101,D,EP,DX,F
14:48:55,MYOR,RG,1635,22,D,PD,EP,D
14:48:55,MYOR,RG,1635,187,D,PD,EP,D
14:48:55,MYOR,RG,1635,31,D,PD,EP,D
14:48:55,MYOR,RG,1635,258,D,PD,EP,D
14:48:55,MYOR,RG,1635,389,D,PD,EP,D
14:48:55,MYOR,RG,1635,1,D,PD,XC,D
14:48:55,MYOR,RG,1635,28,D,PD,BK,F
14:48:55,MYOR,RG,1635,40,D,PD,RX,F
14:48:55,MYOR,RG,1635,40,D,PD,OD,D
14:48:52,MYOR,RG,1630,29,D,EP,BK,F
14:48:51,MYOR,RG,1630,5,D,EP,DH,D
14:48:50,MYOR,RG,1635,6,D,XC,OD,D
14:48:49,MYOR,RG,1635,55,D,EP,OD,D
14:48:49,MYOR,RG,1635,13,D,EP,BK,F
14:48:49,MYOR,RG,1635,100,D,EP,SQ,D
14:48:49,MYOR,RG,1635,5,D,EP,YP,D
14:48:49,MYOR,RG,1635,1,D,EP,YP,D
14:48:49,MYOR,RG,1635,28,D,EP,RX,F
14:48:49,MYOR,RG,1635,11,D,EP,RX,F
14:48:49,MYOR,RG,1635,40,D,EP,RX,F
14:48:49,MYOR,RG,1635,247,D,EP,YP,D
14:48:45,MYOR,RG,1635,2,D,PD,YP,D
14:48:44,MYOR,RG,1635,5,D,CC,YP,D
14:48:41,MYOR,RG,1635,2,D,XC,YP,D
14:48:36,MYOR,RG,1635,3,D,PD,YP,D
14:48:35,MYOR,RG,1630,4,D,EP,MK,D
14:48:28,MYOR,RG,1635,41,D,CC,YP,D
14:48:28,MYOR,RG,1635,1,D,CC,PD,D
14:48:28,MYOR,RG,1635,2,D,CC,NI,D
14:48:28,MYOR,RG,1635,1,D,CC,PD,D
14:48:28,MYOR,RG,1635,2,D,CC,LG,D
14:48:28,MYOR,RG,1635,3,D,CC,XC,D
14:48:26,MYOR,RG,1630,25,D,EP,RX,F
14:48:26,MYOR,RG,1630,15,D,EP,PD,D
14:48:24,MYOR,RG,1630,5,D,XA,PD,D
14:48:23,MYOR,RG,1625,2,D,PD,XL,D
14:48:11,MYOR,RG,1620,11,D,XC,DX,F
14:48:11,MYOR,RG,1620,44,D,YP,DX,F
14:48:11,MYOR,RG,1620,79,D,CS,DX,F
14:48:11,MYOR,RG,1630,34,D,CC,DX,F
14:48:10,MYOR,RG,1630,108,D,CC,RX,F
14:48:10,MYOR,RG,1630,473,D,CC,DX,F
14:48:10,MYOR,RG,1630,29,D,CC,RX,F
14:48:10,MYOR,RG,1630,1,D,CC,PD,D
14:48:10,MYOR,RG,1630,28,D,CC,RX,F
14:48:10,MYOR,RG,1630,141,D,CC,CC,D
14:48:10,MYOR,RG,1630,5,D,CC,DR,D
14:48:10,MYOR,RG,1630,40,D,CC,YP,D
14:48:10,MYOR,RG,1630,2,D,CC,GR,D
14:48:10,MYOR,RG,1625,183,D,CC,RX,F
14:48:10,MYOR,RG,1625,99,D,CC,DX,F
14:48:10,MYOR,RG,1625,357,D,CC,DX,F
14:48:07,MYOR,RG,1620,26,D,CS,DX,F
14:48:07,MYOR,RG,1620,52,D,CS,DX,F
14:48:07,MYOR,RG,1620,170,D,CS,DX,F
14:48:07,MYOR,RG,1620,16,D,CS,DX,F
14:48:06,MYOR,RG,1625,5,D,BB,DX,F
14:48:06,MYOR,RG,1625,46,D,YP,DX,F
14:48:06,MYOR,RG,1625,13,D,BB,DX,F
14:48:05,MYOR,RG,1630,34,D,YP,GR,D
14:48:05,MYOR,RG,1625,6,D,BB,RX,F
14:48:04,MYOR,RG,1630,14,D,CC,GR,D
14:48:04,MYOR,RG,1630,10,D,CC,YP,D
14:48:04,MYOR,RG,1630,6,D,CC,CC,D
14:48:04,MYOR,RG,1630,15,D,CC,CP,D
14:48:04,MYOR,RG,1630,1,D,CC,PD,D
14:48:04,MYOR,RG,1630,2,D,CC,PD,D
14:48:04,MYOR,RG,1630,6,D,CC,YP,D
14:48:04,MYOR,RG,1630,1,D,CC,PD,D
14:48:03,MYOR,RG,1625,30,D,CC,EP,D
14:48:01,MYOR,RG,1625,17,D,CC,RX,F
14:48:00,MYOR,RG,1625,8,D,CC,KZ,D
14:48:00,MYOR,RG,1625,5,D,CC,EP,D
14:48:00,MYOR,RG,1625,5,D,CC,YP,D
14:48:00,MYOR,RG,1625,5,D,CC,YP,D
14:48:00,MYOR,RG,1625,50,D,CC,XA,D
14:48:00,MYOR,RG,1625,6,D,CC,OD,D
14:48:00,MYOR,RG,1625,6,D,CC,YP,D
14:48:00,MYOR,RG,1625,3,D,CC,CC,D
14:48:00,MYOR,RG,1625,2,D,CC,XC,D
14:48:00,MYOR,RG,1625,1,D,CC,PD,D
14:48:00,MYOR,RG,1625,1,D,CC,PD,D
14:48:00,MYOR,RG,1625,43,D,CC,RX,F
14:48:00,MYOR,RG,1625,2,D,CC,NI,D
14:48:00,MYOR,RG,1625,185,D,CC,YP,D
14:47:57,MYOR,RG,1620,3,D,CS,XC,D
14:47:57,MYOR,RG,1620,14,D,CS,DX,F
14:47:57,MYOR,RG,1620,88,D,CS,DX,F
14:47:57,MYOR,RG,1620,52,D,CS,RX,F
14:47:56,MYOR,RG,1620,5,D,PD,RX,F
14:47:52,MYOR,RG,1620,5,D,YP,RX,F
14:47:51,MYOR,RG,1615,1,D,CC,YP,D
14:47:49,MYOR,RG,1620,10,D,XC,RX,F
14:47:40,MYOR,RG,1620,15,D,CS,RX,F
14:47:39,MYOR,RG,1620,50,D,YP,RX,F
14:47:37,MYOR,RG,1620,1,D,YP,DX,F
14:47:37,MYOR,RG,1620,49,D,CS,DX,F
14:47:37,MYOR,RG,1615,1,D,CC,XC,D
14:47:36,MYOR,RG,1620,5,D,AT,DX,F
14:47:36,MYOR,RG,1620,1,D,CS,YP,D
14:47:33,MYOR,RG,1625,158,D,CC,YP,D
14:47:33,MYOR,RG,1625,2,D,CC,YP,D
14:47:33,MYOR,RG,1625,200,D,CC,PD,D
14:47:33,MYOR,RG,1625,12,D,CC,PD,D
14:47:29,MYOR,RG,1625,8,D,YP,PD,D
14:47:29,MYOR,RG,1625,1,D,YP,LG,D
14:47:29,MYOR,RG,1625,33,D,YP,NI,D
14:47:28,MYOR,RG,1625,17,D,CS,NI,D
14:47:27,MYOR,RG,1620,1,D,CC,DX,F
14:47:27,MYOR,RG,1620,4,D,BB,DX,F
14:47:27,MYOR,RG,1620,16,D,CC,DX,F
14:47:26,MYOR,RG,1620,3,D,CC,RX,F
14:47:26,MYOR,RG,1620,12,D,CC,OD,D
14:47:26,MYOR,RG,1620,29,D,CC,DX,F
14:47:26,MYOR,RG,1620,13,D,BB,DX,F
14:47:25,MYOR,RG,1620,45,D,CS,DX,F
14:47:25,MYOR,RG,1620,172,D,KK,DX,F
14:47:25,MYOR,RG,1620,142,D,KK,BK,F
14:47:25,MYOR,RG,1620,5,D,KK,XL,D
14:47:25,MYOR,RG,1620,1,D,KK,YP,D
14:47:25,MYOR,RG,1620,103,D,KK,RX,F
14:47:25,MYOR,RG,1620,9,D,KK,PD,D
14:47:19,MYOR,RG,1615,10,D,CC,YP,D
14:47:19,MYOR,RG,1615,18,D,CC,BK,F
14:47:17,MYOR,RG,1620,1,D,CS,PD,D
14:47:17,MYOR,RG,1620,5,D,CS,YP,D
14:47:17,MYOR,RG,1620,1,D,CS,PD,D
14:47:17,MYOR,RG,1620,5,D,CS,PD,D
14:47:17,MYOR,RG,1620,5,D,CS,AT,D
14:47:17,MYOR,RG,1620,5,D,CS,DH,D
14:47:17,MYOR,RG,1620,8,D,CS,PD,D
14:47:17,MYOR,RG,1620,3,D,CS,RX,F
14:47:15,MYOR,RG,1620,92,D,IU,RX,F
14:47:15,MYOR,RG,1620,108,D,IU,DX,F
14:47:11,MYOR,RG,1620,80,D,CS,DX,F
14:47:09,MYOR,RG,1620,20,D,PD,DX,F
14:46:55,MYOR,RG,1620,10,F,AK,DX,F
14:46:54,MYOR,RG,1620,60,D,CS,DX,F
14:46:53,MYOR,RG,1620,150,D,ZP,DX,F
14:46:50,MYOR,RG,1620,5,D,DR,DX,F
14:46:45,MYOR,RG,1620,10,D,YP,DX,F
14:46:37,MYOR,RG,1620,52,D,CS,DX,F
14:46:37,MYOR,RG,1620,1,D,CS,XC,D
14:46:37,MYOR,RG,1620,4,D,CS,CC,D
14:46:37,MYOR,RG,1620,29,D,CS,CC,D
14:46:37,MYOR,RG,1620,13,D,YP,CC,D
14:46:37,MYOR,RG,1620,1,D,YP,PD,D
14:46:37,MYOR,RG,1620,46,D,YP,SQ,D
14:46:34,MYOR,RG,1620,13,D,BB,SQ,D
14:46:24,MYOR,RG,1615,10,D,CC,XC,D
14:46:23,MYOR,RG,1620,41,D,XC,SQ,D
14:46:23,MYOR,RG,1620,17,D,XC,YP,D
14:46:23,MYOR,RG,1620,30,D,CC,YP,D
14:46:17,MYOR,RG,1620,1,D,XL,YP,D
14:46:15,MYOR,RG,1620,4,F,AK,YP,D
14:46:15,MYOR,RG,1620,7,F,AK,YP,D
14:46:14,MYOR,RG,1620,41,D,YP,YP,D
14:46:14,MYOR,RG,1620,3,D,YP,RX,F
14:46:14,MYOR,RG,1620,15,F,AK,RX,F
14:46:14,MYOR,RG,1620,51,D,CS,RX,F
14:46:14,MYOR,RG,1620,1,D,CS,RX,F
14:46:14,MYOR,RG,1620,61,D,CS,RX,F
14:46:14,MYOR,RG,1620,4,D,CS,XL,D
14:46:13,MYOR,RG,1620,26,D,PD,XL,D
14:46:13,MYOR,RG,1620,1,D,PD,PD,D
14:46:13,MYOR,RG,1620,32,D,PD,PD,D
14:46:13,MYOR,RG,1620,1,D,PD,XC,D
14:46:13,MYOR,RG,1620,30,D,PD,YP,D
14:46:13,MYOR,RG,1620,5,D,PD,PD,D
14:46:13,MYOR,RG,1620,1,D,PD,CC,D
14:46:13,MYOR,RG,1620,2,D,PD,AZ,D
14:46:13,MYOR,RG,1620,10,D,PD,PD,D
14:46:13,MYOR,RG,1620,50,D,PD,NI,D
14:46:13,MYOR,RG,1620,50,D,PD,PD,D
14:46:13,MYOR,RG,1620,1,D,PD,XC,D
14:46:13,MYOR,RG,1620,50,D,PD,AT,D
14:46:13,MYOR,RG,1620,5,D,PD,YP,D
14:46:13,MYOR,RG,1620,8,D,PD,CP,D
14:46:01,MYOR,RG,1615,10,D,CC,RX,F
14:46:00,MYOR,RG,1615,44,D,CC,KK,D
14:45:57,MYOR,RG,1615,8,D,CC,RX,F
14:45:55,MYOR,RG,1615,144,D,CC,DX,F
14:45:55,MYOR,RG,1615,5,D,CC,SQ,D
14:45:55,MYOR,RG,1615,200,D,CC,AZ,D
14:45:55,MYOR,RG,1615,97,D,CC,CC,D
14:45:55,MYOR,RG,1615,1,D,CC,PD,D
14:45:55,MYOR,RG,1615,5,D,CC,YP,D
14:45:55,MYOR,RG,1615,1,D,CC,PD,D
14:45:55,MYOR,RG,1615,135,D,CC,RX,F
14:45:52,MYOR,RG,1610,199,D,CC,DX,F
14:45:51,MYOR,RG,1610,176,D,CC,RX,F
14:45:51,MYOR,RG,1610,131,D,CC,DX,F
14:45:51,MYOR,RG,1610,10,D,CC,SQ,D
14:45:51,MYOR,RG,1610,65,D,CC,EP,D
14:45:51,MYOR,RG,1610,309,D,CC,DX,F
14:45:44,MYOR,RG,1610,1,D,PD,DX,F
14:45:42,MYOR,RG,1610,88,D,CS,DX,F
14:45:42,MYOR,RG,1610,40,D,CS,RX,F
14:45:41,MYOR,RG,1615,9,D,CS,DX,F
14:45:41,MYOR,RG,1610,40,D,CS,KK,D
14:45:40,MYOR,RG,1610,9,D,PD,KK,D
14:45:40,MYOR,RG,1610,5,D,SQ,KK,D
14:45:40,MYOR,RG,1610,22,D,EP,KK,D
14:45:40,MYOR,RG,1610,8,D,XC,KK,D
14:45:40,MYOR,RG,1610,8,D,XC,KK,D
14:45:40,MYOR,RG,1610,8,D,LG,KK,D
14:45:39,MYOR,RG,1615,7,D,BB,DX,F
14:45:37,MYOR,RG,1610,15,D,LG,CC,D
14:45:35,MYOR,RG,1610,7,D,LG,RX,F
14:45:35,MYOR,RG,1610,108,D,CC,RX,F
14:45:35,MYOR,RG,1610,78,D,CS,RX,F
14:45:35,MYOR,RG,1610,7,D,CS,RX,F
14:45:33,MYOR,RG,1610,1,D,CS,DX,F
14:45:33,MYOR,RG,1610,5,D,MK,DX,F
14:45:33,MYOR,RG,1610,6,D,BB,DX,F
14:45:33,MYOR,RG,1610,1,D,XC,DX,F
14:45:33,MYOR,RG,1610,52,D,CS,DX,F
14:45:33,MYOR,RG,1610,105,D,CS,DX,F
14:45:33,MYOR,RG,1610,54,D,CS,DX,F
14:45:24,MYOR,RG,1610,116,D,CS,DX,F
14:45:24,MYOR,RG,1610,33,D,CS,DX,F
14:45:24,MYOR,RG,1610,7,D,CS,DX,F
14:45:14,MYOR,RG,1615,90,D,LG,DX,F
14:45:12,MYOR,RG,1610,1,D,CS,PD,D
14:45:01,MYOR,RG,1610,132,D,CS,DX,F
14:45:01,MYOR,RG,1610,30,D,KK,DX,F
14:45:01,MYOR,RG,1610,2,D,KK,DX,F
14:45:01,MYOR,RG,1610,9,D,RG,DX,F
14:45:01,MYOR,RG,1610,10,D,YP,DX,F
14:45:01,MYOR,RG,1610,10,D,CS,DX,F
14:45:01,MYOR,RG,1610,5,D,XL,DX,F
14:45:01,MYOR,RG,1615,29,F,AK,DX,F
14:45:00,MYOR,RG,1615,178,D,YP,DX,F
14:45:00,MYOR,RG,1615,127,D,YP,RX,F
14:45:00,MYOR,RG,1615,1,D,YP,XC,D
14:45:00,MYOR,RG,1615,51,D,YP,SQ,D
14:45:00,MYOR,RG,1615,1,D,YP,DH,D
14:45:00,MYOR,RG,1615,14,D,YP,XC,D
14:45:00,MYOR,RG,1615,1,D,YP,SQ,D
14:45:00,MYOR,RG,1615,1,D,YP,LG,D
14:45:00,MYOR,RG,1615,50,D,YP,NI,D
14:45:00,MYOR,RG,1615,50,D,YP,DR,D
14:45:00,MYOR,RG,1615,26,D,YP,XC,D
14:44:47,MYOR,RG,1615,12,D,BB,XC,D
14:44:47,MYOR,RG,1610,5,D,XL,AT,D
14:44:35,MYOR,RG,1615,2,D,GR,XC,D
14:44:24,MYOR,RG,1610,1,D,CS,PD,D
14:44:17,MYOR,RG,1615,86,D,CS,XC,D
14:44:17,MYOR,RG,1615,70,D,CS,SQ,D
14:44:17,MYOR,RG,1615,101,D,CS,SQ,D
14:44:17,MYOR,RG,1615,62,D,CS,SQ,D
14:44:17,MYOR,RG,1615,2,D,CS,SQ,D
14:44:16,MYOR,RG,1610,1,D,YP,DX,F
14:44:16,MYOR,RG,1610,59,F,AK,DX,F
14:44:16,MYOR,RG,1610,10,D,CS,DX,F
14:44:16,MYOR,RG,1610,95,D,CS,CC,D
14:44:16,MYOR,RG,1610,105,D,CS,CC,D
14:44:16,MYOR,RG,1610,44,D,CS,CC,D
14:44:16,MYOR,RG,1610,128,D,CS,RX,F
14:44:16,MYOR,RG,1610,2,D,CS,NI,D
14:44:16,MYOR,RG,1610,59,D,CS,CC,D
14:44:16,MYOR,RG,1610,210,D,CS,CC,D
14:44:15,MYOR,RG,1610,67,D,CS,CC,D
14:44:15,MYOR,RG,1610,280,D,CS,CC,D
14:44:12,MYOR,RG,1610,384,D,YP,CC,D
14:44:12,MYOR,RG,1610,55,D,YP,XC,D
14:44:12,MYOR,RG,1610,10,D,YP,CC,D
14:44:12,MYOR,RG,1610,1,D,YP,YP,D
14:44:12,MYOR,RG,1610,8,D,YP,KZ,D
14:44:12,MYOR,RG,1610,80,D,YP,RX,F
14:44:12,MYOR,RG,1610,3,D,YP,YP,D
14:44:12,MYOR,RG,1610,100,D,YP,CC,D
14:44:12,MYOR,RG,1610,8,D,YP,XC,D
14:44:12,MYOR,RG,1610,157,D,YP,RX,F
14:44:12,MYOR,RG,1610,5,D,YP,PD,D
14:44:12,MYOR,RG,1610,12,D,YP,YB,D
14:44:12,MYOR,RG,1610,1,D,YP,XC,D
14:44:12,MYOR,RG,1610,5,D,YP,XC,D
14:44:12,MYOR,RG,1610,1,D,YP,XC,D
14:44:12,MYOR,RG,1610,170,D,YP,YP,D
14:44:10,MYOR,RG,1610,10,D,XL,YP,D
14:44:09,MYOR,RG,1605,10,D,YP,HD,D
14:44:03,MYOR,RG,1605,5,D,YP,AT,D
14:43:58,MYOR,RG,1610,12,D,BB,YP,D
14:43:56,MYOR,RG,1610,8,D,XL,YP,D
14:43:56,MYOR,RG,1610,1,D,XL,NI,D
14:43:56,MYOR,RG,1610,1,D,XL,PD,D
14:43:42,MYOR,RG,1610,5,D,AI,YP,D
14:43:39,MYOR,RG,1610,10,D,XL,YP,D
14:43:33,MYOR,RG,1610,142,D,KK,YP,D
14:43:33,MYOR,RG,1610,5,D,KK,YP,D
14:43:33,MYOR,RG,1610,30,D,KK,NI,D
14:43:33,MYOR,RG,1610,8,D,KK,SQ,D
14:43:33,MYOR,RG,1610,15,D,KK,AT,D
14:43:06,MYOR,RG,1610,10,D,BB,AT,D
14:43:04,MYOR,RG,1605,2,D,YP,RX,F
14:43:03,MYOR,RG,1605,1,D,YP,XC,D
14:43:03,MYOR,RG,1610,15,D,DR,AT,D
14:43:03,MYOR,RG,1610,4,D,DR,YP,D
14:43:03,MYOR,RG,1610,1,D,DR,SQ,D
14:43:01,MYOR,RG,1605,10,D,YP,AT,D
14:42:41,MYOR,RG,1605,74,D,YP,RX,F
14:42:41,MYOR,RG,1605,192,D,YP,CC,D
14:42:41,MYOR,RG,1605,196,D,YP,DX,F
14:42:27,MYOR,RG,1610,3,D,CS,SQ,D
14:42:27,MYOR,RG,1605,1,D,CS,YP,D
14:42:27,MYOR,RG,1605,96,D,CS,RX,F
14:42:27,MYOR,RG,1605,3,D,BB,RX,F
14:42:27,MYOR,RG,1600,58,F,AK,DX,F
14:42:27,MYOR,RG,1600,107,D,CS,DX,F
14:42:27,MYOR,RG,1600,107,D,CC,DX,F
14:42:26,MYOR,RG,1600,20,D,CC,XC,D
14:42:26,MYOR,RG,1600,1,D,CC,XC,D
14:42:26,MYOR,RG,1600,1,D,CC,XC,D
14:42:26,MYOR,RG,1600,100,D,CC,YP,D
14:42:26,MYOR,RG,1600,100,D,CC,GR,D
14:42:26,MYOR,RG,1600,1,D,CC,XC,D
14:42:26,MYOR,RG,1600,10,D,CC,AT,D
14:42:26,MYOR,RG,1600,53,D,CC,RX,F
14:42:26,MYOR,RG,1600,116,D,CC,DX,F
14:42:26,MYOR,RG,1600,330,D,CC,DX,F
14:42:26,MYOR,RG,1600,121,D,CC,RX,F
14:42:26,MYOR,RG,1600,40,D,CC,CS,D
14:42:08,MYOR,RG,1595,62,D,YP,RX,F
14:42:05,MYOR,RG,1595,285,D,YP,DX,F
14:42:05,MYOR,RG,1595,2,D,YP,RX,F
14:42:02,MYOR,RG,1595,10,D,YP,YP,D
14:41:29,MYOR,RG,1595,39,D,YP,RX,F
14:41:28,MYOR,RG,1595,147,F,CC,RX,F
14:41:28,MYOR,RG,1595,6,D,BB,RX,F
14:41:22,MYOR,RG,1600,5,D,EP,CS,D
14:41:22,MYOR,RG,1600,15,D,EP,PD,D
14:41:21,MYOR,RG,1600,3,D,EP,PD,D
14:41:20,MYOR,RG,1595,1,D,BB,YU,D
14:41:20,MYOR,RG,1595,1,D,BB,YU,D
14:41:20,MYOR,RG,1595,1,D,BB,YU,D
14:41:19,MYOR,RG,1595,221,F,AK,DX,F
14:41:19,MYOR,RG,1595,9,D,BB,DX,F
14:41:19,MYOR,RG,1595,1,D,YP,DX,F
14:41:19,MYOR,RG,1595,1,D,YP,DX,F
14:41:19,MYOR,RG,1595,323,D,CC,DX,F
14:41:16,MYOR,RG,1600,1,D,YP,DX,F
14:41:16,MYOR,RG,1600,6,D,CS,DX,F
14:41:16,MYOR,RG,1600,73,D,CS,DX,F
14:41:16,MYOR,RG,1600,82,D,CS,DX,F
14:41:16,MYOR,RG,1600,88,D,CC,DX,F
14:41:16,MYOR,RG,1600,50,D,PD,DX,F
14:41:16,MYOR,RG,1600,4,D,BB,DX,F
14:41:16,MYOR,RG,1600,9,D,CS,DX,F
14:40:55,MYOR,RG,1600,10,D,CS,AT,D
14:40:44,MYOR,RG,1605,13,D,BB,DX,F
14:40:36,MYOR,RG,1605,1,D,XC,DX,F
14:40:28,MYOR,RG,1600,2,D,CS,YP,D
14:40:28,MYOR,RG,1605,49,D,MG,SQ,D
14:40:28,MYOR,RG,1605,146,D,MG,RX,F
14:40:28,MYOR,RG,1605,52,D,MG,RX,F
14:40:28,MYOR,RG,1605,2,D,MG,XC,D
14:40:28,MYOR,RG,1605,50,D,MG,NI,D
14:40:28,MYOR,RG,1605,5,D,MG,NI,D
14:40:28,MYOR,RG,1605,196,D,MG,YU,D
14:40:25,MYOR,RG,1600,1,D,CS,XC,D
14:40:21,MYOR,RG,1600,20,D,CS,CC,D
14:40:21,MYOR,RG,1605,304,D,CS,YU,D
14:40:21,MYOR,RG,1600,1,D,CS,YP,D
14:40:21,MYOR,RG,1600,429,D,CS,DX,F
14:40:21,MYOR,RG,1600,9,D,CS,XC,D
14:40:21,MYOR,RG,1600,45,D,CS,RX,F
14:40:21,MYOR,RG,1600,379,D,CS,RX,F
14:40:21,MYOR,RG,1600,3,D,CS,YP,D
14:40:21,MYOR,RG,1600,6,D,CS,XC,D
14:40:21,MYOR,RG,1600,1,D,CS,NI,D
14:40:21,MYOR,RG,1600,110,D,CS,CC,D
14:40:21,MYOR,RG,1600,1,D,CS,GR,D
14:40:21,MYOR,RG,1600,1,D,CS,XL,D
14:40:21,MYOR,RG,1600,1,D,CS,DH,D
14:40:21,MYOR,RG,1600,1,D,CS,PD,D
14:40:21,MYOR,RG,1600,10,D,CS,XC,D
14:40:21,MYOR,RG,1600,500,D,CS,DH,D
14:40:21,MYOR,RG,1600,3,D,CS,XC,D
14:40:21,MYOR,RG,1600,50,D,CS,YP,D
14:40:21,MYOR,RG,1600,2,D,CS,NI,D
14:40:21,MYOR,RG,1600,70,D,CS,NI,D
14:40:21,MYOR,RG,1600,239,D,CS,CC,D
14:40:21,MYOR,RG,1600,50,D,CS,KI,D
14:40:21,MYOR,RG,1600,2,D,CS,XC,D
14:40:21,MYOR,RG,1600,1,D,CS,PD,D
14:40:21,MYOR,RG,1600,2,D,CS,PD,D
14:40:21,MYOR,RG,1600,12,D,CS,XA,D
14:40:21,MYOR,RG,1600,1,D,CS,XC,D
14:40:21,MYOR,RG,1600,3,D,CS,YP,D
14:40:21,MYOR,RG,1600,3,D,CS,PD,D
14:40:21,MYOR,RG,1600,1,D,CS,PD,D
14:40:21,MYOR,RG,1600,1,D,CS,XL,D
14:40:21,MYOR,RG,1600,1,D,CS,XL,D
14:40:21,MYOR,RG,1600,5,D,CS,YP,D
14:40:21,MYOR,RG,1600,10,D,CS,XC,D
14:40:21,MYOR,RG,1600,212,D,CS,PD,D
14:40:21,MYOR,RG,1600,290,D,CS,PD,D
14:40:21,MYOR,RG,1600,2,D,CS,XC,D
14:40:21,MYOR,RG,1600,3,D,CS,YP,D
14:40:21,MYOR,RG,1600,2,D,CS,AT,D
14:40:21,MYOR,RG,1600,4,D,CS,AZ,D
14:40:21,MYOR,RG,1595,30,D,CS,XC,D
14:40:21,MYOR,RG,1595,191,D,CS,RX,F
14:40:21,MYOR,RG,1595,168,D,CS,CS,D
14:40:21,MYOR,RG,1595,44,D,CS,YU,D
14:40:21,MYOR,RG,1595,61,D,CS,YU,D
14:40:21,MYOR,RG,1595,68,D,CS,YU,D
14:40:21,MYOR,RG,1595,482,D,CS,DX,F
14:40:21,MYOR,RG,1595,20,D,CS,OD,D
14:40:21,MYOR,RG,1595,37,D,CS,RX,F
14:40:21,MYOR,RG,1595,291,D,CS,RX,F
14:40:21,MYOR,RG,1595,47,D,CS,TF,F
14:40:21,MYOR,RG,1595,353,D,CS,TF,F
14:40:21,MYOR,RG,1595,4,D,CS,PD,D
14:40:21,MYOR,RG,1595,50,D,CS,PD,D
14:40:21,MYOR,RG,1595,6,D,CS,YB,D
14:40:21,MYOR,RG,1595,75,D,CS,GR,D
14:40:21,MYOR,RG,1595,127,D,CS,XC,D
14:40:21,MYOR,RG,1595,1,D,CS,NI,D
14:40:21,MYOR,RG,1595,3,D,CS,XL,D
14:40:21,MYOR,RG,1595,12,D,CS,NI,D
14:40:21,MYOR,RG,1595,16,D,CS,XL,D
14:40:21,MYOR,RG,1595,60,D,CS,PD,D
14:40:21,MYOR,RG,1595,10,D,CS,PD,D
14:40:21,MYOR,RG,1595,336,D,CS,OD,D
14:40:04,MYOR,RG,1590,65,D,CC,DX,F
14:40:04,MYOR,RG,1590,50,D,CC,DX,F
14:39:53,MYOR,RG,1595,13,D,BB,OD,D
14:39:31,MYOR,RG,1590,1,D,CC,PD,D
14:39:10,MYOR,RG,1590,285,D,CC,DX,F
14:39:09,MYOR,RG,1595,48,F,DX,OD,D
14:39:07,MYOR,RG,1595,10,D,LG,OD,D
14:39:02,MYOR,RG,1590,21,D,CC,YP,D
14:39:02,MYOR,RG,1590,20,D,YP,YP,D
14:39:00,MYOR,RG,1595,161,D,CC,OD,D
14:38:57,MYOR,RG,1595,3,D,BB,OD,D
14:38:57,MYOR,RG,1595,9,D,BB,YP,D
14:38:53,MYOR,RG,1595,1,D,CC,YP,D
14:38:53,MYOR,RG,1595,9,D,CC,XC,D
14:38:08,MYOR,RG,1595,10,D,BB,XC,D
14:38:08,MYOR,RG,1595,2,D,BB,XC,D
14:38:07,MYOR,RG,1590,39,F,AK,RX,F
14:38:07,MYOR,RG,1590,56,D,CS,RX,F
14:38:07,MYOR,RG,1590,56,D,CC,RX,F
14:38:04,MYOR,RG,1590,7,D,CC,XC,D
14:38:04,MYOR,RG,1590,8,D,CC,KZ,D
14:38:04,MYOR,RG,1590,26,D,CC,PD,D
14:38:04,MYOR,RG,1590,50,D,CC,YU,D
14:38:04,MYOR,RG,1590,77,D,CC,YU,D
14:38:04,MYOR,RG,1590,26,D,CC,XC,D
14:38:04,MYOR,RG,1590,94,D,CC,CS,D
14:38:04,MYOR,RG,1590,25,D,CC,PD,D
14:38:04,MYOR,RG,1590,83,D,CC,YU,D
14:38:04,MYOR,RG,1590,176,D,CC,CS,D
14:38:04,MYOR,RG,1590,10,D,CC,XL,D
14:38:04,MYOR,RG,1590,90,D,CC,YU,D
14:38:04,MYOR,RG,1590,10,D,CC,CC,D
14:38:04,MYOR,RG,1590,100,D,CC,YP,D
14:38:04,MYOR,RG,1590,19,D,CC,RX,F
14:38:04,MYOR,RG,1590,1,D,CC,YP,D
14:38:04,MYOR,RG,1590,1,D,CC,CC,D
14:38:04,MYOR,RG,1590,20,D,CC,RX,F
14:38:04,MYOR,RG,1590,121,D,CC,RX,F
14:37:52,MYOR,RG,1590,29,D,CS,RX,F
14:37:52,MYOR,RG,1590,5,D,CS,PD,D
14:37:52,MYOR,RG,1590,2,D,CS,KK,D
14:37:52,MYOR,RG,1590,5,D,CS,NI,D
14:37:52,MYOR,RG,1590,1,D,CS,NI,D
14:37:52,MYOR,RG,1590,15,D,CS,YP,D
14:37:52,MYOR,RG,1590,7,D,CS,PD,D
14:37:52,MYOR,RG,1590,3,D,CS,YP,D
14:37:52,MYOR,RG,1590,12,D,CS,BQ,D
14:37:52,MYOR,RG,1590,10,D,CS,SQ,D
14:37:52,MYOR,RG,1590,266,D,CS,EP,D
14:37:21,MYOR,RG,1590,12,D,BB,EP,D
14:37:14,MYOR,RG,1590,57,F,DX,EP,D
14:37:01,MYOR,RG,1590,5,D,XC,EP,D
14:36:48,MYOR,RG,1590,9,D,XC,EP,D
14:36:40,MYOR,RG,1590,50,D,NI,EP,D
14:36:38,MYOR,RG,1590,51,F,DX,EP,D
14:36:35,MYOR,RG,1590,50,D,BB,EP,D
14:36:35,MYOR,RG,1590,4,D,BB,NI,D
14:36:35,MYOR,RG,1590,16,D,BB,CC,D
14:36:35,MYOR,RG,1590,3,D,BB,EP,D
14:36:29,MYOR,RG,1590,2,D,CC,EP,D
14:36:29,MYOR,RG,1590,63,D,CC,AI,D
14:36:19,MYOR,RG,1585,10,D,CC,XC,D
14:36:01,MYOR,RG,1585,1,D,CC,XC,D
14:35:42,MYOR,RG,1590,92,D,BB,AI,D
14:35:42,MYOR,RG,1590,10,D,BB,HD,D
14:35:42,MYOR,RG,1590,2,D,BB,LG,D
14:35:15,MYOR,RG,1585,51,D,CC,RX,F
14:35:01,MYOR,RG,1585,53,F,AK,YU,D
14:34:56,MYOR,RG,1585,85,D,CS,DX,F
14:34:56,MYOR,RG,1585,96,D,CC,DX,F
14:34:55,MYOR,RG,1585,27,D,CC,RX,F
14:34:55,MYOR,RG,1585,37,D,CC,CS,D
14:34:55,MYOR,RG,1585,201,D,CC,DX,F
14:34:55,MYOR,RG,1585,34,D,CC,RX,F
14:34:55,MYOR,RG,1585,5,D,CC,CC,D
14:34:50,MYOR,RG,1585,33,F,BK,CS,D
14:34:50,MYOR,RG,1585,60,F,BK,RX,F
14:34:50,MYOR,RG,1585,19,F,BK,YU,D
14:34:43,MYOR,RG,1585,41,D,CC,YU,D
14:34:43,MYOR,RG,1585,159,D,CC,DX,F
14:34:40,MYOR,RG,1585,46,D,CS,DX,F
14:34:40,MYOR,RG,1585,7,D,CS,KZ,D
14:34:40,MYOR,RG,1585,45,D,CS,RX,F
14:34:40,MYOR,RG,1585,37,D,CS,YU,D
14:34:40,MYOR,RG,1585,46,F,BK,YU,D
14:34:40,MYOR,RG,1585,57,F,BK,YU,D
14:34:40,MYOR,RG,1585,30,F,BK,GR,D
14:34:14,MYOR,RG,1585,1,D,XC,GR,D
14:33:30,MYOR,RG,1585,29,D,CS,GR,D
14:33:30,MYOR,RG,1585,67,D,CS,RX,F
14:33:30,MYOR,RG,1585,78,D,CS,DX,F
14:32:40,MYOR,RG,1585,8,D,PD,DX,F
14:32:39,MYOR,RG,1585,50,F,DX,DX,F
14:32:35,MYOR,RG,1585,1,D,XL,DX,F
14:32:27,MYOR,RG,1585,23,D,EP,DX,F
14:32:05,MYOR,RG,1585,10,D,PD,DX,F
14:31:59,MYOR,RG,1585,112,D,CS,DX,F
14:31:52,MYOR,RG,1585,2,D,XL,DX,F
14:31:18,MYOR,RG,1585,23,F,DX,DX,F
14:31:18,MYOR,RG,1585,27,F,DX,RX,F
14:31:09,MYOR,RG,1580,6,D,RO,YP,D
14:31:08,MYOR,RG,1585,49,F,DX,RX,F
14:31:08,MYOR,RG,1585,55,F,DX,XA,D
14:31:00,MYOR,RG,1585,82,D,CS,XA,D
14:30:59,MYOR,RG,1585,63,D,YP,XA,D
14:30:59,MYOR,RG,1585,3,D,YP,NI,D
14:30:59,MYOR,RG,1585,141,D,YP,DX,F
14:30:59,MYOR,RG,1585,94,D,YP,RX,F
14:30:59,MYOR,RG,1585,199,D,YP,DX,F
14:30:30,MYOR,RG,1585,25,F,AK,PD,D
14:30:30,MYOR,RG,1585,64,F,AK,CS,D
14:30:30,MYOR,RG,1585,15,D,PD,CS,D
14:30:29,MYOR,RG,1585,112,D,CS,CS,D
14:30:29,MYOR,RG,1585,3,D,CS,XC,D
14:30:29,MYOR,RG,1585,2,D,CS,YP,D
14:30:29,MYOR,RG,1585,110,D,CS,DX,F
14:30:29,MYOR,RG,1585,166,D,CS,DX,F
14:30:29,MYOR,RG,1585,3,D,CS,DX,F
14:30:29,MYOR,RG,1585,76,D,CS,RX,F
14:30:29,MYOR,RG,1585,207,D,CS,RX,F
14:30:29,MYOR,RG,1585,66,D,CS,YU,D
14:30:29,MYOR,RG,1585,55,D,CS,YU,D
14:30:27,MYOR,RG,1585,4,D,BB,YU,D
14:30:27,MYOR,RG,1585,60,D,BB,YU,D
14:30:27,MYOR,RG,1585,77,D,BB,CS,D
14:30:24,MYOR,RG,1580,8,D,RO,KZ,D
14:30:17,MYOR,RG,1585,10,D,SQ,CS,D
14:30:17,MYOR,RG,1585,76,D,CS,CS,D
14:30:17,MYOR,RG,1585,15,D,CS,PD,D
14:30:17,MYOR,RG,1585,53,D,CS,YU,D
14:30:17,MYOR,RG,1585,60,D,CS,YU,D
14:30:17,MYOR,RG,1585,57,D,CS,CS,D
14:30:00,MYOR,RG,1585,1,D,KK,CS,D
14:29:45,MYOR,RG,1585,1,D,CC,CS,D
14:29:45,MYOR,RG,1585,149,D,CC,RX,F
14:29:45,MYOR,RG,1585,9,D,CC,XL,D
14:29:45,MYOR,RG,1585,58,D,CC,YU,D
14:29:45,MYOR,RG,1585,5,D,CC,XL,D
14:29:45,MYOR,RG,1585,48,D,CC,CS,D
14:29:45,MYOR,RG,1585,30,D,CC,PD,D
14:29:29,MYOR,RG,1585,50,D,CC,PD,D
14:29:29,MYOR,RG,1585,1,D,CC,YP,D
14:29:29,MYOR,RG,1585,166,D,CC,RX,F
14:29:29,MYOR,RG,1585,83,D,CC,CS,D
14:29:26,MYOR,RG,1580,110,D,RO,YU,D
14:29:24,MYOR,RG,1585,5,D,XC,CS,D
14:29:20,MYOR,RG,1585,13,D,CC,CS,D
14:29:20,MYOR,RG,1585,10,D,CC,NI,D
14:29:20,MYOR,RG,1585,77,D,CC,DX,F
14:29:15,MYOR,RG,1585,100,D,CC,DX,F
14:28:57,MYOR,RG,1580,750,D,RO,EP,D
14:27:40,MYOR,RG,1585,2,D,XL,DX,F
14:27:36,MYOR,RG,1585,138,D,CS,DX,F
14:27:36,MYOR,RG,1585,108,D,CS,CS,D
14:27:36,MYOR,RG,1585,26,D,CS,YU,D
14:26:59,MYOR,RG,1580,184,D,RO,DX,F
14:26:38,MYOR,RG,1585,15,D,PD,YU,D
14:26:03,MYOR,RG,1585,21,D,CC,YU,D
14:26:03,MYOR,RG,1585,29,D,CC,YU,D
14:25:57,MYOR,RG,1585,1,D,XC,YU,D
14:25:14,MYOR,RG,1580,8,D,RO,KZ,D
14:24:56,MYOR,RG,1585,1,D,NI,YU,D
14:24:49,MYOR,RG,1585,10,D,YB,YU,D
14:24:43,MYOR,RG,1585,23,D,CS,YU,D
14:24:43,MYOR,RG,1585,82,D,CS,RX,F
14:24:43,MYOR,RG,1585,138,D,CS,CS,D
14:24:43,MYOR,RG,1585,45,D,CS,XC,D
14:24:43,MYOR,RG,1585,21,D,CS,YU,D
14:24:31,MYOR,RG,1585,7,D,PD,YU,D
14:24:18,MYOR,RG,1585,8,D,BB,YU,D
14:24:06,MYOR,RG,1580,143,D,RO,RX,F
14:24:04,MYOR,RG,1580,25,D,RO,DX,F
14:24:04,MYOR,RG,1580,25,D,DR,DX,F
14:24:04,MYOR,RG,1580,5,D,CC,DX,F
14:24:04,MYOR,RG,1580,47,F,CC,DX,F
14:24:04,MYOR,RG,1580,3,D,YP,DX,F
14:24:04,MYOR,RG,1580,2,D,PD,DX,F
14:24:04,MYOR,RG,1580,32,D,EP,DX,F
14:24:04,MYOR,RG,1580,2,D,PD,DX,F
14:24:04,MYOR,RG,1580,12,D,NI,DX,F
14:24:04,MYOR,RG,1580,4,D,OD,DX,F
14:24:04,MYOR,RG,1580,1,D,XL,DX,F
14:24:04,MYOR,RG,1580,26,D,BB,DX,F
14:23:34,MYOR,RG,1585,1,D,SQ,YU,D
14:23:33,MYOR,RG,1580,2,D,BB,LG,D
14:23:33,MYOR,RG,1580,1,D,YP,LG,D
14:23:33,MYOR,RG,1580,78,D,CS,LG,D
14:23:33,MYOR,RG,1580,2,D,CC,LG,D
14:23:33,MYOR,RG,1580,42,D,NI,LG,D
14:23:31,MYOR,RG,1585,1,D,CC,YU,D
14:23:26,MYOR,RG,1585,20,D,YP,YU,D
14:23:12,MYOR,RG,1585,1,D,XC,YU,D
14:22:58,MYOR,RG,1585,9,D,NI,YU,D
14:22:58,MYOR,RG,1585,41,D,NI,YU,D
14:21:56,MYOR,RG,1585,1,D,PD,YU,D
14:21:52,MYOR,RG,1585,1,D,PD,YU,D
14:21:49,MYOR,RG,1585,1,D,PD,YU,D
14:21:47,MYOR,RG,1580,80,D,NI,PD,D
14:21:46,MYOR,RG,1585,1,D,PD,YU,D
14:21:26,MYOR,RG,1585,6,D,PD,YU,D
14:21:26,MYOR,RG,1585,112,D,PD,CC,D
14:21:05,MYOR,RG,1580,78,D,NI,DR,D
14:21:05,MYOR,RG,1580,10,D,CC,DR,D
14:21:05,MYOR,RG,1580,1,D,PD,DR,D
14:21:05,MYOR,RG,1580,1,D,NI,DR,D
14:21:05,MYOR,RG,1580,6,D,PD,DR,D
14:21:05,MYOR,RG,1580,9,D,XC,DR,D
14:21:00,MYOR,RG,1580,5,D,XC,YU,D
14:21:00,MYOR,RG,1580,59,F,AK,YU,D
14:20:04,MYOR,RG,1585,88,D,CS,CC,D
14:20:04,MYOR,RG,1585,1,D,CS,NI,D
14:20:04,MYOR,RG,1585,2,D,CS,SQ,D
14:20:04,MYOR,RG,1585,56,D,CS,YU,D
14:20:04,MYOR,RG,1585,55,D,CS,YU,D
14:20:04,MYOR,RG,1585,78,D,CS,RX,F
14:20:04,MYOR,RG,1585,2,D,CS,YP,D
14:20:04,MYOR,RG,1585,10,D,CS,KK,D
14:20:04,MYOR,RG,1585,100,D,CS,SQ,D
14:20:04,MYOR,RG,1585,81,D,CS,RX,F
14:20:04,MYOR,RG,1585,11,D,CS,XL,D
14:20:04,MYOR,RG,1585,1,D,CS,XL,D
14:20:04,MYOR,RG,1585,2,D,CS,NI,D
14:20:04,MYOR,RG,1585,9,D,CS,CC,D
14:20:04,MYOR,RG,1585,1,D,CS,XL,D
14:20:04,MYOR,RG,1585,10,D,CS,DH,D
14:20:04,MYOR,RG,1585,5,D,CS,YP,D
14:20:04,MYOR,RG,1585,98,D,CS,MG,D
14:19:54,MYOR,RG,1580,7,F,AK,KZ,D
14:19:00,MYOR,RG,1580,63,F,AK,YU,D
14:19:00,MYOR,RG,1580,2,D,XC,YU,D
14:19:00,MYOR,RG,1580,19,D,BB,YU,D
14:18:35,MYOR,RG,1585,32,D,SQ,MG,D
14:18:08,MYOR,RG,1585,15,D,BB,MG,D
14:18:00,MYOR,RG,1580,11,D,BB,RX,F
14:18:00,MYOR,RG,1580,5,D,XC,RX,F
14:18:00,MYOR,RG,1580,5,D,XC,RX,F
14:18:00,MYOR,RG,1580,5,D,EP,RX,F
14:18:00,MYOR,RG,1580,7,D,EP,YU,D
14:18:00,MYOR,RG,1580,2,D,NI,YU,D
14:18:00,MYOR,RG,1580,10,D,YP,YU,D
14:18:00,MYOR,RG,1580,5,D,CS,YU,D
14:18:00,MYOR,RG,1580,1,D,SQ,YU,D
14:18:00,MYOR,RG,1580,26,F,CC,YU,D
14:17:57,MYOR,RG,1580,36,F,CC,DH,D
14:17:31,MYOR,RG,1580,25,F,CC,AT,D
14:17:23,MYOR,RG,1580,1,F,CC,KK,D
14:17:09,MYOR,RG,1580,5,F,CC,DR,D
14:16:39,MYOR,RG,1580,1,F,CC,RX,F
14:16:35,MYOR,RG,1580,3,F,CC,DR,D
14:15:44,MYOR,RG,1580,4,F,CC,AZ,D
14:14:38,MYOR,RG,1585,3,D,XL,MG,D
14:14:05,MYOR,RG,1585,10,D,LG,MG,D
14:12:21,MYOR,RG,1585,1,D,CC,MG,D
14:12:03,MYOR,RG,1585,7,D,EP,MG,D
14:11:55,MYOR,RG,1580,2,D,CS,RX,F
14:11:55,MYOR,RG,1580,5,D,XL,RX,F
14:11:49,MYOR,RG,1580,83,F,AK,DX,F
14:11:49,MYOR,RG,1580,4,F,AK,DX,F
14:11:48,MYOR,RG,1585,38,D,CS,MG,D
14:11:48,MYOR,RG,1580,8,D,CS,KZ,D
14:11:48,MYOR,RG,1580,57,D,CS,YU,D
14:11:48,MYOR,RG,1580,5,D,CS,EP,D
14:11:48,MYOR,RG,1580,114,D,CS,RX,F
14:11:48,MYOR,RG,1580,28,D,CS,GR,D
14:11:48,MYOR,RG,1580,4,D,NI,GR,D
14:11:48,MYOR,RG,1580,474,D,CS,GR,D
14:11:48,MYOR,RG,1580,7,D,CS,XC,D
14:11:48,MYOR,RG,1580,4,D,CS,DR,D
14:11:48,MYOR,RG,1580,7,D,CS,RX,F
14:11:48,MYOR,RG,1580,48,D,CS,RX,F
14:11:48,MYOR,RG,1580,44,D,CS,CS,D
14:11:48,MYOR,RG,1580,6,D,CS,SQ,D
14:11:48,MYOR,RG,1580,44,D,CS,SQ,D
14:11:48,MYOR,RG,1580,56,D,CS,YU,D
14:11:48,MYOR,RG,1580,44,D,CS,CS,D
14:11:48,MYOR,RG,1580,196,D,CS,DX,F
14:11:48,MYOR,RG,1580,70,D,CS,RX,F
14:10:38,MYOR,RG,1580,33,D,BB,RX,F
14:09:44,MYOR,RG,1575,8,D,CC,KZ,D
14:09:35,MYOR,RG,1580,5,D,LG,RX,F
14:08:37,MYOR,RG,1580,2,D,BQ,RX,F
14:08:23,MYOR,RG,1580,6,D,BB,DX,F
14:08:23,MYOR,RG,1580,81,D,BB,RX,F
14:08:23,MYOR,RG,1580,54,D,BB,DX,F
14:08:18,MYOR,RG,1580,284,D,CS,DX,F
14:08:18,MYOR,RG,1580,1,D,XC,DX,F
14:08:17,MYOR,RG,1580,81,D,CS,CS,D
14:08:16,MYOR,RG,1580,81,D,CS,CD,D
14:07:58,MYOR,RG,1580,2,D,BB,RX,F
14:07:58,MYOR,RG,1580,3,D,XC,RX,F
14:07:56,MYOR,RG,1580,4,D,PD,CD,D
14:07:56,MYOR,RG,1580,70,D,OD,CD,D
14:07:56,MYOR,RG,1580,1,D,XC,CD,D
14:07:56,MYOR,RG,1580,3,D,YP,CD,D
14:07:56,MYOR,RG,1580,10,D,BB,CD,D
14:07:56,MYOR,RG,1580,1,D,PD,CD,D
14:07:56,MYOR,RG,1580,6,D,CC,CD,D
14:07:56,MYOR,RG,1580,10,D,EP,CD,D
14:07:56,MYOR,RG,1580,3,D,YP,CD,D
14:07:48,MYOR,RG,1580,5,D,YP,NI,D
14:07:28,MYOR,RG,1580,1,D,YP,XC,D
14:07:25,MYOR,RG,1585,1,D,BB,MG,D
14:07:13,MYOR,RG,1585,95,D,CC,MG,D
14:07:13,MYOR,RG,1585,2,D,CC,XC,D
14:07:00,MYOR,RG,1585,5,D,NI,XC,D
14:06:46,MYOR,RG,1580,1,D,YP,RX,F
14:06:44,MYOR,RG,1580,10,D,YP,NI,D
14:06:23,MYOR,RG,1580,5,D,YP,YP,D
14:05:44,MYOR,RG,1580,5,D,YP,KK,D
14:04:10,MYOR,RG,1580,21,D,CS,RX,F
14:04:09,MYOR,RG,1580,21,D,CS,CS,D
14:04:08,MYOR,RG,1585,20,D,CS,YB,D
14:04:08,MYOR,RG,1585,1,D,CS,XC,D
14:04:08,MYOR,RG,1580,9,D,CS,CS,D
14:04:07,MYOR,RG,1580,12,D,CS,CS,D
14:04:07,MYOR,RG,1580,82,D,CS,CS,D
14:04:07,MYOR,RG,1580,69,D,CS,YU,D
14:04:07,MYOR,RG,1580,64,D,CS,RX,F
14:04:07,MYOR,RG,1580,100,D,CS,SQ,D
14:04:07,MYOR,RG,1580,57,D,CS,YU,D
14:04:07,MYOR,RG,1580,66,D,CS,YU,D
14:04:07,MYOR,RG,1580,54,D,CS,YU,D
14:04:07,MYOR,RG,1580,1,D,CS,YU,D
14:04:07,MYOR,RG,1580,97,D,CS,RX,F
14:04:07,MYOR,RG,1580,13,D,CS,RX,F
14:04:07,MYOR,RG,1580,397,D,CS,CC,D
14:03:54,MYOR,RG,1575,1,D,CC,RX,F
14:03:53,MYOR,RG,1575,8,D,CC,YP,D
14:03:17,MYOR,RG,1575,1,D,CC,RX,F
14:03:15,MYOR,RG,1575,3,D,CC,SQ,D
14:02:52,MYOR,RG,1575,1,D,CC,RX,F
14:02:51,MYOR,RG,1575,3,D,CC,XL,D
14:02:37,MYOR,RG,1580,1,D,YU,CC,D
14:02:00,MYOR,RG,1575,37,D,CC,RX,F
14:01:58,MYOR,RG,1575,47,D,CC,DX,F
14:01:58,MYOR,RG,1575,126,D,EP,DX,F
14:01:57,MYOR,RG,1575,17,D,EP,RX,F
14:01:57,MYOR,RG,1575,80,D,EP,HP,D
14:01:57,MYOR,RG,1575,33,D,EP,RX,F
14:01:57,MYOR,RG,1575,179,D,EP,DX,F
14:01:57,MYOR,RG,1575,7,D,EP,KZ,D
14:01:57,MYOR,RG,1575,58,D,EP,CS,D
14:01:25,MYOR,RG,1575,4,D,BB,CS,D
14:01:25,MYOR,RG,1575,58,D,BB,RX,F
14:01:09,MYOR,RG,1575,117,D,CC,DX,F
14:01:09,MYOR,RG,1575,33,D,CC,CS,D
14:01:00,MYOR,RG,1575,14,D,CC,CS,D
14:01:00,MYOR,RG,1575,50,D,CC,RX,F
14:01:00,MYOR,RG,1575,76,D,CC,CS,D
14:01:00,MYOR,RG,1575,47,D,CC,CS,D
14:01:00,MYOR,RG,1575,95,D,CC,DR,D
14:01:00,MYOR,RG,1575,52,D,CC,RX,F
14:01:00,MYOR,RG,1575,100,D,CC,DX,F
14:01:00,MYOR,RG,1575,4,D,CC,DX,F
14:00:52,MYOR,RG,1575,129,D,CS,DX,F
14:00:52,MYOR,RG,1575,9,D,CS,RX,F
14:00:45,MYOR,RG,1575,13,D,XC,RX,F
14:00:23,MYOR,RG,1575,1,D,NI,RX,F
14:00:10,MYOR,RG,1575,1,D,XC,RX,F
13:59:16,MYOR,RG,1570,4,D,CS,XC,D
13:59:14,MYOR,RG,1570,8,D,CS,KZ,D
13:59:01,MYOR,RG,1575,1,D,CS,YU,D
13:59:00,MYOR,RG,1575,51,D,CS,YU,D
13:59:00,MYOR,RG,1575,60,D,CS,YU,D
13:58:05,MYOR,RG,1570,1,D,CS,LG,D
13:58:02,MYOR,RG,1575,34,D,CS,RX,F
13:58:01,MYOR,RG,1580,2,D,CS,CC,D
13:58:01,MYOR,RG,1580,7,D,CS,RX,F
13:58:01,MYOR,RG,1580,50,D,CS,YP,D
13:58:01,MYOR,RG,1580,1,D,CS,PD,D
13:58:01,MYOR,RG,1580,1,D,CS,SQ,D
13:58:01,MYOR,RG,1580,1,D,CS,RX,F
13:58:00,MYOR,RG,1575,62,D,CS,YU,D
13:57:53,MYOR,RG,1580,1,D,XL,RX,F
13:56:41,MYOR,RG,1580,2,D,PD,RX,F
13:56:32,MYOR,RG,1570,1,D,CS,XL,D
13:56:22,MYOR,RG,1580,2,D,CS,RX,F
13:56:21,MYOR,RG,1575,1,D,CS,RX,F
13:56:21,MYOR,RG,1575,1,D,CS,CS,D
13:56:20,MYOR,RG,1575,1,D,CS,YP,D
13:55:47,MYOR,RG,1575,1,D,BB,RX,F
13:55:47,MYOR,RG,1575,4,D,EP,RX,F
13:55:45,MYOR,RG,1575,82,D,EP,CS,D
13:55:45,MYOR,RG,1575,82,D,EP,CS,D
13:55:45,MYOR,RG,1575,51,D,EP,RX,F
13:55:45,MYOR,RG,1575,25,D,EP,CS,D
13:55:45,MYOR,RG,1575,6,D,EP,YU,D
13:55:37,MYOR,RG,1575,60,D,BB,YU,D
13:55:37,MYOR,RG,1575,2,D,BB,RX,F
13:55:31,MYOR,RG,1575,1,D,PD,RX,F
13:55:23,MYOR,RG,1575,49,D,CS,RX,F
13:54:43,MYOR,RG,1575,58,D,CS,RX,F
13:54:04,MYOR,RG,1570,8,D,CS,KZ,D
13:53:56,MYOR,RG,1580,32,D,CS,RX,F
13:53:56,MYOR,RG,1575,16,D,CS,CS,D
13:53:56,MYOR,RG,1575,30,F,AK,CS,D
13:53:56,MYOR,RG,1575,25,F,AK,CS,D
13:53:55,MYOR,RG,1575,322,D,CS,YP,D
13:53:55,MYOR,RG,1575,50,D,PS,YP,D
13:53:55,MYOR,RG,1575,5,D,PD,YP,D
13:53:55,MYOR,RG,1575,10,D,XC,YP,D
13:53:55,MYOR,RG,1575,5,D,AI,YP,D
13:53:55,MYOR,RG,1575,59,D,CS,YP,D
13:53:55,MYOR,RG,1575,10,D,YP,YP,D
13:53:55,MYOR,RG,1575,1,D,PD,YP,D
13:53:55,MYOR,RG,1575,2,D,YP,YP,D
13:53:55,MYOR,RG,1575,3,D,BB,YP,D
13:53:55,MYOR,RG,1575,33,D,PD,YP,D
13:53:49,MYOR,RG,1580,5,D,EP,RX,F
13:53:11,MYOR,RG,1580,5,D,PD,RX,F
13:52:50,MYOR,RG,1580,1,D,KK,RX,F
13:52:35,MYOR,RG,1580,18,D,SQ,RX,F
13:52:35,MYOR,RG,1580,5,D,SQ,KK,D
13:52:35,MYOR,RG,1580,10,D,SQ,PD,D
13:52:35,MYOR,RG,1580,5,D,SQ,XC,D
13:52:35,MYOR,RG,1580,11,D,SQ,CC,D
13:52:35,MYOR,RG,1580,2,D,SQ,PD,D
13:52:35,MYOR,RG,1580,3,D,SQ,XC,D
13:52:35,MYOR,RG,1580,146,D,SQ,KK,D
13:52:07,MYOR,RG,1580,10,D,XL,KK,D
13:52:06,MYOR,RG,1580,2,D,YP,KK,D
13:51:29,MYOR,RG,1580,5,D,PD,KK,D
13:51:13,MYOR,RG,1580,59,D,BB,KK,D
13:51:13,MYOR,RG,1580,2,D,BB,YP,D
13:50:55,MYOR,RG,1575,9,D,PD,YP,D
13:50:49,MYOR,RG,1575,1,D,PD,DH,D
13:50:26,MYOR,RG,1580,3,D,AT,YP,D
13:49:21,MYOR,RG,1580,2,D,PD,YP,D
13:49:13,MYOR,RG,1580,1,D,PD,YP,D
13:48:43,MYOR,RG,1580,1,D,KK,YP,D
13:48:24,MYOR,RG,1580,16,D,XC,YP,D
13:48:24,MYOR,RG,1580,1,D,XC,YP,D
13:48:24,MYOR,RG,1580,3,D,XC,HD,D
13:48:21,MYOR,RG,1575,2,D,PD,RX,F
13:48:19,MYOR,RG,1575,5,D,PD,PD,D
13:48:08,MYOR,RG,1575,6,D,YP,CS,D
13:48:08,MYOR,RG,1575,2,D,YP,RX,F
13:48:08,MYOR,RG,1575,15,D,YP,RX,F
13:48:08,MYOR,RG,1575,9,D,YP,CS,D
13:48:08,MYOR,RG,1575,28,D,YP,YU,D
13:48:01,MYOR,RG,1575,42,D,CS,YU,D
13:47:26,MYOR,RG,1575,19,F,AK,RX,F
13:47:25,MYOR,RG,1575,42,D,CS,CS,D
13:47:24,MYOR,RG,1575,37,F,AK,CS,D
13:47:24,MYOR,RG,1575,50,F,AK,YU,D
13:47:24,MYOR,RG,1575,38,F,AK,RX,F
13:47:23,MYOR,RG,1575,3,D,CC,RX,F
13:47:08,MYOR,RG,1575,6,D,PD,RX,F
13:47:03,MYOR,RG,1575,7,D,AI,RX,F
13:47:03,MYOR,RG,1575,13,D,AI,CS,D
13:47:00,MYOR,RG,1575,29,D,BB,CS,D
13:47:00,MYOR,RG,1575,7,D,BB,KZ,D
13:47:00,MYOR,RG,1575,27,D,BB,YU,D
13:46:48,MYOR,RG,1575,26,D,CS,YU,D
13:46:48,MYOR,RG,1575,100,D,CS,EP,D
13:46:48,MYOR,RG,1575,65,D,CS,RX,F
13:46:45,MYOR,RG,1575,10,D,YP,RX,F
13:46:17,MYOR,RG,1575,19,D,CC,RX,F
13:46:17,MYOR,RG,1575,31,D,CC,CS,D
13:46:02,MYOR,RG,1575,96,D,CC,CS,D
13:46:02,MYOR,RG,1575,4,D,CC,YU,D
13:44:04,MYOR,RG,1575,56,D,CS,YU,D
13:44:04,MYOR,RG,1575,52,D,CS,YU,D
13:44:04,MYOR,RG,1575,100,D,CS,CC,D
13:44:04,MYOR,RG,1575,59,D,CS,YU,D
13:44:04,MYOR,RG,1575,28,D,CS,RX,F
13:44:04,MYOR,RG,1575,45,D,CS,CS,D
13:44:04,MYOR,RG,1575,19,D,CS,CD,D
13:44:03,MYOR,RG,1575,63,D,YP,CD,D
13:43:56,MYOR,RG,1575,1,D,NI,CD,D
13:43:46,MYOR,RG,1575,7,D,XC,CD,D
13:43:46,MYOR,RG,1575,13,D,XC,RX,F
13:43:44,MYOR,RG,1570,8,D,CS,KZ,D
13:43:39,MYOR,RG,1575,1,D,KK,YU,D
13:43:33,MYOR,RG,1575,1,D,NI,YU,D
13:43:16,MYOR,RG,1575,1,D,NI,YU,D
13:43:10,MYOR,RG,1575,1,D,NI,YU,D
13:42:51,MYOR,RG,1575,1,D,NI,YU,D
13:42:43,MYOR,RG,1570,2,D,CS,XL,D
13:42:43,MYOR,RG,1575,55,D,BB,YU,D
13:42:43,MYOR,RG,1575,7,D,BB,RX,F
13:42:12,MYOR,RG,1570,5,D,CS,PD,D
13:42:05,MYOR,RG,1570,12,D,CS,NI,D
13:41:36,MYOR,RG,1570,3,D,CS,XC,D
13:41:31,MYOR,RG,1575,1,D,NI,RX,F
13:39:13,MYOR,RG,1570,1,D,CS,PD,D
13:38:57,MYOR,RG,1575,11,D,CS,RX,F
13:38:48,MYOR,RG,1575,22,D,CS,CS,D
13:38:48,MYOR,RG,1575,2,D,CS,XC,D
13:38:48,MYOR,RG,1575,49,D,CS,YU,D
13:38:47,MYOR,RG,1575,3,D,YP,YU,D
13:38:47,MYOR,RG,1575,1,D,YP,NI,D
13:38:47,MYOR,RG,1575,31,D,YP,RX,F
13:38:29,MYOR,RG,1575,55,D,BB,CD,D
13:37:45,MYOR,RG,1575,35,D,CS,CD,D
13:37:45,MYOR,RG,1575,54,D,CS,CS,D
13:37:45,MYOR,RG,1575,33,D,CS,SQ,D
13:37:21,MYOR,RG,1575,1,D,XC,SQ,D
13:37:11,MYOR,RG,1575,6,D,EP,SQ,D
13:37:11,MYOR,RG,1575,14,D,EP,RX,F
13:36:00,MYOR,RG,1575,7,D,CS,RX,F
13:36:00,MYOR,RG,1575,5,D,CS,RX,F
13:36:00,MYOR,RG,1575,11,D,CS,XL,D
13:36:00,MYOR,RG,1570,8,D,CS,RX,F
13:36:00,MYOR,RG,1570,19,D,CS,YU,D
13:36:00,MYOR,RG,1570,47,D,CS,YU,D
13:36:00,MYOR,RG,1575,9,D,CS,XL,D
13:36:00,MYOR,RG,1575,38,D,CS,RX,F
13:35:59,MYOR,RG,1570,47,D,CS,RX,F
13:35:58,MYOR,RG,1570,47,D,CS,DX,F
13:35:58,MYOR,RG,1570,189,D,CS,DX,F
13:35:57,MYOR,RG,1570,38,D,CS,CS,D
13:35:57,MYOR,RG,1570,8,D,CS,KZ,D
13:35:57,MYOR,RG,1570,73,D,CS,YU,D
13:35:57,MYOR,RG,1570,5,D,CS,PD,D
13:35:57,MYOR,RG,1570,4,D,CS,PD,D
13:35:57,MYOR,RG,1570,51,D,CS,YU,D
13:35:57,MYOR,RG,1570,59,D,CS,RX,F
13:35:57,MYOR,RG,1570,53,D,CS,YU,D
13:35:57,MYOR,RG,1570,12,D,CS,YU,D
13:35:57,MYOR,RG,1570,48,D,CS,YU,D
13:35:57,MYOR,RG,1570,50,D,CS,CS,D
13:35:57,MYOR,RG,1570,6,D,CS,CS,D
13:35:57,MYOR,RG,1570,96,D,CS,CS,D
13:35:57,MYOR,RG,1570,213,D,CS,DX,F
13:35:57,MYOR,RG,1570,95,D,CS,RX,F
13:35:38,MYOR,RG,1570,5,D,PD,RX,F
13:35:04,MYOR,RG,1570,2,D,CC,RX,F
13:34:15,MYOR,RG,1570,5,D,PD,RX,F
13:34:10,MYOR,RG,1570,3,D,NI,RX,F
13:33:51,MYOR,RG,1570,1,D,PD,RX,F
13:32:53,MYOR,RG,1570,1,D,YP,RX,F
13:32:32,MYOR,RG,1565,38,D,YP,RX,F
13:32:31,MYOR,RG,1565,55,D,YP,YU,D
13:32:31,MYOR,RG,1565,55,D,YP,YU,D
13:32:31,MYOR,RG,1565,63,D,YP,YU,D
13:32:01,MYOR,RG,1565,111,D,YP,RX,F
13:31:59,MYOR,RG,1565,17,D,YP,YB,D
13:31:23,MYOR,RG,1565,105,D,YP,DX,F
13:31:23,MYOR,RG,1565,1,D,SQ,DX,F
13:31:23,MYOR,RG,1565,162,D,CS,DX,F
13:31:23,MYOR,RG,1565,38,D,CS,DX,F
13:31:22,MYOR,RG,1565,179,D,CS,DX,F
13:31:21,MYOR,RG,1570,4,D,XL,DX,F
13:31:21,MYOR,RG,1570,2,D,XL,DX,F
13:31:21,MYOR,RG,1570,1,D,XL,DX,F
13:31:21,MYOR,RG,1570,100,D,OD,DX,F
13:31:21,MYOR,RG,1570,83,D,CS,DX,F
13:31:21,MYOR,RG,1570,3,D,YP,DX,F
13:31:21,MYOR,RG,1570,1,D,YP,DX,F
13:31:21,MYOR,RG,1570,19,D,CC,DX,F
13:31:21,MYOR,RG,1570,2,D,YP,DX,F
13:31:21,MYOR,RG,1570,1,D,YP,DX,F
13:31:21,MYOR,RG,1570,12,D,PD,DX,F
13:31:21,MYOR,RG,1570,1,D,CC,DX,F
13:31:21,MYOR,RG,1570,10,D,YP,DX,F
13:31:21,MYOR,RG,1570,10,D,PD,DX,F
13:31:21,MYOR,RG,1570,6,D,PD,DX,F
13:31:21,MYOR,RG,1570,3,D,PD,DX,F
13:31:21,MYOR,RG,1570,2,D,KK,DX,F
13:31:21,MYOR,RG,1570,45,D,XC,DX,F
13:31:21,MYOR,RG,1570,1,D,XC,DX,F
13:30:47,MYOR,RG,1575,1,D,OD,DX,F
13:30:19,MYOR,RG,1575,9,D,CS,DX,F
13:30:19,MYOR,RG,1575,4,D,XL,DX,F
13:30:19,MYOR,RG,1575,9,D,DR,DX,F
13:30:19,MYOR,RG,1575,28,D,DR,RX,F
13:30:19,MYOR,RG,1575,1,D,DR,YP,D
13:30:19,MYOR,RG,1575,2,D,DR,KK,D
13:30:19,MYOR,RG,1575,10,D,DR,CC,D
13:30:13,MYOR,RG,1570,1,D,XC,XL,D
13:30:13,MYOR,RG,1575,1,D,YP,CC,D
13:30:12,MYOR,RG,1575,17,D,YP,CC,D
13:30:12,MYOR,RG,1575,3,D,YP,KZ,D
13:30:12,MYOR,RG,1575,4,D,YP,KZ,D
13:30:12,MYOR,RG,1575,6,D,YP,XC,D
13:30:11,MYOR,RG,1575,3,D,YP,YJ,D
13:30:11,MYOR,RG,1575,11,D,YP,RX,F
13:30:10,MYOR,RG,1575,2,D,YP,RX,F
13:30:10,MYOR,RG,1575,2,D,YP,RX,F
13:30:07,MYOR,RG,1575,5,D,CC,CS,D
13:30:06,MYOR,RG,1575,1,D,KK,CS,D
13:30:06,MYOR,RG,1570,8,D,XC,RX,F
13:30:06,MYOR,RG,1570,2,D,YP,RX,F
13:30:06,MYOR,RG,1570,7,D,XC,RX,F
13:30:06,MYOR,RG,1575,4,D,KK,CS,D
13:30:05,MYOR,RG,1575,5,D,PD,CS,D
13:30:05,MYOR,RG,1575,3,D,PD,CS,D
13:30:05,MYOR,RG,1575,1,D,PD,CS,D
13:30:05,MYOR,RG,1570,1,D,XC,PD,D
13:30:04,MYOR,RG,1575,15,D,EP,CS,D
13:30:04,MYOR,RG,1570,17,D,XC,PD,D
13:30:03,MYOR,RG,1570,2,D,PD,PD,D
13:30:03,MYOR,RG,1575,25,D,TP,CS,D
13:30:03,MYOR,RG,1575,12,D,TP,RX,F
13:30:03,MYOR,RG,1575,38,D,TP,SQ,D
13:30:03,MYOR,RG,1570,1,D,TP,XC,D
13:30:03,MYOR,RG,1570,4,D,TP,XC,D
13:30:03,MYOR,RG,1570,3,D,PD,XC,D
13:30:03,MYOR,RG,1570,1,D,XC,XC,D
13:30:03,MYOR,RG,1570,1,D,XC,XC,D
13:30:03,MYOR,RG,1570,1,D,PD,XC,D
13:30:03,MYOR,RG,1570,1,D,XC,XC,D
13:30:03,MYOR,RG,1570,1,D,XC,XC,D
13:30:03,MYOR,RG,1570,4,D,DR,XC,D
13:30:03,MYOR,RG,1570,1,D,CS,XC,D
13:30:03,MYOR,RG,1575,1,D,PD,SQ,D
13:30:03,MYOR,RG,1570,2,D,CS,XC,D
13:30:03,MYOR,RG,1570,2,D,CS,PD,D
13:30:02,MYOR,RG,1570,14,D,CS,XC,D
13:30:02,MYOR,RG,1570,2,D,PD,XC,D
13:30:02,MYOR,RG,1570,5,D,PD,XC,D
13:30:02,MYOR,RG,1570,1,D,DH,XC,D
13:30:02,MYOR,RG,1570,2,D,DH,EP,D
13:30:02,MYOR,RG,1570,7,D,DH,EP,D
13:30:02,MYOR,RG,1570,1,D,SQ,EP,D
13:30:02,MYOR,RG,1570,3,D,XC,EP,D
13:30:02,MYOR,RG,1570,7,D,HP,EP,D
13:30:02,MYOR,RG,1575,4,D,PD,SQ,D
13:30:02,MYOR,RG,1575,2,D,XC,SQ,D
13:30:01,MYOR,RG,1570,13,D,HP,XC,D
13:30:01,MYOR,RG,1570,10,D,DH,XC,D
13:30:01,MYOR,RG,1570,2,D,YP,XC,D
13:30:01,MYOR,RG,1570,10,D,XC,XC,D
13:30:01,MYOR,RG,1570,18,D,SQ,XC,D
13:30:01,MYOR,RG,1575,3,D,EP,SQ,D
11:29:59,MYOR,RG,1575,2,D,BB,SQ,D
11:29:35,MYOR,RG,1570,2,D,SQ,EP,D
11:29:34,MYOR,RG,1575,4,D,XL,SQ,D
11:29:11,MYOR,RG,1575,2,D,BB,SQ,D
11:28:31,MYOR,RG,1570,5,D,CS,RX,F
11:28:20,MYOR,RG,1570,9,D,CS,RX,F
11:28:20,MYOR,RG,1570,11,D,CS,CS,D
11:28:01,MYOR,RG,1570,10,D,CS,CS,D
11:28:01,MYOR,RG,1570,7,D,CS,XL,D
11:28:01,MYOR,RG,1570,14,D,CS,RX,F
11:26:21,MYOR,RG,1570,1,D,YP,RX,F
11:26:16,MYOR,RG,1565,4,D,CS,PD,D
11:26:03,MYOR,RG,1570,5,D,NI,RX,F
11:26:00,MYOR,RG,1570,63,D,CS,CS,D
11:25:59,MYOR,RG,1570,59,D,CS,CS,D
11:25:59,MYOR,RG,1570,3,D,CS,RX,F
11:25:59,MYOR,RG,1570,44,D,CS,CS,D
11:25:59,MYOR,RG,1570,67,D,CS,RX,F
11:25:59,MYOR,RG,1570,10,D,CS,CS,D
11:25:59,MYOR,RG,1570,49,D,CS,CS,D
11:25:59,MYOR,RG,1570,36,D,CS,CS,D
11:25:59,MYOR,RG,1570,169,D,CS,YP,D
11:25:26,MYOR,RG,1570,7,D,PD,YP,D
11:24:15,MYOR,RG,1565,22,D,CS,RX,F
11:24:14,MYOR,RG,1565,3,D,CS,YU,D
11:24:14,MYOR,RG,1565,49,D,CS,YU,D
11:24:14,MYOR,RG,1565,48,D,CS,YU,D
11:24:10,MYOR,RG,1565,11,D,CS,RX,F
11:24:09,MYOR,RG,1565,50,D,CS,YU,D
11:24:07,MYOR,RG,1565,22,D,CS,RX,F
11:24:06,MYOR,RG,1565,74,D,CS,YU,D
11:24:06,MYOR,RG,1565,10,D,GR,YU,D
11:24:06,MYOR,RG,1565,1,D,BB,YU,D
11:24:06,MYOR,RG,1565,15,D,PD,YU,D
11:24:04,MYOR,RG,1565,15,D,PD,RX,F
11:24:04,MYOR,RG,1565,1,D,PD,RX,F
11:24:04,MYOR,RG,1565,10,D,SQ,RX,F
11:24:04,MYOR,RG,1565,100,D,CS,RX,F
11:24:04,MYOR,RG,1565,1,D,PD,RX,F
11:24:04,MYOR,RG,1565,64,D,CS,RX,F
11:24:03,MYOR,RG,1565,90,D,CS,YU,D
11:24:03,MYOR,RG,1565,246,D,CS,YU,D
11:24:03,MYOR,RG,1565,49,D,CS,YU,D
11:24:03,MYOR,RG,1565,115,D,CS,YU,D
11:23:54,MYOR,RG,1565,5,D,CS,LG,D
11:23:46,MYOR,RG,1570,1,D,BB,YP,D
11:23:45,MYOR,RG,1570,1,D,XC,YP,D
11:22:54,MYOR,RG,1570,2,D,NI,YP,D
11:22:30,MYOR,RG,1565,1,D,CS,YP,D
11:22:15,MYOR,RG,1565,84,D,CS,XC,D
11:22:15,MYOR,RG,1565,73,D,CS,XC,D
11:22:15,MYOR,RG,1565,78,D,YP,XC,D
11:21:57,MYOR,RG,1570,120,D,CS,YP,D
11:21:57,MYOR,RG,1570,7,D,CS,YP,D
11:21:57,MYOR,RG,1570,50,D,CS,RX,F
11:21:57,MYOR,RG,1570,129,D,CS,KK,D
11:21:49,MYOR,RG,1570,1,D,BB,KK,D
11:21:47,MYOR,RG,1565,3,D,YP,XL,D
11:21:26,MYOR,RG,1570,1,D,CC,KK,D
11:21:01,MYOR,RG,1570,1,D,BB,KK,D
11:20:48,MYOR,RG,1570,20,D,XC,KK,D
11:20:13,MYOR,RG,1570,2,D,BB,KK,D
11:20:05,MYOR,RG,1570,1,D,PD,KK,D
11:19:57,MYOR,RG,1570,10,D,GR,KK,D
11:19:39,MYOR,RG,1570,20,D,GR,KK,D
11:19:33,MYOR,RG,1570,1,D,XC,KK,D
11:19:20,MYOR,RG,1570,4,D,BB,KK,D
11:19:14,MYOR,RG,1570,1,D,XC,KK,D
11:18:39,MYOR,RG,1570,1,D,PD,KK,D
11:18:35,MYOR,RG,1570,5,D,YP,KK,D
11:18:29,MYOR,RG,1570,8,D,BB,KK,D
11:17:29,MYOR,RG,1570,6,D,BB,KK,D
11:17:26,MYOR,RG,1570,1,D,XC,KK,D
11:16:58,MYOR,RG,1570,10,D,XC,KK,D
11:16:38,MYOR,RG,1575,6,D,BB,SQ,D
11:16:28,MYOR,RG,1570,7,D,CS,RX,F
11:16:18,MYOR,RG,1565,46,D,YP,RX,F
11:16:16,MYOR,RG,1575,38,D,CS,SQ,D
11:16:16,MYOR,RG,1575,2,D,CS,XC,D
11:16:16,MYOR,RG,1575,55,D,CS,CC,D
11:16:16,MYOR,RG,1570,23,D,CS,RX,F
11:16:16,MYOR,RG,1570,37,D,CS,CS,D
11:16:16,MYOR,RG,1570,8,D,CS,RX,F
11:16:15,MYOR,RG,1565,57,D,CS,DX,F
11:16:14,MYOR,RG,1565,194,D,CS,DX,F
11:16:14,MYOR,RG,1565,81,D,CS,RX,F
11:16:14,MYOR,RG,1565,160,D,CS,CC,D
11:16:14,MYOR,RG,1565,98,D,CS,CC,D
11:16:14,MYOR,RG,1565,110,D,CS,CC,D
11:16:14,MYOR,RG,1565,220,D,CS,DX,F
11:16:14,MYOR,RG,1565,80,D,CS,RX,F
11:15:47,MYOR,RG,1565,10,D,BB,RX,F
11:15:35,MYOR,RG,1560,6,D,CS,RX,F
11:15:06,MYOR,RG,1560,1,D,PD,RX,F
11:14:51,MYOR,RG,1560,9,D,BB,RX,F
11:14:48,MYOR,RG,1560,22,D,CS,RX,F
11:14:48,MYOR,RG,1560,1,D,NI,RX,F
11:14:48,MYOR,RG,1560,10,D,YP,RX,F
11:14:48,MYOR,RG,1560,1,D,PD,RX,F
11:14:48,MYOR,RG,1560,1,D,YP,RX,F
11:14:48,MYOR,RG,1560,49,D,CS,RX,F
11:14:48,MYOR,RG,1560,5,D,CS,RX,F
11:14:37,MYOR,RG,1560,241,D,CS,DX,F
11:14:37,MYOR,RG,1560,205,D,CS,DX,F
11:14:37,MYOR,RG,1560,5,D,GR,DX,F
11:14:37,MYOR,RG,1560,2,F,OD,DX,F
11:14:37,MYOR,RG,1560,2,D,PD,DX,F
11:14:37,MYOR,RG,1560,1,D,BB,DX,F
11:14:37,MYOR,RG,1560,50,D,GR,DX,F
11:14:34,MYOR,RG,1570,22,D,BB,RX,F
11:13:45,MYOR,RG,1565,1,D,BB,RX,F
11:13:39,MYOR,RG,1570,11,D,CS,DX,F
11:13:38,MYOR,RG,1570,8,D,CS,DX,F
11:13:38,MYOR,RG,1570,1,D,CS,RX,F
11:13:38,MYOR,RG,1570,2,D,CS,XL,D
11:13:38,MYOR,RG,1565,11,D,CS,CS,D
11:13:37,MYOR,RG,1565,47,D,CS,CS,D
11:13:37,MYOR,RG,1565,94,D,CS,CS,D
11:13:37,MYOR,RG,1565,99,D,CS,DX,F
11:13:37,MYOR,RG,1565,3,D,CS,XC,D
11:13:37,MYOR,RG,1565,3,D,CS,RX,F
11:13:37,MYOR,RG,1565,38,D,CS,RX,F
11:13:37,MYOR,RG,1565,11,D,CS,CS,D
11:13:37,MYOR,RG,1565,28,D,CS,CS,D
11:13:37,MYOR,RG,1565,66,D,CS,DX,F
11:13:37,MYOR,RG,1565,73,D,CS,CS,D
11:13:37,MYOR,RG,1565,26,D,CS,DR,D
11:13:37,MYOR,RG,1565,1,D,CS,XL,D
11:13:37,MYOR,RG,1565,11,D,CS,LG,D
11:13:32,MYOR,RG,1565,59,D,CS,LG,D
11:13:32,MYOR,RG,1565,26,D,CS,PD,D
11:13:32,MYOR,RG,1565,37,D,CS,RX,F
11:13:32,MYOR,RG,1565,117,D,CS,YP,D
11:13:32,MYOR,RG,1565,24,D,CS,YP,D
11:13:32,MYOR,RG,1565,2,D,CS,PD,D
11:13:32,MYOR,RG,1565,69,D,CS,RX,F
11:13:32,MYOR,RG,1565,34,D,CS,CC,D
11:12:24,MYOR,RG,1560,1,D,GR,AK,F
11:12:23,MYOR,RG,1565,15,D,YP,CC,D
11:11:48,MYOR,RG,1565,1,D,PD,CC,D
11:11:39,MYOR,RG,1565,1,D,XL,CC,D
11:11:11,MYOR,RG,1565,2,D,PD,CC,D
11:10:18,MYOR,RG,1560,3,D,GR,AK,F
11:10:18,MYOR,RG,1565,100,D,SQ,CC,D
11:10:12,MYOR,RG,1565,6,D,BB,CC,D
11:09:57,MYOR,RG,1560,2,D,GR,AK,F
11:09:57,MYOR,RG,1560,44,D,GR,YU,D
11:09:57,MYOR,RG,1560,1,D,LG,YU,D
11:09:57,MYOR,RG,1560,1,D,XC,YU,D
11:09:57,MYOR,RG,1560,1,D,BB,YU,D
11:09:57,MYOR,RG,1560,3,D,NI,YU,D
11:09:25,MYOR,RG,1565,1,D,XC,CC,D
11:09:07,MYOR,RG,1565,8,D,BB,CC,D
11:08:48,MYOR,RG,1565,1,D,EP,CC,D
11:08:32,MYOR,RG,1560,3,D,NI,AK,F
11:08:32,MYOR,RG,1565,81,D,CC,CC,D
11:08:32,MYOR,RG,1565,19,D,CC,RX,F
11:08:14,MYOR,RG,1560,1,D,NI,MK,D
11:08:03,MYOR,RG,1565,2,D,BB,RX,F
11:08:03,MYOR,RG,1565,4,D,BB,CC,D
11:06:59,MYOR,RG,1560,4,D,YP,CS,D
11:06:59,MYOR,RG,1560,2,D,YP,CS,D
11:06:59,MYOR,RG,1560,19,D,YP,RX,F
11:06:56,MYOR,RG,1560,3,D,BB,RX,F
11:06:39,MYOR,RG,1560,3,D,PD,RX,F
11:06:24,MYOR,RG,1560,1,D,EP,RX,F
11:06:23,MYOR,RG,1560,20,D,SQ,RX,F
11:06:17,MYOR,RG,1560,8,D,GR,RX,F
11:06:17,MYOR,RG,1560,29,D,GR,CS,D
11:06:17,MYOR,RG,1560,63,D,GR,YU,D
11:06:12,MYOR,RG,1560,2,F,OD,YU,D
11:06:12,MYOR,RG,1560,3,D,XL,YU,D
11:06:12,MYOR,RG,1560,4,D,BB,YU,D
11:06:12,MYOR,RG,1560,6,D,XC,YU,D
11:06:12,MYOR,RG,1560,20,D,NI,YU,D
11:06:12,MYOR,RG,1560,2,D,PD,YU,D
11:06:03,MYOR,RG,1565,100,D,GR,CC,D
11:06:00,MYOR,RG,1565,6,D,BB,CC,D
11:05:10,MYOR,RG,1565,5,D,BB,CC,D
11:04:25,MYOR,RG,1565,7,D,BB,CC,D
11:03:40,MYOR,RG,1560,2,D,PD,RX,F
11:03:34,MYOR,RG,1565,6,D,BB,CC,D
11:03:31,MYOR,RG,1560,2,D,PD,RX,F
11:03:30,MYOR,RG,1560,2,D,PD,RX,F
11:03:30,MYOR,RG,1560,6,D,PD,CS,D
11:03:30,MYOR,RG,1560,6,D,PD,CS,D
11:03:29,MYOR,RG,1560,6,D,PD,CS,D
11:03:29,MYOR,RG,1560,3,D,PD,CS,D
11:03:29,MYOR,RG,1560,1,D,PD,RX,F
11:03:29,MYOR,RG,1560,2,D,PD,AT,D
11:03:02,MYOR,RG,1560,2,D,PD,AT,D
11:03:00,MYOR,RG,1560,4,D,PD,RX,F
11:02:45,MYOR,RG,1560,1,D,BB,RX,F
11:02:45,MYOR,RG,1560,4,D,BB,AZ,D
11:02:28,MYOR,RG,1560,1,D,NI,AZ,D
11:02:03,MYOR,RG,1560,2,D,PD,AZ,D
11:01:58,MYOR,RG,1560,7,D,BB,AZ,D
11:01:56,MYOR,RG,1560,8,D,SQ,CS,D
11:01:56,MYOR,RG,1560,2,D,SQ,RX,F
11:01:50,MYOR,RG,1560,2,D,XL,RX,F
11:01:34,MYOR,RG,1560,3,D,CC,RX,F
11:01:32,MYOR,RG,1560,2,D,NI,RX,F
11:01:24,MYOR,RG,1560,1,D,YP,RX,F
11:01:00,MYOR,RG,1560,5,D,BB,RX,F
11:00:33,MYOR,RG,1560,20,D,LS,RX,F
10:59:40,MYOR,RG,1560,1,D,XC,RX,F
10:59:33,MYOR,RG,1560,5,D,EP,RX,F
10:59:11,MYOR,RG,1560,5,D,PD,RX,F
10:59:00,MYOR,RG,1560,14,D,BB,DX,F
10:59:00,MYOR,RG,1560,109,D,CS,DX,F
10:59:00,MYOR,RG,1560,78,D,CS,CS,D
10:59:00,MYOR,RG,1560,66,D,CS,RX,F
10:59:00,MYOR,RG,1560,200,D,CS,YU,D
10:59:00,MYOR,RG,1560,39,D,CS,YU,D
10:59:00,MYOR,RG,1560,61,D,CS,YU,D
10:59:00,MYOR,RG,1560,37,D,CS,RX,F
10:59:00,MYOR,RG,1560,75,D,CS,RX,F
10:59:00,MYOR,RG,1560,16,D,CS,RX,F
10:59:00,MYOR,RG,1560,305,D,CS,DX,F
10:59:00,MYOR,RG,1560,8,D,CS,CS,D
10:59:00,MYOR,RG,1560,6,D,CS,XC,D
10:58:34,MYOR,RG,1560,1,D,XL,XC,D
10:58:28,MYOR,RG,1555,5,D,CS,PD,D
10:58:28,MYOR,RG,1555,5,D,CS,PD,D
10:57:34,MYOR,RG,1560,1,D,EP,XC,D
10:57:19,MYOR,RG,1560,3,D,BB,RX,F
10:57:17,MYOR,RG,1560,17,D,XC,RX,F
10:57:16,MYOR,RG,1560,3,D,XC,AK,F
10:57:16,MYOR,RG,1560,1,D,NI,AK,F
10:57:16,MYOR,RG,1560,1,D,XC,AK,F
10:57:16,MYOR,RG,1560,1,D,XC,AK,F
10:57:16,MYOR,RG,1560,7,D,BB,AK,F
10:57:15,MYOR,RG,1560,130,F,AK,DX,F
10:57:15,MYOR,RG,1560,164,D,CS,DX,F
10:57:11,MYOR,RG,1560,30,D,CS,HP,D
10:57:02,MYOR,RG,1565,6,D,BB,CC,D
10:56:15,MYOR,RG,1565,5,D,BB,CC,D
10:55:29,MYOR,RG,1565,6,D,BB,CC,D
10:55:29,MYOR,RG,1560,1,D,CS,RX,F
10:55:27,MYOR,RG,1560,4,D,CS,KK,D
10:55:18,MYOR,RG,1560,1,D,CS,RX,F
10:55:16,MYOR,RG,1565,1,D,KK,CC,D
10:54:46,MYOR,RG,1560,1,D,CS,RX,F
10:54:44,MYOR,RG,1565,7,D,BB,CC,D
10:54:42,MYOR,RG,1560,1,D,CS,XC,D
10:54:25,MYOR,RG,1560,31,D,CS,RX,F
10:54:23,MYOR,RG,1560,13,D,CS,CS,D
10:54:23,MYOR,RG,1560,49,D,CS,CS,D
10:54:23,MYOR,RG,1560,31,D,CS,CS,D
10:54:23,MYOR,RG,1560,62,D,CS,CS,D
10:54:23,MYOR,RG,1560,112,D,CS,RX,F
10:54:13,MYOR,RG,1560,1,D,XC,RX,F
10:54:02,MYOR,RG,1560,10,D,XC,RX,F
10:54:02,MYOR,RG,1560,5,D,CC,RX,F
10:53:47,MYOR,RG,1560,5,D,BB,RX,F
10:53:33,MYOR,RG,1555,4,D,CS,XC,D
10:53:26,MYOR,RG,1560,1,D,EP,RX,F
10:53:22,MYOR,RG,1560,2,D,CC,RX,F
10:53:00,MYOR,RG,1560,6,D,BB,RX,F
10:52:45,MYOR,RG,1560,2,D,PD,RX,F
10:52:30,MYOR,RG,1560,18,D,NI,CS,D
10:52:09,MYOR,RG,1560,3,D,BB,CS,D
10:52:09,MYOR,RG,1560,3,D,BB,CS,D
10:51:58,MYOR,RG,1560,31,F,AK,CS,D
10:51:58,MYOR,RG,1560,128,F,AK,YP,D
10:51:40,MYOR,RG,1560,10,D,OD,YP,D
10:51:37,MYOR,RG,1560,2,D,DH,YP,D
10:51:24,MYOR,RG,1560,2,D,BB,YP,D
10:50:49,MYOR,RG,1560,3,D,PD,YP,D
10:48:54,MYOR,RG,1560,13,D,YP,YP,D
10:48:42,MYOR,RG,1560,13,D,XC,YP,D
10:48:20,MYOR,RG,1560,1,D,XC,YP,D
10:48:11,MYOR,RG,1560,13,D,PD,YP,D
10:47:18,MYOR,RG,1555,12,D,CS,PD,D
10:46:48,MYOR,RG,1560,5,D,CC,RX,F
10:46:46,MYOR,RG,1560,45,D,CC,RX,F
10:46:18,MYOR,RG,1560,54,D,BB,DX,F
10:46:18,MYOR,RG,1560,179,D,CS,DX,F
10:46:18,MYOR,RG,1560,33,D,CS,CS,D
10:46:18,MYOR,RG,1560,20,D,CS,CS,D
10:46:17,MYOR,RG,1560,78,D,CS,CS,D
10:46:17,MYOR,RG,1560,17,D,CS,CS,D
10:46:17,MYOR,RG,1560,26,D,CS,CS,D
10:46:17,MYOR,RG,1560,4,D,CS,YP,D
10:46:17,MYOR,RG,1560,1,D,CS,PD,D
10:46:17,MYOR,RG,1560,128,D,CS,PD,D
10:46:17,MYOR,RG,1560,10,D,CS,CS,D
10:46:17,MYOR,RG,1560,27,D,CS,CS,D
10:46:17,MYOR,RG,1560,39,D,CS,CS,D
10:46:17,MYOR,RG,1560,18,D,CS,CS,D
10:46:17,MYOR,RG,1560,50,D,CS,CS,D
10:46:17,MYOR,RG,1560,34,D,CS,CS,D
10:46:17,MYOR,RG,1560,75,D,CS,RX,F
10:46:17,MYOR,RG,1560,147,D,CS,RX,F
10:46:17,MYOR,RG,1560,174,D,CS,RX,F
10:46:17,MYOR,RG,1560,255,D,CS,DX,F
10:46:17,MYOR,RG,1560,53,D,CS,CS,D
10:46:17,MYOR,RG,1560,132,D,CS,YU,D
10:46:14,MYOR,RG,1555,4,D,CS,XL,D
10:46:12,MYOR,RG,1555,20,D,CS,PD,D
10:45:01,MYOR,RG,1555,1,D,CS,RX,F
10:44:39,MYOR,RG,1555,3,D,CS,DR,D
10:43:00,MYOR,RG,1555,51,D,CS,RX,F
10:42:24,MYOR,RG,1555,74,D,CS,DX,F
10:42:24,MYOR,RG,1555,49,D,CS,DX,F
10:42:24,MYOR,RG,1555,162,D,CS,DX,F
10:42:24,MYOR,RG,1555,2,D,CS,XC,D
10:42:10,MYOR,RG,1555,41,D,CS,RX,F
10:42:10,MYOR,RG,1555,10,D,DR,RX,F
10:42:10,MYOR,RG,1555,56,D,GR,RX,F
10:42:09,MYOR,RG,1555,44,D,GR,DX,F
10:42:09,MYOR,RG,1555,1,D,PD,DX,F
10:42:09,MYOR,RG,1555,1,D,PD,DX,F
10:42:09,MYOR,RG,1555,2,D,PD,DX,F
10:42:09,MYOR,RG,1555,19,D,XC,DX,F
10:42:09,MYOR,RG,1555,10,D,KK,DX,F
10:42:09,MYOR,RG,1555,10,D,EP,DX,F
10:42:09,MYOR,RG,1555,1,D,DH,DX,F
10:42:09,MYOR,RG,1555,3,D,XC,DX,F
10:42:09,MYOR,RG,1555,13,D,XL,DX,F
10:42:09,MYOR,RG,1555,1,D,XC,DX,F
10:42:09,MYOR,RG,1555,1,D,XC,DX,F
10:42:09,MYOR,RG,1555,197,D,YP,DX,F
10:41:45,MYOR,RG,1560,247,D,CS,YU,D
10:41:45,MYOR,RG,1560,49,D,CS,YU,D
10:41:45,MYOR,RG,1560,204,D,CS,YU,D
10:41:45,MYOR,RG,1560,101,D,BB,YU,D
10:41:45,MYOR,RG,1560,25,D,BQ,YU,D
10:41:45,MYOR,RG,1560,2,D,XC,YU,D
10:41:45,MYOR,RG,1560,2,D,OD,YU,D
10:41:45,MYOR,RG,1560,1,D,CC,YU,D
10:41:45,MYOR,RG,1560,1,D,XC,YU,D
10:41:45,MYOR,RG,1560,200,D,DR,YU,D
10:41:45,MYOR,RG,1560,247,D,CS,YU,D
10:41:45,MYOR,RG,1560,49,D,CS,YU,D
10:41:45,MYOR,RG,1560,204,D,CS,YU,D
10:41:45,MYOR,RG,1560,15,D,XC,YU,D
10:41:45,MYOR,RG,1560,6,D,XC,YU,D
10:41:45,MYOR,RG,1560,15,D,PD,YU,D
10:41:34,MYOR,RG,1560,110,D,PD,RX,F
10:41:32,MYOR,RG,1560,275,D,PD,YU,D
10:41:32,MYOR,RG,1560,1,D,XC,YU,D
10:41:32,MYOR,RG,1560,1,D,PD,YU,D
10:41:32,MYOR,RG,1560,1,D,XC,YU,D
10:41:32,MYOR,RG,1560,2,D,YP,YU,D
10:41:32,MYOR,RG,1560,220,D,CS,YU,D
10:41:25,MYOR,RG,1560,22,D,CS,RX,F
10:41:24,MYOR,RG,1560,4,D,CS,YU,D
10:41:24,MYOR,RG,1560,49,D,CS,YU,D
10:41:24,MYOR,RG,1560,47,D,CS,YU,D
10:41:22,MYOR,RG,1560,22,D,CS,RX,F
10:41:21,MYOR,RG,1560,100,D,CS,YU,D
10:41:19,MYOR,RG,1560,22,D,CS,RX,F
10:41:18,MYOR,RG,1560,14,D,CS,YU,D
10:41:18,MYOR,RG,1560,5,D,YP,YU,D
10:41:18,MYOR,RG,1560,6,D,YP,YU,D
10:41:18,MYOR,RG,1560,75,D,CC,YU,D
10:41:18,MYOR,RG,1560,22,D,CC,RX,F
10:41:16,MYOR,RG,1560,3,D,CC,YU,D
10:41:16,MYOR,RG,1560,10,D,PD,YU,D
10:41:16,MYOR,RG,1560,7,D,CP,YU,D
10:41:16,MYOR,RG,1560,42,D,BB,YU,D
10:41:16,MYOR,RG,1560,38,D,GR,YU,D
10:40:41,MYOR,RG,1560,5,D,GR,RX,F
10:40:39,MYOR,RG,1565,25,D,BQ,CC,D
10:38:56,MYOR,RG,1560,1,D,GR,RX,F
10:38:53,MYOR,RG,1565,1,D,PD,CC,D
10:38:20,MYOR,RG,1560,44,D,GR,RX,F
10:38:20,MYOR,RG,1560,100,D,GR,YU,D
10:38:17,MYOR,RG,1560,100,D,GR,YU,D
10:37:51,MYOR,RG,1565,1,D,XC,CC,D
10:37:34,MYOR,RG,1565,3,D,XL,CC,D
10:37:10,MYOR,RG,1560,2,D,GR,RX,F
10:37:09,MYOR,RG,1565,5,D,YP,CC,D
10:36:28,MYOR,RG,1565,1,D,SQ,CC,D
10:36:14,MYOR,RG,1565,1,D,YP,CC,D
10:36:08,MYOR,RG,1560,1,D,GR,RX,F
10:36:07,MYOR,RG,1565,3,D,BB,CC,D
10:36:06,MYOR,RG,1560,1,D,GR,YP,D
10:35:58,MYOR,RG,1560,6,D,GR,RX,F
10:35:58,MYOR,RG,1560,30,D,GR,YP,D
10:35:56,MYOR,RG,1560,1,D,GR,RX,F
10:35:56,MYOR,RG,1560,3,D,GR,YP,D
10:34:45,MYOR,RG,1560,1,D,GR,RX,F
10:34:43,MYOR,RG,1565,3,D,PD,CC,D
10:33:55,MYOR,RG,1560,1,D,GR,XC,D
10:33:25,MYOR,RG,1560,1,D,GR,RX,F
10:33:24,MYOR,RG,1560,40,D,GR,DX,F
10:33:24,MYOR,RG,1560,1,D,EP,DX,F
10:33:24,MYOR,RG,1560,9,D,YP,DX,F
10:33:24,MYOR,RG,1560,30,D,PD,DX,F
10:33:24,MYOR,RG,1560,2,D,YU,DX,F
10:33:24,MYOR,RG,1560,5,D,CC,DX,F
10:33:24,MYOR,RG,1560,10,D,XL,DX,F
10:33:24,MYOR,RG,1560,1,D,YP,DX,F
10:33:24,MYOR,RG,1560,1,D,SQ,DX,F
10:33:24,MYOR,RG,1560,2,D,CC,DX,F
10:33:13,MYOR,RG,1565,4,D,EP,CC,D
10:33:13,MYOR,RG,1565,12,D,EP,RX,F
10:33:13,MYOR,RG,1565,15,D,EP,XC,D
10:33:13,MYOR,RG,1565,10,D,EP,XC,D
10:33:13,MYOR,RG,1565,24,D,EP,NI,D
10:33:04,MYOR,RG,1565,3,D,XC,NI,D
10:32:41,MYOR,RG,1565,1,D,PD,NI,D
10:31:44,MYOR,RG,1565,11,D,YP,NI,D
10:31:44,MYOR,RG,1565,39,D,YP,RX,F
10:30:31,MYOR,RG,1565,4,D,XL,RX,F
10:30:26,MYOR,RG,1565,6,D,NI,RX,F
10:30:11,MYOR,RG,1560,7,D,CC,RX,F
10:30:10,MYOR,RG,1560,21,D,CC,EP,D
10:30:10,MYOR,RG,1560,12,D,NI,EP,D
10:29:40,MYOR,RG,1560,1,D,NI,RX,F
10:29:39,MYOR,RG,1560,3,D,XC,YP,D
10:29:28,MYOR,RG,1560,1,D,BB,RX,F
10:29:27,MYOR,RG,1560,5,D,BB,GR,D
10:29:23,MYOR,RG,1560,2,D,BB,RX,F
10:29:21,MYOR,RG,1560,1,D,BB,RX,F
10:29:20,MYOR,RG,1560,9,D,BB,XC,D
10:29:18,MYOR,RG,1560,4,D,BB,PD,D
10:25:58,MYOR,RG,1560,4,F,CC,YP,D
10:25:41,MYOR,RG,1560,39,F,CC,RX,F
10:25:41,MYOR,RG,1560,1,D,XC,RX,F
10:25:30,MYOR,RG,1560,71,D,CD,CS,D
10:25:30,MYOR,RG,1560,46,D,CD,CS,D
10:25:29,MYOR,RG,1560,65,D,CD,CS,D
10:25:29,MYOR,RG,1560,12,D,CD,CS,D
10:25:29,MYOR,RG,1560,96,D,CD,DX,F
10:25:29,MYOR,RG,1560,6,D,CD,RX,F
10:25:29,MYOR,RG,1560,10,D,CD,CS,D
10:25:29,MYOR,RG,1560,6,D,CD,CS,D
10:25:29,MYOR,RG,1560,14,D,CD,CS,D
10:25:29,MYOR,RG,1560,43,D,CD,RX,F
10:25:07,MYOR,RG,1560,2,D,KK,RX,F
10:25:07,MYOR,RG,1560,220,D,KK,DX,F
10:24:54,MYOR,RG,1560,32,D,CS,CS,D
10:24:54,MYOR,RG,1560,2,D,CS,XL,D
10:24:54,MYOR,RG,1560,13,D,CS,XC,D
10:24:54,MYOR,RG,1560,63,D,CS,CS,D
10:24:54,MYOR,RG,1560,1,D,CS,XC,D
10:24:54,MYOR,RG,1560,16,D,CS,CC,D
10:24:54,MYOR,RG,1560,101,D,CS,DX,F
10:24:54,MYOR,RG,1560,316,D,CS,RX,F
10:24:54,MYOR,RG,1560,194,D,CS,DX,F
10:24:54,MYOR,RG,1560,12,D,CS,DX,F
10:24:54,MYOR,RG,1560,44,D,CS,CS,D
10:24:54,MYOR,RG,1560,46,D,CS,CS,D
10:24:54,MYOR,RG,1560,13,D,CS,CS,D
10:24:54,MYOR,RG,1560,33,D,CS,YU,D
10:24:54,MYOR,RG,1560,614,D,CS,YU,D
10:24:30,MYOR,RG,1555,33,D,YP,RX,F
10:24:28,MYOR,RG,1560,55,D,DH,YU,D
10:24:20,MYOR,RG,1555,38,D,YP,NI,D
10:24:02,MYOR,RG,1555,81,D,YP,DX,F
10:24:02,MYOR,RG,1555,5,D,KK,DX,F
10:24:02,MYOR,RG,1555,8,D,YP,DX,F
10:24:02,MYOR,RG,1555,3,D,PD,DX,F
10:23:46,MYOR,RG,1555,2,D,PD,RX,F
10:23:46,MYOR,RG,1555,1,D,PD,RX,F
10:23:46,MYOR,RG,1555,48,D,AT,RX,F
10:23:43,MYOR,RG,1555,2,D,AT,XL,D
10:23:43,MYOR,RG,1555,3,D,YP,XL,D
10:23:26,MYOR,RG,1560,5,D,CC,YU,D
10:23:10,MYOR,RG,1560,1,D,XC,YU,D
10:22:22,MYOR,RG,1560,2,D,PD,YU,D
10:22:22,MYOR,RG,1560,2,D,XC,YU,D
10:22:22,MYOR,RG,1560,2,D,PD,YU,D
10:22:22,MYOR,RG,1560,1,D,XC,YU,D
10:22:22,MYOR,RG,1560,1,D,XC,YU,D
10:22:22,MYOR,RG,1560,50,D,CP,YU,D
10:22:22,MYOR,RG,1560,10,D,XL,YU,D
10:22:22,MYOR,RG,1560,3,D,XC,YU,D
10:22:22,MYOR,RG,1560,19,D,BB,YU,D
10:22:22,MYOR,RG,1560,15,D,XC,YU,D
10:22:22,MYOR,RG,1560,50,D,SQ,YU,D
10:22:22,MYOR,RG,1560,5,D,XC,YU,D
10:22:22,MYOR,RG,1560,20,D,NI,YU,D
10:22:22,MYOR,RG,1560,3,D,XC,YU,D
10:22:22,MYOR,RG,1560,49,D,CS,YU,D
10:22:22,MYOR,RG,1560,60,D,CS,YU,D
10:21:24,MYOR,RG,1560,20,D,CS,PD,D
10:21:08,MYOR,RG,1565,1,D,XC,CS,D
10:20:56,MYOR,RG,1565,10,D,PD,CS,D
10:20:54,MYOR,RG,1565,1,D,EP,CS,D
10:20:21,MYOR,RG,1565,5,D,DH,CS,D
10:20:07,MYOR,RG,1565,1,D,XC,CS,D
10:19:50,MYOR,RG,1565,1,D,PD,CS,D
10:19:16,MYOR,RG,1565,1,D,EP,CS,D
10:18:21,MYOR,RG,1565,8,D,XL,CS,D
10:17:18,MYOR,RG,1565,2,D,XC,DX,F
10:17:03,MYOR,RG,1565,1,D,XC,DX,F
10:16:57,MYOR,RG,1565,2,D,PD,DX,F
10:16:57,MYOR,RG,1565,8,D,PD,CS,D
10:16:38,MYOR,RG,1565,2,D,PD,CS,D
10:16:26,MYOR,RG,1565,23,D,PD,CS,D
10:16:26,MYOR,RG,1565,27,D,PD,CS,D
10:16:12,MYOR,RG,1565,2,D,XL,CS,D
10:16:10,MYOR,RG,1560,4,D,CS,RX,F
10:16:08,MYOR,RG,1560,15,D,CS,XC,D
10:15:58,MYOR,RG,1560,110,D,CS,RX,F
10:15:57,MYOR,RG,1560,37,D,CS,YU,D
10:15:57,MYOR,RG,1560,205,D,CS,YU,D
10:15:57,MYOR,RG,1560,5,D,XL,YU,D
10:15:57,MYOR,RG,1560,1,D,XL,YU,D
10:15:57,MYOR,RG,1560,1,D,PD,YU,D
10:15:57,MYOR,RG,1560,1,D,XC,YU,D
10:15:57,MYOR,RG,1560,73,F,CC,YU,D
10:15:57,MYOR,RG,1560,19,D,BB,YU,D
10:15:57,MYOR,RG,1560,10,D,YP,YU,D
10:15:57,MYOR,RG,1560,5,D,CC,YU,D
10:15:57,MYOR,RG,1560,14,D,XL,YU,D
10:15:57,MYOR,RG,1560,10,D,NI,YU,D
10:15:57,MYOR,RG,1560,60,D,CC,YU,D
10:15:57,MYOR,RG,1560,59,D,OD,YU,D
10:15:56,MYOR,RG,1560,18,D,OD,RX,F
10:15:50,MYOR,RG,1560,73,D,OD,YU,D
10:15:50,MYOR,RG,1560,3,D,PD,YU,D
10:15:50,MYOR,RG,1560,1,D,YP,YU,D
10:15:50,MYOR,RG,1560,7,D,YP,YU,D
10:15:50,MYOR,RG,1560,1,D,NI,YU,D
10:15:50,MYOR,RG,1560,3,D,XC,YU,D
10:15:50,MYOR,RG,1560,1,D,PD,YU,D
10:15:50,MYOR,RG,1560,2,D,NI,YU,D
10:15:50,MYOR,RG,1560,3,D,CC,YU,D
10:15:50,MYOR,RG,1560,1,D,XC,YU,D
10:15:50,MYOR,RG,1560,5,D,SQ,YU,D
10:15:46,MYOR,RG,1560,3,D,SQ,RX,F
10:15:44,MYOR,RG,1565,3,D,CP,CS,D
10:15:44,MYOR,RG,1565,7,D,CP,CS,D
10:15:17,MYOR,RG,1565,7,D,BB,CS,D
10:14:23,MYOR,RG,1565,6,D,BB,RX,F
10:14:08,MYOR,RG,1560,55,D,SQ,RX,F
10:14:07,MYOR,RG,1560,37,D,SQ,EP,D
10:14:07,MYOR,RG,1560,2,D,CC,EP,D
10:14:07,MYOR,RG,1560,3,D,XC,EP,D
10:14:07,MYOR,RG,1560,1,D,PD,EP,D
10:14:07,MYOR,RG,1560,7,D,PD,EP,D
10:14:07,MYOR,RG,1560,100,D,GR,EP,D
10:14:07,MYOR,RG,1560,7,D,PD,EP,D
10:14:07,MYOR,RG,1560,246,D,CS,EP,D
10:14:07,MYOR,RG,1560,36,D,CS,EP,D
10:13:48,MYOR,RG,1565,49,D,XL,DX,F
10:13:32,MYOR,RG,1565,20,D,BB,DX,F
10:13:16,MYOR,RG,1565,15,D,XC,DX,F
10:13:08,MYOR,RG,1560,1,D,CS,RX,F
10:13:07,MYOR,RG,1560,12,D,CS,XC,D
10:13:07,MYOR,RG,1560,3,D,CS,XC,D
10:12:54,MYOR,RG,1560,12,D,CS,RX,F
10:12:52,MYOR,RG,1560,90,D,CS,AK,F
10:12:51,MYOR,RG,1565,4,D,SQ,DX,F
10:12:38,MYOR,RG,1560,100,D,CS,RX,F
10:12:38,MYOR,RG,1560,5,D,ZP,RX,F
10:12:34,MYOR,RG,1560,495,D,ZP,DX,F
10:12:34,MYOR,RG,1560,10,D,PD,DX,F
10:12:34,MYOR,RG,1560,200,D,PD,DX,F
10:12:34,MYOR,RG,1560,246,D,CS,DX,F
10:12:34,MYOR,RG,1560,49,D,CS,DX,F
10:12:34,MYOR,RG,1560,205,D,CS,DX,F
10:12:34,MYOR,RG,1565,8,D,TP,CS,D
10:12:31,MYOR,RG,1565,1,D,PD,DX,F
10:12:31,MYOR,RG,1565,1,D,XC,DX,F
10:12:31,MYOR,RG,1565,10,D,CC,DX,F
10:12:31,MYOR,RG,1565,3,D,XL,DX,F
10:12:31,MYOR,RG,1565,6,D,XC,DX,F
10:12:31,MYOR,RG,1565,3,D,PD,DX,F
10:12:31,MYOR,RG,1565,48,D,XC,DX,F
10:12:31,MYOR,RG,1565,5,D,BB,DX,F
10:12:31,MYOR,RG,1565,5,D,XC,DX,F
10:12:31,MYOR,RG,1565,2,D,XC,DX,F
10:12:31,MYOR,RG,1565,2,D,ZP,DX,F
10:12:31,MYOR,RG,1565,3,D,YP,DX,F
10:12:31,MYOR,RG,1565,1,D,PD,DX,F
10:12:31,MYOR,RG,1565,1,D,YP,DX,F
10:12:31,MYOR,RG,1565,20,D,XL,DX,F
10:12:31,MYOR,RG,1565,2,D,PD,DX,F
10:12:31,MYOR,RG,1565,1,D,YP,DX,F
10:12:31,MYOR,RG,1565,4,D,XC,DX,F
10:12:31,MYOR,RG,1565,2,D,XC,DX,F
10:12:31,MYOR,RG,1565,492,D,CS,DX,F
10:12:31,MYOR,RG,1565,98,D,CS,DX,F
10:12:31,MYOR,RG,1565,400,D,CS,DX,F
10:12:31,MYOR,RG,1570,7,D,BB,DX,F
10:12:30,MYOR,RG,1570,18,F,CC,DX,F
10:12:30,MYOR,RG,1570,2,D,BB,DX,F
10:12:30,MYOR,RG,1570,1,D,PD,DX,F
10:12:30,MYOR,RG,1570,7,D,CC,DX,F
10:12:21,MYOR,RG,1575,1,D,PD,CC,D
10:11:39,MYOR,RG,1575,3,D,XL,CC,D
10:11:38,MYOR,RG,1570,3,D,CC,AK,F
10:11:38,MYOR,RG,1570,4,D,CC,AK,F
10:11:37,MYOR,RG,1570,4,D,CC,YU,D
10:11:37,MYOR,RG,1570,2,D,XC,YU,D
10:11:37,MYOR,RG,1570,2,D,XC,YU,D
10:11:37,MYOR,RG,1570,3,D,PD,YU,D
10:11:37,MYOR,RG,1570,10,D,CP,YU,D
10:11:37,MYOR,RG,1570,20,D,PD,YU,D
10:11:37,MYOR,RG,1570,5,D,CC,YU,D
10:11:37,MYOR,RG,1570,4,D,DH,YU,D
10:11:37,MYOR,RG,1570,13,D,NI,YU,D
10:11:37,MYOR,RG,1570,1,D,PD,YU,D
10:11:37,MYOR,RG,1570,15,D,XC,YU,D
10:11:37,MYOR,RG,1570,19,D,BB,YU,D
10:11:37,MYOR,RG,1570,1,D,SQ,YU,D
10:11:37,MYOR,RG,1570,1,D,CC,YU,D
10:11:31,MYOR,RG,1570,19,D,CC,YU,D
10:11:31,MYOR,RG,1570,20,D,GR,YU,D
10:11:31,MYOR,RG,1570,10,D,EP,YU,D
10:11:31,MYOR,RG,1570,51,D,CS,YU,D
10:11:31,MYOR,RG,1570,18,D,CS,AK,F
10:11:28,MYOR,RG,1570,177,D,CS,YU,D
10:11:28,MYOR,RG,1570,49,D,CS,YU,D
10:11:28,MYOR,RG,1570,205,D,CS,YU,D
10:11:28,MYOR,RG,1570,69,D,EP,YU,D
10:11:17,MYOR,RG,1575,7,D,XC,CC,D
10:11:00,MYOR,RG,1575,1,D,CC,CC,D
10:09:56,MYOR,RG,1575,5,D,XC,CC,D
10:09:33,MYOR,RG,1575,30,D,BB,CC,D
10:08:34,MYOR,RG,1575,2,D,CC,CC,D
10:07:33,MYOR,RG,1575,5,D,PD,CC,D
10:07:17,MYOR,RG,1570,1,D,EP,BQ,D
10:06:49,MYOR,RG,1570,5,D,EP,PD,D
10:06:30,MYOR,RG,1575,91,D,CS,CC,D
10:06:30,MYOR,RG,1575,25,D,CS,CC,D
10:06:30,MYOR,RG,1575,46,D,CS,CS,D
10:06:30,MYOR,RG,1575,84,D,CS,RX,F
10:06:30,MYOR,RG,1575,49,D,CS,RX,F
10:06:30,MYOR,RG,1575,72,D,CS,RX,F
10:06:30,MYOR,RG,1575,108,D,CS,AK,F
10:06:30,MYOR,RG,1575,25,D,CS,CS,D
10:05:27,MYOR,RG,1570,8,D,EP,AK,F
10:05:26,MYOR,RG,1575,21,D,BB,CS,D
10:04:20,MYOR,RG,1570,10,D,EP,CC,D
10:02:41,MYOR,RG,1570,85,D,EP,CC,D
10:01:51,MYOR,RG,1570,20,D,EP,XC,D
10:01:42,MYOR,RG,1570,21,D,EP,AK,F
10:01:41,MYOR,RG,1575,14,D,YP,CS,D
10:01:41,MYOR,RG,1575,186,D,YP,YU,D
10:01:36,MYOR,RG,1575,32,D,SQ,YU,D
10:01:33,MYOR,RG,1570,20,D,EP,YB,D
10:01:31,MYOR,RG,1575,90,D,EP,YU,D
10:01:04,MYOR,RG,1575,3,D,XL,YU,D
10:00:37,MYOR,RG,1570,11,D,EP,AK,F
10:00:37,MYOR,RG,1570,15,D,SQ,AK,F
10:00:37,MYOR,RG,1570,1,D,XC,AK,F
10:00:37,MYOR,RG,1570,6,D,XC,AK,F
10:00:37,MYOR,RG,1570,5,D,PD,AK,F
10:00:37,MYOR,RG,1570,5,D,PD,AK,F
10:00:37,MYOR,RG,1570,1,D,PD,AK,F
10:00:37,MYOR,RG,1570,1,D,PD,AK,F
10:00:37,MYOR,RG,1570,1,D,YP,AK,F
10:00:37,MYOR,RG,1575,20,D,XC,YU,D
10:00:30,MYOR,RG,1570,1,D,CC,XC,D
10:00:29,MYOR,RG,1570,20,D,CC,XC,D
10:00:01,MYOR,RG,1570,20,D,CC,PD,D
9:59:13,MYOR,RG,1570,7,D,CC,PC,D
9:59:09,MYOR,RG,1575,99,D,EP,YU,D
9:58:58,MYOR,RG,1575,1,D,NI,YU,D
9:58:58,MYOR,RG,1575,2,D,YP,YU,D
9:58:58,MYOR,RG,1575,1,D,SQ,YU,D
9:58:58,MYOR,RG,1575,21,D,BB,YU,D
9:58:58,MYOR,RG,1575,1,D,XC,YU,D
9:58:58,MYOR,RG,1575,1,D,PD,YU,D
9:58:58,MYOR,RG,1575,43,D,YP,YU,D
9:58:54,MYOR,RG,1575,100,D,YP,YU,D
9:58:52,MYOR,RG,1575,9,D,YP,XL,D
9:58:52,MYOR,RG,1575,100,D,YP,YU,D
9:58:38,MYOR,RG,1575,15,D,YP,PD,D
9:58:09,MYOR,RG,1575,233,D,YP,YP,D
9:58:09,MYOR,RG,1575,4,D,PD,YP,D
9:58:09,MYOR,RG,1575,1,D,XC,YP,D
9:58:09,MYOR,RG,1575,5,D,XC,YP,D
9:58:09,MYOR,RG,1575,21,D,BB,YP,D
9:58:09,MYOR,RG,1575,36,D,CS,YP,D
9:57:02,MYOR,RG,1575,13,D,CS,CC,D
9:57:02,MYOR,RG,1575,72,D,CS,CC,D
9:56:59,MYOR,RG,1580,32,D,BB,HD,D
9:56:10,MYOR,RG,1575,174,D,CS,AK,F
9:56:10,MYOR,RG,1575,26,D,CS,AK,F
9:56:06,MYOR,RG,1580,15,D,XC,HD,D
9:56:06,MYOR,RG,1580,5,D,XC,RX,F
9:55:52,MYOR,RG,1575,1,D,CS,PD,D
9:55:38,MYOR,RG,1575,59,D,CS,CS,D
9:55:38,MYOR,RG,1575,20,D,CS,RX,F
9:55:38,MYOR,RG,1575,35,D,CS,CS,D
9:55:38,MYOR,RG,1575,19,D,CS,CS,D
9:55:38,MYOR,RG,1575,30,D,CS,AK,F
9:55:38,MYOR,RG,1575,15,D,CS,RX,F
9:54:59,MYOR,RG,1570,2,D,CC,AK,F
9:54:58,MYOR,RG,1570,38,D,CC,NI,D
9:53:50,MYOR,RG,1575,1,D,BQ,RX,F
9:53:43,MYOR,RG,1575,2,D,XC,RX,F
9:53:33,MYOR,RG,1570,4,D,CC,KK,D
9:53:17,MYOR,RG,1575,1,D,KK,RX,F
9:53:06,MYOR,RG,1575,32,D,CS,RX,F
9:53:06,MYOR,RG,1575,80,D,CS,CS,D
9:53:06,MYOR,RG,1575,6,D,CS,AK,F
9:53:06,MYOR,RG,1575,211,D,CS,AK,F
9:53:06,MYOR,RG,1575,29,D,CS,CS,D
9:53:06,MYOR,RG,1575,56,D,CS,CS,D
9:53:06,MYOR,RG,1575,68,D,CS,CS,D
9:53:06,MYOR,RG,1575,10,D,CS,RX,F
9:53:06,MYOR,RG,1575,24,D,CS,RX,F
9:53:06,MYOR,RG,1575,1,D,CS,XC,D
9:53:06,MYOR,RG,1575,2,D,CS,XL,D
9:53:06,MYOR,RG,1575,71,D,CS,YU,D
9:53:06,MYOR,RG,1575,410,D,CS,YU,D
9:53:04,MYOR,RG,1575,1,D,KK,YU,D
9:52:49,MYOR,RG,1570,50,D,CC,PD,D
9:52:48,MYOR,RG,1570,20,D,CC,XC,D
9:52:34,MYOR,RG,1575,18,D,BB,YU,D
9:52:34,MYOR,RG,1575,15,D,BB,RX,F
9:51:57,MYOR,RG,1575,2,D,CC,RX,F
9:51:39,MYOR,RG,1575,1,D,PD,RX,F
9:51:36,MYOR,RG,1570,1,D,CC,PD,D
9:51:30,MYOR,RG,1575,10,D,NI,RX,F
9:51:14,MYOR,RG,1575,20,D,XC,RX,F
9:51:10,MYOR,RG,1570,2,D,CC,XC,D
9:50:53,MYOR,RG,1570,20,D,CC,XC,D
9:50:43,MYOR,RG,1570,1,D,CC,RX,F
9:50:43,MYOR,RG,1570,11,D,CC,AK,F
9:50:43,MYOR,RG,1570,1,D,CC,AK,F
9:50:43,MYOR,RG,1570,1,D,CC,RX,F
9:50:43,MYOR,RG,1570,4,D,CC,DH,D
9:50:21,MYOR,RG,1570,2,D,DR,DH,D
9:50:21,MYOR,RG,1570,1,D,DR,RX,F
9:50:21,MYOR,RG,1570,3,D,DR,AK,F
9:50:21,MYOR,RG,1570,2,D,DR,AK,F
9:50:21,MYOR,RG,1570,9,D,DR,CS,D
9:50:21,MYOR,RG,1570,9,D,DR,YP,D
9:48:40,MYOR,RG,1565,10,D,CS,YP,D
9:48:03,MYOR,RG,1575,2,D,BB,RX,F
9:48:02,MYOR,RG,1565,3,D,BB,XC,D
9:48:02,MYOR,RG,1565,5,D,BB,RX,F
9:48:02,MYOR,RG,1565,1,D,BB,PD,D
9:47:53,MYOR,RG,1565,14,D,PD,PD,D
9:47:53,MYOR,RG,1565,3,D,PD,AK,F
9:47:53,MYOR,RG,1565,2,D,PD,CS,D
9:47:53,MYOR,RG,1565,1,D,PD,CS,D
9:47:26,MYOR,RG,1565,2,D,EP,CS,D
9:47:26,MYOR,RG,1565,2,D,CC,CS,D
9:47:13,MYOR,RG,1565,2,D,XL,CS,D
9:47:10,MYOR,RG,1565,1,D,KK,CS,D
9:47:01,MYOR,RG,1565,5,D,PD,CS,D
9:46:57,MYOR,RG,1565,1,D,YP,CS,D
9:46:47,MYOR,RG,1565,1,D,XC,CS,D
9:45:55,MYOR,RG,1565,1,D,XC,CS,D
9:45:39,MYOR,RG,1565,2,D,NI,CS,D
9:45:39,MYOR,RG,1565,1,D,NI,RX,F
9:45:03,MYOR,RG,1565,3,D,XC,RX,F
9:44:51,MYOR,RG,1560,10,D,CC,PD,D
9:44:14,MYOR,RG,1565,10,D,PD,RX,F
9:44:08,MYOR,RG,1560,100,D,CC,YB,D
9:44:07,MYOR,RG,1565,3,D,YP,RX,F
9:43:06,MYOR,RG,1565,2,D,PD,RX,F
9:42:59,MYOR,RG,1560,14,D,CC,NI,D
9:42:55,MYOR,RG,1565,6,D,XC,RX,F
9:42:55,MYOR,RG,1560,15,D,CC,AK,F
9:42:53,MYOR,RG,1565,157,D,EP,RX,F
9:42:53,MYOR,RG,1565,5,D,EP,AK,F
9:42:53,MYOR,RG,1565,65,D,EP,CS,D
9:42:53,MYOR,RG,1565,10,D,EP,AK,F
9:42:53,MYOR,RG,1565,263,D,EP,CC,D
9:42:47,MYOR,RG,1560,2,D,CC,AK,F
9:42:46,MYOR,RG,1565,1,D,XC,CC,D
9:42:46,MYOR,RG,1565,2,D,PD,CC,D
9:42:46,MYOR,RG,1565,10,D,XC,CC,D
9:42:46,MYOR,RG,1565,3,D,XC,CC,D
9:42:46,MYOR,RG,1565,1,D,BB,CC,D
9:42:46,MYOR,RG,1565,20,D,PD,CC,D
9:42:44,MYOR,RG,1575,6,D,BB,AK,F
9:41:55,MYOR,RG,1565,1,D,PD,AK,F
9:41:55,MYOR,RG,1575,6,D,BB,AK,F
9:41:51,MYOR,RG,1575,1,D,YP,AK,F
9:41:35,MYOR,RG,1575,2,D,XC,AK,F
9:41:07,MYOR,RG,1575,6,D,BB,AK,F
9:41:04,MYOR,RG,1565,2,D,PD,AK,F
9:41:02,MYOR,RG,1575,12,D,XC,AK,F
9:41:02,MYOR,RG,1575,8,D,XC,CS,D
9:40:19,MYOR,RG,1575,6,D,BB,CS,D
9:40:12,MYOR,RG,1560,1,D,CC,AK,F
9:40:12,MYOR,RG,1575,6,D,PD,CS,D
9:40:12,MYOR,RG,1575,4,D,PD,CS,D
9:39:29,MYOR,RG,1575,1,D,BB,CS,D
9:39:29,MYOR,RG,1575,5,D,BB,BK,F
9:39:14,MYOR,RG,1560,15,D,CC,CC,D
9:38:57,MYOR,RG,1560,6,D,CC,PD,D
9:38:51,MYOR,RG,1575,19,D,XC,BK,F
9:38:28,MYOR,RG,1575,1,D,XC,BK,F
9:37:44,MYOR,RG,1580,2,D,BB,AK,F
9:37:43,MYOR,RG,1580,7,D,BB,AK,F
9:37:43,MYOR,RG,1580,193,D,EP,AK,F
9:37:43,MYOR,RG,1580,57,D,EP,CS,D
9:37:43,MYOR,RG,1580,99,D,EP,CS,D
9:37:43,MYOR,RG,1580,42,D,EP,AK,F
9:37:43,MYOR,RG,1580,200,D,EP,EP,D
9:37:43,MYOR,RG,1580,3,D,EP,YP,D
9:37:43,MYOR,RG,1580,1,D,EP,NI,D
9:37:43,MYOR,RG,1580,2,D,EP,YP,D
9:37:43,MYOR,RG,1580,223,D,EP,KK,D
9:37:43,MYOR,RG,1575,13,D,EP,RX,F
9:37:43,MYOR,RG,1575,100,D,EP,SQ,D
9:37:43,MYOR,RG,1575,1,D,EP,YP,D
9:37:43,MYOR,RG,1570,23,D,EP,RX,F
9:37:43,MYOR,RG,1570,5,D,EP,PD,D
9:37:43,MYOR,RG,1570,3,D,EP,RX,F
9:37:43,MYOR,RG,1570,80,D,EP,CC,D
9:37:43,MYOR,RG,1560,5,D,EP,XC,D
9:37:43,MYOR,RG,1560,196,D,EP,DX,F
9:37:43,MYOR,RG,1560,32,D,EP,RX,F
9:37:43,MYOR,RG,1560,46,D,EP,CS,D
9:37:43,MYOR,RG,1560,18,D,EP,AK,F
9:37:43,MYOR,RG,1560,64,D,EP,CS,D
9:37:43,MYOR,RG,1560,51,D,EP,AK,F
9:37:43,MYOR,RG,1560,43,D,EP,RX,F
9:37:28,MYOR,RG,1560,5,D,BB,RX,F
9:37:13,MYOR,RG,1560,1,D,NI,RX,F
9:36:41,MYOR,RG,1555,1,D,YP,AK,F
9:36:41,MYOR,RG,1560,7,D,BB,RX,F
9:36:36,MYOR,RG,1555,10,D,YP,AK,F
9:36:35,MYOR,RG,1560,14,D,EP,RX,F
9:36:35,MYOR,RG,1560,71,D,EP,CS,D
9:36:35,MYOR,RG,1560,53,D,EP,RX,F
9:36:35,MYOR,RG,1560,62,D,EP,DX,F
9:36:25,MYOR,RG,1560,2,D,DH,DX,F
9:36:24,MYOR,RG,1555,1,D,YP,AK,F
9:36:23,MYOR,RG,1560,3,D,XC,DX,F
9:36:13,MYOR,RG,1560,1,D,PD,DX,F
9:36:03,MYOR,RG,1560,1,D,PD,DX,F
9:35:43,MYOR,RG,1560,6,D,BB,DX,F
9:35:28,MYOR,RG,1560,2,D,NI,DX,F
9:34:55,MYOR,RG,1560,7,D,BB,DX,F
9:34:30,MYOR,RG,1555,1,D,YP,AK,F
9:34:29,MYOR,RG,1560,2,D,YP,DX,F
9:34:20,MYOR,RG,1560,2,D,XL,DX,F
9:34:02,MYOR,RG,1560,5,D,BB,DX,F
9:33:51,MYOR,RG,1560,1,D,XL,DX,F
9:33:36,MYOR,RG,1555,1,D,YP,AK,F
9:33:36,MYOR,RG,1560,13,D,PD,DX,F
9:33:34,MYOR,RG,1560,1,D,XC,DX,F
9:33:20,MYOR,RG,1560,5,D,XC,DX,F
9:33:15,MYOR,RG,1560,6,D,BB,DX,F
9:33:05,MYOR,RG,1560,1,D,PD,DX,F
9:32:55,MYOR,RG,1560,2,D,YP,DX,F
9:32:34,MYOR,RG,1560,100,D,SQ,DX,F
9:32:34,MYOR,RG,1560,1,D,PD,DX,F
9:32:25,MYOR,RG,1560,6,D,BB,DX,F
9:31:35,MYOR,RG,1555,133,D,YP,LG,D
9:31:35,MYOR,RG,1555,3,D,YP,LG,D
9:31:35,MYOR,RG,1555,1,D,PD,LG,D
9:31:35,MYOR,RG,1555,86,D,EP,LG,D
9:31:35,MYOR,RG,1555,1,D,PD,LG,D
9:31:35,MYOR,RG,1555,2,D,XC,LG,D
9:31:35,MYOR,RG,1555,1,D,YP,LG,D
9:31:35,MYOR,RG,1555,10,D,CC,LG,D
9:31:35,MYOR,RG,1555,2,D,PD,LG,D
9:31:35,MYOR,RG,1555,1,D,PD,LG,D
9:31:35,MYOR,RG,1555,10,D,CC,LG,D
9:31:35,MYOR,RG,1555,30,D,PD,LG,D
9:31:35,MYOR,RG,1555,4,D,SQ,LG,D
9:31:35,MYOR,RG,1555,20,D,NI,LG,D
9:31:35,MYOR,RG,1555,1,D,XC,LG,D
9:31:35,MYOR,RG,1555,1,D,PD,LG,D
9:31:35,MYOR,RG,1555,194,D,CS,LG,D
9:31:33,MYOR,RG,1560,7,D,BB,DX,F
9:30:43,MYOR,RG,1560,6,D,BB,DX,F
9:30:03,MYOR,RG,1560,3,D,PD,DX,F
9:29:51,MYOR,RG,1560,6,D,BB,DX,F
9:29:41,MYOR,RG,1560,1,D,CC,DX,F
9:29:20,MYOR,RG,1560,1,D,YP,DX,F
9:29:04,MYOR,RG,1555,20,D,CS,PD,D
9:29:00,MYOR,RG,1560,7,D,BB,DX,F
9:28:50,MYOR,RG,1560,2,D,XA,DX,F
9:28:50,MYOR,RG,1560,1,D,XA,RX,F
9:28:43,MYOR,RG,1560,2,D,NI,RX,F
9:28:36,MYOR,RG,1560,1,D,XC,RX,F
9:28:04,MYOR,RG,1560,6,D,BB,RX,F
9:27:35,MYOR,RG,1560,17,D,YP,RX,F
9:27:35,MYOR,RG,1560,3,D,YP,CS,D
9:27:30,MYOR,RG,1560,1,D,PD,CS,D
9:27:20,MYOR,RG,1560,3,D,XC,CS,D
9:27:12,MYOR,RG,1560,3,D,BB,CS,D
9:26:52,MYOR,RG,1560,1,D,YP,CS,D
9:26:51,MYOR,RG,1560,1,D,XC,CS,D
9:26:45,MYOR,RG,1560,1,D,YP,CS,D
9:26:41,MYOR,RG,1560,1,D,NI,CS,D
9:26:32,MYOR,RG,1560,1,D,XC,CS,D
9:26:20,MYOR,RG,1560,15,D,ZP,CS,D
9:26:01,MYOR,RG,1560,40,D,SQ,AK,F
9:25:52,MYOR,RG,1560,73,D,CS,AK,F
9:25:52,MYOR,RG,1560,97,D,CS,PD,D
9:25:52,MYOR,RG,1560,76,D,CS,DX,F
9:25:52,MYOR,RG,1560,49,D,CS,DX,F
9:25:52,MYOR,RG,1560,54,D,CS,DX,F
9:25:52,MYOR,RG,1560,151,D,CS,RX,F
9:25:51,MYOR,RG,1560,14,D,KK,RX,F
9:25:51,MYOR,RG,1560,199,D,KK,DX,F
9:25:51,MYOR,RG,1560,2,D,KK,AK,F
9:25:51,MYOR,RG,1560,5,D,KK,AK,F
9:25:51,MYOR,RG,1560,3,D,KK,AK,F
9:25:39,MYOR,RG,1560,1,D,XC,AK,F
9:25:34,MYOR,RG,1560,10,D,ZP,AK,F
9:25:25,MYOR,RG,1560,4,D,DR,DX,F
9:25:25,MYOR,RG,1560,1,D,XC,DX,F
9:25:25,MYOR,RG,1560,2,D,PD,DX,F
9:25:25,MYOR,RG,1560,5,D,YP,DX,F
9:25:25,MYOR,RG,1560,1,D,PD,DX,F
9:25:25,MYOR,RG,1560,1,D,PD,DX,F
9:25:25,MYOR,RG,1560,222,D,KK,DX,F
9:25:25,MYOR,RG,1560,5,D,LG,DX,F
9:25:25,MYOR,RG,1560,5,D,LG,DX,F
9:25:25,MYOR,RG,1560,246,D,CS,DX,F
9:25:25,MYOR,RG,1560,9,D,CS,DX,F
9:25:23,MYOR,RG,1565,1,D,BB,DX,F
9:25:22,MYOR,RG,1565,1,D,DH,DX,F
9:25:22,MYOR,RG,1565,3,D,DR,DX,F
9:25:22,MYOR,RG,1565,22,D,CC,DX,F
9:25:22,MYOR,RG,1565,1,D,XC,DX,F
9:25:22,MYOR,RG,1565,20,D,YP,DX,F
9:25:22,MYOR,RG,1565,2,D,PD,DX,F
9:25:22,MYOR,RG,1565,5,D,PD,DX,F
9:25:22,MYOR,RG,1565,15,D,NI,DX,F
9:25:20,MYOR,RG,1570,1,D,EP,DX,F
9:24:26,MYOR,RG,1565,5,D,NI,AK,F
9:24:26,MYOR,RG,1565,3,D,PD,AK,F
9:24:26,MYOR,RG,1590,1,D,XC,BK,F
9:23:48,MYOR,RG,1595,48,D,BB,AK,F
9:23:48,MYOR,RG,1595,305,D,EP,AK,F
9:23:48,MYOR,RG,1595,10,D,EP,YP,D
9:23:48,MYOR,RG,1595,115,D,EP,CS,D
9:23:48,MYOR,RG,1595,45,D,EP,RX,F
9:23:48,MYOR,RG,1595,200,D,EP,EP,D
9:23:48,MYOR,RG,1595,56,D,EP,SQ,D
9:23:48,MYOR,RG,1595,1,D,EP,PD,D
9:23:48,MYOR,RG,1595,1,D,EP,DH,D
9:23:48,MYOR,RG,1595,32,D,EP,XC,D
9:23:48,MYOR,RG,1595,100,D,EP,GR,D
9:23:48,MYOR,RG,1590,14,D,EP,XC,D
9:23:48,MYOR,RG,1590,4,D,EP,OD,D
9:23:48,MYOR,RG,1590,11,D,EP,SQ,D
9:23:48,MYOR,RG,1590,2,D,EP,PD,D
9:23:48,MYOR,RG,1590,2,D,EP,YP,D
9:23:48,MYOR,RG,1590,1,D,EP,PD,D
9:23:48,MYOR,RG,1590,8,D,EP,EP,D
9:23:48,MYOR,RG,1585,2,D,EP,XC,D
9:23:48,MYOR,RG,1585,1,D,EP,XC,D
9:23:48,MYOR,RG,1585,1,D,EP,DR,D
9:23:48,MYOR,RG,1570,1,D,EP,XC,D
9:23:48,MYOR,RG,1570,51,D,EP,RX,F
9:23:48,MYOR,RG,1570,370,D,EP,DX,F
9:23:48,MYOR,RG,1570,55,D,EP,RX,F
9:23:48,MYOR,RG,1565,5,D,EP,AK,F
9:23:48,MYOR,RG,1565,1,D,EP,XC,D
9:23:48,MYOR,RG,1565,38,D,EP,AK,F
9:23:48,MYOR,RG,1565,44,D,EP,CS,D
9:23:48,MYOR,RG,1565,2,D,EP,CS,D
9:23:48,MYOR,RG,1565,22,D,EP,CS,D
9:23:48,MYOR,RG,1565,20,D,EP,CS,D
9:23:48,MYOR,RG,1565,271,D,EP,RX,F
9:23:48,MYOR,RG,1565,199,D,EP,DX,F
9:23:48,MYOR,RG,1565,10,D,EP,DX,F
9:23:39,MYOR,RG,1560,20,D,CS,PD,D
9:22:39,MYOR,RG,1565,20,D,BB,DX,F
9:22:21,MYOR,RG,1560,18,D,CS,AK,F
9:22:20,MYOR,RG,1565,161,D,EP,DX,F
9:22:20,MYOR,RG,1565,39,D,EP,RX,F
9:22:08,MYOR,RG,1560,2,D,CS,NI,D
9:22:08,MYOR,RG,1560,3,D,CS,NI,D
9:22:00,MYOR,RG,1560,202,D,CS,DX,F
9:20:40,MYOR,RG,1555,30,D,CS,BQ,D
9:20:13,MYOR,RG,1555,2,D,CS,XL,D
9:20:13,MYOR,RG,1555,2,D,CS,XL,D
9:20:13,MYOR,RG,1555,2,D,CS,CC,D
9:19:21,MYOR,RG,1555,1,D,CS,OD,D
9:19:00,MYOR,RG,1555,44,D,CS,DX,F
9:19:00,MYOR,RG,1555,205,D,CS,DX,F
9:19:00,MYOR,RG,1555,10,D,XC,DX,F
9:19:00,MYOR,RG,1555,1,D,YP,DX,F
9:19:00,MYOR,RG,1555,3,D,YP,DX,F
9:19:00,MYOR,RG,1555,1,D,YP,DX,F
9:19:00,MYOR,RG,1555,1,D,XL,DX,F
9:19:00,MYOR,RG,1555,10,D,PD,DX,F
9:19:00,MYOR,RG,1555,1,D,XC,DX,F
9:19:00,MYOR,RG,1555,5,D,YP,DX,F
9:19:00,MYOR,RG,1555,1,D,PD,DX,F
9:19:00,MYOR,RG,1555,200,D,XA,DX,F
9:19:00,MYOR,RG,1555,1,D,KK,DX,F
9:19:00,MYOR,RG,1555,5,D,XL,DX,F
9:19:00,MYOR,RG,1555,17,D,BB,DX,F
9:19:00,MYOR,RG,1555,125,D,YP,DX,F
9:19:00,MYOR,RG,1555,15,D,YP,DX,F
9:19:00,MYOR,RG,1555,25,D,YP,DX,F
9:19:00,MYOR,RG,1555,5,D,NI,DX,F
9:19:00,MYOR,RG,1555,27,D,YP,DX,F
9:18:59,MYOR,RG,1580,1,D,PD,DX,F
9:18:48,MYOR,RG,1585,3,D,YP,AK,F
9:18:40,MYOR,RG,1585,10,D,PD,AK,F
9:17:46,MYOR,RG,1585,2,D,XC,AK,F
9:17:28,MYOR,RG,1585,139,D,EP,AK,F
9:17:27,MYOR,RG,1585,341,D,EP,DX,F
9:17:27,MYOR,RG,1585,115,D,EP,AK,F
9:17:27,MYOR,RG,1585,208,D,EP,EP,D
9:17:27,MYOR,RG,1585,1,D,EP,PD,D
9:17:27,MYOR,RG,1585,6,D,EP,XC,D
9:17:27,MYOR,RG,1585,14,D,EP,CC,D
9:17:27,MYOR,RG,1585,1,D,EP,PD,D
9:17:27,MYOR,RG,1585,1,D,EP,PD,D
9:17:27,MYOR,RG,1585,349,D,EP,AI,D
9:17:27,MYOR,RG,1580,1,D,EP,NI,D
9:17:27,MYOR,RG,1580,28,D,EP,XC,D
9:17:27,MYOR,RG,1580,3,D,EP,PD,D
9:17:27,MYOR,RG,1580,15,D,EP,XL,D
9:17:27,MYOR,RG,1580,21,D,EP,XL,D
9:17:27,MYOR,RG,1580,3,D,EP,CC,D
9:17:27,MYOR,RG,1580,1,D,EP,XL,D
9:17:27,MYOR,RG,1580,49,D,EP,YU,D
9:17:27,MYOR,RG,1580,46,D,EP,YU,D
9:17:27,MYOR,RG,1570,14,D,EP,RX,F
9:17:27,MYOR,RG,1570,116,D,EP,DX,F
9:17:27,MYOR,RG,1570,4,D,EP,RX,F
9:17:27,MYOR,RG,1570,31,D,EP,PD,D
9:17:27,MYOR,RG,1565,41,D,EP,RX,F
9:17:27,MYOR,RG,1565,224,D,EP,DX,F
9:17:27,MYOR,RG,1560,15,D,EP,PD,D
9:17:27,MYOR,RG,1560,107,D,EP,DX,F
9:17:27,MYOR,RG,1560,39,D,EP,RX,F
9:17:27,MYOR,RG,1560,142,D,EP,DX,F
9:17:27,MYOR,RG,1560,15,D,EP,AK,F
9:17:27,MYOR,RG,1560,45,D,EP,PD,D
9:17:27,MYOR,RG,1560,96,D,EP,AK,F
9:17:27,MYOR,RG,1560,2,D,EP,XC,D
9:17:27,MYOR,RG,1560,64,D,EP,RX,F
9:17:27,MYOR,RG,1560,141,D,EP,EP,D
9:17:27,MYOR,RG,1560,62,D,EP,YU,D
9:17:19,MYOR,RG,1555,2,D,YP,PD,D
9:16:41,MYOR,RG,1555,6,D,YP,XC,D
9:16:33,MYOR,RG,1560,20,D,PD,YU,D
9:16:21,MYOR,RG,1550,33,D,CS,SQ,D
9:16:21,MYOR,RG,1555,1,D,NI,SQ,D
9:16:06,MYOR,RG,1555,22,F,AK,AK,F
9:16:06,MYOR,RG,1555,18,F,AK,AK,F
9:16:06,MYOR,RG,1555,18,F,AK,AK,F
9:16:06,MYOR,RG,1555,65,F,AK,DX,F
9:16:06,MYOR,RG,1555,56,F,AK,DX,F
9:16:06,MYOR,RG,1555,29,F,AK,AK,F
9:16:06,MYOR,RG,1555,128,F,AK,AK,F
9:16:05,MYOR,RG,1555,56,F,AK,RX,F
9:16:05,MYOR,RG,1555,75,D,CS,RX,F
9:16:05,MYOR,RG,1555,417,D,CS,AK,F
9:16:05,MYOR,RG,1555,29,D,CS,AK,F
9:16:05,MYOR,RG,1555,31,D,CS,AK,F
9:16:05,MYOR,RG,1555,20,D,CS,CS,D
9:16:05,MYOR,RG,1555,18,D,CS,CS,D
9:16:05,MYOR,RG,1555,37,D,CS,CS,D
9:16:05,MYOR,RG,1555,14,D,CS,CS,D
9:16:05,MYOR,RG,1555,85,D,CS,AK,F
9:16:05,MYOR,RG,1555,138,D,CS,DX,F
9:16:05,MYOR,RG,1555,136,D,CS,RX,F
9:16:00,MYOR,RG,1550,20,D,CS,AK,F
9:15:59,MYOR,RG,1555,99,F,AK,RX,F
9:15:59,MYOR,RG,1555,114,F,AK,DX,F
9:15:59,MYOR,RG,1555,73,F,AK,CS,D
9:15:59,MYOR,RG,1555,6,F,AK,AK,F
9:15:59,MYOR,RG,1555,3,F,AK,AK,F
9:15:59,MYOR,RG,1555,205,F,AK,CC,D
9:15:50,MYOR,RG,1555,20,D,YP,CC,D
9:15:44,MYOR,RG,1550,29,D,CS,XL,D
9:15:12,MYOR,RG,1550,76,D,CS,AK,F
9:15:12,MYOR,RG,1550,2,D,XC,AK,F
9:15:12,MYOR,RG,1550,4,D,NI,AK,F
9:15:11,MYOR,RG,1555,50,D,CC,CC,D
9:15:00,MYOR,RG,1555,4,D,BB,CC,D
9:14:59,MYOR,RG,1555,1,D,DX,CC,D
9:14:59,MYOR,RG,1555,1,D,XC,CC,D
9:14:59,MYOR,RG,1555,100,D,CC,CC,D
9:14:59,MYOR,RG,1555,208,D,EP,CC,D
9:14:59,MYOR,RG,1555,3,D,BB,CC,D
9:14:59,MYOR,RG,1555,3,D,XC,CC,D
9:14:59,MYOR,RG,1555,20,D,PD,CC,D
9:14:59,MYOR,RG,1555,10,D,YP,CC,D
9:14:59,MYOR,RG,1555,10,D,CS,CC,D
9:14:48,MYOR,RG,1555,3,D,CS,XC,D
9:14:34,MYOR,RG,1555,233,D,CS,NI,D
9:14:34,MYOR,RG,1555,49,D,CS,NI,D
9:14:34,MYOR,RG,1555,168,D,CS,NI,D
9:14:20,MYOR,RG,1560,2,D,YP,YU,D
9:14:06,MYOR,RG,1560,2,D,BB,YU,D
9:14:04,MYOR,RG,1555,5,D,CS,PD,D
9:13:28,MYOR,RG,1560,2,D,NI,YU,D
9:13:27,MYOR,RG,1555,32,D,CS,ZP,D
9:13:27,MYOR,RG,1555,3,D,BB,ZP,D
9:13:27,MYOR,RG,1555,1,D,YP,ZP,D
9:13:27,MYOR,RG,1555,18,D,NI,ZP,D
9:13:27,MYOR,RG,1555,5,D,PD,ZP,D
9:13:27,MYOR,RG,1555,10,D,KK,ZP,D
9:13:27,MYOR,RG,1555,1,D,PD,ZP,D
9:13:18,MYOR,RG,1560,11,D,BB,YU,D
9:13:14,MYOR,RG,1560,1,D,XC,YU,D
9:13:01,MYOR,RG,1560,1,D,BB,XC,D
9:12:56,MYOR,RG,1560,48,F,AK,YU,D
9:12:56,MYOR,RG,1560,246,D,CS,YU,D
9:12:56,MYOR,RG,1560,49,D,CS,YU,D
9:12:56,MYOR,RG,1560,201,D,CS,YU,D
9:12:48,MYOR,RG,1560,4,D,CS,XC,D
9:12:48,MYOR,RG,1560,1,D,BB,XC,D
9:12:48,MYOR,RG,1560,1,D,DH,XC,D
9:12:48,MYOR,RG,1560,1,D,YP,XC,D
9:12:39,MYOR,RG,1560,1,D,XC,XL,D
9:12:37,MYOR,RG,1560,1,D,PD,KK,D
9:11:58,MYOR,RG,1570,81,D,EP,AK,F
9:11:58,MYOR,RG,1570,44,D,EP,RX,F
9:11:58,MYOR,RG,1570,102,D,EP,AK,F
9:11:58,MYOR,RG,1570,228,D,EP,DX,F
9:11:58,MYOR,RG,1570,29,D,EP,AK,F
9:11:58,MYOR,RG,1570,210,D,EP,RX,F
9:11:58,MYOR,RG,1570,40,D,EP,CS,D
9:11:58,MYOR,RG,1570,118,D,EP,AK,F
9:11:58,MYOR,RG,1570,148,D,EP,CC,D
9:11:35,MYOR,RG,1570,15,D,YP,CC,D
9:11:35,MYOR,RG,1570,10,D,BB,CC,D
9:11:35,MYOR,RG,1570,199,F,ZP,CC,D
9:11:34,MYOR,RG,1570,70,F,ZP,AK,F
9:11:34,MYOR,RG,1575,175,D,CS,AK,F
9:11:34,MYOR,RG,1575,100,D,CS,RX,F
9:11:34,MYOR,RG,1575,2,D,CS,DR,D
9:11:34,MYOR,RG,1575,96,D,CS,CS,D
9:11:34,MYOR,RG,1575,204,D,CS,DX,F
9:11:34,MYOR,RG,1575,406,D,CS,BK,F
9:11:34,MYOR,RG,1575,7,D,CS,BK,F
9:11:34,MYOR,RG,1575,81,D,CS,RX,F
9:11:34,MYOR,RG,1575,109,D,CS,AK,F
9:11:34,MYOR,RG,1575,301,D,CS,AK,F
9:11:34,MYOR,RG,1575,41,D,CS,CS,D
9:11:34,MYOR,RG,1575,210,D,CS,DX,F
9:11:34,MYOR,RG,1575,68,D,CS,RX,F
9:11:34,MYOR,RG,1575,13,D,CS,AK,F
9:11:34,MYOR,RG,1575,110,D,CS,AK,F
9:11:34,MYOR,RG,1575,39,D,CS,CS,D
9:11:34,MYOR,RG,1575,7,D,CS,KK,D
9:11:34,MYOR,RG,1575,31,D,CS,XC,D
9:11:33,MYOR,RG,1570,990,F,ZP,DX,F
9:11:29,MYOR,RG,1570,10,F,ZP,YP,D
9:11:27,MYOR,RG,1570,9,F,ZP,RX,F
9:11:21,MYOR,RG,1570,11,F,ZP,XC,D
9:11:19,MYOR,RG,1570,30,F,ZP,XA,D
9:11:19,MYOR,RG,1570,25,F,ZP,BK,F
9:11:15,MYOR,RG,1570,18,F,ZP,RX,F
9:11:11,MYOR,RG,1570,28,F,ZP,BK,F
9:11:07,MYOR,RG,1570,125,F,ZP,YP,D
9:11:07,MYOR,RG,1575,1,D,BB,XC,D
9:11:01,MYOR,RG,1570,124,F,ZP,RX,F
9:10:59,MYOR,RG,1570,500,F,ZP,AK,F
9:10:59,MYOR,RG,1570,142,F,ZP,RX,F
9:10:59,MYOR,RG,1570,500,F,ZP,AK,F
9:10:58,MYOR,RG,1570,150,F,ZP,NI,D
9:10:58,MYOR,RG,1570,500,F,ZP,AK,F
9:10:57,MYOR,RG,1570,500,F,ZP,AK,F
9:10:56,MYOR,RG,1570,39,F,ZP,RX,F
9:10:55,MYOR,RG,1570,2,F,ZP,CC,D
9:10:55,MYOR,RG,1570,222,F,ZP,DX,F
9:10:54,MYOR,RG,1570,67,F,ZP,AK,F
9:10:54,MYOR,RG,1570,60,F,ZP,PD,D
9:10:54,MYOR,RG,1570,21,F,ZP,PD,D
9:10:54,MYOR,RG,1565,300,F,ZP,PD,D
9:10:54,MYOR,RG,1560,4,F,ZP,RX,F
9:10:54,MYOR,RG,1560,6,F,ZP,RX,F
9:10:54,MYOR,RG,1560,50,F,ZP,YP,D
9:10:54,MYOR,RG,1555,12,F,ZP,YP,D
9:10:54,MYOR,RG,1555,17,F,ZP,RX,F
9:10:54,MYOR,RG,1555,138,F,ZP,DX,F
9:10:54,MYOR,RG,1555,38,F,ZP,AK,F
9:10:54,MYOR,RG,1555,22,F,ZP,RX,F
9:10:54,MYOR,RG,1550,2,F,ZP,DR,D
9:10:54,MYOR,RG,1550,1,F,ZP,XC,D
9:10:54,MYOR,RG,1550,96,F,ZP,DX,F
9:10:54,MYOR,RG,1550,17,F,ZP,AK,F
9:10:54,MYOR,RG,1550,23,F,ZP,AK,F
9:10:54,MYOR,RG,1550,71,F,ZP,RX,F
9:10:54,MYOR,RG,1550,60,F,ZP,CS,D
9:10:54,MYOR,RG,1550,37,F,ZP,CS,D
9:10:54,MYOR,RG,1550,227,F,ZP,AK,F
9:10:54,MYOR,RG,1550,240,F,ZP,YP,D
9:10:54,MYOR,RG,1550,97,F,ZP,RX,F
9:10:54,MYOR,RG,1550,58,F,ZP,CS,D
9:10:54,MYOR,RG,1550,142,F,ZP,DX,F
9:10:53,MYOR,RG,1550,10,D,NI,DX,F
9:10:53,MYOR,RG,1550,5,D,NI,DX,F
9:10:51,MYOR,RG,1550,1,D,XC,DX,F
9:10:46,MYOR,RG,1545,7,D,CS,YB,D
9:10:32,MYOR,RG,1550,8,D,XL,DX,F
9:10:27,MYOR,RG,1550,24,D,XC,DX,F
9:10:27,MYOR,RG,1550,1,D,XC,CS,D
9:10:27,MYOR,RG,1545,6,D,CS,YP,D
9:10:26,MYOR,RG,1545,5,D,CS,YP,D
9:10:14,MYOR,RG,1550,1,D,CC,CS,D
9:10:09,MYOR,RG,1545,2,D,CS,XC,D
9:10:02,MYOR,RG,1545,5,D,CS,XC,D
9:10:01,MYOR,RG,1550,1,D,KK,CS,D
9:09:58,MYOR,RG,1550,3,D,HD,AK,F
9:09:58,MYOR,RG,1550,6,D,HD,AK,F
9:09:58,MYOR,RG,1550,1,D,HD,XC,D
9:09:57,MYOR,RG,1550,2,D,PD,XC,D
9:09:56,MYOR,RG,1545,10,D,CS,CC,D
9:09:39,MYOR,RG,1545,114,D,CS,GR,D
9:09:39,MYOR,RG,1545,49,D,CS,GR,D
9:09:39,MYOR,RG,1545,205,D,CS,GR,D
9:09:32,MYOR,RG,1550,10,D,YP,GR,D
9:09:32,MYOR,RG,1550,10,D,HD,GR,D
9:09:32,MYOR,RG,1550,10,D,PD,GR,D
9:09:32,MYOR,RG,1550,1,D,BB,GR,D
9:09:32,MYOR,RG,1550,1,D,YP,GR,D
9:09:32,MYOR,RG,1550,100,D,YB,GR,D
9:09:11,MYOR,RG,1555,3,D,XC,DX,F
9:09:10,MYOR,RG,1555,2,D,AZ,DX,F
9:08:54,MYOR,RG,1555,2,D,NI,DX,F
9:08:45,MYOR,RG,1555,8,D,YP,DX,F
9:08:45,MYOR,RG,1555,5,D,YP,RX,F
9:08:45,MYOR,RG,1555,4,D,YP,RX,F
9:08:45,MYOR,RG,1555,6,D,YP,AK,F
9:08:45,MYOR,RG,1555,6,D,YP,AK,F
9:08:45,MYOR,RG,1555,21,D,YP,AK,F
9:08:39,MYOR,RG,1555,6,D,NI,AK,F
9:08:19,MYOR,RG,1550,65,F,AK,RX,F
9:08:19,MYOR,RG,1550,44,F,AK,AK,F
9:08:19,MYOR,RG,1550,203,F,AK,DX,F
9:08:19,MYOR,RG,1550,6,F,AK,AK,F
9:08:15,MYOR,RG,1540,1,F,AK,EP,D
9:08:14,MYOR,RG,1550,147,F,AK,CS,D
9:08:14,MYOR,RG,1550,37,F,AK,AK,F
9:08:14,MYOR,RG,1550,21,F,AK,AK,F
9:08:14,MYOR,RG,1550,95,F,AK,AK,F
9:08:14,MYOR,RG,1550,71,F,AK,CS,D
9:08:14,MYOR,RG,1550,70,F,AK,RX,F
9:08:13,MYOR,RG,1550,6,F,AK,AK,F
9:08:13,MYOR,RG,1550,46,F,AK,AK,F
9:08:13,MYOR,RG,1550,53,F,AK,CS,D
9:08:13,MYOR,RG,1550,24,F,AK,CS,D
9:08:13,MYOR,RG,1550,257,F,AK,DX,F
9:08:11,MYOR,RG,1550,118,F,AK,AK,F
9:08:11,MYOR,RG,1550,2,F,AK,NI,D
9:08:11,MYOR,RG,1550,55,F,AK,CS,D
9:08:11,MYOR,RG,1550,36,F,AK,CS,D
9:08:11,MYOR,RG,1550,85,F,AK,BK,F
9:08:11,MYOR,RG,1550,12,F,AK,CS,D
9:08:11,MYOR,RG,1550,14,F,AK,CS,D
9:08:11,MYOR,RG,1550,36,F,AK,CS,D
9:08:11,MYOR,RG,1550,9,F,AK,CS,D
9:08:11,MYOR,RG,1550,20,F,AK,RX,F
9:08:11,MYOR,RG,1550,6,F,AK,AK,F
9:08:11,MYOR,RG,1550,77,F,AK,RX,F
9:08:10,MYOR,RG,1550,31,D,CS,RX,F
9:08:10,MYOR,RG,1550,192,D,CS,DX,F
9:08:10,MYOR,RG,1550,23,D,CS,DX,F
9:08:10,MYOR,RG,1550,49,D,CS,DX,F
9:08:10,MYOR,RG,1550,116,D,CS,DX,F
9:08:10,MYOR,RG,1550,6,D,CS,AK,F
9:08:10,MYOR,RG,1550,83,D,CS,RX,F
9:07:58,MYOR,RG,1540,11,F,AK,RX,F
9:07:58,MYOR,RG,1540,10,D,SQ,RX,F
9:07:58,MYOR,RG,1540,1,D,XL,RX,F
9:07:58,MYOR,RG,1540,5,D,YP,RX,F
9:07:58,MYOR,RG,1540,10,D,CC,RX,F
9:07:58,MYOR,RG,1540,1,D,YP,RX,F
9:07:58,MYOR,RG,1540,5,D,YP,RX,F
9:07:58,MYOR,RG,1540,1,D,YP,RX,F
9:07:58,MYOR,RG,1540,1,D,YP,RX,F
9:07:58,MYOR,RG,1540,1,D,YP,RX,F
9:07:58,MYOR,RG,1540,3,D,KK,RX,F
9:07:58,MYOR,RG,1540,5,D,PD,RX,F
9:07:58,MYOR,RG,1540,3,D,PD,RX,F
9:07:58,MYOR,RG,1540,7,D,PD,RX,F
9:07:58,MYOR,RG,1540,1,D,SQ,RX,F
9:07:58,MYOR,RG,1540,10,D,XA,RX,F
9:07:58,MYOR,RG,1540,46,D,PD,RX,F
9:07:57,MYOR,RG,1540,2,D,PD,XC,D
9:07:45,MYOR,RG,1550,1,D,PD,RX,F
9:07:45,MYOR,RG,1540,1,D,PD,RX,F
9:07:43,MYOR,RG,1550,1,D,CC,RX,F
9:07:43,MYOR,RG,1540,1,D,PD,PD,D
9:07:43,MYOR,RG,1540,15,D,TP,PD,D
9:07:42,MYOR,RG,1545,1,D,YP,AK,F
9:07:42,MYOR,RG,1545,1,D,XC,AK,F
9:07:42,MYOR,RG,1545,10,D,XA,AK,F
9:07:42,MYOR,RG,1545,2,D,XL,AK,F
9:07:42,MYOR,RG,1545,1,D,XL,AK,F
9:07:42,MYOR,RG,1545,4,D,YP,AK,F
9:07:42,MYOR,RG,1545,1,D,YP,AK,F
9:07:42,MYOR,RG,1545,1,D,YP,AK,F
9:07:42,MYOR,RG,1545,5,D,PD,AK,F
9:07:42,MYOR,RG,1545,1,D,PD,AK,F
9:07:38,MYOR,RG,1550,1,D,OD,RX,F
9:07:30,MYOR,RG,1555,1,D,XC,DX,F
9:07:30,MYOR,RG,1555,1,D,XC,CS,D
9:07:30,MYOR,RG,1555,1,D,XC,RX,F
9:07:28,MYOR,RG,1550,10,D,OD,AK,F
9:07:28,MYOR,RG,1550,2,D,CC,AK,F
9:07:28,MYOR,RG,1550,100,D,CC,AK,F
9:07:28,MYOR,RG,1550,4,D,PD,AK,F
9:07:28,MYOR,RG,1550,1,D,PD,AK,F
9:07:28,MYOR,RG,1550,1,D,DR,AK,F
9:07:28,MYOR,RG,1550,1,D,DR,AK,F
9:07:28,MYOR,RG,1550,18,D,XC,AK,F
9:07:28,MYOR,RG,1550,10,D,YB,AK,F
9:07:28,MYOR,RG,1550,10,D,NI,AK,F
9:07:28,MYOR,RG,1550,10,D,XL,AK,F
9:07:28,MYOR,RG,1550,2,D,XC,AK,F
9:07:28,MYOR,RG,1550,2,D,XC,AK,F
9:07:28,MYOR,RG,1550,1,D,XC,AK,F
9:07:28,MYOR,RG,1550,5,D,NI,AK,F
9:07:28,MYOR,RG,1550,5,D,TP,AK,F
9:07:28,MYOR,RG,1550,70,D,YP,AK,F
9:07:28,MYOR,RG,1550,33,D,XL,AK,F
9:07:28,MYOR,RG,1550,67,D,XL,NI,D
9:07:28,MYOR,RG,1550,20,D,XL,NI,D
9:07:28,MYOR,RG,1550,1,D,XL,NI,D
9:07:28,MYOR,RG,1550,2,D,XL,NI,D
9:07:28,MYOR,RG,1550,25,D,YP,NI,D
9:07:28,MYOR,RG,1550,10,D,YP,NI,D
9:07:28,MYOR,RG,1550,26,D,XL,NI,D
9:07:28,MYOR,RG,1550,3,D,YP,NI,D
9:07:28,MYOR,RG,1550,10,D,YP,NI,D
9:07:28,MYOR,RG,1550,18,D,CC,NI,D
9:07:28,MYOR,RG,1550,1,D,YP,NI,D
9:07:28,MYOR,RG,1550,2,D,YP,NI,D
9:07:28,MYOR,RG,1550,200,D,YP,NI,D
9:07:28,MYOR,RG,1550,1,D,YP,NI,D
9:07:28,MYOR,RG,1550,25,D,YP,NI,D
9:07:28,MYOR,RG,1550,1,D,PD,NI,D
9:07:28,MYOR,RG,1550,1,D,YP,NI,D
9:07:28,MYOR,RG,1550,1,D,PD,NI,D
9:07:28,MYOR,RG,1550,50,D,LG,NI,D
9:07:28,MYOR,RG,1550,336,D,YP,NI,D
9:07:24,MYOR,RG,1550,164,D,YP,RX,F
9:07:24,MYOR,RG,1550,7,D,DH,RX,F
9:07:24,MYOR,RG,1550,1,D,PD,RX,F
9:07:24,MYOR,RG,1550,2,D,PD,RX,F
9:07:24,MYOR,RG,1550,1,D,YP,RX,F
9:07:24,MYOR,RG,1550,5,D,YP,RX,F
9:07:24,MYOR,RG,1550,6,D,YP,RX,F
9:07:24,MYOR,RG,1550,18,D,PD,RX,F
9:07:24,MYOR,RG,1550,20,D,PD,CC,D
9:07:23,MYOR,RG,1550,26,D,PD,XA,D
9:07:23,MYOR,RG,1550,1,D,PD,XA,D
9:07:23,MYOR,RG,1550,2,D,KK,XA,D
9:07:23,MYOR,RG,1550,10,D,KK,XA,D
9:07:23,MYOR,RG,1550,1,D,PD,XA,D
9:07:23,MYOR,RG,1550,1,D,XC,XA,D
9:07:23,MYOR,RG,1550,4,D,DR,XA,D
9:07:23,MYOR,RG,1550,20,D,ZP,XA,D
9:07:23,MYOR,RG,1550,2,D,PD,XA,D
9:07:23,MYOR,RG,1550,2,D,PD,XA,D
9:07:23,MYOR,RG,1550,100,D,CC,XA,D
9:07:23,MYOR,RG,1550,5,D,SQ,XA,D
9:07:23,MYOR,RG,1550,25,D,SQ,XA,D
9:07:23,MYOR,RG,1550,3,D,EP,XA,D
9:07:23,MYOR,RG,1550,15,D,PD,XA,D
9:07:23,MYOR,RG,1550,130,D,GR,XA,D
9:07:23,MYOR,RG,1550,1,D,PD,XA,D
9:07:23,MYOR,RG,1550,402,F,CS,XA,D
9:07:23,MYOR,RG,1550,98,F,CS,EP,D
9:07:23,MYOR,RG,1550,1,D,PD,EP,D
9:07:23,MYOR,RG,1550,1,D,SQ,EP,D
9:07:23,MYOR,RG,1550,299,D,SQ,DX,F
9:07:23,MYOR,RG,1550,20,D,PD,DX,F
9:07:23,MYOR,RG,1550,5,D,SQ,DX,F
9:07:23,MYOR,RG,1550,5,D,XC,DX,F
9:07:23,MYOR,RG,1550,33,D,XA,DX,F
9:07:23,MYOR,RG,1550,1,D,XC,DX,F
9:07:23,MYOR,RG,1550,1,D,XC,DX,F
9:07:23,MYOR,RG,1550,10,D,KK,DX,F
9:07:23,MYOR,RG,1550,25,D,DR,DX,F
9:07:12,MYOR,RG,1555,2,D,XC,RX,F
9:07:12,MYOR,RG,1555,1,D,AZ,RX,F
9:07:11,MYOR,RG,1555,12,D,AZ,CS,D
9:07:11,MYOR,RG,1555,24,D,AZ,CS,D
9:07:01,MYOR,RG,1555,23,D,AZ,RX,F
9:06:58,MYOR,RG,1555,40,D,AZ,DX,F
9:06:58,MYOR,RG,1555,14,D,YB,DX,F
9:06:58,MYOR,RG,1555,6,D,PD,DX,F
9:06:58,MYOR,RG,1555,123,D,PD,DX,F
9:06:54,MYOR,RG,1555,77,D,PD,RX,F
9:06:50,MYOR,RG,1560,3,D,PD,DX,F
9:06:49,MYOR,RG,1555,2,D,DR,CS,D
9:06:49,MYOR,RG,1555,1,D,YP,CS,D
9:06:49,MYOR,RG,1555,1,D,XC,CS,D
9:06:49,MYOR,RG,1555,14,D,YP,CS,D
9:06:48,MYOR,RG,1555,6,D,YP,IF,D
9:06:48,MYOR,RG,1555,2,D,XC,IF,D
9:06:48,MYOR,RG,1555,1,D,YP,IF,D
9:06:48,MYOR,RG,1555,30,D,BB,IF,D
9:06:48,MYOR,RG,1555,247,D,CS,IF,D
9:06:48,MYOR,RG,1555,49,D,CS,IF,D
9:06:48,MYOR,RG,1555,204,D,CS,IF,D
9:06:48,MYOR,RG,1555,10,D,XA,IF,D
9:06:48,MYOR,RG,1555,2,D,XL,IF,D
9:06:48,MYOR,RG,1555,2,D,YP,IF,D
9:06:48,MYOR,RG,1555,1,D,YP,IF,D
9:06:48,MYOR,RG,1555,15,D,YP,IF,D
9:06:48,MYOR,RG,1555,20,D,CC,IF,D
9:06:48,MYOR,RG,1555,1,D,YP,IF,D
9:06:48,MYOR,RG,1555,1,D,PD,IF,D
9:06:48,MYOR,RG,1555,9,D,DH,IF,D
9:06:48,MYOR,RG,1555,11,D,DH,CS,D
9:06:48,MYOR,RG,1560,1,D,XC,CS,D
9:06:48,MYOR,RG,1560,17,D,XC,CS,D
9:06:48,MYOR,RG,1560,2,D,XC,CS,D
9:06:48,MYOR,RG,1560,1,D,XC,CS,D
9:06:48,MYOR,RG,1560,1,D,YP,CS,D
9:06:48,MYOR,RG,1560,1,D,OD,CS,D
9:06:48,MYOR,RG,1560,30,D,CS,CS,D
9:06:48,MYOR,RG,1560,11,D,CS,AK,F
9:06:47,MYOR,RG,1560,205,D,CS,CC,D
9:06:47,MYOR,RG,1560,49,D,CS,CC,D
9:06:47,MYOR,RG,1560,205,D,CS,CC,D
9:06:47,MYOR,RG,1560,1,D,XC,CC,D
9:06:47,MYOR,RG,1560,23,D,CS,CC,D
9:06:45,MYOR,RG,1560,76,D,CS,KK,D
9:06:45,MYOR,RG,1560,19,D,CS,KK,D
9:06:45,MYOR,RG,1560,5,D,CS,KK,D
9:06:44,MYOR,RG,1560,1,D,CS,RX,F
9:06:43,MYOR,RG,1560,76,D,CS,ZP,D
9:06:43,MYOR,RG,1560,1,D,XC,ZP,D
9:06:43,MYOR,RG,1560,1,D,PD,ZP,D
9:06:43,MYOR,RG,1560,3,D,KK,ZP,D
9:06:43,MYOR,RG,1560,1,D,YP,ZP,D
9:06:43,MYOR,RG,1560,1,D,YP,ZP,D
9:06:43,MYOR,RG,1560,1,D,YP,ZP,D
9:06:43,MYOR,RG,1560,11,D,YP,ZP,D
9:06:43,MYOR,RG,1560,5,D,CC,ZP,D
9:06:27,MYOR,RG,1560,4,D,CC,CC,D
9:06:20,MYOR,RG,1560,1,D,CC,XC,D
9:06:20,MYOR,RG,1560,1,D,YP,XC,D
9:05:50,MYOR,RG,1565,6,D,PD,RX,F
9:05:44,MYOR,RG,1565,1,D,XC,RX,F
9:05:41,MYOR,RG,1565,4,D,BB,RX,F
9:05:33,MYOR,RG,1560,3,D,CC,RX,F
9:05:33,MYOR,RG,1560,1,D,PD,RX,F
9:05:33,MYOR,RG,1560,1,D,YP,RX,F
9:05:33,MYOR,RG,1560,1,D,CC,RX,F
9:05:33,MYOR,RG,1560,3,D,CC,RX,F
9:05:33,MYOR,RG,1560,1,D,AT,RX,F
9:05:33,MYOR,RG,1560,72,D,DR,RX,F
9:05:32,MYOR,RG,1560,28,D,DR,KK,D
9:05:32,MYOR,RG,1560,1,D,PD,KK,D
9:05:32,MYOR,RG,1560,1,D,PD,KK,D
9:05:32,MYOR,RG,1560,1,D,PD,KK,D
9:05:32,MYOR,RG,1560,14,D,MU,KK,D
9:05:32,MYOR,RG,1560,35,D,MU,HP,D
9:05:31,MYOR,RG,1560,1,D,MU,CC,D
9:05:15,MYOR,RG,1565,1,D,XC,AK,F
9:05:15,MYOR,RG,1565,1,D,BB,AK,F
9:05:15,MYOR,RG,1565,2,D,XC,AK,F
9:05:15,MYOR,RG,1565,1,D,EP,AK,F
9:05:15,MYOR,RG,1565,107,D,CC,AK,F
9:05:15,MYOR,RG,1565,2,D,XC,AK,F
9:05:15,MYOR,RG,1565,3,D,XC,AK,F
9:05:15,MYOR,RG,1565,3,D,KK,AK,F
9:05:15,MYOR,RG,1565,2,D,CC,AK,F
9:05:15,MYOR,RG,1565,3,D,KK,AK,F
9:05:15,MYOR,RG,1565,10,D,ZP,AK,F
9:05:15,MYOR,RG,1565,1,D,XL,AK,F
9:05:15,MYOR,RG,1565,6,D,XC,AK,F
9:05:15,MYOR,RG,1565,1,D,YP,AK,F
9:05:15,MYOR,RG,1565,3,D,PD,AK,F
9:05:15,MYOR,RG,1565,247,D,CS,AK,F
9:05:15,MYOR,RG,1565,40,D,CS,AK,F
9:05:15,MYOR,RG,1565,9,D,CS,BK,F
9:05:15,MYOR,RG,1565,161,D,CS,BK,F
9:05:14,MYOR,RG,1565,30,D,CS,NI,D
9:05:05,MYOR,RG,1565,13,D,CS,XC,D
9:05:05,MYOR,RG,1565,1,D,BB,XC,D
9:05:05,MYOR,RG,1565,2,D,XL,XC,D
9:05:05,MYOR,RG,1565,4,D,XA,XC,D
9:05:03,MYOR,RG,1570,1,D,EP,CS,D
9:04:40,MYOR,RG,1565,3,D,XA,XL,D
9:04:32,MYOR,RG,1565,3,D,XA,RX,F
9:04:32,MYOR,RG,1565,2,D,XL,RX,F
9:04:32,MYOR,RG,1565,1,D,YP,RX,F
9:04:32,MYOR,RG,1565,3,D,CC,RX,F
9:04:23,MYOR,RG,1565,1,D,CC,RX,F
9:04:22,MYOR,RG,1565,5,D,CC,XC,D
9:04:21,MYOR,RG,1565,3,D,CC,RX,F
9:04:19,MYOR,RG,1565,8,D,CC,GR,D
9:04:19,MYOR,RG,1565,1,D,CC,GR,D
9:04:19,MYOR,RG,1565,6,D,PD,GR,D
9:04:19,MYOR,RG,1565,4,D,PD,YP,D
9:04:19,MYOR,RG,1565,1,D,PD,YP,D
9:04:19,MYOR,RG,1565,1,D,PD,YP,D
9:04:19,MYOR,RG,1565,1,D,DH,YP,D
9:04:19,MYOR,RG,1565,3,D,ZP,YP,D
9:04:15,MYOR,RG,1565,2,D,ZP,BQ,D
9:04:15,MYOR,RG,1565,1,D,KK,BQ,D
9:04:09,MYOR,RG,1565,1,D,KK,XL,D
9:04:03,MYOR,RG,1570,2,D,OD,RX,F
9:04:03,MYOR,RG,1570,2,D,PD,RX,F
9:03:57,MYOR,RG,1570,100,D,NI,YU,D
9:03:57,MYOR,RG,1570,1,D,YP,YU,D
9:03:57,MYOR,RG,1570,148,D,CS,YU,D
9:03:57,MYOR,RG,1570,123,D,CS,YU,D
9:03:57,MYOR,RG,1570,29,D,CS,YU,D
9:03:57,MYOR,RG,1570,55,D,CS,YU,D
9:03:47,MYOR,RG,1570,100,D,CS,YU,D
9:03:29,MYOR,RG,1570,5,D,CS,EP,D
9:03:09,MYOR,RG,1570,86,D,CS,DX,F
9:03:09,MYOR,RG,1570,40,D,CS,DX,F
9:03:08,MYOR,RG,1570,9,D,CS,RX,F
9:03:08,MYOR,RG,1570,15,D,CS,RX,F
9:03:08,MYOR,RG,1570,9,D,CS,AK,F
9:03:08,MYOR,RG,1570,114,D,CS,DX,F
9:03:08,MYOR,RG,1570,26,D,CS,AK,F
9:03:08,MYOR,RG,1570,4,D,CS,AK,F
9:03:08,MYOR,RG,1570,37,D,CS,AK,F
9:03:05,MYOR,RG,1570,138,F,AK,RX,F
9:03:05,MYOR,RG,1570,16,F,AK,AK,F
9:03:05,MYOR,RG,1570,71,F,AK,AK,F
9:03:05,MYOR,RG,1570,209,F,AK,DX,F
9:03:05,MYOR,RG,1570,47,F,AK,AK,F
9:03:04,MYOR,RG,1570,247,D,CS,AK,F
9:03:04,MYOR,RG,1570,49,D,CS,AK,F
9:03:04,MYOR,RG,1570,204,D,CS,AK,F
9:02:49,MYOR,RG,1570,41,F,AK,AK,F
9:02:49,MYOR,RG,1570,4,F,AK,AK,F
9:02:49,MYOR,RG,1570,10,F,AK,AK,F
9:02:49,MYOR,RG,1570,100,F,AK,YU,D
9:02:49,MYOR,RG,1570,25,F,AK,RX,F
9:02:48,MYOR,RG,1570,68,F,AK,RX,F
9:02:48,MYOR,RG,1570,67,F,AK,CS,D
