Time,Stock,Brd,Price,Qty,BT,BC,SC,ST
15:07:42,MYOR,RG,2120,3,D,CC,KK,D
15:07:20,MYOR,RG,2120,1,D,CC,PD,D
15:06:34,MYOR,RG,2120,1,D,CC,KK,D
15:04:47,MYOR,RG,2120,20,D,CC,ZP,D
15:03:50,MYOR,RG,2120,2,D,CC,XC,D
15:03:39,MYOR,RG,2120,7503,D,CC,DX,D
15:03:39,MYOR,RG,2120,1,D,DX,DX,D
15:03:39,MYOR,RG,2120,1,D,XC,DX,D
15:03:39,MYOR,RG,2120,2,D,XC,DX,D
15:03:39,MYOR,RG,2120,10,D,PD,DX,D
15:03:39,MYOR,RG,2120,391,D,CC,DX,D
15:01:31,MYOR,RG,2120,3,D,CC,EP,D
15:00:00,MYOR,RG,2120,1,D,CC,CC,D
15:00:00,MYOR,RG,2120,20,D,CC,ZP,D
15:00:00,MYOR,RG,2120,4,D,CC,KK,D
15:00:00,MYOR,RG,2120,20,D,CC,PD,D
15:00:00,MYOR,RG,2120,249,D,CC,DX,D
15:00:00,MYOR,RG,2120,1000,D,CC,DX,D
15:00:00,MYOR,RG,2120,1,D,DR,DX,D
15:00:00,MYOR,RG,2120,1,D,XC,DX,D
15:00:00,MYOR,RG,2120,1,D,PD,DX,D
15:00:00,MYOR,RG,2120,10,D,NI,DX,D
15:00:00,MYOR,RG,2120,5,D,PD,DX,D
15:00:00,MYOR,RG,2120,1,D,PD,DX,D
15:00:00,MYOR,RG,2120,1000,D,CC,DX,D
15:00:00,MYOR,RG,2120,1,D,XC,DX,D
15:00:00,MYOR,RG,2120,11,D,NI,DX,D
15:00:00,MYOR,RG,2120,1,D,PD,DX,D
15:00:00,MYOR,RG,2120,200,D,KK,DX,D
15:00:00,MYOR,RG,2120,10,D,XC,DX,D
15:00:00,MYOR,RG,2120,136,F,ZP,DX,D
15:00:00,MYOR,RG,2120,162,F,ZP,DX,D
15:00:00,MYOR,RG,2120,41,F,ZP,DX,D
15:00:00,MYOR,RG,2120,670,F,CS,DX,D
15:00:00,MYOR,RG,2120,11,F,CS,YP,D
15:00:00,MYOR,RG,2120,49,F,CS,YP,D
15:00:00,MYOR,RG,2120,10,F,CS,YP,D
15:00:00,MYOR,RG,2120,5,F,CS,KK,D
15:00:00,MYOR,RG,2120,10,F,CS,CP,D
15:00:00,MYOR,RG,2120,1,F,CS,YP,D
15:00:00,MYOR,RG,2120,5,F,CS,NI,D
14:49:58,MYOR,RG,2130,6,F,ZP,DX,D
14:49:58,MYOR,RG,2130,2,F,ZP,DX,D
14:49:58,MYOR,RG,2130,1,F,ZP,DX,D
14:49:56,MYOR,RG,2130,1,F,ZP,DX,D
14:49:56,MYOR,RG,2130,14,F,CS,DX,D
14:49:55,MYOR,RG,2130,11,F,ZP,DX,D
14:49:54,MYOR,RG,2130,4,F,ZP,DX,D
14:49:53,MYOR,RG,2130,1,F,ZP,DX,D
14:49:50,MYOR,RG,2130,9,F,ZP,DX,D
14:49:42,MYOR,RG,2130,3,F,ZP,DX,D
14:49:42,MYOR,RG,2130,20,F,CS,DX,D
14:49:41,MYOR,RG,2130,18,F,ZP,DX,D
14:49:39,MYOR,RG,2130,19,F,ZP,DX,D
14:49:25,MYOR,RG,2130,4,F,ZP,DX,D
14:49:22,MYOR,RG,2130,4,F,ZP,DX,D
14:49:21,MYOR,RG,2130,21,F,CS,DX,D
14:49:21,MYOR,RG,2130,10,F,ZP,DX,D
14:49:00,MYOR,RG,2130,14,F,CS,DX,D
14:49:00,MYOR,RG,2130,2,F,AK,DX,D
14:49:00,MYOR,RG,2130,1,F,AK,DX,D
14:49:00,MYOR,RG,2130,1,F,AK,DX,D
14:48:51,MYOR,RG,2130,1,D,XC,DX,D
14:48:46,MYOR,RG,2130,8,F,ZP,DX,D
14:48:46,MYOR,RG,2130,16,F,CS,DX,D
14:48:45,MYOR,RG,2130,5,D,XC,DX,D
14:48:45,MYOR,RG,2130,2,F,AK,DX,D
14:48:29,MYOR,RG,2130,20,F,CS,DX,D
14:48:09,MYOR,RG,2130,7,F,CS,DX,D
14:48:09,MYOR,RG,2130,14,F,CS,DX,D
14:48:04,MYOR,RG,2120,11,F,ZP,KZ,D
14:48:04,MYOR,RG,2120,1,D,YP,KZ,D
14:48:04,MYOR,RG,2120,4,D,OD,KZ,D
14:48:04,MYOR,RG,2120,6,D,OD,KZ,D
14:48:04,MYOR,RG,2120,2,D,PD,KZ,D
14:48:04,MYOR,RG,2120,5,D,PD,KZ,D
14:48:04,MYOR,RG,2120,5,D,PD,KZ,D
14:48:04,MYOR,RG,2120,13,D,YP,KZ,D
14:48:00,MYOR,RG,2130,5,F,AK,DX,D
14:47:48,MYOR,RG,2130,21,F,CS,DX,D
14:47:30,MYOR,RG,2130,2,F,ZP,DX,D
14:47:30,MYOR,RG,2130,10,F,ZP,DX,D
14:47:30,MYOR,RG,2130,11,F,ZP,DX,D
14:47:27,MYOR,RG,2130,22,F,CS,DX,D
14:47:08,MYOR,RG,2130,5,F,AK,DX,D
14:47:07,MYOR,RG,2130,25,D,KK,DX,D
14:47:05,MYOR,RG,2130,19,F,CS,DX,D
14:46:46,MYOR,RG,2130,20,F,CS,DX,D
14:46:25,MYOR,RG,2130,12,F,CS,DX,D
14:46:25,MYOR,RG,2130,4,F,CS,YP,D
14:46:25,MYOR,RG,2130,4,F,CS,DX,D
14:46:18,MYOR,RG,2130,30,D,SH,DX,D
14:46:06,MYOR,RG,2130,21,F,CS,DX,D
14:45:44,MYOR,RG,2130,29,F,CS,DX,D
14:45:16,MYOR,RG,2130,19,F,CS,DX,D
14:45:02,MYOR,RG,2130,25,D,KK,DX,D
14:44:55,MYOR,RG,2130,4,F,CS,DX,D
14:44:49,MYOR,RG,2130,468,F,CS,DX,D
14:44:49,MYOR,RG,2130,136,F,CS,DX,D
14:44:49,MYOR,RG,2130,1,F,CS,YP,D
14:44:49,MYOR,RG,2130,500,F,CS,DX,D
14:44:49,MYOR,RG,2130,14,F,CS,KZ,D
14:44:49,MYOR,RG,2130,70,F,CS,KZ,D
14:44:49,MYOR,RG,2130,100,F,CS,YP,D
14:44:49,MYOR,RG,2130,2,F,CS,YP,D
14:44:49,MYOR,RG,2130,5,F,CS,KK,D
14:44:49,MYOR,RG,2130,9,F,CS,YP,D
14:44:36,MYOR,RG,2120,105,D,YP,YP,D
14:44:36,MYOR,RG,2120,8,F,AK,YP,D
14:44:36,MYOR,RG,2120,81,F,CS,YP,D
14:44:36,MYOR,RG,2120,11,F,ZP,YP,D
14:44:36,MYOR,RG,2120,10,F,ZP,YP,D
14:44:36,MYOR,RG,2120,11,F,ZP,YP,D
14:44:36,MYOR,RG,2120,27,F,ZP,YP,D
14:44:36,MYOR,RG,2120,31,F,ZP,YP,D
14:44:36,MYOR,RG,2120,216,D,CC,YP,D
14:44:05,MYOR,RG,2130,1,F,ZP,YP,D
14:44:05,MYOR,RG,2130,16,F,ZP,DX,D
14:44:05,MYOR,RG,2130,2,F,ZP,DX,D
14:44:05,MYOR,RG,2130,22,F,CS,DX,D
14:44:00,MYOR,RG,2130,8,F,ZP,DX,D
14:43:34,MYOR,RG,2130,24,F,CS,DX,D
14:43:02,MYOR,RG,2130,23,F,CS,DX,D
14:42:42,MYOR,RG,2130,1,D,SQ,DX,D
14:42:31,MYOR,RG,2130,22,F,CS,DX,D
14:42:16,MYOR,RG,2120,1,D,CC,XC,D
14:42:15,MYOR,RG,2130,26,F,AK,DX,D
14:42:11,MYOR,RG,2130,8,F,ZP,DX,D
14:42:11,MYOR,RG,2130,1,F,ZP,PD,D
14:42:11,MYOR,RG,2130,8,F,ZP,SQ,D
14:42:00,MYOR,RG,2130,4,F,CS,SQ,D
14:42:00,MYOR,RG,2130,8,F,CS,SQ,D
14:42:00,MYOR,RG,2130,4,F,CS,SQ,D
14:42:00,MYOR,RG,2130,2,F,CS,PD,D
14:42:00,MYOR,RG,2130,4,F,CS,KZ,D
14:41:50,MYOR,RG,2130,2,F,ZP,KZ,D
14:41:33,MYOR,RG,2130,13,F,ZP,KZ,D
14:41:33,MYOR,RG,2130,10,F,ZP,KZ,D
14:41:28,MYOR,RG,2130,36,F,CS,KZ,D
14:41:15,MYOR,RG,2130,6,F,AK,KZ,D
14:41:15,MYOR,RG,2130,1,F,AK,DX,D
14:40:55,MYOR,RG,2130,10,F,ZP,DX,D
14:40:37,MYOR,RG,2130,3,F,ZP,DX,D
14:40:35,MYOR,RG,2130,27,F,CS,DX,D
14:40:27,MYOR,RG,2120,4,D,CC,SQ,D
14:40:23,MYOR,RG,2120,4,D,CC,SQ,D
14:40:20,MYOR,RG,2130,1,F,ZP,DX,D
14:40:17,MYOR,RG,2130,9,F,ZP,DX,D
14:40:17,MYOR,RG,2120,2,D,CC,SQ,D
14:39:55,MYOR,RG,2130,26,F,CS,DX,D
14:39:40,MYOR,RG,2120,150,D,CC,YP,D
14:39:38,MYOR,RG,2130,8,F,ZP,DX,D
14:39:16,MYOR,RG,2130,65,F,BK,DX,D
14:39:15,MYOR,RG,2130,65,F,BK,DX,D
14:39:14,MYOR,RG,2130,193,F,BK,DX,D
14:39:13,MYOR,RG,2130,23,F,CS,DX,D
14:38:45,MYOR,RG,2130,193,F,BK,DX,D
14:38:44,MYOR,RG,2130,2,D,PD,DX,D
14:38:31,MYOR,RG,2130,33,F,CS,DX,D
14:38:20,MYOR,RG,2120,1,D,CC,PD,D
14:38:19,MYOR,RG,2130,11,F,ZP,DX,D
14:38:19,MYOR,RG,2130,67,F,ZP,DX,D
14:38:19,MYOR,RG,2130,78,F,ZP,DX,D
14:37:39,MYOR,RG,2130,43,F,CS,DX,D
14:36:59,MYOR,RG,2120,8,D,CC,SQ,D
14:36:55,MYOR,RG,2130,3,D,XC,DX,D
14:36:54,MYOR,RG,2120,6,D,CC,SQ,D
14:36:53,MYOR,RG,2130,12,D,KK,DX,D
14:36:49,MYOR,RG,2120,3,D,CC,SQ,D
14:36:28,MYOR,RG,2130,43,F,CS,DX,D
14:35:36,MYOR,RG,2120,25,D,CC,DH,D
14:35:35,MYOR,RG,2120,10,D,CC,YP,D
14:35:23,MYOR,RG,2120,1,D,CC,PD,D
14:35:16,MYOR,RG,2130,46,F,CS,DX,D
14:35:07,MYOR,RG,2120,35,D,CC,KK,D
14:34:51,MYOR,RG,2120,1,D,CC,SQ,D
14:34:38,MYOR,RG,2120,4,D,CC,SQ,D
14:34:34,MYOR,RG,2120,4,D,CC,SQ,D
14:34:29,MYOR,RG,2120,2,D,CC,SQ,D
14:34:09,MYOR,RG,2130,38,D,PO,DX,D
14:34:09,MYOR,RG,2130,10,D,PO,DR,D
14:34:09,MYOR,RG,2130,52,D,PO,DX,D
14:34:00,MYOR,RG,2130,12,D,KK,DX,D
14:33:55,MYOR,RG,2130,49,F,CS,DX,D
14:32:33,MYOR,RG,2130,28,F,CS,DX,D
14:32:33,MYOR,RG,2130,1,F,CS,NI,D
14:32:33,MYOR,RG,2130,21,F,CS,XL,D
14:31:45,MYOR,RG,2130,2,D,NI,XL,D
14:31:36,MYOR,RG,2130,11,D,NI,XL,D
14:31:09,MYOR,RG,2130,49,F,CS,XL,D
14:30:33,MYOR,RG,2120,2,D,CC,XC,D
14:30:20,MYOR,RG,2120,2,D,CC,SQ,D
14:29:46,MYOR,RG,2130,17,F,CS,XL,D
14:29:21,MYOR,RG,2130,8,F,ZP,XL,D
14:29:21,MYOR,RG,2130,28,F,ZP,XL,D
14:29:21,MYOR,RG,2130,9,F,ZP,XL,D
14:29:21,MYOR,RG,2130,20,F,ZP,CC,D
14:29:21,MYOR,RG,2130,11,F,ZP,XC,D
14:29:21,MYOR,RG,2130,5,F,ZP,SQ,D
14:29:17,MYOR,RG,2130,1,F,CS,SQ,D
14:29:17,MYOR,RG,2130,4,F,CS,SQ,D
14:29:17,MYOR,RG,2130,14,F,CS,DX,D
14:28:43,MYOR,RG,2130,21,F,CS,DX,D
14:28:38,MYOR,RG,2120,10,D,CC,CC,D
14:28:27,MYOR,RG,2130,2,D,PD,DX,D
14:28:06,MYOR,RG,2130,17,F,CS,DX,D
14:27:50,MYOR,RG,2130,1,D,YP,DX,D
14:27:23,MYOR,RG,2120,9,D,CC,DH,D
14:27:23,MYOR,RG,2120,16,F,CS,DH,D
14:27:20,MYOR,RG,2120,2,F,CS,SQ,D
14:27:14,MYOR,RG,2120,2,F,CS,SQ,D
14:27:08,MYOR,RG,2120,4,F,CS,SQ,D
14:27:03,MYOR,RG,2120,2,F,CS,SQ,D
14:26:01,MYOR,RG,2130,54,D,XC,DX,D
14:25:08,MYOR,RG,2120,33,F,CS,EP,D
14:25:08,MYOR,RG,2120,2,F,CS,EP,D
14:25:08,MYOR,RG,2120,10,F,ZP,EP,D
14:25:08,MYOR,RG,2120,11,F,ZP,EP,D
14:25:08,MYOR,RG,2120,10,D,PD,EP,D
14:25:08,MYOR,RG,2120,2,F,ZP,EP,D
14:25:08,MYOR,RG,2120,4,F,CS,EP,D
14:24:32,MYOR,RG,2130,10,D,PD,DX,D
14:23:51,MYOR,RG,2120,1,F,CS,SQ,D
14:23:47,MYOR,RG,2120,2,F,CS,SQ,D
14:23:42,MYOR,RG,2120,2,F,CS,SQ,D
14:23:38,MYOR,RG,2120,2,F,CS,SQ,D
14:23:33,MYOR,RG,2120,2,F,CS,SQ,D
14:23:30,MYOR,RG,2120,5,D,CC,CP,D
14:23:26,MYOR,RG,2120,4,D,CC,SQ,D
14:23:26,MYOR,RG,2120,2,F,AK,SQ,D
14:23:21,MYOR,RG,2120,4,F,AK,SQ,D
14:23:16,MYOR,RG,2120,2,F,AK,SQ,D
14:23:12,MYOR,RG,2120,1,F,AK,XC,D
14:22:54,MYOR,RG,2120,12,F,AK,KZ,D
14:22:54,MYOR,RG,2120,4,F,CS,KZ,D
14:22:54,MYOR,RG,2120,16,F,ZP,KZ,D
14:22:54,MYOR,RG,2120,2,F,CS,KZ,D
14:22:54,MYOR,RG,2120,2,F,CS,KZ,D
14:22:54,MYOR,RG,2120,4,F,CS,KZ,D
14:22:54,MYOR,RG,2120,13,F,CS,KZ,D
14:22:54,MYOR,RG,2120,2,F,CS,KZ,D
14:22:54,MYOR,RG,2120,27,D,CC,KZ,D
14:22:52,MYOR,RG,2120,676,D,CC,DX,D
14:22:52,MYOR,RG,2120,5,F,ZP,DX,D
14:22:52,MYOR,RG,2120,7,F,AK,DX,D
14:22:52,MYOR,RG,2120,10,D,CC,DX,D
14:22:52,MYOR,RG,2120,2,D,YP,DX,D
14:22:52,MYOR,RG,2120,50,D,PD,DX,D
14:22:52,MYOR,RG,2120,5,F,ZP,DX,D
14:22:52,MYOR,RG,2120,100,D,YP,DX,D
14:22:52,MYOR,RG,2120,21,F,ZP,DX,D
14:22:52,MYOR,RG,2120,16,F,ZP,DX,D
14:22:52,MYOR,RG,2120,15,D,PD,DX,D
14:22:52,MYOR,RG,2120,60,D,YP,DX,D
14:22:52,MYOR,RG,2120,16,F,AK,DX,D
14:22:52,MYOR,RG,2120,85,F,CS,DX,D
14:22:52,MYOR,RG,2120,6,F,ZP,DX,D
14:22:52,MYOR,RG,2120,4,F,CS,DX,D
14:22:52,MYOR,RG,2120,18,F,ZP,DX,D
14:22:52,MYOR,RG,2120,18,F,ZP,DX,D
14:22:52,MYOR,RG,2120,386,D,CC,DX,D
14:22:52,MYOR,RG,2130,12,F,ZP,DX,D
14:22:52,MYOR,RG,2130,9,F,ZP,DX,D
14:22:52,MYOR,RG,2130,2,F,ZP,SQ,D
14:22:52,MYOR,RG,2130,2,F,ZP,KK,D
14:22:52,MYOR,RG,2130,3,F,ZP,AT,D
14:22:52,MYOR,RG,2130,6,F,ZP,YJ,D
14:22:17,MYOR,RG,2130,20,F,CS,YJ,D
14:21:32,MYOR,RG,2120,5,D,CC,DH,D
14:21:24,MYOR,RG,2130,24,F,CS,YJ,D
14:21:16,MYOR,RG,2130,1,D,PD,YJ,D
14:20:57,MYOR,RG,2130,12,F,ZP,YJ,D
14:20:55,MYOR,RG,2130,6,D,NI,YJ,D
14:20:23,MYOR,RG,2130,26,F,CS,YJ,D
14:19:55,MYOR,RG,2120,35,D,CC,PD,D
14:19:24,MYOR,RG,2120,2,D,CC,XA,D
14:19:15,MYOR,RG,2130,13,F,CS,DX,D
14:19:15,MYOR,RG,2130,100,D,YP,DX,D
14:19:02,MYOR,RG,2130,6,D,XC,DX,D
14:18:59,MYOR,RG,2130,13,F,ZP,DX,D
14:18:59,MYOR,RG,2130,1,F,ZP,YP,D
14:18:52,MYOR,RG,2130,27,D,YP,YP,D
14:18:52,MYOR,RG,2130,9,D,YP,YP,D
14:18:52,MYOR,RG,2130,1,D,YP,KK,D
14:18:52,MYOR,RG,2130,8,D,YP,KZ,D
14:18:52,MYOR,RG,2130,5,D,YP,PD,D
14:18:39,MYOR,RG,2130,15,F,CS,PD,D
14:18:39,MYOR,RG,2130,1,F,CS,KK,D
14:18:39,MYOR,RG,2130,3,F,CS,XC,D
14:18:39,MYOR,RG,2130,1,F,CS,PD,D
14:18:39,MYOR,RG,2130,10,F,CS,DX,D
14:17:16,MYOR,RG,2130,30,F,CS,DX,D
14:16:45,MYOR,RG,2130,47,F,AK,DX,D
14:16:30,MYOR,RG,2130,1,F,AK,DX,D
14:16:13,MYOR,RG,2120,10,D,CC,YP,D
14:15:53,MYOR,RG,2120,12,D,CC,XC,D
14:15:52,MYOR,RG,2130,12,F,CS,DX,D
14:15:52,MYOR,RG,2130,4,F,CS,SQ,D
14:15:52,MYOR,RG,2130,4,F,CS,SQ,D
14:15:52,MYOR,RG,2130,2,F,CS,SQ,D
14:15:52,MYOR,RG,2130,5,F,CS,DR,D
14:15:52,MYOR,RG,2130,1,F,CS,XC,D
14:15:52,MYOR,RG,2130,6,F,CS,PD,D
14:15:25,MYOR,RG,2120,50,D,CC,NI,D
14:14:20,MYOR,RG,2130,40,F,CS,PD,D
14:13:07,MYOR,RG,2130,4,D,PD,PD,D
14:12:44,MYOR,RG,2130,38,F,CS,PD,D
14:12:43,MYOR,RG,2130,11,D,YP,PD,D
14:12:43,MYOR,RG,2130,10,D,YP,DH,D
14:12:43,MYOR,RG,2130,7,D,YP,DH,D
14:12:43,MYOR,RG,2130,18,D,YP,PD,D
14:12:01,MYOR,RG,2130,2,D,YP,PD,D
14:11:44,MYOR,RG,2130,3,D,XC,PD,D
14:11:42,MYOR,RG,2130,43,F,CS,PD,D
14:10:28,MYOR,RG,2120,191,F,CS,DX,D
14:10:27,MYOR,RG,2120,30,F,CS,KZ,D
14:10:27,MYOR,RG,2120,3,F,CS,KK,D
14:10:27,MYOR,RG,2120,4,F,CS,CC,D
14:10:27,MYOR,RG,2120,216,F,CS,DX,D
14:10:27,MYOR,RG,2120,2,F,CS,SQ,D
14:10:27,MYOR,RG,2120,2,F,CS,XC,D
14:10:27,MYOR,RG,2120,3,F,CS,NI,D
14:10:27,MYOR,RG,2120,63,F,CS,DX,D
14:08:34,MYOR,RG,2120,4,D,XC,DX,D
14:08:33,MYOR,RG,2120,32,F,CS,DX,D
14:07:41,MYOR,RG,2120,76,F,CS,DX,D
14:07:20,MYOR,RG,2110,1,F,AK,YP,D
14:07:07,MYOR,RG,2110,1,F,AK,YP,D
14:06:20,MYOR,RG,2120,1,D,XC,DX,D
14:06:10,MYOR,RG,2120,2,D,XC,DX,D
14:05:51,MYOR,RG,2120,44,F,CS,DX,D
14:05:51,MYOR,RG,2120,4,F,CS,SQ,D
14:05:51,MYOR,RG,2120,4,F,CS,SQ,D
14:05:51,MYOR,RG,2120,2,F,CS,SQ,D
14:05:51,MYOR,RG,2120,31,F,CS,DX,D
14:05:38,MYOR,RG,2120,7,D,BQ,DX,D
14:04:11,MYOR,RG,2120,28,F,CS,DX,D
14:04:11,MYOR,RG,2120,2,F,CS,XC,D
14:03:55,MYOR,RG,2120,1,D,PD,KZ,D
14:03:51,MYOR,RG,2120,23,D,YP,KZ,D
14:03:51,MYOR,RG,2120,27,D,YP,DX,D
14:03:36,MYOR,RG,2120,59,F,CS,DX,D
14:03:36,MYOR,RG,2110,2,F,AK,YB,D
14:03:30,MYOR,RG,2120,1,D,XC,DX,D
14:02:37,MYOR,RG,2120,24,F,CS,DX,D
14:02:37,MYOR,RG,2120,27,F,CS,DX,D
14:02:23,MYOR,RG,2110,4,F,AK,NI,D
14:01:49,MYOR,RG,2110,5,F,AK,DR,D
14:01:47,MYOR,RG,2120,62,F,CS,DX,D
14:01:30,MYOR,RG,2110,1,F,AK,SQ,D
14:01:23,MYOR,RG,2110,1,F,AK,SQ,D
14:01:15,MYOR,RG,2110,1,F,AK,SQ,D
14:01:07,MYOR,RG,2110,1,F,AK,SQ,D
14:01:02,MYOR,RG,2110,1,F,AK,SQ,D
14:00:56,MYOR,RG,2110,2,F,CS,SQ,D
14:00:49,MYOR,RG,2110,2,F,CS,SQ,D
14:00:46,MYOR,RG,2120,3,F,CS,DX,D
14:00:46,MYOR,RG,2120,9,F,CS,DX,D
14:00:46,MYOR,RG,2120,19,F,CS,DX,D
14:00:46,MYOR,RG,2120,16,F,CS,DX,D
14:00:46,MYOR,RG,2120,25,F,CS,DX,D
13:59:45,MYOR,RG,2120,39,F,CS,DX,D
13:59:45,MYOR,RG,2120,48,F,CS,DX,D
13:59:19,MYOR,RG,2120,1,D,XL,DX,D
13:59:06,MYOR,RG,2120,5,D,XC,DX,D
13:58:43,MYOR,RG,2120,25,F,CS,DX,D
13:58:34,MYOR,RG,2110,185,F,BK,DX,D
13:58:34,MYOR,RG,2110,1,F,ZP,DX,D
13:58:34,MYOR,RG,2110,1,F,ZP,DX,D
13:58:34,MYOR,RG,2110,2,F,CS,DX,D
13:58:34,MYOR,RG,2110,1,F,ZP,DX,D
13:58:34,MYOR,RG,2110,10,D,PD,DX,D
13:58:23,MYOR,RG,2120,13,F,CS,DX,D
13:58:13,MYOR,RG,2120,1,F,CS,DX,D
13:58:13,MYOR,RG,2120,1,F,CS,CP,D
13:58:13,MYOR,RG,2120,3,F,CS,KZ,D
13:58:13,MYOR,RG,2120,4,F,CS,CC,D
13:58:13,MYOR,RG,2120,8,F,CS,DX,D
13:57:54,MYOR,RG,2120,93,F,CS,DX,D
13:57:54,MYOR,RG,2120,10,F,CS,CC,D
13:57:54,MYOR,RG,2120,4,F,CS,SQ,D
13:57:54,MYOR,RG,2120,3,F,CS,SQ,D
13:57:54,MYOR,RG,2120,2,F,CS,SQ,D
13:57:54,MYOR,RG,2120,5,F,CS,PD,D
13:57:54,MYOR,RG,2120,200,F,CS,DX,D
13:57:54,MYOR,RG,2120,1,F,CS,XC,D
13:57:54,MYOR,RG,2120,3,F,CS,YP,D
13:57:48,MYOR,RG,2110,2,F,CS,YP,D
13:57:48,MYOR,RG,2110,8,F,CS,SQ,D
13:57:48,MYOR,RG,2110,6,F,CS,SQ,D
13:57:48,MYOR,RG,2110,3,F,CS,KZ,D
13:57:48,MYOR,RG,2110,1,F,CS,KZ,D
13:57:48,MYOR,RG,2110,1,F,CS,KZ,D
13:57:48,MYOR,RG,2110,4,F,CS,SQ,D
13:57:48,MYOR,RG,2100,1,F,AK,PD,D
13:57:48,MYOR,RG,2100,500,F,AK,DX,D
13:57:48,MYOR,RG,2100,2,F,AK,XC,D
13:57:48,MYOR,RG,2100,25,F,AK,YP,D
13:57:48,MYOR,RG,2100,4,F,AK,AT,D
13:57:48,MYOR,RG,2100,8,F,AK,YB,D
13:57:48,MYOR,RG,2100,1701,F,AK,GR,D
13:57:48,MYOR,RG,2100,695,F,AK,GR,D
13:57:13,MYOR,RG,2100,2,F,AK,GR,D
13:57:11,MYOR,RG,2100,5,D,PD,GR,D
13:56:53,MYOR,RG,2100,1,F,AK,GR,D
13:56:52,MYOR,RG,2090,1,F,AK,SQ,D
13:56:47,MYOR,RG,2090,1,F,AK,SQ,D
13:56:31,MYOR,RG,2100,1,F,AK,GR,D
13:56:29,MYOR,RG,2100,1,D,PD,GR,D
13:56:26,MYOR,RG,2100,3,F,AK,GR,D
13:56:24,MYOR,RG,2100,7,D,XC,GR,D
13:56:24,MYOR,RG,2100,5,F,AK,GR,D
13:56:22,MYOR,RG,2100,10,D,DH,GR,D
13:55:57,MYOR,RG,2100,2,F,AK,GR,D
13:55:56,MYOR,RG,2100,3,F,AK,GR,D
13:55:41,MYOR,RG,2100,2,F,AK,GR,D
13:55:37,MYOR,RG,2090,6,F,AK,PD,D
13:53:38,MYOR,RG,2090,2,F,AK,PD,D
13:53:33,MYOR,RG,2090,10,F,AK,PD,D
13:53:33,MYOR,RG,2090,2,F,AK,PD,D
13:53:33,MYOR,RG,2090,70,F,AK,YP,D
13:53:33,MYOR,RG,2090,37,F,AK,PD,D
13:53:33,MYOR,RG,2090,4,F,AK,SQ,D
13:53:33,MYOR,RG,2090,3,F,AK,SQ,D
13:53:33,MYOR,RG,2090,10,F,AK,XC,D
13:53:33,MYOR,RG,2090,2,F,AK,SQ,D
13:53:33,MYOR,RG,2090,162,F,AK,YP,D
13:53:33,MYOR,RG,2090,38,F,AK,YP,D
13:53:33,MYOR,RG,2090,3,F,AK,XC,D
13:53:33,MYOR,RG,2090,35,F,AK,KZ,D
13:53:33,MYOR,RG,2090,38,F,AK,DX,D
13:53:25,MYOR,RG,2090,1,D,XC,DX,D
13:53:02,MYOR,RG,2090,10,D,DR,DX,D
13:52:56,MYOR,RG,2090,1,D,KK,DX,D
13:52:56,MYOR,RG,2090,1,D,KK,DX,D
13:52:49,MYOR,RG,2090,12,D,KK,DX,D
13:52:47,MYOR,RG,2090,2,D,CC,DX,D
13:52:44,MYOR,RG,2090,10,D,CP,DX,D
13:52:38,MYOR,RG,2090,10,D,PD,DX,D
13:52:35,MYOR,RG,2090,118,D,YP,DX,D
13:52:15,MYOR,RG,2090,5,D,PD,DX,D
13:51:55,MYOR,RG,2080,1,D,CC,XL,D
13:51:53,MYOR,RG,2090,2,D,XA,DX,D
13:51:28,MYOR,RG,2080,46,D,CC,NI,D
13:51:28,MYOR,RG,2080,2,D,PD,NI,D
13:51:28,MYOR,RG,2080,1,D,YP,NI,D
13:51:28,MYOR,RG,2080,1,D,NI,NI,D
13:51:25,MYOR,RG,2080,4,D,NI,XC,D
13:51:25,MYOR,RG,2080,1,D,PD,XC,D
13:51:25,MYOR,RG,2080,1,D,YP,XC,D
13:51:25,MYOR,RG,2080,1,D,YP,XC,D
13:51:25,MYOR,RG,2080,18,D,YP,XC,D
13:51:22,MYOR,RG,2080,10,D,YP,KK,D
13:51:22,MYOR,RG,2080,2,D,YP,DR,D
13:51:22,MYOR,RG,2080,2,D,SQ,DR,D
13:51:22,MYOR,RG,2080,1,D,SQ,DR,D
13:51:22,MYOR,RG,2080,1,D,LG,DR,D
13:51:22,MYOR,RG,2080,1,D,OD,DR,D
13:51:22,MYOR,RG,2080,4,D,GR,DR,D
13:51:22,MYOR,RG,2090,2,D,PD,DX,D
13:51:22,MYOR,RG,2080,2,D,GR,YB,D
13:51:21,MYOR,RG,2080,4,D,GR,PD,D
13:51:21,MYOR,RG,2080,1,D,CP,PD,D
13:50:50,MYOR,RG,2090,30,D,PD,DX,D
13:50:44,MYOR,RG,2090,15,D,XC,DX,D
13:50:42,MYOR,RG,2090,1,D,XC,DX,D
13:50:34,MYOR,RG,2090,3,F,CS,DX,D
13:50:34,MYOR,RG,2090,25,F,CS,DX,D
13:50:34,MYOR,RG,2090,44,F,CS,DX,D
13:50:34,MYOR,RG,2090,46,F,CS,DX,D
13:50:34,MYOR,RG,2090,43,F,CS,DX,D
13:50:34,MYOR,RG,2090,20,F,CS,DX,D
13:50:34,MYOR,RG,2090,5,F,ZP,DX,D
13:50:34,MYOR,RG,2090,2,F,ZP,DX,D
13:50:34,MYOR,RG,2090,5,F,ZP,DX,D
13:50:34,MYOR,RG,2090,46,F,CS,DX,D
13:50:34,MYOR,RG,2090,14,F,ZP,DX,D
13:50:34,MYOR,RG,2090,44,F,ZP,DX,D
13:50:34,MYOR,RG,2090,50,F,ZP,DX,D
13:50:34,MYOR,RG,2090,5,D,PD,DX,D
13:50:34,MYOR,RG,2090,2,D,NI,DX,D
13:50:34,MYOR,RG,2090,5,D,NI,DX,D
13:50:34,MYOR,RG,2090,1,D,YP,DX,D
13:50:34,MYOR,RG,2090,2,D,XC,DX,D
13:50:34,MYOR,RG,2090,1,D,LS,DX,D
13:50:34,MYOR,RG,2090,1,D,PD,DX,D
13:50:34,MYOR,RG,2090,1,D,PD,DX,D
13:50:34,MYOR,RG,2090,5,D,PD,DX,D
13:50:34,MYOR,RG,2090,10,D,XC,DX,D
13:50:34,MYOR,RG,2090,25,D,ZP,DX,D
13:50:34,MYOR,RG,2090,2,D,PD,DX,D
13:50:34,MYOR,RG,2090,2,D,KK,DX,D
13:50:34,MYOR,RG,2090,300,D,SQ,DX,D
13:50:34,MYOR,RG,2090,3,D,XC,DX,D
13:50:34,MYOR,RG,2090,1,D,PD,DX,D
13:50:34,MYOR,RG,2090,25,D,SQ,DX,D
13:50:34,MYOR,RG,2090,1,D,PD,DX,D
13:50:34,MYOR,RG,2090,5,D,CC,DX,D
13:50:34,MYOR,RG,2090,100,D,YP,DX,D
13:50:34,MYOR,RG,2090,1,D,XL,DX,D
13:50:34,MYOR,RG,2090,2,D,PD,DX,D
13:50:34,MYOR,RG,2090,5,D,YP,DX,D
13:50:34,MYOR,RG,2090,1,D,PD,DX,D
13:50:34,MYOR,RG,2090,1,D,YP,DX,D
13:50:34,MYOR,RG,2090,1,D,PD,DX,D
13:50:34,MYOR,RG,2090,1,D,DH,DX,D
13:50:34,MYOR,RG,2090,5,D,PD,DX,D
13:50:34,MYOR,RG,2090,7,D,NI,DX,D
13:50:34,MYOR,RG,2090,1,D,PD,DX,D
13:50:34,MYOR,RG,2090,200,D,DR,DX,D
13:50:34,MYOR,RG,2090,1,D,OD,DX,D
13:50:34,MYOR,RG,2090,172,D,DR,DX,D
13:50:12,MYOR,RG,2100,2,D,PD,GR,D
13:50:11,MYOR,RG,2090,28,D,DR,XC,D
13:49:52,MYOR,RG,2100,1,D,KK,GR,D
13:49:52,MYOR,RG,2100,15,D,YP,GR,D
13:49:52,MYOR,RG,2100,2,D,PD,GR,D
13:49:51,MYOR,RG,2100,46,F,CS,GR,D
13:49:51,MYOR,RG,2100,28,F,CS,GR,D
13:49:51,MYOR,RG,2100,22,F,AK,GR,D
13:49:51,MYOR,RG,2100,12,F,ZP,GR,D
13:49:51,MYOR,RG,2100,36,F,ZP,GR,D
13:49:51,MYOR,RG,2100,41,F,ZP,GR,D
13:49:51,MYOR,RG,2100,20,D,PD,GR,D
13:49:51,MYOR,RG,2100,5,D,PD,GR,D
13:49:51,MYOR,RG,2100,1,D,XC,GR,D
13:49:51,MYOR,RG,2100,1,D,NI,GR,D
13:49:51,MYOR,RG,2100,1,F,ZP,GR,D
13:49:51,MYOR,RG,2100,1,D,NI,GR,D
13:49:51,MYOR,RG,2100,1,D,NI,GR,D
13:49:51,MYOR,RG,2100,2,D,OD,GR,D
13:49:51,MYOR,RG,2100,1,D,CC,GR,D
13:49:51,MYOR,RG,2100,1,F,ZP,GR,D
13:49:51,MYOR,RG,2100,10,D,CC,GR,D
13:49:51,MYOR,RG,2100,2,D,PD,GR,D
13:49:51,MYOR,RG,2100,1,D,PD,GR,D
13:49:51,MYOR,RG,2100,1,D,PD,GR,D
13:49:51,MYOR,RG,2100,35,D,YP,GR,D
13:49:51,MYOR,RG,2100,1,D,YP,GR,D
13:49:51,MYOR,RG,2100,5,D,YP,GR,D
13:49:51,MYOR,RG,2100,4,D,PD,GR,D
13:49:51,MYOR,RG,2100,2,D,CC,GR,D
13:49:51,MYOR,RG,2100,1,D,PD,GR,D
13:49:51,MYOR,RG,2100,5,D,XC,GR,D
13:49:51,MYOR,RG,2100,1,D,PD,GR,D
13:49:51,MYOR,RG,2100,1,D,PD,GR,D
13:49:51,MYOR,RG,2100,2,D,SQ,GR,D
13:49:51,MYOR,RG,2100,2,D,CP,GR,D
13:49:51,MYOR,RG,2100,5,D,IF,GR,D
13:49:51,MYOR,RG,2100,10,D,YU,GR,D
13:49:51,MYOR,RG,2100,1,D,YP,GR,D
13:49:51,MYOR,RG,2100,5,D,KK,GR,D
13:49:51,MYOR,RG,2100,2,D,KK,GR,D
13:49:51,MYOR,RG,2100,1,D,SQ,GR,D
13:49:51,MYOR,RG,2100,1,F,YP,GR,D
13:49:51,MYOR,RG,2100,100,D,YP,GR,D
13:49:51,MYOR,RG,2100,3,D,XC,GR,D
13:49:51,MYOR,RG,2100,1,D,PD,GR,D
13:49:51,MYOR,RG,2100,2,D,KK,GR,D
13:49:51,MYOR,RG,2100,1,D,YP,GR,D
13:49:51,MYOR,RG,2100,2,D,YP,GR,D
13:49:51,MYOR,RG,2100,6,D,YP,GR,D
13:49:51,MYOR,RG,2100,2,D,CP,GR,D
13:49:51,MYOR,RG,2100,5,D,AZ,GR,D
13:49:51,MYOR,RG,2100,1,D,PD,GR,D
13:49:51,MYOR,RG,2100,5,D,PD,GR,D
13:49:51,MYOR,RG,2100,5,D,XC,GR,D
13:49:51,MYOR,RG,2100,100,D,YP,GR,D
13:49:51,MYOR,RG,2100,2,D,SQ,GR,D
13:49:51,MYOR,RG,2100,1,D,NI,GR,D
13:49:51,MYOR,RG,2100,1,D,XC,GR,D
13:49:51,MYOR,RG,2100,4,D,XL,GR,D
13:49:51,MYOR,RG,2100,4,D,PD,GR,D
13:49:51,MYOR,RG,2100,70,D,PG,GR,D
13:49:51,MYOR,RG,2100,1,D,XC,GR,D
13:49:51,MYOR,RG,2100,50,D,YB,GR,D
13:49:51,MYOR,RG,2100,1,D,XC,GR,D
13:49:51,MYOR,RG,2100,5,D,GR,GR,D
13:49:51,MYOR,RG,2100,10,D,YP,GR,D
13:49:51,MYOR,RG,2100,1,D,YP,GR,D
13:49:51,MYOR,RG,2100,1,D,YP,GR,D
13:49:51,MYOR,RG,2100,88,D,XL,GR,D
13:49:51,MYOR,RG,2100,5,D,NI,GR,D
13:49:51,MYOR,RG,2100,3,D,XC,GR,D
13:49:51,MYOR,RG,2100,2,D,LG,GR,D
13:49:51,MYOR,RG,2100,1,D,YP,GR,D
13:49:51,MYOR,RG,2100,10,D,DH,GR,D
13:49:51,MYOR,RG,2100,5,D,XC,GR,D
13:49:51,MYOR,RG,2100,1,D,PD,GR,D
13:49:51,MYOR,RG,2100,1,D,PD,GR,D
13:49:51,MYOR,RG,2100,1,D,NI,GR,D
13:49:51,MYOR,RG,2100,10,D,CC,GR,D
13:49:51,MYOR,RG,2100,5,D,CC,GR,D
13:49:51,MYOR,RG,2100,25,D,OD,GR,D
13:49:51,MYOR,RG,2100,1,D,GR,GR,D
13:49:51,MYOR,RG,2100,1,D,XC,GR,D
13:49:51,MYOR,RG,2100,100,D,YP,GR,D
13:49:51,MYOR,RG,2100,5,D,CC,GR,D
13:49:51,MYOR,RG,2100,5,D,CC,GR,D
13:49:51,MYOR,RG,2100,3,D,XC,GR,D
13:49:51,MYOR,RG,2100,1,D,DR,GR,D
13:49:51,MYOR,RG,2100,10,D,KK,GR,D
13:49:51,MYOR,RG,2100,71,D,DH,GR,D
13:49:51,MYOR,RG,2100,4,D,KK,GR,D
13:49:51,MYOR,RG,2100,5,D,PD,GR,D
13:49:38,MYOR,RG,2120,5,D,PD,YP,D
13:49:29,MYOR,RG,2110,3,D,YP,GR,D
13:49:29,MYOR,RG,2110,1,D,PD,GR,D
13:49:29,MYOR,RG,2110,8,F,ZP,GR,D
13:49:29,MYOR,RG,2110,4,F,ZP,GR,D
13:49:29,MYOR,RG,2110,3,F,ZP,GR,D
13:49:29,MYOR,RG,2110,9,F,AK,GR,D
13:49:29,MYOR,RG,2110,125,D,XC,GR,D
13:49:29,MYOR,RG,2110,5,D,PD,GR,D
13:49:29,MYOR,RG,2110,42,D,YP,GR,D
13:49:29,MYOR,RG,2110,5,D,EP,GR,D
13:49:29,MYOR,RG,2110,10,D,YP,GR,D
13:49:29,MYOR,RG,2110,13,F,ZP,GR,D
13:49:29,MYOR,RG,2110,1,D,XC,GR,D
13:49:29,MYOR,RG,2110,9,F,AK,GR,D
13:49:29,MYOR,RG,2110,2,F,ZP,GR,D
13:49:29,MYOR,RG,2110,7,F,ZP,GR,D
13:49:29,MYOR,RG,2110,1,D,NI,GR,D
13:49:29,MYOR,RG,2110,10,D,YP,GR,D
13:49:29,MYOR,RG,2110,1,D,XL,GR,D
13:49:29,MYOR,RG,2110,10,D,PD,GR,D
13:49:29,MYOR,RG,2110,9,D,YP,GR,D
13:48:50,MYOR,RG,2110,2,D,YP,XC,D
13:48:30,MYOR,RG,2110,10,D,YP,CC,D
13:48:10,MYOR,RG,2120,1,D,PD,YP,D
13:47:33,MYOR,RG,2120,3,D,DR,YP,D
13:44:57,MYOR,RG,2120,2,D,XC,YP,D
13:44:32,MYOR,RG,2120,8,F,ZP,YP,D
13:44:32,MYOR,RG,2120,3,F,CS,YP,D
13:44:32,MYOR,RG,2120,3,F,CS,SQ,D
13:44:32,MYOR,RG,2120,4,F,CS,SQ,D
13:44:32,MYOR,RG,2120,2,F,CS,SQ,D
13:44:32,MYOR,RG,2120,12,F,CS,KZ,D
13:44:32,MYOR,RG,2120,4,F,CS,KZ,D
13:44:32,MYOR,RG,2120,2,F,CS,KZ,D
13:44:32,MYOR,RG,2120,10,F,CS,KZ,D
13:44:32,MYOR,RG,2120,6,F,CS,DX,D
13:43:48,MYOR,RG,2120,9,F,CS,DX,D
13:43:48,MYOR,RG,2120,22,F,CS,DX,D
13:43:43,MYOR,RG,2120,11,F,CS,DX,D
13:43:21,MYOR,RG,2120,3,D,OD,DX,D
13:43:07,MYOR,RG,2110,10,D,YP,XC,D
13:43:05,MYOR,RG,2120,2,D,PD,DX,D
13:42:30,MYOR,RG,2110,1,D,YP,NI,D
13:42:02,MYOR,RG,2110,13,D,YP,DR,D
13:42:02,MYOR,RG,2110,2,F,CS,DR,D
13:41:48,MYOR,RG,2120,33,D,XC,DX,D
13:41:36,MYOR,RG,2110,4,F,CS,AT,D
13:41:36,MYOR,RG,2110,8,D,XC,AT,D
13:41:36,MYOR,RG,2110,2,D,XC,DR,D
13:41:34,MYOR,RG,2120,103,F,CS,DX,D
13:40:53,MYOR,RG,2120,4,F,CS,DX,D
13:40:53,MYOR,RG,2120,7,D,YP,DX,D
13:40:27,MYOR,RG,2120,3,D,YP,CC,D
13:40:27,MYOR,RG,2120,10,D,PD,CC,D
13:40:27,MYOR,RG,2120,1,F,CS,CC,D
13:40:27,MYOR,RG,2120,1,F,ZP,CC,D
13:40:27,MYOR,RG,2120,1,F,ZP,CC,D
13:40:27,MYOR,RG,2120,1,F,ZP,CC,D
13:40:08,MYOR,RG,2120,1,D,GR,XC,D
13:38:53,MYOR,RG,2120,1,F,CS,BK,F
13:38:52,MYOR,RG,2120,1,F,CS,NI,D
13:38:45,MYOR,RG,2120,11,F,AK,YP,D
13:38:24,MYOR,RG,2110,8,F,CS,GR,D
13:38:24,MYOR,RG,2110,1,D,PD,GR,D
13:38:24,MYOR,RG,2110,400,D,YP,GR,D
13:38:24,MYOR,RG,2110,1,F,ZP,GR,D
13:38:24,MYOR,RG,2110,1,F,ZP,GR,D
13:38:24,MYOR,RG,2110,1,D,PD,GR,D
13:38:24,MYOR,RG,2110,47,D,DH,GR,D
13:38:24,MYOR,RG,2110,3,D,YP,GR,D
13:38:24,MYOR,RG,2110,5,D,CC,GR,D
13:38:24,MYOR,RG,2110,1,D,PD,GR,D
13:38:24,MYOR,RG,2110,2,D,PD,GR,D
13:38:24,MYOR,RG,2110,2,D,OD,GR,D
13:38:24,MYOR,RG,2110,1,D,PD,GR,D
13:38:24,MYOR,RG,2110,5,D,PD,GR,D
13:38:24,MYOR,RG,2110,1,D,XC,GR,D
13:38:24,MYOR,RG,2110,32,D,YP,GR,D
13:38:24,MYOR,RG,2120,18,F,CS,GR,D
13:38:24,MYOR,RG,2120,1,D,XC,GR,D
13:38:24,MYOR,RG,2120,5,F,CS,GR,D
13:38:24,MYOR,RG,2120,10,D,PD,GR,D
13:38:24,MYOR,RG,2120,3,D,NI,GR,D
13:38:24,MYOR,RG,2120,1,F,ZP,GR,D
13:38:24,MYOR,RG,2120,1,F,ZP,GR,D
13:38:24,MYOR,RG,2120,11,F,AK,GR,D
13:38:24,MYOR,RG,2120,9,F,AK,GR,D
13:38:24,MYOR,RG,2120,2,F,CS,GR,D
13:38:24,MYOR,RG,2120,1,F,ZP,GR,D
13:38:24,MYOR,RG,2120,1,F,ZP,GR,D
13:38:24,MYOR,RG,2120,1,F,ZP,GR,D
13:37:54,MYOR,RG,2130,63,F,CS,PD,D
13:37:54,MYOR,RG,2130,50,F,CS,YP,D
13:37:54,MYOR,RG,2130,4,F,CS,PD,D
13:37:54,MYOR,RG,2130,6,F,CS,YP,D
13:37:53,MYOR,RG,2130,40,F,CS,YP,D
13:37:34,MYOR,RG,2120,5,D,PD,XC,D
13:37:30,MYOR,RG,2130,2,D,XC,YP,D
13:36:34,MYOR,RG,2130,4,D,NI,YP,D
13:33:49,MYOR,RG,2130,98,F,CS,YP,D
13:33:49,MYOR,RG,2130,13,F,CS,YP,D
13:33:40,MYOR,RG,2120,2,F,CS,XC,D
13:32:13,MYOR,RG,2110,1,D,YP,XC,D
13:31:42,MYOR,RG,2130,44,F,CS,YP,D
13:31:02,MYOR,RG,2130,10,F,CS,YP,D
13:31:02,MYOR,RG,2130,7,F,CS,YP,D
13:31:00,MYOR,RG,2110,76,D,YP,SQ,D
13:31:00,MYOR,RG,2120,23,F,AK,SQ,D
13:31:00,MYOR,RG,2120,1,F,CS,SQ,D
13:31:00,MYOR,RG,2120,1,F,ZP,SQ,D
13:31:00,MYOR,RG,2120,1,F,ZP,SQ,D
13:31:00,MYOR,RG,2120,1,F,ZP,SQ,D
13:31:00,MYOR,RG,2120,2,D,PD,SQ,D
13:30:45,MYOR,RG,2130,26,F,CS,YP,D
13:30:45,MYOR,RG,2130,10,F,CS,PD,D
13:30:45,MYOR,RG,2130,2,F,CS,PD,D
13:30:45,MYOR,RG,2130,3,F,CS,PD,D
13:30:45,MYOR,RG,2130,1,F,CS,XC,D
13:30:35,MYOR,RG,2120,50,F,CS,YP,D
13:30:35,MYOR,RG,2120,1,F,CS,YP,D
13:30:29,MYOR,RG,2120,9,F,CS,YP,D
13:30:29,MYOR,RG,2120,10,F,CS,YP,D
13:30:27,MYOR,RG,2120,51,F,CS,YP,D
13:30:14,MYOR,RG,2110,1,D,YP,YP,D
13:30:13,MYOR,RG,2120,17,D,YP,YP,D
13:30:13,MYOR,RG,2120,2,D,XC,YP,D
13:30:13,MYOR,RG,2120,9,F,AK,YP,D
13:30:13,MYOR,RG,2120,5,D,PD,YP,D
13:30:13,MYOR,RG,2120,2,D,XC,YP,D
13:30:13,MYOR,RG,2120,1,D,XL,YP,D
13:30:13,MYOR,RG,2120,1,D,XL,YP,D
13:30:13,MYOR,RG,2120,2,F,CS,YP,D
13:30:10,MYOR,RG,2120,1,F,CS,YP,D
13:30:07,MYOR,RG,2120,41,F,CS,PD,D
13:30:07,MYOR,RG,2120,4,F,CS,CC,D
13:30:05,MYOR,RG,2120,4,F,CS,KZ,D
13:30:05,MYOR,RG,2120,1,F,CS,XL,D
13:30:05,MYOR,RG,2120,30,F,CS,PD,D
13:30:05,MYOR,RG,2120,1,F,CS,XC,D
13:30:05,MYOR,RG,2120,2,F,CS,CC,D
13:30:05,MYOR,RG,2120,30,F,CS,PD,D
13:30:05,MYOR,RG,2120,1,F,CS,XC,D
13:30:05,MYOR,RG,2120,3,F,CS,XC,D
13:30:05,MYOR,RG,2120,500,F,CS,YU,F
13:30:05,MYOR,RG,2120,100,F,CS,SQ,D
13:30:05,MYOR,RG,2120,100,F,CS,PD,D
13:30:05,MYOR,RG,2120,6,F,CS,XC,D
13:30:05,MYOR,RG,2120,58,F,CS,SQ,D
13:30:05,MYOR,RG,2110,43,D,YP,KZ,D
13:30:05,MYOR,RG,2110,3,D,YP,AT,D
13:30:04,MYOR,RG,2110,200,D,YP,PD,D
13:30:04,MYOR,RG,2110,144,D,YP,YU,F
13:30:04,MYOR,RG,2110,1,D,XC,YU,F
13:30:04,MYOR,RG,2110,1,D,PD,YU,F
13:30:04,MYOR,RG,2110,1,D,PD,YU,F
13:30:04,MYOR,RG,2110,10,D,XC,YU,F
13:30:03,MYOR,RG,2110,1,D,XC,YU,F
13:30:03,MYOR,RG,2110,57,D,XL,YU,F
13:30:03,MYOR,RG,2110,3,D,PD,YU,F
13:30:03,MYOR,RG,2110,3,F,CS,YU,F
13:30:03,MYOR,RG,2110,500,F,CS,YU,F
13:30:03,MYOR,RG,2110,267,F,CS,YU,F
13:30:03,MYOR,RG,2110,6,D,XL,YU,F
13:30:03,MYOR,RG,2110,1,D,XC,YU,F
13:30:02,MYOR,RG,2110,1,D,PD,YU,F
13:30:02,MYOR,RG,2110,1,D,PD,YU,F
13:30:02,MYOR,RG,2110,1,D,PD,YU,F
13:30:02,MYOR,RG,2110,10,D,DR,YU,F
13:30:02,MYOR,RG,2110,15,D,GR,YU,F
13:30:02,MYOR,RG,2110,10,D,YU,YU,F
13:30:02,MYOR,RG,2110,2,F,ZP,YU,F
13:30:02,MYOR,RG,2110,10,D,XC,YU,F
13:30:02,MYOR,RG,2110,1,D,XC,YU,F
13:30:02,MYOR,RG,2110,5,D,PD,YU,F
13:30:02,MYOR,RG,2110,200,D,YP,YU,F
13:30:02,MYOR,RG,2110,2,F,ZP,YU,F
13:30:02,MYOR,RG,2110,2,D,AZ,YU,F
13:30:02,MYOR,RG,2110,8,F,ZP,YU,F
13:30:02,MYOR,RG,2110,10,F,ZP,YU,F
13:30:02,MYOR,RG,2110,1,D,DR,YU,F
13:30:02,MYOR,RG,2110,10,F,ZP,YU,F
13:30:02,MYOR,RG,2110,29,F,ZP,YU,F
13:30:02,MYOR,RG,2110,30,F,ZP,YU,F
13:30:02,MYOR,RG,2110,4,D,KK,YU,F
13:30:02,MYOR,RG,2110,2,F,ZP,YU,F
13:30:02,MYOR,RG,2110,102,D,XC,YU,F
13:30:02,MYOR,RG,2110,35,D,YP,YU,F
13:30:02,MYOR,RG,2110,5,D,KK,YU,F
13:30:02,MYOR,RG,2110,3,D,XC,YU,F
13:30:02,MYOR,RG,2110,1,D,YP,YU,F
13:30:02,MYOR,RG,2110,1,D,PD,YU,F
13:30:02,MYOR,RG,2110,1,D,PD,YU,F
13:30:02,MYOR,RG,2110,1,D,XC,YU,F
13:30:02,MYOR,RG,2110,1,D,NI,YU,F
13:30:02,MYOR,RG,2110,1,D,SQ,YU,F
13:30:02,MYOR,RG,2110,3,D,SQ,PD,D
13:30:02,MYOR,RG,2120,2,D,XC,SQ,D
13:30:02,MYOR,RG,2110,1,D,SQ,PD,D
13:30:02,MYOR,RG,2110,5,D,PD,PD,D
13:30:02,MYOR,RG,2110,3,D,CP,PD,D
13:30:02,MYOR,RG,2110,50,D,ZP,PD,D
13:30:02,MYOR,RG,2110,1,D,NI,PD,D
13:30:02,MYOR,RG,2110,2,D,XL,PD,D
13:30:02,MYOR,RG,2110,8,D,PD,PD,D
13:30:02,MYOR,RG,2110,2,D,PD,PD,D
13:30:02,MYOR,RG,2110,2,D,SQ,PD,D
13:30:02,MYOR,RG,2110,1,D,YP,PD,D
13:30:02,MYOR,RG,2110,1,D,YP,PD,D
13:30:02,MYOR,RG,2110,10,D,TP,PD,D
13:30:02,MYOR,RG,2110,10,D,FS,PD,D
13:30:02,MYOR,RG,2110,1,D,XC,PD,D
13:30:02,MYOR,RG,2110,1,D,PD,PD,D
13:30:02,MYOR,RG,2110,1,D,XC,PD,D
13:30:02,MYOR,RG,2110,1,D,XC,PD,D
13:30:02,MYOR,RG,2110,10,D,YP,PD,D
13:30:02,MYOR,RG,2110,1,D,XC,PD,D
13:30:02,MYOR,RG,2110,10,D,GR,PD,D
13:30:02,MYOR,RG,2110,2,D,PD,PD,D
13:30:02,MYOR,RG,2110,29,D,CC,PD,D
13:30:02,MYOR,RG,2110,71,D,CC,PD,D
13:30:02,MYOR,RG,2110,3,D,XL,PD,D
13:30:02,MYOR,RG,2110,1,D,YP,PD,D
13:30:02,MYOR,RG,2110,11,D,CC,PD,D
13:30:02,MYOR,RG,2110,3,D,YP,PD,D
13:30:02,MYOR,RG,2110,11,D,PD,PD,D
13:30:01,MYOR,RG,2120,1,D,XC,SQ,D
13:30:01,MYOR,RG,2110,1,D,PD,CP,D
13:30:01,MYOR,RG,2110,2,D,YP,KK,D
13:30:01,MYOR,RG,2110,5,D,YP,PD,D
11:29:53,MYOR,RG,2110,3,D,YP,NI,D
11:29:53,MYOR,RG,2110,1,D,XC,NI,D
11:29:53,MYOR,RG,2110,2,D,PD,NI,D
11:29:53,MYOR,RG,2110,2,D,EP,NI,D
11:29:36,MYOR,RG,2120,10,F,CS,SQ,D
11:29:30,MYOR,RG,2120,3,F,AK,SQ,D
11:29:18,MYOR,RG,2120,1,F,AK,SQ,D
11:29:00,MYOR,RG,2120,2,F,AK,SQ,D
11:28:56,MYOR,RG,2120,1,F,AK,SQ,D
11:28:55,MYOR,RG,2120,7,F,CS,SQ,D
11:28:25,MYOR,RG,2120,6,F,CS,SQ,D
11:28:05,MYOR,RG,2120,5,F,CS,AZ,D
11:27:45,MYOR,RG,2120,5,F,CS,AZ,D
11:27:25,MYOR,RG,2120,5,F,CS,PD,D
11:27:03,MYOR,RG,2120,3,F,CS,PD,D
11:26:57,MYOR,RG,2120,1,D,XC,PD,D
11:26:52,MYOR,RG,2120,3,F,CS,PD,D
11:26:42,MYOR,RG,2120,2,F,CS,PD,D
11:26:32,MYOR,RG,2120,3,F,CS,PD,D
11:26:23,MYOR,RG,2120,5,D,YP,PD,D
11:26:19,MYOR,RG,2120,3,F,CS,PD,D
11:26:10,MYOR,RG,2120,1,F,CS,PD,D
11:26:07,MYOR,RG,2120,2,F,CS,PD,D
11:25:58,MYOR,RG,2120,3,F,CS,PD,D
11:25:56,MYOR,RG,2120,29,D,YP,PD,D
11:25:56,MYOR,RG,2120,5,D,YP,PD,D
11:25:56,MYOR,RG,2120,66,D,YP,SQ,D
11:25:47,MYOR,RG,2120,4,F,CS,SQ,D
11:25:30,MYOR,RG,2120,4,F,CS,SQ,D
11:25:14,MYOR,RG,2110,3,D,EP,NI,D
11:25:13,MYOR,RG,2120,2,D,PD,SQ,D
11:25:13,MYOR,RG,2110,5,D,EP,YB,D
11:25:13,MYOR,RG,2110,4,D,PD,YB,D
11:25:13,MYOR,RG,2110,1,D,CP,YB,D
11:25:12,MYOR,RG,2120,3,F,CS,SQ,D
11:25:02,MYOR,RG,2120,3,F,CS,SQ,D
11:24:50,MYOR,RG,2120,2,F,CS,SQ,D
11:24:40,MYOR,RG,2120,4,F,CS,SQ,D
11:24:19,MYOR,RG,2120,2,F,CS,SQ,D
11:24:09,MYOR,RG,2120,16,F,CS,SQ,D
11:24:07,MYOR,RG,2120,5,D,XC,SQ,D
11:24:07,MYOR,RG,2120,19,F,AK,SQ,D
11:24:07,MYOR,RG,2120,50,D,NI,SQ,D
11:24:07,MYOR,RG,2120,1,D,SQ,SQ,D
11:24:07,MYOR,RG,2120,8,F,CS,SQ,D
11:24:07,MYOR,RG,2120,2,D,DH,SQ,D
11:24:07,MYOR,RG,2120,1,D,XC,SQ,D
11:24:07,MYOR,RG,2120,15,D,KK,SQ,D
11:24:07,MYOR,RG,2120,1,F,ZP,SQ,D
11:24:07,MYOR,RG,2120,2,F,ZP,SQ,D
11:24:07,MYOR,RG,2120,50,D,PD,SQ,D
11:24:07,MYOR,RG,2120,20,D,YP,SQ,D
11:24:07,MYOR,RG,2120,10,F,AK,SQ,D
11:24:07,MYOR,RG,2120,9,D,AT,SQ,D
11:24:07,MYOR,RG,2120,15,D,CC,SQ,D
11:24:07,MYOR,RG,2120,39,F,ZP,SQ,D
11:24:07,MYOR,RG,2120,45,F,ZP,SQ,D
11:24:07,MYOR,RG,2120,13,F,ZP,SQ,D
11:24:07,MYOR,RG,2120,50,D,YP,SQ,D
11:24:07,MYOR,RG,2120,1,D,CC,SQ,D
11:24:07,MYOR,RG,2120,3,D,XC,SQ,D
11:24:07,MYOR,RG,2120,52,D,XC,SQ,D
11:24:07,MYOR,RG,2120,1,D,XC,SQ,D
11:24:07,MYOR,RG,2120,1,D,PD,SQ,D
11:24:07,MYOR,RG,2120,6,D,YP,SQ,D
11:24:07,MYOR,RG,2120,1,D,XL,SQ,D
11:24:07,MYOR,RG,2120,10,D,SQ,SQ,D
11:24:07,MYOR,RG,2120,9,D,XC,SQ,D
11:24:07,MYOR,RG,2120,1,D,PD,SQ,D
11:24:07,MYOR,RG,2120,1,F,ZP,SQ,D
11:24:07,MYOR,RG,2120,1,F,ZP,SQ,D
11:24:07,MYOR,RG,2120,50,D,NI,SQ,D
11:24:07,MYOR,RG,2120,1,D,YP,SQ,D
11:24:07,MYOR,RG,2120,10,D,PD,SQ,D
11:24:07,MYOR,RG,2120,6,D,XC,SQ,D
11:24:07,MYOR,RG,2120,5,D,PD,SQ,D
11:24:07,MYOR,RG,2120,1,D,PD,SQ,D
11:24:07,MYOR,RG,2120,10,D,KK,SQ,D
11:24:07,MYOR,RG,2120,41,D,YP,SQ,D
11:24:07,MYOR,RG,2120,2,D,XC,SQ,D
11:24:07,MYOR,RG,2120,1,D,CC,SQ,D
11:24:07,MYOR,RG,2120,2,D,XL,SQ,D
11:24:07,MYOR,RG,2120,1,D,XC,SQ,D
11:24:07,MYOR,RG,2120,5,D,PD,SQ,D
11:24:07,MYOR,RG,2120,4,D,PD,SQ,D
11:24:07,MYOR,RG,2120,4,D,PD,SQ,D
11:24:07,MYOR,RG,2120,100,D,YP,SQ,D
11:24:07,MYOR,RG,2120,2,D,SQ,SQ,D
11:24:07,MYOR,RG,2120,1,D,YP,SQ,D
11:24:07,MYOR,RG,2120,1,D,PD,SQ,D
11:24:07,MYOR,RG,2120,1,D,PD,SQ,D
11:24:07,MYOR,RG,2120,1,D,PD,SQ,D
11:24:07,MYOR,RG,2120,1,D,XC,SQ,D
11:24:07,MYOR,RG,2120,188,D,YP,SQ,D
11:23:31,MYOR,RG,2130,9,F,CS,SQ,D
11:23:31,MYOR,RG,2130,4,F,CS,KZ,D
11:23:15,MYOR,RG,2130,10,F,AK,KZ,D
11:22:21,MYOR,RG,2120,7,D,YP,YP,D
11:22:09,MYOR,RG,2120,1,D,YP,GR,D
11:21:50,MYOR,RG,2130,2,F,CS,KZ,D
11:21:50,MYOR,RG,2130,2,F,CS,PD,D
11:21:50,MYOR,RG,2130,6,F,CS,SQ,D
11:21:32,MYOR,RG,2120,2,D,YP,XC,D
11:21:03,MYOR,RG,2120,2,D,YP,DR,D
11:21:03,MYOR,RG,2120,15,D,XC,DR,D
11:21:03,MYOR,RG,2120,1,D,NI,DR,D
11:21:03,MYOR,RG,2120,1,D,CC,DR,D
11:21:03,MYOR,RG,2120,5,D,PD,DR,D
11:21:03,MYOR,RG,2120,26,D,PD,DR,D
11:20:29,MYOR,RG,2120,24,D,PD,XC,D
11:20:29,MYOR,RG,2120,2,F,OD,XC,D
11:20:29,MYOR,RG,2120,1,D,PD,XC,D
11:20:29,MYOR,RG,2120,1,D,PD,XC,D
11:20:29,MYOR,RG,2120,1,D,XC,XC,D
11:20:28,MYOR,RG,2130,11,F,CS,SQ,D
11:20:28,MYOR,RG,2130,33,D,PO,SQ,D
11:20:28,MYOR,RG,2130,1,D,PO,XC,D
11:20:28,MYOR,RG,2130,66,D,PO,CC,D
11:20:27,MYOR,RG,2130,6,F,ZP,CC,D
11:20:21,MYOR,RG,2130,1,F,ZP,CC,D
11:20:13,MYOR,RG,2130,5,F,ZP,CC,D
11:19:14,MYOR,RG,2130,1,F,ZP,CC,D
11:18:35,MYOR,RG,2130,20,D,NI,CC,D
11:17:40,MYOR,RG,2130,1,F,CS,CC,D
11:17:40,MYOR,RG,2130,9,F,CS,SQ,D
11:17:27,MYOR,RG,2130,20,D,NI,SQ,D
11:17:26,MYOR,RG,2130,4,F,ZP,SQ,D
11:17:23,MYOR,RG,2130,1,F,ZP,SQ,D
11:17:09,MYOR,RG,2130,4,F,ZP,SQ,D
11:15:29,MYOR,RG,2130,6,F,ZP,SQ,D
11:15:28,MYOR,RG,2130,1,F,ZP,SQ,D
11:15:15,MYOR,RG,2130,5,F,ZP,SQ,D
11:15:15,MYOR,RG,2130,3,F,ZP,SQ,D
11:14:35,MYOR,RG,2130,2,F,CS,SQ,D
11:14:35,MYOR,RG,2130,2,F,CS,KZ,D
11:14:35,MYOR,RG,2130,9,F,CS,KZ,D
11:13:55,MYOR,RG,2130,1,F,ZP,KZ,D
11:12:46,MYOR,RG,2130,2,F,CS,KZ,D
11:12:46,MYOR,RG,2130,5,F,CS,SQ,D
11:12:41,MYOR,RG,2130,1,F,ZP,SQ,D
11:12:41,MYOR,RG,2130,2,F,ZP,SQ,D
11:12:14,MYOR,RG,2130,1,F,ZP,SQ,D
11:12:03,MYOR,RG,2130,1,F,ZP,SQ,D
11:12:03,MYOR,RG,2130,2,F,ZP,SQ,D
11:12:03,MYOR,RG,2130,1,F,ZP,EP,D
11:11:54,MYOR,RG,2130,4,F,CS,EP,D
11:11:54,MYOR,RG,2130,3,F,CS,SQ,D
11:11:04,MYOR,RG,2130,3,F,CS,SQ,D
11:10:43,MYOR,RG,2130,4,F,CS,SQ,D
11:10:21,MYOR,RG,2130,1,F,ZP,SQ,D
11:10:14,MYOR,RG,2130,10,D,YP,SQ,D
11:10:13,MYOR,RG,2130,3,F,CS,SQ,D
11:10:06,MYOR,RG,2130,5,F,ZP,SQ,D
11:10:04,MYOR,RG,2130,4,F,ZP,SQ,D
11:09:55,MYOR,RG,2130,1,F,ZP,SQ,D
11:09:25,MYOR,RG,2130,1,D,XC,SQ,D
11:08:41,MYOR,RG,2130,12,D,KK,SQ,D
11:08:00,MYOR,RG,2130,7,F,ZP,SQ,D
11:07:57,MYOR,RG,2130,1,F,ZP,SQ,D
11:07:50,MYOR,RG,2130,5,F,ZP,SQ,D
11:07:36,MYOR,RG,2130,1,D,XC,SQ,D
11:06:13,MYOR,RG,2130,1,D,SQ,SQ,D
11:06:04,MYOR,RG,2130,5,D,XC,SQ,D
11:05:55,MYOR,RG,2130,12,F,CS,SQ,D
11:05:55,MYOR,RG,2130,16,F,AK,SQ,D
11:05:55,MYOR,RG,2130,5,F,CS,SQ,D
11:05:49,MYOR,RG,2130,4,F,CS,SQ,D
11:05:49,MYOR,RG,2130,7,F,CS,SQ,D
11:05:49,MYOR,RG,2130,2,F,CS,SQ,D
11:05:49,MYOR,RG,2130,5,F,CS,SQ,D
11:05:48,MYOR,RG,2130,10,F,AK,SQ,D
11:05:48,MYOR,RG,2130,9,F,AK,SQ,D
11:05:48,MYOR,RG,2130,1,F,CS,SQ,D
11:05:48,MYOR,RG,2130,2,F,ZP,SQ,D
11:05:48,MYOR,RG,2130,3,F,ZP,SQ,D
11:05:48,MYOR,RG,2130,5,F,ZP,SQ,D
11:05:48,MYOR,RG,2130,2,D,YP,SQ,D
11:05:36,MYOR,RG,2130,2,D,YP,SQ,D
11:05:36,MYOR,RG,2130,31,D,YP,SQ,D
11:05:33,MYOR,RG,2130,2,F,CS,SQ,D
11:05:26,MYOR,RG,2130,8,F,ZP,SQ,D
11:05:20,MYOR,RG,2130,1,F,ZP,SQ,D
11:05:14,MYOR,RG,2130,6,F,ZP,SQ,D
11:05:14,MYOR,RG,2130,2,F,CS,SQ,D
11:05:14,MYOR,RG,2130,2,F,CS,SQ,D
11:04:53,MYOR,RG,2130,1,D,CC,SQ,D
11:04:43,MYOR,RG,2130,4,F,CS,SQ,D
11:04:20,MYOR,RG,2130,1,F,ZP,SQ,D
11:04:12,MYOR,RG,2130,4,F,CS,SQ,D
11:03:41,MYOR,RG,2130,4,F,CS,SQ,D
11:03:10,MYOR,RG,2130,3,F,CS,SQ,D
11:03:00,MYOR,RG,2130,1,D,KK,SQ,D
11:02:39,MYOR,RG,2130,4,F,CS,SQ,D
11:02:24,MYOR,RG,2130,1,F,ZP,SQ,D
11:02:17,MYOR,RG,2130,8,D,XC,SQ,D
11:02:15,MYOR,RG,2130,6,F,ZP,SQ,D
11:02:08,MYOR,RG,2130,3,F,CS,SQ,D
11:02:03,MYOR,RG,2130,8,D,CC,SQ,D
11:02:03,MYOR,RG,2130,42,D,CC,SQ,D
11:02:03,MYOR,RG,2130,3,F,ZP,SQ,D
11:01:55,MYOR,RG,2130,1,D,XC,SQ,D
11:01:50,MYOR,RG,2130,4,D,XC,SQ,D
11:01:50,MYOR,RG,2130,6,D,XC,SQ,D
11:01:50,MYOR,RG,2130,4,D,XC,SQ,D
11:01:50,MYOR,RG,2130,2,D,XC,SQ,D
11:01:50,MYOR,RG,2130,1,D,XC,PD,D
11:01:50,MYOR,RG,2130,35,D,XC,YP,D
11:01:48,MYOR,RG,2130,6,F,CS,YP,D
11:01:30,MYOR,RG,2130,4,D,XC,YP,D
11:00:48,MYOR,RG,2130,4,F,CS,YP,D
11:00:23,MYOR,RG,2130,12,F,ZP,YP,D
11:00:20,MYOR,RG,2130,4,F,ZP,YP,D
11:00:15,MYOR,RG,2130,2,F,CS,YP,D
11:00:15,MYOR,RG,2130,1,F,CS,PD,D
11:00:15,MYOR,RG,2130,1,F,CS,KK,D
11:00:14,MYOR,RG,2130,4,F,ZP,KK,D
11:00:14,MYOR,RG,2130,9,F,ZP,SQ,D
10:59:48,MYOR,RG,2130,1,D,SQ,SQ,D
10:59:36,MYOR,RG,2130,6,F,CS,SQ,D
10:59:14,MYOR,RG,2120,1,F,BK,SQ,D
10:59:13,MYOR,RG,2130,10,D,PD,SQ,D
10:58:55,MYOR,RG,2130,2,F,CS,SQ,D
10:58:50,MYOR,RG,2130,10,D,CC,SQ,D
10:58:36,MYOR,RG,2130,3,F,CS,SQ,D
10:58:14,MYOR,RG,2130,3,F,CS,SQ,D
10:57:54,MYOR,RG,2130,3,F,CS,SQ,D
10:57:29,MYOR,RG,2130,3,F,CS,SQ,D
10:57:22,MYOR,RG,2130,15,F,CS,SQ,D
10:57:20,MYOR,RG,2130,10,F,AK,SQ,D
10:57:20,MYOR,RG,2130,2,F,ZP,SQ,D
10:57:20,MYOR,RG,2130,3,F,ZP,SQ,D
10:57:20,MYOR,RG,2130,3,F,ZP,SQ,D
10:57:20,MYOR,RG,2130,28,F,ZP,SQ,D
10:57:20,MYOR,RG,2130,22,F,ZP,SQ,D
10:57:20,MYOR,RG,2130,1,D,NI,SQ,D
10:57:20,MYOR,RG,2130,1,D,XC,SQ,D
10:57:20,MYOR,RG,2130,15,F,AK,SQ,D
10:57:20,MYOR,RG,2130,26,D,XC,SQ,D
10:57:20,MYOR,RG,2130,6,F,ZP,SQ,D
10:57:20,MYOR,RG,2130,5,D,NI,SQ,D
10:57:20,MYOR,RG,2130,1,D,XC,SQ,D
10:57:20,MYOR,RG,2130,12,D,XL,SQ,D
10:54:36,MYOR,RG,2140,26,F,CS,SQ,D
10:54:26,MYOR,RG,2130,16,D,XL,YP,D
10:53:08,MYOR,RG,2140,1,D,XC,SQ,D
10:52:48,MYOR,RG,2130,16,D,XL,CC,D
10:52:48,MYOR,RG,2130,11,F,AK,CC,D
10:52:48,MYOR,RG,2130,1,D,XC,CC,D
10:52:48,MYOR,RG,2130,5,D,YP,CC,D
10:52:48,MYOR,RG,2130,10,F,AK,CC,D
10:52:48,MYOR,RG,2130,10,D,CC,CC,D
10:52:48,MYOR,RG,2130,2,F,ZP,CC,D
10:52:48,MYOR,RG,2130,1,F,ZP,CC,D
10:52:48,MYOR,RG,2130,2,F,ZP,CC,D
10:52:48,MYOR,RG,2130,7,F,ZP,CC,D
10:52:48,MYOR,RG,2130,9,F,ZP,CC,D
10:52:48,MYOR,RG,2130,5,D,XL,CC,D
10:52:48,MYOR,RG,2130,3,D,YP,CC,D
10:52:48,MYOR,RG,2130,5,D,LS,CC,D
10:52:48,MYOR,RG,2130,10,D,PD,CC,D
10:52:48,MYOR,RG,2130,1,D,KK,CC,D
10:52:48,MYOR,RG,2130,1,D,XC,CC,D
10:52:48,MYOR,RG,2130,1,D,EP,CC,D
10:50:42,MYOR,RG,2130,15,D,EP,XC,D
10:50:17,MYOR,RG,2140,6,D,XC,SQ,D
10:49:12,MYOR,RG,2140,22,F,CS,SQ,D
10:49:09,MYOR,RG,2140,10,D,LG,SQ,D
10:48:34,MYOR,RG,2130,10,D,EP,YP,D
10:47:19,MYOR,RG,2130,5,D,EP,XC,D
10:45:53,MYOR,RG,2130,40,D,EP,YP,D
10:45:17,MYOR,RG,2130,1,D,EP,YP,D
10:44:47,MYOR,RG,2140,75,F,CS,SQ,D
10:44:47,MYOR,RG,2140,4,F,CS,SQ,D
10:44:47,MYOR,RG,2140,10,F,CS,SQ,D
10:44:47,MYOR,RG,2140,10,D,PD,SQ,D
10:44:33,MYOR,RG,2140,193,F,CS,SQ,D
10:44:33,MYOR,RG,2140,1,F,ZP,SQ,D
10:44:33,MYOR,RG,2140,3,F,ZP,SQ,D
10:44:33,MYOR,RG,2140,3,F,ZP,SQ,D
10:44:31,MYOR,RG,2140,10,F,CS,CP,D
10:44:21,MYOR,RG,2150,17,F,CS,YP,D
10:44:21,MYOR,RG,2150,1,F,CS,PD,D
10:44:21,MYOR,RG,2150,4,F,CS,SQ,D
10:44:21,MYOR,RG,2150,4,F,CS,SQ,D
10:44:21,MYOR,RG,2150,2,F,CS,SQ,D
10:44:21,MYOR,RG,2150,17,F,CS,XC,D
10:44:19,MYOR,RG,2140,84,F,CS,SQ,D
10:44:19,MYOR,RG,2140,1,D,PD,SQ,D
10:44:19,MYOR,RG,2140,10,F,AK,SQ,D
10:44:19,MYOR,RG,2140,4,F,ZP,SQ,D
10:44:19,MYOR,RG,2140,16,F,ZP,SQ,D
10:44:19,MYOR,RG,2140,14,F,ZP,SQ,D
10:44:19,MYOR,RG,2140,1,D,CC,SQ,D
10:44:19,MYOR,RG,2140,10,F,AK,SQ,D
10:44:19,MYOR,RG,2140,10,D,PD,SQ,D
10:43:35,MYOR,RG,2150,1,D,YP,XC,D
10:37:08,MYOR,RG,2150,2,D,PD,XC,D
10:37:06,MYOR,RG,2150,4,D,XC,XC,D
10:36:54,MYOR,RG,2150,1,D,PD,XC,D
10:36:26,MYOR,RG,2140,1,F,CS,XL,D
10:36:24,MYOR,RG,2140,36,F,CS,EP,D
10:36:23,MYOR,RG,2140,11,F,AK,EP,D
10:36:23,MYOR,RG,2140,2,F,ZP,EP,D
10:36:23,MYOR,RG,2140,10,D,PD,EP,D
10:35:46,MYOR,RG,2150,10,F,CS,XC,D
10:35:40,MYOR,RG,2130,59,D,EP,PD,D
10:35:40,MYOR,RG,2130,10,D,LG,PD,D
10:35:40,MYOR,RG,2130,1,D,XC,PD,D
10:35:40,MYOR,RG,2130,3,D,PD,PD,D
10:35:40,MYOR,RG,2130,1,D,PD,PD,D
10:35:40,MYOR,RG,2130,1,D,NI,PD,D
10:35:40,MYOR,RG,2130,1,D,XC,PD,D
10:35:40,MYOR,RG,2130,1,D,PD,PD,D
10:35:40,MYOR,RG,2130,1,D,XC,PD,D
10:35:40,MYOR,RG,2130,1,D,YP,PD,D
10:35:40,MYOR,RG,2130,1,D,PD,PD,D
10:35:21,MYOR,RG,2140,179,F,CS,PD,D
10:35:20,MYOR,RG,2140,10,D,PD,PD,D
10:35:20,MYOR,RG,2140,3,F,ZP,PD,D
10:35:20,MYOR,RG,2140,2,D,YP,PD,D
10:35:20,MYOR,RG,2140,1,F,ZP,PD,D
10:35:20,MYOR,RG,2140,2,F,ZP,PD,D
10:35:20,MYOR,RG,2140,3,F,ZP,PD,D
10:33:52,MYOR,RG,2140,28,F,CS,SQ,D
10:33:52,MYOR,RG,2140,11,F,AK,SQ,D
10:33:52,MYOR,RG,2140,11,F,AK,SQ,D
10:33:49,MYOR,RG,2140,1,F,AK,SQ,D
10:33:45,MYOR,RG,2140,1,F,AK,SQ,D
10:33:43,MYOR,RG,2140,183,F,CS,SQ,D
10:33:43,MYOR,RG,2140,4,F,CS,SQ,D
10:33:43,MYOR,RG,2140,1,F,ZP,SQ,D
10:33:43,MYOR,RG,2140,5,F,ZP,SQ,D
10:33:43,MYOR,RG,2140,6,F,ZP,SQ,D
10:33:43,MYOR,RG,2140,1,D,YP,SQ,D
10:33:34,MYOR,RG,2140,1,F,CS,SQ,D
10:33:33,MYOR,RG,2140,200,F,CS,SQ,D
10:33:27,MYOR,RG,2140,200,F,CS,SQ,D
10:33:26,MYOR,RG,2140,1,F,CS,SQ,D
10:33:21,MYOR,RG,2140,1,F,CS,SQ,D
10:33:20,MYOR,RG,2140,150,F,CS,SQ,D
10:33:15,MYOR,RG,2140,100,F,CS,SQ,D
10:33:08,MYOR,RG,2140,1,F,CS,SQ,D
10:33:02,MYOR,RG,2140,1,F,CS,SQ,D
10:32:57,MYOR,RG,2140,100,F,CS,SQ,D
10:32:57,MYOR,RG,2140,1,F,CS,SQ,D
10:32:52,MYOR,RG,2140,1,F,CS,SQ,D
10:32:48,MYOR,RG,2150,5,F,CS,XC,D
10:32:48,MYOR,RG,2150,31,F,CS,SQ,D
10:32:47,MYOR,RG,2140,1,F,CS,SQ,D
10:32:45,MYOR,RG,2140,100,F,CS,SQ,D
10:32:37,MYOR,RG,2140,1,F,CS,SQ,D
10:32:36,MYOR,RG,2140,100,F,CS,SQ,D
10:32:31,MYOR,RG,2140,1,F,CS,SQ,D
10:32:30,MYOR,RG,2140,100,F,CS,SQ,D
10:32:26,MYOR,RG,2140,1,F,CS,SQ,D
10:32:20,MYOR,RG,2140,100,F,CS,SQ,D
10:32:12,MYOR,RG,2140,100,F,CS,SQ,D
10:31:59,MYOR,RG,2140,100,F,CS,SQ,D
10:31:51,MYOR,RG,2140,100,F,CS,SQ,D
10:31:44,MYOR,RG,2140,78,F,CS,SQ,D
10:31:43,MYOR,RG,2140,11,F,ZP,SQ,D
10:31:43,MYOR,RG,2140,3,F,ZP,SQ,D
10:31:43,MYOR,RG,2140,6,F,ZP,SQ,D
10:31:43,MYOR,RG,2140,2,D,LS,SQ,D
10:31:37,MYOR,RG,2140,100,F,CS,SQ,D
10:31:31,MYOR,RG,2140,100,F,CS,SQ,D
10:31:25,MYOR,RG,2140,100,F,CS,SQ,D
10:31:16,MYOR,RG,2140,50,F,CS,SQ,D
10:31:03,MYOR,RG,2140,50,F,CS,SQ,D
10:30:55,MYOR,RG,2140,50,F,CS,SQ,D
10:30:40,MYOR,RG,2140,23,F,CS,SQ,D
10:30:28,MYOR,RG,2140,1,F,ZP,SQ,D
10:30:28,MYOR,RG,2140,6,F,ZP,SQ,D
10:30:21,MYOR,RG,2140,30,F,CS,SQ,D
10:30:11,MYOR,RG,2140,20,F,CS,SQ,D
10:30:00,MYOR,RG,2140,9,F,CS,SQ,D
10:29:50,MYOR,RG,2140,33,F,AK,SQ,D
10:29:50,MYOR,RG,2140,10,F,AK,SQ,D
10:29:50,MYOR,RG,2140,24,D,PD,SQ,D
10:29:45,MYOR,RG,2140,2,F,ZP,SQ,D
10:29:45,MYOR,RG,2140,2,D,KK,SQ,D
10:29:30,MYOR,RG,2140,8,F,CS,SQ,D
10:29:18,MYOR,RG,2140,1,F,CS,XC,D
10:29:16,MYOR,RG,2140,4,F,CS,NI,D
10:28:38,MYOR,RG,2140,6,F,ZP,SQ,D
10:28:38,MYOR,RG,2140,17,F,ZP,SQ,D
10:28:38,MYOR,RG,2140,21,F,ZP,SQ,D
10:28:38,MYOR,RG,2140,1,D,PD,SQ,D
10:26:49,MYOR,RG,2150,7,D,YP,SQ,D
10:26:24,MYOR,RG,2150,12,D,OD,SQ,D
10:26:24,MYOR,RG,2150,5,D,OD,DR,D
10:26:24,MYOR,RG,2150,6,D,OD,LG,D
10:25:42,MYOR,RG,2140,1,F,CS,SQ,D
10:25:30,MYOR,RG,2140,1,F,CS,SQ,D
10:25:04,MYOR,RG,2140,1,F,CS,SQ,D
10:24:53,MYOR,RG,2140,5,F,CS,SQ,D
10:24:34,MYOR,RG,2140,5,F,CS,SQ,D
10:23:57,MYOR,RG,2140,3,F,CS,SQ,D
10:23:46,MYOR,RG,2140,2,F,CS,SQ,D
10:23:42,MYOR,RG,2140,1,D,XC,SQ,D
10:23:13,MYOR,RG,2140,10,F,AK,SQ,D
10:23:13,MYOR,RG,2140,10,F,AK,SQ,D
10:23:13,MYOR,RG,2140,10,F,ZP,SQ,D
10:23:13,MYOR,RG,2140,35,F,ZP,SQ,D
10:23:13,MYOR,RG,2140,48,F,ZP,SQ,D
10:22:49,MYOR,RG,2140,6,F,ZP,BK,F
10:22:49,MYOR,RG,2140,55,F,CS,BK,F
10:22:48,MYOR,RG,2140,4,F,CS,SQ,D
10:22:48,MYOR,RG,2140,4,F,CS,SQ,D
10:22:48,MYOR,RG,2140,1,F,CS,XC,D
10:22:48,MYOR,RG,2140,2,F,CS,SQ,D
10:22:48,MYOR,RG,2140,74,F,CS,PD,D
10:22:48,MYOR,RG,2140,111,F,CS,XL,D
10:22:48,MYOR,RG,2140,67,F,CS,BK,F
10:22:48,MYOR,RG,2140,1,F,CS,XC,D
10:22:48,MYOR,RG,2140,1,F,CS,KK,D
10:22:25,MYOR,RG,2130,10,F,ZP,YP,D
10:21:18,MYOR,RG,2130,20,F,ZP,PD,D
10:16:42,MYOR,RG,2140,2,D,AT,KK,D
10:16:32,MYOR,RG,2140,4,D,EP,KK,D
10:15:46,MYOR,RG,2140,1,D,CC,KK,D
10:14:56,MYOR,RG,2140,20,D,YJ,KK,D
10:13:43,MYOR,RG,2130,1,F,ZP,PC,D
10:13:43,MYOR,RG,2130,5,F,ZP,PC,D
10:13:43,MYOR,RG,2130,17,F,ZP,PC,D
10:13:43,MYOR,RG,2130,2,D,PD,PC,D
10:13:43,MYOR,RG,2130,4,D,PD,PC,D
10:13:43,MYOR,RG,2130,20,D,CC,PC,D
10:13:43,MYOR,RG,2130,1,D,PD,PC,D
10:13:43,MYOR,RG,2130,1,D,PD,PC,D
10:13:43,MYOR,RG,2130,6,D,YP,PC,D
10:13:43,MYOR,RG,2130,1,D,YP,PC,D
10:13:43,MYOR,RG,2130,13,D,YP,PC,D
10:12:02,MYOR,RG,2130,4,D,YP,SQ,D
10:11:58,MYOR,RG,2130,6,D,YP,SQ,D
10:11:45,MYOR,RG,2140,1,D,XC,KK,D
10:11:23,MYOR,RG,2130,6,D,YP,CC,D
10:11:23,MYOR,RG,2130,30,D,XC,CC,D
10:11:23,MYOR,RG,2130,5,D,CP,CC,D
10:11:23,MYOR,RG,2130,23,D,YP,CC,D
10:10:46,MYOR,RG,2140,1,D,YP,KK,D
10:10:30,MYOR,RG,2130,30,D,YP,CC,D
10:09:45,MYOR,RG,2130,5,D,YP,NI,D
10:09:17,MYOR,RG,2140,1,D,KK,AT,D
10:09:06,MYOR,RG,2140,1,D,XC,AT,D
10:08:32,MYOR,RG,2140,64,F,AK,SQ,D
10:08:32,MYOR,RG,2140,47,D,PD,SQ,D
10:08:32,MYOR,RG,2140,7,F,ZP,SQ,D
10:08:32,MYOR,RG,2140,2,D,YP,SQ,D
10:08:32,MYOR,RG,2140,7,F,ZP,SQ,D
10:08:32,MYOR,RG,2140,2,F,ZP,SQ,D
10:08:32,MYOR,RG,2140,7,F,ZP,SQ,D
10:08:32,MYOR,RG,2140,10,F,AK,SQ,D
10:08:32,MYOR,RG,2140,26,F,ZP,SQ,D
10:08:32,MYOR,RG,2140,1,F,ZP,SQ,D
10:07:59,MYOR,RG,2150,1,D,XC,LG,D
10:07:45,MYOR,RG,2150,3,F,AK,LG,D
10:07:45,MYOR,RG,2150,1,F,AK,XC,D
10:07:45,MYOR,RG,2150,7,F,AK,YP,D
10:07:30,MYOR,RG,2150,3,F,ZP,YP,D
10:07:30,MYOR,RG,2150,10,F,ZP,CC,D
10:07:30,MYOR,RG,2150,6,F,ZP,DR,D
10:07:09,MYOR,RG,2150,4,D,YP,DR,D
10:07:09,MYOR,RG,2150,1,D,YP,SQ,D
10:06:58,MYOR,RG,2150,3,D,YP,CC,D
10:06:43,MYOR,RG,2140,2,F,ZP,AZ,D
10:06:43,MYOR,RG,2140,8,F,ZP,AZ,D
10:05:45,MYOR,RG,2140,5,F,ZP,LG,D
10:05:45,MYOR,RG,2140,10,D,KK,LG,D
10:02:07,MYOR,RG,2140,1,D,XC,KK,D
10:00:42,MYOR,RG,2140,1,D,DH,KK,D
10:00:37,MYOR,RG,2140,1,D,XC,KK,D
10:00:26,MYOR,RG,2140,2,F,ZP,KK,D
10:00:11,MYOR,RG,2140,3,F,ZP,KK,D
9:59:50,MYOR,RG,2140,2,D,CC,KK,D
9:59:50,MYOR,RG,2140,3,D,CC,EP,D
9:59:31,MYOR,RG,2140,5,F,ZP,EP,D
9:59:18,MYOR,RG,2140,14,F,ZP,EP,D
9:59:18,MYOR,RG,2140,1,F,ZP,CC,D
9:59:18,MYOR,RG,2140,2,F,ZP,KK,D
9:59:04,MYOR,RG,2140,2,D,XC,KK,D
9:58:30,MYOR,RG,2140,1,D,PD,KK,D
9:58:04,MYOR,RG,2140,2,D,PD,KK,D
9:58:04,MYOR,RG,2140,1,D,PD,SQ,D
9:58:04,MYOR,RG,2140,7,D,PD,DH,D
9:58:03,MYOR,RG,2140,3,D,XC,DH,D
9:58:02,MYOR,RG,2130,1,F,ZP,PD,D
9:57:45,MYOR,RG,2130,1,F,ZP,PD,D
9:57:39,MYOR,RG,2140,5,D,XC,DH,D
9:57:28,MYOR,RG,2140,1,D,EP,DH,D
9:56:41,MYOR,RG,2140,1,D,PD,DH,D
9:56:31,MYOR,RG,2130,2,F,ZP,CC,D
9:56:00,MYOR,RG,2130,5,F,ZP,PD,D
9:56:00,MYOR,RG,2130,23,D,YP,PD,D
9:55:04,MYOR,RG,2140,8,D,PD,DH,D
9:55:04,MYOR,RG,2140,4,D,PD,YP,D
9:53:21,MYOR,RG,2130,2,D,YP,XC,D
9:51:55,MYOR,RG,2130,2,D,YP,XC,D
9:51:43,MYOR,RG,2130,2,D,YP,CC,D
9:51:28,MYOR,RG,2130,2,D,YP,YP,D
9:51:15,MYOR,RG,2130,1,D,YP,XC,D
9:51:04,MYOR,RG,2120,1,F,BK,NI,D
9:51:00,MYOR,RG,2120,1,F,BK,XC,D
9:50:19,MYOR,RG,2120,18,F,BK,PD,D
9:50:19,MYOR,RG,2120,1,D,XC,PD,D
9:50:19,MYOR,RG,2120,3,D,KK,PD,D
9:50:13,MYOR,RG,2130,5,D,YP,CC,D
9:50:13,MYOR,RG,2130,10,D,YP,KK,D
9:50:13,MYOR,RG,2130,1,D,YP,SQ,D
9:50:13,MYOR,RG,2130,2,D,YP,PD,D
9:50:13,MYOR,RG,2130,13,D,YP,XC,D
9:50:13,MYOR,RG,2130,2,D,YP,CC,D
9:50:13,MYOR,RG,2130,20,D,YP,YB,D
9:49:19,MYOR,RG,2120,7,D,KK,PD,D
9:49:19,MYOR,RG,2120,8,D,XC,PD,D
9:49:19,MYOR,RG,2120,1,D,XC,PD,D
9:48:41,MYOR,RG,2120,1,D,XC,PD,D
9:48:41,MYOR,RG,2120,1,D,PD,PD,D
9:48:12,MYOR,RG,2130,3,D,CC,YB,D
9:46:46,MYOR,RG,2130,10,D,KK,YB,D
9:46:14,MYOR,RG,2130,5,D,PD,YB,D
9:45:39,MYOR,RG,2130,8,D,PD,YB,D
9:45:25,MYOR,RG,2130,1,D,CC,YB,D
9:45:24,MYOR,RG,2130,10,D,DR,YB,D
9:44:49,MYOR,RG,2130,1,D,XC,YB,D
9:44:11,MYOR,RG,2130,1,D,XC,YB,D
9:43:43,MYOR,RG,2120,5,D,PD,XC,D
9:43:42,MYOR,RG,2120,2,D,PD,PD,D
9:43:28,MYOR,RG,2120,2,D,PD,GR,D
9:43:03,MYOR,RG,2120,40,F,BK,XC,D
9:43:03,MYOR,RG,2120,11,F,AK,XC,D
9:43:03,MYOR,RG,2120,3,D,YP,XC,D
9:43:03,MYOR,RG,2120,3,D,XC,XC,D
9:43:03,MYOR,RG,2120,1,D,LG,XC,D
9:43:03,MYOR,RG,2120,2,F,ZP,XC,D
9:43:01,MYOR,RG,2120,7,F,ZP,XL,D
9:43:01,MYOR,RG,2120,1,F,ZP,XL,D
9:43:01,MYOR,RG,2120,4,F,ZP,XL,D
9:43:01,MYOR,RG,2120,10,F,ZP,XL,D
9:43:01,MYOR,RG,2120,3,D,LG,XL,D
9:42:59,MYOR,RG,2120,59,D,LG,YP,D
9:42:46,MYOR,RG,2120,22,D,LG,PD,D
9:42:03,MYOR,RG,2120,66,D,LG,CC,D
9:42:03,MYOR,RG,2120,3,F,ZP,CC,D
9:42:03,MYOR,RG,2120,1,D,PD,CC,D
9:42:03,MYOR,RG,2120,10,F,AK,CC,D
9:42:03,MYOR,RG,2120,20,D,XL,CC,D
9:41:37,MYOR,RG,2120,7,D,XL,PD,D
9:41:34,MYOR,RG,2130,1,D,XL,YB,D
9:40:42,MYOR,RG,2120,20,D,XL,YP,D
9:40:11,MYOR,RG,2120,7,D,XL,PD,D
9:40:11,MYOR,RG,2120,1,D,XL,YP,D
9:40:10,MYOR,RG,2120,5,D,XL,XC,D
9:40:00,MYOR,RG,2120,37,D,XL,XC,D
9:39:35,MYOR,RG,2120,3,D,XL,NI,D
9:39:28,MYOR,RG,2120,11,D,XL,PD,D
9:39:28,MYOR,RG,2120,35,D,EP,PD,D
9:39:27,MYOR,RG,2120,10,D,EP,NI,D
9:39:26,MYOR,RG,2120,5,D,EP,BQ,D
9:39:15,MYOR,RG,2120,8,D,EP,XC,D
9:39:15,MYOR,RG,2120,2,D,XC,XC,D
9:39:15,MYOR,RG,2120,2,F,ZP,XC,D
9:39:06,MYOR,RG,2130,10,D,PD,YB,D
9:38:58,MYOR,RG,2120,1,F,ZP,XC,D
9:38:48,MYOR,RG,2120,1,F,ZP,XC,D
9:38:43,MYOR,RG,2120,6,F,ZP,AK,F
9:38:42,MYOR,RG,2120,5,F,ZP,YP,D
9:38:42,MYOR,RG,2120,3,F,ZP,YP,D
9:38:41,MYOR,RG,2120,2,F,ZP,YP,D
9:38:41,MYOR,RG,2120,10,F,ZP,PD,D
9:38:41,MYOR,RG,2120,7,F,ZP,PD,D
9:38:41,MYOR,RG,2120,1,D,YP,PD,D
9:38:41,MYOR,RG,2120,10,D,DH,PD,D
9:38:41,MYOR,RG,2120,10,D,XC,PD,D
9:38:41,MYOR,RG,2120,10,D,DH,PD,D
9:38:41,MYOR,RG,2120,5,D,CP,PD,D
9:38:41,MYOR,RG,2120,16,D,XC,PD,D
9:38:41,MYOR,RG,2120,2,D,OD,PD,D
9:38:41,MYOR,RG,2120,15,D,DR,PD,D
9:38:41,MYOR,RG,2120,1,D,NI,PD,D
9:38:41,MYOR,RG,2120,1,D,PD,PD,D
9:38:41,MYOR,RG,2120,30,D,YP,PD,D
9:38:41,MYOR,RG,2120,1,D,NI,PD,D
9:38:41,MYOR,RG,2120,2,D,CC,PD,D
9:38:41,MYOR,RG,2120,10,D,CC,PD,D
9:38:41,MYOR,RG,2120,3,D,YP,PD,D
9:38:41,MYOR,RG,2120,1,D,XC,PD,D
9:38:41,MYOR,RG,2120,7,D,YP,PD,D
9:38:41,MYOR,RG,2120,3,D,YP,PD,D
9:38:41,MYOR,RG,2120,1,D,CC,PD,D
9:38:41,MYOR,RG,2120,2,D,CC,CC,D
9:38:41,MYOR,RG,2120,1,D,YP,CC,D
9:38:41,MYOR,RG,2120,1,D,AT,CC,D
9:38:40,MYOR,RG,2120,2,D,KK,ID,D
9:38:40,MYOR,RG,2120,1,D,SQ,ID,D
9:38:31,MYOR,RG,2130,1,D,XC,YB,D
9:38:05,MYOR,RG,2130,1,D,PD,YB,D
9:37:50,MYOR,RG,2130,5,D,NI,YB,D
9:37:40,MYOR,RG,2130,3,F,ZP,YB,D
9:37:40,MYOR,RG,2130,2,F,ZP,YB,D
9:37:40,MYOR,RG,2130,10,D,NI,YB,D
9:37:40,MYOR,RG,2130,4,D,NI,YP,D
9:37:40,MYOR,RG,2130,1,D,YP,YP,D
9:37:40,MYOR,RG,2130,1,D,YP,YP,D
9:37:40,MYOR,RG,2130,11,D,YP,YP,D
9:37:40,MYOR,RG,2130,13,F,BK,YP,D
9:37:40,MYOR,RG,2130,5,F,BK,YP,D
9:37:39,MYOR,RG,2130,4,F,BK,YP,D
9:37:39,MYOR,RG,2150,2,D,PD,CC,D
9:37:39,MYOR,RG,2130,3,F,BK,PD,D
9:37:39,MYOR,RG,2130,43,F,BK,CC,D
9:37:39,MYOR,RG,2130,10,D,PD,CC,D
9:37:39,MYOR,RG,2130,1,D,XC,CC,D
9:37:39,MYOR,RG,2130,1,D,PD,CC,D
9:37:39,MYOR,RG,2130,3,D,PD,CC,D
9:37:39,MYOR,RG,2130,2,D,CC,CC,D
9:37:39,MYOR,RG,2130,10,D,CC,CC,D
9:37:39,MYOR,RG,2130,50,D,YP,CC,D
9:37:39,MYOR,RG,2130,1,D,XC,CC,D
9:37:39,MYOR,RG,2130,2,D,PD,CC,D
9:37:39,MYOR,RG,2130,1,D,YP,CC,D
9:37:39,MYOR,RG,2130,1,D,PD,CC,D
9:37:39,MYOR,RG,2130,1,D,PD,CC,D
9:37:39,MYOR,RG,2130,2,D,LS,CC,D
9:37:39,MYOR,RG,2130,1,D,EP,CC,D
9:37:39,MYOR,RG,2140,7,F,ZP,CC,D
9:37:39,MYOR,RG,2140,6,D,XC,CC,D
9:37:39,MYOR,RG,2140,10,F,AK,CC,D
9:37:39,MYOR,RG,2140,1,D,YP,CC,D
9:37:39,MYOR,RG,2140,2,F,ZP,CC,D
9:37:39,MYOR,RG,2140,6,F,ZP,CC,D
9:37:39,MYOR,RG,2140,4,F,ZP,CC,D
9:37:39,MYOR,RG,2140,9,D,YP,CC,D
9:37:39,MYOR,RG,2140,7,F,ZP,CC,D
9:37:39,MYOR,RG,2140,19,D,NI,CC,D
9:37:12,MYOR,RG,2140,22,D,NI,XC,D
9:37:00,MYOR,RG,2150,6,D,YP,CC,D
9:36:18,MYOR,RG,2140,5,D,NI,PD,D
9:36:08,MYOR,RG,2140,1,D,NI,PD,D
9:34:20,MYOR,RG,2140,2,D,CC,NI,D
9:33:54,MYOR,RG,2140,1,D,XC,NI,D
9:33:54,MYOR,RG,2140,11,F,AK,NI,D
9:33:54,MYOR,RG,2140,10,F,ZP,NI,D
9:33:54,MYOR,RG,2140,2,F,ZP,NI,D
9:33:54,MYOR,RG,2140,4,F,ZP,NI,D
9:33:45,MYOR,RG,2140,5,D,PD,PD,D
9:32:58,MYOR,RG,2140,5,D,PD,PD,D
9:32:58,MYOR,RG,2140,4,F,AK,PD,D
9:32:56,MYOR,RG,2140,4,F,AK,PD,D
9:32:34,MYOR,RG,2140,1,F,AK,NI,D
9:32:34,MYOR,RG,2150,9,D,PD,CC,D
9:32:34,MYOR,RG,2150,6,D,PD,XC,D
9:32:21,MYOR,RG,2140,1,F,AK,XL,D
9:32:21,MYOR,RG,2140,1,F,ZP,XL,D
9:32:21,MYOR,RG,2140,2,F,ZP,XL,D
9:32:21,MYOR,RG,2140,1,D,DH,XL,D
9:31:53,MYOR,RG,2140,5,D,DH,NI,D
9:31:38,MYOR,RG,2140,1,D,DH,PD,D
9:31:07,MYOR,RG,2140,1,D,DH,SQ,D
9:30:52,MYOR,RG,2140,1,D,DH,NI,D
9:30:52,MYOR,RG,2140,1,D,DH,NI,D
9:30:19,MYOR,RG,2140,3,D,YP,NI,D
9:30:04,MYOR,RG,2140,3,D,PD,NI,D
9:30:04,MYOR,RG,2140,5,D,PD,XC,D
9:30:04,MYOR,RG,2140,2,D,PD,NI,D
9:29:42,MYOR,RG,2140,1,D,CC,YP,D
9:28:10,MYOR,RG,2140,1,F,ZP,XC,D
9:28:03,MYOR,RG,2140,5,F,ZP,EP,D
9:28:03,MYOR,RG,2140,2,F,ZP,EP,D
9:28:03,MYOR,RG,2140,10,F,AK,EP,D
9:28:03,MYOR,RG,2140,8,D,XC,EP,D
9:27:48,MYOR,RG,2140,8,D,XC,PD,D
9:27:48,MYOR,RG,2140,1,F,ZP,PD,D
9:27:48,MYOR,RG,2140,1,F,ZP,PD,D
9:27:48,MYOR,RG,2140,10,F,ZP,PD,D
9:27:34,MYOR,RG,2140,1,F,ZP,XC,D
9:27:34,MYOR,RG,2140,3,F,ZP,XC,D
9:27:34,MYOR,RG,2140,1,F,AK,XC,D
9:27:03,MYOR,RG,2140,1,F,AK,AK,F
9:27:03,MYOR,RG,2140,8,F,AK,AK,F
9:27:03,MYOR,RG,2140,5,D,XL,AK,F
9:27:03,MYOR,RG,2140,4,D,PD,AK,F
9:27:02,MYOR,RG,2140,6,D,PD,NI,D
9:27:02,MYOR,RG,2140,2,F,ZP,NI,D
9:27:02,MYOR,RG,2140,6,F,ZP,NI,D
9:27:02,MYOR,RG,2140,5,D,CP,NI,D
9:27:02,MYOR,RG,2140,1,D,XC,NI,D
9:27:02,MYOR,RG,2140,1,D,XC,NI,D
9:27:02,MYOR,RG,2140,1,D,CC,NI,D
9:27:02,MYOR,RG,2140,4,D,NI,NI,D
9:27:02,MYOR,RG,2140,1,D,YP,NI,D
9:27:02,MYOR,RG,2140,2,D,XC,NI,D
9:27:02,MYOR,RG,2140,71,D,YP,NI,D
9:26:12,MYOR,RG,2150,1,D,PD,XC,D
9:26:12,MYOR,RG,2150,4,D,PD,YP,D
9:24:43,MYOR,RG,2150,1,D,XC,YP,D
9:24:43,MYOR,RG,2150,1,D,XC,PD,D
9:24:42,MYOR,RG,2140,10,D,YP,YB,D
9:23:56,MYOR,RG,2150,1,D,NI,PD,D
9:23:16,MYOR,RG,2150,1,D,PD,PD,D
9:23:16,MYOR,RG,2150,4,D,PD,XC,D
9:22:54,MYOR,RG,2150,6,D,XC,CC,D
9:22:54,MYOR,RG,2150,1,D,XC,CC,D
9:22:54,MYOR,RG,2150,10,F,AK,CC,D
9:22:54,MYOR,RG,2150,2,F,ZP,CC,D
9:22:54,MYOR,RG,2150,1,F,ZP,CC,D
9:22:53,MYOR,RG,2150,8,F,ZP,YP,D
9:22:53,MYOR,RG,2150,1,D,XC,YP,D
9:22:46,MYOR,RG,2150,7,D,DR,GR,D
9:22:33,MYOR,RG,2150,8,D,DR,SQ,D
9:22:12,MYOR,RG,2150,20,D,DR,YP,D
9:22:07,MYOR,RG,2150,12,D,DR,YP,D
9:21:59,MYOR,RG,2150,2,D,DR,XC,D
9:21:51,MYOR,RG,2150,6,D,DR,YP,D
9:21:51,MYOR,RG,2150,19,D,PD,YP,D
9:20:47,MYOR,RG,2150,1,D,PD,SQ,D
9:20:47,MYOR,RG,2150,11,F,AK,SQ,D
9:20:47,MYOR,RG,2150,5,D,OD,SQ,D
9:20:47,MYOR,RG,2150,3,F,ZP,SQ,D
9:20:47,MYOR,RG,2150,10,F,ZP,SQ,D
9:20:29,MYOR,RG,2160,1,D,XC,PD,D
9:19:38,MYOR,RG,2150,1,F,ZP,XC,D
9:19:38,MYOR,RG,2150,1,D,XC,XC,D
9:18:58,MYOR,RG,2160,2,D,PD,PD,D
9:18:58,MYOR,RG,2140,12,D,YP,XC,D
9:18:58,MYOR,RG,2140,1,D,YP,XC,D
9:18:58,MYOR,RG,2140,1,D,EP,XC,D
9:17:42,MYOR,RG,2150,2,F,ZP,PD,D
9:17:28,MYOR,RG,2150,4,D,XL,AK,F
9:17:28,MYOR,RG,2150,5,D,XC,AK,F
9:17:28,MYOR,RG,2150,10,F,AK,AK,F
9:17:28,MYOR,RG,2150,2,D,XC,AK,F
9:17:28,MYOR,RG,2150,1,D,YP,AK,F
9:17:28,MYOR,RG,2150,2,D,XC,PD,D
9:17:28,MYOR,RG,2150,1,D,XC,PD,D
9:17:28,MYOR,RG,2150,10,F,AK,PD,D
9:17:28,MYOR,RG,2150,1,D,YP,PD,D
9:17:28,MYOR,RG,2150,6,F,ZP,PD,D
9:17:28,MYOR,RG,2150,20,F,ZP,PD,D
9:17:28,MYOR,RG,2150,1,D,YP,PD,D
9:17:28,MYOR,RG,2150,1,D,YP,PD,D
9:17:28,MYOR,RG,2150,1,D,KK,PD,D
9:17:28,MYOR,RG,2150,1,D,YP,PD,D
9:17:28,MYOR,RG,2150,1,D,PD,PD,D
9:17:28,MYOR,RG,2150,1,F,ZP,PD,D
9:17:28,MYOR,RG,2150,2,D,YP,PD,D
9:17:28,MYOR,RG,2150,1,D,XC,PD,D
9:17:28,MYOR,RG,2150,1,D,KK,PD,D
9:17:28,MYOR,RG,2150,3,D,YP,PD,D
9:17:28,MYOR,RG,2150,2,D,XC,PD,D
9:17:28,MYOR,RG,2150,8,D,XC,PD,D
9:17:28,MYOR,RG,2150,2,D,YP,PD,D
9:17:28,MYOR,RG,2150,1,D,CC,PD,D
9:17:28,MYOR,RG,2150,1,D,YP,PD,D
9:17:28,MYOR,RG,2150,83,D,LG,PD,D
9:16:59,MYOR,RG,2150,2,D,LG,PD,D
9:16:19,MYOR,RG,2150,15,D,LG,SQ,D
9:15:53,MYOR,RG,2150,35,D,LG,CC,D
9:15:18,MYOR,RG,2150,11,D,LG,XC,D
9:15:16,MYOR,RG,2160,2,D,XC,PD,D
9:15:08,MYOR,RG,2150,1,D,LG,YP,D
9:15:04,MYOR,RG,2150,25,D,LG,YP,D
9:15:01,MYOR,RG,2150,25,D,LG,DR,D
9:14:56,MYOR,RG,2150,6,D,LG,HP,D
9:14:46,MYOR,RG,2150,15,D,LG,YP,D
9:13:39,MYOR,RG,2150,15,D,LG,EP,D
9:13:29,MYOR,RG,2150,1,D,LG,NI,D
9:13:08,MYOR,RG,2150,66,D,LG,YP,D
9:13:08,MYOR,RG,2150,1,D,XC,YP,D
9:13:08,MYOR,RG,2150,3,D,AT,YP,D
9:13:08,MYOR,RG,2150,5,D,YP,YP,D
9:12:58,MYOR,RG,2150,195,D,YP,YU,D
9:12:58,MYOR,RG,2150,2,D,PD,YU,D
9:12:58,MYOR,RG,2150,1,D,PD,YU,D
9:12:58,MYOR,RG,2150,2,D,PD,YU,D
9:12:58,MYOR,RG,2150,2,D,XC,YU,D
9:12:58,MYOR,RG,2150,98,D,XC,YU,D
9:12:57,MYOR,RG,2160,44,D,XC,PD,D
9:12:49,MYOR,RG,2150,2,D,XC,YP,D
9:12:49,MYOR,RG,2150,1,D,EP,YP,D
9:12:37,MYOR,RG,2160,1,D,XC,PD,D
9:11:22,MYOR,RG,2160,21,F,ZP,PD,D
9:11:00,MYOR,RG,2160,2,F,ZP,AK,F
9:11:00,MYOR,RG,2160,10,F,AK,AK,F
9:11:00,MYOR,RG,2160,1,D,YP,AK,F
9:11:00,MYOR,RG,2160,2,D,XC,AK,F
9:11:00,MYOR,RG,2160,4,F,ZP,AK,F
9:11:00,MYOR,RG,2160,10,F,AK,AK,F
9:11:00,MYOR,RG,2160,1,D,XC,AK,F
9:11:00,MYOR,RG,2160,3,F,ZP,AK,F
9:11:00,MYOR,RG,2160,3,F,ZP,AK,F
9:11:00,MYOR,RG,2160,3,D,XC,AK,F
9:11:00,MYOR,RG,2160,1,D,NI,AK,F
9:11:00,MYOR,RG,2160,3,F,ZP,AK,F
9:10:59,MYOR,RG,2170,21,D,NI,PD,D
9:10:59,MYOR,RG,2170,1,D,NI,PD,D
9:10:59,MYOR,RG,2170,1,D,NI,PD,D
9:10:59,MYOR,RG,2170,2,D,NI,XL,D
9:10:59,MYOR,RG,2170,32,D,NI,EP,D
9:06:16,MYOR,RG,2170,10,D,XC,EP,D
9:05:36,MYOR,RG,2160,10,D,NI,YP,D
9:05:16,MYOR,RG,2170,3,D,XC,EP,D
9:05:09,MYOR,RG,2170,2,D,NI,EP,D
9:04:47,MYOR,RG,2160,33,D,NI,XC,D
9:04:47,MYOR,RG,2160,1,D,XC,XC,D
9:04:47,MYOR,RG,2160,3,D,AT,XC,D
9:04:47,MYOR,RG,2160,5,F,ZP,XC,D
9:04:47,MYOR,RG,2160,1,F,ZP,XC,D
9:04:21,MYOR,RG,2160,1,D,YP,AK,F
9:04:21,MYOR,RG,2160,8,F,AK,AK,F
9:04:20,MYOR,RG,2160,3,F,AK,YP,D
9:04:20,MYOR,RG,2160,9,F,ZP,YP,D
9:04:20,MYOR,RG,2160,4,F,ZP,YP,D
9:04:20,MYOR,RG,2160,10,F,ZP,YP,D
9:04:20,MYOR,RG,2160,1,F,ZP,YP,D
9:04:20,MYOR,RG,2160,5,D,DR,YP,D
9:04:20,MYOR,RG,2160,5,D,NI,YP,D
9:04:20,MYOR,RG,2160,1,D,XC,YP,D
9:04:20,MYOR,RG,2160,1,D,XC,YP,D
9:04:20,MYOR,RG,2160,3,D,XC,YP,D
9:04:20,MYOR,RG,2160,7,D,YP,YP,D
9:03:58,MYOR,RG,2160,10,D,YP,EP,D
9:03:42,MYOR,RG,2160,1,D,YP,YP,D
9:02:38,MYOR,RG,2160,1,D,YP,PD,D
9:02:25,MYOR,RG,2160,3,D,YP,PD,D
9:02:14,MYOR,RG,2160,13,D,YP,NI,D
9:01:45,MYOR,RG,2160,8,D,YP,PD,D
9:00:59,MYOR,RG,2170,2,D,PD,EP,D
9:00:57,MYOR,RG,2160,20,D,YP,ZP,D
9:00:31,MYOR,RG,2170,23,D,YP,EP,D
9:00:29,MYOR,RG,2160,1,D,YP,XC,D
9:00:25,MYOR,RG,2170,15,D,CC,EP,D
9:00:25,MYOR,RG,2160,1,D,YP,PC,D
9:00:24,MYOR,RG,2160,2,D,YP,YP,D
9:00:22,MYOR,RG,2160,1,D,YP,XC,D
9:00:19,MYOR,RG,2160,2,D,YP,AK,F
9:00:19,MYOR,RG,2160,1,F,ZP,AK,F
9:00:14,MYOR,RG,2160,1,F,ZP,AK,F
9:00:13,MYOR,RG,2160,1,F,ZP,AK,F
9:00:11,MYOR,RG,2160,1,D,PD,AK,F
9:00:11,MYOR,RG,2170,25,D,SQ,EP,D
9:00:10,MYOR,RG,2160,1,D,XC,AK,F
9:00:09,MYOR,RG,2160,1,D,XC,AK,F
9:00:09,MYOR,RG,2160,1,D,PD,AK,F
9:00:07,MYOR,RG,2160,1,D,PD,AK,F
9:00:06,MYOR,RG,2150,1,D,CC,AK,F
9:00:06,MYOR,RG,2160,1,D,PD,AK,F
9:00:05,MYOR,RG,2170,6,D,HP,EP,D
9:00:04,MYOR,RG,2160,1,D,PD,XL,D
9:00:04,MYOR,RG,2170,32,F,AK,EP,D
9:00:04,MYOR,RG,2170,1,F,AK,KK,D
9:00:04,MYOR,RG,2170,1,F,AK,SQ,D
9:00:04,MYOR,RG,2170,2,F,AK,TP,D
9:00:04,MYOR,RG,2170,1,D,XL,TP,D
9:00:00,MYOR,RG,2170,2,D,PC,TP,D