Time,Stock,Brd,Price,Qty,BT,BC,SC,ST
15:13:35,MYOR,RG,1890,1,D,NI,KZ,F
15:13:12,MYOR,RG,1890,7,D,XL,KZ,F
15:11:47,MYOR,RG,1890,4,D,XC,KZ,F
15:10:20,MYOR,RG,1890,4,D,CC,KZ,F
15:10:20,MYOR,RG,1890,46,D,CC,CS,F
15:07:45,MYOR,RG,1890,5,D,XC,CS,F
15:05:39,MYOR,RG,1890,10,D,CC,CS,F
15:04:54,MYOR,RG,1890,5,D,YP,CS,F
15:04:29,MYOR,RG,1890,1,D,DH,CS,F
15:04:29,MYOR,RG,1890,2,D,XL,CS,F
15:04:29,MYOR,RG,1890,5,D,CC,CS,F
15:04:29,MYOR,RG,1890,1,D,CC,CS,F
15:04:29,MYOR,RG,1890,1,D,XC,CS,F
15:04:29,MYOR,RG,1890,1,D,DH,CS,F
15:04:29,MYOR,RG,1890,1,D,DH,CS,F
15:04:29,MYOR,RG,1890,1,D,DH,CS,F
15:04:29,MYOR,RG,1890,2,D,XC,CS,F
15:04:29,MYOR,RG,1890,3,D,XC,CS,F
15:04:29,MYOR,RG,1890,5,D,XC,CS,F
15:04:29,MYOR,RG,1890,1,D,HP,CS,F
15:04:29,MYOR,RG,1890,2,D,YP,CS,F
15:04:29,MYOR,RG,1890,1,D,XC,CS,F
15:04:29,MYOR,RG,1890,1,D,XC,CS,F
15:04:29,MYOR,RG,1890,5581,F,ZP,CS,F
15:04:29,MYOR,RG,1890,1517,F,ZP,CS,D
15:04:29,MYOR,RG,1890,1508,F,ZP,CS,D
15:03:14,MYOR,RG,1890,27,F,ZP,KZ,F
15:03:14,MYOR,RG,1890,100,F,ZP,CC,D
15:02:54,MYOR,RG,1890,1,F,ZP,XC,D
15:02:05,MYOR,RG,1890,3,F,ZP,XC,D
15:01:38,MYOR,RG,1890,40,F,ZP,YB,D
15:01:23,MYOR,RG,1890,27,F,ZP,KK,D
15:00:00,MYOR,RG,1890,18,F,ZP,PD,D
15:00:00,MYOR,RG,1890,2,F,ZP,CC,D
15:00:00,MYOR,RG,1890,1,F,ZP,YP,D
15:00:00,MYOR,RG,1890,10,F,ZP,OK,D
15:00:00,MYOR,RG,1890,21,F,ZP,DR,D
15:00:00,MYOR,RG,1890,6,F,ZP,LG,D
15:00:00,MYOR,RG,1890,9,F,ZP,YB,D
15:00:00,MYOR,RG,1890,129,F,ZP,GR,D
15:00:00,MYOR,RG,1890,349,F,ZP,GR,D
15:00:00,MYOR,RG,1890,114,F,ZP,AK,F
15:00:00,MYOR,RG,1890,1,F,ZP,AK,F
15:00:00,MYOR,RG,1890,1,F,ZP,AK,F
15:00:00,MYOR,RG,1890,237,F,ZP,CC,D
15:00:00,MYOR,RG,1890,1,F,ZP,CC,D
15:00:00,MYOR,RG,1890,30,F,ZP,CC,D
15:00:00,MYOR,RG,1890,22,F,AK,CC,D
14:49:59,MYOR,RG,1890,242,F,ZP,DR,D
14:49:51,MYOR,RG,1895,12,F,ZP,CS,D
14:49:51,MYOR,RG,1890,56,F,ZP,DR,D
14:49:51,MYOR,RG,1890,50,D,OD,DR,D
14:49:51,MYOR,RG,1890,5,D,CC,DR,D
14:49:51,MYOR,RG,1890,12,F,ZP,DR,D
14:49:51,MYOR,RG,1890,1,D,XL,DR,D
14:49:51,MYOR,RG,1890,2,D,XL,DR,D
14:49:51,MYOR,RG,1890,3,D,YP,DR,D
14:49:51,MYOR,RG,1890,2,D,SQ,DR,D
14:49:51,MYOR,RG,1890,2,D,PD,DR,D
14:49:51,MYOR,RG,1890,10,D,YP,DR,D
14:49:51,MYOR,RG,1890,500,D,PD,DR,D
14:49:51,MYOR,RG,1890,200,D,YP,DR,D
14:49:51,MYOR,RG,1890,1,D,PD,DR,D
14:49:51,MYOR,RG,1890,1,D,CC,DR,D
14:49:51,MYOR,RG,1890,53,D,PD,DR,D
14:49:39,MYOR,RG,1890,13,D,PD,AK,F
14:49:39,MYOR,RG,1890,2,D,PD,AK,F
14:49:39,MYOR,RG,1895,23,F,ZP,CS,D
14:49:30,MYOR,RG,1890,8,D,PD,AK,F
14:49:30,MYOR,RG,1890,6,D,PD,AK,F
14:49:23,MYOR,RG,1895,1,D,NI,CS,D
14:49:23,MYOR,RG,1895,8,F,ZP,CS,D
14:49:20,MYOR,RG,1895,3,D,PD,CS,D
14:49:17,MYOR,RG,1895,3,F,AK,CS,D
14:48:59,MYOR,RG,1895,21,F,ZP,CS,D
14:48:03,MYOR,RG,1890,1,D,PD,YP,D
14:47:54,MYOR,RG,1890,3,D,PD,NI,D
14:47:42,MYOR,RG,1895,11,F,ZP,CS,D
14:47:42,MYOR,RG,1895,5,D,CC,CS,D
14:47:42,MYOR,RG,1895,2,F,ZP,CS,D
14:47:18,MYOR,RG,1895,5,F,AK,XC,D
14:47:18,MYOR,RG,1895,32,F,AK,BK,F
14:47:18,MYOR,RG,1895,10,F,AK,AK,F
14:47:14,MYOR,RG,1895,12,D,YP,AK,F
14:47:14,MYOR,RG,1895,1,D,YP,YP,D
14:47:14,MYOR,RG,1895,37,D,YP,AK,F
14:47:00,MYOR,RG,1895,9,F,ZP,CS,D
14:46:57,MYOR,RG,1890,1,D,PD,YP,D
14:46:50,MYOR,RG,1890,3,D,PD,YP,D
14:46:35,MYOR,RG,1895,6,F,ZP,CS,F
14:46:35,MYOR,RG,1895,1,D,SQ,CS,F
14:46:18,MYOR,RG,1895,6,F,ZP,CS,F
14:46:18,MYOR,RG,1890,359,D,PD,BK,F
14:46:02,MYOR,RG,1895,14,F,ZP,CS,F
14:45:41,MYOR,RG,1895,6,D,PD,CS,F
14:44:35,MYOR,RG,1890,51,D,PD,SQ,D
14:44:35,MYOR,RG,1890,1,D,SQ,SQ,D
14:44:35,MYOR,RG,1890,7,F,ZP,SQ,D
14:44:35,MYOR,RG,1890,5,D,CC,SQ,D
14:44:35,MYOR,RG,1890,3,D,XC,SQ,D
14:44:35,MYOR,RG,1890,4,F,ZP,SQ,D
14:44:35,MYOR,RG,1890,1,D,PD,SQ,D
14:44:35,MYOR,RG,1890,8,D,YP,SQ,D
14:44:25,MYOR,RG,1890,47,D,YP,AT,D
14:44:25,MYOR,RG,1890,92,D,XC,AT,D
14:44:25,MYOR,RG,1890,1,D,NI,AT,D
14:44:25,MYOR,RG,1890,15,D,DR,AT,D
14:44:25,MYOR,RG,1890,5,D,XC,AT,D
14:44:25,MYOR,RG,1890,10,D,YP,AT,D
14:44:25,MYOR,RG,1890,1,D,PD,AT,D
14:44:25,MYOR,RG,1890,2,D,LS,AT,D
14:44:25,MYOR,RG,1890,2,D,KK,AT,D
14:44:25,MYOR,RG,1890,1,D,NI,AT,D
14:44:25,MYOR,RG,1890,1,D,PD,AT,D
14:44:25,MYOR,RG,1890,2,D,CC,AT,D
14:44:25,MYOR,RG,1890,1,D,YP,AT,D
14:44:25,MYOR,RG,1890,5,D,YB,AT,D
14:44:25,MYOR,RG,1890,1,D,XL,AT,D
14:44:25,MYOR,RG,1890,10,D,PD,AT,D
14:44:25,MYOR,RG,1890,1,D,XC,AT,D
14:44:25,MYOR,RG,1890,3,D,SQ,AT,D
14:43:36,MYOR,RG,1890,12,D,SQ,OD,D
14:43:36,MYOR,RG,1890,7,D,OD,OD,D
14:43:36,MYOR,RG,1890,1,D,XC,OD,D
14:43:36,MYOR,RG,1890,1,D,XL,OD,D
14:43:36,MYOR,RG,1890,1,D,CD,OD,D
14:43:36,MYOR,RG,1890,1,D,XC,OD,D
14:43:36,MYOR,RG,1890,2,D,PD,OD,D
14:43:36,MYOR,RG,1890,1,D,PD,OD,D
14:42:12,MYOR,RG,1895,5,D,PD,CS,F
14:42:06,MYOR,RG,1895,250,D,PD,CS,F
14:42:06,MYOR,RG,1895,7,D,PD,CS,D
14:42:06,MYOR,RG,1895,27,D,PD,CS,D
14:42:06,MYOR,RG,1895,30,D,PD,CS,D
14:42:06,MYOR,RG,1895,2,D,PD,CS,D
14:42:06,MYOR,RG,1895,4,D,PD,CS,D
14:42:06,MYOR,RG,1895,2,D,PD,CS,D
14:42:06,MYOR,RG,1895,38,D,PD,CS,D
14:42:06,MYOR,RG,1895,27,D,PD,CS,D
14:42:06,MYOR,RG,1895,17,D,PD,CS,D
14:42:06,MYOR,RG,1895,14,D,PD,CS,D
14:42:06,MYOR,RG,1895,42,D,PD,CS,D
14:42:06,MYOR,RG,1895,1,D,PD,CS,D
14:42:06,MYOR,RG,1895,98,D,PD,CS,D
14:42:06,MYOR,RG,1895,57,D,PD,CS,D
14:42:06,MYOR,RG,1895,92,D,PD,CS,F
14:42:06,MYOR,RG,1895,23,D,PD,CS,D
14:42:06,MYOR,RG,1895,48,D,PD,CS,D
14:42:06,MYOR,RG,1895,21,D,PD,ZP,D
14:41:58,MYOR,RG,1895,5,D,PD,ZP,D
14:41:58,MYOR,RG,1895,85,D,PD,CS,D
14:41:04,MYOR,RG,1895,1,D,SQ,CS,D
14:40:56,MYOR,RG,1895,1,D,PD,CS,D
14:40:56,MYOR,RG,1895,3,D,PD,CS,D
14:40:56,MYOR,RG,1895,102,D,PD,CS,D
14:40:56,MYOR,RG,1895,3,D,PD,PD,D
14:40:56,MYOR,RG,1895,8,D,PD,GR,D
14:40:56,MYOR,RG,1895,112,D,PD,AK,F
14:40:56,MYOR,RG,1895,212,D,PD,BK,F
14:40:56,MYOR,RG,1895,59,D,PD,YP,D
14:39:49,MYOR,RG,1895,3,D,YP,YP,D
14:39:01,MYOR,RG,1895,2,D,XL,YP,D
14:38:54,MYOR,RG,1895,1,D,AZ,YP,D
14:38:54,MYOR,RG,1895,4,F,ZP,YP,D
14:38:54,MYOR,RG,1895,381,D,PD,YP,D
14:37:17,MYOR,RG,1900,1,D,KK,CS,F
14:37:17,MYOR,RG,1900,4,D,KK,CS,D
14:36:33,MYOR,RG,1895,19,D,PD,PD,D
14:36:33,MYOR,RG,1895,4,D,XL,PD,D
14:36:33,MYOR,RG,1895,2,F,ZP,PD,D
14:35:53,MYOR,RG,1900,4,D,XL,CS,D
14:34:53,MYOR,RG,1905,1,D,LG,CC,F
14:34:41,MYOR,RG,1905,1,D,XC,CC,F
14:34:03,MYOR,RG,1910,112,F,ZP,OD,D
14:33:56,MYOR,RG,1910,192,F,ZP,CS,F
14:33:56,MYOR,RG,1910,48,F,ZP,CS,D
14:33:56,MYOR,RG,1910,48,F,ZP,CS,D
14:33:56,MYOR,RG,1910,48,F,ZP,CS,F
14:33:56,MYOR,RG,1910,48,F,ZP,PD,D
14:33:47,MYOR,RG,1910,13,F,ZP,CS,F
14:33:45,MYOR,RG,1910,22,F,ZP,CS,D
14:33:45,MYOR,RG,1910,76,F,ZP,CS,F
14:33:45,MYOR,RG,1910,16,F,ZP,CC,F
14:33:38,MYOR,RG,1910,1,F,ZP,CS,F
14:33:38,MYOR,RG,1910,99,F,ZP,CS,F
14:33:38,MYOR,RG,1910,31,F,ZP,CS,D
14:33:38,MYOR,RG,1910,87,F,ZP,CC,F
14:33:32,MYOR,RG,1910,126,F,ZP,CC,F
14:33:32,MYOR,RG,1910,5,F,ZP,CC,F
14:33:16,MYOR,RG,1910,181,F,ZP,BK,F
14:33:16,MYOR,RG,1910,51,F,ZP,BK,F
14:33:13,MYOR,RG,1910,1,F,ZP,XL,D
14:33:12,MYOR,RG,1910,53,F,ZP,CC,F
14:33:12,MYOR,RG,1910,32,F,ZP,CS,D
14:33:12,MYOR,RG,1910,75,F,ZP,CS,D
14:33:12,MYOR,RG,1910,74,F,ZP,PD,D
14:33:12,MYOR,RG,1910,148,F,ZP,CS,F
14:33:04,MYOR,RG,1910,804,F,ZP,CS,F
14:33:04,MYOR,RG,1910,274,F,ZP,CS,D
14:33:04,MYOR,RG,1910,274,F,ZP,CS,D
14:32:58,MYOR,RG,1910,318,F,ZP,CS,F
14:32:58,MYOR,RG,1910,91,F,ZP,CS,D
14:32:58,MYOR,RG,1910,91,F,ZP,CS,D
14:32:57,MYOR,RG,1910,59,F,ZP,CC,F
14:32:55,MYOR,RG,1910,427,F,ZP,BK,F
14:32:55,MYOR,RG,1910,239,F,ZP,BK,F
14:32:47,MYOR,RG,1910,2,F,ZP,XC,D
14:32:47,MYOR,RG,1910,15,F,ZP,YP,D
14:32:47,MYOR,RG,1910,2,F,ZP,YP,D
14:32:47,MYOR,RG,1910,3,F,ZP,XC,D
14:32:47,MYOR,RG,1910,72,F,ZP,CS,F
14:32:47,MYOR,RG,1910,296,F,ZP,CS,F
14:32:47,MYOR,RG,1910,1002,F,ZP,CS,F
14:32:47,MYOR,RG,1905,195,F,ZP,BK,F
14:32:47,MYOR,RG,1905,8,F,ZP,CS,F
14:32:47,MYOR,RG,1905,53,F,ZP,CS,D
14:32:47,MYOR,RG,1905,19,F,ZP,CS,D
14:32:47,MYOR,RG,1905,33,F,ZP,CS,D
14:32:47,MYOR,RG,1905,65,F,ZP,CS,D
14:32:47,MYOR,RG,1905,18,F,ZP,CS,D
14:32:47,MYOR,RG,1905,6,F,ZP,CS,D
14:32:47,MYOR,RG,1905,4,F,ZP,CS,D
14:32:47,MYOR,RG,1905,123,F,ZP,CS,F
14:32:47,MYOR,RG,1905,41,F,ZP,CS,D
14:32:45,MYOR,RG,1900,1,F,ZP,CS,F
14:32:45,MYOR,RG,1900,113,F,ZP,CS,D
14:32:45,MYOR,RG,1900,399,F,ZP,CS,F
14:32:45,MYOR,RG,1900,151,F,ZP,CS,D
14:32:43,MYOR,RG,1900,261,F,ZP,CS,F
14:32:43,MYOR,RG,1900,75,F,ZP,CS,D
14:32:43,MYOR,RG,1900,26,F,ZP,CS,D
14:32:43,MYOR,RG,1900,10,F,ZP,CS,D
14:32:43,MYOR,RG,1900,34,F,ZP,AK,F
14:32:43,MYOR,RG,1900,35,F,ZP,AK,F
14:32:43,MYOR,RG,1900,31,F,ZP,AK,F
14:32:43,MYOR,RG,1900,1,F,ZP,XC,D
14:32:43,MYOR,RG,1900,2993,F,ZP,OD,D
14:32:37,MYOR,RG,1900,2,F,ZP,OD,D
14:32:35,MYOR,RG,1895,8,F,ZP,DR,D
14:32:35,MYOR,RG,1895,16,F,ZP,CS,F
14:32:34,MYOR,RG,1895,17,D,CC,CS,F
14:32:34,MYOR,RG,1895,1,F,ZP,CS,F
14:32:33,MYOR,RG,1895,1,D,YP,CS,F
14:32:19,MYOR,RG,1895,21,F,ZP,CS,F
14:32:18,MYOR,RG,1895,14,D,XC,CS,F
14:32:17,MYOR,RG,1895,1578,F,ZP,CS,F
14:32:17,MYOR,RG,1895,30,F,ZP,CS,F
14:32:17,MYOR,RG,1895,40,D,PD,CS,F
14:32:17,MYOR,RG,1895,460,D,PD,CS,D
14:32:17,MYOR,RG,1895,1,D,YP,CS,D
14:32:17,MYOR,RG,1895,30,D,AI,CS,D
14:32:17,MYOR,RG,1895,370,D,AI,CS,D
14:32:17,MYOR,RG,1895,1,D,AT,CS,D
14:32:17,MYOR,RG,1895,20,D,GR,CS,D
14:32:17,MYOR,RG,1895,1,D,PD,CS,D
14:32:17,MYOR,RG,1895,5,D,XC,CS,D
14:32:17,MYOR,RG,1895,55,D,KK,CS,D
14:32:17,MYOR,RG,1895,1,D,XC,CS,D
14:32:17,MYOR,RG,1895,2,D,LS,CS,D
14:32:17,MYOR,RG,1895,5,D,XC,CS,D
14:32:17,MYOR,RG,1895,6,D,XC,CS,D
14:32:17,MYOR,RG,1895,4,D,NI,CS,D
14:32:17,MYOR,RG,1895,4,D,YP,CS,D
14:32:17,MYOR,RG,1895,1,D,PD,CS,D
14:32:17,MYOR,RG,1895,5,D,PD,CS,D
14:32:17,MYOR,RG,1895,5,D,XL,CS,D
14:32:17,MYOR,RG,1895,1,D,PD,CS,D
14:32:17,MYOR,RG,1895,5,D,PD,CS,D
14:32:07,MYOR,RG,1900,3,F,ZP,OD,D
14:32:07,MYOR,RG,1900,2,F,ZP,OD,D
14:31:34,MYOR,RG,1905,76,F,ZP,YP,D
14:31:34,MYOR,RG,1905,34,F,ZP,AK,F
14:31:34,MYOR,RG,1900,13,F,ZP,AK,F
14:31:32,MYOR,RG,1900,31,F,BK,AK,F
14:31:32,MYOR,RG,1900,51,F,BK,AK,F
14:31:32,MYOR,RG,1900,140,F,ZP,AK,F
14:31:32,MYOR,RG,1900,10,F,ZP,CS,F
14:31:31,MYOR,RG,1900,100,F,BK,CS,F
14:31:31,MYOR,RG,1900,15,F,ZP,CS,F
14:31:29,MYOR,RG,1900,10,D,NI,CS,F
14:31:05,MYOR,RG,1900,8,F,ZP,CS,F
14:31:05,MYOR,RG,1900,5,D,CC,CS,F
14:31:02,MYOR,RG,1900,19,F,ZP,CS,F
14:31:01,MYOR,RG,1900,13,D,XC,CS,F
14:30:57,MYOR,RG,1900,774,F,ZP,CS,F
14:30:57,MYOR,RG,1900,18,F,ZP,CS,D
14:30:57,MYOR,RG,1900,22,F,ZP,CS,D
14:30:57,MYOR,RG,1900,14,F,ZP,CS,D
14:30:57,MYOR,RG,1900,3,D,YP,CS,D
14:30:57,MYOR,RG,1900,7,D,XL,CS,D
14:30:57,MYOR,RG,1900,3,D,YP,CS,D
14:30:57,MYOR,RG,1900,5,D,YP,CS,D
14:30:57,MYOR,RG,1900,14,D,KK,CS,D
14:30:57,MYOR,RG,1900,10,D,NI,CS,D
14:30:57,MYOR,RG,1900,1,D,CC,CS,D
14:30:57,MYOR,RG,1900,3,D,XC,CS,D
14:30:57,MYOR,RG,1900,1,D,CC,CS,D
14:30:57,MYOR,RG,1900,150,D,YP,CS,D
14:30:57,MYOR,RG,1900,5,D,EP,CS,D
14:30:57,MYOR,RG,1900,5,D,XL,CS,D
14:30:57,MYOR,RG,1900,1,D,PD,CS,D
14:30:57,MYOR,RG,1900,5,D,XC,CS,D
14:30:57,MYOR,RG,1900,6,D,PD,CS,D
14:30:57,MYOR,RG,1900,258,D,PD,CS,D
14:30:57,MYOR,RG,1900,10,D,YP,CS,D
14:30:57,MYOR,RG,1900,5,D,KK,CS,D
14:30:28,MYOR,RG,1910,107,F,ZP,CS,F
14:30:26,MYOR,RG,1905,28,D,PD,CC,F
14:30:26,MYOR,RG,1905,3,D,PD,YP,D
14:30:26,MYOR,RG,1905,40,D,PD,CS,F
14:29:45,MYOR,RG,1905,406,F,ZP,CS,F
14:29:45,MYOR,RG,1905,3,D,YP,CS,F
14:29:45,MYOR,RG,1905,3,F,ZP,CS,F
14:29:45,MYOR,RG,1905,1,F,ZP,CS,F
14:29:45,MYOR,RG,1905,183,D,PD,CS,F
14:29:45,MYOR,RG,1905,182,D,PD,CS,D
14:29:45,MYOR,RG,1905,135,D,PD,CS,D
14:29:45,MYOR,RG,1905,10,D,SQ,CS,D
14:29:45,MYOR,RG,1905,2,D,XL,CS,D
14:29:45,MYOR,RG,1905,5,D,YP,CS,D
14:29:45,MYOR,RG,1905,3,D,EP,CS,D
14:29:45,MYOR,RG,1905,15,D,PD,CS,D
14:29:45,MYOR,RG,1905,12,D,PD,CS,D
14:28:34,MYOR,RG,1910,165,F,ZP,CS,F
14:28:34,MYOR,RG,1910,259,F,ZP,CS,D
14:28:34,MYOR,RG,1910,104,F,ZP,CS,D
14:28:34,MYOR,RG,1910,346,F,ZP,CS,D
14:28:34,MYOR,RG,1910,17,F,ZP,CS,D
14:28:33,MYOR,RG,1910,283,F,ZP,PD,D
14:28:33,MYOR,RG,1910,407,F,ZP,PD,D
14:28:33,MYOR,RG,1910,353,F,ZP,PD,D
14:28:33,MYOR,RG,1910,6,F,ZP,PD,D
14:28:33,MYOR,RG,1910,265,D,PD,PD,D
14:28:15,MYOR,RG,1910,1,D,PD,CS,F
14:28:15,MYOR,RG,1910,93,D,PD,CS,F
14:28:15,MYOR,RG,1910,1,D,PD,CS,D
14:28:15,MYOR,RG,1910,39,D,PD,CS,D
14:28:15,MYOR,RG,1910,62,D,PD,CS,F
14:28:15,MYOR,RG,1910,39,D,PD,CS,D
14:28:04,MYOR,RG,1910,7,F,ZP,CS,F
14:27:43,MYOR,RG,1910,5,D,CC,CS,F
14:27:16,MYOR,RG,1910,50,F,ZP,CS,F
14:27:16,MYOR,RG,1910,14,F,ZP,CS,D
14:27:16,MYOR,RG,1910,9,F,ZP,CS,D
14:27:15,MYOR,RG,1910,22,F,ZP,CS,D
14:27:06,MYOR,RG,1910,1,F,ZP,CS,D
14:27:06,MYOR,RG,1910,18,F,ZP,CS,D
14:27:06,MYOR,RG,1910,2,F,ZP,CS,F
14:27:05,MYOR,RG,1910,41,F,ZP,CS,D
14:27:05,MYOR,RG,1910,126,F,ZP,CS,F
14:27:04,MYOR,RG,1910,2,F,ZP,CC,F
14:26:58,MYOR,RG,1910,20,F,ZP,CS,D
14:26:48,MYOR,RG,1910,1,F,ZP,CS,F
14:26:48,MYOR,RG,1910,91,F,ZP,CS,F
14:26:48,MYOR,RG,1910,74,F,ZP,CS,F
14:26:48,MYOR,RG,1910,2,D,CC,CS,F
14:26:48,MYOR,RG,1910,8,D,CC,CS,D
14:26:48,MYOR,RG,1910,4,F,ZP,CS,D
14:26:48,MYOR,RG,1910,35,D,PD,CS,D
14:26:46,MYOR,RG,1910,43,D,PD,CS,D
14:26:27,MYOR,RG,1910,37,D,PD,CS,D
14:26:27,MYOR,RG,1910,38,D,PD,CS,D
14:26:27,MYOR,RG,1910,139,D,PD,CS,F
14:26:27,MYOR,RG,1910,4,D,PD,CS,D
14:26:27,MYOR,RG,1910,2,D,PD,CS,D
14:26:27,MYOR,RG,1910,1,D,PD,CS,F
14:26:27,MYOR,RG,1910,1,D,PD,CC,F
14:25:52,MYOR,RG,1910,22,F,ZP,CS,D
14:25:52,MYOR,RG,1910,1,F,ZP,CS,D
14:25:52,MYOR,RG,1910,14,F,ZP,CS,F
14:25:52,MYOR,RG,1910,3,D,YP,CS,F
14:25:52,MYOR,RG,1910,11,F,ZP,CS,F
14:25:52,MYOR,RG,1910,7,F,ZP,CS,F
14:25:52,MYOR,RG,1910,44,F,ZP,CS,F
14:25:52,MYOR,RG,1910,22,F,ZP,CS,D
14:25:42,MYOR,RG,1910,86,F,ZP,CS,F
14:25:42,MYOR,RG,1910,25,F,ZP,CS,D
14:25:41,MYOR,RG,1910,25,F,ZP,CS,D
14:25:31,MYOR,RG,1910,23,F,ZP,CS,D
14:25:31,MYOR,RG,1910,1,F,ZP,CS,F
14:25:31,MYOR,RG,1910,151,F,ZP,CS,F
14:25:30,MYOR,RG,1910,57,F,ZP,CS,D
14:25:20,MYOR,RG,1910,56,F,ZP,CS,D
14:25:11,MYOR,RG,1910,1,F,ZP,CS,F
14:25:11,MYOR,RG,1910,175,F,ZP,CS,F
14:25:11,MYOR,RG,1910,24,F,ZP,CS,F
14:25:11,MYOR,RG,1910,16,F,ZP,CS,F
14:25:04,MYOR,RG,1910,1,F,ZP,CS,D
14:25:04,MYOR,RG,1910,84,F,ZP,CS,D
14:25:04,MYOR,RG,1910,386,F,ZP,BK,F
14:24:52,MYOR,RG,1910,30,F,ZP,AK,F
14:24:51,MYOR,RG,1910,348,D,PD,BK,F
14:24:51,MYOR,RG,1910,25,D,PD,CS,D
14:24:51,MYOR,RG,1910,22,D,PD,CS,D
14:24:51,MYOR,RG,1910,50,D,PD,CS,D
14:24:51,MYOR,RG,1910,355,D,PD,CS,F
14:24:32,MYOR,RG,1910,18,F,ZP,CS,F
14:24:31,MYOR,RG,1910,61,F,ZP,CS,F
14:24:31,MYOR,RG,1910,2,D,XL,CS,F
14:24:31,MYOR,RG,1910,756,F,ZP,CS,F
14:24:31,MYOR,RG,1910,82,D,PD,CS,F
14:24:31,MYOR,RG,1910,363,D,PD,CS,D
14:24:31,MYOR,RG,1910,55,D,PD,CS,D
14:24:31,MYOR,RG,1910,5,F,ZP,CS,D
14:24:31,MYOR,RG,1910,9,F,ZP,CS,D
14:24:31,MYOR,RG,1910,294,F,ZP,CS,D
14:24:29,MYOR,RG,1910,1,F,ZP,CS,F
14:24:29,MYOR,RG,1910,26,F,ZP,CS,F
14:24:29,MYOR,RG,1910,47,F,ZP,CS,F
14:24:29,MYOR,RG,1910,166,F,ZP,CS,F
14:24:29,MYOR,RG,1910,67,F,ZP,CS,F
14:24:29,MYOR,RG,1910,163,F,ZP,CS,F
14:24:29,MYOR,RG,1910,5,D,NI,CS,F
14:24:29,MYOR,RG,1910,5,D,AT,CS,F
14:24:29,MYOR,RG,1910,22,F,ZP,CS,F
14:24:29,MYOR,RG,1910,127,F,ZP,CS,F
14:23:35,MYOR,RG,1910,5,F,ZP,XC,D
14:22:49,MYOR,RG,1910,43,F,ZP,CS,D
14:22:49,MYOR,RG,1910,5,F,ZP,CS,D
14:22:49,MYOR,RG,1910,10,F,ZP,CS,D
14:22:49,MYOR,RG,1910,16,F,ZP,CS,D
14:22:49,MYOR,RG,1910,85,F,BK,CS,D
14:22:48,MYOR,RG,1910,41,F,BK,CS,D
14:22:48,MYOR,RG,1910,5,F,BK,XC,D
14:21:54,MYOR,RG,1910,1,F,BK,SQ,D
14:21:11,MYOR,RG,1915,6,F,AK,CS,D
14:19:29,MYOR,RG,1910,1,F,BK,NI,D
14:19:13,MYOR,RG,1910,30,F,BK,YU,D
14:19:13,MYOR,RG,1910,5,D,SQ,YU,D
14:19:13,MYOR,RG,1910,15,F,ZP,YU,D
14:19:13,MYOR,RG,1910,3,D,AZ,YU,D
14:19:13,MYOR,RG,1910,10,D,ZP,YU,D
14:19:13,MYOR,RG,1910,5,D,NI,YU,D
14:19:13,MYOR,RG,1910,42,F,ZP,YU,D
14:19:13,MYOR,RG,1910,185,F,ZP,YU,D
14:19:13,MYOR,RG,1910,8,D,CC,YU,D
14:19:13,MYOR,RG,1910,97,F,ZP,YU,D
14:18:50,MYOR,RG,1910,1,F,ZP,CS,F
14:18:50,MYOR,RG,1915,159,D,PD,CS,F
14:18:50,MYOR,RG,1915,11,D,PD,CS,D
14:18:50,MYOR,RG,1915,20,D,PD,KK,D
14:18:50,MYOR,RG,1915,30,D,PD,CS,D
14:18:50,MYOR,RG,1915,10,D,PD,XC,D
14:18:50,MYOR,RG,1915,10,D,PD,CS,F
14:18:50,MYOR,RG,1915,10,D,PD,CS,D
14:17:50,MYOR,RG,1915,10,F,ZP,XC,D
14:17:32,MYOR,RG,1915,27,D,PD,CS,F
14:17:32,MYOR,RG,1915,23,D,PD,CS,D
14:17:32,MYOR,RG,1915,15,D,PD,AK,F
14:17:32,MYOR,RG,1915,15,D,PD,AK,F
14:17:32,MYOR,RG,1915,15,D,PD,AK,F
14:17:32,MYOR,RG,1915,30,D,PD,CS,D
14:17:32,MYOR,RG,1915,103,D,PD,CS,F
14:17:32,MYOR,RG,1915,151,D,PD,AK,F
14:17:32,MYOR,RG,1915,10,D,PD,CS,D
14:17:32,MYOR,RG,1915,7,D,PD,CS,D
14:17:32,MYOR,RG,1915,35,D,PD,CS,D
14:17:32,MYOR,RG,1915,32,D,PD,CS,D
14:17:32,MYOR,RG,1915,21,D,PD,AK,F
14:17:32,MYOR,RG,1915,16,D,PD,AK,F
14:17:08,MYOR,RG,1915,5,D,NI,AK,F
14:16:45,MYOR,RG,1910,21,F,ZP,AK,F
14:16:14,MYOR,RG,1910,20,F,ZP,CC,D
14:16:12,MYOR,RG,1910,1,F,ZP,NI,D
14:16:10,MYOR,RG,1910,9,F,ZP,NI,D
14:14:58,MYOR,RG,1915,271,D,PD,YP,D
14:14:58,MYOR,RG,1915,25,D,PD,YP,D
14:14:58,MYOR,RG,1915,1,D,PD,CS,D
14:14:58,MYOR,RG,1915,1,D,PD,CS,D
14:14:58,MYOR,RG,1915,1,D,PD,CS,F
14:14:58,MYOR,RG,1915,1,D,PD,CC,D
14:13:49,MYOR,RG,1910,1,F,ZP,CC,D
14:11:21,MYOR,RG,1910,1,F,ZP,PD,D
14:10:01,MYOR,RG,1910,85,F,ZP,CS,F
14:10:01,MYOR,RG,1915,3,F,ZP,CS,F
14:10:01,MYOR,RG,1915,97,D,PD,CS,F
14:10:01,MYOR,RG,1915,83,D,PD,CS,D
14:10:00,MYOR,RG,1915,3,D,PD,CS,D
14:10:00,MYOR,RG,1915,27,D,PD,CS,D
14:10:00,MYOR,RG,1915,25,D,PD,CS,F
14:10:00,MYOR,RG,1915,25,D,PD,CS,D
14:10:00,MYOR,RG,1915,25,D,PD,CS,D
14:10:00,MYOR,RG,1915,15,D,PD,YU,D
14:08:12,MYOR,RG,1915,10,D,HP,YU,D
14:08:01,MYOR,RG,1910,2,F,ZP,KK,D
14:07:26,MYOR,RG,1910,1,F,ZP,PD,D
14:07:08,MYOR,RG,1910,61,F,ZP,YP,D
14:07:08,MYOR,RG,1910,49,F,AK,YP,D
14:07:08,MYOR,RG,1915,5,F,ZP,YP,D
14:07:08,MYOR,RG,1915,15,D,PD,YP,D
14:07:00,MYOR,RG,1915,67,D,PD,CS,D
14:07:00,MYOR,RG,1915,83,D,PD,CS,D
14:07:00,MYOR,RG,1915,235,D,PD,CS,F
14:05:03,MYOR,RG,1910,138,F,AK,BK,F
14:05:03,MYOR,RG,1910,5,F,ZP,BK,F
14:05:03,MYOR,RG,1910,60,F,ZP,BK,F
14:04:59,MYOR,RG,1915,13,F,AK,CS,D
14:04:59,MYOR,RG,1915,146,F,AK,CS,D
14:04:59,MYOR,RG,1915,31,F,AK,CS,F
14:04:59,MYOR,RG,1915,6,F,ZP,CS,F
14:04:59,MYOR,RG,1915,231,D,PD,CS,F
14:04:57,MYOR,RG,1915,289,D,PD,CS,F
14:04:57,MYOR,RG,1915,40,D,PD,YP,D
14:04:57,MYOR,RG,1915,10,D,PD,CS,D
14:04:57,MYOR,RG,1915,10,D,PD,CS,F
14:04:57,MYOR,RG,1915,10,D,PD,CS,D
14:04:57,MYOR,RG,1915,10,D,PD,PD,D
14:02:06,MYOR,RG,1910,1,F,ZP,XC,D
14:01:50,MYOR,RG,1910,3,F,ZP,CS,D
14:01:50,MYOR,RG,1915,3,D,XC,CS,F
14:00:56,MYOR,RG,1915,2,D,CC,CS,D
14:00:52,MYOR,RG,1915,3,D,CC,CS,D
14:00:52,MYOR,RG,1915,2,F,ZP,CS,D
14:00:52,MYOR,RG,1915,4,D,PD,CS,D
14:00:52,MYOR,RG,1915,28,D,PD,CS,F
14:00:41,MYOR,RG,1915,11,D,PD,CS,D
14:00:41,MYOR,RG,1915,105,D,PD,CS,F
14:00:32,MYOR,RG,1915,1,D,PD,XL,D
13:58:07,MYOR,RG,1915,130,D,PD,CS,D
13:58:07,MYOR,RG,1915,5,D,PD,AK,F
13:58:07,MYOR,RG,1915,2,D,PD,XL,D
13:58:07,MYOR,RG,1915,30,D,PD,AK,F
13:58:07,MYOR,RG,1915,374,D,PD,CS,F
13:58:07,MYOR,RG,1915,6,D,PD,XL,D
13:58:07,MYOR,RG,1915,82,D,PD,CS,D
13:58:07,MYOR,RG,1915,122,D,PD,CS,D
13:58:07,MYOR,RG,1915,26,D,PD,CS,D
13:58:07,MYOR,RG,1915,16,D,PD,AK,F
13:58:07,MYOR,RG,1915,194,D,PD,BK,F
13:58:07,MYOR,RG,1915,18,D,PD,AK,F
13:58:07,MYOR,RG,1915,26,D,PD,CS,D
13:58:07,MYOR,RG,1915,20,D,PD,CS,D
13:56:52,MYOR,RG,1910,50,F,ZP,XC,D
13:56:48,MYOR,RG,1915,112,D,YP,CS,D
13:56:48,MYOR,RG,1915,102,D,YP,CS,D
13:56:48,MYOR,RG,1915,105,D,YP,CS,F
13:56:48,MYOR,RG,1915,139,D,YP,CS,D
13:56:48,MYOR,RG,1915,42,D,YP,CS,F
13:55:23,MYOR,RG,1915,350,F,AK,CS,F
13:55:23,MYOR,RG,1915,54,F,AK,CS,F
13:55:23,MYOR,RG,1915,127,F,AK,CS,D
13:55:23,MYOR,RG,1915,127,F,AK,CS,D
13:55:23,MYOR,RG,1915,42,F,AK,CS,F
13:55:22,MYOR,RG,1915,8,F,AK,CS,F
13:55:22,MYOR,RG,1915,5,F,AK,YP,D
13:55:22,MYOR,RG,1915,1,F,AK,DH,D
13:55:22,MYOR,RG,1915,82,F,AK,CS,D
13:55:22,MYOR,RG,1915,191,F,AK,CS,F
13:55:22,MYOR,RG,1915,63,F,AK,EP,D
13:55:22,MYOR,RG,1915,7,F,AK,EP,D
13:55:22,MYOR,RG,1915,294,F,AK,CS,F
13:55:22,MYOR,RG,1915,49,F,AK,CS,F
13:55:18,MYOR,RG,1910,28,F,ZP,AK,F
13:55:18,MYOR,RG,1915,96,F,AK,CS,F
13:55:18,MYOR,RG,1915,254,F,AK,YP,D
13:55:10,MYOR,RG,1915,25,F,AK,YP,D
13:55:09,MYOR,RG,1910,4,F,ZP,XC,D
13:54:55,MYOR,RG,1910,10,F,ZP,NI,D
13:54:20,MYOR,RG,1910,64,F,ZP,CS,F
13:54:20,MYOR,RG,1910,59,F,ZP,CS,D
13:54:20,MYOR,RG,1910,1,F,ZP,CS,D
13:54:20,MYOR,RG,1910,147,F,ZP,CS,F
13:54:20,MYOR,RG,1910,59,F,ZP,CS,D
13:54:05,MYOR,RG,1910,10,F,ZP,YP,D
13:54:02,MYOR,RG,1910,1,F,ZP,CS,D
13:54:02,MYOR,RG,1910,1,F,ZP,CS,F
13:54:02,MYOR,RG,1910,1,F,ZP,CS,D
13:54:02,MYOR,RG,1910,1,F,ZP,XL,D
13:53:27,MYOR,RG,1905,2,F,AK,XL,D
13:53:10,MYOR,RG,1905,1,F,AK,CS,D
13:53:10,MYOR,RG,1905,5,F,AK,CS,D
13:53:10,MYOR,RG,1910,2,D,XL,CS,D
13:53:10,MYOR,RG,1910,1,F,ZP,CS,D
13:53:10,MYOR,RG,1910,7,F,ZP,CS,F
13:53:10,MYOR,RG,1910,22,D,PD,CS,F
13:53:10,MYOR,RG,1910,8,D,PD,CS,D
13:53:02,MYOR,RG,1910,51,D,PD,CS,F
13:53:02,MYOR,RG,1910,14,D,PD,CS,D
13:53:01,MYOR,RG,1910,16,D,PD,CS,D
13:52:45,MYOR,RG,1910,229,D,PD,CS,F
13:52:45,MYOR,RG,1910,102,D,PD,CS,D
13:52:44,MYOR,RG,1910,87,D,PD,CS,D
13:52:44,MYOR,RG,1910,11,D,PD,CS,D
13:52:44,MYOR,RG,1910,141,D,PD,CS,F
13:52:44,MYOR,RG,1910,3,D,PD,YP,D
13:52:44,MYOR,RG,1910,4,D,PD,CS,D
13:52:44,MYOR,RG,1910,4,D,PD,CS,F
13:52:44,MYOR,RG,1910,4,D,PD,CS,D
13:52:44,MYOR,RG,1910,4,D,PD,RG,D
13:51:09,MYOR,RG,1910,2,F,ZP,CS,D
13:51:06,MYOR,RG,1910,40,F,AK,CS,D
13:51:06,MYOR,RG,1910,40,F,AK,CS,D
13:51:06,MYOR,RG,1910,1,F,AK,CS,F
13:51:06,MYOR,RG,1910,4,F,AK,CS,F
13:51:06,MYOR,RG,1910,134,D,PD,CS,F
13:50:41,MYOR,RG,1910,1,D,PD,CS,F
13:50:41,MYOR,RG,1910,15,D,PD,CS,D
13:50:41,MYOR,RG,1910,276,D,PD,CS,F
13:50:41,MYOR,RG,1910,90,D,PD,CS,D
13:50:41,MYOR,RG,1910,35,D,PD,CS,D
13:50:41,MYOR,RG,1910,7,D,PD,CS,D
13:50:41,MYOR,RG,1910,20,D,PD,AK,F
13:50:41,MYOR,RG,1910,22,D,PD,AK,F
13:50:02,MYOR,RG,1910,44,D,PD,CS,D
13:50:02,MYOR,RG,1910,52,D,PD,CS,D
13:50:02,MYOR,RG,1910,52,D,PD,CS,F
13:50:02,MYOR,RG,1910,52,D,PD,YP,D
13:49:53,MYOR,RG,1910,9,D,YP,YP,D
13:49:53,MYOR,RG,1910,12,F,ZP,YP,D
13:49:53,MYOR,RG,1910,10,D,EP,YP,D
13:49:53,MYOR,RG,1910,500,D,PD,YP,D
13:49:53,MYOR,RG,1910,70,F,ZP,YP,D
13:49:53,MYOR,RG,1910,159,F,AK,YP,D
13:49:53,MYOR,RG,1910,2,D,NI,YP,D
13:49:53,MYOR,RG,1910,16,D,YP,YP,D
13:49:53,MYOR,RG,1910,15,F,ZP,YP,D
13:49:53,MYOR,RG,1910,10,D,GR,YP,D
13:49:53,MYOR,RG,1910,145,F,ZP,YP,D
13:49:33,MYOR,RG,1910,2,F,ZP,CS,F
13:49:33,MYOR,RG,1910,111,F,ZP,CS,F
13:49:33,MYOR,RG,1910,236,F,ZP,CS,F
13:49:28,MYOR,RG,1910,1,F,ZP,CC,D
13:49:27,MYOR,RG,1910,100,F,ZP,CS,D
13:48:47,MYOR,RG,1910,101,F,ZP,CS,D
13:48:20,MYOR,RG,1910,618,F,ZP,DR,D
13:48:20,MYOR,RG,1910,142,F,AK,DR,D
13:48:20,MYOR,RG,1910,50,D,CC,DR,D
13:48:20,MYOR,RG,1910,10,F,ZP,DR,D
13:48:20,MYOR,RG,1910,3,F,ZP,DR,D
13:48:20,MYOR,RG,1910,1,F,ZP,DR,D
13:48:20,MYOR,RG,1910,176,D,PD,DR,D
13:48:10,MYOR,RG,1910,159,D,PD,CS,F
13:48:10,MYOR,RG,1910,90,D,PD,CS,F
13:48:10,MYOR,RG,1910,49,D,PD,CS,F
13:48:10,MYOR,RG,1910,26,D,PD,CS,F
13:48:10,MYOR,RG,1910,170,F,ZP,CS,F
13:48:05,MYOR,RG,1910,1,F,ZP,CS,D
13:48:05,MYOR,RG,1910,143,F,ZP,CS,D
13:47:38,MYOR,RG,1910,36,F,ZP,CC,D
13:47:26,MYOR,RG,1910,152,F,ZP,CS,D
13:47:23,MYOR,RG,1910,10,F,ZP,CC,D
13:46:42,MYOR,RG,1910,29,F,ZP,DR,D
13:46:05,MYOR,RG,1910,354,F,ZP,CS,F
13:46:05,MYOR,RG,1910,155,F,ZP,CS,F
13:46:02,MYOR,RG,1910,145,F,ZP,CS,D
13:45:23,MYOR,RG,1915,221,F,AK,YP,D
13:45:23,MYOR,RG,1915,33,F,AK,XC,D
13:44:48,MYOR,RG,1905,2,F,AK,CS,F
13:44:48,MYOR,RG,1910,2,F,ZP,CS,D
13:44:44,MYOR,RG,1910,57,F,AK,CS,F
13:44:44,MYOR,RG,1910,96,F,AK,CS,D
13:44:44,MYOR,RG,1910,5,F,AK,CS,F
13:44:44,MYOR,RG,1910,37,F,AK,DX,F
13:44:44,MYOR,RG,1910,28,F,AK,DX,F
13:44:44,MYOR,RG,1910,31,F,AK,DX,F
13:44:22,MYOR,RG,1910,1,F,ZP,DX,F
13:44:22,MYOR,RG,1910,20,F,ZP,AK,F
13:44:22,MYOR,RG,1910,35,F,ZP,YP,D
13:44:22,MYOR,RG,1910,9,F,ZP,DX,F
13:44:21,MYOR,RG,1910,213,F,ZP,DX,F
13:44:21,MYOR,RG,1910,1,F,ZP,KZ,F
13:44:21,MYOR,RG,1910,13,F,ZP,CS,D
13:44:21,MYOR,RG,1910,6,F,ZP,CS,D
13:44:21,MYOR,RG,1910,13,F,ZP,CS,F
13:44:21,MYOR,RG,1910,7,F,ZP,CS,D
13:44:21,MYOR,RG,1910,13,F,ZP,XC,D
13:44:20,MYOR,RG,1905,48,F,AK,DX,F
13:44:19,MYOR,RG,1905,2,F,AK,BK,F
13:44:19,MYOR,RG,1905,589,D,PD,BK,F
13:44:01,MYOR,RG,1910,120,F,AK,XC,D
13:44:01,MYOR,RG,1910,20,F,ZP,XC,D
13:43:59,MYOR,RG,1910,16,F,ZP,CS,F
13:43:58,MYOR,RG,1905,11,D,PD,CS,F
13:43:58,MYOR,RG,1905,2,F,ZP,CS,F
13:43:58,MYOR,RG,1905,1,D,XC,CS,F
13:43:58,MYOR,RG,1910,7,F,ZP,CS,D
13:43:58,MYOR,RG,1910,7,F,ZP,CS,D
13:43:51,MYOR,RG,1910,2,F,ZP,CS,D
13:43:51,MYOR,RG,1910,22,F,ZP,CS,D
13:43:51,MYOR,RG,1910,27,F,ZP,NI,D
13:43:51,MYOR,RG,1910,23,F,ZP,CS,F
13:43:51,MYOR,RG,1910,48,F,BK,CS,F
13:43:51,MYOR,RG,1910,24,F,BK,CS,D
13:43:32,MYOR,RG,1910,11,F,BK,CS,F
13:43:32,MYOR,RG,1910,20,F,ZP,CS,F
13:43:32,MYOR,RG,1910,7,F,ZP,CS,F
13:43:32,MYOR,RG,1910,6,F,ZP,CS,F
13:43:32,MYOR,RG,1910,2,F,ZP,CS,F
13:43:32,MYOR,RG,1910,63,F,ZP,CS,F
13:43:29,MYOR,RG,1910,45,F,ZP,CS,D
13:43:28,MYOR,RG,1910,1,F,ZP,CS,D
13:43:28,MYOR,RG,1910,44,F,ZP,CS,D
13:43:03,MYOR,RG,1910,1,F,ZP,CS,F
13:43:03,MYOR,RG,1910,227,F,ZP,CS,F
13:42:52,MYOR,RG,1910,27,F,ZP,HP,D
13:42:48,MYOR,RG,1910,2,F,ZP,AT,D
13:42:47,MYOR,RG,1910,76,F,ZP,CS,D
13:42:47,MYOR,RG,1910,80,F,ZP,CS,D
13:42:23,MYOR,RG,1910,15,F,ZP,CC,D
13:42:11,MYOR,RG,1910,1,F,ZP,CS,F
13:42:11,MYOR,RG,1910,330,F,ZP,CS,F
13:41:49,MYOR,RG,1910,97,F,ZP,CS,D
13:41:49,MYOR,RG,1910,1,F,ZP,CS,D
13:41:49,MYOR,RG,1910,97,F,ZP,CS,D
13:41:49,MYOR,RG,1910,2,F,ZP,KZ,F
13:41:39,MYOR,RG,1910,3,F,ZP,KZ,F
13:41:34,MYOR,RG,1910,7,F,ZP,KZ,F
13:41:26,MYOR,RG,1915,11,D,XC,XC,D
13:41:24,MYOR,RG,1910,13,F,ZP,KZ,F
13:41:19,MYOR,RG,1910,27,F,ZP,KZ,F
13:41:11,MYOR,RG,1910,54,F,ZP,KZ,F
13:41:09,MYOR,RG,1910,111,F,ZP,KZ,F
13:41:07,MYOR,RG,1910,492,F,ZP,CS,F
13:40:39,MYOR,RG,1910,2,F,ZP,CC,D
13:40:24,MYOR,RG,1910,22,F,ZP,CS,F
13:40:24,MYOR,RG,1910,16,F,ZP,CS,F
13:40:04,MYOR,RG,1915,67,D,YB,XC,D
13:40:04,MYOR,RG,1915,4,D,YB,KZ,F
13:40:04,MYOR,RG,1915,5,D,YB,PD,D
13:39:37,MYOR,RG,1900,8,D,PD,CS,F
13:39:37,MYOR,RG,1910,2,F,ZP,CS,F
13:39:37,MYOR,RG,1910,84,D,PD,CS,F
13:39:37,MYOR,RG,1910,9,D,PD,AK,F
13:39:37,MYOR,RG,1910,1,D,PD,AK,F
13:39:37,MYOR,RG,1910,3,D,PD,AK,F
13:39:37,MYOR,RG,1910,54,D,PD,KZ,F
13:39:37,MYOR,RG,1910,15,D,PD,AK,F
13:39:37,MYOR,RG,1910,17,D,PD,AK,F
13:39:37,MYOR,RG,1910,4,D,PD,KZ,F
13:39:37,MYOR,RG,1910,13,D,PD,AK,F
13:39:37,MYOR,RG,1910,200,D,PD,CS,D
13:39:37,MYOR,RG,1910,200,D,PD,CS,F
13:39:37,MYOR,RG,1910,160,D,PD,CS,D
13:39:37,MYOR,RG,1910,40,D,PD,CS,D
13:39:37,MYOR,RG,1910,200,D,PD,YP,D
13:39:36,MYOR,RG,1900,196,D,PD,AG,D
13:38:24,MYOR,RG,1900,3,D,PD,CS,D
13:38:24,MYOR,RG,1900,3,D,PD,CS,D
13:38:24,MYOR,RG,1910,11,F,ZP,CS,F
13:38:24,MYOR,RG,1910,7,F,ZP,KZ,F
13:38:22,MYOR,RG,1910,10,F,ZP,KZ,F
13:38:22,MYOR,RG,1910,10,F,ZP,CS,D
13:38:22,MYOR,RG,1910,11,F,ZP,CS,D
13:38:22,MYOR,RG,1910,36,F,ZP,CS,F
13:38:17,MYOR,RG,1910,53,F,ZP,KZ,F
13:38:15,MYOR,RG,1910,11,F,ZP,KZ,F
13:38:15,MYOR,RG,1910,45,F,ZP,CS,D
13:38:15,MYOR,RG,1910,131,F,ZP,CS,F
13:38:15,MYOR,RG,1910,38,F,ZP,CS,D
13:37:59,MYOR,RG,1910,4,F,ZP,KZ,F
13:37:59,MYOR,RG,1910,134,F,ZP,KZ,F
13:37:49,MYOR,RG,1910,8,F,ZP,KZ,F
13:37:49,MYOR,RG,1910,37,F,ZP,CS,D
13:37:49,MYOR,RG,1910,44,F,ZP,CS,F
13:37:49,MYOR,RG,1910,83,F,ZP,CS,F
13:37:49,MYOR,RG,1910,4,F,ZP,CS,F
13:37:49,MYOR,RG,1910,76,D,NI,CS,F
13:37:49,MYOR,RG,1910,4,D,NI,KZ,F
13:37:49,MYOR,RG,1910,1,D,XA,KZ,F
13:37:49,MYOR,RG,1910,18,F,ZP,KZ,F
13:37:49,MYOR,RG,1910,18,F,ZP,KZ,F
13:37:49,MYOR,RG,1910,7,F,ZP,KZ,F
13:37:49,MYOR,RG,1910,2,F,ZP,KZ,F
13:37:49,MYOR,RG,1910,13,F,ZP,KZ,F
13:37:48,MYOR,RG,1910,201,F,ZP,CC,F
13:37:48,MYOR,RG,1910,3,F,ZP,CC,F
13:37:48,MYOR,RG,1910,43,F,ZP,CC,F
13:37:47,MYOR,RG,1910,6,F,ZP,AZ,D
13:37:29,MYOR,RG,1910,25,F,ZP,FZ,D
13:37:25,MYOR,RG,1910,58,F,ZP,CC,F
13:37:07,MYOR,RG,1910,77,F,ZP,CS,F
13:37:07,MYOR,RG,1910,484,F,ZP,CS,F
13:35:05,MYOR,RG,1915,14,D,PD,AK,F
13:35:05,MYOR,RG,1915,65,D,PD,YP,D
13:35:05,MYOR,RG,1915,27,D,PD,KZ,F
13:35:05,MYOR,RG,1915,169,D,PD,KZ,F
13:35:05,MYOR,RG,1915,71,D,PD,CS,F
13:35:05,MYOR,RG,1915,27,D,PD,XC,D
13:35:05,MYOR,RG,1915,14,D,PD,AK,F
13:35:05,MYOR,RG,1915,72,D,PD,KZ,F
13:35:05,MYOR,RG,1915,153,D,PD,CS,F
13:35:05,MYOR,RG,1915,88,D,PD,CS,F
13:34:45,MYOR,RG,1915,2,D,XC,CS,F
13:34:30,MYOR,RG,1910,16,F,ZP,XC,D
13:34:21,MYOR,RG,1910,1,F,ZP,KZ,F
13:34:19,MYOR,RG,1910,198,F,ZP,KZ,F
13:34:14,MYOR,RG,1910,86,F,ZP,CS,D
13:34:14,MYOR,RG,1910,38,F,ZP,CS,D
13:34:14,MYOR,RG,1910,23,F,ZP,CS,F
13:34:14,MYOR,RG,1910,25,F,ZP,CS,D
13:34:14,MYOR,RG,1910,6,F,AK,CS,D
13:34:14,MYOR,RG,1910,69,F,AK,CS,D
13:34:14,MYOR,RG,1910,69,F,AK,KZ,F
13:34:14,MYOR,RG,1905,336,F,ZP,BK,F
13:34:13,MYOR,RG,1910,94,F,ZP,CS,F
13:34:13,MYOR,RG,1910,300,F,ZP,YP,D
13:34:13,MYOR,RG,1910,40,F,ZP,CS,D
13:34:13,MYOR,RG,1910,66,F,ZP,KZ,F
13:33:56,MYOR,RG,1910,53,F,ZP,KZ,F
13:33:56,MYOR,RG,1910,89,F,ZP,KZ,F
13:33:56,MYOR,RG,1910,166,F,ZP,CS,D
13:33:56,MYOR,RG,1910,63,F,ZP,CS,F
13:33:55,MYOR,RG,1900,55,D,PD,CS,F
13:33:55,MYOR,RG,1900,34,D,PD,CS,D
13:33:55,MYOR,RG,1900,1,D,YP,CS,D
13:33:55,MYOR,RG,1900,5,D,GR,CS,D
13:33:55,MYOR,RG,1905,22,F,ZP,CS,D
13:33:55,MYOR,RG,1905,33,F,ZP,CS,D
13:33:54,MYOR,RG,1910,54,F,ZP,CS,F
13:33:54,MYOR,RG,1910,198,F,ZP,CS,D
13:33:54,MYOR,RG,1905,350,F,ZP,KZ,F
13:33:54,MYOR,RG,1905,10,D,LG,KZ,F
13:33:54,MYOR,RG,1905,376,D,YP,KZ,F
13:33:52,MYOR,RG,1910,3,F,ZP,KZ,F
13:33:49,MYOR,RG,1905,16,D,YP,KZ,F
13:33:49,MYOR,RG,1905,83,D,YP,KZ,F
13:33:49,MYOR,RG,1905,25,D,YP,KZ,F
13:33:49,MYOR,RG,1905,6,D,PD,KZ,F
13:33:49,MYOR,RG,1905,38,D,PD,KZ,F
13:33:47,MYOR,RG,1905,10,D,PD,KK,D
13:33:47,MYOR,RG,1905,2,D,PD,EP,D
13:33:46,MYOR,RG,1905,2,D,PD,CS,D
13:33:46,MYOR,RG,1905,32,D,PD,CS,F
13:33:46,MYOR,RG,1905,10,D,PD,CS,D
13:33:46,MYOR,RG,1905,5,D,HP,CS,D
13:33:46,MYOR,RG,1905,10,D,OD,CS,D
13:33:46,MYOR,RG,1905,3,D,YP,CS,D
13:33:46,MYOR,RG,1905,2,D,XA,CS,D
13:33:46,MYOR,RG,1910,2,F,ZP,CS,D
13:33:46,MYOR,RG,1910,29,F,ZP,CS,F
13:33:46,MYOR,RG,1910,1,D,XC,CS,F
13:33:46,MYOR,RG,1910,5,D,CC,CS,F
13:33:46,MYOR,RG,1910,966,F,ZP,CS,F
13:33:46,MYOR,RG,1910,30,D,SQ,CS,F
13:33:46,MYOR,RG,1910,1,D,PD,CS,F
13:33:46,MYOR,RG,1910,4,D,PD,CS,F
13:33:46,MYOR,RG,1910,490,D,PD,CS,F
13:33:46,MYOR,RG,1910,10,D,PD,CS,D
13:33:46,MYOR,RG,1910,20,D,KK,CS,D
13:33:46,MYOR,RG,1910,10,D,YP,CS,D
13:33:46,MYOR,RG,1910,4,D,EP,CS,D
13:33:46,MYOR,RG,1910,3,D,PD,CS,D
13:33:46,MYOR,RG,1910,10,D,YP,CS,D
13:33:46,MYOR,RG,1910,40,D,NI,CS,D
13:33:46,MYOR,RG,1910,340,F,ZP,CS,D
13:33:46,MYOR,RG,1910,78,F,ZP,CS,D
13:33:46,MYOR,RG,1910,1,D,XL,CS,D
13:33:46,MYOR,RG,1910,10,D,YB,CS,D
13:33:46,MYOR,RG,1910,3,D,YP,CS,D
13:33:46,MYOR,RG,1910,158,F,ZP,CS,D
13:33:46,MYOR,RG,1910,185,F,ZP,CS,D
13:33:46,MYOR,RG,1910,2,F,ZP,CS,D
13:33:22,MYOR,RG,1915,144,F,AK,KZ,F
13:32:29,MYOR,RG,1915,144,F,AK,KZ,F
13:32:29,MYOR,RG,1915,21,D,YP,KZ,F
13:32:29,MYOR,RG,1915,27,D,YP,KZ,F
13:32:28,MYOR,RG,1915,2,D,YP,CS,D
13:32:28,MYOR,RG,1915,10,D,YP,CS,D
13:32:28,MYOR,RG,1915,20,D,YP,CS,D
13:32:28,MYOR,RG,1915,8,F,AK,CS,D
13:32:28,MYOR,RG,1915,35,F,AK,CS,D
13:32:28,MYOR,RG,1915,38,F,AK,CS,F
13:32:28,MYOR,RG,1915,13,F,ZP,CS,F
13:32:28,MYOR,RG,1915,102,D,PD,CS,F
13:32:28,MYOR,RG,1915,92,D,PD,XC,D
13:32:06,MYOR,RG,1915,278,D,PD,NI,D
13:31:37,MYOR,RG,1915,2,D,PD,CS,D
13:31:37,MYOR,RG,1920,2,F,ZP,CS,F
13:31:37,MYOR,RG,1920,10,F,ZP,CS,D
13:31:36,MYOR,RG,1920,1,F,ZP,XC,D
13:31:36,MYOR,RG,1920,181,F,ZP,CS,D
13:31:36,MYOR,RG,1920,181,F,ZP,CS,D
13:31:36,MYOR,RG,1920,638,F,ZP,CS,F
13:31:36,MYOR,RG,1920,16,F,ZP,AK,F
13:31:36,MYOR,RG,1920,2,F,ZP,XL,D
13:31:36,MYOR,RG,1920,112,F,ZP,KZ,F
13:31:36,MYOR,RG,1920,2,F,ZP,XL,D
13:31:36,MYOR,RG,1920,426,F,ZP,YP,D
13:30:48,MYOR,RG,1915,1,D,PD,KZ,F
13:30:48,MYOR,RG,1915,2,D,PD,CS,D
13:30:48,MYOR,RG,1915,2,D,PD,KZ,F
13:30:48,MYOR,RG,1915,10,D,PD,YP,D
13:30:48,MYOR,RG,1915,11,D,PD,KZ,F
13:30:38,MYOR,RG,1915,1,D,XC,KZ,F
13:30:29,MYOR,RG,1915,10,D,YP,KZ,F
13:30:23,MYOR,RG,1915,10,D,YP,KZ,F
13:30:18,MYOR,RG,1915,10,D,YP,KZ,F
13:30:17,MYOR,RG,1915,1,F,ZP,KZ,F
13:30:15,MYOR,RG,1915,32,F,AK,KZ,F
13:30:15,MYOR,RG,1915,7,F,AK,KZ,F
13:30:15,MYOR,RG,1915,53,F,AK,KZ,F
13:30:15,MYOR,RG,1915,15,F,AK,KZ,F
13:30:15,MYOR,RG,1915,37,F,AK,CS,D
13:30:12,MYOR,RG,1915,17,F,AK,CS,D
13:30:12,MYOR,RG,1915,54,F,AK,CS,D
13:30:12,MYOR,RG,1915,12,F,AK,CS,F
13:30:12,MYOR,RG,1915,1,D,YP,CS,F
13:30:12,MYOR,RG,1915,15,D,PD,CS,F
13:30:12,MYOR,RG,1915,3,D,PD,CS,F
13:30:12,MYOR,RG,1915,2,D,KK,CS,F
13:30:12,MYOR,RG,1915,5,D,XL,CS,F
13:30:12,MYOR,RG,1915,2,D,AT,CS,F
13:30:12,MYOR,RG,1915,1,D,EP,CS,F
13:30:12,MYOR,RG,1915,1,D,PD,CS,F
13:30:12,MYOR,RG,1915,50,D,YP,CS,F
13:30:12,MYOR,RG,1915,1,D,XC,CS,F
13:30:12,MYOR,RG,1915,50,D,CC,CS,F
13:30:12,MYOR,RG,1915,49,D,IF,CS,F
13:30:10,MYOR,RG,1920,74,F,AK,YP,D
13:30:10,MYOR,RG,1920,70,F,AK,AK,F
13:30:09,MYOR,RG,1920,35,D,XL,AK,F
13:30:09,MYOR,RG,1920,34,D,XL,AK,F
13:30:09,MYOR,RG,1920,36,D,XL,CC,D
13:30:06,MYOR,RG,1920,20,D,YP,CC,D
13:30:06,MYOR,RG,1920,2,D,XA,CC,D
13:30:06,MYOR,RG,1920,13,D,XA,KZ,F
13:30:06,MYOR,RG,1920,5,D,YU,KZ,F
13:30:05,MYOR,RG,1920,20,D,YU,YP,D
13:30:04,MYOR,RG,1920,4,D,YU,XL,D
13:30:04,MYOR,RG,1920,18,D,YU,KZ,F
13:30:04,MYOR,RG,1920,1,D,XC,KZ,F
13:30:04,MYOR,RG,1920,6,D,YP,KZ,F
13:30:04,MYOR,RG,1920,6,F,ZP,KZ,F
13:30:04,MYOR,RG,1920,2,D,PD,KZ,F
13:30:04,MYOR,RG,1920,10,D,PD,KZ,F
13:30:04,MYOR,RG,1920,6,D,PD,KZ,F
13:30:04,MYOR,RG,1920,1,D,PD,KZ,F
13:30:03,MYOR,RG,1920,5,D,EP,CC,D
13:30:03,MYOR,RG,1920,1,D,EP,XC,D
13:30:03,MYOR,RG,1920,1,D,EP,XC,D
13:30:03,MYOR,RG,1920,1,D,EP,XC,D
13:30:03,MYOR,RG,1920,2,D,EP,AK,F
13:30:03,MYOR,RG,1920,10,D,YP,AK,F
13:30:03,MYOR,RG,1920,18,F,ZP,AK,F
13:30:03,MYOR,RG,1920,7,D,AT,AK,F
13:30:02,MYOR,RG,1920,1,D,AT,AK,F
13:30:01,MYOR,RG,1925,5,D,PD,MK,D
13:30:01,MYOR,RG,1920,15,D,AT,PD,D
13:30:01,MYOR,RG,1920,1,D,AT,PD,D
13:30:01,MYOR,RG,1925,1,D,PD,MK,D
13:30:01,MYOR,RG,1920,1,D,AT,PD,D
13:30:01,MYOR,RG,1920,13,D,AT,PD,D
13:30:01,MYOR,RG,1920,20,D,AT,PD,D
13:30:01,MYOR,RG,1920,100,D,AT,SQ,D
13:30:01,MYOR,RG,1920,1,D,AT,EP,D
11:29:45,MYOR,RG,1920,1,D,AT,AK,F
11:29:00,MYOR,RG,1920,3,D,AT,KZ,F
11:29:00,MYOR,RG,1920,9,D,AT,AK,F
11:28:45,MYOR,RG,1920,1,D,AT,KZ,F
11:28:45,MYOR,RG,1920,2,D,AT,AK,F
11:28:45,MYOR,RG,1920,1,D,AT,AK,F
11:28:00,MYOR,RG,1920,2,D,AT,KZ,F
11:28:00,MYOR,RG,1920,9,D,AT,AK,F
11:27:44,MYOR,RG,1920,16,D,AT,KZ,F
11:27:44,MYOR,RG,1920,52,D,AT,YP,D
11:27:30,MYOR,RG,1920,1,D,AT,KZ,F
11:27:30,MYOR,RG,1920,4,D,AT,AK,F
11:27:29,MYOR,RG,1920,1,D,AT,KZ,F
11:27:29,MYOR,RG,1920,3,D,AT,CC,D
11:26:30,MYOR,RG,1920,3,D,AT,KZ,F
11:26:30,MYOR,RG,1920,10,D,AT,AK,F
11:25:49,MYOR,RG,1920,3,D,AT,KZ,F
11:25:49,MYOR,RG,1920,10,D,AT,XC,D
11:25:32,MYOR,RG,1920,2,D,AT,KZ,F
11:25:30,MYOR,RG,1920,1,D,AT,KZ,F
11:25:30,MYOR,RG,1920,7,D,AT,AK,F
11:25:30,MYOR,RG,1920,3,D,TP,AK,F
11:25:14,MYOR,RG,1920,3,D,TP,KZ,F
11:25:14,MYOR,RG,1920,4,D,XL,KZ,F
11:25:14,MYOR,RG,1920,13,F,ZP,KZ,F
11:25:12,MYOR,RG,1920,6,F,ZP,KZ,F
11:25:12,MYOR,RG,1920,34,F,AK,KZ,F
11:25:11,MYOR,RG,1920,65,F,AK,CC,D
11:25:11,MYOR,RG,1920,1,D,XL,CC,D
11:25:11,MYOR,RG,1920,3,D,PD,CC,D
11:25:11,MYOR,RG,1920,131,D,PD,CC,D
11:24:30,MYOR,RG,1920,1,D,PD,KZ,F
11:24:30,MYOR,RG,1920,6,D,PD,AK,F
11:24:20,MYOR,RG,1920,1,D,PD,KZ,F
11:24:20,MYOR,RG,1920,2,D,PD,EP,D
11:24:10,MYOR,RG,1920,1,D,PD,KZ,F
11:24:10,MYOR,RG,1920,2,D,PD,XL,D
11:23:27,MYOR,RG,1920,2,D,PD,SQ,D
11:22:30,MYOR,RG,1920,3,D,PD,KZ,F
11:22:30,MYOR,RG,1920,10,D,PD,AK,F
11:22:10,MYOR,RG,1920,1,D,PD,KZ,F
11:22:10,MYOR,RG,1920,2,D,PD,ZR,D
11:21:16,MYOR,RG,1920,7,D,PD,KZ,F
11:21:16,MYOR,RG,1920,25,D,PD,XC,D
11:20:43,MYOR,RG,1920,1,D,PD,KZ,F
11:20:43,MYOR,RG,1920,1,D,PD,PD,D
11:20:25,MYOR,RG,1925,1,D,PD,MK,D
11:20:15,MYOR,RG,1920,3,D,PD,KZ,F
11:20:15,MYOR,RG,1920,12,D,PD,AK,F
11:17:03,MYOR,RG,1920,17,D,PD,KZ,F
11:17:03,MYOR,RG,1920,57,D,PD,XL,D
11:16:11,MYOR,RG,1920,1,D,PD,KZ,F
11:16:11,MYOR,RG,1920,2,D,PD,NI,D
11:15:30,MYOR,RG,1920,17,D,PD,KZ,F
11:15:28,MYOR,RG,1920,5,D,PD,PD,D
11:15:28,MYOR,RG,1920,26,D,PD,KZ,F
11:15:28,MYOR,RG,1920,75,D,PD,AT,D
11:15:28,MYOR,RG,1920,2,D,PD,DR,D
11:15:28,MYOR,RG,1920,30,D,PD,DX,F
11:15:28,MYOR,RG,1920,32,D,PD,DX,F
11:15:28,MYOR,RG,1920,1,D,PD,KZ,F
11:15:28,MYOR,RG,1920,24,D,PD,KZ,F
11:15:12,MYOR,RG,1920,2,D,XC,KZ,F
11:14:08,MYOR,RG,1915,1,D,IF,PD,D
11:13:26,MYOR,RG,1920,3,D,BQ,KZ,F
11:13:26,MYOR,RG,1920,4,D,BQ,KZ,F
11:13:26,MYOR,RG,1920,86,D,BQ,KZ,F
11:13:26,MYOR,RG,1920,100,D,BQ,YP,D
11:13:16,MYOR,RG,1920,14,F,ZP,YP,D
11:13:16,MYOR,RG,1920,286,D,YP,YP,D
11:13:13,MYOR,RG,1920,16,D,YP,KZ,F
11:13:13,MYOR,RG,1920,55,D,YP,XC,D
11:13:00,MYOR,RG,1920,9,D,YP,KZ,F
11:13:00,MYOR,RG,1920,29,D,YP,DX,F
11:12:23,MYOR,RG,1920,2,D,YP,DR,D
11:12:21,MYOR,RG,1920,1,D,YP,KZ,F
11:12:21,MYOR,RG,1920,1,D,YP,KZ,F
11:12:20,MYOR,RG,1920,1,D,YP,PD,D
11:11:35,MYOR,RG,1920,10,D,YP,KK,D
11:11:35,MYOR,RG,1920,2,D,YP,XL,D
11:11:35,MYOR,RG,1920,4,D,YP,KZ,F
11:11:35,MYOR,RG,1920,7,D,YP,KZ,F
11:11:35,MYOR,RG,1920,62,D,YP,KZ,F
11:11:35,MYOR,RG,1920,9,D,YP,AK,F
11:11:35,MYOR,RG,1920,6,D,YP,XL,D
11:09:09,MYOR,RG,1915,4,D,IF,PD,D
11:08:43,MYOR,RG,1920,10,D,BQ,XL,D
11:08:30,MYOR,RG,1920,10,F,ZP,XL,D
11:08:30,MYOR,RG,1920,74,D,PD,XL,D
11:08:30,MYOR,RG,1920,122,D,PD,XC,D
11:08:30,MYOR,RG,1920,1,D,PD,PD,D
11:08:30,MYOR,RG,1920,10,D,PD,KZ,F
11:08:30,MYOR,RG,1920,1,D,PD,XC,D
11:08:30,MYOR,RG,1920,20,D,PD,XC,D
11:08:30,MYOR,RG,1920,10,D,PD,KK,D
11:08:30,MYOR,RG,1920,5,D,PD,PD,D
11:08:30,MYOR,RG,1920,1,D,PD,YP,D
11:08:30,MYOR,RG,1920,1,D,PD,KZ,F
11:08:30,MYOR,RG,1920,1,D,PD,KZ,F
11:08:30,MYOR,RG,1920,3,D,PD,KZ,F
11:08:30,MYOR,RG,1920,1,D,PD,YB,D
11:08:11,MYOR,RG,1915,1,D,IF,KZ,F
11:08:06,MYOR,RG,1915,3,D,IF,KZ,F
11:06:53,MYOR,RG,1915,1,D,IF,XL,D
11:06:17,MYOR,RG,1915,5,D,IF,XL,D
11:04:34,MYOR,RG,1920,3,F,ZP,YB,D
11:03:04,MYOR,RG,1920,4,F,ZP,YB,D
11:03:04,MYOR,RG,1920,1,D,PD,YB,D
11:03:04,MYOR,RG,1920,1,D,CC,YB,D
11:03:04,MYOR,RG,1920,10,D,ZP,YB,D
11:02:54,MYOR,RG,1920,2,D,ZP,KZ,F
11:02:53,MYOR,RG,1920,8,D,ZP,DR,D
11:02:45,MYOR,RG,1925,1,D,ZP,MK,D
11:02:41,MYOR,RG,1920,21,D,ZP,KZ,F
11:02:41,MYOR,RG,1920,1,D,ZP,KZ,F
11:02:37,MYOR,RG,1920,2,D,ZP,KZ,F
11:02:37,MYOR,RG,1920,4,D,ZP,YP,D
11:02:24,MYOR,RG,1920,5,D,ZP,XL,D
11:02:22,MYOR,RG,1920,1,D,ZP,YP,D
11:02:07,MYOR,RG,1920,13,D,ZP,HP,D
11:02:06,MYOR,RG,1920,10,D,ZP,CC,D
11:02:06,MYOR,RG,1920,25,D,ZP,YU,D
11:02:06,MYOR,RG,1920,10,D,ZP,AK,F
11:02:06,MYOR,RG,1920,2,D,ZP,KZ,F
11:02:06,MYOR,RG,1920,10,D,ZP,PD,D
11:02:06,MYOR,RG,1920,5,D,ZP,KZ,F
11:02:06,MYOR,RG,1920,9,D,ZP,KZ,F
11:02:06,MYOR,RG,1920,5,D,ZP,YP,D
11:02:06,MYOR,RG,1920,2,D,ZP,KZ,F
11:02:06,MYOR,RG,1920,7,D,ZP,YP,D
11:02:06,MYOR,RG,1920,3,D,ZP,NI,D
11:02:06,MYOR,RG,1920,2,D,ZP,YP,D
11:02:06,MYOR,RG,1920,1,D,ZP,KZ,F
11:02:06,MYOR,RG,1920,5,D,ZP,GR,D
11:02:06,MYOR,RG,1920,71,D,ZP,KZ,F
11:02:06,MYOR,RG,1920,6,D,ZP,KZ,F
11:01:39,MYOR,RG,1915,5,D,IF,YP,D
11:00:31,MYOR,RG,1915,30,D,IF,PD,D
10:59:48,MYOR,RG,1915,8,D,IF,EP,D
10:59:29,MYOR,RG,1920,2,F,ZP,KZ,F
10:58:08,MYOR,RG,1920,2,F,ZP,KZ,F
10:58:08,MYOR,RG,1920,11,F,ZP,GR,D
10:58:08,MYOR,RG,1920,189,D,ZR,GR,D
10:58:08,MYOR,RG,1920,3,D,ZR,YP,D
10:58:08,MYOR,RG,1920,50,D,ZR,CC,D
10:58:08,MYOR,RG,1920,2,D,ZR,YP,D
10:58:08,MYOR,RG,1920,9,D,ZR,KZ,F
10:58:08,MYOR,RG,1920,5,D,ZR,OD,D
10:58:08,MYOR,RG,1920,10,D,ZR,AK,F
10:58:08,MYOR,RG,1920,3,D,ZR,KK,D
10:58:08,MYOR,RG,1920,15,D,ZR,EP,D
10:58:08,MYOR,RG,1920,5,D,ZR,PD,D
10:58:08,MYOR,RG,1920,169,D,ZR,KZ,F
10:58:08,MYOR,RG,1920,5,D,ZR,EP,D
10:58:08,MYOR,RG,1920,10,D,ZR,AK,F
10:58:08,MYOR,RG,1920,150,D,ZR,OD,D
10:58:08,MYOR,RG,1920,375,D,ZR,AI,D
10:57:53,MYOR,RG,1915,7,D,IF,XL,D
10:57:48,MYOR,RG,1920,20,D,DR,AI,D
10:54:54,MYOR,RG,1920,5,D,CC,AI,D
10:54:54,MYOR,RG,1920,2,D,CC,KZ,F
10:54:54,MYOR,RG,1920,3,D,CC,OD,D
10:54:09,MYOR,RG,1920,5,D,XC,OD,D
10:54:04,MYOR,RG,1915,1,D,IF,CC,D
10:53:29,MYOR,RG,1915,5,D,IF,KZ,F
10:53:29,MYOR,RG,1915,15,D,IF,PD,D
10:53:26,MYOR,RG,1915,5,D,IF,KZ,F
10:53:21,MYOR,RG,1915,23,D,IF,KZ,F
10:53:21,MYOR,RG,1915,3,D,IF,KZ,F
10:53:21,MYOR,RG,1915,12,D,IF,KZ,F
10:53:21,MYOR,RG,1915,3,D,IF,KZ,F
10:53:21,MYOR,RG,1915,2,D,IF,KZ,F
10:53:20,MYOR,RG,1915,4,D,IF,KZ,F
10:53:20,MYOR,RG,1915,15,D,IF,XC,D
10:53:04,MYOR,RG,1915,6,D,IF,CC,D
10:53:04,MYOR,RG,1915,2,F,ZP,CC,D
10:52:43,MYOR,RG,1915,7,F,ZP,YU,D
10:52:43,MYOR,RG,1915,43,D,IF,YU,D
10:51:21,MYOR,RG,1915,4,D,IF,XC,D
10:50:07,MYOR,RG,1920,2,D,PD,OD,D
10:50:07,MYOR,RG,1920,2,F,ZP,OD,D
10:50:07,MYOR,RG,1920,18,F,ZP,OD,D
10:50:04,MYOR,RG,1920,1,F,ZP,BQ,D
10:49:42,MYOR,RG,1920,11,F,AK,AK,F
10:49:42,MYOR,RG,1920,1,F,AK,KZ,F
10:49:42,MYOR,RG,1920,7,F,AK,KZ,F
10:49:42,MYOR,RG,1920,1,F,AK,KZ,F
10:49:42,MYOR,RG,1920,3,F,AK,KZ,F
10:49:42,MYOR,RG,1920,9,F,AK,AK,F
10:49:42,MYOR,RG,1920,6,F,AK,PD,D
10:49:42,MYOR,RG,1920,11,F,AK,YP,D
10:49:42,MYOR,RG,1920,4,D,PD,YP,D
10:49:42,MYOR,RG,1920,50,D,PD,OD,D
10:49:42,MYOR,RG,1920,30,D,PD,CC,D
10:49:42,MYOR,RG,1920,10,D,PD,AK,F
10:49:42,MYOR,RG,1920,1,D,PD,XC,D
10:49:42,MYOR,RG,1920,2,D,PD,XC,D
10:49:42,MYOR,RG,1920,5,D,PD,XC,D
10:49:42,MYOR,RG,1920,5,D,PD,KK,D
10:49:42,MYOR,RG,1920,6,D,PD,XL,D
10:49:42,MYOR,RG,1920,12,D,PD,AK,F
10:49:42,MYOR,RG,1920,5,D,PD,CC,D
10:49:42,MYOR,RG,1920,1,D,PD,XC,D
10:49:42,MYOR,RG,1920,4,D,PD,XC,D
10:49:42,MYOR,RG,1920,5,D,PD,KK,D
10:49:42,MYOR,RG,1920,1,D,PD,XC,D
10:49:42,MYOR,RG,1920,7,D,PD,XC,D
10:49:42,MYOR,RG,1920,16,D,PD,XC,D
10:49:42,MYOR,RG,1920,1,D,PD,XC,D
10:49:42,MYOR,RG,1920,2,D,PD,PD,D
10:49:42,MYOR,RG,1920,5,D,PD,YP,D
10:49:42,MYOR,RG,1920,9,D,PD,CC,D
10:49:42,MYOR,RG,1920,5,D,PD,YP,D
10:49:42,MYOR,RG,1920,8,D,PD,XC,D
10:49:42,MYOR,RG,1920,1,D,PD,YP,D
10:49:42,MYOR,RG,1920,2,D,PD,AZ,D
10:49:42,MYOR,RG,1920,10,D,PD,PD,D
10:49:42,MYOR,RG,1920,1,D,PD,PD,D
10:49:42,MYOR,RG,1920,1,D,PD,DR,D
10:49:42,MYOR,RG,1920,1,D,PD,KZ,F
10:49:42,MYOR,RG,1920,1,D,PD,XC,D
10:49:42,MYOR,RG,1920,6,D,PD,KZ,F
10:49:42,MYOR,RG,1920,24,D,PD,PC,D
10:49:42,MYOR,RG,1920,280,D,PD,KZ,F
10:49:42,MYOR,RG,1920,130,D,PD,XC,D
10:49:42,MYOR,RG,1920,1,D,PD,NI,D
10:49:42,MYOR,RG,1920,150,D,PD,AG,D
10:49:42,MYOR,RG,1920,10,D,PD,TP,D
10:49:42,MYOR,RG,1920,10,D,PD,ZP,D
10:49:42,MYOR,RG,1920,10,D,PD,FS,D
10:49:42,MYOR,RG,1920,2,D,PD,NI,D
10:49:42,MYOR,RG,1920,75,D,PD,PD,D
10:49:42,MYOR,RG,1920,50,D,PD,YP,D
10:49:42,MYOR,RG,1920,50,D,PD,YB,D
10:49:42,MYOR,RG,1920,10,D,PD,NI,D
10:49:42,MYOR,RG,1920,1,D,PD,YP,D
10:49:42,MYOR,RG,1920,1,D,PD,YP,D
10:49:42,MYOR,RG,1920,10,D,PD,XC,D
10:49:42,MYOR,RG,1920,2,D,PD,CC,D
10:49:42,MYOR,RG,1920,10,D,PD,PD,D
10:49:42,MYOR,RG,1920,8,D,PD,PD,D
10:49:42,MYOR,RG,1920,2,D,PD,PD,D
10:49:42,MYOR,RG,1920,4,D,PD,EP,D
10:49:42,MYOR,RG,1920,60,D,PD,CP,D
10:49:42,MYOR,RG,1920,183,D,PD,GR,D
10:49:00,MYOR,RG,1915,1,D,IF,PD,D
10:48:57,MYOR,RG,1915,3,D,IF,PD,D
10:48:48,MYOR,RG,1915,25,D,IF,KK,D
10:48:33,MYOR,RG,1915,1,D,IF,YP,D
10:48:07,MYOR,RG,1915,12,D,IF,PD,D
10:47:53,MYOR,RG,1915,1,D,IF,YP,D
10:46:32,MYOR,RG,1915,31,D,IF,KZ,F
10:46:32,MYOR,RG,1915,100,D,IF,FS,D
10:45:55,MYOR,RG,1920,1,D,XC,GR,D
10:45:02,MYOR,RG,1920,1,D,CC,GR,D
10:44:44,MYOR,RG,1915,2,D,IF,KZ,F
10:44:44,MYOR,RG,1915,7,D,IF,YP,D
10:43:36,MYOR,RG,1915,3,D,IF,KZ,F
10:43:36,MYOR,RG,1915,10,D,IF,PD,D
10:43:33,MYOR,RG,1915,5,D,IF,KZ,F
10:43:30,MYOR,RG,1915,1,D,IF,KK,D
10:43:30,MYOR,RG,1915,5,D,IF,KK,D
10:43:30,MYOR,RG,1915,10,D,IF,XC,D
10:43:30,MYOR,RG,1915,7,D,IF,KZ,F
10:43:30,MYOR,RG,1915,25,D,IF,IF,D
10:43:30,MYOR,RG,1915,4,D,IF,KZ,F
10:43:13,MYOR,RG,1915,1,D,CC,KZ,F
10:42:00,MYOR,RG,1915,5,F,ZP,KZ,F
10:42:00,MYOR,RG,1915,8,D,DR,KZ,F
10:42:00,MYOR,RG,1915,26,D,YB,KZ,F
10:42:00,MYOR,RG,1915,16,D,PD,KZ,F
10:42:00,MYOR,RG,1915,200,D,PD,YP,D
10:41:52,MYOR,RG,1915,2,D,PD,KZ,F
10:41:52,MYOR,RG,1915,6,D,PD,PD,D
10:41:31,MYOR,RG,1915,4,D,PD,KZ,F
10:41:31,MYOR,RG,1915,3,D,PD,KZ,F
10:41:29,MYOR,RG,1915,58,D,PD,KZ,F
10:41:27,MYOR,RG,1915,31,D,PD,KZ,F
10:41:27,MYOR,RG,1915,180,D,PD,CC,D
10:41:27,MYOR,RG,1915,15,F,ZP,CC,D
10:41:27,MYOR,RG,1915,105,D,PD,CC,D
10:40:16,MYOR,RG,1915,10,D,PD,CC,D
10:39:15,MYOR,RG,1915,13,D,PD,AK,F
10:39:15,MYOR,RG,1915,7,D,PD,KZ,F
10:39:15,MYOR,RG,1915,1,D,PD,XL,D
10:39:15,MYOR,RG,1915,2,D,PD,DH,D
10:39:15,MYOR,RG,1915,28,D,PD,KZ,F
10:39:15,MYOR,RG,1915,1,D,PD,OD,D
10:39:15,MYOR,RG,1915,13,D,PD,AK,F
10:39:15,MYOR,RG,1915,45,D,PD,KZ,F
10:39:15,MYOR,RG,1915,75,D,PD,KZ,F
10:39:15,MYOR,RG,1915,47,D,PD,KZ,F
10:39:15,MYOR,RG,1915,6,D,PD,KZ,F
10:39:15,MYOR,RG,1915,13,D,PD,KZ,F
10:39:15,MYOR,RG,1915,2,D,PD,KZ,F
10:39:15,MYOR,RG,1915,132,D,PD,SQ,D
10:39:11,MYOR,RG,1910,1,D,PD,KZ,F
10:39:11,MYOR,RG,1910,1,D,PD,KZ,F
10:37:55,MYOR,RG,1910,25,D,PD,CC,D
10:37:35,MYOR,RG,1910,1,D,PD,AT,D
10:37:21,MYOR,RG,1910,5,D,PD,CC,D
10:35:43,MYOR,RG,1910,75,D,PD,YU,F
10:35:29,MYOR,RG,1915,20,D,YP,SQ,D
10:35:23,MYOR,RG,1915,40,D,YP,SQ,D
10:35:23,MYOR,RG,1915,3,D,YP,SQ,D
10:35:23,MYOR,RG,1915,5,F,ZP,SQ,D
10:34:30,MYOR,RG,1915,1,F,ZP,AK,F
10:34:11,MYOR,RG,1915,1,D,GR,AK,F
10:34:11,MYOR,RG,1915,20,D,GR,CC,D
10:34:09,MYOR,RG,1915,250,D,GR,YP,D
10:34:08,MYOR,RG,1915,192,D,GR,SQ,D
10:33:31,MYOR,RG,1915,10,D,GR,CC,D
10:33:19,MYOR,RG,1915,5,D,GR,XC,D
10:33:05,MYOR,RG,1920,3,D,YP,GR,D
10:32:48,MYOR,RG,1910,3,D,PD,XL,D
10:32:28,MYOR,RG,1920,10,D,KK,GR,D
10:32:28,MYOR,RG,1920,2,D,YP,GR,D
10:32:28,MYOR,RG,1920,1,D,YP,PD,D
10:32:28,MYOR,RG,1920,49,D,YP,DR,D
10:32:27,MYOR,RG,1920,1,F,ZP,DR,D
10:32:27,MYOR,RG,1915,1,F,ZP,XC,D
10:32:19,MYOR,RG,1915,77,F,AK,XC,D
10:32:19,MYOR,RG,1915,3,F,AK,KZ,F
10:32:19,MYOR,RG,1915,13,F,AK,YP,D
10:32:12,MYOR,RG,1915,7,F,ZP,YP,D
10:32:01,MYOR,RG,1915,194,F,AK,BK,F
10:32:01,MYOR,RG,1915,1,F,AK,DR,D
10:32:01,MYOR,RG,1915,1,F,AK,XL,D
10:32:01,MYOR,RG,1915,14,F,AK,AK,F
10:32:01,MYOR,RG,1915,5,F,AK,KZ,F
10:32:01,MYOR,RG,1915,15,F,AK,CC,D
10:32:01,MYOR,RG,1915,4,F,AK,KZ,F
10:32:01,MYOR,RG,1915,14,F,AK,YP,D
10:32:01,MYOR,RG,1915,1,F,AK,PD,D
10:32:01,MYOR,RG,1915,564,F,AK,KZ,F
10:32:01,MYOR,RG,1915,8,F,AK,PD,D
10:32:01,MYOR,RG,1915,1,F,AK,XC,D
10:32:01,MYOR,RG,1915,10,F,AK,XC,D
10:32:01,MYOR,RG,1915,10,F,AK,SQ,D
10:32:01,MYOR,RG,1915,1,F,AK,YP,D
10:32:01,MYOR,RG,1915,5,F,AK,GR,D
10:32:01,MYOR,RG,1915,449,F,AK,CC,D
10:32:01,MYOR,RG,1915,357,D,PD,CC,D
10:32:01,MYOR,RG,1915,2,D,PD,XC,D
10:32:01,MYOR,RG,1915,5,D,PD,PD,D
10:32:01,MYOR,RG,1915,5,D,PD,KK,D
10:32:01,MYOR,RG,1915,10,D,PD,DH,D
10:32:01,MYOR,RG,1915,250,D,PD,XC,D
10:32:01,MYOR,RG,1915,75,D,PD,PD,D
10:32:01,MYOR,RG,1915,55,D,PD,OD,D
10:32:01,MYOR,RG,1915,241,D,PD,YP,D
10:31:52,MYOR,RG,1910,2,D,PD,DR,D
10:31:52,MYOR,RG,1910,101,D,PD,KZ,F
10:31:50,MYOR,RG,1910,30,D,CC,KZ,F
10:31:50,MYOR,RG,1910,20,D,CC,KZ,F
10:31:15,MYOR,RG,1905,50,D,PD,KZ,F
10:31:13,MYOR,RG,1910,60,F,AK,BQ,D
10:31:13,MYOR,RG,1910,2,D,YB,BQ,D
10:31:13,MYOR,RG,1910,3,D,NI,BQ,D
10:31:13,MYOR,RG,1910,20,F,ZP,BQ,D
10:31:13,MYOR,RG,1910,81,F,AK,BQ,D
10:31:13,MYOR,RG,1910,68,F,ZP,BQ,D
10:30:47,MYOR,RG,1910,34,F,ZP,XL,D
10:30:45,MYOR,RG,1915,82,D,XL,YP,D
10:30:45,MYOR,RG,1915,125,D,KK,YP,D
10:30:45,MYOR,RG,1915,50,D,YP,YP,D
10:30:44,MYOR,RG,1915,2,D,YB,YP,D
10:30:44,MYOR,RG,1915,1,D,YB,XC,D
10:30:44,MYOR,RG,1915,7,D,YB,NI,D
10:30:44,MYOR,RG,1915,15,D,LS,NI,D
10:30:44,MYOR,RG,1915,1,F,AK,NI,D
10:30:44,MYOR,RG,1915,50,F,AK,YP,D
10:30:44,MYOR,RG,1915,2,F,AK,PD,D
10:30:44,MYOR,RG,1915,2,F,AK,XL,D
10:30:44,MYOR,RG,1915,2,F,AK,PD,D
10:30:44,MYOR,RG,1915,15,F,AK,XL,D
10:30:44,MYOR,RG,1915,2,F,AK,YP,D
10:30:44,MYOR,RG,1915,32,F,AK,XC,D
10:30:44,MYOR,RG,1915,6,F,AK,LS,D
10:30:44,MYOR,RG,1915,9,F,AK,PD,D
10:30:44,MYOR,RG,1915,1,F,AK,PD,D
10:30:44,MYOR,RG,1915,1,F,AK,PD,D
10:30:44,MYOR,RG,1910,725,F,ZP,KZ,F
10:30:42,MYOR,RG,1910,16,F,ZP,AK,F
10:30:42,MYOR,RG,1910,1,F,ZP,PD,D
10:30:42,MYOR,RG,1910,4,F,ZP,XC,D
10:30:42,MYOR,RG,1910,3,F,ZP,DR,D
10:30:42,MYOR,RG,1910,16,F,ZP,AK,F
10:30:42,MYOR,RG,1910,40,F,ZP,KK,D
10:30:42,MYOR,RG,1910,1,F,ZP,XC,D
10:30:42,MYOR,RG,1910,5,F,ZP,XC,D
10:30:42,MYOR,RG,1910,16,F,ZP,AK,F
10:30:42,MYOR,RG,1910,18,F,ZP,AK,F
10:30:42,MYOR,RG,1910,1,F,ZP,PD,D
10:30:42,MYOR,RG,1910,10,F,ZP,SQ,D
10:30:42,MYOR,RG,1910,15,F,ZP,XC,D
10:30:42,MYOR,RG,1910,10,F,ZP,SQ,D
10:30:42,MYOR,RG,1910,59,F,ZP,PD,D
10:30:42,MYOR,RG,1910,3,F,ZP,XC,D
10:30:42,MYOR,RG,1910,1,F,ZP,YP,D
10:30:42,MYOR,RG,1910,10,F,ZP,CC,D
10:30:42,MYOR,RG,1910,1,F,ZP,YP,D
10:30:42,MYOR,RG,1910,5,F,ZP,XL,D
10:30:42,MYOR,RG,1910,2000,F,ZP,YP,D
10:30:42,MYOR,RG,1910,20,F,ZP,XC,D
10:30:42,MYOR,RG,1910,5,F,ZP,PD,D
10:30:42,MYOR,RG,1910,35,F,ZP,XL,D
10:30:42,MYOR,RG,1910,2,F,ZP,XC,D
10:30:42,MYOR,RG,1910,1,F,ZP,KK,D
10:30:42,MYOR,RG,1910,5,F,ZP,PD,D
10:30:42,MYOR,RG,1910,5,F,ZP,AZ,D
10:30:42,MYOR,RG,1910,50,F,ZP,YP,D
10:30:42,MYOR,RG,1910,8,F,ZP,YP,D
10:30:42,MYOR,RG,1910,3,F,ZP,KK,D
10:30:42,MYOR,RG,1910,50,F,ZP,YP,D
10:30:42,MYOR,RG,1910,30,F,ZP,CC,D
10:30:42,MYOR,RG,1910,10,F,ZP,CC,D
10:30:42,MYOR,RG,1910,19,F,ZP,KZ,F
10:30:42,MYOR,RG,1910,30,F,ZP,YP,D
10:30:42,MYOR,RG,1910,25,F,ZP,KK,D
10:30:42,MYOR,RG,1910,15,F,ZP,KZ,F
10:30:42,MYOR,RG,1910,50,F,ZP,PD,D
10:30:42,MYOR,RG,1910,138,F,ZP,KZ,F
10:30:42,MYOR,RG,1910,122,F,ZP,XC,D
10:30:42,MYOR,RG,1910,2,F,ZP,YP,D
10:30:42,MYOR,RG,1910,1,F,ZP,XC,D
10:30:42,MYOR,RG,1910,10,F,ZP,KK,D
10:30:42,MYOR,RG,1910,10,F,ZP,PD,D
10:30:42,MYOR,RG,1910,10,F,ZP,PD,D
10:30:42,MYOR,RG,1910,5,F,ZP,XC,D
10:30:42,MYOR,RG,1910,277,F,ZP,GR,D
10:28:06,MYOR,RG,1905,9,D,PD,KZ,F
10:28:06,MYOR,RG,1905,10,D,PD,CC,D
10:26:55,MYOR,RG,1910,20,D,CC,GR,D
10:26:46,MYOR,RG,1905,2,D,PD,KZ,F
10:26:46,MYOR,RG,1905,1,D,PD,KZ,F
10:26:42,MYOR,RG,1910,1,D,PD,GR,D
10:24:42,MYOR,RG,1905,2,D,PD,DR,D
10:24:23,MYOR,RG,1905,8,D,PD,NI,D
10:24:23,MYOR,RG,1905,2,D,PD,KZ,F
10:24:23,MYOR,RG,1905,9,D,PD,CD,D
10:24:19,MYOR,RG,1900,40,D,PD,PD,D
10:23:21,MYOR,RG,1900,2,D,PD,XC,D
10:22:55,MYOR,RG,1900,2,D,PD,XL,D
10:22:44,MYOR,RG,1905,2,F,ZP,CD,D
10:22:28,MYOR,RG,1905,1,F,ZP,PD,D
10:22:18,MYOR,RG,1905,8,F,AK,KK,D
10:22:18,MYOR,RG,1905,4,F,AK,KZ,F
10:22:18,MYOR,RG,1905,2,F,AK,XL,D
10:22:18,MYOR,RG,1905,1,F,AK,KZ,F
10:22:18,MYOR,RG,1905,11,F,AK,KZ,F
10:22:18,MYOR,RG,1905,10,F,AK,BK,F
10:22:18,MYOR,RG,1905,8,F,ZP,BK,F
10:22:18,MYOR,RG,1905,177,D,PD,BK,F
10:22:18,MYOR,RG,1905,10,D,PD,CC,D
10:22:18,MYOR,RG,1905,1,D,PD,KZ,F
10:22:18,MYOR,RG,1905,3,D,PD,AZ,D
10:22:18,MYOR,RG,1905,1,D,PD,PD,D
10:22:18,MYOR,RG,1905,19,D,PD,KZ,F
10:22:18,MYOR,RG,1905,65,D,PD,DH,D
10:22:18,MYOR,RG,1905,108,D,PD,KZ,F
10:22:18,MYOR,RG,1905,17,D,PD,AK,F
10:22:18,MYOR,RG,1905,17,D,PD,AK,F
10:22:18,MYOR,RG,1905,15,D,PD,AK,F
10:22:18,MYOR,RG,1905,11,D,PD,XC,D
10:22:18,MYOR,RG,1905,1,D,PD,XL,D
10:22:18,MYOR,RG,1905,55,D,PD,XA,D
10:21:50,MYOR,RG,1900,2,D,PD,PD,D
10:21:41,MYOR,RG,1900,15,D,PD,NI,D
10:20:21,MYOR,RG,1900,4,D,PD,NI,D
10:19:47,MYOR,RG,1900,44,D,PD,KZ,F
10:19:47,MYOR,RG,1900,3,D,PD,KZ,F
10:19:47,MYOR,RG,1900,4,D,PD,KZ,F
10:19:47,MYOR,RG,1900,15,D,PD,KZ,F
10:19:47,MYOR,RG,1900,3,D,PD,KZ,F
10:19:47,MYOR,RG,1900,41,D,PD,CC,D
10:19:35,MYOR,RG,1900,1,F,ZP,CC,D
10:19:23,MYOR,RG,1900,12,F,ZP,CC,D
10:17:39,MYOR,RG,1900,54,F,ZP,NI,D
10:17:39,MYOR,RG,1900,11,F,ZP,NI,D
10:17:30,MYOR,RG,1900,14,F,ZP,GR,D
10:16:34,MYOR,RG,1900,1,F,ZP,AK,F
10:16:34,MYOR,RG,1900,30,D,NI,AK,F
10:16:34,MYOR,RG,1900,12,F,ZP,AK,F
10:16:34,MYOR,RG,1900,14,F,ZP,AK,F
10:16:33,MYOR,RG,1905,5,D,PD,XA,D
10:16:33,MYOR,RG,1905,1,D,PD,PD,D
10:16:33,MYOR,RG,1905,6,D,PD,XC,D
10:16:33,MYOR,RG,1905,2,D,PD,SQ,D
10:16:33,MYOR,RG,1905,5,D,PD,KK,D
10:16:33,MYOR,RG,1905,1,D,PD,XC,D
10:16:33,MYOR,RG,1905,10,D,PD,YP,D
10:16:33,MYOR,RG,1905,75,D,PD,NI,D
10:16:33,MYOR,RG,1905,1,D,PD,XC,D
10:16:33,MYOR,RG,1905,50,D,PD,YP,D
10:16:33,MYOR,RG,1905,3,D,PD,XC,D
10:16:33,MYOR,RG,1905,35,D,PD,XC,D
10:16:33,MYOR,RG,1905,2,D,PD,YP,D
10:16:33,MYOR,RG,1905,1,D,PD,YP,D
10:16:33,MYOR,RG,1905,5,D,PD,XC,D
10:16:33,MYOR,RG,1905,1,D,PD,PD,D
10:16:33,MYOR,RG,1905,10,D,PD,XC,D
10:16:33,MYOR,RG,1905,19,D,PD,KZ,F
10:16:33,MYOR,RG,1905,1,D,PD,XC,D
10:16:33,MYOR,RG,1905,16,D,PD,AK,F
10:16:33,MYOR,RG,1905,10,D,PD,PD,D
10:16:33,MYOR,RG,1905,1,D,PD,CP,D
10:16:33,MYOR,RG,1905,20,D,PD,AK,F
10:16:33,MYOR,RG,1905,13,D,PD,XC,D
10:16:33,MYOR,RG,1905,1,D,PD,NI,D
10:16:33,MYOR,RG,1905,1,D,PD,KK,D
10:16:33,MYOR,RG,1905,54,D,PD,DH,D
10:16:33,MYOR,RG,1905,38,D,PD,KZ,F
10:16:33,MYOR,RG,1905,5,D,PD,LG,D
10:16:33,MYOR,RG,1905,1,D,PD,XC,D
10:16:33,MYOR,RG,1905,15,D,PD,AK,F
10:16:33,MYOR,RG,1905,143,D,PD,KZ,F
10:16:33,MYOR,RG,1905,449,D,PD,YP,D
10:16:15,MYOR,RG,1900,1,F,ZP,KZ,F
10:16:15,MYOR,RG,1900,5,F,ZP,KK,D
10:15:43,MYOR,RG,1900,8,F,ZP,KZ,F
10:15:41,MYOR,RG,1900,4,F,ZP,KZ,F
10:15:41,MYOR,RG,1900,1,D,PD,KZ,F
10:15:41,MYOR,RG,1900,14,F,ZP,KZ,F
10:15:41,MYOR,RG,1900,4,F,ZP,YP,D
10:15:41,MYOR,RG,1900,12,F,ZP,YP,D
10:15:41,MYOR,RG,1900,1,D,XL,YP,D
10:15:41,MYOR,RG,1900,8,F,ZP,YP,D
10:15:41,MYOR,RG,1900,4,F,ZP,YP,D
10:15:41,MYOR,RG,1900,71,F,ZP,YP,D
10:14:35,MYOR,RG,1900,27,F,ZP,KZ,F
10:14:35,MYOR,RG,1900,100,F,ZP,FS,D
10:14:06,MYOR,RG,1900,2,F,ZP,KZ,F
10:14:05,MYOR,RG,1900,8,F,ZP,XC,D
10:13:44,MYOR,RG,1900,1,F,ZP,KZ,F
10:13:44,MYOR,RG,1900,1,F,ZP,XL,D
10:13:19,MYOR,RG,1900,1,F,ZP,KZ,F
10:13:19,MYOR,RG,1900,4,F,ZP,XC,D
10:13:17,MYOR,RG,1900,8,F,ZP,KZ,F
10:13:17,MYOR,RG,1900,30,F,ZP,BQ,D
10:12:56,MYOR,RG,1900,56,F,ZP,KZ,F
10:12:51,MYOR,RG,1900,3,F,ZP,KZ,F
10:12:51,MYOR,RG,1900,3,F,ZP,KZ,F
10:12:51,MYOR,RG,1900,4,F,ZP,KZ,F
10:12:51,MYOR,RG,1900,2,F,ZP,KZ,F
10:12:48,MYOR,RG,1900,1,F,ZP,KZ,F
10:12:48,MYOR,RG,1900,5,F,ZP,XC,D
10:11:16,MYOR,RG,1900,7,F,ZP,PD,D
10:10:27,MYOR,RG,1900,7,F,ZP,LG,D
10:10:27,MYOR,RG,1900,7,F,ZP,LG,D
10:10:27,MYOR,RG,1900,11,D,XC,LG,D
10:10:04,MYOR,RG,1900,11,D,XC,KK,D
10:08:15,MYOR,RG,1900,16,D,XC,AK,F
10:08:15,MYOR,RG,1900,4,D,XC,KZ,F
10:08:15,MYOR,RG,1900,10,D,XC,NI,D
10:08:15,MYOR,RG,1900,2,D,XC,XC,D
10:08:15,MYOR,RG,1900,8,D,XC,PD,D
10:08:15,MYOR,RG,1900,37,D,XC,XC,D
10:08:15,MYOR,RG,1900,1,D,XC,XC,D
10:08:15,MYOR,RG,1900,15,D,XC,AK,F
10:08:15,MYOR,RG,1900,131,D,XC,AK,F
10:08:15,MYOR,RG,1900,3,D,XC,KZ,F
10:08:12,MYOR,RG,1900,1,F,ZP,KZ,F
10:08:12,MYOR,RG,1895,1,F,ZP,YP,D
10:06:25,MYOR,RG,1900,4,F,ZP,KZ,F
10:06:25,MYOR,RG,1900,2,F,ZP,PD,D
10:06:25,MYOR,RG,1900,5,F,ZP,PD,D
10:06:25,MYOR,RG,1900,7,F,ZP,PD,D
10:05:57,MYOR,RG,1900,15,F,ZP,PD,D
10:05:57,MYOR,RG,1900,1,D,YP,PD,D
10:05:57,MYOR,RG,1900,2,D,YP,KZ,F
10:05:57,MYOR,RG,1900,7,D,YP,KZ,F
10:04:34,MYOR,RG,1900,1,F,ZP,KZ,F
10:04:34,MYOR,RG,1900,1,F,ZP,KZ,F
10:04:34,MYOR,RG,1900,6,F,ZP,KZ,F
10:04:34,MYOR,RG,1900,1,F,ZP,AK,F
10:04:33,MYOR,RG,1900,6,F,ZP,AK,F
10:04:10,MYOR,RG,1900,7,F,ZP,AK,F
10:04:10,MYOR,RG,1900,25,F,ZP,YB,D
10:04:10,MYOR,RG,1900,2,F,ZP,KZ,F
10:04:10,MYOR,RG,1900,1,F,ZP,KZ,F
10:04:10,MYOR,RG,1900,6,F,ZP,KZ,F
10:04:10,MYOR,RG,1900,9,F,ZP,CC,D
10:04:10,MYOR,RG,1895,23,F,ZP,AK,F
10:04:10,MYOR,RG,1895,1,F,ZP,SQ,D
10:01:39,MYOR,RG,1900,1,F,ZP,KZ,F
10:01:39,MYOR,RG,1900,20,F,ZP,AK,F
10:01:39,MYOR,RG,1900,4,F,ZP,XC,D
10:01:39,MYOR,RG,1900,6,F,ZP,XC,D
10:01:36,MYOR,RG,1900,2,F,ZP,KZ,F
10:01:30,MYOR,RG,1900,3,F,ZP,KZ,F
10:01:30,MYOR,RG,1900,2,F,ZP,KZ,F
10:01:30,MYOR,RG,1900,4,F,ZP,AK,F
10:01:30,MYOR,RG,1900,9,F,ZP,XL,D
10:01:29,MYOR,RG,1900,2,F,ZP,XL,D
10:01:29,MYOR,RG,1900,1,F,ZP,XL,D
10:01:29,MYOR,RG,1900,8,F,ZP,XL,D
10:00:34,MYOR,RG,1900,1,F,ZP,KZ,F
10:00:33,MYOR,RG,1900,4,F,ZP,KK,D
10:00:33,MYOR,RG,1900,1,D,YP,KK,D
10:00:21,MYOR,RG,1900,4,D,YP,KZ,F
10:00:00,MYOR,RG,1900,14,F,ZP,AK,F
10:00:00,MYOR,RG,1900,2,F,ZP,AK,F
09:59:59,MYOR,RG,1895,11,F,ZP,KZ,F
09:59:59,MYOR,RG,1895,1,D,XC,KZ,F
09:59:59,MYOR,RG,1895,3,D,BQ,KZ,F
09:59:59,MYOR,RG,1895,1,F,ZP,KZ,F
09:59:59,MYOR,RG,1895,2,D,PD,KZ,F
09:59:59,MYOR,RG,1895,1,D,XL,KZ,F
09:59:59,MYOR,RG,1900,116,F,ZP,KZ,F
09:59:57,MYOR,RG,1900,1,F,ZP,KZ,F
09:59:57,MYOR,RG,1900,267,F,ZP,CC,D
09:59:57,MYOR,RG,1900,3,F,ZP,CC,D
09:59:57,MYOR,RG,1900,1,F,ZP,CC,D
09:59:57,MYOR,RG,1900,44,F,ZP,CC,D
09:59:57,MYOR,RG,1900,3,F,ZP,CC,D
09:59:57,MYOR,RG,1900,100,F,ZP,CC,D
09:59:57,MYOR,RG,1900,77,F,ZP,CC,D
09:59:57,MYOR,RG,1900,2,F,ZP,CC,D
09:59:57,MYOR,RG,1900,3,F,ZP,CC,D
09:58:51,MYOR,RG,1900,1,F,ZP,NI,D
09:58:51,MYOR,RG,1900,1,D,XC,NI,D
09:57:03,MYOR,RG,1900,12,F,ZP,KZ,F
09:57:02,MYOR,RG,1900,2,F,ZP,KZ,F
09:57:02,MYOR,RG,1900,50,F,ZP,DX,D
09:56:46,MYOR,RG,1900,3,F,ZP,KZ,F
09:56:45,MYOR,RG,1900,12,F,ZP,AK,F
09:56:41,MYOR,RG,1900,16,F,ZP,KZ,F
09:56:38,MYOR,RG,1900,3,F,ZP,KZ,F
09:56:37,MYOR,RG,1900,55,F,ZP,AK,F
09:56:37,MYOR,RG,1900,5,F,ZP,AK,F
09:56:36,MYOR,RG,1900,2,F,ZP,KZ,F
09:56:36,MYOR,RG,1900,8,F,ZP,AK,F
09:56:35,MYOR,RG,1900,1,F,ZP,KZ,F
09:56:35,MYOR,RG,1900,3,F,ZP,AK,F
09:56:35,MYOR,RG,1900,2,F,ZP,AK,F
09:56:35,MYOR,RG,1900,5,F,ZP,NI,D
09:56:35,MYOR,RG,1900,2,F,ZP,NI,D
09:56:35,MYOR,RG,1900,2,F,ZP,NI,D
09:56:24,MYOR,RG,1900,10,F,ZP,KZ,F
09:56:24,MYOR,RG,1900,6,F,ZP,KZ,F
09:56:22,MYOR,RG,1900,1,F,ZP,KZ,F
09:56:22,MYOR,RG,1900,16,F,ZP,XL,D
09:56:22,MYOR,RG,1900,4,F,ZP,XL,D
09:56:22,MYOR,RG,1900,14,F,ZP,XL,D
09:56:22,MYOR,RG,1900,2,F,ZP,XL,D
09:56:22,MYOR,RG,1900,5,F,ZP,XL,D
09:56:22,MYOR,RG,1900,15,D,XC,XL,D
09:56:22,MYOR,RG,1900,6,D,AK,XL,D
09:56:14,MYOR,RG,1900,1,D,AK,KZ,F
09:56:14,MYOR,RG,1900,1,D,AK,XC,D
09:55:58,MYOR,RG,1900,3,D,AK,KZ,F
09:55:58,MYOR,RG,1900,2,F,ZP,KZ,F
09:55:58,MYOR,RG,1900,2,D,CC,KZ,F
09:55:58,MYOR,RG,1900,27,D,CC,XC,D
09:54:45,MYOR,RG,1900,4,D,CC,KZ,F
09:54:45,MYOR,RG,1900,14,D,CC,AK,F
09:53:58,MYOR,RG,1900,1,D,CC,KZ,F
09:53:57,MYOR,RG,1900,1,D,CC,AK,F
09:53:57,MYOR,RG,1900,4,F,ZP,AK,F
09:53:56,MYOR,RG,1900,3,F,ZP,KZ,F
09:53:56,MYOR,RG,1900,12,D,AK,KZ,F
09:53:56,MYOR,RG,1900,2,F,ZP,KZ,F
09:53:51,MYOR,RG,1900,2,F,ZP,KZ,F
09:53:51,MYOR,RG,1900,4,F,ZP,KZ,F
09:53:51,MYOR,RG,1900,1,F,ZP,KZ,F
09:53:51,MYOR,RG,1900,11,F,ZP,KZ,F
09:53:49,MYOR,RG,1900,2,F,ZP,KZ,F
09:53:47,MYOR,RG,1900,9,F,ZP,KZ,F
09:53:47,MYOR,RG,1900,8,F,ZP,YP,D
09:53:47,MYOR,RG,1900,32,F,ZP,YP,D
09:53:32,MYOR,RG,1900,40,F,ZP,CC,D
09:53:22,MYOR,RG,1900,1,F,ZP,AK,F
09:53:22,MYOR,RG,1905,1,D,XL,YP,D
09:53:20,MYOR,RG,1900,4,F,ZP,AZ,D
09:52:30,MYOR,RG,1900,13,F,ZP,AK,F
09:50:31,MYOR,RG,1900,1,F,ZP,XC,D
09:50:15,MYOR,RG,1900,1,F,ZP,AK,F
09:50:15,MYOR,RG,1900,8,F,ZP,AK,F
09:50:15,MYOR,RG,1900,1,F,ZP,AK,F
09:50:15,MYOR,RG,1900,4,D,AK,AK,F
09:49:09,MYOR,RG,1900,3,D,AK,AK,F
09:49:09,MYOR,RG,1905,50,D,XL,YP,D
09:49:09,MYOR,RG,1905,1,D,XL,NI,D
09:49:09,MYOR,RG,1905,2,D,XL,OD,F
09:49:09,MYOR,RG,1905,4,D,XL,PD,D
09:48:30,MYOR,RG,1900,13,D,AK,AK,F
09:47:22,MYOR,RG,1905,1,D,SQ,PD,D
09:46:09,MYOR,RG,1900,2,D,AK,KZ,F
09:46:07,MYOR,RG,1900,2,F,ZP,AK,F
09:46:07,MYOR,RG,1900,4,D,AK,AK,F
09:46:07,MYOR,RG,1900,4,F,ZP,AK,F
09:46:07,MYOR,RG,1900,63,F,ZP,KZ,F
09:46:07,MYOR,RG,1900,16,F,ZP,KZ,F
09:46:05,MYOR,RG,1900,2,F,ZP,KZ,F
09:46:04,MYOR,RG,1900,33,F,ZP,YP,D
09:46:04,MYOR,RG,1900,4,F,ZP,YP,D
09:46:04,MYOR,RG,1900,130,D,AZ,YP,D
09:46:04,MYOR,RG,1900,3,F,ZP,YP,D
09:46:04,MYOR,RG,1900,5,F,ZP,YP,D
09:46:04,MYOR,RG,1900,50,D,CC,YP,D
09:46:04,MYOR,RG,1900,1,D,SQ,YP,D
09:46:04,MYOR,RG,1900,3,D,AK,YP,D
09:46:04,MYOR,RG,1900,1,D,XL,YP,D
09:46:04,MYOR,RG,1900,5,D,OD,YP,D
09:46:04,MYOR,RG,1900,7,D,PD,YP,D
09:46:04,MYOR,RG,1900,23,D,PD,YP,D
09:46:04,MYOR,RG,1900,5,D,AK,YP,D
09:46:04,MYOR,RG,1900,7,D,YP,YP,D
09:46:04,MYOR,RG,1900,5,D,AT,YP,D
09:46:04,MYOR,RG,1900,5,D,DR,YP,D
09:46:04,MYOR,RG,1900,1,F,ZP,YP,D
09:46:04,MYOR,RG,1900,5,D,PD,YP,D
09:46:04,MYOR,RG,1900,7,F,ZP,YP,D
09:45:45,MYOR,RG,1900,4,F,ZP,KZ,F
09:45:45,MYOR,RG,1900,13,F,ZP,AK,F
09:44:56,MYOR,RG,1900,1,F,ZP,KZ,F
09:44:56,MYOR,RG,1900,3,F,ZP,YP,D
09:43:20,MYOR,RG,1900,5,F,ZP,KZ,F
09:43:18,MYOR,RG,1900,19,F,ZP,KZ,F
09:43:18,MYOR,RG,1900,22,F,ZP,RS,D
09:43:18,MYOR,RG,1900,68,D,YP,RS,D
09:43:15,MYOR,RG,1900,4,D,YP,KZ,F
09:43:15,MYOR,RG,1900,14,D,YP,AK,F
09:42:41,MYOR,RG,1900,3,D,YP,KZ,F
09:42:38,MYOR,RG,1900,1,D,YP,KZ,F
09:42:38,MYOR,RG,1900,3,D,YP,XC,D
09:42:37,MYOR,RG,1900,1,D,YP,KZ,F
09:42:37,MYOR,RG,1900,5,D,YP,BQ,D
09:42:28,MYOR,RG,1900,1,D,YP,KZ,F
09:42:28,MYOR,RG,1900,10,D,XC,YP,D
09:42:28,MYOR,RG,1900,5,D,AK,YP,D
09:42:28,MYOR,RG,1900,1,D,KK,YP,D
09:42:04,MYOR,RG,1900,2,D,KK,KZ,F
09:42:04,MYOR,RG,1900,1,D,KK,XL,D
09:42:01,MYOR,RG,1905,1,D,OD,KK,D
09:42:01,MYOR,RG,1905,4,D,OD,XL,D
09:38:36,MYOR,RG,1905,1,D,SQ,XL,D
09:38:23,MYOR,RG,1900,1,D,KK,XL,D
09:37:54,MYOR,RG,1900,10,D,KK,KZ,F
09:37:52,MYOR,RG,1900,1,D,KK,AK,F
09:37:52,MYOR,RG,1900,2,D,KK,KZ,F
09:37:52,MYOR,RG,1900,4,D,KK,AK,F
09:37:52,MYOR,RG,1900,10,D,KK,AK,F
09:37:52,MYOR,RG,1900,18,D,KK,XC,D
09:37:52,MYOR,RG,1900,2,D,BQ,XC,D
09:37:52,MYOR,RG,1900,1,D,AT,XC,D
09:37:52,MYOR,RG,1900,6,F,ZP,XC,D
09:37:40,MYOR,RG,1900,1,F,ZP,XC,D
09:37:30,MYOR,RG,1900,3,F,ZP,KZ,F
09:37:30,MYOR,RG,1900,2,D,AK,KZ,F
09:37:29,MYOR,RG,1900,20,D,AK,AZ,D
09:37:11,MYOR,RG,1900,1,D,AK,KZ,F
09:37:11,MYOR,RG,1900,1,D,AK,KZ,F
09:37:11,MYOR,RG,1900,3,F,ZP,KZ,F
09:37:10,MYOR,RG,1900,21,F,ZP,KZ,F
09:37:10,MYOR,RG,1900,75,F,ZP,AI,D
09:36:06,MYOR,RG,1905,2,D,AK,XL,D
09:36:06,MYOR,RG,1905,15,D,AK,AK,F
09:36:06,MYOR,RG,1905,1,D,AK,PD,D
09:36:06,MYOR,RG,1905,5,D,AK,EP,D
09:36:06,MYOR,RG,1905,2,D,AK,KZ,F
09:36:06,MYOR,RG,1900,7,F,ZP,KZ,F
09:34:35,MYOR,RG,1900,15,F,ZP,PD,D
09:32:36,MYOR,RG,1900,2,F,ZP,XC,D
09:30:59,MYOR,RG,1900,1,F,ZP,AK,F
09:30:59,MYOR,RG,1905,7,D,XC,KZ,F
09:30:59,MYOR,RG,1905,14,D,XC,AK,F
09:30:59,MYOR,RG,1905,23,D,XC,PD,D
09:28:41,MYOR,RG,1905,42,D,PD,PD,D
09:28:41,MYOR,RG,1905,5,D,PD,NI,D
09:28:41,MYOR,RG,1905,1,D,PD,XC,D
09:28:41,MYOR,RG,1905,12,D,PD,AK,F
09:28:31,MYOR,RG,1900,1,F,ZP,KK,D
09:28:09,MYOR,RG,1900,10,F,ZP,CC,D
09:27:55,MYOR,RG,1900,1,F,ZP,YU,D
09:27:37,MYOR,RG,1905,1,D,KK,AK,F
09:27:06,MYOR,RG,1900,3,F,ZP,XC,D
09:26:45,MYOR,RG,1900,28,F,ZP,AT,D
09:26:43,MYOR,RG,1905,1,D,PD,AK,F
09:26:10,MYOR,RG,1900,62,F,ZP,XC,D
09:23:01,MYOR,RG,1900,1,D,AK,AK,F
09:23:01,MYOR,RG,1900,1,D,AK,AK,F
09:22:57,MYOR,RG,1895,9,D,AK,AK,F
09:22:57,MYOR,RG,1895,25,F,ZP,AK,F
09:22:57,MYOR,RG,1905,36,D,AK,KZ,F
09:22:57,MYOR,RG,1895,28,F,ZP,KZ,F
09:22:57,MYOR,RG,1895,32,D,PD,KZ,F
09:22:57,MYOR,RG,1895,1,D,PD,KZ,F
09:22:57,MYOR,RG,1895,1,D,YP,KZ,F
09:22:57,MYOR,RG,1895,84,F,ZP,KZ,F
09:22:56,MYOR,RG,1900,422,F,ZP,CC,F
09:22:56,MYOR,RG,1900,23,D,AK,CC,F
09:22:56,MYOR,RG,1900,2,D,AK,AK,F
09:22:55,MYOR,RG,1900,9,F,ZP,AK,F
09:22:55,MYOR,RG,1900,6,F,ZP,KZ,F
09:22:55,MYOR,RG,1900,5,F,ZP,AK,F
09:22:55,MYOR,RG,1900,57,F,ZP,HP,D
09:22:55,MYOR,RG,1900,24,F,ZP,HP,D
09:22:55,MYOR,RG,1900,19,F,ZP,HP,D
09:22:51,MYOR,RG,1900,14,F,ZP,KZ,F
09:22:51,MYOR,RG,1900,2,F,ZP,KZ,F
09:22:45,MYOR,RG,1900,5,F,ZP,PD,D
09:22:44,MYOR,RG,1900,5,F,ZP,AK,F
09:22:44,MYOR,RG,1900,50,F,ZP,YP,D
09:22:41,MYOR,RG,1900,1,D,PD,KZ,F
09:22:37,MYOR,RG,1900,15,F,ZP,KZ,F
09:22:37,MYOR,RG,1900,3,F,ZP,AK,F
09:22:37,MYOR,RG,1900,2,F,ZP,AK,F
09:22:36,MYOR,RG,1900,10,F,ZP,AK,F
09:22:36,MYOR,RG,1900,1,F,ZP,AK,F
09:22:35,MYOR,RG,1900,43,F,ZP,AK,F
09:22:35,MYOR,RG,1900,9,F,ZP,KZ,F
09:22:34,MYOR,RG,1900,2,D,AK,KZ,F
09:22:34,MYOR,RG,1900,5,F,ZP,KZ,F
09:22:34,MYOR,RG,1900,95,F,ZP,CC,F
09:22:34,MYOR,RG,1900,3,F,ZP,CC,F
09:22:34,MYOR,RG,1900,2,D,AK,CC,F
09:22:34,MYOR,RG,1900,5,D,AK,CC,F
09:22:06,MYOR,RG,1900,2,F,ZP,AK,F
09:22:05,MYOR,RG,1905,18,D,AK,KZ,F
09:22:05,MYOR,RG,1905,5,D,AK,OD,D
09:22:05,MYOR,RG,1900,7,F,ZP,AK,F
09:22:04,MYOR,RG,1900,55,F,ZP,KZ,F
09:22:04,MYOR,RG,1900,204,F,ZP,BK,F
09:22:04,MYOR,RG,1900,1,F,ZP,KZ,F
09:22:03,MYOR,RG,1900,5,D,AK,CC,F
09:22:03,MYOR,RG,1900,2,D,AK,CC,F
09:21:54,MYOR,RG,1900,1,D,AK,KZ,F
09:21:54,MYOR,RG,1900,2,D,PD,CC,F
09:21:14,MYOR,RG,1900,1,F,ZP,CC,D
09:20:50,MYOR,RG,1900,6,F,ZP,KZ,F
09:20:48,MYOR,RG,1900,8,F,ZP,AK,F
09:20:48,MYOR,RG,1900,1,F,ZP,KZ,F
09:20:47,MYOR,RG,1895,1,F,ZP,AK,F
09:20:47,MYOR,RG,1895,15,F,ZP,AK,F
09:20:47,MYOR,RG,1895,2,F,ZP,AK,F
09:20:47,MYOR,RG,1900,28,F,ZP,KZ,F
09:20:45,MYOR,RG,1900,14,F,ZP,AK,F
09:20:45,MYOR,RG,1900,3,F,ZP,KZ,F
09:20:45,MYOR,RG,1900,15,F,ZP,AK,F
09:20:45,MYOR,RG,1900,1,F,ZP,CC,F
09:20:45,MYOR,RG,1900,6,F,ZP,CC,F
09:20:45,MYOR,RG,1900,1,D,AK,CC,F
09:20:45,MYOR,RG,1900,48,F,ZP,CC,F
09:20:45,MYOR,RG,1900,2,D,YP,CC,F
09:20:45,MYOR,RG,1900,1,D,AK,CC,F
09:20:45,MYOR,RG,1900,1,D,NI,CC,F
09:20:45,MYOR,RG,1900,17,F,ZP,CC,F
09:20:45,MYOR,RG,1900,9,D,YP,CC,F
09:20:40,MYOR,RG,1900,11,D,YP,KZ,F
09:20:40,MYOR,RG,1900,11,F,ZP,KZ,F
09:20:38,MYOR,RG,1900,4,F,ZP,KZ,F
09:20:38,MYOR,RG,1900,16,F,ZP,CC,F
09:20:38,MYOR,RG,1900,50,F,ZP,CC,F
09:20:38,MYOR,RG,1900,18,D,AK,CC,F
09:20:38,MYOR,RG,1900,14,D,CC,CC,F
09:20:34,MYOR,RG,1900,10,D,CC,KZ,F
09:20:34,MYOR,RG,1900,10,D,CC,PD,D
09:17:50,MYOR,RG,1905,10,D,XL,BK,F
09:16:12,MYOR,RG,1905,1,D,XL,BK,F
09:15:48,MYOR,RG,1905,9,D,AK,BK,F
09:15:48,MYOR,RG,1900,15,D,CC,KZ,F
09:15:48,MYOR,RG,1900,1,D,CC,PD,D
09:15:48,MYOR,RG,1900,3,F,ZP,PD,D
09:15:48,MYOR,RG,1900,55,D,AT,PD,D
09:15:44,MYOR,RG,1900,1,D,AT,DR,D
09:15:32,MYOR,RG,1900,5,D,AT,KZ,F
09:15:32,MYOR,RG,1900,20,D,AT,PD,D
09:14:20,MYOR,RG,1900,6,D,AT,KZ,F
09:14:20,MYOR,RG,1900,5,D,AT,XL,D
09:13:46,MYOR,RG,1905,9,D,AK,BK,F
09:13:46,MYOR,RG,1900,5,D,AT,KZ,F
09:13:46,MYOR,RG,1900,3,D,AT,XC,D
09:13:46,MYOR,RG,1900,3,D,XL,XC,D
09:13:46,MYOR,RG,1900,20,F,ZP,XC,D
09:13:36,MYOR,RG,1900,4,F,ZP,KZ,F
09:13:36,MYOR,RG,1900,8,F,ZP,KZ,F
09:13:34,MYOR,RG,1900,5,F,ZP,AK,F
09:13:34,MYOR,RG,1900,4,F,ZP,AK,F
09:13:34,MYOR,RG,1900,6,F,ZP,YP,D
09:13:34,MYOR,RG,1900,1,D,YP,YP,D
09:13:34,MYOR,RG,1900,35,F,ZP,YP,D
09:13:29,MYOR,RG,1900,5,F,ZP,DH,D
09:13:08,MYOR,RG,1900,1,F,ZP,XL,D
09:11:32,MYOR,RG,1905,6,D,AK,BK,F
09:11:31,MYOR,RG,1905,4,D,SQ,BK,F
09:11:31,MYOR,RG,1905,10,D,SQ,CC,D
09:11:31,MYOR,RG,1905,2,D,SQ,AK,F
09:11:31,MYOR,RG,1905,10,D,SQ,AK,F
09:11:31,MYOR,RG,1905,24,D,SQ,AK,F
09:11:24,MYOR,RG,1900,2,F,ZP,NI,D
09:11:19,MYOR,RG,1905,3,D,DR,AK,F
09:11:11,MYOR,RG,1900,7,F,ZP,CC,D
09:11:11,MYOR,RG,1900,1,D,AK,CC,D
09:11:11,MYOR,RG,1900,1,D,AK,CC,D
09:11:11,MYOR,RG,1900,21,F,ZP,CC,D
09:10:50,MYOR,RG,1900,5,F,ZP,AG,D
09:10:41,MYOR,RG,1905,7,D,AK,AK,F
09:10:41,MYOR,RG,1905,12,D,SQ,AK,F
09:10:41,MYOR,RG,1905,36,D,SQ,KZ,F
09:10:41,MYOR,RG,1905,2,D,SQ,YP,D
09:09:50,MYOR,RG,1905,3,D,XL,YP,D
09:09:45,MYOR,RG,1900,22,F,ZP,KZ,F
09:09:43,MYOR,RG,1900,8,F,ZP,KZ,F
09:09:41,MYOR,RG,1905,8,D,AK,YP,D
09:09:40,MYOR,RG,1905,37,D,AT,YP,D
09:09:40,MYOR,RG,1905,40,D,AT,IF,D
09:09:40,MYOR,RG,1905,3,D,AT,DR,D
09:09:40,MYOR,RG,1905,3,D,AT,PD,D
09:09:40,MYOR,RG,1905,5,D,AT,KZ,F
09:09:40,MYOR,RG,1905,9,D,AT,PD,D
09:09:40,MYOR,RG,1905,3,D,AT,LS,D
09:07:56,MYOR,RG,1905,3,D,AK,LS,D
09:07:56,MYOR,RG,1905,3,D,AK,PD,D
09:07:56,MYOR,RG,1900,11,F,ZP,AK,F
09:07:55,MYOR,RG,1900,2,F,ZP,KZ,F
09:07:55,MYOR,RG,1900,6,F,ZP,KZ,F
09:07:55,MYOR,RG,1900,10,F,ZP,CC,D
09:07:55,MYOR,RG,1900,1,F,ZP,YP,D
09:07:55,MYOR,RG,1900,14,F,ZP,AK,F
09:07:33,MYOR,RG,1895,10,F,ZP,XL,D
09:07:12,MYOR,RG,1895,9,F,ZP,KZ,F
09:07:11,MYOR,RG,1900,6,D,AK,AK,F
09:07:11,MYOR,RG,1900,4,D,AK,AK,F
09:07:11,MYOR,RG,1900,6,D,AK,KZ,F
09:07:10,MYOR,RG,1895,16,F,ZP,AK,F
09:07:10,MYOR,RG,1895,10,F,ZP,PD,D
09:07:10,MYOR,RG,1895,14,F,ZP,AK,F
09:07:10,MYOR,RG,1895,14,F,ZP,AK,F
09:07:10,MYOR,RG,1895,25,F,ZP,KZ,F
09:07:10,MYOR,RG,1895,100,F,ZP,YP,D
09:06:43,MYOR,RG,1895,1,D,AZ,KZ,F
09:06:41,MYOR,RG,1895,1,D,YP,KZ,F
09:05:51,MYOR,RG,1895,4,D,SQ,KZ,F
09:05:50,MYOR,RG,1895,4,D,SQ,KZ,F
09:05:48,MYOR,RG,1900,2,D,AK,KZ,F
09:05:48,MYOR,RG,1895,1,D,SQ,KZ,F
09:05:48,MYOR,RG,1895,16,D,SQ,YP,D
09:05:48,MYOR,RG,1895,1,D,YP,YP,D
09:05:48,MYOR,RG,1895,1,D,AK,YP,D
09:05:48,MYOR,RG,1895,1,D,AK,YP,D
09:05:48,MYOR,RG,1895,25,D,YU,YP,D
09:05:48,MYOR,RG,1895,1,D,PD,YP,D
09:05:48,MYOR,RG,1895,2,D,XL,YP,D
09:05:48,MYOR,RG,1895,2,D,XL,YP,D
09:05:48,MYOR,RG,1895,1,D,XL,YP,D
09:02:31,MYOR,RG,1895,1,D,AK,KZ,F
09:02:26,MYOR,RG,1895,1,D,YP,KZ,F
09:02:26,MYOR,RG,1895,3,D,YP,AK,F
09:01:49,MYOR,RG,1895,3,D,YP,PD,D
09:01:22,MYOR,RG,1905,1,D,AK,PD,D
09:01:21,MYOR,RG,1895,3,D,YP,KZ,F
09:01:21,MYOR,RG,1895,2,D,XC,KZ,F
09:01:21,MYOR,RG,1900,1,D,XL,CC,F
09:01:21,MYOR,RG,1900,1,D,AK,CC,F
09:01:21,MYOR,RG,1900,16,D,YP,CC,F
09:00:17,MYOR,RG,1895,2,D,XC,KZ,F
09:00:17,MYOR,RG,1905,1,D,AK,PD,D
09:00:16,MYOR,RG,1895,2,D,XC,XC,D
09:00:16,MYOR,RG,1890,3,D,PD,KZ,F
09:00:16,MYOR,RG,1890,1,D,ZP,KZ,F
09:00:16,MYOR,RG,1895,1,D,CC,XC,D
09:00:15,MYOR,RG,1900,1,D,AK,KZ,F
09:00:15,MYOR,RG,1895,7,D,CC,AK,F
09:00:14,MYOR,RG,1900,1,D,AK,KZ,F
09:00:14,MYOR,RG,1895,2,D,CC,KZ,F
09:00:14,MYOR,RG,1895,2,D,PD,KZ,F
09:00:14,MYOR,RG,1895,5,D,PD,KZ,F
09:00:10,MYOR,RG,1895,5,D,PD,CC,D
09:00:10,MYOR,RG,1900,2,D,AK,CC,D
09:00:10,MYOR,RG,1900,8,D,SQ,CC,D
09:00:07,MYOR,RG,1900,2,D,SQ,AK,F
09:00:07,MYOR,RG,1900,2,D,SQ,PD,D
09:00:07,MYOR,RG,1900,3,D,SQ,LS,D
09:00:07,MYOR,RG,1900,10,D,SQ,PD,D
09:00:06,MYOR,RG,1910,2,D,AK,GR,D
09:00:03,MYOR,RG,1900,5,D,SQ,SQ,D
09:00:03,MYOR,RG,1900,21,D,SQ,YB,D
09:00:02,MYOR,RG,1900,2,D,SQ,XL,D
09:00:02,MYOR,RG,1900,1,D,SQ,GR,D
