Time,Stock,Brd,Price,Qty,BT,BC,SC,ST
15:11:06,MYOR,RG,1900,3,F,AK,KZ,F
15:11:06,MYOR,RG,1900,10,F,AK,PD,D
15:10:01,MYOR,RG,1900,1,F,AK,KZ,F
15:10:01,MYOR,RG,1900,1,D,CC,SQ,D
15:09:45,MYOR,RG,1900,1,D,CC,KZ,F
15:09:45,MYOR,RG,1900,5,D,CC,NI,D
15:04:34,MYOR,RG,1900,1,D,EP,YB,D
15:03:21,MYOR,RG,1900,2,D,EP,KZ,F
15:03:21,MYOR,RG,1900,5,D,EP,YP,D
15:03:17,MYOR,RG,1900,12,D,EP,KZ,F
15:03:16,MYOR,RG,1900,22,D,EP,AT,D
15:03:16,MYOR,RG,1900,1,D,EP,KZ,F
15:03:16,MYOR,RG,1900,20,D,EP,BQ,D
15:03:16,MYOR,RG,1900,10,D,CC,BQ,D
15:03:16,MYOR,RG,1900,17,D,PD,BQ,D
15:02:31,MYOR,RG,1900,107,D,PD,YP,D
15:02:29,MYOR,RG,1900,200,D,PD,YP,D
15:01:47,MYOR,RG,1900,4,D,PD,PD,D
15:01:00,MYOR,RG,1900,55,D,PD,KK,D
15:01:00,MYOR,RG,1900,13,D,PD,PD,D
15:00:00,MYOR,RG,1900,1,D,PD,KZ,F
15:00:00,MYOR,RG,1900,7,D,PD,KZ,F
15:00:00,MYOR,RG,1900,28,D,PD,KZ,F
15:00:00,MYOR,RG,1900,1,D,PD,KZ,F
15:00:00,MYOR,RG,1900,5,D,PD,KZ,F
15:00:00,MYOR,RG,1900,23,D,PD,KZ,F
15:00:00,MYOR,RG,1900,99,D,PD,KZ,F
15:00:00,MYOR,RG,1900,3,D,PD,KZ,F
15:00:00,MYOR,RG,1900,12,D,PD,KZ,F
15:00:00,MYOR,RG,1900,54,D,PD,KZ,F
15:00:00,MYOR,RG,1900,22,D,PD,KZ,F
15:00:00,MYOR,RG,1900,15,D,PD,KZ,F
15:00:00,MYOR,RG,1900,63,D,PD,KZ,F
15:00:00,MYOR,RG,1900,271,D,PD,KZ,F
15:00:00,MYOR,RG,1900,2,D,EP,KZ,F
15:00:00,MYOR,RG,1900,3,D,YP,KZ,F
15:00:00,MYOR,RG,1900,5,D,YP,KZ,F
15:00:00,MYOR,RG,1900,1,D,XC,KZ,F
15:00:00,MYOR,RG,1900,9,D,XC,YU,F
15:00:00,MYOR,RG,1900,1,D,CC,YU,F
15:00:00,MYOR,RG,1900,5,D,AZ,YU,F
15:00:00,MYOR,RG,1900,2,D,YP,YU,F
15:00:00,MYOR,RG,1900,3,D,XL,YU,F
15:00:00,MYOR,RG,1900,10,D,YB,YU,F
15:00:00,MYOR,RG,1900,2,D,CC,YU,F
15:00:00,MYOR,RG,1900,10,D,PD,YU,F
15:00:00,MYOR,RG,1900,3,D,PD,YU,F
15:00:00,MYOR,RG,1900,1,D,XC,YU,F
15:00:00,MYOR,RG,1900,5,D,KK,YU,F
15:00:00,MYOR,RG,1900,10,D,YB,YU,F
15:00:00,MYOR,RG,1900,10,D,CC,YU,F
15:00:00,MYOR,RG,1900,1,D,PD,YU,F
15:00:00,MYOR,RG,1900,110,D,CC,YU,F
15:00:00,MYOR,RG,1900,50,D,NI,YU,F
15:00:00,MYOR,RG,1900,3,D,PD,YU,F
15:00:00,MYOR,RG,1900,5,D,NI,YU,F
15:00:00,MYOR,RG,1900,1,D,XL,YU,F
15:00:00,MYOR,RG,1900,16,D,XC,YU,F
15:00:00,MYOR,RG,1900,5,D,NI,YU,F
15:00:00,MYOR,RG,1900,4,D,XC,YU,F
15:00:00,MYOR,RG,1900,7,D,YP,YU,F
15:00:00,MYOR,RG,1900,10,D,YP,YU,F
15:00:00,MYOR,RG,1900,50,D,XC,YU,F
15:00:00,MYOR,RG,1900,2,D,YB,YU,F
15:00:00,MYOR,RG,1900,10,D,YB,YU,F
15:00:00,MYOR,RG,1900,50,D,SQ,YU,F
15:00:00,MYOR,RG,1900,3,D,XL,YU,F
15:00:00,MYOR,RG,1900,2,D,PD,YU,F
15:00:00,MYOR,RG,1900,10,D,PD,YU,F
15:00:00,MYOR,RG,1900,5,D,YB,YU,F
15:00:00,MYOR,RG,1900,1,D,XC,YU,F
15:00:00,MYOR,RG,1900,1,D,NI,YU,F
15:00:00,MYOR,RG,1900,10,D,YB,YU,F
15:00:00,MYOR,RG,1900,1,D,CC,YU,F
15:00:00,MYOR,RG,1900,1,D,CC,YU,F
15:00:00,MYOR,RG,1900,1,D,YB,YU,F
15:00:00,MYOR,RG,1900,2,D,XC,YU,F
15:00:00,MYOR,RG,1900,5,D,YP,YU,F
15:00:00,MYOR,RG,1900,10,D,YB,YU,F
15:00:00,MYOR,RG,1900,7,D,XC,YU,F
15:00:00,MYOR,RG,1900,1,D,PD,YU,F
15:00:00,MYOR,RG,1900,1,D,XL,YU,F
15:00:00,MYOR,RG,1900,7,D,YP,YU,F
15:00:00,MYOR,RG,1900,42,F,CC,YU,F
15:00:00,MYOR,RG,1900,3,D,NI,YU,F
15:00:00,MYOR,RG,1900,5,D,XC,YU,F
15:00:00,MYOR,RG,1900,1,D,KK,YU,F
15:00:00,MYOR,RG,1900,15,D,CC,YU,F
15:00:00,MYOR,RG,1900,15,D,CC,YU,F
15:00:00,MYOR,RG,1900,2,D,PD,YU,F
15:00:00,MYOR,RG,1900,5,D,DR,YU,F
15:00:00,MYOR,RG,1900,5,D,YP,YU,F
15:00:00,MYOR,RG,1900,1,D,PD,YU,F
15:00:00,MYOR,RG,1900,1,D,KK,YU,F
15:00:00,MYOR,RG,1900,580,D,PD,YU,F
15:00:00,MYOR,RG,1900,159,D,PD,KZ,F
15:00:00,MYOR,RG,1900,125,D,PD,DX,D
15:00:00,MYOR,RG,1900,136,D,PD,BK,F
15:00:00,MYOR,RG,1900,5,D,EP,BK,F
15:00:00,MYOR,RG,1900,20,D,PD,BK,F
15:00:00,MYOR,RG,1900,30,D,PD,BK,F
15:00:00,MYOR,RG,1900,10,D,EP,BK,F
15:00:00,MYOR,RG,1900,10,D,PD,BK,F
15:00:00,MYOR,RG,1900,2,D,EP,BK,F
15:00:00,MYOR,RG,1900,5,D,XC,BK,F
15:00:00,MYOR,RG,1900,5,D,YP,BK,F
15:00:00,MYOR,RG,1900,10,D,XC,BK,F
15:00:00,MYOR,RG,1900,10,D,SQ,BK,F
15:00:00,MYOR,RG,1900,1,D,CC,BK,F
15:00:00,MYOR,RG,1900,5,D,AZ,BK,F
15:00:00,MYOR,RG,1900,3,D,XL,BK,F
15:00:00,MYOR,RG,1900,2,D,PD,BK,F
15:00:00,MYOR,RG,1900,10,D,YB,BK,F
15:00:00,MYOR,RG,1900,2,D,NI,BK,F
15:00:00,MYOR,RG,1900,3,D,YP,BK,F
15:00:00,MYOR,RG,1900,2,D,YB,BK,F
15:00:00,MYOR,RG,1900,1,D,CC,BK,F
15:00:00,MYOR,RG,1900,10,D,PD,BK,F
15:00:00,MYOR,RG,1900,15,D,ZP,BK,F
15:00:00,MYOR,RG,1900,1,D,PD,BK,F
15:00:00,MYOR,RG,1900,1,D,XC,BK,F
15:00:00,MYOR,RG,1900,5,D,KK,BK,F
15:00:00,MYOR,RG,1900,80,D,GR,BK,F
15:00:00,MYOR,RG,1900,3,D,XC,BK,F
15:00:00,MYOR,RG,1900,298,D,CC,BK,F
15:00:00,MYOR,RG,1900,2,D,PD,BK,F
15:00:00,MYOR,RG,1900,10,D,BQ,BK,F
15:00:00,MYOR,RG,1900,100,D,SQ,BK,F
15:00:00,MYOR,RG,1900,6,D,XL,BK,F
15:00:00,MYOR,RG,1900,23,F,AK,BK,F
15:00:00,MYOR,RG,1900,3,F,RX,BK,F
15:00:00,MYOR,RG,1900,440,F,RX,IF,D
15:00:00,MYOR,RG,1900,56,F,RX,AK,F
15:00:00,MYOR,RG,1900,4,F,RX,AK,F
15:00:00,MYOR,RG,1900,81,F,RX,AK,F
14:49:51,MYOR,RG,1905,2,D,CC,AK,F
14:49:51,MYOR,RG,1905,2,D,CC,AK,F
14:49:16,MYOR,RG,1905,8,D,CC,BK,F
14:49:15,MYOR,RG,1905,43,D,CC,KZ,F
14:49:14,MYOR,RG,1905,140,D,CC,BK,F
14:49:13,MYOR,RG,1905,7,D,CC,KZ,F
14:49:13,MYOR,RG,1905,1,D,NI,KZ,F
14:49:13,MYOR,RG,1910,25,F,AK,XC,D
14:49:09,MYOR,RG,1910,5,F,AK,KZ,F
14:49:09,MYOR,RG,1910,1,D,KK,KZ,F
14:49:09,MYOR,RG,1925,1,D,BB,BK,F
14:49:08,MYOR,RG,1925,9,D,IF,BK,F
14:49:07,MYOR,RG,1930,2,F,RX,EP,D
14:49:06,MYOR,RG,1925,587,D,IF,KZ,F
14:49:04,MYOR,RG,1925,760,D,IF,AK,F
14:49:04,MYOR,RG,1925,705,D,IF,YU,F
14:49:04,MYOR,RG,1925,143,D,IF,KZ,F
14:49:04,MYOR,RG,1920,7,D,IF,AK,F
14:49:04,MYOR,RG,1915,45,D,IF,BK,F
14:49:04,MYOR,RG,1915,18,D,IF,NI,D
14:49:04,MYOR,RG,1910,3,F,RX,AK,D
14:49:04,MYOR,RG,1910,10,F,RX,AK,D
14:49:03,MYOR,RG,1910,2,F,RX,KZ,F
14:49:03,MYOR,RG,1910,9,F,RX,BK,F
14:49:00,MYOR,RG,1910,15,F,RX,KZ,F
14:49:00,MYOR,RG,1915,2,D,NI,NI,D
14:49:00,MYOR,RG,1910,15,F,RX,AK,D
14:49:00,MYOR,RG,1910,10,F,RX,AK,D
14:49:00,MYOR,RG,1910,13,F,RX,AK,D
14:48:59,MYOR,RG,1910,5,F,RX,AK,D
14:48:58,MYOR,RG,1910,10,F,RX,KZ,F
14:48:57,MYOR,RG,1910,21,F,RX,BK,F
14:48:57,MYOR,RG,1910,9,D,AI,BK,F
14:48:56,MYOR,RG,1910,12,D,AI,KZ,F
14:48:56,MYOR,RG,1910,50,D,AI,XC,D
14:48:54,MYOR,RG,1910,127,D,AI,KZ,F
14:48:53,MYOR,RG,1910,80,D,AI,AK,D
14:48:53,MYOR,RG,1910,11,D,AI,AK,D
14:48:52,MYOR,RG,1910,111,D,AI,AK,D
14:48:52,MYOR,RG,1910,5,D,YP,AK,D
14:48:52,MYOR,RG,1910,4,D,XC,AK,D
14:48:52,MYOR,RG,1910,4,D,PD,AK,D
14:48:52,MYOR,RG,1910,1,D,NI,AK,D
14:48:52,MYOR,RG,1910,2,D,EP,AK,D
14:48:52,MYOR,RG,1910,5,D,YP,AK,D
14:48:52,MYOR,RG,1910,1,D,CC,AK,D
14:48:52,MYOR,RG,1910,1,D,XC,AK,D
14:48:52,MYOR,RG,1910,10,D,CC,AK,D
14:48:52,MYOR,RG,1910,1,D,CC,AK,D
14:48:52,MYOR,RG,1910,6,D,EP,AK,D
14:48:52,MYOR,RG,1910,2,D,YB,AK,D
14:48:52,MYOR,RG,1910,10,D,PD,AK,D
14:48:52,MYOR,RG,1910,10,D,PD,AK,D
14:48:52,MYOR,RG,1910,50,D,DR,AK,D
14:48:52,MYOR,RG,1910,10,D,DR,AK,D
14:48:52,MYOR,RG,1910,5,D,YP,AK,D
14:48:52,MYOR,RG,1910,5,D,DR,AK,D
14:48:52,MYOR,RG,1910,1,D,XC,AK,D
14:48:52,MYOR,RG,1910,2,D,PD,AK,D
14:48:52,MYOR,RG,1910,14,D,PD,AK,D
14:48:52,MYOR,RG,1910,1,D,PD,AK,D
14:48:52,MYOR,RG,1910,2,D,YP,AK,D
14:48:52,MYOR,RG,1910,1,D,YP,AK,D
14:48:52,MYOR,RG,1910,7,D,PD,AK,D
14:48:52,MYOR,RG,1910,2,D,PD,AK,D
14:48:52,MYOR,RG,1910,8,D,PD,KZ,F
14:48:52,MYOR,RG,1910,4,D,ZP,KZ,F
14:48:50,MYOR,RG,1915,5,F,AK,KZ,F
14:48:50,MYOR,RG,1915,1,D,KK,KZ,F
14:48:49,MYOR,RG,1920,20,F,RX,AK,D
14:48:49,MYOR,RG,1920,9,F,RX,AK,D
14:48:49,MYOR,RG,1920,18,F,RX,AK,D
14:48:49,MYOR,RG,1920,2,F,RX,AK,D
14:48:40,MYOR,RG,1915,2,F,RX,KZ,F
14:48:37,MYOR,RG,1920,32,F,RX,KZ,F
14:48:35,MYOR,RG,1920,12,F,RX,KZ,F
14:48:32,MYOR,RG,1920,5,F,RX,KZ,F
14:48:30,MYOR,RG,1925,9,F,AK,KZ,F
14:48:30,MYOR,RG,1925,557,D,IF,KZ,F
14:48:28,MYOR,RG,1925,17,D,IF,KZ,F
14:48:28,MYOR,RG,1925,11,D,IF,AK,F
14:48:28,MYOR,RG,1925,6,D,IF,YU,F
14:48:28,MYOR,RG,1925,2,D,IF,EP,D
14:48:28,MYOR,RG,1925,1,D,IF,CC,D
14:48:28,MYOR,RG,1925,1,D,IF,YP,D
14:48:28,MYOR,RG,1925,770,D,IF,AK,F
14:48:28,MYOR,RG,1925,5,D,IF,CC,D
14:48:28,MYOR,RG,1925,30,D,IF,DR,D
14:48:28,MYOR,RG,1925,500,D,IF,DR,D
14:48:28,MYOR,RG,1925,37,D,IF,KZ,F
14:48:28,MYOR,RG,1925,1,D,IF,PD,D
14:48:28,MYOR,RG,1925,16,D,IF,KZ,F
14:48:28,MYOR,RG,1925,33,D,IF,AK,F
14:48:28,MYOR,RG,1925,57,D,IF,KZ,F
14:48:28,MYOR,RG,1925,1,D,IF,NI,D
14:48:28,MYOR,RG,1920,33,D,IF,AK,D
14:48:28,MYOR,RG,1920,33,D,IF,AK,D
14:48:28,MYOR,RG,1920,21,D,IF,AK,D
14:48:28,MYOR,RG,1920,102,D,IF,AK,D
14:48:28,MYOR,RG,1920,40,D,IF,YU,F
14:48:20,MYOR,RG,1915,5,F,RX,KZ,F
14:48:19,MYOR,RG,1915,4,F,RX,KZ,F
14:48:19,MYOR,RG,1915,6,D,KK,KZ,F
14:48:18,MYOR,RG,1915,4,D,KK,PD,D
14:48:18,MYOR,RG,1915,3,D,PD,PD,D
14:48:18,MYOR,RG,1915,10,D,SQ,PD,D
14:48:18,MYOR,RG,1915,13,D,YB,PD,D
14:48:17,MYOR,RG,1915,12,D,YB,KZ,F
14:48:17,MYOR,RG,1915,2,D,DH,KZ,F
14:48:15,MYOR,RG,1920,1,D,BQ,KZ,F
14:48:15,MYOR,RG,1920,23,D,BQ,AK,F
14:48:15,MYOR,RG,1920,11,D,BQ,AK,F
14:48:15,MYOR,RG,1920,14,D,BQ,AK,F
14:48:02,MYOR,RG,1920,30,D,BQ,KZ,F
14:48:00,MYOR,RG,1920,13,D,BQ,KZ,F
14:48:00,MYOR,RG,1920,69,D,BQ,YU,D
14:48:00,MYOR,RG,1920,31,F,RX,YU,D
14:47:54,MYOR,RG,1920,16,F,RX,KZ,F
14:47:49,MYOR,RG,1920,10,F,RX,KZ,F
14:47:49,MYOR,RG,1920,7,F,RX,KZ,F
14:47:47,MYOR,RG,1920,40,F,RX,YU,F
14:47:46,MYOR,RG,1920,22,F,RX,KZ,F
14:47:46,MYOR,RG,1920,147,D,BB,KZ,F
14:47:44,MYOR,RG,1920,216,D,BB,AK,D
14:47:44,MYOR,RG,1920,91,D,DH,AK,D
14:47:44,MYOR,RG,1920,88,D,IF,AK,D
14:47:44,MYOR,RG,1920,12,D,IF,KZ,F
14:47:44,MYOR,RG,1920,15,D,IF,KZ,F
14:47:44,MYOR,RG,1920,3,D,IF,KZ,F
14:47:40,MYOR,RG,1920,31,D,IF,YU,F
14:47:40,MYOR,RG,1920,78,D,IF,KZ,F
14:47:40,MYOR,RG,1925,10,F,RX,AK,D
14:47:39,MYOR,RG,1920,121,D,IF,AK,D
14:47:38,MYOR,RG,1925,29,F,RX,AK,D
14:47:38,MYOR,RG,1925,10,F,RX,PD,D
14:47:38,MYOR,RG,1925,17,F,RX,AK,F
14:47:34,MYOR,RG,1920,2,D,IF,KZ,F
14:47:33,MYOR,RG,1925,6,D,PD,AK,F
14:47:33,MYOR,RG,1920,42,D,IF,YU,F
14:47:19,MYOR,RG,1925,9,F,RX,AK,F
14:47:17,MYOR,RG,1925,8,F,RX,AK,F
14:47:17,MYOR,RG,1925,45,F,RX,KZ,F
14:47:15,MYOR,RG,1920,19,D,IF,AK,F
14:46:59,MYOR,RG,1925,9,F,RX,KZ,F
14:46:57,MYOR,RG,1925,26,F,RX,KZ,F
14:46:49,MYOR,RG,1920,180,D,IF,KZ,F
14:46:49,MYOR,RG,1920,9,D,IF,KZ,F
14:46:49,MYOR,RG,1920,50,D,IF,KZ,F
14:46:49,MYOR,RG,1920,236,D,IF,KZ,F
14:46:48,MYOR,RG,1925,7,F,RX,KZ,F
14:46:47,MYOR,RG,1920,26,D,IF,AK,F
14:46:46,MYOR,RG,1920,129,D,IF,AK,D
14:46:46,MYOR,RG,1920,394,D,IF,AK,D
14:46:46,MYOR,RG,1925,109,F,RX,KZ,F
14:46:44,MYOR,RG,1920,18,D,IF,KZ,F
14:46:44,MYOR,RG,1920,1,D,IF,KZ,F
14:46:10,MYOR,RG,1925,29,F,RX,KZ,F
14:46:07,MYOR,RG,1920,2,D,IF,XC,D
14:46:07,MYOR,RG,1920,40,D,IF,YU,F
14:46:01,MYOR,RG,1925,29,F,RX,KZ,F
14:46:01,MYOR,RG,1925,4,F,RX,KZ,F
14:45:49,MYOR,RG,1920,137,D,IF,AK,D
14:45:49,MYOR,RG,1920,420,D,IF,AK,D
14:44:49,MYOR,RG,1925,25,D,PD,KZ,F
14:44:49,MYOR,RG,1925,12,D,BQ,KZ,F
14:44:49,MYOR,RG,1925,37,D,NI,KZ,F
14:44:49,MYOR,RG,1925,3,D,NI,AK,D
14:44:49,MYOR,RG,1925,6,D,BQ,AK,D
14:44:49,MYOR,RG,1925,63,D,BQ,AK,D
14:44:49,MYOR,RG,1925,11,D,XC,AK,D
14:44:49,MYOR,RG,1925,5,D,XC,AK,D
14:44:49,MYOR,RG,1925,48,D,BB,AK,D
14:44:49,MYOR,RG,1925,26,D,BB,AK,D
14:44:49,MYOR,RG,1925,20,D,XC,AK,D
14:44:49,MYOR,RG,1925,1,D,PD,AK,D
14:44:49,MYOR,RG,1925,353,D,BB,AK,D
14:44:49,MYOR,RG,1925,5,D,YP,AK,D
14:44:49,MYOR,RG,1925,10,D,AZ,AK,D
14:44:39,MYOR,RG,1930,35,D,CC,YU,F
14:44:39,MYOR,RG,1930,30,D,CC,AK,F
14:44:39,MYOR,RG,1930,3,D,CC,XL,D
14:44:39,MYOR,RG,1930,2,D,CC,LG,D
14:44:39,MYOR,RG,1930,31,D,CC,AK,F
14:44:39,MYOR,RG,1930,1,D,CC,PD,D
14:44:39,MYOR,RG,1930,6,D,CC,XC,D
14:44:39,MYOR,RG,1930,4,D,CC,AK,F
14:44:39,MYOR,RG,1930,31,D,CC,AK,F
14:44:39,MYOR,RG,1930,2,D,CC,EP,D
14:44:39,MYOR,RG,1930,4,D,CC,DR,D
14:44:39,MYOR,RG,1930,1,D,CC,XC,D
14:44:39,MYOR,RG,1930,32,D,CC,KK,D
14:44:39,MYOR,RG,1930,1,D,CC,XC,D
14:44:39,MYOR,RG,1930,2,D,CC,XL,D
14:44:39,MYOR,RG,1930,1,D,CC,YP,D
14:44:39,MYOR,RG,1930,1,D,CC,CC,D
14:44:08,MYOR,RG,1930,3,D,PD,CC,D
14:43:51,MYOR,RG,1925,2,D,AZ,XC,D
14:43:49,MYOR,RG,1925,28,D,AZ,AK,D
14:43:49,MYOR,RG,1925,116,D,IF,AK,D
14:43:49,MYOR,RG,1925,441,D,IF,AK,D
14:43:38,MYOR,RG,1925,21,D,IF,DR,D
14:43:30,MYOR,RG,1925,43,D,IF,AK,F
14:43:17,MYOR,RG,1930,1,D,LG,CC,D
14:43:17,MYOR,RG,1930,2,D,LG,XL,D
14:43:17,MYOR,RG,1930,54,D,LG,YU,F
14:43:17,MYOR,RG,1930,51,D,LG,EP,D
14:43:17,MYOR,RG,1930,1,D,LG,XL,D
14:43:17,MYOR,RG,1930,3,D,LG,DR,D
14:43:17,MYOR,RG,1930,17,D,LG,NI,D
14:43:17,MYOR,RG,1930,1,D,LG,YP,D
14:43:17,MYOR,RG,1930,1,D,LG,YP,D
14:43:17,MYOR,RG,1930,50,D,LG,YP,D
14:43:17,MYOR,RG,1930,1,D,LG,XC,D
14:43:17,MYOR,RG,1930,2,D,LG,NI,D
14:43:17,MYOR,RG,1930,2,D,LG,XC,D
14:43:17,MYOR,RG,1930,434,D,LG,KZ,F
14:43:17,MYOR,RG,1925,1,D,IF,DH,D
14:43:16,MYOR,RG,1925,1,D,IF,KZ,F
14:43:16,MYOR,RG,1925,3,D,IF,XC,D
14:43:15,MYOR,RG,1925,2,D,IF,KZ,F
14:43:15,MYOR,RG,1925,3,D,IF,AZ,D
14:43:04,MYOR,RG,1925,21,D,IF,KZ,F
14:43:04,MYOR,RG,1925,45,D,IF,PD,D
14:42:50,MYOR,RG,1925,41,D,IF,KZ,F
14:42:49,MYOR,RG,1925,90,D,IF,PD,D
14:42:48,MYOR,RG,1925,205,D,IF,KZ,F
14:42:46,MYOR,RG,1925,109,D,IF,AK,F
14:42:46,MYOR,RG,1925,165,D,GR,AK,F
14:42:46,MYOR,RG,1925,103,D,GR,KZ,F
14:42:46,MYOR,RG,1925,164,D,GR,AK,D
14:42:46,MYOR,RG,1925,279,D,GR,AK,D
14:42:46,MYOR,RG,1925,220,D,AI,AK,D
14:42:45,MYOR,RG,1925,20,D,AI,KK,D
14:42:29,MYOR,RG,1925,2,D,AI,YP,D
14:42:19,MYOR,RG,1925,2,D,AI,YP,D
14:42:15,MYOR,RG,1925,43,D,AI,AK,F
14:42:00,MYOR,RG,1925,1,D,AI,XC,D
14:41:51,MYOR,RG,1925,20,D,AI,PD,D
14:41:49,MYOR,RG,1925,1,D,AI,YP,D
14:41:49,MYOR,RG,1930,181,D,PP,KZ,F
14:41:36,MYOR,RG,1925,81,D,AI,KZ,F
14:41:34,MYOR,RG,1925,110,D,AI,KZ,F
14:41:34,MYOR,RG,1925,64,D,DH,KZ,F
14:41:34,MYOR,RG,1925,26,D,DH,AK,D
14:41:34,MYOR,RG,1925,146,D,BB,AK,D
14:41:34,MYOR,RG,1925,528,D,BB,AK,D
14:41:21,MYOR,RG,1930,12,D,BQ,KZ,F
14:41:19,MYOR,RG,1930,4,D,BQ,KZ,F
14:41:17,MYOR,RG,1930,61,D,BQ,KZ,F
14:40:48,MYOR,RG,1925,2,D,BB,KZ,F
14:40:46,MYOR,RG,1925,8,D,BB,KZ,F
14:40:46,MYOR,RG,1925,3,D,BB,XL,D
14:40:46,MYOR,RG,1925,17,D,YB,XL,D
14:40:22,MYOR,RG,1925,8,D,YB,KZ,F
14:40:22,MYOR,RG,1925,20,D,YB,ZP,D
14:40:19,MYOR,RG,1925,55,D,YB,KZ,F
14:40:19,MYOR,RG,1925,183,D,IF,KZ,F
14:40:18,MYOR,RG,1925,170,D,IF,AK,D
14:40:18,MYOR,RG,1925,147,D,IF,AK,D
14:40:18,MYOR,RG,1925,353,D,BB,AK,D
14:40:18,MYOR,RG,1925,19,D,IF,AK,D
14:40:17,MYOR,RG,1930,90,D,DH,KZ,F
14:39:55,MYOR,RG,1925,94,D,IF,KZ,F
14:39:54,MYOR,RG,1925,200,D,IF,EP,D
14:39:29,MYOR,RG,1925,5,D,IF,KZ,F
14:39:29,MYOR,RG,1925,9,D,IF,XC,D
14:39:26,MYOR,RG,1925,4,D,IF,KZ,F
14:39:26,MYOR,RG,1925,10,D,IF,YP,D
14:39:19,MYOR,RG,1925,1,D,IF,KZ,F
14:39:19,MYOR,RG,1925,1,D,IF,PD,D
14:39:15,MYOR,RG,1925,1,D,IF,YP,D
14:39:06,MYOR,RG,1925,84,D,IF,KZ,F
14:39:04,MYOR,RG,1925,257,D,IF,KZ,F
14:39:04,MYOR,RG,1925,179,D,IF,AK,D
14:39:04,MYOR,RG,1925,546,D,IF,AK,D
14:38:50,MYOR,RG,1925,2,D,IF,XL,D
14:38:34,MYOR,RG,1925,40,D,IF,KZ,F
14:38:34,MYOR,RG,1925,1,D,IF,KZ,F
14:38:31,MYOR,RG,1925,223,D,IF,KZ,F
14:38:29,MYOR,RG,1925,12,D,IF,KZ,F
14:38:29,MYOR,RG,1925,248,D,IF,DR,D
14:38:29,MYOR,RG,1925,226,D,PP,DR,D
14:38:29,MYOR,RG,1925,26,D,CC,DR,D
14:38:14,MYOR,RG,1925,14,D,CC,KZ,F
14:38:14,MYOR,RG,1925,30,D,CC,DR,D
14:38:07,MYOR,RG,1925,12,D,CC,KZ,F
14:38:07,MYOR,RG,1925,26,D,CC,YB,D
14:37:19,MYOR,RG,1925,3,D,CC,AK,D
14:37:19,MYOR,RG,1925,93,D,CC,AK,D
14:37:19,MYOR,RG,1925,9,D,BB,AK,D
14:37:19,MYOR,RG,1925,159,D,BB,AK,D
14:37:19,MYOR,RG,1925,163,D,IF,AK,D
14:36:53,MYOR,RG,1930,448,D,PD,KZ,F
14:36:53,MYOR,RG,1930,15,D,PD,YP,D
14:36:53,MYOR,RG,1930,2,D,PD,YP,D
14:36:53,MYOR,RG,1930,8,D,PD,XC,D
14:36:53,MYOR,RG,1930,2,D,PD,PD,D
14:36:53,MYOR,RG,1930,4,D,PD,PD,D
14:36:53,MYOR,RG,1930,2,D,PD,YP,D
14:36:53,MYOR,RG,1930,5,D,PD,IF,D
14:36:53,MYOR,RG,1930,1,D,PD,YP,D
14:36:53,MYOR,RG,1930,2,D,PD,XL,D
14:36:53,MYOR,RG,1930,10,D,PD,PD,D
14:36:53,MYOR,RG,1930,1,D,PD,YP,D
14:36:53,MYOR,RG,1930,50,D,PD,OD,D
14:36:53,MYOR,RG,1930,2,D,PD,XC,D
14:36:53,MYOR,RG,1930,1,D,PD,PD,D
14:36:53,MYOR,RG,1930,1,D,PD,PD,D
14:36:53,MYOR,RG,1930,1,D,PD,YP,D
14:36:53,MYOR,RG,1930,10,D,PD,XC,D
14:36:53,MYOR,RG,1930,1,D,PD,KK,D
14:36:53,MYOR,RG,1930,30,D,PD,XL,D
14:36:53,MYOR,RG,1930,5,D,PD,XC,D
14:36:53,MYOR,RG,1930,21,D,PD,AZ,D
14:36:53,MYOR,RG,1930,7,D,PD,SQ,D
14:36:53,MYOR,RG,1930,1,D,PD,YP,D
14:36:53,MYOR,RG,1930,3,D,PD,PD,D
14:36:53,MYOR,RG,1930,5,D,PD,YP,D
14:36:53,MYOR,RG,1930,15,D,PD,AZ,D
14:36:53,MYOR,RG,1930,1,D,PD,XC,D
14:36:53,MYOR,RG,1930,50,D,PD,XL,D
14:36:53,MYOR,RG,1930,5,D,PD,XC,D
14:36:53,MYOR,RG,1930,100,D,PD,DX,D
14:36:53,MYOR,RG,1930,1,D,PD,XC,D
14:36:53,MYOR,RG,1930,2,D,PD,YU,D
14:36:53,MYOR,RG,1930,13,D,PD,PD,D
14:36:53,MYOR,RG,1930,27,D,PD,YP,D
14:36:53,MYOR,RG,1930,3,D,PD,XC,D
14:36:53,MYOR,RG,1930,145,D,PD,YP,D
14:36:48,MYOR,RG,1925,53,D,IF,KZ,F
14:36:48,MYOR,RG,1925,36,D,IF,YP,D
14:36:25,MYOR,RG,1930,25,D,XC,YP,D
14:36:20,MYOR,RG,1930,49,D,BB,YP,D
14:36:20,MYOR,RG,1925,52,D,IF,KZ,F
14:36:19,MYOR,RG,1925,5,D,IF,XC,D
14:36:01,MYOR,RG,1930,81,D,BB,YP,D
14:36:01,MYOR,RG,1930,5,D,BB,XC,D
14:36:01,MYOR,RG,1930,10,D,BB,KK,D
14:36:01,MYOR,RG,1930,2,D,BB,XL,D
14:36:01,MYOR,RG,1930,16,D,BB,XC,D
14:36:01,MYOR,RG,1930,1,D,BB,PD,D
14:36:01,MYOR,RG,1930,4,D,BB,XC,D
14:36:01,MYOR,RG,1925,425,D,IF,KZ,F
14:36:01,MYOR,RG,1925,75,D,IF,NI,D
14:35:47,MYOR,RG,1930,33,D,BB,XC,D
14:35:47,MYOR,RG,1930,388,D,IF,XC,D
14:35:47,MYOR,RG,1930,20,D,IF,PD,D
14:35:47,MYOR,RG,1930,1,D,IF,PD,D
14:35:47,MYOR,RG,1930,25,D,IF,PD,D
14:35:47,MYOR,RG,1930,66,D,IF,AI,D
14:35:19,MYOR,RG,1930,90,D,DH,AI,D
14:35:19,MYOR,RG,1930,34,D,BB,AI,D
14:35:05,MYOR,RG,1930,100,D,PD,AI,D
14:34:57,MYOR,RG,1925,12,D,IF,KZ,F
14:34:55,MYOR,RG,1925,1,D,IF,OD,D
14:34:55,MYOR,RG,1930,6,D,BB,AI,D
14:34:42,MYOR,RG,1930,17,D,BB,AI,D
14:34:37,MYOR,RG,1925,2,D,IF,KZ,F
14:34:37,MYOR,RG,1925,3,D,IF,OD,D
14:34:33,MYOR,RG,1925,34,D,IF,KZ,F
14:34:32,MYOR,RG,1925,12,D,IF,YP,D
14:34:31,MYOR,RG,1930,14,D,BB,AI,D
14:34:09,MYOR,RG,1930,42,D,BB,AI,D
14:33:39,MYOR,RG,1925,2,D,IF,KZ,F
14:33:37,MYOR,RG,1925,114,D,IF,KZ,F
14:33:37,MYOR,RG,1930,10,D,BB,AI,D
14:33:37,MYOR,RG,1925,2,D,IF,OD,D
14:33:20,MYOR,RG,1930,21,D,BB,AI,D
14:33:20,MYOR,RG,1930,3,D,BB,PD,D
14:33:20,MYOR,RG,1930,17,D,BB,MK,D
14:33:09,MYOR,RG,1930,24,D,BQ,MK,D
14:33:06,MYOR,RG,1930,11,D,BQ,MK,D
14:33:04,MYOR,RG,1930,17,D,BB,MK,D
14:33:04,MYOR,RG,1930,126,D,BQ,MK,D
14:32:41,MYOR,RG,1925,3,D,IF,KZ,F
14:32:39,MYOR,RG,1925,7,D,IF,KZ,F
14:32:39,MYOR,RG,1930,6,D,BB,MK,D
14:32:39,MYOR,RG,1925,3,D,IF,OD,D
14:32:36,MYOR,RG,1930,7,D,BB,MK,D
14:32:16,MYOR,RG,1930,12,D,BB,MK,D
14:31:43,MYOR,RG,1925,3,D,IF,OD,D
14:31:41,MYOR,RG,1925,126,D,IF,KZ,F
14:31:41,MYOR,RG,1925,1,D,IF,XL,D
14:31:29,MYOR,RG,1930,226,D,PP,MK,D
14:31:27,MYOR,RG,1930,10,D,YP,MK,D
14:30:43,MYOR,RG,1930,29,D,BB,MK,D
14:30:41,MYOR,RG,1925,1,D,BB,YP,D
14:30:41,MYOR,RG,1925,2,D,BB,OD,D
14:30:41,MYOR,RG,1925,4,D,BB,KZ,F
14:30:31,MYOR,RG,1925,21,D,BB,KZ,F
14:30:31,MYOR,RG,1925,5,D,BB,XC,D
14:30:31,MYOR,RG,1925,3,D,BB,XC,D
14:30:31,MYOR,RG,1925,5,D,BB,KZ,F
14:30:31,MYOR,RG,1925,181,D,BB,KZ,F
14:29:50,MYOR,RG,1925,16,D,DH,KZ,F
14:29:50,MYOR,RG,1925,1,D,DH,XC,D
14:29:50,MYOR,RG,1925,38,D,DH,KZ,F
14:29:50,MYOR,RG,1925,5,D,DH,XL,D
14:29:50,MYOR,RG,1925,30,D,DH,CC,D
14:29:41,MYOR,RG,1920,2,D,IF,OD,D
14:29:21,MYOR,RG,1925,20,D,KK,CC,D
14:28:51,MYOR,RG,1925,47,D,BQ,CC,D
14:28:34,MYOR,RG,1925,53,D,YU,CC,D
14:28:34,MYOR,RG,1925,3,D,YU,DR,D
14:28:34,MYOR,RG,1925,20,D,YU,NI,D
14:28:34,MYOR,RG,1925,1,D,YU,CC,D
14:28:34,MYOR,RG,1925,45,D,YU,KZ,F
14:28:34,MYOR,RG,1925,78,D,YU,YU,F
14:28:21,MYOR,RG,1920,10,D,IF,AZ,D
14:28:17,MYOR,RG,1920,32,D,IF,AK,F
14:28:17,MYOR,RG,1920,19,D,IF,EP,D
14:28:17,MYOR,RG,1920,1,D,IF,XC,D
14:28:17,MYOR,RG,1920,85,D,IF,KZ,F
14:28:17,MYOR,RG,1920,3,D,IF,OD,D
14:28:17,MYOR,RG,1920,126,D,IF,KZ,F
14:28:17,MYOR,RG,1920,89,D,IF,AK,F
14:28:17,MYOR,RG,1920,45,D,IF,KZ,F
14:28:17,MYOR,RG,1920,92,D,IF,KZ,F
14:28:17,MYOR,RG,1920,317,D,IF,AK,D
14:27:56,MYOR,RG,1920,200,D,IF,AK,D
14:27:42,MYOR,RG,1920,158,D,LG,AK,D
14:27:19,MYOR,RG,1920,2,D,XA,AK,D
14:27:19,MYOR,RG,1920,11,D,IF,AK,D
14:27:19,MYOR,RG,1920,89,D,IF,AK,D
14:27:19,MYOR,RG,1920,34,D,BB,AK,D
14:27:19,MYOR,RG,1920,104,D,PP,AK,D
14:27:03,MYOR,RG,1925,41,D,BB,YU,F
14:27:03,MYOR,RG,1925,22,D,BB,AK,F
14:27:03,MYOR,RG,1925,15,D,BB,NI,D
14:27:03,MYOR,RG,1925,22,D,BB,AK,F
14:26:52,MYOR,RG,1920,3,D,PP,OD,D
14:26:52,MYOR,RG,1920,1,D,PP,KZ,F
14:26:52,MYOR,RG,1920,2,D,PP,XC,D
14:26:52,MYOR,RG,1920,100,D,PP,OD,D
14:26:52,MYOR,RG,1920,5,D,PP,KZ,F
14:26:52,MYOR,RG,1920,11,D,PP,KZ,F
14:26:47,MYOR,RG,1915,2,D,PP,OD,D
14:26:46,MYOR,RG,1915,1,D,PP,CC,D
14:25:47,MYOR,RG,1920,10,D,YP,KZ,F
14:25:34,MYOR,RG,1920,3,D,XC,KZ,F
14:25:34,MYOR,RG,1920,2,D,XC,KZ,F
14:25:34,MYOR,RG,1920,5,D,XC,KZ,F
14:25:34,MYOR,RG,1920,3,D,XC,OD,D
14:25:34,MYOR,RG,1920,4,D,XC,KZ,F
14:25:34,MYOR,RG,1920,1,D,XC,KZ,F
14:25:34,MYOR,RG,1920,7,D,XC,DX,D
14:25:17,MYOR,RG,1920,7,F,AK,DX,D
14:25:17,MYOR,RG,1920,36,D,IF,DX,D
14:25:17,MYOR,RG,1920,14,D,IF,AK,F
14:24:53,MYOR,RG,1920,4,D,BB,AK,F
14:24:51,MYOR,RG,1920,1,D,BB,AK,F
14:24:51,MYOR,RG,1920,10,D,BB,AK,F
14:24:21,MYOR,RG,1920,9,D,BB,AK,F
14:24:08,MYOR,RG,1915,3,D,PP,OD,D
14:24:08,MYOR,RG,1915,1,D,PP,KZ,F
14:24:08,MYOR,RG,1915,2,D,PP,SS,D
14:24:08,MYOR,RG,1915,1,D,PP,KZ,F
14:24:08,MYOR,RG,1915,2,D,PP,KZ,F
14:24:08,MYOR,RG,1915,1,D,PP,KZ,F
14:24:08,MYOR,RG,1915,1,D,PP,KZ,F
14:24:08,MYOR,RG,1915,12,D,PP,KZ,F
14:23:45,MYOR,RG,1910,2,D,ZP,OD,D
14:23:40,MYOR,RG,1915,1,F,AK,KZ,F
14:23:40,MYOR,RG,1915,12,F,AK,KZ,F
14:23:29,MYOR,RG,1910,2,D,ZP,XC,D
14:23:10,MYOR,RG,1910,5,D,ZP,XC,D
14:22:47,MYOR,RG,1910,2,D,ZP,OD,D
14:22:47,MYOR,RG,1910,1,D,PD,OD,D
14:22:32,MYOR,RG,1915,1,D,KK,KZ,F
14:22:04,MYOR,RG,1915,7,D,BB,KZ,F
14:21:47,MYOR,RG,1915,2,D,BB,OD,D
14:21:44,MYOR,RG,1915,2,D,BB,XA,D
14:21:39,MYOR,RG,1915,125,D,BB,XC,D
14:21:14,MYOR,RG,1915,1,D,BB,KZ,F
14:21:14,MYOR,RG,1915,1,D,BB,KZ,F
14:21:09,MYOR,RG,1915,5,D,BB,PD,D
14:21:09,MYOR,RG,1915,10,D,AZ,PD,D
14:21:09,MYOR,RG,1915,1,D,NI,PD,D
14:21:09,MYOR,RG,1915,9,D,YU,PD,D
14:20:54,MYOR,RG,1915,1,D,YU,KZ,F
14:20:54,MYOR,RG,1915,1,D,YU,KZ,F
14:20:54,MYOR,RG,1915,189,D,YU,KZ,F
14:20:54,MYOR,RG,1915,158,D,LG,KZ,F
14:20:54,MYOR,RG,1915,2,D,EP,KZ,F
14:20:54,MYOR,RG,1915,24,D,BQ,KZ,F
14:20:54,MYOR,RG,1915,11,D,BQ,KZ,F
14:20:54,MYOR,RG,1915,126,D,BQ,KZ,F
14:20:54,MYOR,RG,1915,5,D,LG,KZ,F
14:20:54,MYOR,RG,1915,42,D,LG,KZ,F
14:20:54,MYOR,RG,1915,111,D,LG,KZ,F
14:20:54,MYOR,RG,1915,5,D,YP,KZ,F
14:20:54,MYOR,RG,1915,5,D,YP,KZ,F
14:20:54,MYOR,RG,1915,1,D,YP,KZ,F
14:20:49,MYOR,RG,1915,1,D,YP,KZ,F
14:20:49,MYOR,RG,1915,3,D,YP,OD,D
14:20:14,MYOR,RG,1920,4,D,BB,KZ,F
14:20:14,MYOR,RG,1920,8,D,BB,KZ,F
14:20:14,MYOR,RG,1920,29,D,BB,KZ,F
14:20:12,MYOR,RG,1920,63,D,BB,AK,D
14:20:12,MYOR,RG,1920,192,D,BB,AK,D
14:20:12,MYOR,RG,1920,3,D,DH,AK,D
14:20:12,MYOR,RG,1920,200,D,YU,AK,D
14:20:12,MYOR,RG,1920,2,D,NI,AK,D
14:20:12,MYOR,RG,1920,10,D,YP,AK,D
14:20:12,MYOR,RG,1920,425,D,GR,AK,D
14:20:12,MYOR,RG,1920,295,D,GR,AK,D
14:20:00,MYOR,RG,1925,12,D,BB,KZ,F
14:20:00,MYOR,RG,1925,6,D,BB,AK,F
14:20:00,MYOR,RG,1925,6,D,BB,AK,F
14:19:51,MYOR,RG,1920,39,D,GR,AK,F
14:19:51,MYOR,RG,1925,20,D,PD,AK,D
14:19:47,MYOR,RG,1925,6,D,BB,AK,D
14:19:47,MYOR,RG,1920,2,D,GR,OD,D
14:19:39,MYOR,RG,1925,9,D,BB,AK,D
14:19:20,MYOR,RG,1925,7,D,BB,AK,D
14:18:56,MYOR,RG,1920,10,D,GR,XC,D
14:18:49,MYOR,RG,1920,3,D,GR,OD,D
14:17:47,MYOR,RG,1920,3,D,GR,OD,D
14:17:26,MYOR,RG,1925,1,D,PD,AK,D
14:17:12,MYOR,RG,1925,261,D,BB,AK,D
14:17:12,MYOR,RG,1925,114,D,BB,AK,D
14:17:00,MYOR,RG,1925,1,D,BB,KZ,F
14:17:00,MYOR,RG,1925,1,D,BB,PD,D
14:16:49,MYOR,RG,1925,1,D,BB,XC,D
14:16:47,MYOR,RG,1925,1,D,BB,KZ,F
14:16:47,MYOR,RG,1925,3,D,BB,OD,D
14:15:43,MYOR,RG,1925,18,D,BB,KZ,F
14:15:40,MYOR,RG,1925,26,D,BB,AK,F
14:15:40,MYOR,RG,1925,2,D,BB,OD,D
14:15:40,MYOR,RG,1925,11,D,BB,KZ,F
14:15:40,MYOR,RG,1925,52,D,BB,KZ,F
14:15:40,MYOR,RG,1925,1,D,BB,YU,D
14:15:40,MYOR,RG,1925,7,D,BB,KK,D
14:15:40,MYOR,RG,1925,1,D,BB,DR,D
14:15:31,MYOR,RG,1920,1,D,GR,XC,D
14:14:51,MYOR,RG,1925,22,D,BQ,AK,F
14:14:51,MYOR,RG,1925,2,D,BQ,KZ,F
14:14:49,MYOR,RG,1925,11,D,BQ,KZ,F
14:14:46,MYOR,RG,1925,12,D,BQ,KZ,F
14:14:46,MYOR,RG,1925,1,D,BQ,OD,D
14:14:46,MYOR,RG,1925,3,D,BQ,KZ,F
14:14:46,MYOR,RG,1925,110,D,BQ,CD,D
14:13:58,MYOR,RG,1925,1,D,KZ,CD,D
14:13:58,MYOR,RG,1925,2,D,KZ,CD,D
14:13:58,MYOR,RG,1925,39,D,KZ,CD,D
14:13:58,MYOR,RG,1925,5,D,KZ,CD,D
14:13:58,MYOR,RG,1925,7,D,KZ,CD,D
14:13:58,MYOR,RG,1925,11,D,KZ,CD,D
14:13:57,MYOR,RG,1925,5,D,KZ,KZ,F
14:13:57,MYOR,RG,1925,2,D,CC,KZ,F
14:13:57,MYOR,RG,1925,15,D,CC,PD,D
14:13:51,MYOR,RG,1925,1,D,CC,KZ,F
14:13:51,MYOR,RG,1925,1,D,CC,NI,D
14:13:43,MYOR,RG,1925,1,D,CC,YP,D
14:13:34,MYOR,RG,1925,3,D,CC,KZ,F
14:13:34,MYOR,RG,1925,7,D,CC,XC,D
14:13:12,MYOR,RG,1925,87,D,CC,KZ,F
14:13:12,MYOR,RG,1925,88,D,CC,KZ,F
14:13:11,MYOR,RG,1925,41,D,KZ,NI,D
14:13:10,MYOR,RG,1925,20,D,KZ,AK,F
14:13:10,MYOR,RG,1925,2,D,KZ,OD,D
14:13:10,MYOR,RG,1925,10,D,KZ,PD,D
14:13:10,MYOR,RG,1925,8,D,KZ,YP,D
14:13:10,MYOR,RG,1925,2,D,PD,YP,D
14:13:10,MYOR,RG,1925,2,D,PD,CC,D
14:13:10,MYOR,RG,1925,9,D,PD,KZ,F
14:13:10,MYOR,RG,1925,10,D,PD,XC,D
14:13:10,MYOR,RG,1925,2,D,PD,YP,D
14:13:10,MYOR,RG,1925,19,D,PD,KZ,F
14:13:10,MYOR,RG,1925,19,D,PD,AK,F
14:13:10,MYOR,RG,1925,325,D,PD,YU,F
14:13:10,MYOR,RG,1925,1,D,PD,XC,D
14:13:10,MYOR,RG,1925,11,D,PD,AK,F
14:12:51,MYOR,RG,1920,2,D,GR,OD,D
14:11:51,MYOR,RG,1920,1,D,GR,OD,D
14:11:30,MYOR,RG,1920,1,D,GR,SQ,D
14:10:58,MYOR,RG,1920,1,D,GR,NI,D
14:10:51,MYOR,RG,1920,2,D,GR,OD,D
14:10:41,MYOR,RG,1920,1,D,GR,XC,D
14:10:26,MYOR,RG,1920,1,D,GR,XC,D
14:10:25,MYOR,RG,1925,5,D,KZ,AK,F
14:10:25,MYOR,RG,1925,25,D,KZ,BK,F
14:10:25,MYOR,RG,1925,6,D,YU,BK,F
14:10:25,MYOR,RG,1925,194,D,YU,KZ,F
14:09:49,MYOR,RG,1920,1,D,GR,OD,D
14:08:51,MYOR,RG,1920,1,D,GR,OD,D
14:08:38,MYOR,RG,1920,5,D,GR,PD,D
14:07:53,MYOR,RG,1920,2,D,GR,OD,D
14:06:51,MYOR,RG,1920,2,D,GR,OD,D
14:06:01,MYOR,RG,1920,3,D,GR,XL,D
14:05:59,MYOR,RG,1925,1,D,KZ,KZ,F
14:05:39,MYOR,RG,1925,4,D,KZ,KZ,F
14:05:38,MYOR,RG,1925,73,D,KZ,KZ,F
14:05:38,MYOR,RG,1925,8,D,KZ,KZ,F
14:05:36,MYOR,RG,1925,14,D,KZ,AK,F
14:05:36,MYOR,RG,1925,16,D,KZ,AK,F
14:05:36,MYOR,RG,1925,37,D,KZ,BK,F
14:05:36,MYOR,RG,1925,208,D,PD,BK,F
14:05:36,MYOR,RG,1925,2,D,PD,XC,D
14:05:36,MYOR,RG,1925,2,D,PD,AZ,D
14:05:36,MYOR,RG,1925,1,D,PD,XC,D
14:05:36,MYOR,RG,1925,5,D,PD,KZ,F
14:05:36,MYOR,RG,1925,1,D,PD,OD,D
14:05:36,MYOR,RG,1925,11,D,PD,AK,F
14:05:36,MYOR,RG,1925,1,D,PD,XC,D
14:05:36,MYOR,RG,1925,12,D,PD,AK,F
14:05:36,MYOR,RG,1925,48,D,PD,KZ,F
14:05:36,MYOR,RG,1925,300,D,PD,PD,D
14:05:36,MYOR,RG,1925,2,D,PD,KZ,F
14:05:36,MYOR,RG,1925,79,D,PD,BK,F
14:05:36,MYOR,RG,1925,28,D,PD,AK,F
14:05:29,MYOR,RG,1920,32,D,GR,KZ,F
14:05:29,MYOR,RG,1920,54,D,GR,KZ,F
14:05:29,MYOR,RG,1920,154,D,GR,KZ,F
14:05:29,MYOR,RG,1920,10,D,DR,KZ,F
14:05:29,MYOR,RG,1920,19,D,CP,KZ,F
14:05:24,MYOR,RG,1920,31,D,CP,OD,D
14:05:24,MYOR,RG,1920,200,D,YU,OD,D
14:05:24,MYOR,RG,1920,2,D,XA,OD,D
14:05:24,MYOR,RG,1920,24,D,KZ,OD,D
14:05:24,MYOR,RG,1920,20,D,CC,OD,D
14:05:24,MYOR,RG,1920,2,D,PD,OD,D
14:05:24,MYOR,RG,1920,148,D,KZ,OD,D
14:05:24,MYOR,RG,1920,73,D,PD,OD,D
14:05:09,MYOR,RG,1925,1,D,KZ,AK,F
14:05:04,MYOR,RG,1925,1,D,KZ,AK,F
14:04:55,MYOR,RG,1920,1,D,PD,OD,D
14:04:43,MYOR,RG,1925,16,D,KZ,AK,F
14:04:43,MYOR,RG,1925,65,D,LG,AK,F
14:04:43,MYOR,RG,1925,3,D,LG,KZ,F
14:04:43,MYOR,RG,1925,31,D,LG,DR,D
14:04:35,MYOR,RG,1925,2,D,PD,DR,D
14:04:35,MYOR,RG,1925,3,D,PD,DR,D
14:04:35,MYOR,RG,1925,14,D,KZ,DR,D
14:04:32,MYOR,RG,1925,7,D,KZ,KZ,F
14:04:32,MYOR,RG,1925,20,D,KZ,CP,D
14:04:02,MYOR,RG,1925,5,D,KZ,KZ,F
14:04:00,MYOR,RG,1925,5,D,KZ,KZ,F
14:04:00,MYOR,RG,1925,14,D,KZ,KZ,F
14:04:00,MYOR,RG,1925,28,D,KZ,XC,D
14:04:00,MYOR,RG,1925,42,D,KZ,XC,D
14:03:45,MYOR,RG,1925,2,D,KZ,PD,D
14:03:28,MYOR,RG,1925,12,D,KZ,NI,D
14:03:18,MYOR,RG,1925,12,D,KZ,AK,F
14:03:18,MYOR,RG,1925,2,D,KZ,OD,D
14:03:18,MYOR,RG,1925,23,D,KZ,KZ,F
14:03:18,MYOR,RG,1925,2,D,KZ,DH,D
14:03:18,MYOR,RG,1925,5,D,KZ,AK,F
14:03:18,MYOR,RG,1920,227,D,PD,KZ,F
14:03:16,MYOR,RG,1925,58,D,KZ,AK,F
14:03:16,MYOR,RG,1925,30,D,PD,AK,F
14:03:16,MYOR,RG,1925,12,D,PD,AK,F
14:03:16,MYOR,RG,1925,350,D,PD,XC,D
14:03:16,MYOR,RG,1925,1,D,PD,PD,D
14:03:16,MYOR,RG,1925,6,D,PD,KZ,F
14:03:16,MYOR,RG,1925,1,D,PD,NI,D
14:02:55,MYOR,RG,1920,60,D,PD,SQ,D
14:02:55,MYOR,RG,1920,1,D,PD,OD,D
14:01:57,MYOR,RG,1920,2,D,PD,OD,D
14:00:55,MYOR,RG,1920,2,D,PD,OD,D
13:59:55,MYOR,RG,1920,1,D,PD,OD,D
13:59:54,MYOR,RG,1920,165,D,PD,KZ,F
13:59:51,MYOR,RG,1925,12,D,HP,KZ,F
13:59:49,MYOR,RG,1925,28,D,HP,YP,D
13:59:49,MYOR,RG,1925,6,D,XL,YP,D
13:59:49,MYOR,RG,1925,1,D,XC,YP,D
13:59:49,MYOR,RG,1925,19,D,KZ,YP,D
13:59:49,MYOR,RG,1925,172,D,YU,YP,D
13:59:49,MYOR,RG,1925,62,D,KZ,YP,D
13:59:49,MYOR,RG,1925,35,D,PD,YP,D
13:59:49,MYOR,RG,1930,15,D,NI,MK,D
13:59:49,MYOR,RG,1930,2,D,NI,YP,D
13:59:49,MYOR,RG,1930,3,D,NI,PD,D
13:59:47,MYOR,RG,1925,5,D,PD,KZ,F
13:59:47,MYOR,RG,1925,10,D,PD,CC,D
13:59:32,MYOR,RG,1925,1,D,PD,KZ,F
13:59:32,MYOR,RG,1925,1,D,PD,PD,D
13:59:21,MYOR,RG,1925,1,D,PD,KZ,F
13:59:20,MYOR,RG,1925,2,D,PD,PD,D
13:59:03,MYOR,RG,1925,15,D,PD,KZ,F
13:59:03,MYOR,RG,1925,30,D,PD,CP,D
13:58:55,MYOR,RG,1925,1,D,PD,KZ,F
13:58:55,MYOR,RG,1925,2,D,PD,OD,D
13:58:52,MYOR,RG,1925,1,D,PD,KZ,F
13:58:52,MYOR,RG,1925,1,D,PD,XC,D
13:58:04,MYOR,RG,1925,7,D,PD,KZ,F
13:58:04,MYOR,RG,1925,3,D,PD,KZ,F
13:58:01,MYOR,RG,1925,17,D,PD,KZ,F
13:57:59,MYOR,RG,1925,1,D,PD,KZ,F
13:57:59,MYOR,RG,1925,2,D,PD,KZ,F
13:57:59,MYOR,RG,1925,19,D,PD,KZ,F
13:57:59,MYOR,RG,1925,22,D,PD,KZ,F
13:57:59,MYOR,RG,1925,1,D,PD,KZ,F
13:57:59,MYOR,RG,1925,1,D,PD,KZ,F
13:57:55,MYOR,RG,1930,2,D,KI,PD,D
13:57:55,MYOR,RG,1930,4,D,KI,DR,D
13:57:55,MYOR,RG,1925,5,D,PD,YP,D
13:57:54,MYOR,RG,1925,23,D,PD,NI,D
13:57:53,MYOR,RG,1925,1,D,PD,OD,D
13:57:44,MYOR,RG,1925,1,D,PD,NI,D
13:57:34,MYOR,RG,1925,1,D,PD,XC,D
13:57:33,MYOR,RG,1925,41,D,PD,YB,D
13:57:33,MYOR,RG,1925,1,D,KZ,YB,D
13:57:33,MYOR,RG,1925,38,D,KZ,YB,D
13:57:11,MYOR,RG,1925,1,D,KZ,YP,D
13:56:56,MYOR,RG,1925,4,D,KZ,AT,D
13:56:56,MYOR,RG,1925,6,D,KZ,AT,D
13:56:31,MYOR,RG,1925,8,D,KZ,GR,D
13:56:31,MYOR,RG,1925,12,D,YP,GR,D
13:56:31,MYOR,RG,1925,2,D,YP,OD,D
13:56:31,MYOR,RG,1925,5,D,YP,KZ,F
13:56:31,MYOR,RG,1925,10,D,YP,YP,D
13:56:31,MYOR,RG,1925,100,D,YP,PD,D
13:56:31,MYOR,RG,1925,16,D,YP,KZ,F
13:56:31,MYOR,RG,1925,1,D,YP,NI,D
13:56:31,MYOR,RG,1925,4,D,YP,PD,D
13:56:31,MYOR,RG,1925,19,D,YP,AK,F
13:56:31,MYOR,RG,1925,58,D,YP,KZ,F
13:56:31,MYOR,RG,1925,2,D,YP,LG,D
13:56:31,MYOR,RG,1925,88,D,YP,YP,D
13:55:53,MYOR,RG,1920,1,D,PD,OD,D
13:55:49,MYOR,RG,1925,3,D,KZ,YP,D
13:55:26,MYOR,RG,1925,8,D,HP,YP,D
13:55:25,MYOR,RG,1920,8,D,PD,XC,D
13:55:19,MYOR,RG,1925,1,D,CC,YP,D
13:55:19,MYOR,RG,1925,5,D,CC,KZ,F
13:55:19,MYOR,RG,1925,4,D,CC,KZ,F
13:54:59,MYOR,RG,1925,2,D,KZ,KZ,F
13:54:54,MYOR,RG,1925,1,D,KZ,KZ,F
13:54:49,MYOR,RG,1925,5,D,KZ,KZ,F
13:54:49,MYOR,RG,1925,1,D,KZ,KZ,F
13:54:49,MYOR,RG,1925,3,D,KZ,KZ,F
13:54:49,MYOR,RG,1925,1,D,KZ,AK,F
13:54:36,MYOR,RG,1925,1,D,KZ,AK,F
13:54:36,MYOR,RG,1925,8,D,KZ,AK,F
13:54:34,MYOR,RG,1925,3,D,KZ,AK,F
13:54:34,MYOR,RG,1925,23,D,BQ,AK,F
13:54:34,MYOR,RG,1925,10,D,BQ,PD,D
13:54:34,MYOR,RG,1925,16,D,BQ,KZ,F
13:54:30,MYOR,RG,1925,5,D,KZ,KZ,F
13:54:30,MYOR,RG,1925,1,D,BQ,KZ,F
13:54:30,MYOR,RG,1925,1,D,BQ,KZ,F
13:54:30,MYOR,RG,1925,20,D,BQ,PD,D
13:54:27,MYOR,RG,1925,5,D,KZ,PD,D
13:54:27,MYOR,RG,1925,15,D,KZ,AK,F
13:54:27,MYOR,RG,1925,1,D,BQ,AK,F
13:54:27,MYOR,RG,1925,78,D,BQ,KZ,F
13:54:27,MYOR,RG,1925,3,D,BQ,KZ,F
13:54:27,MYOR,RG,1925,14,D,BQ,KZ,F
13:54:27,MYOR,RG,1925,1,D,BQ,KK,D
13:54:27,MYOR,RG,1925,2,D,BQ,OD,D
13:54:27,MYOR,RG,1925,4,D,BQ,AK,F
13:54:27,MYOR,RG,1925,8,D,BQ,AK,F
13:54:27,MYOR,RG,1925,139,D,BQ,YP,D
13:54:10,MYOR,RG,1920,1,D,PD,AK,F
13:54:10,MYOR,RG,1925,1,D,YP,YP,D
13:53:57,MYOR,RG,1920,2,D,PD,AK,F
13:53:57,MYOR,RG,1925,1,D,PD,YP,D
13:53:57,MYOR,RG,1925,1,D,KZ,YP,D
13:53:57,MYOR,RG,1925,1,D,KZ,YP,D
13:53:57,MYOR,RG,1925,1,D,KZ,YP,D
13:53:57,MYOR,RG,1925,56,D,KZ,YP,D
13:53:54,MYOR,RG,1925,1,D,KZ,AK,F
13:53:53,MYOR,RG,1925,1,D,KZ,OD,D
13:53:52,MYOR,RG,1925,6,D,KZ,AK,F
13:53:52,MYOR,RG,1925,132,D,KZ,SQ,D
13:53:46,MYOR,RG,1925,2,D,KZ,XC,D
13:53:17,MYOR,RG,1930,5,D,NI,DR,D
13:53:17,MYOR,RG,1930,2,D,NI,DR,D
13:52:51,MYOR,RG,1925,130,D,KZ,KZ,F
13:52:51,MYOR,RG,1925,203,D,KZ,YU,F
13:52:51,MYOR,RG,1925,7,D,KZ,AK,F
13:52:49,MYOR,RG,1925,1,D,KZ,AK,F
13:52:49,MYOR,RG,1925,17,D,KZ,AK,F
13:52:49,MYOR,RG,1925,1,D,KZ,AK,F
13:52:49,MYOR,RG,1925,25,D,KZ,AK,F
13:52:48,MYOR,RG,1920,381,D,PD,KZ,F
13:52:48,MYOR,RG,1920,1,D,YP,KZ,F
13:52:48,MYOR,RG,1920,5,D,OD,KZ,F
13:52:48,MYOR,RG,1920,3,D,YP,KZ,F
13:52:48,MYOR,RG,1920,2,D,KZ,KZ,F
13:52:48,MYOR,RG,1920,19,D,KZ,KZ,F
13:52:47,MYOR,RG,1925,4,F,AK,AK,F
13:52:46,MYOR,RG,1925,69,F,AK,AK,F
13:52:46,MYOR,RG,1925,18,F,AK,AK,F
13:52:46,MYOR,RG,1925,122,D,PD,AK,F
13:52:46,MYOR,RG,1925,23,D,PD,AK,F
13:52:46,MYOR,RG,1925,21,D,PD,AK,F
13:52:46,MYOR,RG,1925,20,D,PD,AK,F
13:52:46,MYOR,RG,1925,1,D,PD,XL,D
13:52:46,MYOR,RG,1925,1,D,PD,OD,D
13:52:46,MYOR,RG,1925,1,D,PD,YP,D
13:52:46,MYOR,RG,1925,25,D,PD,YP,D
13:52:46,MYOR,RG,1925,13,D,PD,AI,D
13:52:46,MYOR,RG,1925,3,D,PD,DR,D
13:52:46,MYOR,RG,1925,5,D,PD,OD,D
13:52:46,MYOR,RG,1925,3,D,PD,SQ,D
13:52:46,MYOR,RG,1925,1,D,PD,XL,D
13:52:46,MYOR,RG,1925,2,D,PD,AK,F
13:52:46,MYOR,RG,1925,313,D,PD,AK,F
13:52:46,MYOR,RG,1925,16,D,PD,AK,F
13:52:46,MYOR,RG,1925,2,D,PD,EP,D
13:52:46,MYOR,RG,1925,14,D,PD,AK,F
13:52:46,MYOR,RG,1925,13,D,PD,AK,F
13:52:46,MYOR,RG,1925,8,D,PD,KZ,F
13:52:46,MYOR,RG,1925,7,D,PD,KZ,F
13:52:46,MYOR,RG,1925,414,D,PD,KZ,F
13:52:46,MYOR,RG,1925,1,D,PD,XL,D
13:52:46,MYOR,RG,1925,500,D,PD,YP,D
13:52:46,MYOR,RG,1925,5,D,PD,XC,D
13:52:46,MYOR,RG,1925,1,D,PD,XC,D
13:52:46,MYOR,RG,1925,2,D,PD,PD,D
13:52:46,MYOR,RG,1925,3,D,PD,PD,D
13:52:46,MYOR,RG,1925,2,D,PD,DR,D
13:52:46,MYOR,RG,1925,150,D,PD,CC,D
13:52:46,MYOR,RG,1925,50,D,PD,YB,D
13:52:46,MYOR,RG,1925,1,D,PD,PD,D
13:52:46,MYOR,RG,1925,17,D,PD,PD,D
13:52:46,MYOR,RG,1925,10,D,PD,XC,D
13:52:46,MYOR,RG,1925,1,D,PD,XC,D
13:52:46,MYOR,RG,1925,5,D,PD,XL,D
13:52:46,MYOR,RG,1925,10,D,PD,NI,D
13:52:46,MYOR,RG,1925,2,D,PD,PD,D
13:52:46,MYOR,RG,1925,2,D,PD,YP,D
13:52:46,MYOR,RG,1925,10,D,PD,OD,D
13:52:46,MYOR,RG,1925,1,D,PD,XC,D
13:52:46,MYOR,RG,1925,5,D,PD,PD,D
13:52:46,MYOR,RG,1925,7,D,PD,DR,D
13:52:46,MYOR,RG,1925,1,D,PD,KK,D
13:52:46,MYOR,RG,1925,5,D,PD,PD,D
13:52:46,MYOR,RG,1925,1,D,PD,XC,D
13:52:46,MYOR,RG,1925,5,D,PD,YP,D
13:52:46,MYOR,RG,1925,2,D,PD,OD,F
13:52:46,MYOR,RG,1925,5,D,PD,PD,D
13:52:46,MYOR,RG,1925,5,D,PD,EP,D
13:52:46,MYOR,RG,1925,4,D,PD,KK,D
13:52:46,MYOR,RG,1925,4,D,PD,YP,D
13:52:46,MYOR,RG,1925,1,D,PD,BQ,D
13:52:46,MYOR,RG,1925,2,D,PD,PD,D
13:52:46,MYOR,RG,1925,1,D,PD,YP,D
13:52:46,MYOR,RG,1925,5,D,PD,SQ,D
13:52:46,MYOR,RG,1925,1,D,PD,TF,D
13:52:46,MYOR,RG,1925,2,D,PD,YP,D
13:52:46,MYOR,RG,1925,2,D,PD,NI,D
13:52:46,MYOR,RG,1925,7,D,PD,RG,D
13:52:46,MYOR,RG,1925,2,D,PD,EP,D
13:52:46,MYOR,RG,1925,2,D,PD,DR,D
13:52:46,MYOR,RG,1925,2,D,PD,KK,D
13:52:46,MYOR,RG,1925,3,D,PD,PD,D
13:52:46,MYOR,RG,1925,2,D,PD,XC,D
13:52:46,MYOR,RG,1925,1,D,PD,DR,D
13:52:46,MYOR,RG,1925,2,D,PD,YP,D
13:52:46,MYOR,RG,1925,100,D,PD,YP,D
13:52:46,MYOR,RG,1925,20,D,PD,YP,D
13:52:28,MYOR,RG,1920,1,D,KZ,SQ,D
13:51:59,MYOR,RG,1920,2,D,KZ,OD,D
13:50:56,MYOR,RG,1920,1,D,KZ,OD,D
13:50:46,MYOR,RG,1920,3,D,KZ,YP,D
13:50:22,MYOR,RG,1920,16,D,KZ,KZ,F
13:50:20,MYOR,RG,1920,45,D,KZ,KZ,F
13:50:20,MYOR,RG,1920,4,D,KZ,KZ,F
13:50:20,MYOR,RG,1920,1,D,CC,KZ,F
13:50:20,MYOR,RG,1920,84,D,CC,YP,D
13:50:20,MYOR,RG,1920,106,D,CC,YP,D
13:50:18,MYOR,RG,1920,2,D,CC,KZ,F
13:50:16,MYOR,RG,1920,3,D,CC,KZ,F
13:50:16,MYOR,RG,1920,3,D,CC,XC,D
13:50:16,MYOR,RG,1920,6,D,YP,XC,D
13:50:13,MYOR,RG,1920,52,D,PD,KZ,F
13:50:12,MYOR,RG,1920,111,D,PD,YP,D
13:49:59,MYOR,RG,1920,1,D,PD,KZ,F
13:49:58,MYOR,RG,1920,2,D,PD,OD,D
13:49:15,MYOR,RG,1920,1,D,PD,KZ,F
13:49:15,MYOR,RG,1920,2,D,PD,XC,D
13:48:56,MYOR,RG,1920,1,D,PD,OD,D
13:48:52,MYOR,RG,1920,4,D,PD,KZ,F
13:48:50,MYOR,RG,1920,5,D,PD,AK,F
13:48:50,MYOR,RG,1925,3,D,XC,CD,D
13:48:28,MYOR,RG,1920,8,D,PD,KZ,F
13:48:26,MYOR,RG,1920,1,D,PD,KZ,F
13:48:26,MYOR,RG,1920,12,D,PD,XL,D
13:48:26,MYOR,RG,1920,3,D,XA,XL,D
13:48:26,MYOR,RG,1920,1,D,KZ,XL,D
13:48:26,MYOR,RG,1920,3,D,KZ,XL,D
13:48:26,MYOR,RG,1920,1,D,KZ,XL,D
13:48:00,MYOR,RG,1920,1,D,KZ,KZ,F
13:48:00,MYOR,RG,1920,2,D,KZ,OD,D
13:47:10,MYOR,RG,1920,1,D,KZ,XC,D
13:46:56,MYOR,RG,1920,1,D,KZ,OD,D
13:46:56,MYOR,RG,1920,1,D,KZ,OD,D
13:46:41,MYOR,RG,1920,1,D,KZ,KZ,F
13:46:41,MYOR,RG,1920,1,D,KZ,KZ,F
13:46:41,MYOR,RG,1920,3,D,BQ,KZ,F
13:46:41,MYOR,RG,1920,10,D,BQ,PD,D
13:45:56,MYOR,RG,1920,1,D,BQ,KZ,F
13:45:56,MYOR,RG,1920,1,D,BQ,OD,D
13:45:02,MYOR,RG,1920,2,D,BQ,KZ,F
13:45:02,MYOR,RG,1920,6,D,BQ,XC,D
13:44:58,MYOR,RG,1920,1,D,BQ,OD,D
13:43:43,MYOR,RG,1920,1,D,KZ,KZ,F
13:43:43,MYOR,RG,1920,1,D,BQ,KZ,F
13:43:42,MYOR,RG,1920,6,D,BQ,KZ,F
13:43:42,MYOR,RG,1920,4,D,BQ,AK,F
13:43:40,MYOR,RG,1920,10,D,KZ,AK,F
13:43:40,MYOR,RG,1920,7,D,KZ,AK,F
13:43:40,MYOR,RG,1920,66,D,BQ,AK,F
13:43:40,MYOR,RG,1920,15,D,BQ,AK,F
13:43:40,MYOR,RG,1920,2,D,BQ,OD,D
13:43:40,MYOR,RG,1920,1,D,BQ,BQ,D
13:43:40,MYOR,RG,1920,1,D,BQ,BQ,D
13:43:40,MYOR,RG,1920,41,D,BQ,KZ,F
13:43:14,MYOR,RG,1915,2,D,PD,PD,D
13:43:04,MYOR,RG,1915,41,D,PD,KZ,F
13:43:02,MYOR,RG,1915,1,D,PD,KZ,F
13:43:00,MYOR,RG,1920,93,D,PD,KZ,F
13:43:00,MYOR,RG,1920,1,D,PD,XC,D
13:43:00,MYOR,RG,1920,38,D,PD,AK,F
13:43:00,MYOR,RG,1920,2,D,PD,PD,D
13:43:00,MYOR,RG,1920,30,D,PD,AK,F
13:43:00,MYOR,RG,1920,1,D,PD,KZ,F
13:43:00,MYOR,RG,1920,3,D,PD,YP,D
13:43:00,MYOR,RG,1920,3,D,PD,KZ,F
13:43:00,MYOR,RG,1920,15,D,PD,AK,F
13:43:00,MYOR,RG,1920,296,D,PD,CC,F
13:43:00,MYOR,RG,1920,4,D,PD,NI,D
13:43:00,MYOR,RG,1920,3,D,PD,DR,D
13:43:00,MYOR,RG,1920,2,D,PD,DR,D
13:43:00,MYOR,RG,1920,2,D,PD,PD,D
13:43:00,MYOR,RG,1920,1,D,PD,DR,D
13:43:00,MYOR,RG,1920,2,D,PD,EP,D
13:43:00,MYOR,RG,1920,4,D,PD,XC,D
13:42:54,MYOR,RG,1915,1,D,PD,OD,D
13:41:52,MYOR,RG,1915,2,D,PD,OD,D
13:41:20,MYOR,RG,1920,5,D,PD,XC,D
13:40:59,MYOR,RG,1920,5,D,NI,XC,D
13:40:54,MYOR,RG,1915,1,D,PD,OD,D
13:40:48,MYOR,RG,1915,6,D,PD,XC,D
13:40:45,MYOR,RG,1915,66,D,PD,GR,D
13:40:45,MYOR,RG,1915,134,D,KZ,GR,D
13:39:52,MYOR,RG,1915,2,D,KZ,OD,D
13:38:54,MYOR,RG,1915,1,D,KZ,OD,D
13:37:56,MYOR,RG,1915,1,D,KZ,OD,D
13:37:46,MYOR,RG,1915,15,D,KZ,GR,D
13:37:03,MYOR,RG,1915,3,D,KZ,XC,D
13:37:03,MYOR,RG,1915,20,D,PD,XC,D
13:36:56,MYOR,RG,1915,2,D,PD,OD,D
13:36:22,MYOR,RG,1915,4,D,PD,XC,D
13:35:58,MYOR,RG,1915,1,D,PD,OD,D
13:34:52,MYOR,RG,1920,24,D,BQ,YU,F
13:34:50,MYOR,RG,1920,11,D,BQ,YU,F
13:34:47,MYOR,RG,1920,15,D,BQ,YU,F
13:34:47,MYOR,RG,1920,1,D,BQ,XL,D
13:34:47,MYOR,RG,1920,2,D,BQ,YP,D
13:34:47,MYOR,RG,1920,5,D,BQ,YP,D
13:34:47,MYOR,RG,1920,40,D,BQ,XC,D
13:34:47,MYOR,RG,1920,7,D,BQ,XL,D
13:34:47,MYOR,RG,1920,1,D,BQ,BQ,D
13:34:47,MYOR,RG,1920,1,D,BQ,XC,D
13:34:47,MYOR,RG,1920,3,D,BQ,PD,D
13:34:47,MYOR,RG,1920,2,D,BQ,PD,D
13:34:47,MYOR,RG,1920,5,D,BQ,CC,D
13:34:47,MYOR,RG,1920,10,D,BQ,KK,D
13:34:47,MYOR,RG,1920,7,D,BQ,SQ,D
13:34:47,MYOR,RG,1920,2,D,BQ,EP,D
13:34:47,MYOR,RG,1920,2,D,BQ,YP,D
13:34:47,MYOR,RG,1920,1,D,BQ,XC,D
13:34:47,MYOR,RG,1920,10,D,BQ,XC,D
13:34:47,MYOR,RG,1920,12,D,BQ,XC,D
13:34:21,MYOR,RG,1915,13,D,CD,AK,F
13:34:21,MYOR,RG,1915,1,D,CD,OD,D
13:34:07,MYOR,RG,1915,144,D,KZ,KZ,F
13:34:07,MYOR,RG,1915,391,D,KZ,YU,F
13:34:07,MYOR,RG,1915,15,D,KZ,AK,F
13:34:07,MYOR,RG,1915,17,D,KZ,AK,F
13:34:07,MYOR,RG,1915,473,D,KZ,KZ,F
13:34:02,MYOR,RG,1910,2,D,KZ,OD,D
13:33:56,MYOR,RG,1910,10,D,KZ,XC,D
13:33:38,MYOR,RG,1910,15,D,KZ,CC,D
13:33:27,MYOR,RG,1910,1,D,KZ,NI,D
13:33:07,MYOR,RG,1910,2,D,KZ,DH,D
13:33:00,MYOR,RG,1910,1,D,KZ,OD,D
13:31:58,MYOR,RG,1910,2,D,KZ,OD,D
13:30:57,MYOR,RG,1910,1,D,KZ,OD,D
13:30:17,MYOR,RG,1920,8,D,YU,XC,D
13:30:17,MYOR,RG,1920,1,D,YU,PD,D
13:30:17,MYOR,RG,1920,4,D,YU,XC,D
13:30:17,MYOR,RG,1920,45,D,YU,YB,D
13:30:17,MYOR,RG,1920,44,D,YU,XC,D
13:30:17,MYOR,RG,1920,1,D,YU,KK,D
13:30:17,MYOR,RG,1920,2,D,YU,PD,D
13:30:17,MYOR,RG,1915,3,D,YU,XL,D
13:30:17,MYOR,RG,1915,1,D,YU,XL,D
13:30:17,MYOR,RG,1915,1,D,YU,XC,D
13:30:17,MYOR,RG,1915,90,D,YU,KZ,F
13:30:12,MYOR,RG,1915,5,D,YP,KZ,F
13:30:10,MYOR,RG,1915,3,D,YP,KZ,F
13:30:10,MYOR,RG,1915,3,D,XL,KZ,F
13:30:10,MYOR,RG,1915,2,D,XL,KZ,F
13:30:06,MYOR,RG,1915,1,D,XL,KZ,F
13:30:06,MYOR,RG,1910,43,D,KZ,AK,F
13:30:05,MYOR,RG,1915,156,D,KZ,KZ,F
13:30:05,MYOR,RG,1915,233,D,KZ,KZ,F
13:30:05,MYOR,RG,1915,37,D,YU,KZ,F
13:30:04,MYOR,RG,1915,1,D,XC,KZ,F
13:30:04,MYOR,RG,1915,1,D,XC,KZ,F
13:30:04,MYOR,RG,1915,1,D,XC,KZ,F
13:30:04,MYOR,RG,1915,201,D,CC,KZ,F
13:30:04,MYOR,RG,1915,99,D,LG,KZ,F
13:30:04,MYOR,RG,1915,10,D,XC,KZ,F
13:30:04,MYOR,RG,1915,20,D,CC,KZ,F
13:30:04,MYOR,RG,1915,1,D,XC,KZ,F
13:30:04,MYOR,RG,1915,1,D,XC,KZ,F
13:30:04,MYOR,RG,1915,1,D,XC,KZ,F
13:30:04,MYOR,RG,1915,2,D,PD,KZ,F
13:30:04,MYOR,RG,1915,300,D,PD,KZ,F
13:30:04,MYOR,RG,1915,13,D,BQ,KZ,F
13:30:04,MYOR,RG,1915,6,D,BQ,KZ,F
13:30:04,MYOR,RG,1915,63,D,BQ,KZ,F
13:30:04,MYOR,RG,1915,156,D,KZ,KZ,F
13:30:04,MYOR,RG,1915,16,D,CC,KZ,F
13:30:04,MYOR,RG,1915,9,D,KZ,KZ,F
13:30:04,MYOR,RG,1915,1,D,XC,KZ,F
13:30:04,MYOR,RG,1915,20,D,CC,KZ,F
13:30:04,MYOR,RG,1915,13,D,CC,KZ,F
13:30:03,MYOR,RG,1915,5,D,CC,XC,D
13:30:03,MYOR,RG,1915,10,D,CC,XC,D
13:30:03,MYOR,RG,1915,1,D,CC,XC,D
13:30:03,MYOR,RG,1915,4,D,CC,XC,D
13:30:03,MYOR,RG,1915,17,D,CC,CC,D
13:30:03,MYOR,RG,1915,183,D,PD,CC,D
13:30:02,MYOR,RG,1915,2,D,PD,XC,D
13:30:02,MYOR,RG,1920,1,D,YB,PD,D
13:30:02,MYOR,RG,1920,1,D,YB,PD,D
13:30:01,MYOR,RG,1915,70,D,PD,PD,D
13:30:01,MYOR,RG,1915,10,D,PD,PD,D
13:30:01,MYOR,RG,1920,1,D,PD,EP,D
13:30:01,MYOR,RG,1915,5,D,PD,PD,D
13:30:01,MYOR,RG,1915,1,D,PD,PD,D
13:30:01,MYOR,RG,1915,27,D,PD,PD,D
13:30:01,MYOR,RG,1915,1,D,PD,GR,D
13:30:01,MYOR,RG,1920,3,D,PD,EP,D
11:29:59,MYOR,RG,1915,1,D,PD,AK,F
11:29:59,MYOR,RG,1915,1,D,PD,AK,F
11:29:59,MYOR,RG,1915,25,D,PD,XC,D
11:29:48,MYOR,RG,1915,1,D,PD,OD,D
11:29:34,MYOR,RG,1920,13,D,BQ,EP,D
11:29:32,MYOR,RG,1920,6,D,BQ,EP,D
11:29:29,MYOR,RG,1915,2,D,PD,AK,F
11:29:29,MYOR,RG,1920,17,D,BQ,EP,D
11:29:29,MYOR,RG,1920,46,D,BQ,CP,D
11:29:16,MYOR,RG,1915,9,D,PD,AK,F
11:29:16,MYOR,RG,1915,1,D,PD,AK,F
11:28:48,MYOR,RG,1915,1,D,PD,OD,D
11:28:46,MYOR,RG,1915,5,D,PD,AK,F
11:28:31,MYOR,RG,1915,3,D,PD,AK,F
11:28:31,MYOR,RG,1915,2,D,PD,AK,F
11:28:14,MYOR,RG,1915,25,D,PD,YP,D
11:27:50,MYOR,RG,1915,1,D,PD,OD,D
11:27:50,MYOR,RG,1915,3,D,PD,XC,D
11:25:52,MYOR,RG,1915,1,D,PD,OD,D
11:25:31,MYOR,RG,1915,2,D,PD,AK,F
11:25:31,MYOR,RG,1920,4,D,LG,CP,D
11:25:31,MYOR,RG,1920,2,D,LG,XC,D
11:25:31,MYOR,RG,1920,18,D,LG,AK,F
11:25:31,MYOR,RG,1920,1,D,LG,DR,D
11:25:31,MYOR,RG,1920,5,D,LG,CC,D
11:25:31,MYOR,RG,1920,4,D,LG,PD,D
11:25:31,MYOR,RG,1920,1,D,LG,DR,D
11:25:31,MYOR,RG,1920,10,D,LG,XC,D
11:25:31,MYOR,RG,1920,3,D,LG,YP,D
11:25:31,MYOR,RG,1920,2,D,LG,AG,D
11:25:31,MYOR,RG,1920,1,D,LG,XC,D
11:25:31,MYOR,RG,1920,5,D,LG,XC,D
11:25:31,MYOR,RG,1920,2,D,LG,XC,D
11:25:31,MYOR,RG,1920,2,D,LG,YP,D
11:25:31,MYOR,RG,1920,3,D,LG,YP,D
11:25:31,MYOR,RG,1920,2,D,LG,LG,D
11:25:31,MYOR,RG,1920,1,D,LG,BQ,D
11:25:31,MYOR,RG,1920,2,D,LG,YP,D
11:25:31,MYOR,RG,1920,2,D,LG,YP,D
11:25:31,MYOR,RG,1920,29,D,LG,XL,D
11:24:50,MYOR,RG,1915,1,D,PD,OD,D
11:24:15,MYOR,RG,1915,2,D,PD,XL,D
11:23:52,MYOR,RG,1915,1,D,PD,OD,D
11:23:17,MYOR,RG,1920,19,D,LG,XL,D
11:23:17,MYOR,RG,1920,2,D,LG,PD,D
11:23:17,MYOR,RG,1920,2,D,LG,YP,D
11:23:17,MYOR,RG,1920,13,D,LG,XC,D
11:23:17,MYOR,RG,1920,1,D,LG,NI,D
11:23:17,MYOR,RG,1920,5,D,LG,PD,D
11:23:17,MYOR,RG,1920,4,D,LG,PD,D
11:23:17,MYOR,RG,1920,10,D,LG,KZ,F
11:23:17,MYOR,RG,1920,35,D,LG,XL,D
11:23:17,MYOR,RG,1920,5,D,LG,XC,D
11:23:17,MYOR,RG,1920,3,D,LG,DX,D
11:23:05,MYOR,RG,1915,1,D,PD,XC,D
11:22:41,MYOR,RG,1915,1,D,PD,BQ,D
11:22:41,MYOR,RG,1915,9,D,PD,AK,F
11:22:41,MYOR,RG,1915,3,D,PD,AK,F
11:22:38,MYOR,RG,1910,6,D,KZ,PD,D
11:22:22,MYOR,RG,1915,5,D,KZ,AK,F
11:22:21,MYOR,RG,1915,9,D,KZ,AK,F
11:22:21,MYOR,RG,1915,30,D,KZ,KK,D
11:22:21,MYOR,RG,1915,100,D,KZ,YP,D
11:22:21,MYOR,RG,1915,4,D,KZ,KZ,F
11:22:21,MYOR,RG,1915,9,D,KZ,AK,F
11:22:21,MYOR,RG,1915,212,D,KZ,KZ,F
11:22:21,MYOR,RG,1915,500,D,KZ,YP,D
11:22:21,MYOR,RG,1915,1,D,KZ,XL,D
11:22:21,MYOR,RG,1915,5,D,KZ,PD,D
11:22:21,MYOR,RG,1915,8,D,KZ,AK,F
11:22:21,MYOR,RG,1915,74,D,KZ,KZ,F
11:22:21,MYOR,RG,1915,83,D,KZ,KZ,F
11:22:21,MYOR,RG,1915,82,D,KZ,AK,F
11:22:12,MYOR,RG,1915,4,D,KZ,AK,F
11:21:54,MYOR,RG,1910,1,D,KZ,OD,D
11:21:51,MYOR,RG,1910,6,D,KZ,KZ,F
11:21:16,MYOR,RG,1910,72,D,KZ,KZ,F
11:21:16,MYOR,RG,1910,36,D,CC,KZ,F
11:20:51,MYOR,RG,1910,5,D,CC,KZ,F
11:20:51,MYOR,RG,1910,7,D,CC,KZ,F
11:20:51,MYOR,RG,1910,1,D,CC,KZ,F
11:20:51,MYOR,RG,1910,1,D,CC,KZ,F
11:20:51,MYOR,RG,1910,41,D,LG,KZ,F
11:20:51,MYOR,RG,1910,8,D,LG,KZ,F
11:20:50,MYOR,RG,1910,1,D,LG,OD,D
11:20:01,MYOR,RG,1910,18,D,LG,AK,F
11:19:48,MYOR,RG,1910,1,D,LG,OD,D
11:18:51,MYOR,RG,1910,1,D,LG,KZ,F
11:18:48,MYOR,RG,1910,1,D,LG,OD,D
11:18:46,MYOR,RG,1910,39,D,LG,KZ,F
11:18:13,MYOR,RG,1915,1,D,XL,AK,F
11:18:11,MYOR,RG,1910,3,D,LG,KZ,F
11:17:40,MYOR,RG,1910,2,D,LG,SQ,D
11:17:22,MYOR,RG,1910,8,D,LG,KK,D
11:17:07,MYOR,RG,1915,56,D,KZ,AK,F
11:17:07,MYOR,RG,1915,25,D,KZ,PD,D
11:17:06,MYOR,RG,1910,22,D,LG,KZ,F
11:17:02,MYOR,RG,1915,6,D,KZ,PD,D
11:16:57,MYOR,RG,1910,53,D,LG,DH,D
11:16:57,MYOR,RG,1910,97,D,YU,DH,D
11:16:46,MYOR,RG,1910,3,D,YU,AK,F
11:16:46,MYOR,RG,1910,15,D,PD,AK,F
11:16:46,MYOR,RG,1910,1,D,PD,OD,D
11:16:01,MYOR,RG,1910,30,D,PD,KZ,F
11:15:51,MYOR,RG,1910,28,D,PD,KZ,F
11:15:51,MYOR,RG,1910,1,D,PD,KZ,F
11:15:46,MYOR,RG,1910,1,D,PD,OD,D
11:15:43,MYOR,RG,1910,67,D,PD,XC,D
11:15:26,MYOR,RG,1910,2,D,PD,KZ,F
11:15:21,MYOR,RG,1910,1,D,PD,KZ,F
11:15:06,MYOR,RG,1910,1,D,PD,KZ,F
11:15:06,MYOR,RG,1910,4,D,PD,KZ,F
11:14:48,MYOR,RG,1910,1,D,PD,OD,D
11:14:46,MYOR,RG,1910,1,D,PD,AZ,D
11:14:01,MYOR,RG,1910,10,D,PD,AK,F
11:13:00,MYOR,RG,1910,1,D,PD,XC,D
11:12:48,MYOR,RG,1910,5,D,PD,AZ,D
11:12:46,MYOR,RG,1910,1,D,PD,OD,D
11:12:27,MYOR,RG,1915,68,D,KZ,PD,D
11:12:25,MYOR,RG,1910,13,D,PD,YP,D
11:12:16,MYOR,RG,1910,10,D,PD,AK,F
11:12:03,MYOR,RG,1915,3,D,PD,PD,D
11:12:03,MYOR,RG,1915,96,D,CC,PD,D
11:12:03,MYOR,RG,1915,10,D,YP,PD,D
11:12:03,MYOR,RG,1915,200,D,YU,PD,D
11:12:03,MYOR,RG,1915,10,D,LG,PD,D
11:12:03,MYOR,RG,1915,27,D,KZ,PD,D
11:12:03,MYOR,RG,1915,40,D,PD,PD,D
11:12:03,MYOR,RG,1915,1,D,XC,PD,D
11:12:03,MYOR,RG,1915,14,D,LG,PD,D
11:12:03,MYOR,RG,1915,8,D,XA,PD,D
11:12:03,MYOR,RG,1915,48,D,KZ,PD,D
11:12:03,MYOR,RG,1915,14,D,PD,PD,D
11:11:46,MYOR,RG,1915,1,D,PD,OD,D
11:11:26,MYOR,RG,1915,22,D,PD,KZ,F
11:11:05,MYOR,RG,1915,50,D,PD,YP,D
11:10:46,MYOR,RG,1915,1,D,PD,OD,D
11:10:41,MYOR,RG,1915,4,D,PD,KZ,F
11:10:16,MYOR,RG,1915,10,D,PD,AK,F
11:09:46,MYOR,RG,1915,6,D,PD,KZ,F
11:09:46,MYOR,RG,1915,26,D,PD,KZ,F
11:09:41,MYOR,RG,1915,2,D,PD,KZ,F
11:09:23,MYOR,RG,1915,60,D,PD,DX,D
11:09:19,MYOR,RG,1915,4,D,PD,XC,D
11:09:19,MYOR,RG,1915,10,D,PD,XC,D
11:09:19,MYOR,RG,1915,4,D,PD,XC,D
11:08:46,MYOR,RG,1915,1,D,PD,OD,D
11:08:46,MYOR,RG,1915,2,D,PD,KZ,F
11:08:25,MYOR,RG,1915,5,D,PD,YU,D
11:08:16,MYOR,RG,1915,1,D,PD,KZ,F
11:08:11,MYOR,RG,1915,4,D,PD,KZ,F
11:07:56,MYOR,RG,1915,1,D,PD,KZ,F
11:07:51,MYOR,RG,1915,2,D,PD,KZ,F
11:07:51,MYOR,RG,1915,3,D,YU,KZ,F
11:07:51,MYOR,RG,1915,4,D,YU,KZ,F
11:07:51,MYOR,RG,1915,1,D,YU,KZ,F
11:07:51,MYOR,RG,1915,1,D,YU,KZ,F
11:07:51,MYOR,RG,1915,5,D,YU,KZ,F
11:07:51,MYOR,RG,1915,2,D,YU,KZ,F
11:07:48,MYOR,RG,1920,1,D,PD,DX,D
11:07:48,MYOR,RG,1915,1,D,YU,OD,D
11:07:46,MYOR,RG,1915,5,D,YU,NI,D
11:07:31,MYOR,RG,1915,11,D,YU,AK,F
11:06:50,MYOR,RG,1915,1,D,YU,OD,D
11:04:52,MYOR,RG,1915,1,D,YU,OD,D
11:04:47,MYOR,RG,1915,2,D,YU,XC,D
11:04:31,MYOR,RG,1915,9,D,YU,AK,F
11:03:54,MYOR,RG,1915,1,D,YU,OD,D
11:03:45,MYOR,RG,1920,2,D,PD,DX,D
11:03:09,MYOR,RG,1920,10,D,PD,DX,D
11:03:06,MYOR,RG,1915,4,D,YU,KZ,F
11:02:54,MYOR,RG,1915,1,D,YU,OD,D
11:02:46,MYOR,RG,1915,10,D,YU,AK,F
11:02:41,MYOR,RG,1915,12,D,YU,KZ,F
11:02:34,MYOR,RG,1920,10,D,PD,DX,D
11:02:20,MYOR,RG,1915,20,D,YU,CC,D
11:02:12,MYOR,RG,1920,10,D,PD,DX,D
11:01:46,MYOR,RG,1920,8,D,PD,DX,D
11:01:32,MYOR,RG,1920,2,D,KZ,DX,D
11:01:05,MYOR,RG,1915,1,D,YU,KK,D
11:00:54,MYOR,RG,1915,1,D,YU,OD,D
11:00:21,MYOR,RG,1915,10,D,YU,XC,D
11:00:19,MYOR,RG,1920,1,D,PD,DX,D
11:00:19,MYOR,RG,1920,19,D,PD,XC,D
11:00:07,MYOR,RG,1915,15,D,YU,CC,D
11:00:06,MYOR,RG,1915,15,D,YU,KZ,F
11:00:01,MYOR,RG,1915,61,D,YU,KZ,F
11:00:01,MYOR,RG,1915,1,D,YU,KZ,F
11:00:01,MYOR,RG,1915,2,D,YU,KZ,F
11:00:01,MYOR,RG,1915,5,D,PD,KZ,F
11:00:01,MYOR,RG,1915,7,D,KZ,KZ,F
11:00:01,MYOR,RG,1915,2,D,KZ,KZ,F
11:00:01,MYOR,RG,1915,14,D,KZ,KZ,F
11:00:01,MYOR,RG,1915,2,D,KZ,KZ,F
10:59:56,MYOR,RG,1915,34,D,KZ,KZ,F
10:59:56,MYOR,RG,1915,1,D,KZ,OD,D
10:59:23,MYOR,RG,1920,9,D,PD,XC,D
10:59:23,MYOR,RG,1920,1,D,PD,SQ,D
10:59:09,MYOR,RG,1920,9,D,KZ,SQ,D
10:59:09,MYOR,RG,1920,20,D,KZ,DH,D
10:59:09,MYOR,RG,1920,3,D,KZ,XC,D
10:59:09,MYOR,RG,1920,2,D,KZ,YP,D
10:59:09,MYOR,RG,1920,3,D,KZ,XL,D
10:59:09,MYOR,RG,1920,25,D,KZ,XC,D
10:59:09,MYOR,RG,1920,5,D,KZ,XC,D
10:59:07,MYOR,RG,1920,2,D,KZ,XC,D
10:59:07,MYOR,RG,1920,1,D,KZ,XC,D
10:59:07,MYOR,RG,1920,1,D,KZ,XC,D
10:59:06,MYOR,RG,1915,3,D,KZ,KZ,F
10:59:06,MYOR,RG,1915,83,D,CC,KZ,F
10:59:06,MYOR,RG,1915,200,D,CC,YP,D
10:58:58,MYOR,RG,1915,1,D,CC,OD,D
10:58:57,MYOR,RG,1920,2,D,KZ,XC,D
10:58:57,MYOR,RG,1920,2,D,KZ,XC,D
10:58:57,MYOR,RG,1920,1,D,KZ,XC,D
10:58:56,MYOR,RG,1915,1,D,CC,KZ,F
10:58:51,MYOR,RG,1915,15,D,CC,CC,D
10:57:55,MYOR,RG,1915,1,D,KZ,NI,D
10:57:00,MYOR,RG,1915,1,D,KZ,OD,D
10:56:30,MYOR,RG,1920,5,D,YP,PD,D
10:56:30,MYOR,RG,1920,1,D,YP,YP,D
10:56:30,MYOR,RG,1920,20,D,YP,YP,D
10:56:30,MYOR,RG,1920,27,D,YP,SQ,D
10:56:30,MYOR,RG,1920,10,D,YP,CC,D
10:56:30,MYOR,RG,1920,1,D,YP,YP,D
10:56:30,MYOR,RG,1920,6,D,YP,DR,D
10:56:02,MYOR,RG,1915,1,D,KZ,OD,D
10:55:19,MYOR,RG,1915,2,D,KZ,PD,D
10:55:04,MYOR,RG,1915,1,D,KZ,OD,D
10:53:55,MYOR,RG,1920,4,D,KZ,DR,D
10:53:55,MYOR,RG,1920,10,D,KZ,PD,D
10:53:55,MYOR,RG,1920,86,D,KZ,XC,D
10:53:55,MYOR,RG,1920,42,D,KZ,FS,D
10:53:53,MYOR,RG,1915,8,D,KZ,AK,F
10:53:53,MYOR,RG,1915,15,D,KZ,KZ,F
10:53:53,MYOR,RG,1915,28,D,PD,KZ,F
10:53:53,MYOR,RG,1915,4,D,PD,KZ,F
10:53:53,MYOR,RG,1915,2,D,PD,KZ,F
10:53:53,MYOR,RG,1915,3,D,PD,XA,D
10:53:53,MYOR,RG,1915,2,D,PD,KZ,F
10:53:53,MYOR,RG,1915,17,D,PD,KZ,F
10:53:53,MYOR,RG,1915,3,D,PD,PD,D
10:53:53,MYOR,RG,1915,1,D,PD,PD,D
10:53:53,MYOR,RG,1915,15,D,PD,KZ,F
10:53:53,MYOR,RG,1915,2,D,PD,KZ,F
10:53:53,MYOR,RG,1915,5,D,PD,CP,D
10:53:53,MYOR,RG,1915,200,D,PD,AT,D
10:53:53,MYOR,RG,1915,5,D,PD,KZ,F
10:53:53,MYOR,RG,1915,13,D,PD,KZ,F
10:53:53,MYOR,RG,1915,2,D,PD,XC,D
10:53:53,MYOR,RG,1915,30,D,PD,DR,D
10:53:53,MYOR,RG,1915,10,D,PD,AK,F
10:53:53,MYOR,RG,1915,10,D,PD,AK,F
10:53:53,MYOR,RG,1915,2,D,PD,YP,D
10:53:53,MYOR,RG,1915,50,D,PD,AZ,D
10:53:53,MYOR,RG,1915,11,D,PD,AK,F
10:53:53,MYOR,RG,1915,167,D,PD,KZ,F
10:53:53,MYOR,RG,1915,118,D,PD,YP,D
10:53:06,MYOR,RG,1915,34,D,KZ,YP,D
10:53:04,MYOR,RG,1915,2,D,KZ,YP,D
10:53:02,MYOR,RG,1910,1,D,PD,OD,D
10:53:02,MYOR,RG,1915,100,D,YU,YP,D
10:53:01,MYOR,RG,1910,9,D,PD,AK,F
10:52:39,MYOR,RG,1910,5,D,PD,XL,D
10:52:06,MYOR,RG,1910,1,D,PD,KZ,F
10:52:02,MYOR,RG,1910,1,D,PD,OD,D
10:51:51,MYOR,RG,1910,4,D,PD,KZ,F
10:51:31,MYOR,RG,1910,9,D,PD,AK,F
10:51:07,MYOR,RG,1910,1,D,PD,EP,D
10:51:06,MYOR,RG,1910,1,D,PD,KZ,F
10:51:04,MYOR,RG,1910,1,D,PD,OD,D
10:51:04,MYOR,RG,1910,2,D,PD,CC,D
10:50:02,MYOR,RG,1910,5,D,PD,CP,D
10:49:32,MYOR,RG,1910,1,D,PD,PD,D
10:49:04,MYOR,RG,1910,1,D,PD,OD,D
10:49:03,MYOR,RG,1915,27,D,KZ,YP,D
10:49:03,MYOR,RG,1915,5,D,KZ,YP,D
10:49:01,MYOR,RG,1910,22,D,PD,KZ,F
10:48:46,MYOR,RG,1910,5,D,PD,PD,D
10:48:11,MYOR,RG,1910,99,D,PD,KZ,F
10:48:02,MYOR,RG,1910,1,D,PD,OD,D
10:48:01,MYOR,RG,1910,1,D,PD,KZ,F
10:47:28,MYOR,RG,1915,24,D,KZ,YP,D
10:47:28,MYOR,RG,1915,25,D,XC,YP,D
10:47:26,MYOR,RG,1910,1,D,PD,KZ,F
10:47:26,MYOR,RG,1910,22,D,PD,KZ,F
10:47:02,MYOR,RG,1910,1,D,PD,OD,D
10:47:01,MYOR,RG,1910,13,D,PD,KZ,F
10:47:01,MYOR,RG,1910,47,D,KZ,KZ,F
10:46:51,MYOR,RG,1910,1,D,KZ,KZ,F
10:46:26,MYOR,RG,1910,1,D,KZ,KZ,F
10:45:00,MYOR,RG,1910,2,D,KZ,OD,D
10:44:15,MYOR,RG,1910,27,D,KZ,OD,D
10:44:06,MYOR,RG,1910,1,D,KZ,PD,D
10:44:00,MYOR,RG,1910,1,D,CC,OD,D
10:43:10,MYOR,RG,1910,2,D,XC,XL,D
10:43:00,MYOR,RG,1910,1,D,XC,OD,D
10:42:52,MYOR,RG,1915,25,D,KZ,YP,D
10:42:52,MYOR,RG,1915,100,D,YU,YP,D
10:42:28,MYOR,RG,1915,13,D,KZ,YP,D
10:42:26,MYOR,RG,1915,1,D,KZ,YP,D
10:42:23,MYOR,RG,1910,17,D,XC,KK,D
10:42:23,MYOR,RG,1910,21,D,DR,KK,D
10:42:23,MYOR,RG,1910,10,D,CC,KK,D
10:42:23,MYOR,RG,1910,2,D,EP,KK,D
10:42:23,MYOR,RG,1910,1,D,YP,KK,D
10:42:23,MYOR,RG,1910,4,D,KZ,KK,D
10:41:58,MYOR,RG,1910,2,D,KZ,OD,D
10:41:48,MYOR,RG,1910,2,D,KZ,XA,D
10:41:23,MYOR,RG,1915,19,D,KZ,YP,D
10:41:23,MYOR,RG,1915,75,D,CC,YP,D
10:41:23,MYOR,RG,1915,37,D,KZ,YP,D
10:41:23,MYOR,RG,1915,98,D,CC,YP,D
10:41:23,MYOR,RG,1915,50,D,PD,YP,D
10:41:00,MYOR,RG,1915,1,D,PD,OD,D
10:39:52,MYOR,RG,1915,1,D,PD,OD,D
10:39:52,MYOR,RG,1915,5,D,PD,KZ,F
10:39:52,MYOR,RG,1915,11,D,PD,AK,F
10:39:52,MYOR,RG,1915,26,D,PD,KZ,F
10:39:52,MYOR,RG,1915,56,D,PD,KZ,F
10:38:58,MYOR,RG,1910,2,D,KZ,OD,D
10:38:48,MYOR,RG,1915,39,D,PD,KZ,F
10:38:48,MYOR,RG,1915,15,D,PD,AK,F
10:38:48,MYOR,RG,1915,15,D,PD,AK,F
10:38:48,MYOR,RG,1915,217,D,PD,KZ,F
10:38:48,MYOR,RG,1915,14,D,PD,KZ,F
10:37:56,MYOR,RG,1910,1,D,KZ,OD,D
10:37:06,MYOR,RG,1910,61,D,KZ,OD,D
10:36:54,MYOR,RG,1910,1,D,KZ,OD,D
10:36:29,MYOR,RG,1915,67,D,PD,KZ,F
10:36:29,MYOR,RG,1915,57,D,PD,KZ,F
10:36:29,MYOR,RG,1915,5,D,PD,PD,D
10:36:29,MYOR,RG,1915,7,D,PD,XL,D
10:36:29,MYOR,RG,1915,81,D,PD,YU,F
10:36:29,MYOR,RG,1915,17,D,PD,AK,F
10:36:29,MYOR,RG,1915,17,D,PD,AK,F
10:36:29,MYOR,RG,1915,249,D,PD,CC,D
10:35:54,MYOR,RG,1910,2,D,KZ,OD,D
10:35:50,MYOR,RG,1915,500,D,PD,CC,D
10:35:39,MYOR,RG,1915,5,D,XC,CC,D
10:35:15,MYOR,RG,1915,146,D,LG,CC,D
10:35:15,MYOR,RG,1915,43,D,LG,KZ,F
10:35:15,MYOR,RG,1915,10,D,LG,YP,D
10:35:15,MYOR,RG,1915,10,D,LG,CC,D
10:35:15,MYOR,RG,1915,82,D,LG,NI,D
10:35:15,MYOR,RG,1915,2,D,LG,KZ,F
10:35:15,MYOR,RG,1915,4,D,LG,XL,D
10:34:52,MYOR,RG,1910,1,D,KZ,OD,D
10:34:21,MYOR,RG,1910,1,D,KZ,XC,D
10:34:20,MYOR,RG,1910,4,D,KZ,OD,D
10:34:19,MYOR,RG,1910,1,D,KZ,PD,D
10:33:48,MYOR,RG,1910,1,D,KZ,OD,D
10:32:56,MYOR,RG,1910,5,D,KZ,KZ,F
10:32:51,MYOR,RG,1910,6,D,KZ,KZ,F
10:32:51,MYOR,RG,1910,1,D,KZ,KZ,F
10:32:51,MYOR,RG,1910,1,D,KZ,KZ,F
10:32:50,MYOR,RG,1910,2,D,KZ,OD,D
10:32:46,MYOR,RG,1910,12,D,KZ,KZ,F
10:31:48,MYOR,RG,1910,1,D,KZ,OD,D
10:31:41,MYOR,RG,1910,31,D,KZ,XC,D
10:31:11,MYOR,RG,1910,1,D,KZ,KZ,F
10:31:06,MYOR,RG,1910,2,D,KZ,KZ,F
10:31:01,MYOR,RG,1910,4,D,KZ,KK,D
10:30:50,MYOR,RG,1910,1,D,KZ,OD,D
10:29:47,MYOR,RG,1910,1,D,KZ,OD,D
10:28:47,MYOR,RG,1910,2,D,KZ,OD,D
10:27:49,MYOR,RG,1910,1,D,KZ,OD,D
10:27:42,MYOR,RG,1910,1,D,KZ,PD,D
10:26:49,MYOR,RG,1910,1,D,KZ,OD,D
10:26:04,MYOR,RG,1915,13,D,CC,XL,D
10:26:04,MYOR,RG,1915,23,D,PD,XL,D
10:25:47,MYOR,RG,1915,2,D,PD,OD,D
10:25:28,MYOR,RG,1915,1,D,PD,NI,D
10:25:12,MYOR,RG,1915,7,D,PD,KK,D
10:25:10,MYOR,RG,1915,58,D,PD,YP,D
10:25:04,MYOR,RG,1915,25,D,PD,XC,D
10:24:38,MYOR,RG,1915,3,D,PD,DR,D
10:24:38,MYOR,RG,1915,46,D,PD,YP,D
10:24:38,MYOR,RG,1915,3,D,PD,XC,D
10:24:38,MYOR,RG,1915,5,D,PD,YP,D
10:24:38,MYOR,RG,1915,3,D,PD,YP,D
10:24:38,MYOR,RG,1915,7,D,PD,XL,D
10:24:38,MYOR,RG,1915,15,D,PD,DH,D
10:24:38,MYOR,RG,1915,2,D,PD,XC,D
10:24:28,MYOR,RG,1915,39,D,KZ,AK,F
10:24:28,MYOR,RG,1915,113,D,KZ,YP,D
10:24:27,MYOR,RG,1915,36,D,KZ,YP,D
10:24:25,MYOR,RG,1910,1,D,KZ,OD,D
10:24:25,MYOR,RG,1910,6,D,KZ,YU,F
10:24:25,MYOR,RG,1910,75,D,KZ,YU,F
10:24:25,MYOR,RG,1910,66,D,KZ,KZ,F
10:24:25,MYOR,RG,1910,15,D,KZ,AK,F
10:24:25,MYOR,RG,1910,11,D,KZ,CC,D
10:24:25,MYOR,RG,1910,46,D,KZ,AK,F
10:24:25,MYOR,RG,1910,311,D,KZ,KZ,F
10:24:25,MYOR,RG,1910,700,D,KZ,SQ,D
10:24:25,MYOR,RG,1910,25,D,KZ,KK,D
10:24:25,MYOR,RG,1910,1,D,KZ,OD,D
10:24:12,MYOR,RG,1910,1,D,PD,OD,D
10:23:51,MYOR,RG,1905,1,D,NI,OD,D
10:23:16,MYOR,RG,1905,8,D,NI,KZ,F
10:22:52,MYOR,RG,1905,18,D,AT,NI,D
10:22:49,MYOR,RG,1905,1,D,AT,OD,D
10:22:41,MYOR,RG,1905,1,D,AT,KZ,F
10:22:18,MYOR,RG,1905,43,D,AT,KZ,F
10:22:18,MYOR,RG,1905,100,D,AT,AK,F
10:22:18,MYOR,RG,1905,37,D,AT,KZ,F
10:22:18,MYOR,RG,1905,5,D,XL,KZ,F
10:22:16,MYOR,RG,1905,45,D,XL,AK,F
10:22:16,MYOR,RG,1905,3,D,NI,AK,F
10:22:16,MYOR,RG,1905,10,D,AZ,AK,F
10:22:16,MYOR,RG,1905,28,D,KZ,AK,F
10:22:16,MYOR,RG,1905,5,D,NI,AK,F
10:22:16,MYOR,RG,1905,3,D,XC,AK,F
10:22:16,MYOR,RG,1905,4,D,XC,AK,F
10:22:16,MYOR,RG,1905,2,D,EP,AK,F
10:22:16,MYOR,RG,1905,8,D,EP,KZ,F
10:21:51,MYOR,RG,1905,40,D,EP,AK,F
10:21:51,MYOR,RG,1905,21,D,KZ,AK,F
10:21:51,MYOR,RG,1905,39,D,KZ,AK,F
10:21:51,MYOR,RG,1905,2,D,KZ,OD,D
10:21:05,MYOR,RG,1905,5,D,KZ,XC,D
10:21:01,MYOR,RG,1905,5,D,KZ,AK,F
10:20:56,MYOR,RG,1905,18,D,KZ,KZ,F
10:20:56,MYOR,RG,1905,2,D,KK,KZ,F
10:20:49,MYOR,RG,1905,1,D,KK,OD,D
10:20:16,MYOR,RG,1905,2,D,KK,KZ,F
10:20:16,MYOR,RG,1905,11,D,DR,KZ,F
10:20:03,MYOR,RG,1905,4,D,DR,NI,D
10:19:56,MYOR,RG,1905,10,D,DR,KZ,F
10:19:56,MYOR,RG,1905,2,D,XL,KZ,F
10:19:56,MYOR,RG,1905,11,D,PD,KZ,F
10:19:47,MYOR,RG,1905,1,D,PD,OD,D
10:19:31,MYOR,RG,1905,1,D,PD,KZ,F
10:19:26,MYOR,RG,1905,4,D,PD,KZ,F
10:19:26,MYOR,RG,1905,13,D,PD,KZ,F
10:19:26,MYOR,RG,1905,6,D,YP,KZ,F
10:19:26,MYOR,RG,1905,2,D,YP,KZ,F
10:18:49,MYOR,RG,1905,2,D,YP,OD,D
10:17:57,MYOR,RG,1910,8,D,KZ,KZ,F
10:17:56,MYOR,RG,1910,20,D,PD,KZ,F
10:17:56,MYOR,RG,1910,13,D,XL,KZ,F
10:17:56,MYOR,RG,1910,38,D,KZ,KZ,F
10:17:56,MYOR,RG,1910,40,D,KZ,KZ,F
10:17:56,MYOR,RG,1910,2,D,KZ,KZ,F
10:17:56,MYOR,RG,1910,5,D,NI,KZ,F
10:17:55,MYOR,RG,1910,3,D,NI,XC,D
10:17:51,MYOR,RG,1910,1,D,NI,OD,D
10:16:53,MYOR,RG,1910,1,D,NI,OD,D
10:15:55,MYOR,RG,1910,2,D,XL,OD,D
10:15:14,MYOR,RG,1915,31,D,KZ,YP,D
10:15:14,MYOR,RG,1915,77,D,CC,YP,D
10:15:14,MYOR,RG,1915,43,D,CC,YP,D
10:14:51,MYOR,RG,1920,1,D,XC,FS,D
10:14:51,MYOR,RG,1915,1,D,CC,OD,D
10:14:29,MYOR,RG,1920,16,D,KZ,FS,D
10:14:27,MYOR,RG,1920,12,D,KZ,FS,D
10:14:25,MYOR,RG,1915,54,D,CC,AK,F
10:14:25,MYOR,RG,1915,46,D,YP,AK,F
10:14:25,MYOR,RG,1915,1,D,YP,AK,F
10:14:25,MYOR,RG,1915,2,D,YP,AK,F
10:14:24,MYOR,RG,1915,4,D,YP,AK,F
10:14:24,MYOR,RG,1915,3,D,YP,BQ,D
10:13:48,MYOR,RG,1920,8,D,KZ,FS,D
10:13:47,MYOR,RG,1920,21,D,KZ,FS,D
10:13:47,MYOR,RG,1920,25,D,KZ,PD,D
10:13:47,MYOR,RG,1920,3,D,KZ,CC,D
10:13:47,MYOR,RG,1920,10,D,KZ,DR,D
10:13:47,MYOR,RG,1920,30,D,KZ,XC,D
10:13:47,MYOR,RG,1920,6,D,KZ,LG,D
10:13:47,MYOR,RG,1920,10,D,KZ,XC,D
10:13:47,MYOR,RG,1920,1,D,KZ,NI,D
10:13:45,MYOR,RG,1915,94,D,YP,AK,F
10:13:45,MYOR,RG,1915,2,D,YP,KZ,F
10:13:45,MYOR,RG,1915,4,D,YP,KK,D
10:13:45,MYOR,RG,1915,8,D,YP,KZ,F
10:13:45,MYOR,RG,1915,20,D,YP,NI,D
10:13:45,MYOR,RG,1915,2,D,YP,LG,D
10:13:45,MYOR,RG,1915,20,D,YP,YB,D
10:13:45,MYOR,RG,1915,30,D,YP,YU,D
10:13:45,MYOR,RG,1915,1,D,YP,YP,D
10:13:45,MYOR,RG,1915,1,D,YP,BQ,D
10:13:45,MYOR,RG,1915,5,D,YP,XC,D
10:13:45,MYOR,RG,1915,4,D,YP,AT,D
10:13:45,MYOR,RG,1915,30,D,YP,NI,D
10:13:45,MYOR,RG,1915,44,D,YP,XC,D
10:13:45,MYOR,RG,1915,1,D,YP,XA,D
10:13:45,MYOR,RG,1915,10,D,YP,XL,D
10:13:45,MYOR,RG,1915,6,D,YP,OD,D
10:13:45,MYOR,RG,1915,1,D,YP,XC,D
10:13:45,MYOR,RG,1915,60,D,YP,CC,D
10:13:45,MYOR,RG,1915,2,D,YP,CC,D
10:13:45,MYOR,RG,1915,2,D,YP,YP,D
10:13:45,MYOR,RG,1915,2,D,YP,XC,D
10:13:45,MYOR,RG,1915,58,D,YP,KZ,F
10:13:45,MYOR,RG,1915,5,D,YP,PD,D
10:13:45,MYOR,RG,1915,1,D,YP,XC,D
10:13:45,MYOR,RG,1915,8,D,YP,PD,D
10:13:45,MYOR,RG,1915,2,D,YP,NI,D
10:13:45,MYOR,RG,1915,43,D,YP,KZ,F
10:13:25,MYOR,RG,1915,11,D,KZ,KZ,F
10:13:23,MYOR,RG,1915,13,D,KZ,AK,F
10:13:21,MYOR,RG,1910,1,D,PD,OD,D
10:13:21,MYOR,RG,1910,3,D,PD,XC,D
10:13:21,MYOR,RG,1910,4,D,PD,KZ,F
10:13:21,MYOR,RG,1910,10,D,PD,XC,D
10:13:21,MYOR,RG,1910,28,D,PD,KZ,F
10:13:21,MYOR,RG,1910,52,D,PD,KZ,F
10:12:51,MYOR,RG,1905,1,D,KZ,OD,D
10:12:10,MYOR,RG,1910,1,D,KZ,KZ,F
10:12:10,MYOR,RG,1910,3,D,XL,KZ,F
10:11:51,MYOR,RG,1905,1,D,KZ,OD,D
10:10:33,MYOR,RG,1910,1,D,NI,OD,D
10:10:19,MYOR,RG,1915,2,D,KZ,AK,F
10:10:19,MYOR,RG,1915,5,D,NI,AK,F
10:09:54,MYOR,RG,1915,2,D,KZ,AK,F
10:09:54,MYOR,RG,1915,11,D,XC,AK,F
10:09:26,MYOR,RG,1915,44,D,KZ,AK,F
10:09:23,MYOR,RG,1910,1,D,KZ,AK,F
10:09:23,MYOR,RG,1910,59,D,PD,AK,F
10:09:23,MYOR,RG,1910,3,D,PD,CD,D
10:09:23,MYOR,RG,1910,1,D,PD,OD,D
10:09:23,MYOR,RG,1910,7,D,PD,KZ,F
10:09:23,MYOR,RG,1910,1,D,PD,YP,D
10:09:23,MYOR,RG,1910,81,D,PD,YU,F
10:09:23,MYOR,RG,1910,19,D,PD,KZ,F
10:09:23,MYOR,RG,1910,5,D,PD,NI,D
10:09:23,MYOR,RG,1910,24,D,PD,HP,D
10:08:50,MYOR,RG,1905,1,D,KZ,OD,D
10:08:16,MYOR,RG,1910,20,D,EP,HP,D
10:07:52,MYOR,RG,1905,2,D,KZ,OD,D
10:07:23,MYOR,RG,1910,5,D,PD,HP,D
10:07:23,MYOR,RG,1910,3,D,PD,KZ,F
10:07:23,MYOR,RG,1910,3,D,PD,DR,D
10:06:53,MYOR,RG,1905,1,D,KZ,OD,D
10:06:32,MYOR,RG,1910,7,D,NI,DR,D
10:06:32,MYOR,RG,1910,1,D,NI,KZ,F
10:06:32,MYOR,RG,1910,2,D,NI,AZ,D
10:05:53,MYOR,RG,1905,1,D,KZ,OD,D
10:05:24,MYOR,RG,1905,3,D,KZ,KK,D
10:04:53,MYOR,RG,1905,1,D,KZ,OD,D
10:04:21,MYOR,RG,1910,3,D,AT,AZ,D
10:04:21,MYOR,RG,1910,5,D,AT,KZ,F
10:04:21,MYOR,RG,1910,3,D,XC,KZ,F
10:04:21,MYOR,RG,1910,2,D,YP,KZ,F
10:04:21,MYOR,RG,1910,10,D,KZ,KZ,F
10:04:21,MYOR,RG,1910,3,D,KZ,KZ,F
10:04:21,MYOR,RG,1910,3,D,KZ,KZ,F
10:04:21,MYOR,RG,1910,1,D,KZ,KZ,F
10:04:20,MYOR,RG,1915,8,D,KZ,AK,F
10:04:20,MYOR,RG,1915,1,D,KZ,AK,F
10:04:18,MYOR,RG,1910,18,D,KZ,KZ,F
10:04:18,MYOR,RG,1910,25,D,PD,KZ,F
10:04:18,MYOR,RG,1910,100,D,PD,AK,F
10:04:18,MYOR,RG,1910,1,D,PD,NI,D
10:04:10,MYOR,RG,1915,2,D,KZ,AK,F
10:04:10,MYOR,RG,1915,1,D,CC,AK,F
10:03:57,MYOR,RG,1910,5,D,PD,XL,D
10:03:54,MYOR,RG,1910,1,D,PD,OD,D
10:03:27,MYOR,RG,1915,7,D,KZ,AK,F
10:03:24,MYOR,RG,1915,1,D,KZ,AK,F
10:03:22,MYOR,RG,1910,45,D,PD,CC,D
10:03:00,MYOR,RG,1910,1,D,PD,BQ,D
10:02:50,MYOR,RG,1910,3,D,PD,PD,D
10:02:22,MYOR,RG,1910,1,D,PD,OD,D
10:02:22,MYOR,RG,1910,1,D,PD,KZ,F
10:02:22,MYOR,RG,1910,17,D,PD,BK,F
10:01:23,MYOR,RG,1915,8,D,KZ,AK,F
10:01:23,MYOR,RG,1910,34,D,KZ,KZ,F
10:01:23,MYOR,RG,1915,9,D,KZ,AK,F
10:01:21,MYOR,RG,1910,1,D,PD,OD,D
10:01:21,MYOR,RG,1910,81,D,PD,YU,F
10:01:21,MYOR,RG,1910,10,D,PD,PD,D
10:01:21,MYOR,RG,1910,15,D,PD,NI,D
10:01:21,MYOR,RG,1910,43,D,PD,KZ,F
10:01:21,MYOR,RG,1910,16,D,PD,BK,F
10:01:21,MYOR,RG,1910,1,D,PD,KZ,F
10:01:21,MYOR,RG,1910,1,D,PD,KZ,F
10:01:21,MYOR,RG,1910,97,D,PD,CC,D
10:01:01,MYOR,RG,1905,1,D,KZ,KZ,F
10:01:01,MYOR,RG,1905,1,D,KZ,KZ,F
10:00:56,MYOR,RG,1905,1,D,KZ,OD,D
09:59:56,MYOR,RG,1905,38,D,KZ,KZ,F
09:59:54,MYOR,RG,1905,1,D,KZ,OD,D
09:59:51,MYOR,RG,1905,1,D,KZ,KZ,F
09:58:58,MYOR,RG,1905,1,D,KZ,OD,D
09:58:56,MYOR,RG,1905,14,D,KZ,PD,D
09:58:56,MYOR,RG,1905,29,D,KZ,PD,D
09:58:56,MYOR,RG,1905,2,D,YB,PD,D
09:58:56,MYOR,RG,1905,25,D,XC,PD,D
09:58:56,MYOR,RG,1905,1,D,PD,PD,D
09:58:56,MYOR,RG,1905,3,D,XL,PD,D
09:58:56,MYOR,RG,1905,1,D,XC,PD,D
09:58:56,MYOR,RG,1905,10,D,PD,PD,D
09:58:56,MYOR,RG,1905,10,D,YB,PD,D
09:58:56,MYOR,RG,1905,1,D,KZ,PD,D
09:58:56,MYOR,RG,1905,4,D,YB,PD,D
09:58:55,MYOR,RG,1910,1,D,IF,CC,D
09:57:56,MYOR,RG,1905,2,D,YB,OD,D
09:57:01,MYOR,RG,1910,1,D,XL,XC,D
09:56:58,MYOR,RG,1910,1,D,CP,OD,D
09:56:53,MYOR,RG,1910,3,D,CP,XC,D
09:56:46,MYOR,RG,1910,1,D,CP,XC,D
09:56:45,MYOR,RG,1910,1,D,CP,XL,D
09:56:44,MYOR,RG,1910,4,D,CP,XC,D
09:56:21,MYOR,RG,1910,4,D,KZ,KZ,F
09:55:56,MYOR,RG,1910,4,D,CC,PD,D
09:55:44,MYOR,RG,1915,9,D,KZ,AK,F
09:55:42,MYOR,RG,1915,13,D,KZ,AK,F
09:55:42,MYOR,RG,1910,1,D,CC,YP,D
09:55:42,MYOR,RG,1910,1,D,CC,OD,D
09:55:42,MYOR,RG,1910,16,D,CC,KZ,F
09:55:42,MYOR,RG,1910,10,D,CC,KZ,F
09:55:42,MYOR,RG,1910,5,D,CC,KZ,F
09:55:42,MYOR,RG,1910,61,D,CC,BK,F
09:55:19,MYOR,RG,1910,1,D,CP,BK,F
09:55:19,MYOR,RG,1910,19,D,CP,KZ,F
09:54:54,MYOR,RG,1905,1,D,YB,OD,D
09:54:48,MYOR,RG,1910,10,D,YP,KZ,F
09:54:48,MYOR,RG,1910,46,D,KZ,KZ,F
09:54:48,MYOR,RG,1910,6,D,PD,KZ,F
09:54:48,MYOR,RG,1910,190,D,PD,XL,D
09:54:46,MYOR,RG,1910,2,D,PD,YP,D
09:53:53,MYOR,RG,1915,9,D,XC,AK,F
09:53:52,MYOR,RG,1910,1,D,PD,OD,D
09:53:51,MYOR,RG,1910,1,D,PD,KZ,F
09:53:46,MYOR,RG,1910,4,D,KZ,KZ,F
09:53:46,MYOR,RG,1910,1,D,NI,KZ,F
09:53:31,MYOR,RG,1915,2,D,KZ,AK,F
09:53:31,MYOR,RG,1915,1,D,KZ,AK,F
09:53:29,MYOR,RG,1910,25,D,NI,XC,D
09:53:29,MYOR,RG,1910,1,D,YB,XC,D
09:53:29,MYOR,RG,1910,1,D,EP,XC,D
09:53:21,MYOR,RG,1910,3,D,KZ,PD,D
09:53:21,MYOR,RG,1915,3,D,KZ,AK,F
09:53:20,MYOR,RG,1915,5,D,PD,AK,F
09:53:16,MYOR,RG,1910,5,D,PD,KZ,F
09:53:03,MYOR,RG,1910,2,D,PD,PD,D
09:52:52,MYOR,RG,1910,1,D,PD,OD,D
09:52:42,MYOR,RG,1915,1,D,XC,AK,F
09:52:34,MYOR,RG,1915,2,D,KZ,AK,F
09:52:34,MYOR,RG,1915,5,D,PD,AK,F
09:52:13,MYOR,RG,1915,1,D,KZ,AK,F
09:52:13,MYOR,RG,1915,1,D,KZ,AK,F
09:52:11,MYOR,RG,1910,1,D,PD,KZ,F
09:51:54,MYOR,RG,1910,1,D,PD,OD,D
09:51:46,MYOR,RG,1910,1,D,PD,CC,D
09:51:41,MYOR,RG,1910,6,D,PD,KZ,F
09:51:25,MYOR,RG,1915,1,D,KZ,AK,F
09:51:23,MYOR,RG,1915,1,D,KZ,AK,F
09:51:21,MYOR,RG,1910,8,D,PD,KZ,F
09:51:21,MYOR,RG,1910,4,D,PD,KZ,F
09:51:16,MYOR,RG,1910,1,D,PD,KZ,F
09:51:16,MYOR,RG,1910,1,D,PD,KZ,F
09:51:16,MYOR,RG,1910,3,D,CC,KZ,F
09:51:16,MYOR,RG,1910,1,D,CC,KZ,F
09:51:16,MYOR,RG,1910,1,D,CC,KZ,F
09:51:16,MYOR,RG,1910,2,D,CC,KZ,F
09:51:16,MYOR,RG,1910,1,D,CC,KZ,F
09:51:16,MYOR,RG,1910,17,D,CC,KZ,F
09:51:15,MYOR,RG,1910,4,D,CC,XC,D
09:50:58,MYOR,RG,1910,8,D,CC,AK,F
09:50:57,MYOR,RG,1910,40,D,CC,XA,D
09:50:54,MYOR,RG,1910,1,D,NI,OD,D
09:50:54,MYOR,RG,1910,1,D,KZ,OD,D
09:50:54,MYOR,RG,1910,5,D,KZ,LG,D
09:50:23,MYOR,RG,1910,3,D,KZ,KK,D
09:50:13,MYOR,RG,1910,2,D,KZ,XL,D
09:50:03,MYOR,RG,1910,11,D,KZ,AK,F
09:50:03,MYOR,RG,1910,4,D,CC,AK,F
09:49:57,MYOR,RG,1915,1,D,PD,AK,F
09:49:54,MYOR,RG,1915,2,D,KZ,YP,D
09:49:54,MYOR,RG,1915,6,D,KZ,XC,D
09:49:54,MYOR,RG,1915,2,D,KZ,KZ,F
09:49:54,MYOR,RG,1915,4,D,KZ,XC,D
09:49:52,MYOR,RG,1910,60,D,CC,AZ,D
09:49:52,MYOR,RG,1910,1,D,CC,OD,D
09:49:50,MYOR,RG,1915,4,D,KZ,KZ,F
09:49:48,MYOR,RG,1910,20,D,CC,NI,D
09:49:16,MYOR,RG,1915,3,D,KZ,KZ,F
09:49:16,MYOR,RG,1915,12,D,PD,KZ,F
09:48:57,MYOR,RG,1915,2,D,KZ,KZ,F
09:48:55,MYOR,RG,1910,10,D,CC,XL,D
09:48:54,MYOR,RG,1910,1,D,CC,OD,D
09:47:23,MYOR,RG,1915,61,D,KZ,KZ,F
09:47:23,MYOR,RG,1915,35,D,KZ,YP,D
09:47:23,MYOR,RG,1915,1,D,KZ,XC,D
09:47:23,MYOR,RG,1915,2,D,KZ,YP,D
09:47:23,MYOR,RG,1915,2,D,KZ,XL,D
09:47:23,MYOR,RG,1915,3,D,KZ,PD,D
09:47:23,MYOR,RG,1915,2,D,KZ,DR,D
09:47:23,MYOR,RG,1915,100,D,KZ,FS,D
09:47:23,MYOR,RG,1915,2,D,KZ,YP,D
09:47:23,MYOR,RG,1915,40,D,KZ,XC,D
09:47:23,MYOR,RG,1915,2,D,KZ,PD,D
09:47:23,MYOR,RG,1915,3,D,KZ,NI,D
09:47:19,MYOR,RG,1910,1,D,KZ,OD,D
09:47:19,MYOR,RG,1910,10,D,KZ,XC,D
09:47:19,MYOR,RG,1910,16,D,KZ,KZ,F
09:47:10,MYOR,RG,1910,132,D,PD,KZ,F
09:47:10,MYOR,RG,1910,160,D,PD,AK,F
09:47:10,MYOR,RG,1910,156,D,PD,DR,D
09:47:10,MYOR,RG,1910,3,D,PD,PD,D
09:47:10,MYOR,RG,1910,25,D,PD,LG,D
09:47:10,MYOR,RG,1910,1,D,PD,AZ,D
09:47:10,MYOR,RG,1910,1,D,PD,YU,D
09:47:10,MYOR,RG,1910,1,D,PD,XC,D
09:47:10,MYOR,RG,1910,10,D,PD,XC,D
09:47:10,MYOR,RG,1910,1,D,PD,YP,D
09:47:10,MYOR,RG,1910,2,D,PD,YP,D
09:47:10,MYOR,RG,1910,2,D,PD,XL,D
09:47:10,MYOR,RG,1910,3,D,PD,AT,D
09:47:10,MYOR,RG,1910,3,D,PD,KZ,F
09:47:07,MYOR,RG,1910,5,D,CD,KZ,F
09:47:07,MYOR,RG,1910,1,D,CD,KZ,F
09:47:07,MYOR,RG,1910,2,D,CD,YP,D
09:46:43,MYOR,RG,1905,1,D,YB,KZ,F
09:46:43,MYOR,RG,1905,1,D,YB,KZ,F
09:46:43,MYOR,RG,1905,1,D,YB,OD,D
09:46:34,MYOR,RG,1905,1,D,XL,YP,D
09:45:48,MYOR,RG,1905,1,D,XC,XC,D
09:45:45,MYOR,RG,1905,1,D,XC,OD,D
09:45:45,MYOR,RG,1905,5,D,XC,KZ,F
09:45:31,MYOR,RG,1905,18,D,YP,KZ,F
09:45:18,MYOR,RG,1905,1,D,CC,KZ,F
09:45:12,MYOR,RG,1905,25,D,DR,KZ,F
09:44:58,MYOR,RG,1905,11,D,PD,AZ,D
09:44:58,MYOR,RG,1905,1,D,PD,KZ,F
09:44:58,MYOR,RG,1905,1,D,PD,OD,D
09:44:58,MYOR,RG,1905,82,D,PD,YU,F
09:44:58,MYOR,RG,1905,16,D,PD,BK,F
09:44:58,MYOR,RG,1905,1,D,PD,KZ,F
09:44:58,MYOR,RG,1905,5,D,PD,OD,D
09:44:58,MYOR,RG,1905,1,D,PD,KZ,F
09:44:58,MYOR,RG,1905,19,D,PD,KZ,F
09:44:58,MYOR,RG,1905,3,D,PD,AT,D
09:44:37,MYOR,RG,1900,1,D,KZ,XL,D
09:43:57,MYOR,RG,1900,1,D,KZ,OD,D
09:42:59,MYOR,RG,1900,1,D,KZ,OD,D
09:41:57,MYOR,RG,1900,1,D,KZ,OD,D
09:40:12,MYOR,RG,1905,47,D,PD,AT,D
09:40:12,MYOR,RG,1905,1,D,PD,OD,D
09:40:12,MYOR,RG,1905,1,D,PD,KZ,F
09:40:12,MYOR,RG,1905,3,D,PD,KZ,F
09:40:12,MYOR,RG,1905,1,D,PD,KZ,F
09:40:12,MYOR,RG,1905,4,D,PD,KZ,F
09:40:12,MYOR,RG,1905,33,D,PD,KZ,F
09:40:09,MYOR,RG,1905,1,D,YP,KZ,F
09:39:53,MYOR,RG,1900,1,D,KZ,OD,D
09:39:16,MYOR,RG,1900,1,D,KZ,BQ,D
09:39:14,MYOR,RG,1900,6,D,KZ,YP,D
09:38:55,MYOR,RG,1900,1,D,KZ,OD,D
09:38:24,MYOR,RG,1900,1,D,KZ,PD,D
09:38:03,MYOR,RG,1900,10,D,KZ,OD,D
09:37:57,MYOR,RG,1900,1,D,KZ,OD,D
09:37:37,MYOR,RG,1905,39,D,PD,KZ,F
09:37:37,MYOR,RG,1905,1,D,PD,KZ,F
09:37:37,MYOR,RG,1905,31,D,PD,BK,F
09:37:37,MYOR,RG,1905,43,D,PD,KZ,F
09:37:37,MYOR,RG,1905,2,D,PD,KZ,F
09:37:37,MYOR,RG,1905,82,D,PD,YU,F
09:37:37,MYOR,RG,1905,24,D,PD,KZ,F
09:37:37,MYOR,RG,1905,48,D,PD,PD,D
09:37:37,MYOR,RG,1905,2,D,PD,XC,D
09:37:37,MYOR,RG,1905,5,D,PD,YP,D
09:37:37,MYOR,RG,1905,1,D,PD,XL,D
09:37:37,MYOR,RG,1905,6,D,PD,CC,D
09:37:37,MYOR,RG,1905,16,D,PD,YP,D
09:37:31,MYOR,RG,1905,1,D,XL,YP,D
09:36:57,MYOR,RG,1900,1,D,KZ,OD,D
09:36:46,MYOR,RG,1905,3,D,PD,YP,D
09:36:46,MYOR,RG,1905,4,D,PD,KZ,F
09:36:46,MYOR,RG,1905,8,D,PD,KZ,F
09:35:57,MYOR,RG,1900,1,D,KZ,OD,D
09:34:56,MYOR,RG,1900,100,D,KZ,MK,D
09:34:38,MYOR,RG,1900,5,D,KZ,NI,D
09:34:10,MYOR,RG,1900,1,D,PD,OD,D
09:34:10,MYOR,RG,1900,57,D,PD,XC,D
09:34:10,MYOR,RG,1900,214,D,PD,KZ,F
09:34:10,MYOR,RG,1900,500,D,PD,YP,D
09:34:10,MYOR,RG,1900,5,D,PD,PD,D
09:34:10,MYOR,RG,1900,5,D,PD,YP,D
09:34:10,MYOR,RG,1900,4,D,PD,YP,D
09:34:10,MYOR,RG,1900,174,D,PD,KZ,F
09:34:09,MYOR,RG,1895,2,D,KZ,XC,D
09:34:04,MYOR,RG,1900,1,D,KZ,KZ,F
09:34:01,MYOR,RG,1895,1,D,KZ,OD,D
09:33:13,MYOR,RG,1895,1,D,KZ,XC,D
09:32:59,MYOR,RG,1895,1,D,KZ,OD,D
09:31:55,MYOR,RG,1895,1,D,KZ,OD,D
09:30:55,MYOR,RG,1895,1,D,KZ,OD,D
09:30:34,MYOR,RG,1895,10,D,KZ,CC,D
09:29:55,MYOR,RG,1895,1,D,KZ,OD,D
09:29:54,MYOR,RG,1900,3,D,BQ,KZ,F
09:29:01,MYOR,RG,1900,15,D,KZ,KZ,F
09:29:01,MYOR,RG,1900,35,D,YU,KZ,F
09:28:12,MYOR,RG,1900,178,D,KZ,XC,D
09:28:12,MYOR,RG,1900,28,D,KZ,BK,F
09:28:12,MYOR,RG,1900,365,D,KZ,YU,F
09:28:12,MYOR,RG,1900,20,D,KZ,PD,D
09:28:12,MYOR,RG,1900,8,D,KZ,KZ,F
09:28:12,MYOR,RG,1900,4,D,KZ,KZ,F
09:28:12,MYOR,RG,1900,1,D,KZ,KZ,F
09:28:12,MYOR,RG,1900,26,D,KZ,KZ,F
09:28:07,MYOR,RG,1895,30,D,KZ,BK,F
09:28:07,MYOR,RG,1895,101,D,KZ,YP,D
09:28:07,MYOR,RG,1895,1,D,KZ,OD,D
09:28:07,MYOR,RG,1895,27,D,KZ,PD,D
09:28:07,MYOR,RG,1895,4,D,KZ,BK,F
09:27:52,MYOR,RG,1895,20,D,NI,BK,F
09:27:51,MYOR,RG,1895,4,D,YP,BK,F
09:27:51,MYOR,RG,1895,1,D,YP,OD,D
09:27:44,MYOR,RG,1890,382,D,PD,CC,D
09:27:44,MYOR,RG,1890,100,D,PD,CC,D
09:27:44,MYOR,RG,1890,2,D,YB,CC,D
09:27:44,MYOR,RG,1890,1,D,YP,CC,D
09:27:44,MYOR,RG,1890,4,D,OD,CC,D
09:27:44,MYOR,RG,1890,3,D,BQ,CC,D
09:27:44,MYOR,RG,1890,5,D,CC,CC,D
09:27:44,MYOR,RG,1890,1,D,ZP,CC,D
09:27:16,MYOR,RG,1895,1,D,KZ,YP,D
09:27:11,MYOR,RG,1895,213,D,KZ,CC,D
09:27:11,MYOR,RG,1895,190,F,AK,CC,D
09:27:11,MYOR,RG,1895,5,D,PD,CC,D
09:27:11,MYOR,RG,1895,20,D,CP,CC,D
09:27:11,MYOR,RG,1895,5,D,AZ,CC,D
09:27:11,MYOR,RG,1895,25,D,PD,CC,D
09:27:11,MYOR,RG,1895,30,D,YU,CC,D
09:27:11,MYOR,RG,1895,1,D,CC,CC,D
09:27:11,MYOR,RG,1895,3,D,YP,CC,D
09:27:11,MYOR,RG,1895,2,F,OD,CC,D
09:27:11,MYOR,RG,1895,3,D,AZ,CC,D
09:27:11,MYOR,RG,1895,100,D,YU,CC,D
09:27:11,MYOR,RG,1895,1,D,PD,CC,D
09:27:11,MYOR,RG,1895,1,D,OD,CC,D
09:27:11,MYOR,RG,1895,46,D,EP,CC,D
09:27:04,MYOR,RG,1900,3,D,XC,KZ,F
09:26:45,MYOR,RG,1895,3,D,EP,KK,D
09:26:28,MYOR,RG,1900,2,D,KZ,KZ,F
09:26:24,MYOR,RG,1900,4,D,PD,KZ,F
09:26:24,MYOR,RG,1900,1,D,PD,OD,D
09:26:13,MYOR,RG,1900,5,D,XC,KZ,F
09:26:13,MYOR,RG,1900,5,D,XC,YP,D
09:26:11,MYOR,RG,1900,1,D,XC,YP,D
09:26:11,MYOR,RG,1900,74,F,BK,YP,D
09:26:11,MYOR,RG,1900,13,D,YU,YP,D
09:26:01,MYOR,RG,1900,1,D,YU,OD,D
09:25:40,MYOR,RG,1900,10,D,YU,DR,D
09:25:01,MYOR,RG,1900,1,D,YU,KZ,F
09:24:59,MYOR,RG,1900,1,D,YU,OD,D
09:24:37,MYOR,RG,1900,1,D,YU,XL,D
09:24:06,MYOR,RG,1900,3,D,YU,KZ,F
09:23:43,MYOR,RG,1900,8,D,YU,YP,D
09:23:42,MYOR,RG,1900,18,D,YU,KZ,F
09:23:42,MYOR,RG,1900,22,D,YU,BK,F
09:23:42,MYOR,RG,1900,20,D,YU,SQ,D
09:23:42,MYOR,RG,1900,1,D,YU,OD,D
09:23:42,MYOR,RG,1900,1,D,YU,KK,D
09:23:17,MYOR,RG,1900,1,D,XL,KZ,F
09:22:57,MYOR,RG,1895,1,D,EP,OD,D
09:22:57,MYOR,RG,1900,1,D,SQ,KZ,F
09:22:57,MYOR,RG,1900,1,D,SQ,KZ,F
09:22:57,MYOR,RG,1900,1,D,SQ,KZ,F
09:22:57,MYOR,RG,1900,1,D,SQ,KZ,F
09:22:57,MYOR,RG,1900,1,D,SQ,PD,D
09:22:13,MYOR,RG,1895,1,D,RS,IH,D
09:21:55,MYOR,RG,1895,1,D,RS,OD,D
09:21:53,MYOR,RG,1900,1,D,CC,PD,D
09:21:14,MYOR,RG,1900,1,D,YP,PD,D
09:21:14,MYOR,RG,1900,1,D,IH,PD,D
09:21:14,MYOR,RG,1900,1,D,YP,PD,D
09:21:14,MYOR,RG,1900,1,D,XC,PD,D
09:21:03,MYOR,RG,1900,3,D,XC,YP,D
09:20:55,MYOR,RG,1900,1,D,XC,OD,D
09:20:31,MYOR,RG,1900,2,D,PD,KZ,F
09:20:31,MYOR,RG,1900,3,D,PD,KZ,F
09:20:31,MYOR,RG,1900,9,D,YU,KZ,F
09:20:07,MYOR,RG,1900,25,D,YU,XL,D
09:20:07,MYOR,RG,1900,2,D,XL,XL,D
09:20:07,MYOR,RG,1900,1,D,SQ,XL,D
09:20:07,MYOR,RG,1900,1,D,YP,XL,D
09:20:07,MYOR,RG,1900,1,D,KK,XL,D
09:20:07,MYOR,RG,1900,4,D,YU,XL,D
09:20:06,MYOR,RG,1900,3,D,YU,KZ,F
09:19:57,MYOR,RG,1900,1,D,YU,OD,D
09:19:56,MYOR,RG,1900,4,D,YU,KZ,F
09:19:43,MYOR,RG,1900,5,D,YU,XC,D
09:19:41,MYOR,RG,1900,13,D,YU,KZ,F
09:19:31,MYOR,RG,1900,10,D,YU,AT,D
09:19:19,MYOR,RG,1900,30,D,YU,AK,F
09:19:12,MYOR,RG,1900,27,D,YU,KZ,F
09:19:11,MYOR,RG,1900,11,D,YU,KZ,F
09:19:10,MYOR,RG,1900,28,D,YU,KZ,F
09:19:10,MYOR,RG,1900,64,D,YU,XC,D
09:19:10,MYOR,RG,1900,66,D,YP,XC,D
09:19:06,MYOR,RG,1900,4,D,YP,KZ,F
09:19:01,MYOR,RG,1900,1,D,YP,OD,D
09:19:01,MYOR,RG,1900,5,D,YP,KZ,F
09:19:01,MYOR,RG,1900,24,D,YP,XL,D
09:18:41,MYOR,RG,1900,10,D,YP,GR,D
09:18:41,MYOR,RG,1900,1,D,YP,KZ,F
09:18:40,MYOR,RG,1900,10,D,YP,YP,D
09:18:21,MYOR,RG,1900,17,D,YP,KZ,F
09:18:21,MYOR,RG,1900,1,D,YP,KZ,F
09:18:18,MYOR,RG,1900,2,D,YP,XL,D
09:18:18,MYOR,RG,1900,93,D,YP,KZ,F
09:18:16,MYOR,RG,1900,1,D,YP,KZ,F
09:18:16,MYOR,RG,1900,1,D,YP,KZ,F
09:18:16,MYOR,RG,1900,1,D,YP,KZ,F
09:18:16,MYOR,RG,1900,7,D,YP,KZ,F
09:18:16,MYOR,RG,1900,6,D,YP,KZ,F
09:18:16,MYOR,RG,1900,2,D,YP,KZ,F
09:18:15,MYOR,RG,1900,115,D,YP,YP,D
09:18:09,MYOR,RG,1900,2,D,YP,PD,D
09:18:01,MYOR,RG,1900,1,D,YP,OD,D
09:17:38,MYOR,RG,1900,1,D,YP,NI,D
09:17:33,MYOR,RG,1900,100,D,YP,EP,D
09:17:31,MYOR,RG,1900,1,D,YP,YP,D
09:17:04,MYOR,RG,1900,3,D,YP,XC,D
09:16:55,MYOR,RG,1900,40,D,YP,NI,D
09:16:52,MYOR,RG,1900,15,D,YP,YB,D
09:16:52,MYOR,RG,1900,1,D,KK,YB,D
09:16:52,MYOR,RG,1900,3,D,LG,YB,D
09:16:37,MYOR,RG,1900,1,D,LG,XL,D
09:16:36,MYOR,RG,1900,1,D,LG,PD,D
09:16:28,MYOR,RG,1900,5,D,LG,PD,D
09:16:24,MYOR,RG,1905,1,F,BK,OD,D
09:16:24,MYOR,RG,1905,2,F,BK,KZ,F
09:16:24,MYOR,RG,1905,14,F,BK,KZ,F
09:16:24,MYOR,RG,1905,1,F,BK,KZ,F
09:16:24,MYOR,RG,1905,6,F,BK,KZ,F
09:16:24,MYOR,RG,1905,5,F,BK,KZ,F
09:16:24,MYOR,RG,1900,1,D,LG,OD,D
09:16:23,MYOR,RG,1905,10,D,XA,KZ,F
09:16:23,MYOR,RG,1905,1,D,XA,KZ,F
09:16:23,MYOR,RG,1905,22,D,XA,KZ,F
09:16:23,MYOR,RG,1905,4,D,XA,KZ,F
09:16:23,MYOR,RG,1905,3,D,XA,KZ,F
09:16:18,MYOR,RG,1900,11,D,LG,YB,D
09:16:18,MYOR,RG,1900,2,D,LG,SQ,D
09:16:10,MYOR,RG,1900,1,D,LG,XC,D
09:16:05,MYOR,RG,1905,1,D,YP,KZ,F
09:16:03,MYOR,RG,1900,1,D,YP,OD,D
09:15:13,MYOR,RG,1905,1,D,YP,HP,D
09:15:00,MYOR,RG,1905,2,F,BK,OD,D
09:15:00,MYOR,RG,1905,1,F,BK,KZ,F
09:15:00,MYOR,RG,1905,5,F,BK,YP,D
09:15:00,MYOR,RG,1905,1,D,XC,YP,D
09:15:00,MYOR,RG,1905,4,D,YU,YP,D
09:14:59,MYOR,RG,1905,29,D,YU,KZ,F
09:14:59,MYOR,RG,1905,54,F,BK,KZ,F
09:14:57,MYOR,RG,1905,134,F,BK,CC,D
09:14:57,MYOR,RG,1905,1,D,YP,CC,D
09:14:57,MYOR,RG,1905,10,D,XC,CC,D
09:14:57,MYOR,RG,1905,20,D,YP,CC,D
09:14:57,MYOR,RG,1905,28,D,YU,CC,D
09:14:56,MYOR,RG,1910,2,D,PD,KZ,F
09:14:36,MYOR,RG,1905,10,D,YU,YP,D
09:14:33,MYOR,RG,1905,50,D,YU,YP,D
09:14:33,MYOR,RG,1910,1,D,YP,KZ,F
09:14:14,MYOR,RG,1905,2,D,YU,YP,D
09:14:00,MYOR,RG,1905,10,D,YU,YP,D
09:14:00,MYOR,RG,1905,1,D,PD,YP,D
09:14:00,MYOR,RG,1905,3,D,DR,YP,D
09:14:00,MYOR,RG,1905,1,D,KK,YP,D
09:14:00,MYOR,RG,1905,35,D,YP,YP,D
09:13:59,MYOR,RG,1905,1,D,YP,DR,D
09:13:59,MYOR,RG,1905,2,D,CC,OD,D
09:13:43,MYOR,RG,1910,1,D,XC,KZ,F
09:13:31,MYOR,RG,1910,2,D,XA,KZ,F
09:13:11,MYOR,RG,1910,10,D,XC,KZ,F
09:13:11,MYOR,RG,1910,30,D,YU,KZ,F
09:13:11,MYOR,RG,1910,23,D,YU,KZ,F
09:13:06,MYOR,RG,1910,3,D,YU,KZ,F
09:13:06,MYOR,RG,1910,15,D,YU,KZ,F
09:13:06,MYOR,RG,1910,22,D,YU,KZ,F
09:13:06,MYOR,RG,1910,2,D,YU,KZ,F
09:13:06,MYOR,RG,1910,2,D,YU,KZ,F
09:13:05,MYOR,RG,1910,3,D,YU,KZ,F
09:13:05,MYOR,RG,1910,10,D,YP,KZ,F
09:13:05,MYOR,RG,1910,1,D,YP,KZ,F
09:13:05,MYOR,RG,1910,83,D,LG,KZ,F
09:13:05,MYOR,RG,1910,225,D,LG,SQ,D
09:12:58,MYOR,RG,1910,5,D,LG,YP,D
09:12:57,MYOR,RG,1910,2,D,LG,OD,D
09:12:30,MYOR,RG,1915,4,D,CD,NI,D
09:12:30,MYOR,RG,1915,1,D,CD,KZ,F
09:12:30,MYOR,RG,1915,1,D,CD,KZ,F
09:12:22,MYOR,RG,1910,50,D,LG,YP,D
09:12:16,MYOR,RG,1910,35,D,LG,YP,D
09:11:56,MYOR,RG,1910,7,D,LG,AK,F
09:11:56,MYOR,RG,1910,53,D,LG,AK,F
09:11:55,MYOR,RG,1910,2,D,LG,OD,D
09:11:17,MYOR,RG,1915,1,D,YP,KZ,F
09:11:16,MYOR,RG,1910,38,D,LG,KZ,F
09:11:16,MYOR,RG,1910,2,D,XC,KZ,F
09:11:16,MYOR,RG,1910,2,D,PD,KZ,F
09:11:16,MYOR,RG,1910,33,D,YU,KZ,F
09:11:16,MYOR,RG,1910,1,D,YU,KZ,F
09:11:16,MYOR,RG,1910,1,D,YU,KZ,F
09:11:16,MYOR,RG,1910,2,D,YU,KZ,F
09:11:16,MYOR,RG,1910,63,D,YU,KZ,F
09:11:16,MYOR,RG,1910,1,D,PD,KZ,F
09:11:16,MYOR,RG,1910,1,D,XC,KZ,F
09:11:16,MYOR,RG,1910,30,D,KK,KZ,F
09:11:16,MYOR,RG,1910,2,D,DR,KZ,F
09:11:16,MYOR,RG,1910,58,D,CC,KZ,F
09:11:14,MYOR,RG,1910,38,D,CC,XA,D
09:11:14,MYOR,RG,1910,75,D,CC,XA,D
09:11:14,MYOR,RG,1910,25,D,GR,XA,D
09:11:14,MYOR,RG,1910,1,D,OD,XA,D
09:11:14,MYOR,RG,1910,361,D,YP,XA,D
09:10:57,MYOR,RG,1910,2,D,YP,OD,D
09:10:22,MYOR,RG,1910,5,D,YP,PD,D
09:09:55,MYOR,RG,1910,2,D,YP,OD,D
09:09:26,MYOR,RG,1915,7,D,YB,AK,F
09:09:26,MYOR,RG,1915,2,D,XC,AK,F
09:09:26,MYOR,RG,1915,30,D,YU,AK,F
09:09:26,MYOR,RG,1915,10,D,YP,AK,F
09:09:26,MYOR,RG,1915,15,D,DR,AK,F
09:09:26,MYOR,RG,1915,25,D,CC,AK,F
09:09:26,MYOR,RG,1915,50,D,YP,AK,F
09:09:26,MYOR,RG,1915,5,D,YP,AK,F
09:09:21,MYOR,RG,1915,2,D,KZ,KZ,F
09:09:21,MYOR,RG,1915,1,D,KZ,KZ,F
09:09:21,MYOR,RG,1915,1,D,KZ,KZ,F
09:09:21,MYOR,RG,1915,2,D,KZ,KZ,F
09:09:21,MYOR,RG,1915,5,D,KZ,KZ,F
09:09:21,MYOR,RG,1915,1,D,KZ,KZ,F
09:09:21,MYOR,RG,1915,1,D,KZ,KZ,F
09:09:21,MYOR,RG,1915,1,D,KZ,KZ,F
09:09:21,MYOR,RG,1915,1,D,KZ,KZ,F
09:09:21,MYOR,RG,1915,4,D,KZ,KZ,F
09:09:16,MYOR,RG,1915,13,F,BK,AK,F
09:09:16,MYOR,RG,1915,1,D,KZ,AK,F
09:09:15,MYOR,RG,1915,1,D,PD,PD,D
09:09:03,MYOR,RG,1915,11,D,PD,DR,D
09:08:57,MYOR,RG,1915,2,D,PD,OD,D
09:08:22,MYOR,RG,1920,5,D,XL,CC,D
09:08:18,MYOR,RG,1915,1,D,PD,YB,D
09:08:04,MYOR,RG,1915,15,D,PD,XC,D
09:08:01,MYOR,RG,1915,1,D,PD,PD,D
09:07:59,MYOR,RG,1915,1,D,PD,OD,D
09:07:57,MYOR,RG,1915,10,D,PD,DR,D
09:07:53,MYOR,RG,1915,1,D,PD,XC,D
09:07:51,MYOR,RG,1915,1,D,PD,XC,D
09:07:47,MYOR,RG,1915,7,D,PD,YP,D
09:07:27,MYOR,RG,1915,4,D,PD,PD,D
09:07:22,MYOR,RG,1920,15,D,AZ,CC,D
09:07:18,MYOR,RG,1915,1,D,PD,NI,D
09:07:14,MYOR,RG,1915,5,D,PD,CC,D
09:07:13,MYOR,RG,1915,5,D,PD,MK,D
09:06:56,MYOR,RG,1915,15,D,PD,KZ,F
09:06:56,MYOR,RG,1915,1,D,PD,BQ,D
09:06:56,MYOR,RG,1915,2,D,PD,KZ,F
09:06:56,MYOR,RG,1915,12,D,PD,KZ,F
09:06:56,MYOR,RG,1915,2,D,PD,KZ,F
09:06:56,MYOR,RG,1915,5,D,PD,KZ,F
09:06:56,MYOR,RG,1915,15,D,PD,KZ,F
09:06:56,MYOR,RG,1915,36,D,PD,FS,D
09:06:53,MYOR,RG,1910,5,D,YP,SQ,D
09:06:49,MYOR,RG,1915,29,D,YU,FS,D
09:06:49,MYOR,RG,1915,35,D,CC,FS,D
09:06:46,MYOR,RG,1915,11,D,CC,YB,D
09:06:40,MYOR,RG,1915,21,D,CC,KZ,F
09:06:40,MYOR,RG,1915,4,D,CC,XL,D
09:06:40,MYOR,RG,1915,2,D,CC,KZ,F
09:06:40,MYOR,RG,1915,4,D,CC,KZ,F
09:06:40,MYOR,RG,1915,29,D,CC,KZ,F
09:06:40,MYOR,RG,1915,1,D,CC,KZ,F
09:06:40,MYOR,RG,1915,4,D,CC,KZ,F
09:06:40,MYOR,RG,1915,5,D,CC,XL,D
09:06:32,MYOR,RG,1910,9,D,YP,XC,D
09:06:26,MYOR,RG,1910,10,D,YP,YP,D
09:06:25,MYOR,RG,1915,2,D,XC,AK,F
09:06:12,MYOR,RG,1915,67,D,YU,AK,F
09:06:12,MYOR,RG,1915,171,D,PD,AK,F
09:06:11,MYOR,RG,1915,2,D,PD,DH,D
09:06:06,MYOR,RG,1915,4,D,PD,YP,D
09:06:06,MYOR,RG,1915,8,D,PD,KZ,F
09:06:06,MYOR,RG,1915,10,D,PD,KZ,F
09:06:05,MYOR,RG,1915,2,D,PD,DH,D
09:06:04,MYOR,RG,1915,2,D,PD,OD,D
09:06:04,MYOR,RG,1915,1,D,PD,DR,D
09:05:59,MYOR,RG,1910,2,D,YP,OD,D
09:05:58,MYOR,RG,1910,104,D,YP,KZ,F
09:05:58,MYOR,RG,1910,134,D,KZ,KZ,F
09:05:56,MYOR,RG,1910,26,D,KZ,KZ,F
09:05:56,MYOR,RG,1910,2,D,KZ,KZ,F
09:05:56,MYOR,RG,1910,15,D,KZ,KZ,F
09:05:56,MYOR,RG,1910,2,D,YP,KZ,F
09:05:56,MYOR,RG,1910,2,D,NI,KZ,F
09:05:56,MYOR,RG,1910,10,D,NI,KZ,F
09:05:56,MYOR,RG,1910,18,D,NI,KZ,F
09:05:56,MYOR,RG,1910,1,D,TF,KZ,F
09:05:56,MYOR,RG,1910,2,D,PD,KZ,F
09:05:56,MYOR,RG,1910,2,D,PD,KZ,F
09:05:54,MYOR,RG,1915,1,D,PD,AK,F
09:05:54,MYOR,RG,1915,96,D,KZ,AK,F
09:05:54,MYOR,RG,1915,10,D,PD,AK,F
09:05:54,MYOR,RG,1915,5,D,AZ,AK,F
09:05:54,MYOR,RG,1915,1,D,DR,AK,F
09:05:54,MYOR,RG,1915,153,D,KZ,AK,F
09:05:54,MYOR,RG,1915,1,D,XC,AK,F
09:05:54,MYOR,RG,1915,5,D,XA,AK,F
09:05:54,MYOR,RG,1915,217,D,PD,AK,F
09:05:54,MYOR,RG,1915,100,D,PD,FS,D
09:05:46,MYOR,RG,1915,1,D,PD,XC,D
09:05:44,MYOR,RG,1915,3,D,PD,PD,D
09:05:42,MYOR,RG,1915,4,D,PD,XC,D
09:05:40,MYOR,RG,1915,5,D,PD,PD,D
09:05:36,MYOR,RG,1915,2,D,PD,PD,D
09:05:36,MYOR,RG,1920,1,D,XC,CC,D
09:05:27,MYOR,RG,1920,20,D,PD,CC,D
09:05:15,MYOR,RG,1915,50,D,PD,YP,D
09:05:15,MYOR,RG,1915,45,D,PD,YP,D
09:05:15,MYOR,RG,1915,4,D,PD,XC,D
09:05:06,MYOR,RG,1915,21,D,PD,KZ,F
09:05:06,MYOR,RG,1915,9,D,PD,KZ,F
09:05:06,MYOR,RG,1915,39,D,PD,KZ,F
09:05:06,MYOR,RG,1915,1,D,XA,KZ,F
09:05:06,MYOR,RG,1915,9,D,XA,KZ,F
09:05:06,MYOR,RG,1915,12,D,YP,KZ,F
09:05:06,MYOR,RG,1915,5,D,YP,KZ,F
09:05:02,MYOR,RG,1915,13,D,YP,PD,D
09:05:02,MYOR,RG,1915,15,D,XA,PD,D
09:05:02,MYOR,RG,1915,1,D,KK,PD,D
09:05:02,MYOR,RG,1915,21,D,KZ,PD,D
09:05:02,MYOR,RG,1915,10,F,BK,PD,D
09:04:57,MYOR,RG,1915,11,F,BK,YP,D
09:04:57,MYOR,RG,1920,2,D,XC,CC,D
09:04:57,MYOR,RG,1915,2,F,BK,OD,D
09:04:44,MYOR,RG,1915,14,F,BK,KZ,F
09:04:44,MYOR,RG,1915,20,F,BK,CC,D
09:04:42,MYOR,RG,1920,2,D,PD,CC,D
09:04:41,MYOR,RG,1920,10,D,XC,CC,D
09:04:38,MYOR,RG,1915,50,F,BK,YP,D
09:04:33,MYOR,RG,1915,91,F,BK,XL,D
09:04:31,MYOR,RG,1915,10,F,BK,YP,D
09:04:30,MYOR,RG,1920,10,D,LG,CC,D
09:04:27,MYOR,RG,1915,26,F,BK,YP,D
09:04:05,MYOR,RG,1920,7,D,PD,CC,D
09:04:04,MYOR,RG,1920,6,D,AZ,CC,D
09:03:57,MYOR,RG,1920,10,D,DR,CC,D
09:03:57,MYOR,RG,1920,19,D,OD,CC,D
09:03:49,MYOR,RG,1920,19,D,OD,KZ,F
09:03:49,MYOR,RG,1920,23,D,OD,XC,D
09:03:46,MYOR,RG,1920,1,D,XL,XC,D
09:03:46,MYOR,RG,1920,30,F,BK,XC,D
09:03:46,MYOR,RG,1920,11,F,BK,YP,D
09:03:46,MYOR,RG,1920,2,F,BK,KZ,F
09:03:46,MYOR,RG,1920,1,F,BK,KZ,F
09:03:46,MYOR,RG,1920,26,F,BK,KZ,F
09:03:46,MYOR,RG,1920,2,F,BK,KZ,F
09:03:46,MYOR,RG,1920,19,F,BK,KZ,F
09:03:46,MYOR,RG,1920,20,F,BK,XC,D
09:03:46,MYOR,RG,1920,11,F,BK,PD,D
09:03:39,MYOR,RG,1920,14,F,BK,PD,D
09:03:39,MYOR,RG,1920,1,F,BK,PD,D
09:03:39,MYOR,RG,1920,10,F,BK,CC,D
09:03:39,MYOR,RG,1920,8,F,BK,KZ,F
09:03:39,MYOR,RG,1920,20,F,BK,EP,D
09:03:39,MYOR,RG,1920,5,F,BK,YP,D
09:03:39,MYOR,RG,1920,8,F,BK,KZ,F
09:03:38,MYOR,RG,1915,5,F,BK,DX,D
09:03:34,MYOR,RG,1920,1,D,YP,KZ,F
09:03:33,MYOR,RG,1915,3,F,BK,NI,D
09:03:30,MYOR,RG,1915,1,F,BK,AZ,D
09:03:30,MYOR,RG,1915,4,D,CP,AZ,D
09:03:29,MYOR,RG,1915,6,D,CP,YP,D
09:03:29,MYOR,RG,1915,5,D,XC,YP,D
09:03:29,MYOR,RG,1915,31,D,XC,YP,D
09:03:29,MYOR,RG,1915,8,D,GR,YP,D
09:03:28,MYOR,RG,1920,92,D,PD,KZ,F
09:03:28,MYOR,RG,1920,1,D,PD,YP,D
09:03:28,MYOR,RG,1920,1,D,PD,KZ,F
09:03:28,MYOR,RG,1920,6,D,PD,KZ,F
09:03:25,MYOR,RG,1915,1,D,GR,KK,D
09:03:21,MYOR,RG,1920,2,D,AT,KZ,F
09:03:21,MYOR,RG,1920,1,D,AT,KZ,F
09:03:19,MYOR,RG,1920,2,D,DR,KZ,F
09:03:11,MYOR,RG,1915,1,D,GR,DR,D
09:03:11,MYOR,RG,1915,2,D,DR,DR,D
09:03:10,MYOR,RG,1920,1,D,CC,KZ,F
09:03:10,MYOR,RG,1920,38,D,CC,AK,F
09:03:10,MYOR,RG,1920,2,D,CC,OD,D
09:03:07,MYOR,RG,1925,2,D,DR,AK,F
09:03:07,MYOR,RG,1920,3,D,DR,YP,D
09:03:06,MYOR,RG,1925,107,D,CC,AK,F
09:03:06,MYOR,RG,1925,36,D,CC,AK,F
09:03:06,MYOR,RG,1925,2,D,CC,KZ,F
09:03:06,MYOR,RG,1925,46,D,CC,DR,D
09:03:02,MYOR,RG,1925,1,D,YP,DR,D
09:03:00,MYOR,RG,1925,3,D,YP,DR,D
09:02:57,MYOR,RG,1925,2,D,YP,YP,D
09:02:53,MYOR,RG,1925,4,D,YP,KZ,F
09:02:53,MYOR,RG,1925,10,D,YP,PD,D
09:02:52,MYOR,RG,1920,8,D,YP,KZ,F
09:02:51,MYOR,RG,1915,8,D,DR,KZ,F
09:02:51,MYOR,RG,1915,1,D,XC,KZ,F
09:02:51,MYOR,RG,1915,31,D,KZ,KZ,F
09:02:51,MYOR,RG,1915,10,D,KZ,KZ,F
09:02:51,MYOR,RG,1915,2,D,YP,KZ,F
09:02:51,MYOR,RG,1915,4,D,KZ,KZ,F
09:02:51,MYOR,RG,1915,2,D,KZ,KZ,F
09:02:51,MYOR,RG,1915,3,D,KZ,KZ,F
09:02:51,MYOR,RG,1915,5,D,PD,KZ,F
09:02:51,MYOR,RG,1915,5,D,YP,KZ,F
09:02:51,MYOR,RG,1915,1,D,KZ,KZ,F
09:02:51,MYOR,RG,1915,3,D,KZ,KZ,F
09:02:51,MYOR,RG,1915,1,D,KZ,KZ,F
09:02:51,MYOR,RG,1915,2,D,KZ,KZ,F
09:02:51,MYOR,RG,1915,66,D,KZ,KZ,F
09:02:51,MYOR,RG,1915,10,D,YP,KZ,F
09:02:51,MYOR,RG,1915,65,D,KZ,KZ,F
09:02:51,MYOR,RG,1920,48,D,PD,AK,F
09:02:51,MYOR,RG,1920,1,D,DR,AK,F
09:02:51,MYOR,RG,1920,5,D,PD,AK,F
09:02:51,MYOR,RG,1920,1,D,KK,AK,F
09:02:51,MYOR,RG,1920,8,D,EP,AK,F
09:02:51,MYOR,RG,1920,100,D,DX,AK,F
09:02:51,MYOR,RG,1920,1,D,YP,AK,F
09:02:51,MYOR,RG,1920,2,D,AO,AK,F
09:02:51,MYOR,RG,1920,20,D,KK,AK,F
09:02:51,MYOR,RG,1920,10,D,YP,AK,F
09:02:51,MYOR,RG,1920,3,D,XC,AK,F
09:02:51,MYOR,RG,1920,5,D,YP,AK,F
09:02:51,MYOR,RG,1920,1,D,PD,AK,F
09:02:51,MYOR,RG,1920,1,D,YP,AK,F
09:02:51,MYOR,RG,1920,19,D,PD,AK,F
09:02:48,MYOR,RG,1925,3,D,DH,AK,F
09:02:48,MYOR,RG,1925,8,D,YP,AK,F
09:02:48,MYOR,RG,1925,18,D,XC,AK,F
09:02:48,MYOR,RG,1925,5,D,YP,AK,F
09:02:48,MYOR,RG,1925,100,D,MK,AK,F
09:02:48,MYOR,RG,1925,2,D,CC,AK,F
09:02:48,MYOR,RG,1925,12,D,YB,AK,F
09:02:48,MYOR,RG,1925,3,D,AZ,AK,F
09:02:48,MYOR,RG,1925,2,D,NI,AK,F
09:02:48,MYOR,RG,1925,1,F,BK,AK,F
09:02:48,MYOR,RG,1925,156,D,YB,AK,F
09:02:48,MYOR,RG,1925,1,D,DR,AK,F
09:02:48,MYOR,RG,1925,34,D,XL,AK,F
09:02:48,MYOR,RG,1925,9,D,XL,AK,F
09:02:48,MYOR,RG,1930,1,D,NI,KZ,F
09:02:48,MYOR,RG,1925,2,D,XL,YP,D
09:02:47,MYOR,RG,1930,2,D,CC,KZ,F
09:02:41,MYOR,RG,1930,3,D,XC,KZ,F
09:02:39,MYOR,RG,1930,10,D,XC,KZ,F
09:02:39,MYOR,RG,1930,15,D,YB,KZ,F
09:02:38,MYOR,RG,1930,1,D,XC,KZ,F
09:02:34,MYOR,RG,1930,6,D,GR,KZ,F
09:02:34,MYOR,RG,1930,4,D,GR,XC,D
09:02:34,MYOR,RG,1930,10,D,GR,YP,D
09:02:33,MYOR,RG,1925,1,D,XL,YP,D
09:02:32,MYOR,RG,1930,10,D,XC,YP,D
09:02:32,MYOR,RG,1930,2,D,XL,YP,D
09:02:32,MYOR,RG,1930,1,D,YP,YP,D
09:02:26,MYOR,RG,1930,8,D,PD,YP,D
09:02:23,MYOR,RG,1930,1,D,XC,YP,D
09:02:23,MYOR,RG,1930,3,D,XC,YP,D
09:02:20,MYOR,RG,1930,4,D,NI,YP,D
09:02:20,MYOR,RG,1930,13,D,NI,KZ,F
09:02:20,MYOR,RG,1930,1,D,NI,SQ,D
09:02:19,MYOR,RG,1930,20,D,DR,SQ,D
09:02:19,MYOR,RG,1930,3,D,XC,SQ,D
09:02:15,MYOR,RG,1930,1,D,PD,SQ,D
09:02:15,MYOR,RG,1930,4,D,PD,KZ,F
09:02:13,MYOR,RG,1930,18,D,YP,KZ,F
09:02:13,MYOR,RG,1930,82,D,YP,YP,D
09:02:12,MYOR,RG,1925,2,D,XL,DR,D
09:02:09,MYOR,RG,1930,1,D,KK,YP,D
09:02:08,MYOR,RG,1930,10,D,CC,YP,D
09:02:06,MYOR,RG,1930,1,D,YP,YP,D
09:02:06,MYOR,RG,1930,6,D,XL,YP,D
09:02:06,MYOR,RG,1930,1,D,XL,XC,D
09:02:06,MYOR,RG,1930,2,D,XL,OD,D
09:02:05,MYOR,RG,1925,2,D,XL,YB,D
09:02:05,MYOR,RG,1925,58,D,YP,YB,D
09:02:05,MYOR,RG,1925,10,D,XA,YB,D
09:02:05,MYOR,RG,1925,30,D,YP,YB,D
09:02:03,MYOR,RG,1930,1,D,KK,XC,D
09:02:03,MYOR,RG,1930,2,D,DR,YP,D
09:02:02,MYOR,RG,1930,10,D,YB,YP,D
09:02:01,MYOR,RG,1930,28,D,NI,YP,D
09:02:01,MYOR,RG,1930,10,D,NI,CC,D
09:02:01,MYOR,RG,1930,2,D,NI,KZ,F
09:02:01,MYOR,RG,1930,1,D,KK,KZ,F
09:02:00,MYOR,RG,1930,1,D,XC,KZ,F
09:01:59,MYOR,RG,1930,1,D,YP,KZ,F
09:01:59,MYOR,RG,1930,15,D,YP,KZ,F
09:01:58,MYOR,RG,1930,15,D,CC,KZ,F
09:01:58,MYOR,RG,1930,10,D,AT,KZ,F
09:01:58,MYOR,RG,1925,1,D,YP,YP,D
09:01:57,MYOR,RG,1930,1,D,XL,KZ,F
09:01:56,MYOR,RG,1930,4,D,XC,KZ,F
09:01:56,MYOR,RG,1930,1,D,PD,KZ,F
09:01:56,MYOR,RG,1930,10,D,PD,KZ,F
09:01:55,MYOR,RG,1930,26,D,YP,KZ,F
09:01:55,MYOR,RG,1930,24,D,YP,KZ,F
09:01:55,MYOR,RG,1930,7,D,XL,KZ,F
09:01:53,MYOR,RG,1930,6,D,XL,KZ,F
09:01:53,MYOR,RG,1930,10,D,TP,KZ,F
09:01:53,MYOR,RG,1930,2,D,DX,KZ,F
09:01:53,MYOR,RG,1930,3,D,DX,HP,D
09:01:52,MYOR,RG,1930,47,D,SQ,HP,D
09:01:52,MYOR,RG,1930,53,D,SQ,BQ,D
09:01:52,MYOR,RG,1930,1,D,XC,BQ,D
09:01:52,MYOR,RG,1930,50,D,SQ,BQ,D
09:01:50,MYOR,RG,1930,3,D,YP,BQ,D
09:01:50,MYOR,RG,1930,5,D,PD,BQ,D
09:01:49,MYOR,RG,1930,25,D,YP,BQ,D
09:01:48,MYOR,RG,1930,10,D,XC,BQ,D
09:01:48,MYOR,RG,1930,5,D,PD,BQ,D
09:01:47,MYOR,RG,1930,1,D,PD,BQ,D
09:01:43,MYOR,RG,1930,10,D,KK,BQ,D
09:01:43,MYOR,RG,1930,10,D,DR,BQ,D
09:01:43,MYOR,RG,1930,3,D,KK,BQ,D
09:01:43,MYOR,RG,1930,25,D,YP,BQ,D
09:01:43,MYOR,RG,1930,1,D,YP,BQ,D
09:01:43,MYOR,RG,1930,1,D,EP,BQ,D
09:01:42,MYOR,RG,1930,20,D,EP,YP,D
09:01:42,MYOR,RG,1935,36,D,YP,YP,D
09:01:41,MYOR,RG,1935,7,D,AZ,YP,D
09:01:41,MYOR,RG,1930,62,D,EP,KZ,F
09:01:40,MYOR,RG,1930,17,D,EP,KZ,F
09:01:40,MYOR,RG,1930,27,D,PD,KZ,F
09:01:40,MYOR,RG,1930,1,D,YP,KZ,F
09:01:40,MYOR,RG,1930,100,D,PD,KZ,F
09:01:40,MYOR,RG,1930,1,D,KK,KZ,F
09:01:40,MYOR,RG,1930,1,D,YP,KZ,F
09:01:40,MYOR,RG,1930,7,D,CP,KZ,F
09:01:40,MYOR,RG,1930,1,D,CP,YP,D
09:01:40,MYOR,RG,1930,2,D,CP,LG,D
09:01:38,MYOR,RG,1935,5,D,YP,YP,D
09:01:38,MYOR,RG,1935,75,D,YP,YP,D
09:01:38,MYOR,RG,1935,30,D,DR,YP,D
09:01:38,MYOR,RG,1935,2,D,DH,YP,D
09:01:37,MYOR,RG,1935,1,D,CC,YP,D
09:01:36,MYOR,RG,1935,7,D,YP,YP,D
09:01:36,MYOR,RG,1935,6,D,EP,YP,D
09:01:36,MYOR,RG,1930,109,F,BK,NI,D
09:01:35,MYOR,RG,1935,20,D,YP,YP,D
09:01:35,MYOR,RG,1930,2,F,BK,DH,D
09:01:35,MYOR,RG,1930,50,F,BK,YP,D
09:01:35,MYOR,RG,1935,5,D,BQ,YP,D
09:01:35,MYOR,RG,1935,2,D,XC,YP,D
09:01:34,MYOR,RG,1935,1,D,NI,YP,D
09:01:32,MYOR,RG,1935,5,D,SQ,YP,D
09:01:31,MYOR,RG,1935,25,D,YP,YP,D
09:01:31,MYOR,RG,1935,12,D,YP,YP,D
09:01:31,MYOR,RG,1935,13,D,YP,KZ,F
09:01:30,MYOR,RG,1930,131,F,BK,AK,F
09:01:28,MYOR,RG,1935,1,D,YP,KZ,F
09:01:28,MYOR,RG,1930,2,F,BK,XL,D
09:01:27,MYOR,RG,1935,6,D,YP,KZ,F
09:01:27,MYOR,RG,1935,2,D,YP,KZ,F
09:01:27,MYOR,RG,1935,2,D,YP,YP,D
09:01:26,MYOR,RG,1935,10,D,YP,YP,D
09:01:26,MYOR,RG,1935,1,D,YP,YP,D
09:01:25,MYOR,RG,1935,7,D,YP,YP,D
09:01:24,MYOR,RG,1935,5,D,YP,AK,F
09:01:24,MYOR,RG,1935,10,D,CP,AK,F
09:01:24,MYOR,RG,1935,18,D,DR,AK,F
09:01:24,MYOR,RG,1935,15,D,DR,PD,D
09:01:24,MYOR,RG,1935,14,D,DR,KZ,F
09:01:24,MYOR,RG,1935,3,D,DR,YP,D
09:01:23,MYOR,RG,1935,1,D,YP,YP,D
09:01:23,MYOR,RG,1930,18,F,BK,PD,D
09:01:22,MYOR,RG,1935,1,D,XC,YP,D
09:01:22,MYOR,RG,1935,6,D,PD,YP,D
09:01:22,MYOR,RG,1935,4,D,PD,YP,D
09:01:22,MYOR,RG,1930,160,F,BK,KZ,F
09:01:22,MYOR,RG,1930,3,D,YP,KZ,F
09:01:22,MYOR,RG,1935,6,D,YP,YP,D
09:01:22,MYOR,RG,1935,10,D,YP,PD,D
09:01:22,MYOR,RG,1935,4,D,YP,KZ,F
09:01:21,MYOR,RG,1935,13,D,BQ,KZ,F
09:01:21,MYOR,RG,1935,2,D,YP,KZ,F
09:01:20,MYOR,RG,1935,1,D,YP,KZ,F
09:01:20,MYOR,RG,1935,3,D,PD,KZ,F
09:01:19,MYOR,RG,1935,10,D,PD,KZ,F
09:01:19,MYOR,RG,1935,1,D,AZ,KZ,F
09:01:18,MYOR,RG,1930,1,D,YP,NI,D
09:01:18,MYOR,RG,1935,2,D,YP,KZ,F
09:01:18,MYOR,RG,1935,5,D,PD,KZ,F
09:01:18,MYOR,RG,1935,5,D,YP,KZ,F
09:01:18,MYOR,RG,1935,1,D,YP,XC,D
09:01:18,MYOR,RG,1935,1,D,YP,XL,D
09:01:18,MYOR,RG,1935,3,D,YP,XC,D
09:01:18,MYOR,RG,1935,2,D,YP,YP,D
09:01:18,MYOR,RG,1935,14,D,YP,PD,D
09:01:17,MYOR,RG,1935,1,D,CC,PD,D
09:01:17,MYOR,RG,1930,6,D,YP,XA,D
09:01:17,MYOR,RG,1930,4,D,YP,XA,D
09:01:17,MYOR,RG,1935,10,D,PD,PD,D
09:01:16,MYOR,RG,1935,2,D,PD,PD,D
09:01:16,MYOR,RG,1935,2,D,XA,PD,D
09:01:16,MYOR,RG,1935,1,D,YP,PD,D
09:01:15,MYOR,RG,1930,20,D,YP,YP,D
09:01:14,MYOR,RG,1935,20,D,YP,PD,D
09:01:14,MYOR,RG,1935,4,D,YP,PD,D
09:01:14,MYOR,RG,1935,26,D,YP,PD,D
09:01:14,MYOR,RG,1935,1,D,PD,PD,D
09:01:14,MYOR,RG,1935,5,D,MK,PD,D
09:01:13,MYOR,RG,1930,7,D,YP,CC,D
09:01:13,MYOR,RG,1930,30,D,KK,CC,D
09:01:13,MYOR,RG,1930,5,D,LG,CC,D
09:01:13,MYOR,RG,1930,2,D,SQ,CC,D
09:01:13,MYOR,RG,1930,10,D,YP,CC,D
09:01:13,MYOR,RG,1930,3,D,DR,CC,D
09:01:13,MYOR,RG,1930,43,D,YP,CC,D
09:01:12,MYOR,RG,1935,3,D,YP,PD,D
09:01:12,MYOR,RG,1935,1,D,CC,PD,D
09:01:11,MYOR,RG,1930,7,D,YP,KZ,F
09:01:11,MYOR,RG,1930,4,D,YP,KZ,F
09:01:09,MYOR,RG,1935,42,D,DR,PD,D
09:01:09,MYOR,RG,1935,10,D,DR,PD,D
09:01:09,MYOR,RG,1935,1,D,DR,PD,D
09:01:09,MYOR,RG,1935,6,D,DR,YP,D
09:01:09,MYOR,RG,1935,1,D,DR,XC,D
09:01:09,MYOR,RG,1935,123,D,DR,YP,D
09:01:09,MYOR,RG,1935,77,D,YP,YP,D
09:01:09,MYOR,RG,1935,1,D,YP,PD,D
09:01:09,MYOR,RG,1930,9,F,AK,XC,D
09:01:09,MYOR,RG,1930,2,F,AK,NI,D
09:01:09,MYOR,RG,1930,1,F,AK,KZ,F
09:01:09,MYOR,RG,1930,91,F,AK,KZ,F
09:01:09,MYOR,RG,1930,97,D,XA,KZ,F
09:01:09,MYOR,RG,1930,5,D,XA,YP,D
09:01:09,MYOR,RG,1930,8,D,XA,XL,D
09:01:09,MYOR,RG,1930,1,D,XA,XL,D
09:01:09,MYOR,RG,1930,1,D,XA,AT,D
09:01:09,MYOR,RG,1930,50,D,XA,AT,D
09:01:09,MYOR,RG,1930,1,D,XA,YP,D
09:01:09,MYOR,RG,1930,1,D,XA,AT,D
09:01:09,MYOR,RG,1930,50,D,XA,YP,D
09:01:09,MYOR,RG,1930,85,D,XA,KK,D
09:01:09,MYOR,RG,1930,6,D,XA,LS,D
09:01:09,MYOR,RG,1930,10,D,XA,OD,D
09:01:09,MYOR,RG,1930,5,D,XA,AZ,D
09:01:09,MYOR,RG,1930,2,D,XA,XL,D
09:01:09,MYOR,RG,1930,178,D,XA,YU,D
09:01:08,MYOR,RG,1930,12,D,YP,YU,D
09:01:08,MYOR,RG,1930,5,D,PD,YU,D
09:01:04,MYOR,RG,1930,4,D,DR,YU,D
09:01:04,MYOR,RG,1930,1,D,BQ,YU,D
09:01:04,MYOR,RG,1925,1,F,AK,XC,D
09:01:04,MYOR,RG,1925,381,F,AK,KZ,F
09:01:04,MYOR,RG,1925,15,F,AK,YP,D
09:01:04,MYOR,RG,1925,10,F,AK,YP,D
09:01:04,MYOR,RG,1925,31,F,AK,YP,D
09:01:04,MYOR,RG,1925,20,F,AK,XL,D
09:01:04,MYOR,RG,1925,10,F,AK,XL,D
09:01:04,MYOR,RG,1925,6,F,AK,LS,D
09:01:04,MYOR,RG,1925,23,F,AK,XL,D
09:01:04,MYOR,RG,1925,108,F,AK,CC,D
09:01:04,MYOR,RG,1925,1,F,AK,YP,D
09:01:04,MYOR,RG,1925,1,F,AK,AZ,D
09:01:04,MYOR,RG,1925,10,F,AK,AZ,D
09:01:04,MYOR,RG,1925,63,F,AK,EP,D
09:01:04,MYOR,RG,1925,72,F,AK,YP,D
09:01:04,MYOR,RG,1925,28,D,CD,YP,D
09:01:04,MYOR,RG,1925,1,D,CD,PD,D
09:01:04,MYOR,RG,1925,121,D,CD,YP,D
09:01:04,MYOR,RG,1925,22,D,AT,YP,D
09:01:04,MYOR,RG,1925,1,D,YP,YP,D
09:01:04,MYOR,RG,1925,5,D,PD,YP,D
09:01:02,MYOR,RG,1925,5,D,YP,YP,D
09:01:02,MYOR,RG,1925,300,D,CC,YP,D
09:01:01,MYOR,RG,1925,20,D,XC,YP,D
09:01:01,MYOR,RG,1920,10,D,PD,CC,D
09:01:01,MYOR,RG,1925,3,D,YP,YP,D
09:01:00,MYOR,RG,1920,2,D,PD,KK,D
09:01:00,MYOR,RG,1925,12,D,CC,YP,D
09:00:59,MYOR,RG,1920,2,D,PD,OD,D
09:00:59,MYOR,RG,1925,10,D,YP,YP,D
09:00:59,MYOR,RG,1925,1,D,BQ,YP,D
09:00:58,MYOR,RG,1920,5,D,PD,YP,D
09:00:57,MYOR,RG,1920,11,D,PD,KZ,F
09:00:55,MYOR,RG,1920,10,D,PD,YP,D
09:00:55,MYOR,RG,1920,2,D,PD,NI,D
09:00:55,MYOR,RG,1920,5,D,PD,YP,D
09:00:55,MYOR,RG,1920,4,D,PD,KZ,F
09:00:54,MYOR,RG,1920,47,D,PD,KZ,F
09:00:54,MYOR,RG,1920,1,D,PD,XC,D
09:00:54,MYOR,RG,1920,2,D,PD,XA,D
09:00:54,MYOR,RG,1920,1,D,PD,YP,D
09:00:54,MYOR,RG,1920,5,D,PD,CC,D
09:00:54,MYOR,RG,1920,4,D,PD,AZ,D
09:00:54,MYOR,RG,1915,6,D,KZ,YP,D
09:00:54,MYOR,RG,1920,1,D,YP,AZ,D
09:00:54,MYOR,RG,1920,10,D,YP,YB,D
09:00:53,MYOR,RG,1920,1,D,YP,YB,D
09:00:53,MYOR,RG,1920,1,D,YP,YB,D
09:00:53,MYOR,RG,1920,1,D,PD,YB,D
09:00:52,MYOR,RG,1920,1,D,YP,YB,D
09:00:52,MYOR,RG,1920,11,D,YP,YB,D
09:00:52,MYOR,RG,1920,39,D,YP,FS,D
09:00:51,MYOR,RG,1920,11,D,YB,FS,D
09:00:51,MYOR,RG,1920,45,D,YP,FS,D
09:00:51,MYOR,RG,1915,10,D,KZ,YP,D
09:00:50,MYOR,RG,1920,5,D,PD,FS,D
09:00:48,MYOR,RG,1915,98,F,AK,KZ,F
09:00:48,MYOR,RG,1915,54,F,AK,YP,D
09:00:48,MYOR,RG,1915,1,F,AK,XC,D
09:00:48,MYOR,RG,1915,1,F,AK,YP,D
09:00:48,MYOR,RG,1915,1,F,AK,YP,D
09:00:48,MYOR,RG,1915,188,F,AK,YP,D
09:00:48,MYOR,RG,1915,5,D,YP,YP,D
09:00:47,MYOR,RG,1915,7,D,CC,YP,D
09:00:47,MYOR,RG,1915,3,D,CC,KK,D
09:00:46,MYOR,RG,1915,7,D,XA,KK,D
09:00:46,MYOR,RG,1915,1,D,XA,XC,D
09:00:46,MYOR,RG,1915,2,D,XA,PD,D
09:00:45,MYOR,RG,1915,3,D,NI,PD,D
09:00:43,MYOR,RG,1910,11,D,YP,KZ,F
09:00:41,MYOR,RG,1910,13,D,KZ,KZ,F
09:00:40,MYOR,RG,1910,4,D,KZ,KZ,F
09:00:40,MYOR,RG,1910,5,D,NI,KZ,F
09:00:40,MYOR,RG,1910,10,D,NI,DR,D
09:00:40,MYOR,RG,1910,50,D,NI,IP,D
09:00:40,MYOR,RG,1910,1,D,NI,YP,D
09:00:40,MYOR,RG,1910,43,D,NI,CC,D
09:00:39,MYOR,RG,1910,3,D,PD,CC,D
09:00:38,MYOR,RG,1910,54,D,CC,CC,D
09:00:38,MYOR,RG,1910,10,D,CC,PD,D
09:00:38,MYOR,RG,1910,36,D,CC,YP,D
09:00:29,MYOR,RG,1905,1,D,KZ,OD,D
09:00:28,MYOR,RG,1905,132,D,KZ,KZ,F
09:00:26,MYOR,RG,1905,3,D,KZ,YP,D
09:00:26,MYOR,RG,1910,178,D,KZ,YP,D
09:00:26,MYOR,RG,1910,15,D,KZ,FZ,D
09:00:25,MYOR,RG,1910,10,D,KZ,FZ,D
09:00:25,MYOR,RG,1910,40,D,KZ,CP,D
09:00:25,MYOR,RG,1910,66,D,KZ,XC,D
09:00:23,MYOR,RG,1905,3,D,KZ,KZ,F
09:00:23,MYOR,RG,1905,5,D,KZ,YP,D
09:00:22,MYOR,RG,1905,1,D,KZ,XL,D
09:00:21,MYOR,RG,1905,4,D,KZ,KZ,F
09:00:21,MYOR,RG,1905,3,D,KZ,YP,D
09:00:17,MYOR,RG,1900,45,D,KZ,AK,F
09:00:17,MYOR,RG,1900,36,D,KZ,KZ,F
09:00:17,MYOR,RG,1900,2,D,KZ,YP,D
09:00:15,MYOR,RG,1900,1,D,KZ,AK,F
09:00:15,MYOR,RG,1900,3,D,NI,AK,F
09:00:15,MYOR,RG,1910,58,D,AK,XC,D
09:00:15,MYOR,RG,1910,3,D,AK,DR,D
09:00:15,MYOR,RG,1905,88,D,AK,KZ,F
09:00:15,MYOR,RG,1905,17,D,AK,KZ,F
09:00:15,MYOR,RG,1905,1,D,AK,YP,D
09:00:15,MYOR,RG,1905,1,D,AK,PD,D
09:00:15,MYOR,RG,1905,4,D,AK,PD,D
09:00:15,MYOR,RG,1905,31,D,AK,EP,D
09:00:15,MYOR,RG,1905,4,D,AK,DR,D
09:00:15,MYOR,RG,1900,4,D,AK,XC,D
09:00:15,MYOR,RG,1900,2,D,AK,KZ,F
09:00:15,MYOR,RG,1900,1,D,AK,YP,D
09:00:15,MYOR,RG,1900,1,D,AK,PD,D
09:00:15,MYOR,RG,1900,2,D,AK,PD,D
09:00:15,MYOR,RG,1900,10,D,AK,XC,D
09:00:15,MYOR,RG,1900,1,D,AK,PD,D
09:00:15,MYOR,RG,1900,200,D,AK,YP,D
09:00:15,MYOR,RG,1900,5,D,AK,CP,D
09:00:15,MYOR,RG,1900,4,D,AK,DR,D
09:00:14,MYOR,RG,1895,2,D,KZ,XC,D
09:00:14,MYOR,RG,1895,14,D,KZ,SQ,D
09:00:14,MYOR,RG,1895,1,D,KZ,XC,D
09:00:14,MYOR,RG,1895,9,D,KZ,XA,D
09:00:13,MYOR,RG,1895,1,D,KZ,XC,D
09:00:11,MYOR,RG,1895,10,D,KZ,YP,D
09:00:11,MYOR,RG,1895,13,D,KZ,PD,D
09:00:06,MYOR,RG,1890,500,D,PD,PD,D
09:00:05,MYOR,RG,1890,20,D,PD,OD,D
09:00:03,MYOR,RG,1890,500,D,PD,AK,F
09:00:02,MYOR,RG,1890,2,D,PD,XC,D
