Time,Stock,Brd,Price,Qty,BT,BC,SC,ST
15:04:49,MYOR,RG,2440,2,D,ZP,PD,D
15:04:26,MYOR,RG,2440,6,D,ZP,YP,D
15:04:26,MYOR,RG,2440,1,D,YP,YP,D
15:04:26,MYOR,RG,2440,2,D,AI,YP,D
15:04:15,MYOR,RG,2440,39,D,AI,TP,D
15:04:15,MYOR,RG,2440,2,D,XL,TP,D
15:04:15,MYOR,RG,2440,14,D,AI,TP,D
15:03:22,MYOR,RG,2440,10,D,AI,AZ,D
15:03:04,MYOR,RG,2440,5,D,AI,AT,D
15:01:00,MYOR,RG,2440,1,D,AI,XC,D
15:00:00,MYOR,RG,2440,5,D,AI,HD,D
15:00:00,MYOR,RG,2440,6,D,AI,YP,D
15:00:00,MYOR,RG,2440,117,F,AK,YP,D
15:00:00,MYOR,RG,2440,27,F,BK,YP,D
15:00:00,MYOR,RG,2440,5,F,BK,PD,D
15:00:00,MYOR,RG,2440,59,F,BK,CP,D
15:00:00,MYOR,RG,2440,18,F,BK,AZ,D
15:00:00,MYOR,RG,2440,5,F,BK,DR,D
15:00:00,MYOR,RG,2440,18,F,BK,AZ,D
15:00:00,MYOR,RG,2440,39,F,BK,AZ,D
15:00:00,MYOR,RG,2440,50,F,BK,YP,D
15:00:00,MYOR,RG,2440,44,F,BK,DR,D
15:00:00,MYOR,RG,2440,151,F,BK,DR,D
15:00:00,MYOR,RG,2440,153,F,BK,BK,F
15:00:00,MYOR,RG,2440,166,F,YU,BK,F
15:00:00,MYOR,RG,2440,72,F,YU,ZP,F
15:00:00,MYOR,RG,2440,1,D,NI,ZP,F
15:00:00,MYOR,RG,2440,270,D,LG,ZP,F
14:49:55,MYOR,RG,2440,57,F,YU,CP,D
14:49:46,MYOR,RG,2420,2,D,ZP,BK,F
14:49:32,MYOR,RG,2420,3,D,ZP,BK,F
14:49:32,MYOR,RG,2420,30,D,ZP,SQ,D
14:49:30,MYOR,RG,2420,2,D,ZP,ZP,F
14:49:30,MYOR,RG,2420,53,F,YU,ZP,F
14:49:13,MYOR,RG,2440,23,F,YU,CP,D
14:49:13,MYOR,RG,2430,6,F,YU,BK,F
14:49:13,MYOR,RG,2430,7,F,YU,BK,F
14:49:13,MYOR,RG,2430,18,F,YU,ZP,F
14:49:13,MYOR,RG,2430,1,D,DR,ZP,F
14:49:09,MYOR,RG,2430,3,D,EP,ZP,F
14:48:49,MYOR,RG,2430,16,F,YU,ZP,F
14:48:49,MYOR,RG,2430,38,F,YU,ZP,F
14:48:22,MYOR,RG,2440,13,F,YU,CP,D
14:48:22,MYOR,RG,2440,2,F,YU,XL,D
14:48:22,MYOR,RG,2430,15,F,YU,ZP,F
14:48:22,MYOR,RG,2430,10,F,YU,BK,F
14:48:22,MYOR,RG,2430,15,F,YU,ZP,F
14:48:04,MYOR,RG,2420,1,D,XC,KZ,D
14:48:04,MYOR,RG,2420,5,D,AT,KZ,D
14:47:53,MYOR,RG,2430,20,F,YU,AO,D
14:47:53,MYOR,RG,2430,21,F,YU,BK,F
14:47:53,MYOR,RG,2430,7,F,YU,BK,F
14:47:53,MYOR,RG,2430,5,F,YU,CC,F
14:47:42,MYOR,RG,2430,1,D,CS,ZP,F
14:47:31,MYOR,RG,2430,1,D,CS,ZP,F
14:47:23,MYOR,RG,2430,1,D,CS,ZP,F
14:47:20,MYOR,RG,2430,1,D,CS,ZP,F
14:47:11,MYOR,RG,2430,1,D,CS,ZP,F
14:47:07,MYOR,RG,2420,13,D,OD,BK,F
14:47:05,MYOR,RG,2430,9,F,YU,ZP,F
14:47:05,MYOR,RG,2430,1,F,YU,KZ,D
14:47:05,MYOR,RG,2430,14,F,YU,ZP,F
14:47:05,MYOR,RG,2430,1,F,YU,LG,D
14:47:05,MYOR,RG,2430,28,F,YU,KZ,D
14:47:04,MYOR,RG,2430,1,D,CS,KZ,D
14:47:04,MYOR,RG,2420,8,D,OD,BK,F
14:47:03,MYOR,RG,2430,5,D,NI,KZ,D
14:47:02,MYOR,RG,2420,15,D,OD,ZP,F
14:46:59,MYOR,RG,2420,23,D,OD,ZP,F
14:46:45,MYOR,RG,2420,1,D,OD,PD,D
14:46:40,MYOR,RG,2420,9,D,OD,BK,F
14:46:36,MYOR,RG,2420,12,D,OD,BK,F
14:46:32,MYOR,RG,2420,53,D,OD,BK,F
14:46:30,MYOR,RG,2420,66,D,OD,CC,D
14:46:30,MYOR,RG,2420,148,D,ZP,CC,D
14:46:27,MYOR,RG,2420,13,D,ZP,BK,F
14:46:25,MYOR,RG,2420,23,D,ZP,ZP,F
14:46:25,MYOR,RG,2430,53,F,YU,CC,D
14:46:18,MYOR,RG,2430,7,D,XC,CC,D
14:46:18,MYOR,RG,2430,8,D,XC,YP,D
14:45:57,MYOR,RG,2420,22,D,ZP,ZP,F
14:45:45,MYOR,RG,2430,17,F,YU,YP,D
14:45:45,MYOR,RG,2430,20,F,YU,KK,D
14:45:45,MYOR,RG,2430,16,F,YU,AK,F
14:45:44,MYOR,RG,2420,7,D,ZP,KZ,D
14:45:44,MYOR,RG,2420,6,D,ZP,KZ,D
14:44:42,MYOR,RG,2420,8,D,ZP,CC,D
14:44:42,MYOR,RG,2420,12,D,ZP,CC,D
14:44:42,MYOR,RG,2420,8,D,ZP,CC,D
14:44:41,MYOR,RG,2420,8,D,ZP,CC,D
14:44:41,MYOR,RG,2420,14,D,ZP,CC,D
14:44:41,MYOR,RG,2420,8,D,ZP,CC,D
14:44:41,MYOR,RG,2420,9,D,ZP,CC,D
14:44:41,MYOR,RG,2420,8,D,ZP,CC,D
14:44:41,MYOR,RG,2420,8,D,ZP,CC,D
14:44:40,MYOR,RG,2420,8,D,ZP,CC,D
14:44:40,MYOR,RG,2420,27,D,ZP,CC,D
14:44:39,MYOR,RG,2420,8,D,ZP,CC,D
14:44:39,MYOR,RG,2420,9,D,ZP,CC,D
14:44:39,MYOR,RG,2420,8,D,ZP,CC,D
14:44:38,MYOR,RG,2420,28,D,ZP,CC,D
14:44:38,MYOR,RG,2420,24,D,ZP,BK,F
14:44:38,MYOR,RG,2420,12,D,ZP,CC,D
14:44:38,MYOR,RG,2420,10,D,ZP,CC,D
14:44:38,MYOR,RG,2420,10,D,ZP,CC,D
14:44:38,MYOR,RG,2420,10,D,ZP,CC,D
14:44:38,MYOR,RG,2420,8,D,ZP,CC,D
14:44:38,MYOR,RG,2420,36,D,ZP,CC,D
14:44:38,MYOR,RG,2420,18,D,YU,CC,D
14:44:37,MYOR,RG,2420,8,D,YU,CC,D
14:44:37,MYOR,RG,2420,14,D,YU,CC,D
14:44:37,MYOR,RG,2420,52,D,YU,CC,D
14:44:37,MYOR,RG,2420,8,D,YU,CC,D
14:44:37,MYOR,RG,2420,8,D,YU,CC,D
14:44:36,MYOR,RG,2420,8,D,YU,CC,D
14:44:36,MYOR,RG,2420,8,D,YU,CC,D
14:44:36,MYOR,RG,2420,13,D,YU,CC,D
14:44:30,MYOR,RG,2420,9,D,YU,BK,F
14:44:26,MYOR,RG,2420,20,D,YU,BK,F
14:44:20,MYOR,RG,2420,34,D,YU,BK,F
14:44:20,MYOR,RG,2420,28,F,AK,BK,F
14:44:20,MYOR,RG,2420,38,F,BK,BK,F
14:44:17,MYOR,RG,2420,107,F,BK,GR,D
14:44:17,MYOR,RG,2420,8,D,HP,GR,D
14:44:17,MYOR,RG,2420,23,D,DH,GR,D
14:44:17,MYOR,RG,2420,25,D,XC,GR,D
14:44:17,MYOR,RG,2420,5,D,YP,GR,D
14:44:17,MYOR,RG,2420,4,D,CS,GR,D
14:44:17,MYOR,RG,2420,5,D,CS,GR,D
14:44:17,MYOR,RG,2420,2,D,CS,GR,D
14:44:17,MYOR,RG,2420,3,D,CS,GR,D
14:44:17,MYOR,RG,2420,169,F,BK,GR,D
14:44:17,MYOR,RG,2420,5,D,CS,GR,D
14:44:17,MYOR,RG,2420,5,D,CS,GR,D
14:44:17,MYOR,RG,2420,53,F,YU,GR,D
14:44:17,MYOR,RG,2420,86,D,ZP,GR,D
14:44:16,MYOR,RG,2430,53,F,YU,AK,F
14:44:02,MYOR,RG,2420,12,D,ZP,BK,F
14:44:00,MYOR,RG,2420,38,D,ZP,ZP,F
14:43:25,MYOR,RG,2420,9,D,ZP,BK,F
14:43:23,MYOR,RG,2430,53,F,YU,AK,F
14:43:11,MYOR,RG,2420,5,D,ZP,YP,D
14:42:44,MYOR,RG,2420,10,D,ZP,BK,F
14:42:43,MYOR,RG,2420,14,D,ZP,ZP,F
14:42:43,MYOR,RG,2430,12,D,CS,AK,F
14:42:28,MYOR,RG,2420,14,D,ZP,ZP,F
14:42:27,MYOR,RG,2430,53,F,YU,AK,F
14:42:13,MYOR,RG,2420,15,D,ZP,ZP,F
14:42:00,MYOR,RG,2420,14,D,ZP,ZP,F
14:41:35,MYOR,RG,2420,21,D,ZP,ZP,F
14:41:31,MYOR,RG,2430,53,F,YU,AK,F
14:40:42,MYOR,RG,2420,14,D,ZP,ZP,F
14:40:33,MYOR,RG,2430,2,D,XC,AK,F
14:40:31,MYOR,RG,2430,28,F,YU,AK,F
14:40:31,MYOR,RG,2430,6,F,YU,YP,D
14:40:31,MYOR,RG,2430,1,F,YU,XC,D
14:40:31,MYOR,RG,2430,18,F,YU,BK,F
14:40:22,MYOR,RG,2430,15,D,CS,BK,F
14:39:26,MYOR,RG,2430,14,F,YU,BK,F
14:39:26,MYOR,RG,2430,14,F,YU,ZP,F
14:39:26,MYOR,RG,2430,7,F,YU,BK,F
14:39:26,MYOR,RG,2430,14,F,YU,ZP,F
14:39:26,MYOR,RG,2430,4,F,YU,CC,D
14:39:00,MYOR,RG,2420,14,D,ZP,ZP,F
14:38:56,MYOR,RG,2420,22,D,ZP,ZP,F
14:38:40,MYOR,RG,2420,50,D,ZP,XL,D
14:38:25,MYOR,RG,2420,23,D,ZP,ZP,F
14:38:11,MYOR,RG,2430,53,F,YU,CC,D
14:37:40,MYOR,RG,2420,14,D,ZP,ZP,F
14:37:09,MYOR,RG,2420,14,D,ZP,ZP,F
14:36:48,MYOR,RG,2430,5,D,CS,CC,D
14:36:40,MYOR,RG,2430,53,F,YU,CC,D
14:36:24,MYOR,RG,2420,14,D,ZP,ZP,F
14:35:35,MYOR,RG,2420,15,D,ZP,ZP,F
14:35:35,MYOR,RG,2430,5,D,CS,CC,D
14:34:50,MYOR,RG,2430,27,F,YU,CC,D
14:34:50,MYOR,RG,2430,18,F,YU,BK,F
14:34:50,MYOR,RG,2430,8,F,YU,ZP,F
14:34:24,MYOR,RG,2430,6,D,CS,ZP,F
14:34:17,MYOR,RG,2420,14,D,ZP,ZP,F
14:33:56,MYOR,RG,2420,9,D,ZP,YP,D
14:33:51,MYOR,RG,2420,5,D,ZP,OD,D
14:32:53,MYOR,RG,2420,4,D,ZP,OD,D
14:32:23,MYOR,RG,2440,15,F,YU,AK,F
14:32:23,MYOR,RG,2440,2,F,YU,KZ,D
14:32:23,MYOR,RG,2440,10,F,YU,EP,D
14:32:23,MYOR,RG,2440,1,F,YU,KZ,D
14:32:23,MYOR,RG,2440,25,F,YU,CP,D
14:31:48,MYOR,RG,2420,1,D,ZP,IF,D
14:31:46,MYOR,RG,2420,14,D,ZP,ZP,F
14:31:46,MYOR,RG,2420,15,D,ZP,CC,D
14:31:46,MYOR,RG,2420,20,D,ZP,CC,D
14:31:42,MYOR,RG,2420,10,D,AK,CC,D
14:31:42,MYOR,RG,2420,3,D,AK,CC,D
14:31:42,MYOR,RG,2420,30,D,AK,CC,D
14:31:42,MYOR,RG,2420,6,D,AK,CC,D
14:31:42,MYOR,RG,2420,3,D,AK,CC,D
14:31:42,MYOR,RG,2420,3,D,AK,CC,D
14:31:42,MYOR,RG,2420,6,D,AK,CC,D
14:31:42,MYOR,RG,2420,3,D,AK,CC,D
14:31:42,MYOR,RG,2420,3,D,AK,CC,D
14:31:42,MYOR,RG,2420,3,D,AK,CC,D
14:31:42,MYOR,RG,2420,3,D,AK,CC,D
14:31:42,MYOR,RG,2420,3,D,AK,CC,D
14:31:42,MYOR,RG,2420,3,D,AK,CC,D
14:31:42,MYOR,RG,2420,4,D,AK,CC,D
14:31:42,MYOR,RG,2420,4,D,AK,CC,D
14:31:42,MYOR,RG,2420,3,D,AK,CC,D
14:31:42,MYOR,RG,2420,3,D,AK,CC,D
14:31:42,MYOR,RG,2420,15,D,AK,CC,D
14:31:42,MYOR,RG,2420,4,D,AK,OD,D
14:31:42,MYOR,RG,2420,3,D,AK,CC,D
14:31:42,MYOR,RG,2420,4,D,AK,CC,D
14:31:42,MYOR,RG,2420,5,D,AK,CC,D
14:31:42,MYOR,RG,2420,6,D,AK,CC,D
14:31:42,MYOR,RG,2420,3,D,AK,CC,D
14:31:42,MYOR,RG,2420,3,D,AK,CC,D
14:31:42,MYOR,RG,2420,4,D,AK,CC,D
14:31:42,MYOR,RG,2420,7,D,AK,CC,D
14:31:42,MYOR,RG,2420,3,D,AK,CC,D
14:31:42,MYOR,RG,2420,7,D,AK,CC,D
14:31:42,MYOR,RG,2420,55,D,AK,CC,D
14:31:42,MYOR,RG,2420,82,D,AK,CC,D
14:31:42,MYOR,RG,2420,8,D,AK,KZ,D
14:31:42,MYOR,RG,2420,10,D,AK,KZ,D
14:31:42,MYOR,RG,2420,125,D,AK,CC,D
14:31:42,MYOR,RG,2420,14,D,AK,KZ,D
14:31:42,MYOR,RG,2420,117,D,AK,CC,D
14:31:42,MYOR,RG,2420,2,D,AK,ZP,F
14:31:42,MYOR,RG,2420,15,D,AK,ZP,F
14:31:42,MYOR,RG,2420,96,D,AK,DH,D
14:31:42,MYOR,RG,2420,87,D,AK,DH,D
14:31:41,MYOR,RG,2420,192,D,AK,DH,D
14:31:41,MYOR,RG,2420,319,D,AK,DH,D
14:31:41,MYOR,RG,2420,221,D,AK,DH,D
14:31:24,MYOR,RG,2410,15,D,ZP,KZ,D
14:31:24,MYOR,RG,2410,5,D,CS,KZ,D
14:31:20,MYOR,RG,2410,3,D,CS,ZP,F
14:31:20,MYOR,RG,2410,12,F,BK,ZP,F
14:30:57,MYOR,RG,2410,4,F,BK,OD,D
14:30:30,MYOR,RG,2410,1,F,BK,XC,D
14:30:30,MYOR,RG,2410,2,F,BK,XC,D
14:30:29,MYOR,RG,2410,20,F,BK,XC,D
14:30:29,MYOR,RG,2410,31,D,ZP,XC,D
14:30:19,MYOR,RG,2410,14,D,ZP,ZP,F
14:29:57,MYOR,RG,2410,3,D,ZP,OD,D
14:29:57,MYOR,RG,2420,13,D,CS,DH,D
14:29:40,MYOR,RG,2420,53,F,YU,DH,D
14:29:27,MYOR,RG,2410,13,D,ZP,XC,D
14:29:12,MYOR,RG,2410,15,D,ZP,ZP,F
14:28:57,MYOR,RG,2410,5,D,ZP,OD,D
14:28:53,MYOR,RG,2420,3,D,XC,DH,D
14:28:04,MYOR,RG,2410,1,D,ZP,XC,D
14:28:04,MYOR,RG,2410,1,D,ZP,HP,D
14:28:00,MYOR,RG,2410,67,D,ZP,CC,D
14:27:55,MYOR,RG,2410,2,D,XC,OD,D
14:27:55,MYOR,RG,2410,1,F,BK,OD,D
14:27:53,MYOR,RG,2420,250,D,ZP,DH,D
14:27:17,MYOR,RG,2410,14,F,BK,ZP,F
14:27:12,MYOR,RG,2410,15,F,BK,ZP,F
14:27:12,MYOR,RG,2420,53,F,YU,DH,D
14:27:01,MYOR,RG,2410,14,F,BK,ZP,F
14:26:55,MYOR,RG,2410,5,F,BK,OD,D
14:26:46,MYOR,RG,2410,5,F,BK,ZP,F
14:26:46,MYOR,RG,2410,25,D,CC,ZP,F
14:26:31,MYOR,RG,2420,1,D,IF,DH,D
14:25:55,MYOR,RG,2410,4,D,CC,OD,D
14:25:48,MYOR,RG,2420,3,F,AK,DH,D
14:25:48,MYOR,RG,2420,300,D,ZP,DH,D
14:25:22,MYOR,RG,2420,15,D,CS,DH,D
14:25:15,MYOR,RG,2410,15,D,CC,ZP,F
14:24:55,MYOR,RG,2410,4,D,CC,OD,D
14:24:50,MYOR,RG,2420,53,F,YU,DH,D
14:24:14,MYOR,RG,2410,15,D,CC,ZP,F
14:24:10,MYOR,RG,2410,4,D,CC,HP,D
14:24:00,MYOR,RG,2410,7,D,CC,CC,D
14:24:00,MYOR,RG,2410,6,D,CC,CC,D
14:24:00,MYOR,RG,2410,9,D,CC,CC,D
14:24:00,MYOR,RG,2410,7,D,CC,CC,D
14:24:00,MYOR,RG,2410,8,D,CC,CC,D
14:24:00,MYOR,RG,2410,8,D,CC,CC,D
14:24:00,MYOR,RG,2410,6,D,CC,CC,D
14:24:00,MYOR,RG,2410,9,D,CC,CC,D
14:24:00,MYOR,RG,2410,7,D,CC,CC,D
14:24:00,MYOR,RG,2410,8,D,CC,CC,D
14:24:00,MYOR,RG,2410,7,D,CC,CC,D
14:24:00,MYOR,RG,2410,7,D,CC,CC,D
14:24:00,MYOR,RG,2410,8,D,CC,CC,D
14:24:00,MYOR,RG,2410,8,D,CC,CC,D
14:24:00,MYOR,RG,2410,7,D,CC,CC,D
14:24:00,MYOR,RG,2410,7,D,CC,CC,D
14:24:00,MYOR,RG,2410,7,D,CC,CC,D
14:23:57,MYOR,RG,2410,5,D,CC,OD,D
14:23:13,MYOR,RG,2410,14,D,CC,ZP,F
14:23:00,MYOR,RG,2410,14,D,CC,CC,D
14:23:00,MYOR,RG,2410,9,D,CC,CC,D
14:23:00,MYOR,RG,2410,9,D,CC,CC,D
14:23:00,MYOR,RG,2410,12,D,CC,CC,D
14:23:00,MYOR,RG,2410,14,D,CC,CC,D
14:23:00,MYOR,RG,2410,14,D,CC,CC,D
14:22:57,MYOR,RG,2410,4,D,CC,OD,D
14:22:36,MYOR,RG,2420,7,F,AK,DH,D
14:22:36,MYOR,RG,2420,53,F,YU,DH,D
14:22:00,MYOR,RG,2410,13,D,CC,CC,D
14:22:00,MYOR,RG,2410,11,D,CC,CC,D
14:21:57,MYOR,RG,2410,4,D,CC,OD,D
14:21:30,MYOR,RG,2410,20,D,CC,CC,D
14:21:27,MYOR,RG,2410,14,D,CC,ZP,F
14:21:00,MYOR,RG,2410,23,D,CC,CC,D
14:20:57,MYOR,RG,2410,3,D,CC,OD,D
14:20:41,MYOR,RG,2410,15,D,CC,ZP,F
14:20:28,MYOR,RG,2420,7,F,AK,DH,D
14:20:11,MYOR,RG,2410,15,D,CC,ZP,F
14:19:57,MYOR,RG,2410,5,D,CC,OD,D
14:19:07,MYOR,RG,2420,9,F,AK,DH,D
14:19:00,MYOR,RG,2410,23,D,CC,CC,D
14:18:59,MYOR,RG,2410,4,D,CC,OD,D
14:18:51,MYOR,RG,2410,14,D,CC,ZP,F
14:18:06,MYOR,RG,2410,14,D,CC,ZP,F
14:18:01,MYOR,RG,2410,3,D,CC,OD,D
14:17:01,MYOR,RG,2410,5,D,CC,OD,D
14:17:00,MYOR,RG,2410,26,D,CC,CC,D
14:17:00,MYOR,RG,2410,3,D,CS,CC,D
14:17:00,MYOR,RG,2410,9,F,YU,CC,D
14:16:48,MYOR,RG,2410,44,F,YU,XL,D
14:16:48,MYOR,RG,2410,6,D,CS,XL,D
14:16:48,MYOR,RG,2410,1,D,GR,XL,D
14:16:48,MYOR,RG,2410,4,D,AK,XL,D
14:16:23,MYOR,RG,2410,15,D,AK,ZP,F
14:16:03,MYOR,RG,2410,4,D,AK,OD,D
14:15:01,MYOR,RG,2410,3,D,AK,OD,D
14:14:37,MYOR,RG,2410,14,D,AK,ZP,F
14:13:59,MYOR,RG,2410,3,D,AK,OD,D
14:13:22,MYOR,RG,2410,12,D,AK,AZ,D
14:13:22,MYOR,RG,2410,12,D,AK,AZ,D
14:13:22,MYOR,RG,2410,28,D,AK,AZ,D
14:13:22,MYOR,RG,2410,26,D,AK,AZ,D
14:13:22,MYOR,RG,2410,42,D,AK,AZ,D
14:13:21,MYOR,RG,2410,8,D,AK,ZP,F
14:13:21,MYOR,RG,2410,7,D,AK,ZP,F
14:13:01,MYOR,RG,2410,2,D,AK,OD,D
14:12:28,MYOR,RG,2410,8,D,AK,HP,D
14:12:25,MYOR,RG,2410,2,D,AK,XL,D
14:12:20,MYOR,RG,2410,10,D,AK,ZP,F
14:12:20,MYOR,RG,2410,5,D,XC,ZP,F
14:12:01,MYOR,RG,2410,3,D,XC,OD,D
14:11:59,MYOR,RG,2410,2,D,XC,KZ,D
14:11:59,MYOR,RG,2410,13,F,BK,KZ,D
14:11:59,MYOR,RG,2410,5,D,ZP,KZ,D
14:11:58,MYOR,RG,2410,95,D,ZP,CC,D
14:11:58,MYOR,RG,2410,5,D,ZP,CC,D
14:11:56,MYOR,RG,2410,100,D,ZP,CC,D
14:11:55,MYOR,RG,2410,45,D,ZP,CC,D
14:11:55,MYOR,RG,2410,5,D,CS,CC,D
14:11:55,MYOR,RG,2410,50,F,YU,CC,D
14:11:49,MYOR,RG,2410,6,F,YU,ZP,F
14:11:49,MYOR,RG,2410,9,D,XL,ZP,F
14:11:29,MYOR,RG,2420,15,D,TP,DH,D
14:11:09,MYOR,RG,2410,15,D,XL,ZP,F
14:11:09,MYOR,RG,2420,53,F,YU,DH,D
14:11:04,MYOR,RG,2410,15,D,XL,ZP,F
14:11:00,MYOR,RG,2410,14,D,XL,ZP,F
14:11:00,MYOR,RG,2410,66,D,XL,CC,D
14:10:59,MYOR,RG,2410,3,D,XL,OD,D
14:10:33,MYOR,RG,2410,29,D,XL,ZP,F
14:10:01,MYOR,RG,2410,3,D,XL,OD,D
14:09:12,MYOR,RG,2410,14,D,XL,ZP,F
14:09:12,MYOR,RG,2410,1,D,XL,HP,D
14:09:01,MYOR,RG,2410,3,D,XL,OD,D
14:08:26,MYOR,RG,2410,2,D,XL,HP,D
14:07:59,MYOR,RG,2410,2,D,XL,OD,D
14:07:31,MYOR,RG,2410,15,D,XL,ZP,F
14:06:57,MYOR,RG,2410,3,D,XL,OD,D
14:05:53,MYOR,RG,2410,3,D,XL,OD,D
14:05:29,MYOR,RG,2410,15,D,XL,ZP,F
14:05:07,MYOR,RG,2410,4,D,XL,HP,D
14:04:55,MYOR,RG,2410,3,D,XL,OD,D
14:04:30,MYOR,RG,2410,1,D,XL,XL,D
14:04:23,MYOR,RG,2410,8,D,XL,HP,D
14:04:11,MYOR,RG,2410,100,D,XL,CC,D
14:04:10,MYOR,RG,2420,16,D,IH,DH,D
14:03:57,MYOR,RG,2410,2,D,XL,OD,D
14:03:51,MYOR,RG,2410,14,D,XL,ZP,F
14:03:51,MYOR,RG,2410,5,D,XL,CC,D
14:03:44,MYOR,RG,2410,14,D,XL,KZ,D
14:03:32,MYOR,RG,2410,137,D,XL,KK,D
14:03:32,MYOR,RG,2410,2,D,XL,KK,D
14:03:32,MYOR,RG,2410,61,D,CC,KK,D
14:03:15,MYOR,RG,2410,14,D,CC,ZP,F
14:03:13,MYOR,RG,2410,5,D,CC,ZP,F
14:03:13,MYOR,RG,2410,1,D,XC,ZP,F
14:03:13,MYOR,RG,2410,1,D,YP,ZP,F
14:03:13,MYOR,RG,2410,1,D,XL,ZP,F
14:03:13,MYOR,RG,2410,6,F,BK,ZP,F
14:02:57,MYOR,RG,2410,3,F,BK,OD,D
14:02:27,MYOR,RG,2410,14,F,BK,ZP,F
14:02:12,MYOR,RG,2410,14,F,BK,ZP,F
14:02:12,MYOR,RG,2410,1,D,XL,ZP,F
14:02:02,MYOR,RG,2410,3,D,XL,ZP,F
14:02:02,MYOR,RG,2410,11,D,ZP,ZP,F
14:01:57,MYOR,RG,2410,3,D,ZP,OD,D
14:01:49,MYOR,RG,2410,100,D,ZP,CC,D
14:01:47,MYOR,RG,2410,37,D,ZP,ZP,F
14:01:47,MYOR,RG,2410,49,D,ZP,CC,D
14:01:20,MYOR,RG,2410,152,D,CP,YP,D
14:01:20,MYOR,RG,2410,25,D,NI,YP,D
14:01:20,MYOR,RG,2410,10,D,PD,YP,D
14:01:20,MYOR,RG,2410,20,D,XC,YP,D
14:01:20,MYOR,RG,2410,30,D,YP,YP,D
14:01:20,MYOR,RG,2410,37,D,YU,YP,D
14:00:59,MYOR,RG,2410,36,D,YU,XC,D
14:00:57,MYOR,RG,2410,2,D,YU,OD,D
14:00:56,MYOR,RG,2410,21,D,YU,ZP,F
14:00:25,MYOR,RG,2410,4,D,YU,ZP,F
14:00:25,MYOR,RG,2410,17,F,BK,ZP,F
14:00:12,MYOR,RG,2410,4,F,BK,DH,D
13:59:56,MYOR,RG,2410,3,F,BK,OD,D
13:59:53,MYOR,RG,2420,10,D,CS,DH,D
13:59:53,MYOR,RG,2420,54,F,YU,DH,D
13:59:53,MYOR,RG,2420,10,D,XC,DH,D
13:59:53,MYOR,RG,2420,9,D,CS,DH,D
13:59:53,MYOR,RG,2420,21,F,BK,DH,D
13:59:53,MYOR,RG,2420,53,F,YU,DH,D
13:59:53,MYOR,RG,2420,3,D,CC,DH,D
13:59:53,MYOR,RG,2420,6,D,CS,DH,D
13:59:53,MYOR,RG,2420,15,D,ZP,DH,D
13:59:44,MYOR,RG,2420,1,D,ZP,PD,D
13:59:39,MYOR,RG,2420,39,D,ZP,AK,F
13:59:39,MYOR,RG,2420,20,D,ZP,KZ,D
13:59:37,MYOR,RG,2420,35,D,ZP,AK,F
13:59:37,MYOR,RG,2420,81,D,AK,AK,F
13:59:34,MYOR,RG,2420,45,D,AK,DH,D
13:59:34,MYOR,RG,2420,30,D,AK,DH,D
13:59:34,MYOR,RG,2420,74,D,AK,DH,D
13:59:34,MYOR,RG,2420,106,D,AK,DH,D
13:59:34,MYOR,RG,2420,64,D,AK,DH,D
13:59:34,MYOR,RG,2420,71,D,AK,DH,D
13:59:34,MYOR,RG,2420,29,D,AK,DH,D
13:59:34,MYOR,RG,2420,1,D,DR,DH,D
13:59:34,MYOR,RG,2420,35,F,BK,DH,D
13:59:34,MYOR,RG,2420,2,D,CS,DH,D
13:59:34,MYOR,RG,2420,6,D,CS,DH,D
13:59:34,MYOR,RG,2420,35,F,BK,DH,D
13:59:34,MYOR,RG,2420,1,D,PD,DH,D
13:59:34,MYOR,RG,2420,1,D,XC,DH,D
13:59:15,MYOR,RG,2420,14,D,XC,ZP,F
13:59:00,MYOR,RG,2420,8,D,XC,CC,D
13:59:00,MYOR,RG,2420,7,D,XC,CC,D
13:59:00,MYOR,RG,2420,8,D,XC,CC,D
13:59:00,MYOR,RG,2420,8,D,XC,CC,D
13:59:00,MYOR,RG,2420,6,D,XC,CC,D
13:59:00,MYOR,RG,2420,1,D,EP,CC,D
13:59:00,MYOR,RG,2420,8,D,EP,CC,D
13:59:00,MYOR,RG,2420,1,D,EP,CC,D
13:59:00,MYOR,RG,2420,1,D,CP,CC,D
13:59:00,MYOR,RG,2420,4,D,CS,CC,D
13:59:00,MYOR,RG,2420,2,D,ZP,CC,D
13:59:00,MYOR,RG,2420,8,D,ZP,CC,D
13:59:00,MYOR,RG,2420,7,D,ZP,CC,D
13:58:56,MYOR,RG,2420,4,D,ZP,OD,D
13:58:07,MYOR,RG,2430,5,D,XL,ZP,F
13:58:06,MYOR,RG,2430,7,D,XC,ZP,F
13:58:06,MYOR,RG,2430,4,D,XC,ZP,F
13:58:04,MYOR,RG,2420,2,D,ZP,DH,D
13:58:00,MYOR,RG,2420,24,D,ZP,CC,D
13:58:00,MYOR,RG,2420,8,D,ZP,CC,D
13:58:00,MYOR,RG,2420,14,D,ZP,CC,D
13:58:00,MYOR,RG,2420,8,D,ZP,CC,D
13:58:00,MYOR,RG,2420,8,D,ZP,CC,D
13:58:00,MYOR,RG,2420,8,D,ZP,CC,D
13:58:00,MYOR,RG,2420,9,D,ZP,CC,D
13:58:00,MYOR,RG,2420,7,D,ZP,CC,D
13:58:00,MYOR,RG,2420,8,D,ZP,CC,D
13:58:00,MYOR,RG,2420,11,D,ZP,CC,D
13:58:00,MYOR,RG,2420,11,D,ZP,CC,D
13:58:00,MYOR,RG,2420,10,D,ZP,CC,D
13:58:00,MYOR,RG,2420,1,D,ZP,CC,D
13:58:00,MYOR,RG,2420,6,F,BK,CC,D
13:58:00,MYOR,RG,2420,2,F,BK,CC,D
13:58:00,MYOR,RG,2420,11,D,AK,CC,D
13:58:00,MYOR,RG,2420,7,D,AK,CC,D
13:58:00,MYOR,RG,2420,14,D,AK,CC,D
13:58:00,MYOR,RG,2420,9,D,AK,CC,D
13:57:54,MYOR,RG,2420,3,D,AK,OD,D
13:57:27,MYOR,RG,2430,10,D,PD,ZP,F
13:57:23,MYOR,RG,2420,22,D,AK,ZP,F
13:57:00,MYOR,RG,2420,38,D,AK,CC,D
13:57:00,MYOR,RG,2420,24,D,AK,CC,D
13:56:54,MYOR,RG,2420,3,D,AK,OD,D
13:56:16,MYOR,RG,2420,15,D,AK,ZP,F
13:55:54,MYOR,RG,2420,2,D,AK,OD,D
13:54:52,MYOR,RG,2420,3,D,AK,OD,D
13:53:49,MYOR,RG,2420,14,D,AK,ZP,F
13:53:48,MYOR,RG,2420,3,D,AK,OD,D
13:52:50,MYOR,RG,2420,3,D,AK,OD,D
13:51:52,MYOR,RG,2420,2,D,AK,OD,D
13:51:08,MYOR,RG,2430,2,D,CS,YP,D
13:51:08,MYOR,RG,2430,5,D,CS,YP,D
13:51:08,MYOR,RG,2430,36,D,XC,YP,D
13:51:08,MYOR,RG,2430,18,F,YU,YP,D
13:51:08,MYOR,RG,2430,10,F,YU,YP,D
13:51:08,MYOR,RG,2430,2,D,CS,YP,D
13:51:08,MYOR,RG,2430,2,D,CS,YP,D
13:51:08,MYOR,RG,2430,22,D,GR,YP,D
13:51:08,MYOR,RG,2430,2,D,CS,YP,D
13:51:08,MYOR,RG,2430,2,D,CS,YP,D
13:51:08,MYOR,RG,2430,96,F,BK,YP,D
13:51:08,MYOR,RG,2430,1,D,CS,YP,D
13:51:08,MYOR,RG,2430,22,F,YU,YP,D
13:50:52,MYOR,RG,2430,3,F,YU,OD,D
13:50:41,MYOR,RG,2430,15,F,YU,ZP,F
13:49:54,MYOR,RG,2430,3,F,YU,OD,D
13:49:24,MYOR,RG,2430,7,F,YU,XC,D
13:48:54,MYOR,RG,2430,3,F,YU,OD,D
13:48:09,MYOR,RG,2430,30,F,YU,TP,D
13:47:56,MYOR,RG,2430,2,F,YU,OD,D
13:47:56,MYOR,RG,2430,1,D,GR,OD,D
13:46:56,MYOR,RG,2440,25,F,YU,CP,D
13:46:56,MYOR,RG,2440,1,F,YU,NI,D
13:46:56,MYOR,RG,2440,1,F,YU,KZ,D
13:46:56,MYOR,RG,2440,26,F,YU,YP,D
13:46:37,MYOR,RG,2420,1,D,AK,CC,F
13:46:37,MYOR,RG,2440,8,D,CS,YP,D
13:46:37,MYOR,RG,2430,15,D,ZP,ZP,F
13:46:37,MYOR,RG,2430,2,D,ZP,OD,D
13:46:37,MYOR,RG,2430,62,D,ZP,CC,D
13:46:37,MYOR,RG,2430,14,D,ZP,ZP,F
13:46:37,MYOR,RG,2430,1,D,ZP,BK,F
13:46:37,MYOR,RG,2430,152,D,ZP,AK,F
13:46:37,MYOR,RG,2430,15,D,ZP,KZ,D
13:46:37,MYOR,RG,2430,179,D,ZP,CC,D
13:46:37,MYOR,RG,2430,30,D,ZP,CC,D
13:46:37,MYOR,RG,2430,50,D,ZP,CC,D
13:46:37,MYOR,RG,2430,1,D,ZP,CC,F
13:46:37,MYOR,RG,2430,8,D,ZP,KZ,D
13:46:37,MYOR,RG,2430,10,D,ZP,BK,F
13:46:37,MYOR,RG,2430,1,D,ZP,PD,D
13:45:56,MYOR,RG,2420,4,D,AK,OD,D
13:44:56,MYOR,RG,2420,2,D,AK,OD,D
13:44:22,MYOR,RG,2420,1,D,AK,NI,D
13:44:04,MYOR,RG,2420,7,D,AK,KZ,D
13:44:00,MYOR,RG,2420,15,D,AK,CC,D
13:44:00,MYOR,RG,2420,113,D,AK,CC,D
13:44:00,MYOR,RG,2420,48,D,AK,CC,D
13:44:00,MYOR,RG,2420,6,D,AK,CC,D
13:43:56,MYOR,RG,2420,4,D,AK,OD,D
13:43:08,MYOR,RG,2430,53,F,YU,PD,D
13:43:06,MYOR,RG,2420,1,D,AK,XC,D
13:42:54,MYOR,RG,2420,3,D,AK,OD,D
13:42:38,MYOR,RG,2420,16,D,AK,YP,D
13:41:54,MYOR,RG,2420,3,D,AK,OD,D
13:40:54,MYOR,RG,2420,3,D,AK,OD,D
13:40:38,MYOR,RG,2430,1,D,XL,PD,D
13:39:54,MYOR,RG,2420,3,D,AK,OD,D
13:39:09,MYOR,RG,2430,30,F,YU,PD,D
13:39:09,MYOR,RG,2430,10,F,YU,BK,F
13:39:09,MYOR,RG,2430,2,F,YU,PD,D
13:39:09,MYOR,RG,2430,5,F,YU,SQ,D
13:39:09,MYOR,RG,2430,4,F,YU,DR,D
13:39:09,MYOR,RG,2430,2,F,YU,CC,D
13:38:54,MYOR,RG,2420,3,D,AK,OD,D
13:37:56,MYOR,RG,2420,3,D,AK,OD,D
13:36:54,MYOR,RG,2420,3,D,AK,OD,D
13:35:54,MYOR,RG,2420,3,D,AK,OD,D
13:35:18,MYOR,RG,2420,15,D,AK,CC,D
13:34:54,MYOR,RG,2420,3,D,AK,OD,D
13:34:54,MYOR,RG,2420,40,D,AK,CC,D
13:33:56,MYOR,RG,2420,3,D,AK,OD,D
13:33:01,MYOR,RG,2420,6,D,AK,NI,D
13:33:01,MYOR,RG,2420,1,D,AK,NI,D
13:32:54,MYOR,RG,2420,3,D,AK,OD,D
13:31:56,MYOR,RG,2420,4,D,AK,OD,D
13:31:51,MYOR,RG,2430,1,F,YU,CC,D
13:31:51,MYOR,RG,2430,1,F,YU,CC,D
13:31:50,MYOR,RG,2430,1,D,XL,CC,D
13:31:50,MYOR,RG,2430,1,D,XL,CC,D
13:30:02,MYOR,RG,2430,1,D,XL,CC,D
13:30:02,MYOR,RG,2430,1,D,XL,CC,D
13:30:02,MYOR,RG,2430,1,D,XL,CC,D
13:30:02,MYOR,RG,2430,1,D,XL,CC,D
13:30:02,MYOR,RG,2430,1,D,XL,CC,D
13:30:02,MYOR,RG,2430,1,D,XL,CC,D
13:30:02,MYOR,RG,2430,1,D,XL,CC,D
13:30:02,MYOR,RG,2430,1,D,XL,CC,D
13:30:02,MYOR,RG,2430,1,D,XL,CC,D
13:30:02,MYOR,RG,2430,1,D,XL,CC,D
13:30:02,MYOR,RG,2430,1,D,XL,CC,D
13:30:02,MYOR,RG,2430,2,D,XL,CC,D
13:30:02,MYOR,RG,2430,2,D,XL,CC,D
13:30:02,MYOR,RG,2430,1,D,XL,CC,D
13:30:02,MYOR,RG,2430,4,D,XL,CC,D
13:30:02,MYOR,RG,2430,1,D,XL,CC,D
13:30:01,MYOR,RG,2420,1,D,AK,PD,D
13:30:01,MYOR,RG,2430,1,D,XC,CC,D
13:30:01,MYOR,RG,2430,1,D,XC,CC,D
13:30:01,MYOR,RG,2430,13,D,XC,CC,D
13:30:01,MYOR,RG,2430,1,D,XC,CC,D
13:30:01,MYOR,RG,2430,1,D,XC,CC,D
13:30:01,MYOR,RG,2430,2,D,XC,CC,D
13:30:01,MYOR,RG,2430,1,D,XC,CC,D
13:30:01,MYOR,RG,2420,1,D,AK,XC,D
13:30:01,MYOR,RG,2430,1,D,PD,CC,D
13:30:01,MYOR,RG,2430,1,D,PD,CC,D
13:30:01,MYOR,RG,2430,1,D,PD,KZ,D
13:30:01,MYOR,RG,2430,1,D,PD,KZ,D
13:30:01,MYOR,RG,2430,1,D,AT,KZ,D
13:30:01,MYOR,RG,2420,7,D,AK,XC,D
13:30:00,MYOR,RG,2420,18,D,AK,DH,D
13:30:00,MYOR,RG,2420,1,D,AK,AZ,D
11:29:56,MYOR,RG,2420,1,D,AK,OD,D
11:29:35,MYOR,RG,2420,1,D,AK,PD,D
11:28:35,MYOR,RG,2420,30,D,AK,ZP,F
11:28:35,MYOR,RG,2420,3,D,AK,OD,D
11:28:35,MYOR,RG,2420,99,D,AK,BK,F
11:28:34,MYOR,RG,2420,46,D,AK,BK,F
11:28:34,MYOR,RG,2420,23,D,AK,BK,F
11:28:34,MYOR,RG,2420,14,D,AK,CC,D
11:28:34,MYOR,RG,2420,2,D,AK,CC,D
11:28:34,MYOR,RG,2420,1,D,AK,CC,D
11:28:34,MYOR,RG,2420,2,D,AK,CC,D
11:28:34,MYOR,RG,2420,1,D,AK,CC,D
11:28:34,MYOR,RG,2420,2,D,AK,CC,D
11:28:34,MYOR,RG,2420,1,D,AK,CC,D
11:28:34,MYOR,RG,2420,4,D,AK,CC,D
11:28:34,MYOR,RG,2420,9,D,AK,KZ,D
11:28:34,MYOR,RG,2420,3,D,AK,CC,D
11:28:34,MYOR,RG,2420,3,D,AK,CC,D
11:28:34,MYOR,RG,2420,1,D,AK,CC,D
11:28:34,MYOR,RG,2420,1,D,AK,CC,D
11:28:34,MYOR,RG,2420,2,D,AK,CC,D
11:28:34,MYOR,RG,2420,1,D,AK,CC,D
11:28:34,MYOR,RG,2420,2,D,AK,CC,D
11:28:34,MYOR,RG,2420,1,D,AK,CC,D
11:28:34,MYOR,RG,2420,15,D,AK,ZP,F
11:28:34,MYOR,RG,2420,14,D,AK,ZP,F
11:28:23,MYOR,RG,2410,1,F,BK,OD,D
11:28:11,MYOR,RG,2420,1,D,EP,OD,D
11:28:11,MYOR,RG,2410,18,F,BK,BK,F
11:28:09,MYOR,RG,2410,14,F,BK,BK,F
11:28:05,MYOR,RG,2420,5,D,CS,BK,F
11:28:05,MYOR,RG,2420,5,D,CS,BK,F
11:28:05,MYOR,RG,2420,29,F,BK,BK,F
11:28:05,MYOR,RG,2420,4,D,XC,BK,F
11:28:03,MYOR,RG,2420,4,D,XC,KZ,D
11:28:03,MYOR,RG,2420,20,F,YU,AK,F
11:28:03,MYOR,RG,2420,5,D,CS,AK,F
11:28:03,MYOR,RG,2420,75,D,ZP,AK,F
11:28:02,MYOR,RG,2420,25,D,ZP,AK,F
11:28:02,MYOR,RG,2420,5,D,PD,AK,F
11:28:02,MYOR,RG,2420,4,D,XL,AK,F
11:28:02,MYOR,RG,2420,30,D,SQ,AK,F
11:28:02,MYOR,RG,2420,5,D,NI,AK,F
11:28:02,MYOR,RG,2420,10,F,BK,AK,F
11:28:02,MYOR,RG,2420,4,D,CS,AK,F
11:28:02,MYOR,RG,2420,1,D,CS,AK,F
11:28:02,MYOR,RG,2420,1,D,CS,AK,F
11:28:02,MYOR,RG,2420,15,D,ZP,AK,F
11:28:02,MYOR,RG,2420,31,D,ZP,ZP,F
11:27:18,MYOR,RG,2420,2,D,ZP,OD,D
11:26:20,MYOR,RG,2420,2,D,ZP,OD,D
11:26:08,MYOR,RG,2420,1,D,ZP,KZ,D
11:26:03,MYOR,RG,2420,1,D,ZP,KZ,D
11:25:58,MYOR,RG,2420,6,D,ZP,KZ,D
11:25:20,MYOR,RG,2420,14,D,ZP,ZP,F
11:25:20,MYOR,RG,2420,2,D,ZP,OD,D
11:24:25,MYOR,RG,2420,17,D,ZP,BK,F
11:24:20,MYOR,RG,2420,15,D,ZP,ZP,F
11:24:20,MYOR,RG,2420,2,D,ZP,OD,D
11:23:20,MYOR,RG,2420,15,D,ZP,ZP,F
11:23:20,MYOR,RG,2420,3,D,ZP,OD,D
11:23:08,MYOR,RG,2420,12,D,ZP,BK,F
11:23:03,MYOR,RG,2420,12,D,ZP,BK,F
11:23:03,MYOR,RG,2420,1,D,CC,BK,F
11:23:01,MYOR,RG,2420,9,D,CC,AK,F
11:23:01,MYOR,RG,2420,3,D,CS,AK,F
11:23:01,MYOR,RG,2420,1,D,CS,AK,F
11:23:01,MYOR,RG,2420,8,F,YU,AK,F
11:23:01,MYOR,RG,2420,7,F,YU,AK,F
11:23:01,MYOR,RG,2420,7,F,YU,AK,F
11:23:01,MYOR,RG,2420,6,F,YU,AK,F
11:23:01,MYOR,RG,2420,24,F,YU,AK,F
11:23:01,MYOR,RG,2420,1,D,XL,AK,F
11:23:01,MYOR,RG,2420,3,D,CS,AK,F
11:23:01,MYOR,RG,2420,1,D,CS,AK,F
11:23:01,MYOR,RG,2420,1,D,CS,AK,F
11:23:01,MYOR,RG,2420,2,D,CS,AK,F
11:23:01,MYOR,RG,2420,27,F,BK,AK,F
11:22:29,MYOR,RG,2420,1,F,BK,CC,D
11:22:29,MYOR,RG,2420,4,F,BK,CC,D
11:22:29,MYOR,RG,2420,1,F,BK,CC,D
11:22:29,MYOR,RG,2420,1,F,BK,CC,D
11:22:29,MYOR,RG,2420,2,F,BK,CC,D
11:22:29,MYOR,RG,2420,1,D,CS,CC,D
11:22:29,MYOR,RG,2420,1,D,CS,CC,D
11:22:29,MYOR,RG,2420,1,D,CS,CC,D
11:22:29,MYOR,RG,2420,1,D,XL,CC,D
11:22:29,MYOR,RG,2420,1,D,CS,CC,D
11:22:29,MYOR,RG,2420,1,D,CS,CC,D
11:22:29,MYOR,RG,2420,1,D,CS,CC,D
11:22:29,MYOR,RG,2420,1,D,CS,CC,D
11:22:29,MYOR,RG,2420,1,D,CS,CC,D
11:22:24,MYOR,RG,2420,18,D,ZP,BK,F
11:22:21,MYOR,RG,2420,9,D,ZP,KZ,D
11:22:20,MYOR,RG,2420,2,D,ZP,OD,D
11:22:18,MYOR,RG,2420,3,D,ZP,KZ,D
11:22:17,MYOR,RG,2420,8,D,ZP,BK,F
11:22:15,MYOR,RG,2420,90,D,ZP,AK,F
11:22:15,MYOR,RG,2420,10,F,BK,AK,F
11:22:10,MYOR,RG,2420,1,F,BK,CC,D
11:22:10,MYOR,RG,2420,1,F,BK,CC,D
11:22:10,MYOR,RG,2420,1,F,BK,CC,D
11:22:10,MYOR,RG,2420,1,F,BK,CC,D
11:22:10,MYOR,RG,2420,1,F,BK,CC,D
11:22:10,MYOR,RG,2420,1,F,BK,CC,D
11:22:10,MYOR,RG,2420,1,F,BK,CC,D
11:22:10,MYOR,RG,2420,1,F,BK,CC,D
11:22:10,MYOR,RG,2420,1,F,BK,CC,D
11:22:10,MYOR,RG,2420,1,F,BK,CC,D
11:22:10,MYOR,RG,2420,1,F,BK,CC,D
11:22:10,MYOR,RG,2420,1,F,BK,CC,D
11:22:10,MYOR,RG,2420,2,F,BK,CC,D
11:22:09,MYOR,RG,2420,2,F,BK,CC,D
11:21:55,MYOR,RG,2420,2,F,BK,CC,D
11:21:55,MYOR,RG,2420,2,F,BK,CC,D
11:21:55,MYOR,RG,2420,13,F,BK,CC,D
11:21:54,MYOR,RG,2420,2,F,BK,CC,D
11:21:54,MYOR,RG,2420,2,F,BK,CC,D
11:21:54,MYOR,RG,2420,7,F,BK,CC,D
11:21:54,MYOR,RG,2420,2,F,BK,CC,D
11:21:54,MYOR,RG,2420,2,F,BK,CC,D
11:21:54,MYOR,RG,2420,3,F,BK,CC,D
11:21:54,MYOR,RG,2420,2,F,BK,CC,D
11:21:54,MYOR,RG,2420,2,F,BK,CC,D
11:21:54,MYOR,RG,2420,2,F,BK,CC,D
11:21:54,MYOR,RG,2420,3,F,BK,CC,D
11:21:54,MYOR,RG,2420,2,F,BK,CC,D
11:21:54,MYOR,RG,2420,2,F,BK,CC,D
11:21:54,MYOR,RG,2420,2,F,BK,CC,D
11:21:54,MYOR,RG,2420,4,F,BK,CC,D
11:21:54,MYOR,RG,2420,4,F,BK,CC,D
11:21:54,MYOR,RG,2420,2,F,BK,CC,D
11:21:54,MYOR,RG,2420,25,F,BK,CC,D
11:21:54,MYOR,RG,2420,2,F,BK,CC,D
11:21:54,MYOR,RG,2420,8,F,BK,CC,D
11:21:54,MYOR,RG,2420,2,F,BK,CC,D
11:21:54,MYOR,RG,2420,2,F,BK,CC,D
11:21:54,MYOR,RG,2420,2,F,BK,CC,D
11:21:54,MYOR,RG,2420,2,F,BK,CC,D
11:21:54,MYOR,RG,2420,4,F,BK,CC,D
11:21:54,MYOR,RG,2420,3,F,BK,CC,D
11:21:54,MYOR,RG,2420,2,F,BK,CC,D
11:21:48,MYOR,RG,2420,1,F,BK,CC,D
11:21:48,MYOR,RG,2420,1,F,BK,CC,D
11:21:48,MYOR,RG,2420,8,F,BK,CC,D
11:21:48,MYOR,RG,2420,1,F,BK,CC,D
11:21:48,MYOR,RG,2420,1,F,BK,CC,D
11:21:48,MYOR,RG,2420,4,F,BK,CC,D
11:21:48,MYOR,RG,2420,1,F,BK,CC,D
11:21:48,MYOR,RG,2420,1,F,BK,CC,D
11:21:48,MYOR,RG,2420,1,F,BK,CC,D
11:21:48,MYOR,RG,2420,1,F,BK,CC,D
11:21:48,MYOR,RG,2420,1,F,BK,CC,D
11:21:48,MYOR,RG,2420,1,F,BK,CC,D
11:21:48,MYOR,RG,2420,2,F,BK,CC,D
11:21:48,MYOR,RG,2420,1,F,BK,CC,D
11:21:48,MYOR,RG,2420,1,F,BK,CC,D
11:21:48,MYOR,RG,2420,1,F,BK,CC,D
11:21:48,MYOR,RG,2420,2,F,BK,CC,D
11:21:48,MYOR,RG,2420,2,F,BK,CC,D
11:21:48,MYOR,RG,2420,1,F,BK,CC,D
11:21:48,MYOR,RG,2420,12,F,BK,CC,D
11:21:48,MYOR,RG,2420,2,D,CS,CC,D
11:21:48,MYOR,RG,2420,1,F,YU,CC,D
11:21:47,MYOR,RG,2420,1,F,YU,CC,D
11:21:47,MYOR,RG,2420,4,F,YU,CC,D
11:21:47,MYOR,RG,2420,1,F,YU,CC,D
11:21:47,MYOR,RG,2420,1,F,YU,CC,D
11:21:47,MYOR,RG,2420,1,F,YU,CC,D
11:21:47,MYOR,RG,2420,1,F,YU,CC,D
11:21:47,MYOR,RG,2420,2,F,YU,CC,D
11:21:47,MYOR,RG,2420,2,F,YU,CC,D
11:21:47,MYOR,RG,2420,1,F,YU,CC,D
11:21:46,MYOR,RG,2420,2,F,YU,YP,D
11:21:25,MYOR,RG,2420,2,F,YU,CC,D
11:21:25,MYOR,RG,2420,1,F,YU,CC,D
11:21:25,MYOR,RG,2420,4,F,YU,CC,D
11:21:25,MYOR,RG,2420,1,F,YU,CC,D
11:21:25,MYOR,RG,2420,2,F,YU,CC,D
11:21:25,MYOR,RG,2420,1,F,YU,CC,D
11:21:20,MYOR,RG,2420,2,F,YU,OD,D
11:21:15,MYOR,RG,2420,4,F,YU,CC,D
11:21:15,MYOR,RG,2420,2,F,YU,CC,D
11:21:15,MYOR,RG,2420,2,F,YU,CC,D
11:21:15,MYOR,RG,2420,8,F,YU,CC,D
11:21:15,MYOR,RG,2420,2,F,YU,CC,D
11:21:15,MYOR,RG,2420,2,F,YU,CC,D
11:21:15,MYOR,RG,2420,2,F,YU,CC,D
11:21:15,MYOR,RG,2420,2,F,YU,CC,D
11:21:15,MYOR,RG,2420,4,F,YU,CC,D
11:21:15,MYOR,RG,2420,3,F,YU,CC,D
11:21:15,MYOR,RG,2420,2,F,YU,CC,D
11:21:03,MYOR,RG,2420,1,F,YU,XL,D
11:20:35,MYOR,RG,2430,1,D,IF,AK,F
11:20:26,MYOR,RG,2420,35,F,YU,XC,D
11:20:20,MYOR,RG,2420,2,D,CS,OD,D
11:20:20,MYOR,RG,2420,1,D,CS,OD,D
11:19:22,MYOR,RG,2420,2,D,CS,OD,D
11:19:21,MYOR,RG,2430,1,D,YP,AK,F
11:19:21,MYOR,RG,2430,3,D,YP,SQ,D
11:18:24,MYOR,RG,2420,3,D,ZP,OD,D
11:17:37,MYOR,RG,2430,6,D,XC,SQ,D
11:17:26,MYOR,RG,2420,2,D,ZP,OD,D
11:17:24,MYOR,RG,2430,2,D,YP,SQ,D
11:16:37,MYOR,RG,2430,5,D,PD,SQ,D
11:16:13,MYOR,RG,2420,13,D,ZP,CC,F
11:16:13,MYOR,RG,2420,71,D,ZP,AK,F
11:16:13,MYOR,RG,2420,32,D,ZP,BK,F
11:16:13,MYOR,RG,2420,1,D,ZP,CC,D
11:16:13,MYOR,RG,2420,1,D,ZP,CC,D
11:16:13,MYOR,RG,2420,1,D,ZP,CC,D
11:16:13,MYOR,RG,2420,14,D,ZP,ZP,F
11:16:13,MYOR,RG,2420,1,D,ZP,OD,D
11:16:02,MYOR,RG,2420,1,D,CS,OD,D
11:15:21,MYOR,RG,2430,4,D,CS,SQ,D
11:15:21,MYOR,RG,2420,1,D,ZP,CC,D
11:15:21,MYOR,RG,2420,3,D,ZP,KZ,D
11:15:21,MYOR,RG,2420,2,D,ZP,OD,D
11:15:21,MYOR,RG,2420,1,D,ZP,CC,D
11:15:21,MYOR,RG,2420,1,D,ZP,CC,D
11:15:21,MYOR,RG,2420,1,D,ZP,CC,D
11:15:21,MYOR,RG,2420,13,D,ZP,XL,D
11:15:21,MYOR,RG,2420,1,D,ZP,CC,D
11:15:21,MYOR,RG,2420,1,D,ZP,CC,D
11:15:21,MYOR,RG,2420,1,D,ZP,CC,D
11:15:21,MYOR,RG,2420,1,D,ZP,CC,D
11:15:21,MYOR,RG,2420,1,D,ZP,CC,D
11:15:21,MYOR,RG,2420,1,D,ZP,CC,D
11:15:21,MYOR,RG,2420,1,D,ZP,CC,D
11:15:21,MYOR,RG,2420,26,D,ZP,BK,F
11:15:21,MYOR,RG,2420,1,D,ZP,CC,D
11:15:21,MYOR,RG,2420,55,D,ZP,CC,D
11:15:21,MYOR,RG,2420,30,D,ZP,BK,F
11:15:21,MYOR,RG,2420,1,D,ZP,CC,D
11:15:21,MYOR,RG,2420,1,D,ZP,CC,D
11:15:21,MYOR,RG,2420,1,D,ZP,CC,D
11:15:21,MYOR,RG,2420,1,D,ZP,CC,D
11:15:21,MYOR,RG,2420,9,D,ZP,BK,F
11:15:21,MYOR,RG,2420,1,D,ZP,CC,D
11:15:21,MYOR,RG,2420,1,D,ZP,CC,D
11:15:21,MYOR,RG,2420,2,D,ZP,CC,D
11:15:21,MYOR,RG,2420,4,D,ZP,CC,D
11:15:21,MYOR,RG,2420,1,D,ZP,CC,D
11:15:21,MYOR,RG,2420,2,D,ZP,CC,D
11:15:21,MYOR,RG,2420,1,D,ZP,CC,D
11:15:21,MYOR,RG,2420,1,D,ZP,CC,D
11:15:21,MYOR,RG,2420,1,D,ZP,CC,D
11:15:21,MYOR,RG,2420,1,D,ZP,CC,D
11:15:21,MYOR,RG,2420,15,D,ZP,ZP,F
11:15:21,MYOR,RG,2420,11,D,ZP,BK,F
11:15:21,MYOR,RG,2420,84,D,ZP,AK,F
11:15:21,MYOR,RG,2420,1,D,ZP,CC,D
11:15:21,MYOR,RG,2420,11,D,ZP,BK,F
11:15:21,MYOR,RG,2420,1,D,ZP,CC,D
11:15:21,MYOR,RG,2420,1,D,ZP,CC,D
11:15:21,MYOR,RG,2420,8,D,ZP,KZ,D
11:15:21,MYOR,RG,2420,2,D,ZP,CC,D
11:15:21,MYOR,RG,2420,3,D,ZP,CC,D
11:15:21,MYOR,RG,2420,1,D,ZP,CC,D
11:15:21,MYOR,RG,2420,1,D,ZP,CC,D
11:15:21,MYOR,RG,2420,1,D,ZP,CC,D
11:15:21,MYOR,RG,2420,14,D,ZP,ZP,F
11:15:21,MYOR,RG,2420,1,D,ZP,CC,D
11:15:21,MYOR,RG,2420,5,D,ZP,EP,D
11:15:21,MYOR,RG,2420,2,D,ZP,KZ,D
11:14:28,MYOR,RG,2410,2,F,BK,OD,D
11:13:28,MYOR,RG,2410,2,F,BK,OD,D
11:13:12,MYOR,RG,2410,3,F,BK,PD,D
11:12:49,MYOR,RG,2410,2,F,BK,CC,D
11:12:28,MYOR,RG,2410,2,F,BK,OD,D
11:12:28,MYOR,RG,2410,3,F,BK,KZ,D
11:12:06,MYOR,RG,2410,6,F,BK,KZ,D
11:11:57,MYOR,RG,2410,8,F,BK,ZP,F
11:11:57,MYOR,RG,2410,6,D,CS,ZP,F
11:11:51,MYOR,RG,2410,1,F,YU,CC,D
11:11:35,MYOR,RG,2410,1,F,YU,CC,D
11:11:26,MYOR,RG,2410,2,F,YU,OD,D
11:11:16,MYOR,RG,2410,2,F,YU,CC,D
11:11:15,MYOR,RG,2410,2,F,YU,CC,D
11:11:03,MYOR,RG,2410,4,F,YU,CC,D
11:11:00,MYOR,RG,2410,8,F,YU,CC,D
11:10:26,MYOR,RG,2410,2,F,YU,OD,D
11:09:28,MYOR,RG,2410,2,F,YU,OD,D
11:08:49,MYOR,RG,2410,14,F,YU,ZP,F
11:08:49,MYOR,RG,2420,3,D,CS,KZ,D
11:08:49,MYOR,RG,2420,1,D,CS,CC,D
11:08:49,MYOR,RG,2420,1,D,CS,CC,D
11:08:49,MYOR,RG,2420,5,D,CS,CC,F
11:08:49,MYOR,RG,2420,1,D,CS,CC,D
11:08:40,MYOR,RG,2410,14,F,YU,ZP,F
11:08:28,MYOR,RG,2410,2,F,YU,OD,D
11:07:33,MYOR,RG,2410,4,F,YU,KZ,D
11:07:30,MYOR,RG,2410,2,F,YU,OD,D
11:06:28,MYOR,RG,2410,2,F,YU,OD,D
11:05:28,MYOR,RG,2410,2,F,YU,OD,D
11:05:22,MYOR,RG,2410,14,F,YU,ZP,F
11:04:30,MYOR,RG,2410,2,F,YU,OD,D
11:04:29,MYOR,RG,2410,14,F,YU,ZP,F
11:04:21,MYOR,RG,2410,14,F,YU,ZP,F
11:03:30,MYOR,RG,2410,2,D,NI,OD,D
11:02:32,MYOR,RG,2410,2,D,NI,OD,D
11:01:49,MYOR,RG,2420,1,D,CS,CC,D
11:01:49,MYOR,RG,2420,3,D,CS,ZP,F
11:01:34,MYOR,RG,2410,2,D,NI,OD,D
11:00:36,MYOR,RG,2410,2,D,NI,OD,D
11:00:13,MYOR,RG,2420,1,D,XC,ZP,F
10:59:34,MYOR,RG,2410,2,D,NI,OD,D
10:59:25,MYOR,RG,2420,2,D,CS,ZP,F
10:59:20,MYOR,RG,2420,9,D,CC,ZP,F
10:59:20,MYOR,RG,2420,1,D,CC,YP,D
10:59:08,MYOR,RG,2420,1,D,CC,YP,D
10:58:30,MYOR,RG,2410,2,D,NI,CC,F
10:58:30,MYOR,RG,2410,1,D,NI,CC,D
10:58:30,MYOR,RG,2410,2,D,NI,OD,D
10:58:30,MYOR,RG,2410,1,D,NI,CC,D
10:58:30,MYOR,RG,2410,14,D,NI,ZP,F
10:58:30,MYOR,RG,2410,2,D,NI,CC,D
10:58:30,MYOR,RG,2410,1,D,NI,CC,D
10:58:30,MYOR,RG,2410,1,D,NI,CC,D
10:58:30,MYOR,RG,2410,1,D,NI,CC,D
10:58:30,MYOR,RG,2410,4,D,NI,CC,D
10:58:30,MYOR,RG,2410,1,D,NI,CC,D
10:58:30,MYOR,RG,2410,1,D,NI,CC,D
10:58:30,MYOR,RG,2410,1,D,NI,CC,D
10:58:30,MYOR,RG,2410,1,D,NI,CC,D
10:58:30,MYOR,RG,2410,1,D,NI,CC,D
10:58:30,MYOR,RG,2410,3,D,NI,KZ,D
10:58:30,MYOR,RG,2410,7,D,NI,KZ,D
10:58:30,MYOR,RG,2410,1,D,NI,CC,D
10:58:30,MYOR,RG,2410,3,D,NI,ZP,F
10:58:03,MYOR,RG,2410,1,D,CS,ZP,F
10:57:40,MYOR,RG,2400,1,D,XL,OD,D
10:57:11,MYOR,RG,2410,1,D,CS,ZP,F
10:56:42,MYOR,RG,2400,2,D,XL,OD,D
10:56:30,MYOR,RG,2410,1,D,CS,ZP,F
10:56:24,MYOR,RG,2410,1,D,XC,ZP,F
10:56:15,MYOR,RG,2400,14,D,XL,ZP,F
10:56:15,MYOR,RG,2410,8,F,YU,ZP,F
10:56:15,MYOR,RG,2410,3,F,YU,CC,D
10:56:15,MYOR,RG,2410,1,F,YU,CC,D
10:56:15,MYOR,RG,2410,1,F,YU,CC,D
10:56:15,MYOR,RG,2410,1,F,YU,CC,D
10:56:15,MYOR,RG,2410,1,F,YU,CC,D
10:56:15,MYOR,RG,2410,1,F,YU,CC,D
10:56:15,MYOR,RG,2410,1,F,YU,CC,D
10:56:15,MYOR,RG,2410,15,F,YU,ZP,F
10:56:15,MYOR,RG,2410,1,F,YU,CC,D
10:55:59,MYOR,RG,2410,1,D,CS,GR,D
10:55:40,MYOR,RG,2400,2,D,XL,OD,D
10:55:17,MYOR,RG,2410,1,D,CS,GR,D
10:54:46,MYOR,RG,2410,1,D,CS,GR,D
10:54:40,MYOR,RG,2400,3,D,XL,OD,D
10:54:29,MYOR,RG,2400,15,D,XL,ZP,F
10:53:55,MYOR,RG,2410,1,D,CS,GR,D
10:53:38,MYOR,RG,2400,2,D,XL,OD,D
10:53:13,MYOR,RG,2410,1,D,CS,GR,D
10:52:42,MYOR,RG,2410,2,D,XC,GR,D
10:52:40,MYOR,RG,2400,2,D,XL,OD,D
10:52:33,MYOR,RG,2410,1,D,CS,GR,D
10:51:43,MYOR,RG,2410,1,D,CS,GR,D
10:51:42,MYOR,RG,2400,1,D,XL,OD,D
10:51:29,MYOR,RG,2410,1,D,YP,CC,D
10:51:01,MYOR,RG,2410,1,D,CS,CC,D
10:50:40,MYOR,RG,2410,1,D,PD,CC,D
10:50:37,MYOR,RG,2410,1,D,YP,CC,D
10:50:30,MYOR,RG,2410,4,D,YP,CC,D
10:50:27,MYOR,RG,2410,13,D,YP,CC,D
10:50:27,MYOR,RG,2410,1,D,YP,CC,D
10:50:27,MYOR,RG,2410,2,D,YP,OD,D
10:50:27,MYOR,RG,2410,1,D,YP,CC,D
10:50:27,MYOR,RG,2410,6,D,YP,KZ,D
10:50:27,MYOR,RG,2410,1,D,YP,CC,D
10:50:27,MYOR,RG,2410,4,D,YP,CC,D
10:50:27,MYOR,RG,2410,1,D,YP,CC,D
10:50:27,MYOR,RG,2410,1,D,YP,CC,D
10:50:27,MYOR,RG,2410,1,D,YP,CC,D
10:50:27,MYOR,RG,2410,7,D,YP,KZ,D
10:50:27,MYOR,RG,2410,1,D,YP,CC,D
10:50:27,MYOR,RG,2410,1,D,YP,CC,D
10:50:27,MYOR,RG,2410,2,D,YP,CC,D
10:50:27,MYOR,RG,2410,2,D,YP,KZ,D
10:50:27,MYOR,RG,2410,1,D,YP,CC,D
10:50:27,MYOR,RG,2410,1,D,YP,CC,D
10:50:27,MYOR,RG,2410,1,D,YP,CC,D
10:50:27,MYOR,RG,2410,1,D,YP,CC,D
10:50:27,MYOR,RG,2410,1,D,YP,CC,D
10:50:27,MYOR,RG,2410,1,D,YP,CC,D
10:50:27,MYOR,RG,2410,2,D,YP,CC,D
10:50:27,MYOR,RG,2410,4,D,YP,CC,D
10:50:27,MYOR,RG,2410,1,D,YP,CC,D
10:50:27,MYOR,RG,2410,1,D,YP,CC,D
10:50:27,MYOR,RG,2410,1,D,YP,CC,D
10:50:27,MYOR,RG,2410,1,D,YP,CC,D
10:50:27,MYOR,RG,2410,2,D,YP,CC,D
10:50:27,MYOR,RG,2410,1,D,YP,CC,D
10:50:27,MYOR,RG,2410,1,D,YP,CC,D
10:50:27,MYOR,RG,2410,1,D,YP,CC,D
10:50:27,MYOR,RG,2410,14,D,YP,ZP,F
10:50:27,MYOR,RG,2410,1,D,YP,ZP,F
10:50:22,MYOR,RG,2410,2,D,CS,ZP,F
10:49:42,MYOR,RG,2400,2,D,XL,OD,D
10:49:30,MYOR,RG,2400,2,D,XL,CC,D
10:49:26,MYOR,RG,2400,2,D,XL,CC,D
10:49:26,MYOR,RG,2400,4,D,XL,CC,D
10:49:22,MYOR,RG,2410,1,D,CS,ZP,F
10:49:07,MYOR,RG,2410,1,D,EP,ZP,F
10:48:42,MYOR,RG,2400,2,D,XL,OD,D
10:48:31,MYOR,RG,2410,2,D,XC,ZP,F
10:47:48,MYOR,RG,2410,7,D,XC,ZP,F
10:47:40,MYOR,RG,2400,2,D,XL,OD,D
10:46:42,MYOR,RG,2400,2,D,XL,OD,D
10:46:40,MYOR,RG,2400,14,D,XL,ZP,F
10:45:46,MYOR,RG,2410,1,D,CS,ZP,F
10:45:46,MYOR,RG,2410,1,D,CS,KZ,D
10:45:46,MYOR,RG,2410,3,D,CS,KZ,D
10:45:46,MYOR,RG,2410,5,F,BK,KZ,D
10:45:43,MYOR,RG,2410,4,F,BK,KZ,D
10:45:42,MYOR,RG,2410,18,F,BK,CC,D
10:45:42,MYOR,RG,2410,6,D,CS,CC,D
10:45:42,MYOR,RG,2410,2,D,CS,CC,D
10:45:42,MYOR,RG,2410,1,D,EP,CC,D
10:45:42,MYOR,RG,2410,61,F,BK,CC,D
10:45:42,MYOR,RG,2410,22,D,DR,CC,D
10:45:42,MYOR,RG,2410,2,D,DR,OD,D
10:44:53,MYOR,RG,2410,13,D,DR,CC,D
10:44:44,MYOR,RG,2410,2,D,DR,OD,D
10:44:10,MYOR,RG,2410,32,D,DR,YP,D
10:43:46,MYOR,RG,2410,3,D,DR,OD,D
10:43:16,MYOR,RG,2420,1,D,XC,YP,D
10:42:46,MYOR,RG,2410,2,D,DR,OD,D
10:41:48,MYOR,RG,2410,3,D,DR,OD,D
10:40:58,MYOR,RG,2410,12,D,DR,PD,D
10:40:48,MYOR,RG,2410,2,D,DR,OD,D
10:39:48,MYOR,RG,2410,3,D,DR,OD,D
10:38:13,MYOR,RG,2410,2,D,DR,OD,D
10:38:13,MYOR,RG,2410,15,D,DR,ZP,F
10:38:13,MYOR,RG,2410,50,D,DR,EP,D
10:38:13,MYOR,RG,2410,3,D,DR,CC,D
10:38:13,MYOR,RG,2410,14,D,DR,ZP,F
10:38:13,MYOR,RG,2410,8,D,DR,KZ,D
10:38:13,MYOR,RG,2410,2,D,DR,CC,F
10:38:13,MYOR,RG,2410,1,D,DR,CC,D
10:38:13,MYOR,RG,2410,1,D,DR,CC,D
10:38:13,MYOR,RG,2410,1,D,DR,CC,D
10:38:13,MYOR,RG,2410,2,D,DR,KZ,D
10:37:46,MYOR,RG,2400,3,D,XL,OD,D
10:37:32,MYOR,RG,2410,4,D,CP,KZ,D
10:37:32,MYOR,RG,2410,1,D,CP,CC,D
10:37:32,MYOR,RG,2410,1,D,CP,CC,D
10:37:32,MYOR,RG,2410,1,D,CP,CC,D
10:37:32,MYOR,RG,2410,1,D,CP,CC,D
10:37:32,MYOR,RG,2410,1,D,CP,CC,D
10:37:32,MYOR,RG,2410,1,D,CP,CC,D
10:37:32,MYOR,RG,2410,1,D,CP,CC,D
10:37:32,MYOR,RG,2410,1,D,CP,CC,D
10:37:32,MYOR,RG,2410,4,D,CP,CC,D
10:37:32,MYOR,RG,2410,2,D,CP,CC,D
10:37:32,MYOR,RG,2410,1,D,CP,CC,D
10:37:32,MYOR,RG,2410,1,D,CP,CC,D
10:37:32,MYOR,RG,2410,4,D,CP,CC,D
10:37:32,MYOR,RG,2410,1,D,CP,CC,D
10:37:32,MYOR,RG,2410,1,D,CP,CC,D
10:37:32,MYOR,RG,2410,1,D,CP,CC,D
10:37:32,MYOR,RG,2410,3,D,CP,CC,D
10:37:32,MYOR,RG,2410,1,D,CP,CC,D
10:37:32,MYOR,RG,2410,1,D,CP,CC,D
10:37:32,MYOR,RG,2410,1,D,CP,CC,D
10:37:32,MYOR,RG,2410,1,D,CP,CC,D
10:37:32,MYOR,RG,2410,16,D,CP,CC,D
10:37:04,MYOR,RG,2410,13,D,KK,CC,D
10:37:04,MYOR,RG,2410,1,D,KK,CC,D
10:37:04,MYOR,RG,2410,1,D,KK,CC,D
10:37:04,MYOR,RG,2410,1,D,KK,CC,D
10:37:04,MYOR,RG,2410,1,D,KK,CC,D
10:37:04,MYOR,RG,2410,2,D,KK,CC,D
10:37:04,MYOR,RG,2410,1,D,KK,CC,D
10:36:46,MYOR,RG,2410,1,D,CC,CC,D
10:36:44,MYOR,RG,2400,2,D,XL,OD,D
10:36:18,MYOR,RG,2400,7,D,XL,CC,D
10:36:01,MYOR,RG,2410,1,D,XL,CC,D
10:36:01,MYOR,RG,2410,5,D,XL,CC,D
10:36:01,MYOR,RG,2410,1,D,XL,CC,D
10:36:01,MYOR,RG,2410,14,D,XL,ZP,F
10:36:01,MYOR,RG,2410,1,D,XL,CC,D
10:36:01,MYOR,RG,2410,1,D,XL,CC,D
10:36:01,MYOR,RG,2410,1,D,XL,CC,D
10:36:01,MYOR,RG,2410,1,D,XL,CC,D
10:36:01,MYOR,RG,2410,3,D,XL,CC,D
10:36:01,MYOR,RG,2410,3,D,XL,CC,D
10:36:01,MYOR,RG,2410,5,D,XL,CC,D
10:36:01,MYOR,RG,2410,4,D,XL,CC,D
10:36:01,MYOR,RG,2410,3,D,XL,CC,D
10:36:01,MYOR,RG,2410,1,D,XL,CC,D
10:36:01,MYOR,RG,2410,1,D,XL,CC,D
10:36:01,MYOR,RG,2410,5,D,XL,CC,D
10:35:57,MYOR,RG,2400,2,D,XL,CC,D
10:35:45,MYOR,RG,2400,2,D,XL,CC,D
10:35:44,MYOR,RG,2400,2,D,XL,OD,D
10:35:31,MYOR,RG,2410,1,D,XL,CC,D
10:35:03,MYOR,RG,2410,1,D,LG,CC,D
10:34:46,MYOR,RG,2400,3,D,XL,OD,D
10:34:43,MYOR,RG,2400,14,D,XL,ZP,F
10:34:36,MYOR,RG,2410,1,D,XC,CC,D
10:33:53,MYOR,RG,2400,1,D,XL,CC,D
10:33:46,MYOR,RG,2400,2,D,XL,OD,D
10:33:42,MYOR,RG,2400,1,D,XL,CC,D
10:33:12,MYOR,RG,2400,2,D,XL,OD,D
10:33:00,MYOR,RG,2400,6,D,XL,CC,D
10:33:00,MYOR,RG,2400,6,D,XL,CC,D
10:33:00,MYOR,RG,2400,6,D,XL,CC,D
10:32:48,MYOR,RG,2400,2,D,XL,OD,D
10:32:44,MYOR,RG,2400,2,D,XL,CC,D
10:32:40,MYOR,RG,2410,4,D,XC,CC,D
10:32:12,MYOR,RG,2400,2,D,XL,CC,D
10:32:12,MYOR,RG,2400,2,D,XL,CC,D
10:32:01,MYOR,RG,2400,2,D,XL,CC,D
10:32:00,MYOR,RG,2400,13,D,XL,BK,F
10:32:00,MYOR,RG,2400,7,D,XL,CC,D
10:32:00,MYOR,RG,2400,9,D,XL,CC,D
10:32:00,MYOR,RG,2400,8,D,XL,CC,D
10:32:00,MYOR,RG,2400,6,D,XL,CC,D
10:32:00,MYOR,RG,2400,6,D,XL,CC,D
10:31:53,MYOR,RG,2400,2,D,XL,CC,D
10:31:50,MYOR,RG,2400,3,D,XL,OD,D
10:31:35,MYOR,RG,2400,2,D,XL,CC,D
10:31:00,MYOR,RG,2400,11,D,XL,CC,D
10:31:00,MYOR,RG,2400,12,D,XL,CC,D
10:30:54,MYOR,RG,2400,2,D,XL,CC,D
10:30:53,MYOR,RG,2400,2,D,XL,CC,D
10:30:50,MYOR,RG,2400,18,D,XL,BK,F
10:30:49,MYOR,RG,2400,2,D,XL,OD,D
10:30:48,MYOR,RG,2400,18,D,XL,BK,F
10:30:43,MYOR,RG,2410,4,D,AK,CC,D
10:30:43,MYOR,RG,2410,15,D,AK,ZP,F
10:30:43,MYOR,RG,2410,31,D,AK,DH,D
10:30:43,MYOR,RG,2400,30,D,XL,BK,F
10:30:43,MYOR,RG,2410,12,D,AK,DH,D
10:30:42,MYOR,RG,2410,12,D,AK,DH,D
10:30:42,MYOR,RG,2410,28,D,AK,DH,D
10:30:42,MYOR,RG,2410,26,D,AK,DH,D
10:30:42,MYOR,RG,2410,43,D,AK,DH,D
10:30:42,MYOR,RG,2410,29,D,AK,DH,D
10:30:42,MYOR,RG,2400,2,D,LG,CC,D
10:30:27,MYOR,RG,2400,15,D,XL,ZP,F
10:30:14,MYOR,RG,2400,5,D,XL,BK,F
10:30:14,MYOR,RG,2400,11,D,XC,BK,F
10:30:11,MYOR,RG,2400,10,D,XC,BK,F
10:30:11,MYOR,RG,2400,11,D,CC,BK,F
10:30:08,MYOR,RG,2400,97,D,CC,BK,F
10:30:03,MYOR,RG,2400,160,D,CC,DH,D
10:30:03,MYOR,RG,2400,20,D,XC,DH,D
10:30:03,MYOR,RG,2400,1,D,XC,DH,D
10:30:03,MYOR,RG,2400,2,D,PD,DH,D
10:30:03,MYOR,RG,2400,50,D,YP,DH,D
10:30:03,MYOR,RG,2400,2,D,YP,DH,D
10:30:03,MYOR,RG,2400,100,D,YU,DH,D
10:30:03,MYOR,RG,2400,100,D,YU,DH,D
10:30:03,MYOR,RG,2400,18,D,AZ,DH,D
10:30:03,MYOR,RG,2400,18,D,AZ,DH,D
10:30:03,MYOR,RG,2400,29,D,AZ,DH,D
10:29:51,MYOR,RG,2400,5,D,AZ,XC,D
10:29:48,MYOR,RG,2400,2,D,AZ,CC,D
10:29:46,MYOR,RG,2410,1,D,XC,DH,D
10:29:45,MYOR,RG,2400,3,D,AZ,OD,D
10:29:27,MYOR,RG,2410,1,D,XC,DH,D
10:29:27,MYOR,RG,2410,26,F,BK,DH,D
10:29:27,MYOR,RG,2410,2,D,YP,DH,D
10:29:27,MYOR,RG,2410,1,D,XC,DH,D
10:29:27,MYOR,RG,2410,1,D,XC,DH,D
10:29:27,MYOR,RG,2410,13,D,XC,DH,D
10:29:27,MYOR,RG,2410,1,D,SQ,DH,D
10:29:27,MYOR,RG,2410,1,D,XL,DH,D
10:29:27,MYOR,RG,2410,57,F,YU,DH,D
10:29:27,MYOR,RG,2410,1,D,XC,DH,D
10:29:27,MYOR,RG,2410,1,D,XL,DH,D
10:29:27,MYOR,RG,2410,2,D,XL,DH,D
10:29:27,MYOR,RG,2410,4,D,XL,DH,D
10:29:27,MYOR,RG,2410,20,D,HP,DH,D
10:29:27,MYOR,RG,2410,40,D,XA,DH,D
10:29:27,MYOR,RG,2410,40,D,XA,DH,D
10:29:27,MYOR,RG,2410,5,D,PD,DH,D
10:29:27,MYOR,RG,2410,8,D,XC,DH,D
10:29:27,MYOR,RG,2410,1,D,PD,DH,D
10:29:27,MYOR,RG,2410,4,D,PD,DH,D
10:29:27,MYOR,RG,2410,22,F,BK,DH,D
10:29:27,MYOR,RG,2410,20,D,XA,DH,D
10:29:27,MYOR,RG,2410,47,D,LG,DH,D
10:28:45,MYOR,RG,2410,2,D,LG,OD,D
10:28:38,MYOR,RG,2410,14,D,LG,ZP,F
10:27:54,MYOR,RG,2410,2,D,LG,CC,D
10:27:47,MYOR,RG,2410,8,D,LG,CC,D
10:27:45,MYOR,RG,2410,3,D,LG,OD,D
10:27:41,MYOR,RG,2410,4,D,LG,CC,D
10:27:22,MYOR,RG,2410,14,D,LG,ZP,F
10:27:00,MYOR,RG,2410,6,D,LG,CC,D
10:27:00,MYOR,RG,2410,1,D,EP,CC,D
10:27:00,MYOR,RG,2410,1,D,XC,CC,D
10:27:00,MYOR,RG,2410,2,D,YP,CC,D
10:27:00,MYOR,RG,2410,46,D,YP,CC,D
10:26:45,MYOR,RG,2410,2,D,YP,OD,D
10:26:27,MYOR,RG,2410,1,D,YP,CC,D
10:26:24,MYOR,RG,2410,50,D,YP,XC,D
10:26:16,MYOR,RG,2410,10,D,YP,CC,D
10:26:12,MYOR,RG,2410,1,D,YP,CC,D
10:25:45,MYOR,RG,2410,2,D,YP,OD,D
10:24:45,MYOR,RG,2410,15,D,YP,ZP,F
10:24:45,MYOR,RG,2410,3,D,YP,OD,D
10:24:10,MYOR,RG,2410,2,D,YP,CC,D
10:23:58,MYOR,RG,2420,1,D,PD,YP,D
10:23:49,MYOR,RG,2410,2,D,YP,CC,D
10:23:43,MYOR,RG,2410,3,D,YP,OD,D
10:23:24,MYOR,RG,2410,3,D,YP,CC,D
10:23:12,MYOR,RG,2410,2,D,YP,CC,D
10:22:41,MYOR,RG,2410,2,D,YP,OD,D
10:21:43,MYOR,RG,2410,2,D,YP,OD,D
10:20:45,MYOR,RG,2410,3,D,YP,OD,D
10:20:21,MYOR,RG,2410,1,D,YP,CC,D
10:20:21,MYOR,RG,2410,1,D,PD,CC,D
10:19:57,MYOR,RG,2420,10,D,HP,YP,D
10:19:45,MYOR,RG,2410,2,D,PD,OD,D
10:19:32,MYOR,RG,2420,9,F,BK,YP,D
10:19:32,MYOR,RG,2420,7,D,CC,YP,D
10:19:28,MYOR,RG,2420,1,D,CC,ZP,F
10:19:28,MYOR,RG,2420,2,D,XC,ZP,F
10:19:28,MYOR,RG,2420,11,F,BK,ZP,F
10:19:28,MYOR,RG,2420,1,F,BK,XL,D
10:19:07,MYOR,RG,2420,7,F,BK,CC,D
10:18:55,MYOR,RG,2420,1,F,BK,CC,D
10:18:55,MYOR,RG,2420,4,F,BK,CC,D
10:18:47,MYOR,RG,2420,1,F,BK,CC,D
10:18:45,MYOR,RG,2420,2,F,BK,OD,D
10:18:22,MYOR,RG,2420,2,F,BK,CC,D
10:17:50,MYOR,RG,2420,15,F,BK,BK,F
10:17:50,MYOR,RG,2420,1,D,YP,BK,F
10:17:46,MYOR,RG,2420,2,D,YP,CC,D
10:17:45,MYOR,RG,2420,3,F,BK,OD,D
10:17:27,MYOR,RG,2420,2,F,BK,CC,D
10:17:14,MYOR,RG,2420,2,F,BK,CC,D
10:17:03,MYOR,RG,2420,14,F,BK,BK,F
10:17:03,MYOR,RG,2420,1,D,KK,BK,F
10:16:59,MYOR,RG,2420,34,F,YU,BK,F
10:16:59,MYOR,RG,2420,9,D,GR,BK,F
10:16:58,MYOR,RG,2420,41,D,GR,AK,F
10:16:58,MYOR,RG,2420,19,F,BK,AK,F
10:16:58,MYOR,RG,2420,1,D,KK,AK,F
10:16:58,MYOR,RG,2420,2,D,YP,AK,F
10:16:58,MYOR,RG,2420,17,F,BK,AK,F
10:16:58,MYOR,RG,2420,18,F,YU,AK,F
10:16:58,MYOR,RG,2420,37,F,YU,AK,F
10:16:58,MYOR,RG,2420,1,D,XL,AK,F
10:16:58,MYOR,RG,2420,3,D,XC,AK,F
10:16:58,MYOR,RG,2420,10,F,BK,AK,F
10:16:58,MYOR,RG,2420,10,D,NI,AK,F
10:16:58,MYOR,RG,2420,1,D,XC,AK,F
10:16:58,MYOR,RG,2420,36,F,BK,AK,F
10:16:58,MYOR,RG,2420,1,F,BK,AK,F
10:16:58,MYOR,RG,2420,5,D,HD,AK,F
10:16:58,MYOR,RG,2420,1,D,XL,AK,F
10:16:58,MYOR,RG,2420,5,D,PD,AK,F
10:16:58,MYOR,RG,2420,1,D,XC,AK,F
10:16:58,MYOR,RG,2420,1,D,XL,AK,F
10:16:58,MYOR,RG,2420,1,D,IF,AK,F
10:16:58,MYOR,RG,2420,10,D,CC,AK,F
10:16:58,MYOR,RG,2420,4,D,XL,AK,F
10:16:58,MYOR,RG,2420,1,D,XC,AK,F
10:16:58,MYOR,RG,2420,68,D,AK,AK,F
10:16:57,MYOR,RG,2420,3,D,AK,AK,F
10:16:57,MYOR,RG,2420,30,D,AK,AK,F
10:16:57,MYOR,RG,2420,65,D,AK,AK,F
10:16:57,MYOR,RG,2420,9,D,AK,ZP,F
10:16:57,MYOR,RG,2420,6,D,AK,ZP,F
10:16:57,MYOR,RG,2420,100,D,AK,BQ,D
10:16:43,MYOR,RG,2420,2,D,AK,OD,D
10:16:40,MYOR,RG,2420,2,D,AK,CC,D
10:16:30,MYOR,RG,2420,1,D,AK,YP,D
10:16:29,MYOR,RG,2420,2,D,AK,CC,D
10:16:04,MYOR,RG,2420,2,D,AK,CC,D
10:15:43,MYOR,RG,2420,2,D,AK,OD,D
10:15:07,MYOR,RG,2420,9,D,AK,ZP,F
10:15:07,MYOR,RG,2420,5,D,AK,ZP,F
10:15:07,MYOR,RG,2420,2,D,AK,CC,D
10:14:52,MYOR,RG,2420,2,D,AK,CC,D
10:14:44,MYOR,RG,2420,2,D,AK,CC,D
10:14:43,MYOR,RG,2420,2,D,AK,OD,D
10:14:40,MYOR,RG,2430,5,D,PD,AK,F
10:13:43,MYOR,RG,2420,1,D,AK,OD,D
10:12:43,MYOR,RG,2420,2,D,AK,OD,D
10:12:42,MYOR,RG,2420,4,D,AK,CC,D
10:12:22,MYOR,RG,2420,2,D,AK,CC,D
10:12:18,MYOR,RG,2420,2,D,AK,CC,D
10:11:45,MYOR,RG,2420,2,D,AK,OD,D
10:11:32,MYOR,RG,2420,1,D,AK,CC,D
10:11:12,MYOR,RG,2430,1,D,XL,AK,F
10:11:08,MYOR,RG,2420,1,D,AK,CC,D
10:10:43,MYOR,RG,2420,1,D,AK,OD,D
10:10:19,MYOR,RG,2420,5,D,AK,CC,D
10:10:19,MYOR,RG,2420,8,D,AK,CC,D
10:10:11,MYOR,RG,2420,1,D,AK,GR,D
10:09:45,MYOR,RG,2420,2,D,AK,OD,D
10:09:29,MYOR,RG,2420,2,D,AK,CC,D
10:09:13,MYOR,RG,2430,53,F,YU,AK,F
10:08:45,MYOR,RG,2420,2,D,AK,OD,D
10:08:31,MYOR,RG,2430,4,D,XC,AK,F
10:08:31,MYOR,RG,2430,5,D,XC,BK,F
10:08:27,MYOR,RG,2430,4,D,PD,BK,F
10:08:05,MYOR,RG,2430,2,D,XL,BK,F
10:07:51,MYOR,RG,2430,1,D,XL,BK,F
10:07:48,MYOR,RG,2430,33,D,XC,BK,F
10:07:48,MYOR,RG,2430,15,D,XC,ZP,F
10:07:48,MYOR,RG,2430,14,D,XC,ZP,F
10:07:48,MYOR,RG,2430,3,D,XC,CC,D
10:07:48,MYOR,RG,2430,3,D,XC,CC,D
10:07:48,MYOR,RG,2430,14,D,XC,CC,D
10:07:43,MYOR,RG,2420,14,D,AK,ZP,F
10:07:43,MYOR,RG,2420,1,D,AK,OD,D
10:06:43,MYOR,RG,2420,2,D,AK,OD,D
10:06:01,MYOR,RG,2420,2,D,AK,CC,D
10:06:00,MYOR,RG,2420,3,D,AK,CC,D
10:05:43,MYOR,RG,2420,2,D,AK,OD,D
10:04:43,MYOR,RG,2420,2,D,AK,OD,D
10:03:43,MYOR,RG,2420,1,D,AK,OD,D
10:03:42,MYOR,RG,2430,1,D,CC,CC,D
10:02:48,MYOR,RG,2430,1,D,YP,CC,D
10:02:45,MYOR,RG,2420,2,D,AK,OD,D
10:01:43,MYOR,RG,2420,1,D,AK,OD,D
10:01:38,MYOR,RG,2420,6,D,AK,CC,D
10:01:34,MYOR,RG,2420,4,D,AK,CC,D
10:01:23,MYOR,RG,2430,1,F,YU,CC,D
10:01:23,MYOR,RG,2430,1,F,YU,CC,D
09:58:21,MYOR,RG,2420,1,D,AK,YB,D
09:57:07,MYOR,RG,2420,20,D,AK,YP,D
09:53:10,MYOR,RG,2420,14,D,AK,ZP,F
09:50:23,MYOR,RG,2420,11,D,AK,ZP,F
09:50:23,MYOR,RG,2420,3,D,AK,ZP,F
09:49:14,MYOR,RG,2430,1,D,XC,CC,D
09:48:43,MYOR,RG,2430,1,F,BK,CC,D
09:48:43,MYOR,RG,2430,8,F,BK,CC,D
09:48:43,MYOR,RG,2430,2,F,BK,CC,D
09:48:43,MYOR,RG,2430,1,D,XC,CC,D
09:48:43,MYOR,RG,2430,3,D,XC,CC,D
09:48:43,MYOR,RG,2430,4,D,XC,CC,D
09:48:43,MYOR,RG,2430,3,D,XC,CC,D
09:48:43,MYOR,RG,2430,3,D,XC,CC,D
09:48:43,MYOR,RG,2430,3,D,XC,CC,D
09:48:43,MYOR,RG,2430,4,D,XC,CC,D
09:48:43,MYOR,RG,2430,3,D,XC,CC,D
09:48:43,MYOR,RG,2430,3,D,XC,CC,D
09:48:43,MYOR,RG,2430,3,D,XC,CC,D
09:48:43,MYOR,RG,2430,5,D,XC,CC,D
09:48:43,MYOR,RG,2430,5,D,PD,CC,D
09:48:43,MYOR,RG,2430,3,F,BK,CC,D
09:48:43,MYOR,RG,2430,7,F,BK,CC,D
09:48:43,MYOR,RG,2430,1,D,OD,CC,D
09:48:43,MYOR,RG,2430,18,D,LG,CC,D
09:48:43,MYOR,RG,2430,3,D,LG,CC,D
09:48:43,MYOR,RG,2430,9,D,LG,CC,D
09:48:43,MYOR,RG,2430,3,D,LG,CC,D
09:48:43,MYOR,RG,2430,3,D,LG,CC,D
09:48:43,MYOR,RG,2430,3,D,LG,CC,D
09:48:43,MYOR,RG,2430,3,D,LG,CC,D
09:48:43,MYOR,RG,2430,5,D,LG,CC,D
09:48:43,MYOR,RG,2430,4,D,LG,CC,D
09:48:43,MYOR,RG,2430,3,D,LG,CC,D
09:47:07,MYOR,RG,2430,14,D,LG,ZP,F
09:47:07,MYOR,RG,2440,45,D,NI,AK,F
09:43:21,MYOR,RG,2430,3,D,LG,CC,D
09:42:55,MYOR,RG,2430,3,D,LG,HP,D
09:40:04,MYOR,RG,2430,1,D,LG,YB,D
09:38:32,MYOR,RG,2430,2,D,LG,PD,D
09:38:32,MYOR,RG,2430,2,D,YP,PD,D
09:38:32,MYOR,RG,2430,1,D,XC,PD,D
09:35:10,MYOR,RG,2430,1,D,YP,CC,D
09:35:10,MYOR,RG,2430,2,D,YP,CC,F
09:35:10,MYOR,RG,2430,4,D,YP,YP,D
09:35:10,MYOR,RG,2430,2,D,YP,DR,D
09:35:10,MYOR,RG,2430,13,D,YP,BQ,D
09:35:10,MYOR,RG,2430,17,D,YP,BK,F
09:35:10,MYOR,RG,2430,2,D,YP,ZP,F
09:34:18,MYOR,RG,2430,3,D,PD,ZP,F
09:33:33,MYOR,RG,2430,5,D,PD,ZP,F
09:33:24,MYOR,RG,2420,20,D,AK,BQ,D
09:32:57,MYOR,RG,2420,1,D,AK,XC,D
09:28:19,MYOR,RG,2420,5,D,AK,EP,D
09:27:52,MYOR,RG,2420,35,D,AK,XC,D
09:27:52,MYOR,RG,2420,1,D,YP,XC,D
09:26:40,MYOR,RG,2420,1,D,YP,YB,D
09:26:35,MYOR,RG,2430,4,D,AZ,ZP,F
09:26:35,MYOR,RG,2430,1,D,AZ,YB,D
09:25:33,MYOR,RG,2430,1,D,CC,CC,F
09:25:33,MYOR,RG,2430,1,D,XA,CC,F
09:25:33,MYOR,RG,2430,10,D,PD,CC,F
09:25:33,MYOR,RG,2430,5,D,XC,CC,F
09:25:33,MYOR,RG,2430,4,D,XL,CC,F
09:25:33,MYOR,RG,2430,10,D,BQ,CC,F
09:25:26,MYOR,RG,2430,1,D,XL,BQ,D
09:25:26,MYOR,RG,2430,19,D,OD,BQ,D
09:24:08,MYOR,RG,2430,6,D,OD,XC,D
09:23:15,MYOR,RG,2430,1,D,OD,XL,D
09:20:51,MYOR,RG,2440,1,D,GR,CC,F
09:20:08,MYOR,RG,2440,2,D,XC,CC,F
09:17:36,MYOR,RG,2440,1,D,XC,YB,D
09:15:49,MYOR,RG,2430,10,D,OD,YP,D
09:14:48,MYOR,RG,2440,480,D,CC,DH,D
09:14:36,MYOR,RG,2430,150,D,OD,PD,D
09:13:28,MYOR,RG,2430,14,D,OD,LG,D
09:13:28,MYOR,RG,2430,2,D,DH,LG,D
09:13:28,MYOR,RG,2430,4,D,CS,LG,D
09:13:28,MYOR,RG,2430,1,D,EP,LG,D
09:13:17,MYOR,RG,2440,4,D,CS,DH,D
09:13:17,MYOR,RG,2440,1,D,CS,DH,D
09:13:17,MYOR,RG,2440,4,D,CS,DH,D
09:12:07,MYOR,RG,2430,1,D,CC,PD,D
09:12:05,MYOR,RG,2440,11,D,CS,DH,D
09:11:51,MYOR,RG,2440,1,D,CS,AZ,D
09:11:14,MYOR,RG,2430,9,D,CC,BK,F
09:11:11,MYOR,RG,2430,12,D,CC,BK,F
09:11:09,MYOR,RG,2440,10,D,XC,YP,D
09:11:06,MYOR,RG,2430,16,D,CC,BK,F
09:11:06,MYOR,RG,2430,10,D,AZ,BK,F
09:11:06,MYOR,RG,2430,15,D,EP,BK,F
09:11:06,MYOR,RG,2430,2,D,YP,BK,F
09:11:03,MYOR,RG,2440,100,D,CC,AK,F
09:11:03,MYOR,RG,2440,5,D,CS,AK,F
09:11:03,MYOR,RG,2440,3,D,CS,AK,F
09:11:03,MYOR,RG,2440,20,D,OD,AK,F
09:11:03,MYOR,RG,2440,99,D,YU,AK,F
09:10:56,MYOR,RG,2440,1,D,YU,XL,D
09:10:33,MYOR,RG,2440,1,D,YP,XL,D
09:10:13,MYOR,RG,2450,7,D,CS,LG,D
09:10:13,MYOR,RG,2450,4,D,CS,LG,D
09:09:43,MYOR,RG,2440,4,D,YP,OD,D
09:09:43,MYOR,RG,2440,1,D,YP,OD,D
09:09:17,MYOR,RG,2440,1,D,YP,BK,F
09:09:17,MYOR,RG,2440,1,D,XC,BK,F
09:09:17,MYOR,RG,2440,8,D,CC,BK,F
09:09:13,MYOR,RG,2440,18,D,CC,BK,F
09:09:09,MYOR,RG,2440,84,D,CC,AK,F
09:09:09,MYOR,RG,2440,10,D,CC,XC,D
09:09:05,MYOR,RG,2440,2,D,CC,OD,D
09:09:02,MYOR,RG,2440,15,D,CC,AK,F
09:08:46,MYOR,RG,2440,9,D,CC,BK,F
09:08:42,MYOR,RG,2450,4,D,CS,LG,D
09:08:42,MYOR,RG,2450,6,D,CS,LG,D
09:07:28,MYOR,RG,2450,4,D,CS,LG,D
09:07:14,MYOR,RG,2460,18,D,CS,AK,F
09:07:14,MYOR,RG,2440,17,D,CC,BK,F
09:07:12,MYOR,RG,2440,37,D,CC,BK,F
09:07:10,MYOR,RG,2450,1,D,CS,AK,F
09:07:10,MYOR,RG,2450,7,D,CS,AK,F
09:07:10,MYOR,RG,2450,3,D,CS,AK,F
09:07:10,MYOR,RG,2460,3,D,CS,AK,F
09:07:10,MYOR,RG,2450,20,D,OD,AK,F
09:07:10,MYOR,RG,2450,300,D,CC,AK,F
09:07:10,MYOR,RG,2450,1,D,YP,AK,F
09:07:10,MYOR,RG,2450,50,D,YU,AK,F
09:06:48,MYOR,RG,2460,4,D,CS,AK,F
09:06:48,MYOR,RG,2460,2,D,CS,YP,D
09:06:48,MYOR,RG,2460,19,D,CS,XC,D
09:06:48,MYOR,RG,2460,1,D,CS,XC,D
09:06:44,MYOR,RG,2450,50,D,YU,AK,F
09:06:44,MYOR,RG,2450,200,D,CC,AK,F
09:06:41,MYOR,RG,2460,1,D,CS,XC,D
09:06:41,MYOR,RG,2460,20,D,OD,XC,D
09:06:41,MYOR,RG,2460,1,D,XC,XC,D
09:06:00,MYOR,RG,2470,2,D,CS,BK,F
09:06:00,MYOR,RG,2470,20,D,OD,BK,F
09:03:35,MYOR,RG,2470,1,D,XC,BK,F
09:01:48,MYOR,RG,2470,1,D,CS,BK,F
09:01:48,MYOR,RG,2470,1,D,CS,BK,F
09:01:48,MYOR,RG,2470,9,D,EP,BK,F
09:01:48,MYOR,RG,2470,1,D,EP,XC,D
09:01:10,MYOR,RG,2470,1,D,CC,IF,D
09:00:50,MYOR,RG,2470,3,D,YP,DR,D
09:00:14,MYOR,RG,2480,1,D,CS,OD,D
09:00:14,MYOR,RG,2470,7,D,YP,AK,F
09:00:12,MYOR,RG,2480,1,D,XL,BK,F
09:00:06,MYOR,RG,2480,1,D,XC,BK,F
09:00:06,MYOR,RG,2480,1,D,CS,BK,F
09:00:06,MYOR,RG,2480,2,D,EP,BK,F
09:00:05,MYOR,RG,2490,2,D,XL,BK,F
09:00:05,MYOR,RG,2480,3,D,XL,XC,D
09:00:05,MYOR,RG,2460,1,D,PD,XC,D
09:00:04,MYOR,RG,2490,1,D,XL,BK,F
09:00:03,MYOR,RG,2490,1,D,DR,AT,D
09:00:03,MYOR,RG,2490,3,D,DR,AZ,D
09:00:01,MYOR,RG,2490,1,D,GR,AZ,D
