Time,Stock,Brd,Price,Qty,BT,BC,SC,ST
15:14:09,MYOR,RG,1505,3,D,--,--,D
15:14:09,MYOR,RG,1505,1,D,--,--,D
15:14:09,MYOR,RG,1505,5,D,--,--,D
15:13:42,MYOR,RG,1505,5,D,--,--,D
15:13:42,MYOR,RG,1505,50,D,--,--,D
15:13:42,MYOR,RG,1505,1,D,--,--,D
15:13:42,MYOR,RG,1505,10,D,--,--,D
15:13:42,MYOR,RG,1505,5,D,--,--,D
15:13:42,MYOR,RG,1505,3,D,--,--,D
15:13:42,MYOR,RG,1505,1,D,--,--,D
15:13:07,MYOR,RG,1505,1,D,--,--,D
15:13:07,MYOR,RG,1505,1,D,--,--,D
15:13:07,MYOR,RG,1505,2,D,--,--,D
15:13:07,MYOR,RG,1505,1,D,--,--,D
15:13:07,MYOR,RG,1505,1,D,--,--,D
15:13:07,MYOR,RG,1505,3,D,--,--,D
15:12:47,MYOR,RG,1505,2,D,--,--,D
15:09:53,MYOR,RG,1505,5,D,--,--,D
15:09:53,MYOR,RG,1505,5,D,--,--,D
15:08:53,MYOR,RG,1505,5,D,--,--,D
15:08:53,MYOR,RG,1505,1,D,--,--,D
15:08:33,MYOR,RG,1505,1,D,--,--,D
15:07:45,MYOR,RG,1505,25,D,--,--,D
15:06:10,MYOR,RG,1505,1,D,--,--,D
15:05:58,MYOR,RG,1505,2,D,--,--,D
15:05:58,MYOR,RG,1505,2,D,--,--,D
15:05:58,MYOR,RG,1505,16,D,--,--,D
15:03:19,MYOR,RG,1505,17,D,--,--,D
15:03:19,MYOR,RG,1505,1,D,--,--,D
15:03:19,MYOR,RG,1505,1,D,--,--,D
15:03:19,MYOR,RG,1505,100,D,--,--,D
15:03:19,MYOR,RG,1505,8,D,--,--,D
15:02:38,MYOR,RG,1505,2,D,--,--,D
15:02:18,MYOR,RG,1505,11,D,--,--,D
15:02:17,MYOR,RG,1505,33,D,--,--,D
15:01:01,MYOR,RG,1505,7,D,--,--,D
15:00:00,MYOR,RG,1505,139,D,--,--,D
15:00:00,MYOR,RG,1505,1,D,--,--,D
15:00:00,MYOR,RG,1505,60,D,--,--,D
15:00:00,MYOR,RG,1505,3,D,--,--,D
15:00:00,MYOR,RG,1505,1,D,--,--,D
15:00:00,MYOR,RG,1505,1,D,--,--,D
15:00:00,MYOR,RG,1505,21,D,--,--,D
15:00:00,MYOR,RG,1505,2,D,--,--,D
15:00:00,MYOR,RG,1505,10,D,--,--,D
15:00:00,MYOR,RG,1505,5,D,--,--,D
15:00:00,MYOR,RG,1505,1,D,--,--,D
15:00:00,MYOR,RG,1505,2,D,--,--,D
15:00:00,MYOR,RG,1505,1,D,--,--,D
15:00:00,MYOR,RG,1505,3,D,--,--,D
15:00:00,MYOR,RG,1505,2,D,--,--,F
15:00:00,MYOR,RG,1505,1,D,--,--,F
15:00:00,MYOR,RG,1505,20,D,--,--,F
15:00:00,MYOR,RG,1505,1,D,--,--,F
15:00:00,MYOR,RG,1505,3,D,--,--,F
15:00:00,MYOR,RG,1505,5,D,--,--,F
15:00:00,MYOR,RG,1505,25,D,--,--,F
15:00:00,MYOR,RG,1505,12,D,--,--,F
15:00:00,MYOR,RG,1505,11,D,--,--,F
15:00:00,MYOR,RG,1505,1,D,--,--,F
15:00:00,MYOR,RG,1505,5,D,--,--,F
15:00:00,MYOR,RG,1505,3,D,--,--,F
15:00:00,MYOR,RG,1505,1,D,--,--,F
15:00:00,MYOR,RG,1505,3,D,--,--,F
15:00:00,MYOR,RG,1505,1,D,--,--,F
15:00:00,MYOR,RG,1505,2,D,--,--,F
15:00:00,MYOR,RG,1505,1,D,--,--,F
15:00:00,MYOR,RG,1505,1,D,--,--,F
15:00:00,MYOR,RG,1505,13,D,--,--,F
15:00:00,MYOR,RG,1505,3,D,--,--,F
15:00:00,MYOR,RG,1505,2,D,--,--,F
15:00:00,MYOR,RG,1505,1,D,--,--,F
15:00:00,MYOR,RG,1505,1,D,--,--,F
15:00:00,MYOR,RG,1505,1,D,--,--,F
15:00:00,MYOR,RG,1505,2,D,--,--,F
15:00:00,MYOR,RG,1505,1,D,--,--,F
15:00:00,MYOR,RG,1505,20,D,--,--,F
15:00:00,MYOR,RG,1505,10,D,--,--,F
15:00:00,MYOR,RG,1505,10,D,--,--,F
15:00:00,MYOR,RG,1505,25,D,--,--,F
15:00:00,MYOR,RG,1505,2,D,--,--,F
15:00:00,MYOR,RG,1505,1,D,--,--,F
15:00:00,MYOR,RG,1505,2,D,--,--,F
15:00:00,MYOR,RG,1505,10,D,--,--,F
15:00:00,MYOR,RG,1505,10,D,--,--,F
15:00:00,MYOR,RG,1505,4,D,--,--,F
15:00:00,MYOR,RG,1505,1,D,--,--,F
15:00:00,MYOR,RG,1505,20,D,--,--,F
15:00:00,MYOR,RG,1505,7,D,--,--,F
15:00:00,MYOR,RG,1505,7,D,--,--,F
15:00:00,MYOR,RG,1505,1,D,--,--,F
15:00:00,MYOR,RG,1505,1,D,--,--,F
15:00:00,MYOR,RG,1505,1,D,--,--,F
15:00:00,MYOR,RG,1505,7,D,--,--,F
15:00:00,MYOR,RG,1505,3,D,--,--,F
15:00:00,MYOR,RG,1505,1,D,--,--,F
15:00:00,MYOR,RG,1505,2,D,--,--,F
15:00:00,MYOR,RG,1505,7,D,--,--,F
15:00:00,MYOR,RG,1505,5,D,--,--,F
15:00:00,MYOR,RG,1505,10,D,--,--,F
15:00:00,MYOR,RG,1505,3,D,--,--,F
15:00:00,MYOR,RG,1505,1,D,--,--,F
15:00:00,MYOR,RG,1505,1,D,--,--,F
15:00:00,MYOR,RG,1505,100,D,--,--,F
15:00:00,MYOR,RG,1505,1,D,--,--,F
15:00:00,MYOR,RG,1505,1,D,--,--,F
15:00:00,MYOR,RG,1505,1,D,--,--,F
15:00:00,MYOR,RG,1505,25,D,--,--,F
15:00:00,MYOR,RG,1505,5,D,--,--,F
15:00:00,MYOR,RG,1505,1,D,--,--,F
15:00:00,MYOR,RG,1505,10,D,--,--,F
15:00:00,MYOR,RG,1505,2,D,--,--,F
15:00:00,MYOR,RG,1505,1,D,--,--,F
15:00:00,MYOR,RG,1505,10,D,--,--,F
15:00:00,MYOR,RG,1505,2,D,--,--,F
15:00:00,MYOR,RG,1505,78,D,--,--,F
15:00:00,MYOR,RG,1505,1,D,--,--,F
15:00:00,MYOR,RG,1505,1,D,--,--,F
15:00:00,MYOR,RG,1505,10,D,--,--,F
15:00:00,MYOR,RG,1505,5,D,--,--,F
15:00:00,MYOR,RG,1505,4,F,--,--,F
15:00:00,MYOR,RG,1505,1,F,--,--,F
15:00:00,MYOR,RG,1505,1,F,--,--,F
15:00:00,MYOR,RG,1505,2,F,--,--,F
15:00:00,MYOR,RG,1505,2,F,--,--,F
15:00:00,MYOR,RG,1505,3,F,--,--,F
15:00:00,MYOR,RG,1505,1,F,--,--,F
15:00:00,MYOR,RG,1505,38,F,--,--,F
15:00:00,MYOR,RG,1505,37,F,--,--,F
15:00:00,MYOR,RG,1505,14,F,--,--,F
15:00:00,MYOR,RG,1505,69,F,--,--,F
15:00:00,MYOR,RG,1505,56,F,--,--,F
15:00:00,MYOR,RG,1505,10,D,--,--,F
14:49:59,MYOR,RG,1510,1,D,--,--,F
14:49:59,MYOR,RG,1515,3,D,--,--,F
14:49:58,MYOR,RG,1515,5,D,--,--,F
14:49:58,MYOR,RG,1515,2,D,--,--,F
14:49:58,MYOR,RG,1515,1,D,--,--,F
14:49:58,MYOR,RG,1515,1,F,--,--,F
14:49:58,MYOR,RG,1515,2,F,--,--,F
14:49:58,MYOR,RG,1515,1,D,--,--,F
14:49:40,MYOR,RG,1520,1,F,--,--,F
14:49:39,MYOR,RG,1515,1,F,--,--,D
14:49:39,MYOR,RG,1520,1,F,--,--,F
14:49:38,MYOR,RG,1520,3,D,--,--,F
14:49:09,MYOR,RG,1525,58,F,--,--,F
14:49:01,MYOR,RG,1520,33,D,--,--,F
14:49:00,MYOR,RG,1520,63,D,--,--,F
14:49:00,MYOR,RG,1520,9,D,--,--,F
14:49:00,MYOR,RG,1520,16,D,--,--,F
14:49:00,MYOR,RG,1520,1,D,--,--,F
14:49:00,MYOR,RG,1520,1,D,--,--,F
14:49:00,MYOR,RG,1515,20,D,--,--,F
14:49:00,MYOR,RG,1515,32,D,--,--,F
14:49:00,MYOR,RG,1515,2,D,--,--,F
14:49:00,MYOR,RG,1515,21,D,--,--,F
14:48:59,MYOR,RG,1515,8,D,--,--,F
14:48:58,MYOR,RG,1515,4,F,--,--,F
14:48:57,MYOR,RG,1515,2,D,--,--,F
14:48:57,MYOR,RG,1515,14,D,--,--,F
14:48:56,MYOR,RG,1515,4,F,--,--,F
14:48:55,MYOR,RG,1510,12,D,--,--,F
14:48:45,MYOR,RG,1515,1,F,--,--,F
14:48:44,MYOR,RG,1515,7,D,--,--,F
14:48:38,MYOR,RG,1510,7,D,--,--,D
14:48:36,MYOR,RG,1515,1,D,--,--,F
14:48:33,MYOR,RG,1515,2,D,--,--,F
14:48:14,MYOR,RG,1510,7,D,--,--,D
14:48:14,MYOR,RG,1510,1,D,--,--,D
14:48:14,MYOR,RG,1510,20,D,--,--,D
14:48:14,MYOR,RG,1510,400,D,--,--,D
14:48:14,MYOR,RG,1510,13,D,--,--,D
14:48:14,MYOR,RG,1510,5,D,--,--,D
14:48:14,MYOR,RG,1510,1,D,--,--,D
14:48:14,MYOR,RG,1510,2,D,--,--,D
14:48:14,MYOR,RG,1510,5,D,--,--,D
14:48:14,MYOR,RG,1510,1,D,--,--,D
14:48:14,MYOR,RG,1510,20,D,--,--,D
14:48:14,MYOR,RG,1510,1,D,--,--,D
14:48:14,MYOR,RG,1510,5,D,--,--,D
14:48:14,MYOR,RG,1510,5,D,--,--,D
14:48:14,MYOR,RG,1510,1,D,--,--,D
14:48:14,MYOR,RG,1510,1,D,--,--,D
14:48:14,MYOR,RG,1510,1,D,--,--,D
14:48:11,MYOR,RG,1515,2,D,--,--,D
14:48:09,MYOR,RG,1515,20,F,--,--,D
14:48:09,MYOR,RG,1515,6,F,--,--,D
14:48:09,MYOR,RG,1515,24,D,--,--,D
14:48:09,MYOR,RG,1515,1,D,--,--,D
14:48:09,MYOR,RG,1515,160,D,--,--,D
14:48:09,MYOR,RG,1515,1,D,--,--,D
14:48:09,MYOR,RG,1515,1,D,--,--,D
14:48:09,MYOR,RG,1515,20,D,--,--,D
14:48:09,MYOR,RG,1515,1,D,--,--,D
14:48:09,MYOR,RG,1515,1,D,--,--,D
14:48:04,MYOR,RG,1520,199,F,--,--,D
14:48:04,MYOR,RG,1520,3,D,--,--,D
14:48:04,MYOR,RG,1520,34,F,--,--,D
14:48:04,MYOR,RG,1520,27,F,--,--,D
14:48:04,MYOR,RG,1520,1,D,--,--,D
14:48:04,MYOR,RG,1520,17,D,--,--,D
14:48:04,MYOR,RG,1520,1,D,--,--,D
14:48:04,MYOR,RG,1520,55,D,--,--,D
14:48:04,MYOR,RG,1520,1,D,--,--,D
14:48:04,MYOR,RG,1520,21,D,--,--,D
14:48:04,MYOR,RG,1520,6,F,--,--,D
14:48:04,MYOR,RG,1520,12,D,--,--,D
14:48:04,MYOR,RG,1525,504,D,--,--,F
14:48:04,MYOR,RG,1525,10,D,--,--,D
14:48:04,MYOR,RG,1525,17,D,--,--,F
14:48:04,MYOR,RG,1525,22,D,--,--,F
14:48:04,MYOR,RG,1525,39,D,--,--,F
14:48:04,MYOR,RG,1525,57,D,--,--,F
14:48:04,MYOR,RG,1525,76,D,--,--,F
14:48:04,MYOR,RG,1525,19,D,--,--,F
14:48:00,MYOR,RG,1520,6,D,--,--,F
14:47:58,MYOR,RG,1520,19,D,--,--,F
14:47:58,MYOR,RG,1520,6,D,--,--,F
14:47:57,MYOR,RG,1520,8,D,--,--,F
14:47:57,MYOR,RG,1520,17,D,--,--,F
14:47:56,MYOR,RG,1520,9,D,--,--,F
14:47:56,MYOR,RG,1520,1,D,--,--,F
14:47:56,MYOR,RG,1520,13,F,--,--,F
14:47:45,MYOR,RG,1520,7,F,--,--,F
14:47:43,MYOR,RG,1520,15,F,--,--,F
14:47:43,MYOR,RG,1520,6,F,--,--,F
14:47:30,MYOR,RG,1520,7,F,--,--,F
14:47:28,MYOR,RG,1520,22,F,--,--,F
14:47:15,MYOR,RG,1520,12,F,--,--,F
14:47:13,MYOR,RG,1520,36,F,--,--,F
14:46:59,MYOR,RG,1520,1,F,--,--,D
14:46:51,MYOR,RG,1520,17,F,--,--,F
14:46:51,MYOR,RG,1520,25,D,--,--,F
14:46:51,MYOR,RG,1520,55,F,--,--,F
14:46:51,MYOR,RG,1520,2,D,--,--,F
14:46:51,MYOR,RG,1520,43,D,--,--,F
14:46:49,MYOR,RG,1520,172,D,--,--,D
14:46:49,MYOR,RG,1520,29,F,--,--,D
14:46:49,MYOR,RG,1520,114,F,--,--,D
14:46:49,MYOR,RG,1520,1,D,--,--,D
14:46:49,MYOR,RG,1520,2,D,--,--,D
14:46:49,MYOR,RG,1520,10,D,--,--,D
14:46:49,MYOR,RG,1520,3,D,--,--,D
14:46:49,MYOR,RG,1520,37,D,--,--,D
14:46:49,MYOR,RG,1520,1,D,--,--,D
14:46:49,MYOR,RG,1520,10,D,--,--,D
14:46:49,MYOR,RG,1520,45,D,--,--,D
14:46:45,MYOR,RG,1520,80,D,--,--,F
14:46:45,MYOR,RG,1520,46,D,--,--,F
14:46:45,MYOR,RG,1520,4,D,--,--,F
14:46:45,MYOR,RG,1520,113,D,--,--,F
14:46:44,MYOR,RG,1520,168,F,--,--,D
14:46:44,MYOR,RG,1520,45,F,--,--,D
14:46:44,MYOR,RG,1520,478,D,--,--,D
14:46:43,MYOR,RG,1520,38,D,--,--,F
14:45:49,MYOR,RG,1520,2,D,--,--,F
14:45:48,MYOR,RG,1520,2,D,--,--,F
14:45:47,MYOR,RG,1525,7,D,--,--,F
14:45:47,MYOR,RG,1520,6,D,--,--,F
14:45:46,MYOR,RG,1520,5,D,--,--,D
14:45:45,MYOR,RG,1520,6,D,--,--,F
14:45:39,MYOR,RG,1520,18,D,--,--,F
14:45:39,MYOR,RG,1520,18,D,--,--,F
14:45:39,MYOR,RG,1520,4,D,--,--,F
14:45:39,MYOR,RG,1520,12,D,--,--,F
14:45:39,MYOR,RG,1520,11,D,--,--,F
14:45:39,MYOR,RG,1520,24,D,--,--,F
14:45:39,MYOR,RG,1520,9,D,--,--,F
14:45:39,MYOR,RG,1520,1,D,--,--,F
14:45:39,MYOR,RG,1520,8,D,--,--,F
14:45:39,MYOR,RG,1520,188,D,--,--,F
14:45:39,MYOR,RG,1520,14,D,--,--,F
14:45:39,MYOR,RG,1520,38,D,--,--,F
14:45:36,MYOR,RG,1515,7,F,--,--,D
14:45:11,MYOR,RG,1520,4,D,--,--,F
14:45:10,MYOR,RG,1515,4,F,--,--,F
14:45:10,MYOR,RG,1515,30,D,--,--,F
14:45:08,MYOR,RG,1520,1,D,--,--,F
14:44:49,MYOR,RG,1520,2,F,--,--,F
14:44:49,MYOR,RG,1520,6,F,--,--,F
14:44:49,MYOR,RG,1520,20,F,--,--,F
14:44:49,MYOR,RG,1520,233,F,--,--,D
14:44:49,MYOR,RG,1520,147,F,--,--,D
14:44:49,MYOR,RG,1520,187,D,--,--,D
14:44:49,MYOR,RG,1520,17,D,--,--,D
14:44:49,MYOR,RG,1520,64,D,--,--,D
14:44:42,MYOR,RG,1520,10,D,--,--,F
14:44:41,MYOR,RG,1520,30,D,--,--,F
14:44:41,MYOR,RG,1520,435,D,--,--,F
14:44:40,MYOR,RG,1520,8,F,--,--,F
14:44:40,MYOR,RG,1520,1,D,--,--,F
14:44:40,MYOR,RG,1520,58,D,--,--,F
14:44:40,MYOR,RG,1520,32,D,--,--,F
14:44:40,MYOR,RG,1520,10,D,--,--,F
14:44:40,MYOR,RG,1525,1,D,--,--,F
14:44:40,MYOR,RG,1525,5,D,--,--,F
14:44:40,MYOR,RG,1525,1,D,--,--,F
14:44:40,MYOR,RG,1525,26,F,--,--,F
14:44:40,MYOR,RG,1525,1,D,--,--,F
14:44:40,MYOR,RG,1525,346,F,--,--,F
14:44:40,MYOR,RG,1525,2,D,--,--,F
14:44:40,MYOR,RG,1525,1,D,--,--,F
14:44:40,MYOR,RG,1525,131,D,--,--,F
14:44:40,MYOR,RG,1525,5,D,--,--,F
14:44:40,MYOR,RG,1525,66,D,--,--,F
14:44:40,MYOR,RG,1525,91,D,--,--,F
14:44:40,MYOR,RG,1525,81,D,--,--,F
14:44:40,MYOR,RG,1525,8,D,--,--,F
14:44:40,MYOR,RG,1525,7,D,--,--,F
14:44:40,MYOR,RG,1525,161,D,--,--,F
14:44:40,MYOR,RG,1525,699,D,--,--,F
14:44:19,MYOR,RG,1525,4,D,--,--,F
14:44:18,MYOR,RG,1525,15,D,--,--,F
14:44:17,MYOR,RG,1530,10,D,--,--,D
14:44:16,MYOR,RG,1525,47,D,--,--,D
14:44:13,MYOR,RG,1525,4,D,--,--,F
14:44:13,MYOR,RG,1525,10,D,--,--,D
14:44:12,MYOR,RG,1525,3,D,--,--,F
14:44:12,MYOR,RG,1525,1,F,--,--,F
14:44:12,MYOR,RG,1525,4,F,--,--,F
14:44:11,MYOR,RG,1525,25,F,--,--,D
14:44:00,MYOR,RG,1525,10,F,--,--,F
14:43:58,MYOR,RG,1525,31,F,--,--,F
14:43:37,MYOR,RG,1525,7,F,--,--,F
14:43:36,MYOR,RG,1525,20,F,--,--,D
14:43:01,MYOR,RG,1525,233,F,AK,ZP,F
14:43:00,MYOR,RG,1530,698,D,AK,KZ,D
14:42:41,MYOR,RG,1530,1,D,NI,KZ,D
14:42:37,MYOR,RG,1525,35,F,AK,ZP,F
14:42:36,MYOR,RG,1530,147,D,AK,KZ,D
14:42:36,MYOR,RG,1530,6,D,AK,ZP,F
14:42:26,MYOR,RG,1530,7,D,XC,ZP,F
14:42:25,MYOR,RG,1530,1,D,BQ,ZP,F
14:42:19,MYOR,RG,1525,48,F,AK,ZP,F
14:42:00,MYOR,RG,1530,41,D,AK,ZP,F
14:42:00,MYOR,RG,1530,1,D,AK,SQ,D
14:42:00,MYOR,RG,1530,1,D,AK,PD,D
14:42:00,MYOR,RG,1530,99,D,AK,SQ,D
14:42:00,MYOR,RG,1530,61,D,AK,KK,D
14:41:52,MYOR,RG,1530,89,F,AK,KK,D
14:41:52,MYOR,RG,1530,1,F,AK,CC,D
14:41:52,MYOR,RG,1530,2,F,AK,PD,D
14:41:52,MYOR,RG,1525,2,F,AK,XC,D
14:41:40,MYOR,RG,1525,11,D,YP,ZP,F
14:41:40,MYOR,RG,1525,86,D,YP,ZP,F
14:41:40,MYOR,RG,1525,254,D,YP,ZP,F
14:41:40,MYOR,RG,1525,727,D,YP,ZP,F
14:41:40,MYOR,RG,1525,20,D,YP,ZP,F
14:41:40,MYOR,RG,1525,743,D,YP,ZP,F
14:41:38,MYOR,RG,1525,234,F,AK,ZP,F
14:41:38,MYOR,RG,1525,23,F,AK,ZP,F
14:41:37,MYOR,RG,1525,167,D,YP,ZP,F
14:41:37,MYOR,RG,1525,15,D,YP,DR,D
14:41:37,MYOR,RG,1525,11,D,YP,SQ,D
14:41:37,MYOR,RG,1525,1000,D,YP,ZP,F
14:41:37,MYOR,RG,1525,30,D,YP,GR,D
14:41:37,MYOR,RG,1525,2,D,YP,CC,D
14:41:37,MYOR,RG,1525,10,D,YP,YP,D
14:41:37,MYOR,RG,1525,1,D,YP,SQ,D
14:41:37,MYOR,RG,1525,1000,D,YP,ZP,F
14:41:37,MYOR,RG,1525,50,D,YP,CC,D
14:41:37,MYOR,RG,1525,512,D,YP,ZP,F
14:41:37,MYOR,RG,1520,23,D,YP,AK,F
14:41:37,MYOR,RG,1520,55,D,YP,YP,D
14:41:37,MYOR,RG,1520,23,D,YP,AK,F
14:41:37,MYOR,RG,1520,99,D,YP,KZ,D
14:41:37,MYOR,RG,1520,4,D,YP,KZ,D
14:41:37,MYOR,RG,1520,93,D,YP,ZP,F
14:41:37,MYOR,RG,1520,4,D,YP,KZ,D
14:41:37,MYOR,RG,1520,98,D,YP,KZ,D
14:41:37,MYOR,RG,1520,2,D,YP,KZ,D
14:41:37,MYOR,RG,1520,120,D,YP,KZ,D
14:41:37,MYOR,RG,1520,1,D,YP,XC,D
14:41:37,MYOR,RG,1520,261,D,YP,ZP,F
14:41:37,MYOR,RG,1520,280,D,YP,ZP,F
14:41:37,MYOR,RG,1520,682,D,YP,AK,F
14:41:37,MYOR,RG,1515,16,D,YP,ZP,F
14:41:37,MYOR,RG,1515,40,D,YP,YP,D
14:41:37,MYOR,RG,1515,24,D,YP,ZP,F
14:41:37,MYOR,RG,1515,58,D,YP,AK,F
14:41:37,MYOR,RG,1515,1,D,YP,NI,D
14:41:37,MYOR,RG,1515,5,D,YP,KZ,D
14:41:37,MYOR,RG,1515,121,D,YP,KZ,D
14:41:37,MYOR,RG,1515,29,D,YP,ZP,F
14:41:37,MYOR,RG,1515,2,D,YP,YP,D
14:41:37,MYOR,RG,1515,3,D,YP,PD,D
14:41:37,MYOR,RG,1515,5,D,YP,DR,D
14:41:37,MYOR,RG,1515,125,D,YP,PD,D
14:41:37,MYOR,RG,1515,28,D,YP,ZP,F
14:41:34,MYOR,RG,1510,44,D,KZ,YU,D
14:41:33,MYOR,RG,1510,1,D,PD,YU,D
14:41:33,MYOR,RG,1510,1,D,YP,YU,D
14:41:33,MYOR,RG,1510,10,D,CC,YU,D
14:41:33,MYOR,RG,1510,1,D,YP,YU,D
14:41:33,MYOR,RG,1510,1,D,YP,YU,D
14:41:31,MYOR,RG,1510,1,D,YP,YU,D
14:41:28,MYOR,RG,1510,1,D,YP,AK,F
14:41:18,MYOR,RG,1515,2,D,NI,ZP,F
14:41:02,MYOR,RG,1515,1,D,CC,ZP,F
14:40:58,MYOR,RG,1510,2,D,YP,AK,F
14:40:40,MYOR,RG,1515,5,D,DH,ZP,F
14:40:21,MYOR,RG,1515,1,D,HP,ZP,F
14:40:06,MYOR,RG,1515,32,F,AK,ZP,F
14:40:05,MYOR,RG,1515,122,D,GR,ZP,F
14:40:05,MYOR,RG,1515,36,D,GR,YU,D
14:40:05,MYOR,RG,1515,12,D,GR,YU,D
14:40:05,MYOR,RG,1515,33,D,GR,YU,D
14:40:05,MYOR,RG,1515,25,D,GR,YU,D
14:40:05,MYOR,RG,1515,272,D,GR,KZ,D
14:40:04,MYOR,RG,1510,5,D,YP,YU,D
14:40:04,MYOR,RG,1510,30,D,CC,YU,D
14:40:04,MYOR,RG,1510,2,D,XC,YU,D
14:40:04,MYOR,RG,1510,7,D,DH,YU,D
14:40:04,MYOR,RG,1515,20,D,YP,KZ,D
14:40:04,MYOR,RG,1510,1,D,DH,YU,D
14:40:04,MYOR,RG,1510,5,D,XC,YU,D
14:40:04,MYOR,RG,1510,1,D,XC,YU,D
14:40:04,MYOR,RG,1510,40,D,CC,YU,D
14:40:04,MYOR,RG,1510,2,D,NI,YU,D
14:40:04,MYOR,RG,1510,1,D,NI,YU,D
14:40:04,MYOR,RG,1510,16,D,XC,YU,D
14:39:43,MYOR,RG,1515,2,D,EP,KZ,D
14:39:40,MYOR,RG,1510,7,D,XC,XC,D
14:39:37,MYOR,RG,1510,1,D,XC,PD,D
14:39:26,MYOR,RG,1510,1,D,XC,YP,D
14:39:18,MYOR,RG,1510,2,D,XC,YP,D
14:39:03,MYOR,RG,1515,7,D,PD,KZ,D
14:39:01,MYOR,RG,1510,8,D,XC,YU,D
14:39:01,MYOR,RG,1510,1,D,XC,YU,D
14:39:01,MYOR,RG,1510,3,D,CC,YU,D
14:39:01,MYOR,RG,1510,1,D,XL,YU,D
14:39:01,MYOR,RG,1510,5,D,XC,YU,D
14:39:01,MYOR,RG,1510,1,D,AI,YU,D
14:39:01,MYOR,RG,1510,5,D,NI,YU,D
14:39:01,MYOR,RG,1510,10,D,SQ,YU,D
14:39:01,MYOR,RG,1510,20,D,PD,YU,D
14:39:01,MYOR,RG,1510,20,D,CC,YU,D
14:39:01,MYOR,RG,1510,1,D,YP,YU,D
14:39:01,MYOR,RG,1510,5,D,SQ,YU,D
14:39:01,MYOR,RG,1510,1,D,YP,YU,D
14:39:01,MYOR,RG,1510,50,D,NI,YU,D
14:39:01,MYOR,RG,1510,1,D,XC,YU,D
14:39:01,MYOR,RG,1510,1,D,KK,YU,D
14:38:52,MYOR,RG,1515,10,D,CC,KZ,D
14:38:45,MYOR,RG,1515,2,D,CC,KZ,D
14:38:42,MYOR,RG,1515,1,D,EP,KZ,D
14:38:34,MYOR,RG,1515,106,F,CC,KZ,D
14:38:33,MYOR,RG,1515,41,F,CC,ZP,F
14:38:33,MYOR,RG,1515,103,D,AK,ZP,F
14:38:30,MYOR,RG,1520,1,D,CC,AK,F
14:38:30,MYOR,RG,1515,96,D,AK,AO,D
14:38:30,MYOR,RG,1515,10,D,YP,AO,D
14:38:30,MYOR,RG,1515,27,D,KZ,AO,D
14:38:30,MYOR,RG,1515,5,D,PD,AO,D
14:38:30,MYOR,RG,1515,1,D,CC,AO,D
14:38:30,MYOR,RG,1515,1,D,KK,AO,D
14:38:30,MYOR,RG,1515,1,D,NI,AO,D
14:38:30,MYOR,RG,1515,1,D,XC,AO,D
14:38:30,MYOR,RG,1515,44,D,YP,AO,D
14:38:30,MYOR,RG,1515,8,D,AT,AO,D
14:38:30,MYOR,RG,1515,103,D,KZ,AO,D
14:38:30,MYOR,RG,1515,5,D,YP,AO,D
14:38:30,MYOR,RG,1515,3,D,PD,AO,D
14:38:30,MYOR,RG,1515,1,D,PD,AO,D
14:38:30,MYOR,RG,1515,1,D,YP,AO,D
14:38:30,MYOR,RG,1515,1,D,YP,AO,D
14:38:30,MYOR,RG,1515,10,D,PD,AO,D
14:38:30,MYOR,RG,1515,1,D,NI,AO,D
14:38:30,MYOR,RG,1515,11,D,XC,AO,D
14:38:30,MYOR,RG,1515,1,D,XC,AO,D
14:38:30,MYOR,RG,1515,10,D,CC,AO,D
14:38:30,MYOR,RG,1515,1,D,KK,AO,D
14:38:30,MYOR,RG,1515,1,D,XC,AO,D
14:38:30,MYOR,RG,1515,10,D,KK,AO,D
14:38:30,MYOR,RG,1515,10,D,CC,AO,D
14:38:30,MYOR,RG,1515,2,D,NI,AO,D
14:38:30,MYOR,RG,1515,20,D,NI,AO,D
14:38:30,MYOR,RG,1515,1,D,KK,AO,D
14:38:30,MYOR,RG,1515,1,D,AT,AO,D
14:38:30,MYOR,RG,1515,1,D,YP,AO,D
14:38:30,MYOR,RG,1515,1,D,PD,AO,D
14:38:30,MYOR,RG,1515,1,D,AT,AO,D
14:38:30,MYOR,RG,1515,100,D,XC,AO,D
14:38:30,MYOR,RG,1515,5,D,NI,AO,D
14:38:30,MYOR,RG,1515,4,D,DH,AO,D
14:38:30,MYOR,RG,1515,1,D,YP,AO,D
14:38:10,MYOR,RG,1520,2,D,CC,AK,F
14:38:04,MYOR,RG,1520,212,D,AK,AK,F
14:38:04,MYOR,RG,1520,314,D,AK,KZ,D
14:38:04,MYOR,RG,1520,287,D,AK,KZ,D
14:38:04,MYOR,RG,1520,27,D,AK,KZ,D
14:38:01,MYOR,RG,1520,28,F,AK,ZP,F
14:38:00,MYOR,RG,1520,83,F,AK,YU,D
14:38:00,MYOR,RG,1520,192,F,AK,ZP,F
14:38:00,MYOR,RG,1520,1,D,XC,ZP,F
14:38:00,MYOR,RG,1520,663,D,AK,ZP,F
14:38:00,MYOR,RG,1520,253,D,KZ,ZP,F
14:37:59,MYOR,RG,1525,451,D,AK,ZP,F
14:37:59,MYOR,RG,1520,471,D,KZ,KZ,D
14:37:59,MYOR,RG,1520,1,D,XC,KZ,D
14:37:59,MYOR,RG,1520,5,D,GR,KZ,D
14:37:59,MYOR,RG,1520,1,D,YP,KZ,D
14:37:59,MYOR,RG,1520,2,D,KK,KZ,D
14:37:59,MYOR,RG,1520,1,D,YP,KZ,D
14:37:59,MYOR,RG,1520,4,D,AK,KZ,D
14:37:59,MYOR,RG,1520,90,D,AK,KZ,D
14:37:59,MYOR,RG,1520,3,D,PD,KZ,D
14:37:59,MYOR,RG,1520,1,D,CC,KZ,D
14:37:59,MYOR,RG,1520,1,D,PD,KZ,D
14:37:59,MYOR,RG,1520,50,D,CC,KZ,D
14:37:59,MYOR,RG,1520,5,D,XC,KZ,D
14:37:59,MYOR,RG,1520,7,D,AK,KZ,D
14:37:59,MYOR,RG,1520,1,D,NI,KZ,D
14:37:59,MYOR,RG,1520,630,F,AK,KZ,D
14:37:58,MYOR,RG,1520,4,F,AK,ZP,F
14:37:58,MYOR,RG,1520,10,D,AZ,ZP,F
14:37:58,MYOR,RG,1520,255,F,BK,ZP,F
14:37:58,MYOR,RG,1520,530,F,BK,AK,F
14:37:58,MYOR,RG,1520,329,D,YP,AK,F
14:37:58,MYOR,RG,1520,743,F,CC,AK,F
14:37:58,MYOR,RG,1520,493,D,AK,AK,F
14:37:58,MYOR,RG,1520,101,D,AK,AK,F
14:37:58,MYOR,RG,1520,134,F,AK,AK,F
14:37:58,MYOR,RG,1520,62,D,AZ,AK,F
14:37:58,MYOR,RG,1520,8,D,AK,AK,F
14:37:58,MYOR,RG,1520,7,D,XC,AK,F
14:37:58,MYOR,RG,1520,1,D,XC,AK,F
14:37:58,MYOR,RG,1520,2,D,KZ,AK,F
14:37:57,MYOR,RG,1525,1,D,AK,ZP,F
14:37:55,MYOR,RG,1520,3,D,KZ,ZP,F
14:37:54,MYOR,RG,1525,9,D,AK,ZP,F
14:37:52,MYOR,RG,1520,17,D,KZ,ZP,F
14:37:51,MYOR,RG,1525,25,D,AK,ZP,F
14:37:50,MYOR,RG,1520,25,D,KZ,AZ,D
14:37:49,MYOR,RG,1520,26,D,KZ,ZP,F
14:37:49,MYOR,RG,1525,2,D,AK,ZP,F
14:37:49,MYOR,RG,1525,23,D,AK,CC,D
14:37:48,MYOR,RG,1525,1,D,AK,CC,D
14:37:47,MYOR,RG,1525,52,F,BK,CC,D
14:37:46,MYOR,RG,1520,1,D,KZ,ZP,F
14:37:45,MYOR,RG,1525,1,D,AK,CC,D
14:37:44,MYOR,RG,1525,2,D,CC,CC,D
14:37:31,MYOR,RG,1520,1,D,KZ,ZP,F
14:37:31,MYOR,RG,1525,1,D,AK,CC,D
14:37:30,MYOR,RG,1520,1,D,KZ,ZP,F
14:37:30,MYOR,RG,1525,1,D,AK,CC,D
14:37:29,MYOR,RG,1525,3,D,SQ,CC,D
14:37:21,MYOR,RG,1525,1,D,AK,CC,D
14:37:19,MYOR,RG,1520,1,D,KZ,ZP,F
14:37:18,MYOR,RG,1520,1,D,KZ,XC,D
14:37:16,MYOR,RG,1525,1,D,AK,CC,D
14:37:15,MYOR,RG,1525,1,D,AK,CC,D
14:37:15,MYOR,RG,1520,1,D,KZ,ZP,F
14:37:13,MYOR,RG,1520,3,D,KZ,XC,D
14:37:09,MYOR,RG,1525,1,D,AK,CC,D
14:37:07,MYOR,RG,1520,2,D,KZ,ZP,F
14:37:06,MYOR,RG,1525,5,D,AK,CC,D
14:37:04,MYOR,RG,1520,10,D,KZ,ZP,F
14:37:04,MYOR,RG,1525,7,D,AK,CC,D
14:37:04,MYOR,RG,1525,9,D,AK,ZP,F
14:37:03,MYOR,RG,1520,32,D,KZ,ZP,F
14:37:03,MYOR,RG,1525,15,D,AK,ZP,F
14:37:02,MYOR,RG,1525,8,D,AK,ZP,F
14:37:02,MYOR,RG,1525,27,D,AK,ZP,F
14:37:02,MYOR,RG,1525,12,D,AK,ZP,D
14:37:02,MYOR,RG,1525,5,D,AK,YU,D
14:37:01,MYOR,RG,1520,24,D,KZ,ZP,F
14:37:01,MYOR,RG,1520,7,D,KZ,YP,D
14:37:01,MYOR,RG,1520,35,D,KZ,YU,D
14:37:01,MYOR,RG,1520,71,D,KZ,YU,D
14:36:39,MYOR,RG,1525,1,D,AK,YU,D
14:36:37,MYOR,RG,1520,1,D,KZ,ZP,F
14:36:37,MYOR,RG,1525,1,D,AK,YU,D
14:36:35,MYOR,RG,1525,2,D,XL,YU,D
14:36:16,MYOR,RG,1520,1,D,KZ,ZP,F
14:36:16,MYOR,RG,1525,1,D,AK,YU,D
14:36:15,MYOR,RG,1520,2,D,KZ,ZP,F
14:36:15,MYOR,RG,1525,3,D,AK,YU,D
14:36:14,MYOR,RG,1525,7,D,AK,YU,D
14:36:13,MYOR,RG,1520,6,D,KZ,ZP,F
14:36:13,MYOR,RG,1525,14,D,PD,AK,F
14:36:12,MYOR,RG,1525,1,D,AK,AK,F
14:36:10,MYOR,RG,1520,1,D,KZ,YP,D
14:36:06,MYOR,RG,1525,2,D,AK,AK,F
14:36:04,MYOR,RG,1520,5,D,KZ,ZP,F
14:36:04,MYOR,RG,1525,5,D,AK,AK,F
14:36:03,MYOR,RG,1520,10,D,KZ,ZP,F
14:36:03,MYOR,RG,1525,10,D,AK,AK,F
14:36:02,MYOR,RG,1525,28,D,AK,AK,F
14:36:01,MYOR,RG,1520,19,D,KZ,ZP,F
14:36:01,MYOR,RG,1520,57,D,KZ,YU,D
14:35:07,MYOR,RG,1520,1,D,KZ,ZP,F
14:35:06,MYOR,RG,1525,5,D,AK,AK,F
14:35:04,MYOR,RG,1520,11,D,KZ,ZP,F
14:35:04,MYOR,RG,1525,11,D,AK,AK,F
14:35:03,MYOR,RG,1520,22,D,KZ,ZP,F
14:35:03,MYOR,RG,1525,22,D,AK,AK,F
14:35:02,MYOR,RG,1525,66,D,AK,AK,F
14:35:01,MYOR,RG,1520,45,D,KZ,ZP,F
14:35:01,MYOR,RG,1520,45,D,KZ,YU,D
14:35:00,MYOR,RG,1520,79,D,KZ,YU,D
14:35:00,MYOR,RG,1520,1,D,OD,YU,D
14:35:00,MYOR,RG,1520,1,D,XC,YU,D
14:35:00,MYOR,RG,1520,8,D,YP,YU,D
14:34:16,MYOR,RG,1525,10,D,AK,AK,F
14:34:15,MYOR,RG,1525,20,D,NI,AK,F
14:34:10,MYOR,RG,1525,50,D,AK,AK,F
14:34:09,MYOR,RG,1520,2,D,YP,YP,D
14:34:09,MYOR,RG,1520,29,F,AK,YP,D
14:34:09,MYOR,RG,1520,69,D,YP,YP,D
14:34:07,MYOR,RG,1525,5,D,AK,AK,F
14:34:07,MYOR,RG,1525,1,D,XC,AK,F
14:34:06,MYOR,RG,1520,10,D,YP,BQ,D
14:33:54,MYOR,RG,1525,34,D,AK,AK,F
14:33:54,MYOR,RG,1525,36,D,AK,ZP,F
14:33:54,MYOR,RG,1525,1,D,AK,ZP,D
14:33:54,MYOR,RG,1525,1,D,AK,PD,D
14:33:54,MYOR,RG,1525,1,D,AK,PD,D
14:33:54,MYOR,RG,1525,78,D,AK,AK,F
14:33:54,MYOR,RG,1525,98,D,AK,ZP,F
14:33:54,MYOR,RG,1525,26,D,AK,YU,D
14:33:54,MYOR,RG,1525,39,D,AK,YU,D
14:33:54,MYOR,RG,1525,16,D,AK,YU,D
14:33:54,MYOR,RG,1525,51,D,AK,YP,D
14:33:54,MYOR,RG,1525,6,D,AK,XC,D
14:33:54,MYOR,RG,1525,24,D,AK,AK,F
14:33:53,MYOR,RG,1520,21,D,YP,YP,D
14:33:53,MYOR,RG,1520,2,D,SQ,YP,D
14:33:53,MYOR,RG,1520,487,F,AK,YP,D
14:33:53,MYOR,RG,1520,295,D,AK,YP,D
14:33:53,MYOR,RG,1520,28,D,AK,YP,D
14:33:53,MYOR,RG,1520,180,D,AK,YP,D
14:33:53,MYOR,RG,1520,181,D,AK,YP,D
14:33:53,MYOR,RG,1520,10,D,CC,YP,D
14:33:53,MYOR,RG,1520,1,D,NI,YP,D
14:33:53,MYOR,RG,1520,7,D,DH,YP,D
14:33:53,MYOR,RG,1520,5,D,DR,YP,D
14:33:53,MYOR,RG,1520,27,F,CC,YP,D
14:33:53,MYOR,RG,1520,1,D,PD,YP,D
14:33:53,MYOR,RG,1520,20,D,CC,YP,D
14:33:53,MYOR,RG,1520,1,D,PD,YP,D
14:33:53,MYOR,RG,1520,93,D,AK,YP,D
14:33:53,MYOR,RG,1520,722,F,BK,YP,D
14:33:46,MYOR,RG,1520,9,F,BK,ZP,F
14:33:45,MYOR,RG,1525,1,D,PD,AK,F
14:33:33,MYOR,RG,1520,30,F,BK,CC,D
14:33:28,MYOR,RG,1520,10,F,BK,ZP,F
14:33:14,MYOR,RG,1520,7,F,BK,XC,D
14:33:08,MYOR,RG,1520,11,F,BK,ZP,F
14:33:01,MYOR,RG,1520,47,F,BK,YU,D
14:32:52,MYOR,RG,1520,17,F,BK,AZ,D
14:32:48,MYOR,RG,1520,13,F,BK,ZP,F
14:32:33,MYOR,RG,1520,6,F,BK,ZP,F
14:32:33,MYOR,RG,1520,7,D,YP,ZP,F
14:32:19,MYOR,RG,1520,3,D,YP,KZ,D
14:32:19,MYOR,RG,1520,8,D,AK,KZ,D
14:32:19,MYOR,RG,1520,1,D,PD,KZ,D
14:32:19,MYOR,RG,1520,16,D,KK,KZ,D
14:32:19,MYOR,RG,1520,1,D,XC,KZ,D
14:32:19,MYOR,RG,1520,6,D,NI,KZ,D
14:32:19,MYOR,RG,1520,97,D,AK,KZ,D
14:32:19,MYOR,RG,1520,5,D,AZ,KZ,D
14:32:19,MYOR,RG,1520,1,D,XC,KZ,D
14:32:19,MYOR,RG,1520,3,D,PD,KZ,D
14:32:19,MYOR,RG,1520,8,D,AK,KZ,D
14:32:19,MYOR,RG,1520,1,D,NI,KZ,D
14:32:19,MYOR,RG,1520,41,D,YP,KZ,D
14:32:19,MYOR,RG,1520,1,D,XC,KZ,D
14:32:19,MYOR,RG,1520,4,D,AZ,KZ,D
14:32:19,MYOR,RG,1520,124,D,KZ,KZ,D
14:32:19,MYOR,RG,1525,1,D,XC,AK,F
14:32:19,MYOR,RG,1520,287,D,KZ,KZ,D
14:32:19,MYOR,RG,1520,30,D,CC,KZ,D
14:32:19,MYOR,RG,1520,1,D,YP,KZ,D
14:32:19,MYOR,RG,1520,1,D,XC,KZ,D
14:32:19,MYOR,RG,1520,181,D,SQ,KZ,D
14:32:14,MYOR,RG,1520,10,D,SQ,ZP,F
14:32:13,MYOR,RG,1520,472,D,SQ,ZP,F
14:32:13,MYOR,RG,1520,1,D,XC,ZP,F
14:32:13,MYOR,RG,1520,896,D,AK,ZP,F
14:32:13,MYOR,RG,1520,1,D,YP,ZP,F
14:32:13,MYOR,RG,1520,25,D,XC,ZP,F
14:32:13,MYOR,RG,1520,3,D,EP,ZP,F
14:32:13,MYOR,RG,1520,1,D,YP,ZP,F
14:32:13,MYOR,RG,1520,1,F,AK,ZP,F
14:32:13,MYOR,RG,1520,174,F,AK,ZP,F
14:32:10,MYOR,RG,1525,110,D,AK,AK,F
14:32:10,MYOR,RG,1525,271,D,AK,AK,F
14:32:09,MYOR,RG,1520,303,F,AK,KZ,D
14:32:09,MYOR,RG,1520,40,F,AK,KZ,D
14:32:09,MYOR,RG,1520,1,D,PD,KZ,D
14:32:09,MYOR,RG,1520,5,D,YB,KZ,D
14:32:09,MYOR,RG,1520,424,F,AK,KZ,D
14:32:08,MYOR,RG,1525,49,D,AK,AK,F
14:32:07,MYOR,RG,1520,100,F,AK,CC,D
14:31:57,MYOR,RG,1525,4,D,AK,AK,F
14:31:56,MYOR,RG,1525,5,D,AK,AK,F
14:31:56,MYOR,RG,1520,8,F,AK,ZP,F
14:31:55,MYOR,RG,1525,10,D,AT,AK,F
14:31:39,MYOR,RG,1525,4,D,AK,AK,F
14:31:38,MYOR,RG,1520,7,F,AK,ZP,F
14:31:19,MYOR,RG,1525,3,D,AK,AK,F
14:31:18,MYOR,RG,1520,8,F,AK,ZP,F
14:31:04,MYOR,RG,1525,4,D,AK,AK,F
14:31:03,MYOR,RG,1520,7,F,AK,ZP,F
14:31:01,MYOR,RG,1525,51,D,AK,AK,F
14:31:00,MYOR,RG,1520,62,F,AK,YU,D
14:31:00,MYOR,RG,1520,42,F,AK,YU,D
14:30:50,MYOR,RG,1525,2,D,AK,AK,F
14:30:49,MYOR,RG,1525,3,D,XC,AK,F
14:30:46,MYOR,RG,1525,40,D,AK,AK,F
14:30:46,MYOR,RG,1525,70,D,AK,ZP,F
14:30:45,MYOR,RG,1520,225,F,AK,AK,F
14:30:38,MYOR,RG,1525,4,D,AK,ZP,F
14:30:37,MYOR,RG,1525,8,D,XC,ZP,F
14:30:02,MYOR,RG,1525,18,D,AK,ZP,F
14:30:01,MYOR,RG,1525,1,D,AK,ZP,F
14:30:01,MYOR,RG,1520,35,F,AK,YU,D
14:30:00,MYOR,RG,1525,3,D,KK,ZP,F
14:29:54,MYOR,RG,1525,1,D,AK,ZP,F
14:29:52,MYOR,RG,1525,1,D,CC,ZP,F
14:29:52,MYOR,RG,1525,1,D,XC,ZP,F
14:29:30,MYOR,RG,1525,237,D,AK,ZP,F
14:29:29,MYOR,RG,1525,415,D,KZ,ZP,F
14:29:29,MYOR,RG,1525,65,D,KZ,ZP,F
14:29:09,MYOR,RG,1520,1,F,AK,ZP,F
14:29:08,MYOR,RG,1525,1,D,AK,ZP,F
14:29:07,MYOR,RG,1520,3,F,AK,ZP,F
14:29:06,MYOR,RG,1525,2,D,AK,ZP,F
14:29:05,MYOR,RG,1525,9,D,AK,ZP,F
14:29:05,MYOR,RG,1525,3,D,YP,ZP,F
14:29:04,MYOR,RG,1520,18,F,AK,ZP,F
14:29:02,MYOR,RG,1525,24,D,AK,ZP,F
14:29:00,MYOR,RG,1520,9,F,AK,YU,D
14:29:00,MYOR,RG,1520,40,F,BK,YU,D
14:28:57,MYOR,RG,1520,1,F,BK,ZP,F
14:28:56,MYOR,RG,1525,1,D,AK,ZP,F
14:28:55,MYOR,RG,1520,2,F,BK,ZP,F
14:28:54,MYOR,RG,1525,3,D,AK,ZP,F
14:28:53,MYOR,RG,1520,5,F,BK,NI,D
14:28:23,MYOR,RG,1525,1,D,AK,ZP,F
14:28:22,MYOR,RG,1525,2,D,PD,ZP,F
14:28:14,MYOR,RG,1525,1,D,AK,ZP,F
14:28:13,MYOR,RG,1520,2,F,BK,ZP,F
14:28:11,MYOR,RG,1525,7,D,AK,ZP,F
14:28:10,MYOR,RG,1520,15,F,BK,ZP,F
14:28:08,MYOR,RG,1525,61,D,AK,ZP,F
14:28:07,MYOR,RG,1520,124,F,BK,ZP,F
14:28:05,MYOR,RG,1525,179,D,AK,ZP,F
14:28:04,MYOR,RG,1520,47,F,BK,ZP,F
14:28:04,MYOR,RG,1520,315,F,BK,KZ,D
14:28:02,MYOR,RG,1525,54,D,AK,ZP,F
14:28:01,MYOR,RG,1525,24,D,AK,ZP,F
14:28:01,MYOR,RG,1520,44,F,BK,YU,D
14:28:01,MYOR,RG,1520,66,F,BK,YU,D
14:28:00,MYOR,RG,1520,122,F,BK,ZP,F
14:27:59,MYOR,RG,1520,89,F,BK,KZ,D
14:27:59,MYOR,RG,1520,402,D,AK,KZ,D
14:27:42,MYOR,RG,1520,88,D,AK,ZP,F
14:27:40,MYOR,RG,1520,5,D,AK,ZP,F
14:27:40,MYOR,RG,1520,116,D,AK,CC,D
14:27:40,MYOR,RG,1520,53,D,AK,CC,D
14:27:40,MYOR,RG,1520,2,D,YB,CC,D
14:27:40,MYOR,RG,1520,2,D,PD,CC,D
14:27:40,MYOR,RG,1520,1,D,XC,CC,D
14:27:40,MYOR,RG,1520,20,D,DH,CC,D
14:27:40,MYOR,RG,1520,1,D,XC,CC,D
14:27:40,MYOR,RG,1520,155,D,AK,CC,D
14:27:39,MYOR,RG,1520,20,D,AK,YP,D
14:27:31,MYOR,RG,1520,33,D,AK,ZP,F
14:27:30,MYOR,RG,1525,122,D,AK,ZP,F
14:27:30,MYOR,RG,1525,9,D,AK,ZP,F
14:27:01,MYOR,RG,1520,25,D,AK,ZP,F
14:27:00,MYOR,RG,1520,100,D,AK,YU,D
14:26:55,MYOR,RG,1520,1,D,AK,ZP,F
14:26:53,MYOR,RG,1525,5,D,GR,ZP,F
14:26:39,MYOR,RG,1520,1,D,AK,ZP,F
14:26:38,MYOR,RG,1520,5,D,AK,EP,D
14:26:34,MYOR,RG,1525,1,D,XL,ZP,F
14:26:16,MYOR,RG,1520,36,D,AK,ZP,F
14:26:15,MYOR,RG,1525,144,D,AK,ZP,F
14:26:13,MYOR,RG,1520,30,D,AK,ZP,F
14:26:12,MYOR,RG,1520,120,D,AK,YP,D
14:26:04,MYOR,RG,1520,32,D,AK,ZP,F
14:26:04,MYOR,RG,1525,28,D,AK,ZP,F
14:26:02,MYOR,RG,1525,100,D,CC,ZP,F
14:26:01,MYOR,RG,1520,16,D,AK,ZP,F
14:26:00,MYOR,RG,1520,23,D,AK,YU,D
14:26:00,MYOR,RG,1520,22,D,KZ,YU,D
14:26:00,MYOR,RG,1525,15,D,AK,ZP,F
14:25:54,MYOR,RG,1525,1,D,AK,ZP,F
14:25:52,MYOR,RG,1520,1,D,KZ,ZP,F
14:25:52,MYOR,RG,1525,2,D,AK,ZP,F
14:25:51,MYOR,RG,1520,4,D,KZ,ZP,F
14:25:51,MYOR,RG,1525,5,D,AK,ZP,F
14:25:50,MYOR,RG,1525,16,D,AK,ZP,F
14:25:49,MYOR,RG,1520,10,D,KZ,ZP,F
14:25:48,MYOR,RG,1525,33,D,YP,ZP,F
14:25:48,MYOR,RG,1525,2,D,AK,ZP,F
14:25:47,MYOR,RG,1525,5,D,AK,ZP,F
14:25:46,MYOR,RG,1520,3,D,KZ,ZP,F
14:25:45,MYOR,RG,1520,10,D,KZ,CC,D
14:25:40,MYOR,RG,1520,1,D,KZ,ZP,F
14:25:40,MYOR,RG,1525,1,D,XC,ZP,F
14:25:32,MYOR,RG,1525,3,D,AK,ZP,F
14:25:31,MYOR,RG,1520,5,D,KZ,ZP,F
14:25:30,MYOR,RG,1525,6,D,AK,ZP,F
14:25:29,MYOR,RG,1525,12,D,PD,ZP,F
14:25:05,MYOR,RG,1525,4,D,AK,ZP,F
14:25:04,MYOR,RG,1520,8,D,KZ,ZP,F
14:25:03,MYOR,RG,1525,6,D,AK,ZP,F
14:25:03,MYOR,RG,1520,12,D,KZ,ZP,F
14:25:02,MYOR,RG,1525,26,D,AK,ZP,F
14:25:01,MYOR,RG,1525,17,D,AK,ZP,F
14:25:01,MYOR,RG,1525,30,D,AK,SQ,D
14:25:01,MYOR,RG,1520,54,D,KZ,ZP,F
14:25:00,MYOR,RG,1520,85,D,KZ,YU,D
14:25:00,MYOR,RG,1520,131,D,KZ,YU,D
14:24:38,MYOR,RG,1525,1,D,PD,SQ,D
14:24:16,MYOR,RG,1520,24,D,KZ,ZP,F
14:24:15,MYOR,RG,1525,94,D,AK,SQ,D
14:24:01,MYOR,RG,1520,27,D,KZ,ZP,F
14:24:01,MYOR,RG,1520,1,D,NI,ZP,F
14:24:01,MYOR,RG,1520,1,D,PD,ZP,F
14:24:01,MYOR,RG,1520,1,D,YP,ZP,F
14:24:00,MYOR,RG,1520,1,D,XC,YU,D
14:24:00,MYOR,RG,1520,10,D,YP,YU,D
14:24:00,MYOR,RG,1520,1,D,XC,YU,D
14:24:00,MYOR,RG,1520,2,D,XC,YU,D
14:24:00,MYOR,RG,1520,1,D,YP,YU,D
14:24:00,MYOR,RG,1520,20,D,CC,YU,D
14:24:00,MYOR,RG,1520,77,D,AK,YU,D
14:24:00,MYOR,RG,1525,8,D,AK,SQ,D
14:23:54,MYOR,RG,1520,2,D,AK,ZP,F
14:23:52,MYOR,RG,1525,7,D,XC,SQ,D
14:23:27,MYOR,RG,1525,1,D,YP,SQ,D
14:23:25,MYOR,RG,1520,2,D,AK,ZP,F
14:23:24,MYOR,RG,1520,8,D,AK,PD,D
14:23:16,MYOR,RG,1520,27,D,AK,ZP,F
14:23:15,MYOR,RG,1525,9,D,AK,SQ,D
14:23:15,MYOR,RG,1525,99,D,AK,ZP,F
14:23:03,MYOR,RG,1520,19,D,AK,ZP,F
14:23:01,MYOR,RG,1520,2,D,AK,ZP,F
14:23:01,MYOR,RG,1520,76,D,AK,YU,D
14:23:00,MYOR,RG,1525,9,D,AK,ZP,F
14:23:00,MYOR,RG,1520,2,D,AK,ZP,F
14:22:59,MYOR,RG,1525,5,D,GR,ZP,F
14:22:54,MYOR,RG,1520,1,D,AK,PD,D
14:22:48,MYOR,RG,1520,2,D,AK,ZP,F
14:22:47,MYOR,RG,1525,2,D,AK,AK,F
14:22:46,MYOR,RG,1525,4,D,XC,AK,F
14:22:17,MYOR,RG,1525,5,D,GR,AK,F
14:22:06,MYOR,RG,1520,4,D,AK,ZP,F
14:22:06,MYOR,RG,1520,3,F,AK,ZP,F
14:22:04,MYOR,RG,1525,25,D,AK,AK,F
14:22:03,MYOR,RG,1520,51,F,AK,ZP,F
14:22:02,MYOR,RG,1525,16,D,AK,AK,F
14:22:01,MYOR,RG,1525,190,D,AK,AK,F
14:22:01,MYOR,RG,1520,4,F,AK,ZP,F
14:22:01,MYOR,RG,1520,1,D,PD,ZP,F
14:22:01,MYOR,RG,1520,26,F,AK,ZP,F
14:22:00,MYOR,RG,1525,115,D,AK,AK,F
14:22:00,MYOR,RG,1525,9,D,AK,AK,F
14:22:00,MYOR,RG,1520,262,F,AK,ZP,F
14:21:59,MYOR,RG,1525,41,D,AK,AK,F
14:21:59,MYOR,RG,1525,304,D,AK,ZP,F
14:21:58,MYOR,RG,1525,1,D,XC,ZP,F
14:21:57,MYOR,RG,1525,695,D,SQ,ZP,F
14:21:57,MYOR,RG,1525,5,D,SQ,KZ,D
14:21:28,MYOR,RG,1525,3,D,AK,KZ,D
14:21:27,MYOR,RG,1520,7,F,AK,ZP,F
14:21:26,MYOR,RG,1525,4,D,AK,KZ,D
14:21:25,MYOR,RG,1520,8,F,AK,ZP,F
14:21:25,MYOR,RG,1525,21,D,AK,KZ,D
14:21:24,MYOR,RG,1525,33,D,XC,KZ,D
14:21:24,MYOR,RG,1520,8,F,AK,ZP,F
14:21:22,MYOR,RG,1525,32,D,AK,KZ,D
14:21:21,MYOR,RG,1520,66,F,AK,ZP,F
14:21:20,MYOR,RG,1525,138,D,AK,KZ,D
14:21:20,MYOR,RG,1525,116,D,AK,KZ,D
14:21:19,MYOR,RG,1525,265,D,KZ,KZ,D
14:21:19,MYOR,RG,1525,10,D,KZ,PD,D
14:21:19,MYOR,RG,1525,18,D,KZ,YU,D
14:21:19,MYOR,RG,1525,24,D,KZ,ZP,F
14:21:19,MYOR,RG,1525,23,D,KZ,ZP,F
14:21:19,MYOR,RG,1525,27,D,KZ,YU,D
14:21:19,MYOR,RG,1525,13,D,KZ,YU,D
14:21:19,MYOR,RG,1525,18,D,KZ,YU,D
14:21:19,MYOR,RG,1525,19,D,KZ,ZP,F
14:21:19,MYOR,RG,1525,98,D,KZ,AK,F
14:21:07,MYOR,RG,1520,1,F,AK,PD,D
14:20:14,MYOR,RG,1525,35,D,AK,AK,F
14:20:13,MYOR,RG,1525,70,D,TF,AK,F
14:20:11,MYOR,RG,1525,1,D,AK,AK,F
14:20:11,MYOR,RG,1525,23,D,AK,ZP,F
14:20:10,MYOR,RG,1520,49,F,AK,ZP,F
14:20:10,MYOR,RG,1525,130,D,AK,ZP,F
14:20:09,MYOR,RG,1520,246,F,AK,KZ,D
14:20:09,MYOR,RG,1520,19,D,KZ,KZ,D
14:19:58,MYOR,RG,1525,17,D,AK,ZP,F
14:19:57,MYOR,RG,1520,33,D,KZ,ZP,F
14:19:56,MYOR,RG,1525,21,D,AK,ZP,F
14:19:56,MYOR,RG,1525,31,D,AK,AK,F
14:19:55,MYOR,RG,1520,106,D,KZ,ZP,F
14:19:55,MYOR,RG,1525,126,D,AK,AK,F
14:19:55,MYOR,RG,1525,59,D,AK,AK,F
14:19:54,MYOR,RG,1520,266,D,KZ,KZ,D
14:19:54,MYOR,RG,1520,2,D,NI,KZ,D
14:19:54,MYOR,RG,1520,1,D,PD,KZ,D
14:19:54,MYOR,RG,1520,10,D,OD,KZ,D
14:19:54,MYOR,RG,1520,1,D,YP,KZ,D
14:19:54,MYOR,RG,1520,1,D,PD,KZ,D
14:19:54,MYOR,RG,1520,9,D,AK,KZ,D
14:19:54,MYOR,RG,1520,114,D,AK,KZ,D
14:19:54,MYOR,RG,1520,17,D,EP,KZ,D
14:19:31,MYOR,RG,1520,33,D,EP,ZP,F
14:19:31,MYOR,RG,1520,2,F,BK,ZP,F
14:19:31,MYOR,RG,1525,2,D,YP,AK,F
14:19:30,MYOR,RG,1525,129,D,AK,AK,F
14:19:30,MYOR,RG,1525,12,D,AK,AK,F
14:19:15,MYOR,RG,1520,25,F,BK,ZP,F
14:19:13,MYOR,RG,1520,100,F,BK,EP,D
14:19:03,MYOR,RG,1520,28,F,BK,ZP,F
14:19:01,MYOR,RG,1520,47,F,BK,YU,D
14:19:01,MYOR,RG,1520,7,F,BK,ZP,F
14:19:01,MYOR,RG,1520,63,F,BK,YU,D
14:19:00,MYOR,RG,1520,31,F,BK,YU,D
14:18:10,MYOR,RG,1520,7,F,BK,ZP,F
14:18:09,MYOR,RG,1520,25,F,BK,PD,D
14:17:58,MYOR,RG,1520,13,F,BK,ZP,F
14:17:56,MYOR,RG,1520,54,F,BK,GR,D
14:17:49,MYOR,RG,1520,7,F,BK,ZP,F
14:17:48,MYOR,RG,1520,28,F,BK,CC,D
14:17:39,MYOR,RG,1520,9,F,BK,ZP,F
14:17:37,MYOR,RG,1525,30,D,GR,AK,F
14:17:37,MYOR,RG,1525,6,D,GR,ZP,F
14:17:16,MYOR,RG,1520,9,F,BK,ZP,F
14:17:16,MYOR,RG,1520,46,D,AK,ZP,F
14:17:15,MYOR,RG,1520,220,D,AK,AK,F
14:17:01,MYOR,RG,1520,5,D,AK,ZP,F
14:17:01,MYOR,RG,1520,20,D,AK,AZ,D
14:16:45,MYOR,RG,1520,3,D,AK,ZP,F
14:16:44,MYOR,RG,1525,8,D,XC,ZP,F
14:16:07,MYOR,RG,1525,2,D,DH,ZP,F
14:15:50,MYOR,RG,1525,1,D,PD,ZP,F
14:15:03,MYOR,RG,1520,36,D,AK,ZP,F
14:15:01,MYOR,RG,1520,63,D,AK,YU,D
14:15:01,MYOR,RG,1520,32,D,AK,YU,D
14:15:01,MYOR,RG,1520,48,D,AK,YU,D
14:14:21,MYOR,RG,1520,5,D,AK,ZP,F
14:14:20,MYOR,RG,1520,20,D,AK,PD,D
14:13:54,MYOR,RG,1520,4,D,AK,ZP,F
14:13:53,MYOR,RG,1520,16,D,AK,PD,D
14:13:39,MYOR,RG,1520,28,D,AK,ZP,F
14:13:37,MYOR,RG,1520,115,D,AK,XC,D
14:13:31,MYOR,RG,1520,150,D,AK,ZP,F
14:13:30,MYOR,RG,1525,88,D,AK,ZP,F
14:13:30,MYOR,RG,1525,295,D,AK,KZ,D
14:13:30,MYOR,RG,1525,215,D,AK,KZ,D
14:13:10,MYOR,RG,1520,2,D,AK,ZP,F
14:13:09,MYOR,RG,1520,7,D,AK,XC,D
14:13:01,MYOR,RG,1520,14,D,AK,ZP,F
14:13:01,MYOR,RG,1520,18,F,AK,ZP,F
14:13:00,MYOR,RG,1520,73,F,AK,YU,D
14:13:00,MYOR,RG,1520,55,F,AK,YU,D
14:12:46,MYOR,RG,1520,51,F,AK,ZP,F
14:12:46,MYOR,RG,1520,1,D,NI,ZP,F
14:12:46,MYOR,RG,1520,2,D,XC,ZP,F
14:12:45,MYOR,RG,1525,216,D,AK,KZ,D
14:12:03,MYOR,RG,1520,1,D,XC,ZP,F
14:12:01,MYOR,RG,1525,3,D,PD,KZ,D
14:10:37,MYOR,RG,1525,1,D,CC,KZ,D
14:10:33,MYOR,RG,1520,2,D,XC,ZP,F
14:10:33,MYOR,RG,1520,5,D,CC,ZP,F
14:10:32,MYOR,RG,1525,1,D,XC,KZ,D
14:10:32,MYOR,RG,1525,27,D,CC,KZ,D
14:10:32,MYOR,RG,1525,1,D,CC,ZP,F
14:10:32,MYOR,RG,1525,2,D,CC,ZP,F
14:10:25,MYOR,RG,1525,3,D,CC,ZP,F
14:10:24,MYOR,RG,1520,15,D,CC,ZP,F
14:10:24,MYOR,RG,1520,20,D,YP,ZP,F
14:10:24,MYOR,RG,1520,10,D,XC,ZP,F
14:10:24,MYOR,RG,1520,10,D,XC,ZP,F
14:10:24,MYOR,RG,1520,1,D,PD,ZP,F
14:10:24,MYOR,RG,1520,1,D,NI,ZP,F
14:10:24,MYOR,RG,1520,7,D,XC,ZP,F
14:10:24,MYOR,RG,1520,1,D,XC,ZP,F
14:10:24,MYOR,RG,1520,7,D,KK,ZP,F
14:10:24,MYOR,RG,1520,5,D,PD,ZP,F
14:10:24,MYOR,RG,1520,1,D,DR,ZP,F
14:10:24,MYOR,RG,1520,1,D,XL,ZP,F
14:10:24,MYOR,RG,1520,2,D,XC,ZP,F
14:10:24,MYOR,RG,1520,53,D,XL,ZP,F
14:10:23,MYOR,RG,1525,1,D,XL,ZP,F
14:10:22,MYOR,RG,1520,47,D,XL,ZP,F
14:10:22,MYOR,RG,1520,5,D,CC,ZP,F
14:10:22,MYOR,RG,1520,1,D,PD,ZP,F
14:10:22,MYOR,RG,1520,100,D,XC,ZP,F
14:10:22,MYOR,RG,1520,5,D,PD,ZP,F
14:10:22,MYOR,RG,1520,5,D,CC,ZP,F
14:10:22,MYOR,RG,1520,1,D,KK,ZP,F
14:10:22,MYOR,RG,1520,1,D,PD,ZP,F
14:10:22,MYOR,RG,1520,4,D,YP,ZP,F
14:10:22,MYOR,RG,1520,1,D,YP,ZP,F
14:10:22,MYOR,RG,1520,1,D,PD,ZP,F
14:10:22,MYOR,RG,1520,10,D,CC,ZP,F
14:10:22,MYOR,RG,1520,70,D,KK,ZP,F
14:10:22,MYOR,RG,1520,2,D,XC,ZP,F
14:10:22,MYOR,RG,1520,20,D,CC,ZP,F
14:10:22,MYOR,RG,1520,10,D,CC,ZP,F
14:10:22,MYOR,RG,1520,5,D,KK,ZP,F
14:10:22,MYOR,RG,1520,149,D,YP,ZP,F
14:10:22,MYOR,RG,1525,55,F,AK,ZP,F
14:10:22,MYOR,RG,1525,158,F,AK,SQ,F
14:10:22,MYOR,RG,1525,1,D,NI,SQ,F
14:10:21,MYOR,RG,1525,8,F,AK,SQ,F
14:10:21,MYOR,RG,1525,370,F,AK,SQ,F
14:10:21,MYOR,RG,1525,5,D,XC,SQ,F
14:10:21,MYOR,RG,1525,20,D,CC,SQ,F
14:10:21,MYOR,RG,1525,9,D,AK,SQ,F
14:10:21,MYOR,RG,1525,103,D,AK,SQ,F
14:10:21,MYOR,RG,1525,1,D,XC,SQ,F
14:10:21,MYOR,RG,1525,1,D,NI,SQ,F
14:10:21,MYOR,RG,1525,582,F,BK,SQ,F
14:10:21,MYOR,RG,1525,106,D,AK,SQ,F
14:10:21,MYOR,RG,1525,10,D,AK,SQ,F
14:10:21,MYOR,RG,1525,349,D,AK,SQ,F
14:10:21,MYOR,RG,1525,201,D,AK,SQ,F
14:10:21,MYOR,RG,1525,63,F,AK,SQ,F
14:10:21,MYOR,RG,1525,237,F,CC,SQ,F
14:10:21,MYOR,RG,1525,26,F,AK,SQ,F
14:10:21,MYOR,RG,1525,250,D,KZ,SQ,F
14:10:17,MYOR,RG,1525,3,D,KZ,EP,D
14:09:58,MYOR,RG,1525,25,D,KZ,ZP,F
14:09:57,MYOR,RG,1525,100,D,KZ,PD,D
14:09:49,MYOR,RG,1525,2,D,KZ,ZP,F
14:09:48,MYOR,RG,1525,5,D,KZ,PD,D
14:09:36,MYOR,RG,1530,5,D,XC,AK,F
14:09:06,MYOR,RG,1525,2,D,KZ,ZP,F
14:09:04,MYOR,RG,1525,5,D,KZ,ZP,F
14:09:04,MYOR,RG,1525,3,D,KZ,ZP,F
14:09:04,MYOR,RG,1525,4,D,KZ,ZP,F
14:09:04,MYOR,RG,1525,14,D,KZ,YU,D
14:08:48,MYOR,RG,1525,5,D,XC,ZP,F
14:08:48,MYOR,RG,1525,4,D,XC,ZP,F
14:08:48,MYOR,RG,1525,15,D,XC,YP,D
14:08:48,MYOR,RG,1525,3,D,XC,ZP,F
14:08:48,MYOR,RG,1525,12,D,XC,ZP,F
14:08:48,MYOR,RG,1525,9,D,XC,ZP,F
14:08:48,MYOR,RG,1525,18,D,XC,YU,D
14:08:48,MYOR,RG,1525,17,D,XC,YU,D
14:08:17,MYOR,RG,1525,3,D,CC,YU,D
14:08:14,MYOR,RG,1525,1,D,XC,YU,D
14:07:33,MYOR,RG,1525,68,D,KZ,ZP,F
14:07:33,MYOR,RG,1525,10,D,KZ,CP,D
14:07:33,MYOR,RG,1525,18,D,KZ,ZP,F
14:07:33,MYOR,RG,1525,21,D,KZ,YU,D
14:07:33,MYOR,RG,1525,16,D,KZ,ZP,F
14:07:33,MYOR,RG,1525,206,D,KZ,KZ,D
14:07:33,MYOR,RG,1525,25,D,KZ,ZP,F
14:07:33,MYOR,RG,1525,35,D,KZ,ZP,F
14:07:33,MYOR,RG,1525,18,D,KZ,ZP,F
14:07:33,MYOR,RG,1525,16,D,KZ,YU,D
14:07:33,MYOR,RG,1525,20,D,KZ,YU,D
14:07:33,MYOR,RG,1525,10,D,KZ,YU,D
14:07:01,MYOR,RG,1520,1,D,YP,ZP,F
14:06:59,MYOR,RG,1525,1,D,PD,YU,D
14:06:56,MYOR,RG,1520,50,D,YP,ZP,F
14:06:56,MYOR,RG,1520,4,D,XC,ZP,F
14:06:56,MYOR,RG,1520,2,D,CC,ZP,F
14:06:56,MYOR,RG,1520,3,D,XL,ZP,F
14:06:56,MYOR,RG,1520,10,D,PD,ZP,F
14:06:56,MYOR,RG,1520,1,D,XC,ZP,F
14:06:56,MYOR,RG,1520,1,D,YP,ZP,F
14:06:56,MYOR,RG,1520,1,D,PD,ZP,F
14:06:56,MYOR,RG,1520,1,D,EP,ZP,F
14:06:56,MYOR,RG,1520,1,D,PD,ZP,F
14:06:56,MYOR,RG,1520,2,D,DH,ZP,F
14:06:56,MYOR,RG,1520,1,D,PD,ZP,F
14:06:56,MYOR,RG,1520,1,D,XL,ZP,F
14:06:56,MYOR,RG,1520,1,D,KK,ZP,F
14:06:56,MYOR,RG,1520,100,D,PD,ZP,F
14:06:56,MYOR,RG,1520,2,D,PD,ZP,F
14:06:56,MYOR,RG,1520,2,D,DH,ZP,F
14:06:56,MYOR,RG,1520,3,D,XC,ZP,F
14:06:56,MYOR,RG,1520,5,D,NI,ZP,F
14:06:56,MYOR,RG,1520,1,D,YP,ZP,F
14:06:56,MYOR,RG,1525,5,D,GR,YU,D
14:06:55,MYOR,RG,1525,45,D,AK,YU,D
14:06:55,MYOR,RG,1525,38,D,AK,YU,D
14:06:55,MYOR,RG,1525,9,D,AK,YU,D
14:06:55,MYOR,RG,1525,19,D,AK,YU,D
14:06:55,MYOR,RG,1525,19,D,AK,YU,D
14:06:55,MYOR,RG,1525,57,D,AK,ZP,F
14:06:54,MYOR,RG,1525,46,F,AK,ZP,F
14:06:54,MYOR,RG,1525,333,D,AK,ZP,F
14:06:54,MYOR,RG,1525,33,D,AK,ZP,F
14:06:54,MYOR,RG,1525,31,F,AK,ZP,F
14:06:54,MYOR,RG,1525,36,F,AK,KZ,D
14:06:54,MYOR,RG,1525,101,D,AK,KZ,D
14:06:51,MYOR,RG,1525,353,D,AK,ZP,F
14:06:51,MYOR,RG,1525,22,F,AK,ZP,F
14:06:51,MYOR,RG,1525,46,D,AK,ZP,F
14:06:51,MYOR,RG,1525,10,D,NI,ZP,F
14:06:51,MYOR,RG,1525,10,D,YP,ZP,F
14:06:51,MYOR,RG,1525,30,D,SQ,ZP,F
14:06:51,MYOR,RG,1525,7,D,YP,ZP,F
14:06:51,MYOR,RG,1525,10,D,KK,ZP,F
14:06:51,MYOR,RG,1525,20,D,SQ,ZP,F
14:06:51,MYOR,RG,1525,5,D,PD,ZP,F
14:06:51,MYOR,RG,1525,1,D,XC,ZP,F
14:06:51,MYOR,RG,1525,3,D,NI,ZP,F
14:06:51,MYOR,RG,1525,5,D,PD,ZP,F
14:06:51,MYOR,RG,1525,10,D,YP,ZP,F
14:06:51,MYOR,RG,1525,3,D,PD,ZP,F
14:06:51,MYOR,RG,1525,1,D,PD,ZP,F
14:06:51,MYOR,RG,1525,50,D,DH,ZP,F
14:06:51,MYOR,RG,1525,104,D,AK,ZP,F
14:06:51,MYOR,RG,1525,8,D,XC,ZP,F
14:06:51,MYOR,RG,1525,232,D,AK,ZP,F
14:06:51,MYOR,RG,1525,1,D,PD,ZP,F
14:06:51,MYOR,RG,1525,2,D,KK,ZP,F
14:06:51,MYOR,RG,1525,3,D,PD,ZP,F
14:06:51,MYOR,RG,1525,10,D,CC,ZP,F
14:06:51,MYOR,RG,1525,1,D,NI,ZP,F
14:06:49,MYOR,RG,1530,49,D,AK,AK,F
14:06:49,MYOR,RG,1530,27,D,AK,ZP,F
14:06:49,MYOR,RG,1530,500,D,AK,ZP,F
14:06:49,MYOR,RG,1530,60,D,AK,AK,F
14:06:49,MYOR,RG,1530,68,D,AK,AK,F
14:06:49,MYOR,RG,1530,69,D,AK,ZP,F
14:06:49,MYOR,RG,1530,192,D,AK,KZ,D
14:06:49,MYOR,RG,1525,235,D,AK,ZP,F
14:06:49,MYOR,RG,1525,5,D,GR,ZP,F
14:06:49,MYOR,RG,1525,4,D,YP,ZP,F
14:06:49,MYOR,RG,1525,20,D,PD,ZP,F
14:06:49,MYOR,RG,1525,20,D,NI,ZP,F
14:06:49,MYOR,RG,1525,1,D,PD,ZP,F
14:06:49,MYOR,RG,1525,1,D,XC,ZP,F
14:06:49,MYOR,RG,1525,1,D,PD,ZP,F
14:06:49,MYOR,RG,1525,2,D,XL,ZP,F
14:06:49,MYOR,RG,1525,3,D,PD,ZP,F
14:06:49,MYOR,RG,1525,1,D,XC,ZP,F
14:06:49,MYOR,RG,1525,628,D,KZ,ZP,F
14:06:49,MYOR,RG,1525,1,D,XC,ZP,F
14:06:49,MYOR,RG,1525,5,D,CC,ZP,F
14:06:49,MYOR,RG,1525,100,D,SQ,ZP,F
14:06:49,MYOR,RG,1525,1,D,XL,ZP,F
14:06:49,MYOR,RG,1525,1,D,DX,ZP,F
14:06:49,MYOR,RG,1525,2,D,CC,ZP,F
14:06:49,MYOR,RG,1525,475,F,CC,ZP,F
14:06:49,MYOR,RG,1525,5,D,YP,ZP,F
14:06:49,MYOR,RG,1525,1,D,PD,ZP,F
14:06:49,MYOR,RG,1525,1,D,PD,ZP,F
14:06:49,MYOR,RG,1525,9,D,AK,ZP,F
14:06:49,MYOR,RG,1525,1,D,NI,ZP,F
14:06:49,MYOR,RG,1525,10,D,KK,ZP,F
14:06:49,MYOR,RG,1525,1,D,YP,ZP,F
14:06:49,MYOR,RG,1525,1,D,PD,ZP,F
14:06:49,MYOR,RG,1525,10,D,DH,ZP,F
14:06:49,MYOR,RG,1525,12,F,AK,ZP,F
14:06:49,MYOR,RG,1525,3,D,NI,ZP,F
14:06:49,MYOR,RG,1525,1,D,OD,ZP,F
14:06:49,MYOR,RG,1525,1013,F,AK,ZP,F
14:06:49,MYOR,RG,1525,1,D,DH,ZP,F
14:06:49,MYOR,RG,1525,10,D,KK,ZP,F
14:06:49,MYOR,RG,1525,1,D,YP,ZP,F
14:06:49,MYOR,RG,1525,1,D,YP,ZP,F
14:06:49,MYOR,RG,1525,10,D,PD,ZP,F
14:06:49,MYOR,RG,1525,1,D,KK,ZP,F
14:06:49,MYOR,RG,1525,10,D,CC,ZP,F
14:06:49,MYOR,RG,1525,20,D,NI,ZP,F
14:06:49,MYOR,RG,1525,6,D,DH,ZP,F
14:06:49,MYOR,RG,1525,1,D,YP,ZP,F
14:06:49,MYOR,RG,1525,1,D,PD,ZP,F
14:06:49,MYOR,RG,1525,10,D,XC,ZP,F
14:06:49,MYOR,RG,1525,5,D,PD,ZP,F
14:06:49,MYOR,RG,1525,25,D,YP,ZP,F
14:06:49,MYOR,RG,1525,324,F,BK,ZP,F
14:06:46,MYOR,RG,1530,11,D,AK,KZ,D
14:06:45,MYOR,RG,1530,21,D,AK,KZ,D
14:06:22,MYOR,RG,1530,1,D,AK,KZ,D
14:06:21,MYOR,RG,1525,3,F,BK,YP,D
14:06:01,MYOR,RG,1530,16,D,AK,KZ,D
14:06:00,MYOR,RG,1525,32,F,BK,YU,D
14:05:01,MYOR,RG,1530,14,D,AK,KZ,D
14:05:01,MYOR,RG,1530,5,D,AK,XC,D
14:05:01,MYOR,RG,1530,4,D,AK,KZ,D
14:05:00,MYOR,RG,1525,32,F,BK,YU,D
14:05:00,MYOR,RG,1530,198,D,AK,KZ,D
14:05:00,MYOR,RG,1525,15,F,BK,YU,D
14:04:57,MYOR,RG,1525,1,F,BK,NI,D
14:04:52,MYOR,RG,1525,4,F,BK,NI,D
14:04:49,MYOR,RG,1530,203,D,KZ,KZ,D
14:04:49,MYOR,RG,1530,162,D,KZ,AK,F
14:04:49,MYOR,RG,1530,20,D,KZ,ZP,F
14:04:49,MYOR,RG,1530,11,D,KZ,ZP,F
14:04:45,MYOR,RG,1530,32,D,AK,ZP,F
14:04:45,MYOR,RG,1530,49,D,AK,AK,F
14:04:44,MYOR,RG,1530,109,D,KZ,AK,F
14:04:44,MYOR,RG,1530,5,D,KZ,PD,D
14:04:44,MYOR,RG,1530,52,D,KZ,ZP,F
14:04:38,MYOR,RG,1530,1,D,AK,ZP,F
14:04:37,MYOR,RG,1525,1,F,BK,DH,D
14:04:00,MYOR,RG,1530,1,D,AK,ZP,F
14:03:56,MYOR,RG,1530,1,D,XC,ZP,F
14:03:43,MYOR,RG,1530,1,D,XC,ZP,F
14:03:30,MYOR,RG,1530,158,D,AK,ZP,F
14:03:00,MYOR,RG,1525,36,F,BK,YU,D
14:03:00,MYOR,RG,1525,27,F,BK,YU,D
14:03:00,MYOR,RG,1525,15,F,BK,YU,D
14:02:45,MYOR,RG,1530,201,D,AK,ZP,F
14:02:24,MYOR,RG,1525,132,F,BK,KZ,D
14:02:19,MYOR,RG,1525,158,F,BK,KZ,D
14:02:19,MYOR,RG,1525,46,D,AK,KZ,D
14:02:15,MYOR,RG,1530,222,D,AK,ZP,F
14:01:49,MYOR,RG,1530,193,D,KZ,ZP,F
14:01:46,MYOR,RG,1525,94,D,AK,ZP,F
14:01:45,MYOR,RG,1530,100,D,AK,ZP,F
14:01:45,MYOR,RG,1530,1,D,AK,PD,D
14:01:45,MYOR,RG,1530,358,D,AK,KZ,D
14:01:45,MYOR,RG,1530,21,D,AK,KZ,D
14:01:45,MYOR,RG,1530,150,D,AK,KZ,D
14:01:44,MYOR,RG,1530,33,D,PD,KZ,D
14:01:09,MYOR,RG,1525,1,D,AK,YP,D
14:00:55,MYOR,RG,1525,2,D,AK,ZP,F
14:00:53,MYOR,RG,1525,4,D,AK,YB,D
14:00:53,MYOR,RG,1525,1,D,AK,YP,D
14:00:31,MYOR,RG,1525,28,D,AK,ZP,F
14:00:31,MYOR,RG,1525,15,D,AK,ZP,F
14:00:31,MYOR,RG,1525,42,D,AK,ZP,F
14:00:30,MYOR,RG,1530,343,D,AK,KZ,D
14:00:03,MYOR,RG,1525,22,D,AK,ZP,F
14:00:02,MYOR,RG,1525,37,D,AK,YU,D
14:00:01,MYOR,RG,1525,50,D,AK,YU,D
14:00:01,MYOR,RG,1525,6,D,AK,ZP,F
14:00:00,MYOR,RG,1525,22,D,AK,YU,D
13:59:29,MYOR,RG,1530,1,D,EP,KZ,D
13:59:22,MYOR,RG,1525,50,D,AK,ZP,F
13:59:22,MYOR,RG,1530,5,D,XL,KZ,D
13:59:22,MYOR,RG,1530,23,D,XL,ZP,F
13:59:22,MYOR,RG,1530,172,D,XL,AK,F
13:59:16,MYOR,RG,1525,36,D,AK,ZP,F
13:59:15,MYOR,RG,1530,18,D,AK,AK,F
13:59:15,MYOR,RG,1530,35,D,AK,ZP,F
13:59:15,MYOR,RG,1530,1,D,AK,XL,D
13:59:15,MYOR,RG,1530,1,D,AK,SQ,D
13:59:15,MYOR,RG,1530,86,D,AK,ZP,F
13:59:00,MYOR,RG,1525,5,D,AK,XC,D
13:58:10,MYOR,RG,1525,2,D,AK,ZP,F
13:58:08,MYOR,RG,1525,1,D,AK,XC,D
13:58:08,MYOR,RG,1525,5,D,AK,XL,D
13:58:07,MYOR,RG,1525,11,D,AK,ZP,F
13:58:07,MYOR,RG,1530,44,D,DR,ZP,F
13:58:01,MYOR,RG,1525,51,D,AK,ZP,F
13:58:01,MYOR,RG,1530,46,D,AK,ZP,F
13:58:00,MYOR,RG,1525,58,D,AK,YU,D
13:58:00,MYOR,RG,1525,77,D,AK,YU,D
13:58:00,MYOR,RG,1525,23,D,AK,YU,D
13:57:51,MYOR,RG,1525,4,D,AK,ZP,F
13:57:49,MYOR,RG,1530,11,D,XC,ZP,F
13:57:49,MYOR,RG,1525,1,D,AK,ZP,F
13:57:49,MYOR,RG,1525,5,D,AK,XL,D
13:57:48,MYOR,RG,1530,2,D,XC,ZP,F
13:57:36,MYOR,RG,1530,1,D,NI,ZP,F
13:57:15,MYOR,RG,1530,2,D,NI,ZP,F
13:57:01,MYOR,RG,1525,6,D,AK,ZP,F
13:57:00,MYOR,RG,1525,22,D,AK,YU,D
13:56:48,MYOR,RG,1525,2,D,AK,ZP,F
13:56:46,MYOR,RG,1525,10,D,AK,PD,D
13:56:37,MYOR,RG,1525,100,D,AK,ZP,F
13:56:36,MYOR,RG,1530,308,D,AK,ZP,F
13:56:36,MYOR,RG,1530,36,D,AK,ZP,F
13:56:36,MYOR,RG,1530,35,D,AK,ZP,F
13:56:36,MYOR,RG,1530,183,D,AK,AK,F
13:56:36,MYOR,RG,1530,6,D,AK,ZP,F
13:56:23,MYOR,RG,1530,10,D,XL,ZP,F
13:56:13,MYOR,RG,1530,1,D,SQ,ZP,F
13:56:05,MYOR,RG,1530,1,D,PD,ZP,F
13:55:48,MYOR,RG,1530,1,D,NI,ZP,F
13:55:46,MYOR,RG,1525,20,D,AK,XL,D
13:55:18,MYOR,RG,1525,30,D,AK,MG,D
13:55:00,MYOR,RG,1525,49,D,AK,YU,D
13:55:00,MYOR,RG,1525,37,D,AK,YU,D
13:55:00,MYOR,RG,1525,16,D,AK,YU,D
13:54:58,MYOR,RG,1530,52,F,CC,ZP,F
13:54:51,MYOR,RG,1525,200,D,AK,XL,D
13:54:49,MYOR,RG,1530,2,F,CC,ZP,F
13:54:43,MYOR,RG,1530,183,D,AK,ZP,F
13:54:43,MYOR,RG,1530,97,D,AK,AK,F
13:54:43,MYOR,RG,1525,14,D,AK,CC,D
13:54:27,MYOR,RG,1525,27,D,AK,DH,D
13:54:27,MYOR,RG,1525,1,D,PD,DH,D
13:54:27,MYOR,RG,1525,4,D,XC,DH,D
13:54:13,MYOR,RG,1530,5,D,CC,AK,F
13:54:00,MYOR,RG,1530,3,D,XC,AK,F
13:53:56,MYOR,RG,1530,123,F,BK,AK,F
13:53:56,MYOR,RG,1530,5,F,BK,XL,D
13:53:49,MYOR,RG,1530,42,F,CC,XL,D
13:53:42,MYOR,RG,1530,4,F,CC,XL,D
13:53:42,MYOR,RG,1530,61,F,CC,AK,F
13:53:36,MYOR,RG,1530,167,D,AK,AK,F
13:53:36,MYOR,RG,1530,1,D,AK,XC,D
13:53:36,MYOR,RG,1530,38,D,AK,ZP,F
13:53:36,MYOR,RG,1530,1,D,AK,XC,D
13:53:36,MYOR,RG,1530,1,D,AK,XC,D
13:53:36,MYOR,RG,1530,42,D,AK,XC,D
13:53:36,MYOR,RG,1530,74,D,AK,ZP,F
13:53:24,MYOR,RG,1525,14,D,XC,SQ,D
13:53:09,MYOR,RG,1530,20,D,KZ,ZP,F
13:53:04,MYOR,RG,1530,49,D,KZ,ZP,F
13:53:04,MYOR,RG,1530,194,D,KZ,KZ,D
13:53:04,MYOR,RG,1530,228,D,KZ,KZ,D
13:53:00,MYOR,RG,1530,76,D,AK,KZ,D
13:53:00,MYOR,RG,1530,9,D,AK,IF,D
13:53:00,MYOR,RG,1530,1,D,AK,XC,D
13:53:00,MYOR,RG,1530,446,D,AK,ZP,F
13:52:45,MYOR,RG,1530,228,D,AK,ZP,F
13:52:13,MYOR,RG,1525,1,D,KZ,PD,D
13:52:00,MYOR,RG,1525,43,D,KZ,YU,D
13:52:00,MYOR,RG,1525,57,D,KZ,YU,D
13:52:00,MYOR,RG,1525,26,D,KZ,YU,D
13:51:51,MYOR,RG,1530,164,D,AK,ZP,F
13:51:51,MYOR,RG,1530,90,D,AK,ZP,F
13:51:48,MYOR,RG,1525,26,D,KZ,ZP,F
13:51:46,MYOR,RG,1525,12,D,KZ,ZP,F
13:51:46,MYOR,RG,1530,105,D,AK,ZP,F
13:51:45,MYOR,RG,1530,47,D,AK,ZP,F
13:51:01,MYOR,RG,1525,74,D,KZ,ZP,F
13:51:00,MYOR,RG,1525,17,D,KZ,YU,D
13:51:00,MYOR,RG,1530,258,D,AK,ZP,F
13:51:00,MYOR,RG,1530,22,D,AK,AK,F
13:50:36,MYOR,RG,1525,13,D,KZ,ZP,F
13:50:35,MYOR,RG,1530,50,D,SQ,AK,F
13:50:25,MYOR,RG,1525,67,D,KZ,ZP,F
13:50:24,MYOR,RG,1525,142,D,KZ,KZ,D
13:50:24,MYOR,RG,1525,10,D,AK,KZ,D
13:50:24,MYOR,RG,1525,115,D,AK,KZ,D
13:50:19,MYOR,RG,1525,4,D,AK,ZP,F
13:50:19,MYOR,RG,1525,15,D,YP,ZP,F
13:50:19,MYOR,RG,1525,1,D,XC,ZP,F
13:50:19,MYOR,RG,1525,87,F,AK,ZP,F
13:50:19,MYOR,RG,1525,63,F,AK,KZ,D
13:50:19,MYOR,RG,1525,363,D,XC,KZ,D
13:50:18,MYOR,RG,1530,3,D,LG,AK,F
13:50:16,MYOR,RG,1525,48,D,XC,ZP,F
13:50:15,MYOR,RG,1530,119,D,AK,AK,F
13:50:15,MYOR,RG,1530,11,D,AK,YP,D
13:50:15,MYOR,RG,1530,129,D,AK,AK,F
13:50:01,MYOR,RG,1525,52,D,XC,YU,D
13:50:00,MYOR,RG,1525,37,D,XC,YU,D
13:50:00,MYOR,RG,1525,1,D,XC,YU,D
13:50:00,MYOR,RG,1525,16,F,AK,YU,D
13:49:46,MYOR,RG,1530,1,D,NI,AK,F
13:49:42,MYOR,RG,1530,5,D,PD,AK,F
13:49:21,MYOR,RG,1530,101,D,AK,AK,F
13:49:21,MYOR,RG,1530,19,D,AK,ZP,F
13:49:21,MYOR,RG,1530,20,D,AK,ZP,F
13:49:21,MYOR,RG,1530,15,D,AK,ZP,F
13:49:21,MYOR,RG,1530,144,D,AK,AK,F
13:49:00,MYOR,RG,1525,27,F,AK,YU,D
13:48:49,MYOR,RG,1530,20,D,PD,AK,F
13:48:32,MYOR,RG,1525,2,F,AK,SQ,D
13:48:27,MYOR,RG,1530,5,D,XC,AK,F
13:48:24,MYOR,RG,1530,3,D,KZ,AK,F
13:48:24,MYOR,RG,1530,236,D,KZ,AK,F
13:48:24,MYOR,RG,1530,105,D,KZ,ZP,F
13:48:22,MYOR,RG,1530,310,D,AK,ZP,F
13:48:22,MYOR,RG,1525,1,F,AK,ZP,F
13:48:21,MYOR,RG,1525,5,F,AK,XC,D
13:48:01,MYOR,RG,1525,8,F,AK,ZP,F
13:48:00,MYOR,RG,1525,33,F,AK,YU,D
13:47:22,MYOR,RG,1525,50,F,AK,ZP,F
13:47:21,MYOR,RG,1530,59,D,AK,ZP,F
13:47:21,MYOR,RG,1530,54,D,AK,ZP,F
13:47:21,MYOR,RG,1530,255,D,AK,KZ,D
13:47:01,MYOR,RG,1525,12,F,AK,ZP,F
13:47:00,MYOR,RG,1525,31,F,AK,YU,D
13:47:00,MYOR,RG,1525,16,F,AK,YU,D
13:46:48,MYOR,RG,1525,1,F,AK,XC,D
13:46:22,MYOR,RG,1525,58,F,AK,ZP,F
13:46:21,MYOR,RG,1530,67,D,AK,KZ,D
13:46:21,MYOR,RG,1530,162,D,AK,KZ,D
13:46:12,MYOR,RG,1525,1,F,AK,ZP,F
13:46:11,MYOR,RG,1530,3,D,PD,KZ,D
13:46:10,MYOR,RG,1530,2,D,XC,KZ,D
13:46:08,MYOR,RG,1525,2,F,AK,PD,D
13:46:01,MYOR,RG,1525,12,F,AK,ZP,F
13:46:00,MYOR,RG,1525,46,F,AK,YU,D
13:45:37,MYOR,RG,1525,57,F,AK,ZP,F
13:45:36,MYOR,RG,1530,230,D,AK,KZ,D
13:45:27,MYOR,RG,1525,2,F,AK,ZP,F
13:45:25,MYOR,RG,1530,5,D,SQ,KZ,D
13:45:06,MYOR,RG,1525,16,F,AK,ZP,F
13:45:04,MYOR,RG,1530,66,D,DR,KZ,D
13:45:01,MYOR,RG,1525,5,F,AK,ZP,F
13:45:00,MYOR,RG,1525,18,F,AK,YU,D
13:44:06,MYOR,RG,1525,47,F,AK,ZP,F
13:44:06,MYOR,RG,1525,26,D,AK,ZP,F
13:44:04,MYOR,RG,1525,211,D,AK,KZ,D
13:44:04,MYOR,RG,1525,12,D,AK,KZ,D
13:44:04,MYOR,RG,1525,70,D,AK,KZ,D
13:44:01,MYOR,RG,1525,8,D,AK,ZP,F
13:44:00,MYOR,RG,1525,31,D,AK,YU,D
13:44:00,MYOR,RG,1525,23,D,AK,ZP,F
13:44:00,MYOR,RG,1525,96,D,AK,ZP,F
13:43:59,MYOR,RG,1525,102,D,AK,KZ,D
13:43:59,MYOR,RG,1525,376,F,BK,KZ,D
13:43:58,MYOR,RG,1525,12,F,BK,ZP,F
13:43:57,MYOR,RG,1525,47,F,BK,DH,D
13:43:57,MYOR,RG,1525,1,F,AK,DH,D
13:43:42,MYOR,RG,1525,1,F,BK,DH,D
13:43:31,MYOR,RG,1525,2,F,BK,ZP,F
13:43:30,MYOR,RG,1530,5,D,YP,KZ,D
13:43:08,MYOR,RG,1530,2,D,KK,KZ,D
13:43:01,MYOR,RG,1525,12,F,BK,ZP,F
13:43:00,MYOR,RG,1525,33,F,BK,YU,D
13:43:00,MYOR,RG,1525,15,F,BK,YU,D
13:42:45,MYOR,RG,1525,3,F,BK,ZP,F
13:42:43,MYOR,RG,1530,10,D,XC,KZ,D
13:42:41,MYOR,RG,1530,1,D,XC,KZ,D
13:42:36,MYOR,RG,1525,2,F,BK,ZP,F
13:42:34,MYOR,RG,1525,5,F,BK,PD,D
13:42:27,MYOR,RG,1530,2,D,XC,KZ,D
13:41:54,MYOR,RG,1530,1,D,YP,KZ,D
13:41:11,MYOR,RG,1525,1,F,BK,NI,D
13:41:01,MYOR,RG,1525,58,F,BK,ZP,F
13:41:00,MYOR,RG,1525,84,F,BK,YU,D
13:41:00,MYOR,RG,1525,1,D,NI,YU,D
13:41:00,MYOR,RG,1525,14,F,AK,YU,D
13:41:00,MYOR,RG,1525,103,F,AK,YU,D
13:41:00,MYOR,RG,1525,3,D,XC,YU,D
13:41:00,MYOR,RG,1525,13,D,YP,YU,D
13:41:00,MYOR,RG,1525,2,D,YP,YU,D
13:41:00,MYOR,RG,1525,1,D,XC,YU,D
13:41:00,MYOR,RG,1525,2,D,PD,YU,D
13:41:00,MYOR,RG,1525,1,D,YP,YU,D
13:41:00,MYOR,RG,1525,5,D,PD,YU,D
13:41:00,MYOR,RG,1525,1,D,EP,YU,D
13:41:00,MYOR,RG,1525,3,D,AT,YU,D
13:40:48,MYOR,RG,1525,2,D,AT,ZP,F
13:40:47,MYOR,RG,1530,5,D,GR,KZ,D
13:40:28,MYOR,RG,1525,2,D,AT,ZP,F
13:40:28,MYOR,RG,1530,2,D,KK,KZ,D
13:40:28,MYOR,RG,1530,3,D,KK,ZP,F
13:40:27,MYOR,RG,1525,1,D,AT,DH,D
13:40:03,MYOR,RG,1530,5,D,XC,ZP,F
13:40:01,MYOR,RG,1525,2,D,AT,ZP,F
13:40:01,MYOR,RG,1525,2,D,XC,ZP,F
13:40:01,MYOR,RG,1525,1,D,GR,ZP,F
13:40:01,MYOR,RG,1525,1,D,CC,ZP,F
13:40:01,MYOR,RG,1525,1,D,PD,ZP,F
13:40:01,MYOR,RG,1525,6,D,KZ,ZP,F
13:39:59,MYOR,RG,1525,48,D,KZ,YP,D
13:39:59,MYOR,RG,1525,1,D,YP,YP,D
13:39:59,MYOR,RG,1525,1,D,DH,YP,D
13:39:26,MYOR,RG,1530,1,D,XC,ZP,F
13:39:24,MYOR,RG,1525,2,D,DH,ZP,F
13:39:24,MYOR,RG,1525,1,D,XC,ZP,F
13:39:24,MYOR,RG,1525,10,D,YP,ZP,F
13:39:24,MYOR,RG,1525,1,D,YP,ZP,F
13:39:22,MYOR,RG,1530,389,D,AK,ZP,F
13:39:22,MYOR,RG,1530,141,F,AK,ZP,F
13:39:22,MYOR,RG,1530,258,F,AK,ZP,F
13:39:22,MYOR,RG,1530,104,D,AK,ZP,F
13:39:22,MYOR,RG,1530,9,D,AK,ZP,F
13:39:22,MYOR,RG,1530,15,D,SQ,ZP,F
13:39:22,MYOR,RG,1530,131,D,KZ,ZP,F
13:39:21,MYOR,RG,1530,372,D,KZ,KZ,D
13:39:21,MYOR,RG,1530,245,D,AK,KZ,D
13:39:21,MYOR,RG,1530,1,D,YP,KZ,D
13:39:21,MYOR,RG,1530,1,D,PD,KZ,D
13:39:21,MYOR,RG,1530,100,D,KK,KZ,D
13:39:21,MYOR,RG,1530,278,F,AK,KZ,D
13:39:21,MYOR,RG,1530,50,D,YP,KZ,D
13:39:21,MYOR,RG,1530,111,D,AK,KZ,D
13:39:21,MYOR,RG,1530,10,D,AK,KZ,D
13:39:21,MYOR,RG,1530,1,D,PD,KZ,D
13:39:21,MYOR,RG,1530,5,D,XC,KZ,D
13:39:21,MYOR,RG,1530,2,D,PD,KZ,D
13:39:21,MYOR,RG,1530,47,D,AK,KZ,D
13:39:21,MYOR,RG,1530,193,D,AK,KZ,D
13:39:21,MYOR,RG,1530,148,F,AK,KZ,D
13:39:21,MYOR,RG,1530,28,F,CC,KZ,D
13:39:21,MYOR,RG,1530,1,D,YP,KZ,D
13:39:21,MYOR,RG,1530,10,D,YP,KZ,D
13:39:21,MYOR,RG,1530,396,F,BK,KZ,D
13:39:13,MYOR,RG,1535,1,D,XL,AK,F
13:39:03,MYOR,RG,1535,1,D,XC,AK,F
13:37:54,MYOR,RG,1530,83,F,BK,ZP,F
13:37:54,MYOR,RG,1530,51,D,AK,ZP,F
13:37:52,MYOR,RG,1535,85,F,BK,AK,F
13:37:52,MYOR,RG,1535,7,F,BK,ZP,F
13:37:52,MYOR,RG,1535,155,F,BK,ZP,F
13:37:52,MYOR,RG,1530,2,D,AK,XC,D
13:37:51,MYOR,RG,1530,152,D,AK,ZP,F
13:37:51,MYOR,RG,1530,29,F,AK,ZP,F
13:37:49,MYOR,RG,1535,345,F,BK,ZP,F
13:37:49,MYOR,RG,1535,58,F,BK,ZP,F
13:37:49,MYOR,RG,1535,37,F,BK,ZP,F
13:37:49,MYOR,RG,1535,7,F,BK,ZP,F
13:37:49,MYOR,RG,1535,14,F,BK,YU,D
13:37:49,MYOR,RG,1535,28,F,BK,YU,D
13:37:49,MYOR,RG,1535,11,F,BK,YU,D
13:37:45,MYOR,RG,1535,1,D,PD,YU,D
13:37:21,MYOR,RG,1530,5,F,AK,ZP,F
13:37:20,MYOR,RG,1535,9,D,IF,YU,D
13:37:18,MYOR,RG,1530,12,F,AK,ZP,F
13:37:17,MYOR,RG,1530,22,F,AK,DR,D
13:37:07,MYOR,RG,1530,3,F,AK,ZP,F
13:37:06,MYOR,RG,1530,7,F,AK,XC,D
13:36:30,MYOR,RG,1530,2,F,AK,ZP,F
13:36:29,MYOR,RG,1530,3,F,AK,NI,D
13:36:23,MYOR,RG,1530,118,F,AK,ZP,F
13:36:23,MYOR,RG,1530,2,D,XC,ZP,F
13:36:23,MYOR,RG,1530,50,D,CC,ZP,F
13:36:23,MYOR,RG,1530,20,D,CC,ZP,F
13:36:23,MYOR,RG,1530,1,D,YP,ZP,F
13:36:23,MYOR,RG,1530,32,D,PD,ZP,F
13:36:23,MYOR,RG,1530,1,D,XC,ZP,F
13:36:23,MYOR,RG,1530,2,D,XC,ZP,F
13:36:23,MYOR,RG,1530,1,D,PD,ZP,F
13:36:23,MYOR,RG,1530,1,D,XC,ZP,F
13:36:23,MYOR,RG,1530,2,D,CC,ZP,F
13:36:23,MYOR,RG,1530,2,D,PD,ZP,F
13:36:23,MYOR,RG,1530,11,D,XC,ZP,F
13:36:23,MYOR,RG,1530,5,D,PD,ZP,F
13:36:23,MYOR,RG,1530,1,D,YP,ZP,F
13:36:23,MYOR,RG,1530,1,D,EP,ZP,F
13:36:23,MYOR,RG,1530,1,D,PD,ZP,F
13:36:23,MYOR,RG,1530,1,D,KK,ZP,F
13:36:23,MYOR,RG,1530,1,D,PD,ZP,F
13:36:23,MYOR,RG,1530,99,D,PD,ZP,F
13:36:23,MYOR,RG,1530,1,D,XC,ZP,F
13:36:23,MYOR,RG,1530,2,D,DH,ZP,F
13:36:23,MYOR,RG,1530,1,D,PD,ZP,F
13:36:23,MYOR,RG,1530,1,D,PD,ZP,F
13:36:23,MYOR,RG,1530,7,D,XC,ZP,F
13:36:23,MYOR,RG,1530,8,D,KZ,ZP,F
13:36:23,MYOR,RG,1530,56,D,KZ,ZP,F
13:36:23,MYOR,RG,1530,2,D,PD,ZP,F
13:36:23,MYOR,RG,1530,1,D,XC,ZP,F
13:36:23,MYOR,RG,1530,2,D,YP,ZP,F
13:36:23,MYOR,RG,1530,1,D,YP,ZP,F
13:36:21,MYOR,RG,1535,53,F,AK,ZP,F
13:36:21,MYOR,RG,1535,1,D,PD,ZP,F
13:36:21,MYOR,RG,1535,2,D,CC,ZP,F
13:36:21,MYOR,RG,1535,50,D,XL,ZP,F
13:36:21,MYOR,RG,1535,14,D,SQ,ZP,F
13:36:21,MYOR,RG,1535,1,D,YP,ZP,F
13:36:21,MYOR,RG,1535,10,D,YP,ZP,F
13:36:21,MYOR,RG,1535,20,D,GR,ZP,F
13:36:21,MYOR,RG,1535,2,D,CC,ZP,F
13:36:21,MYOR,RG,1535,1,D,XL,ZP,F
13:36:21,MYOR,RG,1535,5,D,CC,ZP,F
13:36:21,MYOR,RG,1535,1,D,NI,ZP,F
13:36:21,MYOR,RG,1535,11,D,XC,ZP,F
13:36:21,MYOR,RG,1535,68,D,YP,ZP,F
13:36:21,MYOR,RG,1540,10,D,AK,SQ,F
13:36:21,MYOR,RG,1540,120,D,AK,SQ,F
13:36:20,MYOR,RG,1540,23,F,AK,SQ,F
13:36:20,MYOR,RG,1540,1,D,XC,SQ,F
13:36:20,MYOR,RG,1540,5,D,CC,SQ,F
13:36:20,MYOR,RG,1540,230,D,AK,SQ,F
13:36:20,MYOR,RG,1540,8,F,AK,SQ,F
13:36:20,MYOR,RG,1540,1,D,XC,SQ,F
13:36:20,MYOR,RG,1540,1,D,YP,SQ,F
13:36:20,MYOR,RG,1540,3,D,PD,SQ,F
13:36:20,MYOR,RG,1540,3,D,XL,SQ,F
13:36:20,MYOR,RG,1540,423,F,BK,SQ,F
13:36:20,MYOR,RG,1540,30,D,YP,SQ,F
13:36:20,MYOR,RG,1540,229,D,AK,SQ,F
13:36:20,MYOR,RG,1540,17,D,AK,SQ,F
13:36:20,MYOR,RG,1540,146,D,AK,SQ,F
13:36:06,MYOR,RG,1540,8,D,AK,ZP,F
13:36:04,MYOR,RG,1540,14,D,AK,DH,D
13:36:01,MYOR,RG,1545,1,D,XC,CC,D
13:35:42,MYOR,RG,1540,106,F,AK,ZP,F
13:35:40,MYOR,RG,1540,197,F,AK,NI,D
13:35:24,MYOR,RG,1540,27,F,AK,ZP,F
13:35:22,MYOR,RG,1545,5,D,LG,CC,D
13:35:22,MYOR,RG,1545,45,D,LG,SQ,D
13:35:21,MYOR,RG,1540,11,F,AK,ZP,F
13:35:20,MYOR,RG,1545,20,D,YP,SQ,D
13:35:00,MYOR,RG,1545,3,D,NI,SQ,D
13:34:50,MYOR,RG,1540,95,F,BK,ZP,F
13:34:50,MYOR,RG,1540,1,D,YP,ZP,F
13:34:50,MYOR,RG,1540,47,F,AK,ZP,F
13:34:50,MYOR,RG,1540,120,F,BK,ZP,F
13:34:50,MYOR,RG,1540,98,F,AK,ZP,F
13:34:50,MYOR,RG,1540,120,D,AK,ZP,F
13:34:50,MYOR,RG,1540,119,D,AK,ZP,F
13:34:50,MYOR,RG,1540,10,D,AK,ZP,F
13:34:50,MYOR,RG,1540,9,D,AK,ZP,F
13:34:50,MYOR,RG,1540,205,D,AK,ZP,F
13:34:50,MYOR,RG,1540,176,D,AK,ZP,F
13:34:41,MYOR,RG,1540,2,D,AK,YP,D
13:34:30,MYOR,RG,1540,78,D,AK,ZP,F
13:34:30,MYOR,RG,1540,120,F,BK,ZP,F
13:34:30,MYOR,RG,1540,1,F,AK,ZP,F
13:34:30,MYOR,RG,1540,301,F,AK,ZP,F
13:34:26,MYOR,RG,1545,102,F,BK,SQ,D
13:34:26,MYOR,RG,1545,5,F,BK,PD,D
13:34:26,MYOR,RG,1545,15,F,BK,NI,D
13:34:26,MYOR,RG,1545,1,F,BK,XC,D
13:34:26,MYOR,RG,1545,1,F,BK,CC,D
13:34:26,MYOR,RG,1545,4,F,BK,KK,D
13:34:26,MYOR,RG,1545,81,F,BK,YP,D
13:34:26,MYOR,RG,1540,438,F,AK,ZP,F
13:34:26,MYOR,RG,1540,20,D,LG,ZP,F
13:34:26,MYOR,RG,1540,42,F,BK,ZP,F
13:34:25,MYOR,RG,1540,78,F,BK,ZP,F
13:34:25,MYOR,RG,1545,1,D,PD,YP,D
13:34:24,MYOR,RG,1545,48,F,AK,YP,D
13:34:24,MYOR,RG,1545,2,F,AK,AZ,D
13:34:24,MYOR,RG,1535,32,D,YP,ZP,F
13:34:24,MYOR,RG,1540,101,D,KZ,ZP,F
13:34:24,MYOR,RG,1540,7,D,KZ,ZP,F
13:34:24,MYOR,RG,1540,320,D,KZ,ZP,F
13:34:23,MYOR,RG,1540,180,F,BK,ZP,F
13:34:23,MYOR,RG,1540,29,F,BK,KZ,D
13:34:22,MYOR,RG,1535,123,D,YP,ZP,F
13:34:22,MYOR,RG,1540,209,F,BK,KZ,D
13:34:21,MYOR,RG,1540,46,F,AK,KZ,D
13:34:21,MYOR,RG,1540,1,F,AK,ZP,F
13:34:21,MYOR,RG,1540,8,D,AK,ZP,F
13:34:21,MYOR,RG,1540,247,D,AK,AK,F
13:34:21,MYOR,RG,1540,374,D,AK,KZ,D
13:34:21,MYOR,RG,1540,29,D,AK,ZP,F
13:34:21,MYOR,RG,1540,15,D,AK,YU,D
13:34:21,MYOR,RG,1540,22,D,AK,YU,D
13:34:21,MYOR,RG,1540,22,D,AK,ZP,F
13:34:21,MYOR,RG,1540,183,D,AK,AK,F
13:34:20,MYOR,RG,1540,31,D,XC,AK,F
13:34:14,MYOR,RG,1540,1,D,XL,AK,F
13:34:02,MYOR,RG,1540,1,F,AK,AK,F
13:34:02,MYOR,RG,1540,22,F,AK,AK,F
13:34:01,MYOR,RG,1540,19,F,BK,AK,F
13:34:01,MYOR,RG,1540,16,F,BK,YU,D
13:34:01,MYOR,RG,1540,21,F,BK,YU,D
13:34:01,MYOR,RG,1540,22,F,BK,ZP,F
13:34:01,MYOR,RG,1540,23,F,BK,YU,D
13:34:01,MYOR,RG,1540,24,F,BK,YU,D
13:34:01,MYOR,RG,1540,18,F,BK,YU,D
13:34:01,MYOR,RG,1540,43,F,BK,ZP,F
13:34:01,MYOR,RG,1540,23,F,BK,ZP,F
13:34:00,MYOR,RG,1540,17,F,BK,ZP,F
13:34:00,MYOR,RG,1540,192,F,BK,ZP,F
13:34:00,MYOR,RG,1540,1,F,AK,ZP,F
13:34:00,MYOR,RG,1535,27,D,YP,YU,D
13:34:00,MYOR,RG,1535,3,F,BK,YU,D
13:33:37,MYOR,RG,1540,1,D,YU,ZP,F
13:33:27,MYOR,RG,1540,3,D,NI,ZP,F
13:33:23,MYOR,RG,1540,110,F,AK,ZP,F
13:33:21,MYOR,RG,1540,1,D,YP,ZP,F
13:32:32,MYOR,RG,1540,65,D,YP,ZP,F
13:30:45,MYOR,RG,1535,21,F,BK,ZP,F
13:30:44,MYOR,RG,1540,209,F,BK,ZP,F
13:30:43,MYOR,RG,1540,65,F,BK,ZP,F
13:30:43,MYOR,RG,1540,64,F,BK,ZP,F
13:30:43,MYOR,RG,1540,25,F,BK,ZP,F
13:30:43,MYOR,RG,1540,22,F,BK,ZP,F
13:30:43,MYOR,RG,1540,1,F,BK,XL,D
13:30:43,MYOR,RG,1540,10,F,BK,XL,D
13:30:43,MYOR,RG,1540,22,F,BK,PD,D
13:30:43,MYOR,RG,1535,216,F,BK,ZP,F
13:30:43,MYOR,RG,1540,3,F,BK,PD,D
13:30:43,MYOR,RG,1540,2,F,BK,YP,D
13:30:43,MYOR,RG,1540,1,F,BK,XC,D
13:30:43,MYOR,RG,1540,1,F,BK,XC,D
13:30:43,MYOR,RG,1540,2,F,BK,SQ,D
13:30:43,MYOR,RG,1540,62,F,BK,PD,D
13:30:43,MYOR,RG,1540,1,F,BK,PD,D
13:30:43,MYOR,RG,1540,137,F,BK,AK,F
13:30:42,MYOR,RG,1540,107,F,BK,AK,F
13:30:42,MYOR,RG,1540,102,F,BK,KZ,D
13:30:42,MYOR,RG,1535,60,F,BK,ZP,F
13:30:42,MYOR,RG,1535,100,D,YP,ZP,F
13:30:42,MYOR,RG,1535,1,D,XL,ZP,F
13:30:42,MYOR,RG,1535,137,D,AK,ZP,F
13:30:42,MYOR,RG,1535,16,D,CC,ZP,F
13:30:40,MYOR,RG,1535,4,D,CC,ZP,F
13:30:40,MYOR,RG,1535,2,D,XL,ZP,F
13:30:40,MYOR,RG,1535,5,D,CC,ZP,F
13:30:40,MYOR,RG,1535,11,D,XC,ZP,F
13:30:40,MYOR,RG,1535,5,D,KK,ZP,F
13:30:40,MYOR,RG,1535,2,D,PD,ZP,F
13:30:40,MYOR,RG,1535,2,D,PD,ZP,F
13:30:40,MYOR,RG,1535,95,D,AK,ZP,F
13:30:39,MYOR,RG,1540,200,D,YP,KZ,D
13:30:33,MYOR,RG,1535,137,D,AK,ZP,F
13:30:33,MYOR,RG,1535,32,D,AK,ZP,F
13:30:33,MYOR,RG,1535,228,D,AK,ZP,F
13:30:32,MYOR,RG,1540,11,F,AK,KZ,D
13:30:32,MYOR,RG,1540,1,F,AK,KZ,D
13:30:32,MYOR,RG,1540,10,F,AK,KZ,D
13:30:31,MYOR,RG,1535,4,D,AK,ZP,F
13:30:31,MYOR,RG,1535,5,D,CC,ZP,F
13:30:31,MYOR,RG,1535,3,D,XC,ZP,F
13:30:31,MYOR,RG,1540,209,F,BK,KZ,D
13:30:31,MYOR,RG,1540,209,F,BK,KZ,D
13:30:30,MYOR,RG,1540,24,F,AK,KZ,D
13:30:30,MYOR,RG,1540,183,D,AK,KZ,D
13:30:30,MYOR,RG,1540,100,D,AK,CC,D
13:30:30,MYOR,RG,1540,2,D,AK,XC,D
13:30:30,MYOR,RG,1540,1,D,AK,XC,D
13:30:30,MYOR,RG,1540,1,D,AK,XC,D
13:30:30,MYOR,RG,1540,50,D,AK,YU,D
13:30:30,MYOR,RG,1540,101,D,AK,YU,D
13:30:30,MYOR,RG,1540,39,D,AK,YU,D
13:30:29,MYOR,RG,1540,6,F,AK,YU,D
13:30:29,MYOR,RG,1540,31,F,BK,YU,D
13:30:29,MYOR,RG,1540,1,F,BK,XC,D
13:30:29,MYOR,RG,1540,65,F,BK,XC,D
13:30:29,MYOR,RG,1540,89,F,BK,ZP,F
13:30:29,MYOR,RG,1540,23,F,BK,EP,D
13:30:21,MYOR,RG,1535,7,D,XC,ZP,F
13:30:21,MYOR,RG,1535,2,D,PD,ZP,F
13:30:21,MYOR,RG,1535,18,D,KZ,ZP,F
13:30:18,MYOR,RG,1540,127,F,BK,EP,D
13:30:18,MYOR,RG,1540,16,F,BK,PD,D
13:30:18,MYOR,RG,1540,66,F,BK,SQ,D
13:30:16,MYOR,RG,1540,32,D,CC,SQ,D
13:30:14,MYOR,RG,1540,10,D,YP,SQ,D
13:30:13,MYOR,RG,1535,1,D,KZ,YP,D
13:30:13,MYOR,RG,1540,7,D,CC,SQ,D
13:30:12,MYOR,RG,1540,2,D,YP,SQ,D
13:30:12,MYOR,RG,1535,2,D,KZ,YP,D
13:30:10,MYOR,RG,1540,6,D,OD,SQ,D
13:30:10,MYOR,RG,1540,7,D,YP,SQ,D
13:30:09,MYOR,RG,1540,10,D,CC,SQ,D
13:30:09,MYOR,RG,1535,1,D,KZ,XL,D
13:30:09,MYOR,RG,1540,1,D,PD,SQ,D
13:30:09,MYOR,RG,1540,2,D,XL,SQ,D
13:30:07,MYOR,RG,1540,1,D,PD,SQ,D
13:30:07,MYOR,RG,1540,6,D,YP,SQ,D
13:30:07,MYOR,RG,1540,3,D,YP,PD,D
13:30:07,MYOR,RG,1540,5,D,XL,PD,D
13:30:07,MYOR,RG,1540,1,D,XL,PD,D
13:30:06,MYOR,RG,1540,1,D,XC,PD,D
13:30:06,MYOR,RG,1540,6,D,XC,YP,D
13:30:06,MYOR,RG,1540,1,D,XC,YP,D
13:30:06,MYOR,RG,1540,3,D,XC,YP,D
13:30:06,MYOR,RG,1540,2,D,XC,XC,D
13:30:06,MYOR,RG,1540,19,D,AG,XC,D
13:30:06,MYOR,RG,1540,3,D,AG,GR,D
13:30:06,MYOR,RG,1540,10,D,AG,YP,D
13:30:06,MYOR,RG,1540,12,D,AG,XC,D
13:30:06,MYOR,RG,1540,1,D,AG,DH,D
13:30:06,MYOR,RG,1540,5,D,AG,GR,D
13:30:06,MYOR,RG,1540,6,D,PD,GR,D
13:30:06,MYOR,RG,1540,1,D,XC,GR,D
13:30:06,MYOR,RG,1540,18,F,AK,GR,D
13:30:06,MYOR,RG,1535,561,D,KZ,AK,F
13:30:06,MYOR,RG,1535,5,D,XC,AK,F
13:30:06,MYOR,RG,1535,1,D,YP,AK,F
13:30:06,MYOR,RG,1535,5,D,XC,AK,F
13:30:06,MYOR,RG,1535,1,D,PD,AK,F
13:30:06,MYOR,RG,1535,1,D,EP,AK,F
13:30:06,MYOR,RG,1535,5,D,XC,AK,F
13:30:06,MYOR,RG,1535,4,D,CP,AK,F
13:30:05,MYOR,RG,1540,156,F,BK,ZP,F
13:30:05,MYOR,RG,1540,250,F,BK,NI,D
13:30:05,MYOR,RG,1540,15,F,BK,YU,D
13:30:05,MYOR,RG,1540,10,F,BK,YU,D
13:30:05,MYOR,RG,1540,32,F,BK,YU,D
13:30:05,MYOR,RG,1540,37,F,BK,ZP,D
13:30:05,MYOR,RG,1540,1,D,CC,ZP,D
13:30:05,MYOR,RG,1540,69,D,CC,KZ,D
13:30:05,MYOR,RG,1535,4,D,SQ,PD,D
13:30:05,MYOR,RG,1540,2,D,XC,KZ,D
13:30:05,MYOR,RG,1540,10,D,YP,KZ,D
13:30:05,MYOR,RG,1540,2,D,XC,KZ,D
13:30:05,MYOR,RG,1540,2,D,XC,KZ,D
13:30:05,MYOR,RG,1540,83,D,YP,KZ,D
13:30:05,MYOR,RG,1540,17,D,YP,KZ,D
13:30:05,MYOR,RG,1540,15,D,XC,KZ,D
13:30:05,MYOR,RG,1540,1,D,XC,KZ,D
13:30:05,MYOR,RG,1540,1,D,PD,KZ,D
13:30:05,MYOR,RG,1540,3,D,PD,KZ,D
13:30:05,MYOR,RG,1540,3,D,PD,KZ,D
13:30:04,MYOR,RG,1540,1,D,PD,KZ,D
13:30:04,MYOR,RG,1540,10,D,SQ,KZ,D
13:30:04,MYOR,RG,1540,7,D,PD,KZ,D
13:30:04,MYOR,RG,1540,4,D,PD,KZ,D
13:30:04,MYOR,RG,1540,2,D,PD,KZ,D
13:30:04,MYOR,RG,1540,13,D,DH,KZ,D
13:30:04,MYOR,RG,1535,2,D,SQ,ZP,F
13:30:04,MYOR,RG,1540,10,D,PD,KZ,D
13:30:04,MYOR,RG,1540,1,D,EP,KZ,D
13:30:04,MYOR,RG,1540,1,D,PD,KZ,D
13:30:03,MYOR,RG,1540,1,D,XC,KZ,D
13:30:03,MYOR,RG,1540,4,D,PD,KZ,D
13:30:03,MYOR,RG,1540,2,D,PD,KZ,D
13:30:03,MYOR,RG,1535,2,D,SQ,PD,D
13:30:03,MYOR,RG,1540,6,D,CC,KZ,D
13:30:03,MYOR,RG,1540,5,D,KK,KZ,D
13:30:03,MYOR,RG,1535,25,D,SQ,YP,D
13:30:03,MYOR,RG,1540,6,D,PD,KZ,D
13:30:03,MYOR,RG,1540,1,D,XC,KZ,D
13:30:03,MYOR,RG,1540,2,D,PD,KZ,D
13:30:03,MYOR,RG,1540,4,D,PD,ZP,F
13:30:03,MYOR,RG,1540,1,D,PD,ZP,F
13:30:02,MYOR,RG,1540,2,D,EP,ZP,F
13:30:02,MYOR,RG,1540,2,D,EP,ZP,F
13:30:02,MYOR,RG,1540,12,D,EP,ZP,F
13:30:02,MYOR,RG,1540,1,D,EP,ZP,F
13:30:02,MYOR,RG,1540,10,D,KK,ZP,F
13:30:02,MYOR,RG,1535,1,D,SQ,DH,D
13:30:02,MYOR,RG,1535,1,D,SQ,ZP,F
13:30:02,MYOR,RG,1535,10,D,AT,ZP,F
13:30:02,MYOR,RG,1535,40,D,AT,ZP,F
13:30:02,MYOR,RG,1535,1,D,PD,ZP,F
13:30:02,MYOR,RG,1535,3,D,XA,ZP,F
13:30:02,MYOR,RG,1535,10,D,AT,ZP,F
13:30:02,MYOR,RG,1535,1,D,YP,ZP,F
13:30:02,MYOR,RG,1535,1,D,PD,ZP,F
13:30:02,MYOR,RG,1535,10,D,CC,ZP,F
13:30:02,MYOR,RG,1535,123,D,KZ,ZP,F
13:30:02,MYOR,RG,1540,1,D,XC,ZP,F
13:30:02,MYOR,RG,1540,1,D,YP,ZP,F
13:30:01,MYOR,RG,1540,1,D,XC,ZP,F
13:30:01,MYOR,RG,1540,15,D,XC,YU,D
13:30:01,MYOR,RG,1540,2,D,YP,YU,D
13:30:01,MYOR,RG,1540,1,D,XC,YU,D
13:30:01,MYOR,RG,1540,2,D,XC,YU,D
13:30:01,MYOR,RG,1540,1,D,XC,YU,D
13:30:01,MYOR,RG,1540,12,D,XC,YU,D
13:30:01,MYOR,RG,1540,4,D,PD,YU,D
13:30:01,MYOR,RG,1540,6,D,PD,YU,D
13:30:01,MYOR,RG,1540,8,D,PD,YU,D
13:30:01,MYOR,RG,1540,2,D,PD,XC,D
13:30:01,MYOR,RG,1540,4,D,PD,DR,D
13:30:01,MYOR,RG,1540,6,D,PD,KZ,D
13:30:01,MYOR,RG,1540,1,D,XC,KZ,D
13:30:01,MYOR,RG,1540,1,D,PD,KZ,D
13:30:01,MYOR,RG,1535,30,D,KZ,HP,D
13:30:01,MYOR,RG,1535,11,D,KZ,CP,D
13:30:01,MYOR,RG,1540,5,D,TF,KZ,D
11:29:59,MYOR,RG,1540,1,D,AK,KZ,D
11:29:59,MYOR,RG,1540,1,D,AK,KZ,D
11:29:59,MYOR,RG,1540,2,D,AK,KZ,D
11:29:59,MYOR,RG,1540,5,D,AK,KZ,D
11:29:59,MYOR,RG,1535,1,F,BK,AK,F
11:29:58,MYOR,RG,1540,4,D,AK,KZ,D
11:29:58,MYOR,RG,1540,3,D,AK,KZ,D
11:29:56,MYOR,RG,1540,10,D,AK,KZ,D
11:29:56,MYOR,RG,1535,4,F,BK,AK,F
11:29:56,MYOR,RG,1535,1,F,BK,AK,F
11:29:56,MYOR,RG,1540,3,D,AK,KZ,D
11:29:56,MYOR,RG,1535,1,F,BK,AK,F
11:29:55,MYOR,RG,1540,4,D,AK,KZ,D
11:29:53,MYOR,RG,1535,38,F,BK,YP,D
11:29:52,MYOR,RG,1540,32,D,AK,KZ,D
11:29:52,MYOR,RG,1540,1,D,AK,KZ,D
11:29:52,MYOR,RG,1540,7,D,AK,KZ,D
11:29:52,MYOR,RG,1540,9,D,AK,KZ,D
11:29:52,MYOR,RG,1540,1,D,AK,KZ,D
11:29:52,MYOR,RG,1540,34,D,AK,KZ,D
11:29:52,MYOR,RG,1540,14,D,AK,ZP,F
11:29:37,MYOR,RG,1540,4,D,AK,ZP,F
11:29:37,MYOR,RG,1540,2,D,AK,ZP,F
11:29:37,MYOR,RG,1540,92,D,AK,ZP,F
11:29:37,MYOR,RG,1540,20,D,AK,ZP,F
11:29:37,MYOR,RG,1540,24,D,AK,ZP,F
11:29:36,MYOR,RG,1535,45,F,BK,AK,F
11:29:36,MYOR,RG,1535,5,F,BK,AK,F
11:29:36,MYOR,RG,1535,16,F,BK,ZP,F
11:29:35,MYOR,RG,1535,50,F,BK,HP,D
11:29:31,MYOR,RG,1535,10,F,BK,ZP,F
11:29:30,MYOR,RG,1540,9,D,AK,ZP,F
11:29:30,MYOR,RG,1540,1,D,AK,DR,D
11:29:30,MYOR,RG,1540,10,D,AK,YP,D
11:29:30,MYOR,RG,1540,5,D,AK,NI,D
11:29:30,MYOR,RG,1540,5,D,AK,EP,D
11:29:30,MYOR,RG,1540,1,D,AK,SQ,D
11:29:29,MYOR,RG,1540,25,D,GR,NI,D
11:29:28,MYOR,RG,1535,10,F,BK,YP,D
11:29:19,MYOR,RG,1535,9,F,BK,ZP,F
11:29:18,MYOR,RG,1535,25,F,BK,AK,F
11:29:18,MYOR,RG,1535,3,F,BK,ZP,F
11:29:18,MYOR,RG,1540,2,D,AK,NI,D
11:29:18,MYOR,RG,1535,6,F,BK,AK,F
11:29:18,MYOR,RG,1535,2,D,AK,AK,F
11:29:16,MYOR,RG,1535,34,D,AK,ZP,F
11:29:15,MYOR,RG,1540,103,D,AK,NI,D
11:29:15,MYOR,RG,1535,10,D,AK,ZP,F
11:29:15,MYOR,RG,1540,27,D,AK,NI,D
11:29:13,MYOR,RG,1535,1,D,AK,DH,D
11:29:13,MYOR,RG,1535,7,D,AK,ZP,F
11:29:12,MYOR,RG,1540,22,D,AK,NI,D
11:29:11,MYOR,RG,1535,1,D,AK,XC,D
11:29:07,MYOR,RG,1535,1,D,AK,ZP,F
11:29:07,MYOR,RG,1535,5,D,XC,ZP,F
11:29:06,MYOR,RG,1535,5,D,XC,AK,F
11:29:06,MYOR,RG,1535,13,D,AK,AK,F
11:28:39,MYOR,RG,1535,86,D,AK,ZP,F
11:28:37,MYOR,RG,1540,221,D,AK,NI,D
11:28:37,MYOR,RG,1540,2,D,AK,YU,D
11:28:37,MYOR,RG,1540,2,D,AK,XC,D
11:28:37,MYOR,RG,1540,15,D,AK,XC,D
11:28:37,MYOR,RG,1540,17,D,AK,ZP,D
11:28:21,MYOR,RG,1535,3,D,AK,ZP,F
11:28:20,MYOR,RG,1535,7,D,AK,XC,D
11:28:20,MYOR,RG,1535,3,F,AK,XC,D
11:27:49,MYOR,RG,1535,2,F,AK,ZP,F
11:27:48,MYOR,RG,1540,3,D,DR,ZP,D
11:27:47,MYOR,RG,1535,1,F,AK,PD,D
11:27:15,MYOR,RG,1535,10,F,AK,ZP,F
11:27:14,MYOR,RG,1535,30,F,AK,YP,D
11:27:10,MYOR,RG,1535,16,F,AK,ZP,F
11:27:09,MYOR,RG,1535,49,F,AK,CC,D
11:27:06,MYOR,RG,1535,22,F,AK,ZP,F
11:27:04,MYOR,RG,1535,65,F,AK,CP,D
11:26:55,MYOR,RG,1535,2,F,AK,ZP,F
11:26:54,MYOR,RG,1535,5,F,AK,DR,D
11:26:45,MYOR,RG,1535,67,F,AK,ZP,F
11:26:45,MYOR,RG,1535,1,F,AK,YP,D
11:26:45,MYOR,RG,1535,1,F,AK,YP,D
11:26:44,MYOR,RG,1535,200,F,AK,CP,D
11:26:39,MYOR,RG,1535,2,F,AK,ZP,F
11:26:38,MYOR,RG,1535,5,F,AK,DR,D
11:26:38,MYOR,RG,1535,1,F,AK,YP,D
11:26:28,MYOR,RG,1535,3,F,AK,ZP,F
11:26:27,MYOR,RG,1535,10,F,AK,YP,D
11:26:27,MYOR,RG,1535,148,F,AK,ZP,F
11:26:26,MYOR,RG,1535,2,F,AK,BK,F
11:26:25,MYOR,RG,1535,6,F,AK,ZP,F
11:26:25,MYOR,RG,1535,2,F,AK,ZP,F
11:26:25,MYOR,RG,1535,144,D,AK,BK,F
11:26:25,MYOR,RG,1535,1,F,AK,BK,F
11:26:25,MYOR,RG,1535,4,F,AK,BK,F
11:26:25,MYOR,RG,1535,40,D,PD,BK,F
11:26:25,MYOR,RG,1535,2,D,PD,BK,F
11:26:25,MYOR,RG,1535,24,D,XC,BK,F
11:26:25,MYOR,RG,1535,1,D,YP,BK,F
11:26:25,MYOR,RG,1535,10,D,PD,BK,F
11:26:25,MYOR,RG,1535,16,D,AK,BK,F
11:26:25,MYOR,RG,1535,200,D,AK,BK,F
11:26:24,MYOR,RG,1535,167,D,AK,ZP,F
11:26:24,MYOR,RG,1535,25,D,AK,KK,D
11:26:22,MYOR,RG,1535,198,D,AK,BK,F
11:26:22,MYOR,RG,1535,87,D,AK,BK,F
11:26:22,MYOR,RG,1535,215,F,AK,BK,F
11:26:12,MYOR,RG,1535,2,F,AK,ZP,F
11:26:11,MYOR,RG,1535,1,F,AK,XC,D
11:26:10,MYOR,RG,1540,1,D,OD,YP,D
11:26:10,MYOR,RG,1540,3,D,OD,LG,D
11:26:10,MYOR,RG,1540,1,D,OD,OD,D
11:25:48,MYOR,RG,1535,2,F,AK,ZP,F
11:25:46,MYOR,RG,1540,5,D,EP,OD,D
11:25:42,MYOR,RG,1535,139,F,AK,ZP,F
11:25:42,MYOR,RG,1535,29,D,AK,ZP,F
11:25:40,MYOR,RG,1535,81,D,AK,AK,F
11:25:40,MYOR,RG,1535,1,D,YP,AK,F
11:25:40,MYOR,RG,1535,10,D,AK,AK,F
11:25:40,MYOR,RG,1535,9,D,AK,AK,F
11:25:40,MYOR,RG,1535,16,D,AK,AK,F
11:25:40,MYOR,RG,1535,383,D,AK,AK,F
11:25:40,MYOR,RG,1535,4,D,AK,BQ,D
11:25:37,MYOR,RG,1535,1,D,AK,ZP,F
11:25:36,MYOR,RG,1540,4,D,PD,OD,D
11:25:36,MYOR,RG,1540,1,D,PD,YP,D
11:25:36,MYOR,RG,1535,48,D,AK,ZP,F
11:25:36,MYOR,RG,1535,747,F,BK,ZP,F
11:25:36,MYOR,RG,1535,28,D,KZ,ZP,F
11:25:35,MYOR,RG,1535,260,D,KZ,SQ,F
11:25:35,MYOR,RG,1535,367,D,AK,SQ,F
11:25:35,MYOR,RG,1535,1804,F,AK,SQ,F
11:25:35,MYOR,RG,1535,36,D,AK,SQ,F
11:25:21,MYOR,RG,1535,5,D,AK,ZP,F
11:25:19,MYOR,RG,1540,9,D,XL,YP,D
11:25:19,MYOR,RG,1540,6,D,XL,KK,D
11:25:19,MYOR,RG,1540,2,D,XL,PD,D
11:24:54,MYOR,RG,1535,2,D,AK,ZP,F
11:24:53,MYOR,RG,1535,6,D,AK,ZP,F
11:24:52,MYOR,RG,1535,96,D,AK,ZP,F
11:24:52,MYOR,RG,1535,122,D,AK,CP,D
11:24:52,MYOR,RG,1535,78,D,AK,CP,D
11:24:52,MYOR,RG,1535,5,D,AK,ZP,F
11:24:52,MYOR,RG,1535,10,D,AK,KK,D
11:24:52,MYOR,RG,1535,60,D,AK,KZ,D
11:24:52,MYOR,RG,1535,1,D,AK,DR,D
11:24:52,MYOR,RG,1535,30,D,AK,KZ,D
11:24:52,MYOR,RG,1535,52,D,AK,ZP,F
11:24:52,MYOR,RG,1535,4,D,AK,NI,D
11:24:52,MYOR,RG,1535,10,D,AK,SQ,D
11:24:52,MYOR,RG,1535,5,D,AK,NI,D
11:24:52,MYOR,RG,1535,1,D,AK,SQ,D
11:24:52,MYOR,RG,1535,1,D,AK,XC,D
11:24:52,MYOR,RG,1535,2,D,AK,YP,D
11:24:52,MYOR,RG,1535,11,D,AK,KK,D
11:24:52,MYOR,RG,1535,1,D,AK,XC,D
11:24:52,MYOR,RG,1535,10,D,AK,XC,D
11:24:52,MYOR,RG,1535,2,D,AK,PD,D
11:24:52,MYOR,RG,1535,4,D,AK,XC,D
11:24:52,MYOR,RG,1535,2,D,AK,PD,D
11:24:52,MYOR,RG,1535,1,D,AK,XC,D
11:24:52,MYOR,RG,1535,100,D,AK,NI,D
11:24:52,MYOR,RG,1535,2,D,AK,YB,D
11:24:24,MYOR,RG,1530,5,F,AK,CC,D
11:24:24,MYOR,RG,1530,10,D,YP,CC,D
11:24:15,MYOR,RG,1530,5,D,XC,ZP,F
11:24:13,MYOR,RG,1530,6,D,KZ,ZP,F
11:24:13,MYOR,RG,1530,2,D,KZ,ZP,F
11:24:13,MYOR,RG,1530,7,D,KZ,ZP,F
11:24:13,MYOR,RG,1530,50,D,KZ,ZP,F
11:24:13,MYOR,RG,1530,138,D,KZ,ZP,F
11:24:13,MYOR,RG,1530,14,D,KZ,YU,D
11:24:13,MYOR,RG,1530,28,D,KZ,YU,D
11:24:13,MYOR,RG,1530,21,D,KZ,YU,D
11:24:13,MYOR,RG,1530,8,D,KZ,ZP,F
11:24:13,MYOR,RG,1530,80,D,KZ,AK,F
11:24:13,MYOR,RG,1530,25,D,KZ,KK,D
11:24:13,MYOR,RG,1530,236,D,KZ,KZ,D
11:24:13,MYOR,RG,1530,7,D,KZ,ZP,F
11:24:13,MYOR,RG,1530,129,D,KZ,KZ,D
11:24:12,MYOR,RG,1530,15,D,CC,KZ,D
11:24:09,MYOR,RG,1525,3,F,AK,ZP,F
11:24:09,MYOR,RG,1525,4,F,AK,ZP,F
11:24:09,MYOR,RG,1525,4,F,AK,ZP,F
11:24:07,MYOR,RG,1530,7,D,AK,KZ,D
11:24:07,MYOR,RG,1530,5,D,AK,DR,D
11:24:07,MYOR,RG,1530,6,D,AK,ZP,F
11:24:07,MYOR,RG,1530,1,D,AK,YP,D
11:24:07,MYOR,RG,1530,28,D,AK,AK,F
11:24:07,MYOR,RG,1530,13,D,AK,YU,D
11:24:07,MYOR,RG,1530,6,D,AK,ZP,F
11:24:07,MYOR,RG,1530,3,D,AK,CC,D
11:24:07,MYOR,RG,1530,90,D,AK,ZP,F
11:24:07,MYOR,RG,1530,5,D,AK,YP,D
11:24:07,MYOR,RG,1530,1,D,AK,YP,D
11:24:07,MYOR,RG,1530,10,D,AK,NI,D
11:24:07,MYOR,RG,1530,1,D,AK,SQ,D
11:24:07,MYOR,RG,1530,1,D,AK,SQ,D
11:24:07,MYOR,RG,1530,3,D,AK,YP,D
11:24:07,MYOR,RG,1530,2,D,AK,YP,D
11:24:07,MYOR,RG,1530,2,D,AK,YP,D
11:24:07,MYOR,RG,1530,1,D,AK,CP,D
11:24:07,MYOR,RG,1530,1,D,AK,LG,D
11:24:07,MYOR,RG,1530,25,D,AK,ZP,D
11:24:07,MYOR,RG,1530,182,D,AK,DR,D
11:23:31,MYOR,RG,1525,17,D,AK,ZP,F
11:23:31,MYOR,RG,1525,50,D,AK,CC,D
11:23:24,MYOR,RG,1525,1,D,AK,ZP,F
11:23:23,MYOR,RG,1525,1,D,AK,NI,D
11:23:22,MYOR,RG,1525,9,D,AK,ZP,F
11:23:22,MYOR,RG,1530,1,D,PD,DR,D
11:23:21,MYOR,RG,1530,17,D,EP,DR,D
11:23:21,MYOR,RG,1530,2,D,EP,PD,D
11:23:21,MYOR,RG,1530,6,D,EP,YB,D
11:23:21,MYOR,RG,1530,10,D,EP,CC,D
11:22:53,MYOR,RG,1525,10,D,AK,NI,D
11:22:53,MYOR,RG,1525,6,D,AK,ZP,F
11:22:53,MYOR,RG,1525,11,D,AK,KZ,D
11:22:53,MYOR,RG,1525,7,D,AK,KZ,D
11:22:53,MYOR,RG,1525,22,D,AK,ZP,F
11:22:53,MYOR,RG,1525,1,D,AK,SQ,D
11:22:53,MYOR,RG,1525,5,D,AK,YU,D
11:22:53,MYOR,RG,1525,2,D,AK,PD,D
11:22:53,MYOR,RG,1525,4,D,AK,XC,D
11:22:53,MYOR,RG,1525,3,D,AK,AT,D
11:22:53,MYOR,RG,1525,1,D,AK,XC,D
11:22:53,MYOR,RG,1525,30,D,AK,PD,D
11:22:53,MYOR,RG,1525,1,D,AK,PD,D
11:22:53,MYOR,RG,1525,2,D,AK,AK,F
11:22:52,MYOR,RG,1520,2,D,AK,ZP,F
11:22:52,MYOR,RG,1520,5,D,AK,ZP,F
11:22:52,MYOR,RG,1520,5,D,AK,ZP,F
11:22:52,MYOR,RG,1520,6,D,AK,ZP,F
11:22:52,MYOR,RG,1520,4,D,AK,ZP,F
11:22:52,MYOR,RG,1520,5,D,AK,ZP,F
11:22:52,MYOR,RG,1520,1,D,AK,DR,D
11:22:52,MYOR,RG,1520,2,D,AK,PD,D
11:22:52,MYOR,RG,1520,5,D,AK,PD,D
11:22:52,MYOR,RG,1520,50,D,AK,PD,D
11:22:52,MYOR,RG,1520,12,D,AK,KZ,D
11:22:52,MYOR,RG,1520,9,D,AK,KZ,D
11:22:52,MYOR,RG,1520,53,D,AK,ZP,F
11:22:52,MYOR,RG,1520,53,D,AK,KZ,D
11:22:52,MYOR,RG,1520,8,D,AK,KZ,D
11:22:31,MYOR,RG,1515,17,F,AK,ZP,F
11:22:31,MYOR,RG,1515,21,F,AK,YU,D
11:22:31,MYOR,RG,1515,14,F,AK,YU,D
11:22:31,MYOR,RG,1515,15,F,AK,YU,D
11:22:28,MYOR,RG,1515,16,F,AK,ZP,F
11:22:27,MYOR,RG,1520,25,D,KK,KZ,D
11:22:27,MYOR,RG,1520,1,D,KK,SQ,D
11:22:27,MYOR,RG,1520,10,D,KK,XC,D
11:22:27,MYOR,RG,1520,14,D,KK,KZ,D
11:22:25,MYOR,RG,1515,4,F,AK,ZP,F
11:22:25,MYOR,RG,1520,10,D,LS,KZ,D
11:22:24,MYOR,RG,1520,1,D,XC,KZ,D
11:22:19,MYOR,RG,1515,1,F,AK,ZP,F
11:22:19,MYOR,RG,1520,2,D,XC,KZ,D
11:22:13,MYOR,RG,1515,91,F,AK,ZP,F
11:22:13,MYOR,RG,1515,4,F,AK,ZP,F
11:22:11,MYOR,RG,1520,63,D,KZ,KZ,D
11:22:11,MYOR,RG,1520,58,D,KZ,KZ,D
11:22:11,MYOR,RG,1520,30,D,KZ,NI,D
11:22:11,MYOR,RG,1520,5,D,KZ,YU,D
11:22:11,MYOR,RG,1520,1,D,KZ,EP,D
11:22:11,MYOR,RG,1520,55,D,KZ,NI,D
11:22:11,MYOR,RG,1520,15,D,KZ,PD,D
11:22:11,MYOR,RG,1520,1,D,KZ,XC,D
11:22:11,MYOR,RG,1520,6,D,KZ,PD,D
11:22:11,MYOR,RG,1520,12,D,KZ,YP,D
11:22:11,MYOR,RG,1520,1,D,KZ,PD,D
11:22:11,MYOR,RG,1520,39,D,KZ,AK,F
11:22:07,MYOR,RG,1515,2,D,KZ,ZP,F
11:22:07,MYOR,RG,1520,1,D,XC,AK,F
11:22:06,MYOR,RG,1515,1,D,KZ,ZP,F
11:22:05,MYOR,RG,1515,5,D,KZ,YB,D
11:22:05,MYOR,RG,1515,1,D,KZ,YP,D
11:21:38,MYOR,RG,1520,1,D,YP,AK,F
11:21:19,MYOR,RG,1515,1,D,KZ,YP,D
11:21:13,MYOR,RG,1515,2,D,KZ,ZP,F
11:21:13,MYOR,RG,1515,1,D,KZ,XC,D
11:21:13,MYOR,RG,1520,500,F,AK,AK,F
11:21:11,MYOR,RG,1515,25,F,AK,ZP,F
11:21:11,MYOR,RG,1515,131,F,AK,AK,F
11:21:11,MYOR,RG,1515,163,F,AK,SQ,D
11:21:11,MYOR,RG,1515,6,F,AK,ZP,F
11:21:10,MYOR,RG,1515,125,F,AK,ZP,F
11:21:10,MYOR,RG,1515,20,F,AK,LS,D
11:21:10,MYOR,RG,1515,25,F,AK,KK,D
11:21:10,MYOR,RG,1515,330,F,AK,ZP,F
11:21:10,MYOR,RG,1510,20,D,AK,ZP,F
11:21:10,MYOR,RG,1510,33,D,AK,ZP,F
11:21:10,MYOR,RG,1510,416,D,AK,ZP,F
11:21:10,MYOR,RG,1515,4,D,AK,ZP,F
11:21:10,MYOR,RG,1515,148,D,AK,AK,F
11:21:10,MYOR,RG,1515,5,D,AK,KK,D
11:21:10,MYOR,RG,1515,13,D,AK,ZP,D
11:21:10,MYOR,RG,1515,3,D,AK,CC,D
11:21:10,MYOR,RG,1515,73,D,AK,KZ,D
11:21:10,MYOR,RG,1515,274,F,AK,KZ,D
11:21:10,MYOR,RG,1515,216,F,AK,KZ,D
11:21:10,MYOR,RG,1515,10,F,AK,AK,F
11:21:09,MYOR,RG,1515,169,D,AK,AK,F
11:21:09,MYOR,RG,1515,9,D,AK,AK,F
11:21:09,MYOR,RG,1515,148,F,AK,AK,F
11:21:09,MYOR,RG,1515,5,F,AK,YP,D
11:21:09,MYOR,RG,1515,5,F,AK,ZP,F
11:21:09,MYOR,RG,1515,181,F,AK,AK,F
11:21:09,MYOR,RG,1515,5,F,AK,ZP,F
11:21:09,MYOR,RG,1515,6,F,AK,ZP,F
11:21:09,MYOR,RG,1515,150,F,AK,KZ,D
11:21:07,MYOR,RG,1515,330,D,AK,KZ,D
11:21:07,MYOR,RG,1515,30,D,AK,KZ,D
11:20:26,MYOR,RG,1515,1,D,XC,KZ,D
11:20:09,MYOR,RG,1515,1,D,AK,KZ,D
11:20:08,MYOR,RG,1515,1,D,XC,KZ,D
11:20:01,MYOR,RG,1515,31,D,AK,KZ,D
11:20:01,MYOR,RG,1515,5,D,AK,ZP,F
11:20:01,MYOR,RG,1515,44,D,AK,KZ,D
11:19:59,MYOR,RG,1510,53,D,AK,KZ,D
11:19:59,MYOR,RG,1510,1,D,YP,KZ,D
11:19:59,MYOR,RG,1510,3,D,KK,KZ,D
11:19:59,MYOR,RG,1510,2,D,XL,KZ,D
11:19:59,MYOR,RG,1510,150,D,SQ,KZ,D
11:19:59,MYOR,RG,1510,1,D,PD,KZ,D
11:19:59,MYOR,RG,1510,5,D,PD,KZ,D
11:19:59,MYOR,RG,1510,109,D,KZ,KZ,D
11:19:46,MYOR,RG,1515,103,D,AK,KZ,D
11:19:44,MYOR,RG,1510,166,D,KZ,KZ,D
11:19:44,MYOR,RG,1510,42,F,AK,KZ,D
11:19:41,MYOR,RG,1515,1,D,AK,KZ,D
11:19:40,MYOR,RG,1515,2,D,YP,KZ,D
11:19:34,MYOR,RG,1515,5,D,AK,KZ,D
11:19:32,MYOR,RG,1515,10,D,NI,KZ,D
11:19:26,MYOR,RG,1515,1,D,YP,KZ,D
11:19:20,MYOR,RG,1515,10,D,AK,KZ,D
11:19:18,MYOR,RG,1515,20,D,PD,KZ,D
11:19:00,MYOR,RG,1515,2,D,AK,KZ,D
11:18:58,MYOR,RG,1515,5,D,DH,KZ,D
11:18:37,MYOR,RG,1515,6,D,AK,KZ,D
11:18:25,MYOR,RG,1515,1,D,XL,KZ,D
11:18:15,MYOR,RG,1515,10,D,CC,KZ,D
11:17:43,MYOR,RG,1515,1,D,PD,KZ,D
11:17:34,MYOR,RG,1515,129,D,AK,KZ,D
11:17:34,MYOR,RG,1515,1,D,AK,PD,D
11:17:34,MYOR,RG,1515,10,D,AK,DR,D
11:17:34,MYOR,RG,1515,1,D,AK,SQ,D
11:17:34,MYOR,RG,1515,26,D,AK,ZP,F
11:17:33,MYOR,RG,1515,7,D,PD,ZP,F
11:17:26,MYOR,RG,1515,322,D,KZ,ZP,F
11:17:22,MYOR,RG,1515,10,D,XL,ZP,F
11:17:22,MYOR,RG,1515,56,D,AK,ZP,F
11:17:06,MYOR,RG,1515,10,D,HP,ZP,F
11:17:03,MYOR,RG,1510,7,F,AK,ZP,F
11:17:01,MYOR,RG,1510,21,F,AK,CC,D
11:17:00,MYOR,RG,1510,45,F,AK,ZP,F
11:17:00,MYOR,RG,1510,30,F,BK,ZP,F
11:16:59,MYOR,RG,1515,29,D,AK,ZP,F
11:16:59,MYOR,RG,1515,56,D,AK,PD,D
11:16:58,MYOR,RG,1515,255,D,AK,PD,D
11:16:58,MYOR,RG,1510,171,F,BK,ZP,F
11:16:58,MYOR,RG,1510,1,F,BK,XC,D
11:16:57,MYOR,RG,1515,13,D,AK,PD,D
11:16:57,MYOR,RG,1515,76,F,AK,PD,D
11:16:57,MYOR,RG,1515,424,F,AK,OD,D
11:16:57,MYOR,RG,1510,18,F,BK,ZP,F
11:16:56,MYOR,RG,1515,26,D,XC,OD,D
11:16:55,MYOR,RG,1515,27,D,AK,OD,D
11:16:54,MYOR,RG,1510,56,F,BK,ZP,F
11:16:53,MYOR,RG,1515,55,D,AK,OD,D
11:16:52,MYOR,RG,1515,112,D,AK,OD,D
11:16:43,MYOR,RG,1515,1,D,AK,OD,D
11:16:42,MYOR,RG,1510,2,F,BK,ZP,F
11:16:41,MYOR,RG,1515,2,D,AK,OD,D
11:16:40,MYOR,RG,1515,3,D,PD,OD,D
11:16:36,MYOR,RG,1510,1,F,BK,ZP,F
11:16:34,MYOR,RG,1515,3,D,AK,OD,D
11:16:33,MYOR,RG,1510,5,F,BK,ZP,F
11:16:32,MYOR,RG,1515,5,D,AK,OD,D
11:16:31,MYOR,RG,1515,10,D,NI,OD,D
11:16:21,MYOR,RG,1515,1,D,AK,OD,D
11:16:21,MYOR,RG,1510,1,F,BK,ZP,F
11:16:20,MYOR,RG,1515,1,D,XC,OD,D
11:16:04,MYOR,RG,1515,2,D,AK,OD,D
11:16:03,MYOR,RG,1510,4,F,BK,ZP,F
11:16:01,MYOR,RG,1515,12,D,AK,OD,D
11:16:00,MYOR,RG,1510,25,F,BK,ZP,F
11:15:59,MYOR,RG,1515,25,D,AK,OD,D
11:15:58,MYOR,RG,1510,38,F,BK,PD,D
11:15:58,MYOR,RG,1510,12,F,AK,PD,D
11:15:57,MYOR,RG,1510,1,F,AK,ZP,F
11:15:56,MYOR,RG,1515,1,D,AK,OD,D
11:15:55,MYOR,RG,1510,2,F,AK,ZP,F
11:15:55,MYOR,RG,1515,3,D,AK,OD,D
11:15:54,MYOR,RG,1515,6,D,AK,OD,D
11:15:54,MYOR,RG,1510,5,F,AK,ZP,F
11:15:53,MYOR,RG,1515,13,D,CC,OD,D
11:15:42,MYOR,RG,1510,1,F,AK,ZP,F
11:15:41,MYOR,RG,1515,1,D,AK,OD,D
11:15:40,MYOR,RG,1510,1,F,AK,XL,D
11:15:37,MYOR,RG,1515,3,D,AK,OD,D
11:15:36,MYOR,RG,1510,6,F,AK,ZP,F
11:15:35,MYOR,RG,1515,4,D,AK,OD,D
11:15:34,MYOR,RG,1510,9,F,AK,ZP,F
11:15:34,MYOR,RG,1515,13,D,AK,OD,D
11:15:33,MYOR,RG,1515,10,D,AK,OD,D
11:15:33,MYOR,RG,1515,10,D,AK,OD,D
11:15:33,MYOR,RG,1515,7,D,AK,OD,D
11:15:33,MYOR,RG,1510,5,F,AK,ZP,F
11:15:32,MYOR,RG,1515,15,D,HP,OD,D
11:15:19,MYOR,RG,1515,1,D,AK,OD,D
11:15:18,MYOR,RG,1510,2,F,AK,ZP,F
11:15:17,MYOR,RG,1515,1,D,AK,OD,D
11:15:16,MYOR,RG,1510,3,F,AK,XC,D
11:14:02,MYOR,RG,1515,1,D,EP,OD,D
11:14:01,MYOR,RG,1510,50,F,AK,ZP,F
11:14:00,MYOR,RG,1515,150,D,SQ,OD,D
11:13:52,MYOR,RG,1510,1,F,AK,ZP,F
11:13:51,MYOR,RG,1515,2,D,NI,OD,D
11:13:15,MYOR,RG,1510,2,F,AK,PD,D
11:12:42,MYOR,RG,1510,3,F,AK,ZP,F
11:12:41,MYOR,RG,1515,7,D,EP,OD,D
11:12:21,MYOR,RG,1510,3,F,AK,ZP,F
11:12:19,MYOR,RG,1515,10,D,YP,OD,D
11:12:13,MYOR,RG,1510,7,F,AK,ZP,F
11:12:11,MYOR,RG,1510,20,F,AK,NI,D
11:11:11,MYOR,RG,1510,15,D,KZ,ZP,F
11:11:11,MYOR,RG,1510,7,D,KZ,ZP,F
11:11:11,MYOR,RG,1510,5,D,KZ,KK,D
11:11:11,MYOR,RG,1510,6,D,KZ,ZP,F
11:11:11,MYOR,RG,1510,20,D,KZ,CC,D
11:11:11,MYOR,RG,1510,6,D,KZ,ZP,F
11:11:11,MYOR,RG,1510,1,D,KZ,PD,D
11:11:11,MYOR,RG,1510,5,D,KZ,XC,D
11:11:11,MYOR,RG,1510,1,D,KZ,SQ,D
11:11:11,MYOR,RG,1510,25,D,KZ,KZ,D
11:11:11,MYOR,RG,1510,5,D,KZ,KZ,D
11:11:11,MYOR,RG,1510,12,D,KZ,KZ,D
11:11:11,MYOR,RG,1510,6,D,KZ,KZ,D
11:11:11,MYOR,RG,1510,13,D,KZ,ZP,F
11:11:05,MYOR,RG,1510,5,D,LG,ZP,F
11:10:31,MYOR,RG,1505,66,D,KZ,ZP,F
11:10:31,MYOR,RG,1505,5,D,KZ,ZP,F
11:10:31,MYOR,RG,1505,193,D,KZ,AK,F
11:10:28,MYOR,RG,1505,253,D,KZ,ZP,F
11:10:28,MYOR,RG,1505,223,D,KZ,AK,F
11:10:28,MYOR,RG,1505,26,D,KZ,ZP,F
11:10:28,MYOR,RG,1505,1,D,KZ,PD,D
11:10:28,MYOR,RG,1505,17,D,KZ,ZP,F
11:10:28,MYOR,RG,1505,1,D,KZ,SQ,D
11:10:28,MYOR,RG,1505,181,D,KZ,AK,F
11:10:28,MYOR,RG,1505,200,D,KZ,AK,F
11:10:28,MYOR,RG,1505,147,D,KZ,ZP,F
11:10:28,MYOR,RG,1505,110,D,KZ,ZP,F
11:10:28,MYOR,RG,1505,387,D,KZ,KZ,D
11:10:28,MYOR,RG,1505,54,D,KZ,KZ,D
11:09:40,MYOR,RG,1500,1,D,ZP,XC,D
11:08:43,MYOR,RG,1500,8,D,ZP,ZP,F
11:08:42,MYOR,RG,1500,23,D,ZP,PD,D
11:07:45,MYOR,RG,1500,43,D,ZP,ZP,F
11:07:45,MYOR,RG,1500,5,D,XC,ZP,F
11:07:45,MYOR,RG,1500,10,D,PD,ZP,F
11:07:45,MYOR,RG,1500,2,D,PD,ZP,F
11:07:44,MYOR,RG,1505,1,F,AK,KZ,D
11:07:44,MYOR,RG,1505,1,D,PD,KZ,D
11:07:44,MYOR,RG,1505,34,F,AK,KZ,D
11:07:44,MYOR,RG,1505,1,D,PD,KZ,D
11:07:44,MYOR,RG,1505,2,D,YP,KZ,D
11:07:44,MYOR,RG,1505,10,D,BQ,KZ,D
11:07:44,MYOR,RG,1505,10,D,KZ,KZ,D
11:07:44,MYOR,RG,1505,33,D,YP,KZ,D
11:07:44,MYOR,RG,1505,5,D,PD,KZ,D
11:07:44,MYOR,RG,1505,1,D,GR,KZ,D
11:07:44,MYOR,RG,1505,67,D,EP,KZ,D
11:07:44,MYOR,RG,1505,1,D,PC,KZ,D
11:07:44,MYOR,RG,1505,3,F,AK,KZ,D
11:07:44,MYOR,RG,1505,10,D,YP,KZ,D
11:07:44,MYOR,RG,1505,1,D,YP,KZ,D
11:07:36,MYOR,RG,1505,1,D,DX,ZP,F
11:07:34,MYOR,RG,1510,1,D,XC,KZ,D
11:07:34,MYOR,RG,1510,1,D,PD,KZ,D
11:07:34,MYOR,RG,1510,2,D,XC,KZ,D
11:07:33,MYOR,RG,1510,2,F,AK,ZP,F
11:07:32,MYOR,RG,1510,4,F,AK,DR,D
11:07:32,MYOR,RG,1510,1,D,GR,DR,D
11:07:21,MYOR,RG,1510,1,D,GR,ZP,F
11:07:20,MYOR,RG,1510,4,D,GR,DR,D
11:07:20,MYOR,RG,1510,1,D,PD,DR,D
11:07:16,MYOR,RG,1510,2,D,YP,ZP,F
11:07:16,MYOR,RG,1510,1,D,NI,ZP,F
11:07:16,MYOR,RG,1510,1,D,XC,ZP,F
11:07:16,MYOR,RG,1510,37,F,AK,ZP,F
11:07:16,MYOR,RG,1510,1,D,XC,ZP,F
11:07:16,MYOR,RG,1510,25,D,YP,ZP,F
11:07:15,MYOR,RG,1510,25,D,YP,AI,D
11:07:15,MYOR,RG,1510,175,F,AK,AI,D
11:06:54,MYOR,RG,1510,1,F,AK,ZP,F
11:06:52,MYOR,RG,1510,3,F,AK,XC,D
11:06:45,MYOR,RG,1510,17,F,AK,ZP,F
11:06:44,MYOR,RG,1515,70,D,CP,OD,D
11:06:44,MYOR,RG,1515,1,D,CP,NI,D
11:06:44,MYOR,RG,1515,12,D,CP,ZP,F
11:06:44,MYOR,RG,1515,16,D,CP,CC,D
11:06:36,MYOR,RG,1510,1,F,AK,ZP,F
11:06:35,MYOR,RG,1510,2,F,AK,PD,D
11:06:25,MYOR,RG,1510,3,F,AK,ZP,F
11:06:24,MYOR,RG,1515,9,D,XL,CC,D
11:06:24,MYOR,RG,1515,1,D,XL,PD,D
11:06:03,MYOR,RG,1510,3,F,AK,ZP,F
11:06:02,MYOR,RG,1510,10,F,AK,DR,D
11:05:55,MYOR,RG,1510,4,F,AK,ZP,F
11:05:54,MYOR,RG,1510,9,F,AK,PD,D
11:05:54,MYOR,RG,1510,1,F,AK,PD,D
11:05:30,MYOR,RG,1510,3,F,AK,ZP,F
11:05:30,MYOR,RG,1510,77,F,AK,ZP,F
11:05:30,MYOR,RG,1510,4,F,AK,ZP,F
11:05:29,MYOR,RG,1510,117,F,AK,AK,F
11:05:29,MYOR,RG,1510,137,F,BK,AK,F
11:05:28,MYOR,RG,1510,115,F,BK,ZP,F
11:05:27,MYOR,RG,1510,159,F,BK,AK,F
11:05:27,MYOR,RG,1510,185,F,AK,AK,F
11:05:27,MYOR,RG,1510,155,F,AK,ZP,F
11:05:26,MYOR,RG,1510,4,F,AK,AK,F
11:05:25,MYOR,RG,1510,194,F,AK,AK,F
11:05:24,MYOR,RG,1510,62,F,AK,KZ,D
11:05:24,MYOR,RG,1510,5,D,PD,KZ,D
11:05:24,MYOR,RG,1510,10,D,KK,KZ,D
11:05:24,MYOR,RG,1510,1,D,NI,KZ,D
11:05:24,MYOR,RG,1510,1,D,YP,KZ,D
11:05:24,MYOR,RG,1510,1,D,XC,KZ,D
11:05:24,MYOR,RG,1510,10,D,XC,KZ,D
11:05:24,MYOR,RG,1510,178,D,KZ,KZ,D
11:05:21,MYOR,RG,1510,58,D,KZ,ZP,F
11:05:19,MYOR,RG,1510,172,D,KZ,KZ,D
11:05:09,MYOR,RG,1510,12,D,KZ,ZP,F
11:05:09,MYOR,RG,1510,1,D,CC,ZP,F
11:05:09,MYOR,RG,1510,80,D,KZ,ZP,F
11:05:09,MYOR,RG,1510,4,D,XC,ZP,F
11:05:09,MYOR,RG,1510,236,F,BK,ZP,F
11:05:08,MYOR,RG,1510,88,F,BK,AK,F
11:05:08,MYOR,RG,1510,20,D,PD,AK,F
11:05:08,MYOR,RG,1510,18,D,KZ,AK,F
11:05:08,MYOR,RG,1510,2,D,KZ,AK,F
11:05:08,MYOR,RG,1510,1,D,YP,AK,F
11:05:08,MYOR,RG,1510,32,F,AK,AK,F
11:05:08,MYOR,RG,1510,339,F,AK,AK,F
11:05:07,MYOR,RG,1510,167,F,AK,ZP,F
11:05:07,MYOR,RG,1510,500,F,AK,AK,F
11:05:06,MYOR,RG,1510,500,F,AK,AK,F
11:05:06,MYOR,RG,1510,1,F,AK,ZP,F
11:05:05,MYOR,RG,1510,3,F,AK,PD,D
11:04:42,MYOR,RG,1510,5,F,AK,ZP,F
11:04:41,MYOR,RG,1510,15,F,AK,PD,D
11:04:29,MYOR,RG,1510,1,F,AK,CC,D
11:04:24,MYOR,RG,1510,17,F,AK,ZP,F
11:04:23,MYOR,RG,1510,50,F,AK,HP,D
11:04:01,MYOR,RG,1510,3,F,AK,ZP,F
11:04:00,MYOR,RG,1515,10,D,XL,YU,D
11:03:07,MYOR,RG,1510,11,F,AK,ZP,F
11:03:06,MYOR,RG,1510,16,F,AK,CC,D
11:03:06,MYOR,RG,1510,3,F,AK,CC,D
11:03:06,MYOR,RG,1510,3,F,AK,CC,D
11:03:06,MYOR,RG,1510,10,D,CP,CC,D
11:02:54,MYOR,RG,1510,7,D,KZ,ZP,F
11:02:54,MYOR,RG,1510,20,D,KZ,ZP,D
11:02:54,MYOR,RG,1510,2,D,KZ,XL,D
11:02:54,MYOR,RG,1510,4,D,KZ,ZP,F
11:02:54,MYOR,RG,1510,3,D,KZ,ZP,F
11:02:50,MYOR,RG,1510,3,D,PD,ZP,F
11:02:50,MYOR,RG,1510,1,D,PD,ZP,F
11:02:40,MYOR,RG,1510,5,D,PD,ZP,F
11:02:40,MYOR,RG,1510,1,D,PD,CC,D
11:02:40,MYOR,RG,1510,6,D,PD,ZP,F
11:02:40,MYOR,RG,1510,3,D,PD,ZP,F
11:02:17,MYOR,RG,1510,5,D,DR,ZP,F
11:01:58,MYOR,RG,1505,17,D,KZ,ZP,F
11:01:56,MYOR,RG,1510,2,D,KZ,ZP,F
11:01:56,MYOR,RG,1510,20,D,KZ,ZP,D
11:01:56,MYOR,RG,1510,6,D,KZ,ZP,F
11:01:56,MYOR,RG,1510,33,D,KZ,YU,F
11:01:55,MYOR,RG,1505,2,D,KZ,ZP,F
11:01:55,MYOR,RG,1510,1,D,YP,YU,F
11:01:54,MYOR,RG,1510,10,D,PD,YU,F
11:01:50,MYOR,RG,1510,4,D,SQ,YU,F
11:01:50,MYOR,RG,1510,10,D,SQ,ZP,F
11:01:50,MYOR,RG,1510,1,D,SQ,EP,D
11:01:50,MYOR,RG,1510,1,D,SQ,XL,D
11:01:50,MYOR,RG,1510,5,D,SQ,PD,D
11:01:50,MYOR,RG,1510,7,D,SQ,KZ,D
11:01:50,MYOR,RG,1510,6,D,SQ,KZ,D
11:01:28,MYOR,RG,1505,1,D,KZ,ZP,F
11:01:28,MYOR,RG,1510,1,D,DH,KZ,D
11:01:24,MYOR,RG,1505,2,D,KZ,ZP,F
11:01:23,MYOR,RG,1510,1,D,XC,KZ,D
11:01:22,MYOR,RG,1510,1,D,XC,KZ,D
11:01:22,MYOR,RG,1510,1,D,XC,XC,D
11:01:22,MYOR,RG,1510,3,D,XC,PD,D
11:01:02,MYOR,RG,1510,1,D,PD,PD,D
11:00:48,MYOR,RG,1505,7,D,KZ,ZP,F
11:00:48,MYOR,RG,1505,3,F,AK,ZP,F
11:00:48,MYOR,RG,1505,9,D,PD,ZP,F
11:00:46,MYOR,RG,1505,57,D,PD,CC,D
11:00:31,MYOR,RG,1505,7,D,PD,ZP,F
11:00:31,MYOR,RG,1505,20,D,PD,ZP,D
11:00:25,MYOR,RG,1510,1,D,YP,PD,D
11:00:25,MYOR,RG,1510,1,D,YP,PD,D
11:00:00,MYOR,RG,1505,2,D,PD,ZP,F
11:00:00,MYOR,RG,1505,5,D,PD,ZP,F
10:59:59,MYOR,RG,1500,23,F,BK,ZP,F
10:59:59,MYOR,RG,1500,5,D,CC,ZP,F
10:59:59,MYOR,RG,1500,2,D,YP,ZP,F
10:59:59,MYOR,RG,1500,49,F,AK,ZP,F
10:59:58,MYOR,RG,1505,175,D,YP,ZP,F
10:59:58,MYOR,RG,1505,154,D,YP,AK,F
10:59:58,MYOR,RG,1505,13,D,YP,ZP,F
10:59:58,MYOR,RG,1505,323,D,YP,KZ,D
10:59:58,MYOR,RG,1505,194,D,YP,KZ,D
10:59:58,MYOR,RG,1505,4,D,YP,ZP,F
10:59:58,MYOR,RG,1505,5,D,YP,ZP,F
10:59:58,MYOR,RG,1505,5,D,YP,ZP,F
10:59:58,MYOR,RG,1505,3,D,YP,ZP,F
10:59:58,MYOR,RG,1505,1,D,YP,YP,D
10:59:58,MYOR,RG,1505,20,D,YP,PD,D
10:59:58,MYOR,RG,1505,4,D,YP,PD,D
10:59:58,MYOR,RG,1505,44,D,YP,KZ,D
10:59:58,MYOR,RG,1505,75,D,YP,KZ,D
10:59:58,MYOR,RG,1505,56,D,YP,ZP,F
10:59:58,MYOR,RG,1505,1,D,YP,PD,D
10:59:58,MYOR,RG,1505,19,D,YP,KZ,D
10:59:58,MYOR,RG,1505,76,D,YP,KZ,D
10:59:58,MYOR,RG,1505,17,D,YP,KZ,D
10:59:58,MYOR,RG,1505,44,D,YP,KZ,D
10:59:58,MYOR,RG,1505,20,D,YP,ZP,D
10:59:58,MYOR,RG,1505,3,D,YP,KK,D
10:59:58,MYOR,RG,1505,30,D,YP,PD,D
10:59:58,MYOR,RG,1505,2,D,YP,YP,D
10:59:58,MYOR,RG,1505,3,D,YP,PD,D
10:59:58,MYOR,RG,1505,200,D,YP,SQ,D
10:59:58,MYOR,RG,1505,9,D,YP,PD,D
10:59:15,MYOR,RG,1505,5,D,NI,PD,D
10:59:00,MYOR,RG,1500,40,F,AK,XC,D
10:59:00,MYOR,RG,1500,3,F,AK,XC,D
10:59:00,MYOR,RG,1500,8,D,KK,XC,D
10:58:54,MYOR,RG,1500,2,D,KK,YP,D
10:58:06,MYOR,RG,1500,1,D,SQ,ZP,F
10:58:06,MYOR,RG,1500,1,D,SQ,YP,D
10:58:04,MYOR,RG,1500,5,D,ZP,ZP,F
10:58:04,MYOR,RG,1500,1,D,ZP,EP,D
10:58:04,MYOR,RG,1500,17,D,ZP,XC,D
10:58:04,MYOR,RG,1500,20,D,ZP,ZP,D
10:58:04,MYOR,RG,1500,5,D,ZP,XL,D
10:58:04,MYOR,RG,1500,1,D,ZP,PD,D
10:58:04,MYOR,RG,1500,1,D,ZP,XC,D
10:58:04,MYOR,RG,1500,3,D,ZP,PD,D
10:58:04,MYOR,RG,1500,1,D,ZP,XC,D
10:58:04,MYOR,RG,1500,5,D,ZP,PD,D
10:58:04,MYOR,RG,1500,1,D,ZP,NI,D
10:58:04,MYOR,RG,1500,2,D,ZP,XC,D
10:58:04,MYOR,RG,1500,38,D,ZP,CC,D
10:57:54,MYOR,RG,1500,2,D,CC,CC,D
10:57:40,MYOR,RG,1490,125,D,YP,ZP,F
10:57:40,MYOR,RG,1495,198,F,AK,ZP,F
10:57:40,MYOR,RG,1495,293,F,AK,AK,F
10:57:39,MYOR,RG,1495,278,F,AK,AK,F
10:57:39,MYOR,RG,1495,182,F,AK,AK,F
10:57:39,MYOR,RG,1495,40,F,AK,AK,F
10:57:39,MYOR,RG,1490,103,D,YP,ZP,F
10:57:39,MYOR,RG,1495,138,F,AK,AK,F
10:57:39,MYOR,RG,1495,1,F,AK,DR,D
10:57:39,MYOR,RG,1495,74,F,AK,ZP,F
10:57:39,MYOR,RG,1495,287,F,AK,YU,F
10:57:38,MYOR,RG,1495,281,F,AK,YU,F
10:57:38,MYOR,RG,1495,1,F,AK,PD,D
10:57:38,MYOR,RG,1495,218,F,AK,ZP,F
10:57:37,MYOR,RG,1490,76,D,YP,ZP,F
10:57:37,MYOR,RG,1495,500,F,AK,ZP,F
10:57:36,MYOR,RG,1495,34,D,OD,ZP,F
10:57:36,MYOR,RG,1495,181,D,OD,KZ,D
10:57:36,MYOR,RG,1495,113,D,OD,KZ,D
10:57:36,MYOR,RG,1495,250,D,OD,YP,D
10:57:36,MYOR,RG,1495,30,D,OD,SQ,D
10:57:36,MYOR,RG,1495,473,D,OD,YU,F
10:57:36,MYOR,RG,1495,804,D,OD,YU,F
10:57:36,MYOR,RG,1495,20,D,OD,ZP,F
10:57:36,MYOR,RG,1495,54,D,OD,XC,D
10:57:36,MYOR,RG,1495,1,D,OD,PD,D
10:57:36,MYOR,RG,1495,34,D,OD,ZP,F
10:57:36,MYOR,RG,1495,79,D,OD,CC,D
10:57:36,MYOR,RG,1495,126,D,OD,AK,F
10:57:36,MYOR,RG,1495,20,D,OD,NI,D
10:57:36,MYOR,RG,1495,32,D,OD,ZP,F
10:57:36,MYOR,RG,1495,60,D,OD,XC,D
10:57:36,MYOR,RG,1495,171,D,OD,AK,F
10:57:36,MYOR,RG,1495,154,D,OD,AK,F
10:57:36,MYOR,RG,1495,143,D,OD,AK,F
10:57:36,MYOR,RG,1495,475,D,OD,YU,F
10:57:36,MYOR,RG,1495,74,D,OD,ZP,F
10:57:36,MYOR,RG,1495,17,D,OD,ZP,F
10:57:33,MYOR,RG,1490,8,D,YP,ZP,F
10:57:33,MYOR,RG,1490,32,D,YP,PD,D
10:57:00,MYOR,RG,1490,1,D,YP,ZP,F
10:56:59,MYOR,RG,1495,5,D,EP,ZP,F
10:56:22,MYOR,RG,1490,3,D,YP,ZP,F
10:56:21,MYOR,RG,1495,10,D,PD,ZP,F
10:56:19,MYOR,RG,1490,1,D,YP,ZP,F
10:56:18,MYOR,RG,1490,4,D,YP,ZP,F
10:56:18,MYOR,RG,1495,7,D,CC,ZP,F
10:56:17,MYOR,RG,1495,12,D,XA,ZP,F
10:56:02,MYOR,RG,1495,1,D,PD,ZP,F
10:55:48,MYOR,RG,1490,1,D,YP,ZP,F
10:55:47,MYOR,RG,1490,5,D,YP,XC,D
10:55:24,MYOR,RG,1490,1,D,YP,ZP,F
10:55:22,MYOR,RG,1490,5,D,YP,NI,D
10:55:15,MYOR,RG,1490,88,D,YP,ZP,F
10:55:13,MYOR,RG,1490,128,D,YP,YP,D
10:55:13,MYOR,RG,1490,50,D,XC,YP,D
10:55:13,MYOR,RG,1490,1,D,XC,YP,D
10:55:13,MYOR,RG,1490,100,D,PD,YP,D
10:55:13,MYOR,RG,1490,2,D,XC,YP,D
10:55:13,MYOR,RG,1490,60,D,GR,YP,D
10:55:13,MYOR,RG,1490,5,D,YP,YP,D
10:55:13,MYOR,RG,1490,4,D,CC,YP,D
10:55:12,MYOR,RG,1490,1,D,CC,DR,D
10:54:42,MYOR,RG,1490,5,D,KK,ZP,F
10:54:41,MYOR,RG,1495,20,D,CC,ZP,F
10:54:39,MYOR,RG,1490,1,D,KK,ZP,F
10:54:38,MYOR,RG,1495,1,D,NI,ZP,F
10:54:31,MYOR,RG,1490,2,D,KK,XC,D
10:54:30,MYOR,RG,1495,1,D,PD,ZP,F
10:54:06,MYOR,RG,1490,2,D,KK,ZP,F
10:54:05,MYOR,RG,1490,8,D,KK,CC,D
10:53:59,MYOR,RG,1490,1,D,KK,TP,D
10:53:42,MYOR,RG,1490,4,D,KK,ZP,F
10:53:41,MYOR,RG,1495,10,D,CC,ZP,F
10:53:41,MYOR,RG,1490,2,D,KK,XC,D
10:53:41,MYOR,RG,1490,4,D,OD,XC,D
10:53:39,MYOR,RG,1490,7,D,OD,ZP,F
10:53:39,MYOR,RG,1490,10,F,AK,ZP,F
10:53:37,MYOR,RG,1495,5,D,YP,ZP,F
10:53:37,MYOR,RG,1490,45,F,AK,XC,D
10:53:37,MYOR,RG,1490,15,F,AK,XC,D
10:53:32,MYOR,RG,1490,1,F,AK,DH,D
10:53:27,MYOR,RG,1490,17,F,AK,ZP,F
10:53:26,MYOR,RG,1490,68,F,AK,ZP,F
10:53:25,MYOR,RG,1490,11,F,AK,ZP,F
10:53:25,MYOR,RG,1490,1,D,YP,ZP,F
10:53:25,MYOR,RG,1490,35,D,PD,ZP,F
10:53:25,MYOR,RG,1490,10,D,YP,ZP,F
10:53:25,MYOR,RG,1490,5,D,XC,ZP,F
10:53:25,MYOR,RG,1490,1,D,XC,ZP,F
10:53:25,MYOR,RG,1490,2,D,YP,ZP,F
10:53:25,MYOR,RG,1490,3,F,CC,ZP,F
10:53:25,MYOR,RG,1490,1,D,SQ,ZP,F
10:53:25,MYOR,RG,1490,1,D,XL,ZP,F
10:53:25,MYOR,RG,1490,1,D,TP,ZP,F
10:53:25,MYOR,RG,1490,1,D,PD,ZP,F
10:53:25,MYOR,RG,1490,1,D,XC,ZP,F
10:53:25,MYOR,RG,1490,9,D,XL,ZP,F
10:53:25,MYOR,RG,1490,10,D,NI,ZP,F
10:53:25,MYOR,RG,1490,2,D,KK,ZP,F
10:53:25,MYOR,RG,1490,25,D,YP,ZP,F
10:53:25,MYOR,RG,1490,1,D,PD,ZP,F
10:53:25,MYOR,RG,1490,4,D,PD,ZP,F
10:53:25,MYOR,RG,1490,21,D,AZ,ZP,F
10:53:24,MYOR,RG,1490,29,D,AZ,KZ,D
10:53:24,MYOR,RG,1490,1,D,XC,KZ,D
10:53:24,MYOR,RG,1490,1,D,XL,KZ,D
10:53:24,MYOR,RG,1490,3,D,PD,KZ,D
10:53:24,MYOR,RG,1490,10,D,DH,KZ,D
10:53:24,MYOR,RG,1490,2,D,PD,KZ,D
10:53:24,MYOR,RG,1490,3,D,XC,KZ,D
10:53:24,MYOR,RG,1490,1,D,XC,KZ,D
10:53:24,MYOR,RG,1490,5,D,PD,KZ,D
10:53:24,MYOR,RG,1490,1,D,XL,KZ,D
10:53:24,MYOR,RG,1490,20,D,PD,KZ,D
10:53:24,MYOR,RG,1490,10,D,PD,KZ,D
10:53:24,MYOR,RG,1490,250,D,AO,KZ,D
10:53:24,MYOR,RG,1490,4,D,NI,KZ,D
10:53:24,MYOR,RG,1490,14,F,BK,KZ,D
10:53:24,MYOR,RG,1490,228,F,BK,KZ,D
10:53:09,MYOR,RG,1490,2,F,BK,ZP,F
10:53:08,MYOR,RG,1490,4,F,BK,XC,D
10:53:08,MYOR,RG,1490,2,D,OD,XC,D
10:53:03,MYOR,RG,1490,10,D,OD,ZP,F
10:53:02,MYOR,RG,1490,8,D,OD,PD,D
10:53:02,MYOR,RG,1490,1,D,NI,PD,D
10:53:02,MYOR,RG,1490,4,D,XC,PD,D
10:53:02,MYOR,RG,1490,10,D,XL,PD,D
10:53:02,MYOR,RG,1490,2,D,XC,PD,D
10:53:02,MYOR,RG,1490,2,D,XC,PD,D
10:53:02,MYOR,RG,1490,10,D,GR,PD,D
10:53:02,MYOR,RG,1490,5,D,ZP,PD,D
10:52:49,MYOR,RG,1490,35,D,ZP,ZP,F
10:52:49,MYOR,RG,1490,28,D,DH,ZP,F
10:52:48,MYOR,RG,1490,22,D,DH,YU,D
10:52:48,MYOR,RG,1490,1,D,XC,YU,D
10:52:48,MYOR,RG,1490,1,D,CC,YU,D
10:52:48,MYOR,RG,1490,5,D,YU,YU,D
10:52:48,MYOR,RG,1490,3,D,LG,YU,D
10:52:48,MYOR,RG,1490,40,D,DR,YU,D
10:52:48,MYOR,RG,1490,3,D,CC,YU,D
10:52:48,MYOR,RG,1490,15,D,PD,YU,D
10:52:48,MYOR,RG,1490,50,D,CC,YU,D
10:52:48,MYOR,RG,1490,20,D,KK,YU,D
10:52:48,MYOR,RG,1490,90,D,YP,YU,D
10:52:44,MYOR,RG,1490,2,D,YP,XC,D
10:52:40,MYOR,RG,1490,2,D,YP,ZP,F
10:52:38,MYOR,RG,1495,5,D,PD,ZP,F
10:52:24,MYOR,RG,1490,1,D,YP,PD,D
10:52:18,MYOR,RG,1495,1,D,PD,ZP,F
10:52:16,MYOR,RG,1490,1,D,YP,ZP,F
10:52:15,MYOR,RG,1490,2,D,YP,XC,D
10:52:05,MYOR,RG,1490,2,D,YP,XC,D
10:51:25,MYOR,RG,1490,5,D,KK,ZP,F
10:51:25,MYOR,RG,1490,105,F,AK,ZP,F
10:51:24,MYOR,RG,1490,39,F,AK,KZ,D
10:51:24,MYOR,RG,1490,178,F,AK,KZ,D
10:51:24,MYOR,RG,1490,79,D,OD,KZ,D
10:51:24,MYOR,RG,1490,143,D,OD,KZ,D
10:51:20,MYOR,RG,1495,3,D,YP,ZP,F
10:51:19,MYOR,RG,1490,6,D,OD,ZP,F
10:51:19,MYOR,RG,1495,20,D,PD,ZP,F
10:50:59,MYOR,RG,1495,1,D,YP,ZP,F
10:50:45,MYOR,RG,1490,1,D,OD,ZP,F
10:50:43,MYOR,RG,1495,5,D,DR,ZP,F
10:50:00,MYOR,RG,1490,17,D,OD,ZP,F
10:49:59,MYOR,RG,1490,70,D,OD,CC,D
10:49:42,MYOR,RG,1490,2,D,OD,ZP,F
10:49:40,MYOR,RG,1490,26,D,OD,ZP,F
10:49:40,MYOR,RG,1490,7,D,OD,PD,D
10:49:38,MYOR,RG,1495,50,D,XL,ZP,F
10:49:38,MYOR,RG,1495,50,D,XL,AK,F
10:49:37,MYOR,RG,1495,5,D,CC,AK,F
10:49:10,MYOR,RG,1490,2,D,OD,ZP,F
10:49:09,MYOR,RG,1490,7,D,OD,EP,D
10:48:55,MYOR,RG,1490,6,D,OD,ZP,F
10:48:55,MYOR,RG,1490,25,D,OD,GR,D
10:48:52,MYOR,RG,1490,2,D,OD,ZP,F
10:48:51,MYOR,RG,1495,8,D,XC,AK,F
10:48:45,MYOR,RG,1490,4,D,OD,ZP,F
10:48:43,MYOR,RG,1490,13,D,OD,PD,D
10:48:12,MYOR,RG,1490,1,D,OD,ZP,F
10:48:11,MYOR,RG,1490,5,D,OD,XC,D
10:48:10,MYOR,RG,1490,1,D,OD,XC,D
10:47:51,MYOR,RG,1490,3,D,OD,ZP,F
10:47:49,MYOR,RG,1490,10,D,OD,XC,D
10:47:33,MYOR,RG,1490,1,D,OD,ZP,F
10:47:32,MYOR,RG,1490,5,D,OD,XC,D
10:47:19,MYOR,RG,1490,1,D,OD,ZP,F
10:47:18,MYOR,RG,1495,1,D,EP,AK,F
10:47:07,MYOR,RG,1495,1,D,PD,AK,F
10:46:33,MYOR,RG,1495,1,D,EP,AK,F
10:46:24,MYOR,RG,1490,12,D,OD,ZP,F
10:46:23,MYOR,RG,1495,50,D,TP,AK,F
10:46:22,MYOR,RG,1490,2,D,OD,ZP,F
10:46:21,MYOR,RG,1495,4,D,CC,AK,F
10:45:57,MYOR,RG,1495,1,D,KK,AK,F
10:45:54,MYOR,RG,1495,3,D,DH,AK,F
10:45:53,MYOR,RG,1490,163,D,OD,ZP,F
10:45:50,MYOR,RG,1495,70,F,AK,ZP,F
10:45:50,MYOR,RG,1495,15,F,AK,KZ,D
10:45:49,MYOR,RG,1495,38,D,XC,KZ,D
10:45:49,MYOR,RG,1495,2,D,CC,KZ,D
10:45:49,MYOR,RG,1495,20,D,YP,KZ,D
10:45:49,MYOR,RG,1495,1,D,YP,KZ,D
10:45:49,MYOR,RG,1495,5,D,PD,KZ,D
10:45:49,MYOR,RG,1495,1,D,XC,KZ,D
10:45:49,MYOR,RG,1495,197,D,NI,KZ,D
10:45:49,MYOR,RG,1495,16,D,PD,KZ,D
10:45:49,MYOR,RG,1495,2,D,YP,KZ,D
10:45:49,MYOR,RG,1495,1,D,SQ,KZ,D
10:45:49,MYOR,RG,1495,5,D,PD,KZ,D
10:45:49,MYOR,RG,1495,9,F,AK,KZ,D
10:45:49,MYOR,RG,1495,1,D,YP,KZ,D
10:45:49,MYOR,RG,1495,31,F,CC,KZ,D
10:45:49,MYOR,RG,1495,5,F,AK,KZ,D
10:45:49,MYOR,RG,1495,233,F,AK,KZ,D
10:45:48,MYOR,RG,1495,27,F,AK,ZP,F
10:45:48,MYOR,RG,1495,25,D,DH,ZP,F
10:45:48,MYOR,RG,1495,3,D,XC,ZP,F
10:45:48,MYOR,RG,1495,1,D,PD,ZP,F
10:45:48,MYOR,RG,1495,1,D,XC,ZP,F
10:45:48,MYOR,RG,1495,1,D,SQ,ZP,F
10:45:48,MYOR,RG,1495,1,D,NI,ZP,F
10:45:48,MYOR,RG,1495,5,D,XC,ZP,F
10:45:48,MYOR,RG,1495,10,D,XC,ZP,F
10:45:48,MYOR,RG,1495,1,D,PD,ZP,F
10:45:47,MYOR,RG,1495,1,D,PD,YP,D
10:45:47,MYOR,RG,1495,50,D,GR,YP,D
10:45:47,MYOR,RG,1495,56,D,YP,YP,D
10:45:47,MYOR,RG,1495,3,D,YP,YP,D
10:45:47,MYOR,RG,1495,1,D,XC,YP,D
10:45:47,MYOR,RG,1495,10,D,AT,YP,D
10:45:47,MYOR,RG,1495,1,D,XC,YP,D
10:45:47,MYOR,RG,1495,5,D,XC,YP,D
10:45:47,MYOR,RG,1495,2,D,XC,YP,D
10:45:47,MYOR,RG,1495,171,D,AO,YP,D
10:45:45,MYOR,RG,1500,1,D,PD,CC,D
10:45:06,MYOR,RG,1495,3,D,AO,ZP,F
10:45:05,MYOR,RG,1500,10,D,XL,CC,D
10:44:08,MYOR,RG,1495,1,D,AO,CC,D
10:43:10,MYOR,RG,1495,7,D,AO,ZP,F
10:43:09,MYOR,RG,1495,25,D,AO,PD,D
10:43:03,MYOR,RG,1500,1,D,PD,CC,D
10:41:55,MYOR,RG,1495,43,D,AO,ZP,F
10:41:55,MYOR,RG,1495,20,D,PD,ZP,F
10:41:54,MYOR,RG,1495,3,D,XC,KZ,D
10:41:54,MYOR,RG,1495,10,D,CC,KZ,D
10:41:54,MYOR,RG,1495,10,D,PD,KZ,D
10:41:54,MYOR,RG,1495,10,D,CC,KZ,D
10:41:54,MYOR,RG,1495,13,D,XC,KZ,D
10:41:54,MYOR,RG,1495,14,F,AK,KZ,D
10:41:54,MYOR,RG,1495,15,D,YP,KZ,D
10:41:54,MYOR,RG,1495,1,D,XC,KZ,D
10:41:54,MYOR,RG,1495,177,F,AK,KZ,D
10:41:51,MYOR,RG,1495,75,F,AK,ZP,F
10:41:49,MYOR,RG,1495,154,F,BK,KZ,D
10:41:49,MYOR,RG,1495,146,F,CC,KZ,D
10:41:24,MYOR,RG,1495,2,F,CC,ZP,F
10:41:22,MYOR,RG,1500,5,D,PD,CC,D
10:41:14,MYOR,RG,1500,2,D,XC,CC,D
10:41:12,MYOR,RG,1500,2,D,XC,CC,D
10:41:08,MYOR,RG,1500,1,D,XL,CC,D
10:40:55,MYOR,RG,1495,5,F,CC,ZP,F
10:40:54,MYOR,RG,1495,20,F,CC,CC,D
10:40:51,MYOR,RG,1495,46,F,CC,ZP,F
10:40:49,MYOR,RG,1495,183,F,CC,KZ,D
10:40:46,MYOR,RG,1495,13,F,CC,ZP,F
10:40:45,MYOR,RG,1495,50,F,CC,XC,D
10:40:43,MYOR,RG,1495,1,F,CC,ZP,F
10:40:41,MYOR,RG,1495,2,F,CC,XC,D
10:40:21,MYOR,RG,1495,3,F,CC,PD,D
10:39:43,MYOR,RG,1495,5,F,CC,ZP,F
10:39:42,MYOR,RG,1495,20,F,CC,LS,D
10:39:42,MYOR,RG,1500,1,D,XC,CC,D
10:39:33,MYOR,RG,1500,1,D,PD,CC,D
10:39:27,MYOR,RG,1495,13,F,CC,ZP,F
10:39:25,MYOR,RG,1495,50,F,CC,CC,D
10:39:07,MYOR,RG,1495,2,F,CC,ZP,F
10:39:05,MYOR,RG,1500,9,D,PD,CC,D
10:38:34,MYOR,RG,1495,18,F,CC,ZP,F
10:38:33,MYOR,RG,1500,125,D,AO,CC,D
10:38:33,MYOR,RG,1500,2,D,AO,XC,D
10:38:33,MYOR,RG,1500,38,D,AO,PD,D
10:38:33,MYOR,RG,1500,5,D,AO,YB,D
10:38:33,MYOR,RG,1500,20,D,AO,ZP,D
10:38:33,MYOR,RG,1500,120,D,AO,AK,F
10:38:33,MYOR,RG,1500,83,D,AO,AK,F
10:38:33,MYOR,RG,1500,107,D,AO,ZP,F
10:38:11,MYOR,RG,1495,1,F,CC,XC,D
10:38:09,MYOR,RG,1495,2,F,CC,ZP,F
10:38:07,MYOR,RG,1495,7,F,CC,AZ,D
10:37:48,MYOR,RG,1495,5,F,CC,ZP,F
10:37:48,MYOR,RG,1495,25,F,CC,PD,D
10:37:46,MYOR,RG,1495,4,F,CC,NI,D
10:37:39,MYOR,RG,1500,1,D,PO,ZP,F
10:37:14,MYOR,RG,1495,5,F,CC,PD,D
10:37:10,MYOR,RG,1500,2,D,XC,ZP,F
10:36:59,MYOR,RG,1500,1,D,XC,ZP,F
10:36:56,MYOR,RG,1500,1,D,DH,ZP,F
10:36:46,MYOR,RG,1500,4,D,HP,ZP,F
10:36:46,MYOR,RG,1500,11,D,HP,AK,F
10:36:30,MYOR,RG,1495,20,F,CC,ZP,F
10:36:28,MYOR,RG,1495,3,F,CC,YP,D
10:36:28,MYOR,RG,1495,77,F,AK,YP,D
10:36:25,MYOR,RG,1495,1,F,AK,ZP,F
10:36:24,MYOR,RG,1495,5,F,AK,PD,D
10:36:10,MYOR,RG,1495,7,F,AK,ZP,F
10:36:09,MYOR,RG,1500,30,D,PD,AK,F
10:36:00,MYOR,RG,1495,18,F,AK,ZP,F
10:36:00,MYOR,RG,1495,2,D,XC,ZP,F
10:36:00,MYOR,RG,1495,10,D,NI,ZP,F
10:36:00,MYOR,RG,1495,1,D,PD,ZP,F
10:36:00,MYOR,RG,1495,4,D,KK,ZP,F
10:36:00,MYOR,RG,1495,1,D,SQ,ZP,F
10:36:00,MYOR,RG,1495,3,D,YP,ZP,F
10:36:00,MYOR,RG,1495,3,D,XC,ZP,F
10:36:00,MYOR,RG,1495,5,D,YP,ZP,F
10:36:00,MYOR,RG,1495,57,F,CC,ZP,F
10:35:59,MYOR,RG,1495,278,F,CC,KZ,D
10:35:59,MYOR,RG,1495,18,F,AK,KZ,D
10:35:59,MYOR,RG,1495,4,F,AK,KZ,D
10:35:59,MYOR,RG,1495,13,D,DR,KZ,D
10:35:59,MYOR,RG,1495,101,D,CP,KZ,D
10:35:58,MYOR,RG,1495,8,D,CP,ZP,F
10:35:57,MYOR,RG,1495,30,D,CP,PD,D
10:35:50,MYOR,RG,1500,1,D,XC,AK,F
10:35:25,MYOR,RG,1495,2,D,CP,ZP,F
10:35:24,MYOR,RG,1500,7,D,PD,AK,F
10:35:24,MYOR,RG,1500,3,D,PD,XC,D
10:35:19,MYOR,RG,1495,7,D,CP,ZP,F
10:35:18,MYOR,RG,1495,25,D,CP,KK,D
10:35:15,MYOR,RG,1500,2,D,PD,XC,D
10:35:07,MYOR,RG,1495,14,D,CP,CC,D
10:34:30,MYOR,RG,1495,2,D,CP,ZP,F
10:34:28,MYOR,RG,1495,1,D,CP,ZP,F
10:34:28,MYOR,RG,1495,5,D,CP,YP,D
10:34:27,MYOR,RG,1495,3,D,CP,DX,D
10:34:13,MYOR,RG,1495,2,D,CP,YP,D
10:33:47,MYOR,RG,1490,86,D,OD,ZP,F
10:33:45,MYOR,RG,1495,314,F,AK,AK,F
10:33:45,MYOR,RG,1495,18,F,AK,KZ,D
10:33:45,MYOR,RG,1495,16,F,AK,KZ,D
10:33:45,MYOR,RG,1495,29,F,AK,CC,D
10:33:44,MYOR,RG,1495,96,F,AK,CC,D
10:33:44,MYOR,RG,1495,84,F,AK,AK,F
10:33:44,MYOR,RG,1495,56,F,AK,AK,F
10:33:44,MYOR,RG,1495,18,F,AK,AZ,D
10:33:44,MYOR,RG,1495,108,F,AK,ZP,F
10:33:44,MYOR,RG,1495,60,F,AK,CC,D
10:33:44,MYOR,RG,1495,3,F,AK,KK,D
10:33:44,MYOR,RG,1495,10,F,AK,CC,D
10:33:44,MYOR,RG,1495,10,F,AK,YP,D
10:33:44,MYOR,RG,1495,55,F,AK,AK,F
10:33:43,MYOR,RG,1490,6,D,OD,ZP,F
10:33:42,MYOR,RG,1490,8,D,OD,ZP,F
10:33:42,MYOR,RG,1490,33,D,OD,ZP,F
10:33:42,MYOR,RG,1485,10,D,PD,ZP,F
10:33:41,MYOR,RG,1490,29,F,AK,ZP,F
10:33:41,MYOR,RG,1490,10,F,AK,PD,D
10:33:41,MYOR,RG,1490,5,F,AK,YB,D
10:33:41,MYOR,RG,1490,25,F,AK,ZP,F
10:33:41,MYOR,RG,1490,92,F,AK,ZP,F
10:33:41,MYOR,RG,1490,71,F,AK,ZP,F
10:33:41,MYOR,RG,1490,20,F,AK,YP,D
10:33:41,MYOR,RG,1490,199,F,AK,KZ,D
10:33:41,MYOR,RG,1490,49,F,AK,KZ,D
10:33:40,MYOR,RG,1490,1,D,LG,KZ,D
10:33:15,MYOR,RG,1490,1,D,LG,KZ,D
10:33:12,MYOR,RG,1485,7,D,PD,ZP,F
10:33:10,MYOR,RG,1490,25,D,TP,KZ,D
10:32:40,MYOR,RG,1485,41,D,PD,ZP,F
10:32:40,MYOR,RG,1490,10,D,NI,KZ,D
10:32:39,MYOR,RG,1490,47,F,AK,KZ,D
10:32:39,MYOR,RG,1490,70,F,AK,KZ,D
10:32:39,MYOR,RG,1490,40,F,CC,KZ,D
10:32:36,MYOR,RG,1490,25,F,CC,ZP,F
10:32:34,MYOR,RG,1490,64,F,CC,ZP,F
10:32:34,MYOR,RG,1495,100,D,EP,KZ,D
10:32:34,MYOR,RG,1490,182,F,CC,YU,D
10:32:34,MYOR,RG,1490,68,F,AK,YU,D
10:32:33,MYOR,RG,1495,3,D,NI,KZ,D
10:32:26,MYOR,RG,1490,64,F,AK,ZP,F
10:32:25,MYOR,RG,1490,2,D,PD,ZP,F
10:32:25,MYOR,RG,1490,244,F,BK,ZP,F
10:32:25,MYOR,RG,1485,4,D,PD,YU,D
10:32:25,MYOR,RG,1485,1,D,YP,YU,D
10:32:25,MYOR,RG,1485,120,D,YP,YU,D
10:32:25,MYOR,RG,1485,100,D,SQ,YU,D
10:32:25,MYOR,RG,1490,227,F,AK,YU,D
