Time,Stock,Brd,Price,Qty,BT,BC,SC,ST
15:14:45,MYOR,RG,1820,4,D,YP,DR,D
15:14:45,MYOR,RG,1820,1,D,BQ,DR,D
15:06:13,MYOR,RG,1820,3,D,BQ,XL,D
15:04:30,MYOR,RG,1820,1,D,BQ,DR,D
15:04:30,MYOR,RG,1820,4,D,YP,DR,D
15:02:59,MYOR,RG,1820,1,D,YP,KZ,F
15:02:58,MYOR,RG,1820,5,D,YP,DR,D
15:02:37,MYOR,RG,1820,1,D,PD,CS,F
15:02:37,MYOR,RG,1820,2,D,PD,CS,F
15:02:29,MYOR,RG,1820,2,D,PD,KZ,F
15:02:27,MYOR,RG,1820,10,D,PD,DR,D
15:02:27,MYOR,RG,1820,2,D,XL,DR,D
15:02:19,MYOR,RG,1820,1,D,XL,KZ,F
15:02:16,MYOR,RG,1820,2,D,XL,CS,F
15:02:16,MYOR,RG,1820,1,D,YP,CS,F
15:02:14,MYOR,RG,1820,2,D,YP,KZ,F
15:02:10,MYOR,RG,1820,12,D,YP,DR,D
15:00:00,MYOR,RG,1820,4,D,YP,PD,D
15:00:00,MYOR,RG,1820,50,D,YP,IP,D
15:00:00,MYOR,RG,1820,10,D,YP,KK,D
15:00:00,MYOR,RG,1820,479,D,YP,YP,D
15:00:00,MYOR,RG,1820,68,F,ZP,YP,D
15:00:00,MYOR,RG,1820,200,D,YP,YP,D
15:00:00,MYOR,RG,1820,253,F,ZP,YP,D
15:00:00,MYOR,RG,1820,57,F,ZP,CS,F
15:00:00,MYOR,RG,1820,39,F,ZP,CS,F
15:00:00,MYOR,RG,1820,225,F,ZP,CS,F
15:00:00,MYOR,RG,1820,297,F,ZP,CS,F
15:00:00,MYOR,RG,1820,48,F,ZP,CS,F
15:00:00,MYOR,RG,1820,8,F,ZP,CS,F
15:00:00,MYOR,RG,1820,51,F,ZP,BK,F
15:00:00,MYOR,RG,1820,340,F,ZP,BK,F
15:00:00,MYOR,RG,1820,29,F,ZP,BK,F
15:00:00,MYOR,RG,1820,1,D,XL,BK,F
15:00:00,MYOR,RG,1820,1,D,XC,BK,F
15:00:00,MYOR,RG,1820,11,D,PD,BK,F
15:00:00,MYOR,RG,1820,5,D,YP,BK,F
15:00:00,MYOR,RG,1820,2,D,AZ,BK,F
15:00:00,MYOR,RG,1820,388,F,YU,BK,F
15:00:00,MYOR,RG,1820,333,F,YU,BK,F
15:00:00,MYOR,RG,1820,29,F,YU,AK,F
15:00:00,MYOR,RG,1820,1,F,YU,KZ,F
15:00:00,MYOR,RG,1820,5,F,YU,KZ,F
15:00:00,MYOR,RG,1820,7,F,YU,KZ,F
15:00:00,MYOR,RG,1820,1,F,YU,KZ,F
15:00:00,MYOR,RG,1820,1,F,YU,KZ,F
15:00:00,MYOR,RG,1820,7,F,YU,KZ,F
15:00:00,MYOR,RG,1820,7,F,YU,KZ,F
15:00:00,MYOR,RG,1820,38,F,YU,KZ,F
15:00:00,MYOR,RG,1820,273,F,YU,BK,F
15:00:00,MYOR,RG,1820,1,F,YU,KZ,F
15:00:00,MYOR,RG,1820,5,F,YU,KZ,F
15:00:00,MYOR,RG,1820,1,F,YU,KZ,F
15:00:00,MYOR,RG,1820,1,F,YU,KZ,F
15:00:00,MYOR,RG,1820,7,F,YU,KZ,F
15:00:00,MYOR,RG,1820,5,F,YU,KZ,F
15:00:00,MYOR,RG,1820,31,F,YU,KZ,F
15:00:00,MYOR,RG,1820,1,F,YU,KZ,F
15:00:00,MYOR,RG,1820,7,F,YU,KZ,F
15:00:00,MYOR,RG,1820,48,F,YU,KZ,F
15:00:00,MYOR,RG,1820,4,F,YU,KZ,F
15:00:00,MYOR,RG,1820,15,F,YU,KZ,F
15:00:00,MYOR,RG,1820,112,F,YU,KZ,F
15:00:00,MYOR,RG,1820,1,F,YU,KZ,F
15:00:00,MYOR,RG,1820,206,F,YU,KZ,F
15:00:00,MYOR,RG,1820,1,F,YU,KZ,F
15:00:00,MYOR,RG,1820,7,F,YU,KZ,F
15:00:00,MYOR,RG,1820,50,F,YU,KZ,F
15:00:00,MYOR,RG,1820,14,F,YU,KZ,F
15:00:00,MYOR,RG,1820,278,F,YU,ZP,D
15:00:00,MYOR,RG,1820,7,D,YP,ZP,D
14:49:58,MYOR,RG,1820,18,D,YP,BK,F
14:49:52,MYOR,RG,1825,33,F,ZP,CS,F
14:49:52,MYOR,RG,1825,8,F,ZP,CS,F
14:49:42,MYOR,RG,1825,9,F,ZP,BK,F
14:49:39,MYOR,RG,1825,36,F,ZP,CS,F
14:49:39,MYOR,RG,1825,26,F,ZP,KZ,F
14:49:28,MYOR,RG,1825,8,F,ZP,BK,F
14:49:27,MYOR,RG,1825,14,F,ZP,CS,F
14:49:27,MYOR,RG,1825,19,F,ZP,CS,F
14:49:27,MYOR,RG,1825,22,F,ZP,CS,F
14:49:09,MYOR,RG,1825,30,F,ZP,CS,F
14:49:09,MYOR,RG,1825,67,F,ZP,CS,F
14:49:09,MYOR,RG,1825,1,F,ZP,KZ,F
14:48:45,MYOR,RG,1830,2,D,KK,AT,D
14:48:39,MYOR,RG,1825,3,F,ZP,KZ,F
14:48:23,MYOR,RG,1825,19,F,ZP,CC,D
14:48:19,MYOR,RG,1825,53,F,ZP,KZ,F
14:48:13,MYOR,RG,1835,100,D,KZ,NI,D
14:48:09,MYOR,RG,1830,30,D,KZ,AT,D
14:48:09,MYOR,RG,1830,10,D,KZ,DH,D
14:48:09,MYOR,RG,1830,93,D,KZ,CS,F
14:48:09,MYOR,RG,1830,22,D,KZ,KZ,F
14:48:09,MYOR,RG,1830,3,D,KZ,KZ,F
14:48:09,MYOR,RG,1830,15,D,KZ,YP,D
14:48:09,MYOR,RG,1830,146,D,KZ,YP,D
14:48:04,MYOR,RG,1820,85,D,YP,BK,F
14:48:04,MYOR,RG,1820,39,D,YP,KZ,F
14:48:04,MYOR,RG,1820,11,D,NI,KZ,F
14:48:04,MYOR,RG,1820,20,D,PD,KZ,F
14:48:04,MYOR,RG,1820,5,D,KK,KZ,F
14:48:04,MYOR,RG,1820,500,D,AO,KZ,F
14:48:04,MYOR,RG,1820,1,D,DR,KZ,F
14:48:04,MYOR,RG,1820,1,D,EP,KZ,F
14:48:04,MYOR,RG,1820,3,D,YP,KZ,F
14:48:04,MYOR,RG,1820,21,D,YP,KZ,F
14:48:04,MYOR,RG,1820,3,D,KK,KZ,F
14:48:04,MYOR,RG,1820,150,D,GR,KZ,F
14:48:04,MYOR,RG,1830,154,D,KZ,YP,D
14:48:04,MYOR,RG,1830,23,D,KZ,CS,F
14:48:04,MYOR,RG,1830,89,D,KZ,ZP,F
14:48:04,MYOR,RG,1830,25,D,KZ,XL,D
14:48:04,MYOR,RG,1830,1,D,KZ,KZ,F
14:48:04,MYOR,RG,1830,4,D,KZ,XC,D
14:48:04,MYOR,RG,1830,1,D,KZ,YP,D
14:48:04,MYOR,RG,1830,2,D,KZ,YP,D
14:48:04,MYOR,RG,1830,5,D,KZ,EP,D
14:48:04,MYOR,RG,1830,41,D,KZ,KZ,F
14:48:04,MYOR,RG,1830,3,D,KZ,XC,D
14:48:04,MYOR,RG,1830,39,D,KZ,XC,D
14:47:59,MYOR,RG,1825,74,F,ZP,KZ,F
14:47:59,MYOR,RG,1820,328,D,GR,CS,F
14:47:11,MYOR,RG,1820,50,D,GR,DH,D
14:46:51,MYOR,RG,1825,10,F,ZP,XL,D
14:46:38,MYOR,RG,1820,2,D,GR,XL,D
14:46:09,MYOR,RG,1825,2,F,ZP,KZ,F
14:46:09,MYOR,RG,1825,3,F,ZP,KZ,F
14:46:09,MYOR,RG,1825,3,F,ZP,KZ,F
14:46:09,MYOR,RG,1825,77,F,ZP,MK,D
14:46:04,MYOR,RG,1825,10,F,ZP,AK,F
14:46:03,MYOR,RG,1825,15,F,ZP,AK,F
14:46:03,MYOR,RG,1825,10,F,ZP,YP,D
14:46:01,MYOR,RG,1825,25,F,ZP,YP,D
14:46:00,MYOR,RG,1825,142,F,ZP,CS,F
14:46:00,MYOR,RG,1825,1,D,CC,CS,F
14:45:56,MYOR,RG,1820,20,D,GR,BK,F
14:45:56,MYOR,RG,1820,1,D,CC,BK,F
14:45:56,MYOR,RG,1820,1,D,AT,BK,F
14:45:56,MYOR,RG,1820,5,D,YP,BK,F
14:45:56,MYOR,RG,1820,1,D,PD,BK,F
14:45:56,MYOR,RG,1820,20,D,KK,BK,F
14:45:56,MYOR,RG,1820,5,D,EP,BK,F
14:45:56,MYOR,RG,1820,1,D,XC,BK,F
14:45:56,MYOR,RG,1820,10,D,EP,BK,F
14:45:56,MYOR,RG,1820,61,D,PD,BK,F
14:45:53,MYOR,RG,1820,26,D,PD,CS,F
14:45:53,MYOR,RG,1820,10,D,LG,CS,F
14:45:53,MYOR,RG,1820,2,D,EP,CS,F
14:45:53,MYOR,RG,1825,47,D,KZ,CS,F
14:45:53,MYOR,RG,1825,56,D,CC,CS,F
14:45:53,MYOR,RG,1825,38,D,CC,YP,D
14:45:53,MYOR,RG,1825,1273,D,KZ,YP,D
14:45:53,MYOR,RG,1825,200,D,YP,YP,D
14:45:53,MYOR,RG,1825,55,D,KZ,YP,D
14:45:53,MYOR,RG,1825,196,F,ZP,YP,D
14:45:53,MYOR,RG,1825,54,D,CC,YP,D
14:45:53,MYOR,RG,1825,1,D,PD,YP,D
14:45:53,MYOR,RG,1825,1018,F,ZP,YP,D
14:45:53,MYOR,RG,1825,550,D,GR,YP,D
14:45:53,MYOR,RG,1825,50,D,DH,YP,D
14:45:53,MYOR,RG,1825,59,F,ZP,YP,D
14:45:53,MYOR,RG,1825,227,D,CC,YP,D
14:45:53,MYOR,RG,1825,5,D,XL,YP,D
14:45:53,MYOR,RG,1825,1,D,CC,YP,D
14:45:53,MYOR,RG,1825,275,F,ZP,YP,D
14:45:53,MYOR,RG,1825,48,D,CC,YP,D
14:44:12,MYOR,RG,1830,2,D,KK,XC,D
14:44:07,MYOR,RG,1825,10,D,CC,BK,F
14:44:05,MYOR,RG,1830,1,D,KZ,CS,F
14:44:05,MYOR,RG,1830,1,D,XL,CS,F
14:44:05,MYOR,RG,1830,9,D,KZ,CS,F
14:44:05,MYOR,RG,1830,2,D,KZ,KK,D
14:44:01,MYOR,RG,1830,10,D,KZ,CS,F
14:43:58,MYOR,RG,1830,18,D,KZ,CS,F
14:43:58,MYOR,RG,1830,11,D,KZ,BK,F
14:43:54,MYOR,RG,1830,21,D,KZ,KZ,F
14:43:52,MYOR,RG,1830,10,D,KZ,CS,F
14:43:48,MYOR,RG,1830,1,D,KZ,CS,F
14:43:48,MYOR,RG,1830,17,D,KZ,CS,F
14:43:42,MYOR,RG,1830,11,D,KZ,BK,F
14:43:42,MYOR,RG,1830,28,D,KZ,CS,F
14:43:37,MYOR,RG,1830,11,D,KZ,BK,F
14:43:33,MYOR,RG,1835,1,D,CC,NI,D
14:43:32,MYOR,RG,1830,5,D,KZ,CS,F
14:43:32,MYOR,RG,1830,35,D,CC,CS,F
14:43:25,MYOR,RG,1830,11,D,CC,BK,F
14:43:24,MYOR,RG,1830,16,D,CC,KZ,F
14:43:20,MYOR,RG,1830,10,D,CC,BK,F
14:43:18,MYOR,RG,1830,1,D,CC,CS,F
14:43:18,MYOR,RG,1830,47,D,CC,CS,F
14:43:13,MYOR,RG,1830,10,D,CC,HP,D
14:43:12,MYOR,RG,1830,11,D,CC,BK,F
14:43:10,MYOR,RG,1830,2,D,CC,YP,D
14:43:07,MYOR,RG,1830,19,D,CC,BK,F
14:43:04,MYOR,RG,1830,105,D,CC,KZ,F
14:43:03,MYOR,RG,1830,11,D,CC,BK,F
14:43:01,MYOR,RG,1830,34,D,CC,CS,F
14:42:48,MYOR,RG,1830,1,D,CC,CS,F
14:42:48,MYOR,RG,1830,7,D,KZ,CS,F
14:42:45,MYOR,RG,1830,6,D,KZ,CS,F
14:42:45,MYOR,RG,1830,10,D,KZ,BK,F
14:42:43,MYOR,RG,1830,9,D,KZ,YP,D
14:42:43,MYOR,RG,1830,1,F,CC,YP,D
14:42:41,MYOR,RG,1830,2,F,CC,BK,F
14:42:41,MYOR,RG,1830,9,D,PD,BK,F
14:42:38,MYOR,RG,1830,1,D,PD,BK,F
14:42:38,MYOR,RG,1830,38,D,AZ,BK,F
14:42:38,MYOR,RG,1830,14,D,EP,BK,F
14:42:38,MYOR,RG,1830,500,D,KZ,SQ,D
14:42:29,MYOR,RG,1830,220,D,KZ,KZ,F
14:42:27,MYOR,RG,1830,20,D,KZ,OD,D
14:42:24,MYOR,RG,1830,3,D,KZ,KZ,F
14:42:23,MYOR,RG,1830,104,D,KZ,BK,F
14:42:23,MYOR,RG,1830,153,D,KZ,YP,D
14:42:23,MYOR,RG,1830,3,D,KZ,YP,D
14:42:23,MYOR,RG,1830,196,D,KZ,YP,D
14:42:23,MYOR,RG,1830,250,D,AZ,YP,D
14:42:23,MYOR,RG,1830,88,D,KZ,YP,D
14:42:23,MYOR,RG,1830,129,D,CC,YP,D
14:42:22,MYOR,RG,1830,3,D,CC,PD,D
14:42:17,MYOR,RG,1830,20,D,CC,BR,D
14:42:15,MYOR,RG,1830,1,D,CC,CC,D
14:42:01,MYOR,RG,1830,1,D,CC,YP,D
14:41:52,MYOR,RG,1830,12,D,CC,BK,F
14:41:49,MYOR,RG,1830,11,D,CC,BK,F
14:41:46,MYOR,RG,1830,52,D,CC,BK,F
14:41:46,MYOR,RG,1830,98,D,CC,SQ,D
14:41:46,MYOR,RG,1830,1,D,KZ,SQ,D
14:41:46,MYOR,RG,1830,2,F,CC,SQ,D
14:41:46,MYOR,RG,1830,124,D,KZ,SQ,D
14:41:46,MYOR,RG,1830,75,D,AZ,SQ,D
14:41:40,MYOR,RG,1830,4,D,AZ,XC,D
14:41:30,MYOR,RG,1830,11,D,AZ,BK,F
14:41:25,MYOR,RG,1830,15,D,AZ,BK,F
14:41:24,MYOR,RG,1830,12,D,AZ,KZ,F
14:41:20,MYOR,RG,1830,60,D,AZ,SQ,D
14:41:20,MYOR,RG,1830,10,D,AZ,BK,F
14:41:19,MYOR,RG,1830,14,D,AZ,KZ,F
14:41:16,MYOR,RG,1830,13,D,AZ,BK,F
14:41:14,MYOR,RG,1830,36,D,AZ,KZ,F
14:41:14,MYOR,RG,1830,20,D,KZ,KZ,F
14:41:14,MYOR,RG,1830,25,D,KZ,KZ,F
14:41:13,MYOR,RG,1830,12,D,KZ,BK,F
14:41:11,MYOR,RG,1830,36,D,KZ,BK,F
14:41:09,MYOR,RG,1830,300,D,KZ,GR,D
14:41:09,MYOR,RG,1830,50,D,AZ,GR,D
14:40:44,MYOR,RG,1830,150,D,AZ,YP,D
14:40:36,MYOR,RG,1835,7,D,PD,NI,D
14:40:28,MYOR,RG,1830,5,D,AZ,HP,D
14:40:21,MYOR,RG,1830,10,D,AZ,EP,D
14:39:34,MYOR,RG,1830,1,D,AZ,KZ,F
14:39:19,MYOR,RG,1830,5,D,AZ,ZR,D
14:39:06,MYOR,RG,1830,5,D,AZ,XC,D
14:39:04,MYOR,RG,1830,19,D,AZ,KZ,F
14:39:00,MYOR,RG,1830,5,D,AZ,BK,F
14:39:00,MYOR,RG,1830,10,D,KZ,BK,F
14:38:59,MYOR,RG,1830,77,D,KZ,PD,D
14:38:47,MYOR,RG,1830,13,D,KZ,BK,F
14:38:47,MYOR,RG,1830,11,D,KZ,XL,D
14:38:41,MYOR,RG,1830,1,D,KZ,PD,D
14:38:34,MYOR,RG,1830,17,D,KZ,KZ,F
14:38:34,MYOR,RG,1830,2,D,XL,KZ,F
14:38:34,MYOR,RG,1830,7,D,KZ,KZ,F
14:38:30,MYOR,RG,1830,16,D,KZ,BK,F
14:38:29,MYOR,RG,1830,7,D,KZ,KZ,F
14:38:29,MYOR,RG,1830,31,D,KZ,KZ,F
14:38:28,MYOR,RG,1830,10,D,YP,BK,F
14:38:28,MYOR,RG,1830,4,D,NI,BK,F
14:38:24,MYOR,RG,1830,32,D,NI,BK,F
14:38:24,MYOR,RG,1830,10,D,MK,BK,F
14:38:24,MYOR,RG,1830,67,D,MK,KZ,F
14:38:24,MYOR,RG,1830,1,F,CC,KZ,F
14:38:24,MYOR,RG,1830,11,D,KZ,KZ,F
14:38:24,MYOR,RG,1830,55,D,KZ,KZ,F
14:38:23,MYOR,RG,1830,60,D,KZ,IF,D
14:38:23,MYOR,RG,1830,4,D,CC,IF,D
14:38:23,MYOR,RG,1830,36,D,AZ,IF,D
14:37:37,MYOR,RG,1830,1,D,AZ,YP,D
14:37:15,MYOR,RG,1830,1,D,AZ,XC,D
14:36:59,MYOR,RG,1830,1,D,AZ,XC,D
14:36:25,MYOR,RG,1830,16,D,AZ,BK,F
14:36:21,MYOR,RG,1830,25,D,AZ,BK,F
14:36:18,MYOR,RG,1830,31,D,AZ,XC,D
14:36:16,MYOR,RG,1830,100,D,AZ,PD,D
14:36:04,MYOR,RG,1830,10,D,AZ,BK,F
14:36:02,MYOR,RG,1830,27,D,AZ,BK,F
14:36:00,MYOR,RG,1835,548,D,CC,NI,D
14:35:15,MYOR,RG,1835,10,D,EP,NI,D
14:35:15,MYOR,RG,1835,60,D,HP,NI,D
14:35:15,MYOR,RG,1835,17,D,HP,XC,D
14:35:15,MYOR,RG,1835,1,D,HP,XC,D
14:35:15,MYOR,RG,1835,2,D,HP,PD,D
14:35:15,MYOR,RG,1835,160,D,HP,YP,D
14:35:15,MYOR,RG,1835,10,D,HP,CC,D
14:35:07,MYOR,RG,1830,2,D,AZ,XC,D
14:34:37,MYOR,RG,1830,20,D,KZ,BK,F
14:34:37,MYOR,RG,1830,94,D,KZ,KZ,F
14:34:37,MYOR,RG,1830,2,D,KZ,LG,D
14:34:37,MYOR,RG,1830,333,D,KZ,BK,F
14:34:37,MYOR,RG,1830,244,D,KZ,CS,F
14:34:37,MYOR,RG,1830,1,D,KZ,BK,F
14:34:37,MYOR,RG,1830,20,D,KZ,KZ,F
14:34:37,MYOR,RG,1830,114,D,KZ,XC,D
14:34:37,MYOR,RG,1830,7,D,KZ,YP,D
14:34:37,MYOR,RG,1830,1,D,KZ,KZ,F
14:34:37,MYOR,RG,1830,5,D,KZ,PD,D
14:34:37,MYOR,RG,1830,2,D,KZ,CC,D
14:34:37,MYOR,RG,1830,15,D,KZ,OD,D
14:34:37,MYOR,RG,1830,21,D,KZ,KZ,F
14:34:37,MYOR,RG,1830,3,D,KZ,YP,D
14:34:37,MYOR,RG,1830,127,D,KZ,CS,F
14:34:37,MYOR,RG,1830,100,D,KZ,YP,D
14:34:37,MYOR,RG,1830,11,D,KZ,XC,D
14:34:37,MYOR,RG,1830,86,D,KZ,CS,F
14:34:37,MYOR,RG,1830,5,D,KZ,CC,D
14:34:37,MYOR,RG,1830,30,D,KZ,NI,D
14:34:37,MYOR,RG,1830,40,D,KZ,ZP,D
14:34:37,MYOR,RG,1830,1,D,KZ,NI,D
14:34:37,MYOR,RG,1830,1,D,KZ,XL,D
14:34:37,MYOR,RG,1830,18,D,KZ,KZ,F
14:34:37,MYOR,RG,1830,138,D,KZ,CS,F
14:34:37,MYOR,RG,1830,95,D,KZ,KZ,F
14:34:37,MYOR,RG,1830,1,D,KZ,XC,D
14:34:37,MYOR,RG,1830,49,D,KZ,ZP,F
14:34:37,MYOR,RG,1830,10,D,KZ,BK,F
14:34:37,MYOR,RG,1830,13,D,KZ,KZ,F
14:34:37,MYOR,RG,1830,40,D,KZ,NI,D
14:34:37,MYOR,RG,1830,24,D,KZ,CS,F
14:34:37,MYOR,RG,1830,16,D,KZ,ZP,F
14:34:18,MYOR,RG,1830,1,D,XL,ZP,F
14:34:08,MYOR,RG,1830,1,D,XL,ZP,F
14:33:58,MYOR,RG,1830,1,D,XL,ZP,F
14:33:53,MYOR,RG,1830,9,D,KZ,ZP,F
14:33:52,MYOR,RG,1830,14,D,YP,ZP,F
14:33:52,MYOR,RG,1830,3,D,YP,XC,D
14:33:50,MYOR,RG,1830,1,D,XL,XC,D
14:33:13,MYOR,RG,1830,16,D,KZ,XC,D
14:33:13,MYOR,RG,1830,1,D,KZ,KZ,F
14:33:13,MYOR,RG,1830,234,D,KZ,KZ,F
14:32:54,MYOR,RG,1830,1,D,XL,KZ,F
14:32:46,MYOR,RG,1830,1,D,XL,KZ,F
14:32:35,MYOR,RG,1830,1,D,XL,KZ,F
14:31:30,MYOR,RG,1830,1,D,PD,KZ,F
14:31:28,MYOR,RG,1830,83,D,KZ,KZ,F
14:31:20,MYOR,RG,1825,21,D,CC,YP,D
14:31:16,MYOR,RG,1830,1,D,PD,KZ,F
14:30:25,MYOR,RG,1825,12,D,CC,BK,F
14:30:22,MYOR,RG,1825,14,D,CC,BK,F
14:30:21,MYOR,RG,1830,3,D,YP,KZ,F
14:30:21,MYOR,RG,1830,3,D,YP,KZ,F
14:30:20,MYOR,RG,1830,3,D,YP,KZ,F
14:30:19,MYOR,RG,1825,81,D,CC,BK,F
14:30:18,MYOR,RG,1830,3,D,KZ,KZ,F
14:30:15,MYOR,RG,1830,1,D,YP,KZ,F
14:30:14,MYOR,RG,1830,8,D,AZ,KZ,F
14:30:14,MYOR,RG,1830,20,D,AZ,KZ,F
14:30:14,MYOR,RG,1830,1,D,AZ,PD,D
14:30:14,MYOR,RG,1830,50,D,AZ,YP,D
14:30:14,MYOR,RG,1830,41,D,AZ,KZ,F
14:30:14,MYOR,RG,1830,5,D,AZ,PD,D
14:30:14,MYOR,RG,1830,100,D,AZ,ZP,D
14:30:14,MYOR,RG,1830,17,D,AZ,YP,D
14:30:14,MYOR,RG,1830,1,D,AZ,XC,D
14:30:14,MYOR,RG,1830,39,D,AZ,ZP,F
14:30:14,MYOR,RG,1830,62,D,AZ,ZP,F
14:30:14,MYOR,RG,1830,21,D,AZ,CS,F
14:30:14,MYOR,RG,1830,5,D,AZ,YP,D
14:30:14,MYOR,RG,1830,4,D,AZ,CS,F
14:30:14,MYOR,RG,1830,14,D,AZ,CC,D
14:30:14,MYOR,RG,1830,112,D,AZ,MK,D
14:30:14,MYOR,RG,1825,41,D,CC,BK,F
14:30:13,MYOR,RG,1830,53,D,KZ,MK,D
14:30:08,MYOR,RG,1830,276,D,KZ,MK,D
14:30:08,MYOR,RG,1825,11,D,CC,BK,F
14:30:04,MYOR,RG,1825,20,D,CC,BK,F
14:30:04,MYOR,RG,1830,35,D,KZ,MK,D
14:30:01,MYOR,RG,1825,33,D,CC,BK,F
14:30:01,MYOR,RG,1825,12,D,KZ,BK,F
14:30:01,MYOR,RG,1825,25,F,ZP,BK,F
14:30:01,MYOR,RG,1825,17,D,KZ,BK,F
14:30:00,MYOR,RG,1830,197,D,CC,MK,D
14:30:00,MYOR,RG,1830,16,D,CC,CS,F
14:30:00,MYOR,RG,1830,126,D,CC,CS,F
14:30:00,MYOR,RG,1830,20,D,CC,XL,D
14:30:00,MYOR,RG,1830,20,D,CC,XC,D
14:30:00,MYOR,RG,1830,100,D,CC,XC,D
14:30:00,MYOR,RG,1830,4,D,CC,GR,D
14:30:00,MYOR,RG,1830,161,D,CC,CS,F
14:30:00,MYOR,RG,1830,1,D,CC,PD,D
14:30:00,MYOR,RG,1830,13,D,CC,CS,F
14:30:00,MYOR,RG,1830,1,D,CC,YP,D
14:30:00,MYOR,RG,1830,2,D,CC,PD,D
14:30:00,MYOR,RG,1830,17,D,CC,YP,D
14:30:00,MYOR,RG,1830,16,D,CC,KZ,F
14:30:00,MYOR,RG,1830,25,D,CC,XC,D
14:29:54,MYOR,RG,1825,2,D,KZ,XL,D
14:29:35,MYOR,RG,1825,2,D,KZ,XC,D
14:29:33,MYOR,RG,1825,1,D,KZ,NI,D
14:29:29,MYOR,RG,1830,75,D,KZ,XC,D
14:29:29,MYOR,RG,1830,2,D,KZ,XC,D
14:29:29,MYOR,RG,1830,1,D,KZ,NI,D
14:29:29,MYOR,RG,1830,2,D,KZ,YP,D
14:29:29,MYOR,RG,1830,32,D,KZ,CS,F
14:29:29,MYOR,RG,1830,5,D,KZ,LG,D
14:29:29,MYOR,RG,1830,35,D,KZ,ZP,F
14:29:29,MYOR,RG,1830,4,D,KZ,CS,F
14:29:27,MYOR,RG,1825,1,D,KZ,YP,D
14:29:25,MYOR,RG,1825,5,D,KZ,DR,D
14:29:24,MYOR,RG,1830,72,D,AZ,CS,F
14:29:24,MYOR,RG,1830,74,D,AZ,ZP,F
14:29:24,MYOR,RG,1830,20,D,AZ,PD,D
14:29:24,MYOR,RG,1830,51,D,AZ,CS,F
14:29:24,MYOR,RG,1830,150,D,AZ,CS,F
14:29:15,MYOR,RG,1825,1,D,KZ,CP,D
14:28:23,MYOR,RG,1825,3,D,KZ,XL,D
14:28:21,MYOR,RG,1825,15,D,KZ,OD,D
14:28:18,MYOR,RG,1830,69,D,KZ,CS,F
14:28:18,MYOR,RG,1830,20,D,KZ,NI,D
14:28:18,MYOR,RG,1830,32,D,KZ,CS,F
14:28:16,MYOR,RG,1830,55,D,AZ,CS,F
14:28:16,MYOR,RG,1830,2,D,AZ,YP,D
14:28:16,MYOR,RG,1830,5,D,AZ,KK,D
14:28:16,MYOR,RG,1830,26,D,AZ,PD,D
14:28:16,MYOR,RG,1830,3,D,AZ,XC,D
14:28:16,MYOR,RG,1830,86,D,AZ,CS,F
14:28:16,MYOR,RG,1830,10,D,AZ,CS,F
14:28:16,MYOR,RG,1830,19,D,AZ,CS,F
14:28:16,MYOR,RG,1830,38,D,AZ,CS,F
14:28:16,MYOR,RG,1830,1,D,AZ,EP,D
14:28:16,MYOR,RG,1830,5,D,AZ,PD,D
14:27:47,MYOR,RG,1830,4,D,YP,PD,D
14:27:47,MYOR,RG,1830,1,D,YP,CS,F
14:26:11,MYOR,RG,1830,1,D,XL,CS,F
14:26:11,MYOR,RG,1825,5,D,KZ,NI,D
14:25:44,MYOR,RG,1830,1,D,XL,CS,F
14:25:39,MYOR,RG,1830,2,D,KZ,CS,F
14:25:34,MYOR,RG,1825,3,F,ZP,PD,D
14:25:27,MYOR,RG,1830,1,D,XL,CS,F
14:25:18,MYOR,RG,1830,1,D,KZ,CS,F
14:25:18,MYOR,RG,1830,1,D,XL,CS,F
14:25:03,MYOR,RG,1830,2,D,KZ,CS,F
14:25:00,MYOR,RG,1830,3,D,CC,CS,F
14:24:52,MYOR,RG,1830,1,D,XL,CS,F
14:24:33,MYOR,RG,1830,7,D,KZ,CS,F
14:24:18,MYOR,RG,1825,1,F,ZP,XC,D
14:23:35,MYOR,RG,1830,1,D,XC,CS,F
14:23:10,MYOR,RG,1830,1,D,XL,CS,F
14:23:09,MYOR,RG,1825,12,F,ZP,KZ,F
14:23:03,MYOR,RG,1830,1,D,KZ,CS,F
14:23:03,MYOR,RG,1830,56,D,KZ,CS,F
14:23:01,MYOR,RG,1825,1,F,ZP,PD,D
14:22:55,MYOR,RG,1830,1,D,XL,CS,F
14:22:52,MYOR,RG,1830,1,D,PD,CS,F
14:22:51,MYOR,RG,1825,10,F,ZP,CC,D
14:22:44,MYOR,RG,1825,1,F,ZP,KZ,F
14:22:39,MYOR,RG,1830,1,D,XC,CS,F
14:22:39,MYOR,RG,1830,6,D,XC,CS,F
14:22:39,MYOR,RG,1830,1,D,CC,CS,F
14:22:37,MYOR,RG,1830,1,D,XL,CS,F
14:22:25,MYOR,RG,1830,1,D,PD,CS,F
14:22:16,MYOR,RG,1830,1,D,XL,CS,F
14:22:14,MYOR,RG,1830,1,D,PD,CS,F
14:22:09,MYOR,RG,1825,1,F,ZP,KZ,F
14:22:04,MYOR,RG,1830,1,D,PD,CS,F
14:21:59,MYOR,RG,1830,1,D,XL,CS,F
14:21:39,MYOR,RG,1825,7,F,ZP,KZ,F
14:21:35,MYOR,RG,1830,5,D,XL,CS,F
14:21:33,MYOR,RG,1825,3,F,ZP,NI,D
14:21:33,MYOR,RG,1825,20,F,ZP,NI,D
14:21:27,MYOR,RG,1830,1,D,XL,CS,F
14:21:18,MYOR,RG,1830,1,D,XL,CS,F
14:20:52,MYOR,RG,1825,3,F,ZP,AK,F
14:20:52,MYOR,RG,1830,3,D,XL,CS,F
14:20:49,MYOR,RG,1825,10,F,ZP,YP,D
14:20:49,MYOR,RG,1825,2,F,ZP,KZ,F
14:20:44,MYOR,RG,1825,8,F,ZP,KZ,F
14:20:39,MYOR,RG,1825,4,F,ZP,AK,F
14:20:39,MYOR,RG,1825,20,F,ZP,KZ,F
14:20:39,MYOR,RG,1825,2,D,KZ,KZ,F
14:20:39,MYOR,RG,1825,3,D,YP,KZ,F
14:20:39,MYOR,RG,1825,7,D,KZ,KZ,F
14:20:37,MYOR,RG,1825,13,D,KZ,AK,F
14:20:37,MYOR,RG,1825,15,F,ZP,AK,F
14:20:37,MYOR,RG,1825,25,F,ZP,CS,F
14:20:37,MYOR,RG,1825,199,D,KZ,CS,F
14:20:20,MYOR,RG,1825,2,D,KZ,XC,D
14:19:44,MYOR,RG,1825,1,D,KZ,KZ,F
14:19:39,MYOR,RG,1825,2,D,KZ,ZR,D
14:19:23,MYOR,RG,1825,1,D,KZ,AK,F
14:19:22,MYOR,RG,1825,2,D,KZ,XL,D
14:19:21,MYOR,RG,1825,2,D,KZ,XL,D
14:18:49,MYOR,RG,1825,3,D,KZ,KZ,F
14:18:22,MYOR,RG,1825,1,D,KZ,AK,F
14:18:22,MYOR,RG,1825,10,D,KZ,YP,D
14:18:13,MYOR,RG,1825,1,D,KZ,SQ,D
14:17:58,MYOR,RG,1825,1,D,KZ,AK,F
14:17:57,MYOR,RG,1825,5,D,KZ,YP,D
14:17:49,MYOR,RG,1825,3,D,KZ,KZ,F
14:17:34,MYOR,RG,1825,3,D,KZ,XL,D
14:17:08,MYOR,RG,1825,2,D,KZ,AK,F
14:17:08,MYOR,RG,1825,10,D,KZ,XC,D
14:16:44,MYOR,RG,1825,2,D,KZ,KZ,F
14:16:43,MYOR,RG,1825,1,D,KZ,AK,F
14:16:43,MYOR,RG,1825,10,D,KZ,YP,D
14:16:39,MYOR,RG,1825,1,D,KZ,XC,D
14:15:19,MYOR,RG,1825,1,D,KZ,AK,F
14:15:18,MYOR,RG,1825,3,D,KZ,XL,D
14:14:54,MYOR,RG,1825,1,D,KZ,KZ,F
14:14:49,MYOR,RG,1825,2,F,ZP,AK,F
14:14:49,MYOR,RG,1825,20,F,ZP,KZ,F
14:14:45,MYOR,RG,1825,13,F,ZP,AK,F
14:14:45,MYOR,RG,1825,107,F,ZP,CS,F
14:14:45,MYOR,RG,1825,2,D,CC,CS,F
14:12:48,MYOR,RG,1825,2,D,CC,PD,D
14:12:19,MYOR,RG,1825,1,D,CC,KZ,F
14:12:14,MYOR,RG,1825,1,D,CC,AK,F
14:12:14,MYOR,RG,1825,8,D,CC,KZ,F
14:12:12,MYOR,RG,1825,6,D,CC,AK,F
14:12:11,MYOR,RG,1825,50,D,CC,HP,D
14:12:09,MYOR,RG,1825,2,D,CC,KZ,F
14:12:05,MYOR,RG,1825,3,D,CC,AK,F
14:12:04,MYOR,RG,1825,23,D,CC,KZ,F
14:12:00,MYOR,RG,1825,16,D,CC,AK,F
14:12:00,MYOR,RG,1825,134,D,CC,CS,F
14:10:44,MYOR,RG,1825,26,F,ZP,KZ,F
14:10:42,MYOR,RG,1820,3,D,EP,PD,D
14:10:42,MYOR,RG,1820,5,D,PD,PD,D
14:10:13,MYOR,RG,1820,5,D,PD,PD,D
14:09:21,MYOR,RG,1825,1,F,ZP,AK,F
14:09:21,MYOR,RG,1825,90,F,ZP,AZ,D
14:09:19,MYOR,RG,1825,24,F,ZP,KZ,F
14:08:38,MYOR,RG,1825,66,D,KZ,SQ,D
14:08:38,MYOR,RG,1825,35,F,ZP,SQ,D
14:08:38,MYOR,RG,1825,1,D,PD,SQ,D
14:08:38,MYOR,RG,1825,98,F,ZP,SQ,D
14:08:14,MYOR,RG,1825,9,F,ZP,KZ,F
14:08:13,MYOR,RG,1825,35,F,ZP,CS,F
14:08:13,MYOR,RG,1825,6,D,CC,CS,F
14:08:13,MYOR,RG,1825,15,D,CC,XL,D
14:08:11,MYOR,RG,1825,2,D,CC,CC,D
14:07:09,MYOR,RG,1825,10,D,CC,KZ,F
14:07:08,MYOR,RG,1825,61,D,CC,CS,F
14:06:55,MYOR,RG,1830,1,D,YB,CS,F
14:06:04,MYOR,RG,1825,51,D,CC,KZ,F
14:06:00,MYOR,RG,1825,78,D,CC,CC,F
14:06:00,MYOR,RG,1825,1,D,CC,XC,D
14:05:36,MYOR,RG,1820,1,D,PD,YP,D
14:05:35,MYOR,RG,1820,5,D,PD,XL,D
14:05:18,MYOR,RG,1825,2,F,ZP,AK,F
14:05:17,MYOR,RG,1825,3,F,ZP,CS,F
14:05:17,MYOR,RG,1825,67,F,ZP,AK,F
14:05:17,MYOR,RG,1825,7,F,ZP,AK,F
14:05:16,MYOR,RG,1825,1,F,ZP,AK,F
14:05:16,MYOR,RG,1825,7,F,ZP,AK,F
14:05:16,MYOR,RG,1825,81,F,ZP,CC,F
14:05:16,MYOR,RG,1825,18,F,ZP,CC,F
14:05:16,MYOR,RG,1825,43,F,ZP,CS,F
14:04:14,MYOR,RG,1825,81,F,ZP,KZ,F
14:04:11,MYOR,RG,1825,10,D,PD,CS,F
14:03:49,MYOR,RG,1825,2,F,ZP,AK,F
14:03:49,MYOR,RG,1825,1,F,AK,CS,F
14:03:49,MYOR,RG,1825,2,F,ZP,CS,F
14:03:49,MYOR,RG,1825,472,F,ZP,AK,F
14:03:49,MYOR,RG,1825,4,F,ZP,AK,F
14:03:49,MYOR,RG,1825,2,F,ZP,AK,F
14:03:49,MYOR,RG,1825,8,F,ZP,KZ,F
14:03:49,MYOR,RG,1825,2,F,AK,KZ,F
14:03:49,MYOR,RG,1825,142,F,ZP,KZ,F
14:03:47,MYOR,RG,1825,3,D,YP,CS,F
14:03:37,MYOR,RG,1830,1,D,XC,CS,F
14:03:00,MYOR,RG,1830,1,D,XC,CS,F
14:02:52,MYOR,RG,1825,6,F,AK,AK,F
14:02:52,MYOR,RG,1825,16,F,ZP,AK,F
14:02:52,MYOR,RG,1825,4,F,AK,AK,F
14:02:52,MYOR,RG,1825,6,F,AK,AK,F
14:02:52,MYOR,RG,1825,12,F,AK,AK,F
14:02:52,MYOR,RG,1825,7,F,AK,CS,F
14:02:51,MYOR,RG,1825,22,F,AK,CS,F
14:02:51,MYOR,RG,1825,13,F,AK,CS,F
14:02:51,MYOR,RG,1825,3,F,AK,CS,F
14:02:51,MYOR,RG,1825,157,F,ZP,AK,F
14:02:51,MYOR,RG,1825,188,F,ZP,EP,D
14:02:51,MYOR,RG,1820,81,D,PD,DR,D
14:02:51,MYOR,RG,1820,3,D,PD,CS,F
14:02:51,MYOR,RG,1825,3,D,YP,EP,D
14:02:51,MYOR,RG,1825,279,D,CC,EP,D
14:02:51,MYOR,RG,1825,110,F,ZP,EP,D
14:02:51,MYOR,RG,1825,15,F,ZP,EP,D
14:02:51,MYOR,RG,1825,5,F,ZP,EP,D
14:02:29,MYOR,RG,1825,1,F,ZP,KZ,F
14:02:24,MYOR,RG,1825,6,F,ZP,KK,D
14:00:59,MYOR,RG,1825,1,F,ZP,KZ,F
14:00:54,MYOR,RG,1825,3,F,ZP,KZ,F
14:00:54,MYOR,RG,1825,1,F,ZP,KZ,F
14:00:54,MYOR,RG,1825,4,D,CC,KZ,F
14:00:49,MYOR,RG,1825,14,D,CC,KZ,F
14:00:45,MYOR,RG,1825,7,D,CC,AK,F
14:00:45,MYOR,RG,1825,2,D,YB,AK,F
14:00:45,MYOR,RG,1825,34,F,ZP,AK,F
14:00:45,MYOR,RG,1825,1,D,YP,AK,F
14:00:45,MYOR,RG,1825,9,D,YP,CS,F
14:00:45,MYOR,RG,1825,76,F,ZP,CS,F
14:00:45,MYOR,RG,1825,1,D,XL,CS,F
14:00:45,MYOR,RG,1825,2,D,YB,CS,F
14:00:45,MYOR,RG,1825,1,D,DR,CS,F
14:00:45,MYOR,RG,1825,6,D,NI,CS,F
14:00:45,MYOR,RG,1825,4,D,XC,CS,F
14:00:45,MYOR,RG,1825,1,F,ZP,CS,F
14:00:09,MYOR,RG,1825,8,F,ZP,KZ,F
14:00:06,MYOR,RG,1825,36,F,ZP,AI,D
14:00:06,MYOR,RG,1825,10,D,NI,AI,D
14:00:06,MYOR,RG,1825,4,F,ZP,AI,D
13:59:50,MYOR,RG,1830,1,D,XL,CS,F
13:59:44,MYOR,RG,1825,1,F,ZP,KZ,F
13:59:41,MYOR,RG,1825,2,F,ZP,XC,D
13:57:44,MYOR,RG,1825,1,F,ZP,DR,D
13:56:14,MYOR,RG,1825,13,F,ZP,KZ,F
13:56:10,MYOR,RG,1825,30,F,ZP,CS,F
13:56:10,MYOR,RG,1825,10,F,ZP,YP,D
13:56:10,MYOR,RG,1825,1,D,NI,YP,D
13:56:10,MYOR,RG,1825,36,F,ZP,YP,D
13:56:10,MYOR,RG,1825,3,D,CC,YP,D
13:56:01,MYOR,RG,1825,3,D,CC,XL,D
13:55:04,MYOR,RG,1825,3,D,CC,KZ,F
13:55:03,MYOR,RG,1825,11,D,CC,YP,D
13:55:03,MYOR,RG,1825,4,D,CC,YP,D
13:54:59,MYOR,RG,1825,9,D,CC,KZ,F
13:54:57,MYOR,RG,1825,58,D,CC,CS,F
13:54:29,MYOR,RG,1825,6,D,CC,KZ,F
13:54:26,MYOR,RG,1825,34,D,CC,AK,F
13:54:26,MYOR,RG,1830,2,D,YB,CS,F
13:53:29,MYOR,RG,1825,14,D,CC,KZ,F
13:53:25,MYOR,RG,1825,87,D,CC,YP,D
13:52:49,MYOR,RG,1825,2,D,CC,KZ,F
13:52:44,MYOR,RG,1825,1,D,CC,KZ,F
13:52:44,MYOR,RG,1825,8,D,CC,KZ,F
13:52:39,MYOR,RG,1825,10,D,CC,KZ,F
13:52:35,MYOR,RG,1825,37,D,CC,CS,F
13:52:35,MYOR,RG,1825,3,D,CC,CS,F
13:52:35,MYOR,RG,1825,26,F,ZP,CS,F
13:52:35,MYOR,RG,1825,1,F,CC,CS,F
13:52:35,MYOR,RG,1825,30,D,LG,CS,F
13:52:35,MYOR,RG,1825,29,F,ZP,CS,F
13:51:59,MYOR,RG,1825,10,F,ZP,KZ,F
13:51:56,MYOR,RG,1825,58,F,ZP,AK,F
13:51:56,MYOR,RG,1825,1,F,ZP,AK,F
13:51:56,MYOR,RG,1830,2,D,PD,CS,F
13:50:15,MYOR,RG,1825,1,F,ZP,ZR,D
13:50:14,MYOR,RG,1825,16,F,ZP,KZ,F
13:49:16,MYOR,RG,1825,1,F,ZP,YP,D
13:49:16,MYOR,RG,1825,2,D,CC,YP,D
13:48:59,MYOR,RG,1825,93,D,CC,CS,F
13:48:49,MYOR,RG,1825,1,D,CC,PD,D
13:48:39,MYOR,RG,1825,1,D,CC,KZ,F
13:48:36,MYOR,RG,1825,10,D,CC,NI,D
13:48:14,MYOR,RG,1825,5,D,CC,KZ,F
13:48:11,MYOR,RG,1825,18,D,CC,LG,D
13:48:11,MYOR,RG,1825,8,F,ZP,LG,D
13:47:40,MYOR,RG,1825,3,F,ZP,XL,D
13:46:39,MYOR,RG,1825,15,F,ZP,KZ,F
13:46:37,MYOR,RG,1825,1,F,ZP,CS,F
13:46:37,MYOR,RG,1825,90,F,ZP,CS,F
13:46:12,MYOR,RG,1825,1,F,ZP,PD,D
13:45:54,MYOR,RG,1825,5,F,ZP,KZ,F
13:45:49,MYOR,RG,1825,8,F,ZP,SQ,D
13:45:49,MYOR,RG,1825,2,D,NI,SQ,D
13:45:49,MYOR,RG,1825,19,D,YP,SQ,D
13:44:29,MYOR,RG,1825,60,D,YP,KZ,F
13:44:27,MYOR,RG,1825,141,D,YP,CS,F
13:43:38,MYOR,RG,1830,8,D,XL,CS,F
13:43:35,MYOR,RG,1825,80,D,YP,PD,D
13:43:35,MYOR,RG,1825,20,F,ZP,PD,D
13:42:39,MYOR,RG,1825,7,F,ZP,KK,D
13:42:39,MYOR,RG,1825,11,F,ZP,KK,D
13:42:39,MYOR,RG,1825,26,F,ZP,DH,D
13:42:39,MYOR,RG,1825,74,F,ZP,DH,D
13:42:09,MYOR,RG,1825,4,F,ZP,KZ,F
13:41:57,MYOR,RG,1825,27,F,ZP,EP,D
13:41:39,MYOR,RG,1825,13,F,ZP,KZ,F
13:41:39,MYOR,RG,1825,2,D,XC,KZ,F
13:41:39,MYOR,RG,1825,1,D,EP,KZ,F
13:41:39,MYOR,RG,1825,8,D,YP,KZ,F
13:41:39,MYOR,RG,1825,1,D,YB,KZ,F
13:41:39,MYOR,RG,1825,24,F,ZP,KZ,F
13:41:39,MYOR,RG,1825,2,D,CC,KZ,F
13:41:34,MYOR,RG,1825,10,D,CC,KZ,F
13:41:34,MYOR,RG,1825,1,D,CC,KZ,F
13:41:29,MYOR,RG,1825,105,D,CC,CS,F
13:41:29,MYOR,RG,1825,152,D,CC,YP,D
13:41:29,MYOR,RG,1825,21,F,ZP,YP,D
13:41:29,MYOR,RG,1825,3,D,XL,YP,D
13:41:29,MYOR,RG,1825,5,D,YP,YP,D
13:41:29,MYOR,RG,1825,92,F,ZP,YP,D
13:41:00,MYOR,RG,1830,1,D,YP,CS,F
13:40:04,MYOR,RG,1825,5,F,ZP,IP,D
13:39:39,MYOR,RG,1825,12,F,ZP,KZ,F
13:39:37,MYOR,RG,1825,2,F,ZP,YP,D
13:39:31,MYOR,RG,1825,10,F,ZP,NI,D
13:39:30,MYOR,RG,1825,21,F,ZP,EP,D
13:39:30,MYOR,RG,1825,37,D,YP,EP,D
13:39:09,MYOR,RG,1825,1,D,YP,KZ,F
13:38:44,MYOR,RG,1825,10,D,YP,YP,D
13:38:44,MYOR,RG,1825,1,D,YP,KZ,F
13:38:42,MYOR,RG,1825,1,D,YP,NI,D
13:38:09,MYOR,RG,1825,2,D,YP,KZ,F
13:38:02,MYOR,RG,1825,10,D,YP,PD,D
13:37:55,MYOR,RG,1825,1,D,YP,NI,D
13:37:37,MYOR,RG,1825,1,D,YP,CC,D
13:37:29,MYOR,RG,1825,36,D,YP,KZ,F
13:36:56,MYOR,RG,1825,6,F,ZP,AK,F
13:36:56,MYOR,RG,1825,2,F,ZP,AK,F
13:36:56,MYOR,RG,1825,20,F,ZP,NI,D
13:36:56,MYOR,RG,1825,2,F,ZP,AK,F
13:36:56,MYOR,RG,1825,35,F,ZP,AK,F
13:36:56,MYOR,RG,1825,2,F,ZP,AK,F
13:36:55,MYOR,RG,1825,2,F,ZP,AK,F
13:36:55,MYOR,RG,1825,20,F,ZP,AK,F
13:36:54,MYOR,RG,1825,54,F,ZP,CS,F
13:36:54,MYOR,RG,1825,82,F,ZP,AK,F
13:36:54,MYOR,RG,1825,137,F,ZP,KZ,F
13:36:54,MYOR,RG,1825,100,F,ZP,YP,D
13:36:54,MYOR,RG,1825,25,F,ZP,AK,F
13:36:54,MYOR,RG,1825,182,F,ZP,AK,F
13:36:54,MYOR,RG,1825,43,F,ZP,CS,F
13:36:54,MYOR,RG,1825,28,F,ZP,CS,F
13:36:54,MYOR,RG,1825,121,F,ZP,AK,F
13:36:41,MYOR,RG,1825,18,F,ZP,AK,F
13:36:41,MYOR,RG,1825,23,F,ZP,AK,F
13:36:41,MYOR,RG,1825,18,F,ZP,CS,F
13:36:40,MYOR,RG,1825,41,F,ZP,CS,F
13:36:40,MYOR,RG,1825,59,F,ZP,YP,D
13:36:40,MYOR,RG,1825,46,F,ZP,YP,D
13:36:40,MYOR,RG,1825,62,F,ZP,YP,D
13:36:40,MYOR,RG,1825,33,F,ZP,YP,D
13:36:34,MYOR,RG,1825,1,F,ZP,KZ,F
13:36:32,MYOR,RG,1825,38,F,ZP,GR,D
13:36:32,MYOR,RG,1825,1,F,CC,GR,D
13:36:32,MYOR,RG,1825,8,F,ZP,GR,D
13:36:09,MYOR,RG,1825,62,F,ZP,KZ,F
13:36:07,MYOR,RG,1825,26,F,ZP,CS,F
13:36:07,MYOR,RG,1825,30,D,PD,CS,F
13:36:07,MYOR,RG,1825,1,D,DR,CS,F
13:36:07,MYOR,RG,1825,22,F,ZP,CS,F
13:36:06,MYOR,RG,1825,25,F,ZP,YP,D
13:36:06,MYOR,RG,1825,275,D,CC,YP,D
13:35:39,MYOR,RG,1825,2,D,CC,XL,D
13:35:24,MYOR,RG,1825,11,D,CC,KZ,F
13:35:20,MYOR,RG,1825,1,D,CC,PD,D
13:35:20,MYOR,RG,1825,7,D,CC,YP,D
13:35:20,MYOR,RG,1825,12,D,YP,YP,D
13:35:20,MYOR,RG,1825,45,D,YP,YP,D
13:34:54,MYOR,RG,1825,3,D,YP,KZ,F
13:34:49,MYOR,RG,1825,7,D,YP,KZ,F
13:34:49,MYOR,RG,1825,10,D,YP,KZ,F
13:34:49,MYOR,RG,1825,5,D,YP,KZ,F
13:34:44,MYOR,RG,1825,3,D,YP,KZ,F
13:34:44,MYOR,RG,1825,5,D,YB,KZ,F
13:34:44,MYOR,RG,1825,1,D,XL,KZ,F
13:34:39,MYOR,RG,1825,6,D,XL,KZ,F
13:34:39,MYOR,RG,1825,5,D,CC,KZ,F
13:34:39,MYOR,RG,1825,20,D,CC,KZ,F
13:34:39,MYOR,RG,1825,4,D,YP,KZ,F
13:34:39,MYOR,RG,1825,9,D,YP,KZ,F
13:34:39,MYOR,RG,1825,2,D,PD,KZ,F
13:34:39,MYOR,RG,1825,2,D,PD,KZ,F
13:34:39,MYOR,RG,1825,20,D,PD,KZ,F
13:34:39,MYOR,RG,1825,10,D,SQ,KZ,F
13:34:39,MYOR,RG,1825,8,D,EP,KZ,F
13:34:39,MYOR,RG,1825,5,D,EP,KZ,F
13:34:39,MYOR,RG,1825,100,D,EP,KZ,F
13:34:39,MYOR,RG,1825,5,D,SQ,KZ,F
13:34:39,MYOR,RG,1825,5,D,SQ,KZ,F
13:34:39,MYOR,RG,1825,14,F,ZP,KZ,F
13:34:36,MYOR,RG,1825,216,F,ZP,CS,F
13:33:14,MYOR,RG,1825,10,F,ZP,YP,D
13:32:55,MYOR,RG,1825,5,F,ZP,XC,D
13:32:54,MYOR,RG,1825,1,F,ZP,XC,D
13:32:29,MYOR,RG,1825,7,F,ZP,DR,D
13:32:03,MYOR,RG,1825,50,F,ZP,OD,D
13:30:21,MYOR,RG,1830,14,D,CC,KZ,F
13:30:07,MYOR,RG,1825,5,F,ZP,AK,F
13:30:07,MYOR,RG,1825,52,D,CC,AK,F
13:30:07,MYOR,RG,1830,39,F,ZP,KZ,F
13:30:07,MYOR,RG,1830,18,F,ZP,CS,F
13:30:07,MYOR,RG,1830,34,F,ZP,CS,F
13:30:06,MYOR,RG,1830,30,D,CC,CS,F
13:30:04,MYOR,RG,1825,55,D,CC,XL,D
13:30:04,MYOR,RG,1830,4,D,CC,CS,F
13:30:03,MYOR,RG,1825,1,D,CC,XL,D
13:30:03,MYOR,RG,1830,3,F,ZP,CS,F
13:30:03,MYOR,RG,1830,6,F,ZP,CS,F
13:30:03,MYOR,RG,1825,2,D,CC,CC,D
13:30:03,MYOR,RG,1830,2,D,XL,CS,F
13:30:03,MYOR,RG,1825,10,D,CC,YP,D
13:30:02,MYOR,RG,1825,1,D,CC,XC,D
13:30:02,MYOR,RG,1830,1,D,XL,CS,F
13:30:02,MYOR,RG,1830,8,D,YP,CS,F
13:30:02,MYOR,RG,1825,1,D,CC,XC,D
13:30:02,MYOR,RG,1830,5,D,XL,CS,F
13:30:02,MYOR,RG,1830,5,F,ZP,CS,F
13:30:02,MYOR,RG,1830,96,F,ZP,ZP,F
13:30:02,MYOR,RG,1830,6,F,ZP,CC,D
13:30:02,MYOR,RG,1825,6,F,ZP,NI,D
13:30:02,MYOR,RG,1825,1,F,ZP,XC,D
13:30:01,MYOR,RG,1830,1,D,PD,CC,D
13:30:01,MYOR,RG,1825,6,F,ZP,PD,D
13:30:01,MYOR,RG,1825,2,F,ZP,PD,D
13:30:01,MYOR,RG,1825,1,F,ZP,PD,D
13:30:01,MYOR,RG,1830,1,D,PD,CC,D
13:30:01,MYOR,RG,1830,27,D,EP,CC,D
13:30:01,MYOR,RG,1825,25,F,ZP,DH,D
13:30:01,MYOR,RG,1830,10,D,EP,CC,D
13:30:01,MYOR,RG,1825,4,F,ZP,XC,D
13:30:01,MYOR,RG,1830,6,D,EP,CC,D
13:30:01,MYOR,RG,1830,34,D,EP,KZ,F
11:29:57,MYOR,RG,1825,5,F,ZP,YP,D
11:29:43,MYOR,RG,1825,4,F,ZP,YP,D
11:29:38,MYOR,RG,1830,9,F,ZP,KZ,F
11:29:31,MYOR,RG,1830,9,D,RX,KZ,F
11:29:31,MYOR,RG,1830,11,D,RX,CS,F
11:29:31,MYOR,RG,1830,22,D,RX,CS,F
11:29:24,MYOR,RG,1830,3,F,ZP,CS,F
11:29:11,MYOR,RG,1830,13,D,RX,CS,F
11:29:11,MYOR,RG,1830,8,D,RX,KK,D
11:29:08,MYOR,RG,1830,13,D,RX,KK,D
11:29:08,MYOR,RG,1830,7,D,RX,PD,D
11:28:40,MYOR,RG,1830,3,F,ZP,PD,D
11:28:40,MYOR,RG,1830,1,F,ZP,KZ,F
11:28:40,MYOR,RG,1830,23,F,ZP,CS,F
11:28:40,MYOR,RG,1825,11,F,ZP,ZP,D
11:28:40,MYOR,RG,1825,15,D,YP,ZP,D
11:28:40,MYOR,RG,1825,10,D,PD,ZP,D
11:28:40,MYOR,RG,1825,1,D,XC,ZP,D
11:28:40,MYOR,RG,1825,13,D,YP,ZP,D
11:28:40,MYOR,RG,1825,10,D,YP,ZP,D
11:28:40,MYOR,RG,1825,20,D,EP,ZP,D
11:28:40,MYOR,RG,1825,10,D,OD,ZP,D
11:28:40,MYOR,RG,1825,10,D,YP,ZP,D
11:28:30,MYOR,RG,1830,13,D,RX,CS,F
11:28:26,MYOR,RG,1830,15,D,RX,CS,F
11:28:18,MYOR,RG,1830,1,F,ZP,CS,F
11:28:18,MYOR,RG,1830,14,F,ZP,CS,F
11:28:18,MYOR,RG,1830,16,F,ZP,CS,F
11:28:18,MYOR,RG,1830,8,F,ZP,CS,F
11:28:18,MYOR,RG,1830,8,F,ZP,CS,F
11:28:18,MYOR,RG,1830,136,F,ZP,YP,D
11:28:18,MYOR,RG,1825,57,F,ZP,CC,D
11:28:18,MYOR,RG,1825,50,D,DH,CC,D
11:28:18,MYOR,RG,1825,6,D,PD,CC,D
11:28:18,MYOR,RG,1825,2,D,NI,CC,D
11:28:18,MYOR,RG,1825,15,D,YP,CC,D
11:28:18,MYOR,RG,1825,237,F,ZP,CC,D
11:28:18,MYOR,RG,1825,50,D,PD,CC,D
11:28:18,MYOR,RG,1825,10,D,LG,CC,D
11:28:18,MYOR,RG,1825,5,D,YP,CC,D
11:28:18,MYOR,RG,1825,100,D,PD,CC,D
11:28:18,MYOR,RG,1825,27,D,CC,CC,D
11:28:18,MYOR,RG,1825,100,D,PD,CC,D
11:28:18,MYOR,RG,1825,126,F,ZP,CC,D
11:28:18,MYOR,RG,1825,52,F,ZP,CC,D
11:28:18,MYOR,RG,1825,94,F,BK,CC,D
11:28:18,MYOR,RG,1825,69,F,ZP,CC,D
11:27:59,MYOR,RG,1830,14,D,RX,YP,D
11:27:59,MYOR,RG,1830,1,D,RX,KZ,F
11:27:51,MYOR,RG,1830,4,D,RX,YP,D
11:27:51,MYOR,RG,1830,10,D,RX,KZ,F
11:27:49,MYOR,RG,1830,3,D,RX,KZ,F
11:27:30,MYOR,RG,1825,19,F,ZP,PD,D
11:27:30,MYOR,RG,1825,1,F,ZP,PD,D
11:27:27,MYOR,RG,1830,10,D,RX,KZ,F
11:27:10,MYOR,RG,1830,11,D,RX,KZ,F
11:27:08,MYOR,RG,1825,1,F,ZP,XL,D
11:27:08,MYOR,RG,1825,5,F,ZP,XL,D
11:26:57,MYOR,RG,1830,18,D,RX,KZ,F
11:26:38,MYOR,RG,1830,6,D,RX,KZ,F
11:26:38,MYOR,RG,1830,7,D,RX,SQ,D
11:26:15,MYOR,RG,1830,13,D,RX,SQ,D
11:26:08,MYOR,RG,1830,4,D,RX,SQ,D
11:26:06,MYOR,RG,1830,9,D,RX,SQ,D
11:25:46,MYOR,RG,1830,26,D,RX,SQ,D
11:25:36,MYOR,RG,1830,14,D,RX,SQ,D
11:25:17,MYOR,RG,1825,2,F,ZP,YP,D
11:25:04,MYOR,RG,1830,32,D,RX,SQ,D
11:24:46,MYOR,RG,1830,50,D,DH,SQ,D
11:23:50,MYOR,RG,1825,36,F,ZP,XC,D
11:23:50,MYOR,RG,1825,16,F,ZP,XC,D
11:22:06,MYOR,RG,1825,1,F,ZP,XC,D
11:21:17,MYOR,RG,1830,1,D,XC,SQ,D
11:21:15,MYOR,RG,1830,122,D,CC,SQ,D
11:21:15,MYOR,RG,1830,22,F,ZP,SQ,D
11:21:01,MYOR,RG,1830,2,F,ZP,XL,D
11:20:59,MYOR,RG,1830,1,F,ZP,KZ,F
11:20:56,MYOR,RG,1830,3,F,ZP,XC,D
11:20:34,MYOR,RG,1830,3,F,ZP,KZ,F
11:20:29,MYOR,RG,1830,6,F,ZP,KZ,F
11:20:25,MYOR,RG,1830,55,F,ZP,LS,D
11:20:24,MYOR,RG,1830,15,F,ZP,KZ,F
11:20:19,MYOR,RG,1830,196,F,ZP,KZ,F
11:20:19,MYOR,RG,1830,2,D,CC,KZ,F
11:20:14,MYOR,RG,1830,136,F,AK,YP,D
11:20:14,MYOR,RG,1830,15,D,RX,YP,D
11:20:14,MYOR,RG,1830,300,D,CC,YP,D
11:20:14,MYOR,RG,1830,5,D,SQ,YP,D
11:20:14,MYOR,RG,1830,1,F,CC,YP,D
11:20:14,MYOR,RG,1830,1,D,YP,YP,D
11:20:14,MYOR,RG,1830,1,D,PD,YP,D
11:20:14,MYOR,RG,1830,41,D,RX,YP,D
11:20:14,MYOR,RG,1830,46,D,RX,YP,D
11:20:14,MYOR,RG,1830,14,D,YP,YP,D
11:20:14,MYOR,RG,1830,10,D,KK,YP,D
11:20:14,MYOR,RG,1830,8,D,EP,YP,D
11:20:14,MYOR,RG,1830,2,D,XC,YP,D
11:20:14,MYOR,RG,1830,40,D,PD,YP,D
11:20:14,MYOR,RG,1830,50,D,EP,YP,D
11:20:14,MYOR,RG,1830,56,D,RX,YP,D
11:20:14,MYOR,RG,1830,60,D,RX,YP,D
11:20:14,MYOR,RG,1830,100,D,SQ,YP,D
11:20:14,MYOR,RG,1830,6,F,BK,YP,D
11:20:14,MYOR,RG,1830,58,F,ZP,YP,D
11:20:12,MYOR,RG,1830,1,F,ZP,AK,F
11:20:12,MYOR,RG,1835,13,D,RX,CS,F
11:19:59,MYOR,RG,1830,1,F,ZP,AK,F
11:19:58,MYOR,RG,1835,17,D,CC,CS,F
11:19:58,MYOR,RG,1835,33,D,CC,CS,F
11:19:58,MYOR,RG,1830,1,F,ZP,AK,F
11:19:57,MYOR,RG,1835,50,D,CC,CS,F
11:19:56,MYOR,RG,1830,1,F,ZP,AK,F
11:19:56,MYOR,RG,1835,41,D,CC,CS,F
11:19:56,MYOR,RG,1835,9,D,CC,KZ,F
11:19:54,MYOR,RG,1830,1,F,ZP,AK,F
11:19:53,MYOR,RG,1835,18,D,CC,KZ,F
11:19:53,MYOR,RG,1835,1,D,CC,DR,D
11:19:53,MYOR,RG,1835,5,D,CC,LG,D
11:19:53,MYOR,RG,1835,3,D,CC,YP,D
11:19:53,MYOR,RG,1835,16,D,CC,KZ,F
11:19:53,MYOR,RG,1835,7,D,CC,KZ,F
11:19:37,MYOR,RG,1830,1,F,ZP,AK,F
11:19:37,MYOR,RG,1835,8,D,RX,KZ,F
11:19:37,MYOR,RG,1835,9,D,RX,CS,F
11:19:25,MYOR,RG,1835,20,D,RX,CS,F
11:18:37,MYOR,RG,1835,20,D,RX,CS,F
11:18:24,MYOR,RG,1835,20,D,RX,CS,F
11:17:53,MYOR,RG,1830,1,F,ZP,DR,D
11:17:37,MYOR,RG,1835,12,D,RX,CS,F
11:17:17,MYOR,RG,1835,11,D,RX,CS,F
11:17:01,MYOR,RG,1835,11,D,RX,CS,F
11:17:00,MYOR,RG,1830,3,F,ZP,YP,D
11:16:44,MYOR,RG,1835,15,D,RX,CS,F
11:16:44,MYOR,RG,1835,19,D,RX,KZ,F
11:16:34,MYOR,RG,1830,56,F,ZP,CS,F
11:16:26,MYOR,RG,1835,34,D,RX,KZ,F
11:16:22,MYOR,RG,1830,2,F,ZP,XC,D
11:16:18,MYOR,RG,1835,100,D,XL,KZ,F
11:15:41,MYOR,RG,1830,2,F,ZP,XL,D
11:15:37,MYOR,RG,1830,17,F,ZP,KK,D
11:15:11,MYOR,RG,1830,61,F,ZP,CS,F
11:14:54,MYOR,RG,1835,26,D,RX,KZ,F
11:14:34,MYOR,RG,1835,24,D,RX,KZ,F
11:14:00,MYOR,RG,1835,11,D,RX,KZ,F
11:13:53,MYOR,RG,1835,13,D,RX,KZ,F
11:13:43,MYOR,RG,1830,116,F,ZP,CS,F
11:13:30,MYOR,RG,1835,163,D,EP,KZ,F
11:13:10,MYOR,RG,1835,11,D,RX,KZ,F
11:12:58,MYOR,RG,1835,19,D,CD,KZ,F
11:12:57,MYOR,RG,1835,1,D,XL,KZ,F
11:12:55,MYOR,RG,1835,27,D,RX,KZ,F
11:12:23,MYOR,RG,1835,23,D,RX,KZ,F
11:11:55,MYOR,RG,1830,6,F,ZP,NI,D
11:11:53,MYOR,RG,1835,18,D,RX,KZ,F
11:11:46,MYOR,RG,1830,10,F,ZP,RO,D
11:11:39,MYOR,RG,1830,41,F,ZP,KZ,F
11:11:39,MYOR,RG,1830,46,F,ZP,KZ,F
11:11:31,MYOR,RG,1835,11,D,RX,KZ,F
11:11:06,MYOR,RG,1830,162,F,ZP,CS,F
11:11:06,MYOR,RG,1830,129,D,KK,CS,F
11:10:25,MYOR,RG,1830,1,D,KK,NI,D
11:10:19,MYOR,RG,1830,20,D,KK,PD,D
11:09:25,MYOR,RG,1830,1,F,CC,YP,D
11:09:25,MYOR,RG,1830,19,D,GR,YP,D
11:09:03,MYOR,RG,1830,1,D,GR,XC,D
11:09:00,MYOR,RG,1830,7,D,GR,EP,D
11:09:00,MYOR,RG,1830,16,D,EP,EP,D
11:09:00,MYOR,RG,1830,15,D,YP,EP,D
11:09:00,MYOR,RG,1830,15,D,XC,EP,D
11:09:00,MYOR,RG,1830,27,D,EP,EP,D
11:09:00,MYOR,RG,1830,2,D,YB,EP,D
11:09:00,MYOR,RG,1830,5,D,YP,EP,D
11:09:00,MYOR,RG,1830,1,D,XL,EP,D
11:09:00,MYOR,RG,1830,6,D,XC,EP,D
11:09:00,MYOR,RG,1830,2,D,XL,EP,D
11:09:00,MYOR,RG,1830,16,D,EP,EP,D
11:09:00,MYOR,RG,1830,10,D,OD,EP,D
11:09:00,MYOR,RG,1830,3,D,EP,EP,D
11:07:50,MYOR,RG,1830,4,D,EP,EP,D
11:07:18,MYOR,RG,1835,2,D,YB,CS,F
11:07:01,MYOR,RG,1835,2,D,YB,CS,F
11:06:28,MYOR,RG,1840,1,D,XL,PD,D
11:05:29,MYOR,RG,1830,13,D,EP,KZ,F
11:05:29,MYOR,RG,1830,230,D,YJ,KZ,F
11:05:29,MYOR,RG,1830,2,D,CC,KZ,F
11:05:29,MYOR,RG,1830,1,D,EP,KZ,F
11:05:29,MYOR,RG,1830,25,D,LG,KZ,F
11:05:29,MYOR,RG,1830,25,D,EP,KZ,F
11:05:29,MYOR,RG,1830,273,F,BK,KZ,F
11:05:29,MYOR,RG,1830,5,D,YP,KZ,F
11:05:29,MYOR,RG,1830,3,D,KK,KZ,F
11:05:29,MYOR,RG,1830,50,D,PD,KZ,F
11:05:29,MYOR,RG,1830,50,D,CC,KZ,F
11:05:29,MYOR,RG,1830,5,D,LG,KZ,F
11:05:29,MYOR,RG,1830,4,D,CC,KZ,F
11:05:29,MYOR,RG,1830,27,D,EP,KZ,F
11:05:29,MYOR,RG,1830,50,D,KK,KZ,F
11:05:29,MYOR,RG,1830,1,D,XC,KZ,F
11:05:29,MYOR,RG,1830,10,D,YP,KZ,F
11:05:29,MYOR,RG,1830,50,D,HP,KZ,F
11:05:29,MYOR,RG,1830,2,D,NI,KZ,F
11:05:29,MYOR,RG,1830,55,D,EP,KZ,F
11:05:29,MYOR,RG,1830,17,D,XC,KZ,F
11:05:29,MYOR,RG,1830,158,F,BK,KZ,F
11:05:29,MYOR,RG,1830,20,D,BQ,KZ,F
11:05:29,MYOR,RG,1830,5,D,PD,KZ,F
11:05:29,MYOR,RG,1830,20,D,YP,KZ,F
11:05:29,MYOR,RG,1830,35,D,YP,KZ,F
11:05:29,MYOR,RG,1830,1000,D,KK,KZ,F
11:05:29,MYOR,RG,1830,50,D,CC,KZ,F
11:05:29,MYOR,RG,1830,5,D,XL,KZ,F
11:05:29,MYOR,RG,1830,75,D,YP,KZ,F
11:05:29,MYOR,RG,1830,10,D,YP,KZ,F
11:05:29,MYOR,RG,1830,2,D,EP,KZ,F
11:05:29,MYOR,RG,1830,180,F,AK,KZ,F
11:05:29,MYOR,RG,1830,79,F,ZP,KZ,F
11:05:29,MYOR,RG,1835,11,F,BK,KZ,F
11:05:29,MYOR,RG,1835,196,F,BK,KZ,F
11:05:29,MYOR,RG,1835,89,F,BK,KZ,F
11:05:29,MYOR,RG,1835,64,D,RX,KZ,F
11:05:29,MYOR,RG,1835,18,D,RX,KZ,F
11:05:29,MYOR,RG,1835,20,D,RX,KZ,F
11:05:29,MYOR,RG,1835,65,D,RX,KZ,F
11:05:24,MYOR,RG,1835,1,D,RX,XL,D
11:05:03,MYOR,RG,1840,6,D,RX,PD,D
11:05:02,MYOR,RG,1835,9,D,RX,CS,F
11:05:02,MYOR,RG,1835,5,D,RX,KZ,F
11:05:02,MYOR,RG,1835,8,D,RX,IF,D
11:05:02,MYOR,RG,1835,21,F,BK,IF,D
11:05:01,MYOR,RG,1835,1,D,RX,IF,D
11:05:01,MYOR,RG,1835,1,D,RX,DR,D
11:05:01,MYOR,RG,1835,10,D,RX,KZ,F
11:05:01,MYOR,RG,1835,2,D,RX,YJ,D
11:04:45,MYOR,RG,1835,14,F,BK,YJ,D
11:04:45,MYOR,RG,1835,1,F,BK,XC,D
11:04:45,MYOR,RG,1835,14,F,BK,CS,F
11:04:45,MYOR,RG,1835,12,F,BK,CC,D
11:04:10,MYOR,RG,1835,12,F,BK,CC,D
11:04:05,MYOR,RG,1835,3,D,RX,CC,D
11:04:05,MYOR,RG,1835,1,D,RX,YP,D
11:04:05,MYOR,RG,1835,14,D,RX,KZ,F
11:03:09,MYOR,RG,1835,17,D,RX,KZ,F
11:03:04,MYOR,RG,1835,6,F,BK,KZ,F
11:03:04,MYOR,RG,1835,5,F,BK,CS,F
11:03:00,MYOR,RG,1835,14,F,BK,CS,F
11:03:00,MYOR,RG,1835,19,F,BK,ZP,F
11:02:56,MYOR,RG,1835,66,F,BK,ZP,F
11:02:56,MYOR,RG,1835,76,F,BK,ZP,F
11:02:55,MYOR,RG,1835,25,F,BK,ZP,F
11:02:55,MYOR,RG,1835,22,F,BK,CS,F
11:02:55,MYOR,RG,1835,17,F,BK,KZ,F
11:02:55,MYOR,RG,1835,17,F,BK,NI,D
11:02:55,MYOR,RG,1835,20,D,RX,NI,D
11:02:24,MYOR,RG,1835,16,F,BK,NI,D
11:02:19,MYOR,RG,1840,18,F,BK,PD,D
11:02:16,MYOR,RG,1830,25,F,ZP,CS,F
11:02:16,MYOR,RG,1835,10,D,YP,CS,F
11:02:16,MYOR,RG,1835,25,D,YP,CS,F
11:02:16,MYOR,RG,1835,5,D,YP,KZ,F
11:02:16,MYOR,RG,1835,30,D,YP,CS,F
11:02:16,MYOR,RG,1835,28,D,YP,KZ,F
11:02:16,MYOR,RG,1835,1,D,YP,CS,F
11:02:16,MYOR,RG,1835,1,D,YP,ZP,F
11:02:12,MYOR,RG,1835,10,D,EP,ZP,F
11:02:00,MYOR,RG,1835,17,D,RX,ZP,F
11:01:38,MYOR,RG,1835,25,D,RX,ZP,F
11:01:19,MYOR,RG,1835,36,D,CC,ZP,F
11:00:53,MYOR,RG,1835,23,D,RX,ZP,F
11:00:30,MYOR,RG,1835,15,D,RX,ZP,F
10:59:49,MYOR,RG,1835,14,D,RX,ZP,F
10:59:33,MYOR,RG,1835,18,D,RX,ZP,F
10:59:31,MYOR,RG,1830,10,F,ZP,RO,D
10:58:44,MYOR,RG,1835,1,D,YB,ZP,F
10:58:37,MYOR,RG,1835,20,D,RX,ZP,F
10:58:37,MYOR,RG,1835,1,D,RX,CC,D
10:58:32,MYOR,RG,1835,10,D,RX,DH,D
10:58:32,MYOR,RG,1835,1,D,RX,YP,D
10:58:25,MYOR,RG,1830,1,F,ZP,XC,D
10:57:54,MYOR,RG,1835,36,D,LS,KZ,F
10:57:54,MYOR,RG,1835,19,D,LS,CS,F
10:57:52,MYOR,RG,1835,4,D,YP,CS,F
10:57:52,MYOR,RG,1835,60,D,YP,ZP,F
10:57:39,MYOR,RG,1835,1,D,YP,ZP,F
10:57:37,MYOR,RG,1835,21,D,RX,ZP,F
10:57:37,MYOR,RG,1835,18,D,XC,ZP,F
10:57:29,MYOR,RG,1835,3,D,EP,ZP,F
10:57:25,MYOR,RG,1835,77,F,AK,ZP,F
10:57:25,MYOR,RG,1835,1,F,AK,KZ,F
10:57:25,MYOR,RG,1835,2,F,AK,YP,D
10:57:25,MYOR,RG,1835,1,F,AK,KZ,F
10:57:25,MYOR,RG,1835,6,F,AK,XC,D
10:57:25,MYOR,RG,1835,15,F,AK,KZ,F
10:57:25,MYOR,RG,1835,93,F,AK,CS,F
10:57:25,MYOR,RG,1835,2,F,AK,XC,D
10:57:25,MYOR,RG,1835,33,F,AK,KZ,F
10:57:25,MYOR,RG,1835,53,F,AK,GR,D
10:57:24,MYOR,RG,1835,35,D,PD,GR,D
10:57:23,MYOR,RG,1835,24,D,RX,GR,D
10:56:41,MYOR,RG,1835,24,D,RX,GR,D
10:56:35,MYOR,RG,1835,4,D,XL,GR,D
10:56:18,MYOR,RG,1835,17,D,RX,GR,D
10:56:17,MYOR,RG,1830,5,F,ZP,LG,D
10:56:13,MYOR,RG,1830,2,F,ZP,HP,D
10:55:55,MYOR,RG,1830,12,F,ZP,CC,D
10:55:13,MYOR,RG,1830,18,F,ZP,XL,D
10:54:36,MYOR,RG,1830,11,F,ZP,PD,D
10:54:30,MYOR,RG,1830,1,F,ZP,PD,D
10:54:11,MYOR,RG,1830,5,F,ZP,DR,D
10:51:38,MYOR,RG,1835,30,D,EP,GR,D
10:51:38,MYOR,RG,1835,13,F,BK,GR,D
10:51:27,MYOR,RG,1835,16,F,BK,KZ,F
10:51:27,MYOR,RG,1835,28,F,BK,KZ,F
10:51:26,MYOR,RG,1835,1,F,BK,CS,F
10:51:26,MYOR,RG,1835,26,F,BK,CS,F
10:51:26,MYOR,RG,1835,5,D,XC,CS,F
10:51:26,MYOR,RG,1835,1,F,CC,CS,F
10:51:26,MYOR,RG,1835,29,F,BK,CS,F
10:51:26,MYOR,RG,1835,50,F,BK,YP,D
10:51:26,MYOR,RG,1835,100,F,BK,YP,D
10:51:26,MYOR,RG,1835,11,F,BK,YP,D
10:51:26,MYOR,RG,1835,15,D,KK,YP,D
10:51:26,MYOR,RG,1835,24,D,KK,YP,D
10:51:16,MYOR,RG,1835,6,D,KK,XL,D
10:51:16,MYOR,RG,1835,4,D,KK,XL,D
10:50:42,MYOR,RG,1835,1,D,KK,KZ,F
10:50:10,MYOR,RG,1835,6,D,CS,LG,D
10:50:04,MYOR,RG,1835,1,D,CS,YP,D
10:50:02,MYOR,RG,1835,10,D,CS,KZ,F
10:50:02,MYOR,RG,1835,7,D,CS,KZ,F
10:49:47,MYOR,RG,1835,13,D,CS,CS,F
10:49:47,MYOR,RG,1835,4,D,YP,CS,F
10:49:47,MYOR,RG,1835,20,D,CC,CS,F
10:49:47,MYOR,RG,1835,10,D,OD,CS,F
10:49:47,MYOR,RG,1835,3,D,CC,CS,F
10:49:47,MYOR,RG,1835,54,F,BK,CS,F
10:49:17,MYOR,RG,1835,1,F,BK,KZ,F
10:49:16,MYOR,RG,1835,6,F,BK,XC,D
10:48:32,MYOR,RG,1835,1,F,BK,KZ,F
10:48:27,MYOR,RG,1835,7,F,BK,KK,D
10:48:27,MYOR,RG,1835,32,F,BK,KZ,F
10:48:22,MYOR,RG,1835,15,F,BK,KZ,F
10:48:22,MYOR,RG,1835,17,F,BK,KZ,F
10:48:22,MYOR,RG,1835,50,F,BK,KZ,F
10:48:19,MYOR,RG,1835,6,F,BK,XL,D
10:48:17,MYOR,RG,1835,1,F,BK,KZ,F
10:48:17,MYOR,RG,1835,4,F,BK,KZ,F
10:48:17,MYOR,RG,1835,1,F,BK,KZ,F
10:48:17,MYOR,RG,1835,42,F,BK,KZ,F
10:48:17,MYOR,RG,1835,66,F,BK,YU,D
10:48:17,MYOR,RG,1835,23,D,CS,YU,D
10:48:17,MYOR,RG,1835,196,D,RX,YU,D
10:48:17,MYOR,RG,1835,115,D,RX,YU,D
10:48:15,MYOR,RG,1835,5,D,RX,OD,D
10:48:11,MYOR,RG,1835,10,D,RX,LG,D
10:47:43,MYOR,RG,1835,29,D,RX,CC,D
10:47:43,MYOR,RG,1840,28,D,EP,PD,D
10:47:42,MYOR,RG,1835,2,D,RX,KZ,F
10:47:29,MYOR,RG,1835,29,D,RX,CS,F
10:47:29,MYOR,RG,1835,16,D,CS,CS,F
10:47:29,MYOR,RG,1835,39,D,CS,CS,F
10:47:29,MYOR,RG,1835,11,D,CS,CS,F
10:47:29,MYOR,RG,1835,18,D,CS,CS,F
10:47:29,MYOR,RG,1835,5,D,LG,CS,F
10:47:29,MYOR,RG,1835,55,F,BK,CS,F
10:47:16,MYOR,RG,1835,16,F,BK,XC,D
10:47:09,MYOR,RG,1835,1,F,BK,XC,D
10:46:31,MYOR,RG,1835,3,F,BK,XL,D
10:46:17,MYOR,RG,1840,10,D,XL,PD,D
10:46:09,MYOR,RG,1840,6,D,ZP,PD,D
10:45:54,MYOR,RG,1835,20,F,BK,KK,D
10:45:42,MYOR,RG,1835,2,F,BK,EP,D
10:45:42,MYOR,RG,1835,3,D,XL,EP,D
10:45:35,MYOR,RG,1835,1,D,XL,YP,D
10:45:34,MYOR,RG,1835,1,D,XL,OD,D
10:45:07,MYOR,RG,1835,8,D,XL,YP,D
10:44:53,MYOR,RG,1835,1,D,XL,KK,D
10:44:37,MYOR,RG,1835,1,D,XL,KK,D
10:44:27,MYOR,RG,1840,5,D,OD,PD,D
10:44:22,MYOR,RG,1835,1,D,XL,XL,D
10:44:15,MYOR,RG,1835,1,D,XL,DR,D
10:43:40,MYOR,RG,1835,64,D,XL,EP,D
10:43:40,MYOR,RG,1835,166,F,BK,EP,D
10:43:32,MYOR,RG,1835,4,F,BK,KK,D
10:43:32,MYOR,RG,1835,45,D,PD,KK,D
10:43:07,MYOR,RG,1835,1,D,PD,KZ,F
10:43:04,MYOR,RG,1835,2,D,PD,DH,D
10:42:02,MYOR,RG,1835,2,D,PD,DH,D
10:41:17,MYOR,RG,1835,105,F,BK,KZ,F
10:41:17,MYOR,RG,1835,57,D,CS,KZ,F
10:41:17,MYOR,RG,1835,1,D,YB,KZ,F
10:41:17,MYOR,RG,1835,20,D,EP,KZ,F
10:41:17,MYOR,RG,1835,17,F,BK,KZ,F
10:41:12,MYOR,RG,1835,49,F,BK,KZ,F
10:41:07,MYOR,RG,1835,14,F,BK,KZ,F
10:41:07,MYOR,RG,1835,170,F,BK,KZ,F
10:41:07,MYOR,RG,1835,8,D,CS,KZ,F
10:41:07,MYOR,RG,1835,8,D,EP,KZ,F
10:40:23,MYOR,RG,1835,65,F,BK,CS,F
10:40:23,MYOR,RG,1835,17,D,CS,CS,F
10:40:23,MYOR,RG,1835,10,D,CS,CS,F
10:40:23,MYOR,RG,1835,36,D,CS,CS,F
10:40:23,MYOR,RG,1830,84,F,ZP,CS,F
10:40:23,MYOR,RG,1830,2,D,PD,CS,F
10:40:23,MYOR,RG,1835,86,D,YB,CS,F
10:40:23,MYOR,RG,1835,12,D,YB,KZ,F
10:40:23,MYOR,RG,1835,75,D,YB,YP,D
10:40:23,MYOR,RG,1835,31,D,YB,KZ,F
10:40:23,MYOR,RG,1835,50,D,YB,CS,F
10:40:23,MYOR,RG,1835,46,D,YB,PD,D
10:40:06,MYOR,RG,1835,1,D,XL,PD,D
10:39:51,MYOR,RG,1835,1,D,PD,PD,D
10:39:21,MYOR,RG,1835,2,D,XL,PD,D
10:39:15,MYOR,RG,1830,1,D,PD,CS,F
10:39:15,MYOR,RG,1835,1,D,YB,CS,F
10:39:08,MYOR,RG,1835,1,D,YB,CS,F
10:38:25,MYOR,RG,1835,58,F,AK,CS,F
10:38:25,MYOR,RG,1835,21,D,HP,CS,F
10:38:24,MYOR,RG,1835,5,D,HP,CS,F
10:38:24,MYOR,RG,1835,2,D,HP,YP,D
10:38:24,MYOR,RG,1835,2,D,HP,XC,D
10:38:24,MYOR,RG,1835,1,D,YP,KZ,F
10:38:20,MYOR,RG,1835,15,D,EP,KZ,F
10:37:53,MYOR,RG,1835,15,D,LG,KZ,F
10:37:20,MYOR,RG,1835,2,D,YB,KZ,F
10:37:19,MYOR,RG,1835,5,D,YB,CS,F
10:37:16,MYOR,RG,1835,14,D,YB,CS,F
10:37:16,MYOR,RG,1835,4,D,YB,KZ,F
10:37:16,MYOR,RG,1835,35,D,CS,KZ,F
10:37:16,MYOR,RG,1835,35,D,CS,KZ,F
10:37:16,MYOR,RG,1835,11,D,RX,KZ,F
10:37:16,MYOR,RG,1835,94,D,RX,KZ,F
10:37:16,MYOR,RG,1835,17,F,CC,KZ,F
10:37:16,MYOR,RG,1835,233,F,BK,KZ,F
10:37:16,MYOR,RG,1835,130,F,AK,KZ,F
10:37:16,MYOR,RG,1835,12,D,EP,KZ,F
10:37:16,MYOR,RG,1835,29,D,EP,KZ,F
10:37:11,MYOR,RG,1840,12,F,BK,PD,D
10:37:06,MYOR,RG,1840,25,F,BK,PD,D
10:37:05,MYOR,RG,1835,148,D,EP,CS,F
10:36:55,MYOR,RG,1840,16,F,BK,PD,D
10:36:52,MYOR,RG,1835,2,D,EP,YP,D
10:36:47,MYOR,RG,1840,56,F,BK,PD,D
10:36:44,MYOR,RG,1840,283,F,AK,PD,D
10:36:44,MYOR,RG,1840,56,F,BK,PD,D
10:36:39,MYOR,RG,1840,283,F,AK,PD,D
10:36:39,MYOR,RG,1840,50,F,BK,PD,D
10:36:36,MYOR,RG,1840,283,F,AK,PD,D
10:36:36,MYOR,RG,1835,60,D,EP,CC,D
10:36:31,MYOR,RG,1835,1,D,EP,DR,D
10:36:27,MYOR,RG,1840,17,F,BK,PD,D
10:36:27,MYOR,RG,1835,4,D,EP,XC,D
10:36:23,MYOR,RG,1835,100,D,EP,CC,D
10:36:16,MYOR,RG,1835,5,D,EP,DH,D
10:36:10,MYOR,RG,1835,2,D,EP,DR,D
10:36:01,MYOR,RG,1840,6,D,XL,PD,D
10:35:59,MYOR,RG,1835,2,D,EP,YP,D
10:35:41,MYOR,RG,1840,22,F,BK,PD,D
10:35:38,MYOR,RG,1840,2,D,YP,PD,D
10:35:36,MYOR,RG,1840,50,D,CC,PD,D
10:35:04,MYOR,RG,1840,12,F,BK,PD,D
10:34:58,MYOR,RG,1840,42,F,BK,PD,D
10:34:54,MYOR,RG,1840,252,F,BK,PD,D
10:34:52,MYOR,RG,1840,283,F,AK,PD,D
10:34:51,MYOR,RG,1840,283,F,AK,PD,D
10:34:51,MYOR,RG,1840,283,F,AK,PD,D
10:34:51,MYOR,RG,1840,238,F,AK,PD,D
10:34:51,MYOR,RG,1840,3,F,AK,YP,D
10:34:51,MYOR,RG,1840,2,F,AK,CP,D
10:34:51,MYOR,RG,1840,2,F,AK,DR,D
10:34:51,MYOR,RG,1840,38,F,AK,PD,D
10:34:50,MYOR,RG,1840,65,F,AK,PD,D
10:34:50,MYOR,RG,1840,30,F,AK,PD,D
10:34:50,MYOR,RG,1840,3,F,AK,PD,D
10:34:50,MYOR,RG,1840,3,F,AK,PD,D
10:34:50,MYOR,RG,1840,10,F,AK,KK,D
10:34:50,MYOR,RG,1840,1,F,AK,PD,D
10:34:50,MYOR,RG,1840,171,F,AK,YP,D
10:34:50,MYOR,RG,1840,91,F,BK,YP,D
10:34:48,MYOR,RG,1835,1,D,EP,CS,F
10:34:48,MYOR,RG,1835,112,D,EP,CS,F
10:34:48,MYOR,RG,1840,18,D,PD,YP,D
10:34:48,MYOR,RG,1840,3,D,PD,DR,D
10:34:48,MYOR,RG,1840,125,D,PD,LG,D
10:34:48,MYOR,RG,1840,5,D,PD,SQ,D
10:34:48,MYOR,RG,1840,20,D,PD,XC,D
10:34:48,MYOR,RG,1840,10,D,PD,YP,D
10:34:48,MYOR,RG,1840,267,D,PD,YP,D
10:34:41,MYOR,RG,1830,2,D,PD,CS,F
10:34:41,MYOR,RG,1835,2,F,BK,CS,F
10:34:40,MYOR,RG,1835,1,F,BK,CS,F
10:34:40,MYOR,RG,1835,1,F,BK,PD,D
10:34:40,MYOR,RG,1830,4,D,PD,XC,D
10:34:25,MYOR,RG,1830,1,D,PD,XL,D
10:34:24,MYOR,RG,1835,26,D,CC,CS,F
10:34:24,MYOR,RG,1835,5,D,CC,DR,D
10:34:24,MYOR,RG,1835,1,D,CC,XC,D
10:34:24,MYOR,RG,1835,13,D,CC,XC,D
10:34:24,MYOR,RG,1835,1,D,CC,CC,D
10:34:24,MYOR,RG,1835,17,D,CC,KK,D
10:34:23,MYOR,RG,1835,10,D,YP,KK,D
10:34:09,MYOR,RG,1835,3,D,EP,KK,D
10:33:01,MYOR,RG,1835,2,F,BK,CS,F
10:33:00,MYOR,RG,1835,1,F,BK,YP,D
10:33:00,MYOR,RG,1835,14,F,BK,DR,D
10:32:59,MYOR,RG,1835,6,D,EP,DR,D
10:32:59,MYOR,RG,1835,10,D,EP,CS,F
10:32:35,MYOR,RG,1835,9,D,EP,CS,F
10:32:35,MYOR,RG,1835,19,D,EP,XL,D
10:31:43,MYOR,RG,1830,2,D,PD,YP,D
10:31:23,MYOR,RG,1840,19,F,BK,YP,D
10:31:23,MYOR,RG,1830,3,D,PD,XL,D
10:31:18,MYOR,RG,1840,7,D,EP,YP,D
10:31:18,MYOR,RG,1835,50,D,EP,KK,D
10:31:17,MYOR,RG,1835,10,F,BK,KK,D
10:31:15,MYOR,RG,1835,3,F,BK,CS,F
10:31:15,MYOR,RG,1835,3,F,BK,NI,D
10:31:12,MYOR,RG,1835,47,D,XC,CS,F
10:31:12,MYOR,RG,1835,50,D,XC,NI,D
10:31:12,MYOR,RG,1835,3,D,XC,DR,D
10:31:11,MYOR,RG,1835,17,D,CC,DR,D
10:31:11,MYOR,RG,1835,4,D,CC,CS,F
10:31:11,MYOR,RG,1835,4,D,CC,PD,D
10:30:49,MYOR,RG,1835,4,D,XL,PD,D
10:30:49,MYOR,RG,1835,1,D,XL,CS,F
10:30:49,MYOR,RG,1835,1,D,XL,PD,D
10:30:11,MYOR,RG,1835,1,F,CC,CS,F
10:30:11,MYOR,RG,1835,8,D,RX,CS,F
10:30:06,MYOR,RG,1835,1,D,RX,YP,D
10:30:04,MYOR,RG,1840,14,F,BK,YP,D
10:30:01,MYOR,RG,1835,9,D,RX,CS,F
10:29:59,MYOR,RG,1840,13,F,BK,YP,D
10:29:58,MYOR,RG,1835,1,D,RX,PD,D
10:29:56,MYOR,RG,1840,22,D,EP,YP,D
10:29:56,MYOR,RG,1840,34,F,BK,YP,D
10:29:51,MYOR,RG,1835,132,D,RX,CS,F
10:29:51,MYOR,RG,1835,62,D,RX,CS,F
10:29:51,MYOR,RG,1835,132,D,RX,CS,F
10:29:48,MYOR,RG,1835,10,F,AK,HP,D
10:29:48,MYOR,RG,1835,149,F,AK,ZP,F
10:29:48,MYOR,RG,1835,15,F,AK,YP,D
10:29:48,MYOR,RG,1835,3,F,AK,XC,D
10:29:48,MYOR,RG,1835,7,F,AK,XL,D
10:29:48,MYOR,RG,1835,3,D,EP,XL,D
10:29:48,MYOR,RG,1835,13,D,EP,YP,D
10:29:38,MYOR,RG,1835,27,D,RX,YP,D
10:29:30,MYOR,RG,1835,4,D,RX,YP,D
10:29:30,MYOR,RG,1835,41,D,RX,CC,D
10:29:30,MYOR,RG,1835,23,D,RX,CS,F
10:29:21,MYOR,RG,1835,12,D,EP,CS,F
10:29:05,MYOR,RG,1835,14,D,EP,CS,F
10:28:51,MYOR,RG,1835,16,F,AK,CS,F
10:28:51,MYOR,RG,1835,10,F,AK,XC,D
10:28:51,MYOR,RG,1835,8,F,AK,YP,D
10:28:51,MYOR,RG,1835,5,F,AK,PD,D
10:28:51,MYOR,RG,1835,29,F,AK,AZ,D
10:28:45,MYOR,RG,1835,13,D,RX,AZ,D
10:27:40,MYOR,RG,1835,5,D,EP,AZ,D
10:27:39,MYOR,RG,1835,3,D,PD,AZ,D
10:27:39,MYOR,RG,1835,3,D,PD,EP,D
10:27:39,MYOR,RG,1835,2,D,PD,CS,F
10:27:39,MYOR,RG,1835,1,D,PD,PC,D
10:27:39,MYOR,RG,1835,1,D,PD,XC,D
10:27:32,MYOR,RG,1835,130,F,AK,CS,F
10:27:31,MYOR,RG,1835,33,D,YP,CS,F
10:27:31,MYOR,RG,1835,3,D,YP,PD,D
10:27:31,MYOR,RG,1835,1,D,YP,XC,D
10:27:31,MYOR,RG,1835,1,D,YP,PD,D
10:27:31,MYOR,RG,1835,2,D,YP,SQ,D
10:27:16,MYOR,RG,1835,26,D,RX,XC,D
10:26:44,MYOR,RG,1835,5,D,EP,XC,D
10:25:57,MYOR,RG,1835,9,D,EP,XC,D
10:25:57,MYOR,RG,1835,5,D,EP,DR,D
10:25:57,MYOR,RG,1835,1,D,EP,XC,D
10:25:57,MYOR,RG,1835,30,D,EP,DR,D
10:25:57,MYOR,RG,1835,63,D,EP,ZP,F
10:25:50,MYOR,RG,1835,28,F,AK,ZP,F
10:25:50,MYOR,RG,1835,100,F,AK,CC,D
10:25:50,MYOR,RG,1835,1,F,AK,XL,D
10:25:50,MYOR,RG,1835,1,F,AK,YP,D
10:25:50,MYOR,RG,1835,20,F,AK,XL,D
10:25:50,MYOR,RG,1835,120,F,AK,CS,F
10:25:50,MYOR,RG,1835,10,F,AK,YP,D
10:25:50,MYOR,RG,1835,20,F,AK,PD,D
10:25:50,MYOR,RG,1835,15,F,AK,LG,D
10:25:46,MYOR,RG,1835,35,D,CC,LG,D
10:25:46,MYOR,RG,1835,8,D,CC,PD,D
10:25:46,MYOR,RG,1835,5,D,CC,DR,D
10:25:46,MYOR,RG,1835,2,D,CC,EP,D
10:25:40,MYOR,RG,1835,5,D,PD,EP,D
10:25:38,MYOR,RG,1830,2,D,RX,PD,D
10:24:44,MYOR,RG,1830,72,D,RX,DR,D
10:24:44,MYOR,RG,1830,50,D,CC,DR,D
10:24:44,MYOR,RG,1830,50,D,EP,DR,D
10:24:44,MYOR,RG,1830,328,F,AK,DR,D
10:24:34,MYOR,RG,1830,92,F,AK,YP,D
10:24:34,MYOR,RG,1830,30,D,CC,YP,D
10:24:34,MYOR,RG,1830,1,D,YP,YP,D
10:24:34,MYOR,RG,1830,10,D,PD,YP,D
10:24:34,MYOR,RG,1830,1,F,CC,YP,D
10:24:34,MYOR,RG,1830,116,F,ZP,YP,D
10:23:52,MYOR,RG,1830,12,F,ZP,NI,D
10:23:38,MYOR,RG,1830,2,F,ZP,XC,D
10:23:21,MYOR,RG,1830,21,F,ZP,XC,D
10:23:05,MYOR,RG,1835,22,D,PD,EP,D
10:22:56,MYOR,RG,1830,208,F,ZP,CS,F
10:22:36,MYOR,RG,1835,25,D,EP,EP,D
10:22:27,MYOR,RG,1835,16,D,PD,EP,D
10:22:17,MYOR,RG,1830,2,F,AK,LG,D
10:22:17,MYOR,RG,1830,399,F,AK,LG,D
10:22:17,MYOR,RG,1830,10,D,LG,LG,D
10:22:17,MYOR,RG,1830,5,D,XL,LG,D
10:22:17,MYOR,RG,1830,40,D,EP,LG,D
10:22:17,MYOR,RG,1830,72,D,XC,LG,D
10:22:17,MYOR,RG,1830,1,D,YP,LG,D
10:22:17,MYOR,RG,1830,100,D,EP,LG,D
10:22:17,MYOR,RG,1830,16,D,EP,LG,D
10:22:17,MYOR,RG,1830,117,D,YP,LG,D
10:22:17,MYOR,RG,1830,1,D,XL,LG,D
10:22:17,MYOR,RG,1830,22,D,AT,LG,D
10:22:17,MYOR,RG,1830,3,D,XL,LG,D
10:22:17,MYOR,RG,1830,109,D,XC,LG,D
10:22:17,MYOR,RG,1830,20,D,OD,LG,D
10:22:17,MYOR,RG,1830,1,D,KK,LG,D
10:22:17,MYOR,RG,1830,100,D,PD,LG,D
10:22:17,MYOR,RG,1830,81,D,DR,LG,D
10:22:17,MYOR,RG,1830,14,D,XC,LG,D
10:22:17,MYOR,RG,1830,100,D,PD,LG,D
10:22:17,MYOR,RG,1830,100,D,PD,LG,D
10:22:17,MYOR,RG,1830,2,D,YP,LG,D
10:22:17,MYOR,RG,1830,24,D,EP,LG,D
10:22:17,MYOR,RG,1830,25,D,EP,LG,D
10:22:17,MYOR,RG,1830,180,F,BK,LG,D
10:22:17,MYOR,RG,1830,179,F,ZP,LG,D
10:22:17,MYOR,RG,1830,12,D,EP,LG,D
10:21:56,MYOR,RG,1830,4,D,EP,SQ,D
10:21:21,MYOR,RG,1835,4,F,AK,CS,F
10:21:21,MYOR,RG,1835,4,F,AK,CS,F
10:21:19,MYOR,RG,1835,4,F,AK,CS,F
10:21:19,MYOR,RG,1835,4,F,AK,CS,F
10:21:19,MYOR,RG,1835,4,F,AK,CS,F
10:21:19,MYOR,RG,1835,10,D,XL,CS,F
10:21:19,MYOR,RG,1835,10,D,XL,CC,D
10:20:55,MYOR,RG,1835,10,D,LG,CC,D
10:20:49,MYOR,RG,1835,30,D,YP,CC,D
10:20:42,MYOR,RG,1835,1,F,AK,CS,F
10:20:42,MYOR,RG,1835,6,F,AK,CS,F
10:20:38,MYOR,RG,1835,2,F,AK,PD,D
10:20:38,MYOR,RG,1835,1,F,AK,PD,D
10:20:37,MYOR,RG,1835,2,F,AK,CS,F
10:20:37,MYOR,RG,1835,1,F,AK,CS,F
10:20:37,MYOR,RG,1835,13,D,CC,CS,F
10:20:37,MYOR,RG,1835,14,D,CC,KZ,F
10:20:37,MYOR,RG,1835,2,D,CC,LG,D
10:20:28,MYOR,RG,1835,5,D,PD,CS,F
10:20:28,MYOR,RG,1835,9,D,PD,BR,D
10:20:26,MYOR,RG,1835,1,F,AK,BR,D
10:20:26,MYOR,RG,1835,1,F,AK,BR,D
10:20:26,MYOR,RG,1835,4,D,PD,BR,D
10:20:24,MYOR,RG,1835,2,D,PD,CS,F
10:20:24,MYOR,RG,1835,1,F,AK,CS,F
10:20:23,MYOR,RG,1835,5,F,AK,CS,F
10:20:23,MYOR,RG,1835,4,D,EP,CS,F
10:20:17,MYOR,RG,1835,14,D,EP,CS,F
10:20:17,MYOR,RG,1835,2,D,EP,YP,D
10:20:17,MYOR,RG,1835,5,F,AK,YP,D
10:20:09,MYOR,RG,1835,3,F,AK,CS,F
10:20:09,MYOR,RG,1835,16,D,PD,CS,F
10:20:09,MYOR,RG,1835,12,F,AK,CS,F
10:20:09,MYOR,RG,1835,6,F,AK,KZ,F
10:20:09,MYOR,RG,1835,3,D,EP,KZ,F
10:20:07,MYOR,RG,1835,2,D,EP,LG,D
10:19:57,MYOR,RG,1835,8,D,EP,HP,D
10:19:50,MYOR,RG,1835,1,D,EP,CS,F
10:19:50,MYOR,RG,1835,46,D,EP,CS,F
10:19:50,MYOR,RG,1835,1,F,CC,CS,F
10:19:39,MYOR,RG,1835,2,F,AK,XL,D
10:19:39,MYOR,RG,1835,20,F,AK,KZ,F
10:19:33,MYOR,RG,1840,10,D,YP,YP,D
10:19:23,MYOR,RG,1835,15,F,AK,CS,F
10:19:23,MYOR,RG,1835,32,D,XL,CS,F
10:19:23,MYOR,RG,1835,27,D,YP,CS,F
10:19:22,MYOR,RG,1835,31,D,YP,DR,D
10:19:22,MYOR,RG,1835,7,D,YP,XL,D
10:19:14,MYOR,RG,1835,2,D,YP,KZ,F
10:19:05,MYOR,RG,1835,10,D,YP,SQ,D
10:18:59,MYOR,RG,1835,7,D,YP,KZ,F
10:18:57,MYOR,RG,1835,16,D,YP,XC,D
10:18:57,MYOR,RG,1835,1,D,XC,XC,D
10:18:57,MYOR,RG,1835,1,D,YP,XC,D
10:18:57,MYOR,RG,1835,23,F,AK,XC,D
10:18:54,MYOR,RG,1835,1,F,AK,KZ,F
10:18:49,MYOR,RG,1835,2,F,AK,KZ,F
10:18:49,MYOR,RG,1835,6,F,AK,PD,D
10:18:46,MYOR,RG,1835,10,F,AK,NI,D
10:18:46,MYOR,RG,1835,3,F,AK,HP,D
10:18:44,MYOR,RG,1835,3,F,AK,XL,D
10:18:44,MYOR,RG,1835,4,F,AK,KZ,F
10:18:44,MYOR,RG,1835,48,F,AK,KZ,F
10:18:44,MYOR,RG,1835,1,D,XC,KZ,F
10:18:44,MYOR,RG,1835,50,D,PD,KZ,F
10:18:44,MYOR,RG,1835,3,D,AT,KZ,F
10:18:44,MYOR,RG,1835,12,D,EP,KZ,F
10:18:39,MYOR,RG,1835,8,D,EP,CS,F
10:18:39,MYOR,RG,1835,1,F,CC,CS,F
10:18:39,MYOR,RG,1835,3,D,EP,CS,F
10:18:39,MYOR,RG,1835,9,D,YP,CS,F
10:18:39,MYOR,RG,1835,49,D,PD,CS,F
10:18:39,MYOR,RG,1835,151,D,PD,YP,D
10:18:39,MYOR,RG,1835,1,D,YP,YP,D
10:18:39,MYOR,RG,1835,28,D,AT,YP,D
10:18:39,MYOR,RG,1835,20,D,KK,YP,D
10:18:38,MYOR,RG,1835,1,D,KK,NI,D
10:18:38,MYOR,RG,1835,1,D,EP,NI,D
10:18:37,MYOR,RG,1835,19,D,EP,DR,D
10:18:37,MYOR,RG,1835,54,F,AK,DR,D
10:18:37,MYOR,RG,1835,3,F,AK,DR,D
10:18:37,MYOR,RG,1835,144,D,RX,DR,D
10:18:33,MYOR,RG,1835,1,D,RX,XC,D
10:18:22,MYOR,RG,1835,10,D,RX,HP,D
10:18:13,MYOR,RG,1835,1,D,RX,XC,D
10:18:11,MYOR,RG,1835,2,D,RX,DR,D
10:18:04,MYOR,RG,1840,20,D,EP,YP,D
10:17:58,MYOR,RG,1840,50,D,CC,YP,D
10:17:56,MYOR,RG,1835,21,D,RX,CS,F
10:17:56,MYOR,RG,1835,165,D,RX,CS,F
10:17:56,MYOR,RG,1835,3,D,RX,CP,D
10:17:52,MYOR,RG,1840,10,D,XL,YP,D
10:17:51,MYOR,RG,1840,32,D,EP,YP,D
10:17:44,MYOR,RG,1840,2,D,RX,YP,D
10:17:44,MYOR,RG,1840,2,D,RX,PD,D
10:17:44,MYOR,RG,1840,1,D,RX,YP,D
10:17:44,MYOR,RG,1840,14,D,RX,CC,D
10:17:38,MYOR,RG,1840,5,D,YU,CC,D
10:17:21,MYOR,RG,1840,11,D,XC,CC,D
10:17:21,MYOR,RG,1840,2,D,XC,YP,D
10:17:21,MYOR,RG,1840,5,D,XC,DR,D
10:17:21,MYOR,RG,1840,5,D,XC,LG,D
10:17:21,MYOR,RG,1840,2,D,XC,XL,D
10:17:21,MYOR,RG,1840,3,D,XC,KK,D
10:17:18,MYOR,RG,1840,7,D,EP,KK,D
10:17:18,MYOR,RG,1840,1,D,EP,YP,D
10:17:18,MYOR,RG,1840,2,D,EP,EP,D
10:17:00,MYOR,RG,1840,15,D,RX,PD,D
10:17:00,MYOR,RG,1840,1,D,RX,YP,D
10:17:00,MYOR,RG,1840,1,D,RX,XC,D
10:16:36,MYOR,RG,1835,4,F,AK,CS,F
10:16:36,MYOR,RG,1835,12,F,AK,KZ,F
10:16:36,MYOR,RG,1835,3,F,AK,DR,D
10:16:36,MYOR,RG,1835,1,F,AK,YP,D
10:16:36,MYOR,RG,1835,5,F,AK,YP,D
10:16:36,MYOR,RG,1835,47,F,AK,KZ,F
10:16:36,MYOR,RG,1835,15,F,AK,PD,D
10:16:36,MYOR,RG,1835,5,F,AK,SQ,D
10:16:36,MYOR,RG,1835,100,F,AK,PD,D
10:16:36,MYOR,RG,1835,6,F,AK,KZ,F
10:16:36,MYOR,RG,1835,38,F,AK,ZP,F
10:16:36,MYOR,RG,1835,1,F,AK,YP,D
10:16:36,MYOR,RG,1835,1,F,AK,EP,D
10:16:36,MYOR,RG,1835,1,F,AK,XC,D
10:16:36,MYOR,RG,1835,76,F,AK,KZ,F
10:16:35,MYOR,RG,1835,188,F,AK,KZ,F
10:16:35,MYOR,RG,1835,107,F,AK,CS,F
10:16:35,MYOR,RG,1835,20,F,AK,ZP,F
10:16:35,MYOR,RG,1835,89,F,AK,ZP,F
10:16:35,MYOR,RG,1835,10,F,AK,PD,D
10:16:35,MYOR,RG,1835,5,F,AK,PD,D
10:16:35,MYOR,RG,1835,2,F,AK,PD,D
10:16:35,MYOR,RG,1835,500,F,AK,YP,D
10:16:35,MYOR,RG,1835,10,F,AK,XC,D
10:16:35,MYOR,RG,1835,16,F,AK,NI,D
10:16:35,MYOR,RG,1835,52,F,AK,KZ,F
10:16:12,MYOR,RG,1830,50,D,EP,YP,D
10:16:09,MYOR,RG,1830,20,D,EP,XC,D
10:16:03,MYOR,RG,1835,86,D,PD,KZ,F
10:16:03,MYOR,RG,1835,2,D,PD,XC,D
10:16:03,MYOR,RG,1835,1,D,PD,YP,D
10:16:03,MYOR,RG,1835,2,D,PD,XC,D
10:16:03,MYOR,RG,1835,109,D,PD,KI,D
10:15:55,MYOR,RG,1835,10,D,RX,KI,D
10:15:32,MYOR,RG,1830,5,D,EP,SQ,D
10:15:25,MYOR,RG,1835,11,D,RX,KI,D
10:15:05,MYOR,RG,1835,10,D,XC,KI,D
10:15:00,MYOR,RG,1835,13,D,RX,KI,D
10:14:49,MYOR,RG,1835,27,D,YP,KI,D
10:14:35,MYOR,RG,1830,5,D,EP,YP,D
10:14:30,MYOR,RG,1835,60,D,EP,KI,D
10:14:30,MYOR,RG,1835,15,D,EP,KI,D
10:14:30,MYOR,RG,1835,16,D,EP,KI,D
10:14:30,MYOR,RG,1835,16,D,EP,KI,D
10:14:30,MYOR,RG,1835,16,D,EP,KI,D
10:14:30,MYOR,RG,1835,110,D,EP,KI,D
10:14:30,MYOR,RG,1835,50,D,EP,KI,D
10:14:30,MYOR,RG,1835,15,D,EP,KI,D
10:14:30,MYOR,RG,1835,10,D,EP,KI,D
10:14:30,MYOR,RG,1835,16,D,EP,KI,D
10:14:30,MYOR,RG,1835,16,D,EP,KI,D
10:14:30,MYOR,RG,1835,16,D,EP,KI,D
10:14:29,MYOR,RG,1835,1,D,YP,KI,D
10:14:29,MYOR,RG,1835,213,D,PD,KI,D
10:14:29,MYOR,RG,1835,1,D,PD,XL,D
10:14:29,MYOR,RG,1835,20,D,PD,XL,D
10:14:29,MYOR,RG,1835,1,D,PD,YP,D
10:14:29,MYOR,RG,1835,1,D,PD,YP,D
10:14:29,MYOR,RG,1835,3,D,PD,YP,D
10:14:29,MYOR,RG,1835,50,D,PD,PD,D
10:14:29,MYOR,RG,1835,2,D,PD,YP,D
10:14:29,MYOR,RG,1835,9,D,PD,XC,D
10:14:29,MYOR,RG,1835,11,D,RX,XC,D
10:14:26,MYOR,RG,1830,404,D,EP,CS,F
10:14:26,MYOR,RG,1830,10,D,BQ,CS,F
10:14:26,MYOR,RG,1830,2,D,CC,CS,F
10:14:26,MYOR,RG,1830,93,F,ZP,CS,F
10:14:26,MYOR,RG,1830,3,F,AK,CS,F
10:14:24,MYOR,RG,1830,200,F,BK,CS,F
10:14:24,MYOR,RG,1830,35,F,ZP,CS,F
10:14:24,MYOR,RG,1830,43,F,ZP,CS,F
10:14:24,MYOR,RG,1830,3,F,ZP,DR,D
10:14:24,MYOR,RG,1830,27,F,ZP,DR,D
10:14:24,MYOR,RG,1830,19,F,ZP,KZ,F
10:14:24,MYOR,RG,1830,2,F,BK,KZ,F
10:14:24,MYOR,RG,1830,1,F,BK,YP,D
10:14:24,MYOR,RG,1830,20,F,BK,PD,D
10:14:24,MYOR,RG,1830,1,F,BK,YP,D
10:14:24,MYOR,RG,1830,110,F,BK,ZP,F
10:14:24,MYOR,RG,1830,17,F,BK,KZ,F
10:14:24,MYOR,RG,1830,49,F,BK,NI,D
10:14:24,MYOR,RG,1830,1,F,BK,NI,D
10:14:24,MYOR,RG,1830,4,F,BK,XC,D
10:14:24,MYOR,RG,1830,38,F,BK,CS,F
10:14:24,MYOR,RG,1830,97,F,BK,KZ,F
10:14:24,MYOR,RG,1830,1,F,BK,XC,D
10:14:24,MYOR,RG,1830,50,F,BK,HD,D
10:14:24,MYOR,RG,1830,9,F,BK,SQ,D
10:14:23,MYOR,RG,1830,41,F,ZP,SQ,D
10:14:23,MYOR,RG,1830,6,F,ZP,YP,D
10:14:23,MYOR,RG,1830,1,F,ZP,PD,D
10:14:23,MYOR,RG,1830,5,F,ZP,PD,D
10:14:23,MYOR,RG,1830,5,F,ZP,PD,D
10:14:23,MYOR,RG,1830,2,F,ZP,XC,D
10:14:23,MYOR,RG,1830,4,F,ZP,YP,D
10:14:23,MYOR,RG,1830,1,F,ZP,YP,D
10:14:23,MYOR,RG,1830,52,F,ZP,OD,D
10:14:23,MYOR,RG,1830,148,F,BK,OD,D
10:14:23,MYOR,RG,1830,1,F,BK,ZP,D
10:14:23,MYOR,RG,1830,2,F,BK,PD,D
10:14:23,MYOR,RG,1830,3,F,BK,XC,D
10:14:23,MYOR,RG,1830,25,F,BK,FZ,D
10:14:23,MYOR,RG,1830,21,F,BK,YP,D
10:14:23,MYOR,RG,1830,51,F,ZP,YP,D
10:14:23,MYOR,RG,1830,200,F,BK,YP,D
10:14:23,MYOR,RG,1830,44,F,ZP,YP,D
10:14:23,MYOR,RG,1830,184,F,BK,YP,D
10:14:23,MYOR,RG,1830,6,F,BK,XC,D
10:14:23,MYOR,RG,1830,2,F,BK,GR,D
10:14:23,MYOR,RG,1830,8,F,BK,KZ,F
10:14:18,MYOR,RG,1825,19,F,ZP,EP,D
10:14:00,MYOR,RG,1830,4,D,RX,KZ,F
10:14:00,MYOR,RG,1830,8,D,RX,XC,D
10:13:36,MYOR,RG,1830,2,D,RX,XC,D
10:13:36,MYOR,RG,1830,10,D,RX,SQ,D
10:13:36,MYOR,RG,1830,1,D,RX,YP,D
10:13:36,MYOR,RG,1830,24,D,RX,PD,D
10:13:36,MYOR,RG,1830,1,D,RX,EP,D
10:13:36,MYOR,RG,1830,2,D,RX,YP,D
10:13:36,MYOR,RG,1830,1,D,RX,PD,D
10:13:33,MYOR,RG,1825,3,F,ZP,XC,D
10:13:28,MYOR,RG,1825,3,F,ZP,KK,D
10:13:08,MYOR,RG,1830,19,D,RX,PD,D
10:13:08,MYOR,RG,1830,3,D,RX,PD,D
10:13:08,MYOR,RG,1830,12,D,RX,KZ,F
10:13:08,MYOR,RG,1830,1,D,RX,YP,D
10:13:08,MYOR,RG,1830,3,D,RX,LG,D
10:13:08,MYOR,RG,1825,2,F,ZP,XL,D
10:13:01,MYOR,RG,1830,2,D,KK,LG,D
10:13:01,MYOR,RG,1830,3,D,KK,BQ,D
10:12:53,MYOR,RG,1825,4,F,ZP,XC,D
10:12:43,MYOR,RG,1825,50,F,BK,HD,D
10:12:43,MYOR,RG,1825,1,F,BK,XC,D
10:12:43,MYOR,RG,1825,1,F,BK,PD,D
10:12:43,MYOR,RG,1825,1,F,BK,YP,D
10:12:43,MYOR,RG,1825,20,F,BK,DR,D
10:12:43,MYOR,RG,1825,5,F,BK,YP,D
10:12:43,MYOR,RG,1825,3,F,BK,BQ,D
10:12:43,MYOR,RG,1825,10,F,BK,PD,D
10:12:43,MYOR,RG,1825,5,F,BK,PD,D
10:12:43,MYOR,RG,1825,1,F,BK,XC,D
10:12:43,MYOR,RG,1825,1,F,BK,CS,F
10:12:43,MYOR,RG,1825,5,F,BK,XC,D
10:12:43,MYOR,RG,1825,25,F,BK,CS,F
10:12:43,MYOR,RG,1825,10,F,BK,XC,D
10:12:43,MYOR,RG,1825,4,F,ZP,XC,D
10:12:43,MYOR,RG,1825,2,F,ZP,XC,D
10:12:43,MYOR,RG,1825,30,F,ZP,XL,D
10:12:43,MYOR,RG,1825,2,F,ZP,PD,D
10:12:43,MYOR,RG,1825,1,F,ZP,PD,D
10:12:43,MYOR,RG,1825,37,F,ZP,KZ,F
10:12:43,MYOR,RG,1825,85,F,BK,KZ,F
10:12:43,MYOR,RG,1825,5,F,BK,DR,D
10:12:43,MYOR,RG,1825,1,F,BK,YP,D
10:12:43,MYOR,RG,1825,10,F,BK,KK,D
10:12:43,MYOR,RG,1825,43,F,BK,TP,D
10:12:43,MYOR,RG,1825,38,F,ZP,TP,D
10:12:43,MYOR,RG,1825,144,F,BK,TP,D
10:12:42,MYOR,RG,1825,36,F,ZP,TP,D
10:12:42,MYOR,RG,1825,67,F,ZP,TP,D
10:12:42,MYOR,RG,1825,108,F,ZP,TP,D
10:12:42,MYOR,RG,1820,84,F,ZP,CS,F
10:12:42,MYOR,RG,1820,2,F,ZP,XC,D
10:12:42,MYOR,RG,1820,14,F,ZP,KZ,F
10:12:42,MYOR,RG,1820,1,F,ZP,XL,D
10:12:42,MYOR,RG,1820,1,F,ZP,YP,D
10:12:42,MYOR,RG,1820,2,F,ZP,XC,D
10:12:42,MYOR,RG,1820,1,F,ZP,XC,D
10:12:42,MYOR,RG,1820,1,F,ZP,XC,D
10:12:42,MYOR,RG,1820,23,F,ZP,KZ,F
10:12:42,MYOR,RG,1820,52,F,ZP,ZP,F
10:12:42,MYOR,RG,1820,140,F,ZP,KZ,F
10:12:42,MYOR,RG,1820,326,F,ZP,KZ,F
10:12:42,MYOR,RG,1820,35,F,ZP,CS,F
10:12:42,MYOR,RG,1820,68,F,ZP,CS,F
10:12:42,MYOR,RG,1820,174,F,ZP,ZP,F
10:12:42,MYOR,RG,1820,3,F,ZP,XC,D
10:12:42,MYOR,RG,1820,1,F,ZP,XC,D
10:12:42,MYOR,RG,1820,7,F,ZP,XC,D
10:12:42,MYOR,RG,1820,10,F,ZP,YP,D
10:12:42,MYOR,RG,1820,74,F,ZP,CS,F
10:12:42,MYOR,RG,1820,1302,F,ZP,PD,D
10:12:40,MYOR,RG,1815,1,D,YU,XC,D
10:12:39,MYOR,RG,1820,18,D,RX,PD,D
10:12:24,MYOR,RG,1820,32,F,ZP,PD,D
10:12:24,MYOR,RG,1820,18,D,RX,PD,D
10:11:06,MYOR,RG,1820,10,D,RX,PD,D
10:11:05,MYOR,RG,1820,26,D,XC,PD,D
10:11:01,MYOR,RG,1820,1,D,XL,PD,D
10:10:57,MYOR,RG,1820,12,D,RX,PD,D
10:10:14,MYOR,RG,1820,26,D,XC,PD,D
10:10:13,MYOR,RG,1820,10,D,RX,PD,D
10:09:59,MYOR,RG,1820,12,D,RX,PD,D
10:09:40,MYOR,RG,1820,38,F,ZP,PD,D
10:09:40,MYOR,RG,1820,144,F,AK,PD,D
10:09:40,MYOR,RG,1820,38,F,ZP,PD,D
10:09:40,MYOR,RG,1820,144,F,AK,PD,D
10:09:40,MYOR,RG,1820,39,F,ZP,PD,D
10:09:40,MYOR,RG,1820,144,F,AK,PD,D
10:09:39,MYOR,RG,1820,44,F,ZP,PD,D
10:09:39,MYOR,RG,1820,144,F,AK,PD,D
10:09:39,MYOR,RG,1820,62,F,ZP,PD,D
10:09:39,MYOR,RG,1820,36,F,AK,PD,D
10:09:39,MYOR,RG,1820,5,F,AK,EP,D
10:09:39,MYOR,RG,1820,1,F,AK,PD,D
10:09:39,MYOR,RG,1820,21,F,AK,CS,F
10:09:39,MYOR,RG,1820,57,F,AK,CS,F
10:09:39,MYOR,RG,1820,10,F,AK,CC,D
10:09:39,MYOR,RG,1820,2,F,AK,CC,D
10:09:39,MYOR,RG,1820,1,F,AK,KZ,F
10:09:39,MYOR,RG,1820,11,F,AK,CS,F
10:09:31,MYOR,RG,1820,34,F,AK,CS,F
10:09:31,MYOR,RG,1820,79,F,AK,ZP,F
10:09:31,MYOR,RG,1820,11,F,AK,KZ,F
10:09:31,MYOR,RG,1820,20,F,AK,CS,F
10:09:31,MYOR,RG,1820,11,D,RX,CS,F
10:09:10,MYOR,RG,1820,13,D,RX,CS,F
10:08:54,MYOR,RG,1820,1,F,AK,CS,F
10:08:54,MYOR,RG,1815,7,D,YU,KZ,F
10:08:53,MYOR,RG,1815,13,D,YU,YP,D
10:08:49,MYOR,RG,1820,1,F,AK,CS,F
10:08:49,MYOR,RG,1815,1,D,YU,KZ,F
10:08:49,MYOR,RG,1815,13,D,YU,KZ,F
10:08:44,MYOR,RG,1820,2,F,AK,CS,F
10:08:44,MYOR,RG,1815,32,D,YU,KZ,F
10:08:41,MYOR,RG,1820,9,F,AK,CS,F
10:08:41,MYOR,RG,1820,3,F,AK,XL,D
10:08:41,MYOR,RG,1820,1,F,AK,KZ,F
10:08:41,MYOR,RG,1820,1,F,AK,XL,D
10:08:41,MYOR,RG,1820,1,F,AK,BQ,D
10:08:41,MYOR,RG,1820,4,F,AK,KZ,F
10:08:41,MYOR,RG,1815,255,D,YU,CS,F
10:08:39,MYOR,RG,1820,18,D,RX,KZ,F
10:08:12,MYOR,RG,1820,7,D,RX,KZ,F
10:08:12,MYOR,RG,1820,5,D,RX,KZ,F
10:07:58,MYOR,RG,1820,3,D,KK,KZ,F
10:04:44,MYOR,RG,1820,10,D,DH,KZ,F
10:03:38,MYOR,RG,1820,1,D,YP,KZ,F
10:03:25,MYOR,RG,1820,1,F,AK,KZ,F
10:03:25,MYOR,RG,1815,4,D,YU,YP,D
10:02:52,MYOR,RG,1815,1,D,YU,LS,D
10:02:32,MYOR,RG,1820,1,F,AK,KZ,F
10:02:31,MYOR,RG,1815,30,D,YU,PD,D
10:00:20,MYOR,RG,1815,10,D,YU,XL,D
09:59:17,MYOR,RG,1820,5,D,YP,KZ,F
09:59:00,MYOR,RG,1820,3,D,YP,KZ,F
09:59:00,MYOR,RG,1820,9,D,YP,KZ,F
09:59:00,MYOR,RG,1820,1,D,YP,KZ,F
09:58:53,MYOR,RG,1820,1,D,XC,KZ,F
09:58:44,MYOR,RG,1820,2,D,CC,KZ,F
09:58:44,MYOR,RG,1820,1,F,CC,KZ,F
09:58:44,MYOR,RG,1820,1,D,XC,KZ,F
09:58:44,MYOR,RG,1820,2,D,AO,KZ,F
09:58:44,MYOR,RG,1820,84,D,AO,KZ,F
09:58:42,MYOR,RG,1820,414,D,AO,SQ,D
09:58:42,MYOR,RG,1820,1,D,IF,SQ,D
09:58:42,MYOR,RG,1820,5,D,YP,SQ,D
09:58:42,MYOR,RG,1820,80,D,RX,SQ,D
09:58:39,MYOR,RG,1820,1,D,RX,CC,D
09:58:33,MYOR,RG,1820,1,D,RX,CC,D
09:58:31,MYOR,RG,1820,54,D,RX,KZ,F
09:58:31,MYOR,RG,1820,140,D,RX,KZ,F
09:58:31,MYOR,RG,1820,1,F,CC,KZ,F
09:58:31,MYOR,RG,1820,5,D,RX,KZ,F
09:58:29,MYOR,RG,1820,1,D,RX,KZ,F
09:58:24,MYOR,RG,1820,10,D,RX,KK,D
09:58:23,MYOR,RG,1820,250,D,RX,KZ,F
09:58:15,MYOR,RG,1820,7,D,RX,XC,D
09:58:11,MYOR,RG,1825,1,D,XC,TP,D
09:58:03,MYOR,RG,1820,1,D,RX,XC,D
09:57:58,MYOR,RG,1825,1,D,KK,TP,D
09:57:51,MYOR,RG,1820,2,D,RX,KK,D
09:56:39,MYOR,RG,1825,3,D,PD,TP,D
09:56:29,MYOR,RG,1820,5,D,RX,DR,D
09:55:49,MYOR,RG,1820,25,D,RX,FZ,D
09:55:40,MYOR,RG,1820,100,D,RX,YP,D
09:55:20,MYOR,RG,1825,44,D,OD,TP,D
09:54:32,MYOR,RG,1820,1,D,RX,XL,D
09:54:22,MYOR,RG,1820,1,D,RX,NI,D
09:54:12,MYOR,RG,1820,1,D,RX,XC,D
09:54:09,MYOR,RG,1820,5,D,RX,NI,D
09:54:09,MYOR,RG,1820,67,D,RX,CS,F
09:54:09,MYOR,RG,1820,29,D,RX,CS,F
09:54:09,MYOR,RG,1820,35,D,RX,CS,F
09:54:09,MYOR,RG,1820,1,D,RX,YP,D
09:54:09,MYOR,RG,1820,138,D,RX,CS,F
09:54:09,MYOR,RG,1820,14,D,RX,KZ,F
09:54:09,MYOR,RG,1820,84,D,RX,CS,F
09:54:09,MYOR,RG,1820,15,D,RX,KZ,F
09:54:09,MYOR,RG,1820,1,D,RX,YP,D
09:54:09,MYOR,RG,1820,95,D,RX,ZP,F
09:54:09,MYOR,RG,1820,10,D,RX,KZ,F
09:54:09,MYOR,RG,1820,20,D,RX,YP,D
09:54:09,MYOR,RG,1820,161,D,RX,CS,F
09:54:09,MYOR,RG,1820,2,D,RX,PD,D
09:54:09,MYOR,RG,1820,2,D,RX,CC,D
09:54:09,MYOR,RG,1820,53,D,RX,KZ,F
09:54:09,MYOR,RG,1820,200,D,RX,DR,D
09:54:09,MYOR,RG,1820,1,D,RX,KZ,F
09:54:09,MYOR,RG,1820,7,D,RX,GR,D
09:54:09,MYOR,RG,1820,26,D,RX,KZ,F
09:54:09,MYOR,RG,1820,142,D,RX,KZ,F
09:54:09,MYOR,RG,1820,39,D,RX,KZ,F
09:53:53,MYOR,RG,1815,1,D,YU,YP,D
09:53:28,MYOR,RG,1815,1,D,YU,YP,D
09:53:25,MYOR,RG,1815,1,D,YU,YP,D
09:53:04,MYOR,RG,1815,1,D,YU,YP,D
09:52:45,MYOR,RG,1815,1,D,YU,YP,D
09:52:35,MYOR,RG,1815,1,D,YU,YP,D
09:51:29,MYOR,RG,1815,1,D,YU,YP,D
09:49:40,MYOR,RG,1820,1,D,YP,KZ,F
09:49:36,MYOR,RG,1820,1,D,EP,KZ,F
09:47:11,MYOR,RG,1820,5,D,KK,KZ,F
09:46:48,MYOR,RG,1820,17,D,XC,KZ,F
09:46:48,MYOR,RG,1820,3,D,XC,DR,D
09:46:32,MYOR,RG,1820,2,F,AK,DR,D
09:46:30,MYOR,RG,1820,1,F,AK,YP,D
09:46:30,MYOR,RG,1820,1,F,CC,YP,D
09:46:10,MYOR,RG,1820,71,F,BK,CS,F
09:46:10,MYOR,RG,1820,71,F,BK,OD,D
09:46:10,MYOR,RG,1820,9,D,XC,OD,D
09:46:10,MYOR,RG,1820,3,F,CC,OD,D
09:46:10,MYOR,RG,1820,50,D,PD,OD,D
09:46:10,MYOR,RG,1820,96,F,BK,OD,D
09:46:10,MYOR,RG,1820,26,D,OD,OD,D
09:46:10,MYOR,RG,1820,8,D,HP,OD,D
09:46:10,MYOR,RG,1820,42,D,OD,OD,D
09:46:01,MYOR,RG,1820,5,D,OD,YP,D
09:45:56,MYOR,RG,1820,2,D,OD,YP,D
09:45:42,MYOR,RG,1825,100,D,XL,TP,D
09:45:42,MYOR,RG,1825,15,D,KK,TP,D
09:45:41,MYOR,RG,1825,5,D,KK,PD,D
09:45:29,MYOR,RG,1825,3,D,OD,BQ,D
09:45:25,MYOR,RG,1825,10,D,OD,EP,D
09:45:23,MYOR,RG,1830,52,D,KK,KZ,F
09:45:23,MYOR,RG,1830,40,D,KK,YP,D
09:45:23,MYOR,RG,1830,8,D,KK,ZP,F
09:45:19,MYOR,RG,1830,40,D,XC,ZP,F
09:45:19,MYOR,RG,1830,1,D,XC,NI,D
09:45:19,MYOR,RG,1830,1,D,XC,NI,D
09:45:19,MYOR,RG,1830,9,D,XC,PD,D
09:45:19,MYOR,RG,1830,16,D,XC,PD,D
09:45:18,MYOR,RG,1830,1,D,OD,PD,D
09:45:16,MYOR,RG,1830,7,D,XA,PD,D
09:45:16,MYOR,RG,1830,2,D,XA,NI,D
09:45:16,MYOR,RG,1830,2,D,XA,PD,D
09:45:16,MYOR,RG,1830,4,D,XA,PD,D
09:45:15,MYOR,RG,1830,21,D,YP,PD,D
09:45:15,MYOR,RG,1830,5,D,YP,NI,D
09:45:15,MYOR,RG,1830,29,D,YP,XC,D
09:45:15,MYOR,RG,1830,1,D,YP,YP,D
09:45:15,MYOR,RG,1830,5,D,YP,LG,D
09:45:15,MYOR,RG,1830,10,D,YP,XC,D
09:45:15,MYOR,RG,1830,4,D,YP,RS,D
09:45:15,MYOR,RG,1830,100,D,YP,RS,D
09:45:15,MYOR,RG,1830,20,D,BQ,RS,D
09:45:15,MYOR,RG,1830,6,D,YP,RS,D
09:45:15,MYOR,RG,1830,15,D,YP,XL,D
09:45:15,MYOR,RG,1830,15,D,EP,XL,D
09:45:15,MYOR,RG,1830,1,D,EP,XC,D
09:45:15,MYOR,RG,1830,8,D,EP,YP,D
09:45:15,MYOR,RG,1830,76,D,EP,FS,D
09:45:15,MYOR,RG,1830,24,D,EP,FS,D
09:45:15,MYOR,RG,1830,7,D,EP,PD,D
09:45:15,MYOR,RG,1830,69,D,EP,CC,D
09:45:15,MYOR,RG,1830,31,D,AZ,CC,D
09:45:15,MYOR,RG,1830,2,D,AZ,XL,D
09:45:15,MYOR,RG,1830,6,D,AZ,XL,D
09:45:15,MYOR,RG,1830,18,D,AZ,XL,D
09:45:15,MYOR,RG,1830,53,D,AZ,XL,D
09:45:15,MYOR,RG,1830,3,D,AZ,CC,D
09:45:15,MYOR,RG,1830,1,D,AZ,YP,D
09:45:15,MYOR,RG,1830,25,D,AZ,YP,D
09:45:15,MYOR,RG,1830,5,D,AZ,AT,D
09:45:15,MYOR,RG,1830,1,D,AZ,PD,D
09:45:15,MYOR,RG,1830,6,D,AZ,PD,D
09:45:15,MYOR,RG,1830,10,D,AZ,PD,D
09:45:15,MYOR,RG,1830,16,D,AZ,CC,D
09:45:15,MYOR,RG,1830,2,D,AZ,YP,D
09:45:15,MYOR,RG,1830,51,D,AZ,YP,D
09:45:15,MYOR,RG,1830,17,D,EP,YP,D
09:45:15,MYOR,RG,1830,1,D,EP,YP,D
09:45:15,MYOR,RG,1830,11,D,EP,YP,D
09:45:15,MYOR,RG,1830,20,D,EP,YP,D
09:45:15,MYOR,RG,1830,16,D,EP,YP,D
09:45:15,MYOR,RG,1830,8,D,CC,YP,D
09:45:15,MYOR,RG,1830,10,D,CC,YP,D
09:45:15,MYOR,RG,1830,8,D,KK,YP,D
09:45:15,MYOR,RG,1830,58,D,KK,YP,D
09:45:15,MYOR,RG,1830,7,D,KK,GR,D
09:45:15,MYOR,RG,1830,2,D,KK,GR,D
09:45:15,MYOR,RG,1830,5,D,KK,XC,D
09:45:15,MYOR,RG,1830,9,D,KK,IP,D
09:45:15,MYOR,RG,1830,10,D,BQ,IP,D
09:45:14,MYOR,RG,1830,16,D,PD,IP,D
09:45:14,MYOR,RG,1830,15,D,EP,IP,D
09:45:14,MYOR,RG,1825,10,D,OD,PD,D
09:45:14,MYOR,RG,1825,2,D,OD,YP,D
09:45:14,MYOR,RG,1825,50,D,OD,CC,D
09:45:14,MYOR,RG,1825,1,D,OD,BQ,D
09:45:14,MYOR,RG,1825,10,D,OD,PD,D
09:45:14,MYOR,RG,1825,28,D,OD,KZ,F
09:45:14,MYOR,RG,1825,1,D,OD,XC,D
09:45:14,MYOR,RG,1825,5,D,OD,CC,D
09:45:14,MYOR,RG,1825,18,D,OD,XC,D
09:45:06,MYOR,RG,1820,10,D,OD,KK,D
09:45:03,MYOR,RG,1825,42,D,EP,XC,D
09:45:03,MYOR,RG,1825,1,D,EP,PD,D
09:45:03,MYOR,RG,1825,10,D,EP,PD,D
09:45:03,MYOR,RG,1825,20,D,EP,GR,D
09:45:03,MYOR,RG,1825,30,D,EP,YP,D
09:45:03,MYOR,RG,1825,4,D,EP,KK,D
09:45:03,MYOR,RG,1825,3,D,EP,CC,D
09:45:03,MYOR,RG,1825,1,D,EP,YP,D
09:45:03,MYOR,RG,1825,1,D,EP,YP,D
09:45:03,MYOR,RG,1825,1,D,EP,YP,D
09:45:03,MYOR,RG,1825,1,D,EP,PD,D
09:45:03,MYOR,RG,1825,20,D,EP,AT,D
09:45:03,MYOR,RG,1825,1,D,EP,YP,D
09:45:03,MYOR,RG,1825,15,D,EP,PD,D
09:45:03,MYOR,RG,1825,1,D,OD,CP,D
09:44:59,MYOR,RG,1820,1,D,OD,NI,D
09:44:58,MYOR,RG,1820,2,D,OD,YP,D
09:44:52,MYOR,RG,1820,69,D,OD,CS,F
09:44:52,MYOR,RG,1820,45,D,OD,CS,F
09:44:52,MYOR,RG,1820,40,D,OD,KZ,F
09:44:52,MYOR,RG,1820,1,D,OD,YP,D
09:44:52,MYOR,RG,1820,10,D,OD,GR,D
09:44:52,MYOR,RG,1820,2,D,OD,NI,D
09:44:52,MYOR,RG,1820,1,D,OD,BQ,D
09:44:52,MYOR,RG,1820,22,D,OD,NI,D
09:44:52,MYOR,RG,1820,20,D,OD,XC,D
09:44:52,MYOR,RG,1820,200,D,OD,PD,D
09:44:52,MYOR,RG,1820,214,D,OD,KZ,F
09:44:52,MYOR,RG,1820,6,D,OD,XC,D
09:44:52,MYOR,RG,1820,44,D,OD,XC,D
09:44:52,MYOR,RG,1820,2,D,OD,XL,D
09:44:52,MYOR,RG,1820,20,D,OD,XC,D
09:44:52,MYOR,RG,1820,10,D,OD,YP,D
09:44:52,MYOR,RG,1820,3,D,OD,XL,D
09:44:52,MYOR,RG,1820,5,D,OD,YP,D
09:44:52,MYOR,RG,1820,2,D,OD,YP,D
09:44:52,MYOR,RG,1820,1,D,OD,PD,D
09:44:52,MYOR,RG,1820,5,D,OD,GR,D
09:44:52,MYOR,RG,1820,1,D,OD,PD,D
09:44:52,MYOR,RG,1820,1,D,OD,XC,D
09:44:52,MYOR,RG,1820,17,D,OD,CC,D
09:44:52,MYOR,RG,1820,694,D,OD,YP,D
09:44:52,MYOR,RG,1820,15,D,OD,KK,D
09:44:52,MYOR,RG,1820,99,D,OD,SQ,D
09:44:52,MYOR,RG,1820,2,D,OD,XL,D
09:44:52,MYOR,RG,1820,1,D,OD,YP,D
09:44:52,MYOR,RG,1820,1,D,OD,YP,D
09:44:52,MYOR,RG,1820,1,D,OD,EP,D
09:44:52,MYOR,RG,1820,3,D,OD,XL,D
09:44:52,MYOR,RG,1820,1,D,OD,PD,D
09:44:52,MYOR,RG,1820,1,D,OD,YP,D
09:44:52,MYOR,RG,1820,1,D,OD,YP,D
09:44:52,MYOR,RG,1820,1,D,OD,DR,D
09:44:52,MYOR,RG,1820,300,D,OD,DR,D
09:44:52,MYOR,RG,1820,50,D,OD,GR,D
09:44:52,MYOR,RG,1820,25,D,OD,YP,D
09:44:52,MYOR,RG,1820,1,D,OD,CP,D
09:44:48,MYOR,RG,1815,20,D,YU,PD,D
09:44:26,MYOR,RG,1815,10,D,YU,GR,D
09:44:26,MYOR,RG,1815,27,D,YU,ZP,F
09:44:26,MYOR,RG,1815,25,D,YU,KK,D
09:44:25,MYOR,RG,1810,10,D,OD,YP,D
09:44:22,MYOR,RG,1815,28,D,YU,CS,F
09:44:22,MYOR,RG,1815,100,D,YU,YP,D
09:44:22,MYOR,RG,1815,10,D,YU,EP,D
09:44:22,MYOR,RG,1815,11,D,YU,YP,D
09:44:22,MYOR,RG,1815,3,D,YU,KZ,F
09:44:22,MYOR,RG,1815,1,D,YU,AT,D
09:44:22,MYOR,RG,1815,13,D,YU,KZ,F
09:44:22,MYOR,RG,1815,41,D,YU,CS,F
09:44:22,MYOR,RG,1815,7,D,YU,KZ,F
09:44:22,MYOR,RG,1815,14,D,YU,XC,D
09:44:22,MYOR,RG,1815,47,D,YU,KZ,F
09:44:22,MYOR,RG,1815,88,D,YU,CS,F
09:44:22,MYOR,RG,1815,200,D,YU,CC,D
09:44:22,MYOR,RG,1815,5,D,YU,KZ,F
09:44:22,MYOR,RG,1815,27,D,YU,ZP,F
09:44:22,MYOR,RG,1815,6,D,YU,KZ,F
09:44:22,MYOR,RG,1815,18,D,YU,CS,F
09:44:22,MYOR,RG,1815,20,D,YU,CC,D
09:44:22,MYOR,RG,1815,9,D,YU,KZ,F
09:44:22,MYOR,RG,1815,32,D,YU,XC,D
09:44:22,MYOR,RG,1815,38,D,YU,CS,F
09:44:22,MYOR,RG,1815,1,D,YU,XC,D
09:44:22,MYOR,RG,1815,1,D,YU,ZP,D
09:44:22,MYOR,RG,1815,61,D,YU,KZ,F
09:44:22,MYOR,RG,1815,1,D,YU,PD,D
09:44:22,MYOR,RG,1815,10,D,YU,YP,D
09:44:22,MYOR,RG,1815,1,D,YU,PD,D
09:44:22,MYOR,RG,1815,20,D,YU,SQ,D
09:44:22,MYOR,RG,1815,10,D,YU,PD,D
09:44:22,MYOR,RG,1815,1,D,YU,PD,D
09:44:22,MYOR,RG,1815,1,D,YU,XC,D
09:44:22,MYOR,RG,1815,101,D,YU,YP,D
09:44:22,MYOR,RG,1815,10,D,YU,DR,D
09:44:22,MYOR,RG,1815,5,D,YU,BQ,D
09:44:22,MYOR,RG,1815,40,D,YU,XA,D
09:44:22,MYOR,RG,1815,1,D,YU,YP,D
09:44:22,MYOR,RG,1815,1,D,YU,YP,D
09:44:22,MYOR,RG,1815,1,D,YU,YP,D
09:44:22,MYOR,RG,1815,6,D,YU,XC,D
09:44:22,MYOR,RG,1815,10,D,YU,XC,D
09:44:19,MYOR,RG,1810,2,D,OD,KZ,F
09:43:54,MYOR,RG,1810,10,D,OD,YP,D
09:43:49,MYOR,RG,1810,22,D,OD,KZ,F
09:43:37,MYOR,RG,1810,10,D,OD,YP,D
09:43:29,MYOR,RG,1810,28,D,OD,KZ,F
09:43:13,MYOR,RG,1810,1,D,OD,YP,D
09:43:11,MYOR,RG,1810,10,D,OD,YP,D
09:43:08,MYOR,RG,1810,1,D,OD,XC,D
09:42:58,MYOR,RG,1810,10,D,OD,YP,D
09:42:45,MYOR,RG,1810,2,D,OD,XC,D
09:42:45,MYOR,RG,1810,10,D,OD,YP,D
09:42:35,MYOR,RG,1810,10,D,OD,YP,D
09:42:32,MYOR,RG,1810,25,D,OD,KK,D
09:42:14,MYOR,RG,1810,10,D,OD,PD,D
09:42:14,MYOR,RG,1810,2,F,CC,PD,D
09:42:14,MYOR,RG,1810,1,F,AK,PD,D
09:42:14,MYOR,RG,1810,1,D,YP,PD,D
09:42:14,MYOR,RG,1810,19,D,SQ,PD,D
09:41:37,MYOR,RG,1810,10,D,SQ,YP,D
09:41:30,MYOR,RG,1810,7,D,SQ,YP,D
09:41:28,MYOR,RG,1810,14,D,SQ,PD,D
09:41:28,MYOR,RG,1810,17,F,AK,PD,D
09:41:28,MYOR,RG,1810,3,F,AK,PD,D
09:41:28,MYOR,RG,1810,6,D,OD,PD,D
09:41:02,MYOR,RG,1815,5,D,XC,XC,D
09:41:02,MYOR,RG,1815,8,D,XC,CC,D
09:39:18,MYOR,RG,1815,1,D,OD,CC,D
09:39:15,MYOR,RG,1810,50,D,OD,CS,F
09:39:15,MYOR,RG,1810,120,D,OD,CS,F
09:39:15,MYOR,RG,1810,35,D,OD,KZ,F
09:39:15,MYOR,RG,1810,209,D,OD,ZP,F
09:39:15,MYOR,RG,1810,1,D,OD,KZ,F
09:39:15,MYOR,RG,1810,23,D,OD,KZ,F
09:39:15,MYOR,RG,1810,28,D,OD,KZ,F
09:39:15,MYOR,RG,1810,184,D,OD,CS,F
09:39:15,MYOR,RG,1810,72,D,OD,YP,D
09:39:15,MYOR,RG,1810,11,D,OD,PD,D
09:39:15,MYOR,RG,1810,5,D,OD,NI,D
09:39:15,MYOR,RG,1810,81,D,OD,KZ,F
09:39:15,MYOR,RG,1810,2,D,OD,LS,D
09:39:15,MYOR,RG,1810,1,D,OD,BQ,D
09:39:15,MYOR,RG,1810,9,D,OD,NI,D
09:39:15,MYOR,RG,1810,10,D,OD,XC,D
09:39:15,MYOR,RG,1810,1,D,OD,XC,D
09:39:15,MYOR,RG,1810,5,D,OD,YP,D
09:39:15,MYOR,RG,1810,2,D,OD,PD,D
09:39:15,MYOR,RG,1810,5,D,OD,XC,D
09:39:15,MYOR,RG,1810,17,D,OD,PD,D
09:39:15,MYOR,RG,1810,1,D,OD,XC,D
09:39:15,MYOR,RG,1810,20,D,OD,NI,D
09:39:15,MYOR,RG,1810,2,D,OD,CC,D
09:39:06,MYOR,RG,1810,3,D,SQ,CC,D
09:39:06,MYOR,RG,1810,20,D,SQ,XL,D
09:39:06,MYOR,RG,1810,5,D,SQ,DR,D
09:39:06,MYOR,RG,1810,56,D,SQ,XC,D
09:39:06,MYOR,RG,1810,16,D,SQ,PD,D
09:38:43,MYOR,RG,1805,3,D,RX,YP,D
09:38:12,MYOR,RG,1805,2,D,RX,KK,D
09:34:42,MYOR,RG,1805,1,D,RX,YP,D
09:34:33,MYOR,RG,1805,2,D,RX,YP,D
09:33:12,MYOR,RG,1805,7,D,RX,YP,D
09:32:38,MYOR,RG,1805,5,D,RX,PD,D
09:32:37,MYOR,RG,1805,140,D,RX,KK,D
09:32:01,MYOR,RG,1805,163,D,RX,CS,F
09:32:01,MYOR,RG,1805,79,D,RX,CS,F
09:32:01,MYOR,RG,1805,13,D,RX,KZ,F
09:32:01,MYOR,RG,1805,25,D,RX,KZ,F
09:32:01,MYOR,RG,1805,5,D,RX,YP,D
09:32:01,MYOR,RG,1805,80,D,RX,ZP,F
09:32:01,MYOR,RG,1805,2,D,RX,YP,D
09:32:01,MYOR,RG,1805,5,D,RX,XC,D
09:32:01,MYOR,RG,1805,2,D,RX,KZ,F
09:32:01,MYOR,RG,1805,29,D,RX,KZ,F
09:32:01,MYOR,RG,1805,75,D,RX,CS,F
09:32:01,MYOR,RG,1805,6,D,RX,XC,D
09:31:47,MYOR,RG,1805,30,D,SQ,XC,D
09:30:27,MYOR,RG,1805,2,D,YU,XC,D
09:30:27,MYOR,RG,1805,4,D,YU,XC,D
09:30:26,MYOR,RG,1800,10,D,YU,YP,D
09:29:40,MYOR,RG,1805,3,D,YU,XC,D
09:29:40,MYOR,RG,1805,2,D,YU,XC,D
09:29:40,MYOR,RG,1805,20,D,YU,XC,D
09:29:40,MYOR,RG,1805,5,D,YU,XC,D
09:29:39,MYOR,RG,1800,62,D,YU,YP,D
09:29:23,MYOR,RG,1805,3,D,YU,XC,D
09:29:23,MYOR,RG,1800,10,D,YU,NI,D
09:26:09,MYOR,RG,1805,14,D,YU,CS,F
09:26:09,MYOR,RG,1805,10,D,YU,CS,F
09:26:09,MYOR,RG,1805,5,D,YU,CS,F
09:26:09,MYOR,RG,1805,9,D,YU,KZ,F
09:26:09,MYOR,RG,1805,6,D,YU,KZ,F
09:26:09,MYOR,RG,1805,6,D,YU,KZ,F
09:25:52,MYOR,RG,1805,1,D,YU,XC,D
09:25:51,MYOR,RG,1805,43,D,YU,CS,F
09:25:51,MYOR,RG,1805,80,D,YU,CS,F
09:25:50,MYOR,RG,1805,4,D,YU,PD,D
09:25:50,MYOR,RG,1805,13,D,YU,KZ,F
09:25:50,MYOR,RG,1805,4,D,YU,YP,D
09:25:50,MYOR,RG,1805,61,D,YU,ZP,F
09:25:50,MYOR,RG,1805,17,D,YU,BK,F
09:25:50,MYOR,RG,1805,15,D,YU,KZ,F
09:25:50,MYOR,RG,1805,80,D,YU,SQ,D
09:25:50,MYOR,RG,1805,10,D,YU,YP,D
09:25:50,MYOR,RG,1805,1,D,YU,CC,D
09:25:50,MYOR,RG,1805,1,D,YU,LS,D
09:25:50,MYOR,RG,1805,1,D,YU,KZ,F
09:25:50,MYOR,RG,1805,5,D,YU,XL,D
09:25:50,MYOR,RG,1805,7,D,YU,KZ,F
09:25:50,MYOR,RG,1805,15,D,YU,BK,F
09:25:50,MYOR,RG,1805,3,D,YU,YP,D
09:25:50,MYOR,RG,1805,3,D,YU,CS,F
09:25:14,MYOR,RG,1805,1,D,YU,CS,F
09:25:13,MYOR,RG,1805,2,D,SQ,CS,F
09:25:08,MYOR,RG,1805,1,D,PD,CS,F
09:24:01,MYOR,RG,1805,1,D,YU,CS,F
09:24:01,MYOR,RG,1805,1,D,YU,CS,F
09:24:01,MYOR,RG,1805,2,D,YU,CS,F
09:24:00,MYOR,RG,1805,7,D,YU,CS,F
09:24:00,MYOR,RG,1805,4,D,YU,CS,F
09:24:00,MYOR,RG,1805,21,D,YP,KZ,F
09:23:49,MYOR,RG,1805,1,D,YU,KZ,F
09:23:49,MYOR,RG,1805,2,D,YU,KZ,F
09:23:49,MYOR,RG,1805,1,D,YU,KZ,F
09:23:49,MYOR,RG,1805,1,D,YU,KZ,F
09:23:49,MYOR,RG,1805,6,D,YU,KZ,F
09:23:49,MYOR,RG,1805,2,D,YU,KZ,F
09:23:49,MYOR,RG,1805,5,D,YU,KZ,F
09:23:49,MYOR,RG,1805,19,D,YU,KZ,F
09:23:49,MYOR,RG,1805,17,D,YU,KZ,F
09:23:27,MYOR,RG,1805,17,D,YU,ZP,F
09:23:26,MYOR,RG,1805,20,D,YU,ZP,F
09:23:26,MYOR,RG,1805,59,D,YU,KZ,F
09:23:26,MYOR,RG,1805,21,D,YU,BK,F
09:23:17,MYOR,RG,1805,3,D,KK,BK,F
09:23:10,MYOR,RG,1805,6,D,YU,BK,F
09:23:10,MYOR,RG,1805,6,D,YU,BK,F
09:23:09,MYOR,RG,1805,18,D,YU,BK,F
09:23:09,MYOR,RG,1805,28,D,YU,BK,F
09:23:09,MYOR,RG,1805,6,D,YU,YP,D
09:23:08,MYOR,RG,1800,103,D,YU,BK,F
09:23:07,MYOR,RG,1805,7,D,YU,YP,D
09:23:07,MYOR,RG,1805,1,F,CC,YP,D
09:23:07,MYOR,RG,1805,2,D,YU,YP,D
09:23:07,MYOR,RG,1805,16,D,YU,YP,D
09:23:07,MYOR,RG,1805,16,D,YU,YP,D
09:23:07,MYOR,RG,1805,23,D,YU,YP,D
09:23:07,MYOR,RG,1805,52,D,YU,YP,D
09:23:07,MYOR,RG,1805,25,D,YU,YP,D
09:23:07,MYOR,RG,1805,157,D,YU,YP,D
09:23:07,MYOR,RG,1805,282,D,YU,YP,D
09:22:56,MYOR,RG,1805,15,D,YU,BK,F
09:22:53,MYOR,RG,1805,1,D,YU,BK,F
09:22:53,MYOR,RG,1805,1,D,YU,KZ,F
09:22:52,MYOR,RG,1805,1,D,YU,CC,D
09:22:52,MYOR,RG,1805,1,D,YU,BQ,D
09:22:52,MYOR,RG,1805,19,D,YU,KZ,F
09:22:52,MYOR,RG,1805,60,D,YU,XL,D
09:22:52,MYOR,RG,1805,2,D,YU,XC,D
09:22:52,MYOR,RG,1805,56,D,YU,BK,F
09:22:52,MYOR,RG,1805,42,D,YU,KZ,F
09:22:52,MYOR,RG,1805,72,D,YU,CS,F
09:22:52,MYOR,RG,1805,86,D,YU,ZP,F
09:22:52,MYOR,RG,1805,1,D,YU,KZ,F
09:22:52,MYOR,RG,1805,4,D,YU,YP,D
09:22:52,MYOR,RG,1805,117,D,YU,KZ,F
09:22:52,MYOR,RG,1805,234,D,YU,CS,F
09:22:52,MYOR,RG,1805,118,D,YU,KZ,F
09:22:52,MYOR,RG,1805,77,D,YU,BK,F
09:22:32,MYOR,RG,1805,2,D,YU,BK,F
09:22:32,MYOR,RG,1805,3,D,YU,BK,F
09:22:32,MYOR,RG,1800,5,D,YU,XL,D
09:21:33,MYOR,RG,1805,6,D,YU,BK,F
09:21:33,MYOR,RG,1805,6,D,YU,BK,F
09:21:32,MYOR,RG,1805,18,D,YU,BK,F
09:21:32,MYOR,RG,1805,24,D,YU,BK,F
09:21:32,MYOR,RG,1805,5,D,YU,CS,F
09:21:32,MYOR,RG,1805,5,D,YU,KZ,F
09:21:31,MYOR,RG,1800,100,D,YU,YP,D
09:21:14,MYOR,RG,1800,1,D,YU,YP,D
09:20:23,MYOR,RG,1800,1,D,YU,YP,D
09:20:19,MYOR,RG,1800,4,D,YU,YP,D
09:20:16,MYOR,RG,1800,12,D,YU,BK,F
09:20:16,MYOR,RG,1800,8,D,YU,BK,F
09:20:10,MYOR,RG,1800,15,D,YU,BK,F
09:20:05,MYOR,RG,1800,72,D,YU,BK,F
09:20:04,MYOR,RG,1800,405,D,YU,CS,F
09:19:58,MYOR,RG,1795,17,D,OD,BK,F
09:19:54,MYOR,RG,1795,36,D,OD,BK,F
09:19:51,MYOR,RG,1800,500,D,YU,CS,F
09:19:41,MYOR,RG,1805,138,D,YU,KZ,F
09:19:41,MYOR,RG,1805,260,D,YU,CS,F
09:19:41,MYOR,RG,1805,88,D,YU,BK,F
09:19:41,MYOR,RG,1805,333,D,YU,BK,F
09:19:41,MYOR,RG,1805,103,D,YU,YP,D
09:19:41,MYOR,RG,1805,588,D,YU,YP,D
09:19:32,MYOR,RG,1805,412,D,YU,YP,D
09:19:32,MYOR,RG,1805,3,D,YU,XC,D
09:19:32,MYOR,RG,1805,20,D,YU,YP,D
09:19:32,MYOR,RG,1805,63,D,YU,CC,D
09:19:32,MYOR,RG,1805,2,D,YU,YP,D
09:19:23,MYOR,RG,1800,64,D,YU,BK,F
09:19:23,MYOR,RG,1800,42,D,YU,CS,F
09:19:23,MYOR,RG,1800,82,D,YU,CS,F
09:19:23,MYOR,RG,1800,170,D,YU,AK,F
09:19:23,MYOR,RG,1800,2,D,YU,NI,D
09:19:23,MYOR,RG,1800,144,D,YU,BK,F
09:19:23,MYOR,RG,1800,43,D,YU,XC,D
09:19:23,MYOR,RG,1800,145,D,YU,CS,F
09:19:23,MYOR,RG,1800,20,D,YU,CS,F
09:19:23,MYOR,RG,1800,152,D,YU,CS,F
09:19:23,MYOR,RG,1800,236,D,YU,KZ,F
09:19:16,MYOR,RG,1795,1,D,OD,CC,D
09:19:13,MYOR,RG,1795,12,D,YU,CC,D
09:19:13,MYOR,RG,1795,33,D,YU,KZ,F
09:19:13,MYOR,RG,1795,15,D,YU,BK,F
09:19:07,MYOR,RG,1790,30,D,OD,ZP,F
09:19:07,MYOR,RG,1790,13,D,OD,BK,F
09:19:07,MYOR,RG,1790,18,D,OD,KZ,F
09:19:07,MYOR,RG,1790,14,D,OD,KZ,F
09:18:54,MYOR,RG,1790,1,D,XC,KZ,F
09:18:35,MYOR,RG,1790,1,D,YP,KZ,F
09:18:15,MYOR,RG,1790,11,D,KK,KZ,F
09:17:55,MYOR,RG,1785,2,D,CS,XC,D
09:17:55,MYOR,RG,1785,126,D,CS,KZ,F
09:17:55,MYOR,RG,1785,3,D,CS,KZ,F
09:17:55,MYOR,RG,1785,1,D,CS,KZ,F
09:17:55,MYOR,RG,1785,6,D,CS,KZ,F
09:17:55,MYOR,RG,1785,27,D,CS,KZ,F
09:17:55,MYOR,RG,1785,3,D,CS,KZ,F
09:17:55,MYOR,RG,1785,2,D,CS,KZ,F
09:17:55,MYOR,RG,1785,2,D,NI,KZ,F
09:17:50,MYOR,RG,1785,1,F,AK,KZ,F
09:17:50,MYOR,RG,1785,199,F,AK,BK,F
09:17:40,MYOR,RG,1780,1,D,YP,BK,F
09:17:40,MYOR,RG,1780,5,D,NI,BK,F
09:17:40,MYOR,RG,1780,1,D,PD,BK,F
09:17:40,MYOR,RG,1780,1,D,YP,BK,F
09:17:40,MYOR,RG,1780,6,D,YP,BK,F
09:17:39,MYOR,RG,1785,77,D,FS,ZP,F
09:17:39,MYOR,RG,1785,23,D,FS,KZ,F
09:17:12,MYOR,RG,1785,4,D,PD,KZ,F
09:17:07,MYOR,RG,1785,2,D,YP,KZ,F
09:17:01,MYOR,RG,1785,2,D,PD,KZ,F
09:16:23,MYOR,RG,1785,3,D,CC,KZ,F
09:16:09,MYOR,RG,1785,5,D,XC,KZ,F
09:15:58,MYOR,RG,1780,21,D,YP,BK,F
09:15:58,MYOR,RG,1785,30,D,YP,KZ,F
09:15:58,MYOR,RG,1785,39,D,YP,KZ,F
09:15:46,MYOR,RG,1780,21,D,YP,BK,F
09:15:44,MYOR,RG,1780,2,D,YP,BK,F
09:15:44,MYOR,RG,1780,10,D,XL,BK,F
09:15:44,MYOR,RG,1780,5,D,PD,BK,F
09:15:44,MYOR,RG,1780,1,D,PD,BK,F
09:15:44,MYOR,RG,1780,1,D,XC,BK,F
09:15:44,MYOR,RG,1780,5,D,YP,BK,F
09:15:44,MYOR,RG,1780,2,D,YP,BK,F
09:15:44,MYOR,RG,1780,5,D,YP,BK,F
09:15:44,MYOR,RG,1780,2,D,PD,BK,F
09:15:44,MYOR,RG,1780,1,D,CC,BK,F
09:15:44,MYOR,RG,1780,3,D,CC,BK,F
09:15:44,MYOR,RG,1785,1,D,YP,KZ,F
09:15:44,MYOR,RG,1785,22,D,YP,KZ,F
09:15:44,MYOR,RG,1785,1,D,YP,KZ,F
09:15:44,MYOR,RG,1785,1,D,YP,KZ,F
09:15:44,MYOR,RG,1785,5,D,YP,KZ,F
09:15:44,MYOR,RG,1785,10,D,EP,KZ,F
09:15:44,MYOR,RG,1785,2,D,YP,KZ,F
09:15:44,MYOR,RG,1785,5,D,YP,KZ,F
09:15:44,MYOR,RG,1785,3,D,PD,KZ,F
09:15:44,MYOR,RG,1785,1,D,CC,KZ,F
09:15:44,MYOR,RG,1785,165,D,ZP,KZ,F
09:15:41,MYOR,RG,1785,12,D,ZP,BK,F
09:15:39,MYOR,RG,1785,49,D,ZP,KZ,F
09:15:16,MYOR,RG,1790,1,D,NI,KZ,F
09:15:15,MYOR,RG,1785,24,D,ZP,BK,F
09:15:14,MYOR,RG,1790,1,D,NI,KZ,F
09:15:14,MYOR,RG,1790,2,D,XC,KZ,F
09:15:14,MYOR,RG,1790,10,D,YU,KZ,F
09:15:14,MYOR,RG,1790,1,D,YP,KZ,F
09:15:14,MYOR,RG,1790,24,D,DX,KZ,F
09:15:11,MYOR,RG,1790,34,D,DX,BK,F
09:15:09,MYOR,RG,1790,42,D,DX,KZ,F
09:15:09,MYOR,RG,1790,30,D,YP,KZ,F
09:15:09,MYOR,RG,1790,1,D,YP,KZ,F
09:15:09,MYOR,RG,1790,11,D,YP,KZ,F
09:15:09,MYOR,RG,1790,2,D,PD,KZ,F
09:15:09,MYOR,RG,1790,5,D,YP,KZ,F
09:15:09,MYOR,RG,1790,1,D,PD,KZ,F
09:15:09,MYOR,RG,1790,59,D,ZP,KZ,F
09:15:06,MYOR,RG,1790,1,D,ZP,AK,F
09:15:06,MYOR,RG,1790,1,D,ZP,AK,F
09:15:06,MYOR,RG,1790,2,D,ZP,AK,F
09:15:06,MYOR,RG,1790,5,D,ZP,AK,F
09:15:06,MYOR,RG,1790,10,D,ZP,AK,F
09:15:05,MYOR,RG,1790,20,D,ZP,AK,F
09:14:33,MYOR,RG,1790,1,D,ZP,AK,F
09:14:33,MYOR,RG,1790,14,D,ZP,BK,F
09:14:30,MYOR,RG,1790,2,D,ZP,AK,F
09:14:30,MYOR,RG,1795,30,D,PD,BK,F
09:14:30,MYOR,RG,1795,30,D,PD,KZ,F
09:14:30,MYOR,RG,1790,135,D,ZP,BK,F
09:14:25,MYOR,RG,1795,100,D,YP,BK,F
09:14:25,MYOR,RG,1795,1,D,YP,BK,F
09:14:25,MYOR,RG,1795,2,D,AZ,BK,F
09:14:25,MYOR,RG,1795,300,D,OD,BK,F
09:14:25,MYOR,RG,1795,2,D,PD,BK,F
09:14:20,MYOR,RG,1795,3,D,PD,AK,F
09:14:20,MYOR,RG,1795,1,D,ZP,AK,F
09:14:19,MYOR,RG,1800,1,D,YP,BK,F
09:14:19,MYOR,RG,1800,1,D,YP,BK,F
09:14:19,MYOR,RG,1800,3,D,PD,BK,F
09:14:19,MYOR,RG,1800,123,D,OD,BK,F
09:14:19,MYOR,RG,1800,7,D,OD,AK,F
09:14:19,MYOR,RG,1800,70,D,OD,AK,F
09:14:19,MYOR,RG,1800,100,D,YP,AK,F
09:14:19,MYOR,RG,1800,30,D,YP,AK,F
09:14:19,MYOR,RG,1800,20,D,YP,CS,F
09:14:19,MYOR,RG,1800,126,D,YP,CS,F
09:14:19,MYOR,RG,1800,2,D,YP,AK,F
09:14:19,MYOR,RG,1800,3000,D,YP,YP,D
09:11:30,MYOR,RG,1800,1,D,YP,XL,D
09:10:29,MYOR,RG,1800,17,D,YP,XC,D
09:10:14,MYOR,RG,1800,110,D,YP,PD,D
09:10:11,MYOR,RG,1805,1,D,PD,CS,F
09:10:11,MYOR,RG,1805,10,D,PD,YP,D
09:10:04,MYOR,RG,1805,1,D,PD,KZ,F
09:10:01,MYOR,RG,1805,3,D,PD,CS,F
09:09:39,MYOR,RG,1805,1,D,PD,KZ,F
09:09:36,MYOR,RG,1805,11,D,PD,XC,D
09:09:19,MYOR,RG,1805,4,D,PD,KZ,F
09:09:18,MYOR,RG,1805,19,D,PD,EP,D
09:09:18,MYOR,RG,1805,1,F,CC,EP,D
09:06:36,MYOR,RG,1805,2,D,OD,YP,D
09:06:25,MYOR,RG,1805,1,D,OD,YP,D
09:06:24,MYOR,RG,1805,47,D,OD,KZ,F
09:06:20,MYOR,RG,1805,4,D,OD,YP,D
09:05:58,MYOR,RG,1805,17,D,OD,AK,F
09:05:50,MYOR,RG,1805,168,D,OD,CS,F
09:05:50,MYOR,RG,1805,87,D,OD,CS,F
09:05:49,MYOR,RG,1805,5,D,OD,XL,D
09:05:49,MYOR,RG,1805,5,D,OD,KZ,F
09:05:49,MYOR,RG,1805,42,D,OD,BK,F
09:05:49,MYOR,RG,1805,5,D,OD,KZ,F
09:05:49,MYOR,RG,1805,213,D,OD,KZ,F
09:05:49,MYOR,RG,1805,5,D,OD,DR,D
09:05:49,MYOR,RG,1805,1,D,OD,YP,D
09:05:49,MYOR,RG,1805,85,D,OD,KZ,F
09:05:49,MYOR,RG,1805,66,D,OD,BK,F
09:05:49,MYOR,RG,1805,68,D,OD,BK,F
09:05:49,MYOR,RG,1805,24,D,OD,KZ,F
09:05:49,MYOR,RG,1805,100,D,OD,YP,D
09:05:49,MYOR,RG,1805,52,D,OD,BK,F
09:05:49,MYOR,RG,1805,3,D,OD,KZ,F
09:05:49,MYOR,RG,1800,9,D,YP,CC,D
09:04:52,MYOR,RG,1800,31,D,YP,YP,D
09:03:45,MYOR,RG,1805,1,D,XL,ZP,F
09:03:17,MYOR,RG,1800,16,D,YP,BK,F
09:03:14,MYOR,RG,1800,14,D,YP,BK,F
09:03:12,MYOR,RG,1800,69,D,YP,CS,F
09:02:43,MYOR,RG,1800,50,D,YP,CC,D
09:02:09,MYOR,RG,1800,15,D,YP,BK,F
09:02:07,MYOR,RG,1800,11,D,YP,BK,F
09:02:02,MYOR,RG,1805,6,D,OD,ZP,F
09:02:02,MYOR,RG,1805,11,D,OD,KZ,F
09:02:02,MYOR,RG,1805,3,D,OD,PD,D
09:02:02,MYOR,RG,1805,1,D,OD,CC,D
09:02:02,MYOR,RG,1805,29,D,OD,PD,D
09:02:02,MYOR,RG,1805,29,D,OD,PD,D
09:02:02,MYOR,RG,1805,7,D,OD,CC,D
09:02:01,MYOR,RG,1800,11,D,YP,BK,F
09:01:57,MYOR,RG,1800,19,D,YP,BK,F
09:01:52,MYOR,RG,1800,75,D,YP,BK,F
09:01:51,MYOR,RG,1800,1,D,YP,CS,F
09:01:51,MYOR,RG,1800,73,D,YP,CS,F
09:01:51,MYOR,RG,1800,147,D,YP,CS,F
09:01:48,MYOR,RG,1800,33,D,YP,AK,F
09:01:46,MYOR,RG,1800,100,D,YP,BK,F
09:01:44,MYOR,RG,1800,156,D,YP,BK,F
09:01:44,MYOR,RG,1800,200,D,YP,BK,F
09:01:41,MYOR,RG,1800,200,D,YP,BK,F
09:01:41,MYOR,RG,1800,24,D,YP,CS,F
09:01:39,MYOR,RG,1800,200,D,YP,BK,F
09:01:39,MYOR,RG,1800,10,D,YP,AK,F
09:01:31,MYOR,RG,1800,50,D,YP,CS,F
09:01:21,MYOR,RG,1800,180,D,YP,BK,F
09:01:21,MYOR,RG,1800,2,D,XC,BK,F
09:01:21,MYOR,RG,1800,1,D,PD,BK,F
09:01:21,MYOR,RG,1800,17,D,PD,BK,F
09:00:22,MYOR,RG,1800,2,D,PD,CS,F
09:00:19,MYOR,RG,1800,1,D,PD,XL,D
09:00:19,MYOR,RG,1800,2,D,CC,XL,D
09:00:19,MYOR,RG,1805,2,D,EP,CC,D
09:00:16,MYOR,RG,1805,1,D,XL,CC,D
09:00:09,MYOR,RG,1800,1,D,YB,CS,F
09:00:09,MYOR,RG,1800,2,D,YB,AK,F
09:00:08,MYOR,RG,1805,3,D,PD,CC,D
09:00:07,MYOR,RG,1800,1,D,YB,CS,F
09:00:07,MYOR,RG,1800,2,D,YB,CS,F
09:00:07,MYOR,RG,1800,1,D,YB,CS,F
09:00:07,MYOR,RG,1805,5,D,PD,CC,D
09:00:07,MYOR,RG,1805,2,D,XC,CC,D
09:00:07,MYOR,RG,1805,1,D,XC,CC,D
09:00:07,MYOR,RG,1810,4,D,CC,PD,D
09:00:03,MYOR,RG,1810,1,D,CC,YP,D
