Time,Stock,Brd,Price,Qty,BT,BC,SC,ST
15:13:40,MYOR,RG,1620,1,D,PD,KZ,F
15:13:40,MYOR,RG,1620,2,D,PD,XL,D
15:13:02,MYOR,RG,1620,1,D,PD,KZ,F
15:13:02,MYOR,RG,1620,4,D,PD,PD,D
15:13:02,MYOR,RG,1620,1,D,CC,PD,D
15:12:26,MYOR,RG,1620,2,D,CC,KZ,F
15:11:45,MYOR,RG,1620,2,D,XC,KZ,F
15:11:37,MYOR,RG,1620,1,D,DR,KZ,F
15:11:36,MYOR,RG,1620,4,D,DR,KZ,F
15:11:36,MYOR,RG,1620,2,D,DR,XC,D
15:11:36,MYOR,RG,1620,14,D,DR,KZ,F
15:11:36,MYOR,RG,1620,3,D,DR,XL,D
15:11:36,MYOR,RG,1620,1,D,DR,YB,D
15:09:53,MYOR,RG,1620,10,D,LS,YB,D
15:09:15,MYOR,RG,1620,10,D,CP,YB,D
15:09:08,MYOR,RG,1620,5,D,EP,YB,D
15:08:41,MYOR,RG,1620,4,D,CC,YB,D
15:08:41,MYOR,RG,1620,4,D,CC,KZ,F
15:06:56,MYOR,RG,1620,7,D,NI,YP,D
15:06:56,MYOR,RG,1620,4,D,NI,KZ,F
15:06:56,MYOR,RG,1620,36,D,NI,CP,D
15:06:56,MYOR,RG,1620,3,D,NI,XC,D
15:06:56,MYOR,RG,1620,10,D,NI,XL,D
15:06:23,MYOR,RG,1620,5,D,XC,XL,D
15:05:29,MYOR,RG,1620,5,D,YP,XL,D
15:05:26,MYOR,RG,1620,1,D,XC,KZ,F
15:04:41,MYOR,RG,1620,1,D,XC,KZ,F
15:03:48,MYOR,RG,1620,2,D,XC,KZ,F
15:03:48,MYOR,RG,1620,2,D,XC,YB,D
15:03:38,MYOR,RG,1620,1,D,XL,YB,D
15:02:27,MYOR,RG,1620,2,D,DR,YB,D
15:02:00,MYOR,RG,1620,2,D,KK,YB,D
15:02:00,MYOR,RG,1620,6,D,KK,YB,D
15:02:00,MYOR,RG,1620,17,D,XC,YB,D
15:01:54,MYOR,RG,1620,1,D,XC,KZ,F
15:01:54,MYOR,RG,1620,1,D,XC,AK,F
15:01:53,MYOR,RG,1620,1,D,XC,AK,F
15:01:52,MYOR,RG,1620,1,D,XC,KZ,F
15:01:52,MYOR,RG,1620,2,D,XC,AK,F
15:01:51,MYOR,RG,1620,4,D,XC,KZ,F
15:01:51,MYOR,RG,1620,1,D,XC,AK,F
15:01:50,MYOR,RG,1620,8,D,XC,KZ,F
15:01:50,MYOR,RG,1620,15,D,XC,AK,F
15:01:49,MYOR,RG,1620,5,D,XC,KZ,F
15:01:49,MYOR,RG,1620,5,D,XC,AK,F
15:01:49,MYOR,RG,1620,22,D,XC,CC,D
15:01:49,MYOR,RG,1620,1,D,KK,CC,D
15:01:49,MYOR,RG,1620,1,D,XC,CC,D
15:01:49,MYOR,RG,1620,21,D,PD,CC,D
15:01:48,MYOR,RG,1620,6,D,PD,KZ,F
15:01:47,MYOR,RG,1620,20,D,PD,HP,D
15:01:38,MYOR,RG,1620,1,D,PD,AK,F
15:01:37,MYOR,RG,1620,1,D,PD,AK,F
15:01:36,MYOR,RG,1620,1,D,PD,KZ,F
15:01:36,MYOR,RG,1620,1,D,XC,KZ,F
15:01:35,MYOR,RG,1620,4,D,XC,KZ,F
15:01:35,MYOR,RG,1620,6,D,XC,AK,F
15:01:34,MYOR,RG,1620,1,D,XC,KZ,F
15:01:34,MYOR,RG,1620,13,D,XC,YB,D
15:01:34,MYOR,RG,1620,7,D,PD,YB,D
15:01:12,MYOR,RG,1620,1,D,PD,KZ,F
15:01:12,MYOR,RG,1620,1,D,PD,AK,F
15:01:10,MYOR,RG,1620,1,D,PD,KZ,F
15:01:05,MYOR,RG,1620,6,D,PD,AK,F
15:01:04,MYOR,RG,1620,22,D,PD,KZ,F
15:00:00,MYOR,RG,1620,12,D,PD,PD,D
15:00:00,MYOR,RG,1620,10,D,XC,PD,D
15:00:00,MYOR,RG,1620,10,D,XC,PD,D
15:00:00,MYOR,RG,1620,168,D,CC,PD,D
15:00:00,MYOR,RG,1620,8,D,CC,YP,D
15:00:00,MYOR,RG,1620,24,D,CC,YJ,D
15:00:00,MYOR,RG,1620,2,D,YP,YJ,D
15:00:00,MYOR,RG,1620,2,D,YP,YJ,D
15:00:00,MYOR,RG,1620,1,D,PD,YJ,D
15:00:00,MYOR,RG,1620,2,D,XC,YJ,D
15:00:00,MYOR,RG,1620,10,D,GR,YJ,D
15:00:00,MYOR,RG,1620,2,D,PD,YJ,D
15:00:00,MYOR,RG,1620,150,D,XC,YJ,D
15:00:00,MYOR,RG,1620,1,D,PD,YJ,D
15:00:00,MYOR,RG,1620,7,D,YP,YJ,D
15:00:00,MYOR,RG,1620,2,D,PD,YJ,D
15:00:00,MYOR,RG,1620,10,F,NI,YJ,D
15:00:00,MYOR,RG,1620,1,D,XC,YJ,D
15:00:00,MYOR,RG,1620,20,D,YU,YJ,D
15:00:00,MYOR,RG,1620,20,D,YU,YJ,D
15:00:00,MYOR,RG,1620,57,D,YU,YJ,D
15:00:00,MYOR,RG,1620,60,D,YU,YB,D
15:00:00,MYOR,RG,1620,60,D,YU,YB,D
15:00:00,MYOR,RG,1620,142,D,YU,KK,D
15:00:00,MYOR,RG,1620,10,D,XL,KK,D
15:00:00,MYOR,RG,1620,2,D,KK,KK,D
15:00:00,MYOR,RG,1620,5,D,DH,KK,D
15:00:00,MYOR,RG,1620,6,D,KK,KK,D
15:00:00,MYOR,RG,1620,1,D,KK,KK,D
15:00:00,MYOR,RG,1620,184,D,YU,KK,D
15:00:00,MYOR,RG,1620,1,D,YU,PD,D
15:00:00,MYOR,RG,1620,70,D,YU,YB,D
15:00:00,MYOR,RG,1620,5,D,YU,EP,D
15:00:00,MYOR,RG,1620,12,D,YU,XC,D
15:00:00,MYOR,RG,1620,3,D,YU,XC,D
15:00:00,MYOR,RG,1620,14,D,YU,YP,D
15:00:00,MYOR,RG,1620,14,D,YU,CP,D
15:00:00,MYOR,RG,1620,14,D,YU,YP,D
15:00:00,MYOR,RG,1620,20,D,YU,YB,D
15:00:00,MYOR,RG,1620,240,D,YU,AZ,D
15:00:00,MYOR,RG,1620,59,D,YU,KZ,F
15:00:00,MYOR,RG,1620,2,D,YU,KZ,F
15:00:00,MYOR,RG,1620,2,D,YU,KZ,F
15:00:00,MYOR,RG,1620,4,D,YU,KZ,F
15:00:00,MYOR,RG,1620,3,D,YU,KZ,F
15:00:00,MYOR,RG,1620,2,D,YU,KZ,F
15:00:00,MYOR,RG,1620,9,D,YU,KZ,F
15:00:00,MYOR,RG,1620,30,D,YU,KZ,F
15:00:00,MYOR,RG,1620,40,D,YU,KZ,F
15:00:00,MYOR,RG,1620,2,D,YU,KZ,F
15:00:00,MYOR,RG,1620,368,D,YU,KZ,F
15:00:00,MYOR,RG,1620,1,D,YU,KZ,F
15:00:00,MYOR,RG,1620,1,D,YU,KZ,F
15:00:00,MYOR,RG,1620,4,D,YU,KZ,F
15:00:00,MYOR,RG,1620,19,D,YU,KZ,F
15:00:00,MYOR,RG,1620,1,D,YU,AK,F
15:00:00,MYOR,RG,1620,16,D,YU,AK,F
15:00:00,MYOR,RG,1620,1,D,YU,AK,F
15:00:00,MYOR,RG,1620,3,D,YU,AK,F
15:00:00,MYOR,RG,1620,56,D,YU,AK,F
15:00:00,MYOR,RG,1620,1,D,YU,AK,F
15:00:00,MYOR,RG,1620,1,D,YU,AK,F
15:00:00,MYOR,RG,1620,3,D,YU,AK,F
15:00:00,MYOR,RG,1620,1,D,YU,AK,F
15:00:00,MYOR,RG,1620,2,D,YU,AK,F
15:00:00,MYOR,RG,1620,3,D,YU,AK,F
15:00:00,MYOR,RG,1620,8,D,YU,AK,F
15:00:00,MYOR,RG,1620,4,D,YU,AK,F
15:00:00,MYOR,RG,1620,12,D,YU,AK,F
15:00:00,MYOR,RG,1620,3,D,YU,AK,F
15:00:00,MYOR,RG,1620,55,D,YU,AK,F
15:00:00,MYOR,RG,1620,229,D,YU,AK,F
15:00:00,MYOR,RG,1620,150,D,YU,AK,F
15:00:00,MYOR,RG,1620,31,D,YU,AK,F
15:00:00,MYOR,RG,1620,1,D,YU,BB,F
15:00:00,MYOR,RG,1620,2,D,YU,BB,F
15:00:00,MYOR,RG,1620,1,D,YU,BB,F
15:00:00,MYOR,RG,1620,3,D,YU,BB,F
15:00:00,MYOR,RG,1620,10,D,YU,BB,F
15:00:00,MYOR,RG,1620,1,D,YU,BB,F
15:00:00,MYOR,RG,1620,11,D,YU,BB,F
15:00:00,MYOR,RG,1620,10,D,YU,BB,F
15:00:00,MYOR,RG,1620,3,D,YU,BB,F
15:00:00,MYOR,RG,1620,27,D,YU,BB,F
15:00:00,MYOR,RG,1620,1,D,YU,BB,F
15:00:00,MYOR,RG,1620,29,D,PD,BB,F
15:00:00,MYOR,RG,1620,3,D,KK,BB,F
15:00:00,MYOR,RG,1620,8,D,AZ,BB,F
15:00:00,MYOR,RG,1620,21,F,AK,BB,F
14:49:48,MYOR,RG,1620,2,D,YU,KZ,F
14:49:47,MYOR,RG,1620,6,D,YU,YP,D
14:49:44,MYOR,RG,1620,2,D,YU,KZ,F
14:49:44,MYOR,RG,1620,10,D,YU,BB,F
14:49:39,MYOR,RG,1620,2,D,YU,KZ,F
14:49:39,MYOR,RG,1620,5,D,YU,CC,D
14:49:34,MYOR,RG,1620,6,D,YU,KZ,F
14:49:34,MYOR,RG,1620,25,D,YU,BB,F
14:49:32,MYOR,RG,1620,74,D,YU,KZ,F
14:49:30,MYOR,RG,1620,71,D,YU,KZ,F
14:49:30,MYOR,RG,1620,7,D,YU,BB,F
14:49:30,MYOR,RG,1620,26,D,YU,BB,F
14:49:29,MYOR,RG,1620,1,D,YU,KZ,F
14:49:29,MYOR,RG,1620,194,D,YU,CC,D
14:49:29,MYOR,RG,1620,42,D,DR,CC,D
14:49:29,MYOR,RG,1620,1,D,XL,CC,D
14:49:29,MYOR,RG,1620,263,D,YU,CC,D
14:49:28,MYOR,RG,1620,1,D,YU,BB,F
14:49:27,MYOR,RG,1620,135,D,YU,KZ,F
14:49:27,MYOR,RG,1620,1,D,YU,SQ,D
14:49:27,MYOR,RG,1620,500,D,YU,CC,D
14:49:21,MYOR,RG,1620,1,D,YU,KZ,F
14:49:19,MYOR,RG,1620,9,D,YU,KZ,F
14:49:19,MYOR,RG,1620,4,D,YU,BB,F
14:49:18,MYOR,RG,1620,6,D,YU,BB,F
14:49:17,MYOR,RG,1620,12,D,YU,KZ,F
14:49:16,MYOR,RG,1620,19,D,YU,CC,F
14:49:16,MYOR,RG,1620,5,D,YU,BB,F
14:49:16,MYOR,RG,1620,44,D,YU,YB,D
14:49:08,MYOR,RG,1615,5,D,SQ,KZ,F
14:49:07,MYOR,RG,1620,20,D,YU,YB,D
14:49:06,MYOR,RG,1620,1,D,PD,YB,D
14:49:05,MYOR,RG,1615,1,D,SQ,KZ,F
14:49:05,MYOR,RG,1615,5,D,SQ,BB,F
14:49:04,MYOR,RG,1615,11,D,SQ,KZ,F
14:49:04,MYOR,RG,1620,40,D,YU,YB,D
14:49:00,MYOR,RG,1615,26,D,SQ,KZ,F
14:48:58,MYOR,RG,1615,1,D,SQ,KZ,F
14:48:58,MYOR,RG,1620,95,D,YU,YB,D
14:48:58,MYOR,RG,1620,2,D,YU,BB,F
14:48:58,MYOR,RG,1620,3,D,YU,CC,F
14:48:56,MYOR,RG,1615,20,D,SQ,KZ,F
14:48:56,MYOR,RG,1615,7,D,SQ,KZ,F
14:48:55,MYOR,RG,1620,100,D,YU,CC,F
14:48:53,MYOR,RG,1615,2,D,SQ,BB,F
14:48:45,MYOR,RG,1615,1,D,SQ,KZ,F
14:48:45,MYOR,RG,1615,10,D,SQ,KZ,F
14:48:43,MYOR,RG,1615,1,D,SQ,KZ,F
14:48:43,MYOR,RG,1615,2,D,SQ,BB,F
14:48:42,MYOR,RG,1615,2,D,SQ,BB,F
14:48:40,MYOR,RG,1620,2,D,YU,KZ,F
14:48:40,MYOR,RG,1620,2,D,YU,BB,F
14:48:40,MYOR,RG,1620,46,D,YU,CC,F
14:48:31,MYOR,RG,1615,18,D,SQ,KZ,F
14:48:31,MYOR,RG,1615,1,D,SQ,BB,F
14:48:31,MYOR,RG,1615,2,D,SQ,BB,F
14:48:30,MYOR,RG,1615,25,D,SQ,BB,F
14:48:30,MYOR,RG,1615,70,D,SQ,KZ,F
14:48:29,MYOR,RG,1615,44,D,SQ,DR,D
14:48:29,MYOR,RG,1620,30,D,YU,KZ,F
14:48:25,MYOR,RG,1620,36,D,YU,KZ,F
14:48:25,MYOR,RG,1620,500,D,YU,CC,D
14:48:20,MYOR,RG,1620,43,D,YU,KZ,F
14:48:19,MYOR,RG,1620,22,D,YU,BB,F
14:48:18,MYOR,RG,1620,1,D,YU,KZ,F
14:48:18,MYOR,RG,1620,136,D,YU,CC,F
14:48:18,MYOR,RG,1620,12,D,YU,BB,F
14:48:05,MYOR,RG,1615,123,D,SQ,KZ,F
14:48:04,MYOR,RG,1615,26,D,SQ,KZ,F
14:48:04,MYOR,RG,1615,98,D,SQ,KZ,D
14:48:03,MYOR,RG,1615,1,D,SQ,KZ,F
14:48:01,MYOR,RG,1615,20,D,SQ,KZ,F
14:48:01,MYOR,RG,1615,8,D,SQ,BB,F
14:48:00,MYOR,RG,1615,37,D,SQ,BB,F
14:47:59,MYOR,RG,1620,37,D,YU,KZ,D
14:47:57,MYOR,RG,1620,63,D,YU,KZ,F
14:47:57,MYOR,RG,1620,45,D,YU,KZ,F
14:47:56,MYOR,RG,1620,455,D,YU,CC,D
14:47:56,MYOR,RG,1620,398,D,YU,CC,D
14:47:42,MYOR,RG,1620,2,D,YU,KZ,F
14:47:42,MYOR,RG,1620,5,D,YU,BB,F
14:47:39,MYOR,RG,1620,36,D,YU,KZ,F
14:47:37,MYOR,RG,1620,12,D,YU,KZ,F
14:47:36,MYOR,RG,1620,6,D,YU,KZ,F
14:47:36,MYOR,RG,1620,11,D,YU,KZ,F
14:47:36,MYOR,RG,1620,7,D,YU,KZ,F
14:47:36,MYOR,RG,1620,3,D,YU,KZ,F
14:47:36,MYOR,RG,1620,14,D,YU,BB,F
14:47:36,MYOR,RG,1620,76,D,YU,KZ,F
14:47:36,MYOR,RG,1620,16,D,YU,KZ,F
14:47:36,MYOR,RG,1620,91,D,YU,AK,F
14:47:36,MYOR,RG,1620,42,D,YU,AK,F
14:47:36,MYOR,RG,1620,31,D,YU,YP,D
14:47:33,MYOR,RG,1615,2,D,SQ,BB,F
14:47:33,MYOR,RG,1620,20,D,YU,YP,D
14:47:30,MYOR,RG,1620,14,D,YU,YP,D
14:47:28,MYOR,RG,1620,5,F,AK,YP,D
14:47:26,MYOR,RG,1620,23,D,YU,YP,D
14:47:24,MYOR,RG,1615,27,D,PD,BB,F
14:47:22,MYOR,RG,1620,11,D,YU,YP,D
14:47:15,MYOR,RG,1615,26,D,YJ,BB,F
14:47:15,MYOR,RG,1620,96,D,YU,YP,D
14:47:15,MYOR,RG,1620,158,D,YU,CC,F
14:47:15,MYOR,RG,1620,175,D,YU,KZ,F
14:47:15,MYOR,RG,1620,5,D,YU,DR,D
14:47:15,MYOR,RG,1620,11,D,YU,KZ,F
14:47:15,MYOR,RG,1620,55,D,YU,AK,F
14:47:10,MYOR,RG,1620,142,D,YU,AK,F
14:47:10,MYOR,RG,1620,15,D,YU,KZ,F
14:47:10,MYOR,RG,1620,60,D,YU,CC,D
14:47:10,MYOR,RG,1620,5,D,YU,AZ,D
14:47:10,MYOR,RG,1620,5,D,YU,AZ,D
14:47:10,MYOR,RG,1620,7,D,YU,KZ,F
14:47:10,MYOR,RG,1620,12,D,YU,KZ,F
14:47:10,MYOR,RG,1620,18,D,YU,BB,F
14:47:10,MYOR,RG,1620,14,D,YU,KZ,F
14:47:10,MYOR,RG,1620,500,D,YU,CC,D
14:47:10,MYOR,RG,1620,22,D,YU,KZ,F
14:47:06,MYOR,RG,1615,60,D,YJ,YP,D
14:47:04,MYOR,RG,1615,6,D,YJ,BB,F
14:47:03,MYOR,RG,1615,1,D,YJ,BB,F
14:47:02,MYOR,RG,1620,100,D,YU,KZ,F
14:47:00,MYOR,RG,1615,3,D,YJ,BB,F
14:46:59,MYOR,RG,1620,30,D,YU,KZ,F
14:46:52,MYOR,RG,1620,50,D,YU,KZ,F
14:46:50,MYOR,RG,1615,2,D,YJ,BB,F
14:46:45,MYOR,RG,1620,1,D,XC,KZ,F
14:46:42,MYOR,RG,1620,46,D,YU,KZ,F
14:46:42,MYOR,RG,1620,4,D,YU,KZ,F
14:46:36,MYOR,RG,1615,6,D,YJ,BB,F
14:46:33,MYOR,RG,1620,17,D,YU,KZ,F
14:46:33,MYOR,RG,1620,83,D,YU,CC,D
14:46:29,MYOR,RG,1615,52,D,YJ,BB,F
14:46:23,MYOR,RG,1615,5,D,YJ,BB,F
14:46:22,MYOR,RG,1620,417,D,YU,CC,D
14:46:22,MYOR,RG,1620,5,D,YU,KZ,F
14:46:22,MYOR,RG,1620,45,D,YU,AK,F
14:46:22,MYOR,RG,1620,2,D,YU,KZ,F
14:46:22,MYOR,RG,1620,11,D,YU,BB,F
14:46:22,MYOR,RG,1620,252,D,YU,AK,F
14:46:22,MYOR,RG,1620,79,D,YU,KZ,F
14:46:22,MYOR,RG,1620,189,D,YU,CC,D
14:46:10,MYOR,RG,1620,20,D,YU,CC,D
14:46:08,MYOR,RG,1615,8,D,YJ,BB,F
14:46:07,MYOR,RG,1620,291,D,YU,CC,D
14:46:05,MYOR,RG,1620,13,D,YU,KZ,F
14:46:03,MYOR,RG,1620,26,D,YU,BB,F
14:46:02,MYOR,RG,1625,20,D,YU,CC,D
14:46:01,MYOR,RG,1620,128,D,YU,KZ,F
14:45:59,MYOR,RG,1620,2,D,YU,KZ,F
14:45:59,MYOR,RG,1620,145,D,YU,KZ,D
14:45:59,MYOR,RG,1620,6,D,YU,KZ,F
14:45:59,MYOR,RG,1620,2,D,YU,KZ,F
14:45:59,MYOR,RG,1620,4,D,YU,KZ,F
14:45:59,MYOR,RG,1620,65,D,YU,KZ,D
14:45:59,MYOR,RG,1620,31,D,YU,CC,F
14:45:59,MYOR,RG,1620,8,D,YU,KZ,F
14:45:59,MYOR,RG,1620,17,D,YU,AK,F
14:45:59,MYOR,RG,1620,5,D,YU,KZ,F
14:45:59,MYOR,RG,1620,41,D,YU,KZ,F
14:45:59,MYOR,RG,1620,3,D,YU,BB,F
14:45:59,MYOR,RG,1620,213,D,YU,AK,F
14:45:48,MYOR,RG,1620,5,D,KK,AK,F
14:45:34,MYOR,RG,1615,1,D,YJ,BB,F
14:45:13,MYOR,RG,1615,1,D,YJ,BB,F
14:45:13,MYOR,RG,1620,20,D,YU,AK,F
14:45:06,MYOR,RG,1620,10,D,YU,AK,F
14:45:02,MYOR,RG,1615,4,D,YJ,BB,F
14:45:01,MYOR,RG,1620,10,D,YU,AK,F
14:44:55,MYOR,RG,1620,22,D,YU,AK,F
14:44:55,MYOR,RG,1620,8,D,YU,AK,F
14:44:52,MYOR,RG,1615,8,D,YJ,BB,F
14:44:51,MYOR,RG,1620,4,D,YU,AK,F
14:44:51,MYOR,RG,1620,2,D,YU,KZ,F
14:44:51,MYOR,RG,1620,1,D,YU,KZ,F
14:44:51,MYOR,RG,1620,38,D,YU,KZ,F
14:44:51,MYOR,RG,1620,5,D,YU,CC,D
14:44:46,MYOR,RG,1620,150,D,YU,CC,D
14:44:45,MYOR,RG,1615,8,D,YJ,BB,F
14:44:24,MYOR,RG,1620,5,D,CC,CC,D
14:44:24,MYOR,RG,1620,1,D,PD,CC,D
14:44:24,MYOR,RG,1620,139,D,YU,CC,D
14:43:58,MYOR,RG,1620,1,D,YU,BB,F
14:43:56,MYOR,RG,1620,9,D,YU,KZ,F
14:43:54,MYOR,RG,1620,31,D,YU,BB,F
14:43:54,MYOR,RG,1620,9,D,YU,KZ,F
14:43:49,MYOR,RG,1620,106,D,YU,KZ,F
14:43:49,MYOR,RG,1620,2,D,YU,KZ,F
14:43:49,MYOR,RG,1620,3,D,YU,KZ,F
14:43:47,MYOR,RG,1620,20,D,YU,KZ,F
14:43:46,MYOR,RG,1620,180,D,YU,YB,D
14:43:46,MYOR,RG,1620,50,D,YU,YB,D
14:43:46,MYOR,RG,1620,20,D,YU,YB,D
14:43:46,MYOR,RG,1620,10,D,YP,YB,D
14:43:46,MYOR,RG,1620,10,D,YU,YB,D
14:43:46,MYOR,RG,1620,100,D,NI,YB,D
14:43:46,MYOR,RG,1620,18,D,XC,YB,D
14:43:46,MYOR,RG,1620,6,D,PD,YB,D
14:43:46,MYOR,RG,1620,71,D,YU,YB,D
14:43:23,MYOR,RG,1620,1,D,YU,BB,F
14:43:17,MYOR,RG,1620,13,D,YU,YP,D
14:42:51,MYOR,RG,1620,2,D,YU,BB,F
14:42:50,MYOR,RG,1625,5,D,CC,CC,D
14:42:49,MYOR,RG,1620,2,D,YU,AK,F
14:42:48,MYOR,RG,1625,30,D,KK,CC,D
14:42:44,MYOR,RG,1620,1,D,YU,KZ,F
14:42:43,MYOR,RG,1620,1,D,YU,BB,F
14:42:34,MYOR,RG,1620,1,D,YU,KZ,F
14:42:33,MYOR,RG,1620,3,D,YU,BB,F
14:42:33,MYOR,RG,1620,13,D,YU,KZ,F
14:42:31,MYOR,RG,1620,50,D,YU,CC,D
14:42:26,MYOR,RG,1620,1,D,YU,KZ,F
14:42:25,MYOR,RG,1620,4,D,YU,BB,F
14:42:24,MYOR,RG,1620,5,D,YU,KZ,F
14:42:19,MYOR,RG,1620,78,D,YU,KZ,F
14:42:19,MYOR,RG,1620,4,D,YU,KZ,F
14:42:14,MYOR,RG,1615,16,D,YJ,BB,F
14:42:10,MYOR,RG,1620,9,D,KK,BB,F
14:42:10,MYOR,RG,1620,202,D,KK,CC,F
14:42:10,MYOR,RG,1620,27,D,KK,KZ,F
14:42:10,MYOR,RG,1620,1,D,KK,KZ,F
14:42:10,MYOR,RG,1620,11,D,KK,KZ,F
14:42:10,MYOR,RG,1620,6,D,KK,KZ,F
14:42:10,MYOR,RG,1620,31,D,KK,KZ,F
14:42:10,MYOR,RG,1620,93,D,KK,SQ,D
14:41:58,MYOR,RG,1620,63,D,YU,SQ,D
14:41:58,MYOR,RG,1620,37,D,YU,KZ,D
14:41:58,MYOR,RG,1615,3,D,YJ,BB,F
14:41:55,MYOR,RG,1620,40,D,YU,KZ,D
14:41:53,MYOR,RG,1615,6,D,YJ,BB,F
14:41:52,MYOR,RG,1620,20,D,YU,KZ,D
14:41:44,MYOR,RG,1620,111,D,YU,KZ,D
14:41:41,MYOR,RG,1620,1,D,YU,KZ,F
14:41:40,MYOR,RG,1620,7,D,YU,BB,F
14:41:32,MYOR,RG,1620,2,D,YU,KZ,F
14:41:32,MYOR,RG,1620,7,D,YU,BB,F
14:41:30,MYOR,RG,1620,131,D,YU,KZ,F
14:41:28,MYOR,RG,1620,7,D,YU,KZ,F
14:41:28,MYOR,RG,1620,1,D,YU,KZ,F
14:41:28,MYOR,RG,1620,31,D,YU,XC,D
14:41:28,MYOR,RG,1620,30,D,YU,BB,F
14:41:28,MYOR,RG,1620,24,D,YU,KZ,F
14:41:28,MYOR,RG,1620,6,D,YU,KZ,F
14:41:28,MYOR,RG,1620,63,D,YU,KZ,D
14:41:28,MYOR,RG,1620,193,D,YU,KZ,D
14:41:28,MYOR,RG,1620,106,D,YU,KZ,F
14:41:28,MYOR,RG,1620,7,D,YU,KZ,F
14:41:28,MYOR,RG,1620,16,D,YU,KZ,F
14:41:28,MYOR,RG,1620,4,D,YU,KZ,F
14:41:28,MYOR,RG,1620,119,D,YU,YU,D
14:41:28,MYOR,RG,1620,134,D,YU,YU,D
14:41:04,MYOR,RG,1615,2,D,YJ,BB,F
14:41:00,MYOR,RG,1615,93,D,YJ,YU,D
14:41:00,MYOR,RG,1615,25,D,CC,YU,D
14:40:10,MYOR,RG,1615,25,D,CC,AK,F
14:40:09,MYOR,RG,1620,1,D,KK,AK,F
14:40:08,MYOR,RG,1620,2,D,NI,AK,F
14:40:08,MYOR,RG,1625,2,D,NI,CC,D
14:40:08,MYOR,RG,1625,10,D,XC,CC,D
14:40:08,MYOR,RG,1625,1,D,NI,CC,D
14:40:08,MYOR,RG,1625,379,D,EP,CC,D
14:39:31,MYOR,RG,1625,5,D,EP,YP,D
14:38:33,MYOR,RG,1625,1,D,EP,AK,F
14:38:31,MYOR,RG,1625,10,D,EP,YP,D
14:38:31,MYOR,RG,1625,1,D,EP,XC,D
14:38:10,MYOR,RG,1625,10,D,EP,YP,D
14:37:40,MYOR,RG,1625,5,D,EP,YP,D
14:37:27,MYOR,RG,1625,11,D,EP,KZ,F
14:37:27,MYOR,RG,1625,12,D,EP,KZ,F
14:37:27,MYOR,RG,1625,8,D,EP,BB,F
14:37:27,MYOR,RG,1625,119,D,EP,KZ,F
14:37:27,MYOR,RG,1625,173,D,EP,EP,D
14:37:27,MYOR,RG,1620,37,D,EP,BB,F
14:37:27,MYOR,RG,1620,13,D,EP,AK,F
14:37:27,MYOR,RG,1615,1,D,EP,KZ,F
14:37:27,MYOR,RG,1615,1,D,EP,KZ,F
14:37:27,MYOR,RG,1615,36,D,EP,BB,F
14:37:27,MYOR,RG,1615,2,D,EP,KZ,F
14:37:27,MYOR,RG,1615,2,D,EP,XC,D
14:37:27,MYOR,RG,1615,1,D,EP,KZ,F
14:37:27,MYOR,RG,1615,7,D,EP,KZ,F
14:37:27,MYOR,RG,1615,94,D,EP,AK,F
14:37:27,MYOR,RG,1615,114,D,EP,CC,F
14:37:27,MYOR,RG,1615,438,D,EP,KZ,F
14:37:27,MYOR,RG,1615,9,D,EP,AK,F
14:37:27,MYOR,RG,1615,11,D,EP,AK,F
14:37:20,MYOR,RG,1610,1,D,SQ,BB,F
14:37:20,MYOR,RG,1610,5,D,SQ,YP,D
14:37:10,MYOR,RG,1615,2,D,DH,AK,F
14:36:59,MYOR,RG,1610,7,D,SQ,BB,F
14:36:50,MYOR,RG,1615,2,D,DH,AK,F
14:36:45,MYOR,RG,1610,32,D,SQ,BB,F
14:36:42,MYOR,RG,1615,120,F,AK,AK,F
14:36:42,MYOR,RG,1615,10,F,AK,AK,F
14:36:41,MYOR,RG,1625,27,D,EP,EP,D
14:36:41,MYOR,RG,1625,5,D,EP,CP,D
14:36:41,MYOR,RG,1625,1,D,EP,CC,D
14:36:41,MYOR,RG,1625,5,D,EP,YP,D
14:36:41,MYOR,RG,1625,25,D,EP,KZ,D
14:36:41,MYOR,RG,1625,4,D,EP,KZ,D
14:36:41,MYOR,RG,1625,33,D,EP,BB,F
14:36:41,MYOR,RG,1625,38,D,EP,YP,D
14:36:41,MYOR,RG,1625,5,D,EP,DH,D
14:36:41,MYOR,RG,1625,17,D,EP,KZ,F
14:36:41,MYOR,RG,1625,21,D,EP,KZ,F
14:36:41,MYOR,RG,1625,200,D,EP,CC,D
14:36:41,MYOR,RG,1625,76,D,EP,KZ,F
14:36:41,MYOR,RG,1625,137,D,EP,CC,D
14:36:41,MYOR,RG,1620,67,D,EP,XC,D
14:36:41,MYOR,RG,1620,54,D,EP,YU,D
14:36:41,MYOR,RG,1620,8,D,EP,KZ,F
14:36:41,MYOR,RG,1620,6,D,EP,BB,F
14:36:41,MYOR,RG,1620,1,D,EP,XC,D
14:36:41,MYOR,RG,1620,16,D,EP,KZ,D
14:36:41,MYOR,RG,1620,6,D,EP,KZ,D
14:36:41,MYOR,RG,1620,25,D,EP,KZ,F
14:36:41,MYOR,RG,1620,2,D,EP,XC,D
14:36:41,MYOR,RG,1620,1,D,EP,SQ,D
14:36:41,MYOR,RG,1620,10,D,EP,YP,D
14:36:41,MYOR,RG,1620,3,D,EP,KZ,F
14:36:41,MYOR,RG,1620,4,D,EP,YP,D
14:36:41,MYOR,RG,1620,10,D,EP,CC,D
14:36:41,MYOR,RG,1620,150,D,EP,TP,D
14:36:41,MYOR,RG,1620,260,D,EP,ZP,D
14:36:41,MYOR,RG,1620,27,D,EP,YU,D
14:36:41,MYOR,RG,1615,125,D,EP,YU,D
14:36:41,MYOR,RG,1615,30,D,EP,BB,F
14:36:41,MYOR,RG,1615,60,D,EP,NI,D
14:36:41,MYOR,RG,1615,213,D,EP,KZ,D
14:36:41,MYOR,RG,1615,1,D,EP,XC,D
14:36:41,MYOR,RG,1615,1,D,EP,KZ,F
14:36:41,MYOR,RG,1615,2,D,EP,KZ,F
14:36:41,MYOR,RG,1615,14,D,EP,CC,F
14:36:41,MYOR,RG,1615,2,D,EP,KZ,F
14:36:41,MYOR,RG,1615,29,D,EP,KZ,F
14:36:41,MYOR,RG,1615,4,D,EP,KZ,F
14:36:41,MYOR,RG,1615,1,D,EP,KZ,F
14:36:41,MYOR,RG,1615,200,D,EP,CC,D
14:36:41,MYOR,RG,1615,5,D,EP,KZ,F
14:36:41,MYOR,RG,1615,25,D,EP,KZ,F
14:36:41,MYOR,RG,1615,8,D,EP,AK,F
14:36:41,MYOR,RG,1615,1,D,EP,AK,F
14:36:41,MYOR,RG,1615,35,D,EP,CC,D
14:36:40,MYOR,RG,1615,3,D,NI,CC,D
14:36:36,MYOR,RG,1610,2,D,SQ,YP,D
14:36:33,MYOR,RG,1610,2,D,SQ,BB,F
14:36:22,MYOR,RG,1610,20,D,SQ,YP,D
14:36:21,MYOR,RG,1615,3,D,XC,CC,D
14:36:06,MYOR,RG,1610,10,D,SQ,YP,D
14:36:01,MYOR,RG,1615,3,D,DH,CC,D
14:36:00,MYOR,RG,1610,1,D,SQ,BB,F
14:35:51,MYOR,RG,1610,10,D,SQ,YP,D
14:35:43,MYOR,RG,1610,1,D,SQ,BB,F
14:35:42,MYOR,RG,1610,10,D,SQ,YP,D
14:35:36,MYOR,RG,1615,3,D,DH,CC,D
14:35:31,MYOR,RG,1610,15,D,SQ,YP,D
14:35:21,MYOR,RG,1610,8,D,SQ,BB,F
14:35:00,MYOR,RG,1610,151,D,SQ,YU,D
14:34:45,MYOR,RG,1610,1,D,SQ,BB,F
14:34:35,MYOR,RG,1610,10,D,SQ,YP,D
14:34:33,MYOR,RG,1610,1,D,SQ,CC,D
14:34:19,MYOR,RG,1610,10,D,SQ,YP,D
14:34:09,MYOR,RG,1615,1,D,DR,CC,D
14:34:00,MYOR,RG,1610,1,D,SQ,BB,F
14:33:54,MYOR,RG,1615,5,D,CC,CC,D
14:33:36,MYOR,RG,1615,5,D,YP,CC,D
14:33:16,MYOR,RG,1615,3,D,NI,CC,D
14:33:12,MYOR,RG,1610,7,D,SQ,BB,F
14:33:03,MYOR,RG,1615,8,D,XC,CC,D
14:33:01,MYOR,RG,1610,7,D,SQ,BB,F
14:33:00,MYOR,RG,1610,120,D,SQ,YU,D
14:32:57,MYOR,RG,1615,15,D,CC,CC,D
14:32:49,MYOR,RG,1615,1,D,AZ,CC,D
14:32:49,MYOR,RG,1615,1,D,PD,CC,D
14:32:49,MYOR,RG,1615,1,D,TF,CC,D
14:32:49,MYOR,RG,1615,5,D,DR,CC,D
14:32:49,MYOR,RG,1615,1,D,XC,CC,D
14:32:49,MYOR,RG,1615,5,D,DH,CC,D
14:32:49,MYOR,RG,1615,2,D,PD,CC,D
14:32:49,MYOR,RG,1615,1,D,PD,CC,D
14:32:49,MYOR,RG,1615,99,D,LG,CC,D
14:32:31,MYOR,RG,1615,2,D,LG,BB,F
14:32:29,MYOR,RG,1615,46,D,LG,KZ,F
14:32:21,MYOR,RG,1615,1,D,LG,BB,F
14:32:19,MYOR,RG,1615,15,D,LG,KZ,F
14:32:19,MYOR,RG,1615,6,D,LG,KZ,F
14:32:07,MYOR,RG,1615,21,D,LG,BB,F
14:31:56,MYOR,RG,1615,8,D,LG,BB,F
14:31:55,MYOR,RG,1615,51,D,LG,KZ,F
14:31:55,MYOR,RG,1615,182,D,LG,YU,D
14:31:55,MYOR,RG,1615,2,D,LG,KZ,F
14:31:55,MYOR,RG,1615,3,D,LG,BB,F
14:31:55,MYOR,RG,1615,25,D,LG,KZ,F
14:31:55,MYOR,RG,1615,1,D,LG,XC,D
14:31:55,MYOR,RG,1615,2,D,LG,KZ,F
14:31:55,MYOR,RG,1615,49,D,LG,KZ,F
14:31:55,MYOR,RG,1615,46,D,LG,KZ,F
14:31:55,MYOR,RG,1615,1,D,LG,XC,D
14:31:55,MYOR,RG,1615,40,D,LG,PD,D
14:31:41,MYOR,RG,1615,1,D,YP,PD,D
14:31:38,MYOR,RG,1615,5,D,DH,PD,D
14:31:36,MYOR,RG,1615,154,D,EP,PD,D
14:31:36,MYOR,RG,1615,9,D,EP,KZ,F
14:31:36,MYOR,RG,1615,37,D,EP,KZ,D
14:31:33,MYOR,RG,1615,1,D,YP,KZ,D
14:31:27,MYOR,RG,1610,6,D,SQ,BB,F
14:31:26,MYOR,RG,1615,3,D,NI,KZ,D
14:31:17,MYOR,RG,1610,10,D,SQ,BB,F
14:31:16,MYOR,RG,1615,85,D,CC,KZ,D
14:31:16,MYOR,RG,1615,2,D,CC,KZ,F
14:31:16,MYOR,RG,1615,13,D,CC,KZ,F
14:31:13,MYOR,RG,1610,1,D,SQ,YU,D
14:31:07,MYOR,RG,1610,10,D,SQ,BB,F
14:31:05,MYOR,RG,1610,200,D,SQ,YB,D
14:31:00,MYOR,RG,1610,43,D,SQ,YU,D
14:31:00,MYOR,RG,1610,5,D,YP,YU,D
14:31:00,MYOR,RG,1610,1,D,NI,YU,D
14:31:00,MYOR,RG,1610,10,D,YP,YU,D
14:31:00,MYOR,RG,1610,1,D,NI,YU,D
14:31:00,MYOR,RG,1610,30,D,PD,YU,D
14:31:00,MYOR,RG,1610,10,D,XL,YU,D
14:31:00,MYOR,RG,1610,1,D,PD,YU,D
14:31:00,MYOR,RG,1610,5,D,XC,YU,D
14:31:00,MYOR,RG,1610,2,D,YP,YU,D
14:31:00,MYOR,RG,1610,50,D,XC,YU,D
14:31:00,MYOR,RG,1610,5,D,PD,YU,D
14:31:00,MYOR,RG,1610,23,D,SQ,YU,D
14:30:59,MYOR,RG,1615,1,D,YP,KZ,F
14:30:50,MYOR,RG,1615,7,D,DH,KZ,F
14:30:37,MYOR,RG,1610,1,D,SQ,BB,F
14:30:35,MYOR,RG,1615,2,D,DH,KZ,F
14:30:23,MYOR,RG,1615,1,D,AZ,KZ,F
14:30:10,MYOR,RG,1615,2,D,NI,KZ,F
14:30:08,MYOR,RG,1615,1,D,YP,KZ,F
14:29:55,MYOR,RG,1615,1,D,XC,KZ,F
14:29:35,MYOR,RG,1615,10,D,YP,KZ,F
14:29:19,MYOR,RG,1610,8,D,SQ,BB,F
14:29:19,MYOR,RG,1615,2,D,YP,KZ,F
14:28:58,MYOR,RG,1615,58,D,YP,AK,F
14:28:57,MYOR,RG,1615,10,D,YP,XC,D
14:28:57,MYOR,RG,1615,2,D,YP,KZ,F
14:28:57,MYOR,RG,1615,5,D,YP,KZ,F
14:28:57,MYOR,RG,1615,3,D,YP,KZ,F
14:28:57,MYOR,RG,1615,3,D,YP,KZ,F
14:28:57,MYOR,RG,1615,2,D,YP,KZ,F
14:28:57,MYOR,RG,1615,1,D,YP,KZ,F
14:28:57,MYOR,RG,1615,37,D,YP,KZ,F
14:28:57,MYOR,RG,1615,5,D,YP,BB,F
14:28:57,MYOR,RG,1615,7,D,YP,KZ,F
14:28:57,MYOR,RG,1615,9,D,YP,AK,F
14:28:57,MYOR,RG,1615,11,D,YP,AK,F
14:28:57,MYOR,RG,1615,95,D,YP,CC,D
14:28:40,MYOR,RG,1610,1,D,SQ,BB,F
14:28:39,MYOR,RG,1615,1,D,XL,CC,D
14:28:21,MYOR,RG,1610,7,D,SQ,PD,D
14:28:16,MYOR,RG,1610,1,D,SQ,BB,F
14:28:02,MYOR,RG,1615,20,D,YB,CC,D
14:27:54,MYOR,RG,1610,9,D,SQ,BB,F
14:27:54,MYOR,RG,1615,2,D,EP,CC,D
14:27:40,MYOR,RG,1615,10,D,YB,CC,D
14:27:36,MYOR,RG,1610,2,D,XA,BB,F
14:27:36,MYOR,RG,1610,5,D,DR,BB,F
14:27:36,MYOR,RG,1610,2,D,KK,BB,F
14:27:34,MYOR,RG,1615,120,D,YP,CC,D
14:27:34,MYOR,RG,1615,10,D,YP,CC,D
14:27:34,MYOR,RG,1615,15,D,KK,CC,D
14:27:34,MYOR,RG,1615,27,D,DH,CC,D
14:27:29,MYOR,RG,1615,166,D,DH,KZ,F
14:27:24,MYOR,RG,1615,5,D,DH,KZ,F
14:27:14,MYOR,RG,1615,2,D,DH,KZ,F
14:27:12,MYOR,RG,1615,2,D,DH,BB,F
14:27:06,MYOR,RG,1615,6,D,DH,XC,D
14:27:00,MYOR,RG,1615,20,D,DH,DR,D
14:26:59,MYOR,RG,1615,6,D,DH,KZ,F
14:26:48,MYOR,RG,1615,25,D,DH,BB,F
14:26:34,MYOR,RG,1615,1,D,DH,AK,F
14:26:34,MYOR,RG,1615,16,D,DH,KZ,F
14:26:34,MYOR,RG,1615,5,D,DH,AK,F
14:26:34,MYOR,RG,1615,2,D,DH,KZ,F
14:26:34,MYOR,RG,1615,43,D,DH,AK,F
14:26:34,MYOR,RG,1615,37,D,DH,KZ,F
14:26:34,MYOR,RG,1615,6,D,DH,KZ,F
14:26:34,MYOR,RG,1615,13,D,DH,BB,F
14:26:34,MYOR,RG,1615,55,D,DH,TP,D
14:26:34,MYOR,RG,1615,162,D,DH,KZ,D
14:26:34,MYOR,RG,1615,200,D,DH,YU,D
14:26:34,MYOR,RG,1615,117,D,DH,KZ,D
14:26:34,MYOR,RG,1615,7,D,DH,KZ,F
14:26:34,MYOR,RG,1615,11,D,DH,KZ,F
14:26:34,MYOR,RG,1615,1,D,DH,KZ,F
14:26:34,MYOR,RG,1615,25,D,DH,KZ,F
14:26:34,MYOR,RG,1615,40,D,DH,YU,D
14:25:41,MYOR,RG,1610,3,D,KK,BB,F
14:25:41,MYOR,RG,1610,1,D,PD,BB,F
14:25:39,MYOR,RG,1610,1,D,PD,KZ,D
14:25:39,MYOR,RG,1610,1,D,XC,KZ,D
14:25:39,MYOR,RG,1610,5,D,DR,KZ,D
14:25:39,MYOR,RG,1610,5,D,KK,KZ,D
14:25:39,MYOR,RG,1610,20,D,XC,KZ,D
14:25:39,MYOR,RG,1610,20,D,HP,KZ,D
14:25:39,MYOR,RG,1610,1,D,PD,KZ,D
14:25:39,MYOR,RG,1610,1,D,XC,KZ,D
14:25:39,MYOR,RG,1610,6,D,DH,KZ,D
14:25:39,MYOR,RG,1610,1,D,YP,KZ,D
14:25:38,MYOR,RG,1615,2,D,XC,YU,D
14:25:26,MYOR,RG,1615,2,D,XC,YU,D
14:25:17,MYOR,RG,1610,9,D,CC,BB,F
14:25:00,MYOR,RG,1610,91,D,CC,YU,D
14:25:00,MYOR,RG,1610,5,D,PD,YU,D
14:25:00,MYOR,RG,1610,2,D,XC,YU,D
14:25:00,MYOR,RG,1610,1,D,YP,YU,D
14:25:00,MYOR,RG,1610,1,D,NI,YU,D
14:25:00,MYOR,RG,1610,50,D,XA,YU,D
14:25:00,MYOR,RG,1610,23,D,CC,YU,D
14:23:53,MYOR,RG,1610,3,D,CC,BB,F
14:23:30,MYOR,RG,1610,1,D,CC,BB,F
14:23:29,MYOR,RG,1610,23,D,CC,KZ,F
14:23:29,MYOR,RG,1610,2,D,YP,KZ,F
14:23:29,MYOR,RG,1610,2,D,PD,KZ,F
14:23:29,MYOR,RG,1610,5,D,PD,KZ,F
14:23:29,MYOR,RG,1610,23,D,PD,KZ,F
14:23:29,MYOR,RG,1610,1,D,PD,KZ,F
14:23:29,MYOR,RG,1610,2,D,PD,KZ,F
14:23:20,MYOR,RG,1610,4,D,PD,BB,F
14:23:20,MYOR,RG,1610,1,D,DH,BB,F
14:23:20,MYOR,RG,1610,5,D,AZ,BB,F
14:23:19,MYOR,RG,1610,5,D,AZ,KZ,F
14:23:19,MYOR,RG,1610,5,D,CP,KZ,F
14:23:19,MYOR,RG,1610,5,D,YB,KZ,F
14:23:19,MYOR,RG,1610,1,D,YB,KZ,F
14:23:15,MYOR,RG,1610,4,D,YB,BB,F
14:23:15,MYOR,RG,1610,9,D,XA,BB,F
14:23:14,MYOR,RG,1610,1,D,XA,KZ,F
14:23:14,MYOR,RG,1610,187,D,XA,KZ,F
14:23:09,MYOR,RG,1610,1,D,XA,KZ,F
14:23:06,MYOR,RG,1610,2,D,XA,YP,D
14:23:06,MYOR,RG,1610,93,D,KI,YP,D
14:23:00,MYOR,RG,1610,164,D,KI,YU,D
14:22:48,MYOR,RG,1610,3,D,KI,BB,F
14:22:39,MYOR,RG,1610,50,D,KI,YP,D
14:22:01,MYOR,RG,1615,1,D,PD,YU,D
14:21:15,MYOR,RG,1610,1,D,KI,BB,F
14:21:13,MYOR,RG,1615,1,D,DR,YU,D
14:21:02,MYOR,RG,1615,7,D,EP,YU,D
14:21:02,MYOR,RG,1615,8,D,EP,CC,D
14:20:59,MYOR,RG,1615,10,D,SQ,CC,D
14:20:14,MYOR,RG,1610,6,D,KI,BB,F
14:20:12,MYOR,RG,1610,75,D,KI,SQ,D
14:20:12,MYOR,RG,1615,5,D,YP,CC,D
14:20:07,MYOR,RG,1610,17,D,KI,CC,D
14:20:05,MYOR,RG,1610,9,D,KI,BB,F
14:20:00,MYOR,RG,1610,181,D,KI,YU,D
14:19:44,MYOR,RG,1610,2,D,KI,BB,F
14:19:36,MYOR,RG,1610,31,D,KI,AZ,D
14:18:40,MYOR,RG,1610,9,D,KI,BB,F
14:18:28,MYOR,RG,1610,1,D,KI,BB,F
14:18:28,MYOR,RG,1615,2,D,PD,CC,D
14:18:27,MYOR,RG,1615,10,D,PD,CC,D
14:18:27,MYOR,RG,1615,1,D,XC,CC,D
14:18:27,MYOR,RG,1615,13,D,KK,CC,D
14:18:27,MYOR,RG,1615,2,D,NI,CC,D
14:18:27,MYOR,RG,1615,15,D,LG,CC,D
14:18:27,MYOR,RG,1615,5,D,PD,CC,D
14:18:27,MYOR,RG,1615,10,D,GR,CC,D
14:18:27,MYOR,RG,1615,5,D,DH,CC,D
14:18:27,MYOR,RG,1615,5,D,XC,CC,D
14:18:27,MYOR,RG,1615,1,D,YP,CC,D
14:18:27,MYOR,RG,1615,2,D,YP,CC,D
14:18:27,MYOR,RG,1615,1,D,XC,CC,D
14:18:27,MYOR,RG,1615,1,D,DR,CC,D
14:18:27,MYOR,RG,1615,5,D,PD,CC,D
14:18:27,MYOR,RG,1615,1,D,EP,CC,D
14:18:27,MYOR,RG,1615,2,D,PD,CC,D
14:18:27,MYOR,RG,1615,96,D,SQ,CC,D
14:18:25,MYOR,RG,1615,10,D,SQ,BB,F
14:18:25,MYOR,RG,1615,2,D,SQ,BB,F
14:18:24,MYOR,RG,1615,7,D,SQ,BB,F
14:18:23,MYOR,RG,1615,78,D,SQ,YP,D
14:18:23,MYOR,RG,1615,1,D,XC,YP,D
14:18:23,MYOR,RG,1615,1,D,XL,YP,D
14:18:23,MYOR,RG,1615,13,D,XC,YP,D
14:18:23,MYOR,RG,1615,5,D,YP,YP,D
14:18:23,MYOR,RG,1615,3,D,XL,YP,D
14:18:23,MYOR,RG,1615,5,D,PD,YP,D
14:18:23,MYOR,RG,1615,10,D,YP,YP,D
14:18:23,MYOR,RG,1615,1,D,XC,YP,D
14:18:23,MYOR,RG,1615,10,D,EP,YP,D
14:18:23,MYOR,RG,1615,1,D,PD,YP,D
14:18:23,MYOR,RG,1615,20,D,KK,YP,D
14:18:23,MYOR,RG,1615,30,D,KK,YP,D
14:18:23,MYOR,RG,1615,5,D,DR,YP,D
14:18:23,MYOR,RG,1615,6,D,CC,YP,D
14:18:23,MYOR,RG,1615,5,D,DR,YP,D
14:18:23,MYOR,RG,1615,6,D,DH,YP,D
14:18:15,MYOR,RG,1615,40,D,DH,YP,D
14:18:14,MYOR,RG,1615,30,D,DH,BB,F
14:18:14,MYOR,RG,1615,24,D,DH,KZ,F
14:18:14,MYOR,RG,1615,1,D,XL,KZ,F
14:18:14,MYOR,RG,1615,1,D,CC,KZ,F
14:18:14,MYOR,RG,1615,3,D,NI,KZ,F
14:18:14,MYOR,RG,1615,70,D,CC,KZ,F
14:18:14,MYOR,RG,1615,3,D,XL,KZ,F
14:18:14,MYOR,RG,1615,2,D,XC,KZ,F
14:18:14,MYOR,RG,1615,8,D,NI,KZ,F
14:18:14,MYOR,RG,1615,6,D,YP,KZ,F
14:18:14,MYOR,RG,1615,14,D,YP,KZ,F
14:18:14,MYOR,RG,1615,3,D,NI,KZ,F
14:18:09,MYOR,RG,1615,1,D,NI,KZ,F
14:18:09,MYOR,RG,1615,1,D,NI,KZ,F
14:18:09,MYOR,RG,1615,25,D,NI,KZ,F
14:18:09,MYOR,RG,1615,1,D,NI,KZ,F
14:18:09,MYOR,RG,1615,31,D,XL,KZ,F
14:18:09,MYOR,RG,1615,1,D,XC,KZ,F
14:18:09,MYOR,RG,1615,1,D,NI,KZ,F
14:18:09,MYOR,RG,1615,3,D,PD,KZ,F
14:18:09,MYOR,RG,1615,19,D,NI,KZ,F
14:18:04,MYOR,RG,1615,1,D,NI,BB,F
14:18:03,MYOR,RG,1615,1,D,NI,CC,D
14:18:03,MYOR,RG,1615,1,D,PD,CC,D
14:18:03,MYOR,RG,1615,5,D,PD,CC,D
14:18:03,MYOR,RG,1615,1,D,SQ,CC,D
14:18:03,MYOR,RG,1615,1,D,NI,CC,D
14:18:03,MYOR,RG,1615,20,D,SQ,CC,D
14:18:03,MYOR,RG,1615,1,D,NI,CC,D
14:18:03,MYOR,RG,1615,5,D,PD,CC,D
14:18:03,MYOR,RG,1615,2,D,YP,CC,D
14:18:03,MYOR,RG,1615,20,D,CC,CC,D
14:18:03,MYOR,RG,1615,5,D,PD,CC,D
14:18:03,MYOR,RG,1615,1,D,PD,CC,D
14:18:03,MYOR,RG,1615,1,D,YP,CC,D
14:18:03,MYOR,RG,1615,17,D,XL,CC,D
14:18:03,MYOR,RG,1615,1,D,SQ,CC,D
14:18:03,MYOR,RG,1615,1,D,LG,CC,D
14:18:03,MYOR,RG,1615,10,D,CC,CC,D
14:18:03,MYOR,RG,1615,1,D,PD,CC,D
14:18:03,MYOR,RG,1615,63,D,CC,CC,D
14:18:03,MYOR,RG,1615,2,D,KK,CC,D
14:18:03,MYOR,RG,1615,250,D,DH,CC,D
14:18:03,MYOR,RG,1615,91,D,DH,CC,D
14:17:59,MYOR,RG,1615,1,D,DH,KZ,F
14:17:44,MYOR,RG,1615,1,D,DH,KZ,F
14:17:38,MYOR,RG,1620,1,D,PD,YU,D
14:16:19,MYOR,RG,1620,3,D,PD,YU,D
14:16:15,MYOR,RG,1615,4,D,DH,BB,F
14:16:09,MYOR,RG,1615,4,D,DH,KZ,F
14:16:07,MYOR,RG,1615,13,D,DH,NI,D
14:16:04,MYOR,RG,1615,6,D,DH,BB,F
14:16:04,MYOR,RG,1615,51,D,DH,KZ,F
14:16:04,MYOR,RG,1615,3,D,DH,KZ,F
14:16:01,MYOR,RG,1615,1,D,DH,XC,D
14:16:00,MYOR,RG,1615,131,D,DH,YU,D
14:15:36,MYOR,RG,1615,5,D,DH,BB,F
14:15:29,MYOR,RG,1615,85,D,DH,KZ,D
14:15:24,MYOR,RG,1615,10,D,DH,BB,F
14:15:22,MYOR,RG,1615,200,D,DH,CC,D
14:15:16,MYOR,RG,1615,1,D,DH,BB,F
14:15:05,MYOR,RG,1615,1,D,DH,XL,D
14:14:56,MYOR,RG,1615,5,D,DH,BB,F
14:14:41,MYOR,RG,1615,3,D,DH,AK,F
14:14:40,MYOR,RG,1620,40,D,GR,YU,D
14:14:40,MYOR,RG,1620,2,D,GR,KZ,F
14:14:40,MYOR,RG,1620,58,D,GR,KZ,D
14:13:43,MYOR,RG,1620,3,D,XL,KZ,D
14:13:25,MYOR,RG,1620,3,D,XL,KZ,D
14:13:14,MYOR,RG,1615,1,D,DH,SQ,D
14:13:08,MYOR,RG,1615,3,D,DH,BB,F
14:13:05,MYOR,RG,1615,5,D,DH,BB,F
14:13:05,MYOR,RG,1615,10,D,DH,BB,F
14:13:04,MYOR,RG,1615,48,D,DH,KZ,F
14:13:03,MYOR,RG,1620,38,D,DH,KZ,D
14:13:03,MYOR,RG,1620,4,D,DH,KZ,F
14:13:03,MYOR,RG,1620,4,D,DH,KZ,F
14:13:03,MYOR,RG,1620,54,D,DH,KZ,F
14:13:03,MYOR,RG,1615,1,D,DH,BB,F
14:13:00,MYOR,RG,1615,187,D,DH,YU,D
14:12:59,MYOR,RG,1615,1,D,DH,BB,F
14:12:59,MYOR,RG,1615,1,D,DH,KZ,F
14:12:58,MYOR,RG,1620,10,D,SQ,KZ,F
14:12:44,MYOR,RG,1615,22,D,DH,KZ,F
14:12:39,MYOR,RG,1615,2,D,DH,KZ,F
14:12:39,MYOR,RG,1615,1,D,DH,KZ,F
14:12:16,MYOR,RG,1615,7,D,DH,BB,F
14:12:15,MYOR,RG,1615,5,D,DH,PD,D
14:12:11,MYOR,RG,1615,1,D,DH,BB,F
14:12:09,MYOR,RG,1615,89,D,DH,KZ,F
14:12:09,MYOR,RG,1615,5,D,DH,KZ,F
14:12:09,MYOR,RG,1615,20,D,PD,KZ,F
14:12:09,MYOR,RG,1615,5,D,AZ,KZ,F
14:12:09,MYOR,RG,1615,2,D,XC,KZ,F
14:12:09,MYOR,RG,1615,1,D,GR,KZ,F
14:12:09,MYOR,RG,1615,7,D,YP,KZ,F
14:12:04,MYOR,RG,1615,3,D,YP,KZ,F
14:12:04,MYOR,RG,1615,10,D,DR,KZ,F
14:12:04,MYOR,RG,1615,3,D,CC,KZ,F
14:12:04,MYOR,RG,1615,1,D,LG,KZ,F
14:12:04,MYOR,RG,1615,3,D,PD,KZ,F
14:11:59,MYOR,RG,1615,7,D,PD,KZ,F
14:11:56,MYOR,RG,1615,1,D,PD,BB,F
14:11:45,MYOR,RG,1620,10,D,PD,KZ,F
14:11:33,MYOR,RG,1615,3,D,PD,BB,F
14:11:16,MYOR,RG,1620,1,D,EP,KZ,F
14:11:16,MYOR,RG,1615,1,D,PD,BB,F
14:11:14,MYOR,RG,1615,67,D,PD,KZ,D
14:11:11,MYOR,RG,1615,3,D,PD,YB,D
14:11:08,MYOR,RG,1620,1,D,DR,KZ,F
14:10:23,MYOR,RG,1615,5,D,PD,HP,D
14:09:58,MYOR,RG,1615,26,D,PD,BB,F
14:09:54,MYOR,RG,1615,1,D,PD,KZ,F
14:09:54,MYOR,RG,1615,1,D,PD,KZ,F
14:09:49,MYOR,RG,1615,136,D,PD,CC,D
14:09:49,MYOR,RG,1615,10,D,ZP,CC,D
14:09:49,MYOR,RG,1615,20,D,EP,CC,D
14:09:49,MYOR,RG,1615,62,D,XC,CC,D
14:09:49,MYOR,RG,1615,6,D,XC,CC,D
14:09:49,MYOR,RG,1615,10,D,YP,CC,D
14:09:49,MYOR,RG,1615,10,D,DH,CC,D
14:09:49,MYOR,RG,1615,2,D,CC,CC,D
14:09:49,MYOR,RG,1615,3,D,PD,CC,D
14:09:49,MYOR,RG,1615,1,D,YP,CC,D
14:09:49,MYOR,RG,1615,10,D,CC,CC,D
14:09:49,MYOR,RG,1615,100,D,AZ,CC,D
14:09:49,MYOR,RG,1615,1,D,YP,CC,D
14:09:49,MYOR,RG,1615,10,D,NI,CC,D
14:09:49,MYOR,RG,1615,100,D,YP,CC,D
14:09:49,MYOR,RG,1615,2,D,YP,CC,D
14:09:49,MYOR,RG,1615,2,D,PD,CC,D
14:09:49,MYOR,RG,1615,1,D,XC,CC,D
14:09:49,MYOR,RG,1615,14,D,GR,CC,D
14:09:38,MYOR,RG,1615,5,D,GR,BB,F
14:09:37,MYOR,RG,1615,2,D,GR,BB,F
14:09:34,MYOR,RG,1615,89,D,GR,KZ,D
14:09:29,MYOR,RG,1615,37,D,GR,KZ,F
14:09:14,MYOR,RG,1620,1,D,DH,KZ,F
14:09:09,MYOR,RG,1615,2,D,GR,KZ,F
14:09:03,MYOR,RG,1615,8,D,GR,BB,F
14:09:00,MYOR,RG,1615,93,D,GR,YU,D
14:09:00,MYOR,RG,1615,4,D,PD,YU,D
14:09:00,MYOR,RG,1615,1,D,DX,YU,D
14:09:00,MYOR,RG,1615,7,D,CC,YU,D
14:09:00,MYOR,RG,1615,1,D,XC,YU,D
14:09:00,MYOR,RG,1615,10,D,XC,YU,D
14:09:00,MYOR,RG,1615,10,D,PD,YU,D
14:09:00,MYOR,RG,1615,17,D,YP,YU,D
14:08:59,MYOR,RG,1620,2,D,PD,KZ,F
14:08:57,MYOR,RG,1620,1,D,YP,KZ,F
14:08:57,MYOR,RG,1620,9,D,YP,KZ,F
14:08:54,MYOR,RG,1615,1,D,YP,BB,F
14:08:54,MYOR,RG,1615,2,D,YP,KZ,F
14:08:44,MYOR,RG,1615,5,D,YP,BB,F
14:08:44,MYOR,RG,1615,3,D,NI,KZ,F
14:08:44,MYOR,RG,1615,1,D,SQ,KZ,F
14:08:44,MYOR,RG,1615,1,D,CC,KZ,F
14:08:44,MYOR,RG,1615,1,D,XL,KZ,F
14:08:44,MYOR,RG,1615,1,D,PD,KZ,F
14:08:29,MYOR,RG,1615,1,D,PD,KZ,F
14:08:29,MYOR,RG,1615,5,D,PD,KZ,F
14:08:29,MYOR,RG,1615,87,D,CC,KZ,F
14:08:09,MYOR,RG,1615,5,D,CC,KZ,F
14:07:52,MYOR,RG,1620,10,D,CC,YU,D
14:07:24,MYOR,RG,1615,8,D,CC,BB,F
14:07:00,MYOR,RG,1615,135,D,CC,YU,D
14:06:49,MYOR,RG,1615,6,D,CC,XC,D
14:06:29,MYOR,RG,1615,7,D,CC,PD,D
14:06:16,MYOR,RG,1615,1,D,CC,SQ,D
14:06:05,MYOR,RG,1615,8,D,CC,BB,F
14:05:39,MYOR,RG,1615,2,D,CC,BB,F
14:05:39,MYOR,RG,1615,41,D,CC,KZ,D
14:05:39,MYOR,RG,1615,10,D,PD,KZ,D
14:05:39,MYOR,RG,1615,1,D,XC,KZ,D
14:05:39,MYOR,RG,1615,1,D,PD,KZ,D
14:05:39,MYOR,RG,1615,1,D,XC,KZ,D
14:05:39,MYOR,RG,1615,2,D,XC,KZ,D
14:05:39,MYOR,RG,1615,82,D,CC,KZ,D
14:05:38,MYOR,RG,1615,2,D,CC,BB,F
14:05:37,MYOR,RG,1615,16,D,CC,XC,D
14:05:37,MYOR,RG,1615,2,D,PD,XC,D
14:05:37,MYOR,RG,1615,3,D,PD,XC,D
14:05:37,MYOR,RG,1615,1,D,PD,XC,D
14:05:37,MYOR,RG,1615,22,D,PD,XC,D
14:05:24,MYOR,RG,1615,8,D,PD,YP,D
14:05:24,MYOR,RG,1615,10,D,YP,YP,D
14:05:24,MYOR,RG,1615,1,D,ZP,YP,D
14:05:24,MYOR,RG,1615,28,D,AR,YP,D
14:05:04,MYOR,RG,1615,1,D,AR,KZ,F
14:04:44,MYOR,RG,1615,1,D,AR,KZ,F
14:04:27,MYOR,RG,1615,1,D,AR,BB,F
14:04:05,MYOR,RG,1615,5,D,AR,PC,D
14:03:49,MYOR,RG,1615,7,D,AR,XC,D
14:03:44,MYOR,RG,1615,3,D,AR,KZ,F
14:03:44,MYOR,RG,1615,1,D,AR,KZ,F
14:03:40,MYOR,RG,1615,1,D,AR,BB,F
14:03:39,MYOR,RG,1615,3,D,AR,KZ,F
14:03:39,MYOR,RG,1615,1,D,AR,KZ,F
14:03:31,MYOR,RG,1615,2,D,AR,BB,F
14:03:30,MYOR,RG,1615,1,D,AR,PC,D
14:03:24,MYOR,RG,1615,53,D,AR,KZ,F
14:03:10,MYOR,RG,1615,2,D,AR,PC,D
14:03:05,MYOR,RG,1615,7,D,AR,BB,F
14:03:04,MYOR,RG,1615,1,D,AR,KZ,F
14:03:00,MYOR,RG,1615,7,D,AR,YU,D
14:03:00,MYOR,RG,1615,3,D,YU,YU,D
14:03:00,MYOR,RG,1615,19,D,PD,YU,D
14:03:00,MYOR,RG,1615,2,D,YP,YU,D
14:03:00,MYOR,RG,1615,1,D,CC,YU,D
14:03:00,MYOR,RG,1615,2,D,XC,YU,D
14:03:00,MYOR,RG,1615,1,D,PD,YU,D
14:03:00,MYOR,RG,1615,1,D,AT,YU,D
14:03:00,MYOR,RG,1615,2,D,XL,YU,D
14:03:00,MYOR,RG,1615,3,D,DR,YU,D
14:03:00,MYOR,RG,1615,7,D,NI,YU,D
14:03:00,MYOR,RG,1615,1,D,PD,YU,D
14:03:00,MYOR,RG,1615,6,D,XC,YU,D
14:03:00,MYOR,RG,1615,62,D,CP,YU,D
14:02:43,MYOR,RG,1620,1,D,XC,YU,D
14:02:23,MYOR,RG,1620,5,D,YP,YU,D
14:02:11,MYOR,RG,1615,1,D,CP,BB,F
14:02:02,MYOR,RG,1620,1,D,PD,YU,D
14:02:02,MYOR,RG,1615,20,D,CP,PC,D
14:01:19,MYOR,RG,1620,2,D,XC,YU,D
14:01:01,MYOR,RG,1615,2,D,CP,BB,F
14:00:57,MYOR,RG,1620,30,D,YB,YU,D
14:00:55,MYOR,RG,1620,10,D,XC,YU,D
14:00:53,MYOR,RG,1615,1,D,CP,BB,F
14:00:52,MYOR,RG,1620,2,D,XL,YU,D
14:00:40,MYOR,RG,1620,7,D,DR,YU,D
14:00:34,MYOR,RG,1615,2,D,CP,NI,D
13:59:58,MYOR,RG,1615,1,D,CP,BB,F
13:59:58,MYOR,RG,1620,3,D,XC,YU,D
13:59:38,MYOR,RG,1620,10,D,PD,YU,D
13:59:29,MYOR,RG,1620,2,D,PD,YU,D
13:58:39,MYOR,RG,1615,11,D,CP,BB,F
13:58:39,MYOR,RG,1615,1,D,YP,BB,F
13:58:39,MYOR,RG,1615,6,D,HP,BB,F
13:58:35,MYOR,RG,1615,4,D,HP,BB,F
13:58:35,MYOR,RG,1615,5,D,EL,BB,F
13:58:35,MYOR,RG,1615,2,D,XC,BB,F
13:58:35,MYOR,RG,1615,2,D,DH,BB,F
13:58:34,MYOR,RG,1620,100,D,YP,YU,D
13:58:34,MYOR,RG,1620,6,D,XC,YU,D
13:58:34,MYOR,RG,1620,1,D,PD,YU,D
13:58:34,MYOR,RG,1620,14,D,YP,YU,D
13:58:34,MYOR,RG,1620,1,D,NI,YU,D
13:58:34,MYOR,RG,1620,1,D,XL,YU,D
13:58:34,MYOR,RG,1620,5,D,DH,YU,D
13:58:34,MYOR,RG,1620,121,F,AK,YU,D
13:58:34,MYOR,RG,1620,3,D,NI,YU,D
13:58:34,MYOR,RG,1620,1,D,XC,YU,D
13:58:34,MYOR,RG,1620,1,D,PD,YU,D
13:58:34,MYOR,RG,1620,1,D,SQ,YU,D
13:58:34,MYOR,RG,1620,1,D,AT,YU,D
13:58:34,MYOR,RG,1620,1,D,DH,YU,D
13:58:34,MYOR,RG,1620,6,D,CC,YU,D
13:58:34,MYOR,RG,1620,1,D,YP,YU,D
13:58:34,MYOR,RG,1620,20,D,CC,YU,D
13:58:34,MYOR,RG,1620,33,D,YP,YU,D
13:58:34,MYOR,RG,1620,38,D,YP,KZ,F
13:58:34,MYOR,RG,1620,1,D,YP,KZ,F
13:58:31,MYOR,RG,1620,27,D,YP,KZ,F
13:58:29,MYOR,RG,1620,1,D,YP,KZ,F
13:58:29,MYOR,RG,1620,1,D,XC,KZ,F
13:58:29,MYOR,RG,1620,13,D,XC,KZ,D
13:58:29,MYOR,RG,1620,50,D,YP,KZ,D
13:58:29,MYOR,RG,1620,15,D,AT,KZ,D
13:58:29,MYOR,RG,1620,1,D,DH,KZ,D
13:58:29,MYOR,RG,1620,1,D,PD,KZ,D
13:58:29,MYOR,RG,1620,1,D,XC,KZ,D
13:58:29,MYOR,RG,1620,3,D,XC,KZ,D
13:58:29,MYOR,RG,1620,3,D,YP,KZ,D
13:58:29,MYOR,RG,1620,10,D,KK,KZ,D
13:58:29,MYOR,RG,1620,1,D,KK,KZ,D
13:58:29,MYOR,RG,1620,1,D,KK,KZ,D
13:58:29,MYOR,RG,1620,1,D,PD,KZ,D
13:58:29,MYOR,RG,1620,7,D,PD,KZ,D
13:58:29,MYOR,RG,1620,1,D,PD,KZ,F
13:58:29,MYOR,RG,1620,2,D,PD,KZ,F
13:58:29,MYOR,RG,1620,1,D,XC,KZ,F
13:58:29,MYOR,RG,1620,1,D,XC,KZ,F
13:58:29,MYOR,RG,1620,30,D,TP,KZ,F
13:58:29,MYOR,RG,1620,2,D,PD,KZ,F
13:58:29,MYOR,RG,1620,10,D,YP,KZ,F
13:58:29,MYOR,RG,1620,1,D,XL,KZ,F
13:58:29,MYOR,RG,1620,1,D,PD,KZ,F
13:58:29,MYOR,RG,1620,13,D,NI,KZ,F
13:58:29,MYOR,RG,1620,7,D,NI,KZ,F
13:58:29,MYOR,RG,1620,27,D,NI,KZ,F
13:58:19,MYOR,RG,1620,3,D,NI,KZ,F
13:58:05,MYOR,RG,1620,6,D,NI,BB,F
13:58:00,MYOR,RG,1620,25,D,NI,YU,D
13:58:00,MYOR,RG,1620,1,D,YP,YU,D
13:58:00,MYOR,RG,1620,2,D,PD,YU,D
13:58:00,MYOR,RG,1620,6,D,DH,YU,D
13:58:00,MYOR,RG,1620,1,D,YP,YU,D
13:58:00,MYOR,RG,1620,8,D,XC,YU,D
13:58:00,MYOR,RG,1620,1,D,XC,YU,D
13:58:00,MYOR,RG,1620,10,D,PD,YU,D
13:58:00,MYOR,RG,1620,10,D,YP,YU,D
13:58:00,MYOR,RG,1620,2,D,PD,YU,D
13:58:00,MYOR,RG,1620,10,D,NI,YU,D
13:58:00,MYOR,RG,1620,2,D,PD,YU,D
13:58:00,MYOR,RG,1620,20,D,GR,YU,D
13:58:00,MYOR,RG,1620,3,D,AG,YU,D
13:58:00,MYOR,RG,1620,21,D,XC,YU,D
13:57:59,MYOR,RG,1620,1,D,XC,KZ,F
13:56:50,MYOR,RG,1620,1,D,XC,BB,F
13:56:49,MYOR,RG,1620,3,D,XC,AT,D
13:56:36,MYOR,RG,1620,5,D,XC,BB,F
13:56:35,MYOR,RG,1620,5,D,XC,PD,D
13:56:14,MYOR,RG,1620,14,D,XC,BB,F
13:56:14,MYOR,RG,1620,8,D,GR,BB,F
13:56:14,MYOR,RG,1620,42,D,GR,KZ,F
13:56:14,MYOR,RG,1620,20,D,AT,KZ,F
13:56:14,MYOR,RG,1620,37,D,KK,KZ,F
13:56:14,MYOR,RG,1620,2,D,KK,KZ,F
13:56:10,MYOR,RG,1620,11,D,KK,CC,D
13:56:10,MYOR,RG,1620,5,D,XC,CC,D
13:56:10,MYOR,RG,1620,3,D,PD,CC,D
13:56:10,MYOR,RG,1620,1,D,YP,CC,D
13:56:10,MYOR,RG,1620,25,D,CC,CC,D
13:56:10,MYOR,RG,1620,3,D,KK,CC,D
13:56:10,MYOR,RG,1620,10,D,PD,CC,D
13:56:10,MYOR,RG,1620,5,D,PD,CC,D
13:56:10,MYOR,RG,1620,34,D,AT,CC,D
13:56:10,MYOR,RG,1620,60,D,TP,CC,D
13:56:10,MYOR,RG,1620,1,D,SQ,CC,D
13:56:10,MYOR,RG,1620,5,D,PD,CC,D
13:56:10,MYOR,RG,1620,10,D,TP,CC,D
13:56:10,MYOR,RG,1620,10,D,CC,CC,D
13:56:10,MYOR,RG,1620,10,D,CC,CC,D
13:56:10,MYOR,RG,1620,1,D,PD,CC,D
13:56:10,MYOR,RG,1620,1,D,XC,CC,D
13:56:10,MYOR,RG,1620,5,D,PD,CC,D
13:56:04,MYOR,RG,1620,1,D,XC,CC,D
13:56:04,MYOR,RG,1620,1,D,CC,CC,D
13:56:04,MYOR,RG,1620,5,D,EP,CC,D
13:56:04,MYOR,RG,1620,5,D,PD,CC,D
13:56:04,MYOR,RG,1620,3,D,KK,CC,D
13:56:04,MYOR,RG,1620,3,D,XC,CC,D
13:56:04,MYOR,RG,1620,21,D,NI,CC,D
13:56:04,MYOR,RG,1620,1,D,PD,CC,D
13:56:04,MYOR,RG,1620,100,D,YP,CC,D
13:56:04,MYOR,RG,1620,1,D,YP,CC,D
13:56:04,MYOR,RG,1620,9,D,NI,CC,D
13:56:04,MYOR,RG,1620,1,D,PD,CC,D
13:56:04,MYOR,RG,1620,3,D,DR,CC,D
13:56:04,MYOR,RG,1620,2,D,XC,CC,D
13:56:04,MYOR,RG,1620,44,D,YP,CC,D
13:56:04,MYOR,RG,1620,5,D,YP,BB,F
13:56:04,MYOR,RG,1620,14,D,YP,KZ,F
13:56:04,MYOR,RG,1620,1,D,YP,KZ,F
13:56:00,MYOR,RG,1620,3,D,YP,BB,F
13:56:00,MYOR,RG,1620,13,D,YP,YU,D
13:56:00,MYOR,RG,1620,87,D,CC,YU,D
13:55:35,MYOR,RG,1620,13,D,CC,XC,D
13:55:35,MYOR,RG,1620,20,D,DR,XC,D
13:55:35,MYOR,RG,1620,3,D,PD,XC,D
13:55:35,MYOR,RG,1620,23,D,CP,XC,D
13:55:30,MYOR,RG,1620,2,D,CP,BB,F
13:55:30,MYOR,RG,1620,1,D,TP,BB,F
13:55:26,MYOR,RG,1620,1,D,TP,AK,F
13:55:25,MYOR,RG,1625,50,D,NI,CC,D
13:55:13,MYOR,RG,1620,1,D,TP,BB,F
13:55:12,MYOR,RG,1625,7,D,XC,CC,D
13:55:09,MYOR,RG,1620,7,D,TP,KZ,F
13:55:07,MYOR,RG,1625,1,D,XL,CC,D
13:55:06,MYOR,RG,1620,1,D,TP,BB,F
13:54:56,MYOR,RG,1620,19,D,TP,XC,D
13:53:58,MYOR,RG,1625,5,D,NI,CC,D
13:53:11,MYOR,RG,1620,5,D,TP,BB,F
13:53:11,MYOR,RG,1620,3,D,XC,BB,F
13:53:00,MYOR,RG,1620,2,D,XC,YU,D
13:53:00,MYOR,RG,1620,1,D,PD,YU,D
13:53:00,MYOR,RG,1620,1,D,XC,YU,D
13:53:00,MYOR,RG,1620,5,D,DR,YU,D
13:53:00,MYOR,RG,1620,1,D,XC,YU,D
13:53:00,MYOR,RG,1620,1,D,YP,YU,D
13:53:00,MYOR,RG,1620,5,D,ZP,YU,D
13:53:00,MYOR,RG,1620,30,D,PD,YU,D
13:53:00,MYOR,RG,1620,15,D,EP,YU,D
13:53:00,MYOR,RG,1620,1,D,YP,YU,D
13:53:00,MYOR,RG,1620,20,D,PD,YU,D
13:53:00,MYOR,RG,1620,60,D,CC,YU,D
13:53:00,MYOR,RG,1620,8,D,LS,YU,D
13:52:23,MYOR,RG,1625,3,D,XL,YU,D
13:52:14,MYOR,RG,1625,2,D,CC,YU,D
13:51:59,MYOR,RG,1625,3,D,CC,KZ,F
13:51:59,MYOR,RG,1625,1,D,CC,KZ,F
13:51:21,MYOR,RG,1620,4,D,LS,BB,F
13:51:08,MYOR,RG,1620,12,D,LS,BB,F
13:51:05,MYOR,RG,1625,5,D,AG,BB,F
13:51:05,MYOR,RG,1625,9,F,AK,BB,F
13:51:05,MYOR,RG,1625,14,F,AK,KZ,F
13:51:05,MYOR,RG,1625,10,F,AK,KZ,F
13:51:05,MYOR,RG,1625,10,F,AK,YB,D
13:51:05,MYOR,RG,1625,7,F,AK,KZ,F
13:51:05,MYOR,RG,1625,23,F,AK,YU,D
13:51:05,MYOR,RG,1625,25,D,AI,YU,D
13:51:05,MYOR,RG,1625,7,D,AI,KZ,F
13:51:05,MYOR,RG,1625,3,D,AI,XC,D
13:51:05,MYOR,RG,1625,1,D,AI,KZ,F
13:51:05,MYOR,RG,1625,116,D,AI,KZ,F
13:51:05,MYOR,RG,1625,4,D,AI,KZ,F
13:51:05,MYOR,RG,1625,344,D,AI,BK,F
13:50:32,MYOR,RG,1620,3,D,LS,BB,F
13:50:29,MYOR,RG,1620,1,D,LS,BB,F
13:50:29,MYOR,RG,1625,2,D,AG,BK,F
13:50:26,MYOR,RG,1625,12,D,YP,BK,F
13:50:26,MYOR,RG,1625,1,D,YP,BB,F
13:50:26,MYOR,RG,1625,5,D,YP,KZ,F
13:50:26,MYOR,RG,1625,32,D,YP,KZ,D
13:50:26,MYOR,RG,1620,36,D,LS,GR,D
13:50:01,MYOR,RG,1620,1,D,LS,BB,F
13:49:57,MYOR,RG,1625,25,D,AG,KZ,D
13:49:32,MYOR,RG,1620,1,D,LS,BB,F
13:49:32,MYOR,RG,1625,2,D,XC,KZ,D
13:49:29,MYOR,RG,1625,22,D,KK,KZ,D
13:49:26,MYOR,RG,1620,2,D,LS,BB,F
13:49:19,MYOR,RG,1625,1,D,XC,KZ,D
13:49:19,MYOR,RG,1625,1,D,PD,KZ,D
13:49:19,MYOR,RG,1625,8,D,XC,KZ,D
13:49:19,MYOR,RG,1625,3,D,XC,KZ,F
13:49:17,MYOR,RG,1625,2,D,XC,KZ,F
13:49:16,MYOR,RG,1625,12,D,XC,BB,F
13:49:16,MYOR,RG,1625,10,D,XC,BB,F
13:49:16,MYOR,RG,1625,8,D,CC,BB,F
13:49:15,MYOR,RG,1625,14,D,CC,KZ,F
13:49:14,MYOR,RG,1625,1,D,CC,KZ,F
13:49:13,MYOR,RG,1625,43,D,CC,KZ,F
13:49:12,MYOR,RG,1625,34,D,CC,CC,D
13:49:12,MYOR,RG,1625,1,D,XL,CC,D
13:49:12,MYOR,RG,1625,2,D,YP,CC,D
13:49:12,MYOR,RG,1625,10,D,XC,CC,D
13:49:12,MYOR,RG,1625,153,D,AI,CC,D
13:49:10,MYOR,RG,1625,15,D,AI,KZ,F
13:49:09,MYOR,RG,1625,2,D,AI,KZ,F
13:49:09,MYOR,RG,1625,47,D,AI,KZ,D
13:49:09,MYOR,RG,1625,1,D,AI,KZ,F
13:49:08,MYOR,RG,1625,57,D,AI,KZ,F
13:49:07,MYOR,RG,1625,6,D,AI,BB,F
13:49:07,MYOR,RG,1625,200,D,AI,CC,D
13:49:07,MYOR,RG,1625,1,D,AI,KZ,F
13:49:07,MYOR,RG,1625,3,D,AI,PD,D
13:49:06,MYOR,RG,1625,3,D,AI,KZ,F
13:49:04,MYOR,RG,1625,2,D,AI,KZ,F
13:49:03,MYOR,RG,1625,10,D,AI,PD,D
13:49:03,MYOR,RG,1625,7,F,AK,PD,D
13:49:02,MYOR,RG,1625,2,F,AK,BB,F
13:49:01,MYOR,RG,1625,90,F,AK,KZ,F
13:48:59,MYOR,RG,1625,16,F,AK,BB,F
13:48:59,MYOR,RG,1625,6,F,AK,KZ,F
13:48:59,MYOR,RG,1625,1,D,YP,KZ,F
13:48:59,MYOR,RG,1625,1,D,PD,KZ,F
13:48:59,MYOR,RG,1625,2,D,KK,KZ,F
13:48:59,MYOR,RG,1625,3,D,NI,KZ,F
13:48:59,MYOR,RG,1625,1,D,XC,KZ,F
13:48:59,MYOR,RG,1625,1,D,XL,KZ,F
13:48:59,MYOR,RG,1625,17,D,XC,KZ,F
13:48:59,MYOR,RG,1625,2,D,XC,KZ,F
13:48:59,MYOR,RG,1625,11,D,XC,KZ,F
13:48:59,MYOR,RG,1625,5,D,XL,KZ,F
13:48:59,MYOR,RG,1625,1,D,CC,KZ,F
13:48:55,MYOR,RG,1625,49,D,CC,CC,D
13:48:55,MYOR,RG,1625,1,D,PD,CC,D
13:48:55,MYOR,RG,1625,2,D,PD,CC,D
13:48:55,MYOR,RG,1625,10,D,CC,CC,D
13:48:55,MYOR,RG,1625,5,D,XC,CC,D
13:48:55,MYOR,RG,1625,1,D,XC,CC,D
13:48:55,MYOR,RG,1625,1,D,XC,CC,D
13:48:55,MYOR,RG,1625,1,D,XC,CC,D
13:48:55,MYOR,RG,1625,1,D,PD,CC,D
13:48:55,MYOR,RG,1625,1,D,PD,CC,D
13:48:55,MYOR,RG,1625,5,D,XC,CC,D
13:48:55,MYOR,RG,1625,1,D,PD,CC,D
13:48:55,MYOR,RG,1625,1,D,XC,CC,D
13:48:55,MYOR,RG,1625,62,D,CC,CC,D
13:48:55,MYOR,RG,1625,5,D,SQ,CC,D
13:48:55,MYOR,RG,1625,154,D,DH,CC,D
13:48:34,MYOR,RG,1625,9,D,DH,KZ,F
13:48:30,MYOR,RG,1625,5,D,DH,BB,F
13:48:19,MYOR,RG,1625,32,D,DH,KZ,D
13:48:19,MYOR,RG,1625,56,D,DH,KZ,D
13:48:11,MYOR,RG,1625,6,D,DH,BB,F
13:48:00,MYOR,RG,1625,112,D,DH,YU,D
13:47:34,MYOR,RG,1625,5,D,DH,BB,F
13:47:19,MYOR,RG,1625,11,D,DH,KZ,F
13:47:19,MYOR,RG,1625,60,D,DH,KZ,F
13:47:19,MYOR,RG,1625,1,D,PD,KZ,F
13:47:19,MYOR,RG,1625,1,D,XC,KZ,F
13:47:19,MYOR,RG,1625,2,D,XC,KZ,F
13:47:19,MYOR,RG,1625,6,D,AT,KZ,F
13:47:19,MYOR,RG,1625,3,D,AT,KZ,F
13:47:19,MYOR,RG,1625,2,D,AT,KZ,F
13:47:19,MYOR,RG,1625,6,D,AT,KZ,F
13:47:17,MYOR,RG,1625,1,D,AT,KZ,F
13:47:16,MYOR,RG,1625,3,D,AT,XL,D
13:47:16,MYOR,RG,1625,2,D,EP,XL,D
13:46:37,MYOR,RG,1625,1,D,EP,BB,F
13:46:17,MYOR,RG,1625,1,D,EP,BB,F
13:46:17,MYOR,RG,1625,12,D,PD,BB,F
13:46:16,MYOR,RG,1625,1,D,PD,XL,D
13:46:16,MYOR,RG,1625,3,D,IF,XL,D
13:46:16,MYOR,RG,1625,1,D,XC,XL,D
13:46:16,MYOR,RG,1625,1,D,NI,XL,D
13:46:16,MYOR,RG,1625,8,D,YP,XL,D
13:45:27,MYOR,RG,1625,2,D,YP,BB,F
13:45:26,MYOR,RG,1630,118,D,XC,YU,D
13:45:26,MYOR,RG,1630,126,D,XC,CC,D
13:45:13,MYOR,RG,1625,37,D,YP,CC,D
13:45:04,MYOR,RG,1625,1,D,YP,KZ,F
13:44:14,MYOR,RG,1625,2,D,YP,BB,F
13:44:14,MYOR,RG,1625,1,D,XC,BB,F
13:44:14,MYOR,RG,1625,2,D,CC,BB,F
13:44:09,MYOR,RG,1625,1,D,CC,KZ,F
13:44:05,MYOR,RG,1625,2,D,CC,BB,F
13:44:05,MYOR,RG,1625,9,D,CC,BB,F
13:44:04,MYOR,RG,1625,11,D,CC,KZ,F
13:44:04,MYOR,RG,1625,1,D,KK,KZ,F
13:44:04,MYOR,RG,1625,2,D,PD,KZ,F
13:44:04,MYOR,RG,1625,82,D,CC,KZ,F
13:44:04,MYOR,RG,1625,1,D,CC,KZ,F
13:44:04,MYOR,RG,1625,3,D,CC,KZ,F
13:44:02,MYOR,RG,1625,14,D,CC,KZ,F
13:44:02,MYOR,RG,1625,10,D,YP,KZ,F
13:44:02,MYOR,RG,1625,8,D,CC,KZ,F
13:44:02,MYOR,RG,1630,1,D,XC,CC,D
13:44:00,MYOR,RG,1625,12,D,CC,KZ,F
13:44:00,MYOR,RG,1625,2,D,PD,KZ,F
13:44:00,MYOR,RG,1625,1,D,CC,KZ,F
13:44:00,MYOR,RG,1625,3,D,CC,YU,D
13:44:00,MYOR,RG,1625,2,D,PD,YU,D
13:44:00,MYOR,RG,1625,1,D,SQ,YU,D
13:44:00,MYOR,RG,1625,1,D,NI,YU,D
13:44:00,MYOR,RG,1625,40,D,YP,YU,D
13:44:00,MYOR,RG,1625,61,D,PD,YU,D
13:44:00,MYOR,RG,1625,2,D,DH,YU,D
13:44:00,MYOR,RG,1625,1,D,XC,YU,D
13:44:00,MYOR,RG,1625,2,D,XC,YU,D
13:44:00,MYOR,RG,1625,45,D,CP,YU,D
13:43:39,MYOR,RG,1630,1,D,LG,CC,D
13:43:26,MYOR,RG,1630,6,D,CC,CC,D
13:43:19,MYOR,RG,1630,1,D,XC,CC,D
13:42:16,MYOR,RG,1630,2,D,XC,CC,D
13:42:00,MYOR,RG,1625,1,D,CP,BB,F
13:41:47,MYOR,RG,1630,4,D,XC,CC,D
13:41:47,MYOR,RG,1630,1,D,XC,CC,D
13:41:27,MYOR,RG,1630,1,D,YP,CC,D
13:40:03,MYOR,RG,1625,4,D,CP,BB,F
13:40:03,MYOR,RG,1625,14,D,XC,BB,F
13:39:50,MYOR,RG,1630,157,D,CC,CC,D
13:39:50,MYOR,RG,1630,99,D,CC,KZ,D
13:39:50,MYOR,RG,1630,74,D,CC,YU,D
13:39:50,MYOR,RG,1630,4,D,CC,KZ,F
13:39:50,MYOR,RG,1630,7,D,CC,BB,F
13:39:50,MYOR,RG,1630,16,D,CC,KZ,F
13:39:50,MYOR,RG,1630,47,D,CC,YU,D
13:39:50,MYOR,RG,1630,16,D,CC,KZ,F
13:39:50,MYOR,RG,1630,8,D,CC,KZ,F
13:39:50,MYOR,RG,1630,20,D,CC,YP,D
13:39:50,MYOR,RG,1630,24,D,CC,YU,D
13:39:46,MYOR,RG,1625,1,D,XC,XC,D
13:39:46,MYOR,RG,1625,2,D,YP,XC,D
13:39:46,MYOR,RG,1625,1,D,XC,XC,D
13:39:43,MYOR,RG,1625,1,D,YP,BB,F
13:39:43,MYOR,RG,1625,3,D,AI,BB,F
13:39:43,MYOR,RG,1630,7,D,XC,YU,D
13:39:39,MYOR,RG,1625,3,D,AI,BB,F
13:39:39,MYOR,RG,1625,88,D,AI,KZ,F
13:39:34,MYOR,RG,1625,27,D,AI,KZ,F
13:39:34,MYOR,RG,1625,3,D,AI,KZ,F
13:39:32,MYOR,RG,1625,2,D,AI,BB,F
13:39:31,MYOR,RG,1625,2,D,AI,KZ,F
13:39:29,MYOR,RG,1625,17,D,AI,KZ,F
13:39:29,MYOR,RG,1625,4,D,AI,KZ,F
13:39:29,MYOR,RG,1625,3,D,AI,KZ,F
13:39:29,MYOR,RG,1625,1,D,AI,KZ,F
13:39:29,MYOR,RG,1625,28,D,AI,KZ,F
13:39:26,MYOR,RG,1625,8,D,AI,BB,F
13:39:04,MYOR,RG,1625,10,D,AI,XC,D
13:39:00,MYOR,RG,1625,51,D,AI,YU,D
13:39:00,MYOR,RG,1625,1,D,YB,YU,D
13:39:00,MYOR,RG,1625,97,D,PD,YU,D
13:38:12,MYOR,RG,1625,1,D,PD,BB,F
13:38:03,MYOR,RG,1625,2,D,PD,YP,D
13:38:03,MYOR,RG,1625,11,D,YP,YP,D
13:37:18,MYOR,RG,1625,1,D,YP,BB,F
13:37:17,MYOR,RG,1630,6,D,PD,YU,D
13:36:35,MYOR,RG,1630,5,D,XL,YU,D
13:35:53,MYOR,RG,1630,1,D,PD,YU,D
13:35:34,MYOR,RG,1625,10,D,YP,PD,D
13:35:19,MYOR,RG,1625,40,D,YP,BB,F
13:34:57,MYOR,RG,1630,157,D,AI,YU,D
13:34:57,MYOR,RG,1630,1,D,AI,XC,D
13:34:57,MYOR,RG,1630,73,D,AI,YU,D
13:34:57,MYOR,RG,1630,118,D,AI,KZ,D
13:34:57,MYOR,RG,1630,200,D,AI,CC,D
13:34:57,MYOR,RG,1630,8,D,AI,KZ,F
13:34:57,MYOR,RG,1630,10,D,AI,KZ,F
13:34:57,MYOR,RG,1630,1,D,AI,KZ,F
13:34:57,MYOR,RG,1630,12,D,AI,BB,F
13:34:57,MYOR,RG,1630,15,D,AI,KZ,F
13:34:57,MYOR,RG,1630,8,D,AI,XL,D
13:34:57,MYOR,RG,1630,36,D,AI,XC,D
13:34:57,MYOR,RG,1630,123,D,AI,KZ,F
13:34:57,MYOR,RG,1630,3,D,AI,XC,D
13:34:57,MYOR,RG,1630,7,D,AI,YP,D
13:34:57,MYOR,RG,1630,168,D,AI,KZ,D
13:34:57,MYOR,RG,1630,4,D,AI,KZ,F
13:34:57,MYOR,RG,1630,56,D,AI,CC,D
13:33:04,MYOR,RG,1625,1,D,YP,BB,F
13:33:03,MYOR,RG,1630,1,D,NI,CC,D
13:32:52,MYOR,RG,1625,1,D,YP,XL,D
13:32:51,MYOR,RG,1625,2,D,YP,BB,F
13:32:50,MYOR,RG,1630,15,D,PD,CC,D
13:32:50,MYOR,RG,1630,3,D,PD,YP,D
13:32:50,MYOR,RG,1630,5,D,PD,DH,D
13:32:33,MYOR,RG,1625,36,D,YP,NI,D
13:32:00,MYOR,RG,1625,6,D,YP,BB,F
13:31:14,MYOR,RG,1625,90,D,YP,KZ,F
13:31:09,MYOR,RG,1625,1,D,YP,BB,F
13:31:09,MYOR,RG,1625,12,D,YP,KZ,F
13:31:04,MYOR,RG,1625,2,D,YP,KZ,F
13:31:04,MYOR,RG,1625,9,D,YP,KZ,F
13:31:04,MYOR,RG,1625,4,D,YP,KZ,F
13:31:04,MYOR,RG,1625,2,D,YP,KZ,F
13:30:56,MYOR,RG,1630,5,D,NI,DH,D
13:30:46,MYOR,RG,1625,7,D,YP,BB,F
13:30:16,MYOR,RG,1625,15,D,YP,BB,F
13:30:11,MYOR,RG,1625,30,D,YP,YP,D
13:30:09,MYOR,RG,1625,1,D,YP,PD,D
13:30:09,MYOR,RG,1625,1,D,YP,PD,D
13:30:08,MYOR,RG,1625,41,D,YP,YP,D
13:30:08,MYOR,RG,1630,1,D,XC,PD,D
13:30:08,MYOR,RG,1630,1,D,XC,YU,D
13:30:07,MYOR,RG,1625,2,D,YP,YP,D
13:30:06,MYOR,RG,1625,1,D,YP,DH,D
13:30:05,MYOR,RG,1625,50,D,YP,SQ,D
13:30:05,MYOR,RG,1625,1,D,YP,XC,D
13:30:04,MYOR,RG,1630,10,D,PD,YU,D
13:30:04,MYOR,RG,1630,1,D,XC,YU,D
13:30:04,MYOR,RG,1625,3,D,YP,XC,D
13:30:04,MYOR,RG,1625,2,D,YP,XC,D
13:30:03,MYOR,RG,1625,6,D,YP,AT,D
13:30:03,MYOR,RG,1630,5,D,PD,YU,D
13:30:03,MYOR,RG,1630,6,D,PD,YU,D
13:30:02,MYOR,RG,1625,50,D,YP,PD,D
13:30:01,MYOR,RG,1630,195,D,KK,YU,D
13:30:01,MYOR,RG,1630,3,D,KK,KZ,F
13:30:01,MYOR,RG,1630,2,D,KK,KZ,F
13:30:01,MYOR,RG,1625,6,D,YP,EP,D
13:30:01,MYOR,RG,1625,1,D,YP,EP,D
13:30:01,MYOR,RG,1625,1,D,YP,EP,D
11:29:32,MYOR,RG,1625,1,D,YP,BB,F
11:29:31,MYOR,RG,1630,2,D,DH,YP,D
11:29:31,MYOR,RG,1630,1,D,DH,KZ,F
11:29:31,MYOR,RG,1630,1,D,DH,KZ,F
11:29:31,MYOR,RG,1630,3,D,DH,KZ,F
11:29:31,MYOR,RG,1630,2,D,DH,KZ,F
11:29:25,MYOR,RG,1630,2,D,CC,KZ,F
11:28:54,MYOR,RG,1630,3,D,DH,KZ,F
11:28:54,MYOR,RG,1630,2,D,DH,KZ,F
11:28:54,MYOR,RG,1630,7,D,DH,KZ,D
11:28:38,MYOR,RG,1625,2,D,YP,BB,F
11:28:24,MYOR,RG,1625,1,D,YP,BB,F
11:28:24,MYOR,RG,1630,3,D,KK,KZ,D
11:28:24,MYOR,RG,1630,5,D,KK,KZ,F
11:28:24,MYOR,RG,1630,2,D,KK,KZ,F
11:28:24,MYOR,RG,1630,21,D,KK,LG,D
11:28:17,MYOR,RG,1630,3,D,XC,LG,D
11:28:17,MYOR,RG,1630,5,D,CC,LG,D
11:28:17,MYOR,RG,1630,1,D,SQ,LG,D
11:28:15,MYOR,RG,1630,1,D,XC,KZ,F
11:28:14,MYOR,RG,1630,1,D,XC,PD,D
11:28:14,MYOR,RG,1630,1,D,XC,PD,D
11:28:14,MYOR,RG,1630,1,D,XC,PD,D
11:28:14,MYOR,RG,1630,1,D,XC,PD,D
11:28:14,MYOR,RG,1630,1,D,KK,PD,D
11:28:14,MYOR,RG,1630,2,D,AT,PD,D
11:28:14,MYOR,RG,1630,3,D,PD,PD,D
11:27:52,MYOR,RG,1630,1,D,PD,BB,F
11:27:32,MYOR,RG,1630,1,D,PD,KZ,F
11:27:31,MYOR,RG,1630,1,D,PD,BB,F
11:27:31,MYOR,RG,1630,2,D,DH,BB,F
11:27:31,MYOR,RG,1630,3,D,DH,KZ,F
11:27:31,MYOR,RG,1630,9,D,DH,XL,D
11:26:26,MYOR,RG,1630,1,D,DH,KZ,F
11:26:26,MYOR,RG,1630,2,D,CC,KZ,F
11:26:23,MYOR,RG,1630,1,D,PD,KZ,F
11:26:23,MYOR,RG,1630,1,D,CC,KZ,F
11:26:23,MYOR,RG,1630,1,D,EP,KZ,F
11:26:23,MYOR,RG,1630,10,D,YP,KZ,F
11:26:23,MYOR,RG,1630,2,D,YP,KZ,F
11:26:21,MYOR,RG,1630,1,D,YP,BB,F
11:26:21,MYOR,RG,1630,1,D,YP,BB,F
11:26:21,MYOR,RG,1630,1,D,YP,KZ,F
11:26:21,MYOR,RG,1630,7,D,ZP,KZ,F
11:26:21,MYOR,RG,1630,48,D,ZP,KZ,D
11:26:17,MYOR,RG,1630,1,D,ZP,BB,F
11:26:16,MYOR,RG,1630,25,D,ZP,KZ,D
11:26:06,MYOR,RG,1630,13,D,ZP,KZ,F
11:26:06,MYOR,RG,1630,2,D,ZP,KZ,F
11:25:56,MYOR,RG,1630,1,D,ZP,KZ,F
11:25:51,MYOR,RG,1630,2,D,ZP,KZ,F
11:25:42,MYOR,RG,1630,1,D,ZP,BB,F
11:25:42,MYOR,RG,1630,2,D,ZP,BB,F
11:25:41,MYOR,RG,1630,14,D,ZP,KZ,F
11:25:33,MYOR,RG,1630,44,D,ZP,PD,D
11:25:16,MYOR,RG,1630,6,D,ZP,KZ,F
11:25:16,MYOR,RG,1630,2,D,ZP,KZ,F
11:24:25,MYOR,RG,1630,1,D,ZP,PD,D
11:23:22,MYOR,RG,1630,1,D,ZP,BB,F
11:23:21,MYOR,RG,1630,1,D,ZP,KZ,F
11:23:04,MYOR,RG,1630,1,D,ZP,BB,F
11:23:03,MYOR,RG,1630,9,D,ZP,PD,D
11:22:55,MYOR,RG,1630,20,D,ZP,YP,D
11:22:49,MYOR,RG,1630,5,D,ZP,PD,D
11:22:35,MYOR,RG,1630,3,D,ZP,XC,D
11:22:16,MYOR,RG,1630,3,D,ZP,BB,F
11:22:15,MYOR,RG,1630,5,D,ZP,YP,D
11:22:11,MYOR,RG,1630,1,D,ZP,XC,D
11:22:11,MYOR,RG,1630,41,D,ZP,KZ,D
11:21:26,MYOR,RG,1630,1,D,ZP,BB,F
11:21:26,MYOR,RG,1630,15,D,ZP,KZ,F
11:21:11,MYOR,RG,1630,1,D,ZP,KZ,F
11:21:11,MYOR,RG,1630,2,D,ZP,KZ,F
11:21:11,MYOR,RG,1630,1,D,ZP,KZ,F
11:20:19,MYOR,RG,1630,3,D,ZP,TP,D
11:20:10,MYOR,RG,1630,4,D,ZP,PD,D
11:18:41,MYOR,RG,1635,1,D,PD,KZ,F
11:18:38,MYOR,RG,1630,1,D,ZP,BB,F
11:18:21,MYOR,RG,1630,6,D,ZP,BB,F
11:18:21,MYOR,RG,1630,16,D,ZP,KZ,F
11:18:06,MYOR,RG,1630,41,D,ZP,KZ,D
11:18:06,MYOR,RG,1630,5,D,PD,KZ,D
11:18:06,MYOR,RG,1630,2,D,PD,KZ,D
11:18:06,MYOR,RG,1630,1,D,DH,KZ,D
11:18:06,MYOR,RG,1630,1,D,PD,KZ,D
11:18:06,MYOR,RG,1630,1,D,YP,KZ,D
11:18:06,MYOR,RG,1630,1,D,XC,KZ,D
11:18:06,MYOR,RG,1630,1,D,PD,KZ,D
11:18:06,MYOR,RG,1630,3,D,ZP,KZ,D
11:18:05,MYOR,RG,1630,50,D,ZP,YP,D
11:17:41,MYOR,RG,1630,7,D,ZP,KZ,F
11:17:41,MYOR,RG,1630,1,D,ZP,KZ,F
11:17:36,MYOR,RG,1630,1,D,ZP,KZ,F
11:17:21,MYOR,RG,1630,1,D,ZP,KZ,F
11:17:21,MYOR,RG,1630,5,D,ZP,KZ,F
11:16:51,MYOR,RG,1630,2,D,ZP,KZ,F
11:16:11,MYOR,RG,1630,1,D,ZP,BB,F
11:15:20,MYOR,RG,1630,1,D,ZP,BB,F
11:15:19,MYOR,RG,1630,13,D,ZP,PD,D
11:15:11,MYOR,RG,1630,9,D,ZP,KZ,F
11:15:11,MYOR,RG,1630,1,D,ZP,KZ,F
11:14:54,MYOR,RG,1635,2,D,XC,KZ,F
11:14:45,MYOR,RG,1630,1,D,ZP,BB,F
11:14:37,MYOR,RG,1630,1,D,ZP,BB,F
11:14:36,MYOR,RG,1630,32,D,ZP,KZ,D
11:14:32,MYOR,RG,1630,17,D,ZP,AZ,D
11:14:16,MYOR,RG,1630,2,D,ZP,BB,F
11:14:16,MYOR,RG,1630,2,D,ZP,XC,D
11:13:53,MYOR,RG,1630,2,D,ZP,BB,F
11:13:51,MYOR,RG,1630,20,D,ZP,KZ,F
11:13:51,MYOR,RG,1630,1,D,ZP,KZ,F
11:13:51,MYOR,RG,1630,9,D,ZP,KZ,F
11:13:48,MYOR,RG,1630,32,D,ZP,XL,D
11:13:15,MYOR,RG,1630,4,D,ZP,BB,F
11:13:14,MYOR,RG,1635,2,D,XL,KZ,F
11:12:06,MYOR,RG,1630,3,D,ZP,KZ,F
11:12:06,MYOR,RG,1630,72,D,ZP,KZ,D
11:10:43,MYOR,RG,1630,10,D,ZP,CC,D
11:10:36,MYOR,RG,1630,3,D,ZP,BB,F
11:10:34,MYOR,RG,1630,50,D,ZP,YP,D
11:10:27,MYOR,RG,1630,2,D,ZP,XC,D
11:10:16,MYOR,RG,1630,1,D,ZP,BB,F
11:09:57,MYOR,RG,1630,20,D,ZP,CC,D
11:09:43,MYOR,RG,1630,1,D,ZP,BB,F
11:09:43,MYOR,RG,1635,1,D,YP,KZ,F
11:09:38,MYOR,RG,1630,5,D,ZP,XC,D
11:09:36,MYOR,RG,1630,6,D,ZP,KZ,F
11:09:26,MYOR,RG,1630,7,D,ZP,KZ,F
11:09:25,MYOR,RG,1630,1,D,ZP,BB,F
11:09:25,MYOR,RG,1630,2,D,ZP,PD,D
11:09:21,MYOR,RG,1630,18,D,ZP,KZ,F
11:09:04,MYOR,RG,1630,1,D,ZP,BB,F
11:08:32,MYOR,RG,1630,3,D,ZP,BB,F
11:08:31,MYOR,RG,1635,18,D,DH,KZ,F
11:08:26,MYOR,RG,1630,60,D,ZP,KZ,D
11:06:01,MYOR,RG,1630,1,D,ZP,BB,F
11:05:16,MYOR,RG,1630,13,D,ZP,KZ,F
11:04:51,MYOR,RG,1630,1,D,ZP,KZ,F
11:04:34,MYOR,RG,1630,2,D,ZP,BB,F
11:04:23,MYOR,RG,1630,1,D,ZP,BB,F
11:04:21,MYOR,RG,1630,42,D,ZP,KZ,D
11:04:20,MYOR,RG,1630,31,D,ZP,CC,D
11:04:06,MYOR,RG,1630,6,D,ZP,KZ,F
11:03:17,MYOR,RG,1630,1,D,ZP,SQ,D
11:02:46,MYOR,RG,1630,1,D,ZP,KZ,F
11:01:09,MYOR,RG,1630,8,D,ZP,HP,D
11:00:50,MYOR,RG,1635,3,D,XC,KZ,F
11:00:46,MYOR,RG,1635,2,D,NI,KZ,F
11:00:14,MYOR,RG,1630,7,D,ZP,EP,D
11:00:06,MYOR,RG,1635,1,D,YP,KZ,F
10:59:46,MYOR,RG,1630,20,D,ZP,CC,D
10:59:05,MYOR,RG,1630,20,D,ZP,LG,D
10:58:21,MYOR,RG,1630,18,D,ZP,KZ,F
10:57:41,MYOR,RG,1630,61,D,ZP,XL,D
10:56:12,MYOR,RG,1630,1,D,ZP,XL,D
10:53:18,MYOR,RG,1630,30,D,ZP,XC,D
10:52:35,MYOR,RG,1630,1,D,ZP,KZ,F
10:52:35,MYOR,RG,1630,3,D,ZP,KZ,F
10:52:35,MYOR,RG,1630,23,D,ZP,BB,F
10:52:35,MYOR,RG,1630,14,D,ZP,KZ,F
10:52:35,MYOR,RG,1630,15,D,ZP,KZ,F
10:52:35,MYOR,RG,1630,29,D,ZP,KZ,F
10:52:35,MYOR,RG,1630,1,D,ZP,KZ,F
10:52:35,MYOR,RG,1630,12,D,ZP,KZ,F
10:52:35,MYOR,RG,1630,3,D,ZP,KZ,F
10:52:35,MYOR,RG,1630,41,D,ZP,KZ,D
10:52:35,MYOR,RG,1630,53,D,ZP,KZ,D
10:52:35,MYOR,RG,1630,3,D,ZP,XC,D
10:52:35,MYOR,RG,1630,36,D,ZP,KZ,F
10:52:35,MYOR,RG,1630,19,D,ZP,KZ,F
10:52:17,MYOR,RG,1625,3,D,YP,BB,F
10:52:17,MYOR,RG,1625,3,D,YP,PD,D
10:52:16,MYOR,RG,1625,10,D,YP,PD,D
10:52:06,MYOR,RG,1625,50,D,YP,KZ,D
10:51:51,MYOR,RG,1625,3,D,YP,KZ,F
10:51:45,MYOR,RG,1625,10,D,YP,PD,D
10:50:18,MYOR,RG,1625,1,D,YP,PD,D
10:49:06,MYOR,RG,1625,1,D,YP,KZ,F
10:48:56,MYOR,RG,1625,1,D,YP,KZ,F
10:48:52,MYOR,RG,1625,1,D,YP,BB,F
10:48:36,MYOR,RG,1630,2,D,XC,KZ,F
10:48:24,MYOR,RG,1625,2,D,YP,BB,F
10:48:21,MYOR,RG,1630,22,D,KK,KZ,F
10:48:21,MYOR,RG,1630,6,D,KK,XC,D
10:48:21,MYOR,RG,1630,1,D,KK,KZ,F
10:48:21,MYOR,RG,1630,1,D,KK,KZ,F
10:48:21,MYOR,RG,1630,3,D,KK,KZ,F
10:48:21,MYOR,RG,1630,12,D,KK,KZ,D
10:48:15,MYOR,RG,1625,2,D,YP,BB,F
10:48:06,MYOR,RG,1625,43,D,YP,KZ,D
10:46:56,MYOR,RG,1625,1,D,YP,BB,F
10:46:47,MYOR,RG,1625,10,D,YP,XC,D
10:45:16,MYOR,RG,1625,4,D,YP,KZ,F
10:44:51,MYOR,RG,1625,5,D,YP,KZ,F
10:44:12,MYOR,RG,1625,1,D,YP,BB,F
10:44:11,MYOR,RG,1625,1,D,YP,KZ,F
10:44:02,MYOR,RG,1625,1,D,YP,BB,F
10:44:01,MYOR,RG,1625,6,D,YP,KZ,F
10:43:53,MYOR,RG,1625,20,D,YP,YP,D
10:43:25,MYOR,RG,1630,1,D,XC,KZ,D
10:42:35,MYOR,RG,1625,1,D,YP,BB,F
10:42:26,MYOR,RG,1625,3,D,YP,KZ,F
10:42:26,MYOR,RG,1625,25,D,YP,KZ,F
10:42:21,MYOR,RG,1625,2,D,YP,KZ,F
10:42:20,MYOR,RG,1630,1,D,XC,KZ,D
10:40:40,MYOR,RG,1630,1,D,YP,KZ,D
10:40:12,MYOR,RG,1625,5,D,YP,BB,F
10:39:47,MYOR,RG,1625,87,D,YP,CC,D
10:39:09,MYOR,RG,1625,1,D,YP,BB,F
10:39:09,MYOR,RG,1625,10,D,YP,XC,D
10:38:59,MYOR,RG,1625,14,D,YP,XL,D
10:38:35,MYOR,RG,1630,1,D,YP,KZ,D
10:38:26,MYOR,RG,1630,1,D,XC,NI,D
10:37:29,MYOR,RG,1630,2,D,XC,PD,D
10:37:22,MYOR,RG,1625,16,D,YP,BB,F
10:37:18,MYOR,RG,1625,23,D,YP,YB,D
10:37:18,MYOR,RG,1625,3,D,XC,YB,D
10:37:18,MYOR,RG,1625,100,D,XC,YB,D
10:37:18,MYOR,RG,1625,161,D,AI,YB,D
10:36:28,MYOR,RG,1630,1,D,EP,PD,D
10:36:14,MYOR,RG,1630,1,D,EP,KZ,F
10:36:09,MYOR,RG,1625,1,D,AI,BB,F
10:36:08,MYOR,RG,1630,1,D,EP,KZ,F
10:36:03,MYOR,RG,1625,2,D,AI,KZ,F
10:36:03,MYOR,RG,1625,20,D,AI,KZ,F
10:36:03,MYOR,RG,1625,3,D,AI,BB,F
10:36:03,MYOR,RG,1625,63,D,AI,KZ,D
10:36:00,MYOR,RG,1620,1,D,LS,BB,F
10:36:00,MYOR,RG,1625,5,D,EP,KZ,D
10:35:51,MYOR,RG,1625,5,D,XL,KZ,D
10:35:36,MYOR,RG,1625,1,D,XL,KZ,F
10:35:17,MYOR,RG,1630,1,D,EP,KZ,F
10:34:32,MYOR,RG,1625,1,D,YP,KZ,F
10:34:29,MYOR,RG,1625,3,D,XC,YP,D
10:34:29,MYOR,RG,1625,3,D,XC,YP,D
10:33:45,MYOR,RG,1625,1,D,XC,BB,F
10:33:34,MYOR,RG,1625,1,D,XC,KZ,F
10:33:33,MYOR,RG,1625,1,D,XC,KZ,F
10:33:33,MYOR,RG,1625,3,D,XC,KZ,F
10:33:33,MYOR,RG,1625,6,D,XC,KZ,D
10:33:33,MYOR,RG,1625,2,D,XC,KZ,F
10:33:33,MYOR,RG,1625,1,D,XC,KZ,F
10:32:08,MYOR,RG,1625,1,D,XL,KZ,F
10:31:37,MYOR,RG,1620,5,D,LS,BB,F
10:31:36,MYOR,RG,1625,2,D,YP,KZ,D
10:31:36,MYOR,RG,1625,3,D,YP,KZ,F
10:31:36,MYOR,RG,1625,2,D,KK,KZ,F
10:31:31,MYOR,RG,1625,7,D,KK,KZ,F
10:31:31,MYOR,RG,1625,1,D,KK,KZ,F
10:31:31,MYOR,RG,1625,2,D,KK,KZ,F
10:31:31,MYOR,RG,1625,16,D,KK,KZ,F
10:31:28,MYOR,RG,1625,2,D,KK,YP,D
10:31:28,MYOR,RG,1625,50,D,PD,YP,D
10:31:28,MYOR,RG,1625,1,D,SQ,YP,D
10:31:28,MYOR,RG,1625,3,D,PD,YP,D
10:31:28,MYOR,RG,1625,2,D,PD,YP,D
10:31:28,MYOR,RG,1625,5,D,CC,YP,D
10:31:28,MYOR,RG,1625,2,D,PD,YP,D
10:30:26,MYOR,RG,1625,5,D,PD,BB,F
10:29:38,MYOR,RG,1625,3,D,PD,KZ,F
10:29:38,MYOR,RG,1625,12,D,NI,KZ,F
10:29:36,MYOR,RG,1625,44,D,NI,YP,D
10:29:36,MYOR,RG,1625,5,D,YP,YP,D
10:29:36,MYOR,RG,1625,2,D,PD,YP,D
10:29:36,MYOR,RG,1625,24,D,CP,YP,D
10:29:06,MYOR,RG,1625,1,D,CP,BB,F
10:29:06,MYOR,RG,1625,1,D,XL,BB,F
10:29:06,MYOR,RG,1630,5,D,YP,KZ,D
10:28:46,MYOR,RG,1630,1,D,DH,KZ,D
10:28:46,MYOR,RG,1630,5,D,CC,KZ,D
10:28:46,MYOR,RG,1630,5,D,XC,KZ,D
10:28:46,MYOR,RG,1630,2,D,XC,KZ,D
10:28:46,MYOR,RG,1630,1,D,XC,KZ,D
10:28:46,MYOR,RG,1630,2,D,XC,KZ,D
10:28:46,MYOR,RG,1630,1,D,IF,KZ,D
10:28:46,MYOR,RG,1630,9,D,DH,KZ,D
10:28:44,MYOR,RG,1630,1,D,DH,PD,D
10:27:22,MYOR,RG,1630,1,D,DH,KZ,F
10:27:21,MYOR,RG,1630,2,D,DH,BB,F
10:26:41,MYOR,RG,1630,7,D,DH,KZ,F
10:26:41,MYOR,RG,1630,3,D,XC,KZ,F
10:26:41,MYOR,RG,1630,34,D,XC,KZ,D
10:25:38,MYOR,RG,1630,2,D,XC,CC,D
10:24:51,MYOR,RG,1630,6,D,XC,KZ,F
10:24:47,MYOR,RG,1630,1,D,XC,KZ,F
10:24:46,MYOR,RG,1630,1,D,XC,BB,F
10:24:46,MYOR,RG,1630,1,D,XC,KZ,F
10:24:41,MYOR,RG,1630,2,D,XC,KZ,F
10:24:41,MYOR,RG,1630,3,D,XC,KZ,F
10:24:41,MYOR,RG,1630,5,D,AG,KZ,F
10:24:41,MYOR,RG,1630,1,D,PD,KZ,F
10:24:41,MYOR,RG,1630,4,D,PD,KZ,F
10:24:41,MYOR,RG,1630,1,D,PD,KZ,F
10:24:26,MYOR,RG,1630,1,D,PD,BB,F
10:24:26,MYOR,RG,1630,1,D,PD,KZ,F
10:24:26,MYOR,RG,1630,1,D,PD,KZ,F
10:23:43,MYOR,RG,1630,2,D,PD,XC,D
10:23:43,MYOR,RG,1630,5,D,RO,XC,D
10:23:43,MYOR,RG,1630,1,D,YP,XC,D
10:22:39,MYOR,RG,1630,1,D,YP,KZ,F
10:22:39,MYOR,RG,1630,6,D,DR,KZ,F
10:22:39,MYOR,RG,1630,1,D,DR,XC,D
10:22:38,MYOR,RG,1630,3,D,DR,BB,F
10:22:37,MYOR,RG,1630,1,D,YP,BB,F
10:22:36,MYOR,RG,1630,9,D,YP,KZ,D
10:22:36,MYOR,RG,1630,10,D,PD,KZ,D
10:22:36,MYOR,RG,1630,1,D,AT,KZ,D
10:22:36,MYOR,RG,1630,35,D,SQ,KZ,D
10:22:08,MYOR,RG,1630,15,D,SQ,XC,D
10:21:52,MYOR,RG,1630,1,D,SQ,BB,F
10:21:23,MYOR,RG,1630,4,D,SQ,BB,F
10:21:22,MYOR,RG,1630,22,D,SQ,PD,D
10:20:58,MYOR,RG,1635,1,D,YP,KZ,F
10:20:52,MYOR,RG,1630,1,D,SQ,BB,F
10:20:51,MYOR,RG,1630,76,D,SQ,KZ,F
10:20:46,MYOR,RG,1630,4,D,SQ,KZ,F
10:20:44,MYOR,RG,1630,2,D,SQ,KZ,F
10:20:43,MYOR,RG,1630,7,D,SQ,BB,F
10:20:42,MYOR,RG,1630,19,D,SQ,KZ,F
10:20:41,MYOR,RG,1630,94,D,SQ,KZ,D
10:20:41,MYOR,RG,1630,13,D,SQ,KZ,F
10:20:41,MYOR,RG,1630,7,D,SQ,KZ,F
10:20:41,MYOR,RG,1630,1,D,XC,KZ,F
10:20:38,MYOR,RG,1635,11,D,PD,KZ,F
10:20:38,MYOR,RG,1635,4,D,PD,KZ,D
10:18:07,MYOR,RG,1635,1,D,XC,KZ,D
10:17:22,MYOR,RG,1630,1,D,PD,BB,F
10:17:22,MYOR,RG,1630,3,D,CC,BB,F
10:16:56,MYOR,RG,1630,7,D,CC,KZ,D
10:16:56,MYOR,RG,1630,15,D,PD,KZ,D
10:16:56,MYOR,RG,1630,45,D,NI,KZ,D
10:16:34,MYOR,RG,1630,14,D,NI,BB,F
10:16:13,MYOR,RG,1630,4,D,NI,AK,F
10:16:12,MYOR,RG,1635,67,D,AI,KZ,D
10:16:12,MYOR,RG,1635,189,D,AI,BK,F
10:14:59,MYOR,RG,1635,1,D,XC,BK,F
10:14:48,MYOR,RG,1635,1,D,XC,BK,F
10:13:59,MYOR,RG,1635,2,D,PD,KZ,F
10:13:59,MYOR,RG,1635,3,D,PD,AT,D
10:13:35,MYOR,RG,1635,1,D,YP,AT,D
10:12:16,MYOR,RG,1635,6,D,XC,AT,D
10:10:05,MYOR,RG,1630,1,D,NI,GR,D
10:09:39,MYOR,RG,1640,2,D,XC,SQ,D
10:09:18,MYOR,RG,1630,1,D,NI,BB,F
10:08:52,MYOR,RG,1630,3,D,NI,YP,D
10:06:56,MYOR,RG,1630,1,D,NI,BB,F
10:06:35,MYOR,RG,1635,5,D,SQ,DR,D
10:06:35,MYOR,RG,1635,1,D,SQ,KZ,F
10:06:35,MYOR,RG,1635,10,D,SQ,SQ,D
10:06:35,MYOR,RG,1635,1,D,SQ,KZ,F
10:06:35,MYOR,RG,1635,4,D,SQ,XC,D
10:06:35,MYOR,RG,1635,83,D,SQ,KZ,F
10:06:35,MYOR,RG,1635,227,D,SQ,CC,F
10:06:35,MYOR,RG,1635,44,D,SQ,KZ,D
10:05:44,MYOR,RG,1635,1,D,DR,KZ,D
10:05:01,MYOR,RG,1635,6,D,XL,KZ,D
10:04:50,MYOR,RG,1635,1,D,AT,KZ,D
10:04:41,MYOR,RG,1635,7,D,AT,KZ,D
10:04:41,MYOR,RG,1635,1,D,DR,KZ,D
10:04:41,MYOR,RG,1635,1,D,KK,KZ,D
10:04:41,MYOR,RG,1635,37,D,CC,KZ,D
10:03:55,MYOR,RG,1635,15,D,CC,NI,D
10:03:49,MYOR,RG,1635,3,D,CC,XL,D
10:02:45,MYOR,RG,1635,1,D,CC,XC,D
10:02:37,MYOR,RG,1635,10,D,CC,YP,D
10:01:56,MYOR,RG,1635,3,D,CC,KZ,F
10:01:56,MYOR,RG,1635,10,D,CC,YP,D
10:01:56,MYOR,RG,1635,10,D,CC,KZ,F
10:01:56,MYOR,RG,1635,36,D,CC,KZ,D
10:00:51,MYOR,RG,1635,10,D,PD,KZ,D
10:00:20,MYOR,RG,1635,21,D,SQ,KZ,F
10:00:20,MYOR,RG,1635,3,D,SQ,XC,D
10:00:20,MYOR,RG,1635,5,D,SQ,CC,D
10:00:20,MYOR,RG,1635,26,D,SQ,KZ,F
10:00:20,MYOR,RG,1635,79,D,SQ,KZ,D
10:00:20,MYOR,RG,1635,4,D,SQ,KZ,F
10:00:20,MYOR,RG,1635,24,D,SQ,DR,D
10:00:20,MYOR,RG,1635,2,D,SQ,PD,D
10:00:20,MYOR,RG,1635,40,D,SQ,EP,D
10:00:20,MYOR,RG,1635,4,D,SQ,KZ,D
9:59:03,MYOR,RG,1635,14,D,XC,KZ,D
9:58:33,MYOR,RG,1635,3,D,XC,KZ,D
9:58:33,MYOR,RG,1635,4,D,XC,KZ,F
9:57:47,MYOR,RG,1635,5,D,EP,KZ,F
9:57:44,MYOR,RG,1630,10,D,NI,XC,D
9:57:12,MYOR,RG,1635,10,D,NI,KZ,F
9:56:26,MYOR,RG,1635,2,D,XC,KZ,F
9:54:23,MYOR,RG,1635,1,D,XC,KZ,F
9:53:46,MYOR,RG,1635,9,D,YP,KZ,F
9:53:46,MYOR,RG,1635,1,D,YP,KZ,F
9:53:22,MYOR,RG,1635,1,D,EP,KZ,F
9:53:12,MYOR,RG,1630,8,D,NI,PD,D
9:53:12,MYOR,RG,1630,2,D,NI,KZ,F
9:53:12,MYOR,RG,1630,9,D,NI,KZ,F
9:53:12,MYOR,RG,1630,80,D,NI,KZ,D
9:53:12,MYOR,RG,1630,1,D,NI,KZ,F
9:53:12,MYOR,RG,1630,21,D,NI,KZ,F
9:53:00,MYOR,RG,1630,10,D,NI,KZ,F
9:52:29,MYOR,RG,1630,1,D,EP,KZ,F
9:52:29,MYOR,RG,1625,31,D,AI,PD,D
9:51:47,MYOR,RG,1625,16,D,AI,XC,D
9:51:01,MYOR,RG,1625,10,D,AI,YP,D
9:50:21,MYOR,RG,1625,1,D,AI,XC,D
9:50:21,MYOR,RG,1625,14,D,AI,KZ,F
9:50:21,MYOR,RG,1625,2,D,AI,XC,D
9:50:21,MYOR,RG,1625,20,D,AI,KZ,F
9:50:21,MYOR,RG,1625,89,D,AI,KZ,D
9:50:21,MYOR,RG,1625,4,D,AI,KZ,F
9:50:21,MYOR,RG,1625,9,D,AI,KZ,F
9:50:21,MYOR,RG,1625,10,D,AI,KZ,F
9:49:56,MYOR,RG,1625,1,D,NI,KZ,F
9:49:41,MYOR,RG,1625,1,D,XC,KZ,F
9:49:37,MYOR,RG,1620,1,D,LS,PD,D
9:49:14,MYOR,RG,1625,1,D,SQ,KZ,F
9:49:14,MYOR,RG,1625,4,D,SQ,KZ,F
9:49:14,MYOR,RG,1625,5,D,SQ,KZ,D
9:49:04,MYOR,RG,1625,1,D,XC,KZ,D
9:49:02,MYOR,RG,1625,1,D,YP,KZ,D
9:48:50,MYOR,RG,1625,15,D,SQ,KZ,D
9:48:50,MYOR,RG,1625,5,D,YP,KZ,D
9:48:41,MYOR,RG,1625,1,D,XC,KZ,D
9:47:58,MYOR,RG,1625,1,D,XC,KZ,D
9:47:44,MYOR,RG,1625,1,D,PD,KZ,D
9:47:43,MYOR,RG,1625,1,D,CC,KZ,D
9:47:41,MYOR,RG,1625,11,D,AI,KZ,D
9:47:01,MYOR,RG,1625,5,D,XC,KZ,D
9:46:45,MYOR,RG,1625,1,D,CC,KZ,D
9:46:16,MYOR,RG,1625,1,D,XC,KZ,D
9:46:16,MYOR,RG,1625,5,D,EP,KZ,D
9:46:16,MYOR,RG,1625,12,D,CC,KZ,D
9:46:16,MYOR,RG,1625,1,D,YB,KZ,D
9:46:16,MYOR,RG,1625,2,D,PD,KZ,D
9:46:16,MYOR,RG,1625,5,D,PD,KZ,D
9:46:16,MYOR,RG,1625,20,D,PD,KZ,D
9:46:16,MYOR,RG,1625,1,D,XC,KZ,D
9:46:16,MYOR,RG,1625,13,D,YP,KZ,D
9:44:25,MYOR,RG,1625,5,D,YP,KZ,F
9:44:24,MYOR,RG,1625,20,D,YP,NI,D
9:44:21,MYOR,RG,1625,5,D,YP,KZ,F
9:44:17,MYOR,RG,1625,10,D,YP,KZ,F
9:44:16,MYOR,RG,1625,9,D,YP,KZ,F
9:44:15,MYOR,RG,1625,5,D,YP,KZ,F
9:44:14,MYOR,RG,1625,33,D,YP,HP,D
9:44:14,MYOR,RG,1625,17,D,YP,HP,D
9:43:26,MYOR,RG,1625,33,D,YP,YP,D
9:43:26,MYOR,RG,1625,21,D,YP,YP,D
9:42:16,MYOR,RG,1625,3,D,YP,YP,D
9:42:16,MYOR,RG,1625,1,D,YP,KZ,F
9:42:16,MYOR,RG,1625,1,D,YP,KZ,F
9:42:16,MYOR,RG,1625,41,D,YP,KZ,F
9:42:16,MYOR,RG,1625,83,D,YP,YP,D
9:42:16,MYOR,RG,1625,50,D,YP,KZ,D
9:42:06,MYOR,RG,1625,1,D,XC,KZ,D
9:41:53,MYOR,RG,1625,4,D,XC,KZ,D
9:41:50,MYOR,RG,1625,1,D,XC,KZ,D
9:41:06,MYOR,RG,1620,1,D,LS,YP,D
9:40:57,MYOR,RG,1620,1,D,LS,YP,D
9:40:53,MYOR,RG,1625,6,D,XC,KZ,D
9:40:37,MYOR,RG,1625,12,D,PD,KZ,D
9:40:37,MYOR,RG,1625,48,D,PD,KZ,F
9:40:20,MYOR,RG,1625,2,D,XC,CC,F
9:40:10,MYOR,RG,1625,154,D,YP,CC,F
9:40:10,MYOR,RG,1625,1,D,YP,KZ,F
9:40:10,MYOR,RG,1625,45,D,YP,KZ,F
9:40:04,MYOR,RG,1625,2,D,GR,KZ,F
9:40:02,MYOR,RG,1625,8,D,GR,YP,D
9:40:02,MYOR,RG,1625,5,D,DR,YP,D
9:40:02,MYOR,RG,1625,152,D,AI,YP,D
9:40:02,MYOR,RG,1630,2,D,DR,YP,D
9:38:37,MYOR,RG,1625,7,D,AI,KZ,F
9:38:37,MYOR,RG,1625,158,D,AI,KZ,F
9:38:37,MYOR,RG,1625,580,D,AI,BK,F
9:38:37,MYOR,RG,1625,103,D,AI,KZ,F
9:38:25,MYOR,RG,1625,7,D,GR,KZ,F
9:38:25,MYOR,RG,1625,1,D,GR,KZ,F
9:38:25,MYOR,RG,1625,2,D,GR,PD,D
9:38:07,MYOR,RG,1625,25,D,XC,PD,D
9:38:00,MYOR,RG,1625,4,F,AK,PD,D
9:38:00,MYOR,RG,1625,2,D,PD,PD,D
9:37:18,MYOR,RG,1650,25,F,AK,KZ,F
9:37:11,MYOR,RG,1655,21,F,AK,KZ,F
9:37:11,MYOR,RG,1655,10,F,AK,KZ,F
9:37:11,MYOR,RG,1655,31,F,AK,KZ,F
9:37:06,MYOR,RG,1660,234,D,EP,KZ,F
9:37:06,MYOR,RG,1660,3,D,EP,KZ,F
9:37:03,MYOR,RG,1660,36,D,EP,EP,D
9:37:03,MYOR,RG,1660,205,D,EP,LG,D
9:37:03,MYOR,RG,1660,64,D,EP,EP,D
9:37:03,MYOR,RG,1660,83,D,EP,YP,D
9:37:03,MYOR,RG,1660,10,D,EP,CC,D
9:37:03,MYOR,RG,1660,3,D,EP,DH,D
9:37:03,MYOR,RG,1660,65,D,EP,SQ,D
9:37:03,MYOR,RG,1660,30,D,EP,PD,D
9:37:03,MYOR,RG,1660,35,D,EP,SQ,D
9:37:03,MYOR,RG,1660,2,D,EP,PD,D
9:37:03,MYOR,RG,1660,20,D,EP,CP,D
9:37:03,MYOR,RG,1655,5,D,EP,PD,D
9:37:03,MYOR,RG,1655,2,D,EP,PD,D
9:37:03,MYOR,RG,1655,1,D,EP,XC,D
9:37:03,MYOR,RG,1655,40,D,EP,YP,D
9:37:03,MYOR,RG,1655,20,D,EP,PD,D
9:37:03,MYOR,RG,1655,20,D,EP,CP,D
9:37:03,MYOR,RG,1655,25,D,EP,SQ,D
9:37:03,MYOR,RG,1650,20,D,EP,CC,D
9:37:03,MYOR,RG,1650,200,D,EP,KK,D
9:37:03,MYOR,RG,1650,64,D,EP,KK,D
9:37:03,MYOR,RG,1650,1,D,EP,XL,D
9:37:03,MYOR,RG,1650,50,D,EP,SQ,D
9:37:03,MYOR,RG,1650,20,D,EP,CP,D
9:37:03,MYOR,RG,1650,50,D,EP,SQ,D
9:37:03,MYOR,RG,1650,29,D,EP,XC,D
9:37:03,MYOR,RG,1645,50,D,EP,YP,D
9:37:03,MYOR,RG,1645,249,D,EP,BB,F
9:37:03,MYOR,RG,1640,11,D,EP,AI,D
9:37:03,MYOR,RG,1640,1,D,EP,PD,D
9:37:03,MYOR,RG,1640,4,D,EP,BB,F
9:37:03,MYOR,RG,1640,3,D,EP,SQ,D
9:37:03,MYOR,RG,1640,50,D,EP,SQ,D
9:37:03,MYOR,RG,1635,7,D,EP,BB,F
9:37:03,MYOR,RG,1635,1,D,EP,XC,D
9:37:03,MYOR,RG,1635,2,D,EP,KZ,F
9:37:03,MYOR,RG,1635,6,D,EP,KZ,D
9:37:03,MYOR,RG,1635,2,D,EP,KZ,F
9:37:03,MYOR,RG,1635,5,D,EP,SQ,D
9:37:03,MYOR,RG,1635,14,D,EP,KZ,F
9:37:03,MYOR,RG,1635,50,D,EP,SQ,D
9:37:03,MYOR,RG,1630,1,D,EP,XC,D
9:37:03,MYOR,RG,1630,4,D,EP,KZ,F
9:37:03,MYOR,RG,1630,5,D,EP,SQ,D
9:37:03,MYOR,RG,1630,17,D,EP,KZ,D
9:37:03,MYOR,RG,1630,4,D,EP,KZ,D
9:37:03,MYOR,RG,1630,10,D,EP,KZ,F
9:37:03,MYOR,RG,1625,27,D,EP,KZ,F
9:37:03,MYOR,RG,1625,7,D,EP,BB,F
9:37:03,MYOR,RG,1625,1,D,EP,XC,D
9:37:03,MYOR,RG,1625,57,D,EP,YP,D
9:37:03,MYOR,RG,1625,9,D,EP,KZ,F
9:37:03,MYOR,RG,1625,37,D,EP,CC,F
9:37:03,MYOR,RG,1625,29,D,EP,KZ,F
9:36:42,MYOR,RG,1620,10,D,LS,BB,F
9:36:32,MYOR,RG,1625,11,D,ZP,KZ,F
9:36:32,MYOR,RG,1625,91,D,ZP,KZ,D
9:36:32,MYOR,RG,1625,1,D,ZP,YB,D
9:36:32,MYOR,RG,1625,1,D,ZP,BB,F
9:36:32,MYOR,RG,1625,13,D,ZP,KZ,F
9:36:32,MYOR,RG,1625,83,D,ZP,KZ,D
9:36:17,MYOR,RG,1620,4,D,LS,BB,F
9:36:16,MYOR,RG,1620,5,D,LS,KZ,F
9:36:11,MYOR,RG,1620,1,D,LS,KZ,F
9:36:11,MYOR,RG,1620,3,D,LS,KZ,D
9:36:11,MYOR,RG,1620,3,D,CC,KZ,D
9:36:11,MYOR,RG,1620,1,D,CC,KZ,D
9:36:11,MYOR,RG,1620,1,D,CC,KZ,D
9:36:11,MYOR,RG,1620,5,D,XL,KZ,D
9:36:11,MYOR,RG,1620,1,D,XC,KZ,D
9:36:11,MYOR,RG,1620,1,D,PD,KZ,D
9:36:11,MYOR,RG,1620,50,D,GR,KZ,D
9:36:11,MYOR,RG,1620,2,F,AK,KZ,D
9:36:11,MYOR,RG,1620,1,D,XC,KZ,D
9:36:11,MYOR,RG,1620,9,F,AK,KZ,D
9:36:11,MYOR,RG,1620,1,D,DR,KZ,D
9:36:11,MYOR,RG,1620,1,D,AT,KZ,D
9:36:10,MYOR,RG,1620,1,D,XC,BB,F
9:36:09,MYOR,RG,1620,1,D,XC,PD,D
9:36:09,MYOR,RG,1620,1,D,PD,PD,D
9:36:09,MYOR,RG,1620,6,D,NI,PD,D
9:36:09,MYOR,RG,1620,1,D,AT,PD,D
9:36:09,MYOR,RG,1620,1,D,NI,PD,D
9:35:47,MYOR,RG,1620,1,D,PD,BB,F
9:35:46,MYOR,RG,1620,19,D,EP,KZ,F
9:35:35,MYOR,RG,1620,1,D,EP,XL,D
9:35:06,MYOR,RG,1620,1,D,EP,XL,D
9:34:37,MYOR,RG,1625,6,D,DR,KZ,D
9:34:21,MYOR,RG,1620,1,D,EP,KZ,F
9:33:32,MYOR,RG,1620,4,D,EP,BB,F
9:33:31,MYOR,RG,1620,10,D,EP,KZ,F
9:32:40,MYOR,RG,1625,16,D,PD,KZ,D
9:32:40,MYOR,RG,1625,1,D,PD,KZ,F
9:32:40,MYOR,RG,1625,37,D,PD,KZ,F
9:32:40,MYOR,RG,1625,7,D,PD,YP,D
9:31:55,MYOR,RG,1620,2,D,EP,BB,F
9:31:34,MYOR,RG,1620,35,D,EP,XC,D
9:31:09,MYOR,RG,1620,3,D,EP,PD,D
9:31:02,MYOR,RG,1620,1,D,EP,PD,D
9:30:43,MYOR,RG,1620,2,D,EP,XL,D
9:30:41,MYOR,RG,1620,3,D,EP,BB,F
9:30:40,MYOR,RG,1625,61,D,PD,YP,D
9:29:59,MYOR,RG,1625,3,D,CC,YP,D
9:29:16,MYOR,RG,1620,1,D,EP,PD,D
9:28:59,MYOR,RG,1625,1,D,PD,YP,D
9:28:45,MYOR,RG,1620,2,D,EP,BB,F
9:28:28,MYOR,RG,1620,15,D,EP,AK,F
9:28:28,MYOR,RG,1620,1,D,XC,AK,F
9:28:28,MYOR,RG,1620,7,D,YP,AK,F
9:27:19,MYOR,RG,1620,18,D,YP,PD,D
9:27:14,MYOR,RG,1620,2,D,YP,BB,F
9:27:02,MYOR,RG,1620,35,D,YP,LG,D
9:26:44,MYOR,RG,1620,2,D,YP,BB,F
9:26:28,MYOR,RG,1625,37,D,PD,YP,D
9:26:11,MYOR,RG,1620,1,D,YP,BB,F
9:26:09,MYOR,RG,1625,1,F,AK,YP,D
9:26:09,MYOR,RG,1625,2,D,PD,YP,D
9:26:09,MYOR,RG,1625,6,F,AK,YP,D
9:26:09,MYOR,RG,1625,5,F,AK,YP,D
9:26:01,MYOR,RG,1625,5,F,AK,BB,F
9:26:00,MYOR,RG,1625,2,D,EP,BB,F
9:25:54,MYOR,RG,1625,5,D,CC,BB,F
9:25:54,MYOR,RG,1625,30,D,CC,KZ,F
9:25:54,MYOR,RG,1625,2,D,CC,KZ,F
9:25:54,MYOR,RG,1625,4,D,CC,NI,D
9:25:54,MYOR,RG,1625,20,D,CC,KZ,F
9:25:54,MYOR,RG,1625,102,D,CC,KZ,D
9:25:54,MYOR,RG,1625,5,D,CC,XC,D
9:25:54,MYOR,RG,1625,6,D,CC,YB,D
9:25:54,MYOR,RG,1625,11,D,CC,PD,D
9:25:54,MYOR,RG,1625,55,D,CC,KZ,D
9:25:30,MYOR,RG,1625,1,D,XL,KZ,D
9:25:20,MYOR,RG,1625,1,F,AK,KZ,D
9:25:19,MYOR,RG,1620,1,D,YP,BB,F
9:25:09,MYOR,RG,1620,1,D,YP,PD,D
9:25:06,MYOR,RG,1620,2,D,YP,XL,D
9:25:03,MYOR,RG,1625,10,D,XL,KZ,D
9:25:03,MYOR,RG,1625,2,D,XL,BB,F
9:25:03,MYOR,RG,1625,34,D,XL,KZ,F
9:23:53,MYOR,RG,1625,2,D,XC,KZ,F
9:23:38,MYOR,RG,1620,3,D,YP,BB,F
9:23:38,MYOR,RG,1620,1,D,YP,PD,D
9:23:27,MYOR,RG,1625,1,F,AK,KZ,F
9:23:26,MYOR,RG,1620,27,D,YP,NI,D
9:23:26,MYOR,RG,1620,1,D,PD,NI,D
9:23:26,MYOR,RG,1620,5,D,NI,NI,D
9:23:26,MYOR,RG,1620,1,D,NI,NI,D
9:23:26,MYOR,RG,1620,1,D,PD,NI,D
9:23:26,MYOR,RG,1620,18,D,XC,NI,D
9:23:26,MYOR,RG,1620,5,D,XC,NI,D
9:23:26,MYOR,RG,1620,2,D,DH,NI,D
9:22:32,MYOR,RG,1620,1,D,PD,BB,F
9:22:17,MYOR,RG,1620,1,D,XC,PD,D
9:22:15,MYOR,RG,1625,5,D,XL,KZ,F
9:22:13,MYOR,RG,1625,10,D,YP,KZ,F
9:21:38,MYOR,RG,1620,3,D,XC,XL,D
9:21:17,MYOR,RG,1620,1,D,XC,BB,F
9:21:16,MYOR,RG,1625,1,D,PD,KZ,F
9:21:07,MYOR,RG,1625,5,D,PD,KZ,F
9:21:07,MYOR,RG,1625,1,D,PD,KZ,F
9:19:45,MYOR,RG,1620,1,D,DH,BB,F
9:19:45,MYOR,RG,1620,5,D,DH,KZ,F
9:19:45,MYOR,RG,1620,10,D,DH,KZ,F
9:19:45,MYOR,RG,1620,4,D,DH,KZ,F
9:19:39,MYOR,RG,1620,1,D,PD,KZ,F
9:19:35,MYOR,RG,1620,1,D,PD,KZ,F
9:19:34,MYOR,RG,1620,10,D,HP,KZ,F
9:19:34,MYOR,RG,1615,3,D,AI,BB,F
9:19:28,MYOR,RG,1620,1,D,NI,KZ,F
9:19:28,MYOR,RG,1620,1,D,PD,KZ,F
9:19:26,MYOR,RG,1620,1,D,PD,KZ,F
9:19:26,MYOR,RG,1620,1,D,PD,KZ,F
9:19:26,MYOR,RG,1620,5,F,AK,KZ,F
9:19:26,MYOR,RG,1620,30,D,YP,KZ,F
9:19:26,MYOR,RG,1620,7,D,YP,KZ,F
9:19:24,MYOR,RG,1620,3,D,YP,BB,F
9:19:16,MYOR,RG,1625,3,D,PD,KZ,F
9:19:12,MYOR,RG,1620,23,F,AK,BB,F
9:19:12,MYOR,RG,1620,10,F,AK,BB,F
9:19:12,MYOR,RG,1620,2,F,AK,BB,F
9:19:12,MYOR,RG,1620,31,D,GR,BB,F
9:19:10,MYOR,RG,1625,1,D,PD,KZ,F
9:19:06,MYOR,RG,1630,1,D,PD,BB,F
9:19:03,MYOR,RG,1630,1,D,PD,BB,F
9:19:02,MYOR,RG,1650,1,F,AK,BB,F
9:19:02,MYOR,RG,1650,21,F,AK,BB,F
9:19:02,MYOR,RG,1650,17,F,AK,KZ,F
9:19:01,MYOR,RG,1650,58,F,AK,BB,F
9:19:00,MYOR,RG,1660,184,D,EP,BB,F
9:19:00,MYOR,RG,1660,58,D,EP,KZ,F
9:18:59,MYOR,RG,1660,244,D,EP,KZ,F
9:18:58,MYOR,RG,1660,38,D,EP,AK,F
9:18:58,MYOR,RG,1660,136,D,EP,AK,F
9:18:58,MYOR,RG,1660,3,D,EP,CC,D
9:18:58,MYOR,RG,1660,15,D,EP,YP,D
9:18:58,MYOR,RG,1660,7,D,EP,KZ,F
9:18:57,MYOR,RG,1660,7,D,EP,NI,D
9:18:57,MYOR,RG,1660,100,D,EP,EP,D
9:18:57,MYOR,RG,1660,20,D,EP,SQ,D
9:18:57,MYOR,RG,1660,25,D,EP,CC,D
9:18:57,MYOR,RG,1660,5,D,EP,CC,D
9:18:57,MYOR,RG,1660,1,D,EP,PD,D
9:18:57,MYOR,RG,1660,5,D,EP,BB,F
9:18:57,MYOR,RG,1660,13,D,EP,PD,D
9:18:57,MYOR,RG,1660,2,D,EP,YP,D
9:18:57,MYOR,RG,1660,50,D,EP,CC,D
9:18:57,MYOR,RG,1660,1,D,EP,DH,D
9:18:57,MYOR,RG,1660,1,D,EP,XC,D
9:18:57,MYOR,RG,1655,17,D,EP,XC,D
9:18:57,MYOR,RG,1655,50,D,EP,SQ,D
9:18:57,MYOR,RG,1655,4,D,EP,PD,D
9:18:57,MYOR,RG,1655,55,D,EP,SQ,D
9:18:57,MYOR,RG,1655,2,D,EP,BB,F
9:18:57,MYOR,RG,1655,50,D,EP,CC,D
9:18:57,MYOR,RG,1655,20,D,EP,XA,D
9:18:57,MYOR,RG,1655,3,D,EP,KK,D
9:18:57,MYOR,RG,1650,25,D,EP,AZ,D
9:18:57,MYOR,RG,1650,30,D,EP,SQ,D
9:18:57,MYOR,RG,1650,30,D,EP,YP,D
9:18:57,MYOR,RG,1650,15,D,EP,SQ,D
9:18:57,MYOR,RG,1650,5,D,EP,XC,D
9:18:57,MYOR,RG,1650,35,D,EP,SQ,D
9:18:57,MYOR,RG,1650,40,D,EP,SQ,D
9:18:57,MYOR,RG,1650,10,D,EP,YP,D
9:18:57,MYOR,RG,1650,1,D,EP,BB,F
9:18:57,MYOR,RG,1650,2,D,EP,CC,D
9:18:57,MYOR,RG,1650,1,D,EP,CC,D
9:18:57,MYOR,RG,1650,3,D,EP,SQ,D
9:18:57,MYOR,RG,1650,4,D,EP,PD,D
9:18:57,MYOR,RG,1645,10,D,EP,PD,D
9:18:57,MYOR,RG,1645,5,D,EP,PD,D
9:18:57,MYOR,RG,1645,50,D,EP,PD,D
9:18:57,MYOR,RG,1645,1,D,EP,XC,D
9:18:57,MYOR,RG,1645,16,D,EP,AZ,D
9:18:57,MYOR,RG,1645,10,D,EP,PD,D
9:18:57,MYOR,RG,1645,4,D,EP,XL,D
9:18:57,MYOR,RG,1645,1,D,EP,XC,D
9:18:57,MYOR,RG,1645,10,D,EP,XC,D
9:18:57,MYOR,RG,1645,3,D,EP,XC,D
9:18:57,MYOR,RG,1645,3,D,EP,XC,D
9:18:57,MYOR,RG,1645,2,D,EP,CC,D
9:18:57,MYOR,RG,1640,25,D,EP,SQ,D
9:18:57,MYOR,RG,1640,10,D,EP,SQ,D
9:18:57,MYOR,RG,1640,35,D,EP,SQ,D
9:18:57,MYOR,RG,1640,70,D,EP,YP,D
9:18:57,MYOR,RG,1640,7,D,EP,BB,F
9:18:57,MYOR,RG,1640,2,D,EP,XL,D
9:18:57,MYOR,RG,1640,1,D,EP,XC,D
9:18:57,MYOR,RG,1640,4,D,EP,XC,D
9:18:57,MYOR,RG,1635,35,D,EP,KZ,F
9:18:57,MYOR,RG,1635,10,D,EP,CC,D
9:18:57,MYOR,RG,1635,25,D,EP,SQ,D
9:18:57,MYOR,RG,1635,45,D,EP,SQ,D
9:18:57,MYOR,RG,1635,30,D,EP,KK,D
9:18:57,MYOR,RG,1635,2,D,EP,CC,D
9:18:57,MYOR,RG,1635,5,D,EP,BB,F
9:18:57,MYOR,RG,1635,1,D,EP,PD,D
9:18:57,MYOR,RG,1630,22,D,EP,KZ,D
9:18:57,MYOR,RG,1630,1,D,EP,XC,D
9:18:57,MYOR,RG,1630,4,D,EP,KZ,F
9:18:57,MYOR,RG,1630,5,D,EP,DH,D
9:18:57,MYOR,RG,1630,1,D,EP,KZ,F
9:18:57,MYOR,RG,1630,8,D,EP,KZ,F
9:18:57,MYOR,RG,1630,27,D,EP,EP,D
9:18:57,MYOR,RG,1625,98,D,EP,AK,F
9:18:57,MYOR,RG,1625,11,D,EP,KZ,F
9:18:57,MYOR,RG,1625,20,D,EP,XL,D
9:18:57,MYOR,RG,1625,26,D,EP,XC,D
9:18:57,MYOR,RG,1625,1,D,EP,BB,F
9:18:57,MYOR,RG,1625,36,D,EP,KZ,F
9:18:57,MYOR,RG,1625,1,D,EP,BQ,D
9:18:57,MYOR,RG,1620,3,D,GR,BB,F
9:18:52,MYOR,RG,1620,2,D,GR,KZ,F
9:18:48,MYOR,RG,1615,1,D,AI,BB,F
9:18:47,MYOR,RG,1620,2,D,YP,KZ,F
9:18:47,MYOR,RG,1620,1,D,YP,KZ,F
9:18:47,MYOR,RG,1620,21,D,YP,KZ,D
9:18:47,MYOR,RG,1620,2,D,YP,DR,D
9:18:47,MYOR,RG,1620,1,D,YP,DR,D
9:18:47,MYOR,RG,1620,3,D,YP,KZ,F
9:18:47,MYOR,RG,1620,4,D,YP,KZ,F
9:18:47,MYOR,RG,1620,20,D,YP,KZ,F
9:18:36,MYOR,RG,1615,2,D,AI,KZ,F
9:18:36,MYOR,RG,1615,1,D,AI,KZ,F
9:18:36,MYOR,RG,1615,1,D,AI,KZ,F
9:18:36,MYOR,RG,1615,8,D,AI,KZ,F
9:18:36,MYOR,RG,1615,1,D,AI,BB,F
9:18:36,MYOR,RG,1615,3,D,AI,KZ,F
9:18:36,MYOR,RG,1615,18,D,AI,KZ,D
9:18:30,MYOR,RG,1615,10,D,SQ,KZ,D
9:18:27,MYOR,RG,1615,3,D,XL,KZ,D
9:18:26,MYOR,RG,1610,3,D,KI,BB,F
9:18:17,MYOR,RG,1615,1,D,KK,KZ,D
9:18:16,MYOR,RG,1615,1,D,PD,KZ,D
9:18:16,MYOR,RG,1615,4,D,XC,KZ,D
9:18:16,MYOR,RG,1615,1,D,PD,KZ,D
9:18:16,MYOR,RG,1615,1,D,XC,KZ,D
9:18:16,MYOR,RG,1615,1,D,SQ,KZ,D
9:18:16,MYOR,RG,1615,5,D,XC,KZ,D
9:18:16,MYOR,RG,1615,2,D,XC,KZ,D
9:18:16,MYOR,RG,1615,16,F,AK,KZ,D
9:18:16,MYOR,RG,1615,10,D,YP,KZ,D
9:18:11,MYOR,RG,1620,1,F,AK,KZ,D
9:18:11,MYOR,RG,1615,7,D,YP,KZ,F
9:18:06,MYOR,RG,1615,7,D,YP,KZ,F
9:18:04,MYOR,RG,1615,2,D,YP,KZ,F
9:18:04,MYOR,RG,1615,7,D,YP,BB,F
9:18:02,MYOR,RG,1620,1,F,AK,KZ,F
9:18:01,MYOR,RG,1615,4,D,YP,KZ,F
9:18:01,MYOR,RG,1615,1,D,YP,KZ,F
9:18:01,MYOR,RG,1615,1,D,YP,KZ,F
9:18:01,MYOR,RG,1615,19,D,YP,KZ,D
9:17:59,MYOR,RG,1615,1,D,YP,KZ,F
9:17:57,MYOR,RG,1615,9,D,YP,KZ,F
9:17:56,MYOR,RG,1620,1,F,AK,KZ,F
9:17:56,MYOR,RG,1615,1,D,YP,KZ,F
9:17:56,MYOR,RG,1615,9,D,YP,KZ,F
9:17:56,MYOR,RG,1615,22,D,YP,KZ,F
9:17:56,MYOR,RG,1615,7,D,PD,KZ,F
9:17:56,MYOR,RG,1615,1,D,PD,KZ,F
9:17:56,MYOR,RG,1615,10,D,PD,KZ,F
9:17:56,MYOR,RG,1615,9,D,CC,KZ,F
9:17:56,MYOR,RG,1615,1,D,CC,KZ,F
9:17:54,MYOR,RG,1620,1,F,AK,KZ,F
9:17:54,MYOR,RG,1615,30,D,SQ,YP,D
9:17:53,MYOR,RG,1615,10,D,SQ,BB,F
9:17:40,MYOR,RG,1615,1,D,XL,BB,F
9:17:39,MYOR,RG,1615,3,D,YP,KK,D
9:17:39,MYOR,RG,1615,1,D,PD,KK,D
9:17:39,MYOR,RG,1615,4,D,BQ,KK,D
9:17:39,MYOR,RG,1615,1,D,PD,KK,D
9:17:39,MYOR,RG,1615,5,D,SQ,KK,D
9:17:39,MYOR,RG,1615,2,D,IF,KK,D
9:17:39,MYOR,RG,1615,1,D,XC,KK,D
9:17:39,MYOR,RG,1615,10,D,SQ,KK,D
9:17:39,MYOR,RG,1615,1,D,PD,KK,D
9:17:39,MYOR,RG,1615,1,D,XC,KK,D
9:17:39,MYOR,RG,1615,2,D,PC,KK,D
9:17:39,MYOR,RG,1615,1,D,YP,KK,D
9:17:39,MYOR,RG,1615,1,D,XL,KK,D
9:17:39,MYOR,RG,1615,156,D,AI,KK,D
9:17:38,MYOR,RG,1620,5,D,XL,KZ,F
9:17:38,MYOR,RG,1615,1,D,AI,XC,D
9:17:33,MYOR,RG,1620,6,D,AI,KZ,F
9:17:33,MYOR,RG,1620,5,D,AI,KZ,F
9:17:24,MYOR,RG,1615,2,D,AI,BB,F
9:17:20,MYOR,RG,1615,33,D,AI,DR,D
9:17:20,MYOR,RG,1620,5,D,LS,KZ,F
9:17:17,MYOR,RG,1615,6,D,AI,BB,F
9:17:11,MYOR,RG,1615,1,D,AI,BB,F
9:17:09,MYOR,RG,1620,10,D,CP,AK,F
9:17:09,MYOR,RG,1620,3,F,AK,AK,F
9:17:09,MYOR,RG,1620,4,F,AK,AK,F
9:17:09,MYOR,RG,1620,1,D,CC,AK,F
9:17:09,MYOR,RG,1620,1,D,PD,AK,F
9:17:09,MYOR,RG,1620,48,D,KK,AK,F
9:17:09,MYOR,RG,1620,10,D,YP,AK,F
9:17:09,MYOR,RG,1620,35,D,EP,AK,F
9:17:08,MYOR,RG,1620,1,D,EP,KZ,F
9:17:07,MYOR,RG,1620,4,D,EP,BB,F
9:17:06,MYOR,RG,1620,15,D,EP,KZ,F
9:17:06,MYOR,RG,1620,4,D,EP,KZ,F
9:17:06,MYOR,RG,1620,5,D,EP,KZ,F
9:17:06,MYOR,RG,1620,9,D,EP,KZ,F
9:17:05,MYOR,RG,1620,1,D,EP,BB,F
9:17:04,MYOR,RG,1620,2,D,EP,KZ,F
9:17:04,MYOR,RG,1620,24,D,EP,XC,D
9:17:04,MYOR,RG,1620,3,D,XC,XC,D
9:17:04,MYOR,RG,1620,13,D,XC,XC,D
9:17:04,MYOR,RG,1620,2,F,AK,XC,D
9:17:04,MYOR,RG,1620,2,D,PD,XC,D
9:17:04,MYOR,RG,1620,1,D,YP,XC,D
9:17:04,MYOR,RG,1620,10,D,CC,XC,D
9:17:04,MYOR,RG,1620,5,D,SQ,XC,D
9:16:57,MYOR,RG,1620,3,F,AK,GR,D
9:16:57,MYOR,RG,1620,31,D,PD,GR,D
9:15:46,MYOR,RG,1625,1,D,PD,KZ,D
9:14:49,MYOR,RG,1620,1,D,PD,BB,F
9:14:45,MYOR,RG,1620,14,D,PD,AI,D
9:14:28,MYOR,RG,1625,2,D,XC,KZ,D
9:14:27,MYOR,RG,1620,1,D,PD,XC,D
9:14:18,MYOR,RG,1620,1,D,PD,BB,F
9:13:56,MYOR,RG,1625,1,D,XC,KZ,D
9:13:51,MYOR,RG,1625,10,D,XL,KZ,D
9:13:47,MYOR,RG,1625,1,F,AK,KZ,D
9:13:46,MYOR,RG,1620,1,D,PD,XC,D
9:13:44,MYOR,RG,1620,5,D,PD,CC,D
9:13:37,MYOR,RG,1620,3,D,PD,BB,F
9:13:28,MYOR,RG,1625,31,D,DR,KZ,D
9:13:28,MYOR,RG,1625,5,D,DR,KZ,F
9:13:28,MYOR,RG,1625,2,D,DR,BB,F
9:13:28,MYOR,RG,1625,1,D,DR,KZ,F
9:13:28,MYOR,RG,1625,11,D,DR,KZ,F
9:13:28,MYOR,RG,1625,50,D,DR,KK,D
9:13:20,MYOR,RG,1620,1,D,PD,BB,F
9:13:09,MYOR,RG,1620,1,D,PD,KZ,F
9:13:08,MYOR,RG,1620,1,D,PD,PD,D
9:12:50,MYOR,RG,1620,2,D,PD,XC,D
9:12:30,MYOR,RG,1620,1,D,PD,KZ,F
9:12:29,MYOR,RG,1620,3,D,PD,BB,F
9:12:18,MYOR,RG,1620,9,D,PD,KZ,F
9:12:17,MYOR,RG,1620,50,D,PD,CC,D
9:12:06,MYOR,RG,1620,10,D,PD,CC,D
9:11:53,MYOR,RG,1620,1,D,PD,BB,F
9:11:47,MYOR,RG,1620,1,D,PD,PD,D
9:11:44,MYOR,RG,1625,1,D,PD,KK,D
9:11:44,MYOR,RG,1625,2,D,PD,KZ,F
9:11:44,MYOR,RG,1620,1,D,PD,PD,D
9:11:37,MYOR,RG,1625,1,D,PD,KZ,F
9:11:34,MYOR,RG,1620,1,D,PD,BB,F
9:11:32,MYOR,RG,1620,3,D,PD,BB,F
9:11:31,MYOR,RG,1620,20,D,PD,CC,D
9:11:20,MYOR,RG,1620,1,D,PD,BB,F
9:11:20,MYOR,RG,1620,2,D,PD,KZ,F
9:11:20,MYOR,RG,1620,15,D,PD,YB,D
9:11:20,MYOR,RG,1620,4,D,PD,KZ,F
9:11:20,MYOR,RG,1620,18,D,PD,KZ,F
9:11:20,MYOR,RG,1620,10,D,PD,KZ,F
9:11:20,MYOR,RG,1620,14,D,PD,KZ,F
9:11:20,MYOR,RG,1620,18,D,PD,KZ,D
9:11:20,MYOR,RG,1620,3,D,PD,KZ,F
9:11:05,MYOR,RG,1615,1,D,AI,BB,F
9:10:58,MYOR,RG,1615,14,D,AI,PD,D
9:10:54,MYOR,RG,1615,10,D,AI,PD,D
9:10:47,MYOR,RG,1615,1,D,AI,CC,D
9:10:21,MYOR,RG,1615,1,D,AI,BB,F
9:10:06,MYOR,RG,1620,6,D,IF,KZ,F
9:10:01,MYOR,RG,1620,2,D,NI,KZ,F
9:09:45,MYOR,RG,1615,3,D,AI,BB,F
9:09:44,MYOR,RG,1620,2,D,YP,KZ,F
9:09:35,MYOR,RG,1620,13,D,YP,KZ,F
9:09:35,MYOR,RG,1620,37,D,YP,KZ,D
9:09:32,MYOR,RG,1615,9,D,AI,BB,F
9:09:30,MYOR,RG,1615,15,D,AI,XL,D
9:09:26,MYOR,RG,1615,1,D,AI,KZ,F
9:09:26,MYOR,RG,1615,30,D,AI,SQ,D
9:09:26,MYOR,RG,1615,6,D,AI,XC,D
9:09:26,MYOR,RG,1615,20,D,AI,YP,D
9:09:26,MYOR,RG,1615,9,D,AI,KZ,F
9:09:26,MYOR,RG,1615,4,D,AI,BB,F
9:09:26,MYOR,RG,1615,129,D,AI,KZ,F
9:09:26,MYOR,RG,1615,48,D,AI,KZ,D
9:09:21,MYOR,RG,1610,1,D,KI,KZ,F
9:09:21,MYOR,RG,1610,1,D,KI,KZ,F
9:09:20,MYOR,RG,1610,1,D,KI,BB,F
9:09:20,MYOR,RG,1615,2,D,XC,KZ,D
9:09:13,MYOR,RG,1610,2,D,KI,KZ,F
9:09:10,MYOR,RG,1615,10,D,YB,KZ,D
9:08:58,MYOR,RG,1615,2,D,NI,KZ,D
9:08:50,MYOR,RG,1610,1,D,KI,BB,F
9:08:50,MYOR,RG,1615,1,D,PD,KZ,D
9:08:49,MYOR,RG,1615,2,D,DH,KZ,D
9:08:43,MYOR,RG,1615,1,D,XC,KZ,D
9:08:41,MYOR,RG,1610,7,D,KI,KZ,F
9:08:41,MYOR,RG,1610,2,D,KI,KZ,F
9:08:40,MYOR,RG,1615,5,D,YP,KZ,D
9:08:39,MYOR,RG,1610,30,D,KI,BB,F
9:08:37,MYOR,RG,1615,10,D,YB,KZ,D
9:08:32,MYOR,RG,1615,1,D,YP,KZ,D
9:08:32,MYOR,RG,1615,22,F,AK,KZ,D
9:08:32,MYOR,RG,1615,4,D,DR,KZ,D
9:08:30,MYOR,RG,1615,1,D,DR,KZ,F
9:08:30,MYOR,RG,1615,2,D,XC,KZ,F
9:08:30,MYOR,RG,1615,5,D,XC,KZ,F
9:08:29,MYOR,RG,1615,100,D,PD,YP,D
9:08:29,MYOR,RG,1615,1,D,XL,YP,D
9:08:29,MYOR,RG,1615,1,D,DR,YP,D
9:08:29,MYOR,RG,1615,75,D,XC,YP,D
9:08:29,MYOR,RG,1615,102,D,CC,YP,D
9:08:29,MYOR,RG,1615,15,F,AK,YP,D
9:08:29,MYOR,RG,1615,200,D,NI,YP,D
9:08:29,MYOR,RG,1615,2,F,AK,YP,D
9:08:29,MYOR,RG,1615,2,D,PD,YP,D
9:08:29,MYOR,RG,1615,32,D,SQ,YP,D
9:08:23,MYOR,RG,1615,1,D,SQ,XC,D
9:07:57,MYOR,RG,1615,1,D,SQ,KZ,F
9:07:56,MYOR,RG,1615,2,D,SQ,BB,F
9:07:43,MYOR,RG,1615,1,D,SQ,KZ,F
9:07:42,MYOR,RG,1615,5,D,SQ,CC,D
9:07:41,MYOR,RG,1615,6,D,SQ,KZ,F
9:07:40,MYOR,RG,1615,1,D,SQ,KZ,F
9:07:39,MYOR,RG,1615,5,D,SQ,BB,F
9:07:38,MYOR,RG,1615,8,D,SQ,KZ,F
9:07:36,MYOR,RG,1615,3,D,SQ,BB,F
9:07:36,MYOR,RG,1615,2,D,SQ,AK,F
9:07:36,MYOR,RG,1615,20,D,SQ,XC,D
9:07:36,MYOR,RG,1615,3,D,SQ,KZ,F
9:07:36,MYOR,RG,1615,3,D,SQ,AK,F
9:07:36,MYOR,RG,1615,32,D,SQ,KZ,F
9:07:36,MYOR,RG,1615,25,D,SQ,BK,F
9:07:32,MYOR,RG,1615,1,D,DR,BK,F
9:07:29,MYOR,RG,1610,9,D,KI,BB,F
9:07:28,MYOR,RG,1615,3,D,YP,BK,F
9:07:27,MYOR,RG,1615,20,F,AK,AK,F
9:07:27,MYOR,RG,1615,12,F,AK,KZ,F
9:07:27,MYOR,RG,1615,12,F,AK,KZ,F
9:07:27,MYOR,RG,1615,17,F,AK,BB,F
9:07:27,MYOR,RG,1615,13,F,AK,KZ,F
9:07:25,MYOR,RG,1615,57,F,AK,KZ,F
9:07:25,MYOR,RG,1615,14,F,AK,KZ,F
9:07:25,MYOR,RG,1615,1,F,AK,AK,F
9:07:25,MYOR,RG,1615,33,F,AK,AK,F
9:07:25,MYOR,RG,1615,25,F,AK,KZ,F
9:07:25,MYOR,RG,1615,70,F,AK,BK,F
9:07:24,MYOR,RG,1615,300,D,SQ,BK,F
9:07:21,MYOR,RG,1610,51,D,KI,BB,F
9:07:09,MYOR,RG,1615,1,F,AK,AK,F
9:07:09,MYOR,RG,1615,20,F,AK,AK,F
9:07:09,MYOR,RG,1615,2,F,AK,KZ,F
9:07:09,MYOR,RG,1615,4,F,AK,KZ,F
9:07:09,MYOR,RG,1615,11,F,AK,KZ,F
9:07:09,MYOR,RG,1615,32,F,AK,YP,D
9:07:09,MYOR,RG,1615,40,F,AK,KZ,F
9:07:07,MYOR,RG,1615,139,D,AI,KZ,F
9:07:07,MYOR,RG,1615,86,D,AI,AK,F
9:07:07,MYOR,RG,1615,8,D,AI,BB,F
9:07:07,MYOR,RG,1615,600,D,AI,YP,D
9:07:07,MYOR,RG,1615,13,D,AI,KZ,F
9:07:07,MYOR,RG,1615,13,D,AI,AK,F
9:07:07,MYOR,RG,1615,10,D,AI,KZ,F
9:07:07,MYOR,RG,1615,131,D,AI,BK,F
9:07:03,MYOR,RG,1610,8,D,KI,XL,D
9:07:00,MYOR,RG,1610,20,D,KI,XL,D
9:07:00,MYOR,RG,1610,2,D,KI,BB,F
9:06:51,MYOR,RG,1615,22,D,SQ,BK,F
9:06:51,MYOR,RG,1615,1,D,SQ,KZ,F
9:06:51,MYOR,RG,1615,17,D,SQ,AK,F
9:06:48,MYOR,RG,1610,1,D,KI,BB,F
9:06:39,MYOR,RG,1615,1,D,DH,AK,F
9:06:39,MYOR,RG,1615,1,D,DH,KZ,F
9:06:39,MYOR,RG,1615,3,D,DH,KZ,F
9:06:39,MYOR,RG,1615,1,D,DH,KZ,F
9:06:39,MYOR,RG,1615,1,D,DH,KZ,F
9:06:39,MYOR,RG,1615,2,D,DH,BK,F
9:06:39,MYOR,RG,1615,1,D,DH,AK,F
9:06:39,MYOR,RG,1615,2,D,SQ,AK,F
9:06:39,MYOR,RG,1615,2,D,SQ,BB,F
9:06:39,MYOR,RG,1615,25,D,SQ,AK,F
9:06:39,MYOR,RG,1615,1,D,SQ,KZ,F
9:06:39,MYOR,RG,1615,1,D,SQ,KZ,F
9:06:39,MYOR,RG,1615,3,D,SQ,KZ,F
9:06:39,MYOR,RG,1615,10,D,SQ,KZ,D
9:06:34,MYOR,RG,1610,1,D,KI,BB,F
9:06:20,MYOR,RG,1610,19,D,KI,BB,F
9:06:19,MYOR,RG,1615,5,D,PD,KZ,D
9:06:19,MYOR,RG,1615,3,D,XC,KZ,D
9:06:19,MYOR,RG,1610,13,D,KI,YP,D
9:06:18,MYOR,RG,1610,164,D,KI,KZ,F
9:06:17,MYOR,RG,1610,22,D,KI,BB,F
9:06:17,MYOR,RG,1610,10,D,CC,BB,F
9:06:16,MYOR,RG,1615,1,D,NI,KZ,D
9:06:16,MYOR,RG,1615,10,D,PD,KZ,D
9:06:16,MYOR,RG,1615,10,D,DR,KZ,D
9:06:16,MYOR,RG,1615,7,D,YP,KZ,D
9:06:16,MYOR,RG,1615,44,D,CC,KZ,D
9:06:16,MYOR,RG,1615,25,D,CC,KZ,D
9:06:16,MYOR,RG,1615,5,D,EP,KZ,D
9:06:16,MYOR,RG,1615,30,D,YP,KZ,D
9:06:15,MYOR,RG,1615,1,D,YP,AK,F
9:06:14,MYOR,RG,1615,14,D,YP,AK,F
9:06:14,MYOR,RG,1615,15,D,YP,KZ,F
9:06:14,MYOR,RG,1615,1,D,XL,KZ,F
9:06:14,MYOR,RG,1615,2,D,PD,KZ,F
9:06:14,MYOR,RG,1615,1,D,YP,KZ,F
9:06:14,MYOR,RG,1615,5,D,YP,KZ,F
9:06:14,MYOR,RG,1615,3,D,NI,KZ,F
9:06:14,MYOR,RG,1615,1,D,LG,KZ,F
9:06:14,MYOR,RG,1615,3,D,YP,KZ,F
9:06:14,MYOR,RG,1615,20,D,SQ,KZ,F
9:06:13,MYOR,RG,1620,5,D,XC,YP,D
9:06:13,MYOR,RG,1620,5,D,EP,YP,D
9:06:13,MYOR,RG,1620,1,D,XC,YP,D
9:06:13,MYOR,RG,1620,31,D,NI,YP,D
9:06:13,MYOR,RG,1620,10,D,CC,YP,D
9:06:13,MYOR,RG,1620,7,D,PD,YP,D
9:06:13,MYOR,RG,1620,1,D,XC,YP,D
9:06:13,MYOR,RG,1620,113,D,CC,YP,D
9:06:13,MYOR,RG,1620,25,D,CC,YP,D
9:06:13,MYOR,RG,1625,1,D,XC,YP,D
9:06:13,MYOR,RG,1625,25,D,DH,YP,D
9:06:13,MYOR,RG,1625,1,D,XC,YP,D
9:06:13,MYOR,RG,1625,8,D,AZ,YP,D
9:06:13,MYOR,RG,1625,10,D,XC,YP,D
9:06:13,MYOR,RG,1625,3,D,XC,YP,D
9:06:13,MYOR,RG,1625,4,D,XC,YP,D
9:06:13,MYOR,RG,1625,1,D,XC,YP,D
9:06:13,MYOR,RG,1625,1,D,XC,YP,D
9:06:13,MYOR,RG,1625,1,D,EP,YP,D
9:06:13,MYOR,RG,1625,2,D,CC,YP,D
9:06:13,MYOR,RG,1625,1,D,YP,YP,D
9:06:13,MYOR,RG,1625,4,D,XC,YP,D
9:06:13,MYOR,RG,1625,5,D,SQ,YP,D
9:06:13,MYOR,RG,1625,2,D,XC,YP,D
9:06:13,MYOR,RG,1625,100,D,CC,YP,D
9:06:13,MYOR,RG,1625,3,D,XC,YP,D
9:06:13,MYOR,RG,1625,10,D,SQ,YP,D
9:06:13,MYOR,RG,1630,20,D,YP,YP,D
9:06:13,MYOR,RG,1630,6,D,YP,YP,D
9:06:13,MYOR,RG,1630,10,D,KK,YP,D
9:06:13,MYOR,RG,1630,5,D,YP,YP,D
9:06:13,MYOR,RG,1630,5,D,XL,YP,D
9:06:13,MYOR,RG,1630,174,D,AI,YP,D
9:06:09,MYOR,RG,1630,10,D,AI,KK,D
9:06:04,MYOR,RG,1630,3,D,AI,BB,F
9:05:35,MYOR,RG,1630,13,D,AI,KZ,F
9:05:34,MYOR,RG,1630,43,D,AI,XL,D
9:05:30,MYOR,RG,1630,2,D,AI,PD,D
9:05:14,MYOR,RG,1630,5,D,AI,PD,D
9:04:07,MYOR,RG,1630,1,D,AI,BB,F
9:04:03,MYOR,RG,1635,2,D,NI,KZ,F
9:03:40,MYOR,RG,1630,4,D,AI,KZ,F
9:03:40,MYOR,RG,1630,12,D,AI,BB,F
9:03:40,MYOR,RG,1630,53,D,AI,KZ,F
9:03:40,MYOR,RG,1630,180,D,AI,BK,F
9:03:36,MYOR,RG,1625,3,D,SQ,KZ,F
9:03:31,MYOR,RG,1625,1,D,SQ,KZ,F
9:03:26,MYOR,RG,1625,1,D,SQ,KZ,F
9:03:26,MYOR,RG,1625,2,D,SQ,KZ,F
9:03:14,MYOR,RG,1625,1,D,SQ,BB,F
9:03:04,MYOR,RG,1625,4,D,SQ,CC,D
9:02:45,MYOR,RG,1625,1,D,SQ,BB,F
9:02:45,MYOR,RG,1625,8,D,SQ,YB,D
9:02:33,MYOR,RG,1625,10,D,SQ,XC,D
9:02:08,MYOR,RG,1625,1,D,SQ,BB,F
9:02:07,MYOR,RG,1625,4,D,SQ,XC,D
9:02:06,MYOR,RG,1625,3,D,SQ,BQ,D
9:01:59,MYOR,RG,1625,13,D,SQ,PD,D
9:01:59,MYOR,RG,1635,1,D,NI,KZ,F
9:01:55,MYOR,RG,1625,1,D,SQ,YP,D
9:01:32,MYOR,RG,1630,1,D,XL,KZ,F
9:01:32,MYOR,RG,1630,5,D,XL,KZ,F
9:01:26,MYOR,RG,1625,3,D,SQ,KZ,F
9:01:26,MYOR,RG,1625,2,D,SQ,XC,D
9:01:26,MYOR,RG,1625,6,D,SQ,BB,F
9:01:26,MYOR,RG,1625,23,D,SQ,KZ,F
9:01:26,MYOR,RG,1625,41,D,SQ,KZ,D
9:01:26,MYOR,RG,1625,38,D,SQ,KZ,D
9:01:23,MYOR,RG,1625,10,D,KK,KZ,D
9:01:23,MYOR,RG,1625,2,D,NI,KZ,D
9:01:21,MYOR,RG,1620,1,D,XC,BB,F
9:01:20,MYOR,RG,1620,1,D,XC,YP,D
9:01:18,MYOR,RG,1625,2,D,XL,KZ,D
9:01:18,MYOR,RG,1625,5,D,YP,KZ,D
9:01:16,MYOR,RG,1625,1,D,XL,KZ,D
9:01:06,MYOR,RG,1625,2,D,XL,KZ,D
9:01:03,MYOR,RG,1625,1,D,XC,KZ,D
9:00:55,MYOR,RG,1620,1,D,XC,BB,F
9:00:55,MYOR,RG,1620,8,D,XL,BB,F
9:00:54,MYOR,RG,1620,2,D,CC,BB,F
9:00:54,MYOR,RG,1620,1,D,CC,BB,F
9:00:52,MYOR,RG,1620,2,D,CC,BB,F
9:00:52,MYOR,RG,1620,1,D,NI,BB,F
9:00:52,MYOR,RG,1620,1,D,XC,BB,F
9:00:51,MYOR,RG,1625,3,D,XC,KZ,D
9:00:46,MYOR,RG,1630,3,D,XC,KZ,D
9:00:45,MYOR,RG,1635,15,D,NI,KZ,D
9:00:42,MYOR,RG,1620,8,D,XC,KZ,F
9:00:39,MYOR,RG,1620,1,D,XC,KZ,F
9:00:39,MYOR,RG,1620,1,D,LG,KZ,F
9:00:39,MYOR,RG,1620,5,D,CC,KZ,F
9:00:39,MYOR,RG,1620,2,D,DR,KZ,F
9:00:39,MYOR,RG,1620,5,D,SQ,KZ,F
9:00:39,MYOR,RG,1620,3,D,XC,KZ,F
9:00:39,MYOR,RG,1620,3,D,SQ,KZ,F
9:00:39,MYOR,RG,1620,4,D,CC,KZ,F
9:00:39,MYOR,RG,1620,9,D,XC,KZ,F
9:00:36,MYOR,RG,1620,1,D,XC,KZ,F
9:00:36,MYOR,RG,1620,1,D,CC,KZ,F
9:00:36,MYOR,RG,1620,5,D,CD,KZ,F
9:00:36,MYOR,RG,1620,17,D,PD,KZ,F
9:00:34,MYOR,RG,1640,5,D,YP,KZ,D
9:00:32,MYOR,RG,1620,3,D,PD,YP,D
9:00:32,MYOR,RG,1620,5,D,YP,YP,D
9:00:32,MYOR,RG,1620,1,D,AT,YP,D
9:00:32,MYOR,RG,1620,12,D,KK,YP,D
9:00:32,MYOR,RG,1625,8,D,YP,YP,D
9:00:32,MYOR,RG,1625,1,D,XC,YP,D
9:00:32,MYOR,RG,1625,3,D,YP,YP,D
9:00:32,MYOR,RG,1625,1,D,YP,YP,D
9:00:32,MYOR,RG,1625,1,D,PD,YP,D
9:00:32,MYOR,RG,1625,2,D,PD,YP,D
9:00:32,MYOR,RG,1625,5,D,YP,YP,D
9:00:32,MYOR,RG,1630,1,D,CC,YP,D
9:00:32,MYOR,RG,1630,5,D,CC,YP,D
9:00:32,MYOR,RG,1630,3,D,XC,YP,D
9:00:32,MYOR,RG,1630,3,D,XC,YP,D
9:00:32,MYOR,RG,1630,1,D,PD,YP,D
9:00:32,MYOR,RG,1630,1,D,PD,YP,D
9:00:32,MYOR,RG,1630,1,D,YP,YP,D
9:00:32,MYOR,RG,1630,5,D,SQ,YP,D
9:00:32,MYOR,RG,1630,5,D,YP,YP,D
9:00:32,MYOR,RG,1630,4,D,PD,YP,D
9:00:32,MYOR,RG,1630,10,D,CC,YP,D
9:00:32,MYOR,RG,1630,9,D,PD,YP,D
9:00:32,MYOR,RG,1635,50,D,XL,YP,D
9:00:32,MYOR,RG,1635,2,D,XC,YP,D
9:00:27,MYOR,RG,1640,1,D,PD,XC,D
9:00:24,MYOR,RG,1640,1,D,CC,XC,D
9:00:23,MYOR,RG,1640,1,D,CC,XC,D
9:00:16,MYOR,RG,1640,1,D,LG,PD,D
9:00:16,MYOR,RG,1640,1,D,XC,PD,D
9:00:16,MYOR,RG,1640,8,D,XC,PD,D
9:00:15,MYOR,RG,1640,3,D,XC,PD,D
9:00:14,MYOR,RG,1640,1,D,PD,PD,D
9:00:14,MYOR,RG,1635,1,D,PD,KZ,F
9:00:13,MYOR,RG,1630,1,D,PD,BB,F
9:00:13,MYOR,RG,1635,11,D,XC,KZ,F
9:00:12,MYOR,RG,1635,1,D,PD,KZ,F
9:00:12,MYOR,RG,1635,2,D,PD,KZ,F
9:00:11,MYOR,RG,1635,2,D,CC,KZ,F
9:00:11,MYOR,RG,1635,1,D,SQ,KZ,F
9:00:11,MYOR,RG,1635,3,D,SQ,KZ,F
9:00:11,MYOR,RG,1635,1,D,PD,KZ,F
9:00:11,MYOR,RG,1635,5,D,YP,KZ,F
9:00:10,MYOR,RG,1635,1,D,XC,BB,F
9:00:10,MYOR,RG,1635,1,D,GR,BB,F
9:00:10,MYOR,RG,1635,1,D,XC,BB,F
9:00:09,MYOR,RG,1640,3,D,XC,PD,D
9:00:08,MYOR,RG,1640,1,D,XC,PD,D
9:00:06,MYOR,RG,1640,2,D,PD,PD,D
9:00:06,MYOR,RG,1640,3,D,XC,PD,D
9:00:06,MYOR,RG,1640,27,D,DH,PD,D
9:00:05,MYOR,RG,1645,1,D,PD,GR,D
9:00:05,MYOR,RG,1640,3,D,DH,KZ,F
9:00:04,MYOR,RG,1640,1,D,XC,YB,D
9:00:04,MYOR,RG,1640,1,D,CC,YB,D
9:00:04,MYOR,RG,1620,4,D,CC,YB,D
9:00:03,MYOR,RG,1620,1,D,EP,YB,D
9:00:02,MYOR,RG,1620,40,D,CD,YB,D
9:00:02,MYOR,RG,1620,3,D,XC,YB,D
9:00:02,MYOR,RG,1620,10,D,CC,YB,D
9:00:02,MYOR,RG,1620,10,D,CC,YB,D
9:00:02,MYOR,RG,1620,1,D,AT,YB,D
9:00:01,MYOR,RG,1620,1,D,KK,YB,D
9:00:01,MYOR,RG,1620,1,D,DX,YB,D
