Time,Stock,Brd,Price,Qty,BT,BC,SC,ST
15:10:54,MYOR,RG,2500,27,D,YP,CC,F
15:10:16,MYOR,RG,2500,12,D,CC,CC,F
15:10:08,MYOR,RG,2500,4,D,XC,CC,F
15:09:08,MYOR,RG,2500,2,D,XL,CC,F
15:07:59,MYOR,RG,2500,277,D,CC,CC,F
15:07:55,MYOR,RG,2500,1,D,CC,AZ,D
15:07:35,MYOR,RG,2500,1722,D,CC,CC,F
15:07:35,MYOR,RG,2500,3000,D,CC,CC,F
15:07:35,MYOR,RG,2500,278,D,CC,CC,F
15:07:27,MYOR,RG,2500,1722,D,CC,CC,F
15:07:27,MYOR,RG,2500,1278,D,CC,CC,F
15:07:18,MYOR,RG,2500,1722,D,CC,CC,F
15:06:59,MYOR,RG,2500,3000,D,CC,CC,F
15:06:59,MYOR,RG,2500,278,D,CC,CC,F
15:06:43,MYOR,RG,2500,1,D,CC,LG,D
15:05:54,MYOR,RG,2500,1,D,CC,XL,D
15:05:54,MYOR,RG,2500,220,D,CC,CC,F
15:04:44,MYOR,RG,2500,1780,D,CC,CC,F
15:04:31,MYOR,RG,2500,220,D,CC,CC,F
15:04:31,MYOR,RG,2500,1000,D,CC,CC,F
15:04:31,MYOR,RG,2500,2000,D,CC,CC,F
15:04:31,MYOR,RG,2500,780,D,CC,CC,F
15:04:15,MYOR,RG,2500,220,D,CC,CC,F
15:04:10,MYOR,RG,2500,1250,D,CC,CC,F
15:04:10,MYOR,RG,2500,500,D,CC,CC,F
15:04:10,MYOR,RG,2500,4030,D,CC,CC,F
15:03:41,MYOR,RG,2500,12,D,CC,XL,D
15:03:34,MYOR,RG,2500,5,D,CC,XL,D
15:02:00,MYOR,RG,2500,15,D,CC,XC,D
15:01:30,MYOR,RG,2500,145,D,CC,YP,D
15:01:29,MYOR,RG,2500,5,D,CC,GR,D
15:00:00,MYOR,RG,2500,10,D,CC,NI,D
15:00:00,MYOR,RG,2500,1,D,CC,YP,D
15:00:00,MYOR,RG,2500,411,D,CC,OD,D
15:00:00,MYOR,RG,2500,539,D,CC,OD,D
15:00:00,MYOR,RG,2500,900,D,CC,OD,D
15:00:00,MYOR,RG,2500,499,D,CC,CC,F
15:00:00,MYOR,RG,2500,15,D,NI,CC,F
15:00:00,MYOR,RG,2500,19,D,YP,CC,F
15:00:00,MYOR,RG,2500,1,D,XL,CC,F
15:00:00,MYOR,RG,2500,6,D,YP,CC,F
15:00:00,MYOR,RG,2500,6,D,NI,CC,F
15:00:00,MYOR,RG,2500,10,D,YP,CC,F
15:00:00,MYOR,RG,2500,85,D,CC,CC,F
15:00:00,MYOR,RG,2500,151,D,CC,CC,F
15:00:00,MYOR,RG,2500,160,D,CC,CC,F
15:00:00,MYOR,RG,2500,32,D,CC,CC,F
15:00:00,MYOR,RG,2500,3,F,AK,CC,F
15:00:00,MYOR,RG,2500,5,F,AK,CC,F
15:00:00,MYOR,RG,2500,71,D,DX,CC,F
15:00:00,MYOR,RG,2500,5,D,DX,AZ,D
15:00:00,MYOR,RG,2500,36,D,DX,AZ,D
15:00:00,MYOR,RG,2500,5,D,DX,YU,D
15:00:00,MYOR,RG,2500,8,D,DX,EP,D
15:00:00,MYOR,RG,2500,178,D,ZP,EP,D
15:00:00,MYOR,RG,2500,10,D,ZP,YP,D
15:00:00,MYOR,RG,2500,58,D,ZP,AK,F
15:00:00,MYOR,RG,2500,24,D,ZP,AK,F
15:00:00,MYOR,RG,2500,15,D,ZP,AK,F
14:49:55,MYOR,RG,2510,2,D,HP,CC,F
14:49:55,MYOR,RG,2500,70,D,HP,CC,F
14:49:54,MYOR,RG,2500,2,D,KK,CC,F
14:49:54,MYOR,RG,2500,428,D,CC,CC,F
14:49:49,MYOR,RG,2500,128,D,CC,CC,F
14:49:38,MYOR,RG,2500,14,D,CC,GR,D
14:49:29,MYOR,RG,2510,2,D,EP,CC,F
14:49:22,MYOR,RG,2500,1,D,CC,NI,D
14:49:15,MYOR,RG,2500,1,D,CC,AK,F
14:49:15,MYOR,RG,2500,130,D,CC,BK,F
14:49:15,MYOR,RG,2500,298,D,CC,CC,F
14:49:11,MYOR,RG,2500,1,F,AK,CC,F
14:49:11,MYOR,RG,2500,4,D,YP,CC,F
14:49:11,MYOR,RG,2500,500,D,CC,CC,F
14:49:11,MYOR,RG,2500,197,D,CC,CC,F
14:48:53,MYOR,RG,2500,10,D,CC,ZP,D
14:48:30,MYOR,RG,2510,1,D,CC,CC,F
14:48:15,MYOR,RG,2500,190,D,CC,BK,F
14:48:15,MYOR,RG,2500,103,D,CC,CC,F
14:48:13,MYOR,RG,2500,397,D,CC,CC,F
14:48:05,MYOR,RG,2500,50,D,CC,CC,F
14:48:05,MYOR,RG,2500,50,D,CC,CC,F
14:48:05,MYOR,RG,2500,3,D,CC,CC,F
14:48:03,MYOR,RG,2500,47,D,KZ,CC,F
14:48:03,MYOR,RG,2500,50,D,KZ,CC,F
14:48:03,MYOR,RG,2500,50,D,KZ,CC,F
14:48:03,MYOR,RG,2500,50,D,KZ,CC,F
14:48:03,MYOR,RG,2500,50,D,KZ,CC,F
14:48:03,MYOR,RG,2500,50,D,KZ,CC,F
14:48:03,MYOR,RG,2500,10,D,KZ,LG,D
14:48:03,MYOR,RG,2500,2,D,KZ,AK,F
14:48:03,MYOR,RG,2500,45,D,KZ,CC,F
14:47:55,MYOR,RG,2500,1,D,ZP,CC,F
14:47:55,MYOR,RG,2500,1,D,ZP,CC,F
14:47:44,MYOR,RG,2500,1,D,ZP,CC,F
14:47:30,MYOR,RG,2500,1,D,ZP,CC,F
14:47:29,MYOR,RG,2500,1,D,YP,CC,F
14:47:29,MYOR,RG,2500,1,D,YP,AK,F
14:47:29,MYOR,RG,2500,3,D,YP,AK,F
14:47:29,MYOR,RG,2500,10,D,YP,CC,F
14:47:21,MYOR,RG,2500,3,D,EP,CC,F
14:47:05,MYOR,RG,2500,1,D,ZP,CC,F
14:47:05,MYOR,RG,2500,3,D,MG,CC,F
14:47:05,MYOR,RG,2500,4,D,YP,CC,F
14:47:05,MYOR,RG,2500,29,D,CC,CC,F
14:46:59,MYOR,RG,2500,3,D,CC,KK,D
14:46:59,MYOR,RG,2500,1,D,XA,KK,D
14:46:59,MYOR,RG,2500,5,D,ZP,KK,D
14:46:58,MYOR,RG,2500,1,D,ZP,CC,D
14:46:15,MYOR,RG,2500,1,D,ZP,AG,D
14:46:06,MYOR,RG,2510,1,F,AK,CC,F
14:46:06,MYOR,RG,2510,1,D,XA,CC,F
14:46:06,MYOR,RG,2510,1,F,AK,CC,F
14:46:06,MYOR,RG,2510,1,F,AK,CC,F
14:46:06,MYOR,RG,2510,1,D,ZP,CC,F
14:46:06,MYOR,RG,2510,45,D,CC,CC,F
14:46:06,MYOR,RG,2510,554,D,KZ,CC,F
14:46:06,MYOR,RG,2510,265,D,KZ,CC,F
14:46:05,MYOR,RG,2510,4,D,KZ,YP,D
14:46:00,MYOR,RG,2520,25,D,CC,CC,F
14:45:48,MYOR,RG,2520,76,D,KZ,CC,F
14:45:48,MYOR,RG,2520,28,D,KZ,CC,F
14:45:44,MYOR,RG,2520,13,D,ZP,CC,F
14:45:27,MYOR,RG,2520,12,D,PD,CC,F
14:45:23,MYOR,RG,2520,31,D,KZ,CC,F
14:45:23,MYOR,RG,2520,4,D,KZ,XC,D
14:45:23,MYOR,RG,2520,1,D,KZ,XC,D
14:45:23,MYOR,RG,2520,1,D,KZ,XC,D
14:44:54,MYOR,RG,2520,4,D,DX,XC,D
14:44:54,MYOR,RG,2520,2,D,DX,EP,D
14:44:54,MYOR,RG,2510,1,D,KZ,YU,D
14:44:28,MYOR,RG,2510,1,D,KZ,CC,D
14:44:28,MYOR,RG,2510,5,D,KZ,YP,D
14:44:28,MYOR,RG,2510,20,D,KZ,XL,D
14:44:28,MYOR,RG,2510,2,D,KZ,NI,D
14:44:28,MYOR,RG,2510,212,D,KZ,CC,F
14:44:27,MYOR,RG,2510,1,D,ZP,CC,F
14:44:26,MYOR,RG,2510,20,D,BQ,CC,F
14:44:26,MYOR,RG,2510,11,D,ZP,CC,F
14:44:25,MYOR,RG,2510,6,D,DX,CC,F
14:43:23,MYOR,RG,2500,5,D,KZ,OD,D
14:43:23,MYOR,RG,2500,19,D,KZ,CC,D
14:43:23,MYOR,RG,2500,15,D,KZ,CC,D
14:43:23,MYOR,RG,2500,9,D,KZ,CC,D
14:43:21,MYOR,RG,2500,2,F,BB,CC,D
14:43:21,MYOR,RG,2500,1,F,BB,XC,D
14:43:21,MYOR,RG,2500,2,F,BB,AK,F
14:43:21,MYOR,RG,2500,6,F,BB,CC,D
14:43:20,MYOR,RG,2500,78,D,ZR,CC,D
14:43:20,MYOR,RG,2500,190,D,ZR,OD,D
14:43:20,MYOR,RG,2500,180,D,ZR,OD,D
14:43:20,MYOR,RG,2500,500,D,ZR,CC,F
14:43:20,MYOR,RG,2500,500,D,ZR,CC,F
14:43:20,MYOR,RG,2500,199,D,ZR,CC,F
14:43:20,MYOR,RG,2500,53,D,ZR,CC,F
14:42:55,MYOR,RG,2490,11,F,BB,CC,D
14:42:53,MYOR,RG,2490,22,D,CC,CC,D
14:42:53,MYOR,RG,2490,13,D,CC,CC,D
14:42:11,MYOR,RG,2490,5,D,CC,YP,D
14:41:59,MYOR,RG,2490,19,D,CC,CC,D
14:41:58,MYOR,RG,2500,6,D,DX,CC,F
14:41:37,MYOR,RG,2490,15,D,CC,CC,D
14:41:33,MYOR,RG,2490,23,D,CC,CC,D
14:40:31,MYOR,RG,2500,153,F,BB,CC,F
14:40:31,MYOR,RG,2490,5,D,CC,PD,D
14:40:23,MYOR,RG,2500,2,F,BB,CC,F
14:40:22,MYOR,RG,2500,3,D,ZP,CC,F
14:40:21,MYOR,RG,2490,21,D,CC,CC,D
14:40:21,MYOR,RG,2500,1,F,BB,CC,F
14:40:20,MYOR,RG,2500,5,D,ZP,CC,F
14:40:02,MYOR,RG,2500,1,D,XL,CC,F
14:39:59,MYOR,RG,2500,2,F,BB,CC,F
14:39:59,MYOR,RG,2490,16,D,CC,CC,D
14:39:56,MYOR,RG,2500,2,F,BB,CC,F
14:39:53,MYOR,RG,2490,23,D,CC,CC,D
14:39:40,MYOR,RG,2500,6,F,BB,CC,F
14:39:39,MYOR,RG,2500,50,D,GR,CC,F
14:39:31,MYOR,RG,2500,1,D,XL,CC,F
14:39:23,MYOR,RG,2500,1,F,BB,CC,F
14:39:23,MYOR,RG,2500,6,D,DX,CC,F
14:38:47,MYOR,RG,2500,1,F,BB,CC,F
14:38:44,MYOR,RG,2500,9,D,ZP,CC,F
14:38:39,MYOR,RG,2500,2,F,BB,CC,F
14:38:39,MYOR,RG,2490,19,D,CC,CC,D
14:38:25,MYOR,RG,2500,1,F,BB,CC,F
14:38:23,MYOR,RG,2490,15,D,CC,CC,D
14:38:18,MYOR,RG,2500,3,F,BB,CC,F
14:38:17,MYOR,RG,2490,25,D,CC,CC,D
14:38:10,MYOR,RG,2500,1,F,BB,CC,F
14:38:09,MYOR,RG,2500,1,D,YP,CC,F
14:38:08,MYOR,RG,2500,3,D,ZP,CC,F
14:38:04,MYOR,RG,2500,2,F,BB,CC,F
14:38:02,MYOR,RG,2500,18,D,AZ,CC,F
14:37:18,MYOR,RG,2500,1,F,BB,CC,F
14:37:18,MYOR,RG,2500,10,D,HP,CC,F
14:36:57,MYOR,RG,2500,15,F,BB,CC,F
14:36:57,MYOR,RG,2500,52,D,KZ,CC,F
14:36:57,MYOR,RG,2500,38,D,KZ,CC,F
14:36:57,MYOR,RG,2500,43,D,CC,CC,F
14:36:57,MYOR,RG,2500,8,D,ZP,CC,F
14:36:53,MYOR,RG,2510,1,F,BB,CC,F
14:36:51,MYOR,RG,2510,5,D,DX,CC,F
14:36:17,MYOR,RG,2510,29,F,BB,CC,F
14:36:17,MYOR,RG,2510,4,F,AK,CC,F
14:36:17,MYOR,RG,2510,1,F,AK,CC,F
14:36:17,MYOR,RG,2510,1,F,AK,CC,F
14:36:17,MYOR,RG,2510,1,F,AK,CC,F
14:36:17,MYOR,RG,2510,1,F,AK,CC,F
14:36:17,MYOR,RG,2510,1,F,AK,CC,F
14:36:17,MYOR,RG,2510,1,F,AK,CC,F
14:36:17,MYOR,RG,2510,220,D,KZ,CC,F
14:36:17,MYOR,RG,2510,33,D,CC,CC,F
14:36:17,MYOR,RG,2510,3,D,ZP,CC,F
14:36:13,MYOR,RG,2520,4,F,BB,EP,D
14:36:13,MYOR,RG,2520,3,F,BB,XC,D
14:36:13,MYOR,RG,2520,6,F,BB,NI,D
14:36:13,MYOR,RG,2520,2,F,BB,DR,D
14:36:13,MYOR,RG,2520,4,F,BB,NI,D
14:36:13,MYOR,RG,2520,4,F,BB,XL,D
14:36:11,MYOR,RG,2510,24,F,BB,OD,D
14:36:10,MYOR,RG,2510,76,D,YP,OD,D
14:36:10,MYOR,RG,2510,7,D,YP,YP,D
14:36:10,MYOR,RG,2510,1,D,YP,XC,D
14:36:10,MYOR,RG,2510,5,D,YP,XL,D
14:36:10,MYOR,RG,2510,1,D,YP,PD,D
14:36:10,MYOR,RG,2510,2,D,YP,XL,D
14:36:10,MYOR,RG,2510,10,D,YP,YP,D
14:36:10,MYOR,RG,2510,1,D,YP,DH,D
14:36:10,MYOR,RG,2510,8,D,YP,LG,D
14:36:10,MYOR,RG,2510,1,D,YP,XL,D
14:36:10,MYOR,RG,2510,309,D,YP,CC,F
14:35:56,MYOR,RG,2510,191,F,BB,CC,F
14:35:56,MYOR,RG,2510,2,F,BB,AT,D
14:35:54,MYOR,RG,2500,1,F,BB,AK,F
14:35:54,MYOR,RG,2500,8,F,BB,AK,F
14:35:53,MYOR,RG,2500,166,D,KZ,AK,F
14:35:53,MYOR,RG,2500,19,D,KZ,AK,F
14:35:53,MYOR,RG,2500,78,D,KZ,AK,F
14:35:53,MYOR,RG,2500,1,D,KZ,AK,F
14:35:53,MYOR,RG,2500,3,D,KZ,AK,F
14:35:53,MYOR,RG,2500,1,D,KZ,AK,F
14:35:53,MYOR,RG,2500,3,D,KZ,AK,F
14:35:53,MYOR,RG,2500,15,D,KZ,CC,D
14:35:53,MYOR,RG,2500,24,D,KZ,CC,D
14:35:53,MYOR,RG,2500,4,D,KZ,CC,D
14:35:52,MYOR,RG,2500,18,D,CC,CC,D
14:35:52,MYOR,RG,2500,500,D,CC,CC,F
14:35:52,MYOR,RG,2500,1,D,CC,XC,D
14:35:52,MYOR,RG,2500,2,D,CC,XL,D
14:35:52,MYOR,RG,2500,18,D,CC,AK,F
14:35:52,MYOR,RG,2500,15,D,CC,AK,F
14:35:52,MYOR,RG,2500,15,D,CC,LG,D
14:35:52,MYOR,RG,2500,3,D,CC,KK,D
14:35:52,MYOR,RG,2500,4,D,CC,CC,F
14:35:52,MYOR,RG,2500,500,D,CC,CC,F
14:35:52,MYOR,RG,2500,3,D,CC,AK,F
14:35:52,MYOR,RG,2500,15,D,CC,AK,F
14:35:52,MYOR,RG,2500,85,D,CC,AK,F
14:35:52,MYOR,RG,2500,1,D,CC,NI,D
14:35:52,MYOR,RG,2500,5,D,CC,XC,D
14:35:52,MYOR,RG,2500,190,D,CC,OD,D
14:35:52,MYOR,RG,2500,180,D,CC,OD,D
14:35:52,MYOR,RG,2500,1,D,CC,XC,D
14:35:52,MYOR,RG,2500,25,D,CC,SQ,D
14:35:52,MYOR,RG,2500,5,D,CC,AT,D
14:35:52,MYOR,RG,2500,29,D,CC,AK,F
14:35:52,MYOR,RG,2500,92,D,CC,CC,D
14:35:52,MYOR,RG,2500,1,D,CC,AK,F
14:35:52,MYOR,RG,2500,197,D,CC,XL,D
14:35:52,MYOR,RG,2500,1,D,CC,AK,F
14:35:52,MYOR,RG,2500,1,D,CC,AK,F
14:35:52,MYOR,RG,2500,5,D,CC,YP,D
14:35:52,MYOR,RG,2500,4,D,CC,GR,D
14:35:52,MYOR,RG,2500,50,D,CC,YP,D
14:35:52,MYOR,RG,2500,1,D,CC,SQ,D
14:35:52,MYOR,RG,2500,33,D,CC,CC,F
14:35:17,MYOR,RG,2490,20,D,CC,CC,D
14:35:09,MYOR,RG,2490,16,D,CC,CC,D
14:34:57,MYOR,RG,2490,28,D,CC,CC,D
14:34:34,MYOR,RG,2490,1,D,CC,YU,D
14:34:28,MYOR,RG,2500,6,D,DX,CC,F
14:34:17,MYOR,RG,2490,1,D,CC,SQ,D
14:34:00,MYOR,RG,2500,5,D,ZP,CC,F
14:33:58,MYOR,RG,2500,5,D,ZP,CC,F
14:33:45,MYOR,RG,2490,2,D,CC,AK,F
14:33:35,MYOR,RG,2490,22,D,CC,CC,D
14:33:27,MYOR,RG,2490,13,D,CC,CC,D
14:33:15,MYOR,RG,2490,27,D,CC,CC,D
14:32:38,MYOR,RG,2490,39,D,CC,YP,D
14:32:31,MYOR,RG,2500,9,D,ZP,CC,F
14:32:01,MYOR,RG,2500,6,D,DX,CC,F
14:31:51,MYOR,RG,2490,23,D,CC,CC,D
14:31:45,MYOR,RG,2490,16,D,CC,CC,D
14:31:39,MYOR,RG,2490,23,D,CC,CC,D
14:30:50,MYOR,RG,2490,5,D,CC,LG,D
14:30:27,MYOR,RG,2490,1,D,CC,XC,D
14:30:25,MYOR,RG,2490,1,D,CC,XC,D
14:30:25,MYOR,RG,2490,3,D,CC,AK,F
14:30:25,MYOR,RG,2490,10,D,CC,XC,D
14:30:08,MYOR,RG,2490,23,D,CC,CC,D
14:30:04,MYOR,RG,2490,5,D,CC,CC,D
14:30:04,MYOR,RG,2490,1,F,AK,CC,D
14:30:04,MYOR,RG,2490,9,D,CC,CC,D
14:30:03,MYOR,RG,2490,23,D,CC,CC,D
14:30:02,MYOR,RG,2500,1,D,PD,CC,F
14:29:25,MYOR,RG,2500,6,D,DX,CC,F
14:29:14,MYOR,RG,2500,1,D,ZP,CC,F
14:28:58,MYOR,RG,2490,5,D,CC,KK,D
14:28:58,MYOR,RG,2490,4,D,ZP,KK,D
14:28:58,MYOR,RG,2490,6,D,ZP,KK,D
14:28:58,MYOR,RG,2490,1,F,AK,KK,D
14:28:58,MYOR,RG,2490,9,F,BB,KK,D
14:28:44,MYOR,RG,2490,1,F,BB,YP,D
14:28:28,MYOR,RG,2490,19,F,BB,CC,D
14:28:26,MYOR,RG,2490,16,F,BB,CC,D
14:28:21,MYOR,RG,2490,22,F,BB,CC,D
14:27:48,MYOR,RG,2500,10,D,ZP,CC,F
14:27:47,MYOR,RG,2500,1,D,XC,CC,F
14:27:47,MYOR,RG,2500,1,D,ZP,CC,F
14:26:57,MYOR,RG,2500,6,D,DX,CC,F
14:26:50,MYOR,RG,2490,20,F,BB,CC,D
14:26:46,MYOR,RG,2490,6,F,BB,CC,D
14:26:46,MYOR,RG,2490,1,F,AK,CC,D
14:26:46,MYOR,RG,2490,8,D,CC,CC,D
14:26:43,MYOR,RG,2490,24,D,CC,CC,D
14:26:18,MYOR,RG,2500,11,D,ZP,CC,F
14:25:32,MYOR,RG,2490,190,D,CC,OD,D
14:25:32,MYOR,RG,2490,164,D,CC,OD,D
14:25:32,MYOR,RG,2490,1,F,AK,OD,D
14:25:32,MYOR,RG,2490,1,F,AK,OD,D
14:25:32,MYOR,RG,2490,14,D,KZ,OD,D
14:25:14,MYOR,RG,2490,21,D,KZ,CC,D
14:25:08,MYOR,RG,2490,16,D,KZ,CC,D
14:25:03,MYOR,RG,2490,24,D,KZ,CC,D
14:25:03,MYOR,RG,2500,273,D,KZ,CC,F
14:25:00,MYOR,RG,2500,1,D,IF,CC,F
14:24:33,MYOR,RG,2500,6,D,DX,CC,F
14:24:29,MYOR,RG,2490,40,D,KZ,OD,D
14:23:51,MYOR,RG,2490,5,D,KZ,YP,D
14:23:36,MYOR,RG,2490,23,D,KZ,CC,D
14:23:28,MYOR,RG,2490,14,D,KZ,CC,D
14:23:23,MYOR,RG,2490,24,D,KZ,CC,D
14:23:12,MYOR,RG,2490,4,D,KZ,YP,D
14:23:00,MYOR,RG,2490,31,D,KZ,CC,D
14:23:00,MYOR,RG,2490,5,D,ZP,CC,D
14:23:00,MYOR,RG,2490,10,F,BB,CC,D
14:23:00,MYOR,RG,2490,48,D,KZ,CC,D
14:22:07,MYOR,RG,2490,20,D,KZ,KK,D
14:22:06,MYOR,RG,2500,6,D,DX,CC,F
14:21:56,MYOR,RG,2490,23,D,KZ,CC,D
14:21:46,MYOR,RG,2490,14,D,KZ,CC,D
14:21:41,MYOR,RG,2490,25,D,KZ,CC,D
14:21:17,MYOR,RG,2500,5,D,ZP,CC,F
14:21:16,MYOR,RG,2500,9,D,ZP,CC,F
14:20:48,MYOR,RG,2500,34,D,CC,CC,F
14:20:12,MYOR,RG,2490,21,D,KZ,CC,D
14:20:04,MYOR,RG,2490,15,D,KZ,CC,D
14:19:57,MYOR,RG,2490,24,D,KZ,CC,D
14:19:39,MYOR,RG,2500,65,F,BB,CC,F
14:19:39,MYOR,RG,2500,23,F,BB,OD,D
14:19:30,MYOR,RG,2500,6,D,DX,OD,D
14:19:02,MYOR,RG,2500,15,D,ZP,OD,D
14:18:34,MYOR,RG,2490,21,D,KZ,CC,D
14:17:23,MYOR,RG,2490,2,D,KZ,CC,D
14:17:20,MYOR,RG,2490,15,D,NI,CC,D
14:17:03,MYOR,RG,2490,6,D,DX,CC,D
14:17:02,MYOR,RG,2490,14,D,CC,CC,D
14:17:02,MYOR,RG,2490,11,D,CC,NI,D
14:17:02,MYOR,RG,2490,14,D,CC,AK,F
14:17:02,MYOR,RG,2490,10,D,CC,CC,F
14:17:02,MYOR,RG,2490,1,D,CC,AK,F
14:17:02,MYOR,RG,2490,1,D,CC,AK,F
14:17:02,MYOR,RG,2490,61,D,CC,AK,F
14:16:54,MYOR,RG,2480,22,F,BB,CC,D
14:16:44,MYOR,RG,2480,15,F,BB,CC,D
14:16:37,MYOR,RG,2480,18,F,BB,CC,D
14:16:37,MYOR,RG,2480,1,D,AT,CC,D
14:16:37,MYOR,RG,2480,5,D,CC,CC,D
14:15:14,MYOR,RG,2490,2,F,BB,AK,F
14:15:12,MYOR,RG,2480,23,D,CC,CC,D
14:15:05,MYOR,RG,2490,2,F,BB,AK,F
14:15:04,MYOR,RG,2480,17,D,CC,CC,D
14:14:59,MYOR,RG,2490,2,F,BB,AK,F
14:14:58,MYOR,RG,2490,5,D,ZP,AK,F
14:14:57,MYOR,RG,2490,8,D,ZP,AK,F
14:14:54,MYOR,RG,2490,2,F,BB,AK,F
14:14:53,MYOR,RG,2480,24,D,CC,CC,D
14:14:37,MYOR,RG,2490,1,F,BB,AK,F
14:14:36,MYOR,RG,2490,5,D,DX,AK,F
14:13:29,MYOR,RG,2490,2,F,BB,AK,F
14:13:28,MYOR,RG,2480,23,D,CC,CC,D
14:13:23,MYOR,RG,2490,2,F,BB,AK,F
14:13:20,MYOR,RG,2480,16,D,CC,CC,D
14:13:13,MYOR,RG,2490,3,F,BB,AK,F
14:13:11,MYOR,RG,2480,14,D,CC,CC,D
14:13:11,MYOR,RG,2480,10,D,CC,CC,D
14:12:51,MYOR,RG,2490,1,F,BB,AK,F
14:12:49,MYOR,RG,2490,3,D,ZP,AK,F
14:12:49,MYOR,RG,2490,10,D,ZP,AK,F
14:12:04,MYOR,RG,2490,1,F,BB,AK,F
14:12:03,MYOR,RG,2490,4,D,DX,AK,F
14:12:03,MYOR,RG,2490,1,D,DX,AK,F
14:12:03,MYOR,RG,2490,1,D,DX,XL,D
14:11:48,MYOR,RG,2490,2,F,BB,XL,D
14:11:46,MYOR,RG,2480,21,D,CC,CC,D
14:11:37,MYOR,RG,2490,2,F,BB,XL,D
14:11:36,MYOR,RG,2480,14,D,CC,CC,D
14:11:34,MYOR,RG,2490,2,F,BB,XL,D
14:11:33,MYOR,RG,2480,22,D,CC,CC,D
14:10:53,MYOR,RG,2490,1,F,BB,XL,D
14:10:51,MYOR,RG,2490,2,D,IF,AZ,D
14:10:51,MYOR,RG,2490,1,D,IF,OD,D
14:10:19,MYOR,RG,2480,1,D,CC,DH,D
14:10:08,MYOR,RG,2490,2,F,BB,OD,D
14:10:06,MYOR,RG,2480,22,D,CC,CC,D
14:09:56,MYOR,RG,2490,2,F,BB,OD,D
14:09:55,MYOR,RG,2480,20,D,CC,CC,D
14:09:53,MYOR,RG,2490,2,F,BB,OD,D
14:09:52,MYOR,RG,2480,14,D,CC,CC,D
14:09:39,MYOR,RG,2490,1,F,BB,OD,D
14:09:38,MYOR,RG,2490,6,D,DX,OD,D
14:08:44,MYOR,RG,2480,1,D,CC,DH,D
14:08:26,MYOR,RG,2490,2,D,XC,OD,D
14:08:22,MYOR,RG,2480,20,D,CC,CC,D
14:08:19,MYOR,RG,2480,20,D,CC,CC,D
14:08:19,MYOR,RG,2480,1,D,OD,CC,D
14:08:12,MYOR,RG,2480,6,D,OD,CC,D
14:08:12,MYOR,RG,2480,9,D,CC,CC,D
14:07:08,MYOR,RG,2490,58,D,CC,OD,D
14:07:08,MYOR,RG,2490,116,D,KZ,OD,D
14:07:08,MYOR,RG,2490,53,D,KZ,OD,D
14:07:08,MYOR,RG,2490,1,F,AK,OD,D
14:07:08,MYOR,RG,2490,39,F,BB,OD,D
14:07:08,MYOR,RG,2490,7,D,ZP,OD,D
14:07:08,MYOR,RG,2490,51,D,KZ,OD,D
14:07:08,MYOR,RG,2490,29,D,YP,OD,D
14:07:03,MYOR,RG,2500,6,D,DX,OD,D
14:06:54,MYOR,RG,2500,1,D,YP,OD,D
14:06:45,MYOR,RG,2490,5,D,YP,YP,D
14:06:39,MYOR,RG,2490,23,D,YP,CC,D
14:06:36,MYOR,RG,2490,20,D,YP,CC,D
14:06:32,MYOR,RG,2490,16,D,YP,CC,D
14:06:05,MYOR,RG,2490,3,D,YP,IF,D
14:04:44,MYOR,RG,2490,1,D,YP,PD,D
14:04:41,MYOR,RG,2500,5,D,ZP,OD,D
14:04:41,MYOR,RG,2500,8,D,PD,OD,D
14:04:41,MYOR,RG,2500,1,F,AK,OD,D
14:04:41,MYOR,RG,2500,2,D,ZP,OD,D
14:04:41,MYOR,RG,2500,41,F,BB,OD,D
14:04:41,MYOR,RG,2500,82,D,CC,OD,D
14:04:41,MYOR,RG,2500,180,D,CC,OD,D
14:04:36,MYOR,RG,2500,1,D,CC,KK,D
14:03:57,MYOR,RG,2510,1,F,BB,PD,D
14:03:57,MYOR,RG,2510,2,F,BB,CD,D
14:03:57,MYOR,RG,2510,4,F,BB,LG,D
14:03:57,MYOR,RG,2510,1,F,BB,XL,D
14:03:57,MYOR,RG,2510,10,F,BB,PD,D
14:03:57,MYOR,RG,2510,48,F,BB,KK,D
14:03:57,MYOR,RG,2510,16,F,BB,YP,D
14:03:55,MYOR,RG,2500,20,D,CC,AK,F
14:03:55,MYOR,RG,2500,2,D,CC,AK,F
14:03:55,MYOR,RG,2500,20,D,CC,CC,D
14:03:55,MYOR,RG,2500,10,D,CC,AK,F
14:03:55,MYOR,RG,2500,22,D,CC,CC,D
14:03:55,MYOR,RG,2500,1,D,CC,XL,D
14:03:55,MYOR,RG,2500,16,D,CC,CC,D
14:03:55,MYOR,RG,2500,500,D,CC,CC,F
14:03:55,MYOR,RG,2500,1,D,CC,XL,D
14:03:55,MYOR,RG,2500,1,D,CC,SQ,D
14:03:55,MYOR,RG,2500,144,D,CC,YP,D
14:03:52,MYOR,RG,2490,1,D,YP,GR,D
14:03:33,MYOR,RG,2500,1,F,BB,YP,D
14:03:32,MYOR,RG,2490,2,D,YP,KK,D
14:03:01,MYOR,RG,2500,4,D,ZP,YP,D
14:02:54,MYOR,RG,2500,3,F,BB,YP,D
14:02:51,MYOR,RG,2490,1,F,BB,AK,F
14:02:49,MYOR,RG,2490,79,D,YP,EP,D
14:02:40,MYOR,RG,2490,1,F,AK,EP,D
14:02:40,MYOR,RG,2490,6,D,DX,EP,D
14:02:40,MYOR,RG,2490,22,F,BB,EP,D
14:02:40,MYOR,RG,2490,138,F,CC,EP,D
14:02:40,MYOR,RG,2490,6,D,ZP,EP,D
14:02:13,MYOR,RG,2500,7,F,BB,YP,D
14:02:13,MYOR,RG,2490,5,F,AK,CC,D
14:02:13,MYOR,RG,2490,1,F,AK,CC,D
14:02:13,MYOR,RG,2490,5,F,AK,CC,D
14:02:13,MYOR,RG,2490,1,F,AK,CC,D
14:02:12,MYOR,RG,2490,10,F,AK,CC,D
14:02:12,MYOR,RG,2490,3,F,AK,EP,D
14:02:12,MYOR,RG,2490,40,D,KZ,EP,D
14:02:12,MYOR,RG,2490,1,F,AK,EP,D
14:02:12,MYOR,RG,2490,1,F,AK,EP,D
14:02:12,MYOR,RG,2490,1,F,AK,EP,D
14:02:12,MYOR,RG,2490,201,D,KZ,EP,D
14:02:12,MYOR,RG,2490,9,D,ZP,EP,D
14:02:12,MYOR,RG,2490,24,F,BB,EP,D
14:01:50,MYOR,RG,2500,1,F,BB,YP,D
14:01:50,MYOR,RG,2500,8,D,ZP,YP,D
14:01:50,MYOR,RG,2500,3,F,BB,YP,D
14:01:50,MYOR,RG,2500,6,D,DX,YP,D
14:01:50,MYOR,RG,2500,23,D,KZ,YP,D
14:01:49,MYOR,RG,2510,15,F,BB,YP,D
14:01:49,MYOR,RG,2510,5,F,BB,XC,D
14:01:48,MYOR,RG,2500,13,D,KZ,CC,D
14:01:48,MYOR,RG,2500,25,D,KZ,CC,D
14:01:48,MYOR,RG,2500,10,D,KZ,EP,D
14:01:48,MYOR,RG,2500,1,D,KZ,GR,D
14:01:48,MYOR,RG,2500,23,D,KZ,PD,D
14:01:48,MYOR,RG,2500,11,D,KZ,AK,F
14:01:48,MYOR,RG,2500,100,D,KZ,CC,D
14:01:39,MYOR,RG,2500,4,F,BB,CC,D
14:01:39,MYOR,RG,2500,37,D,CC,CC,D
14:01:36,MYOR,RG,2500,137,F,BB,CC,D
14:01:35,MYOR,RG,2500,722,D,CC,CC,D
14:01:35,MYOR,RG,2500,1,D,CC,AK,F
14:01:35,MYOR,RG,2500,1,D,CC,GR,D
14:01:35,MYOR,RG,2500,44,D,CC,CC,D
14:01:35,MYOR,RG,2500,2,D,CC,YP,D
14:01:35,MYOR,RG,2500,190,D,CC,YP,D
14:01:35,MYOR,RG,2500,4,D,CC,XC,D
14:01:35,MYOR,RG,2500,3,D,CC,CC,D
14:01:35,MYOR,RG,2500,6,D,CC,XC,D
14:01:35,MYOR,RG,2500,1,D,CC,PD,D
14:01:35,MYOR,RG,2500,3,D,CC,KK,D
14:01:35,MYOR,RG,2500,1000,D,CC,CC,F
14:01:35,MYOR,RG,2500,5,D,CC,SQ,D
14:01:35,MYOR,RG,2500,1,D,CC,XC,D
14:01:35,MYOR,RG,2500,17,D,CC,EP,D
14:01:33,MYOR,RG,2490,100,D,CC,CC,F
14:01:33,MYOR,RG,2490,1,D,CC,AK,F
14:01:33,MYOR,RG,2490,1,D,CC,AK,F
14:01:33,MYOR,RG,2490,10,D,CC,AK,F
14:01:33,MYOR,RG,2490,2,D,CC,AK,F
14:01:33,MYOR,RG,2490,19,D,CC,CC,D
14:01:33,MYOR,RG,2490,25,D,CC,CC,D
14:01:33,MYOR,RG,2490,15,D,CC,CC,D
14:01:33,MYOR,RG,2490,10,D,CC,PD,D
14:01:33,MYOR,RG,2490,14,D,CC,AK,F
14:01:33,MYOR,RG,2490,122,D,CC,AK,F
14:01:33,MYOR,RG,2490,9,D,CC,AK,F
14:01:33,MYOR,RG,2490,45,D,CC,CC,D
14:01:33,MYOR,RG,2490,1,D,CC,GR,D
14:01:33,MYOR,RG,2490,1,D,CC,AK,F
14:01:33,MYOR,RG,2490,11,D,CC,AK,F
14:01:33,MYOR,RG,2490,1,D,CC,AK,F
14:01:33,MYOR,RG,2490,17,D,CC,AT,D
14:01:33,MYOR,RG,2490,1,D,CC,AK,F
14:01:33,MYOR,RG,2490,7,D,CC,AT,D
14:01:33,MYOR,RG,2490,15,D,CC,YB,D
14:01:33,MYOR,RG,2490,36,D,CC,YP,D
14:01:26,MYOR,RG,2490,10,D,ZP,YP,D
14:00:19,MYOR,RG,2480,2,D,CC,AK,F
14:00:08,MYOR,RG,2480,20,D,CC,CC,D
13:59:57,MYOR,RG,2480,23,D,CC,CC,D
13:59:54,MYOR,RG,2480,13,D,CC,CC,D
13:59:34,MYOR,RG,2490,6,D,DX,YP,D
13:58:32,MYOR,RG,2480,20,D,CC,CC,D
13:58:15,MYOR,RG,2480,6,D,CC,CC,D
13:58:15,MYOR,RG,2480,8,D,ZP,CC,D
13:58:15,MYOR,RG,2480,1,F,AK,CC,D
13:58:15,MYOR,RG,2480,7,D,CC,CC,D
13:58:12,MYOR,RG,2480,14,D,CC,CC,D
13:57:34,MYOR,RG,2480,2,D,CC,AK,F
13:57:09,MYOR,RG,2490,6,D,DX,YP,D
13:56:46,MYOR,RG,2480,23,D,CC,CC,D
13:56:45,MYOR,RG,2490,3,D,XC,YP,D
13:56:43,MYOR,RG,2490,11,D,ZP,YP,D
13:56:42,MYOR,RG,2490,4,D,ZP,YP,D
13:56:35,MYOR,RG,2480,23,D,CC,CC,D
13:56:32,MYOR,RG,2480,14,D,CC,CC,D
13:55:13,MYOR,RG,2490,14,D,ZP,YP,D
13:55:02,MYOR,RG,2480,24,D,CC,CC,D
13:54:56,MYOR,RG,2480,14,D,CC,CC,D
13:54:56,MYOR,RG,2480,1,D,SQ,CC,D
13:54:55,MYOR,RG,2480,1,D,SQ,CC,D
13:54:55,MYOR,RG,2480,1,F,AK,CC,D
13:54:55,MYOR,RG,2480,21,F,BB,CC,D
13:54:34,MYOR,RG,2480,3,F,BB,NI,D
13:54:33,MYOR,RG,2490,6,D,DX,YP,D
13:53:20,MYOR,RG,2480,21,F,BB,CC,D
13:53:16,MYOR,RG,2480,13,F,BB,CC,D
13:53:09,MYOR,RG,2480,17,F,BB,CC,D
13:53:09,MYOR,RG,2480,5,D,HP,CC,D
13:52:04,MYOR,RG,2490,6,D,DX,YP,D
13:51:38,MYOR,RG,2480,4,D,HP,CC,D
13:51:38,MYOR,RG,2480,1,F,AK,CC,D
13:51:38,MYOR,RG,2480,14,D,CC,CC,D
13:51:36,MYOR,RG,2480,16,D,CC,CC,D
13:51:27,MYOR,RG,2480,24,D,CC,CC,D
13:51:00,MYOR,RG,2490,4,D,XL,YP,D
13:50:41,MYOR,RG,2490,5,D,ZP,YP,D
13:50:39,MYOR,RG,2490,4,D,ZP,YP,D
13:50:02,MYOR,RG,2480,19,D,CC,CC,D
13:49:54,MYOR,RG,2480,15,D,CC,CC,D
13:49:51,MYOR,RG,2480,22,D,CC,CC,D
13:49:49,MYOR,RG,2480,2,D,CC,IF,D
13:49:39,MYOR,RG,2490,6,D,DX,YP,D
13:49:00,MYOR,RG,2490,10,D,ZP,YP,D
13:49:00,MYOR,RG,2480,10,D,CC,CC,D
13:49:00,MYOR,RG,2480,82,D,CC,CC,D
13:48:56,MYOR,RG,2490,32,D,CS,YP,D
13:48:24,MYOR,RG,2480,20,D,CC,CC,D
13:48:17,MYOR,RG,2480,23,D,CC,CC,D
13:48:16,MYOR,RG,2480,14,D,CC,CC,D
13:47:15,MYOR,RG,2490,5,D,DX,YP,D
13:46:48,MYOR,RG,2480,20,D,CC,CC,D
13:46:40,MYOR,RG,2480,6,D,CC,CC,D
13:46:40,MYOR,RG,2480,1,D,XC,CC,D
13:46:40,MYOR,RG,2480,8,D,CC,CC,D
13:46:37,MYOR,RG,2480,26,D,CC,CC,D
13:45:06,MYOR,RG,2480,24,D,CC,CC,D
13:44:58,MYOR,RG,2480,14,D,CC,CC,D
13:44:53,MYOR,RG,2480,21,D,CC,CC,D
13:44:53,MYOR,RG,2480,1,D,CC,CC,D
13:44:47,MYOR,RG,2490,6,D,DX,YP,D
13:44:37,MYOR,RG,2480,105,D,CC,YP,D
13:43:24,MYOR,RG,2480,15,D,CC,CC,D
13:43:24,MYOR,RG,2480,1,F,AK,CC,D
13:43:24,MYOR,RG,2480,4,F,BB,CC,D
13:43:18,MYOR,RG,2480,14,F,BB,CC,D
13:43:13,MYOR,RG,2480,21,F,BB,CC,D
13:42:27,MYOR,RG,2480,11,F,BB,PD,D
13:42:10,MYOR,RG,2490,6,D,DX,YP,D
13:41:48,MYOR,RG,2480,20,F,BB,CC,D
13:41:35,MYOR,RG,2480,7,F,BB,CC,D
13:41:35,MYOR,RG,2480,1,F,AK,CC,D
13:41:35,MYOR,RG,2480,1,F,AK,CC,D
13:41:35,MYOR,RG,2480,14,D,CC,CC,D
13:41:34,MYOR,RG,2480,13,D,CC,CC,D
13:41:14,MYOR,RG,2480,301,D,CC,YP,D
13:40:04,MYOR,RG,2480,24,D,CC,CC,D
13:39:58,MYOR,RG,2480,14,D,CC,CC,D
13:39:55,MYOR,RG,2480,21,D,CC,CC,D
13:39:36,MYOR,RG,2490,6,D,DX,YP,D
13:38:20,MYOR,RG,2480,21,D,CC,CC,D
13:38:16,MYOR,RG,2480,15,D,CC,CC,D
13:38:09,MYOR,RG,2480,25,D,CC,CC,D
13:37:58,MYOR,RG,2490,14,D,CP,YP,D
13:37:58,MYOR,RG,2490,1,D,CP,AK,F
13:37:12,MYOR,RG,2490,6,D,DX,AK,F
13:36:38,MYOR,RG,2480,18,D,CC,CC,D
13:36:31,MYOR,RG,2480,23,D,CC,CC,D
13:36:30,MYOR,RG,2480,11,D,CC,CC,D
13:36:30,MYOR,RG,2480,3,F,BB,CC,D
13:35:56,MYOR,RG,2490,3,D,OD,AK,F
13:35:25,MYOR,RG,2490,3,D,XL,AK,F
13:34:58,MYOR,RG,2480,6,F,BB,CC,D
13:34:58,MYOR,RG,2480,15,D,CC,CC,D
13:34:53,MYOR,RG,2480,24,D,CC,CC,D
13:34:48,MYOR,RG,2480,14,D,CC,CC,D
13:34:47,MYOR,RG,2490,1,D,YP,AK,F
13:34:47,MYOR,RG,2490,5,D,DX,AK,F
13:34:47,MYOR,RG,2490,1,D,DX,AK,F
13:33:34,MYOR,RG,2480,12,D,CC,XC,D
13:32:10,MYOR,RG,2480,1,D,CC,AK,F
13:32:10,MYOR,RG,2480,20,D,CC,CC,D
13:32:10,MYOR,RG,2480,1,D,CC,CC,D
13:32:10,MYOR,RG,2480,23,D,CC,CC,D
13:32:10,MYOR,RG,2480,13,D,CC,CC,D
13:32:10,MYOR,RG,2480,10,D,CC,CC,F
13:32:10,MYOR,RG,2480,117,D,CC,AK,F
13:32:10,MYOR,RG,2480,89,D,CC,AK,F
13:32:10,MYOR,RG,2480,51,D,CC,AK,F
13:32:10,MYOR,RG,2480,2,D,CC,AK,F
13:32:10,MYOR,RG,2480,1,D,CC,YP,D
13:32:10,MYOR,RG,2480,1,D,CC,YP,D
13:32:10,MYOR,RG,2480,4,D,CC,PD,D
13:32:10,MYOR,RG,2480,250,D,CC,PD,D
13:32:10,MYOR,RG,2480,6,D,CC,PD,D
13:32:10,MYOR,RG,2480,17,D,CC,DH,D
13:32:10,MYOR,RG,2480,154,D,CC,AZ,D
13:30:06,MYOR,RG,2480,2,F,AK,AZ,D
13:30:04,MYOR,RG,2480,1,D,XL,AZ,D
13:30:04,MYOR,RG,2470,3,F,BB,AK,F
13:30:03,MYOR,RG,2480,1,D,XL,AZ,D
13:30:03,MYOR,RG,2480,6,D,XL,AZ,D
13:30:03,MYOR,RG,2480,1,D,XL,AZ,D
13:30:01,MYOR,RG,2480,3,D,PD,AZ,D
13:30:01,MYOR,RG,2480,1,D,PD,AZ,D
13:30:01,MYOR,RG,2480,5,D,PD,AZ,D
13:30:00,MYOR,RG,2480,6,D,DX,AZ,D
13:30:00,MYOR,RG,2480,1,D,DR,AZ,D
13:30:00,MYOR,RG,2480,50,D,AK,AZ,D
13:30:00,MYOR,RG,2480,12,D,AK,AZ,D
13:30:00,MYOR,RG,2480,29,D,AK,AZ,D
13:30:00,MYOR,RG,2480,12,D,AK,AZ,D
13:30:00,MYOR,RG,2480,26,D,AK,AZ,D
13:30:00,MYOR,RG,2480,28,D,AK,AZ,D
13:30:00,MYOR,RG,2480,43,D,AK,AZ,D
13:30:00,MYOR,RG,2480,1,D,XC,AZ,D
13:30:00,MYOR,RG,2480,24,F,BB,AZ,D
13:30:00,MYOR,RG,2480,18,F,BB,AZ,D
11:29:58,MYOR,RG,2480,3,F,BB,CC,D
11:29:57,MYOR,RG,2480,2,F,BB,CC,D
11:29:57,MYOR,RG,2480,4,F,BB,CC,D
11:29:56,MYOR,RG,2490,2,F,BB,CC,D
11:29:55,MYOR,RG,2480,9,F,BB,CC,D
11:29:46,MYOR,RG,2490,28,F,CC,EP,D
11:29:46,MYOR,RG,2490,6,D,DX,EP,D
11:29:46,MYOR,RG,2490,4,D,YP,EP,D
11:29:46,MYOR,RG,2490,3,D,XC,EP,D
11:29:46,MYOR,RG,2490,39,F,BB,EP,D
11:29:22,MYOR,RG,2490,14,F,BB,CC,D
11:29:19,MYOR,RG,2490,22,F,BB,CC,D
11:29:05,MYOR,RG,2500,1,D,XC,CC,D
11:29:05,MYOR,RG,2500,5,F,BB,CC,D
11:29:05,MYOR,RG,2500,15,D,IU,CC,D
11:29:04,MYOR,RG,2500,2,D,IU,YP,D
11:29:02,MYOR,RG,2500,15,D,IU,EP,D
11:28:45,MYOR,RG,2500,1,D,IU,AK,F
11:28:37,MYOR,RG,2500,7,D,IU,EP,D
11:28:37,MYOR,RG,2500,13,F,BB,EP,D
11:28:28,MYOR,RG,2500,5,F,BB,EP,D
11:28:28,MYOR,RG,2500,15,D,PD,EP,D
11:27:07,MYOR,RG,2510,6,D,DX,EP,D
11:27:07,MYOR,RG,2510,99,F,BB,EP,D
11:27:00,MYOR,RG,2520,1,F,BB,PD,D
11:27:00,MYOR,RG,2520,1,F,BB,DR,D
11:27:00,MYOR,RG,2520,3,F,BB,NI,D
11:26:59,MYOR,RG,2520,2,D,EP,NI,D
11:26:59,MYOR,RG,2520,10,D,EP,DH,D
11:26:59,MYOR,RG,2520,1,D,EP,NI,D
11:26:59,MYOR,RG,2520,5,D,EP,SQ,D
11:26:59,MYOR,RG,2520,1,D,EP,PD,D
11:26:59,MYOR,RG,2520,1,D,EP,XC,D
11:26:59,MYOR,RG,2520,1,D,EP,AZ,D
11:26:59,MYOR,RG,2520,1,D,EP,XL,D
11:26:59,MYOR,RG,2520,15,D,EP,XC,D
11:26:59,MYOR,RG,2520,2,D,EP,EP,D
11:26:59,MYOR,RG,2520,1,D,EP,CC,D
11:26:59,MYOR,RG,2520,1,D,EP,PD,D
11:26:59,MYOR,RG,2520,6,D,EP,YP,D
11:26:52,MYOR,RG,2510,1,F,BB,PD,D
11:26:52,MYOR,RG,2510,9,D,YP,PD,D
11:26:50,MYOR,RG,2520,6,D,DX,YP,D
11:26:43,MYOR,RG,2520,2,F,BB,YP,D
11:26:42,MYOR,RG,2520,11,D,EP,YP,D
11:26:42,MYOR,RG,2520,20,F,BB,YP,D
11:26:42,MYOR,RG,2520,39,F,BB,YU,D
11:26:42,MYOR,RG,2520,2,F,BB,NI,D
11:26:42,MYOR,RG,2520,6,F,BB,LG,D
11:26:42,MYOR,RG,2520,1,F,BB,XL,D
11:26:42,MYOR,RG,2520,1,F,BB,NI,D
11:26:42,MYOR,RG,2520,30,F,BB,IP,D
11:26:41,MYOR,RG,2510,1,D,YP,CP,D
11:26:41,MYOR,RG,2510,1,D,YP,CC,F
11:26:41,MYOR,RG,2510,15,D,YP,CC,D
11:26:41,MYOR,RG,2510,22,D,YP,CC,D
11:26:41,MYOR,RG,2510,20,D,YP,CC,D
11:26:41,MYOR,RG,2510,105,D,YP,YP,D
11:26:41,MYOR,RG,2510,3,D,YP,XC,D
11:26:41,MYOR,RG,2510,36,D,YP,XC,D
11:26:41,MYOR,RG,2510,2,D,YP,NI,D
11:26:41,MYOR,RG,2510,2,D,YP,YP,D
11:26:41,MYOR,RG,2510,4,D,YP,NI,D
11:26:41,MYOR,RG,2510,10,D,YP,PD,D
11:26:41,MYOR,RG,2510,1,D,YP,PD,D
11:26:41,MYOR,RG,2510,1,D,YP,PD,D
11:26:41,MYOR,RG,2510,1,D,YP,PD,D
11:26:41,MYOR,RG,2510,17,D,YP,NI,D
11:26:41,MYOR,RG,2510,1,D,YP,XL,D
11:26:41,MYOR,RG,2510,15,D,YP,EP,D
11:26:41,MYOR,RG,2510,6,D,YP,YB,D
11:26:41,MYOR,RG,2510,10,D,YP,OD,D
11:26:41,MYOR,RG,2510,1,D,YP,XL,D
11:26:41,MYOR,RG,2510,1,D,YP,NI,D
11:26:41,MYOR,RG,2510,5,D,YP,PD,D
11:26:41,MYOR,RG,2510,20,D,YP,YP,D
11:26:41,MYOR,RG,2510,2,D,YP,LG,D
11:26:41,MYOR,RG,2510,1,D,YP,XC,D
11:26:41,MYOR,RG,2510,500,D,YP,YP,D
11:26:41,MYOR,RG,2510,88,D,YP,YP,D
11:26:36,MYOR,RG,2510,2,F,BB,YP,D
11:26:36,MYOR,RG,2500,20,D,CC,KK,D
11:25:46,MYOR,RG,2510,8,F,BB,YP,D
11:25:44,MYOR,RG,2510,2,D,NI,YP,D
11:25:44,MYOR,RG,2510,2,D,NI,PD,D
11:25:44,MYOR,RG,2510,3,D,NI,XC,D
11:25:44,MYOR,RG,2510,1,D,NI,DR,D
11:25:44,MYOR,RG,2510,1,D,NI,AZ,D
11:25:44,MYOR,RG,2510,2,D,NI,PD,D
11:25:44,MYOR,RG,2510,2,D,NI,PD,D
11:25:44,MYOR,RG,2510,13,D,NI,CC,F
11:25:44,MYOR,RG,2510,28,D,PD,CC,F
11:25:44,MYOR,RG,2510,15,D,YB,CC,F
11:25:44,MYOR,RG,2510,244,F,BB,CC,F
11:25:44,MYOR,RG,2510,50,F,BB,XC,D
11:25:44,MYOR,RG,2510,1,F,BB,PD,D
11:25:44,MYOR,RG,2510,1,F,BB,PD,D
11:25:44,MYOR,RG,2510,1,F,BB,OD,D
11:25:42,MYOR,RG,2500,85,D,CC,CC,F
11:25:42,MYOR,RG,2500,1,D,CC,CC,F
11:25:42,MYOR,RG,2500,15,D,CC,CC,D
11:25:42,MYOR,RG,2500,50,D,CC,SQ,D
11:25:42,MYOR,RG,2500,67,D,CC,YP,D
11:25:42,MYOR,RG,2500,3,D,CC,GR,D
11:25:42,MYOR,RG,2500,10,D,CC,YP,D
11:25:42,MYOR,RG,2500,10,D,CC,XC,D
11:25:42,MYOR,RG,2500,15,D,CC,OD,D
11:25:42,MYOR,RG,2500,25,D,CC,OD,D
11:25:42,MYOR,RG,2500,2,D,CC,XL,D
11:25:42,MYOR,RG,2500,3,D,CC,YP,D
11:25:42,MYOR,RG,2500,1,D,CC,PD,D
11:25:42,MYOR,RG,2500,20,D,CC,CC,D
11:25:42,MYOR,RG,2500,100,D,CC,CC,D
11:25:42,MYOR,RG,2500,100,D,CC,CC,D
11:25:42,MYOR,RG,2500,100,D,CC,CC,D
11:25:42,MYOR,RG,2500,3,D,CC,DR,D
11:25:42,MYOR,RG,2500,300,D,CC,CC,F
11:25:42,MYOR,RG,2500,17,D,CC,XC,D
11:25:42,MYOR,RG,2500,2,D,CC,KK,D
11:25:42,MYOR,RG,2500,2,D,CC,KK,D
11:25:42,MYOR,RG,2500,190,D,CC,DH,D
11:25:42,MYOR,RG,2500,3,D,CC,CP,D
11:25:42,MYOR,RG,2500,50,D,CC,YP,D
11:25:42,MYOR,RG,2500,10,D,CC,XL,D
11:25:42,MYOR,RG,2500,44,D,CC,KK,D
11:25:42,MYOR,RG,2500,25,D,CC,XC,D
11:25:42,MYOR,RG,2500,2,D,CC,CC,D
11:25:42,MYOR,RG,2500,34,D,CC,XC,D
11:25:42,MYOR,RG,2500,20,D,CC,YP,D
11:25:42,MYOR,RG,2500,3,D,CC,XC,D
11:25:42,MYOR,RG,2500,1,D,CC,NI,D
11:25:42,MYOR,RG,2500,81,D,CC,XL,D
11:25:42,MYOR,RG,2500,1,D,CC,HP,D
11:25:42,MYOR,RG,2500,6,D,CC,NI,D
11:25:42,MYOR,RG,2500,30,D,CC,XC,D
11:25:42,MYOR,RG,2500,10,D,CC,PD,D
11:25:42,MYOR,RG,2500,105,D,CC,CC,D
11:25:42,MYOR,RG,2500,10,D,CC,CC,D
11:25:42,MYOR,RG,2500,5,D,CC,PD,D
11:25:42,MYOR,RG,2500,50,D,CC,EP,D
11:25:42,MYOR,RG,2500,35,D,CC,GR,D
11:25:42,MYOR,RG,2500,5,D,CC,EP,D
11:25:42,MYOR,RG,2500,4,D,CC,NI,D
11:25:42,MYOR,RG,2500,10,D,CC,YP,D
11:25:42,MYOR,RG,2500,3,D,CC,AZ,D
11:25:42,MYOR,RG,2500,200,D,CC,CC,F
11:25:42,MYOR,RG,2500,4,D,CC,LG,D
11:25:42,MYOR,RG,2500,120,D,CC,PD,D
11:25:42,MYOR,RG,2500,5,D,CC,PD,D
11:25:42,MYOR,RG,2500,5,D,CC,LG,D
11:25:42,MYOR,RG,2500,2,D,CC,PD,D
11:25:42,MYOR,RG,2500,83,D,CC,GR,D
11:25:42,MYOR,RG,2500,10,D,CC,PD,D
11:25:42,MYOR,RG,2500,3,D,CC,PD,D
11:25:42,MYOR,RG,2500,21,D,CC,XL,D
11:25:42,MYOR,RG,2500,15,D,CC,XL,D
11:25:42,MYOR,RG,2500,3,D,CC,PD,D
11:25:42,MYOR,RG,2500,2,D,CC,PD,D
11:25:42,MYOR,RG,2500,1,D,CC,XC,D
11:25:42,MYOR,RG,2500,1,D,CC,PD,D
11:25:42,MYOR,RG,2500,1,D,CC,YP,D
11:25:42,MYOR,RG,2500,1,D,CC,AZ,D
11:25:42,MYOR,RG,2500,4,D,CC,XL,D
11:25:42,MYOR,RG,2500,2,D,CC,XL,D
11:25:42,MYOR,RG,2500,4,D,CC,AZ,D
11:25:42,MYOR,RG,2500,5,D,CC,AZ,D
11:25:42,MYOR,RG,2500,5,D,CC,YP,D
11:25:42,MYOR,RG,2500,5,D,CC,EP,D
11:25:42,MYOR,RG,2500,10,D,CC,KK,D
11:25:42,MYOR,RG,2500,200,D,CC,CC,F
11:25:42,MYOR,RG,2500,1,D,CC,XL,D
11:25:42,MYOR,RG,2500,1,D,CC,YP,D
11:25:42,MYOR,RG,2500,10,D,CC,XL,D
11:25:42,MYOR,RG,2500,2,D,CC,XL,D
11:25:42,MYOR,RG,2500,457,D,CC,PD,D
11:25:42,MYOR,RG,2500,4,D,CC,LG,D
11:25:42,MYOR,RG,2500,5,D,CC,LG,D
11:25:42,MYOR,RG,2500,1,D,CC,PD,D
11:25:42,MYOR,RG,2500,1,D,CC,PD,D
11:25:42,MYOR,RG,2500,60,D,CC,AZ,D
11:25:42,MYOR,RG,2500,5,D,CC,CC,D
11:25:42,MYOR,RG,2500,1,D,CC,DH,D
11:25:42,MYOR,RG,2500,21,D,CC,DH,D
11:25:42,MYOR,RG,2500,13,D,CC,DH,D
11:25:42,MYOR,RG,2500,1,D,CC,XL,D
11:25:42,MYOR,RG,2500,5,D,CC,AT,D
11:25:42,MYOR,RG,2500,1,D,CC,XC,D
11:25:42,MYOR,RG,2500,3,D,CC,NI,D
11:25:42,MYOR,RG,2500,6,D,CC,KK,D
11:25:05,MYOR,RG,2490,3,D,CC,XC,D
11:24:57,MYOR,RG,2490,2,D,CC,XC,D
11:24:38,MYOR,RG,2490,100,D,CC,AZ,D
11:24:26,MYOR,RG,2490,19,D,CC,CC,D
11:24:26,MYOR,RG,2490,25,D,CC,CC,D
11:24:26,MYOR,RG,2490,28,D,CC,EP,D
11:24:20,MYOR,RG,2490,6,D,DX,EP,D
11:24:20,MYOR,RG,2490,51,D,CC,EP,D
11:24:20,MYOR,RG,2490,1,F,AK,EP,D
11:24:20,MYOR,RG,2490,66,F,BB,EP,D
11:24:20,MYOR,RG,2490,298,D,CC,EP,D
11:24:16,MYOR,RG,2490,13,D,CC,CC,D
11:24:13,MYOR,RG,2490,15,D,CC,CC,D
11:24:13,MYOR,RG,2490,4,D,CC,CC,D
11:24:12,MYOR,RG,2490,58,D,CC,AZ,D
11:24:01,MYOR,RG,2490,2,D,CC,CC,D
11:23:39,MYOR,RG,2490,1,D,CC,XC,D
11:23:31,MYOR,RG,2500,1,F,AK,KK,D
11:22:00,MYOR,RG,2500,6,D,DX,KK,D
11:21:59,MYOR,RG,2490,1,D,CC,AK,F
11:21:59,MYOR,RG,2490,1,D,CC,AK,F
11:21:59,MYOR,RG,2490,1,D,CC,AK,F
11:21:59,MYOR,RG,2490,1,D,CC,AK,F
11:21:59,MYOR,RG,2490,5,D,CC,XC,D
11:21:59,MYOR,RG,2490,10,D,CC,OD,D
11:21:59,MYOR,RG,2490,1,D,CC,YP,D
11:21:59,MYOR,RG,2490,1,D,CC,AK,F
11:21:59,MYOR,RG,2490,1,D,CC,AK,F
11:21:59,MYOR,RG,2490,8,D,CC,AK,F
11:21:59,MYOR,RG,2490,1,D,CC,AK,F
11:21:59,MYOR,RG,2490,1,D,CC,YP,D
11:21:59,MYOR,RG,2490,1,D,CC,CC,F
11:21:59,MYOR,RG,2490,21,D,CC,LG,D
11:21:59,MYOR,RG,2490,7,D,CC,AK,F
11:21:59,MYOR,RG,2490,1,D,CC,AK,F
11:21:59,MYOR,RG,2490,5,D,CC,PD,D
11:21:59,MYOR,RG,2490,5,D,CC,LG,D
11:21:59,MYOR,RG,2490,100,D,CC,CC,D
11:21:59,MYOR,RG,2490,100,D,CC,CC,D
11:21:59,MYOR,RG,2490,100,D,CC,CC,D
11:21:59,MYOR,RG,2490,2,D,CC,KK,D
11:21:59,MYOR,RG,2490,4,D,CC,YP,D
11:21:59,MYOR,RG,2490,50,D,CC,CC,F
11:21:59,MYOR,RG,2490,1,D,CC,YP,D
11:21:59,MYOR,RG,2490,1,D,CC,EP,D
11:21:59,MYOR,RG,2490,2,D,CC,YP,D
11:21:59,MYOR,RG,2490,1,D,CC,GR,D
11:21:59,MYOR,RG,2490,1,D,CC,XL,D
11:21:59,MYOR,RG,2490,5,D,CC,PD,D
11:21:59,MYOR,RG,2490,5,D,CC,PD,D
11:21:59,MYOR,RG,2490,13,D,CC,XC,D
11:21:59,MYOR,RG,2490,6,D,CC,LG,D
11:21:59,MYOR,RG,2490,1,D,CC,PD,D
11:21:59,MYOR,RG,2490,1,D,CC,YP,D
11:21:59,MYOR,RG,2490,2,D,CC,LG,D
11:21:59,MYOR,RG,2490,1,D,CC,XC,D
11:21:59,MYOR,RG,2490,2,D,CC,PD,D
11:21:59,MYOR,RG,2490,1,D,CC,YP,D
11:21:59,MYOR,RG,2490,50,D,CC,CC,F
11:21:59,MYOR,RG,2490,1,D,CC,XL,D
11:21:59,MYOR,RG,2490,1,D,CC,AZ,D
11:21:59,MYOR,RG,2490,3,D,CC,YP,D
11:21:59,MYOR,RG,2490,83,D,CC,CC,F
11:20:58,MYOR,RG,2480,1,D,CC,LG,D
11:20:00,MYOR,RG,2490,1,D,NI,CC,F
11:19:30,MYOR,RG,2490,6,D,DX,CC,F
11:19:21,MYOR,RG,2480,15,D,CC,CC,D
11:18:53,MYOR,RG,2480,1,D,CC,GR,D
11:17:30,MYOR,RG,2480,2,D,CC,NI,D
11:17:09,MYOR,RG,2480,1,D,CC,XC,D
11:17:08,MYOR,RG,2490,6,D,DX,CC,F
11:16:35,MYOR,RG,2480,2,D,CC,XC,D
11:15:43,MYOR,RG,2480,1,D,CC,YP,D
11:15:43,MYOR,RG,2480,81,D,CC,CC,D
11:15:43,MYOR,RG,2480,1,F,AK,CC,D
11:15:43,MYOR,RG,2480,18,F,BB,CC,D
11:15:38,MYOR,RG,2480,54,F,BB,CC,D
11:15:38,MYOR,RG,2480,46,D,CC,CC,D
11:14:51,MYOR,RG,2480,4,D,CC,EP,D
11:14:38,MYOR,RG,2490,2,D,NI,CC,F
11:14:37,MYOR,RG,2490,2,D,DX,CC,F
11:14:37,MYOR,RG,2490,1,D,DX,XL,D
11:14:37,MYOR,RG,2490,3,D,DX,EP,D
11:12:13,MYOR,RG,2490,6,D,DX,EP,D
11:09:53,MYOR,RG,2490,6,D,DX,EP,D
11:08:39,MYOR,RG,2480,100,D,CC,CC,D
11:08:33,MYOR,RG,2480,100,D,CC,CC,D
11:08:30,MYOR,RG,2480,100,D,CC,CC,D
11:08:19,MYOR,RG,2480,39,D,CC,PD,D
11:07:56,MYOR,RG,2480,22,D,CC,PD,D
11:07:50,MYOR,RG,2480,1,D,CC,AK,F
11:07:50,MYOR,RG,2480,15,D,CC,CC,F
11:07:50,MYOR,RG,2480,7,D,CC,AK,F
11:07:50,MYOR,RG,2480,66,D,CC,CC,D
11:05:13,MYOR,RG,2480,5,D,DX,CC,D
11:05:13,MYOR,RG,2480,29,F,BB,CC,D
11:05:07,MYOR,RG,2480,35,F,BB,CC,D
11:05:07,MYOR,RG,2480,65,D,CC,CC,D
11:04:59,MYOR,RG,2480,300,D,CC,CC,D
11:04:56,MYOR,RG,2490,6,D,DX,EP,D
11:04:55,MYOR,RG,2480,100,D,CC,CC,D
11:04:55,MYOR,RG,2480,35,D,CC,CC,D
11:04:53,MYOR,RG,2480,30,D,CC,CC,D
11:04:48,MYOR,RG,2480,1,F,AK,CC,D
11:04:48,MYOR,RG,2480,1,F,AK,CC,D
11:04:48,MYOR,RG,2480,33,F,BB,CC,D
11:04:43,MYOR,RG,2480,48,F,BB,CC,D
11:04:43,MYOR,RG,2480,252,D,CC,CC,D
11:04:39,MYOR,RG,2480,200,D,CC,CC,D
11:04:34,MYOR,RG,2480,7,D,CC,XC,D
11:04:30,MYOR,RG,2480,8,D,CC,CC,F
11:04:30,MYOR,RG,2480,33,D,CC,CC,D
11:04:23,MYOR,RG,2480,1,F,AK,CC,D
11:04:23,MYOR,RG,2480,1,F,AK,CC,D
11:04:23,MYOR,RG,2480,1,F,AK,CC,D
11:04:23,MYOR,RG,2480,84,F,BB,CC,D
11:04:23,MYOR,RG,2480,80,D,CC,CC,D
11:04:18,MYOR,RG,2490,23,F,BB,EP,D
11:04:17,MYOR,RG,2480,200,D,CC,CC,D
11:04:12,MYOR,RG,2490,24,F,BB,EP,D
11:04:11,MYOR,RG,2480,200,D,CC,CC,D
11:04:09,MYOR,RG,2480,20,D,CC,CC,F
11:03:54,MYOR,RG,2490,32,F,BB,EP,D
11:03:53,MYOR,RG,2480,5,F,BB,AK,F
11:03:53,MYOR,RG,2480,5,F,BB,AK,F
11:03:53,MYOR,RG,2480,1,F,BB,AK,F
11:03:53,MYOR,RG,2480,7,F,BB,AK,F
11:03:53,MYOR,RG,2480,1,F,BB,AK,F
11:03:53,MYOR,RG,2480,5,F,BB,YP,D
11:03:53,MYOR,RG,2480,5,F,BB,YP,D
11:03:51,MYOR,RG,2480,5,D,CC,YP,D
11:03:51,MYOR,RG,2480,1,D,CC,CC,D
11:03:51,MYOR,RG,2480,6,D,CC,BQ,D
11:03:51,MYOR,RG,2480,5,D,CC,AK,F
11:03:51,MYOR,RG,2480,1,D,CC,EP,D
11:03:51,MYOR,RG,2480,1,D,CC,PD,D
11:03:51,MYOR,RG,2480,17,D,CC,CC,F
11:03:51,MYOR,RG,2480,6,D,CC,XL,D
11:03:51,MYOR,RG,2480,3,D,CC,NI,D
11:03:51,MYOR,RG,2480,1,D,CC,CP,D
11:03:51,MYOR,RG,2480,5,D,CC,XC,D
11:03:51,MYOR,RG,2480,100,D,CC,CC,F
11:03:51,MYOR,RG,2480,1,D,CC,AK,F
11:03:51,MYOR,RG,2480,5,D,CC,AK,F
11:03:51,MYOR,RG,2480,100,D,CC,YP,D
11:03:51,MYOR,RG,2480,9,D,CC,AT,D
11:03:51,MYOR,RG,2480,1,D,CC,XL,D
11:03:51,MYOR,RG,2480,12,D,CC,XC,D
11:03:51,MYOR,RG,2480,2,D,CC,PD,D
11:03:51,MYOR,RG,2480,20,D,CC,KK,D
11:03:51,MYOR,RG,2480,5,D,CC,KK,D
11:03:51,MYOR,RG,2480,1,D,CC,YP,D
11:03:51,MYOR,RG,2480,5,D,CC,CC,D
11:03:51,MYOR,RG,2480,1,D,CC,PD,D
11:03:51,MYOR,RG,2480,1,D,CC,CC,D
11:03:51,MYOR,RG,2480,100,D,CC,CC,F
11:03:51,MYOR,RG,2480,5,D,CC,AK,F
11:03:51,MYOR,RG,2480,156,D,CC,CC,D
11:03:51,MYOR,RG,2480,169,D,CC,CC,D
11:03:51,MYOR,RG,2480,129,D,CC,CC,D
11:03:51,MYOR,RG,2480,1,D,CC,PD,D
11:03:51,MYOR,RG,2480,50,D,CC,CC,F
11:03:51,MYOR,RG,2480,5,D,CC,PD,D
11:03:51,MYOR,RG,2480,50,D,CC,CC,F
11:03:51,MYOR,RG,2480,2,D,CC,DR,D
11:03:51,MYOR,RG,2480,2,D,CC,PD,D
11:03:51,MYOR,RG,2480,7,D,CC,AK,F
11:03:51,MYOR,RG,2480,1,D,CC,AK,F
11:03:51,MYOR,RG,2480,8,D,CC,AK,F
11:03:51,MYOR,RG,2480,1,D,CC,AK,F
11:02:36,MYOR,RG,2480,6,D,DX,AK,F
11:01:45,MYOR,RG,2470,1,D,CC,AK,F
11:00:09,MYOR,RG,2480,6,D,DX,AK,F
10:59:35,MYOR,RG,2470,10,D,CC,YP,D
10:59:15,MYOR,RG,2470,1,D,CC,AK,F
10:58:02,MYOR,RG,2470,333,D,CC,CC,F
10:58:02,MYOR,RG,2470,50,D,YP,CC,F
10:58:02,MYOR,RG,2470,70,F,BB,CC,F
10:58:02,MYOR,RG,2470,1,F,AK,CC,F
10:58:02,MYOR,RG,2470,2,D,XL,CC,F
10:58:02,MYOR,RG,2470,44,D,CC,CC,F
10:57:43,MYOR,RG,2470,150,D,CC,CC,F
10:57:38,MYOR,RG,2480,6,D,DX,AK,F
10:57:00,MYOR,RG,2470,1,D,CC,AK,F
10:56:15,MYOR,RG,2480,1,F,AK,AK,F
10:55:45,MYOR,RG,2470,62,D,CC,AK,F
10:55:09,MYOR,RG,2480,6,D,DX,AK,F
10:54:45,MYOR,RG,2470,1,D,CC,AK,F
10:53:45,MYOR,RG,2470,3,D,CC,XL,D
10:52:47,MYOR,RG,2480,6,D,DX,AK,F
10:52:45,MYOR,RG,2470,1,D,CC,AK,F
10:52:43,MYOR,RG,2470,10,D,CC,PD,D
10:52:15,MYOR,RG,2470,9,D,CC,AK,F
10:50:28,MYOR,RG,2480,5,D,DX,AK,F
10:49:37,MYOR,RG,2480,50,D,YP,AK,F
10:48:13,MYOR,RG,2480,1,D,DX,PD,D
10:46:19,MYOR,RG,2470,1,D,CC,KK,D
10:42:18,MYOR,RG,2470,56,D,CC,XL,D
10:41:34,MYOR,RG,2470,4,D,CC,AK,F
10:39:29,MYOR,RG,2470,1,D,CC,CP,D
10:39:19,MYOR,RG,2470,50,D,CC,CP,D
10:37:42,MYOR,RG,2470,2,D,CC,XC,D
10:37:33,MYOR,RG,2470,1,D,CC,KK,D
10:37:23,MYOR,RG,2470,104,D,CC,AK,F
10:37:23,MYOR,RG,2470,1,F,AK,AK,F
10:37:23,MYOR,RG,2470,1,D,XC,AK,F
10:37:23,MYOR,RG,2470,38,F,BB,AK,F
10:37:23,MYOR,RG,2470,1,F,AK,AK,F
10:37:23,MYOR,RG,2470,1,F,AK,AK,F
10:37:23,MYOR,RG,2470,8,D,XL,AK,F
10:37:23,MYOR,RG,2470,4,D,YP,AK,F
10:37:23,MYOR,RG,2470,4,D,AT,AK,F
10:37:23,MYOR,RG,2470,1,D,EP,AK,F
10:37:23,MYOR,RG,2470,1,D,YP,AK,F
10:37:23,MYOR,RG,2470,40,D,YB,AK,F
10:37:23,MYOR,RG,2470,60,D,YB,PD,D
10:37:23,MYOR,RG,2470,1,D,CC,PD,D
10:37:23,MYOR,RG,2470,5,D,YP,PD,D
10:37:23,MYOR,RG,2470,18,D,AK,PD,D
10:37:23,MYOR,RG,2470,19,D,AK,PD,D
10:37:23,MYOR,RG,2470,32,D,AK,PD,D
10:37:23,MYOR,RG,2470,17,D,AK,PD,D
10:37:23,MYOR,RG,2470,28,D,AK,PD,D
10:37:23,MYOR,RG,2470,8,D,AK,PD,D
10:37:23,MYOR,RG,2470,8,D,AK,PD,D
10:37:23,MYOR,RG,2470,20,D,CC,PD,D
10:37:23,MYOR,RG,2470,1,D,XC,PD,D
10:37:23,MYOR,RG,2470,83,D,CC,PD,D
10:34:30,MYOR,RG,2480,1,F,AK,AK,F
10:33:15,MYOR,RG,2470,1,D,CC,AK,F
10:32:24,MYOR,RG,2470,20,D,CC,XC,D
10:32:06,MYOR,RG,2470,3,D,CC,YP,D
10:32:04,MYOR,RG,2470,1,D,CC,CP,D
10:31:50,MYOR,RG,2470,1,D,CC,YP,D
10:29:00,MYOR,RG,2470,28,D,CC,AK,F
10:27:15,MYOR,RG,2480,1,F,AK,AK,F
10:25:30,MYOR,RG,2470,1,D,CC,AK,F
10:25:26,MYOR,RG,2470,2,D,CC,NI,D
10:25:18,MYOR,RG,2470,2,D,CC,PD,D
10:23:06,MYOR,RG,2470,20,D,CC,YP,D
10:21:00,MYOR,RG,2470,12,D,CC,AK,F
10:21:00,MYOR,RG,2470,1,D,CC,AK,F
10:18:30,MYOR,RG,2470,25,D,CC,LG,D
10:18:30,MYOR,RG,2470,41,D,CC,LG,D
10:18:30,MYOR,RG,2470,1,F,AK,LG,D
10:18:30,MYOR,RG,2470,2,D,PD,LG,D
10:18:30,MYOR,RG,2470,3,D,AR,LG,D
10:18:30,MYOR,RG,2470,28,F,BB,LG,D
10:16:45,MYOR,RG,2470,1,F,BB,DH,D
10:14:30,MYOR,RG,2470,1,F,BB,AK,F
10:14:21,MYOR,RG,2480,2,D,YP,YP,D
10:13:29,MYOR,RG,2480,3,D,DR,YP,D
10:12:36,MYOR,RG,2480,1,D,LG,YP,D
10:11:15,MYOR,RG,2470,1,F,BB,AK,F
10:11:00,MYOR,RG,2480,1,F,AK,YP,D
10:09:34,MYOR,RG,2480,10,D,YP,YP,D
10:09:15,MYOR,RG,2470,10,F,BB,LG,D
10:09:04,MYOR,RG,2470,5,F,BB,YP,D
10:09:01,MYOR,RG,2480,1,D,PD,YP,D
10:09:01,MYOR,RG,2480,1,D,PD,YP,D
10:09:01,MYOR,RG,2480,1,D,PD,LG,D
10:09:01,MYOR,RG,2480,7,D,PD,AK,F
10:08:24,MYOR,RG,2470,2,F,BB,NI,D
10:08:09,MYOR,RG,2470,2,F,BB,XL,D
10:08:09,MYOR,RG,2470,5,D,XL,XL,D
10:07:00,MYOR,RG,2470,1,D,XL,AK,F
10:04:05,MYOR,RG,2480,2,F,BB,AK,F
10:04:00,MYOR,RG,2470,10,D,XL,AK,F
10:03:59,MYOR,RG,2470,1,D,XL,PD,D
10:03:15,MYOR,RG,2480,1,F,AK,CC,F
10:02:45,MYOR,RG,2470,1,D,XL,AK,F
10:01:50,MYOR,RG,2480,2,F,BB,CC,F
10:00:20,MYOR,RG,2480,1,D,XC,CC,F
10:00:14,MYOR,RG,2480,1,F,BB,CC,F
10:00:14,MYOR,RG,2470,8,D,XL,XC,D
09:59:14,MYOR,RG,2470,10,D,XL,DR,D
09:58:45,MYOR,RG,2480,1,F,BB,CC,F
09:58:37,MYOR,RG,2470,6,D,XL,AK,F
09:58:37,MYOR,RG,2470,1,D,XL,XC,D
09:58:12,MYOR,RG,2470,2,D,XL,XC,D
09:57:45,MYOR,RG,2470,1,D,XL,AK,F
09:56:32,MYOR,RG,2480,6,F,BB,CC,F
09:56:26,MYOR,RG,2470,35,D,XL,LG,D
09:56:26,MYOR,RG,2470,5,D,CC,LG,D
09:55:52,MYOR,RG,2470,1,D,CC,DH,D
09:54:25,MYOR,RG,2480,1,F,BB,CC,F
09:54:20,MYOR,RG,2470,5,D,CC,AK,F
09:53:15,MYOR,RG,2470,1,D,CC,AK,F
09:51:11,MYOR,RG,2480,2,F,BB,CC,F
09:50:53,MYOR,RG,2470,3,D,CC,YP,D
09:49:34,MYOR,RG,2480,7,F,BB,CC,F
09:49:34,MYOR,RG,2470,10,D,CC,XC,D
09:49:00,MYOR,RG,2470,1,D,CC,AK,F
09:47:54,MYOR,RG,2480,20,F,BB,CC,F
09:47:46,MYOR,RG,2470,8,D,CC,PD,D
09:47:45,MYOR,RG,2470,10,D,CC,AK,F
09:47:45,MYOR,RG,2470,2,D,CC,AK,F
09:47:45,MYOR,RG,2470,154,D,CC,AK,F
09:47:45,MYOR,RG,2470,7,F,CC,AK,F
09:47:45,MYOR,RG,2470,1,F,AK,AK,F
09:47:45,MYOR,RG,2470,8,D,ZP,AK,F
09:47:45,MYOR,RG,2480,1,F,AK,CC,F
09:45:35,MYOR,RG,2480,1,F,BB,CC,F
09:45:27,MYOR,RG,2470,2,D,ZP,EP,D
09:45:15,MYOR,RG,2470,1,D,YP,AK,F
09:42:30,MYOR,RG,2470,1,D,YP,AK,F
09:41:45,MYOR,RG,2480,1,F,AK,CC,F
09:40:26,MYOR,RG,2480,5,F,BB,CC,F
09:40:24,MYOR,RG,2470,8,D,YP,DR,D
09:40:24,MYOR,RG,2470,7,D,CC,DR,D
09:40:18,MYOR,RG,2470,12,D,CC,XC,D
09:40:14,MYOR,RG,2470,7,D,CC,NI,D
09:39:45,MYOR,RG,2470,1,D,CC,AK,F
09:39:26,MYOR,RG,2480,1,D,XC,AZ,D
09:39:26,MYOR,RG,2480,1,D,XC,YP,D
09:37:55,MYOR,RG,2480,2,F,BB,YP,D
09:37:49,MYOR,RG,2470,10,D,CC,DR,D
09:37:45,MYOR,RG,2470,1,D,CC,AK,F
09:36:13,MYOR,RG,2480,2,D,IF,YP,D
09:36:07,MYOR,RG,2480,1,F,BB,YP,D
09:35:59,MYOR,RG,2470,12,D,CC,YP,D
09:35:59,MYOR,RG,2470,10,D,PD,YP,D
09:35:59,MYOR,RG,2470,50,D,CC,YP,D
09:35:59,MYOR,RG,2470,1,F,AK,YP,D
09:35:59,MYOR,RG,2470,12,F,BB,YP,D
09:35:59,MYOR,RG,2470,15,D,CC,YP,D
09:35:30,MYOR,RG,2470,1,D,CC,AK,F
09:35:10,MYOR,RG,2470,1,D,CC,XC,D
09:33:11,MYOR,RG,2470,1,D,CC,XL,D
09:32:17,MYOR,RG,2480,2,F,BB,YP,D
09:31:34,MYOR,RG,2470,5,D,CC,XC,D
09:31:32,MYOR,RG,2480,2,D,YP,YP,D
09:31:32,MYOR,RG,2480,8,D,YP,CC,F
09:31:28,MYOR,RG,2480,2,F,BB,CC,F
09:29:58,MYOR,RG,2470,8,D,CC,YP,D
09:29:55,MYOR,RG,2480,5,F,BB,CC,F
09:29:51,MYOR,RG,2480,20,D,KK,CC,F
09:29:48,MYOR,RG,2480,15,D,AZ,CC,F
09:28:09,MYOR,RG,2480,2,D,YB,PD,D
09:27:28,MYOR,RG,2480,1,D,AT,PD,D
09:26:05,MYOR,RG,2480,1,F,BB,AK,F
09:26:05,MYOR,RG,2480,6,F,BB,AK,F
09:25:33,MYOR,RG,2470,1,D,CC,PD,D
09:24:34,MYOR,RG,2480,4,D,EP,AK,F
09:24:34,MYOR,RG,2480,1,D,EP,YP,D
09:24:34,MYOR,RG,2480,30,D,EP,XA,D
09:24:34,MYOR,RG,2480,1,D,EP,AK,F
09:24:34,MYOR,RG,2480,2,D,EP,XL,D
09:24:34,MYOR,RG,2480,8,D,EP,NI,D
09:24:33,MYOR,RG,2480,2,F,BB,NI,D
09:24:33,MYOR,RG,2480,4,F,BB,YP,D
09:23:30,MYOR,RG,2480,1,F,BB,YP,D
09:23:30,MYOR,RG,2480,10,D,IF,YP,D
09:23:30,MYOR,RG,2480,2,D,IF,PD,D
09:23:30,MYOR,RG,2480,2,D,IF,YP,D
09:23:30,MYOR,RG,2480,31,D,IF,PD,D
09:23:30,MYOR,RG,2480,1,D,IF,CC,F
09:22:31,MYOR,RG,2470,5,D,CC,AZ,D
09:22:21,MYOR,RG,2480,1,F,BB,CC,F
09:21:01,MYOR,RG,2480,4,D,KK,CC,F
09:20:50,MYOR,RG,2480,2,F,BB,CC,F
09:20:50,MYOR,RG,2470,1,D,CC,AZ,D
09:20:32,MYOR,RG,2480,16,D,CC,CC,F
09:19:18,MYOR,RG,2480,1,F,BB,CC,F
09:19:10,MYOR,RG,2480,4,D,AT,CC,F
09:17:47,MYOR,RG,2480,1,F,BB,CC,F
09:17:45,MYOR,RG,2470,20,D,CC,XL,D
09:17:39,MYOR,RG,2480,1,D,XC,CC,F
09:16:49,MYOR,RG,2470,20,D,CC,YP,D
09:16:27,MYOR,RG,2470,2,D,CC,XC,D
09:15:52,MYOR,RG,2470,1,D,CC,XL,D
09:15:40,MYOR,RG,2470,8,D,CC,AK,F
09:15:40,MYOR,RG,2470,11,D,CC,YP,D
09:15:40,MYOR,RG,2470,22,F,BB,YP,D
09:15:40,MYOR,RG,2470,5,D,DX,YP,D
09:15:40,MYOR,RG,2470,97,D,CC,YP,D
09:15:14,MYOR,RG,2470,1,D,CC,PD,D
09:14:21,MYOR,RG,2480,10,F,BB,CC,F
09:14:18,MYOR,RG,2470,102,D,CC,YP,D
09:14:18,MYOR,RG,2470,1,F,AK,YP,D
09:14:18,MYOR,RG,2470,10,D,OD,YP,D
09:14:18,MYOR,RG,2470,10,D,PD,YP,D
09:14:18,MYOR,RG,2470,43,D,KK,YP,D
09:14:06,MYOR,RG,2470,5,D,KK,AT,D
09:14:06,MYOR,RG,2470,5,F,BB,AT,D
09:13:57,MYOR,RG,2470,7,F,BB,YP,D
09:11:12,MYOR,RG,2470,3,F,BB,PD,D
09:10:52,MYOR,RG,2480,9,F,BB,CC,F
09:10:52,MYOR,RG,2480,6,F,BB,CC,F
09:10:52,MYOR,RG,2470,15,F,BB,AZ,D
09:10:52,MYOR,RG,2470,185,D,CC,AZ,D
09:10:43,MYOR,RG,2470,15,D,CC,XL,D
09:10:18,MYOR,RG,2480,5,D,OD,CC,F
09:10:13,MYOR,RG,2480,10,D,AT,CC,F
09:10:10,MYOR,RG,2480,1,F,BB,CC,F
09:10:01,MYOR,RG,2480,1,D,YP,CC,F
09:09:57,MYOR,RG,2480,1,D,XL,CC,F
09:09:56,MYOR,RG,2480,1,D,YP,CC,F
09:07:23,MYOR,RG,2480,10,F,BB,CC,F
09:07:21,MYOR,RG,2470,1,F,AK,AK,F
09:07:21,MYOR,RG,2470,10,D,XC,AK,F
09:07:21,MYOR,RG,2470,19,F,BB,AK,F
09:07:21,MYOR,RG,2470,1,F,AK,AK,F
09:07:21,MYOR,RG,2470,78,D,CC,AK,F
09:07:21,MYOR,RG,2470,100,D,CC,LG,D
09:06:57,MYOR,RG,2470,15,D,CC,PD,D
09:06:25,MYOR,RG,2480,13,F,BB,CC,F
09:05:58,MYOR,RG,2480,1,D,PD,CC,F
09:05:15,MYOR,RG,2480,1,F,BB,CC,F
09:05:15,MYOR,RG,2480,1,F,BB,KK,D
09:05:15,MYOR,RG,2470,11,D,CC,AK,F
09:05:15,MYOR,RG,2470,50,D,CC,CC,F
09:05:15,MYOR,RG,2460,1,D,CC,AK,F
09:05:15,MYOR,RG,2460,26,D,CC,LG,D
09:04:34,MYOR,RG,2450,10,D,AZ,AK,F
09:04:29,MYOR,RG,2450,1,F,BB,AK,F
09:04:29,MYOR,RG,2450,1,D,KK,AK,F
09:04:29,MYOR,RG,2450,4,D,KK,AK,F
09:04:24,MYOR,RG,2450,5,D,DX,AK,F
09:04:11,MYOR,RG,2450,7,F,BB,AK,F
09:04:11,MYOR,RG,2450,1,F,BB,AK,F
09:04:04,MYOR,RG,2450,3,D,NI,AK,F
09:04:04,MYOR,RG,2450,16,D,NI,AK,F
09:04:04,MYOR,RG,2450,21,D,NI,OD,D
09:03:55,MYOR,RG,2450,4,D,AK,OD,D
09:03:55,MYOR,RG,2450,4,F,BB,PD,D
09:03:55,MYOR,RG,2450,1,F,BB,AK,F
09:03:55,MYOR,RG,2450,3,F,BB,AK,F
09:03:55,MYOR,RG,2450,4,D,AK,AK,F
09:03:55,MYOR,RG,2450,11,D,AK,AK,F
09:03:55,MYOR,RG,2450,4,D,AK,AK,F
09:03:55,MYOR,RG,2450,7,D,AK,CC,F
09:03:55,MYOR,RG,2450,19,D,AK,CC,F
09:03:55,MYOR,RG,2450,2,F,BB,CC,F
09:03:55,MYOR,RG,2450,16,D,AK,CC,F
09:03:55,MYOR,RG,2450,6,D,AK,CC,F
09:03:55,MYOR,RG,2450,4,D,AK,DH,D
09:03:15,MYOR,RG,2450,1,D,EP,DH,D
09:03:13,MYOR,RG,2450,5,D,XC,DH,D
09:03:06,MYOR,RG,2440,5,D,AZ,AZ,D
09:02:58,MYOR,RG,2450,5,F,BB,XL,D
09:02:54,MYOR,RG,2440,1,D,AZ,XC,D
09:02:51,MYOR,RG,2440,35,D,AZ,XC,D
09:02:09,MYOR,RG,2450,4,D,NI,XL,D
09:02:09,MYOR,RG,2450,4,D,NI,XL,D
09:02:09,MYOR,RG,2450,1,F,BB,XL,D
09:02:08,MYOR,RG,2460,1,F,BB,LG,D
09:02:05,MYOR,RG,2450,4,F,BB,YP,D
09:02:05,MYOR,RG,2450,2,F,BB,CC,F
09:02:05,MYOR,RG,2450,1,D,XL,CC,F
09:02:05,MYOR,RG,2450,3,D,XL,CC,F
09:02:05,MYOR,RG,2450,10,D,CC,CC,F
09:02:05,MYOR,RG,2450,20,D,CC,CC,F
09:02:05,MYOR,RG,2450,5,D,CC,CC,F
09:02:05,MYOR,RG,2450,2,D,PD,CC,F
09:02:05,MYOR,RG,2450,5,D,CC,CC,F
09:02:05,MYOR,RG,2450,2,D,XC,CC,F
09:02:05,MYOR,RG,2460,1,D,IF,LG,D
09:01:58,MYOR,RG,2460,3,F,BB,LG,D
09:01:32,MYOR,RG,2460,2,D,AZ,LG,D
09:01:23,MYOR,RG,2460,6,D,NI,LG,D
09:01:23,MYOR,RG,2460,2,D,NI,LG,D
09:01:23,MYOR,RG,2460,1,D,PD,LG,D
09:01:23,MYOR,RG,2460,1,D,YP,LG,D
09:01:23,MYOR,RG,2460,5,D,CC,LG,D
09:01:23,MYOR,RG,2460,9,D,AT,LG,D
09:01:23,MYOR,RG,2460,1,D,OD,LG,D
09:01:23,MYOR,RG,2470,10,D,YP,LG,D
09:01:23,MYOR,RG,2470,1,D,XL,LG,D
09:01:23,MYOR,RG,2470,13,D,PD,LG,D
09:01:23,MYOR,RG,2470,2,D,PD,LG,D
09:01:23,MYOR,RG,2470,1,D,PD,LG,D
09:01:23,MYOR,RG,2470,5,D,CC,LG,D
09:01:23,MYOR,RG,2480,4,D,XL,LG,D
09:01:23,MYOR,RG,2480,6,F,BB,LG,D
09:01:18,MYOR,RG,2490,5,F,BB,YP,D
09:01:18,MYOR,RG,2490,2,D,IF,YP,D
09:00:55,MYOR,RG,2480,20,D,YP,SQ,D
09:00:47,MYOR,RG,2480,15,D,YP,LG,D
09:00:37,MYOR,RG,2490,4,F,BB,YP,D
09:00:26,MYOR,RG,2480,1,D,YP,AK,F
09:00:26,MYOR,RG,2480,6,D,YP,AK,F
09:00:26,MYOR,RG,2480,20,D,YP,AZ,D
09:00:22,MYOR,RG,2490,5,F,BB,YP,D
09:00:13,MYOR,RG,2490,2,F,BB,YP,D
09:00:13,MYOR,RG,2490,1,D,XL,YP,D
09:00:12,MYOR,RG,2490,10,D,YP,YP,D
09:00:11,MYOR,RG,2490,2,F,BB,YP,D
09:00:11,MYOR,RG,2480,1,D,YP,XL,D
09:00:11,MYOR,RG,2490,4,D,XL,YP,D
09:00:11,MYOR,RG,2490,20,D,YP,YP,D
09:00:10,MYOR,RG,2490,11,F,BB,YP,D
09:00:09,MYOR,RG,2490,1,F,BB,YP,D
09:00:09,MYOR,RG,2490,8,D,NI,YP,D
09:00:07,MYOR,RG,2490,2,D,NI,LG,D
09:00:07,MYOR,RG,2500,1,F,BB,KK,D
09:00:07,MYOR,RG,2490,7,D,PD,AK,F
09:00:07,MYOR,RG,2490,1,D,CC,AK,F
09:00:07,MYOR,RG,2490,10,D,PD,AK,F
09:00:07,MYOR,RG,2490,3,D,YP,AK,F
09:00:07,MYOR,RG,2490,1,D,KK,AK,F
09:00:07,MYOR,RG,2490,5,D,OD,AK,F
09:00:07,MYOR,RG,2490,3,D,NI,AK,F
09:00:07,MYOR,RG,2490,10,D,XC,AK,F
09:00:07,MYOR,RG,2490,2,D,YP,AK,F
09:00:06,MYOR,RG,2490,3,D,YP,CC,D
09:00:06,MYOR,RG,2490,2,D,XC,CC,D
09:00:06,MYOR,RG,2490,4,D,EP,CC,D
09:00:05,MYOR,RG,2500,2,F,BB,KK,D
09:00:05,MYOR,RG,2490,42,D,EP,XL,D
09:00:04,MYOR,RG,2500,1,F,BB,KK,D
09:00:04,MYOR,RG,2490,1,D,EP,XC,D
09:00:04,MYOR,RG,2490,3,D,EP,AK,F
09:00:04,MYOR,RG,2490,3,D,AT,AK,F
09:00:03,MYOR,RG,2490,2,D,AT,AK,F
09:00:03,MYOR,RG,2500,3,F,AK,KK,D
09:00:02,MYOR,RG,2470,1,D,AT,XA,D
09:00:01,MYOR,RG,2470,5,D,HP,XA,D
09:00:01,MYOR,RG,2470,14,D,NI,XA,D
09:00:00,MYOR,RG,2470,5,D,KK,XA,D
09:00:00,MYOR,RG,2470,1,D,KK,XA,D
09:00:00,MYOR,RG,2480,5,D,AR,XA,D
09:00:00,MYOR,RG,2490,2,D,AR,XA,D
09:00:00,MYOR,RG,2500,8,D,AR,XA,D
