Time,Stock,Brd,Price,Qty,BT,BC,SC,ST
15:14:51,MYOR,RG,1725,29,D,XC,DX,F
15:14:29,MYOR,RG,1725,2,D,XL,DX,F
15:14:20,MYOR,RG,1725,9,D,XC,DX,F
15:14:12,MYOR,RG,1725,50,D,XC,DX,F
15:13:38,MYOR,RG,1725,5,D,CC,DX,F
15:13:26,MYOR,RG,1725,17,D,YP,DX,F
15:13:11,MYOR,RG,1725,1,D,EP,DX,F
15:12:47,MYOR,RG,1725,2,D,PD,DX,F
15:11:30,MYOR,RG,1725,4,D,EP,DX,F
15:11:30,MYOR,RG,1725,8,D,YP,DX,F
15:11:27,MYOR,RG,1725,4,D,YP,XC,D
15:11:26,MYOR,RG,1725,2,D,XC,XC,D
15:11:18,MYOR,RG,1725,1,D,YB,XC,D
15:11:16,MYOR,RG,1725,1,D,PD,XC,D
15:11:13,MYOR,RG,1725,2,D,PD,XC,D
15:11:13,MYOR,RG,1725,10,D,PD,YP,D
15:11:13,MYOR,RG,1725,1,D,PD,YP,D
15:11:13,MYOR,RG,1725,8,D,PD,PD,D
15:11:13,MYOR,RG,1725,10,D,PD,PD,D
15:11:13,MYOR,RG,1725,10,D,PD,PD,D
15:11:13,MYOR,RG,1725,10,D,PD,PD,D
15:11:13,MYOR,RG,1725,1,D,PD,XC,D
15:11:13,MYOR,RG,1725,848,D,PD,DX,F
15:11:13,MYOR,RG,1725,459,D,PD,DX,F
15:11:13,MYOR,RG,1725,1400,D,PD,DX,F
15:11:13,MYOR,RG,1725,1800,D,PD,DX,F
15:11:01,MYOR,RG,1725,25,D,YP,DX,F
15:10:52,MYOR,RG,1725,23,D,NI,DX,F
15:10:45,MYOR,RG,1725,3,D,PD,DX,F
15:10:21,MYOR,RG,1725,1,D,PD,DX,F
15:10:17,MYOR,RG,1725,10,D,HP,DX,F
15:10:15,MYOR,RG,1725,1,D,PD,DX,F
15:10:01,MYOR,RG,1725,170,D,YP,DX,F
15:09:57,MYOR,RG,1725,4,D,PD,DX,F
15:09:54,MYOR,RG,1725,20,D,HP,DX,F
15:09:49,MYOR,RG,1725,9,D,YP,DX,F
15:09:32,MYOR,RG,1725,20,D,AZ,DX,F
15:08:53,MYOR,RG,1725,15,D,YB,DX,F
15:08:48,MYOR,RG,1725,1,D,YP,DX,F
15:08:36,MYOR,RG,1725,10,D,YP,DX,F
15:08:36,MYOR,RG,1725,5,D,YB,DX,F
15:08:25,MYOR,RG,1725,22,D,XC,DX,F
15:08:09,MYOR,RG,1725,50,D,YB,DX,F
15:08:09,MYOR,RG,1725,20,D,CC,DX,F
15:08:09,MYOR,RG,1725,1310,D,RX,DX,F
15:07:59,MYOR,RG,1725,10,D,RX,PD,D
15:07:46,MYOR,RG,1725,25,D,RX,CP,D
15:07:46,MYOR,RG,1725,2,D,RX,PD,D
15:07:46,MYOR,RG,1725,2,D,RX,PD,D
15:07:46,MYOR,RG,1725,10,D,RX,ZP,D
15:07:46,MYOR,RG,1725,150,D,RX,CC,D
15:07:46,MYOR,RG,1725,100,D,RX,NI,D
15:07:46,MYOR,RG,1725,50,D,RX,BQ,D
15:07:46,MYOR,RG,1725,50,D,RX,TF,D
15:07:46,MYOR,RG,1725,85,D,RX,YP,D
15:07:46,MYOR,RG,1725,5,D,RX,AG,D
15:07:46,MYOR,RG,1725,17,D,RX,NI,D
15:07:46,MYOR,RG,1725,1,D,RX,XC,D
15:07:46,MYOR,RG,1725,1,D,RX,XC,D
15:07:46,MYOR,RG,1725,1,D,RX,XC,D
15:07:46,MYOR,RG,1725,1,D,RX,YP,D
15:07:46,MYOR,RG,1725,8,D,RX,PD,D
15:07:46,MYOR,RG,1725,4582,D,RX,DX,F
15:07:35,MYOR,RG,1725,60,D,ZP,DX,F
15:07:35,MYOR,RG,1725,5,D,YP,DX,F
15:07:34,MYOR,RG,1725,5,D,XC,DX,F
15:07:30,MYOR,RG,1725,98,D,PD,DX,F
15:06:56,MYOR,RG,1725,100,D,ZP,DX,F
15:06:47,MYOR,RG,1725,150,D,PD,DX,F
15:06:47,MYOR,RG,1725,10,D,PD,PD,D
15:06:47,MYOR,RG,1725,1,D,PD,YP,D
15:06:47,MYOR,RG,1725,2,D,PD,XC,D
15:06:47,MYOR,RG,1725,5,D,PD,NI,D
15:06:47,MYOR,RG,1725,30,D,PD,CC,D
15:06:47,MYOR,RG,1725,4,D,PD,XL,D
15:06:47,MYOR,RG,1725,1,D,PD,XL,D
15:06:47,MYOR,RG,1725,599,D,PD,CC,D
15:06:47,MYOR,RG,1725,323,D,PD,DX,F
15:06:44,MYOR,RG,1725,369,D,PD,DX,F
15:06:29,MYOR,RG,1725,982,D,PD,DX,F
15:06:19,MYOR,RG,1725,1446,D,PD,DX,F
15:06:07,MYOR,RG,1725,3,D,XC,DX,F
15:06:06,MYOR,RG,1725,25,D,OD,DX,F
15:05:29,MYOR,RG,1725,2,D,DX,DX,F
15:05:02,MYOR,RG,1725,2,D,XC,DX,F
15:04:58,MYOR,RG,1725,10,D,AZ,DX,F
15:04:36,MYOR,RG,1725,115,D,PD,DX,F
15:04:32,MYOR,RG,1725,100,D,EP,DX,F
15:04:05,MYOR,RG,1725,3,D,XC,DX,F
15:03:58,MYOR,RG,1725,250,D,GR,DX,F
15:03:54,MYOR,RG,1725,1,D,PD,DX,F
15:03:54,MYOR,RG,1725,20,D,YP,DX,F
15:03:46,MYOR,RG,1725,10,D,PD,DX,F
15:03:31,MYOR,RG,1725,2,D,AT,DX,F
15:03:30,MYOR,RG,1725,2,D,PD,DX,F
15:03:28,MYOR,RG,1725,50,D,LG,DX,F
15:03:15,MYOR,RG,1725,57,D,PD,DX,F
15:03:13,MYOR,RG,1725,40,D,XC,DX,F
15:02:56,MYOR,RG,1725,25,D,YP,DX,F
15:02:51,MYOR,RG,1725,6,D,AT,DX,F
15:02:21,MYOR,RG,1725,15,D,CC,DX,F
15:02:20,MYOR,RG,1725,250,D,DH,DX,F
15:02:17,MYOR,RG,1725,28,D,AZ,DX,F
15:02:06,MYOR,RG,1725,8,D,XC,DX,F
15:01:55,MYOR,RG,1725,1,D,PD,DX,F
15:01:53,MYOR,RG,1725,20,D,CC,DX,F
15:01:50,MYOR,RG,1725,20,D,NI,DX,F
15:01:50,MYOR,RG,1725,2,D,BQ,DX,F
15:01:40,MYOR,RG,1725,5,D,EP,DX,F
15:01:22,MYOR,RG,1725,15,D,CC,DX,F
15:01:12,MYOR,RG,1725,19,D,CC,DX,F
15:01:03,MYOR,RG,1725,1,D,XC,DX,F
15:01:02,MYOR,RG,1725,15,D,XC,DX,F
15:01:01,MYOR,RG,1725,200,D,YP,DX,F
15:01:00,MYOR,RG,1725,19,D,XC,DX,F
15:01:00,MYOR,RG,1725,1,D,XC,DX,F
15:01:00,MYOR,RG,1725,10,D,XC,DX,F
15:01:00,MYOR,RG,1725,2,D,DH,DX,F
15:01:00,MYOR,RG,1725,3,D,PD,DX,F
15:01:00,MYOR,RG,1725,1,D,XC,DX,F
15:01:00,MYOR,RG,1725,25,D,EP,DX,F
15:01:00,MYOR,RG,1725,1,D,XC,DX,F
15:01:00,MYOR,RG,1725,289,D,DR,DX,F
15:00:00,MYOR,RG,1725,5,D,HD,DX,F
15:00:00,MYOR,RG,1725,5,D,SQ,DX,F
15:00:00,MYOR,RG,1725,50,D,YP,DX,F
15:00:00,MYOR,RG,1725,60,D,PD,DX,F
15:00:00,MYOR,RG,1725,33,D,YB,DX,F
15:00:00,MYOR,RG,1725,14,D,XL,DX,F
15:00:00,MYOR,RG,1725,40,D,PD,DX,F
15:00:00,MYOR,RG,1725,10,D,PD,PD,D
15:00:00,MYOR,RG,1725,100,D,PD,XC,D
15:00:00,MYOR,RG,1725,2,D,PD,XC,D
15:00:00,MYOR,RG,1725,48,D,PD,DX,F
15:00:00,MYOR,RG,1725,30,D,YP,DX,F
15:00:00,MYOR,RG,1725,10,D,PD,DX,F
15:00:00,MYOR,RG,1725,2,D,YP,DX,F
15:00:00,MYOR,RG,1725,100,D,YP,DX,F
15:00:00,MYOR,RG,1725,11,D,DR,DX,F
15:00:00,MYOR,RG,1725,6,D,YP,DX,F
15:00:00,MYOR,RG,1725,60,D,PD,DX,F
15:00:00,MYOR,RG,1725,90,D,NI,DX,F
15:00:00,MYOR,RG,1725,5,D,YP,DX,F
15:00:00,MYOR,RG,1725,1,D,XL,DX,F
15:00:00,MYOR,RG,1725,100,D,YP,DX,F
15:00:00,MYOR,RG,1725,20,D,EP,DX,F
15:00:00,MYOR,RG,1725,3,D,PD,DX,F
15:00:00,MYOR,RG,1725,2,D,NI,DX,F
15:00:00,MYOR,RG,1725,75,D,CC,DX,F
15:00:00,MYOR,RG,1725,587,D,YP,DX,F
15:00:00,MYOR,RG,1725,17,D,XC,DX,F
15:00:00,MYOR,RG,1725,60,D,PD,DX,F
15:00:00,MYOR,RG,1725,8,D,YP,DX,F
15:00:00,MYOR,RG,1725,30,D,DH,DX,F
15:00:00,MYOR,RG,1725,6,D,PD,DX,F
15:00:00,MYOR,RG,1725,5,D,XC,DX,F
15:00:00,MYOR,RG,1725,12,D,NI,DX,F
15:00:00,MYOR,RG,1725,58,D,YB,DX,F
15:00:00,MYOR,RG,1725,2,D,YP,DX,F
15:00:00,MYOR,RG,1725,6,D,NI,DX,F
15:00:00,MYOR,RG,1725,50,D,CC,DX,F
15:00:00,MYOR,RG,1725,50,D,SQ,DX,F
15:00:00,MYOR,RG,1725,30,D,XC,DX,F
15:00:00,MYOR,RG,1725,6,D,YP,DX,F
15:00:00,MYOR,RG,1725,100,D,HP,DX,F
15:00:00,MYOR,RG,1725,16,D,DR,DX,F
15:00:00,MYOR,RG,1725,10,D,KK,DX,F
15:00:00,MYOR,RG,1725,1,D,XC,DX,F
15:00:00,MYOR,RG,1725,17,D,YP,DX,F
15:00:00,MYOR,RG,1725,391,D,PD,DX,F
15:00:00,MYOR,RG,1725,251,D,PD,DX,F
15:00:00,MYOR,RG,1725,768,D,PD,DX,F
15:00:00,MYOR,RG,1725,987,D,PD,DX,F
15:00:00,MYOR,RG,1725,20,D,HP,DX,F
15:00:00,MYOR,RG,1725,5,D,BQ,DX,F
15:00:00,MYOR,RG,1725,5,D,YP,DX,F
15:00:00,MYOR,RG,1725,4,D,XC,DX,F
15:00:00,MYOR,RG,1725,5,D,KK,DX,F
15:00:00,MYOR,RG,1725,12,D,AT,DX,F
15:00:00,MYOR,RG,1725,3,D,XL,DX,F
15:00:00,MYOR,RG,1725,50,D,YP,DX,F
15:00:00,MYOR,RG,1725,25,D,HP,DX,F
15:00:00,MYOR,RG,1725,100,D,YP,DX,F
15:00:00,MYOR,RG,1725,145,D,YP,DX,F
15:00:00,MYOR,RG,1725,1,D,YP,DX,F
15:00:00,MYOR,RG,1725,100,D,DR,DX,F
15:00:00,MYOR,RG,1725,15,D,NI,DX,F
15:00:00,MYOR,RG,1725,1,D,XC,DX,F
15:00:00,MYOR,RG,1725,1,D,XC,DX,F
15:00:00,MYOR,RG,1725,160,D,BQ,DX,F
15:00:00,MYOR,RG,1725,3,D,XC,DX,F
15:00:00,MYOR,RG,1725,2,D,PD,DX,F
15:00:00,MYOR,RG,1725,15,D,GR,DX,F
15:00:00,MYOR,RG,1725,3,D,XL,DX,F
15:00:00,MYOR,RG,1725,47,D,KK,DX,F
15:00:00,MYOR,RG,1725,14,D,MK,DX,F
15:00:00,MYOR,RG,1725,28,D,PD,DX,F
15:00:00,MYOR,RG,1725,50,D,CP,DX,F
15:00:00,MYOR,RG,1725,50,D,SQ,DX,F
15:00:00,MYOR,RG,1725,50,D,NI,DX,F
15:00:00,MYOR,RG,1725,2,D,YB,DX,F
15:00:00,MYOR,RG,1725,5,D,XC,DX,F
15:00:00,MYOR,RG,1725,3,D,KK,DX,F
15:00:00,MYOR,RG,1725,45,D,YP,DX,F
15:00:00,MYOR,RG,1725,2,D,YP,XL,D
15:00:00,MYOR,RG,1725,183,D,YP,XL,D
15:00:00,MYOR,RG,1725,2,D,PD,XL,D
15:00:00,MYOR,RG,1725,15,D,YP,XL,D
15:00:00,MYOR,RG,1725,1,D,YP,PD,D
15:00:00,MYOR,RG,1725,50,D,YP,YP,D
15:00:00,MYOR,RG,1725,2,D,YP,KK,D
15:00:00,MYOR,RG,1725,132,D,YP,DX,F
15:00:00,MYOR,RG,1725,2,D,YP,DX,F
15:00:00,MYOR,RG,1725,80,D,KK,DX,F
15:00:00,MYOR,RG,1725,80,D,YP,DX,F
15:00:00,MYOR,RG,1725,13,D,CC,DX,F
15:00:00,MYOR,RG,1725,3,D,CC,DX,F
15:00:00,MYOR,RG,1725,142,D,DR,DX,F
15:00:00,MYOR,RG,1725,5,D,GR,DX,F
15:00:00,MYOR,RG,1725,24,D,YP,DX,F
15:00:00,MYOR,RG,1725,100,D,XL,DX,F
15:00:00,MYOR,RG,1725,100,D,YP,DX,F
15:00:00,MYOR,RG,1725,3,D,PD,DX,F
15:00:00,MYOR,RG,1725,50,D,AT,DX,F
15:00:00,MYOR,RG,1725,48,D,KK,DX,F
15:00:00,MYOR,RG,1725,40,D,KK,PD,D
15:00:00,MYOR,RG,1725,10,D,YP,PD,D
15:00:00,MYOR,RG,1725,15,D,YP,NI,D
15:00:00,MYOR,RG,1725,63,D,YP,AZ,D
15:00:00,MYOR,RG,1725,5,D,PD,AZ,D
15:00:00,MYOR,RG,1725,134,F,YU,AZ,D
15:00:00,MYOR,RG,1725,80,F,YU,HP,D
15:00:00,MYOR,RG,1725,315,F,YU,OD,D
15:00:00,MYOR,RG,1725,1000,F,YU,AG,D
15:00:00,MYOR,RG,1725,500,F,YU,AG,D
15:00:00,MYOR,RG,1725,2,F,YU,NI,D
14:49:59,MYOR,RG,1725,10,D,SQ,DX,F
14:49:57,MYOR,RG,1725,1,D,CC,DX,F
14:49:56,MYOR,RG,1725,1,D,HP,DX,F
14:49:51,MYOR,RG,1725,5,D,CC,DX,F
14:49:48,MYOR,RG,1725,203,D,YB,DX,F
14:49:41,MYOR,RG,1720,2,D,RX,DH,D
14:49:36,MYOR,RG,1725,1,D,AT,DX,F
14:49:25,MYOR,RG,1720,8,D,RX,NI,D
14:49:24,MYOR,RG,1725,6,D,DR,DX,F
14:49:18,MYOR,RG,1725,1,D,YB,DX,F
14:49:14,MYOR,RG,1725,14,D,YB,DX,F
14:49:09,MYOR,RG,1725,80,D,BB,DX,F
14:49:06,MYOR,RG,1725,30,D,BB,DX,F
14:49:02,MYOR,RG,1725,14,D,BB,DX,F
14:48:53,MYOR,RG,1725,1,D,XC,DX,F
14:48:49,MYOR,RG,1725,13,D,BB,DX,F
14:48:49,MYOR,RG,1725,1,F,ZP,DX,F
14:48:48,MYOR,RG,1725,78,D,YP,DX,F
14:48:43,MYOR,RG,1725,11,D,BB,DX,F
14:48:42,MYOR,RG,1725,5,D,CC,DX,F
14:48:30,MYOR,RG,1725,1,F,ZP,DX,F
14:48:29,MYOR,RG,1725,1,F,ZP,DX,F
14:48:29,MYOR,RG,1725,58,D,AI,DX,F
14:48:27,MYOR,RG,1725,13,D,BB,DX,F
14:48:25,MYOR,RG,1725,1,D,PD,DX,F
14:48:15,MYOR,RG,1725,200,D,NI,DX,F
14:48:13,MYOR,RG,1725,51,D,BB,DX,F
14:48:11,MYOR,RG,1725,2,D,PD,DX,F
14:48:08,MYOR,RG,1720,29,D,RX,XL,D
14:48:06,MYOR,RG,1725,2,D,CC,DX,F
14:47:44,MYOR,RG,1725,3,D,YP,DX,F
14:47:42,MYOR,RG,1725,1,D,XC,DX,F
14:47:39,MYOR,RG,1725,1,F,ZP,DX,F
14:47:35,MYOR,RG,1725,1,D,YB,DX,F
14:47:33,MYOR,RG,1725,5,D,CC,DX,F
14:47:30,MYOR,RG,1720,1,D,RX,CS,D
14:47:26,MYOR,RG,1725,2,D,CC,DX,F
14:47:25,MYOR,RG,1725,51,D,BB,DX,F
14:47:17,MYOR,RG,1725,144,D,YP,DX,F
14:47:17,MYOR,RG,1725,1,F,ZP,DX,F
14:47:17,MYOR,RG,1720,1,D,RX,CS,D
14:47:14,MYOR,RG,1725,5,D,PD,DX,F
14:47:08,MYOR,RG,1720,1,D,RX,CS,D
14:47:00,MYOR,RG,1720,42,D,RX,EP,D
14:47:00,MYOR,RG,1725,57,D,YP,DX,F
14:46:59,MYOR,RG,1725,5,D,YP,DX,F
14:46:59,MYOR,RG,1725,2,D,YP,DX,F
14:46:50,MYOR,RG,1725,4,F,ZP,DX,F
14:46:50,MYOR,RG,1720,2,D,RX,AT,D
14:46:46,MYOR,RG,1720,1,D,RX,CS,D
14:46:37,MYOR,RG,1725,50,D,BB,DX,F
14:46:36,MYOR,RG,1720,1,D,RX,CS,D
14:46:31,MYOR,RG,1725,40,D,KK,DX,F
14:46:27,MYOR,RG,1720,10,D,RX,YP,D
14:46:24,MYOR,RG,1720,30,D,RX,YP,D
14:46:19,MYOR,RG,1720,2,D,RX,PD,D
14:46:16,MYOR,RG,1725,1000,F,AK,DX,F
14:46:15,MYOR,RG,1725,864,D,DX,DX,F
14:46:15,MYOR,RG,1725,366,D,DX,DX,F
14:46:14,MYOR,RG,1720,1,D,RX,CS,D
14:46:11,MYOR,RG,1725,5,D,YP,DX,F
14:46:04,MYOR,RG,1720,5,D,RX,PD,D
14:46:01,MYOR,RG,1725,1,D,YP,DX,F
14:45:59,MYOR,RG,1720,1,D,RX,EP,F
14:45:54,MYOR,RG,1720,1,D,RX,CS,D
14:45:50,MYOR,RG,1720,80,D,RX,PD,D
14:45:50,MYOR,RG,1725,61,D,BB,DX,F
14:45:47,MYOR,RG,1725,6,D,PD,DX,F
14:45:46,MYOR,RG,1725,2,D,HP,DX,F
14:45:35,MYOR,RG,1725,2,D,HP,DX,F
14:45:34,MYOR,RG,1720,1,D,RX,CS,D
14:45:21,MYOR,RG,1725,1,F,ZP,DX,F
14:45:21,MYOR,RG,1725,4,D,HP,DX,F
14:45:14,MYOR,RG,1720,1,D,RX,CS,D
14:45:08,MYOR,RG,1725,300,D,GR,DX,F
14:45:07,MYOR,RG,1725,9,D,XC,DX,F
14:45:04,MYOR,RG,1725,15,D,NI,DX,F
14:44:56,MYOR,RG,1725,1,D,YP,DX,F
14:44:55,MYOR,RG,1725,64,D,BB,DX,F
14:44:54,MYOR,RG,1725,6,D,HP,DX,F
14:44:49,MYOR,RG,1725,40,D,YP,DX,F
14:44:47,MYOR,RG,1725,1,D,NI,DX,F
14:44:45,MYOR,RG,1725,100,D,FZ,DX,F
14:44:37,MYOR,RG,1725,1,D,CC,DX,F
14:44:36,MYOR,RG,1720,2,D,RX,CS,D
14:44:05,MYOR,RG,1725,2,D,YP,DX,F
14:44:04,MYOR,RG,1725,60,D,BB,DX,F
14:44:03,MYOR,RG,1725,24,D,BB,DX,F
14:44:03,MYOR,RG,1725,5,D,YP,DX,F
14:44:03,MYOR,RG,1725,25,D,YP,DX,F
14:44:03,MYOR,RG,1725,6,D,CC,DX,F
14:44:03,MYOR,RG,1725,5,D,CC,DX,F
14:44:03,MYOR,RG,1725,1,D,XC,DX,F
14:44:03,MYOR,RG,1725,1,D,PD,DX,F
14:44:03,MYOR,RG,1725,7,D,DR,DX,F
14:44:03,MYOR,RG,1725,3,D,PD,DX,F
14:44:03,MYOR,RG,1725,54,D,YP,DX,F
14:43:52,MYOR,RG,1725,1,D,YP,CS,D
14:43:23,MYOR,RG,1725,3,D,YP,PD,D
14:43:21,MYOR,RG,1725,1,D,YP,CS,D
14:43:07,MYOR,RG,1725,41,D,YP,AG,D
14:43:07,MYOR,RG,1725,142,D,DX,AG,D
14:43:07,MYOR,RG,1725,520,D,DX,AG,D
14:43:07,MYOR,RG,1725,30,D,PD,AG,D
14:43:07,MYOR,RG,1725,50,D,YP,AG,D
14:43:07,MYOR,RG,1725,6,D,HP,AG,D
14:43:07,MYOR,RG,1725,2,D,YP,AG,D
14:43:07,MYOR,RG,1725,10,D,CC,AG,D
14:43:07,MYOR,RG,1725,10,D,YP,AG,D
14:43:07,MYOR,RG,1725,189,F,BK,AG,D
14:43:05,MYOR,RG,1730,1,D,XC,DX,F
14:43:03,MYOR,RG,1730,20,D,YP,DX,F
14:42:58,MYOR,RG,1725,1,F,BK,PD,D
14:42:57,MYOR,RG,1730,40,D,BB,DX,F
14:42:45,MYOR,RG,1725,1,F,BK,NI,D
14:42:40,MYOR,RG,1725,7,F,BK,TP,D
14:42:40,MYOR,RG,1725,1,F,ZP,TP,D
14:42:39,MYOR,RG,1725,2,D,YP,PD,D
14:42:27,MYOR,RG,1725,1,D,YP,CS,D
14:42:27,MYOR,RG,1725,3,D,YP,XC,D
14:42:27,MYOR,RG,1725,69,D,YP,CC,D
14:42:27,MYOR,RG,1725,2,D,YP,XC,D
14:42:27,MYOR,RG,1725,1,D,YP,CS,D
14:42:27,MYOR,RG,1725,1,D,YP,CS,D
14:42:27,MYOR,RG,1725,21,D,YP,DX,F
14:42:24,MYOR,RG,1725,9,D,NI,DX,F
14:42:22,MYOR,RG,1725,1,D,YB,DX,F
14:42:19,MYOR,RG,1725,10,D,NI,DX,F
14:42:15,MYOR,RG,1725,5,D,YB,DX,F
14:42:12,MYOR,RG,1725,1,D,PD,DX,F
14:42:09,MYOR,RG,1725,10,D,XC,DX,F
14:42:06,MYOR,RG,1725,100,D,PD,DX,F
14:42:04,MYOR,RG,1725,20,D,YP,DX,F
14:42:04,MYOR,RG,1725,1,D,NI,DX,F
14:42:03,MYOR,RG,1725,457,D,PD,DX,F
14:42:03,MYOR,RG,1725,194,D,PD,DX,F
14:42:03,MYOR,RG,1725,589,D,PD,DX,F
14:42:02,MYOR,RG,1725,758,D,PD,DX,F
14:42:00,MYOR,RG,1720,2,D,RX,CS,D
14:41:51,MYOR,RG,1725,30,D,PD,DX,F
14:41:48,MYOR,RG,1725,54,D,XC,DX,F
14:41:34,MYOR,RG,1725,120,D,CC,DX,F
14:41:33,MYOR,RG,1725,17,F,BK,DX,F
14:41:32,MYOR,RG,1725,1,D,YP,DX,F
14:41:32,MYOR,RG,1725,1000,D,MG,DX,F
14:41:32,MYOR,RG,1725,10,D,YP,DX,F
14:41:32,MYOR,RG,1725,10,D,YP,DX,F
14:41:32,MYOR,RG,1725,5,D,YP,DX,F
14:41:32,MYOR,RG,1725,3,D,PD,DX,F
14:41:32,MYOR,RG,1725,690,D,YP,DX,F
14:41:32,MYOR,RG,1725,247,F,BK,DX,F
14:41:32,MYOR,RG,1725,27,D,BB,DX,F
14:41:32,MYOR,RG,1725,6,F,ZP,DX,F
14:41:32,MYOR,RG,1725,432,D,DX,DX,F
14:41:32,MYOR,RG,1725,172,D,DX,DX,F
14:41:11,MYOR,RG,1725,1,D,DX,YP,D
14:41:09,MYOR,RG,1725,28,D,DX,PD,D
14:41:09,MYOR,RG,1725,2,D,PD,PD,D
14:41:09,MYOR,RG,1725,2,D,PD,PD,D
14:41:09,MYOR,RG,1725,8,D,YB,PD,D
14:41:06,MYOR,RG,1725,1,D,YB,CS,D
14:40:36,MYOR,RG,1725,1,D,YB,CS,D
14:40:33,MYOR,RG,1725,10,D,YB,PD,D
14:40:33,MYOR,RG,1725,10,D,YB,PD,D
14:40:33,MYOR,RG,1725,10,D,YB,PD,D
14:40:33,MYOR,RG,1725,10,D,YB,PD,D
14:40:33,MYOR,RG,1725,10,D,YB,PD,D
14:40:28,MYOR,RG,1725,440,D,YB,OD,D
14:40:28,MYOR,RG,1725,8,D,HP,OD,D
14:40:28,MYOR,RG,1725,218,D,YP,OD,D
14:40:28,MYOR,RG,1725,1,D,PD,OD,D
14:40:28,MYOR,RG,1725,3,D,PD,OD,D
14:40:28,MYOR,RG,1725,5,D,PD,OD,D
14:40:28,MYOR,RG,1725,343,D,PD,OD,D
14:40:28,MYOR,RG,1725,145,D,PD,OD,D
14:40:28,MYOR,RG,1725,442,D,PD,OD,D
14:40:28,MYOR,RG,1725,568,D,PD,OD,D
14:40:28,MYOR,RG,1725,8,D,NI,OD,D
14:40:28,MYOR,RG,1725,50,D,CC,OD,D
14:40:28,MYOR,RG,1725,10,D,YP,OD,D
14:40:28,MYOR,RG,1725,54,F,CC,OD,D
14:40:28,MYOR,RG,1725,15,D,XL,OD,D
14:40:28,MYOR,RG,1725,27,D,BB,OD,D
14:40:28,MYOR,RG,1725,520,F,AK,OD,D
14:40:28,MYOR,RG,1725,1,F,ZP,OD,D
14:40:28,MYOR,RG,1725,142,D,PD,OD,D
14:40:00,MYOR,RG,1730,27,D,YP,DX,F
14:39:56,MYOR,RG,1730,1,D,PD,DX,F
14:39:46,MYOR,RG,1730,3,D,SQ,DX,F
14:39:41,MYOR,RG,1725,15,D,PD,XC,D
14:39:35,MYOR,RG,1730,51,D,XL,DX,F
14:39:34,MYOR,RG,1730,30,D,YP,DX,F
14:39:31,MYOR,RG,1730,887,F,AK,DX,F
14:39:31,MYOR,RG,1730,10,F,AK,YP,D
14:39:31,MYOR,RG,1730,6,F,AK,NI,D
14:39:31,MYOR,RG,1730,2,F,AK,GR,D
14:39:31,MYOR,RG,1730,4,F,AK,PD,D
14:39:31,MYOR,RG,1730,5,F,AK,KK,D
14:39:31,MYOR,RG,1730,7,F,AK,YP,D
14:39:31,MYOR,RG,1730,1,F,AK,XC,D
14:39:31,MYOR,RG,1730,78,F,AK,NI,D
14:39:08,MYOR,RG,1725,38,D,PD,KK,D
14:39:03,MYOR,RG,1725,1,D,PD,HP,D
14:38:52,MYOR,RG,1725,1,D,PD,BQ,D
14:38:52,MYOR,RG,1725,947,D,PD,DX,F
14:38:52,MYOR,RG,1725,485,D,PD,DX,F
14:38:52,MYOR,RG,1725,1475,D,PD,DX,F
14:38:51,MYOR,RG,1725,1895,D,PD,DX,F
14:38:44,MYOR,RG,1720,1,D,RX,YP,D
14:38:32,MYOR,RG,1725,1000,F,AK,DX,F
14:38:31,MYOR,RG,1725,200,D,IF,DX,F
14:38:31,MYOR,RG,1725,200,D,IF,DX,F
14:38:31,MYOR,RG,1725,25,D,YP,DX,F
14:38:31,MYOR,RG,1725,10,D,XA,DX,F
14:38:31,MYOR,RG,1725,5,D,PD,DX,F
14:38:31,MYOR,RG,1725,180,D,DX,DX,F
14:38:31,MYOR,RG,1725,477,D,DX,DX,F
14:38:31,MYOR,RG,1725,1,D,YP,DX,F
14:38:31,MYOR,RG,1725,15,D,PD,DX,F
14:38:31,MYOR,RG,1725,2,D,XC,DX,F
14:38:31,MYOR,RG,1725,50,D,CC,DX,F
14:38:31,MYOR,RG,1725,16,D,BQ,DX,F
14:38:31,MYOR,RG,1725,3,D,BQ,DX,F
14:38:31,MYOR,RG,1725,2,F,ZP,DX,F
14:38:31,MYOR,RG,1725,486,D,DX,DX,F
14:38:31,MYOR,RG,1725,143,D,DX,DX,F
14:38:31,MYOR,RG,1725,46,D,CP,DX,F
14:38:31,MYOR,RG,1725,113,D,CC,DX,F
14:38:31,MYOR,RG,1725,2,F,ZP,DX,F
14:38:31,MYOR,RG,1725,1,D,PD,DX,F
14:38:31,MYOR,RG,1725,457,D,PD,DX,F
14:38:31,MYOR,RG,1725,194,D,PD,DX,F
14:38:31,MYOR,RG,1725,589,D,PD,DX,F
14:38:31,MYOR,RG,1725,758,D,PD,DX,F
14:38:31,MYOR,RG,1725,7,D,YP,DX,F
14:38:31,MYOR,RG,1725,125,F,CC,DX,F
14:38:31,MYOR,RG,1725,15,D,YP,DX,F
14:38:31,MYOR,RG,1725,76,D,BB,DX,F
14:38:28,MYOR,RG,1725,43,D,BB,PD,D
14:38:28,MYOR,RG,1725,1,D,YP,PD,D
14:38:28,MYOR,RG,1725,30,D,CC,PD,D
14:38:28,MYOR,RG,1725,6,D,XC,PD,D
14:38:28,MYOR,RG,1725,100,D,YP,PD,D
14:38:28,MYOR,RG,1725,115,D,IF,PD,D
14:38:19,MYOR,RG,1730,4,D,PD,NI,D
14:38:19,MYOR,RG,1730,43,D,PD,EP,D
14:38:19,MYOR,RG,1730,5,D,PD,YP,D
14:38:14,MYOR,RG,1730,15,D,NI,YP,D
14:38:14,MYOR,RG,1730,5,D,NI,NI,D
14:38:08,MYOR,RG,1730,1,D,NI,NI,D
14:38:00,MYOR,RG,1730,19,D,CC,NI,D
14:38:00,MYOR,RG,1730,25,D,CC,YP,D
14:38:00,MYOR,RG,1730,10,D,CC,PD,D
14:38:00,MYOR,RG,1730,15,D,CC,HP,D
14:38:00,MYOR,RG,1730,8,D,CC,TP,D
14:37:49,MYOR,RG,1730,18,D,YB,TP,D
14:37:43,MYOR,RG,1730,4,D,XC,TP,D
14:37:30,MYOR,RG,1730,1,D,XC,TP,D
14:37:29,MYOR,RG,1725,15,D,IF,LG,D
14:37:25,MYOR,RG,1725,40,D,IF,PD,D
14:37:25,MYOR,RG,1725,14,D,IF,EP,D
14:37:02,MYOR,RG,1730,19,D,YP,TP,D
14:37:02,MYOR,RG,1730,5,D,YP,YP,D
14:37:02,MYOR,RG,1730,1,D,YP,XC,D
14:37:02,MYOR,RG,1730,2,D,YP,CC,D
14:37:02,MYOR,RG,1730,2,D,YP,BQ,D
14:36:48,MYOR,RG,1730,2,D,PD,BQ,D
14:36:33,MYOR,RG,1730,2,D,PD,BQ,D
14:36:14,MYOR,RG,1730,1,D,CC,BQ,D
14:35:46,MYOR,RG,1725,10,D,IF,PD,D
14:35:39,MYOR,RG,1730,93,D,CP,BQ,D
14:35:39,MYOR,RG,1730,3,D,CP,XC,D
14:35:39,MYOR,RG,1730,20,D,CP,OD,D
14:35:39,MYOR,RG,1730,1,D,CP,BQ,D
14:35:39,MYOR,RG,1730,29,D,CP,PD,D
14:35:39,MYOR,RG,1730,54,D,CP,SQ,D
14:35:27,MYOR,RG,1730,87,D,GR,SQ,D
14:35:13,MYOR,RG,1730,200,D,YP,SQ,D
14:35:13,MYOR,RG,1730,3,D,PD,SQ,D
14:34:28,MYOR,RG,1730,3,D,XC,SQ,D
14:34:03,MYOR,RG,1725,27,D,IF,CC,D
14:34:00,MYOR,RG,1725,2,D,IF,XC,D
14:33:59,MYOR,RG,1730,80,D,NI,SQ,D
14:33:58,MYOR,RG,1725,277,D,IF,OD,D
14:33:58,MYOR,RG,1725,100,D,PD,OD,D
14:33:58,MYOR,RG,1725,1,D,XC,OD,D
14:33:58,MYOR,RG,1725,3,D,KK,OD,D
14:33:58,MYOR,RG,1725,5,D,CC,OD,D
14:33:58,MYOR,RG,1725,300,D,XC,OD,D
14:33:58,MYOR,RG,1725,500,D,IF,OD,D
14:33:58,MYOR,RG,1725,309,D,BB,OD,D
14:33:58,MYOR,RG,1725,3,D,KK,OD,D
14:33:58,MYOR,RG,1725,1,D,KK,OD,D
14:33:58,MYOR,RG,1725,1,D,XC,OD,D
14:33:58,MYOR,RG,1725,200,D,KK,OD,D
14:33:58,MYOR,RG,1725,3,F,ZP,OD,D
14:33:58,MYOR,RG,1725,149,D,DX,OD,D
14:33:58,MYOR,RG,1725,383,D,DX,OD,D
14:33:58,MYOR,RG,1725,12,D,YP,OD,D
14:33:58,MYOR,RG,1725,5,D,SQ,OD,D
14:33:58,MYOR,RG,1725,200,D,CC,OD,D
14:33:58,MYOR,RG,1725,2,D,PD,OD,D
14:33:58,MYOR,RG,1725,30,D,YP,OD,D
14:33:58,MYOR,RG,1725,310,F,AK,OD,D
14:33:58,MYOR,RG,1725,663,D,PD,OD,D
14:33:54,MYOR,RG,1730,50,D,YP,SQ,D
14:33:52,MYOR,RG,1725,4,D,PD,YB,D
14:33:45,MYOR,RG,1725,1,D,PD,PD,D
14:33:36,MYOR,RG,1725,18,D,PD,XL,D
14:33:36,MYOR,RG,1725,182,D,PD,XL,D
14:33:31,MYOR,RG,1725,80,D,PD,PD,D
14:33:30,MYOR,RG,1730,55,D,PD,SQ,D
14:33:23,MYOR,RG,1730,5,D,HP,SQ,D
14:33:12,MYOR,RG,1730,40,D,PD,SQ,D
14:32:51,MYOR,RG,1725,15,D,PD,BQ,D
14:32:43,MYOR,RG,1725,5,D,PD,YP,D
14:32:36,MYOR,RG,1725,9,D,PD,EP,D
14:32:36,MYOR,RG,1725,81,D,PD,EP,D
14:32:14,MYOR,RG,1725,5,D,PD,OD,D
14:32:06,MYOR,RG,1725,150,D,PD,YP,D
14:32:04,MYOR,RG,1730,500,F,AK,SQ,D
14:32:03,MYOR,RG,1725,200,D,PD,YP,D
14:32:03,MYOR,RG,1725,3,D,PD,DH,D
14:32:03,MYOR,RG,1725,445,D,PD,DX,F
14:32:03,MYOR,RG,1725,1137,D,PD,DX,F
14:32:03,MYOR,RG,1725,20,D,XC,DX,F
14:31:54,MYOR,RG,1725,2,D,EP,DX,F
14:31:40,MYOR,RG,1725,15,D,PD,DX,F
14:31:40,MYOR,RG,1725,500,F,AK,DX,F
14:31:39,MYOR,RG,1725,200,D,IF,DX,F
14:31:39,MYOR,RG,1725,100,D,IF,DX,F
14:31:39,MYOR,RG,1725,8,D,HP,DX,F
14:31:39,MYOR,RG,1725,415,D,DX,DX,F
14:31:39,MYOR,RG,1725,167,D,DX,DX,F
14:31:39,MYOR,RG,1725,1,D,PD,DX,F
14:31:39,MYOR,RG,1725,1,D,PD,DX,F
14:31:39,MYOR,RG,1725,25,D,PD,DX,F
14:31:39,MYOR,RG,1725,50,D,CP,DX,F
14:31:39,MYOR,RG,1725,100,D,YP,DX,F
14:31:39,MYOR,RG,1725,20,D,XC,DX,F
14:31:39,MYOR,RG,1725,100,D,PD,DX,F
14:31:39,MYOR,RG,1725,60,D,PD,DX,F
14:31:39,MYOR,RG,1725,10,D,KK,DX,F
14:31:39,MYOR,RG,1725,2,D,XC,DX,F
14:31:39,MYOR,RG,1725,43,D,DR,DX,F
14:31:39,MYOR,RG,1725,490,D,DX,DX,F
14:31:39,MYOR,RG,1725,202,D,DX,DX,F
14:31:39,MYOR,RG,1725,1,D,EP,DX,F
14:31:39,MYOR,RG,1725,3,D,CC,DX,F
14:31:39,MYOR,RG,1725,192,D,IF,DX,F
14:31:39,MYOR,RG,1725,322,D,IF,DX,F
14:31:39,MYOR,RG,1725,1,D,PD,DX,F
14:31:39,MYOR,RG,1725,531,D,BB,DX,F
14:31:39,MYOR,RG,1725,1,F,ZP,DX,F
14:31:39,MYOR,RG,1725,58,D,YB,DX,F
14:31:39,MYOR,RG,1725,250,D,IF,DX,F
14:31:39,MYOR,RG,1725,1,D,PD,DX,F
14:31:39,MYOR,RG,1725,2,F,ZP,DX,F
14:31:39,MYOR,RG,1725,250,D,IF,DX,F
14:31:39,MYOR,RG,1725,100,D,NI,DX,F
14:31:39,MYOR,RG,1725,4,D,BB,DX,F
14:31:39,MYOR,RG,1725,17,D,YB,DX,F
14:31:39,MYOR,RG,1725,457,D,PD,DX,F
14:31:39,MYOR,RG,1725,194,D,PD,DX,F
14:31:39,MYOR,RG,1725,589,D,PD,DX,F
14:31:39,MYOR,RG,1725,414,D,PD,DX,F
14:31:39,MYOR,RG,1725,1,D,PD,PD,D
14:31:20,MYOR,RG,1725,50,D,PD,YP,D
14:31:03,MYOR,RG,1725,2,D,PD,PD,D
14:30:30,MYOR,RG,1725,80,D,PD,PD,D
14:30:16,MYOR,RG,1725,5,D,PD,CC,D
14:30:15,MYOR,RG,1730,3,D,ZP,SQ,D
14:30:15,MYOR,RG,1730,10,D,ZP,XC,D
14:30:15,MYOR,RG,1730,1,D,ZP,XL,D
14:30:15,MYOR,RG,1730,80,D,ZP,PD,D
14:30:15,MYOR,RG,1730,6,D,ZP,HP,D
14:30:03,MYOR,RG,1725,9,D,PD,PD,D
14:29:55,MYOR,RG,1730,34,D,SQ,HP,D
14:29:54,MYOR,RG,1725,7,D,PD,DH,D
14:29:18,MYOR,RG,1725,2,D,PD,XC,D
14:28:54,MYOR,RG,1725,20,D,PD,YP,D
14:28:45,MYOR,RG,1730,15,D,YP,HP,D
14:28:45,MYOR,RG,1730,5,D,YP,XC,D
14:28:45,MYOR,RG,1730,29,D,YP,NI,D
14:28:22,MYOR,RG,1730,20,D,YU,NI,D
14:27:55,MYOR,RG,1730,6,D,HP,NI,D
14:27:46,MYOR,RG,1730,5,D,KK,NI,D
14:27:22,MYOR,RG,1725,1,D,PD,CC,D
14:27:21,MYOR,RG,1730,50,D,HP,NI,D
14:26:58,MYOR,RG,1725,30,D,PD,PD,D
14:26:49,MYOR,RG,1730,2,D,PD,NI,D
14:26:38,MYOR,RG,1725,1,D,PD,XC,D
14:26:15,MYOR,RG,1730,1,D,XL,NI,D
14:26:05,MYOR,RG,1730,12,D,NI,NI,D
14:25:40,MYOR,RG,1730,18,D,XC,NI,D
14:25:40,MYOR,RG,1730,17,D,XC,DX,F
14:25:28,MYOR,RG,1730,100,D,XL,DX,F
14:25:14,MYOR,RG,1730,10,D,CC,DX,F
14:25:12,MYOR,RG,1730,1,D,YP,DX,F
14:24:22,MYOR,RG,1730,5,D,PD,DX,F
14:23:55,MYOR,RG,1725,1,D,PD,CC,D
14:23:47,MYOR,RG,1725,50,D,PD,CC,D
14:23:47,MYOR,RG,1725,85,D,PD,DX,F
14:23:30,MYOR,RG,1725,500,F,AK,DX,F
14:23:29,MYOR,RG,1725,1,D,PD,DX,F
14:23:29,MYOR,RG,1725,500,F,AK,DX,F
14:23:28,MYOR,RG,1725,347,D,DX,DX,F
14:23:28,MYOR,RG,1725,148,D,DX,DX,F
14:23:28,MYOR,RG,1725,120,D,DX,DX,F
14:23:28,MYOR,RG,1725,51,D,DX,DX,F
14:23:28,MYOR,RG,1725,50,D,KK,DX,F
14:23:28,MYOR,RG,1725,114,D,CC,DX,F
14:23:28,MYOR,RG,1725,6,D,XC,DX,F
14:23:28,MYOR,RG,1725,8,D,AZ,DX,F
14:23:28,MYOR,RG,1725,5,D,XC,DX,F
14:23:28,MYOR,RG,1725,60,D,CC,DX,F
14:23:28,MYOR,RG,1725,10,D,YP,DX,F
14:23:28,MYOR,RG,1725,30,D,XA,DX,F
14:23:28,MYOR,RG,1725,1,D,YP,DX,F
14:23:28,MYOR,RG,1725,150,D,IF,DX,F
14:23:28,MYOR,RG,1725,1,D,AT,DX,F
14:23:28,MYOR,RG,1725,7,F,ZP,DX,F
14:23:28,MYOR,RG,1725,4,D,XC,DX,F
14:23:28,MYOR,RG,1725,250,D,IF,DX,F
14:23:28,MYOR,RG,1725,6,D,XA,DX,F
14:23:28,MYOR,RG,1725,10,D,NI,DX,F
14:23:28,MYOR,RG,1725,296,D,BB,DX,F
14:23:28,MYOR,RG,1725,3,D,XC,DX,F
14:23:28,MYOR,RG,1725,5,D,YP,DX,F
14:23:28,MYOR,RG,1725,500,D,MG,DX,F
14:23:28,MYOR,RG,1725,85,D,XC,DX,F
14:23:28,MYOR,RG,1725,100,D,DR,DX,F
14:23:28,MYOR,RG,1725,6,D,XA,DX,F
14:23:28,MYOR,RG,1725,5,D,PD,DX,F
14:23:28,MYOR,RG,1725,30,D,CC,DX,F
14:23:28,MYOR,RG,1725,25,D,DR,DX,F
14:23:28,MYOR,RG,1725,343,D,PD,DX,F
14:23:28,MYOR,RG,1725,145,D,PD,DX,F
14:23:28,MYOR,RG,1725,442,D,PD,DX,F
14:23:28,MYOR,RG,1725,551,D,PD,DX,F
14:23:15,MYOR,RG,1725,17,D,PD,PD,D
14:23:15,MYOR,RG,1725,7,F,CC,PD,D
14:23:15,MYOR,RG,1725,10,D,DR,PD,D
14:23:15,MYOR,RG,1725,4,D,BB,PD,D
14:23:15,MYOR,RG,1725,17,D,YP,PD,D
14:23:15,MYOR,RG,1725,25,D,XA,PD,D
14:22:24,MYOR,RG,1730,129,D,BB,DX,F
14:22:03,MYOR,RG,1730,1,D,PD,DX,F
14:21:37,MYOR,RG,1730,1,D,XC,DX,F
14:21:27,MYOR,RG,1730,1,D,PD,DX,F
14:21:06,MYOR,RG,1730,5,F,ZP,DX,F
14:21:05,MYOR,RG,1730,1000,D,MG,DX,F
14:20:58,MYOR,RG,1730,1,D,XC,DX,F
14:20:36,MYOR,RG,1730,2,D,CC,DX,F
14:20:23,MYOR,RG,1730,127,D,BB,DX,F
14:19:51,MYOR,RG,1730,222,D,IF,DX,F
14:19:36,MYOR,RG,1725,5,D,XA,PD,D
14:19:30,MYOR,RG,1725,20,D,XA,AI,D
14:19:30,MYOR,RG,1725,5,D,CC,AI,D
14:19:25,MYOR,RG,1730,1,D,KK,DX,F
14:18:47,MYOR,RG,1730,10,D,YP,DX,F
14:18:22,MYOR,RG,1730,179,D,BB,DX,F
14:18:22,MYOR,RG,1725,5,D,CC,YP,D
14:18:22,MYOR,RG,1725,5,D,YB,YP,D
14:18:22,MYOR,RG,1725,10,D,DH,YP,D
14:18:20,MYOR,RG,1725,1,D,DH,SQ,D
14:18:06,MYOR,RG,1725,9,D,DH,PD,D
14:18:06,MYOR,RG,1725,4,D,BB,PD,D
14:18:06,MYOR,RG,1725,67,D,IF,PD,D
14:17:30,MYOR,RG,1725,15,D,IF,SQ,D
14:17:30,MYOR,RG,1725,1,D,IF,YP,D
14:17:30,MYOR,RG,1725,1,D,IF,PD,D
14:17:30,MYOR,RG,1725,1,D,IF,XC,D
14:17:30,MYOR,RG,1725,10,D,IF,XC,D
14:17:30,MYOR,RG,1725,1,D,IF,PD,D
14:17:30,MYOR,RG,1725,4,D,IF,LG,D
14:17:23,MYOR,RG,1725,5,D,EP,LG,D
14:17:21,MYOR,RG,1725,1,D,YB,LG,D
14:17:17,MYOR,RG,1725,20,D,IF,LG,D
14:17:17,MYOR,RG,1725,7,D,IF,YP,D
14:17:17,MYOR,RG,1725,1,D,IF,LG,D
14:17:17,MYOR,RG,1725,122,D,IF,SQ,D
14:17:06,MYOR,RG,1725,250,D,IF,SQ,D
14:17:01,MYOR,RG,1725,1,D,YB,SQ,D
14:16:58,MYOR,RG,1725,3,D,KK,SQ,D
14:16:58,MYOR,RG,1725,5,D,YB,SQ,D
14:16:57,MYOR,RG,1725,27,D,CC,SQ,D
14:16:55,MYOR,RG,1725,1,D,XC,SQ,D
14:16:55,MYOR,RG,1725,250,D,IF,SQ,D
14:16:53,MYOR,RG,1725,1,D,XC,SQ,D
14:16:45,MYOR,RG,1725,100,D,IF,SQ,D
14:16:36,MYOR,RG,1725,321,F,AK,SQ,D
14:16:36,MYOR,RG,1725,1,F,AK,XC,D
14:16:36,MYOR,RG,1725,10,F,AK,PD,D
14:16:36,MYOR,RG,1725,25,F,AK,CC,D
14:16:36,MYOR,RG,1725,13,F,AK,PD,D
14:16:36,MYOR,RG,1725,1,F,AK,YP,D
14:16:36,MYOR,RG,1725,1,F,AK,PD,D
14:16:36,MYOR,RG,1725,128,F,AK,DX,F
14:16:36,MYOR,RG,1725,5,F,ZP,DX,F
14:16:36,MYOR,RG,1725,2000,D,AG,DX,F
14:16:14,MYOR,RG,1725,4,D,XC,DX,F
14:16:00,MYOR,RG,1725,156,D,BB,DX,F
14:15:57,MYOR,RG,1720,1,D,RX,DR,D
14:15:40,MYOR,RG,1720,5,D,RX,GR,D
14:15:03,MYOR,RG,1725,12,D,PD,DX,F
14:15:02,MYOR,RG,1720,5,D,RX,YP,D
14:15:01,MYOR,RG,1720,3,D,RX,PD,D
14:14:49,MYOR,RG,1720,10,D,RX,XC,D
14:14:45,MYOR,RG,1720,10,D,RX,PD,D
14:14:28,MYOR,RG,1725,1,D,XL,DX,F
14:14:18,MYOR,RG,1725,32,D,PD,DX,F
14:14:13,MYOR,RG,1725,6,D,PD,DX,F
14:14:05,MYOR,RG,1725,1,D,PD,DX,F
14:13:36,MYOR,RG,1725,100,D,PD,DX,F
14:13:33,MYOR,RG,1725,55,D,BB,DX,F
14:13:33,MYOR,RG,1725,7,D,BB,XC,D
14:13:33,MYOR,RG,1725,4,D,BB,XC,D
14:13:33,MYOR,RG,1725,92,D,BB,DX,F
14:13:27,MYOR,RG,1725,5,D,XL,DX,F
14:13:19,MYOR,RG,1725,50,D,CC,DX,F
14:13:15,MYOR,RG,1725,1,D,YP,DX,F
14:13:10,MYOR,RG,1725,50,D,PD,DX,F
14:13:03,MYOR,RG,1725,250,D,PD,DX,F
14:13:00,MYOR,RG,1720,1,D,RX,XC,D
14:12:39,MYOR,RG,1720,37,D,RX,YB,D
14:12:39,MYOR,RG,1720,10,D,TF,YB,D
14:12:39,MYOR,RG,1720,3,D,DH,YB,D
14:12:38,MYOR,RG,1725,1,D,PD,DX,F
14:12:16,MYOR,RG,1720,12,D,DH,PD,D
14:12:16,MYOR,RG,1720,68,D,IF,PD,D
14:12:05,MYOR,RG,1725,3,D,XC,DX,F
14:11:56,MYOR,RG,1725,10,D,KK,DX,F
14:11:28,MYOR,RG,1725,1,D,XC,DX,F
14:11:26,MYOR,RG,1720,3,D,IF,YP,D
14:11:24,MYOR,RG,1725,6,D,XC,DX,F
14:11:17,MYOR,RG,1725,2,D,YP,DX,F
14:11:03,MYOR,RG,1725,19,D,BB,DX,F
14:10:52,MYOR,RG,1725,60,D,PD,DX,F
14:10:44,MYOR,RG,1725,8,D,XL,DX,F
14:10:40,MYOR,RG,1725,102,D,CC,DX,F
14:10:21,MYOR,RG,1725,8,D,XC,DX,F
14:10:20,MYOR,RG,1720,29,D,IF,CC,D
14:10:20,MYOR,RG,1720,8,D,HP,CC,D
14:10:18,MYOR,RG,1725,1,D,XL,DX,F
14:10:05,MYOR,RG,1720,10,D,HP,NI,D
14:09:30,MYOR,RG,1725,57,D,YB,DX,F
14:09:17,MYOR,RG,1725,2,D,TP,DX,F
14:09:15,MYOR,RG,1725,150,D,IF,DX,F
14:09:09,MYOR,RG,1725,5,D,PD,DX,F
14:09:06,MYOR,RG,1725,250,D,IF,DX,F
14:08:58,MYOR,RG,1725,1,F,ZP,DX,F
14:08:58,MYOR,RG,1725,100,D,IF,DX,F
14:08:40,MYOR,RG,1725,1,D,YB,DX,F
14:08:31,MYOR,RG,1725,1,F,ZP,DX,F
14:08:31,MYOR,RG,1725,97,D,PD,DX,F
14:08:31,MYOR,RG,1725,50,D,PD,DX,F
14:08:31,MYOR,RG,1725,153,D,PD,DX,F
14:08:31,MYOR,RG,1725,197,D,PD,DX,F
14:08:13,MYOR,RG,1725,500,F,BK,DX,F
14:08:12,MYOR,RG,1725,39,D,KK,DX,F
14:08:12,MYOR,RG,1725,10,D,NI,DX,F
14:08:12,MYOR,RG,1725,120,D,CC,DX,F
14:08:12,MYOR,RG,1725,250,D,IF,DX,F
14:08:12,MYOR,RG,1725,417,D,BB,DX,F
14:08:12,MYOR,RG,1725,182,D,PD,DX,F
14:08:12,MYOR,RG,1725,96,D,PD,DX,F
14:08:12,MYOR,RG,1725,290,D,PD,DX,F
14:08:12,MYOR,RG,1725,373,D,PD,DX,F
14:08:12,MYOR,RG,1725,10,D,KK,DX,F
14:08:12,MYOR,RG,1725,50,D,CC,DX,F
14:08:12,MYOR,RG,1725,250,D,IF,DX,F
14:08:12,MYOR,RG,1725,68,D,BB,DX,F
14:08:12,MYOR,RG,1725,1,F,ZP,DX,F
14:08:12,MYOR,RG,1725,290,D,PD,DX,F
14:08:12,MYOR,RG,1725,152,D,PD,DX,F
14:08:12,MYOR,RG,1725,169,D,PD,DX,F
14:07:57,MYOR,RG,1725,7,D,PD,CC,D
14:07:56,MYOR,RG,1725,14,D,PD,DR,D
14:07:14,MYOR,RG,1725,15,D,PD,YB,D
14:07:13,MYOR,RG,1725,2,D,PD,PD,D
14:07:13,MYOR,RG,1725,15,D,PD,XC,D
14:07:13,MYOR,RG,1725,1,D,PD,BQ,D
14:07:13,MYOR,RG,1725,5,D,PD,KK,D
14:07:13,MYOR,RG,1725,233,D,PD,DX,F
14:07:13,MYOR,RG,1725,594,D,PD,DX,F
14:07:11,MYOR,RG,1725,435,D,PD,DX,F
14:07:10,MYOR,RG,1725,121,D,KK,DX,F
14:07:02,MYOR,RG,1725,250,D,IF,DX,F
14:06:53,MYOR,RG,1725,200,D,IF,DX,F
14:06:49,MYOR,RG,1720,12,D,HP,XC,D
14:06:49,MYOR,RG,1720,50,D,YP,XC,D
14:06:49,MYOR,RG,1720,58,D,LG,XC,D
14:06:43,MYOR,RG,1725,250,D,IF,DX,F
14:06:35,MYOR,RG,1725,3,F,ZP,DX,F
14:06:34,MYOR,RG,1725,250,D,IF,DX,F
14:06:26,MYOR,RG,1725,2,D,YB,DX,F
14:06:24,MYOR,RG,1725,20,D,YB,DX,F
14:06:17,MYOR,RG,1725,6,D,PD,DX,F
14:06:17,MYOR,RG,1725,3,D,SQ,DX,F
14:05:56,MYOR,RG,1725,50,D,YB,DX,F
14:05:48,MYOR,RG,1725,5,D,YB,DX,F
14:05:48,MYOR,RG,1725,2,D,XC,DX,F
14:05:48,MYOR,RG,1725,5,D,BQ,DX,F
14:05:48,MYOR,RG,1725,100,D,YP,DX,F
14:05:48,MYOR,RG,1725,300,D,IF,DX,F
14:05:48,MYOR,RG,1725,10,D,PD,DX,F
14:05:48,MYOR,RG,1725,150,D,IF,DX,F
14:05:48,MYOR,RG,1725,319,D,YP,DX,F
14:05:48,MYOR,RG,1725,1,D,EP,DX,F
14:05:48,MYOR,RG,1725,16,D,NI,DX,F
14:05:48,MYOR,RG,1725,60,D,PD,DX,F
14:05:48,MYOR,RG,1725,27,D,CC,DX,F
14:05:48,MYOR,RG,1725,1,F,ZP,DX,F
14:05:48,MYOR,RG,1725,2,D,CC,DX,F
14:05:48,MYOR,RG,1725,2,D,AZ,DX,F
14:05:48,MYOR,RG,1725,252,D,BB,DX,F
14:05:48,MYOR,RG,1725,15,D,TF,DX,F
14:05:48,MYOR,RG,1725,194,D,PD,DX,F
14:05:48,MYOR,RG,1725,101,D,PD,DX,F
14:05:48,MYOR,RG,1725,308,D,PD,DX,F
14:05:48,MYOR,RG,1725,396,D,PD,DX,F
14:05:48,MYOR,RG,1725,15,D,PD,DX,F
14:05:48,MYOR,RG,1725,4,F,ZP,DX,F
14:05:48,MYOR,RG,1725,6,D,EP,DX,F
14:05:48,MYOR,RG,1725,11,D,YP,DX,F
14:05:48,MYOR,RG,1725,17,D,XL,DX,F
14:05:48,MYOR,RG,1725,18,D,XC,DX,F
14:05:48,MYOR,RG,1725,1,D,SQ,DX,F
14:05:48,MYOR,RG,1725,10,D,YP,DX,F
14:05:48,MYOR,RG,1725,1,D,PD,DX,F
14:05:48,MYOR,RG,1725,5,D,YP,DX,F
14:05:48,MYOR,RG,1725,207,D,BB,DX,F
14:05:48,MYOR,RG,1725,22,D,IF,DX,F
14:05:43,MYOR,RG,1725,10,D,IF,YP,D
14:05:31,MYOR,RG,1725,3,D,IF,PD,D
14:05:26,MYOR,RG,1725,80,D,IF,PD,D
14:05:05,MYOR,RG,1725,5,D,IF,XC,D
14:04:57,MYOR,RG,1725,3,D,IF,XC,D
14:04:55,MYOR,RG,1725,1,D,IF,CC,D
14:04:48,MYOR,RG,1730,5,D,PD,DX,F
14:04:39,MYOR,RG,1730,3,D,NI,DX,F
14:04:33,MYOR,RG,1730,36,D,PD,DX,F
14:04:12,MYOR,RG,1730,20,D,PD,DX,F
14:03:39,MYOR,RG,1730,1,D,PD,DX,F
14:03:09,MYOR,RG,1725,15,D,IF,LS,D
14:02:58,MYOR,RG,1725,5,D,IF,XC,D
14:02:56,MYOR,RG,1725,1,D,IF,HP,D
14:02:27,MYOR,RG,1725,5,D,IF,PD,D
14:02:27,MYOR,RG,1725,5,D,IF,PD,D
14:01:38,MYOR,RG,1725,1,D,IF,XC,D
14:01:15,MYOR,RG,1725,3,D,IF,XC,D
14:00:49,MYOR,RG,1725,40,D,IF,PD,D
14:00:39,MYOR,RG,1730,5,D,YB,DX,F
14:00:17,MYOR,RG,1725,3,D,IF,CC,D
13:59:24,MYOR,RG,1725,75,D,IF,KK,D
13:59:10,MYOR,RG,1725,11,D,IF,CC,D
13:58:56,MYOR,RG,1725,30,D,IF,SQ,D
13:58:49,MYOR,RG,1725,70,D,IF,XA,D
13:58:38,MYOR,RG,1725,1,D,IF,PD,D
13:58:29,MYOR,RG,1725,11,D,IF,YP,D
13:58:29,MYOR,RG,1725,1,D,YP,YP,D
13:58:29,MYOR,RG,1725,5,D,XC,YP,D
13:58:29,MYOR,RG,1725,1,D,XC,YP,D
13:58:29,MYOR,RG,1725,4,D,CC,YP,D
13:58:15,MYOR,RG,1725,4,D,CC,CC,D
13:58:06,MYOR,RG,1725,6,D,CC,XC,D
13:57:50,MYOR,RG,1725,1,D,CC,YP,D
13:57:50,MYOR,RG,1725,2,D,EP,YP,D
13:57:50,MYOR,RG,1725,19,D,CC,YP,D
13:57:50,MYOR,RG,1725,3,D,YB,YP,D
13:57:46,MYOR,RG,1725,7,D,YB,CC,D
13:57:46,MYOR,RG,1725,10,D,XA,CC,D
13:57:46,MYOR,RG,1725,3,D,XC,CC,D
13:57:46,MYOR,RG,1725,2,F,ZP,CC,D
13:57:46,MYOR,RG,1725,28,D,YB,CC,D
13:57:31,MYOR,RG,1725,30,D,YB,YP,D
13:57:25,MYOR,RG,1725,5,D,YB,CC,D
13:57:19,MYOR,RG,1725,4,D,YB,PD,D
13:56:57,MYOR,RG,1725,7,D,YB,XA,D
13:56:34,MYOR,RG,1725,30,D,YB,PD,D
13:56:21,MYOR,RG,1725,12,D,YB,CC,D
13:56:21,MYOR,RG,1725,80,D,BB,CC,D
13:56:21,MYOR,RG,1725,7,D,YB,CC,D
13:56:21,MYOR,RG,1725,1,D,YP,CC,D
13:56:18,MYOR,RG,1725,1,D,YP,PD,D
13:56:18,MYOR,RG,1725,5,D,KK,PD,D
13:56:18,MYOR,RG,1725,11,D,YB,PD,D
13:56:18,MYOR,RG,1725,12,D,EP,PD,D
13:56:18,MYOR,RG,1725,5,D,YP,PD,D
13:56:18,MYOR,RG,1725,6,D,NI,PD,D
13:56:13,MYOR,RG,1725,2,D,NI,KK,D
13:55:41,MYOR,RG,1725,1,D,NI,AZ,D
13:55:40,MYOR,RG,1725,10,D,NI,PD,D
13:55:11,MYOR,RG,1725,1,D,NI,CC,D
13:54:43,MYOR,RG,1730,1,D,XC,DX,F
13:54:40,MYOR,RG,1730,1,D,XL,DX,F
13:54:33,MYOR,RG,1725,10,D,CC,DR,D
13:54:33,MYOR,RG,1725,1,D,YB,DR,D
13:54:33,MYOR,RG,1725,9,D,CC,DR,D
13:54:24,MYOR,RG,1725,2,D,CC,YP,D
13:54:24,MYOR,RG,1725,26,D,PD,YP,D
13:54:24,MYOR,RG,1725,22,D,CC,YP,D
13:54:16,MYOR,RG,1725,93,D,CC,DR,D
13:54:16,MYOR,RG,1725,5,D,CC,DR,D
13:54:16,MYOR,RG,1725,31,D,NI,DR,D
13:54:16,MYOR,RG,1725,5,D,PD,DR,D
13:54:16,MYOR,RG,1725,5,D,YP,DR,D
13:54:16,MYOR,RG,1725,7,D,DH,DR,D
13:54:00,MYOR,RG,1725,2,D,DH,DR,D
13:54:00,MYOR,RG,1725,1,D,DH,DH,D
13:53:57,MYOR,RG,1725,1,D,DH,CC,D
13:53:57,MYOR,RG,1725,4,D,YB,CC,D
13:53:48,MYOR,RG,1725,1,D,YB,XC,D
13:53:45,MYOR,RG,1725,3,D,YB,PD,D
13:53:45,MYOR,RG,1725,5,D,YB,PD,D
13:53:45,MYOR,RG,1725,2,D,XC,PD,D
13:53:45,MYOR,RG,1725,2,D,XC,SQ,D
13:53:42,MYOR,RG,1725,5,D,XC,PD,D
13:53:40,MYOR,RG,1730,2,D,NI,DX,F
13:53:28,MYOR,RG,1725,27,D,XC,OD,D
13:53:28,MYOR,RG,1725,1,D,XC,OD,D
13:53:28,MYOR,RG,1725,150,D,YP,OD,D
13:53:28,MYOR,RG,1725,1,D,XL,OD,D
13:53:28,MYOR,RG,1725,30,D,PD,OD,D
13:53:28,MYOR,RG,1725,200,D,IF,OD,D
13:53:28,MYOR,RG,1725,10,D,YP,OD,D
13:53:28,MYOR,RG,1725,100,D,IF,OD,D
13:53:28,MYOR,RG,1725,30,D,HP,OD,D
13:53:28,MYOR,RG,1725,1,D,EP,OD,D
13:53:28,MYOR,RG,1725,150,D,DR,OD,D
13:53:28,MYOR,RG,1725,20,D,CC,OD,D
13:53:28,MYOR,RG,1725,50,D,CD,OD,D
13:53:28,MYOR,RG,1725,100,D,SQ,OD,D
13:53:28,MYOR,RG,1725,1,D,YP,OD,D
13:53:28,MYOR,RG,1725,80,D,YP,OD,D
13:53:28,MYOR,RG,1725,3,D,XC,OD,D
13:53:28,MYOR,RG,1725,5,D,XC,OD,D
13:53:28,MYOR,RG,1725,2,D,YB,OD,D
13:53:28,MYOR,RG,1725,1,D,YP,OD,D
13:53:28,MYOR,RG,1725,10,D,XA,OD,D
13:53:28,MYOR,RG,1725,15,D,PD,OD,D
13:53:28,MYOR,RG,1725,1,D,YB,OD,D
13:53:28,MYOR,RG,1725,2,D,YP,OD,D
13:53:28,MYOR,RG,1725,40,D,YP,OD,D
13:53:28,MYOR,RG,1725,50,F,BK,OD,D
13:53:14,MYOR,RG,1725,490,F,BK,XC,D
13:53:13,MYOR,RG,1730,2,D,XL,DX,F
13:52:59,MYOR,RG,1730,50,D,PD,DX,F
13:52:49,MYOR,RG,1730,18,D,CC,DX,F
13:52:31,MYOR,RG,1730,5,D,DR,DX,F
13:52:31,MYOR,RG,1730,200,D,IF,DX,F
13:52:31,MYOR,RG,1730,100,D,DH,DX,F
13:52:31,MYOR,RG,1730,5,D,YP,DX,F
13:52:31,MYOR,RG,1730,1,D,EP,DX,F
13:52:31,MYOR,RG,1730,3,D,YP,DX,F
13:52:31,MYOR,RG,1730,5,D,XA,DX,F
13:52:31,MYOR,RG,1730,1,F,ZP,DX,F
13:52:31,MYOR,RG,1730,1,D,XC,DX,F
13:52:31,MYOR,RG,1730,100,D,SQ,DX,F
13:52:31,MYOR,RG,1730,1,D,YP,DX,F
13:52:31,MYOR,RG,1730,5,D,KK,DX,F
13:52:31,MYOR,RG,1730,470,D,BB,DX,F
13:52:31,MYOR,RG,1730,10,D,YB,DX,F
13:52:31,MYOR,RG,1730,4,D,XC,DX,F
13:52:31,MYOR,RG,1730,200,D,YP,DX,F
13:52:31,MYOR,RG,1730,10,D,DH,DX,F
13:52:31,MYOR,RG,1730,16,D,YB,DX,F
13:52:31,MYOR,RG,1730,1,D,OD,DX,F
13:52:31,MYOR,RG,1730,1,D,CC,DX,F
13:52:31,MYOR,RG,1730,1,D,OD,DX,F
13:52:31,MYOR,RG,1730,500,D,DR,DX,F
13:52:31,MYOR,RG,1730,12,D,EP,DX,F
13:52:31,MYOR,RG,1730,100,D,YP,DX,F
13:52:31,MYOR,RG,1730,27,D,YB,DX,F
13:52:31,MYOR,RG,1730,1,D,XC,DX,F
13:52:31,MYOR,RG,1730,75,D,YB,DX,F
13:52:31,MYOR,RG,1730,2,D,YB,DX,F
13:52:31,MYOR,RG,1730,3,D,XC,DX,F
13:52:31,MYOR,RG,1730,10,D,CC,DX,F
13:52:31,MYOR,RG,1730,530,F,BK,DX,F
13:52:31,MYOR,RG,1730,1,D,PD,DX,F
13:52:31,MYOR,RG,1730,5,D,YP,DX,F
13:52:31,MYOR,RG,1730,1,D,XC,DX,F
13:52:31,MYOR,RG,1730,5,D,YP,DX,F
13:52:31,MYOR,RG,1730,10,D,YP,DX,F
13:52:31,MYOR,RG,1730,2,D,YB,DX,F
13:52:31,MYOR,RG,1730,10,D,HP,DX,F
13:52:31,MYOR,RG,1730,1,D,MK,DX,F
13:52:31,MYOR,RG,1730,3,D,XC,DX,F
13:52:31,MYOR,RG,1730,3,D,PD,DX,F
13:52:31,MYOR,RG,1730,1,D,YB,DX,F
13:52:31,MYOR,RG,1730,100,D,IF,DX,F
13:52:31,MYOR,RG,1730,1,D,MK,DX,F
13:52:31,MYOR,RG,1730,20,D,YB,DX,F
13:52:31,MYOR,RG,1730,5,D,XC,DX,F
13:52:31,MYOR,RG,1730,200,D,IF,DX,F
13:52:31,MYOR,RG,1730,270,D,PD,DX,F
13:52:31,MYOR,RG,1730,1,D,CC,DX,F
13:52:31,MYOR,RG,1730,2,F,ZP,DX,F
13:52:31,MYOR,RG,1730,3,D,XC,DX,F
13:52:20,MYOR,RG,1730,1,D,XC,PD,D
13:52:15,MYOR,RG,1735,2,D,XC,OD,D
13:52:06,MYOR,RG,1735,1,D,XC,OD,D
13:51:44,MYOR,RG,1735,100,D,NI,OD,D
13:51:40,MYOR,RG,1735,2,D,XC,OD,D
13:50:53,MYOR,RG,1735,25,D,YP,OD,D
13:50:48,MYOR,RG,1735,5,D,XA,OD,D
13:50:47,MYOR,RG,1735,10,D,YP,OD,D
13:50:42,MYOR,RG,1735,1,D,PD,OD,D
13:50:30,MYOR,RG,1735,1,D,YP,OD,D
13:50:28,MYOR,RG,1735,8,D,XA,OD,D
13:50:25,MYOR,RG,1735,4,F,ZP,OD,D
13:50:17,MYOR,RG,1735,11,D,EP,OD,D
13:50:15,MYOR,RG,1735,8,D,AZ,OD,D
13:50:14,MYOR,RG,1735,1,D,YB,OD,D
13:49:59,MYOR,RG,1735,200,D,IF,OD,D
13:49:56,MYOR,RG,1735,1470,D,DX,OD,D
13:49:56,MYOR,RG,1735,750,D,DX,OD,D
13:49:52,MYOR,RG,1735,100,D,IF,OD,D
13:49:23,MYOR,RG,1735,20,D,NI,OD,D
13:49:22,MYOR,RG,1730,3,D,XC,NI,D
13:49:22,MYOR,RG,1730,2,D,BB,NI,D
13:49:14,MYOR,RG,1735,6,D,TP,OD,D
13:49:07,MYOR,RG,1735,1,D,YB,OD,D
13:49:03,MYOR,RG,1730,1,D,BB,PD,D
13:48:59,MYOR,RG,1735,5,D,YP,OD,D
13:48:44,MYOR,RG,1735,1,D,YP,OD,D
13:48:38,MYOR,RG,1735,10,D,YP,OD,D
13:48:32,MYOR,RG,1735,1,D,MK,OD,D
13:48:11,MYOR,RG,1730,2,D,BB,HP,D
13:47:49,MYOR,RG,1730,6,D,BB,GR,D
13:47:49,MYOR,RG,1730,19,D,PD,GR,D
13:47:20,MYOR,RG,1730,1,D,PD,CC,D
13:46:39,MYOR,RG,1735,942,F,BK,OD,D
13:46:39,MYOR,RG,1735,10,F,BK,PD,D
13:46:39,MYOR,RG,1735,1,F,BK,PD,D
13:46:39,MYOR,RG,1735,6,F,BK,KK,D
13:46:39,MYOR,RG,1735,1,F,BK,PD,D
13:46:39,MYOR,RG,1735,15,F,BK,PD,D
13:46:39,MYOR,RG,1735,12,F,BK,PD,D
13:46:39,MYOR,RG,1735,13,F,BK,EP,D
13:46:39,MYOR,RG,1735,35,D,BB,EP,D
13:46:39,MYOR,RG,1735,1,D,BB,PD,D
13:46:39,MYOR,RG,1735,10,D,BB,PD,D
13:46:39,MYOR,RG,1735,1,D,BB,BQ,D
13:46:39,MYOR,RG,1735,2,D,BB,PD,D
13:46:39,MYOR,RG,1735,7,D,BB,XL,D
13:46:39,MYOR,RG,1735,5,D,BB,PD,D
13:46:39,MYOR,RG,1735,34,D,BB,XL,D
13:46:36,MYOR,RG,1730,2,D,PD,PD,D
13:46:32,MYOR,RG,1730,1,D,PD,XC,D
13:46:30,MYOR,RG,1730,1,D,PD,PD,D
13:46:18,MYOR,RG,1730,2,D,PD,XL,D
13:46:16,MYOR,RG,1730,2,D,PD,YP,D
13:46:10,MYOR,RG,1730,3,D,PD,BQ,D
13:46:03,MYOR,RG,1730,10,D,PD,YP,D
13:45:53,MYOR,RG,1735,26,D,XC,XL,D
13:45:53,MYOR,RG,1735,4,D,XC,CC,D
13:45:53,MYOR,RG,1735,5,D,XC,PD,D
13:45:49,MYOR,RG,1735,13,D,LG,PD,D
13:45:49,MYOR,RG,1735,16,D,LG,PD,D
13:45:49,MYOR,RG,1735,1,D,LG,YP,D
13:45:49,MYOR,RG,1735,10,D,LG,SQ,D
13:45:49,MYOR,RG,1735,10,D,LG,SQ,D
13:45:49,MYOR,RG,1735,1,D,LG,PD,D
13:45:49,MYOR,RG,1735,2,D,LG,XC,D
13:45:49,MYOR,RG,1735,77,D,LG,PD,D
13:45:27,MYOR,RG,1735,17,D,CC,PD,D
13:45:23,MYOR,RG,1735,6,D,XL,PD,D
13:45:23,MYOR,RG,1735,5,D,XL,PD,D
13:45:16,MYOR,RG,1735,1,D,PD,PD,D
13:44:59,MYOR,RG,1730,2,D,PD,PD,D
13:44:52,MYOR,RG,1730,1,D,PD,YU,D
13:44:47,MYOR,RG,1730,3,D,PD,XC,D
13:44:39,MYOR,RG,1730,1,D,PD,AK,F
13:44:39,MYOR,RG,1730,1,D,PD,YP,D
13:44:39,MYOR,RG,1730,16,D,PD,AK,F
13:44:39,MYOR,RG,1730,15,D,PD,YP,D
13:44:36,MYOR,RG,1730,35,D,XC,YP,D
13:44:36,MYOR,RG,1730,1,D,XC,YP,D
13:44:36,MYOR,RG,1730,23,D,XC,AK,F
13:44:36,MYOR,RG,1730,61,D,XC,EP,D
13:44:23,MYOR,RG,1730,13,D,NI,EP,D
13:44:23,MYOR,RG,1730,18,D,NI,AK,F
13:44:23,MYOR,RG,1730,19,D,NI,CC,D
13:44:20,MYOR,RG,1730,1,D,CC,CC,D
13:44:20,MYOR,RG,1730,1,D,CC,YP,D
13:44:20,MYOR,RG,1730,11,D,CC,CC,D
13:44:20,MYOR,RG,1730,7,D,CC,NI,D
13:44:08,MYOR,RG,1730,3,D,EP,NI,D
13:44:04,MYOR,RG,1730,5,D,YP,PD,D
13:44:04,MYOR,RG,1730,5,D,XC,PD,D
13:44:04,MYOR,RG,1730,7,D,XC,XC,D
13:44:04,MYOR,RG,1730,5,D,XC,AK,F
13:44:04,MYOR,RG,1730,5,D,XC,AK,F
13:44:04,MYOR,RG,1730,8,D,XC,ZP,D
13:44:02,MYOR,RG,1730,1,D,YP,ZP,D
13:43:59,MYOR,RG,1730,1,D,PD,ZP,D
13:43:51,MYOR,RG,1730,4,D,YB,ZP,D
13:43:50,MYOR,RG,1730,6,D,CC,ZP,D
13:43:41,MYOR,RG,1730,9,D,XC,ZP,D
13:43:33,MYOR,RG,1725,15,D,LG,AK,F
13:43:32,MYOR,RG,1725,52,D,OD,AK,F
13:43:31,MYOR,RG,1725,48,D,OD,AK,F
13:43:31,MYOR,RG,1725,22,D,YB,AK,F
13:43:30,MYOR,RG,1725,28,D,YB,AK,F
13:43:30,MYOR,RG,1725,3,D,YB,AK,F
13:43:30,MYOR,RG,1725,5,D,DR,AK,F
13:43:30,MYOR,RG,1725,5,D,YB,AK,F
13:43:30,MYOR,RG,1725,29,D,NI,AK,F
13:43:30,MYOR,RG,1730,42,D,EP,ZP,D
13:43:30,MYOR,RG,1730,1,F,ZP,ZP,D
13:43:30,MYOR,RG,1730,161,D,BB,ZP,D
13:43:30,MYOR,RG,1730,5,D,GR,ZP,D
13:43:30,MYOR,RG,1730,12,D,CC,ZP,D
13:43:27,MYOR,RG,1730,8,D,CC,AK,F
13:43:27,MYOR,RG,1730,1,D,EP,AK,F
13:43:27,MYOR,RG,1730,4,D,PD,AK,F
13:43:27,MYOR,RG,1730,8,D,XC,AK,F
13:43:27,MYOR,RG,1730,8,D,XC,CC,D
13:43:27,MYOR,RG,1730,8,D,YP,CC,D
13:43:27,MYOR,RG,1730,70,D,XA,CC,D
13:43:27,MYOR,RG,1730,6,D,CC,CC,D
13:43:27,MYOR,RG,1730,5,D,NI,CC,D
13:43:27,MYOR,RG,1730,11,D,YB,CC,D
13:43:27,MYOR,RG,1730,9,D,XA,CC,D
13:43:27,MYOR,RG,1730,1,D,PD,CC,D
13:43:27,MYOR,RG,1730,282,D,ID,CC,D
13:43:25,MYOR,RG,1730,2,D,ID,NI,D
13:43:24,MYOR,RG,1730,6,D,ID,AK,F
13:43:23,MYOR,RG,1730,120,D,ID,NI,D
13:43:06,MYOR,RG,1730,50,D,ID,YP,D
13:43:05,MYOR,RG,1730,19,D,ID,YP,D
13:42:39,MYOR,RG,1730,21,D,ID,XA,D
13:42:39,MYOR,RG,1730,24,D,CC,XA,D
13:42:32,MYOR,RG,1730,2,D,CC,YP,D
13:42:29,MYOR,RG,1730,1,D,CC,XC,D
13:42:29,MYOR,RG,1730,5,D,CC,DR,D
13:42:13,MYOR,RG,1730,18,D,CC,XC,D
13:42:09,MYOR,RG,1730,1,D,CC,KK,D
13:42:02,MYOR,RG,1730,1,D,CC,YP,D
13:41:45,MYOR,RG,1730,1,D,CC,PD,D
13:41:28,MYOR,RG,1730,50,D,CC,XA,D
13:41:23,MYOR,RG,1730,9,D,CC,XC,D
13:41:23,MYOR,RG,1730,5,F,ZP,XC,D
13:41:19,MYOR,RG,1725,1,D,BB,KK,D
13:41:18,MYOR,RG,1725,115,D,BB,CC,D
13:41:18,MYOR,RG,1730,85,D,PD,CC,D
13:41:18,MYOR,RG,1730,1,D,PD,YP,D
13:41:18,MYOR,RG,1730,1,D,PD,XC,D
13:41:18,MYOR,RG,1730,30,D,PD,EP,D
13:41:18,MYOR,RG,1730,1,D,PD,XC,D
13:41:18,MYOR,RG,1730,50,D,PD,YP,D
13:41:18,MYOR,RG,1730,100,D,PD,EP,D
13:41:18,MYOR,RG,1730,5,D,PD,PD,D
13:41:18,MYOR,RG,1730,1,D,PD,XC,D
13:41:18,MYOR,RG,1730,1,D,PD,XC,D
13:41:18,MYOR,RG,1730,1,D,PD,CC,D
13:41:18,MYOR,RG,1730,1,D,PD,ZP,D
13:41:18,MYOR,RG,1730,7,D,PD,AT,D
13:41:18,MYOR,RG,1730,1,D,PD,PD,D
13:41:18,MYOR,RG,1730,50,D,PD,PD,D
13:41:18,MYOR,RG,1730,3,D,PD,PD,D
13:41:18,MYOR,RG,1730,15,D,PD,XC,D
13:41:18,MYOR,RG,1730,1,D,PD,MG,D
13:41:18,MYOR,RG,1730,1,D,PD,NI,D
13:41:18,MYOR,RG,1730,14,D,PD,XC,D
13:41:18,MYOR,RG,1730,5,D,PD,NI,D
13:41:18,MYOR,RG,1730,1,D,PD,PD,D
13:41:18,MYOR,RG,1730,8,D,PD,XL,D
13:41:18,MYOR,RG,1730,1,D,PD,PC,D
13:41:18,MYOR,RG,1730,10,D,PD,NI,D
13:41:18,MYOR,RG,1730,5,D,PD,KK,D
13:41:18,MYOR,RG,1730,1,D,PD,GR,D
13:41:18,MYOR,RG,1730,9,D,PD,XC,D
13:41:18,MYOR,RG,1730,1,D,PD,PD,D
13:41:18,MYOR,RG,1730,3,D,PD,XC,D
13:41:18,MYOR,RG,1730,5,D,PD,XC,D
13:41:18,MYOR,RG,1730,10,D,PD,KK,D
13:41:18,MYOR,RG,1730,5,D,PD,XC,D
13:41:18,MYOR,RG,1730,2,D,PD,NI,D
13:41:18,MYOR,RG,1730,20,D,PD,EP,D
13:41:18,MYOR,RG,1730,1,D,PD,XL,D
13:41:18,MYOR,RG,1730,5,D,PD,OD,D
13:41:18,MYOR,RG,1730,2,D,PD,YP,D
13:41:18,MYOR,RG,1730,1,D,PD,YP,D
13:41:18,MYOR,RG,1730,50,D,PD,YP,D
13:41:18,MYOR,RG,1730,50,D,PD,YP,D
13:41:18,MYOR,RG,1730,30,D,PD,PD,D
13:41:18,MYOR,RG,1730,50,D,PD,YP,D
13:41:18,MYOR,RG,1730,25,D,PD,YP,D
13:41:18,MYOR,RG,1730,1,D,PD,AT,D
13:41:18,MYOR,RG,1730,5,D,PD,DR,D
13:41:18,MYOR,RG,1730,1,D,PD,PD,D
13:41:18,MYOR,RG,1730,3,D,PD,CC,D
13:41:18,MYOR,RG,1730,137,D,PD,CC,D
13:41:18,MYOR,RG,1730,1,D,PD,PD,D
13:41:18,MYOR,RG,1730,1,D,PD,YP,D
13:41:18,MYOR,RG,1730,45,D,PD,PD,D
13:41:18,MYOR,RG,1730,5,D,PD,PD,D
13:41:18,MYOR,RG,1730,1,D,PD,PD,D
13:41:18,MYOR,RG,1730,1,D,PD,PD,D
13:41:18,MYOR,RG,1730,20,D,PD,PD,D
13:41:18,MYOR,RG,1730,10,D,PD,PD,D
13:41:18,MYOR,RG,1730,1,D,PD,PD,D
13:41:18,MYOR,RG,1730,7,D,PD,YB,D
13:41:18,MYOR,RG,1730,2,D,PD,PD,D
13:41:18,MYOR,RG,1730,1,D,PD,PD,D
13:41:18,MYOR,RG,1730,72,D,PD,HP,D
13:41:18,MYOR,RG,1730,1,D,PD,YP,D
13:41:18,MYOR,RG,1730,1,D,PD,PD,D
13:41:18,MYOR,RG,1730,49,D,PD,CC,D
13:41:18,MYOR,RG,1730,851,D,PD,CC,D
13:41:18,MYOR,RG,1730,227,D,PD,OD,D
13:41:18,MYOR,RG,1730,1386,D,PD,OD,D
13:41:04,MYOR,RG,1730,3,D,XC,OD,D
13:40:51,MYOR,RG,1730,80,D,PD,OD,D
13:40:35,MYOR,RG,1730,50,D,NI,OD,D
13:40:32,MYOR,RG,1730,1,D,CC,OD,D
13:40:27,MYOR,RG,1730,107,D,BB,OD,D
13:40:25,MYOR,RG,1730,22,D,AZ,OD,D
13:39:53,MYOR,RG,1730,2,D,XL,OD,D
13:39:34,MYOR,RG,1730,34,D,HP,OD,D
13:39:27,MYOR,RG,1730,2,D,PD,OD,D
13:39:20,MYOR,RG,1730,1,D,PD,OD,D
13:39:11,MYOR,RG,1730,9,D,XC,OD,D
13:39:00,MYOR,RG,1730,1,D,XC,OD,D
13:38:45,MYOR,RG,1730,96,D,BB,OD,D
13:38:30,MYOR,RG,1730,1,D,PD,OD,D
13:38:30,MYOR,RG,1730,20,D,CC,OD,D
13:38:12,MYOR,RG,1730,30,D,CC,OD,D
13:38:07,MYOR,RG,1730,10,D,XC,OD,D
13:38:04,MYOR,RG,1725,10,D,BB,EP,D
13:37:35,MYOR,RG,1730,150,D,YB,OD,D
13:37:19,MYOR,RG,1730,1,D,XL,OD,D
13:37:18,MYOR,RG,1730,3,D,YB,OD,D
13:37:10,MYOR,RG,1730,20,D,YB,OD,D
13:37:06,MYOR,RG,1730,72,D,BB,OD,D
13:36:36,MYOR,RG,1725,1,D,BB,KK,D
13:36:28,MYOR,RG,1725,7,D,BB,YP,D
13:36:19,MYOR,RG,1730,3,D,XC,OD,D
13:36:18,MYOR,RG,1730,2,D,XC,OD,D
13:36:17,MYOR,RG,1730,4,D,PD,OD,D
13:36:14,MYOR,RG,1730,2,D,PD,OD,D
13:36:05,MYOR,RG,1730,661,D,YB,OD,D
13:36:05,MYOR,RG,1730,1,D,YB,NI,D
13:36:05,MYOR,RG,1730,10,D,YB,XC,D
13:36:05,MYOR,RG,1730,1,D,YB,YP,D
13:36:05,MYOR,RG,1730,200,D,YB,CC,D
13:36:05,MYOR,RG,1730,5,D,YB,PD,D
13:36:05,MYOR,RG,1730,50,D,YB,YP,D
13:36:05,MYOR,RG,1730,42,D,YB,PD,D
13:36:02,MYOR,RG,1725,5,D,BB,DR,D
13:35:59,MYOR,RG,1730,58,D,YB,PD,D
13:35:59,MYOR,RG,1730,10,D,YB,CC,D
13:35:59,MYOR,RG,1730,1,D,YB,BQ,D
13:35:59,MYOR,RG,1730,5,D,YB,PD,D
13:35:59,MYOR,RG,1730,1,D,YB,PD,D
13:35:59,MYOR,RG,1730,50,D,YB,CP,D
13:35:59,MYOR,RG,1730,10,D,YB,PD,D
13:35:59,MYOR,RG,1730,1,D,YB,PD,D
13:35:59,MYOR,RG,1730,30,D,YB,EP,D
13:35:59,MYOR,RG,1730,34,D,YB,CC,D
13:35:40,MYOR,RG,1730,2,D,PD,CC,D
13:35:22,MYOR,RG,1730,10,D,LG,CC,D
13:35:08,MYOR,RG,1730,25,D,GR,CC,D
13:35:00,MYOR,RG,1730,1,D,XC,CC,D
13:34:54,MYOR,RG,1730,837,F,BK,CC,D
13:34:54,MYOR,RG,1730,5,F,BK,YB,D
13:34:54,MYOR,RG,1730,10,F,BK,PD,D
13:34:54,MYOR,RG,1730,20,F,BK,PD,D
13:34:54,MYOR,RG,1730,5,F,BK,KK,D
13:34:54,MYOR,RG,1730,2,F,BK,PD,D
13:34:54,MYOR,RG,1730,24,F,BK,PD,D
13:34:54,MYOR,RG,1730,20,F,BK,KK,D
13:34:54,MYOR,RG,1730,1,F,BK,DH,D
13:34:54,MYOR,RG,1730,1,F,BK,PD,D
13:34:54,MYOR,RG,1730,1,F,BK,PD,D
13:34:54,MYOR,RG,1730,2,F,BK,YP,D
13:34:54,MYOR,RG,1730,72,F,BK,CC,D
13:34:54,MYOR,RG,1730,2,D,YB,CC,D
13:34:49,MYOR,RG,1730,2,D,PD,CC,D
13:34:49,MYOR,RG,1725,243,D,BB,OD,D
13:34:49,MYOR,RG,1725,100,D,SQ,OD,D
13:34:49,MYOR,RG,1725,2,D,DR,OD,D
13:34:49,MYOR,RG,1725,58,D,YB,OD,D
13:34:49,MYOR,RG,1725,200,D,IF,OD,D
13:34:49,MYOR,RG,1725,1,D,PD,OD,D
13:34:49,MYOR,RG,1725,2,D,YB,OD,D
13:34:49,MYOR,RG,1725,100,D,IF,OD,D
13:34:49,MYOR,RG,1725,2,D,BQ,OD,D
13:34:49,MYOR,RG,1725,200,D,YP,OD,D
13:34:49,MYOR,RG,1725,10,D,YB,OD,D
13:34:49,MYOR,RG,1725,50,D,YP,OD,D
13:34:49,MYOR,RG,1725,2,D,NI,OD,D
13:34:49,MYOR,RG,1725,116,D,XC,OD,D
13:34:49,MYOR,RG,1725,140,D,YP,OD,D
13:34:49,MYOR,RG,1725,10,D,PD,OD,D
13:34:49,MYOR,RG,1725,50,D,KK,OD,D
13:34:49,MYOR,RG,1725,5,D,DR,OD,D
13:34:49,MYOR,RG,1725,12,D,XL,OD,D
13:34:49,MYOR,RG,1725,1,D,XL,OD,D
13:34:49,MYOR,RG,1725,6,D,XC,OD,D
13:34:49,MYOR,RG,1725,5,D,EP,OD,D
13:34:49,MYOR,RG,1725,20,D,YP,OD,D
13:34:49,MYOR,RG,1725,50,D,DH,OD,D
13:34:49,MYOR,RG,1725,100,D,FZ,OD,D
13:34:49,MYOR,RG,1725,15,D,PD,OD,D
13:34:49,MYOR,RG,1725,3,D,NI,OD,D
13:34:49,MYOR,RG,1725,15,D,XL,OD,D
13:34:49,MYOR,RG,1725,1,D,XC,OD,D
13:34:49,MYOR,RG,1725,2,D,XC,OD,D
13:34:49,MYOR,RG,1725,455,F,CC,OD,D
13:34:49,MYOR,RG,1725,1,F,ZP,OD,D
13:34:49,MYOR,RG,1725,23,D,PD,OD,D
13:34:41,MYOR,RG,1730,1,D,YP,CC,D
13:34:35,MYOR,RG,1730,18,D,YP,CC,D
13:34:35,MYOR,RG,1730,3,D,YP,PD,D
13:34:35,MYOR,RG,1730,1,D,YP,PD,D
13:34:35,MYOR,RG,1730,3,D,YP,AT,D
13:34:31,MYOR,RG,1725,1,D,PD,AG,D
13:34:25,MYOR,RG,1730,1,D,XL,AT,D
13:34:25,MYOR,RG,1730,2,D,XL,YU,D
13:34:25,MYOR,RG,1730,7,D,XL,DH,D
13:34:22,MYOR,RG,1730,10,D,DR,DH,D
13:34:19,MYOR,RG,1730,83,F,CC,DH,D
13:34:19,MYOR,RG,1730,10,F,CC,PC,D
13:34:19,MYOR,RG,1730,1,F,CC,XC,D
13:34:19,MYOR,RG,1730,1,F,CC,CC,D
13:34:19,MYOR,RG,1730,30,F,CC,PD,D
13:34:13,MYOR,RG,1730,20,F,CC,PD,D
13:34:13,MYOR,RG,1730,43,F,CC,SQ,D
13:34:11,MYOR,RG,1730,15,D,YB,SQ,D
13:33:56,MYOR,RG,1730,1,D,PD,SQ,D
13:33:56,MYOR,RG,1730,49,D,SQ,SQ,D
13:33:56,MYOR,RG,1730,51,D,SQ,CC,D
13:33:55,MYOR,RG,1725,1,D,PD,PD,D
13:33:51,MYOR,RG,1730,10,D,XC,CC,D
13:33:41,MYOR,RG,1730,6,D,XC,CC,D
13:33:40,MYOR,RG,1730,20,D,XC,CC,D
13:33:22,MYOR,RG,1730,5,D,XC,CC,D
13:33:21,MYOR,RG,1730,7,D,PD,CC,D
13:33:18,MYOR,RG,1730,7,D,XC,CC,D
13:33:02,MYOR,RG,1730,26,D,XC,CC,D
13:32:55,MYOR,RG,1730,2,D,XC,CC,D
13:32:55,MYOR,RG,1730,36,D,EP,CC,D
13:32:55,MYOR,RG,1730,2,D,EP,PD,D
13:32:55,MYOR,RG,1730,2,D,EP,PD,D
13:32:55,MYOR,RG,1730,1,D,EP,XL,D
13:32:55,MYOR,RG,1730,1,D,EP,XC,D
13:32:55,MYOR,RG,1730,2,D,EP,PD,D
13:32:55,MYOR,RG,1730,3,D,EP,YP,D
13:32:55,MYOR,RG,1730,1,D,EP,XC,D
13:32:55,MYOR,RG,1730,1,D,EP,NI,D
13:32:55,MYOR,RG,1730,15,D,EP,CD,D
13:32:55,MYOR,RG,1730,4,D,EP,CC,D
13:32:55,MYOR,RG,1730,2,D,EP,NI,D
13:32:55,MYOR,RG,1730,5,D,EP,XC,D
13:32:55,MYOR,RG,1730,32,D,EP,PD,D
13:32:52,MYOR,RG,1730,1,D,PD,PD,D
13:32:47,MYOR,RG,1730,3,D,XC,PD,D
13:32:40,MYOR,RG,1730,33,D,KK,PD,D
13:32:37,MYOR,RG,1730,4,D,XC,PD,D
13:32:34,MYOR,RG,1730,1,D,XC,PD,D
13:32:29,MYOR,RG,1730,15,D,PD,PD,D
13:32:27,MYOR,RG,1725,10,D,PD,CC,D
13:32:26,MYOR,RG,1725,1,D,PD,PD,D
13:32:19,MYOR,RG,1730,1,D,PD,PD,D
13:32:17,MYOR,RG,1730,10,D,YP,PD,D
13:32:17,MYOR,RG,1730,10,D,YP,PD,D
13:32:17,MYOR,RG,1730,110,D,YP,DH,D
13:32:17,MYOR,RG,1730,1,D,YP,XC,D
13:32:17,MYOR,RG,1730,60,D,YP,PD,D
13:32:17,MYOR,RG,1730,1,D,YP,XC,D
13:32:17,MYOR,RG,1730,2,D,YP,NI,D
13:32:17,MYOR,RG,1730,15,D,YP,PD,D
13:32:17,MYOR,RG,1730,1,D,YP,YP,D
13:32:17,MYOR,RG,1730,2,D,YP,XC,D
13:32:17,MYOR,RG,1730,25,D,YP,PD,D
13:32:17,MYOR,RG,1730,3,D,YP,XL,D
13:32:17,MYOR,RG,1730,1,D,YP,LG,D
13:32:17,MYOR,RG,1730,55,D,YP,XC,D
13:32:17,MYOR,RG,1730,5,D,XL,XC,D
13:31:55,MYOR,RG,1725,5,D,PD,DR,D
13:31:54,MYOR,RG,1725,2,D,PD,NI,D
13:31:31,MYOR,RG,1725,2,D,PD,XL,D
13:31:31,MYOR,RG,1725,8,D,PD,YP,D
13:31:31,MYOR,RG,1725,250,D,PD,NI,D
13:31:31,MYOR,RG,1725,3,D,PD,CC,D
13:31:31,MYOR,RG,1725,1,D,PD,YP,D
13:31:31,MYOR,RG,1725,3,D,PD,XL,D
13:31:30,MYOR,RG,1725,1,D,PD,YP,D
13:31:30,MYOR,RG,1725,1,D,PD,XL,D
13:31:30,MYOR,RG,1725,160,D,PD,YP,D
13:31:30,MYOR,RG,1725,493,D,PD,YP,D
13:31:30,MYOR,RG,1725,107,D,PD,YP,D
13:31:30,MYOR,RG,1725,25,D,PD,YP,D
13:31:30,MYOR,RG,1725,100,D,PD,YP,D
13:31:30,MYOR,RG,1725,3,D,PD,YP,D
13:31:30,MYOR,RG,1725,2,D,PD,YP,D
13:31:30,MYOR,RG,1725,1,D,PD,XC,D
13:31:30,MYOR,RG,1725,1,D,PD,XC,D
13:31:30,MYOR,RG,1725,50,D,PD,EP,D
13:31:30,MYOR,RG,1725,1,D,PD,AI,D
13:31:30,MYOR,RG,1725,8,D,PD,KK,D
13:31:30,MYOR,RG,1725,1,D,PD,XC,D
13:31:30,MYOR,RG,1725,2,D,PD,EP,D
13:31:30,MYOR,RG,1725,1,D,PD,XC,D
13:31:30,MYOR,RG,1725,7,D,PD,XC,D
13:31:30,MYOR,RG,1725,5,D,PD,XC,D
13:31:30,MYOR,RG,1725,2,D,PD,XC,D
13:31:30,MYOR,RG,1725,1,D,PD,PD,D
13:31:30,MYOR,RG,1725,316,D,PD,AT,D
13:31:30,MYOR,RG,1725,3,D,PD,AT,D
13:31:24,MYOR,RG,1725,1,D,CC,AT,D
13:31:12,MYOR,RG,1725,29,D,PD,AT,D
13:31:12,MYOR,RG,1725,3,D,XC,AT,D
13:30:45,MYOR,RG,1725,648,D,DX,AT,D
13:30:45,MYOR,RG,1725,7,D,DX,KK,D
13:30:45,MYOR,RG,1725,10,D,DX,PD,D
13:30:45,MYOR,RG,1725,4,D,DX,PD,D
13:30:45,MYOR,RG,1725,10,D,DX,PD,D
13:30:45,MYOR,RG,1725,1,D,DX,KK,D
13:30:45,MYOR,RG,1725,1,D,DX,PD,D
13:30:45,MYOR,RG,1725,3,D,DX,PD,D
13:30:45,MYOR,RG,1725,30,D,DX,PD,D
13:30:45,MYOR,RG,1725,1,D,DX,PD,D
13:30:45,MYOR,RG,1725,20,D,DX,SQ,D
13:30:45,MYOR,RG,1725,4,D,DX,SQ,D
13:30:45,MYOR,RG,1725,5,D,DX,XC,D
13:30:45,MYOR,RG,1725,2,D,DX,XC,D
13:30:45,MYOR,RG,1725,1,D,DX,XC,D
13:30:45,MYOR,RG,1725,1,D,DX,PD,D
13:30:45,MYOR,RG,1725,1,D,DX,XC,D
13:30:45,MYOR,RG,1725,1,D,DX,DH,D
13:30:45,MYOR,RG,1725,4,D,DX,PD,D
13:30:45,MYOR,RG,1725,3,D,DX,PD,D
13:30:45,MYOR,RG,1725,1,D,DX,AZ,D
13:30:45,MYOR,RG,1725,2,D,DX,CC,D
13:30:45,MYOR,RG,1725,50,D,DX,AZ,D
13:30:45,MYOR,RG,1725,20,D,DX,PD,D
13:30:45,MYOR,RG,1725,10,D,DX,YP,D
13:30:45,MYOR,RG,1725,5,D,DX,KK,D
13:30:45,MYOR,RG,1725,1,D,DX,XC,D
13:30:45,MYOR,RG,1725,2,D,DX,XL,D
13:30:45,MYOR,RG,1725,2,D,DX,PD,D
13:30:45,MYOR,RG,1725,260,D,DX,GR,D
13:30:37,MYOR,RG,1725,50,D,NI,GR,D
13:30:33,MYOR,RG,1720,7,D,DX,XL,D
13:30:32,MYOR,RG,1725,690,F,BK,GR,D
13:30:32,MYOR,RG,1725,65,F,BK,RB,D
13:30:32,MYOR,RG,1725,1,F,BK,PD,D
13:30:32,MYOR,RG,1725,6,F,BK,NI,D
13:30:32,MYOR,RG,1725,6,F,BK,PD,D
13:30:32,MYOR,RG,1725,5,F,BK,XC,D
13:30:32,MYOR,RG,1725,1,F,BK,SQ,D
13:30:32,MYOR,RG,1725,10,F,BK,XC,D
13:30:32,MYOR,RG,1725,1,F,BK,XL,D
13:30:32,MYOR,RG,1725,150,F,BK,CC,D
13:30:32,MYOR,RG,1725,14,F,BK,DR,D
13:30:32,MYOR,RG,1725,2,F,BK,PD,D
13:30:32,MYOR,RG,1725,1,F,BK,BQ,D
13:30:32,MYOR,RG,1725,15,F,BK,PD,D
13:30:32,MYOR,RG,1725,25,F,BK,KK,D
13:30:32,MYOR,RG,1725,8,F,BK,NI,D
13:30:31,MYOR,RG,1725,17,D,DX,NI,D
13:30:31,MYOR,RG,1725,31,D,DX,XL,D
13:30:31,MYOR,RG,1725,1422,D,DX,OD,D
13:30:31,MYOR,RG,1725,750,D,DX,OD,D
13:30:27,MYOR,RG,1725,3,D,XL,OD,D
13:30:17,MYOR,RG,1725,1,D,YP,OD,D
13:30:12,MYOR,RG,1725,6,D,YP,OD,D
13:30:10,MYOR,RG,1725,1,D,XL,OD,D
13:30:09,MYOR,RG,1725,4,D,XL,OD,D
13:30:08,MYOR,RG,1720,12,D,DX,XL,D
13:30:08,MYOR,RG,1720,1,D,DX,XL,D
13:30:06,MYOR,RG,1720,10,D,DX,CC,D
13:30:06,MYOR,RG,1725,1,D,PD,OD,D
13:30:05,MYOR,RG,1725,25,D,YP,OD,D
13:30:05,MYOR,RG,1725,10,D,CC,OD,D
13:30:04,MYOR,RG,1725,25,D,KK,OD,D
13:30:04,MYOR,RG,1725,10,D,XC,OD,D
13:30:04,MYOR,RG,1725,2,D,XC,OD,D
13:30:04,MYOR,RG,1720,20,D,DX,XC,D
13:30:04,MYOR,RG,1725,11,D,EP,OD,D
13:30:04,MYOR,RG,1725,1,D,XC,OD,D
13:30:04,MYOR,RG,1720,1,D,DX,XC,D
13:30:04,MYOR,RG,1725,2,D,XC,OD,D
13:30:03,MYOR,RG,1720,10,D,DX,EP,D
13:30:03,MYOR,RG,1725,1,D,CC,OD,D
13:30:03,MYOR,RG,1725,8,D,XC,OD,D
13:30:03,MYOR,RG,1725,3,D,XC,OD,D
13:30:03,MYOR,RG,1720,1,D,DX,OD,D
13:30:03,MYOR,RG,1725,2,D,CC,OD,D
13:30:03,MYOR,RG,1725,23,D,PD,OD,D
13:30:03,MYOR,RG,1725,30,D,YP,OD,D
13:30:03,MYOR,RG,1725,10,D,PD,OD,D
13:30:03,MYOR,RG,1725,40,D,PD,OD,D
13:30:03,MYOR,RG,1725,1,D,KK,OD,D
13:30:03,MYOR,RG,1725,1,D,AT,OD,D
13:30:02,MYOR,RG,1725,7,D,PD,OD,D
13:30:02,MYOR,RG,1725,3,D,PD,OD,D
13:30:02,MYOR,RG,1725,2,D,XC,OD,D
13:30:02,MYOR,RG,1720,16,D,DX,KK,D
13:30:02,MYOR,RG,1725,1,D,PD,OD,D
13:30:02,MYOR,RG,1725,8,D,KK,OD,D
13:30:02,MYOR,RG,1725,6,D,CC,OD,D
13:30:02,MYOR,RG,1725,5,D,KK,OD,D
13:30:02,MYOR,RG,1720,227,D,DX,YP,D
13:30:02,MYOR,RG,1720,375,D,DX,YP,D
13:30:02,MYOR,RG,1720,5,D,AT,YP,D
13:30:02,MYOR,RG,1720,2,D,NI,YP,D
13:30:02,MYOR,RG,1720,1,D,PD,YP,D
13:30:02,MYOR,RG,1720,1,F,ZP,YP,D
13:30:02,MYOR,RG,1720,1,D,XC,YP,D
13:30:02,MYOR,RG,1720,7,D,BB,YP,D
13:30:02,MYOR,RG,1720,31,D,YP,YP,D
13:30:02,MYOR,RG,1725,60,D,HP,OD,D
13:30:02,MYOR,RG,1725,1,D,SQ,OD,D
13:30:02,MYOR,RG,1725,300,D,SQ,OD,D
13:30:02,MYOR,RG,1725,1,D,PD,OD,D
13:30:02,MYOR,RG,1725,5,D,PD,OD,D
13:30:02,MYOR,RG,1725,3,D,PD,OD,D
13:30:01,MYOR,RG,1725,1,D,PD,OD,D
13:30:01,MYOR,RG,1725,1,D,XC,OD,D
13:30:01,MYOR,RG,1725,1,D,SQ,OD,D
13:30:01,MYOR,RG,1725,15,D,PD,OD,D
13:30:01,MYOR,RG,1720,1,D,YP,SQ,D
13:30:01,MYOR,RG,1725,1,D,XC,OD,D
13:30:01,MYOR,RG,1725,3,D,XC,OD,D
13:30:01,MYOR,RG,1725,1,D,XC,OD,D
13:30:01,MYOR,RG,1720,6,D,YP,PD,D
13:30:01,MYOR,RG,1725,3,D,EP,OD,D
13:30:01,MYOR,RG,1725,1,D,YB,OD,D
13:30:01,MYOR,RG,1725,40,D,PD,OD,D
11:29:40,MYOR,RG,1725,47,D,BB,OD,D
11:29:39,MYOR,RG,1720,5,D,RX,XC,D
11:29:22,MYOR,RG,1725,5,D,XL,OD,D
11:28:59,MYOR,RG,1725,124,D,BB,OD,D
11:28:38,MYOR,RG,1725,1,D,EP,OD,D
11:28:30,MYOR,RG,1720,2,D,RX,XC,D
11:27:35,MYOR,RG,1725,1,D,LG,OD,D
11:27:28,MYOR,RG,1720,50,D,RX,XC,D
11:27:07,MYOR,RG,1725,44,D,BB,OD,D
11:26:38,MYOR,RG,1720,1,D,RX,XC,D
11:26:10,MYOR,RG,1720,1,D,IF,PD,D
11:25:25,MYOR,RG,1725,10,D,NI,OD,D
11:24:21,MYOR,RG,1720,30,D,IF,YP,D
11:23:32,MYOR,RG,1725,26,D,BB,OD,D
11:22:56,MYOR,RG,1725,117,D,CC,OD,D
11:22:56,MYOR,RG,1720,169,D,IF,OD,D
11:22:56,MYOR,RG,1720,50,D,CC,OD,D
11:22:56,MYOR,RG,1720,10,D,DR,OD,D
11:22:56,MYOR,RG,1720,2,F,ZP,OD,D
11:22:56,MYOR,RG,1720,373,D,RX,OD,D
11:22:56,MYOR,RG,1720,5,D,XC,OD,D
11:22:56,MYOR,RG,1720,63,D,CC,OD,D
11:22:56,MYOR,RG,1720,2,D,PD,OD,D
11:22:56,MYOR,RG,1720,8,D,EP,OD,D
11:22:56,MYOR,RG,1720,245,F,CC,OD,D
11:22:56,MYOR,RG,1720,5,D,PD,OD,D
11:22:56,MYOR,RG,1720,17,D,RX,OD,D
11:22:56,MYOR,RG,1720,10,D,XA,OD,D
11:22:56,MYOR,RG,1720,2,D,NI,OD,D
11:22:56,MYOR,RG,1720,2,D,NI,OD,D
11:22:56,MYOR,RG,1720,1,D,BB,OD,D
11:22:56,MYOR,RG,1720,500,D,AG,OD,D
11:22:56,MYOR,RG,1720,57,D,CC,OD,D
11:22:56,MYOR,RG,1720,1,F,ZP,OD,D
11:22:56,MYOR,RG,1720,206,D,RX,OD,D
11:22:56,MYOR,RG,1720,272,D,RX,OD,D
11:22:50,MYOR,RG,1720,68,D,RX,PD,D
11:22:50,MYOR,RG,1720,32,F,AK,PD,D
11:22:49,MYOR,RG,1725,763,D,YP,OD,D
11:22:49,MYOR,RG,1725,10,D,YP,PD,D
11:22:49,MYOR,RG,1725,2,D,YP,NI,D
11:22:49,MYOR,RG,1725,1,D,YP,PD,D
11:22:49,MYOR,RG,1725,10,D,YP,PD,D
11:22:49,MYOR,RG,1725,2,D,YP,PD,D
11:22:49,MYOR,RG,1725,20,D,YP,XC,D
11:22:49,MYOR,RG,1725,6,D,YP,PD,D
11:22:49,MYOR,RG,1725,15,D,YP,YP,D
11:22:49,MYOR,RG,1725,27,D,YP,XL,D
11:22:49,MYOR,RG,1725,10,D,YP,YP,D
11:22:49,MYOR,RG,1725,7,D,YP,PD,D
11:22:49,MYOR,RG,1725,1,D,YP,PD,D
11:22:49,MYOR,RG,1725,15,D,YP,HP,D
11:22:49,MYOR,RG,1725,4,D,YP,XC,D
11:22:49,MYOR,RG,1725,4,D,YP,YP,D
11:22:49,MYOR,RG,1725,3,D,YP,CC,D
11:22:49,MYOR,RG,1725,1,D,YP,KK,D
11:22:49,MYOR,RG,1725,100,D,YP,SQ,D
11:22:49,MYOR,RG,1725,15,D,YP,XC,D
11:22:49,MYOR,RG,1725,2,D,YP,CC,D
11:22:49,MYOR,RG,1725,1,D,YP,PD,D
11:22:49,MYOR,RG,1725,81,D,YP,YP,D
11:22:45,MYOR,RG,1725,28,D,BB,YP,D
11:22:29,MYOR,RG,1720,2,F,AK,PD,D
11:22:29,MYOR,RG,1725,116,D,TP,YP,D
11:22:29,MYOR,RG,1725,1,D,TP,XL,D
11:22:29,MYOR,RG,1725,1,D,TP,PD,D
11:22:29,MYOR,RG,1725,1,D,TP,YP,D
11:22:29,MYOR,RG,1725,1,D,TP,DH,D
11:22:29,MYOR,RG,1725,5,D,TP,EP,D
11:22:29,MYOR,RG,1725,1,D,TP,XC,D
11:22:29,MYOR,RG,1725,2,D,TP,XL,D
11:22:29,MYOR,RG,1725,2,D,TP,PD,D
11:22:29,MYOR,RG,1725,1,D,TP,XC,D
11:22:29,MYOR,RG,1725,50,D,TP,YP,D
11:22:29,MYOR,RG,1725,20,D,TP,PD,D
11:22:29,MYOR,RG,1725,55,D,TP,CC,D
11:22:29,MYOR,RG,1725,25,D,TP,DH,D
11:22:29,MYOR,RG,1725,3,D,TP,CC,D
11:22:29,MYOR,RG,1725,10,D,TP,CC,D
11:22:29,MYOR,RG,1725,5,D,TP,PD,D
11:22:29,MYOR,RG,1725,1,D,TP,YP,D
11:22:00,MYOR,RG,1725,1,D,CC,YP,D
11:22:00,MYOR,RG,1725,3,D,CC,PD,D
11:22:00,MYOR,RG,1725,1,D,CC,PD,D
11:22:00,MYOR,RG,1725,2,D,CC,YP,D
11:22:00,MYOR,RG,1725,32,D,CC,YP,D
11:21:57,MYOR,RG,1720,41,F,AK,XL,D
11:21:55,MYOR,RG,1725,29,D,BB,YP,D
11:21:55,MYOR,RG,1725,20,D,NI,YP,D
11:21:49,MYOR,RG,1720,1,F,AK,XC,D
11:21:32,MYOR,RG,1720,1,F,AK,DR,D
11:21:31,MYOR,RG,1720,35,F,AK,XL,D
11:21:26,MYOR,RG,1720,20,F,AK,CC,D
11:21:05,MYOR,RG,1725,5,D,XC,YP,D
11:21:04,MYOR,RG,1725,25,D,BB,YP,D
11:20:53,MYOR,RG,1725,1,D,XC,YP,D
11:20:51,MYOR,RG,1720,65,F,AK,YP,D
11:20:34,MYOR,RG,1725,18,D,PD,YP,D
11:20:20,MYOR,RG,1720,100,F,AK,DR,D
11:20:18,MYOR,RG,1725,31,D,BB,YP,D
11:20:01,MYOR,RG,1720,1,F,AK,XC,D
11:19:53,MYOR,RG,1720,10,F,AK,YU,D
11:19:38,MYOR,RG,1725,3,D,XL,YP,D
11:19:23,MYOR,RG,1725,32,D,BB,YP,D
11:19:15,MYOR,RG,1720,10,F,AK,YU,D
11:19:07,MYOR,RG,1720,4,F,AK,XC,D
11:19:02,MYOR,RG,1720,1,F,AK,PD,D
11:18:46,MYOR,RG,1720,4,F,AK,XL,D
11:18:45,MYOR,RG,1725,2,D,PD,YP,D
11:18:45,MYOR,RG,1725,1,D,XC,YP,D
11:18:27,MYOR,RG,1725,26,D,BB,YP,D
11:17:40,MYOR,RG,1720,10,F,AK,XC,D
11:17:40,MYOR,RG,1725,26,D,BB,YP,D
11:17:38,MYOR,RG,1720,100,F,AK,PD,D
11:17:24,MYOR,RG,1720,29,F,AK,XC,D
11:17:24,MYOR,RG,1720,1,D,BB,XC,D
11:17:18,MYOR,RG,1725,500,F,AK,YP,D
11:17:18,MYOR,RG,1725,49,F,AK,YP,D
11:17:18,MYOR,RG,1725,375,F,AK,XC,D
11:17:18,MYOR,RG,1725,30,F,AK,XA,D
11:17:18,MYOR,RG,1725,8,F,AK,PD,D
11:17:18,MYOR,RG,1725,5,F,AK,XC,D
11:17:18,MYOR,RG,1725,3,F,AK,XC,D
11:17:18,MYOR,RG,1725,20,F,AK,KK,D
11:17:18,MYOR,RG,1725,10,F,AK,CC,D
11:17:16,MYOR,RG,1720,4,D,PD,AK,F
11:17:16,MYOR,RG,1720,1,D,PD,PD,D
11:17:16,MYOR,RG,1720,10,D,PD,DR,D
11:17:16,MYOR,RG,1720,5,D,PD,PD,D
11:17:16,MYOR,RG,1720,10,D,PD,XC,D
11:17:16,MYOR,RG,1720,800,D,PD,DH,D
11:17:16,MYOR,RG,1720,20,D,PD,OD,D
11:17:16,MYOR,RG,1720,7,D,PD,XC,D
11:17:16,MYOR,RG,1720,1,D,PD,PD,D
11:17:16,MYOR,RG,1720,3,D,PD,PD,D
11:17:16,MYOR,RG,1720,1,D,PD,AK,F
11:17:16,MYOR,RG,1720,2,D,PD,PD,D
11:17:16,MYOR,RG,1720,28,D,PD,AK,F
11:17:16,MYOR,RG,1720,467,D,PD,AK,F
11:17:16,MYOR,RG,1720,596,D,PD,AK,F
11:17:16,MYOR,RG,1720,318,D,PD,AK,F
11:17:16,MYOR,RG,1720,5,D,PD,DR,D
11:17:16,MYOR,RG,1720,100,D,PD,YP,D
11:17:16,MYOR,RG,1720,3,D,PD,YP,D
11:17:16,MYOR,RG,1720,6,D,PD,XL,D
11:17:16,MYOR,RG,1720,10,D,PD,SQ,D
11:17:16,MYOR,RG,1720,15,D,PD,PD,D
11:17:16,MYOR,RG,1720,4,D,PD,XC,D
11:17:16,MYOR,RG,1720,20,D,PD,TP,D
11:17:16,MYOR,RG,1720,85,D,PD,CC,D
11:17:16,MYOR,RG,1720,100,D,PD,AZ,D
11:17:16,MYOR,RG,1720,2,D,PD,CC,D
11:17:16,MYOR,RG,1720,9,D,PD,PD,D
11:17:16,MYOR,RG,1720,5,D,PD,PD,D
11:17:16,MYOR,RG,1720,1,D,PD,XC,D
11:17:16,MYOR,RG,1720,1,D,PD,PD,D
11:17:16,MYOR,RG,1720,137,D,PD,CC,D
11:17:16,MYOR,RG,1720,63,D,PD,CC,D
11:17:16,MYOR,RG,1720,10,D,PD,XL,D
11:17:16,MYOR,RG,1720,1,D,PD,PD,D
11:17:16,MYOR,RG,1720,100,D,PD,PD,D
11:17:16,MYOR,RG,1720,38,D,PD,XC,D
11:17:16,MYOR,RG,1720,5,D,PD,PD,D
11:17:16,MYOR,RG,1720,2,D,PD,PD,D
11:17:16,MYOR,RG,1720,1603,D,PD,YP,D
11:17:00,MYOR,RG,1715,10,D,DX,PD,D
11:16:56,MYOR,RG,1720,70,D,RX,YP,D
11:16:56,MYOR,RG,1720,24,D,RX,XC,D
11:16:52,MYOR,RG,1720,26,D,BB,XC,D
11:16:22,MYOR,RG,1720,16,D,RX,XC,D
11:16:22,MYOR,RG,1720,7,D,RX,XC,D
11:16:22,MYOR,RG,1720,11,D,RX,PD,D
11:16:22,MYOR,RG,1720,23,D,RX,XC,D
11:16:22,MYOR,RG,1720,5,D,RX,NI,D
11:16:22,MYOR,RG,1720,4,D,RX,PD,D
11:16:17,MYOR,RG,1720,6,D,SQ,PD,D
11:16:17,MYOR,RG,1720,1,D,SQ,XC,D
11:16:17,MYOR,RG,1720,13,D,SQ,OD,D
11:16:05,MYOR,RG,1720,27,D,BB,OD,D
11:15:58,MYOR,RG,1720,69,D,RX,OD,D
11:15:50,MYOR,RG,1720,131,D,CC,OD,D
11:15:32,MYOR,RG,1720,102,D,RX,OD,D
11:15:32,MYOR,RG,1720,1,D,CC,OD,D
11:15:17,MYOR,RG,1720,26,D,BB,OD,D
11:15:02,MYOR,RG,1720,148,D,RX,OD,D
11:14:53,MYOR,RG,1720,1,D,XC,OD,D
11:14:47,MYOR,RG,1720,1,D,XC,OD,D
11:14:30,MYOR,RG,1720,28,D,BB,OD,D
11:14:27,MYOR,RG,1715,59,D,DX,XC,D
11:14:23,MYOR,RG,1720,2,D,XL,OD,D
11:14:10,MYOR,RG,1720,142,D,RX,OD,D
11:14:06,MYOR,RG,1715,10,D,DX,XA,D
11:13:52,MYOR,RG,1715,17,D,DX,YP,D
11:13:41,MYOR,RG,1720,28,D,BB,OD,D
11:13:27,MYOR,RG,1715,1,D,DX,LG,D
11:13:19,MYOR,RG,1720,111,D,RX,OD,D
11:13:14,MYOR,RG,1715,2,D,DX,SQ,D
11:12:51,MYOR,RG,1720,30,D,BB,OD,D
11:12:39,MYOR,RG,1715,1,D,DX,PD,D
11:12:34,MYOR,RG,1720,109,D,RX,OD,D
11:11:58,MYOR,RG,1720,26,D,BB,OD,D
11:11:56,MYOR,RG,1720,179,F,AK,OD,D
11:11:56,MYOR,RG,1720,148,D,RX,OD,D
11:11:49,MYOR,RG,1720,1,D,PD,OD,D
11:11:10,MYOR,RG,1720,29,D,BB,OD,D
11:11:08,MYOR,RG,1720,132,D,RX,OD,D
11:11:02,MYOR,RG,1715,7,D,DX,XL,D
11:10:43,MYOR,RG,1720,100,D,OD,OD,D
11:10:20,MYOR,RG,1720,28,D,BB,OD,D
11:10:09,MYOR,RG,1715,58,D,DX,EP,D
11:09:30,MYOR,RG,1720,28,D,BB,OD,D
11:09:08,MYOR,RG,1715,1,D,DX,XC,D
11:09:02,MYOR,RG,1715,17,D,DX,XC,D
11:08:41,MYOR,RG,1715,40,D,DX,CC,D
11:08:39,MYOR,RG,1720,12,D,BB,OD,D
11:08:14,MYOR,RG,1715,4,D,DX,PD,D
11:07:25,MYOR,RG,1715,1,D,DX,XC,D
11:07:25,MYOR,RG,1715,73,D,DX,AK,F
11:07:25,MYOR,RG,1715,66,D,DX,XC,D
11:06:59,MYOR,RG,1715,134,F,AK,XC,D
11:06:59,MYOR,RG,1715,45,F,AK,AK,F
11:06:58,MYOR,RG,1715,194,D,PD,AK,F
11:06:58,MYOR,RG,1715,101,D,PD,AK,F
11:06:58,MYOR,RG,1715,308,D,PD,AK,F
11:06:58,MYOR,RG,1715,30,D,PD,AK,F
11:06:58,MYOR,RG,1715,6,D,PD,AK,F
11:06:58,MYOR,RG,1715,360,D,PD,AG,D
11:06:38,MYOR,RG,1715,5,D,YP,AG,D
11:05:51,MYOR,RG,1715,95,F,AK,AG,D
11:05:51,MYOR,RG,1715,40,D,BB,AG,D
11:05:47,MYOR,RG,1715,23,D,BB,CC,D
11:05:42,MYOR,RG,1715,14,F,AK,KK,D
11:05:42,MYOR,RG,1715,16,D,BB,KK,D
11:05:42,MYOR,RG,1715,2,D,PD,KK,D
11:05:42,MYOR,RG,1715,52,D,YP,KK,D
11:05:42,MYOR,RG,1715,1,D,CC,KK,D
11:05:42,MYOR,RG,1715,6,D,XC,KK,D
11:05:42,MYOR,RG,1715,1,F,ZP,KK,D
11:05:42,MYOR,RG,1715,1,D,XC,KK,D
11:05:42,MYOR,RG,1715,17,D,XC,KK,D
11:05:24,MYOR,RG,1715,83,D,XC,AG,D
11:05:24,MYOR,RG,1715,1,D,XC,AG,D
11:05:24,MYOR,RG,1715,97,D,PD,AG,D
11:05:24,MYOR,RG,1715,50,D,PD,AG,D
11:05:24,MYOR,RG,1715,154,D,PD,AG,D
11:05:24,MYOR,RG,1715,115,D,PD,AG,D
11:05:22,MYOR,RG,1715,5,D,PD,KK,D
11:05:04,MYOR,RG,1715,10,D,PD,NI,D
11:04:23,MYOR,RG,1715,5,D,PD,DR,D
11:03:58,MYOR,RG,1715,5,D,PD,XC,D
11:03:31,MYOR,RG,1715,2,D,PD,NI,D
11:03:21,MYOR,RG,1715,5,D,PD,KK,D
11:03:21,MYOR,RG,1715,1,D,PD,XC,D
11:02:57,MYOR,RG,1715,2,D,PD,XC,D
11:02:41,MYOR,RG,1715,48,D,PD,CC,D
11:02:41,MYOR,RG,1715,23,D,PD,CC,D
11:01:53,MYOR,RG,1715,44,D,PD,CC,D
11:01:53,MYOR,RG,1715,1,F,ZP,CC,D
11:01:53,MYOR,RG,1715,5,D,GR,CC,D
11:00:50,MYOR,RG,1715,17,D,GR,PD,D
11:00:45,MYOR,RG,1715,1,D,GR,XC,D
11:00:05,MYOR,RG,1715,77,D,GR,PD,D
11:00:05,MYOR,RG,1715,10,D,XA,PD,D
11:00:05,MYOR,RG,1715,13,D,KK,PD,D
11:00:03,MYOR,RG,1720,10,D,XC,OD,D
10:59:41,MYOR,RG,1720,23,D,SQ,OD,D
10:59:34,MYOR,RG,1715,10,D,KK,EP,D
10:59:30,MYOR,RG,1715,1,D,KK,KK,D
10:59:12,MYOR,RG,1715,2,D,KK,PD,D
10:59:08,MYOR,RG,1715,2,D,KK,CC,D
10:58:57,MYOR,RG,1715,20,D,KK,XC,D
10:58:49,MYOR,RG,1715,3,D,KK,PD,D
10:58:49,MYOR,RG,1715,1,D,KK,PD,D
10:58:27,MYOR,RG,1715,1,D,KK,XL,D
10:57:54,MYOR,RG,1715,7,D,KK,NI,D
10:57:54,MYOR,RG,1715,13,F,CC,NI,D
10:57:49,MYOR,RG,1715,10,F,CC,PD,D
10:57:37,MYOR,RG,1715,21,F,CC,CC,D
10:57:06,MYOR,RG,1715,15,F,CC,KK,D
10:57:06,MYOR,RG,1715,30,D,PD,KK,D
10:57:06,MYOR,RG,1715,6,D,SQ,KK,D
10:57:06,MYOR,RG,1715,1,D,YP,KK,D
10:57:06,MYOR,RG,1715,30,D,CC,KK,D
10:57:06,MYOR,RG,1715,58,D,XL,KK,D
10:56:35,MYOR,RG,1720,1,D,XC,OD,D
10:56:35,MYOR,RG,1715,2,D,XL,PD,D
10:55:37,MYOR,RG,1715,1,D,XL,IF,D
10:55:37,MYOR,RG,1715,1,F,BK,IF,D
10:55:35,MYOR,RG,1715,10,F,BK,XC,D
10:55:24,MYOR,RG,1715,90,F,BK,YP,D
10:55:24,MYOR,RG,1715,1,F,ZP,YP,D
10:55:24,MYOR,RG,1715,69,D,CC,YP,D
10:55:24,MYOR,RG,1715,20,D,YP,YP,D
10:55:24,MYOR,RG,1715,18,D,DH,YP,D
10:55:24,MYOR,RG,1715,2,D,EP,YP,D
10:55:13,MYOR,RG,1720,1,D,PD,OD,D
10:54:47,MYOR,RG,1715,1,D,EP,XC,D
10:54:42,MYOR,RG,1715,2,D,EP,YP,D
10:54:42,MYOR,RG,1715,8,F,BK,YP,D
10:54:30,MYOR,RG,1715,4,F,BK,AG,D
10:54:28,MYOR,RG,1715,1,F,BK,XC,D
10:54:14,MYOR,RG,1715,6,F,BK,CC,D
10:54:14,MYOR,RG,1715,1,F,ZP,CC,D
10:54:14,MYOR,RG,1715,33,D,GR,CC,D
10:54:14,MYOR,RG,1720,1,D,XC,OD,D
10:54:09,MYOR,RG,1715,10,D,GR,PD,D
10:54:04,MYOR,RG,1720,1,D,XC,OD,D
10:53:58,MYOR,RG,1720,5,D,SQ,OD,D
10:53:52,MYOR,RG,1720,2,D,XC,OD,D
10:53:24,MYOR,RG,1720,15,D,XL,OD,D
10:53:16,MYOR,RG,1715,2,D,GR,KK,D
10:53:10,MYOR,RG,1715,1,D,GR,PD,D
10:53:10,MYOR,RG,1715,2,D,GR,XC,D
10:53:10,MYOR,RG,1715,52,D,GR,AK,F
10:53:04,MYOR,RG,1715,5,D,XC,AK,F
10:53:04,MYOR,RG,1715,1,D,XC,AK,F
10:52:02,MYOR,RG,1715,1,F,ZP,AK,F
10:52:02,MYOR,RG,1715,29,D,PD,AK,F
10:52:02,MYOR,RG,1715,164,D,PD,AK,F
10:52:02,MYOR,RG,1715,101,D,PD,AK,F
10:52:02,MYOR,RG,1715,82,D,PD,AK,F
10:52:02,MYOR,RG,1715,5,D,PD,AK,F
10:52:02,MYOR,RG,1715,5,D,PD,YB,D
10:52:02,MYOR,RG,1715,2,D,PD,XL,D
10:52:02,MYOR,RG,1715,50,D,PD,PD,D
10:52:02,MYOR,RG,1715,10,D,PD,CC,D
10:52:02,MYOR,RG,1715,4,D,PD,LG,D
10:52:02,MYOR,RG,1715,40,D,PD,XC,D
10:52:02,MYOR,RG,1715,3,D,PD,EP,D
10:52:02,MYOR,RG,1715,5,D,PD,AK,F
10:52:02,MYOR,RG,1715,102,D,PD,RX,D
10:52:01,MYOR,RG,1715,155,D,PD,RX,D
10:52:01,MYOR,RG,1715,241,D,PD,RX,D
10:51:55,MYOR,RG,1715,6,D,XC,RX,D
10:51:45,MYOR,RG,1715,1,D,XC,RX,D
10:51:30,MYOR,RG,1715,3,D,PD,RX,D
10:50:22,MYOR,RG,1715,12,D,XL,RX,D
10:50:00,MYOR,RG,1710,2,F,AK,EP,D
10:49:41,MYOR,RG,1710,1,F,AK,DH,D
10:49:29,MYOR,RG,1715,100,D,NI,RX,D
10:49:21,MYOR,RG,1715,2,D,YP,RX,D
10:49:20,MYOR,RG,1715,109,F,BK,RX,D
10:49:20,MYOR,RG,1715,1,F,ZP,RX,D
10:49:20,MYOR,RG,1715,83,D,NI,RX,D
10:49:13,MYOR,RG,1715,1,D,NI,NI,D
10:49:13,MYOR,RG,1715,12,D,NI,YP,D
10:49:13,MYOR,RG,1715,2,D,NI,PD,D
10:49:13,MYOR,RG,1715,35,D,NI,YP,D
10:49:13,MYOR,RG,1715,5,D,NI,KK,D
10:49:13,MYOR,RG,1715,15,D,NI,PD,D
10:49:13,MYOR,RG,1715,14,D,NI,XC,D
10:49:13,MYOR,RG,1715,7,D,NI,AK,F
10:49:13,MYOR,RG,1715,18,D,NI,XL,D
10:49:13,MYOR,RG,1715,5,D,NI,AK,F
10:49:13,MYOR,RG,1715,3,D,NI,RX,D
10:48:58,MYOR,RG,1715,1,D,XC,RX,D
10:48:48,MYOR,RG,1710,6,F,AK,PD,D
10:48:48,MYOR,RG,1715,135,D,DR,RX,D
10:48:48,MYOR,RG,1715,65,D,DR,RX,D
10:47:48,MYOR,RG,1710,1,F,AK,DR,D
10:47:39,MYOR,RG,1715,3,D,CC,RX,D
10:47:26,MYOR,RG,1715,1,D,XC,RX,D
10:47:01,MYOR,RG,1715,25,D,BQ,RX,D
10:46:26,MYOR,RG,1715,4,D,CC,RX,D
10:46:24,MYOR,RG,1715,20,D,CC,RX,D
10:46:23,MYOR,RG,1715,2,D,NI,RX,D
10:46:23,MYOR,RG,1715,1,D,PD,RX,D
10:46:21,MYOR,RG,1715,8,D,XL,RX,D
10:46:16,MYOR,RG,1715,150,F,AK,RX,D
10:46:16,MYOR,RG,1715,1,F,ZP,RX,D
10:46:16,MYOR,RG,1715,96,D,PD,RX,D
10:46:16,MYOR,RG,1715,45,D,PD,RX,D
10:46:11,MYOR,RG,1720,255,F,AK,OD,D
10:46:11,MYOR,RG,1715,1,D,PD,DR,D
10:46:11,MYOR,RG,1715,4,D,PD,AK,F
10:46:11,MYOR,RG,1715,2,D,PD,AK,F
10:46:11,MYOR,RG,1715,139,D,PD,RX,D
10:46:11,MYOR,RG,1715,13,D,PD,RX,D
10:46:11,MYOR,RG,1715,198,D,PD,RX,D
10:45:46,MYOR,RG,1715,30,D,CC,RX,D
10:45:37,MYOR,RG,1715,1,D,DR,RX,D
10:45:09,MYOR,RG,1710,1,F,AK,NI,D
10:45:08,MYOR,RG,1710,1,F,AK,CC,D
10:45:03,MYOR,RG,1715,4,D,XC,RX,D
10:44:43,MYOR,RG,1710,1,F,AK,CC,D
10:44:04,MYOR,RG,1710,1,F,AK,XC,D
10:43:58,MYOR,RG,1710,15,F,AK,DR,D
10:43:54,MYOR,RG,1710,13,F,AK,XC,D
10:43:35,MYOR,RG,1715,40,D,CC,RX,D
10:43:13,MYOR,RG,1715,135,D,PD,RX,D
10:43:05,MYOR,RG,1715,1,D,PD,YP,D
10:43:05,MYOR,RG,1715,79,D,PD,AK,F
10:43:05,MYOR,RG,1715,10,D,PD,NI,D
10:43:05,MYOR,RG,1715,275,D,PD,AK,F
10:43:04,MYOR,RG,1710,5,F,AK,XC,D
10:42:55,MYOR,RG,1715,7,D,YP,AK,F
10:42:43,MYOR,RG,1710,5,F,AK,XC,D
10:42:41,MYOR,RG,1715,62,D,PD,AK,F
10:42:41,MYOR,RG,1715,168,D,PD,AK,F
10:42:41,MYOR,RG,1715,6,D,PD,AK,F
10:42:41,MYOR,RG,1715,17,D,PD,RX,D
10:42:41,MYOR,RG,1715,245,D,PD,RX,D
10:42:36,MYOR,RG,1715,2,D,EP,RX,D
10:42:35,MYOR,RG,1715,10,D,YP,RX,D
10:42:34,MYOR,RG,1715,10,D,XL,RX,D
10:42:34,MYOR,RG,1715,7,D,XC,RX,D
10:42:34,MYOR,RG,1715,3,F,ZP,RX,D
10:42:34,MYOR,RG,1715,3,D,PD,RX,D
10:42:34,MYOR,RG,1715,20,D,GR,RX,D
10:42:34,MYOR,RG,1715,10,D,YP,RX,D
10:42:34,MYOR,RG,1715,91,F,BK,RX,D
10:42:34,MYOR,RG,1715,115,F,BK,RX,D
10:42:34,MYOR,RG,1715,97,F,AK,RX,D
10:42:34,MYOR,RG,1715,1052,D,CC,RX,D
10:42:29,MYOR,RG,1720,34,F,AK,OD,D
10:42:29,MYOR,RG,1720,1,F,AK,PD,D
10:42:29,MYOR,RG,1720,10,F,AK,PD,D
10:42:29,MYOR,RG,1720,5,F,AK,KK,D
10:42:29,MYOR,RG,1720,19,F,AK,AK,F
10:42:29,MYOR,RG,1720,31,F,AK,YP,D
10:42:29,MYOR,RG,1720,139,F,AK,AK,F
10:42:28,MYOR,RG,1720,150,D,MI,AK,F
10:42:24,MYOR,RG,1720,1,D,PD,AK,F
10:42:17,MYOR,RG,1720,20,D,YP,AK,F
10:42:13,MYOR,RG,1715,55,D,CC,AK,F
10:42:13,MYOR,RG,1715,14,D,CC,XC,D
10:42:08,MYOR,RG,1720,6,D,XL,AK,F
10:41:55,MYOR,RG,1720,124,F,AK,RX,D
10:41:54,MYOR,RG,1720,125,D,PD,RX,D
10:41:54,MYOR,RG,1720,30,D,PD,RX,D
10:41:54,MYOR,RG,1720,352,D,PD,RX,D
10:41:54,MYOR,RG,1720,491,D,PD,RX,D
10:41:32,MYOR,RG,1715,5,D,CC,PD,D
10:41:32,MYOR,RG,1715,20,D,CC,XL,D
10:41:32,MYOR,RG,1725,190,F,AK,CC,D
10:41:32,MYOR,RG,1725,20,F,AK,PD,D
10:41:32,MYOR,RG,1725,10,F,AK,KK,D
10:41:32,MYOR,RG,1725,5,F,AK,NI,D
10:41:32,MYOR,RG,1725,1,F,AK,XL,D
10:41:32,MYOR,RG,1725,5,F,AK,BQ,D
10:41:32,MYOR,RG,1725,5,F,AK,LG,D
10:41:32,MYOR,RG,1725,2,F,AK,LS,D
10:41:32,MYOR,RG,1725,1,F,AK,CC,D
10:41:31,MYOR,RG,1715,130,D,CC,AK,F
10:41:31,MYOR,RG,1715,1000,D,CC,RX,D
10:41:31,MYOR,RG,1715,724,D,CC,RX,D
10:41:02,MYOR,RG,1715,239,F,AK,RX,D
10:41:01,MYOR,RG,1715,97,F,AK,RX,D
10:41:01,MYOR,RG,1715,4,F,ZP,RX,D
10:41:01,MYOR,RG,1715,1470,D,DX,RX,D
10:41:01,MYOR,RG,1715,466,D,DX,RX,D
10:41:01,MYOR,RG,1720,2,F,AK,AK,F
10:41:01,MYOR,RG,1720,5,F,AK,YP,D
10:41:01,MYOR,RG,1720,16,F,AK,AK,F
10:41:01,MYOR,RG,1720,146,F,AK,AK,F
10:40:59,MYOR,RG,1720,344,D,CC,AK,F
10:40:59,MYOR,RG,1720,50,D,CC,YP,D
10:40:59,MYOR,RG,1720,5,D,CC,PD,D
10:40:59,MYOR,RG,1720,151,D,CC,YP,D
10:40:59,MYOR,RG,1720,70,D,CC,PD,D
10:40:59,MYOR,RG,1720,4,D,CC,XC,D
10:40:59,MYOR,RG,1720,1,D,CC,DH,D
10:40:59,MYOR,RG,1720,5,D,CC,YP,D
10:40:59,MYOR,RG,1720,999,D,CC,PD,D
10:40:59,MYOR,RG,1720,2,D,CC,LS,D
10:40:59,MYOR,RG,1720,2,D,CC,NI,D
10:40:59,MYOR,RG,1720,10,D,CC,CC,D
10:40:59,MYOR,RG,1720,2,D,CC,YP,D
10:40:59,MYOR,RG,1720,5,D,CC,XC,D
10:40:59,MYOR,RG,1720,2,D,CC,CC,D
10:40:59,MYOR,RG,1720,100,D,CC,YP,D
10:40:59,MYOR,RG,1720,2,D,CC,NI,D
10:40:59,MYOR,RG,1720,4,D,CC,XC,D
10:40:59,MYOR,RG,1720,3,D,CC,CC,D
10:40:59,MYOR,RG,1720,1,D,CC,XC,D
10:40:59,MYOR,RG,1720,1,D,CC,PD,D
10:40:59,MYOR,RG,1720,20,D,CC,ZR,D
10:40:59,MYOR,RG,1720,5,D,CC,PD,D
10:40:59,MYOR,RG,1720,5,D,CC,PD,D
10:40:59,MYOR,RG,1720,70,D,CC,YU,D
10:40:59,MYOR,RG,1720,30,D,CC,TP,D
10:40:59,MYOR,RG,1720,1,D,CC,PD,D
10:40:59,MYOR,RG,1720,1,D,CC,XC,D
10:40:59,MYOR,RG,1720,1,D,CC,XC,D
10:40:59,MYOR,RG,1720,36,D,CC,AZ,D
10:40:59,MYOR,RG,1720,16,D,CC,PD,D
10:40:59,MYOR,RG,1720,3,D,CC,CC,D
10:40:59,MYOR,RG,1720,2,D,CC,PD,D
10:40:59,MYOR,RG,1720,1,D,CC,XC,D
10:40:59,MYOR,RG,1720,1,D,CC,XC,D
10:40:59,MYOR,RG,1720,65,D,CC,CC,D
10:40:59,MYOR,RG,1720,2,D,CC,SQ,D
10:40:59,MYOR,RG,1720,5,D,CC,KK,D
10:40:59,MYOR,RG,1720,2,D,CC,NI,D
10:40:59,MYOR,RG,1720,1,D,CC,PD,D
10:40:59,MYOR,RG,1720,20,D,CC,OD,D
10:40:59,MYOR,RG,1720,6,D,CC,KK,D
10:40:59,MYOR,RG,1720,1,D,CC,PD,D
10:40:59,MYOR,RG,1720,10,D,CC,NI,D
10:40:59,MYOR,RG,1720,2,D,CC,PC,D
10:40:59,MYOR,RG,1720,2,D,CC,YP,D
10:40:59,MYOR,RG,1720,3,D,CC,XC,D
10:40:59,MYOR,RG,1720,25,D,CC,SQ,D
10:40:59,MYOR,RG,1720,20,D,CC,NI,D
10:40:59,MYOR,RG,1720,50,D,CC,CP,D
10:40:59,MYOR,RG,1720,2,D,CC,KK,D
10:40:59,MYOR,RG,1720,10,D,CC,KK,D
10:40:59,MYOR,RG,1720,80,D,CC,SQ,D
10:40:36,MYOR,RG,1715,1,D,DX,CC,D
10:40:36,MYOR,RG,1715,201,D,DX,AK,F
10:40:36,MYOR,RG,1715,5,D,DX,XC,D
10:40:36,MYOR,RG,1715,55,D,DX,XL,D
10:40:36,MYOR,RG,1715,10,D,DX,AT,D
10:40:36,MYOR,RG,1715,10,D,DX,LG,D
10:40:36,MYOR,RG,1715,2,D,DX,LS,D
10:40:22,MYOR,RG,1715,238,F,AK,RX,D
10:40:22,MYOR,RG,1715,1,F,AK,YP,D
10:40:21,MYOR,RG,1710,5,D,CC,AK,F
10:40:21,MYOR,RG,1710,9,D,CC,XC,D
10:40:21,MYOR,RG,1710,40,D,CC,AK,F
10:40:21,MYOR,RG,1710,612,D,CC,AK,F
10:40:21,MYOR,RG,1710,73,D,CC,RX,D
10:40:00,MYOR,RG,1710,49,D,RX,RX,D
10:39:56,MYOR,RG,1710,1,D,PD,RX,D
10:39:18,MYOR,RG,1710,26,D,RX,RX,D
10:39:14,MYOR,RG,1710,15,D,PD,RX,D
10:39:13,MYOR,RG,1710,1,D,PD,RX,D
10:38:49,MYOR,RG,1705,5,D,DX,XL,D
10:38:24,MYOR,RG,1705,1,D,DX,YP,D
10:38:07,MYOR,RG,1705,52,D,DX,AK,F
10:38:07,MYOR,RG,1705,14,D,YP,AK,F
10:38:06,MYOR,RG,1710,3,F,ZP,RX,D
10:38:06,MYOR,RG,1710,70,D,RX,RX,D
10:38:06,MYOR,RG,1710,48,D,CC,RX,D
10:38:06,MYOR,RG,1710,14,D,CC,AK,F
10:38:06,MYOR,RG,1710,66,D,RX,AK,F
10:38:05,MYOR,RG,1710,72,D,RX,RX,D
10:38:05,MYOR,RG,1710,1,F,ZP,RX,D
10:38:05,MYOR,RG,1710,5,D,YP,RX,D
10:38:05,MYOR,RG,1710,1,D,AT,RX,D
10:38:05,MYOR,RG,1710,119,D,RX,RX,D
10:38:05,MYOR,RG,1710,1,D,XC,RX,D
10:38:05,MYOR,RG,1710,1,D,YP,RX,D
10:38:05,MYOR,RG,1710,10,D,EP,RX,D
10:38:05,MYOR,RG,1710,62,D,RX,RX,D
10:38:05,MYOR,RG,1710,45,D,RX,RX,D
10:38:05,MYOR,RG,1710,20,D,CD,RX,D
10:38:05,MYOR,RG,1710,1,D,EP,RX,D
10:38:05,MYOR,RG,1710,115,F,AK,RX,D
10:38:05,MYOR,RG,1710,1219,D,DX,RX,D
10:38:05,MYOR,RG,1715,3,D,XC,RX,D
10:38:05,MYOR,RG,1715,1,D,CC,RX,D
10:38:05,MYOR,RG,1715,6,D,XC,RX,D
10:38:05,MYOR,RG,1715,1,D,AT,RX,D
10:38:05,MYOR,RG,1715,25,D,EP,RX,D
10:38:05,MYOR,RG,1715,1,F,ZP,RX,D
10:38:05,MYOR,RG,1715,1,D,AT,RX,D
10:38:05,MYOR,RG,1715,29,D,CC,RX,D
10:38:05,MYOR,RG,1715,2,D,XC,RX,D
10:38:05,MYOR,RG,1715,200,D,PD,RX,D
10:38:05,MYOR,RG,1715,5,D,XL,RX,D
10:38:05,MYOR,RG,1715,1,D,YP,RX,D
10:38:05,MYOR,RG,1715,11,F,AK,RX,D
10:37:41,MYOR,RG,1715,5,F,AK,YP,D
10:37:41,MYOR,RG,1715,1,F,AK,YP,D
10:37:26,MYOR,RG,1715,4,F,AK,MG,D
10:37:24,MYOR,RG,1715,1,F,AK,KK,D
10:37:23,MYOR,RG,1715,1,F,AK,AK,F
10:37:22,MYOR,RG,1715,20,F,AK,EP,D
10:36:47,MYOR,RG,1715,1,F,AK,PD,D
10:36:12,MYOR,RG,1715,1,F,AK,AK,F
10:36:11,MYOR,RG,1715,15,F,AK,XC,D
10:36:02,MYOR,RG,1715,1,F,AK,AK,F
10:36:01,MYOR,RG,1715,10,F,AK,YP,D
10:34:50,MYOR,RG,1715,1,F,AK,NI,D
10:34:18,MYOR,RG,1715,3,F,AK,AK,F
10:34:17,MYOR,RG,1715,55,F,AK,LG,D
10:34:11,MYOR,RG,1715,1,F,AK,XC,D
10:34:06,MYOR,RG,1715,10,F,AK,AK,F
10:34:05,MYOR,RG,1715,8,F,AK,CC,D
10:34:05,MYOR,RG,1715,1,F,ZP,CC,D
10:34:05,MYOR,RG,1715,191,D,YB,CC,D
10:34:02,MYOR,RG,1715,1,D,YB,AK,F
10:34:02,MYOR,RG,1715,1,D,YB,XC,D
10:34:01,MYOR,RG,1715,10,D,YB,CC,D
10:33:53,MYOR,RG,1715,1,D,YB,CP,D
10:33:34,MYOR,RG,1715,1,D,YB,XC,D
10:33:20,MYOR,RG,1715,1,D,YB,KK,D
10:33:15,MYOR,RG,1715,1,D,YB,NI,D
10:32:54,MYOR,RG,1715,2,D,YB,CC,D
10:32:31,MYOR,RG,1720,6,D,XC,SQ,D
10:32:08,MYOR,RG,1720,2,D,PD,SQ,D
10:31:58,MYOR,RG,1715,21,D,YB,BK,F
10:31:57,MYOR,RG,1720,11,D,NI,SQ,D
10:31:47,MYOR,RG,1715,2,D,YB,CC,D
10:31:23,MYOR,RG,1715,3,D,YB,PD,D
10:31:18,MYOR,RG,1715,50,D,YB,XC,D
10:31:16,MYOR,RG,1715,24,D,YB,BK,F
10:31:13,MYOR,RG,1715,35,D,YB,BK,F
10:31:09,MYOR,RG,1715,56,D,YB,BK,F
10:31:09,MYOR,RG,1715,1,D,EP,BK,F
10:31:09,MYOR,RG,1715,116,D,YB,BK,F
10:31:09,MYOR,RG,1715,1,D,YB,CC,D
10:31:08,MYOR,RG,1715,3,D,YB,XL,D
10:31:08,MYOR,RG,1720,1,F,AK,SQ,D
10:31:08,MYOR,RG,1720,26,F,AK,DR,D
10:31:08,MYOR,RG,1720,5,F,AK,PD,D
10:31:08,MYOR,RG,1720,100,F,AK,YP,D
10:31:08,MYOR,RG,1720,5,F,AK,YP,D
10:31:08,MYOR,RG,1720,2,F,AK,XC,D
10:31:08,MYOR,RG,1720,1,F,AK,YP,D
10:31:08,MYOR,RG,1720,6,F,AK,XC,D
10:31:08,MYOR,RG,1720,1,F,AK,YP,D
10:31:08,MYOR,RG,1720,127,F,AK,OD,D
10:31:07,MYOR,RG,1720,1160,D,PD,OD,D
10:31:01,MYOR,RG,1715,20,D,YB,SQ,D
10:31:01,MYOR,RG,1715,9,D,YB,PD,D
10:30:58,MYOR,RG,1715,15,D,YB,PD,D
10:30:45,MYOR,RG,1715,2,D,YB,CC,D
10:30:45,MYOR,RG,1715,8,D,YB,YP,D
10:30:38,MYOR,RG,1715,50,D,YB,CC,D
10:30:30,MYOR,RG,1715,1,D,YB,PD,D
10:30:30,MYOR,RG,1715,1,D,YB,PD,D
10:30:30,MYOR,RG,1715,15,D,YB,XL,D
10:30:30,MYOR,RG,1715,30,D,YB,CC,D
10:30:30,MYOR,RG,1715,48,D,YB,BK,F
10:30:30,MYOR,RG,1715,30,D,YB,PD,D
10:30:30,MYOR,RG,1715,10,D,YB,YP,D
10:30:30,MYOR,RG,1715,7,D,YB,XL,D
10:30:30,MYOR,RG,1715,2,D,YB,XC,D
10:30:30,MYOR,RG,1715,1,D,YB,XL,D
10:30:30,MYOR,RG,1715,10,D,YB,XC,D
10:30:30,MYOR,RG,1715,2,D,YB,PD,D
10:30:30,MYOR,RG,1715,100,D,YB,SQ,D
10:30:30,MYOR,RG,1715,210,D,YB,BK,F
10:30:30,MYOR,RG,1715,3,D,YB,PD,D
10:30:30,MYOR,RG,1715,4,D,YB,XC,D
10:30:30,MYOR,RG,1715,5,D,YB,CC,D
10:30:30,MYOR,RG,1715,9,D,YB,PD,D
10:30:30,MYOR,RG,1715,2,D,YB,XC,D
10:30:30,MYOR,RG,1715,2,D,YB,YP,D
10:30:30,MYOR,RG,1715,15,D,YB,PD,D
10:30:30,MYOR,RG,1715,20,D,YB,CC,D
10:30:30,MYOR,RG,1715,11,D,YB,NI,D
10:30:30,MYOR,RG,1715,5,D,YB,AT,D
10:30:30,MYOR,RG,1715,14,D,YB,AT,D
10:30:30,MYOR,RG,1715,10,D,YB,PD,D
10:30:30,MYOR,RG,1715,443,D,YB,AG,D
10:30:29,MYOR,RG,1715,1,D,SQ,AG,D
10:30:22,MYOR,RG,1715,56,F,AK,AG,D
10:30:22,MYOR,RG,1715,60,F,AK,CC,D
10:30:22,MYOR,RG,1715,2,F,AK,PD,D
10:30:22,MYOR,RG,1715,5,F,AK,CC,D
10:30:22,MYOR,RG,1715,2,F,AK,KK,D
10:30:22,MYOR,RG,1715,5,F,AK,CC,D
10:30:22,MYOR,RG,1715,15,F,AK,LS,D
10:30:22,MYOR,RG,1715,5,F,AK,PD,D
10:30:22,MYOR,RG,1715,5,F,AK,DR,D
10:30:22,MYOR,RG,1715,16,F,AK,XA,D
10:30:22,MYOR,RG,1715,1,F,AK,XC,D
10:30:22,MYOR,RG,1715,3,F,AK,YP,D
10:30:22,MYOR,RG,1715,2,F,AK,XC,D
10:30:22,MYOR,RG,1715,6,F,AK,DR,D
10:30:22,MYOR,RG,1715,2,F,AK,XC,D
10:30:22,MYOR,RG,1715,2,F,AK,YP,D
10:30:22,MYOR,RG,1715,3,F,AK,OD,D
10:30:22,MYOR,RG,1715,84,F,AK,YP,D
10:30:21,MYOR,RG,1710,4,D,DX,AT,D
10:30:21,MYOR,RG,1710,1,D,DX,LG,D
10:30:21,MYOR,RG,1710,72,D,DX,BK,F
10:30:21,MYOR,RG,1710,24,D,DX,XC,D
10:30:21,MYOR,RG,1710,105,D,DX,XL,D
10:30:21,MYOR,RG,1710,2,D,DX,XL,D
10:30:21,MYOR,RG,1710,43,D,DX,XC,D
10:30:21,MYOR,RG,1710,7,D,DX,XC,D
10:30:21,MYOR,RG,1710,1,D,DX,PD,D
10:30:21,MYOR,RG,1710,64,D,DX,BK,F
10:30:21,MYOR,RG,1710,1,D,DX,PD,D
10:30:21,MYOR,RG,1710,2,D,DX,PD,D
10:30:21,MYOR,RG,1710,5,D,DX,KK,D
10:30:21,MYOR,RG,1710,5,D,DX,XC,D
10:30:21,MYOR,RG,1710,30,D,DX,EP,D
10:30:21,MYOR,RG,1710,5,D,DX,XL,D
10:30:21,MYOR,RG,1710,4,D,DX,PD,D
10:30:21,MYOR,RG,1710,10,D,DX,YP,D
10:30:21,MYOR,RG,1710,12,D,DX,XL,D
10:30:21,MYOR,RG,1710,7,D,DX,YP,D
10:30:21,MYOR,RG,1710,19,D,DX,CC,D
10:30:21,MYOR,RG,1710,46,D,DX,BK,F
10:30:21,MYOR,RG,1710,1,D,DX,XC,D
10:30:21,MYOR,RG,1710,3,D,DX,PD,D
10:30:21,MYOR,RG,1710,20,D,DX,CC,D
10:30:21,MYOR,RG,1710,13,D,DX,YP,D
10:30:21,MYOR,RG,1710,25,D,DX,YP,D
10:30:21,MYOR,RG,1710,20,D,DX,XC,D
10:30:21,MYOR,RG,1710,112,D,DX,BK,F
10:30:21,MYOR,RG,1710,30,D,DX,YP,D
10:30:21,MYOR,RG,1710,20,D,DX,OD,D
10:30:21,MYOR,RG,1710,40,D,DX,PD,D
10:30:21,MYOR,RG,1710,4,D,DX,XC,D
10:30:21,MYOR,RG,1710,2,D,DX,LS,D
10:30:21,MYOR,RG,1710,3,D,DX,XC,D
10:30:21,MYOR,RG,1710,5,D,DX,XC,D
10:30:21,MYOR,RG,1710,21,D,DX,XC,D
10:30:21,MYOR,RG,1710,5,D,DX,NI,D
10:30:21,MYOR,RG,1710,7,D,DX,XC,D
10:30:21,MYOR,RG,1710,28,D,DX,XC,D
10:30:21,MYOR,RG,1710,173,D,DX,PG,D
10:30:08,MYOR,RG,1710,38,D,RX,PG,D
10:30:01,MYOR,RG,1705,1,D,YP,LG,D
10:29:10,MYOR,RG,1710,15,D,RX,PG,D
10:28:52,MYOR,RG,1705,1,D,YP,XL,D
10:28:47,MYOR,RG,1710,16,D,RX,PG,D
10:28:33,MYOR,RG,1705,44,D,YP,KK,D
10:28:33,MYOR,RG,1705,53,D,AZ,KK,D
10:28:33,MYOR,RG,1705,2,D,PD,KK,D
10:28:33,MYOR,RG,1705,20,D,OD,KK,D
10:28:33,MYOR,RG,1705,3,F,CC,KK,D
10:28:33,MYOR,RG,1705,29,D,CC,KK,D
10:28:33,MYOR,RG,1705,15,D,EP,KK,D
10:28:33,MYOR,RG,1705,1,F,ZP,KK,D
10:28:33,MYOR,RG,1705,20,D,DR,KK,D
10:28:33,MYOR,RG,1705,13,D,SQ,KK,D
10:28:29,MYOR,RG,1705,2,D,SQ,XC,D
10:26:16,MYOR,RG,1705,1,D,SQ,XC,D
10:24:55,MYOR,RG,1705,14,D,SQ,OD,D
10:24:55,MYOR,RG,1705,1,D,KK,OD,D
10:24:55,MYOR,RG,1705,2,D,PD,OD,D
10:24:55,MYOR,RG,1705,1,D,YP,OD,D
10:24:55,MYOR,RG,1705,10,D,EP,OD,D
10:24:55,MYOR,RG,1705,12,D,PD,OD,D
10:24:50,MYOR,RG,1705,3,D,PD,XC,D
10:24:50,MYOR,RG,1705,7,D,XC,XC,D
10:24:39,MYOR,RG,1705,1,D,XC,PD,D
10:24:37,MYOR,RG,1705,10,D,XC,EP,D
10:24:15,MYOR,RG,1705,41,D,XC,CC,D
10:24:15,MYOR,RG,1705,1,F,ZP,CC,D
10:24:15,MYOR,RG,1705,8,D,YP,CC,D
10:24:03,MYOR,RG,1705,7,D,YP,YP,D
10:24:00,MYOR,RG,1705,55,D,YP,PD,D
10:23:27,MYOR,RG,1705,3,D,YP,PD,D
10:23:20,MYOR,RG,1705,20,D,YP,YP,D
10:23:17,MYOR,RG,1705,30,D,YP,YB,D
10:22:45,MYOR,RG,1705,3,D,YP,KK,D
10:22:28,MYOR,RG,1705,5,D,YP,KK,D
10:21:56,MYOR,RG,1705,35,D,YP,PD,D
10:21:47,MYOR,RG,1705,10,D,YP,PD,D
10:21:43,MYOR,RG,1705,50,D,YP,PD,D
10:21:43,MYOR,RG,1705,1,D,YP,XC,D
10:21:43,MYOR,RG,1705,1,D,YP,XC,D
10:21:43,MYOR,RG,1705,4,D,YP,NI,D
10:21:43,MYOR,RG,1705,1,D,YP,NI,D
10:21:43,MYOR,RG,1705,1,D,YP,LG,D
10:21:43,MYOR,RG,1705,1,D,YP,XC,D
10:21:43,MYOR,RG,1705,53,D,YP,BK,F
10:21:43,MYOR,RG,1705,50,D,YP,YP,D
10:21:43,MYOR,RG,1705,1,D,YP,EP,D
10:21:43,MYOR,RG,1705,161,D,YP,XC,D
10:21:38,MYOR,RG,1705,10,D,CC,XC,D
10:21:38,MYOR,RG,1705,40,D,CC,BK,F
10:21:19,MYOR,RG,1700,10,D,PD,AG,D
10:20:52,MYOR,RG,1700,5,D,PD,AG,D
10:20:37,MYOR,RG,1705,10,D,PD,BK,F
10:19:44,MYOR,RG,1705,31,D,NI,BK,F
10:19:36,MYOR,RG,1700,1,D,CP,PD,D
10:19:26,MYOR,RG,1700,1,D,CP,PD,D
10:19:21,MYOR,RG,1705,15,D,CC,BK,F
10:19:17,MYOR,RG,1705,29,D,AG,BK,F
10:19:17,MYOR,RG,1705,471,D,AG,SQ,D
10:18:37,MYOR,RG,1705,29,D,CC,SQ,D
10:18:37,MYOR,RG,1705,21,D,CC,BK,F
10:18:08,MYOR,RG,1705,1,D,CC,BK,F
10:18:08,MYOR,RG,1705,19,D,CC,YP,D
10:17:22,MYOR,RG,1705,11,D,YP,YP,D
10:17:22,MYOR,RG,1705,1,D,YP,GR,D
10:16:45,MYOR,RG,1705,7,D,NI,BK,F
10:16:45,MYOR,RG,1705,3,D,NI,PD,D
10:16:44,MYOR,RG,1705,1,D,NI,PD,D
10:16:44,MYOR,RG,1705,1,F,ZP,PD,D
10:16:42,MYOR,RG,1705,12,D,CC,PD,D
10:16:22,MYOR,RG,1705,10,D,CC,YP,D
10:15:50,MYOR,RG,1705,3,D,CC,BK,F
10:15:50,MYOR,RG,1705,8,D,CC,NI,D
10:15:40,MYOR,RG,1705,1,D,YP,NI,D
10:15:32,MYOR,RG,1700,9,D,CP,XL,D
10:15:32,MYOR,RG,1700,5,D,CP,YP,D
10:15:18,MYOR,RG,1700,50,D,CP,SQ,D
10:15:14,MYOR,RG,1700,1,D,CP,XC,D
10:14:56,MYOR,RG,1700,1,D,CP,NI,D
10:14:54,MYOR,RG,1705,21,D,YB,NI,D
10:14:54,MYOR,RG,1705,30,D,YB,LG,D
10:14:54,MYOR,RG,1705,16,D,YB,NI,D
10:14:54,MYOR,RG,1705,1,D,YB,YP,D
10:14:54,MYOR,RG,1705,2,D,YB,XC,D
10:14:54,MYOR,RG,1705,5,D,YB,XC,D
10:14:54,MYOR,RG,1705,5,D,YB,XC,D
10:14:54,MYOR,RG,1705,1,D,YB,CP,D
10:14:54,MYOR,RG,1705,53,D,YB,BK,F
10:14:54,MYOR,RG,1705,66,D,YB,SQ,D
10:14:53,MYOR,RG,1705,2,D,NI,SQ,D
10:14:52,MYOR,RG,1700,1,D,CP,PD,D
10:13:30,MYOR,RG,1705,32,D,NI,SQ,D
10:13:30,MYOR,RG,1705,20,D,NI,KK,D
10:13:30,MYOR,RG,1705,18,D,NI,LG,D
10:13:29,MYOR,RG,1705,10,D,YP,LG,D
10:13:08,MYOR,RG,1705,20,D,IH,LG,D
10:13:06,MYOR,RG,1700,9,D,CP,DR,D
10:13:01,MYOR,RG,1700,1,D,CP,XC,D
10:12:13,MYOR,RG,1705,5,D,OD,LG,D
10:11:52,MYOR,RG,1700,5,D,CP,CC,D
10:11:49,MYOR,RG,1700,1,D,CP,CP,D
10:11:07,MYOR,RG,1705,47,F,AK,LG,D
10:11:07,MYOR,RG,1705,59,F,AK,BK,F
10:11:07,MYOR,RG,1705,200,F,AK,EP,D
10:11:07,MYOR,RG,1705,8,F,AK,PD,D
10:11:06,MYOR,RG,1700,28,D,CP,DR,D
10:10:47,MYOR,RG,1700,1,D,CP,XL,D
10:10:30,MYOR,RG,1700,5,D,CP,XC,D
10:10:24,MYOR,RG,1700,1,D,CP,YP,D
10:10:20,MYOR,RG,1700,9,D,LG,YP,D
10:10:20,MYOR,RG,1700,16,D,LG,BK,F
10:10:20,MYOR,RG,1700,30,D,LG,XC,D
10:10:08,MYOR,RG,1700,19,D,YP,XC,D
10:10:05,MYOR,RG,1700,96,D,DX,XC,D
10:09:49,MYOR,RG,1700,1,D,PD,XC,D
10:09:39,MYOR,RG,1700,8,D,KK,XC,D
10:09:39,MYOR,RG,1700,10,D,KK,PD,D
10:09:39,MYOR,RG,1700,3,D,KK,XC,D
10:09:39,MYOR,RG,1700,4,D,KK,KK,D
10:09:22,MYOR,RG,1700,46,D,XC,KK,D
10:09:22,MYOR,RG,1700,2,D,XC,XC,D
10:09:22,MYOR,RG,1700,18,D,XC,XC,D
10:09:13,MYOR,RG,1700,7,D,AZ,XC,D
10:09:13,MYOR,RG,1700,13,D,AZ,PD,D
10:08:32,MYOR,RG,1700,7,D,EP,PD,D
10:08:32,MYOR,RG,1700,1,D,EP,XL,D
10:08:17,MYOR,RG,1695,2,D,YP,YP,D
10:08:14,MYOR,RG,1695,1,D,YP,XC,D
10:07:57,MYOR,RG,1695,67,D,YP,BK,F
10:07:57,MYOR,RG,1695,13,D,EP,BK,F
10:07:57,MYOR,RG,1695,50,D,EP,YP,D
10:07:57,MYOR,RG,1695,1,D,EP,XC,D
10:07:57,MYOR,RG,1695,136,D,EP,BK,F
10:07:56,MYOR,RG,1695,10,D,XA,BK,F
10:07:52,MYOR,RG,1695,3,D,PD,BK,F
10:07:30,MYOR,RG,1690,23,F,CC,BK,F
10:07:27,MYOR,RG,1690,33,F,CC,KK,D
10:07:27,MYOR,RG,1690,1,F,ZP,KK,D
10:07:27,MYOR,RG,1690,10,D,YP,KK,D
10:07:27,MYOR,RG,1690,6,D,YP,KK,D
10:07:18,MYOR,RG,1690,3,D,PD,CC,D
10:07:18,MYOR,RG,1690,5,D,XC,CC,D
10:07:18,MYOR,RG,1690,1,F,ZP,CC,D
10:07:17,MYOR,RG,1690,2,D,PD,BK,F
10:07:17,MYOR,RG,1690,10,D,YP,BK,F
10:07:17,MYOR,RG,1690,3,D,PD,BK,F
10:07:15,MYOR,RG,1690,33,D,PD,BK,F
10:07:15,MYOR,RG,1690,1,D,CC,BK,F
10:07:11,MYOR,RG,1690,9,D,CC,KK,D
10:07:11,MYOR,RG,1690,1,D,PD,KK,D
10:07:11,MYOR,RG,1690,3,D,PD,KK,D
10:07:11,MYOR,RG,1690,38,D,NI,KK,D
10:07:11,MYOR,RG,1690,2,D,YP,KK,D
10:07:11,MYOR,RG,1690,23,D,YP,BK,F
10:07:11,MYOR,RG,1690,7,D,YP,BK,F
10:07:11,MYOR,RG,1690,84,D,PD,BK,F
10:07:08,MYOR,RG,1690,2,D,PD,XC,D
10:07:07,MYOR,RG,1695,107,D,DX,BK,F
10:07:07,MYOR,RG,1695,628,D,DX,SQ,D
10:07:07,MYOR,RG,1695,375,D,DX,SQ,D
10:06:53,MYOR,RG,1690,14,D,PD,BK,F
10:06:53,MYOR,RG,1690,5,D,AZ,BK,F
10:06:53,MYOR,RG,1690,4,D,CC,BK,F
10:06:51,MYOR,RG,1690,50,D,KK,YP,D
10:06:51,MYOR,RG,1690,1,D,DH,YP,D
10:06:51,MYOR,RG,1690,10,D,CC,YP,D
10:06:51,MYOR,RG,1690,30,D,YP,YP,D
10:06:51,MYOR,RG,1690,28,D,XA,YP,D
10:06:47,MYOR,RG,1690,7,D,XA,BK,F
10:06:47,MYOR,RG,1690,20,F,AK,BK,F
10:06:44,MYOR,RG,1690,78,F,AK,NI,D
10:06:24,MYOR,RG,1690,18,D,DX,CC,D
10:06:24,MYOR,RG,1690,1,D,XC,CC,D
10:06:24,MYOR,RG,1690,6,D,SQ,CC,D
10:06:16,MYOR,RG,1690,7,D,XC,BK,F
10:06:16,MYOR,RG,1690,10,D,YP,BK,F
10:06:13,MYOR,RG,1690,20,D,YP,BK,F
10:06:13,MYOR,RG,1690,19,D,LG,BK,F
10:06:11,MYOR,RG,1690,81,D,LG,BK,F
10:06:11,MYOR,RG,1690,40,D,CC,BK,F
10:06:11,MYOR,RG,1690,74,D,PD,BK,F
10:06:07,MYOR,RG,1695,1,D,KK,SQ,D
10:06:07,MYOR,RG,1695,170,F,BK,SQ,D
10:06:07,MYOR,RG,1695,10,D,YP,SQ,D
10:06:07,MYOR,RG,1695,1,D,XL,SQ,D
10:06:07,MYOR,RG,1695,3,D,PD,SQ,D
10:06:07,MYOR,RG,1695,2,D,PD,SQ,D
10:06:07,MYOR,RG,1695,810,D,DX,SQ,D
10:05:59,MYOR,RG,1695,2,D,DX,PD,D
10:05:54,MYOR,RG,1695,19,D,DX,BK,F
10:05:52,MYOR,RG,1695,40,D,DX,NI,D
10:05:50,MYOR,RG,1695,16,D,DX,BK,F
10:05:48,MYOR,RG,1695,2,D,DX,YP,D
10:05:46,MYOR,RG,1695,77,D,DX,BK,F
10:05:43,MYOR,RG,1700,90,D,YP,SQ,D
10:05:41,MYOR,RG,1700,217,F,BK,SQ,D
10:05:41,MYOR,RG,1700,48,D,AZ,SQ,D
10:05:41,MYOR,RG,1695,29,D,DX,BK,F
10:05:39,MYOR,RG,1700,20,D,YP,SQ,D
10:05:38,MYOR,RG,1695,5,D,DX,BK,F
10:05:38,MYOR,RG,1695,3,D,AI,BK,F
10:05:38,MYOR,RG,1695,119,D,YP,BK,F
10:05:37,MYOR,RG,1700,5,D,PD,SQ,D
10:05:35,MYOR,RG,1700,217,F,BK,SQ,D
10:05:35,MYOR,RG,1695,15,D,YP,EP,D
10:05:34,MYOR,RG,1695,66,D,YP,BK,F
10:05:34,MYOR,RG,1695,1,D,BQ,BK,F
10:05:34,MYOR,RG,1695,3,D,PD,BK,F
10:05:34,MYOR,RG,1695,220,D,DH,BK,F
10:05:34,MYOR,RG,1695,4,D,XC,BK,F
10:05:34,MYOR,RG,1695,1,D,XC,BK,F
10:05:34,MYOR,RG,1695,3,D,CC,BK,F
10:05:34,MYOR,RG,1695,1,D,EP,BK,F
10:05:34,MYOR,RG,1695,1,D,EP,BK,F
10:05:34,MYOR,RG,1695,94,F,AK,BK,F
10:05:34,MYOR,RG,1695,1,D,PD,BK,F
10:05:33,MYOR,RG,1700,4,F,ZP,SQ,D
10:05:33,MYOR,RG,1700,2,D,XL,SQ,D
10:05:33,MYOR,RG,1700,1,D,PD,SQ,D
10:05:33,MYOR,RG,1700,42,D,NI,SQ,D
10:05:33,MYOR,RG,1700,1,D,NI,SQ,D
10:05:33,MYOR,RG,1700,2,D,PD,SQ,D
10:05:33,MYOR,RG,1700,10,D,CC,SQ,D
10:05:33,MYOR,RG,1700,2,D,NI,SQ,D
10:05:33,MYOR,RG,1700,294,D,DX,SQ,D
10:05:33,MYOR,RG,1700,150,D,DX,SQ,D
10:05:33,MYOR,RG,1700,5,D,KK,SQ,D
10:05:33,MYOR,RG,1700,2,D,AI,SQ,D
10:05:33,MYOR,RG,1700,20,D,YP,SQ,D
10:05:33,MYOR,RG,1700,15,D,CC,SQ,D
10:05:33,MYOR,RG,1700,8,D,EP,SQ,D
10:05:33,MYOR,RG,1700,15,D,SQ,SQ,D
10:05:33,MYOR,RG,1700,1,D,XC,SQ,D
10:05:33,MYOR,RG,1700,1,D,PD,SQ,D
10:05:33,MYOR,RG,1700,3,D,PD,SQ,D
10:05:33,MYOR,RG,1700,39,D,XC,SQ,D
10:05:33,MYOR,RG,1700,10,D,YP,SQ,D
10:05:33,MYOR,RG,1700,2,D,XC,SQ,D
10:05:33,MYOR,RG,1700,10,D,PD,SQ,D
10:05:33,MYOR,RG,1700,50,D,XA,SQ,D
10:05:33,MYOR,RG,1700,2,D,SQ,SQ,D
10:05:33,MYOR,RG,1700,15,D,NI,SQ,D
10:05:33,MYOR,RG,1700,10,D,XL,SQ,D
10:05:33,MYOR,RG,1700,2,D,XC,SQ,D
10:05:33,MYOR,RG,1700,10,D,CC,SQ,D
10:05:33,MYOR,RG,1700,10,D,NI,SQ,D
10:05:33,MYOR,RG,1700,20,D,IH,SQ,D
10:05:33,MYOR,RG,1700,10,D,YB,SQ,D
10:05:33,MYOR,RG,1700,1,D,PD,SQ,D
10:05:33,MYOR,RG,1700,3,D,KK,SQ,D
10:05:33,MYOR,RG,1700,55,D,HP,SQ,D
10:05:33,MYOR,RG,1700,20,D,LG,SQ,D
10:05:33,MYOR,RG,1700,2,D,XC,SQ,D
10:05:33,MYOR,RG,1700,100,D,PD,SQ,D
10:05:33,MYOR,RG,1700,1,D,XC,SQ,D
10:05:33,MYOR,RG,1700,8,D,CC,SQ,D
10:05:33,MYOR,RG,1700,1000,D,DX,SQ,D
10:05:33,MYOR,RG,1700,44,D,YP,SQ,D
10:05:33,MYOR,RG,1700,10,D,YP,SQ,D
10:05:19,MYOR,RG,1705,1,D,XC,XC,D
10:05:14,MYOR,RG,1700,16,D,YP,BK,F
10:05:09,MYOR,RG,1700,10,D,YP,PD,D
10:05:09,MYOR,RG,1700,10,D,YP,BK,F
10:05:09,MYOR,RG,1700,2,D,XC,BK,F
10:05:09,MYOR,RG,1700,3,D,CC,BK,F
10:05:04,MYOR,RG,1705,10,D,PD,XC,D
10:05:04,MYOR,RG,1705,15,D,KK,XC,D
10:05:04,MYOR,RG,1705,1,D,PD,XC,D
10:05:04,MYOR,RG,1705,30,D,PD,XC,D
10:05:04,MYOR,RG,1705,1,D,XL,XC,D
10:05:04,MYOR,RG,1705,1,D,XC,XC,D
10:05:04,MYOR,RG,1705,8,D,XC,XC,D
10:05:04,MYOR,RG,1705,2,D,PD,XC,D
10:05:04,MYOR,RG,1705,3,F,ZP,XC,D
10:05:04,MYOR,RG,1705,1,D,XC,XC,D
10:05:04,MYOR,RG,1705,5,D,PD,XC,D
10:05:04,MYOR,RG,1705,36,D,SQ,XC,D
10:05:04,MYOR,RG,1705,32,D,DX,XC,D
10:05:02,MYOR,RG,1705,2,D,DX,PD,D
10:04:51,MYOR,RG,1705,2,D,DX,XC,D
10:04:39,MYOR,RG,1705,19,D,DX,BK,F
10:04:37,MYOR,RG,1710,24,D,AZ,PG,D
10:03:58,MYOR,RG,1710,13,D,XL,PG,D
10:03:56,MYOR,RG,1705,2,D,DX,CC,D
10:03:47,MYOR,RG,1705,3,D,DX,XC,D
10:03:45,MYOR,RG,1705,1,D,DX,XC,D
10:03:37,MYOR,RG,1705,19,D,DX,BK,F
10:03:35,MYOR,RG,1705,45,D,DX,AG,D
10:03:11,MYOR,RG,1705,1,D,DX,XC,D
10:03:01,MYOR,RG,1705,5,D,DX,AG,D
10:02:51,MYOR,RG,1705,2,D,DX,XC,D
10:02:49,MYOR,RG,1705,27,D,DX,BK,F
10:02:45,MYOR,RG,1705,94,D,DX,BK,F
10:02:41,MYOR,RG,1705,25,D,DX,CC,D
10:02:40,MYOR,RG,1705,15,D,DX,ES,D
10:02:40,MYOR,RG,1705,150,D,DX,ES,D
10:02:40,MYOR,RG,1705,1,D,BQ,ES,D
10:02:40,MYOR,RG,1705,3,D,PD,ES,D
10:02:40,MYOR,RG,1705,293,D,YP,ES,D
10:02:40,MYOR,RG,1705,1,D,XC,ES,D
10:02:40,MYOR,RG,1705,37,D,DR,ES,D
10:02:38,MYOR,RG,1705,17,D,DR,BK,F
10:02:32,MYOR,RG,1705,32,D,DR,BK,F
10:02:31,MYOR,RG,1710,12,D,PD,PG,D
10:02:30,MYOR,RG,1705,60,D,DR,BK,F
10:02:30,MYOR,RG,1705,30,D,IF,BK,F
10:02:30,MYOR,RG,1705,1,D,EP,BK,F
10:02:30,MYOR,RG,1705,1,D,EP,BK,F
10:02:30,MYOR,RG,1705,15,D,XL,BK,F
10:02:30,MYOR,RG,1705,15,D,XL,BK,F
10:02:30,MYOR,RG,1705,4,D,CC,BK,F
10:02:30,MYOR,RG,1705,1,D,XC,BK,F
10:02:30,MYOR,RG,1705,2,D,CC,BK,F
10:02:27,MYOR,RG,1710,709,D,YP,PG,D
10:02:27,MYOR,RG,1710,1,D,YP,PD,D
10:02:27,MYOR,RG,1710,30,D,YP,XC,D
10:02:27,MYOR,RG,1710,2,D,YP,CC,D
10:02:27,MYOR,RG,1710,1,D,YP,YU,D
10:02:27,MYOR,RG,1710,15,D,YP,YP,D
10:02:27,MYOR,RG,1710,14,D,YP,PD,D
10:02:27,MYOR,RG,1710,20,D,YP,XC,D
10:02:27,MYOR,RG,1710,19,D,YP,XC,D
10:02:27,MYOR,RG,1710,1,D,YP,XC,D
10:02:27,MYOR,RG,1710,1,D,YP,DR,D
10:02:27,MYOR,RG,1710,187,D,YP,SQ,D
10:02:26,MYOR,RG,1710,2,D,XC,SQ,D
10:02:22,MYOR,RG,1705,1,D,CC,SQ,D
10:02:21,MYOR,RG,1705,27,D,CC,XC,D
10:02:21,MYOR,RG,1705,44,D,YP,XC,D
10:02:21,MYOR,RG,1705,16,D,XL,XC,D
10:02:21,MYOR,RG,1705,200,D,EP,XC,D
10:02:21,MYOR,RG,1705,1,D,DR,XC,D
10:02:21,MYOR,RG,1705,10,D,YB,XC,D
10:02:21,MYOR,RG,1705,2,D,CC,XC,D
10:02:01,MYOR,RG,1710,100,D,EP,SQ,D
10:02:01,MYOR,RG,1705,10,F,AK,XC,D
10:01:58,MYOR,RG,1705,2,F,AK,PD,D
10:01:23,MYOR,RG,1710,11,D,YP,SQ,D
10:01:23,MYOR,RG,1710,19,D,YP,PD,D
10:01:11,MYOR,RG,1710,3,D,XC,PD,D
10:01:05,MYOR,RG,1710,6,D,DH,PD,D
10:01:01,MYOR,RG,1710,5,D,PD,PD,D
10:00:05,MYOR,RG,1710,1,D,XC,PD,D
10:00:05,MYOR,RG,1710,5,D,XC,PD,D
9:59:55,MYOR,RG,1710,10,D,EP,PD,D
9:59:51,MYOR,RG,1710,1,D,NI,PD,D
9:59:51,MYOR,RG,1710,25,D,NI,SQ,D
9:59:51,MYOR,RG,1710,6,D,NI,PD,D
9:59:51,MYOR,RG,1710,24,D,NI,AK,F
9:59:51,MYOR,RG,1710,4,D,NI,AK,F
9:59:41,MYOR,RG,1710,53,D,PD,AK,F
9:59:28,MYOR,RG,1710,23,D,NI,AK,F
9:59:23,MYOR,RG,1710,1,D,XC,AK,F
9:59:06,MYOR,RG,1710,10,D,XC,AK,F
9:58:59,MYOR,RG,1710,1,D,XC,AK,F
9:58:54,MYOR,RG,1710,100,D,YP,AK,F
9:58:35,MYOR,RG,1710,45,D,TF,AK,F
9:58:33,MYOR,RG,1710,31,D,YP,AK,F
9:58:33,MYOR,RG,1710,5,D,YP,AK,F
9:58:32,MYOR,RG,1710,38,D,YP,AK,F
9:58:32,MYOR,RG,1710,120,D,YP,XC,D
9:58:32,MYOR,RG,1710,2,D,YP,AK,F
9:58:32,MYOR,RG,1710,5,D,YP,PD,D
9:58:32,MYOR,RG,1710,134,D,YP,AK,F
9:58:28,MYOR,RG,1710,99,D,DX,AK,F
9:58:28,MYOR,RG,1710,195,D,DX,CC,D
9:58:28,MYOR,RG,1710,105,D,DX,CC,D
9:58:28,MYOR,RG,1710,11,D,DX,AK,F
9:58:28,MYOR,RG,1710,34,D,DX,AG,D
9:58:24,MYOR,RG,1710,5,D,PD,AG,D
9:58:24,MYOR,RG,1710,5,D,CC,AG,D
9:58:24,MYOR,RG,1710,50,D,GR,AG,D
9:58:24,MYOR,RG,1710,2,D,PD,AG,D
9:58:24,MYOR,RG,1710,17,D,XC,AG,D
9:58:24,MYOR,RG,1710,10,D,YP,AG,D
9:58:24,MYOR,RG,1710,1,D,XC,AG,D
9:58:24,MYOR,RG,1710,3,F,ZP,AG,D
9:58:24,MYOR,RG,1710,25,D,EP,AG,D
9:58:24,MYOR,RG,1710,1,D,PD,AG,D
9:58:24,MYOR,RG,1710,20,D,YP,AG,D
9:58:24,MYOR,RG,1710,281,D,PD,AG,D
9:58:24,MYOR,RG,1710,10,D,CC,AG,D
9:58:24,MYOR,RG,1710,7,D,NI,AG,D
9:58:24,MYOR,RG,1710,1,F,EP,AG,D
9:58:24,MYOR,RG,1710,28,F,AK,AG,D
9:58:21,MYOR,RG,1710,50,F,AK,PD,D
9:58:19,MYOR,RG,1710,1,F,AK,YP,D
9:58:11,MYOR,RG,1710,37,F,AK,YP,D
9:57:57,MYOR,RG,1710,19,F,AK,XL,D
9:57:53,MYOR,RG,1710,185,F,AK,PD,D
9:57:53,MYOR,RG,1710,95,D,CC,PD,D
9:57:53,MYOR,RG,1710,30,D,CC,SQ,D
9:57:50,MYOR,RG,1715,12,D,AZ,YP,D
9:57:47,MYOR,RG,1710,2,D,CC,CC,D
9:57:44,MYOR,RG,1710,50,D,CC,CC,D
9:57:35,MYOR,RG,1715,4,D,KK,YP,D
9:57:35,MYOR,RG,1715,1,D,KK,LG,D
9:57:34,MYOR,RG,1715,11,D,PD,LG,D
9:57:34,MYOR,RG,1715,4,D,PD,PD,D
9:57:21,MYOR,RG,1715,1,D,XC,PD,D
9:57:16,MYOR,RG,1715,1,D,XL,PD,D
9:57:15,MYOR,RG,1710,25,D,CC,SQ,D
9:56:33,MYOR,RG,1715,10,D,YP,PD,D
9:56:29,MYOR,RG,1715,5,D,KK,PD,D
9:56:26,MYOR,RG,1715,6,D,AZ,PD,D
9:56:10,MYOR,RG,1715,5,D,CC,PD,D
9:55:33,MYOR,RG,1715,18,D,CC,PD,D
9:55:33,MYOR,RG,1715,1,D,CC,NI,D
9:55:33,MYOR,RG,1715,1,D,CC,XC,D
9:55:27,MYOR,RG,1715,2,D,YP,XC,D
9:55:27,MYOR,RG,1715,8,D,YP,XC,D
9:55:19,MYOR,RG,1715,6,D,YJ,XC,D
9:55:15,MYOR,RG,1715,1,D,AZ,XC,D
9:55:15,MYOR,RG,1715,2,D,AZ,XC,D
9:55:02,MYOR,RG,1715,4,D,YJ,XC,D
9:55:02,MYOR,RG,1715,106,D,YJ,CC,D
9:55:02,MYOR,RG,1715,6,D,YJ,NI,D
9:55:02,MYOR,RG,1715,10,D,YJ,XC,D
9:55:02,MYOR,RG,1715,9,D,YJ,JB,D
9:55:02,MYOR,RG,1715,20,D,YJ,CC,D
9:55:02,MYOR,RG,1715,8,D,YJ,XC,D
9:55:02,MYOR,RG,1715,6,D,YJ,AK,F
9:55:02,MYOR,RG,1715,31,D,YJ,AK,F
9:55:02,MYOR,RG,1715,595,D,YJ,AK,F
9:54:52,MYOR,RG,1715,4,D,XC,AK,F
9:54:47,MYOR,RG,1715,3,D,YP,AK,F
9:54:36,MYOR,RG,1715,1,D,YP,AK,F
9:54:21,MYOR,RG,1715,25,D,EP,AK,F
9:54:16,MYOR,RG,1710,1,D,CC,XC,D
9:54:11,MYOR,RG,1710,4,D,CC,XC,D
9:54:07,MYOR,RG,1710,5,D,CC,AK,F
9:54:06,MYOR,RG,1710,100,D,CC,NI,D
9:53:59,MYOR,RG,1710,5,D,CC,AK,F
9:53:58,MYOR,RG,1710,83,D,CC,XL,D
9:53:58,MYOR,RG,1710,1,D,XC,XL,D
9:53:58,MYOR,RG,1710,1,D,BQ,XL,D
9:53:58,MYOR,RG,1710,5,D,XC,XL,D
9:53:44,MYOR,RG,1710,4,D,XC,AK,F
9:53:42,MYOR,RG,1710,3,D,XC,CC,D
9:53:42,MYOR,RG,1710,3,D,PD,CC,D
9:53:42,MYOR,RG,1710,1,D,CC,CC,D
9:53:42,MYOR,RG,1710,25,D,YP,CC,D
9:53:42,MYOR,RG,1710,3,F,ZP,CC,D
9:53:42,MYOR,RG,1710,10,D,PD,CC,D
9:53:42,MYOR,RG,1710,10,D,YP,CC,D
9:53:42,MYOR,RG,1710,6,D,XC,CC,D
9:53:42,MYOR,RG,1710,14,D,XC,CC,D
9:53:41,MYOR,RG,1710,1,D,XC,AK,F
9:53:40,MYOR,RG,1710,10,D,XC,XL,D
9:53:40,MYOR,RG,1710,1,D,XC,XL,D
9:53:40,MYOR,RG,1710,3,D,EP,XL,D
9:53:32,MYOR,RG,1710,2,D,EP,AK,F
9:53:32,MYOR,RG,1710,40,D,EP,GR,D
9:53:25,MYOR,RG,1710,5,D,EP,CC,D
9:53:22,MYOR,RG,1710,5,D,EP,NI,D
9:53:21,MYOR,RG,1710,4,D,EP,XC,D
9:53:00,MYOR,RG,1710,6,D,EP,CC,D
9:53:00,MYOR,RG,1710,5,D,EP,CC,D
9:52:58,MYOR,RG,1710,80,D,EP,AG,D
9:52:58,MYOR,RG,1715,5,D,YP,AK,F
9:52:53,MYOR,RG,1710,1,D,EP,AK,F
9:52:52,MYOR,RG,1710,10,D,EP,YP,D
9:52:40,MYOR,RG,1710,2,D,EP,YP,D
9:52:40,MYOR,RG,1710,1,D,EP,IP,D
9:52:37,MYOR,RG,1710,6,D,EP,AK,F
9:52:37,MYOR,RG,1710,10,D,EP,XC,D
9:52:36,MYOR,RG,1710,3,D,EP,XA,D
9:52:34,MYOR,RG,1715,20,F,AK,AK,F
9:52:34,MYOR,RG,1715,480,F,AK,OD,D
9:52:33,MYOR,RG,1715,3,D,PD,OD,D
9:52:31,MYOR,RG,1710,11,D,EP,AK,F
9:52:30,MYOR,RG,1710,165,D,EP,NI,D
9:52:27,MYOR,RG,1710,44,D,EP,AG,D
9:52:18,MYOR,RG,1710,30,D,EP,AK,F
9:52:17,MYOR,RG,1710,70,D,EP,SQ,D
9:52:14,MYOR,RG,1710,50,D,EP,CC,D
9:52:14,MYOR,RG,1715,294,D,DX,OD,D
9:52:14,MYOR,RG,1715,150,D,DX,OD,D
9:52:09,MYOR,RG,1710,2,D,EP,AK,F
9:52:08,MYOR,RG,1710,50,D,EP,CC,D
9:51:58,MYOR,RG,1710,3,D,EP,AK,F
9:51:57,MYOR,RG,1710,60,D,EP,XC,D
9:51:56,MYOR,RG,1710,2,D,EP,AK,F
9:51:55,MYOR,RG,1710,2,D,EP,KK,D
9:51:55,MYOR,RG,1710,37,D,EP,XC,D
9:51:54,MYOR,RG,1710,4,D,EP,AK,F
9:51:53,MYOR,RG,1710,69,D,EP,XL,D
9:51:48,MYOR,RG,1710,3,D,EP,AK,F
9:51:47,MYOR,RG,1710,52,D,EP,XC,D
9:51:46,MYOR,RG,1710,2,D,EP,AK,F
9:51:45,MYOR,RG,1710,40,D,EP,NI,D
9:51:37,MYOR,RG,1710,2,D,EP,XC,D
9:51:34,MYOR,RG,1710,1,D,EP,AK,F
9:51:33,MYOR,RG,1710,10,D,EP,DR,D
9:51:30,MYOR,RG,1710,5,D,EP,AK,F
9:51:29,MYOR,RG,1710,1,D,EP,XC,D
9:51:29,MYOR,RG,1710,100,D,EP,AG,D
9:51:28,MYOR,RG,1710,2,D,EP,YP,D
9:51:28,MYOR,RG,1710,3,D,PD,YP,D
9:51:16,MYOR,RG,1710,4,D,PD,PD,D
9:51:05,MYOR,RG,1710,6,D,PD,AK,F
9:51:04,MYOR,RG,1710,11,D,PD,AK,F
9:51:03,MYOR,RG,1710,5,D,PD,XC,D
9:51:03,MYOR,RG,1710,71,D,PD,XC,D
9:51:03,MYOR,RG,1710,10,D,NI,XC,D
9:51:03,MYOR,RG,1710,2,D,DR,XC,D
9:51:03,MYOR,RG,1710,1,D,PD,XC,D
9:51:03,MYOR,RG,1710,1,D,XL,XC,D
9:51:03,MYOR,RG,1710,25,D,CC,XC,D
9:51:03,MYOR,RG,1710,1,D,XC,XC,D
9:51:03,MYOR,RG,1710,50,D,XC,XC,D
9:51:03,MYOR,RG,1710,9,D,NI,XC,D
9:51:03,MYOR,RG,1710,3,F,ZP,XC,D
9:51:03,MYOR,RG,1710,2,D,CC,XC,D
9:50:42,MYOR,RG,1715,31,D,DX,OD,D
9:50:42,MYOR,RG,1715,64,D,DX,OD,D
9:50:40,MYOR,RG,1710,1,D,CC,XC,D
9:50:40,MYOR,RG,1710,12,D,CC,XC,D
9:50:40,MYOR,RG,1715,20,D,OD,OD,D
9:50:38,MYOR,RG,1710,2,D,CC,PC,D
9:50:37,MYOR,RG,1710,1,D,CC,XC,D
9:50:36,MYOR,RG,1710,10,D,CC,HP,D
9:50:35,MYOR,RG,1710,1,D,CC,XC,D
9:50:28,MYOR,RG,1710,1,D,CC,AK,F
9:50:27,MYOR,RG,1710,5,D,CC,NI,D
9:50:26,MYOR,RG,1710,3,F,AK,AK,F
9:50:26,MYOR,RG,1710,65,F,AK,XC,D
9:50:20,MYOR,RG,1710,1,F,AK,XC,D
9:50:10,MYOR,RG,1710,1,F,AK,XC,D
9:50:02,MYOR,RG,1710,1,F,AK,AK,F
9:50:02,MYOR,RG,1710,8,F,AK,DR,D
9:49:58,MYOR,RG,1710,4,F,AK,XC,D
9:49:55,MYOR,RG,1710,1,F,AK,XL,D
9:49:54,MYOR,RG,1710,5,F,AK,YP,D
9:49:48,MYOR,RG,1710,1,F,AK,SQ,D
9:49:44,MYOR,RG,1710,3,F,AK,YP,D
9:49:43,MYOR,RG,1710,9,F,AK,AK,F
9:49:42,MYOR,RG,1715,50,D,EP,OD,D
9:49:30,MYOR,RG,1710,4,F,AK,CC,D
9:49:27,MYOR,RG,1710,1,F,AK,YP,D
9:49:27,MYOR,RG,1715,116,D,DX,OD,D
9:49:26,MYOR,RG,1710,1,F,AK,AK,F
9:49:26,MYOR,RG,1710,10,F,AK,PD,D
9:49:24,MYOR,RG,1710,10,F,AK,AK,F
9:49:24,MYOR,RG,1715,201,D,DX,OD,D
9:49:23,MYOR,RG,1710,19,F,AK,AK,F
9:49:23,MYOR,RG,1710,34,D,LS,AK,F
9:49:22,MYOR,RG,1710,666,D,LS,AG,D
9:49:22,MYOR,RG,1710,1,D,XC,AG,D
9:49:22,MYOR,RG,1710,233,D,YP,AG,D
9:49:22,MYOR,RG,1710,10,D,YP,AG,D
9:49:22,MYOR,RG,1710,7,D,XC,AG,D
9:49:22,MYOR,RG,1710,83,D,CP,AG,D
9:49:20,MYOR,RG,1710,2,D,CP,AK,F
9:49:19,MYOR,RG,1710,2,D,CP,XC,D
9:48:56,MYOR,RG,1710,13,D,CP,SQ,D
9:48:56,MYOR,RG,1710,3,D,XC,SQ,D
9:48:56,MYOR,RG,1710,14,D,HP,SQ,D
9:48:54,MYOR,RG,1710,1,D,HP,XC,D
9:48:54,MYOR,RG,1710,2,D,XC,XC,D
9:48:54,MYOR,RG,1710,1,D,XC,XC,D
9:48:54,MYOR,RG,1710,1,F,ZP,XC,D
9:48:49,MYOR,RG,1715,2,D,YP,OD,D
9:48:38,MYOR,RG,1710,12,D,HP,AK,F
9:48:37,MYOR,RG,1710,43,D,HP,YP,D
9:48:37,MYOR,RG,1710,1,D,XC,YP,D
9:48:37,MYOR,RG,1710,10,D,EP,YP,D
9:48:37,MYOR,RG,1710,30,D,IF,YP,D
9:48:37,MYOR,RG,1710,10,D,YB,YP,D
9:48:37,MYOR,RG,1710,6,D,DX,YP,D
9:48:07,MYOR,RG,1710,12,D,DX,XC,D
9:48:00,MYOR,RG,1710,100,D,DX,GR,D
9:47:57,MYOR,RG,1710,10,D,DX,KK,D
9:47:40,MYOR,RG,1710,2,D,DX,XC,D
9:47:36,MYOR,RG,1710,1,D,DX,XC,D
9:47:23,MYOR,RG,1710,23,D,DX,AK,F
9:47:22,MYOR,RG,1710,2,D,DX,YP,D
9:47:05,MYOR,RG,1715,12,D,NI,OD,D
9:47:04,MYOR,RG,1715,6,D,TP,OD,D
9:46:57,MYOR,RG,1715,2,D,YP,OD,D
9:46:57,MYOR,RG,1715,300,F,AK,OD,D
9:46:56,MYOR,RG,1715,109,D,DX,OD,D
9:46:56,MYOR,RG,1710,4,D,DX,AK,F
9:46:40,MYOR,RG,1710,45,D,DX,YP,D
9:46:40,MYOR,RG,1710,1,F,ZP,YP,D
9:46:40,MYOR,RG,1710,4,D,CC,YP,D
9:46:36,MYOR,RG,1710,1,D,CC,XC,D
9:46:35,MYOR,RG,1710,10,D,CC,PD,D
9:46:28,MYOR,RG,1710,10,D,CC,KK,D
9:46:28,MYOR,RG,1710,1,D,YP,KK,D
9:46:28,MYOR,RG,1710,10,D,DR,KK,D
9:46:13,MYOR,RG,1710,1,D,PD,XC,D
9:46:08,MYOR,RG,1710,3,D,PD,PD,D
9:45:58,MYOR,RG,1710,3,D,PD,XC,D
9:45:47,MYOR,RG,1710,1,D,PD,AK,F
9:45:45,MYOR,RG,1710,10,D,PD,XL,D
9:45:39,MYOR,RG,1710,2,D,PD,AK,F
9:45:38,MYOR,RG,1710,2,D,PD,AK,F
9:45:37,MYOR,RG,1710,17,D,PD,IT,D
9:45:37,MYOR,RG,1710,1,D,XL,IT,D
9:45:37,MYOR,RG,1710,11,D,XC,IT,D
9:45:37,MYOR,RG,1710,20,D,PD,IT,D
9:45:37,MYOR,RG,1710,36,D,YP,IT,D
9:45:28,MYOR,RG,1710,8,D,YP,AK,F
9:45:28,MYOR,RG,1710,15,D,YP,XL,D
9:45:11,MYOR,RG,1715,1,D,XC,OD,D
9:45:02,MYOR,RG,1710,1,D,YP,AK,F
9:45:02,MYOR,RG,1715,134,D,LG,OD,D
9:44:25,MYOR,RG,1715,1,D,XC,OD,D
9:44:22,MYOR,RG,1715,1,D,YP,OD,D
9:44:18,MYOR,RG,1710,1,D,YP,YP,D
