Time,Stock,Brd,Price,Qty,BT,BC,SC,ST
15:14:33,MYOR,RG,2440,300,D,MG,DR,D
15:10:17,MYOR,RG,2440,5,D,AZ,DR,D
15:07:57,MYOR,RG,2440,50,D,YP,DR,D
15:07:41,MYOR,RG,2440,1,D,YP,DR,D
15:06:18,MYOR,RG,2440,2,D,YP,DR,D
15:04:36,MYOR,RG,2440,1,D,YP,DR,D
15:04:35,MYOR,RG,2440,1,D,YP,DR,D
15:04:33,MYOR,RG,2440,1,D,YP,DR,D
15:04:13,MYOR,RG,2440,814,D,AK,DR,D
15:04:13,MYOR,RG,2440,475,D,AK,DR,D
15:04:13,MYOR,RG,2440,251,D,AK,DR,D
15:04:12,MYOR,RG,2440,681,D,AK,DR,D
15:04:12,MYOR,RG,2440,187,D,AK,DR,D
15:04:12,MYOR,RG,2440,192,D,AK,DR,D
15:03:45,MYOR,RG,2440,62,D,YP,DR,D
15:03:16,MYOR,RG,2440,50,D,RO,DR,D
15:03:01,MYOR,RG,2440,6,D,OD,DR,D
15:02:23,MYOR,RG,2440,8,D,YP,DR,D
15:00:00,MYOR,RG,2440,83,D,EP,DR,D
15:00:00,MYOR,RG,2440,58,D,NI,DR,D
15:00:00,MYOR,RG,2440,11,D,PD,DR,D
15:00:00,MYOR,RG,2440,1,D,PD,DR,D
15:00:00,MYOR,RG,2440,23,D,KK,DR,D
15:00:00,MYOR,RG,2440,10,D,KK,YU,D
15:00:00,MYOR,RG,2440,1,D,KK,XC,D
15:00:00,MYOR,RG,2440,10,D,KK,ZP,D
15:00:00,MYOR,RG,2440,6,D,KK,PD,D
15:00:00,MYOR,RG,2440,4,D,YP,PD,D
15:00:00,MYOR,RG,2440,1,D,YP,CP,D
15:00:00,MYOR,RG,2440,20,D,XC,CP,D
15:00:00,MYOR,RG,2440,10,D,YP,CP,D
15:00:00,MYOR,RG,2440,19,F,YU,CP,D
15:00:00,MYOR,RG,2440,20,F,YU,CC,D
15:00:00,MYOR,RG,2440,20,F,YU,EP,D
15:00:00,MYOR,RG,2440,281,F,YU,KZ,F
15:00:00,MYOR,RG,2440,1,D,XC,KZ,F
15:00:00,MYOR,RG,2440,51,F,BK,KZ,F
15:00:00,MYOR,RG,2440,2,D,AT,KZ,F
15:00:00,MYOR,RG,2440,1,D,AT,BK,F
14:49:56,MYOR,RG,2440,557,D,PD,DR,D
14:49:56,MYOR,RG,2440,577,D,PD,DR,D
14:49:56,MYOR,RG,2440,1666,D,PD,DR,D
14:49:56,MYOR,RG,2440,1456,D,PD,DR,D
14:49:56,MYOR,RG,2440,1301,D,PD,DR,D
14:49:56,MYOR,RG,2440,100,D,PD,YP,D
14:49:56,MYOR,RG,2440,10,D,PD,PD,D
14:49:56,MYOR,RG,2440,4,D,PD,PD,D
14:49:56,MYOR,RG,2440,30,D,PD,YP,D
14:49:56,MYOR,RG,2440,2,D,PD,YP,D
14:49:56,MYOR,RG,2440,25,D,PD,CC,D
14:49:56,MYOR,RG,2440,20,D,PD,KK,D
14:49:56,MYOR,RG,2440,25,D,PD,CC,D
14:49:56,MYOR,RG,2440,10,D,PD,PD,D
14:49:56,MYOR,RG,2440,139,D,PD,DR,D
14:49:50,MYOR,RG,2440,1,F,YU,DR,D
14:49:50,MYOR,RG,2440,3,F,YU,DR,D
14:49:50,MYOR,RG,2440,12,F,YU,DR,D
14:49:50,MYOR,RG,2440,33,F,YU,DR,D
14:49:50,MYOR,RG,2440,34,F,YU,DR,D
14:49:46,MYOR,RG,2430,36,D,PD,CC,D
14:49:44,MYOR,RG,2430,2,D,PD,NI,D
14:49:41,MYOR,RG,2440,5,F,YU,DR,D
14:49:21,MYOR,RG,2440,10,F,ZP,DR,D
14:49:21,MYOR,RG,2440,1,F,ZP,DR,D
14:49:14,MYOR,RG,2440,5,F,YU,DR,D
14:48:54,MYOR,RG,2440,4,F,YU,DR,D
14:48:54,MYOR,RG,2440,1,F,YU,DR,D
14:48:52,MYOR,RG,2440,6,F,YU,DR,D
14:48:51,MYOR,RG,2440,9,F,YU,DR,D
14:48:51,MYOR,RG,2440,7,F,YU,DR,D
14:48:51,MYOR,RG,2440,3,F,YU,DR,D
14:48:51,MYOR,RG,2440,3,F,YU,DR,D
14:48:51,MYOR,RG,2440,11,F,YU,DR,D
14:48:51,MYOR,RG,2440,11,F,YU,DR,D
14:48:51,MYOR,RG,2440,19,F,YU,DR,D
14:48:51,MYOR,RG,2440,48,F,YU,DR,D
14:48:51,MYOR,RG,2440,7,F,ZP,DR,D
14:48:51,MYOR,RG,2440,1661,D,PD,DR,D
14:48:50,MYOR,RG,2440,5,F,YU,DR,D
14:48:45,MYOR,RG,2440,7,D,YP,DR,D
14:48:45,MYOR,RG,2440,10,D,YP,DR,D
14:48:31,MYOR,RG,2440,1,D,XC,DR,D
14:48:11,MYOR,RG,2440,9,F,ZP,DR,D
14:48:11,MYOR,RG,2430,157,D,PD,KZ,F
14:47:40,MYOR,RG,2440,8,F,YU,DR,D
14:47:40,MYOR,RG,2440,289,F,YU,DR,D
14:47:39,MYOR,RG,2440,1617,D,PD,DR,D
14:47:39,MYOR,RG,2440,5,D,PD,YU,D
14:47:39,MYOR,RG,2440,5,D,PD,YP,D
14:47:39,MYOR,RG,2440,1,D,PD,XC,D
14:47:39,MYOR,RG,2440,38,D,PD,PD,D
14:47:21,MYOR,RG,2440,12,F,ZP,PD,D
14:47:21,MYOR,RG,2440,1,F,ZP,NI,D
14:47:21,MYOR,RG,2440,6,F,ZP,DR,D
14:46:42,MYOR,RG,2430,5,D,PD,DR,D
14:46:38,MYOR,RG,2430,10,D,PD,XC,D
14:45:15,MYOR,RG,2430,21,F,BK,KZ,F
14:45:15,MYOR,RG,2430,17,F,YU,KZ,F
14:45:12,MYOR,RG,2430,13,F,YU,YP,D
14:44:53,MYOR,RG,2430,34,F,YU,SQ,D
14:44:53,MYOR,RG,2430,6,D,AZ,SQ,D
14:44:51,MYOR,RG,2430,4,D,AZ,PD,D
14:44:26,MYOR,RG,2430,158,F,YU,AK,F
14:44:26,MYOR,RG,2430,9,F,YU,KZ,F
14:44:25,MYOR,RG,2430,11,D,PD,KZ,F
14:44:25,MYOR,RG,2430,6,F,YU,KZ,F
14:44:25,MYOR,RG,2430,84,F,YU,KZ,F
14:44:25,MYOR,RG,2430,120,D,FS,KZ,F
14:44:25,MYOR,RG,2430,50,F,ZP,KZ,F
14:44:25,MYOR,RG,2430,49,F,BK,KZ,F
14:44:09,MYOR,RG,2430,1,F,BK,NI,D
14:44:07,MYOR,RG,2430,25,F,BK,NI,D
14:43:53,MYOR,RG,2430,211,F,BK,BK,F
14:43:52,MYOR,RG,2430,1275,F,BK,CC,D
14:43:52,MYOR,RG,2430,2,F,YU,CC,D
14:43:52,MYOR,RG,2430,7,F,YU,CC,D
14:43:52,MYOR,RG,2430,9,F,YU,CC,D
14:43:52,MYOR,RG,2430,13,F,YU,CC,D
14:43:52,MYOR,RG,2430,53,F,YU,CC,D
14:43:52,MYOR,RG,2430,141,D,PD,CC,D
14:43:28,MYOR,RG,2430,632,D,PD,BK,F
14:43:28,MYOR,RG,2430,2,D,PD,YB,D
14:43:16,MYOR,RG,2430,891,D,PD,CC,D
14:43:16,MYOR,RG,2430,24,D,AZ,CC,D
14:43:16,MYOR,RG,2430,85,D,AZ,CC,D
14:42:53,MYOR,RG,2430,889,D,AZ,BK,F
14:42:53,MYOR,RG,2430,300,F,BK,BK,F
14:42:53,MYOR,RG,2430,13,F,YU,BK,F
14:42:53,MYOR,RG,2430,40,F,YU,BK,F
14:42:53,MYOR,RG,2430,24,F,ZP,BK,F
14:42:53,MYOR,RG,2430,25,D,PD,BK,F
14:42:53,MYOR,RG,2430,500,D,PD,CP,D
14:41:40,MYOR,RG,2430,328,D,PD,KZ,F
14:41:10,MYOR,RG,2440,5,D,PD,DR,D
14:41:05,MYOR,RG,2430,5,D,PD,CC,D
14:40:04,MYOR,RG,2430,10,D,PD,YP,D
14:40:04,MYOR,RG,2430,1,D,PD,XC,D
14:40:04,MYOR,RG,2430,2,D,PD,XL,D
14:40:04,MYOR,RG,2430,1,D,PD,XC,D
14:40:04,MYOR,RG,2430,39,D,PD,KZ,F
14:40:04,MYOR,RG,2430,1,D,PD,KZ,F
14:40:04,MYOR,RG,2430,14,D,PD,KZ,F
14:40:04,MYOR,RG,2430,740,D,PD,CC,D
14:39:44,MYOR,RG,2430,2,D,KK,CC,D
14:39:30,MYOR,RG,2430,5,F,YU,CC,D
14:39:30,MYOR,RG,2430,253,D,CC,CC,D
14:39:30,MYOR,RG,2430,4,D,CC,CC,D
14:38:50,MYOR,RG,2420,60,F,YU,CC,F
14:38:50,MYOR,RG,2420,1,F,YU,BK,F
14:38:50,MYOR,RG,2420,39,F,YU,PD,D
14:38:50,MYOR,RG,2420,31,F,YU,XL,D
14:38:50,MYOR,RG,2420,11,F,YU,LG,D
14:38:49,MYOR,RG,2420,14,F,AK,LG,D
14:38:49,MYOR,RG,2420,1,F,AK,XC,D
14:38:49,MYOR,RG,2420,2,F,AK,XC,D
14:38:49,MYOR,RG,2420,57,F,AK,XC,D
14:38:49,MYOR,RG,2420,111,F,AK,CC,D
14:38:49,MYOR,RG,2420,389,D,PD,CC,D
14:38:49,MYOR,RG,2420,1000,D,PD,CC,D
14:38:49,MYOR,RG,2420,1190,D,PD,AK,F
14:38:49,MYOR,RG,2420,85,D,PD,KK,D
14:38:49,MYOR,RG,2420,667,D,PD,CC,D
14:38:38,MYOR,RG,2410,100,D,PD,ZP,D
14:38:38,MYOR,RG,2410,2,D,PD,YP,D
14:38:38,MYOR,RG,2410,50,D,PD,CP,D
14:38:38,MYOR,RG,2410,220,D,PD,CC,D
14:38:38,MYOR,RG,2410,13,D,PD,CC,F
14:38:38,MYOR,RG,2410,147,D,PD,KZ,F
14:38:15,MYOR,RG,2410,10,D,MG,KZ,F
14:38:05,MYOR,RG,2410,78,F,YU,KZ,F
14:38:05,MYOR,RG,2410,114,F,YU,AK,F
14:38:05,MYOR,RG,2410,47,F,AK,AK,F
14:38:05,MYOR,RG,2410,17,F,ZP,AK,F
14:38:05,MYOR,RG,2410,10,D,SQ,AK,F
14:38:05,MYOR,RG,2410,15,D,AZ,AK,F
14:38:05,MYOR,RG,2410,7,D,AZ,AK,F
14:38:05,MYOR,RG,2410,36,D,AZ,CC,D
14:38:05,MYOR,RG,2410,1673,D,AZ,CC,D
14:38:05,MYOR,RG,2410,256,F,BK,CC,D
14:38:05,MYOR,RG,2410,6,F,YU,CC,D
14:38:05,MYOR,RG,2410,29,D,CC,CC,D
14:37:57,MYOR,RG,2410,83,D,CC,CC,D
14:36:45,MYOR,RG,2410,1,D,CC,XL,D
14:36:38,MYOR,RG,2420,21,D,HP,CC,D
14:36:20,MYOR,RG,2420,1,D,AZ,CC,D
14:36:18,MYOR,RG,2410,8,D,CC,EP,D
14:35:35,MYOR,RG,2410,170,F,YU,AK,F
14:35:35,MYOR,RG,2410,62,F,YU,PD,D
14:35:35,MYOR,RG,2410,111,F,AK,PD,D
14:35:35,MYOR,RG,2410,336,F,AK,PD,D
14:35:35,MYOR,RG,2410,52,F,ZP,PD,D
14:35:35,MYOR,RG,2410,31,F,YU,PD,D
14:35:35,MYOR,RG,2410,23,F,YU,PD,D
14:35:35,MYOR,RG,2410,120,D,CC,PD,D
14:35:35,MYOR,RG,2410,1,D,KK,PD,D
14:35:35,MYOR,RG,2410,100,D,FS,PD,D
14:35:35,MYOR,RG,2410,1,D,YP,PD,D
14:35:35,MYOR,RG,2410,5,D,PD,PD,D
14:35:35,MYOR,RG,2410,214,F,BK,PD,D
14:35:35,MYOR,RG,2410,27,D,AZ,PD,D
14:35:35,MYOR,RG,2410,917,D,AZ,PD,D
14:35:12,MYOR,RG,2410,1,D,AZ,CC,D
14:34:45,MYOR,RG,2410,104,D,AZ,KZ,F
14:34:45,MYOR,RG,2410,7,F,YU,KZ,F
14:34:45,MYOR,RG,2410,16,F,YU,KZ,F
14:34:45,MYOR,RG,2410,78,D,CC,KZ,F
14:33:39,MYOR,RG,2410,15,D,CC,YB,D
14:33:06,MYOR,RG,2410,3,D,CC,PD,D
14:31:12,MYOR,RG,2410,20,D,CC,XC,D
14:31:08,MYOR,RG,2420,20,D,MG,CC,D
14:30:33,MYOR,RG,2410,5,D,CC,AZ,D
14:30:09,MYOR,RG,2410,5,F,AK,CC,D
14:30:09,MYOR,RG,2410,214,F,BK,CC,D
14:30:09,MYOR,RG,2410,9,D,XL,CC,D
14:30:09,MYOR,RG,2410,119,D,CC,CC,D
14:30:09,MYOR,RG,2410,132,D,CC,CC,D
14:30:09,MYOR,RG,2410,21,F,YU,CC,D
14:29:59,MYOR,RG,2410,9,F,YU,MG,D
14:29:59,MYOR,RG,2410,1,F,ZP,MG,D
14:29:47,MYOR,RG,2410,25,F,YU,NI,D
14:29:47,MYOR,RG,2410,111,D,AK,AK,F
14:29:46,MYOR,RG,2410,101,D,AK,AK,F
14:29:46,MYOR,RG,2410,368,D,AK,CC,D
14:29:46,MYOR,RG,2410,10,F,ZP,CC,D
14:29:46,MYOR,RG,2410,274,D,AK,CC,D
14:29:46,MYOR,RG,2410,348,D,AK,CC,D
14:29:46,MYOR,RG,2410,45,D,AK,KZ,F
14:29:46,MYOR,RG,2410,134,D,AK,KZ,F
14:29:46,MYOR,RG,2410,2,D,AK,CC,F
14:29:46,MYOR,RG,2410,9,D,AK,GR,D
14:29:46,MYOR,RG,2410,91,D,AK,GR,D
14:29:46,MYOR,RG,2410,6,D,AK,SQ,D
14:29:46,MYOR,RG,2410,11,D,AK,AK,F
14:28:51,MYOR,RG,2410,95,F,YU,AK,F
14:28:51,MYOR,RG,2410,166,F,YU,CC,D
14:28:51,MYOR,RG,2410,626,D,AK,CC,D
14:28:51,MYOR,RG,2410,208,D,AK,CC,D
14:28:51,MYOR,RG,2410,2,D,AK,NI,D
14:28:51,MYOR,RG,2410,126,D,AK,KZ,F
14:28:51,MYOR,RG,2410,188,D,AK,BK,F
14:28:51,MYOR,RG,2410,193,D,AK,BK,F
14:28:51,MYOR,RG,2410,99,D,AK,BK,F
14:28:51,MYOR,RG,2410,266,D,AK,CC,D
14:28:51,MYOR,RG,2410,148,D,AK,CC,D
14:28:50,MYOR,RG,2410,144,D,AK,CC,D
14:27:32,MYOR,RG,2410,10,D,MG,CC,D
14:27:08,MYOR,RG,2400,100,D,AK,NI,D
14:25:48,MYOR,RG,2410,5,F,YU,CC,D
14:25:47,MYOR,RG,2410,45,D,XL,CC,D
14:25:45,MYOR,RG,2410,10,D,XL,CC,D
14:25:39,MYOR,RG,2410,3,D,YP,CC,D
14:25:07,MYOR,RG,2410,55,F,YU,CC,D
14:25:06,MYOR,RG,2410,2,D,YP,CC,D
14:25:06,MYOR,RG,2410,3,F,ZP,CC,D
14:25:06,MYOR,RG,2410,196,F,BK,CC,D
14:25:06,MYOR,RG,2410,37,F,YU,CC,D
14:25:06,MYOR,RG,2410,49,D,AK,CC,D
14:25:06,MYOR,RG,2410,27,D,AK,CC,D
14:25:05,MYOR,RG,2410,5,D,AK,YP,D
14:24:42,MYOR,RG,2410,11,D,AK,PD,D
14:23:33,MYOR,RG,2410,3,D,AK,XC,D
14:23:03,MYOR,RG,2410,1,D,AK,XC,D
14:22:08,MYOR,RG,2410,173,D,AK,AK,F
14:22:08,MYOR,RG,2410,45,D,AK,AK,F
14:22:08,MYOR,RG,2410,75,D,AK,CC,D
14:22:08,MYOR,RG,2410,206,D,AK,CC,D
14:22:08,MYOR,RG,2410,64,D,AK,CC,D
14:22:06,MYOR,RG,2400,17,D,AK,PD,D
14:21:52,MYOR,RG,2410,5,F,YU,CC,D
14:21:52,MYOR,RG,2410,90,D,AZ,CC,D
14:21:32,MYOR,RG,2410,8,F,YU,CC,D
14:21:32,MYOR,RG,2410,52,F,YU,CC,D
14:21:21,MYOR,RG,2410,56,F,YU,AK,F
14:21:20,MYOR,RG,2410,27,F,ZP,AK,F
14:21:20,MYOR,RG,2410,1,F,ZP,KZ,F
14:21:20,MYOR,RG,2410,2,F,YU,KZ,F
14:21:20,MYOR,RG,2410,75,F,YU,KZ,F
14:21:20,MYOR,RG,2410,16,F,ZP,KZ,F
14:21:20,MYOR,RG,2410,1,D,XC,KZ,F
14:21:20,MYOR,RG,2410,12,F,ZP,KZ,F
14:21:20,MYOR,RG,2410,39,D,CC,KZ,F
14:21:10,MYOR,RG,2410,81,D,CC,KZ,F
14:21:10,MYOR,RG,2410,42,F,BK,KZ,F
14:21:10,MYOR,RG,2410,120,F,BK,CC,D
14:21:10,MYOR,RG,2410,100,D,YP,CC,D
14:21:10,MYOR,RG,2410,8,F,YU,CC,D
14:21:10,MYOR,RG,2410,13,F,YU,CC,D
14:21:10,MYOR,RG,2410,54,F,YU,CC,D
14:21:10,MYOR,RG,2410,13,D,CC,CC,D
14:21:10,MYOR,RG,2410,51,D,AZ,CC,D
14:21:10,MYOR,RG,2410,641,D,AZ,CC,D
14:21:08,MYOR,RG,2420,29,F,YU,CC,D
14:21:07,MYOR,RG,2420,262,D,CC,CC,D
14:18:51,MYOR,RG,2410,80,D,AZ,NI,D
14:17:54,MYOR,RG,2410,165,D,AZ,PD,D
14:17:41,MYOR,RG,2410,1,D,AZ,PD,D
14:17:28,MYOR,RG,2410,1,D,AZ,XC,D
14:16:50,MYOR,RG,2410,10,D,AZ,BQ,D
14:16:50,MYOR,RG,2410,1,D,AZ,XC,D
14:16:50,MYOR,RG,2410,2,D,AZ,AZ,D
14:16:50,MYOR,RG,2410,2,D,AZ,KZ,F
14:16:50,MYOR,RG,2410,16,D,AZ,KZ,F
14:16:50,MYOR,RG,2410,1,D,AZ,BK,F
14:16:50,MYOR,RG,2410,1028,D,AZ,CC,D
14:16:45,MYOR,RG,2410,2,D,XL,CC,D
14:16:19,MYOR,RG,2400,40,D,CC,YP,D
14:16:05,MYOR,RG,2400,2,D,CC,PD,D
14:15:59,MYOR,RG,2400,61,D,CC,NI,D
14:15:59,MYOR,RG,2400,131,D,CC,NI,D
14:15:59,MYOR,RG,2400,18,D,AK,NI,D
14:15:49,MYOR,RG,2400,5,D,AK,OD,D
14:15:49,MYOR,RG,2400,1,D,AK,YP,D
14:15:49,MYOR,RG,2400,50,D,AK,KZ,F
14:15:49,MYOR,RG,2400,96,D,AK,KZ,F
14:15:49,MYOR,RG,2400,5,D,AK,KZ,F
14:15:49,MYOR,RG,2400,87,D,AK,KZ,F
14:15:49,MYOR,RG,2400,90,D,AK,AK,F
14:15:49,MYOR,RG,2400,5,D,AK,OD,D
14:15:49,MYOR,RG,2400,8,D,AK,XL,D
14:15:49,MYOR,RG,2400,71,D,AK,CC,D
14:15:49,MYOR,RG,2400,151,D,AK,CC,D
14:15:49,MYOR,RG,2400,72,D,AK,CC,D
14:15:22,MYOR,RG,2400,10,D,MG,CC,D
14:15:04,MYOR,RG,2390,5,D,CC,YP,D
14:15:03,MYOR,RG,2400,196,D,LG,CC,D
14:15:03,MYOR,RG,2400,4,D,LG,YP,D
14:14:59,MYOR,RG,2390,20,D,CC,SQ,D
14:14:15,MYOR,RG,2390,80,D,CC,XC,D
14:14:09,MYOR,RG,2390,5,D,CC,SQ,D
14:13:53,MYOR,RG,2390,34,D,CC,AZ,D
14:13:53,MYOR,RG,2390,16,D,OD,AZ,D
14:13:37,MYOR,RG,2390,5,D,OD,KK,D
14:13:37,MYOR,RG,2390,5,D,YP,KK,D
14:13:37,MYOR,RG,2390,1,D,YP,KK,D
14:13:37,MYOR,RG,2390,4,D,XA,KK,D
14:13:32,MYOR,RG,2400,1,D,XC,YP,D
14:13:14,MYOR,RG,2400,2,D,FS,YP,D
14:13:14,MYOR,RG,2400,1,D,FS,XC,D
14:13:14,MYOR,RG,2400,8,D,FS,AZ,D
14:13:14,MYOR,RG,2400,89,D,FS,KZ,F
14:12:54,MYOR,RG,2400,2,D,YB,KZ,F
14:12:35,MYOR,RG,2400,2,D,AZ,KZ,F
14:12:28,MYOR,RG,2400,5,F,YU,KZ,F
14:12:15,MYOR,RG,2400,59,D,XC,KZ,F
14:12:00,MYOR,RG,2400,200,D,AZ,KZ,F
14:11:54,MYOR,RG,2400,56,D,AZ,KZ,F
14:11:54,MYOR,RG,2400,20,D,AZ,CC,D
14:11:54,MYOR,RG,2400,78,D,AZ,AK,F
14:11:54,MYOR,RG,2400,46,D,AZ,CC,D
14:11:53,MYOR,RG,2390,1,D,XA,XC,D
14:11:42,MYOR,RG,2390,5,D,KK,YP,D
14:11:34,MYOR,RG,2400,5,D,CC,CC,D
14:11:30,MYOR,RG,2400,1,D,XL,CC,D
14:11:19,MYOR,RG,2400,1,D,YP,CC,D
14:11:12,MYOR,RG,2400,2,D,XL,CC,D
14:11:03,MYOR,RG,2400,1,D,PD,CC,D
14:10:36,MYOR,RG,2400,50,D,GR,CC,D
14:10:36,MYOR,RG,2400,5,D,YP,CC,D
14:10:36,MYOR,RG,2400,6,F,ZP,CC,D
14:10:36,MYOR,RG,2400,2,D,AZ,CC,D
14:10:36,MYOR,RG,2400,50,D,YP,CC,D
14:10:36,MYOR,RG,2400,14,F,YU,CC,D
14:10:36,MYOR,RG,2400,5,D,TP,CC,D
14:10:36,MYOR,RG,2400,50,D,YB,CC,D
14:10:36,MYOR,RG,2400,1,D,YP,CC,D
14:10:36,MYOR,RG,2400,15,D,YP,CC,D
14:10:36,MYOR,RG,2400,2,D,PD,CC,D
14:10:36,MYOR,RG,2400,1,D,NI,CC,D
14:10:36,MYOR,RG,2400,1,D,DH,CC,D
14:10:36,MYOR,RG,2400,83,D,GR,CC,D
14:10:36,MYOR,RG,2400,1,D,PD,CC,D
14:10:36,MYOR,RG,2400,5,D,YP,CC,D
14:10:36,MYOR,RG,2400,41,D,YP,CC,D
14:10:36,MYOR,RG,2400,13,D,XL,CC,D
14:10:36,MYOR,RG,2400,9,D,XC,CC,D
14:10:36,MYOR,RG,2400,5,D,HP,CC,D
14:10:36,MYOR,RG,2400,1,D,ZP,CC,D
14:10:36,MYOR,RG,2400,100,D,YU,CC,D
14:10:36,MYOR,RG,2400,11,D,EP,CC,D
14:10:36,MYOR,RG,2400,2,D,YP,CC,D
14:10:36,MYOR,RG,2400,1,D,CC,CC,D
14:10:36,MYOR,RG,2400,5,D,YP,CC,D
14:10:33,MYOR,RG,2400,2,D,YP,SQ,D
14:10:33,MYOR,RG,2400,3,D,SQ,SQ,D
14:10:33,MYOR,RG,2400,1,D,XC,SQ,D
14:10:33,MYOR,RG,2400,2,D,NI,SQ,D
14:10:33,MYOR,RG,2400,5,D,YU,SQ,D
14:10:33,MYOR,RG,2400,1,D,DR,SQ,D
14:10:32,MYOR,RG,2410,9,D,CC,CC,D
14:10:20,MYOR,RG,2400,19,D,DR,KZ,F
14:10:20,MYOR,RG,2400,2,D,PD,KZ,F
14:10:20,MYOR,RG,2400,5,D,XC,KZ,F
14:10:20,MYOR,RG,2400,1,D,YP,KZ,F
14:10:20,MYOR,RG,2400,2,D,YP,KZ,F
14:10:20,MYOR,RG,2400,20,D,IU,KZ,F
14:10:20,MYOR,RG,2400,3,D,XC,KZ,F
14:10:20,MYOR,RG,2400,20,D,KK,KZ,F
14:10:20,MYOR,RG,2400,10,D,CC,KZ,F
14:10:20,MYOR,RG,2400,10,D,MG,KZ,F
14:10:20,MYOR,RG,2400,2,D,YP,KZ,F
14:10:20,MYOR,RG,2400,10,D,PD,KZ,F
14:10:20,MYOR,RG,2400,2,D,PD,KZ,F
14:10:20,MYOR,RG,2400,1,D,XC,KZ,F
14:10:20,MYOR,RG,2400,10,D,YP,KZ,F
14:10:20,MYOR,RG,2400,1,D,PD,KZ,F
14:10:20,MYOR,RG,2400,1,D,XC,KZ,F
14:10:20,MYOR,RG,2400,5,D,YP,KZ,F
14:10:20,MYOR,RG,2400,73,D,KK,KZ,F
14:10:20,MYOR,RG,2400,12,D,KK,KZ,F
14:10:20,MYOR,RG,2400,100,D,YP,KZ,F
14:10:20,MYOR,RG,2400,3,D,XC,KZ,F
14:10:20,MYOR,RG,2400,17,D,OD,KZ,F
14:10:18,MYOR,RG,2400,50,D,OD,XA,D
14:10:16,MYOR,RG,2400,10,D,OD,XL,D
14:10:16,MYOR,RG,2400,25,D,OD,PD,D
14:10:09,MYOR,RG,2410,461,F,BK,CC,D
14:10:09,MYOR,RG,2410,389,F,BK,CC,D
14:10:04,MYOR,RG,2410,15,F,YU,CC,D
14:10:04,MYOR,RG,2410,50,D,YP,CC,D
14:10:04,MYOR,RG,2410,56,F,YU,CC,D
14:10:04,MYOR,RG,2410,58,D,AZ,CC,D
14:10:04,MYOR,RG,2410,1000,D,AZ,CC,D
14:10:04,MYOR,RG,2410,2,D,YP,CC,D
14:10:04,MYOR,RG,2410,2,D,PD,CC,D
14:10:04,MYOR,RG,2410,2,D,BQ,CC,D
14:10:04,MYOR,RG,2410,283,D,ZP,CC,D
14:10:04,MYOR,RG,2410,143,D,ZP,CC,D
14:10:02,MYOR,RG,2420,3,D,KK,AK,F
14:10:00,MYOR,RG,2410,73,D,ZP,YP,D
14:10:00,MYOR,RG,2410,170,D,ZP,YP,D
14:10:00,MYOR,RG,2410,7,D,ZP,YP,D
14:09:59,MYOR,RG,2410,48,D,ZP,CC,D
14:09:59,MYOR,RG,2410,63,D,ZP,CC,D
14:09:59,MYOR,RG,2410,89,D,ZP,CC,D
14:09:59,MYOR,RG,2410,1,D,YP,CC,D
14:09:59,MYOR,RG,2410,5,D,GR,CC,D
14:09:59,MYOR,RG,2410,5,D,YP,CC,D
14:09:59,MYOR,RG,2410,25,D,LG,CC,D
14:09:59,MYOR,RG,2410,50,D,XA,CC,D
14:09:59,MYOR,RG,2410,1,D,CC,CC,D
14:09:59,MYOR,RG,2410,1,D,CC,CC,D
14:09:59,MYOR,RG,2410,10,D,YB,CC,D
14:09:59,MYOR,RG,2410,30,D,NI,CC,D
14:09:59,MYOR,RG,2410,1,D,GR,CC,D
14:09:59,MYOR,RG,2410,1,D,NI,CC,D
14:09:59,MYOR,RG,2410,35,D,PD,CC,D
14:09:59,MYOR,RG,2410,20,D,IU,CC,D
14:09:59,MYOR,RG,2410,3,D,YP,CC,D
14:09:59,MYOR,RG,2410,8,D,OD,CC,D
14:09:59,MYOR,RG,2410,4,D,PD,CC,D
14:09:59,MYOR,RG,2410,50,D,SQ,CC,D
14:09:50,MYOR,RG,2420,15,D,CC,AK,F
14:09:50,MYOR,RG,2420,170,F,BK,AK,F
14:09:50,MYOR,RG,2420,3,F,YU,AK,F
14:09:50,MYOR,RG,2420,30,F,ZP,AK,F
14:09:50,MYOR,RG,2420,1,D,KK,AK,F
14:09:50,MYOR,RG,2420,2,D,YP,AK,F
14:09:50,MYOR,RG,2420,2,D,BQ,AK,F
14:09:50,MYOR,RG,2420,5,D,XL,AK,F
14:09:50,MYOR,RG,2420,1,F,YU,AK,F
14:09:50,MYOR,RG,2420,39,F,YU,AK,F
14:09:50,MYOR,RG,2420,28,F,YU,AK,F
14:09:50,MYOR,RG,2420,7,F,ZP,AK,F
14:09:50,MYOR,RG,2420,229,D,ZP,AK,F
14:09:50,MYOR,RG,2420,191,D,ZP,AK,F
14:09:50,MYOR,RG,2420,133,D,ZP,AK,F
14:09:50,MYOR,RG,2420,54,D,ZP,AK,F
14:09:50,MYOR,RG,2420,52,D,ZP,AK,F
14:09:50,MYOR,RG,2420,71,D,ZP,AK,F
14:09:50,MYOR,RG,2420,28,D,AZ,AK,F
14:09:50,MYOR,RG,2420,1001,D,AZ,AK,F
14:09:50,MYOR,RG,2420,1,D,YP,AK,F
14:09:50,MYOR,RG,2420,2,D,YP,AK,F
14:09:50,MYOR,RG,2420,2,D,YP,AK,F
14:09:50,MYOR,RG,2420,6,D,XA,AK,F
14:09:50,MYOR,RG,2420,3,D,IF,AK,F
14:09:50,MYOR,RG,2420,2,D,YP,AK,F
14:09:50,MYOR,RG,2420,25,D,LG,AK,F
14:09:50,MYOR,RG,2420,1,D,CC,AK,F
14:09:50,MYOR,RG,2420,1,D,CC,AK,F
14:09:50,MYOR,RG,2420,1,D,CC,AK,F
14:09:50,MYOR,RG,2420,50,D,BQ,AK,F
14:09:50,MYOR,RG,2420,100,D,DR,AK,F
14:09:20,MYOR,RG,2430,5,F,YU,CC,D
14:09:19,MYOR,RG,2420,10,D,DR,YP,D
14:09:19,MYOR,RG,2420,82,D,DR,CC,D
14:09:19,MYOR,RG,2420,2,D,GR,CC,D
14:09:19,MYOR,RG,2420,51,D,DR,CC,D
14:09:19,MYOR,RG,2420,1,D,YP,CC,D
14:09:19,MYOR,RG,2420,1,D,XC,CC,D
14:09:19,MYOR,RG,2420,5,D,OD,CC,D
14:09:19,MYOR,RG,2420,9,D,XL,CC,D
14:09:19,MYOR,RG,2420,62,D,PD,CC,D
14:09:19,MYOR,RG,2420,2,D,XC,CC,D
14:09:19,MYOR,RG,2420,50,D,YP,CC,D
14:09:19,MYOR,RG,2420,50,D,YP,CC,D
14:09:19,MYOR,RG,2420,2,D,PD,CC,D
14:09:19,MYOR,RG,2420,50,D,YP,CC,D
14:09:19,MYOR,RG,2420,10,D,IU,CC,D
14:09:19,MYOR,RG,2420,5,D,YP,CC,D
14:09:19,MYOR,RG,2420,500,D,CC,CC,D
14:09:19,MYOR,RG,2420,3,D,YP,CC,D
14:09:19,MYOR,RG,2420,10,D,YP,CC,D
14:09:19,MYOR,RG,2420,1,D,KK,CC,D
14:09:19,MYOR,RG,2420,10,D,NI,CC,D
14:09:19,MYOR,RG,2420,3,D,YP,CC,D
14:09:19,MYOR,RG,2420,1,D,AG,CC,D
14:09:19,MYOR,RG,2420,10,D,DR,CC,D
14:09:19,MYOR,RG,2420,1,D,XL,CC,D
14:09:19,MYOR,RG,2420,20,D,YP,CC,D
14:09:19,MYOR,RG,2420,50,D,YP,CC,D
14:09:19,MYOR,RG,2420,3,D,PD,CC,D
14:09:19,MYOR,RG,2420,2,D,CC,CC,D
14:09:19,MYOR,RG,2420,4,D,PD,CC,D
14:09:06,MYOR,RG,2430,274,F,YU,CC,D
14:09:06,MYOR,RG,2430,2,D,YP,CC,D
14:09:06,MYOR,RG,2430,107,D,CC,CC,D
14:09:06,MYOR,RG,2430,2,D,YP,CC,D
14:09:06,MYOR,RG,2430,2,D,BQ,CC,D
14:09:06,MYOR,RG,2430,4,D,AZ,CC,D
14:09:06,MYOR,RG,2430,10,D,BQ,CC,D
14:09:06,MYOR,RG,2430,5,D,YP,CC,D
14:09:06,MYOR,RG,2430,1,F,YU,CC,D
14:09:06,MYOR,RG,2430,126,D,CC,CC,D
14:09:06,MYOR,RG,2430,30,D,AR,CC,D
14:09:06,MYOR,RG,2430,23,F,ZP,CC,D
14:09:06,MYOR,RG,2430,8,F,YU,CC,D
14:09:06,MYOR,RG,2430,2,D,YP,CC,D
14:09:06,MYOR,RG,2430,50,F,YU,CC,D
14:09:06,MYOR,RG,2430,183,D,ZP,CC,D
14:09:06,MYOR,RG,2430,153,D,ZP,CC,D
14:09:06,MYOR,RG,2430,107,D,ZP,CC,D
14:09:06,MYOR,RG,2430,43,D,ZP,CC,D
14:09:06,MYOR,RG,2430,42,D,ZP,CC,D
14:09:06,MYOR,RG,2430,56,D,ZP,CC,D
14:09:06,MYOR,RG,2430,1,D,YP,CC,D
14:09:06,MYOR,RG,2430,15,D,XC,CC,D
14:09:06,MYOR,RG,2430,5,D,CC,CC,D
14:09:06,MYOR,RG,2430,10,D,CC,CC,D
14:09:06,MYOR,RG,2430,4,D,XA,CC,D
14:09:06,MYOR,RG,2430,4,D,YB,CC,D
14:09:06,MYOR,RG,2430,24,D,KK,CC,D
14:09:06,MYOR,RG,2430,2,D,YB,CC,D
14:09:06,MYOR,RG,2430,2,D,OD,CC,D
14:09:06,MYOR,RG,2430,1,D,CC,CC,D
14:09:06,MYOR,RG,2430,1,D,CC,CC,D
14:09:06,MYOR,RG,2430,1,D,BQ,CC,D
14:09:06,MYOR,RG,2430,57,D,AZ,CC,D
14:09:06,MYOR,RG,2430,1634,D,AZ,CC,D
14:09:02,MYOR,RG,2430,250,D,AZ,MG,D
14:08:14,MYOR,RG,2440,45,F,YU,KZ,F
14:08:13,MYOR,RG,2440,190,D,CC,KZ,F
14:08:13,MYOR,RG,2440,25,D,CC,YP,D
14:08:13,MYOR,RG,2440,5,D,CC,KK,D
14:08:13,MYOR,RG,2440,37,D,CC,PD,D
14:07:34,MYOR,RG,2440,24,F,YU,PD,D
14:07:33,MYOR,RG,2440,150,D,SQ,PD,D
14:07:31,MYOR,RG,2430,1,D,AZ,PD,D
14:06:53,MYOR,RG,2430,3,D,AZ,EP,D
14:06:28,MYOR,RG,2430,2,D,AZ,DH,D
14:06:28,MYOR,RG,2430,1,D,AZ,SQ,D
14:06:18,MYOR,RG,2430,20,D,AZ,XL,D
14:05:54,MYOR,RG,2430,3,D,AZ,XC,D
14:05:29,MYOR,RG,2430,1,D,AZ,XC,D
14:05:20,MYOR,RG,2430,1,D,AZ,YP,D
14:05:17,MYOR,RG,2430,3,D,AZ,YP,D
14:05:08,MYOR,RG,2430,1,D,AZ,SQ,D
14:04:39,MYOR,RG,2430,7,D,AZ,SQ,D
14:03:43,MYOR,RG,2430,10,D,AZ,NI,D
14:02:38,MYOR,RG,2440,5,F,YU,PD,D
14:02:18,MYOR,RG,2440,1,D,PD,PD,D
14:02:07,MYOR,RG,2440,1,D,XC,PD,D
14:01:51,MYOR,RG,2440,82,D,IF,PD,D
14:01:37,MYOR,RG,2440,8,F,CC,PD,D
14:01:37,MYOR,RG,2440,28,F,YU,PD,D
14:01:37,MYOR,RG,2440,5,F,ZP,PD,D
14:01:37,MYOR,RG,2440,28,D,AZ,PD,D
14:01:37,MYOR,RG,2440,631,D,AZ,PD,D
14:01:29,MYOR,RG,2450,12,F,YU,BQ,D
14:01:29,MYOR,RG,2450,10,F,YU,YP,D
14:01:28,MYOR,RG,2450,276,F,BK,BK,F
14:01:28,MYOR,RG,2450,2,F,BK,SQ,D
14:01:28,MYOR,RG,2450,2,F,BK,XC,D
14:01:28,MYOR,RG,2450,4,F,BK,YP,D
14:01:28,MYOR,RG,2450,2,F,BK,YP,D
14:01:28,MYOR,RG,2450,45,F,BK,YP,D
14:01:28,MYOR,RG,2450,10,F,BK,LG,D
14:01:28,MYOR,RG,2450,1,F,BK,NI,D
14:01:28,MYOR,RG,2450,13,F,BK,YP,D
14:01:28,MYOR,RG,2450,250,F,BK,AZ,D
14:01:28,MYOR,RG,2450,49,F,BK,BQ,D
14:01:06,MYOR,RG,2440,2,D,AZ,DH,D
14:01:05,MYOR,RG,2440,333,D,AZ,KZ,F
14:01:05,MYOR,RG,2440,35,D,AZ,MG,D
14:01:00,MYOR,RG,2430,4,D,AZ,DX,D
14:00:54,MYOR,RG,2440,58,F,YU,MG,D
14:00:53,MYOR,RG,2440,12,F,AK,MG,D
14:00:53,MYOR,RG,2440,12,F,AK,MG,D
14:00:53,MYOR,RG,2440,24,F,AK,MG,D
14:00:53,MYOR,RG,2440,48,F,AK,MG,D
14:00:53,MYOR,RG,2440,61,F,AK,MG,D
14:00:53,MYOR,RG,2440,1,F,AK,LG,D
14:00:53,MYOR,RG,2440,1,F,AK,PD,D
14:00:53,MYOR,RG,2440,34,F,AK,KZ,F
14:00:53,MYOR,RG,2440,74,D,AK,KZ,F
14:00:53,MYOR,RG,2440,123,D,AK,KZ,F
14:00:53,MYOR,RG,2440,4,D,AK,KZ,F
14:00:53,MYOR,RG,2440,135,D,AK,KZ,F
14:00:53,MYOR,RG,2440,7,F,AK,KZ,F
14:00:52,MYOR,RG,2440,36,D,AK,KZ,F
14:00:52,MYOR,RG,2440,117,D,AK,KZ,F
14:00:52,MYOR,RG,2440,135,D,AK,KZ,F
14:00:52,MYOR,RG,2440,24,D,AK,KZ,F
14:00:52,MYOR,RG,2440,92,D,AK,KZ,F
14:00:52,MYOR,RG,2440,86,D,AK,KZ,F
14:00:52,MYOR,RG,2440,5,D,AK,EP,D
14:00:52,MYOR,RG,2440,72,D,AK,EP,D
14:00:52,MYOR,RG,2440,8,D,AK,EP,D
14:00:52,MYOR,RG,2440,89,D,AK,MK,D
14:00:24,MYOR,RG,2430,21,D,AZ,YP,D
13:59:57,MYOR,RG,2440,5,F,YU,MK,D
13:59:50,MYOR,RG,2440,1,D,YB,MK,D
13:59:33,MYOR,RG,2430,2,D,AZ,AT,D
13:59:32,MYOR,RG,2430,1,D,AZ,YP,D
13:59:23,MYOR,RG,2430,27,D,AZ,YP,D
13:59:23,MYOR,RG,2430,20,D,CC,YP,D
13:59:23,MYOR,RG,2430,1,D,KK,YP,D
13:59:23,MYOR,RG,2430,50,D,BQ,YP,D
13:59:23,MYOR,RG,2430,1,D,XC,YP,D
13:59:23,MYOR,RG,2430,22,D,CC,YP,D
13:59:23,MYOR,RG,2430,478,D,CC,MG,D
13:59:23,MYOR,RG,2430,1,D,XC,MG,D
13:59:23,MYOR,RG,2430,5,D,YP,MG,D
13:59:23,MYOR,RG,2430,1,D,NI,MG,D
13:59:23,MYOR,RG,2430,10,D,XL,MG,D
13:59:23,MYOR,RG,2430,1,D,PD,MG,D
13:59:23,MYOR,RG,2430,4,D,PD,MG,D
13:58:40,MYOR,RG,2440,5,F,YU,MK,D
13:58:30,MYOR,RG,2440,57,F,YU,AK,F
13:58:30,MYOR,RG,2440,94,F,YU,AK,F
13:58:30,MYOR,RG,2440,4,D,PD,AK,F
13:58:30,MYOR,RG,2440,324,F,BK,AK,F
13:58:30,MYOR,RG,2440,5,F,CC,AK,F
13:58:30,MYOR,RG,2440,170,D,EP,AK,F
13:58:30,MYOR,RG,2440,25,F,ZP,AK,F
13:58:30,MYOR,RG,2440,10,F,YU,AK,F
13:58:30,MYOR,RG,2440,117,D,CC,AK,F
13:58:30,MYOR,RG,2440,5,D,NI,AK,F
13:58:30,MYOR,RG,2440,1,D,YP,AK,F
13:58:30,MYOR,RG,2440,7,F,YU,AK,F
13:58:30,MYOR,RG,2440,10,F,YU,AK,F
13:58:30,MYOR,RG,2440,110,D,CC,AK,F
13:58:30,MYOR,RG,2440,6,F,ZP,AK,F
13:58:30,MYOR,RG,2440,3,D,SQ,AK,F
13:58:30,MYOR,RG,2440,10,D,AI,AK,F
13:58:30,MYOR,RG,2440,1,D,OD,AK,F
13:58:30,MYOR,RG,2440,5,F,YU,AK,F
13:58:30,MYOR,RG,2440,36,F,YU,AK,F
13:58:30,MYOR,RG,2440,2,D,XC,AK,F
13:58:30,MYOR,RG,2440,45,D,XL,AK,F
13:58:30,MYOR,RG,2440,100,D,XL,AK,F
13:58:30,MYOR,RG,2440,50,D,AT,AK,F
13:58:30,MYOR,RG,2440,2,D,KK,AK,F
13:58:30,MYOR,RG,2440,229,D,ZP,AK,F
13:58:30,MYOR,RG,2440,191,D,ZP,AK,F
13:58:30,MYOR,RG,2440,105,D,ZP,AK,F
13:58:30,MYOR,RG,2440,28,D,ZP,PD,D
13:58:30,MYOR,RG,2440,54,D,ZP,PD,D
13:58:30,MYOR,RG,2440,52,D,ZP,PD,D
13:58:30,MYOR,RG,2440,71,D,ZP,PD,D
13:58:30,MYOR,RG,2440,1,F,ZP,PD,D
13:58:30,MYOR,RG,2440,2,D,OD,PD,D
13:58:30,MYOR,RG,2440,1,D,PD,PD,D
13:58:30,MYOR,RG,2440,3,D,YP,PD,D
13:58:30,MYOR,RG,2440,1,D,CC,PD,D
13:58:30,MYOR,RG,2440,1,D,CC,PD,D
13:58:30,MYOR,RG,2440,1,D,YP,PD,D
13:58:30,MYOR,RG,2440,57,D,AZ,PD,D
13:58:30,MYOR,RG,2440,1728,D,AZ,PD,D
13:58:16,MYOR,RG,2440,264,D,AZ,AK,F
13:58:16,MYOR,RG,2440,236,D,CC,AK,F
13:58:09,MYOR,RG,2440,264,D,CC,CC,D
13:58:09,MYOR,RG,2440,13,D,BQ,CC,D
13:58:07,MYOR,RG,2450,37,F,YU,BQ,D
13:58:06,MYOR,RG,2450,278,D,CC,BQ,D
13:57:34,MYOR,RG,2450,1,D,PD,BQ,D
13:57:00,MYOR,RG,2440,5,D,BQ,LG,D
13:56:57,MYOR,RG,2440,3,D,BQ,XC,D
13:56:43,MYOR,RG,2440,15,D,BQ,LG,D
13:56:29,MYOR,RG,2440,10,D,BQ,LG,D
13:56:19,MYOR,RG,2450,5,D,CC,BQ,D
13:56:13,MYOR,RG,2450,1,D,XC,BQ,D
13:55:15,MYOR,RG,2450,5,F,YU,BQ,D
13:54:41,MYOR,RG,2450,2,D,XC,BQ,D
13:53:52,MYOR,RG,2440,4,D,BQ,AZ,D
13:53:52,MYOR,RG,2440,1,D,OD,AZ,D
13:53:52,MYOR,RG,2440,1,D,OD,XL,D
13:53:13,MYOR,RG,2450,342,D,RF,BQ,D
13:53:13,MYOR,RG,2450,128,D,RF,BQ,D
13:52:45,MYOR,RG,2450,5,F,YU,BQ,D
13:52:06,MYOR,RG,2450,617,F,BK,BQ,D
13:51:56,MYOR,RG,2450,9,F,YU,YP,D
13:51:56,MYOR,RG,2450,17,F,YU,YP,D
13:51:55,MYOR,RG,2450,106,F,YU,AK,F
13:51:55,MYOR,RG,2450,181,F,YU,CC,D
13:51:55,MYOR,RG,2450,1,F,YU,CC,D
13:51:55,MYOR,RG,2450,85,F,YU,CC,D
13:51:55,MYOR,RG,2450,22,F,ZP,CC,D
13:51:55,MYOR,RG,2450,183,D,ZP,CC,D
13:51:55,MYOR,RG,2450,153,D,ZP,CC,D
13:51:55,MYOR,RG,2450,107,D,ZP,CC,D
13:51:55,MYOR,RG,2450,43,D,ZP,CC,D
13:51:55,MYOR,RG,2450,42,D,ZP,CC,D
13:51:55,MYOR,RG,2450,56,D,ZP,CC,D
13:51:55,MYOR,RG,2450,2,D,YP,CC,D
13:51:55,MYOR,RG,2450,125,F,BK,CC,D
13:51:51,MYOR,RG,2450,307,F,BK,AZ,D
13:51:51,MYOR,RG,2450,3,F,YU,AZ,D
13:51:51,MYOR,RG,2450,6,F,YU,AZ,D
13:51:51,MYOR,RG,2450,76,F,YU,AZ,D
13:51:51,MYOR,RG,2450,57,D,AZ,AZ,D
13:51:51,MYOR,RG,2450,51,D,AZ,AZ,D
13:51:49,MYOR,RG,2450,1129,D,AZ,CC,D
13:51:49,MYOR,RG,2450,75,D,AZ,YP,D
13:51:15,MYOR,RG,2450,35,D,AZ,PD,D
13:51:12,MYOR,RG,2460,1,D,SQ,XA,D
13:49:54,MYOR,RG,2460,6,D,XC,XA,D
13:49:49,MYOR,RG,2450,40,D,AZ,XC,D
13:48:59,MYOR,RG,2460,1,F,AK,XA,D
13:48:57,MYOR,RG,2450,3,D,AZ,OD,D
13:48:46,MYOR,RG,2450,50,D,AZ,YP,D
13:48:37,MYOR,RG,2450,1,D,AZ,YP,D
13:48:29,MYOR,RG,2450,618,D,AZ,BQ,D
13:48:29,MYOR,RG,2450,1,D,NI,BQ,D
13:48:29,MYOR,RG,2450,10,D,SQ,BQ,D
13:48:29,MYOR,RG,2450,8,F,YU,BQ,D
13:48:29,MYOR,RG,2450,107,D,CC,BQ,D
13:48:29,MYOR,RG,2450,5,D,PD,BQ,D
13:48:29,MYOR,RG,2450,1,D,OD,BQ,D
13:48:29,MYOR,RG,2450,54,F,ZP,BQ,D
13:48:29,MYOR,RG,2450,112,D,CC,BQ,D
13:48:29,MYOR,RG,2450,2,D,XC,BQ,D
13:48:29,MYOR,RG,2450,12,F,YU,BQ,D
13:48:29,MYOR,RG,2450,1,D,YP,BQ,D
13:48:29,MYOR,RG,2450,200,D,CC,BQ,D
13:48:29,MYOR,RG,2450,229,D,ZP,BQ,D
13:48:29,MYOR,RG,2450,191,D,ZP,BQ,D
13:48:29,MYOR,RG,2450,133,D,ZP,BQ,D
13:48:29,MYOR,RG,2450,54,D,ZP,BQ,D
13:48:29,MYOR,RG,2450,52,D,ZP,BQ,D
13:48:29,MYOR,RG,2450,71,D,ZP,BQ,D
13:48:29,MYOR,RG,2450,40,D,YP,BQ,D
13:48:29,MYOR,RG,2450,229,D,ZP,BQ,D
13:48:29,MYOR,RG,2450,191,D,ZP,BQ,D
13:48:29,MYOR,RG,2450,133,D,ZP,BQ,D
13:48:29,MYOR,RG,2450,54,D,ZP,BQ,D
13:48:29,MYOR,RG,2450,52,D,ZP,BQ,D
13:48:29,MYOR,RG,2450,71,D,ZP,BQ,D
13:48:29,MYOR,RG,2450,15,D,YP,BQ,D
13:48:29,MYOR,RG,2450,69,D,CC,BQ,D
13:48:29,MYOR,RG,2450,1,D,XC,BQ,D
13:48:29,MYOR,RG,2450,56,F,YU,BQ,D
13:48:29,MYOR,RG,2450,1,D,OD,BQ,D
13:48:29,MYOR,RG,2450,10,D,YP,BQ,D
13:48:29,MYOR,RG,2450,21,D,XC,BQ,D
13:48:29,MYOR,RG,2450,6,D,YP,BQ,D
13:48:29,MYOR,RG,2450,100,D,CC,BQ,D
13:48:29,MYOR,RG,2450,50,D,PD,BQ,D
13:48:29,MYOR,RG,2450,20,D,HP,BQ,D
13:48:29,MYOR,RG,2450,7,F,ZP,BQ,D
13:48:29,MYOR,RG,2450,21,D,YP,BQ,D
13:48:29,MYOR,RG,2450,500,D,CC,BQ,D
13:48:29,MYOR,RG,2450,1,D,DH,BQ,D
13:48:29,MYOR,RG,2450,28,D,AZ,BQ,D
13:48:29,MYOR,RG,2450,1001,D,AZ,BQ,D
13:48:29,MYOR,RG,2450,1,D,AZ,BQ,D
13:48:29,MYOR,RG,2450,1,D,NI,BQ,D
13:48:29,MYOR,RG,2450,320,D,GR,BQ,D
13:48:29,MYOR,RG,2450,21,D,YP,BQ,D
13:48:29,MYOR,RG,2450,30,D,AZ,BQ,D
13:48:29,MYOR,RG,2450,1,D,CC,BQ,D
13:48:29,MYOR,RG,2450,10,D,PD,BQ,D
13:48:29,MYOR,RG,2450,2,D,OD,BQ,D
13:48:29,MYOR,RG,2450,57,D,AZ,BQ,D
13:48:29,MYOR,RG,2450,1019,D,AZ,BQ,D
13:48:04,MYOR,RG,2450,10,D,AZ,IP,D
13:48:02,MYOR,RG,2450,2,D,AZ,PD,D
13:48:00,MYOR,RG,2460,6,F,AK,XA,D
13:48:00,MYOR,RG,2460,49,F,YU,XA,D
13:47:59,MYOR,RG,2460,14,F,ZP,AK,F
13:47:59,MYOR,RG,2460,142,D,CC,AK,F
13:47:59,MYOR,RG,2460,8,D,CC,XC,D
13:47:59,MYOR,RG,2460,1,D,CC,PD,D
13:47:59,MYOR,RG,2460,3,D,CC,SQ,D
13:47:59,MYOR,RG,2460,5,D,CC,BQ,D
13:47:59,MYOR,RG,2460,3,D,CC,EP,D
13:47:59,MYOR,RG,2460,1,D,CC,LG,D
13:47:59,MYOR,RG,2460,83,D,CC,BQ,D
13:47:44,MYOR,RG,2450,3,D,AZ,CC,D
13:47:18,MYOR,RG,2450,35,D,AZ,CC,D
13:46:55,MYOR,RG,2450,1,D,AZ,DH,D
13:46:41,MYOR,RG,2450,10,D,AZ,CC,D
13:45:19,MYOR,RG,2460,6,F,ZP,BQ,D
13:43:57,MYOR,RG,2460,2,D,XC,BQ,D
13:43:39,MYOR,RG,2460,10,F,ZP,BQ,D
13:42:47,MYOR,RG,2460,52,F,YU,BQ,D
13:42:47,MYOR,RG,2460,43,F,AK,BQ,D
13:42:46,MYOR,RG,2460,20,D,CC,BQ,D
13:42:46,MYOR,RG,2460,227,D,CC,BQ,D
13:42:46,MYOR,RG,2460,1,D,CC,XC,D
13:42:46,MYOR,RG,2460,25,D,CC,AK,F
13:42:04,MYOR,RG,2460,11,D,XC,AK,F
13:41:59,MYOR,RG,2460,5,F,YU,AK,F
13:41:58,MYOR,RG,2460,21,F,ZP,AK,F
13:41:31,MYOR,RG,2460,2,D,CC,AK,F
13:40:03,MYOR,RG,2460,5,D,CC,AK,F
13:39:08,MYOR,RG,2460,1,D,OD,AK,F
13:37:43,MYOR,RG,2460,3,D,CC,AK,F
13:36:49,MYOR,RG,2460,5,F,YU,AK,F
13:36:49,MYOR,RG,2460,31,D,FS,AK,F
13:36:49,MYOR,RG,2460,49,D,FS,BQ,D
13:36:41,MYOR,RG,2460,7,D,AZ,BQ,D
13:36:21,MYOR,RG,2460,123,F,YU,BQ,D
13:36:21,MYOR,RG,2460,5,D,AZ,BQ,D
13:36:21,MYOR,RG,2460,10,D,SQ,BQ,D
13:36:21,MYOR,RG,2460,8,F,ZP,BQ,D
13:36:21,MYOR,RG,2460,50,D,PD,BQ,D
13:36:21,MYOR,RG,2460,29,D,KK,BQ,D
13:36:21,MYOR,RG,2460,2,D,XC,BQ,D
13:36:21,MYOR,RG,2460,4,F,YU,BQ,D
13:36:21,MYOR,RG,2460,9,F,YU,BQ,D
13:36:21,MYOR,RG,2460,119,D,CC,BQ,D
13:35:18,MYOR,RG,2460,1,D,CC,CC,D
13:34:37,MYOR,RG,2460,10,D,CC,XC,D
13:34:37,MYOR,RG,2460,25,F,ZP,XC,D
13:34:37,MYOR,RG,2460,6,F,YU,XC,D
13:34:34,MYOR,RG,2460,1,F,YU,LG,D
13:34:26,MYOR,RG,2460,5,F,YU,YP,D
13:33:10,MYOR,RG,2460,31,F,YU,KK,D
13:33:09,MYOR,RG,2460,1,F,CC,KK,D
13:33:09,MYOR,RG,2460,18,F,YU,KK,D
13:32:55,MYOR,RG,2460,87,F,AK,AK,F
13:32:55,MYOR,RG,2460,96,F,AK,BQ,D
13:32:54,MYOR,RG,2460,19,F,YU,BQ,D
13:32:54,MYOR,RG,2460,29,D,CC,BQ,D
13:32:51,MYOR,RG,2460,151,D,CC,BQ,D
13:32:48,MYOR,RG,2460,120,D,CC,BQ,D
13:32:48,MYOR,RG,2460,69,D,CC,BQ,D
13:32:48,MYOR,RG,2460,17,D,YP,BQ,D
13:32:48,MYOR,RG,2460,1,D,XC,BQ,D
13:32:48,MYOR,RG,2460,1,D,CC,BQ,D
13:32:48,MYOR,RG,2460,1,F,YU,BQ,D
13:32:48,MYOR,RG,2460,6,F,ZP,BQ,D
13:32:48,MYOR,RG,2460,1,D,YP,BQ,D
13:32:48,MYOR,RG,2460,3,D,CC,BQ,D
13:32:48,MYOR,RG,2460,15,D,XC,BQ,D
13:32:48,MYOR,RG,2460,5,D,XL,BQ,D
13:32:48,MYOR,RG,2460,1,D,YP,BQ,D
13:32:48,MYOR,RG,2460,1,D,YP,BQ,D
13:32:48,MYOR,RG,2460,9,D,XC,BQ,D
13:32:48,MYOR,RG,2460,2,D,XC,BQ,D
13:32:48,MYOR,RG,2460,1,D,XC,BQ,D
13:32:48,MYOR,RG,2460,1,D,PD,BQ,D
13:32:48,MYOR,RG,2460,1,D,KK,BQ,D
13:32:48,MYOR,RG,2460,1,D,XC,BQ,D
13:32:48,MYOR,RG,2460,17,D,CP,BQ,D
13:32:22,MYOR,RG,2470,1,F,AK,KZ,F
13:31:27,MYOR,RG,2460,1,D,CP,SQ,D
13:30:36,MYOR,RG,2460,38,D,CP,AK,F
13:30:35,MYOR,RG,2460,7,D,CP,PD,D
13:30:13,MYOR,RG,2460,56,D,CP,AK,F
13:30:12,MYOR,RG,2470,1,D,XC,KZ,F
13:30:04,MYOR,RG,2470,15,D,CC,KZ,F
13:30:04,MYOR,RG,2460,10,D,CP,YP,D
13:30:04,MYOR,RG,2460,4,D,CP,YP,D
13:30:04,MYOR,RG,2460,1,D,CP,XL,D
13:30:04,MYOR,RG,2460,1,D,CP,XL,D
13:30:03,MYOR,RG,2470,3,D,CC,KZ,F
13:30:03,MYOR,RG,2460,70,D,CP,YP,D
13:30:03,MYOR,RG,2460,1,D,CP,XL,D
13:30:03,MYOR,RG,2460,1,D,CP,CC,D
13:30:03,MYOR,RG,2460,6,D,CP,XL,D
13:30:03,MYOR,RG,2460,1,D,CP,XL,D
13:30:03,MYOR,RG,2460,5,D,CP,CC,D
13:30:03,MYOR,RG,2460,2,D,CP,YP,D
13:30:03,MYOR,RG,2460,20,D,CP,OD,D
13:30:02,MYOR,RG,2460,10,D,CP,CC,D
13:30:02,MYOR,RG,2460,5,D,CP,XC,D
13:30:02,MYOR,RG,2460,10,D,CP,YP,D
13:30:02,MYOR,RG,2460,5,D,CP,YP,D
13:30:02,MYOR,RG,2460,11,D,CP,XC,D
13:30:02,MYOR,RG,2460,10,D,CP,XC,D
13:30:02,MYOR,RG,2460,1,D,CP,XC,D
13:30:02,MYOR,RG,2460,15,D,CP,PD,D
13:30:01,MYOR,RG,2460,4,D,CP,PD,D
13:30:01,MYOR,RG,2460,10,D,CP,PD,D
13:30:01,MYOR,RG,2460,50,D,CP,OD,D
13:30:01,MYOR,RG,2460,2,D,CP,PD,D
13:30:01,MYOR,RG,2460,2,D,CP,PD,D
13:30:01,MYOR,RG,2460,2,D,CP,PD,D
13:30:01,MYOR,RG,2460,2,D,CP,PD,D
13:30:01,MYOR,RG,2470,1,D,SQ,KZ,F
13:30:01,MYOR,RG,2460,1,D,CP,EP,D
13:30:01,MYOR,RG,2460,10,D,CP,EP,D
13:30:01,MYOR,RG,2460,1,D,CP,SQ,D
13:30:01,MYOR,RG,2460,2,D,CP,XC,D
13:30:01,MYOR,RG,2460,6,D,CP,SQ,D
13:30:01,MYOR,RG,2460,10,D,CP,PD,D
13:30:01,MYOR,RG,2460,3,D,CP,EP,D
13:30:01,MYOR,RG,2460,87,D,CP,SQ,D
13:30:01,MYOR,RG,2460,10,D,YB,SQ,D
13:30:01,MYOR,RG,2460,3,D,YB,SQ,D
13:30:01,MYOR,RG,2460,1,D,YB,AT,D
13:30:01,MYOR,RG,2450,922,D,AZ,DX,D
13:30:01,MYOR,RG,2450,2,D,YP,DX,D
13:30:01,MYOR,RG,2450,10,D,NI,DX,D
13:30:01,MYOR,RG,2450,3,D,YB,DX,D
13:30:01,MYOR,RG,2450,5,D,YP,DX,D
13:30:01,MYOR,RG,2450,4,F,ZP,DX,D
13:30:01,MYOR,RG,2450,307,D,ZP,DX,D
13:30:00,MYOR,RG,2450,59,D,ZP,DX,D
13:30:00,MYOR,RG,2450,306,D,ZP,DX,D
13:30:00,MYOR,RG,2450,213,D,ZP,DX,D
13:30:00,MYOR,RG,2450,86,D,ZP,DX,D
13:30:00,MYOR,RG,2450,84,D,ZP,DX,D
13:30:00,MYOR,RG,2450,90,D,ZP,DX,D
11:29:28,MYOR,RG,2460,4,F,YU,AI,F
11:29:28,MYOR,RG,2460,1,F,YU,AI,F
11:29:28,MYOR,RG,2460,1,F,YU,BQ,D
11:29:28,MYOR,RG,2460,9,D,GR,BQ,D
11:28:49,MYOR,RG,2460,2,D,XC,BQ,D
11:28:40,MYOR,RG,2460,2,F,YU,BQ,D
11:28:40,MYOR,RG,2460,58,D,ZP,BQ,D
11:28:36,MYOR,RG,2460,33,D,ZP,BQ,D
11:28:36,MYOR,RG,2460,43,D,ZP,BQ,D
11:28:33,MYOR,RG,2460,34,D,ZP,BQ,D
11:28:33,MYOR,RG,2460,53,D,ZP,BQ,D
11:28:33,MYOR,RG,2460,22,D,ZP,BQ,D
11:28:33,MYOR,RG,2460,21,D,ZP,BQ,D
11:28:33,MYOR,RG,2460,10,D,ZP,BQ,D
11:28:30,MYOR,RG,2460,18,D,ZP,BQ,D
11:28:18,MYOR,RG,2460,3,F,YU,BQ,D
11:28:18,MYOR,RG,2460,4,F,YU,BQ,D
11:28:18,MYOR,RG,2460,12,F,YU,BQ,D
11:28:18,MYOR,RG,2460,18,F,YU,BQ,D
11:28:18,MYOR,RG,2460,77,F,YU,BQ,D
11:28:17,MYOR,RG,2460,11,F,YU,BQ,D
11:28:17,MYOR,RG,2460,10,D,YB,BQ,D
11:28:17,MYOR,RG,2460,67,D,ZP,BQ,D
11:28:12,MYOR,RG,2460,24,D,ZP,BQ,D
11:28:12,MYOR,RG,2460,77,D,ZP,BQ,D
11:28:12,MYOR,RG,2460,53,D,ZP,BQ,D
11:28:12,MYOR,RG,2460,22,D,ZP,BQ,D
11:28:12,MYOR,RG,2460,21,D,ZP,BQ,D
11:28:12,MYOR,RG,2460,28,D,ZP,BQ,D
11:28:12,MYOR,RG,2460,2,D,PD,BQ,D
11:28:12,MYOR,RG,2460,3,D,ZP,BQ,D
11:28:02,MYOR,RG,2460,88,D,ZP,BQ,D
11:28:02,MYOR,RG,2460,77,D,ZP,BQ,D
11:28:02,MYOR,RG,2460,53,D,ZP,BQ,D
11:28:02,MYOR,RG,2460,22,D,ZP,BQ,D
11:28:02,MYOR,RG,2460,21,D,ZP,BQ,D
11:28:02,MYOR,RG,2460,28,D,ZP,BQ,D
11:28:02,MYOR,RG,2460,7,F,YU,BQ,D
11:28:02,MYOR,RG,2460,11,F,ZP,BQ,D
11:28:02,MYOR,RG,2460,113,D,YP,BQ,D
11:27:31,MYOR,RG,2470,25,F,YU,AI,F
11:27:31,MYOR,RG,2470,10,F,YU,TP,D
11:27:31,MYOR,RG,2470,2,F,YU,YP,D
11:27:31,MYOR,RG,2470,61,F,YU,KZ,F
11:27:31,MYOR,RG,2470,7,F,YU,KZ,F
11:27:30,MYOR,RG,2470,74,F,BK,KZ,F
11:27:30,MYOR,RG,2470,122,F,BK,KZ,F
11:27:30,MYOR,RG,2470,2,F,BK,NI,D
11:27:30,MYOR,RG,2470,401,F,BK,AO,D
11:27:28,MYOR,RG,2460,10,D,YP,MG,D
11:27:14,MYOR,RG,2460,3,D,YP,AZ,D
11:27:14,MYOR,RG,2460,20,D,YP,LG,D
11:27:14,MYOR,RG,2460,5,D,YP,YP,D
11:27:14,MYOR,RG,2460,200,D,YP,IF,D
11:27:14,MYOR,RG,2460,45,D,YP,YP,D
11:27:14,MYOR,RG,2460,50,D,YP,AI,F
11:27:14,MYOR,RG,2460,50,D,YP,AI,F
11:27:14,MYOR,RG,2460,50,D,YP,AI,F
11:27:14,MYOR,RG,2460,4,D,YP,CC,F
11:27:14,MYOR,RG,2460,4,D,YP,IF,D
11:26:16,MYOR,RG,2460,1,D,EP,IF,D
11:25:49,MYOR,RG,2460,1,D,TF,IF,D
11:25:27,MYOR,RG,2460,7,F,YU,IF,D
11:25:26,MYOR,RG,2460,75,F,YU,IF,D
11:25:26,MYOR,RG,2460,6,F,YU,IF,D
11:25:26,MYOR,RG,2460,26,F,ZP,IF,D
11:25:26,MYOR,RG,2460,80,D,CC,IF,D
11:25:21,MYOR,RG,2460,2,D,CC,AK,F
11:25:21,MYOR,RG,2460,1,D,CC,AK,F
11:25:21,MYOR,RG,2460,25,D,CC,AZ,D
11:25:21,MYOR,RG,2460,1,D,CC,PD,D
11:25:21,MYOR,RG,2460,24,D,CC,PD,D
11:25:21,MYOR,RG,2460,5,D,CC,LG,D
11:25:21,MYOR,RG,2460,4,D,CC,AK,F
11:25:21,MYOR,RG,2460,5,D,CC,LG,D
11:25:21,MYOR,RG,2460,1,D,CC,NI,D
11:25:21,MYOR,RG,2460,1,D,CC,NI,D
11:25:21,MYOR,RG,2460,10,D,CC,CC,D
11:25:21,MYOR,RG,2460,15,D,CC,YP,D
11:25:21,MYOR,RG,2460,5,D,CC,OD,D
11:25:21,MYOR,RG,2460,50,D,CC,AI,F
11:25:21,MYOR,RG,2460,8,D,CC,AZ,D
11:25:21,MYOR,RG,2460,111,D,CC,AK,F
11:25:21,MYOR,RG,2460,7,D,CC,XC,D
11:25:21,MYOR,RG,2460,4,D,CC,CC,F
11:25:21,MYOR,RG,2460,141,D,CC,BQ,D
11:25:19,MYOR,RG,2460,1,D,YP,BQ,D
11:24:20,MYOR,RG,2460,8,F,YU,BQ,D
11:24:20,MYOR,RG,2460,50,D,FS,BQ,D
11:23:52,MYOR,RG,2460,5,D,YP,BQ,D
11:23:16,MYOR,RG,2460,2,D,YP,BQ,D
11:23:05,MYOR,RG,2460,25,F,YU,BQ,D
11:23:05,MYOR,RG,2460,200,D,YP,BQ,D
11:22:25,MYOR,RG,2450,5,D,ZP,LG,D
11:22:01,MYOR,RG,2450,15,D,ZP,KK,D
11:21:11,MYOR,RG,2460,20,D,XL,BQ,D
11:19:48,MYOR,RG,2450,3,D,ZP,YP,D
11:19:48,MYOR,RG,2450,2,D,SQ,YP,D
11:19:48,MYOR,RG,2450,1,D,CC,YP,D
11:19:48,MYOR,RG,2450,1,D,CC,YP,D
11:19:48,MYOR,RG,2450,1,D,YP,YP,D
11:19:48,MYOR,RG,2450,2,D,YP,YP,D
11:19:48,MYOR,RG,2450,5,D,AZ,YP,D
11:19:08,MYOR,RG,2460,5,F,YU,BQ,D
11:18:39,MYOR,RG,2460,1,D,YP,BQ,D
11:18:30,MYOR,RG,2460,100,D,FS,BQ,D
11:18:06,MYOR,RG,2460,1,D,YP,BQ,D
11:17:43,MYOR,RG,2460,5,F,YU,BQ,D
11:17:40,MYOR,RG,2450,52,D,AZ,YP,D
11:17:40,MYOR,RG,2450,1992,D,AZ,YP,D
11:17:40,MYOR,RG,2450,1,D,PD,YP,D
11:17:40,MYOR,RG,2450,25,D,YP,YP,D
11:17:40,MYOR,RG,2450,100,D,NI,YP,D
11:17:40,MYOR,RG,2450,200,D,CC,YP,D
11:17:40,MYOR,RG,2450,500,D,CC,YP,D
11:17:40,MYOR,RG,2450,2,D,DH,YP,D
11:17:40,MYOR,RG,2450,50,D,BQ,YP,D
11:17:40,MYOR,RG,2450,1,D,YP,YP,D
11:17:40,MYOR,RG,2450,2,D,OD,YP,D
11:17:40,MYOR,RG,2450,20,D,CC,YP,D
11:17:40,MYOR,RG,2450,1555,F,AK,YP,D
11:17:29,MYOR,RG,2460,1,D,NI,BQ,D
11:17:25,MYOR,RG,2460,5,D,KK,BQ,D
11:17:23,MYOR,RG,2460,4,F,YU,BQ,D
11:17:16,MYOR,RG,2460,1,F,YU,BQ,D
11:17:16,MYOR,RG,2460,145,F,YU,BQ,D
11:17:13,MYOR,RG,2460,1,D,NI,AK,F
11:17:13,MYOR,RG,2460,50,D,XL,AK,F
11:17:13,MYOR,RG,2460,25,D,CC,AK,F
11:17:13,MYOR,RG,2460,116,D,YP,AK,F
11:17:12,MYOR,RG,2460,5,D,YP,BQ,D
11:17:12,MYOR,RG,2460,22,F,YU,BQ,D
11:17:12,MYOR,RG,2460,24,F,ZP,BQ,D
11:17:12,MYOR,RG,2460,1,D,XL,BQ,D
11:17:12,MYOR,RG,2460,91,D,ZP,BQ,D
11:17:12,MYOR,RG,2460,77,D,ZP,BQ,D
11:17:12,MYOR,RG,2460,53,D,ZP,BQ,D
11:17:12,MYOR,RG,2460,22,D,ZP,BQ,D
11:17:12,MYOR,RG,2460,21,D,ZP,BQ,D
11:17:12,MYOR,RG,2460,28,D,ZP,BQ,D
11:17:12,MYOR,RG,2460,91,D,ZP,BQ,D
11:17:12,MYOR,RG,2460,77,D,ZP,BQ,D
11:17:12,MYOR,RG,2460,53,D,ZP,BQ,D
11:17:12,MYOR,RG,2460,22,D,ZP,BQ,D
11:17:12,MYOR,RG,2460,21,D,ZP,BQ,D
11:17:12,MYOR,RG,2460,28,D,ZP,BQ,D
11:17:12,MYOR,RG,2460,4,D,YP,BQ,D
11:17:12,MYOR,RG,2460,7,F,YU,BQ,D
11:17:12,MYOR,RG,2460,91,D,ZP,BQ,D
11:17:12,MYOR,RG,2460,22,D,ZP,BQ,D
11:17:09,MYOR,RG,2460,55,D,ZP,BQ,D
11:17:09,MYOR,RG,2460,53,D,ZP,BQ,D
11:17:09,MYOR,RG,2460,22,D,ZP,BQ,D
11:17:09,MYOR,RG,2460,21,D,ZP,BQ,D
11:17:09,MYOR,RG,2460,28,D,ZP,BQ,D
11:17:09,MYOR,RG,2460,91,D,ZP,BQ,D
11:17:09,MYOR,RG,2460,77,D,ZP,BQ,D
11:17:09,MYOR,RG,2460,53,D,ZP,BQ,D
11:17:09,MYOR,RG,2460,22,D,ZP,BQ,D
11:17:09,MYOR,RG,2460,21,D,ZP,BQ,D
11:17:09,MYOR,RG,2460,28,D,ZP,BQ,D
11:17:09,MYOR,RG,2460,1,D,CC,BQ,D
11:17:09,MYOR,RG,2460,1,D,OD,BQ,D
11:17:09,MYOR,RG,2460,100,D,EP,BQ,D
11:17:09,MYOR,RG,2460,300,D,CC,BQ,D
11:17:09,MYOR,RG,2460,10,D,NI,BQ,D
11:17:09,MYOR,RG,2460,3,F,ZP,BQ,D
11:17:09,MYOR,RG,2460,3,D,YB,BQ,D
11:17:09,MYOR,RG,2460,340,F,AK,BQ,D
11:17:09,MYOR,RG,2460,1,D,PD,BQ,D
11:16:24,MYOR,RG,2470,1,D,NI,AO,D
11:15:40,MYOR,RG,2470,3,D,EP,AO,D
11:15:22,MYOR,RG,2470,1,F,AK,AO,D
11:14:47,MYOR,RG,2470,3,D,AZ,AO,D
11:14:46,MYOR,RG,2460,1,D,PD,XC,D
11:14:39,MYOR,RG,2460,3,D,PD,PD,D
11:14:39,MYOR,RG,2460,1,F,YU,PD,D
11:14:39,MYOR,RG,2460,1,F,YU,PD,D
11:14:34,MYOR,RG,2460,7,F,YU,YP,D
11:13:35,MYOR,RG,2460,9,F,YU,XC,D
11:12:31,MYOR,RG,2460,11,F,YU,PD,D
11:12:15,MYOR,RG,2470,1,D,YB,AO,D
11:10:54,MYOR,RG,2470,233,F,YU,AO,D
11:10:54,MYOR,RG,2470,40,F,ZP,AO,D
11:10:54,MYOR,RG,2470,144,F,BK,AO,D
11:10:54,MYOR,RG,2470,1,D,XC,AO,D
11:10:54,MYOR,RG,2470,10,D,PD,AO,D
11:10:54,MYOR,RG,2470,15,F,YU,AO,D
11:10:54,MYOR,RG,2470,4,F,YU,AO,D
11:10:54,MYOR,RG,2470,1,F,YU,AO,D
11:10:54,MYOR,RG,2470,15,D,YP,AO,D
11:10:54,MYOR,RG,2470,41,D,XC,AO,D
11:10:54,MYOR,RG,2470,200,D,YP,AO,D
11:10:54,MYOR,RG,2470,1,D,PD,AO,D
11:10:54,MYOR,RG,2470,211,F,BK,AO,D
11:10:54,MYOR,RG,2470,500,D,CC,AO,D
11:10:54,MYOR,RG,2470,52,D,CC,AO,D
11:10:54,MYOR,RG,2470,15,D,CC,AO,D
11:10:54,MYOR,RG,2470,82,D,GR,AO,D
11:10:54,MYOR,RG,2470,25,D,FS,AO,D
11:10:00,MYOR,RG,2480,5,F,YU,MG,D
11:09:59,MYOR,RG,2480,1,D,PD,MG,D
11:09:59,MYOR,RG,2480,19,D,PD,YP,D
11:09:42,MYOR,RG,2470,10,D,FS,MK,D
11:09:35,MYOR,RG,2470,5,D,FS,XC,D
11:08:40,MYOR,RG,2470,1,D,FS,DH,D
11:08:18,MYOR,RG,2470,19,D,FS,LG,D
11:08:18,MYOR,RG,2470,4,D,SQ,LG,D
11:08:18,MYOR,RG,2470,4,D,XC,LG,D
11:08:18,MYOR,RG,2470,13,F,ZP,LG,D
11:08:18,MYOR,RG,2470,1,F,YU,LG,D
11:08:08,MYOR,RG,2480,15,D,PD,YP,D
11:07:42,MYOR,RG,2480,1,D,PD,YP,D
11:06:35,MYOR,RG,2470,1,F,CC,XC,D
11:06:20,MYOR,RG,2470,5,F,CC,XC,D
11:05:43,MYOR,RG,2480,15,F,YU,YP,D
11:05:43,MYOR,RG,2480,24,D,NI,YP,D
11:05:43,MYOR,RG,2480,7,D,NI,PD,D
11:05:43,MYOR,RG,2480,2,D,NI,NI,D
11:05:43,MYOR,RG,2480,1,D,NI,LG,D
11:05:43,MYOR,RG,2480,2,D,NI,XC,D
11:05:43,MYOR,RG,2480,50,D,NI,AI,F
11:05:43,MYOR,RG,2480,4,D,NI,CC,D
11:05:23,MYOR,RG,2480,1,F,YU,CC,D
11:05:23,MYOR,RG,2480,20,F,YU,LG,D
11:05:23,MYOR,RG,2480,5,F,YU,YP,D
11:05:23,MYOR,RG,2480,63,F,YU,BQ,D
11:05:23,MYOR,RG,2480,81,D,CC,BQ,D
11:05:23,MYOR,RG,2480,151,D,CC,BQ,D
11:05:23,MYOR,RG,2480,268,D,CC,BQ,D
11:05:22,MYOR,RG,2480,3,D,OD,BQ,D
11:03:41,MYOR,RG,2480,2,D,PD,BQ,D
11:03:41,MYOR,RG,2480,1,D,PD,XC,D
11:03:39,MYOR,RG,2470,2,F,CC,OD,D
11:03:31,MYOR,RG,2470,1,F,CC,KZ,F
11:03:27,MYOR,RG,2470,2,F,CC,XC,D
11:03:21,MYOR,RG,2470,1,F,CC,XC,D
11:02:27,MYOR,RG,2470,1,F,CC,YP,D
11:00:29,MYOR,RG,2470,23,F,CC,PD,D
11:00:23,MYOR,RG,2470,3,F,CC,XC,D
11:00:23,MYOR,RG,2470,1,D,XC,XC,D
10:58:57,MYOR,RG,2470,1,D,CC,KZ,F
10:58:50,MYOR,RG,2470,16,F,YU,KZ,F
10:58:50,MYOR,RG,2470,33,F,YU,KZ,F
10:58:49,MYOR,RG,2470,11,F,YU,KZ,F
10:58:49,MYOR,RG,2470,1,F,YU,KZ,F
10:58:41,MYOR,RG,2470,88,F,YU,AO,D
10:58:40,MYOR,RG,2470,882,F,BK,AO,D
10:58:40,MYOR,RG,2470,1,F,YU,AO,D
10:58:40,MYOR,RG,2470,1,D,OD,AO,D
10:57:51,MYOR,RG,2470,1,D,OD,PD,D
10:57:21,MYOR,RG,2470,1,F,BK,CC,D
10:57:21,MYOR,RG,2470,1,F,BK,CC,D
10:57:21,MYOR,RG,2470,8,F,BK,KZ,F
10:57:14,MYOR,RG,2470,6,F,YU,KZ,F
10:57:13,MYOR,RG,2470,34,F,BK,KZ,F
10:57:03,MYOR,RG,2470,17,F,YU,KZ,F
10:57:02,MYOR,RG,2470,4,D,NI,KZ,F
10:57:02,MYOR,RG,2470,1,D,NI,LG,D
10:57:02,MYOR,RG,2470,60,D,NI,KZ,F
10:57:02,MYOR,RG,2470,35,D,NI,PD,D
10:56:57,MYOR,RG,2460,3,F,YU,AZ,D
10:56:57,MYOR,RG,2460,12,F,BK,AZ,D
10:55:01,MYOR,RG,2470,8,D,XL,YP,D
10:54:35,MYOR,RG,2460,1,F,BK,LG,D
10:54:22,MYOR,RG,2470,1,F,AK,YP,D
10:53:47,MYOR,RG,2460,1,F,BK,XC,D
10:53:32,MYOR,RG,2460,144,F,BK,BQ,D
10:53:28,MYOR,RG,2460,151,F,AK,BQ,D
10:53:25,MYOR,RG,2460,173,F,AK,BQ,D
10:53:25,MYOR,RG,2460,100,D,DR,BQ,D
10:53:05,MYOR,RG,2460,60,F,AK,YP,D
10:53:05,MYOR,RG,2460,3,F,YU,YP,D
10:53:05,MYOR,RG,2460,29,F,YU,YP,D
10:53:05,MYOR,RG,2460,2,D,YP,YP,D
10:53:05,MYOR,RG,2460,5,D,KK,YP,D
10:53:05,MYOR,RG,2460,1,D,OD,YP,D
10:52:54,MYOR,RG,2460,14,D,OD,YP,D
10:52:54,MYOR,RG,2460,5,D,CC,YP,D
10:52:54,MYOR,RG,2460,3,D,YP,YP,D
10:52:54,MYOR,RG,2460,6,F,ZP,YP,D
10:52:54,MYOR,RG,2460,1,F,YU,YP,D
10:52:54,MYOR,RG,2460,668,F,BK,YP,D
10:52:54,MYOR,RG,2460,20,F,ZP,YP,D
10:52:54,MYOR,RG,2460,1,D,CC,YP,D
10:52:54,MYOR,RG,2460,1,D,CC,YP,D
10:52:54,MYOR,RG,2460,30,F,YU,YP,D
10:52:54,MYOR,RG,2460,1,F,YU,YP,D
10:52:54,MYOR,RG,2460,91,D,ZP,YP,D
10:52:54,MYOR,RG,2460,77,D,ZP,YP,D
10:52:54,MYOR,RG,2460,53,D,ZP,YP,D
10:52:54,MYOR,RG,2460,22,D,ZP,YP,D
10:52:54,MYOR,RG,2460,21,D,ZP,YP,D
10:52:54,MYOR,RG,2460,28,D,ZP,YP,D
10:52:54,MYOR,RG,2460,1,D,YP,YP,D
10:52:54,MYOR,RG,2460,91,D,ZP,YP,D
10:52:54,MYOR,RG,2460,77,D,ZP,YP,D
10:52:54,MYOR,RG,2460,53,D,ZP,YP,D
10:52:54,MYOR,RG,2460,22,D,ZP,YP,D
10:52:54,MYOR,RG,2460,21,D,ZP,YP,D
10:52:54,MYOR,RG,2460,28,D,ZP,YP,D
10:52:54,MYOR,RG,2460,91,D,ZP,YP,D
10:52:54,MYOR,RG,2460,77,D,ZP,YP,D
10:52:54,MYOR,RG,2460,53,D,ZP,YP,D
10:52:54,MYOR,RG,2460,22,D,ZP,YP,D
10:52:54,MYOR,RG,2460,21,D,ZP,YP,D
10:52:54,MYOR,RG,2460,28,D,ZP,YP,D
10:52:54,MYOR,RG,2460,91,D,ZP,YP,D
10:52:54,MYOR,RG,2460,77,D,ZP,YP,D
10:52:54,MYOR,RG,2460,53,D,ZP,YP,D
10:52:54,MYOR,RG,2460,22,D,ZP,YP,D
10:52:54,MYOR,RG,2460,21,D,ZP,YP,D
10:52:54,MYOR,RG,2460,28,D,ZP,YP,D
10:52:54,MYOR,RG,2460,12,D,NI,YP,D
10:52:54,MYOR,RG,2460,1,D,XC,YP,D
10:52:54,MYOR,RG,2460,2,D,PD,YP,D
10:52:54,MYOR,RG,2460,1,D,KK,YP,D
10:52:54,MYOR,RG,2460,2,D,PD,YP,D
10:52:54,MYOR,RG,2460,50,D,BQ,YP,D
10:52:54,MYOR,RG,2460,1,D,YP,YP,D
10:52:54,MYOR,RG,2460,512,D,YP,YP,D
10:52:20,MYOR,RG,2460,100,D,YP,EP,D
10:51:52,MYOR,RG,2460,1,D,YP,XC,D
10:51:44,MYOR,RG,2460,3,D,YP,NI,D
10:51:25,MYOR,RG,2460,1,D,YP,XC,D
10:51:02,MYOR,RG,2460,4,D,YP,PD,D
10:50:40,MYOR,RG,2470,17,D,FS,YP,D
10:50:40,MYOR,RG,2470,23,D,FS,DH,D
10:50:19,MYOR,RG,2470,1,D,XC,AZ,D
10:50:10,MYOR,RG,2470,5,D,CC,AZ,D
10:50:06,MYOR,RG,2470,4,D,KK,AZ,D
10:50:06,MYOR,RG,2470,1,D,KK,AO,D
10:49:49,MYOR,RG,2470,1,F,ZP,AO,D
10:49:49,MYOR,RG,2470,11,F,YU,AO,D
10:49:40,MYOR,RG,2470,1,F,YU,AO,D
10:49:39,MYOR,RG,2470,10,F,BK,AO,D
10:49:39,MYOR,RG,2470,4,F,YU,AO,D
10:49:13,MYOR,RG,2470,5,F,YU,YP,D
10:49:08,MYOR,RG,2470,57,F,BK,XA,D
10:49:08,MYOR,RG,2470,43,D,AZ,XA,D
10:48:52,MYOR,RG,2470,3,D,AZ,AT,D
10:48:52,MYOR,RG,2470,1,D,AZ,CC,D
10:48:52,MYOR,RG,2470,73,D,AZ,KZ,F
10:48:52,MYOR,RG,2470,95,D,AZ,AK,F
10:48:52,MYOR,RG,2470,35,D,AZ,AO,D
10:48:33,MYOR,RG,2470,1,D,CC,AO,D
10:48:33,MYOR,RG,2470,1,D,CC,AO,D
10:48:33,MYOR,RG,2470,8,F,YU,AO,D
10:48:33,MYOR,RG,2470,200,D,ZP,AO,D
10:48:33,MYOR,RG,2470,15,F,YU,AO,D
10:48:33,MYOR,RG,2470,19,D,CC,AO,D
10:48:33,MYOR,RG,2470,2,D,AG,AO,D
10:48:33,MYOR,RG,2470,1,D,YP,AO,D
10:48:33,MYOR,RG,2470,1,F,ZP,AO,D
10:48:33,MYOR,RG,2470,8,F,YU,AO,D
10:48:33,MYOR,RG,2470,1,F,YU,AO,D
10:48:33,MYOR,RG,2470,1,F,YU,AO,D
10:48:33,MYOR,RG,2470,50,D,BQ,AO,D
10:48:33,MYOR,RG,2470,4,D,CP,AO,D
10:48:33,MYOR,RG,2470,220,F,AK,AO,D
10:48:33,MYOR,RG,2470,4,D,XC,AO,D
10:48:33,MYOR,RG,2470,229,D,CC,AO,D
10:48:16,MYOR,RG,2470,1,D,CC,CC,D
10:48:10,MYOR,RG,2470,15,D,CC,CC,D
10:48:09,MYOR,RG,2470,1,D,CC,PD,D
10:47:58,MYOR,RG,2480,1,D,TP,KZ,F
10:47:54,MYOR,RG,2480,6,D,XC,KZ,F
10:47:38,MYOR,RG,2480,1,D,CC,KZ,F
10:47:38,MYOR,RG,2480,1,D,CC,KZ,F
10:46:58,MYOR,RG,2480,1,F,YU,KZ,F
10:46:58,MYOR,RG,2480,10,F,ZP,KZ,F
10:46:55,MYOR,RG,2480,12,F,ZP,AO,D
10:46:55,MYOR,RG,2480,10,F,CC,AO,D
10:46:55,MYOR,RG,2480,15,F,YU,AO,D
10:46:55,MYOR,RG,2480,200,D,ZP,AO,D
10:46:55,MYOR,RG,2480,50,D,YP,AO,D
10:46:55,MYOR,RG,2480,61,F,YU,AO,D
10:46:55,MYOR,RG,2480,1,D,NI,AO,D
10:46:55,MYOR,RG,2480,15,F,ZP,AO,D
10:46:55,MYOR,RG,2480,355,F,BK,AO,D
10:46:55,MYOR,RG,2480,20,D,FS,AO,D
10:46:55,MYOR,RG,2480,461,D,CC,AO,D
10:46:50,MYOR,RG,2490,111,D,NI,BQ,D
10:46:50,MYOR,RG,2490,10,D,NI,XC,D
10:46:50,MYOR,RG,2490,2,D,NI,XC,D
10:46:50,MYOR,RG,2490,2,D,NI,XC,D
10:46:50,MYOR,RG,2490,3,D,NI,AZ,D
10:46:50,MYOR,RG,2490,82,D,NI,MG,D
10:46:47,MYOR,RG,2480,1,D,CC,ZP,D
10:46:45,MYOR,RG,2480,30,D,CC,EP,D
10:46:32,MYOR,RG,2480,5,D,CC,PD,D
10:45:33,MYOR,RG,2490,10,D,NI,MG,D
10:45:23,MYOR,RG,2490,8,D,MK,MG,D
10:45:23,MYOR,RG,2490,2,D,MK,YP,D
10:45:03,MYOR,RG,2490,3,D,CC,YP,D
10:45:03,MYOR,RG,2490,130,D,CC,KZ,F
10:45:03,MYOR,RG,2490,20,D,CC,LG,D
10:45:03,MYOR,RG,2490,10,D,CC,NI,D
10:45:03,MYOR,RG,2490,1,D,CC,XC,D
10:45:03,MYOR,RG,2490,12,D,CC,PD,D
10:45:03,MYOR,RG,2490,24,D,CC,YP,D
10:43:33,MYOR,RG,2490,5,D,KK,YP,D
10:43:25,MYOR,RG,2490,1,D,SQ,YP,D
10:43:25,MYOR,RG,2490,9,D,SQ,BQ,D
10:43:13,MYOR,RG,2490,5,F,YU,BQ,D
10:42:57,MYOR,RG,2490,18,D,CC,BQ,D
10:42:52,MYOR,RG,2490,50,D,YP,BQ,D
10:42:44,MYOR,RG,2490,50,D,YP,BQ,D
10:42:42,MYOR,RG,2480,2,D,CC,RG,D
10:42:18,MYOR,RG,2480,1,D,CC,LG,D
10:42:18,MYOR,RG,2480,4,F,YU,LG,D
10:42:18,MYOR,RG,2480,5,F,YU,XC,D
10:42:13,MYOR,RG,2490,12,D,AZ,BQ,D
10:42:13,MYOR,RG,2490,21,D,AZ,BQ,D
10:41:38,MYOR,RG,2480,9,F,YU,KK,D
10:41:02,MYOR,RG,2480,5,F,YU,IF,D
10:40:12,MYOR,RG,2490,130,D,CC,BQ,D
10:40:12,MYOR,RG,2490,39,D,CC,YP,D
10:40:10,MYOR,RG,2490,40,D,PD,YP,D
10:39:53,MYOR,RG,2490,11,F,YU,YP,D
10:39:53,MYOR,RG,2490,1,F,YU,YP,D
10:39:53,MYOR,RG,2490,4,F,YU,YP,D
10:39:53,MYOR,RG,2490,5,F,YU,YP,D
10:39:52,MYOR,RG,2490,4,F,YU,BQ,D
10:39:52,MYOR,RG,2490,41,F,YU,BQ,D
10:39:52,MYOR,RG,2490,12,F,ZP,BQ,D
10:39:52,MYOR,RG,2490,1,F,CC,BQ,D
10:39:52,MYOR,RG,2490,100,D,MK,BQ,D
10:39:52,MYOR,RG,2490,115,F,BK,BQ,D
10:39:50,MYOR,RG,2490,248,F,BK,YP,D
10:39:50,MYOR,RG,2490,2,F,YU,YP,D
10:39:50,MYOR,RG,2490,7,F,YU,YP,D
10:39:50,MYOR,RG,2490,193,F,AK,YP,D
10:39:50,MYOR,RG,2490,1,F,AK,PD,D
10:39:50,MYOR,RG,2490,1,F,AK,PD,D
10:39:50,MYOR,RG,2500,20,D,PD,IP,D
10:39:50,MYOR,RG,2500,15,D,PD,AN,D
10:39:48,MYOR,RG,2490,50,F,AK,YP,D
10:39:38,MYOR,RG,2490,20,F,AK,NI,D
10:39:36,MYOR,RG,2490,1,F,AK,XC,D
10:39:29,MYOR,RG,2490,1,F,AK,PD,D
10:39:25,MYOR,RG,2490,1,F,AK,AT,D
10:38:59,MYOR,RG,2490,5,F,AK,YP,D
10:38:58,MYOR,RG,2490,57,F,AK,KZ,F
10:38:58,MYOR,RG,2490,88,D,AZ,KZ,F
10:38:35,MYOR,RG,2490,72,D,AZ,BQ,D
10:38:35,MYOR,RG,2490,10,D,AZ,XC,D
10:38:32,MYOR,RG,2490,80,D,AZ,BQ,D
10:38:29,MYOR,RG,2490,61,F,AK,BQ,D
10:38:29,MYOR,RG,2490,8,F,BK,BQ,D
10:38:29,MYOR,RG,2490,56,F,YU,BQ,D
10:38:29,MYOR,RG,2490,15,F,ZP,BQ,D
10:38:21,MYOR,RG,2490,1,F,ZP,PD,D
10:38:17,MYOR,RG,2490,1,F,ZP,SQ,D
10:38:14,MYOR,RG,2490,30,F,AK,EP,D
10:38:14,MYOR,RG,2490,1,F,AK,XC,D
10:38:14,MYOR,RG,2490,2,F,AK,EP,D
10:38:14,MYOR,RG,2490,1,F,AK,AZ,D
10:38:14,MYOR,RG,2490,11,F,AK,KK,D
10:38:14,MYOR,RG,2490,1,F,AK,XC,D
10:38:14,MYOR,RG,2490,10,F,AK,PD,D
10:38:14,MYOR,RG,2490,896,F,AK,XC,D
10:38:14,MYOR,RG,2490,193,F,YU,XC,D
10:38:14,MYOR,RG,2490,250,F,AK,XC,D
10:38:14,MYOR,RG,2490,91,D,ZP,XC,D
10:38:14,MYOR,RG,2490,77,D,ZP,XC,D
10:38:14,MYOR,RG,2490,53,D,ZP,XC,D
10:38:14,MYOR,RG,2490,22,D,ZP,XC,D
10:38:14,MYOR,RG,2490,21,D,ZP,XC,D
10:38:14,MYOR,RG,2490,28,D,ZP,XC,D
10:38:14,MYOR,RG,2490,91,D,ZP,XC,D
10:38:14,MYOR,RG,2490,77,D,ZP,XC,D
10:38:14,MYOR,RG,2490,53,D,ZP,XC,D
10:38:14,MYOR,RG,2490,22,D,ZP,XC,D
10:38:14,MYOR,RG,2490,21,D,ZP,XC,D
10:38:13,MYOR,RG,2490,28,D,ZP,XC,D
10:38:13,MYOR,RG,2490,91,D,ZP,XC,D
10:38:13,MYOR,RG,2490,58,D,ZP,XC,D
10:38:13,MYOR,RG,2490,5,D,ZP,YP,D
10:38:13,MYOR,RG,2490,14,D,ZP,PD,D
10:38:13,MYOR,RG,2490,21,D,ZP,PD,D
10:38:13,MYOR,RG,2490,1,D,ZP,PD,D
10:38:13,MYOR,RG,2490,31,D,ZP,CC,D
10:38:13,MYOR,RG,2490,4,D,ZP,CC,D
10:38:13,MYOR,RG,2490,3,D,ZP,KK,D
10:38:13,MYOR,RG,2490,10,D,ZP,BQ,D
10:38:13,MYOR,RG,2490,3,D,ZP,PD,D
10:38:13,MYOR,RG,2490,2,D,ZP,DH,D
10:38:13,MYOR,RG,2490,10,D,ZP,DH,D
10:38:13,MYOR,RG,2490,11,D,ZP,BQ,D
10:38:13,MYOR,RG,2490,28,D,ZP,BQ,D
10:38:13,MYOR,RG,2490,91,D,ZP,BQ,D
10:38:13,MYOR,RG,2490,15,D,ZP,BQ,D
10:38:13,MYOR,RG,2490,62,D,ZP,BQ,D
10:38:13,MYOR,RG,2490,53,D,ZP,BQ,D
10:38:13,MYOR,RG,2490,22,D,ZP,BQ,D
10:38:13,MYOR,RG,2490,13,D,ZP,BQ,D
10:38:13,MYOR,RG,2490,1,D,ZP,EP,D
10:38:13,MYOR,RG,2490,3,D,ZP,XC,D
10:38:13,MYOR,RG,2490,4,D,ZP,BQ,D
10:38:13,MYOR,RG,2490,28,D,ZP,BQ,D
10:38:13,MYOR,RG,2490,91,D,ZP,BQ,D
10:38:13,MYOR,RG,2490,77,D,ZP,BQ,D
10:38:13,MYOR,RG,2490,53,D,ZP,BQ,D
10:38:13,MYOR,RG,2490,22,D,ZP,BQ,D
10:38:13,MYOR,RG,2490,9,D,ZP,YP,D
10:38:02,MYOR,RG,2480,1,F,ZP,SQ,D
10:37:32,MYOR,RG,2480,1,F,ZP,XC,D
10:37:32,MYOR,RG,2480,29,D,ZR,XC,D
10:37:26,MYOR,RG,2480,150,D,ZR,MG,D
10:37:18,MYOR,RG,2480,5,D,ZR,YP,D
10:37:06,MYOR,RG,2480,220,D,ZR,BQ,D
10:37:03,MYOR,RG,2480,230,D,ZR,BQ,D
10:37:00,MYOR,RG,2480,410,D,ZR,BQ,D
10:36:57,MYOR,RG,2490,3,F,YU,YP,D
10:36:57,MYOR,RG,2490,3,F,YU,CC,D
10:36:56,MYOR,RG,2490,1,D,RO,CC,D
10:36:56,MYOR,RG,2490,5,D,RO,DR,D
10:36:56,MYOR,RG,2490,10,D,RO,CC,D
10:36:56,MYOR,RG,2490,10,D,RO,PD,D
10:36:56,MYOR,RG,2490,24,D,RO,YP,D
10:36:44,MYOR,RG,2480,144,D,ZR,BQ,D
10:36:43,MYOR,RG,2480,5,D,ZR,YP,D
10:36:43,MYOR,RG,2480,1,D,ZR,EP,D
10:36:43,MYOR,RG,2480,124,D,ZR,KZ,F
10:36:43,MYOR,RG,2480,1,D,ZR,OD,D
10:36:43,MYOR,RG,2480,2,D,ZR,YP,D
10:36:43,MYOR,RG,2480,71,D,ZR,AK,F
10:36:43,MYOR,RG,2480,3,D,ZR,AT,D
10:36:43,MYOR,RG,2480,50,D,ZR,NI,D
10:36:43,MYOR,RG,2480,555,D,ZR,OD,D
10:36:40,MYOR,RG,2470,54,D,CC,BQ,D
10:36:40,MYOR,RG,2470,50,D,RO,BQ,D
10:36:40,MYOR,RG,2470,48,D,FS,BQ,D
10:36:36,MYOR,RG,2470,2,D,FS,YP,D
10:36:36,MYOR,RG,2470,1,D,AZ,YP,D
10:36:36,MYOR,RG,2470,7,D,AZ,BQ,D
10:36:36,MYOR,RG,2470,1,D,XC,BQ,D
10:36:36,MYOR,RG,2470,100,D,RO,BQ,D
10:36:36,MYOR,RG,2470,2,D,XL,BQ,D
10:36:36,MYOR,RG,2470,10,F,YU,BQ,D
10:36:36,MYOR,RG,2470,3,F,ZP,BQ,D
10:36:36,MYOR,RG,2470,50,D,BQ,BQ,D
10:36:36,MYOR,RG,2470,1,D,YP,BQ,D
10:36:36,MYOR,RG,2470,2,F,YU,BQ,D
10:36:36,MYOR,RG,2470,1,D,OD,BQ,D
10:36:36,MYOR,RG,2470,80,D,XC,BQ,D
10:36:36,MYOR,RG,2470,18,F,YU,BQ,D
10:36:14,MYOR,RG,2470,1,F,YU,YP,D
10:35:47,MYOR,RG,2470,6,F,YU,XC,D
10:35:36,MYOR,RG,2480,1,D,PD,OD,D
10:35:28,MYOR,RG,2470,24,F,YU,KK,D
10:35:28,MYOR,RG,2470,2,D,OD,KK,D
10:35:28,MYOR,RG,2470,40,D,EP,KK,D
10:34:21,MYOR,RG,2470,32,D,EP,YP,D
10:33:35,MYOR,RG,2470,1,D,EP,MK,D
10:33:16,MYOR,RG,2470,1,D,EP,LG,D
10:33:09,MYOR,RG,2470,1,D,EP,EP,D
10:33:00,MYOR,RG,2470,1,D,EP,PD,D
10:32:47,MYOR,RG,2470,7,D,EP,XC,D
10:32:02,MYOR,RG,2470,2,D,EP,XC,D
10:31:19,MYOR,RG,2480,9,F,YU,OD,D
10:31:19,MYOR,RG,2480,3,F,ZP,OD,D
10:31:19,MYOR,RG,2480,42,D,AZ,OD,D
10:31:19,MYOR,RG,2480,2,D,AZ,AT,D
10:31:18,MYOR,RG,2480,76,D,AZ,KZ,F
10:31:01,MYOR,RG,2480,10,F,BK,YP,D
10:31:01,MYOR,RG,2480,4,F,YU,YP,D
10:31:01,MYOR,RG,2480,7,F,YU,YP,D
10:30:55,MYOR,RG,2480,1,F,YU,XL,D
10:30:23,MYOR,RG,2480,1,F,YU,CC,D
10:30:21,MYOR,RG,2480,3,F,YU,XL,D
10:30:17,MYOR,RG,2480,10,F,YU,CD,D
10:30:16,MYOR,RG,2480,39,F,YU,CD,D
10:30:16,MYOR,RG,2480,13,D,PD,CD,D
10:30:16,MYOR,RG,2480,38,F,BK,CD,D
10:30:15,MYOR,RG,2480,65,F,BK,YP,D
10:30:08,MYOR,RG,2480,4,F,YU,YP,D
10:30:08,MYOR,RG,2480,16,F,YU,YP,D
10:29:52,MYOR,RG,2490,12,F,YU,YP,D
10:29:51,MYOR,RG,2490,9,F,BK,YP,D
10:29:51,MYOR,RG,2490,20,F,BK,NI,D
10:29:51,MYOR,RG,2490,50,F,BK,AI,F
10:29:51,MYOR,RG,2490,4,F,BK,BQ,D
10:29:51,MYOR,RG,2490,1,F,BK,SQ,D
10:29:51,MYOR,RG,2490,73,F,BK,CC,D
10:29:48,MYOR,RG,2480,2,F,YU,EP,D
10:29:39,MYOR,RG,2480,25,F,YU,YB,D
10:29:37,MYOR,RG,2480,31,F,YU,BQ,D
10:29:36,MYOR,RG,2480,54,F,YU,BQ,D
10:29:36,MYOR,RG,2480,2,D,XL,BQ,D
10:29:36,MYOR,RG,2480,21,D,YP,BQ,D
10:29:36,MYOR,RG,2480,7,F,ZP,BQ,D
10:29:36,MYOR,RG,2480,15,D,SQ,BQ,D
10:29:36,MYOR,RG,2480,15,F,BK,BQ,D
10:29:33,MYOR,RG,2480,150,F,BK,BQ,D
10:29:30,MYOR,RG,2480,5,F,BK,BQ,D
10:29:30,MYOR,RG,2480,250,D,YP,BQ,D
10:29:30,MYOR,RG,2480,20,D,DH,BQ,D
10:29:29,MYOR,RG,2480,3,D,DH,CC,D
10:29:29,MYOR,RG,2480,1,F,YU,CC,D
10:29:04,MYOR,RG,2480,25,F,YU,YB,D
10:28:11,MYOR,RG,2490,4,D,XL,CC,D
10:28:04,MYOR,RG,2490,2,D,NI,CC,D
10:27:58,MYOR,RG,2490,20,D,XC,CC,D
10:27:50,MYOR,RG,2490,1,D,PD,CC,D
10:27:46,MYOR,RG,2480,2,F,YU,PD,D
10:27:30,MYOR,RG,2480,1,F,YU,XC,D
10:27:29,MYOR,RG,2490,17,F,YU,CC,D
10:27:28,MYOR,RG,2490,83,D,FS,CC,D
10:27:28,MYOR,RG,2490,1,D,FS,YP,D
10:27:28,MYOR,RG,2490,4,D,FS,PD,D
10:27:28,MYOR,RG,2490,5,D,FS,YP,D
10:27:28,MYOR,RG,2490,1,D,FS,YP,D
10:27:28,MYOR,RG,2490,14,D,FS,CC,D
10:27:26,MYOR,RG,2480,20,F,YU,NI,D
10:27:23,MYOR,RG,2480,6,F,YU,XL,D
10:27:20,MYOR,RG,2480,3,F,YU,DH,D
10:27:17,MYOR,RG,2490,6,F,YU,CC,D
10:27:17,MYOR,RG,2490,5,F,YU,KK,D
10:27:17,MYOR,RG,2490,8,F,YU,LG,D
10:27:17,MYOR,RG,2490,5,F,AK,LG,D
10:27:17,MYOR,RG,2490,1,F,AK,PD,D
10:27:17,MYOR,RG,2490,86,F,AK,AF,D
10:27:17,MYOR,RG,2490,14,F,YU,AF,D
10:27:17,MYOR,RG,2490,1,F,YU,CC,D
10:27:17,MYOR,RG,2490,4,F,YU,YP,D
10:27:17,MYOR,RG,2490,10,F,YU,NI,D
10:27:17,MYOR,RG,2490,1,F,YU,NI,D
10:27:17,MYOR,RG,2490,1,F,YU,OD,D
10:27:17,MYOR,RG,2490,1,F,YU,PD,D
10:27:17,MYOR,RG,2490,16,F,YU,EP,D
10:27:16,MYOR,RG,2490,84,F,AK,EP,D
10:27:16,MYOR,RG,2490,1,F,AK,YP,D
10:27:16,MYOR,RG,2490,10,F,AK,PD,D
10:27:16,MYOR,RG,2490,1,F,AK,PD,D
10:27:16,MYOR,RG,2490,5,F,AK,YP,D
10:27:16,MYOR,RG,2490,30,F,AK,OD,D
10:27:16,MYOR,RG,2490,1,F,AK,PD,D
10:27:16,MYOR,RG,2490,1,F,AK,NI,D
10:27:16,MYOR,RG,2490,24,F,AK,KK,D
10:27:16,MYOR,RG,2490,5,F,AK,AZ,D
10:27:16,MYOR,RG,2490,10,F,AK,YP,D
10:27:16,MYOR,RG,2490,2,F,AK,PD,D
10:27:16,MYOR,RG,2490,99,F,AK,YP,D
10:27:16,MYOR,RG,2490,2,F,AK,PD,D
10:27:16,MYOR,RG,2490,1,D,PD,SQ,D
10:27:16,MYOR,RG,2490,1,D,PD,KK,D
10:27:15,MYOR,RG,2480,1,F,ZP,PD,D
10:27:13,MYOR,RG,2480,2,F,AK,XC,D
10:27:13,MYOR,RG,2480,6,F,AK,CC,F
10:27:13,MYOR,RG,2480,100,F,AK,NI,D
10:27:13,MYOR,RG,2480,77,F,AK,KZ,F
10:27:13,MYOR,RG,2480,34,F,AK,XC,D
10:27:13,MYOR,RG,2480,6,F,ZP,XC,D
10:27:13,MYOR,RG,2480,26,D,YP,XC,D
10:27:13,MYOR,RG,2480,18,D,YP,XC,D
10:27:13,MYOR,RG,2480,1,D,YP,PD,D
10:27:13,MYOR,RG,2480,100,D,YP,AI,D
10:27:13,MYOR,RG,2480,50,D,YP,AI,F
10:27:13,MYOR,RG,2480,2,D,YP,XC,D
10:27:13,MYOR,RG,2480,1,D,YP,XL,D
10:27:13,MYOR,RG,2480,55,D,YP,YP,D
10:27:13,MYOR,RG,2480,3,D,YP,YP,D
10:27:13,MYOR,RG,2480,50,D,YP,OD,D
10:27:13,MYOR,RG,2480,50,D,YP,DH,D
10:27:13,MYOR,RG,2480,1,D,YP,NI,D
10:27:13,MYOR,RG,2480,100,D,YP,YP,D
10:27:13,MYOR,RG,2480,1,D,YP,GR,D
10:27:13,MYOR,RG,2480,1,D,YP,SQ,D
10:27:13,MYOR,RG,2480,1,D,YP,YP,D
10:27:13,MYOR,RG,2480,5,D,YP,YP,D
10:27:13,MYOR,RG,2480,1,D,YP,PD,D
10:27:13,MYOR,RG,2480,2,D,YP,PD,D
10:27:13,MYOR,RG,2480,150,D,YP,KK,D
10:27:13,MYOR,RG,2480,21,D,YP,XC,D
10:27:13,MYOR,RG,2480,2,D,YP,DH,D
10:27:13,MYOR,RG,2480,4,D,YP,XL,D
10:27:13,MYOR,RG,2480,1,D,YP,YP,D
10:27:13,MYOR,RG,2480,1,D,YP,XL,D
10:27:13,MYOR,RG,2480,5,D,YP,YP,D
10:27:13,MYOR,RG,2480,20,D,YP,CC,D
10:27:13,MYOR,RG,2480,1,D,YP,XC,D
10:27:13,MYOR,RG,2480,2,D,YP,PD,D
10:27:13,MYOR,RG,2480,1,D,YP,PD,D
10:27:13,MYOR,RG,2480,1,D,YP,DH,D
10:27:13,MYOR,RG,2480,10,D,YP,PD,D
10:27:13,MYOR,RG,2480,2,D,YP,XC,D
10:27:13,MYOR,RG,2480,5,D,YP,YP,D
10:27:13,MYOR,RG,2480,5,D,YP,EP,D
10:27:13,MYOR,RG,2480,1,D,YP,PD,D
10:27:13,MYOR,RG,2480,1,D,YP,SQ,D
10:27:13,MYOR,RG,2480,2,D,YP,PD,D
10:27:13,MYOR,RG,2480,25,D,YP,PD,D
10:27:13,MYOR,RG,2480,4,D,YP,LG,D
10:27:13,MYOR,RG,2480,3,D,YP,PD,D
10:27:13,MYOR,RG,2480,1,D,YP,KK,D
10:27:13,MYOR,RG,2480,7,D,YP,LG,D
10:27:13,MYOR,RG,2480,5,D,YP,KK,D
10:27:13,MYOR,RG,2480,1,D,YP,XC,D
10:27:13,MYOR,RG,2480,1251,D,YP,DX,D
10:27:05,MYOR,RG,2480,88,F,YU,DX,D
10:27:05,MYOR,RG,2480,500,D,AZ,DX,D
10:26:56,MYOR,RG,2470,1,F,AK,PD,D
10:26:41,MYOR,RG,2470,4,F,AK,PD,D
10:26:20,MYOR,RG,2470,1,F,AK,XC,D
10:26:20,MYOR,RG,2470,10,F,AK,CC,D
10:26:18,MYOR,RG,2470,5,F,AK,YP,D
10:26:15,MYOR,RG,2470,1,F,AK,CC,D
10:26:04,MYOR,RG,2470,1,F,AK,YP,D
10:25:40,MYOR,RG,2470,88,F,AK,PD,D
10:25:40,MYOR,RG,2470,12,F,YU,PD,D
10:25:34,MYOR,RG,2480,2,D,OD,DX,D
10:25:27,MYOR,RG,2480,25,D,OD,DX,D
10:25:22,MYOR,RG,2470,35,F,YU,OD,D
10:25:12,MYOR,RG,2480,5,F,YU,DX,D
10:25:12,MYOR,RG,2480,30,D,XC,DX,D
10:25:05,MYOR,RG,2470,10,F,YU,CC,D
10:25:05,MYOR,RG,2470,10,F,ZP,CC,D
10:24:56,MYOR,RG,2470,1,F,ZP,HP,D
10:24:51,MYOR,RG,2470,7,F,AK,CC,D
10:24:51,MYOR,RG,2470,4,F,AK,YP,D
10:24:51,MYOR,RG,2470,5,F,AK,XC,D
10:24:51,MYOR,RG,2470,484,F,AK,KZ,F
10:24:50,MYOR,RG,2470,16,D,ZP,KZ,F
10:24:50,MYOR,RG,2470,50,D,ZP,AI,F
10:24:50,MYOR,RG,2470,3,D,ZP,YP,D
10:24:50,MYOR,RG,2470,2,D,ZP,YP,D
10:24:50,MYOR,RG,2470,10,D,ZP,GR,D
10:24:50,MYOR,RG,2470,2,D,ZP,XC,D
10:24:50,MYOR,RG,2470,8,D,ZP,PD,D
10:24:50,MYOR,RG,2470,2,D,ZP,PD,D
10:24:50,MYOR,RG,2470,3,D,ZP,XC,D
10:24:50,MYOR,RG,2470,31,D,ZP,PD,D
10:24:50,MYOR,RG,2470,1,D,ZP,PD,D
10:24:50,MYOR,RG,2470,40,D,ZP,NI,D
10:24:50,MYOR,RG,2470,10,D,ZP,NI,D
10:24:50,MYOR,RG,2470,12,D,ZP,CC,D
10:24:50,MYOR,RG,2470,1,D,ZP,SQ,D
10:24:50,MYOR,RG,2470,1,D,ZP,AT,D
10:24:50,MYOR,RG,2470,2,D,ZP,XL,D
10:24:50,MYOR,RG,2470,1,D,ZP,XC,D
10:24:50,MYOR,RG,2470,22,D,ZP,KZ,F
10:24:50,MYOR,RG,2470,4,D,ZP,KK,D
10:24:50,MYOR,RG,2470,22,D,ZP,KK,D
10:24:50,MYOR,RG,2470,7,D,ZP,KK,D
10:24:50,MYOR,RG,2470,1,D,ZP,PD,D
10:24:50,MYOR,RG,2470,1,D,ZP,XC,D
10:24:50,MYOR,RG,2470,12,D,ZP,PD,D
10:24:50,MYOR,RG,2470,28,D,ZP,PD,D
10:24:50,MYOR,RG,2470,13,D,ZP,PD,D
10:24:50,MYOR,RG,2470,3,D,ZP,TP,D
10:24:50,MYOR,RG,2470,3,D,ZP,XC,D
10:24:50,MYOR,RG,2470,1,D,ZP,XC,D
10:24:50,MYOR,RG,2470,20,D,ZP,PD,D
10:24:50,MYOR,RG,2470,1,D,ZP,PD,D
10:24:50,MYOR,RG,2470,10,D,ZP,SQ,D
10:24:50,MYOR,RG,2470,1,D,ZP,CC,D
10:24:50,MYOR,RG,2470,39,D,ZP,PD,D
10:24:50,MYOR,RG,2470,1,D,ZP,PD,D
10:24:50,MYOR,RG,2470,6,D,ZP,YP,D
10:24:50,MYOR,RG,2470,2,D,ZP,NI,D
10:24:50,MYOR,RG,2470,1,D,ZP,PD,D
10:24:50,MYOR,RG,2470,1,D,ZP,YP,D
10:24:50,MYOR,RG,2470,50,D,ZP,CC,D
10:24:50,MYOR,RG,2470,1,D,ZP,PD,D
10:24:50,MYOR,RG,2470,5,D,ZP,NI,D
10:24:50,MYOR,RG,2470,5,D,ZP,YP,D
10:24:50,MYOR,RG,2470,2,D,ZP,XC,D
10:24:50,MYOR,RG,2470,3,D,ZP,CC,D
10:24:50,MYOR,RG,2470,5,D,ZP,LG,D
10:24:50,MYOR,RG,2470,2,D,ZP,YP,D
10:24:50,MYOR,RG,2470,1,D,ZP,PD,D
10:24:50,MYOR,RG,2470,17,D,ZP,DR,D
10:24:50,MYOR,RG,2470,28,D,ZP,YP,D
10:24:50,MYOR,RG,2470,22,D,ZP,YP,D
10:24:50,MYOR,RG,2470,21,D,ZP,YP,D
10:24:50,MYOR,RG,2470,8,D,ZP,YP,D
10:24:50,MYOR,RG,2470,20,D,ZP,YP,D
10:24:50,MYOR,RG,2470,80,D,ZP,YP,D
10:24:50,MYOR,RG,2470,11,D,ZP,YP,D
10:24:50,MYOR,RG,2470,77,D,ZP,YP,D
10:24:50,MYOR,RG,2470,12,D,ZP,YP,D
10:24:50,MYOR,RG,2470,41,D,ZP,YP,D
10:24:50,MYOR,RG,2470,22,D,ZP,YP,D
10:24:50,MYOR,RG,2470,21,D,ZP,YP,D
10:24:50,MYOR,RG,2470,16,D,ZP,YP,D
10:24:50,MYOR,RG,2470,12,D,ZP,CC,D
10:24:50,MYOR,RG,2470,8,D,ZP,CC,D
10:24:50,MYOR,RG,2470,6,D,ZP,PD,D
10:24:50,MYOR,RG,2470,1,D,ZP,XC,D
10:24:50,MYOR,RG,2470,15,D,ZP,YP,D
10:24:50,MYOR,RG,2470,1,D,ZP,YP,D
10:24:50,MYOR,RG,2470,60,D,ZP,NI,D
10:24:50,MYOR,RG,2470,40,D,ZP,NI,D
10:24:50,MYOR,RG,2470,37,D,ZP,CC,D
10:24:50,MYOR,RG,2470,13,D,ZP,CC,D
10:24:50,MYOR,RG,2470,5,D,ZP,EP,D
10:24:50,MYOR,RG,2470,20,D,ZP,PD,D
10:24:50,MYOR,RG,2470,1,D,ZP,SQ,D
10:24:50,MYOR,RG,2470,1,D,ZP,XC,D
10:24:50,MYOR,RG,2470,1,D,ZP,YP,D
10:24:50,MYOR,RG,2470,12,D,ZP,YP,D
10:24:50,MYOR,RG,2470,22,D,ZP,YP,D
10:24:50,MYOR,RG,2470,21,D,ZP,YP,D
10:24:50,MYOR,RG,2470,28,D,ZP,YP,D
10:24:36,MYOR,RG,2470,9,F,YU,YP,D
10:24:36,MYOR,RG,2470,50,D,CC,YP,D
10:24:33,MYOR,RG,2460,3,D,YP,YP,D
10:24:32,MYOR,RG,2460,5,D,YP,LG,D
10:24:20,MYOR,RG,2460,20,D,YP,CC,D
10:23:51,MYOR,RG,2470,44,F,YU,YP,D
10:23:50,MYOR,RG,2470,14,F,YU,YP,D
10:23:50,MYOR,RG,2470,2,F,YU,PD,D
10:23:50,MYOR,RG,2470,25,F,YU,PD,D
10:23:50,MYOR,RG,2470,2,F,YU,XC,D
10:23:50,MYOR,RG,2470,1,F,YU,PD,D
10:23:50,MYOR,RG,2470,250,F,AK,PD,D
10:23:50,MYOR,RG,2470,249,F,AK,PD,D
10:23:50,MYOR,RG,2470,1,F,AK,SQ,D
10:23:49,MYOR,RG,2460,14,D,YP,GR,D
10:23:49,MYOR,RG,2460,10,D,YP,SQ,D
10:23:49,MYOR,RG,2460,2,D,YP,XL,D
10:23:49,MYOR,RG,2460,15,D,YP,YP,D
10:23:49,MYOR,RG,2460,1,D,YP,CC,D
10:23:49,MYOR,RG,2460,50,D,YP,AI,F
10:23:49,MYOR,RG,2460,3,D,YP,YP,D
10:23:49,MYOR,RG,2460,50,D,YP,PD,D
10:23:49,MYOR,RG,2460,5,D,YP,LG,D
10:23:49,MYOR,RG,2460,4,D,YP,NI,D
10:23:49,MYOR,RG,2460,50,D,YP,PD,D
10:23:49,MYOR,RG,2460,100,D,YP,KK,D
10:23:49,MYOR,RG,2460,5,D,YP,GR,D
10:23:49,MYOR,RG,2460,5,D,YP,YP,D
10:23:49,MYOR,RG,2460,11,D,YP,XC,D
10:23:49,MYOR,RG,2460,24,D,YP,KZ,F
10:23:49,MYOR,RG,2460,35,D,YP,XC,D
10:23:49,MYOR,RG,2460,1,D,YP,SQ,D
10:23:49,MYOR,RG,2460,1,D,YP,SQ,D
10:23:49,MYOR,RG,2460,1,D,YP,PD,D
10:23:49,MYOR,RG,2460,14,D,YP,XL,D
10:23:49,MYOR,RG,2460,2,D,YP,PD,D
10:23:49,MYOR,RG,2460,2,D,YP,XC,D
10:23:49,MYOR,RG,2460,2,D,YP,NI,D
10:23:49,MYOR,RG,2460,3,D,YP,YP,D
10:23:49,MYOR,RG,2460,1,D,YP,XL,D
10:23:49,MYOR,RG,2460,1,D,YP,CC,D
10:23:49,MYOR,RG,2460,115,D,YP,NI,D
10:23:49,MYOR,RG,2460,100,D,YP,EP,D
10:23:49,MYOR,RG,2460,1,D,YP,PD,D
10:23:49,MYOR,RG,2460,1,D,YP,PD,D
10:23:49,MYOR,RG,2460,2,D,YP,PD,D
10:23:49,MYOR,RG,2460,10,D,YP,YP,D
10:23:49,MYOR,RG,2460,5,D,YP,LG,D
10:23:49,MYOR,RG,2460,20,D,YP,XC,D
10:23:49,MYOR,RG,2460,1,D,YP,PD,D
10:23:49,MYOR,RG,2460,1,D,YP,YP,D
10:23:49,MYOR,RG,2460,1,D,YP,XL,D
10:23:49,MYOR,RG,2460,5,D,YP,YP,D
10:23:49,MYOR,RG,2460,1,D,YP,NI,D
10:23:49,MYOR,RG,2460,2,D,YP,XC,D
10:23:49,MYOR,RG,2460,10,D,YP,YP,D
10:23:49,MYOR,RG,2460,1,D,YP,XC,D
10:23:49,MYOR,RG,2460,5,D,YP,LG,D
10:23:49,MYOR,RG,2460,1,D,YP,EP,D
10:23:49,MYOR,RG,2460,2,D,YP,YP,D
10:23:49,MYOR,RG,2460,20,D,YP,NI,D
10:23:49,MYOR,RG,2460,1,D,YP,NI,D
10:23:49,MYOR,RG,2460,20,D,YP,YP,D
10:23:49,MYOR,RG,2460,30,D,YP,NI,D
10:23:49,MYOR,RG,2460,1,D,YP,XC,D
10:23:49,MYOR,RG,2460,1,D,YP,XC,D
10:23:49,MYOR,RG,2460,500,D,YP,CC,D
10:23:49,MYOR,RG,2460,1,D,YP,XC,D
10:23:49,MYOR,RG,2460,4,D,YP,PD,D
10:23:49,MYOR,RG,2460,5,D,YP,EP,D
10:23:49,MYOR,RG,2460,2,D,YP,PD,D
10:23:49,MYOR,RG,2460,25,D,YP,PD,D
10:23:49,MYOR,RG,2460,45,D,YP,YP,D
10:23:37,MYOR,RG,2450,98,F,AK,AK,F
10:23:36,MYOR,RG,2460,8,F,ZP,YP,D
10:23:36,MYOR,RG,2450,19,F,ZP,KZ,F
10:23:36,MYOR,RG,2450,56,F,AK,KZ,F
10:23:36,MYOR,RG,2450,23,F,AK,AZ,D
10:23:36,MYOR,RG,2450,21,F,AK,XC,D
10:23:36,MYOR,RG,2450,100,F,AK,LG,D
10:23:36,MYOR,RG,2450,50,F,AK,AI,F
10:23:36,MYOR,RG,2450,5,F,AK,GR,D
10:23:36,MYOR,RG,2450,10,F,AK,XC,D
10:23:36,MYOR,RG,2450,5,F,AK,KK,D
10:23:36,MYOR,RG,2450,10,F,AK,GR,D
10:23:36,MYOR,RG,2450,100,F,AK,AI,F
10:23:36,MYOR,RG,2450,1,F,AK,XL,D
10:23:36,MYOR,RG,2450,2,F,AK,XL,D
10:23:36,MYOR,RG,2450,2,F,AK,XC,D
10:23:36,MYOR,RG,2450,31,F,AK,EP,D
10:23:36,MYOR,RG,2450,1,F,AK,XC,D
10:23:36,MYOR,RG,2450,8,F,AK,CC,F
10:23:36,MYOR,RG,2450,10,F,AK,PD,D
10:23:36,MYOR,RG,2450,5,F,AK,SQ,D
10:23:36,MYOR,RG,2450,1,F,AK,PD,D
10:23:36,MYOR,RG,2450,10,F,AK,XC,D
10:23:36,MYOR,RG,2450,90,F,AK,AK,F
10:23:36,MYOR,RG,2450,143,F,AK,KZ,F
10:23:36,MYOR,RG,2450,100,F,AK,AI,F
10:23:36,MYOR,RG,2450,20,F,AK,YP,D
10:23:36,MYOR,RG,2450,28,F,AK,PD,D
10:23:36,MYOR,RG,2450,1,F,AK,YP,D
10:23:36,MYOR,RG,2450,50,F,AK,EP,D
10:23:36,MYOR,RG,2450,5,F,AK,NI,D
10:23:36,MYOR,RG,2450,2,F,AK,CC,D
10:23:36,MYOR,RG,2450,3,F,AK,XL,D
10:23:36,MYOR,RG,2450,5,F,AK,PD,D
10:23:36,MYOR,RG,2450,4,F,AK,PD,D
10:23:36,MYOR,RG,2450,2,F,AK,PD,D
10:23:36,MYOR,RG,2450,1,F,AK,XC,D
10:23:36,MYOR,RG,2450,51,F,AK,PD,D
10:23:36,MYOR,RG,2450,1,F,AK,XC,D
10:23:36,MYOR,RG,2450,1,F,AK,PD,D
10:23:36,MYOR,RG,2450,2,F,AK,YP,D
10:23:36,MYOR,RG,2450,5,F,AK,YP,D
10:23:36,MYOR,RG,2450,1,F,AK,YP,D
10:23:36,MYOR,RG,2450,1,F,AK,NI,D
10:23:36,MYOR,RG,2450,1,F,AK,YP,D
10:23:36,MYOR,RG,2450,50,F,AK,PD,D
10:23:36,MYOR,RG,2450,2,F,AK,XC,D
10:23:36,MYOR,RG,2450,250,F,AK,AI,F
10:23:36,MYOR,RG,2450,1,F,AK,SQ,D
10:23:36,MYOR,RG,2450,1,F,AK,PD,D
10:23:36,MYOR,RG,2450,1,F,AK,XC,D
10:23:36,MYOR,RG,2450,200,F,AK,AF,D
10:23:36,MYOR,RG,2450,41,F,AK,YP,D
10:23:36,MYOR,RG,2450,1,F,AK,XC,D
10:23:36,MYOR,RG,2450,111,F,AK,PD,D
10:23:36,MYOR,RG,2450,1,F,AK,CC,D
10:23:36,MYOR,RG,2450,8,F,AK,YP,D
10:20:58,MYOR,RG,2440,85,F,BK,KZ,F
10:20:48,MYOR,RG,2440,1,F,BK,XC,D
10:17:46,MYOR,RG,2440,144,F,BK,EP,D
10:17:46,MYOR,RG,2440,61,F,BK,EP,D
10:17:46,MYOR,RG,2440,2,F,ZP,EP,D
10:16:58,MYOR,RG,2440,1,F,ZP,XL,D
10:16:56,MYOR,RG,2440,10,F,ZP,GR,D
10:15:48,MYOR,RG,2440,2,F,ZP,XL,D
10:15:43,MYOR,RG,2440,5,F,ZP,XC,D
10:15:30,MYOR,RG,2440,1,F,ZP,XC,D
10:15:30,MYOR,RG,2440,1,F,YU,XC,D
10:15:25,MYOR,RG,2440,2,F,YU,SQ,D
10:15:25,MYOR,RG,2440,8,F,YU,SQ,D
10:15:25,MYOR,RG,2440,6,F,YU,GR,D
10:15:25,MYOR,RG,2440,4,D,CC,GR,D
10:15:21,MYOR,RG,2440,20,D,CC,AZ,D
10:15:16,MYOR,RG,2440,32,D,CC,NI,D
10:15:15,MYOR,RG,2440,5,D,CC,SQ,D
10:15:13,MYOR,RG,2440,73,D,CC,KZ,F
10:15:13,MYOR,RG,2440,13,F,YU,KZ,F
10:15:13,MYOR,RG,2440,1,F,YU,KZ,F
10:15:13,MYOR,RG,2440,41,D,AZ,KZ,F
10:15:05,MYOR,RG,2440,53,D,AZ,DX,D
10:15:05,MYOR,RG,2440,91,D,ZP,DX,D
10:15:05,MYOR,RG,2440,77,D,ZP,DX,D
10:15:05,MYOR,RG,2440,53,D,ZP,DX,D
10:15:05,MYOR,RG,2440,22,D,ZP,DX,D
10:15:05,MYOR,RG,2440,21,D,ZP,DX,D
10:15:05,MYOR,RG,2440,28,D,ZP,DX,D
10:15:05,MYOR,RG,2440,399,F,AK,DX,D
10:15:05,MYOR,RG,2440,187,F,BK,DX,D
10:15:05,MYOR,RG,2440,19,F,BK,DX,D
10:14:21,MYOR,RG,2440,2,F,BK,PD,D
10:13:52,MYOR,RG,2440,1,F,BK,XC,D
10:13:46,MYOR,RG,2440,1,F,BK,CC,D
10:13:21,MYOR,RG,2440,1,F,BK,PD,D
10:12:57,MYOR,RG,2440,32,F,BK,XC,D
10:12:19,MYOR,RG,2440,10,F,BK,CC,D
10:12:12,MYOR,RG,2450,1,D,XL,YP,D
10:12:11,MYOR,RG,2440,3,F,BK,KK,D
10:12:09,MYOR,RG,2440,1,F,BK,PD,D
10:12:00,MYOR,RG,2440,9,F,BK,YP,D
10:12:00,MYOR,RG,2440,1,F,YU,YP,D
10:11:08,MYOR,RG,2440,85,F,YU,KZ,F
10:11:07,MYOR,RG,2440,5,F,YU,KZ,F
10:11:07,MYOR,RG,2440,323,F,AK,KZ,F
10:11:07,MYOR,RG,2440,87,D,ZP,KZ,F
10:10:53,MYOR,RG,2440,4,D,ZP,XC,D
10:10:53,MYOR,RG,2440,12,D,ZP,XC,D
10:10:53,MYOR,RG,2440,39,D,ZP,NI,D
10:10:53,MYOR,RG,2440,1,D,ZP,KK,D
10:10:53,MYOR,RG,2440,25,D,ZP,NI,D
10:10:53,MYOR,RG,2440,25,D,ZP,NI,D
10:10:53,MYOR,RG,2440,1,D,ZP,XL,D
10:10:53,MYOR,RG,2440,27,D,ZP,KZ,F
10:10:53,MYOR,RG,2440,22,D,ZP,KZ,F
10:10:53,MYOR,RG,2440,21,D,ZP,KZ,F
10:10:53,MYOR,RG,2440,28,D,ZP,KZ,F
10:10:16,MYOR,RG,2430,2,D,ZP,XL,D
10:10:02,MYOR,RG,2440,2,F,ZP,KZ,F
10:09:52,MYOR,RG,2440,2,D,CC,KZ,F
10:09:32,MYOR,RG,2440,3,D,RO,KZ,F
10:09:17,MYOR,RG,2440,3,F,YU,KZ,F
10:09:17,MYOR,RG,2440,4,F,YU,KK,D
10:09:17,MYOR,RG,2440,2,F,YU,XC,D
10:09:17,MYOR,RG,2440,27,F,YU,CC,D
10:09:16,MYOR,RG,2440,5,F,ZP,CC,D
10:09:16,MYOR,RG,2440,18,F,AK,CC,D
10:09:16,MYOR,RG,2440,25,F,AK,TF,D
10:09:16,MYOR,RG,2440,8,F,AK,YB,D
10:09:16,MYOR,RG,2440,1,F,AK,YP,D
10:09:16,MYOR,RG,2440,23,F,AK,GR,D
10:09:16,MYOR,RG,2440,94,F,AK,KZ,F
10:09:16,MYOR,RG,2440,81,F,AK,AK,F
10:06:20,MYOR,RG,2440,1,D,YP,AK,F
10:04:19,MYOR,RG,2440,1,D,NI,AK,F
10:04:07,MYOR,RG,2440,6,D,XL,AK,F
10:04:07,MYOR,RG,2440,14,D,XL,CC,D
10:03:26,MYOR,RG,2440,1,D,PD,CC,D
10:03:13,MYOR,RG,2430,5,D,ZP,OD,D
10:02:38,MYOR,RG,2430,5,D,ZP,PD,D
10:02:20,MYOR,RG,2430,3,D,ZP,XC,D
10:02:13,MYOR,RG,2430,25,D,ZP,YP,D
10:02:00,MYOR,RG,2430,4,D,PD,YP,D
10:01:59,MYOR,RG,2430,1,D,YP,YP,D
10:01:50,MYOR,RG,2430,142,F,AK,CC,D
10:01:50,MYOR,RG,2430,13,F,ZP,CC,D
10:01:50,MYOR,RG,2430,5000,D,YP,CC,D
10:01:50,MYOR,RG,2430,113,D,CC,CC,D
10:01:50,MYOR,RG,2430,8,F,YU,CC,D
10:01:50,MYOR,RG,2430,7,F,YU,CC,D
10:01:50,MYOR,RG,2430,91,D,ZP,CC,D
10:01:50,MYOR,RG,2430,77,D,ZP,CC,D
10:01:50,MYOR,RG,2430,53,D,ZP,CC,D
10:01:50,MYOR,RG,2430,22,D,ZP,CC,D
10:01:50,MYOR,RG,2430,21,D,ZP,CC,D
10:01:50,MYOR,RG,2430,28,D,ZP,CC,D
10:01:50,MYOR,RG,2430,25,D,CC,CC,D
10:01:50,MYOR,RG,2430,2,F,YU,CC,D
10:01:50,MYOR,RG,2430,1,D,YP,CC,D
10:01:50,MYOR,RG,2430,7,D,XL,CC,D
10:01:50,MYOR,RG,2430,25,D,YB,CC,D
10:01:50,MYOR,RG,2430,32,F,YU,CC,D
10:01:50,MYOR,RG,2430,5,D,YP,CC,D
10:01:50,MYOR,RG,2430,2,D,BQ,CC,D
10:01:50,MYOR,RG,2430,91,D,ZP,CC,D
10:01:50,MYOR,RG,2430,77,D,ZP,CC,D
10:01:50,MYOR,RG,2430,53,D,ZP,CC,D
10:01:50,MYOR,RG,2430,22,D,ZP,CC,D
10:01:50,MYOR,RG,2430,21,D,ZP,CC,D
10:01:50,MYOR,RG,2430,28,D,ZP,CC,D
10:01:50,MYOR,RG,2430,3,F,ZP,CC,D
10:01:50,MYOR,RG,2430,1,D,PD,CC,D
10:01:50,MYOR,RG,2430,10,D,IU,CC,D
10:01:50,MYOR,RG,2430,91,D,ZP,CC,D
10:01:50,MYOR,RG,2430,77,D,ZP,CC,D
10:01:50,MYOR,RG,2430,53,D,ZP,CC,D
10:01:50,MYOR,RG,2430,22,D,ZP,CC,D
10:01:50,MYOR,RG,2430,21,D,ZP,CC,D
10:01:50,MYOR,RG,2430,28,D,ZP,CC,D
10:01:50,MYOR,RG,2430,200,D,CC,CC,D
10:01:50,MYOR,RG,2430,20,D,AT,CC,D
10:01:50,MYOR,RG,2430,3,D,YP,CC,D
10:01:50,MYOR,RG,2430,2,D,AZ,CC,D
10:01:50,MYOR,RG,2430,2,D,PD,CC,D
10:01:50,MYOR,RG,2430,1,D,XC,CC,D
10:01:50,MYOR,RG,2430,2,D,YP,CC,D
10:01:50,MYOR,RG,2430,1,D,KK,CC,D
10:01:50,MYOR,RG,2430,40,D,YP,CC,D
10:01:50,MYOR,RG,2430,4,D,PD,CC,D
10:01:50,MYOR,RG,2430,10,D,YP,CC,D
10:01:50,MYOR,RG,2430,50,D,CC,CC,D
10:01:50,MYOR,RG,2430,46,D,AK,CC,D
10:01:50,MYOR,RG,2430,79,D,AK,CC,D
10:01:50,MYOR,RG,2430,19,D,AK,CC,D
10:01:50,MYOR,RG,2430,67,D,AK,CC,D
10:01:50,MYOR,RG,2430,5,D,AK,CC,D
10:01:50,MYOR,RG,2440,1,D,CC,CC,D
10:01:50,MYOR,RG,2440,42,F,YU,CC,D
10:01:50,MYOR,RG,2440,10,F,ZP,CC,D
10:01:50,MYOR,RG,2440,89,F,BK,CC,D
10:01:33,MYOR,RG,2440,13,F,BK,XL,D
10:01:26,MYOR,RG,2440,2,F,BK,PD,D
10:00:43,MYOR,RG,2440,6,F,BK,PD,D
10:00:14,MYOR,RG,2440,2,F,BK,XL,D
10:00:02,MYOR,RG,2440,100,F,BK,YP,D
09:59:39,MYOR,RG,2440,1,F,BK,PD,D
09:59:28,MYOR,RG,2440,11,F,BK,KZ,F
09:59:28,MYOR,RG,2440,68,F,YU,KZ,F
09:59:28,MYOR,RG,2440,8,F,YU,KZ,F
09:59:24,MYOR,RG,2440,22,F,YU,KZ,F
09:59:23,MYOR,RG,2440,65,F,YU,KZ,F
09:59:23,MYOR,RG,2440,2,F,YU,KZ,F
09:59:23,MYOR,RG,2440,16,F,YU,KZ,F
09:59:23,MYOR,RG,2440,6,D,CC,KZ,F
09:59:23,MYOR,RG,2440,117,D,CC,KZ,F
09:59:20,MYOR,RG,2440,2,D,XL,KZ,F
09:59:20,MYOR,RG,2440,2,F,CC,KZ,F
09:59:20,MYOR,RG,2440,4,D,KK,KZ,F
09:59:20,MYOR,RG,2440,5,D,PD,KZ,F
09:59:20,MYOR,RG,2440,5,D,YP,KZ,F
09:59:20,MYOR,RG,2440,15,D,PD,KZ,F
09:59:20,MYOR,RG,2440,3,D,XL,KZ,F
09:59:20,MYOR,RG,2440,30,D,KK,KZ,F
09:59:20,MYOR,RG,2440,50,D,SQ,KZ,F
09:59:20,MYOR,RG,2440,1,D,YP,KZ,F
09:59:20,MYOR,RG,2440,7,F,ZP,KZ,F
09:59:20,MYOR,RG,2440,120,D,CC,KZ,F
09:59:20,MYOR,RG,2440,25,D,YB,KZ,F
09:59:20,MYOR,RG,2440,81,F,YU,KZ,F
09:59:20,MYOR,RG,2440,4,D,YB,KZ,F
09:59:20,MYOR,RG,2440,1,D,PD,KZ,F
09:59:20,MYOR,RG,2440,1,D,OD,KZ,F
09:59:20,MYOR,RG,2440,2,D,BQ,KZ,F
09:59:20,MYOR,RG,2440,10,D,YP,KZ,F
09:59:20,MYOR,RG,2440,10,D,XC,KZ,F
09:59:20,MYOR,RG,2440,14,F,ZP,KZ,F
09:59:20,MYOR,RG,2440,416,D,CC,KZ,F
09:59:17,MYOR,RG,2440,84,D,CC,BQ,D
09:59:17,MYOR,RG,2440,4,D,PD,BQ,D
09:59:17,MYOR,RG,2440,12,D,CC,BQ,D
09:58:36,MYOR,RG,2440,100,D,CC,NI,D
09:57:43,MYOR,RG,2440,3,D,CC,NI,D
09:55:28,MYOR,RG,2450,7,D,XC,KZ,F
09:55:28,MYOR,RG,2450,3,D,XC,KZ,F
09:53:46,MYOR,RG,2450,31,F,YU,KZ,F
09:53:46,MYOR,RG,2450,270,D,CC,KZ,F
09:53:32,MYOR,RG,2450,5,D,CC,KZ,F
09:53:28,MYOR,RG,2440,1,D,CC,SQ,D
09:53:13,MYOR,RG,2440,1,D,CC,KZ,F
09:53:13,MYOR,RG,2440,2,D,AZ,KZ,F
09:53:13,MYOR,RG,2440,3,D,DR,KZ,F
09:53:13,MYOR,RG,2440,2,D,XC,KZ,F
09:53:13,MYOR,RG,2440,8,D,YB,KZ,F
09:53:13,MYOR,RG,2440,10,D,YP,KZ,F
09:53:13,MYOR,RG,2440,4,D,AZ,KZ,F
09:53:13,MYOR,RG,2440,71,D,ZP,KZ,F
09:53:11,MYOR,RG,2440,20,D,ZP,YP,D
09:53:11,MYOR,RG,2440,77,D,ZP,YP,D
09:53:11,MYOR,RG,2440,53,D,ZP,YP,D
09:53:11,MYOR,RG,2440,20,D,ZP,YP,D
09:52:55,MYOR,RG,2440,2,D,ZP,KK,D
09:52:55,MYOR,RG,2440,3,D,ZP,KK,D
09:52:48,MYOR,RG,2440,8,D,ZP,NI,D
09:52:08,MYOR,RG,2450,1,D,YP,KZ,F
09:51:52,MYOR,RG,2440,1,D,ZP,LG,D
09:51:43,MYOR,RG,2450,5,F,YU,KZ,F
09:51:42,MYOR,RG,2450,1,D,BQ,KZ,F
09:51:13,MYOR,RG,2450,50,D,SQ,KZ,F
09:51:07,MYOR,RG,2440,9,D,ZP,PD,D
09:51:07,MYOR,RG,2440,11,D,ZP,PD,D
09:49:02,MYOR,RG,2440,1,D,ZP,CC,D
09:49:02,MYOR,RG,2450,5,F,YU,KZ,F
09:48:57,MYOR,RG,2440,16,D,ZP,PD,D
09:48:57,MYOR,RG,2440,2,F,ZP,PD,D
09:48:57,MYOR,RG,2440,2,D,PD,PD,D
09:48:57,MYOR,RG,2440,22,D,ZP,PD,D
09:48:44,MYOR,RG,2450,129,F,AK,KZ,F
09:48:44,MYOR,RG,2450,1,F,AK,XC,D
09:48:44,MYOR,RG,2450,2,F,AK,XC,D
09:48:44,MYOR,RG,2450,3,F,AK,XC,D
09:48:44,MYOR,RG,2450,1,F,AK,KK,D
09:48:44,MYOR,RG,2450,3,F,AK,KK,D
09:48:44,MYOR,RG,2450,10,F,AK,PD,D
09:48:44,MYOR,RG,2450,1,F,AK,CC,D
09:48:44,MYOR,RG,2450,10,F,AK,PD,D
09:48:44,MYOR,RG,2450,1,F,AK,BB,D
09:48:44,MYOR,RG,2450,89,F,AK,CC,D
09:48:44,MYOR,RG,2450,411,F,YU,CC,D
09:48:44,MYOR,RG,2450,1,F,YU,BB,D
09:48:44,MYOR,RG,2450,50,F,YU,CC,D
09:48:44,MYOR,RG,2450,50,F,YU,YB,D
09:48:44,MYOR,RG,2450,2,F,YU,KK,D
09:48:44,MYOR,RG,2450,25,F,YU,YP,D
09:48:44,MYOR,RG,2450,11,F,YU,BB,D
09:48:44,MYOR,RG,2450,4,F,YU,BB,D
09:48:44,MYOR,RG,2450,3,F,YU,BB,D
09:48:44,MYOR,RG,2450,2,F,YU,CC,D
09:48:31,MYOR,RG,2440,20,D,ZP,PD,D
09:47:51,MYOR,RG,2440,5,D,ZP,YP,D
09:46:51,MYOR,RG,2440,44,D,ZP,YP,D
09:46:51,MYOR,RG,2440,16,D,ZP,YP,D
09:46:01,MYOR,RG,2440,1,D,ZP,PD,D
09:45:31,MYOR,RG,2450,2,D,BQ,CC,D
09:45:06,MYOR,RG,2450,1,D,PD,CC,D
09:44:18,MYOR,RG,2450,56,D,XC,CC,D
09:44:06,MYOR,RG,2450,8,F,ZP,CC,D
09:44:06,MYOR,RG,2450,91,D,ZP,CC,D
09:44:06,MYOR,RG,2450,77,D,ZP,CC,D
09:44:06,MYOR,RG,2450,53,D,ZP,CC,D
09:44:06,MYOR,RG,2450,22,D,ZP,CC,D
09:44:06,MYOR,RG,2450,21,D,ZP,CC,D
09:44:06,MYOR,RG,2450,28,D,ZP,CC,D
09:44:06,MYOR,RG,2450,159,F,BK,CC,D
09:44:06,MYOR,RG,2450,240,F,AK,CC,D
09:44:06,MYOR,RG,2450,142,D,AZ,CC,D
09:44:01,MYOR,RG,2450,1,D,AZ,PD,D
09:43:40,MYOR,RG,2450,10,D,AZ,PD,D
09:43:01,MYOR,RG,2450,4,D,AZ,HP,D
09:43:00,MYOR,RG,2450,35,D,AZ,CC,D
09:42:43,MYOR,RG,2450,2,D,AZ,XC,D
09:42:42,MYOR,RG,2450,3,D,AZ,YP,D
09:41:55,MYOR,RG,2450,8,D,AZ,CC,F
09:41:55,MYOR,RG,2450,21,D,AZ,BB,D
09:41:55,MYOR,RG,2450,1,D,AZ,BB,D
09:41:55,MYOR,RG,2450,1,D,AZ,BB,D
09:41:55,MYOR,RG,2450,10,D,AZ,BB,D
09:41:55,MYOR,RG,2450,69,D,AZ,BB,D
09:41:55,MYOR,RG,2450,58,D,AZ,YP,D
09:41:46,MYOR,RG,2450,85,F,AK,YP,D
09:41:45,MYOR,RG,2450,102,D,YP,YP,D
09:41:39,MYOR,RG,2450,250,F,AK,YP,D
09:41:38,MYOR,RG,2450,250,F,AK,YP,D
09:41:38,MYOR,RG,2450,155,F,AK,YP,D
09:41:38,MYOR,RG,2450,90,D,OD,YP,D
09:41:38,MYOR,RG,2450,10,D,YP,YP,D
09:41:38,MYOR,RG,2450,3,F,ZP,YP,D
09:41:38,MYOR,RG,2450,29,F,CC,YP,D
09:41:38,MYOR,RG,2450,5,D,YP,YP,D
09:41:38,MYOR,RG,2450,14,F,BK,YP,D
09:41:30,MYOR,RG,2450,40,F,BK,LG,D
09:41:14,MYOR,RG,2450,100,F,BK,PC,D
09:39:51,MYOR,RG,2450,5,F,BK,YB,D
09:39:51,MYOR,RG,2450,13,D,ZP,YB,D
09:39:48,MYOR,RG,2450,3,D,ZP,YP,D
09:39:16,MYOR,RG,2450,1,D,ZP,YP,D
09:39:11,MYOR,RG,2450,1,D,ZP,CC,D
09:38:50,MYOR,RG,2450,5,D,ZP,XL,D
09:38:43,MYOR,RG,2450,20,D,ZP,PD,D
09:38:29,MYOR,RG,2450,2,D,ZP,GR,D
09:38:20,MYOR,RG,2450,1,D,ZP,BQ,D
09:38:17,MYOR,RG,2450,13,D,ZP,BB,D
09:38:17,MYOR,RG,2450,1,D,ZP,BB,D
09:38:17,MYOR,RG,2450,1,D,ZP,BB,D
09:38:17,MYOR,RG,2450,25,D,ZP,YP,D
09:38:17,MYOR,RG,2450,2,D,ZP,YP,D
09:38:17,MYOR,RG,2450,1,D,ZP,PC,D
09:38:17,MYOR,RG,2450,1,D,ZP,PD,D
09:38:17,MYOR,RG,2450,1,D,ZP,XC,D
09:38:17,MYOR,RG,2450,50,D,ZP,YP,D
09:38:17,MYOR,RG,2450,1,D,ZP,BB,D
09:38:17,MYOR,RG,2450,26,D,ZP,BB,D
09:38:17,MYOR,RG,2450,19,D,ZP,BB,D
09:38:17,MYOR,RG,2450,34,D,ZP,BB,D
09:38:17,MYOR,RG,2450,22,D,ZP,BB,D
09:38:17,MYOR,RG,2450,21,D,ZP,BB,D
09:38:17,MYOR,RG,2450,28,D,ZP,BB,D
09:38:04,MYOR,RG,2450,42,F,AK,BB,D
09:38:04,MYOR,RG,2450,8,F,AK,BB,D
09:38:04,MYOR,RG,2450,1,F,AK,BB,D
09:38:04,MYOR,RG,2450,65,F,AK,BB,D
09:37:52,MYOR,RG,2440,39,D,ZP,PD,D
09:37:27,MYOR,RG,2440,3,D,ZP,CC,D
09:37:26,MYOR,RG,2440,1,D,ZP,NI,D
09:37:04,MYOR,RG,2440,17,D,ZP,AK,F
09:37:04,MYOR,RG,2440,53,D,ZP,AK,F
09:37:04,MYOR,RG,2440,22,D,ZP,AK,F
09:37:04,MYOR,RG,2440,21,D,ZP,AK,F
09:37:04,MYOR,RG,2440,28,D,ZP,AK,F
09:36:55,MYOR,RG,2440,54,D,CC,YP,D
09:36:55,MYOR,RG,2440,21,F,ZP,YP,D
09:36:55,MYOR,RG,2440,5,F,ZP,YP,D
09:36:55,MYOR,RG,2440,5,D,PD,YP,D
09:36:55,MYOR,RG,2440,169,D,YP,YP,D
09:36:55,MYOR,RG,2440,5,D,YP,YP,D
09:36:55,MYOR,RG,2440,2,D,PD,YP,D
09:36:55,MYOR,RG,2440,10,D,KK,YP,D
09:36:55,MYOR,RG,2440,1000,D,CC,YP,D
09:36:55,MYOR,RG,2440,3,F,CC,YP,D
09:36:55,MYOR,RG,2440,21,D,YP,YP,D
09:36:55,MYOR,RG,2440,3,D,YP,YP,D
09:36:55,MYOR,RG,2440,10,D,AZ,YP,D
09:36:55,MYOR,RG,2440,10,D,SQ,YP,D
09:36:55,MYOR,RG,2440,32,D,XC,YP,D
09:36:55,MYOR,RG,2440,5,D,EP,YP,D
09:36:55,MYOR,RG,2440,25,D,IF,YP,D
09:36:55,MYOR,RG,2440,10,D,YP,YP,D
09:36:55,MYOR,RG,2440,18,F,YU,YP,D
09:36:55,MYOR,RG,2440,65,F,YU,YP,D
09:36:55,MYOR,RG,2440,21,D,YP,YP,D
09:36:55,MYOR,RG,2440,3,D,EP,YP,D
09:36:55,MYOR,RG,2440,5,D,NI,YP,D
09:36:55,MYOR,RG,2440,5,D,XL,YP,D
09:36:55,MYOR,RG,2440,100,D,YP,YP,D
09:36:55,MYOR,RG,2440,5,D,XL,YP,D
09:36:55,MYOR,RG,2440,1,D,YP,YP,D
09:36:55,MYOR,RG,2440,1,D,KK,YP,D
09:36:55,MYOR,RG,2440,10,D,YP,YP,D
09:36:55,MYOR,RG,2440,10,D,YP,YP,D
09:36:55,MYOR,RG,2440,1,D,LG,YP,D
09:36:55,MYOR,RG,2440,5,D,YP,YP,D
09:36:55,MYOR,RG,2440,375,D,XC,YP,D
09:36:15,MYOR,RG,2450,1,D,YP,AK,F
09:35:52,MYOR,RG,2450,1,D,KK,AK,F
09:35:36,MYOR,RG,2450,3,F,ZP,AK,F
09:35:35,MYOR,RG,2450,4,D,PD,YP,D
09:35:23,MYOR,RG,2440,155,D,XC,AK,F
09:35:23,MYOR,RG,2450,103,F,AK,YP,D
09:35:22,MYOR,RG,2450,5,D,PD,YP,D
09:35:22,MYOR,RG,2450,5,D,PD,YP,D
09:35:22,MYOR,RG,2450,10,D,YP,YP,D
09:35:22,MYOR,RG,2450,170,D,YP,YP,D
09:35:22,MYOR,RG,2450,1,F,ZP,YP,D
09:35:22,MYOR,RG,2450,33,F,ZP,YP,D
09:35:15,MYOR,RG,2460,3,D,XC,YP,D
09:35:13,MYOR,RG,2460,10,D,AZ,YP,D
09:35:09,MYOR,RG,2450,6,F,ZP,XC,D
09:35:07,MYOR,RG,2450,2,F,ZP,CC,D
09:35:06,MYOR,RG,2450,1,F,ZP,YP,D
09:34:40,MYOR,RG,2450,3,F,ZP,XL,D
09:34:30,MYOR,RG,2450,1,F,ZP,IF,D
09:34:30,MYOR,RG,2450,8,D,CC,IF,D
09:34:28,MYOR,RG,2450,2,D,CC,BB,D
09:34:28,MYOR,RG,2450,2,D,CC,BB,D
09:34:28,MYOR,RG,2450,6,D,CC,BB,D
09:34:28,MYOR,RG,2450,4,D,CC,PD,D
09:34:28,MYOR,RG,2450,2,D,CC,XC,D
09:34:28,MYOR,RG,2450,30,D,CC,PD,D
09:34:28,MYOR,RG,2450,1,D,CC,NI,D
09:34:28,MYOR,RG,2450,1,D,CC,EP,D
09:34:28,MYOR,RG,2450,23,D,CC,YP,D
09:34:28,MYOR,RG,2450,2,D,CC,NI,D
09:34:28,MYOR,RG,2450,1,D,CC,YP,D
09:34:28,MYOR,RG,2450,38,D,CC,DR,D
09:34:28,MYOR,RG,2450,20,D,CC,YP,D
09:34:28,MYOR,RG,2450,2,D,CC,OD,D
09:34:28,MYOR,RG,2450,1,D,CC,XC,D
09:34:28,MYOR,RG,2450,8,D,CC,YP,D
09:34:28,MYOR,RG,2450,10,D,CC,PD,D
09:34:28,MYOR,RG,2450,1,D,CC,PD,D
09:34:28,MYOR,RG,2450,3,D,CC,PD,D
09:34:28,MYOR,RG,2450,9,D,CC,YP,D
09:34:28,MYOR,RG,2450,2,D,CC,BB,D
09:34:28,MYOR,RG,2450,103,D,CC,SQ,D
09:34:28,MYOR,RG,2450,10,D,CC,NI,D
09:34:28,MYOR,RG,2450,3,D,CC,KK,D
09:34:28,MYOR,RG,2450,25,D,CC,AZ,D
09:34:28,MYOR,RG,2450,15,D,CC,LG,D
09:34:28,MYOR,RG,2450,1,D,CC,NI,D
09:34:28,MYOR,RG,2450,1,D,CC,XC,D
09:34:28,MYOR,RG,2450,1,D,CC,XC,D
09:34:28,MYOR,RG,2450,80,D,CC,YP,D
09:34:28,MYOR,RG,2450,10,D,CC,PD,D
09:34:28,MYOR,RG,2450,39,D,CC,BB,D
09:34:28,MYOR,RG,2450,6,D,CC,BB,D
09:34:28,MYOR,RG,2450,57,D,CC,BB,D
09:34:28,MYOR,RG,2450,130,D,CC,BB,D
09:34:28,MYOR,RG,2450,1,D,CC,PD,D
09:34:28,MYOR,RG,2450,1,D,CC,NI,D
09:34:28,MYOR,RG,2450,21,D,CC,EP,D
09:34:28,MYOR,RG,2450,2,D,CC,XC,D
09:34:28,MYOR,RG,2450,1,D,CC,BB,D
09:34:28,MYOR,RG,2450,1,D,CC,BB,D
09:34:28,MYOR,RG,2450,4,D,CC,AT,D
09:34:28,MYOR,RG,2450,86,D,CC,AK,F
09:34:28,MYOR,RG,2450,4,D,CC,KK,D
09:34:28,MYOR,RG,2450,1,D,CC,XC,D
09:34:28,MYOR,RG,2450,1,D,CC,PD,D
09:34:28,MYOR,RG,2450,23,D,CC,BB,D
09:34:28,MYOR,RG,2450,50,D,CC,BB,D
09:34:28,MYOR,RG,2450,16,D,CC,BB,D
09:34:28,MYOR,RG,2450,2,D,CC,BB,D
09:34:28,MYOR,RG,2450,2,D,CC,YP,D
09:34:28,MYOR,RG,2450,100,D,CC,YU,D
09:34:28,MYOR,RG,2450,10,D,CC,NI,D
09:34:28,MYOR,RG,2450,1,D,CC,ZP,D
09:34:28,MYOR,RG,2450,10,D,CC,ZP,D
09:34:28,MYOR,RG,2450,20,D,CC,XC,D
09:34:28,MYOR,RG,2450,3,D,CC,XC,D
09:34:28,MYOR,RG,2450,1,D,CC,GR,D
09:34:28,MYOR,RG,2450,95,D,CC,PD,D
09:34:18,MYOR,RG,2450,21,D,CC,PD,D
09:34:12,MYOR,RG,2450,20,D,EP,PD,D
09:33:55,MYOR,RG,2440,5,D,XC,OD,D
09:33:54,MYOR,RG,2450,10,F,EP,PD,D
09:33:48,MYOR,RG,2440,30,D,XC,XL,D
09:33:25,MYOR,RG,2450,1,D,YP,PD,D
09:31:53,MYOR,RG,2450,20,D,SQ,PD,D
09:31:29,MYOR,RG,2450,1,D,XC,PD,D
09:31:21,MYOR,RG,2450,1,D,CC,PD,D
09:30:52,MYOR,RG,2440,21,D,XC,PD,D
09:30:46,MYOR,RG,2440,5,D,XC,GR,D
09:30:42,MYOR,RG,2440,20,D,XC,YP,D
09:30:22,MYOR,RG,2440,200,D,XC,CC,D
09:30:00,MYOR,RG,2450,3,D,XC,PD,D
09:29:50,MYOR,RG,2440,12,D,XC,XL,D
09:29:42,MYOR,RG,2450,8,F,YU,PD,D
09:29:42,MYOR,RG,2450,20,D,CC,PD,D
09:28:26,MYOR,RG,2440,3,D,XC,XC,D
09:28:25,MYOR,RG,2450,15,D,XL,PD,D
09:28:15,MYOR,RG,2450,1,D,YP,PD,D
09:28:11,MYOR,RG,2450,5,D,XC,PD,D
09:27:52,MYOR,RG,2450,12,D,YP,PD,D
09:27:46,MYOR,RG,2450,2,D,XL,PD,D
09:27:45,MYOR,RG,2450,65,F,AK,PD,D
09:27:45,MYOR,RG,2450,1,F,AK,BB,D
09:27:45,MYOR,RG,2450,6,F,AK,PD,D
09:27:35,MYOR,RG,2450,1,D,YP,PD,D
09:27:23,MYOR,RG,2450,1,D,YP,PD,D
09:27:21,MYOR,RG,2450,1,D,XL,PD,D
09:26:58,MYOR,RG,2450,40,D,CC,PD,D
09:26:48,MYOR,RG,2450,5,D,YP,PD,D
09:26:47,MYOR,RG,2450,46,D,YP,PD,D
09:26:47,MYOR,RG,2450,5,D,YP,NI,D
09:26:47,MYOR,RG,2450,10,D,YP,OD,D
09:26:47,MYOR,RG,2450,4,D,YP,YP,D
09:26:17,MYOR,RG,2450,3,D,XC,YP,D
09:26:06,MYOR,RG,2450,5,D,SQ,YP,D
09:25:46,MYOR,RG,2450,10,D,KK,YP,D
09:25:38,MYOR,RG,2450,1,D,YP,YP,D
09:25:28,MYOR,RG,2450,120,D,ZP,YP,D
09:25:19,MYOR,RG,2450,6,D,XC,YP,D
09:25:19,MYOR,RG,2440,2,D,XC,PD,D
09:25:13,MYOR,RG,2450,1,D,CC,YP,D
09:25:10,MYOR,RG,2450,1,D,PD,YP,D
09:25:10,MYOR,RG,2450,10,D,KK,YP,D
09:24:50,MYOR,RG,2450,30,D,YP,YP,D
09:24:31,MYOR,RG,2450,59,D,PD,YP,D
09:24:31,MYOR,RG,2450,1,D,PD,BB,D
09:24:31,MYOR,RG,2450,14,D,PD,XC,D
09:24:31,MYOR,RG,2450,2,D,PD,XC,D
09:24:31,MYOR,RG,2450,4,D,PD,SQ,D
09:24:16,MYOR,RG,2440,5,D,XC,PD,D
09:23:45,MYOR,RG,2440,8,D,XC,YP,D
09:23:07,MYOR,RG,2440,9,D,XC,YB,D
09:23:07,MYOR,RG,2440,51,F,YU,YB,D
09:22:54,MYOR,RG,2450,4,D,PD,SQ,D
09:22:28,MYOR,RG,2440,2,F,YU,XC,D
09:21:56,MYOR,RG,2440,1,F,YU,KK,D
09:21:18,MYOR,RG,2440,6,F,YU,PD,D
09:21:18,MYOR,RG,2450,1,D,YP,SQ,D
09:21:18,MYOR,RG,2450,4,D,YP,XC,D
09:21:08,MYOR,RG,2450,5,D,DX,XC,D
09:21:04,MYOR,RG,2440,4,F,YU,EP,D
09:20:53,MYOR,RG,2450,25,F,YU,XC,D
09:20:53,MYOR,RG,2450,16,D,XC,XC,D
09:20:53,MYOR,RG,2450,2,D,XC,BB,D
09:20:53,MYOR,RG,2450,8,D,XC,BB,D
09:20:53,MYOR,RG,2450,5,D,XC,BB,D
09:20:53,MYOR,RG,2450,21,D,XC,BB,D
09:20:53,MYOR,RG,2450,3,D,XC,AT,D
09:20:53,MYOR,RG,2450,2,D,XC,XL,D
09:20:53,MYOR,RG,2450,235,D,XC,LG,D
09:20:43,MYOR,RG,2440,3,F,YU,XC,D
09:20:33,MYOR,RG,2440,5,D,PD,XL,D
09:20:33,MYOR,RG,2440,10,D,PD,XL,D
09:20:33,MYOR,RG,2440,1,F,CC,XL,D
09:20:33,MYOR,RG,2440,7,F,ZP,XL,D
09:20:33,MYOR,RG,2440,9,D,PD,XL,D
09:20:33,MYOR,RG,2440,1,D,XC,XL,D
09:19:52,MYOR,RG,2440,41,F,BK,XC,D
09:19:43,MYOR,RG,2440,2,F,BK,PD,D
09:19:07,MYOR,RG,2440,3,F,BK,AK,F
09:19:07,MYOR,RG,2440,6,F,BK,AK,F
09:19:07,MYOR,RG,2440,107,F,BK,PD,F
09:19:07,MYOR,RG,2440,3,F,ZP,PD,F
09:19:07,MYOR,RG,2440,3,F,YU,PD,F
09:19:07,MYOR,RG,2440,4,F,YU,PD,F
09:18:43,MYOR,RG,2450,25,D,OD,LG,D
09:18:24,MYOR,RG,2440,1,F,YU,XL,D
09:17:13,MYOR,RG,2440,1,F,YU,AK,F
09:17:13,MYOR,RG,2450,36,F,YU,LG,D
09:17:13,MYOR,RG,2440,10,F,YU,AK,F
09:17:13,MYOR,RG,2440,1,F,AK,OD,D
09:17:13,MYOR,RG,2450,731,D,XC,LG,D
09:17:13,MYOR,RG,2450,100,D,XC,YB,D
09:17:13,MYOR,RG,2450,2,D,XC,BB,D
09:17:13,MYOR,RG,2450,4,D,XC,BB,D
09:17:13,MYOR,RG,2450,2,D,XC,BB,D
09:17:13,MYOR,RG,2450,8,D,XC,CC,D
09:17:13,MYOR,RG,2450,3,D,XC,KK,D
09:17:13,MYOR,RG,2450,86,D,XC,YP,D
09:17:13,MYOR,RG,2440,250,D,XC,YP,D
09:17:13,MYOR,RG,2440,14,D,XC,AK,F
09:17:11,MYOR,RG,2440,1,D,YP,AK,F
09:17:11,MYOR,RG,2440,1,D,YP,AK,F
09:17:10,MYOR,RG,2440,1,D,YP,AK,F
09:17:08,MYOR,RG,2440,2,F,ZP,AK,F
09:17:08,MYOR,RG,2440,98,D,ZP,AK,F
09:17:08,MYOR,RG,2440,2,D,ZP,PD,D
09:17:08,MYOR,RG,2440,10,D,ZP,XL,D
09:17:08,MYOR,RG,2440,40,D,ZP,LG,D
09:16:55,MYOR,RG,2440,1,D,YP,LG,D
09:16:43,MYOR,RG,2440,1,D,YP,LG,D
09:16:40,MYOR,RG,2440,8,D,XC,LG,D
09:16:40,MYOR,RG,2440,68,D,XC,OD,D
09:16:40,MYOR,RG,2440,10,D,XC,CC,D
09:16:40,MYOR,RG,2440,5,D,XC,AK,F
09:16:40,MYOR,RG,2440,1,D,XC,AK,F
09:16:40,MYOR,RG,2440,8,D,XC,GR,D
09:16:28,MYOR,RG,2430,13,D,AK,YP,D
09:16:28,MYOR,RG,2430,12,D,AK,YP,D
09:16:17,MYOR,RG,2440,9,D,CC,GR,D
09:15:59,MYOR,RG,2440,2,F,ZP,GR,D
09:15:50,MYOR,RG,2440,1,D,YP,GR,D
09:15:49,MYOR,RG,2440,10,D,YP,GR,D
09:15:22,MYOR,RG,2440,3,F,ZP,GR,D
09:14:45,MYOR,RG,2440,1,F,YU,GR,D
09:14:45,MYOR,RG,2440,1,D,YP,GR,D
09:14:45,MYOR,RG,2440,1,D,YP,GR,D
09:14:45,MYOR,RG,2440,1,D,YP,GR,D
09:14:45,MYOR,RG,2440,1,D,YP,GR,D
09:14:45,MYOR,RG,2440,1,D,YP,GR,D
09:14:45,MYOR,RG,2440,1,D,YP,GR,D
09:14:45,MYOR,RG,2440,1,D,YP,GR,D
09:14:41,MYOR,RG,2440,1,F,YU,AK,F
09:14:41,MYOR,RG,2440,14,F,YU,CC,D
09:14:41,MYOR,RG,2440,6,F,ZP,CC,D
09:14:37,MYOR,RG,2440,1,D,YP,AK,F
09:14:37,MYOR,RG,2430,2,D,AK,AK,F
09:14:37,MYOR,RG,2450,10,F,AK,YP,D
09:14:37,MYOR,RG,2450,104,F,AK,YP,D
09:14:37,MYOR,RG,2450,1,F,AK,NI,D
09:14:37,MYOR,RG,2450,13,F,AK,BB,D
09:14:37,MYOR,RG,2450,20,F,AK,BB,D
09:14:36,MYOR,RG,2430,1,D,AK,AK,F
09:14:36,MYOR,RG,2450,9,F,YU,BB,D
09:14:36,MYOR,RG,2450,1,F,YU,BB,D
09:14:36,MYOR,RG,2450,1,F,YU,BB,D
09:14:36,MYOR,RG,2450,8,F,YU,BB,D
09:14:36,MYOR,RG,2450,2,F,YU,PD,D
09:14:36,MYOR,RG,2450,2,F,YU,BB,D
09:14:36,MYOR,RG,2450,39,F,YU,BB,D
09:14:36,MYOR,RG,2450,6,F,YU,BB,D
09:14:36,MYOR,RG,2450,57,F,YU,BB,D
09:14:36,MYOR,RG,2450,12,F,YU,BB,D
09:14:36,MYOR,RG,2450,5,D,CC,BB,D
09:14:36,MYOR,RG,2430,1,D,AK,PD,D
09:14:36,MYOR,RG,2450,12,D,KK,BB,D
09:14:36,MYOR,RG,2430,9,D,AK,AK,F
09:14:36,MYOR,RG,2450,101,D,XC,BB,D
09:14:36,MYOR,RG,2450,100,D,XC,OD,D
09:14:36,MYOR,RG,2450,2,D,XC,PD,D
09:14:36,MYOR,RG,2450,10,D,XC,PD,D
09:14:36,MYOR,RG,2450,1,D,XC,XC,D
09:14:36,MYOR,RG,2450,10,D,XC,AZ,D
09:14:36,MYOR,RG,2450,20,D,XC,CC,D
09:14:36,MYOR,RG,2450,4,D,XC,LG,D
09:14:36,MYOR,RG,2450,10,D,XC,GR,D
09:14:36,MYOR,RG,2450,34,D,XC,YP,D
09:14:36,MYOR,RG,2450,1,D,XC,XC,D
09:14:36,MYOR,RG,2450,50,D,XC,PD,D
09:14:36,MYOR,RG,2450,5,D,XC,XC,D
09:14:36,MYOR,RG,2450,30,D,XC,CC,D
09:14:36,MYOR,RG,2450,2,D,XC,XL,D
09:14:36,MYOR,RG,2450,20,D,XC,CC,D
09:14:36,MYOR,RG,2450,1,D,XC,XL,D
09:14:36,MYOR,RG,2450,76,D,XC,XL,D
09:14:36,MYOR,RG,2450,1,D,XC,PD,D
09:14:36,MYOR,RG,2450,5,D,XC,XC,D
09:14:36,MYOR,RG,2450,5,D,XC,EP,D
09:14:36,MYOR,RG,2450,5,D,XC,PD,D
09:14:36,MYOR,RG,2450,10,D,XC,YP,D
09:14:36,MYOR,RG,2450,100,D,XC,YP,D
09:14:36,MYOR,RG,2450,100,D,XC,ZP,D
09:14:36,MYOR,RG,2450,50,D,XC,YP,D
09:14:36,MYOR,RG,2450,6,D,XC,XL,D
09:14:36,MYOR,RG,2450,5,D,XC,YP,D
09:14:36,MYOR,RG,2450,1,D,XC,AT,D
09:14:36,MYOR,RG,2450,50,D,XC,CC,D
09:14:36,MYOR,RG,2450,1,D,XC,CC,D
09:14:36,MYOR,RG,2450,1,D,XC,XL,D
09:14:36,MYOR,RG,2450,9,D,XC,PD,D
09:14:36,MYOR,RG,2450,25,D,XC,PD,D
09:14:36,MYOR,RG,2450,1,D,XC,PD,D
09:14:36,MYOR,RG,2450,50,D,XC,PD,D
09:14:36,MYOR,RG,2450,25,D,XC,PD,D
09:14:36,MYOR,RG,2450,2,D,XC,PD,D
09:14:36,MYOR,RG,2450,29,D,XC,PD,D
09:14:36,MYOR,RG,2450,10,D,XC,YP,D
09:14:36,MYOR,RG,2450,35,D,XC,PD,D
09:14:36,MYOR,RG,2450,5,D,XC,XC,D
09:14:36,MYOR,RG,2450,4,D,XC,DR,D
09:14:36,MYOR,RG,2450,3,D,XC,CC,D
09:14:36,MYOR,RG,2450,1,D,XC,DH,D
09:14:36,MYOR,RG,2450,1,D,XC,XC,D
09:14:36,MYOR,RG,2450,5,D,XC,DR,D
09:14:36,MYOR,RG,2450,1,D,XC,DR,D
09:14:36,MYOR,RG,2450,1,D,XC,SQ,D
09:14:36,MYOR,RG,2450,5,D,XC,SQ,D
09:14:36,MYOR,RG,2450,60,D,XC,AZ,D
09:14:36,MYOR,RG,2450,10,D,XC,SQ,D
09:14:36,MYOR,RG,2440,4,D,XC,AZ,D
09:14:36,MYOR,RG,2440,4,D,XC,LG,D
09:14:36,MYOR,RG,2440,1,D,XC,XC,D
09:14:36,MYOR,RG,2440,50,D,XC,PD,D
09:14:36,MYOR,RG,2440,6,D,XC,XC,D
09:14:36,MYOR,RG,2440,1,D,XC,AZ,D
09:14:36,MYOR,RG,2440,10,D,XC,TP,D
09:14:36,MYOR,RG,2440,25,D,XC,XC,D
09:14:34,MYOR,RG,2440,5,F,YU,XC,D
09:14:27,MYOR,RG,2440,10,D,CC,XC,D
09:14:18,MYOR,RG,2440,1,D,YP,XL,D
09:14:03,MYOR,RG,2440,1,D,KK,XL,D
09:13:58,MYOR,RG,2440,1,D,YP,XL,D
09:13:51,MYOR,RG,2440,5,D,CC,XL,D
09:13:51,MYOR,RG,2440,2,D,CC,AK,F
09:13:51,MYOR,RG,2440,2,D,CC,AK,F
09:13:51,MYOR,RG,2440,11,D,CC,CC,D
09:13:28,MYOR,RG,2440,1,F,YU,CC,D
09:13:28,MYOR,RG,2440,3,F,ZP,CC,D
09:13:28,MYOR,RG,2440,5,D,OD,CC,D
09:13:26,MYOR,RG,2440,20,D,OD,AI,D
09:13:26,MYOR,RG,2440,1,D,YP,NI,D
09:13:26,MYOR,RG,2440,4,F,YU,NI,D
09:13:26,MYOR,RG,2440,5,F,YU,NI,D
09:13:06,MYOR,RG,2440,5,F,YU,XL,D
09:13:01,MYOR,RG,2440,3,F,YU,SQ,D
09:12:52,MYOR,RG,2440,10,F,AK,NI,D
09:12:34,MYOR,RG,2440,3,F,YU,PD,D
09:12:33,MYOR,RG,2440,2,D,XC,PD,D
09:12:33,MYOR,RG,2440,1,D,XC,PD,D
09:12:33,MYOR,RG,2440,10,D,XC,YP,D
09:12:33,MYOR,RG,2440,163,D,XC,AK,F
09:12:33,MYOR,RG,2440,4,D,XC,PD,D
09:12:32,MYOR,RG,2430,1,D,XC,YP,D
09:12:25,MYOR,RG,2430,20,F,CC,PD,D
09:12:18,MYOR,RG,2440,1,D,YP,PD,D
09:12:18,MYOR,RG,2440,1,D,YP,AK,F
09:12:18,MYOR,RG,2440,3,D,YP,AK,F
09:12:18,MYOR,RG,2430,3,F,CC,TP,D
09:12:18,MYOR,RG,2430,1,F,ZP,TP,D
09:12:18,MYOR,RG,2430,6,F,YU,TP,D
09:12:08,MYOR,RG,2430,3,F,YU,AZ,D
09:12:00,MYOR,RG,2430,2,D,YP,XC,D
09:11:54,MYOR,RG,2430,48,D,YP,DH,D
09:11:54,MYOR,RG,2430,2,D,YP,DH,D
09:11:31,MYOR,RG,2430,1,F,CC,SQ,D
09:11:31,MYOR,RG,2430,1,D,YP,SQ,D
09:11:31,MYOR,RG,2430,1,D,YP,SQ,D
09:11:31,MYOR,RG,2430,1,D,YP,SQ,D
09:11:31,MYOR,RG,2430,1,D,YP,SQ,D
09:11:31,MYOR,RG,2430,1,F,YU,SQ,D
09:11:31,MYOR,RG,2430,1,D,PD,SQ,D
09:10:46,MYOR,RG,2430,3,D,PD,AK,F
09:10:46,MYOR,RG,2440,3,F,ZP,AK,F
09:10:46,MYOR,RG,2440,161,F,BK,AK,F
09:10:46,MYOR,RG,2440,11,F,YU,AK,F
09:10:46,MYOR,RG,2440,16,F,YU,AK,F
09:10:46,MYOR,RG,2440,22,F,YU,AK,F
09:10:46,MYOR,RG,2440,24,F,YU,AK,F
09:10:45,MYOR,RG,2440,13,F,YU,AK,F
09:10:45,MYOR,RG,2440,29,F,YU,AK,F
09:10:45,MYOR,RG,2440,6,F,ZP,AK,F
09:10:33,MYOR,RG,2440,4,D,XC,XC,D
09:10:24,MYOR,RG,2440,1,D,XC,XC,D
09:10:24,MYOR,RG,2440,3,D,XC,YP,D
09:10:24,MYOR,RG,2440,3,D,XC,XL,D
09:10:24,MYOR,RG,2440,4,D,XC,PD,D
09:10:24,MYOR,RG,2440,50,D,XC,CC,D
09:10:24,MYOR,RG,2440,6,D,XC,AZ,D
09:10:24,MYOR,RG,2440,50,D,XC,PD,D
09:10:24,MYOR,RG,2440,50,D,XC,YP,D
09:10:24,MYOR,RG,2440,10,D,XC,SQ,D
09:10:24,MYOR,RG,2440,1,D,XC,PD,D
09:10:24,MYOR,RG,2440,40,D,XC,AT,D
09:10:24,MYOR,RG,2440,5,D,XC,EP,D
09:10:24,MYOR,RG,2440,5,D,XC,CC,D
09:10:24,MYOR,RG,2440,110,D,XC,KK,D
09:10:24,MYOR,RG,2440,1,D,XC,XL,D
09:10:24,MYOR,RG,2440,5,D,XC,AT,D
09:10:24,MYOR,RG,2430,45,D,XC,XA,D
09:10:24,MYOR,RG,2430,1,D,XC,XC,D
09:10:24,MYOR,RG,2430,5,D,XC,XC,D
09:10:24,MYOR,RG,2430,35,D,XC,XC,D
09:10:24,MYOR,RG,2430,9,D,XC,CP,D
09:10:24,MYOR,RG,2430,31,D,XC,NI,D
09:10:24,MYOR,RG,2430,1,D,XC,AK,F
09:10:24,MYOR,RG,2430,2,D,XC,AK,F
09:10:20,MYOR,RG,2430,13,F,YU,AK,F
09:10:19,MYOR,RG,2430,73,F,AK,AK,F
09:10:19,MYOR,RG,2430,1,D,YP,AK,F
09:10:13,MYOR,RG,2420,3,F,YU,SQ,D
09:09:42,MYOR,RG,2420,9,F,YU,NI,D
09:09:22,MYOR,RG,2420,1,D,YP,XC,D
09:09:06,MYOR,RG,2420,10,F,BK,EP,D
09:08:58,MYOR,RG,2420,82,F,BK,DH,D
09:08:58,MYOR,RG,2420,2,F,YU,DH,D
09:08:58,MYOR,RG,2420,14,D,YP,DH,D
09:08:58,MYOR,RG,2420,2,D,PD,DH,D
09:08:33,MYOR,RG,2420,2,F,AK,AK,F
09:08:33,MYOR,RG,2420,1,F,AK,AK,F
09:08:33,MYOR,RG,2420,1,F,AK,AK,F
09:08:33,MYOR,RG,2420,4,F,AK,AK,F
09:08:33,MYOR,RG,2420,3,F,AK,AK,F
09:08:29,MYOR,RG,2420,30,F,YU,AK,F
09:08:29,MYOR,RG,2420,7,F,ZP,AK,F
09:08:29,MYOR,RG,2420,2,D,PD,AK,F
09:08:29,MYOR,RG,2420,12,D,YP,AK,F
09:08:28,MYOR,RG,2420,28,D,YP,YP,D
09:08:28,MYOR,RG,2420,6,F,YU,YP,D
09:08:28,MYOR,RG,2420,50,D,XC,YP,D
09:08:28,MYOR,RG,2420,50,D,SQ,YP,D
09:08:28,MYOR,RG,2420,50,D,YP,YP,D
09:08:28,MYOR,RG,2420,1,F,YU,YP,D
09:08:28,MYOR,RG,2420,5,D,YP,YP,D
09:08:28,MYOR,RG,2420,4,D,XC,YP,D
09:08:28,MYOR,RG,2430,4,F,ZP,YP,D
09:08:28,MYOR,RG,2430,40,D,YP,YP,D
09:08:28,MYOR,RG,2430,24,F,YU,YP,D
09:08:28,MYOR,RG,2430,100,D,NI,YP,D
09:08:28,MYOR,RG,2430,2,F,ZP,YP,D
09:08:28,MYOR,RG,2430,1,F,ZP,YP,D
09:08:28,MYOR,RG,2430,100,D,PD,YP,D
09:08:28,MYOR,RG,2430,20,D,CC,YP,D
09:08:28,MYOR,RG,2430,5,D,XL,YP,D
09:08:28,MYOR,RG,2430,5,D,CC,YP,D
09:08:28,MYOR,RG,2430,2,D,PD,YP,D
09:08:28,MYOR,RG,2430,2,D,CC,YP,D
09:08:28,MYOR,RG,2430,1,D,ZP,YP,D
09:08:25,MYOR,RG,2430,4,D,ZP,XL,D
09:08:25,MYOR,RG,2430,1,D,YP,XL,D
09:08:20,MYOR,RG,2430,2,D,YP,YP,D
09:07:38,MYOR,RG,2430,2,D,YP,CC,D
09:07:29,MYOR,RG,2430,1,D,YP,YP,D
09:07:26,MYOR,RG,2430,4,D,YP,XC,D
09:07:26,MYOR,RG,2430,16,F,YU,XC,D
09:06:52,MYOR,RG,2430,4,F,YU,YP,D
09:06:51,MYOR,RG,2430,1,F,YU,CC,D
09:06:51,MYOR,RG,2430,2,F,ZP,CC,D
09:06:51,MYOR,RG,2430,17,F,BK,CC,D
09:06:32,MYOR,RG,2430,1,F,BK,BQ,D
09:06:17,MYOR,RG,2430,1,F,BK,ZP,D
09:06:16,MYOR,RG,2430,50,F,BK,CC,D
09:06:07,MYOR,RG,2430,21,F,BK,PD,D
09:05:59,MYOR,RG,2440,100,D,EP,YP,D
09:05:45,MYOR,RG,2430,22,F,BK,PD,D
09:05:40,MYOR,RG,2440,3,D,CC,YP,D
09:05:40,MYOR,RG,2440,3,D,CC,NI,D
09:05:40,MYOR,RG,2440,8,D,CC,YP,D
09:05:40,MYOR,RG,2440,6,D,CC,PD,D
09:05:37,MYOR,RG,2430,1,F,BK,PD,D
09:05:29,MYOR,RG,2430,2,F,BK,NI,D
09:04:56,MYOR,RG,2440,4,D,CC,PD,D
09:04:56,MYOR,RG,2440,1,D,CC,AK,F
09:04:54,MYOR,RG,2430,2,F,BK,LG,D
09:04:34,MYOR,RG,2430,21,F,BK,LG,D
09:04:33,MYOR,RG,2430,10,F,BK,XA,D
09:04:30,MYOR,RG,2430,8,F,BK,XC,D
09:04:18,MYOR,RG,2430,2,F,BK,PD,D
09:03:45,MYOR,RG,2430,1,F,BK,XL,D
09:03:45,MYOR,RG,2430,1,F,BK,XC,D
09:03:45,MYOR,RG,2430,1,D,YP,XC,D
09:03:38,MYOR,RG,2430,2,D,YP,NI,D
09:03:29,MYOR,RG,2430,1,D,YP,NI,D
09:03:28,MYOR,RG,2430,1,D,YP,YP,D
09:03:23,MYOR,RG,2430,6,F,ZP,AK,F
09:03:23,MYOR,RG,2430,57,F,YU,AK,F
09:03:23,MYOR,RG,2430,1,D,YB,AK,F
09:03:23,MYOR,RG,2430,1,D,YB,AK,F
09:03:23,MYOR,RG,2430,15,D,YB,AK,F
09:03:23,MYOR,RG,2430,5,D,YP,AK,F
09:03:23,MYOR,RG,2430,3,F,YU,AK,F
09:03:23,MYOR,RG,2430,4,F,YU,AK,F
09:03:23,MYOR,RG,2430,17,F,YU,AK,F
09:03:23,MYOR,RG,2430,26,F,YU,AK,F
09:03:23,MYOR,RG,2430,160,D,ZP,AK,F
09:03:23,MYOR,RG,2430,51,D,ZP,CC,D
09:03:20,MYOR,RG,2440,2,D,CP,AK,F
09:03:20,MYOR,RG,2440,1,D,CP,AZ,D
09:03:00,MYOR,RG,2440,2,D,CC,AZ,D
09:02:59,MYOR,RG,2440,26,F,YU,AZ,D
09:02:59,MYOR,RG,2440,6,F,ZP,AZ,D
09:02:59,MYOR,RG,2440,335,F,BK,AZ,D
09:02:59,MYOR,RG,2440,6,F,YU,AZ,D
09:02:59,MYOR,RG,2440,5,D,YP,AZ,D
09:02:59,MYOR,RG,2440,11,D,EP,AZ,D
09:02:59,MYOR,RG,2440,1,D,AT,AZ,D
09:02:59,MYOR,RG,2440,1,D,YB,AZ,D
09:02:59,MYOR,RG,2440,16,D,XC,AZ,D
09:02:44,MYOR,RG,2440,2,D,XC,XC,D
09:02:44,MYOR,RG,2440,14,F,YU,XC,D
09:02:44,MYOR,RG,2440,2,F,ZP,XC,D
09:02:44,MYOR,RG,2440,2,D,YP,YP,D
09:02:40,MYOR,RG,2440,3,D,YP,YP,D
09:02:39,MYOR,RG,2440,4,D,YP,YP,D
09:02:35,MYOR,RG,2440,1,D,YP,XL,D
09:02:31,MYOR,RG,2440,1,D,YP,EP,D
09:02:30,MYOR,RG,2440,20,D,YP,CC,D
09:02:29,MYOR,RG,2440,2,D,YP,YP,D
09:02:25,MYOR,RG,2440,10,D,YP,PD,D
09:02:25,MYOR,RG,2440,5,D,YP,KK,D
09:02:25,MYOR,RG,2440,2,D,YP,OD,D
09:02:23,MYOR,RG,2440,4,D,BQ,OD,D
09:02:22,MYOR,RG,2440,1,D,PD,OD,D
09:02:22,MYOR,RG,2440,30,D,YP,OD,D
09:02:22,MYOR,RG,2440,1,D,YP,XC,D
09:02:22,MYOR,RG,2440,5,D,YP,XC,D
09:02:22,MYOR,RG,2440,10,D,YP,PD,D
09:02:22,MYOR,RG,2440,3,D,YP,KK,D
09:02:22,MYOR,RG,2440,1,D,YP,KK,D
09:02:21,MYOR,RG,2430,10,D,ZP,LG,D
09:02:18,MYOR,RG,2440,2,D,KK,KK,D
09:02:16,MYOR,RG,2440,2,F,YU,KK,D
09:02:16,MYOR,RG,2440,1,F,YU,XL,D
09:02:16,MYOR,RG,2440,1,F,YU,AT,D
09:02:16,MYOR,RG,2440,17,F,YU,PD,D
09:02:15,MYOR,RG,2440,3,F,ZP,PD,D
09:02:15,MYOR,RG,2440,14,F,ZP,PD,D
09:02:15,MYOR,RG,2440,6,D,YP,PD,D
09:02:15,MYOR,RG,2440,30,D,YP,PD,D
09:02:15,MYOR,RG,2440,1,D,YP,PD,D
09:02:15,MYOR,RG,2440,83,D,YP,KK,D
09:02:15,MYOR,RG,2440,10,D,YP,SQ,D
09:02:15,MYOR,RG,2440,48,D,YP,XC,D
09:02:15,MYOR,RG,2440,22,D,YP,SQ,D
09:02:11,MYOR,RG,2430,5,D,ZP,PD,D
09:01:51,MYOR,RG,2440,5,F,YU,SQ,D
09:01:51,MYOR,RG,2440,6,D,EP,SQ,D
09:01:51,MYOR,RG,2430,150,D,ZP,PD,D
09:01:51,MYOR,RG,2440,2,F,YU,SQ,D
09:01:51,MYOR,RG,2440,3,F,YU,SQ,D
09:01:51,MYOR,RG,2440,18,D,KK,SQ,D
09:01:51,MYOR,RG,2440,47,D,GR,SQ,D
09:01:51,MYOR,RG,2440,15,D,GR,SQ,D
09:01:51,MYOR,RG,2440,34,D,GR,SQ,D
09:01:51,MYOR,RG,2440,2,D,YB,SQ,D
09:01:51,MYOR,RG,2440,10,D,GR,SQ,D
09:01:51,MYOR,RG,2440,6,D,GR,SQ,D
09:01:51,MYOR,RG,2440,3,D,GR,AZ,D
09:01:51,MYOR,RG,2440,1,D,GR,YB,D
09:01:50,MYOR,RG,2430,30,D,ZP,PD,D
09:01:50,MYOR,RG,2430,2,D,ZP,XL,D
09:01:50,MYOR,RG,2430,4,D,ZP,YP,D
09:01:50,MYOR,RG,2430,1,D,ZP,PD,D
09:01:50,MYOR,RG,2430,50,D,ZP,PD,D
09:01:50,MYOR,RG,2430,20,D,ZP,PD,D
09:01:50,MYOR,RG,2430,22,D,ZP,XC,D
09:01:50,MYOR,RG,2430,1,D,ZP,PD,D
09:01:50,MYOR,RG,2430,33,D,ZP,YP,D
09:01:50,MYOR,RG,2430,2,D,ZP,PD,D
09:01:50,MYOR,RG,2430,21,D,ZP,OD,D
09:01:50,MYOR,RG,2430,10,D,ZP,SQ,D
09:01:50,MYOR,RG,2430,5,D,ZP,XC,D
09:01:50,MYOR,RG,2430,4,D,ZP,GR,D
09:01:50,MYOR,RG,2430,19,D,ZP,LG,D
09:01:50,MYOR,RG,2430,7,D,PD,LG,D
09:01:50,MYOR,RG,2430,5,D,PD,AZ,D
09:01:50,MYOR,RG,2430,5,D,YP,DH,D
09:01:44,MYOR,RG,2420,1,F,ZP,EP,D
09:01:27,MYOR,RG,2420,3,F,YU,XC,D
09:01:27,MYOR,RG,2420,50,D,YP,PD,D
09:01:27,MYOR,RG,2420,20,D,YP,PD,D
09:01:27,MYOR,RG,2420,1,D,YP,PD,D
09:01:27,MYOR,RG,2420,1,D,YP,PD,D
09:01:27,MYOR,RG,2420,1,D,YP,PD,D
09:01:27,MYOR,RG,2420,10,D,YP,XC,D
09:01:27,MYOR,RG,2420,10,D,YP,SQ,D
09:01:27,MYOR,RG,2420,1,D,YP,XC,D
09:01:27,MYOR,RG,2420,3,D,YP,SQ,D
09:01:27,MYOR,RG,2420,2,D,YP,DR,D
09:01:27,MYOR,RG,2420,1,D,YP,EP,D
09:00:22,MYOR,RG,2410,3,D,YP,YP,D
09:00:22,MYOR,RG,2410,2,F,ZP,YP,D
09:00:22,MYOR,RG,2410,3,D,YP,YP,D
09:00:13,MYOR,RG,2410,2,D,YP,CC,F
09:00:13,MYOR,RG,2410,1,D,YP,XC,D
09:00:13,MYOR,RG,2410,20,D,YP,PD,D
09:00:13,MYOR,RG,2410,24,D,YP,PD,D
09:00:12,MYOR,RG,2400,6,D,OD,XL,D
09:00:11,MYOR,RG,2410,2,D,YP,PD,D
09:00:11,MYOR,RG,2400,1,D,OD,XL,D
09:00:09,MYOR,RG,2400,6,D,OD,CC,D
09:00:09,MYOR,RG,2410,9,D,CC,PD,D
09:00:09,MYOR,RG,2410,23,D,CC,XC,D
09:00:09,MYOR,RG,2410,1,D,CC,PD,D
09:00:09,MYOR,RG,2410,1,D,CC,XL,D
09:00:09,MYOR,RG,2410,10,D,CC,SQ,D
09:00:09,MYOR,RG,2410,6,D,CC,AT,D
09:00:08,MYOR,RG,2400,19,D,OD,PD,D
09:00:08,MYOR,RG,2400,26,D,OD,PD,D
09:00:08,MYOR,RG,2400,1,D,LG,PD,D
09:00:08,MYOR,RG,2400,2,D,CC,PD,D
09:00:08,MYOR,RG,2400,50,D,YB,PD,D
09:00:08,MYOR,RG,2400,2,D,YB,PD,D
09:00:07,MYOR,RG,2400,20,D,YB,PD,D
09:00:07,MYOR,RG,2400,3,D,YB,PD,D
09:00:07,MYOR,RG,2400,1,D,YB,PD,D
09:00:06,MYOR,RG,2400,2,D,YB,PD,D
09:00:06,MYOR,RG,2400,2,D,YB,PD,D
09:00:06,MYOR,RG,2400,1,D,YB,XC,D
09:00:05,MYOR,RG,2400,19,D,YB,ZP,D
09:00:05,MYOR,RG,2400,2,F,YU,ZP,D
09:00:05,MYOR,RG,2400,1,D,XL,ZP,D
09:00:05,MYOR,RG,2400,3,D,AO,ZP,D
09:00:04,MYOR,RG,2400,2,D,AO,XC,D
09:00:03,MYOR,RG,2400,4,D,AO,XC,D
09:00:03,MYOR,RG,2410,4,D,XC,AT,D
09:00:03,MYOR,RG,2410,1,D,XC,CC,D
09:00:02,MYOR,RG,2400,2,D,AO,XC,D
09:00:02,MYOR,RG,2410,3,D,NI,CC,D
09:00:01,MYOR,RG,2400,4,D,AO,CC,D
