Time,Stock,Brd,Price,Qty,BT,BC,SC,ST
15:13:08,MYOR,RG,2450,2,D,PD,AZ,D
15:12:41,MYOR,RG,2450,4,D,PD,AZ,D
15:07:02,MYOR,RG,2450,50,D,XC,AZ,D
15:06:32,MYOR,RG,2450,2,D,SS,AZ,D
15:04:39,MYOR,RG,2450,3,D,AI,AZ,D
15:01:52,MYOR,RG,2450,5,D,YP,AZ,D
15:01:23,MYOR,RG,2450,1,D,PD,AZ,D
15:01:11,MYOR,RG,2450,5,D,CC,AZ,D
15:01:00,MYOR,RG,2450,1,D,PD,AZ,D
15:00:00,MYOR,RG,2450,1,D,PD,AZ,D
15:00:00,MYOR,RG,2450,1,D,YU,AZ,D
15:00:00,MYOR,RG,2450,1004,D,YU,AZ,D
15:00:00,MYOR,RG,2450,5,D,YU,NI,D
15:00:00,MYOR,RG,2450,1,D,YU,YP,D
15:00:00,MYOR,RG,2450,10,D,YU,CC,D
15:00:00,MYOR,RG,2450,200,D,YU,YB,D
15:00:00,MYOR,RG,2450,8,D,YU,YP,D
15:00:00,MYOR,RG,2450,200,D,YU,YP,D
15:00:00,MYOR,RG,2450,150,D,YU,HP,D
15:00:00,MYOR,RG,2450,200,D,YU,YP,D
15:00:00,MYOR,RG,2450,60,D,YU,YP,D
15:00:00,MYOR,RG,2450,493,D,YU,KZ,F
15:00:00,MYOR,RG,2450,857,D,YU,DR,D
15:00:00,MYOR,RG,2450,660,D,YU,DR,D
15:00:00,MYOR,RG,2450,9,D,YU,DR,D
15:00:00,MYOR,RG,2450,1,D,NI,DR,D
15:00:00,MYOR,RG,2450,8,D,YP,DR,D
15:00:00,MYOR,RG,2450,1,D,PD,DR,D
15:00:00,MYOR,RG,2450,341,F,AK,DR,D
15:00:00,MYOR,RG,2450,139,F,AK,DR,D
15:00:00,MYOR,RG,2450,156,F,AK,DR,D
15:00:00,MYOR,RG,2450,1,F,ZP,DR,D
15:00:00,MYOR,RG,2450,11,F,ZP,DR,D
15:00:00,MYOR,RG,2450,63,F,ZP,DR,D
15:00:00,MYOR,RG,2450,156,F,ZP,DR,D
15:00:00,MYOR,RG,2450,97,F,ZP,DR,D
15:00:00,MYOR,RG,2450,20,F,ZP,AK,F
15:00:00,MYOR,RG,2450,14,F,AK,AK,F
15:00:00,MYOR,RG,2450,4,D,LG,AK,F
14:49:51,MYOR,RG,2440,3,D,YU,KZ,F
14:49:42,MYOR,RG,2450,2,D,XC,CC,F
14:49:32,MYOR,RG,2450,10,F,ZP,CC,F
14:49:32,MYOR,RG,2450,6,F,ZP,CC,F
14:49:32,MYOR,RG,2450,1,F,ZP,CC,F
14:49:32,MYOR,RG,2450,1,F,ZP,CC,F
14:49:32,MYOR,RG,2450,1,F,ZP,LG,D
14:49:30,MYOR,RG,2450,1,F,AK,LG,D
14:49:30,MYOR,RG,2440,5,D,YU,KZ,F
14:49:30,MYOR,RG,2450,2,F,ZP,LG,D
14:49:30,MYOR,RG,2450,1,F,ZP,CC,F
14:49:30,MYOR,RG,2450,2,F,ZP,CC,F
14:49:30,MYOR,RG,2450,1,F,ZP,CC,F
14:49:30,MYOR,RG,2450,3,F,ZP,CC,F
14:49:30,MYOR,RG,2450,43,F,ZP,AZ,D
14:49:24,MYOR,RG,2440,10,D,YU,KZ,F
14:49:15,MYOR,RG,2450,1,F,AK,AZ,D
14:49:13,MYOR,RG,2440,1,D,YU,KZ,F
14:49:13,MYOR,RG,2450,7,F,AK,AZ,D
14:49:07,MYOR,RG,2450,1,D,XC,AZ,D
14:49:06,MYOR,RG,2440,3,D,YU,KZ,F
14:49:04,MYOR,RG,2440,23,D,YU,YP,D
14:49:04,MYOR,RG,2440,3,D,YU,KZ,F
14:49:04,MYOR,RG,2450,19,F,ZP,AZ,D
14:49:00,MYOR,RG,2440,2,D,YU,KZ,F
14:49:00,MYOR,RG,2450,18,F,ZP,AZ,D
14:49:00,MYOR,RG,2450,1,F,AK,AZ,D
14:48:54,MYOR,RG,2440,20,D,YU,KZ,F
14:48:41,MYOR,RG,2440,2,D,YU,KZ,F
14:48:41,MYOR,RG,2450,27,F,ZP,AZ,D
14:48:18,MYOR,RG,2440,7,D,YU,YP,D
14:48:03,MYOR,RG,2440,3,D,YU,KZ,F
14:47:26,MYOR,RG,2440,17,D,YU,YP,D
14:47:09,MYOR,RG,2440,100,D,YU,OD,D
14:46:43,MYOR,RG,2440,4,D,YU,CC,D
14:46:31,MYOR,RG,2440,9,D,YU,DX,D
14:46:31,MYOR,RG,2440,1,D,YU,DX,D
14:46:31,MYOR,RG,2440,1,F,CC,DX,D
14:46:31,MYOR,RG,2440,25,F,ZP,DX,D
14:46:31,MYOR,RG,2440,19,F,ZP,DX,D
14:46:31,MYOR,RG,2440,3,F,AK,DX,D
14:46:31,MYOR,RG,2440,47,F,AK,DX,D
14:46:31,MYOR,RG,2440,27,F,ZP,DX,D
14:46:31,MYOR,RG,2440,35,D,XC,DX,D
14:46:31,MYOR,RG,2440,1,D,XC,DX,D
14:46:31,MYOR,RG,2440,7,D,YU,DX,D
14:46:15,MYOR,RG,2450,1,F,AK,AZ,D
14:46:15,MYOR,RG,2450,10,D,AZ,AZ,D
14:46:08,MYOR,RG,2450,3,F,AK,AZ,D
14:46:08,MYOR,RG,2450,18,F,ZP,AZ,D
14:46:08,MYOR,RG,2440,20,D,YU,CC,D
14:45:53,MYOR,RG,2450,6,F,AK,AZ,D
14:45:53,MYOR,RG,2440,42,D,YU,OD,D
14:45:53,MYOR,RG,2440,1,F,AK,OD,D
14:45:53,MYOR,RG,2440,14,F,BK,OD,D
14:45:40,MYOR,RG,2450,100,D,YU,AZ,D
14:45:28,MYOR,RG,2450,10,D,YU,AZ,D
14:45:26,MYOR,RG,2450,10,D,YU,AZ,D
14:45:25,MYOR,RG,2450,10,D,YU,AZ,D
14:45:23,MYOR,RG,2450,10,D,YU,AZ,D
14:45:19,MYOR,RG,2450,1,D,YU,AZ,D
14:45:16,MYOR,RG,2450,1,D,YU,AZ,D
14:45:14,MYOR,RG,2450,1,D,YU,AZ,D
14:45:11,MYOR,RG,2450,7,F,AK,AZ,D
14:45:11,MYOR,RG,2450,109,F,AK,AZ,D
14:44:52,MYOR,RG,2450,17,F,ZP,AZ,D
14:44:52,MYOR,RG,2440,134,F,BK,AT,D
14:44:52,MYOR,RG,2440,200,D,YU,AT,D
14:44:52,MYOR,RG,2440,23,F,ZP,AT,D
14:44:52,MYOR,RG,2440,2,F,AK,AT,D
14:44:52,MYOR,RG,2440,2,F,AK,AT,D
14:44:52,MYOR,RG,2440,2,F,AK,AT,D
14:44:52,MYOR,RG,2440,1,D,YU,AT,D
14:44:52,MYOR,RG,2440,1,F,CC,AT,D
14:44:52,MYOR,RG,2440,80,F,AK,AT,D
14:44:52,MYOR,RG,2440,2,D,YP,AT,D
14:44:52,MYOR,RG,2440,1,D,NI,AT,D
14:44:52,MYOR,RG,2440,100,D,RG,AT,D
14:44:52,MYOR,RG,2440,7,D,XC,AT,D
14:44:52,MYOR,RG,2440,50,D,YP,AT,D
14:44:52,MYOR,RG,2440,10,D,GR,AT,D
14:44:52,MYOR,RG,2440,1,D,KK,AT,D
14:44:52,MYOR,RG,2440,20,D,EP,AT,D
14:44:52,MYOR,RG,2440,1,D,PD,AT,D
14:44:52,MYOR,RG,2440,10,D,NI,AT,D
14:44:52,MYOR,RG,2440,1,D,GR,AT,D
14:44:52,MYOR,RG,2440,1,F,ZP,AT,D
14:44:47,MYOR,RG,2450,1,F,AK,AZ,D
14:44:45,MYOR,RG,2450,19,F,ZP,AZ,D
14:44:07,MYOR,RG,2450,3,F,AK,AZ,D
14:43:59,MYOR,RG,2450,19,F,ZP,AZ,D
14:43:45,MYOR,RG,2450,19,F,ZP,AZ,D
14:42:59,MYOR,RG,2450,3,F,AK,AZ,D
14:42:59,MYOR,RG,2450,28,F,ZP,AZ,D
14:42:04,MYOR,RG,2450,1,D,GR,AZ,D
14:42:01,MYOR,RG,2440,5,F,ZP,CC,D
14:41:30,MYOR,RG,2440,3,F,ZP,YU,D
14:41:30,MYOR,RG,2450,19,F,AK,AZ,D
14:41:30,MYOR,RG,2440,6,F,ZP,YP,D
14:41:15,MYOR,RG,2450,40,D,PD,AZ,D
14:41:08,MYOR,RG,2450,17,F,ZP,AZ,D
14:41:08,MYOR,RG,2440,3,F,ZP,OD,D
14:41:08,MYOR,RG,2440,1,D,XC,OD,D
14:41:08,MYOR,RG,2440,10,D,OD,OD,D
14:41:08,MYOR,RG,2440,1,F,AK,OD,D
14:41:08,MYOR,RG,2440,3,F,AK,OD,D
14:41:08,MYOR,RG,2440,18,F,ZP,OD,D
14:41:08,MYOR,RG,2440,14,F,CC,OD,D
14:41:03,MYOR,RG,2450,1,D,YU,AZ,D
14:41:00,MYOR,RG,2450,18,D,YU,AZ,D
14:40:59,MYOR,RG,2440,35,F,ZP,OD,D
14:40:59,MYOR,RG,2440,5,D,XC,OD,D
14:40:59,MYOR,RG,2440,57,F,ZP,OD,D
14:40:59,MYOR,RG,2440,1,F,AK,OD,D
14:40:59,MYOR,RG,2440,2,F,AK,OD,D
14:40:50,MYOR,RG,2450,1,D,YU,AZ,D
14:40:40,MYOR,RG,2450,67,F,ZP,AZ,D
14:40:08,MYOR,RG,2450,19,F,ZP,AZ,D
14:40:08,MYOR,RG,2440,7,D,YU,XL,D
14:40:00,MYOR,RG,2450,285,D,YU,AZ,D
14:40:00,MYOR,RG,2450,9,D,YU,AZ,D
14:40:00,MYOR,RG,2450,14,D,YU,CC,F
14:40:00,MYOR,RG,2450,1,D,YU,AK,F
14:40:00,MYOR,RG,2450,8,D,YU,SH,D
14:40:00,MYOR,RG,2450,13,D,YU,AK,F
14:39:46,MYOR,RG,2450,2,D,CC,AK,F
14:39:27,MYOR,RG,2450,20,D,AZ,AK,F
14:39:20,MYOR,RG,2450,18,F,ZP,AK,F
14:39:20,MYOR,RG,2450,1,D,XL,AK,F
14:39:11,MYOR,RG,2450,18,F,ZP,AK,F
14:39:00,MYOR,RG,2450,57,D,YU,AK,F
14:39:00,MYOR,RG,2450,37,D,YU,CC,F
14:39:00,MYOR,RG,2450,1,D,YU,CC,D
14:39:00,MYOR,RG,2450,34,D,YU,AK,F
14:39:00,MYOR,RG,2450,332,D,YU,AZ,D
14:39:00,MYOR,RG,2450,74,D,YU,AZ,D
14:38:45,MYOR,RG,2450,58,F,ZP,AZ,D
14:38:31,MYOR,RG,2450,3,D,ZP,AZ,D
14:38:10,MYOR,RG,2450,18,F,ZP,AZ,D
14:38:00,MYOR,RG,2450,45,D,YU,AZ,D
14:38:00,MYOR,RG,2450,283,D,YU,AZ,D
14:37:10,MYOR,RG,2450,10,F,AK,AZ,D
14:37:09,MYOR,RG,2450,19,F,ZP,AZ,D
14:37:00,MYOR,RG,2450,158,D,YU,AZ,D
14:37:00,MYOR,RG,2450,1,D,YU,YU,D
14:37:00,MYOR,RG,2450,75,D,YU,OD,D
14:37:00,MYOR,RG,2450,28,D,YU,AK,F
14:37:00,MYOR,RG,2450,126,D,YU,DX,D
14:37:00,MYOR,RG,2450,3,D,YU,DX,D
14:37:00,MYOR,RG,2450,62,D,YU,DX,D
14:36:50,MYOR,RG,2450,59,F,ZP,DX,D
14:36:50,MYOR,RG,2450,2,F,ZP,CC,F
14:36:19,MYOR,RG,2450,1,D,KK,CC,F
14:36:09,MYOR,RG,2450,18,F,ZP,CC,F
14:36:00,MYOR,RG,2450,16,D,YU,CC,F
14:36:00,MYOR,RG,2450,360,D,YU,AZ,D
14:36:00,MYOR,RG,2450,60,D,YU,AZ,D
14:35:08,MYOR,RG,2450,18,F,ZP,AZ,D
14:35:00,MYOR,RG,2450,54,D,YU,AZ,D
14:35:00,MYOR,RG,2450,340,D,YU,AZ,D
14:34:55,MYOR,RG,2450,64,F,ZP,AZ,D
14:34:51,MYOR,RG,2450,1,D,PD,AZ,D
14:34:37,MYOR,RG,2450,19,F,ZP,AZ,D
14:34:00,MYOR,RG,2450,75,D,YU,AZ,D
14:34:00,MYOR,RG,2450,9,D,YU,AZ,D
14:34:00,MYOR,RG,2450,33,D,YU,CC,F
14:34:00,MYOR,RG,2450,108,D,YU,CC,F
14:34:00,MYOR,RG,2450,50,D,YU,CC,F
14:34:00,MYOR,RG,2450,36,D,YU,CC,F
14:34:00,MYOR,RG,2450,227,D,YU,AZ,D
14:33:26,MYOR,RG,2450,18,F,ZP,AZ,D
14:33:21,MYOR,RG,2450,19,F,ZP,AZ,D
14:33:00,MYOR,RG,2450,25,F,ZP,AZ,D
14:33:00,MYOR,RG,2450,2,D,YU,AZ,D
14:33:00,MYOR,RG,2450,42,D,YU,AZ,D
14:33:00,MYOR,RG,2450,211,D,YU,AZ,D
14:33:00,MYOR,RG,2450,4,D,YU,CC,F
14:33:00,MYOR,RG,2450,26,D,YU,AK,F
14:33:00,MYOR,RG,2450,26,D,YU,AZ,D
14:32:18,MYOR,RG,2450,10,D,YP,AZ,D
14:32:00,MYOR,RG,2450,331,D,YU,AZ,D
14:31:17,MYOR,RG,2450,18,F,ZP,AZ,D
14:31:17,MYOR,RG,2440,6,D,YU,PD,D
14:31:05,MYOR,RG,2450,213,F,ZP,AZ,D
14:31:02,MYOR,RG,2450,15,D,XL,AZ,D
14:31:00,MYOR,RG,2450,59,D,YU,AZ,D
14:31:00,MYOR,RG,2450,34,D,YU,AZ,D
14:30:47,MYOR,RG,2450,16,F,ZP,AZ,D
14:30:46,MYOR,RG,2440,1,D,YU,XC,D
14:30:46,MYOR,RG,2440,1,D,YU,XC,D
14:30:46,MYOR,RG,2440,96,D,YU,XC,D
14:30:00,MYOR,RG,2450,183,D,YU,AZ,D
14:30:00,MYOR,RG,2450,29,D,YU,AZ,D
14:29:17,MYOR,RG,2450,18,F,ZP,AZ,D
14:29:01,MYOR,RG,2450,14,F,ZP,AZ,D
14:29:00,MYOR,RG,2450,265,D,YU,AZ,D
14:29:00,MYOR,RG,2450,42,D,YU,AZ,D
14:28:00,MYOR,RG,2450,30,D,YU,AZ,D
14:28:00,MYOR,RG,2450,187,D,YU,AZ,D
14:27:38,MYOR,RG,2440,80,D,YU,HP,D
14:27:38,MYOR,RG,2440,2,F,AK,HP,D
14:27:38,MYOR,RG,2440,3,F,AK,HP,D
14:27:38,MYOR,RG,2440,1,F,ZP,HP,D
14:27:01,MYOR,RG,2450,12,F,ZP,AZ,D
14:27:00,MYOR,RG,2450,48,D,YU,AZ,D
14:27:00,MYOR,RG,2450,302,D,YU,AZ,D
14:26:47,MYOR,RG,2450,1,F,AK,AZ,D
14:26:47,MYOR,RG,2450,10,F,ZP,AZ,D
14:26:47,MYOR,RG,2450,18,F,ZP,AZ,D
14:26:47,MYOR,RG,2450,119,F,AK,AZ,D
14:26:32,MYOR,RG,2450,5,F,AK,CC,F
14:26:32,MYOR,RG,2450,12,F,ZP,CC,F
14:26:32,MYOR,RG,2450,6,F,ZP,CC,F
14:26:32,MYOR,RG,2450,6,D,AZ,CC,F
14:26:32,MYOR,RG,2450,1,D,AZ,CC,F
14:26:32,MYOR,RG,2450,1,D,AZ,CC,F
14:26:32,MYOR,RG,2450,32,D,AZ,CC,F
14:26:32,MYOR,RG,2450,23,D,AZ,CC,F
14:26:32,MYOR,RG,2450,27,D,AZ,CC,F
14:26:32,MYOR,RG,2450,105,D,AZ,CC,F
14:26:32,MYOR,RG,2450,1,D,AZ,XC,D
14:26:32,MYOR,RG,2450,8,D,AZ,AK,F
14:26:27,MYOR,RG,2450,15,F,AK,AK,F
14:26:27,MYOR,RG,2450,36,F,AK,CC,F
14:26:27,MYOR,RG,2450,1,F,AK,YU,D
14:26:27,MYOR,RG,2450,1,F,AK,XC,D
14:26:27,MYOR,RG,2450,1,F,AK,CC,F
14:26:27,MYOR,RG,2450,5,F,AK,HP,D
14:26:27,MYOR,RG,2450,34,F,AK,AK,F
14:26:27,MYOR,RG,2450,250,F,AK,DX,D
14:26:27,MYOR,RG,2450,337,F,AK,AZ,D
14:26:27,MYOR,RG,2450,680,F,AK,AZ,D
14:26:26,MYOR,RG,2450,483,F,AK,AZ,D
14:26:26,MYOR,RG,2450,5,F,AK,XC,D
14:26:26,MYOR,RG,2450,3,F,AK,CC,F
14:26:26,MYOR,RG,2450,14,F,AK,CC,F
14:26:26,MYOR,RG,2450,10,F,AK,PD,D
14:26:26,MYOR,RG,2450,100,F,AK,OD,D
14:26:26,MYOR,RG,2450,65,F,AK,AZ,D
14:26:26,MYOR,RG,2450,58,F,ZP,AZ,D
14:26:17,MYOR,RG,2450,240,D,PD,AZ,D
14:26:08,MYOR,RG,2450,18,F,ZP,AZ,D
14:26:00,MYOR,RG,2450,219,D,YU,AZ,D
14:26:00,MYOR,RG,2450,16,D,YU,CC,F
14:26:00,MYOR,RG,2450,33,D,YU,CC,F
14:26:00,MYOR,RG,2450,1,D,YU,YU,D
14:26:00,MYOR,RG,2450,4,D,YU,CC,F
14:25:37,MYOR,RG,2450,2,D,KK,CC,F
14:25:06,MYOR,RG,2450,2,D,PD,CC,F
14:25:00,MYOR,RG,2450,91,D,YU,CC,F
14:25:00,MYOR,RG,2450,120,D,YU,AZ,D
14:25:00,MYOR,RG,2450,34,D,YU,AZ,D
14:24:59,MYOR,RG,2450,5,D,DH,AZ,D
14:24:29,MYOR,RG,2450,18,F,ZP,AZ,D
14:24:06,MYOR,RG,2450,20,D,XL,AZ,D
14:24:01,MYOR,RG,2450,1,D,NI,AZ,D
14:23:42,MYOR,RG,2450,78,F,ZP,AZ,D
14:23:15,MYOR,RG,2450,10,D,XC,AZ,D
14:23:14,MYOR,RG,2450,1,F,ZP,AZ,D
14:23:12,MYOR,RG,2450,19,F,ZP,AZ,D
14:23:12,MYOR,RG,2450,1,D,NI,AZ,D
14:22:25,MYOR,RG,2450,2,D,YU,AZ,D
14:22:25,MYOR,RG,2450,284,D,YU,AZ,D
14:22:25,MYOR,RG,2450,45,D,YU,AZ,D
14:22:10,MYOR,RG,2450,5,D,YU,AZ,D
14:22:08,MYOR,RG,2450,132,D,YU,AZ,D
14:22:06,MYOR,RG,2450,225,D,YU,AZ,D
14:22:06,MYOR,RG,2450,1,D,YU,YU,D
14:22:06,MYOR,RG,2450,13,D,YU,XL,D
14:22:06,MYOR,RG,2450,5,D,YU,CC,D
14:22:06,MYOR,RG,2450,100,D,YU,PD,D
14:22:06,MYOR,RG,2450,20,D,YU,PD,D
14:22:06,MYOR,RG,2450,31,D,YU,CC,F
14:22:06,MYOR,RG,2450,3,D,YU,PD,D
14:22:06,MYOR,RG,2450,102,D,YU,YP,D
14:21:55,MYOR,RG,2450,129,F,AK,YP,D
14:20:58,MYOR,RG,2450,56,F,ZP,YP,D
14:20:10,MYOR,RG,2440,1,D,LG,HP,D
14:20:07,MYOR,RG,2440,3,F,ZP,HP,D
14:19:51,MYOR,RG,2440,1,F,AK,OD,D
14:19:51,MYOR,RG,2440,1,F,AK,OD,D
14:19:51,MYOR,RG,2440,3,F,ZP,OD,D
14:19:51,MYOR,RG,2440,19,F,ZP,OD,D
14:19:51,MYOR,RG,2440,19,F,ZP,OD,D
14:19:51,MYOR,RG,2440,7,D,AK,OD,D
14:18:31,MYOR,RG,2450,5,D,XL,YP,D
14:18:20,MYOR,RG,2440,5,D,AK,SQ,D
14:18:19,MYOR,RG,2440,36,D,AK,OD,D
14:18:19,MYOR,RG,2440,39,D,AK,OD,D
14:18:19,MYOR,RG,2440,8,D,AK,DX,D
14:18:19,MYOR,RG,2440,66,D,AK,DX,D
14:18:19,MYOR,RG,2440,46,D,AK,DX,D
14:18:19,MYOR,RG,2440,138,D,AK,DX,D
14:18:19,MYOR,RG,2440,20,D,AK,AK,F
14:18:19,MYOR,RG,2440,12,D,AK,DX,D
14:18:19,MYOR,RG,2440,202,D,AK,DX,D
14:18:19,MYOR,RG,2440,19,F,ZP,DX,D
14:18:19,MYOR,RG,2440,17,D,AK,DX,D
14:18:19,MYOR,RG,2440,50,D,AK,OD,D
14:18:19,MYOR,RG,2440,51,D,AK,DX,D
14:18:18,MYOR,RG,2440,103,D,AK,DX,D
14:18:07,MYOR,RG,2440,19,F,ZP,DX,D
14:18:05,MYOR,RG,2430,197,D,XL,YB,D
14:18:05,MYOR,RG,2430,10,D,YP,YB,D
14:18:05,MYOR,RG,2430,2,F,AK,YB,D
14:18:05,MYOR,RG,2430,1,D,XL,YB,D
14:18:05,MYOR,RG,2430,2,D,LG,YB,D
14:18:05,MYOR,RG,2430,2,D,XC,YB,D
14:18:05,MYOR,RG,2430,1,D,PD,YB,D
14:18:05,MYOR,RG,2430,1,D,XC,YB,D
14:18:05,MYOR,RG,2430,1,D,XC,YB,D
14:18:05,MYOR,RG,2430,1,D,XC,YB,D
14:18:05,MYOR,RG,2430,3,D,YP,YB,D
14:18:05,MYOR,RG,2430,10,D,EP,YB,D
14:18:05,MYOR,RG,2430,2,D,CC,YB,D
14:18:05,MYOR,RG,2430,1,D,XC,YB,D
14:18:05,MYOR,RG,2430,30,D,XA,YB,D
14:18:05,MYOR,RG,2430,5,D,AZ,YB,D
14:18:05,MYOR,RG,2430,30,D,XA,YB,D
14:18:05,MYOR,RG,2430,50,D,CC,YB,D
14:18:05,MYOR,RG,2430,3,D,CC,YB,D
14:18:05,MYOR,RG,2430,10,D,YP,YB,D
14:18:05,MYOR,RG,2430,13,D,HP,YB,D
14:18:05,MYOR,RG,2430,35,D,CP,YB,D
14:18:05,MYOR,RG,2430,1,D,YP,YB,D
14:18:05,MYOR,RG,2430,10,D,CC,YB,D
14:18:05,MYOR,RG,2430,16,D,NI,YB,D
14:18:05,MYOR,RG,2430,2,D,YB,YB,D
14:18:05,MYOR,RG,2430,1,D,LG,YB,D
14:18:05,MYOR,RG,2430,8,D,LG,YB,D
14:18:05,MYOR,RG,2430,2,D,LG,YB,D
14:18:05,MYOR,RG,2430,62,D,YP,YB,D
14:18:00,MYOR,RG,2440,1,F,AK,DX,D
14:17:39,MYOR,RG,2430,2,D,YP,YP,D
14:17:16,MYOR,RG,2430,2,D,YP,YU,D
14:16:57,MYOR,RG,2440,1,D,YB,DX,D
14:16:17,MYOR,RG,2440,10,D,XC,DX,D
14:16:15,MYOR,RG,2440,1,F,AK,DX,D
14:15:24,MYOR,RG,2440,18,F,ZP,DX,D
14:15:05,MYOR,RG,2440,1,D,KK,DX,D
14:14:30,MYOR,RG,2440,1,F,AK,DX,D
14:14:11,MYOR,RG,2440,5,D,AZ,DX,D
14:13:37,MYOR,RG,2440,6,D,XC,DX,D
14:13:00,MYOR,RG,2440,1,F,AK,DX,D
14:12:40,MYOR,RG,2430,20,D,YP,HP,D
14:12:35,MYOR,RG,2440,21,D,PD,DX,D
14:12:31,MYOR,RG,2440,11,F,ZP,DX,D
14:12:31,MYOR,RG,2440,6,F,ZP,AK,F
14:12:01,MYOR,RG,2430,8,D,YP,HP,D
14:11:58,MYOR,RG,2430,6,D,YP,OD,D
14:11:58,MYOR,RG,2430,3,D,XC,OD,D
14:11:58,MYOR,RG,2430,29,F,ZP,OD,D
14:11:58,MYOR,RG,2430,1,D,PD,OD,D
14:11:58,MYOR,RG,2430,1,D,PD,OD,D
14:11:58,MYOR,RG,2430,1,D,XC,OD,D
14:11:58,MYOR,RG,2430,15,D,PD,OD,D
14:11:58,MYOR,RG,2430,5,D,PD,OD,D
14:11:58,MYOR,RG,2430,1,D,XC,OD,D
14:11:58,MYOR,RG,2430,2,D,AZ,OD,D
14:11:58,MYOR,RG,2430,3,D,XL,OD,D
14:11:58,MYOR,RG,2430,1,D,LG,OD,D
14:11:58,MYOR,RG,2430,6,D,EP,OD,D
14:11:58,MYOR,RG,2430,20,D,SQ,OD,D
14:11:58,MYOR,RG,2430,6,D,YP,OD,D
14:11:22,MYOR,RG,2440,3,F,ZP,AK,F
14:11:17,MYOR,RG,2430,24,D,YP,HP,D
14:11:09,MYOR,RG,2440,18,F,ZP,AK,F
14:11:09,MYOR,RG,2430,2,D,YP,HP,D
14:11:00,MYOR,RG,2440,1,F,AK,AK,F
14:10:22,MYOR,RG,2440,1,F,ZP,AK,F
14:10:18,MYOR,RG,2440,1,F,ZP,AK,F
14:10:18,MYOR,RG,2440,16,F,ZP,AK,F
14:10:18,MYOR,RG,2440,2,F,ZP,AK,F
14:10:07,MYOR,RG,2440,14,F,ZP,AK,F
14:09:56,MYOR,RG,2440,12,F,BK,AK,F
14:09:52,MYOR,RG,2440,12,F,ZP,AK,F
14:09:52,MYOR,RG,2440,9,F,ZP,HP,D
14:09:49,MYOR,RG,2430,3,D,YP,HP,D
14:09:47,MYOR,RG,2440,1,F,AK,HP,D
14:09:47,MYOR,RG,2440,1,F,AK,HP,D
14:09:47,MYOR,RG,2440,2,F,AK,HP,D
14:09:47,MYOR,RG,2440,4,D,AK,HP,D
14:09:47,MYOR,RG,2440,1,D,AK,YU,D
14:09:47,MYOR,RG,2440,60,D,AK,CC,D
14:09:47,MYOR,RG,2440,6,D,AK,YB,D
14:09:47,MYOR,RG,2440,42,D,AK,OD,D
14:09:47,MYOR,RG,2440,8,D,AK,OD,D
14:09:47,MYOR,RG,2440,50,D,AK,DX,D
14:09:47,MYOR,RG,2440,5,F,AK,DX,D
14:09:47,MYOR,RG,2440,26,D,AK,DX,D
14:09:46,MYOR,RG,2440,66,D,AK,DX,D
14:09:46,MYOR,RG,2440,64,D,AK,DX,D
14:09:46,MYOR,RG,2440,9,F,AK,DX,D
14:09:46,MYOR,RG,2440,27,D,AK,DX,D
14:09:46,MYOR,RG,2440,3,D,AK,DX,D
14:09:46,MYOR,RG,2440,28,D,AK,YP,D
14:09:46,MYOR,RG,2440,2,D,AK,YP,D
14:09:46,MYOR,RG,2440,39,D,AK,SQ,D
14:09:46,MYOR,RG,2440,1,D,AK,PD,D
14:09:46,MYOR,RG,2440,17,D,AK,AK,F
14:09:46,MYOR,RG,2440,6,D,AK,AK,F
14:09:41,MYOR,RG,2430,16,D,YP,HP,D
14:09:22,MYOR,RG,2440,2,F,ZP,AK,F
14:09:13,MYOR,RG,2440,18,F,ZP,AK,F
14:09:13,MYOR,RG,2440,1,D,XL,AK,F
14:09:00,MYOR,RG,2440,1,F,AK,AK,F
14:08:48,MYOR,RG,2430,2,D,YP,HP,D
14:08:22,MYOR,RG,2440,12,F,ZP,AK,F
14:08:20,MYOR,RG,2430,80,D,YP,HP,D
14:08:20,MYOR,RG,2430,1,D,LG,HP,D
14:08:14,MYOR,RG,2440,29,D,KK,BK,F
14:08:14,MYOR,RG,2440,71,D,KK,DX,D
14:07:22,MYOR,RG,2440,1,F,ZP,DX,D
14:07:06,MYOR,RG,2440,1,D,XL,DX,D
14:05:52,MYOR,RG,2440,1,F,ZP,DX,D
14:05:44,MYOR,RG,2440,20,D,XL,DX,D
14:05:07,MYOR,RG,2440,2,F,ZP,DX,D
14:04:51,MYOR,RG,2440,28,D,YP,DX,D
14:04:37,MYOR,RG,2440,3,F,ZP,DX,D
14:04:27,MYOR,RG,2440,65,D,AK,DX,D
14:04:27,MYOR,RG,2440,25,D,AK,DX,D
14:04:27,MYOR,RG,2440,18,F,ZP,DX,D
14:04:27,MYOR,RG,2440,2,F,ZP,DX,D
14:04:27,MYOR,RG,2440,1,D,XL,DX,D
14:04:27,MYOR,RG,2440,1,D,XC,DX,D
14:04:27,MYOR,RG,2440,11,F,ZP,DX,D
14:03:20,MYOR,RG,2440,8,F,ZP,EP,D
14:03:20,MYOR,RG,2440,1,D,XL,EP,D
14:03:20,MYOR,RG,2440,3,D,SQ,EP,D
14:03:06,MYOR,RG,2440,2,D,SQ,YU,D
14:02:55,MYOR,RG,2440,5,D,SQ,CP,D
14:02:55,MYOR,RG,2440,2,F,ZP,CP,D
14:02:13,MYOR,RG,2440,1,F,ZP,XC,D
14:00:29,MYOR,RG,2440,43,D,AK,OD,D
14:00:29,MYOR,RG,2440,5,F,ZP,OD,D
14:00:29,MYOR,RG,2440,1,D,AK,OD,D
14:00:29,MYOR,RG,2440,1,D,AK,OD,D
14:00:22,MYOR,RG,2450,22,F,ZP,YP,D
14:00:17,MYOR,RG,2440,101,D,AK,BK,F
14:00:17,MYOR,RG,2440,60,D,AK,BK,F
14:00:17,MYOR,RG,2440,19,F,ZP,BK,F
14:00:17,MYOR,RG,2440,1,D,AK,BK,F
14:00:17,MYOR,RG,2440,4,F,ZP,BK,F
14:00:17,MYOR,RG,2440,2,D,AK,BK,F
14:00:17,MYOR,RG,2440,1,D,AK,BK,F
14:00:17,MYOR,RG,2440,1,D,AK,BK,F
14:00:17,MYOR,RG,2440,62,D,AK,DX,D
14:00:17,MYOR,RG,2440,34,D,AK,DX,D
14:00:17,MYOR,RG,2440,27,D,AK,DX,D
14:00:16,MYOR,RG,2440,1,D,AK,DX,D
14:00:16,MYOR,RG,2440,1,D,AK,DX,D
14:00:16,MYOR,RG,2440,1,D,AK,DX,D
14:00:16,MYOR,RG,2440,1,D,AK,DX,D
14:00:16,MYOR,RG,2440,1,F,AK,DX,D
14:00:16,MYOR,RG,2440,1,D,AK,DX,D
14:00:16,MYOR,RG,2440,1,D,AK,DX,D
14:00:16,MYOR,RG,2440,5,D,XC,DX,D
14:00:16,MYOR,RG,2440,4,D,LG,DX,D
14:00:16,MYOR,RG,2440,1,D,CC,DX,D
14:00:16,MYOR,RG,2440,1,D,XL,DX,D
14:00:16,MYOR,RG,2440,10,D,NI,DX,D
14:00:16,MYOR,RG,2440,3,D,LG,DX,D
14:00:16,MYOR,RG,2440,1,D,AK,DX,D
14:00:16,MYOR,RG,2440,18,F,ZP,DX,D
14:00:16,MYOR,RG,2440,1,D,AK,DX,D
14:00:16,MYOR,RG,2440,9,F,BK,DX,D
14:00:16,MYOR,RG,2440,2,D,XC,DX,D
14:00:16,MYOR,RG,2440,1,D,AK,DX,D
14:00:16,MYOR,RG,2440,1,D,AK,DX,D
14:00:16,MYOR,RG,2440,5,D,YP,DX,D
14:00:16,MYOR,RG,2440,41,D,XC,DX,D
14:00:16,MYOR,RG,2440,5,F,ZP,DX,D
14:00:16,MYOR,RG,2440,1,D,AK,DX,D
14:00:16,MYOR,RG,2440,1,F,AK,DX,D
14:00:16,MYOR,RG,2440,1,D,AK,DX,D
14:00:16,MYOR,RG,2440,1,D,AK,DX,D
14:00:16,MYOR,RG,2440,8,F,ZP,DX,D
14:00:08,MYOR,RG,2450,19,F,ZP,YP,D
13:59:58,MYOR,RG,2450,1,D,XC,YP,D
13:59:43,MYOR,RG,2450,1,D,PD,YP,D
13:59:37,MYOR,RG,2450,1,F,ZP,YP,D
13:59:29,MYOR,RG,2450,4,D,LG,YP,D
13:58:22,MYOR,RG,2450,1,F,ZP,EP,D
13:58:15,MYOR,RG,2450,18,F,ZP,EP,D
13:56:52,MYOR,RG,2450,1,F,ZP,EP,D
13:56:52,MYOR,RG,2450,3,F,ZP,CC,F
13:56:44,MYOR,RG,2440,10,F,ZP,OD,D
13:56:44,MYOR,RG,2440,1,D,AK,OD,D
13:56:44,MYOR,RG,2440,1,D,AK,OD,D
13:56:44,MYOR,RG,2440,1,D,AK,OD,D
13:56:44,MYOR,RG,2440,1,D,AK,OD,D
13:56:44,MYOR,RG,2440,1,F,AK,OD,D
13:56:44,MYOR,RG,2440,1,F,AK,OD,D
13:56:44,MYOR,RG,2440,34,D,YP,OD,D
13:56:20,MYOR,RG,2450,1,F,ZP,CC,F
13:56:20,MYOR,RG,2450,18,F,ZP,YP,D
13:54:30,MYOR,RG,2450,5,D,AZ,YP,D
13:54:30,MYOR,RG,2450,5,D,AZ,XC,D
13:54:21,MYOR,RG,2450,15,F,ZP,CC,F
13:54:21,MYOR,RG,2450,4,F,ZP,EP,D
13:53:30,MYOR,RG,2440,2,D,YP,YU,D
13:52:43,MYOR,RG,2450,6,D,LG,EP,D
13:52:43,MYOR,RG,2450,11,D,LG,OD,D
13:51:40,MYOR,RG,2450,1,D,XC,OD,D
13:50:32,MYOR,RG,2440,9,D,YP,KK,D
13:50:32,MYOR,RG,2440,1,D,ZP,KK,D
13:49:21,MYOR,RG,2440,1,D,ZP,IF,D
13:48:47,MYOR,RG,2440,170,D,ZP,DR,D
13:48:46,MYOR,RG,2440,23,D,ZP,OD,D
13:48:46,MYOR,RG,2440,1,D,AK,OD,D
13:48:46,MYOR,RG,2440,1,D,AK,OD,D
13:48:46,MYOR,RG,2440,1,D,AK,OD,D
13:48:46,MYOR,RG,2440,10,D,CP,OD,D
13:48:46,MYOR,RG,2440,3,D,AK,OD,D
13:48:46,MYOR,RG,2440,4,D,AK,OD,D
13:48:46,MYOR,RG,2440,7,F,ZP,OD,D
13:47:46,MYOR,RG,2440,16,F,ZP,XA,D
13:47:46,MYOR,RG,2440,1,F,AK,XA,D
13:47:46,MYOR,RG,2440,2,D,AK,XA,D
13:47:46,MYOR,RG,2440,1,D,AK,XA,D
13:47:46,MYOR,RG,2440,2,D,AK,XA,D
13:47:46,MYOR,RG,2440,1,D,AK,XA,D
13:47:46,MYOR,RG,2440,1,D,AK,XA,D
13:47:46,MYOR,RG,2440,1,D,AK,XA,D
13:47:46,MYOR,RG,2440,1,D,AK,XA,D
13:47:46,MYOR,RG,2440,1,D,AK,XA,D
13:47:46,MYOR,RG,2440,1,D,AK,XA,D
13:47:46,MYOR,RG,2440,1,D,AK,XA,D
13:47:46,MYOR,RG,2440,1,D,AK,XA,D
13:47:46,MYOR,RG,2440,1,F,AK,XA,D
13:47:46,MYOR,RG,2440,1,F,AK,XA,D
13:47:46,MYOR,RG,2440,18,D,CP,XA,D
13:47:43,MYOR,RG,2450,1,D,PD,OD,D
13:47:41,MYOR,RG,2440,3,D,CP,DH,D
13:47:07,MYOR,RG,2450,6,F,ZP,OD,D
13:47:05,MYOR,RG,2450,11,F,ZP,OD,D
13:47:03,MYOR,RG,2440,1,D,CP,DX,D
13:47:03,MYOR,RG,2440,200,D,AZ,DX,D
13:47:03,MYOR,RG,2440,10,D,OD,DX,D
13:47:03,MYOR,RG,2440,1,D,YP,DX,D
13:47:03,MYOR,RG,2440,1,D,XC,DX,D
13:47:03,MYOR,RG,2440,18,F,ZP,DX,D
13:47:03,MYOR,RG,2440,19,F,ZP,DX,D
13:46:23,MYOR,RG,2450,18,F,ZP,OD,D
13:45:21,MYOR,RG,2440,2,F,ZP,DH,D
13:45:08,MYOR,RG,2450,1,F,ZP,OD,D
13:45:08,MYOR,RG,2450,1,F,ZP,OD,D
13:45:08,MYOR,RG,2450,10,F,ZP,NI,D
13:45:08,MYOR,RG,2450,8,F,ZP,EP,D
13:43:22,MYOR,RG,2450,2,F,ZP,EP,D
13:43:19,MYOR,RG,2450,3,F,ZP,EP,D
13:43:18,MYOR,RG,2450,3,F,ZP,EP,D
13:43:18,MYOR,RG,2450,3,F,ZP,PD,D
13:43:18,MYOR,RG,2450,1,F,ZP,YU,D
13:43:18,MYOR,RG,2450,1,F,ZP,YU,D
13:43:18,MYOR,RG,2450,11,F,ZP,CC,F
13:43:08,MYOR,RG,2440,16,D,AK,AK,F
13:43:08,MYOR,RG,2440,12,D,AK,DX,D
13:43:08,MYOR,RG,2440,30,D,AK,DX,D
13:43:07,MYOR,RG,2440,1,F,ZP,DX,D
13:42:52,MYOR,RG,2440,1,F,ZP,DX,D
13:42:51,MYOR,RG,2440,20,D,CP,DX,D
13:42:11,MYOR,RG,2440,18,F,ZP,DX,D
13:40:39,MYOR,RG,2440,1,D,LG,DX,D
13:40:39,MYOR,RG,2440,1,F,AK,DX,D
13:40:38,MYOR,RG,2440,5,D,XC,DX,D
13:40:38,MYOR,RG,2440,1,D,KK,DX,D
13:40:38,MYOR,RG,2440,12,F,ZP,DX,D
13:40:38,MYOR,RG,2440,10,D,OD,DX,D
13:40:38,MYOR,RG,2440,1,F,AK,DX,D
13:40:38,MYOR,RG,2440,18,F,ZP,DX,D
13:40:38,MYOR,RG,2440,117,F,AK,DX,D
13:40:38,MYOR,RG,2440,2,F,ZP,DX,D
13:39:37,MYOR,RG,2450,2,F,ZP,CC,F
13:39:27,MYOR,RG,2440,16,F,ZP,YP,D
13:39:27,MYOR,RG,2440,1,F,ZP,YP,D
13:39:27,MYOR,RG,2440,8,D,KK,YP,D
13:39:24,MYOR,RG,2450,7,F,ZP,CC,F
13:39:24,MYOR,RG,2450,12,F,ZP,DX,D
13:38:37,MYOR,RG,2450,1,F,ZP,DX,D
13:38:26,MYOR,RG,2440,15,D,KK,YP,D
13:38:08,MYOR,RG,2440,2,D,KK,YP,D
13:38:01,MYOR,RG,2450,1,D,CC,DX,D
13:37:37,MYOR,RG,2450,2,F,ZP,DX,D
13:37:28,MYOR,RG,2450,10,D,OD,DX,D
13:37:22,MYOR,RG,2450,18,F,ZP,DX,D
13:37:22,MYOR,RG,2450,2,F,ZP,DX,D
13:37:17,MYOR,RG,2450,18,F,ZP,DX,D
13:37:17,MYOR,RG,2450,10,D,OD,DX,D
13:36:37,MYOR,RG,2450,1,F,ZP,DX,D
13:36:28,MYOR,RG,2440,1,F,BK,YU,D
13:36:28,MYOR,RG,2440,12,F,BK,OD,D
13:36:22,MYOR,RG,2440,4,F,ZP,OD,D
13:36:18,MYOR,RG,2440,4,F,BK,OD,D
13:36:09,MYOR,RG,2440,30,F,BK,OD,D
13:36:09,MYOR,RG,2440,20,F,BK,AR,D
13:36:09,MYOR,RG,2440,9,F,BK,AK,F
13:36:09,MYOR,RG,2440,2,D,XC,AK,F
13:36:07,MYOR,RG,2440,1,F,ZP,AK,F
13:35:55,MYOR,RG,2440,6,F,BK,AK,F
13:35:16,MYOR,RG,2440,1,D,XC,AK,F
13:34:35,MYOR,RG,2440,1,D,XC,AK,F
13:34:07,MYOR,RG,2440,1,F,ZP,AK,F
13:33:52,MYOR,RG,2440,2,F,ZP,AK,F
13:33:52,MYOR,RG,2440,3,F,AK,AK,F
13:33:52,MYOR,RG,2440,9,F,AK,AK,F
13:33:41,MYOR,RG,2440,20,D,PD,AK,F
13:33:37,MYOR,RG,2440,4,D,YP,AK,F
13:33:07,MYOR,RG,2440,4,F,ZP,AK,F
13:33:06,MYOR,RG,2440,54,D,YP,AK,F
13:33:06,MYOR,RG,2440,1,D,YP,YP,D
13:33:06,MYOR,RG,2440,4,D,YP,XL,D
13:33:06,MYOR,RG,2440,1,D,YP,YP,D
13:33:06,MYOR,RG,2440,1,D,YP,YU,D
13:33:06,MYOR,RG,2440,6,D,YP,XL,D
13:32:52,MYOR,RG,2440,5,F,ZP,XL,D
13:32:52,MYOR,RG,2440,1,F,ZP,XC,D
13:32:52,MYOR,RG,2440,3,F,ZP,XC,D
13:32:36,MYOR,RG,2440,9,F,AK,XC,D
13:32:36,MYOR,RG,2440,10,F,AK,SQ,D
13:32:36,MYOR,RG,2440,3,F,AK,EP,D
13:32:36,MYOR,RG,2440,10,F,AK,NI,D
13:32:36,MYOR,RG,2440,8,F,AK,EP,D
13:32:36,MYOR,RG,2440,4,F,AK,DR,D
13:32:36,MYOR,RG,2440,10,F,AK,EP,D
13:32:36,MYOR,RG,2440,6,F,AK,EP,D
13:32:36,MYOR,RG,2440,2,F,AK,EP,D
13:32:36,MYOR,RG,2440,68,F,AK,DX,D
13:31:37,MYOR,RG,2440,2,F,ZP,DX,D
13:31:24,MYOR,RG,2440,25,D,CC,DX,D
13:31:07,MYOR,RG,2440,1,F,ZP,DX,D
13:31:01,MYOR,RG,2440,18,F,ZP,DX,D
13:31:01,MYOR,RG,2440,1,D,LG,DX,D
13:30:22,MYOR,RG,2440,11,F,ZP,DX,D
13:30:16,MYOR,RG,2440,19,F,ZP,DX,D
13:30:12,MYOR,RG,2440,18,F,ZP,DX,D
13:30:09,MYOR,RG,2440,4,F,ZP,DX,D
13:30:09,MYOR,RG,2430,2,D,LG,XL,D
13:30:09,MYOR,RG,2430,5,D,CC,XL,D
13:30:09,MYOR,RG,2430,10,D,ZP,XL,D
13:30:09,MYOR,RG,2430,1,D,PD,XL,D
13:30:06,MYOR,RG,2440,3,F,AK,DX,D
13:30:04,MYOR,RG,2440,50,D,YP,DX,D
13:30:03,MYOR,RG,2440,5,D,YP,DX,D
13:30:03,MYOR,RG,2440,1,D,CC,DX,D
13:30:02,MYOR,RG,2430,2,D,XC,XL,D
13:30:02,MYOR,RG,2440,2,D,XC,DX,D
13:30:02,MYOR,RG,2440,1,D,LG,DX,D
13:30:01,MYOR,RG,2430,2,D,XC,PD,D
13:30:01,MYOR,RG,2440,1,D,XL,DX,D
13:30:01,MYOR,RG,2440,20,D,YP,DX,D
13:30:01,MYOR,RG,2430,1,D,YP,PD,D
13:30:01,MYOR,RG,2440,1,D,YP,TF,D
13:30:01,MYOR,RG,2430,2,D,YP,PD,D
13:30:01,MYOR,RG,2430,2,D,CC,PD,D
13:30:01,MYOR,RG,2440,2,D,XC,TF,D
13:30:01,MYOR,RG,2430,18,D,CC,PD,D
13:30:01,MYOR,RG,2430,3,D,MG,PD,D
13:30:01,MYOR,RG,2430,1,D,GR,PD,D
13:30:01,MYOR,RG,2430,5,D,CC,PD,D
13:30:01,MYOR,RG,2430,5,D,PD,PD,D
13:30:01,MYOR,RG,2430,3,D,YP,PD,D
13:30:01,MYOR,RG,2430,1,D,YP,PD,D
13:30:01,MYOR,RG,2430,4,D,LG,PD,D
13:30:01,MYOR,RG,2440,1,D,XC,TF,D
13:30:01,MYOR,RG,2440,2,D,XC,TF,D
13:30:01,MYOR,RG,2440,5,D,KK,TF,D
13:30:01,MYOR,RG,2440,2,D,KK,OD,D
13:30:01,MYOR,RG,2440,2,D,XC,OD,D
13:30:01,MYOR,RG,2440,1,D,SQ,OD,D
13:30:01,MYOR,RG,2440,1,D,XC,OD,D
13:30:01,MYOR,RG,2430,1,D,LG,YJ,D
13:30:00,MYOR,RG,2440,4,D,XC,OD,D
13:30:00,MYOR,RG,2440,1,D,XC,OD,D
11:29:52,MYOR,RG,2440,1,F,ZP,OD,D
11:29:48,MYOR,RG,2440,2,D,XL,OD,D
11:29:46,MYOR,RG,2430,1,D,PD,AK,F
11:29:46,MYOR,RG,2430,3,D,PD,AK,F
11:29:38,MYOR,RG,2430,1,D,IF,YP,D
11:29:05,MYOR,RG,2430,1,D,IF,XL,D
11:29:02,MYOR,RG,2440,5,D,YP,OD,D
11:28:52,MYOR,RG,2430,2,D,IF,YU,D
11:28:46,MYOR,RG,2440,1,F,AK,OD,D
11:28:37,MYOR,RG,2440,1,F,ZP,OD,D
11:28:23,MYOR,RG,2440,4,D,XL,OD,D
11:28:07,MYOR,RG,2440,1,F,ZP,OD,D
11:28:01,MYOR,RG,2430,19,D,IF,AK,F
11:27:22,MYOR,RG,2440,1,F,ZP,OD,D
11:27:12,MYOR,RG,2440,10,D,XC,OD,D
11:27:12,MYOR,RG,2440,1,F,ZP,OD,D
11:27:12,MYOR,RG,2440,10,D,XC,OD,D
11:27:12,MYOR,RG,2440,2,F,CC,OD,D
11:27:07,MYOR,RG,2440,8,F,CC,XC,D
11:26:37,MYOR,RG,2450,7,F,ZP,DX,D
11:26:31,MYOR,RG,2450,11,F,ZP,DX,D
11:26:28,MYOR,RG,2430,177,D,IF,MG,D
11:26:28,MYOR,RG,2430,1,D,XC,MG,D
11:26:28,MYOR,RG,2430,1,D,YP,MG,D
11:26:28,MYOR,RG,2430,3,D,MG,MG,D
11:26:28,MYOR,RG,2430,3,D,YP,MG,D
11:26:28,MYOR,RG,2430,5,D,YP,MG,D
11:26:28,MYOR,RG,2430,1,D,PD,MG,D
11:26:28,MYOR,RG,2430,2,D,AZ,MG,D
11:26:28,MYOR,RG,2430,4,D,XA,MG,D
11:26:28,MYOR,RG,2430,28,D,YP,MG,D
11:26:28,MYOR,RG,2440,18,F,ZP,MG,D
11:26:28,MYOR,RG,2440,1,D,XL,MG,D
11:26:28,MYOR,RG,2440,3,D,XC,MG,D
11:26:28,MYOR,RG,2440,3,F,ZP,MG,D
11:26:28,MYOR,RG,2440,1,D,PD,MG,D
11:26:28,MYOR,RG,2440,20,D,XA,MG,D
11:26:28,MYOR,RG,2440,2,D,YP,MG,D
11:26:28,MYOR,RG,2440,18,F,ZP,MG,D
11:26:28,MYOR,RG,2440,7,D,XC,MG,D
11:26:28,MYOR,RG,2440,2,D,AZ,MG,D
11:26:23,MYOR,RG,2450,8,D,XC,DX,D
11:25:52,MYOR,RG,2450,1,D,PD,DX,D
11:24:22,MYOR,RG,2450,1,F,ZP,DX,D
11:24:08,MYOR,RG,2440,3,D,AZ,CC,D
11:24:08,MYOR,RG,2440,2,D,YP,CC,D
11:24:08,MYOR,RG,2440,5,D,XA,CC,D
11:24:07,MYOR,RG,2450,2,F,ZP,DX,D
11:23:51,MYOR,RG,2440,5,D,XA,XC,D
11:23:51,MYOR,RG,2440,21,D,YP,XC,D
11:22:45,MYOR,RG,2440,4,D,YP,OD,D
11:22:37,MYOR,RG,2440,3,F,ZP,OD,D
11:22:23,MYOR,RG,2440,25,D,YP,OD,D
11:22:23,MYOR,RG,2440,18,D,SQ,OD,D
11:22:22,MYOR,RG,2450,2,F,ZP,DX,D
11:22:08,MYOR,RG,2440,9,D,SQ,AK,F
11:22:08,MYOR,RG,2440,23,D,SQ,PD,D
11:21:52,MYOR,RG,2440,2,F,ZP,PD,D
11:21:46,MYOR,RG,2430,22,D,YP,AK,F
11:21:46,MYOR,RG,2430,1,D,XL,AK,F
11:21:34,MYOR,RG,2440,2,D,XL,DX,D
11:21:22,MYOR,RG,2440,3,F,ZP,DX,D
11:21:16,MYOR,RG,2440,40,D,YB,DX,D
11:20:59,MYOR,RG,2440,3,D,CC,DX,D
11:20:52,MYOR,RG,2440,10,F,ZP,DX,D
11:20:47,MYOR,RG,2440,10,D,PD,DX,D
11:20:46,MYOR,RG,2430,1,D,XL,AK,F
11:20:46,MYOR,RG,2430,4,D,YB,AK,F
11:20:39,MYOR,RG,2440,19,F,ZP,DX,D
11:20:39,MYOR,RG,2440,50,D,YU,DX,D
11:20:39,MYOR,RG,2440,5,D,YP,DX,D
11:20:39,MYOR,RG,2440,35,D,YP,DX,D
11:20:39,MYOR,RG,2440,15,D,YP,DX,D
11:20:39,MYOR,RG,2440,5,D,YP,DX,D
11:20:39,MYOR,RG,2440,3,F,ZP,DX,D
11:20:39,MYOR,RG,2440,3,D,XC,DX,D
11:20:39,MYOR,RG,2440,1,F,AK,DX,D
11:20:39,MYOR,RG,2440,10,D,YP,DX,D
11:20:39,MYOR,RG,2440,18,F,ZP,DX,D
11:20:39,MYOR,RG,2440,5,D,LG,DX,D
11:20:39,MYOR,RG,2440,5,D,YP,DX,D
11:20:39,MYOR,RG,2440,4,D,HP,DX,D
11:20:39,MYOR,RG,2440,4,D,XL,DX,D
11:19:53,MYOR,RG,2440,1,D,XL,YU,D
11:19:53,MYOR,RG,2440,1,F,ZP,YU,D
11:19:30,MYOR,RG,2450,1,D,XL,DX,D
11:19:22,MYOR,RG,2450,1,F,ZP,DX,D
11:19:07,MYOR,RG,2440,3,F,ZP,OD,D
11:19:07,MYOR,RG,2440,1,F,AK,OD,D
11:19:07,MYOR,RG,2440,8,F,CC,OD,D
11:19:07,MYOR,RG,2440,10,D,PD,OD,D
11:19:07,MYOR,RG,2440,18,F,ZP,OD,D
11:19:07,MYOR,RG,2440,5,D,YP,OD,D
11:19:07,MYOR,RG,2440,1,F,AK,OD,D
11:19:07,MYOR,RG,2440,4,D,YP,OD,D
11:19:07,MYOR,RG,2450,12,D,XC,DX,D
11:18:22,MYOR,RG,2450,1,F,ZP,DX,D
11:18:16,MYOR,RG,2440,1,D,YP,AK,F
11:18:16,MYOR,RG,2440,2,D,YP,AK,F
11:18:16,MYOR,RG,2440,2,D,KK,AK,F
11:18:16,MYOR,RG,2440,12,D,YP,AK,F
11:16:45,MYOR,RG,2450,2,D,XL,DX,D
11:15:53,MYOR,RG,2440,13,D,YP,PD,D
11:15:53,MYOR,RG,2440,72,F,BK,PD,D
11:15:53,MYOR,RG,2440,10,D,YP,PD,D
11:15:53,MYOR,RG,2440,18,F,ZP,PD,D
11:15:53,MYOR,RG,2440,1,D,YP,PD,D
11:15:53,MYOR,RG,2440,1,F,AK,PD,D
11:15:53,MYOR,RG,2440,2,D,CP,PD,D
11:15:53,MYOR,RG,2440,1,D,XL,PD,D
11:15:53,MYOR,RG,2440,10,D,XL,PD,D
11:15:53,MYOR,RG,2440,20,F,ZP,PD,D
11:15:53,MYOR,RG,2440,152,D,OD,PD,D
11:14:44,MYOR,RG,2450,2,D,XC,DX,D
11:13:52,MYOR,RG,2450,4,F,ZP,DX,D
11:13:45,MYOR,RG,2440,48,D,OD,OD,D
11:13:45,MYOR,RG,2440,2,F,ZP,OD,D
11:13:40,MYOR,RG,2450,10,D,PD,DX,D
11:12:52,MYOR,RG,2450,7,F,ZP,DX,D
11:12:47,MYOR,RG,2450,100,D,LG,DX,D
11:12:37,MYOR,RG,2450,2,F,ZP,DX,D
11:12:31,MYOR,RG,2440,17,F,ZP,PD,D
11:12:31,MYOR,RG,2440,1,F,AK,PD,D
11:12:31,MYOR,RG,2440,2,F,AK,PD,D
11:11:07,MYOR,RG,2450,1,F,ZP,DX,D
11:11:05,MYOR,RG,2440,7,F,AK,EP,D
11:10:51,MYOR,RG,2440,5,F,AK,AZ,D
11:10:38,MYOR,RG,2440,2,F,AK,YU,D
11:09:52,MYOR,RG,2450,1,F,ZP,CC,F
11:09:42,MYOR,RG,2440,15,F,AK,PD,D
11:09:37,MYOR,RG,2450,2,F,ZP,CC,F
11:09:34,MYOR,RG,2440,5,F,AK,EP,D
11:09:28,MYOR,RG,2440,20,F,AK,YP,D
11:08:52,MYOR,RG,2450,1,D,XC,CC,F
11:07:06,MYOR,RG,2450,1,D,CP,CC,F
11:06:52,MYOR,RG,2450,4,F,ZP,CC,F
11:06:52,MYOR,RG,2450,8,F,ZP,CC,F
11:06:52,MYOR,RG,2450,6,F,ZP,AK,F
11:06:42,MYOR,RG,2440,20,F,AK,EP,D
11:06:42,MYOR,RG,2440,43,F,AK,DX,D
11:06:42,MYOR,RG,2440,7,F,CC,DX,D
11:06:42,MYOR,RG,2440,5,D,PD,DX,D
11:06:42,MYOR,RG,2440,2,D,AZ,DX,D
11:06:42,MYOR,RG,2440,1,D,PD,DX,D
11:06:42,MYOR,RG,2440,251,F,AK,DX,D
11:06:42,MYOR,RG,2440,40,D,PD,DX,D
11:06:42,MYOR,RG,2440,10,D,YP,DX,D
11:06:42,MYOR,RG,2440,17,F,ZP,DX,D
11:06:42,MYOR,RG,2440,7,D,YP,DX,D
11:06:42,MYOR,RG,2440,18,F,ZP,DX,D
11:06:42,MYOR,RG,2440,37,D,XC,DX,D
11:06:42,MYOR,RG,2440,1,F,AK,DX,D
11:06:42,MYOR,RG,2440,2,D,KK,DX,D
11:06:42,MYOR,RG,2440,5,D,YP,DX,D
11:06:42,MYOR,RG,2440,1,D,XC,DX,D
11:06:42,MYOR,RG,2440,2,D,CC,DX,D
11:06:42,MYOR,RG,2440,28,D,XC,DX,D
11:06:42,MYOR,RG,2440,1,D,YP,DX,D
11:06:42,MYOR,RG,2440,2,D,KK,DX,D
11:06:42,MYOR,RG,2440,2,D,XL,DX,D
11:06:42,MYOR,RG,2440,18,D,SQ,DX,D
11:06:37,MYOR,RG,2450,1,F,ZP,AK,F
11:06:23,MYOR,RG,2450,10,F,ZP,AK,F
11:06:23,MYOR,RG,2450,8,F,ZP,AK,F
11:04:53,MYOR,RG,2450,3,D,XC,AK,F
11:03:37,MYOR,RG,2450,1,F,ZP,AK,F
11:03:28,MYOR,RG,2450,1,D,NI,AK,F
11:03:28,MYOR,RG,2450,1,D,NI,CC,F
11:03:22,MYOR,RG,2450,1,F,ZP,CC,F
11:03:19,MYOR,RG,2440,20,D,SQ,EP,D
11:03:18,MYOR,RG,2440,1,D,SQ,EP,D
11:03:18,MYOR,RG,2440,4,D,KK,EP,D
11:03:08,MYOR,RG,2450,2,D,YP,CC,F
11:03:07,MYOR,RG,2450,2,F,ZP,CC,F
11:02:55,MYOR,RG,2440,16,D,KK,PD,D
11:02:55,MYOR,RG,2440,14,F,ZP,PD,D
11:01:58,MYOR,RG,2440,5,F,ZP,CC,D
11:01:58,MYOR,RG,2440,5,D,YP,CC,D
11:01:58,MYOR,RG,2440,5,D,YP,CC,D
11:01:58,MYOR,RG,2440,2,D,XC,CC,D
11:01:58,MYOR,RG,2440,33,F,AK,CC,D
11:01:53,MYOR,RG,2440,10,F,AK,EP,D
11:01:45,MYOR,RG,2440,20,F,AK,PD,D
11:01:41,MYOR,RG,2440,4,F,AK,CC,D
11:01:41,MYOR,RG,2440,1,F,AK,CC,D
11:01:41,MYOR,RG,2440,1,D,XL,CC,D
11:01:41,MYOR,RG,2440,7,D,KK,CC,D
11:01:41,MYOR,RG,2440,27,D,YP,CC,D
11:00:57,MYOR,RG,2440,23,D,YP,EP,D
11:00:57,MYOR,RG,2440,3,F,ZP,EP,D
11:00:57,MYOR,RG,2440,10,D,YP,EP,D
11:00:47,MYOR,RG,2450,2,F,ZP,CC,F
11:00:45,MYOR,RG,2440,17,D,YP,XC,D
11:00:37,MYOR,RG,2450,1,D,XL,CC,F
11:00:27,MYOR,RG,2440,9,D,YP,PD,D
10:59:59,MYOR,RG,2440,2,D,YP,YP,D
10:59:33,MYOR,RG,2440,12,D,YP,CD,D
10:59:33,MYOR,RG,2440,1,D,XL,CD,D
10:59:33,MYOR,RG,2440,1,D,XL,CD,D
10:59:33,MYOR,RG,2440,1,D,NI,CD,D
10:58:00,MYOR,RG,2450,1,F,ZP,CC,F
10:57:59,MYOR,RG,2450,5,D,YP,CC,F
10:57:56,MYOR,RG,2450,1,D,KK,CC,F
10:57:56,MYOR,RG,2450,1,D,KK,YU,D
10:57:56,MYOR,RG,2450,18,D,KK,YB,D
10:56:59,MYOR,RG,2450,1,F,ZP,YB,D
10:56:59,MYOR,RG,2450,14,D,DR,YB,D
10:56:46,MYOR,RG,2440,2,D,NI,YP,D
10:56:24,MYOR,RG,2440,5,D,NI,XC,D
10:56:24,MYOR,RG,2440,1,D,NI,YU,D
10:56:24,MYOR,RG,2430,1,D,YB,XL,D
10:56:24,MYOR,RG,2430,1,D,LG,XL,D
10:56:24,MYOR,RG,2430,2,D,AZ,XL,D
10:56:23,MYOR,RG,2430,2,D,AZ,PD,D
10:56:23,MYOR,RG,2430,16,D,AZ,PD,D
10:56:23,MYOR,RG,2430,9,D,MG,PD,D
10:56:23,MYOR,RG,2430,1,D,MG,PD,D
10:56:23,MYOR,RG,2440,5,F,AK,PD,D
10:56:23,MYOR,RG,2440,72,F,AK,OD,D
10:56:23,MYOR,RG,2440,1,F,CC,OD,D
10:56:23,MYOR,RG,2440,1,D,XC,OD,D
10:56:23,MYOR,RG,2440,19,F,ZP,OD,D
10:56:23,MYOR,RG,2440,2,D,AZ,OD,D
10:56:23,MYOR,RG,2440,5,F,AK,OD,D
10:56:22,MYOR,RG,2450,10,F,ZP,YB,D
10:56:21,MYOR,RG,2440,3,F,AK,EP,D
10:56:21,MYOR,RG,2440,8,F,AK,EP,D
10:56:21,MYOR,RG,2440,7,F,AK,EP,D
10:56:21,MYOR,RG,2440,1,F,AK,EP,D
10:56:21,MYOR,RG,2440,7,F,ZP,EP,D
10:56:21,MYOR,RG,2440,8,F,ZP,EP,D
10:56:21,MYOR,RG,2440,9,D,PD,EP,D
10:56:21,MYOR,RG,2440,1,D,PD,EP,D
10:56:21,MYOR,RG,2440,1,D,XC,EP,D
10:56:21,MYOR,RG,2440,5,D,XL,EP,D
10:56:21,MYOR,RG,2440,1,F,AK,EP,D
10:56:21,MYOR,RG,2440,1,D,EP,EP,D
10:56:21,MYOR,RG,2440,8,D,XC,EP,D
10:56:21,MYOR,RG,2440,10,D,XC,EP,D
10:56:21,MYOR,RG,2440,7,D,XC,EP,D
10:56:21,MYOR,RG,2440,1,D,AZ,EP,D
10:56:21,MYOR,RG,2440,1,D,AZ,EP,D
10:56:21,MYOR,RG,2440,2,D,AZ,EP,D
10:56:21,MYOR,RG,2440,5,D,EP,EP,D
10:56:21,MYOR,RG,2440,1,D,EP,EP,D
10:56:21,MYOR,RG,2440,4,D,YP,EP,D
10:56:21,MYOR,RG,2440,15,D,YP,YB,D
10:56:21,MYOR,RG,2440,2,D,YP,BQ,D
10:56:21,MYOR,RG,2440,10,D,YP,BQ,D
10:56:21,MYOR,RG,2440,8,D,XC,BQ,D
10:56:21,MYOR,RG,2440,11,D,XC,PD,D
10:56:21,MYOR,RG,2440,1,D,YP,PD,D
10:56:21,MYOR,RG,2440,1,D,NI,PD,D
10:56:21,MYOR,RG,2440,20,D,YP,PD,D
10:56:21,MYOR,RG,2440,1,D,PD,PD,D
10:56:21,MYOR,RG,2440,3,D,YP,PD,D
10:56:21,MYOR,RG,2440,100,D,XA,PD,D
10:56:21,MYOR,RG,2440,20,D,ZP,PD,D
10:56:21,MYOR,RG,2440,25,D,YP,PD,D
10:56:21,MYOR,RG,2440,2,D,XL,PD,D
10:56:21,MYOR,RG,2440,40,D,YP,PD,D
10:56:21,MYOR,RG,2440,1,D,YP,PD,D
10:56:21,MYOR,RG,2440,1,D,XL,PD,D
10:56:21,MYOR,RG,2440,4,D,XA,PD,D
10:56:21,MYOR,RG,2440,16,D,AZ,PD,D
10:56:21,MYOR,RG,2440,1,D,MG,PD,D
10:56:21,MYOR,RG,2440,3,D,MG,XC,D
10:56:05,MYOR,RG,2450,2,D,XC,YB,D
10:55:37,MYOR,RG,2450,1,F,ZP,YB,D
10:55:23,MYOR,RG,2450,2,D,GR,YB,D
10:55:11,MYOR,RG,2450,1,F,AK,YB,D
10:55:11,MYOR,RG,2450,10,F,ZP,YB,D
10:55:11,MYOR,RG,2450,2,F,CC,YB,D
10:55:11,MYOR,RG,2450,1,D,YP,YB,D
10:55:11,MYOR,RG,2450,1,D,PD,YB,D
10:55:11,MYOR,RG,2450,1,D,XC,YB,D
10:55:11,MYOR,RG,2450,2,D,PD,YB,D
10:55:11,MYOR,RG,2450,5,D,YP,YB,D
10:55:11,MYOR,RG,2450,50,D,YU,YB,D
10:55:11,MYOR,RG,2450,1,D,KK,YB,D
10:55:11,MYOR,RG,2450,1,D,XC,YB,D
10:55:11,MYOR,RG,2450,10,D,KK,YB,D
10:55:11,MYOR,RG,2450,5,D,XL,YB,D
10:55:11,MYOR,RG,2450,3,D,XC,YB,D
10:55:11,MYOR,RG,2450,5,D,XL,YB,D
10:55:11,MYOR,RG,2450,10,D,CC,YB,D
10:55:11,MYOR,RG,2450,2,D,XL,YB,D
10:55:11,MYOR,RG,2450,4,D,LG,YB,D
10:55:11,MYOR,RG,2450,1,F,AK,YB,D
10:55:11,MYOR,RG,2450,19,F,ZP,YB,D
10:55:11,MYOR,RG,2450,18,F,ZP,YB,D
10:54:42,MYOR,RG,2450,1,F,ZP,CC,F
10:54:42,MYOR,RG,2450,1,D,XL,CC,F
10:54:37,MYOR,RG,2460,2,F,ZP,OD,D
10:54:35,MYOR,RG,2450,2,D,CC,CC,F
10:54:35,MYOR,RG,2450,1,F,AK,CC,F
10:54:35,MYOR,RG,2450,1,D,XL,CC,F
10:54:35,MYOR,RG,2450,5,D,AZ,CC,F
10:54:35,MYOR,RG,2450,2,D,KK,CC,F
10:54:35,MYOR,RG,2450,3,F,ZP,CC,F
10:54:33,MYOR,RG,2450,3,F,ZP,CC,F
10:54:33,MYOR,RG,2450,9,F,ZP,DX,D
10:54:33,MYOR,RG,2450,5,D,PD,DX,D
10:54:33,MYOR,RG,2450,2,D,LG,DX,D
10:54:33,MYOR,RG,2450,2,D,AZ,DX,D
10:54:33,MYOR,RG,2450,5,D,YP,DX,D
10:54:33,MYOR,RG,2450,1,F,AK,DX,D
10:54:33,MYOR,RG,2450,1,D,XL,DX,D
10:54:33,MYOR,RG,2450,50,D,LG,DX,D
10:54:33,MYOR,RG,2450,2,D,YP,DX,D
10:54:33,MYOR,RG,2450,20,D,PD,DX,D
10:54:33,MYOR,RG,2450,10,D,YP,DX,D
10:54:33,MYOR,RG,2450,2,D,PD,DX,D
10:54:33,MYOR,RG,2450,2,D,LG,DX,D
10:54:33,MYOR,RG,2450,5,D,CC,DX,D
10:54:33,MYOR,RG,2450,3,D,YP,DX,D
10:54:33,MYOR,RG,2450,10,D,EP,DX,D
10:54:33,MYOR,RG,2450,1,D,XC,DX,D
10:54:33,MYOR,RG,2450,3,D,YP,DX,D
10:54:33,MYOR,RG,2450,1,D,YP,DX,D
10:54:33,MYOR,RG,2450,100,D,YP,DX,D
10:54:33,MYOR,RG,2450,1,D,AZ,DX,D
10:54:33,MYOR,RG,2450,15,D,YP,DX,D
10:53:52,MYOR,RG,2460,2,F,ZP,OD,D
10:53:43,MYOR,RG,2460,18,F,ZP,OD,D
10:53:07,MYOR,RG,2460,1,F,ZP,OD,D
10:52:54,MYOR,RG,2450,25,D,YP,YP,D
10:52:49,MYOR,RG,2450,2,D,YP,YU,D
10:51:52,MYOR,RG,2460,1,F,ZP,OD,D
10:51:46,MYOR,RG,2460,3,D,XC,OD,D
10:51:37,MYOR,RG,2460,1,F,ZP,OD,D
10:51:22,MYOR,RG,2460,15,F,ZP,OD,D
10:51:22,MYOR,RG,2460,1,F,ZP,XC,D
10:51:22,MYOR,RG,2460,3,F,ZP,EP,D
10:50:57,MYOR,RG,2460,1,D,XC,EP,D
10:50:46,MYOR,RG,2460,5,D,SQ,EP,D
10:50:22,MYOR,RG,2460,2,F,ZP,EP,D
10:50:13,MYOR,RG,2460,2,D,NI,EP,D
10:50:10,MYOR,RG,2460,12,F,ZP,EP,D
10:50:10,MYOR,RG,2460,1,F,ZP,AZ,D
10:50:10,MYOR,RG,2460,4,F,ZP,CC,F
10:50:10,MYOR,RG,2460,1,F,ZP,CC,F
10:49:17,MYOR,RG,2460,1,D,XC,CC,F
10:48:52,MYOR,RG,2460,5,D,NI,CC,F
10:48:32,MYOR,RG,2460,1,D,PD,CC,F
10:48:22,MYOR,RG,2460,2,F,ZP,CC,F
10:48:17,MYOR,RG,2460,7,F,ZP,CC,F
10:48:17,MYOR,RG,2460,12,F,ZP,AK,F
10:47:52,MYOR,RG,2460,1,F,ZP,AK,F
10:47:49,MYOR,RG,2450,2,D,YP,CC,F
10:47:49,MYOR,RG,2460,10,D,SQ,AK,F
10:47:48,MYOR,RG,2460,1,D,CC,AK,F
10:46:37,MYOR,RG,2460,4,F,ZP,AK,F
10:46:35,MYOR,RG,2450,2,D,YP,CC,F
10:46:31,MYOR,RG,2450,3,D,YP,CC,F
10:46:31,MYOR,RG,2450,1,D,YP,OD,D
10:46:31,MYOR,RG,2450,1,D,PD,OD,D
10:46:31,MYOR,RG,2450,10,D,YU,OD,D
10:46:31,MYOR,RG,2450,30,D,SQ,OD,D
10:46:24,MYOR,RG,2450,2,D,ZP,CC,F
10:46:22,MYOR,RG,2460,6,F,ZP,AK,F
10:46:22,MYOR,RG,2460,1,F,ZP,YU,D
10:46:22,MYOR,RG,2460,12,F,ZP,DX,D
10:45:22,MYOR,RG,2460,4,F,ZP,DX,D
10:45:12,MYOR,RG,2450,2,D,ZP,CC,F
10:45:07,MYOR,RG,2460,1,F,ZP,DX,D
10:45:07,MYOR,RG,2450,4,D,ZP,CC,F
10:45:07,MYOR,RG,2450,2,D,ZP,OD,D
10:45:07,MYOR,RG,2450,10,D,YP,OD,D
10:45:07,MYOR,RG,2450,15,D,XC,OD,D
10:45:07,MYOR,RG,2450,1,D,KK,OD,D
10:45:07,MYOR,RG,2450,22,D,YP,OD,D
10:45:03,MYOR,RG,2450,1,D,YP,CC,F
10:45:01,MYOR,RG,2460,5,D,YP,DX,D
10:44:22,MYOR,RG,2460,1,F,ZP,DX,D
10:44:18,MYOR,RG,2450,2,D,YP,CC,F
10:44:17,MYOR,RG,2460,19,F,ZP,DX,D
10:44:05,MYOR,RG,2460,5,D,XL,DX,D
10:43:52,MYOR,RG,2460,1,F,ZP,DX,D
10:43:48,MYOR,RG,2450,2,D,YP,CC,F
10:43:47,MYOR,RG,2460,10,D,PD,DX,D
10:43:22,MYOR,RG,2460,1,F,ZP,DX,D
10:43:10,MYOR,RG,2460,3,D,XC,DX,D
10:42:22,MYOR,RG,2460,1,F,ZP,DX,D
10:42:22,MYOR,RG,2450,2,D,YP,CC,F
10:42:19,MYOR,RG,2460,19,F,ZP,DX,D
10:41:44,MYOR,RG,2450,2,D,YP,PD,D
10:41:40,MYOR,RG,2450,1,D,YP,CC,F
10:41:35,MYOR,RG,2460,2,D,XL,DX,D
10:40:22,MYOR,RG,2460,2,F,ZP,DX,D
10:40:19,MYOR,RG,2450,2,D,YP,CC,F
10:40:17,MYOR,RG,2460,19,F,ZP,DX,D
10:40:10,MYOR,RG,2460,4,D,YP,DX,D
10:39:26,MYOR,RG,2450,1,D,YP,CC,F
10:39:22,MYOR,RG,2460,2,F,ZP,DX,D
10:39:17,MYOR,RG,2450,2,D,YP,YU,D
10:39:16,MYOR,RG,2460,1,D,IF,DX,D
10:39:12,MYOR,RG,2450,2,D,YP,CC,F
10:39:11,MYOR,RG,2460,18,F,ZP,DX,D
10:39:11,MYOR,RG,2460,1,D,YP,DX,D
10:38:26,MYOR,RG,2460,1,D,CC,DX,D
10:38:22,MYOR,RG,2460,1,F,ZP,DX,D
10:38:21,MYOR,RG,2450,2,D,YP,CC,F
10:38:16,MYOR,RG,2460,18,F,ZP,DX,D
10:37:52,MYOR,RG,2460,1,F,ZP,DX,D
10:37:41,MYOR,RG,2450,1,D,YP,CC,F
10:37:39,MYOR,RG,2460,2,D,CC,DX,D
10:37:14,MYOR,RG,2460,3,D,CC,DX,D
10:36:12,MYOR,RG,2460,3,D,YP,DX,D
10:35:11,MYOR,RG,2450,1,D,YP,CC,F
10:35:07,MYOR,RG,2460,7,F,ZP,DX,D
10:34:53,MYOR,RG,2450,3,D,YP,CC,F
10:34:52,MYOR,RG,2460,21,F,ZP,DX,D
10:34:49,MYOR,RG,2450,2,D,YP,CC,F
10:34:44,MYOR,RG,2450,2,D,YP,CC,F
10:34:44,MYOR,RG,2450,2,D,HP,CC,F
10:34:44,MYOR,RG,2450,2,D,YU,CC,F
10:34:44,MYOR,RG,2450,5,D,XC,CC,F
10:34:44,MYOR,RG,2450,8,D,LG,CC,F
10:34:44,MYOR,RG,2450,2,D,XC,CC,F
10:34:44,MYOR,RG,2450,5,D,XL,CC,F
10:34:40,MYOR,RG,2450,5,D,XL,XL,D
10:34:40,MYOR,RG,2450,1,D,NI,XL,D
10:34:40,MYOR,RG,2450,8,D,PD,XL,D
10:34:40,MYOR,RG,2450,2,D,PD,CC,D
10:34:40,MYOR,RG,2450,1,D,TP,CC,D
10:34:40,MYOR,RG,2450,4,D,TP,XA,D
10:34:40,MYOR,RG,2450,4,D,PD,XA,D
10:34:40,MYOR,RG,2450,1,D,PD,EP,D
10:34:40,MYOR,RG,2450,3,D,MG,EP,D
10:34:40,MYOR,RG,2450,1,D,YP,EP,D
10:34:40,MYOR,RG,2450,1,D,XL,EP,D
10:34:40,MYOR,RG,2450,4,D,XA,EP,D
10:34:40,MYOR,RG,2450,6,D,PD,EP,D
10:34:40,MYOR,RG,2450,14,D,PD,KK,D
10:34:40,MYOR,RG,2450,2,D,AZ,KK,D
10:34:40,MYOR,RG,2450,2,D,XC,KK,D
10:34:40,MYOR,RG,2450,1,D,SQ,KK,D
10:34:40,MYOR,RG,2450,1,D,AZ,KK,D
10:34:40,MYOR,RG,2450,4,D,AZ,EP,D
10:34:40,MYOR,RG,2450,25,D,EP,EP,D
10:34:40,MYOR,RG,2450,7,D,AZ,EP,D
10:34:40,MYOR,RG,2450,1,D,AZ,YP,D
10:34:40,MYOR,RG,2460,6,D,YP,DX,D
10:34:40,MYOR,RG,2460,4,D,EP,DX,D
10:34:40,MYOR,RG,2460,10,D,YB,DX,D
10:34:40,MYOR,RG,2450,4,D,AZ,YB,D
10:34:40,MYOR,RG,2450,12,D,AZ,YB,D
10:34:40,MYOR,RG,2450,24,D,AZ,YB,D
10:34:40,MYOR,RG,2450,44,D,AZ,YB,D
10:34:40,MYOR,RG,2460,10,D,PD,DX,D
10:34:40,MYOR,RG,2450,2,D,AZ,PD,D
10:34:40,MYOR,RG,2450,2,D,AZ,PD,D
10:34:40,MYOR,RG,2450,10,D,MG,PD,D
10:34:40,MYOR,RG,2460,2,F,ZP,DX,D
10:34:40,MYOR,RG,2460,19,F,ZP,DX,D
10:34:40,MYOR,RG,2460,11,D,EP,DX,D
10:34:23,MYOR,RG,2460,4,D,EP,CC,F
10:34:20,MYOR,RG,2460,4,D,EP,CC,F
10:34:20,MYOR,RG,2460,3,F,ZP,CC,F
10:34:20,MYOR,RG,2460,5,F,ZP,OD,D
10:34:20,MYOR,RG,2460,1,F,AK,OD,D
10:34:20,MYOR,RG,2460,3,F,CC,OD,D
10:34:20,MYOR,RG,2460,1,F,AK,OD,D
10:34:20,MYOR,RG,2460,1,D,SQ,OD,D
10:34:20,MYOR,RG,2460,2,D,LG,OD,D
10:34:20,MYOR,RG,2460,1,D,LG,OD,D
10:34:20,MYOR,RG,2460,3,D,AZ,OD,D
10:34:20,MYOR,RG,2460,5,D,PD,OD,D
10:34:20,MYOR,RG,2460,2,D,PD,OD,D
10:34:20,MYOR,RG,2460,10,D,AZ,OD,D
10:34:20,MYOR,RG,2460,66,F,AK,OD,D
10:33:42,MYOR,RG,2460,1,F,AK,CC,F
10:33:39,MYOR,RG,2460,10,F,AK,CC,F
10:33:36,MYOR,RG,2460,3,F,AK,CC,F
10:33:36,MYOR,RG,2460,25,F,AK,AI,D
10:33:36,MYOR,RG,2460,1,F,AK,AI,D
10:33:36,MYOR,RG,2460,1,D,YP,AI,D
10:33:36,MYOR,RG,2460,23,F,ZP,AI,D
10:33:36,MYOR,RG,2460,20,D,YP,AI,D
10:33:36,MYOR,RG,2460,2,D,LG,AI,D
10:33:36,MYOR,RG,2460,17,F,ZP,AI,D
10:33:36,MYOR,RG,2460,2,D,YP,AI,D
10:33:36,MYOR,RG,2460,1,D,YP,AI,D
10:33:36,MYOR,RG,2460,2,D,XC,AI,D
10:33:36,MYOR,RG,2460,30,D,LG,AI,D
10:33:36,MYOR,RG,2460,6,D,PD,AI,D
10:33:08,MYOR,RG,2460,26,D,PD,XC,D
10:33:08,MYOR,RG,2460,1,F,AK,XC,D
10:33:08,MYOR,RG,2460,1,F,AK,XC,D
10:33:08,MYOR,RG,2460,11,D,YB,XC,D
10:32:32,MYOR,RG,2460,39,D,YB,CC,F
10:32:32,MYOR,RG,2460,4,F,BK,CC,F
10:32:32,MYOR,RG,2460,1,D,LG,CC,F
10:32:32,MYOR,RG,2460,1,D,AZ,CC,F
10:32:32,MYOR,RG,2460,10,D,YP,CC,F
10:32:32,MYOR,RG,2460,1,D,XL,CC,F
10:32:32,MYOR,RG,2460,8,D,LG,CC,F
10:32:32,MYOR,RG,2460,1,D,XC,CC,F
10:32:32,MYOR,RG,2460,1,F,AK,CC,F
10:32:32,MYOR,RG,2460,1,D,XL,CC,F
10:32:32,MYOR,RG,2460,17,F,ZP,CC,F
10:32:32,MYOR,RG,2460,4,D,LG,CC,F
10:32:32,MYOR,RG,2460,2,D,LG,CC,F
10:32:32,MYOR,RG,2460,6,F,ZP,CC,F
10:32:32,MYOR,RG,2460,1,D,LG,CC,F
10:32:32,MYOR,RG,2460,1,D,XL,CC,F
10:32:32,MYOR,RG,2460,2,D,YP,CC,F
10:32:28,MYOR,RG,2470,2,D,LG,AK,F
10:31:25,MYOR,RG,2470,18,F,ZP,RX,F
10:31:01,MYOR,RG,2470,1,F,AK,RX,F
10:29:48,MYOR,RG,2470,5,F,ZP,RX,F
10:29:48,MYOR,RG,2470,8,F,ZP,AK,F
10:29:48,MYOR,RG,2470,12,F,ZP,AK,F
10:29:48,MYOR,RG,2470,3,F,ZP,AK,F
10:29:38,MYOR,RG,2470,1,D,PD,AK,F
10:28:23,MYOR,RG,2470,18,F,ZP,AK,F
10:27:38,MYOR,RG,2470,5,D,PD,AK,F
10:27:25,MYOR,RG,2470,4,F,ZP,AK,F
10:27:25,MYOR,RG,2470,12,F,ZP,OD,D
10:27:24,MYOR,RG,2470,88,D,LG,OD,D
10:27:24,MYOR,RG,2470,3,D,LG,PD,D
10:27:24,MYOR,RG,2470,12,D,LG,CC,D
10:27:24,MYOR,RG,2470,10,D,LG,EP,D
10:27:24,MYOR,RG,2470,9,D,LG,AK,F
10:27:24,MYOR,RG,2470,1,D,LG,YP,D
10:27:24,MYOR,RG,2470,338,D,LG,RX,F
10:27:24,MYOR,RG,2470,9,D,LG,AK,F
10:27:24,MYOR,RG,2470,1,D,LG,YU,D
10:27:24,MYOR,RG,2470,9,D,LG,AK,F
10:27:24,MYOR,RG,2470,20,D,LG,OD,D
10:26:21,MYOR,RG,2470,18,F,ZP,OD,D
10:26:12,MYOR,RG,2470,24,D,YP,OD,D
10:26:02,MYOR,RG,2470,38,D,EP,OD,D
10:26:02,MYOR,RG,2470,101,D,EP,DX,D
10:25:48,MYOR,RG,2460,2,D,YP,YU,D
10:25:48,MYOR,RG,2470,4,D,YP,DX,D
10:25:18,MYOR,RG,2470,20,F,ZP,DX,D
10:25:14,MYOR,RG,2460,8,D,YP,LG,D
10:25:14,MYOR,RG,2460,1,F,AK,LG,D
10:25:14,MYOR,RG,2460,1,D,YP,LG,D
10:25:14,MYOR,RG,2460,10,D,PD,LG,D
10:24:47,MYOR,RG,2470,3,D,CC,DX,D
10:24:35,MYOR,RG,2470,5,D,PD,DX,D
10:24:17,MYOR,RG,2470,5,D,PD,DX,D
10:23:33,MYOR,RG,2470,10,D,AZ,DX,D
10:23:17,MYOR,RG,2470,2,F,ZP,DX,D
10:23:00,MYOR,RG,2470,1,D,XL,DX,D
10:22:26,MYOR,RG,2470,1,D,XC,DX,D
10:21:45,MYOR,RG,2470,3,D,EP,DX,D
10:19:52,MYOR,RG,2460,12,D,XC,CC,D
10:19:52,MYOR,RG,2460,10,D,AZ,CC,D
10:19:52,MYOR,RG,2460,18,F,ZP,CC,D
10:19:48,MYOR,RG,2470,2,F,ZP,DX,D
10:19:04,MYOR,RG,2470,2,D,XC,DX,D
10:18:45,MYOR,RG,2470,18,F,ZP,DX,D
10:17:55,MYOR,RG,2470,1,D,LG,DX,D
10:17:13,MYOR,RG,2470,1,D,LG,DX,D
10:16:27,MYOR,RG,2460,1,F,ZP,YU,D
10:16:27,MYOR,RG,2460,1,D,PD,YU,D
10:15:57,MYOR,RG,2470,10,D,BQ,DX,D
10:15:53,MYOR,RG,2470,2,F,ZP,DX,D
10:14:32,MYOR,RG,2470,19,F,ZP,DX,D
10:12:51,MYOR,RG,2460,2,D,LG,YP,D
10:12:51,MYOR,RG,2460,2,D,YP,YP,D
10:12:51,MYOR,RG,2460,1,F,ZP,YP,D
10:12:41,MYOR,RG,2460,4,F,ZP,YP,D
10:12:38,MYOR,RG,2460,5,F,ZP,PD,D
10:12:26,MYOR,RG,2470,2,F,ZP,DX,D
10:12:26,MYOR,RG,2470,1,D,XC,DX,D
10:11:45,MYOR,RG,2470,13,F,ZP,DX,D
10:11:44,MYOR,RG,2460,8,F,ZP,DX,D
10:11:44,MYOR,RG,2460,5,D,YP,DX,D
10:11:44,MYOR,RG,2460,3,D,SQ,DX,D
10:11:44,MYOR,RG,2460,1,D,XL,DX,D
10:11:44,MYOR,RG,2460,1,D,XC,DX,D
10:11:44,MYOR,RG,2460,1,F,AK,DX,D
10:11:44,MYOR,RG,2460,20,D,PD,DX,D
10:11:44,MYOR,RG,2460,10,D,EP,DX,D
10:11:44,MYOR,RG,2460,2,D,AZ,DX,D
10:11:44,MYOR,RG,2460,3,F,ZP,DX,D
10:11:44,MYOR,RG,2460,5,D,YP,DX,D
10:11:44,MYOR,RG,2460,3,D,YP,DX,D
10:11:44,MYOR,RG,2460,5,D,ZP,DX,D
10:11:44,MYOR,RG,2460,1,D,NI,DX,D
10:11:44,MYOR,RG,2460,1,D,PD,DX,D
10:11:44,MYOR,RG,2460,2,D,LG,DX,D
10:11:44,MYOR,RG,2460,96,D,XC,DX,D
10:11:44,MYOR,RG,2460,2,D,SQ,DX,D
10:11:44,MYOR,RG,2460,4,D,DH,DX,D
10:11:44,MYOR,RG,2460,21,D,PD,DX,D
10:11:44,MYOR,RG,2460,15,D,YP,DX,D
10:11:44,MYOR,RG,2460,1,D,CC,DX,D
10:11:44,MYOR,RG,2460,1,D,YP,DX,D
10:11:44,MYOR,RG,2460,30,D,YP,DX,D
10:11:44,MYOR,RG,2460,1,D,YP,DX,D
10:11:44,MYOR,RG,2460,5,D,CC,DX,D
10:11:44,MYOR,RG,2460,1,D,KK,DX,D
10:11:44,MYOR,RG,2460,1,D,YP,DX,D
10:11:44,MYOR,RG,2460,1,D,YP,DX,D
10:10:25,MYOR,RG,2460,2,D,EP,OD,D
10:10:25,MYOR,RG,2460,30,D,YP,OD,D
10:10:25,MYOR,RG,2460,68,D,YP,OD,D
10:10:24,MYOR,RG,2470,19,F,ZP,DX,D
10:09:05,MYOR,RG,2470,2,F,ZP,DX,D
10:07:45,MYOR,RG,2470,3,D,NI,DX,D
10:07:45,MYOR,RG,2470,1,D,NI,YU,D
10:07:45,MYOR,RG,2470,1,D,NI,AK,F
10:07:33,MYOR,RG,2470,3,D,XC,AK,F
10:07:32,MYOR,RG,2470,10,D,YP,AK,F
10:07:19,MYOR,RG,2470,3,D,XC,AK,F
10:07:19,MYOR,RG,2470,2,D,XC,AK,F
10:06:28,MYOR,RG,2470,3,D,YP,AK,F
10:06:12,MYOR,RG,2470,1,D,PD,AK,F
10:06:02,MYOR,RG,2470,18,D,XC,AK,F
10:06:02,MYOR,RG,2470,2,D,XC,AK,F
10:05:58,MYOR,RG,2470,2,F,ZP,AK,F
10:05:58,MYOR,RG,2470,1,D,XL,AK,F
10:04:39,MYOR,RG,2470,1,D,NI,AK,F
10:04:21,MYOR,RG,2470,1,D,XL,AK,F
10:04:09,MYOR,RG,2470,5,D,YP,AK,F
10:03:15,MYOR,RG,2460,26,D,YP,AK,F
10:02:34,MYOR,RG,2470,1,F,ZP,YU,D
10:02:32,MYOR,RG,2460,15,D,YP,OD,D
10:02:31,MYOR,RG,2460,31,D,YP,NI,D
10:02:31,MYOR,RG,2460,10,D,YP,YJ,D
10:02:31,MYOR,RG,2460,4,D,XL,YJ,D
10:02:31,MYOR,RG,2460,1,D,LG,YJ,D
10:02:31,MYOR,RG,2460,5,D,PD,YJ,D
10:02:31,MYOR,RG,2460,2,D,XC,YJ,D
10:02:31,MYOR,RG,2460,100,D,YU,YJ,D
10:02:31,MYOR,RG,2460,1,D,DR,YJ,D
10:02:31,MYOR,RG,2460,60,D,XL,YJ,D
10:02:31,MYOR,RG,2460,10,D,YB,YJ,D
10:02:31,MYOR,RG,2460,5,D,YB,YJ,D
10:02:31,MYOR,RG,2460,12,D,AZ,YJ,D
10:02:31,MYOR,RG,2460,7,D,AZ,YJ,D
10:02:31,MYOR,RG,2460,20,D,AZ,YJ,D
10:02:31,MYOR,RG,2460,5,D,SQ,YJ,D
10:02:31,MYOR,RG,2460,5,D,AZ,YJ,D
10:02:31,MYOR,RG,2460,10,D,MG,YJ,D
10:02:07,MYOR,RG,2470,1,F,ZP,YJ,D
10:02:04,MYOR,RG,2470,10,D,TP,YJ,D
10:01:44,MYOR,RG,2470,5,D,YP,YJ,D
10:01:24,MYOR,RG,2470,5,D,XC,YJ,D
10:01:07,MYOR,RG,2470,1,F,ZP,YJ,D
10:00:58,MYOR,RG,2470,4,D,YP,YJ,D
10:00:37,MYOR,RG,2470,2,D,LG,YJ,D
10:00:37,MYOR,RG,2470,7,F,ZP,YJ,D
10:00:35,MYOR,RG,2470,1,D,XC,YJ,D
10:00:35,MYOR,RG,2470,11,F,ZP,YJ,D
10:00:35,MYOR,RG,2470,1,F,AK,YJ,D
10:00:35,MYOR,RG,2470,19,F,ZP,YJ,D
10:00:35,MYOR,RG,2470,1,D,XC,YJ,D
10:00:35,MYOR,RG,2470,1,F,AK,YJ,D
10:00:35,MYOR,RG,2470,19,F,ZP,YJ,D
10:00:35,MYOR,RG,2470,1,D,XL,YJ,D
10:00:35,MYOR,RG,2470,104,F,AK,YJ,D
10:00:35,MYOR,RG,2470,2,D,XC,YJ,D
10:00:04,MYOR,RG,2470,18,D,XC,OD,D
10:00:04,MYOR,RG,2470,9,F,ZP,OD,D
10:00:04,MYOR,RG,2470,1,F,AK,OD,D
10:00:04,MYOR,RG,2470,1,D,DH,OD,D
10:00:04,MYOR,RG,2470,1,D,PD,OD,D
10:00:04,MYOR,RG,2470,70,D,YP,OD,D
10:00:00,MYOR,RG,2470,10,D,YP,AK,F
10:00:00,MYOR,RG,2470,5,D,XC,AK,F
10:00:00,MYOR,RG,2470,5,D,XC,AK,F
10:00:00,MYOR,RG,2470,1,D,YP,AK,F
10:00:00,MYOR,RG,2470,5,D,GR,AK,F
09:59:46,MYOR,RG,2480,18,F,ZP,YP,D
09:59:44,MYOR,RG,2470,145,D,GR,DR,D
09:59:44,MYOR,RG,2470,5,D,NI,DR,D
09:59:44,MYOR,RG,2470,1,F,AK,DR,D
09:59:44,MYOR,RG,2470,10,D,PD,DR,D
09:59:44,MYOR,RG,2470,5,D,CC,DR,D
09:59:44,MYOR,RG,2470,20,D,XL,DR,D
09:59:44,MYOR,RG,2470,1,D,YP,DR,D
09:59:44,MYOR,RG,2470,1,D,XC,DR,D
09:59:44,MYOR,RG,2470,1,D,XC,DR,D
09:59:44,MYOR,RG,2470,1,D,XC,DR,D
09:59:44,MYOR,RG,2470,1,D,LG,DR,D
09:59:44,MYOR,RG,2470,1,D,PD,DR,D
09:59:44,MYOR,RG,2470,10,D,YP,DR,D
09:59:44,MYOR,RG,2470,1,D,PD,DR,D
09:59:44,MYOR,RG,2470,1,D,PD,DR,D
09:59:44,MYOR,RG,2470,181,F,YU,DR,D
09:58:52,MYOR,RG,2480,1,F,ZP,YP,D
09:58:51,MYOR,RG,2470,11,F,YU,ZP,D
09:58:28,MYOR,RG,2470,2,F,YU,YU,D
09:53:20,MYOR,RG,2480,1,D,PD,YP,D
09:52:12,MYOR,RG,2480,1,D,XL,YP,D
09:48:46,MYOR,RG,2480,1,F,ZP,YP,D
09:48:31,MYOR,RG,2480,1,D,XL,YP,D
09:48:31,MYOR,RG,2480,5,F,ZP,YP,D
09:48:28,MYOR,RG,2480,1,F,AK,YP,D
09:48:28,MYOR,RG,2480,4,F,ZP,YP,D
09:48:28,MYOR,RG,2480,20,D,LG,YP,D
09:48:28,MYOR,RG,2480,1,F,AK,YP,D
09:48:28,MYOR,RG,2480,28,D,GR,YP,D
09:47:04,MYOR,RG,2480,11,D,GR,AK,F
09:47:04,MYOR,RG,2480,82,D,GR,OD,D
09:47:02,MYOR,RG,2470,5,F,YU,PD,D
09:46:56,MYOR,RG,2480,1,D,DH,OD,D
09:46:42,MYOR,RG,2480,1,D,XC,OD,D
09:46:31,MYOR,RG,2480,9,F,ZP,OD,D
09:46:19,MYOR,RG,2480,5,D,PD,OD,D
09:46:19,MYOR,RG,2480,1,F,AK,OD,D
09:46:19,MYOR,RG,2480,1,F,AK,OD,D
09:45:28,MYOR,RG,2480,62,F,AK,CC,F
09:45:28,MYOR,RG,2480,18,F,ZP,CC,F
09:45:28,MYOR,RG,2480,18,F,ZP,CC,F
09:45:28,MYOR,RG,2480,2,D,XC,CC,F
09:44:58,MYOR,RG,2490,7,D,CC,YP,D
09:44:58,MYOR,RG,2490,5,D,CC,XC,D
09:44:58,MYOR,RG,2490,1,D,CC,YU,D
09:44:58,MYOR,RG,2490,7,D,CC,XC,D
09:44:46,MYOR,RG,2480,1,D,XC,YU,D
09:44:46,MYOR,RG,2480,2,D,XC,EP,D
09:42:13,MYOR,RG,2480,1,D,YP,EP,D
09:40:31,MYOR,RG,2480,1,F,ZP,EP,D
09:40:22,MYOR,RG,2480,6,D,AR,EP,D
09:40:22,MYOR,RG,2480,2,D,AR,PD,D
09:40:17,MYOR,RG,2470,5,F,YU,IF,D
09:40:17,MYOR,RG,2470,1,D,XC,IF,D
09:39:14,MYOR,RG,2480,2,D,XL,PD,D
09:39:14,MYOR,RG,2480,1,D,XL,YU,D
09:39:14,MYOR,RG,2480,2,D,XL,AK,F
09:39:14,MYOR,RG,2480,10,D,XL,AK,F
09:37:46,MYOR,RG,2480,1,F,ZP,AK,F
09:37:35,MYOR,RG,2480,4,D,YP,AK,F
09:37:31,MYOR,RG,2480,1,F,ZP,AK,F
09:37:23,MYOR,RG,2480,1,D,PD,AK,F
09:37:23,MYOR,RG,2470,1,D,XC,XL,D
09:37:23,MYOR,RG,2470,3,D,MG,XL,D
09:37:23,MYOR,RG,2470,8,D,AR,XL,D
09:36:26,MYOR,RG,2480,6,D,LG,AK,F
09:36:26,MYOR,RG,2480,4,D,LG,AK,F
09:35:16,MYOR,RG,2480,2,F,ZP,AK,F
09:35:06,MYOR,RG,2480,17,D,PD,AK,F
09:35:06,MYOR,RG,2480,13,D,PD,AK,F
09:35:01,MYOR,RG,2480,1,F,ZP,YU,D
09:35:01,MYOR,RG,2480,1,F,ZP,OD,D
09:34:58,MYOR,RG,2480,1,F,ZP,OD,D
09:34:55,MYOR,RG,2480,20,D,PD,OD,D
09:34:03,MYOR,RG,2480,2,D,XC,OD,D
09:33:46,MYOR,RG,2480,19,F,ZP,OD,D
09:33:45,MYOR,RG,2480,1,D,KK,OD,D
09:33:42,MYOR,RG,2480,3,F,ZP,OD,D
09:33:42,MYOR,RG,2480,1,F,AK,OD,D
09:33:42,MYOR,RG,2480,1,F,AK,OD,D
09:33:42,MYOR,RG,2480,5,D,NI,OD,D
09:33:42,MYOR,RG,2480,1,D,YP,OD,D
09:33:42,MYOR,RG,2480,1,D,XC,OD,D
09:33:42,MYOR,RG,2480,4,F,CC,OD,D
09:33:42,MYOR,RG,2480,5,D,CP,OD,D
09:33:42,MYOR,RG,2480,10,D,AZ,OD,D
09:33:42,MYOR,RG,2480,1,D,XL,OD,D
09:33:42,MYOR,RG,2480,3,D,XC,OD,D
09:33:42,MYOR,RG,2480,18,F,ZP,OD,D
09:33:42,MYOR,RG,2480,1,D,DH,OD,D
09:33:42,MYOR,RG,2480,2,F,ZP,OD,D
09:33:41,MYOR,RG,2480,2,F,ZP,XC,D
09:33:03,MYOR,RG,2480,2,F,ZP,AK,F
09:33:02,MYOR,RG,2480,1,F,ZP,AK,F
09:33:02,MYOR,RG,2480,2,F,ZP,AK,F
09:33:02,MYOR,RG,2480,2,F,ZP,AK,F
09:33:02,MYOR,RG,2480,7,F,ZP,AK,F
09:33:02,MYOR,RG,2480,2,D,YP,AK,F
09:33:02,MYOR,RG,2480,3,D,YP,AK,F
09:33:02,MYOR,RG,2480,1,D,KK,AK,F
09:33:02,MYOR,RG,2480,1,D,YP,AK,F
09:33:02,MYOR,RG,2480,4,D,KK,AK,F
09:33:02,MYOR,RG,2490,18,F,ZP,BK,F
09:33:02,MYOR,RG,2480,21,D,KK,XC,D
09:33:02,MYOR,RG,2480,1,D,NI,XC,D
09:33:02,MYOR,RG,2480,7,F,ZP,XC,D
09:33:02,MYOR,RG,2480,1,F,AK,XC,D
09:33:02,MYOR,RG,2480,1,D,YP,XC,D
09:33:02,MYOR,RG,2480,15,D,YP,XC,D
09:33:02,MYOR,RG,2480,1,D,CC,XC,D
09:33:02,MYOR,RG,2480,10,D,CC,XC,D
09:33:02,MYOR,RG,2480,5,D,BQ,XC,D
09:33:02,MYOR,RG,2480,1,F,AK,XC,D
09:33:02,MYOR,RG,2480,1,F,AK,XC,D
09:33:02,MYOR,RG,2480,50,D,YU,XC,D
09:33:02,MYOR,RG,2480,10,D,PD,XC,D
09:33:02,MYOR,RG,2480,2,D,PD,XC,D
09:33:02,MYOR,RG,2480,2,D,LG,XC,D
09:33:02,MYOR,RG,2480,1,D,YP,XC,D
09:33:02,MYOR,RG,2480,26,D,BQ,XC,D
09:32:45,MYOR,RG,2480,12,D,BQ,AK,F
09:31:27,MYOR,RG,2480,2,D,BQ,YU,D
09:29:00,MYOR,RG,2490,2,F,AK,BK,F
09:26:02,MYOR,RG,2490,1,F,ZP,BK,F
09:26:00,MYOR,RG,2480,11,D,BQ,AK,F
09:25:34,MYOR,RG,2480,25,D,BQ,EP,D
09:24:32,MYOR,RG,2480,24,D,BQ,DH,D
09:24:32,MYOR,RG,2480,3,D,YP,DH,D
09:23:48,MYOR,RG,2480,1,D,YP,LG,D
09:23:33,MYOR,RG,2490,3,F,ZP,BK,F
09:23:31,MYOR,RG,2480,16,D,YP,OD,D
09:23:31,MYOR,RG,2480,30,D,XC,OD,D
09:23:31,MYOR,RG,2480,2,D,SQ,OD,D
09:23:31,MYOR,RG,2480,25,D,EP,OD,D
09:23:31,MYOR,RG,2480,27,D,XC,OD,D
09:22:42,MYOR,RG,2480,2,D,XC,YU,D
09:21:45,MYOR,RG,2480,12,D,XC,AK,F
09:21:45,MYOR,RG,2480,1,D,XC,AK,F
09:20:01,MYOR,RG,2480,1,D,PD,CC,D
09:20:01,MYOR,RG,2480,2,D,DH,CC,D
09:20:01,MYOR,RG,2480,2,D,XL,CC,D
09:20:01,MYOR,RG,2480,1,D,AZ,CC,D
09:20:01,MYOR,RG,2480,1,D,XL,CC,D
09:20:01,MYOR,RG,2480,2,D,GR,CC,D
09:19:43,MYOR,RG,2480,1,D,CC,XC,D
09:18:45,MYOR,RG,2480,14,D,CC,AK,F
09:17:44,MYOR,RG,2480,5,D,CC,NI,D
09:17:44,MYOR,RG,2480,1,D,XC,NI,D
09:17:44,MYOR,RG,2480,1,F,AK,NI,D
09:17:44,MYOR,RG,2480,1,D,YP,NI,D
09:17:44,MYOR,RG,2480,3,D,CP,NI,D
09:17:44,MYOR,RG,2480,5,D,XC,NI,D
09:17:44,MYOR,RG,2480,1,F,AK,NI,D
09:17:44,MYOR,RG,2480,1,F,ZP,NI,D
09:17:44,MYOR,RG,2480,1,D,XL,NI,D
09:17:44,MYOR,RG,2480,2,D,TF,NI,D
09:16:09,MYOR,RG,2480,3,D,TF,EP,D
09:16:09,MYOR,RG,2480,3,D,YP,EP,D
09:13:26,MYOR,RG,2480,2,D,YP,YU,D
09:08:37,MYOR,RG,2480,1,D,YP,XL,D
09:08:11,MYOR,RG,2490,1,F,ZP,BK,F
09:08:09,MYOR,RG,2480,2,D,YP,AK,F
09:07:27,MYOR,RG,2480,20,D,YP,KK,D
09:03:53,MYOR,RG,2480,50,D,YP,NI,D
09:03:31,MYOR,RG,2490,2,F,ZP,BK,F
09:03:25,MYOR,RG,2480,22,D,YP,XL,D
09:03:25,MYOR,RG,2480,2,D,XL,XL,D
09:03:25,MYOR,RG,2480,1,D,DR,XL,D
09:03:25,MYOR,RG,2480,1,D,SQ,XL,D
09:03:25,MYOR,RG,2480,5,D,AR,XL,D
09:02:16,MYOR,RG,2490,5,F,ZP,BK,F
09:02:15,MYOR,RG,2480,3,D,AR,AK,F
09:01:35,MYOR,RG,2490,1,F,ZP,AK,F
09:01:35,MYOR,RG,2490,1,D,XL,AK,F
09:01:35,MYOR,RG,2490,20,D,XL,AK,F
09:01:35,MYOR,RG,2490,8,D,XC,AK,F
09:01:35,MYOR,RG,2490,45,D,PD,AK,F
09:01:35,MYOR,RG,2490,1,D,SQ,AK,F
09:01:29,MYOR,RG,2490,3,D,AR,LG,D
09:01:21,MYOR,RG,2500,2,F,RX,CC,F
09:01:17,MYOR,RG,2490,2,D,AR,AK,F
09:01:14,MYOR,RG,2500,1,F,ZP,CC,F
09:01:05,MYOR,RG,2500,1,F,RX,CC,F
09:01:03,MYOR,RG,2490,1,D,AR,AK,F
09:00:25,MYOR,RG,2500,1,F,RX,CC,F
09:00:22,MYOR,RG,2500,2,D,XL,CC,F
09:00:11,MYOR,RG,2500,4,F,RX,CC,F
09:00:11,MYOR,RG,2500,6,F,RX,CC,F
09:00:07,MYOR,RG,2500,1,F,ZP,CC,F
09:00:05,MYOR,RG,2490,2,D,AR,AK,F
09:00:05,MYOR,RG,2500,5,D,PD,CC,F
09:00:04,MYOR,RG,2500,2,D,XC,CC,F
09:00:04,MYOR,RG,2500,4,F,AK,CC,F
09:00:04,MYOR,RG,2500,1,D,XC,CC,F
09:00:00,MYOR,RG,2500,7,F,RX,CC,F
09:00:00,MYOR,RG,2500,10,D,AR,CC,F
