Time,Stock,Brd,Price,Qty,BT,BC,SC,ST
15:13:36,MYOR,RG,1675,1,D,LG,XC,D
15:11:40,MYOR,RG,1675,1,D,LG,CS,F
15:11:30,MYOR,RG,1675,1,D,LG,KZ,F
15:11:30,MYOR,RG,1675,1,D,LG,CS,F
15:11:20,MYOR,RG,1675,5,D,LG,CS,F
15:11:14,MYOR,RG,1675,3,D,LG,KZ,F
15:11:14,MYOR,RG,1675,25,D,LG,PD,D
15:09:58,MYOR,RG,1675,3,D,LG,CS,F
15:09:49,MYOR,RG,1675,2,D,LG,KZ,F
15:09:48,MYOR,RG,1675,13,D,LG,XC,D
15:09:37,MYOR,RG,1675,2,D,LG,CS,F
15:09:32,MYOR,RG,1675,1,D,LG,KZ,F
15:09:32,MYOR,RG,1675,4,D,LG,XC,D
15:09:27,MYOR,RG,1675,5,D,LG,CS,F
15:09:25,MYOR,RG,1675,1,D,LG,KZ,F
15:09:24,MYOR,RG,1675,5,D,LG,DH,D
15:09:17,MYOR,RG,1675,2,D,LG,KZ,F
15:09:17,MYOR,RG,1675,21,D,LG,CS,F
15:09:15,MYOR,RG,1675,12,D,LG,KZ,F
15:09:14,MYOR,RG,1675,100,D,LG,CC,D
15:09:07,MYOR,RG,1675,2,D,LG,CS,F
15:09:00,MYOR,RG,1675,1,D,LG,KZ,F
15:09:00,MYOR,RG,1675,1,D,LG,XC,D
15:08:57,MYOR,RG,1675,1,D,LG,KZ,F
15:08:56,MYOR,RG,1675,8,D,LG,CS,F
15:08:47,MYOR,RG,1675,4,D,LG,KZ,F
15:08:46,MYOR,RG,1675,40,D,LG,CS,F
15:08:41,MYOR,RG,1675,13,D,LG,KZ,F
15:08:41,MYOR,RG,1675,10,D,HD,KZ,F
15:08:40,MYOR,RG,1675,1,D,HD,KZ,F
15:08:39,MYOR,RG,1675,189,D,HD,CC,D
15:08:39,MYOR,RG,1675,11,D,PD,CC,D
15:07:24,MYOR,RG,1675,1,D,PD,CS,F
15:07:14,MYOR,RG,1675,2,D,PD,CS,F
15:07:05,MYOR,RG,1675,1,D,PD,KZ,F
15:07:04,MYOR,RG,1675,4,D,PD,KZ,F
15:07:04,MYOR,RG,1675,8,D,PD,CS,F
15:07:03,MYOR,RG,1675,1,D,PD,KZ,F
15:07:02,MYOR,RG,1675,32,D,PD,XC,D
15:07:02,MYOR,RG,1675,10,D,YP,XC,D
15:04:19,MYOR,RG,1675,1,D,OD,CS,F
15:04:09,MYOR,RG,1675,1,D,OD,KZ,F
15:04:08,MYOR,RG,1675,3,D,OD,CS,F
15:04:02,MYOR,RG,1675,2,D,OD,KZ,F
15:04:01,MYOR,RG,1675,16,D,OD,YP,D
15:03:37,MYOR,RG,1675,2,D,OD,CS,F
15:03:28,MYOR,RG,1675,1,D,OD,KZ,F
15:03:27,MYOR,RG,1675,8,D,OD,CS,F
15:03:27,MYOR,RG,1675,2,D,OD,KZ,F
15:03:26,MYOR,RG,1675,9,D,OD,KZ,F
15:03:25,MYOR,RG,1675,4,D,OD,CS,F
15:03:25,MYOR,RG,1675,17,D,OD,KZ,F
15:03:25,MYOR,RG,1675,11,D,OD,CS,F
15:03:24,MYOR,RG,1675,26,D,OD,CS,F
15:03:24,MYOR,RG,1675,43,D,OD,KZ,F
15:03:24,MYOR,RG,1675,9,D,OD,CS,F
15:03:24,MYOR,RG,1675,6,D,OD,CS,F
15:03:23,MYOR,RG,1675,5,D,OD,PD,D
15:03:23,MYOR,RG,1675,118,D,OD,KZ,F
15:03:23,MYOR,RG,1675,21,D,OD,KZ,F
15:03:23,MYOR,RG,1675,38,D,OD,CS,F
15:03:23,MYOR,RG,1675,46,D,OD,CS,F
15:03:22,MYOR,RG,1675,50,D,OD,YP,D
15:03:22,MYOR,RG,1675,14,D,OD,CS,F
15:03:22,MYOR,RG,1675,46,D,OD,CS,F
15:03:22,MYOR,RG,1675,77,D,OD,CS,F
15:03:22,MYOR,RG,1675,16,D,OD,CS,F
15:03:22,MYOR,RG,1675,11,D,OD,KZ,F
15:03:22,MYOR,RG,1675,123,D,OD,KZ,F
15:03:22,MYOR,RG,1675,78,D,OD,CS,F
15:03:22,MYOR,RG,1675,37,D,OD,CS,F
15:03:22,MYOR,RG,1675,17,D,OD,CS,F
15:02:30,MYOR,RG,1675,75,D,OD,CS,F
15:02:30,MYOR,RG,1675,18,D,OD,CS,F
15:02:30,MYOR,RG,1675,72,D,OD,NI,D
15:02:30,MYOR,RG,1675,88,D,OD,NI,D
15:02:30,MYOR,RG,1675,81,D,OD,CS,F
15:02:30,MYOR,RG,1675,450,D,OD,AK,F
15:02:30,MYOR,RG,1675,15,D,OD,KZ,F
15:02:30,MYOR,RG,1675,52,D,OD,CC,D
15:02:30,MYOR,RG,1675,430,D,OD,CC,D
15:02:30,MYOR,RG,1675,209,D,OD,CC,D
15:02:29,MYOR,RG,1675,510,D,OD,CC,D
15:02:23,MYOR,RG,1675,1,D,YP,CC,D
15:02:11,MYOR,RG,1675,100,D,NI,CC,D
15:01:46,MYOR,RG,1675,10,D,PD,CC,D
15:01:46,MYOR,RG,1675,229,D,DR,CC,D
15:01:46,MYOR,RG,1675,2,D,XC,CC,D
15:01:46,MYOR,RG,1675,1,D,XL,CC,D
15:01:46,MYOR,RG,1675,83,D,OD,CC,D
15:01:46,MYOR,RG,1675,123,D,OD,CC,D
15:01:45,MYOR,RG,1675,1,D,OD,CS,F
15:01:35,MYOR,RG,1675,1,D,OD,AK,F
15:01:35,MYOR,RG,1675,1,D,OD,KZ,F
15:01:34,MYOR,RG,1675,2,D,OD,YP,D
15:01:34,MYOR,RG,1675,1,D,OD,CS,F
15:01:24,MYOR,RG,1675,1,D,OD,AK,F
15:01:23,MYOR,RG,1675,4,D,OD,CS,F
15:01:20,MYOR,RG,1675,1,D,OD,AK,F
15:01:20,MYOR,RG,1675,1,D,OD,KZ,F
15:01:19,MYOR,RG,1675,3,D,OD,XC,D
15:01:18,MYOR,RG,1675,1,D,OD,AK,F
15:01:17,MYOR,RG,1675,2,D,OD,AK,F
15:01:17,MYOR,RG,1675,1,D,OD,KZ,F
15:01:16,MYOR,RG,1675,8,D,OD,YP,D
15:01:15,MYOR,RG,1675,2,D,OD,AK,F
15:01:15,MYOR,RG,1675,1,D,OD,KZ,F
15:01:14,MYOR,RG,1675,1,D,OD,CS,F
15:01:14,MYOR,RG,1675,1,D,OD,AK,F
15:01:14,MYOR,RG,1675,2,D,OD,CS,F
15:01:14,MYOR,RG,1675,3,D,OD,KZ,F
15:01:13,MYOR,RG,1675,5,D,OD,KZ,F
15:01:08,MYOR,RG,1675,1,D,OD,AK,F
15:01:07,MYOR,RG,1675,4,D,OD,AK,F
15:01:07,MYOR,RG,1675,3,D,OD,CS,F
15:01:06,MYOR,RG,1675,1,D,OD,CS,F
15:01:06,MYOR,RG,1675,7,D,OD,AK,F
15:01:06,MYOR,RG,1675,3,D,OD,KZ,F
15:01:06,MYOR,RG,1675,7,D,OD,CS,F
15:01:05,MYOR,RG,1675,2,D,OD,CS,F
15:01:05,MYOR,RG,1675,27,D,OD,AK,F
15:01:05,MYOR,RG,1675,16,D,OD,CS,F
15:01:05,MYOR,RG,1675,4,D,OD,KZ,F
15:01:04,MYOR,RG,1675,6,D,OD,CS,F
15:01:04,MYOR,RG,1675,21,D,OD,AK,F
15:01:04,MYOR,RG,1675,67,D,OD,KZ,F
15:01:04,MYOR,RG,1675,8,D,OD,CS,F
15:01:04,MYOR,RG,1675,10,D,OD,CS,F
15:01:03,MYOR,RG,1675,12,D,OD,CS,F
15:01:03,MYOR,RG,1675,100,D,OD,AK,F
15:01:01,MYOR,RG,1675,4,D,OD,CS,F
15:01:01,MYOR,RG,1675,2,D,OD,CS,F
15:01:01,MYOR,RG,1675,65,D,OD,CS,F
15:01:00,MYOR,RG,1675,1,D,OD,XC,D
15:01:00,MYOR,RG,1675,1,D,OD,XC,D
15:01:00,MYOR,RG,1675,1,D,OD,XC,D
15:01:00,MYOR,RG,1675,19,D,OD,CC,D
15:01:00,MYOR,RG,1675,104,D,OD,CC,D
15:01:00,MYOR,RG,1675,255,D,OD,CC,D
15:01:00,MYOR,RG,1675,9,D,XC,CC,D
15:00:00,MYOR,RG,1675,13,D,CC,CC,D
15:00:00,MYOR,RG,1675,1,D,CC,XC,D
15:00:00,MYOR,RG,1675,10,D,CC,XC,D
15:00:00,MYOR,RG,1675,1,D,CC,XC,D
15:00:00,MYOR,RG,1675,1,D,CC,XC,D
15:00:00,MYOR,RG,1675,174,D,CC,YP,D
15:00:00,MYOR,RG,1675,2,D,XC,YP,D
15:00:00,MYOR,RG,1675,3,D,DH,YP,D
15:00:00,MYOR,RG,1675,1,D,KK,YP,D
15:00:00,MYOR,RG,1675,1,D,NI,YP,D
15:00:00,MYOR,RG,1675,1,D,CC,YP,D
15:00:00,MYOR,RG,1675,1,D,CP,YP,D
15:00:00,MYOR,RG,1675,17,D,CC,YP,D
15:00:00,MYOR,RG,1675,10,D,CC,PD,D
15:00:00,MYOR,RG,1675,15,D,CC,KK,D
15:00:00,MYOR,RG,1675,2,D,CC,EP,D
15:00:00,MYOR,RG,1675,94,D,CC,DR,D
15:00:00,MYOR,RG,1675,2,D,CC,CP,D
15:00:00,MYOR,RG,1675,5,D,CC,LG,D
15:00:00,MYOR,RG,1675,85,D,CC,SQ,D
15:00:00,MYOR,RG,1675,20,D,CC,CC,D
15:00:00,MYOR,RG,1675,92,D,CC,YP,D
15:00:00,MYOR,RG,1675,30,D,CC,YP,D
15:00:00,MYOR,RG,1675,1,D,CC,PD,D
15:00:00,MYOR,RG,1675,54,D,CC,GR,D
15:00:00,MYOR,RG,1675,20,D,CC,EP,D
15:00:00,MYOR,RG,1675,500,D,CC,AZ,D
15:00:00,MYOR,RG,1675,32,D,CC,EP,D
15:00:00,MYOR,RG,1675,100,D,CC,YP,D
15:00:00,MYOR,RG,1675,5,D,CC,YP,D
15:00:00,MYOR,RG,1675,33,D,CC,AK,F
15:00:00,MYOR,RG,1675,324,D,CC,AK,F
15:00:00,MYOR,RG,1675,166,D,CC,AK,F
15:00:00,MYOR,RG,1675,122,D,CC,AK,F
15:00:00,MYOR,RG,1675,22,D,CC,KZ,F
15:00:00,MYOR,RG,1675,60,D,CC,CS,F
15:00:00,MYOR,RG,1675,3,D,CC,KZ,F
15:00:00,MYOR,RG,1675,2,D,CC,KZ,F
15:00:00,MYOR,RG,1675,127,D,CC,KZ,F
15:00:00,MYOR,RG,1675,253,D,CC,CS,F
15:00:00,MYOR,RG,1675,19,D,CC,KZ,F
15:00:00,MYOR,RG,1675,223,D,CC,CS,F
15:00:00,MYOR,RG,1675,87,D,CC,KZ,F
15:00:00,MYOR,RG,1675,9,D,CC,CS,F
15:00:00,MYOR,RG,1675,3,D,CC,KZ,F
15:00:00,MYOR,RG,1675,46,D,CC,KZ,F
15:00:00,MYOR,RG,1675,67,D,CC,CS,F
15:00:00,MYOR,RG,1675,1,D,YP,CS,F
15:00:00,MYOR,RG,1675,13,D,PD,CS,F
15:00:00,MYOR,RG,1675,9,D,YP,CS,F
15:00:00,MYOR,RG,1675,10,F,AK,CS,F
15:00:00,MYOR,RG,1675,3,F,AK,AK,F
15:00:00,MYOR,RG,1675,5,F,AK,AK,F
14:49:40,MYOR,RG,1670,1,D,OD,KZ,F
14:49:39,MYOR,RG,1670,7,D,OD,PD,D
14:49:08,MYOR,RG,1670,15,D,OD,KZ,F
14:49:07,MYOR,RG,1670,14,D,OD,PD,D
14:48:38,MYOR,RG,1675,2,F,AK,CS,F
14:48:00,MYOR,RG,1675,105,D,SQ,CS,F
14:48:00,MYOR,RG,1675,25,D,SQ,KZ,F
14:48:00,MYOR,RG,1675,125,D,SQ,KZ,F
14:48:00,MYOR,RG,1675,142,D,SQ,YU,F
14:48:00,MYOR,RG,1675,35,D,SQ,KZ,F
14:48:00,MYOR,RG,1675,2,D,SQ,XC,D
14:48:00,MYOR,RG,1675,66,D,SQ,AK,F
14:47:48,MYOR,RG,1670,1,D,OD,XC,D
14:47:46,MYOR,RG,1670,2,D,OD,KK,D
14:47:34,MYOR,RG,1675,15,F,AK,AK,F
14:47:34,MYOR,RG,1675,2,F,AK,XC,D
14:47:34,MYOR,RG,1675,1,F,AK,AK,F
14:47:33,MYOR,RG,1670,95,D,OD,GR,D
14:47:33,MYOR,RG,1675,177,D,OD,CS,F
14:47:33,MYOR,RG,1675,5,D,OD,PD,D
14:47:33,MYOR,RG,1675,66,D,OD,CS,F
14:47:33,MYOR,RG,1675,104,D,OD,CS,F
14:47:33,MYOR,RG,1675,309,D,OD,CS,F
14:47:33,MYOR,RG,1675,10,D,OD,KK,D
14:47:33,MYOR,RG,1675,265,D,OD,CS,F
14:47:33,MYOR,RG,1675,330,D,OD,CS,F
14:47:33,MYOR,RG,1675,2,D,OD,XC,D
14:47:33,MYOR,RG,1675,9,D,OD,YU,F
14:47:33,MYOR,RG,1675,427,D,OD,YU,F
14:47:33,MYOR,RG,1675,2,D,OD,AK,F
14:47:33,MYOR,RG,1675,216,D,OD,AK,F
14:47:33,MYOR,RG,1675,16,D,OD,AK,F
14:47:33,MYOR,RG,1675,1,D,OD,AK,F
14:47:33,MYOR,RG,1675,100,D,OD,CC,D
14:47:33,MYOR,RG,1675,58,D,OD,YU,F
14:47:33,MYOR,RG,1675,5,D,OD,PD,D
14:47:33,MYOR,RG,1675,133,D,OD,LG,D
14:47:33,MYOR,RG,1675,147,D,OD,LG,D
14:47:33,MYOR,RG,1675,2,D,OD,YP,D
14:47:33,MYOR,RG,1675,6,D,OD,KZ,F
14:47:33,MYOR,RG,1675,3,D,OD,YP,D
14:47:33,MYOR,RG,1675,1,D,OD,XC,D
14:47:33,MYOR,RG,1675,10,D,OD,YP,D
14:47:33,MYOR,RG,1675,20,D,OD,KZ,F
14:47:33,MYOR,RG,1675,1,D,OD,KZ,F
14:47:33,MYOR,RG,1675,40,D,OD,KZ,F
14:47:33,MYOR,RG,1675,1,D,OD,YP,D
14:47:33,MYOR,RG,1675,1,D,OD,KZ,F
14:47:33,MYOR,RG,1675,29,D,OD,KZ,F
14:47:33,MYOR,RG,1675,41,D,OD,KZ,F
14:47:33,MYOR,RG,1675,118,D,OD,CS,F
14:47:33,MYOR,RG,1675,9,D,OD,KZ,F
14:47:33,MYOR,RG,1675,2,D,OD,KZ,F
14:47:33,MYOR,RG,1675,40,D,OD,KZ,F
14:47:33,MYOR,RG,1675,9,D,OD,CS,F
14:47:33,MYOR,RG,1675,285,D,OD,DR,D
14:47:17,MYOR,RG,1670,1,D,OD,KZ,F
14:47:16,MYOR,RG,1670,10,D,OD,PD,D
14:46:42,MYOR,RG,1670,11,D,OD,KZ,F
14:46:40,MYOR,RG,1670,19,D,OD,KZ,F
14:46:40,MYOR,RG,1670,16,D,OD,AK,F
14:46:39,MYOR,RG,1670,78,D,OD,CS,F
14:46:39,MYOR,RG,1670,155,D,OD,CS,F
14:46:37,MYOR,RG,1670,2,D,OD,KK,D
14:46:27,MYOR,RG,1670,1,D,OD,KZ,F
14:46:26,MYOR,RG,1670,6,D,OD,YP,D
14:46:22,MYOR,RG,1670,5,D,OD,KZ,F
14:46:22,MYOR,RG,1670,3,D,OD,AK,F
14:46:21,MYOR,RG,1670,45,D,OD,GR,D
14:46:07,MYOR,RG,1670,1,D,OD,KZ,F
14:46:05,MYOR,RG,1670,1,D,OD,KZ,F
14:46:05,MYOR,RG,1670,1,D,OD,AK,F
14:46:03,MYOR,RG,1670,1,D,OD,KZ,F
14:46:03,MYOR,RG,1670,13,D,OD,NI,D
14:46:03,MYOR,RG,1670,12,D,OD,NI,D
14:45:55,MYOR,RG,1670,1,D,OD,KZ,F
14:45:54,MYOR,RG,1670,2,D,OD,AK,F
14:45:54,MYOR,RG,1670,2,D,OD,KZ,F
14:45:54,MYOR,RG,1670,20,D,OD,DR,D
14:45:15,MYOR,RG,1670,1,D,OD,KZ,F
14:45:14,MYOR,RG,1670,4,D,OD,XC,D
14:44:51,MYOR,RG,1670,6,D,OD,KZ,F
14:44:50,MYOR,RG,1670,1,D,OD,AK,F
14:44:49,MYOR,RG,1670,15,D,OD,KZ,F
14:44:49,MYOR,RG,1670,11,D,OD,AK,F
14:44:49,MYOR,RG,1670,39,D,OD,CC,D
14:44:49,MYOR,RG,1670,129,D,OD,CC,D
14:44:24,MYOR,RG,1670,5,D,OD,KZ,F
14:44:14,MYOR,RG,1670,1,D,OD,CC,D
14:43:55,MYOR,RG,1670,12,D,OD,AK,F
14:43:55,MYOR,RG,1670,6,D,OD,KZ,F
14:43:55,MYOR,RG,1670,39,D,OD,KZ,F
14:43:55,MYOR,RG,1670,10,D,OD,YP,D
14:43:55,MYOR,RG,1670,65,D,OD,AK,F
14:43:55,MYOR,RG,1670,8,D,OD,AK,F
14:43:55,MYOR,RG,1670,3,D,OD,KZ,F
14:43:48,MYOR,RG,1670,37,D,OD,CS,F
14:43:47,MYOR,RG,1670,16,D,OD,CS,F
14:43:47,MYOR,RG,1670,131,D,OD,CS,F
14:43:47,MYOR,RG,1670,151,D,OD,CS,F
14:43:47,MYOR,RG,1670,3,D,OD,AK,F
14:43:47,MYOR,RG,1670,36,D,OD,AK,F
14:43:47,MYOR,RG,1670,71,D,OD,AK,F
14:43:47,MYOR,RG,1670,1,D,OD,XC,D
14:43:47,MYOR,RG,1670,1,D,OD,KZ,F
14:43:47,MYOR,RG,1670,11,D,OD,KZ,F
14:43:47,MYOR,RG,1670,1,D,OD,DR,D
14:43:47,MYOR,RG,1670,6,D,OD,KZ,F
14:43:47,MYOR,RG,1670,35,D,OD,KZ,F
14:43:47,MYOR,RG,1670,2,D,OD,KZ,F
14:43:47,MYOR,RG,1670,106,D,OD,CS,F
14:43:47,MYOR,RG,1670,37,D,OD,CS,F
14:43:47,MYOR,RG,1670,51,D,OD,SQ,D
14:43:47,MYOR,RG,1670,1,D,OD,AK,F
14:43:47,MYOR,RG,1670,1,D,OD,AK,F
14:43:47,MYOR,RG,1670,2,D,OD,KZ,F
14:43:47,MYOR,RG,1670,22,D,OD,KZ,F
14:43:47,MYOR,RG,1670,4,D,OD,KZ,F
14:43:47,MYOR,RG,1670,25,D,OD,KZ,F
14:43:47,MYOR,RG,1670,125,D,OD,AK,F
14:43:47,MYOR,RG,1670,58,D,OD,CS,F
14:43:47,MYOR,RG,1670,8,D,OD,AK,F
14:43:47,MYOR,RG,1670,7,D,OD,KZ,F
14:43:47,MYOR,RG,1670,51,D,OD,BK,F
14:42:52,MYOR,RG,1665,9,D,OD,AK,F
14:42:52,MYOR,RG,1665,91,D,OD,CC,D
14:42:46,MYOR,RG,1670,3,D,XC,BK,F
14:42:06,MYOR,RG,1665,50,D,OD,CC,D
14:41:48,MYOR,RG,1665,5,D,OD,AK,F
14:41:48,MYOR,RG,1665,10,D,NI,AK,F
14:41:48,MYOR,RG,1665,1,D,CC,AK,F
14:41:36,MYOR,RG,1670,4,D,PD,BK,F
14:41:33,MYOR,RG,1665,19,D,CC,YU,D
14:41:33,MYOR,RG,1665,2,D,XC,YU,D
14:41:33,MYOR,RG,1665,3,D,XC,YU,D
14:41:33,MYOR,RG,1665,5,D,YP,YU,D
14:41:33,MYOR,RG,1665,10,D,PD,YU,D
14:41:33,MYOR,RG,1665,1,D,XC,YU,D
14:41:33,MYOR,RG,1665,3,D,DR,YU,D
14:41:33,MYOR,RG,1665,5,D,PD,YU,D
14:41:33,MYOR,RG,1665,30,D,YP,YU,D
14:41:33,MYOR,RG,1665,12,D,OD,YU,D
14:41:32,MYOR,RG,1670,83,D,OD,BK,F
14:41:32,MYOR,RG,1670,38,D,OD,BK,F
14:41:31,MYOR,RG,1670,58,D,OD,YU,D
14:41:27,MYOR,RG,1670,25,D,OD,KZ,F
14:41:26,MYOR,RG,1670,2,D,OD,AK,F
14:41:26,MYOR,RG,1670,17,D,OD,AK,F
14:41:25,MYOR,RG,1670,10,D,OD,KZ,F
14:41:24,MYOR,RG,1670,193,D,OD,CS,F
14:41:24,MYOR,RG,1670,85,D,OD,CS,F
14:41:04,MYOR,RG,1670,14,D,OD,KZ,F
14:41:02,MYOR,RG,1670,10,D,OD,AK,F
14:41:02,MYOR,RG,1670,9,D,OD,KZ,F
14:41:01,MYOR,RG,1670,97,D,OD,YU,D
14:41:01,MYOR,RG,1670,12,D,OD,YU,D
14:41:01,MYOR,RG,1670,71,D,OD,YU,D
14:40:06,MYOR,RG,1670,21,D,OD,KZ,F
14:40:06,MYOR,RG,1670,2,D,OD,KZ,F
14:40:05,MYOR,RG,1670,200,D,OD,YU,D
14:40:04,MYOR,RG,1670,2,D,OD,KZ,F
14:39:46,MYOR,RG,1670,2,D,OD,AK,F
14:39:46,MYOR,RG,1670,6,D,OD,AK,F
14:39:46,MYOR,RG,1670,1,D,OD,KZ,F
14:39:46,MYOR,RG,1670,18,D,OD,KZ,F
14:39:46,MYOR,RG,1670,12,D,OD,CS,F
14:39:46,MYOR,RG,1670,12,D,OD,KZ,F
14:39:44,MYOR,RG,1665,6,D,OD,XC,D
14:39:12,MYOR,RG,1670,1,D,BQ,CS,F
14:39:12,MYOR,RG,1670,83,D,OD,CS,F
14:39:12,MYOR,RG,1670,66,D,OD,CS,F
14:39:11,MYOR,RG,1670,100,D,OD,YP,D
14:39:04,MYOR,RG,1670,21,D,OD,KZ,F
14:39:02,MYOR,RG,1670,50,D,OD,YP,D
14:39:01,MYOR,RG,1675,30,D,PD,DR,D
14:39:01,MYOR,RG,1670,10,D,OD,KZ,F
14:39:00,MYOR,RG,1670,70,D,OD,YU,D
14:39:00,MYOR,RG,1670,26,D,OD,YU,D
14:39:00,MYOR,RG,1670,82,D,OD,YU,D
14:38:59,MYOR,RG,1670,2,D,OD,NI,D
14:38:54,MYOR,RG,1670,13,D,OD,KZ,F
14:38:52,MYOR,RG,1670,100,D,OD,OD,D
14:38:52,MYOR,RG,1670,10,D,OD,KZ,F
14:38:51,MYOR,RG,1670,8,D,OD,YP,D
14:38:51,MYOR,RG,1670,92,D,OD,YP,D
14:38:04,MYOR,RG,1670,5,D,OD,KZ,F
14:38:01,MYOR,RG,1670,3,D,OD,KZ,F
14:37:58,MYOR,RG,1670,1,D,OD,AK,F
14:37:58,MYOR,RG,1670,3,D,OD,AK,F
14:37:58,MYOR,RG,1670,1,D,OD,AK,F
14:37:58,MYOR,RG,1670,1,D,OD,AK,F
14:37:58,MYOR,RG,1670,14,D,OD,KZ,F
14:37:58,MYOR,RG,1670,120,D,OD,PD,D
14:37:58,MYOR,RG,1670,2,D,OD,KZ,F
14:37:58,MYOR,RG,1670,10,D,OD,AK,F
14:37:58,MYOR,RG,1670,10,D,OD,DR,D
14:37:58,MYOR,RG,1670,1,D,OD,KZ,F
14:37:58,MYOR,RG,1670,8,D,OD,KZ,F
14:37:58,MYOR,RG,1670,44,D,OD,AK,F
14:37:58,MYOR,RG,1670,10,D,OD,KZ,F
14:37:58,MYOR,RG,1670,34,D,OD,YU,D
14:37:00,MYOR,RG,1670,10,D,XC,YU,D
14:37:00,MYOR,RG,1670,5,D,NI,YU,D
14:37:00,MYOR,RG,1670,17,F,AK,YU,D
14:37:00,MYOR,RG,1670,21,F,AK,YU,D
14:37:00,MYOR,RG,1670,82,D,OD,YU,D
14:36:44,MYOR,RG,1670,1,D,OD,KZ,F
14:36:44,MYOR,RG,1670,26,D,OD,KZ,F
14:36:43,MYOR,RG,1670,233,D,OD,BK,F
14:36:35,MYOR,RG,1670,7,D,OD,KZ,F
14:36:33,MYOR,RG,1670,20,D,OD,KZ,F
14:36:33,MYOR,RG,1670,57,D,OD,BK,F
14:36:33,MYOR,RG,1670,167,D,OD,BK,F
14:35:23,MYOR,RG,1670,2,D,OD,YP,D
14:35:12,MYOR,RG,1670,1,D,OD,OD,D
14:35:02,MYOR,RG,1670,4,D,OD,KZ,F
14:35:00,MYOR,RG,1670,12,D,OD,KZ,F
14:35:00,MYOR,RG,1670,29,D,OD,YU,D
14:35:00,MYOR,RG,1670,104,D,OD,YU,D
14:35:00,MYOR,RG,1670,6,D,OD,YU,D
14:35:00,MYOR,RG,1670,90,D,OD,YU,D
14:34:51,MYOR,RG,1670,5,D,OD,OD,D
14:34:32,MYOR,RG,1670,5,D,OD,DR,D
14:33:44,MYOR,RG,1670,15,D,OD,KZ,F
14:33:44,MYOR,RG,1670,15,D,OD,AK,F
14:33:44,MYOR,RG,1670,12,D,OD,KZ,F
14:33:44,MYOR,RG,1670,4,D,OD,OD,D
14:33:44,MYOR,RG,1670,62,D,OD,YU,D
14:33:44,MYOR,RG,1670,40,D,OD,YU,D
14:33:44,MYOR,RG,1670,1,D,OD,KZ,F
14:33:37,MYOR,RG,1670,1,D,XC,AK,F
14:33:37,MYOR,RG,1670,1,D,XC,AK,F
14:33:37,MYOR,RG,1670,1,D,XC,CS,F
14:33:37,MYOR,RG,1670,2,D,XC,KZ,F
14:33:01,MYOR,RG,1665,1,D,OD,OD,D
14:32:55,MYOR,RG,1670,4,D,KK,OD,D
14:32:54,MYOR,RG,1670,2,D,GR,KZ,F
14:32:53,MYOR,RG,1670,8,D,GR,BK,F
14:32:53,MYOR,RG,1670,4,D,XC,BK,F
14:32:53,MYOR,RG,1670,1,D,YP,BK,F
14:32:53,MYOR,RG,1670,1,D,YP,BK,F
14:32:53,MYOR,RG,1670,1,D,XC,BK,F
14:32:53,MYOR,RG,1670,16,D,OD,BK,F
14:32:46,MYOR,RG,1670,6,D,OD,BK,F
14:32:32,MYOR,RG,1670,1,D,OD,KZ,F
14:32:31,MYOR,RG,1670,8,D,OD,NI,D
14:32:29,MYOR,RG,1670,4,D,OD,KZ,F
14:32:27,MYOR,RG,1670,20,D,OD,KZ,F
14:32:26,MYOR,RG,1670,28,D,OD,YP,D
14:32:26,MYOR,RG,1670,172,D,OD,YP,D
14:32:03,MYOR,RG,1670,9,D,OD,KZ,F
14:32:01,MYOR,RG,1670,7,D,OD,KZ,F
14:32:00,MYOR,RG,1670,80,D,OD,YU,D
14:32:00,MYOR,RG,1670,52,D,OD,YU,D
14:31:53,MYOR,RG,1670,5,D,OD,OD,D
14:31:18,MYOR,RG,1670,1,D,OD,KZ,F
14:31:17,MYOR,RG,1670,11,D,OD,XC,D
14:30:54,MYOR,RG,1670,1,D,OD,KZ,F
14:30:53,MYOR,RG,1670,4,D,OD,OD,D
14:30:30,MYOR,RG,1675,2,D,HP,DR,D
14:30:03,MYOR,RG,1670,1,D,OD,KZ,F
14:30:03,MYOR,RG,1670,10,D,OD,KZ,F
14:30:01,MYOR,RG,1670,7,D,OD,KZ,F
14:30:00,MYOR,RG,1670,94,D,OD,YU,D
14:30:00,MYOR,RG,1670,60,D,OD,YU,D
14:29:56,MYOR,RG,1670,1,D,OD,KZ,F
14:29:55,MYOR,RG,1670,5,D,OD,OD,D
14:29:26,MYOR,RG,1670,1,D,OD,XC,D
14:29:04,MYOR,RG,1670,4,D,OD,KZ,F
14:28:56,MYOR,RG,1670,1,D,OD,KZ,F
14:28:55,MYOR,RG,1670,4,D,OD,OD,D
14:28:54,MYOR,RG,1670,1,D,OD,KZ,F
14:28:44,MYOR,RG,1670,4,D,OD,KZ,F
14:28:44,MYOR,RG,1670,2,D,OD,KZ,F
14:28:25,MYOR,RG,1670,21,D,OD,NI,D
14:28:25,MYOR,RG,1670,29,D,OD,NI,D
14:28:17,MYOR,RG,1675,5,D,PC,DR,D
14:27:51,MYOR,RG,1670,12,D,OD,PD,D
14:27:33,MYOR,RG,1670,29,D,OD,KZ,F
14:27:32,MYOR,RG,1670,34,D,OD,CC,F
14:27:32,MYOR,RG,1670,243,D,OD,CC,F
14:27:32,MYOR,RG,1670,10,D,OD,KZ,F
14:27:32,MYOR,RG,1670,1,D,OD,KZ,F
14:27:32,MYOR,RG,1670,1,D,OD,AK,F
14:27:26,MYOR,RG,1670,83,D,OD,CS,F
14:27:26,MYOR,RG,1670,8,D,OD,CS,F
14:27:26,MYOR,RG,1670,1,D,OD,AK,F
14:27:26,MYOR,RG,1670,1,D,OD,AK,F
14:27:26,MYOR,RG,1670,47,D,OD,KZ,F
14:27:26,MYOR,RG,1670,82,D,OD,CS,F
14:27:26,MYOR,RG,1670,19,D,OD,CS,F
14:27:26,MYOR,RG,1670,185,D,OD,CS,F
14:27:26,MYOR,RG,1670,68,D,OD,CS,F
14:27:26,MYOR,RG,1670,41,D,OD,CS,F
14:27:26,MYOR,RG,1670,1,D,OD,KZ,F
14:27:26,MYOR,RG,1670,1,D,OD,PD,D
14:27:26,MYOR,RG,1670,5,D,OD,OD,D
14:27:26,MYOR,RG,1670,6,D,OD,KZ,F
14:27:26,MYOR,RG,1670,1,D,OD,KZ,F
14:27:26,MYOR,RG,1670,33,D,OD,YU,D
14:27:26,MYOR,RG,1670,25,D,OD,KZ,F
14:27:26,MYOR,RG,1670,1,D,OD,KZ,F
14:27:26,MYOR,RG,1670,33,D,OD,YU,F
14:27:25,MYOR,RG,1670,104,D,OD,YU,F
14:27:25,MYOR,RG,1670,109,D,OD,YU,F
14:27:25,MYOR,RG,1670,8,D,OD,KZ,F
14:27:25,MYOR,RG,1670,3,D,OD,KZ,F
14:27:25,MYOR,RG,1670,1,D,OD,KZ,F
14:27:25,MYOR,RG,1670,1,D,OD,KZ,F
14:27:25,MYOR,RG,1670,6,D,OD,KZ,F
14:27:25,MYOR,RG,1670,1,D,OD,KZ,F
14:27:25,MYOR,RG,1670,1,D,OD,AK,F
14:27:25,MYOR,RG,1670,6,D,OD,KZ,F
14:27:25,MYOR,RG,1670,13,D,OD,KZ,F
14:27:25,MYOR,RG,1670,31,D,OD,CS,F
14:27:25,MYOR,RG,1670,49,D,OD,YU,D
14:27:25,MYOR,RG,1670,26,D,OD,YU,D
14:27:00,MYOR,RG,1665,48,D,OD,YU,D
14:26:59,MYOR,RG,1665,4,D,OD,OD,D
14:26:25,MYOR,RG,1665,2,D,OD,PD,D
14:26:21,MYOR,RG,1665,3,D,OD,NI,D
14:26:14,MYOR,RG,1665,11,D,OD,YP,D
14:26:00,MYOR,RG,1665,13,D,OD,YU,D
14:26:00,MYOR,RG,1665,1,D,KK,YU,D
14:26:00,MYOR,RG,1665,50,D,OD,YU,D
14:26:00,MYOR,RG,1665,29,D,YP,YU,D
14:25:57,MYOR,RG,1665,5,D,YP,OD,D
14:25:44,MYOR,RG,1670,5,D,SQ,YU,D
14:24:57,MYOR,RG,1665,5,D,YP,OD,D
14:24:18,MYOR,RG,1665,1,D,YP,XL,D
14:24:07,MYOR,RG,1670,39,D,MK,CC,F
14:24:05,MYOR,RG,1670,2,D,MK,KZ,F
14:24:05,MYOR,RG,1670,14,D,MK,NI,D
14:24:05,MYOR,RG,1670,14,D,CC,NI,D
14:24:05,MYOR,RG,1670,1,D,XC,NI,D
14:24:05,MYOR,RG,1670,1,D,CP,NI,D
14:24:03,MYOR,RG,1670,2,D,CP,KZ,F
14:24:01,MYOR,RG,1670,8,D,CP,KZ,F
14:24:00,MYOR,RG,1670,11,D,CP,KZ,F
14:24:00,MYOR,RG,1670,85,D,CP,YU,D
14:24:00,MYOR,RG,1670,89,D,CP,YU,D
14:23:57,MYOR,RG,1670,4,D,CP,OD,D
14:23:54,MYOR,RG,1670,1,D,XC,KZ,F
14:23:53,MYOR,RG,1670,1,D,CC,PD,D
14:23:32,MYOR,RG,1670,1,D,PD,XL,D
14:23:32,MYOR,RG,1670,2,D,PD,XL,D
14:23:23,MYOR,RG,1670,2,D,PD,KZ,F
14:23:23,MYOR,RG,1670,1,D,PD,PD,D
14:23:23,MYOR,RG,1670,18,D,OD,PD,D
14:23:00,MYOR,RG,1670,1,D,OD,KZ,F
14:22:59,MYOR,RG,1670,5,D,OD,OD,D
14:22:34,MYOR,RG,1670,1,D,OD,CC,D
14:22:10,MYOR,RG,1670,7,D,OD,KZ,F
14:22:10,MYOR,RG,1670,60,D,OD,CC,D
14:22:03,MYOR,RG,1670,8,D,OD,KZ,F
14:22:03,MYOR,RG,1670,8,D,OD,KZ,F
14:22:01,MYOR,RG,1670,1,D,OD,KZ,F
14:22:00,MYOR,RG,1670,41,D,OD,YU,D
14:22:00,MYOR,RG,1670,10,D,CC,YU,D
14:22:00,MYOR,RG,1670,6,D,OD,YU,D
14:22:00,MYOR,RG,1670,77,D,OD,YU,D
14:22:00,MYOR,RG,1670,11,D,OD,YU,D
14:21:58,MYOR,RG,1670,1,D,OD,KZ,F
14:21:57,MYOR,RG,1670,5,D,OD,OD,D
14:21:56,MYOR,RG,1670,1,D,OD,KZ,F
14:21:56,MYOR,RG,1670,15,D,OD,XC,D
14:21:16,MYOR,RG,1670,2,D,OD,KZ,F
14:21:15,MYOR,RG,1670,10,D,OD,DR,D
14:21:15,MYOR,RG,1670,17,D,OD,KZ,F
14:21:14,MYOR,RG,1670,151,D,OD,NI,D
14:21:12,MYOR,RG,1670,8,D,OD,KZ,F
14:21:12,MYOR,RG,1670,60,D,OD,CC,D
14:20:57,MYOR,RG,1670,4,D,OD,OD,D
14:20:44,MYOR,RG,1670,6,D,OD,KZ,F
14:20:39,MYOR,RG,1670,1,D,OD,KZ,F
14:20:38,MYOR,RG,1670,10,D,OD,PD,D
14:20:34,MYOR,RG,1670,1,D,OD,KZ,F
14:20:34,MYOR,RG,1670,2,D,OD,KZ,F
14:20:24,MYOR,RG,1670,3,D,OD,KZ,F
14:20:24,MYOR,RG,1670,34,D,OD,KZ,F
14:20:24,MYOR,RG,1670,1,D,OD,KZ,F
14:20:24,MYOR,RG,1670,17,D,OD,KZ,F
14:20:24,MYOR,RG,1670,1,D,OD,KZ,F
14:20:14,MYOR,RG,1670,20,D,OD,KZ,F
14:20:04,MYOR,RG,1670,8,D,OD,KZ,F
14:20:01,MYOR,RG,1670,5,D,OD,OD,D
14:20:00,MYOR,RG,1670,141,D,OD,YU,D
14:20:00,MYOR,RG,1670,23,D,OD,YU,D
14:20:00,MYOR,RG,1670,68,D,OD,YU,D
14:19:54,MYOR,RG,1670,1,D,OD,XC,D
14:19:34,MYOR,RG,1670,11,D,OD,KZ,F
14:19:14,MYOR,RG,1670,5,D,OD,KZ,F
14:18:59,MYOR,RG,1670,5,D,OD,OD,D
14:18:43,MYOR,RG,1670,1,D,OD,XC,D
14:18:38,MYOR,RG,1670,5,D,OD,XC,D
14:18:01,MYOR,RG,1670,5,D,OD,OD,D
14:18:00,MYOR,RG,1670,3,D,OD,YU,D
14:18:00,MYOR,RG,1670,68,D,OD,YU,D
14:18:00,MYOR,RG,1670,46,D,OD,YU,D
14:17:59,MYOR,RG,1670,1,D,OD,XC,D
14:17:27,MYOR,RG,1675,1,D,XC,DR,D
14:17:03,MYOR,RG,1670,4,D,OD,OD,D
14:16:24,MYOR,RG,1670,3,D,OD,DR,D
14:16:05,MYOR,RG,1670,4,D,OD,OD,D
14:15:50,MYOR,RG,1675,6,D,NI,DR,D
14:15:43,MYOR,RG,1675,10,D,PD,DR,D
14:15:33,MYOR,RG,1675,33,D,KK,DR,D
14:15:33,MYOR,RG,1675,48,D,DR,DR,D
14:15:32,MYOR,RG,1675,52,D,DR,PD,D
14:15:32,MYOR,RG,1675,48,D,DR,PD,D
14:15:05,MYOR,RG,1675,2,D,DR,YP,D
14:15:05,MYOR,RG,1675,15,D,DR,OD,D
14:15:05,MYOR,RG,1675,3,D,DR,OD,D
14:14:58,MYOR,RG,1675,1,D,DR,KK,D
14:14:56,MYOR,RG,1675,1,D,DR,CC,D
14:14:31,MYOR,RG,1675,30,D,DR,YB,D
14:14:04,MYOR,RG,1675,25,F,AK,KZ,F
14:14:04,MYOR,RG,1675,3,F,AK,KZ,F
14:14:04,MYOR,RG,1675,26,F,AK,YU,D
14:14:03,MYOR,RG,1670,2,D,OD,OD,D
14:14:02,MYOR,RG,1675,149,F,AK,CS,F
14:14:02,MYOR,RG,1675,19,F,AK,CS,F
14:14:01,MYOR,RG,1675,130,D,OD,CS,F
14:14:01,MYOR,RG,1675,118,D,OD,YU,F
14:14:01,MYOR,RG,1675,45,D,OD,YU,F
14:14:01,MYOR,RG,1675,5,D,OD,YP,D
14:14:01,MYOR,RG,1675,139,D,OD,CS,F
14:14:01,MYOR,RG,1675,2,D,OD,XC,D
14:14:01,MYOR,RG,1675,4,D,OD,CS,F
14:14:01,MYOR,RG,1675,71,D,OD,CS,F
14:14:01,MYOR,RG,1675,116,D,OD,CS,F
14:14:01,MYOR,RG,1675,112,D,OD,CS,F
14:14:01,MYOR,RG,1675,11,D,OD,KZ,F
14:14:01,MYOR,RG,1675,35,D,OD,KZ,F
14:14:01,MYOR,RG,1675,105,D,OD,CS,F
14:14:01,MYOR,RG,1675,4,D,OD,KZ,F
14:14:01,MYOR,RG,1675,199,D,OD,CS,F
14:14:01,MYOR,RG,1675,126,D,OD,CS,F
14:14:01,MYOR,RG,1675,9,D,OD,XL,D
14:14:01,MYOR,RG,1675,12,D,OD,KZ,F
14:14:01,MYOR,RG,1675,8,D,OD,KZ,F
14:14:01,MYOR,RG,1675,5,D,OD,KZ,F
14:14:01,MYOR,RG,1675,21,D,OD,KK,D
14:14:01,MYOR,RG,1675,29,D,OD,KK,D
14:14:01,MYOR,RG,1675,1,D,OD,KZ,F
14:14:01,MYOR,RG,1675,30,D,OD,PD,D
14:14:01,MYOR,RG,1675,36,D,OD,KZ,F
14:14:01,MYOR,RG,1675,549,D,OD,KK,D
14:14:01,MYOR,RG,1675,173,D,OD,KK,D
14:14:01,MYOR,RG,1675,10,D,OD,XC,D
14:14:01,MYOR,RG,1675,1,D,OD,YP,D
14:14:01,MYOR,RG,1675,100,D,OD,CC,D
14:14:01,MYOR,RG,1675,6,D,OD,PD,D
14:14:01,MYOR,RG,1675,5,D,OD,YP,D
14:14:01,MYOR,RG,1675,10,D,OD,YP,D
14:14:01,MYOR,RG,1675,8,D,OD,YP,D
14:14:01,MYOR,RG,1675,13,D,OD,YP,D
14:14:01,MYOR,RG,1675,1,D,OD,XL,D
14:14:01,MYOR,RG,1675,15,D,OD,CC,D
14:14:01,MYOR,RG,1675,200,D,OD,YP,D
14:14:01,MYOR,RG,1675,3,D,OD,PD,D
14:14:01,MYOR,RG,1675,3,D,OD,XC,D
14:14:01,MYOR,RG,1675,8,D,OD,XC,D
14:14:01,MYOR,RG,1675,5,D,OD,PD,D
14:14:01,MYOR,RG,1675,10,D,OD,PD,D
14:14:01,MYOR,RG,1675,1,D,OD,PD,D
14:14:01,MYOR,RG,1675,1,D,OD,XC,D
14:14:01,MYOR,RG,1675,10,D,OD,NI,D
14:14:01,MYOR,RG,1675,1,D,OD,PD,D
14:14:01,MYOR,RG,1675,1,D,OD,PD,D
14:14:01,MYOR,RG,1675,1,D,OD,XC,D
14:14:01,MYOR,RG,1675,1,D,OD,PD,D
14:14:01,MYOR,RG,1675,2,D,OD,AT,D
14:14:01,MYOR,RG,1675,6,D,OD,XC,D
14:14:01,MYOR,RG,1675,148,D,OD,KZ,F
14:14:01,MYOR,RG,1675,22,D,OD,CC,D
14:14:01,MYOR,RG,1675,126,D,OD,NI,D
14:14:01,MYOR,RG,1675,20,D,OD,CC,D
14:14:01,MYOR,RG,1675,31,D,OD,YU,D
14:14:01,MYOR,RG,1675,24,D,OD,YU,D
14:14:01,MYOR,RG,1675,26,D,OD,KZ,F
14:14:01,MYOR,RG,1675,37,D,OD,YU,D
14:14:01,MYOR,RG,1675,24,D,OD,YU,D
14:14:01,MYOR,RG,1675,25,D,OD,YP,D
14:13:53,MYOR,RG,1670,1,D,OD,KZ,F
14:13:53,MYOR,RG,1670,10,D,OD,PD,D
14:13:03,MYOR,RG,1670,1,D,OD,KZ,F
14:13:03,MYOR,RG,1670,3,D,OD,OD,D
14:13:02,MYOR,RG,1670,6,D,OD,KZ,F
14:13:00,MYOR,RG,1670,6,D,OD,KZ,F
14:13:00,MYOR,RG,1670,50,D,OD,YU,D
14:13:00,MYOR,RG,1670,50,D,OD,YU,D
14:11:41,MYOR,RG,1670,21,F,AK,KZ,F
14:11:41,MYOR,RG,1670,9,F,AK,KZ,F
14:11:29,MYOR,RG,1670,1,F,AK,KZ,F
14:11:28,MYOR,RG,1670,1,F,AK,KZ,F
14:11:28,MYOR,RG,1670,115,D,OD,CS,F
14:11:28,MYOR,RG,1670,50,D,OD,CS,F
14:11:28,MYOR,RG,1670,5,D,OD,CS,F
14:11:27,MYOR,RG,1670,1,D,OD,AK,F
14:11:27,MYOR,RG,1670,97,D,OD,CS,F
14:11:27,MYOR,RG,1670,9,D,OD,KZ,F
14:11:27,MYOR,RG,1670,153,D,OD,AK,F
14:11:27,MYOR,RG,1670,3,D,OD,OD,D
14:11:27,MYOR,RG,1670,9,D,OD,KZ,F
14:11:27,MYOR,RG,1670,11,D,OD,KZ,F
14:11:27,MYOR,RG,1670,6,D,OD,YP,D
14:11:27,MYOR,RG,1670,1,D,OD,KZ,F
14:11:27,MYOR,RG,1670,24,D,OD,KZ,F
14:11:27,MYOR,RG,1670,128,D,OD,CS,F
14:11:27,MYOR,RG,1670,57,D,OD,KZ,F
14:11:27,MYOR,RG,1670,15,D,OD,CC,D
14:11:27,MYOR,RG,1670,17,D,OD,CS,F
14:11:27,MYOR,RG,1670,150,D,OD,CS,F
14:11:27,MYOR,RG,1670,38,D,OD,CS,F
14:11:27,MYOR,RG,1670,282,D,OD,YU,F
14:11:27,MYOR,RG,1670,1,D,OD,AK,F
14:11:27,MYOR,RG,1670,28,D,OD,KZ,F
14:11:27,MYOR,RG,1670,33,D,OD,CS,F
14:11:27,MYOR,RG,1670,48,D,OD,CS,F
14:11:27,MYOR,RG,1670,132,D,OD,CS,F
14:11:27,MYOR,RG,1670,24,D,OD,KZ,F
14:11:27,MYOR,RG,1670,53,D,OD,CS,F
14:11:27,MYOR,RG,1670,11,D,OD,CS,F
14:11:27,MYOR,RG,1670,137,D,OD,CS,F
14:11:27,MYOR,RG,1670,1,D,OD,KZ,F
14:11:27,MYOR,RG,1670,37,D,OD,KZ,F
14:11:27,MYOR,RG,1670,3,D,OD,XC,D
14:11:27,MYOR,RG,1670,1,D,OD,AK,F
14:11:27,MYOR,RG,1670,1,D,OD,AK,F
14:11:27,MYOR,RG,1670,316,D,OD,BK,F
14:11:27,MYOR,RG,1670,3,D,OD,CS,F
14:11:14,MYOR,RG,1665,1,D,YP,XC,D
14:11:03,MYOR,RG,1665,2,D,YP,OD,D
14:11:00,MYOR,RG,1665,68,D,YP,YU,D
14:11:00,MYOR,RG,1665,9,D,YP,YU,D
14:11:00,MYOR,RG,1665,1,D,XC,YU,D
14:11:00,MYOR,RG,1665,97,D,OD,YU,D
14:10:34,MYOR,RG,1665,3,D,OD,KZ,F
14:10:34,MYOR,RG,1665,5,D,PD,KZ,F
14:10:34,MYOR,RG,1665,4,D,PD,KZ,F
14:10:24,MYOR,RG,1665,30,D,PD,KZ,F
14:10:14,MYOR,RG,1665,1,D,PD,KZ,F
14:10:14,MYOR,RG,1665,6,D,PD,KZ,F
14:10:07,MYOR,RG,1665,1,D,PD,KZ,F
14:10:05,MYOR,RG,1665,18,D,PD,KZ,F
14:10:05,MYOR,RG,1665,3,D,PD,OD,D
14:10:04,MYOR,RG,1665,1,D,PD,KZ,F
14:10:04,MYOR,RG,1665,3,D,PD,KZ,F
14:10:04,MYOR,RG,1665,1,D,PD,KZ,F
14:10:04,MYOR,RG,1665,8,D,PD,KZ,F
14:09:52,MYOR,RG,1665,10,D,PD,YP,D
14:09:40,MYOR,RG,1665,1,D,PD,XC,D
14:09:03,MYOR,RG,1665,3,D,PD,OD,D
14:09:00,MYOR,RG,1665,56,D,PD,YU,D
14:09:00,MYOR,RG,1665,2,D,PD,YP,D
14:08:28,MYOR,RG,1665,47,D,PD,PD,D
14:08:28,MYOR,RG,1665,5,D,KK,PD,D
14:08:28,MYOR,RG,1665,11,D,SQ,PD,D
14:08:09,MYOR,RG,1665,20,D,SQ,DH,D
14:08:05,MYOR,RG,1665,2,D,SQ,OD,D
14:08:00,MYOR,RG,1665,67,D,SQ,YU,D
14:08:00,MYOR,RG,1665,8,D,OD,YU,D
14:07:32,MYOR,RG,1665,2,D,OD,SQ,D
14:07:32,MYOR,RG,1665,1,D,PD,SQ,D
14:07:32,MYOR,RG,1665,27,D,OD,SQ,D
14:07:03,MYOR,RG,1665,3,D,OD,OD,D
14:07:00,MYOR,RG,1665,53,D,OD,YU,D
14:07:00,MYOR,RG,1665,7,D,OD,YU,D
14:06:45,MYOR,RG,1670,20,D,CC,BK,F
14:06:45,MYOR,RG,1670,1,D,CC,BK,F
14:06:45,MYOR,RG,1670,83,D,OD,BK,F
14:06:45,MYOR,RG,1670,250,D,OD,BK,F
14:06:26,MYOR,RG,1670,1,D,OD,KZ,F
14:06:26,MYOR,RG,1670,9,D,OD,CC,F
14:06:07,MYOR,RG,1670,8,D,OD,KZ,F
14:06:05,MYOR,RG,1670,9,D,OD,KZ,F
14:06:05,MYOR,RG,1670,66,D,OD,XL,D
14:06:05,MYOR,RG,1670,82,D,OD,XL,D
14:06:01,MYOR,RG,1670,1,D,OD,KZ,F
14:06:01,MYOR,RG,1670,2,D,OD,OD,D
14:04:59,MYOR,RG,1670,3,D,OD,OD,D
14:04:02,MYOR,RG,1670,13,D,OD,KZ,F
14:04:00,MYOR,RG,1670,3,D,OD,KZ,F
14:04:00,MYOR,RG,1670,83,D,OD,YU,D
14:04:00,MYOR,RG,1670,28,D,OD,YU,D
14:04:00,MYOR,RG,1670,26,D,OD,YU,D
14:03:57,MYOR,RG,1670,3,D,OD,OD,D
14:02:59,MYOR,RG,1670,1,D,OD,KZ,F
14:02:59,MYOR,RG,1670,2,D,OD,OD,D
14:02:47,MYOR,RG,1670,5,D,OD,PD,D
14:02:20,MYOR,RG,1670,1,D,OD,KZ,F
14:02:19,MYOR,RG,1670,10,D,OD,PD,D
14:02:09,MYOR,RG,1670,1,D,OD,KZ,F
14:02:08,MYOR,RG,1670,7,D,OD,XC,D
14:01:59,MYOR,RG,1670,5,D,OD,KZ,F
14:01:57,MYOR,RG,1670,1,D,OD,KZ,F
14:01:56,MYOR,RG,1670,42,D,OD,CC,D
14:01:56,MYOR,RG,1670,8,D,OD,CC,D
14:01:48,MYOR,RG,1670,3,D,OD,KZ,F
14:01:46,MYOR,RG,1670,3,D,OD,OD,D
14:01:46,MYOR,RG,1670,1,D,OD,KZ,F
14:01:46,MYOR,RG,1670,21,D,OD,KZ,F
14:01:46,MYOR,RG,1670,11,D,OD,KZ,F
14:01:46,MYOR,RG,1670,1,D,OD,AK,F
14:01:46,MYOR,RG,1670,11,D,OD,KZ,F
14:01:46,MYOR,RG,1670,1,D,OD,KZ,F
14:01:46,MYOR,RG,1670,11,D,OD,KZ,F
14:01:46,MYOR,RG,1670,1,D,OD,KZ,F
14:01:46,MYOR,RG,1670,1,D,OD,KZ,F
14:01:46,MYOR,RG,1670,3,D,OD,KZ,F
14:01:46,MYOR,RG,1670,1,D,OD,KZ,F
14:01:46,MYOR,RG,1670,86,D,OD,CS,F
14:01:46,MYOR,RG,1670,92,D,OD,KZ,F
14:01:03,MYOR,RG,1665,3,D,OD,OD,D
14:01:00,MYOR,RG,1665,58,D,OD,YU,D
14:01:00,MYOR,RG,1665,89,D,OD,YU,D
14:00:00,MYOR,RG,1665,3,D,OD,OD,D
13:59:07,MYOR,RG,1665,10,D,OD,XC,D
13:59:00,MYOR,RG,1665,55,D,OD,YU,D
13:59:00,MYOR,RG,1665,86,D,OD,YU,D
13:58:59,MYOR,RG,1665,2,D,OD,OD,D
13:58:32,MYOR,RG,1670,1,D,YP,KZ,F
13:58:32,MYOR,RG,1670,1,D,NI,KZ,F
13:58:30,MYOR,RG,1670,12,F,AK,KZ,F
13:58:29,MYOR,RG,1670,54,F,AK,CC,D
13:58:29,MYOR,RG,1670,83,D,OD,CC,D
13:58:29,MYOR,RG,1670,343,D,OD,CC,D
13:58:29,MYOR,RG,1670,215,D,OD,CC,D
13:58:29,MYOR,RG,1670,104,D,OD,CC,D
13:58:29,MYOR,RG,1670,101,D,OD,CC,D
13:58:16,MYOR,RG,1670,2,D,OD,PD,D
13:58:08,MYOR,RG,1670,30,D,OD,KK,D
13:57:58,MYOR,RG,1670,3,D,OD,OD,D
13:57:03,MYOR,RG,1670,2,D,OD,PD,D
13:57:03,MYOR,RG,1670,13,D,OD,KZ,F
13:57:00,MYOR,RG,1670,71,D,OD,YU,D
13:57:00,MYOR,RG,1670,33,D,OD,YU,D
13:57:00,MYOR,RG,1670,10,D,KK,YU,D
13:57:00,MYOR,RG,1670,3,D,OD,YU,D
13:56:58,MYOR,RG,1670,2,D,OD,OD,D
13:56:33,MYOR,RG,1670,1,D,OD,PD,D
13:56:25,MYOR,RG,1670,2,D,OD,NI,D
13:56:08,MYOR,RG,1670,10,D,OD,DH,D
13:55:42,MYOR,RG,1670,65,D,OD,CS,F
13:55:42,MYOR,RG,1670,147,D,OD,CS,F
13:55:42,MYOR,RG,1670,3,D,OD,OD,D
13:55:42,MYOR,RG,1670,8,D,OD,KZ,F
13:55:42,MYOR,RG,1670,50,D,OD,NI,D
13:55:42,MYOR,RG,1670,30,D,OD,YU,D
13:55:42,MYOR,RG,1670,20,D,OD,YU,D
13:55:42,MYOR,RG,1670,1,D,OD,AK,F
13:55:42,MYOR,RG,1670,6,D,OD,LS,D
13:55:42,MYOR,RG,1670,14,D,OD,KZ,F
13:55:42,MYOR,RG,1670,64,D,OD,YP,D
13:55:42,MYOR,RG,1670,36,D,OD,YP,D
13:55:42,MYOR,RG,1670,28,D,OD,KZ,F
13:55:42,MYOR,RG,1670,1,D,OD,KZ,F
13:55:42,MYOR,RG,1670,76,D,OD,CS,F
13:55:42,MYOR,RG,1670,1,D,OD,AK,F
13:55:42,MYOR,RG,1670,31,D,OD,KZ,F
13:55:42,MYOR,RG,1670,42,D,OD,CS,F
13:55:42,MYOR,RG,1670,32,D,OD,CS,F
13:55:42,MYOR,RG,1670,72,D,OD,CS,F
13:55:42,MYOR,RG,1670,63,D,OD,CS,F
13:55:42,MYOR,RG,1670,192,D,OD,YU,F
13:55:41,MYOR,RG,1665,8,D,OD,NI,D
13:54:59,MYOR,RG,1665,3,D,OD,OD,D
13:54:10,MYOR,RG,1670,63,D,YP,YU,F
13:54:10,MYOR,RG,1670,10,D,YP,HD,D
13:54:10,MYOR,RG,1670,12,D,YP,KZ,F
13:54:10,MYOR,RG,1670,7,D,YP,KZ,F
13:54:10,MYOR,RG,1670,1,D,YP,KZ,F
13:54:10,MYOR,RG,1670,16,D,YP,KZ,F
13:54:10,MYOR,RG,1670,1,D,YP,AK,F
13:54:10,MYOR,RG,1670,10,D,YP,PD,D
13:54:10,MYOR,RG,1670,7,D,YP,KZ,F
13:54:10,MYOR,RG,1670,3,D,YP,KZ,F
13:54:10,MYOR,RG,1670,2,D,YP,KZ,F
13:54:04,MYOR,RG,1665,10,D,OD,KZ,F
13:54:04,MYOR,RG,1665,7,D,OD,KZ,F
13:54:00,MYOR,RG,1665,2,D,OD,OD,D
13:54:00,MYOR,RG,1665,55,D,OD,YU,D
13:54:00,MYOR,RG,1665,87,D,OD,YU,D
13:53:51,MYOR,RG,1670,1,D,YP,KZ,F
13:53:47,MYOR,RG,1670,1,D,YP,KZ,F
13:53:24,MYOR,RG,1670,2,D,NI,KZ,F
13:53:12,MYOR,RG,1670,1,D,PD,KZ,F
13:53:02,MYOR,RG,1665,3,D,OD,OD,D
13:52:22,MYOR,RG,1665,1,D,OD,XC,D
13:52:00,MYOR,RG,1665,2,D,OD,OD,D
13:51:02,MYOR,RG,1665,3,D,OD,OD,D
13:50:00,MYOR,RG,1665,64,D,OD,YU,D
13:50:00,MYOR,RG,1665,40,D,OD,YU,D
13:50:00,MYOR,RG,1665,59,D,OD,YU,D
13:49:58,MYOR,RG,1665,3,D,OD,OD,D
13:49:53,MYOR,RG,1665,2,D,OD,XC,D
13:49:53,MYOR,RG,1665,3,D,OD,XC,D
13:49:02,MYOR,RG,1665,3,D,OD,OD,D
13:49:00,MYOR,RG,1670,10,D,XC,YU,D
13:49:00,MYOR,RG,1670,10,D,OD,YU,D
13:49:00,MYOR,RG,1670,31,D,OD,YU,D
13:48:03,MYOR,RG,1670,5,D,OD,KZ,F
13:48:01,MYOR,RG,1670,2,D,OD,KZ,F
13:48:00,MYOR,RG,1670,2,D,OD,OD,D
13:48:00,MYOR,RG,1670,43,D,OD,YU,D
13:48:00,MYOR,RG,1670,22,D,OD,YU,D
13:47:25,MYOR,RG,1670,1,D,OD,KZ,F
13:47:24,MYOR,RG,1670,1,D,OD,AT,D
13:47:05,MYOR,RG,1670,1,D,OD,XC,D
13:46:41,MYOR,RG,1670,2,D,OD,KZ,F
13:46:41,MYOR,RG,1670,20,D,OD,XC,D
13:46:19,MYOR,RG,1670,90,D,OD,KZ,F
13:46:16,MYOR,RG,1670,1,D,OD,KZ,F
13:46:16,MYOR,RG,1670,205,D,OD,CS,F
13:46:16,MYOR,RG,1670,64,D,OD,CS,F
13:46:16,MYOR,RG,1670,151,D,OD,CS,F
13:46:16,MYOR,RG,1670,90,D,OD,CS,F
13:46:16,MYOR,RG,1670,14,D,OD,CC,F
13:46:15,MYOR,RG,1670,240,D,OD,CC,F
13:46:15,MYOR,RG,1670,13,D,OD,KZ,F
13:46:15,MYOR,RG,1670,1,D,OD,KZ,F
13:46:15,MYOR,RG,1670,1,D,OD,CS,F
13:46:07,MYOR,RG,1670,83,D,OD,CS,F
13:46:07,MYOR,RG,1670,21,D,OD,CS,F
13:46:07,MYOR,RG,1670,1,D,OD,AK,F
13:46:07,MYOR,RG,1670,1,D,OD,AK,F
13:46:07,MYOR,RG,1670,3,D,OD,OD,D
13:46:07,MYOR,RG,1670,7,D,OD,KZ,F
13:46:07,MYOR,RG,1670,23,D,OD,YU,D
13:46:07,MYOR,RG,1670,9,D,OD,CC,D
13:46:07,MYOR,RG,1670,10,D,OD,PD,D
13:46:07,MYOR,RG,1670,9,D,OD,KZ,F
13:46:07,MYOR,RG,1670,135,D,OD,CS,F
13:46:07,MYOR,RG,1670,42,D,OD,YU,D
13:46:07,MYOR,RG,1670,12,D,OD,KZ,F
13:46:07,MYOR,RG,1670,12,D,OD,KZ,F
13:46:07,MYOR,RG,1670,5,D,OD,KZ,F
13:46:07,MYOR,RG,1670,1,D,OD,AK,F
13:46:07,MYOR,RG,1670,1,D,OD,AK,F
13:46:07,MYOR,RG,1670,38,D,OD,KZ,F
13:46:07,MYOR,RG,1670,13,D,OD,CS,F
13:46:07,MYOR,RG,1670,28,D,OD,CS,F
13:46:07,MYOR,RG,1670,21,D,OD,CS,F
13:46:07,MYOR,RG,1670,146,D,OD,CS,F
13:46:07,MYOR,RG,1670,2,D,OD,KZ,F
13:46:07,MYOR,RG,1670,1,D,OD,KZ,F
13:46:07,MYOR,RG,1670,1,D,OD,KZ,F
13:46:07,MYOR,RG,1670,1,D,OD,AK,F
13:46:07,MYOR,RG,1670,15,D,OD,KZ,F
13:46:07,MYOR,RG,1670,9,D,OD,KZ,F
13:46:07,MYOR,RG,1670,1,D,OD,XL,D
13:46:07,MYOR,RG,1670,94,D,OD,YU,F
13:46:07,MYOR,RG,1670,170,D,OD,YU,F
13:46:07,MYOR,RG,1670,67,D,OD,CS,F
13:46:07,MYOR,RG,1670,11,D,OD,KZ,F
13:46:07,MYOR,RG,1670,1,D,OD,KZ,F
13:46:07,MYOR,RG,1670,1,D,OD,KZ,F
13:46:07,MYOR,RG,1670,5,D,OD,KZ,F
13:46:02,MYOR,RG,1665,3,D,OD,OD,D
13:46:00,MYOR,RG,1665,59,D,OD,YU,D
13:45:06,MYOR,RG,1665,80,D,OD,PD,D
13:44:24,MYOR,RG,1665,4,D,OD,OD,D
13:44:24,MYOR,RG,1665,41,D,OD,KZ,F
13:44:24,MYOR,RG,1665,7,D,OD,KZ,F
13:44:24,MYOR,RG,1665,7,D,OD,KZ,F
13:44:24,MYOR,RG,1665,1,D,OD,KZ,F
13:44:24,MYOR,RG,1665,30,D,OD,YU,D
13:44:24,MYOR,RG,1665,1,D,OD,KZ,F
13:44:24,MYOR,RG,1665,6,D,OD,KZ,F
13:44:24,MYOR,RG,1665,2,D,OD,KZ,F
13:44:24,MYOR,RG,1665,8,D,OD,KZ,F
13:44:18,MYOR,RG,1665,5,D,CC,KZ,F
13:44:18,MYOR,RG,1665,5,D,CC,CS,F
13:44:17,MYOR,RG,1660,7,D,HD,SQ,D
13:44:04,MYOR,RG,1660,3,D,HD,OD,D
13:44:04,MYOR,RG,1660,2,D,OD,OD,D
13:44:00,MYOR,RG,1660,49,D,OD,YU,D
13:43:47,MYOR,RG,1660,23,D,OD,CS,F
13:43:47,MYOR,RG,1665,83,D,OD,CS,F
13:43:47,MYOR,RG,1665,105,D,OD,CS,F
13:43:47,MYOR,RG,1665,23,D,OD,KZ,F
13:43:46,MYOR,RG,1665,200,D,OD,YP,D
13:43:35,MYOR,RG,1665,15,D,OD,EP,D
13:43:35,MYOR,RG,1665,55,D,OD,EP,D
13:43:04,MYOR,RG,1665,4,D,OD,OD,D
13:42:38,MYOR,RG,1670,1,D,XC,KZ,F
13:42:16,MYOR,RG,1665,6,D,OD,XL,D
13:42:12,MYOR,RG,1665,4,D,OD,KK,D
13:42:04,MYOR,RG,1665,5,D,OD,OD,D
13:42:00,MYOR,RG,1665,64,D,OD,YU,D
13:42:00,MYOR,RG,1665,58,D,OD,YU,D
13:40:41,MYOR,RG,1665,19,D,OD,CS,F
13:40:41,MYOR,RG,1665,99,D,OD,CS,F
13:40:41,MYOR,RG,1665,1,D,OD,AK,F
13:40:41,MYOR,RG,1665,4,D,OD,OD,D
13:40:41,MYOR,RG,1665,1,D,OD,KZ,F
13:40:41,MYOR,RG,1665,100,D,OD,PD,D
13:40:41,MYOR,RG,1665,6,D,OD,KZ,F
13:40:41,MYOR,RG,1665,40,D,OD,YU,D
13:40:41,MYOR,RG,1665,65,D,OD,CS,F
13:40:41,MYOR,RG,1665,10,D,OD,PD,D
13:40:41,MYOR,RG,1665,10,D,OD,YP,D
13:40:41,MYOR,RG,1665,3,D,OD,KZ,F
13:40:41,MYOR,RG,1665,1,D,OD,KZ,F
13:40:41,MYOR,RG,1665,10,D,OD,KZ,F
13:40:41,MYOR,RG,1665,9,D,OD,KZ,F
13:40:35,MYOR,RG,1665,24,D,KK,KZ,F
13:40:35,MYOR,RG,1665,3,D,KK,KZ,F
13:40:06,MYOR,RG,1660,5,D,OD,OD,D
13:40:00,MYOR,RG,1660,4,D,OD,YU,D
13:40:00,MYOR,RG,1660,56,D,OD,YU,D
13:39:25,MYOR,RG,1665,5,D,PD,KZ,F
13:39:20,MYOR,RG,1665,4,D,YP,CS,F
13:39:20,MYOR,RG,1665,5,D,DR,CS,F
13:39:20,MYOR,RG,1665,1,D,NI,CS,F
13:39:20,MYOR,RG,1665,2,D,BQ,CS,F
13:39:20,MYOR,RG,1665,1,D,XL,CS,F
13:39:20,MYOR,RG,1665,5,D,YP,CS,F
13:39:20,MYOR,RG,1665,12,D,OD,CS,F
13:39:19,MYOR,RG,1665,188,D,OD,YP,D
13:39:19,MYOR,RG,1665,1,D,YP,YP,D
13:39:19,MYOR,RG,1665,1,D,YP,YP,D
13:39:19,MYOR,RG,1665,30,D,CC,YP,D
13:39:19,MYOR,RG,1665,1,D,PD,YP,D
13:39:19,MYOR,RG,1665,1,D,KK,YP,D
13:39:19,MYOR,RG,1665,12,D,PD,YP,D
13:39:19,MYOR,RG,1665,10,D,PD,YP,D
13:39:19,MYOR,RG,1665,1,D,CP,YP,D
13:39:19,MYOR,RG,1665,2,D,PD,YP,D
13:39:19,MYOR,RG,1665,66,D,OD,YP,D
13:39:17,MYOR,RG,1665,12,D,OD,KZ,F
13:39:16,MYOR,RG,1665,102,D,OD,BK,F
13:39:14,MYOR,RG,1665,1,D,OD,KZ,F
13:39:14,MYOR,RG,1665,4,D,OD,KZ,F
13:39:14,MYOR,RG,1665,1,D,OD,KZ,F
13:39:14,MYOR,RG,1665,10,D,OD,KZ,F
13:39:06,MYOR,RG,1665,4,D,OD,OD,D
13:39:06,MYOR,RG,1665,3,D,KK,KZ,F
13:39:06,MYOR,RG,1665,1,D,SQ,KZ,F
13:39:06,MYOR,RG,1665,1,D,YP,KZ,F
13:39:04,MYOR,RG,1665,1,D,YP,KZ,F
13:39:04,MYOR,RG,1665,20,D,YP,XL,D
13:39:04,MYOR,RG,1665,20,D,PS,XL,D
13:39:04,MYOR,RG,1665,3,D,XL,XL,D
13:39:04,MYOR,RG,1665,4,D,YP,XL,D
13:39:04,MYOR,RG,1665,1,D,XC,XL,D
13:39:04,MYOR,RG,1665,2,D,DR,XL,D
13:39:00,MYOR,RG,1665,89,D,DR,YU,D
13:38:43,MYOR,RG,1670,1,D,PD,KZ,F
13:38:10,MYOR,RG,1665,4,D,DR,OD,D
13:38:00,MYOR,RG,1665,5,D,DR,YU,D
13:38:00,MYOR,RG,1665,20,D,NI,YU,D
13:38:00,MYOR,RG,1665,3,D,YP,YU,D
13:38:00,MYOR,RG,1665,4,D,XC,YU,D
13:38:00,MYOR,RG,1665,2,D,DR,YU,D
13:38:00,MYOR,RG,1665,8,D,CC,YU,D
13:37:26,MYOR,RG,1670,2,D,YP,KZ,F
13:37:10,MYOR,RG,1665,2,D,CC,OD,D
13:37:10,MYOR,RG,1665,3,D,OD,OD,D
13:37:04,MYOR,RG,1670,1,D,YP,KZ,F
13:37:04,MYOR,RG,1670,7,D,YP,KZ,F
13:37:00,MYOR,RG,1665,80,D,OD,YU,D
13:37:00,MYOR,RG,1665,4,D,OD,YU,D
13:36:40,MYOR,RG,1670,4,D,XL,KZ,F
13:36:35,MYOR,RG,1670,2,D,NI,KZ,F
13:36:11,MYOR,RG,1670,2,D,XC,KZ,F
13:36:06,MYOR,RG,1670,2,D,CC,KZ,F
13:36:06,MYOR,RG,1670,2,D,CC,CS,F
13:36:06,MYOR,RG,1670,4,D,CC,OD,D
13:36:06,MYOR,RG,1670,2,D,CC,KZ,F
13:36:00,MYOR,RG,1665,57,D,OD,YU,D
13:35:43,MYOR,RG,1670,3,D,NI,KZ,F
13:35:43,MYOR,RG,1670,27,D,NI,CS,F
13:35:43,MYOR,RG,1670,1,D,XC,CS,F
13:35:43,MYOR,RG,1670,1,D,YP,CS,F
13:35:43,MYOR,RG,1670,3,D,CP,CS,F
13:35:43,MYOR,RG,1670,7,D,PD,CS,F
13:35:43,MYOR,RG,1670,3,D,PD,BK,F
13:35:43,MYOR,RG,1670,2,D,OD,BK,F
13:35:43,MYOR,RG,1670,1,D,YP,BK,F
13:35:43,MYOR,RG,1670,10,D,YP,BK,F
13:35:43,MYOR,RG,1670,3,D,XL,BK,F
13:35:43,MYOR,RG,1670,2,D,YP,BK,F
13:35:43,MYOR,RG,1670,1,D,YP,BK,F
13:35:43,MYOR,RG,1670,1,D,PD,BK,F
13:35:43,MYOR,RG,1670,6,D,XL,BK,F
13:35:43,MYOR,RG,1670,10,D,XL,BK,F
13:35:43,MYOR,RG,1670,1,D,PD,BK,F
13:35:43,MYOR,RG,1670,10,D,DR,BK,F
13:35:43,MYOR,RG,1670,1,D,DR,BK,F
13:35:43,MYOR,RG,1670,1,D,PD,BK,F
13:35:43,MYOR,RG,1670,1,D,PD,BK,F
13:35:43,MYOR,RG,1670,2,D,PD,BK,F
13:35:43,MYOR,RG,1670,50,D,PD,BK,F
13:35:43,MYOR,RG,1670,43,D,AI,BK,F
13:35:43,MYOR,RG,1670,7,D,AI,XC,D
13:35:37,MYOR,RG,1670,5,D,AI,KZ,F
13:35:35,MYOR,RG,1670,8,D,AI,KZ,F
13:35:35,MYOR,RG,1670,37,D,AI,CC,F
13:35:35,MYOR,RG,1670,65,D,PD,CC,F
13:35:16,MYOR,RG,1670,20,D,PD,KZ,F
13:35:14,MYOR,RG,1670,23,D,PD,KZ,F
13:35:13,MYOR,RG,1670,92,D,PD,CS,F
13:35:13,MYOR,RG,1670,83,D,OD,CS,F
13:35:13,MYOR,RG,1670,191,D,OD,CS,F
13:35:10,MYOR,RG,1670,5,D,OD,OD,D
13:35:00,MYOR,RG,1670,9,D,OD,KZ,F
13:35:00,MYOR,RG,1670,71,D,OD,YU,D
13:34:55,MYOR,RG,1670,1,D,OD,XC,D
13:34:49,MYOR,RG,1670,3,D,OD,KZ,F
13:34:49,MYOR,RG,1670,26,D,OD,PD,D
13:34:13,MYOR,RG,1670,1,D,OD,KZ,F
13:34:12,MYOR,RG,1670,4,D,OD,OD,D
13:33:22,MYOR,RG,1675,1,D,YP,XL,D
13:33:12,MYOR,RG,1670,4,D,OD,OD,D
13:33:03,MYOR,RG,1670,2,D,OD,KZ,F
13:33:01,MYOR,RG,1670,6,D,OD,KZ,F
13:33:00,MYOR,RG,1670,20,D,OD,YU,D
13:33:00,MYOR,RG,1670,43,D,OD,YU,D
13:32:14,MYOR,RG,1670,5,D,OD,OD,D
13:32:07,MYOR,RG,1670,1,D,OD,XC,D
13:32:02,MYOR,RG,1670,18,D,OD,KZ,F
13:32:00,MYOR,RG,1670,2,D,OD,KZ,F
13:32:00,MYOR,RG,1670,146,D,OD,YU,D
13:32:00,MYOR,RG,1670,21,D,OD,YU,D
13:31:54,MYOR,RG,1670,32,D,OD,KZ,F
13:31:44,MYOR,RG,1670,11,D,OD,KZ,F
13:31:44,MYOR,RG,1670,1,D,OD,KZ,F
13:31:43,MYOR,RG,1675,1,D,PD,XL,D
13:31:34,MYOR,RG,1670,2,D,OD,KZ,F
13:31:34,MYOR,RG,1670,19,D,OD,KZ,F
13:31:34,MYOR,RG,1670,1,D,OD,KZ,F
13:31:31,MYOR,RG,1670,1,D,OD,KZ,F
13:31:29,MYOR,RG,1670,11,D,OD,KZ,F
13:31:28,MYOR,RG,1670,5,D,OD,PD,D
13:31:28,MYOR,RG,1670,95,D,OD,PD,D
13:31:12,MYOR,RG,1670,5,D,OD,OD,D
13:31:06,MYOR,RG,1670,1,D,OD,CC,D
13:31:00,MYOR,RG,1670,154,D,OD,YU,D
13:31:00,MYOR,RG,1670,1,D,KK,YU,D
13:31:00,MYOR,RG,1670,1,D,AT,YU,D
13:31:00,MYOR,RG,1670,10,D,PD,YU,D
13:31:00,MYOR,RG,1670,1,D,KK,YU,D
13:31:00,MYOR,RG,1670,17,D,AT,YU,D
13:30:32,MYOR,RG,1670,1,D,AT,XL,D
13:30:25,MYOR,RG,1675,3,D,SQ,XL,D
13:30:23,MYOR,RG,1670,1,D,AT,OD,D
13:30:14,MYOR,RG,1675,16,F,AK,XL,D
13:30:14,MYOR,RG,1675,82,F,AK,KZ,F
13:30:14,MYOR,RG,1675,116,F,AK,KK,D
13:30:13,MYOR,RG,1675,214,F,AK,KK,D
13:30:13,MYOR,RG,1675,214,F,AK,KK,D
13:30:11,MYOR,RG,1675,214,F,AK,KK,D
13:30:08,MYOR,RG,1670,81,D,AT,YU,D
13:30:08,MYOR,RG,1670,83,D,OD,YU,D
13:30:08,MYOR,RG,1670,87,D,OD,YU,D
13:30:08,MYOR,RG,1675,2,D,XL,KK,D
13:30:08,MYOR,RG,1675,5,D,XL,KK,D
13:30:07,MYOR,RG,1675,214,F,AK,KK,D
13:30:07,MYOR,RG,1670,2,D,OD,XL,D
13:30:06,MYOR,RG,1675,5,D,XL,KK,D
13:30:06,MYOR,RG,1675,8,D,YP,KK,D
13:30:06,MYOR,RG,1670,10,D,OD,XL,D
13:30:04,MYOR,RG,1675,3,D,PD,KK,D
13:30:04,MYOR,RG,1670,3,D,OD,AK,F
13:30:04,MYOR,RG,1675,2,D,PD,KK,D
13:30:03,MYOR,RG,1675,1,D,XC,KK,D
13:30:03,MYOR,RG,1675,2,D,XC,KK,D
13:30:03,MYOR,RG,1675,1,D,XC,KZ,F
13:30:02,MYOR,RG,1670,15,D,OD,PD,D
13:30:02,MYOR,RG,1675,1,D,PD,KZ,F
13:30:02,MYOR,RG,1675,10,D,PD,KZ,F
13:30:02,MYOR,RG,1675,2,D,PD,KZ,F
13:30:01,MYOR,RG,1675,5,D,PD,KZ,F
13:30:01,MYOR,RG,1675,1,D,XC,KZ,F
13:30:01,MYOR,RG,1675,1,D,XC,KZ,F
13:30:01,MYOR,RG,1670,1,D,OD,PD,D
13:30:01,MYOR,RG,1675,5,D,GR,KZ,F
13:30:01,MYOR,RG,1670,37,D,OD,DR,D
13:30:01,MYOR,RG,1675,6,D,DH,KZ,F
13:30:01,MYOR,RG,1670,1,D,OD,RG,D
11:29:33,MYOR,RG,1675,2,D,XL,KZ,F
11:29:32,MYOR,RG,1670,3,D,OD,OD,D
11:29:20,MYOR,RG,1675,1,D,NI,KZ,F
11:29:01,MYOR,RG,1670,4,D,OD,KZ,F
11:29:00,MYOR,RG,1670,67,D,OD,YU,D
11:28:34,MYOR,RG,1670,2,D,OD,OD,D
11:28:21,MYOR,RG,1670,20,D,OD,EP,D
11:27:36,MYOR,RG,1670,2,D,OD,OD,D
11:27:36,MYOR,RG,1670,66,D,OD,XC,D
11:27:00,MYOR,RG,1670,23,D,OD,YU,D
11:27:00,MYOR,RG,1670,37,D,OD,YU,D
11:26:39,MYOR,RG,1670,2,D,OD,OD,D
11:26:31,MYOR,RG,1670,1,D,OD,AK,F
11:25:40,MYOR,RG,1670,2,D,OD,OD,D
11:25:00,MYOR,RG,1670,53,D,OD,YU,D
11:25:00,MYOR,RG,1670,71,D,OD,YU,D
11:24:40,MYOR,RG,1670,3,D,OD,OD,D
11:23:40,MYOR,RG,1670,2,D,OD,OD,D
11:23:25,MYOR,RG,1670,15,D,OD,XC,D
11:22:40,MYOR,RG,1670,2,D,OD,OD,D
11:22:22,MYOR,RG,1670,1,D,OD,XC,D
11:21:42,MYOR,RG,1670,2,D,OD,OD,D
11:21:00,MYOR,RG,1670,24,D,OD,YU,D
11:21:00,MYOR,RG,1670,33,D,OD,YU,D
11:20:43,MYOR,RG,1670,59,D,OD,DH,D
11:20:42,MYOR,RG,1670,2,D,OD,OD,D
11:20:42,MYOR,RG,1675,8,D,YP,KZ,F
11:20:42,MYOR,RG,1675,18,D,YP,KZ,F
11:20:42,MYOR,RG,1675,5,D,YP,KZ,F
11:20:42,MYOR,RG,1675,1,D,YP,KZ,F
11:20:42,MYOR,RG,1675,1,D,YP,YP,D
11:20:42,MYOR,RG,1675,1,D,YP,KZ,F
11:20:42,MYOR,RG,1675,9,D,YP,KZ,F
11:20:42,MYOR,RG,1675,8,D,YP,XL,D
11:20:42,MYOR,RG,1675,2,D,YP,KZ,F
11:20:42,MYOR,RG,1675,15,D,YP,KZ,F
11:20:42,MYOR,RG,1675,32,D,YP,DR,D
11:20:41,MYOR,RG,1670,5,D,OD,KZ,F
11:20:40,MYOR,RG,1670,5,D,OD,YP,D
11:20:40,MYOR,RG,1670,45,D,OD,YP,D
11:20:22,MYOR,RG,1670,1,D,OD,KZ,F
11:20:22,MYOR,RG,1670,2,D,OD,XC,D
11:20:01,MYOR,RG,1670,5,D,OD,KZ,F
11:20:00,MYOR,RG,1670,41,D,OD,YU,D
11:19:40,MYOR,RG,1670,2,D,OD,OD,D
11:19:37,MYOR,RG,1675,1,D,XL,DR,D
11:19:01,MYOR,RG,1670,7,D,OD,KZ,F
11:19:00,MYOR,RG,1670,63,D,OD,YU,D
11:18:43,MYOR,RG,1670,1,D,OD,KZ,F
11:18:42,MYOR,RG,1670,3,D,OD,OD,D
11:17:41,MYOR,RG,1670,6,D,OD,KZ,F
11:17:40,MYOR,RG,1670,2,D,OD,OD,D
11:17:40,MYOR,RG,1670,50,D,OD,FZ,D
11:17:03,MYOR,RG,1670,2,D,OD,KZ,F
11:17:01,MYOR,RG,1670,4,D,OD,KZ,F
11:17:00,MYOR,RG,1670,21,D,OD,YU,D
11:17:00,MYOR,RG,1670,28,D,OD,YU,D
11:16:42,MYOR,RG,1670,2,D,OD,OD,D
11:16:07,MYOR,RG,1670,4,D,OD,XC,D
11:16:01,MYOR,RG,1670,6,D,OD,KZ,F
11:16:00,MYOR,RG,1670,47,D,OD,YU,D
11:15:44,MYOR,RG,1670,3,D,OD,OD,D
11:15:14,MYOR,RG,1670,1,D,OD,KZ,F
11:15:13,MYOR,RG,1670,10,D,OD,YP,D
11:14:46,MYOR,RG,1670,1,D,OD,KZ,F
11:14:45,MYOR,RG,1670,2,D,OD,XC,D
11:14:12,MYOR,RG,1670,3,D,OD,KZ,F
11:14:10,MYOR,RG,1670,2,D,OD,KZ,F
11:14:09,MYOR,RG,1670,28,D,OD,YU,D
11:14:09,MYOR,RG,1670,44,D,OD,YU,D
11:14:09,MYOR,RG,1670,2,D,OD,OD,D
11:14:09,MYOR,RG,1670,1,D,OD,KZ,F
11:14:09,MYOR,RG,1670,1,D,OD,AK,F
11:14:09,MYOR,RG,1670,6,D,OD,KZ,F
11:14:09,MYOR,RG,1670,9,D,OD,KZ,F
11:13:57,MYOR,RG,1670,17,D,OD,CS,F
11:13:57,MYOR,RG,1670,27,D,OD,YU,D
11:13:57,MYOR,RG,1670,49,D,OD,YU,F
11:13:57,MYOR,RG,1670,1,D,OD,KZ,F
11:13:57,MYOR,RG,1670,6,D,OD,XC,D
11:13:44,MYOR,RG,1665,2,D,OD,OD,D
11:12:44,MYOR,RG,1665,2,D,OD,OD,D
11:12:41,MYOR,RG,1670,3,D,PD,XC,D
11:12:41,MYOR,RG,1670,5,D,PD,XC,D
11:12:41,MYOR,RG,1670,6,D,XL,XC,D
11:12:02,MYOR,RG,1670,4,D,XL,KZ,F
11:12:02,MYOR,RG,1670,6,D,CC,KZ,F
11:12:00,MYOR,RG,1670,7,D,CC,KZ,F
11:12:00,MYOR,RG,1670,74,D,CC,YU,D
11:12:00,MYOR,RG,1670,5,D,CC,YU,D
11:12:00,MYOR,RG,1670,60,D,CC,YU,D
11:11:46,MYOR,RG,1670,2,D,CC,OD,D
11:10:44,MYOR,RG,1670,2,D,CC,OD,D
11:09:36,MYOR,RG,1670,1,D,CC,KZ,F
11:09:35,MYOR,RG,1670,6,D,CC,XC,D
11:09:17,MYOR,RG,1670,27,D,CC,KZ,F
11:09:15,MYOR,RG,1670,1,D,CC,KZ,F
11:09:15,MYOR,RG,1670,41,D,CC,CS,F
11:09:15,MYOR,RG,1670,70,D,CC,CS,F
11:09:14,MYOR,RG,1670,120,D,CC,CS,F
11:09:14,MYOR,RG,1670,45,D,CC,CS,F
11:09:14,MYOR,RG,1670,1,D,CC,AK,F
11:09:14,MYOR,RG,1670,2,D,CC,OD,D
11:09:14,MYOR,RG,1670,27,D,CC,YU,D
11:09:14,MYOR,RG,1670,6,D,CC,KZ,F
11:09:14,MYOR,RG,1670,1,D,CC,KZ,F
11:09:14,MYOR,RG,1670,1,D,CC,XC,D
11:09:14,MYOR,RG,1670,1,D,CC,KZ,F
11:09:14,MYOR,RG,1670,13,D,CC,XC,D
11:09:14,MYOR,RG,1670,3,D,CC,KZ,F
11:09:14,MYOR,RG,1670,3,D,CC,KZ,F
11:09:14,MYOR,RG,1670,1,D,CC,AK,F
11:09:14,MYOR,RG,1670,5,D,CC,KZ,F
11:09:14,MYOR,RG,1670,70,D,CC,YU,F
11:09:14,MYOR,RG,1670,5,D,CC,KZ,F
11:09:14,MYOR,RG,1670,6,D,CC,KZ,F
11:09:14,MYOR,RG,1670,2,D,CC,KZ,F
11:09:14,MYOR,RG,1670,8,D,CC,KZ,F
11:09:14,MYOR,RG,1670,78,D,CC,CS,F
11:09:14,MYOR,RG,1670,1,D,CC,AK,F
11:09:14,MYOR,RG,1670,22,D,CC,KZ,F
11:09:14,MYOR,RG,1670,115,D,CC,DR,D
11:09:14,MYOR,RG,1670,4,D,CC,CS,F
11:08:42,MYOR,RG,1665,2,D,OD,OD,D
11:07:42,MYOR,RG,1665,2,D,OD,OD,D
11:07:11,MYOR,RG,1665,4,D,OD,KZ,F
11:07:11,MYOR,RG,1665,6,D,OD,KZ,F
11:07:11,MYOR,RG,1665,13,D,OD,KZ,F
11:07:02,MYOR,RG,1665,111,D,OD,YB,D
11:07:00,MYOR,RG,1665,46,D,OD,YU,D
11:06:47,MYOR,RG,1670,2,D,XL,CS,F
11:06:44,MYOR,RG,1665,2,D,OD,OD,D
11:06:25,MYOR,RG,1670,30,D,CC,CS,F
11:06:19,MYOR,RG,1665,5,D,OD,AT,D
11:06:00,MYOR,RG,1665,51,D,OD,YU,D
11:05:46,MYOR,RG,1665,2,D,OD,OD,D
11:04:48,MYOR,RG,1665,2,D,OD,OD,D
11:03:48,MYOR,RG,1665,3,D,OD,OD,D
11:02:48,MYOR,RG,1665,2,D,OD,OD,D
11:02:00,MYOR,RG,1665,27,D,OD,YU,D
11:02:00,MYOR,RG,1665,17,D,OD,YU,D
11:02:00,MYOR,RG,1665,50,D,OD,YU,D
11:01:48,MYOR,RG,1665,2,D,OD,OD,D
11:01:18,MYOR,RG,1670,10,D,PD,YU,D
11:01:00,MYOR,RG,1670,4,D,XC,YU,D
11:01:00,MYOR,RG,1670,1,D,YP,YU,D
11:00:58,MYOR,RG,1670,1,D,YP,KZ,F
11:00:58,MYOR,RG,1670,4,D,YP,PD,D
11:00:48,MYOR,RG,1670,2,D,YP,OD,D
11:00:27,MYOR,RG,1670,2,D,YP,KZ,F
11:00:26,MYOR,RG,1670,1,D,PD,AT,D
11:00:26,MYOR,RG,1670,3,D,YP,AT,D
11:00:25,MYOR,RG,1675,10,D,PD,DR,D
11:00:02,MYOR,RG,1670,5,D,YP,KZ,F
11:00:00,MYOR,RG,1670,4,D,YP,KZ,F
11:00:00,MYOR,RG,1670,18,D,YP,YU,D
11:00:00,MYOR,RG,1670,10,D,XC,YU,D
11:00:00,MYOR,RG,1670,7,D,XL,YU,D
11:00:00,MYOR,RG,1670,10,D,DH,YU,D
11:00:00,MYOR,RG,1670,2,D,DR,YU,D
11:00:00,MYOR,RG,1670,31,D,OD,YU,D
10:59:48,MYOR,RG,1670,2,D,OD,OD,D
10:59:00,MYOR,RG,1670,5,D,OD,KZ,F
10:59:00,MYOR,RG,1670,45,D,OD,YU,D
10:59:00,MYOR,RG,1670,4,D,OD,YU,D
10:58:56,MYOR,RG,1675,3,D,XL,DR,D
10:58:54,MYOR,RG,1670,1,D,OD,XC,D
10:58:53,MYOR,RG,1675,3,D,YP,DR,D
10:58:46,MYOR,RG,1670,2,D,OD,OD,D
10:58:00,MYOR,RG,1670,56,D,OD,YU,D
10:57:49,MYOR,RG,1670,1,D,OD,OD,D
10:57:42,MYOR,RG,1670,2,D,OD,OD,D
10:56:42,MYOR,RG,1670,2,D,OD,OD,D
10:55:44,MYOR,RG,1670,2,D,OD,OD,D
10:55:43,MYOR,RG,1675,1,D,XL,DR,D
10:55:43,MYOR,RG,1675,1,D,XL,DH,D
10:54:45,MYOR,RG,1670,150,D,OD,CS,F
10:54:44,MYOR,RG,1670,123,D,OD,CS,F
10:54:44,MYOR,RG,1670,49,D,OD,CS,F
10:54:44,MYOR,RG,1670,68,D,OD,KZ,F
10:54:44,MYOR,RG,1670,83,D,OD,YU,F
10:54:44,MYOR,RG,1670,15,D,OD,YU,D
10:54:44,MYOR,RG,1670,10,D,OD,YU,D
10:54:44,MYOR,RG,1670,30,D,OD,YU,D
10:54:44,MYOR,RG,1670,24,D,OD,CS,F
10:54:44,MYOR,RG,1670,40,D,OD,KK,D
10:54:44,MYOR,RG,1670,20,D,OD,KK,D
10:54:44,MYOR,RG,1670,91,D,OD,KZ,F
10:54:44,MYOR,RG,1670,144,D,OD,CS,F
10:54:44,MYOR,RG,1665,2,D,OD,OD,D
10:54:36,MYOR,RG,1670,10,D,DH,CS,F
10:54:32,MYOR,RG,1670,54,D,OD,CS,F
10:54:32,MYOR,RG,1670,194,D,OD,HP,D
10:54:32,MYOR,RG,1670,516,D,OD,HP,D
10:54:32,MYOR,RG,1670,39,D,OD,KZ,F
10:54:32,MYOR,RG,1670,336,D,OD,CS,F
10:54:32,MYOR,RG,1670,21,D,OD,YU,D
10:54:32,MYOR,RG,1670,3,D,OD,XL,D
10:54:32,MYOR,RG,1670,28,D,OD,YU,D
10:54:32,MYOR,RG,1670,1,D,OD,AK,F
10:54:32,MYOR,RG,1670,2,D,OD,XL,D
10:54:32,MYOR,RG,1670,1,D,OD,YP,D
10:54:32,MYOR,RG,1670,20,D,OD,NI,D
10:54:32,MYOR,RG,1670,12,D,OD,KZ,F
10:54:32,MYOR,RG,1670,1,D,OD,AK,F
10:54:32,MYOR,RG,1670,36,D,OD,KZ,F
10:54:32,MYOR,RG,1670,13,D,OD,CS,F
10:54:32,MYOR,RG,1670,172,D,OD,CS,F
10:54:32,MYOR,RG,1670,45,D,OD,YU,D
10:54:32,MYOR,RG,1670,46,D,OD,YU,D
10:54:32,MYOR,RG,1670,3,D,OD,XC,D
10:54:32,MYOR,RG,1670,16,D,OD,XC,D
10:54:32,MYOR,RG,1670,10,D,OD,KZ,F
10:54:32,MYOR,RG,1670,31,D,OD,KZ,F
10:54:32,MYOR,RG,1670,225,D,OD,CS,F
10:54:32,MYOR,RG,1670,11,D,OD,KZ,F
10:54:32,MYOR,RG,1670,86,D,OD,CS,F
10:54:32,MYOR,RG,1670,126,D,OD,CS,F
10:54:32,MYOR,RG,1670,1,D,OD,KZ,F
10:54:32,MYOR,RG,1670,30,D,OD,KZ,F
10:54:32,MYOR,RG,1670,87,D,OD,CS,F
10:54:32,MYOR,RG,1670,69,D,OD,KZ,F
10:54:32,MYOR,RG,1670,19,D,OD,KZ,F
10:54:32,MYOR,RG,1670,116,D,OD,CS,F
10:54:32,MYOR,RG,1670,630,D,OD,ZP,D
10:54:30,MYOR,RG,1665,1,D,OD,SQ,D
10:54:21,MYOR,RG,1665,1,D,OD,KZ,F
10:53:46,MYOR,RG,1665,2,D,OD,OD,D
10:53:31,MYOR,RG,1665,1,D,OD,KZ,F
10:53:21,MYOR,RG,1665,6,D,OD,KZ,F
10:53:16,MYOR,RG,1670,1,D,XL,ZP,D
10:53:14,MYOR,RG,1665,23,D,OD,KZ,F
10:53:12,MYOR,RG,1665,13,D,OD,KZ,F
10:53:11,MYOR,RG,1665,97,D,OD,CS,F
10:53:11,MYOR,RG,1665,104,D,OD,CS,F
10:53:11,MYOR,RG,1665,107,D,OD,CS,F
10:53:00,MYOR,RG,1665,54,D,OD,YU,D
10:52:48,MYOR,RG,1665,2,D,OD,OD,D
10:52:03,MYOR,RG,1665,1,D,OD,PD,D
10:51:51,MYOR,RG,1665,2,D,OD,KZ,F
10:51:49,MYOR,RG,1665,2,D,OD,OD,D
10:51:28,MYOR,RG,1670,1,D,XC,ZP,D
10:51:21,MYOR,RG,1665,2,D,OD,KZ,F
10:51:21,MYOR,RG,1665,4,D,OD,KZ,F
10:51:18,MYOR,RG,1670,1,D,YP,ZP,D
10:51:14,MYOR,RG,1665,30,D,OD,PD,D
10:50:43,MYOR,RG,1665,17,D,OD,CS,F
10:50:43,MYOR,RG,1665,17,D,OD,CS,F
10:50:43,MYOR,RG,1665,9,D,OD,KZ,F
10:50:43,MYOR,RG,1665,1,D,OD,KZ,F
10:50:43,MYOR,RG,1665,1,D,OD,KZ,F
10:50:43,MYOR,RG,1665,3,D,OD,CS,F
10:50:43,MYOR,RG,1665,3,D,OD,OD,D
10:50:06,MYOR,RG,1670,1,D,XL,ZP,D
10:49:50,MYOR,RG,1660,2,D,OD,OD,D
10:49:46,MYOR,RG,1665,3,D,XC,CS,F
10:49:46,MYOR,RG,1665,1,D,XC,CS,F
10:49:46,MYOR,RG,1665,5,D,XC,CS,F
10:49:37,MYOR,RG,1665,5,D,XC,KZ,F
10:49:37,MYOR,RG,1665,3,D,YP,KZ,F
10:49:36,MYOR,RG,1665,71,D,YP,CS,F
10:49:31,MYOR,RG,1665,3,D,YP,KZ,F
10:49:15,MYOR,RG,1670,1,D,PD,ZP,D
10:49:11,MYOR,RG,1665,23,D,YP,YP,D
10:49:11,MYOR,RG,1665,1,D,CC,YP,D
10:49:11,MYOR,RG,1665,1,D,YP,YP,D
10:49:03,MYOR,RG,1665,6,D,OD,KZ,F
10:49:02,MYOR,RG,1665,1,D,OD,AK,F
10:49:01,MYOR,RG,1665,23,D,OD,KZ,F
10:49:00,MYOR,RG,1665,53,D,OD,CS,F
10:49:00,MYOR,RG,1665,193,D,OD,CS,F
10:49:00,MYOR,RG,1665,75,D,OD,YU,D
10:48:51,MYOR,RG,1665,2,D,OD,OD,D
10:48:31,MYOR,RG,1665,1,D,OD,KZ,F
10:48:25,MYOR,RG,1665,1,D,OD,PD,D
10:47:53,MYOR,RG,1665,2,D,OD,OD,D
10:47:49,MYOR,RG,1665,1,D,OD,XC,D
10:47:21,MYOR,RG,1665,1,D,OD,KZ,F
10:47:11,MYOR,RG,1665,17,D,OD,KZ,F
10:47:11,MYOR,RG,1665,3,D,OD,KZ,F
10:47:03,MYOR,RG,1665,43,D,OD,KZ,F
10:47:01,MYOR,RG,1665,1,D,OD,KZ,F
10:47:01,MYOR,RG,1665,1,D,OD,KZ,F
10:47:01,MYOR,RG,1665,2,D,OD,KZ,F
10:47:01,MYOR,RG,1665,9,D,OD,KZ,F
10:47:01,MYOR,RG,1665,1,D,OD,KZ,F
10:47:00,MYOR,RG,1665,6,D,OD,KZ,F
10:47:00,MYOR,RG,1665,199,D,OD,CS,F
10:47:00,MYOR,RG,1665,104,D,OD,CS,F
10:47:00,MYOR,RG,1665,65,D,OD,CS,F
10:46:59,MYOR,RG,1665,51,D,OD,YU,D
10:46:49,MYOR,RG,1665,2,D,OD,OD,D
10:46:39,MYOR,RG,1670,10,D,YP,ZP,D
10:46:00,MYOR,RG,1665,90,D,OD,YU,D
10:45:47,MYOR,RG,1665,2,D,OD,OD,D
10:45:44,MYOR,RG,1670,1,D,YP,ZP,D
10:45:32,MYOR,RG,1670,2,D,XL,ZP,D
10:45:11,MYOR,RG,1665,6,D,OD,XC,D
10:44:50,MYOR,RG,1665,10,D,OD,AI,D
10:44:35,MYOR,RG,1665,23,D,OD,YP,D
10:44:21,MYOR,RG,1665,3,D,OD,XC,D
10:44:12,MYOR,RG,1665,1,D,OD,AK,F
10:44:12,MYOR,RG,1665,2,D,OD,AK,F
10:44:12,MYOR,RG,1660,68,D,OD,CS,F
10:44:12,MYOR,RG,1665,31,D,NI,CS,F
10:44:12,MYOR,RG,1665,5,D,NI,AK,F
10:44:11,MYOR,RG,1665,32,D,NI,CS,F
10:44:11,MYOR,RG,1665,8,D,NI,KZ,F
10:44:11,MYOR,RG,1665,3,D,NI,OD,D
10:44:11,MYOR,RG,1665,4,D,NI,BK,F
10:44:11,MYOR,RG,1665,4,D,NI,KZ,F
10:44:11,MYOR,RG,1665,2,D,NI,KZ,F
10:44:11,MYOR,RG,1665,1,D,NI,KZ,F
10:44:11,MYOR,RG,1665,2,D,NI,CS,F
10:44:11,MYOR,RG,1665,1,D,NI,KZ,F
10:44:11,MYOR,RG,1665,2,D,NI,KZ,F
10:44:11,MYOR,RG,1665,3,D,NI,KZ,F
10:44:11,MYOR,RG,1665,2,D,NI,KZ,F
10:44:00,MYOR,RG,1660,76,D,OD,YU,D
10:43:19,MYOR,RG,1660,1,D,OD,CS,F
10:43:19,MYOR,RG,1665,1,D,XC,CS,F
10:43:18,MYOR,RG,1665,19,D,XC,CS,F
10:43:17,MYOR,RG,1665,1,D,XC,BK,F
10:43:17,MYOR,RG,1665,23,D,EP,BK,F
10:43:11,MYOR,RG,1670,1,D,XL,ZP,D
10:43:09,MYOR,RG,1665,17,D,EP,CS,F
10:43:04,MYOR,RG,1665,3,D,EP,OD,D
10:43:04,MYOR,RG,1665,32,D,EP,KZ,F
10:43:04,MYOR,RG,1665,9,D,EP,AK,F
10:43:03,MYOR,RG,1665,1,D,EP,XC,D
10:43:03,MYOR,RG,1665,3,D,AT,AK,F
10:43:03,MYOR,RG,1665,11,D,NI,AK,F
10:43:02,MYOR,RG,1665,19,D,NI,BK,F
10:43:02,MYOR,RG,1665,83,D,OD,BK,F
10:43:02,MYOR,RG,1665,98,D,OD,BK,F
10:43:02,MYOR,RG,1665,18,D,OD,KZ,F
10:43:02,MYOR,RG,1665,32,D,OD,AK,F
10:43:01,MYOR,RG,1665,23,D,OD,KZ,F
10:43:01,MYOR,RG,1665,172,D,OD,CS,F
10:43:01,MYOR,RG,1665,2,D,OD,CS,F
10:43:00,MYOR,RG,1665,200,D,OD,BK,F
10:42:59,MYOR,RG,1665,13,D,OD,BK,F
10:42:59,MYOR,RG,1665,5,D,OD,BK,F
10:42:51,MYOR,RG,1665,3,D,OD,OD,D
10:42:34,MYOR,RG,1670,29,D,PD,ZP,D
10:42:31,MYOR,RG,1665,1,D,OD,KZ,F
10:42:21,MYOR,RG,1665,1,D,OD,KZ,F
10:41:49,MYOR,RG,1665,3,D,OD,OD,D
10:41:45,MYOR,RG,1665,3,D,OD,XC,D
10:41:41,MYOR,RG,1665,1,D,OD,KZ,F
10:41:37,MYOR,RG,1670,8,D,XC,ZP,D
10:41:31,MYOR,RG,1665,5,D,OD,KZ,F
10:41:31,MYOR,RG,1665,3,D,OD,KZ,F
10:41:27,MYOR,RG,1665,6,D,OD,KZ,F
10:41:25,MYOR,RG,1665,17,D,OD,KZ,F
10:41:24,MYOR,RG,1665,56,D,OD,YU,D
10:41:24,MYOR,RG,1665,144,D,OD,YU,D
10:41:05,MYOR,RG,1670,1,D,XC,ZP,D
10:40:49,MYOR,RG,1665,20,D,OD,YP,D
10:40:38,MYOR,RG,1665,1,D,OD,XC,D
10:40:28,MYOR,RG,1665,5,D,OD,KK,D
10:40:28,MYOR,RG,1665,20,D,OD,KZ,F
10:40:28,MYOR,RG,1665,22,D,OD,YU,D
10:40:28,MYOR,RG,1665,8,D,OD,KZ,F
10:40:28,MYOR,RG,1665,3,D,OD,OD,D
10:40:28,MYOR,RG,1665,2,D,OD,XC,D
10:40:28,MYOR,RG,1665,2,D,OD,KZ,F
10:40:28,MYOR,RG,1665,20,D,OD,YU,D
10:40:28,MYOR,RG,1665,2,D,OD,KZ,F
10:40:28,MYOR,RG,1665,6,D,OD,KZ,F
10:40:08,MYOR,RG,1660,1,D,OD,XL,D
10:40:07,MYOR,RG,1665,6,D,OD,KZ,F
10:40:07,MYOR,RG,1665,54,D,OD,KZ,F
10:40:07,MYOR,RG,1665,40,D,OD,CS,F
10:40:07,MYOR,RG,1665,1,D,XC,CS,F
10:39:56,MYOR,RG,1665,49,D,OD,CS,F
10:39:56,MYOR,RG,1665,151,D,OD,BK,F
10:39:45,MYOR,RG,1660,2,D,OD,OD,D
10:39:39,MYOR,RG,1660,11,D,OD,YP,D
10:38:45,MYOR,RG,1660,3,D,OD,OD,D
10:38:31,MYOR,RG,1665,1,D,SQ,BK,F
10:38:24,MYOR,RG,1665,1,D,SQ,BK,F
10:38:13,MYOR,RG,1665,4,D,KK,BK,F
10:37:46,MYOR,RG,1665,10,D,PD,BK,F
10:37:45,MYOR,RG,1665,32,F,BK,BK,F
10:37:45,MYOR,RG,1665,16,D,OD,BK,F
10:37:44,MYOR,RG,1665,67,D,OD,AK,F
10:37:44,MYOR,RG,1665,133,D,OD,AK,F
10:37:44,MYOR,RG,1665,64,D,OD,AK,F
10:37:43,MYOR,RG,1665,146,D,OD,AK,F
10:37:43,MYOR,RG,1665,54,D,OD,AK,F
10:37:40,MYOR,RG,1665,43,D,OD,KZ,F
10:37:38,MYOR,RG,1665,118,D,OD,AK,F
10:37:38,MYOR,RG,1665,82,D,OD,AK,F
10:37:38,MYOR,RG,1665,6,D,OD,KZ,F
10:37:38,MYOR,RG,1665,1,D,OD,AK,F
10:37:38,MYOR,RG,1665,15,D,OD,AK,F
10:37:38,MYOR,RG,1665,145,D,OD,AK,F
10:37:38,MYOR,RG,1665,110,D,OD,BK,F
10:37:31,MYOR,RG,1660,123,D,OD,KZ,F
10:37:31,MYOR,RG,1660,215,D,OD,KZ,F
10:37:31,MYOR,RG,1660,53,D,OD,KZ,F
10:37:26,MYOR,RG,1660,51,D,OD,CS,F
10:37:26,MYOR,RG,1660,66,D,OD,CS,F
10:37:26,MYOR,RG,1660,12,D,OD,KZ,F
10:37:26,MYOR,RG,1660,1,D,OD,KZ,F
10:37:26,MYOR,RG,1660,5,D,OD,KZ,F
10:37:26,MYOR,RG,1660,1,D,OD,KZ,F
10:37:26,MYOR,RG,1660,1,D,OD,KZ,F
10:37:26,MYOR,RG,1660,2,D,OD,KZ,F
10:37:26,MYOR,RG,1660,24,D,OD,KZ,F
10:37:26,MYOR,RG,1660,2,D,OD,KZ,F
10:37:26,MYOR,RG,1660,10,D,OD,PD,D
10:37:26,MYOR,RG,1660,18,D,OD,KZ,F
10:37:26,MYOR,RG,1660,43,D,OD,YU,D
10:37:26,MYOR,RG,1660,39,D,OD,YU,D
10:37:26,MYOR,RG,1660,22,D,OD,YU,D
10:37:26,MYOR,RG,1660,9,D,OD,CS,F
10:37:25,MYOR,RG,1660,16,D,CC,CS,F
10:37:25,MYOR,RG,1660,3,D,CC,OD,D
10:37:25,MYOR,RG,1660,7,D,CC,KZ,F
10:37:25,MYOR,RG,1660,24,D,CC,YP,D
10:37:16,MYOR,RG,1660,1,D,XL,YP,D
10:37:03,MYOR,RG,1660,9,D,XC,YP,D
10:37:03,MYOR,RG,1660,1,D,XC,YP,D
10:37:03,MYOR,RG,1660,42,D,XC,YP,D
10:37:03,MYOR,RG,1660,1,D,AZ,YP,D
10:37:03,MYOR,RG,1660,1,D,AZ,YP,D
10:37:03,MYOR,RG,1660,1,D,PD,YP,D
10:37:03,MYOR,RG,1660,1,D,PD,YP,D
10:37:03,MYOR,RG,1660,56,F,BK,YP,D
10:37:03,MYOR,RG,1660,1,D,CC,YP,D
10:37:03,MYOR,RG,1660,5,D,CC,YP,D
10:37:03,MYOR,RG,1660,1,D,PD,YP,D
10:37:03,MYOR,RG,1660,10,D,PD,YP,D
10:37:03,MYOR,RG,1660,10,D,XC,YP,D
10:37:03,MYOR,RG,1660,2,D,NI,YP,D
10:37:03,MYOR,RG,1660,2,D,XC,YP,D
10:37:03,MYOR,RG,1660,5,D,PD,YP,D
10:37:03,MYOR,RG,1660,1,D,NI,YP,D
10:37:03,MYOR,RG,1660,1,D,ID,YP,D
10:37:03,MYOR,RG,1660,50,D,YP,YP,D
10:37:03,MYOR,RG,1660,36,D,PD,YP,D
10:37:03,MYOR,RG,1660,4,D,NI,YP,D
10:37:03,MYOR,RG,1660,2,D,PD,YP,D
10:37:03,MYOR,RG,1660,10,D,OD,YP,D
10:37:03,MYOR,RG,1660,3,D,BQ,YP,D
10:37:03,MYOR,RG,1660,10,D,CC,YP,D
10:37:03,MYOR,RG,1660,23,D,XC,YP,D
10:37:03,MYOR,RG,1660,5,D,DH,YP,D
10:37:03,MYOR,RG,1660,2,D,PD,YP,D
10:37:03,MYOR,RG,1660,4,D,XC,YP,D
10:37:03,MYOR,RG,1660,75,D,EP,YP,D
10:37:03,MYOR,RG,1660,10,D,XC,YP,D
10:37:03,MYOR,RG,1660,3,D,XC,YP,D
10:37:03,MYOR,RG,1660,20,D,YP,YP,D
10:37:03,MYOR,RG,1660,10,D,GR,YP,D
10:37:03,MYOR,RG,1660,1200,D,ZP,YP,D
10:37:03,MYOR,RG,1660,1,D,PD,YP,D
10:37:03,MYOR,RG,1660,2,D,YP,YP,D
10:37:03,MYOR,RG,1660,1,D,YP,YP,D
10:37:03,MYOR,RG,1660,10,D,XC,YP,D
10:37:03,MYOR,RG,1660,2,D,YP,YP,D
10:37:03,MYOR,RG,1660,20,D,XC,YP,D
10:37:03,MYOR,RG,1660,4,D,XC,YP,D
10:37:03,MYOR,RG,1660,83,D,OD,YP,D
10:37:03,MYOR,RG,1660,343,D,OD,YP,D
10:37:03,MYOR,RG,1660,208,D,OD,YP,D
10:37:03,MYOR,RG,1665,3,D,YP,YP,D
10:37:03,MYOR,RG,1665,1,D,XC,YP,D
10:37:03,MYOR,RG,1665,2,D,LS,YP,D
10:37:03,MYOR,RG,1665,1,D,CC,YP,D
10:37:03,MYOR,RG,1665,20,D,CC,YP,D
10:37:03,MYOR,RG,1665,26,F,BK,YP,D
10:37:03,MYOR,RG,1665,1,D,YP,YP,D
10:37:03,MYOR,RG,1665,1,D,PD,YP,D
10:37:03,MYOR,RG,1665,1,D,XC,YP,D
10:37:03,MYOR,RG,1665,300,D,OD,YP,D
10:37:03,MYOR,RG,1665,3,D,SQ,YP,D
10:37:03,MYOR,RG,1665,5,D,AO,YP,D
10:37:03,MYOR,RG,1665,60,D,DR,YP,D
10:37:03,MYOR,RG,1665,8,D,YP,YP,D
10:37:03,MYOR,RG,1665,200,D,PD,YP,D
10:37:03,MYOR,RG,1665,1,D,YP,YP,D
10:37:03,MYOR,RG,1665,18,D,GR,YP,D
10:37:03,MYOR,RG,1665,2,D,OD,YP,D
10:37:03,MYOR,RG,1665,50,D,KK,YP,D
10:37:03,MYOR,RG,1665,30,D,PD,YP,D
10:37:03,MYOR,RG,1665,1,D,XC,YP,D
10:37:03,MYOR,RG,1665,25,D,NI,YP,D
10:37:03,MYOR,RG,1665,1,D,EP,YP,D
10:37:03,MYOR,RG,1665,6,D,XL,YP,D
10:37:03,MYOR,RG,1665,200,D,OD,YP,D
10:37:03,MYOR,RG,1665,1,D,PD,YP,D
10:37:03,MYOR,RG,1665,1,D,XC,YP,D
10:37:03,MYOR,RG,1665,7,D,YP,YP,D
10:37:03,MYOR,RG,1665,58,D,EP,YP,D
10:36:52,MYOR,RG,1665,17,D,EP,DR,D
10:36:52,MYOR,RG,1665,3,D,CC,DR,D
10:36:48,MYOR,RG,1670,200,D,OD,ZP,D
10:36:39,MYOR,RG,1670,1,D,XC,ZP,D
10:36:39,MYOR,RG,1670,12,F,BK,ZP,D
10:36:39,MYOR,RG,1670,100,D,OD,ZP,D
10:36:29,MYOR,RG,1670,1,D,CC,AK,F
10:36:16,MYOR,RG,1670,43,F,BK,AK,F
10:36:16,MYOR,RG,1670,8,D,OD,AK,F
10:36:15,MYOR,RG,1670,20,D,OD,DR,D
10:36:11,MYOR,RG,1670,137,D,OD,KZ,F
10:36:11,MYOR,RG,1670,25,D,OD,KZ,F
10:36:09,MYOR,RG,1670,4,D,OD,KZ,F
10:36:09,MYOR,RG,1670,241,D,OD,CS,F
10:36:09,MYOR,RG,1670,53,D,OD,KZ,F
10:36:09,MYOR,RG,1670,273,D,OD,CS,F
10:36:09,MYOR,RG,1670,90,D,OD,CS,F
10:36:09,MYOR,RG,1670,280,D,OD,CS,F
10:36:08,MYOR,RG,1670,114,D,OD,CS,F
10:36:08,MYOR,RG,1670,2,D,OD,CS,F
10:36:08,MYOR,RG,1670,34,D,OD,CS,F
10:36:08,MYOR,RG,1670,40,D,OD,CS,F
10:36:08,MYOR,RG,1670,67,D,OD,CS,F
10:36:08,MYOR,RG,1670,1,D,OD,XC,D
10:36:08,MYOR,RG,1670,2,D,OD,OD,D
10:36:08,MYOR,RG,1670,3,D,OD,KZ,F
10:36:08,MYOR,RG,1670,1,D,OD,KZ,F
10:36:08,MYOR,RG,1670,4,D,OD,KZ,F
10:36:08,MYOR,RG,1670,1,D,OD,KZ,F
10:36:08,MYOR,RG,1670,13,D,OD,KZ,F
10:36:08,MYOR,RG,1670,1,D,OD,AK,F
10:36:08,MYOR,RG,1670,1,D,OD,AK,F
10:36:08,MYOR,RG,1670,37,D,OD,KZ,F
10:36:08,MYOR,RG,1670,2,D,OD,KZ,F
10:36:08,MYOR,RG,1670,2,D,OD,KZ,F
10:36:08,MYOR,RG,1670,8,D,OD,KZ,F
10:36:08,MYOR,RG,1670,26,D,OD,KZ,F
10:36:08,MYOR,RG,1670,84,D,OD,KZ,F
10:36:08,MYOR,RG,1670,95,D,OD,CS,F
10:36:08,MYOR,RG,1670,24,D,OD,CS,F
10:36:08,MYOR,RG,1670,25,D,OD,CS,F
10:36:08,MYOR,RG,1670,282,D,OD,ZP,D
10:35:49,MYOR,RG,1665,2,D,CC,OD,D
10:35:49,MYOR,RG,1665,1,D,YP,OD,D
10:35:36,MYOR,RG,1670,13,F,BK,ZP,D
10:35:36,MYOR,RG,1670,3,D,NI,ZP,D
10:35:36,MYOR,RG,1670,3,D,YP,ZP,D
10:35:36,MYOR,RG,1670,3,D,YP,ZP,D
10:35:36,MYOR,RG,1670,1,D,PD,ZP,D
10:35:36,MYOR,RG,1670,1,D,YP,ZP,D
10:35:36,MYOR,RG,1670,2,D,PD,ZP,D
10:35:36,MYOR,RG,1670,2,D,XC,ZP,D
10:35:36,MYOR,RG,1670,100,D,NI,ZP,D
10:35:36,MYOR,RG,1670,2,D,LS,ZP,D
10:35:36,MYOR,RG,1670,10,D,PD,ZP,D
10:35:36,MYOR,RG,1670,1,D,KK,ZP,D
10:35:36,MYOR,RG,1670,2,D,DH,ZP,D
10:35:36,MYOR,RG,1670,1,D,CC,ZP,D
10:35:36,MYOR,RG,1670,1,D,CC,ZP,D
10:35:36,MYOR,RG,1670,5,D,EP,ZP,D
10:35:36,MYOR,RG,1670,5,D,XC,ZP,D
10:35:36,MYOR,RG,1670,1,D,PD,ZP,D
10:35:36,MYOR,RG,1670,1,D,NI,ZP,D
10:35:36,MYOR,RG,1670,538,D,YB,ZP,D
10:35:36,MYOR,RG,1670,2,D,DR,ZP,D
10:35:36,MYOR,RG,1670,1,D,XC,ZP,D
10:35:36,MYOR,RG,1670,20,D,CC,ZP,D
10:35:33,MYOR,RG,1670,150,D,CC,ZP,D
10:35:33,MYOR,RG,1670,3,D,XL,ZP,D
10:35:33,MYOR,RG,1670,38,F,BK,ZP,D
10:35:33,MYOR,RG,1670,5,D,PD,ZP,D
10:35:33,MYOR,RG,1670,1,D,PD,ZP,D
10:35:33,MYOR,RG,1670,1,D,TF,ZP,D
10:35:33,MYOR,RG,1670,1,D,XC,ZP,D
10:35:33,MYOR,RG,1670,1,D,PD,ZP,D
10:35:33,MYOR,RG,1670,15,D,YP,ZP,D
10:35:33,MYOR,RG,1670,2,D,PD,ZP,D
10:35:33,MYOR,RG,1670,63,D,XL,ZP,D
10:35:33,MYOR,RG,1670,11,D,AZ,ZP,D
10:35:33,MYOR,RG,1670,1,D,PD,ZP,D
10:35:33,MYOR,RG,1670,83,D,OD,ZP,D
10:35:33,MYOR,RG,1670,343,D,OD,ZP,D
10:35:33,MYOR,RG,1670,215,D,OD,ZP,D
10:35:33,MYOR,RG,1670,67,D,OD,ZP,D
10:35:00,MYOR,RG,1670,20,D,OD,YP,D
10:34:47,MYOR,RG,1670,3,D,OD,OD,D
10:34:41,MYOR,RG,1675,1,D,XL,KZ,F
10:33:45,MYOR,RG,1670,2,D,OD,OD,D
10:33:31,MYOR,RG,1675,7,D,NI,BK,F
10:33:31,MYOR,RG,1675,19,D,NI,KZ,F
10:33:31,MYOR,RG,1675,3,D,NI,CS,F
10:33:31,MYOR,RG,1675,1,D,NI,KZ,F
10:33:16,MYOR,RG,1675,1,D,DH,KZ,F
10:33:07,MYOR,RG,1675,1,D,PD,KZ,F
10:32:55,MYOR,RG,1670,6,D,OD,AI,D
10:32:53,MYOR,RG,1670,6,D,OD,CC,D
10:32:53,MYOR,RG,1670,34,D,OD,CC,D
10:32:47,MYOR,RG,1670,3,D,OD,OD,D
10:32:15,MYOR,RG,1670,30,D,OD,CC,D
10:31:58,MYOR,RG,1670,5,D,OD,GR,D
10:31:41,MYOR,RG,1670,80,D,OD,CS,F
10:31:40,MYOR,RG,1675,80,D,DR,CS,F
10:31:40,MYOR,RG,1675,4,D,DR,KZ,F
10:31:40,MYOR,RG,1675,32,D,DR,YU,D
10:31:40,MYOR,RG,1675,1,D,DR,KZ,F
10:31:40,MYOR,RG,1675,3,D,DR,OD,D
10:31:40,MYOR,RG,1675,1,D,DR,KZ,F
10:31:40,MYOR,RG,1675,33,D,DR,YU,D
10:31:40,MYOR,RG,1675,2,D,DR,GR,D
10:31:40,MYOR,RG,1675,2,D,DR,DH,D
10:31:40,MYOR,RG,1675,6,D,DR,KZ,F
10:31:40,MYOR,RG,1675,4,D,DR,CS,F
10:30:54,MYOR,RG,1670,2,D,OD,AI,D
10:30:47,MYOR,RG,1670,2,D,OD,OD,D
10:30:37,MYOR,RG,1670,1,D,OD,XC,D
10:30:34,MYOR,RG,1675,1,D,XC,KZ,F
10:29:45,MYOR,RG,1670,3,D,OD,OD,D
10:29:14,MYOR,RG,1675,11,F,BK,KZ,F
10:29:14,MYOR,RG,1675,10,D,CC,CS,F
10:29:14,MYOR,RG,1675,10,D,EP,CS,F
10:29:14,MYOR,RG,1675,14,D,XC,CS,F
10:29:14,MYOR,RG,1675,1,D,YP,CS,F
10:29:14,MYOR,RG,1675,2,D,AT,CS,F
10:29:14,MYOR,RG,1675,4,F,BK,CS,F
10:29:13,MYOR,RG,1675,7,F,BK,CC,F
10:29:13,MYOR,RG,1675,103,D,OD,CC,F
10:29:05,MYOR,RG,1675,4,D,OD,KZ,F
10:29:04,MYOR,RG,1675,28,D,OD,CC,F
10:28:56,MYOR,RG,1675,2,D,OD,KZ,F
10:28:54,MYOR,RG,1675,4,D,OD,KZ,F
10:28:53,MYOR,RG,1675,24,D,OD,YU,D
10:28:53,MYOR,RG,1675,31,D,OD,YU,D
10:28:45,MYOR,RG,1675,1,D,OD,KZ,F
10:28:45,MYOR,RG,1675,3,D,OD,OD,D
10:28:29,MYOR,RG,1675,5,D,OD,LG,D
10:28:14,MYOR,RG,1675,5,D,OD,KZ,F
10:28:14,MYOR,RG,1675,42,D,OD,YP,D
10:28:13,MYOR,RG,1675,2,D,OD,KZ,F
10:28:13,MYOR,RG,1675,12,D,OD,XC,D
10:27:46,MYOR,RG,1675,1,D,OD,KZ,F
10:27:45,MYOR,RG,1675,2,D,OD,OD,D
10:26:39,MYOR,RG,1680,10,D,SQ,YP,D
10:26:04,MYOR,RG,1675,1,D,OD,XC,D
10:25:57,MYOR,RG,1675,3,D,OD,XC,D
10:25:57,MYOR,RG,1675,21,D,OD,KZ,F
10:25:55,MYOR,RG,1675,3,D,OD,KZ,F
10:25:55,MYOR,RG,1675,163,D,OD,CS,F
10:25:55,MYOR,RG,1675,9,D,OD,CS,F
10:25:55,MYOR,RG,1675,3,D,OD,OD,D
10:25:55,MYOR,RG,1675,1,D,OD,KZ,F
10:25:55,MYOR,RG,1675,1,D,OD,AK,F
10:25:55,MYOR,RG,1675,144,D,OD,KZ,F
10:25:55,MYOR,RG,1675,125,D,OD,CS,F
10:25:55,MYOR,RG,1675,3,D,OD,CS,F
10:25:55,MYOR,RG,1675,105,D,OD,YU,F
10:25:55,MYOR,RG,1675,430,D,OD,YU,F
10:25:55,MYOR,RG,1675,209,D,OD,YU,F
10:25:55,MYOR,RG,1675,351,D,OD,YU,F
10:25:55,MYOR,RG,1675,2,D,OD,KZ,F
10:25:55,MYOR,RG,1675,1,D,OD,AK,F
10:25:55,MYOR,RG,1675,1,D,OD,KZ,F
10:25:55,MYOR,RG,1675,10,D,OD,KZ,F
10:25:55,MYOR,RG,1675,100,D,OD,DR,D
10:25:55,MYOR,RG,1675,1,D,OD,KZ,F
10:25:55,MYOR,RG,1675,10,D,OD,CC,D
10:25:55,MYOR,RG,1675,1,D,OD,KZ,F
10:25:55,MYOR,RG,1675,1,D,OD,KZ,F
10:25:55,MYOR,RG,1675,32,D,OD,KZ,F
10:25:45,MYOR,RG,1670,3,D,OD,OD,D
10:25:07,MYOR,RG,1670,12,D,OD,XL,D
10:24:53,MYOR,RG,1675,33,D,BQ,KZ,F
10:24:53,MYOR,RG,1675,7,D,BQ,CS,F
10:24:47,MYOR,RG,1670,2,D,OD,OD,D
10:24:25,MYOR,RG,1670,1,D,OD,XC,D
10:24:15,MYOR,RG,1675,1,D,CC,CS,F
10:24:15,MYOR,RG,1675,6,D,BQ,CS,F
10:24:15,MYOR,RG,1675,14,D,BQ,KZ,F
10:24:07,MYOR,RG,1670,1,D,OD,PD,D
10:23:54,MYOR,RG,1670,1,D,OD,XC,D
10:23:49,MYOR,RG,1670,3,D,OD,OD,D
10:23:21,MYOR,RG,1670,19,D,OD,CS,F
10:23:20,MYOR,RG,1675,3,D,XL,AK,F
10:23:20,MYOR,RG,1675,2,D,LS,AK,F
10:23:20,MYOR,RG,1675,10,D,PD,AK,F
10:23:20,MYOR,RG,1675,1,D,KK,AK,F
10:23:20,MYOR,RG,1675,16,D,OD,AK,F
10:23:20,MYOR,RG,1675,7,D,OD,KZ,F
10:23:20,MYOR,RG,1675,64,D,OD,AK,F
10:23:19,MYOR,RG,1675,13,D,OD,AT,D
10:23:19,MYOR,RG,1675,1,D,CC,AT,D
10:23:19,MYOR,RG,1675,20,D,CC,AT,D
10:23:19,MYOR,RG,1675,8,D,PD,AT,D
10:23:19,MYOR,RG,1675,9,D,XL,AT,D
10:23:19,MYOR,RG,1675,29,D,YP,AT,D
10:23:19,MYOR,RG,1675,25,D,XC,AT,D
10:23:19,MYOR,RG,1675,49,F,BK,AT,D
10:23:19,MYOR,RG,1675,20,D,EP,AT,D
10:23:19,MYOR,RG,1675,1,D,CC,AT,D
10:23:19,MYOR,RG,1675,6,D,YP,AT,D
10:23:19,MYOR,RG,1675,5,D,EP,AT,D
10:23:19,MYOR,RG,1675,10,D,PD,AT,D
10:23:19,MYOR,RG,1675,10,D,YB,AT,D
10:23:19,MYOR,RG,1675,20,D,PD,AT,D
10:23:19,MYOR,RG,1675,10,D,KK,AT,D
10:23:19,MYOR,RG,1675,1,D,XC,AT,D
10:23:19,MYOR,RG,1675,39,F,BK,AT,D
10:23:19,MYOR,RG,1675,165,D,OD,AT,D
10:23:19,MYOR,RG,1675,56,D,OD,AT,D
10:23:11,MYOR,RG,1675,3,D,OD,KZ,F
10:23:11,MYOR,RG,1675,13,D,OD,KZ,F
10:23:04,MYOR,RG,1675,1,D,OD,KZ,F
10:23:02,MYOR,RG,1675,54,D,OD,KZ,F
10:23:01,MYOR,RG,1675,8,D,OD,KZ,F
10:23:01,MYOR,RG,1675,1,D,OD,KZ,F
10:23:01,MYOR,RG,1675,1,D,OD,KZ,F
10:23:01,MYOR,RG,1675,2,D,OD,KZ,F
10:22:58,MYOR,RG,1675,27,D,OD,AK,F
10:22:57,MYOR,RG,1675,355,D,OD,CS,F
10:22:57,MYOR,RG,1675,81,D,OD,DX,D
10:22:47,MYOR,RG,1675,3,D,OD,OD,D
10:22:37,MYOR,RG,1680,12,D,XL,YP,D
10:21:47,MYOR,RG,1675,3,D,OD,OD,D
10:21:46,MYOR,RG,1680,1,D,KK,YP,D
10:21:27,MYOR,RG,1675,10,D,OD,PD,D
10:21:24,MYOR,RG,1675,68,D,OD,YP,D
10:21:24,MYOR,RG,1675,112,D,OD,YP,D
10:21:01,MYOR,RG,1675,19,D,OD,DR,D
10:20:53,MYOR,RG,1680,2,D,DR,YP,D
10:20:47,MYOR,RG,1675,2,D,OD,OD,D
10:20:14,MYOR,RG,1680,120,D,DR,YP,D
10:19:47,MYOR,RG,1675,3,D,OD,OD,D
10:19:27,MYOR,RG,1680,1,D,CC,YP,D
10:18:47,MYOR,RG,1675,3,D,OD,OD,D
10:18:47,MYOR,RG,1680,25,D,YP,YP,D
10:17:55,MYOR,RG,1680,5,D,EP,YP,D
10:17:55,MYOR,RG,1680,5,D,NI,YP,D
10:17:55,MYOR,RG,1680,6,D,DR,YP,D
10:17:55,MYOR,RG,1680,1,D,XC,YP,D
10:17:55,MYOR,RG,1680,13,F,BK,YP,D
10:17:55,MYOR,RG,1680,250,D,HP,YP,D
10:17:55,MYOR,RG,1680,10,D,PD,YP,D
10:17:55,MYOR,RG,1680,5,D,YB,YP,D
10:17:55,MYOR,RG,1680,10,D,CC,YP,D
10:17:55,MYOR,RG,1680,1,D,PD,YP,D
10:17:55,MYOR,RG,1680,15,F,BK,YP,D
10:17:55,MYOR,RG,1680,20,D,CC,YP,D
10:17:55,MYOR,RG,1680,174,D,DR,YP,D
10:17:47,MYOR,RG,1680,3,D,DR,OD,D
10:16:47,MYOR,RG,1680,3,D,DR,OD,D
10:15:51,MYOR,RG,1680,1,D,DR,XC,D
10:15:45,MYOR,RG,1680,2,D,DR,OD,D
10:15:39,MYOR,RG,1680,10,D,DR,PD,D
10:15:38,MYOR,RG,1680,10,D,DR,KK,D
10:15:37,MYOR,RG,1680,1,D,DR,EP,D
10:15:33,MYOR,RG,1680,5,D,DR,PD,D
10:14:45,MYOR,RG,1680,3,D,DR,OD,D
10:14:20,MYOR,RG,1685,3,D,XC,HP,D
10:13:45,MYOR,RG,1685,17,F,BK,HP,D
10:13:43,MYOR,RG,1680,3,D,DR,OD,D
10:13:43,MYOR,RG,1685,300,D,YP,HP,D
10:13:00,MYOR,RG,1685,6,D,XC,HP,D
10:12:19,MYOR,RG,1685,15,F,BK,HP,D
10:12:19,MYOR,RG,1680,3,F,BK,OD,D
10:12:17,MYOR,RG,1685,16,F,BK,HP,D
10:12:14,MYOR,RG,1685,153,D,EP,HP,D
10:12:14,MYOR,RG,1685,2,D,EP,YP,D
10:12:14,MYOR,RG,1685,5,D,EP,XL,D
10:12:14,MYOR,RG,1685,1,D,EP,IF,D
10:12:14,MYOR,RG,1685,26,D,EP,KZ,F
10:12:14,MYOR,RG,1685,3,D,EP,DR,D
10:12:14,MYOR,RG,1685,10,D,EP,XL,D
10:12:14,MYOR,RG,1685,30,D,EP,PD,D
10:12:14,MYOR,RG,1685,2,D,EP,LS,D
10:12:14,MYOR,RG,1685,8,D,EP,KZ,F
10:12:14,MYOR,RG,1685,1,D,EP,KZ,F
10:12:14,MYOR,RG,1685,10,D,EP,OD,D
10:12:14,MYOR,RG,1685,1,D,EP,KZ,F
10:12:14,MYOR,RG,1685,3,D,EP,AT,D
10:12:14,MYOR,RG,1685,14,D,EP,KZ,F
10:12:14,MYOR,RG,1685,2,D,EP,YP,D
10:12:14,MYOR,RG,1685,2,D,EP,KZ,F
10:12:14,MYOR,RG,1685,4,D,EP,YP,D
10:12:14,MYOR,RG,1685,11,D,EP,KZ,F
10:12:14,MYOR,RG,1685,1,D,EP,PD,D
10:12:14,MYOR,RG,1685,1,D,EP,KZ,F
10:12:14,MYOR,RG,1685,1,D,EP,DR,D
10:12:14,MYOR,RG,1685,2,D,EP,XC,D
10:12:14,MYOR,RG,1685,7,D,EP,KZ,F
10:11:54,MYOR,RG,1685,1,D,PD,KZ,F
10:11:54,MYOR,RG,1680,1,F,AK,YP,D
10:11:49,MYOR,RG,1685,15,F,BK,KZ,F
10:11:44,MYOR,RG,1685,2,F,BK,CC,D
10:11:44,MYOR,RG,1685,2,F,BK,XC,D
10:11:44,MYOR,RG,1685,1,F,BK,YP,D
10:11:44,MYOR,RG,1685,37,F,BK,BQ,D
10:11:42,MYOR,RG,1680,24,F,AK,KZ,F
10:11:41,MYOR,RG,1680,65,F,AK,CS,F
10:11:41,MYOR,RG,1680,17,F,AK,YU,D
10:11:41,MYOR,RG,1680,3,F,AK,DR,D
10:11:41,MYOR,RG,1680,115,F,AK,YP,D
10:11:41,MYOR,RG,1680,200,F,AK,YP,D
10:11:40,MYOR,RG,1680,7,F,AK,YP,D
10:11:40,MYOR,RG,1680,1,F,AK,KZ,F
10:11:40,MYOR,RG,1680,2,F,AK,CC,D
10:11:40,MYOR,RG,1680,1,F,AK,KZ,F
10:11:40,MYOR,RG,1680,7,F,AK,NI,D
10:11:40,MYOR,RG,1680,5,F,AK,KZ,F
10:11:40,MYOR,RG,1680,5,F,AK,EP,D
10:11:40,MYOR,RG,1680,35,F,AK,CC,D
10:11:40,MYOR,RG,1680,10,F,AK,XC,D
10:11:40,MYOR,RG,1680,3,F,AK,DR,D
10:11:40,MYOR,RG,1680,28,F,AK,KZ,F
10:11:40,MYOR,RG,1680,96,F,AK,CC,D
10:11:39,MYOR,RG,1680,36,F,AK,CC,D
10:11:39,MYOR,RG,1680,5,F,AK,AZ,D
10:11:39,MYOR,RG,1680,32,F,AK,KZ,F
10:11:39,MYOR,RG,1680,127,F,AK,XC,D
10:11:38,MYOR,RG,1680,23,F,AK,XC,D
10:11:38,MYOR,RG,1680,15,F,AK,KZ,F
10:11:38,MYOR,RG,1680,3,F,AK,OD,D
10:11:38,MYOR,RG,1680,12,F,AK,KZ,F
10:11:38,MYOR,RG,1680,1,F,AK,KZ,F
10:11:38,MYOR,RG,1680,19,F,AK,KZ,F
10:11:38,MYOR,RG,1680,20,F,AK,XL,D
10:11:38,MYOR,RG,1680,13,F,AK,KZ,F
10:11:38,MYOR,RG,1680,2,F,AK,YP,D
10:11:38,MYOR,RG,1680,92,F,AK,DH,D
10:11:33,MYOR,RG,1675,2,D,OD,XC,D
10:11:31,MYOR,RG,1675,46,D,OD,CS,F
10:11:31,MYOR,RG,1675,31,D,OD,KZ,F
10:11:31,MYOR,RG,1675,65,D,OD,CS,F
10:11:31,MYOR,RG,1675,3,D,OD,OD,D
10:11:31,MYOR,RG,1675,1,D,OD,AK,F
10:11:31,MYOR,RG,1675,1,D,OD,KZ,F
10:11:31,MYOR,RG,1675,2,D,OD,KZ,F
10:11:31,MYOR,RG,1675,2,D,OD,DR,D
10:11:31,MYOR,RG,1675,3,D,OD,KZ,F
10:11:31,MYOR,RG,1675,28,D,OD,CS,F
10:11:31,MYOR,RG,1675,1,D,OD,KZ,F
10:11:31,MYOR,RG,1675,1,D,OD,YU,F
10:11:31,MYOR,RG,1675,1,D,OD,KZ,F
10:11:31,MYOR,RG,1675,1,D,OD,AK,F
10:11:31,MYOR,RG,1675,8,D,OD,KZ,F
10:11:31,MYOR,RG,1675,61,D,OD,CS,F
10:11:31,MYOR,RG,1675,8,D,OD,NI,D
10:11:31,MYOR,RG,1675,18,D,OD,KZ,F
10:11:31,MYOR,RG,1675,8,D,OD,CS,F
10:11:31,MYOR,RG,1675,26,D,OD,CS,F
10:11:31,MYOR,RG,1675,118,D,OD,CS,F
10:11:31,MYOR,RG,1675,12,D,OD,KZ,F
10:11:31,MYOR,RG,1675,12,D,OD,KZ,F
10:11:31,MYOR,RG,1675,6,D,OD,KZ,F
10:11:31,MYOR,RG,1675,9,D,OD,KZ,F
10:11:31,MYOR,RG,1675,1,D,OD,AK,F
10:11:31,MYOR,RG,1675,25,D,OD,KZ,F
10:11:31,MYOR,RG,1675,17,D,OD,KZ,F
10:11:31,MYOR,RG,1675,78,D,OD,KZ,F
10:11:31,MYOR,RG,1675,30,D,OD,CS,F
10:11:31,MYOR,RG,1675,9,D,OD,KZ,F
10:11:31,MYOR,RG,1675,126,D,OD,CS,F
10:11:31,MYOR,RG,1675,250,D,OD,ZP,D
10:10:58,MYOR,RG,1675,10,D,NI,ZP,D
10:10:43,MYOR,RG,1670,3,D,OD,OD,D
10:10:27,MYOR,RG,1670,20,D,OD,ZP,D
10:10:11,MYOR,RG,1670,1,D,OD,NI,D
10:10:04,MYOR,RG,1675,1,D,PC,ZP,D
10:09:45,MYOR,RG,1670,4,D,OD,OD,D
10:09:43,MYOR,RG,1670,1,D,OD,XC,D
10:08:52,MYOR,RG,1675,2,D,XL,ZP,D
10:08:51,MYOR,RG,1670,9,D,OD,DH,D
10:08:41,MYOR,RG,1670,3,D,OD,OD,D
10:08:18,MYOR,RG,1675,8,D,PD,ZP,D
10:08:10,MYOR,RG,1670,1,D,OD,XL,D
10:07:56,MYOR,RG,1670,1,D,OD,XC,D
10:07:39,MYOR,RG,1670,3,D,OD,OD,D
10:06:37,MYOR,RG,1670,3,D,OD,OD,D
10:06:29,MYOR,RG,1670,1,D,OD,YP,D
10:06:18,MYOR,RG,1670,3,D,OD,XC,D
10:06:01,MYOR,RG,1670,1,D,KK,NI,D
10:06:01,MYOR,RG,1670,99,D,OD,NI,D
10:05:45,MYOR,RG,1670,101,D,OD,ZP,D
10:05:45,MYOR,RG,1670,1,D,XC,ZP,D
10:05:45,MYOR,RG,1670,48,F,BK,ZP,D
10:05:39,MYOR,RG,1670,3,F,BK,OD,D
10:05:11,MYOR,RG,1675,3,D,DH,ZP,D
10:05:11,MYOR,RG,1675,47,F,BK,ZP,D
10:05:11,MYOR,RG,1675,300,D,CP,ZP,D
10:05:11,MYOR,RG,1675,200,D,PD,ZP,D
10:05:11,MYOR,RG,1675,1,D,XC,ZP,D
10:05:11,MYOR,RG,1675,6,D,XL,ZP,D
10:05:11,MYOR,RG,1675,2,D,XC,ZP,D
10:05:11,MYOR,RG,1675,10,D,DR,ZP,D
10:05:11,MYOR,RG,1675,60,D,HP,ZP,D
10:05:11,MYOR,RG,1675,22,F,BK,ZP,D
10:05:11,MYOR,RG,1675,78,D,OD,ZP,D
10:04:37,MYOR,RG,1675,4,D,OD,OD,D
10:04:28,MYOR,RG,1675,1,D,OD,KZ,F
10:04:28,MYOR,RG,1675,36,D,OD,KZ,F
10:04:26,MYOR,RG,1675,4,D,OD,KZ,F
10:04:26,MYOR,RG,1675,303,D,OD,CC,D
10:04:26,MYOR,RG,1675,36,D,OD,CC,D
10:04:14,MYOR,RG,1675,2,D,OD,LS,D
10:04:03,MYOR,RG,1675,1,D,OD,XC,D
10:03:56,MYOR,RG,1675,1,D,OD,KZ,F
10:03:55,MYOR,RG,1675,2,D,OD,XC,D
10:03:37,MYOR,RG,1675,2,D,OD,OD,D
10:03:28,MYOR,RG,1675,1,D,OD,IF,D
10:03:01,MYOR,RG,1675,10,D,OD,KZ,F
10:02:51,MYOR,RG,1675,17,D,OD,KZ,F
10:02:51,MYOR,RG,1675,1,D,OD,KZ,F
10:02:41,MYOR,RG,1680,1,D,XL,DH,D
10:02:37,MYOR,RG,1675,4,D,OD,OD,D
10:02:03,MYOR,RG,1680,5,D,DR,DH,D
10:01:33,MYOR,RG,1675,2,D,OD,DH,D
10:01:08,MYOR,RG,1675,136,D,OD,CS,F
10:01:08,MYOR,RG,1675,5,D,OD,CS,F
10:01:08,MYOR,RG,1675,83,D,OD,CS,F
10:01:08,MYOR,RG,1675,1,D,OD,AK,F
10:01:08,MYOR,RG,1675,1,D,OD,AK,F
10:01:08,MYOR,RG,1675,3,D,OD,OD,D
10:01:08,MYOR,RG,1675,11,D,OD,CS,F
10:01:08,MYOR,RG,1675,16,D,OD,CS,F
10:01:08,MYOR,RG,1675,18,D,OD,CS,F
10:01:08,MYOR,RG,1675,1,D,OD,AK,F
10:01:08,MYOR,RG,1675,1,D,OD,AK,F
10:01:08,MYOR,RG,1675,1,D,OD,KZ,F
10:01:08,MYOR,RG,1675,7,D,OD,KZ,F
10:01:08,MYOR,RG,1675,7,D,OD,KZ,F
10:01:08,MYOR,RG,1675,53,D,OD,CS,F
10:01:08,MYOR,RG,1675,5,D,OD,KZ,F
10:01:08,MYOR,RG,1675,17,D,OD,KZ,F
10:01:08,MYOR,RG,1675,100,D,OD,CC,D
10:01:08,MYOR,RG,1675,1,D,OD,KZ,F
10:01:08,MYOR,RG,1675,26,D,OD,KZ,F
10:01:08,MYOR,RG,1675,2,D,OD,CS,F
10:00:39,MYOR,RG,1670,3,F,BK,OD,D
10:00:06,MYOR,RG,1670,1,F,BK,CC,D
9:59:41,MYOR,RG,1670,3,F,BK,OD,D
9:59:38,MYOR,RG,1675,4,D,YP,CS,F
9:59:38,MYOR,RG,1675,6,D,YP,KZ,F
9:59:29,MYOR,RG,1670,57,F,BK,KK,D
9:59:29,MYOR,RG,1670,1,D,PD,KK,D
9:59:29,MYOR,RG,1670,42,D,EP,KK,D
9:58:43,MYOR,RG,1675,2,D,CP,CS,F
9:58:43,MYOR,RG,1675,1,D,NI,CS,F
9:58:43,MYOR,RG,1675,3,D,XC,CS,F
9:58:43,MYOR,RG,1675,5,D,PD,CS,F
9:58:43,MYOR,RG,1675,1,D,NI,CS,F
9:58:43,MYOR,RG,1675,10,D,NI,CS,F
9:58:43,MYOR,RG,1675,3,D,YP,CS,F
9:58:42,MYOR,RG,1675,1,D,YP,CC,D
9:58:42,MYOR,RG,1675,9,D,XL,CC,D
9:58:42,MYOR,RG,1675,36,F,BK,CC,D
9:58:42,MYOR,RG,1675,150,D,BQ,CC,D
9:58:42,MYOR,RG,1675,1,D,DR,CC,D
9:58:42,MYOR,RG,1675,48,D,DR,CC,D
9:58:41,MYOR,RG,1675,1,D,DR,KZ,F
9:58:40,MYOR,RG,1675,3,D,DR,OD,D
9:58:21,MYOR,RG,1675,1,D,DR,XC,D
9:57:41,MYOR,RG,1675,3,D,DR,OD,D
9:56:39,MYOR,RG,1675,3,D,DR,OD,D
9:55:57,MYOR,RG,1675,3,D,DR,KZ,F
9:55:55,MYOR,RG,1675,20,D,DR,KZ,F
9:55:55,MYOR,RG,1675,18,D,DR,XC,D
9:55:55,MYOR,RG,1675,2,D,XL,XC,D
9:55:55,MYOR,RG,1675,3,D,XC,XC,D
9:55:55,MYOR,RG,1675,170,D,OD,XC,D
9:55:37,MYOR,RG,1675,1,D,OD,KZ,F
9:55:36,MYOR,RG,1675,3,D,OD,OD,D
9:55:22,MYOR,RG,1675,6,D,OD,XL,D
9:54:56,MYOR,RG,1675,1,D,OD,KZ,F
9:54:56,MYOR,RG,1675,2,D,OD,XL,D
9:54:45,MYOR,RG,1675,4,D,OD,XC,D
9:54:39,MYOR,RG,1675,1,D,OD,KZ,F
9:54:37,MYOR,RG,1675,3,D,OD,OD,D
9:53:57,MYOR,RG,1675,3,D,OD,KZ,F
9:53:55,MYOR,RG,1675,3,D,OD,KZ,F
9:53:55,MYOR,RG,1675,3,D,OD,YP,D
9:53:55,MYOR,RG,1675,24,F,BK,YP,D
9:53:55,MYOR,RG,1675,23,D,OD,YP,D
9:53:35,MYOR,RG,1675,2,D,OD,KZ,F
9:53:34,MYOR,RG,1675,3,D,OD,OD,D
9:53:34,MYOR,RG,1675,16,D,OD,SQ,D
9:52:55,MYOR,RG,1675,1,D,OD,KZ,F
9:52:54,MYOR,RG,1675,5,D,OD,SQ,D
9:52:54,MYOR,RG,1675,5,D,AZ,SQ,D
9:52:34,MYOR,RG,1675,3,D,AZ,OD,D
9:52:13,MYOR,RG,1675,2,D,AZ,PD,D
9:52:13,MYOR,RG,1675,1,D,XL,PD,D
9:52:06,MYOR,RG,1680,2,D,XL,DH,D
9:51:38,MYOR,RG,1675,1,D,XL,AT,D
9:51:34,MYOR,RG,1675,3,D,XL,OD,D
9:51:18,MYOR,RG,1675,6,D,XL,KK,D
9:51:18,MYOR,RG,1675,10,D,CC,KK,D
9:51:18,MYOR,RG,1675,2,D,PD,KK,D
9:51:18,MYOR,RG,1675,20,D,YP,KK,D
9:51:18,MYOR,RG,1675,2,D,XL,KK,D
9:51:18,MYOR,RG,1675,10,D,PD,KK,D
9:50:51,MYOR,RG,1675,5,D,PD,PD,D
9:50:40,MYOR,RG,1675,1,D,PD,OD,D
9:50:34,MYOR,RG,1675,3,D,PD,OD,D
9:50:10,MYOR,RG,1675,1,D,PD,PD,D
9:50:00,MYOR,RG,1675,24,D,PD,AK,F
9:49:58,MYOR,RG,1675,80,D,PD,YP,D
9:49:40,MYOR,RG,1675,76,D,PD,PD,D
9:49:40,MYOR,RG,1675,2,D,SQ,PD,D
9:49:40,MYOR,RG,1675,41,F,BK,PD,D
9:49:36,MYOR,RG,1675,3,F,BK,OD,D
9:49:25,MYOR,RG,1675,1,F,BK,XC,D
9:48:34,MYOR,RG,1675,3,F,BK,OD,D
9:48:32,MYOR,RG,1680,1,D,PD,PD,D
9:47:42,MYOR,RG,1675,2,F,BK,XC,D
9:47:34,MYOR,RG,1675,4,F,BK,OD,D
9:47:18,MYOR,RG,1680,1,D,EP,PD,D
9:46:57,MYOR,RG,1675,1,F,BK,YP,D
9:46:32,MYOR,RG,1675,2,F,BK,OD,D
9:46:10,MYOR,RG,1675,2,F,BK,OD,D
9:45:57,MYOR,RG,1675,11,F,BK,NI,D
9:45:34,MYOR,RG,1675,5,F,BK,OD,D
9:45:14,MYOR,RG,1675,1,F,BK,XC,D
9:44:50,MYOR,RG,1680,2,D,CC,PD,D
9:44:49,MYOR,RG,1680,1,D,PD,PD,D
9:44:42,MYOR,RG,1680,1,D,NI,PD,D
9:44:16,MYOR,RG,1680,1,D,PD,PD,D
9:43:50,MYOR,RG,1680,29,D,GR,CS,F
9:43:49,MYOR,RG,1680,1,D,GR,KZ,F
9:43:49,MYOR,RG,1680,5,D,GR,OD,D
9:43:49,MYOR,RG,1680,3,D,GR,KZ,F
9:43:49,MYOR,RG,1680,8,D,GR,EP,D
9:43:49,MYOR,RG,1680,20,D,GR,XL,D
9:43:49,MYOR,RG,1680,3,D,GR,KZ,F
9:43:49,MYOR,RG,1680,13,D,GR,XC,D
9:43:49,MYOR,RG,1680,5,D,GR,PD,D
9:43:49,MYOR,RG,1680,5,D,GR,CS,F
9:43:49,MYOR,RG,1680,3,D,GR,YP,D
9:43:49,MYOR,RG,1675,1,F,BK,XC,D
9:43:22,MYOR,RG,1675,1,F,BK,YP,D
9:43:19,MYOR,RG,1680,2,D,PD,YP,D
9:42:52,MYOR,RG,1675,20,F,BK,XL,D
9:42:46,MYOR,RG,1680,5,D,PD,OD,D
9:42:46,MYOR,RG,1680,2,D,PD,KZ,F
9:42:28,MYOR,RG,1680,10,D,HP,CS,F
9:42:28,MYOR,RG,1680,2,D,HP,XC,D
9:42:28,MYOR,RG,1680,1,D,HP,AZ,D
9:42:28,MYOR,RG,1680,7,D,HP,CC,D
9:42:28,MYOR,RG,1680,3,D,HP,DR,D
9:42:28,MYOR,RG,1680,27,D,HP,TP,D
9:42:23,MYOR,RG,1680,10,D,CC,TP,D
9:42:18,MYOR,RG,1680,1,D,EP,TP,D
9:42:17,MYOR,RG,1680,12,F,BK,TP,D
9:42:17,MYOR,RG,1680,10,F,BK,GR,D
9:42:17,MYOR,RG,1680,1,F,BK,DR,D
9:42:14,MYOR,RG,1680,32,F,BK,DR,D
9:42:12,MYOR,RG,1680,27,F,BK,DR,D
9:42:12,MYOR,RG,1680,8,F,BK,XL,D
9:42:12,MYOR,RG,1680,2,F,BK,KZ,F
9:42:12,MYOR,RG,1680,50,F,BK,KZ,F
9:42:12,MYOR,RG,1680,1,F,BK,KZ,F
9:42:12,MYOR,RG,1680,1,F,BK,YP,D
9:42:12,MYOR,RG,1680,8,F,BK,NI,D
9:42:12,MYOR,RG,1680,2,F,BK,KZ,F
9:42:12,MYOR,RG,1680,6,F,BK,KK,D
9:42:12,MYOR,RG,1680,1,F,BK,TP,D
9:42:12,MYOR,RG,1680,3,F,BK,KZ,F
9:42:12,MYOR,RG,1680,1,F,BK,PD,D
9:42:12,MYOR,RG,1680,7,F,BK,KZ,F
9:42:12,MYOR,RG,1680,12,F,BK,KZ,F
9:42:12,MYOR,RG,1680,97,F,BK,YP,D
9:42:11,MYOR,RG,1675,9,F,BK,KZ,F
9:42:10,MYOR,RG,1675,1,F,BK,KZ,F
9:42:09,MYOR,RG,1670,2,D,EP,XC,D
9:42:08,MYOR,RG,1675,10,F,BK,XC,D
9:42:08,MYOR,RG,1675,1,F,AK,CS,F
9:42:07,MYOR,RG,1675,56,D,OD,CS,F
9:42:07,MYOR,RG,1675,10,D,OD,KZ,F
9:42:07,MYOR,RG,1675,92,D,OD,CS,F
9:42:07,MYOR,RG,1675,4,D,OD,OD,D
9:42:07,MYOR,RG,1675,3,D,OD,KZ,F
9:42:07,MYOR,RG,1675,10,D,OD,KZ,F
9:42:07,MYOR,RG,1675,104,D,OD,CS,F
9:42:07,MYOR,RG,1675,19,D,OD,KZ,F
9:42:07,MYOR,RG,1675,162,D,OD,CS,F
9:42:07,MYOR,RG,1675,1,D,OD,AK,F
9:42:07,MYOR,RG,1675,1,D,OD,KZ,F
9:42:07,MYOR,RG,1675,3,D,OD,XC,D
9:42:07,MYOR,RG,1675,9,D,OD,KZ,F
9:42:07,MYOR,RG,1675,132,D,OD,CS,F
9:42:07,MYOR,RG,1675,79,D,OD,KZ,F
9:42:07,MYOR,RG,1675,166,D,OD,YU,F
9:42:07,MYOR,RG,1675,430,D,OD,YU,F
9:42:07,MYOR,RG,1675,60,D,OD,YU,F
9:42:07,MYOR,RG,1675,3,D,OD,KZ,F
9:42:07,MYOR,RG,1675,31,D,OD,CS,F
9:42:07,MYOR,RG,1675,1,D,OD,KZ,F
9:42:07,MYOR,RG,1675,8,D,OD,XC,D
9:42:07,MYOR,RG,1675,1,D,OD,AK,F
9:42:07,MYOR,RG,1675,1,D,OD,AK,F
9:42:07,MYOR,RG,1675,71,D,OD,KZ,F
9:42:07,MYOR,RG,1675,33,D,OD,CS,F
9:42:07,MYOR,RG,1675,19,D,OD,CS,F
9:42:07,MYOR,RG,1675,137,D,OD,CS,F
9:42:07,MYOR,RG,1675,7,D,OD,KZ,F
9:42:07,MYOR,RG,1675,29,D,OD,CS,F
9:42:07,MYOR,RG,1675,318,D,OD,ZP,D
9:41:52,MYOR,RG,1675,1,D,EP,ZP,D
9:41:48,MYOR,RG,1670,7,D,EP,KZ,F
9:41:47,MYOR,RG,1670,64,D,EP,AK,F
9:41:46,MYOR,RG,1670,24,D,EP,KZ,F
9:41:45,MYOR,RG,1670,111,D,EP,CS,F
9:41:45,MYOR,RG,1670,79,D,YP,CS,F
9:41:43,MYOR,RG,1675,6,D,XC,ZP,D
9:41:41,MYOR,RG,1670,8,D,YP,KZ,F
9:41:38,MYOR,RG,1675,1,D,EP,ZP,D
9:41:31,MYOR,RG,1670,3,D,YP,KZ,F
9:41:31,MYOR,RG,1670,10,D,YP,KZ,F
9:41:31,MYOR,RG,1670,5,D,KK,KZ,F
9:41:31,MYOR,RG,1670,5,D,KK,KZ,F
9:41:31,MYOR,RG,1670,2,D,XC,KZ,F
9:41:25,MYOR,RG,1670,18,D,XC,KZ,F
9:41:25,MYOR,RG,1670,1,D,XL,KZ,F
9:41:23,MYOR,RG,1670,5,D,XL,KZ,F
9:41:23,MYOR,RG,1670,3,D,XL,KZ,F
9:41:22,MYOR,RG,1670,17,D,XL,PD,D
9:41:22,MYOR,RG,1670,44,F,BK,PD,D
9:41:22,MYOR,RG,1670,1,D,PD,PD,D
9:41:22,MYOR,RG,1670,100,D,AT,PD,D
9:41:22,MYOR,RG,1670,68,D,OD,PD,D
9:41:09,MYOR,RG,1670,10,D,OD,CC,D
9:39:55,MYOR,RG,1675,50,D,NI,ZP,D
9:39:55,MYOR,RG,1675,1,D,CC,ZP,D
9:39:30,MYOR,RG,1670,122,D,OD,KK,D
9:39:30,MYOR,RG,1670,1,D,AZ,KK,D
9:39:30,MYOR,RG,1670,3,D,YP,KK,D
9:39:30,MYOR,RG,1670,24,D,DH,KK,D
9:39:08,MYOR,RG,1675,2,D,SQ,ZP,D
9:39:07,MYOR,RG,1675,1,D,EP,ZP,D
9:39:00,MYOR,RG,1675,1,D,AT,ZP,D
9:39:00,MYOR,RG,1675,50,D,HP,ZP,D
9:39:00,MYOR,RG,1675,2,D,SQ,ZP,D
9:39:00,MYOR,RG,1675,12,F,BK,ZP,D
9:39:00,MYOR,RG,1675,55,D,OD,ZP,D
9:38:59,MYOR,RG,1675,1,D,OD,PD,D
9:38:54,MYOR,RG,1680,1,D,EP,YP,D
9:38:51,MYOR,RG,1675,13,D,OD,KZ,F
9:38:50,MYOR,RG,1675,18,D,OD,CS,F
9:38:49,MYOR,RG,1675,3,D,OD,CS,F
9:38:49,MYOR,RG,1675,43,D,OD,CS,F
9:38:49,MYOR,RG,1675,46,D,OD,CS,F
9:38:49,MYOR,RG,1675,1,D,OD,KZ,F
9:38:49,MYOR,RG,1675,2,D,OD,DR,D
9:38:49,MYOR,RG,1675,3,D,OD,YP,D
9:38:49,MYOR,RG,1675,1,D,OD,KZ,F
9:38:49,MYOR,RG,1675,10,D,OD,EP,D
9:38:49,MYOR,RG,1675,4,D,OD,KZ,F
9:38:46,MYOR,RG,1675,1,D,EP,KZ,F
9:38:39,MYOR,RG,1675,1,D,EP,CS,F
9:38:30,MYOR,RG,1675,1,D,EP,KZ,F
9:37:21,MYOR,RG,1670,2,D,DH,YP,D
9:37:15,MYOR,RG,1675,3,D,LG,CS,F
9:37:15,MYOR,RG,1675,1,D,SQ,CS,F
9:37:15,MYOR,RG,1675,12,D,XL,CS,F
9:37:14,MYOR,RG,1675,24,D,XL,PD,D
9:37:14,MYOR,RG,1675,11,D,HP,PD,D
9:37:08,MYOR,RG,1675,9,D,HP,KZ,F
9:37:08,MYOR,RG,1675,10,F,BK,KZ,F
9:37:06,MYOR,RG,1675,5,F,BK,KZ,F
9:37:06,MYOR,RG,1675,61,F,BK,YP,D
9:37:06,MYOR,RG,1675,100,D,OD,YP,D
9:37:06,MYOR,RG,1675,39,D,OD,YP,D
9:36:52,MYOR,RG,1675,20,D,OD,KZ,F
9:36:50,MYOR,RG,1675,3,D,OD,KZ,F
9:36:50,MYOR,RG,1675,138,D,OD,CS,F
9:36:50,MYOR,RG,1675,10,D,XC,CS,F
9:36:50,MYOR,RG,1675,1,D,AT,CS,F
9:36:50,MYOR,RG,1675,1,D,XL,CS,F
9:36:50,MYOR,RG,1675,3,D,XC,CS,F
9:36:50,MYOR,RG,1675,12,F,BK,CS,F
9:36:50,MYOR,RG,1675,24,D,HP,CS,F
9:36:40,MYOR,RG,1680,2,D,XL,YP,D
9:36:40,MYOR,RG,1680,1,D,XL,CS,F
9:36:31,MYOR,RG,1675,1,D,HP,KZ,F
9:36:21,MYOR,RG,1675,3,D,HP,KZ,F
9:36:21,MYOR,RG,1675,3,D,HP,KZ,F
9:36:19,MYOR,RG,1675,2,D,HP,KZ,F
9:36:18,MYOR,RG,1675,10,D,HP,LG,D
9:36:16,MYOR,RG,1680,9,D,GR,CS,F
9:36:16,MYOR,RG,1680,1,D,GR,KZ,F
9:36:16,MYOR,RG,1680,2,D,GR,KZ,F
9:36:16,MYOR,RG,1680,2,D,GR,KZ,F
9:36:16,MYOR,RG,1680,4,D,GR,YP,D
9:35:58,MYOR,RG,1675,6,D,HP,YP,D
9:35:50,MYOR,RG,1675,20,D,HP,YP,D
9:35:32,MYOR,RG,1675,30,D,HP,YP,D
9:35:02,MYOR,RG,1675,1,D,HP,AT,D
9:33:44,MYOR,RG,1680,1,D,PD,YP,D
9:32:47,MYOR,RG,1680,5,D,PD,YP,D
9:32:22,MYOR,RG,1680,12,F,BK,YP,D
9:32:22,MYOR,RG,1680,18,D,HP,YP,D
9:32:19,MYOR,RG,1680,2,D,HP,XC,D
9:32:16,MYOR,RG,1680,1,D,HP,KZ,F
9:32:15,MYOR,RG,1680,2,D,HP,CC,D
9:32:12,MYOR,RG,1680,1,D,HP,KZ,F
9:32:12,MYOR,RG,1680,9,D,HP,KZ,F
9:32:12,MYOR,RG,1680,3,D,HP,DR,D
9:32:12,MYOR,RG,1680,1,D,HP,KZ,F
9:32:12,MYOR,RG,1680,6,D,HP,CC,F
9:32:12,MYOR,RG,1680,1,D,HP,XC,D
9:32:12,MYOR,RG,1680,6,D,HP,KZ,F
9:32:12,MYOR,RG,1680,1,D,XC,KZ,F
9:32:12,MYOR,RG,1680,1,D,XC,KZ,F
9:32:01,MYOR,RG,1680,2,D,XC,KZ,F
9:31:59,MYOR,RG,1670,74,D,DH,YP,D
9:31:59,MYOR,RG,1670,6,D,XC,YP,D
9:31:59,MYOR,RG,1670,1,D,TP,YP,D
9:31:59,MYOR,RG,1670,7,D,PD,YP,D
9:31:59,MYOR,RG,1670,1,D,YP,YP,D
9:31:59,MYOR,RG,1670,3,D,XC,YP,D
9:31:51,MYOR,RG,1680,42,D,OD,AK,F
9:31:51,MYOR,RG,1680,10,D,OD,CS,F
9:31:51,MYOR,RG,1680,10,D,OD,CS,F
9:31:51,MYOR,RG,1680,10,D,OD,CS,F
9:31:51,MYOR,RG,1680,10,D,OD,CS,F
9:31:51,MYOR,RG,1680,10,D,OD,CS,F
9:31:51,MYOR,RG,1680,21,D,OD,XC,D
9:31:51,MYOR,RG,1680,6,D,OD,PD,D
9:31:51,MYOR,RG,1680,1,D,OD,PD,D
9:31:51,MYOR,RG,1680,2,D,OD,XL,D
9:31:51,MYOR,RG,1680,1,D,OD,KZ,F
9:31:51,MYOR,RG,1680,10,D,OD,KZ,F
9:31:51,MYOR,RG,1680,117,D,OD,CS,F
9:31:51,MYOR,RG,1680,2,D,OD,NI,D
9:31:51,MYOR,RG,1680,11,D,OD,KZ,F
9:31:51,MYOR,RG,1680,9,D,OD,CC,F
9:31:51,MYOR,RG,1680,1,D,OD,AK,F
9:31:51,MYOR,RG,1680,7,D,OD,KZ,F
9:31:51,MYOR,RG,1680,1,D,OD,KZ,F
9:31:51,MYOR,RG,1675,9,D,OD,KZ,F
9:31:51,MYOR,RG,1675,10,D,OD,KZ,F
9:31:49,MYOR,RG,1675,3,D,AT,CS,F
9:31:49,MYOR,RG,1675,2,D,YP,CS,F
9:31:49,MYOR,RG,1675,10,D,XC,CS,F
9:31:49,MYOR,RG,1675,11,F,BK,CS,F
9:31:49,MYOR,RG,1675,5,D,IF,CS,F
9:31:49,MYOR,RG,1675,1,D,XC,CS,F
9:31:49,MYOR,RG,1675,10,D,DR,CS,F
9:31:49,MYOR,RG,1675,5,D,PD,CS,F
9:31:49,MYOR,RG,1675,8,D,EP,CS,F
9:31:49,MYOR,RG,1675,10,D,CC,CS,F
9:31:49,MYOR,RG,1675,82,D,KK,CS,F
9:31:27,MYOR,RG,1680,1,D,XC,KZ,F
9:31:13,MYOR,RG,1680,1,D,EP,KZ,F
9:31:13,MYOR,RG,1680,1,D,EP,KZ,F
9:31:13,MYOR,RG,1680,1,D,EP,KZ,F
9:31:13,MYOR,RG,1680,1,D,EP,KZ,F
9:31:13,MYOR,RG,1680,1,D,EP,KZ,F
9:31:03,MYOR,RG,1680,2,D,DR,KZ,F
9:31:03,MYOR,RG,1680,3,D,PD,KZ,F
9:31:03,MYOR,RG,1680,7,D,PD,YP,D
9:31:01,MYOR,RG,1675,18,D,KK,KK,D
9:30:41,MYOR,RG,1680,3,D,AT,YP,D
9:30:37,MYOR,RG,1680,5,D,XC,YP,D
9:30:30,MYOR,RG,1680,1,D,XC,YP,D
9:30:28,MYOR,RG,1680,39,D,YP,YP,D
9:30:14,MYOR,RG,1680,1,D,EP,YP,D
9:30:14,MYOR,RG,1680,1,D,EP,YP,D
9:30:14,MYOR,RG,1680,1,D,EP,YP,D
9:30:14,MYOR,RG,1680,1,D,EP,YP,D
9:30:14,MYOR,RG,1680,1,D,EP,YP,D
9:30:01,MYOR,RG,1675,25,D,YP,CS,F
9:30:01,MYOR,RG,1680,12,F,BK,YP,D
9:30:01,MYOR,RG,1680,10,D,CC,YP,D
9:30:01,MYOR,RG,1680,1,D,EP,YP,D
9:30:01,MYOR,RG,1680,1,D,EP,YP,D
9:30:01,MYOR,RG,1680,1,D,EP,YP,D
9:30:01,MYOR,RG,1680,1,D,EP,YP,D
9:30:01,MYOR,RG,1680,1,D,EP,YP,D
9:30:01,MYOR,RG,1680,1,D,AT,YP,D
9:30:00,MYOR,RG,1680,1,D,AT,YP,D
9:30:00,MYOR,RG,1680,3,D,YP,YP,D
9:30:00,MYOR,RG,1680,5,D,AT,YP,D
9:30:00,MYOR,RG,1680,41,D,LG,YP,D
9:29:59,MYOR,RG,1680,1,D,LG,PD,D
9:29:56,MYOR,RG,1680,12,D,LG,KZ,F
9:29:55,MYOR,RG,1680,210,D,LG,YP,D
9:29:55,MYOR,RG,1680,5,D,YP,YP,D
9:29:55,MYOR,RG,1680,62,D,EP,YP,D
9:29:55,MYOR,RG,1680,11,D,YP,YP,D
9:29:55,MYOR,RG,1680,5,D,HP,YP,D
9:29:55,MYOR,RG,1680,1,D,XL,YP,D
9:29:55,MYOR,RG,1680,9,F,BK,YP,D
9:29:47,MYOR,RG,1680,1,F,BK,XC,D
9:29:46,MYOR,RG,1685,10,D,YP,BQ,D
9:29:35,MYOR,RG,1680,2,F,BK,LS,D
9:29:27,MYOR,RG,1680,3,F,BK,HP,D
9:29:14,MYOR,RG,1680,2,F,BK,HP,D
9:29:07,MYOR,RG,1685,10,D,XC,BQ,D
9:29:05,MYOR,RG,1685,1,D,XL,BQ,D
9:29:04,MYOR,RG,1680,5,F,BK,YB,D
9:29:04,MYOR,RG,1680,10,D,EP,YB,D
9:29:04,MYOR,RG,1680,5,D,CC,YB,D
9:28:57,MYOR,RG,1685,14,F,BK,BQ,D
9:28:53,MYOR,RG,1685,10,D,XC,BQ,D
9:28:38,MYOR,RG,1685,10,D,EP,BQ,D
9:28:34,MYOR,RG,1685,1,D,XC,BQ,D
9:28:31,MYOR,RG,1685,5,D,CC,BQ,D
9:28:31,MYOR,RG,1685,2,D,XC,BQ,D
9:28:31,MYOR,RG,1685,2,D,XC,XL,D
9:28:31,MYOR,RG,1685,1,D,XC,YP,D
9:28:24,MYOR,RG,1685,12,D,XC,YP,D
9:28:23,MYOR,RG,1680,36,D,YP,AK,F
9:28:19,MYOR,RG,1685,1,D,PD,YP,D
9:28:14,MYOR,RG,1685,25,D,DR,YP,D
9:28:09,MYOR,RG,1685,11,F,BK,YP,D
9:28:09,MYOR,RG,1685,1,F,BK,PD,D
9:28:09,MYOR,RG,1685,1,F,BK,XC,D
9:28:09,MYOR,RG,1680,5,F,BK,CC,D
9:28:08,MYOR,RG,1680,25,D,KK,AK,F
9:28:08,MYOR,RG,1680,5,D,KK,KZ,F
9:28:07,MYOR,RG,1680,20,D,KK,PD,D
9:28:06,MYOR,RG,1680,53,D,CC,CS,F
9:28:06,MYOR,RG,1680,10,D,CC,XC,D
9:28:06,MYOR,RG,1680,12,D,CC,MG,D
9:28:06,MYOR,RG,1680,6,D,CC,NI,D
9:28:06,MYOR,RG,1680,6,D,CC,KZ,F
9:28:06,MYOR,RG,1680,13,D,CC,CS,F
9:28:06,MYOR,RG,1680,21,D,CC,KZ,F
9:28:06,MYOR,RG,1680,11,D,CC,YP,D
9:28:04,MYOR,RG,1680,19,D,DR,YP,D
9:28:00,MYOR,RG,1680,17,F,BK,YP,D
9:28:00,MYOR,RG,1680,2,D,YP,YP,D
9:27:57,MYOR,RG,1680,2,D,XC,YP,D
9:27:57,MYOR,RG,1680,60,D,YB,YP,D
9:27:57,MYOR,RG,1680,10,D,PD,YP,D
9:27:43,MYOR,RG,1680,2,D,PD,YP,D
9:27:42,MYOR,RG,1680,20,D,CC,YP,D
9:27:41,MYOR,RG,1680,15,D,CC,YP,D
9:27:38,MYOR,RG,1680,20,D,PD,YP,D
9:27:36,MYOR,RG,1680,2,F,BK,YP,D
9:27:36,MYOR,RG,1680,10,F,BK,PD,D
9:27:36,MYOR,RG,1680,2,F,BK,XC,D
9:27:36,MYOR,RG,1680,2,F,BK,XC,D
9:27:36,MYOR,RG,1680,1,F,BK,XC,D
9:27:36,MYOR,RG,1680,1,F,BK,YP,D
9:27:36,MYOR,RG,1680,1,F,BK,KK,D
9:27:35,MYOR,RG,1680,1,D,GR,KK,D
9:27:34,MYOR,RG,1680,10,D,EP,KK,D
9:27:33,MYOR,RG,1680,18,D,KK,KK,D
9:27:32,MYOR,RG,1680,25,D,PD,YU,D
9:27:32,MYOR,RG,1680,5,D,PD,KZ,F
9:27:32,MYOR,RG,1680,1,D,CC,KZ,F
9:27:32,MYOR,RG,1680,2,D,CC,NI,D
9:27:32,MYOR,RG,1680,20,D,YP,NI,D
9:27:29,MYOR,RG,1680,35,D,NI,NI,D
9:27:29,MYOR,RG,1680,2,D,NI,KZ,F
9:27:29,MYOR,RG,1680,63,D,NI,PD,D
9:27:27,MYOR,RG,1680,1,D,YP,PD,D
9:27:25,MYOR,RG,1680,1,F,BK,PD,D
9:27:25,MYOR,RG,1680,1,F,BK,YP,D
9:27:25,MYOR,RG,1680,21,F,BK,KK,D
9:27:21,MYOR,RG,1675,5,D,YP,NI,D
9:27:20,MYOR,RG,1680,9,F,BK,KK,D
9:27:20,MYOR,RG,1680,8,F,BK,KZ,F
9:27:20,MYOR,RG,1680,1,F,BK,DR,D
9:27:20,MYOR,RG,1680,19,F,BK,KZ,F
9:27:20,MYOR,RG,1680,1,F,BK,CC,D
9:27:20,MYOR,RG,1680,7,F,BK,YP,D
9:27:20,MYOR,RG,1680,2,F,BK,PD,D
9:27:20,MYOR,RG,1680,9,F,BK,KZ,F
9:27:20,MYOR,RG,1680,13,F,BK,BQ,D
9:27:19,MYOR,RG,1675,31,D,YP,KZ,F
9:27:18,MYOR,RG,1675,1,D,YP,XC,D
9:27:18,MYOR,RG,1675,6,D,YP,XL,D
9:27:18,MYOR,RG,1675,2,D,YP,XC,D
9:27:18,MYOR,RG,1675,22,D,YP,KZ,F
9:27:18,MYOR,RG,1675,49,D,CD,KZ,F
9:27:18,MYOR,RG,1675,3,D,CD,KZ,F
9:27:18,MYOR,RG,1675,448,D,CD,YP,D
9:27:17,MYOR,RG,1675,152,D,YP,YP,D
9:27:17,MYOR,RG,1675,1,D,YP,YP,D
9:27:17,MYOR,RG,1675,3,D,YP,KZ,F
9:27:17,MYOR,RG,1675,44,D,YP,AT,D
9:27:14,MYOR,RG,1675,11,D,YB,AT,D
9:27:14,MYOR,RG,1675,2,D,YB,KZ,F
9:27:14,MYOR,RG,1675,1,D,YB,DR,D
9:27:14,MYOR,RG,1675,6,D,YB,KZ,F
9:27:10,MYOR,RG,1670,12,D,MG,PD,D
9:27:09,MYOR,RG,1670,13,D,DH,PD,D
9:27:09,MYOR,RG,1670,1,D,DH,PD,D
9:27:09,MYOR,RG,1670,5,D,DH,LG,D
9:27:09,MYOR,RG,1670,1,D,DH,KZ,F
9:27:09,MYOR,RG,1670,5,D,DH,PD,D
9:27:09,MYOR,RG,1670,1,D,DH,KZ,F
9:27:09,MYOR,RG,1670,5,D,DH,PD,D
9:27:09,MYOR,RG,1670,1,D,DH,KZ,F
9:27:09,MYOR,RG,1670,1,D,DH,XC,D
9:27:09,MYOR,RG,1670,6,D,DH,KZ,F
9:27:09,MYOR,RG,1670,1,D,DH,KZ,F
9:27:09,MYOR,RG,1670,60,D,DH,YP,D
9:27:08,MYOR,RG,1670,40,D,KK,YP,D
9:27:08,MYOR,RG,1670,5,D,KK,KZ,F
9:27:08,MYOR,RG,1670,5,D,KK,KZ,F
9:26:38,MYOR,RG,1665,46,F,AK,CS,F
9:26:38,MYOR,RG,1665,75,D,OD,CS,F
9:26:38,MYOR,RG,1665,1,D,OD,KZ,F
9:26:38,MYOR,RG,1665,1,D,OD,KZ,F
9:26:38,MYOR,RG,1665,1,D,OD,AK,F
9:26:38,MYOR,RG,1665,1,D,OD,KZ,F
9:26:38,MYOR,RG,1665,2,D,OD,XC,D
9:26:38,MYOR,RG,1665,2,D,OD,PD,D
9:26:38,MYOR,RG,1665,48,D,OD,PD,D
9:26:38,MYOR,RG,1665,5,D,OD,PD,D
9:26:38,MYOR,RG,1665,2,D,OD,YP,D
9:26:38,MYOR,RG,1665,4,D,OD,KZ,F
9:26:38,MYOR,RG,1665,37,D,OD,PD,D
9:26:38,MYOR,RG,1665,89,D,OD,CS,F
9:26:38,MYOR,RG,1665,10,D,OD,XL,D
9:26:38,MYOR,RG,1665,5,D,OD,YP,D
9:26:38,MYOR,RG,1665,75,D,OD,CS,F
9:26:38,MYOR,RG,1665,2,D,OD,XC,D
9:26:38,MYOR,RG,1665,1,D,OD,XC,D
9:26:38,MYOR,RG,1665,14,D,OD,KZ,F
9:26:38,MYOR,RG,1665,51,D,OD,KZ,F
9:26:38,MYOR,RG,1665,44,D,OD,KZ,F
9:26:38,MYOR,RG,1665,171,D,OD,CC,D
9:26:38,MYOR,RG,1665,104,D,OD,CC,D
9:26:37,MYOR,RG,1665,255,D,OD,CC,D
9:25:59,MYOR,RG,1665,1,D,XC,CC,D
9:25:54,MYOR,RG,1660,7,D,OD,NI,D
9:25:54,MYOR,RG,1660,10,D,OD,NI,D
9:25:20,MYOR,RG,1660,56,D,OD,CS,F
9:25:20,MYOR,RG,1660,7,D,OD,KZ,F
9:25:19,MYOR,RG,1660,1,D,OD,AK,F
9:25:19,MYOR,RG,1660,1,D,OD,AK,F
9:25:19,MYOR,RG,1660,1,D,OD,AK,F
9:25:19,MYOR,RG,1660,2,D,OD,KZ,F
9:25:19,MYOR,RG,1660,24,D,OD,KZ,F
9:25:19,MYOR,RG,1660,2,D,OD,KZ,F
9:25:19,MYOR,RG,1660,14,D,OD,KZ,F
9:25:19,MYOR,RG,1660,16,D,OD,KZ,F
9:25:19,MYOR,RG,1660,225,D,OD,ZP,D
9:25:06,MYOR,RG,1660,2,D,PD,ZP,D
9:25:03,MYOR,RG,1660,5,D,PD,ZP,D
9:25:03,MYOR,RG,1660,1,D,DR,ZP,D
9:25:03,MYOR,RG,1660,100,D,ZR,ZP,D
9:25:03,MYOR,RG,1660,2,D,XC,ZP,D
9:25:03,MYOR,RG,1660,2,D,XC,ZP,D
9:25:03,MYOR,RG,1660,1,D,YP,ZP,D
9:25:03,MYOR,RG,1660,2,D,XC,ZP,D
9:25:03,MYOR,RG,1660,12,D,XL,ZP,D
9:25:03,MYOR,RG,1660,17,F,BK,ZP,D
9:25:03,MYOR,RG,1660,131,D,CC,ZP,D
9:24:34,MYOR,RG,1660,14,D,CC,KZ,F
9:24:32,MYOR,RG,1660,7,D,CC,KZ,F
9:24:32,MYOR,RG,1660,27,D,CC,AK,F
9:24:31,MYOR,RG,1660,98,D,CC,CS,F
9:24:31,MYOR,RG,1660,51,D,CC,CS,F
9:24:26,MYOR,RG,1665,1,D,XC,CC,D
9:24:22,MYOR,RG,1665,3,D,YP,CC,D
9:24:20,MYOR,RG,1660,1,D,CC,KZ,F
9:24:19,MYOR,RG,1660,11,D,CC,YP,D
9:22:28,MYOR,RG,1660,15,D,CC,KZ,F
9:22:28,MYOR,RG,1660,130,D,CC,CS,F
9:22:27,MYOR,RG,1660,2,D,CC,KZ,F
9:22:27,MYOR,RG,1660,2,D,CC,YP,D
9:22:22,MYOR,RG,1665,12,D,XL,CC,D
9:22:06,MYOR,RG,1660,2,D,CC,KZ,F
9:22:06,MYOR,RG,1660,5,D,CC,XC,D
9:21:49,MYOR,RG,1665,10,D,PD,CC,D
9:21:45,MYOR,RG,1665,2,D,PD,CC,D
9:21:21,MYOR,RG,1660,3,D,CC,KZ,F
9:21:21,MYOR,RG,1660,1,D,CC,KZ,F
9:21:09,MYOR,RG,1665,28,D,XC,CC,D
9:21:06,MYOR,RG,1660,1,D,XL,CS,F
9:21:06,MYOR,RG,1660,1,D,XL,XL,D
9:20:55,MYOR,RG,1660,3,F,BK,CS,F
9:20:54,MYOR,RG,1660,16,F,BK,KZ,F
9:20:52,MYOR,RG,1660,4,F,BK,KZ,F
9:20:52,MYOR,RG,1660,1,D,XC,AK,F
9:20:52,MYOR,RG,1660,1,D,PD,AK,F
9:20:52,MYOR,RG,1660,100,D,KK,AK,F
9:20:52,MYOR,RG,1660,1,D,XC,AK,F
9:20:52,MYOR,RG,1660,19,D,XC,AK,F
9:20:51,MYOR,RG,1660,11,D,XC,CS,F
9:20:51,MYOR,RG,1660,1,D,XC,CS,F
9:20:51,MYOR,RG,1660,2,D,XC,CS,F
9:20:51,MYOR,RG,1660,1,D,XC,CS,F
9:20:51,MYOR,RG,1660,35,D,OD,CS,F
9:20:51,MYOR,RG,1660,17,D,OD,KZ,F
9:20:42,MYOR,RG,1660,1,D,OD,KZ,F
9:20:41,MYOR,RG,1660,10,D,OD,PD,D
9:20:41,MYOR,RG,1660,20,D,OD,KZ,F
9:20:41,MYOR,RG,1660,1,D,OD,KZ,F
9:20:38,MYOR,RG,1660,24,D,OD,KZ,F
9:20:37,MYOR,RG,1660,200,D,OD,PD,D
9:20:31,MYOR,RG,1660,3,D,OD,KZ,F
9:20:31,MYOR,RG,1660,5,D,OD,AZ,D
9:20:31,MYOR,RG,1660,2,D,OD,KZ,F
9:20:31,MYOR,RG,1660,19,D,OD,KZ,F
9:20:31,MYOR,RG,1660,9,D,OD,KZ,F
9:20:28,MYOR,RG,1665,24,D,PD,CC,D
9:20:15,MYOR,RG,1660,26,D,OD,AK,F
9:20:15,MYOR,RG,1660,18,D,OD,AK,F
9:20:14,MYOR,RG,1660,36,D,OD,CS,F
9:20:14,MYOR,RG,1660,155,D,OD,CS,F
9:20:11,MYOR,RG,1660,4,D,OD,PD,D
9:20:09,MYOR,RG,1660,10,D,OD,DH,D
9:20:02,MYOR,RG,1665,2,D,NI,CC,D
9:20:00,MYOR,RG,1660,1,D,OD,DR,D
9:19:57,MYOR,RG,1665,2,D,YP,CC,D
9:19:55,MYOR,RG,1665,60,D,XL,CC,D
9:19:48,MYOR,RG,1665,24,D,PD,CC,D
9:19:19,MYOR,RG,1665,10,D,YP,CC,D
9:18:45,MYOR,RG,1665,65,D,YP,CC,D
9:18:44,MYOR,RG,1665,15,D,XC,CC,D
9:18:25,MYOR,RG,1665,2,D,PD,CC,D
9:18:18,MYOR,RG,1660,1,D,OD,PD,D
9:17:48,MYOR,RG,1660,23,D,OD,AK,F
9:17:48,MYOR,RG,1660,21,D,OD,CS,F
9:17:48,MYOR,RG,1660,104,D,OD,CS,F
9:17:48,MYOR,RG,1660,53,D,OD,CS,F
9:17:47,MYOR,RG,1660,4,D,OD,KZ,F
9:17:47,MYOR,RG,1660,7,D,OD,XC,D
9:17:47,MYOR,RG,1660,1,D,OD,KZ,F
9:17:47,MYOR,RG,1660,2,D,OD,KZ,F
9:17:47,MYOR,RG,1660,28,D,OD,KZ,F
9:17:47,MYOR,RG,1660,1,D,OD,AK,F
9:17:47,MYOR,RG,1660,1,D,OD,KZ,F
9:17:47,MYOR,RG,1660,8,D,OD,KZ,F
9:17:47,MYOR,RG,1660,3,D,OD,CS,F
9:17:47,MYOR,RG,1660,69,D,OD,CS,F
9:17:47,MYOR,RG,1660,9,D,OD,KZ,F
9:17:47,MYOR,RG,1660,1,D,OD,KZ,F
9:17:47,MYOR,RG,1660,9,D,OD,KZ,F
9:17:47,MYOR,RG,1660,50,D,OD,ZP,D
9:17:47,MYOR,RG,1660,3,D,OD,KZ,F
9:17:47,MYOR,RG,1660,5,D,OD,KZ,F
9:17:47,MYOR,RG,1660,1,D,OD,YP,D
9:17:39,MYOR,RG,1660,4,D,YP,YP,D
9:17:39,MYOR,RG,1660,1,D,YP,KZ,F
9:17:39,MYOR,RG,1660,3,D,YP,KZ,F
9:17:39,MYOR,RG,1660,12,D,YP,ZP,D
9:17:36,MYOR,RG,1655,1,D,OD,NI,D
9:17:36,MYOR,RG,1660,5,D,YB,ZP,D
9:17:34,MYOR,RG,1660,3,D,XC,ZP,D
9:17:17,MYOR,RG,1660,5,D,YB,ZP,D
9:17:11,MYOR,RG,1660,5,D,YB,ZP,D
9:17:07,MYOR,RG,1660,5,D,YB,ZP,D
9:16:59,MYOR,RG,1660,5,D,YB,ZP,D
9:16:57,MYOR,RG,1660,1,D,XC,ZP,D
9:16:43,MYOR,RG,1660,5,D,YB,ZP,D
9:16:42,MYOR,RG,1655,3,D,OD,AZ,D
9:16:40,MYOR,RG,1655,5,D,OD,GR,D
9:16:31,MYOR,RG,1655,1,D,OD,XC,D
9:16:31,MYOR,RG,1655,1,D,OD,KZ,F
9:16:31,MYOR,RG,1655,19,D,OD,KZ,F
9:16:31,MYOR,RG,1655,2,D,OD,KZ,F
9:16:31,MYOR,RG,1655,2,D,OD,KZ,F
9:16:23,MYOR,RG,1655,190,D,OD,YP,D
9:16:23,MYOR,RG,1655,60,D,OD,YP,D
9:16:19,MYOR,RG,1655,5,D,OD,KK,D
9:15:44,MYOR,RG,1655,20,D,OD,PD,D
9:15:30,MYOR,RG,1655,19,D,OD,CS,F
9:15:30,MYOR,RG,1655,167,D,OD,CS,F
9:15:14,MYOR,RG,1655,1,D,OD,PD,D
9:15:04,MYOR,RG,1660,3,D,XL,ZP,D
9:14:55,MYOR,RG,1660,3,D,AT,ZP,D
9:14:37,MYOR,RG,1655,10,D,OD,SQ,D
9:14:19,MYOR,RG,1655,65,D,OD,XL,D
9:14:19,MYOR,RG,1660,7,D,AT,ZP,D
9:14:02,MYOR,RG,1660,1,D,CC,ZP,D
9:14:01,MYOR,RG,1655,12,D,OD,XC,D
9:13:44,MYOR,RG,1655,39,D,YP,CS,F
9:13:43,MYOR,RG,1655,1,D,YP,AK,F
9:13:41,MYOR,RG,1650,171,D,YP,KZ,F
9:13:31,MYOR,RG,1650,2,D,YP,KZ,F
9:13:25,MYOR,RG,1650,13,D,YP,KZ,F
9:13:23,MYOR,RG,1650,6,D,YP,KZ,F
9:13:22,MYOR,RG,1650,111,D,YP,CS,F
9:13:22,MYOR,RG,1650,1,D,YP,CS,F
9:13:22,MYOR,RG,1650,5,D,XC,CS,F
9:13:22,MYOR,RG,1650,56,D,BQ,CS,F
9:13:21,MYOR,RG,1650,2,D,BQ,KZ,F
9:13:21,MYOR,RG,1650,13,D,BQ,KZ,F
9:13:20,MYOR,RG,1655,12,D,XC,KZ,F
9:13:17,MYOR,RG,1650,17,D,BQ,KZ,F
9:13:15,MYOR,RG,1650,2,D,BQ,KZ,F
9:13:15,MYOR,RG,1650,10,D,BQ,CC,D
9:13:15,MYOR,RG,1650,10,D,YP,CC,D
9:13:15,MYOR,RG,1650,1,D,YP,CC,D
9:13:15,MYOR,RG,1650,2,D,YP,CC,D
9:13:15,MYOR,RG,1650,1,D,YP,CC,D
9:13:15,MYOR,RG,1650,1,D,YP,CC,D
9:13:15,MYOR,RG,1650,10,D,PD,CC,D
9:13:15,MYOR,RG,1650,2,D,YP,CC,D
9:13:15,MYOR,RG,1650,2,D,PD,CC,D
9:13:15,MYOR,RG,1650,111,D,PD,CC,D
9:13:14,MYOR,RG,1650,18,D,PD,CS,F
9:13:13,MYOR,RG,1650,1,D,PD,KZ,F
9:13:11,MYOR,RG,1650,1,D,PD,KZ,F
9:13:11,MYOR,RG,1650,1,D,PD,KZ,F
9:13:11,MYOR,RG,1650,14,D,PD,KZ,F
9:13:11,MYOR,RG,1650,6,D,PD,KZ,F
9:13:11,MYOR,RG,1650,10,D,CC,KZ,F
9:13:11,MYOR,RG,1650,2,D,XC,KZ,F
9:13:11,MYOR,RG,1650,3,D,YP,KZ,F
9:13:11,MYOR,RG,1650,1,D,DH,KZ,F
9:13:10,MYOR,RG,1655,2,D,KK,KZ,F
9:13:01,MYOR,RG,1650,8,D,XC,CS,F
9:13:01,MYOR,RG,1650,2,D,XC,CS,F
9:12:55,MYOR,RG,1655,40,D,DR,KZ,F
9:12:55,MYOR,RG,1655,1,D,YJ,AK,F
9:12:55,MYOR,RG,1655,11,D,YP,AK,F
9:12:54,MYOR,RG,1655,1,D,YP,CS,F
9:12:54,MYOR,RG,1655,15,D,PD,CS,F
9:12:54,MYOR,RG,1655,8,D,YP,CS,F
9:12:54,MYOR,RG,1655,1,D,YP,CS,F
9:12:54,MYOR,RG,1655,1,D,YP,CS,F
9:12:54,MYOR,RG,1655,2,D,YP,CS,F
9:12:54,MYOR,RG,1655,12,D,BQ,CS,F
9:12:54,MYOR,RG,1655,79,D,BQ,CS,F
9:12:54,MYOR,RG,1655,9,D,BQ,CS,F
9:12:54,MYOR,RG,1655,1,D,YP,CS,F
9:12:54,MYOR,RG,1655,3,D,PD,CS,F
9:12:54,MYOR,RG,1655,1,D,DH,CS,F
9:12:54,MYOR,RG,1655,4,D,PD,CS,F
9:12:54,MYOR,RG,1655,1,D,NI,CS,F
9:12:54,MYOR,RG,1655,1,D,XC,CS,F
9:12:53,MYOR,RG,1660,5,D,SQ,ZP,D
9:12:53,MYOR,RG,1660,38,F,BK,ZP,D
9:12:53,MYOR,RG,1660,30,D,YP,ZP,D
9:12:53,MYOR,RG,1660,132,D,PD,ZP,D
9:12:53,MYOR,RG,1660,1,D,XC,ZP,D
9:12:53,MYOR,RG,1660,1,D,PD,ZP,D
9:12:53,MYOR,RG,1660,6,F,BK,ZP,D
9:12:53,MYOR,RG,1660,10,D,YP,ZP,D
9:12:53,MYOR,RG,1660,10,D,PD,ZP,D
9:12:53,MYOR,RG,1660,10,D,GR,ZP,D
9:12:53,MYOR,RG,1660,1,D,XC,ZP,D
9:12:53,MYOR,RG,1660,1,D,YP,ZP,D
9:12:53,MYOR,RG,1660,3,D,YP,ZP,D
9:12:53,MYOR,RG,1660,36,D,KK,ZP,D
9:12:53,MYOR,RG,1660,1,D,XC,ZP,D
9:12:53,MYOR,RG,1660,30,D,YP,ZP,D
9:12:53,MYOR,RG,1660,4,D,YP,ZP,D
9:12:53,MYOR,RG,1660,1,D,PD,ZP,D
9:12:53,MYOR,RG,1660,5,D,YP,ZP,D
9:12:53,MYOR,RG,1660,25,D,KK,ZP,D
9:12:53,MYOR,RG,1660,15,D,YU,ZP,D
9:12:53,MYOR,RG,1660,1,D,XC,ZP,D
9:12:53,MYOR,RG,1660,1,D,YP,ZP,D
9:12:53,MYOR,RG,1660,10,D,XL,ZP,D
9:12:53,MYOR,RG,1660,10,D,PD,ZP,D
9:12:53,MYOR,RG,1660,1,D,XL,ZP,D
9:12:53,MYOR,RG,1660,1,D,XL,ZP,D
9:12:53,MYOR,RG,1660,8,D,XC,ZP,D
9:12:53,MYOR,RG,1660,4,D,KK,ZP,D
9:12:53,MYOR,RG,1660,3,D,YP,ZP,D
9:12:53,MYOR,RG,1660,2,D,YP,ZP,D
9:12:53,MYOR,RG,1660,1,D,PD,ZP,D
9:12:53,MYOR,RG,1660,1,D,XC,ZP,D
9:12:53,MYOR,RG,1660,200,D,LS,ZP,D
9:12:53,MYOR,RG,1660,1,D,PD,ZP,D
9:12:53,MYOR,RG,1660,1,D,PD,ZP,D
9:12:53,MYOR,RG,1660,1,D,PD,ZP,D
9:12:53,MYOR,RG,1660,13,D,XC,ZP,D
9:12:53,MYOR,RG,1660,60,D,EP,ZP,D
9:12:53,MYOR,RG,1660,55,D,EP,ZP,D
9:12:53,MYOR,RG,1660,3,D,PD,ZP,D
9:12:53,MYOR,RG,1660,2,D,PD,ZP,D
9:12:53,MYOR,RG,1660,3,D,XC,ZP,D
9:12:53,MYOR,RG,1660,1,D,XC,ZP,D
9:12:53,MYOR,RG,1660,1,D,XC,ZP,D
9:12:53,MYOR,RG,1660,3,D,DR,ZP,D
9:12:53,MYOR,RG,1660,1,D,XC,ZP,D
9:12:53,MYOR,RG,1660,14,D,PD,ZP,D
9:12:53,MYOR,RG,1660,3,D,KK,ZP,D
9:12:53,MYOR,RG,1660,11,D,EP,ZP,D
9:12:53,MYOR,RG,1660,11,D,EP,ZP,D
9:12:53,MYOR,RG,1660,2,D,DH,ZP,D
9:12:53,MYOR,RG,1660,4,D,PD,ZP,D
9:12:53,MYOR,RG,1660,5,D,PD,ZP,D
9:12:53,MYOR,RG,1660,1,D,EP,ZP,D
9:12:53,MYOR,RG,1660,120,D,PD,ZP,D
9:12:53,MYOR,RG,1660,3,D,XC,ZP,D
9:12:53,MYOR,RG,1660,50,D,PD,ZP,D
9:12:53,MYOR,RG,1660,2,D,PD,ZP,D
9:12:53,MYOR,RG,1660,40,D,OD,ZP,D
9:12:53,MYOR,RG,1660,50,D,OD,ZP,D
9:12:53,MYOR,RG,1660,83,D,OD,ZP,D
9:12:53,MYOR,RG,1660,343,D,OD,ZP,D
9:12:53,MYOR,RG,1660,215,D,OD,ZP,D
9:12:53,MYOR,RG,1660,104,D,OD,ZP,D
9:12:53,MYOR,RG,1660,125,D,OD,ZP,D
9:12:30,MYOR,RG,1665,1,D,XC,CC,D
9:12:30,MYOR,RG,1665,12,F,BK,CC,D
9:12:30,MYOR,RG,1665,197,D,OD,CC,D
9:12:08,MYOR,RG,1665,3,D,OD,XC,D
9:11:41,MYOR,RG,1665,70,D,OD,CS,F
9:11:41,MYOR,RG,1665,2,D,OD,KZ,F
9:11:41,MYOR,RG,1665,1,D,OD,KZ,F
9:11:41,MYOR,RG,1665,1,D,OD,AK,F
9:11:41,MYOR,RG,1665,38,D,OD,KZ,F
9:11:41,MYOR,RG,1665,3,D,OD,KZ,F
9:11:41,MYOR,RG,1665,21,D,OD,KZ,F
9:11:41,MYOR,RG,1665,86,D,OD,CS,F
9:11:41,MYOR,RG,1665,178,D,OD,CP,D
9:11:34,MYOR,RG,1665,1,D,XC,CP,D
9:11:32,MYOR,RG,1665,10,D,PD,CP,D
9:11:32,MYOR,RG,1665,100,D,FS,CP,D
9:11:28,MYOR,RG,1665,2,D,CC,CP,D
9:11:20,MYOR,RG,1665,10,D,YP,CP,D
9:11:20,MYOR,RG,1665,5,D,YP,CP,D
9:11:20,MYOR,RG,1665,1,D,XC,CP,D
9:11:20,MYOR,RG,1665,11,F,BK,CP,D
9:11:20,MYOR,RG,1665,182,D,OD,CP,D
9:11:19,MYOR,RG,1665,3,D,OD,XC,D
9:11:13,MYOR,RG,1670,6,F,BK,CS,F
9:11:13,MYOR,RG,1670,11,D,XL,CS,F
9:11:11,MYOR,RG,1670,2,D,XL,KZ,F
9:11:01,MYOR,RG,1670,6,D,XL,KZ,F
9:11:01,MYOR,RG,1670,1,D,XL,YP,D
9:10:57,MYOR,RG,1665,3,D,OD,DR,D
9:10:44,MYOR,RG,1665,1,D,OD,XC,D
9:10:40,MYOR,RG,1670,48,D,YP,CS,F
9:10:40,MYOR,RG,1670,4,D,YP,CS,F
9:10:40,MYOR,RG,1670,1,D,YP,KZ,F
9:10:40,MYOR,RG,1670,1,D,YP,KZ,F
9:10:40,MYOR,RG,1670,19,D,YP,KZ,F
9:10:40,MYOR,RG,1670,1,D,YP,AK,F
9:10:40,MYOR,RG,1670,7,D,YP,KZ,F
9:10:40,MYOR,RG,1670,1,D,YP,BQ,D
9:10:40,MYOR,RG,1670,60,D,YP,PD,D
9:10:40,MYOR,RG,1670,6,D,YP,XC,D
9:10:40,MYOR,RG,1670,4,D,YP,PD,D
9:10:40,MYOR,RG,1670,2,D,YP,IF,D
9:10:40,MYOR,RG,1670,3,D,YP,CS,F
9:10:40,MYOR,RG,1670,1,D,YP,KZ,F
9:10:40,MYOR,RG,1670,2,D,YP,KZ,F
9:10:38,MYOR,RG,1665,5,D,OD,PD,D
9:10:33,MYOR,RG,1665,1,D,OD,XC,D
9:10:19,MYOR,RG,1665,5,D,OD,CS,F
9:10:19,MYOR,RG,1665,2,D,KK,CS,F
9:10:19,MYOR,RG,1665,162,D,OD,CS,F
9:09:27,MYOR,RG,1670,2,D,XC,KZ,F
9:09:27,MYOR,RG,1670,1,D,XC,XC,D
9:09:02,MYOR,RG,1670,1,D,PD,KZ,F
9:09:02,MYOR,RG,1670,1,D,PD,KZ,F
9:09:02,MYOR,RG,1670,9,D,PD,KK,D
