Time,Stock,Brd,Price,Qty,BT,BC,SC,ST
15:14:21,MYOR,RG,2330,11,D,AK,YP,D
15:12:14,MYOR,RG,2330,7,D,AK,XC,D
15:12:08,MYOR,RG,2330,7,D,AK,XC,D
15:03:01,MYOR,RG,2330,11,D,AK,OD,D
15:01:00,MYOR,RG,2330,1,D,AK,PD,D
15:00:00,MYOR,RG,2330,5,D,AK,OD,D
15:00:00,MYOR,RG,2330,5,D,AK,OD,D
15:00:00,MYOR,RG,2330,47,D,AK,XC,D
15:00:00,MYOR,RG,2330,46,D,AK,XC,D
15:00:00,MYOR,RG,2330,7,D,AK,XC,D
15:00:00,MYOR,RG,2330,14,D,AK,CC,D
15:00:00,MYOR,RG,2330,6,F,CC,CC,D
15:00:00,MYOR,RG,2330,2,F,CC,XL,D
15:00:00,MYOR,RG,2330,28,F,CC,KK,D
15:00:00,MYOR,RG,2330,20,F,CC,YU,D
15:00:00,MYOR,RG,2330,4,F,BK,YP,D
15:00:00,MYOR,RG,2330,102,F,BK,AK,F
15:00:00,MYOR,RG,2330,4,F,BK,AK,F
15:00:00,MYOR,RG,2330,2,F,BK,AK,F
15:00:00,MYOR,RG,2330,1,F,BK,AK,F
15:00:00,MYOR,RG,2330,40,F,BK,AK,F
15:00:00,MYOR,RG,2330,9,D,OD,AK,F
15:00:00,MYOR,RG,2330,5,D,DR,AK,F
15:00:00,MYOR,RG,2330,1,D,PD,AK,F
15:00:00,MYOR,RG,2330,3,D,DR,AK,F
15:00:00,MYOR,RG,2330,35,F,AK,AK,F
15:00:00,MYOR,RG,2330,1,F,ZP,AK,F
15:00:00,MYOR,RG,2330,4,F,AK,AK,F
15:00:00,MYOR,RG,2330,3,F,AK,AK,F
15:00:00,MYOR,RG,2330,4,D,LG,AK,F
14:49:46,MYOR,RG,2330,7,F,CC,AK,F
14:49:46,MYOR,RG,2330,3,F,CC,AK,F
14:49:21,MYOR,RG,2360,1,F,ZP,XL,D
14:49:21,MYOR,RG,2360,10,F,ZP,AK,F
14:49:21,MYOR,RG,2360,4,F,ZP,YP,D
14:49:21,MYOR,RG,2360,9,F,ZP,YP,D
14:49:16,MYOR,RG,2350,1,F,BK,AK,F
14:49:10,MYOR,RG,2360,1,F,ZP,YP,D
14:48:30,MYOR,RG,2360,1,F,AK,YP,D
14:48:04,MYOR,RG,2360,11,D,KZ,YP,D
14:47:55,MYOR,RG,2360,15,F,BK,YP,D
14:47:55,MYOR,RG,2360,10,D,DR,YP,D
14:47:55,MYOR,RG,2360,6,D,DR,YP,D
14:47:55,MYOR,RG,2360,30,D,DR,YP,D
14:47:55,MYOR,RG,2350,6,F,BK,DR,D
14:47:53,MYOR,RG,2360,19,D,DR,YP,D
14:47:51,MYOR,RG,2360,11,D,DR,YP,D
14:47:51,MYOR,RG,2360,120,D,DR,YP,D
14:47:42,MYOR,RG,2360,6,D,DR,YP,D
14:47:42,MYOR,RG,2360,3,D,DR,YP,D
14:47:42,MYOR,RG,2360,8,D,DR,YP,D
14:47:42,MYOR,RG,2360,25,D,DR,MG,D
14:47:42,MYOR,RG,2360,1,D,DR,XC,D
14:47:41,MYOR,RG,2360,1,D,DR,XC,D
14:47:41,MYOR,RG,2360,18,D,DR,XC,D
14:47:41,MYOR,RG,2360,2,D,DR,XC,D
14:47:41,MYOR,RG,2360,5,D,DR,SQ,D
14:47:41,MYOR,RG,2360,3,D,DR,PD,D
14:47:41,MYOR,RG,2360,12,D,DR,PD,D
14:47:41,MYOR,RG,2360,1,D,DR,XC,D
14:47:41,MYOR,RG,2350,31,D,DR,DR,D
14:47:41,MYOR,RG,2350,44,D,DR,DR,D
14:47:31,MYOR,RG,2340,24,F,BK,DR,D
14:47:31,MYOR,RG,2340,1,F,ZP,DR,D
14:47:31,MYOR,RG,2340,8,F,ZP,DR,D
14:47:13,MYOR,RG,2350,22,F,AK,DR,D
14:47:08,MYOR,RG,2340,2,F,ZP,XC,D
14:47:00,MYOR,RG,2350,14,F,ZP,DR,D
14:47:00,MYOR,RG,2350,4,F,ZP,AK,F
14:46:25,MYOR,RG,2350,13,F,BK,AK,F
14:46:25,MYOR,RG,2350,1,F,BK,KK,D
14:46:24,MYOR,RG,2350,13,D,KZ,KK,D
14:46:23,MYOR,RG,2350,16,F,BK,KK,D
14:46:19,MYOR,RG,2350,18,F,BK,OD,D
14:46:16,MYOR,RG,2350,82,F,BK,OD,D
14:46:16,MYOR,RG,2350,1,F,BK,EP,D
14:46:16,MYOR,RG,2350,2,F,BK,AZ,D
14:46:16,MYOR,RG,2350,10,F,BK,XL,D
14:46:16,MYOR,RG,2350,1,F,BK,YB,D
14:46:16,MYOR,RG,2350,2,F,BK,DH,D
14:46:16,MYOR,RG,2350,10,F,BK,KK,D
14:46:15,MYOR,RG,2340,1,F,BK,AK,F
14:46:15,MYOR,RG,2340,1,F,BK,AK,F
14:46:15,MYOR,RG,2340,1,F,BK,AK,F
14:46:15,MYOR,RG,2340,3,F,BK,AK,F
14:46:15,MYOR,RG,2340,551,F,BK,DR,D
14:46:15,MYOR,RG,2340,37,F,BK,AK,F
14:46:15,MYOR,RG,2340,102,F,BK,AK,F
14:46:01,MYOR,RG,2330,1,F,CC,AK,F
14:45:51,MYOR,RG,2340,16,D,DR,AK,F
14:45:32,MYOR,RG,2340,16,F,BK,AK,F
14:45:31,MYOR,RG,2330,1,F,CC,AK,F
14:45:30,MYOR,RG,2330,27,F,CC,AK,F
14:45:30,MYOR,RG,2330,2,F,ZP,AK,F
14:45:22,MYOR,RG,2340,9,F,ZP,AK,F
14:44:46,MYOR,RG,2340,15,D,DR,AK,F
14:44:46,MYOR,RG,2340,1,D,DR,AK,F
14:44:39,MYOR,RG,2330,20,F,ZP,DR,D
14:44:39,MYOR,RG,2330,1,F,ZP,DR,D
14:44:39,MYOR,RG,2330,16,D,DR,DR,D
14:44:39,MYOR,RG,2330,26,D,DR,DR,D
14:44:39,MYOR,RG,2330,201,D,DR,DR,D
14:44:01,MYOR,RG,2330,3,D,DR,AK,F
14:44:00,MYOR,RG,2330,3,D,DR,AK,F
14:44:00,MYOR,RG,2330,25,D,PD,AK,F
14:44:00,MYOR,RG,2330,2,D,KZ,AK,F
14:44:00,MYOR,RG,2330,1,D,XC,AK,F
14:44:00,MYOR,RG,2330,13,D,YP,AK,F
14:44:00,MYOR,RG,2330,15,F,BK,AK,F
14:43:51,MYOR,RG,2330,1,F,BK,PD,D
14:43:36,MYOR,RG,2330,13,F,BK,XC,D
14:43:36,MYOR,RG,2330,5,D,YP,XC,D
14:43:36,MYOR,RG,2330,30,D,SQ,XC,D
14:43:36,MYOR,RG,2330,2,D,KZ,XC,D
14:43:30,MYOR,RG,2330,1,D,KZ,AK,F
14:43:00,MYOR,RG,2330,1,D,KZ,AK,F
14:42:42,MYOR,RG,2340,9,F,AK,AK,F
14:42:42,MYOR,RG,2340,9,F,AK,AK,F
14:42:42,MYOR,RG,2340,7,F,AK,AK,F
14:42:42,MYOR,RG,2340,11,F,AK,AK,F
14:42:42,MYOR,RG,2350,1,F,ZP,AK,F
14:42:42,MYOR,RG,2350,1,F,ZP,AK,F
14:42:42,MYOR,RG,2340,30,F,ZP,DR,D
14:42:42,MYOR,RG,2340,1,F,AK,DR,D
14:42:42,MYOR,RG,2340,13,F,BK,DR,D
14:42:42,MYOR,RG,2340,1,F,AK,DR,D
14:42:42,MYOR,RG,2340,35,D,GR,DR,D
14:42:42,MYOR,RG,2340,15,D,DR,DR,D
14:42:42,MYOR,RG,2340,26,D,DR,DR,D
14:42:42,MYOR,RG,2340,5,F,AK,DR,D
14:42:42,MYOR,RG,2340,37,F,BK,DR,D
14:42:42,MYOR,RG,2340,208,D,DR,DR,D
14:42:42,MYOR,RG,2340,1,D,KZ,DR,D
14:42:42,MYOR,RG,2340,3,D,XL,DR,D
14:42:42,MYOR,RG,2340,1,F,ZP,DR,D
14:42:42,MYOR,RG,2340,1,D,LG,DR,D
14:42:42,MYOR,RG,2340,31,F,ZP,DR,D
14:42:30,MYOR,RG,2350,1,D,NI,AK,F
14:42:21,MYOR,RG,2350,1,F,ZP,AK,F
14:42:09,MYOR,RG,2350,2,D,NI,AK,F
14:41:54,MYOR,RG,2350,25,D,KZ,AK,F
14:41:54,MYOR,RG,2350,12,D,KZ,DR,D
14:41:53,MYOR,RG,2340,5,F,ZP,NI,D
14:41:15,MYOR,RG,2340,7,F,ZP,AK,F
14:41:15,MYOR,RG,2340,31,D,KZ,AK,F
14:41:15,MYOR,RG,2340,7,D,YP,AK,F
14:41:15,MYOR,RG,2340,1,F,AK,AK,F
14:41:15,MYOR,RG,2340,4,F,ZP,AK,F
14:38:36,MYOR,RG,2340,37,F,ZP,DR,D
14:38:36,MYOR,RG,2340,96,F,BK,DR,D
14:38:36,MYOR,RG,2340,1,F,AK,DR,D
14:38:36,MYOR,RG,2340,69,F,BK,DR,D
14:38:36,MYOR,RG,2340,25,D,PD,DR,D
14:38:36,MYOR,RG,2340,14,D,KZ,DR,D
14:38:36,MYOR,RG,2340,1,F,ZP,DR,D
14:38:36,MYOR,RG,2340,3,D,XC,DR,D
14:38:36,MYOR,RG,2340,3,D,HP,DR,D
14:38:36,MYOR,RG,2340,1,F,AK,DR,D
14:38:36,MYOR,RG,2340,91,D,DR,DR,D
14:38:35,MYOR,RG,2350,17,F,BK,DR,D
14:38:35,MYOR,RG,2340,117,D,DR,DR,D
14:38:17,MYOR,RG,2350,15,F,BK,DR,D
14:38:15,MYOR,RG,2340,20,D,DR,AK,F
14:38:15,MYOR,RG,2340,34,F,ZP,AK,F
14:38:15,MYOR,RG,2340,35,D,DR,AK,F
14:37:36,MYOR,RG,2350,5,D,DR,DR,D
14:37:12,MYOR,RG,2350,17,D,DR,DR,D
14:37:07,MYOR,RG,2350,2,D,XL,DR,D
14:36:56,MYOR,RG,2350,16,F,BK,DR,D
14:36:50,MYOR,RG,2350,34,F,BK,DR,D
14:36:48,MYOR,RG,2340,326,D,DR,DR,D
14:36:48,MYOR,RG,2340,91,D,DR,DR,D
14:36:19,MYOR,RG,2350,24,D,KZ,DR,D
14:36:15,MYOR,RG,2350,1,F,ZP,DR,D
14:34:16,MYOR,RG,2350,89,D,DR,DR,D
14:34:15,MYOR,RG,2340,7,D,DR,AK,F
14:34:15,MYOR,RG,2350,134,D,DR,DR,D
14:34:15,MYOR,RG,2350,1,D,DR,AK,F
14:33:47,MYOR,RG,2350,1,D,AZ,AK,F
14:33:30,MYOR,RG,2340,35,D,DR,AK,F
14:32:00,MYOR,RG,2340,1,D,DR,AK,F
14:31:04,MYOR,RG,2350,20,F,AK,AK,F
14:30:50,MYOR,RG,2350,4,D,IF,AK,F
14:30:49,MYOR,RG,2340,185,D,DR,DR,D
14:30:47,MYOR,RG,2340,233,D,DR,DR,D
14:30:47,MYOR,RG,2340,1,F,AK,DR,D
14:30:47,MYOR,RG,2340,1,F,AK,DR,D
14:30:47,MYOR,RG,2340,85,F,BK,DR,D
14:30:47,MYOR,RG,2340,1,F,AK,DR,D
14:30:23,MYOR,RG,2340,10,F,AK,BQ,D
14:30:22,MYOR,RG,2350,3,F,AK,AK,F
14:29:00,MYOR,RG,2340,42,F,AK,AK,F
14:28:04,MYOR,RG,2340,40,F,AK,DR,D
14:28:04,MYOR,RG,2340,551,D,DR,DR,D
14:28:04,MYOR,RG,2340,1,D,CC,DR,D
14:28:04,MYOR,RG,2340,13,D,KZ,DR,D
14:28:04,MYOR,RG,2340,2,F,ZP,DR,D
14:28:04,MYOR,RG,2340,5,D,ZP,DR,D
14:28:04,MYOR,RG,2340,4,D,XL,DR,D
14:27:18,MYOR,RG,2340,1,D,XL,CC,D
14:26:07,MYOR,RG,2340,5,D,XL,AK,F
14:26:07,MYOR,RG,2340,2,D,EP,AK,F
14:26:07,MYOR,RG,2340,20,D,PD,AK,F
14:26:07,MYOR,RG,2340,31,D,PD,AK,F
14:25:28,MYOR,RG,2340,17,D,PD,DR,D
14:25:06,MYOR,RG,2340,2,D,PD,AK,F
14:25:06,MYOR,RG,2340,2,D,KZ,AK,F
14:25:06,MYOR,RG,2340,1,D,PD,AK,F
14:24:45,MYOR,RG,2350,1,F,ZP,AK,F
14:24:45,MYOR,RG,2350,20,D,YP,AK,F
14:24:45,MYOR,RG,2350,1,F,ZP,AK,F
14:24:45,MYOR,RG,2350,1,F,AK,AK,F
14:24:45,MYOR,RG,2350,8,D,DR,AK,F
14:24:00,MYOR,RG,2350,1,D,DR,AK,F
14:23:12,MYOR,RG,2350,84,D,DR,DR,D
14:23:12,MYOR,RG,2350,10,D,KZ,DR,D
14:23:12,MYOR,RG,2350,32,F,BK,DR,D
14:23:10,MYOR,RG,2350,46,F,BK,DR,D
14:23:10,MYOR,RG,2350,147,D,DR,DR,D
14:23:10,MYOR,RG,2350,25,F,ZP,DR,D
14:23:10,MYOR,RG,2350,1,F,AK,DR,D
14:23:10,MYOR,RG,2350,1,D,YP,DR,D
14:23:10,MYOR,RG,2350,25,D,PD,DR,D
14:23:10,MYOR,RG,2350,1,F,ZP,DR,D
14:23:10,MYOR,RG,2350,1,F,AK,DR,D
14:23:10,MYOR,RG,2350,14,D,KZ,DR,D
14:23:10,MYOR,RG,2350,69,F,AK,DR,D
14:22:53,MYOR,RG,2350,10,F,AK,CC,D
14:22:22,MYOR,RG,2350,9,F,AK,AK,F
14:22:22,MYOR,RG,2350,24,F,ZP,AK,F
14:22:22,MYOR,RG,2350,1,F,AK,AK,F
14:22:22,MYOR,RG,2350,12,D,DR,AK,F
14:22:01,MYOR,RG,2350,2,D,DR,XC,D
14:21:12,MYOR,RG,2350,1,D,DR,XC,D
14:20:44,MYOR,RG,2350,17,D,DR,BK,F
14:20:42,MYOR,RG,2350,18,D,DR,BK,F
14:20:37,MYOR,RG,2350,43,D,DR,BK,F
14:20:37,MYOR,RG,2350,48,F,BK,BK,F
14:20:34,MYOR,RG,2350,24,F,BK,DR,D
14:20:34,MYOR,RG,2350,147,D,DR,DR,D
14:20:34,MYOR,RG,2350,353,D,DR,DR,D
14:18:52,MYOR,RG,2350,12,D,DR,NI,D
14:18:06,MYOR,RG,2350,2,D,DR,AK,F
14:17:33,MYOR,RG,2350,23,D,DR,BK,F
14:17:30,MYOR,RG,2350,37,D,DR,AK,F
14:15:44,MYOR,RG,2350,18,D,DR,BK,F
14:15:41,MYOR,RG,2350,6,D,DR,BK,F
14:15:41,MYOR,RG,2350,69,F,BK,BK,F
14:15:39,MYOR,RG,2350,17,F,BK,DR,D
14:15:39,MYOR,RG,2350,146,D,DR,DR,D
14:15:38,MYOR,RG,2350,304,D,DR,DR,D
14:15:38,MYOR,RG,2350,1,F,ZP,DR,D
14:15:38,MYOR,RG,2350,1,F,ZP,DR,D
14:15:38,MYOR,RG,2350,17,F,BK,DR,D
14:15:38,MYOR,RG,2350,12,F,ZP,DR,D
14:15:33,MYOR,RG,2360,5,D,DR,DR,D
14:15:04,MYOR,RG,2350,6,F,ZP,BK,F
14:15:04,MYOR,RG,2350,19,D,KZ,BK,F
14:15:04,MYOR,RG,2350,3,F,BK,BK,F
14:15:02,MYOR,RG,2350,14,F,BK,XC,D
14:15:02,MYOR,RG,2350,2,F,ZP,XC,D
14:15:02,MYOR,RG,2350,27,F,CC,XC,D
14:14:52,MYOR,RG,2350,23,F,CC,AK,F
14:14:52,MYOR,RG,2350,1,D,XC,AK,F
14:14:52,MYOR,RG,2350,1,F,AK,AK,F
14:14:52,MYOR,RG,2350,6,D,PD,AK,F
14:14:15,MYOR,RG,2350,2,D,PD,AK,F
14:13:57,MYOR,RG,2350,1,D,PD,YU,D
14:13:40,MYOR,RG,2350,1,D,PD,BK,F
14:13:40,MYOR,RG,2350,5,D,LG,BK,F
14:13:40,MYOR,RG,2350,13,F,ZP,BK,F
14:13:40,MYOR,RG,2350,1,F,AK,BK,F
14:13:40,MYOR,RG,2350,5,D,KZ,BK,F
14:13:38,MYOR,RG,2360,78,D,DR,DR,D
14:13:31,MYOR,RG,2360,42,D,DR,DR,D
14:13:17,MYOR,RG,2350,18,D,KZ,BK,F
14:13:17,MYOR,RG,2350,5,F,ZP,BK,F
14:13:11,MYOR,RG,2350,11,F,ZP,BK,F
14:13:11,MYOR,RG,2350,2,F,ZP,BK,F
14:13:11,MYOR,RG,2350,7,F,BK,BK,F
14:13:06,MYOR,RG,2350,87,F,BK,BK,F
14:13:06,MYOR,RG,2350,7,D,DR,BK,F
14:13:05,MYOR,RG,2350,206,D,DR,DR,D
14:13:05,MYOR,RG,2350,321,D,DR,DR,D
14:11:37,MYOR,RG,2350,26,D,DR,BK,F
14:11:36,MYOR,RG,2360,83,D,DR,DR,D
14:11:27,MYOR,RG,2360,15,D,DR,DR,D
14:11:27,MYOR,RG,2360,3,D,DR,DH,D
14:11:27,MYOR,RG,2360,1,D,DR,AK,F
14:11:27,MYOR,RG,2360,25,D,DR,AK,F
14:10:11,MYOR,RG,2360,5,D,YP,AK,F
14:08:09,MYOR,RG,2350,33,D,DR,BK,F
14:08:07,MYOR,RG,2350,1,D,DR,XL,D
14:08:06,MYOR,RG,2350,22,D,DR,BK,F
14:08:06,MYOR,RG,2350,1,F,AK,BK,F
14:08:06,MYOR,RG,2350,22,F,ZP,BK,F
14:08:06,MYOR,RG,2350,16,D,KZ,BK,F
14:08:06,MYOR,RG,2350,18,F,BK,BK,F
14:08:05,MYOR,RG,2350,54,F,BK,DR,D
14:08:05,MYOR,RG,2350,3,F,ZP,DR,D
14:08:05,MYOR,RG,2350,1,F,AK,DR,D
14:08:05,MYOR,RG,2350,1,F,AK,DR,D
14:08:05,MYOR,RG,2350,48,D,DR,DR,D
14:08:04,MYOR,RG,2350,167,D,DR,DR,D
14:08:04,MYOR,RG,2350,74,D,DR,DR,D
14:08:04,MYOR,RG,2350,1,F,AK,DR,D
14:08:04,MYOR,RG,2350,149,D,DR,DR,D
14:06:22,MYOR,RG,2360,1,F,ZP,AK,F
14:05:58,MYOR,RG,2350,1,D,DR,XC,D
14:05:42,MYOR,RG,2350,22,D,DR,BK,F
14:05:40,MYOR,RG,2350,18,D,DR,BK,F
14:05:38,MYOR,RG,2350,77,D,DR,BK,F
14:05:35,MYOR,RG,2350,136,D,DR,DR,D
14:05:35,MYOR,RG,2350,5,D,PD,DR,D
14:05:35,MYOR,RG,2350,21,F,CC,DR,D
14:05:35,MYOR,RG,2350,20,F,ZP,DR,D
14:05:35,MYOR,RG,2350,16,D,KZ,DR,D
14:05:35,MYOR,RG,2350,2,D,NI,DR,D
14:05:35,MYOR,RG,2350,1,F,AK,DR,D
14:05:35,MYOR,RG,2350,1,D,NI,DR,D
14:05:35,MYOR,RG,2350,20,F,ZP,DR,D
14:05:35,MYOR,RG,2350,1,F,AK,DR,D
14:05:35,MYOR,RG,2350,18,D,KZ,DR,D
14:05:35,MYOR,RG,2350,138,D,DR,DR,D
14:05:35,MYOR,RG,2350,15,F,ZP,DR,D
14:05:35,MYOR,RG,2350,1,D,BQ,DR,D
14:05:35,MYOR,RG,2350,1,F,ZP,DR,D
14:05:35,MYOR,RG,2350,102,F,BK,DR,D
14:03:04,MYOR,RG,2350,24,F,BK,BK,F
14:03:04,MYOR,RG,2360,5,D,DR,AK,F
14:03:04,MYOR,RG,2360,1,D,DR,AK,F
14:03:04,MYOR,RG,2360,2,D,DR,AK,F
14:02:19,MYOR,RG,2360,14,D,KZ,AK,F
14:02:18,MYOR,RG,2360,2,D,EP,AK,F
14:01:50,MYOR,RG,2350,5,F,BK,YP,D
14:01:25,MYOR,RG,2360,14,D,DR,AK,F
14:01:14,MYOR,RG,2350,7,F,BK,BK,F
14:01:14,MYOR,RG,2350,10,D,DR,BK,F
14:01:14,MYOR,RG,2350,3,F,CC,BK,F
14:01:12,MYOR,RG,2360,7,F,BK,AK,F
14:01:12,MYOR,RG,2360,10,F,BK,KK,D
14:01:12,MYOR,RG,2350,9,F,CC,DR,D
14:01:12,MYOR,RG,2350,225,D,DR,DR,D
14:00:58,MYOR,RG,2360,15,D,DR,KK,D
14:00:58,MYOR,RG,2360,1,D,DR,AK,F
14:00:58,MYOR,RG,2360,162,D,DR,DR,D
14:00:44,MYOR,RG,2360,2,F,ZP,DR,D
13:59:21,MYOR,RG,2350,267,D,DR,DR,D
13:59:15,MYOR,RG,2360,16,D,DR,DR,D
13:59:05,MYOR,RG,2360,159,D,DR,DR,D
13:58:55,MYOR,RG,2350,2,D,DR,XC,D
13:58:55,MYOR,RG,2350,1,F,AK,XC,D
13:58:55,MYOR,RG,2350,3,F,BK,XC,D
13:58:54,MYOR,RG,2350,2,F,BK,PD,D
13:58:28,MYOR,RG,2350,2,F,BK,PD,D
13:57:21,MYOR,RG,2350,38,F,BK,PD,D
13:56:22,MYOR,RG,2350,9,F,BK,NI,D
13:55:53,MYOR,RG,2360,16,F,BK,DR,D
13:55:08,MYOR,RG,2360,1,F,ZP,DR,D
13:55:00,MYOR,RG,2360,50,D,KK,DR,D
13:54:49,MYOR,RG,2360,14,F,BK,DR,D
13:53:45,MYOR,RG,2350,16,F,BK,DR,D
13:53:45,MYOR,RG,2350,146,D,DR,DR,D
13:53:45,MYOR,RG,2350,12,D,DR,DR,D
13:52:29,MYOR,RG,2360,16,F,BK,DR,D
13:52:26,MYOR,RG,2350,28,D,DR,BK,F
13:52:22,MYOR,RG,2350,29,D,DR,BK,F
13:52:19,MYOR,RG,2350,27,D,DR,BK,F
13:52:19,MYOR,RG,2350,1,F,ZP,BK,F
13:52:19,MYOR,RG,2350,13,D,KZ,BK,F
13:52:19,MYOR,RG,2350,1,F,ZP,BK,F
13:52:19,MYOR,RG,2350,1,F,AK,BK,F
13:52:19,MYOR,RG,2350,15,D,PD,BK,F
13:52:19,MYOR,RG,2350,30,F,BK,BK,F
13:52:19,MYOR,RG,2350,12,F,ZP,BK,F
13:52:19,MYOR,RG,2350,5,D,DR,BK,F
13:52:19,MYOR,RG,2360,543,F,BK,DR,D
13:52:18,MYOR,RG,2350,4,D,DR,SQ,D
13:52:02,MYOR,RG,2350,23,D,DR,BK,F
13:51:57,MYOR,RG,2350,10,D,DR,BK,F
13:51:57,MYOR,RG,2350,10,D,DR,BK,F
13:51:52,MYOR,RG,2350,2,D,DR,BK,F
13:51:52,MYOR,RG,2350,90,D,DR,BK,F
13:51:51,MYOR,RG,2350,407,D,DR,DR,D
13:51:51,MYOR,RG,2350,19,F,BK,DR,D
13:51:11,MYOR,RG,2350,5,F,BK,XC,D
13:51:11,MYOR,RG,2350,1,F,BK,KK,D
13:50:04,MYOR,RG,2350,10,F,BK,YP,D
13:48:45,MYOR,RG,2350,32,F,BK,BK,F
13:48:45,MYOR,RG,2350,1,F,ZP,BK,F
13:48:44,MYOR,RG,2360,1,F,AK,AK,F
13:48:44,MYOR,RG,2360,1,F,AK,AK,F
13:48:44,MYOR,RG,2360,1,F,AK,AK,F
13:48:43,MYOR,RG,2360,20,F,ZP,AK,F
13:48:43,MYOR,RG,2360,2,F,ZP,AK,F
13:48:43,MYOR,RG,2360,57,F,CC,AK,F
13:48:43,MYOR,RG,2360,204,F,BK,AK,F
13:48:43,MYOR,RG,2360,1,F,AK,AK,F
13:48:43,MYOR,RG,2360,1,F,AK,AK,F
13:48:43,MYOR,RG,2360,1,F,AK,AK,F
13:48:43,MYOR,RG,2360,194,D,DR,AK,F
13:48:43,MYOR,RG,2360,220,D,DR,AK,F
13:48:43,MYOR,RG,2360,59,D,DR,AK,F
13:48:43,MYOR,RG,2360,10,D,DR,YP,D
13:48:39,MYOR,RG,2360,20,D,DR,XC,D
13:48:18,MYOR,RG,2360,50,D,DR,YP,D
13:47:44,MYOR,RG,2370,1,F,AK,YP,D
13:47:44,MYOR,RG,2360,1,D,DR,PD,D
13:47:03,MYOR,RG,2370,15,F,BK,YP,D
13:47:00,MYOR,RG,2370,21,F,BK,YP,D
13:46:59,MYOR,RG,2370,25,D,DR,YP,D
13:46:58,MYOR,RG,2370,84,D,DR,YP,D
13:46:58,MYOR,RG,2370,1,D,DR,XL,D
13:46:58,MYOR,RG,2370,1,D,DR,PD,D
13:46:58,MYOR,RG,2370,10,D,DR,XC,D
13:46:58,MYOR,RG,2370,1,D,DR,XC,D
13:46:58,MYOR,RG,2370,10,D,DR,EP,D
13:46:58,MYOR,RG,2370,3,D,DR,CC,D
13:46:58,MYOR,RG,2370,1,D,DR,XC,D
13:46:58,MYOR,RG,2370,5,D,DR,CC,D
13:46:58,MYOR,RG,2370,39,D,DR,CC,D
13:46:57,MYOR,RG,2360,36,D,DR,AK,F
13:46:57,MYOR,RG,2360,1,D,DR,AK,F
13:46:57,MYOR,RG,2360,3,D,DR,XC,D
13:46:57,MYOR,RG,2360,25,D,DR,YP,D
13:46:57,MYOR,RG,2360,1,D,DR,XC,D
13:46:57,MYOR,RG,2360,50,D,DR,YU,D
13:46:57,MYOR,RG,2360,5,D,DR,XL,D
13:46:57,MYOR,RG,2360,14,D,DR,PD,D
13:46:57,MYOR,RG,2360,2,D,DR,XL,D
13:46:51,MYOR,RG,2360,1,F,BK,XL,D
13:46:51,MYOR,RG,2360,10,F,BK,OD,D
13:46:51,MYOR,RG,2360,1,F,BK,XC,D
13:46:51,MYOR,RG,2360,1,F,BK,NI,D
13:46:51,MYOR,RG,2360,1,F,BK,XC,D
13:46:51,MYOR,RG,2360,2,F,BK,XC,D
13:46:51,MYOR,RG,2360,1,F,BK,XC,D
13:46:47,MYOR,RG,2360,7,F,ZP,XC,D
13:46:47,MYOR,RG,2360,40,D,DR,XC,D
13:46:46,MYOR,RG,2360,19,D,DR,XC,D
13:46:46,MYOR,RG,2360,40,D,DR,BQ,D
13:46:46,MYOR,RG,2360,2,D,DR,OD,F
13:46:46,MYOR,RG,2360,10,D,DR,PD,D
13:46:46,MYOR,RG,2350,1,D,DR,AK,F
13:46:46,MYOR,RG,2350,4,D,DR,YP,D
13:46:32,MYOR,RG,2350,16,F,BK,YP,D
13:46:29,MYOR,RG,2350,18,F,BK,YP,D
13:46:29,MYOR,RG,2350,49,D,DR,YP,D
13:46:29,MYOR,RG,2350,13,D,KZ,YP,D
13:46:29,MYOR,RG,2350,1,D,KZ,AK,F
13:46:28,MYOR,RG,2350,34,D,DR,AK,F
13:46:28,MYOR,RG,2350,27,D,DR,YP,D
13:46:28,MYOR,RG,2350,1,D,DR,XC,D
13:46:28,MYOR,RG,2350,10,D,DR,YP,D
13:46:28,MYOR,RG,2350,10,D,DR,SQ,D
13:46:28,MYOR,RG,2350,20,D,DR,XL,D
13:46:28,MYOR,RG,2350,1,D,DR,NI,D
13:46:28,MYOR,RG,2350,1,D,DR,XC,D
13:46:28,MYOR,RG,2350,1,D,DR,XL,D
13:46:28,MYOR,RG,2350,1,D,DR,XC,D
13:46:28,MYOR,RG,2350,20,D,DR,AT,D
13:46:28,MYOR,RG,2350,1,D,DR,YB,D
13:46:28,MYOR,RG,2350,25,D,DR,PD,D
13:45:19,MYOR,RG,2350,7,F,ZP,PD,D
13:45:19,MYOR,RG,2350,2,F,ZP,XL,D
13:45:08,MYOR,RG,2350,2,D,PD,XL,D
13:45:08,MYOR,RG,2350,13,D,PD,NI,D
13:43:30,MYOR,RG,2350,7,D,YP,NI,D
13:43:30,MYOR,RG,2350,3,D,YP,PD,D
13:43:29,MYOR,RG,2350,1,D,AZ,PD,D
13:43:18,MYOR,RG,2350,10,D,YP,PD,D
13:42:53,MYOR,RG,2340,9,D,PD,DR,D
13:42:52,MYOR,RG,2340,17,F,BK,DR,D
13:42:51,MYOR,RG,2340,30,F,BK,DR,D
13:42:47,MYOR,RG,2340,34,F,BK,DR,D
13:42:47,MYOR,RG,2340,114,D,DR,DR,D
13:42:46,MYOR,RG,2340,173,D,DR,DR,D
13:42:42,MYOR,RG,2340,1,F,BK,DR,D
13:42:42,MYOR,RG,2340,5,F,BK,HP,D
13:42:42,MYOR,RG,2340,9,F,BK,NI,D
13:42:38,MYOR,RG,2330,1,F,BK,YP,D
13:42:38,MYOR,RG,2330,1,F,BK,AK,F
13:42:38,MYOR,RG,2330,25,F,BK,DR,D
13:42:36,MYOR,RG,2330,9,F,ZP,DR,D
13:42:36,MYOR,RG,2330,253,D,DR,DR,D
13:42:36,MYOR,RG,2330,32,D,DR,AK,F
13:42:36,MYOR,RG,2330,1,D,DR,AK,F
13:42:36,MYOR,RG,2330,34,D,DR,AK,F
13:42:36,MYOR,RG,2330,1,D,DR,AK,F
13:42:36,MYOR,RG,2330,36,D,DR,DR,D
13:42:14,MYOR,RG,2330,10,D,KZ,DR,D
13:40:41,MYOR,RG,2330,25,D,YP,DR,D
13:40:41,MYOR,RG,2330,20,D,XL,DR,D
13:40:17,MYOR,RG,2330,8,F,ZP,DR,D
13:40:05,MYOR,RG,2330,5,D,PD,DR,D
13:39:04,MYOR,RG,2330,11,D,KZ,DR,D
13:38:58,MYOR,RG,2330,16,F,BK,DR,D
13:38:54,MYOR,RG,2330,16,F,CC,DR,D
13:38:47,MYOR,RG,2330,74,F,CC,DR,D
13:38:43,MYOR,RG,2330,17,F,BK,DR,D
13:38:40,MYOR,RG,2330,93,F,AK,DR,D
13:38:34,MYOR,RG,2330,14,F,CC,DR,D
13:38:26,MYOR,RG,2330,3,D,EP,DR,D
13:38:05,MYOR,RG,2330,8,F,ZP,DR,D
13:37:52,MYOR,RG,2330,17,F,BK,DR,D
13:37:51,MYOR,RG,2320,85,D,DR,DR,D
13:36:33,MYOR,RG,2330,41,D,DR,DR,D
13:36:22,MYOR,RG,2330,16,D,DR,DR,D
13:36:13,MYOR,RG,2330,71,D,DR,DR,D
13:36:02,MYOR,RG,2330,15,F,BK,DR,D
13:35:57,MYOR,RG,2330,1,F,BK,AK,F
13:35:57,MYOR,RG,2330,33,F,BK,AK,F
13:35:57,MYOR,RG,2330,1,F,BK,AK,F
13:35:57,MYOR,RG,2330,28,F,BK,AK,F
13:35:57,MYOR,RG,2330,3,F,BK,DR,D
13:35:50,MYOR,RG,2330,17,F,BK,DR,D
13:35:48,MYOR,RG,2330,45,F,BK,DR,D
13:35:47,MYOR,RG,2330,35,F,BK,DR,D
13:35:46,MYOR,RG,2320,350,D,DR,DR,D
13:35:46,MYOR,RG,2320,1,D,XC,DR,D
13:35:46,MYOR,RG,2320,5,D,KK,DR,D
13:35:46,MYOR,RG,2320,4,D,XA,DR,D
13:35:46,MYOR,RG,2320,5,D,DR,DR,D
13:35:46,MYOR,RG,2320,1,D,GR,DR,D
13:35:46,MYOR,RG,2320,4,D,AK,DR,D
13:35:46,MYOR,RG,2320,3,F,ZP,DR,D
13:35:46,MYOR,RG,2320,2,D,PD,DR,D
13:35:46,MYOR,RG,2320,1,F,ZP,DR,D
13:35:46,MYOR,RG,2320,1,D,AK,DR,D
13:35:46,MYOR,RG,2320,1,D,AK,DR,D
13:35:33,MYOR,RG,2330,1,D,YP,DR,D
13:35:18,MYOR,RG,2330,3,F,ZP,DR,D
13:34:24,MYOR,RG,2330,14,D,KZ,DR,D
13:34:22,MYOR,RG,2330,14,F,BK,DR,D
13:34:21,MYOR,RG,2330,49,D,DR,DR,D
13:34:21,MYOR,RG,2330,91,D,DR,DR,D
13:34:19,MYOR,RG,2330,13,D,KZ,DR,D
13:34:17,MYOR,RG,2330,18,F,BK,DR,D
13:34:16,MYOR,RG,2330,30,F,ZP,DR,D
13:34:16,MYOR,RG,2330,184,D,DR,DR,D
13:34:16,MYOR,RG,2330,1,D,DR,AK,F
13:34:16,MYOR,RG,2330,31,D,DR,AK,F
13:34:16,MYOR,RG,2330,1,D,DR,AK,F
13:34:16,MYOR,RG,2330,4,D,DR,YP,D
13:34:16,MYOR,RG,2330,2,D,DR,XC,D
13:30:06,MYOR,RG,2320,29,F,BK,AK,F
13:30:06,MYOR,RG,2320,10,D,CC,AK,F
13:30:06,MYOR,RG,2320,2,D,KZ,AK,F
13:30:06,MYOR,RG,2320,1,D,AK,AK,F
13:30:06,MYOR,RG,2320,1,D,AK,AK,F
13:30:06,MYOR,RG,2320,1,D,AK,AK,F
13:30:06,MYOR,RG,2320,6,D,AK,AK,F
13:30:06,MYOR,RG,2320,6,D,AK,AK,F
13:30:06,MYOR,RG,2320,6,D,AK,AK,F
13:30:06,MYOR,RG,2320,4,D,AK,AK,F
13:30:06,MYOR,RG,2320,4,D,AK,AK,F
13:30:06,MYOR,RG,2320,4,D,AK,AK,F
13:30:06,MYOR,RG,2320,1,D,AK,AK,F
13:30:06,MYOR,RG,2320,2,D,AK,AK,F
13:30:06,MYOR,RG,2320,1,D,AK,AK,F
13:30:05,MYOR,RG,2330,3,F,AK,DR,D
13:30:04,MYOR,RG,2330,1,D,XL,DR,D
13:30:04,MYOR,RG,2330,15,F,BK,DR,D
13:30:04,MYOR,RG,2320,1,D,AK,AK,F
13:30:03,MYOR,RG,2330,1,D,CC,DR,D
13:30:02,MYOR,RG,2320,1,D,AK,CC,D
13:30:01,MYOR,RG,2320,3,D,AK,PD,D
13:30:01,MYOR,RG,2320,7,D,AK,PD,D
13:30:01,MYOR,RG,2320,1,D,AK,PD,D
13:30:01,MYOR,RG,2320,6,D,AK,XC,D
13:30:01,MYOR,RG,2320,7,D,AK,XC,D
13:30:01,MYOR,RG,2320,5,D,AK,XC,D
13:30:01,MYOR,RG,2320,5,D,AK,PD,D
13:30:01,MYOR,RG,2320,5,D,AK,PD,D
13:30:01,MYOR,RG,2320,1,D,AK,XC,D
13:30:01,MYOR,RG,2320,1,D,AK,XC,D
13:30:01,MYOR,RG,2320,1,D,AK,XC,D
13:30:01,MYOR,RG,2320,1,D,AK,XC,D
13:30:01,MYOR,RG,2320,3,D,AK,XC,D
13:30:01,MYOR,RG,2320,2,D,AK,XC,D
13:30:01,MYOR,RG,2320,2,D,AK,AZ,D
13:30:01,MYOR,RG,2320,3,D,AK,AZ,D
13:30:01,MYOR,RG,2320,3,D,AK,AZ,D
13:30:01,MYOR,RG,2320,2,D,AK,AZ,D
11:29:30,MYOR,RG,2320,3,D,AK,AK,F
11:29:30,MYOR,RG,2320,4,D,AK,AK,F
11:29:22,MYOR,RG,2320,1,D,AK,AK,F
11:29:07,MYOR,RG,2320,3,D,AK,AK,F
11:29:07,MYOR,RG,2320,1,D,AK,AK,F
11:29:00,MYOR,RG,2320,2,D,AK,AK,F
11:29:00,MYOR,RG,2320,1,D,AK,AK,F
11:28:45,MYOR,RG,2330,1,D,SQ,DR,D
11:27:55,MYOR,RG,2330,17,D,DR,DR,D
11:27:52,MYOR,RG,2330,8,D,DR,DR,D
11:27:48,MYOR,RG,2330,26,D,DR,DR,D
11:26:12,MYOR,RG,2330,31,D,DR,DR,D
11:26:12,MYOR,RG,2330,17,D,DR,DR,D
11:26:12,MYOR,RG,2330,109,D,DR,DR,D
11:26:11,MYOR,RG,2330,8,D,KZ,DR,D
11:26:11,MYOR,RG,2330,10,F,ZP,DR,D
11:26:11,MYOR,RG,2330,12,D,PD,DR,D
11:26:11,MYOR,RG,2330,36,F,CC,DR,D
11:26:11,MYOR,RG,2330,10,D,XC,DR,D
11:26:11,MYOR,RG,2330,31,F,BK,DR,D
11:25:51,MYOR,RG,2330,13,F,ZP,DR,D
11:25:51,MYOR,RG,2330,98,D,DR,DR,D
11:25:51,MYOR,RG,2330,59,D,DR,DR,D
11:25:51,MYOR,RG,2330,330,D,DR,DR,D
11:23:57,MYOR,RG,2330,3,F,BK,AK,F
11:23:51,MYOR,RG,2330,1,D,XC,AK,F
11:23:50,MYOR,RG,2330,7,F,BK,AK,F
11:23:50,MYOR,RG,2330,7,F,BK,AK,F
11:23:42,MYOR,RG,2330,12,F,BK,AK,F
11:23:42,MYOR,RG,2330,1,F,BK,AK,F
11:23:42,MYOR,RG,2330,11,F,BK,DR,D
11:23:23,MYOR,RG,2330,1,D,XC,DR,D
11:22:05,MYOR,RG,2330,5,D,KZ,DR,D
11:21:19,MYOR,RG,2330,6,D,DR,DR,D
11:21:05,MYOR,RG,2330,32,D,DR,DR,D
11:20:42,MYOR,RG,2330,12,D,XL,DR,D
11:20:34,MYOR,RG,2330,115,D,DR,DR,D
11:20:34,MYOR,RG,2330,69,D,DR,DR,D
11:20:33,MYOR,RG,2330,5,F,ZP,DR,D
11:20:33,MYOR,RG,2330,1,F,AK,DR,D
11:20:33,MYOR,RG,2330,8,D,KZ,DR,D
11:20:33,MYOR,RG,2330,17,F,BK,DR,D
11:20:33,MYOR,RG,2330,4,F,ZP,DR,D
11:20:33,MYOR,RG,2330,214,D,DR,DR,D
11:17:22,MYOR,RG,2330,1,D,DR,XL,D
11:17:01,MYOR,RG,2330,27,D,DR,AK,F
11:17:01,MYOR,RG,2330,1,D,DR,AK,F
11:17:01,MYOR,RG,2330,1,D,DR,AK,F
11:17:01,MYOR,RG,2330,26,D,DR,AK,F
11:17:01,MYOR,RG,2330,31,D,DR,DR,D
11:15:56,MYOR,RG,2330,122,D,DR,DR,D
11:15:56,MYOR,RG,2330,66,D,DR,DR,D
11:15:55,MYOR,RG,2330,5,F,ZP,DR,D
11:15:55,MYOR,RG,2330,1,F,AK,DR,D
11:15:55,MYOR,RG,2330,1,F,ZP,DR,D
11:15:55,MYOR,RG,2330,274,D,DR,DR,D
11:14:32,MYOR,RG,2330,1,D,DR,XC,D
11:13:59,MYOR,RG,2330,16,F,CC,AK,F
11:13:59,MYOR,RG,2330,7,D,KZ,AK,F
11:13:59,MYOR,RG,2330,14,F,ZP,AK,F
11:13:59,MYOR,RG,2330,6,D,KZ,AK,F
11:13:59,MYOR,RG,2330,1,F,AK,AK,F
11:13:59,MYOR,RG,2330,1,F,AK,AK,F
11:13:59,MYOR,RG,2330,1,F,AK,AK,F
11:13:54,MYOR,RG,2330,41,F,BK,DR,D
11:13:54,MYOR,RG,2330,1,F,ZP,DR,D
11:13:54,MYOR,RG,2330,11,F,ZP,DR,D
11:13:54,MYOR,RG,2330,238,D,DR,DR,D
11:13:54,MYOR,RG,2330,140,D,DR,DR,D
11:13:54,MYOR,RG,2330,591,D,DR,DR,D
11:11:25,MYOR,RG,2330,1,D,DR,YP,D
11:10:54,MYOR,RG,2330,17,D,DR,PD,D
11:09:24,MYOR,RG,2320,1,F,BK,AK,F
11:09:24,MYOR,RG,2320,15,F,BK,AK,F
11:09:15,MYOR,RG,2320,17,F,ZP,AK,F
11:09:15,MYOR,RG,2320,11,F,BK,AK,F
11:09:15,MYOR,RG,2320,1,F,BK,AK,F
11:09:15,MYOR,RG,2320,1,F,BK,AK,F
11:09:15,MYOR,RG,2320,25,F,BK,AK,F
11:09:15,MYOR,RG,2320,26,F,BK,AK,F
11:09:15,MYOR,RG,2320,1,F,BK,AK,F
11:08:00,MYOR,RG,2320,11,D,KZ,AK,F
11:07:45,MYOR,RG,2320,8,D,KZ,AK,F
11:07:43,MYOR,RG,2320,8,F,CC,AK,F
11:07:43,MYOR,RG,2320,10,F,CC,DX,D
11:07:43,MYOR,RG,2320,1,F,CC,AK,F
11:07:43,MYOR,RG,2320,1,F,CC,AK,F
11:07:24,MYOR,RG,2320,1,F,CC,AK,F
11:07:24,MYOR,RG,2320,30,F,CC,AK,F
11:07:14,MYOR,RG,2320,2,F,BK,AK,F
11:07:14,MYOR,RG,2320,16,F,BK,AK,F
11:06:56,MYOR,RG,2320,1,D,AK,AK,F
11:06:09,MYOR,RG,2320,10,D,PD,AK,F
11:05:47,MYOR,RG,2310,9,D,CC,RX,F
11:05:47,MYOR,RG,2310,2,D,PD,RX,F
11:05:47,MYOR,RG,2310,2,D,YP,RX,F
11:05:47,MYOR,RG,2310,3,D,KZ,RX,F
11:05:47,MYOR,RG,2310,10,D,OD,RX,F
11:05:47,MYOR,RG,2310,1,D,XC,RX,F
11:05:47,MYOR,RG,2310,3,D,KZ,RX,F
11:05:47,MYOR,RG,2310,3,D,AK,RX,F
11:05:47,MYOR,RG,2310,1,D,CP,RX,F
11:05:47,MYOR,RG,2310,20,D,YP,RX,F
11:05:47,MYOR,RG,2310,5,D,YP,RX,F
11:05:47,MYOR,RG,2310,10,D,YP,RX,F
11:05:47,MYOR,RG,2310,6,D,XL,RX,F
11:05:47,MYOR,RG,2310,1,D,AZ,RX,F
11:05:47,MYOR,RG,2310,1,D,DH,RX,F
11:05:47,MYOR,RG,2310,10,D,XL,RX,F
11:05:47,MYOR,RG,2310,1,D,YP,RX,F
11:05:47,MYOR,RG,2310,25,D,PD,RX,F
11:05:47,MYOR,RG,2310,10,D,PD,RX,F
11:05:47,MYOR,RG,2310,5,D,XC,OD,D
11:05:47,MYOR,RG,2310,2,D,YP,OD,D
11:05:47,MYOR,RG,2310,3,D,KK,OD,D
11:01:30,MYOR,RG,2320,11,D,AK,RX,F
11:01:29,MYOR,RG,2320,5,D,AK,RX,F
11:01:29,MYOR,RG,2320,4,D,AK,RX,F
11:01:29,MYOR,RG,2320,8,D,AK,RX,F
11:01:29,MYOR,RG,2320,1,D,AK,RX,F
11:01:29,MYOR,RG,2320,6,D,AK,RX,F
11:01:29,MYOR,RG,2320,4,D,AK,RX,F
11:01:29,MYOR,RG,2320,3,D,AK,RX,F
11:01:29,MYOR,RG,2320,5,D,AK,RX,F
11:01:29,MYOR,RG,2320,6,D,AK,RX,F
11:01:29,MYOR,RG,2320,17,D,AK,RX,F
11:01:29,MYOR,RG,2320,14,D,AK,RX,F
11:01:29,MYOR,RG,2320,18,D,AK,RX,F
11:01:29,MYOR,RG,2320,21,D,AK,RX,F
11:01:29,MYOR,RG,2320,12,D,AK,RX,F
11:01:29,MYOR,RG,2320,25,D,AK,RX,F
11:01:29,MYOR,RG,2320,5,D,AK,RX,F
11:01:29,MYOR,RG,2320,19,D,AK,RX,F
11:01:29,MYOR,RG,2320,6,D,AK,RX,F
11:01:29,MYOR,RG,2320,17,D,AK,RX,F
11:01:29,MYOR,RG,2320,26,D,AK,RX,F
11:01:29,MYOR,RG,2320,1,D,AK,RX,F
11:01:29,MYOR,RG,2320,13,D,AK,RX,F
11:01:29,MYOR,RG,2320,34,D,AK,RX,F
11:01:29,MYOR,RG,2320,15,F,CC,RX,F
11:01:27,MYOR,RG,2320,5,F,ZP,DR,D
11:01:27,MYOR,RG,2320,11,D,AK,DR,D
11:01:27,MYOR,RG,2320,41,D,AK,DR,D
11:01:27,MYOR,RG,2320,9,D,AK,DR,D
11:01:27,MYOR,RG,2320,23,D,AK,DR,D
11:01:27,MYOR,RG,2320,49,D,AK,DR,D
11:01:27,MYOR,RG,2320,2,D,AK,DR,D
11:01:27,MYOR,RG,2320,12,D,AK,DR,D
11:01:27,MYOR,RG,2320,8,D,AK,DR,D
11:01:27,MYOR,RG,2320,198,F,BK,DR,D
11:01:27,MYOR,RG,2320,130,D,DR,DR,D
11:01:27,MYOR,RG,2320,79,D,DR,DR,D
11:01:27,MYOR,RG,2320,379,D,DR,DR,D
11:01:27,MYOR,RG,2320,1,D,AK,DR,D
11:01:27,MYOR,RG,2320,10,D,YP,DR,D
11:01:27,MYOR,RG,2320,12,D,AK,DR,D
11:01:27,MYOR,RG,2320,10,D,AK,DR,D
11:01:27,MYOR,RG,2320,50,D,YP,DR,D
11:01:27,MYOR,RG,2320,10,D,YP,DR,D
11:01:27,MYOR,RG,2320,1,D,XL,DR,D
11:01:27,MYOR,RG,2320,25,D,PD,DR,D
11:01:27,MYOR,RG,2320,1,D,AK,DR,D
11:01:27,MYOR,RG,2320,4,D,AK,DR,D
11:01:27,MYOR,RG,2320,6,D,AK,DR,D
11:01:27,MYOR,RG,2320,4,D,AK,DR,D
11:01:27,MYOR,RG,2320,15,D,AK,DR,D
11:01:27,MYOR,RG,2320,25,D,AK,DR,D
11:01:27,MYOR,RG,2320,9,D,AK,DR,D
11:01:27,MYOR,RG,2320,19,D,AK,DR,D
11:01:27,MYOR,RG,2320,31,D,AK,DR,D
11:01:27,MYOR,RG,2320,4,D,AK,DR,D
11:01:27,MYOR,RG,2320,22,D,AK,DR,D
11:01:27,MYOR,RG,2320,50,D,YP,DR,D
11:01:27,MYOR,RG,2320,5,D,EP,DR,D
11:01:27,MYOR,RG,2320,4,D,YP,DR,D
11:01:27,MYOR,RG,2320,1,D,AK,DR,D
11:01:27,MYOR,RG,2320,10,D,AK,DR,D
11:01:27,MYOR,RG,2320,6,D,AK,DR,D
11:01:27,MYOR,RG,2320,14,D,AK,DR,D
11:01:27,MYOR,RG,2320,2,D,YP,DR,D
11:01:27,MYOR,RG,2320,1,D,AK,DR,D
11:01:27,MYOR,RG,2320,5,D,OD,DR,D
11:01:27,MYOR,RG,2320,1,D,SQ,DR,D
11:01:27,MYOR,RG,2320,1,D,XL,DR,D
11:01:27,MYOR,RG,2320,4,D,AK,DR,D
11:01:27,MYOR,RG,2320,1,D,AK,DR,D
11:01:27,MYOR,RG,2320,7,D,AK,DR,D
11:01:27,MYOR,RG,2320,4,D,AK,DR,D
11:01:27,MYOR,RG,2320,8,D,AK,DR,D
11:01:27,MYOR,RG,2320,1,D,AK,DR,D
11:01:27,MYOR,RG,2320,1,D,AK,DR,D
11:01:27,MYOR,RG,2320,2,D,IF,DR,D
11:01:27,MYOR,RG,2320,1,D,XL,DR,D
11:01:27,MYOR,RG,2320,17,D,XC,DR,D
11:01:27,MYOR,RG,2320,5,D,NI,DR,D
11:01:27,MYOR,RG,2320,6,D,AK,DR,D
11:01:27,MYOR,RG,2320,3,D,AK,DR,D
11:01:27,MYOR,RG,2320,1,D,AK,DR,D
11:01:27,MYOR,RG,2320,3,D,AK,DR,D
11:01:27,MYOR,RG,2320,7,D,AK,DR,D
11:01:27,MYOR,RG,2320,5,D,AK,DR,D
11:01:27,MYOR,RG,2320,4,D,AK,DR,D
11:01:27,MYOR,RG,2320,1,D,AK,DR,D
11:01:27,MYOR,RG,2320,3,D,AK,DR,D
11:01:27,MYOR,RG,2320,4,D,AK,DR,D
11:01:27,MYOR,RG,2320,50,D,XC,DR,D
11:01:27,MYOR,RG,2320,2,F,ZP,DR,D
11:01:27,MYOR,RG,2320,1,D,AK,DR,D
11:01:27,MYOR,RG,2320,49,D,AK,DR,D
11:01:27,MYOR,RG,2320,5,D,AK,DR,D
11:00:58,MYOR,RG,2330,1,F,ZP,DR,D
11:00:58,MYOR,RG,2330,100,D,OD,DR,D
11:00:58,MYOR,RG,2330,12,F,ZP,DR,D
11:00:58,MYOR,RG,2330,6,D,EP,DR,D
11:00:58,MYOR,RG,2330,10,D,KZ,DR,D
11:00:58,MYOR,RG,2330,1,F,AK,DR,D
11:00:58,MYOR,RG,2330,137,F,BK,DR,D
11:00:58,MYOR,RG,2330,131,D,DR,DR,D
11:00:58,MYOR,RG,2330,80,D,DR,DR,D
11:00:58,MYOR,RG,2330,378,D,DR,DR,D
11:00:58,MYOR,RG,2330,4,F,ZP,DR,D
11:00:58,MYOR,RG,2330,4,D,XC,DR,D
11:00:58,MYOR,RG,2330,10,D,YP,DR,D
11:00:58,MYOR,RG,2330,1,F,AK,DR,D
11:00:58,MYOR,RG,2330,53,F,BK,DR,D
11:00:36,MYOR,RG,2330,3,F,BK,RX,F
11:00:14,MYOR,RG,2330,10,F,BK,OD,D
11:00:01,MYOR,RG,2330,2,F,BK,PD,D
10:57:19,MYOR,RG,2330,3,F,BK,RX,F
10:57:17,MYOR,RG,2340,17,F,BK,DR,D
10:57:15,MYOR,RG,2330,110,F,BK,RX,F
10:56:50,MYOR,RG,2340,579,F,BK,DR,D
10:54:55,MYOR,RG,2330,1,F,BK,RX,F
10:54:55,MYOR,RG,2330,1,F,ZP,RX,F
10:54:55,MYOR,RG,2330,10,D,YP,RX,F
10:54:52,MYOR,RG,2340,2,D,XC,DR,D
10:54:28,MYOR,RG,2330,12,D,KZ,BK,F
10:54:25,MYOR,RG,2340,17,D,DR,DR,D
10:54:24,MYOR,RG,2340,31,D,DR,DR,D
10:54:10,MYOR,RG,2320,41,D,AK,RX,F
10:54:10,MYOR,RG,2320,4,D,AK,RX,F
10:54:10,MYOR,RG,2320,10,D,AK,RX,F
10:53:43,MYOR,RG,2320,13,D,AK,BK,F
10:53:43,MYOR,RG,2330,17,F,CC,BK,F
10:53:39,MYOR,RG,2320,13,D,AK,BK,F
10:53:39,MYOR,RG,2320,3,D,AK,BK,F
10:53:39,MYOR,RG,2320,1,D,PD,BK,F
10:53:39,MYOR,RG,2320,17,D,AK,BK,F
10:53:39,MYOR,RG,2320,1,D,AK,BK,F
10:53:35,MYOR,RG,2320,57,D,AK,BK,F
10:53:35,MYOR,RG,2320,35,D,AK,BK,F
10:53:35,MYOR,RG,2320,70,D,AK,BK,F
10:53:35,MYOR,RG,2320,1,D,AK,BK,F
10:53:35,MYOR,RG,2320,2,D,AK,BK,F
10:53:33,MYOR,RG,2330,18,F,BK,BK,F
10:53:33,MYOR,RG,2330,1,D,KZ,BK,F
10:53:33,MYOR,RG,2330,1,D,KZ,BK,F
10:53:33,MYOR,RG,2330,2,D,SQ,BK,F
10:53:33,MYOR,RG,2330,15,D,AT,BK,F
10:53:33,MYOR,RG,2330,41,F,CC,BK,F
10:53:33,MYOR,RG,2330,20,D,PD,BK,F
10:53:33,MYOR,RG,2330,1,F,AK,BK,F
10:53:33,MYOR,RG,2330,1,F,AK,BK,F
10:53:31,MYOR,RG,2340,15,D,DR,AK,F
10:53:31,MYOR,RG,2340,1,F,AK,AK,F
10:53:31,MYOR,RG,2340,22,F,ZP,AK,F
10:53:31,MYOR,RG,2340,1,F,AK,AK,F
10:53:31,MYOR,RG,2340,1,F,AK,AK,F
10:53:31,MYOR,RG,2340,1,F,AK,AK,F
10:53:31,MYOR,RG,2340,1,F,AK,AK,F
10:53:31,MYOR,RG,2340,206,F,BK,AK,F
10:53:30,MYOR,RG,2340,48,F,BK,DR,D
10:53:30,MYOR,RG,2340,22,F,ZP,DR,D
10:53:30,MYOR,RG,2340,366,D,DR,DR,D
10:53:30,MYOR,RG,2340,209,D,DR,DR,D
10:53:30,MYOR,RG,2340,355,D,DR,DR,D
10:53:06,MYOR,RG,2340,625,D,DR,DR,D
10:53:06,MYOR,RG,2340,7,F,ZP,DR,D
10:53:06,MYOR,RG,2340,68,D,DR,DR,D
10:51:35,MYOR,RG,2350,1,F,AK,RX,F
10:50:40,MYOR,RG,2340,17,D,DR,RX,F
10:50:40,MYOR,RG,2340,1,D,DR,AK,F
10:50:40,MYOR,RG,2340,1,D,DR,XC,D
10:50:40,MYOR,RG,2340,1,D,DR,AK,F
10:50:40,MYOR,RG,2340,30,D,DR,AK,F
10:50:40,MYOR,RG,2340,3,D,KZ,AK,F
10:50:40,MYOR,RG,2340,19,D,KZ,RX,F
10:50:39,MYOR,RG,2340,9,F,ZP,RX,F
10:50:39,MYOR,RG,2340,13,F,ZP,DR,D
10:50:39,MYOR,RG,2340,69,D,DR,DR,D
10:50:39,MYOR,RG,2340,318,D,DR,DR,D
10:50:39,MYOR,RG,2340,54,D,DR,RX,F
10:50:36,MYOR,RG,2330,3,D,DR,PD,D
10:46:39,MYOR,RG,2330,1,F,BK,AK,F
10:46:39,MYOR,RG,2330,1,F,BK,AK,F
10:46:39,MYOR,RG,2330,4,F,BK,AK,F
10:46:30,MYOR,RG,2330,14,D,KZ,AK,F
10:45:57,MYOR,RG,2330,7,F,BK,AK,F
10:45:57,MYOR,RG,2330,13,F,BK,AK,F
10:45:50,MYOR,RG,2330,25,D,PD,AK,F
10:45:49,MYOR,RG,2330,3,F,BK,AK,F
10:45:49,MYOR,RG,2330,1,F,BK,AK,F
10:45:49,MYOR,RG,2330,1,F,BK,AK,F
10:45:49,MYOR,RG,2330,7,F,BK,AK,F
10:45:45,MYOR,RG,2330,20,D,PD,AK,F
10:45:45,MYOR,RG,2330,5,D,PD,AK,F
10:45:40,MYOR,RG,2330,7,F,CC,AK,F
10:45:25,MYOR,RG,2330,7,F,BK,AK,F
10:45:21,MYOR,RG,2330,2,F,ZP,AK,F
10:45:16,MYOR,RG,2330,6,D,XC,AK,F
10:45:09,MYOR,RG,2330,25,D,YP,AK,F
10:45:08,MYOR,RG,2330,5,D,XC,AK,F
10:44:44,MYOR,RG,2330,1,D,PD,AK,F
10:44:35,MYOR,RG,2330,13,D,KZ,AK,F
10:44:31,MYOR,RG,2330,100,F,AK,YP,D
10:44:31,MYOR,RG,2330,2,F,AK,PD,D
10:44:31,MYOR,RG,2330,124,F,AK,RX,F
10:44:31,MYOR,RG,2330,80,F,BK,RX,F
10:44:31,MYOR,RG,2330,30,F,BK,AK,F
10:44:31,MYOR,RG,2330,1,F,BK,AK,F
10:44:31,MYOR,RG,2330,1,F,BK,AK,F
10:44:31,MYOR,RG,2330,1,F,BK,AK,F
10:44:31,MYOR,RG,2330,26,F,BK,AK,F
10:44:31,MYOR,RG,2330,20,F,BK,AK,F
10:44:31,MYOR,RG,2330,182,F,BK,RX,F
10:44:31,MYOR,RG,2330,70,F,ZP,RX,F
10:44:31,MYOR,RG,2330,4,F,ZP,DR,D
10:44:30,MYOR,RG,2330,15,D,KZ,DR,D
10:44:30,MYOR,RG,2330,123,F,AK,DR,D
10:43:46,MYOR,RG,2320,1,D,AK,RX,F
10:43:43,MYOR,RG,2330,2,D,XL,DR,D
10:43:20,MYOR,RG,2320,2,D,AK,PD,D
10:43:06,MYOR,RG,2320,1,D,AK,IF,D
10:43:06,MYOR,RG,2320,3,D,AK,RX,F
10:42:40,MYOR,RG,2330,16,D,KZ,DR,D
10:41:25,MYOR,RG,2320,3,D,AK,RX,F
10:41:01,MYOR,RG,2320,4,D,AK,AK,F
10:40:46,MYOR,RG,2320,2,D,AK,YP,D
10:40:46,MYOR,RG,2320,8,D,AK,YP,D
10:40:45,MYOR,RG,2320,5,D,AK,RX,F
10:40:32,MYOR,RG,2320,10,D,AK,YP,D
10:40:22,MYOR,RG,2320,5,D,AK,YP,D
10:40:22,MYOR,RG,2320,3,D,AK,YP,D
10:40:22,MYOR,RG,2320,2,D,AK,YP,D
10:40:17,MYOR,RG,2330,6,D,XL,DR,D
10:36:46,MYOR,RG,2320,1,D,AK,AK,F
10:34:52,MYOR,RG,2320,17,D,AK,RX,F
10:34:24,MYOR,RG,2320,1,D,AK,YP,D
10:34:22,MYOR,RG,2320,20,D,AK,AK,F
10:34:22,MYOR,RG,2320,3,D,AK,AK,F
10:34:22,MYOR,RG,2320,2,D,AK,AK,F
10:34:22,MYOR,RG,2320,6,D,AK,AK,F
10:34:22,MYOR,RG,2320,3,D,AK,AK,F
10:34:22,MYOR,RG,2320,6,D,AK,AK,F
10:34:22,MYOR,RG,2320,1,D,AK,AK,F
10:34:22,MYOR,RG,2320,2,D,AK,AK,F
10:34:22,MYOR,RG,2320,48,F,BK,AK,F
10:33:31,MYOR,RG,2320,3,F,BK,RX,F
10:33:05,MYOR,RG,2330,5,D,XC,DR,D
10:32:55,MYOR,RG,2330,10,D,XC,DR,D
10:31:44,MYOR,RG,2320,1,F,BK,KK,D
10:31:20,MYOR,RG,2320,19,F,BK,RX,F
10:31:00,MYOR,RG,2320,25,F,BK,AK,F
10:30:56,MYOR,RG,2330,71,F,KZ,DR,D
10:30:22,MYOR,RG,2320,2,F,BK,AK,F
10:27:37,MYOR,RG,2320,1,F,BK,AK,F
10:26:27,MYOR,RG,2320,67,F,BK,RX,F
10:26:27,MYOR,RG,2320,5,D,AK,RX,F
10:26:27,MYOR,RG,2320,5,D,AK,RX,F
10:26:27,MYOR,RG,2320,4,D,AK,RX,F
10:26:27,MYOR,RG,2320,4,D,AK,RX,F
10:26:27,MYOR,RG,2320,4,D,AK,RX,F
10:26:27,MYOR,RG,2320,4,D,AK,RX,F
10:25:53,MYOR,RG,2320,3,D,AK,DR,D
10:25:53,MYOR,RG,2320,2,D,AK,DR,D
10:25:53,MYOR,RG,2320,4,D,AK,DR,D
10:25:53,MYOR,RG,2320,4,D,AK,DR,D
10:25:53,MYOR,RG,2320,1,D,AK,DR,D
10:25:53,MYOR,RG,2320,2,D,AK,DR,D
10:25:53,MYOR,RG,2320,1,D,AK,DR,D
10:25:53,MYOR,RG,2320,2,D,AK,DR,D
10:25:53,MYOR,RG,2320,6,D,AK,DR,D
10:25:53,MYOR,RG,2320,6,D,AK,DR,D
10:25:53,MYOR,RG,2320,3,D,AK,DR,D
10:25:53,MYOR,RG,2320,3,D,AK,DR,D
10:25:53,MYOR,RG,2320,8,D,AK,DR,D
10:25:53,MYOR,RG,2320,7,D,AK,DR,D
10:25:53,MYOR,RG,2320,17,F,KZ,DR,D
10:25:53,MYOR,RG,2320,1,F,AK,DR,D
10:25:53,MYOR,RG,2320,1,D,AK,DR,D
10:25:53,MYOR,RG,2320,1,D,AK,DR,D
10:25:53,MYOR,RG,2320,1,D,PD,DR,D
10:25:53,MYOR,RG,2320,8,D,IF,DR,D
10:25:53,MYOR,RG,2320,1,D,AK,DR,D
10:25:53,MYOR,RG,2320,1,F,AK,DR,D
10:25:53,MYOR,RG,2320,38,F,BK,DR,D
10:25:53,MYOR,RG,2320,1,D,XC,DR,D
10:25:53,MYOR,RG,2320,1,F,ZP,DR,D
10:25:53,MYOR,RG,2320,1,D,XC,DR,D
10:25:53,MYOR,RG,2320,1,D,XL,DR,D
10:25:53,MYOR,RG,2320,1,D,AK,DR,D
10:25:53,MYOR,RG,2320,1,D,AK,DR,D
10:25:53,MYOR,RG,2320,1,D,AK,DR,D
10:25:53,MYOR,RG,2320,10,D,OD,DR,D
10:25:53,MYOR,RG,2320,5,D,XL,DR,D
10:25:53,MYOR,RG,2320,20,D,XL,DR,D
10:25:53,MYOR,RG,2320,10,D,XL,DR,D
10:25:53,MYOR,RG,2320,1,D,DH,DR,D
10:25:53,MYOR,RG,2320,6,D,AK,DR,D
10:25:53,MYOR,RG,2320,7,D,AK,DR,D
10:25:53,MYOR,RG,2320,5,D,AK,DR,D
10:25:53,MYOR,RG,2320,4,D,AK,DR,D
10:25:53,MYOR,RG,2320,3,D,AK,DR,D
10:25:53,MYOR,RG,2320,16,F,KZ,DR,D
10:25:53,MYOR,RG,2320,4,D,AK,DR,D
10:25:53,MYOR,RG,2320,2,D,AK,DR,D
10:25:53,MYOR,RG,2320,4,D,AK,DR,D
10:25:53,MYOR,RG,2320,41,F,KZ,DR,D
10:25:53,MYOR,RG,2320,1,D,AK,DR,D
10:25:53,MYOR,RG,2320,1,D,AK,DR,D
10:25:53,MYOR,RG,2320,5,D,YP,DR,D
10:25:53,MYOR,RG,2320,10,D,PD,DR,D
10:25:53,MYOR,RG,2320,6,D,AK,DR,D
10:25:53,MYOR,RG,2320,3,D,AK,DR,D
10:25:53,MYOR,RG,2320,7,D,AK,DR,D
10:25:53,MYOR,RG,2320,5,D,AK,DR,D
10:25:53,MYOR,RG,2320,1,D,AK,DR,D
10:25:53,MYOR,RG,2320,1,D,AK,DR,D
10:25:53,MYOR,RG,2320,4,D,AK,DR,D
10:25:53,MYOR,RG,2320,3,D,AK,DR,D
10:25:53,MYOR,RG,2320,1,D,AK,DR,D
10:25:53,MYOR,RG,2320,2,D,AK,DR,D
10:25:53,MYOR,RG,2320,3,D,AK,DR,D
10:25:53,MYOR,RG,2320,31,F,KZ,DR,D
10:25:53,MYOR,RG,2320,25,D,PD,DR,D
10:25:53,MYOR,RG,2320,25,D,PD,DR,D
10:25:53,MYOR,RG,2320,5,D,AK,DR,D
10:25:53,MYOR,RG,2320,11,D,AK,DR,D
10:25:53,MYOR,RG,2320,8,D,AK,DR,D
10:25:53,MYOR,RG,2320,12,D,AK,DR,D
10:25:53,MYOR,RG,2320,4,D,KK,DR,D
10:25:53,MYOR,RG,2320,21,F,BK,DR,D
10:25:53,MYOR,RG,2320,5,D,AK,DR,D
10:25:53,MYOR,RG,2320,19,D,AK,DR,D
10:25:53,MYOR,RG,2320,13,D,AK,DR,D
10:25:53,MYOR,RG,2320,2,D,AK,DR,D
10:25:51,MYOR,RG,2320,9,D,AK,AK,F
10:25:51,MYOR,RG,2320,23,D,AK,AK,F
10:25:51,MYOR,RG,2320,16,D,AK,AK,F
10:25:51,MYOR,RG,2320,1,D,AK,AK,F
10:25:37,MYOR,RG,2330,1,F,AK,DR,D
10:25:37,MYOR,RG,2330,7,F,KZ,DR,D
10:25:37,MYOR,RG,2330,14,F,ZP,DR,D
10:25:37,MYOR,RG,2330,1,F,KZ,DR,D
10:25:37,MYOR,RG,2330,1,F,AK,DR,D
10:25:37,MYOR,RG,2330,7,F,KZ,DR,D
10:25:37,MYOR,RG,2330,15,D,CC,DR,D
10:25:37,MYOR,RG,2330,1,D,PD,DR,D
10:25:37,MYOR,RG,2330,1,F,KZ,DR,D
10:25:37,MYOR,RG,2330,1,D,PD,DR,D
10:25:37,MYOR,RG,2330,1,F,ZP,DR,D
10:25:37,MYOR,RG,2330,10,F,KZ,DR,D
10:25:37,MYOR,RG,2330,20,D,DH,DR,D
10:25:37,MYOR,RG,2330,16,F,KZ,DR,D
10:25:37,MYOR,RG,2330,33,F,ZP,DR,D
10:25:37,MYOR,RG,2330,1,F,KZ,DR,D
10:25:37,MYOR,RG,2330,1,D,XL,DR,D
10:25:37,MYOR,RG,2330,1,F,KZ,DR,D
10:25:37,MYOR,RG,2330,5,F,CC,DR,D
10:25:37,MYOR,RG,2330,2,D,CC,DR,D
10:25:37,MYOR,RG,2330,9,F,BK,DR,D
10:25:01,MYOR,RG,2330,8,F,BK,XC,D
10:24:07,MYOR,RG,2330,1,D,XC,AK,F
10:23:49,MYOR,RG,2330,6,D,XC,YP,D
10:23:49,MYOR,RG,2330,1,D,XC,YP,D
10:23:49,MYOR,RG,2330,14,D,PD,YP,D
10:20:50,MYOR,RG,2330,1,D,PD,PD,D
10:20:30,MYOR,RG,2330,10,D,PD,AK,F
10:20:30,MYOR,RG,2330,3,F,ZP,AK,F
10:20:30,MYOR,RG,2330,11,F,KZ,AK,F
10:20:30,MYOR,RG,2330,1,D,XC,AK,F
10:20:30,MYOR,RG,2330,1,F,ZP,AK,F
10:20:30,MYOR,RG,2330,3,F,KZ,AK,F
10:20:30,MYOR,RG,2330,2,F,AK,AK,F
10:20:30,MYOR,RG,2330,1,F,KZ,AK,F
10:19:46,MYOR,RG,2330,1,F,KZ,AK,F
10:18:15,MYOR,RG,2330,7,F,KZ,AK,F
10:18:15,MYOR,RG,2330,17,F,ZP,AK,F
10:17:59,MYOR,RG,2330,1,F,ZP,XC,D
10:17:30,MYOR,RG,2330,1,F,ZP,AK,F
10:16:18,MYOR,RG,2330,18,F,ZP,DR,D
10:16:12,MYOR,RG,2340,1,F,ZP,DR,D
10:16:06,MYOR,RG,2330,4,F,KZ,DR,D
10:16:06,MYOR,RG,2330,3,F,KZ,DR,D
10:16:06,MYOR,RG,2330,5,D,OD,DR,D
10:16:06,MYOR,RG,2330,1,F,KZ,DR,D
10:15:26,MYOR,RG,2340,4,F,KZ,DR,D
10:14:22,MYOR,RG,2330,1,F,KZ,AK,F
10:14:22,MYOR,RG,2330,2,F,KZ,AK,F
10:14:22,MYOR,RG,2330,4,D,YP,AK,F
10:14:22,MYOR,RG,2330,1,F,KZ,AK,F
10:14:22,MYOR,RG,2330,5,D,SQ,AK,F
10:14:22,MYOR,RG,2330,1,D,DH,AK,F
10:14:22,MYOR,RG,2330,8,F,KZ,AK,F
10:14:22,MYOR,RG,2330,10,D,XL,AK,F
10:14:22,MYOR,RG,2330,1,D,YP,AK,F
10:14:07,MYOR,RG,2330,1,D,YP,AK,F
10:11:30,MYOR,RG,2330,3,D,YP,AK,F
10:11:30,MYOR,RG,2330,20,F,KZ,AK,F
10:11:00,MYOR,RG,2330,1,F,KZ,AK,F
10:10:22,MYOR,RG,2340,9,D,XC,DR,D
10:09:32,MYOR,RG,2340,1,F,AK,DR,D
10:09:32,MYOR,RG,2340,1,F,KZ,DR,D
10:09:32,MYOR,RG,2340,15,F,KZ,DR,D
10:09:32,MYOR,RG,2340,35,F,BK,DR,D
10:09:32,MYOR,RG,2340,2,F,KZ,DR,D
10:09:32,MYOR,RG,2340,1,F,KZ,DR,D
10:09:32,MYOR,RG,2340,5,D,OD,DR,D
10:09:32,MYOR,RG,2340,9,F,CC,DR,D
10:09:32,MYOR,RG,2340,2,F,KZ,DR,D
10:09:32,MYOR,RG,2340,3,D,XC,DR,D
10:09:32,MYOR,RG,2340,24,F,KZ,DR,D
10:09:32,MYOR,RG,2340,15,F,ZP,DR,D
10:09:32,MYOR,RG,2340,35,F,BK,DR,D
10:09:32,MYOR,RG,2340,29,F,KZ,DR,D
10:09:32,MYOR,RG,2340,1,F,KZ,DR,D
10:09:32,MYOR,RG,2340,1,F,AK,DR,D
10:09:32,MYOR,RG,2340,31,F,KZ,DR,D
10:09:32,MYOR,RG,2340,106,D,IF,DR,D
10:09:32,MYOR,RG,2340,11,F,ZP,DR,D
10:09:32,MYOR,RG,2340,1,D,YP,DR,D
10:09:32,MYOR,RG,2340,1,F,ZP,DR,D
10:09:32,MYOR,RG,2340,2,D,XC,DR,D
10:09:32,MYOR,RG,2340,1,F,AK,DR,D
10:09:32,MYOR,RG,2340,7,F,ZP,DR,D
10:09:32,MYOR,RG,2340,6,F,KZ,DR,D
10:09:32,MYOR,RG,2340,20,D,CC,DR,D
10:09:32,MYOR,RG,2340,40,F,BK,DR,D
10:09:32,MYOR,RG,2340,63,F,KZ,DR,D
10:08:07,MYOR,RG,2350,1,F,ZP,DR,D
10:08:00,MYOR,RG,2340,8,F,KZ,AK,F
10:08:00,MYOR,RG,2340,1,F,AK,AK,F
10:08:00,MYOR,RG,2340,17,F,BK,AK,F
10:07:56,MYOR,RG,2350,25,F,KZ,DR,D
10:07:01,MYOR,RG,2350,1,F,KZ,DR,D
10:06:16,MYOR,RG,2350,1,F,KZ,DR,D
10:05:58,MYOR,RG,2340,2,F,BK,NI,D
10:04:52,MYOR,RG,2350,2,D,OD,DR,D
10:03:59,MYOR,RG,2350,50,D,CC,DR,D
10:03:16,MYOR,RG,2350,1,F,KZ,DR,D
10:03:15,MYOR,RG,2350,2,D,XL,DR,D
10:01:15,MYOR,RG,2350,1,D,XC,DR,D
09:58:15,MYOR,RG,2350,1,F,ZP,DR,D
09:55:19,MYOR,RG,2340,1,F,BK,XC,D
09:55:11,MYOR,RG,2340,1,F,BK,XC,D
09:55:07,MYOR,RG,2340,1,F,BK,XC,D
09:55:03,MYOR,RG,2340,1,F,BK,XC,D
09:54:59,MYOR,RG,2340,1,F,BK,XC,D
09:54:55,MYOR,RG,2340,1,F,BK,XC,D
09:54:51,MYOR,RG,2340,1,F,BK,XC,D
09:54:46,MYOR,RG,2340,1,F,BK,XC,D
09:54:46,MYOR,RG,2340,1,F,BK,XC,D
09:54:41,MYOR,RG,2340,1,F,BK,XC,D
09:54:37,MYOR,RG,2340,1,F,BK,XC,D
09:54:34,MYOR,RG,2340,1,F,BK,XC,D
09:54:30,MYOR,RG,2340,1,F,BK,XC,D
09:54:26,MYOR,RG,2340,1,F,BK,XC,D
09:54:21,MYOR,RG,2340,1,F,BK,XC,D
09:54:17,MYOR,RG,2340,1,F,BK,XC,D
09:54:13,MYOR,RG,2340,1,F,BK,XC,D
09:54:09,MYOR,RG,2340,1,F,BK,XC,D
09:54:05,MYOR,RG,2340,1,F,BK,XC,D
09:54:02,MYOR,RG,2340,4,F,BK,AK,F
09:54:01,MYOR,RG,2340,1,F,BK,XC,D
09:53:57,MYOR,RG,2340,1,F,BK,XC,D
09:53:52,MYOR,RG,2340,1,F,BK,XC,D
09:53:48,MYOR,RG,2340,1,F,BK,XC,D
09:53:42,MYOR,RG,2340,1,F,BK,XC,D
09:53:38,MYOR,RG,2340,1,F,BK,XC,D
09:53:35,MYOR,RG,2340,1,F,BK,XC,D
09:53:32,MYOR,RG,2340,1,F,BK,XC,D
09:53:31,MYOR,RG,2350,9,F,KZ,DR,D
09:53:28,MYOR,RG,2340,1,F,BK,XC,D
09:53:16,MYOR,RG,2340,1,F,BK,XC,D
09:52:58,MYOR,RG,2340,3,F,BK,YP,D
09:52:52,MYOR,RG,2340,12,F,BK,IF,D
09:52:52,MYOR,RG,2340,1,F,ZP,IF,D
09:52:48,MYOR,RG,2340,1,F,ZP,XC,D
09:52:35,MYOR,RG,2340,8,F,ZP,KK,D
09:52:35,MYOR,RG,2340,2,F,KZ,KK,D
09:52:02,MYOR,RG,2350,17,F,BK,DR,D
09:50:31,MYOR,RG,2350,7,F,KZ,DR,D
09:50:27,MYOR,RG,2350,16,F,BK,DR,D
09:50:26,MYOR,RG,2350,4,F,KZ,DR,D
09:50:21,MYOR,RG,2350,14,F,KZ,DR,D
09:50:21,MYOR,RG,2350,85,F,KZ,DR,D
09:50:21,MYOR,RG,2350,10,F,KZ,YB,D
09:48:36,MYOR,RG,2340,4,F,KZ,AZ,D
09:48:35,MYOR,RG,2340,1,F,KZ,AZ,D
09:48:35,MYOR,RG,2340,1,F,KZ,AK,F
09:48:35,MYOR,RG,2340,1,F,KZ,AK,F
09:48:35,MYOR,RG,2340,6,F,KZ,AK,F
09:48:35,MYOR,RG,2340,18,F,BK,AK,F
09:48:08,MYOR,RG,2340,1,F,KZ,AK,F
09:48:08,MYOR,RG,2340,7,F,KZ,DR,D
09:48:08,MYOR,RG,2340,15,D,AZ,DR,D
09:46:26,MYOR,RG,2340,16,D,YP,DR,D
09:46:13,MYOR,RG,2340,77,F,KZ,DR,D
09:46:11,MYOR,RG,2330,3,F,KZ,RX,F
09:46:11,MYOR,RG,2330,1,F,KZ,RX,F
09:46:11,MYOR,RG,2330,4,F,KZ,RX,F
09:46:11,MYOR,RG,2330,4,F,KZ,NI,D
09:46:10,MYOR,RG,2320,25,F,KZ,AK,F
09:46:10,MYOR,RG,2320,1,F,AK,CC,D
09:46:10,MYOR,RG,2320,1,F,AK,AK,F
09:46:10,MYOR,RG,2320,63,F,AK,RX,F
09:46:10,MYOR,RG,2320,1,F,AK,AK,F
09:46:10,MYOR,RG,2320,1,F,AK,AK,F
09:46:10,MYOR,RG,2320,1,F,AK,AK,F
09:46:10,MYOR,RG,2320,43,F,AK,AK,F
09:46:10,MYOR,RG,2320,24,F,AK,AK,F
09:46:10,MYOR,RG,2320,23,F,AK,AK,F
09:46:10,MYOR,RG,2320,215,F,AK,RX,F
09:45:45,MYOR,RG,2310,22,F,KZ,AK,F
09:45:30,MYOR,RG,2310,1,F,KZ,AK,F
09:45:29,MYOR,RG,2310,6,F,KZ,RX,F
09:45:28,MYOR,RG,2310,35,F,KZ,XC,D
09:45:26,MYOR,RG,2310,59,F,KZ,RX,F
09:45:26,MYOR,RG,2310,129,F,BK,RX,F
09:45:26,MYOR,RG,2320,3,F,KZ,BK,F
09:45:26,MYOR,RG,2320,2,F,KZ,BK,F
09:45:26,MYOR,RG,2320,2,F,KZ,BK,F
09:45:25,MYOR,RG,2310,44,F,BK,PD,D
09:45:25,MYOR,RG,2310,104,F,BK,PD,D
09:45:25,MYOR,RG,2310,4,F,KZ,PD,D
09:45:25,MYOR,RG,2310,1,D,YP,PD,D
09:45:25,MYOR,RG,2310,1,D,XL,PD,D
09:45:25,MYOR,RG,2310,6,D,PD,PD,D
09:45:25,MYOR,RG,2310,1,D,DR,PD,D
09:45:18,MYOR,RG,2320,3,F,BK,BK,F
09:45:17,MYOR,RG,2320,5,D,XC,BK,F
09:45:15,MYOR,RG,2320,5,D,EP,BK,F
09:45:10,MYOR,RG,2320,35,F,BK,BK,F
09:45:10,MYOR,RG,2320,18,F,BK,RX,F
09:45:02,MYOR,RG,2320,4,F,BK,RX,F
09:44:29,MYOR,RG,2320,1,D,XC,RX,F
09:44:18,MYOR,RG,2320,1,F,KZ,BK,F
09:44:18,MYOR,RG,2320,1,D,XC,BK,F
09:44:18,MYOR,RG,2320,29,F,KZ,BK,F
09:44:18,MYOR,RG,2320,32,D,PD,BK,F
09:44:18,MYOR,RG,2320,30,D,CC,BK,F
09:44:13,MYOR,RG,2330,16,F,KZ,BK,F
09:44:13,MYOR,RG,2330,10,F,BK,BK,F
09:44:12,MYOR,RG,2330,20,F,BK,DR,D
09:44:12,MYOR,RG,2330,125,F,KZ,DR,D
09:44:12,MYOR,RG,2330,2,F,ZP,DR,D
09:44:12,MYOR,RG,2330,7,D,XL,DR,D
09:44:12,MYOR,RG,2330,10,D,XC,DR,D
09:44:12,MYOR,RG,2330,5,D,NI,DR,D
09:44:12,MYOR,RG,2330,25,D,PD,DR,D
09:44:12,MYOR,RG,2330,1,D,XC,DR,D
09:44:12,MYOR,RG,2330,10,D,KK,DR,D
09:44:12,MYOR,RG,2330,36,D,PD,DR,D
09:44:12,MYOR,RG,2330,1,D,DH,DR,D
09:44:12,MYOR,RG,2330,5,D,XC,DR,D
09:44:12,MYOR,RG,2330,20,D,XL,DR,D
09:44:12,MYOR,RG,2330,25,D,YP,DR,D
09:44:12,MYOR,RG,2330,20,D,CC,DR,D
09:44:12,MYOR,RG,2330,5,D,YP,DR,D
09:44:12,MYOR,RG,2330,30,D,NI,DR,D
09:44:12,MYOR,RG,2330,3,D,PD,DR,D
09:44:12,MYOR,RG,2330,2,D,PD,DR,D
09:44:12,MYOR,RG,2330,40,D,BQ,DR,D
09:44:12,MYOR,RG,2330,8,D,AZ,DR,D
09:44:08,MYOR,RG,2340,1,F,AK,DR,D
09:44:08,MYOR,RG,2340,43,F,KZ,DR,D
09:44:08,MYOR,RG,2340,23,F,KZ,DR,D
09:44:08,MYOR,RG,2340,18,F,BK,DR,D
09:44:07,MYOR,RG,2340,8,F,BK,RX,F
09:44:07,MYOR,RG,2340,32,F,BK,BK,F
09:44:04,MYOR,RG,2340,32,F,BK,RX,F
09:44:04,MYOR,RG,2340,2,F,ZP,RX,F
09:44:04,MYOR,RG,2340,11,F,ZP,AK,F
09:44:04,MYOR,RG,2340,1,F,KZ,AK,F
09:44:04,MYOR,RG,2340,2,D,LG,AK,F
09:44:04,MYOR,RG,2340,3,D,KK,AK,F
09:44:04,MYOR,RG,2340,5,D,KK,AK,F
09:44:04,MYOR,RG,2340,13,D,YP,AK,F
09:44:02,MYOR,RG,2340,2,D,YP,BK,F
09:44:02,MYOR,RG,2340,25,D,PD,BK,F
09:44:02,MYOR,RG,2340,5,D,OD,BK,F
09:44:02,MYOR,RG,2340,1,D,DH,BK,F
09:44:02,MYOR,RG,2340,7,F,KZ,BK,F
09:44:02,MYOR,RG,2340,1,F,KZ,BK,F
09:44:02,MYOR,RG,2340,2,F,KZ,BK,F
09:44:02,MYOR,RG,2340,5,D,CC,BK,F
09:44:02,MYOR,RG,2340,21,F,KZ,BK,F
09:44:02,MYOR,RG,2340,8,F,KZ,BK,F
09:44:02,MYOR,RG,2340,2,D,YP,BK,F
09:43:57,MYOR,RG,2350,1,F,CC,AK,F
09:43:57,MYOR,RG,2350,17,F,ZP,AK,F
09:43:57,MYOR,RG,2350,1,D,XC,AK,F
09:43:57,MYOR,RG,2350,30,D,YP,AK,F
09:43:57,MYOR,RG,2350,8,F,KZ,AK,F
09:43:57,MYOR,RG,2350,20,D,IF,AK,F
09:43:57,MYOR,RG,2350,1,D,XL,AK,F
09:43:57,MYOR,RG,2350,1,D,AZ,AK,F
09:43:57,MYOR,RG,2350,1,D,DH,AK,F
09:43:57,MYOR,RG,2350,17,F,KZ,AK,F
09:43:57,MYOR,RG,2350,37,F,BK,AK,F
09:43:57,MYOR,RG,2350,6,F,KZ,AK,F
09:43:57,MYOR,RG,2350,12,D,YP,AK,F
09:43:57,MYOR,RG,2350,4,F,KZ,AK,F
09:43:57,MYOR,RG,2350,10,D,OD,AK,F
09:43:57,MYOR,RG,2350,7,F,KZ,AK,F
09:43:57,MYOR,RG,2350,3,F,KZ,DR,D
09:43:57,MYOR,RG,2350,20,D,YP,DR,D
09:43:57,MYOR,RG,2350,14,F,KZ,DR,D
09:43:57,MYOR,RG,2350,25,D,PD,DR,D
09:43:57,MYOR,RG,2350,3,D,KK,DR,D
09:43:57,MYOR,RG,2350,4,F,KZ,DR,D
09:43:57,MYOR,RG,2350,5,D,OD,DR,D
09:43:57,MYOR,RG,2350,2,D,CC,DR,D
09:43:57,MYOR,RG,2350,1,D,XC,DR,D
09:43:57,MYOR,RG,2350,1,F,KZ,DR,D
09:43:57,MYOR,RG,2350,17,F,KZ,DR,D
09:43:57,MYOR,RG,2350,36,F,BK,DR,D
09:43:57,MYOR,RG,2350,97,F,KZ,DR,D
09:43:57,MYOR,RG,2350,2,F,ZP,DR,D
09:43:57,MYOR,RG,2350,185,D,CC,DR,D
09:43:24,MYOR,RG,2360,1,F,ZP,AK,F
09:43:24,MYOR,RG,2360,19,F,KZ,AK,F
09:43:24,MYOR,RG,2360,1,F,CC,AK,F
09:43:24,MYOR,RG,2360,2,F,KZ,AK,F
09:43:24,MYOR,RG,2360,2,F,KZ,AK,F
09:43:24,MYOR,RG,2360,1,D,XC,AK,F
09:43:24,MYOR,RG,2360,1,F,KZ,AK,F
09:43:24,MYOR,RG,2360,1,F,KZ,AK,F
09:43:24,MYOR,RG,2360,5,D,LG,AK,F
09:43:24,MYOR,RG,2360,2,D,CC,AK,F
09:43:24,MYOR,RG,2360,9,D,SQ,AK,F
09:43:24,MYOR,RG,2360,5,F,KZ,AK,F
09:43:24,MYOR,RG,2360,36,F,BK,AK,F
09:43:24,MYOR,RG,2360,14,F,ZP,AK,F
09:43:24,MYOR,RG,2360,1,F,AK,AK,F
09:43:24,MYOR,RG,2360,25,D,NI,AK,F
09:43:24,MYOR,RG,2360,1,F,AK,AK,F
09:43:24,MYOR,RG,2360,29,F,KZ,AK,F
09:43:24,MYOR,RG,2360,4,F,KZ,BK,F
09:43:24,MYOR,RG,2360,8,F,KZ,BK,F
09:43:24,MYOR,RG,2360,38,F,KZ,BK,F
09:43:24,MYOR,RG,2360,6,F,KZ,RX,F
09:43:24,MYOR,RG,2360,10,F,ZP,RX,F
09:43:24,MYOR,RG,2360,1,F,ZP,AK,F
09:43:24,MYOR,RG,2360,11,F,ZP,AK,F
09:43:22,MYOR,RG,2360,50,F,ZP,BK,F
09:43:21,MYOR,RG,2360,1,F,ZP,NI,D
09:43:17,MYOR,RG,2360,15,F,ZP,RX,F
09:43:17,MYOR,RG,2360,8,F,KZ,RX,F
09:43:14,MYOR,RG,2360,14,F,KZ,KK,D
09:43:14,MYOR,RG,2360,1,D,XC,KK,D
09:43:14,MYOR,RG,2360,1,D,OD,KK,D
09:43:14,MYOR,RG,2360,1,F,ZP,KK,D
09:43:14,MYOR,RG,2360,1,D,XL,KK,D
09:43:14,MYOR,RG,2360,53,F,BK,KK,D
09:43:14,MYOR,RG,2360,1,F,AK,KK,D
09:43:14,MYOR,RG,2360,2,D,YP,KK,D
09:43:14,MYOR,RG,2360,1,D,DH,KK,D
09:43:14,MYOR,RG,2360,2,D,NI,KK,D
09:43:14,MYOR,RG,2360,15,F,KZ,KK,D
09:43:11,MYOR,RG,2370,1,F,KZ,CC,D
09:43:04,MYOR,RG,2360,2,F,KZ,RX,F
09:43:04,MYOR,RG,2360,15,F,BK,RX,F
09:43:00,MYOR,RG,2360,22,F,BK,AK,F
09:43:00,MYOR,RG,2360,1,F,AK,AK,F
09:43:00,MYOR,RG,2360,1,D,XC,AK,F
09:42:50,MYOR,RG,2360,2,D,XC,AK,F
09:42:36,MYOR,RG,2370,1,F,KZ,CC,D
09:42:30,MYOR,RG,2360,1,D,XC,AK,F
09:42:00,MYOR,RG,2370,1,F,AK,CC,D
09:40:09,MYOR,RG,2370,1,D,SQ,CC,D
09:40:09,MYOR,RG,2370,1,D,SQ,TP,D
09:40:00,MYOR,RG,2360,1,D,PD,AK,F
09:39:57,MYOR,RG,2370,4,D,XL,XC,D
09:39:57,MYOR,RG,2370,3,D,XL,AK,F
09:38:45,MYOR,RG,2370,1,D,PD,AK,F
09:38:30,MYOR,RG,2370,1,F,AK,AK,F
09:38:09,MYOR,RG,2370,3,D,CC,AK,F
09:37:34,MYOR,RG,2370,17,F,BK,AK,F
09:37:33,MYOR,RG,2360,10,D,PD,DR,D
09:37:30,MYOR,RG,2360,14,D,PD,AK,F
09:37:30,MYOR,RG,2360,3,D,KK,AK,F
09:37:30,MYOR,RG,2360,1,F,KZ,AK,F
09:37:30,MYOR,RG,2360,7,D,CC,AK,F
09:36:45,MYOR,RG,2360,1,D,CC,AK,F
09:35:45,MYOR,RG,2370,1,D,NI,AK,F
09:35:45,MYOR,RG,2370,2,D,NI,RX,F
09:35:01,MYOR,RG,2370,1,F,KZ,RX,F
09:34:56,MYOR,RG,2370,1,F,KZ,RX,F
09:34:31,MYOR,RG,2370,7,F,KZ,RX,F
09:34:21,MYOR,RG,2370,7,F,KZ,RX,F
09:34:00,MYOR,RG,2360,22,D,CC,AK,F
09:34:00,MYOR,RG,2360,1,F,KZ,AK,F
09:34:00,MYOR,RG,2360,1,F,KZ,AK,F
09:34:00,MYOR,RG,2360,2,F,ZP,AK,F
09:32:06,MYOR,RG,2370,13,F,BK,RX,F
09:32:06,MYOR,RG,2370,3,F,BK,LG,D
09:32:01,MYOR,RG,2360,25,F,KZ,ZP,D
09:31:56,MYOR,RG,2360,5,F,KZ,RX,F
09:31:56,MYOR,RG,2360,1,F,KZ,RX,F
09:31:56,MYOR,RG,2360,3,F,ZP,RX,F
09:31:56,MYOR,RG,2360,7,F,KZ,RX,F
09:31:56,MYOR,RG,2360,5,F,KZ,XL,D
09:31:44,MYOR,RG,2360,1,F,KZ,AK,F
09:31:44,MYOR,RG,2360,3,D,XC,AK,F
09:31:40,MYOR,RG,2360,25,D,XC,NI,D
09:31:03,MYOR,RG,2360,1,F,KZ,DR,D
09:31:03,MYOR,RG,2360,2,D,XL,DR,D
09:31:03,MYOR,RG,2360,1,F,KZ,DR,D
09:31:03,MYOR,RG,2360,1,F,AK,DR,D
09:31:03,MYOR,RG,2360,5,F,KZ,DR,D
09:30:27,MYOR,RG,2360,5,F,KZ,AK,F
09:29:54,MYOR,RG,2370,15,F,BK,LG,D
09:29:53,MYOR,RG,2370,15,D,XC,LG,D
09:29:29,MYOR,RG,2370,1,F,ZP,LG,D
09:29:21,MYOR,RG,2370,11,F,KZ,LG,D
09:29:17,MYOR,RG,2370,25,D,ZP,LG,D
09:28:45,MYOR,RG,2370,1,F,AK,LG,D
09:28:07,MYOR,RG,2370,10,D,IF,LG,D
09:27:48,MYOR,RG,2360,8,F,KZ,XL,D
09:27:48,MYOR,RG,2360,3,F,BK,XL,D
09:25:00,MYOR,RG,2370,1,F,AK,LG,D
09:22:45,MYOR,RG,2370,1,F,ZP,LG,D
09:22:26,MYOR,RG,2370,1,F,KZ,LG,D
09:22:21,MYOR,RG,2370,9,F,KZ,LG,D
09:22:16,MYOR,RG,2370,7,F,KZ,LG,D
09:21:51,MYOR,RG,2370,1,F,KZ,LG,D
09:19:57,MYOR,RG,2370,2,F,KZ,LG,D
09:19:56,MYOR,RG,2370,5,D,ZP,LG,D
09:19:20,MYOR,RG,2370,1,F,ZP,LG,D
09:19:16,MYOR,RG,2370,14,F,BK,LG,D
09:19:16,MYOR,RG,2370,1,F,BK,AK,F
09:19:13,MYOR,RG,2370,1,F,BK,PD,D
09:19:13,MYOR,RG,2370,2,F,BK,PD,D
09:19:13,MYOR,RG,2370,1,F,BK,CC,D
09:19:13,MYOR,RG,2370,13,F,BK,AK,F
09:19:13,MYOR,RG,2370,11,F,KZ,AK,F
09:19:13,MYOR,RG,2370,6,F,KZ,YP,D
09:19:13,MYOR,RG,2370,1,F,KZ,AZ,D
09:19:13,MYOR,RG,2370,25,F,KZ,AT,D
09:19:13,MYOR,RG,2370,1,F,KZ,AK,F
09:19:13,MYOR,RG,2370,10,F,KZ,YP,D
09:19:13,MYOR,RG,2370,19,F,KZ,KK,D
09:19:11,MYOR,RG,2370,6,F,KZ,KK,D
09:19:11,MYOR,RG,2370,2,F,KZ,LG,D
09:19:11,MYOR,RG,2370,5,F,KZ,NI,D
09:19:10,MYOR,RG,2370,16,F,KZ,NI,D
09:19:10,MYOR,RG,2370,33,D,RF,NI,D
09:19:10,MYOR,RG,2370,2,D,RF,YP,D
09:19:10,MYOR,RG,2370,4,D,RF,NI,D
09:19:10,MYOR,RG,2370,26,D,RF,AK,F
09:19:10,MYOR,RG,2370,25,D,RF,KK,D
09:19:10,MYOR,RG,2370,1,D,RF,AK,F
09:19:10,MYOR,RG,2370,25,D,RF,XC,D
09:19:10,MYOR,RG,2370,1,D,RF,XL,D
09:19:10,MYOR,RG,2370,32,D,RF,PD,D
09:19:10,MYOR,RG,2370,32,D,RF,RX,F
09:18:46,MYOR,RG,2370,4,F,KZ,RX,F
09:18:11,MYOR,RG,2360,25,F,BK,PD,D
09:16:08,MYOR,RG,2360,1,F,BK,PC,D
09:15:26,MYOR,RG,2370,1,F,KZ,RX,F
09:15:26,MYOR,RG,2370,1,F,KZ,RX,F
09:15:21,MYOR,RG,2370,1,F,KZ,RX,F
09:15:20,MYOR,RG,2370,1,D,OD,RX,F
09:15:20,MYOR,RG,2370,1,D,OD,YP,D
09:15:06,MYOR,RG,2370,2,F,KZ,YP,D
09:15:06,MYOR,RG,2370,1,F,KZ,YP,D
09:14:56,MYOR,RG,2370,2,F,KZ,YP,D
09:13:41,MYOR,RG,2370,3,D,OD,YP,D
09:13:03,MYOR,RG,2360,1,F,BK,AZ,D
09:12:16,MYOR,RG,2370,2,F,KZ,YP,D
09:11:50,MYOR,RG,2370,5,F,KZ,YP,D
09:11:50,MYOR,RG,2370,10,D,YP,YP,D
09:10:21,MYOR,RG,2370,5,D,YP,YP,D
09:10:21,MYOR,RG,2370,1,F,ZP,YP,D
09:10:16,MYOR,RG,2370,1,F,KZ,YP,D
09:10:16,MYOR,RG,2370,7,F,KZ,YP,D
09:10:16,MYOR,RG,2370,1,F,KZ,YP,D
09:10:16,MYOR,RG,2370,1,F,KZ,YP,D
09:10:14,MYOR,RG,2370,5,D,PD,YP,D
09:10:05,MYOR,RG,2370,3,D,YP,YP,D
09:10:05,MYOR,RG,2370,1,D,YP,YP,D
09:09:55,MYOR,RG,2370,15,F,BK,YP,D
09:09:52,MYOR,RG,2370,15,F,KZ,YP,D
09:09:52,MYOR,RG,2370,30,D,SQ,YP,D
09:09:46,MYOR,RG,2370,2,F,KZ,YP,D
09:09:26,MYOR,RG,2370,1,F,KZ,YP,D
09:09:11,MYOR,RG,2370,2,F,KZ,OD,D
09:09:11,MYOR,RG,2360,1,F,BK,CC,D
09:08:41,MYOR,RG,2370,5,F,KZ,OD,D
09:08:33,MYOR,RG,2360,5,F,BK,PD,D
09:08:24,MYOR,RG,2370,3,D,XC,OD,D
09:08:24,MYOR,RG,2370,12,D,XC,RX,F
09:08:21,MYOR,RG,2370,7,F,KZ,RX,F
09:07:55,MYOR,RG,2370,28,F,KZ,RX,F
09:07:52,MYOR,RG,2370,2,F,KZ,RX,F
09:07:52,MYOR,RG,2370,55,D,YP,RX,F
09:07:52,MYOR,RG,2370,5,D,YP,AK,F
09:06:28,MYOR,RG,2370,15,D,OD,AK,F
09:05:53,MYOR,RG,2370,10,F,KZ,AK,F
09:05:53,MYOR,RG,2370,20,D,CC,AK,F
09:05:03,MYOR,RG,2370,41,F,KZ,BK,F
09:05:01,MYOR,RG,2370,6,F,KZ,BK,F
09:05:01,MYOR,RG,2370,18,D,KK,BK,F
09:05:01,MYOR,RG,2370,4,D,KK,AK,F
09:05:01,MYOR,RG,2370,37,D,KK,RX,F
09:05:01,MYOR,RG,2370,23,D,KK,AK,F
09:05:01,MYOR,RG,2370,1,D,KK,PD,D
09:05:01,MYOR,RG,2370,9,D,KK,LG,D
09:04:51,MYOR,RG,2360,2,D,OD,SQ,D
09:04:44,MYOR,RG,2370,1,D,NI,LG,D
09:04:44,MYOR,RG,2370,2,D,NI,ZP,D
09:04:23,MYOR,RG,2370,2,D,OD,ZP,D
09:04:13,MYOR,RG,2370,1,D,XL,ZP,D
09:04:06,MYOR,RG,2360,3,F,KZ,AK,F
09:04:06,MYOR,RG,2360,2,F,ZP,AK,F
09:04:06,MYOR,RG,2360,1,F,KZ,AK,F
09:04:06,MYOR,RG,2370,6,F,ZP,ZP,D
09:04:06,MYOR,RG,2360,1,F,ZP,NI,D
09:03:40,MYOR,RG,2370,2,D,CC,ZP,D
09:03:32,MYOR,RG,2350,6,D,CC,RX,F
09:03:31,MYOR,RG,2350,1,D,CC,XC,D
09:03:19,MYOR,RG,2360,1,D,XC,RX,F
09:02:34,MYOR,RG,2370,3,F,KZ,ZP,D
09:02:34,MYOR,RG,2360,21,F,KZ,RX,F
09:02:32,MYOR,RG,2360,50,D,YP,AK,F
09:02:32,MYOR,RG,2360,6,F,KZ,AK,F
09:02:32,MYOR,RG,2360,3,D,CC,AK,F
09:02:32,MYOR,RG,2360,11,D,YP,AK,F
09:02:32,MYOR,RG,2360,3,F,ZP,AK,F
09:02:32,MYOR,RG,2360,12,F,KZ,AK,F
09:02:32,MYOR,RG,2360,7,F,BK,AK,F
09:02:26,MYOR,RG,2370,4,F,KZ,ZP,D
09:02:21,MYOR,RG,2360,11,F,BK,XL,D
09:01:56,MYOR,RG,2370,5,F,KZ,ZP,D
09:01:53,MYOR,RG,2360,2,F,BK,RX,F
09:01:53,MYOR,RG,2360,6,D,YP,RX,F
09:01:52,MYOR,RG,2370,10,D,CC,ZP,D
09:01:39,MYOR,RG,2370,1,D,XC,ZP,D
09:01:23,MYOR,RG,2370,30,F,KZ,ZP,D
09:01:21,MYOR,RG,2370,16,F,BK,ZP,D
09:01:21,MYOR,RG,2360,1,D,YP,PD,D
09:01:21,MYOR,RG,2370,17,F,KZ,ZP,D
09:01:20,MYOR,RG,2360,1,D,YP,AK,F
09:01:20,MYOR,RG,2360,5,D,YP,AK,F
09:01:20,MYOR,RG,2360,5,D,YP,AK,F
09:01:20,MYOR,RG,2360,3,D,YP,AK,F
09:01:20,MYOR,RG,2360,1,D,YP,XC,D
09:01:20,MYOR,RG,2360,1,D,YP,AK,F
09:01:20,MYOR,RG,2360,14,D,YP,BK,F
09:01:20,MYOR,RG,2360,10,D,YP,AK,F
09:01:20,MYOR,RG,2360,3,D,YP,AK,F
09:01:18,MYOR,RG,2360,12,F,ZP,AK,F
09:01:18,MYOR,RG,2360,1,F,KZ,AK,F
09:01:18,MYOR,RG,2360,23,D,OD,RX,F
09:01:18,MYOR,RG,2360,2,D,OD,AK,F
09:00:45,MYOR,RG,2360,10,F,KZ,YP,D
09:00:45,MYOR,RG,2360,20,D,PD,YP,D
09:00:15,MYOR,RG,2360,1,F,KZ,YP,D
09:00:15,MYOR,RG,2360,3,F,AK,YP,D
09:00:11,MYOR,RG,2370,1,F,KZ,ZP,D
09:00:11,MYOR,RG,2360,1,F,KZ,RX,F
09:00:09,MYOR,RG,2360,2,F,KZ,XL,D
09:00:08,MYOR,RG,2360,6,F,KZ,RX,F
09:00:07,MYOR,RG,2360,1,F,KZ,PD,D
09:00:07,MYOR,RG,2340,2,F,BK,LG,D
09:00:06,MYOR,RG,2340,1,F,BK,AK,F
09:00:06,MYOR,RG,2340,1,F,BK,AK,F
09:00:06,MYOR,RG,2340,1,F,BK,XC,D
09:00:06,MYOR,RG,2340,1,F,BK,XC,D
09:00:06,MYOR,RG,2340,1,D,LG,XC,D
09:00:05,MYOR,RG,2340,1,D,LG,XC,D
09:00:05,MYOR,RG,2350,1,F,KZ,PD,D
09:00:05,MYOR,RG,2330,1,D,AZ,XL,D
09:00:04,MYOR,RG,2330,1,D,AZ,DR,D
09:00:04,MYOR,RG,2330,3,D,XC,DR,D
09:00:04,MYOR,RG,2330,1,D,KK,DR,D
09:00:04,MYOR,RG,2330,2,D,XC,DR,D
09:00:04,MYOR,RG,2330,3,D,CP,DR,D
09:00:04,MYOR,RG,2340,1,D,PD,XL,D
09:00:03,MYOR,RG,2340,1,D,XC,PD,D
09:00:03,MYOR,RG,2340,1,D,XC,PD,D
09:00:03,MYOR,RG,2340,1,D,XC,PD,D
09:00:03,MYOR,RG,2350,1,D,KK,PD,D
09:00:02,MYOR,RG,2350,1,D,KK,CC,D
