Time,Stock,Brd,Price,Qty,BT,BC,SC,ST
15:14:02,MYOR,RG,1895,5,D,NI,AK,F
15:13:22,MYOR,RG,1895,16,D,XL,AK,F
15:10:43,MYOR,RG,1895,25,D,YP,AK,F
15:09:22,MYOR,RG,1895,10,D,NI,AK,F
15:07:25,MYOR,RG,1895,14,D,CC,AK,F
15:06:24,MYOR,RG,1895,5,D,DR,AK,F
15:06:10,MYOR,RG,1895,3,D,LG,AK,F
15:04:54,MYOR,RG,1895,6,D,XC,AK,F
15:03:15,MYOR,RG,1895,3,D,XC,AK,F
15:03:01,MYOR,RG,1895,3,D,AZ,AK,F
15:02:40,MYOR,RG,1895,4,D,YP,AK,F
15:02:02,MYOR,RG,1895,1,D,XC,AK,F
15:01:54,MYOR,RG,1895,100,D,YP,AK,F
15:01:38,MYOR,RG,1895,20,D,NI,AK,F
15:00:00,MYOR,RG,1895,3,D,GR,AK,F
15:00:00,MYOR,RG,1895,26,D,AZ,AK,F
15:00:00,MYOR,RG,1895,5,D,YP,AK,F
15:00:00,MYOR,RG,1895,46,D,BQ,AK,F
15:00:00,MYOR,RG,1895,226,D,BQ,AK,F
15:00:00,MYOR,RG,1895,20,D,BQ,LG,D
15:00:00,MYOR,RG,1895,80,D,BQ,YP,D
15:00:00,MYOR,RG,1895,2,D,BQ,XL,D
15:00:00,MYOR,RG,1895,3,D,BQ,XL,D
15:00:00,MYOR,RG,1895,209,D,BQ,FS,D
15:00:00,MYOR,RG,1895,1,D,BQ,FS,D
15:00:00,MYOR,RG,1895,90,D,BQ,FS,D
15:00:00,MYOR,RG,1895,60,D,BQ,CC,D
15:00:00,MYOR,RG,1895,10,D,GR,CC,D
15:00:00,MYOR,RG,1895,13,D,EP,CC,D
15:00:00,MYOR,RG,1895,200,D,DR,CC,D
15:00:00,MYOR,RG,1895,20,D,YB,CC,D
15:00:00,MYOR,RG,1895,20,D,PD,CC,D
15:00:00,MYOR,RG,1895,377,F,KZ,CC,D
15:00:00,MYOR,RG,1895,1,F,KZ,YP,D
15:00:00,MYOR,RG,1895,3,F,KZ,PD,D
15:00:00,MYOR,RG,1895,4,F,KZ,KZ,F
15:00:00,MYOR,RG,1895,1,F,KZ,KZ,F
15:00:00,MYOR,RG,1895,6,F,KZ,KZ,F
15:00:00,MYOR,RG,1895,1,F,KZ,KZ,F
15:00:00,MYOR,RG,1895,11,F,KZ,KZ,F
15:00:00,MYOR,RG,1895,124,F,KZ,KZ,F
15:00:00,MYOR,RG,1895,35,F,KZ,KZ,F
15:00:00,MYOR,RG,1895,2,F,KZ,KZ,F
15:00:00,MYOR,RG,1895,8,F,KZ,KZ,F
15:00:00,MYOR,RG,1895,15,F,KZ,KZ,F
15:00:00,MYOR,RG,1895,1,F,KZ,KZ,F
15:00:00,MYOR,RG,1895,6,F,KZ,KZ,F
15:00:00,MYOR,RG,1895,24,F,KZ,KZ,F
15:00:00,MYOR,RG,1895,7,F,KZ,KZ,F
15:00:00,MYOR,RG,1895,1,F,KZ,KZ,F
15:00:00,MYOR,RG,1895,185,F,KZ,KZ,F
14:49:31,MYOR,RG,1895,30,F,KZ,AK,F
14:49:29,MYOR,RG,1890,250,D,ZP,KZ,F
14:49:29,MYOR,RG,1890,82,D,XC,KZ,F
14:49:29,MYOR,RG,1890,3,D,CC,KZ,F
14:49:29,MYOR,RG,1890,10,D,CC,KZ,F
14:49:29,MYOR,RG,1890,6,D,XL,KZ,F
14:49:29,MYOR,RG,1890,15,D,BQ,KZ,F
14:49:29,MYOR,RG,1890,199,D,BQ,SQ,D
14:49:14,MYOR,RG,1895,2,F,KZ,AK,F
14:49:14,MYOR,RG,1895,3,D,YP,AK,F
14:49:12,MYOR,RG,1895,11,F,KZ,AK,F
14:49:12,MYOR,RG,1895,30,D,DR,AK,F
14:49:12,MYOR,RG,1895,218,D,DR,AK,F
14:49:07,MYOR,RG,1895,1,D,XC,AK,F
14:49:01,MYOR,RG,1895,48,F,KZ,AK,F
14:48:59,MYOR,RG,1895,1,F,KZ,AK,F
14:48:59,MYOR,RG,1895,732,D,DR,AK,F
14:48:59,MYOR,RG,1895,33,D,DR,AK,F
14:48:59,MYOR,RG,1895,31,D,DR,KZ,F
14:48:59,MYOR,RG,1895,100,D,DR,PD,D
14:48:59,MYOR,RG,1895,17,D,DR,KZ,F
14:48:59,MYOR,RG,1895,10,D,DR,AK,F
14:48:07,MYOR,RG,1895,1,F,KZ,AK,F
14:48:07,MYOR,RG,1890,3,D,BQ,KZ,F
14:48:05,MYOR,RG,1890,10,D,BQ,KZ,F
14:48:05,MYOR,RG,1890,11,D,BQ,KZ,F
14:48:05,MYOR,RG,1890,3,D,BQ,KZ,F
14:48:01,MYOR,RG,1895,13,F,KZ,AK,F
14:47:59,MYOR,RG,1890,4,D,BQ,KZ,F
14:47:54,MYOR,RG,1890,6,D,BQ,KZ,F
14:47:49,MYOR,RG,1890,5,D,BQ,KZ,F
14:47:45,MYOR,RG,1890,17,D,BQ,CS,D
14:47:44,MYOR,RG,1890,3,D,BQ,KZ,F
14:47:44,MYOR,RG,1890,31,D,BQ,KZ,F
14:47:39,MYOR,RG,1890,6,D,BQ,KZ,F
14:47:39,MYOR,RG,1890,7,D,BQ,KZ,F
14:47:35,MYOR,RG,1890,3,D,BQ,CS,D
14:47:34,MYOR,RG,1890,1,D,BQ,CS,D
14:47:34,MYOR,RG,1890,16,D,BQ,CS,D
14:47:34,MYOR,RG,1890,14,D,BQ,CS,D
14:47:24,MYOR,RG,1890,35,D,BQ,CS,D
14:47:14,MYOR,RG,1890,32,D,BQ,CS,D
14:47:04,MYOR,RG,1890,8,D,BQ,CS,D
14:47:01,MYOR,RG,1890,21,D,BQ,CS,D
14:46:52,MYOR,RG,1890,23,D,BQ,CS,D
14:46:41,MYOR,RG,1890,10,D,BQ,CS,D
14:46:39,MYOR,RG,1895,1,F,KZ,AK,F
14:46:37,MYOR,RG,1890,17,D,BQ,CS,D
14:46:33,MYOR,RG,1895,1,F,KZ,AK,F
14:46:29,MYOR,RG,1890,16,D,BQ,CS,D
14:46:24,MYOR,RG,1895,8,F,KZ,AK,F
14:46:21,MYOR,RG,1890,1,D,BQ,CS,D
14:46:21,MYOR,RG,1895,2,F,KZ,AK,F
14:46:21,MYOR,RG,1895,6,F,AK,AK,F
14:46:21,MYOR,RG,1895,26,D,IF,AK,F
14:46:21,MYOR,RG,1895,2,F,KZ,AK,F
14:46:21,MYOR,RG,1895,2,F,KZ,AK,F
14:46:21,MYOR,RG,1895,167,D,IF,AK,F
14:46:21,MYOR,RG,1895,14,F,KZ,AK,F
14:46:21,MYOR,RG,1895,1,F,KZ,AK,F
14:46:21,MYOR,RG,1895,1,F,KZ,CS,D
14:46:21,MYOR,RG,1895,6,F,KZ,CS,D
14:46:21,MYOR,RG,1895,15,D,BQ,CS,D
14:46:12,MYOR,RG,1895,4,D,BQ,AK,F
14:46:11,MYOR,RG,1895,22,D,BQ,CS,D
14:46:01,MYOR,RG,1895,3,D,BQ,AK,F
14:46:01,MYOR,RG,1895,1,D,BQ,CS,D
14:46:01,MYOR,RG,1895,21,D,BQ,CS,D
14:45:51,MYOR,RG,1895,3,D,BQ,AK,F
14:45:51,MYOR,RG,1895,23,D,BQ,CS,D
14:45:41,MYOR,RG,1895,4,D,BQ,AK,F
14:45:40,MYOR,RG,1895,24,D,BQ,CS,D
14:45:30,MYOR,RG,1895,3,D,BQ,AK,F
14:45:29,MYOR,RG,1895,24,D,BQ,CS,D
14:45:21,MYOR,RG,1895,1,D,BQ,AK,F
14:45:20,MYOR,RG,1895,5,D,BQ,NI,D
14:45:19,MYOR,RG,1895,3,D,BQ,AK,F
14:45:18,MYOR,RG,1895,21,D,BQ,CS,D
14:45:13,MYOR,RG,1895,1,D,BQ,XL,D
14:45:09,MYOR,RG,1895,4,D,BQ,AK,F
14:45:09,MYOR,RG,1895,26,D,BQ,CS,D
14:44:57,MYOR,RG,1895,8,D,BQ,AK,F
14:44:56,MYOR,RG,1895,55,D,BQ,XL,D
14:44:56,MYOR,RG,1895,9,D,BQ,AK,F
14:44:55,MYOR,RG,1900,22,D,KK,KZ,F
14:44:55,MYOR,RG,1900,37,D,KK,XC,D
14:44:44,MYOR,RG,1895,2,D,BQ,AK,F
14:44:44,MYOR,RG,1895,47,D,BQ,AK,F
14:44:44,MYOR,RG,1895,171,D,BQ,KZ,F
14:44:36,MYOR,RG,1895,4,F,KZ,KZ,F
14:44:36,MYOR,RG,1895,5,F,KZ,KZ,F
14:44:36,MYOR,RG,1895,1,F,KZ,KZ,F
14:44:36,MYOR,RG,1895,2,F,KZ,KZ,F
14:44:36,MYOR,RG,1895,43,F,KZ,KZ,F
14:44:33,MYOR,RG,1895,1,F,AK,KZ,F
14:44:33,MYOR,RG,1895,1,F,AK,KZ,F
14:44:33,MYOR,RG,1895,4,F,KZ,KZ,F
14:44:33,MYOR,RG,1895,8,F,KZ,KZ,F
14:44:33,MYOR,RG,1895,11,F,KZ,KZ,F
14:44:33,MYOR,RG,1895,1,F,AK,KZ,F
14:44:33,MYOR,RG,1895,1,F,KZ,KZ,F
14:44:33,MYOR,RG,1895,18,F,AK,KZ,F
14:44:33,MYOR,RG,1895,44,F,AK,KZ,F
14:44:33,MYOR,RG,1895,25,F,AK,AK,F
14:44:33,MYOR,RG,1890,25,D,BQ,CS,D
14:44:33,MYOR,RG,1895,91,D,BQ,AK,F
14:44:33,MYOR,RG,1895,23,D,BQ,CS,D
14:44:33,MYOR,RG,1895,116,D,BQ,KZ,F
14:44:33,MYOR,RG,1895,14,D,BQ,CS,D
14:44:33,MYOR,RG,1895,356,D,BQ,AK,F
14:44:28,MYOR,RG,1895,46,D,BQ,AK,F
14:44:25,MYOR,RG,1895,98,D,BQ,AK,F
14:44:25,MYOR,RG,1895,150,D,BQ,OD,D
14:44:25,MYOR,RG,1895,85,D,BQ,AK,F
14:44:25,MYOR,RG,1895,16,D,BQ,KZ,F
14:44:25,MYOR,RG,1895,191,D,BQ,OD,D
14:44:21,MYOR,RG,1895,2,D,BQ,OD,D
14:44:19,MYOR,RG,1890,17,D,BQ,CS,D
14:44:18,MYOR,RG,1895,32,D,BQ,OD,D
14:44:18,MYOR,RG,1895,17,D,BQ,SQ,D
14:44:18,MYOR,RG,1895,1,D,BQ,KZ,F
14:44:18,MYOR,RG,1895,9,D,BQ,KZ,F
14:44:18,MYOR,RG,1895,1,D,BQ,CC,D
14:44:18,MYOR,RG,1895,90,D,BQ,KZ,F
14:44:15,MYOR,RG,1895,46,D,CC,KZ,F
14:44:09,MYOR,RG,1890,30,D,BQ,CS,D
14:43:09,MYOR,RG,1895,1,F,KZ,KZ,F
14:43:06,MYOR,RG,1895,56,F,KZ,KZ,F
14:43:06,MYOR,RG,1895,5,F,KZ,KZ,F
14:43:04,MYOR,RG,1895,1,F,KZ,KZ,F
14:43:04,MYOR,RG,1895,93,F,AI,KZ,F
14:43:04,MYOR,RG,1895,10,F,AI,NI,D
14:43:04,MYOR,RG,1895,1,F,AI,AK,F
14:43:04,MYOR,RG,1895,5,F,AI,XC,D
14:43:04,MYOR,RG,1895,73,F,AI,AK,F
14:43:04,MYOR,RG,1895,117,F,AI,AK,F
14:42:59,MYOR,RG,1895,383,D,PP,AK,F
14:42:59,MYOR,RG,1895,139,D,PP,AK,F
14:42:59,MYOR,RG,1895,150,D,PP,OD,D
14:42:59,MYOR,RG,1895,67,D,PP,OD,D
14:42:59,MYOR,RG,1890,45,D,BQ,KZ,F
14:42:57,MYOR,RG,1890,154,D,BQ,AZ,D
14:42:44,MYOR,RG,1890,25,D,BQ,PD,D
14:42:18,MYOR,RG,1895,10,F,KZ,OD,D
14:42:18,MYOR,RG,1895,1,F,KZ,OD,D
14:41:49,MYOR,RG,1895,5,D,GR,OD,D
14:40:57,MYOR,RG,1895,3,F,KZ,OD,D
14:40:54,MYOR,RG,1895,1,F,KZ,OD,D
14:40:54,MYOR,RG,1895,2,F,KZ,OD,D
14:40:54,MYOR,RG,1895,15,D,DR,OD,D
14:40:25,MYOR,RG,1895,1,F,AI,OD,D
14:40:18,MYOR,RG,1895,45,F,AI,OD,D
14:40:18,MYOR,RG,1895,48,F,AI,KZ,F
14:40:18,MYOR,RG,1895,7,F,AI,YB,D
14:40:11,MYOR,RG,1895,100,F,AI,YB,D
14:39:58,MYOR,RG,1890,50,D,BQ,CC,D
14:37:05,MYOR,RG,1890,37,D,BQ,IP,D
14:37:05,MYOR,RG,1890,13,D,BQ,IP,D
14:37:03,MYOR,RG,1895,2,F,KZ,YB,D
14:36:16,MYOR,RG,1895,2,D,SQ,YB,D
14:35:54,MYOR,RG,1890,2,D,BQ,NI,D
14:35:03,MYOR,RG,1895,26,D,IF,YB,D
14:34:33,MYOR,RG,1895,1,F,KZ,YB,D
14:34:13,MYOR,RG,1895,1,D,PD,YB,D
14:34:06,MYOR,RG,1895,2,F,KZ,YB,D
14:34:06,MYOR,RG,1895,1,F,KZ,YB,D
14:34:03,MYOR,RG,1895,5,F,KZ,YB,D
14:34:03,MYOR,RG,1895,16,F,KZ,YB,D
14:34:03,MYOR,RG,1895,23,F,KZ,YB,D
14:32:35,MYOR,RG,1895,14,F,AI,YB,D
14:32:35,MYOR,RG,1895,187,F,AI,KZ,F
14:32:06,MYOR,RG,1895,2,F,KZ,KZ,F
14:32:06,MYOR,RG,1895,2,F,KZ,KZ,F
14:32:06,MYOR,RG,1895,1,F,KZ,KZ,F
14:32:04,MYOR,RG,1895,30,F,AK,KZ,F
14:32:04,MYOR,RG,1895,19,F,AK,KZ,F
14:32:04,MYOR,RG,1895,154,F,AI,KZ,F
14:32:04,MYOR,RG,1895,1,F,AI,AK,F
14:32:04,MYOR,RG,1895,35,F,AI,AK,F
14:32:04,MYOR,RG,1895,43,F,AI,XC,D
14:32:04,MYOR,RG,1895,18,F,AI,BQ,D
14:32:04,MYOR,RG,1895,300,F,AI,FS,D
14:32:04,MYOR,RG,1895,103,F,AI,AK,F
14:32:04,MYOR,RG,1895,46,F,AI,AK,F
14:31:36,MYOR,RG,1895,22,F,KZ,AK,F
14:31:12,MYOR,RG,1895,4,F,KZ,AK,F
14:31:12,MYOR,RG,1895,11,F,KZ,AK,F
14:31:00,MYOR,RG,1895,1,F,KZ,AK,F
14:30:57,MYOR,RG,1895,1,F,KZ,AK,F
14:30:57,MYOR,RG,1895,1,F,KZ,AK,F
14:30:36,MYOR,RG,1895,414,D,PP,AK,F
14:30:36,MYOR,RG,1895,75,D,PP,OD,D
14:30:36,MYOR,RG,1895,211,D,PP,AK,F
14:28:17,MYOR,RG,1895,1,D,PD,AK,F
14:28:10,MYOR,RG,1895,11,D,XC,AK,F
14:28:06,MYOR,RG,1895,25,D,PD,AK,F
14:27:48,MYOR,RG,1895,2,D,YP,AK,F
14:27:48,MYOR,RG,1895,25,D,YP,AK,F
14:27:48,MYOR,RG,1895,20,D,YP,AK,F
14:27:48,MYOR,RG,1895,3,D,YP,KZ,F
14:27:48,MYOR,RG,1895,30,D,YP,KZ,F
14:25:46,MYOR,RG,1895,20,D,NI,KZ,F
14:25:08,MYOR,RG,1890,50,D,BQ,DX,D
14:24:08,MYOR,RG,1890,11,D,BQ,PD,D
14:24:08,MYOR,RG,1890,29,D,BQ,PD,D
14:23:43,MYOR,RG,1895,1,D,PD,KZ,F
14:23:10,MYOR,RG,1890,64,D,BQ,CS,D
14:23:05,MYOR,RG,1890,1,D,BQ,OD,D
14:22:37,MYOR,RG,1895,5,D,XL,KZ,F
14:21:00,MYOR,RG,1895,26,D,IF,KZ,F
14:19:54,MYOR,RG,1890,84,D,BQ,KZ,F
14:19:49,MYOR,RG,1890,21,D,BQ,KZ,F
14:18:39,MYOR,RG,1895,1,D,PD,KZ,F
14:18:29,MYOR,RG,1890,73,D,BQ,KZ,F
14:17:43,MYOR,RG,1890,2,D,BQ,XL,D
14:17:09,MYOR,RG,1890,11,D,BQ,KZ,F
14:16:31,MYOR,RG,1890,2,D,BQ,AK,F
14:16:30,MYOR,RG,1890,15,D,BQ,PD,D
14:15:56,MYOR,RG,1890,2,D,BQ,AK,F
14:15:55,MYOR,RG,1895,26,D,IF,KZ,F
14:15:01,MYOR,RG,1890,1,D,BQ,XC,D
14:14:46,MYOR,RG,1895,1,F,AK,KZ,F
14:14:46,MYOR,RG,1895,4,F,AK,AK,F
14:14:46,MYOR,RG,1895,40,F,AK,OD,D
14:14:43,MYOR,RG,1890,21,D,BQ,AK,F
14:14:42,MYOR,RG,1895,35,D,PP,OD,D
14:14:42,MYOR,RG,1895,19,D,PP,CS,D
14:14:42,MYOR,RG,1895,500,D,PP,AK,F
14:14:42,MYOR,RG,1895,3,D,PP,AK,F
14:14:42,MYOR,RG,1895,15,D,PP,XC,D
14:14:42,MYOR,RG,1895,119,D,PP,KZ,F
14:14:42,MYOR,RG,1895,42,D,PP,CS,D
14:14:42,MYOR,RG,1895,6,D,PP,AK,F
14:14:24,MYOR,RG,1890,2,D,BQ,KZ,F
14:13:39,MYOR,RG,1890,7,D,BQ,KZ,F
14:13:24,MYOR,RG,1890,1,D,BQ,KZ,F
14:13:24,MYOR,RG,1890,2,D,BQ,KZ,F
14:13:09,MYOR,RG,1895,1,D,XC,AK,F
14:12:36,MYOR,RG,1895,26,D,IF,AK,F
14:12:34,MYOR,RG,1890,10,D,BQ,KZ,F
14:12:29,MYOR,RG,1890,5,D,BQ,KZ,F
14:12:09,MYOR,RG,1890,33,D,BQ,KZ,F
14:12:06,MYOR,RG,1890,76,D,BQ,CS,D
14:10:06,MYOR,RG,1895,26,D,IF,AK,F
14:09:41,MYOR,RG,1895,10,D,YP,AK,F
14:09:20,MYOR,RG,1890,5,D,BQ,DH,D
14:09:19,MYOR,RG,1895,10,D,PD,AK,F
14:08:37,MYOR,RG,1890,5,D,BQ,XC,D
14:08:25,MYOR,RG,1895,30,D,PD,AK,F
14:08:22,MYOR,RG,1890,1,D,BQ,AK,F
14:08:21,MYOR,RG,1890,4,D,BQ,XC,D
14:08:19,MYOR,RG,1890,4,D,BQ,AK,F
14:08:19,MYOR,RG,1890,26,D,BQ,KZ,F
14:07:29,MYOR,RG,1890,2,D,BQ,KZ,F
14:07:27,MYOR,RG,1890,73,D,BQ,AK,F
14:07:27,MYOR,RG,1890,19,D,BQ,AK,F
14:07:27,MYOR,RG,1890,6,D,BQ,AK,F
14:07:05,MYOR,RG,1890,6,D,BQ,DR,D
14:04:37,MYOR,RG,1890,1,D,BQ,XC,D
14:03:16,MYOR,RG,1890,73,D,BQ,PD,D
14:02:24,MYOR,RG,1890,8,D,BQ,KZ,F
14:01:44,MYOR,RG,1895,2,D,LG,AK,F
14:01:22,MYOR,RG,1895,3,D,NI,AK,F
14:01:22,MYOR,RG,1895,2,D,NI,KZ,F
13:59:33,MYOR,RG,1895,8,D,FS,KZ,F
13:59:33,MYOR,RG,1895,250,D,FS,AK,F
13:59:33,MYOR,RG,1895,25,D,FS,CS,D
13:59:33,MYOR,RG,1895,2,D,FS,KK,D
13:59:33,MYOR,RG,1895,28,D,FS,CS,D
13:59:33,MYOR,RG,1895,30,D,FS,KK,D
13:59:33,MYOR,RG,1895,75,D,FS,OD,D
13:59:33,MYOR,RG,1895,5,D,FS,XC,D
13:59:33,MYOR,RG,1895,150,D,FS,DR,D
13:59:33,MYOR,RG,1895,27,D,FS,KZ,F
13:59:31,MYOR,RG,1890,116,D,BQ,AK,F
13:59:31,MYOR,RG,1895,28,D,PP,KZ,F
13:59:31,MYOR,RG,1895,250,D,PP,AK,F
13:59:31,MYOR,RG,1895,215,D,PP,KZ,F
13:59:31,MYOR,RG,1895,246,D,PP,AK,F
13:58:35,MYOR,RG,1895,2,D,XL,AK,F
13:57:44,MYOR,RG,1890,30,D,BQ,PD,D
13:57:19,MYOR,RG,1890,32,D,BQ,AK,F
13:57:19,MYOR,RG,1890,27,D,BQ,KZ,F
13:57:14,MYOR,RG,1890,4,D,BQ,KZ,F
13:57:14,MYOR,RG,1890,31,D,BQ,KZ,F
13:57:12,MYOR,RG,1890,1,D,BQ,KZ,F
13:57:12,MYOR,RG,1890,150,D,BQ,OD,D
13:57:12,MYOR,RG,1890,4,D,BQ,KZ,F
13:57:12,MYOR,RG,1890,8,D,BQ,AK,F
13:57:12,MYOR,RG,1890,31,D,BQ,CS,D
13:57:12,MYOR,RG,1890,25,D,BQ,AK,F
13:57:00,MYOR,RG,1890,5,D,AZ,AK,F
13:56:40,MYOR,RG,1890,59,F,AK,AK,F
13:56:39,MYOR,RG,1890,14,D,IF,AK,F
13:56:39,MYOR,RG,1890,12,D,IF,KZ,F
13:56:33,MYOR,RG,1890,1,F,AK,KZ,F
13:56:33,MYOR,RG,1885,13,F,AI,CS,D
13:56:33,MYOR,RG,1890,10,D,YP,AK,F
13:56:33,MYOR,RG,1890,4,D,XC,AK,F
13:56:33,MYOR,RG,1890,10,D,PD,AK,F
13:56:33,MYOR,RG,1890,5,D,PD,AK,F
13:56:33,MYOR,RG,1890,2,D,EP,AK,F
13:56:33,MYOR,RG,1890,222,D,AK,AK,F
13:56:29,MYOR,RG,1890,26,D,AK,KZ,F
13:56:24,MYOR,RG,1890,46,D,AK,KZ,F
13:56:24,MYOR,RG,1890,14,D,AK,KZ,F
13:56:20,MYOR,RG,1890,87,D,AK,KZ,F
13:56:19,MYOR,RG,1890,300,D,AK,OD,D
13:56:15,MYOR,RG,1890,90,D,AK,AK,F
13:56:14,MYOR,RG,1890,144,D,AK,AK,F
13:56:14,MYOR,RG,1890,10,D,YP,AK,F
13:56:14,MYOR,RG,1890,1,D,YP,AK,F
13:56:14,MYOR,RG,1890,36,D,IF,AK,F
13:56:14,MYOR,RG,1890,159,D,PP,AK,F
13:56:08,MYOR,RG,1890,89,D,PP,YP,D
13:52:38,MYOR,RG,1890,3,D,PP,PD,D
13:51:51,MYOR,RG,1890,1,D,PP,KZ,F
13:51:49,MYOR,RG,1890,83,D,PP,KZ,F
13:51:47,MYOR,RG,1890,90,D,PP,KZ,F
13:51:45,MYOR,RG,1890,64,D,PP,AK,F
13:51:44,MYOR,RG,1890,1,D,PP,KZ,F
13:51:44,MYOR,RG,1890,249,D,PP,YP,D
13:51:44,MYOR,RG,1890,1,D,BQ,YP,D
13:49:41,MYOR,RG,1890,1,D,BQ,XC,D
13:49:09,MYOR,RG,1890,1,D,BQ,KZ,F
13:48:55,MYOR,RG,1890,2,D,BQ,XL,D
13:45:28,MYOR,RG,1890,47,D,BQ,CS,D
13:45:28,MYOR,RG,1890,1,D,BQ,XC,D
13:45:28,MYOR,RG,1890,18,D,BQ,KZ,F
13:45:28,MYOR,RG,1890,25,D,BQ,KK,D
13:45:28,MYOR,RG,1890,4,D,BQ,AK,F
13:45:28,MYOR,RG,1890,25,D,BQ,CS,D
13:45:28,MYOR,RG,1890,9,D,BQ,AK,F
13:45:28,MYOR,RG,1890,68,D,BQ,KZ,F
13:45:28,MYOR,RG,1890,236,D,BQ,AK,F
13:45:28,MYOR,RG,1890,2,D,BQ,YB,D
13:45:28,MYOR,RG,1890,251,D,BQ,KZ,F
13:45:28,MYOR,RG,1890,209,D,BQ,AK,F
13:45:25,MYOR,RG,1890,80,D,BQ,AK,F
13:45:22,MYOR,RG,1890,211,D,BQ,AK,F
13:45:22,MYOR,RG,1890,2,D,BQ,PD,D
13:45:22,MYOR,RG,1890,2,D,BQ,KK,D
13:45:22,MYOR,RG,1890,75,D,BQ,OD,D
13:45:22,MYOR,RG,1890,8,D,BQ,XC,D
13:45:22,MYOR,RG,1890,13,D,BQ,CS,D
13:45:22,MYOR,RG,1890,75,D,BQ,LG,D
13:45:22,MYOR,RG,1890,5,D,BQ,CC,F
13:45:22,MYOR,RG,1890,3,D,BQ,KZ,F
13:45:22,MYOR,RG,1890,14,D,BQ,CS,D
13:45:22,MYOR,RG,1890,22,D,BQ,CS,D
13:45:22,MYOR,RG,1890,10,D,BQ,CS,D
13:45:22,MYOR,RG,1890,96,D,BQ,YU,F
13:45:22,MYOR,RG,1890,270,D,BQ,KZ,F
13:45:22,MYOR,RG,1890,22,D,BQ,CS,D
13:45:22,MYOR,RG,1890,72,D,BQ,AK,F
13:45:18,MYOR,RG,1890,5,D,BQ,AK,F
13:45:15,MYOR,RG,1890,250,D,BQ,AK,F
13:44:28,MYOR,RG,1890,1,D,XC,AK,F
13:41:19,MYOR,RG,1885,69,F,AI,CS,D
13:40:47,MYOR,RG,1890,1,D,XC,AK,F
13:40:40,MYOR,RG,1890,1,D,NI,AK,F
13:40:31,MYOR,RG,1890,26,D,IF,AK,F
13:40:30,MYOR,RG,1890,2,D,XC,AK,F
13:40:12,MYOR,RG,1890,26,D,IF,AK,F
13:38:49,MYOR,RG,1890,2,D,XC,AK,F
13:38:06,MYOR,RG,1890,614,D,PP,AK,F
13:38:06,MYOR,RG,1890,20,D,PP,XC,D
13:38:06,MYOR,RG,1890,1,D,PP,XC,D
13:38:06,MYOR,RG,1890,35,D,PP,PD,D
13:38:06,MYOR,RG,1890,69,D,PP,OD,D
13:37:10,MYOR,RG,1890,1,D,PD,OD,D
13:36:59,MYOR,RG,1885,8,F,AI,KZ,F
13:35:39,MYOR,RG,1885,1,F,AI,XC,D
13:35:34,MYOR,RG,1885,2,F,AI,KZ,F
13:34:56,MYOR,RG,1885,1,F,AI,NI,D
13:34:55,MYOR,RG,1890,1,D,SQ,OD,D
13:33:54,MYOR,RG,1885,5,F,AI,YB,D
13:33:54,MYOR,RG,1885,1,D,SQ,YB,D
13:33:34,MYOR,RG,1885,2,D,DR,KZ,F
13:32:48,MYOR,RG,1890,1,D,XL,OD,D
13:32:33,MYOR,RG,1885,5,D,DR,XL,D
13:30:29,MYOR,RG,1885,12,D,DR,KZ,F
13:30:19,MYOR,RG,1890,1,D,XL,OD,D
13:30:05,MYOR,RG,1890,1,D,XL,OD,D
13:30:04,MYOR,RG,1885,6,D,DR,XC,D
13:30:04,MYOR,RG,1885,5,D,DH,XC,D
13:30:04,MYOR,RG,1885,13,D,EP,XC,D
13:30:04,MYOR,RG,1885,2,D,EP,CC,D
13:30:04,MYOR,RG,1885,1,D,CP,CC,D
13:30:02,MYOR,RG,1885,1,D,IF,YP,D
13:30:01,MYOR,RG,1890,1,D,XC,OD,D
13:30:01,MYOR,RG,1885,4,D,IF,XC,D
13:30:01,MYOR,RG,1885,23,D,IF,AZ,D
13:30:01,MYOR,RG,1885,1,D,IF,PD,D
13:30:01,MYOR,RG,1885,6,D,IF,PD,D
13:30:01,MYOR,RG,1895,1,D,PD,AK,F
13:30:01,MYOR,RG,1885,5,D,IF,EP,D
11:29:32,MYOR,RG,1885,12,D,IF,KZ,F
11:29:28,MYOR,RG,1885,1,F,AK,KZ,F
11:29:27,MYOR,RG,1885,1,F,AK,KZ,F
11:29:27,MYOR,RG,1885,9,F,AK,KZ,F
11:29:27,MYOR,RG,1885,1,F,AK,KZ,F
11:28:55,MYOR,RG,1885,1,D,XC,KZ,F
11:28:51,MYOR,RG,1885,8,D,PD,CS,D
11:28:51,MYOR,RG,1885,75,D,PD,CC,F
11:28:51,MYOR,RG,1885,5,D,PD,XA,D
11:28:51,MYOR,RG,1885,12,D,PD,KZ,F
11:28:36,MYOR,RG,1885,10,D,AZ,KZ,F
11:28:13,MYOR,RG,1890,14,F,AK,BK,F
11:28:12,MYOR,RG,1885,8,F,AK,KZ,F
11:28:12,MYOR,RG,1885,7,F,AK,KZ,F
11:28:12,MYOR,RG,1885,14,F,AK,KZ,F
11:28:12,MYOR,RG,1885,5,F,AK,KZ,F
11:28:12,MYOR,RG,1885,9,F,AK,CS,D
11:28:12,MYOR,RG,1885,15,F,AK,CS,D
11:28:12,MYOR,RG,1885,26,F,AK,KZ,F
11:28:12,MYOR,RG,1885,2,F,AK,OD,D
11:28:12,MYOR,RG,1885,39,D,PP,OD,D
11:27:58,MYOR,RG,1885,2,D,BQ,OD,D
11:27:58,MYOR,RG,1885,16,F,AK,OD,D
11:27:58,MYOR,RG,1885,91,D,BQ,OD,D
11:27:58,MYOR,RG,1885,51,D,BQ,BK,F
11:27:56,MYOR,RG,1890,1,F,AK,AK,F
11:27:56,MYOR,RG,1885,7,D,BQ,KZ,F
11:27:46,MYOR,RG,1885,1,D,BQ,KZ,F
11:27:45,MYOR,RG,1885,3,F,AK,BK,F
11:27:45,MYOR,RG,1885,4,D,NI,BK,F
11:27:45,MYOR,RG,1885,1,D,PD,BK,F
11:27:45,MYOR,RG,1885,2,D,CC,BK,F
11:27:45,MYOR,RG,1885,2,D,XC,BK,F
11:27:45,MYOR,RG,1885,1,D,YP,BK,F
11:27:45,MYOR,RG,1885,1,D,YP,BK,F
11:27:45,MYOR,RG,1885,1,D,SQ,BK,F
11:27:45,MYOR,RG,1885,1,D,NI,BK,F
11:27:45,MYOR,RG,1885,3,D,CC,BK,F
11:27:45,MYOR,RG,1885,5,D,YB,BK,F
11:27:45,MYOR,RG,1885,1,D,YP,BK,F
11:27:45,MYOR,RG,1885,2,D,CC,BK,F
11:27:36,MYOR,RG,1890,36,F,AK,AK,F
11:27:36,MYOR,RG,1885,1,D,CC,KZ,F
11:27:36,MYOR,RG,1885,5,D,YP,KZ,F
11:27:36,MYOR,RG,1885,1,D,SQ,KZ,F
11:27:36,MYOR,RG,1885,292,F,AK,KZ,F
11:27:36,MYOR,RG,1885,29,F,AK,KZ,F
11:27:32,MYOR,RG,1890,67,F,AK,AK,F
11:27:31,MYOR,RG,1885,500,F,AK,AK,F
11:27:31,MYOR,RG,1885,104,F,AK,BK,F
11:27:23,MYOR,RG,1890,15,F,AK,AK,F
11:27:22,MYOR,RG,1885,129,F,AK,BK,F
11:27:20,MYOR,RG,1890,2,D,BK,AK,F
11:27:16,MYOR,RG,1890,16,F,AK,AK,F
11:27:16,MYOR,RG,1890,39,F,AK,KZ,F
11:27:16,MYOR,RG,1885,49,F,AK,AK,F
11:27:16,MYOR,RG,1885,20,D,XL,AK,F
11:27:16,MYOR,RG,1885,5,D,AT,AK,F
11:27:16,MYOR,RG,1885,1,D,XC,AK,F
11:27:16,MYOR,RG,1885,3,D,CC,AK,F
11:27:16,MYOR,RG,1885,5,D,PD,AK,F
11:27:16,MYOR,RG,1885,27,D,NI,AK,F
11:27:16,MYOR,RG,1885,1,D,XC,AK,F
11:27:16,MYOR,RG,1885,3,D,PD,AK,F
11:27:16,MYOR,RG,1885,52,D,XC,AK,F
11:27:16,MYOR,RG,1885,5,D,DH,AK,F
11:27:16,MYOR,RG,1885,1,D,AT,AK,F
11:27:16,MYOR,RG,1885,5,D,PD,AK,F
11:27:16,MYOR,RG,1885,2,D,XC,AK,F
11:27:16,MYOR,RG,1885,20,D,YP,AK,F
11:27:16,MYOR,RG,1885,1,D,XL,AK,F
11:27:16,MYOR,RG,1885,1,D,LG,AK,F
11:27:16,MYOR,RG,1885,132,D,DR,AK,F
11:27:16,MYOR,RG,1885,25,D,SQ,AK,F
11:27:16,MYOR,RG,1885,22,D,BK,AK,F
11:27:16,MYOR,RG,1885,39,D,BK,AK,F
11:27:16,MYOR,RG,1885,3,D,GR,AK,F
11:27:16,MYOR,RG,1885,18,D,BK,AK,F
11:27:16,MYOR,RG,1885,60,D,BQ,AK,F
11:27:15,MYOR,RG,1890,56,F,AK,KZ,F
11:27:14,MYOR,RG,1885,475,D,BQ,AK,F
11:27:14,MYOR,RG,1885,25,D,BQ,AK,F
11:27:12,MYOR,RG,1890,40,F,AK,KZ,F
11:27:12,MYOR,RG,1890,7,F,AK,KZ,F
11:27:12,MYOR,RG,1890,3,F,AK,CC,F
11:27:12,MYOR,RG,1890,3,F,AK,CS,D
11:27:12,MYOR,RG,1890,1,F,AK,CS,D
11:27:12,MYOR,RG,1890,4,F,AK,KZ,F
11:27:11,MYOR,RG,1885,21,D,BQ,AK,F
11:27:11,MYOR,RG,1885,479,D,BQ,AK,F
11:27:11,MYOR,RG,1885,25,D,BQ,PD,D
11:27:06,MYOR,RG,1890,3,F,AK,KZ,F
11:26:56,MYOR,RG,1890,22,D,BK,KZ,F
11:26:56,MYOR,RG,1890,5,D,SQ,KZ,F
11:26:56,MYOR,RG,1890,7,F,AK,KZ,F
11:26:56,MYOR,RG,1890,106,F,AK,KZ,F
11:26:56,MYOR,RG,1890,5,F,AK,KZ,F
11:26:56,MYOR,RG,1890,14,F,AK,KZ,F
11:26:55,MYOR,RG,1890,271,F,AK,KZ,F
11:26:55,MYOR,RG,1890,5,D,XL,KZ,F
11:26:55,MYOR,RG,1890,5,D,YP,KZ,F
11:26:55,MYOR,RG,1890,60,D,YP,KZ,F
11:26:53,MYOR,RG,1890,440,D,YP,AK,F
11:26:53,MYOR,RG,1890,1,D,XC,AK,F
11:26:53,MYOR,RG,1890,10,D,LG,AK,F
11:26:53,MYOR,RG,1890,322,D,IF,AK,F
11:26:53,MYOR,RG,1890,1,D,SQ,AK,F
11:26:53,MYOR,RG,1890,175,D,BQ,AK,F
11:26:53,MYOR,RG,1890,80,D,BQ,KZ,F
11:26:53,MYOR,RG,1890,105,D,BQ,BK,F
11:26:53,MYOR,RG,1890,30,D,BQ,BK,F
11:26:53,MYOR,RG,1890,90,D,BK,BK,F
11:26:53,MYOR,RG,1890,275,D,BQ,BK,F
11:26:53,MYOR,RG,1890,51,D,BQ,CC,F
11:26:51,MYOR,RG,1890,34,D,BQ,BK,F
11:26:51,MYOR,RG,1890,1,D,BQ,BK,F
11:26:51,MYOR,RG,1890,2,D,CC,BK,F
11:26:51,MYOR,RG,1890,100,D,BQ,BK,F
11:26:51,MYOR,RG,1890,8,D,YB,BK,F
11:26:51,MYOR,RG,1890,1,D,PD,BK,F
11:26:51,MYOR,RG,1890,2,D,PD,BK,F
11:26:51,MYOR,RG,1890,2,D,YP,BK,F
11:26:51,MYOR,RG,1890,5,D,YB,BK,F
11:26:51,MYOR,RG,1890,1,D,XL,BK,F
11:26:51,MYOR,RG,1890,1,D,XC,BK,F
11:26:51,MYOR,RG,1890,1,D,XC,BK,F
11:26:51,MYOR,RG,1890,20,D,DR,BK,F
11:26:51,MYOR,RG,1890,1,D,PD,BK,F
11:26:51,MYOR,RG,1890,100,D,ZP,BK,F
11:26:51,MYOR,RG,1890,2,D,DH,BK,F
11:26:51,MYOR,RG,1890,5,D,ZP,BK,F
11:26:51,MYOR,RG,1890,3,D,YP,BK,F
11:26:51,MYOR,RG,1890,50,D,BK,BK,F
11:26:51,MYOR,RG,1890,161,F,AK,BK,F
11:26:51,MYOR,RG,1890,74,F,AK,KZ,F
11:26:51,MYOR,RG,1890,1,F,AK,KZ,F
11:26:48,MYOR,RG,1890,126,F,AK,KZ,F
11:26:48,MYOR,RG,1890,34,D,LS,KZ,F
11:26:46,MYOR,RG,1890,6,D,LS,BK,F
11:26:46,MYOR,RG,1890,3,D,SQ,BK,F
11:26:46,MYOR,RG,1890,165,D,BK,BK,F
11:26:46,MYOR,RG,1890,326,F,AK,BK,F
11:26:46,MYOR,RG,1890,42,F,AK,KZ,F
11:24:12,MYOR,RG,1895,43,D,MK,AK,F
11:24:02,MYOR,RG,1895,1,D,XC,AK,F
11:23:55,MYOR,RG,1895,5,D,XC,AK,F
11:22:54,MYOR,RG,1895,2,D,XC,AK,F
11:22:07,MYOR,RG,1895,24,D,YP,CC,F
11:22:01,MYOR,RG,1895,26,D,YP,AK,F
11:22:01,MYOR,RG,1895,197,D,BK,AK,F
11:22:01,MYOR,RG,1895,25,D,NI,AK,F
11:22:01,MYOR,RG,1895,2,D,PP,AK,F
11:21:42,MYOR,RG,1895,3,D,PP,HD,D
11:21:18,MYOR,RG,1900,13,D,BK,XC,D
11:21:18,MYOR,RG,1900,5,D,BK,PD,D
11:21:15,MYOR,RG,1900,9,D,BK,PD,D
11:21:15,MYOR,RG,1900,33,D,BK,CC,D
11:21:13,MYOR,RG,1895,80,D,PP,YU,F
11:21:13,MYOR,RG,1895,12,D,PP,CS,D
11:21:13,MYOR,RG,1895,41,D,PP,CS,D
11:21:13,MYOR,RG,1895,16,D,PP,KZ,F
11:21:13,MYOR,RG,1895,3,D,PP,XC,D
11:21:13,MYOR,RG,1895,5,D,PP,DX,D
11:21:13,MYOR,RG,1895,46,D,PP,KZ,F
11:21:13,MYOR,RG,1895,5,D,PP,XC,D
11:21:13,MYOR,RG,1895,262,D,PP,KZ,F
11:21:08,MYOR,RG,1895,4,D,IF,KZ,F
11:21:08,MYOR,RG,1895,22,D,IF,CS,D
11:21:08,MYOR,RG,1895,21,D,IF,CS,D
11:21:08,MYOR,RG,1895,5,D,IF,CS,D
11:21:03,MYOR,RG,1895,16,D,BK,CS,D
11:21:03,MYOR,RG,1895,9,D,BK,AK,F
11:21:00,MYOR,RG,1895,241,D,BQ,AK,F
11:21:00,MYOR,RG,1895,55,D,BQ,KZ,F
11:21:00,MYOR,RG,1895,19,D,BQ,CC,F
11:21:00,MYOR,RG,1895,9,D,BQ,YP,D
11:21:00,MYOR,RG,1895,8,D,BQ,CS,D
11:21:00,MYOR,RG,1895,28,D,BQ,OD,D
11:20:57,MYOR,RG,1895,22,D,BK,OD,D
11:20:55,MYOR,RG,1895,31,D,BQ,OD,D
11:20:52,MYOR,RG,1895,23,D,BK,OD,D
11:20:49,MYOR,RG,1895,46,D,BQ,OD,D
11:20:49,MYOR,RG,1895,314,D,BQ,AK,F
11:20:45,MYOR,RG,1895,18,D,BK,AK,F
11:20:45,MYOR,RG,1895,1,D,BQ,AK,F
11:20:42,MYOR,RG,1895,100,D,BQ,AK,F
11:19:08,MYOR,RG,1895,67,D,IF,AK,F
11:19:08,MYOR,RG,1895,37,D,IF,AK,F
11:18:28,MYOR,RG,1895,1,D,XA,AK,F
11:16:54,MYOR,RG,1895,5,D,PP,AK,F
11:16:36,MYOR,RG,1895,15,D,BK,AK,F
11:16:34,MYOR,RG,1890,136,F,AK,YP,D
11:15:57,MYOR,RG,1895,4,D,XL,AK,F
11:15:30,MYOR,RG,1895,15,D,BK,AK,F
11:15:26,MYOR,RG,1895,30,D,BK,AK,F
11:15:26,MYOR,RG,1895,193,D,PP,AK,F
11:15:26,MYOR,RG,1895,15,D,PP,YU,F
11:15:26,MYOR,RG,1895,9,D,PP,YU,F
11:15:26,MYOR,RG,1895,56,D,PP,YU,F
11:15:26,MYOR,RG,1895,202,D,PP,KZ,F
11:12:50,MYOR,RG,1895,3,D,PD,KZ,F
11:09:57,MYOR,RG,1895,29,D,NI,KZ,F
11:07:43,MYOR,RG,1895,17,D,BK,KZ,F
11:07:39,MYOR,RG,1895,10,D,PD,KZ,F
11:06:27,MYOR,RG,1895,2,D,GR,KZ,F
11:04:36,MYOR,RG,1895,82,D,BK,KZ,F
11:04:32,MYOR,RG,1895,52,D,BQ,AK,F
11:04:32,MYOR,RG,1895,56,D,BQ,YU,F
11:04:32,MYOR,RG,1895,30,D,BQ,CS,D
11:04:32,MYOR,RG,1895,4,D,BQ,KZ,F
11:04:32,MYOR,RG,1895,250,D,BQ,AK,F
11:04:32,MYOR,RG,1895,250,D,BQ,AK,F
11:04:32,MYOR,RG,1895,24,D,BQ,CS,D
11:04:32,MYOR,RG,1895,150,D,BQ,OD,D
11:04:32,MYOR,RG,1895,74,D,BQ,OD,D
11:04:30,MYOR,RG,1895,1,D,BK,OD,D
11:04:30,MYOR,RG,1895,15,D,BK,YU,F
11:04:28,MYOR,RG,1895,9,D,BQ,YU,F
11:04:28,MYOR,RG,1895,67,D,BQ,KZ,F
11:04:25,MYOR,RG,1895,79,D,BK,KZ,F
11:04:24,MYOR,RG,1895,26,D,BQ,KZ,F
11:04:24,MYOR,RG,1895,21,D,BQ,CS,D
11:04:24,MYOR,RG,1895,20,D,BQ,YP,D
11:04:24,MYOR,RG,1895,435,D,BQ,AK,F
11:04:24,MYOR,RG,1895,56,D,BQ,YU,F
11:04:24,MYOR,RG,1895,24,D,BQ,CS,D
11:04:24,MYOR,RG,1895,142,D,BQ,KZ,F
11:04:24,MYOR,RG,1895,176,D,BQ,YP,D
11:04:19,MYOR,RG,1895,19,D,BK,YP,D
11:04:19,MYOR,RG,1895,4,D,BQ,YP,D
11:04:16,MYOR,RG,1895,240,D,BQ,YP,D
11:02:26,MYOR,RG,1890,14,F,AK,YP,D
11:00:09,MYOR,RG,1890,10,F,AK,OD,D
10:59:42,MYOR,RG,1895,12,D,XC,YP,D
10:59:12,MYOR,RG,1895,18,D,BK,YP,D
10:59:10,MYOR,RG,1895,31,D,DR,YP,D
10:59:10,MYOR,RG,1895,75,D,DR,OD,D
10:59:10,MYOR,RG,1895,6,D,DR,CS,D
10:59:10,MYOR,RG,1895,5,D,DR,CC,D
10:59:10,MYOR,RG,1895,9,D,DR,CS,D
10:59:10,MYOR,RG,1895,24,D,DR,YU,F
10:57:28,MYOR,RG,1895,17,D,BK,YU,F
10:57:24,MYOR,RG,1895,32,D,BK,YU,F
10:57:22,MYOR,RG,1895,87,D,PP,YU,F
10:57:22,MYOR,RG,1895,75,D,PP,OD,D
10:57:22,MYOR,RG,1895,23,D,PP,CS,D
10:57:22,MYOR,RG,1895,277,D,PP,KZ,F
10:57:22,MYOR,RG,1895,13,D,PP,CS,D
10:56:42,MYOR,RG,1895,2,D,NI,CS,D
10:54:40,MYOR,RG,1895,15,D,BK,CS,D
10:54:34,MYOR,RG,1895,32,D,BK,AK,F
10:54:33,MYOR,RG,1895,465,D,PP,AK,F
10:54:33,MYOR,RG,1895,10,D,PP,CS,D
10:54:01,MYOR,RG,1890,14,F,AK,KZ,F
10:53:14,MYOR,RG,1895,2,D,XC,CS,D
10:51:02,MYOR,RG,1895,13,D,BK,CS,D
10:51:02,MYOR,RG,1895,3,D,BK,CC,D
10:51:01,MYOR,RG,1895,15,F,PD,CC,D
10:51:01,MYOR,RG,1895,22,F,PD,AK,F
10:50:21,MYOR,RG,1895,15,D,BK,AK,F
10:50:18,MYOR,RG,1895,213,D,PP,AK,F
10:50:18,MYOR,RG,1895,63,D,PP,BK,F
10:49:58,MYOR,RG,1895,15,D,BK,BK,F
10:49:53,MYOR,RG,1895,20,D,BK,BK,F
10:49:53,MYOR,RG,1895,5,D,IF,BK,F
10:49:53,MYOR,RG,1895,17,D,IF,CS,D
10:49:53,MYOR,RG,1895,19,D,IF,CC,F
10:49:53,MYOR,RG,1895,55,D,IF,BK,F
10:49:53,MYOR,RG,1895,1,D,IF,XC,D
10:49:53,MYOR,RG,1895,173,D,IF,KZ,F
10:49:53,MYOR,RG,1895,52,D,IF,OD,D
10:49:01,MYOR,RG,1895,15,D,BK,OD,D
10:48:58,MYOR,RG,1890,54,F,AK,CS,D
10:46:33,MYOR,RG,1895,8,D,XC,OD,D
10:45:37,MYOR,RG,1890,11,F,AK,PD,D
10:45:36,MYOR,RG,1890,9,F,AK,KZ,F
10:44:52,MYOR,RG,1890,26,F,AK,BK,F
10:44:48,MYOR,RG,1895,15,D,CC,KZ,F
10:44:46,MYOR,RG,1890,2,F,AK,KZ,F
10:44:41,MYOR,RG,1890,10,F,AK,KZ,F
10:44:41,MYOR,RG,1890,9,F,AK,KZ,F
10:44:36,MYOR,RG,1890,10,F,AK,KZ,F
10:44:36,MYOR,RG,1890,14,F,AK,KZ,F
10:44:26,MYOR,RG,1890,26,F,AK,KZ,F
10:44:26,MYOR,RG,1890,4,F,AK,KZ,F
10:42:32,MYOR,RG,1890,1,F,AK,XL,D
10:42:31,MYOR,RG,1890,9,F,AK,KZ,F
10:41:47,MYOR,RG,1890,13,F,AK,CC,F
10:41:39,MYOR,RG,1890,29,F,AK,BK,F
10:41:38,MYOR,RG,1890,91,F,AK,CC,F
10:41:35,MYOR,RG,1890,47,F,AK,BK,F
10:41:34,MYOR,RG,1890,87,F,AK,KZ,F
10:41:34,MYOR,RG,1890,300,F,AK,OD,D
10:41:31,MYOR,RG,1890,32,F,AK,CC,F
10:41:31,MYOR,RG,1890,3,D,DR,CC,F
10:41:31,MYOR,RG,1890,1,D,NI,CC,F
10:41:31,MYOR,RG,1890,30,D,BK,CC,F
10:41:21,MYOR,RG,1890,35,D,BK,CS,D
10:41:21,MYOR,RG,1890,17,D,BQ,CS,D
10:40:55,MYOR,RG,1895,2,D,NI,KZ,F
10:40:08,MYOR,RG,1895,1,D,YP,KZ,F
10:39:27,MYOR,RG,1895,4,D,BK,KZ,F
10:39:27,MYOR,RG,1895,12,D,BK,OD,D
10:39:26,MYOR,RG,1890,16,D,BQ,BK,F
10:39:24,MYOR,RG,1895,17,D,BK,OD,D
10:39:22,MYOR,RG,1890,288,D,BQ,KZ,F
10:39:21,MYOR,RG,1890,1,D,BQ,KZ,F
10:39:20,MYOR,RG,1895,15,D,BK,OD,D
10:39:19,MYOR,RG,1890,218,D,BQ,AK,F
10:39:19,MYOR,RG,1890,46,D,BQ,AK,F
10:39:19,MYOR,RG,1890,77,D,BK,AK,F
10:39:19,MYOR,RG,1890,159,D,BQ,AK,F
10:39:19,MYOR,RG,1890,381,D,BQ,AK,F
10:39:19,MYOR,RG,1890,2,D,BQ,AK,F
10:39:19,MYOR,RG,1890,117,D,BQ,AK,F
10:39:18,MYOR,RG,1895,31,D,DR,OD,D
10:39:18,MYOR,RG,1895,32,D,DR,XC,D
10:39:18,MYOR,RG,1895,20,D,DR,PD,D
10:39:18,MYOR,RG,1895,2,D,DR,XL,D
10:39:18,MYOR,RG,1895,57,D,DR,KZ,F
10:39:18,MYOR,RG,1895,58,D,DR,AK,F
10:39:03,MYOR,RG,1895,14,D,PD,AK,F
10:38:09,MYOR,RG,1895,5,D,PD,AK,F
10:36:44,MYOR,RG,1895,4,D,XL,AK,F
10:35:57,MYOR,RG,1890,6,D,BQ,YP,D
10:35:51,MYOR,RG,1890,6,D,BQ,KZ,F
10:30:48,MYOR,RG,1890,20,D,BQ,CC,D
10:30:11,MYOR,RG,1890,1,D,BQ,KZ,F
10:30:11,MYOR,RG,1890,9,D,BK,KZ,F
10:30:11,MYOR,RG,1890,1,D,PD,KZ,F
10:30:11,MYOR,RG,1890,3,D,CC,KZ,F
10:29:31,MYOR,RG,1890,9,D,YP,KZ,F
10:29:26,MYOR,RG,1890,3,D,YP,KZ,F
10:29:21,MYOR,RG,1890,1,D,YP,KZ,F
10:28:56,MYOR,RG,1890,1,D,YP,KZ,F
10:27:06,MYOR,RG,1890,2,D,SQ,KZ,F
10:26:36,MYOR,RG,1890,1,D,SQ,KZ,F
10:26:36,MYOR,RG,1890,1,D,SQ,KZ,F
10:26:36,MYOR,RG,1890,6,D,EP,KZ,F
10:25:10,MYOR,RG,1890,1,D,EP,AK,F
10:25:10,MYOR,RG,1890,23,D,EP,YP,D
10:24:29,MYOR,RG,1890,2,D,XC,XC,D
10:24:21,MYOR,RG,1890,6,D,PD,DR,D
10:24:21,MYOR,RG,1890,1,D,CC,DR,D
10:24:21,MYOR,RG,1890,3,D,PD,DR,D
10:23:54,MYOR,RG,1890,2,D,PD,AK,F
10:23:53,MYOR,RG,1895,4,D,YB,AK,F
10:23:46,MYOR,RG,1890,1,D,PD,KZ,F
10:22:04,MYOR,RG,1890,3,D,PD,XC,D
10:21:46,MYOR,RG,1890,1,D,PD,KZ,F
10:21:35,MYOR,RG,1890,1,D,PD,AK,F
10:21:35,MYOR,RG,1890,3,D,PD,AK,F
10:21:18,MYOR,RG,1895,1,D,PD,AK,F
10:21:18,MYOR,RG,1895,1,D,PD,KZ,F
10:21:11,MYOR,RG,1890,3,D,PD,PD,D
10:20:54,MYOR,RG,1895,1,D,XC,YP,D
10:20:36,MYOR,RG,1895,5,D,XC,YP,D
10:19:09,MYOR,RG,1895,2,D,PD,YP,D
10:18:50,MYOR,RG,1890,30,D,PD,NI,D
10:18:41,MYOR,RG,1890,3,D,PD,KZ,F
10:18:41,MYOR,RG,1890,5,D,DH,KZ,F
10:18:41,MYOR,RG,1890,1,D,BK,KZ,F
10:18:41,MYOR,RG,1890,23,D,BK,KZ,F
10:18:41,MYOR,RG,1890,50,D,YP,KZ,F
10:18:41,MYOR,RG,1890,3,D,SQ,KZ,F
10:18:41,MYOR,RG,1890,53,D,YP,KZ,F
10:18:36,MYOR,RG,1895,42,D,PD,YP,D
10:18:33,MYOR,RG,1895,2,D,PD,YP,D
10:17:58,MYOR,RG,1895,2,D,PD,YP,D
10:17:46,MYOR,RG,1895,2,D,PD,YP,D
10:17:15,MYOR,RG,1890,12,D,YP,KZ,F
10:17:13,MYOR,RG,1890,3,D,YP,KZ,F
10:17:13,MYOR,RG,1890,32,D,YP,YP,D
10:17:13,MYOR,RG,1890,10,D,TF,YP,D
10:17:13,MYOR,RG,1890,9,D,CC,YP,D
10:16:43,MYOR,RG,1890,117,D,CC,AK,F
10:16:43,MYOR,RG,1890,8,D,CC,AK,F
10:16:43,MYOR,RG,1890,117,D,CC,AK,F
10:16:43,MYOR,RG,1890,15,D,CC,AK,F
10:16:43,MYOR,RG,1890,20,D,YP,AK,F
10:16:43,MYOR,RG,1890,44,D,BK,AK,F
10:16:43,MYOR,RG,1890,33,D,CC,AK,F
10:16:43,MYOR,RG,1890,1,D,LG,AK,F
10:16:43,MYOR,RG,1890,4,D,NI,AK,F
10:16:42,MYOR,RG,1890,16,D,NI,AK,F
10:16:42,MYOR,RG,1890,25,D,YP,AK,F
10:16:42,MYOR,RG,1890,2,D,AZ,AK,F
10:16:42,MYOR,RG,1890,16,D,XC,AK,F
10:16:42,MYOR,RG,1890,11,D,CC,AK,F
10:16:42,MYOR,RG,1890,2,D,YP,AK,F
10:16:42,MYOR,RG,1890,15,D,YP,AK,F
10:16:42,MYOR,RG,1890,30,D,YP,AK,F
10:16:42,MYOR,RG,1890,1,D,GR,XC,D
10:16:31,MYOR,RG,1890,1,D,GR,KZ,F
10:16:31,MYOR,RG,1890,18,D,BK,KZ,F
10:16:31,MYOR,RG,1890,4,D,YP,KZ,F
10:16:26,MYOR,RG,1890,34,D,YP,KZ,F
10:15:10,MYOR,RG,1895,3,D,XL,YP,D
10:14:08,MYOR,RG,1895,20,D,CC,YP,D
10:12:49,MYOR,RG,1895,53,D,SQ,YP,D
10:11:21,MYOR,RG,1895,18,D,YB,YP,D
10:11:21,MYOR,RG,1895,30,D,YB,BQ,D
10:11:21,MYOR,RG,1895,48,D,YB,CC,F
10:11:21,MYOR,RG,1895,19,D,YB,KZ,F
10:11:21,MYOR,RG,1895,85,D,YB,AK,F
10:09:54,MYOR,RG,1895,1,D,NI,AK,F
10:08:50,MYOR,RG,1895,1,D,YP,YP,D
10:08:47,MYOR,RG,1895,1,D,PD,YP,D
10:06:56,MYOR,RG,1890,24,D,YP,KZ,F
10:06:44,MYOR,RG,1895,1,D,YP,KZ,F
10:04:26,MYOR,RG,1890,5,D,YP,KZ,F
10:03:57,MYOR,RG,1895,10,D,XL,KZ,F
10:01:55,MYOR,RG,1890,15,D,YP,DH,D
10:01:47,MYOR,RG,1895,10,D,PD,KZ,F
09:59:19,MYOR,RG,1895,86,F,AK,YB,D
09:59:19,MYOR,RG,1895,97,F,AK,AK,F
09:59:19,MYOR,RG,1895,17,F,AK,CC,F
09:59:19,MYOR,RG,1895,25,F,AK,XC,D
09:59:19,MYOR,RG,1895,16,F,AK,KZ,F
09:59:19,MYOR,RG,1895,75,F,AK,OD,D
09:59:19,MYOR,RG,1895,1,F,AK,KZ,F
09:59:19,MYOR,RG,1895,1,F,AK,KZ,F
09:59:19,MYOR,RG,1895,2,F,AK,BK,F
09:59:09,MYOR,RG,1895,1,D,XL,BK,F
09:56:48,MYOR,RG,1895,6,D,YB,KZ,F
09:54:52,MYOR,RG,1895,2,D,PD,LG,D
09:54:47,MYOR,RG,1895,3,D,DR,LG,D
09:54:47,MYOR,RG,1895,2,D,DR,LG,D
09:54:47,MYOR,RG,1895,17,D,BK,LG,D
09:54:47,MYOR,RG,1895,1,D,XC,LG,D
09:54:01,MYOR,RG,1895,1,D,XC,KZ,F
09:52:40,MYOR,RG,1895,14,D,YP,KZ,F
09:52:40,MYOR,RG,1895,4,D,YP,KZ,F
09:52:40,MYOR,RG,1895,2,D,YP,BK,F
09:52:11,MYOR,RG,1890,50,D,YP,CC,D
09:50:53,MYOR,RG,1895,14,D,CC,BK,F
09:50:53,MYOR,RG,1895,43,D,CC,KZ,F
09:50:25,MYOR,RG,1895,66,D,BK,KZ,F
09:50:25,MYOR,RG,1895,2,D,BK,KK,D
09:49:55,MYOR,RG,1900,16,D,BK,CC,D
09:49:52,MYOR,RG,1900,32,D,BK,CC,D
09:49:50,MYOR,RG,1895,119,D,BQ,YU,F
09:49:50,MYOR,RG,1895,7,D,BQ,KZ,F
09:49:50,MYOR,RG,1895,22,D,BQ,BK,F
09:49:50,MYOR,RG,1895,95,D,BQ,AK,F
09:49:50,MYOR,RG,1895,75,D,BQ,OD,D
09:49:50,MYOR,RG,1895,1,D,BQ,PD,D
09:49:50,MYOR,RG,1895,41,D,BQ,KZ,F
09:49:44,MYOR,RG,1895,31,D,BQ,KZ,F
09:49:41,MYOR,RG,1895,24,D,BQ,KZ,F
09:49:41,MYOR,RG,1895,6,D,BQ,PD,D
09:49:41,MYOR,RG,1895,1,D,BQ,KZ,F
09:49:41,MYOR,RG,1895,1,D,BQ,KZ,F
09:49:41,MYOR,RG,1895,88,D,BQ,AK,F
09:49:41,MYOR,RG,1895,24,D,BQ,BK,F
09:49:41,MYOR,RG,1895,50,D,BQ,YP,D
09:49:41,MYOR,RG,1895,160,D,BQ,YU,F
09:49:41,MYOR,RG,1895,6,D,BQ,KZ,F
09:49:37,MYOR,RG,1895,2,D,BQ,KZ,F
09:49:33,MYOR,RG,1895,13,D,BQ,KZ,F
09:49:33,MYOR,RG,1895,75,D,BQ,OD,D
09:49:33,MYOR,RG,1895,12,D,BQ,BK,F
09:47:53,MYOR,RG,1895,1,D,PD,BK,F
09:47:14,MYOR,RG,1890,5,D,YP,YB,D
09:46:49,MYOR,RG,1890,1,D,YP,PD,D
09:45:50,MYOR,RG,1895,3,D,PD,BK,F
09:45:26,MYOR,RG,1890,28,D,YP,KZ,F
09:40:22,MYOR,RG,1895,4,D,PD,KZ,F
09:40:22,MYOR,RG,1895,3,D,BK,KZ,F
09:40:20,MYOR,RG,1895,13,D,BK,AK,F
09:40:20,MYOR,RG,1895,104,D,BQ,AK,F
09:40:20,MYOR,RG,1895,4,D,BQ,KZ,F
09:40:20,MYOR,RG,1895,5,D,BQ,YB,D
09:40:02,MYOR,RG,1900,5,D,PD,CC,D
09:39:51,MYOR,RG,1900,1,D,PD,CC,D
09:39:26,MYOR,RG,1895,13,D,BQ,KZ,F
09:39:24,MYOR,RG,1895,15,D,BQ,ES,D
09:39:24,MYOR,RG,1895,8,D,BQ,XC,D
09:39:24,MYOR,RG,1895,26,D,BQ,BK,F
09:39:24,MYOR,RG,1895,1,D,BQ,KZ,F
09:39:24,MYOR,RG,1895,1,D,BQ,KZ,F
09:39:24,MYOR,RG,1895,3,D,BQ,KZ,F
09:39:06,MYOR,RG,1895,2,D,GR,KZ,F
09:39:06,MYOR,RG,1895,16,D,GR,AK,F
09:39:03,MYOR,RG,1895,2,D,GR,KZ,F
09:39:03,MYOR,RG,1895,5,D,YB,KZ,F
09:39:03,MYOR,RG,1895,10,D,YP,KZ,F
09:39:03,MYOR,RG,1895,33,D,BK,KZ,F
09:39:01,MYOR,RG,1895,23,D,BK,AK,F
09:39:01,MYOR,RG,1895,12,D,BQ,AK,F
09:39:01,MYOR,RG,1900,13,D,BK,CC,D
09:39:01,MYOR,RG,1900,2,D,BK,NI,D
09:39:01,MYOR,RG,1895,1,D,BQ,KZ,F
09:39:01,MYOR,RG,1900,1,D,PD,NI,D
09:39:00,MYOR,RG,1895,117,D,BQ,AK,F
09:39:00,MYOR,RG,1895,35,D,BQ,KZ,F
09:39:00,MYOR,RG,1895,117,D,BQ,AK,F
09:38:57,MYOR,RG,1895,45,D,BQ,KZ,F
09:38:57,MYOR,RG,1895,150,D,BQ,OD,D
09:38:26,MYOR,RG,1895,1,D,BQ,KZ,F
09:38:21,MYOR,RG,1895,1,D,BQ,KZ,F
09:38:06,MYOR,RG,1895,3,D,BQ,YP,D
09:37:56,MYOR,RG,1895,1,D,BQ,KZ,F
09:37:51,MYOR,RG,1895,7,D,BQ,KZ,F
09:37:11,MYOR,RG,1895,22,D,BQ,CC,D
09:36:36,MYOR,RG,1895,6,D,BQ,KZ,F
09:35:21,MYOR,RG,1895,20,D,BQ,AZ,D
09:35:17,MYOR,RG,1895,2,D,BQ,PD,D
09:35:17,MYOR,RG,1895,6,D,PD,PD,D
09:35:17,MYOR,RG,1895,1,D,YP,PD,D
09:35:17,MYOR,RG,1895,1,D,XL,PD,D
09:34:49,MYOR,RG,1895,4,D,XL,XC,D
09:34:49,MYOR,RG,1895,1,D,XC,XC,D
09:34:49,MYOR,RG,1895,2,D,BK,XC,D
09:34:32,MYOR,RG,1895,1,D,BK,PD,D
09:33:33,MYOR,RG,1895,5,D,BK,YB,D
09:31:59,MYOR,RG,1895,1,D,BK,KZ,F
09:31:59,MYOR,RG,1895,1,D,BK,CC,D
09:31:43,MYOR,RG,1895,1,D,BK,KZ,F
09:31:40,MYOR,RG,1895,2,D,BK,KZ,F
09:31:40,MYOR,RG,1895,3,D,BK,YP,D
09:31:40,MYOR,RG,1895,7,D,BQ,YP,D
09:31:38,MYOR,RG,1895,3,D,BQ,KZ,F
09:31:38,MYOR,RG,1895,10,D,BQ,YJ,D
09:31:27,MYOR,RG,1895,5,D,BQ,KZ,F
09:31:25,MYOR,RG,1895,10,D,BQ,KZ,F
09:31:25,MYOR,RG,1895,15,D,BQ,YP,D
09:31:25,MYOR,RG,1895,2,D,XC,YP,D
09:31:25,MYOR,RG,1895,33,D,KK,YP,D
09:31:04,MYOR,RG,1895,1,D,KK,KZ,F
09:31:04,MYOR,RG,1895,5,D,KK,YB,D
09:28:45,MYOR,RG,1895,9,D,KK,KZ,F
09:28:45,MYOR,RG,1895,26,D,KK,YB,D
09:28:33,MYOR,RG,1900,2,D,AZ,NI,D
09:28:33,MYOR,RG,1900,3,D,AZ,YJ,D
09:27:15,MYOR,RG,1895,1,D,KK,KZ,F
09:27:13,MYOR,RG,1895,1,D,CC,KZ,F
09:27:13,MYOR,RG,1895,1,D,XC,KZ,F
09:27:13,MYOR,RG,1895,1,D,XC,PD,D
09:27:13,MYOR,RG,1895,2,D,XC,PD,D
09:27:13,MYOR,RG,1895,7,D,BK,PD,D
09:26:58,MYOR,RG,1895,1,D,BK,KZ,F
09:26:58,MYOR,RG,1895,3,D,BK,XC,D
09:25:07,MYOR,RG,1895,5,D,BK,KZ,F
09:25:07,MYOR,RG,1895,20,D,BK,AG,D
09:24:43,MYOR,RG,1895,15,D,BQ,XC,D
09:24:24,MYOR,RG,1895,2,D,BQ,PD,D
09:24:02,MYOR,RG,1900,7,D,DR,YJ,D
09:24:02,MYOR,RG,1900,1,D,DR,YP,D
09:24:02,MYOR,RG,1900,10,D,DR,LG,D
09:24:02,MYOR,RG,1900,1,D,DR,PD,D
09:24:02,MYOR,RG,1900,1,D,DR,XC,D
09:24:02,MYOR,RG,1900,12,D,DR,KZ,F
09:23:42,MYOR,RG,1895,7,D,BQ,KZ,F
09:23:40,MYOR,RG,1895,1,D,BQ,AK,F
09:23:40,MYOR,RG,1895,2,D,BQ,AK,F
09:23:40,MYOR,RG,1895,17,D,BQ,AK,F
09:23:40,MYOR,RG,1895,2,D,BQ,AK,F
09:23:40,MYOR,RG,1895,59,D,BQ,KZ,F
09:23:40,MYOR,RG,1895,200,D,BQ,YP,D
09:23:36,MYOR,RG,1900,1,D,CC,KZ,F
09:21:46,MYOR,RG,1895,6,D,BQ,KZ,F
09:21:43,MYOR,RG,1895,1,D,BQ,XC,D
09:18:41,MYOR,RG,1895,1,D,BQ,AT,D
09:18:41,MYOR,RG,1895,7,D,BQ,KZ,F
09:18:41,MYOR,RG,1895,4,D,BQ,KZ,F
09:18:41,MYOR,RG,1895,31,D,BQ,CC,D
09:17:32,MYOR,RG,1895,1,D,BK,AK,F
09:17:32,MYOR,RG,1895,3,D,BK,KZ,F
09:17:32,MYOR,RG,1895,25,D,BK,PD,D
09:17:32,MYOR,RG,1895,10,D,NI,PD,D
09:17:14,MYOR,RG,1895,2,D,NI,KZ,F
09:17:14,MYOR,RG,1895,5,D,NI,PD,D
09:16:52,MYOR,RG,1895,1,D,NI,KZ,F
09:16:52,MYOR,RG,1895,2,D,NI,XC,D
09:16:47,MYOR,RG,1895,1,D,YP,XC,D
09:16:47,MYOR,RG,1895,1,D,YP,KZ,F
09:16:47,MYOR,RG,1895,13,D,YP,KZ,F
09:16:47,MYOR,RG,1895,1,D,YP,KZ,F
09:16:47,MYOR,RG,1895,4,D,YP,AG,D
09:16:05,MYOR,RG,1895,1,D,NI,AG,D
09:16:00,MYOR,RG,1895,10,D,XC,AG,D
09:16:00,MYOR,RG,1895,5,D,SQ,AG,D
09:16:00,MYOR,RG,1895,20,D,AZ,AG,D
09:16:00,MYOR,RG,1895,5,D,PD,AG,D
09:16:00,MYOR,RG,1895,2,D,XC,AG,D
09:16:00,MYOR,RG,1895,3,D,BK,AG,D
09:15:29,MYOR,RG,1895,5,D,BK,YP,D
09:15:04,MYOR,RG,1895,2,D,BK,AK,F
09:14:18,MYOR,RG,1895,5,D,BK,XC,D
09:14:05,MYOR,RG,1895,4,D,BK,XC,D
09:13:51,MYOR,RG,1900,4,D,PD,KZ,F
09:13:24,MYOR,RG,1900,1,D,XL,KZ,F
09:12:20,MYOR,RG,1900,9,D,XC,KZ,F
09:12:13,MYOR,RG,1900,1,D,LG,KZ,F
09:11:36,MYOR,RG,1900,10,D,NI,KZ,F
09:11:36,MYOR,RG,1900,2,D,NI,XL,D
09:11:36,MYOR,RG,1900,4,D,NI,PD,D
09:11:36,MYOR,RG,1900,2,D,NI,AZ,D
09:11:36,MYOR,RG,1900,32,D,NI,CC,D
09:11:22,MYOR,RG,1900,20,D,EP,CC,D
09:11:16,MYOR,RG,1900,1,D,PD,CC,D
09:10:35,MYOR,RG,1900,50,D,CC,CC,D
09:10:20,MYOR,RG,1900,1,D,PD,CC,D
09:09:48,MYOR,RG,1895,1,D,BK,SQ,D
09:09:44,MYOR,RG,1895,2,D,BK,KZ,F
09:09:44,MYOR,RG,1895,6,D,BK,YP,D
09:09:23,MYOR,RG,1895,3,D,BK,KZ,F
09:09:23,MYOR,RG,1895,8,D,YP,KZ,F
09:09:23,MYOR,RG,1895,37,D,YP,PD,D
09:09:21,MYOR,RG,1895,1,D,YP,KZ,F
09:09:16,MYOR,RG,1895,2,D,YP,EP,D
09:08:17,MYOR,RG,1895,1,D,YP,KZ,F
09:08:15,MYOR,RG,1895,2,D,YP,KZ,F
09:08:15,MYOR,RG,1895,1,D,YP,KZ,F
09:08:15,MYOR,RG,1895,21,D,YP,KZ,F
09:08:15,MYOR,RG,1895,6,D,YP,KK,D
09:07:14,MYOR,RG,1890,11,D,YP,KZ,F
09:07:12,MYOR,RG,1895,11,D,AZ,KK,D
09:07:12,MYOR,RG,1895,27,D,BK,KK,D
09:07:12,MYOR,RG,1895,56,D,YB,KK,D
09:06:53,MYOR,RG,1900,4,D,XL,CC,D
09:06:35,MYOR,RG,1900,5,D,XC,CC,D
09:05:53,MYOR,RG,1900,2,D,SQ,CC,D
09:05:19,MYOR,RG,1895,1,D,YB,NI,D
09:05:16,MYOR,RG,1895,7,D,YB,KZ,F
09:05:16,MYOR,RG,1895,20,D,YB,AG,D
09:05:05,MYOR,RG,1895,1,D,YB,SQ,D
09:04:56,MYOR,RG,1895,15,D,YB,KZ,F
09:04:56,MYOR,RG,1895,13,D,BK,KZ,F
09:04:56,MYOR,RG,1895,7,D,BK,CC,D
09:04:56,MYOR,RG,1895,93,D,YB,CC,D
09:04:29,MYOR,RG,1895,7,D,YB,KZ,F
09:04:16,MYOR,RG,1895,17,D,BK,KZ,F
09:04:15,MYOR,RG,1895,1,D,CC,KZ,F
09:04:15,MYOR,RG,1895,15,D,BK,KZ,F
09:04:13,MYOR,RG,1900,185,D,YB,CC,D
09:04:13,MYOR,RG,1900,2,D,YB,XL,D
09:04:13,MYOR,RG,1900,6,D,YB,KZ,F
09:04:13,MYOR,RG,1900,7,D,YB,NI,D
09:03:48,MYOR,RG,1890,100,D,YP,AG,D
09:03:47,MYOR,RG,1890,23,D,YP,CC,F
09:03:35,MYOR,RG,1890,16,D,BK,KZ,F
09:03:33,MYOR,RG,1885,36,D,BQ,KZ,F
09:03:33,MYOR,RG,1880,1,D,PD,KZ,F
09:03:33,MYOR,RG,1880,10,D,PD,KZ,F
09:03:33,MYOR,RG,1880,10,D,SQ,KZ,F
09:03:33,MYOR,RG,1880,20,D,YU,KZ,F
09:03:31,MYOR,RG,1880,8,D,YU,KZ,F
09:03:29,MYOR,RG,1885,2,D,BQ,KZ,F
09:03:26,MYOR,RG,1885,140,D,BQ,BK,F
09:03:26,MYOR,RG,1885,10,D,BQ,KZ,F
09:03:14,MYOR,RG,1880,18,D,YU,AK,F
09:03:02,MYOR,RG,1895,16,D,BB,BK,F
09:02:59,MYOR,RG,1880,33,D,YU,KZ,F
09:02:59,MYOR,RG,1885,1,D,AZ,AK,F
09:02:56,MYOR,RG,1895,2,D,BB,BK,F
09:02:56,MYOR,RG,1880,20,D,YU,YP,D
09:02:56,MYOR,RG,1880,1,D,YU,KZ,F
09:02:54,MYOR,RG,1890,57,D,BB,BK,F
09:02:54,MYOR,RG,1885,15,D,BB,BK,F
09:02:54,MYOR,RG,1885,2,D,PD,BK,F
09:02:54,MYOR,RG,1885,19,D,KK,BK,F
09:02:54,MYOR,RG,1890,1,D,BB,XL,D
09:02:54,MYOR,RG,1885,13,D,KK,KZ,F
09:02:52,MYOR,RG,1885,18,D,KK,KZ,F
09:02:52,MYOR,RG,1890,18,D,BK,XL,D
09:02:52,MYOR,RG,1890,10,D,LG,XL,D
09:02:52,MYOR,RG,1890,20,D,CC,XL,D
09:02:52,MYOR,RG,1890,51,D,AT,XL,D
09:02:29,MYOR,RG,1900,5,D,BB,NI,D
09:02:28,MYOR,RG,1900,5,D,YB,NI,D
09:02:17,MYOR,RG,1890,1,D,AT,XL,D
09:02:17,MYOR,RG,1895,9,D,BB,CC,F
09:02:17,MYOR,RG,1895,14,D,BK,CC,F
09:02:16,MYOR,RG,1895,3,D,BK,YP,D
09:02:16,MYOR,RG,1895,2,D,LG,YP,D
09:02:15,MYOR,RG,1900,3,D,XL,NI,D
09:01:52,MYOR,RG,1905,1,D,BB,YP,D
09:01:48,MYOR,RG,1905,1,D,NI,YP,D
09:01:42,MYOR,RG,1905,2,D,BB,YP,D
09:01:42,MYOR,RG,1905,1,D,PD,YP,D
09:01:36,MYOR,RG,1905,4,D,YP,YP,D
09:01:36,MYOR,RG,1905,1,D,YP,KZ,F
09:01:34,MYOR,RG,1905,1,D,BB,KZ,F
09:01:33,MYOR,RG,1900,1,D,AZ,XL,D
09:01:33,MYOR,RG,1900,1,D,AZ,YP,D
09:00:27,MYOR,RG,1905,10,D,BB,KZ,F
09:00:27,MYOR,RG,1905,2,D,BB,PD,D
09:00:27,MYOR,RG,1905,5,D,BB,PD,D
09:00:27,MYOR,RG,1905,14,D,BB,AZ,D
09:00:27,MYOR,RG,1905,11,D,BB,AZ,D
09:00:27,MYOR,RG,1895,11,D,BB,KZ,F
09:00:18,MYOR,RG,1890,1,D,AT,KZ,F
09:00:18,MYOR,RG,1890,16,D,BK,KZ,F
09:00:16,MYOR,RG,1895,2,D,BK,KZ,F
09:00:14,MYOR,RG,1905,5,D,BB,AZ,D
09:00:14,MYOR,RG,1895,4,D,BK,KZ,F
09:00:14,MYOR,RG,1905,5,D,YP,AZ,D
09:00:14,MYOR,RG,1905,79,D,YP,ZP,D
09:00:14,MYOR,RG,1900,1,D,YP,XC,D
09:00:12,MYOR,RG,1895,10,D,BK,AK,F
09:00:12,MYOR,RG,1905,1,D,BB,ZP,D
09:00:10,MYOR,RG,1905,2,D,BB,ZP,D
09:00:10,MYOR,RG,1890,3,D,BB,KZ,F
09:00:10,MYOR,RG,1890,15,D,BB,KZ,F
09:00:10,MYOR,RG,1890,1,D,PD,KZ,F
09:00:10,MYOR,RG,1890,4,D,PD,KZ,F
09:00:10,MYOR,RG,1890,28,D,KK,KZ,F
09:00:09,MYOR,RG,1905,1,D,YP,ZP,D
09:00:05,MYOR,RG,1905,1,D,BB,ZP,D
09:00:05,MYOR,RG,1890,8,D,KK,XC,D
09:00:05,MYOR,RG,1905,1,D,BB,ZP,D
09:00:04,MYOR,RG,1900,35,D,BB,AZ,D
09:00:04,MYOR,RG,1900,13,D,BB,AZ,D
09:00:04,MYOR,RG,1890,2,D,KK,XC,D
09:00:03,MYOR,RG,1900,1,D,BB,NI,D
09:00:02,MYOR,RG,1890,2,D,KK,GR,D
09:00:02,MYOR,RG,1890,2,D,BB,GR,D
09:00:02,MYOR,RG,1890,100,D,YB,GR,D
09:00:02,MYOR,RG,1890,1,D,DH,GR,D
09:00:01,MYOR,RG,1890,4,D,DH,SQ,D
