Time,Stock,Brd,Price,Qty,BT,BC,SC,ST
15:14:53,MYOR,RG,1760,2,D,PD,RX,F
15:14:26,MYOR,RG,1760,1,D,XA,RX,F
15:12:14,MYOR,RG,1760,50,D,YP,RX,F
15:12:07,MYOR,RG,1760,2,D,XL,RX,F
15:11:42,MYOR,RG,1760,5,D,XC,RX,F
15:11:29,MYOR,RG,1760,31,D,YP,RX,F
15:10:06,MYOR,RG,1760,469,D,DR,RX,F
15:10:06,MYOR,RG,1760,5,D,DR,PD,D
15:10:06,MYOR,RG,1760,82,D,DR,KK,D
15:09:58,MYOR,RG,1760,18,D,DR,KK,D
15:09:58,MYOR,RG,1760,3,D,DR,EP,D
15:09:58,MYOR,RG,1760,10,D,DR,EP,D
15:09:58,MYOR,RG,1760,200,D,DR,CC,D
15:09:58,MYOR,RG,1760,19,D,DR,RX,F
15:09:14,MYOR,RG,1760,1,D,YB,RX,F
15:07:47,MYOR,RG,1760,71,D,PD,RX,F
15:06:44,MYOR,RG,1760,217,D,NI,RX,F
15:06:10,MYOR,RG,1760,50,D,HP,RX,F
15:05:15,MYOR,RG,1760,2,D,KK,RX,F
15:05:06,MYOR,RG,1760,1,D,PD,RX,F
15:04:59,MYOR,RG,1760,10,D,XC,RX,F
15:03:22,MYOR,RG,1760,1,D,XC,RX,F
15:03:02,MYOR,RG,1760,1,D,XC,RX,F
15:02:56,MYOR,RG,1760,6,D,XC,RX,F
15:02:33,MYOR,RG,1760,5,D,YB,RX,F
15:02:02,MYOR,RG,1760,30,D,CC,RX,F
15:01:45,MYOR,RG,1760,6,D,AT,RX,F
15:01:43,MYOR,RG,1760,6,D,PD,RX,F
15:01:13,MYOR,RG,1760,3,D,YP,RX,F
15:01:04,MYOR,RG,1760,25,D,CC,RX,F
15:01:03,MYOR,RG,1760,1,D,PD,RX,F
15:01:03,MYOR,RG,1760,2,D,PD,RX,F
15:01:03,MYOR,RG,1760,3,D,CC,RX,F
15:01:03,MYOR,RG,1760,400,D,YP,RX,F
15:01:03,MYOR,RG,1760,640,D,SQ,RX,F
15:01:00,MYOR,RG,1760,123,D,SQ,XC,D
15:01:00,MYOR,RG,1760,4,D,SQ,XC,D
15:00:00,MYOR,RG,1760,5,D,SQ,PD,D
15:00:00,MYOR,RG,1760,30,D,SQ,PD,D
15:00:00,MYOR,RG,1760,698,D,SQ,RX,F
15:00:00,MYOR,RG,1760,10,D,YP,RX,F
15:00:00,MYOR,RG,1760,2,D,XC,RX,F
15:00:00,MYOR,RG,1760,2,D,PD,RX,F
15:00:00,MYOR,RG,1760,2,D,YP,RX,F
15:00:00,MYOR,RG,1760,30,D,NI,RX,F
15:00:00,MYOR,RG,1760,51,D,XC,RX,F
15:00:00,MYOR,RG,1760,6,D,XL,RX,F
15:00:00,MYOR,RG,1760,7,D,KK,RX,F
15:00:00,MYOR,RG,1760,20,D,YP,RX,F
15:00:00,MYOR,RG,1760,30,D,HP,RX,F
15:00:00,MYOR,RG,1760,5,D,CC,RX,F
15:00:00,MYOR,RG,1760,1,D,PD,RX,F
15:00:00,MYOR,RG,1760,1,D,YP,RX,F
15:00:00,MYOR,RG,1760,1,D,PD,RX,F
15:00:00,MYOR,RG,1760,30,D,DX,RX,F
15:00:00,MYOR,RG,1760,10,D,NI,RX,F
15:00:00,MYOR,RG,1760,12,D,YB,RX,F
15:00:00,MYOR,RG,1760,2,D,PD,RX,F
15:00:00,MYOR,RG,1760,10,D,GR,RX,F
15:00:00,MYOR,RG,1760,1,D,PD,RX,F
15:00:00,MYOR,RG,1760,69,D,XC,RX,F
15:00:00,MYOR,RG,1760,66,D,XC,EP,D
15:00:00,MYOR,RG,1760,1,D,XC,XC,D
15:00:00,MYOR,RG,1760,64,D,XC,HP,D
15:00:00,MYOR,RG,1760,136,D,XC,HP,D
15:00:00,MYOR,RG,1760,10,D,XC,CC,D
15:00:00,MYOR,RG,1760,55,D,XC,XC,D
15:00:00,MYOR,RG,1760,30,D,XC,DH,D
15:00:00,MYOR,RG,1760,1,D,XC,KK,D
15:00:00,MYOR,RG,1760,1,D,XC,PD,D
15:00:00,MYOR,RG,1760,13,D,XC,XC,D
15:00:00,MYOR,RG,1760,2,D,XC,XC,D
15:00:00,MYOR,RG,1760,1,D,XC,YP,D
15:00:00,MYOR,RG,1760,1,D,XC,XC,D
15:00:00,MYOR,RG,1760,40,D,XC,YB,D
15:00:00,MYOR,RG,1760,10,D,XC,CC,D
15:00:00,MYOR,RG,1760,15,D,XC,DR,D
15:00:00,MYOR,RG,1760,3,D,XC,DH,D
15:00:00,MYOR,RG,1760,6,D,XC,PD,D
15:00:00,MYOR,RG,1760,5,D,XC,YP,D
15:00:00,MYOR,RG,1760,10,D,XC,YP,D
15:00:00,MYOR,RG,1760,61,D,XC,CC,D
15:00:00,MYOR,RG,1760,104,D,DR,CC,D
15:00:00,MYOR,RG,1760,50,D,DR,SQ,D
15:00:00,MYOR,RG,1760,15,D,DR,YB,D
15:00:00,MYOR,RG,1760,10,D,DR,LG,D
15:00:00,MYOR,RG,1760,611,D,DR,CC,D
15:00:00,MYOR,RG,1760,127,D,YP,CC,D
15:00:00,MYOR,RG,1760,1,D,YP,GR,D
15:00:00,MYOR,RG,1760,20,D,YP,PD,D
15:00:00,MYOR,RG,1760,3,D,YP,YP,D
15:00:00,MYOR,RG,1760,20,D,YP,YP,D
15:00:00,MYOR,RG,1760,10,D,YP,PD,D
15:00:00,MYOR,RG,1760,17,D,YP,YP,D
15:00:00,MYOR,RG,1760,20,D,YP,YP,D
15:00:00,MYOR,RG,1760,32,D,YP,KK,D
15:00:00,MYOR,RG,1760,2,D,HP,KK,D
15:00:00,MYOR,RG,1760,54,F,CS,KK,D
15:00:00,MYOR,RG,1760,59,F,CS,YP,D
15:00:00,MYOR,RG,1760,853,F,CS,CS,F
15:00:00,MYOR,RG,1760,20,F,AK,CS,F
15:00:00,MYOR,RG,1760,19,F,AK,CS,F
14:49:45,MYOR,RG,1760,1,F,AK,CC,D
14:49:38,MYOR,RG,1750,6,D,PD,RX,F
14:49:35,MYOR,RG,1760,5,D,PD,CC,D
14:49:35,MYOR,RG,1750,16,D,PD,XC,D
14:49:35,MYOR,RG,1755,9,D,LG,XC,D
14:49:23,MYOR,RG,1755,4,D,LG,KK,D
14:49:23,MYOR,RG,1755,9,D,LG,RX,F
14:49:23,MYOR,RG,1755,28,D,LG,YP,D
14:49:22,MYOR,RG,1750,1,D,PD,RX,F
14:49:21,MYOR,RG,1750,4,D,PD,YP,D
14:49:21,MYOR,RG,1750,1,D,PD,RX,F
14:49:18,MYOR,RG,1750,3,D,PD,RX,F
14:49:18,MYOR,RG,1755,2,D,XC,YP,D
14:49:18,MYOR,RG,1755,3,D,XC,XC,D
14:49:17,MYOR,RG,1750,10,D,PD,SQ,D
14:49:12,MYOR,RG,1750,1,D,PD,RX,F
14:48:55,MYOR,RG,1755,6,D,HP,XC,D
14:48:49,MYOR,RG,1755,1,D,YP,XC,D
14:48:49,MYOR,RG,1755,4,D,YP,RX,F
14:48:47,MYOR,RG,1755,6,D,NI,RX,F
14:48:43,MYOR,RG,1755,3,D,AT,RX,F
14:48:42,MYOR,RG,1750,10,D,PD,XC,D
14:48:40,MYOR,RG,1750,13,D,PD,YP,D
14:48:20,MYOR,RG,1755,5,D,XC,RX,F
14:48:20,MYOR,RG,1750,145,D,PD,RX,F
14:48:19,MYOR,RG,1750,109,D,PD,AK,F
14:48:19,MYOR,RG,1750,262,D,PD,AK,F
14:48:19,MYOR,RG,1750,191,D,PD,AK,F
14:48:19,MYOR,RG,1750,180,D,PD,AK,F
14:48:19,MYOR,RG,1750,932,D,PD,RX,F
14:48:18,MYOR,RG,1745,60,D,DR,AZ,D
14:48:17,MYOR,RG,1750,3,D,PD,RX,F
14:48:17,MYOR,RG,1745,15,D,DR,BK,F
14:48:17,MYOR,RG,1745,1,D,PD,BK,F
14:48:17,MYOR,RG,1745,1,D,PD,BK,F
14:48:17,MYOR,RG,1745,10,D,NI,BK,F
14:48:17,MYOR,RG,1745,60,D,XC,BK,F
14:48:17,MYOR,RG,1745,2,D,LG,BK,F
14:48:14,MYOR,RG,1750,3,D,NI,BK,F
14:48:14,MYOR,RG,1750,5,D,PD,BK,F
14:48:14,MYOR,RG,1750,1,F,AK,BK,F
14:48:14,MYOR,RG,1750,1,D,YU,BK,F
14:48:14,MYOR,RG,1750,60,D,YU,YP,D
14:48:11,MYOR,RG,1750,39,D,YU,RX,F
14:48:11,MYOR,RG,1750,3,D,CC,RX,F
14:48:11,MYOR,RG,1750,100,D,KK,RX,F
14:48:11,MYOR,RG,1750,5,D,YP,RX,F
14:48:11,MYOR,RG,1750,2,D,DR,RX,F
14:48:11,MYOR,RG,1750,8,D,XC,RX,F
14:48:11,MYOR,RG,1750,239,D,PD,RX,F
14:48:11,MYOR,RG,1750,738,D,PD,RX,F
14:48:11,MYOR,RG,1750,1022,D,PD,RX,F
14:48:11,MYOR,RG,1750,10,D,PD,RX,F
14:48:11,MYOR,RG,1750,1,D,PD,RX,F
14:48:11,MYOR,RG,1750,10,D,NI,RX,F
14:48:11,MYOR,RG,1750,1,D,PD,RX,F
14:48:11,MYOR,RG,1750,5,D,RG,RX,F
14:48:11,MYOR,RG,1750,5,D,RG,RX,F
14:48:11,MYOR,RG,1750,5,D,CC,RX,F
14:48:11,MYOR,RG,1750,9,D,XL,RX,F
14:48:11,MYOR,RG,1750,5,D,XL,RX,F
14:48:11,MYOR,RG,1750,50,D,PD,RX,F
14:48:11,MYOR,RG,1750,28,D,XC,RX,F
14:48:11,MYOR,RG,1750,20,D,XC,RX,F
14:48:11,MYOR,RG,1750,10,D,XC,RX,F
14:48:11,MYOR,RG,1750,8,D,NI,RX,F
14:48:11,MYOR,RG,1750,1,D,XC,RX,F
14:48:11,MYOR,RG,1750,2,D,EP,RX,F
14:48:11,MYOR,RG,1750,2,D,PD,RX,F
14:48:11,MYOR,RG,1750,5,D,YP,RX,F
14:48:11,MYOR,RG,1750,30,D,CC,RX,F
14:48:11,MYOR,RG,1750,1,D,XA,RX,F
14:48:11,MYOR,RG,1750,10,D,XC,RX,F
14:48:11,MYOR,RG,1750,2,D,XC,RX,F
14:48:11,MYOR,RG,1750,1,D,KK,RX,F
14:48:11,MYOR,RG,1750,10,D,PD,RX,F
14:48:11,MYOR,RG,1750,150,D,CC,RX,F
14:48:11,MYOR,RG,1750,11,D,NI,RX,F
14:48:11,MYOR,RG,1750,5,D,KK,RX,F
14:48:11,MYOR,RG,1750,50,D,XC,RX,F
14:48:11,MYOR,RG,1750,2,D,PD,RX,F
14:48:11,MYOR,RG,1750,15,D,CC,RX,F
14:48:11,MYOR,RG,1750,23,D,EP,RX,F
14:48:11,MYOR,RG,1750,10,D,XC,RX,F
14:48:11,MYOR,RG,1750,50,D,CC,RX,F
14:48:11,MYOR,RG,1750,7,D,PD,RX,F
14:48:11,MYOR,RG,1750,10,D,XC,RX,F
14:48:11,MYOR,RG,1750,10,D,KK,RX,F
14:48:11,MYOR,RG,1750,10,D,AT,RX,F
14:48:11,MYOR,RG,1750,3,D,XL,RX,F
14:48:11,MYOR,RG,1750,114,D,GR,RX,F
14:48:11,MYOR,RG,1750,10,D,PD,RX,F
14:48:11,MYOR,RG,1750,5,D,PD,RX,F
14:48:11,MYOR,RG,1750,5,D,XL,RX,F
14:48:11,MYOR,RG,1750,5,D,AT,RX,F
14:48:11,MYOR,RG,1750,3,D,EP,RX,F
14:48:11,MYOR,RG,1750,3,D,XC,RX,F
14:48:11,MYOR,RG,1750,5,D,YP,RX,F
14:48:11,MYOR,RG,1750,10,D,YP,RX,F
14:48:11,MYOR,RG,1750,10,D,XL,RX,F
14:48:11,MYOR,RG,1750,1,D,YP,RX,F
14:48:11,MYOR,RG,1750,5,D,XL,RX,F
14:48:11,MYOR,RG,1750,5,D,XL,RX,F
14:48:11,MYOR,RG,1750,6,D,PD,RX,F
14:48:11,MYOR,RG,1750,1,D,CC,RX,F
14:48:11,MYOR,RG,1750,12,D,XC,RX,F
14:48:11,MYOR,RG,1750,2,D,XC,RX,F
14:48:11,MYOR,RG,1750,4,D,XC,RX,F
14:48:11,MYOR,RG,1750,1,D,DR,RX,F
14:48:11,MYOR,RG,1750,3,D,PD,RX,F
14:48:11,MYOR,RG,1750,9,D,CC,RX,F
14:48:11,MYOR,RG,1750,5,D,PD,RX,F
14:48:11,MYOR,RG,1750,1,D,PD,RX,F
14:48:11,MYOR,RG,1750,15,D,KK,RX,F
14:48:11,MYOR,RG,1750,1,D,PD,RX,F
14:48:11,MYOR,RG,1750,5,D,GR,RX,F
14:48:11,MYOR,RG,1750,100,D,EP,RX,F
14:48:11,MYOR,RG,1750,1,D,XC,RX,F
14:48:11,MYOR,RG,1750,1,D,KK,RX,F
14:48:11,MYOR,RG,1750,1,D,PD,RX,F
14:48:11,MYOR,RG,1750,3,D,PD,RX,F
14:48:11,MYOR,RG,1750,3,D,PD,RX,F
14:48:11,MYOR,RG,1750,10,D,KK,RX,F
14:48:11,MYOR,RG,1750,10,D,XL,RX,F
14:48:11,MYOR,RG,1750,50,D,YP,RX,F
14:48:11,MYOR,RG,1750,20,D,HP,RX,F
14:48:11,MYOR,RG,1750,1,D,NI,RX,F
14:48:11,MYOR,RG,1750,1,D,XC,RX,F
14:48:11,MYOR,RG,1750,2,D,EP,RX,F
14:48:11,MYOR,RG,1750,1,D,XL,RX,F
14:48:11,MYOR,RG,1750,50,D,XC,RX,F
14:48:11,MYOR,RG,1750,2,D,PD,RX,F
14:48:11,MYOR,RG,1750,20,D,YP,RX,F
14:48:11,MYOR,RG,1750,100,D,YP,RX,F
14:48:11,MYOR,RG,1750,3,D,XC,RX,F
14:48:11,MYOR,RG,1750,20,D,SQ,RX,F
14:48:11,MYOR,RG,1750,1,D,XC,RX,F
14:48:11,MYOR,RG,1750,1,D,EP,RX,F
14:48:11,MYOR,RG,1750,250,D,CC,RX,F
14:48:11,MYOR,RG,1750,2,D,PD,RX,F
14:48:11,MYOR,RG,1750,250,D,CC,RX,F
14:48:11,MYOR,RG,1750,3,D,PD,RX,F
14:48:11,MYOR,RG,1750,50,D,CC,RX,F
14:48:11,MYOR,RG,1750,29,D,XC,RX,F
14:48:11,MYOR,RG,1750,20,D,EP,RX,F
14:48:11,MYOR,RG,1750,59,D,PD,RX,F
14:48:11,MYOR,RG,1750,182,D,PD,RX,F
14:48:11,MYOR,RG,1750,252,D,PD,RX,F
14:48:11,MYOR,RG,1750,506,D,PD,RX,F
14:48:11,MYOR,RG,1750,50,D,GR,RX,F
14:48:11,MYOR,RG,1750,1,D,XC,RX,F
14:48:11,MYOR,RG,1750,5,D,GR,RX,F
14:48:11,MYOR,RG,1750,59,D,PD,RX,F
14:48:11,MYOR,RG,1750,184,D,PD,RX,F
14:48:11,MYOR,RG,1750,255,D,PD,RX,F
14:48:11,MYOR,RG,1750,15,D,HP,RX,F
14:48:11,MYOR,RG,1750,1,D,PD,RX,F
14:48:11,MYOR,RG,1750,2,D,ZP,RX,F
14:48:11,MYOR,RG,1750,1,D,CC,RX,F
14:48:11,MYOR,RG,1750,10,D,XA,RX,F
14:48:11,MYOR,RG,1750,59,D,PD,RX,F
14:48:11,MYOR,RG,1750,1,D,PD,RX,F
14:48:11,MYOR,RG,1750,40,D,PD,BK,F
14:48:08,MYOR,RG,1750,143,D,PD,RX,F
14:48:08,MYOR,RG,1750,24,D,PD,RX,F
14:48:06,MYOR,RG,1750,79,D,PD,RX,F
14:48:05,MYOR,RG,1755,20,D,YP,RX,F
14:47:35,MYOR,RG,1755,100,D,YP,RX,F
14:47:26,MYOR,RG,1755,5,D,YP,RX,F
14:47:26,MYOR,RG,1755,3,D,PD,RX,F
14:47:09,MYOR,RG,1755,1,F,AK,RX,F
14:47:09,MYOR,RG,1755,1,F,AK,RX,F
14:47:08,MYOR,RG,1755,10,D,PD,RX,F
14:47:08,MYOR,RG,1755,2,D,XC,RX,F
14:47:08,MYOR,RG,1755,30,D,YP,RX,F
14:47:08,MYOR,RG,1755,5,D,YP,RX,F
14:47:08,MYOR,RG,1755,1,D,XC,RX,F
14:47:08,MYOR,RG,1755,17,D,XL,RX,F
14:47:08,MYOR,RG,1755,2,F,AK,RX,F
14:47:08,MYOR,RG,1755,724,D,PD,RX,F
14:47:02,MYOR,RG,1755,21,D,PD,YB,D
14:47:00,MYOR,RG,1755,6,D,PD,YP,D
14:46:56,MYOR,RG,1755,2,D,PD,RX,F
14:46:54,MYOR,RG,1755,12,D,PD,BK,F
14:46:53,MYOR,RG,1755,2,D,PD,RX,F
14:46:53,MYOR,RG,1755,1,D,PD,RX,F
14:46:51,MYOR,RG,1755,8,D,PD,RX,F
14:46:51,MYOR,RG,1755,9,D,PD,RX,F
14:46:49,MYOR,RG,1755,30,D,PD,CC,D
14:46:20,MYOR,RG,1755,17,D,PD,BK,F
14:46:18,MYOR,RG,1755,4,D,PD,RX,F
14:46:16,MYOR,RG,1755,5,D,PD,RX,F
14:46:15,MYOR,RG,1755,24,D,PD,BK,F
14:46:15,MYOR,RG,1755,8,D,PD,RX,F
14:46:13,MYOR,RG,1755,45,D,PD,RX,F
14:46:12,MYOR,RG,1755,56,D,PD,RX,F
14:46:10,MYOR,RG,1755,22,D,PD,BK,F
14:46:04,MYOR,RG,1755,4,D,PD,BK,F
14:46:04,MYOR,RG,1755,15,D,YP,BK,F
14:46:04,MYOR,RG,1755,1,D,YP,BK,F
14:46:04,MYOR,RG,1755,2,D,PD,BK,F
14:46:04,MYOR,RG,1755,40,D,CC,BK,F
14:46:04,MYOR,RG,1755,1,D,EP,BK,F
14:46:04,MYOR,RG,1755,1,D,PD,BK,F
14:46:04,MYOR,RG,1755,35,D,EP,BK,F
14:46:04,MYOR,RG,1755,1,D,AG,BK,F
14:46:04,MYOR,RG,1755,2,D,YU,BK,F
14:46:04,MYOR,RG,1755,8,F,AK,BK,F
14:46:04,MYOR,RG,1755,1,D,OD,BK,F
14:46:03,MYOR,RG,1760,5,D,YP,CC,D
14:46:02,MYOR,RG,1760,11,D,XC,CC,D
14:46:01,MYOR,RG,1755,299,D,OD,YP,D
14:46:01,MYOR,RG,1755,20,D,YP,YP,D
14:46:01,MYOR,RG,1755,32,D,XC,YP,D
14:46:01,MYOR,RG,1755,13,D,LG,YP,D
14:46:01,MYOR,RG,1755,65,D,LG,YP,D
14:46:01,MYOR,RG,1755,140,D,LG,YP,D
14:45:47,MYOR,RG,1760,1,D,PD,CC,D
14:45:46,MYOR,RG,1760,12,D,CC,CC,D
14:45:45,MYOR,RG,1760,5,D,XC,CC,D
14:45:45,MYOR,RG,1760,222,D,PD,CC,D
14:45:31,MYOR,RG,1760,52,D,PD,RX,F
14:45:31,MYOR,RG,1760,179,D,PD,RX,F
14:45:31,MYOR,RG,1760,101,D,PD,RX,F
14:45:31,MYOR,RG,1760,410,D,PD,BK,F
14:45:31,MYOR,RG,1760,33,D,PD,RX,F
14:45:31,MYOR,RG,1760,3,D,PD,RX,F
14:45:14,MYOR,RG,1755,1,D,LG,RX,F
14:45:13,MYOR,RG,1755,4,D,LG,PD,D
14:45:00,MYOR,RG,1755,42,D,LG,RX,F
14:44:58,MYOR,RG,1760,30,D,XC,RX,F
14:44:52,MYOR,RG,1755,112,D,LG,BK,F
14:44:48,MYOR,RG,1760,30,D,LS,RX,F
14:44:47,MYOR,RG,1760,10,D,LG,BK,F
14:44:47,MYOR,RG,1760,48,D,LG,BK,F
14:44:47,MYOR,RG,1760,18,D,LG,BK,F
14:44:47,MYOR,RG,1760,186,D,LG,RX,F
14:44:47,MYOR,RG,1760,37,D,LG,RX,F
14:44:47,MYOR,RG,1760,3,D,DH,RX,F
14:44:47,MYOR,RG,1760,5,D,YP,RX,F
14:44:47,MYOR,RG,1760,10,D,DH,RX,F
14:44:47,MYOR,RG,1760,10,D,PD,RX,F
14:44:47,MYOR,RG,1760,125,D,XL,RX,F
14:44:46,MYOR,RG,1760,20,D,XL,KK,D
14:44:46,MYOR,RG,1760,1,D,YP,KK,D
14:44:46,MYOR,RG,1760,1,D,PD,KK,D
14:44:46,MYOR,RG,1760,5,D,NI,KK,D
14:44:46,MYOR,RG,1760,1,D,PD,KK,D
14:44:46,MYOR,RG,1760,39,D,XC,KK,D
14:44:46,MYOR,RG,1760,3,D,DR,KK,D
14:44:46,MYOR,RG,1760,4,D,CC,KK,D
14:44:46,MYOR,RG,1760,5,D,CC,KK,D
14:44:46,MYOR,RG,1760,4,F,AK,KK,D
14:44:46,MYOR,RG,1760,1,D,XC,KK,D
14:44:46,MYOR,RG,1760,1,D,EP,KK,D
14:44:46,MYOR,RG,1760,23,F,CS,KK,D
14:44:46,MYOR,RG,1760,19,F,CS,KK,D
14:44:46,MYOR,RG,1760,8,D,LG,KK,D
14:44:46,MYOR,RG,1760,41,D,LG,KK,D
14:44:46,MYOR,RG,1760,200,D,LG,KK,D
14:44:46,MYOR,RG,1760,4,D,XL,KK,D
14:44:46,MYOR,RG,1760,9,F,CS,KK,D
14:44:46,MYOR,RG,1760,18,F,CS,KK,D
14:44:46,MYOR,RG,1760,15,F,CS,KK,D
14:44:46,MYOR,RG,1760,11,F,CS,KK,D
14:44:46,MYOR,RG,1760,1,F,CS,KK,D
14:44:46,MYOR,RG,1760,25,F,CS,KK,D
14:44:46,MYOR,RG,1760,5,F,CS,KK,D
14:44:46,MYOR,RG,1760,12,F,CS,KK,D
14:44:46,MYOR,RG,1760,8,D,NI,KK,D
14:44:46,MYOR,RG,1760,1,D,DH,KK,D
14:44:46,MYOR,RG,1760,16,F,CS,KK,D
14:44:46,MYOR,RG,1760,1,D,PD,KK,D
14:44:46,MYOR,RG,1760,7,F,CS,KK,D
14:44:46,MYOR,RG,1760,3,F,AK,KK,D
14:44:46,MYOR,RG,1760,1,F,CS,KK,D
14:44:46,MYOR,RG,1760,9,D,LG,KK,D
14:44:46,MYOR,RG,1760,41,D,LG,KK,D
14:44:46,MYOR,RG,1760,200,D,LG,KK,D
14:44:46,MYOR,RG,1760,8,D,LG,KK,D
14:44:46,MYOR,RG,1760,41,D,LG,KK,D
14:44:46,MYOR,RG,1760,10,F,CS,KK,D
14:44:46,MYOR,RG,1760,201,D,LG,KK,D
14:44:46,MYOR,RG,1760,4,F,CS,KK,D
14:44:46,MYOR,RG,1760,24,F,CS,KK,D
14:44:46,MYOR,RG,1760,17,D,LG,KK,D
14:44:46,MYOR,RG,1760,81,D,LG,KK,D
14:44:46,MYOR,RG,1760,1,D,LG,KK,D
14:44:41,MYOR,RG,1760,10,D,LG,EP,D
14:44:38,MYOR,RG,1765,4,F,CS,OD,D
14:44:38,MYOR,RG,1765,7,F,CS,OD,D
14:44:38,MYOR,RG,1765,9,F,CS,OD,D
14:44:38,MYOR,RG,1765,5,F,CS,OD,D
14:44:38,MYOR,RG,1765,18,F,CS,OD,D
14:44:38,MYOR,RG,1765,9,F,CS,OD,D
14:44:38,MYOR,RG,1765,49,F,CS,OD,D
14:44:38,MYOR,RG,1765,20,F,CS,OD,D
14:44:38,MYOR,RG,1765,29,F,CS,OD,D
14:44:38,MYOR,RG,1765,1,F,CS,OD,D
14:44:38,MYOR,RG,1765,27,F,CS,OD,D
14:44:38,MYOR,RG,1765,23,F,CS,RX,F
14:44:37,MYOR,RG,1765,24,D,CC,RX,F
14:44:37,MYOR,RG,1765,55,D,CC,RX,F
14:44:37,MYOR,RG,1765,70,D,CC,BK,F
14:44:37,MYOR,RG,1765,200,D,CC,KK,D
14:44:37,MYOR,RG,1765,41,D,CC,RX,F
14:44:37,MYOR,RG,1765,51,D,CC,RX,F
14:44:34,MYOR,RG,1760,1,D,LG,YP,D
14:44:33,MYOR,RG,1765,15,D,XC,RX,F
14:44:32,MYOR,RG,1765,10,D,CC,RX,F
14:44:31,MYOR,RG,1765,2,D,PD,RX,F
14:44:09,MYOR,RG,1765,10,D,YP,RX,F
14:44:02,MYOR,RG,1765,1,D,CC,RX,F
14:44:00,MYOR,RG,1760,1,D,LG,RX,F
14:43:58,MYOR,RG,1760,2,D,LG,LG,D
14:43:47,MYOR,RG,1760,2,D,LG,RX,F
14:43:18,MYOR,RG,1765,9,D,NI,RX,F
14:43:18,MYOR,RG,1765,67,D,NI,BK,F
14:43:18,MYOR,RG,1765,4,D,NI,KK,D
14:43:16,MYOR,RG,1760,2,D,LG,RX,F
14:43:14,MYOR,RG,1765,12,D,NI,KK,D
14:43:13,MYOR,RG,1760,1,D,LG,RX,F
14:43:13,MYOR,RG,1760,2,D,LG,CC,D
14:43:10,MYOR,RG,1765,5,D,PD,KK,D
14:43:00,MYOR,RG,1760,2,D,LG,RX,F
14:42:58,MYOR,RG,1760,13,D,LG,XL,D
14:42:57,MYOR,RG,1760,10,D,LG,RX,F
14:42:55,MYOR,RG,1760,61,D,LG,YP,D
14:42:44,MYOR,RG,1760,4,D,LG,RX,F
14:42:40,MYOR,RG,1765,20,D,EP,RX,F
14:42:26,MYOR,RG,1765,3,D,XC,RX,F
14:42:12,MYOR,RG,1765,1,D,XC,RX,F
14:41:46,MYOR,RG,1760,4,D,LG,RX,F
14:41:45,MYOR,RG,1765,25,D,KK,RX,F
14:41:43,MYOR,RG,1760,1,D,LG,PD,D
14:41:36,MYOR,RG,1760,3,D,LG,RX,F
14:41:35,MYOR,RG,1765,18,F,AK,RX,F
14:41:26,MYOR,RG,1760,1,D,LG,RX,F
14:41:24,MYOR,RG,1760,2,D,LG,AT,D
14:41:16,MYOR,RG,1760,4,D,LG,RX,F
14:41:15,MYOR,RG,1765,7,D,XC,RX,F
14:41:15,MYOR,RG,1765,23,D,XC,BK,F
14:41:06,MYOR,RG,1760,2,D,LG,PD,D
14:41:05,MYOR,RG,1760,1,D,LG,DR,D
14:40:52,MYOR,RG,1760,1,D,LG,RX,F
14:40:49,MYOR,RG,1760,3,D,LG,RX,F
14:40:49,MYOR,RG,1760,2,D,LG,RX,F
14:40:47,MYOR,RG,1765,10,D,CC,BK,F
14:40:37,MYOR,RG,1760,11,D,LG,RX,F
14:40:37,MYOR,RG,1760,1,D,LG,PD,D
14:40:35,MYOR,RG,1760,5,D,LG,RX,F
14:40:30,MYOR,RG,1765,25,D,PD,BK,F
14:40:22,MYOR,RG,1765,100,D,DR,BK,F
14:40:08,MYOR,RG,1760,15,D,LG,BK,F
14:40:05,MYOR,RG,1760,17,D,LG,BK,F
14:40:02,MYOR,RG,1765,59,F,CS,BK,F
14:40:02,MYOR,RG,1765,5,F,CS,XC,D
14:40:02,MYOR,RG,1765,45,F,CS,RX,F
14:40:02,MYOR,RG,1765,20,F,CS,CC,D
14:40:02,MYOR,RG,1765,31,F,CS,SQ,D
14:40:02,MYOR,RG,1765,16,D,LG,SQ,D
14:40:02,MYOR,RG,1765,81,D,LG,SQ,D
14:40:01,MYOR,RG,1765,59,D,LG,SQ,D
14:40:01,MYOR,RG,1765,1,D,LG,NI,D
14:40:01,MYOR,RG,1765,150,D,LG,SQ,D
14:40:01,MYOR,RG,1765,36,D,LG,RX,F
14:40:01,MYOR,RG,1765,20,D,LG,YP,D
14:40:01,MYOR,RG,1765,35,D,LG,RX,F
14:40:01,MYOR,RG,1765,2,D,LG,BQ,D
14:40:01,MYOR,RG,1765,70,D,LG,RX,F
14:40:01,MYOR,RG,1765,10,D,LG,YP,D
14:40:01,MYOR,RG,1765,20,D,LG,RX,F
14:40:00,MYOR,RG,1760,5,D,LG,RX,F
14:39:57,MYOR,RG,1760,1,D,LG,RX,F
14:39:57,MYOR,RG,1760,28,D,LG,RX,F
14:39:55,MYOR,RG,1760,25,D,LG,PD,D
14:39:53,MYOR,RG,1760,145,D,LG,YP,D
14:39:31,MYOR,RG,1760,1,D,LG,RX,F
14:39:29,MYOR,RG,1765,6,D,XC,RX,F
14:38:38,MYOR,RG,1765,1,D,LG,RX,F
14:37:38,MYOR,RG,1760,5,D,LG,RX,F
14:37:21,MYOR,RG,1765,2,D,XC,RX,F
14:37:06,MYOR,RG,1765,30,D,HP,RX,F
14:37:06,MYOR,RG,1760,4,D,LG,RX,F
14:37:05,MYOR,RG,1760,3,D,LG,TP,D
14:37:05,MYOR,RG,1760,1,D,NI,TP,D
14:37:05,MYOR,RG,1760,1,D,AG,TP,D
14:37:05,MYOR,RG,1760,7,D,NI,TP,D
14:37:05,MYOR,RG,1760,4,D,XC,TP,D
14:37:05,MYOR,RG,1760,1,D,XC,TP,D
14:37:05,MYOR,RG,1760,1,D,XC,TP,D
14:37:05,MYOR,RG,1760,6,F,CS,TP,D
14:37:05,MYOR,RG,1760,4,F,CS,TP,D
14:37:03,MYOR,RG,1760,8,F,CS,XL,D
14:37:03,MYOR,RG,1760,3,F,CS,XL,D
14:37:03,MYOR,RG,1760,7,F,CS,XL,D
14:36:43,MYOR,RG,1765,10,D,DR,RX,F
14:35:58,MYOR,RG,1760,1,F,CS,RX,F
14:35:56,MYOR,RG,1760,2,F,CS,PD,D
14:35:13,MYOR,RG,1765,3,D,XC,BK,F
14:35:00,MYOR,RG,1760,1,F,CS,RX,F
14:35:00,MYOR,RG,1760,3,D,YP,RX,F
14:34:58,MYOR,RG,1760,25,D,YP,XC,D
14:34:42,MYOR,RG,1760,1,D,YP,RX,F
14:34:41,MYOR,RG,1760,1,D,YP,XC,D
14:34:24,MYOR,RG,1765,3,D,PD,BK,F
14:33:32,MYOR,RG,1765,61,D,CC,BK,F
14:33:32,MYOR,RG,1765,170,D,CC,CC,D
14:33:32,MYOR,RG,1765,65,D,CC,GR,D
14:33:32,MYOR,RG,1765,15,D,CC,AT,D
14:33:32,MYOR,RG,1765,61,D,CC,RX,F
14:33:32,MYOR,RG,1765,72,D,CC,RX,F
14:33:32,MYOR,RG,1765,500,D,CC,YB,D
14:33:32,MYOR,RG,1765,3,D,CC,CC,D
14:33:32,MYOR,RG,1765,15,D,CC,CC,D
14:33:32,MYOR,RG,1765,1,D,CC,BQ,D
14:33:32,MYOR,RG,1765,67,D,CC,RX,F
14:33:32,MYOR,RG,1765,67,D,CC,RX,F
14:33:32,MYOR,RG,1765,53,D,CC,YB,D
14:33:15,MYOR,RG,1760,3,D,YP,RX,F
14:33:15,MYOR,RG,1760,18,D,YP,RX,F
14:33:15,MYOR,RG,1760,5,D,YP,RX,F
14:33:11,MYOR,RG,1760,2,D,YP,RX,F
14:33:11,MYOR,RG,1760,28,D,YP,CC,D
14:33:00,MYOR,RG,1760,1,D,PD,CC,D
14:32:58,MYOR,RG,1760,2,D,NI,CC,D
14:32:54,MYOR,RG,1760,3,D,LG,CC,D
14:32:54,MYOR,RG,1760,6,D,LG,CC,D
14:32:54,MYOR,RG,1760,10,D,LG,RX,F
14:32:54,MYOR,RG,1760,44,D,LG,RX,F
14:32:54,MYOR,RG,1760,37,D,LG,RX,F
14:32:51,MYOR,RG,1760,7,D,LG,RX,F
14:32:51,MYOR,RG,1760,5,D,LG,DR,D
14:32:51,MYOR,RG,1760,57,D,LG,DR,D
14:32:51,MYOR,RG,1760,188,D,LG,DR,D
14:32:51,MYOR,RG,1760,10,D,LG,RX,F
14:32:51,MYOR,RG,1760,17,D,LG,RX,F
14:32:51,MYOR,RG,1760,60,D,LG,PD,D
14:32:51,MYOR,RG,1760,7,D,LG,YP,D
14:32:28,MYOR,RG,1760,56,D,YP,YP,D
14:31:46,MYOR,RG,1760,1,D,XC,YP,D
14:31:27,MYOR,RG,1760,30,D,KK,YP,D
14:31:25,MYOR,RG,1760,6,D,LG,YP,D
14:31:25,MYOR,RG,1760,4,D,LG,YP,D
14:31:25,MYOR,RG,1760,26,D,LG,YP,D
14:31:25,MYOR,RG,1760,8,D,LG,RX,F
14:31:25,MYOR,RG,1760,15,D,LG,RX,F
14:31:25,MYOR,RG,1760,91,D,LG,RX,F
14:31:25,MYOR,RG,1760,104,D,LG,RX,F
14:31:25,MYOR,RG,1760,47,D,LG,RX,F
14:31:24,MYOR,RG,1755,24,D,LG,RX,F
14:31:24,MYOR,RG,1755,2,D,PD,RX,F
14:31:24,MYOR,RG,1755,6,D,LG,RX,F
14:31:24,MYOR,RG,1755,32,D,LG,RX,F
14:31:24,MYOR,RG,1755,132,D,LG,RX,F
14:31:24,MYOR,RG,1755,29,D,LG,RX,F
14:31:24,MYOR,RG,1755,5,D,YP,RX,F
14:31:24,MYOR,RG,1755,10,D,YP,RX,F
14:31:24,MYOR,RG,1755,2,D,PD,RX,F
14:31:24,MYOR,RG,1755,100,D,DH,RX,F
14:31:24,MYOR,RG,1755,25,D,YP,RX,F
14:31:24,MYOR,RG,1755,4,D,CC,RX,F
14:31:24,MYOR,RG,1755,22,D,XC,RX,F
14:31:22,MYOR,RG,1755,8,D,XC,DR,D
14:31:22,MYOR,RG,1755,2,D,XC,DR,D
14:31:22,MYOR,RG,1755,1,D,NI,DR,D
14:31:22,MYOR,RG,1755,3,D,YP,DR,D
14:31:22,MYOR,RG,1755,10,D,HD,DR,D
14:31:22,MYOR,RG,1755,6,F,CS,DR,D
14:31:22,MYOR,RG,1755,3,D,PD,DR,D
14:31:21,MYOR,RG,1760,25,D,HP,RX,F
14:30:58,MYOR,RG,1760,1,D,XL,RX,F
14:30:44,MYOR,RG,1760,18,D,CC,RX,F
14:30:31,MYOR,RG,1760,6,D,PD,RX,F
14:30:17,MYOR,RG,1760,9,D,XA,RX,F
14:29:54,MYOR,RG,1760,3,F,CS,RX,F
14:29:54,MYOR,RG,1760,9,F,CS,RX,F
14:29:54,MYOR,RG,1760,10,F,CS,RX,F
14:29:54,MYOR,RG,1760,1,F,CS,RX,F
14:29:54,MYOR,RG,1760,6,F,CS,RX,F
14:29:54,MYOR,RG,1760,3,F,AK,RX,F
14:29:54,MYOR,RG,1760,3,F,AK,RX,F
14:29:54,MYOR,RG,1760,13,F,CS,RX,F
14:29:54,MYOR,RG,1760,30,F,CS,RX,F
14:29:54,MYOR,RG,1760,10,D,YP,RX,F
14:29:54,MYOR,RG,1760,6,F,CS,RX,F
14:29:54,MYOR,RG,1760,13,F,CS,RX,F
14:29:54,MYOR,RG,1760,1,F,CS,RX,F
14:29:54,MYOR,RG,1760,12,F,CS,RX,F
14:29:54,MYOR,RG,1760,8,F,CS,RX,F
14:29:54,MYOR,RG,1760,17,D,YP,RX,F
14:29:54,MYOR,RG,1760,24,F,CS,RX,F
14:29:54,MYOR,RG,1760,1,D,IF,RX,F
14:29:54,MYOR,RG,1760,290,D,CC,RX,F
14:29:54,MYOR,RG,1760,8,D,LG,RX,F
14:29:54,MYOR,RG,1760,40,D,LG,RX,F
14:29:54,MYOR,RG,1760,201,D,LG,RX,F
14:29:54,MYOR,RG,1760,31,F,CS,RX,F
14:29:54,MYOR,RG,1760,5,D,PD,RX,F
14:29:54,MYOR,RG,1760,5,F,CS,RX,F
14:29:54,MYOR,RG,1760,2,F,CS,RX,F
14:29:54,MYOR,RG,1760,3,F,AK,RX,F
14:29:54,MYOR,RG,1760,6,F,AK,RX,F
14:29:54,MYOR,RG,1760,10,F,CS,RX,F
14:29:54,MYOR,RG,1760,180,D,NI,RX,F
14:28:57,MYOR,RG,1765,10,D,YP,YB,D
14:28:56,MYOR,RG,1765,5,D,YP,YB,D
14:28:32,MYOR,RG,1765,4,D,PD,YB,D
14:28:06,MYOR,RG,1765,1,D,PD,YB,D
14:28:03,MYOR,RG,1765,25,D,YP,YB,D
14:28:00,MYOR,RG,1765,2,D,XC,YB,D
14:27:49,MYOR,RG,1765,5,D,YP,YB,D
14:27:34,MYOR,RG,1765,4,D,XL,YB,D
14:27:27,MYOR,RG,1765,6,F,CS,YB,D
14:27:27,MYOR,RG,1765,13,F,CS,YB,D
14:27:27,MYOR,RG,1765,8,F,CS,YB,D
14:27:27,MYOR,RG,1765,11,F,CS,YB,D
14:27:27,MYOR,RG,1765,4,F,CS,YB,D
14:27:27,MYOR,RG,1765,2,F,CS,YB,D
14:27:27,MYOR,RG,1765,3,F,CS,YB,D
14:27:27,MYOR,RG,1765,4,F,CS,YB,D
14:27:26,MYOR,RG,1765,1,D,XC,YB,D
14:27:26,MYOR,RG,1765,5,D,PD,YB,D
14:27:26,MYOR,RG,1765,23,F,CS,YB,D
14:27:26,MYOR,RG,1765,2,F,AK,YB,D
14:27:26,MYOR,RG,1765,10,F,CS,YB,D
14:27:26,MYOR,RG,1765,1,F,CS,YB,D
14:27:26,MYOR,RG,1765,3,F,CS,YB,D
14:27:26,MYOR,RG,1765,62,D,CC,YB,D
14:27:12,MYOR,RG,1765,1,D,CC,RX,F
14:27:12,MYOR,RG,1765,1,D,CC,RX,F
14:27:09,MYOR,RG,1765,5,D,CC,AT,D
14:26:55,MYOR,RG,1765,1,D,CC,RX,F
14:26:53,MYOR,RG,1765,1,D,CC,RX,F
14:26:52,MYOR,RG,1765,3,D,CC,RX,F
14:26:52,MYOR,RG,1765,3,D,CC,RX,F
14:26:50,MYOR,RG,1765,21,D,CC,RX,F
14:26:50,MYOR,RG,1765,20,D,CC,RX,F
14:26:49,MYOR,RG,1765,114,D,CC,CC,D
14:26:38,MYOR,RG,1765,1,D,CC,RX,F
14:26:37,MYOR,RG,1765,3,D,CC,RX,F
14:26:37,MYOR,RG,1765,3,D,CC,RX,F
14:26:34,MYOR,RG,1765,15,D,CC,CC,D
14:26:24,MYOR,RG,1765,1,D,CC,RX,F
14:26:22,MYOR,RG,1765,1,D,CC,RX,F
14:26:20,MYOR,RG,1765,3,D,CC,DR,D
14:26:20,MYOR,RG,1765,2,D,LG,DR,D
14:26:04,MYOR,RG,1765,1,D,LG,XC,D
14:25:58,MYOR,RG,1765,1,D,LG,RX,F
14:25:58,MYOR,RG,1765,1,D,LG,RX,F
14:25:55,MYOR,RG,1765,3,D,LG,CC,D
14:25:49,MYOR,RG,1765,1,D,LG,RX,F
14:25:47,MYOR,RG,1765,8,D,LG,NI,D
14:25:31,MYOR,RG,1765,6,D,LG,RX,F
14:25:29,MYOR,RG,1765,1,D,LG,XC,D
14:25:29,MYOR,RG,1765,2,D,LG,LS,D
14:25:29,MYOR,RG,1765,3,D,LG,PD,D
14:25:29,MYOR,RG,1765,27,D,LG,PD,D
14:25:29,MYOR,RG,1765,7,D,LG,RX,F
14:25:29,MYOR,RG,1765,1,D,LG,PD,D
14:25:29,MYOR,RG,1765,5,D,LG,XC,D
14:25:29,MYOR,RG,1765,2,D,LG,XL,D
14:25:29,MYOR,RG,1765,50,D,LG,XA,D
14:25:29,MYOR,RG,1765,1,D,LG,BQ,D
14:25:29,MYOR,RG,1765,14,D,LG,RX,F
14:25:29,MYOR,RG,1765,14,D,LG,RX,F
14:25:07,MYOR,RG,1760,2,D,NI,RX,F
14:25:01,MYOR,RG,1760,1,D,NI,RX,F
14:25:00,MYOR,RG,1760,10,D,NI,YB,D
14:24:57,MYOR,RG,1765,1,D,PD,RX,F
14:24:35,MYOR,RG,1760,1,D,NI,RX,F
14:24:34,MYOR,RG,1760,1,D,NI,RX,F
14:24:32,MYOR,RG,1760,6,D,NI,RX,F
14:24:31,MYOR,RG,1760,37,D,NI,RX,F
14:24:24,MYOR,RG,1760,35,D,NI,RX,F
14:24:22,MYOR,RG,1760,200,D,NI,NI,D
14:24:21,MYOR,RG,1760,3,D,NI,RX,F
14:24:19,MYOR,RG,1760,9,D,NI,RX,F
14:24:19,MYOR,RG,1760,30,D,NI,YP,D
14:24:19,MYOR,RG,1760,20,D,NI,PD,D
14:24:19,MYOR,RG,1760,1,D,NI,BQ,D
14:24:19,MYOR,RG,1760,15,D,NI,RX,F
14:24:19,MYOR,RG,1760,17,D,NI,RX,F
14:24:19,MYOR,RG,1760,10,D,NI,YP,D
14:24:19,MYOR,RG,1760,1,D,NI,CC,D
14:24:00,MYOR,RG,1760,2,D,XC,CC,D
14:23:50,MYOR,RG,1760,10,D,KK,CC,D
14:23:39,MYOR,RG,1760,1,D,XC,CC,D
14:23:38,MYOR,RG,1760,20,D,CC,CC,D
14:23:32,MYOR,RG,1760,10,D,YP,CC,D
14:22:16,MYOR,RG,1760,6,D,XC,CC,D
14:22:16,MYOR,RG,1760,1,D,XC,PD,D
14:22:16,MYOR,RG,1760,5,D,XC,XC,D
14:22:16,MYOR,RG,1760,5,D,XC,XC,D
14:22:16,MYOR,RG,1760,8,D,XC,RX,F
14:21:52,MYOR,RG,1760,10,D,LG,RX,F
14:21:52,MYOR,RG,1760,20,D,LG,RX,F
14:21:52,MYOR,RG,1760,28,D,LG,RX,F
14:21:52,MYOR,RG,1760,21,D,LG,RX,F
14:21:52,MYOR,RG,1760,67,D,LG,NI,D
14:21:52,MYOR,RG,1760,33,D,LG,RX,F
14:21:52,MYOR,RG,1760,1,D,LG,BQ,D
14:21:52,MYOR,RG,1760,25,D,LG,GR,D
14:21:52,MYOR,RG,1760,41,D,LG,RX,F
14:21:52,MYOR,RG,1760,54,D,LG,RX,F
14:19:19,MYOR,RG,1760,20,D,CC,RX,F
14:18:24,MYOR,RG,1760,100,D,SQ,RX,F
14:18:00,MYOR,RG,1760,2,D,NI,RX,F
14:17:59,MYOR,RG,1755,4,D,PD,RX,F
14:17:56,MYOR,RG,1755,10,D,PD,PD,D
14:17:47,MYOR,RG,1755,11,D,PD,RX,F
14:17:44,MYOR,RG,1755,130,D,PD,LG,D
14:16:46,MYOR,RG,1755,50,D,PD,LG,D
14:16:46,MYOR,RG,1755,302,D,PD,RX,F
14:16:46,MYOR,RG,1755,1,D,PD,IP,D
14:16:46,MYOR,RG,1755,10,D,PD,HP,D
14:16:46,MYOR,RG,1755,175,D,PD,RX,F
14:16:46,MYOR,RG,1755,504,D,PD,RX,F
14:16:44,MYOR,RG,1755,5,D,LG,RX,F
14:16:44,MYOR,RG,1755,15,D,LG,RX,F
14:16:44,MYOR,RG,1755,9,D,LG,RX,F
14:16:44,MYOR,RG,1755,121,D,LG,RX,F
14:16:34,MYOR,RG,1755,1,D,XC,RX,F
14:16:32,MYOR,RG,1755,3,D,XC,RX,F
14:16:23,MYOR,RG,1755,34,D,KK,RX,F
14:16:23,MYOR,RG,1755,1,D,KK,PD,D
14:16:23,MYOR,RG,1755,25,D,KK,RX,F
14:16:15,MYOR,RG,1755,4,D,XC,RX,F
14:15:38,MYOR,RG,1755,111,D,YP,RX,F
14:15:18,MYOR,RG,1755,111,D,KK,RX,F
14:15:08,MYOR,RG,1755,8,D,LG,RX,F
14:15:08,MYOR,RG,1755,40,D,LG,RX,F
14:15:08,MYOR,RG,1755,32,D,LG,RX,F
14:15:08,MYOR,RG,1755,170,D,LG,RX,F
14:15:00,MYOR,RG,1755,1,D,XC,RX,F
14:14:56,MYOR,RG,1750,1,D,PD,RX,F
14:14:55,MYOR,RG,1750,1,D,PD,RX,F
14:14:53,MYOR,RG,1750,6,D,PD,RX,F
14:14:52,MYOR,RG,1750,29,D,PD,RX,F
14:14:50,MYOR,RG,1750,30,D,PD,RX,F
14:14:49,MYOR,RG,1750,5,D,PD,XC,D
14:14:41,MYOR,RG,1750,3,D,PD,PD,D
14:14:23,MYOR,RG,1750,77,D,PD,KK,D
14:14:23,MYOR,RG,1750,2,D,PD,KK,D
14:14:23,MYOR,RG,1750,15,D,NI,KK,D
14:14:23,MYOR,RG,1750,5,D,CC,KK,D
14:14:23,MYOR,RG,1750,1,D,PD,KK,D
14:14:21,MYOR,RG,1755,15,D,EP,RX,F
14:14:19,MYOR,RG,1750,2,D,PD,RX,F
14:14:18,MYOR,RG,1750,6,D,YJ,RX,F
14:14:17,MYOR,RG,1750,7,D,YJ,RX,F
14:14:17,MYOR,RG,1750,19,D,YJ,YP,D
14:14:15,MYOR,RG,1750,2,D,YJ,RX,F
14:14:14,MYOR,RG,1750,10,D,YJ,RX,F
14:14:13,MYOR,RG,1750,34,D,YJ,RX,F
14:14:11,MYOR,RG,1750,22,D,YJ,RX,F
14:14:11,MYOR,RG,1750,240,D,PD,RX,F
14:14:11,MYOR,RG,1750,6,D,PD,XC,D
14:13:55,MYOR,RG,1755,1,D,XC,RX,F
14:13:55,MYOR,RG,1755,60,D,YP,RX,F
14:13:55,MYOR,RG,1755,1,D,XC,RX,F
14:13:55,MYOR,RG,1755,11,D,PD,RX,F
14:13:55,MYOR,RG,1755,3,D,XC,RX,F
14:13:55,MYOR,RG,1755,20,D,YU,RX,F
14:13:55,MYOR,RG,1755,5,D,EP,RX,F
14:13:55,MYOR,RG,1755,1,D,XC,RX,F
14:13:55,MYOR,RG,1755,2,D,KK,RX,F
14:13:55,MYOR,RG,1755,1,D,MK,RX,F
14:13:55,MYOR,RG,1755,201,D,MK,BK,F
14:13:54,MYOR,RG,1755,634,D,MK,RX,F
14:13:54,MYOR,RG,1755,164,D,MK,RX,F
14:13:54,MYOR,RG,1755,50,D,AI,RX,F
14:13:54,MYOR,RG,1755,4,D,AT,RX,F
14:13:54,MYOR,RG,1755,4,D,NI,RX,F
14:13:54,MYOR,RG,1755,5,D,YP,RX,F
14:13:54,MYOR,RG,1755,5,D,CC,RX,F
14:13:54,MYOR,RG,1755,10,D,YP,RX,F
14:13:54,MYOR,RG,1755,20,D,CC,RX,F
14:13:54,MYOR,RG,1755,225,D,YP,RX,F
14:13:54,MYOR,RG,1755,25,D,YP,BK,F
14:13:54,MYOR,RG,1755,5,D,PD,BK,F
14:13:54,MYOR,RG,1755,1,D,DR,BK,F
14:13:54,MYOR,RG,1755,2,D,KK,BK,F
14:13:54,MYOR,RG,1755,3,D,PD,BK,F
14:13:54,MYOR,RG,1755,10,D,PD,BK,F
14:13:54,MYOR,RG,1755,2,D,EP,BK,F
14:13:54,MYOR,RG,1755,153,D,KK,BK,F
14:13:53,MYOR,RG,1755,201,D,KK,BK,F
14:13:52,MYOR,RG,1755,146,D,KK,BK,F
14:13:52,MYOR,RG,1755,4,D,SQ,BK,F
14:13:52,MYOR,RG,1755,5,D,PD,BK,F
14:13:52,MYOR,RG,1755,1,D,PD,BK,F
14:13:52,MYOR,RG,1755,45,D,PD,BK,F
14:13:51,MYOR,RG,1755,255,D,PD,YP,D
14:13:51,MYOR,RG,1755,1000,D,YB,YP,D
14:13:51,MYOR,RG,1755,25,D,CP,YP,D
14:13:51,MYOR,RG,1755,7,D,XL,YP,D
14:13:51,MYOR,RG,1755,3,D,PD,YP,D
14:13:51,MYOR,RG,1755,5,D,YP,YP,D
14:13:51,MYOR,RG,1755,100,D,CC,YP,D
14:13:51,MYOR,RG,1755,10,D,XC,YP,D
14:13:51,MYOR,RG,1755,23,D,YP,YP,D
14:13:51,MYOR,RG,1755,1,D,NI,YP,D
14:13:51,MYOR,RG,1755,50,D,YB,YP,D
14:13:51,MYOR,RG,1755,10,D,SQ,YP,D
14:13:51,MYOR,RG,1755,10,D,YP,YP,D
14:13:51,MYOR,RG,1755,1,D,PD,YP,D
14:13:44,MYOR,RG,1760,11,D,YP,YP,D
14:13:44,MYOR,RG,1760,89,D,YP,RX,F
14:13:42,MYOR,RG,1760,8,F,CS,RX,F
14:13:42,MYOR,RG,1760,3,F,AK,RX,F
14:13:42,MYOR,RG,1760,1,D,XL,RX,F
14:13:42,MYOR,RG,1760,1,D,CC,RX,F
14:13:42,MYOR,RG,1760,2,D,XC,RX,F
14:13:42,MYOR,RG,1760,1,D,CC,RX,F
14:13:41,MYOR,RG,1760,29,D,CC,BK,F
14:13:41,MYOR,RG,1760,4,D,YP,BK,F
14:13:41,MYOR,RG,1760,9,D,LG,BK,F
14:13:41,MYOR,RG,1760,25,D,LG,BK,F
14:13:41,MYOR,RG,1760,23,D,LG,RX,F
14:13:41,MYOR,RG,1760,44,D,LG,RX,F
14:13:41,MYOR,RG,1760,184,D,LG,RX,F
14:13:40,MYOR,RG,1760,14,D,LG,BK,F
14:13:40,MYOR,RG,1760,1,D,XC,BK,F
14:13:40,MYOR,RG,1760,8,D,GR,BK,F
14:13:40,MYOR,RG,1760,1,D,PD,BK,F
14:13:40,MYOR,RG,1760,5,D,EP,BK,F
14:13:40,MYOR,RG,1760,3,D,HP,BK,F
14:13:40,MYOR,RG,1760,6,D,BQ,BK,F
14:13:40,MYOR,RG,1760,2,D,XC,BK,F
14:13:40,MYOR,RG,1760,1,D,NI,BK,F
14:13:40,MYOR,RG,1760,1,D,XC,BK,F
14:13:40,MYOR,RG,1760,10,D,YP,BK,F
14:13:40,MYOR,RG,1760,10,D,XC,BK,F
14:13:40,MYOR,RG,1760,30,D,CC,BK,F
14:13:40,MYOR,RG,1760,57,D,YU,BK,F
14:13:40,MYOR,RG,1760,1,D,PD,BK,F
14:13:40,MYOR,RG,1760,51,D,DH,BK,F
14:13:40,MYOR,RG,1760,134,D,DH,RX,F
14:13:39,MYOR,RG,1760,15,D,DH,BK,F
14:13:39,MYOR,RG,1760,186,D,PD,BK,F
14:13:38,MYOR,RG,1760,14,D,PD,BK,F
14:13:38,MYOR,RG,1760,3,D,SQ,BK,F
14:13:38,MYOR,RG,1760,5,D,NI,BK,F
14:13:38,MYOR,RG,1760,179,D,PD,BK,F
14:13:38,MYOR,RG,1760,1,D,PD,RX,F
14:13:37,MYOR,RG,1760,2,D,PD,RX,F
14:13:35,MYOR,RG,1760,2,D,PD,NI,D
14:13:35,MYOR,RG,1760,4,D,PD,RX,F
14:13:34,MYOR,RG,1760,14,D,PD,RX,F
14:13:32,MYOR,RG,1760,43,D,PD,RX,F
14:13:31,MYOR,RG,1760,74,D,PD,RX,F
14:13:30,MYOR,RG,1760,100,D,PD,RX,F
14:13:30,MYOR,RG,1760,81,D,PD,RX,F
14:13:30,MYOR,RG,1760,3,D,XC,RX,F
14:13:30,MYOR,RG,1760,1,D,CC,RX,F
14:13:30,MYOR,RG,1760,1,D,XC,RX,F
14:13:30,MYOR,RG,1760,46,D,NI,RX,F
14:13:30,MYOR,RG,1760,2,D,PD,RX,F
14:13:30,MYOR,RG,1760,1,D,NI,RX,F
14:13:30,MYOR,RG,1760,30,D,YB,RX,F
14:13:30,MYOR,RG,1760,7,D,XC,RX,F
14:13:30,MYOR,RG,1760,7,D,YP,RX,F
14:13:30,MYOR,RG,1760,1,D,YP,RX,F
14:13:30,MYOR,RG,1760,15,D,DH,RX,F
14:13:30,MYOR,RG,1760,10,D,XC,RX,F
14:13:30,MYOR,RG,1760,10,D,NI,RX,F
14:13:30,MYOR,RG,1760,2,D,PD,RX,F
14:13:30,MYOR,RG,1760,5,F,CS,RX,F
14:13:27,MYOR,RG,1760,28,F,CS,PC,D
14:13:27,MYOR,RG,1760,3,D,AT,PC,D
14:13:27,MYOR,RG,1760,22,D,KK,PC,D
14:13:27,MYOR,RG,1760,5,D,YP,PC,D
14:13:27,MYOR,RG,1760,242,D,YP,PC,D
14:12:59,MYOR,RG,1765,14,F,CS,RX,F
14:12:59,MYOR,RG,1765,2,F,AK,RX,F
14:12:59,MYOR,RG,1765,5,F,AK,RX,F
14:12:59,MYOR,RG,1765,1,D,SQ,RX,F
14:12:59,MYOR,RG,1765,4,D,SQ,RX,F
14:12:59,MYOR,RG,1765,1,D,IF,RX,F
14:12:59,MYOR,RG,1765,83,F,CS,RX,F
14:12:59,MYOR,RG,1765,2,D,XC,RX,F
14:12:59,MYOR,RG,1765,52,F,CS,RX,F
14:12:59,MYOR,RG,1765,2,D,XA,RX,F
14:12:59,MYOR,RG,1765,25,D,CC,RX,F
14:12:59,MYOR,RG,1765,3,D,XC,RX,F
14:12:59,MYOR,RG,1765,8,F,CS,RX,F
14:12:59,MYOR,RG,1765,20,F,CS,RX,F
14:12:59,MYOR,RG,1765,26,F,CS,RX,F
14:12:59,MYOR,RG,1765,11,F,CS,RX,F
14:12:59,MYOR,RG,1765,25,F,CS,RX,F
14:12:59,MYOR,RG,1765,13,F,CS,RX,F
14:12:59,MYOR,RG,1765,2,F,AK,RX,F
14:12:59,MYOR,RG,1765,8,F,CS,RX,F
14:12:59,MYOR,RG,1765,42,D,XC,RX,F
14:12:59,MYOR,RG,1765,32,F,CS,RX,F
14:12:59,MYOR,RG,1765,1,D,CC,RX,F
14:12:59,MYOR,RG,1765,3,D,XC,RX,F
14:12:59,MYOR,RG,1765,29,F,CS,RX,F
14:12:59,MYOR,RG,1765,1,D,XC,RX,F
14:12:59,MYOR,RG,1765,2,F,AK,RX,F
14:12:59,MYOR,RG,1765,5,F,CS,RX,F
14:12:59,MYOR,RG,1765,24,F,CS,RX,F
14:12:59,MYOR,RG,1765,8,F,CS,RX,F
14:12:59,MYOR,RG,1765,297,D,CC,RX,F
14:12:59,MYOR,RG,1765,100,D,YP,RX,F
14:12:59,MYOR,RG,1765,19,F,CS,RX,F
14:12:59,MYOR,RG,1765,7,D,YP,RX,F
14:12:59,MYOR,RG,1765,11,D,LG,RX,F
14:12:59,MYOR,RG,1765,56,D,LG,RX,F
14:12:59,MYOR,RG,1765,283,D,LG,RX,F
14:12:59,MYOR,RG,1765,1,D,XC,RX,F
14:12:59,MYOR,RG,1765,18,F,CS,RX,F
14:12:59,MYOR,RG,1765,1,D,XL,RX,F
14:12:59,MYOR,RG,1765,3,F,AK,RX,F
14:12:59,MYOR,RG,1765,12,F,CS,RX,F
14:12:59,MYOR,RG,1765,2,D,XC,RX,F
14:12:59,MYOR,RG,1765,4,F,CS,RX,F
14:12:59,MYOR,RG,1765,32,F,CS,RX,F
14:12:59,MYOR,RG,1765,900,D,KI,RX,F
14:12:59,MYOR,RG,1765,42,D,XC,RX,F
14:12:59,MYOR,RG,1765,3,F,CS,RX,F
14:12:59,MYOR,RG,1765,11,F,CS,RX,F
14:12:59,MYOR,RG,1765,1250,D,KI,RX,F
14:12:59,MYOR,RG,1765,1,D,XC,RX,F
14:12:59,MYOR,RG,1765,1,D,XC,RX,F
14:12:59,MYOR,RG,1765,10,F,CS,RX,F
14:12:59,MYOR,RG,1765,5,D,YP,RX,F
14:12:59,MYOR,RG,1765,50,D,PD,RX,F
14:12:59,MYOR,RG,1765,2,D,XC,RX,F
14:12:59,MYOR,RG,1765,3,F,AK,RX,F
14:12:59,MYOR,RG,1765,19,F,CS,RX,F
14:12:59,MYOR,RG,1765,13,F,CS,RX,F
14:12:59,MYOR,RG,1765,4,D,LG,RX,F
14:12:59,MYOR,RG,1765,24,D,LG,RX,F
14:12:59,MYOR,RG,1765,122,D,LG,RX,F
14:12:59,MYOR,RG,1765,57,D,PD,RX,F
14:12:59,MYOR,RG,1765,1,F,CS,RX,F
14:12:59,MYOR,RG,1765,9,F,CS,RX,F
14:12:59,MYOR,RG,1765,3,F,CS,RX,F
14:12:59,MYOR,RG,1765,17,D,EP,RX,F
14:12:59,MYOR,RG,1765,3,D,XC,RX,F
14:12:59,MYOR,RG,1765,1,D,NI,RX,F
14:12:59,MYOR,RG,1765,10,D,NI,RX,F
14:12:59,MYOR,RG,1765,2,D,EP,RX,F
14:12:59,MYOR,RG,1765,80,D,EP,RX,F
14:12:34,MYOR,RG,1770,1,D,PD,RX,F
14:12:27,MYOR,RG,1770,1,D,PD,RX,F
14:12:26,MYOR,RG,1770,8,D,CC,RX,F
14:12:24,MYOR,RG,1770,50,D,AI,RX,F
14:11:50,MYOR,RG,1770,80,D,XA,RX,F
14:11:40,MYOR,RG,1770,1,D,XC,RX,F
14:11:34,MYOR,RG,1770,5,D,SQ,RX,F
14:11:23,MYOR,RG,1770,1,D,PD,RX,F
14:11:04,MYOR,RG,1770,3,D,LG,RX,F
14:11:04,MYOR,RG,1770,16,D,LG,RX,F
14:11:03,MYOR,RG,1770,82,D,LG,RX,F
14:10:16,MYOR,RG,1765,1,D,EP,XL,D
14:10:11,MYOR,RG,1770,1,D,XC,RX,F
14:10:09,MYOR,RG,1770,1,D,XC,RX,F
14:09:39,MYOR,RG,1770,5,D,XC,RX,F
14:09:34,MYOR,RG,1770,25,D,CC,RX,F
14:09:14,MYOR,RG,1770,91,F,CS,RX,F
14:09:05,MYOR,RG,1770,30,D,YP,RX,F
14:09:00,MYOR,RG,1770,209,D,CC,RX,F
14:09:00,MYOR,RG,1770,58,D,CC,OD,D
14:08:59,MYOR,RG,1770,6,D,LG,OD,D
14:08:59,MYOR,RG,1770,32,D,LG,OD,D
14:08:58,MYOR,RG,1770,161,D,LG,OD,D
14:08:53,MYOR,RG,1765,5,D,EP,XL,D
14:08:37,MYOR,RG,1770,3,D,LG,OD,D
14:08:37,MYOR,RG,1770,16,D,LG,OD,D
14:08:37,MYOR,RG,1770,82,D,LG,OD,D
14:06:16,MYOR,RG,1765,1,D,EP,YP,D
14:05:54,MYOR,RG,1765,5,D,EP,XC,D
14:05:42,MYOR,RG,1770,139,F,CS,OD,D
14:05:37,MYOR,RG,1770,30,D,CC,OD,D
14:05:01,MYOR,RG,1765,1,D,EP,DH,D
14:04:57,MYOR,RG,1765,29,D,EP,XC,D
14:04:33,MYOR,RG,1765,2,D,EP,XC,D
14:04:18,MYOR,RG,1765,3,D,EP,DR,D
14:04:10,MYOR,RG,1770,3,D,LG,OD,D
14:04:10,MYOR,RG,1770,16,D,LG,OD,D
14:04:10,MYOR,RG,1770,81,D,LG,OD,D
14:04:07,MYOR,RG,1770,10,D,YP,OD,D
14:03:36,MYOR,RG,1765,1,D,EP,XL,D
14:03:13,MYOR,RG,1765,12,D,EP,NI,D
14:03:13,MYOR,RG,1765,27,F,CS,NI,D
14:03:13,MYOR,RG,1765,3,F,CS,NI,D
14:03:13,MYOR,RG,1765,1,F,CS,NI,D
14:03:13,MYOR,RG,1765,6,D,LG,NI,D
14:03:13,MYOR,RG,1765,32,D,LG,NI,D
14:03:13,MYOR,RG,1765,69,D,LG,NI,D
14:03:02,MYOR,RG,1765,3,D,LG,XC,D
14:02:34,MYOR,RG,1765,1,D,LG,YP,D
14:02:33,MYOR,RG,1765,1,D,LG,XC,D
14:02:30,MYOR,RG,1765,5,D,LG,YP,D
14:02:16,MYOR,RG,1765,2,D,LG,YP,D
14:02:04,MYOR,RG,1765,5,D,LG,KK,D
14:01:52,MYOR,RG,1765,3,D,LG,XC,D
14:00:44,MYOR,RG,1765,3,D,LG,XA,D
13:59:49,MYOR,RG,1765,6,D,LG,CC,D
13:59:44,MYOR,RG,1765,1,D,LG,XA,D
13:59:32,MYOR,RG,1770,10,D,XA,OD,D
13:59:06,MYOR,RG,1770,1,D,NI,OD,D
13:58:39,MYOR,RG,1765,5,D,LG,YP,D
13:58:28,MYOR,RG,1765,52,D,LG,YP,D
13:58:21,MYOR,RG,1765,6,D,LG,YP,D
13:58:21,MYOR,RG,1765,13,F,CS,YP,D
13:58:21,MYOR,RG,1765,3,F,CS,YP,D
13:58:21,MYOR,RG,1765,6,F,CS,YP,D
13:58:21,MYOR,RG,1765,6,D,LG,YP,D
13:58:21,MYOR,RG,1765,16,D,LG,YP,D
13:58:15,MYOR,RG,1765,16,D,LG,RX,F
13:58:15,MYOR,RG,1765,73,D,LG,RX,F
13:58:15,MYOR,RG,1765,89,D,LG,SQ,D
13:58:06,MYOR,RG,1765,88,F,CS,SQ,D
13:58:05,MYOR,RG,1765,15,F,CS,SQ,D
13:58:05,MYOR,RG,1765,1,F,CS,SQ,D
13:58:05,MYOR,RG,1765,1,F,CS,SQ,D
13:58:05,MYOR,RG,1765,10,D,XC,SQ,D
13:58:05,MYOR,RG,1765,20,D,CC,SQ,D
13:58:05,MYOR,RG,1765,14,F,CS,SQ,D
13:58:05,MYOR,RG,1765,2,D,XC,SQ,D
13:58:05,MYOR,RG,1765,10,D,PD,SQ,D
13:58:05,MYOR,RG,1765,13,F,CS,SQ,D
13:58:05,MYOR,RG,1765,6,F,CS,SQ,D
13:58:05,MYOR,RG,1765,8,F,CS,SQ,D
13:58:05,MYOR,RG,1765,8,D,YP,SQ,D
13:58:05,MYOR,RG,1765,1,D,XC,SQ,D
13:58:05,MYOR,RG,1765,3,D,PD,SQ,D
13:58:05,MYOR,RG,1765,5,D,EP,SQ,D
13:58:05,MYOR,RG,1765,3,D,HP,SQ,D
13:58:05,MYOR,RG,1765,1,F,CS,SQ,D
13:58:05,MYOR,RG,1765,2,D,HP,SQ,D
13:57:38,MYOR,RG,1770,6,D,KK,OD,D
13:57:21,MYOR,RG,1770,2,F,CS,OD,D
13:57:21,MYOR,RG,1770,1,F,CS,OD,D
13:57:21,MYOR,RG,1770,2,F,CS,OD,D
13:57:21,MYOR,RG,1770,1,F,CS,OD,D
13:57:21,MYOR,RG,1770,5,F,CS,OD,D
13:57:21,MYOR,RG,1770,1,F,CS,OD,D
13:57:21,MYOR,RG,1770,4,F,AK,OD,D
13:57:21,MYOR,RG,1770,14,D,XC,OD,D
13:57:21,MYOR,RG,1770,1,D,AT,OD,D
13:57:21,MYOR,RG,1770,1,D,XC,OD,D
13:57:21,MYOR,RG,1770,2,F,AK,OD,D
13:57:21,MYOR,RG,1770,2,F,AK,OD,D
13:57:21,MYOR,RG,1770,267,D,CC,OD,D
13:57:21,MYOR,RG,1770,6,F,CS,OD,D
13:57:21,MYOR,RG,1770,6,F,CS,OD,D
13:57:21,MYOR,RG,1770,5,F,CS,OD,D
13:57:21,MYOR,RG,1770,5,F,CS,OD,D
13:57:21,MYOR,RG,1770,2,F,CS,OD,D
13:57:21,MYOR,RG,1770,2,F,CS,OD,D
13:57:21,MYOR,RG,1770,12,F,CS,OD,D
13:57:21,MYOR,RG,1770,4,F,CS,OD,D
13:57:21,MYOR,RG,1770,1,D,PD,OD,D
13:57:21,MYOR,RG,1770,1,D,PD,YP,D
13:57:08,MYOR,RG,1770,1,D,PD,YP,D
13:57:08,MYOR,RG,1770,47,D,PD,NI,D
13:56:38,MYOR,RG,1770,1,F,CS,YP,D
13:56:06,MYOR,RG,1765,1,D,HP,PD,D
13:56:06,MYOR,RG,1775,25,D,YB,YP,D
13:56:06,MYOR,RG,1775,4,D,KI,YP,D
13:56:06,MYOR,RG,1775,2,D,KI,PD,D
13:56:06,MYOR,RG,1775,2,D,KI,PD,D
13:56:06,MYOR,RG,1775,10,D,KI,SQ,D
13:56:06,MYOR,RG,1775,3,D,KI,XC,D
13:56:06,MYOR,RG,1775,3,D,KI,YP,D
13:56:06,MYOR,RG,1775,2,D,KI,PD,D
13:56:06,MYOR,RG,1775,1,D,KI,BQ,D
13:56:06,MYOR,RG,1775,2,D,KI,PD,D
13:56:06,MYOR,RG,1775,100,D,KI,KK,D
13:56:06,MYOR,RG,1775,300,D,KI,CC,D
13:56:06,MYOR,RG,1775,20,D,KI,PD,D
13:56:06,MYOR,RG,1775,1,D,KI,PD,D
13:56:06,MYOR,RG,1775,3,D,KI,PD,D
13:56:06,MYOR,RG,1775,29,D,KI,XC,D
13:56:06,MYOR,RG,1775,100,D,KI,GR,D
13:56:06,MYOR,RG,1775,10,D,KI,DH,D
13:56:06,MYOR,RG,1775,20,D,KI,NI,D
13:56:06,MYOR,RG,1775,25,D,KI,KK,D
13:56:06,MYOR,RG,1775,2,D,KI,PD,D
13:56:06,MYOR,RG,1775,55,D,KI,XL,D
13:56:06,MYOR,RG,1775,26,D,KI,XC,D
13:56:06,MYOR,RG,1775,200,D,KI,NI,D
13:56:06,MYOR,RG,1775,14,D,KI,YP,D
13:56:06,MYOR,RG,1775,100,D,KI,DR,D
13:56:06,MYOR,RG,1775,1,D,KI,XC,D
13:56:06,MYOR,RG,1775,50,D,KI,YP,D
13:56:06,MYOR,RG,1775,5,D,KI,YP,D
13:56:06,MYOR,RG,1775,35,D,KI,YP,D
13:56:06,MYOR,RG,1775,3,D,KI,CC,D
13:56:06,MYOR,RG,1775,5,D,KI,XL,D
13:56:06,MYOR,RG,1775,1,D,KI,PD,D
13:56:06,MYOR,RG,1775,1,D,KI,PD,D
13:56:06,MYOR,RG,1775,80,D,KI,DX,D
13:56:06,MYOR,RG,1770,15,D,KI,PD,D
13:56:06,MYOR,RG,1770,10,D,KI,XC,D
13:56:06,MYOR,RG,1770,1,D,KI,BQ,D
13:56:06,MYOR,RG,1770,1,D,KI,PD,D
13:56:06,MYOR,RG,1770,10,D,KI,YP,D
13:56:06,MYOR,RG,1770,30,D,KI,YP,D
13:56:06,MYOR,RG,1770,15,D,KI,PD,D
13:56:06,MYOR,RG,1770,2,D,KI,PD,D
13:56:06,MYOR,RG,1770,3,D,KI,AZ,D
13:56:06,MYOR,RG,1770,21,D,KI,XL,D
13:56:06,MYOR,RG,1770,3,D,KI,SQ,D
13:56:06,MYOR,RG,1770,18,D,KI,CC,D
13:56:06,MYOR,RG,1770,1,D,KI,KK,D
13:56:06,MYOR,RG,1770,3,D,KI,YP,D
13:56:06,MYOR,RG,1770,1,D,KI,AT,D
13:56:06,MYOR,RG,1770,2,D,KI,YP,D
13:56:06,MYOR,RG,1770,100,D,KI,YP,D
13:56:06,MYOR,RG,1770,5,D,KI,YP,D
13:56:06,MYOR,RG,1770,1,D,KI,PD,D
13:56:06,MYOR,RG,1770,4,D,KI,XL,D
13:56:06,MYOR,RG,1770,36,D,KI,PD,D
13:56:06,MYOR,RG,1770,1,D,KI,PD,D
13:56:06,MYOR,RG,1770,2,D,KI,PD,D
13:56:06,MYOR,RG,1770,270,D,KI,RX,F
13:56:06,MYOR,RG,1770,980,D,KI,OD,D
13:55:57,MYOR,RG,1770,20,D,KI,OD,D
13:55:57,MYOR,RG,1770,10,D,KI,BQ,D
13:55:57,MYOR,RG,1770,10,D,KI,NI,D
13:55:57,MYOR,RG,1770,5,D,KI,XC,D
13:55:57,MYOR,RG,1770,2,D,KI,LS,D
13:55:57,MYOR,RG,1770,3,D,KI,KK,D
13:55:57,MYOR,RG,1770,10,D,KI,HD,D
13:55:57,MYOR,RG,1770,61,D,KI,RX,F
13:55:57,MYOR,RG,1770,10,D,KI,NI,D
13:55:57,MYOR,RG,1770,5,D,KI,PD,D
13:55:57,MYOR,RG,1770,30,D,KI,PD,D
13:55:57,MYOR,RG,1770,1,D,KI,SQ,D
13:55:57,MYOR,RG,1770,1,D,KI,YP,D
13:55:57,MYOR,RG,1770,1,D,KI,XC,D
13:55:57,MYOR,RG,1770,5,D,KI,NI,D
13:55:57,MYOR,RG,1770,1,D,KI,XC,D
13:55:57,MYOR,RG,1770,10,D,KI,MK,D
13:55:57,MYOR,RG,1770,3,D,KI,PD,D
13:55:57,MYOR,RG,1770,14,D,KI,OD,D
13:55:57,MYOR,RG,1770,1,D,KI,XC,D
13:55:57,MYOR,RG,1770,1,D,KI,PD,D
13:55:57,MYOR,RG,1770,123,D,KI,RX,F
13:55:57,MYOR,RG,1770,1,D,KI,XL,D
13:55:57,MYOR,RG,1770,2,D,KI,YP,D
13:55:57,MYOR,RG,1770,8,D,KI,CC,D
13:55:57,MYOR,RG,1770,5,D,KI,XC,D
13:55:57,MYOR,RG,1770,2,D,KI,XL,D
13:55:57,MYOR,RG,1770,20,D,KI,XL,D
13:55:57,MYOR,RG,1770,5,D,KI,XC,D
13:55:57,MYOR,RG,1770,5,D,KI,YP,D
13:55:57,MYOR,RG,1770,2,D,KI,XC,D
13:55:57,MYOR,RG,1770,10,D,KI,XC,D
13:55:57,MYOR,RG,1770,2,D,KI,YP,D
13:55:57,MYOR,RG,1770,2,D,KI,PD,D
13:55:57,MYOR,RG,1770,2,D,KI,PD,D
13:55:57,MYOR,RG,1770,10,D,KI,PD,D
13:55:57,MYOR,RG,1770,1,D,KI,PD,D
13:55:57,MYOR,RG,1770,13,D,KI,XC,D
13:55:57,MYOR,RG,1770,300,D,KI,PD,D
13:55:57,MYOR,RG,1770,10,D,KI,XC,D
13:55:57,MYOR,RG,1770,6,D,KI,XC,D
13:55:57,MYOR,RG,1770,5,D,KI,YP,D
13:55:57,MYOR,RG,1770,5,D,KI,PD,D
13:55:57,MYOR,RG,1770,20,D,KI,PD,D
13:55:57,MYOR,RG,1770,10,D,KI,TP,D
13:55:57,MYOR,RG,1770,10,D,KI,YP,D
13:55:57,MYOR,RG,1770,10,D,KI,XL,D
13:55:57,MYOR,RG,1770,17,D,KI,ZR,D
13:55:57,MYOR,RG,1765,6,D,KI,SQ,D
13:55:57,MYOR,RG,1765,1,D,KI,BQ,D
13:55:57,MYOR,RG,1765,1,D,KI,XC,D
13:55:57,MYOR,RG,1765,5,D,KI,CC,D
13:55:57,MYOR,RG,1765,50,D,KI,CP,D
13:55:57,MYOR,RG,1765,312,D,KI,RX,F
13:55:57,MYOR,RG,1765,815,D,KI,YP,D
13:55:55,MYOR,RG,1760,66,D,YP,MK,D
13:55:51,MYOR,RG,1760,50,D,YP,YP,D
13:55:23,MYOR,RG,1760,1,D,YP,PD,D
13:55:15,MYOR,RG,1765,1,D,XC,YP,D
13:54:58,MYOR,RG,1765,1,D,XC,YP,D
13:54:31,MYOR,RG,1765,4,F,CS,YP,D
13:54:31,MYOR,RG,1765,6,F,CS,YP,D
13:54:31,MYOR,RG,1765,11,F,CS,YP,D
13:54:31,MYOR,RG,1765,10,F,CS,YP,D
13:54:31,MYOR,RG,1765,3,F,AK,YP,D
13:54:31,MYOR,RG,1765,13,F,CS,YP,D
13:54:31,MYOR,RG,1765,1,D,XC,YP,D
13:54:31,MYOR,RG,1765,4,D,YP,YP,D
13:54:31,MYOR,RG,1765,7,F,CS,YP,D
13:54:31,MYOR,RG,1765,3,F,AK,YP,D
13:54:31,MYOR,RG,1765,1,D,PD,YP,D
13:54:31,MYOR,RG,1765,120,D,YP,YP,D
13:53:55,MYOR,RG,1765,1,D,YP,XC,D
13:53:29,MYOR,RG,1765,16,D,PD,XL,D
13:53:29,MYOR,RG,1765,1,F,CS,XL,D
13:53:29,MYOR,RG,1765,1,F,CS,XL,D
13:53:29,MYOR,RG,1765,2,D,YP,XL,D
13:52:56,MYOR,RG,1765,3,F,CS,KK,D
13:52:56,MYOR,RG,1765,22,F,CS,TF,D
13:52:56,MYOR,RG,1765,3,D,PD,TF,D
13:52:56,MYOR,RG,1765,1,D,PD,NI,D
13:52:56,MYOR,RG,1765,15,D,PD,XL,D
13:52:56,MYOR,RG,1765,63,D,PD,YP,D
13:52:56,MYOR,RG,1765,25,D,PD,CC,D
13:52:56,MYOR,RG,1765,50,D,PD,KK,D
13:52:56,MYOR,RG,1765,1,D,PD,MG,D
13:52:56,MYOR,RG,1765,10,D,PD,DH,D
13:52:56,MYOR,RG,1765,172,D,PD,RX,F
13:52:56,MYOR,RG,1765,200,D,PD,AI,D
13:52:56,MYOR,RG,1765,162,D,PD,RX,F
13:52:56,MYOR,RG,1765,10,D,PD,YP,D
13:52:56,MYOR,RG,1765,2,D,PD,CC,D
13:52:56,MYOR,RG,1765,100,D,PD,GR,D
13:52:56,MYOR,RG,1765,100,D,PD,RX,F
13:52:56,MYOR,RG,1765,86,D,PD,KK,D
13:52:20,MYOR,RG,1765,4,D,XC,KK,D
13:51:35,MYOR,RG,1760,1,D,YP,PD,D
13:51:19,MYOR,RG,1760,84,D,YP,YP,D
13:51:03,MYOR,RG,1765,5,D,YP,KK,D
13:50:49,MYOR,RG,1765,5,D,PD,KK,D
13:49:59,MYOR,RG,1760,10,D,YP,TF,D
13:49:26,MYOR,RG,1765,1,F,CS,RX,F
13:49:26,MYOR,RG,1765,1,F,CS,NI,D
13:49:23,MYOR,RG,1765,4,F,CS,NI,D
13:49:14,MYOR,RG,1765,9,D,NI,RX,F
13:49:13,MYOR,RG,1765,2,D,NI,RX,F
13:49:13,MYOR,RG,1765,2,F,CS,XC,D
13:49:03,MYOR,RG,1765,3,F,CS,RX,F
13:49:03,MYOR,RG,1765,4,F,CS,RX,F
13:49:02,MYOR,RG,1765,1,F,CS,RX,F
13:49:02,MYOR,RG,1765,8,D,PD,RX,F
13:49:01,MYOR,RG,1765,2,D,PD,RX,F
13:49:00,MYOR,RG,1765,3,F,CS,RX,F
13:48:59,MYOR,RG,1765,5,D,NI,PD,D
13:48:08,MYOR,RG,1765,3,F,CS,RX,F
13:48:08,MYOR,RG,1765,1,F,CS,RX,F
13:48:06,MYOR,RG,1765,9,F,CS,RX,F
13:48:06,MYOR,RG,1765,5,D,YP,RX,F
13:48:05,MYOR,RG,1765,232,D,YP,CC,D
13:48:05,MYOR,RG,1765,300,D,CC,CC,D
13:48:05,MYOR,RG,1765,56,D,IF,CC,D
13:48:05,MYOR,RG,1765,5,F,CS,CC,D
13:48:05,MYOR,RG,1765,200,D,PD,CC,D
13:48:05,MYOR,RG,1765,6,F,CS,CC,D
13:48:05,MYOR,RG,1765,1,F,CS,CC,D
13:48:05,MYOR,RG,1765,7,D,NI,CC,D
13:48:05,MYOR,RG,1765,56,D,PD,CC,D
13:48:05,MYOR,RG,1765,50,D,CP,CC,D
13:48:05,MYOR,RG,1765,30,D,YB,CC,D
13:48:05,MYOR,RG,1765,2,F,AK,CC,D
13:48:05,MYOR,RG,1765,2,F,AK,CC,D
13:48:05,MYOR,RG,1765,3,F,AK,CC,D
13:48:05,MYOR,RG,1765,2,F,CS,CC,D
13:48:05,MYOR,RG,1765,14,F,CS,CC,D
13:48:05,MYOR,RG,1765,20,D,PD,CC,D
13:48:05,MYOR,RG,1765,11,F,CS,CC,D
13:48:05,MYOR,RG,1765,4,F,CS,CC,D
13:48:05,MYOR,RG,1765,11,F,CS,CC,D
13:48:05,MYOR,RG,1765,1,D,NI,CC,D
13:48:05,MYOR,RG,1765,7,D,CC,CC,D
13:47:56,MYOR,RG,1765,1,D,CC,RX,F
13:47:53,MYOR,RG,1765,3,D,CC,YP,D
13:47:39,MYOR,RG,1765,5,D,CC,RX,F
13:47:36,MYOR,RG,1765,22,D,CC,NI,D
13:47:11,MYOR,RG,1770,3,D,YB,ZR,D
13:47:11,MYOR,RG,1770,7,D,YB,TP,D
13:47:06,MYOR,RG,1765,5,D,CC,RX,F
13:47:04,MYOR,RG,1765,20,D,CC,YP,D
13:46:51,MYOR,RG,1765,81,D,CC,RX,F
13:46:49,MYOR,RG,1765,133,D,CC,CC,D
13:46:49,MYOR,RG,1765,11,F,CS,CC,D
13:46:49,MYOR,RG,1765,3,F,CS,CC,D
13:46:49,MYOR,RG,1765,2,F,CS,CC,D
13:46:49,MYOR,RG,1765,2,F,AK,CC,D
13:46:49,MYOR,RG,1765,55,D,XC,CC,D
13:46:49,MYOR,RG,1765,100,D,YP,CC,D
13:46:49,MYOR,RG,1765,12,F,CS,CC,D
13:46:49,MYOR,RG,1765,4,F,CS,CC,D
13:46:49,MYOR,RG,1765,6,F,CS,CC,D
13:46:49,MYOR,RG,1765,7,F,CS,CC,D
13:46:49,MYOR,RG,1765,23,D,XC,CC,D
13:46:49,MYOR,RG,1765,8,D,YP,CC,D
13:46:49,MYOR,RG,1765,1,D,IF,CC,D
13:46:49,MYOR,RG,1765,2,D,PD,CC,D
13:46:49,MYOR,RG,1765,10,F,CS,CC,D
13:46:49,MYOR,RG,1765,4,F,AK,CC,D
13:46:49,MYOR,RG,1765,2,F,AK,CC,D
13:46:49,MYOR,RG,1765,3,D,XL,CC,D
13:46:49,MYOR,RG,1765,1,F,CS,CC,D
13:46:49,MYOR,RG,1765,12,F,CS,CC,D
13:46:49,MYOR,RG,1765,2,F,CS,CC,D
13:46:49,MYOR,RG,1765,19,F,CS,CC,D
13:46:49,MYOR,RG,1765,278,D,DH,CC,D
13:46:44,MYOR,RG,1765,1,D,DH,AT,D
13:46:43,MYOR,RG,1770,1,D,NI,TP,D
13:45:37,MYOR,RG,1765,1,D,DH,YP,D
13:45:36,MYOR,RG,1765,20,D,DH,CC,D
13:45:20,MYOR,RG,1765,2,D,DH,YP,D
13:45:20,MYOR,RG,1765,3,D,DH,HP,D
13:45:12,MYOR,RG,1770,2,D,CC,TP,D
13:45:12,MYOR,RG,1770,8,D,CC,FS,D
13:44:55,MYOR,RG,1770,2,D,PD,FS,D
13:44:55,MYOR,RG,1770,2,D,PD,PD,D
13:44:55,MYOR,RG,1770,2,D,PD,PD,D
13:44:50,MYOR,RG,1770,1,D,XC,PD,D
13:44:42,MYOR,RG,1770,2,D,PD,PD,D
13:44:42,MYOR,RG,1770,1,D,PD,XC,D
13:44:41,MYOR,RG,1770,1,D,PD,PD,D
13:44:16,MYOR,RG,1765,91,D,DH,RX,F
13:44:16,MYOR,RG,1765,104,D,DH,MG,D
13:44:08,MYOR,RG,1765,107,F,CS,MG,D
13:44:08,MYOR,RG,1765,1,D,NI,MG,D
13:44:08,MYOR,RG,1765,1,F,CS,MG,D
13:44:08,MYOR,RG,1765,1,F,CS,MG,D
13:44:08,MYOR,RG,1765,1,D,PD,MG,D
13:44:07,MYOR,RG,1765,2,D,PD,XC,D
13:44:05,MYOR,RG,1765,32,D,PD,RX,F
13:44:05,MYOR,RG,1765,33,D,PD,DR,D
13:44:05,MYOR,RG,1765,1,D,PD,PD,D
13:44:05,MYOR,RG,1765,40,D,PD,PD,D
13:44:05,MYOR,RG,1765,10,D,PD,XC,D
13:44:05,MYOR,RG,1765,1,D,PD,XC,D
13:44:05,MYOR,RG,1765,47,D,PD,RX,F
13:44:05,MYOR,RG,1765,30,D,PD,AT,D
13:44:05,MYOR,RG,1765,3,D,PD,PD,D
13:44:05,MYOR,RG,1765,1,D,PD,PD,D
13:44:05,MYOR,RG,1765,70,D,PD,YP,D
13:44:05,MYOR,RG,1765,2,D,PD,GR,D
13:44:05,MYOR,RG,1765,6,D,PD,CC,D
13:44:05,MYOR,RG,1765,7,D,PD,CC,D
13:44:05,MYOR,RG,1765,50,D,PD,LS,D
13:44:05,MYOR,RG,1765,16,D,PD,YP,D
13:44:05,MYOR,RG,1765,2,D,PD,YP,D
13:44:05,MYOR,RG,1765,1,D,PD,DR,D
13:44:05,MYOR,RG,1765,2,D,PD,KK,D
13:44:05,MYOR,RG,1765,20,D,PD,YP,D
13:44:05,MYOR,RG,1765,6,D,PD,PD,D
13:44:05,MYOR,RG,1765,50,D,PD,YB,D
13:44:05,MYOR,RG,1765,50,D,PD,YP,D
13:44:05,MYOR,RG,1765,17,D,PD,RX,F
13:44:01,MYOR,RG,1760,46,D,YP,CC,D
13:44:01,MYOR,RG,1760,15,D,YP,CC,D
13:44:01,MYOR,RG,1760,5,D,YP,CC,D
13:44:01,MYOR,RG,1760,9,D,CC,CC,D
13:44:01,MYOR,RG,1760,6,D,XL,CC,D
13:44:01,MYOR,RG,1760,1,D,XL,CC,D
13:44:01,MYOR,RG,1760,53,D,YP,CC,D
13:43:58,MYOR,RG,1760,10,D,YP,XL,D
13:43:18,MYOR,RG,1765,1,D,CC,RX,F
13:43:06,MYOR,RG,1760,2,D,YP,NI,D
13:43:05,MYOR,RG,1760,1,D,YP,AZ,D
13:42:46,MYOR,RG,1760,80,D,YP,XC,D
13:42:30,MYOR,RG,1765,10,D,XC,RX,F
13:42:29,MYOR,RG,1765,5,D,YP,RX,F
13:42:29,MYOR,RG,1765,5,D,YP,RX,F
13:42:13,MYOR,RG,1765,93,D,CC,RX,F
13:42:13,MYOR,RG,1765,34,D,CC,RX,F
13:41:40,MYOR,RG,1765,25,D,XC,RX,F
13:41:35,MYOR,RG,1765,30,D,XC,RX,F
13:41:29,MYOR,RG,1765,1,D,PD,RX,F
13:40:28,MYOR,RG,1765,6,D,EP,RX,F
13:39:50,MYOR,RG,1765,2,D,DR,RX,F
13:39:50,MYOR,RG,1765,98,D,DR,PD,D
13:38:38,MYOR,RG,1760,54,D,YP,DR,D
13:38:38,MYOR,RG,1760,68,D,YP,DR,D
13:38:32,MYOR,RG,1760,3,D,YP,YB,D
13:36:49,MYOR,RG,1760,4,D,YP,YU,D
13:36:35,MYOR,RG,1760,17,D,YP,BK,F
13:36:33,MYOR,RG,1765,20,F,CS,PD,D
13:36:33,MYOR,RG,1765,9,F,CS,PD,D
13:36:33,MYOR,RG,1765,20,F,CS,PD,D
13:36:33,MYOR,RG,1765,11,F,CS,PD,D
13:36:33,MYOR,RG,1765,42,D,AI,PD,D
13:36:31,MYOR,RG,1765,6,D,AI,RX,F
13:36:28,MYOR,RG,1765,1,D,AI,RX,F
13:36:28,MYOR,RG,1765,1,D,AI,XC,D
13:36:14,MYOR,RG,1765,2,F,CS,BK,F
13:36:14,MYOR,RG,1765,9,F,CS,BK,F
13:36:14,MYOR,RG,1765,4,F,CS,BK,F
13:36:14,MYOR,RG,1765,12,D,XL,BK,F
13:36:08,MYOR,RG,1765,38,D,XL,RX,F
13:36:05,MYOR,RG,1765,20,D,XL,BK,F
13:36:05,MYOR,RG,1765,6,D,XL,XA,D
13:36:05,MYOR,RG,1765,6,D,XL,RX,F
13:36:04,MYOR,RG,1760,8,D,YP,RX,F
13:36:02,MYOR,RG,1760,34,D,YP,BK,F
13:36:01,MYOR,RG,1760,84,D,YP,RX,F
13:35:58,MYOR,RG,1760,32,D,YP,BK,F
13:35:58,MYOR,RG,1760,18,D,XC,BK,F
13:35:58,MYOR,RG,1760,1,D,XC,BK,F
13:35:58,MYOR,RG,1760,1,D,XC,BK,F
13:35:58,MYOR,RG,1760,5,D,XC,BK,F
13:35:58,MYOR,RG,1760,1,D,XC,BK,F
13:35:58,MYOR,RG,1760,6,D,XC,BK,F
13:35:58,MYOR,RG,1760,1,D,XC,BK,F
13:35:58,MYOR,RG,1760,3,D,PD,BK,F
13:35:58,MYOR,RG,1760,10,D,PD,BK,F
13:35:58,MYOR,RG,1760,2,D,EP,BK,F
13:35:53,MYOR,RG,1765,7,F,CS,RX,F
13:35:53,MYOR,RG,1765,190,D,CC,RX,F
13:35:51,MYOR,RG,1765,88,D,CC,BK,F
13:35:51,MYOR,RG,1765,3,D,PD,BK,F
13:35:51,MYOR,RG,1765,2,D,AT,BK,F
13:35:51,MYOR,RG,1765,24,F,CS,BK,F
13:35:51,MYOR,RG,1765,11,F,CS,BK,F
13:35:51,MYOR,RG,1765,10,D,NI,BK,F
13:35:51,MYOR,RG,1765,40,D,CC,BK,F
13:35:51,MYOR,RG,1765,8,D,YP,BK,F
13:35:51,MYOR,RG,1765,4,F,CS,BK,F
13:35:48,MYOR,RG,1765,4,F,CS,OD,D
13:35:48,MYOR,RG,1765,1,F,CS,OD,D
13:35:48,MYOR,RG,1765,16,F,CS,OD,D
13:35:48,MYOR,RG,1765,20,D,YB,OD,D
13:35:48,MYOR,RG,1765,13,F,CS,OD,D
13:35:48,MYOR,RG,1765,2,F,CS,OD,D
13:35:48,MYOR,RG,1765,2,F,AK,OD,D
13:35:48,MYOR,RG,1765,21,F,CS,OD,D
13:35:48,MYOR,RG,1765,2,D,YP,OD,D
13:35:48,MYOR,RG,1765,5,D,XC,OD,D
13:35:48,MYOR,RG,1765,5,D,NI,OD,D
13:35:48,MYOR,RG,1765,23,F,CS,OD,D
13:35:48,MYOR,RG,1765,1,D,YB,OD,D
13:35:48,MYOR,RG,1765,4,F,CS,OD,D
13:35:48,MYOR,RG,1765,2,F,CS,OD,D
13:35:48,MYOR,RG,1765,5,F,CS,OD,D
13:35:48,MYOR,RG,1765,2,D,YP,OD,D
13:35:48,MYOR,RG,1765,3,F,AK,OD,D
13:35:48,MYOR,RG,1765,4,F,CS,OD,D
13:35:48,MYOR,RG,1765,2,D,PD,OD,D
13:35:48,MYOR,RG,1765,25,F,CS,OD,D
13:35:48,MYOR,RG,1765,10,D,TF,OD,D
13:35:48,MYOR,RG,1765,4,F,AK,OD,D
13:35:48,MYOR,RG,1765,9,D,PD,OD,D
13:35:48,MYOR,RG,1765,815,D,CP,OD,D
13:35:45,MYOR,RG,1770,1,D,XC,PD,D
13:35:45,MYOR,RG,1770,10,D,XC,XC,D
13:35:27,MYOR,RG,1770,1,D,AT,XC,D
13:35:27,MYOR,RG,1770,12,D,PD,XC,D
13:35:27,MYOR,RG,1770,28,D,PD,YU,D
13:35:15,MYOR,RG,1770,5,D,CC,YU,D
13:35:10,MYOR,RG,1770,25,D,HP,YU,D
13:34:27,MYOR,RG,1770,100,D,XC,YU,D
13:34:23,MYOR,RG,1770,1,D,XC,YU,D
13:34:15,MYOR,RG,1770,141,D,HP,YU,D
13:34:15,MYOR,RG,1770,85,D,HP,RX,F
13:34:15,MYOR,RG,1770,100,D,HP,KK,D
13:34:15,MYOR,RG,1770,1,D,HP,XC,D
13:34:15,MYOR,RG,1770,4,D,HP,XC,D
13:34:15,MYOR,RG,1770,19,D,HP,CC,D
13:34:01,MYOR,RG,1770,5,D,NI,CC,D
13:33:55,MYOR,RG,1765,2,D,CP,SQ,D
13:33:31,MYOR,RG,1765,3,D,CP,RX,F
13:33:31,MYOR,RG,1765,9,D,CP,PD,D
13:33:31,MYOR,RG,1765,1,D,CP,XL,D
13:33:28,MYOR,RG,1765,25,D,CP,RX,F
13:33:26,MYOR,RG,1770,3,D,NI,CC,D
13:33:26,MYOR,RG,1765,100,D,CP,DR,D
13:33:15,MYOR,RG,1765,3,D,CP,RX,F
13:33:15,MYOR,RG,1770,1,D,XC,CC,D
13:33:14,MYOR,RG,1765,12,D,CP,NI,D
13:32:38,MYOR,RG,1770,2,D,NI,CC,D
13:32:23,MYOR,RG,1765,30,D,CP,RX,F
13:32:23,MYOR,RG,1765,15,F,BK,RX,F
13:32:21,MYOR,RG,1765,16,F,BK,CC,D
13:32:21,MYOR,RG,1765,16,F,CS,CC,D
13:32:21,MYOR,RG,1765,68,F,AK,CC,D
13:32:10,MYOR,RG,1765,20,F,AK,TF,D
13:32:10,MYOR,RG,1765,3,F,CS,TF,D
13:32:10,MYOR,RG,1765,7,F,CS,TF,D
13:32:10,MYOR,RG,1765,8,D,YP,TF,D
13:32:08,MYOR,RG,1770,35,D,CC,CC,D
13:31:59,MYOR,RG,1765,14,D,YP,XC,D
13:31:59,MYOR,RG,1770,1,D,YP,CC,D
13:31:55,MYOR,RG,1765,1,D,YP,XC,D
13:31:36,MYOR,RG,1765,38,D,YP,TF,D
13:31:25,MYOR,RG,1765,1,D,YP,PD,D
13:31:11,MYOR,RG,1770,34,F,AK,CC,D
13:31:11,MYOR,RG,1770,3,F,AK,PD,D
13:31:11,MYOR,RG,1770,10,F,AK,XC,D
13:31:11,MYOR,RG,1770,28,F,AK,RX,F
13:31:11,MYOR,RG,1770,26,F,AK,IF,D
13:31:11,MYOR,RG,1770,5,F,AK,OD,D
13:31:11,MYOR,RG,1770,51,F,AK,IF,D
13:31:11,MYOR,RG,1770,17,F,AK,IF,D
13:31:11,MYOR,RG,1770,1,F,AK,YP,D
13:31:11,MYOR,RG,1770,60,F,AK,XL,D
13:31:11,MYOR,RG,1770,10,F,AK,KK,D
13:31:11,MYOR,RG,1770,5,F,AK,YP,D
13:31:11,MYOR,RG,1770,2,F,AK,PD,D
13:31:11,MYOR,RG,1770,27,F,AK,YP,D
13:31:11,MYOR,RG,1770,2,F,AK,PD,D
13:31:11,MYOR,RG,1770,2,F,AK,PD,D
13:31:11,MYOR,RG,1770,2,F,AK,LS,D
13:31:11,MYOR,RG,1770,1,F,AK,DH,D
13:31:11,MYOR,RG,1770,5,F,AK,NI,D
13:31:11,MYOR,RG,1770,1,F,AK,YP,D
13:31:11,MYOR,RG,1770,3,F,AK,XC,D
13:31:11,MYOR,RG,1770,2,F,AK,PD,D
13:31:11,MYOR,RG,1770,1,F,AK,BQ,D
13:31:11,MYOR,RG,1770,16,F,AK,YP,D
13:31:10,MYOR,RG,1770,4,F,AK,YP,D
13:31:10,MYOR,RG,1770,1,F,AK,PD,D
13:31:10,MYOR,RG,1770,1,F,AK,NI,D
13:31:10,MYOR,RG,1770,142,F,AK,RX,F
13:31:10,MYOR,RG,1770,1,F,AK,SQ,D
13:31:10,MYOR,RG,1770,7,F,AK,YP,D
13:31:10,MYOR,RG,1770,1,F,AK,PD,D
13:31:09,MYOR,RG,1770,40,F,AK,PD,D
13:31:09,MYOR,RG,1770,59,F,AK,CC,D
13:31:09,MYOR,RG,1770,20,F,AK,ZP,D
13:31:09,MYOR,RG,1770,20,F,AK,NI,D
13:31:09,MYOR,RG,1770,1,F,AK,PD,D
13:31:09,MYOR,RG,1770,1,F,AK,PD,D
13:31:09,MYOR,RG,1770,10,F,AK,PD,D
13:31:09,MYOR,RG,1770,1,F,AK,PD,D
13:31:09,MYOR,RG,1770,2,F,AK,YP,D
13:31:09,MYOR,RG,1770,1,F,AK,PD,D
13:31:09,MYOR,RG,1770,2,F,AK,GR,D
13:31:08,MYOR,RG,1770,48,F,AK,GR,D
13:31:08,MYOR,RG,1770,20,F,AK,DH,D
13:31:08,MYOR,RG,1770,2,F,AK,PD,D
13:31:08,MYOR,RG,1770,35,F,AK,YP,D
13:31:08,MYOR,RG,1770,1,F,AK,PD,D
13:31:08,MYOR,RG,1770,51,F,AK,XC,D
13:31:07,MYOR,RG,1765,131,D,YP,CC,D
13:31:07,MYOR,RG,1765,100,D,YP,YP,D
13:31:07,MYOR,RG,1765,10,D,YP,YP,D
13:31:07,MYOR,RG,1765,1,D,YP,YP,D
13:31:07,MYOR,RG,1765,1,D,YP,XC,D
13:31:07,MYOR,RG,1765,1,D,YP,PD,D
13:31:07,MYOR,RG,1765,422,D,YP,RX,F
13:31:07,MYOR,RG,1765,29,D,YP,XL,D
13:31:07,MYOR,RG,1765,1,D,YP,XL,D
13:31:07,MYOR,RG,1765,1,D,YP,XL,D
13:31:07,MYOR,RG,1765,20,D,YP,XL,D
13:31:07,MYOR,RG,1765,8,D,YP,CC,D
13:31:07,MYOR,RG,1765,2,D,YP,CC,D
13:31:07,MYOR,RG,1765,2,D,YP,XL,D
13:31:07,MYOR,RG,1765,3,D,YP,XC,D
13:31:07,MYOR,RG,1765,22,D,YP,XC,D
13:31:07,MYOR,RG,1765,3,D,YP,KK,D
13:31:07,MYOR,RG,1765,1,D,YP,DH,D
13:31:07,MYOR,RG,1765,5,D,YP,PD,D
13:31:07,MYOR,RG,1765,15,D,YP,YP,D
13:31:07,MYOR,RG,1765,136,D,YP,PD,D
13:31:07,MYOR,RG,1765,3,D,YP,YP,D
13:31:07,MYOR,RG,1765,10,D,YP,PD,D
13:31:07,MYOR,RG,1765,10,D,YP,YP,D
13:31:07,MYOR,RG,1765,1,D,YP,XC,D
13:31:02,MYOR,RG,1765,1,F,AK,XC,D
13:31:02,MYOR,RG,1765,2,F,AK,PD,D
13:31:02,MYOR,RG,1765,3,F,AK,PD,D
13:31:02,MYOR,RG,1765,9,F,AK,GR,D
13:31:02,MYOR,RG,1765,1,F,AK,XC,D
13:31:02,MYOR,RG,1765,2,F,AK,AT,D
13:31:02,MYOR,RG,1765,4,F,AK,PD,D
13:31:02,MYOR,RG,1765,2,F,AK,AZ,D
13:31:02,MYOR,RG,1765,1,F,AK,AT,D
13:31:02,MYOR,RG,1765,53,F,AK,HP,D
13:31:02,MYOR,RG,1765,5,F,AK,YP,D
13:31:02,MYOR,RG,1765,1,F,AK,PD,D
13:31:02,MYOR,RG,1765,73,F,AK,FZ,D
13:31:01,MYOR,RG,1765,157,F,AK,FZ,D
13:31:00,MYOR,RG,1765,157,F,AK,FZ,D
13:30:59,MYOR,RG,1765,500,D,YP,FZ,D
13:30:29,MYOR,RG,1765,5,D,XL,FZ,D
13:30:17,MYOR,RG,1765,108,F,AK,FZ,D
13:30:17,MYOR,RG,1765,4,F,AK,PD,D
13:30:17,MYOR,RG,1765,1,F,AK,PD,D
13:30:17,MYOR,RG,1765,1,F,AK,PD,D
13:30:17,MYOR,RG,1765,1,F,AK,SQ,D
13:30:17,MYOR,RG,1765,18,F,AK,EP,D
13:30:17,MYOR,RG,1765,10,F,AK,KK,D
13:30:17,MYOR,RG,1765,5,F,AK,PD,D
13:30:17,MYOR,RG,1765,3,F,AK,PD,D
13:30:17,MYOR,RG,1765,5,F,AK,XL,D
13:30:17,MYOR,RG,1765,1,F,AK,PD,D
13:30:16,MYOR,RG,1765,1,F,AK,PD,D
13:30:16,MYOR,RG,1765,30,F,AK,KK,D
13:30:16,MYOR,RG,1765,3,F,AK,PD,D
13:30:16,MYOR,RG,1765,99,F,AK,EP,D
13:30:16,MYOR,RG,1765,24,F,AK,DH,D
13:30:16,MYOR,RG,1765,157,F,AK,DH,D
13:30:15,MYOR,RG,1765,157,F,AK,DH,D
13:30:11,MYOR,RG,1765,2,D,CC,DH,D
13:30:11,MYOR,RG,1765,60,F,AK,DH,D
13:30:11,MYOR,RG,1765,5,F,AK,DR,D
13:30:11,MYOR,RG,1765,1,F,AK,BQ,D
13:30:11,MYOR,RG,1765,91,F,AK,RX,F
13:30:09,MYOR,RG,1765,1,D,CC,RX,F
13:30:09,MYOR,RG,1765,5,D,XL,RX,F
13:30:09,MYOR,RG,1765,1,D,XL,PD,D
13:30:09,MYOR,RG,1765,5,D,YP,PD,D
13:30:08,MYOR,RG,1765,19,D,CC,PD,D
13:30:08,MYOR,RG,1765,1,D,CC,YP,D
13:30:08,MYOR,RG,1765,6,D,CC,SQ,D
13:30:08,MYOR,RG,1765,5,D,CC,YP,D
13:30:08,MYOR,RG,1765,50,D,CC,NI,D
13:30:08,MYOR,RG,1765,20,D,CC,CC,D
13:30:08,MYOR,RG,1765,2,D,CC,PD,D
13:30:08,MYOR,RG,1765,1,D,CC,XC,D
13:30:08,MYOR,RG,1765,5,D,CC,DR,D
13:30:08,MYOR,RG,1765,25,D,CC,PD,D
13:30:07,MYOR,RG,1765,7,D,CC,PD,D
13:30:07,MYOR,RG,1765,2,D,PD,PD,D
13:30:07,MYOR,RG,1765,1,D,CC,PD,D
13:30:07,MYOR,RG,1760,5,D,EP,YP,D
13:30:06,MYOR,RG,1760,2,D,EP,CC,D
13:30:06,MYOR,RG,1765,20,D,XC,PD,D
13:30:06,MYOR,RG,1765,2,D,XL,PD,D
13:30:06,MYOR,RG,1765,8,F,AK,PD,D
13:30:05,MYOR,RG,1765,2,D,YP,PD,D
13:30:05,MYOR,RG,1765,1,D,YB,PD,D
13:30:05,MYOR,RG,1765,25,D,YP,PD,D
13:30:04,MYOR,RG,1765,1,D,XC,PD,D
13:30:04,MYOR,RG,1760,3,D,EP,PD,D
13:30:04,MYOR,RG,1765,6,D,XC,PD,D
13:30:04,MYOR,RG,1765,6,D,XC,XC,D
13:30:03,MYOR,RG,1765,5,D,XC,XC,D
13:30:03,MYOR,RG,1760,8,D,EP,PD,D
13:30:03,MYOR,RG,1760,1,D,PD,PD,D
13:30:03,MYOR,RG,1760,9,D,XC,PD,D
13:30:03,MYOR,RG,1760,2,D,PD,PD,D
13:30:03,MYOR,RG,1760,1,D,PD,PD,D
13:30:03,MYOR,RG,1760,7,D,PD,PD,D
13:30:03,MYOR,RG,1765,3,D,PD,XC,D
13:30:03,MYOR,RG,1765,1,D,KK,XC,D
13:30:02,MYOR,RG,1765,1,D,PD,XC,D
13:30:02,MYOR,RG,1765,2,D,HP,XC,D
13:30:02,MYOR,RG,1765,8,D,KK,XC,D
13:30:02,MYOR,RG,1765,2,D,KK,XC,D
13:30:02,MYOR,RG,1765,5,D,XC,XC,D
13:30:02,MYOR,RG,1760,3,D,XC,SQ,D
13:30:02,MYOR,RG,1765,1,D,XC,XC,D
13:30:02,MYOR,RG,1760,20,D,XC,PD,D
13:30:01,MYOR,RG,1765,2,D,PD,RX,F
13:30:01,MYOR,RG,1760,4,D,PD,LG,D
13:30:01,MYOR,RG,1760,1,D,SQ,LG,D
13:30:01,MYOR,RG,1760,1,D,XC,LG,D
13:30:01,MYOR,RG,1760,2,D,XC,LG,D
13:30:01,MYOR,RG,1760,5,D,HP,LG,D
13:30:01,MYOR,RG,1760,5,D,PD,LG,D
13:30:01,MYOR,RG,1760,3,D,SQ,LG,D
13:30:01,MYOR,RG,1760,6,D,XC,LG,D
13:30:01,MYOR,RG,1760,50,D,YP,LG,D
13:30:01,MYOR,RG,1760,1,D,KK,LG,D
13:30:01,MYOR,RG,1760,18,F,CS,LG,D
13:30:01,MYOR,RG,1760,7,F,CS,LG,D
13:30:01,MYOR,RG,1760,5,F,CS,LG,D
13:30:01,MYOR,RG,1760,1,D,CC,LG,D
13:30:01,MYOR,RG,1760,5,D,CC,LG,D
13:30:01,MYOR,RG,1765,1,D,PD,RX,F
13:30:01,MYOR,RG,1760,6,F,CS,XC,D
13:30:01,MYOR,RG,1765,5,D,PD,RX,F
13:30:01,MYOR,RG,1760,5,F,CS,AZ,D
13:30:01,MYOR,RG,1760,4,F,CS,AZ,D
13:30:01,MYOR,RG,1760,8,F,CS,AZ,D
13:30:01,MYOR,RG,1760,50,D,KK,AZ,D
13:30:01,MYOR,RG,1760,4,F,CS,AZ,D
13:30:01,MYOR,RG,1760,3,D,PD,AZ,D
13:30:01,MYOR,RG,1760,4,F,CS,AZ,D
13:30:01,MYOR,RG,1760,10,F,CS,AZ,D
13:30:01,MYOR,RG,1760,5,F,CS,AZ,D
13:30:01,MYOR,RG,1760,5,F,CS,AZ,D
13:30:01,MYOR,RG,1760,2,F,CS,AZ,D
13:30:01,MYOR,RG,1760,1,F,CS,AZ,D
13:30:01,MYOR,RG,1760,50,D,KK,AZ,D
13:30:01,MYOR,RG,1760,17,F,CS,AZ,D
13:30:01,MYOR,RG,1760,3,F,CS,AZ,D
13:30:01,MYOR,RG,1760,29,D,CC,AZ,D
13:30:01,MYOR,RG,1765,6,D,DH,RX,F
13:30:01,MYOR,RG,1765,20,D,YU,RX,F
13:30:01,MYOR,RG,1765,100,D,SQ,RX,F
13:30:01,MYOR,RG,1765,6,D,XA,RX,F
13:30:01,MYOR,RG,1760,5,D,CC,PD,D
11:29:57,MYOR,RG,1765,1,F,AK,RX,F
11:29:56,MYOR,RG,1760,19,D,CC,XA,D
11:29:56,MYOR,RG,1765,3,D,PD,RX,F
11:29:17,MYOR,RG,1765,1,D,XC,RX,F
11:28:58,MYOR,RG,1760,10,D,CC,YP,D
11:28:51,MYOR,RG,1760,1,D,CC,SQ,D
11:28:50,MYOR,RG,1760,2,D,CC,XL,D
11:28:47,MYOR,RG,1760,25,D,CC,XL,D
11:28:44,MYOR,RG,1760,93,D,CC,CC,D
11:28:44,MYOR,RG,1760,2,F,CS,CC,D
11:28:44,MYOR,RG,1760,1,F,CS,CC,D
11:28:44,MYOR,RG,1760,4,F,CS,CC,D
11:28:44,MYOR,RG,1760,2,F,CS,PD,D
11:28:38,MYOR,RG,1765,13,D,PD,RX,F
11:28:19,MYOR,RG,1760,1,F,CS,SQ,D
11:28:19,MYOR,RG,1760,9,D,XC,SQ,D
11:27:32,MYOR,RG,1760,1,D,XC,NI,D
11:27:32,MYOR,RG,1760,2,D,XC,XL,D
11:27:32,MYOR,RG,1760,15,D,XC,KK,D
11:27:32,MYOR,RG,1760,18,D,XC,RX,F
11:27:32,MYOR,RG,1760,8,D,XC,DR,D
11:27:28,MYOR,RG,1760,1,D,YP,DR,D
11:27:19,MYOR,RG,1760,34,F,CS,DR,D
11:27:19,MYOR,RG,1760,1,F,CS,BQ,D
11:27:19,MYOR,RG,1760,1,F,CS,YP,D
11:27:19,MYOR,RG,1760,5,F,CS,XL,D
11:27:19,MYOR,RG,1760,5,F,CS,PD,D
11:27:19,MYOR,RG,1760,9,F,CS,RX,F
11:27:19,MYOR,RG,1760,26,F,CS,XC,D
11:27:03,MYOR,RG,1755,1,D,XC,EP,D
11:27:03,MYOR,RG,1755,2,D,XC,EP,D
11:27:03,MYOR,RG,1755,5,D,KK,EP,D
11:27:03,MYOR,RG,1755,1,D,EP,EP,D
11:27:03,MYOR,RG,1755,1,D,PD,EP,D
11:27:03,MYOR,RG,1755,9,D,CC,EP,D
11:27:03,MYOR,RG,1755,1,D,XL,EP,D
11:26:45,MYOR,RG,1760,3,F,AK,XC,D
11:26:06,MYOR,RG,1760,3,D,NI,XC,D
11:26:00,MYOR,RG,1760,1,F,AK,XC,D
11:25:15,MYOR,RG,1760,1,F,AK,XC,D
11:25:13,MYOR,RG,1760,1,D,XC,XC,D
11:24:05,MYOR,RG,1760,5,F,CS,RX,F
11:24:05,MYOR,RG,1760,20,F,CS,RX,F
11:24:05,MYOR,RG,1760,9,F,CS,PD,D
11:24:02,MYOR,RG,1760,1,D,XC,PD,D
11:23:42,MYOR,RG,1755,1,D,PD,XL,D
11:23:42,MYOR,RG,1755,6,D,NI,XL,D
11:23:34,MYOR,RG,1760,10,D,CC,PD,D
11:23:01,MYOR,RG,1760,76,D,TP,PD,D
11:23:01,MYOR,RG,1760,3,D,TP,XC,D
11:23:01,MYOR,RG,1760,36,D,TP,RX,F
11:23:01,MYOR,RG,1760,34,D,TP,PD,D
11:23:01,MYOR,RG,1760,10,D,TP,YP,D
11:23:01,MYOR,RG,1760,3,D,TP,XC,D
11:23:01,MYOR,RG,1760,2,D,TP,PD,D
11:23:01,MYOR,RG,1760,50,D,TP,YP,D
11:23:01,MYOR,RG,1760,14,D,TP,NI,D
11:23:01,MYOR,RG,1760,22,D,TP,RX,F
11:22:59,MYOR,RG,1760,4,D,XC,RX,F
11:22:15,MYOR,RG,1760,8,D,PD,RX,F
11:22:08,MYOR,RG,1755,20,D,NI,CC,D
11:22:08,MYOR,RG,1760,2,D,KK,RX,F
11:22:05,MYOR,RG,1760,2,D,DH,RX,F
11:21:49,MYOR,RG,1760,1,D,DR,RX,F
11:21:31,MYOR,RG,1760,10,D,PD,RX,F
11:21:30,MYOR,RG,1760,20,D,YP,RX,F
11:20:45,MYOR,RG,1760,1,D,PD,RX,F
11:20:26,MYOR,RG,1755,1,D,NI,XC,D
11:20:12,MYOR,RG,1755,8,D,CC,RX,F
11:20:12,MYOR,RG,1755,49,D,PD,RX,F
11:20:12,MYOR,RG,1755,1,D,PD,AG,D
11:20:12,MYOR,RG,1755,1,D,NI,AG,D
11:20:12,MYOR,RG,1755,5,D,PD,AG,D
11:20:12,MYOR,RG,1755,15,D,YP,AG,D
11:20:12,MYOR,RG,1755,2,D,PD,AG,D
11:20:12,MYOR,RG,1755,11,D,BQ,AG,D
11:20:12,MYOR,RG,1755,1,D,NI,AG,D
11:20:12,MYOR,RG,1755,11,D,CC,AG,D
11:20:12,MYOR,RG,1755,1,D,XC,AG,D
11:20:12,MYOR,RG,1755,2,D,ZP,AG,D
11:20:12,MYOR,RG,1755,100,D,TF,AG,D
11:20:12,MYOR,RG,1755,30,D,XC,AG,D
11:20:12,MYOR,RG,1755,20,D,NI,AG,D
11:19:42,MYOR,RG,1755,10,D,AT,NI,D
11:19:06,MYOR,RG,1760,40,D,YP,RX,F
11:19:06,MYOR,RG,1760,100,D,YP,YP,D
11:19:06,MYOR,RG,1760,2,D,YP,YP,D
11:18:48,MYOR,RG,1760,1,D,XC,YP,D
11:18:30,MYOR,RG,1760,6,D,HP,YP,D
11:18:22,MYOR,RG,1760,1,D,XC,YP,D
11:18:02,MYOR,RG,1760,15,F,CS,MU,D
11:18:02,MYOR,RG,1760,10,F,CS,MU,D
11:18:01,MYOR,RG,1760,12,F,CS,RX,F
11:18:01,MYOR,RG,1760,10,F,CS,RX,F
11:18:01,MYOR,RG,1760,31,D,CC,RX,F
11:18:00,MYOR,RG,1760,150,D,CC,AK,F
11:18:00,MYOR,RG,1760,7,F,CS,AK,F
11:18:00,MYOR,RG,1760,2,F,AK,AK,F
11:18:00,MYOR,RG,1760,41,D,EP,AK,F
11:18:00,MYOR,RG,1760,18,D,EP,YP,D
11:17:54,MYOR,RG,1760,2,D,EP,RX,F
11:17:53,MYOR,RG,1760,10,D,EP,YP,D
11:17:51,MYOR,RG,1760,29,D,EP,RX,F
11:17:51,MYOR,RG,1760,25,F,CS,RX,F
11:17:51,MYOR,RG,1760,3,D,XC,RX,F
11:17:51,MYOR,RG,1760,1,D,SQ,RX,F
11:17:51,MYOR,RG,1760,6,D,SQ,RX,F
11:17:49,MYOR,RG,1760,4,D,SQ,YP,D
11:17:49,MYOR,RG,1760,1,D,PD,YP,D
11:17:47,MYOR,RG,1760,2,F,AK,ID,D
11:17:47,MYOR,RG,1760,100,D,YP,ID,D
11:17:47,MYOR,RG,1760,30,F,CS,ID,D
11:17:47,MYOR,RG,1760,10,D,SQ,ID,D
11:17:47,MYOR,RG,1760,20,D,CC,ID,D
11:17:47,MYOR,RG,1760,20,D,KK,ID,D
11:17:47,MYOR,RG,1760,1,D,AT,ID,D
11:17:47,MYOR,RG,1760,9,F,CS,ID,D
11:17:47,MYOR,RG,1760,3,D,CC,ID,D
11:17:47,MYOR,RG,1760,1,F,AK,ID,D
11:17:47,MYOR,RG,1760,19,F,CS,ID,D
11:17:47,MYOR,RG,1760,9,F,CS,ID,D
11:17:47,MYOR,RG,1760,25,F,CS,ID,D
11:17:47,MYOR,RG,1760,1,D,CC,ID,D
11:17:45,MYOR,RG,1760,1,D,CC,YP,D
11:17:43,MYOR,RG,1760,2,D,CC,RX,F
11:17:43,MYOR,RG,1760,10,D,YB,RX,F
11:17:43,MYOR,RG,1760,5,D,SQ,RX,F
11:17:43,MYOR,RG,1760,6,D,NI,RX,F
11:17:43,MYOR,RG,1760,27,F,CS,RX,F
11:17:41,MYOR,RG,1760,4,F,CS,RX,F
11:17:41,MYOR,RG,1760,14,F,CS,RX,F
11:17:41,MYOR,RG,1760,16,D,XC,RX,F
11:17:41,MYOR,RG,1760,1,D,XC,AK,F
11:17:41,MYOR,RG,1760,10,F,CS,AK,F
11:17:41,MYOR,RG,1760,29,F,CS,AK,F
11:17:41,MYOR,RG,1760,6,F,CS,AK,F
11:17:41,MYOR,RG,1760,10,D,YP,AK,F
11:17:41,MYOR,RG,1760,1,D,YP,AK,F
11:17:41,MYOR,RG,1760,60,D,EP,AK,F
11:17:41,MYOR,RG,1760,5,D,CC,AK,F
11:17:41,MYOR,RG,1760,4,D,XC,AK,F
11:17:41,MYOR,RG,1760,23,D,XC,AK,F
11:17:41,MYOR,RG,1760,1,D,XC,AK,F
11:17:41,MYOR,RG,1760,10,D,YP,AK,F
11:17:41,MYOR,RG,1760,1,D,XC,AK,F
11:17:41,MYOR,RG,1760,1,D,NI,AK,F
11:17:41,MYOR,RG,1760,1,D,NI,AK,F
11:17:41,MYOR,RG,1760,37,D,XC,AK,F
11:17:40,MYOR,RG,1760,134,D,XC,NI,D
11:17:23,MYOR,RG,1760,1,D,XC,YP,D
11:17:19,MYOR,RG,1760,4,D,XC,RX,F
11:17:17,MYOR,RG,1760,15,D,XC,XL,D
11:17:01,MYOR,RG,1760,2,D,XC,RX,F
11:16:56,MYOR,RG,1760,5,D,XC,SQ,D
11:16:55,MYOR,RG,1760,5,D,XC,DR,D
11:16:51,MYOR,RG,1760,3,D,XC,RX,F
11:16:49,MYOR,RG,1765,4,D,NI,RX,F
11:16:43,MYOR,RG,1760,12,D,XC,YP,D
11:16:39,MYOR,RG,1760,1,D,XC,XC,D
11:16:31,MYOR,RG,1760,1,D,XC,RX,F
11:16:29,MYOR,RG,1760,2,D,XC,CC,D
11:16:27,MYOR,RG,1760,2,D,XC,RX,F
11:16:25,MYOR,RG,1760,8,D,XC,CC,D
11:16:21,MYOR,RG,1760,2,D,XC,RX,F
11:16:18,MYOR,RG,1760,10,D,XC,CC,D
11:16:15,MYOR,RG,1760,2,D,XC,RX,F
11:16:14,MYOR,RG,1760,5,D,XC,XC,D
11:16:06,MYOR,RG,1760,3,D,XC,DR,D
11:16:04,MYOR,RG,1760,5,D,XC,RX,F
11:16:01,MYOR,RG,1760,17,D,XC,LG,D
11:15:45,MYOR,RG,1760,4,D,XC,RX,F
11:15:44,MYOR,RG,1760,5,D,XC,PD,D
11:15:44,MYOR,RG,1760,1,F,AK,PD,D
11:15:44,MYOR,RG,1760,3,F,CS,PD,D
11:15:44,MYOR,RG,1760,8,D,XC,PD,D
11:15:42,MYOR,RG,1760,3,D,XC,RX,F
11:15:42,MYOR,RG,1760,3,D,XC,RX,F
11:15:40,MYOR,RG,1760,3,D,XC,LS,D
11:15:40,MYOR,RG,1760,22,F,CS,LS,D
11:15:24,MYOR,RG,1760,1,F,CS,XC,D
11:15:09,MYOR,RG,1760,5,F,CS,RX,F
11:15:06,MYOR,RG,1760,20,F,CS,CC,D
11:14:44,MYOR,RG,1760,1,F,CS,RX,F
11:14:41,MYOR,RG,1760,1,F,CS,YP,D
11:14:28,MYOR,RG,1760,1,F,CS,RX,F
11:14:26,MYOR,RG,1760,5,F,CS,DR,D
11:14:26,MYOR,RG,1760,2,D,YP,DR,D
11:13:38,MYOR,RG,1765,2,D,XC,RX,F
11:13:28,MYOR,RG,1760,3,D,YP,RX,F
11:13:27,MYOR,RG,1760,10,F,CS,DR,D
11:13:17,MYOR,RG,1760,25,F,CS,RX,F
11:13:17,MYOR,RG,1760,1,F,AK,RX,F
11:13:17,MYOR,RG,1760,1,D,XC,RX,F
11:13:17,MYOR,RG,1760,1,D,XC,RX,F
11:13:17,MYOR,RG,1760,135,D,CC,RX,F
11:13:15,MYOR,RG,1760,59,D,CC,XC,D
11:13:15,MYOR,RG,1760,86,D,XC,XC,D
11:13:15,MYOR,RG,1760,15,D,KK,XC,D
11:13:15,MYOR,RG,1760,34,D,PD,XC,D
11:13:15,MYOR,RG,1760,15,D,PD,XC,D
11:13:15,MYOR,RG,1760,49,D,CC,XC,D
11:13:15,MYOR,RG,1760,1,D,XL,XC,D
11:13:15,MYOR,RG,1760,2,D,PD,XC,D
11:13:15,MYOR,RG,1760,2,F,AK,XC,D
11:13:15,MYOR,RG,1760,2,F,AK,XC,D
11:13:15,MYOR,RG,1760,85,D,GR,XC,D
11:13:15,MYOR,RG,1760,29,D,GR,XC,D
11:13:02,MYOR,RG,1760,30,D,GR,CC,D
11:12:23,MYOR,RG,1760,1,D,GR,XC,D
11:12:11,MYOR,RG,1760,5,D,GR,EP,D
11:12:06,MYOR,RG,1765,2,D,CC,XC,D
11:11:35,MYOR,RG,1765,5,D,YB,XC,D
11:11:20,MYOR,RG,1765,4,D,CC,XC,D
11:11:06,MYOR,RG,1760,5,D,GR,DR,D
11:11:03,MYOR,RG,1765,27,D,XC,XC,D
11:10:45,MYOR,RG,1765,5,D,EP,XC,D
11:10:40,MYOR,RG,1765,5,D,XC,XC,D
11:10:40,MYOR,RG,1760,3,D,GR,CC,D
11:10:36,MYOR,RG,1760,49,D,GR,XC,D
11:10:25,MYOR,RG,1765,1,D,XL,XC,D
11:10:14,MYOR,RG,1765,83,D,CC,XC,D
11:09:50,MYOR,RG,1765,1,D,SQ,XC,D
11:09:19,MYOR,RG,1765,10,D,YP,XC,D
11:08:36,MYOR,RG,1765,18,D,HP,XC,D
11:08:36,MYOR,RG,1765,2,D,HP,PD,D
11:08:13,MYOR,RG,1765,3,D,PD,PD,D
11:07:35,MYOR,RG,1765,43,D,SQ,PD,D
11:07:17,MYOR,RG,1765,2,D,SQ,CC,D
11:07:16,MYOR,RG,1765,10,D,SQ,RX,F
11:07:15,MYOR,RG,1765,2,F,CS,RX,F
11:07:12,MYOR,RG,1765,7,F,CS,PD,D
11:07:12,MYOR,RG,1765,7,F,CS,PD,D
11:07:12,MYOR,RG,1765,1,F,CS,PD,D
11:07:12,MYOR,RG,1765,3,F,CS,PD,D
11:07:12,MYOR,RG,1765,13,F,CS,PD,D
11:07:12,MYOR,RG,1765,1,D,PD,PD,D
11:07:12,MYOR,RG,1765,7,F,CS,PD,D
11:07:12,MYOR,RG,1765,2,F,CS,PD,D
11:07:12,MYOR,RG,1765,1,D,YP,PD,D
11:07:12,MYOR,RG,1765,3,D,AZ,PD,D
11:07:12,MYOR,RG,1765,1,F,CS,PD,D
11:06:56,MYOR,RG,1765,4,F,CS,RX,F
11:06:55,MYOR,RG,1765,4,F,CS,PD,D
11:06:55,MYOR,RG,1765,1,F,AK,PD,D
11:06:55,MYOR,RG,1765,10,F,CS,EP,D
11:06:44,MYOR,RG,1765,1,F,CS,RX,F
11:06:35,MYOR,RG,1765,6,D,NI,PD,D
11:06:33,MYOR,RG,1765,19,D,NI,RX,F
11:06:32,MYOR,RG,1765,75,D,NI,DR,D
11:06:07,MYOR,RG,1765,2,D,XC,RX,F
11:06:02,MYOR,RG,1765,3,D,XL,RX,F
11:06:02,MYOR,RG,1765,1,F,CS,RX,F
11:05:59,MYOR,RG,1765,4,F,CS,KK,D
11:05:59,MYOR,RG,1765,4,F,CS,KK,D
11:05:59,MYOR,RG,1765,1,F,AK,KK,D
11:05:59,MYOR,RG,1765,10,D,NI,KK,D
11:05:59,MYOR,RG,1765,1,F,CS,KK,D
11:05:59,MYOR,RG,1765,10,F,CS,KK,D
11:05:59,MYOR,RG,1765,20,D,CC,KK,D
11:05:56,MYOR,RG,1765,30,D,CC,MK,D
11:05:56,MYOR,RG,1765,22,F,CS,MK,D
11:05:56,MYOR,RG,1765,1,D,XC,MK,D
11:05:56,MYOR,RG,1765,11,D,XC,MK,D
11:05:56,MYOR,RG,1765,1,D,XC,MK,D
11:05:56,MYOR,RG,1765,35,D,KK,MK,D
11:05:52,MYOR,RG,1765,65,D,KK,PD,D
11:05:52,MYOR,RG,1765,2,F,AK,PD,D
11:05:52,MYOR,RG,1765,33,D,CC,PD,D
11:05:48,MYOR,RG,1765,2,D,CC,YP,D
11:05:48,MYOR,RG,1765,3,F,CS,YP,D
11:05:45,MYOR,RG,1765,13,F,CS,MU,D
11:05:45,MYOR,RG,1765,2,F,CS,MU,D
11:05:45,MYOR,RG,1765,4,F,CS,MU,D
11:05:45,MYOR,RG,1765,6,D,ZP,MU,D
11:05:12,MYOR,RG,1770,1,D,NI,PD,D
11:05:12,MYOR,RG,1770,5,D,NI,YP,D
11:05:12,MYOR,RG,1770,2,D,NI,XC,D
11:05:12,MYOR,RG,1770,5,D,NI,YP,D
11:05:12,MYOR,RG,1770,1,D,NI,LG,D
11:05:12,MYOR,RG,1770,11,D,NI,KK,D
11:05:08,MYOR,RG,1765,2,D,ZP,EP,D
11:04:48,MYOR,RG,1765,10,D,ZP,NI,D
11:04:46,MYOR,RG,1765,10,D,ZP,XA,D
11:04:35,MYOR,RG,1765,2,D,ZP,RX,F
11:04:34,MYOR,RG,1765,2,D,XC,RX,F
11:04:34,MYOR,RG,1765,1,D,XC,NI,D
11:04:34,MYOR,RG,1765,3,D,XC,CC,D
11:04:33,MYOR,RG,1760,5,D,GR,XC,D
11:04:30,MYOR,RG,1765,7,F,CS,CC,D
11:04:30,MYOR,RG,1765,2,F,CS,LG,D
11:04:30,MYOR,RG,1765,1,F,CS,XC,D
11:04:30,MYOR,RG,1765,4,F,CS,XC,D
11:04:30,MYOR,RG,1765,4,F,CS,RX,F
11:04:30,MYOR,RG,1765,62,D,YP,RX,F
11:04:30,MYOR,RG,1765,10,D,YP,PD,D
11:04:30,MYOR,RG,1765,250,D,YP,KK,D
11:04:30,MYOR,RG,1765,1,D,YP,YP,D
11:04:30,MYOR,RG,1765,1,D,YP,XL,D
11:04:30,MYOR,RG,1765,3,D,YP,RX,F
11:04:30,MYOR,RG,1765,10,D,YP,XC,D
11:04:30,MYOR,RG,1765,1,D,YP,RX,F
11:04:30,MYOR,RG,1765,5,D,YP,NI,D
11:04:30,MYOR,RG,1765,5,D,YP,YP,D
11:04:30,MYOR,RG,1765,24,D,YP,GR,D
11:04:30,MYOR,RG,1765,26,D,YP,XL,D
11:04:30,MYOR,RG,1765,29,D,YP,XA,D
11:04:30,MYOR,RG,1765,2,D,YP,PD,D
11:04:30,MYOR,RG,1765,2,D,YP,PD,D
11:04:30,MYOR,RG,1765,2,D,YP,PD,D
11:04:30,MYOR,RG,1765,1,D,YP,SQ,D
11:04:30,MYOR,RG,1765,3,D,YP,PD,D
11:04:30,MYOR,RG,1765,3,D,YP,CC,D
11:04:30,MYOR,RG,1765,20,D,YP,PD,D
11:04:30,MYOR,RG,1765,50,D,YP,KK,D
11:04:30,MYOR,RG,1765,30,D,YP,CC,D
11:04:30,MYOR,RG,1765,10,D,YP,SQ,D
11:04:30,MYOR,RG,1765,150,D,YP,YP,D
11:04:26,MYOR,RG,1760,6,D,GR,YB,D
11:04:24,MYOR,RG,1760,5,D,GR,PD,D
11:04:13,MYOR,RG,1765,1,D,XL,HP,D
11:03:55,MYOR,RG,1765,11,D,NI,HP,D
11:03:36,MYOR,RG,1765,48,D,CC,HP,D
11:03:36,MYOR,RG,1765,2,D,CC,PD,D
11:03:33,MYOR,RG,1765,17,D,LG,PD,D
11:03:28,MYOR,RG,1765,6,D,NI,PD,D
11:03:28,MYOR,RG,1765,2,D,NI,LS,D
11:03:28,MYOR,RG,1765,1,D,NI,YP,D
11:03:28,MYOR,RG,1765,5,D,NI,YP,D
11:03:28,MYOR,RG,1765,5,D,NI,PD,D
11:03:28,MYOR,RG,1765,1,D,NI,PD,D
11:02:57,MYOR,RG,1765,10,D,CC,PD,D
11:02:56,MYOR,RG,1765,20,D,GR,PD,D
11:02:47,MYOR,RG,1765,20,D,KK,PD,D
11:02:47,MYOR,RG,1765,5,D,KK,CC,D
11:02:47,MYOR,RG,1765,5,D,KK,DR,D
11:02:47,MYOR,RG,1765,2,D,KK,XC,D
11:02:47,MYOR,RG,1765,1,D,KK,YP,D
11:02:47,MYOR,RG,1765,30,D,KK,YP,D
11:02:47,MYOR,RG,1765,3,D,KK,NI,D
11:02:47,MYOR,RG,1765,34,D,KK,RX,F
11:02:45,MYOR,RG,1765,5,D,YP,RX,F
11:02:43,MYOR,RG,1765,100,D,YP,RX,F
11:02:33,MYOR,RG,1760,1,D,GR,RX,F
11:02:30,MYOR,RG,1760,5,D,GR,CC,D
11:02:24,MYOR,RG,1760,3,D,GR,RX,F
11:02:22,MYOR,RG,1760,10,D,GR,KK,D
11:02:15,MYOR,RG,1760,10,D,GR,RX,F
11:02:13,MYOR,RG,1760,40,D,GR,PD,D
11:02:02,MYOR,RG,1760,19,D,GR,RX,F
11:02:02,MYOR,RG,1760,1,D,GR,XC,D
11:02:01,MYOR,RG,1760,50,D,GR,NI,D
11:01:48,MYOR,RG,1760,20,D,GR,YP,D
11:00:54,MYOR,RG,1765,1,D,PD,BK,F
11:00:52,MYOR,RG,1765,5,D,SQ,BK,F
11:00:35,MYOR,RG,1760,9,D,GR,RX,F
11:00:34,MYOR,RG,1760,35,D,GR,YB,D
11:00:34,MYOR,RG,1760,5,D,GR,RX,F
11:00:32,MYOR,RG,1765,23,D,EP,BK,F
11:00:31,MYOR,RG,1760,5,D,GR,RX,F
11:00:29,MYOR,RG,1760,9,D,GR,BK,F
11:00:29,MYOR,RG,1760,7,D,GR,BK,F
11:00:28,MYOR,RG,1760,7,D,GR,RX,F
11:00:27,MYOR,RG,1760,1,D,GR,AG,D
11:00:26,MYOR,RG,1760,29,D,GR,BK,F
11:00:25,MYOR,RG,1760,22,D,GR,RX,F
11:00:23,MYOR,RG,1760,1,D,GR,XC,D
11:00:23,MYOR,RG,1760,34,D,GR,BK,F
11:00:23,MYOR,RG,1760,41,D,GR,CC,D
11:00:23,MYOR,RG,1760,14,D,GR,CC,D
11:00:22,MYOR,RG,1760,2,D,GR,RX,F
11:00:21,MYOR,RG,1760,6,D,GR,YP,D
11:00:19,MYOR,RG,1760,63,D,GR,RX,F
11:00:19,MYOR,RG,1760,106,D,GR,RX,F
11:00:19,MYOR,RG,1760,46,D,GR,RX,F
11:00:18,MYOR,RG,1760,30,D,GR,BK,F
11:00:15,MYOR,RG,1760,8,D,GR,CC,D
11:00:15,MYOR,RG,1760,77,D,GR,CC,D
11:00:15,MYOR,RG,1760,176,D,GR,CC,D
11:00:15,MYOR,RG,1760,79,D,GR,CC,D
10:59:45,MYOR,RG,1765,47,D,NI,BK,F
10:59:37,MYOR,RG,1765,2,D,XC,BK,F
10:59:12,MYOR,RG,1765,1,D,PD,BK,F
10:58:40,MYOR,RG,1765,17,D,CD,BK,F
10:58:40,MYOR,RG,1765,5,D,CD,RX,F
10:58:40,MYOR,RG,1765,3,D,CD,DH,D
10:58:34,MYOR,RG,1765,2,D,NI,DH,D
10:58:33,MYOR,RG,1760,2,D,GR,XC,D
10:58:05,MYOR,RG,1760,16,D,GR,BK,F
10:58:01,MYOR,RG,1765,2,F,CS,RX,F
10:58:01,MYOR,RG,1765,1,F,AK,RX,F
10:58:01,MYOR,RG,1765,1,F,CS,RX,F
10:58:01,MYOR,RG,1765,12,F,CS,YP,D
10:58:01,MYOR,RG,1765,22,F,CS,YP,D
10:58:01,MYOR,RG,1765,7,F,CS,YP,D
10:58:01,MYOR,RG,1765,1,F,AK,YP,D
10:58:01,MYOR,RG,1765,3,F,AK,YP,D
10:58:01,MYOR,RG,1765,1,F,CS,YP,D
10:58:01,MYOR,RG,1765,3,F,CS,YP,D
10:58:01,MYOR,RG,1765,1,F,CS,YP,D
10:58:01,MYOR,RG,1765,1,F,CS,YP,D
10:58:01,MYOR,RG,1765,8,F,CS,YP,D
10:58:01,MYOR,RG,1765,33,F,CS,YP,D
10:58:01,MYOR,RG,1765,4,F,CS,YP,D
10:58:01,MYOR,RG,1765,49,D,LG,YP,D
10:57:59,MYOR,RG,1765,1,D,LG,YP,D
10:57:58,MYOR,RG,1765,2,D,XC,XC,D
10:57:55,MYOR,RG,1765,28,D,XC,RX,F
10:57:55,MYOR,RG,1765,3,D,XC,RX,F
10:57:55,MYOR,RG,1765,20,D,PD,RX,F
10:57:55,MYOR,RG,1765,4,D,XC,RX,F
10:57:55,MYOR,RG,1765,2,F,AK,RX,F
10:57:55,MYOR,RG,1765,1,F,AK,RX,F
10:57:55,MYOR,RG,1765,5,D,NI,RX,F
10:57:55,MYOR,RG,1765,3,D,PD,RX,F
10:57:52,MYOR,RG,1765,2,D,PD,ID,D
10:57:52,MYOR,RG,1765,185,D,CC,ID,D
10:57:52,MYOR,RG,1765,17,F,CS,ID,D
10:57:52,MYOR,RG,1765,3,F,CS,ID,D
10:57:52,MYOR,RG,1765,4,F,CS,ID,D
10:57:52,MYOR,RG,1765,11,F,CS,ID,D
10:57:52,MYOR,RG,1765,8,F,CS,ID,D
10:57:52,MYOR,RG,1765,20,F,CS,ID,D
10:57:43,MYOR,RG,1765,1,F,CS,EP,D
10:57:43,MYOR,RG,1765,3,F,CS,EP,D
10:57:43,MYOR,RG,1765,3,F,CS,EP,D
10:57:43,MYOR,RG,1765,2,F,CS,EP,D
10:57:43,MYOR,RG,1765,1,D,PD,EP,D
10:57:42,MYOR,RG,1765,1,D,PD,YP,D
10:57:37,MYOR,RG,1765,1,D,PD,PD,D
10:57:36,MYOR,RG,1770,19,D,TF,KK,D
10:57:36,MYOR,RG,1770,19,D,TF,KK,D
10:57:35,MYOR,RG,1770,101,D,NI,KK,D
10:57:35,MYOR,RG,1770,1,D,NI,PD,D
10:57:35,MYOR,RG,1770,1,D,NI,PD,D
10:57:35,MYOR,RG,1770,1,D,NI,PD,D
10:57:35,MYOR,RG,1770,145,D,NI,YP,D
10:57:35,MYOR,RG,1770,1,D,NI,XC,D
10:57:34,MYOR,RG,1770,1,D,CC,XC,D
10:57:27,MYOR,RG,1765,16,D,PD,RX,F
10:57:25,MYOR,RG,1765,65,D,PD,PD,D
10:57:25,MYOR,RG,1765,1,D,PD,YP,D
10:57:20,MYOR,RG,1765,34,D,PD,RX,F
10:57:20,MYOR,RG,1765,47,D,PD,KK,D
10:57:20,MYOR,RG,1765,2,D,PD,PD,D
10:57:20,MYOR,RG,1765,2,D,PD,PD,D
10:57:20,MYOR,RG,1765,84,D,PD,BK,F
10:57:20,MYOR,RG,1765,49,D,PD,RX,F
10:57:20,MYOR,RG,1765,190,D,PD,DR,D
10:57:20,MYOR,RG,1765,5,D,PD,DH,D
10:57:20,MYOR,RG,1765,1,D,PD,BQ,D
10:57:20,MYOR,RG,1765,1,D,PD,RX,F
10:57:12,MYOR,RG,1765,4,D,XC,RX,F
10:57:10,MYOR,RG,1765,2,D,XC,RX,F
10:57:00,MYOR,RG,1765,3,F,AK,RX,F
10:56:59,MYOR,RG,1765,10,D,PD,RX,F
10:56:54,MYOR,RG,1765,20,D,CP,RX,F
10:56:52,MYOR,RG,1765,23,D,XC,RX,F
10:56:46,MYOR,RG,1765,1,D,XC,RX,F
10:56:44,MYOR,RG,1765,2,D,KK,RX,F
10:56:44,MYOR,RG,1765,1,D,KK,YP,D
10:56:44,MYOR,RG,1765,57,D,KK,PD,D
10:56:40,MYOR,RG,1765,1,D,XC,PD,D
10:56:27,MYOR,RG,1765,4,D,XC,PD,D
10:56:27,MYOR,RG,1765,5,D,XC,EP,D
10:56:25,MYOR,RG,1765,7,D,XC,EP,D
10:56:25,MYOR,RG,1765,17,D,XC,KK,D
10:56:24,MYOR,RG,1765,35,D,YB,KK,D
10:56:21,MYOR,RG,1765,1,D,AG,KK,D
10:56:20,MYOR,RG,1765,47,F,AK,KK,D
10:56:20,MYOR,RG,1765,89,F,AK,RX,F
10:56:20,MYOR,RG,1765,1,F,AK,DH,D
10:56:20,MYOR,RG,1765,52,F,AK,CC,D
10:56:20,MYOR,RG,1765,5,F,AK,YP,D
10:56:20,MYOR,RG,1765,5,F,AK,CC,D
10:56:20,MYOR,RG,1765,179,F,AK,RX,F
10:56:20,MYOR,RG,1765,30,F,AK,XL,D
10:56:20,MYOR,RG,1765,5,F,AK,PD,D
10:56:20,MYOR,RG,1765,4,F,AK,PD,D
10:56:20,MYOR,RG,1765,2,F,AK,CC,D
10:56:20,MYOR,RG,1765,2,F,AK,PD,D
10:56:20,MYOR,RG,1765,6,F,AK,XL,D
10:56:20,MYOR,RG,1765,1,F,AK,XC,D
10:56:20,MYOR,RG,1765,1,F,AK,SQ,D
10:56:20,MYOR,RG,1765,10,F,AK,PD,D
10:56:20,MYOR,RG,1765,1,F,AK,XC,D
10:56:20,MYOR,RG,1765,37,F,AK,PD,D
10:56:20,MYOR,RG,1765,10,F,AK,PD,D
10:56:20,MYOR,RG,1765,10,F,AK,PD,D
10:56:20,MYOR,RG,1765,3,F,AK,PD,D
10:56:20,MYOR,RG,1765,13,D,IF,CC,D
10:56:20,MYOR,RG,1765,25,D,IF,YP,D
10:56:20,MYOR,RG,1765,2,D,IF,SQ,D
10:56:20,MYOR,RG,1765,1,D,IF,CC,D
10:56:20,MYOR,RG,1765,17,D,IF,XC,D
10:56:20,MYOR,RG,1765,20,D,IF,PD,D
10:56:20,MYOR,RG,1765,5,D,IF,PD,D
10:56:20,MYOR,RG,1765,2,D,IF,XA,D
10:56:20,MYOR,RG,1765,115,D,IF,PD,D
10:56:09,MYOR,RG,1765,35,F,CS,PD,D
10:56:09,MYOR,RG,1765,25,F,CS,YP,D
10:56:09,MYOR,RG,1765,40,F,CS,PD,D
10:56:09,MYOR,RG,1765,10,F,CS,PD,D
10:56:09,MYOR,RG,1765,1,F,CS,DH,D
10:56:09,MYOR,RG,1760,12,D,GR,BQ,D
10:56:08,MYOR,RG,1760,48,D,GR,RB,D
10:56:08,MYOR,RG,1760,9,D,GR,NI,D
10:56:08,MYOR,RG,1760,5,D,GR,RO,D
10:56:08,MYOR,RG,1760,9,D,GR,XC,D
10:56:08,MYOR,RG,1760,10,D,GR,PD,D
10:56:08,MYOR,RG,1760,54,D,GR,GR,D
10:56:08,MYOR,RG,1760,46,D,GR,GR,D
10:56:08,MYOR,RG,1760,1,D,GR,KK,D
10:56:08,MYOR,RG,1760,10,D,GR,DR,D
10:56:08,MYOR,RG,1760,2,D,GR,PD,D
10:56:08,MYOR,RG,1760,1,D,GR,NI,D
10:56:08,MYOR,RG,1760,27,D,GR,PD,D
10:56:08,MYOR,RG,1760,2,D,GR,PD,D
10:56:08,MYOR,RG,1760,3,D,GR,CC,D
10:56:08,MYOR,RG,1760,2,D,GR,YP,D
10:56:08,MYOR,RG,1760,10,D,GR,PD,D
10:56:08,MYOR,RG,1760,5,D,GR,YP,D
10:56:08,MYOR,RG,1760,34,D,GR,RX,F
10:56:08,MYOR,RG,1760,1,D,GR,YP,D
10:56:08,MYOR,RG,1760,300,D,GR,RX,F
10:56:08,MYOR,RG,1760,1,D,GR,PD,D
10:56:08,MYOR,RG,1760,8,D,GR,XL,D
10:56:08,MYOR,RG,1760,1,D,GR,XC,D
10:56:08,MYOR,RG,1760,1,D,GR,YP,D
10:56:08,MYOR,RG,1760,7,D,GR,XC,D
10:56:08,MYOR,RG,1760,200,D,GR,NI,D
10:56:08,MYOR,RG,1760,1,D,GR,SQ,D
10:56:08,MYOR,RG,1760,100,D,GR,SQ,D
10:56:08,MYOR,RG,1760,36,D,GR,XC,D
10:56:08,MYOR,RG,1760,30,D,GR,XC,D
10:56:08,MYOR,RG,1760,2,D,GR,XL,D
10:56:08,MYOR,RG,1760,30,D,GR,YP,D
10:56:08,MYOR,RG,1760,10,D,GR,CP,D
10:56:08,MYOR,RG,1760,1,D,GR,YP,D
10:56:08,MYOR,RG,1760,3,D,GR,XC,D
10:56:08,MYOR,RG,1760,4,D,GR,XC,D
10:56:08,MYOR,RG,1760,25,D,GR,YP,D
10:56:08,MYOR,RG,1760,25,D,GR,KK,D
10:56:08,MYOR,RG,1760,1,D,GR,PD,D
10:56:08,MYOR,RG,1760,15,D,GR,TP,D
10:56:08,MYOR,RG,1760,100,D,GR,GR,D
10:56:08,MYOR,RG,1760,8,D,GR,PD,D
10:56:08,MYOR,RG,1760,24,D,GR,YP,D
10:55:41,MYOR,RG,1760,306,D,YP,YP,D
10:55:41,MYOR,RG,1760,1,D,YP,BQ,D
10:55:41,MYOR,RG,1760,3,D,YP,PD,D
10:55:41,MYOR,RG,1760,13,D,YP,XC,D
10:55:41,MYOR,RG,1760,3,D,YP,XC,D
10:55:41,MYOR,RG,1760,2,D,YP,PD,D
10:55:41,MYOR,RG,1760,10,D,YP,PD,D
10:55:41,MYOR,RG,1760,5,D,YP,KK,D
10:55:41,MYOR,RG,1760,5,D,YP,XC,D
10:55:41,MYOR,RG,1760,35,D,YP,XL,D
10:55:41,MYOR,RG,1760,1,D,YP,XC,D
10:55:41,MYOR,RG,1760,1,D,YP,PD,D
10:55:41,MYOR,RG,1760,40,D,YP,SQ,D
10:55:41,MYOR,RG,1760,4,D,YP,CC,D
10:55:41,MYOR,RG,1760,1,D,YP,PD,D
10:55:41,MYOR,RG,1760,40,D,YP,SQ,D
10:55:41,MYOR,RG,1760,53,D,YP,SQ,D
10:55:41,MYOR,RG,1760,150,D,YP,YP,D
10:55:41,MYOR,RG,1760,2,D,YP,PD,D
10:55:41,MYOR,RG,1760,4,D,YP,YP,D
10:55:41,MYOR,RG,1760,5,D,YP,YP,D
10:55:41,MYOR,RG,1760,10,D,YP,OD,D
10:55:41,MYOR,RG,1760,1,D,YP,LG,D
10:55:41,MYOR,RG,1760,25,D,YP,YP,D
10:55:41,MYOR,RG,1760,30,D,YP,PD,D
10:55:41,MYOR,RG,1760,25,D,YP,SQ,D
10:55:41,MYOR,RG,1760,164,D,YP,YP,D
10:55:25,MYOR,RG,1760,6,D,KK,YP,D
10:55:25,MYOR,RG,1760,1,D,KK,PD,D
10:55:25,MYOR,RG,1760,43,D,KK,KK,D
10:55:02,MYOR,RG,1755,1,D,XC,DH,D
10:54:53,MYOR,RG,1755,5,D,XC,YP,D
10:54:25,MYOR,RG,1755,2,D,XC,PD,D
10:54:21,MYOR,RG,1760,2,D,PD,KK,D
10:54:11,MYOR,RG,1760,25,D,XC,KK,D
10:54:11,MYOR,RG,1760,1,D,XC,AZ,D
10:53:59,MYOR,RG,1760,27,D,YP,AZ,D
10:53:59,MYOR,RG,1760,3,D,YP,YB,D
10:53:30,MYOR,RG,1755,1,D,XC,PD,D
10:53:16,MYOR,RG,1760,15,D,YP,YB,D
10:52:48,MYOR,RG,1755,10,D,XC,KK,D
10:52:37,MYOR,RG,1760,22,D,EP,YB,D
10:52:37,MYOR,RG,1760,3,D,EP,MG,D
10:52:20,MYOR,RG,1760,1,D,KK,MG,D
10:52:14,MYOR,RG,1760,1,D,KK,MG,D
10:52:06,MYOR,RG,1760,1,D,KK,MG,D
10:52:03,MYOR,RG,1760,1,D,KK,MG,D
10:51:59,MYOR,RG,1760,1,D,KK,MG,D
10:51:49,MYOR,RG,1755,1,F,CS,RX,F
10:51:48,MYOR,RG,1755,3,F,CS,YP,D
10:51:43,MYOR,RG,1755,1,D,XC,PD,D
10:51:38,MYOR,RG,1755,4,D,XC,RX,F
10:51:30,MYOR,RG,1750,2,D,PD,PD,D
10:51:26,MYOR,RG,1760,1,D,EP,MG,D
10:51:13,MYOR,RG,1760,1,D,KK,MG,D
10:51:04,MYOR,RG,1755,9,F,CS,PD,D
10:50:51,MYOR,RG,1755,10,F,CS,PD,D
10:50:51,MYOR,RG,1755,4,F,CS,NI,D
10:50:50,MYOR,RG,1755,1,D,PD,NI,D
10:50:50,MYOR,RG,1755,10,D,PD,PD,D
10:50:50,MYOR,RG,1755,5,D,PD,YP,D
10:50:50,MYOR,RG,1755,5,D,PD,XC,D
10:50:50,MYOR,RG,1755,3,D,PD,XC,D
10:50:50,MYOR,RG,1755,36,D,PD,SQ,D
10:50:50,MYOR,RG,1755,2,D,PD,XL,D
10:50:50,MYOR,RG,1755,20,D,PD,CC,D
10:50:50,MYOR,RG,1755,10,D,PD,XC,D
10:50:50,MYOR,RG,1755,3,D,PD,XC,D
10:50:50,MYOR,RG,1755,1,D,PD,PD,D
10:50:50,MYOR,RG,1755,2,D,PD,XC,D
10:50:50,MYOR,RG,1755,12,D,PD,XL,D
10:50:50,MYOR,RG,1755,50,D,PD,KK,D
10:50:50,MYOR,RG,1755,1,D,PD,YP,D
10:50:50,MYOR,RG,1755,15,D,PD,XC,D
10:50:50,MYOR,RG,1755,1,D,PD,YP,D
10:50:50,MYOR,RG,1755,73,D,PD,RX,F
10:50:44,MYOR,RG,1750,5,D,PD,DR,D
10:50:38,MYOR,RG,1755,210,D,HP,RX,F
10:50:38,MYOR,RG,1755,1,D,HP,SQ,D
10:50:38,MYOR,RG,1755,1,D,HP,DR,D
10:50:38,MYOR,RG,1755,49,D,HP,XL,D
10:49:58,MYOR,RG,1750,26,D,PD,SQ,D
10:49:56,MYOR,RG,1750,10,D,PD,DH,D
10:49:52,MYOR,RG,1750,10,D,PD,XC,D
10:49:48,MYOR,RG,1750,1,D,PD,PD,D
10:49:29,MYOR,RG,1750,1,D,YP,XC,D
10:49:29,MYOR,RG,1750,9,D,YP,RX,F
10:49:16,MYOR,RG,1750,2,F,CS,RX,F
10:49:16,MYOR,RG,1750,5,F,CS,YP,D
10:49:05,MYOR,RG,1750,8,D,XC,XL,D
10:49:05,MYOR,RG,1750,2,D,XC,RX,F
10:49:05,MYOR,RG,1745,6,D,PD,XL,D
10:48:54,MYOR,RG,1750,6,F,CS,RX,F
10:48:54,MYOR,RG,1750,10,D,YP,RX,F
10:48:36,MYOR,RG,1750,15,F,CS,RX,F
10:48:26,MYOR,RG,1745,1,D,PD,EP,D
10:48:07,MYOR,RG,1750,5,D,PD,RX,F
10:48:00,MYOR,RG,1750,1,D,NI,RX,F
10:47:58,MYOR,RG,1750,50,D,NI,RX,F
10:47:51,MYOR,RG,1750,30,F,CS,RX,F
10:47:50,MYOR,RG,1750,104,D,YP,RX,F
10:47:50,MYOR,RG,1750,5,D,YP,XC,D
10:47:50,MYOR,RG,1750,1,D,YP,XC,D
10:47:50,MYOR,RG,1750,15,D,YP,PD,D
10:47:50,MYOR,RG,1750,20,D,YP,KK,D
10:47:50,MYOR,RG,1750,27,D,YP,XC,D
10:47:50,MYOR,RG,1750,60,D,YP,PD,D
10:47:50,MYOR,RG,1750,1,D,YP,KK,D
10:47:50,MYOR,RG,1750,52,D,YP,RX,F
10:47:43,MYOR,RG,1750,6,D,EP,RX,F
10:47:26,MYOR,RG,1750,98,D,YP,RX,F
10:47:26,MYOR,RG,1750,46,D,YP,RX,F
10:47:22,MYOR,RG,1750,10,D,YP,RX,F
10:47:16,MYOR,RG,1750,10,D,EP,RX,F
10:47:13,MYOR,RG,1750,10,D,YP,RX,F
10:46:25,MYOR,RG,1750,2,D,XC,RX,F
10:46:17,MYOR,RG,1750,1,D,NI,RX,F
10:45:29,MYOR,RG,1745,22,D,PD,BK,F
10:45:28,MYOR,RG,1745,8,D,PD,DH,D
10:45:27,MYOR,RG,1745,21,D,PD,XC,D
10:44:05,MYOR,RG,1745,1,D,PD,YP,D
10:43:51,MYOR,RG,1745,15,D,PD,BK,F
10:43:49,MYOR,RG,1745,2,D,PD,AT,D
10:43:48,MYOR,RG,1745,41,D,PD,BK,F
10:43:44,MYOR,RG,1750,15,D,YB,RX,F
10:43:43,MYOR,RG,1750,8,F,CS,BK,F
10:43:43,MYOR,RG,1750,1,F,CS,BK,F
10:43:43,MYOR,RG,1750,4,F,CS,BK,F
10:43:43,MYOR,RG,1750,4,F,CS,BK,F
10:43:42,MYOR,RG,1750,1,F,CS,BK,F
10:43:42,MYOR,RG,1750,3,F,CS,BK,F
10:43:42,MYOR,RG,1750,8,F,CS,RX,F
10:43:42,MYOR,RG,1750,1,F,AK,RX,F
10:43:42,MYOR,RG,1750,8,D,AZ,RX,F
10:43:42,MYOR,RG,1750,1,D,EP,RX,F
10:43:42,MYOR,RG,1750,3,D,NI,RX,F
10:43:42,MYOR,RG,1750,15,D,PD,RX,F
10:43:42,MYOR,RG,1750,1,D,YP,RX,F
10:43:42,MYOR,RG,1750,17,D,PD,RX,F
10:43:39,MYOR,RG,1750,8,D,PD,YP,D
10:43:39,MYOR,RG,1750,86,F,BK,YP,D
10:43:39,MYOR,RG,1750,8,D,DH,YP,D
10:43:39,MYOR,RG,1750,1,D,XC,YP,D
10:43:39,MYOR,RG,1750,1,D,YP,YP,D
10:43:39,MYOR,RG,1750,1,D,EP,YP,D
10:43:39,MYOR,RG,1750,1,F,AK,YP,D
10:43:39,MYOR,RG,1750,2,F,AK,YP,D
10:43:39,MYOR,RG,1750,1,F,CS,YP,D
10:43:39,MYOR,RG,1750,1,F,CS,YP,D
10:43:39,MYOR,RG,1750,1,F,CS,YP,D
10:43:39,MYOR,RG,1750,32,D,EP,YP,D
10:43:39,MYOR,RG,1750,2,F,CS,YP,D
10:43:39,MYOR,RG,1750,10,F,CS,YP,D
10:43:39,MYOR,RG,1750,9,F,CS,YP,D
10:43:39,MYOR,RG,1750,29,F,CS,YP,D
10:43:39,MYOR,RG,1750,3,F,CS,YP,D
10:43:39,MYOR,RG,1750,2,F,CS,YP,D
10:43:39,MYOR,RG,1750,1,F,CS,YP,D
10:43:39,MYOR,RG,1750,1,F,AK,YP,D
10:43:39,MYOR,RG,1750,50,D,PD,YP,D
10:42:51,MYOR,RG,1750,1,D,PD,DR,D
10:42:35,MYOR,RG,1750,18,D,PD,BK,F
10:42:31,MYOR,RG,1750,41,D,PD,BK,F
10:42:27,MYOR,RG,1750,47,D,PD,BK,F
10:42:27,MYOR,RG,1750,1,F,AK,BK,F
10:42:27,MYOR,RG,1750,1,F,AK,BK,F
10:42:27,MYOR,RG,1750,6,D,XC,BK,F
10:42:27,MYOR,RG,1750,50,D,EP,BK,F
10:42:27,MYOR,RG,1750,99,D,CC,BK,F
10:42:24,MYOR,RG,1755,152,D,PD,XL,D
10:42:24,MYOR,RG,1755,5,D,PD,PD,D
10:42:24,MYOR,RG,1755,10,D,PD,NI,D
10:42:24,MYOR,RG,1755,100,D,PD,XA,D
10:42:24,MYOR,RG,1755,2,D,PD,SQ,D
10:42:24,MYOR,RG,1755,1,D,PD,AT,D
10:42:24,MYOR,RG,1755,10,D,PD,NI,D
10:42:24,MYOR,RG,1755,3,D,PD,XL,D
10:42:24,MYOR,RG,1755,25,D,PD,CC,D
10:42:24,MYOR,RG,1755,1,D,PD,YP,D
10:42:24,MYOR,RG,1755,23,D,PD,PD,D
10:42:24,MYOR,RG,1755,19,D,PD,YP,D
10:42:24,MYOR,RG,1755,1,D,PD,BQ,D
10:42:24,MYOR,RG,1755,648,D,PD,OD,D
10:42:23,MYOR,RG,1750,73,D,CC,RX,F
10:42:20,MYOR,RG,1750,14,D,CC,BK,F
10:42:20,MYOR,RG,1750,17,D,CC,BK,F
10:42:17,MYOR,RG,1750,100,D,CC,YP,D
10:42:13,MYOR,RG,1750,21,D,CC,BK,F
10:42:13,MYOR,RG,1750,7,F,CS,BK,F
10:42:07,MYOR,RG,1750,4,F,CS,BK,F
10:42:07,MYOR,RG,1750,3,F,CS,BK,F
10:42:07,MYOR,RG,1750,8,F,CS,BK,F
10:42:07,MYOR,RG,1750,1,F,CS,BK,F
10:42:07,MYOR,RG,1750,39,F,CS,BK,F
10:42:07,MYOR,RG,1750,31,D,YP,BK,F
10:42:06,MYOR,RG,1755,100,D,YP,OD,D
10:42:05,MYOR,RG,1750,5,D,YP,YP,D
10:42:05,MYOR,RG,1750,40,D,YP,NI,D
10:42:03,MYOR,RG,1755,752,D,PD,OD,D
10:42:03,MYOR,RG,1755,10,D,PD,PD,D
10:42:03,MYOR,RG,1755,5,D,PD,YP,D
10:42:03,MYOR,RG,1755,2,D,PD,PD,D
10:42:03,MYOR,RG,1755,2,D,PD,LS,D
10:42:03,MYOR,RG,1755,10,D,PD,CP,D
10:42:03,MYOR,RG,1755,100,D,PD,KK,D
10:42:03,MYOR,RG,1755,1,D,PD,PD,D
10:42:03,MYOR,RG,1755,1,D,PD,PD,D
10:42:03,MYOR,RG,1755,18,D,PD,NI,D
10:42:03,MYOR,RG,1755,27,D,PD,CC,D
10:42:03,MYOR,RG,1755,5,D,PD,SQ,D
10:42:03,MYOR,RG,1755,20,D,PD,PD,D
10:42:03,MYOR,RG,1755,1,D,PD,XC,D
10:42:03,MYOR,RG,1755,2,D,PD,PD,D
10:42:03,MYOR,RG,1755,13,D,PD,XC,D
10:42:03,MYOR,RG,1755,31,D,PD,XC,D
10:41:52,MYOR,RG,1755,56,D,YP,XC,D
10:41:52,MYOR,RG,1755,1,D,YP,XC,D
10:41:51,MYOR,RG,1755,12,D,EP,XC,D
10:41:51,MYOR,RG,1755,18,D,EP,PD,D
10:41:51,MYOR,RG,1755,11,D,YB,PD,D
10:41:51,MYOR,RG,1755,1,D,ZP,PD,D
10:41:51,MYOR,RG,1755,1,D,KK,PD,D
10:41:32,MYOR,RG,1750,40,D,YP,RX,F
10:41:30,MYOR,RG,1750,100,D,YP,TP,D
10:41:30,MYOR,RG,1750,50,D,YP,NI,D
10:41:29,MYOR,RG,1750,10,D,YP,DH,D
10:41:19,MYOR,RG,1750,224,D,YP,RX,F
10:41:18,MYOR,RG,1750,10,F,AK,PD,D
10:41:18,MYOR,RG,1750,35,F,AK,PD,D
10:41:18,MYOR,RG,1750,1,F,AK,PD,D
10:41:18,MYOR,RG,1750,2,F,AK,KK,D
10:41:18,MYOR,RG,1750,15,F,AK,PD,D
10:41:18,MYOR,RG,1750,15,F,AK,PC,D
10:41:18,MYOR,RG,1750,5,F,AK,XC,D
10:41:18,MYOR,RG,1750,6,F,AK,PD,D
10:41:18,MYOR,RG,1750,60,F,AK,CC,D
10:41:18,MYOR,RG,1750,1,F,AK,XC,D
10:41:18,MYOR,RG,1750,6,F,AK,SQ,D
10:41:18,MYOR,RG,1750,5,F,AK,CC,D
10:41:18,MYOR,RG,1750,50,F,AK,RB,D
10:41:18,MYOR,RG,1750,4,F,AK,PD,D
10:41:18,MYOR,RG,1750,15,F,AK,CC,D
10:41:18,MYOR,RG,1750,25,F,AK,RS,D
10:41:18,MYOR,RG,1750,50,F,AK,NI,D
10:41:18,MYOR,RG,1750,105,F,AK,CC,D
10:41:17,MYOR,RG,1750,95,F,AK,CC,D
10:41:17,MYOR,RG,1750,10,F,AK,YP,D
10:41:17,MYOR,RG,1750,1,F,AK,XC,D
10:41:17,MYOR,RG,1750,5,F,AK,XC,D
10:41:17,MYOR,RG,1750,2,F,AK,XC,D
10:41:17,MYOR,RG,1750,1,F,AK,XC,D
10:41:17,MYOR,RG,1750,5,F,AK,YP,D
10:41:17,MYOR,RG,1750,20,F,AK,PD,D
10:41:17,MYOR,RG,1750,60,F,AK,CC,D
10:41:17,MYOR,RG,1750,5,F,AK,PD,D
10:41:17,MYOR,RG,1750,15,F,AK,PD,D
10:41:17,MYOR,RG,1750,100,F,AK,AZ,D
10:41:17,MYOR,RG,1750,25,F,AK,KK,D
10:41:17,MYOR,RG,1750,1,F,AK,XC,D
10:41:17,MYOR,RG,1750,10,F,AK,OD,D
10:41:17,MYOR,RG,1750,2,F,AK,YP,D
10:41:17,MYOR,RG,1750,15,F,AK,YP,D
10:41:17,MYOR,RG,1750,1,F,AK,YP,D
10:41:17,MYOR,RG,1750,1,F,AK,AT,D
10:41:17,MYOR,RG,1750,120,F,AK,CC,D
10:41:17,MYOR,RG,1750,1,F,AK,XC,D
10:41:17,MYOR,RG,1750,5,F,AK,XC,D
10:41:16,MYOR,RG,1750,5,D,YP,XC,D
10:41:16,MYOR,RG,1750,190,D,YP,AI,D
10:41:16,MYOR,RG,1750,6,D,YP,XC,D
10:41:16,MYOR,RG,1750,8,D,YP,YP,D
10:41:16,MYOR,RG,1750,2,D,YP,YP,D
10:41:16,MYOR,RG,1750,3,D,YP,XC,D
10:41:16,MYOR,RG,1750,10,D,YP,PD,D
10:41:16,MYOR,RG,1750,25,D,YP,CC,D
10:41:16,MYOR,RG,1750,2,D,YP,XL,D
10:41:16,MYOR,RG,1750,10,D,YP,CC,D
10:41:16,MYOR,RG,1750,1,D,YP,XC,D
10:41:16,MYOR,RG,1750,3,D,YP,KK,D
10:41:16,MYOR,RG,1750,30,D,YP,XL,D
10:41:16,MYOR,RG,1750,1,D,YP,SQ,D
10:41:16,MYOR,RG,1750,13,D,YP,XC,D
10:41:16,MYOR,RG,1750,15,D,YP,YP,D
10:41:16,MYOR,RG,1750,1,D,YP,YP,D
10:41:16,MYOR,RG,1750,2,D,YP,XC,D
10:41:16,MYOR,RG,1750,30,D,YP,PD,D
10:41:16,MYOR,RG,1750,25,D,YP,PD,D
10:41:16,MYOR,RG,1750,1,D,YP,PD,D
10:41:16,MYOR,RG,1750,1,D,YP,LG,D
10:41:16,MYOR,RG,1750,616,D,YP,RX,F
10:41:13,MYOR,RG,1750,212,F,CS,RX,F
10:41:13,MYOR,RG,1750,26,F,CS,RX,F
10:41:12,MYOR,RG,1750,346,F,AK,RX,F
10:41:12,MYOR,RG,1750,7,F,AK,CC,D
10:41:12,MYOR,RG,1750,1,F,AK,XC,D
10:41:12,MYOR,RG,1750,3,F,AK,XC,D
10:41:12,MYOR,RG,1750,2,F,AK,XC,D
10:41:12,MYOR,RG,1750,28,F,AK,EP,D
10:41:12,MYOR,RG,1750,77,F,AK,XC,D
10:41:12,MYOR,RG,1750,11,F,AK,DR,D
10:41:12,MYOR,RG,1750,5,F,AK,PD,D
10:41:12,MYOR,RG,1750,1,F,AK,XC,D
10:41:12,MYOR,RG,1750,10,F,AK,SQ,D
10:41:12,MYOR,RG,1750,1,F,AK,CC,D
10:41:12,MYOR,RG,1750,1,F,AK,GR,D
10:41:12,MYOR,RG,1750,4,F,AK,XA,D
10:41:12,MYOR,RG,1750,3,F,AK,PD,D
10:41:12,MYOR,RG,1750,2,F,AK,PD,D
10:41:12,MYOR,RG,1750,3,F,AK,PD,D
10:41:12,MYOR,RG,1750,2,F,AK,XC,D
10:41:12,MYOR,RG,1750,3,F,AK,XC,D
10:41:12,MYOR,RG,1750,60,F,AK,NI,D
10:41:12,MYOR,RG,1750,6,F,AK,OD,D
10:41:12,MYOR,RG,1750,20,F,AK,PD,D
10:41:12,MYOR,RG,1750,12,F,AK,NI,D
10:41:12,MYOR,RG,1750,5,F,AK,YP,D
10:41:12,MYOR,RG,1750,5,F,AK,NI,D
10:41:12,MYOR,RG,1750,5,F,AK,NI,D
10:41:12,MYOR,RG,1750,25,F,AK,NI,D
10:41:12,MYOR,RG,1750,1,F,AK,NI,D
10:41:12,MYOR,RG,1750,5,F,AK,YP,D
10:41:12,MYOR,RG,1750,20,F,AK,KK,D
10:41:12,MYOR,RG,1750,10,F,AK,ZP,D
10:41:12,MYOR,RG,1750,20,F,AK,XC,D
10:41:12,MYOR,RG,1750,10,F,AK,TP,D
10:41:12,MYOR,RG,1750,1,F,AK,XC,D
10:41:12,MYOR,RG,1750,6,F,AK,XC,D
10:41:12,MYOR,RG,1750,10,F,AK,FS,D
10:41:12,MYOR,RG,1750,3,F,AK,DH,D
10:41:12,MYOR,RG,1750,7,F,AK,NI,D
10:41:12,MYOR,RG,1750,80,F,AK,YP,D
10:41:12,MYOR,RG,1750,18,F,AK,OD,D
10:41:12,MYOR,RG,1750,1,F,AK,PD,D
10:41:12,MYOR,RG,1750,15,F,AK,KK,D
10:41:12,MYOR,RG,1750,1,F,AK,PD,D
10:41:12,MYOR,RG,1750,3,F,AK,YP,D
10:41:12,MYOR,RG,1750,1,F,AK,YP,D
10:41:12,MYOR,RG,1750,2,F,AK,XL,D
10:41:12,MYOR,RG,1750,124,F,AK,PD,D
10:41:12,MYOR,RG,1750,1,F,AK,CC,D
10:41:12,MYOR,RG,1750,5,F,AK,NI,D
10:41:12,MYOR,RG,1750,8,F,AK,DH,D
10:41:11,MYOR,RG,1750,42,F,AK,DH,D
10:41:11,MYOR,RG,1750,100,F,AK,OD,D
10:41:11,MYOR,RG,1750,20,F,AK,CC,D
10:41:11,MYOR,RG,1750,75,F,AK,LG,D
10:41:11,MYOR,RG,1750,4,F,AK,PD,D
10:41:11,MYOR,RG,1750,2,F,AK,XC,D
10:41:11,MYOR,RG,1750,50,F,AK,CC,D
10:41:11,MYOR,RG,1750,1,F,AK,XC,D
10:41:11,MYOR,RG,1750,58,F,AK,AT,D
10:41:11,MYOR,RG,1750,6,F,AK,XL,D
10:41:11,MYOR,RG,1750,12,F,AK,LG,D
10:41:11,MYOR,RG,1750,3,F,AK,XC,D
10:41:11,MYOR,RG,1750,2,F,AK,PD,D
10:41:11,MYOR,RG,1750,100,F,AK,CC,D
10:41:11,MYOR,RG,1750,2,F,AK,YP,D
10:41:11,MYOR,RG,1750,20,F,AK,YP,D
10:41:11,MYOR,RG,1750,1,F,AK,YP,D
10:41:11,MYOR,RG,1750,2,F,AK,NI,D
10:41:10,MYOR,RG,1750,2,D,KK,NI,D
10:41:10,MYOR,RG,1750,5,D,KK,XA,D
10:41:10,MYOR,RG,1750,8,D,KK,XC,D
10:41:10,MYOR,RG,1750,10,D,KK,CC,D
10:41:10,MYOR,RG,1750,2,D,KK,YP,D
10:41:10,MYOR,RG,1750,1,D,KK,BQ,D
10:41:10,MYOR,RG,1750,2,D,KK,XL,D
10:41:10,MYOR,RG,1750,1,D,KK,KK,D
10:41:10,MYOR,RG,1750,69,D,KK,YP,D
10:41:10,MYOR,RG,1750,8,D,LS,YP,D
10:41:10,MYOR,RG,1750,23,F,AK,YP,D
10:41:10,MYOR,RG,1750,2,F,AK,OD,D
10:41:10,MYOR,RG,1750,6,F,AK,SQ,D
10:41:10,MYOR,RG,1750,1,F,AK,XL,D
10:41:10,MYOR,RG,1750,3,F,AK,XC,D
10:41:10,MYOR,RG,1750,1,F,AK,PD,D
10:41:10,MYOR,RG,1750,1,F,AK,XC,D
10:41:10,MYOR,RG,1750,5,F,AK,NI,D
10:41:10,MYOR,RG,1750,10,F,AK,SQ,D
10:41:10,MYOR,RG,1750,28,F,AK,XC,D
10:41:10,MYOR,RG,1750,2,F,AK,PD,D
10:41:10,MYOR,RG,1750,33,F,AK,YP,D
10:41:10,MYOR,RG,1750,6,F,AK,YP,D
10:41:10,MYOR,RG,1750,10,F,AK,CC,D
10:41:10,MYOR,RG,1750,10,F,AK,PD,D
10:41:10,MYOR,RG,1750,1,F,AK,NI,D
10:41:10,MYOR,RG,1750,10,F,AK,NI,D
10:41:10,MYOR,RG,1750,70,F,AK,GR,D
10:41:10,MYOR,RG,1750,1,F,AK,XL,D
10:41:10,MYOR,RG,1750,25,F,AK,GR,D
10:41:10,MYOR,RG,1750,10,F,AK,PD,D
10:41:10,MYOR,RG,1750,24,F,AK,CC,D
10:41:10,MYOR,RG,1750,5,F,AK,PC,D
10:41:10,MYOR,RG,1750,15,F,AK,AI,D
10:41:10,MYOR,RG,1750,1,F,AK,XC,D
10:41:10,MYOR,RG,1750,1,F,AK,PD,D
10:41:10,MYOR,RG,1750,1,F,AK,NI,D
10:41:10,MYOR,RG,1750,10,F,AK,PD,D
10:41:10,MYOR,RG,1750,5,F,AK,NI,D
10:41:10,MYOR,RG,1750,2,F,AK,CC,D
10:41:10,MYOR,RG,1750,100,F,AK,CC,D
10:41:10,MYOR,RG,1750,78,F,AK,DX,D
10:41:00,MYOR,RG,1750,22,F,AK,DX,D
10:41:00,MYOR,RG,1750,1,F,AK,PD,D
10:41:00,MYOR,RG,1750,1,F,AK,PD,D
10:41:00,MYOR,RG,1750,1,F,AK,DR,D
10:41:00,MYOR,RG,1750,2,F,AK,XC,D
10:41:00,MYOR,RG,1750,1,F,AK,XC,D
10:41:00,MYOR,RG,1750,20,F,AK,TP,D
10:41:00,MYOR,RG,1750,10,F,AK,KK,D
10:41:00,MYOR,RG,1750,1,F,AK,YP,D
10:41:00,MYOR,RG,1750,2,F,AK,KK,D
10:41:00,MYOR,RG,1750,10,F,AK,XC,D
10:41:00,MYOR,RG,1750,100,F,AK,YP,D
10:41:00,MYOR,RG,1750,5,F,AK,XC,D
10:41:00,MYOR,RG,1750,60,F,AK,CC,D
10:41:00,MYOR,RG,1750,10,F,AK,OD,D
10:41:00,MYOR,RG,1750,5,F,AK,XC,D
10:41:00,MYOR,RG,1750,15,F,AK,OD,D
10:41:00,MYOR,RG,1750,3,F,AK,XL,D
10:41:00,MYOR,RG,1750,1,F,AK,LG,D
10:41:00,MYOR,RG,1750,150,F,AK,LG,D
10:41:00,MYOR,RG,1750,40,F,AK,XC,D
10:41:00,MYOR,RG,1750,1,F,AK,XL,D
10:41:00,MYOR,RG,1750,39,F,AK,LG,D
10:41:00,MYOR,RG,1750,110,D,CC,LG,D
10:41:00,MYOR,RG,1750,10,D,CC,LG,D
10:41:00,MYOR,RG,1750,82,D,CC,KK,D
10:40:58,MYOR,RG,1750,18,D,XC,KK,D
10:40:58,MYOR,RG,1750,3,D,XC,PD,D
10:40:58,MYOR,RG,1750,10,D,XC,PD,D
10:40:58,MYOR,RG,1750,2,D,XC,PD,D
10:40:58,MYOR,RG,1750,25,D,XC,KK,D
10:40:58,MYOR,RG,1750,2,D,XC,LS,D
10:40:30,MYOR,RG,1745,4,D,PD,XC,D
10:40:23,MYOR,RG,1750,2,D,YP,LS,D
10:40:23,MYOR,RG,1750,8,D,GR,LS,D
10:40:16,MYOR,RG,1750,3,D,XC,LS,D
10:40:16,MYOR,RG,1750,1,D,XC,PD,D
10:40:16,MYOR,RG,1750,1,D,XC,PD,D
10:40:16,MYOR,RG,1750,1,D,XC,PD,D
10:40:01,MYOR,RG,1750,5,D,CC,EP,D
10:40:01,MYOR,RG,1750,1,D,CC,SQ,D
10:39:52,MYOR,RG,1750,20,D,XL,SQ,D
10:39:30,MYOR,RG,1750,3,D,XC,SQ,D
10:39:13,MYOR,RG,1750,1,D,XL,SQ,D
10:38:45,MYOR,RG,1750,1,D,YP,SQ,D
10:38:45,MYOR,RG,1750,7,F,AK,SQ,D
10:38:27,MYOR,RG,1745,40,D,PD,NI,D
10:37:52,MYOR,RG,1745,3,D,PD,CC,D
10:37:29,MYOR,RG,1745,1,D,PD,PD,D
10:37:14,MYOR,RG,1745,10,D,PD,DH,D
10:37:05,MYOR,RG,1750,200,D,DR,SQ,D
10:36:40,MYOR,RG,1745,5,D,PD,XC,D
10:36:23,MYOR,RG,1750,2,D,NI,SQ,D
10:36:18,MYOR,RG,1745,5,D,PD,PD,D
10:35:53,MYOR,RG,1750,400,D,PD,SQ,D
10:35:38,MYOR,RG,1750,5,D,YP,SQ,D
10:35:02,MYOR,RG,1750,500,D,YP,SQ,D
10:34:59,MYOR,RG,1750,5,D,YP,SQ,D
10:34:46,MYOR,RG,1750,13,D,XC,SQ,D
10:34:28,MYOR,RG,1750,1,D,XC,SQ,D
10:34:24,MYOR,RG,1750,1,D,XL,SQ,D
10:34:16,MYOR,RG,1745,3,D,PD,DR,D
10:33:29,MYOR,RG,1745,30,D,PD,AZ,D
10:33:17,MYOR,RG,1745,12,D,PD,CC,D
10:33:01,MYOR,RG,1745,8,D,PD,AZ,D
10:32:21,MYOR,RG,1745,5,D,PD,DR,D
10:32:01,MYOR,RG,1745,60,D,PD,YB,D
10:31:47,MYOR,RG,1750,30,D,YP,SQ,D
10:31:36,MYOR,RG,1750,1,D,PD,SQ,D
10:31:19,MYOR,RG,1745,1,D,PD,CC,D
10:31:15,MYOR,RG,1750,5,F,AK,SQ,D
10:31:02,MYOR,RG,1745,41,D,PD,NI,D
10:31:02,MYOR,RG,1745,21,D,YP,NI,D
10:31:02,MYOR,RG,1745,54,F,CS,NI,D
10:31:02,MYOR,RG,1745,5,F,CS,NI,D
10:31:02,MYOR,RG,1745,5,D,XC,NI,D
10:31:02,MYOR,RG,1745,74,D,YP,NI,D
10:31:00,MYOR,RG,1750,190,D,CC,SQ,D
10:30:53,MYOR,RG,1745,5,D,YP,XC,D
10:30:49,MYOR,RG,1745,60,D,YP,YP,D
10:30:00,MYOR,RG,1745,20,D,YP,DR,D
10:29:50,MYOR,RG,1745,250,D,YP,RX,F
10:29:50,MYOR,RG,1745,91,D,YP,YP,D
10:29:49,MYOR,RG,1745,9,D,PD,YP,D
10:29:49,MYOR,RG,1745,1,D,PD,CC,D
10:29:49,MYOR,RG,1745,10,D,PD,DR,D
10:29:46,MYOR,RG,1745,10,F,CS,DR,D
10:29:45,MYOR,RG,1745,269,D,YP,DR,D
10:29:45,MYOR,RG,1745,80,D,YP,XA,D
10:29:45,MYOR,RG,1745,2,D,YP,DX,D
10:29:45,MYOR,RG,1745,3,D,YP,CC,D
10:29:45,MYOR,RG,1745,19,D,YP,PD,D
10:29:45,MYOR,RG,1745,1,D,YP,XL,D
10:29:45,MYOR,RG,1745,2,D,YP,YP,D
10:29:45,MYOR,RG,1745,2,D,YP,PD,D
10:29:45,MYOR,RG,1745,10,D,YP,CC,D
10:29:45,MYOR,RG,1745,100,D,YP,YP,D
10:29:45,MYOR,RG,1745,2,D,YP,PD,D
10:29:45,MYOR,RG,1745,15,D,YP,CC,D
10:29:45,MYOR,RG,1745,25,D,YP,CC,D
10:29:45,MYOR,RG,1745,26,D,YP,YP,D
10:29:39,MYOR,RG,1745,77,D,YP,YP,D
10:29:39,MYOR,RG,1745,100,D,YP,FZ,D
10:29:39,MYOR,RG,1745,6,D,YP,PD,D
10:29:39,MYOR,RG,1745,9,D,YP,YP,D
10:29:39,MYOR,RG,1745,200,D,YP,KK,D
10:29:39,MYOR,RG,1745,50,D,YP,NI,D
10:29:39,MYOR,RG,1745,2,D,YP,RX,F
10:29:37,MYOR,RG,1745,1,D,XC,RX,F
10:29:37,MYOR,RG,1745,500,D,YP,RX,F
10:29:23,MYOR,RG,1745,68,D,CC,RX,F
10:29:23,MYOR,RG,1745,2,D,CC,YP,D
10:29:15,MYOR,RG,1745,31,D,PD,YP,D
10:29:14,MYOR,RG,1745,4,D,NI,YP,D
10:29:13,MYOR,RG,1740,19,D,CC,PD,D
10:28:50,MYOR,RG,1745,160,F,CS,YP,D
10:28:46,MYOR,RG,1740,8,D,CC,RX,F
10:28:39,MYOR,RG,1740,5,D,CC,DR,D
10:28:37,MYOR,RG,1740,1,D,CC,PD,D
10:28:21,MYOR,RG,1740,30,D,CC,XC,D
10:28:08,MYOR,RG,1740,1,D,CC,PD,D
10:27:16,MYOR,RG,1740,1,D,CC,RX,F
10:26:54,MYOR,RG,1740,1,D,CC,XL,D
10:26:54,MYOR,RG,1740,1,D,DR,XL,D
10:26:18,MYOR,RG,1740,2,D,DR,RX,F
10:26:15,MYOR,RG,1740,2,D,DR,PD,D
10:26:15,MYOR,RG,1740,5,D,YP,PD,D
10:26:15,MYOR,RG,1740,17,D,YP,RX,F
10:26:08,MYOR,RG,1740,6,D,YP,CC,D
10:26:08,MYOR,RG,1740,44,D,PD,CC,D
10:26:06,MYOR,RG,1740,20,D,PD,YB,D
10:25:52,MYOR,RG,1740,3,D,PD,XC,D
10:25:34,MYOR,RG,1740,1,D,PD,LG,D
10:25:25,MYOR,RG,1740,19,D,PD,RX,F
10:25:13,MYOR,RG,1740,60,D,PD,AG,D
10:25:12,MYOR,RG,1740,19,D,PD,XC,D
10:24:52,MYOR,RG,1740,1,D,PD,XC,D
10:24:36,MYOR,RG,1740,35,D,PD,RX,F
10:24:35,MYOR,RG,1740,98,D,PD,MK,D
10:24:35,MYOR,RG,1740,20,D,YP,MK,D
10:24:35,MYOR,RG,1740,32,F,AK,MK,D
10:23:24,MYOR,RG,1740,5,F,AK,RX,F
10:23:21,MYOR,RG,1745,23,D,NI,YP,D
10:22:13,MYOR,RG,1740,3,F,AK,RX,F
10:22:12,MYOR,RG,1740,13,F,AK,YP,D
10:22:03,MYOR,RG,1740,1,F,AK,RX,F
10:22:02,MYOR,RG,1740,1,F,AK,PD,D
10:21:25,MYOR,RG,1740,1,F,AK,PD,D
10:21:16,MYOR,RG,1740,2,F,AK,RX,F
10:21:14,MYOR,RG,1745,10,D,LG,YP,D
10:20:54,MYOR,RG,1740,1,F,AK,RX,F
10:20:54,MYOR,RG,1740,1,F,AK,YP,D
10:20:54,MYOR,RG,1745,1,D,PD,YP,D
10:20:52,MYOR,RG,1740,4,F,AK,RX,F
10:20:51,MYOR,RG,1745,20,D,XC,YP,D
10:20:41,MYOR,RG,1740,68,F,AK,RX,F
10:20:39,MYOR,RG,1745,5,D,LG,YP,D
10:20:38,MYOR,RG,1745,285,D,PD,YP,D
10:20:16,MYOR,RG,1740,1,F,AK,RX,F
10:20:14,MYOR,RG,1740,1,F,AK,PD,D
10:20:08,MYOR,RG,1745,3,D,XC,YP,D
10:20:02,MYOR,RG,1740,1,F,AK,RX,F
10:19:29,MYOR,RG,1745,3,D,PD,YP,D
10:19:12,MYOR,RG,1740,1,F,AK,RX,F
10:18:43,MYOR,RG,1745,4,D,IF,YP,D
10:17:21,MYOR,RG,1740,4,F,AK,RX,F
10:17:11,MYOR,RG,1740,7,F,AK,XC,D
10:16:59,MYOR,RG,1740,10,F,AK,YP,D
10:16:44,MYOR,RG,1740,1,F,AK,PD,D
10:15:05,MYOR,RG,1740,3,F,AK,RX,F
10:15:04,MYOR,RG,1745,5,D,DR,YP,D
10:14:35,MYOR,RG,1740,9,F,AK,YP,D
10:14:29,MYOR,RG,1740,11,F,AK,RX,F
10:14:14,MYOR,RG,1740,30,F,AK,YP,D
10:14:04,MYOR,RG,1740,2,F,AK,LG,D
10:13:58,MYOR,RG,1740,10,F,AK,PD,D
10:13:55,MYOR,RG,1740,5,F,AK,YP,D
10:13:50,MYOR,RG,1740,8,F,AK,RX,F
10:13:49,MYOR,RG,1740,87,F,AK,RX,F
10:13:48,MYOR,RG,1740,30,F,AK,YP,D
10:13:39,MYOR,RG,1740,4,F,AK,DR,D
10:13:39,MYOR,RG,1740,18,D,NI,DR,D
10:13:39,MYOR,RG,1740,1,D,PD,DR,D
10:13:39,MYOR,RG,1740,1,D,YP,DR,D
10:13:39,MYOR,RG,1740,5,D,XC,DR,D
10:13:39,MYOR,RG,1740,2,D,XC,DR,D
10:13:39,MYOR,RG,1740,4,D,DH,DR,D
10:13:39,MYOR,RG,1740,13,D,XC,DR,D
10:13:39,MYOR,RG,1740,28,D,XL,DR,D
10:13:39,MYOR,RG,1740,1,D,KK,DR,D
10:13:39,MYOR,RG,1740,10,F,CS,DR,D
10:13:39,MYOR,RG,1740,44,D,PD,DR,D
10:13:29,MYOR,RG,1745,2,D,NI,YP,D
10:12:55,MYOR,RG,1745,13,F,CS,YP,D
10:12:55,MYOR,RG,1745,68,F,CS,YP,D
10:12:55,MYOR,RG,1745,10,F,CS,YP,D
10:12:55,MYOR,RG,1745,3,F,CS,YP,D
10:12:55,MYOR,RG,1745,2,F,AK,YP,D
10:12:55,MYOR,RG,1745,35,F,CS,YP,D
10:12:55,MYOR,RG,1745,12,F,CS,YP,D
10:12:55,MYOR,RG,1745,2,F,AK,YP,D
10:12:55,MYOR,RG,1745,2,F,AK,YP,D
10:12:55,MYOR,RG,1745,4,F,CS,YP,D
10:12:55,MYOR,RG,1745,11,F,CS,YP,D
10:12:55,MYOR,RG,1745,6,F,CS,YP,D
10:12:55,MYOR,RG,1745,15,F,CS,YP,D
10:12:55,MYOR,RG,1745,8,F,CS,YP,D
10:12:55,MYOR,RG,1745,1,F,CS,YP,D
10:12:54,MYOR,RG,1745,2,F,CS,YP,D
10:12:54,MYOR,RG,1745,1,F,CS,YP,D
10:12:54,MYOR,RG,1745,7,F,CS,YP,D
10:12:54,MYOR,RG,1745,1,F,CS,YP,D
10:12:54,MYOR,RG,1745,6,F,CS,YP,D
10:12:54,MYOR,RG,1745,13,F,CS,YP,D
10:12:54,MYOR,RG,1745,12,F,CS,YP,D
10:12:54,MYOR,RG,1745,11,F,CS,YP,D
10:12:54,MYOR,RG,1745,29,F,CS,YP,D
10:12:54,MYOR,RG,1745,1,F,CS,YP,D
10:12:54,MYOR,RG,1745,7,F,CS,YP,D
10:12:54,MYOR,RG,1745,13,F,CS,YP,D
10:12:54,MYOR,RG,1745,1,D,PD,YP,D
10:12:54,MYOR,RG,1745,31,D,PD,YP,D
10:12:54,MYOR,RG,1745,1,F,CS,YP,D
10:12:54,MYOR,RG,1745,13,F,CS,YP,D
10:12:54,MYOR,RG,1745,9,F,CS,YP,D
10:12:54,MYOR,RG,1745,20,D,YP,YP,D
10:12:54,MYOR,RG,1745,2,D,PD,YP,D
10:12:54,MYOR,RG,1745,6,D,NI,YP,D
10:12:54,MYOR,RG,1745,14,F,CS,YP,D
10:12:54,MYOR,RG,1745,2,F,AK,YP,D
10:12:54,MYOR,RG,1745,500,D,YP,YP,D
10:12:54,MYOR,RG,1745,2,F,AK,YP,D
10:12:54,MYOR,RG,1745,2,F,AK,YP,D
10:12:54,MYOR,RG,1745,10,D,CC,YP,D
10:12:54,MYOR,RG,1745,186,D,CC,YP,D
10:12:54,MYOR,RG,1745,480,F,AK,YP,D
10:12:54,MYOR,RG,1745,6,F,CS,YP,D
10:12:54,MYOR,RG,1745,7,F,CS,YP,D
10:12:54,MYOR,RG,1745,3,F,CS,YP,D
10:12:54,MYOR,RG,1745,2,F,CS,YP,D
10:12:54,MYOR,RG,1745,3,F,CS,YP,D
10:12:54,MYOR,RG,1745,147,D,PD,YP,D
10:12:53,MYOR,RG,1745,16,D,PD,XL,D
10:12:10,MYOR,RG,1745,10,D,PD,DH,D
10:11:55,MYOR,RG,1745,4,D,PD,CC,D
10:11:34,MYOR,RG,1745,2,D,PD,XC,D
10:11:26,MYOR,RG,1750,55,D,PD,SQ,D
10:11:20,MYOR,RG,1750,10,D,EP,SQ,D
10:11:13,MYOR,RG,1750,1,D,XC,SQ,D
10:11:10,MYOR,RG,1745,5,D,PD,YB,D
10:11:04,MYOR,RG,1750,10,D,XC,SQ,D
10:10:47,MYOR,RG,1750,10,D,PD,SQ,D
10:10:31,MYOR,RG,1750,20,D,XC,SQ,D
10:10:30,MYOR,RG,1750,13,D,XC,SQ,D
10:10:15,MYOR,RG,1750,12,D,NI,SQ,D
10:10:08,MYOR,RG,1745,13,D,PD,PD,D
10:09:42,MYOR,RG,1745,16,D,PD,XC,D
10:09:24,MYOR,RG,1745,15,D,PD,SQ,D
10:09:19,MYOR,RG,1745,150,D,PD,DR,D
10:09:03,MYOR,RG,1745,100,D,PD,XL,D
10:08:55,MYOR,RG,1745,299,D,PD,YP,D
10:08:55,MYOR,RG,1745,4,D,PD,CC,D
10:08:55,MYOR,RG,1745,8,D,PD,DR,D
10:08:55,MYOR,RG,1745,10,D,PD,CC,D
10:08:55,MYOR,RG,1745,1,D,PD,SQ,D
10:08:55,MYOR,RG,1745,100,D,PD,XA,D
10:08:55,MYOR,RG,1745,6,D,PD,XC,D
10:08:55,MYOR,RG,1745,10,D,PD,XA,D
