Time,Stock,Brd,Price,Qty,BT,BC,SC,ST
15:07:29,MYOR,RG,1800,48,F,YU,PD,D
15:06:33,MYOR,RG,1800,100,F,YU,YP,D
15:03:57,MYOR,RG,1800,1,F,YU,XC,D
15:03:09,MYOR,RG,1800,415,F,YU,CC,D
15:01:55,MYOR,RG,1800,100,F,YU,DR,D
15:01:55,MYOR,RG,1800,155,F,YU,KZ,F
15:01:49,MYOR,RG,1800,1,D,XC,KZ,F
15:01:01,MYOR,RG,1800,300,D,YP,KZ,F
15:01:00,MYOR,RG,1800,13,D,XC,KZ,F
15:01:00,MYOR,RG,1800,10,D,ZP,KZ,F
15:01:00,MYOR,RG,1800,100,D,PD,KZ,F
15:00:00,MYOR,RG,1800,10,D,XL,KZ,F
15:00:00,MYOR,RG,1800,38,D,XC,KZ,F
15:00:00,MYOR,RG,1800,5,D,DH,KZ,F
15:00:00,MYOR,RG,1800,2,D,XC,KZ,F
15:00:00,MYOR,RG,1800,1,D,XC,KZ,F
15:00:00,MYOR,RG,1800,1,D,XC,KZ,F
15:00:00,MYOR,RG,1800,1,D,XC,KZ,F
15:00:00,MYOR,RG,1800,90,D,CS,KZ,F
15:00:00,MYOR,RG,1800,2627,D,CS,KZ,F
15:00:00,MYOR,RG,1800,3,D,CS,KK,D
15:00:00,MYOR,RG,1800,206,D,CS,ZP,D
15:00:00,MYOR,RG,1800,36,D,CS,ZP,D
15:00:00,MYOR,RG,1800,53,D,CS,ZP,D
15:00:00,MYOR,RG,1800,268,D,CS,ZP,D
15:00:00,MYOR,RG,1800,129,D,CS,ZP,D
15:00:00,MYOR,RG,1800,66,D,CS,ZP,D
15:00:00,MYOR,RG,1800,31,D,CS,ZP,D
15:00:00,MYOR,RG,1800,3,D,CS,ZP,D
15:00:00,MYOR,RG,1800,38,D,CS,ZP,D
15:00:00,MYOR,RG,1800,229,D,CS,AK,D
15:00:00,MYOR,RG,1800,103,D,CS,AK,D
15:00:00,MYOR,RG,1800,76,D,CS,AK,D
15:00:00,MYOR,RG,1800,200,D,CS,ZP,D
15:00:00,MYOR,RG,1800,1,D,CS,PD,D
15:00:00,MYOR,RG,1800,1,D,CS,YB,D
15:00:00,MYOR,RG,1800,5,D,CS,XC,D
15:00:00,MYOR,RG,1800,2,D,CS,YB,D
15:00:00,MYOR,RG,1800,52,D,CS,XL,D
15:00:00,MYOR,RG,1800,30,D,CS,XL,D
15:00:00,MYOR,RG,1800,307,D,CS,BK,F
15:00:00,MYOR,RG,1800,13,D,CS,BK,F
15:00:00,MYOR,RG,1800,123,D,CS,DX,F
15:00:00,MYOR,RG,1800,29,D,CS,AK,F
15:00:00,MYOR,RG,1800,12,D,CS,AK,F
15:00:00,MYOR,RG,1800,1,D,CS,AK,F
15:00:00,MYOR,RG,1800,1,D,CS,AK,F
15:00:00,MYOR,RG,1800,1,D,CS,AK,F
15:00:00,MYOR,RG,1800,11,D,CS,AK,F
15:00:00,MYOR,RG,1800,28,D,CS,AK,F
15:00:00,MYOR,RG,1800,196,D,CS,CC,D
15:00:00,MYOR,RG,1800,10,D,EP,CC,D
15:00:00,MYOR,RG,1800,6,D,YP,CC,D
15:00:00,MYOR,RG,1800,1,D,XC,CC,D
15:00:00,MYOR,RG,1800,1,D,PD,CC,D
15:00:00,MYOR,RG,1800,2,D,KK,CC,D
15:00:00,MYOR,RG,1800,28,D,XC,CC,D
15:00:00,MYOR,RG,1800,20,D,PD,CC,D
15:00:00,MYOR,RG,1800,2,D,YP,CC,D
15:00:00,MYOR,RG,1800,109,F,AK,CC,D
15:00:00,MYOR,RG,1800,208,F,AK,CS,F
15:00:00,MYOR,RG,1800,292,F,AK,CS,F
15:00:00,MYOR,RG,1800,456,F,AK,CS,F
15:00:00,MYOR,RG,1800,39,F,AK,CS,F
15:00:00,MYOR,RG,1800,3,F,AK,CS,F
15:00:00,MYOR,RG,1800,2,F,AK,CS,F
14:49:55,MYOR,RG,1800,1,D,CC,BK,F
14:49:45,MYOR,RG,1795,2,D,CC,AK,F
14:49:30,MYOR,RG,1795,8,D,CC,AK,F
14:49:30,MYOR,RG,1795,2,D,CC,AK,F
14:49:30,MYOR,RG,1795,1,D,CC,AK,F
14:49:30,MYOR,RG,1795,1,D,CC,AK,F
14:49:30,MYOR,RG,1795,1,D,CC,AK,F
14:49:15,MYOR,RG,1795,5,D,CC,AK,F
14:49:15,MYOR,RG,1795,1,D,CC,AK,F
14:49:15,MYOR,RG,1795,2,D,KK,AK,F
14:49:15,MYOR,RG,1795,3,D,KK,DX,F
14:49:15,MYOR,RG,1795,1,D,CC,DX,F
14:49:15,MYOR,RG,1795,28,D,KK,DX,F
14:49:15,MYOR,RG,1795,7,F,YU,DX,F
14:49:15,MYOR,RG,1800,1,F,AK,BK,F
14:48:45,MYOR,RG,1800,1,F,AK,BK,F
14:48:40,MYOR,RG,1800,6,F,AK,BK,F
14:48:39,MYOR,RG,1800,50,D,CC,BK,F
14:48:27,MYOR,RG,1800,1,F,AK,BK,F
14:48:26,MYOR,RG,1800,5,D,XL,BK,F
14:48:15,MYOR,RG,1800,1,F,AK,BK,F
14:48:09,MYOR,RG,1800,1,D,CP,BK,F
14:47:59,MYOR,RG,1800,1,D,YP,AK,D
14:47:46,MYOR,RG,1800,1,F,AK,AK,D
14:47:45,MYOR,RG,1800,3,D,XC,AK,D
14:47:33,MYOR,RG,1800,6,F,AK,AK,D
14:47:33,MYOR,RG,1800,3,F,AK,AK,F
14:47:33,MYOR,RG,1800,1,D,XC,AK,F
14:47:33,MYOR,RG,1800,75,D,XC,YP,D
14:47:28,MYOR,RG,1800,1,D,OD,YP,D
14:47:02,MYOR,RG,1800,1,D,OD,YP,D
14:46:56,MYOR,RG,1800,1,F,AK,YP,D
14:46:56,MYOR,RG,1800,2,D,XL,YP,D
14:46:54,MYOR,RG,1800,1,D,OD,YP,D
14:46:36,MYOR,RG,1800,31,F,AK,YP,D
14:46:32,MYOR,RG,1795,467,F,YU,CC,D
14:46:29,MYOR,RG,1800,1,D,SS,YP,D
14:46:00,MYOR,RG,1800,12,D,PD,YP,D
14:45:50,MYOR,RG,1800,2,F,AK,AK,D
14:45:50,MYOR,RG,1800,29,F,AK,AK,D
14:45:50,MYOR,RG,1800,14,F,AK,AK,D
14:45:50,MYOR,RG,1800,120,F,AK,AK,D
14:45:50,MYOR,RG,1800,1,D,XC,AK,D
14:44:06,MYOR,RG,1805,13,F,AK,AK,F
14:44:06,MYOR,RG,1805,17,F,AK,KZ,F
14:44:06,MYOR,RG,1805,1,F,AK,XL,D
14:44:06,MYOR,RG,1805,38,F,AK,KZ,F
14:44:06,MYOR,RG,1805,76,F,AK,KZ,F
14:44:05,MYOR,RG,1800,54,F,AK,AK,D
14:44:05,MYOR,RG,1800,12,F,AK,AK,D
14:44:05,MYOR,RG,1800,33,F,AK,AK,D
14:44:05,MYOR,RG,1800,12,F,AK,AK,D
14:43:56,MYOR,RG,1805,22,D,CC,KZ,F
14:43:56,MYOR,RG,1805,11,D,CC,KZ,F
14:43:56,MYOR,RG,1805,5,D,CC,KZ,F
14:43:56,MYOR,RG,1805,2,D,CC,KZ,F
14:43:34,MYOR,RG,1800,34,F,YU,AK,D
14:43:34,MYOR,RG,1800,1,F,YU,AK,D
14:43:34,MYOR,RG,1800,447,F,YU,AK,D
14:43:33,MYOR,RG,1800,1,F,YU,AK,D
14:43:33,MYOR,RG,1800,447,F,YU,AK,D
14:43:33,MYOR,RG,1800,1,F,YU,AK,D
14:43:33,MYOR,RG,1800,403,F,YU,AK,D
14:43:33,MYOR,RG,1800,44,F,YU,AK,D
14:43:33,MYOR,RG,1800,1,F,YU,AK,D
14:43:33,MYOR,RG,1800,403,F,YU,AK,D
14:43:33,MYOR,RG,1800,44,F,YU,AK,D
14:43:33,MYOR,RG,1800,1,F,YU,AK,D
14:43:33,MYOR,RG,1800,44,F,YU,AK,D
14:43:33,MYOR,RG,1800,359,F,YU,AK,D
14:43:33,MYOR,RG,1800,44,F,AK,AK,D
14:43:33,MYOR,RG,1800,45,F,YU,AK,D
14:43:33,MYOR,RG,1800,403,F,YU,AK,D
14:43:33,MYOR,RG,1800,45,F,YU,AK,D
14:43:33,MYOR,RG,1800,403,F,YU,AK,D
14:43:33,MYOR,RG,1800,45,F,YU,AK,D
14:43:32,MYOR,RG,1800,7,F,YU,CS,F
14:43:32,MYOR,RG,1800,400,F,YU,AK,D
14:43:32,MYOR,RG,1800,1,F,YU,AK,D
14:43:32,MYOR,RG,1800,1,F,YU,AK,D
14:43:32,MYOR,RG,1800,1,F,YU,AK,D
14:43:32,MYOR,RG,1800,45,F,YU,AK,D
14:43:08,MYOR,RG,1800,400,F,YU,AK,D
14:42:50,MYOR,RG,1800,1,F,AK,AK,D
14:42:50,MYOR,RG,1800,1,F,AK,AK,D
14:42:50,MYOR,RG,1800,1,F,YU,AK,D
14:42:50,MYOR,RG,1800,2,F,YU,AK,D
14:42:50,MYOR,RG,1800,418,F,YU,AK,D
14:42:50,MYOR,RG,1800,26,F,YU,AK,D
14:42:50,MYOR,RG,1800,2,F,AK,AK,D
14:42:50,MYOR,RG,1800,2,F,YU,AK,D
14:42:50,MYOR,RG,1800,418,F,YU,AK,D
14:42:50,MYOR,RG,1800,28,F,YU,AK,D
14:42:50,MYOR,RG,1800,2,F,YU,AK,D
14:42:50,MYOR,RG,1800,418,F,YU,AK,D
14:42:50,MYOR,RG,1800,10,D,CC,AK,D
14:42:50,MYOR,RG,1800,18,D,CC,AK,D
14:42:50,MYOR,RG,1800,2,D,CC,AK,D
14:42:50,MYOR,RG,1800,41,F,YU,CS,F
14:42:50,MYOR,RG,1800,1,F,YU,AK,D
14:42:50,MYOR,RG,1800,1,F,YU,AK,D
14:42:50,MYOR,RG,1800,1,F,YU,AK,D
14:42:50,MYOR,RG,1800,1,F,YU,AK,D
14:42:50,MYOR,RG,1800,1,F,YU,AK,D
14:42:50,MYOR,RG,1800,1,F,YU,AK,D
14:42:50,MYOR,RG,1800,1,F,YU,AK,D
14:42:50,MYOR,RG,1800,2,F,YU,CS,F
14:42:50,MYOR,RG,1800,14,F,YU,CS,F
14:42:50,MYOR,RG,1800,21,F,YU,CS,F
14:42:50,MYOR,RG,1800,23,F,YU,CS,F
14:42:50,MYOR,RG,1800,384,F,YU,AK,D
14:42:50,MYOR,RG,1800,49,F,YU,AK,D
14:42:50,MYOR,RG,1800,136,F,YU,SQ,D
14:42:50,MYOR,RG,1800,6,F,YU,AK,D
14:42:50,MYOR,RG,1800,2,F,YU,AK,D
14:42:43,MYOR,RG,1800,1,D,NI,AK,D
14:42:41,MYOR,RG,1800,1,D,NI,AK,D
14:42:37,MYOR,RG,1800,1,D,NI,AK,D
14:42:35,MYOR,RG,1800,1,D,NI,AK,D
14:42:31,MYOR,RG,1800,1,D,NI,AK,D
14:42:29,MYOR,RG,1800,1,D,NI,AK,D
14:42:26,MYOR,RG,1800,1,D,NI,AK,D
14:42:23,MYOR,RG,1800,145,F,YU,AK,D
14:42:23,MYOR,RG,1800,1,F,YU,AK,D
14:42:23,MYOR,RG,1800,6,F,YU,AK,D
14:42:23,MYOR,RG,1800,5,F,YU,AK,D
14:42:23,MYOR,RG,1800,34,F,YU,AK,D
14:42:23,MYOR,RG,1800,16,F,YU,AK,D
14:42:23,MYOR,RG,1800,20,F,YU,AK,D
14:42:23,MYOR,RG,1800,5,F,YU,AK,D
14:42:23,MYOR,RG,1800,67,F,YU,CS,F
14:42:23,MYOR,RG,1800,152,F,YU,AK,D
14:42:23,MYOR,RG,1800,49,F,YU,AK,D
14:42:10,MYOR,RG,1800,4,D,NI,AK,D
14:42:10,MYOR,RG,1800,2,D,NI,AK,D
14:42:10,MYOR,RG,1800,93,D,NI,AK,D
14:42:10,MYOR,RG,1800,48,D,NI,AK,D
14:42:10,MYOR,RG,1800,13,D,NI,AK,D
14:42:10,MYOR,RG,1800,1,D,NI,AK,D
14:42:10,MYOR,RG,1800,6,D,NI,AK,D
14:42:10,MYOR,RG,1800,1,D,NI,AK,D
14:42:10,MYOR,RG,1800,3,D,NI,AK,D
14:42:10,MYOR,RG,1800,1,D,NI,AK,D
14:42:10,MYOR,RG,1800,13,D,NI,AK,D
14:42:10,MYOR,RG,1800,5,D,NI,AK,D
14:42:10,MYOR,RG,1800,16,D,NI,AK,D
14:42:10,MYOR,RG,1800,16,D,NI,AK,D
14:42:09,MYOR,RG,1800,20,D,NI,AK,D
14:41:57,MYOR,RG,1800,5,D,LS,AK,D
14:41:37,MYOR,RG,1800,152,F,YU,AK,D
14:41:37,MYOR,RG,1800,14,F,YU,AK,D
14:41:37,MYOR,RG,1800,17,F,YU,AK,D
14:41:37,MYOR,RG,1800,117,F,YU,AK,D
14:41:37,MYOR,RG,1800,300,F,YU,AK,D
14:41:36,MYOR,RG,1800,14,F,AK,AK,D
14:41:36,MYOR,RG,1800,17,D,CC,AK,D
14:41:36,MYOR,RG,1800,1,D,CC,AK,F
14:41:36,MYOR,RG,1800,6,D,NI,AK,F
14:41:36,MYOR,RG,1800,14,D,NI,AK,D
14:41:36,MYOR,RG,1800,12,D,NI,AK,D
14:41:36,MYOR,RG,1800,91,D,NI,AK,D
14:41:36,MYOR,RG,1800,165,D,NI,AK,D
14:41:36,MYOR,RG,1800,86,D,NI,AK,D
14:41:36,MYOR,RG,1800,70,D,NI,ZP,D
14:41:36,MYOR,RG,1800,72,D,NI,CS,F
14:41:36,MYOR,RG,1800,6,D,NI,AK,D
14:41:36,MYOR,RG,1800,54,D,NI,AK,F
14:41:36,MYOR,RG,1800,11,D,NI,AK,F
14:41:36,MYOR,RG,1800,16,D,NI,AK,F
14:41:36,MYOR,RG,1800,4,D,NI,AK,F
14:41:36,MYOR,RG,1800,9,D,NI,AK,D
14:41:36,MYOR,RG,1800,57,D,NI,AK,D
14:41:36,MYOR,RG,1800,8,D,NI,AK,D
14:41:36,MYOR,RG,1800,28,D,NI,AK,D
14:41:36,MYOR,RG,1800,8,D,NI,AK,D
14:41:36,MYOR,RG,1800,14,D,NI,AK,D
14:41:36,MYOR,RG,1800,7,D,NI,AK,D
14:41:36,MYOR,RG,1800,57,D,NI,AK,D
14:41:36,MYOR,RG,1800,3,D,NI,AK,D
14:41:36,MYOR,RG,1800,23,D,NI,AK,D
14:41:36,MYOR,RG,1800,71,D,NI,AK,D
14:41:36,MYOR,RG,1800,71,D,NI,AK,D
14:41:36,MYOR,RG,1800,86,D,NI,AK,D
14:41:27,MYOR,RG,1800,6,F,AK,AK,D
14:41:27,MYOR,RG,1800,9,F,AK,ZP,D
14:41:27,MYOR,RG,1800,66,F,AK,ZP,D
14:41:27,MYOR,RG,1800,12,F,AK,DX,F
14:41:27,MYOR,RG,1800,132,F,YU,DX,F
14:41:27,MYOR,RG,1800,19,F,YU,AK,F
14:41:27,MYOR,RG,1800,15,F,YU,AK,F
14:41:27,MYOR,RG,1800,4,F,YU,AK,F
14:41:27,MYOR,RG,1800,11,F,YU,AK,F
14:41:27,MYOR,RG,1800,500,F,YU,AK,D
14:41:27,MYOR,RG,1800,17,F,YU,CS,F
14:41:27,MYOR,RG,1800,26,F,YU,CS,F
14:41:27,MYOR,RG,1800,11,F,YU,CS,F
14:41:27,MYOR,RG,1800,45,F,YU,CS,F
14:41:27,MYOR,RG,1800,84,F,YU,CS,F
14:41:27,MYOR,RG,1800,38,F,YU,CS,F
14:41:27,MYOR,RG,1800,398,F,YU,CC,D
14:41:27,MYOR,RG,1800,400,F,YU,CC,D
14:41:15,MYOR,RG,1800,1,F,AK,CC,D
14:41:15,MYOR,RG,1795,12,F,YU,AK,F
14:41:05,MYOR,RG,1800,1,D,XC,CC,D
14:40:58,MYOR,RG,1800,3,D,BQ,CC,D
14:40:47,MYOR,RG,1800,4,D,DH,CS,F
14:40:38,MYOR,RG,1800,3,D,DH,CS,F
14:40:35,MYOR,RG,1800,3,D,DH,CS,F
14:40:35,MYOR,RG,1800,18,D,CC,CS,F
14:40:35,MYOR,RG,1800,15,D,XL,CS,F
14:40:35,MYOR,RG,1800,185,D,XL,ZP,D
14:40:35,MYOR,RG,1800,20,D,PD,ZP,D
14:40:35,MYOR,RG,1800,20,D,CC,ZP,D
14:40:35,MYOR,RG,1800,1,D,XC,ZP,D
14:40:35,MYOR,RG,1800,10,D,PD,ZP,D
14:40:35,MYOR,RG,1800,10,D,SQ,ZP,D
14:40:35,MYOR,RG,1800,25,D,YP,ZP,D
14:40:35,MYOR,RG,1800,1,D,YP,ZP,D
14:40:35,MYOR,RG,1800,22,D,OD,ZP,D
14:40:35,MYOR,RG,1800,2,D,PD,ZP,D
14:40:35,MYOR,RG,1800,20,D,YP,ZP,D
14:40:35,MYOR,RG,1800,28,D,CC,ZP,D
14:40:35,MYOR,RG,1800,50,F,AG,ZP,D
14:40:35,MYOR,RG,1800,3,D,CP,ZP,D
14:40:35,MYOR,RG,1800,1,D,KK,ZP,D
14:40:35,MYOR,RG,1800,25,D,CC,ZP,D
14:40:35,MYOR,RG,1800,6,D,CC,ZP,D
14:40:35,MYOR,RG,1800,5,D,XC,ZP,D
14:40:35,MYOR,RG,1800,1,D,CC,ZP,D
14:40:35,MYOR,RG,1800,10,D,SQ,ZP,D
14:40:35,MYOR,RG,1800,5,D,XC,ZP,D
14:40:35,MYOR,RG,1800,5,D,CC,ZP,D
14:40:35,MYOR,RG,1800,15,D,SQ,ZP,D
14:40:35,MYOR,RG,1800,1,D,NI,ZP,D
14:40:35,MYOR,RG,1800,1,D,XC,ZP,D
14:40:35,MYOR,RG,1800,5,D,XC,ZP,D
14:40:35,MYOR,RG,1800,10,D,YP,ZP,D
14:40:35,MYOR,RG,1800,2,D,KK,ZP,D
14:40:35,MYOR,RG,1800,10,D,TP,ZP,D
14:40:35,MYOR,RG,1800,281,D,NI,ZP,D
14:40:35,MYOR,RG,1800,5,D,NI,ZP,D
14:40:35,MYOR,RG,1800,9,D,NI,ZP,D
14:40:35,MYOR,RG,1800,3,D,NI,ZP,D
14:40:35,MYOR,RG,1800,13,D,NI,ZP,D
14:40:35,MYOR,RG,1800,26,D,NI,ZP,D
14:40:35,MYOR,RG,1800,3,D,NI,ZP,D
14:40:35,MYOR,RG,1800,6,D,NI,ZP,D
14:40:35,MYOR,RG,1800,3,D,NI,ZP,D
14:40:35,MYOR,RG,1800,26,D,NI,ZP,D
14:40:35,MYOR,RG,1800,10,D,NI,ZP,D
14:40:35,MYOR,RG,1800,33,D,NI,ZP,D
14:40:35,MYOR,RG,1800,33,D,NI,ZP,D
14:40:35,MYOR,RG,1800,41,D,NI,ZP,D
14:40:35,MYOR,RG,1800,1,D,NI,ZP,D
14:40:35,MYOR,RG,1800,2,D,PD,ZP,D
14:40:35,MYOR,RG,1800,1,D,PD,ZP,D
14:40:35,MYOR,RG,1800,5,D,XC,ZP,D
14:40:08,MYOR,RG,1805,2,D,NI,AK,D
14:40:08,MYOR,RG,1805,4,D,XC,AK,D
14:40:08,MYOR,RG,1805,23,D,CC,AK,D
14:40:08,MYOR,RG,1805,14,D,YU,AK,D
14:39:28,MYOR,RG,1805,4,D,YU,KZ,F
14:39:28,MYOR,RG,1805,26,D,YU,CC,F
14:39:28,MYOR,RG,1805,1,D,YU,KZ,F
14:39:26,MYOR,RG,1805,22,D,YU,KZ,F
14:39:26,MYOR,RG,1805,175,D,YU,KZ,F
14:39:26,MYOR,RG,1805,20,D,YU,KZ,F
14:39:26,MYOR,RG,1805,42,D,YU,CS,F
14:39:26,MYOR,RG,1805,96,D,YU,AK,D
14:39:19,MYOR,RG,1805,123,F,AK,AK,D
14:39:19,MYOR,RG,1805,1,D,XL,AK,D
14:39:19,MYOR,RG,1805,18,D,CC,AK,D
14:39:19,MYOR,RG,1805,1,F,AK,AK,D
14:39:19,MYOR,RG,1805,4,F,AK,AK,D
14:39:19,MYOR,RG,1805,23,D,CC,AK,D
14:39:19,MYOR,RG,1805,400,D,YU,AK,D
14:39:19,MYOR,RG,1805,561,D,CC,AK,D
14:39:19,MYOR,RG,1805,17,D,YP,AK,D
14:39:19,MYOR,RG,1805,3,D,KK,AK,D
14:39:19,MYOR,RG,1805,19,D,YP,AK,D
14:39:19,MYOR,RG,1805,2,D,XC,AK,D
14:39:19,MYOR,RG,1805,91,F,AK,AK,D
14:39:19,MYOR,RG,1805,2,D,XC,AK,D
14:39:19,MYOR,RG,1805,1,F,AK,AK,D
14:39:19,MYOR,RG,1805,6,D,NI,AK,D
14:39:19,MYOR,RG,1805,9,D,NI,AK,D
14:39:19,MYOR,RG,1805,123,D,NI,AK,D
14:39:09,MYOR,RG,1805,29,D,NI,KZ,F
14:39:07,MYOR,RG,1805,1,D,NI,KZ,F
14:39:07,MYOR,RG,1805,125,D,NI,CS,F
14:39:07,MYOR,RG,1805,27,D,NI,CS,F
14:39:07,MYOR,RG,1805,4,D,NI,CS,F
14:39:07,MYOR,RG,1805,13,D,NI,CS,F
14:39:07,MYOR,RG,1805,3,D,NI,CS,F
14:39:07,MYOR,RG,1805,3,D,NI,CS,F
14:39:07,MYOR,RG,1805,5,D,NI,CS,F
14:39:06,MYOR,RG,1810,1,D,CC,CC,D
14:39:02,MYOR,RG,1805,2,D,NI,KZ,F
14:39:02,MYOR,RG,1805,27,D,NI,KZ,F
14:39:02,MYOR,RG,1805,10,D,NI,KZ,F
14:39:02,MYOR,RG,1805,33,D,NI,KZ,F
14:39:02,MYOR,RG,1805,33,D,NI,KZ,F
14:39:02,MYOR,RG,1805,24,D,NI,KZ,F
14:39:00,MYOR,RG,1805,17,D,NI,KZ,F
14:39:00,MYOR,RG,1805,4,D,AI,KZ,F
14:39:00,MYOR,RG,1805,1,F,AK,CC,D
14:39:00,MYOR,RG,1805,150,D,YU,CC,D
14:39:00,MYOR,RG,1805,57,D,YU,CC,D
14:39:00,MYOR,RG,1805,43,D,YU,CC,D
14:39:00,MYOR,RG,1805,25,D,PD,CC,D
14:39:00,MYOR,RG,1805,1,D,YU,CC,D
14:39:00,MYOR,RG,1805,10,D,YP,CC,D
14:39:00,MYOR,RG,1805,2,D,XC,CC,D
14:39:00,MYOR,RG,1805,1,D,XC,CC,D
14:39:00,MYOR,RG,1805,9,D,NI,CC,D
14:39:00,MYOR,RG,1805,5,D,NI,CC,D
14:39:00,MYOR,RG,1805,26,D,NI,CC,D
14:39:00,MYOR,RG,1805,208,D,NI,CC,D
14:39:00,MYOR,RG,1805,71,D,NI,CC,D
14:39:00,MYOR,RG,1805,4,D,NI,CC,D
14:39:00,MYOR,RG,1805,12,D,NI,CC,D
14:39:00,MYOR,RG,1805,3,D,NI,CC,D
14:39:00,MYOR,RG,1805,26,D,NI,CC,D
14:39:00,MYOR,RG,1805,3,D,NI,CC,D
14:39:00,MYOR,RG,1805,7,D,NI,CC,D
14:39:00,MYOR,RG,1805,10,D,NI,CC,D
14:39:00,MYOR,RG,1805,34,D,NI,CC,D
14:39:00,MYOR,RG,1805,34,D,NI,CC,D
14:39:00,MYOR,RG,1805,41,D,NI,CC,D
14:39:00,MYOR,RG,1805,1,F,AK,CC,D
14:39:00,MYOR,RG,1805,107,D,SQ,CC,D
14:38:55,MYOR,RG,1810,20,D,CC,CC,D
14:38:30,MYOR,RG,1805,3,D,SQ,KZ,F
14:38:30,MYOR,RG,1805,17,D,SQ,AK,F
14:38:28,MYOR,RG,1805,15,D,SQ,KZ,F
14:38:26,MYOR,RG,1805,1,D,SQ,YP,D
14:38:25,MYOR,RG,1810,22,D,CC,CC,D
14:37:35,MYOR,RG,1810,20,D,CC,CC,D
14:37:07,MYOR,RG,1810,1,D,CC,CC,D
14:37:07,MYOR,RG,1810,12,D,CC,AK,F
14:37:07,MYOR,RG,1810,10,D,CC,CS,F
14:36:15,MYOR,RG,1810,21,D,CC,CS,F
14:36:03,MYOR,RG,1805,48,D,SQ,KZ,F
14:36:03,MYOR,RG,1805,250,D,SQ,ZP,D
14:35:47,MYOR,RG,1810,21,D,CC,CS,F
14:34:55,MYOR,RG,1810,17,D,CC,CS,F
14:34:52,MYOR,RG,1805,4,D,SQ,KZ,F
14:34:52,MYOR,RG,1805,2,D,SQ,OD,D
14:34:43,MYOR,RG,1810,1,D,NI,CS,F
14:34:31,MYOR,RG,1810,20,D,CC,CS,F
14:34:10,MYOR,RG,1805,1,D,SQ,KZ,F
14:34:10,MYOR,RG,1805,2,D,SQ,OD,D
14:34:07,MYOR,RG,1805,32,D,SQ,KZ,F
14:34:07,MYOR,RG,1805,250,D,SQ,ZP,D
14:34:00,MYOR,RG,1805,6,D,SQ,AK,F
14:33:39,MYOR,RG,1810,20,D,CC,CS,F
14:33:13,MYOR,RG,1810,8,D,CC,CS,F
14:33:13,MYOR,RG,1810,5,D,CC,AT,D
14:33:13,MYOR,RG,1810,10,D,CC,DX,F
14:33:08,MYOR,RG,1805,3,D,SQ,OD,D
14:32:47,MYOR,RG,1805,221,D,SQ,CS,F
14:32:17,MYOR,RG,1810,19,D,CC,DX,F
14:32:10,MYOR,RG,1805,2,D,SQ,OD,D
14:31:53,MYOR,RG,1810,1,D,CC,DX,F
14:31:53,MYOR,RG,1810,18,D,CC,KZ,F
14:31:52,MYOR,RG,1805,3,D,SQ,GR,D
14:31:30,MYOR,RG,1805,6,D,SQ,AK,F
14:31:22,MYOR,RG,1810,3,D,XA,CS,F
14:31:06,MYOR,RG,1805,1,D,SQ,XL,D
14:31:06,MYOR,RG,1805,3,D,SQ,OD,D
14:30:55,MYOR,RG,1810,20,D,CC,CS,F
14:30:37,MYOR,RG,1810,11,D,CC,CS,F
14:30:37,MYOR,RG,1810,13,D,CC,KZ,F
14:30:30,MYOR,RG,1805,23,D,SQ,AK,F
14:30:30,MYOR,RG,1805,29,D,YU,AK,F
14:30:06,MYOR,RG,1805,2,D,YU,OD,D
14:29:49,MYOR,RG,1805,1,D,YU,PD,D
14:29:35,MYOR,RG,1810,15,D,CC,KZ,F
14:29:17,MYOR,RG,1810,21,D,CC,KZ,F
14:29:09,MYOR,RG,1805,50,D,YU,SQ,D
14:29:08,MYOR,RG,1805,2,D,YU,OD,D
14:29:02,MYOR,RG,1805,16,D,YU,SQ,D
14:29:02,MYOR,RG,1805,1,D,XC,SQ,D
14:29:02,MYOR,RG,1805,1,D,XC,SQ,D
14:29:02,MYOR,RG,1805,32,D,CC,SQ,D
14:28:53,MYOR,RG,1805,18,D,CC,SQ,D
14:28:53,MYOR,RG,1805,1,F,AK,SQ,D
14:28:53,MYOR,RG,1805,1,D,CC,SQ,D
14:28:53,MYOR,RG,1805,5,D,LS,SQ,D
14:28:53,MYOR,RG,1805,3,D,PD,SQ,D
14:28:53,MYOR,RG,1805,1,F,AK,SQ,D
14:28:53,MYOR,RG,1805,9,D,NI,SQ,D
14:28:53,MYOR,RG,1805,5,D,NI,SQ,D
14:28:53,MYOR,RG,1805,27,D,NI,SQ,D
14:28:38,MYOR,RG,1805,15,D,NI,BS,D
14:28:19,MYOR,RG,1810,19,D,CC,KZ,F
14:28:05,MYOR,RG,1805,2,D,NI,OD,D
14:27:57,MYOR,RG,1810,21,D,CC,KZ,F
14:27:50,MYOR,RG,1810,1,D,XL,KZ,F
14:27:34,MYOR,RG,1810,5,F,AK,AK,F
14:27:06,MYOR,RG,1805,1,D,NI,KZ,F
14:27:05,MYOR,RG,1805,3,D,NI,OD,D
14:27:04,MYOR,RG,1805,3,D,NI,KZ,F
14:27:04,MYOR,RG,1805,1,D,NI,XC,D
14:26:59,MYOR,RG,1810,1,D,CC,YP,D
14:26:59,MYOR,RG,1810,12,D,CC,AK,F
14:26:59,MYOR,RG,1810,4,D,CC,AK,F
14:26:59,MYOR,RG,1810,2,D,CC,CC,D
14:26:37,MYOR,RG,1810,21,D,CC,CC,D
14:26:24,MYOR,RG,1805,36,D,NI,KZ,F
14:26:22,MYOR,RG,1805,1,D,NI,KZ,F
14:26:22,MYOR,RG,1805,191,D,NI,CS,F
14:26:22,MYOR,RG,1805,27,D,NI,CS,F
14:26:22,MYOR,RG,1805,4,D,NI,CS,F
14:26:22,MYOR,RG,1805,6,D,NI,CS,F
14:26:06,MYOR,RG,1805,7,D,NI,KZ,F
14:26:05,MYOR,RG,1805,2,D,NI,OD,D
14:26:02,MYOR,RG,1810,25,D,PD,CC,D
14:25:48,MYOR,RG,1810,14,D,NI,CC,D
14:25:35,MYOR,RG,1810,20,D,CC,CC,D
14:25:15,MYOR,RG,1810,22,D,CC,CC,D
14:25:03,MYOR,RG,1805,1,D,NI,KZ,F
14:25:03,MYOR,RG,1805,2,D,NI,OD,D
14:25:00,MYOR,RG,1810,1,F,AK,CC,D
14:24:13,MYOR,RG,1810,17,D,CC,CC,D
14:24:13,MYOR,RG,1810,1,D,XC,CC,D
14:24:03,MYOR,RG,1805,2,D,NI,OD,D
14:24:03,MYOR,RG,1805,1,D,NI,OD,D
14:23:57,MYOR,RG,1810,20,D,CC,CC,D
14:23:03,MYOR,RG,1805,1,D,NI,KZ,F
14:23:03,MYOR,RG,1805,1,D,NI,OD,D
14:23:03,MYOR,RG,1805,1,D,NI,OD,D
14:22:55,MYOR,RG,1810,17,D,CC,CC,D
14:22:37,MYOR,RG,1810,21,D,CC,CC,D
14:22:14,MYOR,RG,1805,1,D,NI,KZ,F
14:22:14,MYOR,RG,1805,1,D,NI,XC,D
14:22:11,MYOR,RG,1810,5,D,XC,CC,D
14:22:03,MYOR,RG,1805,3,D,NI,OD,D
14:21:35,MYOR,RG,1810,20,D,CC,CC,D
14:21:19,MYOR,RG,1810,22,D,CC,CC,D
14:21:01,MYOR,RG,1805,1,D,NI,KZ,F
14:21:01,MYOR,RG,1805,2,D,NI,OD,D
14:20:19,MYOR,RG,1810,17,D,CC,CC,D
14:20:18,MYOR,RG,1805,4,D,NI,GR,D
14:19:59,MYOR,RG,1805,1,D,NI,KZ,F
14:19:59,MYOR,RG,1805,3,D,NI,OD,D
14:19:57,MYOR,RG,1810,19,D,CC,CC,D
14:19:25,MYOR,RG,1810,1,D,OD,CC,D
14:19:19,MYOR,RG,1810,1,D,XC,CC,D
14:19:01,MYOR,RG,1810,17,D,CC,CC,D
14:19:01,MYOR,RG,1805,1,D,NI,GR,D
14:18:57,MYOR,RG,1805,1,D,NI,KZ,F
14:18:57,MYOR,RG,1805,2,D,NI,OD,D
14:18:37,MYOR,RG,1810,21,D,CC,CC,D
14:17:57,MYOR,RG,1805,2,D,NI,OD,D
14:17:45,MYOR,RG,1810,18,D,CC,CC,D
14:17:19,MYOR,RG,1810,20,D,CC,CC,D
14:16:55,MYOR,RG,1805,1,D,NI,KZ,F
14:16:55,MYOR,RG,1805,3,D,NI,OD,D
14:16:25,MYOR,RG,1810,20,D,CC,CC,D
14:16:23,MYOR,RG,1810,1,D,PD,CC,D
14:16:01,MYOR,RG,1810,24,D,CC,CC,D
14:15:53,MYOR,RG,1805,2,D,NI,KZ,F
14:15:53,MYOR,RG,1805,4,D,NI,KZ,F
14:15:53,MYOR,RG,1805,2,D,NI,OD,D
14:15:37,MYOR,RG,1810,1,D,SQ,CC,D
14:15:28,MYOR,RG,1810,20,D,CC,CC,D
14:15:03,MYOR,RG,1810,7,D,CC,CC,D
14:15:03,MYOR,RG,1810,13,D,CC,CS,F
14:14:55,MYOR,RG,1805,1,D,NI,OD,D
14:14:45,MYOR,RG,1805,3,D,NI,KZ,F
14:14:45,MYOR,RG,1805,6,D,NI,KZ,F
14:14:42,MYOR,RG,1805,7,D,NI,KZ,F
14:14:42,MYOR,RG,1805,20,D,NI,YP,D
14:14:42,MYOR,RG,1805,33,D,NI,YP,D
14:14:42,MYOR,RG,1805,25,D,NI,YP,D
14:14:39,MYOR,RG,1810,20,D,CC,CS,F
14:14:20,MYOR,RG,1805,1,D,NI,KZ,F
14:14:20,MYOR,RG,1805,2,D,NI,YP,D
14:14:18,MYOR,RG,1805,3,D,NI,EP,D
14:14:08,MYOR,RG,1805,1,D,NI,PD,D
14:13:59,MYOR,RG,1805,8,D,NI,KZ,F
14:13:59,MYOR,RG,1805,1,D,NI,OD,D
14:13:59,MYOR,RG,1805,1,F,AK,OD,D
14:13:43,MYOR,RG,1810,21,D,CC,CS,F
14:13:21,MYOR,RG,1810,20,D,CC,CS,F
14:12:59,MYOR,RG,1805,1,F,AK,KZ,F
14:12:59,MYOR,RG,1805,2,F,AK,OD,D
14:12:51,MYOR,RG,1810,2,D,CC,CS,F
14:12:21,MYOR,RG,1810,17,D,CC,CS,F
14:12:01,MYOR,RG,1810,7,D,CC,CS,F
14:12:01,MYOR,RG,1810,5,D,CC,BS,D
14:12:01,MYOR,RG,1810,8,D,CC,DX,F
14:11:57,MYOR,RG,1805,1,F,AK,OD,D
14:11:14,MYOR,RG,1810,10,D,XC,DX,F
14:11:05,MYOR,RG,1810,19,D,CC,DX,F
14:11:01,MYOR,RG,1805,2,F,AK,OD,D
14:10:41,MYOR,RG,1810,13,D,CC,KZ,F
14:10:41,MYOR,RG,1810,6,D,CC,ZP,D
14:10:03,MYOR,RG,1805,4,F,AK,KZ,F
14:10:03,MYOR,RG,1805,1,F,AK,OD,D
14:09:45,MYOR,RG,1810,16,D,CC,ZP,D
14:09:25,MYOR,RG,1810,21,D,CC,ZP,D
14:09:01,MYOR,RG,1805,2,F,AK,OD,D
14:08:25,MYOR,RG,1810,1,D,CC,ZP,D
14:08:15,MYOR,RG,1810,28,D,XL,ZP,D
14:07:59,MYOR,RG,1805,2,F,AK,OD,D
14:07:54,MYOR,RG,1810,32,F,AK,ZP,D
14:07:54,MYOR,RG,1810,21,F,BK,ZP,D
14:07:54,MYOR,RG,1810,18,D,CC,ZP,D
14:07:54,MYOR,RG,1810,23,D,CC,ZP,D
14:07:54,MYOR,RG,1810,1,D,XC,ZP,D
14:07:54,MYOR,RG,1810,1,F,AK,ZP,D
14:07:54,MYOR,RG,1810,28,D,XC,ZP,D
14:07:54,MYOR,RG,1810,54,F,BK,ZP,D
14:07:07,MYOR,RG,1815,20,D,CC,ZP,D
14:06:57,MYOR,RG,1810,1,D,CC,OD,D
14:06:45,MYOR,RG,1815,5,D,CC,ZP,D
14:06:45,MYOR,RG,1815,17,D,CC,YB,D
14:06:21,MYOR,RG,1815,3,D,YP,YB,D
14:05:49,MYOR,RG,1815,17,D,CC,YB,D
14:05:32,MYOR,RG,1815,22,F,BK,YB,D
14:05:26,MYOR,RG,1815,46,F,BK,YB,D
14:05:24,MYOR,RG,1810,27,F,AK,CS,F
14:05:24,MYOR,RG,1810,2,F,AK,OD,D
14:05:24,MYOR,RG,1810,25,F,AK,AK,F
14:05:24,MYOR,RG,1810,18,F,AK,SQ,D
14:05:24,MYOR,RG,1810,196,F,AK,KZ,F
14:05:24,MYOR,RG,1810,104,F,AK,KZ,F
14:05:24,MYOR,RG,1810,1,F,AK,CC,D
14:05:24,MYOR,RG,1810,100,F,AK,ZP,D
14:05:24,MYOR,RG,1810,2,F,AK,KZ,F
14:05:24,MYOR,RG,1810,10,F,AK,YP,D
14:05:24,MYOR,RG,1810,6,F,AK,KZ,F
14:05:24,MYOR,RG,1810,1,F,AK,KK,D
14:05:24,MYOR,RG,1810,118,F,AK,KZ,F
14:05:24,MYOR,RG,1810,15,F,AK,XA,D
14:05:24,MYOR,RG,1810,100,F,AK,CC,D
14:05:24,MYOR,RG,1810,43,F,AK,CC,D
14:05:23,MYOR,RG,1810,20,D,CC,CC,D
14:05:01,MYOR,RG,1810,20,F,BK,CC,D
14:04:57,MYOR,RG,1805,7,F,AK,AK,F
14:04:57,MYOR,RG,1805,7,F,AK,AK,F
14:04:57,MYOR,RG,1805,5,F,AK,AK,F
14:04:57,MYOR,RG,1805,130,F,AK,CS,F
14:04:57,MYOR,RG,1805,11,F,AK,KZ,F
14:04:57,MYOR,RG,1805,10,F,AK,XA,D
14:04:57,MYOR,RG,1805,3,F,AK,AK,F
14:04:57,MYOR,RG,1805,34,F,AK,DX,F
14:04:57,MYOR,RG,1805,49,F,AK,CS,F
14:04:57,MYOR,RG,1805,102,F,AK,KZ,F
14:04:57,MYOR,RG,1805,3,F,AK,AK,F
14:04:57,MYOR,RG,1805,6,F,AK,KZ,F
14:04:57,MYOR,RG,1805,28,F,AK,DX,F
14:04:57,MYOR,RG,1805,18,F,AK,SQ,D
14:04:57,MYOR,RG,1805,206,F,AK,BK,F
14:04:57,MYOR,RG,1805,19,F,AK,LG,D
14:04:56,MYOR,RG,1805,23,F,AK,LG,D
14:04:56,MYOR,RG,1805,250,F,AK,ZP,D
14:04:56,MYOR,RG,1805,2,F,AK,KZ,F
14:04:56,MYOR,RG,1805,9,F,AK,AK,F
14:04:56,MYOR,RG,1805,8,F,AK,AK,F
14:04:56,MYOR,RG,1805,112,F,AK,CS,F
14:04:56,MYOR,RG,1805,29,F,AK,DX,F
14:04:56,MYOR,RG,1805,67,F,AK,KZ,F
14:04:56,MYOR,RG,1805,1,F,AK,KZ,F
14:04:56,MYOR,RG,1805,40,F,AK,KZ,F
14:04:56,MYOR,RG,1805,446,F,AK,CC,D
14:04:56,MYOR,RG,1805,14,F,AK,CS,F
14:04:56,MYOR,RG,1805,7,F,AK,CS,F
14:04:56,MYOR,RG,1805,19,F,AK,CS,F
14:04:56,MYOR,RG,1805,6,F,AK,CS,F
14:04:56,MYOR,RG,1805,19,F,AK,CS,F
14:04:56,MYOR,RG,1805,9,D,NI,CS,F
14:04:56,MYOR,RG,1805,5,D,NI,CS,F
14:04:56,MYOR,RG,1805,30,D,NI,DX,F
14:04:56,MYOR,RG,1805,30,D,NI,CC,D
14:04:56,MYOR,RG,1805,34,D,NI,KZ,F
14:04:56,MYOR,RG,1805,10,D,NI,AK,F
14:04:56,MYOR,RG,1805,53,D,NI,CS,F
14:04:56,MYOR,RG,1805,52,D,NI,CS,F
14:04:56,MYOR,RG,1805,71,D,NI,KZ,F
14:04:56,MYOR,RG,1805,26,D,NI,KZ,F
14:04:56,MYOR,RG,1805,4,D,NI,KZ,F
14:04:56,MYOR,RG,1805,13,D,NI,KZ,F
14:04:56,MYOR,RG,1805,3,D,NI,KZ,F
14:04:56,MYOR,RG,1805,6,D,NI,KZ,F
14:04:56,MYOR,RG,1805,3,D,NI,KZ,F
14:04:56,MYOR,RG,1805,10,D,NI,KZ,F
14:04:56,MYOR,RG,1805,26,D,NI,KZ,F
14:04:56,MYOR,RG,1805,33,D,NI,KZ,F
14:04:56,MYOR,RG,1805,33,D,NI,KZ,F
14:04:56,MYOR,RG,1805,22,D,NI,KZ,F
14:04:56,MYOR,RG,1805,19,D,NI,CC,D
14:04:55,MYOR,RG,1800,1,F,YU,OD,D
14:04:29,MYOR,RG,1805,17,D,CC,CC,D
14:04:05,MYOR,RG,1805,19,D,CC,CC,D
14:03:55,MYOR,RG,1800,2,F,YU,OD,D
14:03:09,MYOR,RG,1805,16,D,CC,CC,D
14:02:55,MYOR,RG,1800,2,F,YU,OD,D
14:02:49,MYOR,RG,1805,20,D,CC,CC,D
14:01:53,MYOR,RG,1800,1,F,YU,OD,D
14:01:51,MYOR,RG,1805,9,D,CC,CC,D
14:01:51,MYOR,RG,1805,8,D,CC,KZ,F
14:01:29,MYOR,RG,1805,19,D,CC,KZ,F
14:01:23,MYOR,RG,1800,1,F,YU,XC,D
14:00:55,MYOR,RG,1800,2,F,YU,OD,D
14:00:29,MYOR,RG,1805,5,D,CC,KZ,F
14:00:29,MYOR,RG,1805,14,D,CC,CS,F
14:00:11,MYOR,RG,1805,24,D,CC,CS,F
13:59:52,MYOR,RG,1800,1,F,YU,OD,D
13:59:48,MYOR,RG,1805,20,D,NI,CS,F
13:59:14,MYOR,RG,1805,1,D,XL,CS,F
13:59:13,MYOR,RG,1805,13,D,CC,CS,F
13:59:13,MYOR,RG,1805,8,D,CC,CS,F
13:59:06,MYOR,RG,1800,5,F,YU,SQ,D
13:59:04,MYOR,RG,1800,10,F,YU,SQ,D
13:59:03,MYOR,RG,1805,4,F,AK,CS,F
13:59:03,MYOR,RG,1800,276,F,YU,CC,D
13:59:02,MYOR,RG,1800,15,F,YU,SQ,D
13:58:52,MYOR,RG,1800,2,F,YU,OD,D
13:58:49,MYOR,RG,1800,200,F,YU,CC,D
13:58:46,MYOR,RG,1800,28,F,YU,SQ,D
13:58:37,MYOR,RG,1800,200,F,YU,CC,D
13:57:51,MYOR,RG,1800,4,F,YU,AK,F
13:57:51,MYOR,RG,1800,3,F,YU,AK,F
13:57:51,MYOR,RG,1800,3,F,YU,AK,F
13:57:51,MYOR,RG,1800,3,F,YU,AK,F
13:57:51,MYOR,RG,1800,2,F,YU,CS,F
13:57:51,MYOR,RG,1800,423,F,YU,CC,D
13:57:50,MYOR,RG,1795,2,F,YU,OD,D
13:57:46,MYOR,RG,1795,11,F,YU,CS,F
13:57:46,MYOR,RG,1800,20,D,CC,CS,F
13:57:46,MYOR,RG,1800,18,D,CC,CS,F
13:57:46,MYOR,RG,1800,50,D,YP,CS,F
13:57:46,MYOR,RG,1800,10,F,AK,CS,F
13:56:50,MYOR,RG,1800,1,F,AK,OD,D
13:56:29,MYOR,RG,1800,29,F,AK,CS,F
13:56:29,MYOR,RG,1800,22,D,CC,CS,F
13:56:29,MYOR,RG,1805,12,F,AK,CS,F
13:56:29,MYOR,RG,1805,9,F,AK,AK,F
13:56:29,MYOR,RG,1805,10,F,AK,AK,F
13:56:29,MYOR,RG,1805,4,F,AK,AK,F
13:56:29,MYOR,RG,1805,4,F,AK,AK,F
13:56:29,MYOR,RG,1805,23,F,AK,DX,F
13:56:29,MYOR,RG,1800,3,D,YP,KZ,F
13:56:29,MYOR,RG,1800,19,D,CC,KZ,F
13:56:29,MYOR,RG,1800,2,D,YP,KZ,F
13:56:29,MYOR,RG,1800,5,D,YP,KZ,F
13:56:29,MYOR,RG,1800,381,F,ZP,KZ,F
13:56:29,MYOR,RG,1800,1000,F,YU,KZ,F
13:56:29,MYOR,RG,1800,1,D,XL,KZ,F
13:56:29,MYOR,RG,1800,1,F,AK,KZ,F
13:56:29,MYOR,RG,1800,20,D,DR,KZ,F
13:56:29,MYOR,RG,1800,137,F,AK,KZ,F
13:56:29,MYOR,RG,1800,21,F,AK,KZ,F
13:56:29,MYOR,RG,1800,1,D,XC,KZ,F
13:56:29,MYOR,RG,1800,17,D,XC,KZ,F
13:56:29,MYOR,RG,1800,2,D,EP,KZ,F
13:56:29,MYOR,RG,1800,357,F,AK,KZ,F
13:56:29,MYOR,RG,1800,100,D,YU,KZ,F
13:56:29,MYOR,RG,1800,50,D,YU,KZ,F
13:56:29,MYOR,RG,1800,335,D,PD,KZ,F
13:56:29,MYOR,RG,1800,3,D,YP,KZ,F
13:56:29,MYOR,RG,1800,149,F,ZP,KZ,F
13:56:29,MYOR,RG,1800,1,F,AK,KZ,F
13:56:29,MYOR,RG,1800,500,D,MK,KZ,F
13:56:29,MYOR,RG,1800,1,D,XC,KZ,F
13:56:29,MYOR,RG,1800,1,D,YP,KZ,F
13:56:29,MYOR,RG,1800,2,D,PD,KZ,F
13:56:29,MYOR,RG,1800,4,D,NI,KZ,F
13:56:29,MYOR,RG,1800,2,D,NI,KZ,F
13:56:29,MYOR,RG,1800,141,D,NI,KZ,F
13:56:29,MYOR,RG,1800,13,D,NI,KZ,F
13:56:29,MYOR,RG,1800,1,D,NI,KZ,F
13:56:29,MYOR,RG,1800,6,D,NI,KZ,F
13:56:29,MYOR,RG,1800,1,D,NI,KZ,F
13:56:29,MYOR,RG,1800,3,D,NI,KZ,F
13:56:29,MYOR,RG,1800,1,D,NI,KZ,F
13:56:29,MYOR,RG,1800,13,D,NI,KZ,F
13:56:29,MYOR,RG,1800,5,D,NI,KZ,F
13:56:29,MYOR,RG,1800,16,D,NI,KZ,F
13:56:29,MYOR,RG,1800,16,D,NI,KZ,F
13:56:29,MYOR,RG,1800,20,D,NI,KZ,F
13:56:29,MYOR,RG,1800,1,D,PC,KZ,F
13:56:29,MYOR,RG,1800,410,F,AK,KZ,F
13:56:29,MYOR,RG,1800,19,D,KK,KZ,F
13:56:29,MYOR,RG,1800,5,D,DR,KZ,F
13:56:29,MYOR,RG,1800,30,D,CC,KZ,F
13:56:29,MYOR,RG,1800,1,D,YP,KZ,F
13:56:29,MYOR,RG,1800,1,D,NI,KZ,F
13:56:29,MYOR,RG,1800,100,D,NI,KZ,F
13:56:29,MYOR,RG,1800,2,D,YP,KZ,F
13:56:29,MYOR,RG,1800,42,F,ZP,KZ,F
13:56:29,MYOR,RG,1800,143,F,YU,KZ,F
13:56:17,MYOR,RG,1805,18,D,CC,DX,F
13:55:52,MYOR,RG,1800,2,F,YU,OD,D
13:55:51,MYOR,RG,1805,8,D,XC,DX,F
13:55:11,MYOR,RG,1805,19,D,CC,DX,F
13:54:57,MYOR,RG,1805,2,D,CC,DX,F
13:54:57,MYOR,RG,1805,19,D,CC,KZ,F
13:54:50,MYOR,RG,1800,1,F,YU,OD,D
13:53:58,MYOR,RG,1805,14,F,AK,KZ,F
13:53:58,MYOR,RG,1805,6,F,AK,KZ,F
13:53:57,MYOR,RG,1805,9,F,AK,KZ,F
13:53:57,MYOR,RG,1805,104,F,AK,CS,F
13:53:57,MYOR,RG,1805,26,F,AK,ZP,D
13:53:57,MYOR,RG,1805,21,F,ZP,ZP,D
13:53:53,MYOR,RG,1805,19,D,CC,ZP,D
13:53:51,MYOR,RG,1805,1,F,AK,ZP,D
13:53:51,MYOR,RG,1800,4,F,YU,KZ,F
13:53:50,MYOR,RG,1800,2,F,YU,OD,D
13:53:37,MYOR,RG,1805,20,D,CC,ZP,D
13:52:56,MYOR,RG,1805,1,D,EP,ZP,D
13:52:50,MYOR,RG,1800,7,F,YU,KZ,F
13:52:50,MYOR,RG,1805,5,F,AK,ZP,D
13:52:50,MYOR,RG,1800,2,F,YU,OD,D
13:52:31,MYOR,RG,1805,19,D,CC,ZP,D
13:52:19,MYOR,RG,1805,20,D,CC,ZP,D
13:52:07,MYOR,RG,1800,1,F,YU,KZ,F
13:52:05,MYOR,RG,1800,1,F,YU,KZ,F
13:52:05,MYOR,RG,1805,7,F,AK,ZP,D
13:52:05,MYOR,RG,1800,3,F,YU,XC,D
13:51:50,MYOR,RG,1800,6,F,YU,KZ,F
13:51:50,MYOR,RG,1800,1,F,YU,OD,D
13:51:09,MYOR,RG,1805,20,D,CC,ZP,D
13:50:59,MYOR,RG,1805,18,D,CC,ZP,D
13:50:48,MYOR,RG,1800,3,F,YU,KZ,F
13:50:48,MYOR,RG,1800,2,F,YU,OD,D
13:50:42,MYOR,RG,1805,1,F,AK,ZP,D
13:50:41,MYOR,RG,1805,10,F,AK,ZP,D
13:50:02,MYOR,RG,1805,2,D,PD,ZP,D
13:49:52,MYOR,RG,1800,1,F,YU,OD,D
13:49:05,MYOR,RG,1800,6,F,YU,KZ,F
13:49:03,MYOR,RG,1800,1,F,YU,KZ,F
13:49:03,MYOR,RG,1805,19,D,CC,ZP,D
13:49:03,MYOR,RG,1805,20,D,CC,ZP,D
13:49:03,MYOR,RG,1805,2,D,CC,ZP,D
13:49:03,MYOR,RG,1805,1,D,CC,ZP,D
13:48:55,MYOR,RG,1805,15,D,CC,KZ,F
13:48:54,MYOR,RG,1805,2,D,CC,OD,D
13:48:53,MYOR,RG,1805,12,D,CC,KZ,F
13:48:53,MYOR,RG,1805,10,D,XC,KZ,F
13:48:53,MYOR,RG,1805,4,D,XC,KZ,F
13:48:53,MYOR,RG,1805,1,F,AK,KZ,F
13:48:53,MYOR,RG,1805,1,D,PD,KZ,F
13:48:53,MYOR,RG,1805,1,D,XC,KZ,F
13:48:53,MYOR,RG,1805,1,D,XL,KZ,F
13:48:53,MYOR,RG,1805,20,F,ZP,KZ,F
13:48:53,MYOR,RG,1805,80,F,ZP,CS,F
13:48:52,MYOR,RG,1805,7,F,ZP,ZP,D
13:48:52,MYOR,RG,1805,9,D,NI,ZP,D
13:48:52,MYOR,RG,1805,5,D,NI,ZP,D
13:48:52,MYOR,RG,1805,229,D,NI,ZP,D
13:48:40,MYOR,RG,1810,1,D,PD,CC,D
13:48:31,MYOR,RG,1810,16,D,DH,CC,D
13:48:31,MYOR,RG,1810,2,D,DH,YP,D
13:48:31,MYOR,RG,1810,5,D,DH,CC,D
13:48:25,MYOR,RG,1810,21,D,CC,CC,D
13:48:25,MYOR,RG,1810,24,D,CC,CC,D
13:48:23,MYOR,RG,1805,1,D,NI,KZ,F
13:48:23,MYOR,RG,1805,5,D,NI,PD,D
13:48:10,MYOR,RG,1810,1,D,XC,CC,D
13:48:00,MYOR,RG,1805,26,D,NI,KZ,F
13:47:57,MYOR,RG,1805,1,D,NI,KZ,F
13:47:57,MYOR,RG,1810,6,F,AK,CC,D
13:47:57,MYOR,RG,1810,31,F,AK,CC,D
13:47:57,MYOR,RG,1805,26,D,NI,XC,D
13:47:57,MYOR,RG,1805,27,D,NI,XC,D
13:47:57,MYOR,RG,1805,3,D,NI,XC,D
13:47:57,MYOR,RG,1805,13,D,NI,XC,D
13:47:57,MYOR,RG,1805,3,D,NI,XC,D
13:47:57,MYOR,RG,1805,6,D,NI,XC,D
13:47:57,MYOR,RG,1805,3,D,NI,XC,D
13:47:57,MYOR,RG,1805,27,D,NI,XC,D
13:47:57,MYOR,RG,1805,10,D,NI,XC,D
13:47:57,MYOR,RG,1805,7,D,NI,XC,D
13:47:54,MYOR,RG,1805,1,D,NI,OD,D
13:47:54,MYOR,RG,1805,9,D,NI,KZ,F
13:47:54,MYOR,RG,1805,1,D,NI,AZ,D
13:47:37,MYOR,RG,1810,10,D,GR,CC,D
13:47:03,MYOR,RG,1810,17,D,CC,CC,D
13:47:03,MYOR,RG,1810,22,D,CC,CC,D
13:46:54,MYOR,RG,1805,1,D,NI,KZ,F
13:46:54,MYOR,RG,1805,2,D,NI,OD,D
13:46:37,MYOR,RG,1805,1,D,NI,KZ,F
13:46:37,MYOR,RG,1805,5,D,NI,DR,D
13:46:21,MYOR,RG,1810,5,D,XC,CC,D
13:45:58,MYOR,RG,1805,1,D,NI,KZ,F
13:45:56,MYOR,RG,1805,3,D,NI,KZ,F
13:45:56,MYOR,RG,1805,3,D,NI,BS,D
13:45:56,MYOR,RG,1805,17,D,NI,BS,D
13:45:52,MYOR,RG,1805,12,D,NI,KZ,F
13:45:52,MYOR,RG,1805,2,D,NI,OD,D
13:45:47,MYOR,RG,1810,17,D,CC,CC,D
13:45:43,MYOR,RG,1810,20,D,CC,CC,D
13:45:36,MYOR,RG,1810,1,D,XC,CC,D
13:45:36,MYOR,RG,1810,1,D,XC,DR,D
13:45:36,MYOR,RG,1810,1,D,XC,KK,D
13:45:36,MYOR,RG,1810,1,D,XC,YP,D
13:45:36,MYOR,RG,1810,1,D,XC,CC,D
13:45:36,MYOR,RG,1810,20,D,XC,ZP,D
13:44:51,MYOR,RG,1810,9,F,AK,ZP,D
13:44:50,MYOR,RG,1805,3,D,NI,KZ,F
13:44:50,MYOR,RG,1805,1,D,NI,KZ,F
13:44:50,MYOR,RG,1805,20,D,NI,BS,D
13:44:50,MYOR,RG,1805,1,D,NI,OD,D
13:44:34,MYOR,RG,1805,8,D,NI,KZ,F
13:44:33,MYOR,RG,1805,10,D,NI,XC,D
13:44:27,MYOR,RG,1810,16,D,CC,ZP,D
13:44:23,MYOR,RG,1810,20,D,CC,ZP,D
13:43:35,MYOR,RG,1805,1,D,NI,CS,F
13:43:35,MYOR,RG,1805,1,D,NI,OD,D
13:43:10,MYOR,RG,1800,32,F,YU,KZ,F
13:43:08,MYOR,RG,1805,50,F,AK,KZ,F
13:43:08,MYOR,RG,1810,35,F,ZP,ZP,D
13:43:08,MYOR,RG,1810,17,F,ZP,ZP,D
13:43:08,MYOR,RG,1805,194,F,AK,CC,D
13:43:08,MYOR,RG,1805,1,F,AK,CC,D
13:43:08,MYOR,RG,1805,305,F,ZP,CC,D
13:43:06,MYOR,RG,1805,11,F,ZP,KZ,F
13:43:06,MYOR,RG,1805,10,D,XL,KZ,F
13:43:06,MYOR,RG,1805,1,F,AK,KZ,F
13:43:06,MYOR,RG,1805,1,F,AK,KZ,F
13:43:04,MYOR,RG,1805,4,F,AK,KZ,F
13:43:04,MYOR,RG,1805,137,F,AK,CC,D
13:43:04,MYOR,RG,1805,18,D,CC,CC,D
13:43:04,MYOR,RG,1805,22,D,CC,CC,D
13:43:04,MYOR,RG,1805,23,F,ZP,CC,D
13:42:52,MYOR,RG,1805,1,F,ZP,KZ,F
13:42:52,MYOR,RG,1805,2,F,ZP,OD,D
13:42:29,MYOR,RG,1810,2,D,OD,ZP,D
13:41:52,MYOR,RG,1810,17,D,CC,ZP,D
13:41:49,MYOR,RG,1810,32,F,ZP,ZP,D
13:41:49,MYOR,RG,1805,31,F,ZP,DX,F
13:41:49,MYOR,RG,1805,6,F,AK,DX,F
13:41:49,MYOR,RG,1805,20,F,AK,PD,D
13:41:49,MYOR,RG,1805,1,F,AK,OD,D
13:41:49,MYOR,RG,1805,4,F,AK,AK,F
13:41:49,MYOR,RG,1805,10,F,AK,AK,F
13:41:49,MYOR,RG,1805,15,F,AK,XA,D
13:41:49,MYOR,RG,1805,36,F,AK,DX,F
13:41:49,MYOR,RG,1805,14,F,AK,KZ,F
13:41:49,MYOR,RG,1805,143,F,AK,CS,F
13:41:49,MYOR,RG,1805,3,F,AK,AK,F
13:41:49,MYOR,RG,1805,9,F,AK,AK,F
13:41:49,MYOR,RG,1805,122,F,AK,CS,F
13:41:49,MYOR,RG,1805,8,F,AK,EP,D
13:41:49,MYOR,RG,1805,3,F,AK,AK,F
13:41:49,MYOR,RG,1805,100,F,AK,ZP,D
13:41:49,MYOR,RG,1805,6,F,AK,AK,F
13:41:49,MYOR,RG,1805,3,D,CC,AK,F
13:41:49,MYOR,RG,1805,20,D,CC,DX,F
13:41:49,MYOR,RG,1805,8,D,NI,DX,F
13:41:49,MYOR,RG,1805,2,D,NI,DX,F
13:41:49,MYOR,RG,1805,3,D,NI,XC,D
13:41:49,MYOR,RG,1805,43,D,NI,XC,D
13:41:49,MYOR,RG,1805,25,D,NI,KZ,F
13:41:49,MYOR,RG,1805,10,D,NI,YP,D
13:41:49,MYOR,RG,1805,116,D,NI,KZ,F
13:41:49,MYOR,RG,1805,89,D,NI,CC,D
13:41:49,MYOR,RG,1805,6,D,NI,CC,D
13:41:49,MYOR,RG,1805,10,D,NI,YP,D
13:41:49,MYOR,RG,1805,1,D,NI,YP,D
13:41:49,MYOR,RG,1805,9,D,NI,ZP,D
13:41:49,MYOR,RG,1805,3,D,NI,ZP,D
13:41:49,MYOR,RG,1805,12,D,NI,ZP,D
13:41:49,MYOR,RG,1805,3,D,NI,ZP,D
13:41:49,MYOR,RG,1805,6,D,NI,ZP,D
13:41:49,MYOR,RG,1805,2,D,NI,ZP,D
13:41:49,MYOR,RG,1805,26,D,NI,ZP,D
13:41:49,MYOR,RG,1805,10,D,NI,ZP,D
13:41:49,MYOR,RG,1805,29,D,NI,ZP,D
13:41:49,MYOR,RG,1805,4,D,NI,YP,D
13:41:48,MYOR,RG,1805,33,D,NI,YP,D
13:41:48,MYOR,RG,1805,41,D,NI,YP,D
13:41:27,MYOR,RG,1805,60,D,XA,YP,D
13:41:01,MYOR,RG,1805,1,D,XC,YP,D
13:40:52,MYOR,RG,1800,6,F,YU,KZ,F
13:40:52,MYOR,RG,1800,2,F,YU,OD,D
13:40:29,MYOR,RG,1805,17,D,CC,YP,D
13:40:29,MYOR,RG,1805,21,D,CC,YP,D
13:39:55,MYOR,RG,1800,6,F,YU,KZ,F
13:39:55,MYOR,RG,1800,1,F,YU,OD,D
13:39:13,MYOR,RG,1805,17,D,CC,YP,D
13:39:13,MYOR,RG,1805,20,D,CC,YP,D
13:38:53,MYOR,RG,1800,1,F,YU,KZ,F
13:38:53,MYOR,RG,1800,2,F,YU,OD,D
13:38:45,MYOR,RG,1800,1,F,YU,KZ,F
13:38:45,MYOR,RG,1800,9,F,YU,XL,D
13:38:40,MYOR,RG,1800,1,F,YU,CC,D
13:37:55,MYOR,RG,1800,7,F,YU,KZ,F
13:37:55,MYOR,RG,1800,1,F,YU,OD,D
13:37:53,MYOR,RG,1805,19,D,CC,YP,D
13:37:51,MYOR,RG,1805,19,D,CC,YP,D
13:37:27,MYOR,RG,1800,38,F,YU,KZ,F
13:37:26,MYOR,RG,1800,250,F,YU,ZP,D
13:37:21,MYOR,RG,1800,15,F,YU,KZ,F
13:37:21,MYOR,RG,1800,100,F,YU,HP,D
13:36:57,MYOR,RG,1800,7,F,YU,KZ,F
13:36:57,MYOR,RG,1800,2,F,YU,OD,D
13:36:35,MYOR,RG,1805,24,D,CC,YP,D
13:36:29,MYOR,RG,1805,17,D,CC,YP,D
13:35:59,MYOR,RG,1800,2,F,YU,KZ,F
13:35:59,MYOR,RG,1800,9,F,YU,NI,D
13:35:55,MYOR,RG,1800,1,F,YU,OD,D
13:35:17,MYOR,RG,1800,7,F,YU,KZ,F
13:35:16,MYOR,RG,1800,1,F,YU,XL,D
13:35:15,MYOR,RG,1805,23,D,CC,YP,D
13:35:14,MYOR,RG,1805,1,D,XL,YP,D
13:35:11,MYOR,RG,1805,18,D,CC,YP,D
13:35:08,MYOR,RG,1800,1,F,YU,KZ,F
13:35:08,MYOR,RG,1800,4,F,YU,YP,D
13:34:55,MYOR,RG,1800,6,F,YU,KZ,F
13:34:55,MYOR,RG,1800,2,F,YU,OD,D
13:33:53,MYOR,RG,1805,19,D,CC,YP,D
13:33:49,MYOR,RG,1805,19,D,CC,YP,D
13:33:37,MYOR,RG,1800,1,F,YU,KZ,F
13:33:35,MYOR,RG,1800,3,F,YU,AK,F
13:33:35,MYOR,RG,1800,1,F,YU,KZ,F
13:33:35,MYOR,RG,1800,1,F,YU,OD,D
13:33:35,MYOR,RG,1800,2,F,YU,KZ,F
13:33:35,MYOR,RG,1800,9,F,YU,AK,F
13:33:35,MYOR,RG,1800,35,F,YU,KZ,F
13:33:35,MYOR,RG,1800,3,F,YU,AK,F
13:33:35,MYOR,RG,1800,18,F,YU,KZ,F
13:33:35,MYOR,RG,1800,5,F,YU,CS,F
13:33:35,MYOR,RG,1800,29,F,YU,CS,F
13:33:35,MYOR,RG,1800,68,F,YU,CS,F
13:33:35,MYOR,RG,1800,125,F,YU,ZP,D
13:32:53,MYOR,RG,1795,1,F,YU,OD,D
13:32:15,MYOR,RG,1800,10,D,YU,ZP,D
13:32:14,MYOR,RG,1800,10,D,YU,ZP,D
13:32:14,MYOR,RG,1800,80,D,YU,ZP,D
13:32:14,MYOR,RG,1800,1,F,AK,ZP,D
13:32:14,MYOR,RG,1800,15,D,CC,ZP,D
13:32:14,MYOR,RG,1800,9,D,CC,ZP,D
13:32:13,MYOR,RG,1800,9,D,CC,KZ,F
13:32:13,MYOR,RG,1800,1,F,AK,KZ,F
13:32:10,MYOR,RG,1800,56,F,ZP,KZ,F
13:32:10,MYOR,RG,1805,64,F,ZP,YP,D
13:32:10,MYOR,RG,1800,139,F,ZP,ZP,D
13:32:10,MYOR,RG,1800,361,F,YU,ZP,D
13:32:07,MYOR,RG,1800,6,F,YU,KZ,F
13:32:05,MYOR,RG,1800,38,F,YU,KZ,F
13:32:05,MYOR,RG,1805,34,F,ZP,YP,D
13:32:05,MYOR,RG,1800,250,F,YU,ZP,D
13:31:54,MYOR,RG,1800,2,F,YU,OD,D
13:30:31,MYOR,RG,1805,29,F,ZP,YP,D
13:30:31,MYOR,RG,1800,96,F,YU,CS,F
13:30:31,MYOR,RG,1800,42,F,YU,KZ,F
13:30:31,MYOR,RG,1800,8,F,YU,PD,D
13:30:31,MYOR,RG,1800,9,F,YU,SQ,D
13:30:31,MYOR,RG,1800,2,F,YU,XC,D
13:30:31,MYOR,RG,1800,5,F,YU,SQ,D
13:30:31,MYOR,RG,1800,175,F,YU,YP,D
13:30:31,MYOR,RG,1800,6,F,YU,YP,D
13:30:28,MYOR,RG,1800,19,D,YU,YP,D
13:30:28,MYOR,RG,1800,20,D,YU,CC,D
13:30:28,MYOR,RG,1800,10,D,YU,ZP,D
13:30:28,MYOR,RG,1795,45,D,YU,KZ,F
13:30:28,MYOR,RG,1795,1,D,YU,CC,D
13:30:28,MYOR,RG,1795,5,D,YU,AK,F
13:30:20,MYOR,RG,1795,20,D,YU,AK,F
13:30:20,MYOR,RG,1795,10,D,YU,AK,F
13:30:20,MYOR,RG,1795,20,D,YU,BK,F
13:30:15,MYOR,RG,1795,141,D,YU,BK,F
13:30:10,MYOR,RG,1790,2,F,ZP,KZ,F
13:30:08,MYOR,RG,1795,9,D,YU,BK,F
13:30:08,MYOR,RG,1790,40,F,ZP,KZ,F
13:30:07,MYOR,RG,1790,10,F,ZP,AK,F
13:30:07,MYOR,RG,1790,4,F,ZP,AK,F
13:30:06,MYOR,RG,1795,6,D,CC,BK,F
13:30:06,MYOR,RG,1790,2,F,ZP,XL,D
13:30:06,MYOR,RG,1785,16,D,EP,CC,D
13:30:06,MYOR,RG,1790,2,D,XL,CC,D
13:30:06,MYOR,RG,1785,3,D,EP,CC,D
13:30:06,MYOR,RG,1785,26,D,EP,NI,D
13:30:06,MYOR,RG,1785,15,D,GR,NI,D
13:30:06,MYOR,RG,1795,14,F,ZP,BK,F
13:30:05,MYOR,RG,1795,16,F,ZP,BK,F
13:30:05,MYOR,RG,1795,2,F,ZP,BK,F
13:30:05,MYOR,RG,1795,20,F,ZP,KZ,F
13:30:04,MYOR,RG,1795,2,F,AK,KZ,F
13:30:04,MYOR,RG,1800,25,F,ZP,ZP,D
13:30:03,MYOR,RG,1785,127,F,YU,DX,F
13:30:03,MYOR,RG,1790,37,F,ZP,DX,F
13:30:03,MYOR,RG,1795,14,F,ZP,DX,F
13:30:03,MYOR,RG,1795,16,F,ZP,XC,D
13:30:03,MYOR,RG,1795,2,F,ZP,XC,D
13:30:03,MYOR,RG,1795,1,F,ZP,XC,D
13:30:03,MYOR,RG,1795,1,F,ZP,XC,D
13:30:03,MYOR,RG,1795,1,F,ZP,XC,D
13:30:03,MYOR,RG,1785,353,F,YU,CC,D
13:30:03,MYOR,RG,1790,70,F,YU,CC,D
13:30:03,MYOR,RG,1790,1,F,YU,CC,D
13:30:02,MYOR,RG,1800,4,D,YU,ZP,D
13:30:02,MYOR,RG,1790,2,F,YU,XC,D
13:30:01,MYOR,RG,1790,1,F,YU,PD,D
13:30:01,MYOR,RG,1790,1,F,YU,PD,D
13:30:01,MYOR,RG,1790,3,F,YU,EP,D
13:30:01,MYOR,RG,1800,4,D,YU,ZP,D
13:30:01,MYOR,RG,1800,6,D,YU,ZP,D
13:30:01,MYOR,RG,1800,35,D,YU,ZP,D
13:30:01,MYOR,RG,1800,56,D,YU,ZP,D
13:30:01,MYOR,RG,1800,10,D,YU,ZP,D
13:30:01,MYOR,RG,1800,3,D,YU,PD,D
13:30:01,MYOR,RG,1800,1,D,YU,KZ,F
13:30:01,MYOR,RG,1800,30,D,YU,KZ,F
13:30:01,MYOR,RG,1800,21,D,YU,KZ,F
13:30:01,MYOR,RG,1800,6,D,YU,KZ,F
13:30:01,MYOR,RG,1800,1,D,YU,JB,D
13:30:01,MYOR,RG,1800,1,D,YU,JB,D
13:30:01,MYOR,RG,1800,2,D,YU,CC,D
13:30:01,MYOR,RG,1800,8,D,YU,PD,D
13:30:01,MYOR,RG,1800,1,D,YU,YP,D
13:30:01,MYOR,RG,1800,3,D,YU,ZP,D
13:30:01,MYOR,RG,1795,8,D,YU,SQ,D
13:30:01,MYOR,RG,1795,1,D,YU,SQ,D
13:30:01,MYOR,RG,1795,13,D,YU,CC,D
13:30:01,MYOR,RG,1795,5,D,YU,CC,D
13:30:01,MYOR,RG,1795,8,D,YU,KZ,F
13:30:01,MYOR,RG,1795,14,D,YU,KZ,F
13:30:01,MYOR,RG,1795,1,D,YU,KZ,F
13:30:01,MYOR,RG,1795,1,D,YU,KZ,F
13:30:01,MYOR,RG,1790,29,F,YU,DX,F
13:30:01,MYOR,RG,1790,9,F,YU,SQ,D
13:30:01,MYOR,RG,1790,203,F,YU,CC,D
13:30:01,MYOR,RG,1790,84,F,YU,CS,F
13:30:01,MYOR,RG,1790,5,F,YU,KZ,F
13:30:01,MYOR,RG,1790,7,F,YU,KZ,F
13:30:01,MYOR,RG,1790,35,F,YU,CS,F
13:30:01,MYOR,RG,1790,16,F,YU,KZ,F
13:30:01,MYOR,RG,1790,34,F,YU,CS,F
13:30:01,MYOR,RG,1785,4,F,YU,KZ,F
13:30:01,MYOR,RG,1785,4,F,YU,KZ,F
13:30:01,MYOR,RG,1785,12,F,YU,KZ,F
13:30:01,MYOR,RG,1785,7,D,GR,KZ,F
13:30:01,MYOR,RG,1785,1,D,GR,KZ,F
13:30:01,MYOR,RG,1785,1,D,GR,KZ,F
13:30:01,MYOR,RG,1785,1,D,GR,CS,F
11:29:57,MYOR,RG,1780,1,D,LS,OD,D
11:29:30,MYOR,RG,1780,1,D,LS,AK,F
11:29:24,MYOR,RG,1790,1,D,YP,CS,F
11:29:23,MYOR,RG,1785,10,D,CC,CS,F
11:29:22,MYOR,RG,1785,1,D,CC,KZ,F
11:29:22,MYOR,RG,1785,1,F,ZP,KZ,F
11:29:22,MYOR,RG,1785,16,D,CC,CS,F
11:29:15,MYOR,RG,1780,1,D,LS,AK,F
11:28:38,MYOR,RG,1780,65,D,LS,BK,F
11:28:38,MYOR,RG,1780,3,D,YP,BK,F
11:28:38,MYOR,RG,1780,2,D,DH,BK,F
11:28:38,MYOR,RG,1780,10,D,KK,BK,F
11:28:38,MYOR,RG,1780,2,D,YP,BK,F
11:28:38,MYOR,RG,1780,5,D,PD,BK,F
11:28:38,MYOR,RG,1780,4,D,XC,BK,F
11:28:38,MYOR,RG,1780,2,D,CC,BK,F
11:28:38,MYOR,RG,1780,10,D,CC,BK,F
11:28:38,MYOR,RG,1780,5,D,BS,BK,F
11:28:38,MYOR,RG,1780,2,D,NI,BK,F
11:28:38,MYOR,RG,1780,1,D,DR,BK,F
11:28:38,MYOR,RG,1780,3,D,CC,BK,F
11:28:38,MYOR,RG,1780,5,D,SQ,BK,F
11:28:38,MYOR,RG,1780,5,D,NI,BK,F
11:28:38,MYOR,RG,1780,10,D,CC,BK,F
11:28:38,MYOR,RG,1780,20,D,YP,BK,F
11:28:38,MYOR,RG,1780,20,D,PD,BK,F
11:28:38,MYOR,RG,1780,1,D,PD,BK,F
11:28:38,MYOR,RG,1780,1,D,NI,BK,F
11:28:38,MYOR,RG,1780,30,D,XA,BK,F
11:28:38,MYOR,RG,1780,1,D,PD,BK,F
11:28:38,MYOR,RG,1780,1,D,XC,BK,F
11:28:37,MYOR,RG,1785,1,F,ZP,CS,F
11:28:36,MYOR,RG,1785,18,D,CC,CS,F
11:28:36,MYOR,RG,1785,9,D,CC,CS,F
11:28:36,MYOR,RG,1785,1,D,CC,AK,F
11:28:36,MYOR,RG,1785,1,D,CC,AK,F
11:28:36,MYOR,RG,1785,3,D,CC,KZ,F
11:28:36,MYOR,RG,1785,1,D,CC,KZ,F
11:28:21,MYOR,RG,1780,3,D,XC,KZ,F
11:28:15,MYOR,RG,1780,1,D,XC,OD,D
11:27:53,MYOR,RG,1785,1,D,EP,KZ,F
11:27:50,MYOR,RG,1785,14,D,CC,KZ,F
11:27:50,MYOR,RG,1785,3,D,CC,KZ,F
11:27:50,MYOR,RG,1785,1,D,CC,KZ,F
11:27:50,MYOR,RG,1785,2,D,CC,KZ,F
11:27:47,MYOR,RG,1785,1,D,YU,KZ,F
11:27:47,MYOR,RG,1785,1,D,YU,NI,D
11:27:33,MYOR,RG,1785,1,D,YU,NI,D
11:27:33,MYOR,RG,1785,1,D,YU,KZ,F
11:27:20,MYOR,RG,1785,8,D,CC,CS,F
11:27:20,MYOR,RG,1785,1,D,CC,AK,F
11:27:20,MYOR,RG,1785,1,D,CC,AK,F
11:27:20,MYOR,RG,1785,9,D,CC,SQ,D
11:27:20,MYOR,RG,1785,1,D,CC,AK,F
11:27:17,MYOR,RG,1780,1,D,PD,OD,D
11:27:16,MYOR,RG,1785,1,D,YP,AK,F
11:27:01,MYOR,RG,1780,7,D,PD,KZ,F
11:26:56,MYOR,RG,1785,1,D,SQ,AK,F
11:26:56,MYOR,RG,1785,9,D,SQ,BK,F
11:26:28,MYOR,RG,1785,19,D,CC,BK,F
11:26:17,MYOR,RG,1780,1,D,PD,OD,D
11:26:16,MYOR,RG,1780,6,D,PD,KZ,F
11:26:15,MYOR,RG,1780,2,D,PD,AK,F
11:26:00,MYOR,RG,1785,14,D,CC,BK,F
11:25:30,MYOR,RG,1780,10,D,PD,AK,F
11:25:30,MYOR,RG,1780,1,D,PD,AK,F
11:25:18,MYOR,RG,1785,10,D,CC,BK,F
11:25:10,MYOR,RG,1785,21,D,CC,BK,F
11:25:00,MYOR,RG,1780,2,D,PD,AK,F
11:24:55,MYOR,RG,1785,28,D,YP,BK,F
11:24:53,MYOR,RG,1785,20,D,NI,BK,F
11:24:51,MYOR,RG,1780,2,D,PD,PD,D
11:24:40,MYOR,RG,1785,13,D,CC,BK,F
11:24:40,MYOR,RG,1785,4,D,CC,KZ,F
11:24:37,MYOR,RG,1785,9,D,XC,KZ,F
11:24:37,MYOR,RG,1785,4,D,XC,CS,F
11:24:31,MYOR,RG,1780,122,D,PD,YU,D
11:24:17,MYOR,RG,1780,1,D,PD,OD,D
11:24:15,MYOR,RG,1780,1,D,PD,AK,F
11:24:00,MYOR,RG,1780,32,D,PD,YU,D
11:23:57,MYOR,RG,1785,1,D,SQ,YU,D
11:23:48,MYOR,RG,1785,20,D,CC,YU,D
11:23:45,MYOR,RG,1780,5,D,PD,AK,F
11:23:19,MYOR,RG,1780,1,D,PD,OD,D
11:23:18,MYOR,RG,1785,12,D,CC,YU,D
11:23:18,MYOR,RG,1785,4,D,CC,KZ,F
11:22:05,MYOR,RG,1785,5,D,XC,KZ,F
11:22:05,MYOR,RG,1785,2,D,XL,KZ,F
11:22:05,MYOR,RG,1785,17,D,CC,KZ,F
11:22:05,MYOR,RG,1785,4,D,CC,KZ,F
11:22:03,MYOR,RG,1790,9,D,CC,CS,F
11:22:01,MYOR,RG,1785,6,D,CC,KZ,F
11:22:01,MYOR,RG,1785,1,D,XC,KZ,F
11:22:01,MYOR,RG,1785,1,D,XC,KZ,F
11:22:01,MYOR,RG,1785,2,D,XC,KZ,F
11:22:01,MYOR,RG,1785,1,D,YU,KZ,F
11:22:01,MYOR,RG,1785,1,D,KK,KZ,F
11:22:01,MYOR,RG,1785,1,D,CC,KZ,F
11:22:01,MYOR,RG,1785,1,D,CC,KZ,F
11:22:01,MYOR,RG,1785,2,D,NI,KZ,F
11:22:01,MYOR,RG,1785,1,D,HD,KZ,F
11:22:00,MYOR,RG,1785,49,D,HD,AK,F
11:22:00,MYOR,RG,1785,2,D,XC,AK,F
11:22:00,MYOR,RG,1785,9,D,YU,AK,F
11:22:00,MYOR,RG,1785,10,D,PD,AK,F
11:22:00,MYOR,RG,1785,20,D,YP,AK,F
11:22:00,MYOR,RG,1785,1,D,PD,AK,F
11:22:00,MYOR,RG,1785,1,D,XC,AK,F
11:22:00,MYOR,RG,1785,35,F,ZP,AK,F
11:22:00,MYOR,RG,1785,1,F,AK,AK,F
11:22:00,MYOR,RG,1785,10,D,CP,AK,F
11:22:00,MYOR,RG,1785,2,D,CC,AK,F
11:22:00,MYOR,RG,1785,1,D,XL,AK,F
11:22:00,MYOR,RG,1785,10,D,XL,AK,F
11:22:00,MYOR,RG,1785,4,D,XC,AK,F
11:22:00,MYOR,RG,1785,27,D,NI,AK,F
11:22:00,MYOR,RG,1785,73,D,NI,CS,F
11:22:00,MYOR,RG,1785,3,D,YP,CS,F
11:22:00,MYOR,RG,1785,32,D,CC,CS,F
11:21:15,MYOR,RG,1785,1,D,CC,OD,D
11:21:03,MYOR,RG,1790,22,D,CC,CS,F
11:20:43,MYOR,RG,1790,7,D,CC,CS,F
11:20:43,MYOR,RG,1790,10,D,CC,YU,D
11:20:13,MYOR,RG,1785,1,D,CC,OD,D
11:19:50,MYOR,RG,1790,1,D,XC,YU,D
11:19:50,MYOR,RG,1785,20,D,CC,HP,D
11:19:43,MYOR,RG,1790,19,D,CC,YU,D
11:19:21,MYOR,RG,1790,17,D,CC,YU,D
11:19:14,MYOR,RG,1785,1,D,CC,OD,D
11:19:00,MYOR,RG,1785,45,D,CC,YU,D
11:19:00,MYOR,RG,1785,5,D,PD,YU,D
11:19:00,MYOR,RG,1785,5,D,PD,YU,D
11:19:00,MYOR,RG,1785,14,D,YU,YU,D
11:19:00,MYOR,RG,1785,1,D,XC,YU,D
11:19:00,MYOR,RG,1785,2,D,PD,YU,D
11:19:00,MYOR,RG,1785,1,D,YP,YU,D
11:19:00,MYOR,RG,1785,2,D,KK,YU,D
11:19:00,MYOR,RG,1785,3,D,XC,YU,D
11:19:00,MYOR,RG,1785,1,D,NI,YU,D
11:19:00,MYOR,RG,1785,1,D,YP,YU,D
11:19:00,MYOR,RG,1785,2,D,YU,YU,D
11:19:00,MYOR,RG,1785,5,D,XC,YU,D
11:19:00,MYOR,RG,1785,1,D,YP,YU,D
11:19:00,MYOR,RG,1785,1,D,XL,YU,D
11:19:00,MYOR,RG,1785,10,D,PD,YU,D
11:18:35,MYOR,RG,1790,2,D,NI,YU,D
11:18:25,MYOR,RG,1790,7,D,CC,YU,D
11:18:25,MYOR,RG,1790,10,D,CC,CS,F
11:18:01,MYOR,RG,1790,11,D,CC,CS,F
11:18:01,MYOR,RG,1790,1,D,CC,KZ,F
11:18:01,MYOR,RG,1790,3,D,CC,SQ,D
11:18:01,MYOR,RG,1785,2,D,PD,KZ,F
11:17:31,MYOR,RG,1785,3,D,PD,KZ,F
11:17:31,MYOR,RG,1785,13,D,PD,KZ,F
11:17:21,MYOR,RG,1785,9,D,PD,KZ,F
11:17:18,MYOR,RG,1785,1,D,PD,OD,D
11:17:05,MYOR,RG,1790,17,D,CC,SQ,D
11:17:05,MYOR,RG,1790,3,D,CC,NI,D
11:17:05,MYOR,RG,1790,2,D,CC,AK,F
11:17:05,MYOR,RG,1790,1,D,CC,AK,F
11:16:48,MYOR,RG,1790,1,D,XC,AK,F
11:16:45,MYOR,RG,1790,2,D,CC,AK,F
11:16:45,MYOR,RG,1790,7,D,CC,XC,D
11:16:45,MYOR,RG,1790,2,D,CC,KZ,F
11:16:45,MYOR,RG,1790,5,D,CC,AK,F
11:16:21,MYOR,RG,1785,6,D,PD,KZ,F
11:16:18,MYOR,RG,1785,1,D,PD,OD,D
11:15:45,MYOR,RG,1790,1,D,CC,AK,F
11:15:45,MYOR,RG,1790,3,D,CC,AK,F
11:15:45,MYOR,RG,1790,2,D,CC,AK,F
11:15:45,MYOR,RG,1790,4,D,CC,AK,F
11:15:45,MYOR,RG,1790,12,D,CC,KZ,F
11:15:25,MYOR,RG,1790,15,D,CC,CS,F
11:15:25,MYOR,RG,1785,5,D,PD,AK,F
11:15:25,MYOR,RG,1785,6,D,XC,AK,F
11:15:25,MYOR,RG,1785,3,D,YU,AK,F
11:15:25,MYOR,RG,1785,15,D,DR,AK,F
11:15:25,MYOR,RG,1785,49,D,XL,AK,F
11:15:25,MYOR,RG,1785,1,D,XL,AZ,D
11:15:06,MYOR,RG,1785,2,D,XL,KZ,F
11:15:01,MYOR,RG,1785,37,D,XL,KZ,F
11:15:01,MYOR,RG,1785,1,D,YP,KZ,F
11:15:01,MYOR,RG,1785,8,D,XC,KZ,F
11:15:01,MYOR,RG,1785,1,F,AK,KZ,F
11:15:01,MYOR,RG,1785,20,D,XL,KZ,F
11:15:01,MYOR,RG,1785,12,D,YU,KZ,F
11:15:01,MYOR,RG,1785,7,D,YU,KZ,F
11:14:56,MYOR,RG,1785,5,D,YU,CS,F
11:14:56,MYOR,RG,1785,200,D,DH,CS,F
11:14:56,MYOR,RG,1785,2,D,PD,CS,F
11:14:56,MYOR,RG,1785,2,D,YP,CS,F
11:14:56,MYOR,RG,1785,67,F,ZP,CS,F
11:14:56,MYOR,RG,1785,17,F,ZP,AK,F
11:14:56,MYOR,RG,1785,1,D,PD,AK,F
11:14:56,MYOR,RG,1785,2,D,CC,AK,F
11:14:56,MYOR,RG,1785,6,D,YU,AK,F
11:14:56,MYOR,RG,1785,6,D,YU,AK,F
11:14:56,MYOR,RG,1785,5,D,XC,AK,F
11:14:56,MYOR,RG,1785,6,D,XC,AK,F
11:14:56,MYOR,RG,1785,10,D,CC,AK,F
11:14:56,MYOR,RG,1785,6,D,DH,AK,F
11:14:56,MYOR,RG,1785,1,D,NI,AK,F
11:14:56,MYOR,RG,1785,1,D,YP,AK,F
11:14:56,MYOR,RG,1785,1,D,PD,AK,F
11:14:56,MYOR,RG,1785,10,D,DR,AK,F
11:14:56,MYOR,RG,1785,100,D,PD,AK,F
11:14:56,MYOR,RG,1785,60,D,DR,AK,F
11:14:56,MYOR,RG,1785,54,D,DR,KZ,F
11:14:56,MYOR,RG,1785,9,D,DR,KZ,F
11:14:38,MYOR,RG,1785,200,D,DR,CC,D
11:14:28,MYOR,RG,1785,77,D,DR,CC,D
11:14:28,MYOR,RG,1785,1,D,CC,CC,D
11:14:28,MYOR,RG,1785,422,D,DR,CC,D
11:14:23,MYOR,RG,1790,12,D,CC,CS,F
11:14:23,MYOR,RG,1790,9,D,CC,DX,F
11:14:17,MYOR,RG,1785,1,D,DR,OD,D
11:14:15,MYOR,RG,1790,1,F,AK,DX,F
11:14:07,MYOR,RG,1790,16,D,CC,DX,F
11:14:06,MYOR,RG,1785,6,D,DR,KZ,F
11:13:19,MYOR,RG,1785,1,D,DR,OD,D
11:13:17,MYOR,RG,1790,2,D,XL,DX,F
11:13:01,MYOR,RG,1790,8,D,CC,DX,F
11:13:01,MYOR,RG,1790,11,D,CC,YU,D
11:12:45,MYOR,RG,1790,19,D,CC,YU,D
11:12:44,MYOR,RG,1790,4,D,PD,YU,D
11:12:00,MYOR,RG,1785,70,D,DR,YU,D
11:12:00,MYOR,RG,1785,46,D,CC,YU,D
11:11:52,MYOR,RG,1790,15,D,XC,YU,D
11:11:39,MYOR,RG,1790,11,D,CC,YU,D
11:11:39,MYOR,RG,1790,9,D,CC,XL,D
11:11:23,MYOR,RG,1790,1,D,CC,XL,D
11:11:23,MYOR,RG,1790,19,D,CC,CS,F
11:11:17,MYOR,RG,1785,1,D,CC,OD,D
11:10:31,MYOR,RG,1785,1,D,CC,PD,D
11:10:21,MYOR,RG,1790,23,D,CC,CS,F
11:10:19,MYOR,RG,1785,1,D,CC,OD,D
11:10:03,MYOR,RG,1790,18,D,CC,CS,F
11:09:00,MYOR,RG,1785,51,D,CC,YU,D
11:09:00,MYOR,RG,1785,31,F,ZP,YU,D
11:08:59,MYOR,RG,1790,21,D,CC,CS,F
11:08:53,MYOR,RG,1790,1,D,AI,CS,F
11:08:53,MYOR,RG,1790,4,D,AI,KZ,F
11:08:45,MYOR,RG,1790,4,D,CC,KZ,F
11:08:45,MYOR,RG,1790,15,D,CC,CC,D
11:08:19,MYOR,RG,1785,1,F,ZP,OD,D
11:07:49,MYOR,RG,1790,1,D,IF,CC,D
11:07:39,MYOR,RG,1790,17,D,CC,CC,D
11:07:27,MYOR,RG,1790,17,D,CC,CC,D
11:07:21,MYOR,RG,1785,1,F,ZP,OD,D
11:07:21,MYOR,RG,1785,18,F,ZP,KZ,F
11:07:21,MYOR,RG,1785,1,D,YU,KZ,F
11:06:21,MYOR,RG,1790,19,D,CC,CC,D
11:06:03,MYOR,RG,1790,19,D,CC,CC,D
11:06:00,MYOR,RG,1785,14,D,YU,YU,D
11:06:00,MYOR,RG,1785,7,D,YU,YU,D
11:06:00,MYOR,RG,1785,1,D,PC,YU,D
11:06:00,MYOR,RG,1785,79,D,CC,YU,D
11:05:19,MYOR,RG,1785,1,D,CC,OD,D
11:05:18,MYOR,RG,1785,20,D,CC,LG,D
11:05:06,MYOR,RG,1785,1,D,XA,KZ,F
11:05:03,MYOR,RG,1790,12,D,CC,CC,D
11:05:03,MYOR,RG,1790,7,D,CC,KZ,F
11:05:01,MYOR,RG,1785,9,D,XA,KZ,F
11:04:48,MYOR,RG,1790,5,D,YU,KZ,F
11:04:42,MYOR,RG,1790,2,D,YU,KZ,F
11:04:41,MYOR,RG,1790,16,D,CC,KZ,F
11:04:31,MYOR,RG,1790,4,F,ZP,KZ,F
11:04:31,MYOR,RG,1790,21,F,ZP,KZ,F
11:04:31,MYOR,RG,1790,1,D,YU,KZ,F
11:04:31,MYOR,RG,1790,1,D,YU,AK,F
11:04:31,MYOR,RG,1790,1,D,YU,AK,F
11:04:31,MYOR,RG,1790,2,D,YU,KZ,F
11:04:31,MYOR,RG,1790,3,D,YU,AK,F
11:04:31,MYOR,RG,1790,2,D,YU,AK,F
11:04:18,MYOR,RG,1790,2,D,YU,AK,F
11:04:18,MYOR,RG,1790,3,D,YU,CS,F
11:04:14,MYOR,RG,1790,1,D,PD,CS,F
11:04:13,MYOR,RG,1790,10,D,YU,CS,F
11:04:07,MYOR,RG,1790,5,D,YU,CS,F
11:04:03,MYOR,RG,1785,10,D,XA,PD,D
11:04:03,MYOR,RG,1785,1,D,XC,PD,D
11:04:01,MYOR,RG,1790,10,D,YU,CS,F
11:03:57,MYOR,RG,1790,10,D,YU,CS,F
11:03:45,MYOR,RG,1790,22,D,CC,CS,F
11:03:23,MYOR,RG,1790,18,D,CC,CS,F
11:03:17,MYOR,RG,1785,1,D,GR,OD,D
11:03:10,MYOR,RG,1790,2,D,XC,CS,F
11:02:49,MYOR,RG,1790,1,D,XC,CS,F
11:02:46,MYOR,RG,1790,1,D,XC,CS,F
11:02:23,MYOR,RG,1790,6,D,CC,CS,F
11:02:23,MYOR,RG,1790,15,D,CC,CC,D
11:02:21,MYOR,RG,1790,1,D,SQ,CC,D
11:02:17,MYOR,RG,1785,1,D,GR,OD,D
11:01:59,MYOR,RG,1790,18,D,CC,CC,D
11:01:39,MYOR,RG,1790,3,D,PD,CC,D
11:01:21,MYOR,RG,1790,50,D,YP,CC,D
11:01:01,MYOR,RG,1790,20,D,CC,CC,D
11:00:47,MYOR,RG,1790,10,D,SQ,CC,D
11:00:43,MYOR,RG,1790,17,D,CC,CC,D
11:00:28,MYOR,RG,1790,7,F,ZP,CC,D
11:00:13,MYOR,RG,1790,66,F,ZP,CC,D
11:00:00,MYOR,RG,1790,160,F,ZP,CC,D
11:00:00,MYOR,RG,1790,4,F,ZP,KZ,F
11:00:00,MYOR,RG,1790,1,F,ZP,OD,D
11:00:00,MYOR,RG,1790,8,F,ZP,CC,D
11:00:00,MYOR,RG,1790,2,F,ZP,YU,D
10:59:39,MYOR,RG,1790,19,D,CC,YU,D
10:59:37,MYOR,RG,1790,10,D,EP,YU,D
10:59:25,MYOR,RG,1790,13,D,CC,YU,D
10:59:25,MYOR,RG,1790,3,D,CC,KZ,F
10:59:25,MYOR,RG,1790,1,D,CC,KZ,F
10:58:45,MYOR,RG,1790,2,D,AZ,KZ,F
10:58:45,MYOR,RG,1790,1,D,AZ,OD,D
10:58:45,MYOR,RG,1790,14,D,AZ,CS,F
10:58:45,MYOR,RG,1790,1,D,AZ,KZ,F
10:58:45,MYOR,RG,1790,1,D,AZ,KZ,F
10:58:45,MYOR,RG,1790,11,D,AZ,NI,D
10:58:26,MYOR,RG,1790,1,D,XC,NI,D
10:58:23,MYOR,RG,1790,14,D,CC,NI,D
10:58:23,MYOR,RG,1790,5,D,CC,CS,F
10:58:05,MYOR,RG,1790,7,D,CC,CS,F
10:58:05,MYOR,RG,1790,1,D,CC,KZ,F
10:58:05,MYOR,RG,1790,2,D,CC,KZ,F
10:58:05,MYOR,RG,1790,9,D,CC,YU,D
10:57:15,MYOR,RG,1790,10,D,YP,YU,D
10:57:03,MYOR,RG,1790,14,D,CC,YU,D
10:57:03,MYOR,RG,1790,4,D,CC,KZ,F
10:57:03,MYOR,RG,1790,1,D,CC,OD,D
10:57:03,MYOR,RG,1790,1,D,CC,KZ,F
10:56:47,MYOR,RG,1790,1,D,CC,KZ,F
10:56:47,MYOR,RG,1790,14,D,CC,DX,F
10:56:47,MYOR,RG,1790,17,D,DR,DX,F
10:55:44,MYOR,RG,1790,1,D,YP,DX,F
10:55:25,MYOR,RG,1790,5,D,DR,KZ,F
10:55:25,MYOR,RG,1790,3,D,DR,KZ,F
10:55:25,MYOR,RG,1790,12,D,DR,YU,D
10:55:00,MYOR,RG,1790,22,F,ZP,YU,D
10:55:00,MYOR,RG,1790,15,D,YU,YU,D
10:54:46,MYOR,RG,1790,1,F,AK,CS,F
10:54:45,MYOR,RG,1790,1,D,SQ,CS,F
10:54:40,MYOR,RG,1790,1,D,CC,CS,F
10:54:40,MYOR,RG,1790,1,D,CC,CC,F
10:54:40,MYOR,RG,1790,16,D,CC,CS,F
10:54:40,MYOR,RG,1790,1,D,CC,CS,F
10:54:40,MYOR,RG,1790,18,D,CC,CS,F
10:54:40,MYOR,RG,1790,1,D,CC,CC,F
10:54:40,MYOR,RG,1790,3,D,CC,CS,F
10:54:40,MYOR,RG,1790,2,D,CC,KZ,F
10:54:31,MYOR,RG,1790,1,D,PD,OD,D
10:54:31,MYOR,RG,1790,1,D,PD,KZ,F
10:54:31,MYOR,RG,1790,2,D,PD,KZ,F
10:54:25,MYOR,RG,1790,2,D,CC,KZ,F
10:54:25,MYOR,RG,1790,2,D,CC,KZ,F
10:54:25,MYOR,RG,1790,1,D,CC,AK,F
10:54:25,MYOR,RG,1790,15,D,CC,YU,D
10:54:19,MYOR,RG,1785,1,D,GR,OD,D
10:54:15,MYOR,RG,1790,1,D,CC,YU,D
10:54:09,MYOR,RG,1790,15,D,CC,YU,D
10:54:06,MYOR,RG,1790,25,F,ZP,YU,D
10:54:06,MYOR,RG,1790,2,F,ZP,KZ,F
10:54:06,MYOR,RG,1790,1,F,ZP,AK,F
10:53:26,MYOR,RG,1790,2,D,PD,AK,F
10:53:05,MYOR,RG,1790,3,D,CC,KZ,F
10:53:05,MYOR,RG,1790,1,D,CC,AK,F
10:53:05,MYOR,RG,1790,15,D,CC,KZ,F
10:53:05,MYOR,RG,1790,2,D,CC,YU,D
10:52:49,MYOR,RG,1790,18,D,CC,YU,D
10:52:19,MYOR,RG,1785,1,D,GR,OD,D
10:52:16,MYOR,RG,1790,21,F,ZP,YU,D
10:52:16,MYOR,RG,1790,3,F,ZP,AK,F
10:52:16,MYOR,RG,1790,38,F,ZP,CS,F
10:52:16,MYOR,RG,1790,3,F,ZP,CS,F
10:52:16,MYOR,RG,1790,32,F,ZP,DX,F
10:52:16,MYOR,RG,1790,18,F,ZP,YU,D
10:51:47,MYOR,RG,1790,1,D,XC,YU,D
10:51:47,MYOR,RG,1790,15,D,CC,YU,D
10:51:47,MYOR,RG,1790,5,D,CC,KZ,F
10:51:42,MYOR,RG,1790,1,D,XC,KZ,F
10:51:29,MYOR,RG,1790,9,D,CC,KZ,F
10:51:29,MYOR,RG,1790,1,D,CC,AK,F
10:51:29,MYOR,RG,1790,5,D,CC,CS,F
10:51:17,MYOR,RG,1785,1,D,GR,OD,D
10:51:12,MYOR,RG,1790,1,D,PD,CS,F
10:50:16,MYOR,RG,1790,22,F,ZP,CS,F
10:50:16,MYOR,RG,1790,125,F,ZP,ZP,D
10:50:01,MYOR,RG,1790,10,D,LG,ZP,D
10:49:31,MYOR,RG,1790,121,F,ZP,ZP,D
10:49:31,MYOR,RG,1790,17,D,CC,ZP,D
10:49:31,MYOR,RG,1790,7,D,CC,ZP,D
10:49:31,MYOR,RG,1790,17,D,CC,ZP,D
10:49:31,MYOR,RG,1790,10,D,YU,ZP,D
10:49:05,MYOR,RG,1795,10,D,SQ,KZ,F
10:48:51,MYOR,RG,1795,8,D,CC,KZ,F
10:48:51,MYOR,RG,1795,12,D,CC,KZ,F
10:48:40,MYOR,RG,1790,11,D,CC,KZ,F
10:48:38,MYOR,RG,1790,1,D,CC,AK,F
10:48:38,MYOR,RG,1790,1,D,DR,AK,F
10:48:38,MYOR,RG,1790,4,D,DR,AK,F
10:48:38,MYOR,RG,1790,1,D,DR,OD,D
10:48:38,MYOR,RG,1790,8,D,DR,KZ,F
10:48:38,MYOR,RG,1790,5,D,DR,AK,F
10:48:38,MYOR,RG,1790,3,D,DR,AK,F
10:48:38,MYOR,RG,1790,81,D,DR,CS,F
10:48:38,MYOR,RG,1790,21,D,DR,KZ,F
10:48:38,MYOR,RG,1790,1,D,DR,KZ,F
10:48:38,MYOR,RG,1790,44,D,DR,YU,D
10:48:38,MYOR,RG,1790,23,D,DR,KZ,F
10:48:38,MYOR,RG,1790,1,D,DR,KZ,F
10:48:38,MYOR,RG,1790,33,D,DR,CS,F
10:48:38,MYOR,RG,1790,1,D,DR,KZ,F
10:48:38,MYOR,RG,1790,2,D,DR,AK,F
10:48:38,MYOR,RG,1790,5,D,DR,AK,F
10:48:38,MYOR,RG,1790,8,D,DR,KZ,F
10:48:38,MYOR,RG,1790,29,D,DR,CS,F
10:48:38,MYOR,RG,1790,46,D,DR,CC,D
10:48:38,MYOR,RG,1790,2,D,DR,AK,F
10:48:38,MYOR,RG,1790,7,D,DR,AK,F
10:48:38,MYOR,RG,1790,4,D,DR,DX,F
10:48:35,MYOR,RG,1790,5,D,XC,DX,F
10:48:17,MYOR,RG,1790,27,D,DR,DX,F
10:48:17,MYOR,RG,1790,13,D,DR,CS,F
10:48:15,MYOR,RG,1785,1,D,DR,OD,D
10:48:04,MYOR,RG,1790,2,D,GR,CS,F
10:48:04,MYOR,RG,1790,3,D,GR,YU,D
10:47:52,MYOR,RG,1790,7,D,SQ,YU,D
10:47:51,MYOR,RG,1790,19,D,CC,YU,D
10:47:35,MYOR,RG,1790,1,D,CC,YU,D
10:47:31,MYOR,RG,1790,8,D,CC,YU,D
10:47:31,MYOR,RG,1790,9,D,CC,CS,F
10:47:16,MYOR,RG,1790,8,D,CC,CS,F
10:47:04,MYOR,RG,1785,6,D,DR,CC,D
10:46:16,MYOR,RG,1785,1,D,DR,OD,D
10:46:09,MYOR,RG,1785,12,D,DR,YP,D
10:46:09,MYOR,RG,1785,1,D,XC,YP,D
10:46:09,MYOR,RG,1785,21,D,CC,YP,D
10:46:09,MYOR,RG,1785,19,D,CC,YP,D
10:46:09,MYOR,RG,1785,1,D,YP,YP,D
10:46:09,MYOR,RG,1785,3,D,NI,YP,D
10:46:09,MYOR,RG,1785,1,D,YP,YP,D
10:46:09,MYOR,RG,1785,10,D,CC,YP,D
10:46:09,MYOR,RG,1785,2,D,CC,YP,D
10:46:09,MYOR,RG,1785,10,D,NI,YP,D
10:46:09,MYOR,RG,1785,16,D,YU,YP,D
10:46:09,MYOR,RG,1785,5,D,SQ,YP,D
10:46:09,MYOR,RG,1785,5,D,PD,YP,D
10:46:09,MYOR,RG,1785,1,D,PD,YP,D
10:46:09,MYOR,RG,1785,1,D,YP,YP,D
10:46:09,MYOR,RG,1785,3,D,GR,YP,D
10:46:09,MYOR,RG,1785,20,D,CC,YP,D
10:46:09,MYOR,RG,1785,1,F,AK,YP,D
10:46:09,MYOR,RG,1785,1,D,XC,YP,D
10:46:09,MYOR,RG,1785,1,D,XC,YP,D
10:46:09,MYOR,RG,1785,32,F,ZP,YP,D
10:46:09,MYOR,RG,1785,20,D,PD,YP,D
10:46:09,MYOR,RG,1785,10,D,CP,YP,D
10:46:09,MYOR,RG,1785,8,D,YP,YP,D
10:46:09,MYOR,RG,1785,66,D,CC,YP,D
10:45:16,MYOR,RG,1785,1,D,CC,OD,D
10:45:13,MYOR,RG,1790,1,D,XC,CS,F
10:45:07,MYOR,RG,1790,12,D,CC,CS,F
10:45:07,MYOR,RG,1790,4,D,CC,KZ,F
10:45:07,MYOR,RG,1790,1,D,CC,KZ,F
10:45:07,MYOR,RG,1790,3,D,CC,KZ,F
10:45:07,MYOR,RG,1790,2,D,CC,KZ,F
10:45:07,MYOR,RG,1790,1,D,CC,KZ,F
10:44:51,MYOR,RG,1790,2,D,CC,KZ,F
10:44:51,MYOR,RG,1790,9,D,CC,KZ,F
10:44:51,MYOR,RG,1790,8,D,CC,YU,D
10:44:51,MYOR,RG,1785,2,D,CC,KZ,F
10:44:51,MYOR,RG,1785,13,D,CC,KZ,F
10:44:49,MYOR,RG,1790,1,D,XC,YU,D
10:44:46,MYOR,RG,1785,1,D,CC,KZ,F
10:44:16,MYOR,RG,1785,1,D,CC,OD,D
10:44:16,MYOR,RG,1785,3,D,CC,KZ,F
10:44:02,MYOR,RG,1790,1,D,PD,YU,D
10:44:00,MYOR,RG,1785,13,D,CC,YU,D
10:44:00,MYOR,RG,1785,11,D,YU,YU,D
10:44:00,MYOR,RG,1785,10,D,YU,YU,D
10:44:00,MYOR,RG,1785,10,D,YU,YU,D
10:44:00,MYOR,RG,1785,72,D,CC,YU,D
10:43:45,MYOR,RG,1790,19,D,CC,YU,D
10:43:43,MYOR,RG,1790,1,D,XC,YU,D
10:43:31,MYOR,RG,1790,18,D,CC,YU,D
10:43:18,MYOR,RG,1785,1,D,CC,OD,D
10:43:11,MYOR,RG,1785,4,D,CC,KZ,F
10:42:56,MYOR,RG,1790,1,D,XL,YU,D
10:42:23,MYOR,RG,1790,7,D,CC,YU,D
10:42:23,MYOR,RG,1790,2,D,CC,KZ,F
10:42:23,MYOR,RG,1790,6,D,CC,KZ,F
10:42:23,MYOR,RG,1790,5,D,CC,KZ,F
10:42:23,MYOR,RG,1790,2,D,CC,YU,D
10:42:18,MYOR,RG,1785,1,D,CC,OD,D
10:42:11,MYOR,RG,1790,18,D,CC,YU,D
10:41:37,MYOR,RG,1790,13,D,XC,YU,D
10:41:18,MYOR,RG,1785,1,D,CC,OD,D
10:40:59,MYOR,RG,1790,5,D,CC,YU,D
10:40:59,MYOR,RG,1790,1,D,CC,KZ,F
10:40:59,MYOR,RG,1790,5,D,CC,AK,F
10:40:59,MYOR,RG,1790,2,D,CC,AK,F
10:40:59,MYOR,RG,1790,4,D,CC,KZ,F
10:40:53,MYOR,RG,1790,1,D,CC,CS,F
10:40:53,MYOR,RG,1790,13,D,CC,CS,F
10:40:45,MYOR,RG,1790,2,D,MI,CS,F
10:40:45,MYOR,RG,1790,3,D,MI,CS,F
10:40:27,MYOR,RG,1785,21,D,CC,DH,D
10:40:27,MYOR,RG,1785,6,D,CC,DH,D
10:40:27,MYOR,RG,1785,3,D,NI,DH,D
10:40:27,MYOR,RG,1785,1,D,NI,DH,D
10:40:27,MYOR,RG,1785,10,D,NI,DH,D
10:40:27,MYOR,RG,1785,1,D,GR,DH,D
10:40:16,MYOR,RG,1785,2,D,GR,OD,D
10:40:14,MYOR,RG,1790,5,D,PD,CS,F
10:40:12,MYOR,RG,1790,1,D,XC,CS,F
10:40:11,MYOR,RG,1790,1,D,XC,CS,F
10:40:08,MYOR,RG,1790,9,D,HP,CS,F
10:40:08,MYOR,RG,1790,2,D,HP,AK,F
10:40:08,MYOR,RG,1790,10,D,HP,KZ,F
10:40:08,MYOR,RG,1790,5,D,HP,AK,F
10:40:08,MYOR,RG,1790,20,D,HP,CS,F
10:40:08,MYOR,RG,1790,11,D,HP,CS,F
10:40:08,MYOR,RG,1790,43,D,HP,YU,D
10:39:58,MYOR,RG,1785,2,D,GR,NI,D
10:39:58,MYOR,RG,1785,17,F,ZP,NI,D
10:39:58,MYOR,RG,1785,20,D,XC,NI,D
10:39:43,MYOR,RG,1785,12,D,XC,XC,D
10:39:41,MYOR,RG,1790,6,D,CC,YU,D
10:39:41,MYOR,RG,1790,11,D,CC,YU,D
10:39:35,MYOR,RG,1790,17,D,CC,YU,D
10:39:29,MYOR,RG,1785,2,D,XC,XC,D
10:39:14,MYOR,RG,1785,1,D,XC,OD,D
10:39:05,MYOR,RG,1790,10,D,CC,YU,D
10:38:46,MYOR,RG,1790,2,D,DH,YU,D
10:38:33,MYOR,RG,1790,5,D,YP,YU,D
10:38:15,MYOR,RG,1790,18,D,CC,YU,D
10:38:14,MYOR,RG,1785,1,D,CC,OD,D
10:38:10,MYOR,RG,1785,8,D,CC,XC,D
10:37:43,MYOR,RG,1785,1,D,CC,XL,D
10:37:41,MYOR,RG,1785,2,D,CC,KZ,F
10:37:41,MYOR,RG,1785,1,D,PD,CS,F
10:37:17,MYOR,RG,1785,1,F,AK,KZ,F
10:37:17,MYOR,RG,1785,7,F,AK,KZ,F
10:37:17,MYOR,RG,1785,1,F,AK,KZ,F
10:37:17,MYOR,RG,1785,2,F,AK,AK,F
10:37:17,MYOR,RG,1785,6,F,AK,AK,F
10:37:17,MYOR,RG,1785,7,F,AK,DX,F
10:37:17,MYOR,RG,1785,10,D,YU,DX,F
10:37:05,MYOR,RG,1785,10,D,YU,DX,F
10:37:02,MYOR,RG,1785,9,D,YU,DX,F
10:37:02,MYOR,RG,1785,1,D,YU,KZ,F
10:37:01,MYOR,RG,1785,1,D,XC,KZ,F
10:37:01,MYOR,RG,1785,1,D,XC,OD,D
10:37:00,MYOR,RG,1780,6,D,PD,YU,D
10:37:00,MYOR,RG,1780,10,D,YP,YU,D
10:37:00,MYOR,RG,1780,10,D,DR,YU,D
10:37:00,MYOR,RG,1780,1,D,YP,YU,D
10:37:00,MYOR,RG,1780,5,D,YP,YU,D
10:37:00,MYOR,RG,1780,14,D,PD,YU,D
10:37:00,MYOR,RG,1780,1,D,YP,YU,D
10:37:00,MYOR,RG,1780,8,D,DH,YU,D
10:36:57,MYOR,RG,1785,5,D,YU,YU,D
10:36:51,MYOR,RG,1785,10,D,YU,YU,D
10:36:48,MYOR,RG,1785,2,D,LG,YU,D
10:36:46,MYOR,RG,1785,5,D,YU,YU,D
10:36:40,MYOR,RG,1785,4,D,YU,YU,D
10:36:31,MYOR,RG,1780,17,D,DH,CS,F
10:36:31,MYOR,RG,1780,2,D,YP,CS,F
10:36:31,MYOR,RG,1785,1,D,YP,KZ,F
10:36:31,MYOR,RG,1785,2,D,NI,KZ,F
10:36:31,MYOR,RG,1785,10,D,AZ,KZ,F
10:36:31,MYOR,RG,1785,5,D,YP,KZ,F
10:36:31,MYOR,RG,1785,1,D,XC,KZ,F
10:36:31,MYOR,RG,1785,2,D,XC,KZ,F
10:36:31,MYOR,RG,1785,2,D,NI,KZ,F
10:36:31,MYOR,RG,1785,2,D,YP,KZ,F
10:36:31,MYOR,RG,1785,1,D,PD,KZ,F
10:36:31,MYOR,RG,1785,5,D,CC,KZ,F
10:36:31,MYOR,RG,1785,1,D,CC,KZ,F
10:36:31,MYOR,RG,1785,5,D,YP,KZ,F
10:36:31,MYOR,RG,1785,1,D,YP,KZ,F
10:36:31,MYOR,RG,1785,2,D,XC,KZ,F
10:36:31,MYOR,RG,1785,1,D,XC,KZ,F
10:36:29,MYOR,RG,1785,11,F,BK,CS,F
10:36:29,MYOR,RG,1785,94,F,BK,CC,D
10:36:29,MYOR,RG,1785,5,D,XL,CC,D
10:36:29,MYOR,RG,1785,100,D,CC,CC,D
10:36:29,MYOR,RG,1785,10,D,GR,CC,D
10:36:29,MYOR,RG,1785,7,D,SQ,CC,D
10:36:29,MYOR,RG,1785,25,D,DR,CC,D
10:36:29,MYOR,RG,1785,6,D,SQ,CC,D
10:36:29,MYOR,RG,1785,1,F,ZP,CC,D
10:36:29,MYOR,RG,1790,1,D,XC,CC,D
10:36:29,MYOR,RG,1790,10,D,YU,CC,D
10:36:29,MYOR,RG,1790,18,D,CC,CC,D
10:36:29,MYOR,RG,1790,16,D,CC,CC,D
10:36:29,MYOR,RG,1790,1,D,DH,CC,D
10:36:29,MYOR,RG,1790,8,F,ZP,CC,D
10:36:29,MYOR,RG,1790,6,D,CP,CC,D
10:36:29,MYOR,RG,1790,1,D,XC,CC,D
10:36:29,MYOR,RG,1790,1,D,XC,CC,D
10:36:29,MYOR,RG,1790,1,D,PD,CC,D
10:36:29,MYOR,RG,1790,9,D,CC,CC,D
10:36:29,MYOR,RG,1790,10,D,SQ,CC,D
10:36:29,MYOR,RG,1790,1,F,AK,CC,D
10:36:29,MYOR,RG,1790,7,D,YP,CC,D
10:36:29,MYOR,RG,1790,10,D,NI,CC,D
10:36:29,MYOR,RG,1790,1,D,NI,CC,D
10:36:29,MYOR,RG,1790,2,D,PD,CC,D
10:36:29,MYOR,RG,1790,2,D,YP,CC,D
10:36:29,MYOR,RG,1790,1,D,NI,CC,D
10:36:29,MYOR,RG,1790,1,D,YP,CC,D
10:36:29,MYOR,RG,1790,1,D,PD,CC,D
10:36:29,MYOR,RG,1790,2,D,YP,CC,D
10:36:12,MYOR,RG,1790,1,D,YP,OD,D
10:36:00,MYOR,RG,1790,6,D,YP,KZ,F
10:35:59,MYOR,RG,1790,1,D,YP,NI,D
10:35:37,MYOR,RG,1795,4,D,CC,BK,F
10:35:37,MYOR,RG,1795,16,D,CC,DX,F
10:35:35,MYOR,RG,1795,16,D,CC,DX,F
10:35:35,MYOR,RG,1795,1,D,CC,CS,F
10:35:12,MYOR,RG,1790,1,D,YP,OD,D
10:35:03,MYOR,RG,1790,7,D,YP,KZ,F
10:35:01,MYOR,RG,1790,1,D,YP,KZ,F
10:35:00,MYOR,RG,1790,31,D,YP,YU,D
10:35:00,MYOR,RG,1790,1,D,YP,YU,D
10:35:00,MYOR,RG,1790,6,D,XC,YU,D
10:35:00,MYOR,RG,1790,10,D,CC,YU,D
10:35:00,MYOR,RG,1790,1,D,BQ,YU,D
10:35:00,MYOR,RG,1790,8,D,YU,YU,D
10:35:00,MYOR,RG,1790,10,D,KK,YU,D
10:35:00,MYOR,RG,1790,5,D,DR,YU,D
10:35:00,MYOR,RG,1790,10,D,CC,YU,D
10:35:00,MYOR,RG,1790,1,D,CC,YU,D
10:35:00,MYOR,RG,1790,4,D,NI,YU,D
10:35:00,MYOR,RG,1790,1,D,YP,YU,D
10:35:00,MYOR,RG,1790,6,D,XC,YU,D
10:35:00,MYOR,RG,1790,30,D,DR,YU,D
10:35:00,MYOR,RG,1790,2,D,XC,YU,D
10:35:00,MYOR,RG,1790,2,F,ZP,YU,D
10:35:00,MYOR,RG,1790,14,D,YU,YU,D
10:35:00,MYOR,RG,1790,6,D,YU,YU,D
10:34:48,MYOR,RG,1790,10,D,YU,PD,D
10:34:48,MYOR,RG,1790,15,D,XC,PD,D
10:34:14,MYOR,RG,1790,1,D,XC,OD,D
10:33:55,MYOR,RG,1795,12,D,CC,BK,F
10:33:55,MYOR,RG,1795,16,D,CC,BK,F
10:33:55,MYOR,RG,1795,2,F,ZP,BK,F
10:33:55,MYOR,RG,1795,1,D,XC,BK,F
10:33:55,MYOR,RG,1795,1,D,XL,BK,F
10:33:55,MYOR,RG,1795,8,D,SQ,BK,F
10:33:53,MYOR,RG,1795,10,D,SQ,XL,D
10:33:47,MYOR,RG,1795,2,D,SQ,CS,F
10:33:47,MYOR,RG,1795,10,D,KK,CS,F
10:33:47,MYOR,RG,1795,5,D,CC,CS,F
10:33:47,MYOR,RG,1795,5,D,CC,CS,F
10:33:47,MYOR,RG,1795,2,D,YU,CS,F
10:33:47,MYOR,RG,1795,2,D,YU,CS,F
10:33:47,MYOR,RG,1795,10,D,YU,CS,F
10:33:47,MYOR,RG,1795,11,D,AT,CS,F
10:33:47,MYOR,RG,1795,5,D,YP,CS,F
10:33:47,MYOR,RG,1795,1,D,XC,CS,F
10:33:47,MYOR,RG,1795,8,D,YU,CS,F
10:33:47,MYOR,RG,1795,4,D,YU,BK,F
10:33:47,MYOR,RG,1795,14,D,YU,BK,F
10:33:47,MYOR,RG,1795,12,D,YU,BK,F
10:33:47,MYOR,RG,1795,2,D,YU,BK,F
10:33:47,MYOR,RG,1795,8,D,CP,BK,F
10:33:30,MYOR,RG,1795,1,D,CP,XC,D
10:33:26,MYOR,RG,1795,1,D,CP,XC,D
10:33:20,MYOR,RG,1795,1,D,CP,XC,D
10:33:12,MYOR,RG,1795,2,D,CP,OD,D
10:32:10,MYOR,RG,1795,1,D,CP,OD,D
10:32:00,MYOR,RG,1795,16,D,CP,YU,D
10:32:00,MYOR,RG,1795,10,D,CC,YU,D
10:32:00,MYOR,RG,1795,1,F,AK,YU,D
10:32:00,MYOR,RG,1795,4,D,YU,YU,D
10:32:00,MYOR,RG,1795,1,D,YP,YU,D
10:32:00,MYOR,RG,1795,4,D,YU,YU,D
10:32:00,MYOR,RG,1795,15,D,YU,YU,D
10:32:00,MYOR,RG,1795,2,D,NI,YU,D
10:32:00,MYOR,RG,1795,16,D,YU,YU,D
10:32:00,MYOR,RG,1795,2,D,YP,YU,D
10:32:00,MYOR,RG,1795,5,D,YU,YU,D
10:32:00,MYOR,RG,1795,1,F,AK,YU,D
10:32:00,MYOR,RG,1795,5,D,YU,YU,D
10:32:00,MYOR,RG,1795,18,F,ZP,YU,D
10:32:00,MYOR,RG,1795,32,F,ZP,YU,D
10:32:00,MYOR,RG,1795,1,D,DR,YU,D
10:32:00,MYOR,RG,1795,80,D,CC,YU,D
10:31:52,MYOR,RG,1800,1,D,XC,ZP,D
10:31:14,MYOR,RG,1800,1,D,XC,ZP,D
10:31:10,MYOR,RG,1795,1,D,CC,OD,D
10:31:05,MYOR,RG,1800,245,D,DH,ZP,D
10:31:05,MYOR,RG,1800,83,D,DH,KZ,F
10:31:01,MYOR,RG,1800,12,D,XL,KZ,F
10:30:12,MYOR,RG,1795,1,D,CC,KZ,F
10:30:12,MYOR,RG,1795,1,D,CC,OD,D
10:30:07,MYOR,RG,1795,2,D,CC,XC,D
10:30:02,MYOR,RG,1795,2,D,CC,KZ,F
10:30:00,MYOR,RG,1795,1,D,CC,KZ,F
10:30:00,MYOR,RG,1795,12,D,CC,YU,D
10:30:00,MYOR,RG,1795,12,D,AT,YU,D
10:30:00,MYOR,RG,1795,1,F,AK,YU,D
10:30:00,MYOR,RG,1795,6,D,YU,YU,D
10:30:00,MYOR,RG,1795,6,D,YU,YU,D
10:30:00,MYOR,RG,1795,12,D,YU,YU,D
10:30:00,MYOR,RG,1795,12,D,YU,YU,D
10:30:00,MYOR,RG,1795,15,D,YU,YU,D
10:29:13,MYOR,RG,1795,1,D,YU,KZ,F
10:29:12,MYOR,RG,1795,1,D,YU,OD,D
10:28:14,MYOR,RG,1795,1,D,CC,OD,D
10:27:21,MYOR,RG,1795,1,D,CC,KZ,F
10:27:16,MYOR,RG,1795,7,D,CC,KZ,F
10:27:12,MYOR,RG,1795,1,D,CC,OD,D
10:26:28,MYOR,RG,1795,60,D,CC,PD,D
10:26:09,MYOR,RG,1800,1,D,ZP,KZ,F
10:25:49,MYOR,RG,1795,4,D,CC,KZ,F
10:25:49,MYOR,RG,1795,3,D,CC,KZ,F
10:25:49,MYOR,RG,1795,7,D,CC,AK,F
10:25:49,MYOR,RG,1795,16,D,CC,YU,D
10:25:32,MYOR,RG,1795,10,D,NI,YU,D
10:25:28,MYOR,RG,1795,25,F,ZP,YU,D
10:25:28,MYOR,RG,1795,1,F,ZP,KZ,F
10:25:28,MYOR,RG,1795,4,F,ZP,KZ,F
10:25:28,MYOR,RG,1795,2,F,ZP,KZ,F
10:24:39,MYOR,RG,1795,1,D,BQ,KZ,F
10:24:29,MYOR,RG,1795,2,D,LG,KZ,F
10:24:29,MYOR,RG,1795,3,D,LG,AK,F
10:24:29,MYOR,RG,1795,20,D,LG,YU,D
10:24:17,MYOR,RG,1790,10,D,XC,AT,D
10:23:38,MYOR,RG,1795,5,D,YU,YU,D
10:23:34,MYOR,RG,1795,5,D,YU,YU,D
10:23:30,MYOR,RG,1795,1,D,XC,YU,D
10:23:21,MYOR,RG,1795,32,F,ZP,YU,D
10:23:21,MYOR,RG,1795,10,D,CC,YU,D
10:23:21,MYOR,RG,1795,11,D,CC,KZ,F
10:23:21,MYOR,RG,1795,7,D,CC,PD,D
10:23:21,MYOR,RG,1795,7,D,CC,AK,F
10:23:21,MYOR,RG,1795,44,D,CC,YU,D
10:23:21,MYOR,RG,1795,21,D,CC,YU,D
10:22:23,MYOR,RG,1795,66,F,ZP,YU,D
10:22:23,MYOR,RG,1795,5,F,ZP,KZ,F
10:22:23,MYOR,RG,1795,3,F,ZP,AK,F
10:22:23,MYOR,RG,1795,4,F,ZP,YU,D
10:21:33,MYOR,RG,1795,1,D,XC,YU,D
10:21:32,MYOR,RG,1795,1,D,DH,YU,D
10:21:24,MYOR,RG,1795,2,D,XC,YU,D
10:20:32,MYOR,RG,1795,1,D,CC,YU,D
10:20:25,MYOR,RG,1795,5,D,CC,YU,D
10:20:23,MYOR,RG,1795,1,D,YP,YU,D
10:20:19,MYOR,RG,1795,19,F,ZP,YU,D
10:19:59,MYOR,RG,1795,42,D,YP,YU,D
10:19:59,MYOR,RG,1795,8,D,YP,KZ,F
10:19:06,MYOR,RG,1795,1,D,XC,BK,F
10:18:57,MYOR,RG,1795,5,D,GR,BK,F
10:18:46,MYOR,RG,1795,1,D,CC,BK,F
10:18:46,MYOR,RG,1795,7,D,CC,AK,F
10:18:46,MYOR,RG,1795,17,D,CC,YU,D
10:18:40,MYOR,RG,1795,3,D,XC,YU,D
10:18:21,MYOR,RG,1795,25,F,ZP,YU,D
10:18:21,MYOR,RG,1795,62,D,CC,YU,D
10:18:21,MYOR,RG,1795,7,D,CC,KZ,F
10:18:21,MYOR,RG,1795,27,D,CC,KZ,F
10:18:21,MYOR,RG,1795,4,D,CC,CC,D
10:17:27,MYOR,RG,1790,6,D,XC,PD,D
10:17:27,MYOR,RG,1790,2,D,XC,AK,F
10:17:27,MYOR,RG,1790,37,D,XC,YU,D
10:17:27,MYOR,RG,1790,27,D,XC,KZ,F
10:17:27,MYOR,RG,1790,27,D,XC,BK,F
10:17:23,MYOR,RG,1790,5,D,PD,BK,F
10:17:19,MYOR,RG,1790,87,F,ZP,BK,F
10:17:14,MYOR,RG,1790,89,D,CC,BK,F
10:17:14,MYOR,RG,1790,7,D,CC,AK,F
10:17:14,MYOR,RG,1790,2,D,CC,AK,F
10:17:14,MYOR,RG,1790,2,D,CC,YU,D
10:17:02,MYOR,RG,1790,1,D,PD,YU,D
10:16:23,MYOR,RG,1790,6,D,SQ,YU,D
10:16:20,MYOR,RG,1790,14,F,ZP,YU,D
10:16:20,MYOR,RG,1790,18,D,ZP,YU,D
10:16:20,MYOR,RG,1790,43,D,ZP,KZ,F
10:16:20,MYOR,RG,1790,34,D,ZP,KZ,F
10:16:20,MYOR,RG,1790,20,D,ZP,XC,D
10:16:20,MYOR,RG,1790,20,D,ZP,CC,D
10:16:20,MYOR,RG,1790,10,D,ZP,SQ,D
10:16:20,MYOR,RG,1790,75,D,ZP,YU,D
10:16:20,MYOR,RG,1790,35,D,ZP,YU,D
10:16:20,MYOR,RG,1790,3,D,ZP,AK,F
10:16:20,MYOR,RG,1790,7,D,ZP,AK,F
10:16:20,MYOR,RG,1790,7,D,ZP,AK,F
10:16:20,MYOR,RG,1790,34,D,ZP,DX,F
10:15:57,MYOR,RG,1785,9,F,AK,AK,F
10:15:57,MYOR,RG,1785,8,F,AK,AK,F
10:15:57,MYOR,RG,1785,3,F,AK,KZ,F
10:15:57,MYOR,RG,1785,120,F,AK,YU,D
10:15:57,MYOR,RG,1785,10,F,AK,XC,D
10:15:57,MYOR,RG,1785,3,F,AK,AK,F
10:15:57,MYOR,RG,1785,3,F,AK,AK,F
10:15:57,MYOR,RG,1785,7,F,AK,AK,F
10:15:57,MYOR,RG,1785,9,F,ZP,AK,F
10:15:57,MYOR,RG,1785,126,F,ZP,DX,F
10:15:56,MYOR,RG,1785,69,F,AK,DX,F
10:15:56,MYOR,RG,1785,5,D,YP,DX,F
10:15:55,MYOR,RG,1785,10,D,CC,DX,F
10:15:43,MYOR,RG,1785,20,D,BS,DX,F
10:15:24,MYOR,RG,1785,3,D,CC,DX,F
10:15:24,MYOR,RG,1785,97,D,CC,KZ,F
10:15:11,MYOR,RG,1785,5,D,SQ,KZ,F
10:15:08,MYOR,RG,1785,5,D,YP,KZ,F
10:15:03,MYOR,RG,1785,5,D,GR,KZ,F
10:15:02,MYOR,RG,1785,5,D,AZ,KZ,F
10:15:02,MYOR,RG,1785,5,D,AZ,KZ,F
10:15:00,MYOR,RG,1785,1,D,PD,KZ,F
10:14:53,MYOR,RG,1785,1,F,AK,KZ,F
10:14:53,MYOR,RG,1785,10,D,BS,KZ,F
10:14:37,MYOR,RG,1785,1,F,AK,KZ,F
10:14:37,MYOR,RG,1780,10,D,KK,DX,F
10:14:37,MYOR,RG,1780,1,D,YP,DX,F
10:14:37,MYOR,RG,1780,10,D,SQ,DX,F
10:14:37,MYOR,RG,1780,9,D,DH,DX,F
10:14:36,MYOR,RG,1780,1,D,DH,KZ,F
10:14:36,MYOR,RG,1780,1,D,DH,KZ,F
10:14:36,MYOR,RG,1780,2,D,DH,KZ,F
10:14:31,MYOR,RG,1785,1,F,AK,KZ,F
10:14:31,MYOR,RG,1780,1,D,DH,KZ,F
10:14:31,MYOR,RG,1780,6,D,DH,KZ,F
10:14:31,MYOR,RG,1780,10,D,YP,KZ,F
10:14:31,MYOR,RG,1780,2,D,YP,KZ,F
10:14:24,MYOR,RG,1785,3,D,KK,KZ,F
10:14:17,MYOR,RG,1785,10,D,XC,KZ,F
10:14:13,MYOR,RG,1785,1,D,NI,KZ,F
10:14:04,MYOR,RG,1785,1,D,CC,KZ,F
10:13:55,MYOR,RG,1785,1,D,PD,KZ,F
10:13:34,MYOR,RG,1780,4,D,YP,AK,F
10:13:33,MYOR,RG,1780,14,D,YP,XC,D
10:13:33,MYOR,RG,1780,3,D,CC,XC,D
10:13:33,MYOR,RG,1780,1,D,XC,XC,D
10:13:33,MYOR,RG,1780,7,D,CC,XC,D
10:13:25,MYOR,RG,1780,1,D,CC,XC,D
10:13:00,MYOR,RG,1780,6,D,CC,YU,D
10:13:00,MYOR,RG,1780,16,D,CC,YU,D
10:13:00,MYOR,RG,1780,10,D,YP,YU,D
10:13:00,MYOR,RG,1780,2,D,YP,YU,D
10:13:00,MYOR,RG,1780,60,D,YP,YU,D
10:13:00,MYOR,RG,1780,2,D,YP,YU,D
10:13:00,MYOR,RG,1780,1,D,AT,YU,D
10:13:00,MYOR,RG,1780,3,D,YP,YU,D
10:13:00,MYOR,RG,1780,3,D,YP,YU,D
10:13:00,MYOR,RG,1780,24,D,EP,YU,D
10:12:49,MYOR,RG,1780,17,D,EP,AK,F
10:12:23,MYOR,RG,1780,18,D,EP,KK,D
10:12:23,MYOR,RG,1780,2,D,YP,KK,D
10:12:08,MYOR,RG,1785,1,D,PD,YU,D
10:12:01,MYOR,RG,1785,1,D,YP,YU,D
10:11:48,MYOR,RG,1785,3,D,XL,BK,F
10:11:48,MYOR,RG,1785,2,D,LG,BK,F
10:11:48,MYOR,RG,1785,1,D,XC,BK,F
10:11:46,MYOR,RG,1785,2,D,XC,KZ,F
10:11:46,MYOR,RG,1785,1,D,YP,KZ,F
10:11:41,MYOR,RG,1785,3,D,YP,KZ,F
10:11:38,MYOR,RG,1785,6,D,YP,KZ,F
10:11:38,MYOR,RG,1785,2,D,XC,KZ,F
10:11:38,MYOR,RG,1785,2,D,YU,KZ,F
10:11:38,MYOR,RG,1785,2,D,YU,KZ,F
10:11:38,MYOR,RG,1785,1,F,AK,KZ,F
10:11:38,MYOR,RG,1785,1,D,XC,KZ,F
10:11:38,MYOR,RG,1785,9,D,GR,KZ,F
10:11:37,MYOR,RG,1785,73,D,GR,AK,F
10:11:37,MYOR,RG,1785,78,D,GR,BK,F
10:11:37,MYOR,RG,1785,1,D,PD,BK,F
10:11:37,MYOR,RG,1785,2,D,YU,BK,F
10:11:37,MYOR,RG,1785,3,D,YP,BK,F
10:11:37,MYOR,RG,1785,26,D,YU,BK,F
10:11:36,MYOR,RG,1785,1,D,YU,KZ,F
10:11:35,MYOR,RG,1785,6,D,YU,ZP,D
10:11:35,MYOR,RG,1785,2,D,YP,ZP,D
10:11:35,MYOR,RG,1785,2,D,CC,ZP,D
10:11:35,MYOR,RG,1785,1,D,PD,ZP,D
10:11:35,MYOR,RG,1785,2,D,OD,ZP,D
10:11:35,MYOR,RG,1785,1,D,YP,ZP,D
10:11:35,MYOR,RG,1785,4,D,IF,ZP,D
10:11:32,MYOR,RG,1785,1,D,IF,CC,D
10:11:32,MYOR,RG,1785,10,D,XC,CC,D
10:11:32,MYOR,RG,1785,4,D,YU,CC,D
10:11:32,MYOR,RG,1785,25,D,XA,CC,D
10:11:29,MYOR,RG,1785,5,D,XA,BK,F
10:11:29,MYOR,RG,1785,1,D,YP,BK,F
10:11:29,MYOR,RG,1785,1,D,XC,BK,F
10:11:29,MYOR,RG,1785,6,D,YU,BK,F
10:11:29,MYOR,RG,1785,4,D,YU,BK,F
10:11:29,MYOR,RG,1785,6,D,YU,BK,F
10:11:29,MYOR,RG,1785,33,F,ZP,BK,F
10:11:26,MYOR,RG,1785,2,F,ZP,KZ,F
10:11:26,MYOR,RG,1785,1,F,ZP,KZ,F
10:11:26,MYOR,RG,1785,3,F,ZP,KZ,F
10:11:25,MYOR,RG,1785,1,D,PD,AK,F
10:11:25,MYOR,RG,1785,1,D,PD,AK,F
10:11:25,MYOR,RG,1785,2,D,PD,AK,F
10:11:25,MYOR,RG,1785,1,D,PD,AK,F
10:11:25,MYOR,RG,1785,4,D,PD,AK,F
10:11:25,MYOR,RG,1785,2,D,BS,AK,F
10:11:25,MYOR,RG,1785,3,D,BS,ZP,D
10:11:25,MYOR,RG,1785,2,D,XC,ZP,D
10:11:25,MYOR,RG,1785,15,D,BQ,ZP,D
10:11:25,MYOR,RG,1785,2,D,KK,ZP,D
10:11:25,MYOR,RG,1785,8,D,CC,ZP,D
10:11:25,MYOR,RG,1785,1,D,XC,ZP,D
10:11:25,MYOR,RG,1785,10,D,SQ,ZP,D
10:11:25,MYOR,RG,1785,10,D,SQ,ZP,D
10:11:25,MYOR,RG,1785,15,D,XL,ZP,D
10:11:25,MYOR,RG,1785,1,D,YP,ZP,D
10:11:25,MYOR,RG,1785,28,D,YP,ZP,D
10:11:25,MYOR,RG,1785,1,D,XC,ZP,D
10:11:25,MYOR,RG,1785,5,D,YP,ZP,D
10:11:25,MYOR,RG,1785,5,D,AT,ZP,D
10:11:25,MYOR,RG,1785,12,D,PD,ZP,D
10:11:25,MYOR,RG,1785,50,D,YP,ZP,D
10:11:25,MYOR,RG,1785,1,D,YP,ZP,D
10:11:25,MYOR,RG,1785,2,D,YP,ZP,D
10:11:25,MYOR,RG,1785,1,D,YP,ZP,D
10:11:25,MYOR,RG,1785,20,D,YP,ZP,D
10:11:25,MYOR,RG,1785,3,D,PD,ZP,D
10:11:25,MYOR,RG,1785,1,D,PD,ZP,D
10:11:25,MYOR,RG,1785,5,D,PD,ZP,D
10:11:25,MYOR,RG,1785,1,D,YP,ZP,D
10:11:25,MYOR,RG,1785,10,D,YP,ZP,D
10:11:25,MYOR,RG,1785,2,D,YP,ZP,D
10:11:25,MYOR,RG,1785,2,D,YP,ZP,D
10:11:25,MYOR,RG,1785,34,D,EP,ZP,D
10:11:16,MYOR,RG,1785,14,D,EP,KZ,F
10:11:16,MYOR,RG,1785,1,D,EP,KZ,F
10:11:15,MYOR,RG,1785,10,D,EP,XC,D
10:11:15,MYOR,RG,1785,2,D,EP,AK,F
10:11:00,MYOR,RG,1785,130,D,EP,YU,D
10:10:43,MYOR,RG,1785,21,D,EP,XC,D
10:10:15,MYOR,RG,1785,49,D,EP,DX,F
10:10:06,MYOR,RG,1785,1,D,EP,KZ,F
10:10:04,MYOR,RG,1790,1,D,XC,KZ,F
10:10:01,MYOR,RG,1785,16,D,EP,KZ,F
10:09:21,MYOR,RG,1790,2,D,PD,KZ,F
10:09:21,MYOR,RG,1785,11,D,EP,KZ,F
10:09:15,MYOR,RG,1785,8,D,EP,AK,F
10:08:26,MYOR,RG,1785,1,D,EP,KZ,F
10:08:14,MYOR,RG,1785,3,D,EP,AK,F
10:08:14,MYOR,RG,1785,100,D,EP,XL,D
10:08:01,MYOR,RG,1785,8,D,EP,KZ,F
10:07:41,MYOR,RG,1785,3,D,EP,KZ,F
10:07:29,MYOR,RG,1790,1,D,YP,KZ,F
10:07:02,MYOR,RG,1785,25,D,EP,XC,D
10:07:00,MYOR,RG,1785,77,D,EP,YU,D
10:06:36,MYOR,RG,1785,1,D,EP,KZ,F
10:06:31,MYOR,RG,1785,4,D,EP,KZ,F
10:06:16,MYOR,RG,1785,2,D,EP,KZ,F
10:06:16,MYOR,RG,1785,19,D,EP,KZ,F
10:06:16,MYOR,RG,1785,5,D,EP,KZ,F
10:06:15,MYOR,RG,1785,8,D,EP,AK,F
10:06:14,MYOR,RG,1785,32,D,EP,DX,F
10:06:14,MYOR,RG,1785,1,D,AZ,DX,F
10:05:42,MYOR,RG,1790,1,D,XC,KZ,F
10:05:23,MYOR,RG,1790,20,D,CC,KZ,F
10:05:23,MYOR,RG,1790,1,F,ZP,KZ,F
10:05:22,MYOR,RG,1790,1,D,PD,AK,F
10:05:22,MYOR,RG,1790,7,D,YU,AK,F
10:05:22,MYOR,RG,1790,5,D,PD,AK,F
10:05:22,MYOR,RG,1790,1,D,PD,AK,F
10:05:22,MYOR,RG,1790,1,D,PD,AK,F
10:05:22,MYOR,RG,1790,1,D,AZ,AK,F
10:05:22,MYOR,RG,1790,1,D,XC,AK,F
10:05:22,MYOR,RG,1790,2,D,NI,AK,F
10:05:22,MYOR,RG,1790,2,D,YP,AK,F
10:05:22,MYOR,RG,1790,1,F,AK,AK,F
10:05:22,MYOR,RG,1790,1,D,XC,AK,F
10:05:22,MYOR,RG,1790,1,D,SQ,AK,F
10:05:22,MYOR,RG,1790,40,D,PD,AK,F
10:05:22,MYOR,RG,1790,1,D,NI,AK,F
10:05:22,MYOR,RG,1790,100,D,DH,AK,F
10:05:22,MYOR,RG,1790,1,D,PD,AK,F
10:05:22,MYOR,RG,1790,10,D,SQ,AK,F
10:05:22,MYOR,RG,1790,1,D,NI,AK,F
10:05:22,MYOR,RG,1790,1,D,CC,AK,F
10:05:22,MYOR,RG,1790,21,D,CC,AK,F
10:05:22,MYOR,RG,1790,4,D,CC,AK,F
10:05:22,MYOR,RG,1790,6,D,NI,AK,F
10:05:22,MYOR,RG,1790,2,D,SQ,AK,F
10:05:22,MYOR,RG,1790,5,D,SQ,AK,F
10:05:22,MYOR,RG,1790,12,D,YU,AK,F
10:05:22,MYOR,RG,1790,12,D,YU,AK,F
10:05:22,MYOR,RG,1790,36,F,ZP,AK,F
10:05:22,MYOR,RG,1790,30,D,XL,AK,F
10:05:22,MYOR,RG,1790,5,D,YP,AK,F
10:05:22,MYOR,RG,1790,1,D,XC,AK,F
10:05:22,MYOR,RG,1790,1,D,XC,AK,F
10:05:22,MYOR,RG,1790,10,F,ZP,AK,F
10:05:22,MYOR,RG,1790,16,D,NI,AK,F
10:05:22,MYOR,RG,1790,2,D,YP,AK,F
10:05:22,MYOR,RG,1790,358,D,YP,AK,F
10:05:21,MYOR,RG,1790,250,D,YP,ZP,D
10:05:21,MYOR,RG,1790,9,D,YP,KZ,F
10:05:15,MYOR,RG,1790,48,D,YP,BK,F
10:05:15,MYOR,RG,1790,3,D,YP,AK,F
10:05:10,MYOR,RG,1790,12,D,YP,AK,F
10:05:09,MYOR,RG,1790,159,D,YP,BK,F
10:05:01,MYOR,RG,1790,76,D,YP,BK,F
10:04:46,MYOR,RG,1790,11,D,YP,KZ,F
10:04:43,MYOR,RG,1790,1,D,YP,BK,F
10:04:37,MYOR,RG,1790,36,D,YP,BK,F
10:04:36,MYOR,RG,1790,1,D,YP,KZ,F
10:04:29,MYOR,RG,1790,24,D,YP,BK,F
10:04:27,MYOR,RG,1795,1,D,NI,AK,F
10:04:20,MYOR,RG,1795,1,D,YP,AK,F
10:04:06,MYOR,RG,1795,3,D,NI,AK,F
10:03:39,MYOR,RG,1795,3,D,CC,AK,F
10:03:36,MYOR,RG,1795,20,D,BS,AK,F
10:03:32,MYOR,RG,1790,10,D,YP,YP,D
10:03:30,MYOR,RG,1790,2,D,YP,AK,F
10:03:30,MYOR,RG,1790,4,D,XC,AK,F
10:03:30,MYOR,RG,1790,1,D,PD,AK,F
10:03:01,MYOR,RG,1790,1,D,XC,KZ,F
10:02:56,MYOR,RG,1790,1,D,XC,KZ,F
10:02:56,MYOR,RG,1790,20,D,GR,KZ,F
10:02:56,MYOR,RG,1790,1,D,XC,KZ,F
10:02:56,MYOR,RG,1790,1,D,XC,KZ,F
10:02:56,MYOR,RG,1790,27,D,YP,KZ,F
10:02:56,MYOR,RG,1790,6,D,XC,KZ,F
10:02:56,MYOR,RG,1790,5,D,XC,KZ,F
10:02:56,MYOR,RG,1790,1,D,YU,KZ,F
10:02:56,MYOR,RG,1790,1,D,YP,KZ,F
10:02:46,MYOR,RG,1790,19,D,YP,BK,F
10:02:46,MYOR,RG,1790,2,D,KK,BK,F
10:02:46,MYOR,RG,1790,1,D,KK,KZ,F
10:02:46,MYOR,RG,1790,1,D,XC,KZ,F
10:02:46,MYOR,RG,1790,2,D,PD,KZ,F
10:02:39,MYOR,RG,1790,8,D,PD,ZP,D
10:02:39,MYOR,RG,1790,4,D,YP,ZP,D
10:02:39,MYOR,RG,1790,5,D,YP,ZP,D
10:02:39,MYOR,RG,1790,1,D,CC,ZP,D
10:02:39,MYOR,RG,1790,11,D,PD,ZP,D
10:02:39,MYOR,RG,1790,1,D,YP,ZP,D
10:02:39,MYOR,RG,1790,10,D,YP,ZP,D
10:02:39,MYOR,RG,1790,1,D,NI,ZP,D
10:02:39,MYOR,RG,1790,5,D,XC,ZP,D
10:02:39,MYOR,RG,1790,1,D,XC,ZP,D
10:02:39,MYOR,RG,1790,1,D,YP,ZP,D
10:02:39,MYOR,RG,1790,2,D,YP,ZP,D
10:02:39,MYOR,RG,1790,20,D,CC,ZP,D
10:02:39,MYOR,RG,1790,1,D,YP,ZP,D
10:02:39,MYOR,RG,1790,1,D,NI,ZP,D
10:02:39,MYOR,RG,1790,20,D,YP,ZP,D
10:02:39,MYOR,RG,1790,408,D,CC,ZP,D
10:02:31,MYOR,RG,1790,34,D,CC,DX,F
10:02:31,MYOR,RG,1790,44,D,CC,KZ,F
10:02:30,MYOR,RG,1790,3,D,CC,AK,F
10:02:20,MYOR,RG,1795,20,D,NI,KZ,F
10:02:20,MYOR,RG,1790,11,D,CC,AK,F
10:02:20,MYOR,RG,1790,1,D,XC,AK,F
10:02:20,MYOR,RG,1790,11,D,YP,AK,F
10:02:19,MYOR,RG,1790,17,D,YP,AK,F
10:02:19,MYOR,RG,1790,2,D,DH,AK,F
10:02:19,MYOR,RG,1790,5,D,CC,AK,F
10:02:19,MYOR,RG,1790,3,D,XC,AK,F
10:02:19,MYOR,RG,1790,1,D,YP,AK,F
10:02:19,MYOR,RG,1790,1,D,YP,AK,F
10:02:19,MYOR,RG,1790,5,D,XL,AK,F
10:02:19,MYOR,RG,1790,1,D,PD,AK,F
10:02:19,MYOR,RG,1790,2,D,NI,AK,F
10:02:19,MYOR,RG,1790,5,D,BQ,AK,F
10:02:19,MYOR,RG,1790,5,D,YP,AK,F
10:02:19,MYOR,RG,1790,5,D,YP,YB,D
10:02:19,MYOR,RG,1790,5,D,GR,YB,D
10:02:19,MYOR,RG,1790,2,D,YP,YB,D
10:02:19,MYOR,RG,1790,1,D,YP,YB,D
10:02:19,MYOR,RG,1790,28,D,CC,YB,D
10:02:19,MYOR,RG,1790,2,D,YP,YB,D
10:02:19,MYOR,RG,1790,1,D,PD,YB,D
10:02:19,MYOR,RG,1790,32,D,AT,YB,D
10:02:19,MYOR,RG,1790,6,D,AT,PD,D
10:02:19,MYOR,RG,1790,62,D,AT,AK,F
10:02:19,MYOR,RG,1790,1,D,YP,AK,F
10:02:19,MYOR,RG,1790,150,D,CC,AK,F
10:02:19,MYOR,RG,1790,6,D,PD,AK,F
10:02:07,MYOR,RG,1795,1,D,NI,KZ,F
10:02:03,MYOR,RG,1795,1,D,XC,KZ,F
10:01:50,MYOR,RG,1795,15,D,XC,KZ,F
10:01:50,MYOR,RG,1795,9,F,ZP,KZ,F
10:01:48,MYOR,RG,1795,5,F,ZP,AK,F
10:01:48,MYOR,RG,1795,2,D,XC,AK,F
10:01:48,MYOR,RG,1795,3,D,CC,AK,F
10:01:48,MYOR,RG,1795,1,D,PD,AK,F
10:01:48,MYOR,RG,1795,11,D,PD,AK,F
10:01:48,MYOR,RG,1795,5,D,AZ,AK,F
10:01:48,MYOR,RG,1795,1,D,PD,AK,F
10:01:48,MYOR,RG,1795,20,D,XC,AK,F
10:01:48,MYOR,RG,1795,1,D,XC,AK,F
10:01:48,MYOR,RG,1795,1,D,PD,AK,F
10:01:48,MYOR,RG,1795,10,D,SQ,AK,F
10:01:48,MYOR,RG,1795,10,D,XL,AK,F
10:01:48,MYOR,RG,1795,5,D,PD,AK,F
10:01:48,MYOR,RG,1795,2,D,XC,AK,F
10:01:48,MYOR,RG,1795,5,D,PD,AK,F
10:01:48,MYOR,RG,1795,27,D,YP,AK,F
10:01:48,MYOR,RG,1795,20,D,RB,AK,F
10:01:48,MYOR,RG,1795,1,D,PD,AK,F
10:01:48,MYOR,RG,1795,1,D,PD,AK,F
10:01:48,MYOR,RG,1795,2,D,PD,AK,F
10:01:48,MYOR,RG,1795,10,D,PD,AK,F
10:01:48,MYOR,RG,1795,28,D,OD,AK,F
10:01:48,MYOR,RG,1795,5,D,PD,AK,F
10:01:48,MYOR,RG,1795,10,D,PD,AK,F
10:01:48,MYOR,RG,1795,1,D,DH,AK,F
10:01:48,MYOR,RG,1795,1,D,DH,AK,F
10:01:48,MYOR,RG,1795,10,D,YP,AK,F
10:01:48,MYOR,RG,1795,5,D,YP,AK,F
10:01:48,MYOR,RG,1795,2,D,YP,AK,F
10:01:48,MYOR,RG,1795,1,D,YP,AK,F
10:01:48,MYOR,RG,1795,2,D,PD,AK,F
10:01:48,MYOR,RG,1795,5,D,CC,AK,F
10:01:48,MYOR,RG,1795,6,D,SQ,AK,F
10:01:48,MYOR,RG,1795,4,D,SQ,AI,D
10:01:48,MYOR,RG,1795,5,D,XC,AI,D
10:01:48,MYOR,RG,1795,1,D,CP,AI,D
10:01:48,MYOR,RG,1795,65,D,YP,AI,D
10:01:48,MYOR,RG,1795,80,D,YP,GR,D
10:01:48,MYOR,RG,1795,105,D,YP,KZ,F
10:01:48,MYOR,RG,1795,5,D,XC,KZ,F
10:01:48,MYOR,RG,1795,10,D,KK,KZ,F
10:01:48,MYOR,RG,1795,1,D,DR,KZ,F
10:01:48,MYOR,RG,1795,1,D,KK,KZ,F
10:01:48,MYOR,RG,1795,1,D,XC,KZ,F
10:01:48,MYOR,RG,1795,5,D,CC,KZ,F
10:01:48,MYOR,RG,1795,50,D,ZP,KZ,F
10:01:48,MYOR,RG,1795,1,D,PD,KZ,F
10:01:48,MYOR,RG,1795,10,D,CC,KZ,F
10:01:48,MYOR,RG,1795,10,D,YP,KZ,F
10:01:48,MYOR,RG,1795,5,D,PD,KZ,F
10:01:48,MYOR,RG,1795,2,D,YP,KZ,F
10:01:48,MYOR,RG,1795,2,D,YP,KZ,F
10:01:48,MYOR,RG,1795,1,D,YP,KZ,F
10:01:48,MYOR,RG,1795,10,D,PD,KZ,F
10:01:48,MYOR,RG,1795,7,D,GR,KZ,F
10:01:48,MYOR,RG,1795,3,D,DH,KZ,F
10:01:48,MYOR,RG,1795,6,D,PD,KZ,F
10:01:48,MYOR,RG,1795,6,D,PD,KZ,F
10:01:46,MYOR,RG,1800,2,D,SQ,KZ,F
10:01:45,MYOR,RG,1800,17,D,YU,AK,F
10:01:45,MYOR,RG,1800,1,D,NI,AK,F
10:01:45,MYOR,RG,1800,3,D,XC,AK,F
10:01:45,MYOR,RG,1800,16,D,YU,AK,F
10:01:45,MYOR,RG,1800,30,D,YU,AK,F
10:01:45,MYOR,RG,1800,14,D,YU,AK,F
10:01:45,MYOR,RG,1800,1,F,AK,AK,F
10:01:45,MYOR,RG,1800,6,D,CC,AK,F
10:01:45,MYOR,RG,1800,1,D,PD,AK,F
10:01:45,MYOR,RG,1800,2,D,DH,AK,F
10:01:45,MYOR,RG,1800,1,D,NI,AK,F
10:01:45,MYOR,RG,1800,10,D,KK,AK,F
10:01:45,MYOR,RG,1800,50,D,NI,AK,F
10:01:45,MYOR,RG,1800,1,D,BQ,AK,F
10:01:45,MYOR,RG,1800,35,D,YU,AK,F
10:01:45,MYOR,RG,1800,10,D,KK,AK,F
10:01:45,MYOR,RG,1800,1,D,PD,AK,F
10:01:45,MYOR,RG,1800,1,D,XL,AK,F
10:01:45,MYOR,RG,1800,1,D,XC,AK,F
10:01:45,MYOR,RG,1800,1,D,XC,AK,F
10:01:45,MYOR,RG,1800,1,F,AK,AK,F
10:01:45,MYOR,RG,1800,1,D,XC,AK,F
10:01:45,MYOR,RG,1800,1,D,XC,AK,F
10:01:45,MYOR,RG,1800,103,F,ZP,AK,F
10:01:45,MYOR,RG,1800,1,D,XC,AK,F
10:01:45,MYOR,RG,1800,2,D,XL,AK,F
10:01:45,MYOR,RG,1800,1,D,YP,AK,F
10:01:45,MYOR,RG,1800,50,D,YP,AK,F
10:01:45,MYOR,RG,1800,22,D,NI,AK,F
10:01:45,MYOR,RG,1800,3,D,YP,AK,F
10:01:45,MYOR,RG,1800,1,D,YP,AK,F
10:01:45,MYOR,RG,1800,10,D,NI,AK,F
10:01:45,MYOR,RG,1800,1,D,PD,AK,F
10:01:45,MYOR,RG,1800,2,D,KK,AK,F
10:01:45,MYOR,RG,1800,5,D,PD,AK,F
10:01:45,MYOR,RG,1800,5,D,SQ,AK,F
10:01:45,MYOR,RG,1800,1,D,YP,AK,F
10:01:45,MYOR,RG,1800,20,D,CD,AK,F
10:01:45,MYOR,RG,1800,77,D,XC,AK,F
10:01:45,MYOR,RG,1800,1,D,YP,AK,F
10:01:45,MYOR,RG,1800,1,D,KK,AK,F
10:01:45,MYOR,RG,1800,6,D,PD,AK,F
10:01:45,MYOR,RG,1800,5,D,XC,AK,F
10:01:45,MYOR,RG,1800,2,D,XC,AK,F
10:01:45,MYOR,RG,1800,3,D,PD,AK,F
10:01:45,MYOR,RG,1800,10,D,PD,AK,F
10:01:45,MYOR,RG,1800,100,D,SQ,AK,F
10:01:45,MYOR,RG,1800,59,D,EP,AK,F
10:01:45,MYOR,RG,1800,1,D,XC,AK,F
10:01:45,MYOR,RG,1800,2,D,CC,AK,F
10:01:45,MYOR,RG,1800,10,D,ZP,AK,F
10:01:45,MYOR,RG,1800,10,D,FS,AK,F
10:01:45,MYOR,RG,1800,10,D,KK,AK,F
10:01:45,MYOR,RG,1800,10,D,TP,AK,F
10:01:45,MYOR,RG,1800,10,D,PD,AK,F
10:01:45,MYOR,RG,1800,1,D,YP,AK,F
10:01:45,MYOR,RG,1800,1,D,XC,AK,F
10:01:45,MYOR,RG,1800,3,D,OD,AK,F
10:01:45,MYOR,RG,1800,1,D,DH,AK,F
10:01:45,MYOR,RG,1800,25,D,YP,AK,F
10:01:45,MYOR,RG,1800,2,D,EP,AK,F
10:01:45,MYOR,RG,1800,13,D,XC,AK,F
10:01:45,MYOR,RG,1800,30,D,OD,AK,F
10:01:45,MYOR,RG,1800,10,D,YP,AK,F
10:01:45,MYOR,RG,1800,5,D,XC,AK,F
10:01:45,MYOR,RG,1800,1,D,XL,AK,F
10:01:45,MYOR,RG,1800,1,D,XC,AK,F
10:01:45,MYOR,RG,1800,5,D,SQ,AK,F
10:01:45,MYOR,RG,1800,3,D,YP,AK,F
10:01:45,MYOR,RG,1800,1,D,PD,AK,F
10:01:45,MYOR,RG,1800,2,D,YP,AK,F
10:01:45,MYOR,RG,1800,1,D,YP,AK,F
10:01:45,MYOR,RG,1800,6,D,XC,AK,F
10:01:45,MYOR,RG,1800,27,D,YP,AK,F
10:01:45,MYOR,RG,1800,50,D,XL,AK,F
10:01:45,MYOR,RG,1800,2,D,XC,AK,F
10:01:45,MYOR,RG,1800,1,D,XC,AK,F
10:01:45,MYOR,RG,1800,1,D,XL,AK,F
10:01:45,MYOR,RG,1800,20,D,NI,AK,F
10:01:45,MYOR,RG,1800,5,D,XL,AK,F
10:01:45,MYOR,RG,1800,13,D,PD,AK,F
10:01:45,MYOR,RG,1800,7,D,PD,AK,F
10:01:45,MYOR,RG,1800,18,D,CC,AK,F
10:01:45,MYOR,RG,1800,5,D,PD,AK,F
10:01:45,MYOR,RG,1800,10,D,PD,AK,F
10:01:45,MYOR,RG,1800,100,D,NI,AK,F
10:01:45,MYOR,RG,1800,3,D,SQ,AK,F
10:01:45,MYOR,RG,1800,20,D,YP,AK,F
10:01:45,MYOR,RG,1800,1,D,PD,AK,F
10:01:45,MYOR,RG,1800,2,D,PD,AK,F
10:01:45,MYOR,RG,1800,1,D,XC,AK,F
10:01:45,MYOR,RG,1800,2,D,YP,AK,F
10:01:45,MYOR,RG,1800,1,D,XL,AK,F
10:01:45,MYOR,RG,1800,1,D,XL,AK,F
10:01:45,MYOR,RG,1800,1,D,PD,AK,F
10:01:45,MYOR,RG,1800,2,D,DH,AK,F
10:01:45,MYOR,RG,1800,30,D,TP,AK,F
10:01:45,MYOR,RG,1800,15,D,CP,AK,F
10:01:45,MYOR,RG,1800,35,D,CP,AK,F
10:01:45,MYOR,RG,1800,10,D,PD,AK,F
10:01:45,MYOR,RG,1800,5,D,YP,AK,F
10:01:45,MYOR,RG,1800,1,D,XC,AK,F
10:01:45,MYOR,RG,1800,5,D,XC,AK,F
10:01:45,MYOR,RG,1800,1,D,NI,AK,F
10:01:45,MYOR,RG,1800,10,D,YP,AK,F
10:01:45,MYOR,RG,1800,1,D,NI,AK,F
10:01:45,MYOR,RG,1800,150,D,YU,AK,F
10:01:45,MYOR,RG,1800,1,D,AI,AK,F
10:01:45,MYOR,RG,1800,1,D,AI,PD,D
10:01:44,MYOR,RG,1800,10,D,AI,AK,F
10:01:44,MYOR,RG,1800,1,D,YP,AK,F
10:01:44,MYOR,RG,1800,1,D,PD,AK,F
10:01:44,MYOR,RG,1800,25,D,KK,AK,F
10:01:44,MYOR,RG,1800,3,D,YP,AK,F
10:01:44,MYOR,RG,1800,2,D,YP,AK,F
10:01:44,MYOR,RG,1800,2,D,YP,AK,F
10:01:44,MYOR,RG,1800,1,D,XC,AK,F
10:01:44,MYOR,RG,1800,1,D,PD,AK,F
10:01:44,MYOR,RG,1800,1,D,PD,AK,F
10:01:44,MYOR,RG,1800,1,D,DH,AK,F
10:01:44,MYOR,RG,1800,30,D,KK,AK,F
10:01:44,MYOR,RG,1800,30,D,YU,AK,F
10:01:44,MYOR,RG,1800,2,D,NI,AK,F
10:01:44,MYOR,RG,1800,109,D,NI,AK,F
10:01:44,MYOR,RG,1800,91,D,NI,YU,D
10:01:44,MYOR,RG,1800,10,D,NI,YU,D
10:01:44,MYOR,RG,1800,10,D,YP,YU,D
10:01:44,MYOR,RG,1800,5,D,CC,YU,D
10:01:44,MYOR,RG,1800,10,D,NI,YU,D
10:01:44,MYOR,RG,1800,25,D,YP,YU,D
10:01:44,MYOR,RG,1800,20,D,PD,YU,D
10:01:44,MYOR,RG,1800,20,D,DH,YU,D
10:01:44,MYOR,RG,1800,1,D,XC,YU,D
10:01:44,MYOR,RG,1800,1,D,PD,YU,D
10:01:44,MYOR,RG,1800,8,D,SQ,YU,D
10:01:35,MYOR,RG,1800,3,D,SQ,BK,F
10:01:32,MYOR,RG,1800,140,D,SQ,CC,D
10:01:20,MYOR,RG,1805,2,D,PD,KZ,F
10:01:20,MYOR,RG,1805,3,D,PD,ZP,D
10:00:42,MYOR,RG,1805,1,D,XC,ZP,D
10:00:26,MYOR,RG,1800,16,D,SQ,KZ,F
10:00:11,MYOR,RG,1800,2,D,SQ,XC,D
09:59:59,MYOR,RG,1800,120,D,SQ,DH,D
09:59:56,MYOR,RG,1800,1,D,SQ,KZ,F
09:59:52,MYOR,RG,1800,10,D,SQ,RO,D
09:59:52,MYOR,RG,1800,10,D,NI,RO,D
09:59:45,MYOR,RG,1800,1,D,KK,AK,F
09:59:45,MYOR,RG,1800,2,D,XC,AK,F
09:59:45,MYOR,RG,1800,1,D,NI,AK,F
09:59:45,MYOR,RG,1800,2,D,PD,AK,F
09:59:45,MYOR,RG,1800,1,D,AT,AK,F
09:59:33,MYOR,RG,1805,5,D,PD,ZP,D
09:59:30,MYOR,RG,1800,2,D,AT,AK,F
09:59:12,MYOR,RG,1805,1,D,XL,ZP,D
09:57:31,MYOR,RG,1800,7,D,AT,KZ,F
09:57:31,MYOR,RG,1800,1,D,NI,KZ,F
09:57:31,MYOR,RG,1800,2,D,NI,KZ,F
09:57:31,MYOR,RG,1800,10,D,NI,KZ,F
09:57:31,MYOR,RG,1800,2,D,PD,KZ,F
09:57:31,MYOR,RG,1800,10,D,PD,KZ,F
09:57:31,MYOR,RG,1800,4,D,CC,KZ,F
09:57:26,MYOR,RG,1800,1,D,CC,KZ,F
09:57:26,MYOR,RG,1800,1,D,CC,KZ,F
09:57:26,MYOR,RG,1800,1,D,CC,KZ,F
09:57:26,MYOR,RG,1800,1,D,CC,KZ,F
09:57:21,MYOR,RG,1800,2,D,CC,KZ,F
09:57:21,MYOR,RG,1800,1,D,LG,KZ,F
09:57:21,MYOR,RG,1800,42,D,EP,KZ,F
09:57:16,MYOR,RG,1805,1,D,NI,ZP,D
09:57:16,MYOR,RG,1800,7,D,EP,KZ,F
09:57:16,MYOR,RG,1800,2,D,PD,KZ,F
09:57:16,MYOR,RG,1800,31,D,ZP,KZ,F
09:57:15,MYOR,RG,1800,7,D,ZP,AK,F
09:57:00,MYOR,RG,1800,3,D,ZP,AK,F
09:56:51,MYOR,RG,1800,3,D,ZP,KZ,F
09:56:29,MYOR,RG,1805,1,D,XC,ZP,D
09:55:49,MYOR,RG,1805,10,D,DH,ZP,D
09:55:45,MYOR,RG,1805,2,D,PD,ZP,D
09:55:34,MYOR,RG,1805,3,D,PD,ZP,D
09:55:11,MYOR,RG,1800,2,D,ZP,AK,F
09:55:11,MYOR,RG,1805,5,D,XC,ZP,D
09:54:43,MYOR,RG,1805,1,D,YP,ZP,D
09:54:31,MYOR,RG,1800,4,D,ZP,KZ,D
09:54:31,MYOR,RG,1800,1,D,XC,KZ,D
09:54:31,MYOR,RG,1800,5,D,CC,KZ,D
09:54:30,MYOR,RG,1800,3,D,XC,XC,D
09:54:30,MYOR,RG,1800,1,D,YP,XC,D
09:54:30,MYOR,RG,1800,10,D,NI,XC,D
09:54:30,MYOR,RG,1800,2,D,YP,XC,D
09:54:30,MYOR,RG,1800,1,D,YP,XC,D
09:54:30,MYOR,RG,1800,5,D,XC,XC,D
09:54:30,MYOR,RG,1800,1,D,NI,XC,D
09:54:30,MYOR,RG,1800,1,D,PD,XC,D
09:54:30,MYOR,RG,1800,10,D,BS,XC,D
09:54:30,MYOR,RG,1800,1,D,PD,XC,D
09:54:30,MYOR,RG,1800,10,D,YP,XC,D
09:54:30,MYOR,RG,1800,2,D,XC,XC,D
09:54:30,MYOR,RG,1800,54,F,ZP,XC,D
09:54:30,MYOR,RG,1800,5,D,EP,XC,D
09:54:30,MYOR,RG,1800,1,D,YP,XC,D
09:54:30,MYOR,RG,1800,10,D,CC,XC,D
09:54:30,MYOR,RG,1800,10,D,SQ,XC,D
09:54:30,MYOR,RG,1800,3,D,PD,XC,D
09:54:30,MYOR,RG,1800,20,D,YP,XC,D
09:54:15,MYOR,RG,1800,9,D,YP,AK,F
09:54:00,MYOR,RG,1805,1,D,XC,ZP,D
09:53:57,MYOR,RG,1800,21,D,YP,CC,D
09:53:57,MYOR,RG,1800,1,D,XL,CC,D
09:53:57,MYOR,RG,1800,10,D,CP,CC,D
09:53:57,MYOR,RG,1800,2,D,XC,CC,D
09:53:57,MYOR,RG,1800,5,D,DR,CC,D
09:53:57,MYOR,RG,1800,11,F,ZP,CC,D
09:53:22,MYOR,RG,1805,55,D,NI,ZP,D
09:53:06,MYOR,RG,1800,7,F,ZP,KZ,D
09:53:06,MYOR,RG,1800,1,D,YP,KZ,D
09:53:06,MYOR,RG,1800,1,D,YP,KZ,D
09:53:06,MYOR,RG,1800,23,D,DH,KZ,D
09:53:03,MYOR,RG,1800,7,D,DH,AK,F
09:53:03,MYOR,RG,1800,2,D,YP,AK,F
09:53:03,MYOR,RG,1800,3,D,XL,AK,F
09:53:03,MYOR,RG,1800,1,D,XL,AK,F
09:53:03,MYOR,RG,1800,1,D,XL,AK,F
09:53:03,MYOR,RG,1800,2,D,XL,AK,F
09:53:03,MYOR,RG,1800,2,D,XL,AK,F
09:53:03,MYOR,RG,1800,20,D,XL,AK,F
09:53:03,MYOR,RG,1800,1,D,XL,AK,F
09:53:03,MYOR,RG,1800,10,D,CC,AK,F
09:53:03,MYOR,RG,1800,50,D,YP,AK,F
09:53:03,MYOR,RG,1800,1,D,YP,AK,F
09:53:03,MYOR,RG,1800,2,D,KK,AK,F
09:53:03,MYOR,RG,1800,98,D,YP,AK,F
09:53:03,MYOR,RG,1800,52,D,YP,AK,F
09:53:03,MYOR,RG,1800,50,D,YP,SQ,D
09:53:03,MYOR,RG,1800,1,D,PD,SQ,D
09:53:03,MYOR,RG,1800,30,D,KK,SQ,D
09:53:03,MYOR,RG,1800,4,D,XL,SQ,D
09:53:03,MYOR,RG,1800,1,D,YP,SQ,D
09:53:03,MYOR,RG,1800,14,D,CC,SQ,D
09:52:49,MYOR,RG,1800,6,D,CC,CC,D
09:52:49,MYOR,RG,1800,5,D,PD,CC,D
09:52:49,MYOR,RG,1800,4,D,DH,CC,D
09:52:16,MYOR,RG,1800,3,D,DH,KZ,D
09:52:16,MYOR,RG,1800,3,D,DH,KZ,D
09:52:16,MYOR,RG,1800,11,D,YP,KZ,D
09:52:15,MYOR,RG,1805,43,F,ZP,ZP,D
09:52:15,MYOR,RG,1805,1,D,SQ,ZP,D
09:52:15,MYOR,RG,1805,1,D,XC,ZP,D
09:52:15,MYOR,RG,1805,36,D,YU,ZP,D
09:52:15,MYOR,RG,1805,1,D,NI,ZP,D
09:52:15,MYOR,RG,1805,10,D,XC,ZP,D
09:52:15,MYOR,RG,1805,1,D,YP,ZP,D
09:52:15,MYOR,RG,1805,15,D,PD,ZP,D
09:52:15,MYOR,RG,1805,1,D,YP,ZP,D
09:52:15,MYOR,RG,1805,1,D,PD,ZP,D
09:52:15,MYOR,RG,1805,3,D,XL,ZP,D
09:52:15,MYOR,RG,1805,33,D,YU,ZP,D
09:52:15,MYOR,RG,1805,6,D,PD,ZP,D
09:52:15,MYOR,RG,1805,10,D,NI,ZP,D
09:52:15,MYOR,RG,1805,50,D,YU,ZP,D
09:52:15,MYOR,RG,1805,10,D,YU,ZP,D
09:52:15,MYOR,RG,1805,10,D,YU,ZP,D
09:52:15,MYOR,RG,1805,5,D,YU,ZP,D
09:52:15,MYOR,RG,1805,18,D,NI,ZP,D
09:52:15,MYOR,RG,1805,5,D,YU,ZP,D
09:52:15,MYOR,RG,1805,5,D,YU,ZP,D
09:52:15,MYOR,RG,1805,2,D,YU,ZP,D
09:52:15,MYOR,RG,1805,2,D,YU,ZP,D
09:52:15,MYOR,RG,1805,2,D,YU,ZP,D
09:52:15,MYOR,RG,1805,2,D,YU,ZP,D
09:52:15,MYOR,RG,1805,1,F,AK,ZP,D
09:52:15,MYOR,RG,1805,2,D,YU,ZP,D
09:52:15,MYOR,RG,1805,2,D,YU,ZP,D
09:52:15,MYOR,RG,1805,1,D,YU,ZP,D
09:52:15,MYOR,RG,1805,1,D,YU,ZP,D
09:52:15,MYOR,RG,1805,131,D,CC,ZP,D
09:52:13,MYOR,RG,1805,58,D,CC,KZ,F
09:52:11,MYOR,RG,1805,11,D,CC,AK,F
09:52:11,MYOR,RG,1805,32,D,YU,AK,F
09:52:11,MYOR,RG,1805,17,D,YU,AK,F
09:52:11,MYOR,RG,1805,14,D,YU,AK,F
09:52:11,MYOR,RG,1805,1,D,YP,AK,F
09:52:11,MYOR,RG,1805,15,D,YU,AK,F
09:52:11,MYOR,RG,1805,2,D,YP,AK,F
09:52:11,MYOR,RG,1805,11,D,YU,AK,F
09:52:11,MYOR,RG,1805,11,D,YU,AK,F
09:52:11,MYOR,RG,1805,7,D,YU,AK,F
09:52:11,MYOR,RG,1805,5,D,YU,AK,F
09:52:11,MYOR,RG,1805,5,D,YU,AK,F
09:52:11,MYOR,RG,1805,4,D,YU,AK,F
09:52:11,MYOR,RG,1805,3,D,YU,AK,F
09:52:11,MYOR,RG,1805,1,D,YU,AK,F
09:52:11,MYOR,RG,1805,2,D,YU,AK,F
09:52:11,MYOR,RG,1805,2,D,YU,AK,F
09:52:11,MYOR,RG,1805,1,D,PD,AK,F
09:52:11,MYOR,RG,1805,1,F,AK,AK,F
09:52:11,MYOR,RG,1805,1,D,YP,AK,F
09:52:11,MYOR,RG,1805,10,D,SQ,AK,F
09:52:11,MYOR,RG,1805,5,D,BQ,AK,F
09:52:11,MYOR,RG,1805,1,D,EP,AK,F
09:52:11,MYOR,RG,1805,2,D,NI,AK,F
09:52:11,MYOR,RG,1805,1,D,YP,AK,F
09:52:11,MYOR,RG,1805,1,D,RS,AK,F
09:52:11,MYOR,RG,1805,1,D,XL,AK,F
09:52:11,MYOR,RG,1805,2,D,YP,AK,F
09:52:11,MYOR,RG,1805,11,D,PD,AK,F
09:52:11,MYOR,RG,1805,1,F,AK,AK,F
09:52:11,MYOR,RG,1805,1,D,NI,AK,F
09:52:11,MYOR,RG,1805,10,D,XL,AK,F
09:52:11,MYOR,RG,1805,8,D,AZ,AK,F
09:52:11,MYOR,RG,1805,8,D,AZ,AK,F
09:52:11,MYOR,RG,1805,1,D,YP,AK,F
09:52:11,MYOR,RG,1805,1,D,XC,AK,F
09:52:11,MYOR,RG,1805,5,D,PD,AK,F
09:52:11,MYOR,RG,1805,5,D,ZP,AK,F
09:52:11,MYOR,RG,1805,2,D,SQ,AK,F
09:52:11,MYOR,RG,1805,1,D,YP,AK,F
09:52:11,MYOR,RG,1805,1,D,NI,AK,F
09:52:11,MYOR,RG,1805,2,D,OD,AK,F
09:52:11,MYOR,RG,1805,2,D,OD,AK,F
09:52:11,MYOR,RG,1805,1,D,XC,AK,F
09:52:11,MYOR,RG,1805,1,F,AK,AK,F
09:52:11,MYOR,RG,1805,10,D,CC,AK,F
09:52:11,MYOR,RG,1805,1,D,NI,AK,F
09:52:11,MYOR,RG,1805,10,D,XC,AK,F
09:52:11,MYOR,RG,1805,70,D,CC,AK,F
09:52:11,MYOR,RG,1805,1,D,YP,AK,F
09:52:11,MYOR,RG,1805,2,D,XC,AK,F
09:52:11,MYOR,RG,1805,10,D,YP,AK,F
09:52:11,MYOR,RG,1805,3,D,PD,AK,F
09:52:11,MYOR,RG,1805,5,D,CC,AK,F
09:52:11,MYOR,RG,1805,5,D,XC,AK,F
09:52:11,MYOR,RG,1805,44,F,ZP,AK,F
09:52:11,MYOR,RG,1805,9,D,SQ,AK,F
09:52:11,MYOR,RG,1805,3,D,SQ,AK,F
09:52:11,MYOR,RG,1805,1,D,SQ,KZ,F
09:52:11,MYOR,RG,1805,3,D,SQ,KZ,F
09:52:10,MYOR,RG,1805,2,D,SQ,KZ,F
09:52:10,MYOR,RG,1805,20,D,SQ,HP,D
09:51:50,MYOR,RG,1805,3,D,SQ,KZ,F
09:51:50,MYOR,RG,1805,20,D,SQ,YP,D
09:51:46,MYOR,RG,1805,18,D,SQ,KZ,D
09:51:46,MYOR,RG,1805,5,D,SQ,KZ,D
09:51:45,MYOR,RG,1805,35,D,SQ,KZ,F
09:51:45,MYOR,RG,1805,250,D,SQ,ZP,D
09:51:37,MYOR,RG,1805,30,D,SQ,XL,D
09:50:56,MYOR,RG,1805,12,D,SQ,KZ,F
09:50:51,MYOR,RG,1805,1,D,SQ,KZ,F
09:50:48,MYOR,RG,1805,5,D,SQ,KZ,F
09:50:46,MYOR,RG,1805,2,D,SQ,KZ,F
09:50:46,MYOR,RG,1805,2,D,SQ,KZ,F
09:50:46,MYOR,RG,1805,1,D,SQ,KZ,F
09:50:46,MYOR,RG,1805,18,D,SQ,KZ,D
09:50:46,MYOR,RG,1805,18,D,SQ,KZ,D
09:50:46,MYOR,RG,1805,3,D,SQ,KZ,D
09:50:45,MYOR,RG,1810,1,D,SQ,ZP,D
09:50:13,MYOR,RG,1805,99,D,SQ,KZ,F
09:50:12,MYOR,RG,1805,7,D,SQ,AK,F
09:50:12,MYOR,RG,1805,36,D,SQ,AK,F
09:50:12,MYOR,RG,1805,162,D,SQ,AK,F
09:50:12,MYOR,RG,1805,162,D,SQ,AK,F
09:50:11,MYOR,RG,1805,162,D,SQ,AK,F
09:50:11,MYOR,RG,1805,162,D,SQ,AK,F
09:50:11,MYOR,RG,1805,23,D,SQ,KZ,F
09:50:07,MYOR,RG,1810,3,D,XC,ZP,D
09:49:30,MYOR,RG,1805,162,D,SQ,AK,F
09:49:30,MYOR,RG,1805,3,D,SQ,AK,F
09:49:04,MYOR,RG,1805,14,D,SQ,AK,F
09:48:45,MYOR,RG,1810,1,F,AK,ZP,D
09:47:45,MYOR,RG,1805,3,D,SQ,AK,F
09:46:46,MYOR,RG,1810,10,D,SQ,ZP,D
09:46:21,MYOR,RG,1805,12,D,SQ,KZ,F
09:46:21,MYOR,RG,1805,9,D,SQ,KZ,D
09:45:10,MYOR,RG,1805,2,D,SQ,NI,D
09:45:05,MYOR,RG,1810,5,D,YU,ZP,D
09:44:57,MYOR,RG,1810,12,F,ZP,ZP,D
09:44:57,MYOR,RG,1810,22,D,YU,KZ,D
09:44:57,MYOR,RG,1810,28,D,YU,AK,F
09:44:51,MYOR,RG,1810,5,D,YU,AK,F
09:44:50,MYOR,RG,1810,1,D,XC,AK,F
09:44:46,MYOR,RG,1810,5,D,YU,AK,F
09:44:13,MYOR,RG,1810,1,D,XC,AK,F
09:44:08,MYOR,RG,1810,3,D,XC,AK,F
09:43:48,MYOR,RG,1810,2,D,XC,AK,F
09:42:48,MYOR,RG,1810,1,D,PD,AK,F
09:41:49,MYOR,RG,1810,2,D,CP,AK,F
09:41:16,MYOR,RG,1805,42,D,SQ,KK,D
09:40:48,MYOR,RG,1810,1,D,PD,AK,F
09:40:22,MYOR,RG,1810,6,F,ZP,AK,F
09:39:00,MYOR,RG,1810,25,D,CC,AK,F
09:36:42,MYOR,RG,1810,10,D,XC,AK,F
09:35:59,MYOR,RG,1810,2,D,XL,AK,F
09:35:19,MYOR,RG,1805,10,D,SQ,XL,D
09:35:12,MYOR,RG,1810,5,D,YP,AK,F
09:34:38,MYOR,RG,1810,2,D,PD,AK,F
09:34:30,MYOR,RG,1810,10,F,ZP,AK,F
09:34:18,MYOR,RG,1810,1,D,XC,AK,F
09:34:17,MYOR,RG,1810,1,D,PD,AK,F
09:33:54,MYOR,RG,1810,1,D,CC,AK,F
09:32:21,MYOR,RG,1805,2,D,SQ,KZ,F
09:31:34,MYOR,RG,1805,3,D,SQ,YP,D
09:30:29,MYOR,RG,1810,6,D,PD,AK,F
09:30:21,MYOR,RG,1805,20,D,SQ,NI,D
09:30:09,MYOR,RG,1810,1,D,YP,AK,F
09:29:46,MYOR,RG,1805,3,D,SQ,KZ,D
09:29:31,MYOR,RG,1805,1,D,SQ,KZ,F
09:29:31,MYOR,RG,1805,1,D,SQ,KZ,D
09:29:28,MYOR,RG,1810,1,D,XC,AK,F
09:28:52,MYOR,RG,1810,9,D,XL,AK,F
09:28:52,MYOR,RG,1810,1,D,XL,KZ,F
09:28:43,MYOR,RG,1810,14,F,ZP,KZ,F
09:28:43,MYOR,RG,1810,11,F,ZP,KZ,D
09:28:43,MYOR,RG,1810,21,F,ZP,ZP,D
09:28:33,MYOR,RG,1810,2,D,OD,ZP,D
09:27:51,MYOR,RG,1810,5,D,PD,ZP,D
09:27:29,MYOR,RG,1810,1,D,XL,ZP,D
09:27:20,MYOR,RG,1805,5,D,SQ,XL,D
09:24:45,MYOR,RG,1805,5,D,SQ,EP,D
09:24:28,MYOR,RG,1805,12,D,SQ,KZ,F
09:24:28,MYOR,RG,1805,6,D,SQ,KZ,D
09:24:28,MYOR,RG,1805,40,D,SQ,KZ,F
09:24:28,MYOR,RG,1805,35,D,SQ,KZ,D
09:24:28,MYOR,RG,1805,117,D,SQ,DX,F
09:24:28,MYOR,RG,1805,3,D,SQ,AK,F
09:24:28,MYOR,RG,1805,3,D,SQ,AK,F
09:24:28,MYOR,RG,1805,8,D,SQ,AK,F
09:24:28,MYOR,RG,1805,8,D,SQ,AK,F
09:24:28,MYOR,RG,1805,2,D,SQ,KZ,F
09:24:28,MYOR,RG,1805,1,D,SQ,KZ,D
09:24:28,MYOR,RG,1805,100,D,SQ,ZP,D
09:24:28,MYOR,RG,1805,94,D,SQ,AK,F
09:24:05,MYOR,RG,1805,2,D,NI,KZ,F
09:24:03,MYOR,RG,1805,11,F,ZP,KZ,F
09:24:03,MYOR,RG,1805,3,F,ZP,KZ,D
09:23:51,MYOR,RG,1805,9,F,ZP,KZ,D
09:23:51,MYOR,RG,1805,5,F,ZP,AK,F
09:23:51,MYOR,RG,1805,89,D,CC,AK,F
09:23:51,MYOR,RG,1805,18,D,CC,KZ,F
09:23:51,MYOR,RG,1805,3,D,CC,KZ,D
09:23:46,MYOR,RG,1805,16,D,PD,KZ,D
09:23:46,MYOR,RG,1805,4,D,PD,KZ,F
09:23:17,MYOR,RG,1810,20,D,BS,ZP,D
09:23:15,MYOR,RG,1810,10,D,CC,ZP,D
09:22:57,MYOR,RG,1810,41,F,ZP,ZP,D
09:22:57,MYOR,RG,1810,4,F,ZP,CC,D
09:22:57,MYOR,RG,1810,2,F,ZP,KZ,D
09:22:57,MYOR,RG,1810,30,F,ZP,DX,F
09:22:57,MYOR,RG,1810,8,F,ZP,XC,D
09:22:57,MYOR,RG,1810,4,F,ZP,KZ,F
09:22:56,MYOR,RG,1805,13,F,ZP,ZP,D
09:22:56,MYOR,RG,1805,1,F,AK,ZP,D
09:22:56,MYOR,RG,1805,10,D,CC,ZP,D
09:22:56,MYOR,RG,1805,2,D,NI,ZP,D
09:22:56,MYOR,RG,1805,1,D,XL,ZP,D
09:22:56,MYOR,RG,1805,2,D,DX,ZP,D
09:22:56,MYOR,RG,1805,30,D,YU,ZP,D
09:22:56,MYOR,RG,1805,5,D,XC,ZP,D
09:22:56,MYOR,RG,1805,1,D,XC,ZP,D
09:22:56,MYOR,RG,1805,35,D,SQ,ZP,D
09:22:56,MYOR,RG,1805,2,D,SQ,KZ,F
09:22:56,MYOR,RG,1805,8,D,SQ,KZ,D
09:22:53,MYOR,RG,1805,1,D,SQ,KZ,F
09:22:53,MYOR,RG,1805,10,D,SQ,KZ,D
09:22:51,MYOR,RG,1805,3,D,SQ,KZ,F
09:22:51,MYOR,RG,1805,91,D,SQ,KZ,F
09:22:51,MYOR,RG,1805,64,D,SQ,KZ,D
09:22:49,MYOR,RG,1805,4,D,SQ,AK,F
09:22:49,MYOR,RG,1805,58,D,SQ,AK,F
09:22:49,MYOR,RG,1805,5,D,SQ,AK,F
09:22:48,MYOR,RG,1805,19,D,SQ,PD,D
09:22:48,MYOR,RG,1805,24,D,ZP,PD,D
09:22:48,MYOR,RG,1805,2,D,NI,PD,D
09:22:48,MYOR,RG,1805,10,D,YP,PD,D
09:22:48,MYOR,RG,1805,5,D,SQ,PD,D
09:22:48,MYOR,RG,1805,20,D,XC,PD,D
09:22:48,MYOR,RG,1805,1,D,DR,PD,D
09:22:48,MYOR,RG,1805,12,D,YU,PD,D
09:22:48,MYOR,RG,1805,12,D,YU,PD,D
09:22:48,MYOR,RG,1805,10,D,XC,PD,D
09:22:48,MYOR,RG,1805,33,D,YU,PD,D
09:22:48,MYOR,RG,1805,2,D,XC,PD,D
09:22:48,MYOR,RG,1805,30,D,XA,PD,D
09:22:48,MYOR,RG,1805,35,D,SQ,PD,D
09:22:48,MYOR,RG,1805,3,D,YP,PD,D
09:22:48,MYOR,RG,1805,1,D,XC,PD,D
09:22:48,MYOR,RG,1805,4,D,NI,PD,D
09:22:48,MYOR,RG,1805,17,D,YU,PD,D
09:22:48,MYOR,RG,1805,1,D,DH,PD,D
09:22:48,MYOR,RG,1805,1,D,YU,PD,D
09:22:48,MYOR,RG,1805,50,D,YP,PD,D
09:22:48,MYOR,RG,1805,10,D,XC,PD,D
09:22:48,MYOR,RG,1805,10,D,KK,PD,D
09:22:48,MYOR,RG,1805,2,D,NI,PD,D
09:22:48,MYOR,RG,1805,2,D,DH,PD,D
09:22:48,MYOR,RG,1805,5,D,KK,PD,D
09:22:48,MYOR,RG,1805,25,D,YP,PD,D
09:22:48,MYOR,RG,1805,5,D,YP,PD,D
09:22:48,MYOR,RG,1805,1,F,AK,PD,D
09:22:48,MYOR,RG,1805,1,D,LG,PD,D
09:22:48,MYOR,RG,1805,150,D,YU,PD,D
09:22:48,MYOR,RG,1805,1,D,YP,PD,D
09:22:48,MYOR,RG,1805,1,F,AK,PD,D
09:22:48,MYOR,RG,1805,1,F,AK,PD,D
09:22:48,MYOR,RG,1805,144,D,YP,PD,D
09:22:35,MYOR,RG,1810,11,D,XC,KZ,F
09:22:35,MYOR,RG,1810,2,D,XC,KZ,D
09:22:32,MYOR,RG,1810,2,D,DX,KZ,D
09:22:28,MYOR,RG,1810,5,D,DR,KZ,D
09:22:26,MYOR,RG,1805,6,D,YP,KZ,D
09:22:26,MYOR,RG,1805,1,D,PD,KZ,D
09:22:26,MYOR,RG,1805,1,D,YU,KZ,D
09:22:05,MYOR,RG,1805,1,D,YU,XC,D
09:22:00,MYOR,RG,1810,1,F,AK,KZ,D
09:21:24,MYOR,RG,1810,6,F,ZP,KZ,D
09:21:24,MYOR,RG,1810,7,F,ZP,AK,F
09:21:24,MYOR,RG,1810,2,D,AT,AK,F
09:21:24,MYOR,RG,1810,3,D,AT,YB,D
09:21:19,MYOR,RG,1810,1,D,XL,YB,D
09:21:16,MYOR,RG,1810,3,D,XC,YB,D
09:21:09,MYOR,RG,1810,3,D,PD,YB,D
09:21:05,MYOR,RG,1810,1,D,XC,YB,D
09:20:41,MYOR,RG,1810,10,D,CC,YB,D
09:20:34,MYOR,RG,1810,10,D,YP,YB,D
09:19:53,MYOR,RG,1810,1,D,CC,YB,D
09:19:34,MYOR,RG,1810,20,D,DH,YB,D
09:19:13,MYOR,RG,1810,1,D,SQ,YB,D
09:19:06,MYOR,RG,1810,9,D,CC,YB,D
09:19:06,MYOR,RG,1810,1,D,PD,YB,D
09:18:51,MYOR,RG,1810,3,D,XL,YB,D
09:18:17,MYOR,RG,1810,6,D,XC,YB,D
09:18:01,MYOR,RG,1805,1,D,NI,PD,D
09:17:33,MYOR,RG,1810,5,D,YU,YB,D
09:17:29,MYOR,RG,1810,5,D,YU,YB,D
09:17:26,MYOR,RG,1810,5,D,YU,YB,D
09:17:20,MYOR,RG,1810,3,F,ZP,YB,D
09:17:20,MYOR,RG,1810,6,F,ZP,AK,F
09:17:20,MYOR,RG,1810,2,F,ZP,AK,F
09:17:20,MYOR,RG,1810,26,F,ZP,DX,F
09:17:20,MYOR,RG,1810,20,D,YU,DX,F
09:17:20,MYOR,RG,1810,6,D,YU,KZ,D
09:17:20,MYOR,RG,1810,22,D,YU,KZ,F
09:17:20,MYOR,RG,1810,2,D,YU,KZ,D
09:17:16,MYOR,RG,1810,10,D,YU,ZP,D
09:16:57,MYOR,RG,1810,7,D,XC,ZP,D
09:16:52,MYOR,RG,1810,10,D,NI,ZP,D
09:16:47,MYOR,RG,1810,29,D,NI,ZP,D
09:16:19,MYOR,RG,1810,5,D,YP,ZP,D
09:16:13,MYOR,RG,1810,10,D,KK,ZP,D
09:15:59,MYOR,RG,1810,1,D,DH,ZP,D
09:15:50,MYOR,RG,1810,5,D,YP,ZP,D
09:15:24,MYOR,RG,1810,23,D,CC,ZP,D
09:15:24,MYOR,RG,1810,19,D,CC,KZ,F
09:15:24,MYOR,RG,1810,8,D,CC,KZ,D
09:14:34,MYOR,RG,1810,6,D,BQ,KZ,D
09:13:43,MYOR,RG,1805,2,D,YU,NI,D
09:13:43,MYOR,RG,1805,1,D,YU,NI,D
09:13:29,MYOR,RG,1805,1,D,YU,XC,D
09:13:10,MYOR,RG,1805,49,F,AK,KZ,F
09:13:10,MYOR,RG,1805,13,F,AK,KZ,D
09:13:10,MYOR,RG,1805,38,F,ZP,KZ,D
09:13:10,MYOR,RG,1805,19,F,ZP,DX,F
09:13:10,MYOR,RG,1805,17,D,KK,DX,F
09:13:10,MYOR,RG,1805,6,D,KK,AK,F
09:13:10,MYOR,RG,1805,2,D,KK,AK,F
09:13:10,MYOR,RG,1805,131,D,KK,YP,D
09:13:10,MYOR,RG,1805,8,D,KK,KZ,F
09:13:10,MYOR,RG,1805,34,D,KK,DX,F
09:13:10,MYOR,RG,1805,185,D,KK,GR,D
09:13:10,MYOR,RG,1805,4,D,KK,XL,D
09:13:10,MYOR,RG,1805,50,D,KK,EP,D
09:13:10,MYOR,RG,1805,1,D,KK,KZ,F
09:13:10,MYOR,RG,1805,7,D,KK,AK,F
09:13:10,MYOR,RG,1805,3,D,KK,AK,F
09:13:10,MYOR,RG,1805,8,D,KK,AK,F
09:13:10,MYOR,RG,1805,2,D,KK,KZ,D
09:13:10,MYOR,RG,1805,11,D,KK,KZ,F
09:13:10,MYOR,RG,1805,4,D,KK,KZ,D
09:13:10,MYOR,RG,1805,27,D,KK,DX,F
09:13:00,MYOR,RG,1805,4,D,NI,DX,F
09:12:58,MYOR,RG,1805,5,D,DH,DX,F
09:12:48,MYOR,RG,1805,2,D,BS,DX,F
09:12:48,MYOR,RG,1805,4,D,BS,KZ,D
09:12:48,MYOR,RG,1805,14,D,BS,KZ,F
09:12:40,MYOR,RG,1805,2,D,YP,KZ,F
09:12:38,MYOR,RG,1805,2,D,XC,KZ,F
09:12:38,MYOR,RG,1805,6,D,XC,KZ,F
09:12:38,MYOR,RG,1805,3,D,XC,AK,F
09:12:38,MYOR,RG,1805,4,D,XC,DX,F
09:12:17,MYOR,RG,1805,1,D,PD,DX,F
09:12:17,MYOR,RG,1805,10,D,BS,DX,F
09:12:10,MYOR,RG,1805,5,D,PD,DX,F
09:12:08,MYOR,RG,1805,19,D,YP,DX,F
09:12:08,MYOR,RG,1805,31,D,YP,ZP,D
09:11:54,MYOR,RG,1805,1,D,PD,ZP,D
09:11:49,MYOR,RG,1805,18,F,ZP,ZP,D
09:11:43,MYOR,RG,1805,7,D,YU,ZP,D
09:11:42,MYOR,RG,1805,4,D,YU,ZP,D
09:11:42,MYOR,RG,1805,38,D,YU,ZP,D
09:11:42,MYOR,RG,1805,1,D,YU,ZP,D
09:11:42,MYOR,RG,1805,10,D,YU,YP,D
09:11:42,MYOR,RG,1805,4,D,YU,YP,D
09:11:42,MYOR,RG,1805,1,D,YU,YP,D
09:11:42,MYOR,RG,1805,1,D,YU,AK,F
09:11:42,MYOR,RG,1805,2,D,YU,AK,F
09:11:42,MYOR,RG,1805,3,D,YU,AK,F
09:11:42,MYOR,RG,1805,2,D,YU,AK,F
09:11:42,MYOR,RG,1805,4,D,YU,AK,F
09:11:42,MYOR,RG,1805,11,D,YU,DX,F
09:11:42,MYOR,RG,1805,17,D,YU,DX,F
09:11:42,MYOR,RG,1805,7,D,YU,DX,F
09:11:42,MYOR,RG,1805,10,D,YU,KZ,F
09:11:42,MYOR,RG,1805,3,D,YU,KZ,F
09:11:42,MYOR,RG,1805,10,D,YU,KZ,F
09:11:42,MYOR,RG,1805,19,D,YU,KZ,F
09:11:41,MYOR,RG,1805,8,D,YU,KZ,D
09:11:11,MYOR,RG,1800,6,D,YP,KZ,F
09:11:11,MYOR,RG,1800,4,D,YP,KZ,D
09:10:43,MYOR,RG,1805,5,D,YP,KZ,D
09:10:20,MYOR,RG,1805,1,F,ZP,KZ,D
09:10:18,MYOR,RG,1805,1,D,YP,KZ,D
09:10:13,MYOR,RG,1805,1,D,YU,KZ,D
09:10:05,MYOR,RG,1805,2,D,YU,KZ,D
09:09:59,MYOR,RG,1805,1,D,YU,KZ,D
09:09:56,MYOR,RG,1805,1,D,YU,KZ,D
09:09:50,MYOR,RG,1805,9,F,ZP,KZ,D
09:09:50,MYOR,RG,1805,1,F,ZP,YP,D
09:09:49,MYOR,RG,1805,1,D,YU,YP,D
09:09:43,MYOR,RG,1805,28,D,YP,YP,D
09:09:36,MYOR,RG,1800,16,D,YP,KZ,D
09:09:35,MYOR,RG,1805,28,D,YP,YP,D
09:09:30,MYOR,RG,1805,1,D,YU,YP,D
09:09:26,MYOR,RG,1805,24,F,ZP,YP,D
09:09:26,MYOR,RG,1805,2,D,YU,YP,D
09:09:21,MYOR,RG,1800,8,D,YP,KZ,D
09:09:20,MYOR,RG,1805,4,D,YU,YP,D
09:09:15,MYOR,RG,1805,1,D,YU,YP,D
09:09:11,MYOR,RG,1805,19,D,YU,YP,D
09:09:06,MYOR,RG,1805,10,D,YU,YP,D
09:09:02,MYOR,RG,1805,12,D,YU,YP,D
09:09:00,MYOR,RG,1805,1,D,XC,YP,D
09:08:58,MYOR,RG,1805,10,D,NI,YP,D
09:08:57,MYOR,RG,1805,7,D,YU,YP,D
09:08:52,MYOR,RG,1805,18,D,YU,YP,D
09:08:45,MYOR,RG,1805,11,D,YU,YP,D
09:08:34,MYOR,RG,1805,4,D,XC,YP,D
09:08:34,MYOR,RG,1805,1,D,XC,AK,F
09:08:29,MYOR,RG,1805,1,D,CC,AK,F
09:08:09,MYOR,RG,1805,2,F,ZP,AK,F
09:08:09,MYOR,RG,1805,6,F,ZP,AK,F
09:08:09,MYOR,RG,1805,10,F,ZP,AK,F
09:08:09,MYOR,RG,1805,6,F,ZP,AK,F
09:08:09,MYOR,RG,1805,19,F,ZP,AK,F
09:08:09,MYOR,RG,1805,89,F,ZP,DX,F
09:08:05,MYOR,RG,1805,30,D,SQ,DX,F
