Time,Stock,Brd,Price,Qty,BT,BC,SC,ST
15:14:35,MYOR,RG,2400,1,D,YP,XC,D
15:13:45,MYOR,RG,2400,1,F,PD,YP,D
15:12:52,MYOR,RG,2400,1,F,PD,YP,D
15:11:24,MYOR,RG,2400,6,F,PD,PD,D
15:10:56,MYOR,RG,2400,1,F,PD,XC,D
15:10:50,MYOR,RG,2400,1,D,XC,YP,D
15:10:12,MYOR,RG,2400,5,D,LG,YP,D
15:07:27,MYOR,RG,2400,2,D,XC,YP,D
15:07:27,MYOR,RG,2400,363,F,PD,YP,D
15:07:27,MYOR,RG,2400,5,D,XC,YP,D
15:07:27,MYOR,RG,2400,1,D,XC,YP,D
15:07:27,MYOR,RG,2400,23,D,AZ,YP,D
15:07:27,MYOR,RG,2400,17,D,XC,YP,D
15:07:27,MYOR,RG,2400,1,D,XC,YP,D
15:07:27,MYOR,RG,2400,1,D,XL,YP,D
15:07:27,MYOR,RG,2400,5,D,LG,YP,D
15:07:27,MYOR,RG,2400,50,D,CP,YP,D
15:07:27,MYOR,RG,2400,1,D,XC,YP,D
15:07:27,MYOR,RG,2400,986,F,PD,YP,D
15:06:03,MYOR,RG,2400,1,F,PD,YP,D
15:05:11,MYOR,RG,2400,1,F,PD,CC,D
15:04:59,MYOR,RG,2400,500,F,PD,MG,D
15:04:50,MYOR,RG,2400,50,F,PD,XL,D
15:04:10,MYOR,RG,2400,2,F,PD,CC,D
15:02:37,MYOR,RG,2400,10,F,PD,DR,D
15:01:56,MYOR,RG,2400,1,F,PD,PD,D
15:01:54,MYOR,RG,2400,29,F,PD,YP,D
15:01:27,MYOR,RG,2400,9,F,PD,XL,D
15:01:26,MYOR,RG,2400,911,F,PD,SQ,D
15:01:26,MYOR,RG,2400,170,D,SQ,SQ,D
15:01:26,MYOR,RG,2400,20,D,CC,SQ,D
15:01:26,MYOR,RG,2400,3,D,OD,SQ,D
15:01:26,MYOR,RG,2400,20,D,CC,SQ,D
15:01:26,MYOR,RG,2400,30,D,YU,SQ,D
15:01:26,MYOR,RG,2400,346,D,KI,SQ,D
15:01:12,MYOR,RG,2400,5,D,KI,DR,D
15:00:00,MYOR,RG,2400,50,D,KI,GR,D
15:00:00,MYOR,RG,2400,27,D,KI,XC,D
15:00:00,MYOR,RG,2400,20,D,KI,YP,D
15:00:00,MYOR,RG,2400,20,D,KI,PD,D
15:00:00,MYOR,RG,2400,10,D,KI,NI,D
15:00:00,MYOR,RG,2400,4,D,KI,DR,D
15:00:00,MYOR,RG,2400,92,D,KI,PD,D
15:00:00,MYOR,RG,2400,7,D,KI,BQ,D
15:00:00,MYOR,RG,2400,6,D,KI,XL,D
15:00:00,MYOR,RG,2400,10,D,KI,GR,D
15:00:00,MYOR,RG,2400,7,D,KI,XC,D
15:00:00,MYOR,RG,2400,1,D,KI,CC,D
15:00:00,MYOR,RG,2400,2,D,KI,OD,F
15:00:00,MYOR,RG,2400,20,D,KI,RG,D
15:00:00,MYOR,RG,2400,373,D,KI,KI,D
15:00:00,MYOR,RG,2400,6,D,YP,KI,D
15:00:00,MYOR,RG,2400,10,D,YJ,KI,D
15:00:00,MYOR,RG,2400,1,D,XC,KI,D
15:00:00,MYOR,RG,2400,100,D,AZ,KI,D
15:00:00,MYOR,RG,2400,100,D,AG,KI,D
15:00:00,MYOR,RG,2400,5,D,DR,KI,D
15:00:00,MYOR,RG,2400,6,D,PD,KI,D
15:00:00,MYOR,RG,2400,50,D,EP,KI,D
15:00:00,MYOR,RG,2400,16,D,LG,KI,D
15:00:00,MYOR,RG,2400,200,D,IF,KI,D
15:00:00,MYOR,RG,2400,133,D,EP,KI,D
15:00:00,MYOR,RG,2400,114,D,EP,YB,D
15:00:00,MYOR,RG,2400,1,D,YP,YB,D
15:00:00,MYOR,RG,2400,8,D,YP,YB,D
15:00:00,MYOR,RG,2400,5,D,DH,YB,D
15:00:00,MYOR,RG,2400,22,F,BK,YB,D
15:00:00,MYOR,RG,2400,50,F,BK,YB,D
15:00:00,MYOR,RG,2400,123,F,BK,DX,D
15:00:00,MYOR,RG,2400,27,F,BK,AK,F
15:00:00,MYOR,RG,2400,16,F,BK,AK,F
15:00:00,MYOR,RG,2400,52,F,BK,AK,F
15:00:00,MYOR,RG,2400,25,F,BK,AK,F
15:00:00,MYOR,RG,2400,29,D,BB,AK,F
15:00:00,MYOR,RG,2400,119,D,IF,AK,F
15:00:00,MYOR,RG,2400,5,D,IF,AK,F
15:00:00,MYOR,RG,2400,3,D,IF,AK,F
15:00:00,MYOR,RG,2400,8,D,IF,AK,F
15:00:00,MYOR,RG,2400,332,D,IF,AK,F
14:49:48,MYOR,RG,2400,4,F,PD,XL,D
14:49:45,MYOR,RG,2400,1,F,PD,AK,F
14:49:45,MYOR,RG,2400,2,F,PD,AK,F
14:49:45,MYOR,RG,2400,1,F,PD,AK,F
14:49:45,MYOR,RG,2400,51,F,PD,AK,F
14:49:45,MYOR,RG,2400,7,F,PD,AK,F
14:49:34,MYOR,RG,2400,50,F,PD,YP,D
14:49:33,MYOR,RG,2400,19,F,PD,RX,D
14:49:33,MYOR,RG,2400,1,D,XC,RX,D
14:49:33,MYOR,RG,2400,1,D,YP,RX,D
14:49:33,MYOR,RG,2400,1,D,NI,RX,D
14:49:30,MYOR,RG,2400,1,F,BK,AK,F
14:49:30,MYOR,RG,2400,1,F,BK,AK,F
14:49:30,MYOR,RG,2400,1,F,BK,AK,F
14:49:30,MYOR,RG,2400,1,F,BK,AK,F
14:49:30,MYOR,RG,2400,30,F,BK,AK,F
14:49:30,MYOR,RG,2400,15,F,BK,AK,F
14:49:29,MYOR,RG,2400,25,F,BK,YP,D
14:49:21,MYOR,RG,2400,12,F,BK,RX,D
14:49:04,MYOR,RG,2400,77,F,BK,CC,D
14:49:04,MYOR,RG,2400,323,D,YU,CC,D
14:49:04,MYOR,RG,2400,19,D,YU,RX,D
14:49:01,MYOR,RG,2410,8,F,BK,YP,D
14:48:33,MYOR,RG,2400,12,D,YU,RX,D
14:48:29,MYOR,RG,2400,100,D,YU,GR,D
14:48:14,MYOR,RG,2400,15,D,YU,RX,D
14:47:48,MYOR,RG,2400,4,D,YU,DR,D
14:47:35,MYOR,RG,2400,1,D,YU,CC,D
14:47:31,MYOR,RG,2400,24,D,YU,CC,D
14:47:14,MYOR,RG,2400,1,D,YU,AK,F
14:47:14,MYOR,RG,2400,3,D,YU,AK,F
14:47:14,MYOR,RG,2400,2,D,YU,AK,F
14:47:14,MYOR,RG,2400,6,D,YU,AK,F
14:47:14,MYOR,RG,2400,4,D,YU,AK,F
14:47:14,MYOR,RG,2400,1,D,YU,AK,F
14:47:14,MYOR,RG,2400,1,D,YU,AK,F
14:47:14,MYOR,RG,2400,1,D,YU,AK,F
14:47:14,MYOR,RG,2400,138,D,YU,AK,F
14:47:14,MYOR,RG,2400,26,D,YU,CC,D
14:47:12,MYOR,RG,2400,332,D,YU,CC,D
14:47:12,MYOR,RG,2400,80,D,YU,AK,F
14:47:12,MYOR,RG,2400,18,D,YU,AK,F
14:47:12,MYOR,RG,2400,381,D,YU,YP,D
14:46:54,MYOR,RG,2390,1,F,PD,DX,D
14:46:32,MYOR,RG,2390,1,F,PD,DX,D
14:46:12,MYOR,RG,2400,5,D,AZ,YP,D
14:46:02,MYOR,RG,2400,1,D,PD,YP,D
14:46:02,MYOR,RG,2400,5,D,PD,YP,D
14:46:02,MYOR,RG,2400,13,F,BK,YP,D
14:46:02,MYOR,RG,2400,37,D,OD,YP,D
14:46:02,MYOR,RG,2400,2,F,CC,YP,D
14:46:02,MYOR,RG,2400,2,D,CC,YP,D
14:46:02,MYOR,RG,2400,476,D,YU,YP,D
14:46:02,MYOR,RG,2400,3,D,YP,YP,D
14:46:02,MYOR,RG,2400,13,F,BK,YP,D
14:46:02,MYOR,RG,2400,62,F,BK,YP,D
14:45:57,MYOR,RG,2400,209,F,BK,YP,D
14:45:57,MYOR,RG,2400,3,D,XC,YP,D
14:45:57,MYOR,RG,2400,13,F,BK,YP,D
14:45:57,MYOR,RG,2400,575,F,PD,YP,D
14:45:38,MYOR,RG,2400,7,F,PD,YP,D
14:45:35,MYOR,RG,2400,3,F,PD,DH,D
14:45:12,MYOR,RG,2400,1,F,PD,DX,D
14:44:54,MYOR,RG,2400,5,F,PD,DX,D
14:44:51,MYOR,RG,2410,397,D,CC,YP,D
14:44:43,MYOR,RG,2410,1,D,CC,YP,D
14:44:41,MYOR,RG,2410,2,D,CC,YP,D
14:44:36,MYOR,RG,2410,192,D,YU,YP,D
14:44:25,MYOR,RG,2400,6,F,PD,DX,D
14:44:10,MYOR,RG,2410,1,D,CC,YP,D
14:44:06,MYOR,RG,2400,6,F,PD,PD,D
14:43:52,MYOR,RG,2400,1,F,PD,DX,D
14:43:30,MYOR,RG,2400,28,F,PD,PD,D
14:42:58,MYOR,RG,2410,14,D,PD,YP,D
14:42:54,MYOR,RG,2400,2,F,PD,NI,D
14:42:33,MYOR,RG,2400,3,F,PD,PD,D
14:42:02,MYOR,RG,2400,9,F,PD,AK,F
14:42:02,MYOR,RG,2400,4,F,PD,AK,F
14:42:02,MYOR,RG,2400,15,F,PD,AK,F
14:42:02,MYOR,RG,2400,7,F,PD,AK,F
14:42:02,MYOR,RG,2400,173,F,PD,CC,D
14:42:00,MYOR,RG,2400,127,D,CC,CC,D
14:42:00,MYOR,RG,2400,420,D,CC,CC,D
14:41:32,MYOR,RG,2400,80,D,YU,CC,D
14:41:28,MYOR,RG,2400,155,D,YU,AK,F
14:41:28,MYOR,RG,2400,1,D,YU,DX,D
14:41:28,MYOR,RG,2400,1,D,YU,CC,D
14:41:28,MYOR,RG,2400,5,D,YU,AK,F
14:41:28,MYOR,RG,2400,2,D,YU,AK,F
14:41:28,MYOR,RG,2400,8,D,YU,AK,F
14:41:25,MYOR,RG,2400,3,D,YU,AK,F
14:41:25,MYOR,RG,2400,6,D,YU,AK,F
14:41:25,MYOR,RG,2400,186,D,YU,AK,F
14:40:45,MYOR,RG,2400,36,D,YU,AK,F
14:40:45,MYOR,RG,2400,78,D,YU,AK,F
14:40:45,MYOR,RG,2400,1,D,YU,DX,D
14:40:45,MYOR,RG,2400,1,D,YU,YP,D
14:40:45,MYOR,RG,2400,139,D,YU,RX,D
14:40:45,MYOR,RG,2400,2,D,YU,AK,F
14:40:45,MYOR,RG,2400,2,D,YU,AK,F
14:40:45,MYOR,RG,2400,4,D,YU,AK,F
14:40:45,MYOR,RG,2400,1,D,YU,AK,F
14:40:45,MYOR,RG,2400,70,D,YU,AK,F
14:40:45,MYOR,RG,2400,505,D,YU,CC,D
14:40:45,MYOR,RG,2400,6,D,YU,DX,D
14:40:38,MYOR,RG,2390,1,D,YU,XL,D
14:39:52,MYOR,RG,2390,20,D,YU,CC,D
14:39:29,MYOR,RG,2390,12,D,YU,HP,D
14:39:29,MYOR,RG,2390,2,D,YU,PD,D
14:39:23,MYOR,RG,2390,20,D,YU,CC,D
14:39:19,MYOR,RG,2390,6,D,YU,DX,D
14:39:19,MYOR,RG,2390,1094,D,YU,AZ,D
14:39:16,MYOR,RG,2390,150,D,YU,AZ,D
14:39:16,MYOR,RG,2390,1,D,XL,AZ,D
14:39:16,MYOR,RG,2390,1,F,CC,AZ,D
14:39:16,MYOR,RG,2390,10,D,YP,AZ,D
14:39:16,MYOR,RG,2390,100,D,YP,AZ,D
14:39:16,MYOR,RG,2390,1,D,YP,AZ,D
14:39:16,MYOR,RG,2390,5,D,YP,AZ,D
14:39:16,MYOR,RG,2390,63,D,CC,AZ,D
14:39:16,MYOR,RG,2390,40,D,PD,AZ,D
14:39:16,MYOR,RG,2390,5,D,LG,AZ,D
14:39:16,MYOR,RG,2390,100,D,YP,AZ,D
14:39:16,MYOR,RG,2390,1,D,XC,AZ,D
14:39:16,MYOR,RG,2390,6,D,PD,AZ,D
14:39:16,MYOR,RG,2390,1,F,BK,AZ,D
14:39:16,MYOR,RG,2390,3,D,DR,AZ,D
14:39:16,MYOR,RG,2390,848,D,YU,AZ,D
14:39:16,MYOR,RG,2400,271,F,BK,AZ,D
14:39:16,MYOR,RG,2400,300,D,CC,AZ,D
14:39:14,MYOR,RG,2410,40,D,YU,YP,D
14:39:14,MYOR,RG,2400,35,D,CC,LG,D
14:39:13,MYOR,RG,2400,10,D,CC,NI,D
14:39:12,MYOR,RG,2410,80,D,YU,YP,D
14:39:12,MYOR,RG,2400,1,D,CC,XC,D
14:39:01,MYOR,RG,2410,32,D,CC,YP,D
14:39:01,MYOR,RG,2410,4,D,CC,XC,D
14:39:01,MYOR,RG,2410,163,D,CC,AK,F
14:39:01,MYOR,RG,2410,2,D,CC,AK,F
14:39:01,MYOR,RG,2410,3,D,CC,AK,F
14:39:01,MYOR,RG,2410,3,D,CC,AK,F
14:39:01,MYOR,RG,2410,3,D,CC,AK,F
14:39:01,MYOR,RG,2410,6,D,CC,AK,F
14:39:01,MYOR,RG,2410,5,D,CC,AK,F
14:39:01,MYOR,RG,2410,1,D,CC,AK,F
14:39:01,MYOR,RG,2410,1,D,CC,AK,F
14:39:01,MYOR,RG,2410,1,D,CC,AK,F
14:39:01,MYOR,RG,2410,122,D,CC,AK,F
14:39:01,MYOR,RG,2410,119,D,CC,AK,F
14:39:00,MYOR,RG,2400,1,D,CC,DX,D
14:38:39,MYOR,RG,2390,50,D,YU,YP,D
14:38:30,MYOR,RG,2390,108,D,YU,AZ,D
14:38:30,MYOR,RG,2390,15,F,BK,AZ,D
14:38:30,MYOR,RG,2390,125,F,PD,AZ,D
14:38:30,MYOR,RG,2400,264,F,BK,AZ,D
14:38:30,MYOR,RG,2400,288,F,PD,AZ,D
14:38:30,MYOR,RG,2400,1,F,PD,PD,D
14:38:25,MYOR,RG,2400,1,F,PD,DX,D
14:38:18,MYOR,RG,2400,50,F,PD,PD,D
14:38:18,MYOR,RG,2400,1,F,PD,SQ,D
14:38:18,MYOR,RG,2400,1,F,PD,AK,F
14:38:18,MYOR,RG,2400,58,F,PD,RX,D
14:38:07,MYOR,RG,2400,91,F,PD,RX,D
14:38:07,MYOR,RG,2400,50,F,PD,SQ,D
14:38:07,MYOR,RG,2400,416,F,PD,CC,D
14:38:07,MYOR,RG,2400,142,F,PD,CC,D
14:38:07,MYOR,RG,2400,1,F,PD,AK,F
14:38:00,MYOR,RG,2390,1,F,PD,AK,F
14:38:00,MYOR,RG,2390,174,F,PD,CC,D
14:38:00,MYOR,RG,2390,5,D,PD,CC,D
14:38:00,MYOR,RG,2390,13,D,YP,CC,D
14:38:00,MYOR,RG,2390,100,D,YP,CC,D
14:38:00,MYOR,RG,2390,1,D,YP,CC,D
14:38:00,MYOR,RG,2390,1,D,AZ,CC,D
14:38:00,MYOR,RG,2390,25,D,KK,CC,D
14:38:00,MYOR,RG,2390,5,D,PD,CC,D
14:38:00,MYOR,RG,2390,1,D,CC,CC,D
14:38:00,MYOR,RG,2390,10,D,ZP,CC,D
14:38:00,MYOR,RG,2390,1,D,XL,CC,D
14:38:00,MYOR,RG,2390,2,D,XC,CC,D
14:38:00,MYOR,RG,2390,11,D,DR,CC,D
14:38:00,MYOR,RG,2390,5,D,PD,CC,D
14:38:00,MYOR,RG,2390,10,D,XC,CC,D
14:38:00,MYOR,RG,2390,10,D,ZP,CC,D
14:38:00,MYOR,RG,2390,1,D,XC,CC,D
14:37:55,MYOR,RG,2400,201,F,AK,YP,D
14:37:55,MYOR,RG,2400,12,F,BK,YP,D
14:37:55,MYOR,RG,2400,257,F,BK,YP,D
14:37:55,MYOR,RG,2400,400,F,PD,YP,D
14:37:55,MYOR,RG,2400,330,D,CC,YP,D
14:37:47,MYOR,RG,2400,15,D,CC,RX,D
14:37:34,MYOR,RG,2410,1,D,CC,CC,D
14:37:21,MYOR,RG,2400,117,D,CC,AK,F
14:37:21,MYOR,RG,2400,13,F,BK,AK,F
14:37:21,MYOR,RG,2400,159,F,PD,AK,F
14:37:06,MYOR,RG,2400,13,F,PD,RX,D
14:37:00,MYOR,RG,2400,128,F,PD,CC,D
14:37:00,MYOR,RG,2400,157,D,CC,CC,D
14:37:00,MYOR,RG,2400,100,D,YP,CC,D
14:37:00,MYOR,RG,2400,11,F,BK,CC,D
14:37:00,MYOR,RG,2400,1,F,BK,DX,D
14:36:55,MYOR,RG,2400,5,F,BK,DX,D
14:36:31,MYOR,RG,2410,13,D,XC,CC,D
14:36:00,MYOR,RG,2410,176,D,CC,CC,D
14:36:00,MYOR,RG,2410,285,D,CC,CC,D
14:36:00,MYOR,RG,2410,175,D,CC,CC,D
14:36:00,MYOR,RG,2410,37,D,CC,EP,D
14:35:48,MYOR,RG,2400,10,F,BK,AK,F
14:35:45,MYOR,RG,2400,5,F,BK,AK,F
14:35:45,MYOR,RG,2400,91,F,BK,AK,F
14:35:44,MYOR,RG,2400,12,F,BK,RX,D
14:35:34,MYOR,RG,2400,1,F,BK,DX,D
14:35:11,MYOR,RG,2400,25,F,BK,RX,D
14:35:00,MYOR,RG,2400,68,F,BK,CC,D
14:35:00,MYOR,RG,2400,12,F,BK,CC,D
14:35:00,MYOR,RG,2400,1,D,YP,CC,D
14:35:00,MYOR,RG,2400,20,D,CC,CC,D
14:35:00,MYOR,RG,2400,25,D,YP,CC,D
14:35:00,MYOR,RG,2400,1,D,YP,CC,D
14:35:00,MYOR,RG,2400,2,D,OD,CC,D
14:35:00,MYOR,RG,2400,2,D,PD,CC,D
14:35:00,MYOR,RG,2400,5,D,XC,CC,D
14:35:00,MYOR,RG,2400,5,D,LG,CC,D
14:35:00,MYOR,RG,2400,10,D,AZ,CC,D
14:35:00,MYOR,RG,2400,10,D,AZ,CC,D
14:35:00,MYOR,RG,2400,3,D,PD,CC,D
14:35:00,MYOR,RG,2400,10,D,GR,CC,D
14:35:00,MYOR,RG,2400,100,D,YP,CC,D
14:35:00,MYOR,RG,2400,2,D,XC,CC,D
14:35:00,MYOR,RG,2400,36,F,PD,CC,D
14:35:00,MYOR,RG,2400,528,F,PD,CC,D
14:34:43,MYOR,RG,2400,5,F,PD,DH,D
14:34:28,MYOR,RG,2400,6,F,PD,DX,D
14:34:15,MYOR,RG,2400,2,F,PD,AK,F
14:34:08,MYOR,RG,2400,1,F,PD,DX,D
14:34:00,MYOR,RG,2400,4,F,PD,AK,F
14:33:53,MYOR,RG,2400,3,F,PD,AK,F
14:33:52,MYOR,RG,2400,13,F,PD,RX,D
14:33:45,MYOR,RG,2400,2,F,PD,AK,F
14:33:45,MYOR,RG,2400,1,D,DH,AK,F
14:33:45,MYOR,RG,2400,20,D,XC,AK,F
14:33:45,MYOR,RG,2400,10,D,CC,AK,F
14:33:45,MYOR,RG,2400,50,D,CC,AK,F
14:33:45,MYOR,RG,2400,1,D,YP,AK,F
14:33:45,MYOR,RG,2400,7,D,KI,AK,F
14:33:32,MYOR,RG,2400,6,D,KI,XC,D
14:33:14,MYOR,RG,2410,229,F,BK,EP,D
14:33:14,MYOR,RG,2410,1,D,YP,EP,D
14:33:14,MYOR,RG,2410,14,F,BK,EP,D
14:33:14,MYOR,RG,2410,8,D,CC,EP,D
14:33:11,MYOR,RG,2410,55,D,CC,RX,D
14:33:02,MYOR,RG,2410,94,D,CC,PD,D
14:33:02,MYOR,RG,2410,13,D,YP,PD,D
14:33:00,MYOR,RG,2410,237,D,YP,CC,D
14:33:00,MYOR,RG,2410,14,F,BK,CC,D
14:33:00,MYOR,RG,2410,191,F,BK,CC,D
14:32:58,MYOR,RG,2410,16,F,BK,RX,D
14:32:43,MYOR,RG,2410,1,F,BK,DX,D
14:32:41,MYOR,RG,2410,1,F,BK,LG,D
14:32:26,MYOR,RG,2410,4,F,BK,LG,D
14:32:26,MYOR,RG,2410,1,F,BK,PD,D
14:32:11,MYOR,RG,2410,1,F,BK,NI,D
14:32:04,MYOR,RG,2410,1,F,CC,RX,D
14:32:04,MYOR,RG,2410,2,D,OD,RX,D
14:32:04,MYOR,RG,2410,11,F,BK,RX,D
14:32:01,MYOR,RG,2410,3,F,BK,XC,D
14:31:54,MYOR,RG,2410,6,F,AK,DX,D
14:31:47,MYOR,RG,2410,4,F,AK,XL,D
14:31:45,MYOR,RG,2410,3,F,AK,AK,F
14:31:45,MYOR,RG,2410,5,F,AK,AK,F
14:31:20,MYOR,RG,2410,16,F,AK,RX,D
14:31:17,MYOR,RG,2410,1,F,AK,DX,D
14:31:02,MYOR,RG,2410,40,F,AK,NI,D
14:30:53,MYOR,RG,2410,3,F,AK,XL,D
14:30:50,MYOR,RG,2410,16,F,AK,YP,D
14:30:50,MYOR,RG,2410,63,D,CC,YP,D
14:30:50,MYOR,RG,2410,2,D,YP,YP,D
14:30:50,MYOR,RG,2410,2,F,CC,YP,D
14:30:50,MYOR,RG,2410,1,D,YP,YP,D
14:30:50,MYOR,RG,2410,6,D,HP,YP,D
14:30:50,MYOR,RG,2410,2,D,XL,YP,D
14:30:50,MYOR,RG,2410,2,D,XC,YP,D
14:30:50,MYOR,RG,2410,106,F,BK,YP,D
14:30:44,MYOR,RG,2410,2,F,BK,AK,F
14:30:43,MYOR,RG,2410,1,F,BK,KK,D
14:30:28,MYOR,RG,2410,13,F,BK,RX,D
14:30:09,MYOR,RG,2410,3,F,BK,XC,D
14:29:58,MYOR,RG,2410,2,F,BK,PD,D
14:29:54,MYOR,RG,2410,1,F,BK,CC,D
14:29:48,MYOR,RG,2410,1,F,BK,DX,D
14:29:25,MYOR,RG,2410,5,F,BK,DX,D
14:29:21,MYOR,RG,2410,1,F,BK,CC,D
14:29:03,MYOR,RG,2410,25,F,BK,CC,D
14:29:00,MYOR,RG,2420,2,D,MK,CC,D
14:29:00,MYOR,RG,2420,6,D,MK,KK,D
14:28:51,MYOR,RG,2410,4,F,BK,PD,D
14:28:45,MYOR,RG,2410,2,F,BK,AK,F
14:28:45,MYOR,RG,2410,4,F,BK,AK,F
14:28:39,MYOR,RG,2420,5,D,XC,KK,D
14:28:39,MYOR,RG,2420,20,D,XC,CC,D
14:28:39,MYOR,RG,2420,3,D,XC,PD,D
14:28:39,MYOR,RG,2420,40,D,XC,EP,D
14:28:39,MYOR,RG,2420,2,D,XC,CC,D
14:28:23,MYOR,RG,2410,21,F,BK,DH,D
14:28:19,MYOR,RG,2410,25,F,BK,CC,D
14:27:56,MYOR,RG,2410,5,F,BK,XC,D
14:27:48,MYOR,RG,2410,1,F,BK,DX,D
14:27:45,MYOR,RG,2410,1,F,BK,AK,F
14:27:30,MYOR,RG,2410,2,F,BK,AK,F
14:27:30,MYOR,RG,2410,3,F,BK,AK,F
14:27:00,MYOR,RG,2410,5,F,BK,DX,D
14:26:37,MYOR,RG,2410,1,F,BK,XC,D
14:26:34,MYOR,RG,2410,10,F,BK,XC,D
14:26:32,MYOR,RG,2410,1,F,BK,XC,D
14:26:26,MYOR,RG,2410,1,F,AK,XC,D
14:26:20,MYOR,RG,2410,1,F,AK,XC,D
14:26:14,MYOR,RG,2410,1,F,AK,XC,D
14:25:59,MYOR,RG,2410,1,F,AK,XC,D
14:25:53,MYOR,RG,2410,1,F,AK,XC,D
14:25:48,MYOR,RG,2410,1,F,AK,DX,D
14:25:47,MYOR,RG,2410,1,F,AK,XC,D
14:25:39,MYOR,RG,2410,1,F,AK,XC,D
14:25:26,MYOR,RG,2410,1,F,AK,XC,D
14:25:24,MYOR,RG,2420,8,D,YP,CC,D
14:25:24,MYOR,RG,2420,2,D,YP,KK,D
14:25:02,MYOR,RG,2420,2,D,XL,KK,D
14:24:57,MYOR,RG,2410,50,F,AK,NI,D
14:24:39,MYOR,RG,2410,10,F,AK,LG,D
14:24:29,MYOR,RG,2410,2,F,AK,YP,D
14:24:29,MYOR,RG,2410,6,F,AK,DX,D
14:23:48,MYOR,RG,2410,1,F,AK,DX,D
14:23:40,MYOR,RG,2420,1,D,HP,KK,D
14:23:40,MYOR,RG,2420,5,D,HP,KK,D
14:23:34,MYOR,RG,2410,34,F,AK,YP,D
14:23:29,MYOR,RG,2410,1,F,AK,XC,D
14:23:15,MYOR,RG,2410,1,F,AK,SQ,D
14:23:09,MYOR,RG,2410,2,F,AK,AT,D
14:22:57,MYOR,RG,2410,1,F,AK,XC,D
14:21:59,MYOR,RG,2420,2,D,EP,KK,D
14:21:59,MYOR,RG,2420,50,D,EP,YP,D
14:21:59,MYOR,RG,2420,1,D,EP,YP,D
14:21:59,MYOR,RG,2420,4,D,EP,OD,D
14:21:59,MYOR,RG,2420,25,D,EP,SQ,D
14:21:59,MYOR,RG,2420,1,D,EP,PD,D
14:21:59,MYOR,RG,2420,5,D,EP,PD,D
14:21:59,MYOR,RG,2420,5,D,EP,GR,D
14:21:59,MYOR,RG,2420,32,D,EP,PD,D
14:21:59,MYOR,RG,2420,1,D,EP,PD,D
14:21:59,MYOR,RG,2420,3,D,EP,CC,D
14:21:59,MYOR,RG,2420,1,D,EP,PD,D
14:21:59,MYOR,RG,2420,4,D,EP,PD,D
14:21:59,MYOR,RG,2420,2,D,EP,PD,D
14:21:59,MYOR,RG,2420,10,D,EP,GR,D
14:21:59,MYOR,RG,2420,50,D,EP,YJ,D
14:21:59,MYOR,RG,2420,4,D,EP,XC,D
14:21:59,MYOR,RG,2420,4,D,EP,PD,D
14:21:59,MYOR,RG,2420,85,D,EP,DR,D
14:21:34,MYOR,RG,2420,50,D,CC,DR,D
14:21:15,MYOR,RG,2420,14,F,BK,DR,D
14:21:14,MYOR,RG,2410,1,F,AK,XC,D
14:21:10,MYOR,RG,2410,1,F,AK,XL,D
14:20:44,MYOR,RG,2410,2,F,AK,CC,D
14:20:44,MYOR,RG,2410,6,F,PD,CC,D
14:20:12,MYOR,RG,2410,148,F,PD,AK,F
14:20:12,MYOR,RG,2410,2,F,PD,AK,F
14:20:12,MYOR,RG,2410,3,F,PD,AK,F
14:20:12,MYOR,RG,2410,1,F,PD,AK,F
14:20:12,MYOR,RG,2410,1,F,PD,DX,D
14:20:12,MYOR,RG,2410,5,F,PD,DX,D
14:20:12,MYOR,RG,2410,83,F,PD,AK,F
14:20:12,MYOR,RG,2410,87,F,PD,RX,D
14:20:12,MYOR,RG,2410,1,F,PD,CC,D
14:20:12,MYOR,RG,2410,1,F,PD,BQ,D
14:20:12,MYOR,RG,2410,35,F,PD,XC,D
14:20:12,MYOR,RG,2410,283,F,PD,CC,D
14:20:12,MYOR,RG,2410,1,F,PD,XC,D
14:20:12,MYOR,RG,2410,2,F,PD,AK,F
14:20:12,MYOR,RG,2410,3,F,PD,AK,F
14:20:12,MYOR,RG,2410,1,F,PD,AK,F
14:20:12,MYOR,RG,2410,90,F,PD,AK,F
14:20:12,MYOR,RG,2410,200,F,PD,KK,D
14:20:12,MYOR,RG,2410,2,F,PD,AK,F
14:20:12,MYOR,RG,2410,2,F,PD,AK,F
14:20:12,MYOR,RG,2410,5,F,PD,AK,F
14:20:12,MYOR,RG,2410,4,F,PD,AK,F
14:20:12,MYOR,RG,2410,1,F,PD,AK,F
14:20:12,MYOR,RG,2410,1,F,PD,AK,F
14:20:12,MYOR,RG,2410,32,F,PD,AK,F
14:19:49,MYOR,RG,2410,3,D,XC,AK,F
14:19:47,MYOR,RG,2410,2,D,YB,AK,F
14:19:45,MYOR,RG,2400,1,D,KI,DX,D
14:19:38,MYOR,RG,2410,57,D,YU,AK,F
14:19:38,MYOR,RG,2410,93,D,YU,AK,F
14:19:38,MYOR,RG,2410,45,D,YU,RX,D
14:19:38,MYOR,RG,2410,800,D,YU,YP,D
14:19:38,MYOR,RG,2410,5,D,YU,XC,D
14:19:33,MYOR,RG,2400,6,D,KI,DX,D
14:19:23,MYOR,RG,2400,3,D,KI,PD,D
14:19:21,MYOR,RG,2410,6,F,BK,XC,D
14:19:21,MYOR,RG,2410,1,F,BK,XC,D
14:19:21,MYOR,RG,2410,7,F,BK,AT,D
14:19:12,MYOR,RG,2410,11,D,DR,AT,D
14:19:06,MYOR,RG,2410,2,D,XL,AT,D
14:19:06,MYOR,RG,2410,1,D,XL,EP,D
14:18:40,MYOR,RG,2400,27,D,KI,HP,D
14:18:34,MYOR,RG,2400,12,D,KI,RX,D
14:18:19,MYOR,RG,2400,5,D,KI,YP,D
14:17:54,MYOR,RG,2400,100,D,KI,SQ,D
14:17:15,MYOR,RG,2400,1,D,KI,DX,D
14:17:06,MYOR,RG,2400,5,D,KI,DX,D
14:16:45,MYOR,RG,2410,10,D,YP,EP,D
14:15:11,MYOR,RG,2410,5,D,GR,EP,D
14:15:09,MYOR,RG,2400,2,D,KI,XC,D
14:14:50,MYOR,RG,2410,6,D,YP,EP,D
14:14:49,MYOR,RG,2400,123,D,KI,KK,D
14:13:39,MYOR,RG,2410,2,D,XC,EP,D
14:13:16,MYOR,RG,2400,9,D,KI,XL,D
14:13:09,MYOR,RG,2410,16,F,PD,EP,D
14:13:09,MYOR,RG,2410,1,F,PD,DX,D
14:13:09,MYOR,RG,2410,6,F,PD,DX,D
14:13:09,MYOR,RG,2410,2,F,PD,PD,D
14:13:09,MYOR,RG,2410,30,F,PD,XC,D
14:13:09,MYOR,RG,2410,95,F,PD,PD,D
14:12:38,MYOR,RG,2410,80,D,PD,PD,D
14:12:30,MYOR,RG,2410,2,D,XC,PD,D
14:12:15,MYOR,RG,2400,1,D,KI,DX,D
14:12:00,MYOR,RG,2400,6,D,KI,DX,D
14:11:56,MYOR,RG,2410,323,F,BK,PD,D
14:11:55,MYOR,RG,2410,42,F,BK,XC,D
14:11:55,MYOR,RG,2410,45,D,XL,XC,D
14:11:44,MYOR,RG,2410,1,D,XL,XL,D
14:11:15,MYOR,RG,2410,4,D,XL,PD,D
14:11:15,MYOR,RG,2410,5,D,MG,PD,D
14:11:15,MYOR,RG,2410,28,F,BK,PD,D
14:11:15,MYOR,RG,2410,13,D,GR,PD,D
14:10:35,MYOR,RG,2410,2,D,GR,XC,D
14:10:24,MYOR,RG,2420,1,D,PD,DR,D
14:10:24,MYOR,RG,2420,1,D,PD,PD,D
14:10:12,MYOR,RG,2410,12,D,GR,XC,D
14:09:58,MYOR,RG,2420,1,D,XC,YP,D
14:09:49,MYOR,RG,2420,14,F,BK,YP,D
14:09:47,MYOR,RG,2410,6,D,GR,PD,D
14:09:45,MYOR,RG,2420,27,F,BK,YP,D
14:09:45,MYOR,RG,2420,2,F,BK,PD,D
14:09:45,MYOR,RG,2420,1,F,BK,XC,D
14:09:45,MYOR,RG,2420,1,F,BK,PD,D
14:09:45,MYOR,RG,2420,2,F,BK,YP,D
14:09:45,MYOR,RG,2420,5,F,BK,SQ,D
14:09:45,MYOR,RG,2420,50,F,BK,AG,D
14:09:45,MYOR,RG,2420,1,F,BK,YP,D
14:09:45,MYOR,RG,2420,1,F,BK,XC,D
14:09:45,MYOR,RG,2420,10,F,BK,YP,D
14:09:45,MYOR,RG,2420,1,F,BK,PD,D
14:09:45,MYOR,RG,2420,2,F,BK,XC,D
14:09:45,MYOR,RG,2420,10,F,BK,DH,D
14:09:45,MYOR,RG,2420,43,F,BK,YP,D
14:09:45,MYOR,RG,2420,20,F,BK,XC,D
14:09:45,MYOR,RG,2420,10,F,BK,YP,D
14:09:45,MYOR,RG,2420,6,F,BK,XC,D
14:09:45,MYOR,RG,2420,12,F,BK,PD,D
14:09:45,MYOR,RG,2420,30,F,BK,PD,D
14:09:45,MYOR,RG,2420,1,F,BK,KK,D
14:09:45,MYOR,RG,2420,286,F,BK,GR,D
14:09:45,MYOR,RG,2420,50,F,BK,CC,D
14:09:45,MYOR,RG,2420,20,F,BK,YP,D
14:09:25,MYOR,RG,2410,8,D,GR,XC,D
14:09:25,MYOR,RG,2410,5,D,GR,PD,D
14:09:25,MYOR,RG,2410,54,D,GR,KK,D
14:09:17,MYOR,RG,2410,26,D,YP,KK,D
14:09:17,MYOR,RG,2410,1,D,YP,XL,D
14:09:17,MYOR,RG,2410,2,D,YP,SQ,D
14:09:17,MYOR,RG,2410,40,D,YP,YP,D
14:09:17,MYOR,RG,2410,1,D,YP,DH,D
14:09:17,MYOR,RG,2410,2,D,YP,YP,D
14:09:17,MYOR,RG,2410,5,D,YP,YP,D
14:09:17,MYOR,RG,2410,15,D,YP,CC,D
14:09:17,MYOR,RG,2410,1,D,YP,YP,D
14:09:17,MYOR,RG,2410,1,D,YP,KK,D
14:09:17,MYOR,RG,2410,1,D,YP,XC,D
14:09:17,MYOR,RG,2410,5,D,YP,CC,D
14:09:12,MYOR,RG,2410,4,D,LG,XC,D
14:09:12,MYOR,RG,2410,2,D,LG,YP,D
14:09:12,MYOR,RG,2410,4,D,LG,CC,D
14:09:04,MYOR,RG,2400,2,D,KI,AT,D
14:09:01,MYOR,RG,2400,6,D,KI,CC,D
14:09:01,MYOR,RG,2400,81,D,KI,AK,F
14:09:01,MYOR,RG,2400,1,D,KI,AK,F
14:09:01,MYOR,RG,2400,84,D,KI,AK,F
14:09:01,MYOR,RG,2400,1,D,KI,AK,F
14:09:01,MYOR,RG,2400,4,D,KI,AK,F
14:09:01,MYOR,RG,2400,2,D,KI,AK,F
14:09:01,MYOR,RG,2400,4,D,KI,AK,F
14:09:01,MYOR,RG,2400,1,D,KI,AK,F
14:09:01,MYOR,RG,2400,2,D,KI,AK,F
14:09:01,MYOR,RG,2400,4,D,KI,AK,F
14:09:01,MYOR,RG,2400,1,D,KI,DX,D
14:09:01,MYOR,RG,2400,20,D,KI,CC,D
14:09:01,MYOR,RG,2400,30,D,KI,XL,D
14:09:01,MYOR,RG,2400,10,D,KI,CC,D
14:09:01,MYOR,RG,2400,292,D,KI,CC,D
14:09:01,MYOR,RG,2400,2,D,KI,DH,D
14:09:01,MYOR,RG,2400,5,D,KI,DX,D
14:09:01,MYOR,RG,2400,3,D,KI,XC,D
14:09:01,MYOR,RG,2400,1,D,KI,CC,D
14:09:01,MYOR,RG,2400,130,D,KI,RX,D
14:08:57,MYOR,RG,2400,27,D,KK,RX,D
14:08:57,MYOR,RG,2400,93,D,KK,AK,F
14:08:57,MYOR,RG,2400,4,D,KK,AK,F
14:08:57,MYOR,RG,2400,1,D,KK,AK,F
14:08:57,MYOR,RG,2400,75,D,KK,AK,F
14:08:49,MYOR,RG,2400,3,D,YP,AK,F
14:08:35,MYOR,RG,2400,1,F,AK,AK,F
14:08:35,MYOR,RG,2400,2,F,AK,AK,F
14:08:34,MYOR,RG,2400,3,F,AK,AK,F
14:08:34,MYOR,RG,2400,6,F,AK,AK,F
14:08:33,MYOR,RG,2400,1,F,AK,AK,F
14:08:33,MYOR,RG,2400,1,F,AK,AK,F
14:08:33,MYOR,RG,2400,4,F,AK,AK,F
14:08:33,MYOR,RG,2400,2,F,AK,AK,F
14:08:33,MYOR,RG,2400,3,F,AK,AK,F
14:08:33,MYOR,RG,2400,1,F,AK,AK,F
14:08:33,MYOR,RG,2400,25,F,AK,AK,F
14:08:27,MYOR,RG,2400,50,F,AK,AK,F
14:08:26,MYOR,RG,2400,27,F,AK,AK,F
14:08:26,MYOR,RG,2400,2,F,AK,AK,F
14:08:26,MYOR,RG,2400,1,F,AK,XC,D
14:08:26,MYOR,RG,2400,1,F,AK,AK,F
14:08:26,MYOR,RG,2400,3,F,AK,AK,F
14:08:26,MYOR,RG,2400,65,F,AK,AK,F
14:08:26,MYOR,RG,2400,5,F,AK,AK,F
14:08:26,MYOR,RG,2400,1,F,AK,AK,F
14:08:26,MYOR,RG,2400,1,F,AK,AK,F
14:08:26,MYOR,RG,2400,66,F,AK,RX,D
14:08:26,MYOR,RG,2400,10,F,AK,CC,D
14:08:26,MYOR,RG,2400,84,F,AK,PD,D
14:08:26,MYOR,RG,2400,43,D,YP,PD,D
14:08:26,MYOR,RG,2400,5,D,YP,CC,D
14:08:26,MYOR,RG,2400,1,D,YP,YP,D
14:08:26,MYOR,RG,2400,10,D,YP,SQ,D
14:08:26,MYOR,RG,2400,3,D,YP,DR,D
14:08:26,MYOR,RG,2400,17,D,YP,XL,D
14:08:26,MYOR,RG,2400,1,D,YP,PD,D
14:08:26,MYOR,RG,2400,5,D,YP,SQ,D
14:08:26,MYOR,RG,2400,24,D,YP,XC,D
14:08:26,MYOR,RG,2400,7,D,YP,SQ,D
14:08:26,MYOR,RG,2400,1,D,YP,XL,D
14:08:26,MYOR,RG,2400,6,D,YP,XL,D
14:08:26,MYOR,RG,2400,676,D,YP,CC,D
14:08:26,MYOR,RG,2400,77,D,YP,CC,D
14:08:26,MYOR,RG,2400,2,D,YP,XC,D
14:08:26,MYOR,RG,2400,1,D,YP,XC,D
14:08:26,MYOR,RG,2400,26,D,YP,PD,D
14:08:26,MYOR,RG,2400,50,D,YP,PD,D
14:08:26,MYOR,RG,2400,5,D,YP,PD,D
14:08:26,MYOR,RG,2400,1,D,YP,PD,D
14:08:26,MYOR,RG,2400,2,D,YP,PD,D
14:08:26,MYOR,RG,2400,1,D,YP,XC,D
14:08:26,MYOR,RG,2400,130,D,YP,XC,D
14:08:26,MYOR,RG,2400,1,D,YP,SQ,D
14:08:26,MYOR,RG,2400,2,D,YP,GR,D
14:08:26,MYOR,RG,2400,3,D,YP,XC,D
14:08:26,MYOR,RG,2400,3,D,YP,DH,D
14:08:26,MYOR,RG,2400,5,D,YP,SQ,D
14:08:26,MYOR,RG,2400,40,D,YP,CC,D
14:08:26,MYOR,RG,2400,23,D,YP,KK,D
14:08:26,MYOR,RG,2400,1,D,YP,XC,D
14:08:26,MYOR,RG,2400,1,D,YP,XC,D
14:08:26,MYOR,RG,2400,5,D,YP,XC,D
14:08:26,MYOR,RG,2400,20,D,YP,YP,D
14:08:26,MYOR,RG,2400,87,D,YP,XC,D
14:08:26,MYOR,RG,2400,1,D,YP,DR,D
14:08:26,MYOR,RG,2400,5,D,YP,OD,D
14:08:26,MYOR,RG,2400,6,D,YP,XL,D
14:08:26,MYOR,RG,2400,10,D,YP,YP,D
14:08:26,MYOR,RG,2400,1,D,YP,PD,D
14:08:26,MYOR,RG,2400,20,D,YP,CC,D
14:08:26,MYOR,RG,2400,5,D,YP,XC,D
14:08:26,MYOR,RG,2400,50,D,YP,YJ,D
14:08:26,MYOR,RG,2400,1,D,YP,NI,D
14:08:26,MYOR,RG,2400,145,D,YP,CC,D
14:08:26,MYOR,RG,2400,7,D,YP,NI,D
14:08:26,MYOR,RG,2400,2,D,YP,YP,D
14:08:26,MYOR,RG,2400,18,D,YP,YU,D
14:08:26,MYOR,RG,2400,4,D,YP,SQ,D
14:08:26,MYOR,RG,2400,10,D,YP,YP,D
14:08:26,MYOR,RG,2400,10,D,YP,DH,D
14:08:26,MYOR,RG,2400,2,D,YP,YP,D
14:08:26,MYOR,RG,2400,6,D,YP,YP,D
14:08:26,MYOR,RG,2400,2,D,YP,PD,D
14:08:26,MYOR,RG,2400,5,D,YP,YU,D
14:08:26,MYOR,RG,2400,2,D,YP,PD,D
14:08:26,MYOR,RG,2400,1,D,YP,YP,D
14:08:26,MYOR,RG,2400,8,D,YP,DH,D
14:08:26,MYOR,RG,2400,1,D,YP,PD,D
14:08:26,MYOR,RG,2400,2,D,YP,DH,D
14:08:26,MYOR,RG,2400,1,D,YP,YU,D
14:08:26,MYOR,RG,2400,2,D,YP,XC,D
14:08:26,MYOR,RG,2400,1,D,YP,PD,D
14:08:26,MYOR,RG,2400,3,D,YP,PD,D
14:08:26,MYOR,RG,2400,1,D,YP,XC,D
14:08:26,MYOR,RG,2400,10,D,YP,YP,D
14:08:26,MYOR,RG,2400,5,D,YP,CC,D
14:08:26,MYOR,RG,2400,3,D,YP,NI,D
14:08:26,MYOR,RG,2400,3365,D,YP,YJ,D
14:08:23,MYOR,RG,2390,28,F,BK,RX,D
14:08:10,MYOR,RG,2390,1,F,BK,DX,D
14:07:34,MYOR,RG,2400,10,D,ZP,YJ,D
14:07:11,MYOR,RG,2390,14,F,BK,RX,D
14:06:59,MYOR,RG,2390,6,F,BK,DX,D
14:06:54,MYOR,RG,2390,12,F,BK,XC,D
14:06:30,MYOR,RG,2390,1,F,BK,DX,D
14:06:10,MYOR,RG,2390,4,F,BK,DR,D
14:05:59,MYOR,RG,2390,1,F,BK,OD,D
14:05:29,MYOR,RG,2390,9,F,BK,CC,D
14:05:22,MYOR,RG,2390,1,F,BK,XC,D
14:05:18,MYOR,RG,2390,30,F,BK,CC,D
14:04:50,MYOR,RG,2390,1,F,BK,DX,D
14:04:41,MYOR,RG,2390,100,F,BK,SQ,D
14:04:34,MYOR,RG,2390,6,F,BK,DX,D
14:03:33,MYOR,RG,2390,24,F,BK,XL,D
14:03:33,MYOR,RG,2390,3,F,BK,XC,D
14:03:25,MYOR,RG,2390,50,F,BK,CC,D
14:03:10,MYOR,RG,2390,1,F,BK,DX,D
14:03:02,MYOR,RG,2390,10,F,BK,YP,D
14:02:10,MYOR,RG,2390,6,F,BK,DX,D
14:01:30,MYOR,RG,2390,1,F,BK,DX,D
14:01:14,MYOR,RG,2390,5,F,BK,YP,D
14:01:00,MYOR,RG,2390,64,F,BK,KI,D
14:01:00,MYOR,RG,2390,436,F,PD,KI,D
13:59:47,MYOR,RG,2390,1,F,PD,CC,D
13:59:44,MYOR,RG,2390,1,F,PD,AT,D
13:59:43,MYOR,RG,2400,170,D,PD,YJ,D
13:59:34,MYOR,RG,2390,9,F,PD,YP,D
13:59:28,MYOR,RG,2390,4,F,PD,PD,D
13:59:06,MYOR,RG,2390,49,F,PD,NI,D
13:58:56,MYOR,RG,2390,1,D,EP,NI,D
13:58:46,MYOR,RG,2400,630,F,BK,YJ,D
13:58:46,MYOR,RG,2400,5,F,BK,CC,D
13:58:46,MYOR,RG,2400,150,F,BK,CP,D
13:58:46,MYOR,RG,2400,10,F,BK,XC,D
13:58:46,MYOR,RG,2400,1,F,BK,PD,D
13:58:46,MYOR,RG,2400,4,F,BK,DH,D
13:58:46,MYOR,RG,2400,1,F,BK,RG,D
13:58:46,MYOR,RG,2400,1,F,BK,CC,D
13:58:46,MYOR,RG,2400,5,F,BK,YP,D
13:58:46,MYOR,RG,2400,1,F,BK,YP,D
13:58:46,MYOR,RG,2400,2,F,BK,YP,D
13:58:46,MYOR,RG,2400,10,F,BK,KK,D
13:58:46,MYOR,RG,2400,1,F,BK,XC,D
13:58:46,MYOR,RG,2400,5,F,BK,IP,D
13:58:46,MYOR,RG,2400,5,F,BK,PD,D
13:58:46,MYOR,RG,2400,20,F,BK,XL,D
13:58:46,MYOR,RG,2400,20,F,BK,XC,D
13:58:46,MYOR,RG,2400,19,F,BK,CC,D
13:58:38,MYOR,RG,2390,432,F,BK,KI,D
13:58:38,MYOR,RG,2390,68,D,YP,KI,D
13:58:25,MYOR,RG,2390,10,D,YP,CC,D
13:58:25,MYOR,RG,2390,10,D,YP,CC,D
13:58:25,MYOR,RG,2390,3,D,YP,AK,F
13:58:25,MYOR,RG,2390,1,D,YP,AK,F
13:58:25,MYOR,RG,2390,68,D,YP,AK,F
13:58:25,MYOR,RG,2390,1,D,YP,AK,F
13:58:25,MYOR,RG,2390,5,D,YP,DX,D
13:58:25,MYOR,RG,2390,120,D,YP,YP,D
13:58:25,MYOR,RG,2390,5,D,YP,YP,D
13:58:25,MYOR,RG,2390,1,D,YP,AK,F
13:58:25,MYOR,RG,2390,2,D,YP,AK,F
13:58:25,MYOR,RG,2390,401,D,YP,KI,D
13:58:21,MYOR,RG,2390,20,D,YU,KI,D
13:58:18,MYOR,RG,2390,10,D,YU,KI,D
13:58:15,MYOR,RG,2390,50,D,YU,KI,D
13:57:44,MYOR,RG,2390,4,D,EP,KI,D
13:57:32,MYOR,RG,2390,5,D,EP,KI,D
13:56:54,MYOR,RG,2390,10,D,YP,KI,D
13:56:28,MYOR,RG,2390,50,D,YU,CP,D
13:56:28,MYOR,RG,2390,1,D,YU,CP,D
13:56:28,MYOR,RG,2390,943,D,YU,PG,D
13:56:27,MYOR,RG,2380,422,F,PD,KI,D
13:56:27,MYOR,RG,2380,73,F,AK,KI,D
13:56:27,MYOR,RG,2380,5,D,PD,KI,D
13:56:23,MYOR,RG,2390,402,D,YU,PG,D
13:56:23,MYOR,RG,2390,95,D,YU,PG,D
13:56:23,MYOR,RG,2390,234,D,YU,PG,D
13:56:23,MYOR,RG,2390,92,D,YU,PG,D
13:56:23,MYOR,RG,2390,336,D,YU,PG,D
13:56:23,MYOR,RG,2390,124,D,YU,PG,D
13:56:10,MYOR,RG,2390,3,D,XL,PG,D
13:56:07,MYOR,RG,2390,402,D,YU,PG,D
13:56:06,MYOR,RG,2390,95,D,YU,PG,D
13:56:06,MYOR,RG,2390,223,D,YU,PG,D
13:56:06,MYOR,RG,2380,11,D,YU,AK,F
13:56:06,MYOR,RG,2380,52,D,YU,AK,F
13:56:06,MYOR,RG,2380,40,D,YU,KI,D
13:56:06,MYOR,RG,2380,336,D,YU,KI,D
13:56:06,MYOR,RG,2380,124,D,YU,KI,D
13:55:50,MYOR,RG,2390,500,D,YU,PG,D
13:55:50,MYOR,RG,2380,500,D,YU,KI,D
13:55:46,MYOR,RG,2370,5,F,PD,CC,D
13:55:44,MYOR,RG,2390,20,D,YU,PG,D
13:55:40,MYOR,RG,2390,50,D,YU,PG,D
13:55:38,MYOR,RG,2390,481,D,YU,PG,D
13:55:38,MYOR,RG,2390,1,D,YU,AK,F
13:55:38,MYOR,RG,2390,2,D,YU,AK,F
13:55:38,MYOR,RG,2390,108,D,YU,BQ,D
13:55:38,MYOR,RG,2390,100,D,YU,BQ,D
13:55:38,MYOR,RG,2390,1,D,YU,YP,D
13:55:38,MYOR,RG,2390,306,D,YU,CC,D
13:55:38,MYOR,RG,2380,1,D,YU,YP,D
13:55:29,MYOR,RG,2370,3,F,PD,AK,F
13:55:29,MYOR,RG,2370,3,F,PD,AK,F
13:55:29,MYOR,RG,2370,2,F,PD,AK,F
13:55:29,MYOR,RG,2370,1,F,PD,AK,F
13:55:29,MYOR,RG,2370,1,F,PD,DX,D
13:55:29,MYOR,RG,2370,6,F,PD,DX,D
13:55:29,MYOR,RG,2370,1,F,PD,DX,D
13:55:29,MYOR,RG,2370,1,F,PD,AK,F
13:55:29,MYOR,RG,2370,1,F,PD,AK,F
13:55:29,MYOR,RG,2370,1,F,PD,AK,F
13:55:29,MYOR,RG,2370,1,F,PD,AK,F
13:55:29,MYOR,RG,2370,2,F,PD,AK,F
13:55:29,MYOR,RG,2370,2,F,PD,AK,F
13:55:29,MYOR,RG,2370,3,F,PD,AK,F
13:55:29,MYOR,RG,2370,1,F,PD,AK,F
13:55:29,MYOR,RG,2370,1,F,PD,AK,F
13:55:29,MYOR,RG,2370,1,F,PD,AK,F
13:55:29,MYOR,RG,2370,64,F,PD,AK,F
13:55:29,MYOR,RG,2370,59,F,PD,AK,F
13:55:29,MYOR,RG,2370,62,F,PD,AK,F
13:55:29,MYOR,RG,2370,82,F,PD,RX,D
13:55:29,MYOR,RG,2370,2,F,PD,AK,F
13:55:29,MYOR,RG,2370,60,F,PD,AK,F
13:55:29,MYOR,RG,2370,1414,F,PD,ZP,F
13:55:22,MYOR,RG,2360,29,F,BK,RX,D
13:55:21,MYOR,RG,2370,108,D,BQ,ZP,F
13:55:19,MYOR,RG,2370,1,D,PD,ZP,F
13:55:16,MYOR,RG,2370,1000,D,PG,ZP,F
13:55:16,MYOR,RG,2370,3,D,YP,ZP,F
13:55:16,MYOR,RG,2370,563,D,YU,ZP,F
13:55:16,MYOR,RG,2370,133,D,YU,ZP,F
13:55:16,MYOR,RG,2370,129,D,YU,ZP,F
13:55:16,MYOR,RG,2370,328,D,YU,ZP,F
13:55:16,MYOR,RG,2370,471,D,YU,ZP,F
13:55:12,MYOR,RG,2370,10,D,YP,ZP,F
13:55:11,MYOR,RG,2370,50,D,GR,ZP,F
13:55:06,MYOR,RG,2370,50,D,GR,ZP,F
13:55:05,MYOR,RG,2370,3000,D,PG,ZP,F
13:54:37,MYOR,RG,2360,5,F,BK,DX,D
13:54:31,MYOR,RG,2360,778,F,BK,KI,D
13:54:31,MYOR,RG,2360,20,F,BK,KI,D
13:54:31,MYOR,RG,2360,8,D,YP,KI,D
13:54:31,MYOR,RG,2360,1,D,XC,KI,D
13:54:31,MYOR,RG,2360,1,D,YP,KI,D
13:54:31,MYOR,RG,2360,16,D,PD,KI,D
13:54:31,MYOR,RG,2360,3,D,DX,KI,D
13:54:31,MYOR,RG,2360,100,D,YP,KI,D
13:54:31,MYOR,RG,2360,1,D,YP,KI,D
13:54:31,MYOR,RG,2360,10,D,YB,KI,D
13:54:31,MYOR,RG,2360,2,D,KK,KI,D
13:54:31,MYOR,RG,2360,85,D,YP,KI,D
13:54:31,MYOR,RG,2360,1,D,XL,KI,D
13:54:31,MYOR,RG,2360,250,D,PD,KI,D
13:54:31,MYOR,RG,2360,20,D,SQ,KI,D
13:54:31,MYOR,RG,2360,44,D,XL,KI,D
13:54:31,MYOR,RG,2360,50,D,YP,KI,D
13:54:31,MYOR,RG,2360,1,D,XC,KI,D
13:54:31,MYOR,RG,2360,100,D,BQ,KI,D
13:54:31,MYOR,RG,2360,10,D,PD,KI,D
13:54:31,MYOR,RG,2360,1,D,GR,KI,D
13:54:31,MYOR,RG,2360,10,D,EP,KI,D
13:54:31,MYOR,RG,2360,8,D,XC,KI,D
13:54:31,MYOR,RG,2360,255,D,YU,KI,D
13:54:31,MYOR,RG,2360,5,D,XC,KI,D
13:54:31,MYOR,RG,2360,2,D,PD,KI,D
13:54:31,MYOR,RG,2360,5,D,BQ,KI,D
13:54:31,MYOR,RG,2360,20,D,SQ,KI,D
13:54:31,MYOR,RG,2360,1,D,XC,KI,D
13:54:31,MYOR,RG,2360,1,D,XC,KI,D
13:54:31,MYOR,RG,2360,10,D,PD,KI,D
13:54:31,MYOR,RG,2360,5,D,PD,KI,D
13:54:31,MYOR,RG,2360,1,D,YP,KI,D
13:54:31,MYOR,RG,2360,9,D,XC,KI,D
13:54:31,MYOR,RG,2360,1,D,PD,KI,D
13:54:31,MYOR,RG,2360,100,D,XL,KI,D
13:54:31,MYOR,RG,2360,2,D,YP,KI,D
13:54:31,MYOR,RG,2360,63,D,YB,KI,D
13:54:10,MYOR,RG,2360,3,D,YB,XC,D
13:54:06,MYOR,RG,2360,34,D,YB,RX,D
13:54:01,MYOR,RG,2370,5,D,DR,ZP,F
13:54:01,MYOR,RG,2370,5,D,YP,ZP,F
13:54:01,MYOR,RG,2370,63,D,CC,ZP,F
13:54:01,MYOR,RG,2370,1,D,NI,ZP,F
13:54:01,MYOR,RG,2370,1,D,YP,ZP,F
13:54:01,MYOR,RG,2370,20,D,CC,ZP,F
13:54:01,MYOR,RG,2370,1,D,OD,ZP,F
13:54:01,MYOR,RG,2370,1,D,YP,ZP,F
13:54:01,MYOR,RG,2370,1000,D,YU,ZP,F
13:54:01,MYOR,RG,2370,10,D,PD,ZP,F
13:54:01,MYOR,RG,2370,3,D,XC,ZP,F
13:54:01,MYOR,RG,2370,100,D,CD,ZP,F
13:54:01,MYOR,RG,2370,5,D,AZ,ZP,F
13:54:01,MYOR,RG,2370,74,D,AK,ZP,F
13:54:01,MYOR,RG,2370,72,D,AK,ZP,F
13:54:01,MYOR,RG,2370,97,D,AK,ZP,F
13:54:01,MYOR,RG,2370,262,D,AK,ZP,F
13:54:01,MYOR,RG,2370,220,D,AK,ZP,F
13:54:01,MYOR,RG,2380,1,D,PD,ZP,F
13:54:01,MYOR,RG,2380,500,F,PD,ZP,F
13:54:01,MYOR,RG,2380,1,D,PD,ZP,F
13:54:01,MYOR,RG,2380,1,D,OD,ZP,F
13:54:01,MYOR,RG,2380,1,D,YP,ZP,F
13:54:01,MYOR,RG,2380,1000,D,YU,ZP,F
13:54:01,MYOR,RG,2380,42,D,EL,ZP,F
13:54:01,MYOR,RG,2380,20,D,PD,ZP,F
13:54:01,MYOR,RG,2380,2,D,YP,ZP,F
13:54:01,MYOR,RG,2380,1,D,XC,ZP,F
13:54:01,MYOR,RG,2390,1,F,CC,ZP,F
13:54:01,MYOR,RG,2390,500,F,PD,ZP,F
13:54:01,MYOR,RG,2390,10,D,ZP,ZP,F
13:54:01,MYOR,RG,2390,13,F,BK,ZP,F
13:54:01,MYOR,RG,2390,47,D,YU,ZP,F
13:54:01,MYOR,RG,2390,201,D,YU,ZP,F
13:54:01,MYOR,RG,2390,46,D,YU,ZP,F
13:54:01,MYOR,RG,2390,117,D,YU,ZP,F
13:54:01,MYOR,RG,2390,168,D,YU,ZP,F
13:54:01,MYOR,RG,2390,21,D,OD,ZP,F
13:54:01,MYOR,RG,2390,32,F,BK,ZP,F
13:54:01,MYOR,RG,2390,5,D,PD,ZP,F
13:54:01,MYOR,RG,2390,1,D,NI,ZP,F
13:54:01,MYOR,RG,2390,2000,D,YU,ZP,F
13:54:01,MYOR,RG,2390,1,D,NI,ZP,F
13:54:01,MYOR,RG,2390,686,F,BK,ZP,F
13:54:01,MYOR,RG,2390,250,D,PD,ZP,F
13:54:01,MYOR,RG,2390,33,F,AK,ZP,F
13:53:53,MYOR,RG,2400,1,D,XC,ZP,F
13:53:31,MYOR,RG,2400,163,F,AK,ZP,F
13:53:31,MYOR,RG,2400,5000,D,KI,ZP,F
13:53:19,MYOR,RG,2390,10,F,AK,DH,D
13:52:59,MYOR,RG,2400,45,D,XL,ZP,F
13:52:35,MYOR,RG,2390,10,F,AK,SQ,D
13:52:14,MYOR,RG,2390,6,F,AK,DX,D
13:51:30,MYOR,RG,2390,2,F,AK,XL,D
13:51:02,MYOR,RG,2390,1,F,AK,XC,D
13:50:48,MYOR,RG,2390,1,F,AK,YP,D
13:50:28,MYOR,RG,2390,2,F,AK,KK,D
13:49:54,MYOR,RG,2390,1,F,AK,NI,D
13:49:34,MYOR,RG,2400,5,D,DX,ZP,F
13:49:25,MYOR,RG,2400,120,D,YU,ZP,F
13:49:22,MYOR,RG,2400,28,D,YU,ZP,F
13:49:19,MYOR,RG,2400,70,D,YU,ZP,F
13:49:17,MYOR,RG,2400,27,D,YU,ZP,F
13:49:14,MYOR,RG,2400,100,D,YU,ZP,F
13:48:48,MYOR,RG,2400,10,D,PD,ZP,F
13:47:59,MYOR,RG,2390,5,F,AK,YP,D
13:47:59,MYOR,RG,2390,1,D,OD,YP,D
13:47:37,MYOR,RG,2400,1,D,YP,ZP,F
13:47:33,MYOR,RG,2390,3,F,AK,AK,F
13:47:33,MYOR,RG,2390,1,F,AK,AK,F
13:47:33,MYOR,RG,2390,1,F,AK,AK,F
13:47:33,MYOR,RG,2390,5,F,AK,DX,D
13:47:33,MYOR,RG,2390,2,F,AK,LG,D
13:47:33,MYOR,RG,2390,1,F,AK,DX,D
13:47:33,MYOR,RG,2390,28,F,AK,AK,F
13:47:32,MYOR,RG,2390,37,D,YU,AK,F
13:47:32,MYOR,RG,2390,1,D,YU,XL,D
13:47:32,MYOR,RG,2390,3,D,YU,AK,F
13:47:32,MYOR,RG,2390,1,D,YU,AK,F
13:47:32,MYOR,RG,2390,163,D,YU,AK,F
13:47:32,MYOR,RG,2390,1,D,YU,NI,D
13:47:32,MYOR,RG,2390,10,D,YU,YB,D
13:47:32,MYOR,RG,2390,2,D,YU,XL,D
13:47:32,MYOR,RG,2390,1,D,YU,AK,F
13:47:32,MYOR,RG,2390,5,D,YU,SQ,D
13:47:32,MYOR,RG,2390,2,D,YU,AK,F
13:47:32,MYOR,RG,2390,3,D,YU,YP,D
13:47:32,MYOR,RG,2390,1,D,YU,YP,D
13:47:32,MYOR,RG,2390,1,D,YU,AK,F
13:47:32,MYOR,RG,2390,2,D,YU,AK,F
13:47:32,MYOR,RG,2390,4,D,YU,AK,F
13:47:32,MYOR,RG,2390,17,D,YU,YP,D
13:47:32,MYOR,RG,2390,1,D,YU,YP,D
13:47:32,MYOR,RG,2390,2,D,YU,OD,F
13:47:32,MYOR,RG,2390,6,D,YU,PD,D
13:47:32,MYOR,RG,2390,1,D,YU,PD,D
13:47:32,MYOR,RG,2390,10,D,YU,PD,D
13:47:30,MYOR,RG,2390,41,D,YU,PD,D
13:47:30,MYOR,RG,2390,8,D,YU,PD,D
13:47:30,MYOR,RG,2390,83,D,YU,CC,D
13:47:30,MYOR,RG,2390,5,D,YU,DX,D
13:47:30,MYOR,RG,2390,2,D,YU,AZ,D
13:47:30,MYOR,RG,2390,1,D,YU,DX,D
13:47:27,MYOR,RG,2390,1,D,YU,YP,D
13:47:27,MYOR,RG,2390,17,D,YU,CC,D
13:47:24,MYOR,RG,2390,40,D,YU,CC,D
13:47:21,MYOR,RG,2390,130,D,YU,CC,D
13:47:18,MYOR,RG,2380,1,F,AK,YP,D
13:47:13,MYOR,RG,2380,6,F,AK,DX,D
13:46:20,MYOR,RG,2380,1,D,YU,AT,D
13:45:44,MYOR,RG,2380,30,D,YU,PD,D
13:45:30,MYOR,RG,2380,5,D,YU,YP,D
13:44:38,MYOR,RG,2380,1,D,YU,AK,F
13:44:38,MYOR,RG,2380,3,D,YU,AK,F
13:44:38,MYOR,RG,2380,1,D,YU,AK,F
13:44:38,MYOR,RG,2380,77,D,YU,AK,F
13:44:38,MYOR,RG,2380,1,D,YU,DX,D
13:44:38,MYOR,RG,2380,5,D,YU,OD,D
13:44:38,MYOR,RG,2380,5,D,YU,DX,D
13:44:38,MYOR,RG,2380,29,D,YU,RX,D
13:44:38,MYOR,RG,2380,1,D,YU,AK,F
13:44:38,MYOR,RG,2380,2,D,YU,AK,F
13:44:38,MYOR,RG,2380,1,D,YU,AK,F
13:44:38,MYOR,RG,2380,8,D,YU,AK,F
13:44:30,MYOR,RG,2380,50,F,AK,AK,F
13:44:30,MYOR,RG,2380,25,F,AK,AK,F
13:44:30,MYOR,RG,2380,31,F,AK,AK,F
13:44:30,MYOR,RG,2380,15,D,YU,AK,F
13:44:30,MYOR,RG,2380,620,D,YU,CC,D
13:44:30,MYOR,RG,2380,25,D,YU,LG,D
13:44:30,MYOR,RG,2380,1,D,YU,YP,D
13:44:30,MYOR,RG,2380,1,D,YU,YP,D
13:44:30,MYOR,RG,2380,42,D,YU,RX,D
13:44:30,MYOR,RG,2380,2,D,YU,OD,D
13:44:30,MYOR,RG,2380,1,D,YU,AK,F
13:44:30,MYOR,RG,2380,2,D,YU,AK,F
13:44:30,MYOR,RG,2380,1,D,YU,AK,F
13:44:30,MYOR,RG,2380,62,D,YU,AK,F
13:44:30,MYOR,RG,2380,228,D,YU,CC,D
13:44:23,MYOR,RG,2370,92,D,AK,HP,D
13:44:23,MYOR,RG,2370,120,D,AK,HP,D
13:44:05,MYOR,RG,2370,34,D,AK,CC,D
13:44:00,MYOR,RG,2370,29,D,AK,AK,F
13:44:00,MYOR,RG,2370,1,D,NI,AK,F
13:44:00,MYOR,RG,2370,3,D,CC,AK,F
13:44:00,MYOR,RG,2370,36,D,YU,AK,F
13:43:25,MYOR,RG,2370,4,D,YU,XC,D
13:43:20,MYOR,RG,2370,1,D,YU,AK,F
13:43:00,MYOR,RG,2370,1,D,YU,DX,D
13:42:58,MYOR,RG,2370,10,D,YU,AK,F
13:42:57,MYOR,RG,2370,13,D,YU,RX,D
13:42:32,MYOR,RG,2380,5,D,PD,CC,D
13:42:17,MYOR,RG,2370,5,D,YU,DX,D
13:42:00,MYOR,RG,2370,1,D,YU,AK,F
13:42:00,MYOR,RG,2370,29,D,YU,AK,F
13:42:00,MYOR,RG,2370,5,D,YP,AK,F
13:42:00,MYOR,RG,2370,10,D,GR,AK,F
13:42:00,MYOR,RG,2370,5,D,XC,AK,F
13:42:00,MYOR,RG,2370,1,D,XL,AK,F
13:42:00,MYOR,RG,2370,2,D,XA,AK,F
13:42:00,MYOR,RG,2370,12,D,YB,AK,F
13:41:45,MYOR,RG,2370,3,D,YB,AK,F
13:41:28,MYOR,RG,2370,5,D,YB,AK,F
13:41:27,MYOR,RG,2370,10,D,YB,NI,D
13:41:18,MYOR,RG,2370,10,D,YB,DX,D
13:41:11,MYOR,RG,2370,5,D,YB,KK,D
13:41:11,MYOR,RG,2370,6,D,YB,PD,D
13:41:11,MYOR,RG,2380,25,D,AZ,CC,D
13:41:05,MYOR,RG,2370,14,D,YB,RX,D
13:41:03,MYOR,RG,2370,1,D,YB,NI,D
13:40:12,MYOR,RG,2380,20,D,AZ,CC,D
13:39:47,MYOR,RG,2370,6,D,YB,DX,D
13:39:40,MYOR,RG,2370,1,D,YB,DX,D
13:39:39,MYOR,RG,2380,4,F,AK,CC,D
13:39:39,MYOR,RG,2380,53,F,AK,CC,D
13:39:37,MYOR,RG,2370,13,D,YB,RX,D
13:39:26,MYOR,RG,2370,4,D,YB,NI,D
13:39:00,MYOR,RG,2370,10,D,YB,XC,D
13:39:00,MYOR,RG,2370,9,D,YP,XC,D
13:38:33,MYOR,RG,2370,12,D,YP,RX,D
13:38:13,MYOR,RG,2370,1,D,YP,XC,D
13:37:41,MYOR,RG,2370,8,D,YP,RX,D
13:37:41,MYOR,RG,2370,1,D,XL,RX,D
13:37:41,MYOR,RG,2370,5,D,XC,RX,D
13:37:41,MYOR,RG,2370,1,D,LG,RX,D
13:37:27,MYOR,RG,2370,1,D,LG,YP,D
13:37:13,MYOR,RG,2370,5,D,LG,DX,D
13:37:05,MYOR,RG,2370,3,D,LG,RX,D
13:37:05,MYOR,RG,2370,3,D,PD,RX,D
13:37:05,MYOR,RG,2370,5,D,SQ,RX,D
13:37:05,MYOR,RG,2370,3,D,EP,RX,D
13:37:05,MYOR,RG,2370,1,D,AT,RX,D
13:37:05,MYOR,RG,2370,1,D,XC,RX,D
13:37:05,MYOR,RG,2370,5,D,LG,RX,D
13:37:05,MYOR,RG,2370,1,D,YP,RX,D
13:37:05,MYOR,RG,2370,3,D,PD,RX,D
13:36:59,MYOR,RG,2380,10,D,ZP,CC,D
13:36:59,MYOR,RG,2380,2,D,NI,CC,D
13:36:59,MYOR,RG,2380,1,D,XL,CC,D
13:36:59,MYOR,RG,2380,50,D,SQ,CC,D
13:36:59,MYOR,RG,2380,21,D,AZ,CC,D
13:36:59,MYOR,RG,2380,5,D,YP,CC,D
13:36:59,MYOR,RG,2380,5,D,GR,CC,D
13:36:59,MYOR,RG,2380,100,D,YB,CC,D
13:36:59,MYOR,RG,2380,51,F,AK,CC,D
13:36:25,MYOR,RG,2380,3,F,AK,NI,D
13:36:20,MYOR,RG,2380,1,F,AK,DX,D
13:36:14,MYOR,RG,2380,15,F,AK,KK,D
13:36:14,MYOR,RG,2380,14,F,AK,RX,D
13:36:12,MYOR,RG,2380,8,F,AK,NI,D
13:35:39,MYOR,RG,2380,10,F,AK,SQ,D
13:34:41,MYOR,RG,2380,6,F,AK,DX,D
13:34:29,MYOR,RG,2380,1,F,AK,NI,D
13:34:26,MYOR,RG,2380,2,F,AK,DR,D
13:34:08,MYOR,RG,2380,14,F,AK,RX,D
13:33:49,MYOR,RG,2380,4,F,AK,DH,D
13:33:17,MYOR,RG,2380,12,F,AK,RX,D
13:33:03,MYOR,RG,2380,1,F,AK,DX,D
13:33:02,MYOR,RG,2380,10,F,AK,YP,D
13:33:02,MYOR,RG,2380,20,D,YP,YP,D
13:33:02,MYOR,RG,2380,2,D,XL,YP,D
13:33:02,MYOR,RG,2380,1,D,XC,YP,D
13:33:02,MYOR,RG,2380,1,D,XC,YP,D
13:33:02,MYOR,RG,2380,4,D,XL,YP,D
13:33:02,MYOR,RG,2380,5,D,XL,YP,D
13:33:02,MYOR,RG,2380,2,D,NI,YP,D
13:33:02,MYOR,RG,2380,1,D,PD,YP,D
13:33:02,MYOR,RG,2380,10,D,DH,YP,D
13:33:02,MYOR,RG,2380,1,D,XC,YP,D
13:33:02,MYOR,RG,2380,2,D,XC,YP,D
13:33:02,MYOR,RG,2380,1,D,PD,YP,D
13:33:02,MYOR,RG,2380,1,D,LG,YP,D
13:33:02,MYOR,RG,2380,5,D,YU,YP,D
13:33:02,MYOR,RG,2380,50,D,YU,PD,D
13:32:26,MYOR,RG,2380,14,D,YU,RX,D
13:32:12,MYOR,RG,2380,6,D,YU,DX,D
13:31:54,MYOR,RG,2380,18,D,YU,XC,D
13:31:53,MYOR,RG,2380,87,D,YU,XC,D
13:31:30,MYOR,RG,2380,14,D,YU,RX,D
13:31:08,MYOR,RG,2380,5,D,YU,SQ,D
13:30:08,MYOR,RG,2380,2,D,YU,YP,D
13:30:08,MYOR,RG,2380,8,D,YU,YP,D
13:30:06,MYOR,RG,2380,39,D,YU,AK,F
13:30:06,MYOR,RG,2380,117,D,YU,AK,F
13:30:06,MYOR,RG,2380,31,D,YU,AK,F
13:30:06,MYOR,RG,2390,63,D,CC,CC,D
13:30:05,MYOR,RG,2380,6,D,YU,YP,D
13:30:05,MYOR,RG,2380,3,D,YU,AK,F
13:30:05,MYOR,RG,2380,2,D,YU,XC,D
13:30:05,MYOR,RG,2380,4,D,YU,CC,D
13:30:05,MYOR,RG,2380,46,D,YU,CC,D
13:30:04,MYOR,RG,2380,1,D,YU,XC,D
13:30:04,MYOR,RG,2380,1,D,YU,XC,D
13:30:04,MYOR,RG,2380,5,D,YU,XC,D
13:30:04,MYOR,RG,2390,1,D,XL,CC,D
13:30:04,MYOR,RG,2390,10,D,XL,CC,D
13:30:04,MYOR,RG,2390,2,D,XL,CC,D
13:30:04,MYOR,RG,2380,1,D,YU,CC,D
13:30:04,MYOR,RG,2380,27,D,YU,XC,D
13:30:03,MYOR,RG,2380,11,D,YU,XL,D
13:30:03,MYOR,RG,2380,8,D,YU,DR,D
13:30:03,MYOR,RG,2380,1,D,YU,XC,D
13:30:03,MYOR,RG,2380,5,D,YU,AK,F
13:30:03,MYOR,RG,2380,9,D,YU,AK,F
13:30:02,MYOR,RG,2380,1,D,YU,XC,D
13:30:02,MYOR,RG,2380,30,D,YU,XC,D
13:30:02,MYOR,RG,2380,13,D,YU,CC,D
13:30:02,MYOR,RG,2380,1,D,YU,PD,D
13:30:02,MYOR,RG,2380,5,D,YU,AK,F
13:30:02,MYOR,RG,2380,3,D,YU,PD,D
13:30:02,MYOR,RG,2380,5,D,YU,PD,D
13:30:01,MYOR,RG,2380,1,D,YU,PD,D
13:30:01,MYOR,RG,2380,3,D,YU,PD,D
13:30:01,MYOR,RG,2390,1,D,CC,CC,D
13:30:01,MYOR,RG,2380,20,D,YU,XC,D
13:30:01,MYOR,RG,2380,3,D,YU,PD,D
13:30:01,MYOR,RG,2380,1,D,YU,PD,D
13:30:01,MYOR,RG,2380,28,D,YU,PD,D
13:30:01,MYOR,RG,2380,1,D,YU,PD,D
13:30:01,MYOR,RG,2380,1,D,XL,PD,D
13:30:01,MYOR,RG,2380,1,D,XC,PD,D
13:30:01,MYOR,RG,2380,1,D,XC,XC,D
13:30:01,MYOR,RG,2380,1,D,XC,XC,D
13:30:01,MYOR,RG,2380,4,D,XC,XC,D
13:30:01,MYOR,RG,2380,5,D,LG,XC,D
13:30:01,MYOR,RG,2380,51,D,CC,XC,D
13:30:01,MYOR,RG,2380,5,D,CC,XC,D
13:30:01,MYOR,RG,2380,40,D,YU,XC,D
13:30:01,MYOR,RG,2380,2,D,YU,SQ,D
13:30:01,MYOR,RG,2380,70,D,YU,PD,D
13:30:01,MYOR,RG,2380,5,D,YU,EP,D
13:30:01,MYOR,RG,2380,9,D,YU,XC,D
13:30:01,MYOR,RG,2390,2,D,AZ,CC,D
13:30:01,MYOR,RG,2380,6,D,YU,XC,D
11:29:48,MYOR,RG,2380,5,D,YU,AK,F
11:29:31,MYOR,RG,2380,14,D,YU,RX,D
11:28:56,MYOR,RG,2380,1,D,YU,AK,F
11:28:48,MYOR,RG,2380,65,D,YU,AK,F
11:28:48,MYOR,RG,2380,8,D,YU,AK,F
11:28:43,MYOR,RG,2380,3,D,YU,AK,F
11:28:33,MYOR,RG,2380,13,D,YU,AK,F
11:28:31,MYOR,RG,2380,14,D,YU,RX,D
11:28:28,MYOR,RG,2380,1,D,YU,AK,F
11:28:26,MYOR,RG,2380,1,D,YU,AK,F
11:28:22,MYOR,RG,2380,6,D,YU,DX,D
11:28:05,MYOR,RG,2380,1,D,YU,AK,F
11:27:55,MYOR,RG,2380,3,D,YU,PD,D
11:27:50,MYOR,RG,2380,4,D,YU,YP,D
11:27:43,MYOR,RG,2380,2,D,YU,AK,F
11:27:41,MYOR,RG,2380,1,D,YU,AK,F
11:27:36,MYOR,RG,2390,3,D,SQ,RX,D
11:27:33,MYOR,RG,2380,67,D,YU,AK,F
11:27:15,MYOR,RG,2380,1,D,YU,DX,D
11:27:13,MYOR,RG,2380,2,D,YU,AK,F
11:27:11,MYOR,RG,2380,1,D,YU,AK,F
11:27:05,MYOR,RG,2380,1,D,YU,AK,F
11:27:03,MYOR,RG,2380,40,D,YU,AK,F
11:26:58,MYOR,RG,2380,1,D,YU,AK,F
11:26:52,MYOR,RG,2380,13,D,YU,RX,D
11:26:50,MYOR,RG,2380,3,D,YU,PD,D
11:26:41,MYOR,RG,2380,1,D,YU,AK,F
11:26:33,MYOR,RG,2380,26,D,YU,AK,F
11:25:56,MYOR,RG,2380,6,D,YU,DX,D
11:25:46,MYOR,RG,2380,1,D,YU,YP,D
11:25:34,MYOR,RG,2380,14,D,YU,RX,D
11:25:17,MYOR,RG,2390,1,D,XL,RX,D
11:24:45,MYOR,RG,2380,1,D,YU,DX,D
11:24:40,MYOR,RG,2380,48,D,YU,XL,D
11:24:40,MYOR,RG,2380,27,D,YU,XL,D
11:24:22,MYOR,RG,2380,13,D,YU,RX,D
11:24:06,MYOR,RG,2380,20,D,YU,YP,D
11:23:58,MYOR,RG,2380,120,D,YU,AZ,D
11:23:35,MYOR,RG,2380,5,D,YU,DX,D
11:23:19,MYOR,RG,2380,14,D,YU,RX,D
11:22:20,MYOR,RG,2380,2,D,YU,EP,D
11:21:43,MYOR,RG,2390,3,D,XL,RX,D
11:20:49,MYOR,RG,2390,2,D,SQ,RX,D
11:20:49,MYOR,RG,2390,1,D,SQ,DX,D
11:20:24,MYOR,RG,2400,1,D,YP,ZP,F
11:20:09,MYOR,RG,2380,10,D,YU,BQ,D
11:20:06,MYOR,RG,2380,140,D,YU,AZ,D
11:20:06,MYOR,RG,2390,15,D,YP,AZ,D
11:19:36,MYOR,RG,2380,149,D,YU,AZ,D
11:19:36,MYOR,RG,2380,26,D,YP,AZ,D
11:19:24,MYOR,RG,2390,6,F,AK,DX,D
11:19:20,MYOR,RG,2390,92,F,BK,AZ,D
11:19:20,MYOR,RG,2390,18,D,YP,AZ,D
11:19:06,MYOR,RG,2390,1,D,YP,DH,D
11:18:52,MYOR,RG,2390,6,D,YP,XC,D
11:18:46,MYOR,RG,2390,1,D,YP,PD,D
11:18:34,MYOR,RG,2390,24,D,YP,CC,D
11:18:17,MYOR,RG,2390,1,D,XC,CC,D
11:18:12,MYOR,RG,2390,41,D,BQ,PD,D
11:18:12,MYOR,RG,2390,2,D,BQ,XC,D
11:18:12,MYOR,RG,2390,22,D,BQ,DR,D
11:18:08,MYOR,RG,2390,2,D,XL,DR,D
11:17:57,MYOR,RG,2390,12,D,BQ,DR,D
11:17:57,MYOR,RG,2390,3,D,BQ,XC,D
11:17:57,MYOR,RG,2390,1,D,BQ,YP,D
11:17:57,MYOR,RG,2390,25,D,BQ,DH,D
11:17:57,MYOR,RG,2390,15,D,BQ,PD,D
11:17:57,MYOR,RG,2390,5,D,BQ,GR,D
11:17:57,MYOR,RG,2390,4,D,BQ,PD,D
11:17:52,MYOR,RG,2380,1,D,YP,AK,F
11:17:52,MYOR,RG,2380,1,D,YP,AK,F
11:17:52,MYOR,RG,2380,72,D,YP,AK,F
11:17:45,MYOR,RG,2380,69,D,YU,AK,F
11:17:45,MYOR,RG,2380,3,D,YU,AK,F
11:17:45,MYOR,RG,2380,4,D,YU,AK,F
11:17:45,MYOR,RG,2380,1,D,YU,AK,F
11:17:45,MYOR,RG,2380,23,D,YU,RX,D
11:17:43,MYOR,RG,2370,1,F,PD,CP,D
11:17:41,MYOR,RG,2380,1,D,YU,RX,D
11:17:41,MYOR,RG,2380,54,D,YU,AK,F
11:17:41,MYOR,RG,2380,6,D,YU,AK,F
11:17:41,MYOR,RG,2380,3,D,YU,AK,F
11:17:41,MYOR,RG,2380,6,D,YU,DX,D
11:17:41,MYOR,RG,2380,7,D,YU,AK,F
11:17:41,MYOR,RG,2380,1,D,YU,AK,F
11:17:41,MYOR,RG,2380,1,D,YU,AK,F
11:17:41,MYOR,RG,2380,21,D,YU,YP,D
11:17:33,MYOR,RG,2380,1,D,YU,YP,D
11:17:32,MYOR,RG,2370,15,F,PD,KK,D
11:17:31,MYOR,RG,2380,1,D,YU,YP,D
11:17:30,MYOR,RG,2380,1,D,YU,YP,D
11:17:28,MYOR,RG,2380,2,D,YU,YP,D
11:17:28,MYOR,RG,2370,15,F,PD,CD,D
11:17:25,MYOR,RG,2380,5,D,YU,YP,D
11:17:23,MYOR,RG,2380,5,D,YU,YP,D
11:17:19,MYOR,RG,2380,1,D,YU,YP,D
11:17:17,MYOR,RG,2380,1,D,YU,YP,D
11:17:15,MYOR,RG,2380,5,D,YU,YP,D
11:17:15,MYOR,RG,2380,1,D,YU,DX,D
11:17:15,MYOR,RG,2380,4,D,YU,RX,D
11:17:10,MYOR,RG,2380,10,D,YU,RX,D
11:17:07,MYOR,RG,2380,10,D,YU,RX,D
11:16:34,MYOR,RG,2380,1,D,YP,RX,D
11:16:24,MYOR,RG,2380,1,F,AK,RX,D
11:16:23,MYOR,RG,2380,5,F,AK,RX,D
11:16:23,MYOR,RG,2380,1,F,AK,CP,D
11:16:23,MYOR,RG,2380,1,F,AK,AK,F
11:16:23,MYOR,RG,2380,3,F,AK,AK,F
11:16:23,MYOR,RG,2380,40,F,AK,AK,F
11:16:23,MYOR,RG,2380,13,D,DR,AK,F
11:16:23,MYOR,RG,2380,2,D,DR,AK,F
11:16:23,MYOR,RG,2380,1,D,DR,AK,F
11:16:23,MYOR,RG,2380,110,D,DR,KK,D
11:16:23,MYOR,RG,2380,15,D,DR,PD,D
11:16:23,MYOR,RG,2380,9,D,DR,RX,D
11:16:06,MYOR,RG,2370,5,F,PD,DX,D
11:16:01,MYOR,RG,2370,68,F,PD,PD,D
11:16:01,MYOR,RG,2370,3,D,XC,PD,D
11:16:01,MYOR,RG,2370,2,D,XC,PD,D
11:16:01,MYOR,RG,2370,1,D,KK,PD,D
11:16:01,MYOR,RG,2370,5,D,XC,PD,D
11:16:01,MYOR,RG,2370,50,D,YP,PD,D
11:16:01,MYOR,RG,2370,10,D,XL,PD,D
11:16:01,MYOR,RG,2370,2,D,YP,PD,D
11:16:01,MYOR,RG,2370,1,D,PD,PD,D
11:16:01,MYOR,RG,2370,58,D,YU,PD,D
11:15:17,MYOR,RG,2370,1,D,YU,XC,D
11:14:30,MYOR,RG,2370,1,D,YU,DX,D
11:13:43,MYOR,RG,2370,5,D,YU,DX,D
11:13:00,MYOR,RG,2370,2,D,YU,YP,D
11:12:39,MYOR,RG,2370,10,D,YU,PD,D
11:11:27,MYOR,RG,2380,10,D,YU,RX,D
11:11:23,MYOR,RG,2380,20,D,YU,RX,D
11:11:04,MYOR,RG,2370,20,D,YU,SQ,D
11:10:31,MYOR,RG,2370,403,D,YU,AZ,D
11:10:31,MYOR,RG,2370,1,D,XC,AZ,D
11:10:31,MYOR,RG,2370,1,D,XC,AZ,D
11:10:31,MYOR,RG,2370,5,D,PD,AZ,D
11:10:31,MYOR,RG,2370,1,D,XC,AZ,D
11:10:31,MYOR,RG,2370,5,D,LG,AZ,D
11:10:31,MYOR,RG,2370,95,D,XC,AZ,D
11:10:31,MYOR,RG,2380,1,D,PD,AZ,D
11:10:31,MYOR,RG,2380,3,D,XC,AZ,D
11:10:04,MYOR,RG,2380,1,D,XC,XC,D
11:09:59,MYOR,RG,2380,5,D,YU,DR,D
11:09:42,MYOR,RG,2380,1,F,AK,AK,F
11:09:42,MYOR,RG,2380,1,F,AK,AK,F
11:09:42,MYOR,RG,2380,1,F,AK,AK,F
11:09:42,MYOR,RG,2380,1,F,AK,AK,F
11:09:42,MYOR,RG,2380,5,F,AK,AK,F
11:09:42,MYOR,RG,2380,51,F,AK,AK,F
11:09:42,MYOR,RG,2380,5,F,AK,DX,D
11:09:42,MYOR,RG,2380,24,F,AK,AK,F
11:09:42,MYOR,RG,2380,45,D,YU,AK,F
11:09:42,MYOR,RG,2380,1,D,YU,AK,F
11:09:42,MYOR,RG,2380,154,D,YU,CC,D
11:09:33,MYOR,RG,2380,80,D,YU,CC,D
11:09:33,MYOR,RG,2380,19,D,YU,CC,D
11:09:33,MYOR,RG,2380,40,D,YU,CC,D
11:09:33,MYOR,RG,2380,6,D,YU,RX,D
11:09:33,MYOR,RG,2380,13,D,YU,RX,D
11:09:33,MYOR,RG,2380,5,D,YU,NI,D
11:09:33,MYOR,RG,2380,1,D,YU,NI,D
11:09:33,MYOR,RG,2380,1,D,YU,CC,D
11:09:33,MYOR,RG,2380,1,D,YU,AK,F
11:09:33,MYOR,RG,2380,1,D,YU,YP,D
11:09:33,MYOR,RG,2380,14,D,YU,RX,D
11:09:33,MYOR,RG,2380,2,D,YU,AK,F
11:09:33,MYOR,RG,2380,1,D,YU,AK,F
11:09:33,MYOR,RG,2380,3,D,YU,AK,F
11:09:33,MYOR,RG,2380,1,D,YU,AK,F
11:09:33,MYOR,RG,2380,42,D,YU,AK,F
11:09:33,MYOR,RG,2380,24,D,YU,AK,F
11:09:30,MYOR,RG,2370,1,D,XC,DX,D
11:09:04,MYOR,RG,2380,1,D,XC,AK,F
11:09:01,MYOR,RG,2370,104,D,XC,AZ,D
11:09:01,MYOR,RG,2370,1,D,XC,AZ,D
11:09:01,MYOR,RG,2370,375,F,PD,AZ,D
11:08:56,MYOR,RG,2380,95,D,YU,AK,F
11:08:50,MYOR,RG,2370,6,F,PD,DX,D
11:07:29,MYOR,RG,2370,15,F,PD,AT,D
11:06:26,MYOR,RG,2370,6,F,PD,DX,D
11:06:12,MYOR,RG,2370,73,F,PD,AZ,D
11:05:57,MYOR,RG,2370,6,F,PD,XL,D
11:05:57,MYOR,RG,2370,4,F,PD,PD,D
11:05:47,MYOR,RG,2370,15,F,PD,HP,D
11:05:47,MYOR,RG,2370,1,D,PD,HP,D
11:05:47,MYOR,RG,2370,2,D,YP,HP,D
11:03:57,MYOR,RG,2380,1,D,XC,AK,F
11:03:54,MYOR,RG,2380,28,D,YU,AK,F
11:03:54,MYOR,RG,2380,1,D,YU,AK,F
11:03:54,MYOR,RG,2380,2,D,YU,AK,F
11:03:54,MYOR,RG,2380,3,D,YU,AK,F
11:03:54,MYOR,RG,2380,40,D,YU,AK,F
11:03:54,MYOR,RG,2380,26,D,YU,AK,F
11:03:51,MYOR,RG,2370,8,D,YP,XC,D
11:03:49,MYOR,RG,2380,19,D,YU,AK,F
11:03:44,MYOR,RG,2380,21,F,AK,AK,F
11:03:44,MYOR,RG,2380,6,F,AK,DX,D
11:03:44,MYOR,RG,2380,3,F,AK,RX,D
11:03:44,MYOR,RG,2380,20,D,YU,RX,D
11:03:44,MYOR,RG,2380,1,D,YU,DX,D
11:03:44,MYOR,RG,2380,1,D,YU,PD,D
11:03:44,MYOR,RG,2380,1,D,YU,AK,F
11:03:44,MYOR,RG,2380,2,D,YU,AK,F
11:03:44,MYOR,RG,2380,3,D,YU,CC,D
11:03:44,MYOR,RG,2380,1,D,YU,YP,D
11:03:44,MYOR,RG,2380,1,D,YU,PD,D
11:03:44,MYOR,RG,2380,2,D,YU,AK,F
11:03:44,MYOR,RG,2380,1,D,YU,AK,F
11:03:44,MYOR,RG,2380,1,D,YU,AK,F
11:03:44,MYOR,RG,2380,1,D,YU,AK,F
11:03:44,MYOR,RG,2380,3,D,YU,AK,F
11:02:43,MYOR,RG,2370,4,D,XC,AK,F
11:02:35,MYOR,RG,2370,1,D,XC,AK,F
11:02:19,MYOR,RG,2370,1,D,XC,AK,F
11:02:19,MYOR,RG,2370,2,D,LG,PD,D
11:01:46,MYOR,RG,2370,2,D,LG,PD,D
11:01:29,MYOR,RG,2370,6,D,LG,DX,D
11:00:40,MYOR,RG,2370,516,F,BK,PD,D
11:00:40,MYOR,RG,2370,1,D,PD,PD,D
11:00:40,MYOR,RG,2370,50,D,YP,PD,D
11:00:40,MYOR,RG,2370,10,D,YP,PD,D
11:00:40,MYOR,RG,2370,10,D,YB,PD,D
11:00:40,MYOR,RG,2370,10,D,KK,PD,D
11:00:40,MYOR,RG,2370,1,D,XL,PD,D
11:00:40,MYOR,RG,2370,2,D,PD,PD,D
11:00:19,MYOR,RG,2370,1,D,PD,AZ,F
11:00:19,MYOR,RG,2370,1,D,YP,AZ,F
11:00:19,MYOR,RG,2370,10,D,YP,AZ,F
11:00:19,MYOR,RG,2370,18,D,YU,AZ,F
11:00:19,MYOR,RG,2370,1,D,YU,AK,F
11:00:18,MYOR,RG,2370,1,D,YU,OD,D
10:59:30,MYOR,RG,2370,60,D,YU,AZ,D
10:59:24,MYOR,RG,2370,1,D,YU,XC,D
10:59:22,MYOR,RG,2370,1,D,YU,PD,D
10:59:06,MYOR,RG,2370,85,D,YU,AZ,D
10:59:04,MYOR,RG,2370,5,D,YU,DX,D
10:58:59,MYOR,RG,2380,5,D,LG,AK,F
10:58:23,MYOR,RG,2380,29,F,AK,AK,F
10:58:23,MYOR,RG,2370,90,D,YU,AZ,D
10:58:17,MYOR,RG,2370,14,D,YU,IP,D
10:57:45,MYOR,RG,2380,4,D,XL,AK,F
10:57:45,MYOR,RG,2380,5,D,XL,AK,F
10:57:32,MYOR,RG,2370,2,D,YU,PD,D
10:56:41,MYOR,RG,2370,5,D,YU,DX,D
10:56:25,MYOR,RG,2380,3,D,NI,AK,F
10:56:07,MYOR,RG,2370,1,D,YU,OD,D
10:54:37,MYOR,RG,2380,3,D,PD,AK,F
10:53:27,MYOR,RG,2380,38,D,YU,AK,F
10:53:27,MYOR,RG,2380,2,D,YU,AK,F
10:53:20,MYOR,RG,2380,2,D,YU,AK,F
10:53:20,MYOR,RG,2380,5,D,YU,DX,D
10:53:20,MYOR,RG,2380,1,D,YU,AK,F
10:53:20,MYOR,RG,2380,1,D,YU,AK,F
10:53:20,MYOR,RG,2380,1,D,YU,AK,F
10:53:20,MYOR,RG,2380,1,D,YU,AK,F
10:53:20,MYOR,RG,2380,48,D,YU,AK,F
10:53:20,MYOR,RG,2380,41,D,YU,AK,F
10:53:20,MYOR,RG,2380,267,D,YU,CC,D
10:53:20,MYOR,RG,2380,2,D,YU,AK,F
10:53:20,MYOR,RG,2380,36,D,YU,RX,D
10:52:58,MYOR,RG,2380,48,F,AK,RX,D
10:52:44,MYOR,RG,2380,22,F,BK,XL,D
10:52:44,MYOR,RG,2380,1,D,XC,XL,D
10:51:55,MYOR,RG,2380,1,F,AK,DX,D
10:51:55,MYOR,RG,2380,4,F,AK,XC,D
10:51:55,MYOR,RG,2370,1,D,YU,KK,D
10:51:44,MYOR,RG,2380,2,F,BK,DX,D
10:51:44,MYOR,RG,2380,1,D,PD,DX,D
10:51:44,MYOR,RG,2380,3,D,YP,DX,D
10:51:32,MYOR,RG,2380,7,D,YP,RX,D
10:51:32,MYOR,RG,2380,5,D,YU,RX,D
10:50:35,MYOR,RG,2390,3,D,XC,AZ,D
10:50:35,MYOR,RG,2390,2,D,XC,AZ,D
10:50:35,MYOR,RG,2390,1,D,PD,AZ,D
10:50:35,MYOR,RG,2390,1,D,PD,AZ,D
10:50:35,MYOR,RG,2390,1,D,DR,AZ,D
10:50:35,MYOR,RG,2390,1,D,PD,AZ,D
10:50:35,MYOR,RG,2390,1,D,YP,AZ,D
10:50:35,MYOR,RG,2390,37,F,BK,AZ,D
10:50:16,MYOR,RG,2390,3,F,BK,SQ,D
10:50:10,MYOR,RG,2390,5,F,BK,GR,D
10:50:04,MYOR,RG,2390,5,F,BK,LG,D
10:49:57,MYOR,RG,2390,110,F,BK,AZ,D
10:49:45,MYOR,RG,2390,1,F,BK,DX,D
10:49:14,MYOR,RG,2390,4,F,BK,DX,D
10:49:14,MYOR,RG,2390,2,D,YU,DX,D
10:49:14,MYOR,RG,2390,1,D,YU,PD,D
10:49:14,MYOR,RG,2390,100,D,YU,AZ,D
10:49:09,MYOR,RG,2390,1,D,YU,YP,D
10:48:41,MYOR,RG,2390,50,D,YU,KK,D
10:48:14,MYOR,RG,2390,12,D,YU,XC,D
10:48:13,MYOR,RG,2390,5,D,YU,DH,D
10:47:45,MYOR,RG,2390,2,D,YU,PD,D
10:47:15,MYOR,RG,2390,1,D,YU,DX,D
10:47:09,MYOR,RG,2390,300,D,YU,CC,D
10:46:50,MYOR,RG,2390,6,D,YU,DX,D
10:44:49,MYOR,RG,2400,1,D,DR,ZP,F
10:43:55,MYOR,RG,2390,16,D,YU,BK,F
10:43:55,MYOR,RG,2390,1,D,YU,AK,F
10:43:55,MYOR,RG,2390,3,D,YU,RX,D
10:43:48,MYOR,RG,2390,27,D,YU,RX,D
10:43:48,MYOR,RG,2390,4,D,YU,BQ,D
10:43:48,MYOR,RG,2390,1,D,YU,AK,F
10:43:48,MYOR,RG,2390,54,D,YU,AK,F
10:43:48,MYOR,RG,2390,1,D,YU,DX,D
10:43:48,MYOR,RG,2390,2,D,YU,AK,F
10:43:48,MYOR,RG,2390,110,D,YU,BK,F
10:43:48,MYOR,RG,2390,1,D,YU,YP,D
10:42:38,MYOR,RG,2380,6,D,YU,YP,D
10:42:25,MYOR,RG,2380,5,D,YU,DR,D
10:42:24,MYOR,RG,2380,4,D,YU,DX,D
10:42:24,MYOR,RG,2380,1,D,YU,YP,D
10:42:24,MYOR,RG,2380,14,D,YU,BK,F
10:42:13,MYOR,RG,2380,1,D,XC,BK,F
10:42:13,MYOR,RG,2380,2,D,XC,AK,F
10:42:13,MYOR,RG,2380,1,D,XC,AK,F
10:42:13,MYOR,RG,2380,1,D,XC,AK,F
10:42:13,MYOR,RG,2380,15,D,XC,DH,D
10:42:10,MYOR,RG,2370,1,D,YU,DX,D
10:41:48,MYOR,RG,2370,1,D,YU,DH,D
10:41:42,MYOR,RG,2370,1,D,YU,YP,D
10:41:41,MYOR,RG,2370,1,D,YU,XL,D
10:41:26,MYOR,RG,2370,3,D,YU,PD,D
10:40:57,MYOR,RG,2380,48,D,YP,DH,D
10:40:57,MYOR,RG,2380,55,D,YP,AK,F
10:40:57,MYOR,RG,2380,1,D,YP,DX,D
10:40:57,MYOR,RG,2380,1,D,YP,YP,D
10:40:57,MYOR,RG,2380,3,D,YP,AK,F
10:40:57,MYOR,RG,2380,92,D,YP,RX,D
10:40:15,MYOR,RG,2370,1,D,YU,XL,D
10:39:58,MYOR,RG,2370,9,D,YU,KK,D
10:39:30,MYOR,RG,2370,1,D,YU,YP,D
10:39:19,MYOR,RG,2370,30,D,YU,PD,D
10:39:09,MYOR,RG,2370,2,D,YU,PD,D
10:39:08,MYOR,RG,2380,10,D,YP,RX,D
10:39:01,MYOR,RG,2370,1,D,YU,YP,D
10:38:43,MYOR,RG,2370,5,F,AK,AK,F
10:38:43,MYOR,RG,2370,52,F,AK,AK,F
10:38:43,MYOR,RG,2370,8,F,AK,AK,F
10:38:43,MYOR,RG,2370,1,F,AK,AK,F
10:38:43,MYOR,RG,2370,63,F,AK,AK,F
10:38:43,MYOR,RG,2370,120,D,YU,AK,F
10:38:43,MYOR,RG,2370,2,D,YU,AK,F
10:38:43,MYOR,RG,2370,1,D,YU,AK,F
10:38:43,MYOR,RG,2370,1,D,YU,AK,F
10:38:43,MYOR,RG,2370,24,D,YU,CC,D
10:38:43,MYOR,RG,2370,70,D,YU,CC,D
10:38:43,MYOR,RG,2370,27,D,YU,CC,D
10:38:43,MYOR,RG,2370,100,D,YU,CC,D
10:38:43,MYOR,RG,2370,37,D,YU,CC,D
10:37:37,MYOR,RG,2350,11,D,IF,YB,D
10:37:34,MYOR,RG,2370,4,D,LG,CC,D
10:37:34,MYOR,RG,2370,1,D,LG,DX,D
10:37:18,MYOR,RG,2360,58,F,AK,AK,F
10:37:12,MYOR,RG,2350,10,D,IF,PD,D
10:37:12,MYOR,RG,2350,97,D,IF,AZ,D
10:37:12,MYOR,RG,2350,2,D,XL,AZ,D
10:37:12,MYOR,RG,2350,44,D,DX,AZ,D
10:37:12,MYOR,RG,2350,1,D,PD,AZ,D
10:37:12,MYOR,RG,2350,1,D,EP,AZ,D
10:37:12,MYOR,RG,2350,4,D,YP,AZ,D
10:37:12,MYOR,RG,2350,2,D,CC,AZ,D
10:37:12,MYOR,RG,2350,2,D,KK,AZ,D
10:37:12,MYOR,RG,2350,5,D,EP,AZ,D
10:37:12,MYOR,RG,2350,10,D,TP,AZ,D
10:37:12,MYOR,RG,2350,20,D,CC,AZ,D
10:37:12,MYOR,RG,2350,1,D,PD,AZ,D
10:37:12,MYOR,RG,2350,5,D,XC,AZ,D
10:37:12,MYOR,RG,2350,1,D,AZ,AZ,D
10:37:12,MYOR,RG,2350,2,D,NI,AZ,D
10:37:12,MYOR,RG,2350,5,D,PD,AZ,D
10:37:12,MYOR,RG,2350,5,D,AZ,AZ,D
10:37:12,MYOR,RG,2350,2,D,YP,AZ,D
10:37:12,MYOR,RG,2350,50,D,SQ,AZ,D
10:37:12,MYOR,RG,2350,50,D,YU,AZ,D
10:37:12,MYOR,RG,2350,3,D,BQ,AZ,D
10:37:12,MYOR,RG,2350,5,D,XC,AZ,D
10:37:12,MYOR,RG,2350,1,D,NI,AZ,D
10:37:12,MYOR,RG,2350,2,D,LG,AZ,D
10:37:12,MYOR,RG,2350,2,D,PD,AZ,D
10:37:12,MYOR,RG,2350,2,D,AT,AZ,D
10:37:12,MYOR,RG,2350,1,D,YP,AZ,D
10:37:12,MYOR,RG,2350,1,D,BQ,AZ,D
10:37:12,MYOR,RG,2350,2,D,SQ,AZ,D
10:37:12,MYOR,RG,2350,40,D,EP,AZ,D
10:37:12,MYOR,RG,2360,1,D,XC,AZ,D
10:37:12,MYOR,RG,2360,1,D,XC,AZ,D
10:37:12,MYOR,RG,2360,7,D,XC,AZ,D
10:37:12,MYOR,RG,2360,11,D,XC,AZ,D
10:37:12,MYOR,RG,2360,5,D,KK,AZ,D
10:37:12,MYOR,RG,2360,1,D,PD,AZ,D
10:37:12,MYOR,RG,2360,2,D,KK,AZ,D
10:37:12,MYOR,RG,2360,10,D,YP,AZ,D
10:37:12,MYOR,RG,2360,1,D,PD,AZ,D
10:37:12,MYOR,RG,2360,2,D,XL,AZ,D
10:37:12,MYOR,RG,2360,5,D,YP,AZ,D
10:37:12,MYOR,RG,2360,1,D,PD,AZ,D
10:37:12,MYOR,RG,2360,50,D,LG,AZ,D
10:37:12,MYOR,RG,2360,1,D,XC,AZ,D
10:37:12,MYOR,RG,2360,1,D,YP,AZ,D
10:37:12,MYOR,RG,2360,2,D,XL,AZ,D
10:37:12,MYOR,RG,2360,10,D,YP,AZ,D
10:37:12,MYOR,RG,2360,1,D,XL,AZ,D
10:37:12,MYOR,RG,2360,1,D,XC,AZ,D
10:37:12,MYOR,RG,2360,2,D,CC,AZ,D
10:37:12,MYOR,RG,2360,2,D,KK,AZ,D
10:37:12,MYOR,RG,2360,1,D,CC,AZ,D
10:37:12,MYOR,RG,2360,1,D,EP,AZ,D
10:37:12,MYOR,RG,2360,50,D,YP,AZ,D
10:37:12,MYOR,RG,2360,3,D,CC,AZ,D
10:37:12,MYOR,RG,2360,10,D,XC,AZ,D
10:37:12,MYOR,RG,2360,1,D,BQ,AZ,D
10:37:12,MYOR,RG,2370,52,D,CC,AZ,D
10:37:12,MYOR,RG,2370,1,D,XC,AZ,D
10:37:12,MYOR,RG,2370,4,D,CC,AZ,D
10:37:12,MYOR,RG,2370,20,D,YP,AZ,D
10:37:12,MYOR,RG,2370,50,D,XL,AZ,D
10:37:12,MYOR,RG,2370,4,D,YP,AZ,D
10:37:12,MYOR,RG,2370,1,D,PD,AZ,D
10:37:12,MYOR,RG,2370,5,D,NI,AZ,D
10:37:12,MYOR,RG,2370,10,D,XL,AZ,D
10:37:12,MYOR,RG,2370,10,D,DR,AZ,D
10:37:12,MYOR,RG,2370,2,D,KK,AZ,D
10:37:12,MYOR,RG,2370,220,D,YP,AZ,D
10:37:12,MYOR,RG,2370,2,D,KK,AZ,D
10:37:12,MYOR,RG,2370,3,D,XC,AZ,D
10:37:12,MYOR,RG,2370,1,D,XC,AZ,D
10:37:12,MYOR,RG,2370,1,D,LG,AZ,D
10:37:12,MYOR,RG,2370,2,D,KK,AZ,D
10:37:12,MYOR,RG,2370,5,D,LG,AZ,D
10:37:12,MYOR,RG,2370,2,D,KK,AZ,D
10:37:12,MYOR,RG,2370,1,D,PD,AZ,D
10:37:12,MYOR,RG,2370,10,D,XL,AZ,D
10:37:12,MYOR,RG,2370,3,D,YP,AZ,D
10:37:12,MYOR,RG,2370,3,D,XL,AZ,D
10:37:12,MYOR,RG,2370,2,D,KK,AZ,D
10:37:12,MYOR,RG,2370,10,D,YP,AZ,D
10:37:12,MYOR,RG,2370,2,D,YP,AZ,D
10:37:12,MYOR,RG,2370,50,D,EP,AZ,D
10:37:12,MYOR,RG,2370,25,D,IF,AZ,D
10:37:12,MYOR,RG,2370,50,D,YP,AZ,D
10:37:12,MYOR,RG,2370,2,D,KK,AZ,D
10:37:12,MYOR,RG,2370,1,D,PD,AZ,D
10:37:12,MYOR,RG,2380,10,D,YP,AZ,D
10:37:12,MYOR,RG,2380,1,D,XC,AZ,D
10:37:12,MYOR,RG,2380,2,D,XC,AZ,D
10:37:12,MYOR,RG,2380,2,D,CC,AZ,D
10:37:12,MYOR,RG,2380,2,D,CC,AZ,D
10:37:12,MYOR,RG,2380,20,D,LG,AZ,D
10:37:12,MYOR,RG,2380,16,D,YU,AZ,D
10:37:12,MYOR,RG,2380,1,D,XC,AZ,D
10:37:12,MYOR,RG,2380,2,D,XC,AZ,D
10:37:12,MYOR,RG,2380,22,D,YU,AZ,D
10:37:12,MYOR,RG,2390,20,D,YU,AZ,D
10:37:12,MYOR,RG,2390,43,D,YU,AZ,D
10:37:12,MYOR,RG,2390,108,D,YU,AZ,D
10:37:12,MYOR,RG,2390,11,D,YU,AZ,D
10:37:12,MYOR,RG,2390,4,D,XC,AZ,D
10:37:12,MYOR,RG,2390,98,D,YU,AZ,D
10:37:06,MYOR,RG,2390,3,D,YU,XC,D
10:36:20,MYOR,RG,2390,1,D,YU,DX,D
10:36:16,MYOR,RG,2390,17,D,YU,CC,D
10:36:16,MYOR,RG,2390,1,D,YP,CC,D
10:36:16,MYOR,RG,2390,33,D,YU,CC,D
10:36:16,MYOR,RG,2390,49,D,YU,CC,D
10:36:05,MYOR,RG,2390,2,D,YU,AK,F
10:35:54,MYOR,RG,2390,10,D,YU,PD,D
10:35:54,MYOR,RG,2390,39,D,YU,PD,D
10:35:54,MYOR,RG,2390,11,F,AK,PD,D
10:35:47,MYOR,RG,2390,7,F,AK,XC,D
10:35:46,MYOR,RG,2390,2,F,AK,OD,F
10:35:24,MYOR,RG,2390,1,F,AK,OD,D
10:35:16,MYOR,RG,2390,3,F,AK,KK,D
10:35:15,MYOR,RG,2390,3,F,AK,SQ,D
10:35:10,MYOR,RG,2390,50,F,AK,KK,D
10:35:03,MYOR,RG,2390,1,F,AK,DR,D
10:34:41,MYOR,RG,2390,5,F,AK,AK,F
10:34:32,MYOR,RG,2390,17,F,AK,EP,D
10:34:32,MYOR,RG,2390,117,D,YU,EP,D
10:34:32,MYOR,RG,2390,1,D,XC,EP,D
10:34:32,MYOR,RG,2390,20,D,LG,EP,D
10:34:32,MYOR,RG,2390,45,D,YU,EP,D
10:34:13,MYOR,RG,2390,1,D,YU,AK,F
10:34:08,MYOR,RG,2390,2,D,YU,XC,D
10:33:53,MYOR,RG,2390,2,D,YU,DH,D
10:33:00,MYOR,RG,2390,1,D,YU,DX,D
10:32:56,MYOR,RG,2390,12,D,YU,XC,D
10:32:49,MYOR,RG,2390,4,D,YU,YP,D
10:32:32,MYOR,RG,2390,3,D,YU,SQ,D
10:32:32,MYOR,RG,2390,1,D,CC,SQ,D
10:32:32,MYOR,RG,2390,6,D,XC,SQ,D
10:32:18,MYOR,RG,2390,1,D,XC,AK,F
10:32:18,MYOR,RG,2390,4,D,TP,AK,F
10:32:03,MYOR,RG,2400,22,D,XL,ZP,F
10:31:39,MYOR,RG,2390,1,D,TP,XC,D
10:31:31,MYOR,RG,2390,5,D,TP,CC,D
10:31:31,MYOR,RG,2390,6,D,XC,CC,D
10:31:31,MYOR,RG,2390,89,F,BK,CC,D
10:30:54,MYOR,RG,2390,75,F,BK,XC,D
10:30:54,MYOR,RG,2390,24,D,YU,XC,D
10:30:54,MYOR,RG,2390,31,D,YU,XC,D
10:30:54,MYOR,RG,2390,28,D,YU,XC,D
10:30:54,MYOR,RG,2390,47,D,YU,XC,D
10:30:05,MYOR,RG,2390,21,D,YU,CC,D
10:30:00,MYOR,RG,2400,71,D,YU,ZP,F
10:29:43,MYOR,RG,2390,20,D,YU,PD,D
10:29:31,MYOR,RG,2390,1,D,YU,PD,D
10:29:21,MYOR,RG,2390,1,D,YU,XC,D
10:29:00,MYOR,RG,2390,19,D,YU,RX,D
10:29:00,MYOR,RG,2390,1,D,YU,XL,D
10:29:00,MYOR,RG,2390,72,D,YU,XC,D
10:29:00,MYOR,RG,2390,60,D,YU,XC,D
10:29:00,MYOR,RG,2390,1,D,YU,XC,D
10:29:00,MYOR,RG,2390,5,D,YU,XC,D
10:28:44,MYOR,RG,2390,1,D,XC,XC,D
10:28:39,MYOR,RG,2390,2,D,XC,XC,D
10:27:15,MYOR,RG,2390,2,D,XL,XC,D
10:27:15,MYOR,RG,2390,15,D,XL,XL,D
10:27:15,MYOR,RG,2390,22,D,XL,XL,D
10:27:15,MYOR,RG,2390,2,D,XL,XC,D
10:27:15,MYOR,RG,2390,2,D,XL,RX,D
10:26:51,MYOR,RG,2390,1,D,XC,RX,D
10:26:09,MYOR,RG,2390,2,D,XC,RX,D
10:26:00,MYOR,RG,2390,19,D,YU,RX,D
10:26:00,MYOR,RG,2390,1,D,YU,YP,D
10:26:00,MYOR,RG,2390,3,D,YU,CC,D
10:26:00,MYOR,RG,2390,45,D,YU,EP,D
10:26:00,MYOR,RG,2390,10,D,YU,YP,D
10:26:00,MYOR,RG,2390,39,D,YU,XC,D
10:26:00,MYOR,RG,2390,18,D,YU,XC,D
10:26:00,MYOR,RG,2390,40,D,YU,CC,D
10:25:59,MYOR,RG,2380,2,D,YU,RG,D
10:25:47,MYOR,RG,2390,5,D,KK,CC,D
10:25:31,MYOR,RG,2380,10,D,YU,NI,D
10:25:27,MYOR,RG,2380,2,D,YU,PD,D
10:25:09,MYOR,RG,2380,8,D,YU,GR,D
10:25:00,MYOR,RG,2380,1,D,YU,DX,D
10:25:00,MYOR,RG,2380,15,D,YU,PD,D
10:25:00,MYOR,RG,2380,18,D,YU,CC,D
10:24:44,MYOR,RG,2370,42,D,XC,PD,D
10:24:44,MYOR,RG,2370,2,D,XC,XC,D
10:24:25,MYOR,RG,2370,1,D,XC,PD,D
10:24:18,MYOR,RG,2370,41,D,XC,PD,D
10:24:07,MYOR,RG,2370,1,D,XC,AZ,D
10:23:56,MYOR,RG,2370,1,D,XC,XC,D
10:23:35,MYOR,RG,2370,50,D,XC,PD,D
10:23:35,MYOR,RG,2370,3,D,XC,SQ,D
10:23:30,MYOR,RG,2380,5,D,KK,CC,D
10:23:08,MYOR,RG,2370,1,D,XC,PD,D
10:23:00,MYOR,RG,2380,90,D,YU,CC,D
10:23:00,MYOR,RG,2380,69,D,YU,CC,D
10:22:32,MYOR,RG,2380,1,D,XC,CC,D
10:20:56,MYOR,RG,2380,99,F,AK,CC,D
10:20:56,MYOR,RG,2380,1,F,AK,DX,D
10:20:56,MYOR,RG,2380,10,F,AK,YP,D
10:20:56,MYOR,RG,2380,5,F,AK,NI,D
10:20:36,MYOR,RG,2380,10,D,YP,NI,D
10:20:14,MYOR,RG,2380,2,D,BQ,XL,D
10:20:00,MYOR,RG,2380,2,D,YU,DH,D
10:20:00,MYOR,RG,2380,61,D,YU,RX,D
10:19:40,MYOR,RG,2370,1,D,XC,DX,D
10:19:22,MYOR,RG,2370,1,D,XC,PD,D
10:19:20,MYOR,RG,2370,13,D,XC,YP,D
10:19:17,MYOR,RG,2370,5,D,XC,PD,D
10:18:38,MYOR,RG,2370,43,D,XC,XL,D
10:18:38,MYOR,RG,2370,59,D,NI,XL,D
10:18:35,MYOR,RG,2370,41,D,NI,RO,D
10:18:35,MYOR,RG,2370,21,D,YP,RO,D
10:18:35,MYOR,RG,2370,2,D,NI,RO,D
10:18:35,MYOR,RG,2370,10,D,YP,RO,D
10:18:35,MYOR,RG,2370,46,D,SQ,RO,D
10:18:10,MYOR,RG,2370,4,D,SQ,YP,D
10:18:10,MYOR,RG,2370,1,D,CC,YP,D
10:17:35,MYOR,RG,2380,2,D,KK,XL,D
10:17:11,MYOR,RG,2380,10,D,YP,XL,D
10:16:56,MYOR,RG,2380,10,D,XC,XL,D
10:16:55,MYOR,RG,2370,1,D,CC,PD,D
10:16:48,MYOR,RG,2380,1,D,YP,XL,D
10:16:44,MYOR,RG,2380,160,D,YU,XL,D
10:16:44,MYOR,RG,2380,38,D,YU,XL,D
10:16:44,MYOR,RG,2380,93,D,YU,XL,D
10:16:44,MYOR,RG,2380,36,D,YU,XL,D
10:16:44,MYOR,RG,2380,134,D,YU,XL,D
10:16:44,MYOR,RG,2380,49,D,YU,XL,D
10:16:25,MYOR,RG,2380,6,F,AK,XL,D
10:16:25,MYOR,RG,2380,20,D,XC,XL,D
10:16:25,MYOR,RG,2380,238,F,BK,XL,D
10:16:25,MYOR,RG,2380,2,D,YP,XL,D
10:16:25,MYOR,RG,2380,1,D,KK,XL,D
10:16:25,MYOR,RG,2380,3,D,AZ,XL,D
10:16:25,MYOR,RG,2380,1,D,XL,XL,D
10:16:25,MYOR,RG,2380,2,D,LG,XL,D
10:16:25,MYOR,RG,2380,2,D,KK,XL,D
10:16:25,MYOR,RG,2380,2,D,CC,XL,D
10:16:25,MYOR,RG,2380,1,D,YP,XL,D
10:16:25,MYOR,RG,2380,2,D,XL,XL,D
10:16:25,MYOR,RG,2380,8,D,XL,XL,D
10:16:25,MYOR,RG,2380,1,D,NI,XL,D
10:16:25,MYOR,RG,2380,5,D,PD,XL,D
10:16:25,MYOR,RG,2380,63,D,YP,XL,D
10:16:25,MYOR,RG,2380,40,D,YP,XL,D
10:16:25,MYOR,RG,2380,10,D,YP,XL,D
10:16:25,MYOR,RG,2380,50,D,YP,XL,D
10:16:25,MYOR,RG,2380,55,D,XA,XL,D
10:16:23,MYOR,RG,2380,4,D,XA,YP,D
10:16:21,MYOR,RG,2380,4,D,XA,YB,D
10:16:20,MYOR,RG,2380,1,D,XA,DX,D
10:16:20,MYOR,RG,2390,1,D,CC,XL,D
10:16:16,MYOR,RG,2380,7,D,XA,XC,D
10:16:16,MYOR,RG,2390,132,D,YU,XL,D
10:16:16,MYOR,RG,2390,52,D,YU,XL,D
10:16:16,MYOR,RG,2390,15,D,YU,XL,D
10:16:16,MYOR,RG,2390,10,D,YU,XL,D
10:16:15,MYOR,RG,2390,20,D,YU,XL,D
10:15:59,MYOR,RG,2380,19,D,XA,NI,D
10:15:34,MYOR,RG,2380,10,D,XA,RX,D
10:15:34,MYOR,RG,2380,1,D,SQ,RX,D
10:15:34,MYOR,RG,2380,5,D,YP,RX,D
10:15:24,MYOR,RG,2390,1,D,XC,XL,D
10:15:24,MYOR,RG,2390,1,D,XC,XL,D
10:15:24,MYOR,RG,2390,4,D,KK,XL,D
10:15:24,MYOR,RG,2390,5,D,XC,XL,D
10:15:24,MYOR,RG,2390,15,D,XC,XL,D
10:15:24,MYOR,RG,2390,2,D,XC,XL,D
10:15:24,MYOR,RG,2390,25,D,XC,XL,D
10:15:24,MYOR,RG,2390,20,D,OD,XL,D
10:15:24,MYOR,RG,2390,10,D,GR,XL,D
10:15:24,MYOR,RG,2390,1,D,DR,XL,D
10:15:24,MYOR,RG,2390,1,D,YP,XL,D
10:15:24,MYOR,RG,2390,5,D,XC,XL,D
10:15:24,MYOR,RG,2390,2,D,LG,XL,D
10:15:24,MYOR,RG,2390,10,D,YP,XL,D
10:15:24,MYOR,RG,2390,521,F,PD,XL,D
10:15:01,MYOR,RG,2400,5,D,YP,ZP,F
10:14:59,MYOR,RG,2390,17,F,PD,XC,D
10:14:54,MYOR,RG,2390,100,F,PD,YP,D
10:14:48,MYOR,RG,2390,3,F,PD,YP,D
10:14:42,MYOR,RG,2390,10,F,PD,EP,D
10:14:31,MYOR,RG,2390,5,F,PD,BQ,D
10:14:27,MYOR,RG,2390,3,F,PD,NI,D
10:14:17,MYOR,RG,2390,12,F,PD,RX,D
10:14:08,MYOR,RG,2390,2,F,PD,PD,D
10:14:00,MYOR,RG,2390,3,F,PD,XC,D
10:13:44,MYOR,RG,2390,4,F,PD,BQ,D
10:13:36,MYOR,RG,2390,3,F,PD,PD,D
10:13:33,MYOR,RG,2390,5,F,PD,EP,D
10:13:29,MYOR,RG,2390,25,F,PD,AZ,D
10:13:24,MYOR,RG,2390,5,F,PD,EP,D
10:13:14,MYOR,RG,2390,50,F,PD,YP,D
10:13:00,MYOR,RG,2390,1,F,PD,DX,D
10:12:46,MYOR,RG,2390,19,F,PD,RX,D
10:12:39,MYOR,RG,2390,1,F,PD,PD,D
10:12:08,MYOR,RG,2390,13,F,PD,RX,D
10:12:04,MYOR,RG,2400,1,D,PD,ZP,F
10:11:26,MYOR,RG,2400,120,D,YU,ZP,F
10:11:26,MYOR,RG,2400,28,D,YU,ZP,F
10:11:26,MYOR,RG,2400,70,D,YU,ZP,F
10:11:26,MYOR,RG,2400,27,D,YU,ZP,F
10:11:26,MYOR,RG,2400,100,D,YU,ZP,F
10:11:26,MYOR,RG,2400,37,D,YU,ZP,F
10:11:04,MYOR,RG,2400,80,D,YU,ZP,F
10:11:04,MYOR,RG,2400,19,D,YU,ZP,F
10:11:04,MYOR,RG,2400,46,D,YU,ZP,F
10:11:04,MYOR,RG,2400,18,D,YU,ZP,F
10:11:04,MYOR,RG,2400,67,D,YU,ZP,F
10:11:04,MYOR,RG,2400,24,D,YU,ZP,F
10:10:46,MYOR,RG,2400,3,D,CC,ZP,F
10:10:25,MYOR,RG,2390,70,F,PD,PD,D
10:10:12,MYOR,RG,2390,2,F,PD,DH,D
10:10:11,MYOR,RG,2390,40,F,PD,PD,D
10:10:08,MYOR,RG,2390,11,F,PD,XC,D
10:09:30,MYOR,RG,2390,1,F,PD,DX,D
10:09:08,MYOR,RG,2390,2,F,PD,KK,D
10:08:52,MYOR,RG,2390,1,F,PD,EP,D
10:08:32,MYOR,RG,2390,9,F,PD,XC,D
10:08:13,MYOR,RG,2390,57,F,PD,PD,D
10:07:42,MYOR,RG,2390,5,F,PD,RX,D
10:07:42,MYOR,RG,2390,1,D,YP,RX,D
10:07:42,MYOR,RG,2390,2,D,XL,RX,D
10:07:42,MYOR,RG,2390,4,D,SQ,RX,D
10:07:24,MYOR,RG,2390,3,D,SQ,BQ,D
10:07:08,MYOR,RG,2390,1,D,SQ,YP,D
10:06:59,MYOR,RG,2390,1,D,SQ,XL,D
10:06:31,MYOR,RG,2390,101,D,SQ,YP,D
10:06:29,MYOR,RG,2390,28,D,SQ,CC,D
10:05:37,MYOR,RG,2390,1,D,SQ,YP,D
10:05:21,MYOR,RG,2390,66,D,SQ,XL,D
10:05:18,MYOR,RG,2390,13,D,SQ,RX,D
10:04:33,MYOR,RG,2400,4,D,AT,ZP,F
10:04:30,MYOR,RG,2390,1,D,SQ,DX,D
10:04:02,MYOR,RG,2400,5,D,XC,ZP,F
10:03:20,MYOR,RG,2400,347,F,AK,ZP,F
10:03:19,MYOR,RG,2400,250,D,CC,ZP,F
10:03:17,MYOR,RG,2400,10,D,YP,ZP,F
10:03:15,MYOR,RG,2400,87,D,XC,ZP,F
10:03:05,MYOR,RG,2400,1,D,YP,ZP,F
10:03:05,MYOR,RG,2390,21,D,SQ,XL,D
10:02:25,MYOR,RG,2390,60,D,SQ,EP,D
10:02:25,MYOR,RG,2390,1,D,KK,EP,D
10:02:25,MYOR,RG,2390,1,D,NI,EP,D
10:02:25,MYOR,RG,2390,1,D,YP,EP,D
10:02:25,MYOR,RG,2390,2,D,XL,EP,D
10:02:25,MYOR,RG,2390,4,D,YP,EP,D
10:02:25,MYOR,RG,2390,50,D,YP,EP,D
10:02:25,MYOR,RG,2390,1,D,YP,EP,D
10:02:25,MYOR,RG,2390,3,D,DR,EP,D
10:02:25,MYOR,RG,2390,1,D,PD,EP,D
10:02:25,MYOR,RG,2390,3,D,YP,EP,D
10:02:18,MYOR,RG,2390,3,D,YP,AT,D
10:02:05,MYOR,RG,2400,5,D,YP,ZP,F
10:02:05,MYOR,RG,2390,4,D,YP,PD,D
10:02:05,MYOR,RG,2390,1,D,XC,PD,D
10:02:05,MYOR,RG,2390,5,D,YP,PD,D
10:01:51,MYOR,RG,2400,400,F,PD,ZP,F
10:01:42,MYOR,RG,2400,1,D,PD,ZP,F
10:01:36,MYOR,RG,2390,5,D,YP,KK,D
10:01:36,MYOR,RG,2390,5,D,YP,KK,D
10:01:12,MYOR,RG,2390,1,D,YP,KK,D
10:01:03,MYOR,RG,2390,14,D,YP,AZ,D
10:01:02,MYOR,RG,2400,200,D,YP,ZP,F
10:00:41,MYOR,RG,2400,1,D,YP,ZP,F
10:00:25,MYOR,RG,2400,1,D,YP,ZP,F
10:00:25,MYOR,RG,2400,26,D,CC,ZP,F
10:00:25,MYOR,RG,2400,5,D,OD,ZP,F
10:00:25,MYOR,RG,2400,1,D,PD,ZP,F
10:00:25,MYOR,RG,2400,2,D,AI,ZP,F
10:00:25,MYOR,RG,2400,10,D,MG,ZP,F
10:00:25,MYOR,RG,2400,1,D,YP,ZP,F
10:00:25,MYOR,RG,2400,120,D,YU,ZP,F
10:00:25,MYOR,RG,2400,28,D,YU,ZP,F
10:00:25,MYOR,RG,2400,70,D,YU,ZP,F
10:00:25,MYOR,RG,2400,27,D,YU,ZP,F
10:00:25,MYOR,RG,2400,100,D,YU,ZP,F
10:00:25,MYOR,RG,2400,37,D,YU,ZP,F
10:00:25,MYOR,RG,2400,5,D,LG,ZP,F
10:00:25,MYOR,RG,2400,5,D,PD,ZP,F
10:00:25,MYOR,RG,2400,20,D,EP,ZP,F
10:00:25,MYOR,RG,2400,42,D,PD,ZP,F
10:00:25,MYOR,RG,2400,300,F,PD,ZP,F
10:00:25,MYOR,RG,2400,1500,D,YP,ZP,F
10:00:25,MYOR,RG,2400,1,D,YP,ZP,F
10:00:25,MYOR,RG,2400,200,F,PD,ZP,F
10:00:25,MYOR,RG,2400,168,F,PD,ZP,F
10:00:25,MYOR,RG,2410,5,D,YP,ZP,F
10:00:25,MYOR,RG,2410,10,D,AT,ZP,F
10:00:25,MYOR,RG,2410,5,D,OD,ZP,F
10:00:25,MYOR,RG,2410,1,D,PD,ZP,F
10:00:25,MYOR,RG,2410,26,D,CC,ZP,F
10:00:25,MYOR,RG,2410,300,F,PD,ZP,F
10:00:25,MYOR,RG,2410,5,D,PD,ZP,F
10:00:25,MYOR,RG,2410,1,D,YP,ZP,F
10:00:25,MYOR,RG,2410,892,D,YP,ZP,F
10:00:25,MYOR,RG,2420,1,D,YP,ZP,F
10:00:25,MYOR,RG,2420,332,D,AZ,ZP,F
10:00:20,MYOR,RG,2430,14,D,AZ,ZP,D
10:00:01,MYOR,RG,2430,32,D,SQ,ZP,D
09:59:52,MYOR,RG,2420,16,D,AZ,PD,D
09:59:52,MYOR,RG,2420,24,D,CC,PD,D
09:59:38,MYOR,RG,2420,16,D,CC,PD,D
09:59:24,MYOR,RG,2420,19,D,CC,SQ,D
09:59:24,MYOR,RG,2420,10,D,CC,NI,D
09:59:24,MYOR,RG,2420,2,D,CC,PD,D
09:59:24,MYOR,RG,2420,10,D,CC,CC,D
09:59:24,MYOR,RG,2420,100,D,CC,YP,D
09:59:24,MYOR,RG,2420,3,D,CC,KK,D
09:59:24,MYOR,RG,2420,14,D,CC,XC,D
09:59:24,MYOR,RG,2420,1,D,CC,CC,D
09:59:24,MYOR,RG,2420,16,D,CC,RX,D
09:59:24,MYOR,RG,2420,40,D,CC,YP,D
09:59:24,MYOR,RG,2420,5,D,CC,PD,D
09:59:24,MYOR,RG,2420,1,D,CC,DX,D
09:59:24,MYOR,RG,2420,4,D,CC,SQ,D
09:59:24,MYOR,RG,2420,185,D,CC,YP,D
09:58:37,MYOR,RG,2420,5,D,YP,YP,D
09:57:42,MYOR,RG,2420,2,D,OD,YP,D
09:57:23,MYOR,RG,2410,85,D,YP,PD,D
09:56:31,MYOR,RG,2420,1,D,YP,YP,D
09:56:18,MYOR,RG,2420,1,D,YP,YP,D
09:56:02,MYOR,RG,2420,1,D,YP,YP,D
09:55:52,MYOR,RG,2420,1,D,YP,YP,D
09:55:35,MYOR,RG,2420,20,D,XC,YP,D
09:55:24,MYOR,RG,2420,130,F,AK,YP,D
09:55:16,MYOR,RG,2410,1000,D,YP,XL,D
09:54:30,MYOR,RG,2420,1,D,YP,YP,D
09:54:30,MYOR,RG,2420,70,F,AK,YP,D
09:54:30,MYOR,RG,2420,3,D,RO,YP,D
09:53:37,MYOR,RG,2420,15,D,RO,RX,D
09:53:37,MYOR,RG,2420,18,D,RO,XC,D
09:53:37,MYOR,RG,2420,84,D,RO,YP,D
09:53:35,MYOR,RG,2410,2,D,YP,KK,D
09:53:29,MYOR,RG,2410,1,D,YP,NI,D
09:53:27,MYOR,RG,2420,16,D,PD,YP,D
09:53:27,MYOR,RG,2420,5,D,PD,NI,D
09:53:19,MYOR,RG,2410,1,D,YP,XC,D
09:53:19,MYOR,RG,2410,19,D,YP,PD,D
09:53:11,MYOR,RG,2410,1,D,YP,PD,D
09:53:11,MYOR,RG,2410,1,D,PD,CC,D
09:53:11,MYOR,RG,2410,2,D,PD,DH,D
09:53:05,MYOR,RG,2410,1,D,XL,DH,D
09:53:05,MYOR,RG,2410,1,D,XL,AT,D
09:52:25,MYOR,RG,2410,1,D,XC,RX,D
09:52:19,MYOR,RG,2410,1,D,PD,RX,D
09:52:16,MYOR,RG,2400,20,F,PD,PD,D
09:51:59,MYOR,RG,2410,5,D,PD,RX,D
09:51:58,MYOR,RG,2410,3,D,YP,RX,D
09:51:55,MYOR,RG,2410,5,D,YP,RX,D
09:51:41,MYOR,RG,2410,1,D,YP,RX,D
09:51:41,MYOR,RG,2410,4,D,YP,XC,D
09:51:41,MYOR,RG,2410,1,D,YP,CC,D
09:51:41,MYOR,RG,2410,1,D,YP,DX,D
09:51:41,MYOR,RG,2410,13,D,YP,IF,F
09:51:40,MYOR,RG,2400,1,F,PD,YU,D
09:50:52,MYOR,RG,2410,5,D,KK,IF,F
09:50:50,MYOR,RG,2410,5,D,XL,IF,F
09:50:03,MYOR,RG,2410,162,F,BK,IF,F
09:50:03,MYOR,RG,2410,65,F,PD,IF,F
09:49:52,MYOR,RG,2410,1,F,PD,KK,D
09:49:34,MYOR,RG,2410,55,F,PD,NI,D
09:48:57,MYOR,RG,2410,19,F,PD,RX,D
09:48:57,MYOR,RG,2410,360,F,PD,XL,D
09:48:50,MYOR,RG,2410,168,D,YU,XL,D
09:48:47,MYOR,RG,2410,62,D,YU,XL,D
09:48:43,MYOR,RG,2410,21,F,AK,XL,D
09:48:43,MYOR,RG,2410,106,F,AK,XL,D
09:48:43,MYOR,RG,2410,50,D,CC,XL,D
09:48:43,MYOR,RG,2410,1,D,NI,XL,D
09:48:43,MYOR,RG,2410,163,F,BK,XL,D
09:48:43,MYOR,RG,2410,69,D,YP,XL,D
09:48:38,MYOR,RG,2410,28,D,YP,XC,D
09:48:27,MYOR,RG,2410,3,D,YP,PD,D
09:48:27,MYOR,RG,2410,20,D,OD,PD,D
09:47:41,MYOR,RG,2400,5,F,PD,GR,D
09:47:31,MYOR,RG,2430,1,D,YP,ZP,D
09:47:28,MYOR,RG,2420,25,F,AK,BQ,D
09:47:20,MYOR,RG,2420,1,F,AK,DX,D
09:46:50,MYOR,RG,2400,1,F,PD,YB,D
09:46:42,MYOR,RG,2430,1,D,XC,ZP,D
09:46:14,MYOR,RG,2430,1,D,YB,ZP,D
09:46:06,MYOR,RG,2430,7,D,XL,ZP,D
09:45:43,MYOR,RG,2430,850,D,DH,ZP,D
09:45:43,MYOR,RG,2430,27,D,DH,DR,D
09:45:43,MYOR,RG,2430,2,D,DH,NI,D
09:45:43,MYOR,RG,2430,4,D,DH,XC,D
09:45:43,MYOR,RG,2430,10,D,DH,CC,D
09:45:43,MYOR,RG,2430,12,D,DH,PD,D
09:45:43,MYOR,RG,2430,50,D,DH,PD,D
09:45:43,MYOR,RG,2430,10,D,DH,GR,D
09:45:43,MYOR,RG,2430,22,D,DH,PD,D
09:45:43,MYOR,RG,2430,2,D,DH,PD,D
09:45:43,MYOR,RG,2430,4,D,DH,NI,D
09:45:43,MYOR,RG,2430,4,D,DH,SQ,D
09:45:43,MYOR,RG,2430,2,D,DH,YP,D
09:45:43,MYOR,RG,2430,3,D,DH,YP,D
09:45:43,MYOR,RG,2430,2,D,DH,PD,D
09:45:43,MYOR,RG,2430,10,D,DH,YP,D
09:45:43,MYOR,RG,2430,2,D,DH,XC,D
09:45:43,MYOR,RG,2420,5,D,DH,ZP,D
09:45:43,MYOR,RG,2420,264,D,DH,CC,D
09:45:43,MYOR,RG,2420,30,D,DH,YP,D
09:45:43,MYOR,RG,2420,9,D,DH,XL,D
09:45:43,MYOR,RG,2420,2,D,DH,YB,D
09:45:43,MYOR,RG,2420,200,D,DH,DR,D
09:45:43,MYOR,RG,2420,30,D,DH,YP,D
09:45:43,MYOR,RG,2420,4,D,DH,YP,D
09:45:43,MYOR,RG,2420,1,D,DH,PD,D
09:45:43,MYOR,RG,2420,1,D,DH,CC,D
09:45:43,MYOR,RG,2420,1,D,DH,PD,D
09:45:43,MYOR,RG,2420,1,D,DH,PD,D
09:45:43,MYOR,RG,2420,20,D,DH,EP,D
09:45:43,MYOR,RG,2420,25,D,DH,PD,D
09:45:43,MYOR,RG,2420,1,D,DH,XC,D
09:45:43,MYOR,RG,2420,2,D,DH,PD,D
09:45:43,MYOR,RG,2420,20,D,DH,XC,D
09:45:43,MYOR,RG,2420,3,D,DH,CC,D
09:45:43,MYOR,RG,2420,1,D,DH,NI,D
09:45:43,MYOR,RG,2420,1,D,DH,AT,D
09:45:43,MYOR,RG,2420,70,D,DH,YP,D
09:45:43,MYOR,RG,2420,2,D,DH,PD,D
09:45:43,MYOR,RG,2420,5,D,DH,RG,D
09:45:43,MYOR,RG,2420,20,D,DH,YP,D
09:45:43,MYOR,RG,2420,2,D,DH,YP,D
09:45:43,MYOR,RG,2420,1,D,DH,SQ,D
09:45:43,MYOR,RG,2420,230,D,DH,YU,D
09:45:43,MYOR,RG,2420,1,D,DH,YP,D
09:45:43,MYOR,RG,2420,2,D,DH,PD,D
09:45:43,MYOR,RG,2420,1,D,DH,DH,D
09:45:43,MYOR,RG,2420,1,D,DH,NI,D
09:45:43,MYOR,RG,2420,1,D,DH,PD,D
09:45:43,MYOR,RG,2420,2,D,DH,IP,D
09:45:43,MYOR,RG,2410,1,D,DH,YB,D
09:45:43,MYOR,RG,2410,1,D,DH,DX,D
09:45:43,MYOR,RG,2410,1,D,DH,LG,D
09:45:43,MYOR,RG,2410,5,D,DH,BQ,D
09:45:43,MYOR,RG,2410,17,D,DH,BQ,D
09:45:27,MYOR,RG,2400,89,F,PD,NI,D
09:45:25,MYOR,RG,2400,4,F,PD,XC,D
09:45:11,MYOR,RG,2400,55,F,PD,NI,D
09:45:11,MYOR,RG,2400,2,F,PD,CS,D
09:45:11,MYOR,RG,2400,6,F,PD,CS,D
09:45:11,MYOR,RG,2400,49,F,PD,XL,D
09:45:06,MYOR,RG,2400,20,D,YP,XL,D
09:45:06,MYOR,RG,2400,77,F,AK,XL,D
09:45:06,MYOR,RG,2400,47,D,YU,XL,D
09:45:06,MYOR,RG,2400,117,D,YU,XL,D
09:45:06,MYOR,RG,2400,46,D,YU,XL,D
09:45:06,MYOR,RG,2400,201,D,YU,XL,D
09:45:06,MYOR,RG,2400,2,D,YB,XL,D
09:45:06,MYOR,RG,2400,3,D,AT,XL,D
09:45:06,MYOR,RG,2400,2,D,PD,XL,D
09:45:06,MYOR,RG,2400,300,F,PD,XL,D
09:45:06,MYOR,RG,2400,21,D,XC,XL,D
09:45:06,MYOR,RG,2400,20,D,YP,XL,D
09:45:06,MYOR,RG,2400,10,D,CC,XL,D
09:45:06,MYOR,RG,2400,1,D,YP,XL,D
09:45:06,MYOR,RG,2400,1,D,PD,XL,D
09:45:06,MYOR,RG,2400,2,D,EP,XL,D
09:45:06,MYOR,RG,2400,10,D,LG,XL,D
09:45:06,MYOR,RG,2400,2,D,OD,XL,D
09:45:06,MYOR,RG,2400,2,D,OD,XL,D
09:45:06,MYOR,RG,2400,5,D,AZ,XL,D
09:45:06,MYOR,RG,2400,2,D,PD,XL,D
09:45:06,MYOR,RG,2400,1,D,DR,XL,D
09:45:06,MYOR,RG,2400,59,F,PD,XL,D
09:45:00,MYOR,RG,2410,2,D,YB,BQ,D
09:44:53,MYOR,RG,2410,1,D,XC,BQ,D
09:44:46,MYOR,RG,2400,4,F,PD,XC,D
09:44:04,MYOR,RG,2400,2,F,PD,XC,D
09:44:04,MYOR,RG,2410,2,D,EP,XC,D
09:44:04,MYOR,RG,2410,1,D,PD,XC,D
09:43:41,MYOR,RG,2410,20,D,YP,RX,D
09:43:41,MYOR,RG,2410,2,D,YP,CC,D
09:43:41,MYOR,RG,2410,8,D,YP,XC,D
09:43:33,MYOR,RG,2400,17,F,PD,KK,D
09:43:21,MYOR,RG,2410,7,D,XC,XC,D
09:43:18,MYOR,RG,2410,6,D,XC,CS,D
09:43:18,MYOR,RG,2410,3,D,XC,CS,D
09:43:18,MYOR,RG,2410,3,D,XC,NI,D
09:43:01,MYOR,RG,2410,49,F,AK,KK,D
09:43:01,MYOR,RG,2410,1,D,PD,KK,D
09:42:34,MYOR,RG,2410,25,F,AK,XC,D
09:42:34,MYOR,RG,2410,2,D,PD,XC,D
09:42:34,MYOR,RG,2410,2,D,PD,XC,D
09:42:23,MYOR,RG,2410,1,D,XC,PD,D
09:42:23,MYOR,RG,2410,99,F,AK,PD,D
09:41:56,MYOR,RG,2410,1,F,AK,PD,D
09:41:56,MYOR,RG,2420,48,D,YU,IP,D
09:41:56,MYOR,RG,2420,40,D,YU,YP,D
09:41:56,MYOR,RG,2420,2,D,YU,YP,D
09:41:56,MYOR,RG,2420,5,D,YU,DH,D
09:41:56,MYOR,RG,2420,3,D,YU,YP,D
09:41:56,MYOR,RG,2420,36,D,YU,XC,D
09:41:51,MYOR,RG,2410,20,D,YU,XC,D
09:41:44,MYOR,RG,2410,16,D,YU,CS,D
09:41:44,MYOR,RG,2410,4,D,YU,CS,D
09:41:44,MYOR,RG,2410,2,D,YU,PD,D
09:41:44,MYOR,RG,2410,24,D,YU,RX,D
09:41:44,MYOR,RG,2410,1,D,YU,CP,D
09:41:44,MYOR,RG,2410,1,D,YU,DX,D
09:41:44,MYOR,RG,2410,15,D,YU,CS,D
09:41:44,MYOR,RG,2410,144,D,YU,CC,D
09:41:41,MYOR,RG,2410,85,D,YU,CC,D
09:41:38,MYOR,RG,2410,82,D,YU,CC,D
09:41:38,MYOR,RG,2410,2,D,YU,YP,D
09:41:38,MYOR,RG,2410,5,D,YU,PD,D
09:41:38,MYOR,RG,2410,1,D,YU,PD,D
09:41:38,MYOR,RG,2410,1,D,YU,PD,D
09:41:38,MYOR,RG,2410,49,D,YU,BK,F
09:41:38,MYOR,RG,2410,25,D,YU,LG,D
09:41:38,MYOR,RG,2410,1,D,YU,XC,D
09:41:38,MYOR,RG,2410,2,D,YU,XC,D
09:41:38,MYOR,RG,2410,25,D,YU,TP,D
09:41:38,MYOR,RG,2410,5,D,YU,YP,D
09:41:38,MYOR,RG,2410,1,D,YU,PD,D
09:41:38,MYOR,RG,2410,6,D,YU,XC,D
09:41:38,MYOR,RG,2410,6,D,YU,CS,D
09:41:14,MYOR,RG,2400,3,F,PD,YP,D
09:41:01,MYOR,RG,2400,2,F,PD,YP,D
09:40:38,MYOR,RG,2400,100,F,PD,CC,D
09:40:29,MYOR,RG,2400,1,F,PD,AT,D
09:40:27,MYOR,RG,2400,6,F,PD,DR,D
09:40:20,MYOR,RG,2400,5,F,PD,XC,D
09:40:02,MYOR,RG,2400,14,F,PD,PD,D
09:39:48,MYOR,RG,2410,1,D,YP,CS,D
09:39:44,MYOR,RG,2410,1,D,YP,CS,D
09:39:21,MYOR,RG,2410,4,D,XL,CS,D
09:39:21,MYOR,RG,2410,1,D,XL,CS,D
09:39:21,MYOR,RG,2410,3,D,XL,NI,D
09:39:21,MYOR,RG,2410,8,D,XL,NI,D
09:39:21,MYOR,RG,2410,8,D,XL,CC,D
09:39:07,MYOR,RG,2400,1,F,PD,CC,D
09:38:55,MYOR,RG,2400,19,F,PD,DX,D
09:38:49,MYOR,RG,2400,1,F,PD,XC,D
09:38:32,MYOR,RG,2400,16,F,PD,YP,D
09:38:32,MYOR,RG,2400,14,D,YU,YP,D
09:37:56,MYOR,RG,2400,3,D,YU,XL,D
09:37:48,MYOR,RG,2400,10,D,YU,CC,D
09:37:04,MYOR,RG,2410,2,D,EP,CC,D
09:36:26,MYOR,RG,2410,11,D,YP,CC,D
09:36:21,MYOR,RG,2410,4,D,PD,CC,D
09:36:02,MYOR,RG,2410,50,F,AK,BQ,D
09:35:55,MYOR,RG,2410,50,F,AK,AZ,D
09:35:54,MYOR,RG,2410,50,D,YP,AZ,D
09:35:54,MYOR,RG,2410,150,F,BK,AZ,D
09:35:32,MYOR,RG,2410,12,F,BK,EP,D
09:35:11,MYOR,RG,2410,10,D,YU,CC,D
09:35:11,MYOR,RG,2410,3,D,YU,YP,D
09:35:11,MYOR,RG,2410,18,D,YU,RX,D
09:35:11,MYOR,RG,2410,10,D,YU,KK,D
09:35:11,MYOR,RG,2410,1,D,YU,CS,D
09:35:11,MYOR,RG,2410,4,D,YU,PD,D
09:35:11,MYOR,RG,2410,2,D,YU,OD,F
09:35:11,MYOR,RG,2410,8,D,YU,RX,D
09:35:11,MYOR,RG,2410,18,D,YU,RX,D
09:35:11,MYOR,RG,2410,1,D,YU,DX,D
09:35:11,MYOR,RG,2410,1,D,YU,PD,D
09:35:11,MYOR,RG,2410,200,D,YU,YP,D
09:35:11,MYOR,RG,2410,1,D,YU,YP,D
09:35:11,MYOR,RG,2410,65,D,YU,KK,D
09:35:11,MYOR,RG,2410,10,D,YU,LG,D
09:35:11,MYOR,RG,2410,6,D,YU,RX,D
09:35:11,MYOR,RG,2410,16,D,YU,RX,D
09:35:11,MYOR,RG,2410,10,D,YU,YP,D
09:35:11,MYOR,RG,2410,8,D,YU,CS,D
09:35:11,MYOR,RG,2410,77,D,YU,EP,D
09:35:08,MYOR,RG,2400,23,F,AK,HP,D
09:35:08,MYOR,RG,2400,1,D,PD,HP,D
09:35:08,MYOR,RG,2400,27,F,PD,HP,D
09:35:05,MYOR,RG,2400,1,F,PD,XL,D
09:35:02,MYOR,RG,2400,2,F,PD,XL,D
09:34:55,MYOR,RG,2400,4,F,PD,YB,D
09:34:47,MYOR,RG,2400,10,F,PD,EP,D
09:34:46,MYOR,RG,2400,15,F,PD,XC,D
09:34:26,MYOR,RG,2400,20,F,PD,RX,D
09:34:18,MYOR,RG,2400,1,F,PD,YB,D
09:34:15,MYOR,RG,2400,10,F,PD,YB,D
09:34:11,MYOR,RG,2400,10,F,PD,YB,D
09:33:56,MYOR,RG,2400,50,F,PD,YP,D
09:33:56,MYOR,RG,2400,19,D,YB,YP,D
09:33:56,MYOR,RG,2400,48,F,PD,YP,D
09:33:53,MYOR,RG,2400,2,F,PD,AT,D
09:33:51,MYOR,RG,2400,20,F,PD,CC,D
09:33:46,MYOR,RG,2400,1,F,PD,PD,D
09:33:25,MYOR,RG,2400,10,F,PD,CC,D
09:33:16,MYOR,RG,2410,1,D,XL,YP,D
09:33:16,MYOR,RG,2410,18,D,XL,KK,D
09:33:16,MYOR,RG,2410,2,D,XL,CC,D
09:33:11,MYOR,RG,2400,3,F,PD,YP,D
09:32:50,MYOR,RG,2400,16,F,PD,EP,D
09:32:47,MYOR,RG,2410,3,D,EP,CC,D
09:32:44,MYOR,RG,2400,1,F,PD,XC,D
09:32:14,MYOR,RG,2410,1,D,XL,CC,D
09:31:33,MYOR,RG,2400,2,F,PD,XC,D
09:30:55,MYOR,RG,2400,1,F,PD,PD,D
09:30:35,MYOR,RG,2400,1,F,PD,PD,D
09:30:32,MYOR,RG,2400,47,F,PD,BQ,D
09:30:26,MYOR,RG,2400,100,F,PD,YP,D
09:30:26,MYOR,RG,2400,48,F,PD,YP,D
09:30:21,MYOR,RG,2400,10,D,PD,YP,D
09:30:21,MYOR,RG,2400,2,D,XL,YP,D
09:30:21,MYOR,RG,2400,5,D,BQ,YP,D
09:30:21,MYOR,RG,2400,35,F,PD,YP,D
09:30:17,MYOR,RG,2400,1,F,PD,XC,D
09:30:13,MYOR,RG,2400,2,F,PD,PD,D
09:30:09,MYOR,RG,2400,59,F,PD,CC,D
09:30:03,MYOR,RG,2400,15,F,PD,NI,D
09:29:58,MYOR,RG,2400,1,F,PD,XL,D
09:29:32,MYOR,RG,2400,7,F,PD,KI,D
09:29:32,MYOR,RG,2400,16,F,PD,KI,D
09:29:32,MYOR,RG,2400,5,F,PD,KI,D
09:29:32,MYOR,RG,2400,5,F,PD,CS,D
09:29:32,MYOR,RG,2400,8,F,PD,KI,D
09:29:32,MYOR,RG,2400,1,F,PD,KI,D
09:29:32,MYOR,RG,2400,11,F,PD,KI,D
09:29:32,MYOR,RG,2400,11,F,PD,KI,D
09:29:32,MYOR,RG,2400,9,F,PD,KI,D
09:29:32,MYOR,RG,2400,3,F,PD,KI,D
09:29:32,MYOR,RG,2400,6,F,PD,KI,D
09:29:32,MYOR,RG,2400,5,F,PD,KI,D
09:29:28,MYOR,RG,2400,1,D,XC,KI,D
09:29:28,MYOR,RG,2400,1,D,XL,KI,D
09:29:28,MYOR,RG,2400,5,D,CC,KI,D
09:29:28,MYOR,RG,2400,9,D,AT,KI,D
09:29:28,MYOR,RG,2400,1,D,AT,KI,D
09:29:28,MYOR,RG,2400,3,F,PD,KI,D
09:29:28,MYOR,RG,2400,3,F,PD,KI,D
09:29:28,MYOR,RG,2400,4,F,PD,KI,D
09:29:28,MYOR,RG,2400,7,F,PD,KI,D
09:29:28,MYOR,RG,2400,6,F,PD,KI,D
09:29:28,MYOR,RG,2400,4,F,PD,KI,D
09:29:28,MYOR,RG,2400,3,F,PD,KI,D
09:29:28,MYOR,RG,2400,9,F,PD,KI,D
09:29:28,MYOR,RG,2400,6,F,PD,KI,D
09:29:28,MYOR,RG,2400,5,F,PD,KI,D
09:29:28,MYOR,RG,2400,7,F,PD,KI,D
09:29:28,MYOR,RG,2400,6,F,PD,KI,D
09:29:28,MYOR,RG,2400,4,F,PD,KI,D
09:29:28,MYOR,RG,2400,6,F,PD,KI,D
09:29:28,MYOR,RG,2400,6,F,PD,KI,D
09:29:28,MYOR,RG,2400,1,F,PD,KI,D
09:29:28,MYOR,RG,2400,3,F,PD,KI,D
09:29:28,MYOR,RG,2400,8,F,PD,KI,D
09:29:28,MYOR,RG,2400,1,F,PD,KI,D
09:29:28,MYOR,RG,2400,9,F,PD,KI,D
09:29:28,MYOR,RG,2400,3,F,PD,KI,D
09:29:28,MYOR,RG,2400,5,F,PD,KI,D
09:29:28,MYOR,RG,2400,6,F,PD,KI,D
09:29:28,MYOR,RG,2400,5,F,PD,KI,D
09:29:28,MYOR,RG,2400,8,F,PD,KI,D
09:29:28,MYOR,RG,2400,7,F,PD,KI,D
09:29:28,MYOR,RG,2400,8,F,PD,KI,D
09:29:28,MYOR,RG,2400,6,F,PD,KI,D
09:29:28,MYOR,RG,2400,8,F,PD,KI,D
09:29:28,MYOR,RG,2400,4,F,PD,KI,D
09:29:28,MYOR,RG,2400,4,F,PD,KI,D
09:29:28,MYOR,RG,2400,8,F,PD,KI,D
09:29:28,MYOR,RG,2400,6,F,PD,KI,D
09:29:28,MYOR,RG,2400,5,F,PD,KI,D
09:29:28,MYOR,RG,2400,4,F,PD,KI,D
09:29:28,MYOR,RG,2400,9,F,PD,KI,D
09:29:28,MYOR,RG,2400,4,F,PD,KI,D
09:29:26,MYOR,RG,2400,85,F,PD,XA,D
09:29:25,MYOR,RG,2400,100,F,PD,PD,D
09:29:02,MYOR,RG,2410,10,D,XL,CC,D
09:28:39,MYOR,RG,2410,4,D,YP,CC,D
09:28:36,MYOR,RG,2410,25,D,DR,CC,D
09:28:30,MYOR,RG,2410,5,D,DX,CC,D
09:28:11,MYOR,RG,2400,8,F,PD,CS,D
09:28:11,MYOR,RG,2400,1106,F,PD,XL,D
09:28:07,MYOR,RG,2400,1,D,XC,XL,D
09:28:06,MYOR,RG,2400,2,D,SQ,XL,D
09:28:06,MYOR,RG,2400,30,F,PD,XL,D
09:28:04,MYOR,RG,2410,12,D,CC,CC,D
09:28:04,MYOR,RG,2410,4,D,CC,SQ,D
09:28:04,MYOR,RG,2410,2,D,CC,YP,D
09:28:04,MYOR,RG,2410,1,D,CC,YP,D
09:27:43,MYOR,RG,2410,2,D,XC,YP,D
09:27:43,MYOR,RG,2410,2,D,XC,XL,D
09:27:29,MYOR,RG,2400,7,F,PD,DX,D
09:27:17,MYOR,RG,2400,10,F,PD,CS,D
09:27:17,MYOR,RG,2400,9,F,PD,CS,D
09:27:17,MYOR,RG,2400,10,F,PD,CS,D
09:27:17,MYOR,RG,2400,5,F,PD,YP,D
09:27:17,MYOR,RG,2400,20,F,PD,LG,D
09:27:17,MYOR,RG,2400,1,F,PD,XC,D
09:27:17,MYOR,RG,2400,1,F,PD,YP,D
09:27:17,MYOR,RG,2400,3,F,PD,PD,D
09:27:17,MYOR,RG,2400,1,F,PD,LG,D
09:27:17,MYOR,RG,2400,10,F,PD,CC,D
09:27:17,MYOR,RG,2400,5,F,PD,SQ,D
09:27:17,MYOR,RG,2400,6,F,PD,CC,D
09:27:17,MYOR,RG,2400,1,F,PD,LG,D
09:27:17,MYOR,RG,2400,63,F,PD,SQ,D
09:27:17,MYOR,RG,2400,18,F,PD,PD,D
09:27:14,MYOR,RG,2400,1,D,XL,PD,D
09:27:08,MYOR,RG,2400,10,D,YP,PD,D
09:27:08,MYOR,RG,2400,1,D,XC,PD,D
09:27:04,MYOR,RG,2400,10,D,CC,PD,D
09:27:04,MYOR,RG,2400,10,D,CC,EP,D
09:27:04,MYOR,RG,2400,1,D,CC,PD,D
09:27:04,MYOR,RG,2400,14,D,CC,AO,D
09:27:04,MYOR,RG,2400,36,D,CC,AO,D
09:27:04,MYOR,RG,2400,2,D,CC,YP,D
09:27:04,MYOR,RG,2400,3,D,CC,XC,D
09:27:04,MYOR,RG,2400,35,D,CC,PD,D
09:27:04,MYOR,RG,2400,24,D,CC,NI,D
09:26:56,MYOR,RG,2400,11,D,EP,NI,D
09:26:56,MYOR,RG,2400,14,D,YP,NI,D
09:26:56,MYOR,RG,2400,5,D,YP,CD,D
09:26:56,MYOR,RG,2400,1,D,YP,YP,D
09:26:36,MYOR,RG,2390,15,D,XA,YP,D
09:26:33,MYOR,RG,2390,2,D,XA,CS,D
09:26:33,MYOR,RG,2390,2,D,XA,XL,D
09:26:12,MYOR,RG,2390,1,D,YP,DX,D
09:25:37,MYOR,RG,2390,3,D,XL,BQ,D
09:25:37,MYOR,RG,2390,1,D,XL,CS,D
09:25:37,MYOR,RG,2390,1,D,XL,XL,D
09:25:26,MYOR,RG,2390,2,D,EP,XL,D
09:25:25,MYOR,RG,2390,10,D,EP,YP,D
09:25:23,MYOR,RG,2390,1,D,EP,CP,D
09:25:21,MYOR,RG,2390,100,D,EP,CC,D
09:25:14,MYOR,RG,2390,13,D,EP,NI,D
09:24:59,MYOR,RG,2390,1,D,EP,CP,D
09:24:53,MYOR,RG,2390,1,F,AK,CS,D
09:24:53,MYOR,RG,2390,1,F,AK,CS,D
09:24:53,MYOR,RG,2390,5,F,AK,DR,D
09:24:53,MYOR,RG,2390,8,F,AK,DR,D
09:24:53,MYOR,RG,2390,20,F,AK,CC,D
09:24:53,MYOR,RG,2390,15,F,AK,KK,D
09:24:53,MYOR,RG,2390,11,F,AK,IF,D
09:24:53,MYOR,RG,2390,14,D,YP,IF,D
09:24:53,MYOR,RG,2390,1,D,YP,YP,D
09:24:53,MYOR,RG,2390,4,D,YP,PD,D
09:24:53,MYOR,RG,2390,4,D,YP,PD,D
09:24:53,MYOR,RG,2390,20,D,YP,NI,D
09:24:53,MYOR,RG,2390,7,D,YP,PD,D
09:24:53,MYOR,RG,2390,1,D,YP,XC,D
09:24:53,MYOR,RG,2390,1,D,YP,DH,D
09:24:53,MYOR,RG,2390,48,D,YP,CC,D
09:24:43,MYOR,RG,2380,7,D,XA,CS,D
09:24:43,MYOR,RG,2380,24,D,XA,RX,D
09:24:43,MYOR,RG,2380,13,D,XA,XC,D
09:24:43,MYOR,RG,2380,20,D,XA,CS,D
09:24:43,MYOR,RG,2380,2,D,XA,CS,D
09:24:43,MYOR,RG,2380,12,F,BK,CS,D
09:24:43,MYOR,RG,2380,5,F,BK,CS,D
09:24:43,MYOR,RG,2380,129,F,BK,CC,D
09:24:42,MYOR,RG,2380,4,D,YP,CC,D
09:24:42,MYOR,RG,2380,5,D,YP,XC,D
09:24:42,MYOR,RG,2380,21,D,YP,YP,D
09:24:42,MYOR,RG,2380,20,D,YP,YP,D
09:24:37,MYOR,RG,2380,10,D,YP,YP,D
09:24:34,MYOR,RG,2380,1,D,NI,YP,D
09:24:33,MYOR,RG,2380,13,F,BK,YP,D
09:24:27,MYOR,RG,2380,80,D,YU,YP,D
09:24:27,MYOR,RG,2380,3,D,YU,YP,D
09:24:27,MYOR,RG,2380,16,D,YU,RX,D
09:24:27,MYOR,RG,2380,1,D,YU,RX,D
09:24:27,MYOR,RG,2380,1,D,YU,DX,D
09:24:27,MYOR,RG,2380,1,D,YU,YP,D
09:24:27,MYOR,RG,2380,43,D,YU,PD,D
09:24:27,MYOR,RG,2380,18,D,YU,PD,D
09:24:27,MYOR,RG,2380,43,D,YU,PD,D
09:24:27,MYOR,RG,2380,21,D,YU,RX,D
09:24:27,MYOR,RG,2380,3,D,YU,CC,D
09:24:27,MYOR,RG,2380,1,D,YU,PD,D
09:24:27,MYOR,RG,2380,4,D,YU,PD,D
09:24:27,MYOR,RG,2380,4,D,YU,PD,D
09:24:27,MYOR,RG,2380,15,D,YU,RX,D
09:23:54,MYOR,RG,2380,8,D,PD,RX,D
09:23:51,MYOR,RG,2380,4,D,DR,CS,D
09:23:51,MYOR,RG,2380,19,D,DR,CS,D
09:23:51,MYOR,RG,2380,11,D,DR,GR,D
09:23:36,MYOR,RG,2370,7,D,AZ,PD,D
09:22:56,MYOR,RG,2370,1,D,AZ,XL,D
09:22:34,MYOR,RG,2370,1,D,AZ,PD,D
09:22:18,MYOR,RG,2370,10,D,AZ,OD,D
09:22:15,MYOR,RG,2370,10,D,AZ,AT,D
09:22:06,MYOR,RG,2370,25,D,AZ,IF,D
09:21:27,MYOR,RG,2370,5,D,AZ,EP,D
09:21:13,MYOR,RG,2370,1,D,AZ,XC,D
09:21:11,MYOR,RG,2370,1,D,AZ,XC,D
09:21:07,MYOR,RG,2370,8,D,AZ,PD,D
09:21:03,MYOR,RG,2370,10,D,AZ,YP,D
09:20:18,MYOR,RG,2370,23,D,AZ,YP,D
09:20:18,MYOR,RG,2380,50,D,SQ,GR,D
09:20:11,MYOR,RG,2370,32,D,AZ,YB,D
09:20:11,MYOR,RG,2370,7,D,CC,YB,D
09:20:07,MYOR,RG,2370,1,D,CC,YP,D
09:20:05,MYOR,RG,2380,1,D,PD,GR,D
09:20:03,MYOR,RG,2370,1,D,CC,XC,D
09:19:41,MYOR,RG,2370,1,D,CC,DX,D
09:19:36,MYOR,RG,2370,1,D,CC,XC,D
09:19:35,MYOR,RG,2370,1,D,CC,YP,D
09:19:32,MYOR,RG,2370,13,D,CC,PD,D
09:19:32,MYOR,RG,2370,1,D,KK,PD,D
09:19:32,MYOR,RG,2370,1,D,CC,PD,D
09:19:32,MYOR,RG,2370,5,D,NI,PD,D
09:19:32,MYOR,RG,2370,15,D,NI,PD,D
09:19:32,MYOR,RG,2370,1,D,XC,PD,D
09:19:32,MYOR,RG,2370,10,D,XC,PD,D
09:19:32,MYOR,RG,2370,4,D,YP,PD,D
09:18:36,MYOR,RG,2370,5,D,YP,CC,D
09:18:19,MYOR,RG,2380,1,D,PD,GR,D
09:18:15,MYOR,RG,2380,10,D,YP,GR,D
09:18:14,MYOR,RG,2370,1,D,YP,PD,D
09:18:01,MYOR,RG,2370,90,D,YP,YP,D
09:18:01,MYOR,RG,2370,10,D,GR,YP,D
09:17:56,MYOR,RG,2370,10,D,GR,CC,D
09:17:34,MYOR,RG,2370,5,D,GR,XC,D
09:17:18,MYOR,RG,2370,1,D,XL,XL,D
09:17:07,MYOR,RG,2380,1,D,GR,GR,D
09:16:52,MYOR,RG,2370,1,D,CC,AZ,D
09:16:52,MYOR,RG,2370,1,D,XC,AZ,D
09:16:51,MYOR,RG,2370,10,D,XL,GR,D
09:16:51,MYOR,RG,2370,2,D,XC,GR,D
09:16:51,MYOR,RG,2370,2,D,CC,GR,D
09:16:51,MYOR,RG,2370,1,D,EP,GR,D
09:16:38,MYOR,RG,2380,10,D,NI,GR,D
09:16:36,MYOR,RG,2380,30,F,AK,GR,D
09:16:36,MYOR,RG,2380,66,F,AK,GR,D
09:16:36,MYOR,RG,2380,3,D,AT,GR,D
09:16:36,MYOR,RG,2380,50,D,YP,GR,D
09:16:36,MYOR,RG,2380,192,F,BK,GR,D
09:16:36,MYOR,RG,2380,6,D,XL,GR,D
09:16:36,MYOR,RG,2380,1,D,XC,GR,D
09:16:36,MYOR,RG,2380,1,D,BQ,GR,D
09:16:36,MYOR,RG,2380,1,D,SS,GR,D
09:16:36,MYOR,RG,2380,1,D,PD,GR,D
09:16:36,MYOR,RG,2380,10,D,YP,GR,D
09:16:36,MYOR,RG,2380,116,F,AK,GR,D
09:16:36,MYOR,RG,2380,3,D,PD,GR,D
09:16:36,MYOR,RG,2380,16,D,KK,GR,D
09:16:33,MYOR,RG,2380,1,D,KK,DX,D
09:16:20,MYOR,RG,2380,1,D,KK,XL,D
09:16:20,MYOR,RG,2380,9,D,YP,XL,D
09:16:20,MYOR,RG,2380,62,D,YP,YP,D
09:16:10,MYOR,RG,2380,15,D,YP,YP,D
09:16:09,MYOR,RG,2380,10,D,YP,MG,D
09:16:04,MYOR,RG,2380,4,D,YP,PD,D
09:16:04,MYOR,RG,2380,1,D,YB,PD,D
09:16:04,MYOR,RG,2380,3,D,KK,PD,D
09:16:03,MYOR,RG,2380,1,D,KK,YP,D
09:16:03,MYOR,RG,2380,1,D,OD,YP,D
09:16:03,MYOR,RG,2380,48,F,BK,YP,D
09:15:54,MYOR,RG,2380,10,F,BK,MG,D
09:15:52,MYOR,RG,2390,1,D,SS,YB,D
09:15:51,MYOR,RG,2380,100,F,BK,YP,D
09:15:49,MYOR,RG,2380,57,F,BK,YP,D
09:15:49,MYOR,RG,2380,1,D,CC,YP,D
09:15:49,MYOR,RG,2380,5,D,XC,YP,D
09:15:49,MYOR,RG,2380,37,D,DR,YP,D
09:15:01,MYOR,RG,2390,1,D,XL,YB,D
09:14:47,MYOR,RG,2390,2,D,OD,YB,D
09:14:47,MYOR,RG,2380,50,D,DR,KK,D
09:14:33,MYOR,RG,2390,2,D,XL,YB,D
09:14:33,MYOR,RG,2390,1,D,XL,SQ,D
09:14:29,MYOR,RG,2390,4,D,XL,SQ,D
09:14:27,MYOR,RG,2380,5,D,DR,XL,D
09:14:22,MYOR,RG,2390,2,D,OD,SQ,D
09:14:11,MYOR,RG,2380,8,D,DR,CC,D
09:14:03,MYOR,RG,2390,1,D,OD,SQ,D
09:14:03,MYOR,RG,2390,1,D,OD,YP,D
09:13:52,MYOR,RG,2390,1,D,XL,YP,D
09:13:52,MYOR,RG,2390,3,D,XL,XC,D
09:13:34,MYOR,RG,2390,1,D,CC,XC,D
09:13:21,MYOR,RG,2380,10,D,DR,CS,D
09:13:21,MYOR,RG,2380,17,D,DR,CS,D
09:13:21,MYOR,RG,2380,10,D,DR,YP,D
09:13:21,MYOR,RG,2380,37,D,DR,RX,D
09:13:21,MYOR,RG,2380,20,D,DR,CC,D
09:13:21,MYOR,RG,2380,4,D,DR,GR,D
09:13:21,MYOR,RG,2380,2,D,DR,CC,D
09:13:11,MYOR,RG,2380,131,D,DX,CC,D
09:13:11,MYOR,RG,2380,11,D,DX,CS,D
09:13:11,MYOR,RG,2380,32,D,DX,RX,D
09:13:11,MYOR,RG,2380,1,D,DX,XC,D
09:13:11,MYOR,RG,2380,6,D,DX,PD,D
09:13:11,MYOR,RG,2380,2,D,DX,YP,D
09:13:11,MYOR,RG,2380,5,D,DX,XC,D
09:13:11,MYOR,RG,2380,34,D,DX,RX,D
09:13:11,MYOR,RG,2380,19,D,DX,DR,D
09:13:11,MYOR,RG,2380,9,D,DX,CP,D
09:13:02,MYOR,RG,2370,7,D,KK,XL,D
09:12:34,MYOR,RG,2370,18,D,KK,XC,D
09:12:34,MYOR,RG,2370,2,D,CC,XC,D
09:12:28,MYOR,RG,2370,2,D,CC,YP,D
09:12:21,MYOR,RG,2370,1,D,CC,AK,F
09:12:21,MYOR,RG,2370,2,D,CC,AK,F
09:12:21,MYOR,RG,2370,3,D,CC,AK,F
09:12:20,MYOR,RG,2380,2,D,CC,CP,D
09:12:10,MYOR,RG,2380,1,D,CC,CC,D
09:12:03,MYOR,RG,2380,2,D,XC,CC,D
09:12:03,MYOR,RG,2380,2,D,XC,PD,D
09:11:55,MYOR,RG,2360,100,F,BK,AZ,D
09:11:52,MYOR,RG,2360,20,F,BK,CC,D
09:11:50,MYOR,RG,2360,4,F,BK,PD,D
09:11:47,MYOR,RG,2360,10,F,BK,XC,D
09:11:45,MYOR,RG,2360,21,F,BK,PC,D
09:11:20,MYOR,RG,2360,2,F,BK,YP,D
09:11:20,MYOR,RG,2360,3,D,PD,YP,D
09:11:13,MYOR,RG,2360,5,D,PD,YP,D
09:11:08,MYOR,RG,2370,10,F,AK,EP,D
09:11:08,MYOR,RG,2370,5,F,AK,CC,D
09:11:08,MYOR,RG,2370,1,F,AK,DX,D
09:11:08,MYOR,RG,2370,10,F,AK,YP,D
09:11:08,MYOR,RG,2370,1,F,AK,XC,D
09:11:08,MYOR,RG,2370,50,F,AK,YP,D
09:11:08,MYOR,RG,2360,1,D,PD,PD,D
09:11:08,MYOR,RG,2370,300,D,KI,YP,D
09:10:54,MYOR,RG,2360,6,D,PD,AK,F
09:10:40,MYOR,RG,2350,3,D,DR,KK,D
09:10:26,MYOR,RG,2360,1,D,XC,PD,D
09:10:24,MYOR,RG,2360,1,D,CC,YP,D
09:10:21,MYOR,RG,2360,1,D,NI,YP,D
09:10:21,MYOR,RG,2360,1,D,NI,XL,D
09:10:18,MYOR,RG,2360,10,D,HP,XL,D
09:10:18,MYOR,RG,2360,15,D,HP,EP,D
09:10:10,MYOR,RG,2350,1,D,DR,XL,D
09:09:58,MYOR,RG,2350,5,D,DR,AZ,D
09:09:58,MYOR,RG,2350,1,D,DR,EP,D
09:09:58,MYOR,RG,2350,5,D,DR,PD,D
09:09:58,MYOR,RG,2350,1,D,DR,YP,D
09:09:49,MYOR,RG,2340,1,D,EP,EP,D
09:09:44,MYOR,RG,2350,1,D,XL,YP,D
09:09:42,MYOR,RG,2340,76,D,EP,CC,D
09:09:42,MYOR,RG,2340,9,D,YP,CC,D
09:09:42,MYOR,RG,2340,1,D,YP,YP,D
09:09:42,MYOR,RG,2340,1,D,YB,YP,D
09:09:34,MYOR,RG,2340,9,D,YB,CC,D
09:09:34,MYOR,RG,2340,22,D,XL,CC,D
09:09:34,MYOR,RG,2340,10,D,LG,CC,D
09:09:34,MYOR,RG,2340,9,D,YU,CC,D
09:09:23,MYOR,RG,2350,5,D,CC,AZ,D
09:09:16,MYOR,RG,2340,1,D,YU,XC,D
09:09:16,MYOR,RG,2340,90,D,YU,SQ,D
09:09:16,MYOR,RG,2340,10,D,GR,SQ,D
09:09:05,MYOR,RG,2340,21,F,AK,CC,D
09:09:03,MYOR,RG,2340,3,F,AK,PD,D
09:09:03,MYOR,RG,2340,4,D,PD,PD,D
09:09:03,MYOR,RG,2340,10,D,YP,PD,D
09:09:03,MYOR,RG,2340,7,D,YP,PD,D
09:08:59,MYOR,RG,2340,1,D,YP,XC,D
09:08:57,MYOR,RG,2340,2,D,YP,XL,D
09:08:57,MYOR,RG,2340,1,D,XC,XL,D
09:08:57,MYOR,RG,2340,1,D,AZ,XL,D
09:08:46,MYOR,RG,2340,1,D,AZ,ZP,D
09:08:46,MYOR,RG,2340,1,D,PD,ZP,D
09:08:46,MYOR,RG,2340,5,D,NI,ZP,D
09:08:46,MYOR,RG,2340,10,D,MG,ZP,D
09:08:46,MYOR,RG,2340,10,D,AT,ZP,D
09:08:46,MYOR,RG,2340,1,D,YP,ZP,D
09:08:46,MYOR,RG,2340,1,D,YP,ZP,D
09:08:46,MYOR,RG,2340,20,D,YP,ZP,D
09:08:46,MYOR,RG,2350,151,D,CC,ZP,D
09:08:44,MYOR,RG,2350,5,D,CC,YP,D
09:08:44,MYOR,RG,2350,9,D,CC,XC,D
09:08:44,MYOR,RG,2350,135,D,CC,PD,D
09:08:39,MYOR,RG,2350,2,D,AZ,PD,D
09:08:19,MYOR,RG,2350,1,D,KK,PD,D
09:08:11,MYOR,RG,2350,1,D,XC,PD,D
09:08:04,MYOR,RG,2350,5,D,YP,PD,D
09:08:03,MYOR,RG,2350,25,D,DH,PD,D
09:08:02,MYOR,RG,2350,1,D,XL,PD,D
09:07:53,MYOR,RG,2350,4,D,CC,AK,F
09:07:53,MYOR,RG,2350,6,D,CC,PD,D
09:07:53,MYOR,RG,2350,5,D,SH,PD,D
09:07:53,MYOR,RG,2350,5,D,PD,PD,D
09:07:53,MYOR,RG,2350,1,D,XL,PD,D
09:07:53,MYOR,RG,2350,100,D,YP,PD,D
09:07:53,MYOR,RG,2350,6,D,AZ,PD,D
09:07:53,MYOR,RG,2350,5,D,YP,PD,D
09:07:53,MYOR,RG,2350,2,D,YP,PD,D
09:07:53,MYOR,RG,2350,1,D,PD,PD,D
09:07:53,MYOR,RG,2350,2,D,XC,PD,D
09:07:53,MYOR,RG,2350,10,D,LG,PD,D
09:07:53,MYOR,RG,2350,25,D,CC,PD,D
09:07:53,MYOR,RG,2350,5,D,NI,PD,D
09:07:53,MYOR,RG,2350,10,D,YP,PD,D
09:07:53,MYOR,RG,2350,17,D,CC,PD,D
09:07:46,MYOR,RG,2360,5,D,AT,EP,D
09:07:14,MYOR,RG,2360,7,D,YP,AK,F
09:07:14,MYOR,RG,2360,3,D,YP,EP,D
09:07:08,MYOR,RG,2360,2,D,MG,EP,D
09:07:08,MYOR,RG,2360,8,D,MG,KK,D
09:07:06,MYOR,RG,2360,10,D,KK,KK,D
09:07:06,MYOR,RG,2360,4,D,GR,AK,F
09:07:06,MYOR,RG,2360,4,D,GR,SQ,D
09:07:06,MYOR,RG,2360,2,D,GR,YP,D
09:07:06,MYOR,RG,2360,4,D,GR,SQ,D
09:07:06,MYOR,RG,2360,1,D,GR,XC,D
09:07:06,MYOR,RG,2360,10,D,GR,EP,D
09:06:54,MYOR,RG,2350,76,D,CC,YP,D
09:06:52,MYOR,RG,2350,6,D,CC,EP,D
09:06:52,MYOR,RG,2350,1,D,CC,YP,D
09:06:52,MYOR,RG,2350,1,D,YP,YP,D
09:06:51,MYOR,RG,2350,1,D,XL,XC,D
09:06:51,MYOR,RG,2350,10,D,XL,XL,D
09:06:51,MYOR,RG,2350,1,D,XL,CC,D
09:06:51,MYOR,RG,2350,6,D,XL,CC,D
09:06:50,MYOR,RG,2350,4,D,YP,CC,D
09:06:50,MYOR,RG,2350,2,D,YP,YB,D
09:06:50,MYOR,RG,2350,4,D,YP,YB,D
09:06:44,MYOR,RG,2340,2,D,YP,YP,D
09:06:44,MYOR,RG,2340,1,D,YP,LG,D
09:06:42,MYOR,RG,2340,3,D,AZ,LG,D
09:06:39,MYOR,RG,2330,1,D,YP,NI,D
09:06:33,MYOR,RG,2330,1,D,PD,NI,D
09:06:33,MYOR,RG,2330,13,D,BQ,NI,D
09:06:27,MYOR,RG,2330,2,D,BQ,YP,D
09:06:26,MYOR,RG,2330,2,D,BQ,CC,D
09:06:22,MYOR,RG,2330,33,D,BQ,KK,D
09:06:22,MYOR,RG,2330,10,D,KK,KK,D
09:06:22,MYOR,RG,2330,15,D,YP,KK,D
09:06:22,MYOR,RG,2330,5,D,SQ,KK,D
09:06:22,MYOR,RG,2330,1,D,CC,KK,D
09:06:22,MYOR,RG,2330,1,D,CC,KK,D
09:06:22,MYOR,RG,2330,45,D,AK,KK,D
09:06:16,MYOR,RG,2330,70,D,AK,XC,D
09:06:09,MYOR,RG,2330,19,D,AK,GR,D
09:06:09,MYOR,RG,2340,1,D,YP,GR,D
09:06:09,MYOR,RG,2340,3,D,YP,BQ,D
09:06:06,MYOR,RG,2340,1,D,YP,NI,D
09:06:05,MYOR,RG,2340,6,D,YP,EP,D
09:06:05,MYOR,RG,2340,2,D,YP,XC,D
09:06:05,MYOR,RG,2340,3,D,YP,XC,D
09:06:03,MYOR,RG,2330,10,D,AK,SQ,D
09:06:03,MYOR,RG,2330,40,D,AK,SQ,D
09:05:52,MYOR,RG,2340,5,F,AK,PD,D
09:05:52,MYOR,RG,2340,2,F,AK,XC,D
09:05:52,MYOR,RG,2340,4,F,AK,MG,D
09:05:51,MYOR,RG,2320,100,D,YP,NI,D
09:05:51,MYOR,RG,2320,1,D,CC,NI,D
09:05:51,MYOR,RG,2320,23,D,YP,NI,D
09:05:51,MYOR,RG,2330,100,D,AK,NI,D
09:05:51,MYOR,RG,2330,28,D,AK,NI,D
09:05:51,MYOR,RG,2330,25,D,AK,NI,D
09:05:51,MYOR,RG,2330,41,D,AK,NI,D
09:05:51,MYOR,RG,2330,81,D,AK,NI,D
09:05:51,MYOR,RG,2330,2,D,AK,YP,D
09:05:51,MYOR,RG,2330,89,D,AK,PD,D
09:05:49,MYOR,RG,2330,50,D,YP,PD,D
09:05:48,MYOR,RG,2320,2,D,YP,XC,D
09:05:47,MYOR,RG,2330,50,D,YP,PD,D
09:05:47,MYOR,RG,2320,4,D,YP,XC,D
09:05:46,MYOR,RG,2330,2,D,PD,PD,D
09:05:44,MYOR,RG,2320,5,D,YP,CC,D
09:05:44,MYOR,RG,2320,1,D,YP,PD,D
09:05:44,MYOR,RG,2320,15,D,YP,PD,D
09:05:42,MYOR,RG,2320,10,D,PD,PD,D
09:05:41,MYOR,RG,2320,1,D,OD,PD,D
09:05:41,MYOR,RG,2320,6,D,CC,PD,D
09:05:40,MYOR,RG,2320,5,D,YP,PD,D
09:05:40,MYOR,RG,2320,5,D,PD,PD,D
09:05:40,MYOR,RG,2320,31,F,BK,PD,D
09:05:40,MYOR,RG,2320,1,D,PD,PD,D
09:05:40,MYOR,RG,2320,50,D,MG,PD,D
09:05:40,MYOR,RG,2320,10,D,AT,PD,D
09:05:40,MYOR,RG,2320,25,D,CC,PD,D
09:05:40,MYOR,RG,2320,1,D,PD,PD,D
09:05:40,MYOR,RG,2320,42,D,YP,PD,D
09:05:40,MYOR,RG,2320,18,D,KK,PD,D
09:05:40,MYOR,RG,2320,5,D,AZ,PD,D
09:05:40,MYOR,RG,2320,50,D,IP,PD,D
09:05:40,MYOR,RG,2330,5,D,AZ,PD,D
09:05:39,MYOR,RG,2330,125,D,LG,PD,D
09:05:39,MYOR,RG,2330,75,D,LG,MG,D
09:05:37,MYOR,RG,2330,5,D,PD,MG,D
09:05:30,MYOR,RG,2330,5,D,PD,MG,D
09:05:25,MYOR,RG,2330,50,D,EP,MG,D
09:05:24,MYOR,RG,2330,146,F,AK,MG,D
09:05:24,MYOR,RG,2330,2,D,PD,MG,D
09:05:24,MYOR,RG,2330,2,D,YP,MG,D
09:05:24,MYOR,RG,2330,1,D,PD,MG,D
09:05:24,MYOR,RG,2330,5,D,PD,MG,D
09:05:24,MYOR,RG,2330,40,D,EP,MG,D
09:05:24,MYOR,RG,2340,1,D,CC,MG,D
09:05:24,MYOR,RG,2340,25,D,LG,MG,D
09:05:24,MYOR,RG,2340,2,D,PD,MG,D
09:05:24,MYOR,RG,2340,4,D,PD,MG,D
09:05:24,MYOR,RG,2340,1,D,YB,MG,D
09:05:24,MYOR,RG,2340,25,D,AI,MG,D
09:05:24,MYOR,RG,2350,1,D,XC,MG,D
09:05:24,MYOR,RG,2350,4,D,YB,MG,D
09:05:24,MYOR,RG,2350,10,D,GR,MG,D
09:05:24,MYOR,RG,2350,1,D,YB,MG,D
09:05:24,MYOR,RG,2350,50,D,MG,MG,D
09:05:24,MYOR,RG,2350,10,D,ZP,MG,D
09:05:24,MYOR,RG,2350,35,D,YP,MG,D
09:05:24,MYOR,RG,2350,5,D,YP,YP,D
09:05:24,MYOR,RG,2350,15,D,YP,GR,D
09:05:24,MYOR,RG,2350,15,D,YP,LS,D
09:05:24,MYOR,RG,2350,2,D,XL,LS,D
09:05:24,MYOR,RG,2350,1,D,XL,LS,D
09:05:24,MYOR,RG,2350,2,D,PD,LS,D
09:05:24,MYOR,RG,2350,1,D,PD,LS,D
09:05:24,MYOR,RG,2350,24,D,YP,LS,D
09:05:24,MYOR,RG,2350,18,D,YP,GR,D
09:05:24,MYOR,RG,2350,5,D,DR,GR,D
09:05:24,MYOR,RG,2350,20,D,DR,GR,D
09:05:24,MYOR,RG,2350,5,D,CC,GR,D
09:05:24,MYOR,RG,2350,1,D,CC,GR,D
09:05:24,MYOR,RG,2360,4,D,PD,GR,D
09:05:24,MYOR,RG,2360,21,D,SQ,GR,D
09:05:24,MYOR,RG,2360,15,D,SQ,GR,D
09:05:24,MYOR,RG,2360,54,D,SQ,GR,D
09:05:24,MYOR,RG,2360,3,D,XL,GR,D
09:05:24,MYOR,RG,2360,7,D,CC,GR,D
09:05:24,MYOR,RG,2360,3,D,PD,GR,D
09:05:24,MYOR,RG,2360,5,D,KK,GR,D
09:05:24,MYOR,RG,2370,3,D,AZ,BQ,D
09:05:23,MYOR,RG,2370,8,D,EP,BQ,D
09:05:23,MYOR,RG,2370,42,D,EP,DR,D
09:05:23,MYOR,RG,2370,1,D,XC,DR,D
09:05:23,MYOR,RG,2370,5,D,AN,DR,D
09:05:23,MYOR,RG,2370,4,D,PD,DR,D
09:05:23,MYOR,RG,2370,9,D,XL,DR,D
09:05:23,MYOR,RG,2370,8,D,XL,PD,D
09:05:23,MYOR,RG,2370,20,D,GR,PD,D
09:05:23,MYOR,RG,2370,4,D,KK,PD,D
09:05:23,MYOR,RG,2370,1,D,KK,YP,D
09:05:23,MYOR,RG,2380,5,D,YP,PD,D
09:05:23,MYOR,RG,2380,50,D,XC,PD,D
09:05:23,MYOR,RG,2380,2,D,PD,PD,D
09:05:23,MYOR,RG,2380,1,D,YP,PD,D
09:05:23,MYOR,RG,2380,5,D,PD,PD,D
09:05:23,MYOR,RG,2380,50,D,YP,PD,D
09:05:23,MYOR,RG,2380,1,D,CC,PD,D
09:05:23,MYOR,RG,2380,1,D,YB,PD,D
09:05:23,MYOR,RG,2380,1,D,KK,PD,D
09:05:23,MYOR,RG,2380,25,D,MG,PD,D
09:05:23,MYOR,RG,2380,5,D,AN,PD,D
09:05:23,MYOR,RG,2380,2,D,PD,PD,D
09:05:23,MYOR,RG,2380,1,D,PD,PD,D
09:05:23,MYOR,RG,2380,1,D,PD,PD,D
09:05:23,MYOR,RG,2380,2,D,XL,PD,D
09:05:23,MYOR,RG,2380,1,D,YP,PD,D
09:05:23,MYOR,RG,2380,1,D,YP,PD,D
09:05:23,MYOR,RG,2380,20,D,XL,PD,D
09:05:23,MYOR,RG,2380,3,D,AZ,PD,D
09:05:23,MYOR,RG,2380,1,D,CC,PD,D
09:05:23,MYOR,RG,2380,5,D,LG,PD,D
09:05:23,MYOR,RG,2380,5,D,PD,PD,D
09:05:23,MYOR,RG,2380,128,D,XC,PD,D
09:05:23,MYOR,RG,2380,9,D,AT,PD,D
09:05:23,MYOR,RG,2380,1,D,XL,PD,D
09:05:23,MYOR,RG,2380,42,D,YP,PD,D
09:05:23,MYOR,RG,2380,5,D,CC,PD,D
09:05:23,MYOR,RG,2380,45,D,EP,PD,D
09:05:23,MYOR,RG,2380,21,D,DR,PD,D
09:05:23,MYOR,RG,2380,16,F,YU,PD,D
09:05:11,MYOR,RG,2380,17,F,YU,RX,D
09:05:07,MYOR,RG,2380,2,F,YU,YP,D
09:04:53,MYOR,RG,2380,7,F,YU,KK,D
09:04:49,MYOR,RG,2380,12,F,YU,EP,D
09:04:45,MYOR,RG,2380,5,F,YU,PD,D
09:04:39,MYOR,RG,2380,20,F,YU,XC,D
09:04:39,MYOR,RG,2390,4,D,BQ,XC,D
09:04:36,MYOR,RG,2380,2,F,YU,LG,D
09:04:23,MYOR,RG,2380,20,F,YU,XC,D
09:04:23,MYOR,RG,2390,1,D,XL,PD,D
09:04:20,MYOR,RG,2380,35,F,YU,PD,D
09:04:16,MYOR,RG,2380,10,F,YU,XL,D
09:04:16,MYOR,RG,2400,2,D,XL,YP,D
09:04:08,MYOR,RG,2380,1,F,YU,XL,D
09:04:00,MYOR,RG,2400,1,D,CC,YP,D
09:03:56,MYOR,RG,2390,5,F,AK,CS,D
09:03:56,MYOR,RG,2390,2,F,AK,CS,D
09:03:56,MYOR,RG,2390,25,F,AK,PD,D
09:03:55,MYOR,RG,2390,1,D,XC,PD,D
09:03:55,MYOR,RG,2390,5,D,XC,PD,D
09:03:55,MYOR,RG,2390,2,D,AZ,PD,D
09:03:55,MYOR,RG,2390,67,D,XC,PD,D
09:03:49,MYOR,RG,2390,20,D,XC,PD,D
09:03:49,MYOR,RG,2390,5,D,YP,PD,D
09:03:49,MYOR,RG,2390,1,D,YP,PD,D
09:03:49,MYOR,RG,2390,1,D,XL,PD,D
09:03:49,MYOR,RG,2390,33,D,AZ,PD,D
09:03:49,MYOR,RG,2390,50,D,AZ,YP,D
09:03:42,MYOR,RG,2390,18,D,AZ,YP,D
09:03:25,MYOR,RG,2390,2,D,AZ,LG,D
09:03:17,MYOR,RG,2400,4,D,PD,YP,D
09:03:17,MYOR,RG,2400,2,D,LG,YP,D
09:03:09,MYOR,RG,2400,8,D,LG,PD,D
09:03:09,MYOR,RG,2400,5,D,PD,PD,D
09:03:09,MYOR,RG,2400,5,D,OD,PD,D
09:03:09,MYOR,RG,2400,4,D,AT,PD,D
09:03:09,MYOR,RG,2400,307,D,AZ,PD,D
09:03:09,MYOR,RG,2400,1,D,PD,PD,D
09:03:09,MYOR,RG,2400,1,D,XL,PD,D
09:03:09,MYOR,RG,2400,3,D,XL,PD,D
09:03:09,MYOR,RG,2400,5,D,AT,PD,D
09:03:09,MYOR,RG,2400,21,D,NI,PD,D
09:02:33,MYOR,RG,2400,5,D,NI,PD,D
09:01:44,MYOR,RG,2400,4,D,NI,PD,D
09:01:44,MYOR,RG,2400,1,D,XA,PD,D
09:01:19,MYOR,RG,2430,4,D,EP,NI,D
09:01:19,MYOR,RG,2430,170,F,BK,NI,D
09:01:19,MYOR,RG,2430,13,D,EP,NI,D
09:01:19,MYOR,RG,2430,1,D,EP,NI,D
09:01:18,MYOR,RG,2430,10,D,EP,PD,D
09:01:13,MYOR,RG,2430,1,D,EP,BQ,D
09:01:13,MYOR,RG,2430,9,D,YP,BQ,D
09:01:01,MYOR,RG,2430,250,D,YP,PD,D
09:00:48,MYOR,RG,2430,1,D,YP,XL,D
09:00:44,MYOR,RG,2430,500,D,YP,YP,D
09:00:43,MYOR,RG,2430,20,D,YP,PD,D
09:00:43,MYOR,RG,2430,1,D,YP,PD,D
09:00:43,MYOR,RG,2430,1,D,YP,PD,D
09:00:43,MYOR,RG,2430,1,D,YP,XL,D
09:00:43,MYOR,RG,2430,1,D,YP,XL,D
09:00:43,MYOR,RG,2430,1,D,YP,XC,D
09:00:43,MYOR,RG,2430,1,D,YP,DR,D
09:00:43,MYOR,RG,2430,2,D,YP,DR,D
09:00:43,MYOR,RG,2430,23,D,YP,YP,D
09:00:43,MYOR,RG,2430,1,D,YP,SQ,D
09:00:43,MYOR,RG,2430,3,D,YP,CC,D
09:00:43,MYOR,RG,2420,15,D,YP,BK,F
09:00:43,MYOR,RG,2420,15,D,YP,XC,D
09:00:43,MYOR,RG,2420,99,D,YP,AK,F
09:00:43,MYOR,RG,2420,3,D,YP,YP,D
09:00:43,MYOR,RG,2420,2,D,YP,YP,D
09:00:43,MYOR,RG,2420,5,D,YP,YP,D
09:00:43,MYOR,RG,2420,1,D,YP,XL,D
09:00:43,MYOR,RG,2420,1,D,YP,XL,D
09:00:43,MYOR,RG,2420,2,D,YP,XL,D
09:00:43,MYOR,RG,2420,10,D,YP,PD,D
09:00:43,MYOR,RG,2420,1,D,YP,PD,D
09:00:43,MYOR,RG,2420,2,D,YP,PD,D
09:00:43,MYOR,RG,2420,1,D,YP,PD,D
09:00:43,MYOR,RG,2420,1,D,YP,PD,D
09:00:43,MYOR,RG,2420,20,D,YP,PD,D
09:00:43,MYOR,RG,2420,1,D,YP,PD,D
09:00:43,MYOR,RG,2420,1,D,YP,PD,D
09:00:43,MYOR,RG,2420,1,D,YP,PD,D
09:00:43,MYOR,RG,2420,1,D,YP,PD,D
09:00:43,MYOR,RG,2420,1,D,YP,EP,D
09:00:43,MYOR,RG,2420,5,D,YP,PD,D
09:00:43,MYOR,RG,2420,1,D,YP,PD,D
09:00:43,MYOR,RG,2420,5,D,YP,PD,D
09:00:43,MYOR,RG,2420,5,D,YP,PD,D
09:00:43,MYOR,RG,2420,82,D,YP,XC,D
09:00:43,MYOR,RG,2420,5,D,YP,XC,D
09:00:43,MYOR,RG,2420,1,D,YP,XL,D
09:00:43,MYOR,RG,2420,1,D,YP,XC,D
09:00:43,MYOR,RG,2420,3,D,YP,CC,D
09:00:43,MYOR,RG,2420,1,D,YP,KK,D
09:00:43,MYOR,RG,2420,1,D,YP,KK,D
09:00:43,MYOR,RG,2420,392,D,YP,PD,D
09:00:42,MYOR,RG,2420,12,D,YP,PD,D
09:00:41,MYOR,RG,2420,19,D,YP,PD,D
09:00:41,MYOR,RG,2410,1,D,YP,XL,D
09:00:38,MYOR,RG,2390,97,D,AZ,NI,D
09:00:38,MYOR,RG,2390,221,D,CP,NI,D
09:00:34,MYOR,RG,2400,3,D,YP,AK,F
09:00:33,MYOR,RG,2400,5,D,PD,AK,F
09:00:33,MYOR,RG,2400,5,D,XL,AK,F
09:00:33,MYOR,RG,2400,3,D,XL,AK,F
09:00:33,MYOR,RG,2400,40,D,XL,RX,D
09:00:33,MYOR,RG,2400,2,D,XL,AK,F
09:00:33,MYOR,RG,2400,1,D,XL,AK,F
09:00:31,MYOR,RG,2400,1,D,XL,AK,F
09:00:30,MYOR,RG,2400,9,D,PD,AK,F
09:00:30,MYOR,RG,2400,1,D,PD,AK,F
09:00:28,MYOR,RG,2420,24,D,YP,PD,D
09:00:28,MYOR,RG,2410,3,D,YP,XC,D
09:00:28,MYOR,RG,2400,1,D,YP,CS,D
09:00:28,MYOR,RG,2400,1,D,YP,DX,D
09:00:28,MYOR,RG,2400,2,D,YP,AK,F
09:00:28,MYOR,RG,2400,4,D,YP,AK,F
09:00:28,MYOR,RG,2400,5,D,YP,CC,D
09:00:25,MYOR,RG,2400,5,D,PD,CC,D
09:00:24,MYOR,RG,2390,1,D,CP,CC,D
09:00:19,MYOR,RG,2400,1,D,YP,CC,D
09:00:17,MYOR,RG,2390,4,D,CP,CS,D
09:00:17,MYOR,RG,2390,3,D,CP,AK,F
09:00:17,MYOR,RG,2390,1,D,CP,CS,D
09:00:16,MYOR,RG,2390,1,D,XC,AK,F
