Time,Stock,Brd,Price,Qty,BT,BC,SC,ST
15:14:07,MYOR,RG,1895,5,D,EP,CS,F
15:14:07,MYOR,RG,1895,59,D,EP,CS,F
15:13:53,MYOR,RG,1895,1,D,PD,CS,F
15:12:04,MYOR,RG,1895,654,D,YP,CS,F
15:12:00,MYOR,RG,1895,500,D,NI,CS,F
15:11:50,MYOR,RG,1895,288,D,NI,CS,F
15:11:45,MYOR,RG,1895,50,D,YP,CS,F
15:11:34,MYOR,RG,1895,10,D,CC,CS,F
15:11:12,MYOR,RG,1895,8,D,XC,CS,F
15:10:49,MYOR,RG,1895,2,D,XC,CS,F
15:10:44,MYOR,RG,1895,20,D,YP,CS,F
15:10:34,MYOR,RG,1895,3,D,XC,CS,F
15:10:15,MYOR,RG,1895,1,D,XC,CS,F
15:10:14,MYOR,RG,1895,15,D,TP,CS,F
15:10:08,MYOR,RG,1895,2,D,PD,CS,F
15:10:01,MYOR,RG,1895,15,D,SQ,CS,F
15:08:42,MYOR,RG,1895,1,D,XL,CS,F
15:07:28,MYOR,RG,1895,5,D,YP,CS,F
15:07:06,MYOR,RG,1895,55,D,NI,CS,F
15:06:56,MYOR,RG,1895,50,D,CC,CS,F
15:05:50,MYOR,RG,1895,5,D,LG,CS,F
15:05:10,MYOR,RG,1895,10,D,XC,CS,F
15:04:27,MYOR,RG,1895,5,D,AG,CS,F
15:03:52,MYOR,RG,1895,25,D,PD,CS,F
15:03:52,MYOR,RG,1895,35,D,XC,CS,F
15:03:34,MYOR,RG,1895,3,D,PD,CS,F
15:03:31,MYOR,RG,1895,15,D,KK,CS,F
15:03:23,MYOR,RG,1895,10,D,CC,CS,F
15:03:08,MYOR,RG,1895,45,D,XC,CS,F
15:02:54,MYOR,RG,1895,46,D,XL,CS,F
15:02:45,MYOR,RG,1895,27,D,PD,CS,F
15:02:38,MYOR,RG,1895,37,D,XC,CS,F
15:02:38,MYOR,RG,1895,3,D,AT,CS,F
15:02:35,MYOR,RG,1895,20,D,CC,CS,F
15:02:28,MYOR,RG,1895,3,D,AZ,CS,F
15:02:19,MYOR,RG,1895,43,D,YP,CS,F
15:02:17,MYOR,RG,1895,5,D,YP,CS,F
15:02:13,MYOR,RG,1895,2,D,PD,CS,F
15:02:00,MYOR,RG,1895,2,D,NI,CS,F
15:02:00,MYOR,RG,1895,10,D,NI,CS,F
15:02:00,MYOR,RG,1895,2,D,XA,CS,F
15:02:00,MYOR,RG,1895,6,D,XC,CS,F
15:02:00,MYOR,RG,1895,10,D,DH,CS,F
15:02:00,MYOR,RG,1895,4,D,XC,CS,F
15:02:00,MYOR,RG,1895,1,D,NI,CS,F
15:02:00,MYOR,RG,1895,5,D,PD,CS,F
15:02:00,MYOR,RG,1895,85,D,PD,CS,F
15:02:00,MYOR,RG,1895,31,D,YP,CS,F
15:02:00,MYOR,RG,1895,5,D,OD,CS,F
15:02:00,MYOR,RG,1895,100,D,YP,CS,F
15:02:00,MYOR,RG,1895,2,D,XC,CS,F
15:02:00,MYOR,RG,1895,1,D,NI,CS,F
15:02:00,MYOR,RG,1895,3478,F,ZP,CS,F
15:02:00,MYOR,RG,1895,1,D,PD,CS,F
15:02:00,MYOR,RG,1895,2,D,YP,CS,F
15:02:00,MYOR,RG,1895,2,D,PD,CS,F
15:02:00,MYOR,RG,1895,6000,F,ZP,CS,F
15:02:00,MYOR,RG,1895,20,D,GR,CS,F
15:02:00,MYOR,RG,1895,6,D,CC,CS,F
15:02:00,MYOR,RG,1895,2900,F,ZP,CS,F
15:02:00,MYOR,RG,1895,3,D,XL,CS,F
15:02:00,MYOR,RG,1895,2,D,CC,CS,F
15:02:00,MYOR,RG,1895,30,D,YP,CS,F
15:02:00,MYOR,RG,1895,20,D,PD,CS,F
15:02:00,MYOR,RG,1895,53,D,CC,CS,F
15:02:00,MYOR,RG,1895,2,D,PD,CS,F
15:02:00,MYOR,RG,1895,1,D,XC,CS,F
15:02:00,MYOR,RG,1895,1,D,BQ,CS,F
15:02:00,MYOR,RG,1895,8,D,BQ,CS,F
15:02:00,MYOR,RG,1895,1000,D,CC,CS,F
15:02:00,MYOR,RG,1895,229,D,CC,CS,F
15:00:00,MYOR,RG,1895,2,D,CC,XL,D
15:00:00,MYOR,RG,1895,45,D,CC,OD,D
15:00:00,MYOR,RG,1895,5,D,CC,CP,D
15:00:00,MYOR,RG,1895,5,D,CC,XC,D
15:00:00,MYOR,RG,1895,10,D,CC,NI,D
15:00:00,MYOR,RG,1895,64,D,CC,CS,F
15:00:00,MYOR,RG,1895,43,D,CC,CS,F
15:00:00,MYOR,RG,1895,446,D,CC,CS,F
15:00:00,MYOR,RG,1895,61,D,CC,CS,F
15:00:00,MYOR,RG,1895,265,D,CC,BK,F
15:00:00,MYOR,RG,1895,825,D,CC,KZ,F
15:00:00,MYOR,RG,1895,1,D,YP,KZ,F
15:00:00,MYOR,RG,1895,1,D,XL,KZ,F
15:00:00,MYOR,RG,1895,4,D,YB,KZ,F
15:00:00,MYOR,RG,1895,10,D,YP,KZ,F
15:00:00,MYOR,RG,1895,27,D,YP,KZ,F
15:00:00,MYOR,RG,1895,25,D,YP,KZ,F
15:00:00,MYOR,RG,1895,25,D,XL,KZ,F
15:00:00,MYOR,RG,1895,42,D,YP,KZ,F
15:00:00,MYOR,RG,1895,50,D,SQ,KZ,F
15:00:00,MYOR,RG,1895,8,D,SQ,KZ,F
15:00:00,MYOR,RG,1895,1,D,YP,KZ,F
15:00:00,MYOR,RG,1895,10,D,XC,KZ,F
15:00:00,MYOR,RG,1895,5,D,NI,KZ,F
15:00:00,MYOR,RG,1895,20,D,CC,KZ,F
15:00:00,MYOR,RG,1895,25,D,NI,KZ,F
15:00:00,MYOR,RG,1895,131,D,CC,KZ,F
15:00:00,MYOR,RG,1895,50,D,YP,KZ,F
15:00:00,MYOR,RG,1895,20,D,CC,KZ,F
15:00:00,MYOR,RG,1895,2,D,PD,KZ,F
15:00:00,MYOR,RG,1895,13,D,HP,KZ,F
15:00:00,MYOR,RG,1895,5,D,PD,KZ,F
15:00:00,MYOR,RG,1895,4,D,NI,KZ,F
15:00:00,MYOR,RG,1895,79,D,XC,KZ,F
15:00:00,MYOR,RG,1895,26,D,XC,KZ,F
15:00:00,MYOR,RG,1895,6,D,XC,KZ,F
15:00:00,MYOR,RG,1895,2,D,PD,KZ,F
15:00:00,MYOR,RG,1895,50,D,YP,KZ,F
15:00:00,MYOR,RG,1895,20,D,DH,KZ,F
15:00:00,MYOR,RG,1895,5,D,XL,KZ,F
15:00:00,MYOR,RG,1895,35,D,PD,KZ,F
15:00:00,MYOR,RG,1895,10,D,YP,KZ,F
15:00:00,MYOR,RG,1895,106,D,XC,KZ,F
15:00:00,MYOR,RG,1895,26,D,PD,KZ,F
15:00:00,MYOR,RG,1895,1,D,XL,KZ,F
15:00:00,MYOR,RG,1895,60,D,PD,KZ,F
15:00:00,MYOR,RG,1895,5,F,YP,KZ,F
15:00:00,MYOR,RG,1895,2,F,OD,KZ,F
15:00:00,MYOR,RG,1895,11,D,XC,KZ,F
15:00:00,MYOR,RG,1895,10,D,PD,KZ,F
15:00:00,MYOR,RG,1895,26,D,OD,KZ,F
15:00:00,MYOR,RG,1895,10,D,KK,KZ,F
15:00:00,MYOR,RG,1895,5,D,YP,KZ,F
15:00:00,MYOR,RG,1895,2,D,KK,KZ,F
15:00:00,MYOR,RG,1895,6,D,XL,KZ,F
15:00:00,MYOR,RG,1895,3,D,PD,KZ,F
15:00:00,MYOR,RG,1895,6,D,XC,KZ,F
15:00:00,MYOR,RG,1895,26,D,YP,KZ,F
15:00:00,MYOR,RG,1895,20,D,YP,KZ,F
15:00:00,MYOR,RG,1895,100,D,YP,KZ,F
15:00:00,MYOR,RG,1895,5,D,YP,KZ,F
15:00:00,MYOR,RG,1895,225,D,OD,KZ,F
15:00:00,MYOR,RG,1895,10,D,PD,KZ,F
15:00:00,MYOR,RG,1895,15,D,CC,KZ,F
15:00:00,MYOR,RG,1895,10,D,HP,KZ,F
15:00:00,MYOR,RG,1895,3,D,YP,KZ,F
15:00:00,MYOR,RG,1895,1,D,YP,KZ,F
15:00:00,MYOR,RG,1895,273,D,PD,KZ,F
15:00:00,MYOR,RG,1895,8,D,PD,DX,F
15:00:00,MYOR,RG,1895,3,D,PD,AK,F
15:00:00,MYOR,RG,1895,3,D,PD,AK,F
15:00:00,MYOR,RG,1895,13,D,PD,AK,F
15:00:00,MYOR,RG,1895,10,D,CC,AK,F
15:00:00,MYOR,RG,1895,1,D,YP,AK,F
15:00:00,MYOR,RG,1895,25,D,PD,AK,F
15:00:00,MYOR,RG,1895,25,D,IF,AK,F
15:00:00,MYOR,RG,1895,1,D,XL,AK,F
15:00:00,MYOR,RG,1895,2,D,XL,AK,F
15:00:00,MYOR,RG,1895,52,D,YP,AK,F
14:49:51,MYOR,RG,1895,104,D,CC,KZ,F
14:49:47,MYOR,RG,1895,99,D,CC,CS,F
14:49:33,MYOR,RG,1900,3,D,EP,CS,F
14:49:33,MYOR,RG,1900,24,D,AZ,CS,F
14:49:30,MYOR,RG,1895,30,D,CC,AK,F
14:49:21,MYOR,RG,1895,132,D,CC,KZ,F
14:49:13,MYOR,RG,1900,20,D,XL,CS,F
14:49:10,MYOR,RG,1895,16,D,CC,AK,F
14:49:10,MYOR,RG,1895,6,D,CC,AK,F
14:49:10,MYOR,RG,1895,44,D,CC,DX,F
14:49:02,MYOR,RG,1895,102,D,CC,CS,F
14:49:00,MYOR,RG,1895,9,D,CC,AK,F
14:48:51,MYOR,RG,1895,162,D,CC,KZ,F
14:48:32,MYOR,RG,1895,100,D,CC,XL,D
14:48:31,MYOR,RG,1895,139,D,CC,CS,F
14:48:25,MYOR,RG,1895,4,D,CC,AK,F
14:48:21,MYOR,RG,1895,80,D,CC,KZ,F
14:48:16,MYOR,RG,1895,119,D,CC,KZ,F
14:48:16,MYOR,RG,1895,3,D,CC,KZ,F
14:48:16,MYOR,RG,1895,8,D,KK,KZ,F
14:48:16,MYOR,RG,1895,1,D,YB,KZ,F
14:48:16,MYOR,RG,1895,500,D,YP,KZ,F
14:48:16,MYOR,RG,1895,1,D,LS,KZ,F
14:48:16,MYOR,RG,1895,5,D,YP,KZ,F
14:48:16,MYOR,RG,1895,863,F,ZP,KZ,F
14:48:06,MYOR,RG,1895,37,F,ZP,KZ,F
14:48:06,MYOR,RG,1895,53,D,CC,KZ,F
14:48:06,MYOR,RG,1895,30,D,YB,KZ,F
14:48:06,MYOR,RG,1895,56,D,YB,KZ,F
14:48:04,MYOR,RG,1900,85,D,KZ,CS,F
14:48:04,MYOR,RG,1900,144,D,KZ,KZ,F
14:48:04,MYOR,RG,1900,77,D,KZ,KZ,F
14:48:01,MYOR,RG,1895,14,D,YB,KZ,F
14:48:01,MYOR,RG,1895,10,D,OD,KZ,F
14:48:01,MYOR,RG,1895,7,D,YP,KZ,F
14:47:40,MYOR,RG,1895,16,D,YP,EP,D
14:47:30,MYOR,RG,1900,142,D,CC,KZ,F
14:47:30,MYOR,RG,1900,285,D,CC,KZ,F
14:47:17,MYOR,RG,1895,152,D,YP,CS,F
14:47:17,MYOR,RG,1895,38,D,CC,CS,F
14:46:43,MYOR,RG,1895,1,D,CC,SQ,D
14:46:35,MYOR,RG,1895,4,D,CC,XC,D
14:46:17,MYOR,RG,1895,301,D,CC,CS,F
14:46:16,MYOR,RG,1895,55,D,CC,CC,D
14:45:12,MYOR,RG,1900,3,D,XC,KZ,F
14:45:09,MYOR,RG,1900,22,D,KZ,KZ,F
14:45:09,MYOR,RG,1900,6,D,KZ,KZ,F
14:45:07,MYOR,RG,1900,2,D,SQ,KZ,F
14:44:57,MYOR,RG,1900,1,D,CC,KZ,F
14:44:54,MYOR,RG,1895,12,D,CC,DX,D
14:44:54,MYOR,RG,1900,12,D,DX,KZ,F
14:44:46,MYOR,RG,1900,170,D,KZ,KZ,F
14:44:45,MYOR,RG,1900,117,D,KZ,CS,F
14:44:45,MYOR,RG,1900,1,D,KZ,CS,F
14:44:45,MYOR,RG,1900,96,D,KZ,CS,F
14:44:44,MYOR,RG,1900,1,D,KZ,CS,F
14:44:44,MYOR,RG,1900,1,D,KZ,PD,D
14:44:32,MYOR,RG,1900,20,D,CC,CS,F
14:43:51,MYOR,RG,1900,50,D,GR,CS,F
14:43:39,MYOR,RG,1905,3,D,PD,XC,D
14:43:39,MYOR,RG,1905,50,D,PD,YU,D
14:43:21,MYOR,RG,1900,3,D,DX,AK,F
14:43:21,MYOR,RG,1900,11,D,DX,AK,F
14:43:21,MYOR,RG,1900,30,D,CC,AK,F
14:43:21,MYOR,RG,1900,79,D,CC,AK,F
14:43:21,MYOR,RG,1900,147,D,CC,AK,F
14:43:21,MYOR,RG,1900,178,D,CC,CS,F
14:43:06,MYOR,RG,1900,110,D,CC,BK,F
14:43:06,MYOR,RG,1900,449,D,CC,BK,F
14:43:06,MYOR,RG,1900,136,D,KZ,BK,F
14:42:59,MYOR,RG,1900,10,D,KZ,DX,D
14:42:59,MYOR,RG,1900,47,D,KZ,AK,F
14:42:59,MYOR,RG,1900,6,D,KZ,KZ,F
14:42:59,MYOR,RG,1900,79,D,KZ,KZ,F
14:42:59,MYOR,RG,1900,7,D,KZ,KZ,F
14:42:59,MYOR,RG,1900,30,D,KZ,YU,D
14:42:59,MYOR,RG,1900,29,D,KZ,KZ,F
14:42:54,MYOR,RG,1900,128,D,KZ,KZ,F
14:42:54,MYOR,RG,1900,1,D,KZ,NI,D
14:42:54,MYOR,RG,1900,7,D,KZ,KZ,F
14:42:54,MYOR,RG,1900,10,D,KZ,DH,D
14:42:54,MYOR,RG,1900,15,D,KZ,KZ,F
14:42:54,MYOR,RG,1900,2,D,KZ,XL,D
14:42:54,MYOR,RG,1900,2,D,KZ,PD,D
14:42:54,MYOR,RG,1900,36,D,KZ,AK,F
14:42:54,MYOR,RG,1900,69,D,KZ,AK,F
14:42:54,MYOR,RG,1900,26,F,AK,AK,F
14:42:54,MYOR,RG,1900,14,F,AK,KZ,F
14:42:53,MYOR,RG,1900,200,D,PD,KZ,F
14:42:51,MYOR,RG,1900,33,D,CC,CS,F
14:42:51,MYOR,RG,1900,196,D,CC,BK,F
14:42:51,MYOR,RG,1900,5,D,CC,KZ,F
14:42:51,MYOR,RG,1900,7,D,CC,CC,D
14:42:51,MYOR,RG,1900,5,D,CC,LG,D
14:42:51,MYOR,RG,1900,206,D,CC,CS,F
14:42:51,MYOR,RG,1900,75,D,CC,KZ,F
14:41:47,MYOR,RG,1900,15,D,DX,KZ,F
14:41:38,MYOR,RG,1895,10,D,CC,DX,D
14:41:38,MYOR,RG,1900,51,D,CC,KZ,F
14:41:38,MYOR,RG,1900,44,D,CC,AK,F
14:41:38,MYOR,RG,1900,44,D,CC,AK,F
14:41:38,MYOR,RG,1900,192,D,CC,CS,F
14:41:38,MYOR,RG,1900,98,D,CC,KZ,F
14:41:35,MYOR,RG,1895,300,D,CC,YU,D
14:40:50,MYOR,RG,1895,9,D,CC,XC,D
14:39:34,MYOR,RG,1895,270,D,CC,CS,F
14:39:34,MYOR,RG,1895,83,D,AI,CS,F
14:39:15,MYOR,RG,1900,12,D,DX,KZ,F
14:39:04,MYOR,RG,1895,13,D,AI,DX,D
14:38:25,MYOR,RG,1895,18,D,AI,NI,D
14:38:21,MYOR,RG,1895,136,D,AI,KZ,F
14:38:21,MYOR,RG,1895,50,D,DR,KZ,F
14:38:21,MYOR,RG,1895,600,F,ZP,KZ,F
14:38:21,MYOR,RG,1895,2,D,PD,KZ,F
14:38:21,MYOR,RG,1895,1,D,XL,KZ,F
14:38:21,MYOR,RG,1895,211,D,KZ,KZ,F
14:38:04,MYOR,RG,1900,50,D,SQ,KZ,F
14:37:33,MYOR,RG,1895,45,D,KZ,NI,D
14:37:31,MYOR,RG,1895,6,D,KZ,KZ,F
14:36:48,MYOR,RG,1895,69,D,KZ,PD,D
14:36:37,MYOR,RG,1900,200,D,GR,KZ,F
14:36:35,MYOR,RG,1900,13,D,DX,KZ,F
14:36:28,MYOR,RG,1895,11,D,KZ,DX,D
14:36:11,MYOR,RG,1895,2,D,KZ,PD,D
14:35:48,MYOR,RG,1900,10,D,CC,KZ,F
14:35:09,MYOR,RG,1900,214,D,KZ,KZ,F
14:35:09,MYOR,RG,1900,72,D,KZ,KZ,F
14:34:54,MYOR,RG,1900,55,D,KZ,KZ,F
14:34:54,MYOR,RG,1900,6,D,KZ,CS,F
14:34:25,MYOR,RG,1895,2,D,KZ,XC,D
14:34:22,MYOR,RG,1900,7,D,PD,CS,F
14:33:48,MYOR,RG,1895,13,D,KZ,DX,D
14:33:20,MYOR,RG,1895,25,D,KZ,CC,D
14:31:47,MYOR,RG,1900,15,D,DX,CS,F
14:31:47,MYOR,RG,1900,1,F,BK,CS,F
14:31:47,MYOR,RG,1900,100,F,BK,NI,D
14:31:29,MYOR,RG,1900,344,D,CC,CS,F
14:31:26,MYOR,RG,1905,14,D,DX,KZ,F
14:29:42,MYOR,RG,1900,50,D,CC,XL,D
14:29:41,MYOR,RG,1905,527,D,DR,KZ,F
14:29:41,MYOR,RG,1905,194,D,DR,BK,F
14:29:41,MYOR,RG,1905,10,D,DR,PD,D
14:29:41,MYOR,RG,1905,42,D,DR,AK,F
14:29:41,MYOR,RG,1905,1200,D,DR,MI,D
14:29:41,MYOR,RG,1905,4,D,DR,YU,D
14:29:41,MYOR,RG,1905,23,D,DR,AK,F
14:29:37,MYOR,RG,1900,73,D,PD,CS,F
14:29:37,MYOR,RG,1900,23,D,PD,CS,F
14:29:36,MYOR,RG,1900,11,D,PD,XC,D
14:29:36,MYOR,RG,1900,12,D,PD,DX,D
14:29:36,MYOR,RG,1900,10,D,PD,SQ,D
14:29:29,MYOR,RG,1900,13,D,KZ,CS,F
14:29:29,MYOR,RG,1900,1,D,KZ,KZ,F
14:29:29,MYOR,RG,1900,1,D,KZ,PC,D
14:29:29,MYOR,RG,1900,13,D,KZ,KZ,F
14:29:29,MYOR,RG,1900,18,D,KZ,NI,D
14:29:29,MYOR,RG,1900,1,D,KZ,XC,D
14:29:29,MYOR,RG,1900,1,D,KZ,PD,D
14:29:29,MYOR,RG,1900,189,D,KZ,KZ,F
14:29:24,MYOR,RG,1900,50,D,KZ,KZ,F
14:28:53,MYOR,RG,1900,12,D,DX,KZ,F
14:28:10,MYOR,RG,1900,5,D,PD,KZ,F
14:28:10,MYOR,RG,1900,20,D,PD,CS,F
14:27:57,MYOR,RG,1900,1,D,YP,CS,F
14:27:56,MYOR,RG,1900,5,D,EP,CS,F
14:27:56,MYOR,RG,1900,10,D,EP,YP,D
14:27:56,MYOR,RG,1900,5,D,EP,YU,D
14:27:56,MYOR,RG,1900,6,D,EP,DX,D
14:27:17,MYOR,RG,1900,4,D,XL,DX,D
14:27:17,MYOR,RG,1900,1,D,XL,PD,D
14:26:28,MYOR,RG,1900,50,D,CC,PD,D
14:26:22,MYOR,RG,1900,5,D,DX,PD,D
14:26:22,MYOR,RG,1900,7,D,DX,BS,D
14:25:44,MYOR,RG,1900,3,D,KZ,BS,D
14:25:44,MYOR,RG,1900,1,D,KZ,LG,D
14:25:44,MYOR,RG,1900,4,D,KZ,CC,D
14:25:44,MYOR,RG,1900,38,D,KZ,AK,F
14:25:44,MYOR,RG,1900,82,D,KZ,KZ,F
14:25:39,MYOR,RG,1895,10,D,KZ,DX,D
14:25:34,MYOR,RG,1900,28,D,KZ,KZ,F
14:24:27,MYOR,RG,1900,1,D,XC,KZ,F
14:24:14,MYOR,RG,1900,143,D,YP,KZ,F
14:23:51,MYOR,RG,1900,1,D,LS,KZ,F
14:23:51,MYOR,RG,1900,10,D,PD,KZ,F
14:23:51,MYOR,RG,1900,100,D,NI,KZ,F
14:23:51,MYOR,RG,1900,1,D,GR,KZ,F
14:23:51,MYOR,RG,1900,9,D,DX,KZ,F
14:23:44,MYOR,RG,1900,5,D,DX,CS,F
14:23:44,MYOR,RG,1900,5,D,YP,CS,F
14:23:44,MYOR,RG,1900,2,D,YP,CS,F
14:23:44,MYOR,RG,1900,125,D,KZ,CS,F
14:23:05,MYOR,RG,1900,13,F,BK,DX,D
14:22:49,MYOR,RG,1900,125,F,BK,PD,D
14:22:14,MYOR,RG,1900,18,F,BK,NI,D
14:21:41,MYOR,RG,1900,97,F,BK,BK,F
14:21:41,MYOR,RG,1900,27,D,KZ,BK,F
14:21:41,MYOR,RG,1900,70,F,ZP,BK,F
14:21:39,MYOR,RG,1900,52,F,ZP,AK,F
14:21:39,MYOR,RG,1900,109,F,ZP,KZ,F
14:21:39,MYOR,RG,1900,24,F,ZP,AK,F
14:21:39,MYOR,RG,1900,108,F,ZP,CS,F
14:21:39,MYOR,RG,1900,137,F,ZP,KZ,F
14:21:32,MYOR,RG,1900,75,D,CC,KZ,F
14:21:32,MYOR,RG,1900,56,F,BK,KZ,F
14:21:11,MYOR,RG,1900,47,F,BK,KZ,F
14:21:11,MYOR,RG,1900,46,D,CC,KZ,F
14:21:06,MYOR,RG,1900,2,D,CC,KZ,F
14:21:01,MYOR,RG,1900,2,D,CC,KZ,F
14:21:01,MYOR,RG,1900,6,D,DX,KZ,F
14:21:01,MYOR,RG,1900,9,D,DX,KZ,F
14:21:01,MYOR,RG,1900,1,D,KZ,KZ,F
14:20:59,MYOR,RG,1900,120,D,KZ,CS,F
14:20:59,MYOR,RG,1900,26,D,KZ,CS,F
14:20:59,MYOR,RG,1900,20,F,CC,CS,F
14:20:59,MYOR,RG,1900,10,D,PD,CS,F
14:20:59,MYOR,RG,1900,30,D,YP,CS,F
14:20:59,MYOR,RG,1900,9,D,KZ,CS,F
14:20:59,MYOR,RG,1900,120,D,KZ,XC,D
14:20:59,MYOR,RG,1900,3,D,PD,XC,D
14:20:59,MYOR,RG,1900,28,D,KZ,XC,D
14:20:59,MYOR,RG,1900,600,F,ZP,XC,D
14:20:59,MYOR,RG,1900,37,D,KZ,XC,D
14:20:59,MYOR,RG,1900,2,D,KZ,XC,D
14:20:43,MYOR,RG,1900,5,D,KZ,YP,D
14:20:43,MYOR,RG,1900,39,D,KZ,YP,D
14:20:30,MYOR,RG,1900,12,D,KZ,DX,D
14:20:09,MYOR,RG,1900,10,D,KZ,PC,D
14:20:07,MYOR,RG,1905,41,D,CC,KZ,F
14:20:07,MYOR,RG,1905,9,D,CC,KZ,F
14:19:59,MYOR,RG,1905,10,D,CC,KZ,F
14:19:28,MYOR,RG,1905,50,D,DR,KZ,F
14:19:13,MYOR,RG,1905,200,D,PD,KZ,F
14:18:36,MYOR,RG,1900,83,D,KZ,CS,F
14:18:36,MYOR,RG,1900,35,D,KZ,CS,F
14:18:36,MYOR,RG,1900,10,D,XL,CS,F
14:18:36,MYOR,RG,1900,5,D,YP,CS,F
14:18:36,MYOR,RG,1900,15,D,CC,CS,F
14:18:36,MYOR,RG,1900,53,F,AK,CS,F
14:18:36,MYOR,RG,1905,200,D,YP,KZ,F
14:18:36,MYOR,RG,1905,1,D,XC,KZ,F
14:18:36,MYOR,RG,1905,94,F,AK,KZ,F
14:18:36,MYOR,RG,1905,428,D,CC,KZ,F
14:18:36,MYOR,RG,1905,8,D,YP,KZ,F
14:18:34,MYOR,RG,1910,14,D,DX,FS,D
14:17:37,MYOR,RG,1910,1,D,YP,FS,D
14:17:10,MYOR,RG,1910,73,D,GR,FS,D
14:16:46,MYOR,RG,1905,11,D,YP,CS,F
14:16:46,MYOR,RG,1905,11,D,YP,DX,D
14:16:24,MYOR,RG,1905,54,D,XC,CS,F
14:15:53,MYOR,RG,1905,3,D,XC,CS,F
14:15:42,MYOR,RG,1900,1,F,AK,XL,D
14:15:25,MYOR,RG,1905,60,F,AK,CS,F
14:15:25,MYOR,RG,1905,37,F,AK,YP,D
14:15:25,MYOR,RG,1905,13,D,DX,YP,D
14:15:25,MYOR,RG,1905,250,D,CC,YP,D
14:15:19,MYOR,RG,1905,1,D,CC,PD,D
14:15:07,MYOR,RG,1905,1,D,CC,NI,D
14:13:55,MYOR,RG,1905,173,D,CC,BK,F
14:13:55,MYOR,RG,1905,97,F,AK,BK,F
14:13:55,MYOR,RG,1905,13,D,KZ,BK,F
14:13:48,MYOR,RG,1905,1,D,KZ,XC,D
14:13:38,MYOR,RG,1905,143,D,KZ,CS,F
14:13:38,MYOR,RG,1905,20,D,KZ,YU,D
14:13:38,MYOR,RG,1905,10,D,KZ,DX,D
14:13:38,MYOR,RG,1905,25,D,KZ,AK,F
14:13:38,MYOR,RG,1905,8,D,KZ,XC,D
14:13:38,MYOR,RG,1905,5,D,KZ,XC,D
14:13:38,MYOR,RG,1905,27,D,KZ,AK,F
14:13:38,MYOR,RG,1905,13,D,KZ,YU,D
14:13:38,MYOR,RG,1905,50,D,KZ,YU,D
14:13:38,MYOR,RG,1905,10,D,KZ,PD,D
14:13:38,MYOR,RG,1905,59,D,KZ,CS,F
14:13:38,MYOR,RG,1905,44,D,KZ,AK,F
14:13:38,MYOR,RG,1905,194,D,KZ,BK,F
14:13:38,MYOR,RG,1905,154,D,KZ,CS,F
14:13:38,MYOR,RG,1905,1,D,KZ,YP,D
14:13:38,MYOR,RG,1905,30,D,KZ,CC,D
14:13:38,MYOR,RG,1905,6,D,KZ,PD,D
14:13:38,MYOR,RG,1905,30,D,KZ,LG,D
14:13:38,MYOR,RG,1905,3,D,KZ,DR,D
14:13:38,MYOR,RG,1905,10,D,KZ,KK,D
14:13:38,MYOR,RG,1905,10,D,KZ,PD,D
14:13:38,MYOR,RG,1905,193,D,KZ,KK,D
14:13:38,MYOR,RG,1905,73,D,KZ,KK,D
14:13:38,MYOR,RG,1905,25,D,KZ,CC,D
14:13:38,MYOR,RG,1905,10,D,KZ,CC,D
14:13:38,MYOR,RG,1905,4,D,KZ,KK,D
14:13:38,MYOR,RG,1905,2,D,KZ,XC,D
14:13:38,MYOR,RG,1905,18,D,KZ,NI,D
14:13:38,MYOR,RG,1905,1,D,KZ,YP,D
14:13:38,MYOR,RG,1905,10,D,KZ,XC,D
14:13:38,MYOR,RG,1905,20,D,KZ,CC,D
14:13:38,MYOR,RG,1905,5,D,KZ,XC,D
14:13:38,MYOR,RG,1905,2,D,KZ,XC,D
14:13:38,MYOR,RG,1905,2,D,KZ,XC,D
14:13:38,MYOR,RG,1905,3,D,KZ,XC,D
14:13:38,MYOR,RG,1905,1,D,KZ,XC,D
14:13:38,MYOR,RG,1905,6,D,KZ,XC,D
14:13:38,MYOR,RG,1905,5,D,KZ,XC,D
14:13:38,MYOR,RG,1905,4,D,KZ,XC,D
14:13:38,MYOR,RG,1905,99,D,KZ,OD,D
14:13:37,MYOR,RG,1905,1,D,EP,OD,D
14:13:37,MYOR,RG,1905,2,D,EP,CC,D
14:13:37,MYOR,RG,1905,3,D,EP,YP,D
14:13:31,MYOR,RG,1905,4,D,DX,YP,D
14:13:31,MYOR,RG,1905,1,D,DX,XC,D
14:13:31,MYOR,RG,1905,1,D,DX,PD,D
14:13:31,MYOR,RG,1905,2,D,DX,PD,D
14:13:31,MYOR,RG,1905,2,D,DX,PD,D
14:13:31,MYOR,RG,1905,2,D,DX,PD,D
14:13:13,MYOR,RG,1905,39,D,CC,PD,D
14:13:13,MYOR,RG,1905,3,D,CC,YU,D
14:12:37,MYOR,RG,1900,30,F,AK,XC,D
14:12:31,MYOR,RG,1900,8,F,AK,DX,D
14:12:31,MYOR,RG,1900,5,D,KZ,DX,D
14:12:30,MYOR,RG,1900,5,D,KZ,KK,D
14:12:25,MYOR,RG,1900,3,D,KZ,XC,D
14:11:58,MYOR,RG,1900,4,D,KZ,AT,D
14:11:46,MYOR,RG,1900,55,D,KZ,XC,D
14:11:27,MYOR,RG,1900,60,D,KZ,GR,D
14:10:57,MYOR,RG,1905,7,D,DX,YU,D
14:10:57,MYOR,RG,1905,1,D,DX,PD,D
14:10:57,MYOR,RG,1905,3,D,DX,EP,D
14:10:57,MYOR,RG,1905,4,D,DX,YU,D
14:10:08,MYOR,RG,1900,18,D,KZ,NI,D
14:10:04,MYOR,RG,1905,17,D,NI,YU,D
14:09:50,MYOR,RG,1900,12,D,KZ,DX,D
14:09:41,MYOR,RG,1905,5,D,CC,YU,D
14:09:32,MYOR,RG,1900,1,D,KZ,XL,D
14:08:52,MYOR,RG,1900,5,D,KZ,XC,D
14:08:21,MYOR,RG,1905,13,D,DX,YU,D
14:08:06,MYOR,RG,1900,1,D,KZ,XL,D
14:07:44,MYOR,RG,1900,2,D,KZ,PD,D
14:07:20,MYOR,RG,1900,10,D,KZ,YU,D
14:07:03,MYOR,RG,1900,10,D,KZ,DX,D
14:06:03,MYOR,RG,1900,2,D,KZ,YP,D
14:05:49,MYOR,RG,1905,11,D,DX,YU,D
14:05:49,MYOR,RG,1905,1,D,DX,YP,D
14:05:25,MYOR,RG,1900,9,D,KZ,YP,D
14:05:10,MYOR,RG,1900,7,D,KZ,XC,D
14:04:41,MYOR,RG,1900,1,D,KZ,XC,D
14:04:32,MYOR,RG,1900,20,D,KZ,AK,F
14:04:32,MYOR,RG,1900,3,D,KZ,AG,D
14:04:32,MYOR,RG,1900,4,D,KZ,XC,D
14:04:32,MYOR,RG,1900,1,D,KZ,DR,D
14:04:32,MYOR,RG,1900,54,D,KZ,NI,D
14:04:32,MYOR,RG,1900,1,D,KZ,XC,D
14:04:32,MYOR,RG,1900,5,D,KZ,YP,D
14:04:32,MYOR,RG,1900,20,D,KZ,AK,F
14:04:32,MYOR,RG,1900,1,D,KZ,XC,D
14:04:32,MYOR,RG,1900,200,D,KZ,SQ,D
14:04:32,MYOR,RG,1900,150,D,KZ,DR,D
14:04:32,MYOR,RG,1900,115,D,KZ,AK,F
14:04:32,MYOR,RG,1900,19,D,KZ,AK,F
14:04:32,MYOR,RG,1900,75,D,KZ,CS,F
14:04:32,MYOR,RG,1900,21,D,KZ,AK,F
14:04:32,MYOR,RG,1900,100,D,KZ,CS,F
14:04:23,MYOR,RG,1900,159,F,AK,CS,F
14:04:23,MYOR,RG,1900,18,F,AK,NI,D
14:04:23,MYOR,RG,1900,8,F,AK,KK,D
14:04:23,MYOR,RG,1900,1,D,XL,KK,D
14:04:19,MYOR,RG,1895,12,D,KZ,DX,D
14:02:05,MYOR,RG,1895,6,D,KZ,XL,D
14:01:44,MYOR,RG,1895,19,D,KZ,BK,F
14:01:44,MYOR,RG,1895,118,D,KZ,BK,F
14:01:44,MYOR,RG,1895,2,D,AT,BK,F
14:01:44,MYOR,RG,1895,49,F,CC,BK,F
14:01:44,MYOR,RG,1895,1,D,YP,BK,F
14:01:44,MYOR,RG,1895,13,D,DX,BK,F
14:01:44,MYOR,RG,1895,15,D,XC,BK,F
14:01:44,MYOR,RG,1895,25,D,KZ,BK,F
14:01:39,MYOR,RG,1895,10,D,KZ,DX,D
14:00:42,MYOR,RG,1900,14,D,DX,KZ,F
14:00:26,MYOR,RG,1895,107,D,KZ,XC,D
14:00:17,MYOR,RG,1895,18,D,KZ,NI,D
14:00:06,MYOR,RG,1895,10,D,KZ,XC,D
13:59:44,MYOR,RG,1895,16,D,KZ,XC,D
13:59:44,MYOR,RG,1895,39,D,KZ,XC,D
13:59:14,MYOR,RG,1895,5,D,KZ,XL,D
13:59:05,MYOR,RG,1895,3,D,KZ,DX,D
13:59:05,MYOR,RG,1895,2,D,XL,DX,D
13:59:05,MYOR,RG,1895,7,D,YP,DX,D
13:59:04,MYOR,RG,1895,18,D,YP,NI,D
13:58:34,MYOR,RG,1895,2,D,YP,KZ,F
13:58:32,MYOR,RG,1895,23,D,YP,KZ,F
13:58:32,MYOR,RG,1895,230,D,KZ,KZ,F
13:58:32,MYOR,RG,1895,60,D,KZ,KZ,F
13:58:32,MYOR,RG,1895,392,D,CC,KZ,F
13:58:32,MYOR,RG,1895,93,F,AK,KZ,F
13:58:32,MYOR,RG,1895,202,D,KZ,KZ,F
13:58:13,MYOR,RG,1900,6,D,CC,KZ,F
13:58:04,MYOR,RG,1900,4,D,DX,KZ,F
13:58:04,MYOR,RG,1900,1,D,DX,XC,D
13:58:04,MYOR,RG,1900,8,D,DX,KZ,F
13:58:04,MYOR,RG,1900,1,D,DX,KK,F
13:56:48,MYOR,RG,1900,2,D,SQ,KK,F
13:56:48,MYOR,RG,1900,8,D,SQ,CC,D
13:56:29,MYOR,RG,1895,12,D,KZ,DX,D
13:55:33,MYOR,RG,1900,9,D,PD,CC,D
13:55:27,MYOR,RG,1900,8,D,YP,CC,D
13:55:27,MYOR,RG,1900,2,D,YP,NI,D
13:55:26,MYOR,RG,1895,51,D,KZ,KZ,F
13:55:24,MYOR,RG,1900,13,D,DX,NI,D
13:55:24,MYOR,RG,1900,3,F,AK,NI,D
13:55:24,MYOR,RG,1900,25,F,AK,AK,F
13:55:24,MYOR,RG,1900,10,F,AK,YU,D
13:55:24,MYOR,RG,1900,110,F,AK,CS,F
13:55:24,MYOR,RG,1900,10,F,AK,PD,D
13:55:24,MYOR,RG,1900,9,F,AK,YU,D
13:54:29,MYOR,RG,1900,1,D,XL,YU,D
13:54:25,MYOR,RG,1900,3,D,CC,YU,D
13:54:25,MYOR,RG,1900,7,D,CC,DX,F
13:53:28,MYOR,RG,1900,24,D,PD,DX,F
13:53:28,MYOR,RG,1900,10,D,PD,YU,D
13:53:28,MYOR,RG,1900,1,D,PD,KK,D
13:53:28,MYOR,RG,1900,10,D,PD,XC,D
13:53:28,MYOR,RG,1900,7,D,PD,AK,F
13:53:07,MYOR,RG,1895,1,D,KZ,XL,D
13:53:05,MYOR,RG,1900,1,D,XL,AK,F
13:52:50,MYOR,RG,1900,12,D,DX,AK,F
13:52:50,MYOR,RG,1900,1,D,DX,AK,F
13:52:13,MYOR,RG,1895,50,D,KZ,CC,D
13:52:13,MYOR,RG,1895,11,D,KZ,DX,D
13:52:13,MYOR,RG,1895,28,D,KZ,AK,F
13:52:13,MYOR,RG,1895,76,D,KZ,KZ,F
13:52:13,MYOR,RG,1895,118,D,KZ,KZ,F
13:52:03,MYOR,RG,1895,100,D,DR,KZ,F
13:51:03,MYOR,RG,1890,10,D,KZ,DX,D
13:50:34,MYOR,RG,1895,93,F,AK,KZ,F
13:50:33,MYOR,RG,1895,341,D,KZ,KZ,F
13:50:33,MYOR,RG,1895,89,D,KZ,KZ,F
13:50:33,MYOR,RG,1895,90,F,AK,KZ,F
13:50:33,MYOR,RG,1895,93,D,KZ,KZ,F
13:50:15,MYOR,RG,1895,2,D,KZ,PD,D
13:49:52,MYOR,RG,1895,258,D,KZ,BK,F
13:49:52,MYOR,RG,1895,29,D,KZ,BK,F
13:49:52,MYOR,RG,1895,18,D,KZ,NI,D
13:49:52,MYOR,RG,1895,49,D,KZ,KZ,F
13:49:51,MYOR,RG,1895,10,D,CC,KZ,F
13:49:29,MYOR,RG,1895,90,F,AK,KZ,F
13:49:29,MYOR,RG,1895,14,D,DX,KZ,F
13:49:29,MYOR,RG,1895,10,D,XC,KZ,F
13:49:29,MYOR,RG,1895,11,D,BQ,KZ,F
13:49:29,MYOR,RG,1895,18,D,YB,KZ,F
13:49:29,MYOR,RG,1895,5,D,XC,KZ,F
13:49:29,MYOR,RG,1895,3,D,XC,KZ,F
13:49:29,MYOR,RG,1895,5,D,CC,KZ,F
13:49:29,MYOR,RG,1895,10,D,CC,KZ,F
13:49:29,MYOR,RG,1895,10,D,XC,KZ,F
13:49:29,MYOR,RG,1895,40,D,XL,KZ,F
13:49:29,MYOR,RG,1895,234,D,KZ,KZ,F
13:49:29,MYOR,RG,1895,61,D,KZ,KZ,F
13:49:29,MYOR,RG,1895,1,D,XC,KZ,F
13:49:29,MYOR,RG,1895,89,F,AK,KZ,F
13:49:29,MYOR,RG,1895,340,D,KZ,KZ,F
13:49:08,MYOR,RG,1900,10,D,CC,AK,F
13:48:40,MYOR,RG,1900,10,D,CC,AK,F
13:48:15,MYOR,RG,1900,5,D,KZ,AK,F
13:48:15,MYOR,RG,1900,5,D,KZ,KZ,F
13:48:15,MYOR,RG,1900,13,D,KZ,YP,D
13:48:15,MYOR,RG,1900,2,D,KZ,DR,D
13:48:15,MYOR,RG,1900,20,D,KZ,KZ,F
13:48:15,MYOR,RG,1900,13,D,KZ,PD,D
13:48:15,MYOR,RG,1900,25,D,KZ,YP,D
13:48:15,MYOR,RG,1900,8,D,KZ,KZ,F
13:48:15,MYOR,RG,1900,15,D,KZ,KZ,F
13:48:15,MYOR,RG,1900,11,D,KZ,DX,D
13:48:15,MYOR,RG,1900,24,D,KZ,AK,F
13:48:15,MYOR,RG,1900,52,D,KZ,KZ,F
13:48:15,MYOR,RG,1900,44,D,KZ,CS,F
13:48:15,MYOR,RG,1900,82,D,KZ,CS,F
13:48:15,MYOR,RG,1900,18,D,KZ,NI,D
13:48:15,MYOR,RG,1900,25,D,KZ,AK,F
13:48:15,MYOR,RG,1900,30,D,KZ,KZ,F
13:48:15,MYOR,RG,1900,31,D,KZ,KZ,F
13:48:15,MYOR,RG,1900,20,D,KZ,CC,D
13:48:15,MYOR,RG,1900,20,D,KZ,XA,D
13:48:15,MYOR,RG,1900,1,D,KZ,YP,D
13:48:15,MYOR,RG,1900,12,D,KZ,KZ,F
13:48:15,MYOR,RG,1900,23,D,KZ,YP,D
13:47:27,MYOR,RG,1895,18,D,KZ,NI,D
13:46:13,MYOR,RG,1895,34,D,KZ,YP,D
13:46:13,MYOR,RG,1895,86,D,KZ,YP,D
13:45:36,MYOR,RG,1895,21,D,KZ,KZ,F
13:45:34,MYOR,RG,1895,89,F,AK,KZ,F
13:45:34,MYOR,RG,1895,14,D,DX,KZ,F
13:45:34,MYOR,RG,1895,64,F,ZP,KZ,F
13:45:26,MYOR,RG,1895,236,F,ZP,DR,D
13:45:26,MYOR,RG,1895,2,D,YP,DR,D
13:45:26,MYOR,RG,1895,1,D,YP,DR,D
13:45:26,MYOR,RG,1895,7,D,AT,DR,D
13:45:26,MYOR,RG,1895,1,D,CC,DR,D
13:45:26,MYOR,RG,1895,2,D,XC,DR,D
13:45:26,MYOR,RG,1895,10,D,YB,DR,D
13:45:26,MYOR,RG,1895,200,D,YP,DR,D
13:45:26,MYOR,RG,1895,92,F,AK,DR,D
13:45:26,MYOR,RG,1895,200,D,YP,DR,D
13:45:26,MYOR,RG,1895,249,D,KZ,DR,D
13:44:31,MYOR,RG,1900,9,D,DX,CS,F
13:44:21,MYOR,RG,1900,3,D,DX,KZ,F
13:44:21,MYOR,RG,1900,13,D,KZ,KZ,F
13:44:21,MYOR,RG,1900,65,D,KZ,AK,F
13:44:21,MYOR,RG,1900,7,D,KZ,KZ,F
13:44:21,MYOR,RG,1900,85,D,KZ,CS,F
13:43:54,MYOR,RG,1900,13,D,KZ,DX,D
13:43:54,MYOR,RG,1900,7,D,KZ,KZ,F
13:43:54,MYOR,RG,1900,6,D,KZ,KZ,F
13:43:54,MYOR,RG,1900,1,D,KZ,KZ,F
13:43:54,MYOR,RG,1900,8,D,KZ,KZ,F
13:43:54,MYOR,RG,1900,9,D,KZ,KZ,F
13:43:54,MYOR,RG,1900,18,D,KZ,CS,F
13:43:54,MYOR,RG,1900,17,D,KZ,NI,D
13:43:00,MYOR,RG,1900,1,D,PD,NI,D
13:42:42,MYOR,RG,1900,1,D,KK,CS,F
13:42:41,MYOR,RG,1905,13,D,DX,KZ,F
13:42:36,MYOR,RG,1900,40,F,AK,KZ,F
13:42:36,MYOR,RG,1900,28,D,KZ,AK,F
13:42:36,MYOR,RG,1900,146,D,KZ,CS,F
13:42:36,MYOR,RG,1900,3,D,KZ,KZ,F
13:42:36,MYOR,RG,1900,10,D,KZ,PD,D
13:42:17,MYOR,RG,1900,25,D,ZP,CS,F
13:42:12,MYOR,RG,1900,4,D,KZ,CS,F
13:42:11,MYOR,RG,1900,22,D,KZ,CS,F
13:42:11,MYOR,RG,1900,10,D,KZ,CC,D
13:42:11,MYOR,RG,1900,6,D,KZ,KZ,F
13:42:11,MYOR,RG,1900,5,D,KZ,KZ,F
13:42:11,MYOR,RG,1900,1,D,KZ,PD,D
13:42:06,MYOR,RG,1900,14,D,CC,PD,D
13:42:06,MYOR,RG,1900,1,D,CC,KZ,F
13:41:55,MYOR,RG,1900,2,D,XL,KZ,F
13:41:55,MYOR,RG,1900,8,D,XL,DX,D
13:41:44,MYOR,RG,1900,3,D,YB,DX,D
13:41:44,MYOR,RG,1900,18,D,YB,CS,F
13:41:44,MYOR,RG,1900,9,D,YB,KZ,F
13:41:44,MYOR,RG,1900,4,D,YB,KZ,F
13:41:44,MYOR,RG,1900,1,D,YB,KZ,F
13:41:44,MYOR,RG,1900,1,D,YB,KZ,F
13:41:19,MYOR,RG,1900,3,D,XL,KZ,F
13:41:19,MYOR,RG,1900,2,D,XL,NI,D
13:41:01,MYOR,RG,1900,7,D,XL,NI,D
13:40:44,MYOR,RG,1900,1,D,SQ,NI,D
13:40:43,MYOR,RG,1895,1,D,KZ,XA,D
13:40:43,MYOR,RG,1895,4,D,KZ,XA,D
13:40:36,MYOR,RG,1900,6,D,PD,NI,D
13:40:33,MYOR,RG,1900,2,D,SQ,NI,D
13:40:20,MYOR,RG,1895,15,D,KZ,XC,D
13:40:13,MYOR,RG,1900,5,D,KK,CS,F
13:40:04,MYOR,RG,1895,100,D,KZ,LG,D
13:39:50,MYOR,RG,1900,20,D,XC,CS,F
13:39:18,MYOR,RG,1900,22,D,XC,CS,F
13:39:18,MYOR,RG,1900,3,D,XC,KZ,F
13:39:18,MYOR,RG,1900,2,D,XC,FS,D
13:38:54,MYOR,RG,1900,5,D,YP,FS,D
13:38:35,MYOR,RG,1900,10,D,YB,FS,D
13:38:35,MYOR,RG,1900,83,D,KZ,FS,D
13:38:30,MYOR,RG,1900,2,D,KZ,NI,D
13:38:25,MYOR,RG,1900,45,D,KZ,CS,F
13:38:16,MYOR,RG,1900,6,D,KZ,KZ,F
13:38:16,MYOR,RG,1900,25,D,KZ,NI,D
13:38:14,MYOR,RG,1900,2,D,YP,NI,D
13:38:11,MYOR,RG,1900,27,D,KZ,CS,F
13:38:11,MYOR,RG,1900,11,D,KZ,DX,D
13:38:11,MYOR,RG,1900,4,D,KZ,KZ,F
13:37:52,MYOR,RG,1900,15,D,DX,AK,F
13:37:52,MYOR,RG,1900,5,D,CC,AK,F
13:37:52,MYOR,RG,1905,8,D,XL,KZ,F
13:37:43,MYOR,RG,1900,4,D,CC,CS,F
13:37:42,MYOR,RG,1900,19,D,CC,CS,F
13:37:34,MYOR,RG,1900,8,D,CC,CS,F
13:37:29,MYOR,RG,1900,2,D,KZ,CS,F
13:37:28,MYOR,RG,1900,7,D,KZ,CS,F
13:37:28,MYOR,RG,1900,10,D,KZ,YU,D
13:37:25,MYOR,RG,1900,6,D,KZ,CS,F
13:37:25,MYOR,RG,1900,5,D,KZ,PD,D
13:37:22,MYOR,RG,1900,24,D,KZ,CS,F
13:37:13,MYOR,RG,1900,1,D,KZ,AK,F
13:37:13,MYOR,RG,1900,1,D,KZ,AK,F
13:37:13,MYOR,RG,1900,2,D,KZ,AK,F
13:37:12,MYOR,RG,1900,4,D,KZ,AK,F
13:37:12,MYOR,RG,1900,12,D,KZ,CS,F
13:37:12,MYOR,RG,1900,92,D,KZ,KZ,F
13:37:12,MYOR,RG,1900,226,D,KZ,BK,F
13:37:12,MYOR,RG,1900,99,D,KZ,BK,F
13:37:12,MYOR,RG,1900,4,D,KZ,CS,F
13:37:12,MYOR,RG,1900,4,D,KZ,CC,D
13:37:00,MYOR,RG,1900,2,D,PD,CS,F
13:36:57,MYOR,RG,1900,14,D,DX,AK,F
13:36:57,MYOR,RG,1900,19,D,YP,AK,F
13:36:57,MYOR,RG,1900,8,D,YP,AK,F
13:36:57,MYOR,RG,1900,51,D,YP,CS,F
13:36:57,MYOR,RG,1900,7,D,YP,KZ,F
13:36:57,MYOR,RG,1900,10,D,YP,YU,D
13:36:57,MYOR,RG,1900,105,D,YP,KZ,F
13:36:46,MYOR,RG,1895,17,D,KZ,AK,F
13:36:46,MYOR,RG,1895,49,D,KZ,KZ,F
13:36:46,MYOR,RG,1895,4,D,KZ,NI,D
13:36:46,MYOR,RG,1895,10,D,KZ,YU,D
13:36:46,MYOR,RG,1895,1,D,KZ,KZ,F
13:36:46,MYOR,RG,1895,12,D,KZ,DX,D
13:36:46,MYOR,RG,1895,1,D,KZ,KZ,F
13:36:46,MYOR,RG,1895,18,D,KZ,NI,D
13:36:46,MYOR,RG,1895,18,D,KZ,BK,F
13:36:30,MYOR,RG,1895,177,D,YP,BK,F
13:36:30,MYOR,RG,1895,4,D,YP,KZ,F
13:36:30,MYOR,RG,1895,19,D,YP,AK,F
13:36:06,MYOR,RG,1890,3,D,KZ,CC,D
13:35:13,MYOR,RG,1890,5,D,KZ,XL,D
13:34:44,MYOR,RG,1890,22,F,ZP,AK,F
13:34:44,MYOR,RG,1890,18,F,ZP,AK,F
13:34:44,MYOR,RG,1890,1,F,ZP,KZ,F
13:34:44,MYOR,RG,1890,21,F,ZP,AK,F
13:34:44,MYOR,RG,1890,538,F,ZP,KZ,F
13:34:42,MYOR,RG,1890,55,D,YB,KZ,F
13:34:40,MYOR,RG,1890,39,D,CC,KZ,F
13:34:40,MYOR,RG,1890,1,D,CC,KZ,F
13:34:40,MYOR,RG,1890,17,D,CC,KZ,F
13:34:32,MYOR,RG,1890,10,D,PD,KZ,F
13:34:32,MYOR,RG,1890,14,D,PD,KZ,F
13:34:32,MYOR,RG,1890,1,D,PD,KZ,F
13:34:32,MYOR,RG,1890,43,D,PD,KZ,F
13:34:32,MYOR,RG,1890,1,D,PD,DX,D
13:34:10,MYOR,RG,1890,11,D,CC,DX,D
13:34:08,MYOR,RG,1890,191,D,CC,AK,F
13:34:06,MYOR,RG,1890,208,D,CC,YP,D
13:34:06,MYOR,RG,1890,50,D,XL,YP,D
13:34:06,MYOR,RG,1890,1,D,XL,YP,D
13:34:06,MYOR,RG,1890,200,D,YP,YP,D
13:34:06,MYOR,RG,1890,10,D,OD,YP,D
13:34:06,MYOR,RG,1890,400,F,ZP,YP,D
13:34:06,MYOR,RG,1890,10,D,YB,YP,D
13:34:06,MYOR,RG,1890,6,D,PD,YP,D
13:34:06,MYOR,RG,1890,105,D,YB,YP,D
13:34:06,MYOR,RG,1890,1,D,KK,YP,D
13:34:06,MYOR,RG,1890,10,D,CC,YP,D
13:34:06,MYOR,RG,1890,500,D,PD,YP,D
13:34:06,MYOR,RG,1890,1,D,KZ,YP,D
13:34:06,MYOR,RG,1890,6,D,KZ,YP,D
13:34:06,MYOR,RG,1890,392,D,KZ,YP,D
13:34:06,MYOR,RG,1890,107,D,KZ,YP,D
13:34:06,MYOR,RG,1890,5,D,XL,YP,D
13:34:06,MYOR,RG,1890,5,D,YU,YP,D
13:34:06,MYOR,RG,1890,10,D,SQ,YP,D
13:34:06,MYOR,RG,1890,20,D,XA,YP,D
13:34:06,MYOR,RG,1890,20,D,GR,YP,D
13:34:06,MYOR,RG,1895,198,D,KZ,YP,D
13:34:06,MYOR,RG,1895,53,D,KZ,YP,D
13:34:06,MYOR,RG,1895,9,D,KZ,YP,D
13:34:06,MYOR,RG,1895,4,D,KZ,YP,D
13:34:06,MYOR,RG,1895,33,D,KZ,YP,D
13:34:06,MYOR,RG,1895,21,D,KZ,YP,D
13:34:06,MYOR,RG,1895,1,D,XL,YP,D
13:34:06,MYOR,RG,1895,200,D,YP,YP,D
13:34:06,MYOR,RG,1895,111,D,YP,YP,D
13:34:06,MYOR,RG,1895,20,D,XL,YP,D
13:34:06,MYOR,RG,1895,2,D,XC,YP,D
13:34:06,MYOR,RG,1895,2,D,XC,YP,D
13:34:06,MYOR,RG,1895,7,D,YP,YP,D
13:34:06,MYOR,RG,1895,20,D,XA,YP,D
13:34:06,MYOR,RG,1895,100,D,YP,YP,D
13:34:06,MYOR,RG,1895,3,D,XC,YP,D
13:34:06,MYOR,RG,1895,1,D,NI,YP,D
13:33:59,MYOR,RG,1900,10,D,GR,YP,D
13:33:59,MYOR,RG,1900,14,D,DX,YP,D
13:33:59,MYOR,RG,1900,25,D,XC,YP,D
13:33:59,MYOR,RG,1900,99,D,NI,YP,D
13:33:51,MYOR,RG,1900,6,D,NI,KZ,F
13:33:51,MYOR,RG,1900,20,D,NI,KK,D
13:33:47,MYOR,RG,1900,8,D,NI,KZ,F
13:33:45,MYOR,RG,1900,1,D,NI,AK,F
13:33:45,MYOR,RG,1900,29,D,NI,AK,F
13:33:45,MYOR,RG,1900,11,D,NI,KZ,F
13:33:45,MYOR,RG,1900,41,D,NI,CS,F
13:33:39,MYOR,RG,1900,1,D,NI,KZ,F
13:33:39,MYOR,RG,1900,1,D,NI,PD,D
13:33:25,MYOR,RG,1900,15,D,NI,KZ,F
13:33:25,MYOR,RG,1900,56,D,NI,CS,F
13:33:06,MYOR,RG,1900,10,D,NI,KZ,F
13:33:05,MYOR,RG,1900,1,D,NI,YP,D
13:33:04,MYOR,RG,1900,36,D,NI,AK,F
13:33:04,MYOR,RG,1900,13,D,NI,KZ,F
13:33:00,MYOR,RG,1900,36,D,NI,KZ,F
13:32:59,MYOR,RG,1900,17,D,NI,KZ,F
13:32:58,MYOR,RG,1900,28,D,NI,AK,F
13:32:58,MYOR,RG,1900,13,D,NI,AK,F
13:32:58,MYOR,RG,1900,90,D,NI,CS,F
13:32:58,MYOR,RG,1900,93,D,NI,KZ,F
13:32:58,MYOR,RG,1900,375,D,NI,SQ,D
13:32:58,MYOR,RG,1900,2,D,XC,SQ,D
13:32:18,MYOR,RG,1905,2,D,DX,KZ,F
13:32:18,MYOR,RG,1905,10,D,DX,KZ,F
13:32:15,MYOR,RG,1900,39,D,CC,CS,F
13:32:15,MYOR,RG,1900,4,D,KZ,CS,F
13:32:15,MYOR,RG,1900,19,D,KZ,CS,F
13:32:15,MYOR,RG,1900,48,D,KZ,CS,F
13:31:29,MYOR,RG,1900,3,D,KZ,KZ,F
13:31:29,MYOR,RG,1900,2,D,KZ,NI,D
13:31:29,MYOR,RG,1900,16,D,KZ,NI,D
13:31:23,MYOR,RG,1900,5,D,KZ,KZ,F
13:31:22,MYOR,RG,1900,21,D,KZ,CS,F
13:31:15,MYOR,RG,1900,4,D,KZ,KZ,F
13:31:15,MYOR,RG,1900,18,D,KZ,NI,D
13:31:13,MYOR,RG,1900,1,D,KZ,KZ,F
13:31:13,MYOR,RG,1900,6,D,KZ,AK,F
13:31:13,MYOR,RG,1900,3,D,KZ,AK,F
13:31:13,MYOR,RG,1900,4,D,KZ,KZ,F
13:31:13,MYOR,RG,1900,1,D,KZ,KZ,F
13:31:13,MYOR,RG,1900,23,D,KZ,CS,F
13:31:05,MYOR,RG,1900,5,D,KZ,KZ,F
13:31:04,MYOR,RG,1900,1,D,KZ,AK,F
13:31:04,MYOR,RG,1900,4,D,KZ,AK,F
13:31:04,MYOR,RG,1900,3,D,KZ,AK,F
13:31:03,MYOR,RG,1900,3,D,KZ,KZ,F
13:31:03,MYOR,RG,1900,1,D,KZ,CS,F
13:31:03,MYOR,RG,1900,8,D,KZ,CS,F
13:31:03,MYOR,RG,1900,2,D,XL,CS,F
13:31:03,MYOR,RG,1900,1,D,XL,CS,F
13:31:03,MYOR,RG,1900,10,D,XL,CS,F
13:31:02,MYOR,RG,1900,2,D,XL,XC,D
13:31:01,MYOR,RG,1900,6,D,XL,XL,D
13:31:01,MYOR,RG,1900,2,D,XL,XL,D
13:30:54,MYOR,RG,1900,6,D,XL,KZ,F
13:30:54,MYOR,RG,1900,18,D,YP,KZ,F
13:30:54,MYOR,RG,1900,7,D,YP,KZ,F
13:30:53,MYOR,RG,1900,23,D,YP,CS,F
13:30:49,MYOR,RG,1900,3,D,YP,KZ,F
13:30:49,MYOR,RG,1900,7,D,YP,KZ,F
13:30:46,MYOR,RG,1900,5,D,YP,KZ,F
13:30:45,MYOR,RG,1900,20,D,YP,AK,F
13:30:44,MYOR,RG,1900,5,D,YP,KZ,F
13:30:44,MYOR,RG,1900,4,D,YP,KZ,F
13:30:44,MYOR,RG,1900,5,D,YP,KZ,F
13:30:43,MYOR,RG,1900,1,D,YP,CS,F
13:30:43,MYOR,RG,1900,6,D,YP,KZ,F
13:30:43,MYOR,RG,1900,22,D,YP,CS,F
13:30:33,MYOR,RG,1900,17,D,YP,CS,F
13:30:26,MYOR,RG,1900,13,D,YP,CS,F
13:30:21,MYOR,RG,1900,18,D,YP,NI,D
13:30:11,MYOR,RG,1900,1,D,YP,XL,D
13:30:08,MYOR,RG,1900,1,D,YP,AK,F
13:30:08,MYOR,RG,1900,7,D,YP,AK,F
13:30:08,MYOR,RG,1900,4,D,YP,XL,D
13:30:08,MYOR,RG,1900,13,D,YP,XL,D
13:30:07,MYOR,RG,1900,2,D,XL,XL,D
13:30:07,MYOR,RG,1900,2,D,XC,XL,D
13:30:07,MYOR,RG,1900,2,D,XL,XL,D
13:30:07,MYOR,RG,1900,10,D,CC,XL,D
13:30:05,MYOR,RG,1900,48,D,CC,AK,F
13:30:04,MYOR,RG,1900,2,D,CC,KZ,F
13:30:04,MYOR,RG,1900,5,D,XC,KZ,F
13:30:04,MYOR,RG,1900,6,D,XC,KZ,F
13:30:04,MYOR,RG,1900,12,D,XC,KZ,F
13:30:04,MYOR,RG,1900,20,D,XC,KK,D
13:30:04,MYOR,RG,1900,1,D,XC,XL,D
13:30:04,MYOR,RG,1900,12,D,XC,YU,D
13:30:04,MYOR,RG,1900,1,D,XC,XC,D
13:30:04,MYOR,RG,1900,4,D,XC,DX,D
13:30:03,MYOR,RG,1895,2,D,KZ,XL,D
13:30:03,MYOR,RG,1900,1,D,DR,DX,D
13:30:03,MYOR,RG,1900,5,D,XC,DX,D
13:30:03,MYOR,RG,1900,15,D,XC,YU,D
13:30:03,MYOR,RG,1900,1,D,XC,PD,D
13:30:03,MYOR,RG,1900,1,D,XC,YU,D
13:30:03,MYOR,RG,1900,4,D,XC,DX,D
13:30:02,MYOR,RG,1900,3,D,YB,DX,D
13:30:01,MYOR,RG,1900,2,D,PD,DX,D
13:30:01,MYOR,RG,1900,1,D,PD,DX,D
13:30:01,MYOR,RG,1900,2,D,HP,DX,D
11:29:31,MYOR,RG,1905,118,D,KZ,KZ,F
11:29:31,MYOR,RG,1905,8,D,KZ,KZ,F
11:29:31,MYOR,RG,1905,5,D,KZ,YU,D
11:29:31,MYOR,RG,1905,28,D,KZ,DX,F
11:29:31,MYOR,RG,1905,100,D,KZ,KK,D
11:29:31,MYOR,RG,1905,6,D,KZ,YP,D
11:29:31,MYOR,RG,1905,3,D,KZ,DR,D
11:29:31,MYOR,RG,1905,50,D,KZ,YU,D
11:29:31,MYOR,RG,1905,3,D,KZ,PD,D
11:29:31,MYOR,RG,1905,5,D,KZ,YP,D
11:29:31,MYOR,RG,1905,20,D,KZ,XA,D
11:29:31,MYOR,RG,1905,18,D,KZ,NI,D
11:29:31,MYOR,RG,1905,2,D,KZ,PD,D
11:29:31,MYOR,RG,1905,6,D,KZ,NI,D
11:29:31,MYOR,RG,1905,7,D,KZ,CC,D
11:29:31,MYOR,RG,1905,11,D,KZ,XC,D
11:29:31,MYOR,RG,1905,7,D,KZ,YP,D
11:29:31,MYOR,RG,1905,3,D,KZ,YP,D
11:29:31,MYOR,RG,1905,2,D,KZ,YP,D
11:29:31,MYOR,RG,1905,50,D,KZ,XA,D
11:29:31,MYOR,RG,1905,60,D,KZ,XA,D
11:29:31,MYOR,RG,1905,1,D,KZ,YP,D
11:29:31,MYOR,RG,1905,10,D,KZ,XC,D
11:29:31,MYOR,RG,1905,100,D,KZ,YP,D
11:29:31,MYOR,RG,1905,1,D,KZ,SQ,D
11:29:31,MYOR,RG,1900,57,D,KZ,KZ,F
11:29:31,MYOR,RG,1900,1,D,KZ,AK,F
11:29:31,MYOR,RG,1900,1,D,KZ,AK,F
11:29:31,MYOR,RG,1900,6,D,KZ,KZ,F
11:29:31,MYOR,RG,1900,134,D,KZ,CS,F
11:29:31,MYOR,RG,1900,46,D,KZ,CS,F
11:29:31,MYOR,RG,1900,180,D,KZ,YP,D
11:29:27,MYOR,RG,1900,20,D,CC,YP,D
11:29:23,MYOR,RG,1900,14,D,CC,KZ,F
11:29:18,MYOR,RG,1900,32,D,CC,KZ,F
11:29:18,MYOR,RG,1900,84,F,AK,AK,F
11:29:17,MYOR,RG,1900,80,F,AK,AK,F
11:29:17,MYOR,RG,1900,4,F,AK,KZ,F
11:29:17,MYOR,RG,1900,15,D,DX,AK,F
11:28:57,MYOR,RG,1895,128,D,KZ,BK,F
11:28:57,MYOR,RG,1895,66,D,KZ,BK,F
11:28:57,MYOR,RG,1900,3,D,XC,AK,F
11:28:57,MYOR,RG,1900,13,D,KZ,AK,F
11:28:57,MYOR,RG,1900,1,D,KZ,KK,D
11:28:42,MYOR,RG,1900,2,D,KZ,XC,D
11:28:34,MYOR,RG,1900,80,D,KZ,AK,F
11:28:34,MYOR,RG,1900,2,D,KZ,AK,F
11:28:34,MYOR,RG,1900,2,D,KZ,AK,F
11:28:34,MYOR,RG,1900,43,D,KZ,CS,F
11:28:34,MYOR,RG,1900,206,D,KZ,CS,F
11:28:34,MYOR,RG,1900,239,D,KZ,AZ,D
11:28:34,MYOR,RG,1900,161,D,KZ,AZ,D
11:28:18,MYOR,RG,1900,42,F,AK,CS,F
11:28:18,MYOR,RG,1900,2,F,AK,AK,F
11:28:18,MYOR,RG,1900,36,F,AK,AK,F
11:28:18,MYOR,RG,1900,38,D,XC,CS,F
11:27:47,MYOR,RG,1900,7,F,AK,AK,F
11:27:47,MYOR,RG,1900,83,F,AK,CS,F
11:27:47,MYOR,RG,1905,4,D,DX,SQ,D
11:27:47,MYOR,RG,1905,5,D,DX,PD,D
11:27:47,MYOR,RG,1900,2,D,DX,CS,F
11:27:47,MYOR,RG,1900,1,D,DX,PD,D
11:27:47,MYOR,RG,1900,1,D,DX,XC,D
11:26:45,MYOR,RG,1900,10,D,XC,YU,D
11:26:31,MYOR,RG,1900,4,D,YP,CS,F
11:26:31,MYOR,RG,1900,4,D,YP,AK,F
11:26:31,MYOR,RG,1900,2,D,YP,DX,D
11:26:26,MYOR,RG,1900,10,D,YP,DX,D
11:26:14,MYOR,RG,1900,20,F,AK,OD,D
11:26:14,MYOR,RG,1900,3,F,AK,KZ,F
11:26:14,MYOR,RG,1900,10,F,AK,XL,D
11:26:14,MYOR,RG,1900,2,F,AK,KZ,F
11:26:14,MYOR,RG,1900,1,F,AK,XC,D
11:26:14,MYOR,RG,1900,7,D,YP,AK,F
11:26:14,MYOR,RG,1900,2,D,YP,KZ,F
11:26:14,MYOR,RG,1900,121,D,YP,CS,F
11:26:14,MYOR,RG,1900,25,D,YP,PD,D
11:26:14,MYOR,RG,1900,18,D,YP,NI,D
11:26:14,MYOR,RG,1900,326,D,YP,KZ,F
11:26:14,MYOR,RG,1900,1,D,YP,YU,D
11:26:13,MYOR,RG,1895,270,D,CC,KZ,F
11:26:13,MYOR,RG,1895,75,D,CC,BK,F
11:26:13,MYOR,RG,1895,97,F,AK,BK,F
11:26:13,MYOR,RG,1895,62,D,KZ,BK,F
11:26:11,MYOR,RG,1900,9,F,AK,YU,D
11:26:11,MYOR,RG,1900,2,F,AK,XC,D
11:26:11,MYOR,RG,1900,100,F,AK,KK,D
11:26:11,MYOR,RG,1900,15,F,AK,YU,D
11:26:11,MYOR,RG,1900,2,F,AK,XC,D
11:26:11,MYOR,RG,1900,47,F,AK,YP,D
11:26:11,MYOR,RG,1900,175,F,AK,YP,D
11:26:11,MYOR,RG,1895,9,D,KZ,AK,F
11:26:11,MYOR,RG,1900,78,D,YP,YP,D
11:26:11,MYOR,RG,1900,5,D,YP,PD,D
11:26:11,MYOR,RG,1900,15,D,YP,PD,D
11:26:11,MYOR,RG,1900,1,D,YP,XC,D
11:26:11,MYOR,RG,1900,2,D,YP,XL,D
11:26:11,MYOR,RG,1900,27,D,YP,YP,D
11:26:11,MYOR,RG,1900,1,D,YP,XC,D
11:26:11,MYOR,RG,1900,13,D,YP,AK,F
11:26:11,MYOR,RG,1900,358,D,YP,YP,D
11:25:41,MYOR,RG,1895,26,D,KZ,XC,D
11:25:33,MYOR,RG,1895,10,D,KZ,DX,D
11:25:07,MYOR,RG,1895,1,D,KZ,AK,F
11:25:07,MYOR,RG,1900,12,D,DX,YP,D
11:22:38,MYOR,RG,1895,7,D,KZ,AK,F
11:22:38,MYOR,RG,1895,158,D,KZ,KZ,F
11:22:36,MYOR,RG,1895,7,D,KZ,AK,F
11:22:36,MYOR,RG,1900,30,F,AK,YP,D
11:22:36,MYOR,RG,1900,13,F,AK,AK,F
11:22:36,MYOR,RG,1900,3,F,AK,XL,D
11:22:36,MYOR,RG,1900,2,F,AK,NI,D
11:22:36,MYOR,RG,1900,1,F,AK,KK,D
11:22:36,MYOR,RG,1900,2,F,AK,KK,D
11:22:36,MYOR,RG,1900,1,F,AK,SQ,D
11:22:36,MYOR,RG,1900,17,F,AK,YU,D
11:22:36,MYOR,RG,1900,3,F,AK,DR,D
11:22:36,MYOR,RG,1900,5,F,AK,PD,D
11:22:36,MYOR,RG,1900,37,F,AK,DX,F
11:22:36,MYOR,RG,1900,4,F,AK,XC,D
11:22:36,MYOR,RG,1900,48,F,AK,YU,D
11:22:36,MYOR,RG,1900,1,F,AK,XC,D
11:22:36,MYOR,RG,1900,2,F,AK,PD,D
11:22:36,MYOR,RG,1900,6,F,AK,FS,D
11:22:36,MYOR,RG,1895,2,D,KZ,AK,F
11:22:35,MYOR,RG,1900,80,F,AK,FS,D
11:22:35,MYOR,RG,1900,95,F,AK,SQ,D
11:22:35,MYOR,RG,1900,5,F,AK,SQ,D
11:22:35,MYOR,RG,1900,1,F,AK,XL,D
11:22:35,MYOR,RG,1900,5,F,AK,NI,D
11:22:35,MYOR,RG,1900,5,F,AK,PD,D
11:22:35,MYOR,RG,1900,5,F,AK,YU,D
11:22:35,MYOR,RG,1900,50,F,AK,EP,D
11:22:35,MYOR,RG,1900,30,F,AK,EP,D
11:22:35,MYOR,RG,1900,10,F,AK,KK,D
11:22:35,MYOR,RG,1900,64,F,AK,OD,D
11:22:35,MYOR,RG,1900,11,D,DX,OD,D
11:22:35,MYOR,RG,1900,1,D,DX,PD,D
11:22:12,MYOR,RG,1895,8,D,KZ,AK,F
11:22:12,MYOR,RG,1895,23,D,KZ,KZ,F
11:22:12,MYOR,RG,1895,43,D,KZ,KZ,F
11:22:12,MYOR,RG,1895,1,D,KZ,AK,F
11:22:12,MYOR,RG,1895,18,D,KZ,NI,D
11:22:12,MYOR,RG,1895,13,D,KZ,AK,F
11:22:12,MYOR,RG,1895,11,D,KZ,AK,F
11:22:10,MYOR,RG,1895,1,D,KZ,AK,F
11:22:10,MYOR,RG,1895,82,D,KZ,AI,D
11:22:10,MYOR,RG,1895,59,F,AK,AI,D
11:22:10,MYOR,RG,1895,79,F,AK,AI,D
11:22:10,MYOR,RG,1895,17,F,AK,AK,F
11:22:10,MYOR,RG,1895,56,F,AK,KZ,F
11:22:10,MYOR,RG,1895,48,F,AK,BK,F
11:22:09,MYOR,RG,1895,20,D,GR,BK,F
11:21:07,MYOR,RG,1895,127,F,AK,BK,F
11:21:07,MYOR,RG,1895,13,F,AK,DX,D
11:21:07,MYOR,RG,1895,2,F,AK,KZ,F
11:21:07,MYOR,RG,1895,11,F,AK,KZ,F
11:21:07,MYOR,RG,1895,1,F,AK,CP,D
11:21:07,MYOR,RG,1895,18,F,AK,NI,D
11:21:07,MYOR,RG,1895,11,F,AK,KK,D
11:21:07,MYOR,RG,1895,1,F,AK,AK,F
11:21:07,MYOR,RG,1895,11,F,AK,KZ,F
11:21:07,MYOR,RG,1895,5,F,AK,AK,F
11:20:20,MYOR,RG,1895,1,D,KZ,AK,F
11:20:20,MYOR,RG,1895,12,D,KZ,KK,D
11:20:15,MYOR,RG,1895,10,D,DR,KK,D
11:20:12,MYOR,RG,1890,7,D,YP,DX,D
11:20:12,MYOR,RG,1890,5,D,YP,DX,D
11:19:49,MYOR,RG,1895,15,D,YP,KK,D
11:19:35,MYOR,RG,1895,18,D,KZ,KK,D
11:18:51,MYOR,RG,1895,4,F,AK,KZ,F
11:18:51,MYOR,RG,1895,24,D,KZ,AK,F
11:18:51,MYOR,RG,1895,1,D,KZ,AK,F
11:18:51,MYOR,RG,1895,22,D,KZ,AK,F
11:18:51,MYOR,RG,1895,29,D,KZ,AK,F
11:18:50,MYOR,RG,1895,41,D,KZ,AK,F
11:18:48,MYOR,RG,1895,1,D,KZ,AK,F
11:18:48,MYOR,RG,1895,131,D,KZ,KZ,F
11:18:48,MYOR,RG,1895,12,D,KZ,AK,F
11:18:48,MYOR,RG,1895,75,D,KZ,AK,F
11:18:48,MYOR,RG,1895,259,D,KZ,YP,D
11:18:48,MYOR,RG,1895,131,D,KZ,YP,D
11:18:19,MYOR,RG,1890,9,D,YP,KZ,F
11:18:19,MYOR,RG,1890,36,D,YP,AK,F
11:18:07,MYOR,RG,1895,190,F,AK,YP,D
11:18:06,MYOR,RG,1895,15,D,DX,YP,D
11:18:06,MYOR,RG,1895,52,D,KZ,YP,D
11:18:06,MYOR,RG,1895,160,F,AK,YP,D
11:18:06,MYOR,RG,1895,2,D,KZ,YP,D
11:18:06,MYOR,RG,1895,1,D,XC,YP,D
11:18:06,MYOR,RG,1895,61,D,KZ,YP,D
11:18:06,MYOR,RG,1895,3,D,KZ,YP,D
11:18:06,MYOR,RG,1895,2,D,KZ,YP,D
11:18:06,MYOR,RG,1895,28,D,KZ,YP,D
11:18:06,MYOR,RG,1895,11,D,KZ,YP,D
11:18:06,MYOR,RG,1895,8,D,KZ,YP,D
11:18:06,MYOR,RG,1895,1,D,KZ,YP,D
11:18:06,MYOR,RG,1895,5,D,KZ,YP,D
11:18:06,MYOR,RG,1895,10,D,CC,YP,D
11:18:06,MYOR,RG,1895,61,D,YP,YP,D
11:17:37,MYOR,RG,1895,11,D,YP,DX,D
11:17:31,MYOR,RG,1895,1,D,YP,AK,F
11:17:30,MYOR,RG,1900,1,D,DX,XC,D
11:17:30,MYOR,RG,1900,10,D,DX,OD,D
11:17:30,MYOR,RG,1900,2,D,DX,NI,D
11:17:15,MYOR,RG,1895,11,D,YP,AK,F
11:15:14,MYOR,RG,1900,1,D,XC,NI,D
11:15:03,MYOR,RG,1895,1,D,YP,AK,F
11:15:03,MYOR,RG,1900,15,D,DX,NI,D
11:14:54,MYOR,RG,1895,10,D,YP,DX,D
11:14:45,MYOR,RG,1895,5,D,YP,YP,D
11:12:43,MYOR,RG,1895,55,D,YP,XL,D
11:12:19,MYOR,RG,1895,10,D,YP,DX,D
11:11:52,MYOR,RG,1895,1,D,YP,BQ,D
11:11:46,MYOR,RG,1895,10,D,YP,KZ,F
11:11:44,MYOR,RG,1895,2,D,YP,KZ,F
11:11:44,MYOR,RG,1895,22,D,YP,YP,D
11:11:44,MYOR,RG,1895,12,D,DX,YP,D
11:11:44,MYOR,RG,1895,18,D,XA,YP,D
11:11:27,MYOR,RG,1895,2,D,XA,KK,D
11:11:18,MYOR,RG,1895,3,D,PD,BS,D
11:11:18,MYOR,RG,1895,12,D,EP,BS,D
11:11:18,MYOR,RG,1895,5,D,YP,BS,D
11:10:54,MYOR,RG,1895,3,D,YP,PD,D
11:10:25,MYOR,RG,1895,1,D,YP,GR,D
11:09:55,MYOR,RG,1900,13,D,DX,KZ,F
11:09:55,MYOR,RG,1900,2,D,DX,NI,D
11:09:38,MYOR,RG,1895,1,D,YP,XC,D
11:09:28,MYOR,RG,1895,17,D,YP,KZ,F
11:09:26,MYOR,RG,1895,57,D,YP,XC,D
11:09:25,MYOR,RG,1895,15,D,YP,KZ,F
11:09:24,MYOR,RG,1895,47,D,YP,AK,F
11:09:23,MYOR,RG,1895,2,D,YP,KZ,F
11:09:23,MYOR,RG,1895,102,D,YP,AK,F
11:09:21,MYOR,RG,1895,36,D,YP,KZ,F
11:09:21,MYOR,RG,1895,1,D,YP,AK,F
11:09:21,MYOR,RG,1895,22,D,YP,AK,F
11:09:21,MYOR,RG,1895,94,D,YP,KZ,F
11:09:21,MYOR,RG,1895,97,D,YP,YP,D
11:09:15,MYOR,RG,1895,341,D,CC,YP,D
11:09:15,MYOR,RG,1895,251,D,GR,YP,D
11:09:10,MYOR,RG,1895,2,D,GR,AK,F
11:09:10,MYOR,RG,1895,12,D,GR,AK,F
11:09:09,MYOR,RG,1895,7,D,CC,AK,F
11:09:09,MYOR,RG,1895,2,D,CC,AK,F
11:09:09,MYOR,RG,1895,4,D,CC,AK,F
11:09:09,MYOR,RG,1895,25,D,CC,BS,D
11:09:09,MYOR,RG,1895,13,D,CC,DX,D
11:09:09,MYOR,RG,1895,14,D,CC,KZ,F
11:09:09,MYOR,RG,1895,2,D,CC,YP,D
11:09:09,MYOR,RG,1895,1,D,CC,XC,D
11:09:09,MYOR,RG,1895,1,D,CC,XC,D
11:09:09,MYOR,RG,1895,1,D,CC,XL,D
11:09:09,MYOR,RG,1895,4,D,CC,KZ,F
11:09:09,MYOR,RG,1895,1,D,CC,XC,D
11:09:09,MYOR,RG,1895,9,D,CC,SQ,D
11:09:09,MYOR,RG,1895,16,D,CC,CC,D
11:07:17,MYOR,RG,1895,4,D,DX,CC,D
11:07:17,MYOR,RG,1895,1,D,DX,DX,D
11:07:17,MYOR,RG,1895,3,D,DX,KK,D
11:07:17,MYOR,RG,1895,5,D,DX,PD,D
11:07:01,MYOR,RG,1890,8,D,KZ,DX,D
11:07:01,MYOR,RG,1890,5,D,YP,DX,D
11:04:50,MYOR,RG,1895,5,D,DX,PD,D
11:04:50,MYOR,RG,1895,8,D,DX,KZ,F
11:04:34,MYOR,RG,1895,6,D,IF,KZ,F
11:04:26,MYOR,RG,1890,10,D,YP,DX,D
11:04:11,MYOR,RG,1895,1,D,AT,KZ,F
11:04:11,MYOR,RG,1895,6,D,AT,NI,D
11:02:57,MYOR,RG,1895,12,D,CC,NI,D
11:02:57,MYOR,RG,1895,8,D,CC,XL,D
11:02:14,MYOR,RG,1895,14,D,DX,XL,D
11:01:49,MYOR,RG,1890,11,D,YP,DX,D
11:00:49,MYOR,RG,1895,1,D,NI,XL,D
10:59:41,MYOR,RG,1895,7,D,DX,XL,D
10:59:41,MYOR,RG,1895,4,D,DX,KZ,F
10:59:41,MYOR,RG,1895,2,D,DX,SQ,D
10:59:07,MYOR,RG,1890,12,D,YP,DX,D
10:58:57,MYOR,RG,1890,1,D,YP,XC,D
10:57:57,MYOR,RG,1890,3,D,YP,SQ,D
10:56:21,MYOR,RG,1890,1,D,YP,XC,D
10:56:04,MYOR,RG,1890,1,D,YP,XC,D
10:55:57,MYOR,RG,1890,6,D,YP,XC,D
10:55:31,MYOR,RG,1895,12,D,DX,AK,F
10:55:29,MYOR,RG,1895,2,D,DX,KK,D
10:55:00,MYOR,RG,1895,140,D,KZ,KZ,F
10:55:00,MYOR,RG,1895,11,D,KZ,DX,D
10:55:00,MYOR,RG,1895,13,D,KZ,AK,F
10:55:00,MYOR,RG,1895,133,D,KZ,CC,D
10:55:00,MYOR,RG,1895,1,D,KZ,AK,F
10:55:00,MYOR,RG,1895,10,D,KZ,YU,D
10:55:00,MYOR,RG,1895,12,D,KZ,AK,F
10:55:00,MYOR,RG,1895,18,D,KZ,YU,D
10:55:00,MYOR,RG,1895,195,D,KZ,BK,F
10:55:00,MYOR,RG,1895,13,D,KZ,KZ,F
10:55:00,MYOR,RG,1895,1,D,KZ,YP,D
10:55:00,MYOR,RG,1895,50,D,KZ,PD,D
10:55:00,MYOR,RG,1895,5,D,KZ,YU,D
10:55:00,MYOR,RG,1895,10,D,KZ,NI,D
10:55:00,MYOR,RG,1895,18,D,KZ,NI,D
10:55:00,MYOR,RG,1895,1,D,KZ,LG,D
10:55:00,MYOR,RG,1895,9,D,KZ,CC,D
10:55:00,MYOR,RG,1895,86,D,KZ,KZ,F
10:55:00,MYOR,RG,1895,1,D,KZ,CC,D
10:55:00,MYOR,RG,1895,120,D,KZ,KZ,F
10:55:00,MYOR,RG,1895,329,D,KZ,YP,D
10:55:00,MYOR,RG,1895,171,D,KZ,YP,D
10:55:00,MYOR,RG,1895,18,D,KZ,NI,D
10:55:00,MYOR,RG,1895,134,D,KZ,XL,D
10:54:46,MYOR,RG,1890,4,D,YP,PD,D
10:54:27,MYOR,RG,1895,1,D,DX,XL,D
10:54:27,MYOR,RG,1895,12,D,DX,KZ,F
10:53:54,MYOR,RG,1890,10,D,YP,YU,D
10:53:50,MYOR,RG,1890,12,D,YP,DX,D
10:53:19,MYOR,RG,1890,5,D,YP,AK,F
10:52:00,MYOR,RG,1890,18,D,YP,NI,D
10:51:53,MYOR,RG,1895,13,D,DX,KZ,F
10:51:37,MYOR,RG,1890,1,D,YP,PD,D
10:50:17,MYOR,RG,1890,1,F,BK,KZ,F
10:50:17,MYOR,RG,1890,40,F,BK,YU,D
10:50:17,MYOR,RG,1890,6,F,BK,YU,D
10:50:07,MYOR,RG,1890,17,D,KZ,YU,D
10:50:07,MYOR,RG,1890,3,D,KZ,KZ,F
10:50:07,MYOR,RG,1890,10,D,KZ,DX,D
10:50:07,MYOR,RG,1890,3,D,KZ,KZ,F
10:50:07,MYOR,RG,1890,5,D,KZ,KK,D
10:50:07,MYOR,RG,1890,12,D,KZ,AK,F
10:50:07,MYOR,RG,1890,3,D,KZ,AK,F
10:50:07,MYOR,RG,1890,90,D,KZ,EP,D
10:50:07,MYOR,RG,1890,251,D,KZ,BK,F
10:50:07,MYOR,RG,1890,104,D,KZ,KZ,F
10:50:07,MYOR,RG,1890,12,D,KZ,KZ,F
10:50:07,MYOR,RG,1890,1,D,KZ,YP,D
10:50:07,MYOR,RG,1890,2,D,KZ,KK,D
10:50:07,MYOR,RG,1890,1,D,KZ,YP,D
10:50:07,MYOR,RG,1890,4,D,KZ,CC,D
10:50:07,MYOR,RG,1890,20,D,KZ,CC,D
10:50:07,MYOR,RG,1890,10,D,KZ,PD,D
10:50:07,MYOR,RG,1890,5,D,KZ,YU,D
10:50:07,MYOR,RG,1890,18,D,KZ,NI,D
10:50:07,MYOR,RG,1890,1,D,KZ,SQ,D
10:50:07,MYOR,RG,1890,1,D,KZ,SQ,D
10:50:07,MYOR,RG,1890,5,D,KZ,XC,D
10:50:07,MYOR,RG,1890,30,D,KZ,IF,D
10:50:07,MYOR,RG,1890,10,D,KZ,EP,D
10:50:07,MYOR,RG,1890,5,D,KZ,YU,D
10:50:07,MYOR,RG,1890,376,D,KZ,KZ,F
10:49:26,MYOR,RG,1885,1,D,CC,AK,F
10:49:25,MYOR,RG,1890,13,D,DX,KZ,F
10:48:50,MYOR,RG,1885,10,D,CC,YU,D
10:48:08,MYOR,RG,1885,1,D,CC,KK,D
10:46:54,MYOR,RG,1890,12,D,DX,KZ,F
10:46:27,MYOR,RG,1885,19,D,CC,AK,F
10:46:27,MYOR,RG,1885,10,D,CC,AK,F
10:46:27,MYOR,RG,1885,13,D,CC,DX,D
10:46:27,MYOR,RG,1885,2,D,CC,KZ,F
10:46:27,MYOR,RG,1885,1,D,CC,KZ,F
10:46:27,MYOR,RG,1885,4,D,CC,KZ,F
10:46:27,MYOR,RG,1885,16,D,CC,KK,D
10:46:27,MYOR,RG,1885,1,D,CC,AK,F
10:46:27,MYOR,RG,1885,5,D,CC,CC,D
10:46:27,MYOR,RG,1885,2,D,CC,KZ,F
10:46:27,MYOR,RG,1885,1,D,CC,KZ,F
10:46:27,MYOR,RG,1885,2,D,CC,KK,D
10:46:27,MYOR,RG,1885,18,D,CC,NI,D
10:46:27,MYOR,RG,1885,20,D,CC,AK,F
10:46:27,MYOR,RG,1885,336,D,CC,BK,F
10:46:27,MYOR,RG,1885,19,D,CC,AK,F
10:46:27,MYOR,RG,1885,5,D,CC,CC,D
10:46:27,MYOR,RG,1885,29,D,CC,KZ,F
10:46:27,MYOR,RG,1885,25,D,CC,KZ,F
10:46:27,MYOR,RG,1885,31,D,CC,KZ,F
10:45:59,MYOR,RG,1880,11,D,YP,DX,D
10:45:58,MYOR,RG,1880,13,D,YP,KZ,F
10:45:15,MYOR,RG,1880,57,D,YP,AK,F
10:45:12,MYOR,RG,1880,3,D,YP,XC,D
10:44:33,MYOR,RG,1880,2,D,YP,KZ,F
10:44:17,MYOR,RG,1885,13,D,DX,KZ,F
10:43:15,MYOR,RG,1880,10,D,YP,DX,D
10:42:34,MYOR,RG,1880,16,D,YP,AK,F
10:42:13,MYOR,RG,1885,1,D,XC,KZ,F
10:41:47,MYOR,RG,1885,15,D,DX,KZ,F
10:41:08,MYOR,RG,1880,2,D,YP,KZ,F
10:40:39,MYOR,RG,1880,13,D,YP,DX,D
10:40:33,MYOR,RG,1880,3,D,YP,KZ,F
10:40:28,MYOR,RG,1880,6,D,YP,KZ,F
10:39:49,MYOR,RG,1885,10,D,YP,KZ,F
10:39:07,MYOR,RG,1885,15,D,DX,KZ,F
10:38:34,MYOR,RG,1880,24,D,YP,AK,F
10:38:05,MYOR,RG,1880,12,D,YP,DX,D
10:36:55,MYOR,RG,1880,11,D,YP,NI,D
10:36:33,MYOR,RG,1885,14,D,DX,KZ,F
10:36:05,MYOR,RG,1880,1,D,YP,LG,D
10:35:32,MYOR,RG,1880,11,D,YP,DX,D
10:35:13,MYOR,RG,1885,14,D,KK,KZ,F
10:35:13,MYOR,RG,1885,6,D,KK,AK,F
10:34:07,MYOR,RG,1885,12,D,DX,AK,F
10:33:55,MYOR,RG,1880,1,D,YP,PD,D
10:33:30,MYOR,RG,1880,18,D,YP,AK,F
10:32:56,MYOR,RG,1880,10,D,YP,DX,D
10:32:55,MYOR,RG,1880,2,D,YP,KK,D
10:32:49,MYOR,RG,1880,19,D,YP,NI,D
10:32:08,MYOR,RG,1880,478,D,YP,KZ,F
10:32:08,MYOR,RG,1880,69,D,YP,KZ,F
10:32:03,MYOR,RG,1880,92,D,YP,KZ,F
10:32:03,MYOR,RG,1880,43,D,YP,KZ,F
10:32:03,MYOR,RG,1880,34,D,YP,KZ,F
10:32:03,MYOR,RG,1880,41,D,YP,KZ,F
10:31:47,MYOR,RG,1880,342,D,YP,BK,F
10:31:27,MYOR,RG,1885,91,D,KZ,AK,F
10:31:27,MYOR,RG,1885,2,D,KZ,AK,F
10:31:27,MYOR,RG,1885,32,D,KZ,AK,F
10:31:27,MYOR,RG,1885,6,D,KZ,CC,D
10:31:27,MYOR,RG,1885,12,D,DX,CC,D
10:31:27,MYOR,RG,1885,20,D,BQ,CC,D
10:31:27,MYOR,RG,1885,449,D,CC,CC,D
10:31:27,MYOR,RG,1885,80,D,KZ,CC,D
10:31:27,MYOR,RG,1885,1,D,KK,CC,D
10:31:27,MYOR,RG,1885,93,D,KZ,CC,D
10:31:27,MYOR,RG,1885,20,D,NI,CC,D
10:31:27,MYOR,RG,1885,170,D,KZ,CC,D
10:31:27,MYOR,RG,1885,10,D,OD,CC,D
10:31:27,MYOR,RG,1885,47,D,KZ,CC,D
10:31:27,MYOR,RG,1885,102,D,KZ,CC,D
10:31:27,MYOR,RG,1885,19,D,KZ,CC,D
10:31:27,MYOR,RG,1885,600,F,ZP,CC,D
10:31:27,MYOR,RG,1885,20,D,KZ,CC,D
10:31:27,MYOR,RG,1885,39,D,KZ,CC,D
10:31:27,MYOR,RG,1885,100,D,KK,CC,D
10:31:27,MYOR,RG,1885,500,F,ZP,CC,D
10:31:27,MYOR,RG,1885,62,F,BK,CC,D
10:30:12,MYOR,RG,1885,10,F,BK,DX,D
10:29:06,MYOR,RG,1890,13,D,DX,KZ,F
10:27:33,MYOR,RG,1885,13,F,BK,DX,D
10:26:53,MYOR,RG,1890,5,D,BQ,KZ,F
10:26:26,MYOR,RG,1890,15,D,DX,KZ,F
10:25:23,MYOR,RG,1890,4,D,AZ,KZ,F
10:25:14,MYOR,RG,1885,3,F,BK,PD,D
10:25:14,MYOR,RG,1885,2,D,KZ,PD,D
10:24:55,MYOR,RG,1885,10,D,KZ,DX,D
10:23:53,MYOR,RG,1890,14,D,DX,KZ,F
10:22:38,MYOR,RG,1890,25,D,YP,KZ,F
10:22:16,MYOR,RG,1885,12,D,KZ,DX,D
10:21:26,MYOR,RG,1890,50,D,SQ,KZ,F
10:21:23,MYOR,RG,1890,13,D,DX,KZ,F
10:21:20,MYOR,RG,1885,1,D,KZ,SQ,D
10:19:39,MYOR,RG,1885,12,D,KZ,DX,D
10:19:08,MYOR,RG,1890,71,D,NI,KZ,F
10:19:06,MYOR,RG,1890,1,D,PD,KZ,F
10:18:42,MYOR,RG,1890,1,D,XC,KZ,F
10:18:42,MYOR,RG,1890,15,D,CC,KZ,F
10:18:42,MYOR,RG,1890,5,D,XL,KZ,F
10:18:42,MYOR,RG,1890,300,F,ZP,KZ,F
10:18:42,MYOR,RG,1890,92,F,BK,KZ,F
10:18:42,MYOR,RG,1890,10,D,CC,KZ,F
10:18:42,MYOR,RG,1890,12,D,DX,KZ,F
10:18:42,MYOR,RG,1890,17,D,NI,KZ,F
10:18:42,MYOR,RG,1890,1,D,KK,KZ,F
10:18:42,MYOR,RG,1890,8,D,GR,KZ,F
10:18:42,MYOR,RG,1890,200,D,PD,KZ,F
10:18:42,MYOR,RG,1890,2,D,XC,KZ,F
10:18:42,MYOR,RG,1890,225,D,CC,KZ,F
10:18:33,MYOR,RG,1890,8,D,CC,YP,D
10:17:03,MYOR,RG,1890,10,D,CC,DX,D
10:16:08,MYOR,RG,1895,13,D,DX,KZ,F
10:15:42,MYOR,RG,1895,1,D,NI,KZ,F
10:15:08,MYOR,RG,1895,1,D,YP,KZ,F
10:14:52,MYOR,RG,1895,10,D,PD,KZ,F
10:14:23,MYOR,RG,1890,12,D,CC,DX,D
10:13:53,MYOR,RG,1895,3,D,XL,KZ,F
10:13:37,MYOR,RG,1895,11,D,DX,KZ,F
10:13:30,MYOR,RG,1890,2,D,CC,EP,D
10:12:59,MYOR,RG,1890,18,D,CC,NI,D
10:12:37,MYOR,RG,1890,20,D,CC,XC,D
10:12:28,MYOR,RG,1895,25,D,PD,KZ,F
10:12:28,MYOR,RG,1895,16,D,PD,KZ,F
10:12:28,MYOR,RG,1895,159,D,PD,KZ,F
10:11:55,MYOR,RG,1890,5,D,CC,YP,D
10:11:53,MYOR,RG,1890,9,D,CC,AK,F
10:11:53,MYOR,RG,1890,77,D,CC,AK,F
10:11:53,MYOR,RG,1890,3,D,XC,AK,F
10:11:53,MYOR,RG,1890,60,D,KK,AK,F
10:11:53,MYOR,RG,1890,150,D,MI,AK,F
10:11:53,MYOR,RG,1890,121,D,MI,AK,F
10:11:26,MYOR,RG,1890,329,D,MI,AZ,D
10:11:22,MYOR,RG,1895,4,D,DX,SQ,D
10:11:10,MYOR,RG,1890,104,D,KZ,BK,F
10:11:10,MYOR,RG,1890,91,F,AK,BK,F
10:10:57,MYOR,RG,1895,400,F,ZP,SQ,D
10:10:57,MYOR,RG,1895,20,D,YP,SQ,D
10:10:57,MYOR,RG,1895,79,F,AK,SQ,D
10:10:57,MYOR,RG,1900,20,D,CC,SQ,D
10:10:57,MYOR,RG,1900,1,D,XC,SQ,D
10:10:57,MYOR,RG,1900,50,D,NI,SQ,D
10:10:57,MYOR,RG,1900,309,D,CC,SQ,D
10:10:53,MYOR,RG,1900,26,D,CC,CS,F
10:10:52,MYOR,RG,1900,18,D,CC,NI,D
10:10:35,MYOR,RG,1900,4,D,CC,KK,D
10:10:32,MYOR,RG,1900,18,D,CC,CS,F
10:10:21,MYOR,RG,1900,1,D,CC,PD,D
10:10:18,MYOR,RG,1900,9,D,CC,CS,F
10:10:12,MYOR,RG,1900,8,D,CC,CS,F
10:10:04,MYOR,RG,1900,1,D,CC,XC,D
10:10:04,MYOR,RG,1900,1,D,CC,CS,F
10:10:04,MYOR,RG,1900,3,D,YP,CS,F
10:10:00,MYOR,RG,1900,1,D,YP,CS,F
10:10:00,MYOR,RG,1900,1,D,YP,CS,F
10:09:58,MYOR,RG,1900,37,F,AK,CS,F
10:09:57,MYOR,RG,1900,201,D,KZ,CS,F
10:09:57,MYOR,RG,1900,6,D,KZ,KZ,F
10:09:57,MYOR,RG,1900,8,D,KZ,KZ,F
10:09:57,MYOR,RG,1900,23,D,KZ,DH,D
10:09:57,MYOR,RG,1900,33,D,KZ,KZ,F
10:09:57,MYOR,RG,1900,100,D,KZ,PD,D
10:09:57,MYOR,RG,1900,4,D,KZ,KZ,F
10:09:57,MYOR,RG,1900,10,D,KZ,KK,D
10:09:57,MYOR,RG,1900,289,D,KZ,KZ,F
10:09:57,MYOR,RG,1900,1,D,KZ,DH,D
10:09:57,MYOR,RG,1900,1,D,KZ,NI,D
10:09:57,MYOR,RG,1900,1,D,KZ,CC,D
10:09:57,MYOR,RG,1900,5,D,KZ,YU,D
10:09:57,MYOR,RG,1900,10,D,KZ,XL,D
10:09:57,MYOR,RG,1900,2,D,KZ,XC,D
10:09:57,MYOR,RG,1900,1,D,KZ,CC,D
10:09:57,MYOR,RG,1900,10,D,KZ,PC,D
10:09:57,MYOR,RG,1900,25,D,KZ,XL,D
10:09:57,MYOR,RG,1900,106,D,KZ,YP,D
10:09:57,MYOR,RG,1900,2,D,KZ,NI,D
10:09:57,MYOR,RG,1900,5,D,KZ,XL,D
10:09:57,MYOR,RG,1900,22,D,KZ,KK,D
10:09:57,MYOR,RG,1900,14,D,KZ,XL,D
10:09:57,MYOR,RG,1900,100,D,KZ,SQ,D
10:09:57,MYOR,RG,1900,6,D,KZ,XL,D
10:09:57,MYOR,RG,1900,1,D,KZ,XC,D
10:09:57,MYOR,RG,1900,50,D,KZ,YP,D
10:09:57,MYOR,RG,1900,101,D,KZ,CC,D
10:09:53,MYOR,RG,1900,5,D,GR,CC,D
10:09:39,MYOR,RG,1900,8,D,XC,CC,D
10:09:37,MYOR,RG,1900,136,D,YO,CC,D
10:09:37,MYOR,RG,1900,80,D,YO,CP,D
10:09:37,MYOR,RG,1900,2,D,YO,XC,D
10:09:37,MYOR,RG,1900,1,D,YO,PD,D
10:09:37,MYOR,RG,1900,5,D,YO,GR,D
10:09:37,MYOR,RG,1900,10,D,YO,XL,D
10:09:37,MYOR,RG,1900,1,D,YO,YP,D
10:09:37,MYOR,RG,1900,1,D,YO,XC,D
10:09:37,MYOR,RG,1900,50,D,YO,XA,D
10:09:37,MYOR,RG,1900,20,D,YO,CC,D
10:09:37,MYOR,RG,1900,30,D,YO,OD,D
10:09:37,MYOR,RG,1900,1,D,YO,YP,D
10:09:37,MYOR,RG,1900,30,D,YO,YP,D
10:09:37,MYOR,RG,1900,3,D,YO,PD,D
10:09:37,MYOR,RG,1900,1,D,YO,PD,D
10:09:37,MYOR,RG,1900,15,D,YO,YP,D
10:09:37,MYOR,RG,1900,4,D,YO,XC,D
10:09:37,MYOR,RG,1900,3,D,YO,YU,D
10:09:37,MYOR,RG,1895,1,D,YO,KK,D
10:09:37,MYOR,RG,1895,13,D,YO,DX,D
10:09:37,MYOR,RG,1895,1,D,YO,XC,D
10:09:37,MYOR,RG,1895,8,D,YO,KZ,F
10:09:37,MYOR,RG,1895,20,D,YO,AK,F
10:09:37,MYOR,RG,1895,5,D,YO,YU,D
10:08:37,MYOR,RG,1895,3,D,XL,YU,D
10:08:36,MYOR,RG,1895,13,D,GR,YU,D
10:08:36,MYOR,RG,1895,47,D,GR,KZ,F
10:08:09,MYOR,RG,1895,2,D,KK,KZ,F
10:08:09,MYOR,RG,1895,148,D,KK,BK,F
10:08:09,MYOR,RG,1895,47,F,AK,BK,F
10:08:09,MYOR,RG,1895,8,F,AK,YP,D
10:08:09,MYOR,RG,1895,5,F,AK,YP,D
10:08:09,MYOR,RG,1895,1,F,AK,XC,D
10:08:09,MYOR,RG,1895,6,F,AK,KZ,F
10:08:09,MYOR,RG,1895,18,F,AK,NI,D
10:08:09,MYOR,RG,1895,77,F,AK,KZ,F
10:08:08,MYOR,RG,1895,14,F,AK,KZ,F
10:08:08,MYOR,RG,1895,30,F,AK,IF,D
10:08:08,MYOR,RG,1895,5,F,AK,YU,D
10:08:08,MYOR,RG,1895,3,F,AK,KZ,F
10:08:08,MYOR,RG,1895,41,F,AK,KZ,F
10:08:08,MYOR,RG,1895,5,F,AK,DR,D
10:08:08,MYOR,RG,1895,50,F,AK,XL,D
10:08:08,MYOR,RG,1895,1,F,AK,XL,D
10:08:08,MYOR,RG,1895,7,F,AK,XL,D
10:08:08,MYOR,RG,1895,1,F,AK,YP,D
10:08:08,MYOR,RG,1895,5,F,AK,CC,D
10:08:03,MYOR,RG,1890,8,F,AK,KZ,F
10:08:03,MYOR,RG,1890,65,F,AK,KZ,F
10:08:03,MYOR,RG,1890,12,F,AK,DX,D
10:08:03,MYOR,RG,1890,50,F,AK,DR,D
10:08:03,MYOR,RG,1890,2,F,AK,KZ,F
10:08:03,MYOR,RG,1890,119,F,BK,KZ,F
10:08:03,MYOR,RG,1890,1,F,BK,CC,D
10:08:03,MYOR,RG,1890,1,F,BK,XC,D
10:08:03,MYOR,RG,1890,2,F,BK,XC,D
10:08:03,MYOR,RG,1890,20,F,BK,AK,F
10:08:03,MYOR,RG,1890,22,F,BK,YU,D
10:08:03,MYOR,RG,1890,29,F,BK,YP,D
10:07:58,MYOR,RG,1890,4,D,XC,YP,D
10:07:56,MYOR,RG,1890,148,F,BK,YP,D
10:07:39,MYOR,RG,1890,7,F,BK,YP,D
10:07:33,MYOR,RG,1885,1,D,KZ,PO,D
10:07:31,MYOR,RG,1890,27,F,BK,YP,D
10:07:26,MYOR,RG,1885,1,D,KZ,XC,D
10:07:23,MYOR,RG,1890,162,F,AK,YP,D
10:07:23,MYOR,RG,1890,28,F,BK,YP,D
10:07:15,MYOR,RG,1890,95,F,AK,YP,D
10:07:15,MYOR,RG,1890,5,F,AK,KZ,F
10:07:15,MYOR,RG,1890,5,F,AK,YU,D
10:07:15,MYOR,RG,1890,13,F,AK,KZ,F
10:07:15,MYOR,RG,1890,39,F,AK,KZ,F
10:07:15,MYOR,RG,1890,5,F,AK,DX,F
10:07:14,MYOR,RG,1885,1,D,KZ,AK,F
10:07:13,MYOR,RG,1890,30,F,AK,DX,F
10:07:13,MYOR,RG,1890,29,F,AK,DX,F
10:07:13,MYOR,RG,1890,32,F,AK,KZ,F
10:07:13,MYOR,RG,1890,18,F,AK,NI,D
10:07:13,MYOR,RG,1890,20,F,AK,DH,D
10:07:13,MYOR,RG,1890,3,F,AK,CC,D
10:07:13,MYOR,RG,1890,10,F,AK,XL,D
10:07:13,MYOR,RG,1890,4,F,AK,XC,D
10:07:13,MYOR,RG,1890,16,F,AK,KZ,F
10:06:51,MYOR,RG,1885,1,D,KZ,PD,D
10:06:35,MYOR,RG,1885,11,D,KZ,DX,D
10:05:39,MYOR,RG,1885,6,D,KZ,AK,F
10:05:39,MYOR,RG,1890,2,F,AK,KZ,F
10:05:39,MYOR,RG,1890,23,F,AK,YU,D
10:05:39,MYOR,RG,1890,1,F,AK,CC,D
10:05:39,MYOR,RG,1890,22,F,AK,KZ,F
10:05:39,MYOR,RG,1890,63,F,AK,KZ,F
10:05:39,MYOR,RG,1890,51,F,AK,YP,D
10:05:27,MYOR,RG,1890,1,D,CC,YP,D
10:03:31,MYOR,RG,1890,130,D,CC,YP,D
10:02:51,MYOR,RG,1890,18,D,EP,YP,D
10:02:42,MYOR,RG,1885,18,D,KZ,NI,D
10:02:05,MYOR,RG,1885,45,D,KZ,XL,D
10:01:48,MYOR,RG,1885,2,D,KZ,YP,D
10:01:48,MYOR,RG,1885,10,D,KZ,DX,D
10:01:48,MYOR,RG,1885,21,D,KZ,AK,F
10:01:48,MYOR,RG,1885,12,D,KZ,AK,F
10:01:48,MYOR,RG,1885,2,D,KZ,CC,D
10:01:48,MYOR,RG,1885,11,D,KZ,XC,D
10:01:48,MYOR,RG,1885,215,D,KZ,KZ,F
10:01:48,MYOR,RG,1885,12,D,KZ,KZ,F
10:01:48,MYOR,RG,1885,16,D,KZ,AK,F
10:01:48,MYOR,RG,1885,28,D,KZ,KZ,F
10:01:48,MYOR,RG,1885,27,D,KZ,KZ,F
10:01:48,MYOR,RG,1885,1,D,KZ,KZ,F
10:01:48,MYOR,RG,1885,9,D,KZ,KZ,F
10:01:48,MYOR,RG,1885,1,D,KZ,KZ,F
10:01:48,MYOR,RG,1885,3,D,KZ,KZ,F
10:01:48,MYOR,RG,1885,9,D,KZ,XC,D
10:01:32,MYOR,RG,1885,25,D,YP,XC,D
10:01:16,MYOR,RG,1880,13,D,YP,DX,D
10:01:11,MYOR,RG,1885,3,D,GR,XC,D
09:59:51,MYOR,RG,1885,7,D,PD,XC,D
09:59:25,MYOR,RG,1880,287,D,YP,BK,F
09:59:10,MYOR,RG,1885,144,D,KZ,XC,D
09:59:10,MYOR,RG,1885,9,D,KZ,XC,D
09:58:43,MYOR,RG,1885,2,D,KZ,XL,D
09:57:40,MYOR,RG,1885,1,D,KZ,XC,D
09:57:29,MYOR,RG,1885,33,D,KZ,DX,F
09:57:25,MYOR,RG,1885,3,D,KZ,AK,F
09:57:25,MYOR,RG,1885,100,D,KZ,AK,F
09:57:25,MYOR,RG,1885,41,D,KZ,AK,F
09:57:23,MYOR,RG,1885,16,D,KZ,AK,F
09:57:23,MYOR,RG,1885,10,D,KZ,DX,D
09:57:23,MYOR,RG,1885,17,D,KZ,AK,F
09:57:23,MYOR,RG,1885,15,D,KZ,AK,F
09:57:23,MYOR,RG,1885,17,D,KZ,AK,F
09:57:23,MYOR,RG,1885,30,D,KZ,AK,F
09:57:23,MYOR,RG,1885,6,D,KZ,KZ,F
09:57:23,MYOR,RG,1885,3,D,KZ,KZ,F
09:57:23,MYOR,RG,1885,49,D,KZ,KZ,F
09:57:23,MYOR,RG,1885,16,D,KZ,KZ,F
09:57:23,MYOR,RG,1885,1,D,KZ,KZ,F
09:57:23,MYOR,RG,1885,29,D,KZ,KZ,F
09:57:23,MYOR,RG,1885,3,D,KZ,KZ,F
09:57:23,MYOR,RG,1885,1,D,KZ,KZ,F
09:57:23,MYOR,RG,1885,98,D,KZ,KZ,F
09:57:10,MYOR,RG,1885,3,D,XC,KZ,F
09:56:03,MYOR,RG,1880,10,D,YP,DX,D
09:55:44,MYOR,RG,1885,3,D,CC,KZ,F
09:55:44,MYOR,RG,1885,14,D,CC,AK,F
09:55:44,MYOR,RG,1885,8,D,CC,AK,F
09:55:32,MYOR,RG,1885,3,D,NI,AK,F
09:55:32,MYOR,RG,1885,5,D,PD,AK,F
09:55:32,MYOR,RG,1885,5,D,DH,AK,F
09:55:32,MYOR,RG,1885,5,D,XL,AK,F
09:55:32,MYOR,RG,1885,203,D,XC,AK,F
09:55:32,MYOR,RG,1885,97,D,XC,LG,D
09:55:32,MYOR,RG,1885,38,D,XC,LG,D
09:55:32,MYOR,RG,1885,10,D,XC,LG,D
09:55:32,MYOR,RG,1885,100,D,YP,LG,D
09:55:32,MYOR,RG,1885,110,D,KZ,LG,D
09:55:32,MYOR,RG,1885,400,F,ZP,LG,D
09:55:32,MYOR,RG,1885,10,D,KZ,LG,D
09:55:32,MYOR,RG,1885,77,D,KZ,LG,D
09:55:32,MYOR,RG,1885,27,D,AT,LG,D
09:55:32,MYOR,RG,1885,44,D,KZ,LG,D
09:55:32,MYOR,RG,1885,3,D,KZ,LG,D
09:55:32,MYOR,RG,1885,29,D,KZ,LG,D
09:55:32,MYOR,RG,1885,7,D,KZ,LG,D
09:55:32,MYOR,RG,1885,48,D,KZ,LG,D
09:54:08,MYOR,RG,1885,5,D,KZ,XC,D
09:53:19,MYOR,RG,1885,11,D,KZ,DX,D
09:52:43,MYOR,RG,1885,8,D,KZ,AK,F
09:52:43,MYOR,RG,1890,10,D,KK,KZ,F
09:51:43,MYOR,RG,1890,31,D,LS,KZ,F
09:51:43,MYOR,RG,1890,6,D,LS,KZ,F
09:51:43,MYOR,RG,1890,40,D,LS,KZ,F
09:51:43,MYOR,RG,1890,3,D,LS,KZ,F
09:51:43,MYOR,RG,1890,6,D,LS,AK,F
09:51:43,MYOR,RG,1890,19,D,LS,NI,D
09:51:28,MYOR,RG,1885,40,D,KZ,CC,D
09:50:38,MYOR,RG,1885,13,D,KZ,DX,D
09:50:07,MYOR,RG,1885,4,D,KZ,XC,D
09:50:07,MYOR,RG,1885,1,D,XC,XC,D
09:50:07,MYOR,RG,1885,3,D,XA,XC,D
09:50:07,MYOR,RG,1885,1,D,DR,XC,D
09:48:20,MYOR,RG,1890,8,D,CC,NI,D
09:48:13,MYOR,RG,1890,2,D,CC,YP,D
09:48:13,MYOR,RG,1890,118,D,CC,YP,D
09:47:37,MYOR,RG,1890,18,D,CC,NI,D
09:47:26,MYOR,RG,1890,10,D,CC,AK,F
09:47:24,MYOR,RG,1890,5,D,CC,AK,F
09:47:24,MYOR,RG,1890,25,D,CC,AK,F
09:47:24,MYOR,RG,1890,93,D,CC,AK,F
09:47:24,MYOR,RG,1890,17,D,CC,AK,F
09:47:24,MYOR,RG,1890,50,D,CC,AK,F
09:47:24,MYOR,RG,1890,200,D,CC,NI,D
09:47:14,MYOR,RG,1890,27,D,CC,NI,D
09:46:44,MYOR,RG,1890,1,F,AK,AK,F
09:46:44,MYOR,RG,1890,18,F,AK,AK,F
09:46:44,MYOR,RG,1890,1,F,AK,XL,D
09:46:44,MYOR,RG,1890,1,F,AK,CC,D
09:46:44,MYOR,RG,1890,1,F,AK,CC,D
09:46:44,MYOR,RG,1890,1,F,AK,AK,F
09:46:44,MYOR,RG,1890,10,F,AK,SQ,D
09:46:44,MYOR,RG,1890,13,F,AK,AK,F
09:46:44,MYOR,RG,1890,17,D,MI,AK,F
09:46:44,MYOR,RG,1890,12,D,MI,DX,D
09:46:44,MYOR,RG,1890,3,D,MI,KZ,F
09:46:44,MYOR,RG,1890,39,D,MI,NI,D
09:46:44,MYOR,RG,1890,10,D,MI,KZ,F
09:46:44,MYOR,RG,1890,10,D,MI,YP,D
09:46:44,MYOR,RG,1890,17,D,MI,AK,F
09:46:44,MYOR,RG,1890,100,D,MI,OD,D
09:46:44,MYOR,RG,1890,3,D,MI,KZ,F
09:46:44,MYOR,RG,1890,22,D,MI,YU,D
09:46:44,MYOR,RG,1890,1,D,MI,KZ,F
09:46:44,MYOR,RG,1890,2,D,MI,KZ,F
09:46:44,MYOR,RG,1890,17,D,MI,AK,F
09:46:44,MYOR,RG,1890,1,D,MI,CC,D
09:46:44,MYOR,RG,1890,12,D,MI,KZ,F
09:46:44,MYOR,RG,1890,2,D,MI,YP,D
09:46:44,MYOR,RG,1890,2,D,MI,CC,D
09:46:44,MYOR,RG,1890,18,D,MI,NI,D
09:46:44,MYOR,RG,1890,5,D,MI,DR,D
09:46:44,MYOR,RG,1890,9,D,MI,XC,D
09:46:44,MYOR,RG,1890,6,D,MI,PD,D
09:46:44,MYOR,RG,1890,1,D,MI,XC,D
09:46:44,MYOR,RG,1890,20,D,MI,XL,D
09:46:44,MYOR,RG,1890,20,D,MI,DR,D
09:46:44,MYOR,RG,1890,2,D,MI,XC,D
09:46:44,MYOR,RG,1890,30,D,MI,BQ,D
09:46:44,MYOR,RG,1890,193,D,MI,KZ,F
09:46:44,MYOR,RG,1890,4,D,MI,YP,D
09:46:44,MYOR,RG,1890,2,D,MI,PD,D
09:46:44,MYOR,RG,1890,5,D,MI,YU,D
09:46:44,MYOR,RG,1890,1,D,MI,XC,D
09:46:44,MYOR,RG,1890,1,D,MI,PD,D
09:46:44,MYOR,RG,1890,2,D,MI,YP,D
09:46:44,MYOR,RG,1890,1,D,MI,XL,D
09:46:44,MYOR,RG,1890,1,D,MI,YP,D
09:46:44,MYOR,RG,1890,1,D,MI,YP,D
09:46:44,MYOR,RG,1890,1,D,MI,LG,D
09:46:44,MYOR,RG,1890,7,D,MI,EP,D
09:45:45,MYOR,RG,1890,43,D,NI,EP,D
09:45:45,MYOR,RG,1890,1,D,NI,OD,D
09:45:45,MYOR,RG,1890,11,D,NI,CC,D
09:45:45,MYOR,RG,1890,45,D,NI,CP,D
09:45:27,MYOR,RG,1885,10,D,CC,DX,D
09:44:58,MYOR,RG,1885,2,D,CC,AK,F
09:44:58,MYOR,RG,1890,3,D,CC,CP,D
09:42:55,MYOR,RG,1890,25,D,YP,CP,D
09:42:54,MYOR,RG,1885,11,D,CC,DX,D
09:42:38,MYOR,RG,1890,1,D,YP,CP,D
09:42:37,MYOR,RG,1885,1,D,YP,CC,D
09:41:59,MYOR,RG,1885,5,D,YP,KK,D
09:41:50,MYOR,RG,1890,1,D,XC,CP,D
09:41:30,MYOR,RG,1890,1,D,XC,CP,D
09:39:38,MYOR,RG,1890,1,D,XC,CP,D
09:39:23,MYOR,RG,1885,18,D,YP,NI,D
09:38:37,MYOR,RG,1890,14,D,YB,CP,D
09:38:26,MYOR,RG,1890,9,D,CS,CP,D
09:38:21,MYOR,RG,1885,2,D,KZ,KZ,F
09:38:21,MYOR,RG,1885,18,D,KZ,NI,D
09:38:21,MYOR,RG,1885,21,D,KZ,KZ,F
09:38:17,MYOR,RG,1885,57,F,AK,KZ,F
09:38:17,MYOR,RG,1885,13,F,AK,DX,D
09:38:17,MYOR,RG,1885,21,F,AK,KZ,F
09:38:17,MYOR,RG,1885,40,F,AK,BK,F
09:38:17,MYOR,RG,1885,131,F,AK,BK,F
09:38:17,MYOR,RG,1885,25,F,AK,BK,F
09:38:17,MYOR,RG,1885,6,F,AK,SQ,D
09:38:17,MYOR,RG,1885,100,F,AK,OD,D
09:38:16,MYOR,RG,1885,7,D,CS,SQ,D
09:38:16,MYOR,RG,1885,3,D,CS,DR,D
09:38:11,MYOR,RG,1885,37,F,AK,EP,D
09:38:11,MYOR,RG,1885,37,F,AK,DX,F
09:38:11,MYOR,RG,1885,38,F,AK,KZ,F
09:38:11,MYOR,RG,1885,16,F,AK,PD,D
09:38:11,MYOR,RG,1885,3,F,AK,XC,D
09:38:11,MYOR,RG,1885,2,D,CS,XC,D
09:38:11,MYOR,RG,1885,8,D,CS,YU,D
09:37:56,MYOR,RG,1885,2,F,AK,YU,D
09:37:56,MYOR,RG,1885,41,F,AK,KZ,F
09:37:56,MYOR,RG,1885,5,F,AK,YP,D
09:37:56,MYOR,RG,1885,20,F,AK,XC,D
09:37:56,MYOR,RG,1885,63,F,AK,PD,D
09:37:56,MYOR,RG,1885,2,D,NI,PD,D
09:37:35,MYOR,RG,1880,20,D,YP,AK,F
09:37:35,MYOR,RG,1880,19,D,YP,AK,F
09:37:35,MYOR,RG,1880,1,D,YP,XC,D
09:37:35,MYOR,RG,1880,13,D,YP,DX,D
09:37:35,MYOR,RG,1880,8,D,YP,KZ,F
09:37:35,MYOR,RG,1880,3,D,YP,DR,D
09:37:35,MYOR,RG,1880,4,D,YP,KZ,F
09:37:35,MYOR,RG,1880,5,D,YP,KZ,F
09:37:35,MYOR,RG,1880,2,D,YP,CC,D
09:37:35,MYOR,RG,1880,21,D,YP,AK,F
09:37:35,MYOR,RG,1880,5,D,YP,KZ,F
09:37:35,MYOR,RG,1880,79,D,YP,KZ,F
09:37:35,MYOR,RG,1880,10,D,YP,YU,D
09:37:35,MYOR,RG,1880,228,D,YP,OD,D
09:37:35,MYOR,RG,1880,24,D,YP,YU,D
09:37:35,MYOR,RG,1880,4,D,YP,KZ,F
09:37:35,MYOR,RG,1880,58,D,YP,KZ,F
09:37:35,MYOR,RG,1880,20,D,YP,AK,F
09:37:35,MYOR,RG,1880,45,D,YP,NI,D
09:37:35,MYOR,RG,1880,13,D,YP,KZ,F
09:37:35,MYOR,RG,1880,1,D,YP,KZ,F
09:37:35,MYOR,RG,1880,10,D,YP,KZ,F
09:37:35,MYOR,RG,1880,100,D,YP,DH,D
09:37:35,MYOR,RG,1880,5,D,YP,CC,D
09:37:35,MYOR,RG,1880,20,D,YP,AK,F
09:37:35,MYOR,RG,1880,31,D,YP,KZ,F
09:37:35,MYOR,RG,1880,23,D,YP,PD,D
09:37:29,MYOR,RG,1880,2,D,PD,PD,D
09:37:15,MYOR,RG,1880,1,D,XC,PD,D
09:35:54,MYOR,RG,1880,3,D,CS,PD,D
09:35:51,MYOR,RG,1875,18,D,CC,NI,D
09:34:56,MYOR,RG,1875,10,D,CC,DX,D
09:34:52,MYOR,RG,1880,3,D,CS,PD,D
09:34:47,MYOR,RG,1875,11,D,CC,AK,F
09:34:47,MYOR,RG,1880,1,D,XC,PD,D
09:34:37,MYOR,RG,1880,7,D,NI,PD,D
09:33:37,MYOR,RG,1880,8,D,CC,PD,D
09:33:29,MYOR,RG,1880,2,D,CS,PD,D
09:33:20,MYOR,RG,1875,11,D,CC,KK,D
09:32:18,MYOR,RG,1880,1,D,CS,PD,D
09:32:18,MYOR,RG,1880,1,D,CS,PD,D
09:32:17,MYOR,RG,1875,8,D,CC,DX,D
09:30:48,MYOR,RG,1880,2,D,AZ,PD,D
09:30:17,MYOR,RG,1880,3,D,CS,PD,D
09:30:15,MYOR,RG,1880,5,D,CD,PD,D
09:30:06,MYOR,RG,1875,1,D,CC,KZ,F
09:30:06,MYOR,RG,1875,5,D,CC,KZ,F
09:30:06,MYOR,RG,1875,1,D,CC,KZ,F
09:30:06,MYOR,RG,1875,2,D,CC,KZ,F
09:30:02,MYOR,RG,1880,15,D,XC,PD,D
09:29:57,MYOR,RG,1880,2,D,CS,PD,D
09:29:57,MYOR,RG,1880,1,D,CS,PD,D
09:29:56,MYOR,RG,1875,3,D,CC,DX,D
09:29:37,MYOR,RG,1880,4,D,CS,PD,D
09:29:33,MYOR,RG,1875,3,D,CC,YP,D
09:29:19,MYOR,RG,1875,10,D,CC,AK,F
09:29:11,MYOR,RG,1880,3,D,YP,PD,D
09:29:04,MYOR,RG,1880,4,D,CS,PD,D
09:28:56,MYOR,RG,1875,12,F,AK,KZ,F
09:28:56,MYOR,RG,1875,45,F,AK,NI,D
09:28:46,MYOR,RG,1875,3,F,AK,AT,D
09:28:46,MYOR,RG,1875,12,D,CC,AT,D
09:28:36,MYOR,RG,1880,3,D,CS,PD,D
09:28:24,MYOR,RG,1875,40,D,CC,LG,D
09:28:17,MYOR,RG,1880,3,D,CS,PD,D
09:27:56,MYOR,RG,1880,2,D,CS,PD,D
09:27:52,MYOR,RG,1875,4,D,CC,AK,F
09:27:52,MYOR,RG,1875,41,D,CC,AK,F
09:27:52,MYOR,RG,1875,2,D,CC,AK,F
09:26:46,MYOR,RG,1880,1,D,NI,PD,D
09:25:52,MYOR,RG,1880,1,D,XC,PD,D
09:24:43,MYOR,RG,1880,1,D,CS,PD,D
09:24:43,MYOR,RG,1880,4,D,CS,PD,D
09:24:25,MYOR,RG,1880,2,D,CS,XC,D
09:24:25,MYOR,RG,1880,1,D,CS,XC,D
09:23:50,MYOR,RG,1880,1,F,AK,XC,D
09:23:50,MYOR,RG,1880,1,D,CS,XC,D
09:23:50,MYOR,RG,1880,9,D,NI,XC,D
09:23:37,MYOR,RG,1880,3,D,HP,KZ,F
09:23:37,MYOR,RG,1880,2,D,HP,YU,D
09:23:26,MYOR,RG,1880,1,D,CC,YU,D
09:23:26,MYOR,RG,1880,1,D,CS,YU,D
09:23:26,MYOR,RG,1880,1,D,XL,YU,D
09:23:22,MYOR,RG,1880,5,D,CC,YU,D
09:23:19,MYOR,RG,1880,2,D,CS,KZ,F
09:23:08,MYOR,RG,1880,2,D,CS,KZ,F
09:23:07,MYOR,RG,1880,2,D,XC,KZ,F
09:23:03,MYOR,RG,1880,1,D,CS,YU,D
09:23:03,MYOR,RG,1880,2,D,CC,YU,D
09:22:59,MYOR,RG,1880,3,D,CS,YU,D
09:22:44,MYOR,RG,1880,1,D,CS,YU,D
09:22:44,MYOR,RG,1880,5,D,PD,YU,D
09:22:38,MYOR,RG,1880,2,D,CS,YU,D
09:22:28,MYOR,RG,1880,1,D,CS,YU,D
09:22:28,MYOR,RG,1880,1,D,CS,YU,D
09:22:19,MYOR,RG,1880,4,D,CS,YU,D
09:22:00,MYOR,RG,1880,5,D,CS,YU,D
09:21:36,MYOR,RG,1885,11,D,CS,PD,D
09:21:36,MYOR,RG,1885,3,D,CS,PD,D
09:21:36,MYOR,RG,1885,21,D,CS,PD,D
09:21:36,MYOR,RG,1880,15,D,CS,KZ,F
09:21:31,MYOR,RG,1880,2,D,CS,AK,F
09:21:31,MYOR,RG,1880,51,F,AK,AK,F
09:21:31,MYOR,RG,1880,20,F,AK,AK,F
09:21:31,MYOR,RG,1880,37,F,AK,DX,F
09:21:31,MYOR,RG,1880,92,F,AK,SQ,D
09:21:25,MYOR,RG,1880,8,F,AK,SQ,D
09:21:25,MYOR,RG,1880,6,F,AK,PD,D
09:21:25,MYOR,RG,1880,22,F,AK,YU,D
09:21:25,MYOR,RG,1880,20,F,AK,YU,D
09:21:25,MYOR,RG,1880,32,F,AK,KZ,F
09:21:25,MYOR,RG,1880,2,F,AK,YP,D
09:21:25,MYOR,RG,1880,1,F,AK,XC,D
09:21:25,MYOR,RG,1880,12,F,AK,XL,D
09:21:25,MYOR,RG,1880,20,F,AK,YU,D
09:21:25,MYOR,RG,1880,8,F,AK,KZ,F
09:21:25,MYOR,RG,1880,1,F,AK,YU,D
09:21:25,MYOR,RG,1880,25,F,AK,AK,F
09:21:25,MYOR,RG,1880,5,F,AK,YP,D
09:21:25,MYOR,RG,1880,24,F,AK,KZ,F
09:21:25,MYOR,RG,1880,14,F,AK,AT,D
09:21:25,MYOR,RG,1880,2,D,CS,AT,D
09:21:25,MYOR,RG,1880,8,D,CS,AT,D
09:20:48,MYOR,RG,1875,1,F,BK,PD,D
09:20:45,MYOR,RG,1875,2,D,CS,PD,D
09:20:35,MYOR,RG,1880,1,D,CS,AT,D
09:20:35,MYOR,RG,1875,9,F,BK,AK,F
09:20:35,MYOR,RG,1875,8,F,BK,AK,F
09:20:33,MYOR,RG,1875,1,D,CS,AK,F
09:20:27,MYOR,RG,1875,10,D,CS,AK,F
09:20:27,MYOR,RG,1875,1,D,CS,KZ,F
09:20:27,MYOR,RG,1875,1,D,CS,SQ,D
09:20:27,MYOR,RG,1875,16,D,CS,KZ,F
09:20:27,MYOR,RG,1875,77,F,AK,KZ,F
09:20:27,MYOR,RG,1875,3,F,AK,KZ,F
09:20:27,MYOR,RG,1875,4,F,AK,AK,F
09:20:27,MYOR,RG,1875,12,F,AK,AK,F
09:20:27,MYOR,RG,1875,45,F,AK,AK,F
09:20:27,MYOR,RG,1875,20,F,AK,AK,F
09:20:27,MYOR,RG,1875,18,F,AK,AK,F
09:20:27,MYOR,RG,1875,21,F,AK,BK,F
09:20:24,MYOR,RG,1875,200,F,AK,BK,F
09:20:24,MYOR,RG,1875,10,D,YP,BK,F
09:20:16,MYOR,RG,1875,1,D,PD,BK,F
09:19:39,MYOR,RG,1875,1,F,CC,AK,F
09:19:39,MYOR,RG,1875,4,F,CC,KZ,F
09:19:39,MYOR,RG,1875,2,F,CC,AK,F
09:19:39,MYOR,RG,1875,2,F,CC,AK,F
09:19:39,MYOR,RG,1875,18,F,CC,AK,F
09:19:29,MYOR,RG,1875,3,F,CC,KZ,F
09:19:29,MYOR,RG,1875,3,F,CC,CC,D
09:19:14,MYOR,RG,1875,13,F,AK,AK,F
09:19:14,MYOR,RG,1875,1,D,CS,AK,F
09:19:14,MYOR,RG,1880,4,D,CS,AT,D
09:19:14,MYOR,RG,1875,3,D,CS,AK,F
09:19:14,MYOR,RG,1875,1,D,CS,AK,F
09:19:14,MYOR,RG,1875,5,D,CS,KZ,F
09:19:14,MYOR,RG,1875,140,F,AK,KZ,F
09:19:14,MYOR,RG,1875,20,D,DX,KZ,F
09:19:14,MYOR,RG,1875,86,F,CC,KZ,F
09:19:12,MYOR,RG,1875,5,F,CC,KZ,F
09:19:10,MYOR,RG,1875,2,F,CC,KZ,F
09:19:10,MYOR,RG,1875,18,F,CC,YU,D
09:19:10,MYOR,RG,1875,2,D,CS,YU,D
09:18:00,MYOR,RG,1880,4,D,PD,AT,D
09:16:28,MYOR,RG,1875,1,D,CS,AK,F
09:16:27,MYOR,RG,1875,2,D,CS,KZ,F
09:16:27,MYOR,RG,1875,6,D,CS,AK,F
09:16:27,MYOR,RG,1875,1,D,NI,AK,F
09:16:27,MYOR,RG,1875,2,D,YP,KZ,F
09:16:25,MYOR,RG,1875,1,D,YP,KZ,F
09:16:25,MYOR,RG,1875,7,D,YP,CC,D
09:16:25,MYOR,RG,1875,1,D,YP,CC,D
09:16:25,MYOR,RG,1875,2,D,SQ,CC,D
09:16:06,MYOR,RG,1875,1,D,SQ,KZ,F
09:16:04,MYOR,RG,1875,5,D,SQ,AK,F
09:16:04,MYOR,RG,1880,1,D,XL,AT,D
09:13:34,MYOR,RG,1875,1,D,SQ,KZ,F
09:13:34,MYOR,RG,1875,1,D,SQ,PD,D
09:13:34,MYOR,RG,1875,2,D,XL,PD,D
09:12:22,MYOR,RG,1875,2,D,DR,KZ,F
09:12:22,MYOR,RG,1875,1,D,CS,KZ,F
09:12:20,MYOR,RG,1875,1,D,XC,LG,D
09:12:20,MYOR,RG,1875,5,D,YP,LG,D
09:12:20,MYOR,RG,1875,1,D,YP,KZ,F
09:12:20,MYOR,RG,1875,4,D,YP,YB,D
09:12:20,MYOR,RG,1875,2,D,XC,YB,D
09:12:20,MYOR,RG,1875,4,D,YP,YB,D
09:11:29,MYOR,RG,1875,6,D,YP,KZ,F
09:11:29,MYOR,RG,1875,4,D,DX,KZ,F
09:11:29,MYOR,RG,1875,2,D,IF,KZ,F
09:11:29,MYOR,RG,1875,40,D,IF,CC,D
09:11:04,MYOR,RG,1875,1,D,IF,SF,D
09:10:52,MYOR,RG,1875,4,D,IF,KZ,F
09:10:52,MYOR,RG,1875,1,D,IF,YU,D
09:10:35,MYOR,RG,1880,13,D,CS,AT,D
09:10:35,MYOR,RG,1875,6,D,IF,KZ,F
09:10:35,MYOR,RG,1875,20,D,IF,YU,D
09:10:16,MYOR,RG,1875,3,D,IF,KZ,F
09:10:11,MYOR,RG,1875,4,D,IF,KZ,F
09:10:11,MYOR,RG,1875,1,D,IF,KZ,F
09:10:10,MYOR,RG,1875,2,D,IF,KZ,F
09:10:10,MYOR,RG,1875,9,D,IF,AK,F
09:10:09,MYOR,RG,1875,2,D,IF,XC,D
09:09:10,MYOR,RG,1880,1,D,PD,AT,D
09:09:07,MYOR,RG,1875,1,D,IF,YU,D
09:08:42,MYOR,RG,1875,13,D,IF,KZ,F
09:08:42,MYOR,RG,1875,45,D,IF,PD,D
09:08:36,MYOR,RG,1875,2,D,IF,KZ,F
09:08:36,MYOR,RG,1875,1,D,IF,KZ,F
09:08:34,MYOR,RG,1875,1,D,IF,AK,F
09:08:34,MYOR,RG,1875,8,D,IF,AK,F
09:08:34,MYOR,RG,1880,7,D,CS,AT,D
09:08:34,MYOR,RG,1875,10,D,IF,KZ,F
09:08:34,MYOR,RG,1875,36,D,IF,SQ,D
09:08:04,MYOR,RG,1875,6,D,IF,KZ,F
09:08:04,MYOR,RG,1875,21,D,IF,AK,F
09:08:04,MYOR,RG,1875,5,D,IF,AK,F
09:07:50,MYOR,RG,1875,2,D,IF,XC,D
09:07:17,MYOR,RG,1880,4,D,CS,YB,D
09:07:06,MYOR,RG,1875,3,D,IF,AK,F
09:07:06,MYOR,RG,1875,1,D,IF,AK,F
09:07:06,MYOR,RG,1880,2,D,CS,YB,D
09:07:06,MYOR,RG,1875,14,F,CC,KZ,F
09:07:06,MYOR,RG,1875,2,F,CC,KZ,F
09:07:06,MYOR,RG,1875,1,F,CC,AK,F
09:07:06,MYOR,RG,1875,2,F,CC,AK,F
09:07:06,MYOR,RG,1875,1,F,CC,KZ,F
09:07:06,MYOR,RG,1875,1,F,CC,KZ,F
09:07:06,MYOR,RG,1875,1,F,CC,AK,F
09:07:06,MYOR,RG,1875,3,F,CC,AK,F
09:07:06,MYOR,RG,1875,1,F,CC,KZ,F
09:07:06,MYOR,RG,1875,12,F,CC,AK,F
09:07:06,MYOR,RG,1875,2,F,CC,KZ,F
09:07:06,MYOR,RG,1875,18,F,CC,DX,F
09:07:03,MYOR,RG,1875,2,D,PD,DX,F
09:06:50,MYOR,RG,1870,1,D,XC,XC,D
09:06:49,MYOR,RG,1875,1,D,CS,DX,F
09:06:49,MYOR,RG,1875,1,D,CS,DX,F
09:06:38,MYOR,RG,1875,5,D,XC,DX,F
09:06:03,MYOR,RG,1875,2,D,XC,DX,F
09:05:28,MYOR,RG,1875,6,D,PD,DX,F
09:04:39,MYOR,RG,1865,2,F,BK,XL,D
09:04:12,MYOR,RG,1875,1,D,CS,XL,D
09:04:12,MYOR,RG,1875,2,D,CS,PD,D
09:03:58,MYOR,RG,1875,5,D,XL,PD,D
09:03:57,MYOR,RG,1875,1,D,CS,PD,D
09:03:57,MYOR,RG,1870,2,D,CS,KZ,F
09:03:57,MYOR,RG,1870,2,D,CS,AK,F
09:03:57,MYOR,RG,1870,6,D,CS,AK,F
09:03:55,MYOR,RG,1870,5,D,CS,AK,F
09:03:55,MYOR,RG,1870,1,F,BK,AK,F
09:03:55,MYOR,RG,1870,35,F,BK,KZ,F
09:03:55,MYOR,RG,1870,25,F,BK,AK,F
09:03:55,MYOR,RG,1870,3,F,BK,KZ,F
09:03:55,MYOR,RG,1870,2,F,BK,XC,D
09:03:55,MYOR,RG,1870,3,F,BK,PD,D
09:03:55,MYOR,RG,1870,7,F,BK,AK,F
09:03:55,MYOR,RG,1870,13,F,BK,AK,F
09:03:55,MYOR,RG,1870,75,F,BK,CC,D
09:03:53,MYOR,RG,1870,1,D,XC,CC,D
09:03:41,MYOR,RG,1870,1,D,CS,CC,D
09:03:38,MYOR,RG,1865,8,F,BK,KZ,F
09:03:36,MYOR,RG,1870,4,D,CS,CC,D
09:03:36,MYOR,RG,1865,2,F,BK,AK,F
09:03:36,MYOR,RG,1870,19,F,CC,CC,D
09:03:36,MYOR,RG,1870,3,F,CC,YP,D
09:03:36,MYOR,RG,1870,15,F,CC,AK,F
09:03:36,MYOR,RG,1870,2,F,CC,KZ,F
09:03:30,MYOR,RG,1870,2,D,CS,KZ,F
09:03:20,MYOR,RG,1865,1,F,BK,AK,F
09:03:20,MYOR,RG,1870,2,D,CS,KZ,F
09:03:20,MYOR,RG,1870,6,F,BK,KZ,F
09:03:20,MYOR,RG,1870,23,F,BK,DX,F
09:03:18,MYOR,RG,1870,1,D,CS,DX,F
09:02:21,MYOR,RG,1870,5,D,YP,DX,F
09:01:52,MYOR,RG,1870,2,D,XC,DX,F
09:01:25,MYOR,RG,1870,1,D,CS,DX,F
09:01:25,MYOR,RG,1865,1,F,BK,KZ,F
09:01:25,MYOR,RG,1865,4,F,BK,AK,F
09:01:25,MYOR,RG,1865,3,F,BK,AK,F
09:00:52,MYOR,RG,1870,1,D,XL,DX,F
09:00:52,MYOR,RG,1870,1,D,XL,YP,D
09:00:48,MYOR,RG,1865,1,F,BK,KZ,F
09:00:48,MYOR,RG,1865,2,F,BK,XL,D
09:00:32,MYOR,RG,1870,1,D,CS,YP,D
09:00:32,MYOR,RG,1865,1,F,BK,XL,D
09:00:27,MYOR,RG,1865,1,F,BK,KZ,F
09:00:25,MYOR,RG,1865,3,F,BK,KZ,F
09:00:25,MYOR,RG,1870,1,D,CS,YP,D
09:00:25,MYOR,RG,1865,11,F,BK,XL,D
09:00:16,MYOR,RG,1865,4,F,BK,KZ,F
09:00:16,MYOR,RG,1865,1,F,BK,KZ,F
09:00:16,MYOR,RG,1870,1,D,CS,YP,D
09:00:16,MYOR,RG,1870,1,D,CS,YP,D
09:00:15,MYOR,RG,1865,2,F,BK,AK,F
09:00:15,MYOR,RG,1865,1,D,KK,AK,F
09:00:15,MYOR,RG,1865,1,D,XC,AK,F
09:00:14,MYOR,RG,1870,1,D,CS,XC,D
09:00:14,MYOR,RG,1865,1,D,XC,KZ,F
09:00:14,MYOR,RG,1865,2,D,XC,XL,D
09:00:14,MYOR,RG,1865,6,D,PD,XL,D
09:00:05,MYOR,RG,1865,4,D,PD,PD,D
09:00:05,MYOR,RG,1865,5,D,SQ,PD,D
09:00:05,MYOR,RG,1865,1,D,CC,PD,D
09:00:05,MYOR,RG,1865,3,D,KK,PD,D
09:00:05,MYOR,RG,1870,1,D,PD,PD,D
09:00:04,MYOR,RG,1870,1,D,PD,PD,D
09:00:04,MYOR,RG,1870,2,D,PD,XC,D
